Trd, 4318092.893, 108
Trd, 4318093.343, 91
Trd, 4318093.843, 121
Trd, 4318094.743, 98
Trd, 4318095.193, 86
Trd, 4318095.993, 97
Trd, 4318096.843, 78
Trd, 4318096.893, 82
Trd, 4318097.293, 126
Trd, 4318097.993, 113
Trd, 4318098.143, 111
Trd, 4318099.393, 67
Trd, 4318100.093, 68
Trd, 4318102.243, 71
Trd, 4318103.043, 101
Trd, 4318103.093, 89
Trd, 4318103.993, 76
Trd, 4318104.443, 77
Trd, 4318105.593, 99
Trd, 4318105.993, 99
Trd, 4318106.393, 100
Trd, 4318106.443, 96
Trd, 4318106.943, 90
Trd, 4318107.393, 103
Trd, 4318109.393, 92
Trd, 4318109.943, 95
Trd, 4318110.143, 91
Trd, 4318110.293, 89
Trd, 4318111.393, 111
Trd, 4318112.193, 101
Trd, 4318113.193, 95
Trd, 4318114.343, 108
Trd, 4318114.593, 107
Trd, 4318114.893, 111
Trd, 4318116.793, 86
Trd, 4318117.093, 97
Trd, 4318117.593, 66
Trd, 4318118.343, 123
Trd, 4318119.193, 108
Trd, 4318119.693, 107
Trd, 4318119.993, 121
Trd, 4318120.793, 127
Trd, 4318121.593, 126
Trd, 4318122.393, 119
Trd, 4318124.593, 129
Trd, 4318125.593, 109
Trd, 4318126.243, 106
Trd, 4318126.993, 119
Trd, 4318127.093, 98
Trd, 4318127.243, 74
Trd, 4318128.493, 75
Trd, 4318129.343, 104
Trd, 4318130.543, 65
Trd, 4318130.993, 111
Trd, 4318131.793, 110
Trd, 4318134.043, 115
Trd, 4318134.643, 107
Trd, 4318135.643, 111
Trd, 4318135.743, 110
Trd, 4318136.093, 67
Trd, 4318137.043, 73
Trd, 4318137.393, 63
Trd, 4318138.143, 60
Trd, 4318138.943, 102
Trd, 4318142.143, 126
Trd, 4318142.393, 124
Trd, 4318142.693, 119
Trd, 4318144.293, 120
Trd, 4318144.593, 119
Trd, 4318144.993, 119
Trd, 4318145.343, 113
Trd, 4318146.843, 134
Trd, 4318147.193, 123
Trd, 4318147.843, 99
Trd, 4318149.693, 113
Trd, 4318150.443, 104
Trd, 4318151.643, 106
Trd, 4318152.443, 111
Trd, 4318152.493, 66
Trd, 4318153.243, 103
Trd, 4318154.493, 104
Trd, 4318156.293, 119
Trd, 4318156.993, 104
Trd, 4318157.143, 98
Trd, 4318157.843, 91
Trd, 4318157.993, 67
Trd, 4318159.193, 63
Trd, 4318159.693, 115
Trd, 4318160.743, 63
Trd, 4318161.293, 133
Trd, 4318162.493, 102
Trd, 4318163.143, 115
Trd, 4318164.693, 111
Trd, 4318165.393, 114
Trd, 4318165.893, 113
Trd, 4318165.993, 106
Trd, 4318166.193, 92
Trd, 4318168.793, 124
Trd, 4318169.093, 123
Trd, 4318170.193, 111
Trd, 4318170.643, 106
Trd, 4318170.843, 105
Trd, 4318172.043, 116
Trd, 4318173.493, 131
Trd, 4318174.043, 132
Trd, 4318174.543, 108
Trd, 4318175.493, 69
Trd, 4318175.843, 67
Trd, 4318177.293, 94
Trd, 4318177.593, 92
Trd, 4318177.643, 89
Trd, 4318178.493, 116
Trd, 4318179.343, 97
Trd, 4318179.793, 133
Trd, 4318181.343, 128
Trd, 4318181.543, 122
Trd, 4318181.793, 115
Trd, 4318182.143, 133
Trd, 4318182.593, 98
Trd, 4318183.293, 93
Trd, 4318183.893, 120
Trd, 4318185.143, 61
Trd, 4318186.993, 71
Trd, 4318187.643, 62
Trd, 4318188.493, 73
Trd, 4318188.793, 70
Trd, 4318188.893, 88
Trd, 4318190.293, 69
Trd, 4318190.993, 75
Trd, 4318191.993, 105
Trd, 4318192.393, 69
Trd, 4318194.543, 68
Trd, 4318194.843, 86
Trd, 4318195.343, 101
Trd, 4318196.393, 89
Trd, 4318196.743, 66
Trd, 4318198.343, 100
Trd, 4318199.443, 131
Trd, 4318199.643, 130
Trd, 4318200.093, 122
Trd, 4318200.693, 133
Trd, 4318201.143, 119
Trd, 4318201.343, 117
Trd, 4318201.943, 115
Trd, 4318202.193, 113
Trd, 4318202.943, 105
Trd, 4318203.043, 103
Trd, 4318204.593, 77
Trd, 4318204.693, 105
Trd, 4318206.743, 125
Trd, 4318207.293, 102
Trd, 4318208.843, 76
Trd, 4318208.993, 74
Trd, 4318210.143, 87
Trd, 4318210.343, 81
Trd, 4318212.693, 76
Trd, 4318212.843, 95
Trd, 4318213.243, 85
Trd, 4318214.343, 76
Trd, 4318215.093, 69
Trd, 4318215.543, 107
Trd, 4318216.593, 88
Trd, 4318216.993, 126
Trd, 4318217.243, 123
Trd, 4318217.593, 113
Trd, 4318221.393, 127
Trd, 4318221.793, 123
Trd, 4318223.243, 115
Trd, 4318223.393, 114
Trd, 4318224.243, 98
Trd, 4318225.943, 122
Trd, 4318226.243, 135
Trd, 4318227.343, 122
Trd, 4318227.693, 122
Trd, 4318229.143, 121
Trd, 4318230.193, 114
Trd, 4318230.693, 113
Trd, 4318231.893, 127
Trd, 4318232.293, 135
Trd, 4318233.043, 121
Trd, 4318233.143, 95
Trd, 4318233.443, 74
Trd, 4318234.893, 62
Trd, 4318235.843, 68
Trd, 4318236.443, 70
Trd, 4318236.993, 81
Trd, 4318237.143, 63
Trd, 4318237.893, 66
Trd, 4318238.493, 107
Trd, 4318238.793, 81
Trd, 4318240.893, 77
Trd, 4318241.143, 99
Trd, 4318241.793, 88
Trd, 4318241.943, 81
Trd, 4318242.393, 103
Trd, 4318242.993, 85
Trd, 4318244.443, 82
Trd, 4318244.643, 78
Trd, 4318245.143, 133
Trd, 4318247.343, 133
Trd, 4318248.143, 126
Trd, 4318248.243, 125
Trd, 4318250.293, 89
Trd, 4318251.243, 87
Trd, 4318251.743, 86
Trd, 4318252.743, 69
Trd, 4318253.243, 98
Trd, 4318253.393, 108
Trd, 4318255.243, 129
Trd, 4318255.393, 127
Trd, 4318256.293, 64
Trd, 4318256.543, 69
Trd, 4318256.843, 62
Trd, 4318256.993, 103
Trd, 4318258.593, 87
Trd, 4318259.693, 100
Trd, 4318260.143, 110
Trd, 4318260.593, 109
Trd, 4318261.643, 110
Trd, 4318261.993, 104
Trd, 4318263.793, 130
Trd, 4318264.093, 127
Trd, 4318265.043, 101
Trd, 4318266.243, 88
Trd, 4318266.443, 90
Trd, 4318266.593, 87
Trd, 4318267.943, 86
Trd, 4318267.993, 68
Trd, 4318268.643, 103
Trd, 4318271.043, 121
Trd, 4318271.243, 120
Trd, 4318272.143, 131
Trd, 4318272.343, 104
Trd, 4318273.143, 88
Trd, 4318273.493, 91
Trd, 4318274.593, 99
Trd, 4318275.243, 98
Trd, 4318276.543, 97
Trd, 4318276.893, 92
Trd, 4318277.443, 105
Trd, 4318277.943, 84
Trd, 4318279.743, 121
Trd, 4318280.093, 114
Trd, 4318280.843, 107
Trd, 4318281.243, 89
Trd, 4318281.443, 82
Trd, 4318281.993, 66
Trd, 4318282.343, 72
Trd, 4318282.393, 96
Trd, 4318283.043, 74
Trd, 4318283.993, 91
Trd, 4318284.193, 89
Trd, 4318284.643, 91
Trd, 4318285.893, 140
Trd, 4318286.343, 87
Trd, 4318286.743, 76
Trd, 4318288.243, 92
Trd, 4318288.893, 113
Trd, 4318288.993, 85
Trd, 4318290.393, 87
Trd, 4318290.443, 81
Trd, 4318292.143, 84
Trd, 4318292.393, 110
Trd, 4318294.093, 127
Trd, 4318294.243, 101
Trd, 4318295.293, 85
Trd, 4318295.343, 85
Trd, 4318296.643, 75
Trd, 4318297.993, 75
Trd, 4318298.893, 114
Trd, 4318299.293, 107
Trd, 4318299.393, 97
Trd, 4318300.243, 78
Trd, 4318301.543, 138
Trd, 4318301.943, 121
Trd, 4318302.443, 105
Trd, 4318302.793, 104
Trd, 4318303.893, 116
Trd, 4318304.843, 110
Trd, 4318306.143, 106
Trd, 4318306.343, 102
Trd, 4318309.243, 125
Trd, 4318309.743, 106
Trd, 4318310.093, 106
Trd, 4318312.243, 112
Trd, 4318312.343, 102
Trd, 4318312.393, 87
Trd, 4318312.893, 101
Trd, 4318314.293, 140
Trd, 4318314.593, 139
Trd, 4318315.043, 98
Trd, 4318316.643, 98
Trd, 4318316.843, 83
Trd, 4318317.243, 77
Trd, 4318317.493, 86
Trd, 4318317.943, 90
Trd, 4318319.093, 89
Trd, 4318321.343, 84
Trd, 4318321.493, 83
Trd, 4318321.643, 74
Trd, 4318321.693, 76
Trd, 4318322.743, 63
Trd, 4318322.793, 67
Trd, 4318323.343, 79
Trd, 4318324.443, 90
Trd, 4318324.493, 107
Trd, 4318326.293, 96
Trd, 4318326.493, 95
Trd, 4318326.593, 104
Trd, 4318328.793, 90
Trd, 4318330.043, 61
Trd, 4318330.243, 62
Trd, 4318330.543, 79
Trd, 4318330.993, 131
Trd, 4318332.093, 79
Trd, 4318334.593, 105
Trd, 4318335.843, 104
Trd, 4318337.443, 96
Trd, 4318337.593, 110
Trd, 4318337.993, 114
Trd, 4318338.243, 101
Trd, 4318338.593, 117
Trd, 4318340.093, 125
Trd, 4318341.143, 125
Trd, 4318341.293, 116
Trd, 4318341.643, 116
Trd, 4318342.193, 104
Trd, 4318342.343, 75
Trd, 4318342.993, 92
Trd, 4318344.343, 94
Trd, 4318344.443, 82
Trd, 4318344.643, 103
Trd, 4318344.793, 91
Trd, 4318346.193, 63
Trd, 4318346.743, 60
Trd, 4318348.743, 92
Trd, 4318351.343, 118
Trd, 4318351.793, 123
Trd, 4318352.243, 111
Trd, 4318353.843, 121
Trd, 4318354.393, 110
Trd, 4318354.793, 81
Trd, 4318355.643, 103
Trd, 4318355.843, 70
Trd, 4318357.843, 98
Trd, 4318358.043, 97
Trd, 4318358.093, 96
Trd, 4318358.993, 104
Trd, 4318359.193, 84
Trd, 4318360.443, 102
Trd, 4318361.893, 138
Trd, 4318362.043, 137
Trd, 4318363.293, 121
Trd, 4318363.343, 105
Trd, 4318363.743, 111
Trd, 4318364.443, 102
Trd, 4318364.943, 129
Trd, 4318366.943, 91
Trd, 4318367.093, 88
Trd, 4318367.543, 127
Trd, 4318367.643, 126
Trd, 4318367.943, 83
Trd, 4318369.043, 72
Trd, 4318369.293, 93
Trd, 4318370.043, 121
Trd, 4318370.093, 99
Trd, 4318372.593, 91
Trd, 4318372.793, 110
Trd, 4318373.293, 128
Trd, 4318374.593, 125
Trd, 4318375.243, 124
Trd, 4318375.843, 129
Trd, 4318376.943, 128
Trd, 4318377.043, 122
Trd, 4318377.343, 97
Trd, 4318378.093, 127
Trd, 4318378.593, 91
Trd, 4318380.443, 94
Trd, 4318381.193, 87
Trd, 4318381.293, 90
Trd, 4318381.543, 82
Trd, 4318381.593, 81
Trd, 4318383.343, 110
Trd, 4318384.243, 101
Trd, 4318384.343, 108
Trd, 4318385.743, 84
Trd, 4318385.793, 83
Trd, 4318386.243, 132
Trd, 4318386.793, 124
Trd, 4318388.593, 106
Trd, 4318389.693, 111
Trd, 4318390.893, 74
Trd, 4318392.593, 89
Trd, 4318392.993, 93
Trd, 4318393.193, 74
Trd, 4318394.243, 70
Trd, 4318395.793, 65
Trd, 4318395.993, 73
Trd, 4318396.543, 75
Trd, 4318397.343, 75
Trd, 4318397.393, 76
Trd, 4318397.543, 85
Trd, 4318398.793, 67
Trd, 4318399.493, 98
Trd, 4318399.643, 86
Trd, 4318399.993, 73
Trd, 4318402.893, 84
Trd, 4318403.243, 76
Trd, 4318404.093, 123
Trd, 4318404.793, 92
Trd, 4318406.343, 92
Trd, 4318406.443, 91
Trd, 4318406.593, 88
Trd, 4318406.993, 102
Trd, 4318408.343, 61
Trd, 4318408.943, 133
Trd, 4318409.943, 125
Trd, 4318410.193, 115
Trd, 4318411.143, 124
Trd, 4318411.743, 120
Trd, 4318411.893, 117
Trd, 4318412.593, 81
Trd, 4318413.043, 83
Trd, 4318414.693, 97
Trd, 4318415.143, 83
Trd, 4318415.393, 116
Trd, 4318416.793, 67
Trd, 4318416.993, 71
Trd, 4318417.443, 83
Trd, 4318419.443, 126
Trd, 4318419.593, 121
Trd, 4318420.143, 111
Trd, 4318420.343, 62
Trd, 4318422.193, 118
Trd, 4318423.143, 98
Trd, 4318423.343, 115
Trd, 4318423.543, 88
Trd, 4318423.793, 79
Trd, 4318425.043, 83
Trd, 4318425.093, 82
Trd, 4318427.443, 117
Trd, 4318427.543, 90
Trd, 4318428.293, 132
Trd, 4318428.443, 138
Trd, 4318430.043, 125
Trd, 4318430.243, 118
Trd, 4318431.293, 85
Trd, 4318433.293, 88
Trd, 4318433.543, 110
Trd, 4318434.293, 88
Trd, 4318434.493, 86
Trd, 4318436.093, 101
Trd, 4318437.693, 114
Trd, 4318437.993, 107
Trd, 4318438.943, 116
Trd, 4318439.643, 102
Trd, 4318439.943, 105
Trd, 4318440.593, 109
Trd, 4318441.443, 127
Trd, 4318442.193, 102
Trd, 4318444.093, 108
Trd, 4318444.643, 120
Trd, 4318445.443, 104
Trd, 4318445.593, 92
Trd, 4318445.893, 92
Trd, 4318446.043, 105
Trd, 4318446.743, 92
Trd, 4318446.943, 77
Trd, 4318449.243, 64
Trd, 4318449.693, 77
Trd, 4318450.293, 76
Trd, 4318451.143, 100
Trd, 4318452.593, 92
Trd, 4318452.843, 91
Trd, 4318453.193, 92
Trd, 4318454.043, 105
Trd, 4318454.243, 85
Trd, 4318454.693, 76
Trd, 4318455.093, 79
Trd, 4318455.843, 76
Trd, 4318456.393, 78
Trd, 4318457.393, 76
Trd, 4318459.243, 93
Trd, 4318460.043, 84
Trd, 4318460.643, 63
Trd, 4318461.443, 60
Trd, 4318461.893, 64
Trd, 4318463.093, 80
Trd, 4318463.293, 74
Trd, 4318464.843, 63
Trd, 4318465.043, 61
Trd, 4318465.093, 108
Trd, 4318466.493, 66
Trd, 4318468.543, 74
Trd, 4318469.843, 88
Trd, 4318469.993, 77
Trd, 4318470.093, 73
Trd, 4318470.493, 72
Trd, 4318471.193, 91
Trd, 4318471.493, 132
Trd, 4318473.043, 114
Trd, 4318473.293, 95
Trd, 4318475.143, 91
Trd, 4318477.243, 118
Trd, 4318477.543, 115
Trd, 4318477.943, 97
Trd, 4318478.243, 96
Trd, 4318478.643, 96
Trd, 4318479.793, 111
Trd, 4318480.493, 110
Trd, 4318480.643, 109
Trd, 4318481.543, 79
Trd, 4318483.843, 92
Trd, 4318484.743, 91
Trd, 4318484.993, 90
Trd, 4318485.293, 101
Trd, 4318485.443, 124
Trd, 4318486.543, 65
Trd, 4318488.143, 93
Trd, 4318489.043, 134
Trd, 4318491.043, 102
Trd, 4318491.893, 104
Trd, 4318492.793, 120
Trd, 4318493.793, 126
Trd, 4318494.393, 123
Trd, 4318494.943, 121
Trd, 4318495.243, 108
Trd, 4318495.293, 108
Trd, 4318495.993, 108
Trd, 4318496.493, 105
Trd, 4318496.793, 106
Trd, 4318499.293, 95
Trd, 4318499.793, 81
Trd, 4318499.943, 97
Trd, 4318502.293, 91
Trd, 4318502.643, 86
Trd, 4318503.193, 82
Trd, 4318503.293, 124
Trd, 4318504.943, 80
Trd, 4318505.843, 108
Trd, 4318506.143, 84
Trd, 4318506.793, 104
Trd, 4318507.143, 85
Trd, 4318507.493, 85
Trd, 4318507.743, 83
Trd, 4318510.843, 88
Trd, 4318510.943, 85
Trd, 4318511.393, 77
Trd, 4318511.643, 102
Trd, 4318512.343, 100
Trd, 4318512.943, 108
Trd, 4318514.393, 125
Trd, 4318514.443, 112
Trd, 4318515.243, 84
Trd, 4318516.843, 83
Trd, 4318518.743, 97
Trd, 4318519.443, 90
Trd, 4318522.043, 106
Trd, 4318522.093, 105
Trd, 4318522.693, 105
Trd, 4318523.043, 103
Trd, 4318523.243, 95
Trd, 4318523.493, 72
Trd, 4318523.593, 65
Trd, 4318524.043, 67
Trd, 4318526.443, 127
Trd, 4318527.143, 135
Trd, 4318527.593, 117
Trd, 4318527.893, 115
Trd, 4318530.493, 126
Trd, 4318530.593, 124
Trd, 4318530.843, 108
Trd, 4318531.193, 110
Trd, 4318532.543, 110
Trd, 4318533.393, 107
Trd, 4318534.293, 106
Trd, 4318535.393, 121
Trd, 4318536.393, 113
Trd, 4318536.493, 116
Trd, 4318538.093, 115
Trd, 4318538.243, 106
Trd, 4318539.143, 110
Trd, 4318539.293, 83
Trd, 4318540.243, 80
Trd, 4318541.743, 91
Trd, 4318541.943, 111
Trd, 4318542.743, 91
Trd, 4318543.893, 85
Trd, 4318544.093, 83
Trd, 4318545.093, 110
Trd, 4318545.493, 124
Trd, 4318546.093, 119
Trd, 4318546.643, 97
Trd, 4318547.093, 110
Trd, 4318548.543, 126
Trd, 4318548.843, 125
Trd, 4318548.993, 113
Trd, 4318549.893, 95
Trd, 4318550.743, 93
Trd, 4318553.293, 90
Trd, 4318553.343, 89
Trd, 4318553.393, 87
Trd, 4318553.543, 80
Trd, 4318553.843, 73
Trd, 4318556.143, 63
Trd, 4318557.243, 124
Trd, 4318557.843, 118
Trd, 4318557.993, 117
Trd, 4318558.093, 111
Trd, 4318560.393, 113
Trd, 4318560.893, 94
Trd, 4318560.993, 93
Trd, 4318561.443, 61
Trd, 4318562.693, 101
Trd, 4318563.193, 102
Trd, 4318563.393, 128
Trd, 4318564.493, 132
Trd, 4318564.693, 97
Trd, 4318565.393, 96
Trd, 4318567.143, 100
Trd, 4318567.493, 102
Trd, 4318567.693, 100
Trd, 4318567.793, 107
Trd, 4318569.243, 124
Trd, 4318569.443, 118
Trd, 4318570.043, 113
Trd, 4318571.493, 102
Trd, 4318571.743, 96
Trd, 4318572.193, 98
Trd, 4318574.343, 124
Trd, 4318574.693, 123
Trd, 4318575.143, 122
Trd, 4318576.393, 123
Trd, 4318576.793, 119
Trd, 4318577.393, 118
Trd, 4318578.143, 116
Trd, 4318578.393, 102
Trd, 4318580.243, 105
Trd, 4318580.543, 101
Trd, 4318581.593, 126
Trd, 4318581.993, 118
Trd, 4318582.193, 93
Trd, 4318582.743, 105
Trd, 4318584.443, 105
Trd, 4318584.543, 88
Trd, 4318586.643, 90
Trd, 4318586.943, 103
Trd, 4318587.793, 133
Trd, 4318588.043, 93
Trd, 4318588.643, 81
Trd, 4318589.043, 117
Trd, 4318589.743, 129
Trd, 4318590.593, 126
Trd, 4318591.093, 124
Trd, 4318591.643, 123
Trd, 4318591.993, 118
Trd, 4318594.443, 135
Trd, 4318595.443, 110
Trd, 4318597.043, 113
Trd, 4318597.643, 115
Trd, 4318597.693, 112
Trd, 4318598.893, 109
Trd, 4318600.643, 80
Trd, 4318600.743, 75
Trd, 4318600.793, 67
Trd, 4318601.193, 70
Trd, 4318601.893, 66
Trd, 4318603.693, 104
Trd, 4318604.843, 77
Trd, 4318604.943, 76
Trd, 4318605.143, 75
Trd, 4318605.293, 68
Trd, 4318606.743, 92
Trd, 4318608.593, 92
Trd, 4318608.993, 89
Trd, 4318609.543, 98
Trd, 4318610.893, 80
Trd, 4318611.743, 63
Trd, 4318612.543, 72
Trd, 4318612.993, 109
Trd, 4318614.443, 83
Trd, 4318614.893, 102
Trd, 4318615.343, 102
Trd, 4318615.893, 122
Trd, 4318616.693, 117
Trd, 4318617.443, 122
Trd, 4318617.643, 116
Trd, 4318617.743, 101
Trd, 4318619.643, 80
Trd, 4318620.743, 118
Trd, 4318621.043, 98
Trd, 4318621.243, 95
Trd, 4318621.443, 84
Trd, 4318622.943, 94
Trd, 4318624.043, 114
Trd, 4318624.143, 117
Trd, 4318624.343, 83
Trd, 4318628.143, 104
Trd, 4318628.393, 132
Trd, 4318628.593, 131
Trd, 4318628.643, 123
Trd, 4318628.943, 124
Trd, 4318630.343, 102
Trd, 4318630.593, 101
Trd, 4318631.293, 97
Trd, 4318631.793, 89
Trd, 4318632.143, 103
Trd, 4318632.643, 77
Trd, 4318633.293, 81
Trd, 4318635.993, 75
Trd, 4318636.143, 78
Trd, 4318638.393, 108
Trd, 4318638.793, 89
Trd, 4318639.743, 112
Trd, 4318640.293, 136
Trd, 4318640.993, 127
Trd, 4318641.593, 100
Trd, 4318642.793, 123
Trd, 4318643.393, 106
Trd, 4318644.093, 121
Trd, 4318644.293, 120
Trd, 4318644.343, 85
Trd, 4318646.393, 138
Trd, 4318648.393, 94
Trd, 4318648.643, 67
Trd, 4318648.893, 84
Trd, 4318649.293, 67
Trd, 4318649.593, 76
Trd, 4318651.093, 108
Trd, 4318651.443, 91
Trd, 4318652.393, 86
Trd, 4318653.493, 131
Trd, 4318655.143, 65
Trd, 4318655.693, 115
Trd, 4318656.793, 90
Trd, 4318657.493, 71
Trd, 4318658.793, 98
Trd, 4318659.143, 77
Trd, 4318660.443, 85
Trd, 4318661.693, 110
Trd, 4318662.793, 125
Trd, 4318662.843, 117
Trd, 4318663.493, 106
Trd, 4318663.593, 113
Trd, 4318664.593, 105
Trd, 4318664.743, 93
Trd, 4318665.743, 118
Trd, 4318666.093, 117
Trd, 4318666.643, 121
Trd, 4318667.743, 94
Trd, 4318667.843, 76
Trd, 4318667.893, 74
Trd, 4318670.643, 104
Trd, 4318671.143, 95
Trd, 4318672.793, 102
Trd, 4318673.643, 100
Trd, 4318673.993, 115
Trd, 4318674.293, 75
Trd, 4318675.143, 99
Trd, 4318675.493, 65
Trd, 4318676.643, 72
Trd, 4318677.793, 86
Trd, 4318679.343, 64
Trd, 4318679.993, 79
Trd, 4318680.643, 97
Trd, 4318681.543, 87
Trd, 4318682.043, 98
Trd, 4318682.293, 92
Trd, 4318683.593, 89
Trd, 4318685.893, 96
Trd, 4318686.693, 89
Trd, 4318686.743, 88
Trd, 4318687.093, 93
Trd, 4318688.043, 102
Trd, 4318688.593, 99
Trd, 4318688.693, 99
Trd, 4318689.243, 92
Trd, 4318690.543, 103
Trd, 4318691.043, 99
Trd, 4318691.093, 98
Trd, 4318692.693, 131
Trd, 4318694.043, 135
Trd, 4318694.593, 106
Trd, 4318695.043, 98
Trd, 4318696.243, 80
Trd, 4318696.493, 77
Trd, 4318697.043, 94
Trd, 4318697.443, 109
Trd, 4318698.943, 102
Trd, 4318699.043, 86
Trd, 4318699.543, 124
Trd, 4318700.293, 131
Trd, 4318701.393, 102
Trd, 4318702.343, 101
Trd, 4318702.793, 79
Trd, 4318703.143, 73
Trd, 4318704.993, 103
Trd, 4318705.043, 93
Trd, 4318705.293, 122
Trd, 4318705.393, 79
Trd, 4318705.593, 81
Trd, 4318707.793, 114
Trd, 4318707.843, 76
Trd, 4318708.493, 83
Trd, 4318710.443, 128
Trd, 4318710.743, 111
Trd, 4318712.293, 140
Trd, 4318712.343, 139
Trd, 4318712.843, 108
Trd, 4318712.993, 127
Trd, 4318713.993, 104
Trd, 4318714.543, 102
Trd, 4318715.593, 99
Trd, 4318716.393, 81
Trd, 4318718.393, 113
Trd, 4318718.493, 111
Trd, 4318719.193, 93
Trd, 4318719.693, 112
Trd, 4318720.193, 122
Trd, 4318720.693, 68
Trd, 4318721.193, 69
Trd, 4318722.143, 111
Trd, 4318723.443, 61
Trd, 4318725.293, 61
Trd, 4318725.693, 106
Trd, 4318726.343, 76
Trd, 4318727.043, 66
Trd, 4318728.393, 88
Trd, 4318728.643, 91
Trd, 4318729.193, 96
Trd, 4318730.293, 114
Trd, 4318730.743, 115
Trd, 4318730.843, 113
Trd, 4318732.143, 111
Trd, 4318733.743, 85
Trd, 4318734.193, 82
Trd, 4318734.243, 80
Trd, 4318734.493, 101
Trd, 4318734.793, 73
Trd, 4318737.293, 116
Trd, 4318737.643, 85
Trd, 4318738.193, 88
Trd, 4318739.293, 77
Trd, 4318739.893, 72
Trd, 4318739.943, 68
Trd, 4318740.943, 124
Trd, 4318741.993, 110
Trd, 4318742.643, 103
Trd, 4318743.893, 106
Trd, 4318744.693, 90
Trd, 4318746.293, 98
Trd, 4318746.993, 126
Trd, 4318747.193, 86
Trd, 4318747.243, 70
Trd, 4318748.143, 94
Trd, 4318748.243, 82
Trd, 4318748.793, 89
Trd, 4318749.243, 85
Trd, 4318750.093, 72
Trd, 4318750.793, 97
Trd, 4318750.943, 95
Trd, 4318754.043, 89
Trd, 4318754.943, 64
Trd, 4318756.343, 70
Trd, 4318757.293, 86
Trd, 4318757.893, 85
Trd, 4318759.443, 90
Trd, 4318759.793, 96
Trd, 4318761.293, 96
Trd, 4318761.343, 87
Trd, 4318761.793, 80
Trd, 4318762.143, 86
Trd, 4318762.243, 107
Trd, 4318764.293, 120
Trd, 4318764.743, 119
Trd, 4318765.343, 108
Trd, 4318765.893, 82
Trd, 4318766.493, 105
Trd, 4318767.343, 91
Trd, 4318767.543, 108
Trd, 4318768.843, 132
Trd, 4318769.043, 122
Trd, 4318769.793, 107
Trd, 4318771.193, 98
Trd, 4318771.743, 96
Trd, 4318771.793, 84
Trd, 4318772.043, 82
Trd, 4318772.343, 89
Trd, 4318773.493, 77
Trd, 4318773.793, 77
Trd, 4318774.193, 75
Trd, 4318774.743, 100
Trd, 4318775.143, 71
Trd, 4318775.693, 103
Trd, 4318775.893, 63
Trd, 4318777.093, 103
Trd, 4318778.043, 97
Trd, 4318778.943, 130
Trd, 4318779.493, 84
Trd, 4318779.843, 83
Trd, 4318780.093, 90
Trd, 4318781.993, 61
Trd, 4318782.593, 63
Trd, 4318784.543, 62
Trd, 4318785.693, 89
Trd, 4318785.793, 87
Trd, 4318786.793, 92
Trd, 4318787.593, 115
Trd, 4318787.693, 92
Trd, 4318788.943, 98
Trd, 4318789.393, 98
Trd, 4318790.393, 101
Trd, 4318790.643, 107
Trd, 4318790.843, 79
Trd, 4318791.993, 123
Trd, 4318792.693, 78
Trd, 4318792.793, 75
Trd, 4318793.293, 93
Trd, 4318793.693, 116
Trd, 4318794.043, 109
Trd, 4318796.393, 64
Trd, 4318796.443, 70
Trd, 4318799.243, 115
Trd, 4318799.943, 123
Trd, 4318800.293, 136
Trd, 4318800.643, 119
Trd, 4318802.043, 113
Trd, 4318802.243, 83
Trd, 4318803.193, 90
Trd, 4318803.693, 126
Trd, 4318804.193, 110
Trd, 4318806.643, 105
Trd, 4318807.243, 103
Trd, 4318807.443, 95
Trd, 4318807.593, 89
Trd, 4318808.843, 102
Trd, 4318809.043, 100
Trd, 4318810.493, 73
Trd, 4318811.443, 129
Trd, 4318812.393, 93
Trd, 4318813.043, 65
Trd, 4318813.393, 71
Trd, 4318814.043, 71
Trd, 4318814.243, 106
Trd, 4318814.943, 67
Trd, 4318815.793, 129
Trd, 4318816.543, 61
Trd, 4318816.643, 62
Trd, 4318819.093, 67
Trd, 4318820.143, 89
Trd, 4318820.693, 127
Trd, 4318821.593, 114
Trd, 4318822.393, 111
Trd, 4318823.193, 108
Trd, 4318823.393, 96
Trd, 4318823.643, 90
Trd, 4318823.793, 89
Trd, 4318824.943, 114
Trd, 4318825.593, 95
Trd, 4318826.593, 86
Trd, 4318827.043, 104
Trd, 4318827.993, 78
Trd, 4318831.093, 113
Trd, 4318831.993, 113
Trd, 4318832.293, 107
Trd, 4318832.743, 86
Trd, 4318832.943, 84
Trd, 4318833.343, 112
Trd, 4318833.693, 66
Trd, 4318835.793, 105
Trd, 4318836.743, 102
Trd, 4318837.043, 100
Trd, 4318837.943, 125
Trd, 4318838.043, 91
Trd, 4318838.343, 84
Trd, 4318839.543, 89
Trd, 4318840.843, 113
Trd, 4318841.143, 100
Trd, 4318841.243, 96
Trd, 4318842.643, 111
Trd, 4318842.743, 87
Trd, 4318845.443, 115
Trd, 4318845.643, 104
Trd, 4318846.243, 130
Trd, 4318846.543, 80
Trd, 4318846.793, 87
Trd, 4318847.343, 108
Trd, 4318849.593, 84
Trd, 4318850.393, 115
Trd, 4318850.543, 114
Trd, 4318850.693, 110
Trd, 4318852.143, 93
Trd, 4318853.793, 101
Trd, 4318854.143, 86
Trd, 4318854.693, 82
Trd, 4318855.743, 116
Trd, 4318855.793, 95
Trd, 4318857.143, 102
Trd, 4318857.293, 87
Trd, 4318857.493, 73
Trd, 4318858.443, 71
Trd, 4318860.543, 60
Trd, 4318861.593, 89
Trd, 4318862.343, 119
Trd, 4318862.443, 85
Trd, 4318862.743, 77
Trd, 4318863.143, 76
Trd, 4318863.493, 67
Trd, 4318864.193, 89
Trd, 4318865.493, 84
Trd, 4318866.093, 110
Trd, 4318866.793, 66
Trd, 4318867.343, 110
Trd, 4318867.793, 64
Trd, 4318868.743, 89
Trd, 4318869.643, 131
Trd, 4318870.193, 105
Trd, 4318870.643, 109
Trd, 4318871.793, 90
Trd, 4318871.843, 99
Trd, 4318872.843, 89
Trd, 4318873.993, 86
Trd, 4318875.443, 81
Trd, 4318875.993, 79
Trd, 4318876.043, 117
Trd, 4318877.343, 112
Trd, 4318877.893, 117
Trd, 4318877.993, 110
Trd, 4318878.443, 114
Trd, 4318879.143, 109
Trd, 4318880.193, 107
Trd, 4318880.543, 93
Trd, 4318882.193, 128
Trd, 4318882.393, 106
Trd, 4318882.943, 124
Trd, 4318884.043, 118
Trd, 4318884.643, 82
Trd, 4318885.093, 76
Trd, 4318886.943, 106
Trd, 4318888.193, 132
Trd, 4318888.293, 130
Trd, 4318888.443, 122
Trd, 4318888.943, 140
Trd, 4318889.193, 138
Trd, 4318889.793, 103
Trd, 4318890.143, 140
Trd, 4318892.443, 121
Trd, 4318892.893, 121
Trd, 4318893.843, 112
Trd, 4318894.893, 114
Trd, 4318895.843, 113
Trd, 4318896.043, 112
Trd, 4318896.143, 120
Trd, 4318896.743, 105
Trd, 4318897.293, 101
Trd, 4318897.593, 98
Trd, 4318898.193, 87
Trd, 4318900.593, 71
Trd, 4318900.993, 124
Trd, 4318901.443, 98
Trd, 4318901.643, 110
Trd, 4318903.843, 119
Trd, 4318904.193, 118
Trd, 4318905.143, 103
Trd, 4318905.343, 99
Trd, 4318905.393, 107
Trd, 4318906.343, 83
Trd, 4318906.893, 81
Trd, 4318908.343, 67
Trd, 4318910.743, 91
Trd, 4318911.193, 91
Trd, 4318911.243, 90
Trd, 4318912.093, 101
Trd, 4318912.943, 80
Trd, 4318914.293, 96
Trd, 4318916.393, 129
Trd, 4318916.493, 121
Trd, 4318917.193, 116
Trd, 4318917.443, 104
Trd, 4318918.493, 68
Trd, 4318919.943, 63
Trd, 4318920.143, 84
Trd, 4318920.893, 109
Trd, 4318921.393, 108
Trd, 4318922.193, 108
Trd, 4318922.443, 82
Trd, 4318923.193, 116
Trd, 4318923.443, 110
Trd, 4318924.643, 112
Trd, 4318926.043, 140
Trd, 4318926.593, 133
Trd, 4318926.743, 125
Trd, 4318927.143, 122
Trd, 4318927.893, 102
Trd, 4318928.093, 78
Trd, 4318929.143, 128
Trd, 4318930.143, 127
Trd, 4318930.743, 121
Trd, 4318931.243, 110
Trd, 4318932.593, 101
Trd, 4318933.243, 101
Trd, 4318934.043, 120
Trd, 4318934.993, 120
Trd, 4318935.243, 118
Trd, 4318935.493, 89
Trd, 4318935.793, 85
Trd, 4318936.143, 76
Trd, 4318937.943, 80
Trd, 4318938.643, 80
Trd, 4318939.093, 78
Trd, 4318941.093, 78
Trd, 4318941.893, 85
Trd, 4318942.893, 87
Trd, 4318942.943, 76
Trd, 4318944.293, 102
Trd, 4318944.743, 122
Trd, 4318946.093, 81
Trd, 4318946.343, 75
Trd, 4318947.843, 62
Trd, 4318948.993, 99
Trd, 4318949.143, 98
Trd, 4318949.543, 102
Trd, 4318950.943, 95
Trd, 4318951.043, 86
Trd, 4318951.493, 100
Trd, 4318951.993, 77
Trd, 4318953.693, 130
Trd, 4318953.793, 93
Trd, 4318954.943, 124
Trd, 4318955.293, 124
Trd, 4318956.143, 127
Trd, 4318956.543, 124
Trd, 4318956.693, 83
Trd, 4318957.343, 60
Trd, 4318958.493, 69
Trd, 4318958.893, 120
Trd, 4318960.493, 140
Trd, 4318960.743, 114
Trd, 4318960.993, 80
Trd, 4318961.943, 138
Trd, 4318963.793, 117
Trd, 4318963.943, 114
Trd, 4318964.493, 124
Trd, 4318965.143, 100
Trd, 4318966.543, 87
Trd, 4318966.893, 74
Trd, 4318967.043, 66
Trd, 4318968.193, 82
Trd, 4318968.743, 94
Trd, 4318968.893, 89
Trd, 4318969.693, 130
Trd, 4318970.043, 125
Trd, 4318971.193, 103
Trd, 4318972.493, 130
Trd, 4318972.793, 124
Trd, 4318973.343, 88
Trd, 4318974.543, 82
Trd, 4318974.893, 61
Trd, 4318975.593, 102
Trd, 4318976.243, 91
Trd, 4318976.343, 83
Trd, 4318978.293, 72
Trd, 4318979.243, 116
Trd, 4318979.593, 129
Trd, 4318979.943, 115
Trd, 4318980.293, 107
Trd, 4318981.243, 75
Trd, 4318982.993, 61
Trd, 4318984.043, 93
Trd, 4318984.443, 76
Trd, 4318985.743, 75
Trd, 4318986.593, 73
Trd, 4318986.943, 75
Trd, 4318987.293, 110
Trd, 4318989.093, 64
Trd, 4318989.493, 76
Trd, 4318990.143, 68
Trd, 4318992.093, 136
Trd, 4318992.643, 136
Trd, 4318993.243, 103
Trd, 4318993.693, 98
Trd, 4318994.143, 97
Trd, 4318995.093, 113
Trd, 4318995.443, 89
Trd, 4318997.043, 97
Trd, 4318997.493, 96
Trd, 4318997.693, 95
Trd, 4318997.893, 119
Trd, 4318998.043, 112
Trd, 4318998.143, 74
Trd, 4318999.843, 115
Trd, 4319000.093, 102
Trd, 4319002.193, 104
Trd, 4319002.943, 105
Trd, 4319003.443, 74
Trd, 4319003.893, 114
Trd, 4319005.393, 97
Trd, 4319005.893, 101
Trd, 4319006.393, 99
Trd, 4319006.693, 98
Trd, 4319007.543, 65
Trd, 4319008.693, 114
Trd, 4319008.793, 105
Trd, 4319010.193, 129
Trd, 4319011.943, 122
Trd, 4319012.593, 128
Trd, 4319012.793, 121
Trd, 4319013.143, 113
Trd, 4319013.643, 85
Trd, 4319014.593, 84
Trd, 4319014.943, 89
Trd, 4319015.193, 70
Trd, 4319015.393, 66
Trd, 4319015.593, 90
Trd, 4319016.043, 87
Trd, 4319017.593, 98
Trd, 4319018.443, 131
Trd, 4319018.743, 81
Trd, 4319018.793, 92
Trd, 4319021.543, 106
Trd, 4319021.893, 104
Trd, 4319023.143, 98
Trd, 4319023.293, 86
Trd, 4319023.593, 94
Trd, 4319024.593, 112
Trd, 4319025.393, 101
Trd, 4319027.043, 99
Trd, 4319027.193, 93
Trd, 4319027.643, 97
Trd, 4319027.843, 87
Trd, 4319029.043, 99
Trd, 4319030.243, 101
Trd, 4319031.293, 89
Trd, 4319031.393, 108
Trd, 4319031.443, 87
Trd, 4319032.393, 99
Trd, 4319032.493, 113
Trd, 4319032.693, 95
Trd, 4319034.943, 129
Trd, 4319035.343, 120
Trd, 4319036.143, 121
Trd, 4319036.543, 107
Trd, 4319037.343, 103
Trd, 4319038.093, 92
Trd, 4319038.793, 71
Trd, 4319040.043, 73
Trd, 4319040.793, 104
Trd, 4319042.043, 85
Trd, 4319042.143, 69
Trd, 4319042.693, 107
Trd, 4319042.743, 95
Trd, 4319043.593, 69
Trd, 4319044.743, 64
Trd, 4319046.093, 75
Trd, 4319046.943, 97
Trd, 4319048.193, 68
Trd, 4319048.893, 70
Trd, 4319049.143, 98
Trd, 4319049.393, 107
Trd, 4319049.693, 70
Trd, 4319050.043, 117
Trd, 4319050.493, 63
Trd, 4319051.093, 66
Trd, 4319053.643, 102
Trd, 4319054.343, 121
Trd, 4319054.543, 120
Trd, 4319055.143, 102
Trd, 4319055.893, 111
Trd, 4319057.743, 97
Trd, 4319057.943, 96
Trd, 4319058.793, 103
Trd, 4319059.043, 91
Trd, 4319059.493, 93
Trd, 4319059.793, 61
Trd, 4319062.143, 63
Trd, 4319062.443, 64
Trd, 4319063.493, 103
Trd, 4319063.693, 102
Trd, 4319064.943, 97
Trd, 4319065.693, 102
Trd, 4319066.093, 90
Trd, 4319066.393, 105
Trd, 4319066.843, 102
Trd, 4319067.093, 81
Trd, 4319067.543, 100
Trd, 4319068.043, 100
Trd, 4319068.443, 73
Trd, 4319071.843, 84
Trd, 4319072.043, 99
Trd, 4319073.843, 64
Trd, 4319074.493, 60
Trd, 4319075.043, 79
Trd, 4319076.443, 122
Trd, 4319076.643, 81
Trd, 4319076.993, 80
Trd, 4319077.243, 93
Trd, 4319077.293, 70
Trd, 4319077.793, 63
Trd, 4319080.343, 60
Trd, 4319080.393, 62
Trd, 4319081.743, 111
Trd, 4319081.893, 109
Trd, 4319082.543, 99
Trd, 4319083.143, 114
Trd, 4319083.543, 103
Trd, 4319084.893, 93
Trd, 4319085.193, 91
Trd, 4319085.693, 100
Trd, 4319086.743, 90
Trd, 4319087.643, 97
Trd, 4319087.693, 83
Trd, 4319088.543, 137
Trd, 4319088.693, 76
Trd, 4319089.093, 108
Trd, 4319089.693, 87
Trd, 4319090.943, 85
Trd, 4319091.093, 81
Trd, 4319091.443, 69
Trd, 4319091.493, 66
Trd, 4319093.793, 110
Trd, 4319095.243, 111
Trd, 4319095.743, 97
Trd, 4319095.993, 90
Trd, 4319097.143, 70
Trd, 4319097.843, 113
Trd, 4319098.643, 115
Trd, 4319098.843, 104
Trd, 4319100.343, 86
Trd, 4319100.643, 78
Trd, 4319101.193, 73
Trd, 4319101.393, 82
Trd, 4319103.143, 91
Trd, 4319104.143, 103
Trd, 4319106.393, 99
Trd, 4319106.493, 100
Trd, 4319106.993, 99
Trd, 4319107.943, 131
Trd, 4319109.043, 100
Trd, 4319109.693, 99
Trd, 4319109.943, 98
Trd, 4319110.343, 94
Trd, 4319111.393, 93
Trd, 4319111.843, 113
Trd, 4319111.893, 92
Trd, 4319112.793, 91
Trd, 4319114.343, 85
Trd, 4319114.493, 84
Trd, 4319115.193, 92
Trd, 4319115.893, 84
Trd, 4319116.293, 110
Trd, 4319116.393, 108
Trd, 4319116.743, 97
Trd, 4319118.143, 102
Trd, 4319118.693, 99
Trd, 4319121.443, 65
Trd, 4319122.493, 98
Trd, 4319122.893, 106
Trd, 4319122.993, 104
Trd, 4319123.193, 97
Trd, 4319123.393, 99
Trd, 4319123.943, 79
Trd, 4319124.393, 84
Trd, 4319125.393, 108
Trd, 4319125.793, 101
Trd, 4319126.343, 120
Trd, 4319126.643, 113
Trd, 4319127.643, 121
Trd, 4319128.093, 93
Trd, 4319128.793, 111
Trd, 4319130.143, 88
Trd, 4319131.443, 127
Trd, 4319131.793, 127
Trd, 4319131.843, 123
Trd, 4319131.893, 87
Trd, 4319133.193, 113
Trd, 4319133.743, 104
Trd, 4319134.543, 119
Trd, 4319135.643, 85
Trd, 4319136.093, 83
Trd, 4319136.843, 74
Trd, 4319137.643, 82
Trd, 4319138.293, 104
Trd, 4319139.443, 88
Trd, 4319139.643, 95
Trd, 4319139.793, 110
Trd, 4319141.343, 100
Trd, 4319141.693, 90
Trd, 4319142.293, 104
Trd, 4319144.093, 97
Trd, 4319144.193, 108
Trd, 4319144.693, 112
Trd, 4319145.043, 105
Trd, 4319145.193, 104
Trd, 4319146.493, 64
Trd, 4319146.943, 83
Trd, 4319148.043, 93
Trd, 4319148.443, 103
Trd, 4319149.443, 89
Trd, 4319151.193, 77
Trd, 4319151.493, 76
Trd, 4319152.393, 115
Trd, 4319153.593, 105
Trd, 4319154.043, 112
Trd, 4319154.093, 101
Trd, 4319154.143, 100
Trd, 4319156.043, 131
Trd, 4319156.193, 103
Trd, 4319156.243, 88
Trd, 4319156.393, 69
Trd, 4319158.043, 123
Trd, 4319161.143, 104
Trd, 4319161.793, 103
Trd, 4319161.893, 102
Trd, 4319162.843, 99
Trd, 4319163.093, 64
Trd, 4319163.293, 62
Trd, 4319165.643, 72
Trd, 4319165.793, 84
Trd, 4319166.493, 98
Trd, 4319166.793, 64
Trd, 4319167.043, 65
Trd, 4319168.193, 73
Trd, 4319168.343, 105
Trd, 4319170.893, 72
Trd, 4319171.693, 74
Trd, 4319172.493, 95
Trd, 4319173.143, 120
Trd, 4319173.443, 117
Trd, 4319174.043, 116
Trd, 4319176.293, 114
Trd, 4319176.693, 125
Trd, 4319176.743, 84
Trd, 4319177.043, 80
Trd, 4319177.243, 80
Trd, 4319178.143, 73
Trd, 4319178.493, 114
Trd, 4319180.043, 89
Trd, 4319180.643, 75
Trd, 4319181.843, 96
Trd, 4319181.943, 75
Trd, 4319182.693, 130
Trd, 4319182.943, 126
Trd, 4319183.243, 118
Trd, 4319186.143, 106
Trd, 4319186.293, 105
Trd, 4319187.193, 106
Trd, 4319187.993, 95
Trd, 4319188.493, 133
Trd, 4319189.693, 98
Trd, 4319190.293, 126
Trd, 4319190.393, 125
Trd, 4319191.793, 71
Trd, 4319192.293, 96
Trd, 4319192.443, 75
Trd, 4319192.693, 69
Trd, 4319192.893, 92
Trd, 4319193.243, 130
Trd, 4319193.543, 133
Trd, 4319195.393, 105
Trd, 4319197.093, 125
Trd, 4319197.293, 118
Trd, 4319198.093, 112
Trd, 4319198.893, 63
Trd, 4319199.543, 61
Trd, 4319199.643, 69
Trd, 4319199.793, 88
Trd, 4319200.493, 89
Trd, 4319202.643, 83
Trd, 4319202.993, 78
Trd, 4319203.443, 67
Trd, 4319203.793, 112
Trd, 4319205.093, 73
Trd, 4319205.443, 131
Trd, 4319205.843, 92
Trd, 4319206.543, 117
Trd, 4319206.843, 116
Trd, 4319208.343, 76
Trd, 4319208.443, 89
Trd, 4319209.493, 88
Trd, 4319209.743, 99
Trd, 4319211.143, 134
Trd, 4319211.193, 133
Trd, 4319211.443, 132
Trd, 4319212.493, 90
Trd, 4319213.343, 68
Trd, 4319214.693, 101
Trd, 4319215.193, 97
Trd, 4319215.893, 108
Trd, 4319216.543, 94
Trd, 4319217.393, 66
Trd, 4319218.893, 76
Trd, 4319219.143, 87
Trd, 4319220.443, 111
Trd, 4319220.693, 84
Trd, 4319221.343, 75
Trd, 4319221.693, 97
Trd, 4319221.893, 67
Trd, 4319223.743, 69
Trd, 4319224.993, 71
Trd, 4319225.543, 93
Trd, 4319226.543, 102
Trd, 4319228.743, 119
Trd, 4319229.043, 108
Trd, 4319229.143, 106
Trd, 4319230.443, 133
Trd, 4319231.343, 132
Trd, 4319231.493, 119
Trd, 4319232.843, 127
Trd, 4319234.143, 126
Trd, 4319234.543, 117
Trd, 4319234.693, 97
Trd, 4319236.193, 96
Trd, 4319236.543, 96
Trd, 4319237.493, 101
Trd, 4319237.543, 87
Trd, 4319238.593, 61
Trd, 4319238.893, 85
Trd, 4319240.593, 109
Trd, 4319240.643, 108
Trd, 4319241.293, 92
Trd, 4319241.793, 111
Trd, 4319241.993, 105
Trd, 4319242.143, 97
Trd, 4319242.543, 135
Trd, 4319242.743, 94
Trd, 4319243.393, 80
Trd, 4319244.693, 81
Trd, 4319245.043, 95
Trd, 4319246.743, 75
Trd, 4319247.343, 107
Trd, 4319248.343, 96
Trd, 4319248.543, 95
Trd, 4319248.743, 112
Trd, 4319250.043, 85
Trd, 4319251.793, 101
Trd, 4319252.643, 94
Trd, 4319252.843, 105
Trd, 4319253.443, 93
Trd, 4319253.543, 107
Trd, 4319256.493, 89
Trd, 4319257.393, 111
Trd, 4319257.843, 87
Trd, 4319258.993, 86
Trd, 4319259.593, 78
Trd, 4319260.043, 75
Trd, 4319262.193, 112
Trd, 4319262.593, 89
Trd, 4319262.993, 94
Trd, 4319263.843, 81
Trd, 4319263.893, 61
Trd, 4319264.093, 62
Trd, 4319265.793, 105
Trd, 4319266.243, 113
Trd, 4319267.543, 108
Trd, 4319268.193, 116
Trd, 4319268.243, 98
Trd, 4319270.043, 103
Trd, 4319270.343, 108
Trd, 4319270.543, 102
Trd, 4319270.843, 97
Trd, 4319271.393, 95
Trd, 4319273.043, 102
Trd, 4319273.293, 81
Trd, 4319274.693, 93
Trd, 4319274.893, 100
Trd, 4319275.643, 81
Trd, 4319276.093, 108
Trd, 4319277.343, 126
Trd, 4319277.843, 117
Trd, 4319278.893, 120
Trd, 4319279.693, 81
Trd, 4319279.993, 66
Trd, 4319281.093, 70
Trd, 4319281.893, 87
Trd, 4319283.493, 91
Trd, 4319284.193, 79
Trd, 4319284.343, 77
Trd, 4319285.293, 86
Trd, 4319286.593, 92
Trd, 4319286.693, 137
Trd, 4319287.543, 110
Trd, 4319287.893, 125
Trd, 4319288.393, 92
Trd, 4319289.993, 99
Trd, 4319290.143, 106
Trd, 4319290.343, 81
Trd, 4319291.093, 61
Trd, 4319292.293, 106
Trd, 4319292.343, 105
Trd, 4319292.843, 92
Trd, 4319293.743, 62
Trd, 4319294.443, 71
Trd, 4319295.043, 70
Trd, 4319295.593, 87
Trd, 4319297.143, 85
Trd, 4319297.393, 104
Trd, 4319297.893, 86
Trd, 4319298.843, 107
Trd, 4319299.093, 102
Trd, 4319300.043, 105
Trd, 4319300.343, 107
Trd, 4319300.943, 104
Trd, 4319300.993, 103
Trd, 4319301.193, 95
Trd, 4319303.293, 108
Trd, 4319303.443, 97
Trd, 4319303.743, 89
Trd, 4319303.843, 74
Trd, 4319304.793, 94
Trd, 4319306.743, 131
Trd, 4319307.343, 130
Trd, 4319307.493, 106
Trd, 4319308.043, 90
Trd, 4319308.993, 120
Trd, 4319309.493, 114
Trd, 4319309.993, 102
Trd, 4319310.043, 89
Trd, 4319310.093, 86
Trd, 4319312.593, 60
Trd, 4319312.893, 110
Trd, 4319315.293, 63
Trd, 4319315.543, 101
Trd, 4319316.393, 116
Trd, 4319316.693, 121
Trd, 4319316.793, 118
Trd, 4319317.093, 116
Trd, 4319317.893, 93
Trd, 4319318.093, 91
Trd, 4319318.493, 95
Trd, 4319321.893, 113
Trd, 4319322.293, 109
Trd, 4319322.343, 91
Trd, 4319323.093, 119
Trd, 4319324.443, 90
Trd, 4319324.843, 103
Trd, 4319324.943, 90
Trd, 4319325.393, 133
Trd, 4319326.293, 64
Trd, 4319326.743, 106
Trd, 4319327.743, 115
Trd, 4319328.243, 114
Trd, 4319329.643, 124
Trd, 4319330.093, 88
Trd, 4319330.643, 83
Trd, 4319331.443, 95
Trd, 4319331.743, 92
Trd, 4319332.543, 63
Trd, 4319332.943, 105
Trd, 4319333.593, 103
Trd, 4319334.693, 116
Trd, 4319334.893, 115
Trd, 4319335.493, 69
Trd, 4319336.093, 135
Trd, 4319339.293, 115
Trd, 4319339.343, 114
Trd, 4319340.193, 123
Trd, 4319340.543, 114
Trd, 4319341.043, 99
Trd, 4319341.343, 95
Trd, 4319343.343, 67
Trd, 4319343.643, 74
Trd, 4319344.793, 119
Trd, 4319344.893, 118
Trd, 4319344.993, 117
Trd, 4319345.193, 113
Trd, 4319345.843, 60
Trd, 4319348.743, 93
Trd, 4319348.843, 113
Trd, 4319349.243, 66
Trd, 4319351.193, 128
Trd, 4319351.343, 113
Trd, 4319351.393, 82
Trd, 4319352.493, 134
Trd, 4319353.293, 92
Trd, 4319354.343, 104
Trd, 4319354.693, 105
Trd, 4319355.343, 105
Trd, 4319357.393, 119
Trd, 4319358.143, 99
Trd, 4319359.493, 96
Trd, 4319360.893, 97
Trd, 4319361.093, 128
Trd, 4319361.643, 127
Trd, 4319362.993, 93
Trd, 4319363.293, 133
Trd, 4319363.493, 92
Trd, 4319365.293, 106
Trd, 4319366.543, 88
Trd, 4319367.043, 86
Trd, 4319367.843, 101
Trd, 4319367.893, 80
Trd, 4319368.643, 131
Trd, 4319368.693, 104
Trd, 4319369.693, 88
Trd, 4319369.893, 89
Trd, 4319370.143, 87
Trd, 4319370.343, 78
Trd, 4319371.393, 105
Trd, 4319372.193, 71
Trd, 4319372.743, 111
Trd, 4319373.343, 101
Trd, 4319374.143, 117
Trd, 4319374.743, 107
Trd, 4319375.043, 81
Trd, 4319376.643, 125
Trd, 4319377.693, 111
Trd, 4319378.243, 132
Trd, 4319379.643, 116
Trd, 4319380.993, 104
Trd, 4319381.443, 98
Trd, 4319382.893, 110
Trd, 4319383.343, 109
Trd, 4319383.693, 113
Trd, 4319384.493, 124
Trd, 4319385.193, 116
Trd, 4319385.343, 115
Trd, 4319386.793, 113
Trd, 4319387.243, 97
Trd, 4319387.443, 92
Trd, 4319387.993, 120
Trd, 4319388.193, 117
Trd, 4319388.943, 112
Trd, 4319389.343, 104
Trd, 4319390.443, 88
Trd, 4319391.093, 88
Trd, 4319392.293, 117
Trd, 4319392.443, 113
Trd, 4319392.693, 97
Trd, 4319393.843, 72
Trd, 4319395.243, 95
Trd, 4319396.593, 97
Trd, 4319396.943, 99
Trd, 4319397.393, 100
Trd, 4319397.893, 98
Trd, 4319398.043, 93
Trd, 4319399.643, 108
Trd, 4319401.943, 104
Trd, 4319402.243, 100
Trd, 4319402.343, 94
Trd, 4319402.943, 121
Trd, 4319403.243, 98
Trd, 4319403.493, 91
Trd, 4319404.043, 65
Trd, 4319405.293, 60
Trd, 4319405.443, 89
Trd, 4319406.593, 94
Trd, 4319407.893, 67
Trd, 4319408.543, 62
Trd, 4319408.593, 67
Trd, 4319409.843, 125
Trd, 4319411.243, 126
Trd, 4319412.643, 119
Trd, 4319413.093, 103
Trd, 4319413.943, 90
Trd, 4319414.243, 68
Trd, 4319414.543, 102
Trd, 4319415.293, 121
Trd, 4319415.393, 114
Trd, 4319415.793, 95
Trd, 4319416.843, 96
Trd, 4319417.543, 75
Trd, 4319417.793, 74
Trd, 4319420.643, 108
Trd, 4319420.843, 103
Trd, 4319421.443, 107
Trd, 4319421.843, 100
Trd, 4319422.843, 63
Trd, 4319424.443, 75
Trd, 4319425.043, 62
Trd, 4319426.193, 83
Trd, 4319429.093, 91
Trd, 4319429.143, 92
Trd, 4319429.243, 98
Trd, 4319429.843, 97
Trd, 4319430.043, 93
Trd, 4319431.793, 131
Trd, 4319433.043, 132
Trd, 4319433.443, 125
Trd, 4319434.943, 105
Trd, 4319435.243, 99
Trd, 4319436.043, 79
Trd, 4319437.393, 109
Trd, 4319437.943, 118
Trd, 4319438.493, 117
Trd, 4319438.843, 73
Trd, 4319440.243, 74
Trd, 4319440.743, 114
Trd, 4319441.293, 69
Trd, 4319441.843, 60
Trd, 4319443.793, 66
Trd, 4319443.943, 65
Trd, 4319444.493, 71
Trd, 4319446.443, 91
Trd, 4319447.543, 123
Trd, 4319448.193, 93
Trd, 4319448.443, 91
Trd, 4319449.793, 94
Trd, 4319450.143, 93
Trd, 4319450.243, 90
Trd, 4319451.343, 108
Trd, 4319452.843, 135
Trd, 4319453.493, 112
Trd, 4319453.643, 127
Trd, 4319454.343, 99
Trd, 4319455.543, 97
Trd, 4319456.693, 109
Trd, 4319457.043, 85
Trd, 4319458.043, 94
Trd, 4319458.293, 84
Trd, 4319459.293, 96
Trd, 4319459.743, 110
Trd, 4319460.093, 88
Trd, 4319460.843, 87
Trd, 4319461.493, 70
Trd, 4319462.193, 80
Trd, 4319462.493, 73
Trd, 4319462.793, 134
Trd, 4319464.843, 134
Trd, 4319465.443, 123
Trd, 4319465.793, 112
Trd, 4319466.093, 111
Trd, 4319466.143, 103
Trd, 4319466.293, 122
Trd, 4319467.793, 98
Trd, 4319469.393, 124
Trd, 4319470.043, 104
Trd, 4319470.743, 105
Trd, 4319471.393, 84
Trd, 4319471.493, 79
Trd, 4319473.293, 82
Trd, 4319473.693, 94
Trd, 4319474.993, 100
Trd, 4319475.543, 121
Trd, 4319475.643, 113
Trd, 4319478.743, 113
Trd, 4319479.693, 106
Trd, 4319479.843, 103
Trd, 4319479.943, 122
Trd, 4319481.743, 99
Trd, 4319482.343, 112
Trd, 4319485.193, 111
Trd, 4319485.793, 127
Trd, 4319486.243, 107
Trd, 4319486.343, 82
Trd, 4319486.493, 81
Trd, 4319487.443, 79
Trd, 4319488.193, 114
Trd, 4319489.793, 93
Trd, 4319490.243, 91
Trd, 4319490.693, 88
Trd, 4319491.443, 122
Trd, 4319492.093, 84
Trd, 4319492.993, 93
Trd, 4319493.843, 107
Trd, 4319494.293, 101
Trd, 4319494.993, 101
Trd, 4319495.993, 112
Trd, 4319496.043, 111
Trd, 4319497.043, 117
Trd, 4319498.193, 110
Trd, 4319498.543, 101
Trd, 4319498.793, 65
Trd, 4319501.093, 132
Trd, 4319501.443, 131
Trd, 4319503.293, 118
Trd, 4319504.393, 111
Trd, 4319504.843, 111
Trd, 4319505.743, 103
Trd, 4319507.143, 96
Trd, 4319507.393, 105
Trd, 4319507.443, 114
Trd, 4319507.793, 125
Trd, 4319509.193, 90
Trd, 4319510.743, 121
Trd, 4319511.443, 115
Trd, 4319511.543, 114
Trd, 4319513.843, 98
Trd, 4319515.243, 88
Trd, 4319515.293, 98
Trd, 4319515.593, 83
Trd, 4319515.843, 86
Trd, 4319516.243, 77
Trd, 4319517.743, 115
Trd, 4319518.693, 115
Trd, 4319519.443, 125
Trd, 4319519.893, 123
Trd, 4319521.343, 124
Trd, 4319521.493, 118
Trd, 4319522.893, 124
Trd, 4319523.093, 121
Trd, 4319523.343, 106
Trd, 4319524.393, 127
Trd, 4319525.243, 103
Trd, 4319525.493, 100
Trd, 4319526.493, 139
Trd, 4319526.543, 138
Trd, 4319526.643, 130
Trd, 4319528.443, 133
Trd, 4319528.493, 132
Trd, 4319529.343, 96
Trd, 4319530.393, 79
Trd, 4319530.993, 109
Trd, 4319532.843, 126
Trd, 4319533.643, 120
Trd, 4319534.543, 97
Trd, 4319535.343, 122
Trd, 4319536.443, 108
Trd, 4319536.643, 97
Trd, 4319539.343, 110
Trd, 4319540.693, 109
Trd, 4319540.943, 108
Trd, 4319541.643, 112
Trd, 4319542.293, 111
Trd, 4319543.193, 106
Trd, 4319543.993, 105
Trd, 4319544.593, 108
Trd, 4319545.093, 84
Trd, 4319546.743, 119
Trd, 4319547.093, 118
Trd, 4319547.893, 99
Trd, 4319548.693, 97
Trd, 4319548.743, 93
Trd, 4319549.443, 96
Trd, 4319550.593, 85
Trd, 4319550.693, 74
Trd, 4319551.393, 65
Trd, 4319552.193, 90
Trd, 4319552.443, 70
Trd, 4319552.593, 96
Trd, 4319554.143, 109
Trd, 4319555.043, 105
Trd, 4319555.343, 105
Trd, 4319556.093, 73
Trd, 4319557.393, 74
Trd, 4319557.443, 73
Trd, 4319557.943, 80
Trd, 4319558.693, 107
Trd, 4319558.793, 101
Trd, 4319560.393, 111
Trd, 4319560.743, 110
Trd, 4319561.043, 116
Trd, 4319561.693, 83
Trd, 4319562.293, 91
Trd, 4319563.343, 108
Trd, 4319563.943, 113
Trd, 4319564.043, 106
Trd, 4319564.593, 81
Trd, 4319564.693, 65
Trd, 4319565.643, 102
Trd, 4319566.393, 105
Trd, 4319566.793, 109
Trd, 4319567.093, 120
Trd, 4319568.093, 96
Trd, 4319568.793, 91
Trd, 4319569.643, 83
Trd, 4319570.343, 113
Trd, 4319570.743, 77
Trd, 4319571.093, 102
Trd, 4319571.493, 82
Trd, 4319572.193, 87
Trd, 4319573.293, 80
Trd, 4319575.543, 113
Trd, 4319575.593, 106
Trd, 4319576.193, 101
Trd, 4319576.893, 131
Trd, 4319577.043, 112
Trd, 4319577.543, 134
Trd, 4319577.693, 104
Trd, 4319579.493, 76
Trd, 4319581.043, 109
Trd, 4319581.593, 110
Trd, 4319582.143, 85
Trd, 4319582.743, 116
Trd, 4319583.193, 114
Trd, 4319583.893, 101
Trd, 4319584.693, 99
Trd, 4319584.993, 98
Trd, 4319586.443, 111
Trd, 4319587.143, 109
Trd, 4319587.243, 104
Trd, 4319588.293, 88
Trd, 4319588.943, 71
Trd, 4319589.493, 91
Trd, 4319589.843, 95
Trd, 4319590.143, 64
Trd, 4319590.343, 69
Trd, 4319592.093, 67
Trd, 4319592.593, 108
Trd, 4319593.593, 61
Trd, 4319594.043, 93
Trd, 4319594.993, 64
Trd, 4319595.293, 63
Trd, 4319595.543, 80
Trd, 4319595.893, 70
Trd, 4319597.193, 102
Trd, 4319597.693, 109
Trd, 4319597.743, 102
Trd, 4319598.493, 85
Trd, 4319599.393, 81
Trd, 4319601.093, 89
Trd, 4319601.243, 72
Trd, 4319601.893, 65
Trd, 4319602.743, 86
Trd, 4319602.993, 74
Trd, 4319604.043, 77
Trd, 4319605.443, 93
Trd, 4319606.043, 92
Trd, 4319606.293, 91
Trd, 4319606.893, 119
Trd, 4319607.393, 86
Trd, 4319607.893, 102
Trd, 4319608.393, 94
Trd, 4319609.343, 127
Trd, 4319611.243, 136
Trd, 4319611.693, 131
Trd, 4319611.793, 129
Trd, 4319611.993, 124
Trd, 4319612.893, 130
Trd, 4319614.493, 110
Trd, 4319616.743, 131
Trd, 4319617.793, 109
Trd, 4319618.093, 112
Trd, 4319618.343, 108
Trd, 4319618.443, 101
Trd, 4319619.643, 84
Trd, 4319620.993, 93
Trd, 4319621.293, 101
Trd, 4319622.243, 119
Trd, 4319622.743, 106
Trd, 4319623.743, 124
Trd, 4319623.843, 119
Trd, 4319626.243, 118
Trd, 4319626.893, 111
Trd, 4319627.443, 102
Trd, 4319627.743, 97
Trd, 4319628.343, 80
Trd, 4319629.493, 83
Trd, 4319630.243, 77
Trd, 4319630.593, 111
Trd, 4319631.043, 104
Trd, 4319632.543, 121
Trd, 4319633.293, 95
Trd, 4319633.343, 88
Trd, 4319634.793, 85
Trd, 4319636.193, 87
Trd, 4319637.243, 86
Trd, 4319637.493, 83
Trd, 4319637.543, 99
Trd, 4319639.093, 127
Trd, 4319640.093, 110
Trd, 4319640.593, 101
Trd, 4319641.643, 140
Trd, 4319642.393, 107
Trd, 4319642.743, 100
Trd, 4319645.443, 133
Trd, 4319645.893, 125
Trd, 4319645.993, 124
Trd, 4319646.393, 105
Trd, 4319646.693, 98
Trd, 4319647.543, 114
Trd, 4319647.793, 97
Trd, 4319647.843, 74
Trd, 4319649.043, 66
Trd, 4319649.593, 70
Trd, 4319650.443, 117
Trd, 4319652.393, 117
Trd, 4319654.543, 98
Trd, 4319655.643, 109
Trd, 4319656.493, 98
Trd, 4319656.543, 110
Trd, 4319658.293, 108
Trd, 4319658.593, 104
Trd, 4319658.843, 107
Trd, 4319658.943, 83
Trd, 4319660.393, 131
Trd, 4319660.443, 124
Trd, 4319661.893, 114
Trd, 4319662.143, 101
Trd, 4319663.143, 106
Trd, 4319664.143, 111
Trd, 4319665.743, 121
Trd, 4319667.093, 111
Trd, 4319667.493, 109
Trd, 4319668.793, 114
Trd, 4319669.093, 103
Trd, 4319669.343, 102
Trd, 4319669.743, 102
Trd, 4319670.393, 101
Trd, 4319670.693, 92
Trd, 4319671.393, 108
Trd, 4319671.593, 93
Trd, 4319672.193, 139
Trd, 4319673.693, 133
Trd, 4319673.793, 125
Trd, 4319674.593, 113
Trd, 4319675.193, 99
Trd, 4319677.643, 101
Trd, 4319678.093, 95
Trd, 4319678.493, 95
Trd, 4319679.593, 97
Trd, 4319680.443, 100
Trd, 4319681.393, 119
Trd, 4319681.743, 95
Trd, 4319682.243, 92
Trd, 4319682.993, 84
Trd, 4319684.293, 119
Trd, 4319684.843, 96
Trd, 4319685.243, 78
Trd, 4319685.293, 75
Trd, 4319688.343, 133
Trd, 4319689.093, 127
Trd, 4319689.243, 130
Trd, 4319690.343, 120
Trd, 4319690.593, 110
Trd, 4319692.693, 93
Trd, 4319693.143, 94
Trd, 4319693.493, 85
Trd, 4319694.443, 90
Trd, 4319694.943, 116
Trd, 4319695.543, 83
Trd, 4319695.743, 81
Trd, 4319696.093, 66
Trd, 4319698.143, 124
Trd, 4319698.293, 128
Trd, 4319698.443, 115
Trd, 4319699.243, 90
Trd, 4319700.943, 116
Trd, 4319701.543, 110
Trd, 4319702.143, 102
Trd, 4319702.193, 99
Trd, 4319703.843, 116
Trd, 4319705.943, 109
Trd, 4319706.343, 116
Trd, 4319706.493, 107
Trd, 4319707.043, 106
Trd, 4319708.443, 92
Trd, 4319708.743, 108
Trd, 4319710.643, 113
Trd, 4319711.493, 112
Trd, 4319711.693, 112
Trd, 4319711.943, 111
Trd, 4319712.593, 103
Trd, 4319712.843, 98
Trd, 4319712.893, 97
Trd, 4319714.093, 89
Trd, 4319715.143, 88
Trd, 4319716.093, 84
Trd, 4319716.193, 74
Trd, 4319717.043, 88
Trd, 4319717.293, 65
Trd, 4319718.893, 70
Trd, 4319720.343, 102
Trd, 4319720.543, 73
Trd, 4319721.943, 88
Trd, 4319722.293, 100
Trd, 4319722.943, 84
Trd, 4319723.143, 113
Trd, 4319724.693, 101
Trd, 4319724.993, 88
Trd, 4319725.393, 84
Trd, 4319727.193, 118
Trd, 4319729.243, 139
Trd, 4319729.743, 138
Trd, 4319730.043, 130
Trd, 4319730.193, 112
Trd, 4319730.393, 105
Trd, 4319731.593, 133
Trd, 4319732.543, 119
Trd, 4319732.693, 118
Trd, 4319733.193, 94
Trd, 4319734.143, 132
Trd, 4319734.243, 130
Trd, 4319734.843, 126
Trd, 4319734.943, 114
Trd, 4319735.643, 105
Trd, 4319738.843, 114
Trd, 4319739.093, 113
Trd, 4319739.643, 107
Trd, 4319740.743, 124
Trd, 4319741.043, 101
Trd, 4319741.393, 136
Trd, 4319743.543, 97
Trd, 4319745.193, 104
Trd, 4319745.343, 109
Trd, 4319745.793, 108
Trd, 4319746.493, 105
Trd, 4319746.793, 104
Trd, 4319747.593, 103
Trd, 4319749.743, 103
Trd, 4319749.843, 99
Trd, 4319750.643, 93
Trd, 4319750.843, 73
Trd, 4319751.043, 69
Trd, 4319753.093, 117
Trd, 4319753.493, 110
Trd, 4319754.993, 92
Trd, 4319755.243, 91
Trd, 4319755.643, 82
Trd, 4319755.743, 92
Trd, 4319757.793, 75
Trd, 4319759.493, 104
Trd, 4319759.893, 113
Trd, 4319759.943, 112
Trd, 4319760.393, 93
Trd, 4319760.443, 89
Trd, 4319763.443, 77
Trd, 4319765.043, 79
Trd, 4319765.543, 79
Trd, 4319766.043, 87
Trd, 4319766.893, 108
Trd, 4319767.393, 119
Trd, 4319767.743, 102
Trd, 4319769.193, 94
Trd, 4319769.293, 95
Trd, 4319769.693, 120
Trd, 4319771.143, 90
Trd, 4319772.293, 79
Trd, 4319772.393, 79
Trd, 4319773.393, 112
Trd, 4319773.593, 105
Trd, 4319773.693, 80
Trd, 4319776.843, 108
Trd, 4319776.943, 107
Trd, 4319777.743, 99
Trd, 4319778.743, 79
Trd, 4319779.343, 82
Trd, 4319779.943, 79
Trd, 4319783.143, 138
Trd, 4319783.993, 128
Trd, 4319784.293, 90
Trd, 4319784.493, 87
Trd, 4319785.143, 78
Trd, 4319785.893, 111
Trd, 4319786.143, 100
Trd, 4319786.393, 89
Trd, 4319787.793, 122
Trd, 4319788.893, 107
Trd, 4319788.943, 98
Trd, 4319790.293, 72
Trd, 4319791.393, 71
Trd, 4319794.193, 72
Trd, 4319794.793, 81
Trd, 4319796.143, 79
Trd, 4319796.543, 100
Trd, 4319796.743, 73
Trd, 4319796.943, 72
Trd, 4319797.493, 99
Trd, 4319798.543, 85
Trd, 4319798.893, 85
Trd, 4319799.043, 77
Trd, 4319800.593, 118
Trd, 4319800.693, 104
Trd, 4319802.243, 127
Trd, 4319803.093, 127
Trd, 4319804.143, 79
Trd, 4319804.343, 90
Trd, 4319804.743, 79
Trd, 4319804.843, 86
Trd, 4319805.893, 98
Trd, 4319806.143, 95
Trd, 4319807.793, 71
Trd, 4319808.193, 66
Trd, 4319809.493, 83
Trd, 4319810.093, 116
Trd, 4319810.893, 90
Trd, 4319811.943, 109
Trd, 4319812.193, 108
Trd, 4319812.343, 102
Trd, 4319812.943, 108
Trd, 4319813.693, 130
Trd, 4319813.993, 100
Trd, 4319815.993, 127
Trd, 4319816.343, 115
Trd, 4319816.443, 113
Trd, 4319816.943, 94
Trd, 4319818.543, 101
Trd, 4319818.993, 114
Trd, 4319820.093, 70
Trd, 4319821.143, 100
Trd, 4319821.343, 114
Trd, 4319821.493, 99
Trd, 4319823.143, 89
Trd, 4319824.793, 104
Trd, 4319824.943, 90
Trd, 4319825.593, 84
Trd, 4319826.193, 79
Trd, 4319827.093, 89
Trd, 4319827.493, 102
Trd, 4319828.243, 68
Trd, 4319828.693, 104
Trd, 4319829.343, 78
Trd, 4319829.843, 62
Trd, 4319830.243, 103
Trd, 4319830.543, 102
Trd, 4319831.343, 134
Trd, 4319832.143, 117
Trd, 4319832.693, 98
Trd, 4319832.993, 84
Trd, 4319833.393, 84
Trd, 4319835.743, 61
Trd, 4319836.093, 100
Trd, 4319836.193, 89
Trd, 4319837.343, 83
Trd, 4319839.293, 96
Trd, 4319839.593, 140
Trd, 4319839.643, 139
Trd, 4319839.943, 115
Trd, 4319841.243, 70
Trd, 4319841.293, 65
Trd, 4319842.043, 85
Trd, 4319843.593, 79
Trd, 4319843.693, 85
Trd, 4319844.893, 95
Trd, 4319845.793, 86
Trd, 4319845.893, 75
Trd, 4319846.693, 72
Trd, 4319847.793, 116
Trd, 4319848.143, 116
Trd, 4319848.443, 114
Trd, 4319849.393, 108
Trd, 4319849.493, 107
Trd, 4319850.693, 122
Trd, 4319850.993, 122
Trd, 4319851.093, 121
Trd, 4319853.093, 110
Trd, 4319853.943, 126
Trd, 4319856.393, 124
Trd, 4319857.143, 81
Trd, 4319857.493, 87
Trd, 4319858.293, 102
Trd, 4319858.993, 103
Trd, 4319859.243, 126
Trd, 4319860.393, 96
Trd, 4319860.443, 95
Trd, 4319861.693, 106
Trd, 4319862.593, 92
Trd, 4319863.093, 90
Trd, 4319863.343, 125
Trd, 4319864.093, 92
Trd, 4319864.843, 126
Trd, 4319865.543, 120
Trd, 4319866.443, 93
Trd, 4319867.493, 98
Trd, 4319867.993, 119
Trd, 4319868.593, 115
Trd, 4319869.243, 100
Trd, 4319869.493, 81
Trd, 4319870.743, 60
Trd, 4319871.843, 115
Trd, 4319874.243, 103
Trd, 4319875.043, 105
Trd, 4319875.143, 94
Trd, 4319875.893, 81
Trd, 4319876.643, 78
Trd, 4319877.843, 103
Trd, 4319878.593, 112
Trd, 4319878.793, 96
Trd, 4319878.843, 96
Trd, 4319879.493, 81
Trd, 4319879.543, 91
Trd, 4319881.093, 112
Trd, 4319881.293, 86
Trd, 4319883.293, 85
Trd, 4319884.443, 94
Trd, 4319884.943, 93
Trd, 4319885.243, 121
Trd, 4319886.843, 93
Trd, 4319887.643, 126
Trd, 4319888.243, 97
Trd, 4319888.743, 96
Trd, 4319888.843, 88
Trd, 4319891.143, 97
Trd, 4319892.443, 111
Trd, 4319892.693, 99
Trd, 4319893.193, 106
Trd, 4319893.243, 99
Trd, 4319895.493, 127
Trd, 4319895.743, 110
Trd, 4319897.243, 108
Trd, 4319897.393, 108
Trd, 4319897.693, 102
Trd, 4319897.893, 101
Trd, 4319898.193, 81
Trd, 4319898.543, 130
Trd, 4319900.793, 83
Trd, 4319901.243, 62
Trd, 4319901.493, 85
Trd, 4319903.193, 80
Trd, 4319904.393, 101
Trd, 4319904.443, 95
Trd, 4319905.943, 76
Trd, 4319906.343, 75
Trd, 4319907.893, 63
Trd, 4319908.643, 85
Trd, 4319909.693, 63
Trd, 4319910.393, 61
Trd, 4319911.193, 99
Trd, 4319911.943, 91
Trd, 4319912.193, 90
Trd, 4319913.743, 78
Trd, 4319914.193, 77
Trd, 4319915.543, 86
Trd, 4319915.593, 78
Trd, 4319916.093, 69
Trd, 4319916.843, 102
Trd, 4319917.643, 73
Trd, 4319918.243, 93
Trd, 4319918.343, 75
Trd, 4319918.693, 61
Trd, 4319920.393, 67
Trd, 4319921.493, 81
Trd, 4319922.293, 61
Trd, 4319922.793, 82
Trd, 4319923.693, 102
Trd, 4319923.743, 97
Trd, 4319924.193, 112
Trd, 4319925.043, 94
Trd, 4319925.693, 92
Trd, 4319925.993, 114
Trd, 4319927.493, 107
Trd, 4319928.093, 119
Trd, 4319929.243, 127
Trd, 4319929.493, 122
Trd, 4319930.843, 107
Trd, 4319930.943, 106
Trd, 4319931.543, 104
Trd, 4319932.993, 110
Trd, 4319933.093, 100
Trd, 4319934.243, 108
Trd, 4319934.693, 108
Trd, 4319935.243, 102
Trd, 4319935.493, 113
Trd, 4319936.143, 65
Trd, 4319936.743, 73
Trd, 4319936.993, 61
Trd, 4319938.593, 86
Trd, 4319939.993, 76
Trd, 4319940.643, 73
Trd, 4319942.243, 112
Trd, 4319943.593, 112
Trd, 4319943.943, 108
Trd, 4319944.643, 108
Trd, 4319944.843, 105
Trd, 4319944.943, 113
Trd, 4319945.693, 102
Trd, 4319946.793, 101
Trd, 4319947.343, 118
Trd, 4319948.343, 122
Trd, 4319948.543, 95
Trd, 4319949.093, 83
Trd, 4319949.943, 106
Trd, 4319950.193, 105
Trd, 4319951.643, 60
Trd, 4319953.443, 82
Trd, 4319953.893, 78
Trd, 4319954.343, 93
Trd, 4319954.843, 94
Trd, 4319955.293, 100
Trd, 4319956.493, 119
Trd, 4319956.643, 65
Trd, 4319957.093, 84
Trd, 4319958.693, 64
Trd, 4319958.743, 74
Trd, 4319959.893, 119
Trd, 4319960.143, 88
Trd, 4319961.043, 103
Trd, 4319961.143, 101
Trd, 4319961.193, 78
Trd, 4319962.043, 61
Trd, 4319962.743, 85
Trd, 4319963.993, 87
Trd, 4319964.043, 83
Trd, 4319964.743, 67
Trd, 4319965.793, 118
Trd, 4319966.343, 119
Trd, 4319966.993, 117
Trd, 4319968.593, 115
Trd, 4319969.393, 101
Trd, 4319970.293, 135
Trd, 4319971.543, 75
Trd, 4319971.643, 67
Trd, 4319972.543, 87
Trd, 4319972.993, 87
Trd, 4319973.343, 107
Trd, 4319974.443, 120
Trd, 4319974.893, 120
Trd, 4319974.943, 117
Trd, 4319976.593, 131
Trd, 4319978.493, 132
Trd, 4319978.743, 95
Trd, 4319978.943, 89
Trd, 4319979.443, 105
Trd, 4319979.943, 88
Trd, 4319980.343, 96
Trd, 4319980.393, 83
Trd, 4319981.043, 63
Trd, 4319981.443, 119
Trd, 4319983.243, 65
Trd, 4319983.493, 64
Trd, 4319984.593, 78
Trd, 4319985.543, 63
Trd, 4319986.943, 69
Trd, 4319987.343, 81
Trd, 4319987.693, 83
Trd, 4319988.193, 95
Trd, 4319988.843, 73
Trd, 4319989.093, 72
Trd, 4319989.643, 90
Trd, 4319990.093, 85
Trd, 4319991.593, 97
Trd, 4319992.593, 132
Trd, 4319993.143, 132
Trd, 4319993.293, 131
Trd, 4319993.443, 113
Trd, 4319993.693, 125
Trd, 4319994.693, 95
Trd, 4319994.893, 85
Trd, 4319995.393, 61
Trd, 4319997.043, 126
Trd, 4319997.393, 96
Trd, 4319997.843, 121
Trd, 4319999.043, 101
