Trd, 4318107.743, 73
Trd, 4318108.043, 94
Trd, 4318108.093, 119
Trd, 4318109.143, 78
Trd, 4318109.493, 76
Trd, 4318109.793, 94
Trd, 4318109.993, 73
Trd, 4318110.593, 101
Trd, 4318110.893, 64
Trd, 4318111.793, 61
Trd, 4318112.093, 84
Trd, 4318112.343, 133
Trd, 4318114.243, 85
Trd, 4318114.393, 124
Trd, 4318114.843, 132
Trd, 4318115.143, 140
Trd, 4318116.793, 119
Trd, 4318117.443, 125
Trd, 4318119.043, 134
Trd, 4318119.543, 87
Trd, 4318120.543, 81
Trd, 4318120.793, 124
Trd, 4318122.193, 138
Trd, 4318123.043, 131
Trd, 4318123.143, 117
Trd, 4318123.793, 86
Trd, 4318124.893, 130
Trd, 4318126.593, 93
Trd, 4318126.643, 82
Trd, 4318127.493, 101
Trd, 4318128.843, 135
Trd, 4318129.143, 133
Trd, 4318129.493, 106
Trd, 4318130.993, 87
Trd, 4318131.993, 110
Trd, 4318132.493, 139
Trd, 4318132.843, 121
Trd, 4318133.443, 139
Trd, 4318134.843, 102
Trd, 4318136.893, 138
Trd, 4318137.443, 115
Trd, 4318138.093, 140
Trd, 4318138.693, 111
Trd, 4318139.943, 104
Trd, 4318140.143, 73
Trd, 4318140.543, 131
Trd, 4318140.893, 96
Trd, 4318141.593, 136
Trd, 4318141.843, 91
Trd, 4318142.093, 85
Trd, 4318142.893, 103
Trd, 4318143.893, 81
Trd, 4318144.443, 78
Trd, 4318144.993, 101
Trd, 4318145.393, 71
Trd, 4318145.793, 72
Trd, 4318147.343, 111
Trd, 4318147.643, 104
Trd, 4318148.393, 85
Trd, 4318148.943, 74
Trd, 4318149.143, 77
Trd, 4318149.343, 129
Trd, 4318150.743, 68
Trd, 4318153.243, 98
Trd, 4318154.293, 95
Trd, 4318154.343, 89
Trd, 4318154.443, 115
Trd, 4318154.943, 103
Trd, 4318155.493, 121
Trd, 4318156.093, 75
Trd, 4318156.393, 122
Trd, 4318157.193, 137
Trd, 4318157.743, 126
Trd, 4318157.893, 119
Trd, 4318159.043, 125
Trd, 4318160.043, 83
Trd, 4318160.493, 68
Trd, 4318160.893, 75
Trd, 4318162.243, 79
Trd, 4318162.393, 81
Trd, 4318162.693, 89
Trd, 4318162.793, 101
Trd, 4318163.593, 76
Trd, 4318165.793, 74
Trd, 4318165.893, 75
Trd, 4318166.993, 88
Trd, 4318167.643, 77
Trd, 4318167.993, 72
Trd, 4318168.443, 111
Trd, 4318169.143, 138
Trd, 4318169.593, 106
Trd, 4318171.843, 75
Trd, 4318173.143, 92
Trd, 4318173.243, 135
Trd, 4318173.743, 90
Trd, 4318174.543, 132
Trd, 4318175.143, 122
Trd, 4318176.243, 137
Trd, 4318176.343, 112
Trd, 4318176.943, 105
Trd, 4318177.893, 113
Trd, 4318178.343, 88
Trd, 4318178.843, 65
Trd, 4318178.943, 98
Trd, 4318180.143, 75
Trd, 4318180.443, 105
Trd, 4318180.943, 108
Trd, 4318182.493, 127
Trd, 4318182.793, 135
Trd, 4318183.843, 140
Trd, 4318184.443, 136
Trd, 4318186.343, 125
Trd, 4318187.743, 137
Trd, 4318187.843, 115
Trd, 4318188.493, 134
Trd, 4318188.943, 103
Trd, 4318189.793, 83
Trd, 4318189.893, 82
Trd, 4318190.843, 120
Trd, 4318190.993, 109
Trd, 4318191.793, 83
Trd, 4318192.493, 66
Trd, 4318193.193, 102
Trd, 4318193.593, 134
Trd, 4318194.443, 134
Trd, 4318195.693, 94
Trd, 4318196.843, 95
Trd, 4318197.393, 129
Trd, 4318198.743, 97
Trd, 4318198.993, 84
Trd, 4318199.743, 112
Trd, 4318200.793, 105
Trd, 4318200.843, 94
Trd, 4318201.493, 127
Trd, 4318201.993, 133
Trd, 4318203.343, 96
Trd, 4318204.593, 138
Trd, 4318205.493, 113
Trd, 4318205.593, 102
Trd, 4318206.243, 130
Trd, 4318206.643, 118
Trd, 4318206.993, 119
Trd, 4318207.143, 107
Trd, 4318207.643, 124
Trd, 4318208.793, 119
Trd, 4318209.943, 128
Trd, 4318209.993, 121
Trd, 4318210.443, 92
Trd, 4318211.943, 83
Trd, 4318213.893, 103
Trd, 4318214.243, 132
Trd, 4318214.943, 126
Trd, 4318215.193, 115
Trd, 4318215.793, 81
Trd, 4318216.243, 67
Trd, 4318217.093, 99
Trd, 4318217.643, 99
Trd, 4318219.743, 139
Trd, 4318220.393, 135
Trd, 4318220.643, 131
Trd, 4318220.693, 117
Trd, 4318220.993, 108
Trd, 4318221.043, 108
Trd, 4318222.293, 131
Trd, 4318222.793, 132
Trd, 4318223.893, 132
Trd, 4318224.793, 105
Trd, 4318224.943, 97
Trd, 4318226.343, 102
Trd, 4318226.543, 92
Trd, 4318228.793, 132
Trd, 4318229.643, 140
Trd, 4318229.793, 130
Trd, 4318230.893, 139
Trd, 4318231.093, 124
Trd, 4318231.493, 124
Trd, 4318232.343, 116
Trd, 4318232.543, 106
Trd, 4318233.943, 133
Trd, 4318233.993, 131
Trd, 4318234.443, 126
Trd, 4318234.843, 124
Trd, 4318236.443, 136
Trd, 4318236.943, 104
Trd, 4318237.793, 122
Trd, 4318238.243, 97
Trd, 4318239.693, 120
Trd, 4318240.993, 111
Trd, 4318241.293, 92
Trd, 4318241.643, 136
Trd, 4318241.893, 105
Trd, 4318243.043, 136
Trd, 4318243.743, 82
Trd, 4318243.893, 61
Trd, 4318244.893, 109
Trd, 4318244.993, 98
Trd, 4318245.993, 88
Trd, 4318246.393, 74
Trd, 4318247.143, 106
Trd, 4318247.693, 102
Trd, 4318247.993, 119
Trd, 4318249.493, 106
Trd, 4318251.393, 105
Trd, 4318251.843, 90
Trd, 4318252.243, 117
Trd, 4318252.893, 95
Trd, 4318252.993, 89
Trd, 4318253.793, 131
Trd, 4318254.293, 103
Trd, 4318254.543, 90
Trd, 4318255.693, 118
Trd, 4318257.393, 125
Trd, 4318258.043, 120
Trd, 4318259.693, 112
Trd, 4318260.193, 128
Trd, 4318260.543, 139
Trd, 4318261.043, 121
Trd, 4318261.543, 104
Trd, 4318262.193, 100
Trd, 4318262.643, 118
Trd, 4318263.593, 117
Trd, 4318263.943, 91
Trd, 4318265.243, 83
Trd, 4318265.593, 76
Trd, 4318265.943, 85
Trd, 4318267.593, 132
Trd, 4318267.693, 119
Trd, 4318268.443, 89
Trd, 4318268.843, 134
Trd, 4318270.093, 126
Trd, 4318270.493, 137
Trd, 4318271.443, 138
Trd, 4318271.593, 122
Trd, 4318271.893, 116
Trd, 4318272.893, 123
Trd, 4318273.243, 115
Trd, 4318275.543, 118
Trd, 4318276.343, 120
Trd, 4318277.043, 127
Trd, 4318277.093, 100
Trd, 4318278.393, 128
Trd, 4318279.543, 87
Trd, 4318279.643, 106
Trd, 4318280.193, 127
Trd, 4318280.843, 140
Trd, 4318283.143, 133
Trd, 4318283.893, 138
Trd, 4318283.993, 118
Trd, 4318285.493, 119
Trd, 4318286.643, 140
Trd, 4318287.243, 128
Trd, 4318287.293, 108
Trd, 4318287.743, 98
Trd, 4318288.193, 94
Trd, 4318288.793, 70
Trd, 4318289.543, 67
Trd, 4318290.493, 65
Trd, 4318291.793, 102
Trd, 4318292.593, 138
Trd, 4318293.693, 123
Trd, 4318294.843, 140
Trd, 4318294.993, 112
Trd, 4318295.543, 92
Trd, 4318295.793, 107
Trd, 4318296.693, 133
Trd, 4318296.943, 89
Trd, 4318297.193, 88
Trd, 4318297.693, 79
Trd, 4318299.593, 84
Trd, 4318299.693, 126
Trd, 4318299.993, 76
Trd, 4318301.143, 117
Trd, 4318301.493, 117
Trd, 4318301.643, 108
Trd, 4318303.193, 120
Trd, 4318303.243, 104
Trd, 4318303.593, 133
Trd, 4318304.943, 140
Trd, 4318305.843, 125
Trd, 4318306.343, 132
Trd, 4318307.243, 106
Trd, 4318307.793, 138
Trd, 4318307.943, 82
Trd, 4318308.393, 98
Trd, 4318308.543, 89
Trd, 4318309.443, 127
Trd, 4318311.743, 123
Trd, 4318311.843, 109
Trd, 4318311.893, 76
Trd, 4318313.243, 93
Trd, 4318314.793, 118
Trd, 4318315.293, 105
Trd, 4318315.893, 140
Trd, 4318316.193, 130
Trd, 4318316.643, 102
Trd, 4318317.993, 121
Trd, 4318318.143, 90
Trd, 4318318.493, 115
Trd, 4318319.693, 129
Trd, 4318320.193, 120
Trd, 4318321.043, 95
Trd, 4318321.493, 130
Trd, 4318321.743, 127
Trd, 4318322.343, 131
Trd, 4318323.443, 99
Trd, 4318324.343, 84
Trd, 4318324.393, 85
Trd, 4318325.093, 128
Trd, 4318325.443, 133
Trd, 4318325.493, 105
Trd, 4318326.893, 108
Trd, 4318327.593, 120
Trd, 4318328.443, 90
Trd, 4318329.343, 68
Trd, 4318330.343, 99
Trd, 4318330.693, 92
Trd, 4318331.943, 77
Trd, 4318332.543, 90
Trd, 4318332.693, 80
Trd, 4318333.343, 115
Trd, 4318334.343, 108
Trd, 4318334.943, 129
Trd, 4318335.393, 102
Trd, 4318336.193, 81
Trd, 4318337.043, 73
Trd, 4318337.893, 136
Trd, 4318338.243, 111
Trd, 4318338.993, 60
Trd, 4318340.093, 76
Trd, 4318340.643, 76
Trd, 4318342.393, 116
Trd, 4318342.843, 106
Trd, 4318343.593, 118
Trd, 4318344.843, 96
Trd, 4318345.893, 138
Trd, 4318346.043, 124
Trd, 4318346.893, 101
Trd, 4318347.193, 117
Trd, 4318348.093, 139
Trd, 4318348.193, 102
Trd, 4318348.493, 138
Trd, 4318348.943, 127
Trd, 4318349.643, 89
Trd, 4318349.893, 83
Trd, 4318352.143, 110
Trd, 4318352.693, 129
Trd, 4318353.643, 123
Trd, 4318353.893, 116
Trd, 4318354.693, 94
Trd, 4318354.893, 99
Trd, 4318356.643, 132
Trd, 4318357.643, 115
Trd, 4318357.843, 115
Trd, 4318357.893, 135
Trd, 4318358.543, 117
Trd, 4318358.893, 113
Trd, 4318359.093, 136
Trd, 4318359.493, 109
Trd, 4318361.143, 106
Trd, 4318361.993, 85
Trd, 4318362.143, 121
Trd, 4318362.743, 65
Trd, 4318363.793, 89
Trd, 4318364.393, 92
Trd, 4318364.493, 82
Trd, 4318364.793, 139
Trd, 4318366.343, 103
Trd, 4318366.843, 127
Trd, 4318368.093, 90
Trd, 4318368.543, 127
Trd, 4318369.443, 117
Trd, 4318369.993, 108
Trd, 4318370.943, 117
Trd, 4318371.143, 105
Trd, 4318372.243, 94
Trd, 4318372.843, 111
Trd, 4318373.643, 135
Trd, 4318374.143, 125
Trd, 4318375.293, 103
Trd, 4318375.793, 125
Trd, 4318375.993, 129
Trd, 4318376.293, 96
Trd, 4318377.243, 112
Trd, 4318377.393, 101
Trd, 4318377.743, 126
Trd, 4318378.643, 107
Trd, 4318379.343, 139
Trd, 4318380.493, 118
Trd, 4318380.793, 112
Trd, 4318381.093, 102
Trd, 4318381.343, 116
Trd, 4318382.993, 137
Trd, 4318383.943, 89
Trd, 4318384.343, 79
Trd, 4318384.843, 86
Trd, 4318385.793, 126
Trd, 4318386.343, 99
Trd, 4318386.743, 109
Trd, 4318386.793, 111
Trd, 4318388.993, 137
Trd, 4318389.243, 84
Trd, 4318390.993, 117
Trd, 4318391.743, 92
Trd, 4318392.293, 81
Trd, 4318392.743, 93
Trd, 4318393.343, 72
Trd, 4318394.893, 115
Trd, 4318395.443, 136
Trd, 4318395.943, 121
Trd, 4318397.393, 94
Trd, 4318397.493, 88
Trd, 4318398.293, 117
Trd, 4318399.443, 138
Trd, 4318400.543, 90
Trd, 4318402.093, 123
Trd, 4318404.043, 98
Trd, 4318404.243, 110
Trd, 4318404.693, 119
Trd, 4318404.893, 83
Trd, 4318405.843, 92
Trd, 4318405.993, 98
Trd, 4318406.393, 129
Trd, 4318406.743, 124
Trd, 4318407.693, 112
Trd, 4318409.593, 109
Trd, 4318410.493, 135
Trd, 4318410.693, 137
Trd, 4318410.743, 115
Trd, 4318411.593, 91
Trd, 4318412.593, 92
Trd, 4318414.293, 132
Trd, 4318414.643, 120
Trd, 4318414.993, 118
Trd, 4318416.093, 125
Trd, 4318416.243, 114
Trd, 4318416.593, 80
Trd, 4318417.893, 127
Trd, 4318418.593, 72
Trd, 4318419.693, 137
Trd, 4318419.743, 122
Trd, 4318420.743, 65
Trd, 4318421.143, 126
Trd, 4318421.293, 121
Trd, 4318421.543, 119
Trd, 4318422.193, 84
Trd, 4318422.793, 116
Trd, 4318423.843, 94
Trd, 4318425.243, 68
Trd, 4318426.193, 72
Trd, 4318426.643, 116
Trd, 4318426.793, 110
Trd, 4318427.043, 136
Trd, 4318427.293, 121
Trd, 4318428.343, 89
Trd, 4318428.543, 101
Trd, 4318429.093, 79
Trd, 4318430.593, 136
Trd, 4318432.293, 137
Trd, 4318433.443, 93
Trd, 4318434.043, 80
Trd, 4318434.643, 95
Trd, 4318434.843, 112
Trd, 4318435.693, 136
Trd, 4318436.043, 122
Trd, 4318437.043, 136
Trd, 4318438.093, 120
Trd, 4318438.143, 115
Trd, 4318438.343, 112
Trd, 4318438.743, 104
Trd, 4318440.543, 106
Trd, 4318441.143, 89
Trd, 4318442.443, 91
Trd, 4318442.893, 122
Trd, 4318443.493, 129
Trd, 4318443.693, 115
Trd, 4318443.793, 106
Trd, 4318443.943, 77
Trd, 4318445.943, 134
Trd, 4318446.543, 126
Trd, 4318447.143, 113
Trd, 4318447.693, 116
Trd, 4318447.993, 107
Trd, 4318448.693, 108
Trd, 4318449.293, 89
Trd, 4318450.493, 140
Trd, 4318451.593, 89
Trd, 4318451.943, 121
Trd, 4318454.193, 140
Trd, 4318454.243, 125
Trd, 4318454.443, 104
Trd, 4318454.493, 87
Trd, 4318454.743, 130
Trd, 4318456.093, 117
Trd, 4318456.743, 90
Trd, 4318456.893, 82
Trd, 4318458.193, 63
Trd, 4318458.593, 70
Trd, 4318458.743, 72
Trd, 4318460.193, 137
Trd, 4318460.443, 135
Trd, 4318461.443, 139
Trd, 4318461.893, 97
Trd, 4318463.193, 128
Trd, 4318464.093, 114
Trd, 4318464.393, 105
Trd, 4318465.143, 115
Trd, 4318465.643, 95
Trd, 4318466.093, 84
Trd, 4318466.993, 131
Trd, 4318467.643, 81
Trd, 4318467.993, 126
Trd, 4318468.993, 85
Trd, 4318470.393, 139
Trd, 4318470.793, 126
Trd, 4318472.143, 85
Trd, 4318472.843, 76
Trd, 4318473.243, 92
Trd, 4318473.843, 70
Trd, 4318474.343, 74
Trd, 4318475.043, 139
Trd, 4318476.343, 140
Trd, 4318476.843, 117
Trd, 4318477.293, 137
Trd, 4318478.093, 133
Trd, 4318478.643, 139
Trd, 4318479.243, 86
Trd, 4318479.293, 85
Trd, 4318480.043, 117
Trd, 4318480.243, 66
Trd, 4318483.343, 140
Trd, 4318484.043, 122
Trd, 4318484.493, 113
Trd, 4318484.743, 104
Trd, 4318484.793, 118
Trd, 4318485.243, 71
Trd, 4318485.493, 92
Trd, 4318487.093, 87
Trd, 4318487.343, 112
Trd, 4318487.593, 80
Trd, 4318488.143, 125
Trd, 4318488.593, 120
Trd, 4318489.093, 103
Trd, 4318489.293, 92
Trd, 4318490.843, 127
Trd, 4318491.193, 90
Trd, 4318492.593, 81
Trd, 4318493.693, 138
Trd, 4318494.993, 110
Trd, 4318495.593, 140
Trd, 4318495.743, 110
Trd, 4318496.043, 100
Trd, 4318496.893, 84
Trd, 4318498.693, 112
Trd, 4318499.493, 115
Trd, 4318499.743, 110
Trd, 4318500.443, 125
Trd, 4318500.643, 95
Trd, 4318501.793, 127
Trd, 4318502.093, 96
Trd, 4318502.693, 81
Trd, 4318503.943, 138
Trd, 4318505.143, 139
Trd, 4318506.593, 112
Trd, 4318506.793, 115
Trd, 4318507.593, 131
Trd, 4318508.143, 123
Trd, 4318508.743, 111
Trd, 4318508.893, 95
Trd, 4318509.443, 115
Trd, 4318510.643, 139
Trd, 4318511.343, 128
Trd, 4318512.293, 129
Trd, 4318512.643, 130
Trd, 4318512.793, 109
Trd, 4318513.093, 131
Trd, 4318514.293, 125
Trd, 4318514.643, 112
Trd, 4318515.593, 112
Trd, 4318515.643, 113
Trd, 4318516.793, 139
Trd, 4318517.743, 120
Trd, 4318517.943, 107
Trd, 4318518.893, 102
Trd, 4318519.643, 90
Trd, 4318521.143, 123
Trd, 4318521.443, 125
Trd, 4318522.243, 132
Trd, 4318522.593, 140
Trd, 4318523.293, 121
Trd, 4318524.093, 130
Trd, 4318524.993, 103
Trd, 4318525.593, 130
Trd, 4318525.893, 114
Trd, 4318526.743, 133
Trd, 4318526.943, 108
Trd, 4318527.243, 122
Trd, 4318527.493, 98
Trd, 4318527.743, 135
Trd, 4318527.893, 88
Trd, 4318528.243, 101
Trd, 4318530.943, 110
Trd, 4318532.943, 119
Trd, 4318534.293, 129
Trd, 4318534.493, 115
Trd, 4318534.743, 104
Trd, 4318535.243, 91
Trd, 4318535.443, 78
Trd, 4318535.993, 137
Trd, 4318536.293, 75
Trd, 4318538.493, 129
Trd, 4318540.393, 105
Trd, 4318540.843, 93
Trd, 4318541.993, 113
Trd, 4318542.093, 110
Trd, 4318542.943, 138
Trd, 4318543.743, 138
Trd, 4318543.893, 136
Trd, 4318545.093, 101
Trd, 4318545.593, 93
Trd, 4318545.643, 88
Trd, 4318545.793, 109
Trd, 4318546.543, 126
Trd, 4318547.243, 74
Trd, 4318548.993, 81
Trd, 4318549.693, 124
Trd, 4318551.093, 132
Trd, 4318551.843, 110
Trd, 4318552.243, 83
Trd, 4318552.893, 132
Trd, 4318553.393, 135
Trd, 4318554.193, 85
Trd, 4318554.843, 94
Trd, 4318555.593, 92
Trd, 4318556.843, 109
Trd, 4318556.993, 89
Trd, 4318557.593, 84
Trd, 4318557.893, 132
Trd, 4318559.593, 137
Trd, 4318559.693, 98
Trd, 4318560.543, 91
Trd, 4318561.243, 111
Trd, 4318562.243, 129
Trd, 4318562.443, 110
Trd, 4318563.993, 64
Trd, 4318565.893, 116
Trd, 4318566.143, 112
Trd, 4318566.893, 107
Trd, 4318567.593, 96
Trd, 4318568.043, 109
Trd, 4318569.693, 116
Trd, 4318570.693, 92
Trd, 4318571.893, 98
Trd, 4318572.643, 83
Trd, 4318572.793, 82
Trd, 4318573.293, 122
Trd, 4318573.743, 80
Trd, 4318573.893, 77
Trd, 4318574.693, 121
Trd, 4318576.393, 85
Trd, 4318577.843, 131
Trd, 4318578.193, 123
Trd, 4318579.243, 128
Trd, 4318579.493, 112
Trd, 4318580.593, 139
Trd, 4318580.943, 124
Trd, 4318581.243, 96
Trd, 4318581.393, 101
Trd, 4318582.593, 114
Trd, 4318583.243, 67
Trd, 4318584.093, 106
Trd, 4318585.243, 138
Trd, 4318585.293, 119
Trd, 4318586.493, 118
Trd, 4318588.843, 133
Trd, 4318588.893, 116
Trd, 4318589.043, 105
Trd, 4318589.743, 103
Trd, 4318589.943, 82
Trd, 4318590.593, 89
Trd, 4318590.993, 137
Trd, 4318591.543, 86
Trd, 4318591.843, 137
Trd, 4318593.043, 85
Trd, 4318593.643, 85
Trd, 4318593.843, 78
Trd, 4318594.293, 110
Trd, 4318595.143, 114
Trd, 4318595.443, 137
Trd, 4318595.743, 131
Trd, 4318596.043, 89
Trd, 4318599.293, 128
Trd, 4318599.743, 123
Trd, 4318600.393, 130
Trd, 4318601.043, 122
Trd, 4318602.243, 126
Trd, 4318602.993, 127
Trd, 4318603.643, 113
Trd, 4318603.693, 95
Trd, 4318604.193, 100
Trd, 4318605.093, 133
Trd, 4318605.993, 128
Trd, 4318606.393, 123
Trd, 4318608.293, 134
Trd, 4318608.843, 127
Trd, 4318609.093, 116
Trd, 4318609.493, 111
Trd, 4318610.743, 121
Trd, 4318610.793, 123
Trd, 4318611.593, 135
Trd, 4318612.693, 109
Trd, 4318613.293, 104
Trd, 4318614.393, 87
Trd, 4318614.543, 80
Trd, 4318616.293, 102
Trd, 4318616.993, 130
Trd, 4318617.643, 71
Trd, 4318618.793, 136
Trd, 4318619.143, 103
Trd, 4318620.443, 135
Trd, 4318622.093, 75
Trd, 4318622.993, 69
Trd, 4318623.243, 123
Trd, 4318624.293, 128
Trd, 4318624.393, 84
Trd, 4318624.493, 80
Trd, 4318625.593, 67
Trd, 4318625.843, 97
Trd, 4318626.593, 87
Trd, 4318626.743, 116
Trd, 4318626.993, 97
Trd, 4318628.143, 85
Trd, 4318630.043, 132
Trd, 4318630.193, 132
Trd, 4318630.293, 128
Trd, 4318630.593, 118
Trd, 4318631.343, 69
Trd, 4318631.543, 71
Trd, 4318632.743, 104
Trd, 4318633.343, 97
Trd, 4318633.993, 73
Trd, 4318635.493, 90
Trd, 4318636.093, 120
Trd, 4318636.293, 70
Trd, 4318637.293, 99
Trd, 4318637.843, 88
Trd, 4318638.743, 139
Trd, 4318639.593, 108
Trd, 4318640.593, 116
Trd, 4318641.643, 133
Trd, 4318641.943, 110
Trd, 4318642.893, 116
Trd, 4318643.343, 127
Trd, 4318643.593, 88
Trd, 4318645.243, 93
Trd, 4318645.493, 84
Trd, 4318645.793, 100
Trd, 4318646.243, 77
Trd, 4318647.793, 71
Trd, 4318648.193, 73
Trd, 4318649.343, 131
Trd, 4318650.843, 79
Trd, 4318651.343, 72
Trd, 4318652.193, 76
Trd, 4318652.893, 86
Trd, 4318652.943, 110
Trd, 4318653.593, 118
Trd, 4318655.443, 106
Trd, 4318656.393, 103
Trd, 4318656.493, 69
Trd, 4318656.793, 80
Trd, 4318658.093, 60
Trd, 4318658.643, 130
Trd, 4318659.093, 108
Trd, 4318660.843, 120
Trd, 4318663.143, 117
Trd, 4318663.243, 116
Trd, 4318663.843, 93
Trd, 4318663.943, 83
Trd, 4318664.593, 79
Trd, 4318665.843, 123
Trd, 4318665.943, 104
Trd, 4318666.143, 91
Trd, 4318667.843, 122
Trd, 4318668.143, 105
Trd, 4318668.693, 116
Trd, 4318669.393, 92
Trd, 4318669.793, 127
Trd, 4318670.143, 138
Trd, 4318671.293, 99
Trd, 4318672.243, 136
Trd, 4318673.343, 90
Trd, 4318673.993, 94
Trd, 4318674.443, 112
Trd, 4318675.093, 138
Trd, 4318675.743, 114
Trd, 4318676.343, 131
Trd, 4318676.843, 75
Trd, 4318677.343, 90
Trd, 4318677.843, 97
Trd, 4318679.343, 119
Trd, 4318679.693, 100
Trd, 4318680.843, 137
Trd, 4318681.043, 99
Trd, 4318681.193, 90
Trd, 4318682.393, 63
Trd, 4318684.193, 132
Trd, 4318685.243, 123
Trd, 4318686.893, 118
Trd, 4318686.943, 96
Trd, 4318687.893, 75
Trd, 4318688.693, 119
Trd, 4318689.143, 74
Trd, 4318689.793, 113
Trd, 4318689.993, 117
Trd, 4318690.743, 85
Trd, 4318691.993, 67
Trd, 4318692.543, 71
Trd, 4318692.893, 60
Trd, 4318694.093, 72
Trd, 4318694.343, 103
Trd, 4318695.643, 103
Trd, 4318696.443, 117
Trd, 4318696.993, 138
Trd, 4318698.443, 120
Trd, 4318699.443, 124
Trd, 4318700.343, 123
Trd, 4318700.393, 119
Trd, 4318700.443, 105
Trd, 4318700.943, 134
Trd, 4318702.793, 140
Trd, 4318703.043, 132
Trd, 4318704.593, 108
Trd, 4318705.043, 132
Trd, 4318705.443, 115
Trd, 4318706.043, 117
Trd, 4318706.343, 107
Trd, 4318706.543, 103
Trd, 4318706.893, 137
Trd, 4318707.993, 73
Trd, 4318708.743, 82
Trd, 4318709.143, 92
Trd, 4318709.393, 103
Trd, 4318710.093, 81
Trd, 4318710.793, 92
Trd, 4318711.943, 139
Trd, 4318713.243, 97
Trd, 4318713.993, 85
Trd, 4318714.693, 116
Trd, 4318715.393, 68
Trd, 4318715.693, 126
Trd, 4318717.393, 118
Trd, 4318717.843, 112
Trd, 4318718.093, 134
Trd, 4318718.593, 123
Trd, 4318719.493, 132
Trd, 4318719.543, 112
Trd, 4318719.893, 91
Trd, 4318721.843, 121
Trd, 4318722.293, 139
Trd, 4318722.793, 123
Trd, 4318722.993, 109
Trd, 4318723.043, 108
Trd, 4318723.743, 123
Trd, 4318725.843, 139
Trd, 4318727.643, 135
Trd, 4318728.493, 136
Trd, 4318728.843, 140
Trd, 4318729.343, 128
Trd, 4318730.143, 118
Trd, 4318730.193, 116
Trd, 4318730.643, 123
Trd, 4318730.943, 132
Trd, 4318731.243, 101
Trd, 4318732.743, 108
Trd, 4318734.043, 94
Trd, 4318734.693, 132
Trd, 4318735.943, 140
Trd, 4318736.193, 137
Trd, 4318736.243, 102
Trd, 4318737.393, 79
Trd, 4318738.143, 123
Trd, 4318738.393, 119
Trd, 4318739.343, 91
Trd, 4318740.293, 88
Trd, 4318741.143, 84
Trd, 4318742.643, 131
Trd, 4318743.143, 135
Trd, 4318743.193, 86
Trd, 4318743.543, 95
Trd, 4318745.043, 86
Trd, 4318746.543, 102
Trd, 4318748.143, 101
Trd, 4318748.593, 71
Trd, 4318749.093, 103
Trd, 4318749.593, 65
Trd, 4318749.793, 104
Trd, 4318750.043, 112
Trd, 4318750.293, 128
Trd, 4318750.993, 61
Trd, 4318752.993, 139
Trd, 4318753.993, 121
Trd, 4318754.293, 114
Trd, 4318755.543, 107
Trd, 4318756.793, 103
Trd, 4318757.293, 86
Trd, 4318758.493, 126
Trd, 4318758.693, 109
Trd, 4318758.893, 104
Trd, 4318759.293, 101
Trd, 4318759.443, 94
Trd, 4318760.793, 118
Trd, 4318761.643, 140
Trd, 4318762.793, 139
Trd, 4318764.293, 89
Trd, 4318764.843, 116
Trd, 4318765.093, 66
Trd, 4318765.793, 110
Trd, 4318766.593, 103
Trd, 4318767.343, 102
Trd, 4318767.743, 72
Trd, 4318768.343, 76
Trd, 4318768.793, 139
Trd, 4318769.793, 63
Trd, 4318770.843, 65
Trd, 4318770.993, 74
Trd, 4318772.593, 127
Trd, 4318773.543, 127
Trd, 4318774.343, 109
Trd, 4318775.643, 136
Trd, 4318775.993, 125
Trd, 4318776.843, 115
Trd, 4318777.943, 102
Trd, 4318779.143, 138
Trd, 4318780.693, 136
Trd, 4318782.043, 119
Trd, 4318782.193, 133
Trd, 4318782.843, 137
Trd, 4318782.993, 110
Trd, 4318784.893, 96
Trd, 4318785.093, 82
Trd, 4318786.043, 117
Trd, 4318786.293, 86
Trd, 4318787.743, 99
Trd, 4318787.993, 99
Trd, 4318788.943, 92
Trd, 4318790.243, 109
Trd, 4318791.193, 116
Trd, 4318791.443, 84
Trd, 4318792.643, 121
Trd, 4318793.343, 100
Trd, 4318794.693, 75
Trd, 4318795.443, 139
Trd, 4318795.743, 92
Trd, 4318796.193, 89
Trd, 4318796.643, 90
Trd, 4318797.343, 91
Trd, 4318797.443, 134
Trd, 4318798.743, 103
Trd, 4318799.593, 106
Trd, 4318801.243, 129
Trd, 4318801.843, 111
Trd, 4318801.943, 110
Trd, 4318802.193, 109
Trd, 4318802.293, 108
Trd, 4318803.493, 133
Trd, 4318803.893, 137
Trd, 4318804.143, 123
Trd, 4318806.693, 139
Trd, 4318807.843, 116
Trd, 4318807.993, 115
Trd, 4318808.693, 104
Trd, 4318809.693, 124
Trd, 4318810.093, 90
Trd, 4318810.443, 111
Trd, 4318811.443, 102
Trd, 4318811.893, 126
Trd, 4318813.293, 105
Trd, 4318813.543, 76
Trd, 4318813.593, 73
Trd, 4318814.293, 105
Trd, 4318814.543, 71
Trd, 4318815.593, 63
Trd, 4318817.893, 64
Trd, 4318818.043, 85
Trd, 4318818.143, 89
Trd, 4318818.343, 117
Trd, 4318818.693, 100
Trd, 4318819.243, 92
Trd, 4318819.643, 100
Trd, 4318820.093, 70
Trd, 4318821.443, 70
Trd, 4318821.643, 72
Trd, 4318822.643, 63
Trd, 4318824.293, 92
Trd, 4318825.143, 84
Trd, 4318826.193, 64
Trd, 4318826.843, 67
Trd, 4318827.093, 63
Trd, 4318827.693, 120
Trd, 4318827.943, 115
Trd, 4318828.893, 134
Trd, 4318829.293, 105
Trd, 4318829.593, 92
Trd, 4318830.843, 100
Trd, 4318830.993, 97
Trd, 4318832.393, 118
Trd, 4318832.593, 103
Trd, 4318833.493, 133
Trd, 4318834.093, 119
Trd, 4318834.643, 91
Trd, 4318835.443, 83
Trd, 4318835.543, 78
Trd, 4318837.143, 110
Trd, 4318837.843, 104
Trd, 4318838.093, 92
Trd, 4318840.143, 136
Trd, 4318840.393, 135
Trd, 4318840.993, 118
Trd, 4318842.393, 125
Trd, 4318843.143, 139
Trd, 4318843.493, 114
Trd, 4318843.843, 132
Trd, 4318844.393, 101
Trd, 4318845.843, 73
Trd, 4318846.893, 85
Trd, 4318847.643, 98
Trd, 4318847.943, 107
Trd, 4318848.743, 97
Trd, 4318849.043, 92
Trd, 4318849.793, 138
Trd, 4318849.993, 109
Trd, 4318850.743, 94
Trd, 4318852.193, 98
Trd, 4318853.193, 129
Trd, 4318853.993, 133
Trd, 4318854.143, 92
Trd, 4318854.693, 76
Trd, 4318855.343, 93
Trd, 4318855.843, 132
Trd, 4318856.543, 126
Trd, 4318857.593, 135
Trd, 4318858.393, 119
Trd, 4318858.643, 95
Trd, 4318858.893, 100
Trd, 4318860.743, 135
Trd, 4318861.443, 132
Trd, 4318862.093, 117
Trd, 4318862.643, 139
Trd, 4318862.693, 124
Trd, 4318863.743, 74
Trd, 4318865.343, 129
Trd, 4318866.543, 120
Trd, 4318866.593, 105
Trd, 4318868.243, 140
Trd, 4318868.443, 112
Trd, 4318868.543, 103
Trd, 4318870.193, 96
Trd, 4318870.593, 86
Trd, 4318870.843, 93
Trd, 4318872.343, 82
Trd, 4318873.043, 121
Trd, 4318874.093, 140
Trd, 4318874.143, 120
Trd, 4318874.593, 110
Trd, 4318875.243, 100
Trd, 4318876.343, 135
Trd, 4318877.043, 90
Trd, 4318877.843, 74
Trd, 4318878.293, 137
Trd, 4318880.193, 139
Trd, 4318880.593, 113
Trd, 4318881.443, 107
Trd, 4318881.493, 103
Trd, 4318881.993, 86
Trd, 4318883.243, 86
Trd, 4318884.743, 105
Trd, 4318884.843, 109
Trd, 4318885.093, 129
Trd, 4318885.193, 89
Trd, 4318885.643, 87
Trd, 4318886.943, 132
Trd, 4318888.793, 115
Trd, 4318889.943, 106
Trd, 4318890.693, 113
Trd, 4318891.643, 111
Trd, 4318892.193, 133
Trd, 4318892.243, 96
Trd, 4318892.343, 95
Trd, 4318894.193, 93
Trd, 4318894.793, 107
Trd, 4318897.093, 82
Trd, 4318897.243, 84
Trd, 4318897.643, 113
Trd, 4318897.893, 103
Trd, 4318900.393, 120
Trd, 4318901.393, 108
Trd, 4318901.443, 98
Trd, 4318901.693, 118
Trd, 4318902.243, 114
Trd, 4318902.593, 92
Trd, 4318902.793, 85
Trd, 4318903.893, 81
Trd, 4318904.993, 112
Trd, 4318905.943, 138
Trd, 4318906.693, 79
Trd, 4318906.993, 137
Trd, 4318908.393, 111
Trd, 4318908.743, 102
Trd, 4318909.693, 138
Trd, 4318909.843, 113
Trd, 4318910.643, 96
Trd, 4318911.893, 138
Trd, 4318912.093, 137
Trd, 4318912.243, 135
Trd, 4318913.943, 103
Trd, 4318914.393, 132
Trd, 4318915.393, 63
Trd, 4318916.843, 78
Trd, 4318917.543, 134
Trd, 4318918.393, 108
Trd, 4318918.943, 107
Trd, 4318919.693, 124
Trd, 4318919.993, 110
Trd, 4318920.393, 80
Trd, 4318922.293, 122
Trd, 4318923.043, 99
Trd, 4318923.093, 106
Trd, 4318924.443, 99
Trd, 4318924.643, 87
Trd, 4318925.443, 133
Trd, 4318926.943, 139
Trd, 4318927.793, 138
Trd, 4318928.693, 114
Trd, 4318928.843, 104
Trd, 4318929.493, 100
Trd, 4318930.193, 93
Trd, 4318932.293, 121
Trd, 4318932.393, 109
Trd, 4318932.493, 105
Trd, 4318933.793, 123
Trd, 4318933.843, 102
Trd, 4318934.043, 62
Trd, 4318934.293, 105
Trd, 4318934.943, 66
Trd, 4318936.443, 102
Trd, 4318937.043, 84
Trd, 4318937.393, 79
Trd, 4318937.943, 101
Trd, 4318939.943, 122
Trd, 4318939.993, 108
Trd, 4318940.743, 111
Trd, 4318941.243, 98
Trd, 4318941.593, 106
Trd, 4318942.293, 91
Trd, 4318942.993, 80
Trd, 4318943.143, 90
Trd, 4318944.243, 127
Trd, 4318944.593, 103
Trd, 4318945.593, 137
Trd, 4318946.793, 112
Trd, 4318947.343, 84
Trd, 4318948.093, 80
Trd, 4318948.243, 80
Trd, 4318949.293, 126
Trd, 4318950.343, 136
Trd, 4318951.193, 86
Trd, 4318952.093, 129
Trd, 4318952.493, 130
Trd, 4318954.093, 139
Trd, 4318954.193, 115
Trd, 4318955.943, 134
Trd, 4318956.343, 134
Trd, 4318956.393, 113
Trd, 4318956.693, 127
Trd, 4318957.843, 81
Trd, 4318959.043, 119
Trd, 4318959.943, 95
Trd, 4318960.093, 91
Trd, 4318960.493, 110
Trd, 4318962.043, 69
Trd, 4318962.393, 83
Trd, 4318963.493, 70
Trd, 4318964.143, 119
Trd, 4318964.593, 81
Trd, 4318965.443, 79
Trd, 4318966.093, 126
Trd, 4318966.293, 97
Trd, 4318968.093, 95
Trd, 4318968.243, 86
Trd, 4318968.443, 77
Trd, 4318969.643, 130
Trd, 4318969.693, 127
Trd, 4318970.993, 136
Trd, 4318972.043, 97
Trd, 4318973.293, 136
Trd, 4318973.693, 127
Trd, 4318974.893, 126
Trd, 4318975.043, 111
Trd, 4318975.793, 128
Trd, 4318976.343, 98
Trd, 4318977.393, 114
Trd, 4318977.893, 139
Trd, 4318979.693, 130
Trd, 4318981.493, 123
Trd, 4318981.793, 112
Trd, 4318982.043, 112
Trd, 4318982.293, 100
Trd, 4318982.443, 100
Trd, 4318982.643, 115
Trd, 4318983.543, 81
Trd, 4318983.843, 99
Trd, 4318985.743, 101
Trd, 4318988.193, 131
Trd, 4318988.343, 123
Trd, 4318988.843, 133
Trd, 4318989.193, 132
Trd, 4318990.643, 119
Trd, 4318991.243, 130
Trd, 4318991.393, 114
Trd, 4318991.843, 72
Trd, 4318992.093, 103
Trd, 4318992.443, 71
Trd, 4318993.543, 77
Trd, 4318994.243, 140
Trd, 4318995.193, 94
Trd, 4318997.193, 96
Trd, 4318997.343, 129
Trd, 4318999.093, 135
Trd, 4318999.993, 140
Trd, 4319000.143, 84
Trd, 4319000.443, 100
Trd, 4319002.093, 94
Trd, 4319002.743, 63
Trd, 4319003.193, 85
Trd, 4319003.493, 98
Trd, 4319003.643, 94
Trd, 4319004.193, 132
Trd, 4319004.543, 137
Trd, 4319005.393, 79
Trd, 4319006.843, 68
Trd, 4319008.193, 117
Trd, 4319008.293, 70
Trd, 4319009.293, 129
Trd, 4319010.543, 128
Trd, 4319011.543, 122
Trd, 4319012.093, 100
Trd, 4319012.543, 74
Trd, 4319013.093, 104
Trd, 4319013.543, 97
Trd, 4319013.743, 96
Trd, 4319014.643, 124
Trd, 4319014.693, 94
Trd, 4319016.443, 117
Trd, 4319018.143, 140
Trd, 4319018.943, 92
Trd, 4319020.093, 63
Trd, 4319020.593, 74
Trd, 4319021.043, 63
Trd, 4319021.643, 85
Trd, 4319022.943, 136
Trd, 4319023.393, 85
Trd, 4319025.693, 70
Trd, 4319025.893, 92
Trd, 4319026.393, 138
Trd, 4319026.843, 101
Trd, 4319027.093, 80
Trd, 4319028.443, 111
Trd, 4319029.243, 112
Trd, 4319029.593, 96
Trd, 4319030.343, 89
Trd, 4319030.993, 140
Trd, 4319031.593, 95
Trd, 4319031.693, 65
Trd, 4319032.793, 119
Trd, 4319033.893, 139
Trd, 4319034.893, 86
Trd, 4319035.293, 87
Trd, 4319036.243, 71
Trd, 4319036.593, 97
Trd, 4319036.643, 68
Trd, 4319037.693, 67
Trd, 4319038.693, 110
Trd, 4319039.193, 81
Trd, 4319039.793, 115
Trd, 4319040.443, 133
Trd, 4319041.493, 80
Trd, 4319043.443, 105
Trd, 4319043.793, 103
Trd, 4319044.543, 93
Trd, 4319044.993, 101
Trd, 4319045.143, 92
Trd, 4319046.393, 65
Trd, 4319046.943, 112
Trd, 4319047.743, 96
Trd, 4319048.193, 93
Trd, 4319049.293, 65
Trd, 4319049.343, 91
Trd, 4319050.443, 139
Trd, 4319050.893, 111
Trd, 4319050.993, 95
Trd, 4319051.343, 82
Trd, 4319052.343, 93
Trd, 4319052.993, 108
Trd, 4319053.343, 95
Trd, 4319053.543, 117
Trd, 4319054.493, 68
Trd, 4319054.843, 95
Trd, 4319056.243, 102
Trd, 4319057.343, 90
Trd, 4319057.593, 101
Trd, 4319058.493, 92
Trd, 4319059.593, 89
Trd, 4319060.393, 118
Trd, 4319061.443, 140
Trd, 4319061.993, 127
Trd, 4319062.343, 133
Trd, 4319064.143, 90
Trd, 4319065.143, 115
Trd, 4319065.643, 115
Trd, 4319066.193, 74
Trd, 4319067.593, 137
Trd, 4319068.093, 102
Trd, 4319068.593, 129
Trd, 4319069.693, 105
Trd, 4319070.393, 114
Trd, 4319070.943, 134
Trd, 4319072.193, 80
Trd, 4319072.243, 93
Trd, 4319073.993, 90
Trd, 4319075.393, 133
Trd, 4319075.643, 97
Trd, 4319076.143, 111
Trd, 4319076.393, 135
Trd, 4319076.793, 93
Trd, 4319076.943, 75
Trd, 4319077.793, 124
Trd, 4319079.093, 105
Trd, 4319079.543, 102
Trd, 4319080.493, 85
Trd, 4319080.543, 125
Trd, 4319080.693, 78
Trd, 4319080.793, 78
Trd, 4319081.943, 119
Trd, 4319082.193, 94
Trd, 4319084.343, 131
Trd, 4319084.593, 115
Trd, 4319085.493, 119
Trd, 4319085.993, 78
Trd, 4319086.093, 75
Trd, 4319087.093, 137
Trd, 4319087.543, 124
Trd, 4319088.143, 94
Trd, 4319088.243, 88
Trd, 4319088.443, 124
Trd, 4319089.393, 137
Trd, 4319089.943, 114
Trd, 4319091.593, 129
Trd, 4319093.343, 126
Trd, 4319093.543, 115
Trd, 4319093.793, 60
Trd, 4319095.343, 122
Trd, 4319095.593, 118
Trd, 4319097.593, 100
Trd, 4319097.693, 83
Trd, 4319098.443, 117
Trd, 4319099.593, 122
Trd, 4319099.943, 120
Trd, 4319100.693, 131
Trd, 4319101.443, 107
Trd, 4319102.243, 105
Trd, 4319103.793, 115
Trd, 4319103.893, 109
Trd, 4319105.143, 120
Trd, 4319105.543, 117
Trd, 4319106.093, 63
Trd, 4319108.393, 132
Trd, 4319108.693, 131
Trd, 4319109.943, 107
Trd, 4319110.343, 90
Trd, 4319112.093, 139
Trd, 4319112.443, 127
Trd, 4319112.543, 121
Trd, 4319112.943, 124
Trd, 4319114.193, 89
Trd, 4319114.743, 106
Trd, 4319115.043, 108
Trd, 4319116.143, 116
Trd, 4319117.443, 127
Trd, 4319117.593, 106
Trd, 4319117.693, 105
Trd, 4319119.493, 128
Trd, 4319119.993, 109
Trd, 4319120.743, 124
Trd, 4319120.843, 92
Trd, 4319122.493, 84
Trd, 4319123.593, 74
Trd, 4319125.243, 97
Trd, 4319125.293, 79
Trd, 4319125.843, 94
Trd, 4319126.393, 137
Trd, 4319126.593, 131
Trd, 4319127.143, 115
Trd, 4319128.043, 122
Trd, 4319128.343, 91
Trd, 4319129.593, 87
Trd, 4319131.093, 140
Trd, 4319131.693, 133
Trd, 4319132.543, 72
Trd, 4319133.393, 111
Trd, 4319135.443, 97
Trd, 4319136.043, 73
Trd, 4319136.393, 62
Trd, 4319136.493, 87
Trd, 4319136.643, 122
Trd, 4319137.443, 137
Trd, 4319137.693, 117
Trd, 4319139.993, 121
Trd, 4319140.193, 109
Trd, 4319141.643, 96
Trd, 4319142.093, 96
Trd, 4319142.993, 129
Trd, 4319143.493, 128
Trd, 4319144.193, 89
Trd, 4319145.493, 81
Trd, 4319146.643, 136
Trd, 4319147.143, 93
Trd, 4319147.493, 93
Trd, 4319148.493, 91
Trd, 4319148.793, 86
Trd, 4319148.943, 123
Trd, 4319151.243, 138
Trd, 4319151.543, 125
Trd, 4319152.493, 125
Trd, 4319153.393, 128
Trd, 4319154.193, 131
Trd, 4319154.693, 131
Trd, 4319156.293, 118
Trd, 4319157.343, 86
Trd, 4319157.543, 97
Trd, 4319157.793, 101
Trd, 4319158.793, 129
Trd, 4319159.793, 109
Trd, 4319160.043, 105
Trd, 4319160.193, 106
Trd, 4319160.743, 107
Trd, 4319162.443, 65
Trd, 4319162.593, 67
Trd, 4319162.743, 72
Trd, 4319163.993, 90
Trd, 4319164.593, 117
Trd, 4319165.593, 96
Trd, 4319165.793, 99
Trd, 4319166.143, 100
Trd, 4319166.693, 124
Trd, 4319167.143, 60
Trd, 4319167.443, 118
Trd, 4319168.493, 74
Trd, 4319169.193, 135
Trd, 4319170.243, 118
Trd, 4319170.693, 108
Trd, 4319171.243, 130
Trd, 4319171.843, 92
Trd, 4319172.643, 133
Trd, 4319173.893, 137
Trd, 4319174.993, 123
Trd, 4319175.293, 138
Trd, 4319176.143, 100
Trd, 4319176.793, 115
Trd, 4319177.293, 111
Trd, 4319178.893, 101
Trd, 4319179.193, 132
Trd, 4319179.243, 138
Trd, 4319179.743, 98
Trd, 4319180.643, 99
Trd, 4319181.043, 101
Trd, 4319181.393, 111
Trd, 4319183.093, 102
Trd, 4319183.943, 123
Trd, 4319184.993, 134
Trd, 4319185.243, 130
Trd, 4319185.343, 100
Trd, 4319186.243, 85
Trd, 4319186.843, 139
Trd, 4319188.693, 137
Trd, 4319188.843, 129
Trd, 4319189.193, 75
Trd, 4319191.093, 132
Trd, 4319191.393, 121
Trd, 4319191.843, 113
Trd, 4319192.693, 97
Trd, 4319193.293, 113
Trd, 4319193.743, 137
Trd, 4319193.843, 134
Trd, 4319195.093, 122
Trd, 4319195.993, 135
Trd, 4319196.093, 125
Trd, 4319198.093, 138
Trd, 4319198.443, 135
Trd, 4319199.193, 123
Trd, 4319200.743, 103
Trd, 4319200.943, 99
Trd, 4319201.293, 92
Trd, 4319203.343, 125
Trd, 4319203.893, 93
Trd, 4319205.143, 136
Trd, 4319205.743, 126
Trd, 4319206.843, 124
Trd, 4319207.093, 101
Trd, 4319207.593, 110
Trd, 4319207.893, 81
Trd, 4319208.293, 62
Trd, 4319209.643, 82
Trd, 4319209.893, 108
Trd, 4319210.043, 116
Trd, 4319211.893, 109
Trd, 4319212.593, 111
Trd, 4319212.643, 102
Trd, 4319213.043, 120
Trd, 4319214.493, 66
Trd, 4319215.093, 135
Trd, 4319215.643, 122
Trd, 4319216.143, 134
Trd, 4319217.443, 94
Trd, 4319217.993, 107
Trd, 4319218.993, 116
Trd, 4319219.093, 105
Trd, 4319219.643, 77
Trd, 4319219.893, 81
Trd, 4319220.493, 93
Trd, 4319221.943, 63
Trd, 4319222.193, 69
Trd, 4319223.093, 92
Trd, 4319223.493, 70
Trd, 4319224.843, 126
Trd, 4319225.493, 73
Trd, 4319225.843, 112
Trd, 4319227.043, 139
Trd, 4319227.243, 124
Trd, 4319228.143, 107
Trd, 4319229.443, 87
Trd, 4319231.293, 111
Trd, 4319231.443, 104
Trd, 4319231.593, 100
Trd, 4319232.493, 79
Trd, 4319233.443, 112
Trd, 4319233.693, 82
Trd, 4319234.043, 79
Trd, 4319234.593, 62
Trd, 4319235.843, 62
Trd, 4319238.143, 87
Trd, 4319238.293, 120
Trd, 4319238.393, 63
Trd, 4319239.393, 61
Trd, 4319239.643, 66
Trd, 4319240.243, 100
Trd, 4319241.293, 110
Trd, 4319241.343, 106
Trd, 4319242.943, 102
Trd, 4319244.043, 94
Trd, 4319244.443, 97
Trd, 4319244.743, 89
Trd, 4319246.093, 108
Trd, 4319246.293, 95
Trd, 4319246.443, 134
Trd, 4319246.693, 94
Trd, 4319247.443, 81
Trd, 4319248.493, 137
Trd, 4319249.143, 113
Trd, 4319249.743, 107
Trd, 4319250.143, 106
Trd, 4319252.093, 114
Trd, 4319252.143, 108
Trd, 4319252.393, 125
Trd, 4319252.693, 99
Trd, 4319252.743, 83
Trd, 4319253.593, 84
Trd, 4319254.043, 91
Trd, 4319255.543, 62
Trd, 4319256.243, 70
Trd, 4319257.293, 96
Trd, 4319257.693, 90
Trd, 4319257.993, 126
Trd, 4319260.843, 96
Trd, 4319260.943, 112
Trd, 4319261.043, 90
Trd, 4319261.843, 104
Trd, 4319262.193, 93
Trd, 4319263.743, 137
Trd, 4319263.793, 125
Trd, 4319264.293, 132
Trd, 4319264.843, 114
Trd, 4319267.093, 130
Trd, 4319267.293, 137
Trd, 4319267.643, 116
Trd, 4319268.093, 96
Trd, 4319268.643, 97
Trd, 4319268.993, 92
Trd, 4319270.093, 138
Trd, 4319271.543, 110
Trd, 4319272.243, 121
Trd, 4319272.893, 95
Trd, 4319273.943, 72
Trd, 4319274.093, 109
Trd, 4319274.793, 61
Trd, 4319275.243, 63
Trd, 4319275.993, 60
Trd, 4319276.193, 135
Trd, 4319278.343, 88
Trd, 4319280.093, 82
Trd, 4319280.543, 75
Trd, 4319281.293, 116
Trd, 4319281.793, 131
Trd, 4319282.493, 118
Trd, 4319283.193, 127
Trd, 4319284.143, 81
Trd, 4319284.743, 67
Trd, 4319285.343, 128
Trd, 4319286.193, 112
Trd, 4319287.143, 104
Trd, 4319287.493, 120
Trd, 4319287.843, 118
Trd, 4319289.893, 116
Trd, 4319290.843, 121
Trd, 4319291.743, 139
Trd, 4319293.543, 140
Trd, 4319294.343, 96
Trd, 4319294.493, 87
Trd, 4319295.393, 109
Trd, 4319295.593, 124
Trd, 4319295.793, 122
Trd, 4319296.043, 81
Trd, 4319296.743, 64
Trd, 4319296.893, 80
Trd, 4319297.443, 131
Trd, 4319298.093, 117
Trd, 4319298.743, 117
Trd, 4319300.793, 140
Trd, 4319304.243, 113
Trd, 4319304.843, 126
Trd, 4319304.993, 128
Trd, 4319305.293, 115
Trd, 4319306.293, 139
Trd, 4319307.043, 125
Trd, 4319307.493, 140
Trd, 4319307.793, 123
Trd, 4319308.343, 101
Trd, 4319309.443, 110
Trd, 4319309.943, 91
Trd, 4319310.493, 75
Trd, 4319312.243, 140
Trd, 4319312.793, 129
Trd, 4319313.193, 115
Trd, 4319314.293, 135
Trd, 4319315.143, 135
Trd, 4319315.543, 94
Trd, 4319316.993, 129
Trd, 4319317.793, 129
Trd, 4319318.293, 131
Trd, 4319318.543, 106
Trd, 4319320.143, 116
Trd, 4319321.743, 130
Trd, 4319322.043, 113
Trd, 4319322.993, 76
Trd, 4319323.593, 140
Trd, 4319324.243, 103
Trd, 4319325.143, 100
Trd, 4319325.643, 99
Trd, 4319326.893, 100
Trd, 4319327.793, 131
Trd, 4319327.943, 126
Trd, 4319328.543, 116
Trd, 4319328.693, 105
Trd, 4319328.893, 92
Trd, 4319330.943, 104
Trd, 4319331.993, 111
Trd, 4319332.093, 136
Trd, 4319334.143, 138
Trd, 4319334.393, 136
Trd, 4319335.893, 137
Trd, 4319335.943, 123
Trd, 4319336.193, 96
Trd, 4319336.743, 108
Trd, 4319338.943, 72
Trd, 4319339.293, 81
Trd, 4319339.343, 96
Trd, 4319339.693, 120
Trd, 4319340.143, 84
Trd, 4319340.593, 61
Trd, 4319341.243, 127
Trd, 4319343.193, 75
Trd, 4319344.543, 88
Trd, 4319344.593, 96
Trd, 4319344.843, 69
Trd, 4319345.293, 70
Trd, 4319346.843, 121
Trd, 4319347.193, 68
Trd, 4319347.993, 136
Trd, 4319348.343, 132
Trd, 4319349.143, 119
Trd, 4319349.693, 86
Trd, 4319350.593, 68
Trd, 4319351.043, 131
Trd, 4319353.093, 135
Trd, 4319353.343, 127
Trd, 4319354.043, 113
Trd, 4319354.843, 101
Trd, 4319355.643, 132
Trd, 4319355.893, 105
Trd, 4319356.443, 123
Trd, 4319356.893, 88
Trd, 4319358.393, 87
Trd, 4319358.793, 117
Trd, 4319359.043, 80
Trd, 4319359.643, 109
Trd, 4319360.143, 120
Trd, 4319361.993, 123
Trd, 4319362.193, 106
Trd, 4319362.643, 137
Trd, 4319362.843, 96
Trd, 4319363.193, 109
Trd, 4319363.793, 86
Trd, 4319364.743, 97
Trd, 4319364.993, 123
Trd, 4319365.743, 130
Trd, 4319366.643, 110
Trd, 4319366.893, 76
Trd, 4319367.143, 123
Trd, 4319368.443, 75
Trd, 4319368.893, 133
Trd, 4319369.293, 91
Trd, 4319369.493, 85
Trd, 4319370.793, 81
Trd, 4319371.343, 89
Trd, 4319371.643, 92
Trd, 4319372.543, 75
Trd, 4319373.343, 66
Trd, 4319373.593, 72
Trd, 4319374.343, 66
Trd, 4319374.843, 65
Trd, 4319375.143, 84
Trd, 4319375.443, 79
Trd, 4319376.443, 110
Trd, 4319377.493, 125
Trd, 4319378.243, 124
Trd, 4319381.493, 136
Trd, 4319382.693, 140
Trd, 4319383.193, 124
Trd, 4319383.243, 117
Trd, 4319383.943, 113
Trd, 4319384.343, 104
Trd, 4319384.743, 77
Trd, 4319385.443, 118
Trd, 4319385.543, 126
Trd, 4319386.193, 101
Trd, 4319387.193, 94
Trd, 4319388.843, 113
Trd, 4319389.093, 82
Trd, 4319389.893, 128
Trd, 4319390.443, 112
Trd, 4319390.543, 63
Trd, 4319392.493, 114
Trd, 4319392.843, 74
Trd, 4319393.643, 68
Trd, 4319394.243, 110
Trd, 4319397.043, 125
Trd, 4319397.643, 133
Trd, 4319397.993, 115
Trd, 4319398.543, 123
Trd, 4319398.693, 98
Trd, 4319399.143, 137
Trd, 4319399.693, 131
Trd, 4319399.743, 118
Trd, 4319400.093, 100
Trd, 4319400.143, 94
Trd, 4319401.293, 94
Trd, 4319401.593, 78
Trd, 4319401.893, 106
Trd, 4319402.843, 67
Trd, 4319404.943, 75
Trd, 4319405.043, 83
Trd, 4319405.343, 135
Trd, 4319406.893, 79
Trd, 4319408.593, 139
Trd, 4319408.943, 139
Trd, 4319409.043, 134
Trd, 4319409.143, 114
Trd, 4319409.943, 123
Trd, 4319410.593, 136
Trd, 4319412.193, 72
Trd, 4319413.343, 81
Trd, 4319414.343, 137
Trd, 4319414.893, 120
Trd, 4319415.043, 105
Trd, 4319416.593, 133
Trd, 4319417.393, 120
Trd, 4319417.543, 110
Trd, 4319417.793, 89
Trd, 4319418.093, 83
Trd, 4319418.293, 125
Trd, 4319418.793, 119
Trd, 4319420.043, 86
Trd, 4319420.343, 81
Trd, 4319421.293, 140
Trd, 4319423.093, 106
Trd, 4319423.893, 93
Trd, 4319424.143, 84
Trd, 4319425.793, 124
Trd, 4319425.993, 122
Trd, 4319426.343, 136
Trd, 4319427.893, 126
Trd, 4319428.543, 110
Trd, 4319429.943, 120
Trd, 4319431.243, 136
Trd, 4319432.893, 137
Trd, 4319434.193, 129
Trd, 4319434.893, 110
Trd, 4319435.243, 84
Trd, 4319435.443, 77
Trd, 4319435.693, 68
Trd, 4319437.143, 129
Trd, 4319437.543, 101
Trd, 4319437.843, 99
Trd, 4319438.893, 112
Trd, 4319441.343, 123
Trd, 4319441.943, 128
Trd, 4319442.843, 137
Trd, 4319443.443, 92
Trd, 4319443.893, 126
Trd, 4319444.843, 84
Trd, 4319446.293, 127
Trd, 4319446.843, 92
Trd, 4319447.193, 109
Trd, 4319447.943, 115
Trd, 4319449.393, 140
Trd, 4319449.793, 136
Trd, 4319449.893, 115
Trd, 4319450.743, 65
Trd, 4319451.693, 101
Trd, 4319452.193, 136
Trd, 4319453.393, 130
Trd, 4319454.943, 137
Trd, 4319455.093, 122
Trd, 4319455.243, 115
Trd, 4319455.743, 115
Trd, 4319456.443, 119
Trd, 4319458.193, 87
Trd, 4319458.293, 128
Trd, 4319459.443, 87
Trd, 4319459.793, 68
Trd, 4319460.493, 126
Trd, 4319461.043, 88
Trd, 4319461.343, 96
Trd, 4319462.793, 116
Trd, 4319463.293, 106
Trd, 4319463.643, 95
Trd, 4319464.143, 130
Trd, 4319465.693, 86
Trd, 4319465.943, 90
Trd, 4319465.993, 109
Trd, 4319467.093, 124
Trd, 4319467.993, 74
Trd, 4319468.993, 107
Trd, 4319469.543, 92
Trd, 4319470.493, 96
Trd, 4319471.543, 139
Trd, 4319471.693, 128
Trd, 4319472.443, 133
Trd, 4319473.343, 82
Trd, 4319474.243, 140
Trd, 4319474.993, 104
Trd, 4319475.443, 117
Trd, 4319475.593, 108
Trd, 4319477.993, 110
Trd, 4319478.143, 93
Trd, 4319478.943, 107
Trd, 4319479.543, 88
Trd, 4319480.893, 109
Trd, 4319481.693, 110
Trd, 4319482.643, 83
Trd, 4319483.393, 70
Trd, 4319483.893, 64
Trd, 4319484.643, 136
Trd, 4319484.793, 101
Trd, 4319485.743, 95
Trd, 4319485.893, 123
Trd, 4319486.193, 81
Trd, 4319486.243, 89
Trd, 4319486.893, 101
Trd, 4319487.343, 100
Trd, 4319488.193, 96
Trd, 4319489.143, 79
Trd, 4319489.243, 87
Trd, 4319491.293, 92
Trd, 4319491.843, 93
Trd, 4319492.743, 112
Trd, 4319494.043, 115
Trd, 4319494.293, 94
Trd, 4319494.743, 129
Trd, 4319495.143, 115
Trd, 4319496.043, 129
Trd, 4319496.443, 121
Trd, 4319497.193, 128
Trd, 4319497.243, 99
Trd, 4319498.093, 100
Trd, 4319499.543, 106
Trd, 4319500.043, 118
Trd, 4319501.093, 108
Trd, 4319502.443, 100
Trd, 4319502.693, 91
Trd, 4319503.093, 82
Trd, 4319503.143, 117
Trd, 4319503.493, 91
Trd, 4319504.793, 117
Trd, 4319504.893, 106
Trd, 4319505.843, 91
Trd, 4319506.393, 98
Trd, 4319507.043, 134
Trd, 4319507.093, 121
Trd, 4319508.343, 60
Trd, 4319510.893, 73
Trd, 4319510.993, 81
Trd, 4319511.293, 104
Trd, 4319512.143, 105
Trd, 4319513.643, 128
Trd, 4319513.793, 115
Trd, 4319514.443, 112
Trd, 4319514.693, 123
Trd, 4319516.043, 137
Trd, 4319516.493, 134
Trd, 4319516.843, 132
Trd, 4319517.243, 119
Trd, 4319518.443, 140
Trd, 4319521.393, 109
Trd, 4319521.443, 137
Trd, 4319521.493, 76
Trd, 4319522.043, 111
Trd, 4319522.843, 85
Trd, 4319523.193, 64
Trd, 4319524.143, 129
Trd, 4319524.193, 99
Trd, 4319524.993, 127
Trd, 4319525.693, 71
Trd, 4319526.543, 89
Trd, 4319527.143, 97
Trd, 4319527.593, 100
Trd, 4319528.543, 137
Trd, 4319529.593, 137
Trd, 4319530.943, 74
Trd, 4319532.093, 130
Trd, 4319532.543, 109
Trd, 4319533.093, 135
Trd, 4319533.543, 109
Trd, 4319533.593, 99
Trd, 4319534.893, 136
Trd, 4319535.993, 88
Trd, 4319536.593, 74
Trd, 4319538.593, 132
Trd, 4319539.643, 112
Trd, 4319540.893, 103
Trd, 4319541.393, 97
Trd, 4319541.493, 94
Trd, 4319541.943, 114
Trd, 4319542.843, 138
Trd, 4319543.993, 121
Trd, 4319544.043, 100
Trd, 4319545.493, 92
Trd, 4319545.893, 65
Trd, 4319545.943, 63
Trd, 4319546.293, 117
Trd, 4319547.993, 140
Trd, 4319548.643, 124
Trd, 4319548.743, 121
Trd, 4319548.943, 95
Trd, 4319550.593, 140
Trd, 4319550.693, 103
Trd, 4319551.743, 116
Trd, 4319551.843, 85
Trd, 4319552.593, 122
Trd, 4319552.793, 129
Trd, 4319553.843, 123
Trd, 4319554.543, 140
Trd, 4319555.543, 109
Trd, 4319555.843, 114
Trd, 4319555.993, 97
Trd, 4319556.593, 135
Trd, 4319558.393, 118
Trd, 4319559.143, 101
Trd, 4319559.793, 140
Trd, 4319560.143, 87
Trd, 4319560.693, 106
Trd, 4319561.843, 98
Trd, 4319561.943, 98
Trd, 4319562.493, 92
Trd, 4319562.743, 88
Trd, 4319565.193, 124
Trd, 4319565.293, 123
Trd, 4319565.893, 122
Trd, 4319567.793, 91
Trd, 4319568.343, 119
Trd, 4319568.443, 84
Trd, 4319569.043, 78
Trd, 4319569.493, 114
Trd, 4319569.793, 132
Trd, 4319570.343, 96
Trd, 4319571.193, 87
Trd, 4319571.793, 113
Trd, 4319572.693, 94
Trd, 4319573.593, 70
Trd, 4319574.343, 72
Trd, 4319575.043, 90
Trd, 4319575.093, 92
Trd, 4319576.343, 80
Trd, 4319577.343, 62
Trd, 4319578.293, 123
Trd, 4319578.943, 74
Trd, 4319579.543, 87
Trd, 4319579.943, 78
Trd, 4319580.493, 130
Trd, 4319581.543, 72
Trd, 4319582.093, 85
Trd, 4319582.943, 136
Trd, 4319583.193, 101
Trd, 4319583.643, 122
Trd, 4319583.893, 120
Trd, 4319585.443, 139
Trd, 4319586.443, 84
Trd, 4319587.393, 106
Trd, 4319587.443, 82
Trd, 4319587.543, 105
Trd, 4319588.193, 119
Trd, 4319588.543, 113
Trd, 4319589.643, 96
Trd, 4319590.243, 126
Trd, 4319591.043, 106
Trd, 4319592.443, 137
Trd, 4319593.693, 137
Trd, 4319594.493, 134
Trd, 4319595.393, 125
Trd, 4319596.143, 123
Trd, 4319596.693, 140
Trd, 4319597.593, 140
Trd, 4319597.893, 132
Trd, 4319598.343, 113
Trd, 4319599.443, 109
Trd, 4319600.443, 111
Trd, 4319600.643, 106
Trd, 4319601.643, 105
Trd, 4319603.543, 134
Trd, 4319603.793, 139
Trd, 4319603.943, 118
Trd, 4319604.943, 86
Trd, 4319605.943, 139
Trd, 4319606.393, 116
Trd, 4319608.993, 105
Trd, 4319609.043, 99
Trd, 4319609.993, 108
Trd, 4319610.543, 96
Trd, 4319611.143, 122
Trd, 4319612.143, 138
Trd, 4319612.843, 114
Trd, 4319613.293, 87
Trd, 4319615.143, 82
Trd, 4319615.443, 92
Trd, 4319615.843, 103
Trd, 4319616.893, 109
Trd, 4319617.693, 86
Trd, 4319618.343, 139
Trd, 4319619.043, 93
Trd, 4319620.243, 128
Trd, 4319620.743, 91
Trd, 4319622.043, 114
Trd, 4319623.243, 99
Trd, 4319623.443, 124
Trd, 4319624.293, 100
Trd, 4319624.343, 97
Trd, 4319624.993, 88
Trd, 4319625.393, 119
Trd, 4319627.043, 107
Trd, 4319627.943, 102
Trd, 4319628.343, 83
Trd, 4319628.943, 112
Trd, 4319629.593, 134
Trd, 4319630.743, 110
Trd, 4319631.143, 101
Trd, 4319631.943, 84
Trd, 4319632.443, 106
Trd, 4319633.393, 115
Trd, 4319633.843, 135
Trd, 4319634.143, 113
Trd, 4319635.543, 139
Trd, 4319636.093, 136
Trd, 4319637.243, 124
Trd, 4319637.543, 95
Trd, 4319638.043, 104
Trd, 4319638.893, 134
Trd, 4319639.293, 98
Trd, 4319639.743, 84
Trd, 4319640.043, 130
Trd, 4319641.393, 105
Trd, 4319641.643, 113
Trd, 4319642.843, 114
Trd, 4319644.143, 140
Trd, 4319646.093, 119
Trd, 4319646.743, 113
Trd, 4319647.543, 116
Trd, 4319647.693, 105
Trd, 4319648.793, 104
Trd, 4319649.143, 134
Trd, 4319650.493, 116
Trd, 4319650.543, 99
Trd, 4319651.493, 74
Trd, 4319652.143, 138
Trd, 4319653.243, 100
Trd, 4319654.893, 96
Trd, 4319654.943, 107
Trd, 4319655.093, 79
Trd, 4319655.993, 123
Trd, 4319656.243, 105
Trd, 4319656.293, 97
Trd, 4319658.143, 117
Trd, 4319659.143, 109
Trd, 4319660.393, 105
Trd, 4319661.593, 118
Trd, 4319662.093, 109
Trd, 4319662.393, 103
Trd, 4319662.993, 132
Trd, 4319663.093, 97
Trd, 4319663.593, 95
Trd, 4319664.393, 139
Trd, 4319664.843, 134
Trd, 4319666.443, 140
Trd, 4319666.743, 123
Trd, 4319666.893, 120
Trd, 4319667.643, 124
Trd, 4319668.043, 95
Trd, 4319669.043, 122
Trd, 4319670.293, 135
Trd, 4319670.793, 124
Trd, 4319670.993, 118
Trd, 4319672.793, 123
Trd, 4319672.993, 108
Trd, 4319673.293, 108
Trd, 4319673.593, 80
Trd, 4319674.343, 95
Trd, 4319675.893, 77
Trd, 4319676.193, 84
Trd, 4319676.843, 93
Trd, 4319677.493, 72
Trd, 4319677.543, 65
Trd, 4319678.493, 90
Trd, 4319680.293, 91
Trd, 4319680.693, 94
Trd, 4319680.943, 119
Trd, 4319681.343, 121
Trd, 4319683.293, 124
Trd, 4319683.693, 120
Trd, 4319683.993, 132
Trd, 4319684.843, 117
Trd, 4319686.143, 138
Trd, 4319687.143, 128
Trd, 4319687.543, 115
Trd, 4319688.443, 89
Trd, 4319689.593, 109
Trd, 4319689.743, 97
Trd, 4319691.443, 108
Trd, 4319691.593, 97
Trd, 4319691.743, 80
Trd, 4319692.093, 72
Trd, 4319692.393, 78
Trd, 4319692.843, 66
Trd, 4319694.243, 112
Trd, 4319694.643, 83
Trd, 4319694.793, 116
Trd, 4319695.943, 104
Trd, 4319696.093, 108
Trd, 4319697.793, 125
Trd, 4319697.893, 116
Trd, 4319697.943, 101
Trd, 4319698.643, 107
Trd, 4319698.843, 125
Trd, 4319699.643, 120
Trd, 4319700.043, 115
Trd, 4319700.643, 126
Trd, 4319701.493, 133
Trd, 4319702.793, 121
Trd, 4319703.743, 86
Trd, 4319704.593, 138
Trd, 4319704.893, 126
Trd, 4319704.943, 116
Trd, 4319705.943, 80
Trd, 4319706.093, 129
Trd, 4319706.893, 66
Trd, 4319706.993, 86
Trd, 4319707.393, 106
Trd, 4319708.793, 110
Trd, 4319709.393, 134
Trd, 4319709.743, 116
Trd, 4319709.893, 88
Trd, 4319710.593, 104
Trd, 4319711.593, 137
Trd, 4319712.943, 140
Trd, 4319713.193, 132
Trd, 4319713.743, 100
Trd, 4319714.743, 116
Trd, 4319715.193, 115
Trd, 4319716.843, 135
Trd, 4319717.343, 111
Trd, 4319718.793, 138
Trd, 4319719.593, 122
Trd, 4319721.343, 117
Trd, 4319722.043, 123
Trd, 4319722.493, 109
Trd, 4319724.343, 86
Trd, 4319724.693, 84
Trd, 4319725.043, 104
Trd, 4319725.343, 92
Trd, 4319725.943, 126
Trd, 4319726.593, 83
Trd, 4319726.693, 77
Trd, 4319727.343, 60
Trd, 4319727.893, 71
Trd, 4319728.243, 105
Trd, 4319728.643, 118
Trd, 4319728.743, 126
Trd, 4319731.793, 102
Trd, 4319732.093, 93
Trd, 4319733.193, 133
Trd, 4319734.493, 137
Trd, 4319734.743, 121
Trd, 4319735.293, 104
Trd, 4319736.793, 104
Trd, 4319737.743, 128
Trd, 4319737.893, 96
Trd, 4319740.493, 130
Trd, 4319740.793, 117
Trd, 4319740.993, 72
Trd, 4319741.743, 108
Trd, 4319741.993, 130
Trd, 4319742.093, 120
Trd, 4319742.443, 104
Trd, 4319742.593, 89
Trd, 4319744.093, 61
Trd, 4319744.243, 64
Trd, 4319745.893, 131
Trd, 4319746.543, 75
Trd, 4319746.643, 98
Trd, 4319747.893, 139
Trd, 4319748.793, 134
Trd, 4319749.393, 127
Trd, 4319750.243, 119
Trd, 4319751.193, 123
Trd, 4319751.643, 109
Trd, 4319752.143, 83
Trd, 4319752.693, 63
Trd, 4319752.943, 71
Trd, 4319753.893, 60
Trd, 4319755.843, 112
Trd, 4319756.393, 120
Trd, 4319757.143, 95
Trd, 4319758.543, 105
Trd, 4319758.793, 101
Trd, 4319759.543, 106
Trd, 4319760.293, 126
Trd, 4319760.543, 105
Trd, 4319760.743, 131
Trd, 4319761.393, 94
Trd, 4319762.243, 72
Trd, 4319762.793, 78
Trd, 4319763.793, 76
Trd, 4319764.243, 108
Trd, 4319765.443, 62
Trd, 4319766.043, 109
Trd, 4319767.093, 136
Trd, 4319767.493, 124
Trd, 4319767.843, 91
Trd, 4319768.143, 87
Trd, 4319768.693, 63
Trd, 4319769.493, 64
Trd, 4319770.293, 113
Trd, 4319770.843, 113
Trd, 4319772.243, 63
Trd, 4319772.843, 71
Trd, 4319772.993, 83
Trd, 4319775.143, 134
Trd, 4319776.293, 124
Trd, 4319776.793, 127
Trd, 4319777.493, 97
Trd, 4319777.643, 77
Trd, 4319778.143, 93
Trd, 4319778.643, 134
Trd, 4319779.443, 74
Trd, 4319780.043, 138
Trd, 4319780.393, 105
Trd, 4319780.543, 77
Trd, 4319782.393, 98
Trd, 4319783.393, 76
Trd, 4319784.693, 137
Trd, 4319785.593, 110
Trd, 4319785.943, 100
Trd, 4319786.693, 82
Trd, 4319787.693, 109
Trd, 4319788.193, 136
Trd, 4319788.843, 140
Trd, 4319789.493, 117
Trd, 4319790.143, 114
Trd, 4319790.893, 108
Trd, 4319791.043, 99
Trd, 4319793.993, 133
Trd, 4319794.043, 130
Trd, 4319794.993, 124
Trd, 4319795.643, 112
Trd, 4319795.693, 95
Trd, 4319796.543, 113
Trd, 4319796.693, 92
Trd, 4319798.893, 139
Trd, 4319799.743, 135
Trd, 4319799.893, 138
Trd, 4319800.193, 121
Trd, 4319801.293, 139
Trd, 4319801.493, 118
Trd, 4319802.093, 124
Trd, 4319803.243, 121
Trd, 4319803.343, 114
Trd, 4319803.543, 137
Trd, 4319804.943, 129
Trd, 4319805.193, 85
Trd, 4319805.543, 117
Trd, 4319806.543, 84
Trd, 4319806.943, 122
Trd, 4319808.093, 79
Trd, 4319809.743, 118
Trd, 4319810.693, 123
Trd, 4319810.743, 103
Trd, 4319811.893, 136
Trd, 4319812.143, 138
Trd, 4319812.193, 105
Trd, 4319813.193, 120
Trd, 4319813.443, 120
Trd, 4319814.593, 86
Trd, 4319817.143, 140
Trd, 4319817.593, 117
Trd, 4319818.193, 116
Trd, 4319818.343, 89
Trd, 4319819.243, 69
Trd, 4319819.743, 72
Trd, 4319820.743, 90
Trd, 4319822.143, 92
Trd, 4319822.793, 126
Trd, 4319823.093, 125
Trd, 4319824.393, 88
Trd, 4319826.343, 80
Trd, 4319827.043, 70
Trd, 4319827.143, 90
Trd, 4319828.243, 88
Trd, 4319829.293, 106
Trd, 4319829.743, 114
Trd, 4319831.093, 91
Trd, 4319831.793, 118
Trd, 4319832.393, 80
Trd, 4319833.043, 130
Trd, 4319834.493, 137
Trd, 4319835.243, 117
Trd, 4319836.343, 106
Trd, 4319837.243, 140
Trd, 4319837.443, 108
Trd, 4319837.493, 107
Trd, 4319837.943, 114
Trd, 4319838.093, 78
Trd, 4319838.693, 133
Trd, 4319840.943, 129
Trd, 4319841.593, 111
Trd, 4319841.893, 117
Trd, 4319842.143, 139
Trd, 4319844.193, 90
Trd, 4319844.943, 99
Trd, 4319845.793, 119
Trd, 4319846.993, 88
Trd, 4319847.093, 92
Trd, 4319847.593, 91
Trd, 4319847.643, 94
Trd, 4319849.043, 96
Trd, 4319849.793, 109
Trd, 4319851.293, 140
Trd, 4319852.093, 121
Trd, 4319852.393, 123
Trd, 4319852.693, 103
Trd, 4319853.693, 138
Trd, 4319855.193, 109
Trd, 4319855.343, 90
Trd, 4319855.443, 73
Trd, 4319855.593, 131
Trd, 4319856.243, 100
Trd, 4319858.293, 135
Trd, 4319858.493, 104
Trd, 4319858.843, 73
Trd, 4319859.243, 109
Trd, 4319861.493, 124
Trd, 4319862.393, 102
Trd, 4319862.843, 84
Trd, 4319864.543, 108
Trd, 4319865.793, 104
Trd, 4319866.143, 86
Trd, 4319867.793, 106
Trd, 4319868.293, 76
Trd, 4319868.843, 104
Trd, 4319870.043, 111
Trd, 4319870.443, 67
Trd, 4319871.143, 76
Trd, 4319871.593, 85
Trd, 4319873.643, 114
Trd, 4319874.443, 123
Trd, 4319876.243, 98
Trd, 4319876.593, 81
Trd, 4319877.143, 118
Trd, 4319877.293, 114
Trd, 4319877.843, 110
Trd, 4319878.343, 78
Trd, 4319879.843, 93
Trd, 4319880.593, 116
Trd, 4319881.543, 94
Trd, 4319882.343, 134
Trd, 4319883.393, 117
Trd, 4319884.093, 136
Trd, 4319884.143, 116
Trd, 4319885.343, 137
Trd, 4319885.393, 121
Trd, 4319885.643, 117
Trd, 4319887.643, 123
Trd, 4319888.093, 126
Trd, 4319888.493, 116
Trd, 4319889.343, 104
Trd, 4319890.493, 138
Trd, 4319891.043, 91
Trd, 4319891.843, 132
Trd, 4319892.343, 121
Trd, 4319892.793, 98
Trd, 4319893.843, 124
Trd, 4319894.843, 112
Trd, 4319894.893, 100
Trd, 4319895.693, 129
Trd, 4319895.943, 105
Trd, 4319897.843, 140
Trd, 4319898.193, 123
Trd, 4319898.293, 110
Trd, 4319898.793, 112
Trd, 4319899.343, 132
Trd, 4319900.243, 66
Trd, 4319900.993, 118
Trd, 4319901.543, 97
Trd, 4319902.293, 129
Trd, 4319902.743, 130
Trd, 4319904.643, 95
Trd, 4319905.193, 125
Trd, 4319905.293, 123
Trd, 4319906.793, 132
Trd, 4319907.793, 138
Trd, 4319908.793, 117
Trd, 4319908.993, 114
Trd, 4319910.793, 129
Trd, 4319911.293, 132
Trd, 4319911.643, 123
Trd, 4319912.593, 68
Trd, 4319912.843, 84
Trd, 4319913.493, 68
Trd, 4319915.893, 133
Trd, 4319918.393, 117
Trd, 4319919.143, 136
Trd, 4319919.193, 133
Trd, 4319919.893, 102
Trd, 4319920.493, 105
Trd, 4319921.793, 139
Trd, 4319922.293, 81
Trd, 4319922.443, 74
Trd, 4319924.393, 99
Trd, 4319924.993, 97
Trd, 4319925.243, 95
Trd, 4319925.693, 112
Trd, 4319927.043, 119
Trd, 4319927.593, 129
Trd, 4319928.093, 112
Trd, 4319928.293, 88
Trd, 4319928.543, 93
Trd, 4319931.143, 128
Trd, 4319931.593, 121
Trd, 4319933.443, 115
Trd, 4319934.293, 114
Trd, 4319934.643, 132
Trd, 4319934.693, 104
Trd, 4319935.893, 87
Trd, 4319935.993, 88
Trd, 4319938.193, 120
Trd, 4319939.193, 131
Trd, 4319939.993, 117
Trd, 4319940.043, 104
Trd, 4319940.293, 103
Trd, 4319940.543, 92
Trd, 4319941.793, 110
Trd, 4319942.443, 109
Trd, 4319942.943, 135
Trd, 4319944.043, 123
Trd, 4319945.493, 138
Trd, 4319946.643, 81
Trd, 4319946.943, 112
Trd, 4319947.393, 121
Trd, 4319947.643, 133
Trd, 4319948.343, 129
Trd, 4319948.843, 121
Trd, 4319948.943, 110
Trd, 4319949.593, 129
Trd, 4319949.943, 99
Trd, 4319951.743, 133
Trd, 4319951.943, 123
Trd, 4319952.443, 100
Trd, 4319953.243, 104
Trd, 4319954.493, 139
Trd, 4319955.243, 105
Trd, 4319955.393, 109
Trd, 4319956.043, 104
Trd, 4319956.143, 73
Trd, 4319956.893, 70
Trd, 4319957.493, 98
Trd, 4319957.893, 113
Trd, 4319958.793, 100
Trd, 4319959.393, 133
Trd, 4319959.493, 98
Trd, 4319960.293, 86
Trd, 4319961.193, 92
Trd, 4319963.093, 125
Trd, 4319963.343, 124
Trd, 4319963.843, 135
Trd, 4319964.743, 106
Trd, 4319964.793, 103
Trd, 4319965.843, 73
Trd, 4319966.093, 62
Trd, 4319968.293, 122
Trd, 4319968.343, 109
Trd, 4319968.993, 139
Trd, 4319971.293, 135
Trd, 4319972.093, 127
Trd, 4319972.643, 139
Trd, 4319973.443, 108
Trd, 4319974.093, 82
Trd, 4319974.243, 66
Trd, 4319974.943, 140
Trd, 4319975.143, 125
Trd, 4319975.593, 89
Trd, 4319976.143, 133
Trd, 4319977.793, 128
Trd, 4319977.943, 113
Trd, 4319977.993, 134
Trd, 4319978.993, 126
Trd, 4319979.443, 108
Trd, 4319980.193, 137
Trd, 4319981.243, 139
Trd, 4319981.493, 111
Trd, 4319982.443, 121
Trd, 4319983.993, 119
Trd, 4319984.943, 128
Trd, 4319986.043, 131
Trd, 4319986.393, 137
Trd, 4319988.343, 109
Trd, 4319988.643, 85
Trd, 4319989.193, 85
Trd, 4319989.743, 124
Trd, 4319990.993, 75
Trd, 4319991.943, 108
Trd, 4319991.993, 97
Trd, 4319992.693, 119
Trd, 4319993.293, 80
Trd, 4319993.993, 76
Trd, 4319994.693, 88
Trd, 4319994.993, 88
Trd, 4319997.743, 114
Trd, 4319999.743, 114
Trd, 4319999.943, 98
