Trd, 4318134.243, 83
Trd, 4318134.743, 63
Trd, 4318134.893, 94
Trd, 4318135.943, 130
Trd, 4318136.043, 104
Trd, 4318137.643, 138
Trd, 4318137.843, 137
Trd, 4318138.093, 105
Trd, 4318138.493, 108
Trd, 4318138.943, 106
Trd, 4318139.693, 116
Trd, 4318139.893, 102
Trd, 4318140.543, 86
Trd, 4318143.243, 140
Trd, 4318143.443, 115
Trd, 4318143.943, 128
Trd, 4318144.343, 100
Trd, 4318145.143, 85
Trd, 4318145.393, 72
Trd, 4318146.293, 138
Trd, 4318148.793, 136
Trd, 4318150.193, 114
Trd, 4318150.643, 127
Trd, 4318150.943, 113
Trd, 4318151.693, 111
Trd, 4318153.893, 139
Trd, 4318154.093, 120
Trd, 4318154.293, 120
Trd, 4318154.543, 113
Trd, 4318155.243, 102
Trd, 4318157.043, 112
Trd, 4318157.893, 132
Trd, 4318158.193, 116
Trd, 4318158.343, 96
Trd, 4318159.343, 122
Trd, 4318159.743, 95
Trd, 4318160.643, 134
Trd, 4318161.393, 83
Trd, 4318161.593, 80
Trd, 4318161.893, 69
Trd, 4318163.043, 124
Trd, 4318163.793, 131
Trd, 4318164.593, 126
Trd, 4318165.793, 130
Trd, 4318166.893, 105
Trd, 4318167.093, 81
Trd, 4318167.493, 61
Trd, 4318167.743, 98
Trd, 4318168.643, 104
Trd, 4318170.293, 106
Trd, 4318171.843, 102
Trd, 4318172.493, 137
Trd, 4318173.043, 137
Trd, 4318174.143, 128
Trd, 4318175.343, 135
Trd, 4318175.493, 134
Trd, 4318176.043, 110
Trd, 4318176.643, 99
Trd, 4318178.343, 74
Trd, 4318178.593, 103
Trd, 4318179.293, 125
Trd, 4318179.343, 81
Trd, 4318180.793, 128
Trd, 4318181.843, 135
Trd, 4318182.793, 84
Trd, 4318183.443, 118
Trd, 4318183.943, 134
Trd, 4318184.493, 112
Trd, 4318184.993, 128
Trd, 4318186.193, 140
Trd, 4318187.793, 118
Trd, 4318188.143, 115
Trd, 4318188.493, 132
Trd, 4318189.843, 128
Trd, 4318190.543, 139
Trd, 4318191.143, 116
Trd, 4318192.143, 121
Trd, 4318192.193, 115
Trd, 4318192.393, 137
Trd, 4318192.843, 75
Trd, 4318193.093, 82
Trd, 4318193.893, 62
Trd, 4318196.193, 62
Trd, 4318196.393, 72
Trd, 4318197.643, 129
Trd, 4318197.693, 115
Trd, 4318198.143, 92
Trd, 4318198.893, 87
Trd, 4318199.043, 91
Trd, 4318200.343, 81
Trd, 4318200.943, 85
Trd, 4318201.093, 75
Trd, 4318202.043, 99
Trd, 4318203.193, 91
Trd, 4318203.293, 80
Trd, 4318204.293, 127
Trd, 4318204.743, 62
Trd, 4318205.043, 105
Trd, 4318206.793, 81
Trd, 4318207.193, 67
Trd, 4318207.593, 118
Trd, 4318208.593, 90
Trd, 4318209.543, 119
Trd, 4318210.093, 103
Trd, 4318210.293, 94
Trd, 4318211.243, 80
Trd, 4318212.143, 80
Trd, 4318212.493, 87
Trd, 4318212.943, 117
Trd, 4318213.443, 91
Trd, 4318214.443, 85
Trd, 4318216.393, 62
Trd, 4318216.843, 67
Trd, 4318217.543, 65
Trd, 4318217.943, 64
Trd, 4318218.593, 96
Trd, 4318220.243, 61
Trd, 4318220.343, 66
Trd, 4318220.893, 83
Trd, 4318221.443, 132
Trd, 4318221.843, 120
Trd, 4318222.943, 139
Trd, 4318223.693, 105
Trd, 4318224.093, 62
Trd, 4318224.493, 88
Trd, 4318224.593, 94
Trd, 4318225.743, 92
Trd, 4318226.393, 90
Trd, 4318227.343, 109
Trd, 4318229.043, 68
Trd, 4318230.093, 79
Trd, 4318230.343, 60
Trd, 4318230.893, 104
Trd, 4318231.043, 139
Trd, 4318231.393, 89
Trd, 4318232.143, 64
Trd, 4318232.593, 140
Trd, 4318232.643, 126
Trd, 4318233.343, 134
Trd, 4318234.793, 133
Trd, 4318235.893, 104
Trd, 4318236.493, 138
Trd, 4318237.243, 119
Trd, 4318237.343, 88
Trd, 4318237.793, 123
Trd, 4318238.943, 69
Trd, 4318239.193, 96
Trd, 4318239.293, 121
Trd, 4318239.793, 94
Trd, 4318240.193, 135
Trd, 4318240.493, 140
Trd, 4318241.043, 99
Trd, 4318242.593, 140
Trd, 4318242.993, 66
Trd, 4318243.193, 133
Trd, 4318244.293, 134
Trd, 4318245.093, 91
Trd, 4318245.643, 128
Trd, 4318247.393, 139
Trd, 4318248.043, 125
Trd, 4318249.043, 110
Trd, 4318249.093, 101
Trd, 4318249.143, 115
Trd, 4318249.343, 86
Trd, 4318249.793, 117
Trd, 4318250.943, 133
Trd, 4318251.843, 108
Trd, 4318251.943, 96
Trd, 4318253.143, 135
Trd, 4318254.643, 138
Trd, 4318255.143, 103
Trd, 4318255.393, 85
Trd, 4318255.693, 140
Trd, 4318256.493, 120
Trd, 4318257.543, 139
Trd, 4318257.793, 137
Trd, 4318258.343, 112
Trd, 4318258.643, 103
Trd, 4318259.243, 105
Trd, 4318259.943, 138
Trd, 4318260.043, 101
Trd, 4318260.343, 76
Trd, 4318260.893, 81
Trd, 4318262.693, 130
Trd, 4318262.893, 101
Trd, 4318263.343, 140
Trd, 4318264.293, 113
Trd, 4318264.343, 96
Trd, 4318265.043, 128
Trd, 4318265.243, 118
Trd, 4318266.743, 128
Trd, 4318267.343, 131
Trd, 4318268.643, 135
Trd, 4318268.793, 133
Trd, 4318269.293, 134
Trd, 4318269.593, 120
Trd, 4318269.643, 88
Trd, 4318270.243, 132
Trd, 4318271.193, 137
Trd, 4318271.293, 127
Trd, 4318271.343, 88
Trd, 4318274.143, 117
Trd, 4318274.393, 132
Trd, 4318275.043, 108
Trd, 4318275.093, 106
Trd, 4318275.493, 89
Trd, 4318275.943, 101
Trd, 4318276.793, 60
Trd, 4318277.043, 83
Trd, 4318277.393, 89
Trd, 4318278.693, 128
Trd, 4318278.993, 100
Trd, 4318279.943, 124
Trd, 4318280.493, 118
Trd, 4318280.743, 113
Trd, 4318281.743, 94
Trd, 4318282.343, 135
Trd, 4318282.443, 66
Trd, 4318282.693, 65
Trd, 4318284.743, 94
Trd, 4318284.993, 124
Trd, 4318285.643, 111
Trd, 4318285.793, 103
Trd, 4318286.443, 109
Trd, 4318286.743, 86
Trd, 4318286.993, 131
Trd, 4318287.243, 70
Trd, 4318288.043, 98
Trd, 4318288.543, 138
Trd, 4318291.743, 134
Trd, 4318292.393, 126
Trd, 4318293.093, 140
Trd, 4318293.293, 102
Trd, 4318293.543, 92
Trd, 4318294.143, 116
Trd, 4318295.893, 68
Trd, 4318295.993, 96
Trd, 4318297.443, 105
Trd, 4318297.743, 99
Trd, 4318298.243, 126
Trd, 4318298.593, 69
Trd, 4318299.543, 134
Trd, 4318300.343, 133
Trd, 4318300.893, 112
Trd, 4318301.393, 96
Trd, 4318302.343, 136
Trd, 4318303.243, 133
Trd, 4318303.743, 113
Trd, 4318303.993, 111
Trd, 4318305.643, 120
Trd, 4318306.143, 123
Trd, 4318307.543, 133
Trd, 4318308.043, 130
Trd, 4318309.443, 128
Trd, 4318310.093, 112
Trd, 4318310.493, 135
Trd, 4318311.243, 120
Trd, 4318311.793, 130
Trd, 4318312.343, 117
Trd, 4318312.943, 118
Trd, 4318313.543, 103
Trd, 4318313.643, 125
Trd, 4318314.793, 93
Trd, 4318315.093, 100
Trd, 4318315.243, 87
Trd, 4318317.193, 60
Trd, 4318317.293, 66
Trd, 4318318.193, 76
Trd, 4318318.543, 131
Trd, 4318319.593, 62
Trd, 4318319.893, 96
Trd, 4318320.193, 91
Trd, 4318321.943, 93
Trd, 4318322.243, 111
Trd, 4318323.193, 136
Trd, 4318323.343, 105
Trd, 4318325.043, 127
Trd, 4318325.793, 112
Trd, 4318326.143, 125
Trd, 4318326.893, 139
Trd, 4318327.393, 79
Trd, 4318327.543, 70
Trd, 4318327.943, 76
Trd, 4318328.243, 74
Trd, 4318329.543, 74
Trd, 4318330.343, 88
Trd, 4318331.493, 79
Trd, 4318332.143, 80
Trd, 4318332.343, 136
Trd, 4318332.443, 64
Trd, 4318334.543, 62
Trd, 4318334.843, 60
Trd, 4318335.043, 127
Trd, 4318336.493, 92
Trd, 4318337.793, 134
Trd, 4318337.893, 130
Trd, 4318338.893, 132
Trd, 4318339.593, 140
Trd, 4318339.793, 140
Trd, 4318340.143, 121
Trd, 4318342.043, 127
Trd, 4318342.343, 134
Trd, 4318342.643, 105
Trd, 4318343.243, 99
Trd, 4318344.393, 138
Trd, 4318344.793, 131
Trd, 4318346.043, 103
Trd, 4318346.943, 135
Trd, 4318347.443, 124
Trd, 4318348.093, 126
Trd, 4318348.143, 112
Trd, 4318348.693, 137
Trd, 4318348.893, 94
Trd, 4318349.893, 139
Trd, 4318351.043, 140
Trd, 4318351.393, 66
Trd, 4318351.943, 63
Trd, 4318352.593, 128
Trd, 4318352.943, 84
Trd, 4318353.743, 70
Trd, 4318354.043, 98
Trd, 4318354.793, 80
Trd, 4318356.193, 137
Trd, 4318356.293, 125
Trd, 4318356.493, 114
Trd, 4318357.693, 133
Trd, 4318357.893, 66
Trd, 4318359.593, 105
Trd, 4318360.643, 132
Trd, 4318361.193, 127
Trd, 4318361.343, 104
Trd, 4318361.593, 137
Trd, 4318362.443, 127
Trd, 4318362.593, 128
Trd, 4318363.843, 138
Trd, 4318364.993, 134
Trd, 4318366.043, 67
Trd, 4318366.743, 74
Trd, 4318368.543, 63
Trd, 4318368.993, 68
Trd, 4318369.043, 86
Trd, 4318369.693, 74
Trd, 4318370.043, 94
Trd, 4318371.143, 116
Trd, 4318372.343, 116
Trd, 4318372.543, 106
Trd, 4318373.343, 121
Trd, 4318373.593, 112
Trd, 4318373.993, 136
Trd, 4318374.593, 78
Trd, 4318375.243, 115
Trd, 4318375.293, 75
Trd, 4318378.043, 130
Trd, 4318378.093, 120
Trd, 4318378.643, 114
Trd, 4318379.343, 115
Trd, 4318379.693, 95
Trd, 4318380.343, 90
Trd, 4318381.093, 139
Trd, 4318381.593, 134
Trd, 4318382.843, 123
Trd, 4318383.143, 107
Trd, 4318384.193, 127
Trd, 4318384.793, 137
Trd, 4318385.193, 102
Trd, 4318385.643, 134
Trd, 4318386.193, 126
Trd, 4318387.243, 108
Trd, 4318387.643, 109
Trd, 4318388.843, 140
Trd, 4318389.643, 137
Trd, 4318391.043, 114
Trd, 4318391.093, 114
Trd, 4318391.643, 135
Trd, 4318392.493, 105
Trd, 4318393.293, 109
Trd, 4318395.693, 117
Trd, 4318396.943, 100
Trd, 4318396.993, 118
Trd, 4318397.593, 106
Trd, 4318397.843, 90
Trd, 4318398.543, 137
Trd, 4318398.593, 93
Trd, 4318400.343, 135
Trd, 4318400.443, 134
Trd, 4318400.693, 109
Trd, 4318401.693, 80
Trd, 4318402.193, 85
Trd, 4318403.843, 123
Trd, 4318404.243, 70
Trd, 4318404.393, 114
Trd, 4318404.893, 93
Trd, 4318405.243, 121
Trd, 4318405.843, 130
Trd, 4318407.093, 131
Trd, 4318407.493, 130
Trd, 4318409.143, 92
Trd, 4318409.293, 89
Trd, 4318410.293, 87
Trd, 4318410.643, 70
Trd, 4318411.043, 130
Trd, 4318411.443, 60
Trd, 4318412.143, 69
Trd, 4318414.443, 105
Trd, 4318414.943, 103
Trd, 4318415.443, 113
Trd, 4318415.493, 91
Trd, 4318416.393, 121
Trd, 4318416.843, 121
Trd, 4318417.193, 65
Trd, 4318417.593, 60
Trd, 4318417.893, 103
Trd, 4318421.243, 136
Trd, 4318421.293, 111
Trd, 4318421.543, 125
Trd, 4318421.843, 103
Trd, 4318422.943, 122
Trd, 4318424.193, 119
Trd, 4318424.793, 130
Trd, 4318426.243, 120
Trd, 4318426.743, 138
Trd, 4318427.543, 115
Trd, 4318427.643, 110
Trd, 4318428.143, 119
Trd, 4318428.693, 124
Trd, 4318429.193, 131
Trd, 4318429.543, 103
Trd, 4318429.943, 66
Trd, 4318430.993, 94
Trd, 4318431.543, 120
Trd, 4318431.943, 87
Trd, 4318432.493, 116
Trd, 4318433.193, 131
Trd, 4318433.393, 119
Trd, 4318434.493, 70
Trd, 4318435.443, 111
Trd, 4318436.443, 123
Trd, 4318438.293, 134
Trd, 4318438.343, 123
Trd, 4318438.393, 103
Trd, 4318438.993, 128
Trd, 4318439.793, 94
Trd, 4318441.843, 137
Trd, 4318441.993, 129
Trd, 4318442.593, 131
Trd, 4318443.243, 95
Trd, 4318444.293, 137
Trd, 4318444.643, 86
Trd, 4318445.693, 130
Trd, 4318446.743, 139
Trd, 4318447.143, 133
Trd, 4318448.993, 105
Trd, 4318449.143, 93
Trd, 4318449.293, 64
Trd, 4318449.843, 69
Trd, 4318450.293, 116
Trd, 4318450.343, 94
Trd, 4318453.043, 129
Trd, 4318453.243, 116
Trd, 4318453.593, 102
Trd, 4318454.393, 110
Trd, 4318454.593, 92
Trd, 4318455.093, 136
Trd, 4318455.443, 101
Trd, 4318455.643, 83
Trd, 4318456.143, 122
Trd, 4318456.443, 94
Trd, 4318458.143, 128
Trd, 4318458.243, 95
Trd, 4318458.643, 81
Trd, 4318458.993, 78
Trd, 4318460.193, 110
Trd, 4318460.543, 127
Trd, 4318460.693, 134
Trd, 4318461.143, 76
Trd, 4318462.693, 88
Trd, 4318463.393, 97
Trd, 4318464.243, 94
Trd, 4318464.593, 110
Trd, 4318464.743, 97
Trd, 4318465.393, 140
Trd, 4318466.993, 123
Trd, 4318468.043, 137
Trd, 4318468.643, 133
Trd, 4318470.643, 129
Trd, 4318471.143, 139
Trd, 4318472.443, 131
Trd, 4318472.643, 125
Trd, 4318473.793, 111
Trd, 4318476.243, 137
Trd, 4318476.343, 129
Trd, 4318476.693, 114
Trd, 4318478.093, 122
Trd, 4318478.393, 115
Trd, 4318479.193, 128
Trd, 4318479.493, 77
Trd, 4318479.893, 137
Trd, 4318480.943, 84
Trd, 4318481.643, 73
Trd, 4318481.993, 127
Trd, 4318482.893, 63
Trd, 4318483.893, 84
Trd, 4318483.943, 96
Trd, 4318484.943, 135
Trd, 4318485.393, 128
Trd, 4318485.493, 77
Trd, 4318486.043, 102
Trd, 4318488.043, 70
Trd, 4318488.343, 85
Trd, 4318488.943, 109
Trd, 4318489.543, 86
Trd, 4318490.093, 61
Trd, 4318490.343, 95
Trd, 4318491.643, 96
Trd, 4318492.293, 137
Trd, 4318492.443, 118
Trd, 4318492.593, 80
Trd, 4318492.643, 69
Trd, 4318492.793, 115
Trd, 4318493.943, 137
Trd, 4318494.693, 136
Trd, 4318494.843, 74
Trd, 4318495.443, 64
Trd, 4318497.093, 116
Trd, 4318498.293, 135
Trd, 4318498.493, 133
Trd, 4318498.693, 98
Trd, 4318499.243, 134
Trd, 4318499.743, 86
Trd, 4318500.393, 60
Trd, 4318500.593, 87
Trd, 4318502.743, 96
Trd, 4318502.893, 122
Trd, 4318503.993, 140
Trd, 4318504.593, 129
Trd, 4318505.943, 102
Trd, 4318505.993, 107
Trd, 4318506.243, 99
Trd, 4318506.993, 66
Trd, 4318507.143, 95
Trd, 4318507.693, 121
Trd, 4318508.343, 64
Trd, 4318508.693, 101
Trd, 4318510.393, 99
Trd, 4318510.443, 83
Trd, 4318511.493, 116
Trd, 4318511.693, 107
Trd, 4318512.393, 138
Trd, 4318512.643, 108
Trd, 4318514.343, 137
Trd, 4318514.993, 119
Trd, 4318515.543, 109
Trd, 4318515.793, 107
Trd, 4318516.943, 93
Trd, 4318518.093, 121
Trd, 4318518.893, 113
Trd, 4318519.143, 88
Trd, 4318521.243, 135
Trd, 4318521.343, 133
Trd, 4318521.793, 122
Trd, 4318521.993, 106
Trd, 4318522.593, 126
Trd, 4318524.443, 132
Trd, 4318526.543, 111
Trd, 4318526.643, 89
Trd, 4318526.693, 119
Trd, 4318527.643, 78
Trd, 4318527.693, 116
Trd, 4318527.993, 76
Trd, 4318528.793, 112
Trd, 4318529.493, 112
Trd, 4318530.593, 134
Trd, 4318530.743, 111
Trd, 4318531.843, 80
Trd, 4318531.893, 63
Trd, 4318532.743, 117
Trd, 4318532.843, 118
Trd, 4318533.243, 79
Trd, 4318533.443, 60
Trd, 4318534.493, 130
Trd, 4318535.393, 114
Trd, 4318535.543, 81
Trd, 4318536.293, 110
Trd, 4318537.293, 140
Trd, 4318537.543, 114
Trd, 4318538.143, 90
Trd, 4318539.543, 111
Trd, 4318540.693, 80
Trd, 4318541.093, 94
Trd, 4318541.493, 78
Trd, 4318541.643, 114
Trd, 4318543.143, 138
Trd, 4318543.443, 108
Trd, 4318543.493, 95
Trd, 4318543.943, 118
Trd, 4318544.693, 115
Trd, 4318546.093, 97
Trd, 4318547.743, 128
Trd, 4318547.943, 138
Trd, 4318548.193, 117
Trd, 4318548.593, 129
Trd, 4318548.643, 112
Trd, 4318549.593, 122
Trd, 4318550.593, 123
Trd, 4318551.443, 61
Trd, 4318553.343, 137
Trd, 4318553.643, 135
Trd, 4318554.043, 122
Trd, 4318555.493, 116
Trd, 4318555.843, 120
Trd, 4318556.493, 135
Trd, 4318557.643, 125
Trd, 4318557.843, 125
Trd, 4318559.343, 135
Trd, 4318559.943, 113
Trd, 4318559.993, 96
Trd, 4318561.543, 140
Trd, 4318561.643, 132
Trd, 4318562.443, 132
Trd, 4318562.643, 139
Trd, 4318563.843, 137
Trd, 4318564.493, 120
Trd, 4318565.243, 100
Trd, 4318565.793, 82
Trd, 4318566.643, 136
Trd, 4318567.343, 101
Trd, 4318567.643, 127
Trd, 4318567.993, 102
Trd, 4318568.393, 96
Trd, 4318568.943, 127
Trd, 4318569.243, 124
Trd, 4318570.393, 126
Trd, 4318571.043, 132
Trd, 4318573.343, 97
Trd, 4318574.893, 138
Trd, 4318575.193, 117
Trd, 4318576.143, 126
Trd, 4318576.243, 96
Trd, 4318576.543, 110
Trd, 4318577.343, 78
Trd, 4318577.693, 127
Trd, 4318578.243, 62
Trd, 4318579.143, 124
Trd, 4318580.293, 117
Trd, 4318581.043, 97
Trd, 4318581.493, 94
Trd, 4318582.043, 137
Trd, 4318582.243, 140
Trd, 4318584.043, 123
Trd, 4318584.243, 122
Trd, 4318584.793, 115
Trd, 4318585.593, 101
Trd, 4318586.693, 139
Trd, 4318586.943, 114
Trd, 4318588.243, 119
Trd, 4318588.643, 95
Trd, 4318589.143, 137
Trd, 4318589.493, 103
Trd, 4318589.843, 127
Trd, 4318590.193, 104
Trd, 4318592.143, 137
Trd, 4318593.993, 126
Trd, 4318594.693, 108
Trd, 4318595.143, 100
Trd, 4318596.593, 120
Trd, 4318596.793, 63
Trd, 4318597.243, 111
Trd, 4318598.543, 134
Trd, 4318599.843, 88
Trd, 4318600.493, 87
Trd, 4318601.843, 72
Trd, 4318602.443, 112
Trd, 4318603.093, 106
Trd, 4318604.543, 128
Trd, 4318604.843, 133
Trd, 4318604.943, 82
Trd, 4318605.243, 78
Trd, 4318606.143, 138
Trd, 4318606.793, 119
Trd, 4318607.393, 110
Trd, 4318608.443, 140
Trd, 4318609.493, 107
Trd, 4318609.993, 140
Trd, 4318610.393, 97
Trd, 4318611.443, 126
Trd, 4318611.493, 113
Trd, 4318611.893, 122
Trd, 4318614.493, 136
Trd, 4318614.593, 124
Trd, 4318614.943, 116
Trd, 4318615.343, 101
Trd, 4318615.493, 83
Trd, 4318615.843, 135
Trd, 4318618.043, 139
Trd, 4318618.293, 116
Trd, 4318619.193, 74
Trd, 4318619.993, 125
Trd, 4318620.493, 117
Trd, 4318621.093, 120
Trd, 4318622.993, 84
Trd, 4318623.043, 125
Trd, 4318623.593, 103
Trd, 4318623.943, 115
Trd, 4318624.343, 134
Trd, 4318625.443, 120
Trd, 4318625.543, 129
Trd, 4318626.793, 117
Trd, 4318627.343, 130
Trd, 4318628.143, 137
Trd, 4318628.643, 139
Trd, 4318629.343, 120
Trd, 4318630.843, 134
Trd, 4318630.993, 129
Trd, 4318631.193, 97
Trd, 4318631.843, 109
Trd, 4318633.493, 72
Trd, 4318634.043, 98
Trd, 4318634.193, 107
Trd, 4318634.893, 131
Trd, 4318635.443, 131
Trd, 4318635.693, 128
Trd, 4318636.293, 139
Trd, 4318637.393, 112
Trd, 4318637.793, 110
Trd, 4318638.043, 127
Trd, 4318639.343, 135
Trd, 4318639.743, 123
Trd, 4318640.193, 131
Trd, 4318640.343, 110
Trd, 4318641.143, 136
Trd, 4318642.393, 130
Trd, 4318644.593, 137
Trd, 4318644.993, 125
Trd, 4318645.343, 111
Trd, 4318646.893, 116
Trd, 4318647.043, 107
Trd, 4318648.443, 137
Trd, 4318649.493, 101
Trd, 4318649.943, 107
Trd, 4318651.193, 114
Trd, 4318652.193, 85
Trd, 4318652.743, 108
Trd, 4318654.893, 140
Trd, 4318654.993, 138
Trd, 4318655.493, 114
Trd, 4318655.943, 95
Trd, 4318656.493, 70
Trd, 4318657.743, 122
Trd, 4318658.443, 131
Trd, 4318659.643, 133
Trd, 4318661.493, 140
Trd, 4318661.693, 116
Trd, 4318661.893, 136
Trd, 4318662.893, 117
Trd, 4318663.393, 101
Trd, 4318664.993, 119
Trd, 4318665.093, 118
Trd, 4318665.443, 115
Trd, 4318666.543, 92
Trd, 4318667.043, 113
Trd, 4318667.593, 104
Trd, 4318670.093, 130
Trd, 4318670.443, 124
Trd, 4318670.693, 106
Trd, 4318671.043, 95
Trd, 4318671.643, 133
Trd, 4318672.093, 94
Trd, 4318673.193, 66
Trd, 4318674.193, 138
Trd, 4318676.743, 118
Trd, 4318677.143, 102
Trd, 4318677.493, 99
Trd, 4318677.943, 109
Trd, 4318678.393, 130
Trd, 4318679.493, 116
Trd, 4318679.843, 98
Trd, 4318681.743, 74
Trd, 4318682.793, 84
Trd, 4318682.993, 62
Trd, 4318684.393, 139
Trd, 4318685.193, 133
Trd, 4318685.543, 139
Trd, 4318685.743, 86
Trd, 4318686.743, 138
Trd, 4318688.093, 98
Trd, 4318688.393, 103
Trd, 4318688.443, 77
Trd, 4318688.793, 87
Trd, 4318689.293, 135
Trd, 4318690.193, 124
Trd, 4318691.093, 125
Trd, 4318691.593, 76
Trd, 4318692.443, 125
Trd, 4318692.593, 117
Trd, 4318693.143, 115
Trd, 4318694.393, 127
Trd, 4318695.143, 128
Trd, 4318695.643, 126
Trd, 4318696.043, 107
Trd, 4318696.443, 71
Trd, 4318697.493, 138
Trd, 4318697.693, 115
Trd, 4318699.393, 137
Trd, 4318700.193, 116
Trd, 4318701.443, 92
Trd, 4318701.843, 83
Trd, 4318701.993, 93
Trd, 4318702.393, 87
Trd, 4318702.743, 63
Trd, 4318703.843, 80
Trd, 4318705.193, 97
Trd, 4318705.343, 82
Trd, 4318705.393, 74
Trd, 4318705.643, 60
Trd, 4318706.343, 104
Trd, 4318707.293, 125
Trd, 4318707.843, 133
Trd, 4318707.993, 94
Trd, 4318708.293, 107
Trd, 4318709.543, 131
Trd, 4318709.693, 110
Trd, 4318709.743, 92
Trd, 4318710.343, 74
Trd, 4318711.593, 126
Trd, 4318711.843, 60
Trd, 4318713.493, 60
Trd, 4318713.743, 60
Trd, 4318714.043, 89
Trd, 4318715.193, 116
Trd, 4318715.443, 109
Trd, 4318717.243, 83
Trd, 4318717.393, 76
Trd, 4318718.293, 98
Trd, 4318718.743, 133
Trd, 4318719.243, 130
Trd, 4318719.593, 134
Trd, 4318722.643, 128
Trd, 4318722.693, 102
Trd, 4318723.593, 105
Trd, 4318724.743, 130
Trd, 4318725.393, 105
Trd, 4318726.093, 82
Trd, 4318726.843, 71
Trd, 4318727.243, 75
Trd, 4318728.593, 82
Trd, 4318730.193, 134
Trd, 4318730.443, 130
Trd, 4318730.743, 138
Trd, 4318730.943, 77
Trd, 4318731.143, 70
Trd, 4318732.193, 130
Trd, 4318733.393, 108
Trd, 4318733.743, 93
Trd, 4318733.843, 89
Trd, 4318735.693, 129
Trd, 4318736.543, 138
Trd, 4318736.693, 118
Trd, 4318737.093, 140
Trd, 4318737.543, 103
Trd, 4318737.843, 112
Trd, 4318738.543, 90
Trd, 4318739.243, 91
Trd, 4318739.543, 64
Trd, 4318739.693, 132
Trd, 4318740.843, 112
Trd, 4318741.243, 89
Trd, 4318741.793, 109
Trd, 4318743.043, 136
Trd, 4318743.143, 86
Trd, 4318743.993, 137
Trd, 4318744.943, 130
Trd, 4318745.493, 96
Trd, 4318746.593, 73
Trd, 4318746.893, 64
Trd, 4318747.143, 73
Trd, 4318748.693, 140
Trd, 4318749.543, 80
Trd, 4318749.893, 73
Trd, 4318750.143, 109
Trd, 4318751.393, 67
Trd, 4318752.143, 72
Trd, 4318753.243, 122
Trd, 4318753.343, 114
Trd, 4318754.143, 120
Trd, 4318754.443, 120
Trd, 4318755.193, 131
Trd, 4318755.393, 115
Trd, 4318755.443, 100
Trd, 4318756.743, 127
Trd, 4318757.143, 100
Trd, 4318758.043, 91
Trd, 4318758.343, 100
Trd, 4318758.593, 130
Trd, 4318758.843, 77
Trd, 4318759.843, 74
Trd, 4318760.043, 108
Trd, 4318760.393, 108
Trd, 4318761.893, 104
Trd, 4318762.443, 104
Trd, 4318762.543, 89
Trd, 4318764.443, 132
Trd, 4318764.643, 107
Trd, 4318765.393, 108
Trd, 4318766.043, 70
Trd, 4318766.693, 112
Trd, 4318767.993, 115
Trd, 4318769.243, 108
Trd, 4318769.543, 135
Trd, 4318770.243, 123
Trd, 4318770.443, 112
Trd, 4318770.593, 109
Trd, 4318770.993, 101
Trd, 4318772.093, 129
Trd, 4318773.293, 108
Trd, 4318773.993, 117
Trd, 4318774.443, 112
Trd, 4318774.493, 93
Trd, 4318775.693, 131
Trd, 4318776.143, 124
Trd, 4318777.443, 98
Trd, 4318778.093, 69
Trd, 4318779.143, 80
Trd, 4318779.443, 101
Trd, 4318779.793, 69
Trd, 4318780.093, 100
Trd, 4318780.643, 104
Trd, 4318781.293, 125
Trd, 4318781.743, 83
Trd, 4318782.193, 76
Trd, 4318783.693, 60
Trd, 4318784.343, 62
Trd, 4318784.843, 66
Trd, 4318785.243, 94
Trd, 4318785.643, 121
Trd, 4318786.393, 136
Trd, 4318787.293, 70
Trd, 4318787.943, 131
Trd, 4318789.593, 139
Trd, 4318789.793, 114
Trd, 4318789.993, 128
Trd, 4318790.193, 106
Trd, 4318792.243, 138
Trd, 4318792.643, 130
Trd, 4318792.743, 96
Trd, 4318793.243, 95
Trd, 4318794.593, 119
Trd, 4318795.243, 138
Trd, 4318795.543, 137
Trd, 4318796.393, 128
Trd, 4318796.693, 126
Trd, 4318797.493, 88
Trd, 4318798.293, 69
Trd, 4318798.843, 70
Trd, 4318799.193, 114
Trd, 4318799.493, 64
Trd, 4318801.743, 134
Trd, 4318801.943, 116
Trd, 4318802.043, 113
Trd, 4318802.843, 84
Trd, 4318803.843, 127
Trd, 4318804.543, 78
Trd, 4318806.743, 130
Trd, 4318806.993, 107
Trd, 4318807.043, 104
Trd, 4318807.143, 99
Trd, 4318807.893, 113
Trd, 4318808.443, 138
Trd, 4318808.693, 90
Trd, 4318809.343, 73
Trd, 4318811.343, 137
Trd, 4318812.193, 116
Trd, 4318813.143, 138
Trd, 4318813.293, 134
Trd, 4318814.993, 134
Trd, 4318815.143, 123
Trd, 4318815.393, 118
Trd, 4318815.843, 94
Trd, 4318816.293, 120
Trd, 4318816.693, 108
Trd, 4318818.343, 87
Trd, 4318819.643, 124
Trd, 4318819.793, 96
Trd, 4318820.093, 83
Trd, 4318820.993, 138
Trd, 4318821.243, 115
Trd, 4318821.393, 95
Trd, 4318822.893, 138
Trd, 4318822.993, 100
Trd, 4318823.593, 122
Trd, 4318824.343, 110
Trd, 4318825.593, 121
Trd, 4318827.343, 108
Trd, 4318829.293, 105
Trd, 4318830.593, 118
Trd, 4318831.243, 134
Trd, 4318832.593, 140
Trd, 4318832.743, 86
Trd, 4318833.993, 73
Trd, 4318834.343, 105
Trd, 4318834.593, 117
Trd, 4318834.743, 124
Trd, 4318837.493, 140
Trd, 4318837.693, 130
Trd, 4318837.893, 128
Trd, 4318839.293, 126
Trd, 4318839.343, 123
Trd, 4318839.393, 108
Trd, 4318840.493, 135
Trd, 4318840.893, 128
Trd, 4318841.593, 119
Trd, 4318842.943, 114
Trd, 4318843.643, 94
Trd, 4318843.993, 117
Trd, 4318844.093, 66
Trd, 4318844.593, 84
Trd, 4318845.943, 84
Trd, 4318846.943, 79
Trd, 4318847.643, 137
Trd, 4318847.843, 110
Trd, 4318848.493, 108
Trd, 4318849.243, 140
Trd, 4318852.143, 138
Trd, 4318852.393, 117
Trd, 4318852.493, 114
Trd, 4318852.593, 102
Trd, 4318853.443, 114
Trd, 4318853.493, 87
Trd, 4318854.093, 140
Trd, 4318854.793, 99
Trd, 4318856.043, 79
Trd, 4318856.143, 75
Trd, 4318856.843, 85
Trd, 4318857.243, 66
Trd, 4318858.693, 93
Trd, 4318859.393, 69
Trd, 4318859.693, 127
Trd, 4318860.493, 127
Trd, 4318860.943, 129
Trd, 4318860.993, 114
Trd, 4318861.843, 100
Trd, 4318863.193, 118
Trd, 4318863.293, 117
Trd, 4318863.893, 134
Trd, 4318865.693, 113
Trd, 4318865.793, 130
Trd, 4318865.993, 108
Trd, 4318866.193, 77
Trd, 4318868.343, 84
Trd, 4318868.943, 79
Trd, 4318869.893, 65
Trd, 4318870.243, 60
Trd, 4318870.443, 62
Trd, 4318871.743, 126
Trd, 4318872.343, 107
Trd, 4318874.093, 124
Trd, 4318874.193, 110
Trd, 4318875.143, 136
Trd, 4318875.843, 95
Trd, 4318876.393, 61
Trd, 4318877.393, 127
Trd, 4318878.443, 133
Trd, 4318879.093, 136
Trd, 4318879.343, 132
Trd, 4318881.193, 121
Trd, 4318881.593, 118
Trd, 4318881.693, 107
Trd, 4318883.693, 120
Trd, 4318884.893, 137
Trd, 4318885.993, 138
Trd, 4318886.093, 135
Trd, 4318886.593, 114
Trd, 4318887.293, 140
Trd, 4318887.343, 80
Trd, 4318888.343, 132
Trd, 4318890.093, 138
Trd, 4318890.343, 134
Trd, 4318890.893, 126
Trd, 4318892.143, 128
Trd, 4318892.293, 122
Trd, 4318892.443, 119
Trd, 4318892.743, 107
Trd, 4318893.243, 140
Trd, 4318893.843, 140
Trd, 4318895.393, 136
Trd, 4318895.743, 138
Trd, 4318895.843, 128
Trd, 4318897.043, 134
Trd, 4318897.543, 127
Trd, 4318898.243, 110
Trd, 4318899.393, 111
Trd, 4318899.993, 137
Trd, 4318900.793, 133
Trd, 4318900.843, 109
Trd, 4318900.943, 107
Trd, 4318901.643, 93
Trd, 4318902.093, 64
Trd, 4318902.293, 73
Trd, 4318903.043, 73
Trd, 4318903.343, 74
Trd, 4318903.893, 68
Trd, 4318904.643, 79
Trd, 4318905.893, 83
Trd, 4318906.993, 62
Trd, 4318907.843, 60
Trd, 4318908.143, 106
Trd, 4318908.793, 89
Trd, 4318909.243, 133
Trd, 4318910.493, 130
Trd, 4318911.043, 127
Trd, 4318911.743, 79
Trd, 4318912.193, 88
Trd, 4318913.243, 68
Trd, 4318913.393, 100
Trd, 4318914.093, 60
Trd, 4318914.593, 120
Trd, 4318914.793, 70
Trd, 4318915.693, 131
Trd, 4318916.043, 60
Trd, 4318916.093, 61
Trd, 4318916.743, 116
Trd, 4318917.243, 81
Trd, 4318918.543, 85
Trd, 4318919.193, 99
Trd, 4318919.693, 117
Trd, 4318920.043, 140
Trd, 4318921.043, 101
Trd, 4318921.093, 100
Trd, 4318922.993, 99
Trd, 4318923.593, 80
Trd, 4318923.743, 81
Trd, 4318923.943, 103
Trd, 4318924.593, 140
Trd, 4318925.343, 134
Trd, 4318926.043, 120
Trd, 4318926.993, 129
Trd, 4318927.793, 111
Trd, 4318928.843, 135
Trd, 4318929.143, 132
Trd, 4318930.393, 137
Trd, 4318930.493, 122
Trd, 4318931.543, 129
Trd, 4318931.793, 116
Trd, 4318932.393, 101
Trd, 4318932.643, 128
Trd, 4318932.943, 95
Trd, 4318933.293, 87
Trd, 4318933.793, 107
Trd, 4318934.993, 119
Trd, 4318935.843, 110
Trd, 4318936.193, 68
Trd, 4318937.193, 136
Trd, 4318937.593, 113
Trd, 4318938.743, 138
Trd, 4318939.943, 135
Trd, 4318940.143, 116
Trd, 4318941.043, 138
Trd, 4318941.093, 126
Trd, 4318942.643, 70
Trd, 4318942.843, 71
Trd, 4318943.543, 117
Trd, 4318944.093, 101
Trd, 4318944.943, 123
Trd, 4318945.143, 112
Trd, 4318945.643, 72
Trd, 4318945.893, 92
Trd, 4318947.493, 111
Trd, 4318947.893, 108
Trd, 4318948.343, 110
Trd, 4318948.693, 107
Trd, 4318948.893, 97
Trd, 4318949.043, 73
Trd, 4318951.193, 122
Trd, 4318951.893, 96
Trd, 4318952.743, 115
Trd, 4318953.143, 83
Trd, 4318953.543, 110
Trd, 4318953.593, 79
Trd, 4318954.093, 133
Trd, 4318955.543, 117
Trd, 4318956.143, 126
Trd, 4318956.243, 107
Trd, 4318957.143, 94
Trd, 4318957.793, 68
Trd, 4318958.993, 111
Trd, 4318959.493, 134
Trd, 4318960.343, 126
Trd, 4318960.593, 136
Trd, 4318960.943, 82
Trd, 4318963.143, 135
Trd, 4318963.693, 111
Trd, 4318964.843, 136
Trd, 4318965.093, 122
Trd, 4318965.743, 137
Trd, 4318966.293, 125
Trd, 4318968.193, 97
Trd, 4318969.393, 119
Trd, 4318969.993, 106
Trd, 4318970.743, 126
Trd, 4318970.843, 126
Trd, 4318970.893, 120
Trd, 4318971.193, 131
Trd, 4318971.593, 108
Trd, 4318972.043, 86
Trd, 4318973.243, 65
Trd, 4318973.493, 81
Trd, 4318975.193, 140
Trd, 4318975.643, 128
Trd, 4318976.693, 137
Trd, 4318977.193, 132
Trd, 4318978.293, 127
Trd, 4318978.393, 120
Trd, 4318978.643, 132
Trd, 4318979.093, 126
Trd, 4318979.193, 121
Trd, 4318979.343, 119
Trd, 4318981.193, 120
Trd, 4318982.993, 138
Trd, 4318983.093, 123
Trd, 4318984.093, 123
Trd, 4318985.843, 139
Trd, 4318986.243, 139
Trd, 4318986.693, 127
Trd, 4318987.043, 139
Trd, 4318987.793, 129
Trd, 4318989.643, 112
Trd, 4318990.043, 94
Trd, 4318990.543, 130
Trd, 4318991.643, 120
Trd, 4318992.943, 100
Trd, 4318993.043, 70
Trd, 4318993.693, 139
Trd, 4318994.593, 111
Trd, 4318994.943, 118
Trd, 4318995.743, 121
Trd, 4318996.093, 103
Trd, 4318997.443, 108
Trd, 4318998.643, 123
Trd, 4318998.893, 139
Trd, 4318999.193, 117
Trd, 4318999.343, 106
Trd, 4318999.593, 125
Trd, 4319000.793, 102
Trd, 4319001.693, 92
Trd, 4319002.593, 140
Trd, 4319002.843, 81
Trd, 4319003.243, 85
Trd, 4319003.543, 128
Trd, 4319004.293, 123
Trd, 4319004.993, 78
Trd, 4319007.093, 89
Trd, 4319007.593, 91
Trd, 4319008.493, 108
Trd, 4319008.643, 131
Trd, 4319009.843, 102
Trd, 4319010.493, 139
Trd, 4319010.593, 136
Trd, 4319010.793, 116
Trd, 4319011.643, 135
Trd, 4319012.043, 80
Trd, 4319012.343, 117
Trd, 4319013.293, 91
Trd, 4319014.243, 77
Trd, 4319016.193, 97
Trd, 4319016.643, 106
Trd, 4319016.743, 68
Trd, 4319016.793, 111
Trd, 4319017.743, 109
Trd, 4319018.243, 75
Trd, 4319019.843, 138
Trd, 4319020.393, 129
Trd, 4319020.543, 118
Trd, 4319021.393, 110
Trd, 4319023.093, 105
Trd, 4319023.443, 117
Trd, 4319023.593, 106
Trd, 4319024.743, 105
Trd, 4319025.143, 66
Trd, 4319025.343, 68
Trd, 4319025.543, 99
Trd, 4319027.143, 139
Trd, 4319027.943, 126
Trd, 4319028.593, 113
Trd, 4319028.793, 129
Trd, 4319030.243, 108
Trd, 4319030.543, 100
Trd, 4319031.093, 105
Trd, 4319031.443, 70
Trd, 4319031.993, 120
Trd, 4319034.493, 138
Trd, 4319034.993, 134
Trd, 4319035.343, 119
Trd, 4319035.593, 89
Trd, 4319035.943, 135
Trd, 4319037.243, 101
Trd, 4319038.093, 134
Trd, 4319038.243, 107
Trd, 4319038.393, 89
Trd, 4319040.143, 108
Trd, 4319040.293, 92
Trd, 4319040.643, 134
Trd, 4319041.443, 100
Trd, 4319041.893, 98
Trd, 4319042.193, 120
Trd, 4319043.643, 118
Trd, 4319044.443, 132
Trd, 4319044.793, 122
Trd, 4319044.893, 108
Trd, 4319046.043, 134
Trd, 4319046.243, 109
Trd, 4319046.493, 137
Trd, 4319046.843, 116
Trd, 4319047.843, 140
Trd, 4319048.193, 135
Trd, 4319049.643, 115
Trd, 4319049.843, 106
Trd, 4319050.893, 124
Trd, 4319051.943, 89
Trd, 4319052.543, 128
Trd, 4319053.043, 130
Trd, 4319053.093, 80
Trd, 4319053.743, 65
Trd, 4319054.993, 86
Trd, 4319055.393, 83
Trd, 4319056.243, 99
Trd, 4319057.293, 96
Trd, 4319057.993, 60
Trd, 4319058.493, 64
Trd, 4319060.993, 129
Trd, 4319061.343, 119
Trd, 4319061.693, 128
Trd, 4319061.893, 110
Trd, 4319062.093, 105
Trd, 4319064.393, 138
Trd, 4319064.493, 118
Trd, 4319064.993, 81
Trd, 4319065.243, 111
Trd, 4319066.093, 118
Trd, 4319066.843, 129
Trd, 4319067.393, 136
Trd, 4319068.343, 117
Trd, 4319068.593, 103
Trd, 4319069.143, 103
Trd, 4319069.643, 130
Trd, 4319069.943, 93
Trd, 4319070.343, 60
Trd, 4319071.593, 139
Trd, 4319072.443, 105
Trd, 4319072.943, 97
Trd, 4319073.843, 140
Trd, 4319074.243, 128
Trd, 4319074.343, 119
Trd, 4319074.593, 113
Trd, 4319075.243, 124
Trd, 4319075.843, 140
Trd, 4319075.943, 118
Trd, 4319075.993, 117
Trd, 4319078.043, 136
Trd, 4319078.193, 135
Trd, 4319078.443, 129
Trd, 4319079.893, 61
Trd, 4319081.643, 118
Trd, 4319081.793, 132
Trd, 4319082.293, 134
Trd, 4319083.143, 134
Trd, 4319083.193, 118
Trd, 4319084.043, 115
Trd, 4319084.593, 110
Trd, 4319084.743, 127
Trd, 4319086.293, 131
Trd, 4319086.443, 108
Trd, 4319087.393, 135
Trd, 4319087.593, 130
Trd, 4319087.793, 120
Trd, 4319089.693, 115
Trd, 4319090.093, 102
Trd, 4319090.343, 87
Trd, 4319091.843, 67
Trd, 4319093.493, 95
Trd, 4319093.643, 116
Trd, 4319093.943, 114
Trd, 4319094.243, 106
Trd, 4319094.743, 109
Trd, 4319095.143, 138
Trd, 4319096.443, 118
Trd, 4319097.793, 66
Trd, 4319098.243, 115
Trd, 4319099.143, 86
Trd, 4319099.743, 136
Trd, 4319100.793, 107
Trd, 4319101.243, 105
Trd, 4319101.393, 121
Trd, 4319101.693, 123
Trd, 4319102.893, 115
Trd, 4319104.093, 119
Trd, 4319104.443, 60
Trd, 4319104.893, 69
Trd, 4319105.693, 129
Trd, 4319106.443, 136
Trd, 4319107.893, 136
Trd, 4319108.293, 115
Trd, 4319108.943, 98
Trd, 4319110.043, 105
Trd, 4319110.743, 106
Trd, 4319111.543, 126
Trd, 4319112.393, 136
Trd, 4319112.643, 117
Trd, 4319113.293, 108
Trd, 4319113.943, 128
Trd, 4319114.343, 86
Trd, 4319114.793, 132
Trd, 4319115.793, 69
Trd, 4319115.843, 119
Trd, 4319117.593, 140
Trd, 4319117.643, 99
Trd, 4319117.993, 122
Trd, 4319119.343, 111
Trd, 4319120.043, 92
Trd, 4319120.843, 77
Trd, 4319120.943, 86
Trd, 4319121.693, 67
Trd, 4319122.343, 69
Trd, 4319123.093, 118
Trd, 4319123.293, 103
Trd, 4319123.593, 75
Trd, 4319124.743, 137
Trd, 4319124.943, 132
Trd, 4319126.843, 115
Trd, 4319126.943, 104
Trd, 4319128.643, 126
Trd, 4319129.293, 129
Trd, 4319130.193, 98
Trd, 4319131.393, 137
Trd, 4319131.443, 126
Trd, 4319132.893, 115
Trd, 4319133.193, 128
Trd, 4319133.643, 140
Trd, 4319133.693, 135
Trd, 4319133.843, 88
Trd, 4319134.493, 87
Trd, 4319135.993, 99
Trd, 4319136.543, 99
Trd, 4319137.293, 134
Trd, 4319137.343, 132
Trd, 4319138.993, 96
Trd, 4319139.493, 89
Trd, 4319139.593, 81
Trd, 4319140.193, 77
Trd, 4319140.343, 63
Trd, 4319140.843, 69
Trd, 4319141.293, 70
Trd, 4319143.093, 73
Trd, 4319143.943, 85
Trd, 4319144.093, 79
Trd, 4319144.143, 119
Trd, 4319144.493, 120
Trd, 4319144.993, 140
Trd, 4319145.493, 93
Trd, 4319145.743, 81
Trd, 4319147.243, 61
Trd, 4319147.793, 137
Trd, 4319148.093, 134
Trd, 4319148.293, 92
Trd, 4319149.893, 138
Trd, 4319150.793, 128
Trd, 4319151.093, 101
Trd, 4319151.343, 86
Trd, 4319153.093, 133
Trd, 4319153.843, 125
Trd, 4319154.293, 103
Trd, 4319155.543, 97
Trd, 4319155.643, 99
Trd, 4319157.443, 139
Trd, 4319157.993, 130
Trd, 4319158.343, 102
Trd, 4319158.843, 85
Trd, 4319159.143, 101
Trd, 4319159.693, 85
Trd, 4319161.643, 122
Trd, 4319162.293, 124
Trd, 4319162.643, 100
Trd, 4319162.793, 93
Trd, 4319163.943, 93
Trd, 4319164.293, 86
Trd, 4319165.343, 63
Trd, 4319165.393, 89
Trd, 4319167.093, 66
Trd, 4319167.143, 122
Trd, 4319168.293, 74
Trd, 4319168.443, 130
Trd, 4319168.893, 83
Trd, 4319170.643, 139
Trd, 4319171.193, 134
Trd, 4319171.243, 117
Trd, 4319172.693, 122
Trd, 4319174.543, 134
Trd, 4319174.893, 132
Trd, 4319175.543, 100
Trd, 4319176.243, 104
Trd, 4319176.593, 109
Trd, 4319177.343, 135
Trd, 4319177.893, 139
Trd, 4319178.893, 121
Trd, 4319179.093, 140
Trd, 4319180.843, 90
Trd, 4319181.193, 82
Trd, 4319181.543, 100
Trd, 4319182.543, 128
Trd, 4319182.893, 93
Trd, 4319183.143, 77
Trd, 4319184.093, 131
Trd, 4319184.143, 116
Trd, 4319185.843, 86
Trd, 4319186.143, 109
Trd, 4319187.743, 131
Trd, 4319187.843, 121
Trd, 4319188.043, 118
Trd, 4319188.493, 117
Trd, 4319189.243, 106
Trd, 4319189.643, 129
Trd, 4319190.343, 128
Trd, 4319191.743, 107
Trd, 4319192.393, 116
Trd, 4319192.743, 108
Trd, 4319193.043, 137
Trd, 4319193.593, 101
Trd, 4319194.943, 123
Trd, 4319195.593, 107
Trd, 4319195.743, 94
Trd, 4319195.843, 78
Trd, 4319197.343, 113
Trd, 4319197.393, 103
Trd, 4319199.793, 90
Trd, 4319200.093, 89
Trd, 4319200.193, 99
Trd, 4319201.093, 80
Trd, 4319201.293, 107
Trd, 4319204.593, 110
Trd, 4319204.843, 88
Trd, 4319204.893, 123
Trd, 4319205.143, 87
Trd, 4319205.443, 77
Trd, 4319205.743, 65
Trd, 4319207.343, 140
Trd, 4319207.443, 137
Trd, 4319209.143, 113
Trd, 4319209.493, 75
Trd, 4319209.793, 62
Trd, 4319210.793, 137
Trd, 4319211.193, 128
Trd, 4319211.943, 66
Trd, 4319213.693, 98
Trd, 4319213.743, 86
Trd, 4319214.143, 114
Trd, 4319214.293, 126
Trd, 4319214.743, 92
Trd, 4319216.093, 74
Trd, 4319216.393, 98
Trd, 4319216.793, 86
Trd, 4319217.643, 131
Trd, 4319219.343, 118
Trd, 4319219.443, 114
Trd, 4319219.893, 103
Trd, 4319220.543, 135
Trd, 4319220.993, 65
Trd, 4319221.143, 66
Trd, 4319221.193, 127
Trd, 4319223.243, 85
Trd, 4319224.043, 106
Trd, 4319224.293, 121
Trd, 4319224.593, 114
Trd, 4319224.743, 90
Trd, 4319225.443, 71
Trd, 4319226.843, 61
Trd, 4319226.943, 65
Trd, 4319227.193, 62
Trd, 4319229.793, 62
Trd, 4319230.193, 86
Trd, 4319230.993, 97
Trd, 4319232.043, 101
Trd, 4319232.093, 90
Trd, 4319233.843, 138
Trd, 4319234.143, 61
Trd, 4319234.793, 134
Trd, 4319235.643, 121
Trd, 4319236.743, 112
Trd, 4319237.893, 133
Trd, 4319237.993, 132
Trd, 4319240.193, 140
Trd, 4319240.593, 74
Trd, 4319241.193, 96
Trd, 4319241.243, 71
Trd, 4319241.743, 139
Trd, 4319242.043, 99
Trd, 4319242.993, 70
Trd, 4319243.143, 88
Trd, 4319244.043, 89
Trd, 4319244.193, 95
Trd, 4319245.193, 60
Trd, 4319245.643, 107
Trd, 4319246.693, 81
Trd, 4319248.043, 118
Trd, 4319248.193, 125
Trd, 4319248.343, 110
Trd, 4319249.393, 131
Trd, 4319250.593, 136
Trd, 4319250.793, 118
Trd, 4319251.343, 106
Trd, 4319252.543, 115
Trd, 4319252.643, 131
Trd, 4319254.093, 129
Trd, 4319255.693, 114
Trd, 4319255.743, 117
Trd, 4319255.843, 99
Trd, 4319256.493, 82
Trd, 4319256.693, 135
Trd, 4319256.793, 74
Trd, 4319257.493, 125
Trd, 4319258.443, 128
Trd, 4319260.293, 138
Trd, 4319260.693, 120
Trd, 4319261.593, 85
Trd, 4319261.743, 82
Trd, 4319262.043, 116
Trd, 4319263.693, 115
Trd, 4319263.893, 110
Trd, 4319263.993, 88
Trd, 4319264.293, 122
Trd, 4319264.743, 136
Trd, 4319264.993, 78
Trd, 4319266.843, 129
Trd, 4319268.293, 83
Trd, 4319268.893, 84
Trd, 4319269.093, 102
Trd, 4319269.343, 85
Trd, 4319269.743, 134
Trd, 4319270.193, 75
Trd, 4319270.743, 138
Trd, 4319272.093, 131
Trd, 4319273.343, 61
Trd, 4319274.293, 72
Trd, 4319274.443, 112
Trd, 4319274.593, 116
Trd, 4319277.093, 134
Trd, 4319277.343, 91
Trd, 4319278.693, 119
Trd, 4319280.293, 103
Trd, 4319280.543, 99
Trd, 4319281.143, 96
Trd, 4319281.793, 139
Trd, 4319281.843, 89
Trd, 4319283.343, 80
Trd, 4319283.743, 129
Trd, 4319283.943, 115
Trd, 4319285.543, 60
Trd, 4319285.593, 130
Trd, 4319286.543, 104
Trd, 4319286.843, 115
Trd, 4319288.143, 127
Trd, 4319288.343, 104
Trd, 4319288.493, 122
Trd, 4319288.693, 137
Trd, 4319289.643, 79
Trd, 4319290.943, 130
Trd, 4319292.143, 127
Trd, 4319292.843, 79
Trd, 4319292.943, 113
Trd, 4319294.993, 69
Trd, 4319296.143, 125
Trd, 4319296.943, 138
Trd, 4319297.343, 118
Trd, 4319297.593, 115
Trd, 4319298.343, 94
Trd, 4319299.693, 134
Trd, 4319299.843, 124
Trd, 4319300.093, 121
Trd, 4319300.293, 80
Trd, 4319300.343, 78
Trd, 4319301.343, 104
Trd, 4319301.393, 66
Trd, 4319302.393, 133
Trd, 4319302.543, 93
Trd, 4319303.343, 82
Trd, 4319304.343, 60
Trd, 4319305.343, 126
Trd, 4319307.093, 114
Trd, 4319307.543, 78
Trd, 4319307.743, 70
Trd, 4319308.493, 66
Trd, 4319308.643, 76
Trd, 4319309.293, 107
Trd, 4319311.543, 130
Trd, 4319311.743, 126
Trd, 4319312.893, 136
Trd, 4319313.293, 125
Trd, 4319313.443, 116
Trd, 4319314.943, 127
Trd, 4319316.243, 136
Trd, 4319316.343, 137
Trd, 4319317.343, 121
Trd, 4319318.393, 105
Trd, 4319318.943, 135
Trd, 4319319.293, 74
Trd, 4319319.743, 87
Trd, 4319320.493, 131
Trd, 4319321.743, 93
Trd, 4319322.593, 110
Trd, 4319323.193, 140
Trd, 4319323.493, 126
Trd, 4319323.793, 81
Trd, 4319324.043, 132
Trd, 4319324.743, 114
Trd, 4319326.293, 64
Trd, 4319328.443, 131
Trd, 4319328.993, 138
Trd, 4319330.493, 133
Trd, 4319330.743, 122
Trd, 4319330.993, 112
Trd, 4319331.493, 132
Trd, 4319331.743, 101
Trd, 4319332.093, 136
Trd, 4319332.793, 114
Trd, 4319332.843, 94
Trd, 4319334.643, 139
Trd, 4319334.893, 128
Trd, 4319335.293, 124
Trd, 4319336.943, 129
Trd, 4319338.543, 113
Trd, 4319339.793, 134
Trd, 4319340.043, 133
Trd, 4319341.843, 132
Trd, 4319343.093, 139
Trd, 4319343.143, 124
Trd, 4319343.443, 83
Trd, 4319344.243, 69
Trd, 4319346.043, 134
Trd, 4319346.093, 122
Trd, 4319346.493, 79
Trd, 4319346.693, 91
Trd, 4319347.143, 111
Trd, 4319348.943, 124
Trd, 4319350.393, 120
Trd, 4319351.243, 139
Trd, 4319352.143, 112
Trd, 4319352.393, 118
Trd, 4319353.293, 134
Trd, 4319353.593, 132
Trd, 4319354.043, 109
Trd, 4319354.593, 69
Trd, 4319354.793, 64
Trd, 4319355.843, 109
Trd, 4319356.243, 62
Trd, 4319356.943, 73
Trd, 4319357.743, 112
Trd, 4319359.943, 98
Trd, 4319361.293, 103
Trd, 4319361.493, 122
Trd, 4319362.693, 110
Trd, 4319362.743, 97
Trd, 4319363.193, 133
Trd, 4319363.643, 125
Trd, 4319365.443, 131
Trd, 4319365.743, 137
Trd, 4319365.893, 109
Trd, 4319366.093, 90
Trd, 4319367.843, 135
Trd, 4319368.293, 128
Trd, 4319368.893, 113
Trd, 4319369.293, 127
Trd, 4319370.693, 112
Trd, 4319370.993, 110
Trd, 4319371.393, 89
Trd, 4319372.093, 98
Trd, 4319372.243, 84
Trd, 4319372.893, 112
Trd, 4319372.993, 95
Trd, 4319373.843, 101
Trd, 4319373.993, 80
Trd, 4319374.193, 122
Trd, 4319375.393, 87
Trd, 4319376.193, 74
Trd, 4319376.693, 90
Trd, 4319376.743, 65
Trd, 4319378.193, 101
Trd, 4319378.393, 96
Trd, 4319379.043, 140
Trd, 4319379.543, 106
Trd, 4319381.643, 100
Trd, 4319382.693, 130
Trd, 4319383.343, 137
Trd, 4319384.043, 110
Trd, 4319384.643, 127
Trd, 4319384.843, 73
Trd, 4319385.643, 68
Trd, 4319386.043, 122
Trd, 4319386.243, 86
Trd, 4319386.743, 137
Trd, 4319387.543, 96
Trd, 4319389.943, 133
Trd, 4319390.143, 78
Trd, 4319390.243, 76
Trd, 4319390.493, 72
Trd, 4319391.593, 136
Trd, 4319391.843, 129
Trd, 4319392.143, 123
Trd, 4319393.593, 117
Trd, 4319393.643, 100
Trd, 4319394.343, 108
Trd, 4319394.443, 93
Trd, 4319396.043, 129
Trd, 4319396.143, 83
Trd, 4319396.593, 95
Trd, 4319397.243, 138
Trd, 4319397.893, 111
Trd, 4319398.993, 124
Trd, 4319399.593, 115
Trd, 4319399.643, 114
Trd, 4319399.993, 118
Trd, 4319401.543, 137
Trd, 4319401.793, 103
Trd, 4319402.693, 125
Trd, 4319403.093, 111
Trd, 4319403.143, 122
Trd, 4319404.643, 115
Trd, 4319405.543, 110
Trd, 4319405.743, 85
Trd, 4319406.093, 110
Trd, 4319406.293, 91
Trd, 4319408.893, 139
Trd, 4319408.943, 138
Trd, 4319409.093, 125
Trd, 4319409.593, 100
Trd, 4319410.493, 118
Trd, 4319410.943, 117
Trd, 4319411.693, 107
Trd, 4319412.443, 114
Trd, 4319412.643, 72
Trd, 4319413.193, 135
Trd, 4319413.643, 112
Trd, 4319415.743, 134
Trd, 4319416.293, 115
Trd, 4319416.543, 93
Trd, 4319417.393, 74
Trd, 4319417.843, 71
Trd, 4319419.593, 85
Trd, 4319419.743, 109
Trd, 4319420.493, 67
Trd, 4319420.843, 80
Trd, 4319422.293, 99
Trd, 4319422.593, 72
Trd, 4319423.893, 80
Trd, 4319424.193, 89
Trd, 4319425.293, 96
Trd, 4319426.343, 115
Trd, 4319426.643, 62
Trd, 4319427.843, 70
Trd, 4319428.343, 66
Trd, 4319429.343, 66
Trd, 4319429.493, 84
Trd, 4319429.593, 108
Trd, 4319430.643, 63
Trd, 4319430.793, 60
Trd, 4319431.743, 83
Trd, 4319431.993, 137
Trd, 4319433.343, 130
Trd, 4319433.893, 108
Trd, 4319434.293, 106
Trd, 4319435.243, 130
Trd, 4319435.693, 69
Trd, 4319437.193, 76
Trd, 4319437.593, 119
Trd, 4319437.993, 112
Trd, 4319438.693, 118
Trd, 4319438.893, 99
Trd, 4319439.743, 69
Trd, 4319441.843, 139
Trd, 4319441.993, 136
Trd, 4319442.593, 127
Trd, 4319442.693, 92
Trd, 4319443.443, 108
Trd, 4319444.293, 110
Trd, 4319444.343, 107
Trd, 4319445.293, 112
Trd, 4319445.693, 74
Trd, 4319446.543, 118
Trd, 4319447.593, 61
Trd, 4319448.193, 62
Trd, 4319449.043, 73
Trd, 4319449.343, 114
Trd, 4319449.643, 127
Trd, 4319450.243, 101
Trd, 4319450.943, 87
Trd, 4319452.143, 132
Trd, 4319453.043, 131
Trd, 4319454.343, 129
Trd, 4319454.693, 108
Trd, 4319455.143, 92
Trd, 4319455.293, 119
Trd, 4319456.893, 113
Trd, 4319458.793, 122
Trd, 4319458.993, 119
Trd, 4319459.043, 105
Trd, 4319459.143, 100
Trd, 4319459.343, 98
Trd, 4319459.943, 132
Trd, 4319460.443, 112
Trd, 4319461.143, 95
Trd, 4319461.393, 112
Trd, 4319462.243, 93
Trd, 4319462.743, 130
Trd, 4319464.343, 122
Trd, 4319464.693, 140
Trd, 4319465.493, 128
Trd, 4319466.743, 113
Trd, 4319466.943, 110
Trd, 4319468.243, 117
Trd, 4319468.643, 104
Trd, 4319468.993, 94
Trd, 4319469.893, 137
Trd, 4319471.093, 128
Trd, 4319473.593, 107
Trd, 4319473.993, 86
Trd, 4319474.343, 86
Trd, 4319474.893, 136
Trd, 4319474.943, 125
Trd, 4319475.343, 81
Trd, 4319475.893, 137
Trd, 4319477.493, 130
Trd, 4319477.593, 125
Trd, 4319478.793, 135
Trd, 4319480.693, 116
Trd, 4319480.893, 139
Trd, 4319481.493, 117
Trd, 4319481.943, 106
Trd, 4319482.893, 118
Trd, 4319482.943, 114
Trd, 4319484.143, 85
Trd, 4319485.143, 103
Trd, 4319485.393, 109
Trd, 4319486.243, 135
Trd, 4319487.443, 125
Trd, 4319487.693, 82
Trd, 4319488.493, 110
Trd, 4319489.143, 108
Trd, 4319489.243, 137
Trd, 4319491.093, 115
Trd, 4319491.143, 106
Trd, 4319491.993, 118
Trd, 4319493.293, 114
Trd, 4319494.393, 120
Trd, 4319494.793, 116
Trd, 4319495.993, 83
Trd, 4319496.643, 111
Trd, 4319497.243, 102
Trd, 4319497.493, 102
Trd, 4319499.043, 136
Trd, 4319499.743, 125
Trd, 4319500.893, 133
Trd, 4319501.143, 132
Trd, 4319501.493, 110
Trd, 4319502.643, 124
Trd, 4319503.543, 83
Trd, 4319503.693, 79
Trd, 4319504.243, 140
Trd, 4319505.193, 80
Trd, 4319505.943, 116
Trd, 4319507.543, 105
Trd, 4319507.643, 120
Trd, 4319508.443, 78
Trd, 4319508.993, 92
Trd, 4319510.043, 115
Trd, 4319510.893, 91
Trd, 4319512.193, 127
Trd, 4319513.043, 122
Trd, 4319513.493, 116
Trd, 4319514.043, 135
Trd, 4319515.493, 98
Trd, 4319517.893, 121
Trd, 4319518.043, 99
Trd, 4319518.643, 99
Trd, 4319518.793, 93
Trd, 4319518.993, 85
Trd, 4319520.093, 120
Trd, 4319520.543, 130
Trd, 4319521.193, 118
Trd, 4319521.643, 112
Trd, 4319522.243, 101
Trd, 4319522.943, 118
Trd, 4319524.993, 138
Trd, 4319525.293, 139
Trd, 4319526.143, 123
Trd, 4319526.193, 75
Trd, 4319526.993, 115
Trd, 4319527.043, 110
Trd, 4319528.193, 140
Trd, 4319528.593, 135
Trd, 4319528.793, 133
Trd, 4319529.493, 69
Trd, 4319529.693, 74
Trd, 4319530.393, 101
Trd, 4319530.893, 139
Trd, 4319532.043, 115
Trd, 4319532.343, 118
Trd, 4319533.243, 73
Trd, 4319533.493, 62
Trd, 4319533.843, 119
Trd, 4319534.893, 101
Trd, 4319535.043, 107
Trd, 4319535.693, 107
Trd, 4319536.443, 118
Trd, 4319536.593, 84
Trd, 4319537.793, 138
Trd, 4319538.793, 133
Trd, 4319538.943, 96
Trd, 4319539.293, 128
Trd, 4319539.843, 139
Trd, 4319540.443, 132
Trd, 4319541.543, 114
Trd, 4319542.293, 99
Trd, 4319543.143, 107
Trd, 4319543.493, 113
Trd, 4319544.443, 119
Trd, 4319545.493, 123
Trd, 4319545.543, 124
Trd, 4319547.043, 124
Trd, 4319547.593, 123
Trd, 4319548.493, 137
Trd, 4319550.043, 105
Trd, 4319550.243, 97
Trd, 4319551.193, 83
Trd, 4319551.893, 103
Trd, 4319552.093, 128
Trd, 4319552.543, 76
Trd, 4319553.093, 61
Trd, 4319553.693, 137
Trd, 4319554.343, 103
Trd, 4319555.643, 119
Trd, 4319555.993, 83
Trd, 4319556.243, 60
Trd, 4319557.243, 128
Trd, 4319559.193, 96
Trd, 4319559.243, 87
Trd, 4319559.893, 69
Trd, 4319560.393, 117
Trd, 4319561.193, 118
Trd, 4319562.343, 117
Trd, 4319562.543, 87
Trd, 4319562.743, 74
Trd, 4319562.793, 86
Trd, 4319564.093, 131
Trd, 4319564.893, 73
Trd, 4319565.343, 126
Trd, 4319566.243, 93
Trd, 4319566.943, 139
Trd, 4319567.193, 92
Trd, 4319567.643, 122
Trd, 4319567.693, 77
Trd, 4319569.793, 140
Trd, 4319570.093, 118
Trd, 4319570.443, 108
Trd, 4319570.643, 103
Trd, 4319572.143, 85
Trd, 4319572.693, 139
Trd, 4319573.393, 135
Trd, 4319574.893, 96
Trd, 4319575.643, 111
Trd, 4319576.743, 106
Trd, 4319577.393, 140
Trd, 4319578.043, 133
Trd, 4319580.993, 137
Trd, 4319581.143, 137
Trd, 4319581.493, 138
Trd, 4319581.693, 122
Trd, 4319582.493, 105
Trd, 4319582.693, 124
Trd, 4319582.993, 129
Trd, 4319584.393, 107
Trd, 4319584.743, 92
Trd, 4319585.093, 72
Trd, 4319585.243, 69
Trd, 4319586.893, 135
Trd, 4319587.693, 128
Trd, 4319588.743, 115
Trd, 4319588.993, 102
Trd, 4319589.643, 119
Trd, 4319590.093, 114
Trd, 4319590.993, 89
Trd, 4319592.093, 133
Trd, 4319592.643, 126
Trd, 4319593.043, 133
Trd, 4319595.793, 132
Trd, 4319596.143, 130
Trd, 4319596.643, 117
Trd, 4319596.693, 104
Trd, 4319597.193, 113
Trd, 4319598.243, 136
Trd, 4319598.443, 135
Trd, 4319599.793, 65
Trd, 4319600.593, 128
Trd, 4319600.643, 118
Trd, 4319601.743, 139
Trd, 4319602.293, 120
Trd, 4319602.393, 94
Trd, 4319603.643, 136
Trd, 4319604.093, 98
Trd, 4319604.243, 94
Trd, 4319605.043, 135
Trd, 4319605.193, 123
Trd, 4319606.243, 71
Trd, 4319606.643, 116
Trd, 4319607.393, 121
Trd, 4319608.243, 104
Trd, 4319608.943, 84
Trd, 4319609.343, 104
Trd, 4319609.493, 140
Trd, 4319610.443, 139
Trd, 4319611.593, 86
Trd, 4319612.393, 62
Trd, 4319612.493, 132
Trd, 4319613.993, 103
Trd, 4319614.593, 109
Trd, 4319615.343, 110
Trd, 4319615.693, 137
Trd, 4319615.893, 81
Trd, 4319616.343, 77
Trd, 4319617.443, 104
Trd, 4319618.893, 111
Trd, 4319619.043, 103
Trd, 4319619.693, 91
Trd, 4319620.193, 88
Trd, 4319620.993, 82
Trd, 4319621.743, 74
Trd, 4319622.493, 92
Trd, 4319623.543, 108
Trd, 4319623.643, 97
Trd, 4319623.743, 96
Trd, 4319624.543, 138
Trd, 4319625.043, 123
Trd, 4319626.193, 127
Trd, 4319626.743, 88
Trd, 4319627.443, 89
Trd, 4319628.393, 139
Trd, 4319628.493, 106
Trd, 4319628.793, 98
Trd, 4319630.193, 139
Trd, 4319630.293, 118
Trd, 4319630.443, 114
Trd, 4319632.593, 125
Trd, 4319633.293, 132
Trd, 4319633.893, 98
Trd, 4319633.993, 108
Trd, 4319634.893, 110
Trd, 4319634.943, 88
Trd, 4319635.443, 68
Trd, 4319636.343, 68
Trd, 4319636.593, 78
Trd, 4319637.593, 135
Trd, 4319637.993, 137
Trd, 4319638.793, 90
Trd, 4319639.293, 93
Trd, 4319640.593, 64
Trd, 4319640.843, 80
Trd, 4319642.143, 127
Trd, 4319642.243, 123
Trd, 4319643.393, 122
Trd, 4319643.793, 87
Trd, 4319645.893, 121
Trd, 4319646.643, 68
Trd, 4319647.543, 139
Trd, 4319647.643, 120
Trd, 4319648.743, 140
Trd, 4319649.343, 109
Trd, 4319649.393, 85
Trd, 4319650.143, 95
Trd, 4319650.543, 94
Trd, 4319651.543, 98
Trd, 4319651.693, 96
Trd, 4319652.843, 134
Trd, 4319653.293, 134
Trd, 4319653.443, 122
Trd, 4319654.593, 70
Trd, 4319656.693, 139
Trd, 4319657.193, 140
Trd, 4319657.593, 100
Trd, 4319657.793, 140
Trd, 4319658.543, 123
Trd, 4319658.693, 118
Trd, 4319659.993, 117
Trd, 4319662.093, 131
Trd, 4319662.643, 136
Trd, 4319663.093, 105
Trd, 4319663.243, 120
Trd, 4319664.243, 134
Trd, 4319664.393, 119
Trd, 4319664.493, 70
Trd, 4319665.793, 140
Trd, 4319666.893, 110
Trd, 4319667.793, 140
Trd, 4319667.993, 128
Trd, 4319668.543, 63
Trd, 4319670.393, 61
Trd, 4319670.743, 87
Trd, 4319671.243, 77
Trd, 4319672.643, 130
Trd, 4319673.343, 60
Trd, 4319673.693, 74
Trd, 4319674.293, 112
Trd, 4319675.143, 131
Trd, 4319676.093, 78
Trd, 4319676.993, 61
Trd, 4319677.093, 65
Trd, 4319678.043, 91
Trd, 4319678.693, 140
Trd, 4319679.143, 68
Trd, 4319679.493, 66
Trd, 4319680.943, 72
Trd, 4319682.343, 64
Trd, 4319683.243, 123
Trd, 4319685.143, 87
Trd, 4319685.243, 120
Trd, 4319685.793, 140
Trd, 4319685.893, 81
Trd, 4319686.243, 140
Trd, 4319686.343, 110
Trd, 4319686.793, 100
Trd, 4319688.143, 115
Trd, 4319688.293, 88
Trd, 4319689.143, 107
Trd, 4319689.343, 130
Trd, 4319690.193, 117
Trd, 4319692.043, 115
Trd, 4319692.743, 111
Trd, 4319692.993, 139
Trd, 4319693.093, 108
Trd, 4319694.093, 98
Trd, 4319694.343, 99
Trd, 4319695.043, 63
Trd, 4319696.043, 65
Trd, 4319696.443, 72
Trd, 4319697.943, 138
Trd, 4319699.143, 114
Trd, 4319699.343, 113
Trd, 4319700.093, 122
Trd, 4319700.693, 121
Trd, 4319700.843, 128
Trd, 4319701.993, 134
Trd, 4319702.493, 113
Trd, 4319702.793, 109
Trd, 4319702.843, 128
Trd, 4319703.693, 101
Trd, 4319705.693, 115
Trd, 4319705.943, 85
Trd, 4319706.443, 87
Trd, 4319706.743, 101
Trd, 4319706.993, 82
Trd, 4319707.943, 74
Trd, 4319708.643, 116
Trd, 4319710.143, 134
Trd, 4319710.393, 111
Trd, 4319710.793, 105
Trd, 4319711.693, 81
Trd, 4319712.093, 124
Trd, 4319713.193, 95
Trd, 4319713.693, 91
Trd, 4319714.243, 79
Trd, 4319714.443, 61
Trd, 4319715.443, 140
Trd, 4319716.793, 134
Trd, 4319717.243, 110
Trd, 4319718.443, 132
Trd, 4319718.693, 136
Trd, 4319720.043, 136
Trd, 4319720.993, 136
Trd, 4319721.443, 133
Trd, 4319721.693, 100
Trd, 4319721.993, 93
Trd, 4319723.143, 109
Trd, 4319723.593, 99
Trd, 4319724.243, 105
Trd, 4319724.643, 111
Trd, 4319725.643, 115
Trd, 4319725.693, 108
Trd, 4319726.443, 102
Trd, 4319726.893, 92
Trd, 4319728.643, 135
Trd, 4319729.043, 135
Trd, 4319730.443, 138
Trd, 4319730.543, 127
Trd, 4319733.343, 113
Trd, 4319733.743, 107
Trd, 4319734.143, 138
Trd, 4319735.243, 115
Trd, 4319735.343, 88
Trd, 4319735.743, 99
Trd, 4319735.893, 75
Trd, 4319736.243, 107
Trd, 4319736.293, 130
Trd, 4319736.643, 116
Trd, 4319738.293, 122
Trd, 4319739.793, 85
Trd, 4319740.043, 63
Trd, 4319740.243, 137
Trd, 4319740.293, 122
Trd, 4319740.893, 129
Trd, 4319741.743, 111
Trd, 4319742.243, 80
Trd, 4319742.793, 87
Trd, 4319743.393, 134
Trd, 4319744.093, 111
Trd, 4319744.443, 120
Trd, 4319744.843, 140
Trd, 4319745.043, 105
Trd, 4319745.643, 135
Trd, 4319745.843, 127
Trd, 4319746.643, 131
Trd, 4319748.543, 137
Trd, 4319749.393, 123
Trd, 4319749.593, 105
Trd, 4319749.643, 79
Trd, 4319750.393, 128
Trd, 4319751.493, 132
Trd, 4319751.943, 114
Trd, 4319754.443, 140
Trd, 4319754.993, 87
Trd, 4319755.493, 129
Trd, 4319755.643, 79
Trd, 4319756.293, 111
Trd, 4319756.493, 87
Trd, 4319756.593, 93
Trd, 4319756.893, 113
Trd, 4319758.293, 86
Trd, 4319759.193, 132
Trd, 4319759.243, 131
Trd, 4319759.743, 140
Trd, 4319760.193, 82
Trd, 4319761.943, 138
Trd, 4319763.293, 121
Trd, 4319763.693, 139
Trd, 4319764.043, 127
Trd, 4319764.893, 114
Trd, 4319765.293, 118
Trd, 4319765.593, 125
Trd, 4319766.093, 133
Trd, 4319766.943, 140
Trd, 4319767.443, 109
Trd, 4319767.743, 114
Trd, 4319769.393, 124
Trd, 4319769.893, 134
Trd, 4319771.393, 140
Trd, 4319771.443, 103
Trd, 4319772.743, 139
Trd, 4319773.243, 90
Trd, 4319774.143, 106
Trd, 4319774.893, 130
Trd, 4319775.193, 136
Trd, 4319775.443, 102
Trd, 4319776.143, 92
Trd, 4319777.443, 132
Trd, 4319778.093, 140
Trd, 4319778.343, 130
Trd, 4319778.743, 119
Trd, 4319779.343, 94
Trd, 4319779.893, 63
Trd, 4319782.193, 98
Trd, 4319782.443, 93
Trd, 4319782.943, 98
Trd, 4319783.443, 122
Trd, 4319783.993, 98
Trd, 4319785.043, 92
Trd, 4319785.343, 126
Trd, 4319786.393, 139
Trd, 4319787.693, 123
Trd, 4319788.243, 126
Trd, 4319788.593, 103
Trd, 4319788.843, 80
Trd, 4319789.443, 109
Trd, 4319789.543, 100
Trd, 4319790.243, 114
Trd, 4319790.793, 110
Trd, 4319790.993, 97
Trd, 4319792.293, 132
Trd, 4319792.493, 107
Trd, 4319792.543, 103
Trd, 4319792.843, 139
Trd, 4319793.643, 92
Trd, 4319794.093, 79
Trd, 4319794.743, 79
Trd, 4319797.093, 137
Trd, 4319797.393, 114
Trd, 4319797.843, 105
Trd, 4319798.143, 101
Trd, 4319798.893, 125
Trd, 4319799.393, 92
Trd, 4319799.943, 105
Trd, 4319800.243, 138
Trd, 4319800.893, 103
Trd, 4319801.443, 140
Trd, 4319802.143, 97
Trd, 4319803.843, 114
Trd, 4319804.493, 91
Trd, 4319805.293, 78
Trd, 4319806.993, 119
Trd, 4319807.043, 118
Trd, 4319809.493, 139
Trd, 4319809.543, 135
Trd, 4319809.943, 131
Trd, 4319810.343, 113
Trd, 4319810.393, 94
Trd, 4319812.743, 132
Trd, 4319813.243, 107
Trd, 4319814.143, 106
Trd, 4319814.993, 136
Trd, 4319815.443, 133
Trd, 4319815.743, 107
Trd, 4319815.843, 88
Trd, 4319816.293, 99
Trd, 4319816.743, 102
Trd, 4319816.843, 132
Trd, 4319817.693, 137
Trd, 4319818.393, 119
Trd, 4319819.493, 139
Trd, 4319819.693, 118
Trd, 4319821.943, 109
Trd, 4319822.543, 119
Trd, 4319822.693, 109
Trd, 4319823.993, 60
Trd, 4319824.193, 88
Trd, 4319824.743, 94
Trd, 4319825.793, 94
Trd, 4319825.943, 85
Trd, 4319826.843, 137
Trd, 4319827.143, 121
Trd, 4319827.593, 66
Trd, 4319828.643, 126
Trd, 4319830.093, 135
Trd, 4319830.843, 63
Trd, 4319831.643, 74
Trd, 4319831.943, 100
Trd, 4319833.793, 138
Trd, 4319834.093, 139
Trd, 4319834.793, 123
Trd, 4319835.493, 117
Trd, 4319835.593, 107
Trd, 4319837.043, 117
Trd, 4319837.693, 138
Trd, 4319837.843, 116
Trd, 4319839.143, 111
Trd, 4319839.743, 114
Trd, 4319840.193, 122
Trd, 4319841.043, 135
Trd, 4319841.243, 106
Trd, 4319841.643, 98
Trd, 4319841.943, 134
Trd, 4319842.643, 93
Trd, 4319843.493, 99
Trd, 4319844.443, 132
Trd, 4319845.143, 117
Trd, 4319845.993, 106
Trd, 4319846.293, 130
Trd, 4319846.893, 135
Trd, 4319847.793, 60
Trd, 4319848.143, 97
Trd, 4319848.893, 74
Trd, 4319848.993, 121
Trd, 4319849.893, 72
Trd, 4319850.543, 65
Trd, 4319851.593, 99
Trd, 4319852.943, 136
Trd, 4319853.893, 139
Trd, 4319854.343, 112
Trd, 4319854.393, 93
Trd, 4319855.393, 87
Trd, 4319855.443, 70
Trd, 4319856.293, 120
Trd, 4319857.293, 138
Trd, 4319857.593, 135
Trd, 4319858.393, 127
Trd, 4319859.643, 125
Trd, 4319860.943, 139
Trd, 4319861.443, 125
Trd, 4319861.693, 104
Trd, 4319862.093, 118
Trd, 4319863.743, 133
Trd, 4319865.093, 94
Trd, 4319865.493, 90
Trd, 4319865.743, 71
Trd, 4319865.993, 86
Trd, 4319866.643, 90
Trd, 4319867.843, 107
Trd, 4319868.243, 80
Trd, 4319868.643, 140
Trd, 4319869.643, 130
Trd, 4319870.843, 138
Trd, 4319871.493, 138
Trd, 4319872.343, 102
Trd, 4319873.293, 101
Trd, 4319873.993, 89
Trd, 4319874.743, 76
Trd, 4319875.143, 76
Trd, 4319875.493, 70
Trd, 4319875.843, 74
Trd, 4319876.543, 140
Trd, 4319877.143, 122
Trd, 4319878.243, 128
Trd, 4319879.343, 97
Trd, 4319879.493, 109
Trd, 4319880.943, 61
Trd, 4319881.293, 64
Trd, 4319881.993, 140
Trd, 4319882.743, 113
Trd, 4319882.943, 88
Trd, 4319883.143, 79
Trd, 4319884.393, 138
Trd, 4319884.643, 86
Trd, 4319884.993, 95
Trd, 4319885.393, 84
Trd, 4319886.043, 91
Trd, 4319886.143, 69
Trd, 4319887.293, 67
Trd, 4319888.093, 123
Trd, 4319888.593, 119
Trd, 4319889.843, 139
Trd, 4319890.543, 92
Trd, 4319892.043, 68
Trd, 4319893.243, 68
Trd, 4319893.443, 60
Trd, 4319893.743, 134
Trd, 4319895.743, 126
Trd, 4319895.993, 125
Trd, 4319896.893, 87
Trd, 4319897.093, 66
Trd, 4319897.693, 66
Trd, 4319898.593, 117
Trd, 4319899.493, 78
Trd, 4319899.893, 75
Trd, 4319901.093, 138
Trd, 4319901.243, 135
Trd, 4319901.643, 113
Trd, 4319902.843, 67
Trd, 4319904.043, 83
Trd, 4319904.093, 78
Trd, 4319904.193, 85
Trd, 4319905.143, 87
Trd, 4319905.893, 71
Trd, 4319907.343, 65
Trd, 4319907.993, 92
Trd, 4319908.193, 140
Trd, 4319909.043, 132
Trd, 4319909.343, 114
Trd, 4319909.543, 90
Trd, 4319910.343, 110
Trd, 4319910.843, 90
Trd, 4319911.343, 108
Trd, 4319912.243, 84
Trd, 4319912.643, 125
Trd, 4319913.693, 128
Trd, 4319914.843, 122
Trd, 4319915.393, 123
Trd, 4319916.493, 136
Trd, 4319916.593, 123
Trd, 4319917.043, 83
Trd, 4319919.843, 139
Trd, 4319919.893, 128
Trd, 4319920.343, 138
Trd, 4319920.543, 98
Trd, 4319920.593, 98
Trd, 4319922.293, 74
Trd, 4319922.393, 118
Trd, 4319922.543, 74
Trd, 4319922.943, 123
Trd, 4319923.043, 123
Trd, 4319924.193, 88
Trd, 4319925.343, 118
Trd, 4319925.643, 86
Trd, 4319926.243, 78
Trd, 4319927.143, 87
Trd, 4319927.243, 61
Trd, 4319928.193, 110
Trd, 4319929.343, 128
Trd, 4319929.543, 88
Trd, 4319930.393, 138
Trd, 4319930.593, 136
Trd, 4319931.593, 93
Trd, 4319931.843, 92
Trd, 4319932.093, 138
Trd, 4319934.443, 138
Trd, 4319935.743, 136
Trd, 4319935.943, 131
Trd, 4319936.093, 128
Trd, 4319936.693, 124
Trd, 4319937.143, 115
Trd, 4319937.893, 94
Trd, 4319938.393, 70
Trd, 4319938.493, 80
Trd, 4319938.943, 89
Trd, 4319939.343, 77
Trd, 4319940.843, 130
Trd, 4319941.243, 101
Trd, 4319941.493, 87
Trd, 4319941.593, 70
Trd, 4319942.093, 62
Trd, 4319942.843, 122
Trd, 4319944.993, 83
Trd, 4319945.293, 119
Trd, 4319945.443, 99
Trd, 4319946.043, 129
Trd, 4319946.393, 115
Trd, 4319947.043, 103
Trd, 4319947.893, 121
Trd, 4319948.393, 72
Trd, 4319948.543, 74
Trd, 4319949.343, 117
Trd, 4319950.043, 97
Trd, 4319951.643, 79
Trd, 4319953.293, 70
Trd, 4319953.693, 60
Trd, 4319953.793, 76
Trd, 4319953.893, 108
Trd, 4319955.293, 133
Trd, 4319955.993, 139
Trd, 4319956.293, 104
Trd, 4319956.893, 103
Trd, 4319957.093, 92
Trd, 4319958.193, 121
Trd, 4319960.393, 133
Trd, 4319961.243, 129
Trd, 4319961.493, 89
Trd, 4319962.543, 104
Trd, 4319963.143, 131
Trd, 4319963.393, 102
Trd, 4319964.043, 89
Trd, 4319964.143, 73
Trd, 4319966.093, 86
Trd, 4319966.743, 95
Trd, 4319967.593, 132
Trd, 4319967.843, 78
Trd, 4319968.243, 133
Trd, 4319968.743, 71
Trd, 4319969.443, 94
Trd, 4319969.493, 83
Trd, 4319970.993, 113
Trd, 4319971.243, 106
Trd, 4319971.543, 94
Trd, 4319973.643, 139
Trd, 4319973.993, 130
Trd, 4319974.093, 116
Trd, 4319975.293, 124
Trd, 4319975.893, 104
Trd, 4319976.193, 138
Trd, 4319976.493, 136
Trd, 4319977.293, 94
Trd, 4319979.343, 129
Trd, 4319980.143, 133
Trd, 4319981.393, 105
Trd, 4319981.743, 112
Trd, 4319981.843, 105
Trd, 4319984.343, 89
Trd, 4319984.793, 128
Trd, 4319984.893, 127
Trd, 4319985.293, 118
Trd, 4319985.893, 71
Trd, 4319986.243, 134
Trd, 4319987.043, 90
Trd, 4319987.293, 136
Trd, 4319987.443, 113
Trd, 4319987.693, 83
Trd, 4319988.593, 100
Trd, 4319989.193, 78
Trd, 4319989.943, 86
Trd, 4319990.793, 96
Trd, 4319990.943, 86
Trd, 4319991.943, 98
Trd, 4319992.743, 100
Trd, 4319994.393, 100
Trd, 4319994.693, 122
Trd, 4319994.843, 140
Trd, 4319996.193, 101
Trd, 4319996.643, 69
Trd, 4319997.293, 109
Trd, 4319997.943, 103
Trd, 4319999.593, 116
Trd, 4319999.793, 112
Trd, 4319999.893, 94
