Trd, 4318083.193, 140
Trd, 4318084.093, 139
Trd, 4318084.643, 140
Trd, 4318085.393, 140
Trd, 4318086.193, 140
Trd, 4318088.543, 139
Trd, 4318088.693, 140
Trd, 4318089.243, 140
Trd, 4318090.043, 140
Trd, 4318090.343, 140
Trd, 4318092.193, 140
Trd, 4318093.243, 140
Trd, 4318094.193, 140
Trd, 4318095.043, 140
Trd, 4318095.193, 140
Trd, 4318096.543, 140
Trd, 4318097.293, 140
Trd, 4318098.043, 140
Trd, 4318098.443, 140
Trd, 4318099.043, 140
Trd, 4318100.143, 140
Trd, 4318101.593, 140
Trd, 4318101.693, 140
Trd, 4318102.043, 140
Trd, 4318102.193, 140
Trd, 4318102.393, 140
Trd, 4318102.493, 139
Trd, 4318103.643, 62
Trd, 4318106.743, 140
Trd, 4318106.893, 140
Trd, 4318107.393, 140
Trd, 4318107.843, 140
Trd, 4318109.043, 140
Trd, 4318109.843, 140
Trd, 4318111.493, 140
Trd, 4318111.543, 140
Trd, 4318112.743, 140
Trd, 4318113.493, 140
Trd, 4318113.743, 140
Trd, 4318113.993, 140
Trd, 4318114.693, 140
Trd, 4318115.343, 140
Trd, 4318117.293, 140
Trd, 4318118.193, 140
Trd, 4318118.843, 140
Trd, 4318118.943, 140
Trd, 4318120.043, 140
Trd, 4318120.793, 140
Trd, 4318120.893, 140
Trd, 4318122.393, 140
Trd, 4318123.543, 140
Trd, 4318123.843, 140
Trd, 4318124.543, 140
Trd, 4318124.943, 140
Trd, 4318125.743, 140
Trd, 4318126.593, 140
Trd, 4318127.743, 140
Trd, 4318127.843, 140
Trd, 4318128.593, 140
Trd, 4318128.643, 139
Trd, 4318130.993, 140
Trd, 4318131.343, 140
Trd, 4318133.043, 140
Trd, 4318133.693, 140
Trd, 4318134.593, 140
Trd, 4318134.643, 140
Trd, 4318135.093, 140
Trd, 4318135.943, 140
Trd, 4318136.543, 140
Trd, 4318136.893, 140
Trd, 4318138.293, 140
Trd, 4318138.443, 140
Trd, 4318138.693, 140
Trd, 4318138.943, 140
Trd, 4318140.743, 140
Trd, 4318141.143, 140
Trd, 4318141.293, 140
Trd, 4318141.893, 140
Trd, 4318142.243, 67
Trd, 4318143.143, 94
Trd, 4318143.293, 92
Trd, 4318144.193, 83
Trd, 4318144.443, 84
Trd, 4318147.393, 140
Trd, 4318147.793, 140
Trd, 4318147.893, 140
Trd, 4318148.693, 139
Trd, 4318149.243, 139
Trd, 4318149.893, 138
Trd, 4318151.293, 140
Trd, 4318151.693, 140
Trd, 4318152.543, 140
Trd, 4318153.493, 140
Trd, 4318154.243, 140
Trd, 4318154.843, 140
Trd, 4318154.893, 140
Trd, 4318156.843, 140
Trd, 4318158.293, 140
Trd, 4318159.193, 140
Trd, 4318160.393, 140
Trd, 4318160.443, 140
Trd, 4318161.443, 140
Trd, 4318162.093, 140
Trd, 4318162.143, 139
Trd, 4318162.543, 140
Trd, 4318163.293, 140
Trd, 4318165.443, 140
Trd, 4318165.843, 140
Trd, 4318167.493, 140
Trd, 4318168.893, 140
Trd, 4318169.593, 140
Trd, 4318170.993, 140
Trd, 4318171.943, 140
Trd, 4318172.793, 140
Trd, 4318173.293, 140
Trd, 4318173.793, 140
Trd, 4318174.443, 140
Trd, 4318174.693, 140
Trd, 4318175.843, 140
Trd, 4318176.243, 140
Trd, 4318176.493, 140
Trd, 4318177.493, 140
Trd, 4318177.793, 140
Trd, 4318178.293, 140
Trd, 4318178.743, 140
Trd, 4318179.443, 140
Trd, 4318180.043, 140
Trd, 4318180.593, 138
Trd, 4318181.493, 140
Trd, 4318181.693, 140
Trd, 4318182.943, 140
Trd, 4318183.543, 140
Trd, 4318184.843, 140
Trd, 4318185.143, 140
Trd, 4318185.393, 140
Trd, 4318187.893, 140
Trd, 4318189.493, 140
Trd, 4318189.543, 140
Trd, 4318189.743, 140
Trd, 4318189.893, 140
Trd, 4318190.293, 140
Trd, 4318190.643, 140
Trd, 4318191.993, 114
Trd, 4318192.743, 134
Trd, 4318193.993, 86
Trd, 4318194.243, 134
Trd, 4318194.443, 138
Trd, 4318194.893, 138
Trd, 4318195.043, 138
Trd, 4318195.693, 140
Trd, 4318196.393, 140
Trd, 4318197.093, 140
Trd, 4318199.043, 140
Trd, 4318199.843, 140
Trd, 4318199.943, 140
Trd, 4318201.643, 140
Trd, 4318202.743, 140
Trd, 4318202.793, 140
Trd, 4318203.193, 140
Trd, 4318203.793, 140
Trd, 4318203.993, 140
Trd, 4318204.243, 140
Trd, 4318204.593, 140
Trd, 4318205.143, 140
Trd, 4318206.643, 140
Trd, 4318206.693, 140
Trd, 4318207.393, 140
Trd, 4318208.193, 140
Trd, 4318208.343, 140
Trd, 4318208.793, 139
Trd, 4318209.643, 139
Trd, 4318212.343, 140
Trd, 4318212.393, 140
Trd, 4318213.893, 140
Trd, 4318215.893, 140
Trd, 4318215.943, 140
Trd, 4318216.093, 140
Trd, 4318217.243, 140
Trd, 4318218.493, 140
Trd, 4318218.543, 140
Trd, 4318219.493, 140
Trd, 4318220.943, 140
Trd, 4318221.143, 140
Trd, 4318223.543, 140
Trd, 4318224.943, 140
Trd, 4318225.243, 140
Trd, 4318225.643, 140
Trd, 4318225.993, 140
Trd, 4318226.643, 140
Trd, 4318227.543, 140
Trd, 4318228.643, 140
Trd, 4318229.493, 140
Trd, 4318230.693, 140
Trd, 4318231.193, 140
Trd, 4318233.593, 140
Trd, 4318233.743, 140
Trd, 4318233.793, 140
Trd, 4318235.293, 140
Trd, 4318235.943, 140
Trd, 4318236.093, 139
Trd, 4318237.093, 140
Trd, 4318237.143, 140
Trd, 4318238.493, 140
Trd, 4318239.093, 140
Trd, 4318239.443, 140
Trd, 4318240.093, 139
Trd, 4318240.593, 140
Trd, 4318240.893, 138
Trd, 4318241.043, 140
Trd, 4318243.743, 140
Trd, 4318243.843, 140
Trd, 4318244.143, 140
Trd, 4318245.143, 140
Trd, 4318246.093, 139
Trd, 4318247.043, 140
Trd, 4318247.693, 140
Trd, 4318248.343, 140
Trd, 4318249.893, 140
Trd, 4318250.493, 140
Trd, 4318250.893, 140
Trd, 4318252.243, 140
Trd, 4318253.443, 140
Trd, 4318254.193, 140
Trd, 4318254.493, 140
Trd, 4318254.943, 140
Trd, 4318255.193, 140
Trd, 4318256.643, 140
Trd, 4318257.093, 139
Trd, 4318257.893, 140
Trd, 4318259.143, 140
Trd, 4318260.343, 140
Trd, 4318263.043, 140
Trd, 4318263.093, 140
Trd, 4318263.843, 140
Trd, 4318264.793, 140
Trd, 4318264.893, 140
Trd, 4318265.543, 140
Trd, 4318266.093, 140
Trd, 4318266.643, 140
Trd, 4318268.043, 140
Trd, 4318268.243, 140
Trd, 4318268.543, 140
Trd, 4318268.743, 140
Trd, 4318269.043, 139
Trd, 4318269.643, 140
Trd, 4318270.193, 66
Trd, 4318271.393, 60
Trd, 4318271.943, 82
Trd, 4318272.393, 60
Trd, 4318273.043, 60
Trd, 4318273.443, 60
Trd, 4318273.993, 60
Trd, 4318275.043, 63
Trd, 4318275.143, 64
Trd, 4318275.343, 139
Trd, 4318276.393, 65
Trd, 4318276.443, 63
Trd, 4318277.993, 62
Trd, 4318279.043, 60
Trd, 4318279.743, 61
Trd, 4318280.393, 60
Trd, 4318280.543, 60
Trd, 4318280.643, 61
Trd, 4318281.343, 69
Trd, 4318282.443, 138
Trd, 4318282.843, 66
Trd, 4318283.793, 61
Trd, 4318284.293, 60
Trd, 4318284.543, 63
Trd, 4318286.693, 60
Trd, 4318286.843, 60
Trd, 4318287.343, 63
Trd, 4318287.393, 60
Trd, 4318288.593, 62
Trd, 4318289.543, 62
Trd, 4318290.493, 60
Trd, 4318292.443, 60
Trd, 4318292.643, 61
Trd, 4318292.843, 60
Trd, 4318293.043, 60
Trd, 4318293.643, 63
Trd, 4318294.643, 60
Trd, 4318294.993, 61
Trd, 4318295.343, 61
Trd, 4318295.543, 61
Trd, 4318297.093, 66
Trd, 4318297.743, 64
Trd, 4318298.093, 65
Trd, 4318298.743, 66
Trd, 4318299.293, 65
Trd, 4318299.393, 68
Trd, 4318300.043, 119
Trd, 4318300.643, 67
Trd, 4318301.543, 66
Trd, 4318301.693, 74
Trd, 4318301.943, 75
Trd, 4318303.943, 60
Trd, 4318304.593, 60
Trd, 4318305.993, 61
Trd, 4318306.243, 61
Trd, 4318307.093, 63
Trd, 4318307.543, 64
Trd, 4318307.593, 67
Trd, 4318307.843, 72
Trd, 4318309.143, 140
Trd, 4318310.143, 140
Trd, 4318311.793, 140
Trd, 4318312.343, 140
Trd, 4318313.093, 140
Trd, 4318313.493, 140
Trd, 4318313.643, 140
Trd, 4318314.493, 140
Trd, 4318315.193, 140
Trd, 4318315.493, 140
Trd, 4318316.143, 140
Trd, 4318316.993, 140
Trd, 4318318.843, 140
Trd, 4318319.443, 140
Trd, 4318320.143, 140
Trd, 4318320.543, 140
Trd, 4318320.993, 140
Trd, 4318323.193, 140
Trd, 4318323.443, 140
Trd, 4318325.493, 140
Trd, 4318325.543, 140
Trd, 4318327.643, 140
Trd, 4318327.693, 140
Trd, 4318328.043, 140
Trd, 4318328.143, 140
Trd, 4318329.793, 140
Trd, 4318330.793, 140
Trd, 4318331.443, 140
Trd, 4318333.293, 140
Trd, 4318334.743, 140
Trd, 4318335.593, 140
Trd, 4318337.393, 140
Trd, 4318337.593, 140
Trd, 4318339.293, 140
Trd, 4318339.643, 140
Trd, 4318339.693, 140
Trd, 4318341.393, 140
Trd, 4318341.993, 140
Trd, 4318343.043, 140
Trd, 4318343.293, 140
Trd, 4318343.443, 140
Trd, 4318345.343, 140
Trd, 4318347.143, 140
Trd, 4318347.493, 140
Trd, 4318347.743, 140
Trd, 4318348.443, 140
Trd, 4318348.693, 140
Trd, 4318349.143, 140
Trd, 4318349.293, 140
Trd, 4318349.743, 139
Trd, 4318350.343, 138
Trd, 4318350.743, 138
Trd, 4318350.793, 137
Trd, 4318351.493, 136
Trd, 4318352.593, 131
Trd, 4318353.043, 138
Trd, 4318353.593, 107
Trd, 4318355.443, 61
Trd, 4318355.543, 62
Trd, 4318357.593, 60
Trd, 4318358.293, 60
Trd, 4318358.743, 60
Trd, 4318358.893, 64
Trd, 4318359.043, 66
Trd, 4318360.093, 62
Trd, 4318361.093, 60
Trd, 4318361.543, 64
Trd, 4318363.343, 60
Trd, 4318363.693, 60
Trd, 4318364.393, 61
Trd, 4318365.243, 60
Trd, 4318366.493, 60
Trd, 4318367.093, 62
Trd, 4318367.193, 68
Trd, 4318367.893, 68
Trd, 4318368.493, 60
Trd, 4318368.643, 60
Trd, 4318370.393, 60
Trd, 4318371.443, 66
Trd, 4318371.843, 109
Trd, 4318372.343, 63
Trd, 4318373.093, 60
Trd, 4318373.993, 63
Trd, 4318374.243, 62
Trd, 4318375.993, 60
Trd, 4318376.143, 61
Trd, 4318376.543, 115
Trd, 4318376.643, 64
Trd, 4318376.993, 66
Trd, 4318377.043, 63
Trd, 4318377.943, 116
Trd, 4318379.493, 139
Trd, 4318379.793, 87
Trd, 4318380.143, 140
Trd, 4318381.493, 140
Trd, 4318382.543, 140
Trd, 4318382.843, 140
Trd, 4318383.993, 140
Trd, 4318385.643, 140
Trd, 4318386.643, 140
Trd, 4318386.793, 140
Trd, 4318387.443, 140
Trd, 4318388.743, 140
Trd, 4318389.593, 140
Trd, 4318390.593, 140
Trd, 4318390.993, 140
Trd, 4318391.693, 139
Trd, 4318392.743, 60
Trd, 4318392.843, 60
Trd, 4318393.143, 60
Trd, 4318394.243, 60
Trd, 4318395.993, 60
Trd, 4318396.293, 61
Trd, 4318397.443, 62
Trd, 4318397.743, 64
Trd, 4318398.193, 64
Trd, 4318398.243, 72
Trd, 4318399.643, 60
Trd, 4318399.843, 60
Trd, 4318400.193, 60
Trd, 4318400.993, 92
Trd, 4318401.743, 140
Trd, 4318401.893, 140
Trd, 4318402.543, 69
Trd, 4318403.093, 71
Trd, 4318403.743, 72
Trd, 4318404.643, 70
Trd, 4318405.793, 140
Trd, 4318406.543, 140
Trd, 4318407.393, 140
Trd, 4318408.443, 140
Trd, 4318409.443, 140
Trd, 4318410.293, 140
Trd, 4318410.843, 140
Trd, 4318412.043, 138
Trd, 4318413.343, 140
Trd, 4318413.543, 140
Trd, 4318415.493, 140
Trd, 4318416.143, 140
Trd, 4318416.443, 140
Trd, 4318416.843, 140
Trd, 4318417.393, 140
Trd, 4318417.743, 138
Trd, 4318418.343, 138
Trd, 4318419.343, 140
Trd, 4318420.393, 61
Trd, 4318420.943, 140
Trd, 4318422.793, 140
Trd, 4318423.843, 140
Trd, 4318424.043, 140
Trd, 4318424.843, 140
Trd, 4318426.493, 140
Trd, 4318427.243, 140
Trd, 4318427.493, 140
Trd, 4318428.443, 140
Trd, 4318429.043, 140
Trd, 4318430.443, 140
Trd, 4318432.393, 140
Trd, 4318432.943, 140
Trd, 4318433.093, 140
Trd, 4318434.443, 140
Trd, 4318434.543, 140
Trd, 4318435.793, 140
Trd, 4318437.043, 140
Trd, 4318437.143, 140
Trd, 4318437.893, 140
Trd, 4318437.993, 140
Trd, 4318438.443, 140
Trd, 4318440.193, 140
Trd, 4318442.293, 140
Trd, 4318442.343, 140
Trd, 4318442.943, 140
Trd, 4318443.793, 140
Trd, 4318444.543, 140
Trd, 4318445.243, 140
Trd, 4318445.393, 140
Trd, 4318446.493, 140
Trd, 4318447.943, 140
Trd, 4318448.793, 140
Trd, 4318449.193, 140
Trd, 4318449.793, 140
Trd, 4318450.093, 140
Trd, 4318450.993, 140
Trd, 4318452.493, 140
Trd, 4318452.593, 139
Trd, 4318454.343, 140
Trd, 4318455.243, 140
Trd, 4318455.743, 140
Trd, 4318455.893, 140
Trd, 4318456.443, 137
Trd, 4318458.543, 140
Trd, 4318458.793, 140
Trd, 4318459.393, 140
Trd, 4318459.893, 140
Trd, 4318460.943, 140
Trd, 4318461.443, 140
Trd, 4318463.393, 140
Trd, 4318464.143, 140
Trd, 4318464.893, 140
Trd, 4318466.443, 140
Trd, 4318467.343, 140
Trd, 4318467.743, 140
Trd, 4318468.443, 140
Trd, 4318470.293, 140
Trd, 4318471.393, 140
Trd, 4318471.693, 140
Trd, 4318472.243, 140
Trd, 4318472.393, 140
Trd, 4318473.493, 140
Trd, 4318473.543, 140
Trd, 4318473.993, 140
Trd, 4318474.293, 140
Trd, 4318474.743, 140
Trd, 4318475.443, 139
Trd, 4318477.893, 140
Trd, 4318478.193, 140
Trd, 4318478.443, 138
Trd, 4318480.493, 140
Trd, 4318480.593, 140
Trd, 4318480.843, 140
Trd, 4318482.693, 140
Trd, 4318482.743, 140
Trd, 4318483.593, 140
Trd, 4318483.743, 140
Trd, 4318485.093, 140
Trd, 4318486.593, 140
Trd, 4318488.493, 140
Trd, 4318488.643, 140
Trd, 4318488.793, 140
Trd, 4318489.893, 140
Trd, 4318490.243, 140
Trd, 4318490.693, 140
Trd, 4318491.843, 140
Trd, 4318492.093, 140
Trd, 4318492.893, 140
Trd, 4318493.493, 140
Trd, 4318495.243, 140
Trd, 4318495.443, 140
Trd, 4318497.093, 140
Trd, 4318497.543, 140
Trd, 4318497.993, 140
Trd, 4318498.793, 140
Trd, 4318499.293, 140
Trd, 4318499.993, 140
Trd, 4318500.593, 140
Trd, 4318500.643, 140
Trd, 4318502.243, 140
Trd, 4318502.593, 140
Trd, 4318503.543, 139
Trd, 4318505.043, 140
Trd, 4318505.343, 140
Trd, 4318505.843, 140
Trd, 4318506.343, 140
Trd, 4318507.743, 140
Trd, 4318508.893, 140
Trd, 4318510.193, 140
Trd, 4318511.543, 140
Trd, 4318512.693, 140
Trd, 4318513.693, 140
Trd, 4318514.993, 140
Trd, 4318515.293, 140
Trd, 4318515.493, 140
Trd, 4318516.443, 140
Trd, 4318518.593, 140
Trd, 4318518.993, 140
Trd, 4318519.693, 140
Trd, 4318520.043, 140
Trd, 4318520.393, 140
Trd, 4318520.793, 140
Trd, 4318521.843, 140
Trd, 4318523.743, 140
Trd, 4318525.493, 140
Trd, 4318526.093, 140
Trd, 4318526.743, 140
Trd, 4318526.943, 140
Trd, 4318528.193, 140
Trd, 4318528.243, 140
Trd, 4318528.443, 140
Trd, 4318529.693, 140
Trd, 4318529.943, 140
Trd, 4318530.743, 140
Trd, 4318531.143, 140
Trd, 4318533.793, 140
Trd, 4318534.393, 140
Trd, 4318534.543, 140
Trd, 4318534.993, 140
Trd, 4318535.543, 140
Trd, 4318536.043, 140
Trd, 4318537.843, 140
Trd, 4318538.043, 140
Trd, 4318538.393, 139
Trd, 4318538.743, 140
Trd, 4318540.043, 140
Trd, 4318540.193, 139
Trd, 4318540.693, 60
Trd, 4318540.793, 139
Trd, 4318543.143, 140
Trd, 4318543.793, 140
Trd, 4318544.293, 140
Trd, 4318544.843, 140
Trd, 4318545.543, 140
Trd, 4318546.443, 139
Trd, 4318546.643, 140
Trd, 4318548.193, 140
Trd, 4318549.493, 140
Trd, 4318549.693, 140
Trd, 4318550.593, 140
Trd, 4318551.443, 140
Trd, 4318552.843, 140
Trd, 4318553.193, 140
Trd, 4318553.993, 140
Trd, 4318555.443, 140
Trd, 4318555.843, 140
Trd, 4318557.593, 140
Trd, 4318558.743, 140
Trd, 4318559.393, 140
Trd, 4318559.643, 140
Trd, 4318560.543, 140
Trd, 4318561.793, 140
Trd, 4318563.093, 140
Trd, 4318563.743, 140
Trd, 4318565.143, 140
Trd, 4318566.143, 140
Trd, 4318566.443, 140
Trd, 4318566.593, 140
Trd, 4318567.443, 140
Trd, 4318568.143, 140
Trd, 4318569.793, 140
Trd, 4318570.093, 140
Trd, 4318571.343, 140
Trd, 4318571.693, 140
Trd, 4318571.943, 140
Trd, 4318573.593, 140
Trd, 4318574.343, 140
Trd, 4318574.443, 140
Trd, 4318574.743, 140
Trd, 4318575.193, 140
Trd, 4318576.143, 140
Trd, 4318576.193, 140
Trd, 4318577.193, 140
Trd, 4318579.093, 140
Trd, 4318580.743, 140
Trd, 4318581.143, 140
Trd, 4318582.043, 140
Trd, 4318582.693, 140
Trd, 4318583.643, 140
Trd, 4318583.943, 140
Trd, 4318584.043, 140
Trd, 4318587.043, 140
Trd, 4318587.143, 140
Trd, 4318587.843, 140
Trd, 4318588.443, 140
Trd, 4318589.393, 140
Trd, 4318591.243, 140
Trd, 4318591.643, 140
Trd, 4318592.393, 140
Trd, 4318592.943, 140
Trd, 4318593.093, 140
Trd, 4318593.193, 140
Trd, 4318595.143, 140
Trd, 4318595.893, 140
Trd, 4318596.743, 140
Trd, 4318597.043, 140
Trd, 4318597.343, 140
Trd, 4318598.343, 140
Trd, 4318599.893, 140
Trd, 4318599.993, 140
Trd, 4318600.293, 139
Trd, 4318601.493, 140
Trd, 4318602.743, 140
Trd, 4318603.193, 140
Trd, 4318603.243, 139
Trd, 4318603.693, 140
Trd, 4318604.793, 140
Trd, 4318604.993, 139
Trd, 4318605.493, 138
Trd, 4318606.293, 138
Trd, 4318606.343, 94
Trd, 4318607.643, 138
Trd, 4318608.243, 61
Trd, 4318608.993, 66
Trd, 4318611.093, 62
Trd, 4318611.793, 63
Trd, 4318613.193, 60
Trd, 4318613.593, 60
Trd, 4318613.693, 60
Trd, 4318613.993, 62
Trd, 4318614.593, 60
Trd, 4318615.343, 65
Trd, 4318615.743, 61
Trd, 4318616.543, 62
Trd, 4318617.193, 60
Trd, 4318617.543, 61
Trd, 4318617.693, 61
Trd, 4318618.093, 68
Trd, 4318618.443, 61
Trd, 4318619.443, 140
Trd, 4318619.893, 140
Trd, 4318620.143, 139
Trd, 4318620.243, 139
Trd, 4318621.493, 138
Trd, 4318622.343, 61
Trd, 4318623.043, 140
Trd, 4318623.543, 140
Trd, 4318624.943, 140
Trd, 4318626.243, 140
Trd, 4318627.093, 140
Trd, 4318628.643, 140
Trd, 4318628.693, 140
Trd, 4318629.743, 140
Trd, 4318629.843, 140
Trd, 4318629.993, 140
Trd, 4318630.993, 140
Trd, 4318631.343, 139
Trd, 4318632.493, 140
Trd, 4318634.043, 140
Trd, 4318634.893, 140
Trd, 4318635.093, 140
Trd, 4318636.043, 140
Trd, 4318636.693, 140
Trd, 4318636.743, 140
Trd, 4318637.043, 140
Trd, 4318638.143, 140
Trd, 4318638.243, 140
Trd, 4318641.393, 140
Trd, 4318641.493, 140
Trd, 4318642.793, 140
Trd, 4318642.843, 140
Trd, 4318644.843, 140
Trd, 4318645.393, 140
Trd, 4318646.143, 140
Trd, 4318646.743, 140
Trd, 4318647.593, 140
Trd, 4318648.043, 140
Trd, 4318649.193, 140
Trd, 4318649.393, 140
Trd, 4318650.293, 140
Trd, 4318652.043, 140
Trd, 4318653.143, 140
Trd, 4318653.543, 140
Trd, 4318654.543, 140
Trd, 4318654.593, 140
Trd, 4318655.843, 140
Trd, 4318656.043, 140
Trd, 4318656.793, 140
Trd, 4318658.343, 140
Trd, 4318658.593, 140
Trd, 4318659.793, 140
Trd, 4318660.993, 140
Trd, 4318661.093, 140
Trd, 4318661.593, 140
Trd, 4318661.693, 140
Trd, 4318662.043, 140
Trd, 4318662.293, 139
Trd, 4318664.243, 140
Trd, 4318665.293, 140
Trd, 4318665.593, 140
Trd, 4318666.093, 140
Trd, 4318667.093, 140
Trd, 4318670.293, 140
Trd, 4318670.493, 140
Trd, 4318670.843, 140
Trd, 4318671.943, 140
Trd, 4318673.243, 140
Trd, 4318673.643, 140
Trd, 4318673.843, 140
Trd, 4318674.493, 140
Trd, 4318676.843, 140
Trd, 4318677.093, 140
Trd, 4318677.593, 140
Trd, 4318678.893, 140
Trd, 4318678.943, 140
Trd, 4318679.143, 140
Trd, 4318680.093, 140
Trd, 4318681.243, 140
Trd, 4318682.393, 140
Trd, 4318683.993, 140
Trd, 4318684.343, 140
Trd, 4318685.043, 140
Trd, 4318687.693, 140
Trd, 4318687.793, 140
Trd, 4318688.393, 140
Trd, 4318688.543, 140
Trd, 4318688.593, 140
Trd, 4318691.493, 140
Trd, 4318691.793, 140
Trd, 4318692.143, 140
Trd, 4318692.993, 140
Trd, 4318693.843, 140
Trd, 4318694.193, 140
Trd, 4318694.293, 140
Trd, 4318696.593, 140
Trd, 4318696.893, 140
Trd, 4318697.943, 140
Trd, 4318698.143, 140
Trd, 4318698.893, 140
Trd, 4318699.843, 140
Trd, 4318700.143, 140
Trd, 4318700.443, 139
Trd, 4318700.743, 134
Trd, 4318701.693, 117
Trd, 4318702.443, 90
Trd, 4318703.393, 140
Trd, 4318703.543, 140
Trd, 4318704.243, 140
Trd, 4318704.793, 139
Trd, 4318705.593, 137
Trd, 4318705.643, 137
Trd, 4318706.593, 137
Trd, 4318707.343, 138
Trd, 4318707.643, 62
Trd, 4318708.293, 140
Trd, 4318708.443, 140
Trd, 4318709.043, 140
Trd, 4318709.393, 140
Trd, 4318710.093, 140
Trd, 4318713.543, 140
Trd, 4318714.093, 140
Trd, 4318714.543, 140
Trd, 4318714.943, 140
Trd, 4318715.193, 140
Trd, 4318715.343, 140
Trd, 4318716.643, 140
Trd, 4318716.943, 140
Trd, 4318717.493, 140
Trd, 4318717.593, 139
Trd, 4318718.743, 140
Trd, 4318721.743, 140
Trd, 4318722.243, 140
Trd, 4318723.043, 140
Trd, 4318723.593, 140
Trd, 4318724.143, 140
Trd, 4318724.543, 140
Trd, 4318724.693, 140
Trd, 4318724.893, 140
Trd, 4318725.893, 140
Trd, 4318726.943, 140
Trd, 4318727.243, 140
Trd, 4318728.143, 140
Trd, 4318729.543, 140
Trd, 4318730.543, 140
Trd, 4318732.243, 140
Trd, 4318732.593, 140
Trd, 4318732.943, 140
Trd, 4318733.293, 140
Trd, 4318733.993, 140
Trd, 4318734.393, 140
Trd, 4318735.893, 140
Trd, 4318736.743, 140
Trd, 4318738.343, 140
Trd, 4318738.693, 140
Trd, 4318738.993, 140
Trd, 4318741.393, 140
Trd, 4318741.893, 140
Trd, 4318742.043, 140
Trd, 4318742.293, 140
Trd, 4318743.143, 140
Trd, 4318743.393, 140
Trd, 4318743.443, 138
Trd, 4318744.443, 138
Trd, 4318745.993, 134
Trd, 4318746.293, 132
Trd, 4318746.743, 128
Trd, 4318746.893, 132
Trd, 4318747.143, 71
Trd, 4318748.143, 60
Trd, 4318748.243, 68
Trd, 4318748.593, 135
Trd, 4318749.743, 105
Trd, 4318750.443, 105
Trd, 4318751.393, 140
Trd, 4318751.843, 137
Trd, 4318752.443, 87
Trd, 4318754.693, 140
Trd, 4318754.943, 140
Trd, 4318756.093, 140
Trd, 4318756.643, 140
Trd, 4318757.693, 140
Trd, 4318757.843, 140
Trd, 4318758.943, 140
Trd, 4318760.043, 140
Trd, 4318761.493, 140
Trd, 4318762.443, 140
Trd, 4318763.643, 140
Trd, 4318764.543, 140
Trd, 4318764.893, 140
Trd, 4318765.143, 140
Trd, 4318766.043, 140
Trd, 4318766.743, 140
Trd, 4318767.143, 140
Trd, 4318767.493, 140
Trd, 4318768.843, 140
Trd, 4318768.993, 140
Trd, 4318769.443, 140
Trd, 4318770.543, 140
Trd, 4318771.893, 140
Trd, 4318772.093, 140
Trd, 4318772.793, 140
Trd, 4318773.993, 140
Trd, 4318776.043, 140
Trd, 4318776.093, 140
Trd, 4318777.393, 140
Trd, 4318779.293, 140
Trd, 4318779.893, 140
Trd, 4318780.593, 140
Trd, 4318781.643, 140
Trd, 4318781.993, 140
Trd, 4318782.393, 140
Trd, 4318784.593, 140
Trd, 4318784.743, 140
Trd, 4318784.943, 140
Trd, 4318787.143, 140
Trd, 4318787.993, 140
Trd, 4318789.743, 140
Trd, 4318789.843, 140
Trd, 4318790.093, 140
Trd, 4318790.193, 140
Trd, 4318791.943, 140
Trd, 4318792.343, 140
Trd, 4318793.243, 140
Trd, 4318795.043, 140
Trd, 4318795.543, 140
Trd, 4318795.693, 140
Trd, 4318796.243, 140
Trd, 4318796.643, 140
Trd, 4318797.093, 140
Trd, 4318798.643, 140
Trd, 4318798.893, 140
Trd, 4318799.243, 140
Trd, 4318799.843, 140
Trd, 4318800.543, 140
Trd, 4318800.693, 139
Trd, 4318801.293, 139
Trd, 4318802.343, 140
Trd, 4318802.693, 140
Trd, 4318804.093, 140
Trd, 4318804.393, 140
Trd, 4318804.743, 140
Trd, 4318806.143, 140
Trd, 4318806.843, 140
Trd, 4318808.293, 140
Trd, 4318808.543, 139
Trd, 4318809.193, 140
Trd, 4318809.243, 138
Trd, 4318809.993, 140
Trd, 4318810.993, 140
Trd, 4318811.093, 140
Trd, 4318811.143, 140
Trd, 4318812.843, 134
Trd, 4318814.593, 139
Trd, 4318814.943, 137
Trd, 4318815.993, 140
Trd, 4318816.043, 140
Trd, 4318818.443, 112
Trd, 4318820.543, 122
Trd, 4318820.743, 139
Trd, 4318820.793, 120
Trd, 4318820.893, 118
Trd, 4318821.043, 140
Trd, 4318821.843, 73
Trd, 4318822.243, 139
Trd, 4318822.543, 94
Trd, 4318822.593, 93
Trd, 4318823.793, 139
Trd, 4318824.743, 63
Trd, 4318826.043, 140
Trd, 4318827.043, 140
Trd, 4318827.543, 140
Trd, 4318827.893, 140
Trd, 4318829.143, 140
Trd, 4318829.743, 140
Trd, 4318831.643, 140
Trd, 4318831.743, 140
Trd, 4318831.943, 140
Trd, 4318832.043, 140
Trd, 4318833.643, 140
Trd, 4318834.193, 140
Trd, 4318836.443, 140
Trd, 4318836.643, 140
Trd, 4318837.593, 140
Trd, 4318840.093, 140
Trd, 4318840.593, 140
Trd, 4318840.893, 140
Trd, 4318840.993, 139
Trd, 4318841.293, 139
Trd, 4318842.093, 140
Trd, 4318842.693, 140
Trd, 4318842.793, 140
Trd, 4318842.843, 140
Trd, 4318843.043, 62
Trd, 4318843.943, 62
Trd, 4318844.143, 63
Trd, 4318845.293, 60
Trd, 4318846.693, 60
Trd, 4318847.543, 60
Trd, 4318849.443, 60
Trd, 4318850.393, 61
Trd, 4318850.943, 66
Trd, 4318851.343, 67
Trd, 4318851.643, 69
Trd, 4318851.743, 116
Trd, 4318852.193, 67
Trd, 4318852.943, 140
Trd, 4318853.293, 139
Trd, 4318853.593, 136
Trd, 4318855.193, 60
Trd, 4318855.693, 60
Trd, 4318856.043, 60
Trd, 4318857.793, 60
Trd, 4318859.143, 60
Trd, 4318861.043, 60
Trd, 4318861.093, 60
Trd, 4318861.293, 60
Trd, 4318861.343, 60
Trd, 4318863.243, 66
Trd, 4318863.593, 63
Trd, 4318863.643, 62
Trd, 4318864.093, 63
Trd, 4318864.243, 65
Trd, 4318865.743, 67
Trd, 4318865.843, 67
Trd, 4318865.993, 72
Trd, 4318867.243, 65
Trd, 4318867.543, 60
Trd, 4318868.493, 60
Trd, 4318868.543, 60
Trd, 4318868.643, 75
Trd, 4318869.493, 126
Trd, 4318869.993, 140
Trd, 4318871.643, 72
Trd, 4318872.143, 60
Trd, 4318872.393, 63
Trd, 4318873.443, 60
Trd, 4318873.893, 60
Trd, 4318874.293, 60
Trd, 4318874.743, 66
Trd, 4318874.843, 62
Trd, 4318876.643, 60
Trd, 4318878.193, 65
Trd, 4318878.793, 61
Trd, 4318879.693, 63
Trd, 4318880.143, 62
Trd, 4318880.443, 63
Trd, 4318880.643, 66
Trd, 4318880.993, 63
Trd, 4318881.143, 119
Trd, 4318881.393, 61
Trd, 4318882.743, 60
Trd, 4318882.893, 61
Trd, 4318883.493, 61
Trd, 4318885.443, 60
Trd, 4318885.943, 60
Trd, 4318886.943, 60
Trd, 4318887.143, 60
Trd, 4318888.293, 60
Trd, 4318888.543, 60
Trd, 4318888.593, 60
Trd, 4318888.743, 61
Trd, 4318889.543, 62
Trd, 4318889.593, 61
Trd, 4318890.643, 62
Trd, 4318890.693, 66
Trd, 4318892.243, 62
Trd, 4318893.793, 61
Trd, 4318895.693, 60
Trd, 4318895.843, 60
Trd, 4318897.093, 60
Trd, 4318898.943, 60
Trd, 4318899.343, 60
Trd, 4318899.643, 60
Trd, 4318899.843, 60
Trd, 4318899.943, 62
Trd, 4318900.043, 64
Trd, 4318901.093, 62
Trd, 4318901.343, 63
Trd, 4318901.493, 64
Trd, 4318903.193, 60
Trd, 4318903.393, 62
Trd, 4318904.693, 60
Trd, 4318905.493, 61
Trd, 4318906.743, 61
Trd, 4318907.593, 61
Trd, 4318908.293, 62
Trd, 4318908.743, 63
Trd, 4318910.743, 60
Trd, 4318911.643, 60
Trd, 4318911.843, 60
Trd, 4318911.993, 60
Trd, 4318912.043, 60
Trd, 4318913.343, 61
Trd, 4318913.443, 62
Trd, 4318914.043, 60
Trd, 4318915.143, 60
Trd, 4318915.243, 62
Trd, 4318915.593, 64
Trd, 4318915.943, 61
Trd, 4318918.293, 139
Trd, 4318918.543, 140
Trd, 4318919.443, 99
Trd, 4318919.543, 138
Trd, 4318921.393, 140
Trd, 4318921.593, 140
Trd, 4318923.093, 140
Trd, 4318923.693, 140
Trd, 4318925.643, 140
Trd, 4318927.493, 140
Trd, 4318928.043, 140
Trd, 4318928.193, 140
Trd, 4318928.493, 140
Trd, 4318929.193, 140
Trd, 4318929.493, 140
Trd, 4318930.643, 140
Trd, 4318930.943, 140
Trd, 4318932.743, 140
Trd, 4318932.943, 140
Trd, 4318934.443, 140
Trd, 4318934.993, 140
Trd, 4318936.593, 140
Trd, 4318936.893, 140
Trd, 4318937.543, 140
Trd, 4318937.843, 140
Trd, 4318938.743, 140
Trd, 4318939.043, 139
Trd, 4318939.993, 140
Trd, 4318940.693, 138
Trd, 4318941.193, 127
Trd, 4318941.243, 126
Trd, 4318941.643, 140
Trd, 4318942.193, 126
Trd, 4318944.593, 140
Trd, 4318946.193, 140
Trd, 4318946.943, 140
Trd, 4318947.693, 140
Trd, 4318948.243, 140
Trd, 4318949.993, 140
Trd, 4318950.243, 140
Trd, 4318950.893, 140
Trd, 4318951.643, 140
Trd, 4318952.443, 140
Trd, 4318954.293, 140
Trd, 4318955.593, 140
Trd, 4318957.043, 140
Trd, 4318958.343, 140
Trd, 4318958.493, 140
Trd, 4318959.493, 140
Trd, 4318959.893, 140
Trd, 4318961.443, 140
Trd, 4318961.593, 140
Trd, 4318962.593, 140
Trd, 4318963.893, 140
Trd, 4318964.693, 140
Trd, 4318965.743, 140
Trd, 4318966.343, 140
Trd, 4318968.793, 140
Trd, 4318968.843, 140
Trd, 4318969.343, 140
Trd, 4318969.643, 140
Trd, 4318970.593, 140
Trd, 4318971.143, 140
Trd, 4318972.193, 140
Trd, 4318973.443, 140
Trd, 4318975.443, 140
Trd, 4318975.843, 140
Trd, 4318977.293, 140
Trd, 4318978.593, 140
Trd, 4318978.993, 140
Trd, 4318979.793, 140
Trd, 4318980.193, 140
Trd, 4318981.343, 140
Trd, 4318981.793, 140
Trd, 4318982.143, 140
Trd, 4318984.043, 140
Trd, 4318985.093, 140
Trd, 4318985.493, 140
Trd, 4318986.443, 140
Trd, 4318986.643, 140
Trd, 4318988.993, 140
Trd, 4318989.393, 140
Trd, 4318990.793, 140
Trd, 4318991.793, 140
Trd, 4318991.993, 140
Trd, 4318992.543, 140
Trd, 4318993.543, 140
Trd, 4318993.843, 140
Trd, 4318994.093, 140
Trd, 4318994.193, 140
Trd, 4318995.193, 140
Trd, 4318996.143, 140
Trd, 4318996.193, 140
Trd, 4318997.993, 140
Trd, 4319000.493, 140
Trd, 4319001.143, 140
Trd, 4319001.943, 140
Trd, 4319002.343, 140
Trd, 4319002.543, 140
Trd, 4319003.543, 140
Trd, 4319003.893, 139
Trd, 4319005.643, 140
Trd, 4319005.743, 140
Trd, 4319006.043, 140
Trd, 4319007.093, 140
Trd, 4319007.343, 140
Trd, 4319008.893, 140
Trd, 4319009.243, 140
Trd, 4319009.393, 138
Trd, 4319012.143, 140
Trd, 4319012.193, 140
Trd, 4319012.993, 140
Trd, 4319013.443, 140
Trd, 4319014.243, 140
Trd, 4319014.493, 140
Trd, 4319014.693, 140
Trd, 4319015.143, 140
Trd, 4319015.693, 140
Trd, 4319016.443, 140
Trd, 4319017.443, 140
Trd, 4319017.593, 140
Trd, 4319018.043, 140
Trd, 4319020.543, 140
Trd, 4319021.143, 140
Trd, 4319021.443, 140
Trd, 4319021.943, 140
Trd, 4319022.893, 140
Trd, 4319023.693, 140
Trd, 4319024.493, 140
Trd, 4319025.343, 140
Trd, 4319025.893, 140
Trd, 4319026.893, 140
Trd, 4319029.243, 140
Trd, 4319029.543, 140
Trd, 4319030.643, 140
Trd, 4319031.543, 140
Trd, 4319032.943, 140
Trd, 4319033.493, 140
Trd, 4319034.143, 140
Trd, 4319034.443, 140
Trd, 4319034.743, 140
Trd, 4319035.243, 140
Trd, 4319037.743, 140
Trd, 4319038.793, 140
Trd, 4319039.093, 140
Trd, 4319040.893, 140
Trd, 4319041.243, 140
Trd, 4319041.843, 140
Trd, 4319043.343, 140
Trd, 4319044.043, 140
Trd, 4319044.893, 140
Trd, 4319047.293, 140
Trd, 4319047.493, 140
Trd, 4319047.743, 140
Trd, 4319048.193, 140
Trd, 4319048.493, 140
Trd, 4319049.293, 140
Trd, 4319050.293, 140
Trd, 4319051.193, 140
Trd, 4319052.743, 140
Trd, 4319052.893, 140
Trd, 4319053.743, 140
Trd, 4319053.893, 140
Trd, 4319056.443, 140
Trd, 4319056.543, 140
Trd, 4319056.643, 140
Trd, 4319058.793, 140
Trd, 4319059.543, 140
Trd, 4319060.043, 140
Trd, 4319061.793, 140
Trd, 4319062.793, 140
Trd, 4319063.743, 140
Trd, 4319064.093, 140
Trd, 4319064.193, 140
Trd, 4319064.343, 140
Trd, 4319066.643, 140
Trd, 4319067.793, 140
Trd, 4319068.543, 140
Trd, 4319068.793, 140
Trd, 4319070.193, 140
Trd, 4319070.543, 140
Trd, 4319070.793, 140
Trd, 4319071.293, 140
Trd, 4319071.643, 140
Trd, 4319071.893, 140
Trd, 4319073.843, 140
Trd, 4319075.093, 140
Trd, 4319075.343, 140
Trd, 4319077.443, 140
Trd, 4319077.643, 140
Trd, 4319078.343, 140
Trd, 4319078.493, 139
Trd, 4319079.093, 139
Trd, 4319080.193, 140
Trd, 4319081.493, 140
Trd, 4319081.593, 140
Trd, 4319081.843, 140
Trd, 4319082.743, 138
Trd, 4319084.793, 140
Trd, 4319084.843, 140
Trd, 4319085.093, 109
Trd, 4319086.843, 140
Trd, 4319087.093, 140
Trd, 4319089.193, 140
Trd, 4319089.693, 140
Trd, 4319089.793, 140
Trd, 4319090.393, 140
Trd, 4319091.193, 140
Trd, 4319091.493, 140
Trd, 4319091.743, 139
Trd, 4319092.443, 139
Trd, 4319093.293, 139
Trd, 4319095.493, 140
Trd, 4319096.043, 140
Trd, 4319096.793, 140
Trd, 4319096.893, 140
Trd, 4319098.043, 140
Trd, 4319098.593, 140
Trd, 4319099.043, 140
Trd, 4319099.243, 118
Trd, 4319101.393, 140
Trd, 4319102.393, 140
Trd, 4319103.793, 140
Trd, 4319104.343, 140
Trd, 4319105.593, 140
Trd, 4319105.693, 140
Trd, 4319107.393, 140
Trd, 4319108.243, 140
Trd, 4319108.343, 140
Trd, 4319108.393, 139
Trd, 4319109.393, 140
Trd, 4319111.143, 140
Trd, 4319111.293, 140
Trd, 4319111.643, 140
Trd, 4319112.193, 140
Trd, 4319113.293, 140
Trd, 4319113.343, 140
Trd, 4319114.743, 140
Trd, 4319114.943, 140
Trd, 4319115.693, 140
Trd, 4319116.143, 140
Trd, 4319116.543, 140
Trd, 4319119.093, 140
Trd, 4319121.293, 140
Trd, 4319121.593, 140
Trd, 4319121.793, 137
Trd, 4319122.543, 140
Trd, 4319122.943, 139
Trd, 4319124.043, 140
Trd, 4319124.943, 140
Trd, 4319126.393, 140
Trd, 4319126.493, 140
Trd, 4319127.093, 140
Trd, 4319127.843, 140
Trd, 4319128.493, 140
Trd, 4319128.993, 138
Trd, 4319130.093, 135
Trd, 4319130.343, 63
Trd, 4319130.393, 137
Trd, 4319131.643, 62
Trd, 4319132.443, 60
Trd, 4319133.293, 62
Trd, 4319133.393, 61
Trd, 4319133.643, 62
Trd, 4319133.693, 63
Trd, 4319133.743, 61
Trd, 4319134.543, 61
Trd, 4319135.493, 140
Trd, 4319136.593, 140
Trd, 4319136.943, 140
Trd, 4319137.593, 140
Trd, 4319138.793, 140
Trd, 4319139.743, 140
Trd, 4319140.793, 140
Trd, 4319140.843, 140
Trd, 4319142.293, 140
Trd, 4319143.793, 140
Trd, 4319144.293, 140
Trd, 4319144.543, 140
Trd, 4319144.593, 140
Trd, 4319144.893, 138
Trd, 4319145.193, 137
Trd, 4319145.543, 80
Trd, 4319145.943, 139
Trd, 4319149.043, 140
Trd, 4319150.043, 140
Trd, 4319150.493, 140
Trd, 4319151.793, 140
Trd, 4319152.393, 140
Trd, 4319152.793, 140
Trd, 4319152.843, 139
Trd, 4319153.643, 140
Trd, 4319154.843, 140
Trd, 4319155.243, 140
Trd, 4319155.843, 140
Trd, 4319157.943, 140
Trd, 4319159.393, 140
Trd, 4319159.643, 140
Trd, 4319159.693, 140
Trd, 4319160.043, 140
Trd, 4319160.493, 140
Trd, 4319161.443, 140
Trd, 4319162.693, 140
Trd, 4319163.043, 140
Trd, 4319163.143, 140
Trd, 4319163.293, 140
Trd, 4319163.743, 140
Trd, 4319163.943, 140
Trd, 4319164.193, 136
Trd, 4319165.443, 140
Trd, 4319165.793, 140
Trd, 4319165.893, 139
Trd, 4319166.843, 139
Trd, 4319167.543, 139
Trd, 4319169.143, 140
Trd, 4319169.293, 140
Trd, 4319170.193, 140
Trd, 4319172.393, 140
Trd, 4319173.293, 140
Trd, 4319173.543, 140
Trd, 4319174.493, 140
Trd, 4319175.943, 140
Trd, 4319176.343, 140
Trd, 4319177.043, 140
Trd, 4319177.093, 139
Trd, 4319178.843, 140
Trd, 4319180.043, 140
Trd, 4319181.243, 140
Trd, 4319181.893, 140
Trd, 4319183.493, 140
Trd, 4319184.093, 140
Trd, 4319184.693, 140
Trd, 4319185.293, 140
Trd, 4319187.793, 140
Trd, 4319187.843, 140
Trd, 4319188.693, 140
Trd, 4319188.943, 140
Trd, 4319189.393, 139
Trd, 4319190.043, 140
Trd, 4319190.793, 140
Trd, 4319191.443, 140
Trd, 4319191.843, 140
Trd, 4319192.193, 62
Trd, 4319192.943, 140
Trd, 4319194.593, 140
Trd, 4319194.943, 140
Trd, 4319196.143, 140
Trd, 4319196.693, 140
Trd, 4319198.843, 140
Trd, 4319199.743, 140
Trd, 4319200.843, 140
Trd, 4319201.793, 140
Trd, 4319202.393, 140
Trd, 4319203.643, 140
Trd, 4319204.543, 140
Trd, 4319204.843, 139
Trd, 4319206.493, 140
Trd, 4319207.693, 138
Trd, 4319208.093, 140
Trd, 4319208.343, 140
Trd, 4319208.943, 140
Trd, 4319208.993, 140
Trd, 4319209.093, 138
Trd, 4319209.943, 138
Trd, 4319210.293, 73
Trd, 4319210.393, 139
Trd, 4319210.543, 140
Trd, 4319211.543, 60
Trd, 4319213.443, 60
Trd, 4319214.393, 60
Trd, 4319214.643, 60
Trd, 4319215.843, 60
Trd, 4319217.943, 60
Trd, 4319218.493, 60
Trd, 4319219.693, 60
Trd, 4319221.143, 60
Trd, 4319221.443, 60
Trd, 4319221.743, 66
Trd, 4319221.893, 70
Trd, 4319223.343, 60
Trd, 4319223.793, 60
Trd, 4319224.393, 60
Trd, 4319226.143, 60
Trd, 4319226.243, 60
Trd, 4319226.543, 60
Trd, 4319228.943, 60
Trd, 4319228.993, 60
Trd, 4319229.043, 61
Trd, 4319229.443, 61
Trd, 4319229.943, 63
Trd, 4319230.643, 60
Trd, 4319231.643, 60
Trd, 4319231.843, 61
Trd, 4319232.293, 63
Trd, 4319233.093, 60
Trd, 4319233.343, 60
Trd, 4319233.693, 60
Trd, 4319233.943, 62
Trd, 4319235.093, 139
Trd, 4319236.093, 140
Trd, 4319236.593, 139
Trd, 4319237.493, 140
Trd, 4319238.493, 140
Trd, 4319238.693, 140
Trd, 4319239.043, 140
Trd, 4319239.493, 139
Trd, 4319239.943, 139
Trd, 4319240.193, 140
Trd, 4319240.293, 139
Trd, 4319241.643, 139
Trd, 4319245.393, 140
Trd, 4319245.543, 140
Trd, 4319245.643, 140
Trd, 4319246.393, 140
Trd, 4319246.743, 140
Trd, 4319246.943, 140
Trd, 4319247.643, 140
Trd, 4319248.543, 63
Trd, 4319248.593, 64
Trd, 4319248.743, 66
Trd, 4319249.343, 61
Trd, 4319251.393, 60
Trd, 4319252.243, 60
Trd, 4319253.643, 60
Trd, 4319255.043, 60
Trd, 4319255.793, 60
Trd, 4319256.993, 60
Trd, 4319257.843, 62
Trd, 4319258.443, 62
Trd, 4319258.643, 61
Trd, 4319258.843, 61
Trd, 4319259.693, 61
Trd, 4319259.943, 62
Trd, 4319259.993, 63
Trd, 4319261.143, 68
Trd, 4319261.743, 63
Trd, 4319262.043, 61
Trd, 4319263.193, 140
Trd, 4319263.243, 139
Trd, 4319264.893, 61
Trd, 4319265.543, 62
Trd, 4319265.893, 101
Trd, 4319266.793, 73
Trd, 4319267.443, 67
Trd, 4319268.693, 60
Trd, 4319269.493, 60
Trd, 4319269.793, 60
Trd, 4319271.393, 60
Trd, 4319272.193, 60
Trd, 4319272.643, 61
Trd, 4319272.793, 61
Trd, 4319272.843, 62
Trd, 4319273.243, 67
Trd, 4319273.843, 61
Trd, 4319274.793, 60
Trd, 4319275.193, 60
Trd, 4319275.743, 61
Trd, 4319276.393, 60
Trd, 4319278.243, 60
Trd, 4319278.693, 63
Trd, 4319279.943, 60
Trd, 4319281.393, 60
Trd, 4319281.543, 60
Trd, 4319282.443, 61
Trd, 4319282.743, 61
Trd, 4319282.993, 110
Trd, 4319283.343, 61
Trd, 4319284.243, 66
Trd, 4319285.243, 136
Trd, 4319286.493, 60
Trd, 4319287.893, 60
Trd, 4319288.693, 60
Trd, 4319289.293, 60
Trd, 4319290.143, 60
Trd, 4319291.143, 60
Trd, 4319291.493, 61
Trd, 4319291.843, 61
Trd, 4319293.393, 60
Trd, 4319293.593, 64
Trd, 4319293.743, 61
Trd, 4319295.643, 60
Trd, 4319296.293, 60
Trd, 4319296.543, 62
Trd, 4319297.093, 60
Trd, 4319297.143, 61
Trd, 4319298.393, 62
Trd, 4319299.443, 61
Trd, 4319300.193, 63
Trd, 4319301.043, 60
Trd, 4319301.643, 61
Trd, 4319301.893, 61
Trd, 4319302.643, 61
Trd, 4319303.443, 62
Trd, 4319305.043, 60
Trd, 4319305.143, 60
Trd, 4319305.643, 60
Trd, 4319305.843, 60
Trd, 4319305.943, 60
Trd, 4319306.193, 62
Trd, 4319306.993, 137
Trd, 4319307.843, 63
Trd, 4319308.293, 64
Trd, 4319309.843, 60
Trd, 4319310.393, 61
Trd, 4319311.393, 60
Trd, 4319311.943, 60
Trd, 4319313.143, 60
Trd, 4319313.943, 60
Trd, 4319315.443, 60
Trd, 4319316.143, 60
Trd, 4319316.793, 60
Trd, 4319316.893, 61
Trd, 4319317.193, 63
Trd, 4319317.993, 62
Trd, 4319318.343, 63
Trd, 4319319.943, 60
Trd, 4319320.443, 60
Trd, 4319321.143, 61
Trd, 4319321.643, 63
Trd, 4319321.943, 62
Trd, 4319322.693, 60
Trd, 4319322.993, 62
Trd, 4319324.043, 60
Trd, 4319324.643, 61
Trd, 4319324.943, 61
Trd, 4319325.243, 60
Trd, 4319326.393, 60
Trd, 4319326.843, 60
Trd, 4319328.043, 60
Trd, 4319329.143, 60
Trd, 4319330.443, 60
Trd, 4319330.543, 60
Trd, 4319331.243, 60
Trd, 4319331.993, 60
Trd, 4319332.993, 60
Trd, 4319333.093, 60
Trd, 4319333.143, 60
Trd, 4319335.293, 60
Trd, 4319335.643, 61
Trd, 4319335.843, 62
Trd, 4319336.893, 64
Trd, 4319337.543, 63
Trd, 4319337.643, 62
Trd, 4319337.793, 61
Trd, 4319338.543, 60
Trd, 4319338.993, 60
Trd, 4319341.843, 60
Trd, 4319343.743, 60
Trd, 4319343.993, 60
Trd, 4319344.093, 63
Trd, 4319344.593, 63
Trd, 4319345.543, 66
Trd, 4319345.943, 67
Trd, 4319345.993, 68
Trd, 4319348.543, 60
Trd, 4319348.593, 60
Trd, 4319348.943, 60
Trd, 4319349.443, 60
Trd, 4319349.643, 60
Trd, 4319350.443, 60
Trd, 4319351.193, 60
Trd, 4319351.893, 60
Trd, 4319352.993, 60
Trd, 4319353.893, 61
Trd, 4319355.043, 60
Trd, 4319355.493, 60
Trd, 4319355.543, 60
Trd, 4319356.393, 60
Trd, 4319356.493, 60
Trd, 4319357.643, 60
Trd, 4319357.893, 64
Trd, 4319358.593, 61
Trd, 4319359.393, 63
Trd, 4319359.493, 68
Trd, 4319361.593, 60
Trd, 4319361.943, 60
Trd, 4319362.993, 60
Trd, 4319364.393, 60
Trd, 4319364.993, 61
Trd, 4319367.243, 60
Trd, 4319369.293, 60
Trd, 4319370.093, 60
Trd, 4319370.843, 60
Trd, 4319371.293, 60
Trd, 4319371.393, 61
Trd, 4319371.493, 63
Trd, 4319371.743, 66
Trd, 4319372.643, 64
Trd, 4319372.843, 63
Trd, 4319374.293, 60
Trd, 4319374.543, 61
Trd, 4319374.743, 61
Trd, 4319375.343, 62
Trd, 4319376.293, 62
Trd, 4319377.543, 60
Trd, 4319378.643, 60
Trd, 4319380.093, 62
Trd, 4319380.743, 61
Trd, 4319380.843, 66
Trd, 4319381.243, 64
Trd, 4319381.343, 96
Trd, 4319381.943, 63
Trd, 4319383.193, 63
Trd, 4319383.593, 64
Trd, 4319383.843, 61
Trd, 4319385.443, 68
Trd, 4319385.643, 75
Trd, 4319385.893, 75
Trd, 4319386.243, 60
Trd, 4319388.793, 60
Trd, 4319388.893, 61
Trd, 4319389.443, 61
Trd, 4319390.743, 60
Trd, 4319391.143, 60
Trd, 4319391.793, 63
Trd, 4319393.893, 60
Trd, 4319394.943, 60
Trd, 4319395.043, 60
Trd, 4319395.543, 60
Trd, 4319396.193, 60
Trd, 4319397.643, 60
Trd, 4319397.993, 60
Trd, 4319398.293, 60
Trd, 4319398.793, 60
Trd, 4319399.943, 60
Trd, 4319400.343, 61
Trd, 4319400.543, 60
Trd, 4319400.893, 61
Trd, 4319401.543, 62
Trd, 4319402.043, 86
Trd, 4319402.443, 85
Trd, 4319403.443, 140
Trd, 4319405.343, 140
Trd, 4319407.243, 140
Trd, 4319408.643, 140
Trd, 4319409.043, 140
Trd, 4319409.093, 140
Trd, 4319409.893, 140
Trd, 4319412.093, 140
Trd, 4319412.293, 140
Trd, 4319413.543, 140
Trd, 4319414.243, 140
Trd, 4319414.593, 140
Trd, 4319416.343, 140
Trd, 4319416.993, 140
Trd, 4319417.093, 140
Trd, 4319417.893, 140
Trd, 4319418.143, 140
Trd, 4319418.643, 140
Trd, 4319419.493, 140
Trd, 4319420.443, 140
Trd, 4319420.893, 140
Trd, 4319421.043, 139
Trd, 4319421.693, 140
Trd, 4319423.093, 140
Trd, 4319424.143, 140
Trd, 4319424.743, 140
Trd, 4319425.743, 140
Trd, 4319426.843, 140
Trd, 4319428.343, 140
Trd, 4319429.443, 140
Trd, 4319429.643, 140
Trd, 4319431.493, 140
Trd, 4319431.943, 140
Trd, 4319432.093, 140
Trd, 4319432.943, 140
Trd, 4319433.093, 140
Trd, 4319433.493, 140
Trd, 4319433.693, 140
Trd, 4319434.343, 138
Trd, 4319435.843, 140
Trd, 4319436.343, 140
Trd, 4319436.893, 140
Trd, 4319438.593, 140
Trd, 4319440.243, 140
Trd, 4319440.543, 140
Trd, 4319440.893, 140
Trd, 4319440.943, 140
Trd, 4319441.843, 140
Trd, 4319442.893, 140
Trd, 4319443.493, 140
Trd, 4319445.093, 140
Trd, 4319445.493, 140
Trd, 4319445.693, 140
Trd, 4319446.843, 140
Trd, 4319447.943, 140
Trd, 4319450.393, 140
Trd, 4319451.443, 140
Trd, 4319451.793, 140
Trd, 4319451.843, 140
Trd, 4319451.993, 140
Trd, 4319452.743, 139
Trd, 4319452.793, 140
Trd, 4319453.243, 139
Trd, 4319453.643, 139
Trd, 4319455.493, 60
Trd, 4319455.993, 60
Trd, 4319457.243, 60
Trd, 4319459.393, 60
Trd, 4319459.543, 60
Trd, 4319459.593, 67
Trd, 4319460.543, 61
Trd, 4319461.543, 60
Trd, 4319462.593, 60
Trd, 4319462.843, 60
Trd, 4319462.893, 60
Trd, 4319463.243, 62
Trd, 4319465.093, 62
Trd, 4319466.143, 60
Trd, 4319466.793, 60
Trd, 4319466.993, 60
Trd, 4319467.093, 61
Trd, 4319468.093, 61
Trd, 4319468.593, 61
Trd, 4319469.043, 60
Trd, 4319471.943, 60
Trd, 4319471.993, 60
Trd, 4319473.793, 60
Trd, 4319474.093, 60
Trd, 4319474.393, 60
Trd, 4319474.643, 61
Trd, 4319474.743, 60
Trd, 4319475.543, 60
Trd, 4319475.893, 60
Trd, 4319476.343, 63
Trd, 4319476.443, 66
Trd, 4319476.893, 140
Trd, 4319477.443, 67
Trd, 4319477.743, 68
Trd, 4319481.093, 60
Trd, 4319481.243, 60
Trd, 4319482.393, 60
Trd, 4319482.743, 60
Trd, 4319482.943, 60
Trd, 4319483.793, 60
Trd, 4319484.693, 61
Trd, 4319485.843, 60
Trd, 4319486.093, 60
Trd, 4319486.693, 60
Trd, 4319487.393, 63
Trd, 4319487.593, 65
Trd, 4319487.693, 61
Trd, 4319489.193, 60
Trd, 4319489.643, 60
Trd, 4319490.043, 60
Trd, 4319490.493, 60
Trd, 4319491.193, 63
Trd, 4319492.843, 140
Trd, 4319493.143, 140
Trd, 4319494.143, 140
Trd, 4319494.943, 140
Trd, 4319495.443, 139
Trd, 4319496.843, 140
Trd, 4319497.343, 140
Trd, 4319497.743, 140
Trd, 4319498.793, 140
Trd, 4319499.543, 140
Trd, 4319501.193, 140
Trd, 4319501.493, 140
Trd, 4319502.443, 140
Trd, 4319502.693, 140
Trd, 4319503.843, 140
Trd, 4319504.443, 140
Trd, 4319504.643, 140
Trd, 4319504.843, 140
Trd, 4319505.593, 140
Trd, 4319506.143, 140
Trd, 4319506.243, 140
Trd, 4319508.193, 140
Trd, 4319508.693, 140
Trd, 4319508.893, 140
Trd, 4319509.793, 140
Trd, 4319510.193, 140
Trd, 4319511.343, 140
Trd, 4319512.943, 140
Trd, 4319514.443, 140
Trd, 4319515.193, 140
Trd, 4319515.393, 140
Trd, 4319515.643, 140
Trd, 4319516.243, 140
Trd, 4319517.643, 140
Trd, 4319519.143, 140
Trd, 4319519.543, 140
Trd, 4319520.843, 140
Trd, 4319521.093, 140
Trd, 4319521.443, 140
Trd, 4319522.043, 140
Trd, 4319522.593, 60
Trd, 4319522.993, 64
Trd, 4319524.793, 140
Trd, 4319525.593, 140
Trd, 4319526.043, 139
Trd, 4319526.393, 140
Trd, 4319526.793, 139
Trd, 4319527.343, 140
Trd, 4319529.693, 140
Trd, 4319529.943, 140
Trd, 4319530.643, 140
Trd, 4319532.593, 140
Trd, 4319533.343, 140
Trd, 4319533.543, 140
Trd, 4319533.593, 140
Trd, 4319534.293, 140
Trd, 4319535.843, 140
Trd, 4319538.043, 140
Trd, 4319538.243, 140
Trd, 4319538.343, 140
Trd, 4319538.743, 140
Trd, 4319539.543, 140
Trd, 4319540.393, 140
Trd, 4319541.793, 140
Trd, 4319543.243, 140
Trd, 4319543.543, 140
Trd, 4319544.743, 140
Trd, 4319545.343, 140
Trd, 4319545.743, 140
Trd, 4319546.893, 140
Trd, 4319547.743, 140
Trd, 4319548.443, 140
Trd, 4319549.543, 140
Trd, 4319551.193, 140
Trd, 4319551.743, 140
Trd, 4319553.293, 140
Trd, 4319554.143, 140
Trd, 4319555.293, 140
Trd, 4319555.743, 140
Trd, 4319556.193, 140
Trd, 4319557.143, 140
Trd, 4319559.243, 140
Trd, 4319560.543, 140
Trd, 4319560.943, 140
Trd, 4319561.293, 140
Trd, 4319561.643, 140
Trd, 4319561.793, 140
Trd, 4319561.993, 140
Trd, 4319562.343, 140
Trd, 4319563.443, 140
Trd, 4319565.193, 140
Trd, 4319565.993, 140
Trd, 4319567.393, 140
Trd, 4319567.993, 140
Trd, 4319568.993, 140
Trd, 4319569.943, 140
Trd, 4319570.093, 139
Trd, 4319571.143, 140
Trd, 4319571.393, 139
Trd, 4319573.943, 140
Trd, 4319574.093, 140
Trd, 4319574.193, 140
Trd, 4319575.343, 140
Trd, 4319576.343, 140
Trd, 4319577.893, 140
Trd, 4319578.893, 140
Trd, 4319580.143, 140
Trd, 4319580.993, 140
Trd, 4319581.193, 140
Trd, 4319581.643, 140
Trd, 4319581.743, 140
Trd, 4319584.093, 140
Trd, 4319584.243, 140
Trd, 4319584.343, 139
Trd, 4319585.893, 140
Trd, 4319586.143, 140
Trd, 4319586.793, 140
Trd, 4319586.943, 136
Trd, 4319587.843, 73
Trd, 4319587.893, 72
Trd, 4319588.443, 139
Trd, 4319589.093, 71
Trd, 4319590.743, 140
Trd, 4319592.243, 140
Trd, 4319593.043, 140
Trd, 4319594.093, 140
Trd, 4319594.993, 140
Trd, 4319595.293, 140
Trd, 4319595.793, 140
Trd, 4319595.943, 139
Trd, 4319597.093, 139
Trd, 4319599.493, 140
Trd, 4319599.643, 140
Trd, 4319599.693, 140
Trd, 4319600.093, 140
Trd, 4319602.243, 140
Trd, 4319602.643, 140
Trd, 4319603.343, 140
Trd, 4319603.843, 140
Trd, 4319605.893, 140
Trd, 4319607.243, 140
Trd, 4319607.443, 140
Trd, 4319607.993, 140
Trd, 4319608.793, 140
Trd, 4319609.643, 140
Trd, 4319610.443, 140
Trd, 4319611.943, 140
Trd, 4319613.093, 140
Trd, 4319613.293, 140
Trd, 4319614.143, 140
Trd, 4319614.243, 140
Trd, 4319615.293, 140
Trd, 4319615.393, 139
Trd, 4319616.093, 139
Trd, 4319617.693, 140
Trd, 4319618.893, 140
Trd, 4319619.043, 139
Trd, 4319619.543, 140
Trd, 4319621.443, 140
Trd, 4319621.693, 140
Trd, 4319622.043, 140
Trd, 4319623.743, 140
Trd, 4319624.043, 140
Trd, 4319624.393, 140
Trd, 4319624.743, 139
Trd, 4319625.493, 140
Trd, 4319626.593, 140
Trd, 4319626.643, 140
Trd, 4319626.743, 140
Trd, 4319628.493, 140
Trd, 4319628.793, 139
Trd, 4319629.093, 121
Trd, 4319629.643, 139
Trd, 4319630.643, 140
Trd, 4319632.093, 140
Trd, 4319633.193, 140
Trd, 4319634.593, 140
Trd, 4319635.443, 140
Trd, 4319636.193, 140
Trd, 4319637.443, 140
Trd, 4319637.893, 140
Trd, 4319638.343, 140
Trd, 4319639.393, 140
Trd, 4319639.493, 140
Trd, 4319641.243, 140
Trd, 4319642.493, 140
Trd, 4319643.543, 140
Trd, 4319644.093, 140
Trd, 4319644.393, 140
Trd, 4319645.543, 140
Trd, 4319647.393, 140
Trd, 4319647.643, 140
Trd, 4319648.593, 140
Trd, 4319648.893, 140
Trd, 4319649.443, 140
Trd, 4319650.943, 140
Trd, 4319651.093, 140
Trd, 4319652.643, 140
Trd, 4319653.943, 140
Trd, 4319654.443, 140
Trd, 4319654.893, 140
Trd, 4319655.193, 139
Trd, 4319655.693, 140
Trd, 4319655.993, 140
Trd, 4319656.943, 140
Trd, 4319658.443, 140
Trd, 4319659.493, 140
Trd, 4319660.693, 140
Trd, 4319661.193, 140
Trd, 4319661.643, 140
Trd, 4319662.743, 140
Trd, 4319664.243, 140
Trd, 4319664.793, 140
Trd, 4319665.843, 140
Trd, 4319666.443, 140
Trd, 4319666.643, 139
Trd, 4319667.843, 140
Trd, 4319668.993, 140
Trd, 4319671.043, 140
Trd, 4319671.743, 140
Trd, 4319672.193, 140
Trd, 4319674.243, 140
Trd, 4319674.293, 140
Trd, 4319674.493, 140
Trd, 4319674.843, 140
Trd, 4319675.243, 140
Trd, 4319675.693, 138
Trd, 4319677.843, 140
Trd, 4319678.993, 140
Trd, 4319679.043, 140
Trd, 4319680.193, 140
Trd, 4319681.443, 140
Trd, 4319682.093, 140
Trd, 4319682.593, 140
Trd, 4319682.743, 140
Trd, 4319685.343, 140
Trd, 4319685.543, 140
Trd, 4319685.643, 140
Trd, 4319687.443, 140
Trd, 4319687.893, 140
Trd, 4319688.843, 140
Trd, 4319689.043, 140
Trd, 4319690.743, 140
Trd, 4319691.593, 140
Trd, 4319692.593, 140
Trd, 4319692.843, 140
Trd, 4319693.443, 140
Trd, 4319694.443, 140
Trd, 4319695.893, 140
Trd, 4319696.543, 140
Trd, 4319696.593, 140
Trd, 4319697.693, 140
Trd, 4319699.243, 140
Trd, 4319699.693, 140
Trd, 4319700.243, 140
Trd, 4319701.493, 139
Trd, 4319701.743, 139
Trd, 4319703.193, 140
Trd, 4319704.193, 140
Trd, 4319706.793, 140
Trd, 4319706.893, 140
Trd, 4319707.193, 140
Trd, 4319707.543, 140
Trd, 4319707.793, 140
Trd, 4319707.843, 140
Trd, 4319709.393, 139
Trd, 4319710.293, 140
Trd, 4319711.443, 140
Trd, 4319711.693, 140
Trd, 4319712.193, 140
Trd, 4319713.093, 64
Trd, 4319713.993, 138
Trd, 4319714.993, 138
Trd, 4319715.643, 140
Trd, 4319717.643, 140
Trd, 4319717.993, 140
Trd, 4319718.093, 140
Trd, 4319719.793, 140
Trd, 4319720.693, 140
Trd, 4319722.093, 140
Trd, 4319723.243, 140
Trd, 4319723.343, 140
Trd, 4319723.493, 140
Trd, 4319723.593, 140
Trd, 4319724.843, 140
Trd, 4319725.093, 140
Trd, 4319727.743, 140
Trd, 4319728.893, 140
Trd, 4319728.943, 140
Trd, 4319729.043, 140
Trd, 4319730.843, 140
Trd, 4319731.443, 140
Trd, 4319732.243, 140
Trd, 4319732.393, 140
Trd, 4319734.093, 140
Trd, 4319734.193, 140
Trd, 4319734.593, 140
Trd, 4319735.793, 140
Trd, 4319736.393, 140
Trd, 4319736.843, 140
Trd, 4319737.043, 140
Trd, 4319737.843, 140
Trd, 4319738.543, 140
Trd, 4319740.443, 140
Trd, 4319742.243, 140
Trd, 4319743.793, 140
Trd, 4319743.893, 140
Trd, 4319745.093, 140
Trd, 4319745.643, 140
Trd, 4319745.743, 140
Trd, 4319747.243, 140
Trd, 4319747.943, 140
Trd, 4319749.043, 140
Trd, 4319749.193, 140
Trd, 4319749.543, 140
Trd, 4319750.393, 140
Trd, 4319750.643, 140
Trd, 4319751.193, 140
Trd, 4319751.793, 140
Trd, 4319754.893, 140
Trd, 4319755.143, 140
Trd, 4319755.243, 140
Trd, 4319755.393, 140
Trd, 4319755.643, 140
Trd, 4319758.143, 140
Trd, 4319758.293, 140
Trd, 4319759.093, 140
Trd, 4319759.343, 140
Trd, 4319759.693, 140
Trd, 4319760.793, 140
Trd, 4319761.393, 140
Trd, 4319762.293, 140
Trd, 4319764.543, 140
Trd, 4319764.993, 140
Trd, 4319765.193, 140
Trd, 4319766.893, 140
Trd, 4319768.093, 140
Trd, 4319769.543, 140
Trd, 4319769.643, 140
Trd, 4319770.193, 140
Trd, 4319770.393, 140
Trd, 4319771.443, 140
Trd, 4319772.943, 140
Trd, 4319773.643, 140
Trd, 4319775.893, 140
Trd, 4319776.893, 140
Trd, 4319777.543, 140
Trd, 4319778.143, 140
Trd, 4319778.493, 140
Trd, 4319779.493, 140
Trd, 4319780.943, 140
Trd, 4319782.093, 140
Trd, 4319783.543, 140
Trd, 4319783.643, 140
Trd, 4319784.143, 140
Trd, 4319784.193, 139
Trd, 4319785.793, 140
Trd, 4319786.443, 140
Trd, 4319787.243, 140
Trd, 4319788.143, 140
Trd, 4319789.393, 140
Trd, 4319790.793, 140
Trd, 4319791.343, 140
Trd, 4319791.493, 140
Trd, 4319791.943, 139
Trd, 4319792.243, 138
Trd, 4319792.593, 139
Trd, 4319793.293, 140
Trd, 4319793.893, 139
Trd, 4319795.993, 140
Trd, 4319796.943, 140
Trd, 4319797.343, 140
Trd, 4319797.893, 140
Trd, 4319798.343, 140
Trd, 4319798.393, 140
Trd, 4319799.293, 140
Trd, 4319800.693, 140
Trd, 4319801.293, 140
Trd, 4319802.193, 140
Trd, 4319803.843, 140
Trd, 4319804.293, 140
Trd, 4319805.243, 140
Trd, 4319806.493, 140
Trd, 4319806.893, 140
Trd, 4319807.143, 140
Trd, 4319809.043, 140
Trd, 4319809.543, 140
Trd, 4319810.643, 140
Trd, 4319810.843, 140
Trd, 4319812.543, 140
Trd, 4319812.793, 140
Trd, 4319814.543, 140
Trd, 4319815.293, 140
Trd, 4319816.593, 140
Trd, 4319817.393, 140
Trd, 4319817.743, 140
Trd, 4319817.843, 140
Trd, 4319817.893, 139
Trd, 4319818.393, 140
Trd, 4319820.193, 140
Trd, 4319820.793, 140
Trd, 4319820.843, 140
Trd, 4319822.543, 140
Trd, 4319823.443, 140
Trd, 4319824.243, 140
Trd, 4319824.293, 140
Trd, 4319824.743, 139
Trd, 4319825.243, 139
Trd, 4319825.693, 60
Trd, 4319826.093, 60
Trd, 4319826.893, 60
Trd, 4319827.193, 60
Trd, 4319827.243, 61
Trd, 4319827.593, 61
Trd, 4319829.893, 60
Trd, 4319830.593, 60
Trd, 4319831.843, 60
Trd, 4319831.943, 61
Trd, 4319832.143, 61
Trd, 4319832.493, 64
Trd, 4319832.793, 62
Trd, 4319833.293, 70
Trd, 4319834.393, 104
Trd, 4319834.993, 137
Trd, 4319835.043, 68
Trd, 4319835.893, 70
Trd, 4319836.693, 71
Trd, 4319836.993, 69
Trd, 4319838.043, 132
Trd, 4319838.393, 115
Trd, 4319838.443, 133
Trd, 4319839.393, 136
Trd, 4319840.393, 63
Trd, 4319841.243, 63
Trd, 4319841.793, 62
Trd, 4319842.943, 61
Trd, 4319843.643, 60
Trd, 4319845.093, 60
Trd, 4319845.293, 63
Trd, 4319845.443, 69
Trd, 4319846.193, 68
Trd, 4319847.443, 60
Trd, 4319849.493, 62
Trd, 4319850.143, 60
Trd, 4319850.993, 60
Trd, 4319851.043, 60
Trd, 4319851.143, 63
Trd, 4319852.243, 60
Trd, 4319852.443, 60
Trd, 4319852.993, 61
Trd, 4319853.293, 114
Trd, 4319854.493, 64
Trd, 4319854.843, 64
Trd, 4319854.893, 62
Trd, 4319855.343, 138
Trd, 4319856.643, 140
Trd, 4319857.593, 140
Trd, 4319857.993, 140
Trd, 4319859.143, 140
Trd, 4319860.043, 140
Trd, 4319860.393, 140
Trd, 4319862.893, 140
Trd, 4319862.943, 140
Trd, 4319863.593, 140
Trd, 4319865.643, 140
Trd, 4319866.393, 140
Trd, 4319867.193, 140
Trd, 4319869.043, 140
Trd, 4319870.293, 140
Trd, 4319870.493, 140
Trd, 4319870.743, 140
Trd, 4319871.343, 140
Trd, 4319871.693, 140
Trd, 4319872.843, 140
Trd, 4319873.143, 140
Trd, 4319873.893, 140
Trd, 4319875.643, 140
Trd, 4319877.293, 140
Trd, 4319877.543, 140
Trd, 4319878.493, 140
Trd, 4319878.693, 140
Trd, 4319879.193, 140
Trd, 4319881.643, 140
Trd, 4319881.743, 140
Trd, 4319882.293, 140
Trd, 4319884.543, 140
Trd, 4319885.543, 140
Trd, 4319886.343, 140
Trd, 4319886.643, 140
Trd, 4319887.943, 140
Trd, 4319888.343, 140
Trd, 4319889.043, 140
Trd, 4319889.093, 139
Trd, 4319890.643, 140
Trd, 4319891.543, 140
Trd, 4319891.893, 140
Trd, 4319892.693, 140
Trd, 4319893.443, 140
Trd, 4319893.493, 140
Trd, 4319894.443, 140
Trd, 4319894.793, 139
Trd, 4319895.643, 140
Trd, 4319896.743, 140
Trd, 4319897.043, 140
Trd, 4319897.343, 140
Trd, 4319898.143, 140
Trd, 4319900.843, 140
Trd, 4319901.493, 140
Trd, 4319902.943, 140
Trd, 4319903.843, 140
Trd, 4319904.193, 140
Trd, 4319904.493, 140
Trd, 4319905.793, 140
Trd, 4319906.693, 140
Trd, 4319908.043, 140
Trd, 4319908.093, 140
Trd, 4319909.543, 140
Trd, 4319910.493, 140
Trd, 4319911.443, 140
Trd, 4319911.993, 140
Trd, 4319913.193, 140
Trd, 4319914.043, 140
Trd, 4319914.493, 140
Trd, 4319914.843, 140
Trd, 4319915.093, 140
Trd, 4319915.443, 140
Trd, 4319915.593, 140
Trd, 4319915.893, 140
Trd, 4319916.093, 138
Trd, 4319917.643, 140
Trd, 4319918.043, 140
Trd, 4319919.093, 140
Trd, 4319919.693, 140
Trd, 4319920.443, 140
Trd, 4319922.293, 140
Trd, 4319924.243, 140
Trd, 4319924.493, 140
Trd, 4319925.193, 140
Trd, 4319925.343, 140
Trd, 4319926.443, 140
Trd, 4319928.993, 140
Trd, 4319929.243, 140
Trd, 4319929.743, 140
Trd, 4319930.393, 140
Trd, 4319931.593, 140
Trd, 4319932.043, 140
Trd, 4319933.093, 140
Trd, 4319933.493, 140
Trd, 4319934.293, 140
Trd, 4319934.693, 139
Trd, 4319934.793, 138
Trd, 4319935.293, 137
Trd, 4319935.893, 137
Trd, 4319936.193, 114
Trd, 4319937.143, 140
Trd, 4319937.293, 113
Trd, 4319937.593, 113
Trd, 4319939.343, 140
Trd, 4319940.693, 140
Trd, 4319940.743, 140
Trd, 4319941.393, 140
Trd, 4319941.743, 140
Trd, 4319942.693, 140
Trd, 4319944.243, 140
Trd, 4319945.443, 140
Trd, 4319945.943, 140
Trd, 4319945.993, 140
Trd, 4319946.393, 140
Trd, 4319947.143, 139
Trd, 4319948.343, 140
Trd, 4319948.393, 140
Trd, 4319949.343, 140
Trd, 4319949.993, 138
Trd, 4319951.043, 140
Trd, 4319951.943, 140
Trd, 4319951.993, 139
Trd, 4319952.293, 136
Trd, 4319953.043, 139
Trd, 4319954.643, 140
Trd, 4319956.293, 140
Trd, 4319956.793, 140
Trd, 4319957.143, 140
Trd, 4319958.093, 139
Trd, 4319958.143, 139
Trd, 4319958.943, 140
Trd, 4319959.093, 140
Trd, 4319959.143, 139
Trd, 4319959.393, 138
Trd, 4319960.993, 140
Trd, 4319961.443, 140
Trd, 4319962.393, 140
Trd, 4319964.593, 140
Trd, 4319964.743, 140
Trd, 4319965.343, 140
Trd, 4319966.293, 140
Trd, 4319966.543, 140
Trd, 4319967.743, 140
Trd, 4319968.693, 140
Trd, 4319968.993, 140
Trd, 4319970.143, 140
Trd, 4319971.143, 140
Trd, 4319971.593, 140
Trd, 4319972.593, 140
Trd, 4319972.793, 140
Trd, 4319974.093, 140
Trd, 4319975.243, 140
Trd, 4319975.593, 140
Trd, 4319976.493, 140
Trd, 4319976.593, 140
Trd, 4319978.193, 140
Trd, 4319979.193, 140
Trd, 4319979.943, 140
Trd, 4319982.293, 140
Trd, 4319983.593, 140
Trd, 4319984.243, 140
Trd, 4319984.543, 140
Trd, 4319984.593, 140
Trd, 4319984.643, 140
Trd, 4319984.843, 139
Trd, 4319985.693, 63
Trd, 4319985.793, 65
Trd, 4319986.543, 76
Trd, 4319986.843, 77
Trd, 4319987.693, 62
Trd, 4319987.793, 63
Trd, 4319988.843, 60
Trd, 4319990.943, 60
Trd, 4319992.643, 60
Trd, 4319992.743, 60
Trd, 4319993.343, 60
Trd, 4319996.143, 60
Trd, 4319996.943, 60
Trd, 4319998.093, 60
Trd, 4319998.593, 60
Trd, 4319998.743, 60
Trd, 4319998.793, 61
Trd, 4319999.893, 63
