Trd, 4318196.943, 66
Trd, 4318197.443, 140
Trd, 4318197.843, 98
Trd, 4318198.643, 61
Trd, 4318198.943, 60
Trd, 4318200.243, 61
Trd, 4318200.693, 64
Trd, 4318200.943, 67
Trd, 4318201.893, 61
Trd, 4318202.493, 63
Trd, 4318202.593, 66
Trd, 4318203.543, 60
Trd, 4318204.443, 140
Trd, 4318205.243, 140
Trd, 4318205.743, 97
Trd, 4318205.993, 140
Trd, 4318206.543, 134
Trd, 4318208.043, 62
Trd, 4318208.293, 63
Trd, 4318208.693, 63
Trd, 4318209.443, 60
Trd, 4318210.143, 83
Trd, 4318211.043, 139
Trd, 4318211.843, 140
Trd, 4318212.543, 131
Trd, 4318212.693, 125
Trd, 4318213.293, 109
Trd, 4318213.543, 138
Trd, 4318213.893, 139
Trd, 4318214.293, 96
Trd, 4318215.093, 128
Trd, 4318215.893, 62
Trd, 4318215.943, 73
Trd, 4318216.643, 140
Trd, 4318217.693, 104
Trd, 4318217.793, 65
Trd, 4318218.443, 69
Trd, 4318220.143, 140
Trd, 4318220.543, 140
Trd, 4318221.043, 140
Trd, 4318222.193, 140
Trd, 4318222.243, 122
Trd, 4318222.543, 140
Trd, 4318223.343, 127
Trd, 4318223.943, 120
Trd, 4318225.043, 140
Trd, 4318225.743, 140
Trd, 4318226.743, 140
Trd, 4318226.893, 122
Trd, 4318227.093, 82
Trd, 4318227.843, 138
Trd, 4318228.243, 140
Trd, 4318228.993, 140
Trd, 4318229.943, 64
Trd, 4318230.793, 63
Trd, 4318231.343, 61
Trd, 4318231.693, 64
Trd, 4318232.543, 61
Trd, 4318232.593, 124
Trd, 4318233.593, 140
Trd, 4318233.643, 138
Trd, 4318233.743, 137
Trd, 4318234.493, 140
Trd, 4318234.793, 68
Trd, 4318235.043, 118
Trd, 4318235.743, 62
Trd, 4318236.243, 62
Trd, 4318237.243, 139
Trd, 4318237.993, 60
Trd, 4318238.893, 60
Trd, 4318239.543, 60
Trd, 4318240.143, 60
Trd, 4318241.693, 60
Trd, 4318242.043, 62
Trd, 4318242.143, 65
Trd, 4318242.343, 68
Trd, 4318243.543, 76
Trd, 4318244.493, 62
Trd, 4318245.443, 140
Trd, 4318246.243, 140
Trd, 4318246.493, 140
Trd, 4318246.793, 139
Trd, 4318247.143, 138
Trd, 4318247.343, 60
Trd, 4318248.343, 62
Trd, 4318248.543, 137
Trd, 4318249.043, 63
Trd, 4318249.393, 60
Trd, 4318250.943, 65
Trd, 4318252.093, 60
Trd, 4318252.843, 60
Trd, 4318252.993, 60
Trd, 4318253.243, 61
Trd, 4318253.693, 60
Trd, 4318254.093, 62
Trd, 4318254.593, 62
Trd, 4318255.843, 61
Trd, 4318256.643, 63
Trd, 4318256.993, 107
Trd, 4318259.193, 61
Trd, 4318259.243, 63
Trd, 4318259.793, 65
Trd, 4318259.943, 69
Trd, 4318261.493, 61
Trd, 4318262.893, 60
Trd, 4318263.293, 60
Trd, 4318264.443, 64
Trd, 4318264.743, 67
Trd, 4318264.793, 73
Trd, 4318265.943, 63
Trd, 4318266.793, 63
Trd, 4318267.293, 65
Trd, 4318267.643, 135
Trd, 4318267.743, 78
Trd, 4318267.943, 60
Trd, 4318268.993, 63
Trd, 4318269.443, 139
Trd, 4318271.043, 140
Trd, 4318271.393, 140
Trd, 4318271.993, 140
Trd, 4318272.143, 140
Trd, 4318272.293, 137
Trd, 4318272.993, 140
Trd, 4318273.243, 122
Trd, 4318274.043, 85
Trd, 4318274.543, 71
Trd, 4318275.343, 60
Trd, 4318276.043, 138
Trd, 4318276.143, 116
Trd, 4318277.093, 140
Trd, 4318277.293, 140
Trd, 4318278.843, 140
Trd, 4318279.993, 140
Trd, 4318280.143, 140
Trd, 4318280.543, 140
Trd, 4318281.493, 140
Trd, 4318281.743, 139
Trd, 4318282.943, 140
Trd, 4318283.993, 140
Trd, 4318284.343, 137
Trd, 4318284.593, 119
Trd, 4318285.443, 137
Trd, 4318286.293, 139
Trd, 4318286.543, 122
Trd, 4318288.093, 139
Trd, 4318288.393, 135
Trd, 4318288.943, 137
Trd, 4318289.293, 139
Trd, 4318289.343, 126
Trd, 4318291.393, 140
Trd, 4318291.543, 140
Trd, 4318292.043, 139
Trd, 4318292.793, 140
Trd, 4318293.093, 138
Trd, 4318293.193, 120
Trd, 4318293.993, 60
Trd, 4318295.493, 139
Trd, 4318296.343, 140
Trd, 4318296.943, 110
Trd, 4318298.143, 136
Trd, 4318298.493, 125
Trd, 4318298.743, 118
Trd, 4318298.843, 118
Trd, 4318299.543, 92
Trd, 4318300.393, 63
Trd, 4318300.743, 139
Trd, 4318300.993, 138
Trd, 4318302.593, 139
Trd, 4318302.893, 140
Trd, 4318303.693, 139
Trd, 4318304.043, 137
Trd, 4318305.093, 102
Trd, 4318305.193, 140
Trd, 4318306.043, 139
Trd, 4318307.443, 140
Trd, 4318307.593, 140
Trd, 4318307.693, 140
Trd, 4318308.143, 139
Trd, 4318308.693, 140
Trd, 4318309.143, 71
Trd, 4318310.293, 120
Trd, 4318311.493, 140
Trd, 4318311.693, 140
Trd, 4318311.993, 140
Trd, 4318312.343, 139
Trd, 4318313.843, 138
Trd, 4318314.393, 124
Trd, 4318315.543, 63
Trd, 4318315.743, 140
Trd, 4318316.343, 140
Trd, 4318316.643, 140
Trd, 4318317.193, 125
Trd, 4318318.243, 127
Trd, 4318318.443, 138
Trd, 4318318.593, 125
Trd, 4318318.793, 140
Trd, 4318320.093, 62
Trd, 4318320.693, 135
Trd, 4318321.243, 140
Trd, 4318321.993, 140
Trd, 4318323.293, 113
Trd, 4318323.643, 109
Trd, 4318324.243, 140
Trd, 4318325.043, 140
Trd, 4318325.143, 89
Trd, 4318325.743, 106
Trd, 4318325.843, 83
Trd, 4318326.993, 63
Trd, 4318327.043, 70
Trd, 4318327.843, 125
Trd, 4318328.543, 139
Trd, 4318329.343, 95
Trd, 4318329.843, 140
Trd, 4318329.993, 139
Trd, 4318330.943, 140
Trd, 4318331.743, 139
Trd, 4318332.543, 140
Trd, 4318333.393, 140
Trd, 4318334.143, 118
Trd, 4318334.943, 140
Trd, 4318336.043, 140
Trd, 4318336.293, 122
Trd, 4318336.493, 139
Trd, 4318336.843, 107
Trd, 4318337.293, 60
Trd, 4318338.543, 140
Trd, 4318339.143, 139
Trd, 4318339.343, 119
Trd, 4318339.993, 62
Trd, 4318340.043, 68
Trd, 4318340.443, 61
Trd, 4318342.193, 61
Trd, 4318343.643, 61
Trd, 4318344.043, 62
Trd, 4318344.093, 68
Trd, 4318344.593, 71
Trd, 4318344.943, 60
Trd, 4318345.093, 63
Trd, 4318346.243, 137
Trd, 4318346.893, 139
Trd, 4318347.143, 139
Trd, 4318348.293, 80
Trd, 4318348.493, 77
Trd, 4318349.043, 63
Trd, 4318349.493, 62
Trd, 4318350.493, 64
Trd, 4318351.543, 65
Trd, 4318352.743, 61
Trd, 4318352.843, 91
Trd, 4318353.543, 60
Trd, 4318353.943, 61
Trd, 4318354.043, 62
Trd, 4318354.293, 60
Trd, 4318354.793, 62
Trd, 4318355.193, 66
Trd, 4318355.843, 62
Trd, 4318356.493, 61
Trd, 4318357.193, 63
Trd, 4318357.293, 64
Trd, 4318359.393, 61
Trd, 4318359.743, 66
Trd, 4318360.893, 62
Trd, 4318361.093, 62
Trd, 4318361.343, 75
Trd, 4318361.493, 61
Trd, 4318362.093, 68
Trd, 4318364.193, 60
Trd, 4318364.393, 60
Trd, 4318365.043, 68
Trd, 4318365.793, 138
Trd, 4318366.743, 140
Trd, 4318367.043, 139
Trd, 4318367.093, 122
Trd, 4318367.593, 140
Trd, 4318369.343, 60
Trd, 4318370.043, 66
Trd, 4318370.793, 74
Trd, 4318370.843, 61
Trd, 4318371.143, 62
Trd, 4318372.243, 61
Trd, 4318372.443, 68
Trd, 4318372.493, 128
Trd, 4318373.443, 60
Trd, 4318375.493, 62
Trd, 4318376.093, 61
Trd, 4318376.543, 62
Trd, 4318377.393, 62
Trd, 4318377.593, 60
Trd, 4318377.943, 67
Trd, 4318378.693, 140
Trd, 4318379.043, 140
Trd, 4318380.293, 140
Trd, 4318380.543, 140
Trd, 4318380.743, 102
Trd, 4318381.093, 95
Trd, 4318381.193, 136
Trd, 4318382.193, 61
Trd, 4318382.993, 138
Trd, 4318383.693, 140
Trd, 4318383.743, 120
Trd, 4318384.243, 120
Trd, 4318384.693, 140
Trd, 4318385.543, 139
Trd, 4318385.643, 139
Trd, 4318386.143, 61
Trd, 4318387.943, 140
Trd, 4318388.093, 138
Trd, 4318388.293, 137
Trd, 4318388.643, 116
Trd, 4318389.893, 61
Trd, 4318390.043, 65
Trd, 4318390.743, 138
Trd, 4318391.543, 137
Trd, 4318392.843, 139
Trd, 4318392.993, 105
Trd, 4318394.643, 62
Trd, 4318394.743, 63
Trd, 4318396.443, 60
Trd, 4318396.543, 60
Trd, 4318397.393, 60
Trd, 4318397.993, 136
Trd, 4318398.043, 135
Trd, 4318398.843, 61
Trd, 4318399.143, 60
Trd, 4318399.643, 63
Trd, 4318400.643, 140
Trd, 4318400.843, 123
Trd, 4318401.243, 139
Trd, 4318402.243, 140
Trd, 4318402.643, 121
Trd, 4318403.493, 140
Trd, 4318403.693, 140
Trd, 4318403.893, 137
Trd, 4318404.493, 65
Trd, 4318405.693, 60
Trd, 4318406.143, 60
Trd, 4318406.793, 60
Trd, 4318407.243, 60
Trd, 4318407.543, 140
Trd, 4318408.543, 60
Trd, 4318409.193, 60
Trd, 4318409.443, 139
Trd, 4318410.593, 61
Trd, 4318410.743, 66
Trd, 4318410.993, 77
Trd, 4318411.593, 62
Trd, 4318412.893, 64
Trd, 4318413.543, 80
Trd, 4318414.393, 63
Trd, 4318414.493, 74
Trd, 4318415.043, 65
Trd, 4318415.443, 140
Trd, 4318415.693, 65
Trd, 4318417.043, 138
Trd, 4318418.143, 127
Trd, 4318418.693, 140
Trd, 4318418.893, 138
Trd, 4318419.193, 106
Trd, 4318419.543, 94
Trd, 4318420.343, 140
Trd, 4318420.593, 102
Trd, 4318421.993, 64
Trd, 4318422.693, 61
Trd, 4318423.443, 140
Trd, 4318423.793, 140
Trd, 4318424.343, 139
Trd, 4318424.693, 112
Trd, 4318424.993, 108
Trd, 4318425.543, 65
Trd, 4318426.493, 62
Trd, 4318427.093, 140
Trd, 4318428.793, 140
Trd, 4318429.193, 139
Trd, 4318429.243, 132
Trd, 4318429.743, 106
Trd, 4318429.793, 104
Trd, 4318429.943, 138
Trd, 4318430.243, 113
Trd, 4318431.243, 140
Trd, 4318431.443, 117
Trd, 4318431.943, 138
Trd, 4318433.843, 120
Trd, 4318434.243, 139
Trd, 4318435.093, 131
Trd, 4318435.243, 132
Trd, 4318435.393, 119
Trd, 4318436.693, 140
Trd, 4318436.793, 137
Trd, 4318438.243, 139
Trd, 4318438.293, 139
Trd, 4318438.493, 140
Trd, 4318439.343, 140
Trd, 4318440.043, 140
Trd, 4318440.343, 122
Trd, 4318440.543, 61
Trd, 4318440.843, 61
Trd, 4318441.943, 63
Trd, 4318442.393, 65
Trd, 4318442.493, 67
Trd, 4318443.193, 67
Trd, 4318443.993, 61
Trd, 4318444.043, 62
Trd, 4318446.193, 139
Trd, 4318447.093, 140
Trd, 4318447.343, 118
Trd, 4318447.643, 112
Trd, 4318448.643, 61
Trd, 4318448.743, 62
Trd, 4318449.093, 63
Trd, 4318450.093, 61
Trd, 4318451.893, 140
Trd, 4318451.993, 139
Trd, 4318452.043, 72
Trd, 4318452.193, 62
Trd, 4318452.693, 140
Trd, 4318454.243, 140
Trd, 4318454.543, 138
Trd, 4318454.693, 133
Trd, 4318455.743, 132
Trd, 4318456.093, 116
Trd, 4318457.093, 140
Trd, 4318457.343, 135
Trd, 4318458.393, 140
Trd, 4318458.543, 140
Trd, 4318459.443, 126
Trd, 4318460.393, 138
Trd, 4318460.493, 138
Trd, 4318460.993, 140
Trd, 4318462.793, 125
Trd, 4318462.843, 109
Trd, 4318463.493, 139
Trd, 4318463.843, 140
Trd, 4318463.893, 139
Trd, 4318464.743, 139
Trd, 4318465.193, 122
Trd, 4318465.843, 63
Trd, 4318467.093, 69
Trd, 4318467.993, 60
Trd, 4318468.493, 140
Trd, 4318468.943, 137
Trd, 4318469.193, 121
Trd, 4318469.743, 138
Trd, 4318469.943, 102
Trd, 4318470.393, 139
Trd, 4318470.543, 124
Trd, 4318471.343, 62
Trd, 4318471.543, 140
Trd, 4318472.393, 140
Trd, 4318473.093, 69
Trd, 4318474.193, 60
Trd, 4318474.493, 76
Trd, 4318475.443, 61
Trd, 4318476.493, 140
Trd, 4318476.693, 139
Trd, 4318476.793, 138
Trd, 4318477.893, 140
Trd, 4318478.843, 140
Trd, 4318478.993, 138
Trd, 4318480.743, 133
Trd, 4318481.143, 140
Trd, 4318481.493, 139
Trd, 4318481.543, 122
Trd, 4318481.843, 127
Trd, 4318482.043, 112
Trd, 4318483.593, 140
Trd, 4318484.543, 140
Trd, 4318484.993, 137
Trd, 4318485.043, 125
Trd, 4318485.293, 121
Trd, 4318485.343, 77
Trd, 4318486.893, 60
Trd, 4318486.993, 60
Trd, 4318487.343, 140
Trd, 4318487.793, 140
Trd, 4318487.943, 139
Trd, 4318488.443, 139
Trd, 4318489.243, 105
Trd, 4318489.393, 103
Trd, 4318490.743, 140
Trd, 4318491.793, 60
Trd, 4318491.893, 62
Trd, 4318492.293, 136
Trd, 4318492.543, 140
Trd, 4318493.343, 62
Trd, 4318493.993, 140
Trd, 4318494.743, 140
Trd, 4318494.843, 139
Trd, 4318495.843, 139
Trd, 4318496.543, 137
Trd, 4318497.043, 140
Trd, 4318497.393, 97
Trd, 4318497.943, 92
Trd, 4318497.993, 89
Trd, 4318500.743, 62
Trd, 4318500.943, 61
Trd, 4318501.043, 74
Trd, 4318501.643, 139
Trd, 4318503.293, 140
Trd, 4318503.543, 140
Trd, 4318503.943, 139
Trd, 4318504.243, 120
Trd, 4318504.943, 106
Trd, 4318504.993, 95
Trd, 4318505.993, 139
Trd, 4318506.493, 140
Trd, 4318507.093, 62
Trd, 4318508.093, 138
Trd, 4318508.193, 138
Trd, 4318509.293, 63
Trd, 4318510.143, 140
Trd, 4318511.193, 60
Trd, 4318511.543, 63
Trd, 4318511.893, 62
Trd, 4318511.943, 85
Trd, 4318512.943, 61
Trd, 4318513.293, 138
Trd, 4318513.443, 140
Trd, 4318514.993, 140
Trd, 4318515.693, 140
Trd, 4318515.993, 138
Trd, 4318516.693, 138
Trd, 4318517.543, 139
Trd, 4318518.243, 60
Trd, 4318518.543, 62
Trd, 4318519.593, 138
Trd, 4318519.643, 135
Trd, 4318521.593, 140
Trd, 4318523.243, 140
Trd, 4318524.043, 140
Trd, 4318524.093, 140
Trd, 4318524.193, 139
Trd, 4318525.443, 139
Trd, 4318526.093, 138
Trd, 4318526.693, 136
Trd, 4318526.943, 132
Trd, 4318526.993, 130
Trd, 4318528.843, 60
Trd, 4318529.093, 60
Trd, 4318529.743, 60
Trd, 4318531.443, 60
Trd, 4318531.893, 61
Trd, 4318531.943, 67
Trd, 4318532.043, 74
Trd, 4318533.143, 60
Trd, 4318533.993, 63
Trd, 4318535.293, 63
Trd, 4318535.593, 140
Trd, 4318535.943, 139
Trd, 4318536.443, 68
Trd, 4318536.593, 94
Trd, 4318536.843, 78
Trd, 4318537.543, 65
Trd, 4318537.693, 140
Trd, 4318538.543, 60
Trd, 4318539.193, 61
Trd, 4318539.893, 60
Trd, 4318540.343, 64
Trd, 4318540.993, 70
Trd, 4318542.093, 137
Trd, 4318542.143, 136
Trd, 4318542.493, 60
Trd, 4318543.893, 138
Trd, 4318544.393, 140
Trd, 4318544.743, 140
Trd, 4318545.343, 139
Trd, 4318545.493, 139
Trd, 4318545.993, 118
Trd, 4318547.143, 130
Trd, 4318547.293, 114
Trd, 4318547.843, 139
Trd, 4318549.143, 139
Trd, 4318549.243, 139
Trd, 4318550.293, 140
Trd, 4318551.393, 140
Trd, 4318551.693, 140
Trd, 4318551.743, 127
Trd, 4318551.943, 118
Trd, 4318553.243, 140
Trd, 4318554.793, 140
Trd, 4318555.043, 138
Trd, 4318555.293, 138
Trd, 4318556.043, 139
Trd, 4318556.293, 127
Trd, 4318557.043, 121
Trd, 4318557.993, 117
Trd, 4318558.593, 122
Trd, 4318559.393, 104
Trd, 4318560.043, 140
Trd, 4318560.243, 139
Trd, 4318560.843, 132
Trd, 4318560.993, 131
Trd, 4318562.543, 137
Trd, 4318562.893, 124
Trd, 4318563.193, 140
Trd, 4318563.443, 139
Trd, 4318564.193, 140
Trd, 4318564.393, 117
Trd, 4318564.893, 139
Trd, 4318565.793, 62
Trd, 4318568.043, 60
Trd, 4318569.643, 62
Trd, 4318569.693, 63
Trd, 4318570.743, 62
Trd, 4318571.243, 62
Trd, 4318571.343, 62
Trd, 4318571.643, 71
Trd, 4318571.943, 63
Trd, 4318572.993, 61
Trd, 4318573.543, 140
Trd, 4318574.193, 138
Trd, 4318574.293, 132
Trd, 4318574.443, 60
Trd, 4318575.393, 72
Trd, 4318576.743, 140
Trd, 4318577.543, 140
Trd, 4318577.943, 138
Trd, 4318578.993, 138
Trd, 4318579.593, 140
Trd, 4318579.643, 138
Trd, 4318579.843, 123
Trd, 4318580.593, 136
Trd, 4318581.143, 140
Trd, 4318581.643, 136
Trd, 4318582.093, 139
Trd, 4318582.793, 137
Trd, 4318583.193, 137
Trd, 4318583.643, 137
Trd, 4318583.743, 121
Trd, 4318584.443, 139
Trd, 4318584.743, 139
Trd, 4318587.043, 140
Trd, 4318587.343, 138
Trd, 4318587.643, 137
Trd, 4318588.593, 140
Trd, 4318588.893, 112
Trd, 4318589.443, 140
Trd, 4318589.743, 65
Trd, 4318590.343, 139
Trd, 4318590.693, 140
Trd, 4318590.893, 114
Trd, 4318591.843, 140
Trd, 4318592.493, 99
Trd, 4318593.093, 140
Trd, 4318593.193, 139
Trd, 4318593.243, 123
Trd, 4318594.343, 121
Trd, 4318594.943, 62
Trd, 4318595.943, 73
Trd, 4318596.593, 138
Trd, 4318597.493, 65
Trd, 4318598.593, 140
Trd, 4318599.093, 134
Trd, 4318599.243, 115
Trd, 4318600.343, 126
Trd, 4318601.693, 139
Trd, 4318601.893, 123
Trd, 4318602.043, 121
Trd, 4318602.743, 140
Trd, 4318603.043, 138
Trd, 4318604.243, 139
Trd, 4318604.543, 138
Trd, 4318605.593, 140
Trd, 4318606.343, 140
Trd, 4318606.493, 140
Trd, 4318606.593, 104
Trd, 4318607.393, 64
Trd, 4318608.443, 65
Trd, 4318608.643, 60
Trd, 4318609.793, 139
Trd, 4318610.043, 140
Trd, 4318610.593, 139
Trd, 4318610.693, 138
Trd, 4318610.793, 118
Trd, 4318611.393, 60
Trd, 4318612.443, 140
Trd, 4318613.293, 80
Trd, 4318613.493, 74
Trd, 4318614.093, 63
Trd, 4318614.393, 60
Trd, 4318615.493, 62
Trd, 4318616.593, 66
Trd, 4318616.743, 72
Trd, 4318617.543, 61
Trd, 4318617.743, 125
Trd, 4318618.093, 136
Trd, 4318618.143, 124
Trd, 4318619.243, 60
Trd, 4318619.393, 69
Trd, 4318619.943, 140
Trd, 4318621.543, 60
Trd, 4318621.893, 67
Trd, 4318622.593, 72
Trd, 4318623.493, 65
Trd, 4318624.093, 113
Trd, 4318624.143, 70
Trd, 4318624.893, 66
Trd, 4318625.143, 62
Trd, 4318625.393, 70
Trd, 4318625.593, 66
Trd, 4318626.743, 61
Trd, 4318627.493, 64
Trd, 4318627.943, 61
Trd, 4318628.643, 75
Trd, 4318629.443, 135
Trd, 4318630.493, 140
Trd, 4318631.093, 140
Trd, 4318631.743, 69
Trd, 4318632.043, 131
Trd, 4318634.043, 60
Trd, 4318634.243, 61
Trd, 4318634.893, 61
Trd, 4318637.043, 61
Trd, 4318637.593, 60
Trd, 4318638.393, 68
Trd, 4318639.143, 140
Trd, 4318639.393, 93
Trd, 4318639.443, 92
Trd, 4318639.843, 61
Trd, 4318640.443, 61
Trd, 4318640.543, 62
Trd, 4318642.343, 61
Trd, 4318643.243, 62
Trd, 4318644.393, 60
Trd, 4318644.643, 62
Trd, 4318645.143, 63
Trd, 4318645.743, 68
Trd, 4318646.893, 65
Trd, 4318647.193, 69
Trd, 4318647.393, 66
Trd, 4318648.493, 61
Trd, 4318649.093, 61
Trd, 4318649.393, 60
Trd, 4318650.293, 64
Trd, 4318650.643, 62
Trd, 4318652.193, 64
Trd, 4318652.343, 65
Trd, 4318652.443, 63
Trd, 4318653.693, 61
Trd, 4318654.243, 61
Trd, 4318656.693, 61
Trd, 4318656.943, 60
Trd, 4318657.293, 61
Trd, 4318657.393, 62
Trd, 4318657.743, 69
Trd, 4318658.843, 63
Trd, 4318659.093, 61
Trd, 4318659.643, 61
Trd, 4318662.343, 60
Trd, 4318662.393, 62
Trd, 4318662.693, 62
Trd, 4318662.893, 65
Trd, 4318663.193, 70
Trd, 4318664.193, 60
Trd, 4318664.343, 60
Trd, 4318664.543, 64
Trd, 4318666.293, 140
Trd, 4318666.643, 140
Trd, 4318668.043, 140
Trd, 4318668.293, 140
Trd, 4318668.493, 140
Trd, 4318669.793, 139
Trd, 4318669.893, 125
Trd, 4318670.093, 118
Trd, 4318670.443, 140
Trd, 4318671.493, 137
Trd, 4318671.843, 136
Trd, 4318672.243, 139
Trd, 4318672.293, 111
Trd, 4318672.543, 105
Trd, 4318673.093, 134
Trd, 4318673.643, 138
Trd, 4318673.893, 140
Trd, 4318674.043, 139
Trd, 4318674.743, 140
Trd, 4318675.743, 138
Trd, 4318676.093, 123
Trd, 4318676.193, 70
Trd, 4318677.243, 139
Trd, 4318677.493, 60
Trd, 4318678.393, 74
Trd, 4318679.093, 138
Trd, 4318680.043, 65
Trd, 4318680.843, 140
Trd, 4318681.293, 73
Trd, 4318681.593, 64
Trd, 4318682.843, 60
Trd, 4318682.943, 125
Trd, 4318683.193, 73
Trd, 4318683.843, 60
Trd, 4318684.543, 139
Trd, 4318684.693, 133
Trd, 4318685.093, 140
Trd, 4318685.643, 139
Trd, 4318686.393, 66
Trd, 4318686.793, 63
Trd, 4318687.293, 65
Trd, 4318688.993, 61
Trd, 4318689.993, 61
Trd, 4318690.193, 81
Trd, 4318690.443, 138
Trd, 4318691.943, 139
Trd, 4318692.443, 62
Trd, 4318692.643, 83
Trd, 4318692.793, 61
Trd, 4318694.043, 135
Trd, 4318695.193, 62
Trd, 4318695.493, 61
Trd, 4318696.493, 60
Trd, 4318697.793, 140
Trd, 4318697.993, 123
Trd, 4318698.343, 140
Trd, 4318699.143, 103
Trd, 4318699.493, 60
Trd, 4318700.493, 140
Trd, 4318702.743, 62
Trd, 4318702.893, 63
Trd, 4318703.043, 63
Trd, 4318703.793, 64
Trd, 4318704.693, 64
Trd, 4318705.293, 140
Trd, 4318705.643, 140
Trd, 4318705.843, 120
Trd, 4318705.893, 104
Trd, 4318707.143, 62
Trd, 4318707.293, 62
Trd, 4318707.743, 140
Trd, 4318708.243, 91
Trd, 4318708.343, 67
Trd, 4318708.793, 139
Trd, 4318710.893, 62
Trd, 4318711.543, 65
Trd, 4318712.043, 60
Trd, 4318713.443, 60
Trd, 4318713.993, 61
Trd, 4318714.093, 62
Trd, 4318714.993, 60
Trd, 4318715.793, 60
Trd, 4318717.093, 74
Trd, 4318717.193, 69
Trd, 4318717.843, 71
Trd, 4318717.993, 64
Trd, 4318718.243, 140
Trd, 4318719.193, 62
Trd, 4318719.393, 63
Trd, 4318720.793, 60
Trd, 4318721.493, 64
Trd, 4318721.693, 60
Trd, 4318722.943, 60
Trd, 4318723.043, 65
Trd, 4318723.493, 62
Trd, 4318725.493, 60
Trd, 4318726.043, 60
Trd, 4318726.093, 62
Trd, 4318726.943, 61
Trd, 4318727.243, 60
Trd, 4318728.443, 64
Trd, 4318729.543, 129
Trd, 4318729.743, 60
Trd, 4318730.543, 140
Trd, 4318731.143, 106
Trd, 4318732.543, 60
Trd, 4318734.293, 62
Trd, 4318735.093, 64
Trd, 4318735.443, 61
Trd, 4318735.593, 67
Trd, 4318736.193, 139
Trd, 4318736.493, 140
Trd, 4318737.343, 72
Trd, 4318737.393, 67
Trd, 4318737.993, 62
Trd, 4318739.293, 140
Trd, 4318739.743, 140
Trd, 4318739.993, 140
Trd, 4318740.843, 105
Trd, 4318741.193, 140
Trd, 4318742.143, 136
Trd, 4318742.343, 135
Trd, 4318743.143, 133
Trd, 4318743.543, 117
Trd, 4318743.793, 137
Trd, 4318744.393, 139
Trd, 4318744.693, 116
Trd, 4318745.843, 140
Trd, 4318746.343, 140
Trd, 4318746.393, 117
Trd, 4318746.543, 140
Trd, 4318747.393, 108
Trd, 4318747.643, 140
Trd, 4318748.593, 60
Trd, 4318749.843, 62
Trd, 4318749.943, 63
Trd, 4318750.643, 61
Trd, 4318751.743, 70
Trd, 4318751.943, 88
Trd, 4318752.243, 85
Trd, 4318752.643, 138
Trd, 4318752.843, 83
Trd, 4318753.193, 74
Trd, 4318753.793, 140
Trd, 4318754.893, 128
Trd, 4318755.393, 139
Trd, 4318756.143, 88
Trd, 4318756.793, 140
Trd, 4318756.893, 140
Trd, 4318757.343, 140
Trd, 4318758.543, 60
Trd, 4318758.693, 60
Trd, 4318759.793, 61
Trd, 4318761.693, 139
Trd, 4318762.993, 140
Trd, 4318763.743, 138
Trd, 4318764.843, 140
Trd, 4318765.193, 140
Trd, 4318766.443, 140
Trd, 4318766.593, 139
Trd, 4318766.693, 63
Trd, 4318767.493, 139
Trd, 4318767.843, 60
Trd, 4318768.743, 71
Trd, 4318770.093, 60
Trd, 4318770.793, 60
Trd, 4318770.993, 60
Trd, 4318771.393, 140
Trd, 4318771.743, 140
Trd, 4318772.193, 70
Trd, 4318772.543, 60
Trd, 4318772.693, 111
Trd, 4318774.993, 60
Trd, 4318775.193, 60
Trd, 4318775.493, 60
Trd, 4318775.943, 61
Trd, 4318776.493, 71
Trd, 4318777.693, 60
Trd, 4318778.593, 61
Trd, 4318778.893, 61
Trd, 4318779.793, 62
Trd, 4318780.143, 60
Trd, 4318781.143, 60
Trd, 4318781.293, 61
Trd, 4318782.293, 61
Trd, 4318783.093, 62
Trd, 4318783.143, 60
Trd, 4318784.693, 140
Trd, 4318784.793, 140
Trd, 4318785.993, 140
Trd, 4318786.393, 139
Trd, 4318786.443, 117
Trd, 4318787.493, 110
Trd, 4318787.693, 108
Trd, 4318787.743, 101
Trd, 4318788.693, 140
Trd, 4318789.893, 140
Trd, 4318790.293, 140
Trd, 4318790.843, 71
Trd, 4318791.843, 140
Trd, 4318792.293, 139
Trd, 4318792.693, 140
Trd, 4318792.743, 102
Trd, 4318793.193, 100
Trd, 4318793.493, 77
Trd, 4318793.993, 140
Trd, 4318794.893, 140
Trd, 4318796.693, 140
Trd, 4318796.893, 139
Trd, 4318797.243, 135
Trd, 4318797.343, 121
Trd, 4318797.743, 121
Trd, 4318797.843, 119
Trd, 4318799.543, 139
Trd, 4318800.443, 140
Trd, 4318800.593, 133
Trd, 4318800.843, 127
Trd, 4318801.643, 140
Trd, 4318802.593, 140
Trd, 4318803.243, 139
Trd, 4318803.443, 139
Trd, 4318804.293, 137
Trd, 4318804.893, 127
Trd, 4318806.093, 139
Trd, 4318806.243, 138
Trd, 4318806.543, 129
Trd, 4318808.093, 140
Trd, 4318808.743, 140
Trd, 4318808.993, 138
Trd, 4318809.843, 140
Trd, 4318810.093, 138
Trd, 4318810.343, 131
Trd, 4318810.893, 104
Trd, 4318811.193, 103
Trd, 4318811.993, 68
Trd, 4318813.443, 139
Trd, 4318814.393, 125
Trd, 4318814.493, 107
Trd, 4318816.043, 61
Trd, 4318816.093, 65
Trd, 4318816.243, 67
Trd, 4318817.193, 62
Trd, 4318817.493, 68
Trd, 4318818.143, 64
Trd, 4318818.693, 138
Trd, 4318819.543, 140
Trd, 4318819.843, 125
Trd, 4318819.893, 124
Trd, 4318820.193, 123
Trd, 4318821.193, 73
Trd, 4318821.493, 140
Trd, 4318822.443, 68
Trd, 4318823.193, 140
Trd, 4318823.643, 140
Trd, 4318824.493, 120
Trd, 4318825.493, 139
Trd, 4318825.693, 139
Trd, 4318826.143, 137
Trd, 4318827.293, 140
Trd, 4318828.743, 101
Trd, 4318829.143, 140
Trd, 4318829.493, 94
Trd, 4318829.593, 83
Trd, 4318830.243, 64
Trd, 4318831.393, 61
Trd, 4318831.943, 61
Trd, 4318832.393, 64
Trd, 4318832.893, 62
Trd, 4318834.043, 63
Trd, 4318834.543, 60
Trd, 4318835.593, 60
Trd, 4318835.993, 63
Trd, 4318837.593, 60
Trd, 4318837.943, 60
Trd, 4318838.143, 64
Trd, 4318838.243, 61
Trd, 4318839.493, 60
Trd, 4318841.693, 140
Trd, 4318841.743, 140
Trd, 4318842.043, 139
Trd, 4318842.393, 116
Trd, 4318842.443, 99
Trd, 4318843.193, 60
Trd, 4318844.143, 62
Trd, 4318844.693, 63
Trd, 4318844.793, 105
Trd, 4318845.893, 60
Trd, 4318845.993, 60
Trd, 4318847.893, 61
Trd, 4318848.843, 60
Trd, 4318849.343, 61
Trd, 4318849.693, 64
Trd, 4318850.043, 67
Trd, 4318850.543, 61
Trd, 4318851.443, 60
Trd, 4318852.593, 69
Trd, 4318853.193, 60
Trd, 4318853.293, 61
Trd, 4318853.793, 64
Trd, 4318854.293, 64
Trd, 4318855.793, 64
Trd, 4318855.993, 65
Trd, 4318857.843, 60
Trd, 4318858.443, 60
Trd, 4318858.643, 64
Trd, 4318859.443, 60
Trd, 4318860.093, 60
Trd, 4318860.643, 68
Trd, 4318861.493, 60
Trd, 4318861.743, 63
Trd, 4318862.993, 60
Trd, 4318863.143, 65
Trd, 4318863.593, 65
Trd, 4318863.643, 100
Trd, 4318864.593, 140
Trd, 4318864.943, 139
Trd, 4318865.943, 140
Trd, 4318866.443, 140
Trd, 4318867.343, 134
Trd, 4318868.043, 138
Trd, 4318868.643, 126
Trd, 4318868.893, 83
Trd, 4318869.093, 78
Trd, 4318869.893, 116
Trd, 4318870.193, 130
Trd, 4318870.593, 60
Trd, 4318871.343, 60
Trd, 4318873.343, 63
Trd, 4318873.843, 61
Trd, 4318874.593, 60
Trd, 4318874.893, 60
Trd, 4318876.143, 60
Trd, 4318876.243, 60
Trd, 4318877.143, 61
Trd, 4318877.193, 61
Trd, 4318877.493, 139
Trd, 4318877.793, 61
Trd, 4318877.943, 139
Trd, 4318878.643, 61
Trd, 4318879.743, 60
Trd, 4318880.693, 61
Trd, 4318881.343, 61
Trd, 4318881.393, 63
Trd, 4318881.793, 65
Trd, 4318883.043, 69
Trd, 4318884.043, 70
Trd, 4318884.243, 135
Trd, 4318884.843, 139
Trd, 4318885.793, 106
Trd, 4318886.843, 114
Trd, 4318887.393, 60
Trd, 4318887.543, 60
Trd, 4318887.743, 65
Trd, 4318889.543, 60
Trd, 4318889.643, 62
Trd, 4318890.543, 63
Trd, 4318890.943, 66
Trd, 4318891.843, 140
Trd, 4318892.143, 140
Trd, 4318892.543, 140
Trd, 4318892.993, 140
Trd, 4318893.093, 140
Trd, 4318894.893, 140
Trd, 4318895.343, 99
Trd, 4318895.793, 60
Trd, 4318896.243, 60
Trd, 4318897.593, 63
Trd, 4318898.093, 61
Trd, 4318898.443, 60
Trd, 4318898.743, 139
Trd, 4318899.493, 140
Trd, 4318899.843, 140
Trd, 4318900.643, 138
Trd, 4318900.993, 111
Trd, 4318901.443, 140
Trd, 4318902.043, 119
Trd, 4318902.943, 132
Trd, 4318903.043, 113
Trd, 4318903.943, 139
Trd, 4318904.793, 140
Trd, 4318905.143, 133
Trd, 4318905.243, 96
Trd, 4318906.093, 71
Trd, 4318906.193, 129
Trd, 4318907.293, 60
Trd, 4318907.493, 60
Trd, 4318907.993, 64
Trd, 4318908.993, 62
Trd, 4318909.443, 66
Trd, 4318910.343, 140
Trd, 4318911.093, 140
Trd, 4318911.843, 138
Trd, 4318911.943, 123
Trd, 4318912.093, 110
Trd, 4318912.643, 63
Trd, 4318913.143, 139
Trd, 4318913.343, 139
Trd, 4318914.693, 140
Trd, 4318914.743, 121
Trd, 4318915.143, 121
Trd, 4318916.343, 140
Trd, 4318916.393, 100
Trd, 4318917.043, 62
Trd, 4318918.543, 64
Trd, 4318918.943, 77
Trd, 4318919.693, 60
Trd, 4318919.843, 113
Trd, 4318920.143, 140
Trd, 4318920.643, 73
Trd, 4318920.893, 136
Trd, 4318921.043, 140
Trd, 4318922.443, 65
Trd, 4318922.743, 64
Trd, 4318923.743, 60
Trd, 4318924.343, 60
Trd, 4318924.793, 139
Trd, 4318925.543, 139
Trd, 4318926.143, 101
Trd, 4318926.643, 94
Trd, 4318927.643, 93
Trd, 4318927.993, 136
Trd, 4318929.193, 137
Trd, 4318929.293, 132
Trd, 4318929.743, 95
Trd, 4318930.343, 140
Trd, 4318932.443, 140
Trd, 4318933.193, 140
Trd, 4318933.243, 139
Trd, 4318934.093, 140
Trd, 4318934.893, 140
Trd, 4318935.493, 140
Trd, 4318935.543, 140
Trd, 4318935.793, 119
Trd, 4318936.193, 139
Trd, 4318936.893, 134
Trd, 4318937.043, 120
Trd, 4318938.293, 135
Trd, 4318938.893, 101
Trd, 4318939.643, 139
Trd, 4318940.093, 140
Trd, 4318940.793, 125
Trd, 4318941.243, 109
Trd, 4318941.343, 107
Trd, 4318941.893, 128
Trd, 4318942.893, 138
Trd, 4318942.993, 68
Trd, 4318944.243, 60
Trd, 4318944.443, 62
Trd, 4318944.993, 60
Trd, 4318945.343, 136
Trd, 4318945.593, 67
Trd, 4318946.243, 60
Trd, 4318947.493, 66
Trd, 4318947.843, 71
Trd, 4318948.443, 72
Trd, 4318949.843, 60
Trd, 4318950.693, 60
Trd, 4318950.743, 60
Trd, 4318951.943, 62
Trd, 4318953.243, 66
Trd, 4318953.893, 138
Trd, 4318953.993, 123
Trd, 4318954.143, 120
Trd, 4318954.943, 76
Trd, 4318955.143, 62
Trd, 4318955.543, 140
Trd, 4318957.143, 64
Trd, 4318957.543, 63
Trd, 4318959.843, 61
Trd, 4318959.943, 61
Trd, 4318960.093, 62
Trd, 4318960.243, 65
Trd, 4318960.443, 73
Trd, 4318961.593, 140
Trd, 4318962.643, 140
Trd, 4318963.243, 140
Trd, 4318963.493, 139
Trd, 4318963.543, 139
Trd, 4318964.043, 138
Trd, 4318964.743, 138
Trd, 4318964.843, 140
Trd, 4318965.193, 120
Trd, 4318966.643, 140
Trd, 4318967.143, 100
Trd, 4318967.293, 93
Trd, 4318968.043, 140
Trd, 4318968.393, 140
Trd, 4318969.643, 127
Trd, 4318970.593, 140
Trd, 4318971.943, 140
Trd, 4318972.193, 140
Trd, 4318972.543, 140
Trd, 4318972.743, 121
Trd, 4318973.893, 138
Trd, 4318975.143, 140
Trd, 4318975.193, 140
Trd, 4318975.743, 140
Trd, 4318976.243, 140
Trd, 4318977.643, 140
Trd, 4318977.693, 121
Trd, 4318978.343, 122
Trd, 4318978.693, 60
Trd, 4318979.043, 68
Trd, 4318979.693, 140
Trd, 4318980.543, 134
Trd, 4318980.843, 139
Trd, 4318981.443, 65
Trd, 4318981.893, 124
Trd, 4318983.143, 138
Trd, 4318983.943, 140
Trd, 4318984.293, 140
Trd, 4318984.843, 140
Trd, 4318986.943, 140
Trd, 4318987.193, 140
Trd, 4318988.093, 139
Trd, 4318988.193, 140
Trd, 4318988.843, 110
Trd, 4318989.793, 140
Trd, 4318990.393, 104
Trd, 4318990.693, 102
Trd, 4318990.793, 117
Trd, 4318991.293, 139
Trd, 4318991.993, 139
Trd, 4318992.693, 139
Trd, 4318993.493, 105
Trd, 4318993.643, 90
Trd, 4318994.243, 106
Trd, 4318994.793, 107
Trd, 4318995.893, 140
Trd, 4318996.993, 140
Trd, 4318997.243, 140
Trd, 4318998.493, 140
Trd, 4318998.943, 140
Trd, 4318999.393, 106
Trd, 4318999.943, 140
Trd, 4319001.143, 139
Trd, 4319002.093, 140
Trd, 4319002.243, 140
Trd, 4319002.843, 139
Trd, 4319004.043, 140
Trd, 4319004.093, 118
Trd, 4319004.943, 119
Trd, 4319005.293, 118
Trd, 4319006.193, 60
Trd, 4319006.393, 62
Trd, 4319006.993, 63
Trd, 4319007.393, 73
Trd, 4319007.893, 62
Trd, 4319010.093, 140
Trd, 4319011.343, 140
Trd, 4319011.843, 140
Trd, 4319012.043, 139
Trd, 4319012.093, 127
Trd, 4319012.893, 140
Trd, 4319012.943, 123
Trd, 4319013.243, 119
Trd, 4319013.943, 140
Trd, 4319014.643, 140
Trd, 4319015.293, 63
Trd, 4319015.343, 64
Trd, 4319016.443, 140
Trd, 4319016.893, 140
Trd, 4319017.393, 138
Trd, 4319017.443, 98
Trd, 4319018.643, 139
Trd, 4319019.093, 140
Trd, 4319020.293, 140
Trd, 4319020.693, 119
Trd, 4319021.243, 111
Trd, 4319021.443, 140
Trd, 4319021.743, 93
Trd, 4319022.543, 140
Trd, 4319022.843, 139
Trd, 4319023.943, 133
Trd, 4319023.993, 131
Trd, 4319024.093, 122
Trd, 4319025.143, 136
Trd, 4319025.893, 123
Trd, 4319026.093, 119
Trd, 4319026.143, 118
Trd, 4319026.543, 138
Trd, 4319027.143, 92
Trd, 4319028.243, 95
Trd, 4319028.393, 61
Trd, 4319029.893, 139
Trd, 4319030.593, 138
Trd, 4319030.643, 122
Trd, 4319031.443, 60
Trd, 4319031.693, 65
Trd, 4319031.743, 71
Trd, 4319032.743, 140
Trd, 4319033.193, 135
Trd, 4319033.943, 127
Trd, 4319035.243, 140
Trd, 4319035.393, 140
Trd, 4319035.843, 140
Trd, 4319036.043, 127
Trd, 4319037.293, 60
Trd, 4319037.843, 63
Trd, 4319039.043, 61
Trd, 4319039.293, 65
Trd, 4319039.643, 64
Trd, 4319039.693, 69
Trd, 4319040.393, 61
Trd, 4319041.743, 139
Trd, 4319041.793, 128
Trd, 4319041.993, 125
Trd, 4319042.593, 140
Trd, 4319043.543, 136
Trd, 4319043.793, 135
Trd, 4319045.343, 140
Trd, 4319046.193, 139
Trd, 4319046.293, 139
Trd, 4319046.993, 140
Trd, 4319047.143, 124
Trd, 4319047.793, 138
Trd, 4319048.293, 93
Trd, 4319048.493, 88
Trd, 4319048.943, 79
Trd, 4319049.693, 140
Trd, 4319050.893, 139
Trd, 4319051.143, 138
Trd, 4319052.043, 140
Trd, 4319052.093, 134
Trd, 4319052.393, 69
Trd, 4319053.043, 80
Trd, 4319054.093, 60
Trd, 4319054.993, 60
Trd, 4319056.093, 61
Trd, 4319056.343, 61
Trd, 4319057.043, 140
Trd, 4319057.193, 139
Trd, 4319057.793, 140
Trd, 4319058.843, 124
Trd, 4319059.393, 136
Trd, 4319059.693, 106
Trd, 4319059.843, 138
Trd, 4319061.343, 60
Trd, 4319062.143, 62
Trd, 4319062.493, 65
Trd, 4319062.693, 67
Trd, 4319063.743, 61
Trd, 4319064.443, 61
Trd, 4319064.943, 60
Trd, 4319065.943, 61
Trd, 4319066.643, 61
Trd, 4319066.943, 65
Trd, 4319067.443, 63
Trd, 4319068.193, 140
Trd, 4319068.993, 140
Trd, 4319069.093, 140
Trd, 4319069.393, 139
Trd, 4319069.693, 117
Trd, 4319070.593, 60
Trd, 4319071.443, 64
Trd, 4319071.793, 138
Trd, 4319071.943, 124
Trd, 4319072.593, 82
Trd, 4319074.193, 138
Trd, 4319074.843, 118
Trd, 4319075.793, 73
Trd, 4319076.243, 90
Trd, 4319076.743, 62
Trd, 4319076.793, 75
Trd, 4319077.543, 66
Trd, 4319077.943, 60
Trd, 4319078.393, 103
Trd, 4319080.043, 140
Trd, 4319080.643, 140
Trd, 4319080.843, 140
Trd, 4319081.693, 138
Trd, 4319082.243, 140
Trd, 4319082.343, 128
Trd, 4319083.193, 140
Trd, 4319083.293, 137
Trd, 4319084.393, 140
Trd, 4319084.443, 101
Trd, 4319085.043, 140
Trd, 4319086.393, 140
Trd, 4319086.643, 140
Trd, 4319087.243, 122
Trd, 4319087.293, 110
Trd, 4319088.493, 67
Trd, 4319088.893, 124
Trd, 4319089.993, 138
Trd, 4319090.143, 123
Trd, 4319090.793, 139
Trd, 4319091.143, 138
Trd, 4319091.443, 131
Trd, 4319091.943, 139
Trd, 4319092.143, 118
Trd, 4319093.593, 139
Trd, 4319093.843, 140
Trd, 4319094.743, 140
Trd, 4319095.293, 136
Trd, 4319095.493, 123
Trd, 4319095.543, 60
Trd, 4319096.643, 107
Trd, 4319098.243, 140
Trd, 4319099.343, 140
Trd, 4319099.693, 140
Trd, 4319099.743, 140
Trd, 4319099.843, 139
Trd, 4319101.293, 135
Trd, 4319101.343, 124
Trd, 4319102.093, 122
Trd, 4319102.393, 86
Trd, 4319103.493, 64
Trd, 4319103.543, 72
Trd, 4319104.193, 140
Trd, 4319105.143, 140
Trd, 4319105.293, 135
Trd, 4319105.493, 120
Trd, 4319106.243, 73
Trd, 4319106.593, 140
Trd, 4319107.943, 68
Trd, 4319108.393, 61
Trd, 4319109.143, 63
Trd, 4319109.943, 68
Trd, 4319111.193, 136
Trd, 4319111.393, 87
Trd, 4319111.893, 135
Trd, 4319112.093, 134
Trd, 4319112.693, 140
Trd, 4319113.093, 127
Trd, 4319114.093, 140
Trd, 4319114.193, 122
Trd, 4319114.243, 118
Trd, 4319114.593, 78
Trd, 4319115.143, 139
Trd, 4319116.293, 140
Trd, 4319117.243, 139
Trd, 4319117.293, 135
Trd, 4319118.093, 138
Trd, 4319118.393, 127
Trd, 4319118.693, 122
Trd, 4319119.293, 115
Trd, 4319119.693, 114
Trd, 4319120.643, 68
Trd, 4319121.193, 140
Trd, 4319121.643, 65
Trd, 4319122.543, 65
Trd, 4319122.743, 60
Trd, 4319123.393, 140
Trd, 4319123.993, 140
Trd, 4319125.043, 138
Trd, 4319127.293, 60
Trd, 4319127.843, 60
Trd, 4319127.893, 61
Trd, 4319128.043, 62
Trd, 4319128.693, 62
Trd, 4319128.993, 120
Trd, 4319129.093, 119
Trd, 4319129.143, 101
Trd, 4319130.093, 138
Trd, 4319130.893, 60
Trd, 4319131.443, 65
Trd, 4319132.643, 63
Trd, 4319133.343, 61
Trd, 4319134.443, 62
Trd, 4319134.643, 66
Trd, 4319134.693, 67
Trd, 4319134.793, 71
Trd, 4319136.293, 140
Trd, 4319136.743, 140
Trd, 4319137.043, 139
Trd, 4319137.343, 113
Trd, 4319138.143, 61
Trd, 4319138.693, 61
Trd, 4319138.893, 67
Trd, 4319140.793, 60
Trd, 4319140.993, 64
Trd, 4319141.593, 60
Trd, 4319141.843, 67
Trd, 4319142.293, 68
Trd, 4319142.543, 68
Trd, 4319144.193, 60
Trd, 4319144.443, 61
Trd, 4319145.343, 60
Trd, 4319146.093, 62
Trd, 4319146.443, 68
Trd, 4319147.043, 61
Trd, 4319147.293, 61
Trd, 4319148.393, 60
Trd, 4319148.993, 62
Trd, 4319149.193, 140
Trd, 4319151.543, 124
Trd, 4319151.793, 134
Trd, 4319152.343, 60
Trd, 4319153.643, 140
Trd, 4319153.843, 139
Trd, 4319154.343, 140
Trd, 4319155.043, 140
Trd, 4319155.093, 122
Trd, 4319155.643, 140
Trd, 4319156.193, 139
Trd, 4319157.493, 138
Trd, 4319157.993, 131
Trd, 4319158.543, 68
Trd, 4319158.893, 140
Trd, 4319158.943, 139
Trd, 4319160.393, 63
Trd, 4319161.093, 60
Trd, 4319162.543, 60
Trd, 4319162.743, 63
Trd, 4319163.143, 61
Trd, 4319163.793, 64
Trd, 4319164.093, 63
Trd, 4319165.243, 60
Trd, 4319166.693, 61
Trd, 4319166.993, 61
Trd, 4319167.943, 62
Trd, 4319168.843, 62
Trd, 4319168.893, 61
Trd, 4319168.943, 66
Trd, 4319169.593, 98
Trd, 4319169.693, 70
Trd, 4319170.643, 60
Trd, 4319170.993, 61
Trd, 4319171.793, 140
Trd, 4319172.193, 138
Trd, 4319173.493, 140
Trd, 4319173.943, 139
Trd, 4319174.493, 139
Trd, 4319174.843, 138
Trd, 4319175.493, 116
Trd, 4319175.743, 110
Trd, 4319176.493, 67
Trd, 4319177.043, 140
Trd, 4319177.593, 93
Trd, 4319178.743, 131
Trd, 4319179.693, 140
Trd, 4319180.543, 139
Trd, 4319180.993, 140
Trd, 4319181.093, 131
Trd, 4319181.293, 121
Trd, 4319181.693, 140
Trd, 4319181.843, 140
Trd, 4319183.643, 101
Trd, 4319183.943, 100
Trd, 4319184.843, 62
Trd, 4319185.393, 63
Trd, 4319185.643, 61
Trd, 4319186.643, 71
Trd, 4319187.693, 139
Trd, 4319188.343, 140
Trd, 4319188.993, 135
Trd, 4319189.693, 139
Trd, 4319189.743, 116
Trd, 4319189.893, 115
Trd, 4319190.993, 140
Trd, 4319191.893, 139
Trd, 4319192.093, 122
Trd, 4319192.693, 140
Trd, 4319193.443, 140
Trd, 4319193.543, 140
Trd, 4319193.693, 140
Trd, 4319194.543, 124
Trd, 4319195.393, 139
Trd, 4319195.493, 92
Trd, 4319196.493, 80
Trd, 4319196.943, 139
Trd, 4319197.593, 140
Trd, 4319198.343, 140
Trd, 4319198.543, 140
Trd, 4319198.943, 139
Trd, 4319199.543, 134
Trd, 4319200.293, 63
Trd, 4319201.093, 60
Trd, 4319201.143, 64
Trd, 4319202.043, 61
Trd, 4319203.393, 140
Trd, 4319204.043, 140
Trd, 4319204.243, 140
Trd, 4319204.443, 138
Trd, 4319204.643, 117
Trd, 4319204.793, 105
Trd, 4319205.993, 62
Trd, 4319206.843, 65
Trd, 4319207.443, 65
Trd, 4319208.343, 62
Trd, 4319208.493, 63
Trd, 4319209.093, 63
Trd, 4319209.243, 61
Trd, 4319209.843, 60
Trd, 4319210.593, 63
Trd, 4319210.943, 140
Trd, 4319211.143, 139
Trd, 4319212.193, 136
Trd, 4319212.343, 86
Trd, 4319212.893, 60
Trd, 4319212.993, 60
Trd, 4319213.893, 71
Trd, 4319214.943, 78
Trd, 4319215.143, 67
Trd, 4319217.493, 60
Trd, 4319218.593, 60
Trd, 4319219.043, 61
Trd, 4319219.343, 64
Trd, 4319219.943, 60
Trd, 4319220.243, 60
Trd, 4319221.293, 61
Trd, 4319223.093, 64
Trd, 4319223.293, 61
Trd, 4319223.393, 64
Trd, 4319223.843, 60
Trd, 4319224.943, 64
Trd, 4319225.393, 129
Trd, 4319225.893, 70
Trd, 4319226.393, 69
Trd, 4319226.793, 62
Trd, 4319229.693, 60
Trd, 4319229.743, 61
Trd, 4319230.393, 62
Trd, 4319231.093, 61
Trd, 4319232.043, 61
Trd, 4319232.093, 64
Trd, 4319233.043, 61
Trd, 4319233.643, 60
Trd, 4319234.893, 60
Trd, 4319234.993, 62
Trd, 4319236.443, 60
Trd, 4319236.893, 61
Trd, 4319237.743, 63
Trd, 4319238.493, 63
Trd, 4319239.143, 62
Trd, 4319239.793, 63
Trd, 4319240.043, 67
Trd, 4319240.793, 63
Trd, 4319241.093, 63
Trd, 4319241.343, 62
Trd, 4319241.993, 123
Trd, 4319243.093, 140
Trd, 4319243.693, 140
Trd, 4319244.593, 117
Trd, 4319245.043, 139
Trd, 4319245.243, 105
Trd, 4319245.443, 61
Trd, 4319245.593, 91
Trd, 4319245.743, 67
Trd, 4319246.643, 60
Trd, 4319247.393, 60
Trd, 4319247.543, 64
Trd, 4319248.643, 62
Trd, 4319248.693, 64
Trd, 4319249.543, 136
Trd, 4319250.793, 60
Trd, 4319250.993, 78
Trd, 4319251.343, 130
Trd, 4319252.593, 140
Trd, 4319252.943, 140
Trd, 4319253.643, 137
Trd, 4319254.093, 122
Trd, 4319254.393, 117
Trd, 4319254.643, 136
Trd, 4319255.893, 140
Trd, 4319255.993, 139
Trd, 4319256.443, 137
Trd, 4319257.293, 137
Trd, 4319257.543, 118
Trd, 4319258.343, 118
Trd, 4319259.093, 100
Trd, 4319259.643, 61
Trd, 4319260.043, 133
Trd, 4319260.443, 125
Trd, 4319260.943, 140
Trd, 4319262.143, 140
Trd, 4319262.193, 139
Trd, 4319262.793, 137
Trd, 4319262.943, 120
Trd, 4319263.393, 64
Trd, 4319264.743, 62
Trd, 4319265.093, 125
Trd, 4319265.293, 60
Trd, 4319265.993, 61
Trd, 4319267.243, 65
Trd, 4319267.493, 140
Trd, 4319268.493, 140
Trd, 4319268.943, 106
Trd, 4319269.043, 90
Trd, 4319269.143, 72
Trd, 4319270.743, 140
Trd, 4319271.593, 137
Trd, 4319272.593, 140
Trd, 4319273.043, 140
Trd, 4319273.093, 78
Trd, 4319274.343, 140
Trd, 4319274.843, 140
Trd, 4319274.943, 100
Trd, 4319275.293, 61
Trd, 4319275.893, 140
Trd, 4319275.943, 120
Trd, 4319277.243, 140
Trd, 4319278.443, 63
Trd, 4319278.643, 64
Trd, 4319279.743, 140
Trd, 4319279.893, 121
Trd, 4319280.643, 120
Trd, 4319281.093, 140
Trd, 4319281.443, 114
Trd, 4319281.593, 114
Trd, 4319281.843, 76
Trd, 4319282.593, 73
Trd, 4319283.643, 62
Trd, 4319284.143, 60
Trd, 4319284.943, 67
Trd, 4319285.293, 63
Trd, 4319285.643, 62
Trd, 4319285.793, 60
Trd, 4319286.043, 80
Trd, 4319287.543, 62
Trd, 4319288.593, 61
Trd, 4319288.743, 62
Trd, 4319289.993, 60
Trd, 4319290.843, 60
Trd, 4319291.493, 63
Trd, 4319291.893, 60
Trd, 4319291.993, 67
Trd, 4319292.243, 140
Trd, 4319292.693, 62
Trd, 4319293.643, 140
Trd, 4319293.793, 99
Trd, 4319294.893, 60
Trd, 4319295.593, 60
Trd, 4319296.593, 64
Trd, 4319297.243, 62
Trd, 4319297.743, 137
Trd, 4319298.793, 138
Trd, 4319299.293, 97
Trd, 4319299.593, 137
Trd, 4319299.693, 107
Trd, 4319300.393, 133
Trd, 4319301.143, 99
Trd, 4319301.193, 85
Trd, 4319302.793, 139
Trd, 4319303.993, 138
Trd, 4319304.193, 135
Trd, 4319304.593, 140
Trd, 4319305.293, 140
Trd, 4319305.743, 120
Trd, 4319306.343, 110
Trd, 4319306.843, 140
Trd, 4319307.293, 62
Trd, 4319309.493, 140
Trd, 4319309.593, 140
Trd, 4319309.693, 140
Trd, 4319310.043, 119
Trd, 4319311.093, 139
Trd, 4319311.393, 137
Trd, 4319312.193, 138
Trd, 4319314.093, 140
Trd, 4319314.243, 140
Trd, 4319314.293, 138
Trd, 4319314.343, 133
Trd, 4319315.193, 140
Trd, 4319315.493, 121
Trd, 4319316.043, 103
Trd, 4319316.893, 139
Trd, 4319317.543, 134
Trd, 4319317.693, 117
Trd, 4319318.993, 140
Trd, 4319319.593, 140
Trd, 4319319.793, 140
Trd, 4319320.193, 136
Trd, 4319320.893, 132
Trd, 4319321.593, 139
Trd, 4319322.643, 113
Trd, 4319323.143, 138
Trd, 4319323.243, 135
Trd, 4319324.043, 124
Trd, 4319325.793, 140
Trd, 4319325.893, 137
Trd, 4319326.993, 137
Trd, 4319327.393, 140
Trd, 4319327.793, 140
Trd, 4319327.893, 129
Trd, 4319328.093, 123
Trd, 4319328.593, 140
Trd, 4319329.243, 132
Trd, 4319330.043, 140
Trd, 4319330.093, 130
Trd, 4319330.743, 139
Trd, 4319330.943, 121
Trd, 4319332.593, 67
Trd, 4319333.543, 60
Trd, 4319334.093, 140
Trd, 4319334.743, 140
Trd, 4319335.093, 137
Trd, 4319335.243, 117
Trd, 4319336.043, 137
Trd, 4319338.193, 140
Trd, 4319338.393, 140
Trd, 4319339.493, 140
Trd, 4319339.693, 139
Trd, 4319340.493, 139
Trd, 4319340.993, 138
Trd, 4319341.743, 138
Trd, 4319341.893, 137
Trd, 4319342.093, 135
Trd, 4319342.193, 121
Trd, 4319342.243, 117
Trd, 4319343.543, 140
Trd, 4319344.093, 139
Trd, 4319344.743, 138
Trd, 4319344.843, 121
Trd, 4319346.093, 69
Trd, 4319346.493, 62
Trd, 4319347.443, 140
Trd, 4319348.093, 136
Trd, 4319348.493, 113
Trd, 4319349.343, 139
Trd, 4319349.843, 61
Trd, 4319351.093, 61
Trd, 4319352.143, 140
Trd, 4319352.443, 140
Trd, 4319353.443, 139
Trd, 4319353.643, 138
Trd, 4319353.943, 128
Trd, 4319354.443, 114
Trd, 4319354.893, 138
Trd, 4319355.193, 84
Trd, 4319356.543, 63
Trd, 4319356.693, 64
Trd, 4319357.843, 68
Trd, 4319358.443, 65
Trd, 4319359.293, 61
Trd, 4319360.093, 65
Trd, 4319361.343, 62
Trd, 4319362.043, 61
Trd, 4319362.243, 61
Trd, 4319362.293, 63
Trd, 4319362.693, 116
Trd, 4319363.293, 139
Trd, 4319363.543, 64
Trd, 4319365.343, 61
Trd, 4319365.493, 62
Trd, 4319367.293, 64
Trd, 4319367.743, 64
Trd, 4319368.043, 65
Trd, 4319368.243, 67
Trd, 4319368.443, 60
Trd, 4319369.293, 60
Trd, 4319369.943, 61
Trd, 4319370.493, 62
Trd, 4319370.693, 69
Trd, 4319371.793, 65
Trd, 4319372.243, 64
Trd, 4319373.393, 139
Trd, 4319373.793, 139
Trd, 4319374.593, 140
Trd, 4319374.743, 138
Trd, 4319375.393, 103
Trd, 4319376.493, 140
Trd, 4319376.993, 64
Trd, 4319377.143, 109
Trd, 4319378.293, 139
Trd, 4319379.393, 124
Trd, 4319379.443, 129
Trd, 4319380.393, 135
Trd, 4319380.493, 132
Trd, 4319380.643, 86
Trd, 4319381.993, 140
Trd, 4319382.443, 137
Trd, 4319383.043, 140
Trd, 4319383.843, 117
Trd, 4319384.093, 61
Trd, 4319385.793, 60
Trd, 4319386.393, 61
Trd, 4319386.443, 65
Trd, 4319386.843, 130
Trd, 4319388.043, 140
Trd, 4319388.393, 140
Trd, 4319388.493, 122
Trd, 4319388.543, 111
Trd, 4319390.343, 61
Trd, 4319390.693, 61
Trd, 4319390.993, 74
Trd, 4319392.243, 140
Trd, 4319392.993, 139
Trd, 4319393.143, 123
Trd, 4319393.693, 140
Trd, 4319394.693, 139
Trd, 4319395.693, 137
Trd, 4319396.193, 136
Trd, 4319396.443, 135
Trd, 4319396.693, 118
Trd, 4319398.893, 60
Trd, 4319399.193, 60
Trd, 4319399.493, 62
Trd, 4319400.543, 60
Trd, 4319400.893, 137
Trd, 4319401.643, 138
Trd, 4319402.393, 60
Trd, 4319403.393, 77
Trd, 4319404.343, 98
Trd, 4319404.593, 139
Trd, 4319405.843, 129
Trd, 4319406.243, 119
Trd, 4319406.293, 117
Trd, 4319407.043, 116
Trd, 4319407.493, 101
Trd, 4319408.343, 139
Trd, 4319408.693, 139
Trd, 4319410.043, 140
Trd, 4319410.593, 140
Trd, 4319411.143, 140
Trd, 4319411.543, 140
Trd, 4319411.843, 140
Trd, 4319411.893, 137
Trd, 4319412.843, 70
Trd, 4319414.343, 117
Trd, 4319414.743, 115
Trd, 4319415.193, 109
Trd, 4319415.393, 99
Trd, 4319416.093, 138
Trd, 4319416.493, 140
Trd, 4319416.943, 97
Trd, 4319417.143, 68
Trd, 4319418.043, 61
Trd, 4319418.293, 77
Trd, 4319419.193, 140
Trd, 4319419.793, 128
Trd, 4319420.043, 115
Trd, 4319421.093, 108
Trd, 4319422.193, 139
Trd, 4319422.493, 139
Trd, 4319422.893, 123
Trd, 4319423.493, 122
Trd, 4319423.693, 114
Trd, 4319424.143, 140
Trd, 4319424.593, 139
Trd, 4319424.793, 106
Trd, 4319425.793, 73
Trd, 4319426.393, 136
Trd, 4319426.543, 62
Trd, 4319427.043, 100
Trd, 4319427.343, 140
Trd, 4319427.843, 140
Trd, 4319428.743, 113
Trd, 4319429.743, 140
Trd, 4319430.393, 103
Trd, 4319431.343, 140
Trd, 4319431.543, 90
Trd, 4319432.443, 138
Trd, 4319432.843, 138
Trd, 4319433.493, 127
Trd, 4319434.343, 137
Trd, 4319434.893, 140
Trd, 4319435.293, 136
Trd, 4319435.343, 118
Trd, 4319436.293, 140
Trd, 4319436.643, 139
Trd, 4319439.043, 140
Trd, 4319439.393, 140
Trd, 4319440.193, 140
Trd, 4319440.893, 140
Trd, 4319441.043, 131
Trd, 4319441.393, 96
Trd, 4319441.743, 92
Trd, 4319441.943, 80
Trd, 4319443.543, 139
Trd, 4319443.843, 139
Trd, 4319444.393, 140
Trd, 4319445.093, 140
Trd, 4319445.493, 128
Trd, 4319445.543, 99
Trd, 4319445.943, 60
Trd, 4319446.343, 61
Trd, 4319447.843, 60
Trd, 4319448.193, 62
Trd, 4319449.043, 60
Trd, 4319449.593, 139
Trd, 4319449.643, 136
Trd, 4319450.943, 139
Trd, 4319451.293, 131
Trd, 4319451.393, 117
Trd, 4319454.093, 62
Trd, 4319454.143, 63
Trd, 4319454.193, 69
Trd, 4319455.843, 63
Trd, 4319456.343, 66
Trd, 4319456.743, 65
Trd, 4319457.643, 69
Trd, 4319457.993, 134
Trd, 4319458.093, 114
Trd, 4319459.093, 61
Trd, 4319459.543, 126
Trd, 4319460.043, 140
Trd, 4319460.643, 140
Trd, 4319460.793, 122
Trd, 4319461.193, 80
Trd, 4319462.543, 140
Trd, 4319463.243, 140
Trd, 4319463.293, 117
Trd, 4319464.793, 137
Trd, 4319464.943, 140
Trd, 4319465.593, 118
Trd, 4319465.943, 64
Trd, 4319466.993, 140
Trd, 4319467.043, 140
Trd, 4319467.743, 140
Trd, 4319469.093, 135
Trd, 4319469.293, 121
Trd, 4319469.443, 115
Trd, 4319469.993, 127
Trd, 4319470.393, 117
Trd, 4319470.943, 139
Trd, 4319471.293, 62
Trd, 4319472.493, 60
Trd, 4319473.143, 62
Trd, 4319474.243, 60
Trd, 4319474.493, 62
Trd, 4319475.343, 71
Trd, 4319475.593, 74
Trd, 4319476.743, 69
Trd, 4319477.893, 140
Trd, 4319478.243, 138
Trd, 4319478.943, 140
Trd, 4319479.643, 140
Trd, 4319479.693, 139
Trd, 4319479.843, 133
Trd, 4319480.293, 122
Trd, 4319480.943, 67
Trd, 4319481.643, 67
Trd, 4319482.393, 140
Trd, 4319483.543, 140
Trd, 4319484.793, 139
Trd, 4319484.843, 131
Trd, 4319485.543, 137
Trd, 4319485.743, 118
Trd, 4319485.843, 108
Trd, 4319486.443, 62
Trd, 4319487.843, 66
Trd, 4319488.743, 62
Trd, 4319488.843, 66
Trd, 4319489.993, 64
Trd, 4319491.093, 63
Trd, 4319491.393, 72
Trd, 4319492.193, 137
Trd, 4319493.243, 139
Trd, 4319493.843, 125
Trd, 4319494.143, 124
Trd, 4319494.193, 122
Trd, 4319494.943, 135
Trd, 4319494.993, 132
Trd, 4319495.943, 62
Trd, 4319497.143, 62
Trd, 4319498.093, 67
Trd, 4319498.943, 79
Trd, 4319499.493, 140
Trd, 4319500.243, 140
Trd, 4319500.343, 139
Trd, 4319500.743, 119
Trd, 4319501.343, 121
Trd, 4319501.743, 97
Trd, 4319501.893, 93
Trd, 4319502.043, 133
Trd, 4319502.643, 64
Trd, 4319503.093, 64
Trd, 4319504.893, 60
Trd, 4319505.293, 64
Trd, 4319505.493, 67
Trd, 4319505.793, 64
Trd, 4319506.393, 60
Trd, 4319507.643, 62
Trd, 4319508.193, 61
Trd, 4319509.793, 60
Trd, 4319509.843, 69
Trd, 4319510.293, 90
Trd, 4319510.743, 139
Trd, 4319511.093, 123
Trd, 4319511.143, 117
Trd, 4319511.393, 139
Trd, 4319512.243, 63
Trd, 4319512.643, 140
Trd, 4319513.093, 140
Trd, 4319513.843, 140
Trd, 4319513.943, 122
Trd, 4319515.143, 60
Trd, 4319515.493, 70
Trd, 4319516.193, 64
Trd, 4319516.993, 76
Trd, 4319518.543, 140
Trd, 4319519.293, 140
Trd, 4319519.343, 121
Trd, 4319519.743, 64
Trd, 4319520.893, 140
Trd, 4319521.193, 135
Trd, 4319521.693, 139
Trd, 4319521.743, 113
Trd, 4319523.193, 139
Trd, 4319524.043, 140
Trd, 4319524.093, 120
Trd, 4319525.143, 60
Trd, 4319525.443, 136
Trd, 4319526.293, 137
Trd, 4319526.793, 134
Trd, 4319527.243, 140
Trd, 4319527.643, 134
Trd, 4319528.843, 139
Trd, 4319529.043, 120
Trd, 4319530.243, 140
Trd, 4319531.043, 140
Trd, 4319531.343, 119
Trd, 4319531.743, 140
Trd, 4319532.343, 140
Trd, 4319532.743, 91
Trd, 4319533.393, 139
Trd, 4319534.293, 107
Trd, 4319535.043, 96
Trd, 4319535.393, 61
Trd, 4319535.893, 62
Trd, 4319536.393, 72
Trd, 4319536.643, 140
Trd, 4319537.343, 66
Trd, 4319537.943, 74
Trd, 4319538.543, 60
Trd, 4319538.893, 60
Trd, 4319540.293, 64
Trd, 4319540.793, 60
Trd, 4319541.643, 66
Trd, 4319541.993, 63
Trd, 4319542.593, 140
Trd, 4319542.693, 76
Trd, 4319543.993, 65
Trd, 4319544.893, 69
Trd, 4319545.243, 140
Trd, 4319545.493, 139
Trd, 4319545.793, 107
Trd, 4319546.943, 60
Trd, 4319547.693, 65
Trd, 4319549.043, 64
Trd, 4319549.693, 60
Trd, 4319549.893, 65
Trd, 4319550.443, 60
Trd, 4319551.243, 61
Trd, 4319551.443, 62
Trd, 4319551.943, 65
Trd, 4319552.143, 67
Trd, 4319554.843, 61
Trd, 4319555.243, 61
Trd, 4319555.593, 60
Trd, 4319555.793, 61
Trd, 4319556.743, 62
Trd, 4319557.093, 62
Trd, 4319557.343, 66
Trd, 4319557.693, 73
Trd, 4319558.093, 140
Trd, 4319559.543, 60
Trd, 4319559.943, 77
Trd, 4319560.093, 111
Trd, 4319560.793, 139
Trd, 4319561.643, 60
Trd, 4319561.793, 63
Trd, 4319561.993, 140
Trd, 4319562.893, 139
Trd, 4319564.143, 138
Trd, 4319564.493, 139
Trd, 4319565.343, 64
Trd, 4319566.343, 60
Trd, 4319566.943, 140
Trd, 4319567.343, 140
Trd, 4319567.543, 140
Trd, 4319568.993, 140
Trd, 4319569.343, 140
Trd, 4319569.693, 136
Trd, 4319570.443, 103
Trd, 4319570.593, 67
Trd, 4319572.143, 140
Trd, 4319572.343, 140
Trd, 4319572.593, 140
Trd, 4319572.643, 139
Trd, 4319573.443, 93
Trd, 4319573.643, 90
Trd, 4319573.993, 63
Trd, 4319574.793, 60
Trd, 4319576.093, 139
Trd, 4319576.293, 137
Trd, 4319576.643, 63
Trd, 4319576.943, 140
Trd, 4319578.193, 60
Trd, 4319579.193, 61
Trd, 4319580.093, 60
Trd, 4319580.793, 65
Trd, 4319580.843, 73
Trd, 4319581.443, 140
Trd, 4319581.543, 121
Trd, 4319582.593, 138
Trd, 4319582.843, 77
Trd, 4319583.243, 61
Trd, 4319583.793, 63
Trd, 4319585.643, 140
Trd, 4319585.693, 139
Trd, 4319586.143, 138
Trd, 4319587.043, 91
Trd, 4319587.293, 83
Trd, 4319588.043, 60
Trd, 4319588.193, 62
Trd, 4319590.293, 140
Trd, 4319590.593, 140
Trd, 4319590.643, 139
Trd, 4319591.243, 139
Trd, 4319592.343, 138
Trd, 4319592.693, 136
Trd, 4319593.193, 138
Trd, 4319593.693, 132
Trd, 4319594.043, 116
Trd, 4319594.193, 139
Trd, 4319594.343, 115
Trd, 4319594.993, 61
Trd, 4319595.693, 116
Trd, 4319596.393, 99
Trd, 4319596.593, 82
Trd, 4319596.943, 140
Trd, 4319597.443, 140
Trd, 4319599.043, 64
Trd, 4319599.093, 66
Trd, 4319600.243, 140
Trd, 4319600.693, 140
Trd, 4319601.343, 72
Trd, 4319602.793, 61
Trd, 4319603.143, 61
Trd, 4319603.293, 64
Trd, 4319604.293, 87
Trd, 4319604.493, 63
Trd, 4319604.893, 134
Trd, 4319605.093, 117
Trd, 4319606.543, 67
Trd, 4319606.993, 63
Trd, 4319607.993, 61
Trd, 4319608.643, 64
Trd, 4319608.693, 78
Trd, 4319609.743, 63
Trd, 4319610.693, 61
Trd, 4319610.793, 72
Trd, 4319612.293, 140
Trd, 4319612.843, 60
Trd, 4319613.193, 63
Trd, 4319614.343, 139
Trd, 4319615.943, 60
Trd, 4319616.593, 60
Trd, 4319617.793, 60
Trd, 4319617.893, 60
Trd, 4319619.093, 61
Trd, 4319619.393, 63
Trd, 4319620.043, 60
Trd, 4319620.493, 61
Trd, 4319620.693, 62
Trd, 4319621.593, 72
Trd, 4319622.243, 68
Trd, 4319622.443, 115
Trd, 4319623.193, 70
Trd, 4319624.143, 60
Trd, 4319624.643, 66
Trd, 4319625.393, 139
Trd, 4319626.293, 140
Trd, 4319626.743, 102
Trd, 4319626.993, 139
Trd, 4319627.893, 140
Trd, 4319628.143, 140
Trd, 4319629.143, 138
Trd, 4319629.343, 81
Trd, 4319630.343, 140
Trd, 4319630.643, 139
Trd, 4319631.343, 140
Trd, 4319632.243, 117
Trd, 4319632.793, 133
Trd, 4319633.243, 96
Trd, 4319634.293, 140
Trd, 4319634.693, 140
Trd, 4319634.793, 140
Trd, 4319635.693, 140
Trd, 4319635.793, 122
Trd, 4319636.293, 139
Trd, 4319636.393, 122
Trd, 4319637.143, 102
Trd, 4319637.843, 60
Trd, 4319638.343, 71
Trd, 4319638.893, 140
Trd, 4319638.993, 118
Trd, 4319640.443, 140
Trd, 4319640.493, 137
Trd, 4319640.793, 69
Trd, 4319640.843, 60
Trd, 4319641.643, 139
Trd, 4319642.593, 66
Trd, 4319643.593, 62
Trd, 4319643.943, 64
Trd, 4319645.143, 140
Trd, 4319645.443, 140
Trd, 4319645.843, 139
Trd, 4319646.543, 138
Trd, 4319647.493, 138
Trd, 4319647.743, 140
Trd, 4319648.093, 117
Trd, 4319648.743, 140
Trd, 4319648.943, 132
Trd, 4319650.593, 140
Trd, 4319650.643, 140
Trd, 4319651.693, 140
Trd, 4319652.443, 140
Trd, 4319652.893, 138
Trd, 4319652.993, 125
Trd, 4319653.843, 139
Trd, 4319655.143, 108
Trd, 4319655.343, 139
Trd, 4319656.493, 60
Trd, 4319656.993, 60
Trd, 4319657.893, 60
Trd, 4319658.593, 60
Trd, 4319659.793, 60
Trd, 4319660.493, 60
Trd, 4319660.593, 63
Trd, 4319660.843, 61
Trd, 4319661.243, 76
Trd, 4319662.343, 65
Trd, 4319663.343, 62
Trd, 4319663.993, 65
Trd, 4319664.343, 61
Trd, 4319664.543, 67
Trd, 4319664.993, 65
Trd, 4319665.843, 140
Trd, 4319666.143, 62
Trd, 4319667.143, 68
Trd, 4319668.543, 60
Trd, 4319669.543, 62
Trd, 4319670.093, 61
Trd, 4319671.993, 60
Trd, 4319672.193, 60
Trd, 4319672.443, 61
Trd, 4319672.643, 66
Trd, 4319673.793, 74
Trd, 4319673.843, 77
Trd, 4319673.943, 83
Trd, 4319674.593, 77
Trd, 4319674.843, 63
Trd, 4319675.393, 140
Trd, 4319675.493, 140
Trd, 4319676.493, 136
Trd, 4319677.943, 64
Trd, 4319678.693, 61
Trd, 4319679.393, 65
Trd, 4319679.993, 63
Trd, 4319680.043, 68
Trd, 4319680.293, 65
Trd, 4319680.843, 64
Trd, 4319681.343, 61
Trd, 4319681.843, 70
Trd, 4319682.293, 122
Trd, 4319683.793, 68
Trd, 4319684.093, 131
Trd, 4319684.543, 88
Trd, 4319684.793, 78
Trd, 4319684.893, 62
Trd, 4319685.393, 140
Trd, 4319685.593, 139
Trd, 4319686.743, 60
Trd, 4319687.143, 132
Trd, 4319688.543, 140
Trd, 4319688.593, 139
Trd, 4319689.143, 101
Trd, 4319689.893, 140
Trd, 4319690.393, 139
Trd, 4319690.643, 105
Trd, 4319692.543, 139
Trd, 4319693.293, 128
Trd, 4319693.443, 99
Trd, 4319693.643, 136
Trd, 4319694.643, 128
Trd, 4319696.293, 60
Trd, 4319696.643, 60
Trd, 4319696.843, 60
Trd, 4319698.393, 60
Trd, 4319698.493, 61
Trd, 4319699.193, 65
Trd, 4319701.043, 60
Trd, 4319701.193, 61
Trd, 4319701.393, 61
Trd, 4319701.443, 73
Trd, 4319702.443, 140
Trd, 4319702.693, 140
Trd, 4319702.993, 140
Trd, 4319703.143, 105
Trd, 4319704.643, 140
Trd, 4319705.143, 139
Trd, 4319705.543, 138
Trd, 4319706.293, 140
Trd, 4319706.693, 140
Trd, 4319707.743, 134
Trd, 4319708.093, 139
Trd, 4319708.243, 121
Trd, 4319709.893, 140
Trd, 4319710.193, 140
Trd, 4319710.443, 139
Trd, 4319710.693, 117
Trd, 4319710.743, 103
Trd, 4319711.293, 63
Trd, 4319712.343, 138
Trd, 4319713.343, 137
Trd, 4319713.943, 67
Trd, 4319714.293, 66
Trd, 4319715.493, 138
Trd, 4319715.743, 138
Trd, 4319716.243, 106
Trd, 4319717.443, 140
Trd, 4319718.293, 140
Trd, 4319718.443, 139
Trd, 4319718.693, 114
Trd, 4319719.043, 104
Trd, 4319719.343, 64
Trd, 4319721.043, 140
Trd, 4319721.193, 139
Trd, 4319721.593, 139
Trd, 4319721.743, 63
Trd, 4319722.443, 93
Trd, 4319722.693, 140
Trd, 4319723.243, 138
Trd, 4319724.443, 139
Trd, 4319726.093, 139
Trd, 4319726.543, 130
Trd, 4319726.693, 118
Trd, 4319727.893, 140
Trd, 4319728.443, 139
Trd, 4319729.293, 90
Trd, 4319729.593, 61
Trd, 4319729.643, 63
Trd, 4319730.743, 63
Trd, 4319730.943, 65
Trd, 4319731.443, 60
Trd, 4319731.543, 68
Trd, 4319732.793, 138
Trd, 4319732.843, 136
Trd, 4319733.793, 139
Trd, 4319734.693, 139
Trd, 4319735.243, 140
Trd, 4319735.293, 140
Trd, 4319736.143, 60
Trd, 4319736.893, 125
Trd, 4319737.893, 140
Trd, 4319738.193, 140
Trd, 4319738.243, 140
Trd, 4319739.093, 137
Trd, 4319739.343, 136
Trd, 4319740.143, 98
Trd, 4319740.593, 122
Trd, 4319741.143, 139
Trd, 4319741.793, 139
Trd, 4319742.193, 135
Trd, 4319743.443, 71
Trd, 4319743.643, 106
Trd, 4319744.993, 137
Trd, 4319745.043, 119
Trd, 4319746.493, 61
Trd, 4319746.743, 63
Trd, 4319746.793, 63
Trd, 4319749.743, 140
Trd, 4319750.243, 140
Trd, 4319750.543, 139
Trd, 4319750.793, 139
Trd, 4319751.643, 140
Trd, 4319752.293, 140
Trd, 4319752.593, 140
Trd, 4319752.693, 130
Trd, 4319753.043, 133
Trd, 4319753.343, 111
Trd, 4319754.343, 64
Trd, 4319754.743, 65
Trd, 4319755.093, 140
Trd, 4319755.493, 64
Trd, 4319756.643, 61
Trd, 4319757.093, 62
Trd, 4319757.593, 66
Trd, 4319758.143, 64
Trd, 4319759.743, 96
Trd, 4319759.893, 130
Trd, 4319760.343, 101
Trd, 4319760.493, 95
Trd, 4319761.493, 60
Trd, 4319761.543, 61
Trd, 4319762.443, 60
Trd, 4319762.493, 62
Trd, 4319762.943, 60
Trd, 4319763.543, 63
Trd, 4319764.293, 140
Trd, 4319765.593, 119
Trd, 4319765.893, 103
Trd, 4319767.043, 139
Trd, 4319767.143, 82
Trd, 4319767.993, 140
Trd, 4319768.393, 118
Trd, 4319769.243, 140
Trd, 4319769.743, 64
Trd, 4319770.443, 63
Trd, 4319771.643, 64
Trd, 4319771.793, 67
Trd, 4319772.243, 140
Trd, 4319772.293, 79
Trd, 4319774.093, 61
Trd, 4319774.393, 92
Trd, 4319774.743, 67
Trd, 4319775.493, 63
Trd, 4319775.893, 62
Trd, 4319776.443, 63
Trd, 4319777.243, 60
Trd, 4319777.493, 60
Trd, 4319778.393, 65
Trd, 4319778.493, 60
Trd, 4319778.843, 73
Trd, 4319779.193, 64
Trd, 4319780.243, 139
Trd, 4319781.393, 140
Trd, 4319781.743, 138
Trd, 4319782.893, 140
Trd, 4319783.943, 140
Trd, 4319783.993, 138
Trd, 4319784.643, 134
Trd, 4319785.993, 137
Trd, 4319786.093, 119
Trd, 4319786.593, 138
Trd, 4319787.143, 140
Trd, 4319787.593, 79
Trd, 4319788.593, 140
Trd, 4319789.593, 140
Trd, 4319789.793, 139
Trd, 4319790.143, 121
Trd, 4319790.793, 120
Trd, 4319792.593, 60
Trd, 4319792.693, 61
Trd, 4319793.043, 61
Trd, 4319793.593, 65
Trd, 4319794.643, 71
Trd, 4319795.343, 140
Trd, 4319795.943, 112
Trd, 4319796.043, 110
Trd, 4319796.543, 136
Trd, 4319796.693, 70
Trd, 4319797.643, 121
Trd, 4319798.093, 60
Trd, 4319799.243, 140
Trd, 4319799.443, 100
Trd, 4319800.393, 140
Trd, 4319800.493, 139
Trd, 4319800.793, 111
Trd, 4319800.943, 98
Trd, 4319801.693, 140
Trd, 4319801.993, 61
Trd, 4319802.143, 63
Trd, 4319803.343, 140
Trd, 4319804.693, 62
Trd, 4319805.893, 60
Trd, 4319806.093, 62
Trd, 4319806.743, 60
Trd, 4319806.793, 60
Trd, 4319806.843, 63
Trd, 4319808.493, 140
Trd, 4319808.693, 140
Trd, 4319809.243, 118
Trd, 4319809.443, 109
Trd, 4319809.593, 128
Trd, 4319809.843, 140
Trd, 4319811.093, 140
Trd, 4319811.443, 117
Trd, 4319811.743, 140
Trd, 4319811.993, 106
Trd, 4319812.743, 140
Trd, 4319813.243, 140
Trd, 4319813.993, 136
Trd, 4319815.993, 140
Trd, 4319816.093, 140
Trd, 4319816.443, 140
Trd, 4319816.493, 139
Trd, 4319817.293, 140
Trd, 4319818.143, 127
Trd, 4319818.293, 140
Trd, 4319819.143, 90
Trd, 4319819.243, 79
Trd, 4319820.543, 60
Trd, 4319820.693, 63
Trd, 4319820.993, 73
Trd, 4319821.593, 138
Trd, 4319822.093, 139
Trd, 4319822.493, 60
Trd, 4319823.543, 140
Trd, 4319823.743, 139
Trd, 4319824.143, 104
Trd, 4319825.743, 140
Trd, 4319826.393, 140
Trd, 4319826.543, 140
Trd, 4319827.493, 140
Trd, 4319827.993, 137
Trd, 4319828.043, 124
Trd, 4319828.293, 134
Trd, 4319828.493, 117
Trd, 4319829.393, 98
Trd, 4319830.243, 140
Trd, 4319830.893, 140
Trd, 4319830.943, 140
Trd, 4319832.493, 62
Trd, 4319832.993, 61
Trd, 4319833.243, 139
Trd, 4319833.743, 136
Trd, 4319833.943, 121
Trd, 4319835.493, 140
Trd, 4319835.693, 140
Trd, 4319835.843, 120
Trd, 4319836.093, 117
Trd, 4319837.043, 139
Trd, 4319837.793, 140
Trd, 4319837.843, 139
Trd, 4319838.843, 118
Trd, 4319838.893, 115
Trd, 4319838.993, 107
Trd, 4319840.293, 140
Trd, 4319840.643, 140
Trd, 4319841.643, 140
Trd, 4319841.793, 140
Trd, 4319841.993, 139
Trd, 4319842.943, 138
Trd, 4319843.593, 96
Trd, 4319844.043, 140
Trd, 4319844.793, 134
Trd, 4319845.893, 140
Trd, 4319845.993, 118
Trd, 4319847.143, 140
Trd, 4319847.293, 140
Trd, 4319847.443, 138
Trd, 4319847.943, 140
Trd, 4319848.393, 140
Trd, 4319850.293, 139
Trd, 4319851.543, 140
Trd, 4319851.693, 139
Trd, 4319851.893, 138
Trd, 4319851.993, 122
Trd, 4319852.093, 116
Trd, 4319852.893, 73
Trd, 4319853.993, 140
Trd, 4319854.343, 136
Trd, 4319854.493, 69
Trd, 4319855.493, 140
Trd, 4319857.543, 139
Trd, 4319857.843, 139
Trd, 4319858.393, 140
Trd, 4319858.893, 140
Trd, 4319859.493, 139
Trd, 4319861.743, 140
Trd, 4319861.843, 140
Trd, 4319862.493, 138
Trd, 4319862.543, 138
Trd, 4319862.593, 136
Trd, 4319863.243, 121
Trd, 4319863.343, 121
Trd, 4319864.443, 140
Trd, 4319865.043, 139
Trd, 4319865.693, 139
Trd, 4319866.243, 136
Trd, 4319866.993, 136
Trd, 4319868.193, 137
Trd, 4319868.593, 112
Trd, 4319870.243, 140
Trd, 4319870.593, 135
Trd, 4319870.993, 83
Trd, 4319871.743, 63
Trd, 4319872.043, 60
Trd, 4319872.493, 60
Trd, 4319872.943, 61
Trd, 4319873.793, 138
Trd, 4319874.793, 140
Trd, 4319875.043, 140
Trd, 4319875.543, 138
Trd, 4319876.343, 140
Trd, 4319877.593, 139
Trd, 4319877.993, 130
Trd, 4319878.243, 106
Trd, 4319879.393, 90
Trd, 4319880.243, 73
Trd, 4319880.543, 140
Trd, 4319880.693, 137
Trd, 4319881.643, 62
Trd, 4319883.143, 140
Trd, 4319883.993, 137
Trd, 4319884.043, 137
Trd, 4319884.093, 125
Trd, 4319884.693, 139
Trd, 4319886.043, 140
Trd, 4319886.343, 140
Trd, 4319886.743, 138
Trd, 4319887.943, 139
Trd, 4319888.043, 135
Trd, 4319888.293, 128
Trd, 4319888.443, 120
Trd, 4319889.593, 130
Trd, 4319891.493, 139
Trd, 4319891.743, 139
Trd, 4319892.743, 140
Trd, 4319892.993, 140
Trd, 4319893.143, 140
Trd, 4319893.543, 139
Trd, 4319893.943, 115
Trd, 4319894.593, 106
Trd, 4319894.693, 97
Trd, 4319895.093, 62
Trd, 4319895.843, 140
Trd, 4319896.193, 61
Trd, 4319896.743, 136
Trd, 4319896.993, 64
Trd, 4319897.793, 140
Trd, 4319898.293, 140
Trd, 4319898.443, 140
Trd, 4319898.843, 97
Trd, 4319901.093, 140
Trd, 4319901.743, 140
Trd, 4319901.793, 123
Trd, 4319902.193, 140
Trd, 4319902.393, 123
Trd, 4319902.843, 93
Trd, 4319903.893, 139
Trd, 4319904.143, 84
Trd, 4319904.643, 60
Trd, 4319905.693, 70
Trd, 4319906.443, 64
Trd, 4319907.343, 114
Trd, 4319908.493, 139
Trd, 4319908.943, 137
Trd, 4319908.993, 122
Trd, 4319909.143, 101
Trd, 4319909.843, 140
Trd, 4319910.243, 140
Trd, 4319910.893, 140
Trd, 4319911.143, 140
Trd, 4319911.493, 140
Trd, 4319912.043, 139
Trd, 4319913.143, 108
Trd, 4319913.193, 117
Trd, 4319914.243, 134
Trd, 4319915.093, 74
Trd, 4319916.743, 80
Trd, 4319917.243, 140
Trd, 4319918.343, 140
Trd, 4319918.593, 138
Trd, 4319918.843, 140
Trd, 4319919.443, 140
Trd, 4319919.843, 138
Trd, 4319920.943, 138
Trd, 4319921.393, 111
Trd, 4319922.043, 139
Trd, 4319922.393, 138
Trd, 4319922.493, 116
Trd, 4319923.443, 123
Trd, 4319923.643, 106
Trd, 4319925.193, 123
Trd, 4319925.493, 61
Trd, 4319926.443, 63
Trd, 4319926.843, 64
Trd, 4319927.843, 61
Trd, 4319928.493, 64
Trd, 4319929.693, 140
Trd, 4319930.043, 140
Trd, 4319930.293, 140
Trd, 4319931.493, 129
Trd, 4319931.593, 140
Trd, 4319931.843, 117
Trd, 4319932.243, 124
Trd, 4319932.693, 110
Trd, 4319933.043, 75
Trd, 4319933.293, 138
Trd, 4319934.193, 140
Trd, 4319934.993, 140
Trd, 4319935.093, 137
Trd, 4319935.843, 124
Trd, 4319936.093, 110
Trd, 4319936.243, 61
Trd, 4319937.893, 140
Trd, 4319937.943, 140
Trd, 4319938.293, 140
Trd, 4319938.393, 138
Trd, 4319939.843, 67
Trd, 4319940.243, 138
Trd, 4319940.643, 85
Trd, 4319941.443, 140
Trd, 4319942.143, 62
Trd, 4319942.993, 66
Trd, 4319943.693, 140
Trd, 4319944.043, 140
Trd, 4319944.743, 136
Trd, 4319944.943, 122
Trd, 4319945.143, 110
Trd, 4319945.643, 140
Trd, 4319946.343, 138
Trd, 4319946.893, 139
Trd, 4319948.193, 140
Trd, 4319948.243, 133
Trd, 4319949.493, 100
Trd, 4319949.893, 140
Trd, 4319951.093, 60
Trd, 4319951.843, 62
Trd, 4319951.893, 62
Trd, 4319953.193, 90
Trd, 4319953.993, 140
Trd, 4319954.393, 89
Trd, 4319954.493, 81
Trd, 4319954.893, 75
Trd, 4319955.493, 68
Trd, 4319955.793, 137
Trd, 4319956.493, 138
Trd, 4319957.993, 60
Trd, 4319958.643, 61
Trd, 4319958.693, 62
Trd, 4319958.993, 63
Trd, 4319959.543, 140
Trd, 4319960.093, 108
Trd, 4319960.343, 99
Trd, 4319961.193, 137
Trd, 4319961.243, 123
Trd, 4319961.993, 62
Trd, 4319962.293, 64
Trd, 4319963.343, 140
Trd, 4319963.643, 131
Trd, 4319964.793, 107
Trd, 4319965.243, 70
Trd, 4319966.493, 66
Trd, 4319967.293, 135
Trd, 4319968.093, 62
Trd, 4319968.343, 60
Trd, 4319969.443, 140
Trd, 4319969.593, 140
Trd, 4319969.743, 139
Trd, 4319970.093, 136
Trd, 4319970.443, 104
Trd, 4319971.193, 133
Trd, 4319972.093, 63
Trd, 4319973.143, 63
Trd, 4319973.343, 66
Trd, 4319973.843, 140
Trd, 4319974.943, 140
Trd, 4319975.193, 139
Trd, 4319975.293, 113
Trd, 4319976.793, 140
Trd, 4319976.943, 138
Trd, 4319976.993, 137
Trd, 4319978.043, 140
Trd, 4319979.243, 136
Trd, 4319979.743, 138
Trd, 4319980.093, 117
Trd, 4319980.993, 108
Trd, 4319981.793, 140
Trd, 4319981.843, 140
Trd, 4319982.043, 121
Trd, 4319983.193, 140
Trd, 4319984.593, 138
Trd, 4319984.693, 138
Trd, 4319985.093, 138
Trd, 4319985.243, 60
Trd, 4319985.443, 68
Trd, 4319985.743, 68
Trd, 4319987.093, 92
Trd, 4319987.393, 130
Trd, 4319987.443, 114
Trd, 4319988.543, 140
Trd, 4319989.643, 140
Trd, 4319989.743, 140
Trd, 4319990.743, 139
Trd, 4319991.793, 138
Trd, 4319992.593, 124
Trd, 4319993.343, 136
Trd, 4319993.843, 139
Trd, 4319995.093, 61
Trd, 4319995.393, 130
Trd, 4319995.643, 140
Trd, 4319996.343, 140
Trd, 4319997.393, 139
Trd, 4319997.693, 110
Trd, 4319997.943, 106
Trd, 4319998.193, 78
Trd, 4319999.593, 140
Trd, 4319999.693, 139
