Trd, 4318128.143, 119
Trd, 4318128.443, 133
Trd, 4318130.343, 61
Trd, 4318130.993, 63
Trd, 4318131.243, 67
Trd, 4318132.543, 140
Trd, 4318132.893, 140
Trd, 4318133.843, 140
Trd, 4318134.593, 140
Trd, 4318134.843, 140
Trd, 4318136.393, 140
Trd, 4318136.493, 139
Trd, 4318136.793, 140
Trd, 4318138.043, 140
Trd, 4318139.393, 140
Trd, 4318139.743, 140
Trd, 4318139.943, 140
Trd, 4318141.593, 140
Trd, 4318142.393, 140
Trd, 4318142.593, 140
Trd, 4318143.343, 140
Trd, 4318143.493, 140
Trd, 4318143.793, 138
Trd, 4318143.943, 137
Trd, 4318144.393, 73
Trd, 4318144.793, 140
Trd, 4318145.393, 140
Trd, 4318145.893, 140
Trd, 4318147.293, 133
Trd, 4318147.693, 140
Trd, 4318148.093, 136
Trd, 4318148.143, 140
Trd, 4318149.443, 139
Trd, 4318149.993, 140
Trd, 4318150.543, 140
Trd, 4318150.643, 114
Trd, 4318152.343, 140
Trd, 4318152.793, 140
Trd, 4318153.293, 140
Trd, 4318155.443, 140
Trd, 4318155.993, 140
Trd, 4318156.793, 140
Trd, 4318157.893, 140
Trd, 4318158.793, 140
Trd, 4318159.093, 140
Trd, 4318159.193, 140
Trd, 4318159.643, 139
Trd, 4318160.043, 140
Trd, 4318160.693, 140
Trd, 4318160.843, 140
Trd, 4318160.993, 122
Trd, 4318161.743, 139
Trd, 4318162.193, 139
Trd, 4318162.443, 140
Trd, 4318164.043, 140
Trd, 4318164.243, 139
Trd, 4318164.493, 69
Trd, 4318165.793, 60
Trd, 4318165.943, 61
Trd, 4318166.393, 62
Trd, 4318166.793, 63
Trd, 4318167.193, 61
Trd, 4318168.493, 60
Trd, 4318168.893, 70
Trd, 4318169.843, 60
Trd, 4318170.043, 60
Trd, 4318170.843, 65
Trd, 4318171.343, 64
Trd, 4318171.493, 66
Trd, 4318171.893, 60
Trd, 4318173.093, 60
Trd, 4318173.843, 68
Trd, 4318174.093, 62
Trd, 4318174.493, 69
Trd, 4318174.643, 130
Trd, 4318175.343, 62
Trd, 4318176.993, 76
Trd, 4318177.293, 78
Trd, 4318178.693, 69
Trd, 4318178.743, 81
Trd, 4318178.793, 82
Trd, 4318179.493, 139
Trd, 4318181.343, 60
Trd, 4318181.743, 60
Trd, 4318182.343, 60
Trd, 4318182.393, 66
Trd, 4318183.093, 61
Trd, 4318183.743, 113
Trd, 4318184.543, 140
Trd, 4318185.443, 140
Trd, 4318185.493, 140
Trd, 4318186.493, 140
Trd, 4318186.943, 140
Trd, 4318189.093, 140
Trd, 4318190.143, 140
Trd, 4318190.893, 140
Trd, 4318191.193, 140
Trd, 4318191.693, 140
Trd, 4318192.543, 140
Trd, 4318193.243, 140
Trd, 4318193.893, 140
Trd, 4318193.993, 139
Trd, 4318195.643, 140
Trd, 4318195.793, 140
Trd, 4318196.343, 140
Trd, 4318197.793, 140
Trd, 4318198.693, 140
Trd, 4318200.343, 140
Trd, 4318200.443, 139
Trd, 4318200.843, 137
Trd, 4318201.193, 139
Trd, 4318201.393, 140
Trd, 4318201.993, 140
Trd, 4318202.993, 140
Trd, 4318203.443, 140
Trd, 4318204.543, 140
Trd, 4318205.793, 140
Trd, 4318206.293, 140
Trd, 4318206.793, 140
Trd, 4318207.043, 140
Trd, 4318207.293, 140
Trd, 4318207.443, 140
Trd, 4318207.993, 97
Trd, 4318208.343, 134
Trd, 4318208.743, 60
Trd, 4318209.893, 140
Trd, 4318210.693, 127
Trd, 4318211.193, 127
Trd, 4318211.593, 126
Trd, 4318213.543, 67
Trd, 4318213.843, 62
Trd, 4318213.893, 70
Trd, 4318214.243, 63
Trd, 4318214.643, 60
Trd, 4318214.793, 139
Trd, 4318215.593, 140
Trd, 4318216.943, 60
Trd, 4318217.243, 60
Trd, 4318217.443, 63
Trd, 4318217.543, 64
Trd, 4318220.343, 60
Trd, 4318221.093, 60
Trd, 4318221.193, 60
Trd, 4318221.493, 62
Trd, 4318221.643, 64
Trd, 4318222.043, 96
Trd, 4318223.993, 60
Trd, 4318224.293, 60
Trd, 4318225.593, 64
Trd, 4318225.643, 65
Trd, 4318226.593, 139
Trd, 4318226.993, 67
Trd, 4318227.243, 60
Trd, 4318228.493, 60
Trd, 4318229.743, 63
Trd, 4318230.193, 68
Trd, 4318230.843, 60
Trd, 4318231.193, 65
Trd, 4318231.943, 73
Trd, 4318232.743, 130
Trd, 4318233.993, 140
Trd, 4318234.493, 140
Trd, 4318235.243, 140
Trd, 4318235.893, 140
Trd, 4318236.043, 135
Trd, 4318236.943, 140
Trd, 4318236.993, 140
Trd, 4318237.943, 115
Trd, 4318240.243, 140
Trd, 4318240.343, 140
Trd, 4318240.593, 140
Trd, 4318240.693, 139
Trd, 4318240.943, 137
Trd, 4318243.443, 140
Trd, 4318243.543, 140
Trd, 4318243.843, 140
Trd, 4318244.293, 139
Trd, 4318245.393, 136
Trd, 4318245.593, 138
Trd, 4318245.743, 137
Trd, 4318246.243, 123
Trd, 4318246.643, 64
Trd, 4318247.843, 140
Trd, 4318249.193, 140
Trd, 4318250.793, 140
Trd, 4318251.093, 140
Trd, 4318251.643, 138
Trd, 4318252.443, 140
Trd, 4318253.943, 140
Trd, 4318254.443, 140
Trd, 4318254.893, 140
Trd, 4318255.443, 140
Trd, 4318256.443, 140
Trd, 4318256.493, 140
Trd, 4318256.643, 139
Trd, 4318257.593, 140
Trd, 4318257.993, 139
Trd, 4318258.093, 102
Trd, 4318259.093, 76
Trd, 4318259.643, 140
Trd, 4318259.893, 140
Trd, 4318260.743, 140
Trd, 4318261.043, 139
Trd, 4318262.993, 140
Trd, 4318263.943, 140
Trd, 4318264.743, 140
Trd, 4318264.843, 139
Trd, 4318265.393, 139
Trd, 4318266.293, 139
Trd, 4318266.893, 140
Trd, 4318268.643, 140
Trd, 4318269.093, 140
Trd, 4318269.143, 116
Trd, 4318270.243, 117
Trd, 4318270.793, 140
Trd, 4318271.943, 140
Trd, 4318272.493, 138
Trd, 4318275.093, 140
Trd, 4318275.243, 140
Trd, 4318275.393, 140
Trd, 4318275.493, 140
Trd, 4318275.793, 140
Trd, 4318275.993, 139
Trd, 4318276.993, 140
Trd, 4318277.843, 140
Trd, 4318279.293, 140
Trd, 4318279.643, 140
Trd, 4318280.143, 140
Trd, 4318280.443, 139
Trd, 4318281.243, 139
Trd, 4318282.143, 140
Trd, 4318283.743, 140
Trd, 4318284.793, 140
Trd, 4318284.893, 140
Trd, 4318286.093, 139
Trd, 4318287.893, 140
Trd, 4318288.343, 140
Trd, 4318288.993, 140
Trd, 4318289.443, 140
Trd, 4318290.143, 140
Trd, 4318290.993, 140
Trd, 4318291.793, 140
Trd, 4318292.093, 140
Trd, 4318293.193, 124
Trd, 4318294.293, 140
Trd, 4318295.543, 140
Trd, 4318296.493, 140
Trd, 4318297.543, 140
Trd, 4318297.943, 140
Trd, 4318298.093, 140
Trd, 4318298.343, 139
Trd, 4318298.593, 140
Trd, 4318298.693, 139
Trd, 4318298.743, 139
Trd, 4318299.793, 123
Trd, 4318300.043, 87
Trd, 4318301.143, 140
Trd, 4318301.193, 140
Trd, 4318301.943, 140
Trd, 4318303.893, 139
Trd, 4318304.243, 139
Trd, 4318304.443, 139
Trd, 4318305.543, 135
Trd, 4318306.993, 140
Trd, 4318308.343, 140
Trd, 4318308.393, 140
Trd, 4318310.943, 140
Trd, 4318311.193, 140
Trd, 4318311.593, 140
Trd, 4318311.893, 140
Trd, 4318312.293, 140
Trd, 4318312.393, 140
Trd, 4318312.543, 140
Trd, 4318313.843, 139
Trd, 4318314.443, 139
Trd, 4318314.743, 134
Trd, 4318316.193, 131
Trd, 4318316.593, 91
Trd, 4318316.793, 136
Trd, 4318317.943, 140
Trd, 4318318.293, 140
Trd, 4318318.643, 140
Trd, 4318320.293, 140
Trd, 4318321.593, 140
Trd, 4318321.893, 140
Trd, 4318322.393, 140
Trd, 4318322.643, 140
Trd, 4318324.393, 140
Trd, 4318324.893, 140
Trd, 4318324.943, 140
Trd, 4318325.193, 140
Trd, 4318326.093, 140
Trd, 4318327.393, 140
Trd, 4318329.643, 140
Trd, 4318330.043, 140
Trd, 4318330.093, 140
Trd, 4318330.643, 140
Trd, 4318330.893, 138
Trd, 4318331.493, 140
Trd, 4318332.093, 64
Trd, 4318333.093, 140
Trd, 4318333.143, 139
Trd, 4318333.493, 66
Trd, 4318334.343, 138
Trd, 4318334.543, 140
Trd, 4318334.993, 139
Trd, 4318335.343, 140
Trd, 4318335.943, 139
Trd, 4318336.243, 140
Trd, 4318336.793, 140
Trd, 4318339.743, 140
Trd, 4318340.043, 140
Trd, 4318340.843, 140
Trd, 4318340.993, 140
Trd, 4318341.843, 140
Trd, 4318342.193, 139
Trd, 4318342.943, 140
Trd, 4318343.893, 140
Trd, 4318344.393, 140
Trd, 4318344.543, 139
Trd, 4318345.343, 139
Trd, 4318345.643, 140
Trd, 4318346.243, 140
Trd, 4318347.193, 140
Trd, 4318348.493, 138
Trd, 4318348.943, 128
Trd, 4318349.543, 61
Trd, 4318351.493, 140
Trd, 4318352.343, 140
Trd, 4318352.443, 140
Trd, 4318354.493, 140
Trd, 4318354.943, 140
Trd, 4318355.993, 140
Trd, 4318356.293, 140
Trd, 4318356.943, 140
Trd, 4318357.743, 139
Trd, 4318358.293, 139
Trd, 4318359.593, 140
Trd, 4318360.593, 140
Trd, 4318360.993, 60
Trd, 4318361.293, 71
Trd, 4318361.943, 60
Trd, 4318362.693, 60
Trd, 4318363.043, 60
Trd, 4318363.093, 66
Trd, 4318363.293, 131
Trd, 4318363.643, 73
Trd, 4318365.043, 63
Trd, 4318365.143, 108
Trd, 4318366.243, 140
Trd, 4318366.343, 137
Trd, 4318367.643, 62
Trd, 4318368.043, 140
Trd, 4318369.043, 140
Trd, 4318369.093, 140
Trd, 4318369.693, 139
Trd, 4318370.043, 140
Trd, 4318370.993, 139
Trd, 4318371.043, 139
Trd, 4318371.543, 140
Trd, 4318373.293, 140
Trd, 4318373.693, 140
Trd, 4318374.843, 140
Trd, 4318375.043, 140
Trd, 4318375.193, 140
Trd, 4318376.593, 140
Trd, 4318377.893, 140
Trd, 4318378.243, 140
Trd, 4318378.793, 140
Trd, 4318379.593, 138
Trd, 4318380.243, 140
Trd, 4318380.543, 140
Trd, 4318380.893, 138
Trd, 4318381.993, 140
Trd, 4318382.693, 140
Trd, 4318383.793, 139
Trd, 4318384.593, 140
Trd, 4318385.393, 140
Trd, 4318385.793, 140
Trd, 4318386.443, 139
Trd, 4318386.593, 138
Trd, 4318387.543, 120
Trd, 4318388.843, 120
Trd, 4318388.893, 94
Trd, 4318389.043, 140
Trd, 4318389.243, 137
Trd, 4318392.243, 140
Trd, 4318392.493, 140
Trd, 4318392.543, 139
Trd, 4318394.193, 140
Trd, 4318394.893, 140
Trd, 4318395.193, 139
Trd, 4318396.043, 140
Trd, 4318397.693, 140
Trd, 4318397.943, 140
Trd, 4318398.093, 138
Trd, 4318399.443, 140
Trd, 4318399.743, 139
Trd, 4318401.093, 140
Trd, 4318401.343, 140
Trd, 4318401.943, 140
Trd, 4318402.093, 140
Trd, 4318403.593, 140
Trd, 4318404.143, 140
Trd, 4318404.893, 140
Trd, 4318406.293, 140
Trd, 4318406.993, 140
Trd, 4318407.143, 140
Trd, 4318407.393, 66
Trd, 4318407.493, 140
Trd, 4318408.693, 137
Trd, 4318408.843, 136
Trd, 4318409.343, 63
Trd, 4318409.493, 65
Trd, 4318410.243, 140
Trd, 4318410.743, 140
Trd, 4318411.743, 123
Trd, 4318413.093, 140
Trd, 4318414.543, 140
Trd, 4318414.893, 139
Trd, 4318415.243, 140
Trd, 4318416.093, 140
Trd, 4318416.243, 139
Trd, 4318417.493, 140
Trd, 4318417.793, 140
Trd, 4318418.693, 140
Trd, 4318419.193, 140
Trd, 4318419.343, 140
Trd, 4318420.343, 140
Trd, 4318421.043, 140
Trd, 4318421.193, 139
Trd, 4318422.043, 103
Trd, 4318423.343, 139
Trd, 4318424.643, 139
Trd, 4318425.143, 140
Trd, 4318426.843, 139
Trd, 4318427.743, 138
Trd, 4318428.693, 140
Trd, 4318429.193, 139
Trd, 4318429.293, 139
Trd, 4318430.443, 140
Trd, 4318431.493, 140
Trd, 4318431.693, 140
Trd, 4318432.243, 139
Trd, 4318432.693, 138
Trd, 4318433.143, 136
Trd, 4318434.393, 140
Trd, 4318434.443, 140
Trd, 4318434.793, 138
Trd, 4318437.043, 140
Trd, 4318437.793, 140
Trd, 4318439.293, 140
Trd, 4318439.743, 140
Trd, 4318440.043, 140
Trd, 4318440.793, 140
Trd, 4318440.893, 140
Trd, 4318441.343, 140
Trd, 4318441.493, 140
Trd, 4318442.943, 139
Trd, 4318443.043, 136
Trd, 4318444.743, 140
Trd, 4318447.043, 140
Trd, 4318447.643, 140
Trd, 4318448.893, 140
Trd, 4318449.743, 140
Trd, 4318449.893, 138
Trd, 4318450.143, 138
Trd, 4318452.143, 140
Trd, 4318452.443, 140
Trd, 4318452.843, 140
Trd, 4318454.343, 140
Trd, 4318454.743, 140
Trd, 4318455.693, 140
Trd, 4318455.993, 139
Trd, 4318456.093, 139
Trd, 4318456.393, 140
Trd, 4318456.643, 140
Trd, 4318456.943, 96
Trd, 4318457.593, 140
Trd, 4318459.243, 61
Trd, 4318459.493, 62
Trd, 4318459.793, 60
Trd, 4318460.043, 60
Trd, 4318460.693, 95
Trd, 4318461.243, 96
Trd, 4318463.293, 60
Trd, 4318463.393, 60
Trd, 4318463.493, 67
Trd, 4318464.343, 60
Trd, 4318464.593, 66
Trd, 4318466.493, 68
Trd, 4318466.943, 72
Trd, 4318467.643, 60
Trd, 4318467.893, 61
Trd, 4318468.643, 61
Trd, 4318469.643, 66
Trd, 4318470.343, 63
Trd, 4318470.743, 64
Trd, 4318470.793, 61
Trd, 4318471.793, 60
Trd, 4318472.243, 82
Trd, 4318472.293, 93
Trd, 4318472.793, 75
Trd, 4318474.193, 140
Trd, 4318474.643, 139
Trd, 4318476.293, 140
Trd, 4318477.543, 140
Trd, 4318477.693, 140
Trd, 4318478.293, 140
Trd, 4318479.943, 140
Trd, 4318480.343, 140
Trd, 4318480.893, 140
Trd, 4318481.243, 140
Trd, 4318481.793, 139
Trd, 4318482.143, 140
Trd, 4318482.243, 139
Trd, 4318482.943, 135
Trd, 4318484.043, 140
Trd, 4318484.643, 139
Trd, 4318485.393, 139
Trd, 4318485.593, 138
Trd, 4318486.593, 140
Trd, 4318486.843, 140
Trd, 4318488.543, 140
Trd, 4318489.143, 140
Trd, 4318489.293, 140
Trd, 4318490.993, 140
Trd, 4318491.543, 140
Trd, 4318492.343, 140
Trd, 4318492.693, 140
Trd, 4318494.143, 140
Trd, 4318494.393, 140
Trd, 4318494.493, 140
Trd, 4318495.793, 140
Trd, 4318496.893, 140
Trd, 4318498.343, 140
Trd, 4318498.543, 140
Trd, 4318499.943, 140
Trd, 4318500.193, 140
Trd, 4318501.343, 140
Trd, 4318501.943, 140
Trd, 4318502.193, 139
Trd, 4318503.843, 140
Trd, 4318503.893, 140
Trd, 4318504.443, 140
Trd, 4318504.993, 140
Trd, 4318505.693, 140
Trd, 4318507.743, 140
Trd, 4318509.543, 140
Trd, 4318510.243, 140
Trd, 4318510.293, 140
Trd, 4318510.943, 140
Trd, 4318511.343, 140
Trd, 4318512.043, 139
Trd, 4318512.143, 138
Trd, 4318512.943, 140
Trd, 4318513.393, 140
Trd, 4318514.193, 139
Trd, 4318514.743, 124
Trd, 4318514.943, 109
Trd, 4318515.443, 102
Trd, 4318516.993, 140
Trd, 4318517.443, 138
Trd, 4318518.043, 140
Trd, 4318520.493, 140
Trd, 4318520.543, 140
Trd, 4318520.793, 140
Trd, 4318521.193, 67
Trd, 4318521.493, 129
Trd, 4318523.443, 140
Trd, 4318524.093, 140
Trd, 4318524.893, 140
Trd, 4318525.393, 140
Trd, 4318525.743, 140
Trd, 4318527.193, 140
Trd, 4318527.593, 140
Trd, 4318527.843, 138
Trd, 4318528.793, 139
Trd, 4318529.943, 140
Trd, 4318530.643, 140
Trd, 4318530.793, 125
Trd, 4318531.193, 127
Trd, 4318531.443, 108
Trd, 4318532.243, 140
Trd, 4318533.143, 63
Trd, 4318533.843, 63
Trd, 4318535.043, 60
Trd, 4318535.293, 60
Trd, 4318535.843, 60
Trd, 4318536.343, 60
Trd, 4318537.493, 139
Trd, 4318537.893, 138
Trd, 4318539.193, 138
Trd, 4318539.293, 137
Trd, 4318539.643, 140
Trd, 4318539.843, 129
Trd, 4318541.893, 140
Trd, 4318542.193, 140
Trd, 4318542.443, 139
Trd, 4318543.493, 140
Trd, 4318543.543, 140
Trd, 4318544.943, 140
Trd, 4318545.193, 140
Trd, 4318546.843, 139
Trd, 4318547.093, 138
Trd, 4318547.843, 140
Trd, 4318549.243, 140
Trd, 4318550.143, 140
Trd, 4318551.143, 140
Trd, 4318551.743, 139
Trd, 4318551.793, 139
Trd, 4318552.743, 140
Trd, 4318553.743, 140
Trd, 4318554.743, 140
Trd, 4318555.193, 140
Trd, 4318555.493, 140
Trd, 4318557.443, 140
Trd, 4318557.893, 140
Trd, 4318558.093, 140
Trd, 4318559.293, 140
Trd, 4318560.043, 140
Trd, 4318561.443, 140
Trd, 4318561.493, 140
Trd, 4318562.743, 140
Trd, 4318563.143, 140
Trd, 4318563.293, 140
Trd, 4318563.543, 139
Trd, 4318564.893, 139
Trd, 4318564.943, 138
Trd, 4318565.493, 134
Trd, 4318567.293, 140
Trd, 4318567.593, 140
Trd, 4318568.293, 136
Trd, 4318568.543, 106
Trd, 4318569.793, 140
Trd, 4318570.993, 140
Trd, 4318571.743, 140
Trd, 4318572.893, 140
Trd, 4318573.493, 140
Trd, 4318573.543, 140
Trd, 4318574.743, 140
Trd, 4318575.343, 139
Trd, 4318575.943, 139
Trd, 4318577.693, 140
Trd, 4318578.193, 139
Trd, 4318578.993, 139
Trd, 4318579.493, 140
Trd, 4318580.043, 140
Trd, 4318580.443, 140
Trd, 4318580.643, 139
Trd, 4318581.243, 139
Trd, 4318581.893, 140
Trd, 4318583.043, 138
Trd, 4318583.843, 137
Trd, 4318585.543, 131
Trd, 4318586.443, 140
Trd, 4318586.693, 140
Trd, 4318586.893, 128
Trd, 4318587.393, 139
Trd, 4318587.643, 140
Trd, 4318587.843, 138
Trd, 4318588.293, 136
Trd, 4318588.393, 83
Trd, 4318589.493, 139
Trd, 4318590.643, 140
Trd, 4318590.943, 140
Trd, 4318591.193, 140
Trd, 4318592.393, 140
Trd, 4318593.743, 140
Trd, 4318593.843, 140
Trd, 4318595.293, 140
Trd, 4318595.693, 140
Trd, 4318596.243, 140
Trd, 4318597.143, 140
Trd, 4318598.193, 140
Trd, 4318598.643, 140
Trd, 4318600.393, 140
Trd, 4318600.643, 140
Trd, 4318602.493, 140
Trd, 4318602.543, 140
Trd, 4318602.593, 139
Trd, 4318603.443, 140
Trd, 4318603.893, 140
Trd, 4318604.043, 140
Trd, 4318605.243, 140
Trd, 4318606.443, 140
Trd, 4318607.843, 140
Trd, 4318608.393, 140
Trd, 4318609.643, 140
Trd, 4318609.843, 140
Trd, 4318610.843, 140
Trd, 4318610.943, 135
Trd, 4318611.693, 95
Trd, 4318612.043, 140
Trd, 4318613.443, 140
Trd, 4318614.293, 140
Trd, 4318615.493, 140
Trd, 4318615.743, 140
Trd, 4318615.943, 139
Trd, 4318617.393, 140
Trd, 4318617.593, 140
Trd, 4318619.043, 140
Trd, 4318619.593, 139
Trd, 4318619.843, 137
Trd, 4318621.793, 140
Trd, 4318622.693, 140
Trd, 4318622.893, 140
Trd, 4318623.443, 140
Trd, 4318623.793, 140
Trd, 4318624.893, 140
Trd, 4318625.493, 140
Trd, 4318626.443, 140
Trd, 4318627.193, 140
Trd, 4318628.293, 140
Trd, 4318629.193, 140
Trd, 4318629.893, 140
Trd, 4318631.493, 140
Trd, 4318631.593, 140
Trd, 4318631.643, 140
Trd, 4318632.243, 140
Trd, 4318632.343, 139
Trd, 4318632.393, 75
Trd, 4318632.693, 61
Trd, 4318633.593, 61
Trd, 4318633.643, 62
Trd, 4318634.893, 62
Trd, 4318635.893, 113
Trd, 4318636.493, 140
Trd, 4318636.693, 65
Trd, 4318638.593, 140
Trd, 4318638.743, 140
Trd, 4318639.943, 140
Trd, 4318640.643, 140
Trd, 4318641.693, 63
Trd, 4318642.543, 89
Trd, 4318643.043, 92
Trd, 4318643.193, 140
Trd, 4318643.693, 140
Trd, 4318644.293, 137
Trd, 4318645.143, 139
Trd, 4318645.393, 103
Trd, 4318646.293, 71
Trd, 4318647.493, 126
Trd, 4318647.743, 110
Trd, 4318647.893, 134
Trd, 4318648.093, 140
Trd, 4318649.193, 140
Trd, 4318649.543, 109
Trd, 4318650.843, 77
Trd, 4318651.893, 95
Trd, 4318652.193, 117
Trd, 4318652.843, 71
Trd, 4318652.943, 98
Trd, 4318653.593, 125
Trd, 4318653.693, 68
Trd, 4318654.193, 63
Trd, 4318654.793, 140
Trd, 4318655.243, 140
Trd, 4318655.793, 139
Trd, 4318656.543, 139
Trd, 4318657.543, 140
Trd, 4318657.993, 138
Trd, 4318658.893, 140
Trd, 4318659.143, 137
Trd, 4318660.093, 140
Trd, 4318660.443, 140
Trd, 4318660.593, 138
Trd, 4318660.693, 64
Trd, 4318662.543, 140
Trd, 4318662.793, 140
Trd, 4318663.093, 137
Trd, 4318663.643, 135
Trd, 4318664.243, 131
Trd, 4318666.243, 60
Trd, 4318666.943, 62
Trd, 4318667.443, 60
Trd, 4318668.043, 60
Trd, 4318668.243, 60
Trd, 4318668.393, 112
Trd, 4318669.243, 62
Trd, 4318670.143, 60
Trd, 4318671.443, 140
Trd, 4318673.143, 140
Trd, 4318673.693, 140
Trd, 4318673.893, 139
Trd, 4318674.643, 140
Trd, 4318675.143, 140
Trd, 4318675.243, 111
Trd, 4318676.343, 140
Trd, 4318677.243, 140
Trd, 4318677.293, 140
Trd, 4318679.643, 140
Trd, 4318680.193, 140
Trd, 4318680.593, 140
Trd, 4318681.443, 140
Trd, 4318681.693, 139
Trd, 4318682.443, 139
Trd, 4318684.243, 140
Trd, 4318684.693, 140
Trd, 4318684.793, 140
Trd, 4318685.593, 140
Trd, 4318685.643, 140
Trd, 4318686.243, 140
Trd, 4318687.043, 140
Trd, 4318687.693, 140
Trd, 4318688.443, 140
Trd, 4318691.143, 140
Trd, 4318691.193, 140
Trd, 4318691.743, 140
Trd, 4318692.793, 139
Trd, 4318693.093, 138
Trd, 4318694.243, 140
Trd, 4318695.593, 140
Trd, 4318696.543, 140
Trd, 4318697.493, 140
Trd, 4318698.093, 140
Trd, 4318698.393, 140
Trd, 4318698.593, 140
Trd, 4318698.743, 139
Trd, 4318699.543, 136
Trd, 4318699.893, 140
Trd, 4318700.643, 140
Trd, 4318702.293, 140
Trd, 4318703.593, 140
Trd, 4318703.643, 135
Trd, 4318704.793, 140
Trd, 4318705.143, 140
Trd, 4318706.593, 126
Trd, 4318707.543, 140
Trd, 4318707.943, 140
Trd, 4318708.493, 140
Trd, 4318708.843, 140
Trd, 4318709.693, 138
Trd, 4318709.743, 139
Trd, 4318710.243, 139
Trd, 4318711.243, 113
Trd, 4318711.593, 140
Trd, 4318713.943, 60
Trd, 4318714.093, 63
Trd, 4318714.443, 65
Trd, 4318715.543, 60
Trd, 4318715.743, 61
Trd, 4318715.993, 63
Trd, 4318716.393, 74
Trd, 4318717.393, 61
Trd, 4318718.743, 60
Trd, 4318719.193, 61
Trd, 4318719.393, 61
Trd, 4318719.843, 60
Trd, 4318720.693, 128
Trd, 4318720.793, 125
Trd, 4318721.593, 113
Trd, 4318722.093, 136
Trd, 4318723.343, 60
Trd, 4318724.443, 60
Trd, 4318725.643, 60
Trd, 4318725.793, 64
Trd, 4318726.943, 64
Trd, 4318728.843, 60
Trd, 4318729.093, 60
Trd, 4318729.593, 60
Trd, 4318729.743, 61
Trd, 4318730.393, 60
Trd, 4318730.643, 62
Trd, 4318730.793, 121
Trd, 4318731.043, 137
Trd, 4318732.443, 140
Trd, 4318733.093, 140
Trd, 4318733.193, 140
Trd, 4318733.793, 60
Trd, 4318733.943, 100
Trd, 4318734.943, 101
Trd, 4318735.943, 138
Trd, 4318736.643, 113
Trd, 4318738.393, 140
Trd, 4318738.543, 137
Trd, 4318739.343, 140
Trd, 4318741.193, 140
Trd, 4318741.793, 140
Trd, 4318742.043, 139
Trd, 4318742.593, 127
Trd, 4318743.493, 139
Trd, 4318744.293, 137
Trd, 4318744.343, 138
Trd, 4318744.993, 140
Trd, 4318746.343, 140
Trd, 4318746.993, 140
Trd, 4318747.343, 140
Trd, 4318748.093, 140
Trd, 4318748.643, 139
Trd, 4318748.743, 115
Trd, 4318748.893, 77
Trd, 4318749.793, 138
Trd, 4318750.243, 99
Trd, 4318750.793, 140
Trd, 4318751.293, 140
Trd, 4318753.293, 140
Trd, 4318754.393, 140
Trd, 4318754.893, 140
Trd, 4318755.093, 139
Trd, 4318755.193, 139
Trd, 4318755.643, 139
Trd, 4318756.143, 140
Trd, 4318756.393, 140
Trd, 4318758.093, 140
Trd, 4318758.343, 140
Trd, 4318758.793, 140
Trd, 4318758.893, 138
Trd, 4318759.193, 112
Trd, 4318760.693, 140
Trd, 4318761.143, 140
Trd, 4318761.543, 140
Trd, 4318762.493, 140
Trd, 4318763.743, 140
Trd, 4318764.743, 140
Trd, 4318766.293, 140
Trd, 4318766.393, 140
Trd, 4318766.593, 140
Trd, 4318767.793, 140
Trd, 4318767.893, 139
Trd, 4318767.943, 139
Trd, 4318768.443, 139
Trd, 4318768.643, 140
Trd, 4318769.293, 140
Trd, 4318771.343, 140
Trd, 4318771.843, 140
Trd, 4318774.493, 140
Trd, 4318774.593, 140
Trd, 4318774.743, 140
Trd, 4318774.843, 140
Trd, 4318775.193, 138
Trd, 4318775.643, 62
Trd, 4318777.093, 61
Trd, 4318777.443, 121
Trd, 4318778.193, 140
Trd, 4318779.793, 60
Trd, 4318779.893, 60
Trd, 4318780.693, 140
Trd, 4318781.343, 69
Trd, 4318781.393, 140
Trd, 4318782.293, 69
Trd, 4318783.243, 64
Trd, 4318784.243, 69
Trd, 4318784.493, 65
Trd, 4318785.843, 140
Trd, 4318786.893, 140
Trd, 4318787.193, 140
Trd, 4318788.193, 140
Trd, 4318788.543, 140
Trd, 4318788.843, 139
Trd, 4318789.493, 140
Trd, 4318789.993, 140
Trd, 4318791.593, 140
Trd, 4318792.443, 140
Trd, 4318792.993, 140
Trd, 4318793.393, 140
Trd, 4318793.643, 140
Trd, 4318793.743, 125
Trd, 4318794.793, 140
Trd, 4318795.943, 140
Trd, 4318796.493, 139
Trd, 4318796.643, 139
Trd, 4318798.193, 140
Trd, 4318799.593, 140
Trd, 4318800.393, 140
Trd, 4318800.893, 140
Trd, 4318800.943, 139
Trd, 4318802.043, 139
Trd, 4318802.543, 138
Trd, 4318803.043, 140
Trd, 4318803.993, 140
Trd, 4318805.893, 140
Trd, 4318806.443, 140
Trd, 4318806.543, 139
Trd, 4318806.693, 140
Trd, 4318806.793, 138
Trd, 4318807.443, 109
Trd, 4318807.593, 90
Trd, 4318807.793, 138
Trd, 4318809.043, 66
Trd, 4318809.593, 140
Trd, 4318809.643, 133
Trd, 4318810.693, 138
Trd, 4318811.643, 65
Trd, 4318813.193, 140
Trd, 4318813.593, 140
Trd, 4318814.093, 140
Trd, 4318814.443, 140
Trd, 4318814.643, 140
Trd, 4318816.093, 140
Trd, 4318816.143, 140
Trd, 4318816.643, 140
Trd, 4318818.043, 140
Trd, 4318819.643, 140
Trd, 4318820.193, 139
Trd, 4318822.143, 140
Trd, 4318822.343, 140
Trd, 4318823.743, 140
Trd, 4318824.143, 140
Trd, 4318825.243, 140
Trd, 4318826.193, 140
Trd, 4318826.493, 138
Trd, 4318826.743, 137
Trd, 4318827.493, 140
Trd, 4318828.493, 140
Trd, 4318829.043, 140
Trd, 4318829.143, 110
Trd, 4318829.643, 140
Trd, 4318830.193, 87
Trd, 4318830.693, 140
Trd, 4318831.343, 61
Trd, 4318831.393, 62
Trd, 4318831.693, 140
Trd, 4318831.893, 94
Trd, 4318832.893, 87
Trd, 4318834.043, 134
Trd, 4318834.643, 140
Trd, 4318835.693, 140
Trd, 4318836.393, 137
Trd, 4318837.243, 140
Trd, 4318837.843, 140
Trd, 4318838.393, 140
Trd, 4318838.543, 100
Trd, 4318839.693, 140
Trd, 4318839.843, 139
Trd, 4318840.543, 140
Trd, 4318842.293, 140
Trd, 4318842.993, 140
Trd, 4318843.343, 140
Trd, 4318843.643, 139
Trd, 4318845.543, 140
Trd, 4318845.743, 140
Trd, 4318845.893, 140
Trd, 4318846.393, 139
Trd, 4318847.743, 139
Trd, 4318847.993, 137
Trd, 4318849.943, 140
Trd, 4318850.093, 139
Trd, 4318851.093, 140
Trd, 4318851.593, 140
Trd, 4318851.993, 140
Trd, 4318853.543, 137
Trd, 4318853.743, 118
Trd, 4318853.793, 96
Trd, 4318855.943, 60
Trd, 4318856.543, 60
Trd, 4318856.693, 60
Trd, 4318857.343, 133
Trd, 4318857.593, 92
Trd, 4318857.643, 91
Trd, 4318858.893, 139
Trd, 4318859.193, 74
Trd, 4318860.643, 140
Trd, 4318861.243, 140
Trd, 4318862.093, 140
Trd, 4318862.443, 139
Trd, 4318863.043, 140
Trd, 4318863.193, 138
Trd, 4318864.393, 140
Trd, 4318865.793, 140
Trd, 4318865.993, 140
Trd, 4318866.243, 140
Trd, 4318867.743, 140
Trd, 4318868.343, 123
Trd, 4318868.443, 122
Trd, 4318869.943, 140
Trd, 4318869.993, 140
Trd, 4318870.343, 140
Trd, 4318870.743, 137
Trd, 4318873.043, 140
Trd, 4318873.643, 140
Trd, 4318873.893, 140
Trd, 4318873.943, 137
Trd, 4318877.093, 140
Trd, 4318877.143, 140
Trd, 4318877.393, 140
Trd, 4318878.193, 140
Trd, 4318878.243, 140
Trd, 4318878.943, 140
Trd, 4318879.793, 140
Trd, 4318880.043, 140
Trd, 4318881.043, 140
Trd, 4318881.843, 140
Trd, 4318882.493, 140
Trd, 4318882.893, 140
Trd, 4318883.793, 140
Trd, 4318883.843, 138
Trd, 4318884.443, 137
Trd, 4318886.593, 140
Trd, 4318887.743, 140
Trd, 4318889.043, 140
Trd, 4318889.543, 140
Trd, 4318890.143, 138
Trd, 4318891.143, 140
Trd, 4318891.293, 139
Trd, 4318891.693, 139
Trd, 4318892.543, 138
Trd, 4318894.043, 63
Trd, 4318894.193, 61
Trd, 4318894.543, 140
Trd, 4318894.843, 140
Trd, 4318895.893, 63
Trd, 4318896.493, 60
Trd, 4318896.643, 77
Trd, 4318897.943, 138
Trd, 4318898.343, 140
Trd, 4318898.943, 137
Trd, 4318899.393, 140
Trd, 4318899.793, 139
Trd, 4318899.893, 139
Trd, 4318902.043, 140
Trd, 4318902.543, 140
Trd, 4318903.393, 140
Trd, 4318904.293, 139
Trd, 4318904.793, 140
Trd, 4318904.843, 140
Trd, 4318906.243, 139
Trd, 4318907.843, 140
Trd, 4318908.643, 140
Trd, 4318910.393, 140
Trd, 4318910.693, 139
Trd, 4318910.743, 139
Trd, 4318911.043, 140
Trd, 4318912.243, 140
Trd, 4318913.193, 140
Trd, 4318914.493, 140
Trd, 4318915.093, 140
Trd, 4318915.243, 140
Trd, 4318915.443, 140
Trd, 4318915.993, 140
Trd, 4318916.243, 110
Trd, 4318917.843, 140
Trd, 4318918.393, 140
Trd, 4318919.093, 140
Trd, 4318919.343, 139
Trd, 4318919.693, 140
Trd, 4318921.443, 140
Trd, 4318921.743, 140
Trd, 4318922.193, 139
Trd, 4318922.493, 134
Trd, 4318922.543, 92
Trd, 4318923.343, 140
Trd, 4318925.143, 140
Trd, 4318926.693, 140
Trd, 4318927.093, 140
Trd, 4318927.443, 137
Trd, 4318927.943, 138
Trd, 4318928.443, 140
Trd, 4318929.293, 140
Trd, 4318929.643, 120
Trd, 4318929.743, 76
Trd, 4318930.243, 140
Trd, 4318931.943, 139
Trd, 4318933.293, 140
Trd, 4318935.343, 140
Trd, 4318935.593, 140
Trd, 4318935.743, 140
Trd, 4318936.093, 140
Trd, 4318938.643, 140
Trd, 4318939.593, 140
Trd, 4318939.743, 140
Trd, 4318940.343, 140
Trd, 4318941.093, 140
Trd, 4318941.693, 138
Trd, 4318941.943, 138
Trd, 4318941.993, 111
Trd, 4318942.443, 139
Trd, 4318943.443, 140
Trd, 4318943.793, 140
Trd, 4318946.543, 140
Trd, 4318946.643, 140
Trd, 4318947.893, 140
Trd, 4318949.093, 140
Trd, 4318949.793, 140
Trd, 4318949.943, 140
Trd, 4318950.343, 140
Trd, 4318950.843, 140
Trd, 4318951.543, 140
Trd, 4318952.243, 139
Trd, 4318953.393, 140
Trd, 4318953.743, 140
Trd, 4318954.643, 140
Trd, 4318955.243, 140
Trd, 4318955.443, 140
Trd, 4318957.343, 140
Trd, 4318957.543, 140
Trd, 4318958.193, 140
Trd, 4318958.793, 139
Trd, 4318959.443, 140
Trd, 4318960.543, 140
Trd, 4318960.893, 140
Trd, 4318962.093, 140
Trd, 4318963.693, 140
Trd, 4318963.843, 140
Trd, 4318964.543, 140
Trd, 4318964.743, 139
Trd, 4318965.543, 140
Trd, 4318966.843, 140
Trd, 4318966.943, 140
Trd, 4318968.343, 140
Trd, 4318969.143, 140
Trd, 4318969.593, 140
Trd, 4318970.593, 140
Trd, 4318970.843, 139
Trd, 4318972.393, 140
Trd, 4318973.193, 140
Trd, 4318973.843, 140
Trd, 4318974.193, 140
Trd, 4318975.043, 140
Trd, 4318975.293, 140
Trd, 4318975.593, 140
Trd, 4318975.893, 140
Trd, 4318977.093, 140
Trd, 4318977.843, 140
Trd, 4318979.393, 140
Trd, 4318980.043, 140
Trd, 4318980.593, 140
Trd, 4318980.643, 139
Trd, 4318980.793, 104
Trd, 4318982.443, 60
Trd, 4318983.143, 61
Trd, 4318984.193, 60
Trd, 4318984.243, 62
Trd, 4318984.593, 101
Trd, 4318986.043, 61
Trd, 4318986.343, 64
Trd, 4318987.093, 60
Trd, 4318987.343, 61
Trd, 4318987.443, 62
Trd, 4318988.843, 140
Trd, 4318989.643, 139
Trd, 4318990.043, 137
Trd, 4318990.243, 140
Trd, 4318990.293, 113
Trd, 4318991.643, 132
Trd, 4318991.993, 139
Trd, 4318992.993, 139
Trd, 4318993.543, 120
Trd, 4318993.993, 77
Trd, 4318994.293, 139
Trd, 4318995.943, 72
Trd, 4318998.693, 140
Trd, 4318999.393, 140
Trd, 4319000.493, 140
Trd, 4319000.593, 140
Trd, 4319001.143, 140
Trd, 4319002.643, 140
Trd, 4319002.843, 140
Trd, 4319003.143, 139
Trd, 4319003.993, 140
Trd, 4319004.993, 140
Trd, 4319005.043, 139
Trd, 4319005.893, 135
Trd, 4319006.743, 139
Trd, 4319007.393, 139
Trd, 4319007.543, 139
Trd, 4319007.743, 138
Trd, 4319010.343, 140
Trd, 4319010.843, 140
Trd, 4319011.543, 140
Trd, 4319011.743, 140
Trd, 4319012.143, 140
Trd, 4319013.893, 140
Trd, 4319013.943, 140
Trd, 4319014.293, 140
Trd, 4319015.393, 140
Trd, 4319016.793, 140
Trd, 4319017.143, 140
Trd, 4319018.243, 140
Trd, 4319018.393, 133
Trd, 4319018.943, 62
Trd, 4319019.643, 60
Trd, 4319020.093, 60
Trd, 4319020.193, 61
Trd, 4319020.693, 61
Trd, 4319022.043, 140
Trd, 4319023.093, 139
Trd, 4319023.843, 140
Trd, 4319023.943, 140
Trd, 4319024.343, 138
Trd, 4319025.043, 137
Trd, 4319026.243, 140
Trd, 4319026.443, 140
Trd, 4319028.293, 140
Trd, 4319028.543, 140
Trd, 4319029.143, 140
Trd, 4319029.443, 140
Trd, 4319030.243, 140
Trd, 4319030.693, 139
Trd, 4319032.093, 140
Trd, 4319033.943, 62
Trd, 4319034.093, 63
Trd, 4319034.143, 67
Trd, 4319035.493, 60
Trd, 4319035.793, 61
Trd, 4319035.843, 61
Trd, 4319036.643, 67
Trd, 4319037.193, 61
Trd, 4319037.943, 140
Trd, 4319039.343, 140
Trd, 4319040.493, 140
Trd, 4319040.993, 140
Trd, 4319041.693, 140
Trd, 4319043.693, 140
Trd, 4319044.193, 140
Trd, 4319044.793, 140
Trd, 4319045.743, 140
Trd, 4319046.693, 140
Trd, 4319046.893, 139
Trd, 4319048.393, 140
Trd, 4319049.643, 140
Trd, 4319049.993, 138
Trd, 4319050.193, 140
Trd, 4319050.793, 140
Trd, 4319051.893, 140
Trd, 4319052.593, 140
Trd, 4319052.893, 140
Trd, 4319053.743, 140
Trd, 4319054.393, 140
Trd, 4319055.493, 140
Trd, 4319055.993, 140
Trd, 4319057.293, 140
Trd, 4319057.593, 140
Trd, 4319057.843, 140
Trd, 4319059.193, 140
Trd, 4319059.893, 140
Trd, 4319059.943, 140
Trd, 4319060.443, 140
Trd, 4319060.693, 139
Trd, 4319061.193, 140
Trd, 4319061.243, 115
Trd, 4319062.943, 60
Trd, 4319063.193, 60
Trd, 4319063.743, 60
Trd, 4319063.893, 69
Trd, 4319064.943, 140
Trd, 4319065.393, 139
Trd, 4319065.743, 139
Trd, 4319066.393, 140
Trd, 4319067.193, 140
Trd, 4319067.843, 140
Trd, 4319068.043, 140
Trd, 4319069.143, 137
Trd, 4319069.643, 140
Trd, 4319070.343, 140
Trd, 4319070.493, 91
Trd, 4319070.893, 93
Trd, 4319071.743, 140
Trd, 4319073.193, 140
Trd, 4319073.343, 138
Trd, 4319073.593, 138
Trd, 4319074.143, 140
Trd, 4319074.393, 140
Trd, 4319075.193, 140
Trd, 4319075.343, 140
Trd, 4319076.193, 140
Trd, 4319077.343, 139
Trd, 4319078.943, 140
Trd, 4319079.293, 140
Trd, 4319080.093, 140
Trd, 4319080.593, 139
Trd, 4319081.943, 140
Trd, 4319082.693, 140
Trd, 4319084.293, 140
Trd, 4319084.343, 140
Trd, 4319084.593, 140
Trd, 4319084.943, 139
Trd, 4319087.243, 140
Trd, 4319087.493, 140
Trd, 4319087.543, 139
Trd, 4319087.993, 140
Trd, 4319088.543, 140
Trd, 4319088.643, 140
Trd, 4319089.593, 140
Trd, 4319089.643, 139
Trd, 4319090.093, 140
Trd, 4319090.693, 99
Trd, 4319091.143, 94
Trd, 4319091.443, 65
Trd, 4319092.543, 140
Trd, 4319092.943, 138
Trd, 4319093.843, 103
Trd, 4319095.093, 140
Trd, 4319095.143, 140
Trd, 4319095.193, 140
Trd, 4319097.343, 140
Trd, 4319098.543, 138
Trd, 4319098.693, 138
Trd, 4319098.943, 138
Trd, 4319099.443, 137
Trd, 4319100.293, 132
Trd, 4319100.793, 140
Trd, 4319101.093, 61
Trd, 4319101.793, 60
Trd, 4319102.593, 62
Trd, 4319102.843, 61
Trd, 4319103.093, 92
Trd, 4319103.543, 139
Trd, 4319104.493, 60
Trd, 4319106.043, 140
Trd, 4319106.143, 140
Trd, 4319107.293, 140
Trd, 4319107.543, 140
Trd, 4319108.443, 139
Trd, 4319109.843, 140
Trd, 4319111.493, 140
Trd, 4319111.593, 140
Trd, 4319111.643, 140
Trd, 4319111.993, 140
Trd, 4319112.543, 140
Trd, 4319112.993, 140
Trd, 4319115.843, 140
Trd, 4319115.993, 140
Trd, 4319116.043, 139
Trd, 4319117.443, 140
Trd, 4319117.893, 140
Trd, 4319119.043, 140
Trd, 4319119.193, 139
Trd, 4319119.693, 140
Trd, 4319120.143, 140
Trd, 4319120.743, 116
Trd, 4319122.343, 140
Trd, 4319123.493, 140
Trd, 4319125.143, 140
Trd, 4319125.293, 140
Trd, 4319125.493, 140
Trd, 4319126.243, 140
Trd, 4319129.143, 140
Trd, 4319129.743, 140
Trd, 4319129.893, 139
Trd, 4319129.993, 137
Trd, 4319131.243, 140
Trd, 4319131.443, 140
Trd, 4319131.743, 122
Trd, 4319133.543, 140
Trd, 4319134.293, 140
Trd, 4319135.193, 140
Trd, 4319135.543, 140
Trd, 4319136.643, 140
Trd, 4319136.993, 140
Trd, 4319138.643, 140
Trd, 4319138.743, 140
Trd, 4319139.443, 140
Trd, 4319140.593, 140
Trd, 4319140.843, 140
Trd, 4319141.793, 140
Trd, 4319142.293, 140
Trd, 4319142.393, 140
Trd, 4319143.393, 140
Trd, 4319143.843, 139
Trd, 4319143.893, 133
Trd, 4319144.743, 75
Trd, 4319145.093, 138
Trd, 4319145.943, 138
Trd, 4319146.193, 140
Trd, 4319146.793, 140
Trd, 4319147.993, 139
Trd, 4319148.343, 139
Trd, 4319149.143, 138
Trd, 4319150.243, 139
Trd, 4319150.643, 140
Trd, 4319151.443, 140
Trd, 4319151.793, 138
Trd, 4319152.793, 131
Trd, 4319152.843, 75
Trd, 4319153.893, 75
Trd, 4319154.493, 67
Trd, 4319154.893, 60
Trd, 4319155.943, 74
Trd, 4319157.893, 140
Trd, 4319158.043, 136
Trd, 4319158.943, 95
Trd, 4319160.043, 132
Trd, 4319160.243, 131
Trd, 4319160.343, 137
Trd, 4319160.843, 130
Trd, 4319160.993, 135
Trd, 4319161.343, 140
Trd, 4319161.643, 138
Trd, 4319162.993, 117
Trd, 4319164.443, 140
Trd, 4319164.893, 140
Trd, 4319165.693, 140
Trd, 4319166.043, 99
Trd, 4319167.343, 140
Trd, 4319168.343, 140
Trd, 4319168.893, 138
Trd, 4319169.693, 140
Trd, 4319170.993, 140
Trd, 4319171.693, 140
Trd, 4319171.793, 140
Trd, 4319173.193, 139
Trd, 4319174.493, 140
Trd, 4319174.643, 140
Trd, 4319175.643, 140
Trd, 4319175.793, 140
Trd, 4319176.493, 140
Trd, 4319176.543, 139
Trd, 4319176.893, 140
Trd, 4319178.043, 139
Trd, 4319178.343, 138
Trd, 4319179.343, 69
Trd, 4319179.393, 97
Trd, 4319179.543, 140
Trd, 4319181.843, 140
Trd, 4319182.243, 140
Trd, 4319182.343, 139
Trd, 4319184.393, 140
Trd, 4319184.793, 139
Trd, 4319184.843, 137
Trd, 4319184.993, 136
Trd, 4319185.343, 134
Trd, 4319187.093, 140
Trd, 4319187.643, 140
Trd, 4319187.693, 139
Trd, 4319188.543, 136
Trd, 4319189.493, 140
Trd, 4319189.943, 139
Trd, 4319190.793, 137
Trd, 4319192.693, 95
Trd, 4319193.143, 140
Trd, 4319193.393, 139
Trd, 4319194.693, 140
Trd, 4319194.793, 140
Trd, 4319195.543, 139
Trd, 4319195.693, 140
Trd, 4319195.893, 138
Trd, 4319196.493, 138
Trd, 4319198.293, 140
Trd, 4319199.393, 140
Trd, 4319199.443, 139
Trd, 4319200.693, 140
Trd, 4319201.143, 139
Trd, 4319202.743, 140
Trd, 4319203.043, 140
Trd, 4319203.443, 140
Trd, 4319203.593, 140
Trd, 4319206.393, 140
Trd, 4319206.443, 140
Trd, 4319207.093, 140
Trd, 4319207.593, 140
Trd, 4319207.843, 140
Trd, 4319208.093, 139
Trd, 4319208.443, 136
Trd, 4319208.843, 140
Trd, 4319209.243, 139
Trd, 4319210.943, 109
Trd, 4319210.993, 137
Trd, 4319211.193, 138
Trd, 4319211.243, 106
Trd, 4319212.243, 140
Trd, 4319213.143, 140
Trd, 4319213.993, 137
Trd, 4319215.543, 140
Trd, 4319215.793, 140
Trd, 4319216.443, 138
Trd, 4319218.543, 140
Trd, 4319219.243, 140
Trd, 4319219.393, 140
Trd, 4319220.293, 140
Trd, 4319221.043, 140
Trd, 4319221.193, 140
Trd, 4319222.993, 139
Trd, 4319223.243, 139
Trd, 4319224.243, 140
Trd, 4319224.743, 140
Trd, 4319224.843, 139
Trd, 4319224.993, 138
Trd, 4319225.293, 108
Trd, 4319226.293, 139
Trd, 4319227.193, 127
Trd, 4319227.393, 121
Trd, 4319227.943, 140
Trd, 4319229.193, 140
Trd, 4319229.943, 140
Trd, 4319230.543, 140
Trd, 4319231.993, 140
Trd, 4319232.493, 140
Trd, 4319233.593, 140
Trd, 4319233.643, 139
Trd, 4319234.043, 118
Trd, 4319234.143, 116
Trd, 4319234.693, 65
Trd, 4319236.293, 140
Trd, 4319236.393, 140
Trd, 4319237.243, 139
Trd, 4319237.443, 131
Trd, 4319237.793, 65
Trd, 4319239.193, 138
Trd, 4319239.393, 128
Trd, 4319240.343, 138
Trd, 4319242.393, 140
Trd, 4319243.743, 140
Trd, 4319244.093, 140
Trd, 4319244.143, 140
Trd, 4319245.993, 140
Trd, 4319246.243, 140
Trd, 4319247.293, 140
Trd, 4319247.743, 140
Trd, 4319247.843, 138
Trd, 4319247.993, 136
Trd, 4319249.693, 140
Trd, 4319250.093, 140
Trd, 4319251.543, 140
Trd, 4319251.843, 140
Trd, 4319252.093, 140
Trd, 4319253.093, 140
Trd, 4319253.143, 140
Trd, 4319254.093, 140
Trd, 4319255.143, 140
Trd, 4319255.193, 140
Trd, 4319257.393, 140
Trd, 4319258.093, 140
Trd, 4319259.343, 140
Trd, 4319260.443, 140
Trd, 4319260.643, 140
Trd, 4319261.293, 140
Trd, 4319261.693, 140
Trd, 4319261.743, 139
Trd, 4319262.143, 78
Trd, 4319263.393, 65
Trd, 4319263.593, 119
Trd, 4319263.743, 120
Trd, 4319264.993, 139
Trd, 4319265.043, 139
Trd, 4319266.493, 140
Trd, 4319266.543, 138
Trd, 4319267.343, 140
Trd, 4319268.393, 140
Trd, 4319270.193, 140
Trd, 4319271.143, 140
Trd, 4319271.393, 140
Trd, 4319271.493, 140
Trd, 4319273.043, 140
Trd, 4319273.943, 140
Trd, 4319273.993, 140
Trd, 4319274.693, 140
Trd, 4319275.243, 140
Trd, 4319275.593, 140
Trd, 4319276.693, 140
Trd, 4319277.893, 78
Trd, 4319277.943, 82
Trd, 4319278.393, 139
Trd, 4319279.743, 140
Trd, 4319280.193, 140
Trd, 4319280.393, 139
Trd, 4319280.993, 81
Trd, 4319281.293, 60
Trd, 4319281.993, 62
Trd, 4319282.493, 118
Trd, 4319282.943, 73
Trd, 4319283.093, 76
Trd, 4319283.693, 60
Trd, 4319285.093, 63
Trd, 4319285.343, 135
Trd, 4319286.493, 91
Trd, 4319288.093, 140
Trd, 4319288.593, 139
Trd, 4319289.993, 140
Trd, 4319290.043, 140
Trd, 4319290.443, 80
Trd, 4319290.793, 67
Trd, 4319291.743, 138
Trd, 4319292.593, 125
Trd, 4319293.393, 139
Trd, 4319293.543, 138
Trd, 4319294.043, 139
Trd, 4319295.393, 139
Trd, 4319296.743, 140
Trd, 4319297.243, 140
Trd, 4319298.193, 140
Trd, 4319298.293, 137
Trd, 4319299.243, 135
Trd, 4319299.343, 67
Trd, 4319301.743, 139
Trd, 4319301.843, 138
Trd, 4319302.143, 135
Trd, 4319302.843, 140
Trd, 4319304.293, 140
Trd, 4319304.543, 140
Trd, 4319306.143, 140
Trd, 4319308.393, 140
Trd, 4319308.693, 140
Trd, 4319308.743, 139
Trd, 4319308.893, 139
Trd, 4319309.543, 140
Trd, 4319310.443, 140
Trd, 4319311.243, 140
Trd, 4319311.743, 140
Trd, 4319312.043, 140
Trd, 4319312.743, 139
Trd, 4319313.543, 140
Trd, 4319314.293, 140
Trd, 4319314.643, 140
Trd, 4319315.793, 140
Trd, 4319316.443, 140
Trd, 4319317.043, 140
Trd, 4319317.493, 86
Trd, 4319319.143, 140
Trd, 4319319.493, 140
Trd, 4319321.043, 140
Trd, 4319321.243, 140
Trd, 4319321.443, 140
Trd, 4319322.493, 138
Trd, 4319323.593, 140
Trd, 4319323.993, 140
Trd, 4319324.643, 140
Trd, 4319325.043, 140
Trd, 4319325.343, 140
Trd, 4319325.743, 140
Trd, 4319326.243, 135
Trd, 4319327.693, 140
Trd, 4319329.493, 140
Trd, 4319330.193, 140
Trd, 4319331.093, 140
Trd, 4319331.243, 139
Trd, 4319332.393, 140
Trd, 4319332.443, 140
Trd, 4319332.893, 140
Trd, 4319333.043, 140
Trd, 4319333.543, 139
Trd, 4319334.343, 139
Trd, 4319335.443, 140
Trd, 4319336.043, 140
Trd, 4319338.493, 140
Trd, 4319338.943, 140
Trd, 4319340.143, 140
Trd, 4319340.893, 140
Trd, 4319341.443, 139
Trd, 4319341.793, 140
Trd, 4319342.893, 140
Trd, 4319343.443, 140
Trd, 4319344.343, 140
Trd, 4319344.493, 140
Trd, 4319345.543, 140
Trd, 4319347.393, 140
Trd, 4319347.593, 140
Trd, 4319348.293, 140
Trd, 4319348.343, 140
Trd, 4319349.243, 140
Trd, 4319350.093, 140
Trd, 4319350.293, 140
Trd, 4319351.093, 140
Trd, 4319351.643, 138
Trd, 4319352.943, 140
Trd, 4319352.993, 140
Trd, 4319354.593, 140
Trd, 4319355.893, 140
Trd, 4319356.143, 140
Trd, 4319356.493, 140
Trd, 4319356.593, 140
Trd, 4319357.893, 140
Trd, 4319358.193, 140
Trd, 4319359.543, 140
Trd, 4319360.593, 140
Trd, 4319361.443, 140
Trd, 4319361.843, 140
Trd, 4319362.193, 140
Trd, 4319362.293, 139
Trd, 4319363.093, 140
Trd, 4319364.643, 140
Trd, 4319365.443, 140
Trd, 4319365.843, 140
Trd, 4319366.393, 71
Trd, 4319367.293, 90
Trd, 4319367.793, 140
Trd, 4319368.443, 140
Trd, 4319369.093, 140
Trd, 4319369.593, 138
Trd, 4319369.993, 127
Trd, 4319371.343, 140
Trd, 4319372.143, 140
Trd, 4319372.393, 140
Trd, 4319372.693, 140
Trd, 4319375.643, 140
Trd, 4319377.443, 140
Trd, 4319377.493, 140
Trd, 4319377.843, 140
Trd, 4319377.893, 140
Trd, 4319379.193, 139
Trd, 4319379.443, 139
Trd, 4319380.093, 140
Trd, 4319380.143, 140
Trd, 4319380.193, 139
Trd, 4319381.743, 140
Trd, 4319382.593, 140
Trd, 4319382.693, 140
Trd, 4319382.793, 140
Trd, 4319383.043, 140
Trd, 4319385.093, 140
Trd, 4319385.693, 140
Trd, 4319386.093, 140
Trd, 4319387.693, 140
Trd, 4319388.693, 140
Trd, 4319388.743, 140
Trd, 4319389.293, 140
Trd, 4319390.793, 140
Trd, 4319391.193, 140
Trd, 4319392.193, 140
Trd, 4319392.943, 140
Trd, 4319393.143, 140
Trd, 4319394.093, 140
Trd, 4319395.593, 140
Trd, 4319395.943, 140
Trd, 4319395.993, 140
Trd, 4319397.693, 140
Trd, 4319397.793, 139
Trd, 4319398.593, 140
Trd, 4319398.693, 138
Trd, 4319399.643, 140
Trd, 4319401.143, 140
Trd, 4319401.843, 140
Trd, 4319402.143, 139
Trd, 4319402.193, 139
Trd, 4319402.743, 139
Trd, 4319403.443, 139
Trd, 4319403.943, 91
Trd, 4319405.043, 103
Trd, 4319405.843, 140
Trd, 4319406.743, 140
Trd, 4319407.043, 140
Trd, 4319407.693, 140
Trd, 4319408.543, 140
Trd, 4319409.443, 140
Trd, 4319409.493, 139
Trd, 4319410.493, 140
Trd, 4319411.343, 140
Trd, 4319412.643, 138
Trd, 4319412.943, 137
Trd, 4319413.993, 140
Trd, 4319414.793, 140
Trd, 4319416.243, 140
Trd, 4319416.493, 140
Trd, 4319417.343, 140
Trd, 4319419.093, 140
Trd, 4319419.393, 140
Trd, 4319419.443, 140
Trd, 4319419.643, 140
Trd, 4319421.793, 140
Trd, 4319422.293, 140
Trd, 4319422.443, 131
Trd, 4319422.993, 60
Trd, 4319423.243, 60
Trd, 4319423.593, 60
Trd, 4319424.643, 60
Trd, 4319424.993, 61
Trd, 4319426.293, 61
Trd, 4319427.093, 62
Trd, 4319427.243, 66
Trd, 4319428.093, 64
Trd, 4319429.043, 64
Trd, 4319429.443, 65
Trd, 4319431.093, 63
Trd, 4319431.293, 60
Trd, 4319432.393, 62
Trd, 4319433.043, 60
Trd, 4319434.393, 104
Trd, 4319434.693, 87
Trd, 4319434.843, 111
Trd, 4319435.243, 87
Trd, 4319436.143, 60
Trd, 4319438.793, 140
Trd, 4319439.443, 140
Trd, 4319439.643, 139
Trd, 4319439.943, 140
Trd, 4319440.093, 139
Trd, 4319440.793, 140
Trd, 4319441.243, 140
Trd, 4319441.693, 140
Trd, 4319442.443, 69
Trd, 4319444.943, 140
Trd, 4319445.193, 140
Trd, 4319445.293, 140
Trd, 4319445.543, 139
Trd, 4319445.843, 138
Trd, 4319446.593, 134
Trd, 4319446.893, 140
Trd, 4319448.443, 140
Trd, 4319449.093, 140
Trd, 4319449.143, 140
Trd, 4319450.143, 140
Trd, 4319450.393, 140
Trd, 4319451.693, 140
Trd, 4319451.793, 140
Trd, 4319452.043, 140
Trd, 4319455.093, 140
Trd, 4319455.593, 140
Trd, 4319455.743, 140
Trd, 4319455.793, 139
Trd, 4319457.143, 140
Trd, 4319457.593, 139
Trd, 4319458.043, 140
Trd, 4319458.693, 140
Trd, 4319458.893, 139
Trd, 4319459.493, 139
Trd, 4319460.393, 79
Trd, 4319460.993, 109
Trd, 4319461.643, 140
Trd, 4319462.893, 140
Trd, 4319463.343, 140
Trd, 4319464.593, 140
Trd, 4319466.443, 140
Trd, 4319467.093, 140
Trd, 4319467.743, 140
Trd, 4319468.443, 140
Trd, 4319469.293, 140
Trd, 4319469.793, 140
Trd, 4319470.193, 140
Trd, 4319470.393, 139
Trd, 4319471.493, 140
Trd, 4319471.693, 139
Trd, 4319472.993, 140
Trd, 4319475.393, 140
Trd, 4319476.093, 140
Trd, 4319476.143, 140
Trd, 4319476.693, 140
Trd, 4319477.293, 139
Trd, 4319477.843, 140
Trd, 4319478.493, 140
Trd, 4319478.993, 139
Trd, 4319479.843, 139
Trd, 4319480.393, 138
Trd, 4319481.143, 136
Trd, 4319481.543, 139
Trd, 4319482.743, 128
Trd, 4319483.293, 139
Trd, 4319483.493, 139
Trd, 4319483.993, 138
Trd, 4319484.043, 126
Trd, 4319484.243, 109
Trd, 4319485.143, 97
Trd, 4319485.943, 77
Trd, 4319486.643, 140
Trd, 4319487.243, 140
Trd, 4319488.193, 139
Trd, 4319490.093, 140
Trd, 4319491.143, 140
Trd, 4319491.443, 140
Trd, 4319491.793, 140
Trd, 4319492.893, 140
Trd, 4319493.443, 140
Trd, 4319494.943, 140
Trd, 4319496.393, 140
Trd, 4319496.443, 140
Trd, 4319496.593, 139
Trd, 4319497.543, 140
Trd, 4319497.743, 140
Trd, 4319498.193, 138
Trd, 4319498.393, 140
Trd, 4319499.043, 140
Trd, 4319499.493, 136
Trd, 4319500.993, 140
Trd, 4319501.243, 140
Trd, 4319501.593, 140
Trd, 4319501.893, 137
Trd, 4319502.293, 139
Trd, 4319503.193, 136
Trd, 4319503.293, 126
Trd, 4319504.593, 136
Trd, 4319505.393, 140
Trd, 4319506.543, 137
Trd, 4319506.643, 140
Trd, 4319506.693, 90
Trd, 4319506.993, 139
Trd, 4319507.893, 138
Trd, 4319508.093, 139
Trd, 4319508.543, 139
Trd, 4319510.643, 105
Trd, 4319510.993, 62
Trd, 4319511.593, 60
Trd, 4319511.743, 131
Trd, 4319513.193, 60
Trd, 4319513.543, 61
Trd, 4319513.843, 74
Trd, 4319514.593, 135
Trd, 4319514.793, 65
Trd, 4319515.093, 139
Trd, 4319515.693, 140
Trd, 4319516.093, 84
Trd, 4319517.343, 140
Trd, 4319517.993, 139
Trd, 4319518.593, 135
Trd, 4319518.693, 86
Trd, 4319520.543, 140
Trd, 4319520.643, 139
Trd, 4319521.993, 140
Trd, 4319522.593, 139
Trd, 4319523.693, 140
Trd, 4319525.293, 140
Trd, 4319525.693, 140
Trd, 4319525.743, 139
Trd, 4319525.843, 138
Trd, 4319526.343, 140
Trd, 4319527.543, 140
Trd, 4319528.493, 140
Trd, 4319529.893, 140
Trd, 4319531.093, 140
Trd, 4319532.293, 140
Trd, 4319532.693, 140
Trd, 4319533.343, 139
Trd, 4319534.293, 138
Trd, 4319534.393, 138
Trd, 4319534.493, 133
Trd, 4319535.643, 139
Trd, 4319535.843, 103
Trd, 4319537.043, 61
Trd, 4319537.193, 134
Trd, 4319538.293, 60
Trd, 4319539.043, 66
Trd, 4319540.043, 61
Trd, 4319540.243, 64
Trd, 4319540.743, 63
Trd, 4319540.943, 64
Trd, 4319544.193, 140
Trd, 4319544.393, 140
Trd, 4319545.043, 140
Trd, 4319545.093, 140
Trd, 4319545.143, 139
Trd, 4319545.993, 140
Trd, 4319546.293, 140
Trd, 4319546.493, 135
Trd, 4319547.593, 67
Trd, 4319548.143, 61
Trd, 4319548.743, 140
Trd, 4319550.343, 140
Trd, 4319550.493, 138
Trd, 4319551.443, 139
Trd, 4319551.593, 140
Trd, 4319551.943, 139
Trd, 4319551.993, 117
Trd, 4319553.993, 60
Trd, 4319554.493, 67
Trd, 4319554.893, 135
Trd, 4319556.343, 140
Trd, 4319556.693, 140
Trd, 4319557.243, 140
Trd, 4319557.443, 103
Trd, 4319558.443, 136
Trd, 4319558.493, 102
Trd, 4319559.443, 61
Trd, 4319560.243, 60
Trd, 4319560.593, 63
Trd, 4319560.893, 140
Trd, 4319562.093, 140
Trd, 4319562.243, 139
Trd, 4319562.843, 140
Trd, 4319563.393, 140
Trd, 4319563.493, 66
Trd, 4319563.793, 140
Trd, 4319564.543, 64
Trd, 4319566.543, 140
Trd, 4319566.943, 140
Trd, 4319567.293, 140
Trd, 4319567.443, 137
Trd, 4319568.343, 139
Trd, 4319569.043, 140
Trd, 4319569.143, 140
Trd, 4319569.243, 118
Trd, 4319569.393, 140
Trd, 4319571.493, 61
Trd, 4319571.543, 62
Trd, 4319572.443, 62
Trd, 4319573.343, 60
Trd, 4319574.843, 60
Trd, 4319575.093, 62
Trd, 4319575.393, 88
Trd, 4319577.393, 60
Trd, 4319578.543, 60
Trd, 4319578.693, 60
Trd, 4319578.893, 60
Trd, 4319579.043, 60
Trd, 4319579.943, 60
Trd, 4319580.993, 62
Trd, 4319581.343, 61
Trd, 4319581.593, 62
Trd, 4319582.693, 60
Trd, 4319585.593, 60
Trd, 4319586.493, 60
Trd, 4319586.693, 63
Trd, 4319587.343, 60
Trd, 4319587.943, 60
Trd, 4319588.143, 89
Trd, 4319589.393, 63
Trd, 4319589.593, 63
Trd, 4319589.843, 72
Trd, 4319590.143, 136
Trd, 4319591.743, 65
Trd, 4319591.843, 107
Trd, 4319591.993, 115
Trd, 4319593.343, 61
Trd, 4319593.693, 61
Trd, 4319595.343, 63
Trd, 4319595.593, 64
Trd, 4319595.693, 67
Trd, 4319596.043, 81
Trd, 4319596.643, 132
Trd, 4319597.793, 68
Trd, 4319600.743, 64
Trd, 4319600.893, 65
Trd, 4319601.193, 65
Trd, 4319601.593, 69
Trd, 4319601.993, 62
Trd, 4319602.493, 84
Trd, 4319602.893, 63
Trd, 4319602.993, 64
Trd, 4319603.193, 135
Trd, 4319604.793, 61
Trd, 4319604.943, 78
Trd, 4319606.193, 140
Trd, 4319606.993, 140
Trd, 4319607.193, 140
Trd, 4319607.393, 139
Trd, 4319608.743, 139
Trd, 4319609.093, 139
Trd, 4319609.593, 140
Trd, 4319609.943, 139
Trd, 4319610.993, 139
Trd, 4319611.443, 138
Trd, 4319611.793, 126
Trd, 4319612.043, 67
Trd, 4319614.293, 140
Trd, 4319615.843, 140
Trd, 4319615.893, 140
Trd, 4319616.493, 140
Trd, 4319617.093, 140
Trd, 4319617.843, 140
Trd, 4319618.043, 138
Trd, 4319618.293, 136
Trd, 4319618.643, 135
Trd, 4319619.993, 140
Trd, 4319620.393, 68
Trd, 4319621.343, 140
Trd, 4319621.393, 140
Trd, 4319622.093, 137
Trd, 4319622.493, 138
Trd, 4319622.893, 61
Trd, 4319623.793, 95
Trd, 4319624.193, 78
Trd, 4319625.993, 140
Trd, 4319627.143, 139
Trd, 4319627.443, 137
Trd, 4319628.093, 138
Trd, 4319629.093, 140
Trd, 4319629.593, 121
Trd, 4319630.093, 138
Trd, 4319631.093, 140
Trd, 4319631.843, 140
Trd, 4319633.793, 140
Trd, 4319634.993, 140
Trd, 4319636.793, 140
Trd, 4319637.793, 140
Trd, 4319637.843, 140
Trd, 4319638.043, 140
Trd, 4319638.093, 140
Trd, 4319638.893, 140
Trd, 4319638.993, 139
Trd, 4319639.643, 140
Trd, 4319640.093, 140
Trd, 4319640.143, 138
Trd, 4319640.893, 115
Trd, 4319641.843, 61
Trd, 4319642.643, 64
Trd, 4319643.593, 140
Trd, 4319644.143, 140
Trd, 4319644.343, 135
Trd, 4319645.943, 140
Trd, 4319646.093, 139
Trd, 4319646.493, 140
Trd, 4319646.643, 139
Trd, 4319647.293, 140
Trd, 4319648.743, 139
Trd, 4319649.293, 139
Trd, 4319650.743, 138
Trd, 4319650.943, 139
Trd, 4319651.393, 140
Trd, 4319651.743, 140
Trd, 4319652.093, 138
Trd, 4319652.543, 140
Trd, 4319652.593, 140
Trd, 4319653.493, 61
Trd, 4319654.793, 65
Trd, 4319655.143, 64
Trd, 4319656.043, 60
Trd, 4319656.643, 64
Trd, 4319657.343, 140
Trd, 4319658.093, 64
Trd, 4319659.543, 140
Trd, 4319659.643, 140
Trd, 4319660.043, 139
Trd, 4319660.293, 74
Trd, 4319660.443, 139
Trd, 4319661.493, 140
Trd, 4319661.843, 110
Trd, 4319662.143, 98
Trd, 4319662.493, 139
Trd, 4319663.643, 140
Trd, 4319664.843, 61
Trd, 4319666.343, 60
Trd, 4319666.493, 60
Trd, 4319667.043, 61
Trd, 4319667.293, 65
Trd, 4319668.043, 73
Trd, 4319669.593, 63
Trd, 4319669.993, 63
Trd, 4319671.793, 60
Trd, 4319672.993, 60
Trd, 4319673.193, 61
Trd, 4319673.643, 60
Trd, 4319673.743, 64
Trd, 4319674.493, 60
Trd, 4319674.893, 60
Trd, 4319675.443, 128
Trd, 4319675.543, 129
Trd, 4319676.493, 62
Trd, 4319677.393, 61
Trd, 4319678.143, 60
Trd, 4319679.243, 60
Trd, 4319679.393, 66
Trd, 4319679.643, 140
Trd, 4319681.193, 140
Trd, 4319681.393, 140
Trd, 4319682.093, 140
Trd, 4319682.143, 140
Trd, 4319683.093, 140
Trd, 4319683.193, 65
Trd, 4319683.693, 138
Trd, 4319685.143, 140
Trd, 4319685.193, 140
Trd, 4319686.343, 140
Trd, 4319687.393, 140
Trd, 4319688.843, 140
Trd, 4319689.093, 140
Trd, 4319689.643, 140
Trd, 4319690.093, 139
Trd, 4319691.443, 140
Trd, 4319692.143, 140
Trd, 4319692.843, 140
Trd, 4319693.143, 140
Trd, 4319693.943, 140
Trd, 4319695.243, 140
Trd, 4319695.743, 140
Trd, 4319696.093, 140
Trd, 4319696.293, 139
Trd, 4319696.943, 140
Trd, 4319698.193, 140
Trd, 4319698.243, 136
Trd, 4319698.543, 103
Trd, 4319699.793, 139
Trd, 4319702.193, 140
Trd, 4319702.543, 140
Trd, 4319702.993, 140
Trd, 4319703.643, 140
Trd, 4319704.093, 140
Trd, 4319706.293, 140
Trd, 4319706.493, 140
Trd, 4319707.143, 140
Trd, 4319708.193, 140
Trd, 4319708.493, 139
Trd, 4319708.743, 140
Trd, 4319709.943, 140
Trd, 4319710.243, 140
Trd, 4319711.043, 140
Trd, 4319711.193, 140
Trd, 4319711.643, 140
Trd, 4319712.243, 140
Trd, 4319712.843, 140
Trd, 4319713.143, 140
Trd, 4319713.443, 139
Trd, 4319715.243, 140
Trd, 4319716.093, 140
Trd, 4319716.343, 140
Trd, 4319717.693, 140
Trd, 4319719.693, 140
Trd, 4319719.743, 140
Trd, 4319720.193, 140
Trd, 4319720.843, 140
Trd, 4319722.043, 140
Trd, 4319723.743, 140
Trd, 4319724.293, 140
Trd, 4319725.143, 140
Trd, 4319726.143, 140
Trd, 4319726.243, 140
Trd, 4319726.793, 140
Trd, 4319728.943, 140
Trd, 4319729.343, 140
Trd, 4319729.593, 139
Trd, 4319730.743, 140
Trd, 4319731.193, 140
Trd, 4319732.893, 140
Trd, 4319733.593, 140
Trd, 4319734.743, 140
Trd, 4319734.843, 140
Trd, 4319735.093, 140
Trd, 4319735.993, 140
Trd, 4319737.093, 140
Trd, 4319738.693, 140
Trd, 4319739.693, 140
Trd, 4319740.343, 140
Trd, 4319741.693, 140
Trd, 4319741.993, 140
Trd, 4319742.843, 140
Trd, 4319744.393, 140
Trd, 4319744.543, 140
Trd, 4319745.443, 139
Trd, 4319745.943, 140
Trd, 4319746.193, 140
Trd, 4319746.743, 138
Trd, 4319747.443, 140
Trd, 4319748.143, 138
Trd, 4319749.943, 138
Trd, 4319750.193, 137
Trd, 4319750.543, 140
Trd, 4319750.643, 89
Trd, 4319751.193, 140
Trd, 4319752.743, 140
Trd, 4319752.893, 140
Trd, 4319754.643, 140
Trd, 4319754.743, 140
Trd, 4319755.543, 140
Trd, 4319755.893, 140
Trd, 4319756.893, 140
Trd, 4319756.943, 140
Trd, 4319757.193, 138
Trd, 4319757.693, 140
Trd, 4319758.443, 140
Trd, 4319759.743, 140
Trd, 4319761.293, 140
Trd, 4319761.393, 140
Trd, 4319762.143, 140
Trd, 4319762.293, 140
Trd, 4319763.193, 140
Trd, 4319763.843, 140
Trd, 4319764.493, 140
Trd, 4319765.843, 139
Trd, 4319765.893, 139
Trd, 4319767.193, 140
Trd, 4319768.143, 140
Trd, 4319768.843, 140
Trd, 4319769.093, 140
Trd, 4319769.343, 140
Trd, 4319769.643, 140
Trd, 4319770.243, 140
Trd, 4319770.593, 140
Trd, 4319771.543, 140
Trd, 4319773.093, 140
Trd, 4319774.093, 139
Trd, 4319774.593, 140
Trd, 4319774.843, 139
Trd, 4319776.143, 140
Trd, 4319777.293, 140
Trd, 4319777.993, 140
Trd, 4319779.893, 140
Trd, 4319780.693, 140
Trd, 4319781.443, 140
Trd, 4319782.643, 140
Trd, 4319783.693, 140
Trd, 4319784.543, 140
Trd, 4319785.143, 140
Trd, 4319785.543, 140
Trd, 4319785.593, 139
Trd, 4319785.693, 140
Trd, 4319785.793, 138
Trd, 4319787.443, 140
Trd, 4319787.743, 82
Trd, 4319789.293, 140
Trd, 4319790.393, 140
Trd, 4319791.243, 140
Trd, 4319791.693, 140
Trd, 4319791.993, 140
Trd, 4319792.443, 139
Trd, 4319793.793, 140
Trd, 4319794.143, 140
Trd, 4319794.893, 139
Trd, 4319795.793, 139
Trd, 4319796.193, 139
Trd, 4319796.893, 140
Trd, 4319797.593, 139
Trd, 4319798.143, 138
Trd, 4319798.393, 137
Trd, 4319798.543, 135
Trd, 4319798.793, 86
Trd, 4319800.343, 62
Trd, 4319802.443, 140
Trd, 4319802.693, 140
Trd, 4319802.943, 140
Trd, 4319803.043, 139
Trd, 4319803.743, 140
Trd, 4319804.943, 140
Trd, 4319806.343, 140
Trd, 4319806.693, 140
Trd, 4319807.743, 140
Trd, 4319808.043, 140
Trd, 4319808.743, 139
Trd, 4319809.993, 140
Trd, 4319810.543, 140
Trd, 4319811.343, 137
Trd, 4319811.843, 140
Trd, 4319812.943, 140
Trd, 4319813.643, 140
Trd, 4319813.793, 140
Trd, 4319814.793, 94
Trd, 4319815.793, 140
Trd, 4319815.993, 140
Trd, 4319816.443, 116
Trd, 4319817.293, 136
Trd, 4319818.143, 77
Trd, 4319819.443, 140
Trd, 4319819.893, 140
Trd, 4319820.593, 140
Trd, 4319820.893, 140
Trd, 4319821.393, 122
Trd, 4319821.493, 140
Trd, 4319822.193, 140
Trd, 4319822.443, 140
Trd, 4319822.893, 140
Trd, 4319823.693, 139
Trd, 4319824.493, 140
Trd, 4319825.093, 140
Trd, 4319825.893, 140
Trd, 4319826.443, 138
Trd, 4319827.493, 140
Trd, 4319828.243, 140
Trd, 4319829.293, 140
Trd, 4319829.643, 140
Trd, 4319830.043, 139
Trd, 4319830.693, 137
Trd, 4319830.843, 137
Trd, 4319831.193, 137
Trd, 4319831.993, 140
Trd, 4319832.443, 137
Trd, 4319834.143, 140
Trd, 4319834.743, 140
Trd, 4319835.693, 140
Trd, 4319836.293, 140
Trd, 4319836.343, 139
Trd, 4319836.793, 140
Trd, 4319838.343, 140
Trd, 4319840.543, 140
Trd, 4319841.093, 140
Trd, 4319841.143, 140
Trd, 4319842.243, 140
Trd, 4319842.293, 140
Trd, 4319843.093, 140
Trd, 4319844.093, 140
Trd, 4319844.893, 140
Trd, 4319845.943, 140
Trd, 4319845.993, 139
Trd, 4319847.093, 140
Trd, 4319847.543, 140
Trd, 4319848.093, 140
Trd, 4319848.643, 140
Trd, 4319850.143, 140
Trd, 4319851.143, 140
Trd, 4319851.443, 139
Trd, 4319852.793, 140
Trd, 4319852.993, 140
Trd, 4319853.293, 140
Trd, 4319853.893, 140
Trd, 4319854.593, 139
Trd, 4319855.093, 139
Trd, 4319857.443, 140
Trd, 4319857.643, 140
Trd, 4319858.093, 140
Trd, 4319858.193, 139
Trd, 4319858.243, 139
Trd, 4319858.443, 136
Trd, 4319859.843, 134
Trd, 4319860.693, 140
Trd, 4319861.843, 140
Trd, 4319861.943, 140
Trd, 4319862.393, 139
Trd, 4319862.843, 140
Trd, 4319864.393, 140
Trd, 4319865.143, 140
Trd, 4319865.693, 140
Trd, 4319865.993, 86
Trd, 4319867.093, 102
Trd, 4319867.593, 103
Trd, 4319868.293, 137
Trd, 4319869.293, 140
Trd, 4319870.143, 139
Trd, 4319870.543, 137
Trd, 4319871.043, 136
Trd, 4319871.093, 134
Trd, 4319872.443, 111
Trd, 4319872.493, 91
Trd, 4319873.243, 140
Trd, 4319874.593, 140
Trd, 4319875.043, 123
Trd, 4319875.743, 139
Trd, 4319876.143, 140
Trd, 4319878.493, 140
Trd, 4319879.043, 140
Trd, 4319879.643, 140
Trd, 4319879.743, 139
Trd, 4319880.043, 140
Trd, 4319882.093, 140
Trd, 4319883.443, 140
Trd, 4319883.943, 140
Trd, 4319885.193, 140
Trd, 4319885.693, 140
Trd, 4319885.843, 140
Trd, 4319887.293, 140
Trd, 4319889.193, 140
Trd, 4319889.443, 138
Trd, 4319889.643, 137
Trd, 4319889.793, 130
Trd, 4319889.993, 140
Trd, 4319890.493, 140
Trd, 4319892.493, 140
Trd, 4319892.693, 139
Trd, 4319894.093, 140
Trd, 4319894.843, 140
Trd, 4319894.993, 140
Trd, 4319896.443, 140
Trd, 4319896.543, 140
Trd, 4319896.793, 140
Trd, 4319896.943, 77
Trd, 4319897.393, 140
Trd, 4319897.893, 140
Trd, 4319898.693, 140
Trd, 4319900.343, 105
Trd, 4319901.093, 140
Trd, 4319901.343, 139
Trd, 4319902.443, 138
Trd, 4319903.543, 140
Trd, 4319904.393, 140
Trd, 4319904.443, 140
Trd, 4319904.843, 140
Trd, 4319906.943, 140
Trd, 4319906.993, 140
Trd, 4319908.143, 139
Trd, 4319908.443, 140
Trd, 4319909.693, 140
Trd, 4319910.093, 138
Trd, 4319911.443, 140
Trd, 4319912.943, 140
Trd, 4319913.193, 140
Trd, 4319913.243, 140
Trd, 4319913.543, 140
Trd, 4319914.343, 139
Trd, 4319914.693, 138
Trd, 4319914.843, 139
Trd, 4319915.193, 139
Trd, 4319915.543, 115
Trd, 4319916.493, 66
Trd, 4319916.543, 67
Trd, 4319917.343, 140
Trd, 4319917.893, 60
Trd, 4319919.193, 140
Trd, 4319920.393, 140
Trd, 4319920.843, 140
Trd, 4319921.043, 136
Trd, 4319922.243, 140
Trd, 4319922.393, 140
Trd, 4319922.693, 139
Trd, 4319922.843, 136
Trd, 4319923.443, 140
Trd, 4319926.443, 140
Trd, 4319927.143, 140
Trd, 4319927.193, 140
Trd, 4319927.243, 139
Trd, 4319928.343, 140
Trd, 4319928.443, 138
Trd, 4319929.893, 137
Trd, 4319930.043, 140
Trd, 4319931.593, 140
Trd, 4319933.643, 140
Trd, 4319934.643, 140
Trd, 4319934.743, 140
Trd, 4319934.943, 140
Trd, 4319935.593, 140
Trd, 4319936.193, 140
Trd, 4319938.443, 140
Trd, 4319939.093, 140
Trd, 4319939.443, 140
Trd, 4319941.593, 140
Trd, 4319942.043, 140
Trd, 4319943.593, 140
Trd, 4319944.543, 140
Trd, 4319945.243, 140
Trd, 4319945.893, 140
Trd, 4319945.993, 140
Trd, 4319946.593, 140
Trd, 4319947.293, 134
Trd, 4319949.293, 140
Trd, 4319949.493, 139
Trd, 4319949.743, 138
Trd, 4319949.893, 80
Trd, 4319949.993, 105
Trd, 4319950.893, 138
Trd, 4319952.543, 140
Trd, 4319953.893, 140
Trd, 4319954.443, 140
Trd, 4319954.743, 140
Trd, 4319955.343, 139
Trd, 4319957.243, 140
Trd, 4319957.693, 140
Trd, 4319958.043, 139
Trd, 4319958.093, 137
Trd, 4319959.193, 138
Trd, 4319960.193, 140
Trd, 4319960.293, 140
Trd, 4319960.843, 135
Trd, 4319962.693, 139
Trd, 4319963.543, 140
Trd, 4319963.643, 140
Trd, 4319963.843, 140
Trd, 4319964.393, 139
Trd, 4319965.893, 140
Trd, 4319966.493, 140
Trd, 4319967.343, 140
Trd, 4319967.393, 140
Trd, 4319967.593, 140
Trd, 4319968.393, 140
Trd, 4319968.593, 136
Trd, 4319970.193, 139
Trd, 4319970.993, 140
Trd, 4319973.543, 140
Trd, 4319973.643, 140
Trd, 4319973.743, 140
Trd, 4319974.743, 140
Trd, 4319974.993, 140
Trd, 4319976.243, 140
Trd, 4319976.693, 140
Trd, 4319977.193, 139
Trd, 4319978.143, 140
Trd, 4319980.043, 140
Trd, 4319980.593, 140
Trd, 4319980.843, 140
Trd, 4319981.093, 140
Trd, 4319981.943, 140
Trd, 4319982.293, 140
Trd, 4319982.543, 140
Trd, 4319984.443, 140
Trd, 4319984.743, 140
Trd, 4319984.893, 140
Trd, 4319985.943, 140
Trd, 4319987.143, 138
Trd, 4319987.743, 140
Trd, 4319988.643, 110
Trd, 4319988.743, 135
Trd, 4319988.793, 137
Trd, 4319988.893, 106
Trd, 4319988.993, 138
Trd, 4319990.443, 115
Trd, 4319991.543, 93
Trd, 4319991.743, 62
Trd, 4319992.393, 138
Trd, 4319993.793, 140
Trd, 4319994.143, 140
Trd, 4319994.243, 140
Trd, 4319995.043, 134
Trd, 4319996.493, 140
Trd, 4319996.643, 140
Trd, 4319997.293, 140
Trd, 4319997.593, 140
Trd, 4319998.743, 140
Trd, 4319999.893, 139
