Trd, 4318137.593, 67
Trd, 4318139.993, 63
Trd, 4318140.093, 66
Trd, 4318141.143, 67
Trd, 4318142.493, 82
Trd, 4318143.493, 71
Trd, 4318143.643, 84
Trd, 4318143.693, 98
Trd, 4318144.043, 68
Trd, 4318144.243, 100
Trd, 4318145.343, 71
Trd, 4318146.143, 63
Trd, 4318146.993, 86
Trd, 4318147.593, 73
Trd, 4318149.143, 75
Trd, 4318149.443, 65
Trd, 4318149.943, 76
Trd, 4318150.293, 70
Trd, 4318150.693, 72
Trd, 4318150.993, 94
Trd, 4318152.443, 70
Trd, 4318154.143, 98
Trd, 4318154.443, 82
Trd, 4318154.893, 67
Trd, 4318155.293, 89
Trd, 4318156.193, 139
Trd, 4318156.443, 124
Trd, 4318156.493, 84
Trd, 4318157.293, 122
Trd, 4318157.993, 69
Trd, 4318159.293, 60
Trd, 4318159.543, 70
Trd, 4318160.043, 86
Trd, 4318161.393, 82
Trd, 4318161.643, 78
Trd, 4318162.943, 60
Trd, 4318163.493, 71
Trd, 4318164.043, 140
Trd, 4318164.243, 140
Trd, 4318164.543, 140
Trd, 4318165.093, 106
Trd, 4318166.143, 110
Trd, 4318166.793, 139
Trd, 4318166.893, 102
Trd, 4318167.343, 101
Trd, 4318168.243, 97
Trd, 4318169.743, 125
Trd, 4318169.943, 115
Trd, 4318170.393, 72
Trd, 4318171.043, 83
Trd, 4318172.493, 140
Trd, 4318172.543, 140
Trd, 4318173.643, 116
Trd, 4318173.693, 108
Trd, 4318175.393, 113
Trd, 4318175.543, 96
Trd, 4318176.993, 140
Trd, 4318177.443, 94
Trd, 4318178.143, 64
Trd, 4318178.593, 71
Trd, 4318178.843, 66
Trd, 4318179.193, 70
Trd, 4318180.393, 60
Trd, 4318181.293, 101
Trd, 4318182.543, 130
Trd, 4318182.643, 108
Trd, 4318183.743, 106
Trd, 4318183.943, 105
Trd, 4318184.543, 77
Trd, 4318184.793, 68
Trd, 4318187.543, 123
Trd, 4318187.643, 115
Trd, 4318187.793, 91
Trd, 4318189.343, 113
Trd, 4318189.543, 112
Trd, 4318190.343, 97
Trd, 4318190.543, 73
Trd, 4318190.893, 76
Trd, 4318192.443, 80
Trd, 4318192.793, 77
Trd, 4318193.043, 96
Trd, 4318194.643, 104
Trd, 4318195.093, 104
Trd, 4318195.793, 103
Trd, 4318196.343, 102
Trd, 4318197.493, 140
Trd, 4318197.793, 130
Trd, 4318198.093, 110
Trd, 4318198.343, 95
Trd, 4318199.343, 96
Trd, 4318200.443, 93
Trd, 4318200.993, 102
Trd, 4318201.543, 80
Trd, 4318202.293, 79
Trd, 4318203.293, 72
Trd, 4318203.893, 71
Trd, 4318204.143, 140
Trd, 4318205.493, 103
Trd, 4318206.093, 69
Trd, 4318207.843, 84
Trd, 4318208.493, 139
Trd, 4318208.643, 77
Trd, 4318209.943, 100
Trd, 4318210.343, 103
Trd, 4318210.393, 93
Trd, 4318211.793, 85
Trd, 4318213.393, 140
Trd, 4318214.393, 140
Trd, 4318214.643, 109
Trd, 4318215.443, 77
Trd, 4318215.493, 80
Trd, 4318216.793, 91
Trd, 4318217.043, 80
Trd, 4318217.893, 101
Trd, 4318218.143, 83
Trd, 4318218.243, 80
Trd, 4318220.093, 84
Trd, 4318220.293, 75
Trd, 4318221.343, 113
Trd, 4318221.593, 73
Trd, 4318222.043, 91
Trd, 4318222.293, 76
Trd, 4318223.593, 79
Trd, 4318223.793, 72
Trd, 4318224.543, 123
Trd, 4318225.443, 103
Trd, 4318226.243, 75
Trd, 4318226.643, 85
Trd, 4318226.893, 66
Trd, 4318227.493, 138
Trd, 4318229.243, 84
Trd, 4318229.493, 67
Trd, 4318230.543, 82
Trd, 4318232.293, 63
Trd, 4318232.543, 64
Trd, 4318233.443, 71
Trd, 4318234.293, 70
Trd, 4318234.743, 78
Trd, 4318234.893, 100
Trd, 4318235.243, 77
Trd, 4318235.843, 61
Trd, 4318236.743, 72
Trd, 4318237.693, 140
Trd, 4318237.793, 140
Trd, 4318237.893, 124
Trd, 4318238.493, 110
Trd, 4318239.943, 71
Trd, 4318240.893, 96
Trd, 4318241.143, 74
Trd, 4318241.543, 60
Trd, 4318243.043, 88
Trd, 4318243.893, 112
Trd, 4318244.643, 135
Trd, 4318244.893, 124
Trd, 4318245.693, 115
Trd, 4318246.643, 133
Trd, 4318246.943, 106
Trd, 4318247.143, 91
Trd, 4318248.143, 103
Trd, 4318248.443, 116
Trd, 4318248.543, 88
Trd, 4318249.243, 95
Trd, 4318250.993, 71
Trd, 4318254.093, 126
Trd, 4318254.143, 106
Trd, 4318254.293, 96
Trd, 4318254.693, 97
Trd, 4318255.843, 83
Trd, 4318256.093, 103
Trd, 4318256.843, 139
Trd, 4318257.293, 112
Trd, 4318257.593, 112
Trd, 4318258.093, 69
Trd, 4318259.443, 80
Trd, 4318259.643, 77
Trd, 4318260.593, 75
Trd, 4318260.993, 61
Trd, 4318262.243, 77
Trd, 4318262.343, 92
Trd, 4318263.193, 130
Trd, 4318263.293, 135
Trd, 4318265.493, 105
Trd, 4318265.893, 74
Trd, 4318266.793, 65
Trd, 4318267.593, 67
Trd, 4318268.343, 109
Trd, 4318268.793, 89
Trd, 4318269.143, 78
Trd, 4318269.893, 88
Trd, 4318270.693, 140
Trd, 4318272.093, 134
Trd, 4318272.193, 121
Trd, 4318273.793, 102
Trd, 4318273.843, 81
Trd, 4318274.893, 103
Trd, 4318275.143, 128
Trd, 4318275.543, 128
Trd, 4318275.693, 127
Trd, 4318275.993, 74
Trd, 4318277.693, 98
Trd, 4318278.493, 123
Trd, 4318279.393, 82
Trd, 4318279.993, 140
Trd, 4318280.993, 140
Trd, 4318281.593, 122
Trd, 4318281.843, 120
Trd, 4318282.193, 106
Trd, 4318282.793, 90
Trd, 4318283.443, 112
Trd, 4318284.993, 78
Trd, 4318285.643, 140
Trd, 4318287.193, 140
Trd, 4318287.693, 140
Trd, 4318287.893, 118
Trd, 4318288.443, 102
Trd, 4318288.743, 110
Trd, 4318290.043, 78
Trd, 4318290.693, 85
Trd, 4318291.343, 128
Trd, 4318291.393, 88
Trd, 4318291.743, 95
Trd, 4318293.043, 87
Trd, 4318293.593, 139
Trd, 4318294.993, 102
Trd, 4318295.043, 101
Trd, 4318295.243, 96
Trd, 4318295.343, 84
Trd, 4318295.943, 100
Trd, 4318297.293, 115
Trd, 4318298.393, 134
Trd, 4318299.793, 102
Trd, 4318299.893, 94
Trd, 4318300.843, 140
Trd, 4318301.293, 122
Trd, 4318301.543, 87
Trd, 4318302.693, 76
Trd, 4318303.393, 68
Trd, 4318304.593, 77
Trd, 4318305.193, 75
Trd, 4318305.993, 77
Trd, 4318306.943, 87
Trd, 4318307.193, 94
Trd, 4318307.593, 83
Trd, 4318308.243, 82
Trd, 4318309.043, 71
Trd, 4318310.493, 70
Trd, 4318310.593, 137
Trd, 4318311.143, 107
Trd, 4318311.293, 106
Trd, 4318312.693, 80
Trd, 4318312.893, 79
Trd, 4318313.043, 66
Trd, 4318314.343, 114
Trd, 4318314.593, 74
Trd, 4318315.043, 114
Trd, 4318315.493, 99
Trd, 4318317.043, 140
Trd, 4318317.543, 139
Trd, 4318317.643, 105
Trd, 4318317.793, 98
Trd, 4318318.693, 98
Trd, 4318319.393, 115
Trd, 4318319.893, 111
Trd, 4318320.793, 65
Trd, 4318321.093, 84
Trd, 4318322.393, 65
Trd, 4318322.893, 114
Trd, 4318323.893, 138
Trd, 4318324.093, 98
Trd, 4318324.893, 99
Trd, 4318325.443, 113
Trd, 4318325.743, 113
Trd, 4318326.343, 103
Trd, 4318326.693, 125
Trd, 4318327.393, 83
Trd, 4318328.793, 76
Trd, 4318328.843, 99
Trd, 4318329.543, 82
Trd, 4318331.293, 61
Trd, 4318331.643, 60
Trd, 4318333.343, 64
Trd, 4318333.643, 90
Trd, 4318335.393, 111
Trd, 4318335.493, 108
Trd, 4318335.893, 100
Trd, 4318335.943, 90
Trd, 4318336.743, 84
Trd, 4318336.843, 96
Trd, 4318338.193, 140
Trd, 4318338.643, 140
Trd, 4318339.593, 140
Trd, 4318340.443, 105
Trd, 4318340.543, 88
Trd, 4318341.843, 70
Trd, 4318342.193, 96
Trd, 4318343.193, 111
Trd, 4318343.643, 103
Trd, 4318343.693, 92
Trd, 4318343.843, 136
Trd, 4318344.193, 90
Trd, 4318346.293, 139
Trd, 4318347.943, 128
Trd, 4318348.193, 127
Trd, 4318349.293, 119
Trd, 4318350.143, 97
Trd, 4318350.593, 74
Trd, 4318351.043, 78
Trd, 4318351.343, 67
Trd, 4318351.893, 81
Trd, 4318352.893, 121
Trd, 4318353.243, 106
Trd, 4318353.443, 66
Trd, 4318355.493, 75
Trd, 4318355.543, 66
Trd, 4318355.793, 82
Trd, 4318356.293, 102
Trd, 4318357.443, 107
Trd, 4318357.693, 74
Trd, 4318358.043, 80
Trd, 4318358.793, 73
Trd, 4318358.843, 72
Trd, 4318359.093, 71
Trd, 4318359.143, 69
Trd, 4318360.943, 131
Trd, 4318361.293, 97
Trd, 4318361.693, 97
Trd, 4318363.193, 100
Trd, 4318363.643, 109
Trd, 4318363.743, 97
Trd, 4318364.043, 91
Trd, 4318365.343, 115
Trd, 4318366.443, 140
Trd, 4318367.093, 140
Trd, 4318368.193, 104
Trd, 4318368.243, 114
Trd, 4318368.793, 91
Trd, 4318369.043, 90
Trd, 4318370.143, 91
Trd, 4318370.343, 118
Trd, 4318370.543, 77
Trd, 4318372.593, 81
Trd, 4318372.743, 89
Trd, 4318373.193, 74
Trd, 4318373.243, 72
Trd, 4318374.043, 89
Trd, 4318375.893, 76
Trd, 4318376.393, 75
Trd, 4318376.893, 74
Trd, 4318377.343, 86
Trd, 4318377.543, 72
Trd, 4318379.043, 87
Trd, 4318379.493, 75
Trd, 4318380.243, 70
Trd, 4318380.943, 61
Trd, 4318383.843, 61
Trd, 4318384.193, 65
Trd, 4318384.543, 68
Trd, 4318384.793, 65
Trd, 4318384.843, 64
Trd, 4318385.243, 82
Trd, 4318385.993, 65
Trd, 4318386.143, 64
Trd, 4318387.393, 60
Trd, 4318388.343, 104
Trd, 4318388.493, 83
Trd, 4318389.643, 79
Trd, 4318390.743, 85
Trd, 4318390.843, 82
Trd, 4318391.793, 82
Trd, 4318392.143, 138
Trd, 4318392.743, 95
Trd, 4318393.093, 82
Trd, 4318395.043, 110
Trd, 4318395.743, 140
Trd, 4318396.093, 110
Trd, 4318396.843, 102
Trd, 4318397.743, 100
Trd, 4318398.243, 99
Trd, 4318398.693, 98
Trd, 4318399.043, 91
Trd, 4318399.793, 104
Trd, 4318399.843, 103
Trd, 4318400.693, 101
Trd, 4318400.793, 99
Trd, 4318401.743, 114
Trd, 4318401.993, 137
Trd, 4318402.643, 98
Trd, 4318403.343, 116
Trd, 4318403.593, 128
Trd, 4318405.093, 68
Trd, 4318405.593, 92
Trd, 4318406.243, 109
Trd, 4318407.743, 73
Trd, 4318407.893, 69
Trd, 4318407.993, 96
Trd, 4318408.993, 63
Trd, 4318409.293, 73
Trd, 4318409.943, 65
Trd, 4318410.293, 92
Trd, 4318410.493, 100
Trd, 4318412.343, 64
Trd, 4318412.593, 70
Trd, 4318413.693, 74
Trd, 4318413.743, 73
Trd, 4318413.893, 78
Trd, 4318414.743, 65
Trd, 4318416.593, 61
Trd, 4318417.043, 63
Trd, 4318417.143, 69
Trd, 4318418.843, 90
Trd, 4318419.193, 82
Trd, 4318419.243, 80
Trd, 4318420.643, 61
Trd, 4318420.993, 66
Trd, 4318421.393, 73
Trd, 4318422.193, 84
Trd, 4318422.293, 83
Trd, 4318423.193, 68
Trd, 4318423.943, 140
Trd, 4318425.143, 112
Trd, 4318426.793, 104
Trd, 4318426.843, 81
Trd, 4318427.093, 78
Trd, 4318427.543, 77
Trd, 4318428.243, 116
Trd, 4318428.643, 120
Trd, 4318429.143, 76
Trd, 4318430.293, 75
Trd, 4318431.743, 68
Trd, 4318432.143, 68
Trd, 4318432.443, 76
Trd, 4318432.593, 78
Trd, 4318433.493, 68
Trd, 4318433.543, 89
Trd, 4318434.193, 89
Trd, 4318434.593, 121
Trd, 4318435.293, 140
Trd, 4318435.643, 140
Trd, 4318437.893, 140
Trd, 4318438.143, 140
Trd, 4318438.643, 125
Trd, 4318438.843, 98
Trd, 4318439.393, 85
Trd, 4318439.543, 65
Trd, 4318439.793, 61
Trd, 4318441.893, 140
Trd, 4318441.993, 110
Trd, 4318442.243, 84
Trd, 4318443.093, 111
Trd, 4318443.293, 99
Trd, 4318443.793, 117
Trd, 4318443.843, 104
Trd, 4318444.943, 98
Trd, 4318445.993, 139
Trd, 4318446.343, 138
Trd, 4318447.493, 70
Trd, 4318448.743, 75
Trd, 4318449.543, 76
Trd, 4318450.543, 113
Trd, 4318450.843, 111
Trd, 4318451.743, 100
Trd, 4318451.843, 99
Trd, 4318452.543, 92
Trd, 4318452.843, 79
Trd, 4318454.093, 140
Trd, 4318454.243, 82
Trd, 4318455.193, 74
Trd, 4318455.593, 93
Trd, 4318456.593, 69
Trd, 4318456.643, 97
Trd, 4318457.143, 100
Trd, 4318458.043, 99
Trd, 4318458.193, 88
Trd, 4318458.543, 117
Trd, 4318459.693, 74
Trd, 4318460.293, 106
Trd, 4318460.393, 105
Trd, 4318460.693, 139
Trd, 4318462.643, 81
Trd, 4318463.043, 80
Trd, 4318463.693, 63
Trd, 4318464.193, 117
Trd, 4318465.143, 72
Trd, 4318465.393, 126
Trd, 4318465.793, 75
Trd, 4318466.293, 100
Trd, 4318468.293, 67
Trd, 4318469.043, 99
Trd, 4318469.343, 66
Trd, 4318469.893, 140
Trd, 4318472.693, 82
Trd, 4318472.793, 81
Trd, 4318472.943, 91
Trd, 4318473.143, 68
Trd, 4318473.993, 86
Trd, 4318474.093, 94
Trd, 4318474.793, 82
Trd, 4318475.993, 100
Trd, 4318476.743, 84
Trd, 4318477.443, 95
Trd, 4318478.243, 90
Trd, 4318478.643, 94
Trd, 4318479.043, 60
Trd, 4318480.093, 61
Trd, 4318481.443, 66
Trd, 4318481.743, 65
Trd, 4318482.043, 110
Trd, 4318484.343, 82
Trd, 4318484.493, 80
Trd, 4318486.493, 140
Trd, 4318486.593, 95
Trd, 4318486.743, 92
Trd, 4318487.593, 80
Trd, 4318487.793, 98
Trd, 4318488.543, 114
Trd, 4318489.193, 80
Trd, 4318489.793, 94
Trd, 4318491.143, 91
Trd, 4318492.693, 140
Trd, 4318493.043, 75
Trd, 4318493.843, 118
Trd, 4318494.143, 101
Trd, 4318495.643, 125
Trd, 4318497.093, 128
Trd, 4318497.143, 114
Trd, 4318497.443, 113
Trd, 4318498.843, 120
Trd, 4318499.593, 115
Trd, 4318499.993, 112
Trd, 4318500.193, 85
Trd, 4318500.793, 90
Trd, 4318501.643, 63
Trd, 4318502.393, 74
Trd, 4318502.543, 75
Trd, 4318505.493, 69
Trd, 4318506.043, 89
Trd, 4318506.643, 104
Trd, 4318506.843, 95
Trd, 4318506.893, 86
Trd, 4318509.093, 140
Trd, 4318509.743, 140
Trd, 4318510.143, 140
Trd, 4318510.543, 125
Trd, 4318510.793, 124
Trd, 4318511.493, 105
Trd, 4318512.143, 105
Trd, 4318513.493, 93
Trd, 4318513.743, 102
Trd, 4318514.443, 67
Trd, 4318514.743, 77
Trd, 4318516.493, 60
Trd, 4318517.043, 60
Trd, 4318517.493, 61
Trd, 4318518.743, 68
Trd, 4318519.243, 68
Trd, 4318519.293, 104
Trd, 4318519.893, 66
Trd, 4318520.393, 82
Trd, 4318521.793, 139
Trd, 4318522.593, 85
Trd, 4318523.493, 135
Trd, 4318524.543, 62
Trd, 4318525.343, 112
Trd, 4318526.893, 125
Trd, 4318526.993, 110
Trd, 4318527.243, 86
Trd, 4318528.343, 119
Trd, 4318528.443, 97
Trd, 4318528.993, 98
Trd, 4318530.143, 85
Trd, 4318530.543, 75
Trd, 4318530.743, 97
Trd, 4318531.293, 100
Trd, 4318531.393, 85
Trd, 4318531.743, 82
Trd, 4318532.993, 86
Trd, 4318533.793, 76
Trd, 4318534.593, 127
Trd, 4318535.143, 75
Trd, 4318535.493, 74
Trd, 4318536.843, 90
Trd, 4318537.143, 109
Trd, 4318537.643, 78
Trd, 4318538.143, 88
Trd, 4318538.543, 68
Trd, 4318538.993, 68
Trd, 4318539.943, 79
Trd, 4318540.443, 75
Trd, 4318540.543, 97
Trd, 4318541.243, 90
Trd, 4318541.543, 91
Trd, 4318543.193, 94
Trd, 4318543.393, 93
Trd, 4318543.743, 102
Trd, 4318544.793, 137
Trd, 4318546.743, 105
Trd, 4318546.793, 102
Trd, 4318546.943, 100
Trd, 4318549.293, 114
Trd, 4318549.593, 105
Trd, 4318550.743, 123
Trd, 4318550.893, 120
Trd, 4318551.293, 105
Trd, 4318551.993, 138
Trd, 4318552.093, 128
Trd, 4318552.443, 120
Trd, 4318553.693, 92
Trd, 4318554.793, 87
Trd, 4318554.893, 69
Trd, 4318554.993, 65
Trd, 4318555.343, 119
Trd, 4318556.593, 128
Trd, 4318557.693, 109
Trd, 4318557.743, 112
Trd, 4318559.743, 91
Trd, 4318559.943, 90
Trd, 4318560.943, 95
Trd, 4318561.043, 85
Trd, 4318561.993, 84
Trd, 4318562.943, 138
Trd, 4318563.043, 137
Trd, 4318563.693, 86
Trd, 4318564.443, 82
Trd, 4318565.843, 138
Trd, 4318566.043, 91
Trd, 4318567.393, 76
Trd, 4318567.693, 81
Trd, 4318569.043, 121
Trd, 4318569.493, 120
Trd, 4318569.693, 98
Trd, 4318570.993, 92
Trd, 4318571.793, 93
Trd, 4318572.343, 87
Trd, 4318572.743, 85
Trd, 4318573.093, 139
Trd, 4318573.193, 121
Trd, 4318574.243, 105
Trd, 4318575.343, 136
Trd, 4318575.843, 109
Trd, 4318576.043, 74
Trd, 4318577.093, 83
Trd, 4318577.193, 72
Trd, 4318578.043, 67
Trd, 4318578.093, 72
Trd, 4318579.593, 61
Trd, 4318580.493, 65
Trd, 4318582.093, 70
Trd, 4318582.943, 121
Trd, 4318583.343, 115
Trd, 4318583.643, 116
Trd, 4318583.843, 98
Trd, 4318584.993, 80
Trd, 4318585.343, 75
Trd, 4318585.693, 126
Trd, 4318585.943, 107
Trd, 4318586.143, 139
Trd, 4318586.443, 68
Trd, 4318588.443, 69
Trd, 4318588.943, 85
Trd, 4318589.593, 140
Trd, 4318590.743, 73
Trd, 4318591.843, 81
Trd, 4318592.543, 92
Trd, 4318593.993, 85
Trd, 4318595.243, 129
Trd, 4318595.593, 97
Trd, 4318596.193, 140
Trd, 4318596.243, 122
Trd, 4318597.193, 112
Trd, 4318597.293, 111
Trd, 4318599.943, 93
Trd, 4318599.993, 123
Trd, 4318600.393, 140
Trd, 4318600.443, 92
Trd, 4318600.493, 79
Trd, 4318600.593, 74
Trd, 4318600.993, 136
Trd, 4318601.493, 94
Trd, 4318603.243, 83
Trd, 4318604.393, 73
Trd, 4318606.393, 88
Trd, 4318606.443, 84
Trd, 4318606.543, 71
Trd, 4318608.893, 140
Trd, 4318609.043, 139
Trd, 4318609.193, 108
Trd, 4318609.643, 100
Trd, 4318610.593, 97
Trd, 4318610.693, 102
Trd, 4318610.793, 81
Trd, 4318610.843, 71
Trd, 4318612.493, 70
Trd, 4318613.243, 86
Trd, 4318614.393, 92
Trd, 4318614.443, 91
Trd, 4318614.993, 78
Trd, 4318616.693, 101
Trd, 4318616.993, 86
Trd, 4318618.043, 123
Trd, 4318619.143, 137
Trd, 4318620.043, 140
Trd, 4318620.543, 78
Trd, 4318620.593, 74
Trd, 4318622.943, 75
Trd, 4318623.043, 82
Trd, 4318623.343, 82
Trd, 4318623.793, 100
Trd, 4318624.343, 76
Trd, 4318624.743, 77
Trd, 4318625.143, 94
Trd, 4318625.793, 139
Trd, 4318627.243, 107
Trd, 4318627.943, 106
Trd, 4318628.093, 89
Trd, 4318628.743, 66
Trd, 4318629.543, 114
Trd, 4318629.843, 122
Trd, 4318631.893, 128
Trd, 4318631.993, 127
Trd, 4318632.643, 111
Trd, 4318632.693, 110
Trd, 4318633.093, 106
Trd, 4318633.343, 102
Trd, 4318633.893, 90
Trd, 4318635.393, 140
Trd, 4318637.293, 94
Trd, 4318637.393, 91
Trd, 4318638.643, 106
Trd, 4318639.093, 80
Trd, 4318639.243, 97
Trd, 4318639.643, 73
Trd, 4318640.793, 87
Trd, 4318641.293, 84
Trd, 4318642.043, 101
Trd, 4318643.143, 80
Trd, 4318643.693, 85
Trd, 4318644.493, 96
Trd, 4318646.243, 110
Trd, 4318646.793, 109
Trd, 4318646.843, 99
Trd, 4318646.893, 97
Trd, 4318647.093, 85
Trd, 4318648.543, 99
Trd, 4318649.493, 64
Trd, 4318650.193, 95
Trd, 4318651.093, 140
Trd, 4318651.193, 139
Trd, 4318651.843, 93
Trd, 4318652.143, 102
Trd, 4318653.393, 86
Trd, 4318653.443, 76
Trd, 4318654.793, 71
Trd, 4318656.243, 124
Trd, 4318656.293, 123
Trd, 4318657.443, 122
Trd, 4318658.543, 93
Trd, 4318658.693, 140
Trd, 4318658.943, 93
Trd, 4318659.193, 127
Trd, 4318659.293, 92
Trd, 4318659.993, 99
Trd, 4318660.443, 70
Trd, 4318662.343, 65
Trd, 4318664.143, 85
Trd, 4318664.843, 140
Trd, 4318665.043, 93
Trd, 4318666.493, 69
Trd, 4318666.643, 60
Trd, 4318666.843, 139
Trd, 4318667.643, 134
Trd, 4318668.093, 94
Trd, 4318668.693, 96
Trd, 4318668.793, 90
Trd, 4318669.643, 86
Trd, 4318670.293, 108
Trd, 4318670.343, 85
Trd, 4318671.493, 137
Trd, 4318671.543, 121
Trd, 4318673.043, 91
Trd, 4318673.093, 101
Trd, 4318674.093, 113
Trd, 4318675.143, 125
Trd, 4318675.843, 95
Trd, 4318676.393, 93
Trd, 4318677.393, 94
Trd, 4318678.593, 118
Trd, 4318679.443, 109
Trd, 4318680.393, 85
Trd, 4318680.793, 76
Trd, 4318681.393, 111
Trd, 4318681.843, 114
Trd, 4318683.143, 95
Trd, 4318684.793, 103
Trd, 4318684.843, 93
Trd, 4318685.443, 97
Trd, 4318685.543, 95
Trd, 4318686.343, 73
Trd, 4318686.743, 72
Trd, 4318688.043, 72
Trd, 4318688.443, 60
Trd, 4318688.743, 69
Trd, 4318689.893, 60
Trd, 4318690.243, 63
Trd, 4318691.193, 71
Trd, 4318691.843, 60
Trd, 4318692.193, 83
Trd, 4318692.643, 76
Trd, 4318694.293, 106
Trd, 4318695.543, 76
Trd, 4318696.593, 84
Trd, 4318696.793, 95
Trd, 4318697.293, 89
Trd, 4318697.893, 82
Trd, 4318699.143, 86
Trd, 4318699.843, 86
Trd, 4318700.243, 85
Trd, 4318700.393, 107
Trd, 4318700.543, 84
Trd, 4318701.243, 125
Trd, 4318701.843, 100
Trd, 4318702.193, 81
Trd, 4318702.293, 104
Trd, 4318702.443, 81
Trd, 4318702.893, 70
Trd, 4318704.643, 117
Trd, 4318705.443, 115
Trd, 4318706.093, 114
Trd, 4318707.543, 98
Trd, 4318707.643, 95
Trd, 4318708.193, 109
Trd, 4318708.843, 89
Trd, 4318710.043, 95
Trd, 4318710.443, 106
Trd, 4318710.793, 90
Trd, 4318711.193, 133
Trd, 4318711.293, 91
Trd, 4318712.693, 140
Trd, 4318712.743, 108
Trd, 4318712.793, 85
Trd, 4318713.543, 72
Trd, 4318714.843, 78
Trd, 4318715.243, 71
Trd, 4318716.743, 82
Trd, 4318716.993, 105
Trd, 4318717.193, 78
Trd, 4318718.293, 94
Trd, 4318719.493, 96
Trd, 4318720.693, 78
Trd, 4318720.893, 71
Trd, 4318721.193, 75
Trd, 4318721.243, 82
Trd, 4318722.793, 77
Trd, 4318724.343, 103
Trd, 4318724.843, 101
Trd, 4318725.093, 94
Trd, 4318725.443, 93
Trd, 4318726.443, 114
Trd, 4318726.493, 113
Trd, 4318728.193, 99
Trd, 4318728.343, 95
Trd, 4318728.543, 81
Trd, 4318730.093, 111
Trd, 4318730.493, 122
Trd, 4318730.943, 91
Trd, 4318731.593, 67
Trd, 4318733.443, 138
Trd, 4318733.543, 122
Trd, 4318733.593, 102
Trd, 4318735.593, 60
Trd, 4318737.593, 107
Trd, 4318737.843, 98
Trd, 4318738.093, 97
Trd, 4318738.343, 104
Trd, 4318738.493, 80
Trd, 4318739.543, 73
Trd, 4318740.893, 72
Trd, 4318741.493, 73
Trd, 4318741.743, 89
Trd, 4318742.443, 94
Trd, 4318743.043, 97
Trd, 4318743.143, 73
Trd, 4318743.293, 71
Trd, 4318744.443, 92
Trd, 4318745.843, 99
Trd, 4318746.293, 86
Trd, 4318746.493, 92
Trd, 4318746.643, 99
Trd, 4318746.843, 79
Trd, 4318748.243, 106
Trd, 4318748.893, 140
Trd, 4318749.593, 108
Trd, 4318749.693, 105
Trd, 4318750.493, 104
Trd, 4318751.243, 95
Trd, 4318752.093, 84
Trd, 4318752.693, 92
Trd, 4318752.993, 108
Trd, 4318753.293, 89
Trd, 4318754.293, 78
Trd, 4318755.243, 65
Trd, 4318756.193, 77
Trd, 4318757.693, 84
Trd, 4318758.343, 73
Trd, 4318760.293, 90
Trd, 4318760.443, 88
Trd, 4318762.443, 140
Trd, 4318762.593, 140
Trd, 4318762.693, 139
Trd, 4318762.743, 138
Trd, 4318763.393, 111
Trd, 4318763.793, 107
Trd, 4318763.893, 95
Trd, 4318764.193, 84
Trd, 4318766.293, 60
Trd, 4318768.093, 68
Trd, 4318768.293, 95
Trd, 4318768.443, 99
Trd, 4318770.243, 68
Trd, 4318772.593, 65
Trd, 4318773.343, 78
Trd, 4318774.093, 82
Trd, 4318774.343, 71
Trd, 4318775.493, 77
Trd, 4318775.743, 85
Trd, 4318776.243, 79
Trd, 4318776.893, 128
Trd, 4318777.143, 95
Trd, 4318777.343, 95
Trd, 4318777.993, 72
Trd, 4318779.843, 100
Trd, 4318779.893, 87
Trd, 4318780.993, 91
Trd, 4318781.093, 79
Trd, 4318782.243, 65
Trd, 4318782.643, 89
Trd, 4318783.793, 77
Trd, 4318784.243, 76
Trd, 4318784.843, 78
Trd, 4318785.493, 68
Trd, 4318786.143, 69
Trd, 4318786.193, 134
Trd, 4318787.543, 138
Trd, 4318787.593, 134
Trd, 4318788.343, 93
Trd, 4318788.393, 92
Trd, 4318790.593, 60
Trd, 4318790.743, 77
Trd, 4318793.043, 93
Trd, 4318793.143, 79
Trd, 4318794.393, 98
Trd, 4318794.743, 98
Trd, 4318795.493, 111
Trd, 4318795.543, 106
Trd, 4318797.293, 64
Trd, 4318799.343, 61
Trd, 4318799.743, 62
Trd, 4318800.893, 65
Trd, 4318801.393, 82
Trd, 4318801.943, 79
Trd, 4318802.243, 83
Trd, 4318802.743, 103
Trd, 4318803.593, 120
Trd, 4318803.743, 106
Trd, 4318804.743, 73
Trd, 4318804.993, 64
Trd, 4318806.043, 83
Trd, 4318806.293, 71
Trd, 4318806.693, 123
Trd, 4318807.693, 91
Trd, 4318808.543, 78
Trd, 4318808.643, 125
Trd, 4318809.043, 75
Trd, 4318809.193, 69
Trd, 4318809.293, 110
Trd, 4318810.343, 85
Trd, 4318812.143, 110
Trd, 4318812.293, 109
Trd, 4318812.693, 108
Trd, 4318813.243, 93
Trd, 4318813.293, 92
Trd, 4318814.193, 78
Trd, 4318814.843, 76
Trd, 4318816.293, 101
Trd, 4318816.543, 138
Trd, 4318817.643, 94
Trd, 4318818.593, 140
Trd, 4318819.243, 120
Trd, 4318819.393, 105
Trd, 4318820.243, 120
Trd, 4318821.193, 108
Trd, 4318821.843, 90
Trd, 4318822.093, 65
Trd, 4318822.293, 95
Trd, 4318822.943, 80
Trd, 4318825.043, 101
Trd, 4318825.293, 89
Trd, 4318825.443, 85
Trd, 4318826.193, 84
Trd, 4318826.693, 60
Trd, 4318827.243, 91
Trd, 4318827.293, 88
Trd, 4318827.893, 139
Trd, 4318829.593, 118
Trd, 4318830.043, 117
Trd, 4318830.393, 105
Trd, 4318831.293, 93
Trd, 4318832.543, 102
Trd, 4318833.093, 114
Trd, 4318836.043, 93
Trd, 4318836.143, 92
Trd, 4318836.493, 104
Trd, 4318836.693, 102
Trd, 4318838.143, 116
Trd, 4318838.643, 98
Trd, 4318839.043, 90
Trd, 4318839.693, 113
Trd, 4318840.043, 94
Trd, 4318841.093, 87
Trd, 4318841.293, 80
Trd, 4318841.393, 79
Trd, 4318843.143, 89
Trd, 4318843.293, 82
Trd, 4318843.493, 68
Trd, 4318843.843, 98
Trd, 4318844.993, 83
Trd, 4318846.593, 94
Trd, 4318847.143, 131
Trd, 4318847.343, 107
Trd, 4318848.693, 80
Trd, 4318848.743, 74
Trd, 4318849.693, 79
Trd, 4318850.443, 74
Trd, 4318850.743, 94
Trd, 4318851.493, 92
Trd, 4318852.243, 102
Trd, 4318852.643, 89
Trd, 4318853.393, 88
Trd, 4318853.443, 101
Trd, 4318854.493, 140
Trd, 4318854.843, 122
Trd, 4318854.993, 122
Trd, 4318856.443, 110
Trd, 4318857.693, 110
Trd, 4318857.943, 109
Trd, 4318857.993, 106
Trd, 4318859.193, 140
Trd, 4318859.643, 118
Trd, 4318859.993, 86
Trd, 4318860.343, 71
Trd, 4318861.393, 110
Trd, 4318862.293, 131
Trd, 4318862.343, 104
Trd, 4318862.643, 88
Trd, 4318864.393, 81
Trd, 4318864.793, 100
Trd, 4318865.143, 140
Trd, 4318866.943, 74
Trd, 4318868.193, 66
Trd, 4318868.943, 67
Trd, 4318869.143, 67
Trd, 4318869.743, 73
Trd, 4318870.493, 99
Trd, 4318871.193, 72
Trd, 4318871.943, 83
Trd, 4318872.793, 84
Trd, 4318873.243, 108
Trd, 4318873.543, 108
Trd, 4318874.143, 83
Trd, 4318875.093, 85
Trd, 4318875.193, 68
Trd, 4318877.843, 83
Trd, 4318878.543, 100
Trd, 4318878.793, 103
Trd, 4318879.743, 87
Trd, 4318880.393, 89
Trd, 4318881.893, 83
Trd, 4318882.493, 121
Trd, 4318883.093, 140
Trd, 4318883.493, 115
Trd, 4318883.643, 89
Trd, 4318884.293, 72
Trd, 4318885.443, 87
Trd, 4318885.893, 140
Trd, 4318886.043, 112
Trd, 4318886.293, 105
Trd, 4318887.393, 112
Trd, 4318888.893, 100
Trd, 4318889.193, 108
Trd, 4318889.293, 102
Trd, 4318889.993, 88
Trd, 4318891.093, 91
Trd, 4318891.343, 93
Trd, 4318892.943, 120
Trd, 4318893.593, 112
Trd, 4318894.743, 68
Trd, 4318895.043, 73
Trd, 4318895.893, 101
Trd, 4318896.393, 125
Trd, 4318897.443, 98
Trd, 4318897.793, 106
Trd, 4318898.193, 140
Trd, 4318898.893, 134
Trd, 4318899.393, 133
Trd, 4318899.743, 130
Trd, 4318899.943, 110
Trd, 4318900.043, 107
Trd, 4318900.993, 112
Trd, 4318901.593, 90
Trd, 4318901.743, 62
Trd, 4318902.093, 75
Trd, 4318903.143, 65
Trd, 4318903.993, 117
Trd, 4318906.893, 126
Trd, 4318907.143, 98
Trd, 4318907.343, 95
Trd, 4318907.543, 81
Trd, 4318907.693, 75
Trd, 4318909.093, 140
Trd, 4318909.843, 66
Trd, 4318910.493, 75
Trd, 4318911.243, 96
Trd, 4318911.993, 117
Trd, 4318912.293, 81
Trd, 4318913.793, 118
Trd, 4318913.893, 102
Trd, 4318914.443, 102
Trd, 4318914.693, 119
Trd, 4318915.443, 117
Trd, 4318916.193, 94
Trd, 4318916.843, 63
Trd, 4318917.943, 86
Trd, 4318917.993, 97
Trd, 4318918.443, 66
Trd, 4318919.293, 84
Trd, 4318919.943, 73
Trd, 4318920.043, 72
Trd, 4318920.593, 89
Trd, 4318923.093, 61
Trd, 4318923.593, 98
Trd, 4318923.693, 90
Trd, 4318923.993, 100
Trd, 4318924.293, 86
Trd, 4318926.743, 106
Trd, 4318926.943, 86
Trd, 4318928.143, 92
Trd, 4318928.793, 110
Trd, 4318928.993, 96
Trd, 4318929.393, 75
Trd, 4318930.493, 79
Trd, 4318931.343, 83
Trd, 4318931.793, 82
Trd, 4318933.043, 107
Trd, 4318933.593, 104
Trd, 4318933.693, 135
Trd, 4318933.843, 104
Trd, 4318934.643, 76
Trd, 4318935.343, 79
Trd, 4318936.243, 72
Trd, 4318937.493, 76
Trd, 4318939.593, 71
Trd, 4318939.793, 99
Trd, 4318939.893, 96
Trd, 4318939.943, 73
Trd, 4318941.093, 61
Trd, 4318942.243, 107
Trd, 4318942.843, 80
Trd, 4318943.293, 66
Trd, 4318944.443, 63
Trd, 4318945.293, 89
Trd, 4318946.093, 66
Trd, 4318946.593, 70
Trd, 4318946.943, 75
Trd, 4318947.293, 77
Trd, 4318948.293, 95
Trd, 4318948.593, 110
Trd, 4318949.393, 79
Trd, 4318949.743, 72
Trd, 4318950.343, 99
Trd, 4318951.343, 110
Trd, 4318951.493, 101
Trd, 4318952.343, 122
Trd, 4318953.093, 74
Trd, 4318954.543, 98
Trd, 4318954.893, 73
Trd, 4318955.093, 68
Trd, 4318955.443, 66
Trd, 4318956.293, 64
Trd, 4318957.893, 60
Trd, 4318958.443, 62
Trd, 4318958.593, 70
Trd, 4318958.893, 83
Trd, 4318959.593, 93
Trd, 4318959.893, 116
Trd, 4318960.443, 66
Trd, 4318960.543, 71
Trd, 4318961.193, 87
Trd, 4318961.543, 109
Trd, 4318962.243, 119
Trd, 4318964.443, 108
Trd, 4318965.293, 130
Trd, 4318965.643, 116
Trd, 4318965.793, 118
Trd, 4318967.443, 140
Trd, 4318968.693, 140
Trd, 4318968.943, 119
Trd, 4318968.993, 111
Trd, 4318970.243, 104
Trd, 4318971.143, 102
Trd, 4318971.443, 96
Trd, 4318971.493, 83
Trd, 4318972.543, 113
Trd, 4318972.743, 140
Trd, 4318974.393, 113
Trd, 4318974.793, 84
Trd, 4318975.593, 92
Trd, 4318975.643, 77
Trd, 4318976.293, 67
Trd, 4318976.843, 138
Trd, 4318977.293, 92
Trd, 4318977.793, 93
Trd, 4318979.843, 102
Trd, 4318979.993, 101
Trd, 4318980.093, 97
Trd, 4318981.593, 128
Trd, 4318982.243, 100
Trd, 4318983.643, 111
Trd, 4318983.843, 110
Trd, 4318984.193, 97
Trd, 4318985.243, 135
Trd, 4318985.643, 129
Trd, 4318986.943, 111
Trd, 4318987.043, 104
Trd, 4318987.243, 96
Trd, 4318988.243, 96
Trd, 4318988.593, 89
Trd, 4318989.093, 86
Trd, 4318989.893, 84
Trd, 4318989.993, 78
Trd, 4318990.693, 74
Trd, 4318992.393, 68
Trd, 4318992.793, 77
Trd, 4318993.043, 68
Trd, 4318993.393, 135
Trd, 4318994.343, 94
Trd, 4318994.543, 93
Trd, 4318995.693, 73
Trd, 4318996.293, 138
Trd, 4318997.993, 122
Trd, 4318998.093, 102
Trd, 4318999.043, 79
Trd, 4318999.193, 76
Trd, 4318999.993, 60
Trd, 4319000.643, 104
Trd, 4319001.393, 119
Trd, 4319003.993, 92
Trd, 4319004.243, 90
Trd, 4319004.293, 108
Trd, 4319004.743, 96
Trd, 4319005.043, 78
Trd, 4319005.643, 133
Trd, 4319005.843, 100
Trd, 4319006.443, 75
Trd, 4319007.293, 66
Trd, 4319007.693, 77
Trd, 4319008.443, 78
Trd, 4319009.443, 69
Trd, 4319011.243, 94
Trd, 4319011.393, 92
Trd, 4319012.693, 73
Trd, 4319012.743, 72
Trd, 4319013.443, 115
Trd, 4319013.543, 96
Trd, 4319014.043, 72
Trd, 4319015.193, 110
Trd, 4319017.093, 109
Trd, 4319017.493, 114
Trd, 4319017.893, 108
Trd, 4319017.943, 99
Trd, 4319019.243, 140
Trd, 4319019.343, 103
Trd, 4319020.243, 113
Trd, 4319020.943, 110
Trd, 4319021.043, 97
Trd, 4319022.143, 104
Trd, 4319022.543, 111
Trd, 4319022.743, 93
Trd, 4319023.993, 92
Trd, 4319024.443, 140
Trd, 4319024.543, 136
Trd, 4319025.343, 108
Trd, 4319025.493, 88
Trd, 4319026.043, 87
Trd, 4319026.093, 83
Trd, 4319028.093, 118
Trd, 4319029.043, 91
Trd, 4319029.393, 140
Trd, 4319029.993, 101
Trd, 4319030.793, 97
Trd, 4319031.143, 105
Trd, 4319031.793, 86
Trd, 4319032.093, 106
Trd, 4319033.493, 61
Trd, 4319034.193, 70
Trd, 4319034.793, 81
Trd, 4319034.893, 95
Trd, 4319036.493, 69
Trd, 4319038.943, 86
Trd, 4319038.993, 83
Trd, 4319039.093, 78
Trd, 4319039.193, 77
Trd, 4319040.593, 129
Trd, 4319040.943, 110
Trd, 4319041.743, 87
Trd, 4319042.743, 98
Trd, 4319043.643, 88
Trd, 4319043.993, 76
Trd, 4319045.243, 76
Trd, 4319045.693, 111
Trd, 4319045.843, 104
Trd, 4319046.143, 84
Trd, 4319047.493, 83
Trd, 4319047.593, 96
Trd, 4319048.793, 110
Trd, 4319049.793, 80
Trd, 4319050.093, 61
Trd, 4319051.743, 108
Trd, 4319051.893, 104
Trd, 4319053.043, 105
Trd, 4319054.493, 124
Trd, 4319055.193, 120
Trd, 4319055.743, 133
Trd, 4319055.843, 108
Trd, 4319057.093, 138
Trd, 4319058.043, 125
Trd, 4319058.193, 138
Trd, 4319058.243, 121
Trd, 4319059.193, 140
Trd, 4319059.743, 126
Trd, 4319060.543, 126
Trd, 4319061.143, 85
Trd, 4319062.193, 101
Trd, 4319062.843, 91
Trd, 4319063.893, 73
Trd, 4319063.943, 91
Trd, 4319065.093, 140
Trd, 4319066.943, 123
Trd, 4319067.293, 124
Trd, 4319067.843, 124
Trd, 4319069.143, 102
Trd, 4319069.443, 93
Trd, 4319070.343, 136
Trd, 4319071.943, 86
Trd, 4319072.243, 103
Trd, 4319072.293, 64
Trd, 4319072.493, 63
Trd, 4319074.043, 65
Trd, 4319074.193, 88
Trd, 4319074.493, 91
Trd, 4319075.143, 140
Trd, 4319075.443, 139
Trd, 4319075.793, 96
Trd, 4319076.343, 69
Trd, 4319077.743, 77
Trd, 4319078.193, 101
Trd, 4319079.243, 140
Trd, 4319080.743, 139
Trd, 4319080.893, 124
Trd, 4319080.993, 108
Trd, 4319081.293, 91
Trd, 4319083.393, 108
Trd, 4319083.943, 106
Trd, 4319084.793, 113
Trd, 4319085.043, 88
Trd, 4319085.543, 116
Trd, 4319085.793, 105
Trd, 4319086.593, 129
Trd, 4319086.693, 103
Trd, 4319086.993, 76
Trd, 4319089.343, 73
Trd, 4319089.793, 74
Trd, 4319090.193, 81
Trd, 4319092.543, 61
Trd, 4319092.943, 79
Trd, 4319093.243, 92
Trd, 4319093.393, 72
Trd, 4319094.343, 85
Trd, 4319095.643, 88
Trd, 4319095.893, 121
Trd, 4319096.493, 86
Trd, 4319096.543, 84
Trd, 4319097.943, 86
Trd, 4319098.043, 81
Trd, 4319098.493, 70
Trd, 4319098.743, 99
Trd, 4319101.943, 62
Trd, 4319102.443, 61
Trd, 4319102.793, 63
Trd, 4319103.643, 73
Trd, 4319104.493, 71
Trd, 4319105.443, 72
Trd, 4319105.643, 80
Trd, 4319106.943, 88
Trd, 4319107.493, 126
Trd, 4319107.793, 74
Trd, 4319108.793, 63
Trd, 4319109.443, 61
Trd, 4319109.693, 79
Trd, 4319110.743, 65
Trd, 4319111.143, 118
Trd, 4319111.593, 108
Trd, 4319113.193, 67
Trd, 4319113.743, 91
Trd, 4319113.843, 108
Trd, 4319114.743, 65
Trd, 4319115.593, 64
Trd, 4319115.643, 60
Trd, 4319117.043, 94
Trd, 4319119.693, 60
Trd, 4319120.393, 66
Trd, 4319122.493, 62
Trd, 4319122.643, 67
Trd, 4319123.143, 67
Trd, 4319123.743, 77
Trd, 4319125.043, 72
Trd, 4319126.143, 87
Trd, 4319126.593, 78
Trd, 4319127.293, 77
Trd, 4319127.793, 79
Trd, 4319128.143, 78
Trd, 4319128.643, 63
Trd, 4319129.043, 66
Trd, 4319129.193, 75
Trd, 4319131.543, 74
Trd, 4319132.093, 90
Trd, 4319132.593, 140
Trd, 4319133.193, 139
Trd, 4319133.493, 118
Trd, 4319133.643, 117
Trd, 4319133.693, 90
Trd, 4319135.193, 72
Trd, 4319136.643, 71
Trd, 4319136.993, 88
Trd, 4319137.493, 90
Trd, 4319137.743, 81
Trd, 4319137.793, 101
Trd, 4319138.443, 110
Trd, 4319139.543, 81
Trd, 4319139.743, 87
Trd, 4319141.443, 64
Trd, 4319141.643, 69
Trd, 4319142.693, 102
Trd, 4319143.143, 84
Trd, 4319144.293, 78
Trd, 4319145.043, 80
Trd, 4319145.093, 79
Trd, 4319146.443, 78
Trd, 4319147.593, 67
Trd, 4319147.643, 80
Trd, 4319147.893, 112
Trd, 4319147.993, 100
Trd, 4319148.893, 118
Trd, 4319149.043, 111
Trd, 4319149.593, 88
Trd, 4319149.693, 139
Trd, 4319149.843, 74
Trd, 4319152.743, 109
Trd, 4319153.243, 91
Trd, 4319153.443, 76
Trd, 4319154.943, 102
Trd, 4319155.293, 101
Trd, 4319155.793, 114
Trd, 4319156.193, 96
Trd, 4319156.843, 123
Trd, 4319158.393, 75
Trd, 4319160.593, 97
Trd, 4319160.843, 105
Trd, 4319161.043, 104
Trd, 4319161.443, 89
Trd, 4319162.093, 74
Trd, 4319162.343, 140
Trd, 4319164.193, 69
Trd, 4319164.393, 105
Trd, 4319165.543, 70
Trd, 4319166.493, 82
Trd, 4319166.743, 66
Trd, 4319167.093, 62
Trd, 4319168.043, 66
Trd, 4319168.843, 78
Trd, 4319169.243, 89
Trd, 4319169.543, 71
Trd, 4319169.743, 109
Trd, 4319171.593, 111
Trd, 4319172.193, 111
Trd, 4319173.643, 125
Trd, 4319173.893, 125
Trd, 4319174.743, 140
Trd, 4319174.893, 122
Trd, 4319175.093, 120
Trd, 4319175.943, 96
Trd, 4319176.593, 113
Trd, 4319176.893, 93
Trd, 4319178.493, 138
Trd, 4319178.643, 106
Trd, 4319179.193, 79
Trd, 4319179.943, 78
Trd, 4319179.993, 70
Trd, 4319180.893, 121
Trd, 4319180.993, 118
Trd, 4319182.593, 140
Trd, 4319185.093, 82
Trd, 4319185.293, 81
Trd, 4319186.043, 91
Trd, 4319186.643, 78
Trd, 4319188.193, 93
Trd, 4319188.843, 102
Trd, 4319189.293, 91
Trd, 4319189.643, 88
Trd, 4319189.943, 87
Trd, 4319190.093, 80
Trd, 4319190.543, 75
Trd, 4319191.593, 68
Trd, 4319191.993, 62
Trd, 4319193.093, 76
Trd, 4319193.993, 99
Trd, 4319194.643, 99
Trd, 4319194.993, 91
Trd, 4319196.343, 106
Trd, 4319196.943, 75
Trd, 4319198.193, 76
Trd, 4319198.743, 68
Trd, 4319198.893, 81
Trd, 4319199.143, 62
Trd, 4319199.243, 61
Trd, 4319200.343, 83
Trd, 4319200.693, 64
Trd, 4319201.343, 88
Trd, 4319201.743, 75
Trd, 4319202.093, 94
Trd, 4319203.293, 107
Trd, 4319205.143, 105
Trd, 4319205.193, 81
Trd, 4319206.243, 84
Trd, 4319206.793, 140
Trd, 4319206.843, 140
Trd, 4319206.993, 96
Trd, 4319207.993, 95
Trd, 4319208.993, 62
Trd, 4319209.593, 65
Trd, 4319210.293, 78
Trd, 4319211.693, 130
Trd, 4319212.193, 110
Trd, 4319212.293, 105
Trd, 4319212.543, 103
Trd, 4319213.043, 109
Trd, 4319213.443, 82
Trd, 4319214.793, 66
Trd, 4319217.093, 61
Trd, 4319217.743, 62
Trd, 4319218.993, 70
Trd, 4319219.143, 105
Trd, 4319219.493, 92
Trd, 4319219.993, 69
Trd, 4319220.443, 62
Trd, 4319221.993, 60
Trd, 4319222.393, 83
Trd, 4319222.543, 60
Trd, 4319223.493, 76
Trd, 4319224.043, 97
Trd, 4319226.443, 68
Trd, 4319226.643, 102
Trd, 4319226.893, 83
Trd, 4319227.643, 126
Trd, 4319228.093, 126
Trd, 4319228.793, 114
Trd, 4319228.843, 113
Trd, 4319229.893, 139
Trd, 4319230.293, 83
Trd, 4319230.843, 66
Trd, 4319231.393, 103
Trd, 4319232.143, 74
Trd, 4319233.343, 75
Trd, 4319233.543, 66
Trd, 4319233.943, 79
Trd, 4319235.693, 89
Trd, 4319235.793, 92
Trd, 4319235.843, 88
Trd, 4319236.243, 60
Trd, 4319238.143, 134
Trd, 4319238.243, 133
Trd, 4319238.543, 85
Trd, 4319239.343, 66
Trd, 4319241.343, 66
Trd, 4319241.893, 75
Trd, 4319242.593, 64
Trd, 4319242.993, 84
Trd, 4319243.243, 115
Trd, 4319244.243, 70
Trd, 4319245.193, 94
Trd, 4319246.293, 70
Trd, 4319247.093, 92
Trd, 4319247.493, 72
Trd, 4319249.293, 74
Trd, 4319250.243, 75
Trd, 4319250.493, 81
Trd, 4319251.493, 89
Trd, 4319251.643, 90
Trd, 4319251.843, 93
Trd, 4319251.943, 68
Trd, 4319252.193, 112
Trd, 4319252.393, 87
Trd, 4319254.193, 106
Trd, 4319254.543, 105
Trd, 4319254.743, 98
Trd, 4319255.393, 104
Trd, 4319255.493, 95
Trd, 4319255.643, 77
Trd, 4319256.193, 65
Trd, 4319259.093, 65
Trd, 4319259.193, 66
Trd, 4319260.743, 79
Trd, 4319261.043, 99
Trd, 4319261.293, 76
Trd, 4319262.443, 84
Trd, 4319262.743, 80
Trd, 4319262.993, 104
Trd, 4319263.093, 81
Trd, 4319263.143, 78
Trd, 4319263.943, 124
Trd, 4319264.643, 88
Trd, 4319265.943, 99
Trd, 4319266.343, 95
Trd, 4319267.593, 140
Trd, 4319267.693, 140
Trd, 4319267.843, 120
Trd, 4319267.893, 111
Trd, 4319268.743, 110
Trd, 4319269.593, 85
Trd, 4319270.193, 88
Trd, 4319270.243, 84
Trd, 4319273.043, 110
Trd, 4319273.093, 117
Trd, 4319274.993, 96
Trd, 4319275.693, 97
Trd, 4319275.743, 96
Trd, 4319276.493, 114
Trd, 4319277.293, 113
Trd, 4319277.443, 100
Trd, 4319278.443, 76
Trd, 4319279.693, 140
Trd, 4319279.843, 111
Trd, 4319281.443, 112
Trd, 4319281.543, 112
Trd, 4319281.893, 111
Trd, 4319282.743, 74
Trd, 4319283.193, 82
Trd, 4319283.843, 140
Trd, 4319284.293, 115
Trd, 4319284.693, 94
Trd, 4319286.393, 94
Trd, 4319286.543, 109
Trd, 4319286.893, 64
Trd, 4319287.543, 64
Trd, 4319288.043, 61
Trd, 4319289.143, 94
Trd, 4319289.893, 80
Trd, 4319290.543, 70
Trd, 4319291.243, 117
Trd, 4319291.743, 129
Trd, 4319292.043, 107
Trd, 4319292.343, 106
Trd, 4319292.693, 83
Trd, 4319293.043, 86
Trd, 4319294.693, 83
Trd, 4319295.543, 125
Trd, 4319295.693, 74
Trd, 4319296.093, 108
Trd, 4319296.643, 99
Trd, 4319296.993, 111
Trd, 4319297.193, 95
Trd, 4319298.093, 102
Trd, 4319299.393, 113
Trd, 4319300.143, 126
Trd, 4319300.193, 107
Trd, 4319300.893, 106
Trd, 4319301.493, 100
Trd, 4319302.193, 110
Trd, 4319302.243, 109
Trd, 4319302.743, 67
Trd, 4319303.443, 62
Trd, 4319303.593, 92
Trd, 4319305.343, 85
Trd, 4319306.793, 130
Trd, 4319307.493, 129
Trd, 4319307.643, 112
Trd, 4319308.593, 82
Trd, 4319308.843, 116
Trd, 4319308.893, 132
Trd, 4319310.343, 80
Trd, 4319310.643, 67
Trd, 4319310.743, 72
Trd, 4319311.043, 66
Trd, 4319311.493, 62
Trd, 4319313.443, 71
Trd, 4319313.493, 87
Trd, 4319314.393, 68
Trd, 4319315.593, 62
Trd, 4319316.493, 89
Trd, 4319316.993, 87
Trd, 4319317.993, 80
Trd, 4319318.743, 98
Trd, 4319319.093, 85
Trd, 4319320.493, 82
Trd, 4319321.193, 84
Trd, 4319321.893, 99
Trd, 4319322.793, 94
Trd, 4319323.093, 106
Trd, 4319323.893, 101
Trd, 4319324.843, 140
Trd, 4319324.943, 100
Trd, 4319325.193, 99
Trd, 4319325.543, 79
Trd, 4319326.643, 87
Trd, 4319327.343, 99
Trd, 4319327.693, 84
Trd, 4319328.143, 101
Trd, 4319329.193, 89
Trd, 4319329.793, 83
Trd, 4319331.343, 104
Trd, 4319331.593, 97
Trd, 4319332.443, 100
Trd, 4319332.893, 92
Trd, 4319333.443, 102
Trd, 4319333.493, 67
Trd, 4319333.843, 139
Trd, 4319335.443, 89
Trd, 4319335.593, 85
Trd, 4319336.093, 80
Trd, 4319336.643, 79
Trd, 4319337.443, 100
Trd, 4319337.993, 96
Trd, 4319338.643, 92
Trd, 4319339.343, 70
Trd, 4319340.343, 102
Trd, 4319340.393, 94
Trd, 4319340.693, 94
Trd, 4319342.343, 62
Trd, 4319342.543, 75
Trd, 4319343.293, 112
Trd, 4319343.643, 105
Trd, 4319344.893, 64
Trd, 4319346.193, 81
Trd, 4319346.993, 71
Trd, 4319347.343, 70
Trd, 4319347.743, 106
Trd, 4319348.793, 106
Trd, 4319349.093, 89
Trd, 4319349.443, 96
Trd, 4319349.893, 77
Trd, 4319350.743, 140
Trd, 4319351.543, 139
Trd, 4319351.693, 102
Trd, 4319352.243, 90
Trd, 4319354.293, 111
Trd, 4319354.743, 97
Trd, 4319355.643, 65
Trd, 4319356.793, 135
Trd, 4319358.243, 86
Trd, 4319358.443, 86
Trd, 4319358.493, 78
Trd, 4319358.893, 62
Trd, 4319359.943, 92
Trd, 4319360.043, 90
Trd, 4319361.393, 118
Trd, 4319361.993, 91
Trd, 4319362.743, 81
Trd, 4319363.043, 83
Trd, 4319364.643, 84
Trd, 4319365.593, 116
Trd, 4319366.343, 140
Trd, 4319366.493, 117
Trd, 4319368.093, 100
Trd, 4319368.643, 95
Trd, 4319369.193, 94
Trd, 4319369.943, 90
Trd, 4319370.643, 140
Trd, 4319370.793, 106
Trd, 4319371.893, 125
Trd, 4319372.743, 125
Trd, 4319372.943, 106
Trd, 4319373.243, 137
Trd, 4319373.343, 106
Trd, 4319373.693, 67
Trd, 4319373.893, 74
Trd, 4319375.793, 61
Trd, 4319376.043, 60
Trd, 4319377.243, 103
Trd, 4319377.343, 91
Trd, 4319378.343, 85
Trd, 4319378.593, 139
Trd, 4319379.243, 111
Trd, 4319380.193, 92
Trd, 4319380.443, 86
Trd, 4319381.243, 88
Trd, 4319381.793, 93
Trd, 4319382.643, 88
Trd, 4319382.943, 86
Trd, 4319383.893, 121
Trd, 4319383.943, 96
Trd, 4319384.143, 85
Trd, 4319386.493, 74
Trd, 4319386.793, 71
Trd, 4319386.843, 81
Trd, 4319387.393, 75
Trd, 4319387.943, 95
Trd, 4319388.093, 78
Trd, 4319388.843, 99
Trd, 4319389.993, 101
Trd, 4319390.443, 83
Trd, 4319391.243, 80
Trd, 4319392.243, 75
Trd, 4319392.343, 106
Trd, 4319394.743, 131
Trd, 4319395.543, 122
Trd, 4319395.643, 121
Trd, 4319397.043, 132
Trd, 4319397.093, 131
Trd, 4319397.493, 113
Trd, 4319397.643, 127
Trd, 4319398.093, 116
Trd, 4319399.493, 115
Trd, 4319400.243, 100
Trd, 4319400.693, 105
Trd, 4319401.843, 124
Trd, 4319403.193, 124
Trd, 4319403.393, 96
Trd, 4319404.043, 140
Trd, 4319404.593, 120
Trd, 4319405.693, 124
Trd, 4319406.143, 123
Trd, 4319406.743, 101
Trd, 4319407.843, 106
Trd, 4319409.643, 111
Trd, 4319410.243, 71
Trd, 4319410.493, 95
Trd, 4319411.943, 95
Trd, 4319412.093, 103
Trd, 4319412.993, 79
Trd, 4319413.443, 79
Trd, 4319413.543, 109
Trd, 4319413.993, 74
Trd, 4319415.543, 92
Trd, 4319416.993, 86
Trd, 4319417.093, 87
Trd, 4319417.193, 83
Trd, 4319417.293, 94
Trd, 4319418.543, 75
Trd, 4319418.643, 101
Trd, 4319419.243, 88
Trd, 4319420.943, 61
Trd, 4319421.643, 82
Trd, 4319422.143, 71
Trd, 4319422.593, 110
Trd, 4319422.743, 135
Trd, 4319424.293, 83
Trd, 4319425.143, 100
Trd, 4319426.093, 100
Trd, 4319426.393, 94
Trd, 4319426.793, 103
Trd, 4319427.193, 93
Trd, 4319427.793, 95
Trd, 4319428.193, 131
Trd, 4319428.843, 82
Trd, 4319429.143, 79
Trd, 4319430.193, 77
Trd, 4319431.393, 133
Trd, 4319432.693, 80
Trd, 4319433.643, 85
Trd, 4319433.893, 91
Trd, 4319434.343, 84
Trd, 4319434.743, 140
Trd, 4319436.293, 61
Trd, 4319436.993, 64
Trd, 4319438.893, 72
Trd, 4319439.343, 76
Trd, 4319439.993, 98
Trd, 4319440.093, 97
Trd, 4319440.993, 82
Trd, 4319441.193, 79
Trd, 4319441.343, 85
Trd, 4319441.443, 77
Trd, 4319442.393, 96
Trd, 4319442.943, 139
Trd, 4319444.443, 89
Trd, 4319444.593, 97
Trd, 4319444.793, 70
Trd, 4319446.693, 85
Trd, 4319447.843, 67
Trd, 4319448.293, 68
Trd, 4319449.743, 60
Trd, 4319449.943, 65
Trd, 4319450.693, 89
Trd, 4319450.743, 84
Trd, 4319451.243, 92
Trd, 4319451.493, 71
Trd, 4319451.793, 70
Trd, 4319452.643, 118
Trd, 4319454.293, 99
Trd, 4319454.993, 100
Trd, 4319455.293, 90
Trd, 4319455.393, 88
Trd, 4319456.293, 73
Trd, 4319457.193, 132
Trd, 4319457.593, 118
Trd, 4319457.843, 139
Trd, 4319459.143, 63
Trd, 4319460.993, 85
Trd, 4319461.193, 111
Trd, 4319461.993, 85
Trd, 4319462.043, 82
Trd, 4319462.593, 77
Trd, 4319462.793, 68
Trd, 4319463.443, 93
Trd, 4319465.093, 73
Trd, 4319465.143, 70
Trd, 4319465.843, 92
Trd, 4319466.893, 76
Trd, 4319467.493, 70
Trd, 4319468.093, 91
Trd, 4319468.443, 67
Trd, 4319468.893, 93
Trd, 4319469.143, 63
Trd, 4319470.893, 62
Trd, 4319471.943, 90
Trd, 4319473.643, 69
Trd, 4319474.343, 82
Trd, 4319474.893, 82
Trd, 4319475.993, 96
Trd, 4319476.193, 104
Trd, 4319477.043, 139
Trd, 4319477.293, 101
Trd, 4319477.743, 100
Trd, 4319477.943, 92
Trd, 4319478.043, 61
Trd, 4319479.243, 131
Trd, 4319480.893, 94
Trd, 4319481.943, 62
Trd, 4319482.843, 87
Trd, 4319483.343, 68
Trd, 4319483.593, 95
Trd, 4319484.293, 110
Trd, 4319486.243, 62
Trd, 4319486.743, 73
Trd, 4319487.543, 88
Trd, 4319489.193, 79
Trd, 4319489.693, 110
Trd, 4319489.793, 119
Trd, 4319490.243, 80
Trd, 4319490.593, 69
Trd, 4319491.193, 85
Trd, 4319491.493, 140
Trd, 4319491.543, 93
Trd, 4319491.943, 72
Trd, 4319493.743, 70
Trd, 4319495.243, 115
Trd, 4319496.393, 131
Trd, 4319496.943, 132
Trd, 4319497.093, 130
Trd, 4319497.743, 115
Trd, 4319498.443, 102
Trd, 4319498.493, 97
Trd, 4319499.293, 60
Trd, 4319500.593, 60
Trd, 4319500.693, 64
Trd, 4319501.493, 91
Trd, 4319502.293, 120
Trd, 4319502.343, 125
Trd, 4319502.593, 119
Trd, 4319502.943, 117
Trd, 4319502.993, 115
Trd, 4319503.743, 111
Trd, 4319503.793, 102
Trd, 4319505.293, 139
Trd, 4319506.493, 104
Trd, 4319506.793, 94
Trd, 4319507.043, 103
Trd, 4319507.993, 75
Trd, 4319508.743, 139
Trd, 4319509.443, 106
Trd, 4319509.943, 106
Trd, 4319510.593, 89
Trd, 4319510.743, 111
Trd, 4319511.293, 61
Trd, 4319512.293, 93
Trd, 4319513.143, 60
Trd, 4319515.543, 94
Trd, 4319515.593, 94
Trd, 4319515.693, 93
Trd, 4319516.843, 88
Trd, 4319517.043, 87
Trd, 4319517.143, 76
Trd, 4319519.143, 140
Trd, 4319519.243, 77
Trd, 4319520.643, 96
Trd, 4319521.143, 101
Trd, 4319521.993, 100
Trd, 4319522.543, 98
Trd, 4319523.643, 106
Trd, 4319524.393, 97
Trd, 4319525.543, 125
Trd, 4319525.593, 93
Trd, 4319525.793, 95
Trd, 4319526.193, 108
Trd, 4319526.793, 90
Trd, 4319527.143, 88
Trd, 4319528.493, 74
Trd, 4319529.193, 71
Trd, 4319530.493, 111
Trd, 4319530.743, 92
Trd, 4319530.943, 78
Trd, 4319532.293, 140
Trd, 4319532.643, 107
Trd, 4319532.693, 97
Trd, 4319532.993, 82
Trd, 4319534.243, 111
Trd, 4319535.143, 131
Trd, 4319535.193, 130
Trd, 4319536.043, 101
Trd, 4319536.493, 100
Trd, 4319537.743, 132
Trd, 4319538.443, 134
Trd, 4319538.593, 101
Trd, 4319539.993, 82
Trd, 4319540.543, 72
Trd, 4319541.293, 77
Trd, 4319542.293, 69
Trd, 4319542.343, 89
Trd, 4319542.593, 127
Trd, 4319543.093, 102
Trd, 4319545.593, 74
Trd, 4319546.643, 78
Trd, 4319546.993, 74
Trd, 4319547.543, 70
Trd, 4319548.143, 71
Trd, 4319549.543, 140
Trd, 4319549.943, 62
Trd, 4319550.493, 71
Trd, 4319550.743, 73
Trd, 4319552.443, 69
Trd, 4319553.543, 89
Trd, 4319553.993, 71
Trd, 4319554.143, 82
Trd, 4319554.593, 80
Trd, 4319554.943, 96
Trd, 4319557.293, 61
Trd, 4319557.743, 61
Trd, 4319559.143, 87
Trd, 4319559.193, 86
Trd, 4319559.693, 81
Trd, 4319560.193, 79
Trd, 4319560.993, 140
Trd, 4319562.043, 122
Trd, 4319562.343, 108
Trd, 4319562.743, 121
Trd, 4319563.843, 85
Trd, 4319563.943, 71
Trd, 4319564.293, 109
Trd, 4319565.643, 100
Trd, 4319566.043, 102
Trd, 4319566.893, 104
Trd, 4319568.743, 81
Trd, 4319569.343, 62
Trd, 4319569.493, 91
Trd, 4319569.993, 87
Trd, 4319570.443, 138
Trd, 4319570.543, 66
Trd, 4319571.593, 84
Trd, 4319573.193, 73
Trd, 4319573.693, 79
Trd, 4319574.493, 95
Trd, 4319575.693, 85
Trd, 4319575.743, 102
Trd, 4319576.493, 83
Trd, 4319576.893, 91
Trd, 4319577.743, 140
Trd, 4319578.943, 122
Trd, 4319579.343, 118
Trd, 4319579.393, 87
Trd, 4319580.243, 77
Trd, 4319581.743, 60
Trd, 4319581.893, 71
Trd, 4319582.943, 94
Trd, 4319584.143, 66
Trd, 4319585.143, 68
Trd, 4319585.393, 75
Trd, 4319585.493, 62
Trd, 4319586.293, 61
Trd, 4319586.743, 69
Trd, 4319587.243, 85
Trd, 4319589.443, 83
Trd, 4319590.393, 62
Trd, 4319591.243, 95
Trd, 4319591.693, 86
Trd, 4319592.543, 92
Trd, 4319592.943, 69
Trd, 4319593.243, 71
Trd, 4319594.293, 68
Trd, 4319594.793, 66
Trd, 4319595.243, 98
Trd, 4319595.493, 80
Trd, 4319596.093, 66
Trd, 4319597.893, 78
Trd, 4319598.293, 82
Trd, 4319599.193, 93
Trd, 4319599.993, 139
Trd, 4319600.043, 123
Trd, 4319600.693, 89
Trd, 4319602.343, 124
Trd, 4319602.893, 124
Trd, 4319603.593, 96
Trd, 4319603.843, 140
Trd, 4319604.443, 119
Trd, 4319604.993, 101
Trd, 4319605.593, 71
Trd, 4319606.543, 129
Trd, 4319607.493, 112
Trd, 4319607.893, 117
Trd, 4319609.493, 115
Trd, 4319610.343, 129
Trd, 4319610.643, 116
Trd, 4319611.093, 116
Trd, 4319611.193, 115
Trd, 4319611.443, 96
Trd, 4319612.493, 82
Trd, 4319612.593, 78
Trd, 4319613.493, 79
Trd, 4319614.893, 60
Trd, 4319615.243, 66
Trd, 4319616.693, 63
Trd, 4319616.793, 87
Trd, 4319617.343, 60
Trd, 4319618.043, 60
Trd, 4319618.343, 79
Trd, 4319618.693, 60
Trd, 4319620.743, 108
Trd, 4319620.893, 100
Trd, 4319621.493, 91
Trd, 4319622.193, 81
Trd, 4319622.443, 70
Trd, 4319622.793, 69
Trd, 4319623.993, 72
Trd, 4319624.743, 68
Trd, 4319626.893, 103
Trd, 4319627.043, 74
Trd, 4319627.743, 107
Trd, 4319627.943, 96
Trd, 4319628.593, 67
Trd, 4319629.243, 71
Trd, 4319630.493, 112
Trd, 4319630.843, 95
Trd, 4319631.393, 75
Trd, 4319631.643, 76
Trd, 4319633.093, 112
Trd, 4319633.443, 62
Trd, 4319634.593, 65
Trd, 4319634.793, 71
Trd, 4319634.943, 125
Trd, 4319636.993, 70
Trd, 4319637.643, 120
Trd, 4319637.743, 64
Trd, 4319638.593, 107
Trd, 4319638.893, 104
Trd, 4319639.093, 100
Trd, 4319641.193, 140
Trd, 4319641.293, 119
Trd, 4319642.343, 100
Trd, 4319642.443, 94
Trd, 4319642.493, 84
Trd, 4319642.743, 82
Trd, 4319643.993, 114
Trd, 4319644.293, 91
Trd, 4319645.293, 85
Trd, 4319645.543, 84
Trd, 4319645.693, 97
Trd, 4319646.193, 66
Trd, 4319647.043, 60
Trd, 4319647.943, 73
Trd, 4319649.743, 95
Trd, 4319649.993, 95
Trd, 4319651.893, 103
Trd, 4319652.593, 87
Trd, 4319652.743, 87
Trd, 4319652.843, 86
Trd, 4319654.493, 105
Trd, 4319654.693, 91
Trd, 4319654.843, 90
Trd, 4319654.993, 119
Trd, 4319656.593, 71
Trd, 4319657.543, 73
Trd, 4319658.043, 96
Trd, 4319658.893, 92
Trd, 4319659.043, 65
Trd, 4319659.693, 67
Trd, 4319660.593, 83
Trd, 4319662.093, 81
Trd, 4319662.193, 92
Trd, 4319662.793, 118
Trd, 4319662.893, 95
Trd, 4319666.093, 113
Trd, 4319666.293, 109
Trd, 4319666.743, 96
Trd, 4319666.843, 95
Trd, 4319666.993, 140
Trd, 4319668.293, 86
Trd, 4319668.743, 75
Trd, 4319669.843, 110
Trd, 4319669.893, 94
Trd, 4319671.493, 137
Trd, 4319671.893, 136
Trd, 4319671.943, 103
Trd, 4319674.993, 126
Trd, 4319675.093, 140
Trd, 4319675.143, 104
Trd, 4319675.593, 98
Trd, 4319676.243, 83
Trd, 4319677.543, 116
Trd, 4319678.793, 107
Trd, 4319678.993, 90
Trd, 4319679.493, 86
Trd, 4319679.643, 85
Trd, 4319679.743, 130
Trd, 4319680.243, 133
Trd, 4319681.593, 103
Trd, 4319681.893, 75
Trd, 4319683.093, 66
Trd, 4319684.243, 64
Trd, 4319684.443, 64
Trd, 4319685.243, 78
Trd, 4319685.593, 64
Trd, 4319686.443, 60
Trd, 4319687.793, 65
Trd, 4319688.793, 68
Trd, 4319689.243, 90
Trd, 4319690.193, 76
Trd, 4319691.193, 89
Trd, 4319691.493, 70
Trd, 4319691.893, 65
Trd, 4319691.993, 64
Trd, 4319692.093, 107
Trd, 4319694.393, 72
Trd, 4319694.443, 73
Trd, 4319694.693, 88
Trd, 4319695.343, 90
Trd, 4319696.643, 140
Trd, 4319697.243, 138
Trd, 4319697.343, 123
Trd, 4319697.743, 122
Trd, 4319698.243, 84
Trd, 4319699.643, 60
Trd, 4319700.393, 62
Trd, 4319701.093, 61
Trd, 4319702.343, 71
Trd, 4319702.943, 70
Trd, 4319703.493, 80
Trd, 4319704.493, 111
Trd, 4319704.643, 110
Trd, 4319704.893, 97
Trd, 4319706.193, 91
Trd, 4319706.743, 98
Trd, 4319707.593, 97
Trd, 4319708.293, 140
Trd, 4319709.243, 102
Trd, 4319709.393, 97
Trd, 4319709.643, 91
Trd, 4319710.943, 77
Trd, 4319711.643, 82
Trd, 4319711.793, 71
Trd, 4319711.993, 66
Trd, 4319713.843, 129
Trd, 4319713.993, 88
Trd, 4319714.093, 77
Trd, 4319714.843, 92
Trd, 4319715.993, 88
Trd, 4319716.493, 84
Trd, 4319716.943, 83
Trd, 4319717.043, 91
Trd, 4319717.793, 82
Trd, 4319717.843, 92
Trd, 4319718.843, 137
Trd, 4319719.143, 68
Trd, 4319720.543, 86
Trd, 4319720.643, 84
Trd, 4319721.743, 65
Trd, 4319722.093, 80
Trd, 4319723.043, 64
Trd, 4319724.143, 87
Trd, 4319724.693, 111
Trd, 4319724.793, 89
Trd, 4319725.943, 124
Trd, 4319726.143, 108
Trd, 4319727.193, 92
Trd, 4319727.393, 74
Trd, 4319727.843, 64
Trd, 4319728.193, 60
Trd, 4319729.893, 111
Trd, 4319731.293, 117
Trd, 4319731.493, 118
Trd, 4319731.693, 115
Trd, 4319731.893, 87
Trd, 4319732.693, 75
Trd, 4319733.343, 104
Trd, 4319735.193, 103
Trd, 4319735.443, 96
Trd, 4319735.643, 98
Trd, 4319736.743, 123
Trd, 4319736.943, 95
Trd, 4319737.043, 94
Trd, 4319738.093, 105
Trd, 4319739.043, 104
Trd, 4319739.843, 125
Trd, 4319740.243, 109
Trd, 4319740.293, 103
Trd, 4319741.043, 140
Trd, 4319742.293, 140
Trd, 4319742.843, 138
Trd, 4319742.893, 119
Trd, 4319744.893, 101
Trd, 4319745.893, 93
Trd, 4319746.593, 127
Trd, 4319746.693, 107
Trd, 4319747.993, 116
Trd, 4319748.293, 114
Trd, 4319748.743, 105
Trd, 4319748.893, 86
Trd, 4319749.493, 112
Trd, 4319749.993, 106
Trd, 4319751.343, 104
Trd, 4319751.543, 102
Trd, 4319753.543, 139
Trd, 4319754.993, 122
Trd, 4319755.193, 108
Trd, 4319755.293, 107
Trd, 4319756.043, 140
Trd, 4319757.043, 124
Trd, 4319757.243, 123
Trd, 4319758.793, 139
Trd, 4319758.993, 119
Trd, 4319759.143, 106
Trd, 4319759.893, 102
Trd, 4319761.243, 99
Trd, 4319761.293, 86
Trd, 4319761.793, 83
Trd, 4319762.093, 76
Trd, 4319762.893, 109
Trd, 4319763.743, 88
Trd, 4319764.543, 140
Trd, 4319764.693, 127
Trd, 4319764.943, 74
Trd, 4319766.143, 88
Trd, 4319766.993, 71
Trd, 4319767.593, 108
Trd, 4319768.843, 68
Trd, 4319769.693, 99
Trd, 4319770.343, 72
Trd, 4319770.543, 87
Trd, 4319771.243, 94
Trd, 4319771.943, 78
Trd, 4319771.993, 72
Trd, 4319772.793, 110
Trd, 4319773.293, 115
Trd, 4319773.593, 88
Trd, 4319773.943, 87
Trd, 4319775.393, 76
Trd, 4319775.893, 69
Trd, 4319776.343, 75
Trd, 4319778.393, 82
Trd, 4319779.143, 75
Trd, 4319780.043, 91
Trd, 4319781.143, 102
Trd, 4319781.293, 77
Trd, 4319782.243, 111
Trd, 4319782.443, 110
Trd, 4319783.293, 110
Trd, 4319783.743, 98
Trd, 4319784.443, 95
Trd, 4319784.743, 90
Trd, 4319785.843, 70
Trd, 4319786.143, 71
Trd, 4319786.493, 140
Trd, 4319787.343, 84
Trd, 4319788.593, 107
Trd, 4319789.093, 115
Trd, 4319789.393, 115
Trd, 4319789.443, 114
Trd, 4319791.293, 140
Trd, 4319791.743, 112
Trd, 4319792.243, 96
Trd, 4319792.643, 136
Trd, 4319793.293, 81
Trd, 4319794.093, 85
Trd, 4319794.493, 108
Trd, 4319795.093, 90
Trd, 4319795.593, 84
Trd, 4319795.993, 92
Trd, 4319796.493, 82
Trd, 4319797.393, 86
Trd, 4319798.043, 78
Trd, 4319800.843, 60
Trd, 4319801.543, 68
Trd, 4319802.043, 74
Trd, 4319803.043, 120
Trd, 4319803.093, 105
Trd, 4319803.493, 91
Trd, 4319803.643, 68
Trd, 4319804.093, 138
Trd, 4319804.693, 137
Trd, 4319806.943, 82
Trd, 4319807.743, 82
Trd, 4319807.893, 134
Trd, 4319808.193, 83
Trd, 4319808.343, 81
Trd, 4319808.493, 71
Trd, 4319810.743, 74
Trd, 4319811.893, 99
Trd, 4319811.993, 96
Trd, 4319812.243, 110
Trd, 4319812.593, 83
Trd, 4319813.093, 97
Trd, 4319813.693, 98
Trd, 4319814.793, 93
Trd, 4319814.843, 87
Trd, 4319816.043, 80
Trd, 4319817.343, 82
Trd, 4319817.793, 77
Trd, 4319818.093, 72
Trd, 4319818.793, 90
Trd, 4319819.693, 76
Trd, 4319820.493, 73
Trd, 4319820.693, 69
Trd, 4319821.743, 68
Trd, 4319822.593, 97
Trd, 4319824.043, 116
Trd, 4319824.443, 125
Trd, 4319824.743, 101
Trd, 4319826.043, 130
Trd, 4319827.143, 80
Trd, 4319827.243, 77
Trd, 4319828.293, 139
Trd, 4319828.693, 121
Trd, 4319829.543, 97
Trd, 4319829.843, 118
Trd, 4319830.093, 87
Trd, 4319830.643, 85
Trd, 4319831.393, 109
Trd, 4319832.743, 82
Trd, 4319833.443, 82
Trd, 4319833.593, 81
Trd, 4319833.793, 74
Trd, 4319835.343, 123
Trd, 4319835.943, 118
Trd, 4319836.143, 86
Trd, 4319836.493, 85
Trd, 4319837.393, 96
Trd, 4319837.943, 79
Trd, 4319838.843, 101
Trd, 4319839.943, 101
Trd, 4319840.393, 98
Trd, 4319841.593, 63
Trd, 4319842.393, 64
Trd, 4319842.743, 93
Trd, 4319843.143, 131
Trd, 4319845.293, 86
Trd, 4319846.143, 90
Trd, 4319846.293, 99
Trd, 4319846.493, 68
Trd, 4319846.543, 67
Trd, 4319847.443, 67
Trd, 4319848.643, 65
Trd, 4319848.943, 63
Trd, 4319849.593, 60
Trd, 4319850.893, 85
Trd, 4319851.293, 84
Trd, 4319851.393, 93
Trd, 4319852.543, 140
Trd, 4319852.793, 79
Trd, 4319853.443, 66
Trd, 4319853.793, 71
Trd, 4319854.143, 84
Trd, 4319855.543, 112
Trd, 4319856.293, 128
Trd, 4319856.393, 103
Trd, 4319856.743, 96
Trd, 4319857.643, 110
Trd, 4319857.743, 109
Trd, 4319858.293, 88
Trd, 4319860.643, 125
Trd, 4319861.643, 140
Trd, 4319862.743, 140
Trd, 4319862.893, 140
Trd, 4319863.043, 119
Trd, 4319863.393, 118
Trd, 4319864.243, 89
Trd, 4319865.743, 84
Trd, 4319865.943, 68
Trd, 4319866.243, 88
Trd, 4319866.943, 107
Trd, 4319868.343, 62
Trd, 4319868.693, 72
Trd, 4319869.893, 78
Trd, 4319870.793, 63
Trd, 4319871.793, 85
Trd, 4319873.543, 71
Trd, 4319874.293, 118
Trd, 4319874.843, 103
Trd, 4319875.093, 116
Trd, 4319876.643, 69
Trd, 4319877.143, 66
Trd, 4319877.693, 140
Trd, 4319877.793, 140
Trd, 4319879.243, 75
Trd, 4319879.843, 139
Trd, 4319880.693, 77
Trd, 4319880.943, 86
Trd, 4319881.893, 72
Trd, 4319883.693, 77
Trd, 4319883.843, 66
Trd, 4319885.193, 95
Trd, 4319885.493, 88
Trd, 4319885.593, 75
Trd, 4319885.843, 84
Trd, 4319887.093, 60
Trd, 4319888.543, 106
Trd, 4319888.693, 123
Trd, 4319889.143, 105
Trd, 4319889.493, 81
Trd, 4319890.093, 118
Trd, 4319891.743, 114
Trd, 4319891.843, 113
Trd, 4319893.243, 107
Trd, 4319893.793, 89
Trd, 4319893.943, 83
Trd, 4319894.393, 104
Trd, 4319895.543, 100
Trd, 4319896.643, 98
Trd, 4319896.843, 99
Trd, 4319897.043, 87
Trd, 4319897.643, 68
Trd, 4319899.743, 104
Trd, 4319901.293, 86
Trd, 4319901.943, 140
Trd, 4319902.093, 102
Trd, 4319902.343, 89
Trd, 4319904.193, 82
Trd, 4319904.343, 79
Trd, 4319904.893, 61
Trd, 4319905.843, 105
Trd, 4319905.943, 138
Trd, 4319906.293, 104
Trd, 4319907.293, 98
Trd, 4319909.243, 75
Trd, 4319909.343, 87
Trd, 4319910.143, 95
Trd, 4319910.693, 68
Trd, 4319911.693, 66
Trd, 4319911.993, 66
Trd, 4319912.993, 140
Trd, 4319913.293, 139
Trd, 4319913.443, 100
Trd, 4319915.243, 74
Trd, 4319916.043, 78
Trd, 4319917.893, 87
Trd, 4319917.993, 84
Trd, 4319918.343, 88
Trd, 4319919.043, 94
Trd, 4319920.043, 96
Trd, 4319920.743, 95
Trd, 4319921.443, 91
Trd, 4319921.643, 81
Trd, 4319921.843, 69
Trd, 4319922.193, 96
Trd, 4319922.543, 87
Trd, 4319924.243, 61
Trd, 4319924.593, 71
Trd, 4319925.293, 73
Trd, 4319925.743, 83
Trd, 4319926.993, 101
Trd, 4319927.293, 101
Trd, 4319929.043, 105
Trd, 4319929.143, 100
Trd, 4319929.393, 94
Trd, 4319929.793, 86
Trd, 4319930.243, 103
Trd, 4319930.543, 89
Trd, 4319931.343, 113
Trd, 4319931.943, 79
Trd, 4319933.093, 69
Trd, 4319933.693, 61
Trd, 4319934.243, 79
Trd, 4319935.143, 115
Trd, 4319935.693, 101
Trd, 4319936.293, 85
Trd, 4319936.393, 83
Trd, 4319937.743, 75
Trd, 4319939.243, 91
Trd, 4319939.343, 65
Trd, 4319940.043, 85
Trd, 4319940.693, 108
Trd, 4319941.043, 122
Trd, 4319941.393, 101
Trd, 4319941.743, 86
Trd, 4319943.743, 72
Trd, 4319944.793, 120
Trd, 4319945.143, 125
Trd, 4319945.393, 120
Trd, 4319946.043, 85
Trd, 4319947.093, 90
Trd, 4319947.193, 88
Trd, 4319948.443, 61
Trd, 4319948.743, 75
Trd, 4319949.143, 62
Trd, 4319950.543, 93
Trd, 4319951.293, 139
Trd, 4319951.343, 128
Trd, 4319951.593, 106
Trd, 4319952.293, 77
Trd, 4319952.843, 80
Trd, 4319954.843, 118
Trd, 4319954.993, 116
Trd, 4319955.793, 61
Trd, 4319957.243, 124
Trd, 4319957.843, 81
Trd, 4319958.193, 123
Trd, 4319959.393, 125
Trd, 4319959.593, 84
Trd, 4319960.193, 88
Trd, 4319960.393, 83
Trd, 4319960.693, 83
Trd, 4319961.193, 97
Trd, 4319961.443, 79
Trd, 4319962.393, 76
Trd, 4319962.643, 79
Trd, 4319963.043, 117
Trd, 4319963.593, 67
Trd, 4319964.293, 61
Trd, 4319964.943, 90
Trd, 4319965.443, 95
Trd, 4319966.293, 82
Trd, 4319966.393, 66
Trd, 4319967.643, 114
Trd, 4319968.193, 111
Trd, 4319968.343, 104
Trd, 4319968.443, 82
Trd, 4319969.293, 79
Trd, 4319969.993, 65
Trd, 4319971.093, 138
Trd, 4319971.793, 122
Trd, 4319972.843, 97
Trd, 4319973.643, 105
Trd, 4319974.493, 122
Trd, 4319975.943, 91
Trd, 4319976.093, 92
Trd, 4319976.193, 88
Trd, 4319976.543, 78
Trd, 4319977.043, 74
Trd, 4319978.443, 139
Trd, 4319979.093, 119
Trd, 4319979.643, 138
Trd, 4319979.993, 119
Trd, 4319980.543, 118
Trd, 4319980.793, 84
Trd, 4319981.643, 96
Trd, 4319982.743, 86
Trd, 4319983.193, 72
Trd, 4319983.393, 69
Trd, 4319985.493, 73
Trd, 4319987.043, 79
Trd, 4319988.393, 63
Trd, 4319988.543, 83
Trd, 4319989.343, 67
Trd, 4319989.443, 63
Trd, 4319990.143, 68
Trd, 4319990.243, 77
Trd, 4319991.143, 103
Trd, 4319991.843, 140
Trd, 4319992.193, 132
Trd, 4319993.043, 60
Trd, 4319993.893, 62
Trd, 4319994.543, 65
Trd, 4319995.243, 78
Trd, 4319995.493, 60
Trd, 4319997.443, 83
Trd, 4319998.843, 61
Trd, 4319999.493, 84
Trd, 4319999.843, 65
Trd, 4319999.943, 93
