Trd, 4318191.893, 97
Trd, 4318191.943, 98
Trd, 4318192.043, 89
Trd, 4318192.493, 103
Trd, 4318193.143, 67
Trd, 4318194.843, 114
Trd, 4318195.093, 110
Trd, 4318196.193, 140
Trd, 4318196.593, 140
Trd, 4318196.793, 95
Trd, 4318197.493, 74
Trd, 4318198.993, 101
Trd, 4318199.393, 132
Trd, 4318200.243, 117
Trd, 4318200.743, 132
Trd, 4318201.143, 140
Trd, 4318201.543, 82
Trd, 4318202.543, 75
Trd, 4318203.443, 61
Trd, 4318203.843, 61
Trd, 4318203.993, 62
Trd, 4318204.443, 60
Trd, 4318204.843, 63
Trd, 4318205.343, 140
Trd, 4318205.593, 100
Trd, 4318207.243, 81
Trd, 4318208.393, 128
Trd, 4318208.793, 111
Trd, 4318208.993, 133
Trd, 4318210.093, 140
Trd, 4318210.443, 135
Trd, 4318211.343, 140
Trd, 4318212.293, 112
Trd, 4318212.493, 122
Trd, 4318213.343, 127
Trd, 4318213.493, 100
Trd, 4318214.593, 140
Trd, 4318215.743, 139
Trd, 4318216.093, 82
Trd, 4318216.343, 77
Trd, 4318218.493, 134
Trd, 4318218.643, 85
Trd, 4318219.043, 106
Trd, 4318220.243, 140
Trd, 4318220.293, 139
Trd, 4318220.393, 114
Trd, 4318220.643, 105
Trd, 4318223.093, 111
Trd, 4318223.293, 111
Trd, 4318223.893, 71
Trd, 4318224.893, 60
Trd, 4318225.343, 63
Trd, 4318225.393, 82
Trd, 4318226.093, 60
Trd, 4318226.943, 123
Trd, 4318227.693, 140
Trd, 4318227.843, 109
Trd, 4318229.193, 140
Trd, 4318230.143, 139
Trd, 4318230.443, 96
Trd, 4318230.493, 74
Trd, 4318231.893, 135
Trd, 4318231.943, 124
Trd, 4318232.043, 112
Trd, 4318232.093, 95
Trd, 4318233.093, 133
Trd, 4318235.293, 140
Trd, 4318235.393, 62
Trd, 4318236.343, 136
Trd, 4318237.493, 134
Trd, 4318238.693, 140
Trd, 4318239.543, 119
Trd, 4318239.743, 89
Trd, 4318239.943, 76
Trd, 4318240.643, 140
Trd, 4318241.593, 139
Trd, 4318242.093, 129
Trd, 4318242.343, 122
Trd, 4318242.393, 117
Trd, 4318243.793, 140
Trd, 4318244.043, 121
Trd, 4318245.093, 119
Trd, 4318245.543, 139
Trd, 4318246.043, 90
Trd, 4318246.693, 112
Trd, 4318247.393, 140
Trd, 4318247.643, 124
Trd, 4318248.293, 88
Trd, 4318249.643, 134
Trd, 4318249.743, 107
Trd, 4318249.843, 77
Trd, 4318250.143, 72
Trd, 4318250.543, 61
Trd, 4318251.343, 63
Trd, 4318251.693, 61
Trd, 4318252.793, 140
Trd, 4318253.493, 123
Trd, 4318254.593, 61
Trd, 4318254.693, 93
Trd, 4318255.393, 81
Trd, 4318256.043, 62
Trd, 4318256.243, 87
Trd, 4318256.593, 89
Trd, 4318257.493, 139
Trd, 4318258.243, 117
Trd, 4318258.843, 125
Trd, 4318259.093, 94
Trd, 4318260.043, 130
Trd, 4318261.143, 140
Trd, 4318261.443, 139
Trd, 4318261.843, 131
Trd, 4318263.293, 68
Trd, 4318264.093, 139
Trd, 4318264.693, 116
Trd, 4318265.793, 79
Trd, 4318266.243, 95
Trd, 4318266.593, 64
Trd, 4318267.093, 61
Trd, 4318267.343, 101
Trd, 4318267.793, 103
Trd, 4318268.193, 60
Trd, 4318269.143, 136
Trd, 4318269.293, 128
Trd, 4318271.243, 110
Trd, 4318272.543, 87
Trd, 4318272.693, 128
Trd, 4318273.043, 140
Trd, 4318274.243, 140
Trd, 4318274.393, 125
Trd, 4318274.443, 107
Trd, 4318275.643, 125
Trd, 4318276.893, 78
Trd, 4318276.943, 72
Trd, 4318277.643, 92
Trd, 4318277.893, 66
Trd, 4318278.143, 62
Trd, 4318278.593, 140
Trd, 4318279.243, 140
Trd, 4318280.793, 103
Trd, 4318281.193, 66
Trd, 4318282.193, 81
Trd, 4318282.443, 115
Trd, 4318283.793, 60
Trd, 4318283.843, 60
Trd, 4318284.593, 140
Trd, 4318285.243, 130
Trd, 4318285.693, 97
Trd, 4318286.243, 61
Trd, 4318287.143, 61
Trd, 4318287.493, 60
Trd, 4318288.093, 60
Trd, 4318289.743, 63
Trd, 4318289.893, 64
Trd, 4318290.843, 63
Trd, 4318291.143, 111
Trd, 4318291.793, 62
Trd, 4318292.293, 128
Trd, 4318292.693, 62
Trd, 4318292.743, 132
Trd, 4318293.793, 63
Trd, 4318294.693, 78
Trd, 4318295.443, 61
Trd, 4318295.893, 67
Trd, 4318296.393, 71
Trd, 4318296.793, 63
Trd, 4318297.093, 129
Trd, 4318297.593, 64
Trd, 4318298.543, 89
Trd, 4318299.093, 115
Trd, 4318299.643, 138
Trd, 4318299.693, 112
Trd, 4318300.993, 140
Trd, 4318301.593, 85
Trd, 4318301.993, 74
Trd, 4318302.993, 62
Trd, 4318303.293, 65
Trd, 4318303.593, 91
Trd, 4318304.093, 60
Trd, 4318304.643, 65
Trd, 4318305.493, 139
Trd, 4318306.143, 115
Trd, 4318307.443, 138
Trd, 4318307.943, 120
Trd, 4318309.243, 60
Trd, 4318309.343, 64
Trd, 4318309.943, 62
Trd, 4318310.043, 63
Trd, 4318310.393, 62
Trd, 4318310.693, 61
Trd, 4318311.743, 76
Trd, 4318312.243, 61
Trd, 4318312.743, 64
Trd, 4318313.393, 61
Trd, 4318313.643, 132
Trd, 4318314.743, 78
Trd, 4318315.543, 140
Trd, 4318316.143, 73
Trd, 4318317.543, 66
Trd, 4318318.243, 87
Trd, 4318318.493, 139
Trd, 4318319.593, 131
Trd, 4318320.143, 102
Trd, 4318320.393, 95
Trd, 4318321.393, 85
Trd, 4318321.743, 92
Trd, 4318322.493, 98
Trd, 4318322.743, 140
Trd, 4318323.843, 63
Trd, 4318324.193, 64
Trd, 4318325.293, 139
Trd, 4318326.193, 124
Trd, 4318326.893, 64
Trd, 4318327.493, 66
Trd, 4318327.793, 60
Trd, 4318328.743, 61
Trd, 4318328.943, 65
Trd, 4318329.493, 65
Trd, 4318329.793, 64
Trd, 4318330.143, 140
Trd, 4318330.643, 114
Trd, 4318332.243, 108
Trd, 4318332.543, 88
Trd, 4318334.343, 61
Trd, 4318335.093, 61
Trd, 4318335.543, 61
Trd, 4318336.193, 140
Trd, 4318336.343, 138
Trd, 4318336.393, 135
Trd, 4318336.793, 101
Trd, 4318337.543, 140
Trd, 4318339.493, 138
Trd, 4318339.843, 117
Trd, 4318340.293, 106
Trd, 4318340.393, 121
Trd, 4318340.543, 107
Trd, 4318340.643, 114
Trd, 4318341.243, 130
Trd, 4318341.693, 139
Trd, 4318342.243, 80
Trd, 4318342.343, 76
Trd, 4318343.693, 97
Trd, 4318344.093, 60
Trd, 4318344.843, 64
Trd, 4318345.743, 139
Trd, 4318345.893, 112
Trd, 4318347.193, 60
Trd, 4318347.243, 62
Trd, 4318348.293, 74
Trd, 4318348.543, 68
Trd, 4318349.043, 77
Trd, 4318349.843, 75
Trd, 4318350.293, 140
Trd, 4318350.943, 89
Trd, 4318352.043, 140
Trd, 4318352.143, 108
Trd, 4318352.893, 108
Trd, 4318353.043, 139
Trd, 4318353.793, 134
Trd, 4318354.593, 139
Trd, 4318355.243, 124
Trd, 4318356.143, 106
Trd, 4318357.143, 83
Trd, 4318358.043, 138
Trd, 4318358.243, 124
Trd, 4318358.643, 112
Trd, 4318359.243, 86
Trd, 4318359.643, 72
Trd, 4318360.543, 69
Trd, 4318361.143, 60
Trd, 4318361.943, 114
Trd, 4318362.743, 110
Trd, 4318362.893, 99
Trd, 4318363.093, 66
Trd, 4318364.593, 82
Trd, 4318365.243, 120
Trd, 4318365.393, 63
Trd, 4318366.643, 62
Trd, 4318366.843, 63
Trd, 4318367.343, 77
Trd, 4318369.043, 116
Trd, 4318369.143, 92
Trd, 4318369.343, 110
Trd, 4318369.643, 60
Trd, 4318371.093, 112
Trd, 4318371.443, 96
Trd, 4318371.993, 140
Trd, 4318373.443, 140
Trd, 4318373.593, 112
Trd, 4318373.643, 95
Trd, 4318373.943, 124
Trd, 4318374.093, 81
Trd, 4318374.693, 66
Trd, 4318375.193, 61
Trd, 4318375.343, 63
Trd, 4318375.643, 61
Trd, 4318377.893, 133
Trd, 4318378.493, 138
Trd, 4318378.643, 138
Trd, 4318378.793, 105
Trd, 4318378.993, 93
Trd, 4318380.093, 140
Trd, 4318380.593, 127
Trd, 4318380.943, 121
Trd, 4318382.243, 123
Trd, 4318382.443, 90
Trd, 4318382.793, 60
Trd, 4318383.293, 135
Trd, 4318383.893, 140
Trd, 4318383.943, 104
Trd, 4318384.193, 109
Trd, 4318385.543, 137
Trd, 4318385.743, 113
Trd, 4318386.443, 138
Trd, 4318387.843, 137
Trd, 4318388.343, 130
Trd, 4318388.843, 83
Trd, 4318389.393, 128
Trd, 4318389.493, 90
Trd, 4318389.693, 71
Trd, 4318390.693, 65
Trd, 4318391.293, 140
Trd, 4318391.793, 138
Trd, 4318393.293, 103
Trd, 4318394.143, 132
Trd, 4318394.543, 105
Trd, 4318395.093, 125
Trd, 4318395.293, 110
Trd, 4318395.743, 74
Trd, 4318396.543, 96
Trd, 4318397.393, 136
Trd, 4318398.993, 138
Trd, 4318399.893, 116
Trd, 4318400.193, 100
Trd, 4318401.493, 109
Trd, 4318401.643, 108
Trd, 4318401.693, 103
Trd, 4318401.843, 65
Trd, 4318402.293, 110
Trd, 4318402.643, 61
Trd, 4318404.393, 140
Trd, 4318405.143, 140
Trd, 4318405.593, 140
Trd, 4318406.493, 115
Trd, 4318406.893, 112
Trd, 4318408.543, 61
Trd, 4318408.993, 60
Trd, 4318409.093, 61
Trd, 4318409.693, 60
Trd, 4318410.593, 66
Trd, 4318411.693, 109
Trd, 4318412.193, 140
Trd, 4318412.993, 138
Trd, 4318413.143, 136
Trd, 4318414.043, 139
Trd, 4318414.393, 94
Trd, 4318415.243, 65
Trd, 4318415.343, 102
Trd, 4318415.643, 140
Trd, 4318415.993, 73
Trd, 4318416.493, 113
Trd, 4318417.393, 64
Trd, 4318418.143, 103
Trd, 4318418.943, 91
Trd, 4318420.443, 63
Trd, 4318420.493, 70
Trd, 4318420.943, 64
Trd, 4318422.643, 61
Trd, 4318422.993, 63
Trd, 4318423.643, 64
Trd, 4318423.943, 63
Trd, 4318424.093, 64
Trd, 4318425.143, 64
Trd, 4318425.993, 60
Trd, 4318426.093, 60
Trd, 4318426.293, 64
Trd, 4318426.593, 66
Trd, 4318427.993, 70
Trd, 4318428.793, 140
Trd, 4318430.043, 64
Trd, 4318430.093, 115
Trd, 4318430.593, 130
Trd, 4318430.643, 81
Trd, 4318431.493, 126
Trd, 4318431.843, 64
Trd, 4318432.143, 85
Trd, 4318432.893, 140
Trd, 4318434.493, 140
Trd, 4318434.543, 96
Trd, 4318435.893, 60
Trd, 4318436.143, 62
Trd, 4318436.693, 132
Trd, 4318437.243, 109
Trd, 4318437.543, 85
Trd, 4318438.193, 64
Trd, 4318438.843, 86
Trd, 4318439.243, 73
Trd, 4318439.593, 97
Trd, 4318440.143, 71
Trd, 4318440.693, 72
Trd, 4318441.893, 114
Trd, 4318442.543, 137
Trd, 4318443.043, 111
Trd, 4318444.293, 105
Trd, 4318444.343, 98
Trd, 4318446.443, 139
Trd, 4318446.543, 100
Trd, 4318446.993, 60
Trd, 4318448.493, 140
Trd, 4318448.743, 140
Trd, 4318448.793, 137
Trd, 4318448.993, 137
Trd, 4318449.993, 124
Trd, 4318450.093, 130
Trd, 4318450.243, 73
Trd, 4318451.693, 60
Trd, 4318452.943, 139
Trd, 4318453.793, 139
Trd, 4318454.243, 120
Trd, 4318454.493, 128
Trd, 4318455.543, 136
Trd, 4318455.743, 137
Trd, 4318456.043, 119
Trd, 4318456.093, 91
Trd, 4318457.243, 131
Trd, 4318457.493, 127
Trd, 4318459.393, 105
Trd, 4318459.493, 95
Trd, 4318459.543, 128
Trd, 4318459.893, 88
Trd, 4318459.993, 75
Trd, 4318461.193, 140
Trd, 4318461.443, 140
Trd, 4318462.593, 105
Trd, 4318463.443, 129
Trd, 4318463.893, 80
Trd, 4318464.843, 92
Trd, 4318464.993, 84
Trd, 4318465.593, 140
Trd, 4318466.343, 87
Trd, 4318466.843, 89
Trd, 4318467.693, 84
Trd, 4318467.993, 132
Trd, 4318468.093, 63
Trd, 4318469.393, 140
Trd, 4318469.893, 140
Trd, 4318470.643, 140
Trd, 4318470.893, 74
Trd, 4318471.343, 115
Trd, 4318472.293, 129
Trd, 4318473.243, 103
Trd, 4318473.543, 85
Trd, 4318473.593, 70
Trd, 4318474.693, 140
Trd, 4318474.793, 99
Trd, 4318474.993, 65
Trd, 4318475.343, 140
Trd, 4318477.543, 137
Trd, 4318478.393, 129
Trd, 4318478.643, 139
Trd, 4318478.843, 119
Trd, 4318478.993, 140
Trd, 4318479.143, 69
Trd, 4318480.143, 101
Trd, 4318480.593, 136
Trd, 4318482.343, 100
Trd, 4318482.793, 64
Trd, 4318484.843, 136
Trd, 4318485.143, 123
Trd, 4318485.493, 116
Trd, 4318485.693, 114
Trd, 4318485.893, 79
Trd, 4318485.943, 76
Trd, 4318486.593, 139
Trd, 4318487.343, 93
Trd, 4318487.793, 111
Trd, 4318488.293, 93
Trd, 4318489.493, 67
Trd, 4318489.893, 68
Trd, 4318490.043, 140
Trd, 4318491.593, 109
Trd, 4318491.893, 140
Trd, 4318492.593, 106
Trd, 4318493.043, 120
Trd, 4318493.143, 113
Trd, 4318494.043, 127
Trd, 4318495.443, 140
Trd, 4318495.893, 121
Trd, 4318496.193, 122
Trd, 4318496.643, 127
Trd, 4318497.993, 60
Trd, 4318498.343, 62
Trd, 4318498.943, 60
Trd, 4318499.493, 64
Trd, 4318500.643, 64
Trd, 4318500.793, 66
Trd, 4318500.843, 75
Trd, 4318501.543, 108
Trd, 4318501.593, 61
Trd, 4318501.843, 71
Trd, 4318503.343, 140
Trd, 4318503.643, 101
Trd, 4318503.993, 121
Trd, 4318505.043, 140
Trd, 4318505.593, 130
Trd, 4318506.243, 129
Trd, 4318506.293, 96
Trd, 4318506.993, 66
Trd, 4318508.643, 117
Trd, 4318509.293, 107
Trd, 4318509.843, 140
Trd, 4318509.893, 140
Trd, 4318510.093, 105
Trd, 4318510.843, 99
Trd, 4318511.843, 120
Trd, 4318513.193, 97
Trd, 4318513.243, 107
Trd, 4318513.643, 121
Trd, 4318513.793, 138
Trd, 4318514.093, 74
Trd, 4318514.243, 66
Trd, 4318515.543, 116
Trd, 4318516.093, 139
Trd, 4318516.793, 71
Trd, 4318517.293, 118
Trd, 4318517.943, 140
Trd, 4318518.693, 76
Trd, 4318518.893, 94
Trd, 4318518.943, 67
Trd, 4318519.693, 122
Trd, 4318520.193, 61
Trd, 4318520.493, 140
Trd, 4318521.243, 121
Trd, 4318522.243, 69
Trd, 4318522.593, 64
Trd, 4318523.743, 60
Trd, 4318523.993, 138
Trd, 4318525.493, 63
Trd, 4318525.943, 76
Trd, 4318526.643, 124
Trd, 4318526.793, 97
Trd, 4318526.943, 69
Trd, 4318528.493, 139
Trd, 4318528.593, 132
Trd, 4318528.693, 107
Trd, 4318529.293, 140
Trd, 4318530.093, 139
Trd, 4318530.643, 109
Trd, 4318531.693, 114
Trd, 4318532.093, 139
Trd, 4318533.193, 108
Trd, 4318534.343, 133
Trd, 4318535.693, 100
Trd, 4318536.793, 83
Trd, 4318536.943, 76
Trd, 4318537.093, 69
Trd, 4318537.443, 108
Trd, 4318537.643, 62
Trd, 4318537.893, 60
Trd, 4318539.643, 61
Trd, 4318540.793, 60
Trd, 4318540.943, 61
Trd, 4318541.693, 60
Trd, 4318541.793, 64
Trd, 4318542.093, 61
Trd, 4318542.193, 81
Trd, 4318542.943, 68
Trd, 4318543.193, 78
Trd, 4318544.093, 67
Trd, 4318545.343, 65
Trd, 4318545.443, 67
Trd, 4318545.743, 70
Trd, 4318546.443, 60
Trd, 4318547.293, 61
Trd, 4318547.893, 63
Trd, 4318548.893, 130
Trd, 4318549.093, 99
Trd, 4318549.243, 63
Trd, 4318549.693, 99
Trd, 4318550.993, 79
Trd, 4318551.743, 134
Trd, 4318551.943, 118
Trd, 4318552.593, 134
Trd, 4318552.943, 124
Trd, 4318553.343, 114
Trd, 4318554.443, 70
Trd, 4318555.293, 122
Trd, 4318556.143, 138
Trd, 4318556.443, 105
Trd, 4318557.243, 140
Trd, 4318557.843, 123
Trd, 4318558.043, 116
Trd, 4318558.793, 132
Trd, 4318559.243, 116
Trd, 4318560.193, 129
Trd, 4318560.943, 138
Trd, 4318560.993, 102
Trd, 4318561.793, 140
Trd, 4318563.093, 140
Trd, 4318563.543, 140
Trd, 4318563.643, 137
Trd, 4318564.543, 67
Trd, 4318565.043, 60
Trd, 4318565.843, 63
Trd, 4318566.693, 140
Trd, 4318567.143, 119
Trd, 4318567.393, 62
Trd, 4318568.143, 126
Trd, 4318568.343, 138
Trd, 4318568.693, 108
Trd, 4318569.243, 99
Trd, 4318569.493, 83
Trd, 4318570.343, 98
Trd, 4318570.893, 63
Trd, 4318571.893, 138
Trd, 4318572.843, 123
Trd, 4318572.893, 92
Trd, 4318573.993, 140
Trd, 4318574.493, 137
Trd, 4318575.893, 140
Trd, 4318576.743, 128
Trd, 4318577.843, 140
Trd, 4318578.043, 132
Trd, 4318578.143, 116
Trd, 4318578.593, 91
Trd, 4318578.693, 79
Trd, 4318579.593, 65
Trd, 4318580.543, 140
Trd, 4318580.843, 126
Trd, 4318582.143, 123
Trd, 4318582.993, 139
Trd, 4318583.343, 84
Trd, 4318583.543, 96
Trd, 4318584.593, 68
Trd, 4318584.793, 70
Trd, 4318585.243, 99
Trd, 4318585.493, 92
Trd, 4318586.343, 65
Trd, 4318587.693, 111
Trd, 4318588.243, 140
Trd, 4318588.743, 96
Trd, 4318588.843, 88
Trd, 4318589.393, 83
Trd, 4318589.543, 69
Trd, 4318590.593, 63
Trd, 4318591.493, 127
Trd, 4318592.043, 66
Trd, 4318592.293, 65
Trd, 4318594.293, 139
Trd, 4318594.493, 129
Trd, 4318594.593, 104
Trd, 4318595.043, 139
Trd, 4318595.543, 138
Trd, 4318597.143, 121
Trd, 4318597.893, 61
Trd, 4318598.643, 102
Trd, 4318599.743, 67
Trd, 4318599.843, 74
Trd, 4318600.793, 60
Trd, 4318600.893, 61
Trd, 4318601.743, 140
Trd, 4318602.043, 83
Trd, 4318603.243, 139
Trd, 4318603.743, 110
Trd, 4318603.793, 99
Trd, 4318604.993, 98
Trd, 4318605.643, 139
Trd, 4318605.793, 117
Trd, 4318607.143, 139
Trd, 4318607.793, 140
Trd, 4318607.843, 99
Trd, 4318608.243, 103
Trd, 4318609.093, 69
Trd, 4318610.493, 132
Trd, 4318611.093, 78
Trd, 4318611.293, 69
Trd, 4318611.893, 140
Trd, 4318612.143, 65
Trd, 4318612.843, 139
Trd, 4318613.243, 112
Trd, 4318613.993, 61
Trd, 4318614.093, 64
Trd, 4318615.393, 86
Trd, 4318616.043, 78
Trd, 4318617.243, 107
Trd, 4318618.043, 118
Trd, 4318618.493, 111
Trd, 4318618.643, 94
Trd, 4318619.193, 68
Trd, 4318619.593, 60
Trd, 4318619.793, 66
Trd, 4318620.643, 61
Trd, 4318620.843, 62
Trd, 4318622.143, 140
Trd, 4318622.243, 127
Trd, 4318623.993, 122
Trd, 4318624.343, 118
Trd, 4318625.293, 138
Trd, 4318625.643, 113
Trd, 4318626.393, 70
Trd, 4318626.993, 137
Trd, 4318627.493, 128
Trd, 4318628.593, 139
Trd, 4318628.693, 107
Trd, 4318629.193, 61
Trd, 4318630.843, 60
Trd, 4318630.893, 65
Trd, 4318631.493, 69
Trd, 4318631.693, 91
Trd, 4318632.293, 139
Trd, 4318632.643, 125
Trd, 4318632.693, 84
Trd, 4318633.693, 64
Trd, 4318634.193, 77
Trd, 4318634.843, 95
Trd, 4318635.543, 131
Trd, 4318636.543, 73
Trd, 4318636.943, 71
Trd, 4318637.593, 140
Trd, 4318639.193, 139
Trd, 4318639.293, 122
Trd, 4318640.343, 67
Trd, 4318640.693, 61
Trd, 4318642.343, 63
Trd, 4318643.193, 74
Trd, 4318643.543, 60
Trd, 4318644.093, 99
Trd, 4318644.193, 111
Trd, 4318645.093, 138
Trd, 4318645.393, 127
Trd, 4318645.743, 126
Trd, 4318645.893, 94
Trd, 4318646.743, 140
Trd, 4318647.843, 140
Trd, 4318647.893, 68
Trd, 4318648.743, 138
Trd, 4318649.193, 62
Trd, 4318650.143, 114
Trd, 4318650.643, 125
Trd, 4318651.193, 108
Trd, 4318651.793, 81
Trd, 4318652.143, 140
Trd, 4318652.493, 99
Trd, 4318652.793, 65
Trd, 4318653.043, 71
Trd, 4318656.543, 139
Trd, 4318656.993, 124
Trd, 4318657.193, 122
Trd, 4318657.243, 107
Trd, 4318658.143, 91
Trd, 4318659.393, 140
Trd, 4318659.643, 126
Trd, 4318659.743, 98
Trd, 4318661.293, 139
Trd, 4318661.343, 92
Trd, 4318661.593, 87
Trd, 4318662.243, 123
Trd, 4318662.543, 122
Trd, 4318663.593, 85
Trd, 4318664.443, 140
Trd, 4318664.893, 118
Trd, 4318665.793, 84
Trd, 4318666.193, 82
Trd, 4318666.943, 113
Trd, 4318667.493, 103
Trd, 4318668.193, 129
Trd, 4318668.743, 140
Trd, 4318668.843, 106
Trd, 4318669.543, 72
Trd, 4318670.543, 140
Trd, 4318670.943, 61
Trd, 4318671.593, 63
Trd, 4318671.893, 64
Trd, 4318672.893, 63
Trd, 4318673.343, 60
Trd, 4318673.493, 68
Trd, 4318674.793, 139
Trd, 4318674.893, 111
Trd, 4318675.693, 139
Trd, 4318676.243, 137
Trd, 4318677.243, 108
Trd, 4318677.643, 73
Trd, 4318678.143, 92
Trd, 4318679.343, 61
Trd, 4318679.493, 69
Trd, 4318682.043, 140
Trd, 4318682.093, 139
Trd, 4318682.393, 131
Trd, 4318682.543, 131
Trd, 4318684.043, 140
Trd, 4318684.743, 140
Trd, 4318685.043, 119
Trd, 4318685.143, 115
Trd, 4318685.743, 67
Trd, 4318686.543, 139
Trd, 4318687.643, 139
Trd, 4318687.893, 125
Trd, 4318689.643, 86
Trd, 4318690.043, 84
Trd, 4318690.693, 130
Trd, 4318690.893, 126
Trd, 4318691.043, 96
Trd, 4318691.243, 60
Trd, 4318691.493, 107
Trd, 4318692.143, 80
Trd, 4318693.643, 63
Trd, 4318694.293, 63
Trd, 4318694.393, 65
Trd, 4318694.443, 104
Trd, 4318695.743, 60
Trd, 4318695.843, 72
Trd, 4318696.843, 137
Trd, 4318697.693, 108
Trd, 4318697.993, 100
Trd, 4318698.743, 139
Trd, 4318698.843, 125
Trd, 4318699.143, 108
Trd, 4318699.443, 81
Trd, 4318700.793, 124
Trd, 4318701.243, 89
Trd, 4318701.793, 72
Trd, 4318702.143, 60
Trd, 4318702.643, 65
Trd, 4318703.943, 97
Trd, 4318704.593, 63
Trd, 4318704.943, 68
Trd, 4318705.693, 138
Trd, 4318706.243, 77
Trd, 4318706.543, 62
Trd, 4318707.293, 139
Trd, 4318707.343, 102
Trd, 4318709.493, 139
Trd, 4318710.043, 140
Trd, 4318710.143, 134
Trd, 4318711.143, 93
Trd, 4318711.593, 88
Trd, 4318711.693, 87
Trd, 4318711.893, 60
Trd, 4318712.843, 80
Trd, 4318712.943, 77
Trd, 4318713.643, 95
Trd, 4318713.843, 67
Trd, 4318715.393, 140
Trd, 4318715.493, 127
Trd, 4318715.793, 84
Trd, 4318717.193, 130
Trd, 4318717.543, 138
Trd, 4318717.743, 123
Trd, 4318719.193, 140
Trd, 4318719.643, 137
Trd, 4318719.693, 110
Trd, 4318719.993, 111
Trd, 4318720.043, 96
Trd, 4318720.993, 93
Trd, 4318721.393, 67
Trd, 4318723.193, 88
Trd, 4318723.743, 130
Trd, 4318724.043, 118
Trd, 4318724.293, 76
Trd, 4318725.043, 137
Trd, 4318725.243, 109
Trd, 4318725.693, 131
Trd, 4318726.043, 103
Trd, 4318727.293, 64
Trd, 4318727.943, 135
Trd, 4318728.693, 61
Trd, 4318729.443, 63
Trd, 4318729.543, 73
Trd, 4318730.393, 62
Trd, 4318730.843, 140
Trd, 4318730.993, 118
Trd, 4318732.293, 81
Trd, 4318734.043, 60
Trd, 4318734.343, 61
Trd, 4318734.543, 65
Trd, 4318734.993, 139
Trd, 4318736.093, 140
Trd, 4318736.743, 140
Trd, 4318738.143, 133
Trd, 4318738.193, 127
Trd, 4318738.293, 120
Trd, 4318740.643, 140
Trd, 4318740.693, 129
Trd, 4318740.893, 68
Trd, 4318741.543, 85
Trd, 4318742.043, 68
Trd, 4318742.593, 138
Trd, 4318743.143, 78
Trd, 4318744.843, 139
Trd, 4318745.293, 122
Trd, 4318746.393, 140
Trd, 4318746.993, 111
Trd, 4318747.993, 140
Trd, 4318748.243, 139
Trd, 4318748.343, 127
Trd, 4318748.743, 105
Trd, 4318749.193, 85
Trd, 4318749.243, 108
Trd, 4318750.343, 127
Trd, 4318750.593, 60
Trd, 4318751.593, 61
Trd, 4318751.693, 65
Trd, 4318752.093, 132
Trd, 4318752.743, 125
Trd, 4318753.643, 140
Trd, 4318754.343, 107
Trd, 4318756.043, 101
Trd, 4318756.443, 76
Trd, 4318757.193, 140
Trd, 4318757.643, 69
Trd, 4318758.093, 132
Trd, 4318759.393, 140
Trd, 4318759.593, 140
Trd, 4318760.343, 75
Trd, 4318760.543, 67
Trd, 4318761.293, 63
Trd, 4318762.643, 138
Trd, 4318762.943, 137
Trd, 4318763.543, 106
Trd, 4318764.243, 137
Trd, 4318764.293, 117
Trd, 4318764.943, 135
Trd, 4318766.243, 99
Trd, 4318766.543, 76
Trd, 4318766.943, 113
Trd, 4318767.193, 61
Trd, 4318768.243, 135
Trd, 4318769.193, 69
Trd, 4318769.493, 72
Trd, 4318770.143, 62
Trd, 4318770.843, 60
Trd, 4318770.943, 67
Trd, 4318772.793, 140
Trd, 4318773.193, 139
Trd, 4318773.593, 95
Trd, 4318774.593, 134
Trd, 4318774.693, 102
Trd, 4318774.793, 137
Trd, 4318775.593, 61
Trd, 4318776.993, 60
Trd, 4318777.243, 90
Trd, 4318777.643, 68
Trd, 4318778.393, 137
Trd, 4318778.443, 104
Trd, 4318778.643, 81
Trd, 4318779.893, 135
Trd, 4318779.943, 107
Trd, 4318780.143, 90
Trd, 4318780.693, 62
Trd, 4318781.843, 140
Trd, 4318782.143, 78
Trd, 4318783.043, 76
Trd, 4318783.943, 62
Trd, 4318784.193, 117
Trd, 4318784.393, 61
Trd, 4318785.393, 98
Trd, 4318785.843, 62
Trd, 4318787.693, 62
Trd, 4318788.143, 139
Trd, 4318788.693, 75
Trd, 4318789.093, 90
Trd, 4318789.643, 97
Trd, 4318790.693, 139
Trd, 4318790.893, 124
Trd, 4318791.843, 102
Trd, 4318791.993, 116
Trd, 4318792.493, 118
Trd, 4318793.193, 129
Trd, 4318793.993, 139
Trd, 4318795.243, 117
Trd, 4318796.393, 131
Trd, 4318796.543, 87
Trd, 4318796.843, 139
Trd, 4318798.493, 66
Trd, 4318798.643, 73
Trd, 4318799.293, 140
Trd, 4318799.743, 63
Trd, 4318800.843, 140
Trd, 4318801.243, 71
Trd, 4318801.593, 121
Trd, 4318802.293, 139
Trd, 4318802.493, 104
Trd, 4318804.193, 126
Trd, 4318804.243, 105
Trd, 4318804.393, 90
Trd, 4318805.143, 69
Trd, 4318805.893, 60
Trd, 4318806.093, 65
Trd, 4318806.193, 96
Trd, 4318806.743, 68
Trd, 4318808.493, 82
Trd, 4318808.843, 123
Trd, 4318808.893, 74
Trd, 4318809.343, 137
Trd, 4318810.893, 125
Trd, 4318811.843, 115
Trd, 4318812.443, 139
Trd, 4318812.843, 117
Trd, 4318813.293, 107
Trd, 4318814.643, 111
Trd, 4318816.343, 140
Trd, 4318816.543, 135
Trd, 4318816.693, 135
Trd, 4318817.093, 114
Trd, 4318817.343, 121
Trd, 4318817.793, 121
Trd, 4318818.293, 96
Trd, 4318819.143, 127
Trd, 4318819.343, 82
Trd, 4318820.143, 107
Trd, 4318820.843, 69
Trd, 4318820.893, 118
Trd, 4318821.443, 62
Trd, 4318821.893, 102
Trd, 4318822.393, 61
Trd, 4318823.093, 136
Trd, 4318823.293, 140
Trd, 4318825.193, 139
Trd, 4318825.293, 95
Trd, 4318826.243, 110
Trd, 4318826.443, 70
Trd, 4318826.693, 107
Trd, 4318827.093, 63
Trd, 4318828.093, 98
Trd, 4318829.443, 60
Trd, 4318829.493, 62
Trd, 4318830.043, 61
Trd, 4318830.493, 67
Trd, 4318830.543, 74
Trd, 4318830.893, 88
Trd, 4318832.093, 140
Trd, 4318832.393, 105
Trd, 4318833.543, 140
Trd, 4318833.843, 94
Trd, 4318834.443, 82
Trd, 4318834.793, 121
Trd, 4318836.093, 138
Trd, 4318836.543, 140
Trd, 4318836.893, 132
Trd, 4318837.693, 108
Trd, 4318838.193, 139
Trd, 4318840.143, 139
Trd, 4318840.493, 80
Trd, 4318841.443, 130
Trd, 4318842.143, 99
Trd, 4318842.343, 113
Trd, 4318842.393, 82
Trd, 4318843.093, 61
Trd, 4318844.243, 133
Trd, 4318844.743, 139
Trd, 4318844.993, 139
Trd, 4318846.243, 129
Trd, 4318846.793, 126
Trd, 4318847.443, 91
Trd, 4318848.043, 70
Trd, 4318849.893, 140
Trd, 4318850.193, 138
Trd, 4318850.593, 120
Trd, 4318850.643, 79
Trd, 4318851.543, 68
Trd, 4318851.843, 63
Trd, 4318852.543, 112
Trd, 4318853.743, 132
Trd, 4318854.343, 101
Trd, 4318854.443, 71
Trd, 4318856.393, 140
Trd, 4318856.693, 113
Trd, 4318856.893, 140
Trd, 4318857.043, 106
Trd, 4318857.593, 139
Trd, 4318858.143, 132
Trd, 4318858.593, 121
Trd, 4318858.843, 115
Trd, 4318860.243, 137
Trd, 4318860.393, 126
Trd, 4318860.943, 63
Trd, 4318861.543, 63
Trd, 4318862.343, 83
Trd, 4318863.143, 96
Trd, 4318863.193, 94
Trd, 4318863.343, 83
Trd, 4318864.193, 87
Trd, 4318865.043, 95
Trd, 4318866.343, 139
Trd, 4318866.493, 113
Trd, 4318866.843, 91
Trd, 4318867.143, 109
Trd, 4318867.343, 108
Trd, 4318868.243, 140
Trd, 4318869.193, 120
Trd, 4318871.743, 137
Trd, 4318871.943, 109
Trd, 4318872.393, 89
Trd, 4318872.893, 100
Trd, 4318873.943, 68
Trd, 4318874.293, 65
Trd, 4318875.393, 106
Trd, 4318875.993, 140
Trd, 4318876.243, 111
Trd, 4318877.693, 125
Trd, 4318878.293, 75
Trd, 4318880.043, 140
Trd, 4318880.393, 93
Trd, 4318881.293, 132
Trd, 4318882.143, 122
Trd, 4318882.243, 116
Trd, 4318882.843, 117
Trd, 4318883.143, 98
Trd, 4318883.693, 84
Trd, 4318884.393, 140
Trd, 4318885.243, 69
Trd, 4318885.543, 61
Trd, 4318885.843, 60
Trd, 4318886.493, 70
Trd, 4318887.793, 105
Trd, 4318888.493, 138
Trd, 4318889.243, 120
Trd, 4318889.793, 131
Trd, 4318891.693, 140
Trd, 4318891.743, 118
Trd, 4318892.093, 96
Trd, 4318893.093, 129
Trd, 4318893.993, 119
Trd, 4318894.393, 131
Trd, 4318895.143, 138
Trd, 4318895.343, 128
Trd, 4318895.443, 94
Trd, 4318896.343, 113
Trd, 4318896.643, 133
Trd, 4318898.243, 140
Trd, 4318898.843, 91
Trd, 4318899.193, 126
Trd, 4318900.793, 138
Trd, 4318901.293, 137
Trd, 4318901.693, 140
Trd, 4318902.193, 120
Trd, 4318902.393, 109
Trd, 4318902.993, 88
Trd, 4318904.243, 102
Trd, 4318905.193, 140
Trd, 4318905.293, 93
Trd, 4318905.443, 127
Trd, 4318905.693, 91
Trd, 4318906.643, 88
Trd, 4318906.943, 86
Trd, 4318907.393, 79
Trd, 4318908.093, 74
Trd, 4318908.443, 93
Trd, 4318909.493, 114
Trd, 4318910.493, 69
Trd, 4318910.993, 64
Trd, 4318911.843, 61
Trd, 4318912.343, 63
Trd, 4318912.593, 60
Trd, 4318912.793, 106
Trd, 4318913.593, 119
Trd, 4318914.243, 127
Trd, 4318915.343, 140
Trd, 4318915.793, 135
Trd, 4318915.843, 129
Trd, 4318916.593, 68
Trd, 4318917.093, 77
Trd, 4318917.993, 70
Trd, 4318918.893, 99
Trd, 4318919.993, 139
Trd, 4318920.743, 130
Trd, 4318920.993, 90
Trd, 4318921.493, 100
Trd, 4318921.743, 103
Trd, 4318921.943, 90
Trd, 4318923.543, 140
Trd, 4318923.693, 101
Trd, 4318924.693, 139
Trd, 4318925.543, 121
Trd, 4318925.943, 98
Trd, 4318927.243, 91
Trd, 4318928.693, 97
Trd, 4318928.943, 92
Trd, 4318929.043, 87
Trd, 4318929.993, 134
Trd, 4318931.193, 140
Trd, 4318931.693, 79
Trd, 4318931.743, 65
Trd, 4318932.393, 61
Trd, 4318933.593, 73
Trd, 4318933.843, 117
Trd, 4318934.093, 112
Trd, 4318935.193, 140
Trd, 4318935.443, 76
Trd, 4318937.493, 140
Trd, 4318937.643, 128
Trd, 4318938.393, 130
Trd, 4318938.843, 140
Trd, 4318939.193, 126
Trd, 4318940.493, 63
Trd, 4318941.393, 139
Trd, 4318942.993, 139
Trd, 4318943.093, 120
Trd, 4318943.493, 67
Trd, 4318944.843, 131
Trd, 4318945.443, 132
Trd, 4318945.993, 100
Trd, 4318946.443, 78
Trd, 4318947.443, 102
Trd, 4318947.793, 140
Trd, 4318948.193, 116
Trd, 4318948.343, 93
Trd, 4318949.193, 104
Trd, 4318949.843, 75
Trd, 4318950.293, 118
Trd, 4318950.693, 60
Trd, 4318950.793, 63
Trd, 4318951.743, 119
Trd, 4318952.943, 140
Trd, 4318953.093, 102
Trd, 4318953.143, 94
Trd, 4318954.593, 139
Trd, 4318955.243, 138
Trd, 4318956.343, 135
Trd, 4318956.893, 123
Trd, 4318957.293, 111
Trd, 4318957.843, 137
Trd, 4318958.443, 139
Trd, 4318958.843, 139
Trd, 4318958.893, 129
Trd, 4318959.043, 122
Trd, 4318959.293, 98
Trd, 4318959.443, 94
Trd, 4318961.293, 107
Trd, 4318961.943, 140
Trd, 4318961.993, 106
Trd, 4318962.793, 126
Trd, 4318963.393, 98
Trd, 4318964.093, 89
Trd, 4318964.443, 106
Trd, 4318965.393, 129
Trd, 4318965.843, 121
Trd, 4318967.343, 86
Trd, 4318967.493, 85
Trd, 4318968.043, 137
Trd, 4318968.093, 78
Trd, 4318968.493, 103
Trd, 4318969.243, 140
Trd, 4318969.993, 65
Trd, 4318971.093, 64
Trd, 4318971.643, 67
Trd, 4318972.243, 122
Trd, 4318973.143, 112
Trd, 4318973.743, 140
Trd, 4318974.543, 137
Trd, 4318974.893, 87
Trd, 4318974.943, 78
Trd, 4318975.143, 91
Trd, 4318976.343, 121
Trd, 4318976.743, 116
Trd, 4318977.743, 130
Trd, 4318978.993, 131
Trd, 4318979.493, 121
Trd, 4318979.593, 120
Trd, 4318980.043, 90
Trd, 4318980.243, 78
Trd, 4318980.343, 65
Trd, 4318981.493, 140
Trd, 4318981.743, 135
Trd, 4318981.943, 69
Trd, 4318982.843, 64
Trd, 4318983.543, 98
Trd, 4318983.843, 90
Trd, 4318984.793, 131
Trd, 4318984.843, 108
Trd, 4318985.243, 139
Trd, 4318985.993, 103
Trd, 4318986.793, 130
Trd, 4318987.293, 124
Trd, 4318988.343, 63
Trd, 4318988.543, 67
Trd, 4318988.743, 97
Trd, 4318989.693, 61
Trd, 4318990.393, 87
Trd, 4318990.743, 69
Trd, 4318991.243, 69
Trd, 4318991.493, 113
Trd, 4318991.743, 134
Trd, 4318991.943, 99
Trd, 4318992.443, 111
Trd, 4318993.293, 62
Trd, 4318993.793, 67
Trd, 4318994.993, 67
Trd, 4318995.943, 137
Trd, 4318996.193, 106
Trd, 4318996.793, 96
Trd, 4318997.443, 140
Trd, 4318997.793, 78
Trd, 4318998.043, 131
Trd, 4318999.093, 121
Trd, 4318999.593, 78
Trd, 4319000.093, 61
Trd, 4319000.443, 65
Trd, 4319001.593, 68
Trd, 4319002.093, 86
Trd, 4319003.743, 60
Trd, 4319003.893, 61
Trd, 4319004.543, 65
Trd, 4319005.043, 60
Trd, 4319005.093, 66
Trd, 4319005.393, 94
Trd, 4319005.693, 111
Trd, 4319005.993, 85
Trd, 4319006.443, 81
Trd, 4319008.543, 66
Trd, 4319008.643, 90
Trd, 4319010.343, 60
Trd, 4319010.393, 62
Trd, 4319011.293, 60
Trd, 4319011.393, 62
Trd, 4319013.393, 89
Trd, 4319014.193, 122
Trd, 4319014.743, 120
Trd, 4319015.393, 123
Trd, 4319015.693, 137
Trd, 4319015.793, 99
Trd, 4319015.943, 64
Trd, 4319016.593, 60
Trd, 4319016.893, 70
Trd, 4319017.043, 61
Trd, 4319017.743, 119
Trd, 4319019.543, 125
Trd, 4319019.843, 91
Trd, 4319020.793, 137
Trd, 4319021.543, 63
Trd, 4319021.793, 140
Trd, 4319023.593, 140
Trd, 4319023.893, 132
Trd, 4319024.193, 136
Trd, 4319024.393, 119
Trd, 4319024.543, 102
Trd, 4319025.243, 96
Trd, 4319025.493, 96
Trd, 4319027.793, 61
Trd, 4319028.343, 62
Trd, 4319028.543, 63
Trd, 4319029.143, 86
Trd, 4319029.693, 108
Trd, 4319031.043, 64
Trd, 4319031.143, 67
Trd, 4319031.493, 112
Trd, 4319031.993, 107
Trd, 4319032.243, 122
Trd, 4319032.343, 102
Trd, 4319032.893, 61
Trd, 4319033.993, 140
Trd, 4319034.293, 126
Trd, 4319035.143, 99
Trd, 4319035.443, 88
Trd, 4319036.543, 107
Trd, 4319036.743, 79
Trd, 4319036.843, 79
Trd, 4319037.393, 140
Trd, 4319038.843, 138
Trd, 4319039.143, 124
Trd, 4319039.793, 64
Trd, 4319041.043, 61
Trd, 4319041.293, 71
Trd, 4319041.793, 64
Trd, 4319042.393, 100
Trd, 4319042.793, 132
Trd, 4319042.843, 90
Trd, 4319043.743, 135
Trd, 4319044.443, 66
Trd, 4319044.643, 67
Trd, 4319044.793, 64
Trd, 4319046.343, 112
Trd, 4319047.793, 138
Trd, 4319049.243, 135
Trd, 4319049.993, 138
Trd, 4319050.493, 124
Trd, 4319050.943, 121
Trd, 4319050.993, 115
Trd, 4319051.193, 73
Trd, 4319052.193, 102
Trd, 4319052.293, 96
Trd, 4319052.793, 60
Trd, 4319054.343, 60
Trd, 4319054.993, 64
Trd, 4319055.793, 63
Trd, 4319055.943, 67
Trd, 4319056.143, 61
Trd, 4319056.843, 66
Trd, 4319057.593, 92
Trd, 4319058.593, 60
Trd, 4319058.943, 69
Trd, 4319059.843, 134
Trd, 4319060.693, 82
Trd, 4319061.543, 63
Trd, 4319061.793, 64
Trd, 4319062.093, 68
Trd, 4319062.693, 139
Trd, 4319063.143, 139
Trd, 4319063.443, 82
Trd, 4319064.543, 86
Trd, 4319064.743, 115
Trd, 4319065.593, 136
Trd, 4319065.743, 77
Trd, 4319066.093, 68
Trd, 4319067.343, 65
Trd, 4319067.993, 78
Trd, 4319068.343, 104
Trd, 4319069.193, 92
Trd, 4319070.743, 60
Trd, 4319071.043, 76
Trd, 4319071.493, 64
Trd, 4319073.993, 140
Trd, 4319074.543, 139
Trd, 4319074.793, 137
Trd, 4319075.693, 140
Trd, 4319075.993, 136
Trd, 4319077.093, 112
Trd, 4319077.393, 136
Trd, 4319077.843, 127
Trd, 4319078.243, 120
Trd, 4319078.943, 62
Trd, 4319079.543, 103
Trd, 4319080.243, 133
Trd, 4319080.843, 139
Trd, 4319080.893, 98
Trd, 4319082.343, 92
Trd, 4319083.443, 114
Trd, 4319083.643, 85
Trd, 4319084.393, 61
Trd, 4319084.893, 60
Trd, 4319085.093, 92
Trd, 4319086.043, 60
Trd, 4319086.243, 68
Trd, 4319087.293, 63
Trd, 4319088.993, 120
Trd, 4319089.093, 118
Trd, 4319089.293, 110
Trd, 4319090.343, 60
Trd, 4319090.793, 62
Trd, 4319091.793, 61
Trd, 4319092.093, 63
Trd, 4319092.643, 61
Trd, 4319093.043, 68
Trd, 4319093.793, 139
Trd, 4319094.143, 130
Trd, 4319095.493, 99
Trd, 4319097.293, 138
Trd, 4319097.343, 138
Trd, 4319098.343, 62
Trd, 4319098.593, 66
Trd, 4319099.143, 139
Trd, 4319100.093, 131
Trd, 4319100.143, 130
Trd, 4319100.393, 99
Trd, 4319101.093, 68
Trd, 4319101.643, 88
Trd, 4319103.093, 140
Trd, 4319103.593, 112
Trd, 4319104.843, 101
Trd, 4319105.493, 111
Trd, 4319105.593, 110
Trd, 4319106.193, 71
Trd, 4319106.893, 127
Trd, 4319106.943, 120
Trd, 4319108.743, 138
Trd, 4319108.943, 96
Trd, 4319109.793, 70
Trd, 4319110.443, 92
Trd, 4319110.893, 137
Trd, 4319112.043, 85
Trd, 4319112.243, 70
Trd, 4319113.843, 140
Trd, 4319114.343, 134
Trd, 4319114.743, 95
Trd, 4319115.093, 79
Trd, 4319115.643, 140
Trd, 4319116.993, 123
Trd, 4319117.193, 114
Trd, 4319117.993, 140
Trd, 4319118.443, 94
Trd, 4319118.593, 60
Trd, 4319119.743, 140
Trd, 4319119.793, 138
Trd, 4319119.843, 117
Trd, 4319120.693, 92
Trd, 4319121.193, 127
Trd, 4319121.343, 100
Trd, 4319121.993, 92
Trd, 4319122.043, 78
Trd, 4319123.693, 68
Trd, 4319123.943, 65
Trd, 4319124.143, 71
Trd, 4319125.193, 140
Trd, 4319125.693, 136
Trd, 4319125.743, 136
Trd, 4319127.443, 132
Trd, 4319128.193, 122
Trd, 4319128.543, 140
Trd, 4319128.593, 118
Trd, 4319128.993, 102
Trd, 4319129.243, 100
Trd, 4319129.343, 95
Trd, 4319130.293, 122
Trd, 4319131.143, 140
Trd, 4319131.743, 139
Trd, 4319131.843, 114
Trd, 4319132.793, 138
Trd, 4319133.243, 72
Trd, 4319133.843, 67
Trd, 4319134.393, 94
Trd, 4319134.893, 100
Trd, 4319136.493, 61
Trd, 4319136.593, 63
Trd, 4319136.743, 65
Trd, 4319137.643, 100
Trd, 4319138.043, 127
Trd, 4319138.493, 78
Trd, 4319139.093, 140
Trd, 4319139.193, 78
Trd, 4319139.493, 60
Trd, 4319142.393, 140
Trd, 4319142.543, 139
Trd, 4319142.943, 114
Trd, 4319143.093, 94
Trd, 4319143.643, 115
Trd, 4319144.443, 140
Trd, 4319145.493, 62
Trd, 4319145.643, 111
Trd, 4319146.843, 60
Trd, 4319147.443, 61
Trd, 4319147.943, 61
Trd, 4319148.143, 71
Trd, 4319149.193, 70
Trd, 4319149.343, 74
Trd, 4319150.043, 73
Trd, 4319150.293, 120
Trd, 4319150.843, 73
Trd, 4319151.693, 98
Trd, 4319151.943, 140
Trd, 4319153.143, 122
Trd, 4319153.993, 135
Trd, 4319154.793, 111
Trd, 4319155.393, 121
Trd, 4319155.943, 140
Trd, 4319156.043, 73
Trd, 4319156.493, 61
Trd, 4319157.243, 72
Trd, 4319157.693, 132
Trd, 4319158.943, 124
Trd, 4319159.043, 89
Trd, 4319160.943, 140
Trd, 4319161.593, 140
Trd, 4319161.693, 110
Trd, 4319162.243, 132
Trd, 4319163.893, 137
Trd, 4319164.093, 126
Trd, 4319164.543, 118
Trd, 4319164.993, 138
Trd, 4319165.443, 82
Trd, 4319165.593, 80
Trd, 4319166.193, 140
Trd, 4319167.043, 124
Trd, 4319167.843, 133
Trd, 4319169.343, 137
Trd, 4319169.393, 133
Trd, 4319169.743, 99
Trd, 4319170.193, 61
Trd, 4319170.943, 62
Trd, 4319170.993, 107
Trd, 4319171.393, 139
Trd, 4319172.393, 110
Trd, 4319172.793, 140
Trd, 4319173.843, 125
Trd, 4319173.893, 94
Trd, 4319174.293, 81
Trd, 4319175.293, 82
Trd, 4319175.443, 140
Trd, 4319176.743, 64
Trd, 4319178.943, 140
Trd, 4319179.243, 136
Trd, 4319179.393, 119
Trd, 4319181.143, 120
Trd, 4319181.293, 118
Trd, 4319181.543, 110
Trd, 4319181.793, 91
Trd, 4319181.843, 84
Trd, 4319183.043, 100
Trd, 4319183.393, 101
Trd, 4319183.493, 98
Trd, 4319183.843, 140
Trd, 4319184.443, 139
Trd, 4319184.493, 116
Trd, 4319185.993, 60
Trd, 4319187.443, 61
Trd, 4319188.293, 61
Trd, 4319188.893, 62
Trd, 4319188.943, 65
Trd, 4319189.243, 60
Trd, 4319189.643, 63
Trd, 4319189.693, 65
Trd, 4319190.393, 132
Trd, 4319192.093, 139
Trd, 4319192.593, 139
Trd, 4319193.143, 139
Trd, 4319193.343, 104
Trd, 4319194.093, 112
Trd, 4319194.793, 61
Trd, 4319194.893, 62
Trd, 4319195.543, 116
Trd, 4319195.993, 92
Trd, 4319196.643, 116
Trd, 4319197.693, 98
Trd, 4319198.143, 109
Trd, 4319198.493, 68
Trd, 4319199.243, 140
Trd, 4319200.093, 135
Trd, 4319200.593, 98
Trd, 4319200.643, 95
Trd, 4319202.693, 139
Trd, 4319203.143, 82
Trd, 4319203.643, 62
Trd, 4319204.043, 104
Trd, 4319204.543, 88
Trd, 4319205.093, 108
Trd, 4319206.043, 102
Trd, 4319206.443, 86
Trd, 4319206.793, 87
Trd, 4319207.443, 131
Trd, 4319207.543, 119
Trd, 4319207.943, 76
Trd, 4319209.243, 140
Trd, 4319209.893, 97
Trd, 4319210.843, 120
Trd, 4319211.843, 68
Trd, 4319212.893, 125
Trd, 4319212.993, 104
Trd, 4319213.493, 72
Trd, 4319214.343, 140
Trd, 4319214.493, 118
Trd, 4319214.943, 60
Trd, 4319215.343, 139
Trd, 4319216.093, 137
Trd, 4319216.243, 123
Trd, 4319217.593, 134
Trd, 4319219.043, 92
Trd, 4319219.493, 126
Trd, 4319219.843, 63
Trd, 4319220.493, 67
Trd, 4319221.193, 69
Trd, 4319221.443, 81
Trd, 4319223.543, 79
Trd, 4319224.093, 140
Trd, 4319224.143, 138
Trd, 4319224.443, 102
Trd, 4319224.893, 72
Trd, 4319225.393, 105
Trd, 4319226.693, 60
Trd, 4319227.393, 60
Trd, 4319228.443, 60
Trd, 4319228.993, 61
Trd, 4319229.543, 61
Trd, 4319229.793, 64
Trd, 4319230.193, 63
Trd, 4319231.393, 134
Trd, 4319232.343, 61
Trd, 4319232.543, 82
Trd, 4319233.293, 61
Trd, 4319233.643, 61
Trd, 4319233.743, 71
Trd, 4319234.443, 69
Trd, 4319236.293, 139
Trd, 4319236.793, 73
Trd, 4319237.343, 107
Trd, 4319237.893, 75
Trd, 4319237.943, 121
Trd, 4319238.393, 85
Trd, 4319239.093, 69
Trd, 4319239.493, 61
Trd, 4319240.843, 137
Trd, 4319241.543, 63
Trd, 4319242.293, 136
Trd, 4319242.893, 140
Trd, 4319243.293, 109
Trd, 4319243.543, 100
Trd, 4319244.843, 103
Trd, 4319245.243, 60
Trd, 4319245.643, 91
Trd, 4319247.093, 61
Trd, 4319247.293, 66
Trd, 4319248.143, 140
Trd, 4319248.193, 127
Trd, 4319248.543, 74
Trd, 4319249.393, 138
Trd, 4319249.643, 99
Trd, 4319250.493, 96
Trd, 4319250.793, 74
Trd, 4319251.193, 73
Trd, 4319252.193, 91
Trd, 4319252.943, 98
Trd, 4319253.493, 101
Trd, 4319254.243, 140
Trd, 4319254.643, 90
Trd, 4319255.143, 70
Trd, 4319255.293, 139
Trd, 4319255.793, 107
Trd, 4319255.993, 60
Trd, 4319256.443, 140
Trd, 4319257.143, 121
Trd, 4319257.593, 65
Trd, 4319259.743, 115
Trd, 4319260.293, 107
Trd, 4319260.393, 140
Trd, 4319260.743, 103
Trd, 4319261.243, 83
Trd, 4319262.343, 140
Trd, 4319262.493, 130
Trd, 4319262.643, 68
Trd, 4319263.043, 61
Trd, 4319263.843, 60
Trd, 4319265.043, 133
Trd, 4319265.243, 104
Trd, 4319267.093, 140
Trd, 4319267.243, 100
Trd, 4319267.743, 93
Trd, 4319268.093, 75
Trd, 4319268.593, 116
Trd, 4319269.093, 117
Trd, 4319269.543, 61
Trd, 4319269.893, 60
Trd, 4319269.943, 71
Trd, 4319271.743, 140
Trd, 4319271.993, 66
Trd, 4319272.943, 72
Trd, 4319273.493, 132
Trd, 4319273.593, 74
Trd, 4319273.993, 85
Trd, 4319274.843, 89
Trd, 4319275.243, 93
Trd, 4319275.443, 66
Trd, 4319275.943, 139
Trd, 4319276.643, 140
Trd, 4319276.743, 124
Trd, 4319277.593, 62
Trd, 4319278.093, 140
Trd, 4319278.643, 60
Trd, 4319279.293, 68
Trd, 4319280.893, 139
Trd, 4319280.943, 116
Trd, 4319281.493, 86
Trd, 4319282.093, 135
Trd, 4319283.593, 140
Trd, 4319283.643, 93
Trd, 4319283.743, 72
Trd, 4319285.993, 138
Trd, 4319286.093, 120
Trd, 4319286.543, 109
Trd, 4319286.643, 94
Trd, 4319287.293, 110
Trd, 4319287.643, 87
Trd, 4319288.343, 130
Trd, 4319289.793, 63
Trd, 4319290.093, 76
Trd, 4319290.543, 103
Trd, 4319291.143, 62
Trd, 4319291.693, 139
Trd, 4319292.993, 140
Trd, 4319293.043, 127
Trd, 4319294.293, 123
Trd, 4319294.693, 127
Trd, 4319295.193, 139
Trd, 4319295.493, 111
Trd, 4319296.193, 140
Trd, 4319297.293, 86
Trd, 4319297.693, 100
Trd, 4319298.193, 139
Trd, 4319298.843, 93
Trd, 4319298.993, 108
Trd, 4319299.643, 86
Trd, 4319301.143, 128
Trd, 4319301.693, 116
Trd, 4319301.893, 98
Trd, 4319302.093, 138
Trd, 4319302.293, 120
Trd, 4319302.443, 83
Trd, 4319303.793, 135
Trd, 4319304.043, 92
Trd, 4319304.243, 74
Trd, 4319305.343, 68
Trd, 4319305.893, 133
Trd, 4319307.343, 86
Trd, 4319307.693, 73
Trd, 4319309.043, 138
Trd, 4319309.143, 134
Trd, 4319310.243, 140
Trd, 4319310.443, 88
Trd, 4319310.493, 68
Trd, 4319312.043, 138
Trd, 4319312.343, 139
Trd, 4319312.793, 89
Trd, 4319314.093, 125
Trd, 4319314.243, 118
Trd, 4319314.443, 136
Trd, 4319315.893, 140
Trd, 4319316.043, 115
Trd, 4319317.243, 140
Trd, 4319317.293, 133
Trd, 4319317.843, 81
Trd, 4319318.193, 63
Trd, 4319318.743, 137
Trd, 4319319.543, 133
Trd, 4319320.343, 113
Trd, 4319321.393, 130
Trd, 4319321.693, 60
Trd, 4319322.343, 139
Trd, 4319322.493, 131
Trd, 4319322.943, 97
Trd, 4319324.093, 118
Trd, 4319324.893, 140
Trd, 4319325.093, 139
Trd, 4319325.743, 118
Trd, 4319325.843, 89
Trd, 4319326.143, 74
Trd, 4319326.443, 61
Trd, 4319327.693, 63
Trd, 4319328.443, 105
Trd, 4319328.743, 64
Trd, 4319329.443, 68
Trd, 4319330.693, 139
Trd, 4319330.843, 70
Trd, 4319331.543, 60
Trd, 4319331.593, 61
Trd, 4319332.193, 75
Trd, 4319333.293, 65
Trd, 4319333.943, 63
Trd, 4319334.043, 67
Trd, 4319334.243, 102
Trd, 4319335.793, 113
Trd, 4319336.793, 61
Trd, 4319337.693, 60
Trd, 4319337.743, 61
Trd, 4319338.093, 62
Trd, 4319338.943, 61
Trd, 4319340.043, 127
Trd, 4319340.793, 61
Trd, 4319342.343, 60
Trd, 4319342.393, 61
Trd, 4319343.093, 61
Trd, 4319343.443, 60
Trd, 4319343.743, 62
Trd, 4319343.843, 140
Trd, 4319345.293, 62
Trd, 4319345.843, 66
Trd, 4319346.593, 138
Trd, 4319347.593, 60
Trd, 4319347.693, 67
Trd, 4319347.993, 80
Trd, 4319348.593, 67
Trd, 4319348.793, 72
Trd, 4319348.943, 87
Trd, 4319349.993, 139
Trd, 4319350.593, 125
Trd, 4319350.943, 123
Trd, 4319351.943, 85
Trd, 4319352.943, 106
Trd, 4319353.193, 96
Trd, 4319354.443, 61
Trd, 4319354.593, 64
Trd, 4319355.043, 69
Trd, 4319356.043, 138
Trd, 4319356.743, 140
Trd, 4319357.043, 132
Trd, 4319357.693, 114
Trd, 4319358.193, 104
Trd, 4319358.593, 107
Trd, 4319358.993, 61
Trd, 4319359.793, 60
Trd, 4319360.493, 139
Trd, 4319360.843, 139
Trd, 4319362.243, 99
Trd, 4319362.693, 101
Trd, 4319362.793, 84
Trd, 4319363.643, 67
Trd, 4319364.643, 140
Trd, 4319364.993, 65
Trd, 4319365.943, 64
Trd, 4319366.343, 66
Trd, 4319368.043, 138
Trd, 4319368.143, 99
Trd, 4319368.243, 85
Trd, 4319370.043, 113
Trd, 4319370.243, 93
Trd, 4319370.293, 79
Trd, 4319370.343, 71
Trd, 4319370.443, 64
Trd, 4319370.493, 127
Trd, 4319371.443, 140
Trd, 4319373.893, 137
Trd, 4319375.493, 131
Trd, 4319376.343, 139
Trd, 4319376.393, 128
Trd, 4319377.243, 138
Trd, 4319377.843, 118
Trd, 4319377.943, 114
Trd, 4319377.993, 106
Trd, 4319379.943, 140
Trd, 4319380.593, 139
Trd, 4319380.643, 124
Trd, 4319381.893, 140
Trd, 4319381.993, 101
Trd, 4319382.093, 99
Trd, 4319382.793, 101
Trd, 4319383.393, 74
Trd, 4319384.643, 103
Trd, 4319384.943, 126
Trd, 4319385.693, 66
Trd, 4319386.293, 60
Trd, 4319387.093, 80
Trd, 4319387.843, 60
Trd, 4319388.393, 65
Trd, 4319389.143, 66
Trd, 4319389.693, 63
Trd, 4319390.193, 138
Trd, 4319391.193, 131
Trd, 4319392.343, 60
Trd, 4319393.193, 60
Trd, 4319394.043, 60
Trd, 4319394.443, 60
Trd, 4319394.493, 63
Trd, 4319394.543, 66
Trd, 4319395.143, 109
Trd, 4319396.043, 140
Trd, 4319396.743, 118
Trd, 4319396.893, 95
Trd, 4319398.143, 138
Trd, 4319398.293, 125
Trd, 4319398.343, 81
Trd, 4319398.843, 60
Trd, 4319399.893, 84
Trd, 4319401.243, 62
Trd, 4319401.293, 64
Trd, 4319402.093, 61
Trd, 4319403.393, 60
Trd, 4319403.493, 60
Trd, 4319403.793, 64
Trd, 4319404.893, 73
Trd, 4319406.193, 140
Trd, 4319407.243, 115
Trd, 4319407.343, 98
Trd, 4319407.443, 84
Trd, 4319408.393, 105
Trd, 4319408.843, 75
Trd, 4319409.443, 61
Trd, 4319410.643, 61
Trd, 4319411.393, 61
Trd, 4319412.293, 61
Trd, 4319412.843, 62
Trd, 4319413.293, 62
Trd, 4319414.293, 60
Trd, 4319415.243, 61
Trd, 4319415.643, 66
Trd, 4319416.343, 139
Trd, 4319417.043, 119
Trd, 4319417.143, 112
Trd, 4319417.243, 64
Trd, 4319417.893, 112
Trd, 4319419.293, 81
Trd, 4319419.643, 93
Trd, 4319420.293, 79
Trd, 4319421.043, 138
Trd, 4319421.593, 136
Trd, 4319422.393, 114
Trd, 4319422.843, 102
Trd, 4319423.893, 140
Trd, 4319424.293, 108
Trd, 4319424.693, 139
Trd, 4319425.293, 129
Trd, 4319425.893, 62
Trd, 4319426.193, 129
Trd, 4319427.043, 137
Trd, 4319428.143, 126
Trd, 4319428.393, 107
Trd, 4319429.193, 106
Trd, 4319429.343, 138
Trd, 4319429.893, 102
Trd, 4319430.293, 90
Trd, 4319430.543, 134
Trd, 4319431.893, 64
Trd, 4319432.343, 133
Trd, 4319433.143, 60
Trd, 4319433.693, 61
Trd, 4319434.193, 65
Trd, 4319434.543, 64
Trd, 4319435.093, 63
Trd, 4319436.193, 134
Trd, 4319436.593, 130
Trd, 4319436.743, 74
Trd, 4319437.343, 139
Trd, 4319438.043, 78
Trd, 4319439.043, 133
Trd, 4319439.093, 69
Trd, 4319439.693, 63
Trd, 4319440.593, 76
Trd, 4319441.293, 138
Trd, 4319441.643, 104
Trd, 4319441.743, 87
Trd, 4319442.993, 94
Trd, 4319443.243, 80
Trd, 4319443.493, 74
Trd, 4319443.693, 103
Trd, 4319444.543, 140
Trd, 4319445.143, 60
Trd, 4319445.593, 65
Trd, 4319445.993, 130
Trd, 4319446.543, 136
Trd, 4319446.993, 86
Trd, 4319448.093, 110
Trd, 4319448.393, 88
Trd, 4319449.843, 67
Trd, 4319449.993, 77
Trd, 4319450.793, 115
Trd, 4319451.343, 61
Trd, 4319451.943, 61
Trd, 4319452.993, 139
Trd, 4319454.293, 93
Trd, 4319454.493, 91
Trd, 4319455.243, 112
Trd, 4319455.843, 127
Trd, 4319456.043, 86
Trd, 4319456.393, 63
Trd, 4319457.343, 131
Trd, 4319457.893, 105
Trd, 4319459.893, 136
Trd, 4319460.543, 139
Trd, 4319460.593, 127
Trd, 4319461.893, 140
Trd, 4319462.293, 116
Trd, 4319463.193, 140
Trd, 4319463.543, 111
Trd, 4319463.743, 121
Trd, 4319463.793, 91
Trd, 4319463.943, 83
Trd, 4319465.393, 61
Trd, 4319465.843, 121
Trd, 4319466.343, 60
Trd, 4319466.393, 68
Trd, 4319466.643, 65
Trd, 4319467.493, 120
Trd, 4319468.293, 138
Trd, 4319468.443, 138
Trd, 4319469.993, 121
Trd, 4319470.143, 140
Trd, 4319470.443, 109
Trd, 4319471.093, 140
Trd, 4319471.143, 104
Trd, 4319472.543, 101
Trd, 4319473.193, 96
Trd, 4319473.843, 135
Trd, 4319474.093, 117
Trd, 4319474.743, 71
Trd, 4319474.843, 82
Trd, 4319474.943, 85
Trd, 4319476.093, 100
Trd, 4319476.243, 99
Trd, 4319477.093, 63
Trd, 4319477.743, 140
Trd, 4319477.893, 111
Trd, 4319478.443, 126
Trd, 4319478.693, 112
Trd, 4319479.093, 132
Trd, 4319479.293, 112
Trd, 4319479.693, 90
Trd, 4319480.643, 74
Trd, 4319481.293, 67
Trd, 4319482.343, 60
Trd, 4319482.393, 60
Trd, 4319482.643, 106
Trd, 4319484.093, 81
Trd, 4319484.593, 140
Trd, 4319484.643, 107
Trd, 4319486.443, 60
Trd, 4319486.593, 66
Trd, 4319486.893, 73
Trd, 4319487.743, 140
Trd, 4319487.893, 61
Trd, 4319488.593, 60
Trd, 4319489.093, 71
Trd, 4319489.643, 134
Trd, 4319490.043, 110
Trd, 4319490.543, 79
Trd, 4319491.143, 74
Trd, 4319491.593, 139
Trd, 4319493.843, 70
Trd, 4319494.243, 137
Trd, 4319495.343, 61
Trd, 4319495.443, 64
Trd, 4319495.793, 64
Trd, 4319496.043, 71
Trd, 4319496.793, 65
Trd, 4319497.643, 61
Trd, 4319497.993, 62
Trd, 4319498.393, 123
Trd, 4319499.293, 61
Trd, 4319499.593, 62
Trd, 4319500.293, 61
Trd, 4319500.343, 64
Trd, 4319501.443, 60
Trd, 4319502.693, 135
Trd, 4319503.193, 83
Trd, 4319503.293, 77
Trd, 4319503.843, 62
Trd, 4319504.943, 125
Trd, 4319505.943, 67
Trd, 4319506.043, 82
Trd, 4319506.493, 86
Trd, 4319507.443, 78
Trd, 4319507.893, 125
Trd, 4319508.543, 62
Trd, 4319509.143, 66
Trd, 4319509.943, 96
Trd, 4319510.093, 78
Trd, 4319510.643, 61
Trd, 4319511.143, 70
Trd, 4319512.643, 60
Trd, 4319512.743, 67
Trd, 4319513.693, 70
Trd, 4319514.543, 60
Trd, 4319515.143, 60
Trd, 4319516.543, 60
Trd, 4319517.093, 60
Trd, 4319517.343, 61
Trd, 4319517.493, 62
Trd, 4319518.143, 68
Trd, 4319518.343, 63
Trd, 4319518.393, 76
Trd, 4319519.143, 63
Trd, 4319519.493, 102
Trd, 4319519.543, 86
Trd, 4319520.143, 60
Trd, 4319521.193, 138
Trd, 4319521.293, 104
Trd, 4319523.593, 60
Trd, 4319524.043, 60
Trd, 4319524.193, 61
Trd, 4319525.943, 60
Trd, 4319526.243, 61
Trd, 4319526.443, 103
Trd, 4319527.093, 86
Trd, 4319529.093, 68
Trd, 4319529.493, 117
Trd, 4319529.693, 66
Trd, 4319529.893, 63
Trd, 4319529.993, 74
Trd, 4319531.893, 139
Trd, 4319532.743, 130
Trd, 4319533.393, 85
Trd, 4319534.543, 104
Trd, 4319534.943, 95
Trd, 4319535.093, 104
Trd, 4319535.493, 130
Trd, 4319535.943, 70
Trd, 4319536.443, 94
Trd, 4319536.543, 68
Trd, 4319537.643, 89
Trd, 4319537.693, 71
Trd, 4319538.043, 133
Trd, 4319539.593, 67
Trd, 4319540.393, 66
Trd, 4319541.093, 65
Trd, 4319541.743, 60
Trd, 4319541.843, 61
Trd, 4319542.643, 63
Trd, 4319543.143, 139
Trd, 4319543.943, 113
Trd, 4319544.893, 139
Trd, 4319545.493, 134
Trd, 4319545.643, 79
Trd, 4319546.593, 140
Trd, 4319547.293, 121
Trd, 4319548.543, 94
Trd, 4319549.093, 98
Trd, 4319549.593, 112
Trd, 4319549.893, 72
Trd, 4319550.243, 121
Trd, 4319550.643, 92
Trd, 4319551.243, 130
Trd, 4319553.543, 140
Trd, 4319553.643, 139
Trd, 4319553.743, 140
Trd, 4319554.793, 138
Trd, 4319554.943, 137
Trd, 4319556.593, 114
Trd, 4319556.943, 96
Trd, 4319557.343, 102
Trd, 4319558.443, 137
Trd, 4319558.793, 84
Trd, 4319558.943, 67
Trd, 4319559.693, 92
Trd, 4319559.893, 140
Trd, 4319560.493, 121
Trd, 4319561.143, 60
Trd, 4319561.593, 62
Trd, 4319562.443, 93
Trd, 4319563.243, 119
Trd, 4319564.443, 64
Trd, 4319564.843, 140
Trd, 4319565.143, 74
Trd, 4319565.493, 65
Trd, 4319566.293, 119
Trd, 4319567.243, 140
Trd, 4319567.443, 122
Trd, 4319567.493, 86
Trd, 4319568.193, 60
Trd, 4319568.493, 64
Trd, 4319568.543, 97
Trd, 4319569.993, 63
Trd, 4319570.393, 113
Trd, 4319572.443, 64
Trd, 4319572.793, 63
Trd, 4319573.493, 130
Trd, 4319574.143, 136
Trd, 4319574.193, 113
Trd, 4319574.993, 111
Trd, 4319575.093, 101
Trd, 4319575.493, 105
Trd, 4319576.093, 140
Trd, 4319576.243, 88
Trd, 4319577.193, 83
Trd, 4319577.343, 121
Trd, 4319578.843, 60
Trd, 4319578.893, 66
Trd, 4319579.643, 132
Trd, 4319580.293, 132
Trd, 4319580.693, 123
Trd, 4319581.443, 140
Trd, 4319581.593, 121
Trd, 4319581.843, 140
Trd, 4319582.693, 76
Trd, 4319583.543, 64
Trd, 4319585.093, 60
Trd, 4319585.543, 61
Trd, 4319585.943, 61
Trd, 4319586.893, 62
Trd, 4319587.393, 109
Trd, 4319587.893, 71
Trd, 4319588.443, 140
Trd, 4319588.543, 78
Trd, 4319589.643, 60
Trd, 4319590.143, 60
Trd, 4319590.993, 60
Trd, 4319591.193, 63
Trd, 4319592.093, 104
Trd, 4319592.593, 75
Trd, 4319593.393, 138
Trd, 4319593.443, 68
Trd, 4319594.343, 140
Trd, 4319594.493, 99
Trd, 4319594.643, 114
Trd, 4319594.943, 83
Trd, 4319596.293, 64
Trd, 4319597.093, 65
Trd, 4319597.693, 140
Trd, 4319599.043, 62
Trd, 4319599.343, 64
Trd, 4319600.343, 139
Trd, 4319600.543, 78
Trd, 4319601.343, 140
Trd, 4319602.343, 115
Trd, 4319602.693, 85
Trd, 4319603.793, 109
Trd, 4319604.093, 111
Trd, 4319604.493, 62
Trd, 4319604.793, 135
Trd, 4319605.943, 127
Trd, 4319606.193, 126
Trd, 4319606.293, 120
Trd, 4319607.193, 109
Trd, 4319609.843, 106
Trd, 4319610.293, 140
Trd, 4319611.093, 138
Trd, 4319611.143, 107
Trd, 4319611.543, 119
Trd, 4319612.843, 110
Trd, 4319612.993, 119
Trd, 4319613.543, 78
Trd, 4319613.993, 130
Trd, 4319614.343, 95
Trd, 4319614.793, 72
Trd, 4319615.643, 62
Trd, 4319616.543, 65
Trd, 4319616.793, 106
Trd, 4319617.543, 133
Trd, 4319618.393, 113
Trd, 4319618.743, 117
Trd, 4319619.543, 107
Trd, 4319619.843, 130
Trd, 4319620.043, 79
Trd, 4319621.343, 139
Trd, 4319622.343, 128
Trd, 4319622.993, 138
Trd, 4319623.243, 137
Trd, 4319623.593, 86
Trd, 4319624.493, 104
Trd, 4319624.893, 99
Trd, 4319625.393, 140
Trd, 4319625.843, 93
Trd, 4319626.593, 62
Trd, 4319626.643, 62
Trd, 4319626.843, 85
Trd, 4319627.043, 134
Trd, 4319627.643, 60
Trd, 4319628.343, 123
Trd, 4319628.493, 64
Trd, 4319630.843, 63
Trd, 4319631.193, 79
Trd, 4319632.093, 61
Trd, 4319632.393, 130
Trd, 4319632.543, 79
Trd, 4319633.993, 137
Trd, 4319634.193, 114
Trd, 4319634.843, 140
Trd, 4319634.993, 62
Trd, 4319635.943, 64
Trd, 4319636.343, 69
Trd, 4319637.643, 65
Trd, 4319638.743, 65
Trd, 4319638.993, 61
Trd, 4319639.843, 111
Trd, 4319640.093, 124
Trd, 4319640.543, 116
Trd, 4319641.093, 126
Trd, 4319641.743, 64
Trd, 4319642.243, 77
Trd, 4319642.593, 138
Trd, 4319643.943, 134
Trd, 4319644.043, 129
Trd, 4319644.343, 80
Trd, 4319645.343, 73
Trd, 4319645.393, 82
Trd, 4319645.543, 82
Trd, 4319645.743, 124
Trd, 4319646.993, 81
Trd, 4319647.743, 138
Trd, 4319647.893, 103
Trd, 4319649.243, 62
Trd, 4319649.543, 60
Trd, 4319650.093, 132
Trd, 4319650.793, 109
Trd, 4319651.843, 131
Trd, 4319652.443, 129
Trd, 4319652.493, 97
Trd, 4319653.393, 140
Trd, 4319654.943, 126
Trd, 4319655.143, 140
Trd, 4319655.393, 63
Trd, 4319655.793, 136
Trd, 4319656.043, 102
Trd, 4319657.043, 133
Trd, 4319657.293, 71
Trd, 4319658.043, 76
Trd, 4319658.793, 63
Trd, 4319659.193, 88
Trd, 4319660.743, 60
Trd, 4319661.043, 60
Trd, 4319661.493, 62
Trd, 4319662.143, 111
Trd, 4319662.893, 61
Trd, 4319662.943, 99
Trd, 4319663.543, 113
Trd, 4319664.743, 129
Trd, 4319665.193, 114
Trd, 4319665.543, 66
Trd, 4319666.893, 60
Trd, 4319667.543, 60
Trd, 4319667.693, 62
Trd, 4319667.993, 61
Trd, 4319669.243, 125
Trd, 4319670.093, 80
Trd, 4319670.493, 90
Trd, 4319670.543, 75
Trd, 4319671.443, 117
Trd, 4319671.793, 96
Trd, 4319671.893, 96
Trd, 4319673.243, 126
Trd, 4319673.343, 140
Trd, 4319673.543, 94
Trd, 4319674.793, 60
Trd, 4319675.343, 64
Trd, 4319676.243, 64
Trd, 4319676.693, 108
Trd, 4319677.793, 120
Trd, 4319678.893, 60
Trd, 4319679.693, 123
Trd, 4319679.943, 119
Trd, 4319680.393, 136
Trd, 4319681.093, 123
Trd, 4319681.393, 140
Trd, 4319681.943, 66
Trd, 4319682.393, 138
Trd, 4319682.693, 66
Trd, 4319683.093, 61
Trd, 4319683.743, 67
Trd, 4319683.993, 69
Trd, 4319684.243, 67
Trd, 4319685.243, 138
Trd, 4319685.493, 98
Trd, 4319686.543, 123
Trd, 4319686.693, 131
Trd, 4319687.193, 139
Trd, 4319688.993, 113
Trd, 4319690.243, 137
Trd, 4319690.293, 133
Trd, 4319690.343, 132
Trd, 4319690.693, 75
Trd, 4319691.993, 65
Trd, 4319692.293, 98
Trd, 4319692.543, 92
Trd, 4319694.843, 132
Trd, 4319695.043, 128
Trd, 4319695.893, 140
Trd, 4319696.343, 140
Trd, 4319697.043, 110
Trd, 4319697.693, 140
Trd, 4319698.343, 116
Trd, 4319698.743, 101
Trd, 4319699.193, 106
Trd, 4319700.693, 140
Trd, 4319701.043, 121
Trd, 4319702.493, 107
Trd, 4319702.793, 137
Trd, 4319702.943, 118
Trd, 4319703.243, 106
Trd, 4319703.443, 66
Trd, 4319704.143, 67
Trd, 4319705.143, 61
Trd, 4319706.593, 63
Trd, 4319706.793, 60
Trd, 4319707.143, 64
Trd, 4319707.343, 61
Trd, 4319707.993, 68
Trd, 4319710.293, 61
Trd, 4319711.443, 62
Trd, 4319711.743, 64
Trd, 4319712.593, 136
Trd, 4319712.793, 140
Trd, 4319713.093, 138
Trd, 4319713.543, 100
Trd, 4319714.193, 125
Trd, 4319714.393, 74
Trd, 4319715.443, 124
Trd, 4319715.643, 110
Trd, 4319716.543, 61
Trd, 4319717.193, 66
Trd, 4319717.493, 118
Trd, 4319717.943, 60
Trd, 4319718.693, 61
Trd, 4319719.493, 62
Trd, 4319719.593, 70
Trd, 4319721.143, 140
Trd, 4319721.593, 140
Trd, 4319722.443, 130
Trd, 4319722.493, 89
Trd, 4319723.293, 138
Trd, 4319723.343, 92
Trd, 4319724.293, 90
Trd, 4319725.393, 89
Trd, 4319725.493, 87
Trd, 4319725.543, 79
Trd, 4319725.743, 119
Trd, 4319726.893, 121
Trd, 4319727.743, 92
Trd, 4319728.193, 139
Trd, 4319728.893, 61
Trd, 4319729.693, 89
Trd, 4319730.393, 140
Trd, 4319730.493, 136
Trd, 4319731.443, 105
Trd, 4319732.393, 140
Trd, 4319732.643, 113
Trd, 4319732.993, 93
Trd, 4319734.993, 64
Trd, 4319735.043, 67
Trd, 4319735.343, 96
Trd, 4319735.943, 77
Trd, 4319736.243, 67
Trd, 4319736.593, 110
Trd, 4319736.993, 86
Trd, 4319738.393, 87
Trd, 4319739.343, 140
Trd, 4319740.393, 116
Trd, 4319740.643, 105
Trd, 4319740.843, 90
Trd, 4319741.043, 86
Trd, 4319741.293, 100
Trd, 4319741.693, 63
Trd, 4319741.743, 129
Trd, 4319742.343, 132
Trd, 4319744.343, 140
Trd, 4319744.393, 129
Trd, 4319744.793, 70
Trd, 4319744.943, 67
Trd, 4319746.193, 107
Trd, 4319746.243, 101
Trd, 4319747.243, 62
Trd, 4319747.743, 61
Trd, 4319748.343, 67
Trd, 4319748.693, 60
Trd, 4319749.293, 133
Trd, 4319750.693, 64
Trd, 4319750.993, 133
Trd, 4319751.493, 119
Trd, 4319752.143, 88
Trd, 4319753.293, 140
Trd, 4319754.843, 140
Trd, 4319755.043, 136
Trd, 4319755.993, 109
Trd, 4319756.793, 124
Trd, 4319757.043, 121
Trd, 4319758.843, 137
Trd, 4319758.993, 137
Trd, 4319759.193, 124
Trd, 4319759.343, 84
Trd, 4319759.943, 105
Trd, 4319760.643, 138
Trd, 4319761.243, 60
Trd, 4319761.343, 63
Trd, 4319761.543, 109
Trd, 4319762.543, 76
Trd, 4319763.093, 126
Trd, 4319763.693, 73
Trd, 4319764.043, 94
Trd, 4319764.843, 101
Trd, 4319766.543, 60
Trd, 4319767.143, 140
Trd, 4319767.193, 128
Trd, 4319767.393, 116
Trd, 4319768.093, 140
Trd, 4319768.543, 139
Trd, 4319770.893, 114
Trd, 4319770.943, 88
Trd, 4319771.743, 65
Trd, 4319771.793, 123
Trd, 4319772.843, 65
Trd, 4319773.643, 77
Trd, 4319774.293, 75
Trd, 4319774.743, 61
Trd, 4319774.793, 64
Trd, 4319775.043, 76
Trd, 4319775.393, 85
Trd, 4319776.993, 60
Trd, 4319777.093, 61
Trd, 4319777.693, 109
Trd, 4319777.943, 97
Trd, 4319778.293, 117
Trd, 4319778.393, 105
Trd, 4319778.843, 66
Trd, 4319779.893, 139
Trd, 4319780.743, 140
Trd, 4319781.293, 134
Trd, 4319782.893, 89
Trd, 4319783.393, 92
Trd, 4319783.593, 79
Trd, 4319783.743, 73
Trd, 4319784.043, 72
Trd, 4319785.093, 67
Trd, 4319786.543, 140
Trd, 4319787.243, 140
Trd, 4319787.793, 130
Trd, 4319787.943, 138
Trd, 4319788.993, 102
Trd, 4319789.843, 73
Trd, 4319791.293, 140
Trd, 4319791.543, 137
Trd, 4319792.593, 140
Trd, 4319793.343, 126
Trd, 4319793.543, 110
Trd, 4319793.843, 108
Trd, 4319793.943, 136
Trd, 4319795.543, 139
Trd, 4319795.743, 121
Trd, 4319795.943, 132
Trd, 4319797.693, 140
Trd, 4319797.743, 97
Trd, 4319797.893, 88
Trd, 4319798.143, 95
Trd, 4319798.643, 119
Trd, 4319799.243, 70
Trd, 4319799.693, 64
Trd, 4319801.543, 138
Trd, 4319801.593, 137
Trd, 4319802.143, 111
Trd, 4319802.293, 101
Trd, 4319802.543, 93
Trd, 4319803.843, 89
Trd, 4319804.393, 116
Trd, 4319805.193, 82
Trd, 4319805.643, 135
Trd, 4319805.843, 135
Trd, 4319806.543, 85
Trd, 4319806.843, 68
Trd, 4319806.943, 140
Trd, 4319807.293, 73
Trd, 4319809.643, 131
Trd, 4319809.843, 95
Trd, 4319809.893, 86
Trd, 4319810.493, 72
Trd, 4319811.093, 135
Trd, 4319811.643, 140
Trd, 4319811.693, 93
Trd, 4319813.543, 140
Trd, 4319813.593, 123
Trd, 4319813.943, 111
Trd, 4319814.293, 140
Trd, 4319814.593, 82
Trd, 4319815.143, 139
Trd, 4319815.343, 60
Trd, 4319817.043, 69
Trd, 4319817.493, 103
Trd, 4319817.893, 109
Trd, 4319818.443, 106
Trd, 4319819.243, 68
Trd, 4319820.093, 88
Trd, 4319820.493, 69
Trd, 4319820.793, 62
Trd, 4319821.993, 61
Trd, 4319822.193, 69
Trd, 4319822.543, 119
Trd, 4319823.243, 63
Trd, 4319823.593, 62
Trd, 4319824.293, 80
Trd, 4319825.043, 127
Trd, 4319825.493, 97
Trd, 4319826.493, 139
Trd, 4319826.843, 122
Trd, 4319826.993, 107
Trd, 4319827.543, 113
Trd, 4319828.343, 107
Trd, 4319829.543, 140
Trd, 4319829.643, 126
Trd, 4319830.793, 138
Trd, 4319831.993, 101
Trd, 4319832.043, 101
Trd, 4319832.843, 138
Trd, 4319833.093, 138
Trd, 4319833.193, 121
Trd, 4319833.593, 100
Trd, 4319835.743, 137
Trd, 4319836.043, 140
Trd, 4319836.643, 131
Trd, 4319837.193, 106
Trd, 4319837.493, 103
Trd, 4319837.843, 139
Trd, 4319839.943, 140
Trd, 4319840.893, 140
Trd, 4319841.493, 99
Trd, 4319841.693, 90
Trd, 4319841.993, 136
Trd, 4319842.643, 94
Trd, 4319843.593, 61
Trd, 4319844.043, 105
Trd, 4319844.393, 61
Trd, 4319844.743, 138
Trd, 4319845.193, 60
Trd, 4319845.943, 128
Trd, 4319846.443, 61
Trd, 4319846.793, 136
Trd, 4319848.043, 140
Trd, 4319848.393, 120
Trd, 4319849.443, 140
Trd, 4319849.643, 90
Trd, 4319851.243, 140
Trd, 4319852.693, 137
Trd, 4319853.043, 127
Trd, 4319853.143, 124
Trd, 4319853.293, 122
Trd, 4319854.293, 101
Trd, 4319854.393, 95
Trd, 4319854.793, 112
Trd, 4319855.543, 68
Trd, 4319855.893, 61
Trd, 4319855.943, 135
Trd, 4319856.343, 140
Trd, 4319857.193, 139
Trd, 4319857.693, 106
Trd, 4319857.743, 130
Trd, 4319858.293, 61
Trd, 4319858.843, 87
Trd, 4319859.993, 135
Trd, 4319860.093, 127
Trd, 4319860.693, 137
Trd, 4319860.843, 78
Trd, 4319861.593, 138
Trd, 4319862.343, 107
Trd, 4319863.593, 136
Trd, 4319863.693, 85
Trd, 4319864.143, 140
Trd, 4319865.393, 140
Trd, 4319865.843, 118
Trd, 4319867.293, 140
Trd, 4319867.693, 134
Trd, 4319867.893, 125
Trd, 4319869.143, 87
Trd, 4319869.243, 63
Trd, 4319870.093, 139
Trd, 4319870.393, 126
Trd, 4319870.843, 115
Trd, 4319871.193, 120
Trd, 4319871.793, 105
Trd, 4319872.593, 118
Trd, 4319873.293, 95
Trd, 4319873.893, 60
Trd, 4319875.593, 64
Trd, 4319875.843, 62
Trd, 4319876.093, 140
Trd, 4319877.093, 139
Trd, 4319877.543, 130
Trd, 4319877.693, 128
Trd, 4319878.243, 101
Trd, 4319879.993, 136
Trd, 4319880.343, 123
Trd, 4319880.393, 98
Trd, 4319880.843, 81
Trd, 4319880.993, 93
Trd, 4319881.293, 140
Trd, 4319882.343, 139
Trd, 4319882.393, 132
Trd, 4319882.593, 123
Trd, 4319882.993, 115
Trd, 4319885.293, 140
Trd, 4319885.693, 133
Trd, 4319885.893, 117
Trd, 4319886.543, 84
Trd, 4319886.943, 74
Trd, 4319887.293, 85
Trd, 4319888.243, 102
Trd, 4319888.593, 72
Trd, 4319889.993, 140
Trd, 4319890.443, 140
Trd, 4319890.943, 109
Trd, 4319891.193, 103
Trd, 4319891.993, 66
Trd, 4319892.693, 117
Trd, 4319892.843, 72
Trd, 4319893.993, 87
Trd, 4319894.543, 140
Trd, 4319894.893, 84
Trd, 4319896.743, 115
Trd, 4319897.293, 123
Trd, 4319897.343, 111
Trd, 4319898.943, 117
Trd, 4319899.393, 138
Trd, 4319899.943, 79
Trd, 4319900.293, 66
Trd, 4319900.793, 136
Trd, 4319901.593, 99
Trd, 4319901.843, 116
Trd, 4319902.293, 126
Trd, 4319902.493, 78
Trd, 4319902.993, 77
Trd, 4319903.793, 91
Trd, 4319904.293, 65
Trd, 4319905.593, 63
Trd, 4319905.743, 89
Trd, 4319906.443, 60
Trd, 4319907.493, 140
Trd, 4319907.893, 123
Trd, 4319908.043, 95
Trd, 4319909.293, 83
Trd, 4319910.393, 112
Trd, 4319910.693, 124
Trd, 4319911.243, 95
Trd, 4319911.443, 105
Trd, 4319913.043, 95
Trd, 4319913.243, 90
Trd, 4319913.593, 85
Trd, 4319914.043, 137
Trd, 4319914.943, 137
Trd, 4319915.543, 137
Trd, 4319915.743, 122
Trd, 4319916.543, 137
Trd, 4319917.193, 135
Trd, 4319917.693, 113
Trd, 4319919.193, 136
Trd, 4319920.343, 140
Trd, 4319920.393, 128
Trd, 4319920.743, 138
Trd, 4319920.843, 83
Trd, 4319921.293, 66
Trd, 4319922.693, 61
Trd, 4319923.243, 80
Trd, 4319923.493, 75
Trd, 4319924.143, 68
Trd, 4319924.393, 61
Trd, 4319924.943, 64
Trd, 4319925.093, 70
Trd, 4319925.743, 138
Trd, 4319927.293, 123
Trd, 4319928.143, 81
Trd, 4319929.043, 127
Trd, 4319929.743, 133
Trd, 4319929.843, 131
Trd, 4319930.543, 139
Trd, 4319930.943, 123
Trd, 4319930.993, 109
Trd, 4319931.493, 106
Trd, 4319931.743, 140
Trd, 4319932.043, 89
Trd, 4319932.893, 98
Trd, 4319933.393, 73
Trd, 4319934.143, 139
Trd, 4319934.693, 92
Trd, 4319935.293, 74
Trd, 4319936.743, 66
Trd, 4319936.793, 77
Trd, 4319937.643, 139
Trd, 4319938.293, 140
Trd, 4319938.393, 64
Trd, 4319938.793, 76
Trd, 4319939.743, 78
Trd, 4319939.843, 62
Trd, 4319940.243, 96
Trd, 4319941.043, 119
Trd, 4319941.743, 62
Trd, 4319942.843, 65
Trd, 4319943.893, 103
Trd, 4319943.943, 98
Trd, 4319944.543, 140
Trd, 4319945.993, 140
Trd, 4319946.143, 119
Trd, 4319947.443, 125
Trd, 4319947.643, 108
Trd, 4319947.693, 87
Trd, 4319948.893, 60
Trd, 4319949.493, 63
Trd, 4319950.193, 60
Trd, 4319950.893, 60
Trd, 4319950.993, 62
Trd, 4319951.593, 139
Trd, 4319952.943, 62
Trd, 4319953.843, 60
Trd, 4319954.893, 64
Trd, 4319955.193, 71
Trd, 4319955.843, 122
Trd, 4319956.443, 106
Trd, 4319956.693, 92
Trd, 4319957.943, 138
Trd, 4319958.193, 85
Trd, 4319958.393, 102
Trd, 4319958.493, 99
Trd, 4319960.543, 130
Trd, 4319960.843, 62
Trd, 4319961.493, 135
Trd, 4319961.593, 128
Trd, 4319961.843, 140
Trd, 4319961.893, 91
Trd, 4319962.943, 70
Trd, 4319963.943, 66
Trd, 4319965.293, 65
Trd, 4319965.843, 103
Trd, 4319966.143, 93
Trd, 4319967.793, 138
Trd, 4319968.093, 127
Trd, 4319968.843, 126
Trd, 4319969.043, 122
Trd, 4319969.443, 137
Trd, 4319970.493, 110
Trd, 4319970.993, 139
Trd, 4319971.793, 102
Trd, 4319972.893, 78
Trd, 4319973.643, 140
Trd, 4319973.793, 113
Trd, 4319976.043, 140
Trd, 4319976.143, 92
Trd, 4319976.443, 127
Trd, 4319977.743, 126
Trd, 4319977.893, 83
Trd, 4319978.093, 122
Trd, 4319978.143, 119
Trd, 4319979.043, 139
Trd, 4319980.193, 73
Trd, 4319980.493, 64
Trd, 4319981.993, 97
Trd, 4319982.293, 98
Trd, 4319982.593, 139
Trd, 4319983.743, 137
Trd, 4319983.993, 129
Trd, 4319984.193, 82
Trd, 4319984.993, 61
Trd, 4319985.893, 136
Trd, 4319985.943, 106
Trd, 4319986.793, 71
Trd, 4319987.893, 63
Trd, 4319988.193, 61
Trd, 4319989.243, 137
Trd, 4319989.293, 113
Trd, 4319989.693, 139
Trd, 4319990.443, 140
Trd, 4319992.143, 140
Trd, 4319992.193, 134
Trd, 4319992.593, 115
Trd, 4319993.293, 140
Trd, 4319993.643, 66
Trd, 4319995.443, 135
Trd, 4319995.893, 140
Trd, 4319995.993, 131
Trd, 4319996.493, 108
Trd, 4319996.643, 68
Trd, 4319997.193, 68
Trd, 4319997.243, 70
Trd, 4319998.193, 64
Trd, 4319998.543, 65
Trd, 4319999.543, 131
Trd, 4319999.693, 71
