Trd, 4318106.993, 140
Trd, 4318107.993, 140
Trd, 4318108.343, 140
Trd, 4318108.893, 140
Trd, 4318109.743, 140
Trd, 4318109.843, 140
Trd, 4318110.143, 131
Trd, 4318110.443, 129
Trd, 4318111.893, 113
Trd, 4318112.593, 139
Trd, 4318113.043, 140
Trd, 4318113.393, 137
Trd, 4318114.993, 140
Trd, 4318115.143, 140
Trd, 4318115.193, 93
Trd, 4318117.443, 60
Trd, 4318118.943, 61
Trd, 4318119.693, 61
Trd, 4318119.843, 60
Trd, 4318120.693, 60
Trd, 4318121.043, 60
Trd, 4318121.493, 65
Trd, 4318121.993, 99
Trd, 4318122.893, 60
Trd, 4318123.793, 62
Trd, 4318123.893, 85
Trd, 4318125.043, 139
Trd, 4318125.143, 138
Trd, 4318125.493, 64
Trd, 4318126.993, 65
Trd, 4318127.343, 78
Trd, 4318127.943, 64
Trd, 4318129.293, 64
Trd, 4318129.693, 67
Trd, 4318129.793, 68
Trd, 4318130.593, 63
Trd, 4318130.843, 62
Trd, 4318132.193, 60
Trd, 4318132.293, 62
Trd, 4318132.443, 64
Trd, 4318134.293, 107
Trd, 4318134.693, 88
Trd, 4318135.143, 65
Trd, 4318136.093, 73
Trd, 4318137.593, 116
Trd, 4318137.893, 140
Trd, 4318138.043, 117
Trd, 4318139.243, 140
Trd, 4318139.643, 140
Trd, 4318139.893, 140
Trd, 4318142.943, 140
Trd, 4318143.143, 140
Trd, 4318143.593, 140
Trd, 4318144.343, 140
Trd, 4318145.093, 140
Trd, 4318147.093, 140
Trd, 4318147.193, 138
Trd, 4318148.793, 140
Trd, 4318150.443, 140
Trd, 4318150.993, 140
Trd, 4318153.643, 140
Trd, 4318153.793, 140
Trd, 4318153.893, 140
Trd, 4318154.193, 140
Trd, 4318154.293, 140
Trd, 4318154.843, 140
Trd, 4318155.043, 140
Trd, 4318155.643, 138
Trd, 4318156.243, 140
Trd, 4318156.493, 140
Trd, 4318157.443, 126
Trd, 4318158.243, 140
Trd, 4318159.493, 138
Trd, 4318159.543, 125
Trd, 4318160.293, 140
Trd, 4318161.943, 139
Trd, 4318162.643, 138
Trd, 4318163.043, 138
Trd, 4318163.793, 128
Trd, 4318164.193, 105
Trd, 4318164.843, 106
Trd, 4318165.643, 140
Trd, 4318166.193, 140
Trd, 4318168.643, 140
Trd, 4318169.993, 140
Trd, 4318172.493, 140
Trd, 4318172.643, 140
Trd, 4318172.943, 140
Trd, 4318173.293, 140
Trd, 4318173.343, 140
Trd, 4318174.643, 67
Trd, 4318176.443, 140
Trd, 4318176.593, 140
Trd, 4318177.493, 137
Trd, 4318177.793, 106
Trd, 4318179.793, 71
Trd, 4318180.793, 60
Trd, 4318181.993, 61
Trd, 4318182.093, 62
Trd, 4318182.843, 65
Trd, 4318183.593, 72
Trd, 4318184.493, 67
Trd, 4318185.043, 74
Trd, 4318185.143, 80
Trd, 4318185.393, 68
Trd, 4318185.443, 130
Trd, 4318187.043, 87
Trd, 4318187.293, 84
Trd, 4318189.393, 140
Trd, 4318189.593, 140
Trd, 4318189.943, 140
Trd, 4318190.043, 140
Trd, 4318190.293, 140
Trd, 4318190.593, 136
Trd, 4318191.443, 139
Trd, 4318192.593, 140
Trd, 4318192.743, 140
Trd, 4318194.093, 140
Trd, 4318195.243, 140
Trd, 4318196.443, 140
Trd, 4318196.693, 140
Trd, 4318197.893, 140
Trd, 4318198.293, 140
Trd, 4318200.093, 140
Trd, 4318200.193, 139
Trd, 4318201.293, 139
Trd, 4318201.393, 139
Trd, 4318203.343, 140
Trd, 4318204.593, 140
Trd, 4318204.743, 140
Trd, 4318205.443, 139
Trd, 4318205.993, 140
Trd, 4318208.443, 140
Trd, 4318208.693, 140
Trd, 4318209.643, 139
Trd, 4318210.743, 140
Trd, 4318211.743, 140
Trd, 4318211.893, 140
Trd, 4318212.093, 138
Trd, 4318212.743, 134
Trd, 4318213.843, 139
Trd, 4318214.443, 114
Trd, 4318214.543, 94
Trd, 4318216.393, 140
Trd, 4318216.843, 140
Trd, 4318218.193, 140
Trd, 4318218.343, 140
Trd, 4318219.743, 140
Trd, 4318219.893, 140
Trd, 4318221.593, 140
Trd, 4318221.993, 140
Trd, 4318222.443, 140
Trd, 4318223.443, 140
Trd, 4318223.993, 140
Trd, 4318224.893, 140
Trd, 4318224.943, 140
Trd, 4318225.493, 140
Trd, 4318225.593, 140
Trd, 4318226.443, 140
Trd, 4318226.543, 140
Trd, 4318226.893, 140
Trd, 4318227.343, 128
Trd, 4318229.143, 140
Trd, 4318229.843, 140
Trd, 4318230.393, 140
Trd, 4318230.443, 140
Trd, 4318230.843, 140
Trd, 4318231.993, 139
Trd, 4318232.993, 137
Trd, 4318233.093, 133
Trd, 4318233.643, 110
Trd, 4318234.893, 140
Trd, 4318235.343, 140
Trd, 4318237.043, 140
Trd, 4318237.293, 138
Trd, 4318238.393, 140
Trd, 4318238.693, 140
Trd, 4318238.893, 140
Trd, 4318239.893, 129
Trd, 4318240.543, 137
Trd, 4318242.243, 134
Trd, 4318243.343, 138
Trd, 4318243.443, 136
Trd, 4318243.493, 134
Trd, 4318244.293, 140
Trd, 4318244.343, 139
Trd, 4318244.393, 138
Trd, 4318246.743, 136
Trd, 4318247.643, 118
Trd, 4318248.243, 138
Trd, 4318248.943, 109
Trd, 4318250.043, 125
Trd, 4318250.343, 127
Trd, 4318251.043, 125
Trd, 4318251.143, 128
Trd, 4318251.243, 107
Trd, 4318251.493, 79
Trd, 4318252.693, 60
Trd, 4318253.443, 100
Trd, 4318254.343, 125
Trd, 4318255.293, 68
Trd, 4318255.743, 60
Trd, 4318255.943, 74
Trd, 4318257.493, 127
Trd, 4318259.343, 88
Trd, 4318259.393, 87
Trd, 4318259.693, 79
Trd, 4318259.943, 90
Trd, 4318259.993, 78
Trd, 4318260.093, 136
Trd, 4318261.043, 92
Trd, 4318261.893, 95
Trd, 4318263.943, 140
Trd, 4318263.993, 140
Trd, 4318264.493, 140
Trd, 4318265.893, 140
Trd, 4318266.143, 140
Trd, 4318266.243, 140
Trd, 4318268.193, 140
Trd, 4318268.743, 140
Trd, 4318268.843, 139
Trd, 4318269.043, 138
Trd, 4318269.193, 104
Trd, 4318269.593, 71
Trd, 4318269.943, 65
Trd, 4318271.693, 61
Trd, 4318273.493, 60
Trd, 4318274.643, 140
Trd, 4318275.493, 140
Trd, 4318275.893, 140
Trd, 4318276.643, 140
Trd, 4318276.993, 140
Trd, 4318277.043, 140
Trd, 4318277.893, 140
Trd, 4318278.743, 137
Trd, 4318279.943, 139
Trd, 4318280.193, 137
Trd, 4318280.493, 119
Trd, 4318281.043, 120
Trd, 4318281.793, 140
Trd, 4318283.793, 140
Trd, 4318283.893, 140
Trd, 4318284.943, 120
Trd, 4318286.543, 140
Trd, 4318286.593, 139
Trd, 4318288.593, 140
Trd, 4318289.243, 140
Trd, 4318289.593, 140
Trd, 4318290.493, 140
Trd, 4318290.693, 136
Trd, 4318291.193, 77
Trd, 4318291.943, 92
Trd, 4318292.093, 88
Trd, 4318293.693, 84
Trd, 4318295.193, 120
Trd, 4318295.393, 119
Trd, 4318296.393, 138
Trd, 4318296.743, 137
Trd, 4318298.593, 140
Trd, 4318298.843, 140
Trd, 4318299.093, 140
Trd, 4318299.243, 115
Trd, 4318299.543, 126
Trd, 4318299.743, 80
Trd, 4318299.943, 62
Trd, 4318301.543, 140
Trd, 4318303.493, 140
Trd, 4318303.543, 140
Trd, 4318303.843, 140
Trd, 4318303.993, 138
Trd, 4318305.043, 140
Trd, 4318306.193, 140
Trd, 4318306.293, 140
Trd, 4318308.143, 140
Trd, 4318308.393, 140
Trd, 4318308.693, 138
Trd, 4318309.193, 138
Trd, 4318310.193, 138
Trd, 4318310.543, 140
Trd, 4318311.593, 140
Trd, 4318313.343, 140
Trd, 4318313.393, 140
Trd, 4318314.593, 140
Trd, 4318316.743, 140
Trd, 4318317.543, 140
Trd, 4318317.943, 140
Trd, 4318318.093, 140
Trd, 4318318.693, 140
Trd, 4318320.343, 116
Trd, 4318321.143, 137
Trd, 4318321.443, 139
Trd, 4318321.843, 138
Trd, 4318322.043, 140
Trd, 4318322.793, 140
Trd, 4318323.193, 138
Trd, 4318323.793, 132
Trd, 4318324.943, 136
Trd, 4318325.043, 137
Trd, 4318325.343, 133
Trd, 4318325.393, 129
Trd, 4318325.693, 90
Trd, 4318327.093, 87
Trd, 4318328.243, 140
Trd, 4318328.593, 140
Trd, 4318329.493, 140
Trd, 4318329.793, 136
Trd, 4318329.843, 98
Trd, 4318330.893, 139
Trd, 4318331.743, 140
Trd, 4318333.093, 140
Trd, 4318333.743, 140
Trd, 4318333.843, 140
Trd, 4318334.043, 140
Trd, 4318334.643, 140
Trd, 4318335.093, 140
Trd, 4318335.443, 111
Trd, 4318336.593, 89
Trd, 4318339.893, 140
Trd, 4318340.193, 140
Trd, 4318340.443, 140
Trd, 4318340.843, 140
Trd, 4318342.093, 140
Trd, 4318342.293, 140
Trd, 4318342.543, 74
Trd, 4318343.243, 83
Trd, 4318344.343, 140
Trd, 4318344.993, 140
Trd, 4318345.293, 140
Trd, 4318345.743, 140
Trd, 4318346.743, 132
Trd, 4318348.193, 139
Trd, 4318348.243, 112
Trd, 4318348.843, 96
Trd, 4318349.343, 140
Trd, 4318350.343, 140
Trd, 4318350.743, 140
Trd, 4318352.043, 140
Trd, 4318352.093, 140
Trd, 4318352.193, 121
Trd, 4318352.393, 77
Trd, 4318354.693, 140
Trd, 4318354.793, 138
Trd, 4318355.743, 140
Trd, 4318356.293, 140
Trd, 4318357.093, 140
Trd, 4318357.643, 140
Trd, 4318357.693, 140
Trd, 4318358.943, 140
Trd, 4318359.043, 140
Trd, 4318359.643, 140
Trd, 4318360.193, 140
Trd, 4318360.943, 140
Trd, 4318361.643, 133
Trd, 4318362.793, 111
Trd, 4318365.393, 140
Trd, 4318365.993, 140
Trd, 4318367.943, 140
Trd, 4318368.493, 140
Trd, 4318368.793, 140
Trd, 4318368.843, 140
Trd, 4318369.193, 137
Trd, 4318369.343, 135
Trd, 4318369.993, 140
Trd, 4318370.943, 119
Trd, 4318371.143, 101
Trd, 4318371.443, 132
Trd, 4318372.993, 61
Trd, 4318373.243, 62
Trd, 4318374.693, 140
Trd, 4318375.243, 140
Trd, 4318376.243, 140
Trd, 4318377.393, 140
Trd, 4318377.943, 140
Trd, 4318378.943, 140
Trd, 4318379.443, 140
Trd, 4318379.593, 139
Trd, 4318381.493, 140
Trd, 4318381.743, 140
Trd, 4318381.843, 137
Trd, 4318382.693, 129
Trd, 4318383.593, 131
Trd, 4318384.393, 140
Trd, 4318384.593, 140
Trd, 4318385.343, 138
Trd, 4318386.443, 140
Trd, 4318386.643, 140
Trd, 4318388.143, 140
Trd, 4318389.443, 140
Trd, 4318390.443, 140
Trd, 4318390.793, 140
Trd, 4318390.993, 140
Trd, 4318391.243, 87
Trd, 4318391.693, 140
Trd, 4318392.293, 137
Trd, 4318392.693, 109
Trd, 4318392.743, 140
Trd, 4318394.043, 138
Trd, 4318394.893, 140
Trd, 4318396.143, 81
Trd, 4318396.593, 76
Trd, 4318397.093, 75
Trd, 4318397.693, 140
Trd, 4318398.293, 60
Trd, 4318398.593, 69
Trd, 4318399.543, 129
Trd, 4318402.343, 60
Trd, 4318403.193, 60
Trd, 4318403.693, 60
Trd, 4318404.693, 60
Trd, 4318405.943, 61
Trd, 4318406.143, 63
Trd, 4318407.543, 63
Trd, 4318408.343, 140
Trd, 4318409.293, 140
Trd, 4318409.643, 140
Trd, 4318409.843, 139
Trd, 4318410.293, 105
Trd, 4318410.943, 136
Trd, 4318411.643, 136
Trd, 4318412.043, 140
Trd, 4318412.243, 125
Trd, 4318412.893, 102
Trd, 4318414.393, 134
Trd, 4318415.893, 137
Trd, 4318415.943, 76
Trd, 4318416.193, 75
Trd, 4318417.193, 140
Trd, 4318417.493, 140
Trd, 4318419.193, 140
Trd, 4318419.393, 140
Trd, 4318420.843, 140
Trd, 4318422.793, 140
Trd, 4318423.143, 139
Trd, 4318423.393, 117
Trd, 4318424.143, 100
Trd, 4318424.193, 101
Trd, 4318424.693, 138
Trd, 4318425.293, 66
Trd, 4318426.043, 67
Trd, 4318427.343, 62
Trd, 4318428.993, 63
Trd, 4318429.043, 89
Trd, 4318429.643, 93
Trd, 4318431.043, 140
Trd, 4318431.393, 140
Trd, 4318431.543, 140
Trd, 4318431.943, 114
Trd, 4318434.093, 60
Trd, 4318434.443, 60
Trd, 4318435.043, 61
Trd, 4318435.343, 62
Trd, 4318436.093, 63
Trd, 4318436.543, 64
Trd, 4318438.143, 64
Trd, 4318438.293, 118
Trd, 4318438.843, 67
Trd, 4318439.543, 133
Trd, 4318439.943, 140
Trd, 4318439.993, 140
Trd, 4318441.443, 140
Trd, 4318442.693, 140
Trd, 4318442.943, 140
Trd, 4318443.043, 140
Trd, 4318443.243, 140
Trd, 4318445.043, 140
Trd, 4318445.493, 140
Trd, 4318446.293, 140
Trd, 4318447.993, 140
Trd, 4318448.043, 138
Trd, 4318448.893, 140
Trd, 4318450.343, 140
Trd, 4318450.443, 140
Trd, 4318451.293, 140
Trd, 4318451.693, 140
Trd, 4318452.443, 140
Trd, 4318453.743, 140
Trd, 4318453.893, 140
Trd, 4318453.993, 140
Trd, 4318455.493, 128
Trd, 4318455.593, 127
Trd, 4318455.793, 124
Trd, 4318456.743, 137
Trd, 4318457.393, 140
Trd, 4318457.793, 96
Trd, 4318458.093, 95
Trd, 4318459.343, 140
Trd, 4318460.093, 140
Trd, 4318461.593, 140
Trd, 4318462.743, 140
Trd, 4318463.793, 140
Trd, 4318465.593, 140
Trd, 4318465.643, 139
Trd, 4318466.243, 140
Trd, 4318466.293, 133
Trd, 4318467.193, 80
Trd, 4318467.893, 139
Trd, 4318469.343, 135
Trd, 4318469.393, 131
Trd, 4318471.243, 140
Trd, 4318471.893, 140
Trd, 4318472.143, 140
Trd, 4318472.843, 140
Trd, 4318473.593, 117
Trd, 4318474.093, 72
Trd, 4318475.343, 140
Trd, 4318476.243, 140
Trd, 4318476.743, 138
Trd, 4318477.793, 140
Trd, 4318478.093, 140
Trd, 4318478.993, 140
Trd, 4318480.543, 140
Trd, 4318480.993, 140
Trd, 4318481.343, 135
Trd, 4318481.893, 136
Trd, 4318482.393, 139
Trd, 4318483.193, 140
Trd, 4318483.893, 140
Trd, 4318484.943, 139
Trd, 4318485.193, 138
Trd, 4318486.643, 139
Trd, 4318487.943, 60
Trd, 4318489.693, 60
Trd, 4318490.193, 70
Trd, 4318491.093, 69
Trd, 4318491.693, 73
Trd, 4318492.093, 99
Trd, 4318492.393, 68
Trd, 4318492.943, 93
Trd, 4318493.143, 113
Trd, 4318493.443, 67
Trd, 4318493.843, 140
Trd, 4318494.943, 140
Trd, 4318496.393, 140
Trd, 4318496.543, 140
Trd, 4318497.193, 140
Trd, 4318498.843, 140
Trd, 4318501.093, 140
Trd, 4318501.443, 140
Trd, 4318501.643, 140
Trd, 4318502.843, 139
Trd, 4318504.693, 140
Trd, 4318505.143, 140
Trd, 4318505.243, 140
Trd, 4318505.393, 140
Trd, 4318507.143, 140
Trd, 4318508.643, 140
Trd, 4318509.643, 140
Trd, 4318510.593, 140
Trd, 4318511.793, 140
Trd, 4318512.293, 140
Trd, 4318512.893, 140
Trd, 4318513.243, 140
Trd, 4318513.493, 140
Trd, 4318515.493, 140
Trd, 4318515.543, 140
Trd, 4318515.793, 140
Trd, 4318516.793, 131
Trd, 4318517.743, 140
Trd, 4318518.043, 140
Trd, 4318518.993, 134
Trd, 4318519.243, 89
Trd, 4318520.393, 140
Trd, 4318520.893, 139
Trd, 4318521.193, 137
Trd, 4318522.393, 131
Trd, 4318523.343, 103
Trd, 4318523.393, 62
Trd, 4318523.843, 104
Trd, 4318525.793, 60
Trd, 4318526.943, 60
Trd, 4318528.243, 60
Trd, 4318528.693, 60
Trd, 4318528.843, 61
Trd, 4318530.043, 140
Trd, 4318530.343, 140
Trd, 4318530.793, 137
Trd, 4318532.493, 140
Trd, 4318533.393, 140
Trd, 4318533.643, 140
Trd, 4318533.793, 135
Trd, 4318534.593, 83
Trd, 4318535.543, 84
Trd, 4318536.343, 84
Trd, 4318537.093, 140
Trd, 4318538.243, 140
Trd, 4318538.443, 140
Trd, 4318539.243, 140
Trd, 4318539.343, 114
Trd, 4318539.843, 96
Trd, 4318541.493, 140
Trd, 4318541.943, 61
Trd, 4318543.643, 61
Trd, 4318543.943, 67
Trd, 4318544.193, 123
Trd, 4318544.493, 66
Trd, 4318545.443, 140
Trd, 4318546.543, 140
Trd, 4318547.943, 140
Trd, 4318548.593, 140
Trd, 4318549.643, 140
Trd, 4318549.943, 140
Trd, 4318550.743, 140
Trd, 4318551.243, 140
Trd, 4318553.243, 140
Trd, 4318554.493, 140
Trd, 4318554.643, 140
Trd, 4318554.943, 140
Trd, 4318555.043, 139
Trd, 4318555.893, 138
Trd, 4318556.343, 139
Trd, 4318556.793, 116
Trd, 4318556.893, 90
Trd, 4318557.843, 68
Trd, 4318558.343, 74
Trd, 4318559.393, 107
Trd, 4318561.043, 140
Trd, 4318561.593, 140
Trd, 4318562.343, 140
Trd, 4318563.743, 140
Trd, 4318564.893, 140
Trd, 4318565.343, 140
Trd, 4318565.493, 140
Trd, 4318565.593, 140
Trd, 4318566.643, 137
Trd, 4318567.243, 130
Trd, 4318567.743, 137
Trd, 4318568.293, 136
Trd, 4318569.143, 133
Trd, 4318569.643, 140
Trd, 4318571.043, 135
Trd, 4318571.693, 137
Trd, 4318572.243, 139
Trd, 4318572.693, 135
Trd, 4318573.393, 116
Trd, 4318574.443, 105
Trd, 4318577.043, 140
Trd, 4318577.193, 140
Trd, 4318578.143, 140
Trd, 4318578.643, 140
Trd, 4318578.893, 140
Trd, 4318580.493, 140
Trd, 4318580.643, 140
Trd, 4318580.893, 140
Trd, 4318581.493, 140
Trd, 4318581.593, 139
Trd, 4318582.043, 135
Trd, 4318582.893, 140
Trd, 4318583.893, 139
Trd, 4318584.343, 140
Trd, 4318585.343, 140
Trd, 4318585.443, 140
Trd, 4318588.943, 140
Trd, 4318589.093, 140
Trd, 4318589.943, 139
Trd, 4318590.443, 139
Trd, 4318590.593, 139
Trd, 4318591.443, 140
Trd, 4318592.943, 140
Trd, 4318593.393, 140
Trd, 4318593.693, 139
Trd, 4318594.943, 127
Trd, 4318595.243, 140
Trd, 4318595.393, 138
Trd, 4318596.893, 136
Trd, 4318597.043, 128
Trd, 4318597.743, 140
Trd, 4318597.993, 98
Trd, 4318598.943, 139
Trd, 4318599.643, 137
Trd, 4318599.993, 138
Trd, 4318600.243, 138
Trd, 4318602.143, 111
Trd, 4318603.093, 140
Trd, 4318604.243, 137
Trd, 4318604.343, 139
Trd, 4318604.943, 111
Trd, 4318605.143, 112
Trd, 4318606.143, 138
Trd, 4318606.893, 121
Trd, 4318608.393, 140
Trd, 4318609.293, 140
Trd, 4318609.643, 140
Trd, 4318609.943, 140
Trd, 4318610.193, 140
Trd, 4318610.693, 136
Trd, 4318610.943, 127
Trd, 4318611.093, 72
Trd, 4318612.143, 137
Trd, 4318613.843, 140
Trd, 4318614.243, 140
Trd, 4318614.943, 140
Trd, 4318615.993, 140
Trd, 4318616.493, 139
Trd, 4318616.543, 134
Trd, 4318618.143, 140
Trd, 4318618.593, 140
Trd, 4318619.043, 140
Trd, 4318620.293, 140
Trd, 4318620.493, 139
Trd, 4318621.643, 139
Trd, 4318622.893, 138
Trd, 4318623.243, 125
Trd, 4318623.543, 138
Trd, 4318623.943, 139
Trd, 4318624.243, 105
Trd, 4318624.293, 78
Trd, 4318624.593, 68
Trd, 4318626.143, 140
Trd, 4318626.343, 123
Trd, 4318627.043, 140
Trd, 4318628.393, 114
Trd, 4318629.043, 137
Trd, 4318629.093, 121
Trd, 4318629.443, 117
Trd, 4318630.093, 118
Trd, 4318631.293, 120
Trd, 4318631.443, 119
Trd, 4318631.793, 102
Trd, 4318632.243, 82
Trd, 4318633.893, 139
Trd, 4318634.193, 139
Trd, 4318634.693, 138
Trd, 4318634.793, 118
Trd, 4318636.493, 66
Trd, 4318637.343, 140
Trd, 4318638.293, 140
Trd, 4318639.593, 140
Trd, 4318640.593, 140
Trd, 4318642.093, 140
Trd, 4318643.643, 140
Trd, 4318643.693, 140
Trd, 4318644.143, 140
Trd, 4318644.993, 140
Trd, 4318647.093, 140
Trd, 4318647.243, 140
Trd, 4318647.843, 140
Trd, 4318647.943, 140
Trd, 4318648.343, 140
Trd, 4318648.543, 139
Trd, 4318648.893, 132
Trd, 4318650.043, 97
Trd, 4318650.893, 98
Trd, 4318651.793, 61
Trd, 4318652.243, 140
Trd, 4318653.443, 139
Trd, 4318654.193, 140
Trd, 4318654.343, 139
Trd, 4318655.443, 107
Trd, 4318655.993, 107
Trd, 4318657.293, 140
Trd, 4318658.243, 139
Trd, 4318658.543, 137
Trd, 4318658.743, 83
Trd, 4318660.143, 70
Trd, 4318660.543, 60
Trd, 4318660.843, 71
Trd, 4318661.243, 137
Trd, 4318661.593, 140
Trd, 4318663.493, 140
Trd, 4318665.643, 140
Trd, 4318665.693, 140
Trd, 4318665.943, 140
Trd, 4318667.093, 140
Trd, 4318667.393, 140
Trd, 4318667.843, 137
Trd, 4318669.093, 140
Trd, 4318669.393, 140
Trd, 4318671.343, 140
Trd, 4318672.143, 140
Trd, 4318673.593, 140
Trd, 4318674.243, 139
Trd, 4318674.443, 135
Trd, 4318674.493, 102
Trd, 4318676.343, 140
Trd, 4318676.493, 140
Trd, 4318676.893, 140
Trd, 4318677.293, 125
Trd, 4318677.993, 96
Trd, 4318680.643, 140
Trd, 4318681.343, 140
Trd, 4318681.993, 140
Trd, 4318682.643, 140
Trd, 4318682.893, 140
Trd, 4318683.643, 140
Trd, 4318685.093, 140
Trd, 4318685.443, 140
Trd, 4318685.643, 140
Trd, 4318686.243, 140
Trd, 4318686.343, 138
Trd, 4318687.793, 129
Trd, 4318688.493, 138
Trd, 4318688.793, 130
Trd, 4318689.593, 136
Trd, 4318689.793, 130
Trd, 4318690.493, 130
Trd, 4318691.093, 120
Trd, 4318692.443, 140
Trd, 4318693.793, 140
Trd, 4318693.893, 140
Trd, 4318694.543, 91
Trd, 4318694.693, 90
Trd, 4318695.943, 140
Trd, 4318696.743, 140
Trd, 4318697.843, 140
Trd, 4318698.693, 140
Trd, 4318698.743, 140
Trd, 4318701.093, 140
Trd, 4318701.193, 140
Trd, 4318701.643, 140
Trd, 4318701.843, 140
Trd, 4318702.243, 139
Trd, 4318702.343, 139
Trd, 4318703.343, 139
Trd, 4318704.243, 140
Trd, 4318704.343, 140
Trd, 4318705.543, 140
Trd, 4318705.943, 123
Trd, 4318706.393, 140
Trd, 4318707.193, 133
Trd, 4318707.493, 134
Trd, 4318708.393, 66
Trd, 4318708.543, 72
Trd, 4318708.793, 60
Trd, 4318711.443, 60
Trd, 4318711.743, 60
Trd, 4318712.293, 60
Trd, 4318714.743, 60
Trd, 4318714.893, 60
Trd, 4318716.893, 60
Trd, 4318717.043, 62
Trd, 4318718.493, 60
Trd, 4318719.193, 60
Trd, 4318720.343, 69
Trd, 4318720.943, 72
Trd, 4318721.293, 139
Trd, 4318721.943, 138
Trd, 4318722.393, 76
Trd, 4318723.993, 130
Trd, 4318724.143, 128
Trd, 4318724.943, 139
Trd, 4318725.343, 140
Trd, 4318725.693, 70
Trd, 4318726.593, 112
Trd, 4318729.093, 140
Trd, 4318729.243, 140
Trd, 4318729.693, 115
Trd, 4318729.793, 113
Trd, 4318730.593, 114
Trd, 4318731.543, 139
Trd, 4318732.193, 140
Trd, 4318733.093, 139
Trd, 4318733.493, 137
Trd, 4318733.693, 116
Trd, 4318734.493, 136
Trd, 4318735.743, 140
Trd, 4318735.993, 140
Trd, 4318737.993, 140
Trd, 4318738.593, 140
Trd, 4318739.443, 140
Trd, 4318739.843, 140
Trd, 4318739.943, 140
Trd, 4318740.543, 140
Trd, 4318740.843, 140
Trd, 4318741.143, 140
Trd, 4318741.643, 140
Trd, 4318743.243, 97
Trd, 4318744.043, 140
Trd, 4318744.993, 140
Trd, 4318745.293, 140
Trd, 4318745.743, 139
Trd, 4318746.443, 60
Trd, 4318746.793, 70
Trd, 4318747.393, 69
Trd, 4318747.793, 65
Trd, 4318750.793, 60
Trd, 4318750.843, 61
Trd, 4318750.893, 65
Trd, 4318751.243, 60
Trd, 4318753.393, 140
Trd, 4318754.093, 140
Trd, 4318754.393, 140
Trd, 4318754.593, 140
Trd, 4318755.093, 118
Trd, 4318755.543, 140
Trd, 4318755.993, 137
Trd, 4318756.693, 136
Trd, 4318757.393, 140
Trd, 4318757.693, 88
Trd, 4318759.593, 140
Trd, 4318760.543, 140
Trd, 4318761.443, 140
Trd, 4318762.243, 140
Trd, 4318762.443, 140
Trd, 4318762.893, 140
Trd, 4318765.393, 140
Trd, 4318765.693, 140
Trd, 4318766.243, 140
Trd, 4318766.343, 140
Trd, 4318767.043, 133
Trd, 4318767.493, 130
Trd, 4318767.543, 139
Trd, 4318768.193, 67
Trd, 4318769.043, 139
Trd, 4318770.243, 140
Trd, 4318771.793, 140
Trd, 4318772.143, 131
Trd, 4318772.493, 98
Trd, 4318774.043, 139
Trd, 4318774.793, 140
Trd, 4318775.643, 140
Trd, 4318776.493, 140
Trd, 4318776.743, 140
Trd, 4318778.393, 140
Trd, 4318778.443, 140
Trd, 4318779.493, 140
Trd, 4318780.243, 140
Trd, 4318781.293, 140
Trd, 4318781.393, 138
Trd, 4318782.143, 140
Trd, 4318782.343, 86
Trd, 4318783.893, 140
Trd, 4318785.043, 140
Trd, 4318785.693, 140
Trd, 4318785.943, 140
Trd, 4318787.593, 140
Trd, 4318789.343, 140
Trd, 4318789.443, 140
Trd, 4318790.043, 140
Trd, 4318790.293, 140
Trd, 4318791.193, 140
Trd, 4318791.693, 140
Trd, 4318791.993, 140
Trd, 4318793.143, 140
Trd, 4318793.993, 140
Trd, 4318794.193, 139
Trd, 4318794.993, 140
Trd, 4318796.443, 140
Trd, 4318797.193, 140
Trd, 4318797.393, 140
Trd, 4318798.193, 140
Trd, 4318798.393, 140
Trd, 4318800.593, 140
Trd, 4318800.993, 140
Trd, 4318802.793, 140
Trd, 4318805.343, 140
Trd, 4318806.843, 140
Trd, 4318807.093, 140
Trd, 4318807.293, 140
Trd, 4318808.493, 140
Trd, 4318809.043, 140
Trd, 4318810.193, 140
Trd, 4318811.243, 140
Trd, 4318811.643, 140
Trd, 4318812.893, 140
Trd, 4318813.443, 140
Trd, 4318813.843, 140
Trd, 4318814.243, 140
Trd, 4318815.243, 140
Trd, 4318815.593, 140
Trd, 4318815.993, 139
Trd, 4318816.793, 133
Trd, 4318817.243, 113
Trd, 4318818.143, 140
Trd, 4318818.443, 140
Trd, 4318820.493, 140
Trd, 4318820.693, 140
Trd, 4318820.893, 140
Trd, 4318820.943, 96
Trd, 4318821.393, 138
Trd, 4318822.743, 116
Trd, 4318823.893, 60
Trd, 4318824.143, 60
Trd, 4318824.293, 61
Trd, 4318824.393, 64
Trd, 4318825.843, 67
Trd, 4318826.093, 68
Trd, 4318827.093, 82
Trd, 4318827.243, 83
Trd, 4318828.093, 140
Trd, 4318828.993, 140
Trd, 4318830.193, 140
Trd, 4318831.493, 138
Trd, 4318831.693, 140
Trd, 4318831.993, 114
Trd, 4318832.543, 94
Trd, 4318834.143, 110
Trd, 4318834.743, 131
Trd, 4318835.043, 69
Trd, 4318836.543, 138
Trd, 4318837.193, 140
Trd, 4318839.443, 140
Trd, 4318841.243, 140
Trd, 4318841.393, 140
Trd, 4318841.543, 140
Trd, 4318841.893, 129
Trd, 4318843.793, 140
Trd, 4318844.643, 137
Trd, 4318844.993, 138
Trd, 4318845.093, 124
Trd, 4318845.793, 135
Trd, 4318846.893, 134
Trd, 4318848.193, 140
Trd, 4318849.143, 140
Trd, 4318849.243, 125
Trd, 4318849.293, 95
Trd, 4318849.943, 111
Trd, 4318851.843, 140
Trd, 4318852.593, 140
Trd, 4318853.143, 140
Trd, 4318853.243, 139
Trd, 4318853.993, 140
Trd, 4318854.543, 138
Trd, 4318854.743, 140
Trd, 4318855.343, 140
Trd, 4318856.843, 74
Trd, 4318857.793, 93
Trd, 4318858.143, 89
Trd, 4318859.693, 140
Trd, 4318860.293, 140
Trd, 4318860.543, 139
Trd, 4318861.443, 121
Trd, 4318861.693, 140
Trd, 4318863.543, 140
Trd, 4318863.943, 140
Trd, 4318863.993, 140
Trd, 4318866.643, 140
Trd, 4318866.893, 140
Trd, 4318866.943, 140
Trd, 4318867.843, 140
Trd, 4318868.243, 140
Trd, 4318868.793, 139
Trd, 4318868.893, 138
Trd, 4318869.893, 140
Trd, 4318870.043, 136
Trd, 4318871.593, 60
Trd, 4318871.943, 60
Trd, 4318872.043, 60
Trd, 4318872.093, 61
Trd, 4318873.643, 64
Trd, 4318873.893, 63
Trd, 4318874.393, 64
Trd, 4318874.593, 63
Trd, 4318874.743, 140
Trd, 4318877.293, 87
Trd, 4318877.693, 66
Trd, 4318878.843, 76
Trd, 4318879.143, 140
Trd, 4318879.293, 76
Trd, 4318879.793, 132
Trd, 4318880.543, 131
Trd, 4318881.193, 139
Trd, 4318881.693, 136
Trd, 4318883.993, 140
Trd, 4318884.243, 140
Trd, 4318885.243, 140
Trd, 4318886.143, 140
Trd, 4318886.793, 140
Trd, 4318887.093, 133
Trd, 4318888.043, 140
Trd, 4318888.343, 140
Trd, 4318889.393, 140
Trd, 4318890.093, 77
Trd, 4318890.893, 83
Trd, 4318890.943, 73
Trd, 4318891.093, 85
Trd, 4318891.743, 87
Trd, 4318892.143, 106
Trd, 4318892.743, 90
Trd, 4318894.393, 140
Trd, 4318894.493, 139
Trd, 4318894.943, 121
Trd, 4318897.493, 140
Trd, 4318897.693, 140
Trd, 4318898.343, 140
Trd, 4318898.943, 140
Trd, 4318899.243, 140
Trd, 4318899.643, 140
Trd, 4318900.193, 140
Trd, 4318901.043, 65
Trd, 4318902.693, 121
Trd, 4318903.043, 119
Trd, 4318903.743, 140
Trd, 4318905.293, 140
Trd, 4318905.593, 139
Trd, 4318906.793, 140
Trd, 4318907.993, 140
Trd, 4318908.043, 140
Trd, 4318908.343, 140
Trd, 4318908.393, 140
Trd, 4318908.593, 77
Trd, 4318909.493, 139
Trd, 4318910.643, 140
Trd, 4318911.893, 140
Trd, 4318912.143, 138
Trd, 4318914.443, 140
Trd, 4318915.043, 140
Trd, 4318915.643, 140
Trd, 4318915.993, 139
Trd, 4318916.793, 138
Trd, 4318916.943, 137
Trd, 4318917.793, 104
Trd, 4318920.193, 140
Trd, 4318920.243, 139
Trd, 4318921.143, 140
Trd, 4318921.343, 138
Trd, 4318923.593, 140
Trd, 4318923.693, 140
Trd, 4318923.993, 140
Trd, 4318924.593, 140
Trd, 4318925.393, 140
Trd, 4318925.593, 140
Trd, 4318925.943, 140
Trd, 4318926.943, 140
Trd, 4318927.343, 140
Trd, 4318927.593, 139
Trd, 4318928.543, 140
Trd, 4318929.543, 140
Trd, 4318929.943, 140
Trd, 4318930.843, 139
Trd, 4318932.493, 131
Trd, 4318932.593, 130
Trd, 4318932.643, 134
Trd, 4318933.643, 124
Trd, 4318934.393, 140
Trd, 4318934.693, 140
Trd, 4318935.143, 140
Trd, 4318935.643, 140
Trd, 4318936.193, 140
Trd, 4318936.643, 140
Trd, 4318937.843, 139
Trd, 4318939.193, 137
Trd, 4318939.493, 111
Trd, 4318940.343, 62
Trd, 4318940.543, 64
Trd, 4318941.743, 63
Trd, 4318941.893, 62
Trd, 4318943.243, 60
Trd, 4318944.793, 60
Trd, 4318944.843, 61
Trd, 4318946.043, 60
Trd, 4318946.843, 61
Trd, 4318948.793, 62
Trd, 4318950.243, 140
Trd, 4318952.343, 140
Trd, 4318953.243, 140
Trd, 4318953.343, 140
Trd, 4318954.343, 140
Trd, 4318955.243, 140
Trd, 4318956.493, 140
Trd, 4318957.493, 140
Trd, 4318958.643, 140
Trd, 4318958.693, 140
Trd, 4318958.943, 140
Trd, 4318959.643, 140
Trd, 4318960.043, 140
Trd, 4318960.243, 140
Trd, 4318960.893, 140
Trd, 4318961.443, 140
Trd, 4318962.743, 140
Trd, 4318963.093, 140
Trd, 4318963.543, 140
Trd, 4318964.393, 117
Trd, 4318964.493, 115
Trd, 4318964.793, 61
Trd, 4318967.993, 140
Trd, 4318969.043, 139
Trd, 4318969.293, 140
Trd, 4318970.043, 140
Trd, 4318970.143, 140
Trd, 4318970.743, 134
Trd, 4318970.943, 83
Trd, 4318972.693, 137
Trd, 4318972.843, 109
Trd, 4318974.193, 112
Trd, 4318974.493, 122
Trd, 4318974.993, 128
Trd, 4318975.193, 109
Trd, 4318976.443, 127
Trd, 4318976.543, 118
Trd, 4318976.943, 85
Trd, 4318979.193, 140
Trd, 4318979.393, 140
Trd, 4318981.893, 140
Trd, 4318982.193, 140
Trd, 4318982.793, 140
Trd, 4318983.343, 140
Trd, 4318984.543, 139
Trd, 4318985.493, 140
Trd, 4318986.793, 140
Trd, 4318988.043, 140
Trd, 4318988.443, 140
Trd, 4318988.943, 140
Trd, 4318990.143, 140
Trd, 4318990.693, 140
Trd, 4318991.293, 139
Trd, 4318991.643, 139
Trd, 4318992.243, 140
Trd, 4318993.293, 140
Trd, 4318993.443, 140
Trd, 4318994.393, 138
Trd, 4318995.193, 125
Trd, 4318995.393, 123
Trd, 4318995.793, 139
Trd, 4318996.343, 116
Trd, 4318996.893, 110
Trd, 4318997.043, 100
Trd, 4318997.943, 64
Trd, 4318998.393, 66
Trd, 4318999.393, 67
Trd, 4319000.343, 140
Trd, 4319001.693, 140
Trd, 4319001.743, 140
Trd, 4319002.843, 140
Trd, 4319003.993, 140
Trd, 4319004.193, 140
Trd, 4319004.743, 140
Trd, 4319005.493, 140
Trd, 4319006.493, 140
Trd, 4319007.443, 140
Trd, 4319008.093, 140
Trd, 4319008.543, 139
Trd, 4319009.343, 140
Trd, 4319010.693, 140
Trd, 4319010.843, 139
Trd, 4319011.393, 140
Trd, 4319011.593, 140
Trd, 4319013.093, 140
Trd, 4319014.043, 140
Trd, 4319015.493, 140
Trd, 4319015.743, 140
Trd, 4319015.893, 140
Trd, 4319016.293, 140
Trd, 4319017.743, 140
Trd, 4319018.093, 140
Trd, 4319018.843, 140
Trd, 4319019.043, 71
Trd, 4319020.243, 140
Trd, 4319021.043, 140
Trd, 4319021.443, 140
Trd, 4319021.893, 140
Trd, 4319022.943, 140
Trd, 4319023.093, 140
Trd, 4319023.793, 140
Trd, 4319024.943, 140
Trd, 4319025.593, 140
Trd, 4319026.493, 140
Trd, 4319028.093, 140
Trd, 4319028.193, 139
Trd, 4319028.943, 140
Trd, 4319029.143, 140
Trd, 4319029.193, 89
Trd, 4319030.293, 140
Trd, 4319031.693, 140
Trd, 4319031.743, 139
Trd, 4319031.843, 134
Trd, 4319032.693, 75
Trd, 4319032.943, 140
Trd, 4319034.393, 84
Trd, 4319034.843, 60
Trd, 4319034.893, 103
Trd, 4319039.243, 60
Trd, 4319039.643, 60
Trd, 4319039.843, 64
Trd, 4319040.243, 70
Trd, 4319040.743, 68
Trd, 4319041.093, 72
Trd, 4319042.093, 97
Trd, 4319042.143, 98
Trd, 4319043.293, 97
Trd, 4319043.793, 75
Trd, 4319044.943, 102
Trd, 4319046.093, 140
Trd, 4319046.643, 130
Trd, 4319046.793, 130
Trd, 4319046.893, 130
Trd, 4319046.943, 129
Trd, 4319047.443, 95
Trd, 4319049.043, 60
Trd, 4319049.693, 62
Trd, 4319050.393, 67
Trd, 4319050.793, 71
Trd, 4319051.493, 77
Trd, 4319052.093, 66
Trd, 4319054.043, 140
Trd, 4319054.643, 140
Trd, 4319055.643, 140
Trd, 4319056.043, 140
Trd, 4319056.893, 140
Trd, 4319057.743, 140
Trd, 4319057.793, 140
Trd, 4319057.943, 140
Trd, 4319058.593, 140
Trd, 4319061.043, 140
Trd, 4319061.143, 140
Trd, 4319061.293, 138
Trd, 4319062.343, 138
Trd, 4319062.793, 138
Trd, 4319062.943, 137
Trd, 4319063.593, 134
Trd, 4319065.093, 140
Trd, 4319065.343, 140
Trd, 4319065.393, 139
Trd, 4319065.943, 103
Trd, 4319067.093, 140
Trd, 4319067.893, 140
Trd, 4319067.943, 140
Trd, 4319069.193, 140
Trd, 4319069.243, 140
Trd, 4319069.993, 140
Trd, 4319070.393, 140
Trd, 4319071.943, 140
Trd, 4319072.043, 139
Trd, 4319072.543, 124
Trd, 4319073.493, 140
Trd, 4319073.543, 106
Trd, 4319074.893, 88
Trd, 4319074.993, 89
Trd, 4319075.443, 132
Trd, 4319076.593, 140
Trd, 4319076.693, 140
Trd, 4319076.943, 85
Trd, 4319077.893, 138
Trd, 4319078.543, 140
Trd, 4319079.743, 139
Trd, 4319079.943, 130
Trd, 4319081.293, 140
Trd, 4319081.393, 85
Trd, 4319081.993, 84
Trd, 4319083.143, 140
Trd, 4319083.293, 140
Trd, 4319084.743, 140
Trd, 4319085.643, 140
Trd, 4319086.693, 140
Trd, 4319087.893, 140
Trd, 4319089.443, 140
Trd, 4319089.743, 140
Trd, 4319089.843, 140
Trd, 4319090.593, 140
Trd, 4319091.293, 140
Trd, 4319091.393, 140
Trd, 4319092.343, 79
Trd, 4319092.943, 96
Trd, 4319093.143, 140
Trd, 4319094.543, 137
Trd, 4319094.643, 138
Trd, 4319095.293, 63
Trd, 4319095.543, 63
Trd, 4319096.393, 69
Trd, 4319099.193, 67
Trd, 4319099.243, 68
Trd, 4319100.143, 63
Trd, 4319101.093, 64
Trd, 4319102.493, 140
Trd, 4319102.543, 140
Trd, 4319102.743, 140
Trd, 4319103.093, 138
Trd, 4319104.093, 140
Trd, 4319104.643, 140
Trd, 4319106.143, 137
Trd, 4319106.493, 138
Trd, 4319106.793, 139
Trd, 4319107.243, 108
Trd, 4319108.093, 126
Trd, 4319109.043, 140
Trd, 4319109.743, 139
Trd, 4319109.793, 121
Trd, 4319110.143, 140
Trd, 4319111.443, 140
Trd, 4319111.793, 140
Trd, 4319113.843, 140
Trd, 4319114.493, 140
Trd, 4319114.543, 140
Trd, 4319115.243, 137
Trd, 4319115.443, 139
Trd, 4319117.043, 137
Trd, 4319117.893, 87
Trd, 4319118.143, 123
Trd, 4319119.193, 139
Trd, 4319120.293, 140
Trd, 4319120.943, 140
Trd, 4319122.343, 140
Trd, 4319123.393, 140
Trd, 4319123.493, 140
Trd, 4319123.693, 140
Trd, 4319123.943, 139
Trd, 4319124.443, 139
Trd, 4319125.293, 92
Trd, 4319125.593, 79
Trd, 4319126.543, 139
Trd, 4319126.593, 139
Trd, 4319127.543, 138
Trd, 4319128.443, 131
Trd, 4319128.843, 131
Trd, 4319129.193, 136
Trd, 4319129.243, 127
Trd, 4319129.393, 69
Trd, 4319130.743, 140
Trd, 4319130.943, 140
Trd, 4319133.093, 91
Trd, 4319133.543, 140
Trd, 4319133.993, 107
Trd, 4319134.543, 138
Trd, 4319134.943, 132
Trd, 4319135.543, 107
Trd, 4319135.843, 106
Trd, 4319138.243, 64
Trd, 4319138.343, 65
Trd, 4319139.243, 68
Trd, 4319139.343, 68
Trd, 4319140.143, 67
Trd, 4319140.643, 77
Trd, 4319141.093, 78
Trd, 4319142.993, 139
Trd, 4319143.243, 138
Trd, 4319143.993, 80
Trd, 4319145.193, 82
Trd, 4319146.193, 135
Trd, 4319146.393, 96
Trd, 4319147.093, 109
Trd, 4319147.493, 139
Trd, 4319147.793, 98
Trd, 4319149.493, 70
Trd, 4319149.693, 88
Trd, 4319149.793, 90
Trd, 4319151.943, 64
Trd, 4319153.143, 62
Trd, 4319153.493, 68
Trd, 4319153.693, 64
Trd, 4319154.593, 140
Trd, 4319155.893, 64
Trd, 4319156.143, 61
Trd, 4319156.343, 73
Trd, 4319157.143, 74
Trd, 4319157.543, 71
Trd, 4319158.693, 60
Trd, 4319159.543, 60
Trd, 4319160.793, 64
Trd, 4319161.593, 60
Trd, 4319162.793, 62
Trd, 4319162.993, 62
Trd, 4319165.143, 64
Trd, 4319165.543, 67
Trd, 4319167.443, 61
Trd, 4319167.893, 140
Trd, 4319168.643, 104
Trd, 4319168.843, 138
Trd, 4319170.543, 140
Trd, 4319170.743, 139
Trd, 4319171.293, 140
Trd, 4319171.993, 140
Trd, 4319172.293, 134
Trd, 4319173.493, 140
Trd, 4319173.993, 140
Trd, 4319175.443, 140
Trd, 4319176.793, 135
Trd, 4319177.343, 134
Trd, 4319177.943, 134
Trd, 4319178.043, 136
Trd, 4319178.443, 75
Trd, 4319179.393, 62
Trd, 4319179.443, 69
Trd, 4319179.993, 63
Trd, 4319180.093, 60
Trd, 4319182.043, 60
Trd, 4319182.643, 60
Trd, 4319182.743, 79
Trd, 4319183.243, 138
Trd, 4319183.593, 65
Trd, 4319184.093, 63
Trd, 4319184.643, 61
Trd, 4319185.643, 118
Trd, 4319187.193, 60
Trd, 4319188.743, 60
Trd, 4319189.743, 66
Trd, 4319189.993, 66
Trd, 4319190.043, 67
Trd, 4319190.643, 78
Trd, 4319190.993, 123
Trd, 4319191.943, 67
Trd, 4319193.893, 64
Trd, 4319194.343, 60
Trd, 4319195.093, 60
Trd, 4319195.493, 60
Trd, 4319195.693, 63
Trd, 4319197.143, 64
Trd, 4319197.493, 67
Trd, 4319197.543, 61
Trd, 4319198.043, 61
Trd, 4319198.493, 91
Trd, 4319200.493, 64
Trd, 4319201.643, 140
Trd, 4319201.793, 96
Trd, 4319202.493, 140
Trd, 4319204.843, 140
Trd, 4319205.343, 140
Trd, 4319205.493, 138
Trd, 4319206.093, 139
Trd, 4319207.393, 138
Trd, 4319207.693, 130
Trd, 4319207.793, 139
Trd, 4319209.443, 108
Trd, 4319209.843, 105
Trd, 4319210.193, 65
Trd, 4319210.993, 117
Trd, 4319211.343, 71
Trd, 4319211.793, 140
Trd, 4319212.993, 66
Trd, 4319213.143, 68
Trd, 4319214.843, 64
Trd, 4319215.493, 60
Trd, 4319216.043, 68
Trd, 4319217.593, 61
Trd, 4319218.443, 60
Trd, 4319218.693, 60
Trd, 4319219.193, 60
Trd, 4319219.593, 62
Trd, 4319219.793, 62
Trd, 4319222.193, 75
Trd, 4319223.043, 70
Trd, 4319223.693, 103
Trd, 4319223.993, 103
Trd, 4319224.243, 66
Trd, 4319225.143, 134
Trd, 4319225.543, 60
Trd, 4319226.043, 61
Trd, 4319226.643, 65
Trd, 4319228.393, 140
Trd, 4319228.693, 140
Trd, 4319228.993, 140
Trd, 4319229.343, 140
Trd, 4319229.793, 139
Trd, 4319230.393, 136
Trd, 4319230.893, 131
Trd, 4319231.093, 127
Trd, 4319231.993, 140
Trd, 4319232.143, 138
Trd, 4319233.543, 140
Trd, 4319234.143, 67
Trd, 4319236.543, 140
Trd, 4319236.693, 140
Trd, 4319236.743, 139
Trd, 4319238.593, 140
Trd, 4319239.743, 140
Trd, 4319240.093, 139
Trd, 4319240.793, 140
Trd, 4319241.243, 140
Trd, 4319241.893, 140
Trd, 4319242.093, 132
Trd, 4319242.643, 90
Trd, 4319243.293, 140
Trd, 4319244.893, 140
Trd, 4319246.143, 140
Trd, 4319247.393, 140
Trd, 4319247.843, 140
Trd, 4319248.193, 140
Trd, 4319248.243, 140
Trd, 4319248.343, 140
Trd, 4319248.393, 125
Trd, 4319249.443, 95
Trd, 4319250.093, 140
Trd, 4319250.143, 77
Trd, 4319251.893, 63
Trd, 4319252.343, 136
Trd, 4319252.543, 139
Trd, 4319254.443, 140
Trd, 4319255.443, 140
Trd, 4319255.943, 140
Trd, 4319257.343, 140
Trd, 4319257.393, 140
Trd, 4319257.543, 140
Trd, 4319259.693, 139
Trd, 4319259.943, 140
Trd, 4319260.143, 139
Trd, 4319260.943, 140
Trd, 4319261.243, 138
Trd, 4319261.293, 84
Trd, 4319262.043, 63
Trd, 4319262.443, 65
Trd, 4319264.743, 140
Trd, 4319265.293, 140
Trd, 4319266.093, 140
Trd, 4319266.143, 140
Trd, 4319267.943, 140
Trd, 4319267.993, 139
Trd, 4319268.493, 134
Trd, 4319268.943, 132
Trd, 4319268.993, 117
Trd, 4319269.293, 97
Trd, 4319269.393, 140
Trd, 4319272.593, 140
Trd, 4319273.143, 140
Trd, 4319273.293, 140
Trd, 4319273.593, 140
Trd, 4319274.643, 140
Trd, 4319275.793, 140
Trd, 4319276.693, 139
Trd, 4319276.943, 139
Trd, 4319277.343, 140
Trd, 4319277.393, 138
Trd, 4319278.643, 106
Trd, 4319279.543, 138
Trd, 4319279.943, 135
Trd, 4319280.493, 139
Trd, 4319280.893, 135
Trd, 4319281.693, 140
Trd, 4319282.343, 134
Trd, 4319283.743, 111
Trd, 4319284.343, 131
Trd, 4319284.493, 130
Trd, 4319285.243, 140
Trd, 4319285.293, 98
Trd, 4319286.843, 139
Trd, 4319287.943, 139
Trd, 4319288.493, 138
Trd, 4319289.343, 140
Trd, 4319289.943, 140
Trd, 4319290.143, 138
Trd, 4319292.043, 140
Trd, 4319292.843, 140
Trd, 4319293.543, 140
Trd, 4319293.793, 140
Trd, 4319294.993, 140
Trd, 4319295.493, 140
Trd, 4319295.743, 140
Trd, 4319295.893, 137
Trd, 4319296.393, 137
Trd, 4319297.843, 140
Trd, 4319298.193, 140
Trd, 4319298.293, 140
Trd, 4319299.843, 140
Trd, 4319301.093, 140
Trd, 4319301.443, 140
Trd, 4319301.493, 140
Trd, 4319302.193, 139
Trd, 4319303.293, 140
Trd, 4319303.343, 140
Trd, 4319305.493, 140
Trd, 4319306.743, 140
Trd, 4319307.293, 140
Trd, 4319308.143, 140
Trd, 4319308.293, 140
Trd, 4319308.793, 140
Trd, 4319308.893, 140
Trd, 4319309.793, 140
Trd, 4319311.543, 140
Trd, 4319312.243, 140
Trd, 4319312.893, 140
Trd, 4319314.243, 140
Trd, 4319315.093, 140
Trd, 4319315.593, 140
Trd, 4319316.943, 139
Trd, 4319318.193, 140
Trd, 4319319.843, 140
Trd, 4319320.143, 140
Trd, 4319320.343, 140
Trd, 4319320.943, 140
Trd, 4319321.493, 140
Trd, 4319322.343, 140
Trd, 4319323.293, 140
Trd, 4319323.943, 140
Trd, 4319324.993, 140
Trd, 4319326.193, 140
Trd, 4319326.493, 140
Trd, 4319326.843, 140
Trd, 4319328.593, 140
Trd, 4319328.643, 140
Trd, 4319329.143, 140
Trd, 4319331.093, 140
Trd, 4319331.993, 140
Trd, 4319332.793, 140
Trd, 4319333.243, 140
Trd, 4319333.993, 140
Trd, 4319334.443, 140
Trd, 4319335.093, 135
Trd, 4319335.543, 93
Trd, 4319336.393, 100
Trd, 4319336.543, 93
Trd, 4319337.543, 100
Trd, 4319337.893, 140
Trd, 4319338.043, 93
Trd, 4319338.843, 139
Trd, 4319339.343, 69
Trd, 4319340.693, 139
Trd, 4319340.743, 138
Trd, 4319342.593, 140
Trd, 4319343.043, 140
Trd, 4319343.943, 140
Trd, 4319344.243, 140
Trd, 4319345.993, 140
Trd, 4319346.393, 138
Trd, 4319346.593, 137
Trd, 4319348.443, 140
Trd, 4319349.893, 140
Trd, 4319350.843, 140
Trd, 4319351.143, 139
Trd, 4319351.793, 140
Trd, 4319351.943, 138
Trd, 4319352.843, 139
Trd, 4319353.743, 140
Trd, 4319353.993, 140
Trd, 4319354.493, 140
Trd, 4319355.093, 139
Trd, 4319355.393, 139
Trd, 4319355.593, 138
Trd, 4319356.343, 139
Trd, 4319357.593, 140
Trd, 4319360.143, 140
Trd, 4319361.043, 139
Trd, 4319361.243, 135
Trd, 4319363.393, 140
Trd, 4319364.693, 140
Trd, 4319365.843, 140
Trd, 4319366.593, 140
Trd, 4319366.743, 140
Trd, 4319367.743, 140
Trd, 4319367.943, 140
Trd, 4319368.043, 139
Trd, 4319368.243, 139
Trd, 4319368.393, 85
Trd, 4319368.493, 91
Trd, 4319369.543, 140
Trd, 4319370.043, 140
Trd, 4319370.443, 63
Trd, 4319371.343, 140
Trd, 4319372.693, 140
Trd, 4319373.243, 140
Trd, 4319374.343, 123
Trd, 4319374.993, 94
Trd, 4319375.793, 140
Trd, 4319375.943, 102
Trd, 4319376.443, 94
Trd, 4319378.043, 140
Trd, 4319379.093, 140
Trd, 4319380.743, 140
Trd, 4319380.943, 135
Trd, 4319381.693, 83
Trd, 4319383.843, 140
Trd, 4319385.493, 140
Trd, 4319385.643, 140
Trd, 4319385.843, 140
Trd, 4319385.893, 140
Trd, 4319386.243, 140
Trd, 4319386.393, 140
Trd, 4319387.043, 139
Trd, 4319388.743, 60
Trd, 4319389.993, 140
Trd, 4319390.243, 139
Trd, 4319390.943, 122
Trd, 4319392.243, 125
Trd, 4319392.343, 128
Trd, 4319392.843, 124
Trd, 4319393.743, 130
Trd, 4319394.693, 129
Trd, 4319395.243, 130
Trd, 4319395.943, 130
Trd, 4319396.593, 115
Trd, 4319397.143, 94
Trd, 4319398.343, 140
Trd, 4319398.893, 140
Trd, 4319399.193, 139
Trd, 4319399.643, 139
Trd, 4319401.293, 140
Trd, 4319401.943, 140
Trd, 4319402.143, 140
Trd, 4319403.043, 140
Trd, 4319404.443, 140
Trd, 4319404.543, 140
Trd, 4319406.543, 140
Trd, 4319406.593, 140
Trd, 4319407.543, 140
Trd, 4319407.643, 140
Trd, 4319407.893, 140
Trd, 4319409.293, 140
Trd, 4319409.543, 140
Trd, 4319410.043, 138
Trd, 4319410.343, 140
Trd, 4319411.543, 140
Trd, 4319412.893, 140
Trd, 4319412.943, 140
Trd, 4319413.993, 136
Trd, 4319414.843, 140
Trd, 4319416.393, 140
Trd, 4319416.843, 107
Trd, 4319417.293, 140
Trd, 4319418.043, 124
Trd, 4319419.093, 104
Trd, 4319419.593, 101
Trd, 4319420.743, 64
Trd, 4319421.093, 63
Trd, 4319421.193, 65
Trd, 4319422.793, 67
Trd, 4319422.943, 87
Trd, 4319423.243, 88
Trd, 4319424.193, 67
Trd, 4319425.443, 140
Trd, 4319425.943, 116
Trd, 4319428.043, 140
Trd, 4319428.293, 140
Trd, 4319428.343, 140
Trd, 4319428.693, 140
Trd, 4319428.993, 137
Trd, 4319429.293, 85
Trd, 4319430.243, 140
Trd, 4319431.593, 140
Trd, 4319432.343, 140
Trd, 4319432.393, 140
Trd, 4319432.643, 138
Trd, 4319432.943, 139
Trd, 4319433.843, 138
Trd, 4319434.943, 138
Trd, 4319435.193, 138
Trd, 4319435.343, 136
Trd, 4319435.843, 84
Trd, 4319436.343, 98
Trd, 4319437.043, 68
Trd, 4319438.793, 136
Trd, 4319439.543, 138
Trd, 4319441.143, 60
Trd, 4319441.293, 60
Trd, 4319442.393, 66
Trd, 4319444.993, 62
Trd, 4319445.543, 61
Trd, 4319446.593, 60
Trd, 4319447.243, 60
Trd, 4319447.343, 61
Trd, 4319449.243, 66
Trd, 4319450.093, 65
Trd, 4319450.243, 66
Trd, 4319450.393, 64
Trd, 4319452.143, 95
Trd, 4319453.193, 134
Trd, 4319453.293, 99
Trd, 4319453.443, 105
Trd, 4319453.693, 135
Trd, 4319454.893, 102
Trd, 4319455.593, 122
Trd, 4319456.443, 138
Trd, 4319457.043, 138
Trd, 4319458.493, 140
Trd, 4319459.193, 140
Trd, 4319459.393, 140
Trd, 4319459.943, 137
Trd, 4319461.443, 140
Trd, 4319462.143, 140
Trd, 4319462.243, 139
Trd, 4319462.293, 120
Trd, 4319465.293, 140
Trd, 4319465.693, 140
Trd, 4319465.793, 140
Trd, 4319465.843, 140
Trd, 4319466.693, 140
Trd, 4319466.793, 91
Trd, 4319467.393, 60
Trd, 4319467.493, 60
Trd, 4319469.143, 140
Trd, 4319469.843, 140
Trd, 4319471.293, 140
Trd, 4319471.393, 140
Trd, 4319471.693, 140
Trd, 4319472.843, 139
Trd, 4319474.393, 139
Trd, 4319475.043, 137
Trd, 4319475.643, 90
Trd, 4319475.993, 140
Trd, 4319476.393, 136
Trd, 4319477.593, 138
Trd, 4319477.893, 137
Trd, 4319478.093, 76
Trd, 4319478.843, 63
Trd, 4319480.043, 96
Trd, 4319481.193, 140
Trd, 4319481.343, 140
Trd, 4319481.643, 139
Trd, 4319483.493, 63
Trd, 4319484.043, 63
Trd, 4319485.343, 60
Trd, 4319485.493, 60
Trd, 4319486.193, 61
Trd, 4319486.943, 61
Trd, 4319487.093, 64
Trd, 4319487.193, 60
Trd, 4319487.893, 65
Trd, 4319488.193, 97
Trd, 4319488.243, 127
Trd, 4319489.543, 140
Trd, 4319489.943, 140
Trd, 4319490.643, 140
Trd, 4319491.643, 140
Trd, 4319492.593, 137
Trd, 4319493.143, 140
Trd, 4319493.243, 136
Trd, 4319493.943, 135
Trd, 4319494.993, 140
Trd, 4319496.143, 140
Trd, 4319497.643, 140
Trd, 4319497.793, 140
Trd, 4319498.543, 140
Trd, 4319499.443, 140
Trd, 4319500.793, 140
Trd, 4319501.543, 140
Trd, 4319502.243, 140
Trd, 4319503.893, 140
Trd, 4319503.993, 140
Trd, 4319505.043, 140
Trd, 4319505.643, 140
Trd, 4319506.243, 140
Trd, 4319506.643, 140
Trd, 4319507.143, 140
Trd, 4319508.743, 140
Trd, 4319509.643, 133
Trd, 4319510.343, 123
Trd, 4319510.843, 93
Trd, 4319511.343, 124
Trd, 4319511.693, 92
Trd, 4319513.393, 98
Trd, 4319513.543, 109
Trd, 4319515.193, 106
Trd, 4319515.593, 140
Trd, 4319515.743, 140
Trd, 4319516.793, 106
Trd, 4319517.143, 105
Trd, 4319518.143, 123
Trd, 4319518.443, 109
Trd, 4319518.843, 109
Trd, 4319520.093, 60
Trd, 4319520.793, 60
Trd, 4319521.043, 60
Trd, 4319521.743, 90
Trd, 4319522.593, 120
Trd, 4319523.293, 83
Trd, 4319525.793, 60
Trd, 4319526.343, 60
Trd, 4319526.643, 61
Trd, 4319527.943, 66
Trd, 4319527.993, 65
Trd, 4319528.293, 67
Trd, 4319528.393, 75
Trd, 4319528.743, 62
Trd, 4319528.993, 88
Trd, 4319530.193, 140
Trd, 4319530.393, 115
Trd, 4319531.943, 95
Trd, 4319532.443, 105
Trd, 4319532.743, 136
Trd, 4319533.743, 61
Trd, 4319535.143, 60
Trd, 4319535.943, 60
Trd, 4319537.043, 61
Trd, 4319537.443, 61
Trd, 4319537.543, 70
Trd, 4319537.743, 60
Trd, 4319538.193, 140
Trd, 4319538.543, 140
Trd, 4319539.643, 61
Trd, 4319540.193, 62
Trd, 4319540.893, 62
Trd, 4319541.793, 76
Trd, 4319541.943, 66
Trd, 4319543.343, 140
Trd, 4319543.593, 140
Trd, 4319544.343, 140
Trd, 4319545.943, 140
Trd, 4319547.293, 140
Trd, 4319547.493, 140
Trd, 4319548.043, 140
Trd, 4319548.493, 137
Trd, 4319548.643, 125
Trd, 4319549.143, 138
Trd, 4319549.943, 74
Trd, 4319552.093, 140
Trd, 4319554.093, 140
Trd, 4319554.293, 140
Trd, 4319554.443, 140
Trd, 4319554.893, 140
Trd, 4319556.643, 140
Trd, 4319557.643, 140
Trd, 4319557.943, 140
Trd, 4319558.493, 129
Trd, 4319559.293, 140
Trd, 4319560.393, 68
Trd, 4319561.243, 115
Trd, 4319561.793, 137
Trd, 4319561.843, 117
Trd, 4319562.143, 116
Trd, 4319562.743, 140
Trd, 4319563.543, 74
Trd, 4319564.443, 137
Trd, 4319566.093, 62
Trd, 4319566.843, 63
Trd, 4319567.643, 60
Trd, 4319567.893, 60
Trd, 4319568.443, 61
Trd, 4319569.043, 140
Trd, 4319571.543, 81
Trd, 4319571.943, 83
Trd, 4319571.993, 82
Trd, 4319572.493, 140
Trd, 4319572.543, 100
Trd, 4319572.843, 80
Trd, 4319574.143, 128
Trd, 4319575.393, 140
Trd, 4319575.943, 140
Trd, 4319577.393, 140
Trd, 4319577.993, 140
Trd, 4319578.593, 140
Trd, 4319580.843, 140
Trd, 4319581.843, 140
Trd, 4319582.043, 140
Trd, 4319582.993, 140
Trd, 4319584.043, 140
Trd, 4319584.193, 140
Trd, 4319584.743, 140
Trd, 4319584.893, 140
Trd, 4319585.143, 139
Trd, 4319587.243, 140
Trd, 4319588.693, 140
Trd, 4319588.743, 140
Trd, 4319589.243, 130
Trd, 4319590.393, 140
Trd, 4319590.943, 138
Trd, 4319592.343, 140
Trd, 4319592.743, 140
Trd, 4319592.793, 140
Trd, 4319593.643, 139
Trd, 4319594.043, 133
Trd, 4319594.593, 76
Trd, 4319595.193, 137
Trd, 4319595.243, 139
Trd, 4319595.493, 139
Trd, 4319595.893, 62
Trd, 4319596.943, 64
Trd, 4319598.543, 140
Trd, 4319598.693, 140
Trd, 4319601.293, 140
Trd, 4319602.043, 140
Trd, 4319602.193, 140
Trd, 4319602.743, 140
Trd, 4319603.093, 137
Trd, 4319604.243, 140
Trd, 4319604.443, 140
Trd, 4319605.393, 140
Trd, 4319606.393, 140
Trd, 4319607.093, 140
Trd, 4319608.043, 140
Trd, 4319608.193, 140
Trd, 4319608.393, 132
Trd, 4319610.943, 140
Trd, 4319611.643, 140
Trd, 4319613.243, 140
Trd, 4319614.093, 140
Trd, 4319614.593, 140
Trd, 4319614.643, 140
Trd, 4319614.743, 139
Trd, 4319615.393, 140
Trd, 4319615.793, 140
Trd, 4319616.643, 127
Trd, 4319617.393, 95
Trd, 4319618.993, 103
Trd, 4319619.643, 140
Trd, 4319620.043, 140
Trd, 4319620.643, 140
Trd, 4319622.793, 140
Trd, 4319623.193, 140
Trd, 4319624.143, 140
Trd, 4319624.843, 140
Trd, 4319626.893, 140
Trd, 4319628.193, 140
Trd, 4319628.593, 140
Trd, 4319628.643, 140
Trd, 4319629.243, 140
Trd, 4319629.343, 140
Trd, 4319629.593, 140
Trd, 4319630.393, 135
Trd, 4319630.593, 93
Trd, 4319631.393, 140
Trd, 4319632.393, 133
Trd, 4319633.893, 140
Trd, 4319634.543, 140
Trd, 4319635.193, 140
Trd, 4319635.643, 140
Trd, 4319635.993, 140
Trd, 4319636.943, 140
Trd, 4319637.043, 140
Trd, 4319638.893, 140
Trd, 4319640.043, 140
Trd, 4319640.193, 140
Trd, 4319642.043, 140
Trd, 4319642.143, 140
Trd, 4319643.093, 139
Trd, 4319643.143, 139
Trd, 4319645.243, 140
Trd, 4319646.543, 140
Trd, 4319647.043, 140
Trd, 4319648.843, 140
Trd, 4319648.993, 140
Trd, 4319649.143, 139
Trd, 4319649.293, 140
Trd, 4319651.193, 138
Trd, 4319651.393, 140
Trd, 4319652.243, 138
Trd, 4319653.593, 140
Trd, 4319655.843, 140
Trd, 4319656.343, 140
Trd, 4319656.443, 140
Trd, 4319657.943, 140
Trd, 4319658.393, 140
Trd, 4319658.443, 140
Trd, 4319659.243, 140
Trd, 4319660.093, 140
Trd, 4319661.443, 140
Trd, 4319662.543, 140
Trd, 4319662.943, 139
Trd, 4319664.143, 140
Trd, 4319665.443, 138
Trd, 4319665.593, 136
Trd, 4319666.893, 140
Trd, 4319667.493, 140
Trd, 4319668.693, 140
Trd, 4319669.193, 140
Trd, 4319669.393, 140
Trd, 4319669.543, 92
Trd, 4319670.343, 139
Trd, 4319670.843, 102
Trd, 4319672.593, 139
Trd, 4319672.843, 138
Trd, 4319673.693, 130
Trd, 4319674.043, 76
Trd, 4319674.843, 139
Trd, 4319676.293, 139
Trd, 4319677.043, 140
Trd, 4319677.243, 139
Trd, 4319677.693, 138
Trd, 4319677.793, 121
Trd, 4319678.843, 140
Trd, 4319678.993, 140
Trd, 4319679.193, 140
Trd, 4319680.543, 140
Trd, 4319681.043, 140
Trd, 4319681.943, 140
Trd, 4319682.993, 140
Trd, 4319683.143, 140
Trd, 4319683.193, 139
Trd, 4319683.293, 130
Trd, 4319684.943, 140
Trd, 4319686.243, 140
Trd, 4319686.893, 140
Trd, 4319687.143, 140
Trd, 4319688.543, 140
Trd, 4319688.693, 140
Trd, 4319690.193, 140
Trd, 4319690.343, 140
Trd, 4319691.293, 140
Trd, 4319693.893, 140
Trd, 4319694.293, 140
Trd, 4319695.293, 140
Trd, 4319695.543, 140
Trd, 4319696.093, 140
Trd, 4319697.943, 140
Trd, 4319699.543, 140
Trd, 4319700.243, 140
Trd, 4319700.443, 140
Trd, 4319700.693, 140
Trd, 4319701.043, 140
Trd, 4319701.243, 140
Trd, 4319701.343, 140
Trd, 4319703.043, 140
Trd, 4319703.093, 82
Trd, 4319703.293, 140
Trd, 4319703.543, 140
Trd, 4319704.793, 140
Trd, 4319705.643, 140
Trd, 4319707.843, 140
Trd, 4319708.043, 140
Trd, 4319708.293, 140
Trd, 4319709.043, 140
Trd, 4319709.843, 140
Trd, 4319709.893, 140
Trd, 4319710.043, 139
Trd, 4319710.093, 127
Trd, 4319710.393, 118
Trd, 4319712.043, 140
Trd, 4319712.993, 135
Trd, 4319713.443, 130
Trd, 4319713.493, 113
Trd, 4319714.743, 139
Trd, 4319715.793, 140
Trd, 4319716.543, 140
Trd, 4319716.993, 140
Trd, 4319717.693, 140
Trd, 4319717.843, 140
Trd, 4319718.193, 140
Trd, 4319719.693, 140
Trd, 4319720.293, 140
Trd, 4319721.393, 140
Trd, 4319722.243, 139
Trd, 4319722.843, 140
Trd, 4319723.593, 122
Trd, 4319724.693, 132
Trd, 4319724.893, 103
Trd, 4319726.443, 65
Trd, 4319727.343, 140
Trd, 4319727.393, 140
Trd, 4319730.093, 140
Trd, 4319731.293, 140
Trd, 4319731.493, 140
Trd, 4319733.243, 140
Trd, 4319734.393, 140
Trd, 4319734.843, 140
Trd, 4319735.743, 140
Trd, 4319735.793, 140
Trd, 4319735.993, 138
Trd, 4319736.793, 136
Trd, 4319736.893, 135
Trd, 4319737.243, 71
Trd, 4319738.343, 60
Trd, 4319739.093, 60
Trd, 4319739.193, 62
Trd, 4319740.593, 115
Trd, 4319741.143, 113
Trd, 4319742.043, 140
Trd, 4319742.393, 119
Trd, 4319743.543, 66
Trd, 4319744.443, 140
Trd, 4319745.243, 140
Trd, 4319745.293, 140
Trd, 4319745.793, 139
Trd, 4319746.893, 60
Trd, 4319747.693, 131
Trd, 4319748.243, 138
Trd, 4319749.093, 140
Trd, 4319749.393, 139
Trd, 4319749.843, 139
Trd, 4319751.543, 140
Trd, 4319752.993, 140
Trd, 4319753.193, 140
Trd, 4319754.293, 140
Trd, 4319754.493, 140
Trd, 4319755.343, 140
Trd, 4319756.443, 140
Trd, 4319757.143, 140
Trd, 4319758.343, 140
Trd, 4319758.693, 140
Trd, 4319759.843, 140
Trd, 4319759.893, 140
Trd, 4319760.243, 140
Trd, 4319761.293, 140
Trd, 4319763.243, 140
Trd, 4319764.193, 140
Trd, 4319765.193, 140
Trd, 4319765.343, 140
Trd, 4319765.793, 140
Trd, 4319765.893, 140
Trd, 4319766.743, 123
Trd, 4319767.293, 139
Trd, 4319769.293, 140
Trd, 4319770.243, 140
Trd, 4319770.293, 140
Trd, 4319771.743, 140
Trd, 4319771.893, 140
Trd, 4319772.043, 137
Trd, 4319772.243, 127
Trd, 4319772.943, 132
Trd, 4319774.043, 140
Trd, 4319774.443, 95
Trd, 4319776.593, 140
Trd, 4319777.593, 140
Trd, 4319778.343, 140
Trd, 4319778.743, 140
Trd, 4319778.893, 140
Trd, 4319779.443, 140
Trd, 4319779.993, 139
Trd, 4319780.143, 138
Trd, 4319780.443, 139
Trd, 4319780.643, 76
Trd, 4319782.293, 140
Trd, 4319783.193, 140
Trd, 4319784.043, 140
Trd, 4319786.693, 140
Trd, 4319786.793, 140
Trd, 4319786.843, 136
Trd, 4319787.093, 136
Trd, 4319788.843, 140
Trd, 4319788.893, 139
Trd, 4319789.443, 138
Trd, 4319789.693, 138
Trd, 4319790.093, 138
Trd, 4319791.443, 140
Trd, 4319791.643, 140
Trd, 4319793.293, 140
Trd, 4319793.993, 140
Trd, 4319794.043, 140
Trd, 4319795.793, 140
Trd, 4319796.693, 140
Trd, 4319796.743, 139
Trd, 4319798.293, 140
Trd, 4319798.743, 140
Trd, 4319799.643, 140
Trd, 4319799.693, 140
Trd, 4319800.693, 140
Trd, 4319801.343, 140
Trd, 4319801.643, 140
Trd, 4319801.993, 122
Trd, 4319802.093, 90
Trd, 4319802.443, 83
Trd, 4319803.993, 82
Trd, 4319804.543, 71
Trd, 4319804.693, 67
Trd, 4319806.443, 68
Trd, 4319807.393, 60
Trd, 4319808.343, 61
Trd, 4319808.493, 62
Trd, 4319809.193, 140
Trd, 4319809.343, 140
Trd, 4319810.443, 140
Trd, 4319810.793, 140
Trd, 4319812.043, 140
Trd, 4319814.093, 140
Trd, 4319814.293, 140
Trd, 4319814.743, 130
Trd, 4319814.943, 139
Trd, 4319816.093, 92
Trd, 4319816.893, 82
Trd, 4319817.693, 140
Trd, 4319817.893, 140
Trd, 4319817.943, 140
Trd, 4319818.593, 140
Trd, 4319819.243, 139
Trd, 4319819.293, 138
Trd, 4319820.643, 140
Trd, 4319821.493, 140
Trd, 4319821.943, 140
Trd, 4319823.243, 139
Trd, 4319823.943, 140
Trd, 4319825.393, 137
Trd, 4319826.093, 138
Trd, 4319826.593, 137
Trd, 4319827.793, 140
Trd, 4319828.393, 140
Trd, 4319829.893, 140
Trd, 4319830.293, 139
Trd, 4319830.443, 138
Trd, 4319830.543, 135
Trd, 4319832.043, 140
Trd, 4319832.393, 140
Trd, 4319832.443, 140
Trd, 4319832.693, 69
Trd, 4319834.693, 137
Trd, 4319835.293, 140
Trd, 4319836.043, 140
Trd, 4319837.793, 140
Trd, 4319838.193, 140
Trd, 4319839.043, 139
Trd, 4319839.143, 138
Trd, 4319839.293, 138
Trd, 4319840.243, 140
Trd, 4319840.293, 139
Trd, 4319841.243, 101
Trd, 4319841.343, 100
Trd, 4319841.443, 136
Trd, 4319842.593, 134
Trd, 4319843.393, 69
Trd, 4319844.443, 124
Trd, 4319845.443, 136
Trd, 4319846.093, 103
Trd, 4319847.143, 140
Trd, 4319848.093, 140
Trd, 4319849.343, 140
Trd, 4319849.893, 140
Trd, 4319850.043, 140
Trd, 4319850.993, 140
Trd, 4319851.893, 140
Trd, 4319852.943, 140
Trd, 4319853.743, 140
Trd, 4319854.543, 140
Trd, 4319854.993, 140
Trd, 4319855.593, 140
Trd, 4319856.393, 139
Trd, 4319857.743, 138
Trd, 4319857.943, 138
Trd, 4319858.543, 140
Trd, 4319858.643, 140
Trd, 4319859.993, 73
Trd, 4319860.793, 140
Trd, 4319861.493, 140
Trd, 4319862.293, 140
Trd, 4319862.693, 140
Trd, 4319863.693, 140
Trd, 4319864.043, 140
Trd, 4319864.343, 96
Trd, 4319864.843, 85
Trd, 4319865.143, 87
Trd, 4319867.393, 140
Trd, 4319867.843, 140
Trd, 4319867.893, 137
Trd, 4319868.293, 140
Trd, 4319868.493, 98
Trd, 4319870.443, 140
Trd, 4319870.693, 140
Trd, 4319871.043, 140
Trd, 4319871.293, 140
Trd, 4319871.493, 140
Trd, 4319871.843, 139
Trd, 4319875.693, 140
Trd, 4319876.393, 140
Trd, 4319876.943, 140
Trd, 4319877.143, 140
Trd, 4319877.693, 140
Trd, 4319878.493, 137
Trd, 4319878.943, 119
Trd, 4319879.643, 104
Trd, 4319879.943, 136
Trd, 4319881.143, 139
Trd, 4319881.643, 137
Trd, 4319882.743, 126
Trd, 4319883.193, 130
Trd, 4319883.243, 124
Trd, 4319883.793, 140
Trd, 4319884.893, 66
Trd, 4319886.793, 140
Trd, 4319886.943, 140
Trd, 4319886.993, 140
Trd, 4319888.443, 132
Trd, 4319889.143, 131
Trd, 4319890.843, 71
Trd, 4319890.943, 72
Trd, 4319891.893, 61
Trd, 4319892.393, 74
Trd, 4319893.343, 62
Trd, 4319894.643, 63
Trd, 4319895.893, 140
Trd, 4319896.143, 139
Trd, 4319896.343, 139
Trd, 4319896.493, 137
Trd, 4319896.793, 136
Trd, 4319897.443, 81
Trd, 4319898.243, 80
Trd, 4319898.443, 138
Trd, 4319898.843, 140
Trd, 4319899.043, 87
Trd, 4319899.593, 116
Trd, 4319901.393, 129
Trd, 4319902.493, 139
Trd, 4319903.393, 140
Trd, 4319903.443, 140
Trd, 4319904.243, 140
Trd, 4319907.493, 140
Trd, 4319907.543, 140
Trd, 4319908.443, 140
Trd, 4319908.893, 140
Trd, 4319909.243, 140
Trd, 4319909.993, 140
Trd, 4319910.143, 140
Trd, 4319910.193, 127
Trd, 4319911.043, 110
Trd, 4319913.543, 140
Trd, 4319913.893, 140
Trd, 4319914.093, 140
Trd, 4319914.293, 139
Trd, 4319914.943, 140
Trd, 4319915.243, 140
Trd, 4319915.443, 139
Trd, 4319915.693, 139
Trd, 4319916.743, 112
Trd, 4319916.993, 108
Trd, 4319917.243, 107
Trd, 4319919.043, 140
Trd, 4319919.793, 140
Trd, 4319920.293, 140
Trd, 4319920.393, 140
Trd, 4319921.343, 78
Trd, 4319922.293, 140
Trd, 4319923.843, 140
Trd, 4319925.643, 140
Trd, 4319925.843, 140
Trd, 4319926.093, 140
Trd, 4319927.843, 140
Trd, 4319928.093, 140
Trd, 4319929.643, 140
Trd, 4319930.643, 140
Trd, 4319931.193, 140
Trd, 4319931.393, 140
Trd, 4319933.593, 140
Trd, 4319933.793, 140
Trd, 4319935.243, 140
Trd, 4319936.593, 140
Trd, 4319937.493, 140
Trd, 4319937.743, 140
Trd, 4319937.793, 138
Trd, 4319938.293, 134
Trd, 4319938.893, 134
Trd, 4319939.793, 136
Trd, 4319939.893, 135
Trd, 4319941.293, 139
Trd, 4319941.393, 139
Trd, 4319941.593, 87
Trd, 4319942.393, 68
Trd, 4319942.793, 64
Trd, 4319945.443, 140
Trd, 4319945.543, 140
Trd, 4319945.793, 140
Trd, 4319945.843, 140
Trd, 4319946.843, 90
Trd, 4319947.943, 140
Trd, 4319949.093, 124
Trd, 4319949.693, 140
Trd, 4319950.743, 140
Trd, 4319951.193, 140
Trd, 4319952.243, 137
Trd, 4319953.993, 140
Trd, 4319954.043, 139
Trd, 4319955.243, 140
Trd, 4319956.493, 140
Trd, 4319957.243, 140
Trd, 4319957.493, 140
Trd, 4319957.643, 140
Trd, 4319957.743, 140
Trd, 4319958.193, 125
Trd, 4319958.893, 93
Trd, 4319960.093, 109
Trd, 4319960.543, 94
Trd, 4319961.093, 122
Trd, 4319961.643, 140
Trd, 4319962.743, 140
Trd, 4319963.893, 140
Trd, 4319964.043, 139
Trd, 4319964.343, 139
Trd, 4319964.993, 116
Trd, 4319966.693, 140
Trd, 4319966.843, 140
Trd, 4319968.793, 140
Trd, 4319968.993, 140
Trd, 4319969.343, 140
Trd, 4319969.443, 140
Trd, 4319971.143, 140
Trd, 4319971.593, 140
Trd, 4319971.793, 140
Trd, 4319972.893, 138
Trd, 4319973.693, 140
Trd, 4319973.943, 139
Trd, 4319974.643, 140
Trd, 4319974.843, 140
Trd, 4319977.343, 140
Trd, 4319977.443, 140
Trd, 4319977.543, 140
Trd, 4319978.193, 140
Trd, 4319978.993, 140
Trd, 4319979.893, 128
Trd, 4319981.143, 140
Trd, 4319981.343, 139
Trd, 4319982.343, 140
Trd, 4319983.593, 140
Trd, 4319983.793, 139
Trd, 4319983.893, 129
Trd, 4319984.743, 64
Trd, 4319984.843, 65
Trd, 4319984.943, 139
Trd, 4319986.193, 140
Trd, 4319987.443, 140
Trd, 4319987.493, 139
Trd, 4319989.293, 140
Trd, 4319990.193, 140
Trd, 4319991.593, 140
Trd, 4319991.793, 140
Trd, 4319992.043, 140
Trd, 4319993.043, 140
Trd, 4319993.343, 140
Trd, 4319994.543, 140
Trd, 4319995.843, 140
Trd, 4319995.993, 140
Trd, 4319996.193, 140
Trd, 4319996.943, 140
Trd, 4319997.243, 140
Trd, 4319997.293, 140
Trd, 4319999.043, 108
Trd, 4319999.693, 138
Trd, 4319999.993, 138
