Trd, 4318139.843, 139
Trd, 4318140.893, 92
Trd, 4318141.493, 118
Trd, 4318141.643, 90
Trd, 4318142.243, 60
Trd, 4318142.293, 64
Trd, 4318143.043, 60
Trd, 4318144.043, 140
Trd, 4318144.143, 140
Trd, 4318144.743, 63
Trd, 4318146.193, 140
Trd, 4318147.293, 139
Trd, 4318147.993, 140
Trd, 4318149.293, 140
Trd, 4318149.593, 140
Trd, 4318149.893, 140
Trd, 4318151.093, 140
Trd, 4318151.343, 140
Trd, 4318151.643, 139
Trd, 4318152.243, 136
Trd, 4318153.093, 140
Trd, 4318154.493, 140
Trd, 4318154.793, 140
Trd, 4318155.543, 140
Trd, 4318156.193, 140
Trd, 4318156.343, 126
Trd, 4318157.693, 140
Trd, 4318159.893, 140
Trd, 4318160.143, 138
Trd, 4318160.793, 139
Trd, 4318160.943, 139
Trd, 4318161.143, 125
Trd, 4318161.493, 101
Trd, 4318161.993, 137
Trd, 4318162.743, 79
Trd, 4318162.943, 78
Trd, 4318164.093, 139
Trd, 4318164.393, 61
Trd, 4318164.543, 62
Trd, 4318165.393, 60
Trd, 4318165.643, 60
Trd, 4318167.093, 140
Trd, 4318167.993, 140
Trd, 4318168.543, 140
Trd, 4318168.843, 140
Trd, 4318170.243, 136
Trd, 4318171.043, 139
Trd, 4318171.493, 138
Trd, 4318171.993, 133
Trd, 4318172.543, 125
Trd, 4318173.193, 140
Trd, 4318173.793, 120
Trd, 4318174.343, 140
Trd, 4318174.843, 138
Trd, 4318175.193, 126
Trd, 4318175.743, 120
Trd, 4318177.393, 140
Trd, 4318178.143, 140
Trd, 4318178.443, 140
Trd, 4318179.143, 138
Trd, 4318179.893, 79
Trd, 4318181.643, 60
Trd, 4318181.693, 60
Trd, 4318181.943, 60
Trd, 4318181.993, 68
Trd, 4318183.893, 60
Trd, 4318183.993, 61
Trd, 4318184.593, 61
Trd, 4318186.293, 60
Trd, 4318186.893, 60
Trd, 4318187.393, 60
Trd, 4318187.443, 61
Trd, 4318188.393, 60
Trd, 4318188.693, 60
Trd, 4318189.543, 62
Trd, 4318190.143, 137
Trd, 4318191.343, 132
Trd, 4318192.293, 140
Trd, 4318192.593, 140
Trd, 4318193.193, 140
Trd, 4318193.293, 139
Trd, 4318193.643, 139
Trd, 4318194.793, 140
Trd, 4318195.493, 140
Trd, 4318195.993, 136
Trd, 4318197.893, 139
Trd, 4318198.093, 137
Trd, 4318198.743, 135
Trd, 4318199.243, 134
Trd, 4318200.343, 140
Trd, 4318200.393, 126
Trd, 4318201.593, 139
Trd, 4318202.093, 125
Trd, 4318202.793, 140
Trd, 4318203.643, 140
Trd, 4318204.093, 111
Trd, 4318204.593, 124
Trd, 4318204.693, 121
Trd, 4318206.193, 140
Trd, 4318207.293, 60
Trd, 4318207.693, 61
Trd, 4318208.193, 76
Trd, 4318208.593, 77
Trd, 4318209.643, 129
Trd, 4318209.893, 139
Trd, 4318210.593, 60
Trd, 4318210.743, 62
Trd, 4318211.443, 90
Trd, 4318211.943, 140
Trd, 4318213.143, 77
Trd, 4318214.293, 112
Trd, 4318215.243, 140
Trd, 4318216.243, 140
Trd, 4318216.593, 140
Trd, 4318217.893, 139
Trd, 4318219.593, 140
Trd, 4318219.993, 140
Trd, 4318220.343, 137
Trd, 4318220.993, 140
Trd, 4318221.193, 139
Trd, 4318221.393, 138
Trd, 4318221.543, 106
Trd, 4318221.843, 125
Trd, 4318223.493, 140
Trd, 4318224.043, 140
Trd, 4318224.193, 139
Trd, 4318225.243, 140
Trd, 4318225.643, 139
Trd, 4318225.893, 137
Trd, 4318226.893, 138
Trd, 4318228.493, 140
Trd, 4318229.243, 140
Trd, 4318229.793, 140
Trd, 4318231.143, 140
Trd, 4318231.443, 140
Trd, 4318231.593, 139
Trd, 4318232.493, 140
Trd, 4318232.593, 140
Trd, 4318232.893, 140
Trd, 4318232.993, 117
Trd, 4318234.043, 130
Trd, 4318234.593, 115
Trd, 4318236.543, 125
Trd, 4318237.293, 140
Trd, 4318237.943, 128
Trd, 4318238.493, 126
Trd, 4318239.493, 139
Trd, 4318239.593, 124
Trd, 4318240.043, 140
Trd, 4318240.493, 138
Trd, 4318241.943, 137
Trd, 4318242.693, 140
Trd, 4318242.743, 135
Trd, 4318243.993, 140
Trd, 4318244.493, 136
Trd, 4318245.593, 137
Trd, 4318245.693, 131
Trd, 4318246.043, 138
Trd, 4318246.643, 135
Trd, 4318247.093, 139
Trd, 4318247.143, 119
Trd, 4318247.993, 75
Trd, 4318249.243, 140
Trd, 4318250.293, 140
Trd, 4318252.043, 140
Trd, 4318252.143, 140
Trd, 4318253.043, 140
Trd, 4318253.943, 139
Trd, 4318254.593, 139
Trd, 4318255.743, 138
Trd, 4318256.393, 119
Trd, 4318256.793, 110
Trd, 4318257.493, 137
Trd, 4318259.693, 140
Trd, 4318260.293, 140
Trd, 4318260.393, 139
Trd, 4318261.993, 140
Trd, 4318262.043, 137
Trd, 4318262.893, 129
Trd, 4318263.093, 72
Trd, 4318264.093, 136
Trd, 4318264.543, 140
Trd, 4318264.693, 139
Trd, 4318265.093, 136
Trd, 4318266.043, 137
Trd, 4318267.143, 140
Trd, 4318267.993, 137
Trd, 4318268.993, 138
Trd, 4318269.493, 140
Trd, 4318269.743, 136
Trd, 4318271.193, 140
Trd, 4318272.343, 140
Trd, 4318273.693, 140
Trd, 4318273.793, 136
Trd, 4318274.393, 139
Trd, 4318274.843, 121
Trd, 4318275.093, 140
Trd, 4318275.943, 139
Trd, 4318276.243, 124
Trd, 4318276.293, 113
Trd, 4318277.193, 108
Trd, 4318277.743, 138
Trd, 4318277.993, 139
Trd, 4318278.943, 139
Trd, 4318280.043, 140
Trd, 4318280.293, 109
Trd, 4318280.393, 104
Trd, 4318282.993, 140
Trd, 4318283.193, 140
Trd, 4318283.693, 140
Trd, 4318283.793, 140
Trd, 4318284.843, 61
Trd, 4318285.743, 60
Trd, 4318286.143, 60
Trd, 4318286.493, 60
Trd, 4318286.893, 60
Trd, 4318288.043, 60
Trd, 4318288.543, 60
Trd, 4318288.643, 62
Trd, 4318289.643, 66
Trd, 4318290.543, 68
Trd, 4318291.043, 68
Trd, 4318291.943, 60
Trd, 4318293.643, 60
Trd, 4318293.743, 60
Trd, 4318293.893, 61
Trd, 4318294.943, 61
Trd, 4318295.393, 60
Trd, 4318297.043, 60
Trd, 4318297.343, 64
Trd, 4318297.893, 66
Trd, 4318298.343, 63
Trd, 4318299.093, 60
Trd, 4318299.743, 64
Trd, 4318299.993, 67
Trd, 4318300.143, 73
Trd, 4318300.843, 67
Trd, 4318301.793, 66
Trd, 4318301.993, 139
Trd, 4318302.243, 66
Trd, 4318302.393, 122
Trd, 4318303.393, 139
Trd, 4318303.443, 125
Trd, 4318305.143, 140
Trd, 4318306.193, 140
Trd, 4318306.293, 136
Trd, 4318307.243, 140
Trd, 4318307.993, 140
Trd, 4318308.243, 128
Trd, 4318308.743, 136
Trd, 4318309.143, 138
Trd, 4318310.943, 140
Trd, 4318311.793, 140
Trd, 4318311.843, 136
Trd, 4318312.443, 84
Trd, 4318313.943, 140
Trd, 4318314.043, 140
Trd, 4318314.093, 140
Trd, 4318315.893, 140
Trd, 4318316.593, 138
Trd, 4318316.943, 137
Trd, 4318317.543, 139
Trd, 4318319.443, 140
Trd, 4318320.193, 140
Trd, 4318320.443, 140
Trd, 4318320.493, 132
Trd, 4318320.743, 126
Trd, 4318321.343, 61
Trd, 4318321.943, 66
Trd, 4318322.043, 67
Trd, 4318324.693, 140
Trd, 4318325.243, 140
Trd, 4318325.843, 140
Trd, 4318326.793, 140
Trd, 4318326.943, 138
Trd, 4318327.043, 132
Trd, 4318327.093, 131
Trd, 4318328.093, 78
Trd, 4318328.993, 140
Trd, 4318330.243, 109
Trd, 4318330.843, 137
Trd, 4318332.043, 140
Trd, 4318332.193, 139
Trd, 4318332.543, 128
Trd, 4318332.993, 140
Trd, 4318333.743, 139
Trd, 4318334.093, 93
Trd, 4318334.993, 139
Trd, 4318335.793, 140
Trd, 4318336.893, 140
Trd, 4318337.343, 73
Trd, 4318337.693, 139
Trd, 4318338.543, 140
Trd, 4318339.193, 90
Trd, 4318339.493, 89
Trd, 4318340.593, 60
Trd, 4318340.893, 60
Trd, 4318341.393, 62
Trd, 4318341.993, 101
Trd, 4318343.243, 138
Trd, 4318345.293, 139
Trd, 4318345.393, 137
Trd, 4318346.393, 140
Trd, 4318347.093, 128
Trd, 4318347.643, 125
Trd, 4318347.793, 124
Trd, 4318348.043, 114
Trd, 4318348.693, 134
Trd, 4318349.443, 139
Trd, 4318349.843, 139
Trd, 4318350.693, 139
Trd, 4318351.493, 131
Trd, 4318352.293, 140
Trd, 4318352.643, 140
Trd, 4318353.393, 140
Trd, 4318353.993, 94
Trd, 4318355.243, 116
Trd, 4318355.943, 140
Trd, 4318356.493, 137
Trd, 4318356.943, 140
Trd, 4318357.543, 140
Trd, 4318358.043, 140
Trd, 4318359.743, 139
Trd, 4318360.243, 138
Trd, 4318360.493, 140
Trd, 4318361.443, 140
Trd, 4318361.543, 139
Trd, 4318363.043, 125
Trd, 4318363.343, 136
Trd, 4318364.193, 72
Trd, 4318364.593, 140
Trd, 4318365.943, 140
Trd, 4318366.493, 140
Trd, 4318367.393, 140
Trd, 4318367.593, 140
Trd, 4318368.143, 110
Trd, 4318368.443, 129
Trd, 4318369.093, 109
Trd, 4318369.493, 140
Trd, 4318370.443, 138
Trd, 4318371.193, 138
Trd, 4318371.293, 128
Trd, 4318371.793, 105
Trd, 4318372.343, 140
Trd, 4318375.493, 140
Trd, 4318375.543, 140
Trd, 4318376.293, 140
Trd, 4318377.693, 140
Trd, 4318378.343, 140
Trd, 4318378.643, 140
Trd, 4318378.943, 140
Trd, 4318379.043, 130
Trd, 4318379.593, 129
Trd, 4318379.793, 133
Trd, 4318380.043, 113
Trd, 4318381.043, 63
Trd, 4318382.343, 140
Trd, 4318383.343, 140
Trd, 4318384.493, 140
Trd, 4318385.393, 140
Trd, 4318387.443, 140
Trd, 4318387.493, 140
Trd, 4318387.793, 140
Trd, 4318388.143, 140
Trd, 4318390.943, 138
Trd, 4318391.443, 140
Trd, 4318391.893, 140
Trd, 4318392.493, 140
Trd, 4318392.843, 140
Trd, 4318393.193, 140
Trd, 4318393.943, 137
Trd, 4318394.043, 136
Trd, 4318394.193, 115
Trd, 4318395.693, 60
Trd, 4318395.943, 60
Trd, 4318396.593, 140
Trd, 4318396.843, 138
Trd, 4318397.093, 137
Trd, 4318398.493, 139
Trd, 4318399.143, 140
Trd, 4318400.293, 140
Trd, 4318400.343, 140
Trd, 4318400.493, 81
Trd, 4318400.843, 133
Trd, 4318401.043, 74
Trd, 4318401.793, 139
Trd, 4318403.443, 136
Trd, 4318403.493, 93
Trd, 4318404.993, 131
Trd, 4318406.243, 138
Trd, 4318406.693, 125
Trd, 4318407.643, 140
Trd, 4318408.043, 140
Trd, 4318408.143, 139
Trd, 4318408.743, 140
Trd, 4318409.743, 137
Trd, 4318409.843, 136
Trd, 4318411.293, 140
Trd, 4318412.043, 140
Trd, 4318414.143, 140
Trd, 4318414.243, 140
Trd, 4318414.443, 140
Trd, 4318415.243, 140
Trd, 4318415.543, 104
Trd, 4318416.293, 140
Trd, 4318416.543, 137
Trd, 4318417.493, 60
Trd, 4318417.993, 140
Trd, 4318418.893, 118
Trd, 4318419.843, 125
Trd, 4318420.193, 140
Trd, 4318420.843, 140
Trd, 4318421.993, 140
Trd, 4318422.443, 139
Trd, 4318422.743, 69
Trd, 4318422.893, 69
Trd, 4318423.343, 61
Trd, 4318424.743, 140
Trd, 4318425.093, 140
Trd, 4318425.843, 126
Trd, 4318426.143, 120
Trd, 4318426.543, 140
Trd, 4318427.443, 96
Trd, 4318428.493, 60
Trd, 4318428.743, 61
Trd, 4318429.243, 140
Trd, 4318429.843, 66
Trd, 4318430.893, 140
Trd, 4318432.043, 139
Trd, 4318432.193, 139
Trd, 4318433.593, 140
Trd, 4318434.193, 140
Trd, 4318435.243, 140
Trd, 4318435.293, 140
Trd, 4318437.543, 140
Trd, 4318437.593, 140
Trd, 4318438.493, 130
Trd, 4318440.043, 140
Trd, 4318440.293, 140
Trd, 4318441.193, 140
Trd, 4318441.743, 140
Trd, 4318442.093, 140
Trd, 4318442.243, 140
Trd, 4318442.643, 140
Trd, 4318443.943, 139
Trd, 4318444.743, 132
Trd, 4318444.993, 130
Trd, 4318445.393, 140
Trd, 4318446.843, 138
Trd, 4318447.543, 134
Trd, 4318447.793, 116
Trd, 4318448.343, 140
Trd, 4318450.443, 140
Trd, 4318450.843, 140
Trd, 4318451.293, 140
Trd, 4318451.843, 140
Trd, 4318452.693, 140
Trd, 4318454.243, 140
Trd, 4318454.693, 140
Trd, 4318454.993, 139
Trd, 4318455.843, 139
Trd, 4318457.443, 140
Trd, 4318457.543, 139
Trd, 4318457.593, 138
Trd, 4318458.043, 133
Trd, 4318459.643, 140
Trd, 4318459.943, 140
Trd, 4318461.443, 99
Trd, 4318463.843, 138
Trd, 4318464.243, 138
Trd, 4318464.293, 137
Trd, 4318464.693, 140
Trd, 4318466.293, 140
Trd, 4318468.343, 140
Trd, 4318468.843, 140
Trd, 4318468.893, 140
Trd, 4318469.793, 140
Trd, 4318470.143, 139
Trd, 4318470.343, 140
Trd, 4318471.143, 140
Trd, 4318471.543, 140
Trd, 4318472.043, 140
Trd, 4318472.493, 140
Trd, 4318472.743, 139
Trd, 4318473.743, 140
Trd, 4318474.243, 137
Trd, 4318475.593, 116
Trd, 4318477.543, 135
Trd, 4318478.093, 139
Trd, 4318478.293, 140
Trd, 4318479.493, 140
Trd, 4318480.143, 140
Trd, 4318480.293, 136
Trd, 4318481.193, 140
Trd, 4318482.093, 140
Trd, 4318482.843, 140
Trd, 4318483.443, 140
Trd, 4318483.893, 109
Trd, 4318484.543, 60
Trd, 4318484.593, 61
Trd, 4318485.043, 62
Trd, 4318485.543, 72
Trd, 4318486.443, 139
Trd, 4318486.743, 138
Trd, 4318487.943, 93
Trd, 4318488.843, 140
Trd, 4318489.093, 93
Trd, 4318489.493, 67
Trd, 4318489.543, 68
Trd, 4318490.193, 98
Trd, 4318490.643, 66
Trd, 4318491.443, 137
Trd, 4318492.393, 60
Trd, 4318492.743, 64
Trd, 4318493.443, 138
Trd, 4318493.993, 138
Trd, 4318495.393, 139
Trd, 4318495.593, 139
Trd, 4318496.393, 127
Trd, 4318497.793, 134
Trd, 4318499.143, 140
Trd, 4318500.243, 140
Trd, 4318500.293, 137
Trd, 4318500.543, 137
Trd, 4318500.793, 133
Trd, 4318503.043, 140
Trd, 4318504.143, 140
Trd, 4318504.443, 139
Trd, 4318504.743, 139
Trd, 4318505.043, 140
Trd, 4318506.793, 70
Trd, 4318506.943, 70
Trd, 4318507.493, 61
Trd, 4318507.893, 120
Trd, 4318508.293, 65
Trd, 4318509.593, 138
Trd, 4318510.243, 84
Trd, 4318510.793, 140
Trd, 4318512.243, 60
Trd, 4318513.143, 60
Trd, 4318513.343, 60
Trd, 4318513.793, 60
Trd, 4318513.993, 60
Trd, 4318515.593, 64
Trd, 4318515.843, 64
Trd, 4318517.093, 61
Trd, 4318517.793, 61
Trd, 4318518.143, 60
Trd, 4318518.393, 62
Trd, 4318520.243, 60
Trd, 4318520.343, 62
Trd, 4318520.393, 64
Trd, 4318520.593, 73
Trd, 4318521.693, 60
Trd, 4318521.993, 62
Trd, 4318522.793, 62
Trd, 4318524.443, 64
Trd, 4318524.543, 65
Trd, 4318525.643, 62
Trd, 4318526.093, 60
Trd, 4318526.443, 60
Trd, 4318526.493, 60
Trd, 4318527.093, 60
Trd, 4318528.593, 63
Trd, 4318529.393, 61
Trd, 4318529.843, 62
Trd, 4318530.893, 62
Trd, 4318531.543, 62
Trd, 4318531.943, 62
Trd, 4318532.093, 62
Trd, 4318532.743, 65
Trd, 4318533.193, 66
Trd, 4318533.493, 71
Trd, 4318534.993, 62
Trd, 4318535.393, 63
Trd, 4318536.243, 92
Trd, 4318536.293, 91
Trd, 4318536.493, 84
Trd, 4318537.543, 140
Trd, 4318538.243, 140
Trd, 4318539.143, 140
Trd, 4318539.593, 140
Trd, 4318539.843, 140
Trd, 4318541.893, 140
Trd, 4318541.993, 140
Trd, 4318542.943, 140
Trd, 4318542.993, 140
Trd, 4318544.793, 140
Trd, 4318545.093, 139
Trd, 4318545.593, 134
Trd, 4318545.743, 131
Trd, 4318546.393, 61
Trd, 4318546.643, 138
Trd, 4318547.443, 71
Trd, 4318548.443, 60
Trd, 4318548.943, 71
Trd, 4318549.693, 64
Trd, 4318549.943, 60
Trd, 4318550.543, 65
Trd, 4318550.593, 67
Trd, 4318551.243, 60
Trd, 4318551.393, 137
Trd, 4318552.643, 60
Trd, 4318552.793, 61
Trd, 4318553.293, 60
Trd, 4318553.743, 60
Trd, 4318554.293, 134
Trd, 4318555.293, 140
Trd, 4318556.643, 140
Trd, 4318557.393, 140
Trd, 4318557.443, 139
Trd, 4318557.493, 129
Trd, 4318557.993, 139
Trd, 4318558.243, 112
Trd, 4318560.093, 140
Trd, 4318560.343, 140
Trd, 4318561.093, 135
Trd, 4318562.493, 140
Trd, 4318562.893, 139
Trd, 4318563.093, 129
Trd, 4318563.793, 140
Trd, 4318563.893, 134
Trd, 4318565.493, 132
Trd, 4318566.993, 131
Trd, 4318567.193, 140
Trd, 4318567.593, 113
Trd, 4318569.293, 140
Trd, 4318570.093, 140
Trd, 4318570.343, 138
Trd, 4318570.793, 139
Trd, 4318570.843, 94
Trd, 4318571.643, 137
Trd, 4318571.943, 137
Trd, 4318572.143, 125
Trd, 4318572.943, 70
Trd, 4318574.143, 128
Trd, 4318575.343, 140
Trd, 4318576.293, 132
Trd, 4318576.443, 130
Trd, 4318576.793, 140
Trd, 4318578.193, 140
Trd, 4318578.243, 140
Trd, 4318578.343, 140
Trd, 4318578.893, 119
Trd, 4318579.293, 139
Trd, 4318579.693, 140
Trd, 4318580.643, 123
Trd, 4318580.793, 81
Trd, 4318580.893, 66
Trd, 4318582.793, 60
Trd, 4318583.593, 60
Trd, 4318584.543, 60
Trd, 4318585.293, 60
Trd, 4318586.193, 60
Trd, 4318586.493, 62
Trd, 4318587.143, 64
Trd, 4318588.993, 60
Trd, 4318589.393, 60
Trd, 4318589.993, 60
Trd, 4318590.093, 60
Trd, 4318593.393, 60
Trd, 4318593.443, 62
Trd, 4318593.793, 62
Trd, 4318593.993, 66
Trd, 4318594.143, 61
Trd, 4318595.643, 64
Trd, 4318595.843, 65
Trd, 4318596.393, 62
Trd, 4318596.793, 66
Trd, 4318597.643, 62
Trd, 4318597.993, 64
Trd, 4318598.343, 68
Trd, 4318598.843, 66
Trd, 4318599.193, 140
Trd, 4318600.193, 140
Trd, 4318600.593, 140
Trd, 4318601.193, 140
Trd, 4318601.343, 138
Trd, 4318601.743, 140
Trd, 4318603.593, 60
Trd, 4318603.843, 60
Trd, 4318604.943, 63
Trd, 4318605.193, 63
Trd, 4318605.293, 63
Trd, 4318606.943, 67
Trd, 4318607.243, 60
Trd, 4318607.793, 61
Trd, 4318609.343, 60
Trd, 4318609.443, 64
Trd, 4318609.743, 63
Trd, 4318610.093, 61
Trd, 4318610.743, 61
Trd, 4318612.043, 61
Trd, 4318612.543, 61
Trd, 4318612.643, 61
Trd, 4318613.393, 62
Trd, 4318613.943, 63
Trd, 4318616.043, 60
Trd, 4318616.193, 60
Trd, 4318616.543, 60
Trd, 4318618.043, 61
Trd, 4318618.393, 62
Trd, 4318618.743, 62
Trd, 4318619.343, 60
Trd, 4318619.393, 61
Trd, 4318619.893, 81
Trd, 4318620.343, 80
Trd, 4318622.593, 139
Trd, 4318622.843, 138
Trd, 4318623.243, 138
Trd, 4318623.693, 139
Trd, 4318624.993, 139
Trd, 4318625.043, 138
Trd, 4318625.393, 138
Trd, 4318625.443, 92
Trd, 4318626.793, 62
Trd, 4318627.693, 140
Trd, 4318627.893, 139
Trd, 4318630.093, 140
Trd, 4318630.143, 139
Trd, 4318631.643, 140
Trd, 4318633.693, 140
Trd, 4318634.043, 140
Trd, 4318634.143, 140
Trd, 4318634.193, 139
Trd, 4318634.443, 140
Trd, 4318635.893, 140
Trd, 4318636.743, 140
Trd, 4318636.943, 140
Trd, 4318637.043, 140
Trd, 4318637.893, 134
Trd, 4318639.893, 140
Trd, 4318640.243, 140
Trd, 4318640.843, 140
Trd, 4318641.143, 140
Trd, 4318642.293, 140
Trd, 4318642.743, 140
Trd, 4318643.393, 129
Trd, 4318643.943, 140
Trd, 4318644.743, 140
Trd, 4318646.543, 140
Trd, 4318646.693, 139
Trd, 4318646.843, 140
Trd, 4318647.043, 136
Trd, 4318648.493, 140
Trd, 4318648.593, 140
Trd, 4318649.393, 140
Trd, 4318649.943, 139
Trd, 4318650.993, 140
Trd, 4318652.443, 140
Trd, 4318653.293, 140
Trd, 4318653.793, 140
Trd, 4318654.293, 140
Trd, 4318654.393, 140
Trd, 4318654.443, 133
Trd, 4318655.793, 140
Trd, 4318656.743, 140
Trd, 4318657.143, 139
Trd, 4318658.793, 140
Trd, 4318658.943, 140
Trd, 4318659.893, 140
Trd, 4318660.193, 139
Trd, 4318660.893, 137
Trd, 4318661.793, 112
Trd, 4318662.343, 140
Trd, 4318662.743, 139
Trd, 4318663.843, 135
Trd, 4318663.943, 133
Trd, 4318664.443, 137
Trd, 4318665.293, 140
Trd, 4318666.043, 140
Trd, 4318666.193, 139
Trd, 4318667.343, 140
Trd, 4318668.093, 140
Trd, 4318670.043, 140
Trd, 4318670.643, 140
Trd, 4318670.793, 139
Trd, 4318671.543, 138
Trd, 4318671.943, 137
Trd, 4318672.893, 137
Trd, 4318673.393, 135
Trd, 4318674.393, 139
Trd, 4318674.643, 87
Trd, 4318674.893, 129
Trd, 4318676.293, 127
Trd, 4318676.893, 109
Trd, 4318677.293, 106
Trd, 4318678.093, 140
Trd, 4318678.393, 68
Trd, 4318678.893, 136
Trd, 4318679.843, 140
Trd, 4318680.093, 72
Trd, 4318682.043, 140
Trd, 4318682.393, 140
Trd, 4318683.093, 140
Trd, 4318683.793, 140
Trd, 4318683.993, 140
Trd, 4318684.243, 138
Trd, 4318685.543, 107
Trd, 4318686.093, 139
Trd, 4318686.593, 112
Trd, 4318687.193, 137
Trd, 4318688.543, 139
Trd, 4318689.293, 140
Trd, 4318689.393, 140
Trd, 4318691.343, 139
Trd, 4318691.693, 140
Trd, 4318692.293, 140
Trd, 4318692.843, 140
Trd, 4318693.393, 140
Trd, 4318693.843, 140
Trd, 4318694.893, 138
Trd, 4318696.343, 139
Trd, 4318696.643, 139
Trd, 4318697.793, 140
Trd, 4318698.043, 140
Trd, 4318698.193, 139
Trd, 4318699.193, 139
Trd, 4318699.393, 135
Trd, 4318699.693, 78
Trd, 4318700.943, 140
Trd, 4318701.193, 107
Trd, 4318702.193, 140
Trd, 4318703.393, 130
Trd, 4318704.143, 132
Trd, 4318704.393, 104
Trd, 4318704.693, 103
Trd, 4318704.793, 76
Trd, 4318705.393, 140
Trd, 4318706.043, 138
Trd, 4318707.093, 140
Trd, 4318707.743, 81
Trd, 4318708.643, 128
Trd, 4318708.993, 62
Trd, 4318709.593, 108
Trd, 4318710.243, 115
Trd, 4318710.543, 60
Trd, 4318710.593, 61
Trd, 4318711.193, 121
Trd, 4318712.193, 140
Trd, 4318714.443, 60
Trd, 4318714.493, 60
Trd, 4318714.743, 63
Trd, 4318715.093, 62
Trd, 4318716.093, 60
Trd, 4318717.543, 61
Trd, 4318718.093, 61
Trd, 4318718.243, 61
Trd, 4318718.393, 62
Trd, 4318719.593, 60
Trd, 4318720.443, 60
Trd, 4318720.693, 60
Trd, 4318720.893, 64
Trd, 4318721.043, 67
Trd, 4318722.343, 140
Trd, 4318722.493, 140
Trd, 4318722.543, 139
Trd, 4318723.243, 137
Trd, 4318723.543, 131
Trd, 4318725.043, 69
Trd, 4318725.093, 70
Trd, 4318726.243, 137
Trd, 4318726.693, 140
Trd, 4318726.743, 138
Trd, 4318727.443, 136
Trd, 4318728.443, 140
Trd, 4318728.543, 140
Trd, 4318728.743, 138
Trd, 4318729.143, 134
Trd, 4318731.043, 140
Trd, 4318731.843, 130
Trd, 4318732.193, 129
Trd, 4318733.743, 140
Trd, 4318733.943, 129
Trd, 4318734.843, 140
Trd, 4318735.993, 140
Trd, 4318736.293, 139
Trd, 4318736.693, 139
Trd, 4318736.843, 139
Trd, 4318739.143, 140
Trd, 4318739.993, 140
Trd, 4318740.793, 140
Trd, 4318741.193, 140
Trd, 4318741.643, 140
Trd, 4318741.843, 136
Trd, 4318742.393, 138
Trd, 4318743.043, 137
Trd, 4318743.743, 139
Trd, 4318745.593, 140
Trd, 4318746.243, 140
Trd, 4318746.493, 140
Trd, 4318747.693, 140
Trd, 4318747.843, 140
Trd, 4318747.893, 140
Trd, 4318748.193, 137
Trd, 4318750.593, 129
Trd, 4318750.943, 140
Trd, 4318752.293, 140
Trd, 4318754.043, 140
Trd, 4318754.143, 139
Trd, 4318754.343, 135
Trd, 4318754.893, 139
Trd, 4318755.993, 140
Trd, 4318756.093, 140
Trd, 4318756.143, 130
Trd, 4318756.793, 128
Trd, 4318758.043, 60
Trd, 4318758.793, 60
Trd, 4318759.293, 61
Trd, 4318760.093, 64
Trd, 4318761.193, 61
Trd, 4318761.343, 62
Trd, 4318761.793, 61
Trd, 4318761.943, 62
Trd, 4318762.543, 67
Trd, 4318762.593, 68
Trd, 4318762.893, 60
Trd, 4318763.143, 66
Trd, 4318765.043, 102
Trd, 4318765.343, 101
Trd, 4318765.793, 101
Trd, 4318766.693, 140
Trd, 4318766.893, 138
Trd, 4318768.943, 60
Trd, 4318769.443, 60
Trd, 4318769.543, 61
Trd, 4318770.293, 61
Trd, 4318770.543, 60
Trd, 4318770.793, 61
Trd, 4318771.443, 68
Trd, 4318771.493, 69
Trd, 4318772.593, 140
Trd, 4318773.393, 140
Trd, 4318773.743, 140
Trd, 4318773.793, 140
Trd, 4318774.943, 140
Trd, 4318777.043, 140
Trd, 4318777.093, 140
Trd, 4318778.593, 140
Trd, 4318779.193, 140
Trd, 4318780.343, 140
Trd, 4318780.843, 140
Trd, 4318781.593, 140
Trd, 4318781.693, 138
Trd, 4318782.843, 138
Trd, 4318783.793, 140
Trd, 4318783.843, 140
Trd, 4318785.193, 139
Trd, 4318785.693, 119
Trd, 4318785.743, 70
Trd, 4318786.243, 139
Trd, 4318787.993, 137
Trd, 4318788.243, 136
Trd, 4318789.793, 139
Trd, 4318790.193, 101
Trd, 4318790.543, 100
Trd, 4318791.893, 63
Trd, 4318791.943, 64
Trd, 4318792.343, 61
Trd, 4318792.443, 60
Trd, 4318792.993, 140
Trd, 4318793.093, 116
Trd, 4318793.843, 140
Trd, 4318795.143, 68
Trd, 4318795.643, 66
Trd, 4318795.693, 90
Trd, 4318796.893, 60
Trd, 4318797.193, 65
Trd, 4318797.593, 67
Trd, 4318797.743, 70
Trd, 4318798.393, 60
Trd, 4318799.643, 62
Trd, 4318800.343, 60
Trd, 4318800.993, 60
Trd, 4318801.493, 62
Trd, 4318801.993, 60
Trd, 4318802.243, 63
Trd, 4318803.743, 60
Trd, 4318803.793, 61
Trd, 4318804.093, 62
Trd, 4318805.193, 64
Trd, 4318805.543, 63
Trd, 4318806.293, 64
Trd, 4318807.193, 61
Trd, 4318807.843, 61
Trd, 4318808.243, 62
Trd, 4318808.393, 64
Trd, 4318809.443, 60
Trd, 4318809.893, 140
Trd, 4318809.943, 140
Trd, 4318811.343, 60
Trd, 4318812.093, 60
Trd, 4318812.393, 60
Trd, 4318812.993, 68
Trd, 4318813.643, 60
Trd, 4318813.993, 61
Trd, 4318815.843, 60
Trd, 4318815.943, 60
Trd, 4318816.693, 64
Trd, 4318817.343, 60
Trd, 4318817.793, 61
Trd, 4318818.493, 62
Trd, 4318819.493, 61
Trd, 4318819.543, 62
Trd, 4318820.193, 60
Trd, 4318820.243, 61
Trd, 4318820.393, 65
Trd, 4318820.643, 73
Trd, 4318821.643, 122
Trd, 4318823.043, 60
Trd, 4318823.743, 60
Trd, 4318824.093, 60
Trd, 4318824.893, 61
Trd, 4318825.193, 61
Trd, 4318826.143, 62
Trd, 4318826.543, 60
Trd, 4318828.143, 60
Trd, 4318829.293, 61
Trd, 4318829.943, 60
Trd, 4318830.193, 60
Trd, 4318830.393, 65
Trd, 4318830.793, 64
Trd, 4318831.693, 140
Trd, 4318833.243, 124
Trd, 4318834.143, 140
Trd, 4318834.743, 140
Trd, 4318834.843, 140
Trd, 4318835.543, 88
Trd, 4318836.343, 140
Trd, 4318836.993, 140
Trd, 4318837.143, 140
Trd, 4318837.743, 139
Trd, 4318839.143, 140
Trd, 4318839.243, 139
Trd, 4318840.443, 140
Trd, 4318840.493, 125
Trd, 4318841.393, 140
Trd, 4318841.793, 139
Trd, 4318842.643, 138
Trd, 4318843.693, 140
Trd, 4318845.293, 140
Trd, 4318845.343, 138
Trd, 4318845.493, 138
Trd, 4318846.643, 134
Trd, 4318847.043, 131
Trd, 4318847.793, 140
Trd, 4318848.243, 140
Trd, 4318848.493, 66
Trd, 4318849.393, 140
Trd, 4318849.443, 138
Trd, 4318849.843, 137
Trd, 4318851.643, 140
Trd, 4318852.793, 140
Trd, 4318853.743, 140
Trd, 4318853.993, 140
Trd, 4318854.293, 136
Trd, 4318854.543, 140
Trd, 4318855.693, 69
Trd, 4318856.693, 140
Trd, 4318857.143, 60
Trd, 4318857.493, 67
Trd, 4318858.193, 65
Trd, 4318859.243, 63
Trd, 4318859.293, 64
Trd, 4318861.043, 67
Trd, 4318861.093, 74
Trd, 4318861.293, 140
Trd, 4318862.293, 68
Trd, 4318862.843, 68
Trd, 4318862.993, 70
Trd, 4318863.443, 140
Trd, 4318864.893, 140
Trd, 4318865.043, 139
Trd, 4318865.093, 112
Trd, 4318865.993, 139
Trd, 4318866.043, 114
Trd, 4318867.743, 140
Trd, 4318868.093, 140
Trd, 4318868.443, 139
Trd, 4318868.643, 125
Trd, 4318869.843, 106
Trd, 4318870.743, 140
Trd, 4318871.243, 78
Trd, 4318871.793, 66
Trd, 4318872.593, 129
Trd, 4318874.443, 140
Trd, 4318874.893, 140
Trd, 4318876.793, 140
Trd, 4318877.143, 140
Trd, 4318877.293, 140
Trd, 4318877.643, 140
Trd, 4318878.243, 140
Trd, 4318879.143, 140
Trd, 4318879.293, 130
Trd, 4318879.343, 125
Trd, 4318880.493, 138
Trd, 4318880.743, 65
Trd, 4318882.393, 140
Trd, 4318883.143, 140
Trd, 4318883.993, 140
Trd, 4318884.293, 139
Trd, 4318885.243, 140
Trd, 4318885.343, 135
Trd, 4318886.443, 140
Trd, 4318886.743, 140
Trd, 4318887.293, 139
Trd, 4318888.993, 140
Trd, 4318889.543, 139
Trd, 4318891.493, 140
Trd, 4318891.643, 140
Trd, 4318892.743, 140
Trd, 4318892.943, 140
Trd, 4318893.243, 140
Trd, 4318894.143, 140
Trd, 4318894.593, 139
Trd, 4318895.993, 137
Trd, 4318896.543, 136
Trd, 4318896.743, 138
Trd, 4318896.843, 127
Trd, 4318898.393, 140
Trd, 4318898.843, 140
Trd, 4318900.043, 140
Trd, 4318900.543, 123
Trd, 4318900.743, 108
Trd, 4318901.543, 136
Trd, 4318902.043, 106
Trd, 4318902.993, 140
Trd, 4318903.593, 140
Trd, 4318904.143, 140
Trd, 4318904.893, 140
Trd, 4318905.093, 132
Trd, 4318905.843, 60
Trd, 4318906.993, 62
Trd, 4318907.093, 69
Trd, 4318907.443, 66
Trd, 4318907.643, 113
Trd, 4318909.543, 140
Trd, 4318910.593, 140
Trd, 4318912.243, 140
Trd, 4318912.693, 140
Trd, 4318912.743, 140
Trd, 4318914.093, 140
Trd, 4318915.193, 140
Trd, 4318915.393, 140
Trd, 4318916.643, 139
Trd, 4318917.593, 140
Trd, 4318918.543, 140
Trd, 4318918.943, 140
Trd, 4318919.093, 140
Trd, 4318919.793, 140
Trd, 4318919.893, 140
Trd, 4318920.493, 133
Trd, 4318920.543, 70
Trd, 4318922.143, 140
Trd, 4318924.143, 138
Trd, 4318925.843, 140
Trd, 4318926.243, 140
Trd, 4318926.343, 140
Trd, 4318926.543, 139
Trd, 4318927.593, 108
Trd, 4318929.993, 140
Trd, 4318931.293, 140
Trd, 4318931.493, 140
Trd, 4318933.043, 140
Trd, 4318933.193, 140
Trd, 4318933.793, 140
Trd, 4318933.843, 135
Trd, 4318934.043, 111
Trd, 4318935.643, 140
Trd, 4318935.843, 116
Trd, 4318936.593, 99
Trd, 4318937.543, 70
Trd, 4318937.943, 140
Trd, 4318938.343, 140
Trd, 4318938.643, 140
Trd, 4318938.743, 124
Trd, 4318940.793, 92
Trd, 4318940.993, 91
Trd, 4318942.793, 140
Trd, 4318943.943, 140
Trd, 4318944.343, 140
Trd, 4318944.393, 140
Trd, 4318945.743, 140
Trd, 4318946.593, 139
Trd, 4318947.393, 123
Trd, 4318948.293, 140
Trd, 4318948.493, 140
Trd, 4318948.743, 138
Trd, 4318949.993, 140
Trd, 4318950.843, 139
Trd, 4318951.043, 138
Trd, 4318951.843, 138
Trd, 4318952.693, 135
Trd, 4318953.543, 139
Trd, 4318953.643, 139
Trd, 4318954.493, 139
Trd, 4318954.643, 125
Trd, 4318955.593, 140
Trd, 4318956.543, 138
Trd, 4318957.943, 140
Trd, 4318958.043, 131
Trd, 4318958.093, 130
Trd, 4318959.293, 140
Trd, 4318960.093, 139
Trd, 4318960.393, 140
Trd, 4318961.393, 140
Trd, 4318961.693, 137
Trd, 4318961.943, 100
Trd, 4318962.393, 140
Trd, 4318962.643, 140
Trd, 4318963.043, 82
Trd, 4318964.443, 80
Trd, 4318965.143, 139
Trd, 4318966.793, 139
Trd, 4318967.593, 140
Trd, 4318967.893, 140
Trd, 4318968.443, 140
Trd, 4318969.393, 140
Trd, 4318969.493, 138
Trd, 4318970.293, 140
Trd, 4318970.543, 140
Trd, 4318971.343, 140
Trd, 4318971.743, 138
Trd, 4318973.193, 140
Trd, 4318974.193, 140
Trd, 4318974.893, 140
Trd, 4318975.893, 140
Trd, 4318976.043, 140
Trd, 4318976.293, 140
Trd, 4318976.493, 136
Trd, 4318977.443, 140
Trd, 4318978.043, 137
Trd, 4318978.843, 108
Trd, 4318979.593, 105
Trd, 4318980.693, 140
Trd, 4318982.293, 139
Trd, 4318982.943, 138
Trd, 4318985.543, 139
Trd, 4318985.693, 137
Trd, 4318985.993, 95
Trd, 4318986.493, 119
Trd, 4318986.743, 133
Trd, 4318986.793, 77
Trd, 4318987.843, 140
Trd, 4318988.793, 140
Trd, 4318988.943, 137
Trd, 4318991.093, 140
Trd, 4318991.143, 140
Trd, 4318991.243, 140
Trd, 4318991.893, 140
Trd, 4318992.093, 139
Trd, 4318992.943, 138
Trd, 4318993.543, 136
Trd, 4318994.643, 140
Trd, 4318995.643, 140
Trd, 4318996.293, 137
Trd, 4318996.543, 140
Trd, 4318999.343, 140
Trd, 4318999.893, 140
Trd, 4318999.993, 140
Trd, 4319000.293, 130
Trd, 4319000.393, 118
Trd, 4319000.543, 111
Trd, 4319001.093, 110
Trd, 4319003.143, 138
Trd, 4319004.443, 140
Trd, 4319004.893, 140
Trd, 4319005.943, 140
Trd, 4319006.193, 140
Trd, 4319006.693, 140
Trd, 4319007.043, 139
Trd, 4319008.043, 138
Trd, 4319008.543, 140
Trd, 4319008.943, 113
Trd, 4319009.343, 112
Trd, 4319010.493, 140
Trd, 4319010.943, 140
Trd, 4319012.693, 135
Trd, 4319013.243, 140
Trd, 4319013.493, 115
Trd, 4319014.543, 140
Trd, 4319015.393, 140
Trd, 4319015.643, 139
Trd, 4319018.093, 140
Trd, 4319019.593, 140
Trd, 4319019.843, 140
Trd, 4319020.443, 138
Trd, 4319021.143, 137
Trd, 4319021.193, 133
Trd, 4319022.193, 117
Trd, 4319022.693, 115
Trd, 4319023.293, 140
Trd, 4319023.943, 137
Trd, 4319024.043, 98
Trd, 4319025.543, 140
Trd, 4319025.743, 137
Trd, 4319025.843, 122
Trd, 4319026.293, 86
Trd, 4319026.693, 65
Trd, 4319029.593, 139
Trd, 4319029.943, 132
Trd, 4319030.143, 128
Trd, 4319030.993, 140
Trd, 4319031.493, 139
Trd, 4319032.443, 140
Trd, 4319032.743, 140
Trd, 4319033.293, 120
Trd, 4319034.243, 140
Trd, 4319034.593, 140
Trd, 4319034.643, 140
Trd, 4319035.043, 138
Trd, 4319036.043, 140
Trd, 4319036.743, 139
Trd, 4319036.993, 122
Trd, 4319037.893, 137
Trd, 4319037.993, 140
Trd, 4319038.293, 62
Trd, 4319039.243, 61
Trd, 4319040.093, 61
Trd, 4319041.543, 60
Trd, 4319041.943, 60
Trd, 4319043.243, 60
Trd, 4319043.693, 60
Trd, 4319044.093, 60
Trd, 4319044.293, 61
Trd, 4319044.843, 61
Trd, 4319045.193, 62
Trd, 4319045.393, 63
Trd, 4319047.143, 61
Trd, 4319048.043, 60
Trd, 4319048.893, 60
Trd, 4319050.293, 60
Trd, 4319050.343, 65
Trd, 4319051.143, 61
Trd, 4319051.443, 60
Trd, 4319052.743, 60
Trd, 4319053.093, 60
Trd, 4319053.343, 64
Trd, 4319053.943, 61
Trd, 4319054.943, 64
Trd, 4319056.093, 140
Trd, 4319057.043, 140
Trd, 4319057.543, 137
Trd, 4319058.743, 125
Trd, 4319059.793, 139
Trd, 4319060.243, 140
Trd, 4319060.843, 139
Trd, 4319061.093, 139
Trd, 4319061.743, 139
Trd, 4319062.893, 136
Trd, 4319063.993, 140
Trd, 4319064.443, 74
Trd, 4319064.693, 114
Trd, 4319064.943, 70
Trd, 4319066.543, 138
Trd, 4319067.493, 140
Trd, 4319068.143, 139
Trd, 4319069.793, 107
Trd, 4319070.193, 60
Trd, 4319070.743, 62
Trd, 4319071.043, 124
Trd, 4319071.193, 66
Trd, 4319071.543, 123
Trd, 4319071.943, 140
Trd, 4319073.593, 129
Trd, 4319073.643, 115
Trd, 4319073.843, 98
Trd, 4319074.693, 140
Trd, 4319075.693, 139
Trd, 4319076.343, 139
Trd, 4319077.493, 135
Trd, 4319078.193, 140
Trd, 4319078.243, 138
Trd, 4319079.543, 113
Trd, 4319081.293, 140
Trd, 4319081.943, 140
Trd, 4319082.543, 140
Trd, 4319083.143, 140
Trd, 4319083.343, 140
Trd, 4319083.443, 138
Trd, 4319083.993, 113
Trd, 4319084.243, 139
Trd, 4319084.843, 138
Trd, 4319086.243, 140
Trd, 4319087.493, 140
Trd, 4319088.193, 140
Trd, 4319088.743, 139
Trd, 4319089.193, 140
Trd, 4319089.543, 85
Trd, 4319090.143, 84
Trd, 4319090.693, 63
Trd, 4319090.893, 60
Trd, 4319093.143, 140
Trd, 4319093.993, 140
Trd, 4319094.243, 140
Trd, 4319094.343, 137
Trd, 4319095.493, 140
Trd, 4319096.193, 140
Trd, 4319097.243, 139
Trd, 4319098.243, 131
Trd, 4319099.893, 140
Trd, 4319100.893, 140
Trd, 4319100.943, 139
Trd, 4319101.743, 132
Trd, 4319101.993, 95
Trd, 4319104.043, 140
Trd, 4319104.393, 132
Trd, 4319104.793, 140
Trd, 4319105.293, 137
Trd, 4319105.993, 133
Trd, 4319106.793, 136
Trd, 4319108.443, 140
Trd, 4319109.943, 140
Trd, 4319110.093, 140
Trd, 4319110.193, 136
Trd, 4319111.593, 140
Trd, 4319111.793, 140
Trd, 4319112.343, 140
Trd, 4319113.343, 139
Trd, 4319113.993, 139
Trd, 4319114.293, 109
Trd, 4319114.443, 63
Trd, 4319114.693, 64
Trd, 4319116.893, 60
Trd, 4319116.993, 60
Trd, 4319117.143, 68
Trd, 4319118.043, 70
Trd, 4319118.443, 71
Trd, 4319118.993, 65
Trd, 4319120.093, 139
Trd, 4319120.943, 140
Trd, 4319122.393, 140
Trd, 4319122.743, 139
Trd, 4319123.593, 62
Trd, 4319123.843, 61
Trd, 4319124.693, 140
Trd, 4319125.543, 140
Trd, 4319125.893, 139
Trd, 4319127.293, 140
Trd, 4319127.743, 140
Trd, 4319127.793, 140
Trd, 4319128.493, 140
Trd, 4319128.643, 139
Trd, 4319129.593, 137
Trd, 4319129.643, 137
Trd, 4319129.843, 135
Trd, 4319131.943, 140
Trd, 4319132.393, 140
Trd, 4319133.693, 140
Trd, 4319134.193, 140
Trd, 4319134.843, 140
Trd, 4319135.393, 131
Trd, 4319136.293, 139
Trd, 4319136.543, 139
Trd, 4319137.943, 140
Trd, 4319139.243, 140
Trd, 4319139.293, 72
Trd, 4319140.543, 140
Trd, 4319141.643, 140
Trd, 4319142.693, 140
Trd, 4319142.843, 140
Trd, 4319143.543, 140
Trd, 4319144.543, 140
Trd, 4319145.043, 140
Trd, 4319146.093, 140
Trd, 4319146.393, 139
Trd, 4319146.943, 130
Trd, 4319147.643, 123
Trd, 4319148.543, 140
Trd, 4319148.893, 140
Trd, 4319149.043, 136
Trd, 4319149.293, 88
Trd, 4319150.243, 60
Trd, 4319150.893, 60
Trd, 4319151.793, 60
Trd, 4319151.843, 64
Trd, 4319152.043, 64
Trd, 4319152.793, 139
Trd, 4319153.543, 98
Trd, 4319153.943, 88
Trd, 4319155.043, 60
Trd, 4319155.493, 97
Trd, 4319156.143, 100
Trd, 4319156.593, 61
Trd, 4319157.293, 60
Trd, 4319158.093, 79
Trd, 4319158.343, 140
Trd, 4319161.143, 60
Trd, 4319161.343, 60
Trd, 4319161.943, 61
Trd, 4319162.643, 61
Trd, 4319163.293, 70
Trd, 4319163.543, 65
Trd, 4319164.543, 133
Trd, 4319164.843, 140
Trd, 4319165.343, 140
Trd, 4319166.193, 140
Trd, 4319166.893, 140
Trd, 4319167.293, 140
Trd, 4319167.743, 127
Trd, 4319170.243, 140
Trd, 4319170.293, 140
Trd, 4319170.793, 140
Trd, 4319171.193, 138
Trd, 4319172.343, 131
Trd, 4319173.593, 139
Trd, 4319175.093, 139
Trd, 4319176.043, 138
Trd, 4319176.993, 140
Trd, 4319177.093, 140
Trd, 4319177.243, 140
Trd, 4319178.043, 139
Trd, 4319178.293, 138
Trd, 4319179.093, 138
Trd, 4319180.293, 126
Trd, 4319180.593, 86
Trd, 4319181.243, 137
Trd, 4319181.593, 116
Trd, 4319182.893, 140
Trd, 4319183.143, 135
Trd, 4319183.843, 119
Trd, 4319184.093, 115
Trd, 4319185.293, 60
Trd, 4319185.643, 61
Trd, 4319186.293, 63
Trd, 4319186.593, 70
Trd, 4319187.593, 139
Trd, 4319187.843, 135
Trd, 4319188.743, 140
Trd, 4319189.243, 140
Trd, 4319189.393, 140
Trd, 4319189.443, 140
Trd, 4319191.193, 139
Trd, 4319191.693, 80
Trd, 4319191.943, 74
Trd, 4319192.393, 64
Trd, 4319194.243, 140
Trd, 4319195.093, 138
Trd, 4319195.393, 140
Trd, 4319195.843, 140
Trd, 4319196.543, 140
Trd, 4319197.593, 140
Trd, 4319198.693, 140
Trd, 4319198.893, 140
Trd, 4319200.293, 140
Trd, 4319200.743, 139
Trd, 4319200.993, 140
Trd, 4319201.393, 140
Trd, 4319201.943, 139
Trd, 4319202.743, 139
Trd, 4319203.343, 140
Trd, 4319204.493, 140
Trd, 4319204.843, 140
Trd, 4319206.693, 140
Trd, 4319207.193, 140
Trd, 4319209.293, 140
Trd, 4319209.493, 140
Trd, 4319210.143, 140
Trd, 4319210.243, 140
Trd, 4319210.643, 140
Trd, 4319211.293, 138
Trd, 4319212.143, 79
Trd, 4319212.743, 96
Trd, 4319213.443, 140
Trd, 4319214.643, 140
Trd, 4319214.743, 134
Trd, 4319215.293, 140
Trd, 4319215.843, 140
Trd, 4319216.543, 140
Trd, 4319217.293, 139
Trd, 4319218.993, 140
Trd, 4319219.893, 140
Trd, 4319220.243, 140
Trd, 4319221.543, 140
Trd, 4319222.193, 140
Trd, 4319222.343, 140
Trd, 4319222.393, 132
Trd, 4319222.443, 85
Trd, 4319224.143, 140
Trd, 4319224.493, 140
Trd, 4319226.543, 140
Trd, 4319226.693, 140
Trd, 4319227.843, 140
Trd, 4319228.393, 140
Trd, 4319228.643, 97
Trd, 4319229.493, 92
Trd, 4319231.243, 140
Trd, 4319232.693, 139
Trd, 4319232.893, 138
Trd, 4319232.993, 137
Trd, 4319233.393, 135
Trd, 4319234.043, 139
Trd, 4319234.693, 139
Trd, 4319234.843, 123
Trd, 4319235.793, 112
Trd, 4319236.543, 133
Trd, 4319237.793, 140
Trd, 4319238.343, 139
Trd, 4319238.893, 124
Trd, 4319238.993, 108
Trd, 4319239.293, 140
Trd, 4319239.893, 139
Trd, 4319240.593, 60
Trd, 4319242.243, 99
Trd, 4319243.043, 98
Trd, 4319244.193, 138
Trd, 4319244.393, 137
Trd, 4319244.443, 139
Trd, 4319244.593, 84
Trd, 4319244.893, 60
Trd, 4319245.793, 60
Trd, 4319246.193, 61
Trd, 4319247.093, 60
Trd, 4319247.443, 63
Trd, 4319248.843, 60
Trd, 4319249.343, 66
Trd, 4319249.693, 60
Trd, 4319250.793, 62
Trd, 4319250.893, 65
Trd, 4319251.643, 140
Trd, 4319252.893, 140
Trd, 4319253.393, 132
Trd, 4319254.593, 107
Trd, 4319254.943, 134
Trd, 4319255.043, 133
Trd, 4319257.143, 140
Trd, 4319257.193, 140
Trd, 4319258.543, 140
Trd, 4319258.693, 140
Trd, 4319259.143, 140
Trd, 4319260.393, 137
Trd, 4319261.043, 140
Trd, 4319261.143, 132
Trd, 4319261.843, 140
Trd, 4319263.193, 128
Trd, 4319263.643, 134
Trd, 4319264.493, 140
Trd, 4319264.643, 140
Trd, 4319264.943, 140
Trd, 4319265.943, 140
Trd, 4319266.343, 139
Trd, 4319266.893, 139
Trd, 4319268.743, 140
Trd, 4319269.593, 139
Trd, 4319271.043, 140
Trd, 4319271.643, 140
Trd, 4319272.543, 140
Trd, 4319272.993, 139
Trd, 4319273.793, 114
Trd, 4319275.093, 140
Trd, 4319275.943, 139
Trd, 4319276.393, 138
Trd, 4319276.693, 139
Trd, 4319277.393, 140
Trd, 4319278.143, 140
Trd, 4319278.693, 105
Trd, 4319279.893, 140
Trd, 4319280.793, 112
Trd, 4319281.493, 140
Trd, 4319282.093, 140
Trd, 4319283.643, 140
Trd, 4319284.293, 139
Trd, 4319285.093, 95
Trd, 4319285.643, 138
Trd, 4319285.893, 140
Trd, 4319286.093, 140
Trd, 4319286.493, 113
Trd, 4319287.193, 136
Trd, 4319287.443, 103
Trd, 4319287.843, 60
Trd, 4319288.593, 124
Trd, 4319288.943, 119
Trd, 4319289.393, 107
Trd, 4319292.143, 140
Trd, 4319293.093, 139
Trd, 4319293.543, 135
Trd, 4319293.793, 134
Trd, 4319295.843, 140
Trd, 4319296.193, 140
Trd, 4319296.343, 125
Trd, 4319296.743, 138
Trd, 4319296.993, 124
Trd, 4319297.993, 139
Trd, 4319298.843, 140
Trd, 4319300.343, 140
Trd, 4319300.643, 137
Trd, 4319300.943, 100
Trd, 4319301.593, 94
Trd, 4319301.793, 125
Trd, 4319303.043, 140
Trd, 4319304.393, 140
Trd, 4319304.993, 140
Trd, 4319305.343, 140
Trd, 4319306.893, 139
Trd, 4319307.843, 140
Trd, 4319308.043, 140
Trd, 4319308.993, 140
Trd, 4319309.393, 138
Trd, 4319309.743, 92
Trd, 4319310.343, 131
Trd, 4319310.643, 126
Trd, 4319311.293, 133
Trd, 4319313.643, 140
Trd, 4319313.793, 140
Trd, 4319314.793, 140
Trd, 4319315.393, 140
Trd, 4319316.693, 140
Trd, 4319317.343, 140
Trd, 4319317.893, 140
Trd, 4319319.843, 140
Trd, 4319320.443, 140
Trd, 4319321.793, 140
Trd, 4319322.443, 140
Trd, 4319322.493, 138
Trd, 4319322.993, 138
Trd, 4319323.043, 137
Trd, 4319323.643, 140
Trd, 4319324.443, 140
Trd, 4319324.943, 140
Trd, 4319325.793, 140
Trd, 4319326.143, 135
Trd, 4319326.693, 137
Trd, 4319329.243, 140
Trd, 4319329.643, 140
Trd, 4319330.193, 140
Trd, 4319330.793, 139
Trd, 4319331.143, 132
Trd, 4319331.643, 121
Trd, 4319332.243, 60
Trd, 4319332.643, 60
Trd, 4319333.043, 60
Trd, 4319333.443, 60
Trd, 4319334.793, 60
Trd, 4319335.893, 60
Trd, 4319335.943, 63
Trd, 4319336.543, 66
Trd, 4319337.143, 61
Trd, 4319337.193, 62
Trd, 4319337.393, 60
Trd, 4319338.343, 140
Trd, 4319338.393, 82
Trd, 4319340.343, 139
Trd, 4319340.543, 139
Trd, 4319341.393, 140
Trd, 4319342.043, 138
Trd, 4319342.743, 124
Trd, 4319342.793, 123
Trd, 4319343.243, 62
Trd, 4319345.243, 138
Trd, 4319345.343, 135
Trd, 4319345.643, 134
Trd, 4319346.393, 139
Trd, 4319346.443, 123
Trd, 4319347.793, 138
Trd, 4319347.943, 140
Trd, 4319349.543, 140
Trd, 4319349.593, 140
Trd, 4319349.693, 140
Trd, 4319350.343, 140
Trd, 4319351.243, 139
Trd, 4319352.393, 139
Trd, 4319353.093, 140
Trd, 4319353.943, 140
Trd, 4319354.043, 140
Trd, 4319354.343, 115
Trd, 4319354.493, 105
Trd, 4319354.993, 140
Trd, 4319356.843, 140
Trd, 4319357.743, 140
Trd, 4319358.243, 139
Trd, 4319359.593, 140
Trd, 4319360.443, 138
Trd, 4319360.893, 136
Trd, 4319360.943, 119
Trd, 4319362.343, 140
Trd, 4319362.793, 133
Trd, 4319363.443, 140
Trd, 4319363.493, 127
Trd, 4319364.743, 140
Trd, 4319365.143, 140
Trd, 4319365.843, 140
Trd, 4319366.343, 140
Trd, 4319366.543, 140
Trd, 4319367.143, 140
Trd, 4319369.893, 140
Trd, 4319370.243, 140
Trd, 4319370.343, 140
Trd, 4319370.643, 139
Trd, 4319371.643, 140
Trd, 4319372.093, 140
Trd, 4319372.893, 140
Trd, 4319373.543, 140
Trd, 4319374.593, 140
Trd, 4319375.643, 140
Trd, 4319376.393, 140
Trd, 4319377.293, 140
Trd, 4319378.143, 140
Trd, 4319378.543, 139
Trd, 4319378.843, 140
Trd, 4319378.993, 139
Trd, 4319380.593, 140
Trd, 4319380.893, 138
Trd, 4319381.093, 130
Trd, 4319381.643, 97
Trd, 4319384.643, 140
Trd, 4319386.693, 140
Trd, 4319386.743, 140
Trd, 4319386.993, 140
Trd, 4319387.043, 137
Trd, 4319388.443, 134
Trd, 4319388.843, 134
Trd, 4319389.043, 133
Trd, 4319389.543, 124
Trd, 4319391.143, 140
Trd, 4319391.843, 140
Trd, 4319392.893, 140
Trd, 4319393.193, 140
Trd, 4319393.593, 139
Trd, 4319393.893, 136
Trd, 4319394.093, 120
Trd, 4319394.793, 140
Trd, 4319395.643, 138
Trd, 4319396.843, 134
Trd, 4319397.543, 136
Trd, 4319397.943, 123
Trd, 4319398.343, 120
Trd, 4319398.543, 140
Trd, 4319399.443, 140
Trd, 4319399.593, 140
Trd, 4319400.343, 140
Trd, 4319400.393, 87
Trd, 4319400.843, 60
Trd, 4319401.293, 60
Trd, 4319401.543, 65
Trd, 4319402.293, 123
Trd, 4319403.293, 62
Trd, 4319404.893, 140
Trd, 4319405.143, 140
Trd, 4319405.393, 140
Trd, 4319405.593, 140
Trd, 4319406.743, 140
Trd, 4319407.993, 139
Trd, 4319408.543, 139
Trd, 4319408.743, 138
Trd, 4319409.343, 137
Trd, 4319410.143, 135
Trd, 4319411.043, 139
Trd, 4319411.793, 123
Trd, 4319411.943, 121
Trd, 4319412.493, 140
Trd, 4319412.643, 138
Trd, 4319413.493, 140
Trd, 4319414.243, 140
Trd, 4319415.243, 138
Trd, 4319416.543, 140
Trd, 4319416.643, 140
Trd, 4319417.393, 130
Trd, 4319418.243, 131
Trd, 4319418.693, 127
Trd, 4319419.843, 140
Trd, 4319420.193, 140
Trd, 4319421.043, 140
Trd, 4319421.893, 62
Trd, 4319423.093, 140
Trd, 4319423.493, 139
Trd, 4319424.343, 140
Trd, 4319424.543, 140
Trd, 4319425.193, 139
Trd, 4319425.743, 116
Trd, 4319426.593, 140
Trd, 4319427.193, 139
Trd, 4319428.443, 140
Trd, 4319429.143, 140
Trd, 4319429.243, 140
Trd, 4319429.593, 140
Trd, 4319430.493, 139
Trd, 4319430.843, 138
Trd, 4319431.993, 140
Trd, 4319432.293, 140
Trd, 4319432.593, 137
Trd, 4319432.643, 77
Trd, 4319433.043, 118
Trd, 4319433.093, 140
Trd, 4319435.743, 133
Trd, 4319436.143, 60
Trd, 4319437.043, 69
Trd, 4319437.443, 60
Trd, 4319437.643, 61
Trd, 4319438.893, 60
Trd, 4319439.693, 62
Trd, 4319439.943, 61
Trd, 4319440.393, 60
Trd, 4319441.743, 140
Trd, 4319442.343, 140
Trd, 4319443.443, 140
Trd, 4319443.993, 140
Trd, 4319444.893, 140
Trd, 4319445.093, 140
Trd, 4319445.193, 94
Trd, 4319445.743, 136
Trd, 4319445.843, 137
Trd, 4319446.293, 140
Trd, 4319446.743, 140
Trd, 4319447.593, 81
Trd, 4319449.343, 140
Trd, 4319449.793, 140
Trd, 4319450.243, 140
Trd, 4319451.443, 140
Trd, 4319451.743, 136
Trd, 4319452.343, 140
Trd, 4319453.393, 140
Trd, 4319453.743, 140
Trd, 4319454.143, 138
Trd, 4319455.593, 103
Trd, 4319455.793, 63
Trd, 4319457.343, 140
Trd, 4319457.843, 140
Trd, 4319458.793, 139
Trd, 4319459.393, 137
Trd, 4319459.543, 130
Trd, 4319460.443, 140
Trd, 4319461.743, 129
Trd, 4319462.293, 108
Trd, 4319462.393, 98
Trd, 4319464.143, 140
Trd, 4319464.543, 140
Trd, 4319464.943, 140
Trd, 4319466.943, 139
Trd, 4319467.193, 139
Trd, 4319467.543, 140
Trd, 4319467.843, 139
Trd, 4319468.593, 140
Trd, 4319469.543, 140
Trd, 4319470.143, 139
Trd, 4319470.243, 135
Trd, 4319470.693, 125
Trd, 4319470.843, 103
Trd, 4319471.843, 137
Trd, 4319472.743, 75
Trd, 4319473.043, 140
Trd, 4319473.743, 140
Trd, 4319474.743, 113
Trd, 4319475.793, 140
Trd, 4319476.393, 140
Trd, 4319478.543, 139
Trd, 4319478.843, 138
Trd, 4319479.093, 140
Trd, 4319479.193, 139
Trd, 4319479.993, 140
Trd, 4319480.693, 140
Trd, 4319481.643, 140
Trd, 4319483.193, 140
Trd, 4319484.093, 139
Trd, 4319484.243, 133
Trd, 4319484.793, 107
Trd, 4319484.943, 105
Trd, 4319485.393, 139
Trd, 4319485.593, 66
Trd, 4319486.093, 63
Trd, 4319486.593, 60
Trd, 4319487.193, 60
Trd, 4319487.693, 60
Trd, 4319488.093, 64
Trd, 4319489.443, 60
Trd, 4319489.643, 61
Trd, 4319490.893, 60
Trd, 4319491.493, 60
Trd, 4319492.793, 61
Trd, 4319492.993, 62
Trd, 4319493.243, 65
Trd, 4319494.793, 62
Trd, 4319494.993, 62
Trd, 4319495.643, 62
Trd, 4319496.343, 62
Trd, 4319496.393, 64
Trd, 4319497.093, 72
Trd, 4319497.343, 82
Trd, 4319497.693, 67
Trd, 4319498.893, 138
Trd, 4319499.593, 139
Trd, 4319501.093, 137
Trd, 4319501.493, 139
Trd, 4319502.143, 138
Trd, 4319502.643, 137
Trd, 4319502.893, 116
Trd, 4319503.843, 136
Trd, 4319503.943, 133
Trd, 4319505.493, 140
Trd, 4319506.093, 140
Trd, 4319506.643, 140
Trd, 4319506.793, 140
Trd, 4319507.043, 135
Trd, 4319507.243, 74
Trd, 4319507.943, 139
Trd, 4319509.293, 140
Trd, 4319510.343, 140
Trd, 4319510.493, 138
Trd, 4319512.543, 140
Trd, 4319512.693, 140
Trd, 4319513.293, 140
Trd, 4319514.043, 140
Trd, 4319514.543, 140
Trd, 4319514.643, 137
Trd, 4319515.043, 88
Trd, 4319516.543, 140
Trd, 4319518.143, 140
Trd, 4319518.393, 138
Trd, 4319520.093, 140
Trd, 4319520.193, 140
Trd, 4319521.043, 139
Trd, 4319521.293, 133
Trd, 4319522.543, 140
Trd, 4319523.143, 140
Trd, 4319523.193, 140
Trd, 4319524.643, 140
Trd, 4319526.643, 140
Trd, 4319527.493, 139
Trd, 4319528.043, 137
Trd, 4319528.193, 132
Trd, 4319530.343, 140
Trd, 4319530.943, 140
Trd, 4319531.143, 136
Trd, 4319531.243, 105
Trd, 4319531.743, 140
Trd, 4319531.993, 139
Trd, 4319532.843, 140
Trd, 4319533.143, 103
Trd, 4319534.843, 140
Trd, 4319535.493, 139
Trd, 4319536.243, 138
Trd, 4319537.143, 140
Trd, 4319537.893, 140
Trd, 4319537.993, 139
Trd, 4319539.143, 137
Trd, 4319540.443, 140
Trd, 4319541.743, 139
Trd, 4319541.793, 137
Trd, 4319542.443, 138
Trd, 4319543.493, 137
Trd, 4319543.843, 125
Trd, 4319545.393, 137
Trd, 4319546.343, 131
Trd, 4319546.593, 129
Trd, 4319547.143, 140
Trd, 4319547.793, 140
Trd, 4319548.443, 140
Trd, 4319548.993, 140
Trd, 4319549.543, 138
Trd, 4319550.593, 138
Trd, 4319551.193, 119
Trd, 4319552.193, 140
Trd, 4319552.893, 140
Trd, 4319553.393, 140
Trd, 4319554.743, 140
Trd, 4319556.543, 140
Trd, 4319556.743, 140
Trd, 4319557.093, 140
Trd, 4319557.193, 140
Trd, 4319557.243, 138
Trd, 4319558.343, 140
Trd, 4319558.393, 137
Trd, 4319559.443, 140
Trd, 4319560.493, 139
Trd, 4319560.893, 138
Trd, 4319561.393, 128
Trd, 4319562.343, 119
Trd, 4319563.443, 140
Trd, 4319564.943, 140
Trd, 4319565.093, 140
Trd, 4319565.743, 140
Trd, 4319566.493, 140
Trd, 4319567.093, 140
Trd, 4319567.643, 140
Trd, 4319568.243, 139
Trd, 4319570.143, 140
Trd, 4319570.543, 140
Trd, 4319570.993, 140
Trd, 4319571.143, 140
Trd, 4319572.293, 140
Trd, 4319573.543, 138
Trd, 4319573.943, 137
Trd, 4319573.993, 133
Trd, 4319575.393, 140
Trd, 4319576.243, 140
Trd, 4319577.643, 140
Trd, 4319577.843, 140
Trd, 4319578.343, 134
Trd, 4319578.543, 133
Trd, 4319579.443, 140
Trd, 4319581.893, 140
Trd, 4319582.243, 137
Trd, 4319582.343, 136
Trd, 4319582.643, 129
Trd, 4319583.043, 140
Trd, 4319586.243, 140
Trd, 4319587.343, 140
Trd, 4319587.393, 140
Trd, 4319587.493, 140
Trd, 4319587.643, 140
Trd, 4319588.093, 140
Trd, 4319588.443, 111
Trd, 4319589.293, 139
Trd, 4319590.243, 140
Trd, 4319591.743, 140
Trd, 4319592.343, 140
Trd, 4319592.543, 140
Trd, 4319592.993, 140
Trd, 4319594.743, 140
Trd, 4319596.143, 140
Trd, 4319596.343, 140
Trd, 4319596.593, 131
Trd, 4319597.093, 137
Trd, 4319597.393, 136
Trd, 4319597.493, 79
Trd, 4319598.493, 140
Trd, 4319598.643, 132
Trd, 4319599.543, 140
Trd, 4319599.943, 134
Trd, 4319600.693, 140
Trd, 4319600.843, 140
Trd, 4319603.343, 140
Trd, 4319603.443, 140
Trd, 4319604.093, 140
Trd, 4319604.843, 140
Trd, 4319605.293, 140
Trd, 4319606.443, 139
Trd, 4319606.793, 139
Trd, 4319607.693, 140
Trd, 4319609.143, 140
Trd, 4319609.393, 140
Trd, 4319609.993, 140
Trd, 4319610.343, 140
Trd, 4319611.593, 138
Trd, 4319611.643, 137
Trd, 4319612.843, 134
Trd, 4319614.193, 140
Trd, 4319615.093, 140
Trd, 4319615.593, 140
Trd, 4319616.393, 140
Trd, 4319617.243, 140
Trd, 4319617.393, 140
Trd, 4319618.243, 138
Trd, 4319618.693, 121
Trd, 4319620.693, 139
Trd, 4319620.743, 131
Trd, 4319621.193, 137
Trd, 4319622.043, 62
Trd, 4319622.893, 73
Trd, 4319623.043, 75
Trd, 4319623.943, 140
Trd, 4319626.093, 140
Trd, 4319626.293, 140
Trd, 4319626.343, 140
Trd, 4319627.293, 140
Trd, 4319627.943, 140
Trd, 4319628.193, 138
Trd, 4319628.543, 132
Trd, 4319628.793, 135
Trd, 4319629.593, 140
Trd, 4319630.393, 140
Trd, 4319631.043, 140
Trd, 4319632.093, 140
Trd, 4319633.493, 140
Trd, 4319633.893, 140
Trd, 4319634.693, 140
Trd, 4319634.893, 138
Trd, 4319635.543, 116
Trd, 4319636.093, 140
Trd, 4319636.243, 137
Trd, 4319638.793, 139
Trd, 4319639.043, 139
Trd, 4319639.643, 138
Trd, 4319641.093, 140
Trd, 4319641.343, 140
Trd, 4319641.893, 140
Trd, 4319642.393, 140
Trd, 4319642.593, 132
Trd, 4319643.743, 60
Trd, 4319644.443, 68
Trd, 4319645.643, 60
Trd, 4319646.193, 60
Trd, 4319647.493, 60
Trd, 4319647.693, 61
Trd, 4319647.843, 62
Trd, 4319647.943, 64
Trd, 4319648.343, 131
Trd, 4319649.393, 129
Trd, 4319649.843, 64
Trd, 4319650.393, 139
Trd, 4319651.393, 140
Trd, 4319652.093, 140
Trd, 4319653.343, 140
Trd, 4319653.393, 138
Trd, 4319654.343, 60
Trd, 4319654.393, 71
Trd, 4319655.593, 139
Trd, 4319655.943, 102
Trd, 4319656.093, 140
Trd, 4319657.243, 140
Trd, 4319658.193, 140
Trd, 4319659.243, 140
Trd, 4319659.593, 140
Trd, 4319659.893, 137
Trd, 4319660.543, 128
Trd, 4319661.343, 140
Trd, 4319661.943, 61
Trd, 4319663.343, 139
Trd, 4319663.493, 138
Trd, 4319664.893, 139
Trd, 4319665.393, 138
Trd, 4319665.793, 140
Trd, 4319667.243, 140
Trd, 4319668.393, 140
Trd, 4319668.643, 140
Trd, 4319669.593, 140
Trd, 4319669.993, 140
Trd, 4319671.243, 140
Trd, 4319671.493, 140
Trd, 4319671.843, 140
Trd, 4319672.043, 130
Trd, 4319672.543, 130
Trd, 4319672.943, 140
Trd, 4319673.093, 140
Trd, 4319673.443, 140
Trd, 4319673.743, 105
Trd, 4319675.643, 139
Trd, 4319676.593, 140
Trd, 4319676.893, 134
Trd, 4319678.893, 140
Trd, 4319679.143, 140
Trd, 4319679.593, 136
Trd, 4319679.693, 77
Trd, 4319680.993, 140
Trd, 4319681.993, 140
Trd, 4319682.343, 140
Trd, 4319682.393, 140
Trd, 4319683.443, 139
Trd, 4319684.693, 138
Trd, 4319685.493, 137
Trd, 4319685.743, 139
Trd, 4319685.793, 136
Trd, 4319686.993, 140
Trd, 4319687.143, 124
Trd, 4319687.443, 123
Trd, 4319688.343, 140
Trd, 4319689.893, 120
Trd, 4319690.693, 113
Trd, 4319690.893, 112
Trd, 4319691.193, 67
Trd, 4319691.843, 138
Trd, 4319692.993, 140
Trd, 4319694.443, 140
Trd, 4319694.493, 140
Trd, 4319694.943, 140
Trd, 4319695.893, 140
Trd, 4319696.443, 140
Trd, 4319696.693, 139
Trd, 4319697.793, 140
Trd, 4319698.593, 106
Trd, 4319698.893, 71
Trd, 4319700.943, 140
Trd, 4319701.143, 140
Trd, 4319701.593, 140
Trd, 4319701.793, 73
Trd, 4319702.543, 140
Trd, 4319703.243, 137
Trd, 4319703.443, 118
Trd, 4319703.693, 77
Trd, 4319705.093, 140
Trd, 4319705.543, 70
Trd, 4319706.343, 64
Trd, 4319706.443, 65
Trd, 4319707.393, 62
Trd, 4319707.643, 73
Trd, 4319709.093, 137
Trd, 4319710.093, 139
Trd, 4319710.643, 140
Trd, 4319710.893, 140
Trd, 4319711.193, 140
Trd, 4319711.393, 128
Trd, 4319713.543, 140
Trd, 4319713.693, 140
Trd, 4319714.893, 140
Trd, 4319715.393, 140
Trd, 4319715.693, 140
Trd, 4319716.593, 140
Trd, 4319717.243, 139
Trd, 4319717.893, 112
Trd, 4319717.943, 97
Trd, 4319718.443, 140
Trd, 4319720.393, 140
Trd, 4319721.243, 140
Trd, 4319721.543, 140
Trd, 4319721.593, 140
Trd, 4319721.693, 131
Trd, 4319722.093, 128
Trd, 4319723.993, 73
Trd, 4319725.093, 60
Trd, 4319725.343, 60
Trd, 4319725.693, 67
Trd, 4319726.493, 102
Trd, 4319726.943, 63
Trd, 4319728.193, 61
Trd, 4319728.993, 60
Trd, 4319729.293, 61
Trd, 4319730.693, 60
Trd, 4319730.893, 63
Trd, 4319731.293, 60
Trd, 4319731.443, 63
Trd, 4319731.643, 66
Trd, 4319732.743, 71
Trd, 4319733.593, 117
Trd, 4319733.843, 109
Trd, 4319734.643, 140
Trd, 4319735.493, 140
Trd, 4319735.543, 96
Trd, 4319737.793, 140
Trd, 4319739.443, 140
Trd, 4319739.593, 140
Trd, 4319740.343, 140
Trd, 4319740.893, 140
Trd, 4319740.943, 139
Trd, 4319741.093, 137
Trd, 4319741.943, 140
Trd, 4319742.143, 139
Trd, 4319743.693, 139
Trd, 4319744.893, 65
Trd, 4319745.193, 129
Trd, 4319745.293, 131
Trd, 4319745.543, 112
Trd, 4319745.793, 79
Trd, 4319746.493, 138
Trd, 4319747.543, 140
Trd, 4319747.693, 140
Trd, 4319748.643, 139
Trd, 4319748.893, 126
Trd, 4319750.793, 140
Trd, 4319750.943, 140
Trd, 4319752.893, 140
Trd, 4319752.943, 140
Trd, 4319752.993, 100
Trd, 4319753.343, 62
Trd, 4319754.393, 140
Trd, 4319755.943, 140
Trd, 4319755.993, 140
Trd, 4319756.693, 140
Trd, 4319757.193, 140
Trd, 4319757.643, 138
Trd, 4319758.293, 135
Trd, 4319758.743, 140
Trd, 4319759.543, 66
Trd, 4319759.693, 67
Trd, 4319762.193, 140
Trd, 4319762.243, 140
Trd, 4319762.943, 140
Trd, 4319765.293, 140
Trd, 4319765.343, 140
Trd, 4319765.843, 140
Trd, 4319766.143, 140
Trd, 4319767.093, 140
Trd, 4319767.243, 132
Trd, 4319768.193, 122
Trd, 4319769.093, 138
Trd, 4319769.443, 140
Trd, 4319770.393, 140
Trd, 4319770.743, 79
Trd, 4319770.943, 136
Trd, 4319772.043, 140
Trd, 4319772.293, 140
Trd, 4319773.643, 140
Trd, 4319774.143, 140
Trd, 4319774.943, 138
Trd, 4319775.593, 139
Trd, 4319776.343, 124
Trd, 4319777.593, 117
Trd, 4319777.693, 60
Trd, 4319778.543, 140
Trd, 4319779.193, 139
Trd, 4319779.243, 137
Trd, 4319781.243, 140
Trd, 4319781.843, 140
Trd, 4319782.593, 140
Trd, 4319783.643, 140
Trd, 4319784.843, 140
Trd, 4319784.893, 139
Trd, 4319785.043, 139
Trd, 4319785.343, 137
Trd, 4319785.843, 110
Trd, 4319787.393, 140
Trd, 4319787.893, 140
Trd, 4319788.893, 138
Trd, 4319789.493, 137
Trd, 4319790.443, 139
Trd, 4319791.093, 139
Trd, 4319791.693, 99
Trd, 4319792.393, 86
Trd, 4319793.043, 139
Trd, 4319793.643, 73
Trd, 4319794.643, 140
Trd, 4319796.093, 140
Trd, 4319796.343, 137
Trd, 4319796.593, 136
Trd, 4319797.343, 140
Trd, 4319799.193, 138
Trd, 4319799.943, 139
Trd, 4319800.893, 140
Trd, 4319801.693, 140
Trd, 4319802.343, 140
Trd, 4319802.443, 140
Trd, 4319803.393, 140
Trd, 4319804.793, 140
Trd, 4319804.943, 137
Trd, 4319805.443, 132
Trd, 4319805.743, 140
Trd, 4319805.943, 119
Trd, 4319806.993, 95
Trd, 4319807.593, 139
Trd, 4319808.043, 140
Trd, 4319808.793, 138
Trd, 4319809.243, 140
Trd, 4319809.743, 139
Trd, 4319810.743, 139
Trd, 4319811.843, 139
Trd, 4319812.193, 135
Trd, 4319812.643, 139
Trd, 4319814.193, 140
Trd, 4319814.693, 137
Trd, 4319814.793, 136
Trd, 4319815.193, 130
Trd, 4319816.093, 62
Trd, 4319816.743, 71
Trd, 4319817.793, 140
Trd, 4319818.843, 139
Trd, 4319820.093, 140
Trd, 4319820.443, 140
Trd, 4319820.893, 140
Trd, 4319820.943, 140
Trd, 4319821.943, 138
Trd, 4319823.193, 140
Trd, 4319823.443, 140
Trd, 4319823.843, 140
Trd, 4319824.843, 140
Trd, 4319825.393, 140
Trd, 4319826.043, 140
Trd, 4319826.243, 88
Trd, 4319826.943, 126
Trd, 4319827.643, 137
Trd, 4319827.743, 90
Trd, 4319827.943, 69
Trd, 4319829.693, 140
Trd, 4319829.993, 139
Trd, 4319830.393, 140
Trd, 4319831.043, 140
Trd, 4319831.943, 140
Trd, 4319832.893, 140
Trd, 4319833.843, 139
Trd, 4319834.193, 79
Trd, 4319835.043, 140
Trd, 4319835.393, 139
Trd, 4319835.743, 131
Trd, 4319836.793, 136
Trd, 4319837.843, 140
Trd, 4319838.543, 138
Trd, 4319839.293, 99
Trd, 4319839.543, 136
Trd, 4319840.193, 66
Trd, 4319841.093, 140
Trd, 4319842.993, 140
Trd, 4319843.393, 140
Trd, 4319843.443, 140
Trd, 4319843.993, 140
Trd, 4319844.493, 139
Trd, 4319844.743, 140
Trd, 4319844.843, 107
Trd, 4319846.293, 140
Trd, 4319846.543, 139
Trd, 4319848.893, 140
Trd, 4319849.543, 140
Trd, 4319849.643, 140
Trd, 4319850.293, 140
Trd, 4319851.193, 139
Trd, 4319852.193, 140
Trd, 4319852.743, 137
Trd, 4319852.793, 135
Trd, 4319853.293, 140
Trd, 4319853.593, 103
Trd, 4319855.143, 137
Trd, 4319855.193, 136
Trd, 4319855.493, 140
Trd, 4319855.893, 123
Trd, 4319856.093, 65
Trd, 4319857.293, 127
Trd, 4319857.643, 132
Trd, 4319857.793, 126
Trd, 4319857.943, 133
Trd, 4319858.493, 140
Trd, 4319859.843, 140
Trd, 4319859.993, 140
Trd, 4319861.693, 140
Trd, 4319862.443, 140
Trd, 4319862.543, 140
Trd, 4319862.993, 126
Trd, 4319863.493, 139
Trd, 4319864.993, 140
Trd, 4319865.893, 139
Trd, 4319866.993, 140
Trd, 4319868.593, 139
Trd, 4319869.393, 140
Trd, 4319869.793, 140
Trd, 4319870.543, 140
Trd, 4319870.893, 104
Trd, 4319871.793, 140
Trd, 4319872.493, 140
Trd, 4319873.293, 140
Trd, 4319873.493, 139
Trd, 4319875.143, 140
Trd, 4319876.143, 140
Trd, 4319876.243, 140
Trd, 4319877.393, 140
Trd, 4319877.493, 137
Trd, 4319878.543, 139
Trd, 4319878.793, 140
Trd, 4319879.693, 139
Trd, 4319879.993, 61
Trd, 4319881.193, 140
Trd, 4319881.393, 139
Trd, 4319881.693, 61
Trd, 4319881.793, 63
Trd, 4319882.243, 138
Trd, 4319882.943, 60
Trd, 4319883.393, 60
Trd, 4319884.093, 60
Trd, 4319885.243, 60
Trd, 4319885.543, 60
Trd, 4319885.993, 66
Trd, 4319886.293, 67
Trd, 4319887.143, 60
Trd, 4319887.993, 60
Trd, 4319888.543, 60
Trd, 4319889.493, 62
Trd, 4319890.093, 62
Trd, 4319890.443, 63
Trd, 4319891.093, 73
Trd, 4319891.843, 140
Trd, 4319892.393, 139
Trd, 4319892.893, 126
Trd, 4319893.243, 99
Trd, 4319894.343, 67
Trd, 4319894.493, 136
Trd, 4319894.893, 140
Trd, 4319895.943, 139
Trd, 4319896.893, 114
Trd, 4319897.493, 139
Trd, 4319897.943, 137
Trd, 4319897.993, 113
Trd, 4319899.143, 63
Trd, 4319900.893, 140
Trd, 4319901.143, 139
Trd, 4319902.143, 139
Trd, 4319902.743, 130
Trd, 4319902.843, 129
Trd, 4319903.043, 140
Trd, 4319903.693, 140
Trd, 4319904.943, 140
Trd, 4319905.643, 135
Trd, 4319905.893, 140
Trd, 4319906.993, 137
Trd, 4319907.493, 140
Trd, 4319908.293, 139
Trd, 4319910.343, 134
Trd, 4319910.943, 140
Trd, 4319912.043, 140
Trd, 4319912.443, 140
Trd, 4319913.493, 140
Trd, 4319913.993, 140
Trd, 4319914.493, 140
Trd, 4319915.643, 140
Trd, 4319916.093, 140
Trd, 4319917.343, 140
Trd, 4319918.293, 140
Trd, 4319918.743, 140
Trd, 4319919.093, 140
Trd, 4319919.593, 140
Trd, 4319920.243, 85
Trd, 4319920.443, 83
Trd, 4319920.943, 98
Trd, 4319921.493, 140
Trd, 4319922.893, 138
Trd, 4319923.493, 138
Trd, 4319924.093, 140
Trd, 4319924.343, 139
Trd, 4319924.843, 123
Trd, 4319925.843, 133
Trd, 4319926.193, 133
Trd, 4319927.493, 61
Trd, 4319928.243, 61
Trd, 4319928.443, 61
Trd, 4319929.043, 66
Trd, 4319929.293, 63
Trd, 4319929.843, 72
Trd, 4319931.193, 60
Trd, 4319931.693, 60
Trd, 4319931.993, 60
Trd, 4319932.393, 62
Trd, 4319933.443, 64
Trd, 4319933.643, 65
Trd, 4319934.243, 62
Trd, 4319934.543, 63
Trd, 4319936.343, 64
Trd, 4319936.493, 65
Trd, 4319936.893, 60
Trd, 4319936.993, 61
Trd, 4319937.793, 64
Trd, 4319938.193, 62
Trd, 4319938.293, 61
Trd, 4319939.293, 62
Trd, 4319939.543, 64
Trd, 4319941.193, 60
Trd, 4319941.243, 61
Trd, 4319941.843, 64
Trd, 4319942.043, 140
Trd, 4319943.043, 74
Trd, 4319943.643, 129
Trd, 4319945.443, 60
Trd, 4319946.043, 61
Trd, 4319946.093, 62
Trd, 4319946.193, 64
Trd, 4319947.743, 60
Trd, 4319948.143, 68
Trd, 4319948.743, 63
Trd, 4319949.143, 62
Trd, 4319949.793, 63
Trd, 4319949.943, 64
Trd, 4319950.943, 61
Trd, 4319951.693, 66
Trd, 4319952.543, 61
Trd, 4319953.543, 62
Trd, 4319954.643, 61
Trd, 4319954.743, 62
Trd, 4319954.993, 69
Trd, 4319955.093, 75
Trd, 4319956.243, 60
Trd, 4319956.443, 70
Trd, 4319957.093, 61
Trd, 4319957.393, 60
Trd, 4319958.443, 61
Trd, 4319959.343, 73
Trd, 4319959.493, 74
Trd, 4319960.893, 60
Trd, 4319960.943, 60
Trd, 4319961.093, 61
Trd, 4319961.293, 60
Trd, 4319963.393, 139
Trd, 4319964.393, 134
Trd, 4319964.993, 61
Trd, 4319965.043, 61
Trd, 4319965.643, 61
Trd, 4319966.293, 140
Trd, 4319966.843, 94
Trd, 4319966.943, 91
Trd, 4319968.143, 60
Trd, 4319968.593, 60
Trd, 4319969.593, 60
Trd, 4319969.693, 61
Trd, 4319969.793, 62
Trd, 4319971.693, 140
Trd, 4319972.093, 140
Trd, 4319973.143, 140
Trd, 4319974.193, 140
Trd, 4319974.993, 140
Trd, 4319975.693, 140
Trd, 4319975.943, 140
Trd, 4319976.543, 139
Trd, 4319976.943, 96
Trd, 4319977.293, 136
Trd, 4319977.543, 94
Trd, 4319978.643, 132
Trd, 4319980.443, 140
Trd, 4319981.193, 140
Trd, 4319982.493, 140
Trd, 4319982.543, 140
Trd, 4319983.293, 134
Trd, 4319983.443, 109
Trd, 4319985.393, 140
Trd, 4319985.493, 140
Trd, 4319985.593, 140
Trd, 4319985.843, 113
Trd, 4319986.743, 140
Trd, 4319986.893, 139
Trd, 4319988.143, 137
Trd, 4319988.893, 117
Trd, 4319989.493, 140
Trd, 4319990.393, 140
Trd, 4319990.993, 140
Trd, 4319991.843, 140
Trd, 4319991.893, 138
Trd, 4319992.043, 133
Trd, 4319992.243, 86
Trd, 4319992.943, 140
Trd, 4319994.793, 140
Trd, 4319995.243, 140
Trd, 4319995.943, 140
Trd, 4319997.793, 140
Trd, 4319998.343, 140
Trd, 4319998.593, 140
Trd, 4319998.743, 136
Trd, 4319999.743, 139
