Trd, 4318177.743, 65
Trd, 4318178.893, 63
Trd, 4318179.843, 64
Trd, 4318179.893, 80
Trd, 4318182.043, 67
Trd, 4318182.193, 74
Trd, 4318182.493, 60
Trd, 4318183.593, 105
Trd, 4318183.743, 66
Trd, 4318184.343, 63
Trd, 4318184.593, 65
Trd, 4318185.643, 94
Trd, 4318186.293, 94
Trd, 4318188.043, 126
Trd, 4318188.393, 124
Trd, 4318188.493, 120
Trd, 4318188.543, 116
Trd, 4318189.043, 140
Trd, 4318189.293, 139
Trd, 4318190.193, 75
Trd, 4318191.043, 63
Trd, 4318191.243, 66
Trd, 4318192.543, 79
Trd, 4318192.693, 96
Trd, 4318192.893, 86
Trd, 4318193.643, 81
Trd, 4318194.943, 131
Trd, 4318195.093, 101
Trd, 4318195.293, 68
Trd, 4318196.393, 86
Trd, 4318197.343, 64
Trd, 4318198.193, 117
Trd, 4318198.293, 75
Trd, 4318198.343, 74
Trd, 4318198.943, 64
Trd, 4318199.843, 131
Trd, 4318200.393, 98
Trd, 4318201.243, 102
Trd, 4318201.593, 75
Trd, 4318202.393, 89
Trd, 4318203.493, 62
Trd, 4318203.843, 64
Trd, 4318203.993, 75
Trd, 4318204.593, 63
Trd, 4318204.893, 64
Trd, 4318206.693, 72
Trd, 4318207.693, 135
Trd, 4318208.343, 134
Trd, 4318208.843, 88
Trd, 4318208.993, 81
Trd, 4318209.893, 81
Trd, 4318210.543, 60
Trd, 4318210.743, 61
Trd, 4318210.943, 65
Trd, 4318211.143, 75
Trd, 4318211.993, 78
Trd, 4318212.743, 87
Trd, 4318212.893, 98
Trd, 4318214.643, 89
Trd, 4318214.993, 101
Trd, 4318215.143, 78
Trd, 4318215.743, 71
Trd, 4318216.043, 79
Trd, 4318217.043, 62
Trd, 4318217.793, 61
Trd, 4318219.543, 78
Trd, 4318219.643, 68
Trd, 4318220.793, 64
Trd, 4318222.593, 60
Trd, 4318223.293, 62
Trd, 4318224.193, 62
Trd, 4318224.243, 66
Trd, 4318224.543, 90
Trd, 4318225.643, 85
Trd, 4318226.243, 96
Trd, 4318226.893, 62
Trd, 4318227.443, 101
Trd, 4318227.543, 63
Trd, 4318228.493, 67
Trd, 4318229.143, 68
Trd, 4318229.193, 85
Trd, 4318229.543, 89
Trd, 4318231.193, 68
Trd, 4318232.193, 68
Trd, 4318232.643, 75
Trd, 4318233.793, 61
Trd, 4318234.243, 64
Trd, 4318235.293, 69
Trd, 4318235.543, 79
Trd, 4318236.143, 62
Trd, 4318236.943, 129
Trd, 4318238.293, 69
Trd, 4318239.343, 76
Trd, 4318239.993, 67
Trd, 4318240.493, 60
Trd, 4318241.243, 62
Trd, 4318241.693, 60
Trd, 4318242.243, 64
Trd, 4318243.893, 90
Trd, 4318244.293, 90
Trd, 4318245.243, 85
Trd, 4318245.843, 81
Trd, 4318246.443, 86
Trd, 4318247.293, 64
Trd, 4318248.043, 67
Trd, 4318248.293, 61
Trd, 4318248.443, 83
Trd, 4318249.393, 66
Trd, 4318250.343, 70
Trd, 4318250.543, 65
Trd, 4318250.943, 60
Trd, 4318252.393, 76
Trd, 4318253.343, 65
Trd, 4318253.793, 65
Trd, 4318254.843, 63
Trd, 4318256.093, 60
Trd, 4318256.493, 63
Trd, 4318257.343, 90
Trd, 4318258.243, 62
Trd, 4318259.743, 126
Trd, 4318259.793, 90
Trd, 4318259.993, 86
Trd, 4318260.393, 134
Trd, 4318260.793, 67
Trd, 4318261.493, 108
Trd, 4318262.093, 81
Trd, 4318262.443, 80
Trd, 4318262.993, 140
Trd, 4318263.993, 123
Trd, 4318264.093, 76
Trd, 4318265.293, 100
Trd, 4318265.843, 104
Trd, 4318265.893, 100
Trd, 4318266.143, 101
Trd, 4318266.743, 116
Trd, 4318267.443, 62
Trd, 4318267.943, 105
Trd, 4318268.043, 104
Trd, 4318268.443, 60
Trd, 4318268.943, 61
Trd, 4318269.393, 67
Trd, 4318269.843, 60
Trd, 4318271.293, 91
Trd, 4318273.343, 62
Trd, 4318273.593, 66
Trd, 4318274.743, 62
Trd, 4318275.343, 64
Trd, 4318275.643, 67
Trd, 4318275.743, 82
Trd, 4318276.093, 117
Trd, 4318276.343, 135
Trd, 4318277.543, 70
Trd, 4318279.193, 62
Trd, 4318280.693, 60
Trd, 4318280.943, 60
Trd, 4318281.693, 61
Trd, 4318281.943, 77
Trd, 4318282.993, 81
Trd, 4318284.943, 66
Trd, 4318285.443, 65
Trd, 4318285.593, 62
Trd, 4318285.843, 60
Trd, 4318286.393, 70
Trd, 4318286.643, 84
Trd, 4318287.743, 112
Trd, 4318288.243, 86
Trd, 4318288.843, 110
Trd, 4318288.893, 80
Trd, 4318289.343, 137
Trd, 4318289.543, 85
Trd, 4318290.143, 65
Trd, 4318291.443, 60
Trd, 4318292.043, 65
Trd, 4318292.243, 120
Trd, 4318293.543, 135
Trd, 4318293.643, 86
Trd, 4318293.993, 89
Trd, 4318294.343, 62
Trd, 4318295.443, 126
Trd, 4318295.493, 111
Trd, 4318296.343, 139
Trd, 4318296.693, 116
Trd, 4318297.093, 82
Trd, 4318297.893, 60
Trd, 4318299.293, 103
Trd, 4318300.343, 135
Trd, 4318300.543, 120
Trd, 4318301.643, 66
Trd, 4318302.043, 76
Trd, 4318303.893, 94
Trd, 4318304.293, 86
Trd, 4318304.743, 121
Trd, 4318305.193, 101
Trd, 4318305.393, 101
Trd, 4318306.593, 63
Trd, 4318306.693, 65
Trd, 4318307.093, 60
Trd, 4318307.843, 60
Trd, 4318307.993, 68
Trd, 4318309.143, 140
Trd, 4318309.543, 131
Trd, 4318309.843, 111
Trd, 4318312.493, 74
Trd, 4318312.643, 80
Trd, 4318312.993, 68
Trd, 4318313.193, 76
Trd, 4318314.143, 64
Trd, 4318314.443, 66
Trd, 4318314.543, 101
Trd, 4318315.043, 68
Trd, 4318315.193, 119
Trd, 4318315.793, 66
Trd, 4318316.043, 90
Trd, 4318316.293, 106
Trd, 4318316.943, 111
Trd, 4318317.893, 62
Trd, 4318318.393, 83
Trd, 4318320.543, 79
Trd, 4318321.143, 93
Trd, 4318321.293, 101
Trd, 4318321.793, 140
Trd, 4318321.843, 91
Trd, 4318321.943, 91
Trd, 4318323.043, 63
Trd, 4318324.893, 61
Trd, 4318325.043, 74
Trd, 4318325.443, 64
Trd, 4318325.643, 63
Trd, 4318326.443, 69
Trd, 4318328.143, 60
Trd, 4318329.493, 70
Trd, 4318329.543, 81
Trd, 4318330.143, 86
Trd, 4318330.393, 93
Trd, 4318331.193, 102
Trd, 4318331.543, 89
Trd, 4318332.943, 139
Trd, 4318333.143, 139
Trd, 4318333.843, 125
Trd, 4318334.243, 140
Trd, 4318335.443, 128
Trd, 4318335.943, 88
Trd, 4318336.093, 80
Trd, 4318336.243, 79
Trd, 4318336.693, 122
Trd, 4318338.343, 140
Trd, 4318338.793, 92
Trd, 4318339.943, 73
Trd, 4318341.893, 65
Trd, 4318342.693, 68
Trd, 4318343.443, 67
Trd, 4318344.043, 71
Trd, 4318344.793, 92
Trd, 4318344.893, 92
Trd, 4318344.943, 113
Trd, 4318345.243, 76
Trd, 4318345.443, 75
Trd, 4318345.693, 108
Trd, 4318346.493, 135
Trd, 4318347.393, 108
Trd, 4318347.443, 103
Trd, 4318348.493, 60
Trd, 4318348.793, 61
Trd, 4318349.793, 62
Trd, 4318350.443, 89
Trd, 4318352.243, 63
Trd, 4318352.443, 77
Trd, 4318352.593, 64
Trd, 4318353.193, 102
Trd, 4318353.693, 66
Trd, 4318354.093, 68
Trd, 4318354.543, 98
Trd, 4318355.393, 65
Trd, 4318356.893, 103
Trd, 4318357.493, 61
Trd, 4318357.893, 66
Trd, 4318358.643, 70
Trd, 4318359.643, 102
Trd, 4318361.143, 133
Trd, 4318361.343, 133
Trd, 4318361.493, 114
Trd, 4318362.043, 140
Trd, 4318362.093, 112
Trd, 4318362.143, 87
Trd, 4318363.343, 84
Trd, 4318364.043, 109
Trd, 4318364.143, 74
Trd, 4318365.093, 63
Trd, 4318365.693, 68
Trd, 4318366.393, 68
Trd, 4318366.743, 77
Trd, 4318367.793, 114
Trd, 4318368.343, 112
Trd, 4318368.393, 97
Trd, 4318369.793, 134
Trd, 4318370.293, 86
Trd, 4318371.093, 138
Trd, 4318371.443, 102
Trd, 4318371.493, 84
Trd, 4318373.143, 78
Trd, 4318374.093, 67
Trd, 4318375.093, 66
Trd, 4318375.143, 71
Trd, 4318376.243, 87
Trd, 4318377.193, 64
Trd, 4318377.543, 68
Trd, 4318377.593, 88
Trd, 4318378.343, 130
Trd, 4318378.443, 123
Trd, 4318378.743, 61
Trd, 4318379.893, 87
Trd, 4318380.043, 66
Trd, 4318380.843, 69
Trd, 4318380.893, 67
Trd, 4318382.793, 125
Trd, 4318382.993, 115
Trd, 4318383.193, 110
Trd, 4318384.043, 110
Trd, 4318384.893, 77
Trd, 4318385.693, 75
Trd, 4318386.493, 122
Trd, 4318386.593, 82
Trd, 4318387.193, 100
Trd, 4318387.493, 85
Trd, 4318388.293, 82
Trd, 4318388.393, 106
Trd, 4318388.893, 67
Trd, 4318389.293, 80
Trd, 4318390.143, 60
Trd, 4318391.143, 90
Trd, 4318392.143, 84
Trd, 4318392.743, 90
Trd, 4318393.143, 79
Trd, 4318393.943, 108
Trd, 4318394.293, 134
Trd, 4318394.343, 86
Trd, 4318395.343, 105
Trd, 4318396.393, 97
Trd, 4318396.493, 88
Trd, 4318397.393, 105
Trd, 4318397.793, 76
Trd, 4318400.243, 64
Trd, 4318401.193, 67
Trd, 4318401.943, 90
Trd, 4318402.293, 64
Trd, 4318402.693, 62
Trd, 4318403.043, 64
Trd, 4318403.143, 88
Trd, 4318404.793, 95
Trd, 4318405.443, 62
Trd, 4318405.993, 75
Trd, 4318407.443, 66
Trd, 4318408.043, 78
Trd, 4318408.343, 92
Trd, 4318409.593, 83
Trd, 4318409.993, 89
Trd, 4318410.993, 83
Trd, 4318411.893, 93
Trd, 4318413.043, 93
Trd, 4318413.193, 77
Trd, 4318413.593, 116
Trd, 4318413.793, 76
Trd, 4318414.343, 64
Trd, 4318415.643, 62
Trd, 4318416.343, 72
Trd, 4318416.643, 72
Trd, 4318417.143, 85
Trd, 4318418.093, 74
Trd, 4318418.893, 66
Trd, 4318419.393, 61
Trd, 4318419.643, 61
Trd, 4318420.193, 68
Trd, 4318421.093, 60
Trd, 4318422.243, 60
Trd, 4318422.793, 71
Trd, 4318423.543, 100
Trd, 4318423.643, 112
Trd, 4318424.693, 75
Trd, 4318424.793, 67
Trd, 4318425.093, 97
Trd, 4318426.543, 60
Trd, 4318426.693, 95
Trd, 4318426.893, 86
Trd, 4318427.343, 62
Trd, 4318427.543, 133
Trd, 4318427.843, 99
Trd, 4318428.443, 111
Trd, 4318430.293, 112
Trd, 4318430.643, 63
Trd, 4318431.243, 60
Trd, 4318431.943, 62
Trd, 4318432.293, 73
Trd, 4318432.993, 84
Trd, 4318434.343, 60
Trd, 4318434.993, 60
Trd, 4318435.693, 60
Trd, 4318437.543, 65
Trd, 4318438.443, 63
Trd, 4318438.543, 67
Trd, 4318439.093, 62
Trd, 4318439.693, 70
Trd, 4318440.293, 84
Trd, 4318440.543, 91
Trd, 4318440.793, 71
Trd, 4318441.093, 99
Trd, 4318441.593, 63
Trd, 4318441.693, 100
Trd, 4318443.993, 65
Trd, 4318444.143, 66
Trd, 4318444.743, 61
Trd, 4318445.493, 83
Trd, 4318446.093, 111
Trd, 4318446.343, 111
Trd, 4318446.443, 103
Trd, 4318447.693, 95
Trd, 4318448.643, 69
Trd, 4318448.893, 140
Trd, 4318449.493, 64
Trd, 4318450.343, 60
Trd, 4318450.693, 62
Trd, 4318451.793, 60
Trd, 4318453.043, 79
Trd, 4318453.893, 87
Trd, 4318453.943, 79
Trd, 4318453.993, 112
Trd, 4318454.943, 139
Trd, 4318456.093, 98
Trd, 4318456.693, 125
Trd, 4318456.743, 98
Trd, 4318457.193, 93
Trd, 4318457.793, 116
Trd, 4318458.293, 140
Trd, 4318458.593, 91
Trd, 4318459.193, 65
Trd, 4318459.343, 83
Trd, 4318460.693, 64
Trd, 4318461.293, 86
Trd, 4318462.093, 84
Trd, 4318464.093, 65
Trd, 4318465.043, 60
Trd, 4318465.093, 75
Trd, 4318465.443, 77
Trd, 4318465.493, 87
Trd, 4318465.993, 60
Trd, 4318466.843, 109
Trd, 4318467.793, 61
Trd, 4318467.943, 68
Trd, 4318469.093, 61
Trd, 4318470.093, 60
Trd, 4318470.543, 61
Trd, 4318470.993, 61
Trd, 4318471.443, 64
Trd, 4318472.193, 66
Trd, 4318473.793, 61
Trd, 4318474.593, 60
Trd, 4318474.893, 75
Trd, 4318475.393, 76
Trd, 4318476.093, 81
Trd, 4318476.343, 92
Trd, 4318477.043, 66
Trd, 4318477.243, 63
Trd, 4318478.443, 60
Trd, 4318478.643, 82
Trd, 4318479.543, 96
Trd, 4318480.043, 140
Trd, 4318480.343, 118
Trd, 4318480.793, 62
Trd, 4318480.843, 63
Trd, 4318482.943, 71
Trd, 4318483.143, 102
Trd, 4318484.393, 60
Trd, 4318485.993, 61
Trd, 4318486.493, 82
Trd, 4318487.293, 82
Trd, 4318487.543, 61
Trd, 4318487.743, 62
Trd, 4318488.043, 63
Trd, 4318488.243, 76
Trd, 4318489.393, 63
Trd, 4318490.043, 63
Trd, 4318490.793, 65
Trd, 4318491.593, 65
Trd, 4318491.693, 93
Trd, 4318493.043, 103
Trd, 4318493.643, 68
Trd, 4318494.943, 93
Trd, 4318495.043, 107
Trd, 4318495.293, 63
Trd, 4318495.593, 62
Trd, 4318496.193, 106
Trd, 4318496.343, 97
Trd, 4318496.693, 61
Trd, 4318498.293, 60
Trd, 4318498.343, 70
Trd, 4318499.093, 86
Trd, 4318499.693, 75
Trd, 4318500.893, 63
Trd, 4318501.293, 76
Trd, 4318502.793, 85
Trd, 4318503.443, 76
Trd, 4318503.943, 69
Trd, 4318504.243, 66
Trd, 4318504.643, 67
Trd, 4318505.493, 61
Trd, 4318505.743, 122
Trd, 4318506.393, 89
Trd, 4318506.693, 70
Trd, 4318507.493, 139
Trd, 4318508.893, 62
Trd, 4318509.393, 66
Trd, 4318509.843, 63
Trd, 4318510.093, 80
Trd, 4318510.893, 87
Trd, 4318511.143, 89
Trd, 4318511.643, 88
Trd, 4318512.343, 84
Trd, 4318512.543, 80
Trd, 4318512.743, 86
Trd, 4318515.043, 76
Trd, 4318515.193, 134
Trd, 4318516.143, 72
Trd, 4318516.543, 62
Trd, 4318517.343, 61
Trd, 4318518.293, 61
Trd, 4318518.993, 61
Trd, 4318519.143, 64
Trd, 4318519.443, 91
Trd, 4318520.243, 100
Trd, 4318520.443, 140
Trd, 4318522.093, 60
Trd, 4318522.343, 74
Trd, 4318522.993, 66
Trd, 4318523.893, 64
Trd, 4318525.193, 60
Trd, 4318525.293, 83
Trd, 4318525.543, 70
Trd, 4318526.493, 70
Trd, 4318527.543, 61
Trd, 4318527.643, 83
Trd, 4318528.293, 91
Trd, 4318528.543, 77
Trd, 4318529.393, 85
Trd, 4318529.693, 85
Trd, 4318530.443, 87
Trd, 4318531.143, 93
Trd, 4318531.293, 78
Trd, 4318532.243, 132
Trd, 4318532.343, 80
Trd, 4318533.243, 80
Trd, 4318533.943, 102
Trd, 4318534.043, 97
Trd, 4318535.143, 69
Trd, 4318535.593, 75
Trd, 4318536.243, 88
Trd, 4318537.393, 124
Trd, 4318537.493, 86
Trd, 4318539.993, 73
Trd, 4318540.343, 85
Trd, 4318541.143, 97
Trd, 4318541.543, 84
Trd, 4318541.593, 79
Trd, 4318541.793, 77
Trd, 4318542.793, 85
Trd, 4318543.093, 77
Trd, 4318543.843, 62
Trd, 4318544.943, 71
Trd, 4318545.343, 70
Trd, 4318545.693, 74
Trd, 4318545.793, 93
Trd, 4318547.093, 107
Trd, 4318547.293, 107
Trd, 4318548.543, 93
Trd, 4318549.093, 104
Trd, 4318549.243, 66
Trd, 4318549.493, 123
Trd, 4318550.143, 93
Trd, 4318551.093, 112
Trd, 4318551.793, 99
Trd, 4318552.843, 65
Trd, 4318552.943, 98
Trd, 4318553.443, 110
Trd, 4318554.243, 97
Trd, 4318555.593, 80
Trd, 4318556.243, 68
Trd, 4318556.693, 86
Trd, 4318556.843, 61
Trd, 4318557.343, 61
Trd, 4318557.893, 64
Trd, 4318559.443, 61
Trd, 4318559.693, 83
Trd, 4318559.743, 103
Trd, 4318561.693, 61
Trd, 4318562.643, 61
Trd, 4318563.543, 78
Trd, 4318563.793, 81
Trd, 4318566.393, 60
Trd, 4318566.443, 60
Trd, 4318566.643, 74
Trd, 4318567.093, 82
Trd, 4318567.793, 72
Trd, 4318567.943, 77
Trd, 4318568.043, 87
Trd, 4318568.343, 126
Trd, 4318568.643, 71
Trd, 4318569.993, 71
Trd, 4318570.343, 93
Trd, 4318571.643, 109
Trd, 4318572.193, 84
Trd, 4318573.093, 64
Trd, 4318574.143, 82
Trd, 4318574.543, 65
Trd, 4318576.293, 102
Trd, 4318576.443, 96
Trd, 4318576.743, 95
Trd, 4318577.093, 108
Trd, 4318577.143, 76
Trd, 4318577.643, 138
Trd, 4318577.943, 139
Trd, 4318578.043, 116
Trd, 4318579.643, 75
Trd, 4318579.943, 61
Trd, 4318581.393, 64
Trd, 4318581.543, 64
Trd, 4318582.393, 64
Trd, 4318582.693, 64
Trd, 4318582.843, 61
Trd, 4318583.243, 71
Trd, 4318584.743, 140
Trd, 4318585.943, 61
Trd, 4318586.043, 73
Trd, 4318587.293, 121
Trd, 4318588.143, 100
Trd, 4318588.743, 109
Trd, 4318588.943, 65
Trd, 4318589.793, 135
Trd, 4318589.843, 117
Trd, 4318590.743, 69
Trd, 4318591.943, 116
Trd, 4318592.393, 68
Trd, 4318592.493, 60
Trd, 4318594.093, 61
Trd, 4318595.143, 82
Trd, 4318595.393, 86
Trd, 4318596.293, 107
Trd, 4318596.393, 97
Trd, 4318597.143, 126
Trd, 4318597.243, 110
Trd, 4318597.443, 138
Trd, 4318598.193, 68
Trd, 4318598.893, 115
Trd, 4318599.343, 112
Trd, 4318599.793, 140
Trd, 4318601.293, 60
Trd, 4318602.093, 61
Trd, 4318602.543, 67
Trd, 4318604.093, 62
Trd, 4318604.293, 67
Trd, 4318604.993, 70
Trd, 4318605.043, 66
Trd, 4318605.343, 88
Trd, 4318605.643, 85
Trd, 4318605.843, 98
Trd, 4318606.293, 64
Trd, 4318607.043, 79
Trd, 4318608.393, 105
Trd, 4318609.093, 66
Trd, 4318611.043, 60
Trd, 4318611.193, 62
Trd, 4318611.643, 73
Trd, 4318611.993, 67
Trd, 4318612.043, 76
Trd, 4318612.943, 74
Trd, 4318613.693, 138
Trd, 4318614.243, 129
Trd, 4318614.593, 128
Trd, 4318614.993, 128
Trd, 4318615.843, 90
Trd, 4318616.443, 128
Trd, 4318616.893, 61
Trd, 4318617.293, 60
Trd, 4318618.743, 64
Trd, 4318619.143, 61
Trd, 4318620.093, 66
Trd, 4318620.593, 79
Trd, 4318621.543, 67
Trd, 4318622.443, 76
Trd, 4318623.243, 63
Trd, 4318624.093, 68
Trd, 4318624.143, 71
Trd, 4318624.793, 70
Trd, 4318625.193, 64
Trd, 4318625.743, 63
Trd, 4318626.243, 64
Trd, 4318627.243, 104
Trd, 4318628.743, 62
Trd, 4318629.193, 75
Trd, 4318629.743, 128
Trd, 4318630.943, 79
Trd, 4318631.793, 65
Trd, 4318632.043, 64
Trd, 4318632.643, 60
Trd, 4318633.143, 62
Trd, 4318633.343, 76
Trd, 4318634.493, 69
Trd, 4318634.943, 75
Trd, 4318635.693, 74
Trd, 4318636.243, 65
Trd, 4318637.693, 61
Trd, 4318637.743, 68
Trd, 4318639.443, 66
Trd, 4318639.543, 72
Trd, 4318640.493, 66
Trd, 4318640.793, 88
Trd, 4318641.093, 93
Trd, 4318641.393, 138
Trd, 4318642.693, 60
Trd, 4318643.393, 66
Trd, 4318644.293, 88
Trd, 4318645.043, 60
Trd, 4318645.493, 60
Trd, 4318645.643, 67
Trd, 4318646.143, 65
Trd, 4318646.393, 95
Trd, 4318646.443, 131
Trd, 4318647.343, 85
Trd, 4318649.343, 87
Trd, 4318650.343, 60
Trd, 4318650.643, 62
Trd, 4318651.643, 97
Trd, 4318651.993, 76
Trd, 4318652.143, 83
Trd, 4318653.443, 131
Trd, 4318653.943, 81
Trd, 4318654.143, 126
Trd, 4318654.843, 61
Trd, 4318655.343, 71
Trd, 4318655.593, 70
Trd, 4318656.543, 65
Trd, 4318657.493, 76
Trd, 4318657.793, 72
Trd, 4318658.443, 62
Trd, 4318658.643, 64
Trd, 4318659.643, 89
Trd, 4318660.843, 75
Trd, 4318661.793, 67
Trd, 4318662.343, 68
Trd, 4318663.943, 67
Trd, 4318664.493, 60
Trd, 4318665.093, 61
Trd, 4318665.293, 66
Trd, 4318665.443, 67
Trd, 4318666.193, 62
Trd, 4318668.193, 60
Trd, 4318668.343, 66
Trd, 4318668.393, 67
Trd, 4318669.443, 62
Trd, 4318669.543, 98
Trd, 4318669.693, 106
Trd, 4318671.793, 114
Trd, 4318672.693, 67
Trd, 4318673.093, 64
Trd, 4318673.593, 140
Trd, 4318673.643, 137
Trd, 4318674.043, 127
Trd, 4318676.193, 133
Trd, 4318676.793, 119
Trd, 4318677.293, 129
Trd, 4318677.643, 119
Trd, 4318677.843, 87
Trd, 4318677.943, 81
Trd, 4318678.543, 81
Trd, 4318679.043, 117
Trd, 4318679.843, 127
Trd, 4318680.293, 70
Trd, 4318680.893, 121
Trd, 4318681.443, 63
Trd, 4318682.193, 63
Trd, 4318682.443, 70
Trd, 4318682.893, 75
Trd, 4318683.643, 63
Trd, 4318683.743, 98
Trd, 4318685.493, 63
Trd, 4318686.843, 67
Trd, 4318687.293, 63
Trd, 4318688.493, 64
Trd, 4318688.643, 66
Trd, 4318688.893, 81
Trd, 4318689.243, 94
Trd, 4318689.493, 69
Trd, 4318690.143, 80
Trd, 4318691.093, 60
Trd, 4318692.293, 69
Trd, 4318693.243, 102
Trd, 4318693.543, 67
Trd, 4318694.593, 96
Trd, 4318694.993, 95
Trd, 4318695.493, 70
Trd, 4318696.093, 140
Trd, 4318696.443, 104
Trd, 4318696.643, 86
Trd, 4318697.593, 127
Trd, 4318698.293, 90
Trd, 4318698.743, 102
Trd, 4318700.243, 67
Trd, 4318700.343, 71
Trd, 4318701.593, 84
Trd, 4318702.093, 81
Trd, 4318702.693, 113
Trd, 4318702.793, 90
Trd, 4318704.093, 61
Trd, 4318704.543, 64
Trd, 4318704.993, 62
Trd, 4318706.093, 64
Trd, 4318706.343, 89
Trd, 4318706.543, 140
Trd, 4318707.243, 136
Trd, 4318707.743, 128
Trd, 4318709.493, 128
Trd, 4318709.843, 111
Trd, 4318710.043, 96
Trd, 4318711.043, 66
Trd, 4318711.493, 91
Trd, 4318712.343, 139
Trd, 4318712.943, 139
Trd, 4318713.043, 103
Trd, 4318713.643, 125
Trd, 4318714.543, 81
Trd, 4318714.693, 86
Trd, 4318714.993, 72
Trd, 4318715.793, 131
Trd, 4318716.643, 82
Trd, 4318716.693, 116
Trd, 4318717.043, 81
Trd, 4318719.493, 129
Trd, 4318719.893, 87
Trd, 4318720.393, 113
Trd, 4318721.093, 89
Trd, 4318721.543, 87
Trd, 4318722.543, 95
Trd, 4318722.643, 87
Trd, 4318723.543, 63
Trd, 4318724.543, 75
Trd, 4318725.743, 61
Trd, 4318726.343, 63
Trd, 4318726.643, 60
Trd, 4318726.743, 66
Trd, 4318727.593, 81
Trd, 4318728.393, 117
Trd, 4318728.943, 115
Trd, 4318729.093, 81
Trd, 4318729.743, 137
Trd, 4318729.993, 111
Trd, 4318730.643, 110
Trd, 4318732.393, 111
Trd, 4318733.043, 97
Trd, 4318733.893, 86
Trd, 4318734.743, 136
Trd, 4318734.793, 139
Trd, 4318735.193, 129
Trd, 4318735.443, 116
Trd, 4318735.493, 116
Trd, 4318736.093, 82
Trd, 4318736.543, 71
Trd, 4318736.893, 63
Trd, 4318737.893, 69
Trd, 4318738.243, 69
Trd, 4318739.343, 115
Trd, 4318739.493, 115
Trd, 4318739.843, 129
Trd, 4318740.393, 124
Trd, 4318740.593, 123
Trd, 4318741.443, 138
Trd, 4318742.493, 91
Trd, 4318743.493, 138
Trd, 4318743.593, 123
Trd, 4318743.993, 94
Trd, 4318744.343, 79
Trd, 4318745.693, 62
Trd, 4318746.543, 60
Trd, 4318747.243, 64
Trd, 4318748.193, 84
Trd, 4318748.843, 139
Trd, 4318749.643, 76
Trd, 4318750.043, 67
Trd, 4318750.193, 92
Trd, 4318750.443, 70
Trd, 4318750.543, 128
Trd, 4318750.793, 64
Trd, 4318752.293, 97
Trd, 4318753.193, 86
Trd, 4318753.393, 108
Trd, 4318753.543, 77
Trd, 4318753.943, 68
Trd, 4318754.343, 62
Trd, 4318755.993, 62
Trd, 4318756.193, 92
Trd, 4318756.543, 107
Trd, 4318757.043, 64
Trd, 4318757.693, 68
Trd, 4318758.243, 63
Trd, 4318758.343, 80
Trd, 4318759.293, 134
Trd, 4318759.843, 74
Trd, 4318761.393, 103
Trd, 4318761.843, 140
Trd, 4318761.993, 99
Trd, 4318762.443, 110
Trd, 4318763.393, 80
Trd, 4318765.043, 102
Trd, 4318765.543, 107
Trd, 4318766.293, 60
Trd, 4318766.643, 64
Trd, 4318766.893, 76
Trd, 4318768.143, 66
Trd, 4318769.143, 72
Trd, 4318769.293, 73
Trd, 4318770.093, 68
Trd, 4318771.443, 62
Trd, 4318771.643, 71
Trd, 4318772.393, 63
Trd, 4318773.143, 76
Trd, 4318773.293, 67
Trd, 4318773.593, 94
Trd, 4318774.343, 136
Trd, 4318774.793, 138
Trd, 4318775.693, 77
Trd, 4318776.393, 76
Trd, 4318777.893, 65
Trd, 4318778.493, 63
Trd, 4318779.793, 64
Trd, 4318780.793, 75
Trd, 4318780.893, 79
Trd, 4318782.193, 140
Trd, 4318782.893, 130
Trd, 4318783.143, 119
Trd, 4318783.593, 98
Trd, 4318783.993, 83
Trd, 4318784.043, 73
Trd, 4318784.593, 77
Trd, 4318784.893, 76
Trd, 4318786.243, 71
Trd, 4318786.393, 109
Trd, 4318787.143, 119
Trd, 4318787.643, 81
Trd, 4318787.793, 74
Trd, 4318788.143, 60
Trd, 4318790.043, 134
Trd, 4318790.293, 81
Trd, 4318790.393, 81
Trd, 4318790.443, 78
Trd, 4318791.143, 139
Trd, 4318792.793, 113
Trd, 4318792.993, 133
Trd, 4318793.543, 84
Trd, 4318793.843, 138
Trd, 4318794.743, 95
Trd, 4318795.143, 140
Trd, 4318795.893, 61
Trd, 4318796.793, 77
Trd, 4318797.193, 112
Trd, 4318797.493, 67
Trd, 4318798.793, 64
Trd, 4318799.093, 74
Trd, 4318799.593, 61
Trd, 4318799.643, 75
Trd, 4318800.543, 60
Trd, 4318801.493, 62
Trd, 4318802.093, 98
Trd, 4318802.793, 71
Trd, 4318804.343, 66
Trd, 4318804.593, 75
Trd, 4318805.243, 68
Trd, 4318805.843, 66
Trd, 4318806.943, 140
Trd, 4318807.443, 110
Trd, 4318807.543, 96
Trd, 4318808.093, 139
Trd, 4318809.243, 80
Trd, 4318809.593, 102
Trd, 4318810.393, 77
Trd, 4318810.743, 74
Trd, 4318811.043, 63
Trd, 4318812.043, 71
Trd, 4318812.643, 80
Trd, 4318813.043, 91
Trd, 4318814.343, 140
Trd, 4318814.793, 60
Trd, 4318815.243, 60
Trd, 4318816.393, 137
Trd, 4318816.443, 97
Trd, 4318817.193, 102
Trd, 4318819.443, 111
Trd, 4318820.793, 130
Trd, 4318820.843, 110
Trd, 4318821.293, 132
Trd, 4318821.693, 94
Trd, 4318821.843, 94
Trd, 4318821.893, 101
Trd, 4318822.493, 70
Trd, 4318824.393, 64
Trd, 4318825.143, 65
Trd, 4318825.843, 60
Trd, 4318825.893, 81
Trd, 4318826.443, 81
Trd, 4318827.043, 67
Trd, 4318827.543, 86
Trd, 4318828.293, 68
Trd, 4318828.393, 79
Trd, 4318830.243, 135
Trd, 4318830.493, 73
Trd, 4318831.143, 61
Trd, 4318831.443, 61
Trd, 4318831.893, 64
Trd, 4318832.693, 79
Trd, 4318833.243, 76
Trd, 4318834.493, 140
Trd, 4318834.843, 105
Trd, 4318835.293, 105
Trd, 4318835.993, 108
Trd, 4318836.043, 100
Trd, 4318836.243, 98
Trd, 4318836.443, 75
Trd, 4318837.293, 118
Trd, 4318837.893, 62
Trd, 4318838.793, 85
Trd, 4318839.543, 60
Trd, 4318840.643, 74
Trd, 4318840.793, 76
Trd, 4318841.543, 63
Trd, 4318841.893, 94
Trd, 4318842.943, 69
Trd, 4318843.293, 76
Trd, 4318844.543, 78
Trd, 4318844.893, 85
Trd, 4318845.893, 70
Trd, 4318846.143, 69
Trd, 4318846.793, 86
Trd, 4318847.393, 68
Trd, 4318847.693, 91
Trd, 4318848.543, 67
Trd, 4318849.443, 140
Trd, 4318849.643, 121
Trd, 4318849.993, 79
Trd, 4318850.593, 82
Trd, 4318851.043, 76
Trd, 4318852.193, 73
Trd, 4318852.343, 116
Trd, 4318853.143, 115
Trd, 4318853.243, 70
Trd, 4318853.443, 65
Trd, 4318854.543, 98
Trd, 4318855.593, 130
Trd, 4318855.743, 104
Trd, 4318856.593, 71
Trd, 4318856.743, 73
Trd, 4318857.343, 93
Trd, 4318858.993, 63
Trd, 4318859.943, 112
Trd, 4318860.193, 97
Trd, 4318860.993, 104
Trd, 4318861.193, 111
Trd, 4318861.943, 120
Trd, 4318863.143, 130
Trd, 4318863.493, 120
Trd, 4318863.693, 114
Trd, 4318863.943, 114
Trd, 4318865.043, 67
Trd, 4318866.093, 88
Trd, 4318866.343, 60
Trd, 4318866.743, 110
Trd, 4318867.443, 97
Trd, 4318867.793, 61
Trd, 4318869.443, 96
Trd, 4318869.643, 71
Trd, 4318870.493, 73
Trd, 4318870.693, 89
Trd, 4318871.943, 79
Trd, 4318872.443, 132
Trd, 4318872.593, 99
Trd, 4318872.743, 71
Trd, 4318873.193, 140
Trd, 4318873.643, 71
Trd, 4318873.743, 136
Trd, 4318875.693, 89
Trd, 4318876.043, 72
Trd, 4318876.143, 71
Trd, 4318877.193, 79
Trd, 4318878.443, 140
Trd, 4318878.893, 139
Trd, 4318878.943, 121
Trd, 4318879.643, 115
Trd, 4318880.693, 63
Trd, 4318880.843, 73
Trd, 4318881.593, 78
Trd, 4318882.493, 64
Trd, 4318882.943, 84
Trd, 4318883.543, 109
Trd, 4318883.893, 66
Trd, 4318885.043, 85
Trd, 4318885.393, 74
Trd, 4318885.493, 74
Trd, 4318886.143, 86
Trd, 4318886.543, 107
Trd, 4318888.943, 60
Trd, 4318889.093, 103
Trd, 4318889.693, 133
Trd, 4318890.643, 104
Trd, 4318890.843, 105
Trd, 4318890.893, 103
Trd, 4318891.343, 80
Trd, 4318891.693, 81
Trd, 4318892.143, 61
Trd, 4318892.893, 83
Trd, 4318893.493, 67
Trd, 4318893.843, 117
Trd, 4318895.043, 73
Trd, 4318895.243, 64
Trd, 4318896.293, 67
Trd, 4318896.443, 110
Trd, 4318896.743, 86
Trd, 4318897.693, 63
Trd, 4318899.943, 61
Trd, 4318900.493, 68
Trd, 4318900.693, 68
Trd, 4318900.743, 69
Trd, 4318902.143, 85
Trd, 4318902.393, 116
Trd, 4318902.893, 81
Trd, 4318903.693, 66
Trd, 4318905.243, 66
Trd, 4318905.343, 67
Trd, 4318906.343, 70
Trd, 4318907.193, 97
Trd, 4318907.543, 119
Trd, 4318908.043, 87
Trd, 4318909.393, 119
Trd, 4318909.793, 118
Trd, 4318910.093, 110
Trd, 4318911.593, 82
Trd, 4318912.143, 140
Trd, 4318912.293, 95
Trd, 4318912.643, 84
Trd, 4318912.793, 97
Trd, 4318913.343, 109
Trd, 4318913.943, 97
Trd, 4318914.043, 64
Trd, 4318914.293, 64
Trd, 4318916.193, 125
Trd, 4318916.843, 118
Trd, 4318917.343, 74
Trd, 4318918.643, 88
Trd, 4318918.843, 101
Trd, 4318919.243, 80
Trd, 4318920.493, 76
Trd, 4318921.293, 60
Trd, 4318922.393, 77
Trd, 4318922.643, 76
Trd, 4318923.543, 74
Trd, 4318923.593, 94
Trd, 4318924.143, 131
Trd, 4318924.543, 83
Trd, 4318924.943, 73
Trd, 4318926.393, 76
Trd, 4318926.793, 88
Trd, 4318927.193, 60
Trd, 4318927.543, 63
Trd, 4318928.193, 135
Trd, 4318928.993, 65
Trd, 4318929.493, 88
Trd, 4318930.093, 81
Trd, 4318930.493, 134
Trd, 4318930.543, 117
Trd, 4318930.793, 66
Trd, 4318932.543, 61
Trd, 4318932.843, 135
Trd, 4318933.143, 110
Trd, 4318934.093, 84
Trd, 4318934.193, 78
Trd, 4318934.693, 80
Trd, 4318935.393, 139
Trd, 4318935.593, 138
Trd, 4318936.343, 137
Trd, 4318936.893, 129
Trd, 4318937.043, 110
Trd, 4318937.543, 66
Trd, 4318938.793, 137
Trd, 4318939.093, 106
Trd, 4318940.043, 125
Trd, 4318940.443, 112
Trd, 4318940.593, 128
Trd, 4318941.393, 62
Trd, 4318941.543, 94
Trd, 4318943.393, 62
Trd, 4318944.293, 61
Trd, 4318945.843, 60
Trd, 4318946.793, 60
Trd, 4318947.643, 61
Trd, 4318947.743, 61
Trd, 4318947.893, 64
Trd, 4318948.243, 81
Trd, 4318948.393, 64
Trd, 4318949.793, 66
Trd, 4318949.943, 64
Trd, 4318951.293, 140
Trd, 4318951.443, 74
Trd, 4318952.593, 103
Trd, 4318953.193, 82
Trd, 4318953.543, 71
Trd, 4318953.643, 90
Trd, 4318953.893, 70
Trd, 4318955.393, 68
Trd, 4318956.893, 69
Trd, 4318956.943, 71
Trd, 4318957.443, 74
Trd, 4318957.993, 138
Trd, 4318959.593, 63
Trd, 4318960.193, 60
Trd, 4318960.493, 62
Trd, 4318961.393, 63
Trd, 4318961.893, 63
Trd, 4318962.143, 74
Trd, 4318962.593, 75
Trd, 4318964.043, 95
Trd, 4318964.793, 97
Trd, 4318965.093, 95
Trd, 4318965.143, 116
Trd, 4318965.893, 71
Trd, 4318967.143, 83
Trd, 4318967.593, 66
Trd, 4318967.743, 77
Trd, 4318968.343, 66
Trd, 4318969.243, 60
Trd, 4318969.443, 62
Trd, 4318970.743, 74
Trd, 4318971.343, 62
Trd, 4318971.493, 61
Trd, 4318971.893, 61
Trd, 4318972.893, 76
Trd, 4318973.593, 93
Trd, 4318973.693, 68
Trd, 4318973.943, 110
Trd, 4318974.893, 98
Trd, 4318975.393, 85
Trd, 4318975.543, 74
Trd, 4318977.343, 60
Trd, 4318977.493, 97
Trd, 4318978.293, 64
Trd, 4318979.643, 64
Trd, 4318980.143, 60
Trd, 4318980.293, 67
Trd, 4318982.793, 67
Trd, 4318982.843, 66
Trd, 4318983.093, 71
Trd, 4318983.343, 63
Trd, 4318983.693, 60
Trd, 4318984.993, 60
Trd, 4318985.993, 75
Trd, 4318986.193, 88
Trd, 4318986.743, 74
Trd, 4318986.943, 90
Trd, 4318987.443, 87
Trd, 4318987.593, 65
Trd, 4318988.393, 99
Trd, 4318989.593, 62
Trd, 4318989.743, 100
Trd, 4318989.993, 99
Trd, 4318991.043, 61
Trd, 4318991.693, 60
Trd, 4318992.443, 60
Trd, 4318993.493, 76
Trd, 4318993.593, 88
Trd, 4318993.793, 132
Trd, 4318994.143, 125
Trd, 4318995.793, 64
Trd, 4318997.293, 68
Trd, 4318998.043, 66
Trd, 4318998.543, 81
Trd, 4318999.443, 64
Trd, 4319000.443, 62
Trd, 4319002.093, 63
Trd, 4319002.393, 63
Trd, 4319002.443, 126
Trd, 4319002.743, 67
Trd, 4319002.893, 70
Trd, 4319004.243, 138
Trd, 4319004.843, 138
Trd, 4319004.943, 134
Trd, 4319005.043, 119
Trd, 4319005.543, 128
Trd, 4319005.943, 103
Trd, 4319006.743, 79
Trd, 4319007.443, 62
Trd, 4319009.743, 61
Trd, 4319010.343, 65
Trd, 4319010.543, 68
Trd, 4319010.793, 69
Trd, 4319011.193, 140
Trd, 4319011.443, 94
Trd, 4319011.643, 111
Trd, 4319011.793, 94
Trd, 4319012.443, 63
Trd, 4319013.493, 63
Trd, 4319014.043, 65
Trd, 4319014.493, 67
Trd, 4319015.393, 136
Trd, 4319016.193, 64
Trd, 4319016.843, 101
Trd, 4319018.543, 67
Trd, 4319019.293, 96
Trd, 4319019.993, 84
Trd, 4319020.293, 82
Trd, 4319020.493, 96
Trd, 4319020.543, 101
Trd, 4319022.693, 118
Trd, 4319023.443, 139
Trd, 4319023.993, 117
Trd, 4319024.093, 107
Trd, 4319024.493, 82
Trd, 4319025.493, 60
Trd, 4319025.593, 61
Trd, 4319026.143, 136
Trd, 4319026.493, 95
Trd, 4319027.093, 91
Trd, 4319027.643, 62
Trd, 4319028.543, 69
Trd, 4319029.843, 62
Trd, 4319030.243, 71
Trd, 4319030.293, 79
Trd, 4319031.343, 73
Trd, 4319031.693, 82
Trd, 4319032.493, 103
Trd, 4319032.643, 63
Trd, 4319033.693, 64
Trd, 4319033.993, 68
Trd, 4319034.493, 129
Trd, 4319035.743, 71
Trd, 4319036.193, 93
Trd, 4319036.593, 139
Trd, 4319037.543, 88
Trd, 4319038.043, 105
Trd, 4319040.943, 60
Trd, 4319041.843, 60
Trd, 4319042.243, 64
Trd, 4319042.393, 62
Trd, 4319044.543, 61
Trd, 4319044.593, 67
Trd, 4319045.543, 73
Trd, 4319045.593, 87
Trd, 4319045.893, 60
Trd, 4319047.543, 60
Trd, 4319048.143, 62
Trd, 4319048.243, 64
Trd, 4319048.843, 72
Trd, 4319050.193, 69
Trd, 4319050.243, 110
Trd, 4319051.343, 73
Trd, 4319051.393, 70
Trd, 4319051.893, 66
Trd, 4319052.393, 111
Trd, 4319052.993, 96
Trd, 4319054.343, 119
Trd, 4319054.943, 139
Trd, 4319055.093, 139
Trd, 4319055.193, 122
Trd, 4319055.393, 112
Trd, 4319055.443, 69
Trd, 4319056.593, 133
Trd, 4319056.643, 107
Trd, 4319058.043, 84
Trd, 4319058.493, 72
Trd, 4319060.193, 77
Trd, 4319060.443, 81
Trd, 4319060.693, 88
Trd, 4319061.343, 106
Trd, 4319061.693, 101
Trd, 4319062.293, 118
Trd, 4319062.893, 84
Trd, 4319062.943, 80
Trd, 4319063.443, 128
Trd, 4319063.793, 75
Trd, 4319065.143, 82
Trd, 4319065.193, 90
Trd, 4319066.693, 99
Trd, 4319067.093, 115
Trd, 4319067.143, 90
Trd, 4319067.393, 90
Trd, 4319068.693, 87
Trd, 4319069.393, 114
Trd, 4319069.593, 87
Trd, 4319070.043, 98
Trd, 4319071.193, 125
Trd, 4319071.293, 110
Trd, 4319072.893, 91
Trd, 4319073.893, 102
Trd, 4319074.743, 77
Trd, 4319075.493, 140
Trd, 4319076.193, 137
Trd, 4319076.393, 137
Trd, 4319076.493, 101
Trd, 4319076.543, 79
Trd, 4319077.643, 60
Trd, 4319079.043, 64
Trd, 4319079.843, 70
Trd, 4319080.593, 71
Trd, 4319080.993, 66
Trd, 4319082.193, 92
Trd, 4319082.293, 105
Trd, 4319082.943, 131
Trd, 4319083.143, 82
Trd, 4319083.893, 98
Trd, 4319084.243, 61
Trd, 4319084.393, 61
Trd, 4319086.143, 138
Trd, 4319086.543, 108
Trd, 4319086.993, 105
Trd, 4319087.193, 105
Trd, 4319087.293, 94
Trd, 4319087.943, 94
Trd, 4319089.543, 134
Trd, 4319089.943, 101
Trd, 4319090.893, 117
Trd, 4319091.693, 85
Trd, 4319092.193, 95
Trd, 4319092.593, 79
Trd, 4319092.893, 140
Trd, 4319093.093, 123
Trd, 4319093.593, 88
Trd, 4319094.043, 80
Trd, 4319094.343, 72
Trd, 4319095.493, 70
Trd, 4319095.843, 78
Trd, 4319096.343, 101
Trd, 4319096.843, 83
Trd, 4319097.993, 66
Trd, 4319099.043, 109
Trd, 4319099.743, 102
Trd, 4319100.043, 94
Trd, 4319100.193, 85
Trd, 4319101.393, 82
Trd, 4319101.443, 74
Trd, 4319101.493, 91
Trd, 4319102.043, 132
Trd, 4319103.393, 76
Trd, 4319104.443, 78
Trd, 4319105.343, 135
Trd, 4319106.393, 116
Trd, 4319107.593, 98
Trd, 4319108.043, 94
Trd, 4319108.493, 83
Trd, 4319109.093, 75
Trd, 4319109.393, 63
Trd, 4319109.493, 79
Trd, 4319110.043, 69
Trd, 4319110.543, 83
Trd, 4319111.393, 132
Trd, 4319111.543, 115
Trd, 4319113.193, 89
Trd, 4319113.493, 87
Trd, 4319114.043, 104
Trd, 4319114.493, 116
Trd, 4319114.593, 83
Trd, 4319115.643, 71
Trd, 4319116.193, 80
Trd, 4319116.743, 97
Trd, 4319116.793, 110
Trd, 4319117.243, 116
Trd, 4319117.743, 78
Trd, 4319118.543, 61
Trd, 4319120.693, 67
Trd, 4319121.643, 62
Trd, 4319121.943, 100
Trd, 4319122.093, 105
Trd, 4319122.443, 126
Trd, 4319122.793, 103
Trd, 4319123.343, 140
Trd, 4319124.093, 99
Trd, 4319125.393, 118
Trd, 4319125.593, 100
Trd, 4319126.493, 140
Trd, 4319126.543, 103
Trd, 4319127.843, 86
Trd, 4319128.543, 126
Trd, 4319129.143, 109
Trd, 4319129.543, 108
Trd, 4319130.293, 118
Trd, 4319130.743, 108
Trd, 4319131.193, 61
Trd, 4319132.143, 67
Trd, 4319132.893, 66
Trd, 4319133.593, 77
Trd, 4319133.743, 69
Trd, 4319134.393, 96
Trd, 4319134.543, 101
Trd, 4319134.693, 102
Trd, 4319134.943, 86
Trd, 4319136.093, 102
Trd, 4319136.293, 115
Trd, 4319138.243, 63
Trd, 4319138.593, 64
Trd, 4319138.943, 66
Trd, 4319139.343, 63
Trd, 4319140.043, 66
Trd, 4319141.293, 61
Trd, 4319141.743, 61
Trd, 4319141.893, 68
Trd, 4319142.493, 74
Trd, 4319144.093, 99
Trd, 4319144.593, 106
Trd, 4319145.043, 62
Trd, 4319145.743, 77
Trd, 4319146.143, 105
Trd, 4319146.893, 72
Trd, 4319147.143, 74
Trd, 4319147.293, 79
Trd, 4319148.243, 109
Trd, 4319148.393, 102
Trd, 4319148.743, 116
Trd, 4319150.043, 136
Trd, 4319151.143, 134
Trd, 4319151.443, 113
Trd, 4319151.943, 134
Trd, 4319152.343, 113
Trd, 4319152.443, 101
Trd, 4319153.443, 78
Trd, 4319153.793, 92
Trd, 4319154.393, 66
Trd, 4319154.893, 100
Trd, 4319155.443, 65
Trd, 4319155.943, 120
Trd, 4319157.143, 61
Trd, 4319158.243, 139
Trd, 4319158.493, 122
Trd, 4319159.443, 71
Trd, 4319160.193, 106
Trd, 4319160.393, 88
Trd, 4319161.093, 69
Trd, 4319161.293, 67
Trd, 4319161.393, 69
Trd, 4319162.343, 63
Trd, 4319162.843, 83
Trd, 4319163.843, 101
Trd, 4319164.643, 77
Trd, 4319166.593, 66
Trd, 4319166.793, 101
Trd, 4319169.043, 69
Trd, 4319169.143, 81
Trd, 4319169.193, 67
Trd, 4319169.393, 83
Trd, 4319169.543, 87
Trd, 4319170.043, 61
Trd, 4319170.093, 98
Trd, 4319170.893, 83
Trd, 4319171.043, 78
Trd, 4319171.643, 67
Trd, 4319172.993, 62
Trd, 4319174.093, 70
Trd, 4319174.343, 63
Trd, 4319174.793, 73
Trd, 4319175.693, 62
Trd, 4319175.743, 74
Trd, 4319176.293, 69
Trd, 4319177.093, 106
Trd, 4319177.293, 106
Trd, 4319178.193, 110
Trd, 4319178.593, 122
Trd, 4319178.843, 140
Trd, 4319178.943, 99
Trd, 4319180.093, 127
Trd, 4319181.393, 117
Trd, 4319181.543, 122
Trd, 4319182.093, 104
Trd, 4319182.493, 132
Trd, 4319183.343, 116
Trd, 4319183.443, 103
Trd, 4319183.993, 71
Trd, 4319185.493, 72
Trd, 4319185.843, 83
Trd, 4319186.743, 65
Trd, 4319187.143, 76
Trd, 4319188.793, 80
Trd, 4319189.293, 66
Trd, 4319189.593, 69
Trd, 4319190.293, 65
Trd, 4319190.643, 99
Trd, 4319190.743, 101
Trd, 4319191.793, 64
Trd, 4319191.993, 62
Trd, 4319193.293, 140
Trd, 4319194.243, 139
Trd, 4319194.643, 116
Trd, 4319194.693, 107
Trd, 4319195.093, 106
Trd, 4319195.143, 81
Trd, 4319195.343, 108
Trd, 4319195.743, 138
Trd, 4319196.993, 78
Trd, 4319197.093, 73
Trd, 4319198.293, 111
Trd, 4319198.793, 72
Trd, 4319200.293, 69
Trd, 4319200.543, 79
Trd, 4319201.643, 81
Trd, 4319202.093, 103
Trd, 4319202.443, 73
Trd, 4319202.743, 76
Trd, 4319202.943, 65
Trd, 4319204.143, 125
Trd, 4319204.293, 88
Trd, 4319204.593, 85
Trd, 4319206.193, 65
Trd, 4319207.343, 89
Trd, 4319207.643, 96
Trd, 4319207.943, 66
Trd, 4319208.343, 119
Trd, 4319208.793, 64
Trd, 4319208.993, 64
Trd, 4319209.293, 74
Trd, 4319209.793, 69
Trd, 4319210.993, 63
Trd, 4319212.193, 60
Trd, 4319214.693, 62
Trd, 4319214.943, 72
Trd, 4319215.143, 77
Trd, 4319215.443, 139
Trd, 4319215.843, 114
Trd, 4319216.193, 100
Trd, 4319216.493, 87
Trd, 4319217.093, 140
Trd, 4319217.543, 124
Trd, 4319217.993, 121
Trd, 4319219.893, 119
Trd, 4319220.043, 115
Trd, 4319220.093, 97
Trd, 4319220.343, 70
Trd, 4319220.843, 111
Trd, 4319221.843, 137
Trd, 4319221.993, 100
Trd, 4319222.793, 100
Trd, 4319223.043, 77
Trd, 4319223.393, 62
Trd, 4319223.943, 82
Trd, 4319225.493, 113
Trd, 4319226.943, 76
Trd, 4319227.493, 84
Trd, 4319227.643, 67
Trd, 4319228.593, 71
Trd, 4319230.493, 71
Trd, 4319230.843, 64
Trd, 4319231.193, 130
Trd, 4319232.143, 140
Trd, 4319232.193, 64
Trd, 4319232.793, 79
Trd, 4319233.443, 95
Trd, 4319233.493, 70
Trd, 4319234.493, 112
Trd, 4319235.393, 62
Trd, 4319235.743, 96
Trd, 4319236.193, 66
Trd, 4319237.593, 60
Trd, 4319237.693, 70
Trd, 4319238.043, 61
Trd, 4319239.693, 74
Trd, 4319240.743, 116
Trd, 4319240.893, 100
Trd, 4319240.993, 96
Trd, 4319241.193, 132
Trd, 4319242.043, 105
Trd, 4319242.243, 94
Trd, 4319242.943, 94
Trd, 4319243.793, 78
Trd, 4319244.043, 69
Trd, 4319244.793, 87
Trd, 4319246.093, 61
Trd, 4319246.693, 64
Trd, 4319246.993, 84
Trd, 4319248.343, 112
Trd, 4319248.693, 100
Trd, 4319248.943, 87
Trd, 4319249.293, 89
Trd, 4319250.593, 138
Trd, 4319251.193, 140
Trd, 4319251.943, 117
Trd, 4319252.093, 109
Trd, 4319253.143, 70
Trd, 4319253.793, 70
Trd, 4319255.443, 85
Trd, 4319255.493, 85
Trd, 4319255.843, 121
Trd, 4319256.143, 62
Trd, 4319256.393, 79
Trd, 4319256.943, 105
Trd, 4319257.543, 129
Trd, 4319257.743, 86
Trd, 4319258.393, 80
Trd, 4319259.193, 88
Trd, 4319259.493, 101
Trd, 4319260.943, 111
Trd, 4319261.093, 121
Trd, 4319261.143, 107
Trd, 4319261.643, 140
Trd, 4319263.293, 68
Trd, 4319263.443, 69
Trd, 4319263.543, 86
Trd, 4319264.993, 62
Trd, 4319265.293, 63
Trd, 4319265.493, 110
Trd, 4319266.943, 60
Trd, 4319268.343, 64
Trd, 4319268.693, 63
Trd, 4319268.743, 72
Trd, 4319269.393, 111
Trd, 4319269.993, 60
Trd, 4319270.693, 65
Trd, 4319271.293, 69
Trd, 4319272.493, 64
Trd, 4319273.393, 63
Trd, 4319273.943, 64
Trd, 4319274.093, 75
Trd, 4319274.493, 96
Trd, 4319275.443, 61
Trd, 4319275.743, 70
Trd, 4319276.393, 132
Trd, 4319276.593, 118
Trd, 4319277.493, 139
Trd, 4319277.743, 130
Trd, 4319278.093, 89
Trd, 4319278.743, 108
Trd, 4319279.243, 124
Trd, 4319280.393, 66
Trd, 4319281.243, 119
Trd, 4319281.593, 132
Trd, 4319282.243, 112
Trd, 4319283.243, 98
Trd, 4319283.443, 125
Trd, 4319283.993, 63
Trd, 4319286.043, 60
Trd, 4319286.743, 85
Trd, 4319287.693, 75
Trd, 4319287.943, 89
Trd, 4319288.443, 62
Trd, 4319289.143, 69
Trd, 4319290.743, 65
Trd, 4319290.793, 67
Trd, 4319292.093, 60
Trd, 4319292.193, 62
Trd, 4319292.643, 60
Trd, 4319292.843, 84
Trd, 4319294.393, 67
Trd, 4319294.843, 87
Trd, 4319294.893, 70
Trd, 4319296.193, 119
Trd, 4319296.643, 86
Trd, 4319296.693, 76
Trd, 4319297.043, 122
Trd, 4319297.593, 62
Trd, 4319298.843, 60
Trd, 4319299.093, 63
Trd, 4319299.693, 61
Trd, 4319300.843, 115
Trd, 4319301.343, 138
Trd, 4319302.393, 75
Trd, 4319302.943, 72
Trd, 4319302.993, 70
Trd, 4319303.843, 87
Trd, 4319304.543, 72
Trd, 4319305.393, 131
Trd, 4319305.943, 134
Trd, 4319306.343, 98
Trd, 4319306.493, 96
Trd, 4319306.743, 85
Trd, 4319306.893, 115
Trd, 4319307.893, 79
Trd, 4319308.843, 116
Trd, 4319309.243, 130
Trd, 4319310.343, 140
Trd, 4319311.043, 93
Trd, 4319312.093, 108
Trd, 4319312.693, 108
Trd, 4319313.243, 105
Trd, 4319313.793, 99
Trd, 4319314.343, 135
Trd, 4319314.643, 124
Trd, 4319314.993, 124
Trd, 4319315.343, 116
Trd, 4319315.943, 117
Trd, 4319316.343, 122
Trd, 4319316.493, 99
Trd, 4319318.243, 93
Trd, 4319318.293, 79
Trd, 4319318.943, 75
Trd, 4319319.393, 122
Trd, 4319320.343, 89
Trd, 4319320.693, 95
Trd, 4319321.093, 97
Trd, 4319322.193, 125
Trd, 4319322.243, 90
Trd, 4319322.393, 84
Trd, 4319323.293, 74
Trd, 4319324.293, 123
Trd, 4319324.893, 104
Trd, 4319325.393, 140
Trd, 4319325.943, 64
Trd, 4319327.143, 74
Trd, 4319327.743, 70
Trd, 4319327.793, 74
Trd, 4319328.593, 97
Trd, 4319329.293, 118
Trd, 4319329.543, 109
Trd, 4319330.743, 79
Trd, 4319330.943, 77
Trd, 4319331.793, 86
Trd, 4319331.843, 81
Trd, 4319332.393, 83
Trd, 4319332.793, 84
Trd, 4319334.193, 62
Trd, 4319334.693, 62
Trd, 4319334.843, 67
Trd, 4319335.993, 68
Trd, 4319336.693, 71
Trd, 4319337.143, 60
Trd, 4319337.993, 60
Trd, 4319338.743, 100
Trd, 4319338.843, 68
Trd, 4319339.743, 133
Trd, 4319340.393, 116
Trd, 4319341.693, 127
Trd, 4319342.343, 140
Trd, 4319342.643, 127
Trd, 4319342.743, 116
Trd, 4319343.593, 129
Trd, 4319343.943, 111
Trd, 4319344.443, 63
Trd, 4319345.593, 61
Trd, 4319345.943, 61
Trd, 4319346.643, 74
Trd, 4319346.943, 70
Trd, 4319347.293, 61
Trd, 4319349.343, 62
Trd, 4319349.743, 87
Trd, 4319350.443, 66
Trd, 4319351.993, 84
Trd, 4319352.243, 81
Trd, 4319352.943, 70
Trd, 4319353.393, 62
Trd, 4319354.693, 61
Trd, 4319354.993, 60
Trd, 4319355.793, 71
Trd, 4319356.043, 68
Trd, 4319356.143, 76
Trd, 4319356.543, 72
Trd, 4319358.393, 62
Trd, 4319358.493, 71
Trd, 4319358.793, 102
Trd, 4319359.243, 68
Trd, 4319359.743, 69
Trd, 4319360.543, 105
Trd, 4319361.993, 96
Trd, 4319364.343, 62
Trd, 4319364.393, 62
Trd, 4319364.493, 70
Trd, 4319364.593, 79
Trd, 4319365.393, 78
Trd, 4319365.843, 83
Trd, 4319367.493, 60
Trd, 4319367.843, 71
Trd, 4319368.343, 73
Trd, 4319368.443, 102
Trd, 4319369.293, 74
Trd, 4319369.943, 67
Trd, 4319370.893, 67
Trd, 4319371.543, 69
Trd, 4319371.943, 65
Trd, 4319372.543, 60
Trd, 4319372.743, 92
Trd, 4319373.143, 60
Trd, 4319373.443, 133
Trd, 4319374.143, 135
Trd, 4319374.543, 135
Trd, 4319375.643, 124
Trd, 4319376.093, 109
Trd, 4319376.343, 67
Trd, 4319376.893, 73
Trd, 4319377.893, 91
Trd, 4319378.093, 86
Trd, 4319378.593, 78
Trd, 4319379.843, 95
Trd, 4319380.243, 82
Trd, 4319380.643, 85
Trd, 4319381.043, 66
Trd, 4319382.493, 62
Trd, 4319383.043, 95
Trd, 4319383.493, 96
Trd, 4319383.793, 77
Trd, 4319384.643, 92
Trd, 4319385.143, 60
Trd, 4319385.693, 65
Trd, 4319385.843, 68
Trd, 4319386.043, 94
Trd, 4319387.243, 78
Trd, 4319388.893, 63
Trd, 4319389.493, 60
Trd, 4319389.543, 76
Trd, 4319389.693, 111
Trd, 4319390.943, 68
Trd, 4319391.493, 63
Trd, 4319391.993, 72
Trd, 4319392.593, 61
Trd, 4319395.943, 64
Trd, 4319396.193, 64
Trd, 4319396.243, 81
Trd, 4319396.743, 66
Trd, 4319397.493, 79
Trd, 4319397.793, 73
Trd, 4319398.243, 63
Trd, 4319400.043, 63
Trd, 4319400.293, 64
Trd, 4319400.393, 79
Trd, 4319400.893, 82
Trd, 4319401.543, 84
Trd, 4319402.243, 67
Trd, 4319403.243, 82
Trd, 4319403.843, 62
Trd, 4319404.543, 64
Trd, 4319404.743, 66
Trd, 4319405.343, 63
Trd, 4319405.793, 67
Trd, 4319406.793, 91
Trd, 4319407.443, 77
Trd, 4319407.993, 76
Trd, 4319408.143, 79
Trd, 4319409.393, 70
Trd, 4319409.443, 94
Trd, 4319409.793, 62
Trd, 4319410.393, 60
Trd, 4319410.493, 92
Trd, 4319410.793, 69
Trd, 4319411.193, 80
Trd, 4319413.343, 87
Trd, 4319413.543, 68
Trd, 4319413.893, 73
Trd, 4319414.243, 74
Trd, 4319414.493, 131
Trd, 4319415.093, 91
Trd, 4319415.293, 122
Trd, 4319417.443, 139
Trd, 4319417.593, 138
Trd, 4319418.343, 73
Trd, 4319418.493, 86
Trd, 4319418.693, 69
Trd, 4319419.093, 81
Trd, 4319419.393, 81
Trd, 4319420.543, 132
Trd, 4319422.093, 139
Trd, 4319423.093, 118
Trd, 4319423.593, 118
Trd, 4319423.743, 111
Trd, 4319424.343, 104
Trd, 4319424.443, 95
Trd, 4319425.443, 66
Trd, 4319425.693, 75
Trd, 4319426.443, 86
Trd, 4319427.393, 69
Trd, 4319427.843, 91
Trd, 4319428.293, 80
Trd, 4319428.493, 91
Trd, 4319428.943, 65
Trd, 4319429.993, 82
Trd, 4319430.893, 104
Trd, 4319430.993, 96
Trd, 4319431.843, 60
Trd, 4319432.643, 64
Trd, 4319432.743, 74
Trd, 4319434.643, 73
Trd, 4319435.093, 72
Trd, 4319435.593, 78
Trd, 4319436.043, 64
Trd, 4319436.693, 66
Trd, 4319436.893, 80
Trd, 4319437.193, 74
Trd, 4319438.093, 108
Trd, 4319438.743, 67
Trd, 4319440.693, 101
Trd, 4319442.593, 60
Trd, 4319442.643, 63
Trd, 4319443.093, 79
Trd, 4319444.043, 92
Trd, 4319445.243, 74
Trd, 4319445.343, 94
Trd, 4319445.493, 69
Trd, 4319445.893, 94
Trd, 4319446.243, 62
Trd, 4319446.893, 80
Trd, 4319447.043, 76
Trd, 4319447.593, 61
Trd, 4319448.643, 63
Trd, 4319449.993, 62
Trd, 4319450.793, 64
Trd, 4319450.843, 84
Trd, 4319451.143, 118
Trd, 4319451.243, 66
Trd, 4319452.693, 64
Trd, 4319453.793, 68
Trd, 4319454.643, 83
Trd, 4319455.343, 117
Trd, 4319456.443, 63
Trd, 4319456.893, 65
Trd, 4319458.743, 60
Trd, 4319459.293, 61
Trd, 4319459.593, 63
Trd, 4319460.193, 64
Trd, 4319460.693, 71
Trd, 4319461.243, 97
Trd, 4319461.843, 139
Trd, 4319462.043, 124
Trd, 4319463.043, 74
Trd, 4319463.493, 128
Trd, 4319463.543, 90
Trd, 4319464.543, 93
Trd, 4319465.143, 60
Trd, 4319465.493, 60
Trd, 4319465.643, 76
Trd, 4319467.143, 118
Trd, 4319468.393, 68
Trd, 4319468.643, 64
Trd, 4319468.743, 83
Trd, 4319469.093, 64
Trd, 4319470.343, 63
Trd, 4319470.593, 67
Trd, 4319471.693, 60
Trd, 4319471.743, 64
Trd, 4319472.343, 64
Trd, 4319473.093, 107
Trd, 4319473.893, 61
Trd, 4319475.093, 64
Trd, 4319475.593, 62
Trd, 4319475.693, 113
Trd, 4319476.643, 61
Trd, 4319476.993, 71
Trd, 4319477.143, 85
Trd, 4319478.193, 61
Trd, 4319478.443, 117
Trd, 4319479.793, 62
Trd, 4319480.543, 72
Trd, 4319480.643, 91
Trd, 4319481.493, 140
Trd, 4319481.543, 118
Trd, 4319482.093, 66
Trd, 4319482.293, 79
Trd, 4319482.993, 64
Trd, 4319484.293, 63
Trd, 4319485.293, 63
Trd, 4319485.493, 113
Trd, 4319486.343, 140
Trd, 4319488.393, 97
Trd, 4319489.243, 89
Trd, 4319489.643, 115
Trd, 4319490.993, 133
Trd, 4319491.193, 112
Trd, 4319491.343, 90
Trd, 4319492.093, 67
Trd, 4319492.243, 130
Trd, 4319492.643, 69
Trd, 4319492.743, 64
Trd, 4319495.143, 61
Trd, 4319495.543, 61
Trd, 4319495.843, 74
Trd, 4319496.243, 79
Trd, 4319497.393, 60
Trd, 4319498.393, 60
Trd, 4319498.993, 69
Trd, 4319499.943, 63
Trd, 4319500.043, 67
Trd, 4319501.343, 71
Trd, 4319501.493, 64
Trd, 4319502.093, 91
Trd, 4319502.593, 140
Trd, 4319503.193, 139
Trd, 4319503.843, 139
Trd, 4319503.993, 91
Trd, 4319505.243, 111
Trd, 4319505.293, 91
Trd, 4319505.893, 138
Trd, 4319506.193, 70
Trd, 4319506.943, 102
Trd, 4319507.643, 100
Trd, 4319508.693, 81
Trd, 4319508.993, 113
Trd, 4319510.843, 67
Trd, 4319511.293, 69
Trd, 4319511.343, 125
Trd, 4319511.443, 133
Trd, 4319512.993, 66
Trd, 4319513.143, 82
Trd, 4319513.393, 84
Trd, 4319513.993, 138
Trd, 4319514.543, 87
Trd, 4319515.843, 72
Trd, 4319516.693, 74
Trd, 4319516.843, 93
Trd, 4319517.993, 83
Trd, 4319518.743, 126
Trd, 4319518.843, 108
Trd, 4319518.893, 81
Trd, 4319519.393, 84
Trd, 4319519.943, 60
Trd, 4319520.693, 70
Trd, 4319520.943, 66
Trd, 4319521.593, 64
Trd, 4319522.043, 127
Trd, 4319523.443, 60
Trd, 4319523.843, 62
Trd, 4319524.643, 61
Trd, 4319525.793, 63
Trd, 4319526.393, 126
Trd, 4319526.793, 99
Trd, 4319527.293, 114
Trd, 4319528.043, 83
Trd, 4319528.293, 72
Trd, 4319529.193, 72
Trd, 4319530.293, 73
Trd, 4319530.343, 88
Trd, 4319530.843, 136
Trd, 4319530.943, 121
Trd, 4319532.243, 61
Trd, 4319532.593, 65
Trd, 4319532.743, 71
Trd, 4319533.843, 63
Trd, 4319535.393, 91
Trd, 4319535.843, 73
Trd, 4319536.543, 90
Trd, 4319536.593, 120
Trd, 4319539.643, 80
Trd, 4319539.943, 71
Trd, 4319540.543, 75
Trd, 4319540.593, 79
Trd, 4319540.643, 81
Trd, 4319541.093, 73
Trd, 4319542.143, 95
Trd, 4319542.243, 101
Trd, 4319542.593, 91
Trd, 4319542.843, 75
Trd, 4319543.593, 81
Trd, 4319544.893, 81
Trd, 4319545.643, 115
Trd, 4319545.893, 74
Trd, 4319546.543, 81
Trd, 4319547.243, 129
Trd, 4319547.443, 129
Trd, 4319547.943, 116
Trd, 4319548.593, 111
Trd, 4319548.893, 126
Trd, 4319550.143, 74
Trd, 4319551.693, 98
Trd, 4319551.943, 77
Trd, 4319552.193, 110
Trd, 4319553.943, 129
Trd, 4319553.993, 119
Trd, 4319554.643, 87
Trd, 4319554.793, 137
Trd, 4319555.093, 87
Trd, 4319555.443, 140
Trd, 4319557.743, 137
Trd, 4319557.843, 132
Trd, 4319558.143, 114
Trd, 4319559.593, 97
Trd, 4319559.693, 90
Trd, 4319560.743, 126
Trd, 4319560.943, 126
Trd, 4319561.043, 117
Trd, 4319561.293, 117
Trd, 4319562.743, 131
Trd, 4319563.343, 126
Trd, 4319563.543, 112
Trd, 4319563.743, 106
Trd, 4319565.043, 106
Trd, 4319565.093, 106
Trd, 4319565.643, 64
Trd, 4319566.293, 65
Trd, 4319567.793, 85
Trd, 4319568.143, 75
Trd, 4319568.943, 95
Trd, 4319569.093, 105
Trd, 4319569.393, 67
Trd, 4319569.493, 68
Trd, 4319569.743, 75
Trd, 4319570.243, 107
Trd, 4319571.393, 62
Trd, 4319574.093, 62
Trd, 4319574.543, 62
Trd, 4319574.793, 64
Trd, 4319575.393, 68
Trd, 4319575.943, 71
Trd, 4319576.393, 90
Trd, 4319577.093, 95
Trd, 4319577.893, 66
Trd, 4319579.443, 65
Trd, 4319579.693, 73
Trd, 4319580.793, 61
Trd, 4319581.943, 60
Trd, 4319582.593, 63
Trd, 4319582.743, 75
Trd, 4319583.043, 68
Trd, 4319583.393, 91
Trd, 4319584.043, 94
Trd, 4319584.143, 111
Trd, 4319584.493, 82
Trd, 4319584.743, 116
Trd, 4319585.243, 78
Trd, 4319586.393, 65
Trd, 4319587.393, 88
Trd, 4319587.543, 61
Trd, 4319587.943, 139
Trd, 4319588.943, 63
Trd, 4319589.043, 65
Trd, 4319590.093, 81
Trd, 4319590.843, 80
Trd, 4319591.443, 62
Trd, 4319591.793, 62
Trd, 4319592.093, 70
Trd, 4319592.943, 67
Trd, 4319594.093, 140
Trd, 4319594.293, 116
Trd, 4319594.743, 105
Trd, 4319594.843, 103
Trd, 4319595.293, 86
Trd, 4319597.093, 66
Trd, 4319597.293, 64
Trd, 4319597.693, 60
Trd, 4319598.743, 61
Trd, 4319600.343, 62
Trd, 4319600.493, 68
Trd, 4319600.643, 63
Trd, 4319601.393, 64
Trd, 4319601.593, 68
Trd, 4319602.443, 96
Trd, 4319602.793, 116
Trd, 4319603.943, 117
Trd, 4319604.693, 122
Trd, 4319604.993, 117
Trd, 4319605.843, 61
Trd, 4319606.543, 82
Trd, 4319607.193, 71
Trd, 4319607.393, 82
Trd, 4319607.493, 70
Trd, 4319607.743, 73
Trd, 4319608.943, 140
Trd, 4319609.093, 139
Trd, 4319610.593, 130
Trd, 4319610.643, 107
Trd, 4319611.893, 85
Trd, 4319612.043, 88
Trd, 4319612.393, 75
Trd, 4319614.443, 91
Trd, 4319614.993, 67
Trd, 4319615.543, 60
Trd, 4319616.393, 74
Trd, 4319617.193, 106
Trd, 4319617.343, 106
Trd, 4319617.593, 92
Trd, 4319617.893, 77
Trd, 4319620.743, 139
Trd, 4319621.243, 140
Trd, 4319621.343, 105
Trd, 4319621.443, 104
Trd, 4319622.043, 90
Trd, 4319622.493, 89
Trd, 4319622.543, 89
Trd, 4319624.143, 83
Trd, 4319624.293, 99
Trd, 4319624.993, 98
Trd, 4319626.593, 130
Trd, 4319626.843, 128
Trd, 4319626.893, 80
Trd, 4319627.793, 64
Trd, 4319628.543, 61
Trd, 4319629.243, 92
Trd, 4319630.443, 65
Trd, 4319630.543, 77
Trd, 4319630.593, 64
Trd, 4319632.343, 60
Trd, 4319632.443, 65
Trd, 4319633.493, 79
Trd, 4319634.143, 86
Trd, 4319634.393, 62
Trd, 4319634.943, 137
Trd, 4319635.293, 138
Trd, 4319635.743, 131
Trd, 4319635.843, 131
Trd, 4319638.493, 60
Trd, 4319639.243, 66
Trd, 4319640.543, 71
Trd, 4319641.593, 68
Trd, 4319641.893, 64
Trd, 4319642.093, 62
Trd, 4319642.443, 70
Trd, 4319642.643, 81
Trd, 4319644.343, 139
Trd, 4319644.493, 82
Trd, 4319644.543, 76
Trd, 4319646.293, 140
Trd, 4319647.093, 122
Trd, 4319647.193, 119
Trd, 4319647.893, 102
Trd, 4319648.093, 97
Trd, 4319648.793, 91
Trd, 4319649.043, 89
Trd, 4319651.493, 127
Trd, 4319652.143, 124
Trd, 4319652.443, 139
Trd, 4319652.543, 116
Trd, 4319653.143, 84
Trd, 4319653.193, 118
Trd, 4319654.643, 92
Trd, 4319655.743, 81
Trd, 4319655.943, 63
Trd, 4319656.193, 91
Trd, 4319657.643, 66
Trd, 4319658.343, 80
Trd, 4319659.043, 102
Trd, 4319659.243, 86
Trd, 4319659.593, 84
Trd, 4319661.143, 140
Trd, 4319661.743, 140
Trd, 4319662.043, 140
Trd, 4319662.193, 139
Trd, 4319662.943, 110
Trd, 4319664.493, 64
Trd, 4319664.893, 60
Trd, 4319665.793, 60
Trd, 4319666.843, 60
Trd, 4319667.093, 60
Trd, 4319667.943, 65
Trd, 4319668.093, 70
Trd, 4319668.493, 81
Trd, 4319668.593, 106
Trd, 4319669.943, 60
Trd, 4319671.793, 60
Trd, 4319671.943, 63
Trd, 4319672.793, 68
Trd, 4319673.143, 71
Trd, 4319673.843, 75
Trd, 4319673.993, 75
Trd, 4319675.293, 60
Trd, 4319675.393, 61
Trd, 4319675.493, 93
Trd, 4319676.293, 109
Trd, 4319676.843, 62
Trd, 4319677.693, 60
Trd, 4319677.743, 79
Trd, 4319678.493, 80
Trd, 4319679.693, 63
Trd, 4319679.743, 73
Trd, 4319680.793, 123
Trd, 4319681.893, 127
Trd, 4319681.943, 83
Trd, 4319681.993, 82
Trd, 4319682.293, 88
Trd, 4319682.343, 93
Trd, 4319682.593, 84
Trd, 4319683.043, 81
Trd, 4319683.593, 69
Trd, 4319684.593, 140
Trd, 4319685.943, 124
Trd, 4319687.243, 94
Trd, 4319687.593, 88
Trd, 4319689.043, 70
Trd, 4319689.743, 93
Trd, 4319690.543, 102
Trd, 4319690.893, 97
Trd, 4319691.293, 68
Trd, 4319691.843, 140
Trd, 4319691.893, 118
Trd, 4319693.443, 122
Trd, 4319694.193, 107
Trd, 4319694.493, 129
Trd, 4319694.993, 85
Trd, 4319695.243, 85
Trd, 4319696.243, 60
Trd, 4319696.893, 76
Trd, 4319698.143, 60
Trd, 4319698.893, 67
Trd, 4319698.993, 106
Trd, 4319699.993, 81
Trd, 4319700.993, 100
Trd, 4319701.093, 90
Trd, 4319701.843, 139
Trd, 4319702.443, 125
Trd, 4319703.293, 116
Trd, 4319703.993, 102
Trd, 4319704.293, 102
Trd, 4319704.643, 104
Trd, 4319705.093, 62
Trd, 4319705.243, 126
Trd, 4319706.193, 139
Trd, 4319706.743, 61
Trd, 4319708.093, 69
Trd, 4319708.493, 82
Trd, 4319709.443, 60
Trd, 4319709.593, 71
Trd, 4319710.143, 129
Trd, 4319710.743, 112
Trd, 4319710.993, 116
Trd, 4319711.693, 60
Trd, 4319712.493, 61
Trd, 4319712.743, 65
Trd, 4319713.643, 73
Trd, 4319714.793, 78
Trd, 4319714.843, 91
Trd, 4319714.893, 67
Trd, 4319715.693, 70
Trd, 4319716.793, 139
Trd, 4319716.843, 128
Trd, 4319717.193, 63
Trd, 4319718.243, 109
Trd, 4319718.893, 78
Trd, 4319719.293, 71
Trd, 4319720.343, 64
Trd, 4319721.143, 72
Trd, 4319721.643, 64
Trd, 4319722.993, 80
Trd, 4319723.043, 80
Trd, 4319723.093, 64
Trd, 4319724.543, 93
Trd, 4319724.743, 117
Trd, 4319725.743, 139
Trd, 4319727.143, 124
Trd, 4319727.343, 124
Trd, 4319727.743, 131
Trd, 4319728.393, 83
Trd, 4319728.543, 68
Trd, 4319728.593, 78
Trd, 4319729.043, 91
Trd, 4319729.543, 138
Trd, 4319730.893, 140
Trd, 4319730.993, 64
Trd, 4319732.293, 121
Trd, 4319732.843, 72
Trd, 4319733.843, 101
Trd, 4319734.193, 98
Trd, 4319735.143, 63
Trd, 4319736.293, 66
Trd, 4319736.543, 74
Trd, 4319736.843, 93
Trd, 4319737.293, 61
Trd, 4319738.043, 73
Trd, 4319738.593, 62
Trd, 4319738.793, 64
Trd, 4319740.093, 140
Trd, 4319741.193, 139
Trd, 4319741.493, 73
Trd, 4319741.993, 132
Trd, 4319743.243, 101
Trd, 4319744.093, 116
Trd, 4319744.793, 121
Trd, 4319744.993, 117
Trd, 4319745.893, 117
Trd, 4319746.143, 89
Trd, 4319746.243, 90
Trd, 4319746.743, 71
Trd, 4319747.743, 62
Trd, 4319748.493, 76
Trd, 4319749.193, 129
Trd, 4319749.943, 67
Trd, 4319751.543, 63
Trd, 4319752.693, 83
Trd, 4319752.743, 124
Trd, 4319753.693, 120
Trd, 4319754.293, 91
Trd, 4319754.393, 94
Trd, 4319755.043, 140
Trd, 4319755.693, 91
Trd, 4319756.693, 84
Trd, 4319757.193, 98
Trd, 4319757.343, 95
Trd, 4319757.693, 70
Trd, 4319759.143, 71
Trd, 4319759.193, 70
Trd, 4319759.893, 138
Trd, 4319761.193, 140
Trd, 4319761.493, 107
Trd, 4319763.243, 139
Trd, 4319763.493, 117
Trd, 4319764.543, 125
Trd, 4319764.593, 127
Trd, 4319764.693, 125
Trd, 4319765.243, 130
Trd, 4319766.093, 71
Trd, 4319767.493, 69
Trd, 4319767.793, 69
Trd, 4319768.043, 140
Trd, 4319769.843, 79
Trd, 4319770.843, 70
Trd, 4319771.443, 105
Trd, 4319771.943, 71
Trd, 4319772.993, 63
Trd, 4319773.493, 63
Trd, 4319773.793, 116
Trd, 4319774.293, 137
Trd, 4319775.293, 62
Trd, 4319775.743, 73
Trd, 4319776.343, 60
Trd, 4319776.793, 68
Trd, 4319776.943, 76
Trd, 4319778.493, 91
Trd, 4319778.793, 76
Trd, 4319778.843, 100
Trd, 4319780.343, 135
Trd, 4319781.143, 130
Trd, 4319781.593, 110
Trd, 4319781.793, 102
Trd, 4319782.043, 102
Trd, 4319782.243, 91
Trd, 4319782.693, 137
Trd, 4319783.393, 62
Trd, 4319784.643, 116
Trd, 4319785.293, 65
Trd, 4319786.043, 73
Trd, 4319786.293, 80
Trd, 4319786.443, 69
Trd, 4319787.693, 100
Trd, 4319788.143, 96
Trd, 4319789.393, 140
Trd, 4319789.443, 139
Trd, 4319790.293, 74
Trd, 4319790.593, 93
Trd, 4319792.493, 66
Trd, 4319793.043, 62
Trd, 4319793.243, 70
Trd, 4319793.443, 82
Trd, 4319793.943, 61
Trd, 4319794.543, 94
Trd, 4319796.093, 61
Trd, 4319797.343, 60
Trd, 4319798.043, 66
Trd, 4319799.643, 61
Trd, 4319800.043, 64
Trd, 4319800.393, 60
Trd, 4319800.993, 82
Trd, 4319801.843, 81
Trd, 4319801.993, 83
Trd, 4319802.193, 88
Trd, 4319802.893, 95
Trd, 4319803.993, 63
Trd, 4319804.143, 65
Trd, 4319804.193, 69
Trd, 4319804.493, 97
Trd, 4319806.143, 64
Trd, 4319806.293, 67
Trd, 4319806.943, 67
Trd, 4319807.293, 71
Trd, 4319809.143, 61
Trd, 4319809.543, 60
Trd, 4319809.843, 61
Trd, 4319810.593, 67
Trd, 4319810.893, 76
Trd, 4319812.193, 66
Trd, 4319813.093, 78
Trd, 4319814.543, 60
Trd, 4319815.543, 71
Trd, 4319815.593, 72
Trd, 4319816.093, 73
Trd, 4319816.743, 67
Trd, 4319816.993, 90
Trd, 4319817.193, 76
Trd, 4319818.643, 61
Trd, 4319819.343, 66
Trd, 4319819.843, 63
Trd, 4319820.343, 64
Trd, 4319820.443, 87
Trd, 4319820.943, 95
Trd, 4319821.793, 68
Trd, 4319822.693, 111
Trd, 4319823.193, 77
Trd, 4319823.793, 62
Trd, 4319825.293, 64
Trd, 4319825.743, 81
Trd, 4319826.293, 81
Trd, 4319826.393, 100
Trd, 4319826.993, 61
Trd, 4319827.593, 66
Trd, 4319828.743, 137
Trd, 4319828.993, 62
Trd, 4319829.743, 98
Trd, 4319829.843, 96
Trd, 4319830.143, 93
Trd, 4319830.993, 63
Trd, 4319831.043, 65
Trd, 4319831.343, 80
Trd, 4319831.943, 129
Trd, 4319833.343, 107
Trd, 4319834.143, 71
Trd, 4319834.393, 135
Trd, 4319835.243, 125
Trd, 4319836.593, 87
Trd, 4319836.643, 87
Trd, 4319837.043, 84
Trd, 4319837.443, 65
Trd, 4319838.793, 77
Trd, 4319838.993, 80
Trd, 4319839.393, 100
Trd, 4319840.043, 60
Trd, 4319840.293, 65
Trd, 4319841.493, 65
Trd, 4319842.543, 77
Trd, 4319843.043, 72
Trd, 4319844.043, 60
Trd, 4319844.243, 75
Trd, 4319845.743, 85
Trd, 4319846.443, 108
Trd, 4319847.093, 103
Trd, 4319847.293, 65
Trd, 4319848.043, 79
Trd, 4319848.093, 91
Trd, 4319848.243, 95
Trd, 4319849.043, 107
Trd, 4319850.593, 73
Trd, 4319851.093, 80
Trd, 4319851.943, 68
Trd, 4319851.993, 82
Trd, 4319852.293, 65
Trd, 4319852.593, 113
Trd, 4319854.143, 138
Trd, 4319854.343, 125
Trd, 4319854.443, 76
Trd, 4319855.193, 73
Trd, 4319855.643, 63
Trd, 4319855.743, 74
Trd, 4319857.043, 60
Trd, 4319858.143, 61
Trd, 4319858.243, 71
Trd, 4319858.593, 60
Trd, 4319859.143, 94
Trd, 4319859.893, 61
Trd, 4319860.943, 82
Trd, 4319861.543, 140
Trd, 4319862.643, 119
Trd, 4319863.393, 73
Trd, 4319864.193, 76
Trd, 4319864.293, 104
Trd, 4319864.343, 75
Trd, 4319864.993, 121
Trd, 4319866.943, 62
Trd, 4319868.193, 75
Trd, 4319869.693, 79
Trd, 4319870.143, 75
Trd, 4319870.393, 89
Trd, 4319871.093, 76
Trd, 4319871.393, 60
Trd, 4319871.943, 66
Trd, 4319872.393, 69
Trd, 4319872.493, 82
Trd, 4319874.093, 60
Trd, 4319874.443, 62
Trd, 4319874.893, 64
Trd, 4319875.493, 80
Trd, 4319876.043, 66
Trd, 4319877.443, 100
Trd, 4319878.343, 60
Trd, 4319878.543, 60
Trd, 4319878.943, 80
Trd, 4319878.993, 113
Trd, 4319879.793, 72
Trd, 4319880.343, 63
Trd, 4319881.193, 85
Trd, 4319881.793, 72
Trd, 4319882.643, 83
Trd, 4319883.243, 75
Trd, 4319883.493, 65
Trd, 4319885.593, 140
Trd, 4319885.743, 130
Trd, 4319886.343, 103
Trd, 4319886.843, 115
Trd, 4319886.893, 104
Trd, 4319887.443, 112
Trd, 4319888.093, 75
Trd, 4319889.043, 89
Trd, 4319890.443, 72
Trd, 4319890.593, 65
Trd, 4319891.393, 60
Trd, 4319892.393, 61
Trd, 4319892.643, 84
Trd, 4319894.393, 82
Trd, 4319894.743, 78
Trd, 4319894.943, 79
Trd, 4319895.043, 94
Trd, 4319895.543, 71
Trd, 4319896.343, 136
Trd, 4319896.843, 88
Trd, 4319897.293, 139
Trd, 4319897.743, 124
Trd, 4319898.593, 113
Trd, 4319899.093, 84
Trd, 4319899.393, 67
Trd, 4319899.993, 69
Trd, 4319900.443, 86
Trd, 4319900.693, 123
Trd, 4319901.393, 67
Trd, 4319902.143, 140
Trd, 4319902.393, 118
Trd, 4319903.143, 69
Trd, 4319903.743, 99
Trd, 4319904.843, 111
Trd, 4319905.043, 69
Trd, 4319905.693, 134
Trd, 4319905.993, 109
Trd, 4319907.593, 139
Trd, 4319907.843, 133
Trd, 4319908.093, 133
Trd, 4319908.193, 123
Trd, 4319908.543, 100
Trd, 4319909.043, 83
Trd, 4319909.843, 64
Trd, 4319910.643, 62
Trd, 4319910.843, 78
Trd, 4319910.943, 100
Trd, 4319912.293, 138
Trd, 4319912.543, 113
Trd, 4319912.743, 139
Trd, 4319914.193, 138
Trd, 4319914.343, 123
Trd, 4319916.043, 67
Trd, 4319916.543, 60
Trd, 4319916.793, 99
Trd, 4319917.393, 119
Trd, 4319918.593, 98
Trd, 4319918.843, 101
Trd, 4319918.943, 80
Trd, 4319919.493, 97
Trd, 4319919.793, 135
Trd, 4319920.193, 71
Trd, 4319920.493, 140
Trd, 4319922.343, 76
Trd, 4319922.693, 73
Trd, 4319923.193, 91
Trd, 4319924.143, 67
Trd, 4319924.443, 80
Trd, 4319924.743, 71
Trd, 4319924.843, 61
Trd, 4319927.043, 124
Trd, 4319927.193, 107
Trd, 4319927.693, 109
Trd, 4319927.943, 109
Trd, 4319928.043, 102
Trd, 4319929.493, 61
Trd, 4319931.093, 60
Trd, 4319931.643, 63
Trd, 4319931.893, 64
Trd, 4319931.943, 81
Trd, 4319932.243, 90
Trd, 4319932.743, 100
Trd, 4319933.293, 101
Trd, 4319933.643, 115
Trd, 4319933.943, 79
Trd, 4319935.093, 104
Trd, 4319935.793, 84
Trd, 4319936.343, 97
Trd, 4319936.693, 107
Trd, 4319937.243, 64
Trd, 4319937.493, 66
Trd, 4319939.343, 81
Trd, 4319939.993, 65
Trd, 4319940.843, 61
Trd, 4319941.143, 61
Trd, 4319941.843, 140
Trd, 4319942.593, 94
Trd, 4319942.943, 116
Trd, 4319943.643, 83
Trd, 4319944.043, 76
Trd, 4319944.143, 61
Trd, 4319945.643, 60
Trd, 4319945.793, 86
Trd, 4319947.343, 65
Trd, 4319947.443, 71
Trd, 4319948.393, 61
Trd, 4319948.943, 65
Trd, 4319949.393, 65
Trd, 4319949.643, 61
Trd, 4319950.493, 85
Trd, 4319951.193, 88
Trd, 4319951.493, 64
Trd, 4319951.593, 73
Trd, 4319952.893, 75
Trd, 4319953.543, 84
Trd, 4319954.193, 78
Trd, 4319955.193, 79
Trd, 4319955.343, 72
Trd, 4319956.293, 109
Trd, 4319956.643, 129
Trd, 4319956.793, 109
Trd, 4319957.443, 93
Trd, 4319958.143, 61
Trd, 4319958.793, 63
Trd, 4319959.893, 65
Trd, 4319960.443, 70
Trd, 4319961.493, 63
Trd, 4319961.543, 76
Trd, 4319962.443, 86
Trd, 4319963.843, 107
Trd, 4319964.093, 108
Trd, 4319964.393, 84
Trd, 4319964.693, 79
Trd, 4319964.893, 78
Trd, 4319965.293, 64
Trd, 4319965.643, 65
Trd, 4319966.993, 70
Trd, 4319967.793, 77
Trd, 4319967.993, 84
Trd, 4319969.043, 67
Trd, 4319969.293, 60
Trd, 4319970.643, 73
Trd, 4319971.543, 63
Trd, 4319971.893, 63
Trd, 4319972.193, 90
Trd, 4319972.793, 76
Trd, 4319973.843, 98
Trd, 4319974.843, 62
Trd, 4319975.193, 63
Trd, 4319976.443, 66
Trd, 4319976.693, 76
Trd, 4319976.993, 78
Trd, 4319977.293, 120
Trd, 4319977.743, 63
Trd, 4319978.093, 84
Trd, 4319978.443, 68
Trd, 4319978.793, 70
Trd, 4319980.593, 61
Trd, 4319981.843, 82
Trd, 4319982.043, 82
Trd, 4319983.293, 129
Trd, 4319983.543, 71
Trd, 4319984.093, 62
Trd, 4319984.743, 71
Trd, 4319985.393, 74
Trd, 4319985.593, 75
Trd, 4319985.893, 112
Trd, 4319986.393, 77
Trd, 4319987.143, 71
Trd, 4319988.643, 140
Trd, 4319989.143, 130
Trd, 4319989.293, 130
Trd, 4319990.093, 89
Trd, 4319991.293, 127
Trd, 4319992.243, 115
Trd, 4319992.293, 90
Trd, 4319992.543, 104
Trd, 4319993.143, 65
Trd, 4319994.393, 105
Trd, 4319994.793, 68
Trd, 4319996.293, 61
Trd, 4319996.943, 130
Trd, 4319997.893, 78
Trd, 4319998.893, 70
Trd, 4319999.343, 60
Trd, 4319999.993, 60
