Trd, 4318162.243, 62
Trd, 4318162.443, 64
Trd, 4318163.493, 61
Trd, 4318163.993, 63
Trd, 4318165.143, 60
Trd, 4318166.393, 60
Trd, 4318166.743, 60
Trd, 4318167.643, 60
Trd, 4318168.843, 60
Trd, 4318168.993, 60
Trd, 4318169.593, 60
Trd, 4318169.943, 60
Trd, 4318171.493, 60
Trd, 4318171.643, 60
Trd, 4318172.293, 60
Trd, 4318173.793, 60
Trd, 4318173.843, 60
Trd, 4318173.893, 60
Trd, 4318173.993, 63
Trd, 4318174.193, 65
Trd, 4318175.093, 60
Trd, 4318175.443, 76
Trd, 4318175.643, 108
Trd, 4318177.743, 140
Trd, 4318178.143, 140
Trd, 4318178.843, 140
Trd, 4318179.893, 140
Trd, 4318180.043, 140
Trd, 4318180.293, 140
Trd, 4318181.093, 139
Trd, 4318181.243, 116
Trd, 4318181.743, 140
Trd, 4318182.593, 63
Trd, 4318182.893, 64
Trd, 4318184.443, 60
Trd, 4318184.493, 60
Trd, 4318184.893, 62
Trd, 4318185.693, 62
Trd, 4318185.843, 66
Trd, 4318186.743, 60
Trd, 4318188.493, 60
Trd, 4318190.443, 60
Trd, 4318190.543, 60
Trd, 4318190.843, 63
Trd, 4318191.793, 60
Trd, 4318192.043, 63
Trd, 4318192.993, 62
Trd, 4318194.593, 60
Trd, 4318194.893, 60
Trd, 4318195.693, 61
Trd, 4318196.043, 62
Trd, 4318196.143, 66
Trd, 4318196.543, 87
Trd, 4318198.093, 63
Trd, 4318198.343, 67
Trd, 4318199.293, 61
Trd, 4318199.493, 60
Trd, 4318199.593, 61
Trd, 4318200.543, 83
Trd, 4318200.793, 76
Trd, 4318201.193, 75
Trd, 4318201.293, 74
Trd, 4318202.793, 123
Trd, 4318202.993, 119
Trd, 4318203.093, 103
Trd, 4318204.943, 137
Trd, 4318205.493, 139
Trd, 4318206.843, 140
Trd, 4318207.643, 140
Trd, 4318208.093, 140
Trd, 4318209.043, 97
Trd, 4318209.193, 96
Trd, 4318210.043, 72
Trd, 4318210.393, 139
Trd, 4318210.593, 140
Trd, 4318211.343, 122
Trd, 4318211.643, 121
Trd, 4318211.793, 118
Trd, 4318211.993, 103
Trd, 4318214.343, 140
Trd, 4318214.843, 139
Trd, 4318215.193, 136
Trd, 4318215.743, 140
Trd, 4318216.293, 139
Trd, 4318217.093, 121
Trd, 4318218.343, 140
Trd, 4318218.793, 140
Trd, 4318219.243, 140
Trd, 4318219.793, 140
Trd, 4318220.893, 140
Trd, 4318220.993, 140
Trd, 4318221.393, 81
Trd, 4318221.793, 140
Trd, 4318223.043, 134
Trd, 4318223.693, 140
Trd, 4318223.743, 139
Trd, 4318223.843, 133
Trd, 4318224.793, 93
Trd, 4318225.743, 135
Trd, 4318226.243, 125
Trd, 4318226.593, 140
Trd, 4318228.043, 140
Trd, 4318228.243, 140
Trd, 4318228.443, 110
Trd, 4318229.943, 140
Trd, 4318230.593, 140
Trd, 4318230.843, 136
Trd, 4318231.593, 140
Trd, 4318232.393, 140
Trd, 4318234.393, 139
Trd, 4318234.843, 139
Trd, 4318234.893, 138
Trd, 4318234.993, 125
Trd, 4318235.243, 79
Trd, 4318236.243, 61
Trd, 4318236.843, 67
Trd, 4318236.943, 67
Trd, 4318238.043, 65
Trd, 4318239.193, 62
Trd, 4318239.243, 64
Trd, 4318240.293, 60
Trd, 4318241.543, 60
Trd, 4318242.243, 60
Trd, 4318242.743, 74
Trd, 4318242.943, 60
Trd, 4318243.493, 90
Trd, 4318243.993, 63
Trd, 4318244.293, 63
Trd, 4318244.793, 140
Trd, 4318245.993, 140
Trd, 4318246.443, 140
Trd, 4318246.593, 140
Trd, 4318246.993, 76
Trd, 4318249.843, 140
Trd, 4318250.143, 138
Trd, 4318250.943, 137
Trd, 4318251.743, 140
Trd, 4318251.843, 139
Trd, 4318251.993, 80
Trd, 4318252.493, 64
Trd, 4318255.243, 140
Trd, 4318255.393, 140
Trd, 4318255.843, 136
Trd, 4318256.143, 137
Trd, 4318256.493, 124
Trd, 4318257.843, 140
Trd, 4318257.943, 140
Trd, 4318258.393, 110
Trd, 4318259.143, 94
Trd, 4318259.393, 95
Trd, 4318259.843, 65
Trd, 4318261.043, 60
Trd, 4318261.443, 61
Trd, 4318261.593, 63
Trd, 4318263.993, 60
Trd, 4318264.193, 60
Trd, 4318264.543, 60
Trd, 4318264.693, 62
Trd, 4318264.893, 60
Trd, 4318265.593, 60
Trd, 4318266.543, 60
Trd, 4318267.443, 64
Trd, 4318267.493, 66
Trd, 4318268.893, 61
Trd, 4318269.493, 64
Trd, 4318269.893, 61
Trd, 4318270.393, 62
Trd, 4318271.193, 61
Trd, 4318272.343, 65
Trd, 4318273.543, 60
Trd, 4318275.043, 60
Trd, 4318275.943, 60
Trd, 4318276.793, 61
Trd, 4318277.393, 62
Trd, 4318277.543, 63
Trd, 4318277.793, 60
Trd, 4318279.543, 61
Trd, 4318279.693, 63
Trd, 4318280.293, 63
Trd, 4318280.743, 62
Trd, 4318282.343, 60
Trd, 4318283.143, 63
Trd, 4318284.043, 140
Trd, 4318284.493, 140
Trd, 4318284.593, 139
Trd, 4318284.693, 138
Trd, 4318285.293, 138
Trd, 4318285.693, 126
Trd, 4318286.943, 118
Trd, 4318287.043, 70
Trd, 4318288.243, 140
Trd, 4318288.693, 140
Trd, 4318289.193, 140
Trd, 4318289.693, 116
Trd, 4318289.793, 117
Trd, 4318289.943, 82
Trd, 4318291.993, 140
Trd, 4318292.093, 140
Trd, 4318292.543, 138
Trd, 4318293.593, 140
Trd, 4318294.543, 60
Trd, 4318295.643, 137
Trd, 4318296.343, 114
Trd, 4318297.493, 140
Trd, 4318298.243, 140
Trd, 4318298.693, 140
Trd, 4318299.293, 140
Trd, 4318299.393, 140
Trd, 4318299.443, 140
Trd, 4318300.143, 139
Trd, 4318301.243, 80
Trd, 4318302.193, 81
Trd, 4318302.293, 82
Trd, 4318303.443, 63
Trd, 4318304.243, 65
Trd, 4318305.093, 60
Trd, 4318305.343, 60
Trd, 4318305.793, 60
Trd, 4318306.093, 140
Trd, 4318306.743, 60
Trd, 4318306.793, 60
Trd, 4318307.293, 63
Trd, 4318308.093, 61
Trd, 4318308.843, 66
Trd, 4318310.193, 62
Trd, 4318310.443, 64
Trd, 4318311.043, 62
Trd, 4318311.093, 65
Trd, 4318311.843, 70
Trd, 4318312.443, 62
Trd, 4318313.443, 71
Trd, 4318313.743, 112
Trd, 4318314.243, 60
Trd, 4318315.543, 63
Trd, 4318315.693, 116
Trd, 4318316.143, 65
Trd, 4318316.193, 62
Trd, 4318317.543, 138
Trd, 4318318.693, 60
Trd, 4318320.243, 65
Trd, 4318320.843, 60
Trd, 4318320.993, 60
Trd, 4318321.043, 61
Trd, 4318321.093, 62
Trd, 4318321.393, 69
Trd, 4318322.643, 61
Trd, 4318322.943, 62
Trd, 4318323.693, 60
Trd, 4318324.043, 60
Trd, 4318326.043, 60
Trd, 4318327.243, 60
Trd, 4318328.593, 61
Trd, 4318328.793, 61
Trd, 4318329.093, 61
Trd, 4318329.243, 62
Trd, 4318329.743, 60
Trd, 4318330.143, 60
Trd, 4318330.893, 60
Trd, 4318330.943, 61
Trd, 4318331.493, 60
Trd, 4318331.743, 60
Trd, 4318332.793, 64
Trd, 4318333.393, 61
Trd, 4318333.593, 62
Trd, 4318334.143, 66
Trd, 4318334.793, 60
Trd, 4318335.243, 60
Trd, 4318336.443, 65
Trd, 4318337.243, 60
Trd, 4318338.793, 62
Trd, 4318338.993, 60
Trd, 4318339.593, 64
Trd, 4318340.443, 61
Trd, 4318340.893, 61
Trd, 4318342.343, 66
Trd, 4318342.593, 60
Trd, 4318343.043, 62
Trd, 4318344.793, 60
Trd, 4318345.143, 62
Trd, 4318345.343, 62
Trd, 4318345.643, 64
Trd, 4318345.943, 64
Trd, 4318346.293, 71
Trd, 4318346.693, 64
Trd, 4318347.493, 62
Trd, 4318347.643, 140
Trd, 4318348.643, 81
Trd, 4318348.993, 140
Trd, 4318349.943, 61
Trd, 4318351.293, 140
Trd, 4318351.543, 139
Trd, 4318352.043, 62
Trd, 4318352.143, 67
Trd, 4318352.843, 61
Trd, 4318352.893, 62
Trd, 4318353.993, 60
Trd, 4318354.293, 140
Trd, 4318354.743, 140
Trd, 4318356.543, 140
Trd, 4318356.643, 140
Trd, 4318357.443, 140
Trd, 4318358.893, 140
Trd, 4318359.643, 140
Trd, 4318360.743, 140
Trd, 4318361.043, 140
Trd, 4318361.743, 140
Trd, 4318362.243, 139
Trd, 4318362.643, 140
Trd, 4318363.893, 138
Trd, 4318363.943, 123
Trd, 4318364.493, 72
Trd, 4318365.743, 104
Trd, 4318365.943, 103
Trd, 4318366.643, 136
Trd, 4318366.793, 129
Trd, 4318366.993, 138
Trd, 4318368.643, 70
Trd, 4318369.293, 66
Trd, 4318369.393, 69
Trd, 4318370.393, 60
Trd, 4318370.893, 60
Trd, 4318370.943, 61
Trd, 4318372.693, 62
Trd, 4318373.393, 60
Trd, 4318374.093, 60
Trd, 4318374.293, 69
Trd, 4318374.943, 77
Trd, 4318375.293, 79
Trd, 4318376.193, 62
Trd, 4318378.293, 60
Trd, 4318378.843, 60
Trd, 4318379.293, 60
Trd, 4318379.993, 60
Trd, 4318381.893, 60
Trd, 4318382.093, 60
Trd, 4318382.293, 62
Trd, 4318383.643, 60
Trd, 4318383.843, 60
Trd, 4318384.493, 62
Trd, 4318384.743, 62
Trd, 4318385.293, 67
Trd, 4318386.293, 140
Trd, 4318386.443, 140
Trd, 4318386.693, 140
Trd, 4318387.793, 140
Trd, 4318388.043, 140
Trd, 4318388.093, 139
Trd, 4318389.693, 140
Trd, 4318389.793, 107
Trd, 4318389.993, 99
Trd, 4318391.393, 68
Trd, 4318391.693, 67
Trd, 4318392.043, 140
Trd, 4318392.743, 140
Trd, 4318392.943, 140
Trd, 4318393.443, 140
Trd, 4318394.343, 97
Trd, 4318395.343, 130
Trd, 4318397.043, 140
Trd, 4318397.193, 140
Trd, 4318398.743, 140
Trd, 4318398.843, 140
Trd, 4318399.243, 140
Trd, 4318399.593, 140
Trd, 4318399.843, 140
Trd, 4318400.293, 60
Trd, 4318400.443, 62
Trd, 4318400.543, 62
Trd, 4318401.243, 60
Trd, 4318402.343, 65
Trd, 4318402.643, 65
Trd, 4318403.293, 60
Trd, 4318403.843, 136
Trd, 4318404.493, 61
Trd, 4318405.693, 60
Trd, 4318406.193, 60
Trd, 4318406.493, 128
Trd, 4318406.843, 140
Trd, 4318406.943, 140
Trd, 4318408.943, 60
Trd, 4318408.993, 60
Trd, 4318409.143, 60
Trd, 4318409.193, 65
Trd, 4318410.393, 60
Trd, 4318410.943, 72
Trd, 4318411.243, 65
Trd, 4318413.193, 60
Trd, 4318413.743, 62
Trd, 4318414.393, 60
Trd, 4318414.493, 63
Trd, 4318416.143, 60
Trd, 4318416.293, 61
Trd, 4318416.593, 61
Trd, 4318416.843, 67
Trd, 4318417.293, 140
Trd, 4318417.843, 70
Trd, 4318418.393, 127
Trd, 4318418.443, 126
Trd, 4318420.093, 140
Trd, 4318420.543, 140
Trd, 4318421.043, 60
Trd, 4318421.243, 61
Trd, 4318422.143, 140
Trd, 4318422.693, 140
Trd, 4318423.993, 140
Trd, 4318424.443, 140
Trd, 4318426.743, 140
Trd, 4318426.793, 140
Trd, 4318426.843, 139
Trd, 4318427.093, 101
Trd, 4318427.593, 137
Trd, 4318428.343, 61
Trd, 4318428.743, 62
Trd, 4318429.343, 60
Trd, 4318429.393, 61
Trd, 4318429.993, 62
Trd, 4318431.043, 62
Trd, 4318432.793, 140
Trd, 4318432.943, 140
Trd, 4318433.293, 135
Trd, 4318433.443, 134
Trd, 4318433.693, 127
Trd, 4318434.093, 137
Trd, 4318435.143, 61
Trd, 4318435.493, 61
Trd, 4318436.293, 65
Trd, 4318437.043, 64
Trd, 4318438.293, 60
Trd, 4318438.543, 61
Trd, 4318439.743, 71
Trd, 4318439.843, 70
Trd, 4318441.743, 60
Trd, 4318442.443, 60
Trd, 4318442.643, 61
Trd, 4318443.343, 60
Trd, 4318443.593, 60
Trd, 4318445.343, 62
Trd, 4318445.993, 62
Trd, 4318447.493, 60
Trd, 4318448.093, 60
Trd, 4318448.693, 60
Trd, 4318448.993, 60
Trd, 4318449.243, 60
Trd, 4318449.793, 60
Trd, 4318450.393, 60
Trd, 4318451.143, 60
Trd, 4318451.643, 63
Trd, 4318452.393, 63
Trd, 4318453.193, 62
Trd, 4318453.293, 63
Trd, 4318453.643, 64
Trd, 4318453.743, 64
Trd, 4318454.093, 63
Trd, 4318454.643, 74
Trd, 4318454.843, 63
Trd, 4318455.243, 63
Trd, 4318456.543, 61
Trd, 4318457.193, 63
Trd, 4318457.293, 64
Trd, 4318457.943, 67
Trd, 4318458.343, 71
Trd, 4318460.093, 140
Trd, 4318460.343, 140
Trd, 4318461.593, 139
Trd, 4318462.593, 140
Trd, 4318462.893, 140
Trd, 4318463.093, 138
Trd, 4318463.193, 138
Trd, 4318464.443, 140
Trd, 4318465.393, 136
Trd, 4318465.543, 123
Trd, 4318465.893, 60
Trd, 4318466.943, 60
Trd, 4318467.693, 71
Trd, 4318468.293, 62
Trd, 4318468.743, 135
Trd, 4318469.343, 140
Trd, 4318469.943, 140
Trd, 4318469.993, 118
Trd, 4318470.543, 138
Trd, 4318471.943, 140
Trd, 4318472.443, 140
Trd, 4318473.043, 140
Trd, 4318473.393, 76
Trd, 4318473.843, 61
Trd, 4318474.493, 140
Trd, 4318476.543, 140
Trd, 4318476.843, 139
Trd, 4318476.943, 111
Trd, 4318478.343, 140
Trd, 4318478.443, 139
Trd, 4318478.993, 140
Trd, 4318480.343, 134
Trd, 4318480.543, 134
Trd, 4318480.643, 133
Trd, 4318481.293, 137
Trd, 4318482.293, 65
Trd, 4318483.993, 60
Trd, 4318484.343, 60
Trd, 4318484.743, 70
Trd, 4318485.793, 62
Trd, 4318485.993, 61
Trd, 4318486.293, 71
Trd, 4318487.193, 64
Trd, 4318487.543, 61
Trd, 4318487.593, 62
Trd, 4318487.743, 63
Trd, 4318489.193, 65
Trd, 4318489.843, 64
Trd, 4318490.043, 67
Trd, 4318490.143, 62
Trd, 4318491.843, 140
Trd, 4318492.043, 140
Trd, 4318492.193, 140
Trd, 4318492.543, 140
Trd, 4318493.643, 140
Trd, 4318493.943, 140
Trd, 4318495.393, 111
Trd, 4318495.893, 134
Trd, 4318497.243, 140
Trd, 4318497.893, 139
Trd, 4318497.943, 139
Trd, 4318499.293, 136
Trd, 4318500.293, 98
Trd, 4318500.443, 76
Trd, 4318500.743, 70
Trd, 4318501.593, 68
Trd, 4318501.693, 61
Trd, 4318502.243, 65
Trd, 4318504.093, 60
Trd, 4318504.293, 60
Trd, 4318504.593, 60
Trd, 4318505.243, 65
Trd, 4318506.293, 60
Trd, 4318507.593, 61
Trd, 4318508.093, 62
Trd, 4318508.243, 66
Trd, 4318509.293, 66
Trd, 4318509.693, 62
Trd, 4318509.993, 60
Trd, 4318510.643, 62
Trd, 4318511.493, 60
Trd, 4318511.993, 68
Trd, 4318512.393, 69
Trd, 4318513.793, 60
Trd, 4318515.593, 61
Trd, 4318515.743, 61
Trd, 4318516.143, 63
Trd, 4318516.743, 63
Trd, 4318517.343, 60
Trd, 4318517.643, 62
Trd, 4318518.393, 61
Trd, 4318518.843, 60
Trd, 4318519.493, 63
Trd, 4318519.693, 69
Trd, 4318520.143, 62
Trd, 4318521.243, 60
Trd, 4318521.293, 60
Trd, 4318521.543, 61
Trd, 4318521.843, 63
Trd, 4318524.193, 60
Trd, 4318524.643, 62
Trd, 4318524.893, 64
Trd, 4318525.093, 65
Trd, 4318525.643, 62
Trd, 4318526.643, 60
Trd, 4318526.793, 65
Trd, 4318527.293, 61
Trd, 4318528.693, 62
Trd, 4318529.343, 60
Trd, 4318529.743, 61
Trd, 4318530.293, 64
Trd, 4318530.493, 105
Trd, 4318530.643, 105
Trd, 4318530.943, 104
Trd, 4318533.643, 60
Trd, 4318535.393, 60
Trd, 4318535.493, 61
Trd, 4318536.443, 60
Trd, 4318537.143, 60
Trd, 4318537.543, 60
Trd, 4318537.743, 60
Trd, 4318537.793, 61
Trd, 4318538.943, 60
Trd, 4318539.243, 60
Trd, 4318540.393, 61
Trd, 4318540.793, 65
Trd, 4318541.843, 60
Trd, 4318542.243, 60
Trd, 4318542.643, 65
Trd, 4318543.743, 63
Trd, 4318544.093, 115
Trd, 4318544.843, 62
Trd, 4318545.393, 60
Trd, 4318545.943, 62
Trd, 4318546.093, 62
Trd, 4318547.043, 60
Trd, 4318547.193, 62
Trd, 4318547.343, 65
Trd, 4318548.743, 60
Trd, 4318550.943, 61
Trd, 4318550.993, 62
Trd, 4318551.093, 65
Trd, 4318552.443, 60
Trd, 4318553.243, 60
Trd, 4318553.743, 60
Trd, 4318554.693, 60
Trd, 4318554.943, 65
Trd, 4318555.943, 60
Trd, 4318556.593, 62
Trd, 4318557.093, 62
Trd, 4318557.393, 61
Trd, 4318558.143, 60
Trd, 4318558.543, 61
Trd, 4318559.193, 60
Trd, 4318560.143, 61
Trd, 4318561.443, 62
Trd, 4318561.743, 61
Trd, 4318562.693, 61
Trd, 4318563.993, 60
Trd, 4318565.093, 60
Trd, 4318566.593, 60
Trd, 4318566.893, 60
Trd, 4318567.193, 60
Trd, 4318568.293, 60
Trd, 4318568.693, 60
Trd, 4318568.743, 62
Trd, 4318568.943, 62
Trd, 4318569.443, 65
Trd, 4318569.993, 66
Trd, 4318572.243, 61
Trd, 4318572.893, 60
Trd, 4318573.843, 62
Trd, 4318574.593, 60
Trd, 4318575.293, 66
Trd, 4318575.593, 66
Trd, 4318576.143, 140
Trd, 4318576.743, 60
Trd, 4318577.243, 60
Trd, 4318577.543, 67
Trd, 4318577.743, 62
Trd, 4318578.743, 140
Trd, 4318580.293, 66
Trd, 4318580.993, 60
Trd, 4318582.243, 60
Trd, 4318582.693, 60
Trd, 4318582.943, 60
Trd, 4318584.043, 60
Trd, 4318585.043, 65
Trd, 4318585.743, 61
Trd, 4318586.143, 60
Trd, 4318586.193, 61
Trd, 4318586.493, 61
Trd, 4318586.543, 61
Trd, 4318587.243, 63
Trd, 4318588.643, 64
Trd, 4318588.793, 66
Trd, 4318588.893, 69
Trd, 4318589.793, 70
Trd, 4318591.293, 65
Trd, 4318591.493, 61
Trd, 4318591.643, 72
Trd, 4318592.093, 140
Trd, 4318592.593, 140
Trd, 4318592.693, 140
Trd, 4318593.643, 139
Trd, 4318594.243, 140
Trd, 4318594.593, 140
Trd, 4318594.793, 85
Trd, 4318596.293, 140
Trd, 4318597.143, 139
Trd, 4318597.893, 140
Trd, 4318598.493, 109
Trd, 4318599.393, 139
Trd, 4318600.293, 77
Trd, 4318600.643, 140
Trd, 4318601.343, 139
Trd, 4318601.593, 73
Trd, 4318602.293, 96
Trd, 4318602.893, 63
Trd, 4318603.143, 97
Trd, 4318604.593, 140
Trd, 4318605.743, 140
Trd, 4318605.793, 137
Trd, 4318608.443, 60
Trd, 4318608.593, 60
Trd, 4318608.943, 61
Trd, 4318608.993, 62
Trd, 4318609.743, 63
Trd, 4318610.243, 136
Trd, 4318610.293, 80
Trd, 4318612.443, 87
Trd, 4318612.793, 126
Trd, 4318613.793, 140
Trd, 4318613.843, 140
Trd, 4318614.093, 140
Trd, 4318614.143, 139
Trd, 4318614.193, 139
Trd, 4318614.643, 60
Trd, 4318614.943, 60
Trd, 4318615.893, 66
Trd, 4318617.043, 63
Trd, 4318618.343, 140
Trd, 4318618.493, 133
Trd, 4318618.643, 88
Trd, 4318619.493, 61
Trd, 4318620.243, 60
Trd, 4318620.543, 60
Trd, 4318620.693, 64
Trd, 4318622.693, 62
Trd, 4318623.643, 60
Trd, 4318624.593, 60
Trd, 4318625.293, 60
Trd, 4318626.043, 62
Trd, 4318626.693, 64
Trd, 4318627.093, 62
Trd, 4318628.593, 60
Trd, 4318628.843, 60
Trd, 4318629.643, 60
Trd, 4318630.643, 61
Trd, 4318630.743, 63
Trd, 4318632.693, 60
Trd, 4318632.943, 60
Trd, 4318633.543, 60
Trd, 4318635.443, 61
Trd, 4318635.693, 63
Trd, 4318635.993, 62
Trd, 4318636.143, 62
Trd, 4318636.343, 65
Trd, 4318636.393, 73
Trd, 4318637.243, 62
Trd, 4318637.493, 75
Trd, 4318637.543, 136
Trd, 4318638.543, 60
Trd, 4318639.193, 62
Trd, 4318639.843, 60
Trd, 4318640.943, 108
Trd, 4318640.993, 106
Trd, 4318642.243, 138
Trd, 4318642.593, 139
Trd, 4318642.993, 140
Trd, 4318644.043, 140
Trd, 4318645.593, 140
Trd, 4318646.693, 140
Trd, 4318647.343, 140
Trd, 4318647.943, 138
Trd, 4318648.393, 140
Trd, 4318649.343, 140
Trd, 4318649.793, 140
Trd, 4318649.843, 139
Trd, 4318650.393, 136
Trd, 4318651.093, 133
Trd, 4318651.943, 140
Trd, 4318653.443, 140
Trd, 4318653.993, 140
Trd, 4318654.093, 139
Trd, 4318654.243, 139
Trd, 4318655.943, 140
Trd, 4318656.593, 140
Trd, 4318656.743, 140
Trd, 4318657.593, 140
Trd, 4318657.893, 140
Trd, 4318658.893, 140
Trd, 4318659.443, 65
Trd, 4318659.693, 63
Trd, 4318660.343, 60
Trd, 4318661.193, 78
Trd, 4318661.743, 74
Trd, 4318662.793, 67
Trd, 4318663.393, 62
Trd, 4318663.643, 68
Trd, 4318664.193, 96
Trd, 4318664.843, 60
Trd, 4318665.593, 61
Trd, 4318665.643, 67
Trd, 4318666.043, 134
Trd, 4318667.293, 62
Trd, 4318668.243, 63
Trd, 4318668.943, 60
Trd, 4318669.643, 60
Trd, 4318669.993, 61
Trd, 4318670.843, 63
Trd, 4318671.143, 65
Trd, 4318673.243, 60
Trd, 4318673.343, 60
Trd, 4318673.493, 60
Trd, 4318674.343, 61
Trd, 4318674.893, 60
Trd, 4318675.293, 61
Trd, 4318675.693, 72
Trd, 4318676.093, 139
Trd, 4318676.493, 136
Trd, 4318677.843, 140
Trd, 4318678.393, 140
Trd, 4318678.593, 140
Trd, 4318679.793, 140
Trd, 4318680.943, 140
Trd, 4318680.993, 140
Trd, 4318681.293, 139
Trd, 4318682.193, 140
Trd, 4318682.443, 140
Trd, 4318682.943, 139
Trd, 4318684.393, 134
Trd, 4318684.643, 117
Trd, 4318684.993, 96
Trd, 4318685.893, 137
Trd, 4318687.493, 68
Trd, 4318688.343, 139
Trd, 4318688.793, 124
Trd, 4318689.543, 140
Trd, 4318690.093, 140
Trd, 4318691.293, 140
Trd, 4318691.743, 139
Trd, 4318692.943, 139
Trd, 4318693.493, 139
Trd, 4318693.743, 125
Trd, 4318694.493, 132
Trd, 4318695.043, 140
Trd, 4318696.193, 140
Trd, 4318696.393, 139
Trd, 4318697.093, 139
Trd, 4318697.193, 138
Trd, 4318698.393, 81
Trd, 4318698.943, 140
Trd, 4318699.743, 137
Trd, 4318700.743, 70
Trd, 4318702.793, 140
Trd, 4318703.543, 140
Trd, 4318703.793, 140
Trd, 4318704.143, 140
Trd, 4318704.493, 96
Trd, 4318705.943, 140
Trd, 4318706.143, 140
Trd, 4318706.393, 140
Trd, 4318706.543, 62
Trd, 4318707.793, 139
Trd, 4318709.243, 114
Trd, 4318709.343, 138
Trd, 4318709.493, 101
Trd, 4318710.143, 139
Trd, 4318710.893, 66
Trd, 4318712.393, 60
Trd, 4318712.743, 62
Trd, 4318713.043, 65
Trd, 4318713.943, 60
Trd, 4318714.443, 138
Trd, 4318714.843, 137
Trd, 4318715.393, 140
Trd, 4318715.543, 63
Trd, 4318716.043, 70
Trd, 4318717.093, 60
Trd, 4318717.443, 65
Trd, 4318718.493, 61
Trd, 4318719.093, 111
Trd, 4318719.193, 109
Trd, 4318721.143, 126
Trd, 4318721.193, 125
Trd, 4318721.393, 123
Trd, 4318721.493, 129
Trd, 4318721.893, 76
Trd, 4318723.093, 139
Trd, 4318724.993, 140
Trd, 4318725.793, 99
Trd, 4318725.893, 96
Trd, 4318727.193, 137
Trd, 4318727.243, 136
Trd, 4318727.793, 140
Trd, 4318727.843, 112
Trd, 4318728.043, 139
Trd, 4318728.343, 90
Trd, 4318729.193, 140
Trd, 4318731.143, 140
Trd, 4318731.243, 140
Trd, 4318732.793, 140
Trd, 4318732.843, 140
Trd, 4318732.893, 81
Trd, 4318733.493, 137
Trd, 4318734.393, 137
Trd, 4318735.193, 106
Trd, 4318736.343, 139
Trd, 4318736.993, 69
Trd, 4318737.243, 70
Trd, 4318738.593, 61
Trd, 4318738.943, 60
Trd, 4318739.043, 66
Trd, 4318739.293, 68
Trd, 4318739.443, 66
Trd, 4318742.293, 60
Trd, 4318742.493, 60
Trd, 4318742.793, 72
Trd, 4318743.293, 61
Trd, 4318744.043, 63
Trd, 4318744.593, 62
Trd, 4318745.193, 63
Trd, 4318746.343, 67
Trd, 4318746.443, 76
Trd, 4318748.193, 140
Trd, 4318748.493, 140
Trd, 4318748.843, 140
Trd, 4318749.243, 140
Trd, 4318749.393, 140
Trd, 4318750.093, 139
Trd, 4318750.543, 74
Trd, 4318750.793, 104
Trd, 4318752.143, 102
Trd, 4318752.343, 79
Trd, 4318752.993, 62
Trd, 4318754.943, 105
Trd, 4318755.143, 104
Trd, 4318756.493, 140
Trd, 4318756.893, 139
Trd, 4318758.193, 140
Trd, 4318758.893, 140
Trd, 4318759.343, 138
Trd, 4318759.643, 140
Trd, 4318759.843, 138
Trd, 4318761.643, 120
Trd, 4318761.743, 119
Trd, 4318762.293, 140
Trd, 4318762.443, 127
Trd, 4318762.793, 124
Trd, 4318764.293, 139
Trd, 4318765.993, 140
Trd, 4318766.093, 140
Trd, 4318766.493, 140
Trd, 4318767.043, 140
Trd, 4318767.193, 89
Trd, 4318768.093, 112
Trd, 4318768.943, 140
Trd, 4318769.443, 140
Trd, 4318769.843, 138
Trd, 4318770.943, 126
Trd, 4318771.443, 139
Trd, 4318771.593, 118
Trd, 4318771.943, 99
Trd, 4318772.743, 60
Trd, 4318773.143, 61
Trd, 4318774.043, 60
Trd, 4318774.243, 62
Trd, 4318774.343, 63
Trd, 4318774.393, 85
Trd, 4318775.793, 140
Trd, 4318776.543, 66
Trd, 4318778.643, 60
Trd, 4318779.643, 60
Trd, 4318779.943, 69
Trd, 4318780.193, 64
Trd, 4318780.793, 60
Trd, 4318781.093, 62
Trd, 4318781.943, 66
Trd, 4318782.693, 67
Trd, 4318782.893, 60
Trd, 4318784.993, 61
Trd, 4318785.243, 62
Trd, 4318785.693, 64
Trd, 4318785.993, 64
Trd, 4318786.293, 64
Trd, 4318787.193, 96
Trd, 4318788.143, 97
Trd, 4318788.193, 71
Trd, 4318788.243, 98
Trd, 4318789.043, 135
Trd, 4318789.543, 66
Trd, 4318790.543, 60
Trd, 4318791.493, 63
Trd, 4318792.993, 60
Trd, 4318794.193, 139
Trd, 4318794.743, 61
Trd, 4318795.993, 60
Trd, 4318797.143, 60
Trd, 4318797.493, 61
Trd, 4318797.543, 63
Trd, 4318797.793, 67
Trd, 4318798.443, 60
Trd, 4318800.493, 116
Trd, 4318801.043, 65
Trd, 4318801.193, 64
Trd, 4318801.793, 66
Trd, 4318802.243, 61
Trd, 4318802.393, 121
Trd, 4318803.143, 110
Trd, 4318803.643, 61
Trd, 4318803.943, 138
Trd, 4318804.843, 60
Trd, 4318805.043, 62
Trd, 4318805.343, 62
Trd, 4318805.693, 140
Trd, 4318806.593, 140
Trd, 4318807.493, 140
Trd, 4318808.543, 140
Trd, 4318809.893, 140
Trd, 4318810.043, 140
Trd, 4318812.193, 140
Trd, 4318812.693, 140
Trd, 4318813.043, 140
Trd, 4318813.993, 140
Trd, 4318814.693, 140
Trd, 4318815.393, 140
Trd, 4318815.593, 140
Trd, 4318816.343, 138
Trd, 4318817.243, 94
Trd, 4318817.443, 75
Trd, 4318817.993, 68
Trd, 4318818.043, 75
Trd, 4318818.793, 60
Trd, 4318819.243, 60
Trd, 4318820.643, 60
Trd, 4318820.743, 61
Trd, 4318821.243, 62
Trd, 4318822.643, 61
Trd, 4318823.093, 63
Trd, 4318824.743, 60
Trd, 4318825.393, 62
Trd, 4318826.143, 63
Trd, 4318827.243, 60
Trd, 4318827.493, 60
Trd, 4318828.043, 60
Trd, 4318828.493, 60
Trd, 4318829.093, 60
Trd, 4318829.743, 60
Trd, 4318829.843, 61
Trd, 4318831.093, 60
Trd, 4318831.443, 60
Trd, 4318831.643, 60
Trd, 4318831.743, 64
Trd, 4318832.693, 60
Trd, 4318833.443, 85
Trd, 4318834.193, 60
Trd, 4318834.493, 60
Trd, 4318836.043, 61
Trd, 4318836.543, 61
Trd, 4318837.443, 60
Trd, 4318838.193, 60
Trd, 4318838.843, 60
Trd, 4318840.143, 60
Trd, 4318840.193, 64
Trd, 4318841.343, 62
Trd, 4318841.493, 62
Trd, 4318842.343, 60
Trd, 4318842.443, 60
Trd, 4318842.593, 61
Trd, 4318843.143, 71
Trd, 4318843.593, 88
Trd, 4318844.243, 108
Trd, 4318845.693, 140
Trd, 4318846.093, 136
Trd, 4318847.243, 140
Trd, 4318847.443, 140
Trd, 4318847.493, 140
Trd, 4318847.593, 140
Trd, 4318847.893, 108
Trd, 4318848.993, 140
Trd, 4318849.093, 135
Trd, 4318849.693, 116
Trd, 4318851.093, 140
Trd, 4318851.743, 140
Trd, 4318851.843, 129
Trd, 4318852.543, 63
Trd, 4318854.143, 140
Trd, 4318854.793, 140
Trd, 4318854.993, 139
Trd, 4318855.043, 110
Trd, 4318855.893, 63
Trd, 4318856.643, 140
Trd, 4318857.293, 140
Trd, 4318857.993, 139
Trd, 4318858.493, 64
Trd, 4318859.593, 66
Trd, 4318859.693, 69
Trd, 4318860.393, 63
Trd, 4318860.643, 67
Trd, 4318861.443, 67
Trd, 4318861.643, 68
Trd, 4318862.793, 60
Trd, 4318863.143, 60
Trd, 4318865.093, 64
Trd, 4318865.693, 63
Trd, 4318865.793, 63
Trd, 4318866.043, 64
Trd, 4318866.443, 61
Trd, 4318866.743, 66
Trd, 4318867.593, 140
Trd, 4318868.393, 140
Trd, 4318868.693, 66
Trd, 4318869.093, 64
Trd, 4318869.543, 140
Trd, 4318870.393, 63
Trd, 4318871.143, 61
Trd, 4318872.043, 140
Trd, 4318872.993, 140
Trd, 4318874.393, 140
Trd, 4318875.643, 140
Trd, 4318875.793, 140
Trd, 4318876.043, 140
Trd, 4318877.193, 140
Trd, 4318878.193, 140
Trd, 4318879.093, 140
Trd, 4318879.943, 96
Trd, 4318880.193, 140
Trd, 4318880.293, 95
Trd, 4318880.843, 95
Trd, 4318881.893, 60
Trd, 4318883.143, 60
Trd, 4318883.243, 60
Trd, 4318883.693, 60
Trd, 4318884.343, 60
Trd, 4318884.443, 61
Trd, 4318885.393, 61
Trd, 4318885.893, 139
Trd, 4318886.743, 121
Trd, 4318887.643, 137
Trd, 4318887.993, 138
Trd, 4318889.043, 139
Trd, 4318890.443, 140
Trd, 4318890.793, 140
Trd, 4318892.343, 140
Trd, 4318892.593, 139
Trd, 4318892.843, 139
Trd, 4318893.593, 140
Trd, 4318894.293, 140
Trd, 4318894.843, 139
Trd, 4318895.193, 138
Trd, 4318895.843, 108
Trd, 4318896.643, 77
Trd, 4318897.793, 140
Trd, 4318898.443, 140
Trd, 4318898.893, 140
Trd, 4318899.243, 140
Trd, 4318899.793, 62
Trd, 4318900.743, 140
Trd, 4318901.093, 139
Trd, 4318902.143, 139
Trd, 4318902.793, 139
Trd, 4318903.493, 140
Trd, 4318903.793, 140
Trd, 4318905.793, 140
Trd, 4318907.643, 140
Trd, 4318907.943, 140
Trd, 4318908.193, 140
Trd, 4318908.243, 140
Trd, 4318908.293, 140
Trd, 4318909.143, 139
Trd, 4318909.843, 103
Trd, 4318909.993, 102
Trd, 4318910.743, 139
Trd, 4318911.343, 139
Trd, 4318911.643, 137
Trd, 4318912.543, 67
Trd, 4318912.693, 68
Trd, 4318913.243, 110
Trd, 4318913.993, 71
Trd, 4318914.643, 115
Trd, 4318914.793, 113
Trd, 4318915.643, 61
Trd, 4318916.093, 69
Trd, 4318916.593, 68
Trd, 4318917.843, 60
Trd, 4318918.493, 60
Trd, 4318919.243, 62
Trd, 4318919.343, 61
Trd, 4318920.893, 73
Trd, 4318921.593, 83
Trd, 4318922.143, 60
Trd, 4318922.843, 60
Trd, 4318924.743, 60
Trd, 4318925.243, 61
Trd, 4318926.393, 62
Trd, 4318927.143, 62
Trd, 4318927.693, 62
Trd, 4318928.293, 61
Trd, 4318928.543, 61
Trd, 4318929.393, 68
Trd, 4318929.893, 61
Trd, 4318930.793, 60
Trd, 4318933.393, 60
Trd, 4318933.543, 60
Trd, 4318933.593, 61
Trd, 4318934.343, 60
Trd, 4318934.643, 106
Trd, 4318935.193, 140
Trd, 4318935.443, 140
Trd, 4318935.793, 140
Trd, 4318936.493, 64
Trd, 4318937.993, 60
Trd, 4318938.493, 60
Trd, 4318939.293, 62
Trd, 4318939.993, 63
Trd, 4318940.343, 65
Trd, 4318940.393, 109
Trd, 4318940.643, 140
Trd, 4318940.843, 140
Trd, 4318942.043, 140
Trd, 4318942.443, 140
Trd, 4318943.243, 140
Trd, 4318943.393, 140
Trd, 4318943.943, 80
Trd, 4318944.793, 124
Trd, 4318945.043, 140
Trd, 4318945.443, 62
Trd, 4318946.243, 60
Trd, 4318947.843, 60
Trd, 4318947.943, 60
Trd, 4318949.643, 60
Trd, 4318949.693, 60
Trd, 4318949.993, 60
Trd, 4318950.793, 60
Trd, 4318951.193, 60
Trd, 4318951.743, 61
Trd, 4318953.193, 60
Trd, 4318953.993, 63
Trd, 4318955.043, 60
Trd, 4318955.643, 60
Trd, 4318957.093, 60
Trd, 4318957.843, 60
Trd, 4318958.843, 62
Trd, 4318958.993, 62
Trd, 4318959.643, 60
Trd, 4318959.743, 60
Trd, 4318960.793, 63
Trd, 4318960.943, 65
Trd, 4318961.243, 65
Trd, 4318961.693, 70
Trd, 4318961.993, 63
Trd, 4318963.043, 65
Trd, 4318963.543, 60
Trd, 4318964.393, 60
Trd, 4318964.493, 60
Trd, 4318964.943, 80
Trd, 4318965.493, 77
Trd, 4318966.243, 140
Trd, 4318966.393, 139
Trd, 4318968.843, 61
Trd, 4318969.593, 60
Trd, 4318969.893, 61
Trd, 4318971.743, 60
Trd, 4318972.893, 60
Trd, 4318972.943, 61
Trd, 4318973.193, 61
Trd, 4318973.493, 60
Trd, 4318973.593, 65
Trd, 4318973.943, 75
Trd, 4318975.043, 139
Trd, 4318976.493, 140
Trd, 4318976.643, 140
Trd, 4318976.743, 140
Trd, 4318977.443, 64
Trd, 4318977.843, 60
Trd, 4318978.043, 61
Trd, 4318979.043, 62
Trd, 4318980.143, 60
Trd, 4318981.093, 60
Trd, 4318981.543, 62
Trd, 4318981.643, 66
Trd, 4318982.243, 60
Trd, 4318982.893, 63
Trd, 4318983.293, 60
Trd, 4318983.743, 60
Trd, 4318984.593, 60
Trd, 4318987.193, 60
Trd, 4318987.543, 60
Trd, 4318987.643, 62
Trd, 4318987.893, 60
Trd, 4318987.943, 64
Trd, 4318988.443, 64
Trd, 4318989.693, 133
Trd, 4318989.993, 133
Trd, 4318990.643, 140
Trd, 4318990.993, 140
Trd, 4318991.793, 140
Trd, 4318992.043, 140
Trd, 4318992.443, 61
Trd, 4318994.743, 60
Trd, 4318994.793, 61
Trd, 4318995.043, 60
Trd, 4318995.343, 62
Trd, 4318995.893, 63
Trd, 4318996.043, 60
Trd, 4318997.143, 60
Trd, 4318998.643, 60
Trd, 4318998.843, 60
Trd, 4318999.343, 60
Trd, 4318999.943, 60
Trd, 4319000.343, 60
Trd, 4319000.943, 61
Trd, 4319002.343, 63
Trd, 4319003.393, 63
Trd, 4319005.193, 60
Trd, 4319005.593, 60
Trd, 4319006.093, 60
Trd, 4319006.393, 72
Trd, 4319006.743, 61
Trd, 4319007.243, 61
Trd, 4319008.293, 62
Trd, 4319009.243, 60
Trd, 4319009.393, 61
Trd, 4319010.843, 60
Trd, 4319010.893, 60
Trd, 4319011.743, 60
Trd, 4319013.043, 60
Trd, 4319013.543, 61
Trd, 4319016.143, 60
Trd, 4319016.443, 62
Trd, 4319016.693, 62
Trd, 4319016.843, 61
Trd, 4319016.943, 70
Trd, 4319017.393, 61
Trd, 4319017.693, 60
Trd, 4319018.043, 140
Trd, 4319018.193, 140
Trd, 4319020.143, 140
Trd, 4319020.243, 137
Trd, 4319020.843, 135
Trd, 4319021.243, 67
Trd, 4319021.743, 75
Trd, 4319021.943, 67
Trd, 4319023.493, 140
Trd, 4319024.943, 140
Trd, 4319025.343, 140
Trd, 4319026.343, 139
Trd, 4319026.493, 100
Trd, 4319026.893, 140
Trd, 4319028.193, 140
Trd, 4319030.393, 140
Trd, 4319030.743, 140
Trd, 4319031.443, 140
Trd, 4319031.593, 140
Trd, 4319031.743, 140
Trd, 4319031.993, 140
Trd, 4319032.293, 139
Trd, 4319032.643, 140
Trd, 4319034.243, 140
Trd, 4319034.943, 119
Trd, 4319036.243, 140
Trd, 4319036.643, 140
Trd, 4319037.243, 140
Trd, 4319037.743, 139
Trd, 4319038.443, 140
Trd, 4319039.043, 140
Trd, 4319039.893, 140
Trd, 4319040.093, 140
Trd, 4319040.693, 138
Trd, 4319040.993, 137
Trd, 4319042.543, 140
Trd, 4319042.893, 104
Trd, 4319044.443, 140
Trd, 4319044.943, 140
Trd, 4319045.493, 140
Trd, 4319046.743, 140
Trd, 4319047.143, 140
Trd, 4319047.493, 140
Trd, 4319047.843, 140
Trd, 4319048.493, 140
Trd, 4319051.343, 140
Trd, 4319051.443, 140
Trd, 4319051.743, 137
Trd, 4319051.843, 81
Trd, 4319052.443, 140
Trd, 4319053.243, 63
Trd, 4319054.643, 140
Trd, 4319054.793, 97
Trd, 4319055.093, 140
Trd, 4319056.243, 60
Trd, 4319056.643, 62
Trd, 4319056.793, 64
Trd, 4319057.093, 62
Trd, 4319057.793, 63
Trd, 4319059.693, 138
Trd, 4319060.443, 95
Trd, 4319060.493, 93
Trd, 4319060.693, 80
Trd, 4319062.043, 140
Trd, 4319062.443, 140
Trd, 4319062.643, 134
Trd, 4319063.393, 64
Trd, 4319063.893, 123
Trd, 4319064.043, 63
Trd, 4319065.343, 139
Trd, 4319065.893, 140
Trd, 4319066.393, 139
Trd, 4319067.093, 138
Trd, 4319067.743, 124
Trd, 4319069.393, 138
Trd, 4319069.693, 124
Trd, 4319070.143, 112
Trd, 4319070.393, 112
Trd, 4319071.093, 140
Trd, 4319071.943, 139
Trd, 4319073.443, 140
Trd, 4319073.993, 116
Trd, 4319074.543, 81
Trd, 4319074.643, 76
Trd, 4319076.043, 139
Trd, 4319076.743, 140
Trd, 4319077.593, 140
Trd, 4319077.893, 140
Trd, 4319078.293, 140
Trd, 4319079.293, 140
Trd, 4319079.343, 140
Trd, 4319080.243, 140
Trd, 4319080.493, 140
Trd, 4319080.993, 140
Trd, 4319081.893, 138
Trd, 4319083.443, 140
Trd, 4319084.393, 140
Trd, 4319084.543, 140
Trd, 4319086.293, 140
Trd, 4319086.343, 139
Trd, 4319086.443, 138
Trd, 4319087.943, 140
Trd, 4319088.093, 140
Trd, 4319088.343, 122
Trd, 4319089.643, 114
Trd, 4319089.693, 137
Trd, 4319090.193, 139
Trd, 4319090.443, 140
Trd, 4319090.593, 108
Trd, 4319092.093, 139
Trd, 4319092.993, 139
Trd, 4319093.343, 139
Trd, 4319093.743, 131
Trd, 4319095.243, 108
Trd, 4319095.693, 134
Trd, 4319096.893, 137
Trd, 4319097.043, 111
Trd, 4319097.643, 140
Trd, 4319097.793, 140
Trd, 4319098.093, 131
Trd, 4319098.143, 60
Trd, 4319099.143, 140
Trd, 4319099.443, 64
Trd, 4319100.443, 139
Trd, 4319101.643, 140
Trd, 4319101.993, 140
Trd, 4319103.793, 140
Trd, 4319104.793, 140
Trd, 4319105.143, 140
Trd, 4319106.243, 140
Trd, 4319106.343, 140
Trd, 4319106.943, 140
Trd, 4319107.143, 140
Trd, 4319109.193, 140
Trd, 4319109.443, 140
Trd, 4319110.243, 138
Trd, 4319110.643, 94
Trd, 4319112.093, 85
Trd, 4319112.443, 74
Trd, 4319112.993, 91
Trd, 4319113.693, 92
Trd, 4319113.793, 95
Trd, 4319114.193, 74
Trd, 4319114.493, 129
Trd, 4319115.693, 140
Trd, 4319118.343, 140
Trd, 4319118.393, 140
Trd, 4319118.643, 139
Trd, 4319118.943, 133
Trd, 4319120.293, 140
Trd, 4319120.843, 140
Trd, 4319121.093, 139
Trd, 4319121.693, 139
Trd, 4319122.693, 139
Trd, 4319122.793, 138
Trd, 4319123.793, 138
Trd, 4319124.193, 120
Trd, 4319124.443, 120
Trd, 4319125.343, 106
Trd, 4319126.393, 140
Trd, 4319126.643, 140
Trd, 4319126.843, 129
Trd, 4319128.143, 140
Trd, 4319128.443, 140
Trd, 4319129.243, 138
Trd, 4319129.443, 95
Trd, 4319130.043, 60
Trd, 4319130.393, 140
Trd, 4319131.293, 140
Trd, 4319132.093, 140
Trd, 4319132.293, 140
Trd, 4319133.743, 140
Trd, 4319134.093, 140
Trd, 4319134.993, 132
Trd, 4319135.793, 81
Trd, 4319136.243, 135
Trd, 4319136.943, 112
Trd, 4319137.493, 140
Trd, 4319138.293, 120
Trd, 4319139.043, 63
Trd, 4319139.393, 61
Trd, 4319141.543, 140
Trd, 4319141.643, 140
Trd, 4319141.893, 139
Trd, 4319142.993, 140
Trd, 4319143.393, 137
Trd, 4319144.493, 127
Trd, 4319144.593, 83
Trd, 4319145.743, 140
Trd, 4319146.843, 132
Trd, 4319147.693, 140
Trd, 4319148.543, 90
Trd, 4319149.143, 126
Trd, 4319149.243, 126
Trd, 4319149.293, 112
Trd, 4319149.793, 91
Trd, 4319150.593, 134
Trd, 4319151.743, 139
Trd, 4319151.943, 138
Trd, 4319153.593, 60
Trd, 4319154.343, 60
Trd, 4319154.743, 60
Trd, 4319154.943, 61
Trd, 4319156.643, 60
Trd, 4319159.043, 60
Trd, 4319160.143, 60
Trd, 4319160.193, 62
Trd, 4319160.643, 62
Trd, 4319160.693, 61
Trd, 4319161.443, 62
Trd, 4319162.193, 61
Trd, 4319162.593, 60
Trd, 4319162.893, 61
Trd, 4319163.243, 60
Trd, 4319163.293, 64
Trd, 4319164.593, 140
Trd, 4319165.193, 140
Trd, 4319165.493, 140
Trd, 4319166.143, 140
Trd, 4319166.993, 139
Trd, 4319167.593, 61
Trd, 4319168.843, 62
Trd, 4319169.393, 139
Trd, 4319169.843, 138
Trd, 4319171.143, 140
Trd, 4319171.293, 138
Trd, 4319171.343, 137
Trd, 4319171.793, 96
Trd, 4319172.543, 63
Trd, 4319174.143, 140
Trd, 4319174.193, 135
Trd, 4319174.693, 98
Trd, 4319176.243, 140
Trd, 4319176.993, 140
Trd, 4319178.793, 140
Trd, 4319178.893, 140
Trd, 4319179.343, 140
Trd, 4319179.393, 139
Trd, 4319179.943, 140
Trd, 4319180.393, 140
Trd, 4319181.293, 139
Trd, 4319181.593, 135
Trd, 4319183.093, 140
Trd, 4319183.843, 140
Trd, 4319186.043, 140
Trd, 4319186.143, 134
Trd, 4319186.343, 140
Trd, 4319187.643, 140
Trd, 4319187.693, 82
Trd, 4319188.293, 140
Trd, 4319188.993, 140
Trd, 4319189.093, 140
Trd, 4319189.893, 140
Trd, 4319189.993, 139
Trd, 4319191.593, 62
Trd, 4319192.143, 63
Trd, 4319192.943, 61
Trd, 4319193.443, 60
Trd, 4319194.093, 60
Trd, 4319194.493, 62
Trd, 4319195.543, 61
Trd, 4319195.643, 65
Trd, 4319196.493, 60
Trd, 4319196.993, 60
Trd, 4319197.443, 60
Trd, 4319198.343, 62
Trd, 4319199.043, 60
Trd, 4319200.743, 60
Trd, 4319201.193, 70
Trd, 4319201.243, 72
Trd, 4319201.493, 64
Trd, 4319202.593, 65
Trd, 4319203.493, 66
Trd, 4319203.943, 62
Trd, 4319204.293, 62
Trd, 4319205.093, 139
Trd, 4319205.293, 80
Trd, 4319207.393, 140
Trd, 4319207.643, 140
Trd, 4319207.743, 140
Trd, 4319208.443, 140
Trd, 4319210.143, 140
Trd, 4319210.293, 140
Trd, 4319210.743, 139
Trd, 4319211.093, 139
Trd, 4319211.693, 114
Trd, 4319212.943, 140
Trd, 4319213.143, 135
Trd, 4319213.793, 129
Trd, 4319214.043, 112
Trd, 4319215.193, 140
Trd, 4319215.493, 140
Trd, 4319215.943, 139
Trd, 4319217.243, 62
Trd, 4319218.043, 60
Trd, 4319218.943, 60
Trd, 4319219.043, 60
Trd, 4319220.093, 63
Trd, 4319221.093, 68
Trd, 4319221.743, 68
Trd, 4319222.143, 69
Trd, 4319222.643, 119
Trd, 4319223.493, 140
Trd, 4319223.743, 140
Trd, 4319223.793, 139
Trd, 4319224.493, 134
Trd, 4319224.643, 139
Trd, 4319224.743, 133
Trd, 4319225.643, 139
Trd, 4319227.093, 64
Trd, 4319227.393, 65
Trd, 4319228.693, 63
Trd, 4319229.243, 66
Trd, 4319229.643, 60
Trd, 4319230.843, 60
Trd, 4319230.943, 60
Trd, 4319231.543, 61
Trd, 4319232.043, 67
Trd, 4319232.393, 79
Trd, 4319233.193, 61
Trd, 4319233.943, 84
Trd, 4319233.993, 83
Trd, 4319234.343, 118
Trd, 4319235.193, 118
Trd, 4319236.093, 140
Trd, 4319237.493, 140
Trd, 4319237.793, 128
Trd, 4319238.543, 140
Trd, 4319240.393, 140
Trd, 4319241.043, 140
Trd, 4319241.943, 139
Trd, 4319242.293, 138
Trd, 4319242.443, 129
Trd, 4319243.043, 127
Trd, 4319243.543, 120
Trd, 4319244.093, 140
Trd, 4319244.293, 140
Trd, 4319244.343, 79
Trd, 4319245.743, 140
Trd, 4319246.393, 139
Trd, 4319246.593, 124
Trd, 4319247.643, 77
Trd, 4319248.043, 140
Trd, 4319248.993, 97
Trd, 4319249.343, 82
Trd, 4319249.893, 140
Trd, 4319251.343, 140
Trd, 4319251.393, 135
Trd, 4319252.143, 139
Trd, 4319252.393, 140
Trd, 4319252.743, 140
Trd, 4319253.593, 135
Trd, 4319253.693, 74
Trd, 4319253.793, 67
Trd, 4319254.993, 63
Trd, 4319255.543, 60
Trd, 4319256.593, 65
Trd, 4319256.793, 66
Trd, 4319257.393, 60
Trd, 4319259.643, 60
Trd, 4319259.843, 60
Trd, 4319260.293, 60
Trd, 4319260.343, 65
Trd, 4319260.993, 61
Trd, 4319262.893, 60
Trd, 4319263.793, 60
Trd, 4319263.893, 61
Trd, 4319264.093, 61
Trd, 4319264.743, 60
Trd, 4319266.243, 60
Trd, 4319266.743, 61
Trd, 4319267.493, 60
Trd, 4319267.543, 63
Trd, 4319267.593, 68
Trd, 4319268.493, 61
Trd, 4319270.893, 60
Trd, 4319270.993, 61
Trd, 4319271.643, 62
Trd, 4319271.893, 62
Trd, 4319272.243, 63
Trd, 4319272.743, 75
Trd, 4319273.243, 140
Trd, 4319273.493, 85
Trd, 4319273.543, 84
Trd, 4319274.493, 64
Trd, 4319275.193, 64
Trd, 4319275.593, 65
Trd, 4319277.243, 61
Trd, 4319277.493, 63
Trd, 4319278.193, 138
Trd, 4319278.743, 138
Trd, 4319279.243, 140
Trd, 4319279.843, 140
Trd, 4319281.493, 140
Trd, 4319282.493, 140
Trd, 4319282.843, 140
Trd, 4319284.143, 140
Trd, 4319284.443, 140
Trd, 4319284.493, 97
Trd, 4319284.993, 140
Trd, 4319285.793, 140
Trd, 4319287.143, 130
Trd, 4319287.193, 128
Trd, 4319287.543, 140
Trd, 4319288.293, 140
Trd, 4319288.693, 140
Trd, 4319288.743, 84
Trd, 4319291.543, 140
Trd, 4319291.843, 140
Trd, 4319292.543, 140
Trd, 4319293.543, 140
Trd, 4319294.443, 140
Trd, 4319294.793, 140
Trd, 4319295.943, 140
Trd, 4319296.243, 140
Trd, 4319296.393, 138
Trd, 4319296.843, 133
Trd, 4319298.293, 63
Trd, 4319298.593, 64
Trd, 4319299.643, 139
Trd, 4319300.843, 140
Trd, 4319301.143, 140
Trd, 4319301.843, 140
Trd, 4319302.093, 140
Trd, 4319302.993, 140
Trd, 4319304.943, 140
Trd, 4319305.193, 140
Trd, 4319306.143, 140
Trd, 4319306.393, 140
Trd, 4319306.643, 140
Trd, 4319306.893, 140
Trd, 4319307.943, 138
Trd, 4319308.643, 130
Trd, 4319308.893, 139
Trd, 4319309.193, 72
Trd, 4319310.293, 62
Trd, 4319311.043, 140
Trd, 4319311.193, 117
Trd, 4319311.993, 138
Trd, 4319312.643, 139
Trd, 4319313.293, 140
Trd, 4319313.393, 136
Trd, 4319313.893, 139
Trd, 4319315.393, 114
Trd, 4319315.743, 113
Trd, 4319316.843, 64
Trd, 4319317.743, 119
Trd, 4319318.893, 140
Trd, 4319320.193, 140
Trd, 4319320.243, 140
Trd, 4319320.693, 125
Trd, 4319322.293, 133
Trd, 4319322.893, 130
Trd, 4319323.393, 140
Trd, 4319323.743, 139
Trd, 4319324.543, 96
Trd, 4319324.743, 95
Trd, 4319325.943, 140
Trd, 4319325.993, 140
Trd, 4319326.793, 139
Trd, 4319327.443, 135
Trd, 4319329.843, 61
Trd, 4319329.893, 61
Trd, 4319330.043, 63
Trd, 4319330.243, 69
Trd, 4319330.943, 139
Trd, 4319332.143, 60
Trd, 4319332.343, 60
Trd, 4319333.143, 60
Trd, 4319333.893, 63
Trd, 4319334.143, 64
Trd, 4319334.593, 139
Trd, 4319335.193, 65
Trd, 4319336.043, 63
Trd, 4319336.243, 69
Trd, 4319336.743, 140
Trd, 4319337.793, 140
Trd, 4319338.843, 140
Trd, 4319338.943, 138
Trd, 4319340.343, 139
Trd, 4319340.443, 137
Trd, 4319340.493, 136
Trd, 4319341.943, 140
Trd, 4319342.693, 140
Trd, 4319343.293, 140
Trd, 4319343.693, 140
Trd, 4319345.043, 138
Trd, 4319345.693, 117
Trd, 4319345.893, 111
Trd, 4319346.993, 140
Trd, 4319347.793, 139
Trd, 4319349.343, 138
Trd, 4319349.743, 138
Trd, 4319350.693, 139
Trd, 4319351.593, 140
Trd, 4319351.693, 139
Trd, 4319352.743, 139
Trd, 4319352.843, 138
Trd, 4319353.193, 120
Trd, 4319354.343, 60
Trd, 4319354.743, 72
Trd, 4319354.893, 73
Trd, 4319355.443, 60
Trd, 4319355.693, 60
Trd, 4319356.793, 63
Trd, 4319356.943, 65
Trd, 4319358.043, 61
Trd, 4319359.593, 60
Trd, 4319359.693, 60
Trd, 4319362.193, 60
Trd, 4319362.543, 60
Trd, 4319363.543, 60
Trd, 4319364.843, 60
Trd, 4319365.493, 60
Trd, 4319366.143, 60
Trd, 4319366.293, 60
Trd, 4319366.543, 61
Trd, 4319367.393, 64
Trd, 4319370.093, 62
Trd, 4319370.643, 65
Trd, 4319371.993, 60
Trd, 4319372.493, 60
Trd, 4319372.943, 61
Trd, 4319373.593, 63
Trd, 4319374.243, 60
Trd, 4319374.343, 63
Trd, 4319374.643, 63
Trd, 4319375.143, 64
Trd, 4319375.543, 61
Trd, 4319375.643, 62
Trd, 4319375.693, 66
Trd, 4319376.493, 61
Trd, 4319377.293, 64
Trd, 4319378.093, 69
Trd, 4319378.393, 61
Trd, 4319380.893, 60
Trd, 4319381.293, 62
Trd, 4319381.593, 66
Trd, 4319382.093, 61
Trd, 4319383.143, 66
Trd, 4319383.243, 101
Trd, 4319383.843, 60
Trd, 4319383.943, 60
Trd, 4319384.293, 64
Trd, 4319385.943, 66
Trd, 4319386.093, 66
Trd, 4319387.193, 60
Trd, 4319387.243, 61
Trd, 4319388.393, 65
Trd, 4319389.043, 62
Trd, 4319390.393, 60
Trd, 4319390.943, 60
Trd, 4319391.443, 60
Trd, 4319392.193, 60
Trd, 4319392.393, 61
Trd, 4319393.043, 60
Trd, 4319394.043, 62
Trd, 4319394.793, 62
Trd, 4319394.843, 61
Trd, 4319396.043, 70
Trd, 4319396.093, 63
Trd, 4319396.493, 71
Trd, 4319396.543, 61
Trd, 4319398.243, 60
Trd, 4319398.343, 60
Trd, 4319399.093, 62
Trd, 4319399.893, 61
Trd, 4319400.243, 61
Trd, 4319400.593, 62
Trd, 4319400.843, 66
Trd, 4319401.543, 60
Trd, 4319402.193, 67
Trd, 4319402.693, 67
Trd, 4319403.093, 65
Trd, 4319403.443, 80
Trd, 4319405.193, 61
Trd, 4319406.743, 60
Trd, 4319407.293, 64
Trd, 4319407.793, 64
Trd, 4319407.893, 61
Trd, 4319409.993, 60
Trd, 4319411.143, 60
Trd, 4319411.193, 63
Trd, 4319411.443, 63
Trd, 4319411.593, 64
Trd, 4319412.143, 140
Trd, 4319413.593, 60
Trd, 4319414.043, 61
Trd, 4319414.493, 61
Trd, 4319415.043, 63
Trd, 4319415.743, 61
Trd, 4319415.793, 62
Trd, 4319415.943, 64
Trd, 4319416.693, 68
Trd, 4319417.443, 61
Trd, 4319419.093, 63
Trd, 4319419.393, 60
Trd, 4319420.293, 140
Trd, 4319420.343, 140
Trd, 4319420.743, 139
Trd, 4319421.543, 84
Trd, 4319421.693, 84
Trd, 4319423.543, 140
Trd, 4319423.593, 140
Trd, 4319423.743, 139
Trd, 4319423.843, 65
Trd, 4319426.043, 65
Trd, 4319427.393, 60
Trd, 4319427.493, 62
Trd, 4319428.093, 114
Trd, 4319428.843, 61
Trd, 4319429.743, 64
Trd, 4319430.293, 62
Trd, 4319430.343, 63
Trd, 4319430.593, 62
Trd, 4319430.843, 62
Trd, 4319431.293, 70
Trd, 4319431.743, 139
Trd, 4319432.643, 65
Trd, 4319432.993, 140
Trd, 4319433.543, 140
Trd, 4319433.843, 75
Trd, 4319433.993, 89
Trd, 4319434.643, 88
Trd, 4319436.493, 140
Trd, 4319436.693, 140
Trd, 4319438.593, 140
Trd, 4319438.743, 138
Trd, 4319439.343, 140
Trd, 4319439.543, 140
Trd, 4319440.093, 139
Trd, 4319440.543, 139
Trd, 4319441.243, 69
Trd, 4319441.643, 84
Trd, 4319442.243, 113
Trd, 4319443.693, 140
Trd, 4319443.993, 140
Trd, 4319444.343, 140
Trd, 4319444.893, 140
Trd, 4319446.343, 140
Trd, 4319446.643, 87
Trd, 4319447.193, 140
Trd, 4319448.043, 140
Trd, 4319448.793, 140
Trd, 4319448.943, 140
Trd, 4319449.543, 138
Trd, 4319449.943, 60
Trd, 4319450.143, 112
Trd, 4319450.443, 113
Trd, 4319450.993, 138
Trd, 4319451.693, 139
Trd, 4319453.093, 69
Trd, 4319453.143, 70
Trd, 4319454.393, 62
Trd, 4319456.043, 60
Trd, 4319456.243, 60
Trd, 4319456.643, 61
Trd, 4319457.893, 60
Trd, 4319458.293, 61
Trd, 4319458.343, 62
Trd, 4319458.493, 61
Trd, 4319459.343, 61
Trd, 4319459.893, 70
Trd, 4319460.943, 66
Trd, 4319461.693, 74
Trd, 4319462.093, 65
Trd, 4319462.543, 65
Trd, 4319462.743, 67
Trd, 4319462.893, 81
Trd, 4319464.043, 64
Trd, 4319464.593, 63
Trd, 4319464.893, 65
Trd, 4319466.893, 61
Trd, 4319467.093, 61
Trd, 4319467.143, 64
Trd, 4319467.993, 63
Trd, 4319469.343, 70
Trd, 4319470.443, 60
Trd, 4319470.493, 60
Trd, 4319472.643, 60
Trd, 4319473.343, 60
Trd, 4319473.443, 60
Trd, 4319474.343, 60
Trd, 4319474.493, 63
Trd, 4319474.593, 65
Trd, 4319475.143, 61
Trd, 4319475.493, 64
Trd, 4319475.543, 64
Trd, 4319476.393, 77
Trd, 4319477.343, 60
Trd, 4319477.543, 60
Trd, 4319477.943, 64
Trd, 4319479.843, 61
Trd, 4319479.993, 62
Trd, 4319481.143, 65
Trd, 4319481.543, 61
Trd, 4319482.493, 61
Trd, 4319482.893, 66
Trd, 4319483.043, 62
Trd, 4319483.143, 76
Trd, 4319483.643, 61
Trd, 4319484.243, 71
Trd, 4319485.843, 60
Trd, 4319486.343, 63
Trd, 4319487.143, 66
Trd, 4319487.693, 68
Trd, 4319488.393, 60
Trd, 4319488.543, 60
Trd, 4319488.693, 63
Trd, 4319489.393, 64
Trd, 4319490.593, 62
Trd, 4319491.393, 140
Trd, 4319491.793, 66
Trd, 4319492.393, 66
Trd, 4319493.043, 138
Trd, 4319493.443, 140
Trd, 4319494.943, 61
Trd, 4319495.293, 63
Trd, 4319495.343, 65
Trd, 4319496.143, 60
Trd, 4319497.743, 61
Trd, 4319498.293, 78
Trd, 4319498.843, 60
Trd, 4319499.443, 69
Trd, 4319500.193, 60
Trd, 4319501.293, 60
Trd, 4319501.643, 60
Trd, 4319502.043, 60
Trd, 4319502.293, 60
Trd, 4319502.743, 62
Trd, 4319503.193, 63
Trd, 4319504.043, 137
Trd, 4319505.043, 61
Trd, 4319505.893, 60
Trd, 4319507.143, 64
Trd, 4319508.243, 61
Trd, 4319508.543, 62
Trd, 4319508.893, 61
Trd, 4319509.943, 61
Trd, 4319512.043, 60
Trd, 4319512.143, 61
Trd, 4319512.993, 60
Trd, 4319514.343, 60
Trd, 4319514.393, 61
Trd, 4319515.093, 61
Trd, 4319515.143, 73
Trd, 4319515.793, 61
Trd, 4319516.493, 140
Trd, 4319516.593, 140
Trd, 4319516.793, 140
Trd, 4319518.143, 139
Trd, 4319519.243, 139
Trd, 4319519.543, 139
Trd, 4319520.143, 135
Trd, 4319520.193, 121
Trd, 4319521.043, 137
Trd, 4319521.443, 124
Trd, 4319523.193, 120
Trd, 4319523.993, 139
Trd, 4319524.093, 138
Trd, 4319525.393, 133
Trd, 4319525.593, 133
Trd, 4319526.143, 102
Trd, 4319526.393, 140
Trd, 4319528.143, 140
Trd, 4319529.043, 140
Trd, 4319529.943, 140
Trd, 4319530.243, 139
Trd, 4319530.693, 140
Trd, 4319532.193, 139
Trd, 4319532.593, 139
Trd, 4319533.293, 138
Trd, 4319533.743, 124
Trd, 4319534.193, 122
Trd, 4319534.543, 102
Trd, 4319535.093, 139
Trd, 4319535.543, 98
Trd, 4319536.743, 139
Trd, 4319537.193, 61
Trd, 4319537.243, 62
Trd, 4319537.743, 65
Trd, 4319539.743, 68
Trd, 4319540.143, 60
Trd, 4319540.243, 61
Trd, 4319540.743, 62
Trd, 4319540.993, 64
Trd, 4319541.093, 63
Trd, 4319542.393, 60
Trd, 4319542.643, 60
Trd, 4319542.693, 61
Trd, 4319543.543, 109
Trd, 4319544.843, 88
Trd, 4319545.243, 139
Trd, 4319545.943, 120
Trd, 4319546.743, 140
Trd, 4319546.893, 139
Trd, 4319547.493, 68
Trd, 4319547.643, 121
Trd, 4319548.593, 90
Trd, 4319549.843, 140
Trd, 4319550.343, 140
Trd, 4319551.243, 140
Trd, 4319551.443, 140
Trd, 4319552.743, 139
Trd, 4319553.593, 131
Trd, 4319553.993, 71
Trd, 4319554.443, 139
Trd, 4319554.543, 139
Trd, 4319556.243, 140
Trd, 4319556.593, 140
Trd, 4319557.993, 140
Trd, 4319558.893, 140
Trd, 4319559.843, 140
Trd, 4319559.893, 140
Trd, 4319561.543, 140
Trd, 4319561.893, 140
Trd, 4319562.043, 139
Trd, 4319562.293, 140
Trd, 4319562.643, 111
Trd, 4319563.593, 138
Trd, 4319564.643, 112
Trd, 4319564.743, 111
Trd, 4319566.343, 140
Trd, 4319566.493, 140
Trd, 4319568.193, 140
Trd, 4319568.293, 140
Trd, 4319568.743, 140
Trd, 4319568.993, 139
Trd, 4319570.893, 140
Trd, 4319571.643, 140
Trd, 4319572.343, 122
Trd, 4319572.443, 117
Trd, 4319573.693, 60
Trd, 4319573.993, 61
Trd, 4319574.143, 62
Trd, 4319574.643, 67
Trd, 4319574.743, 68
Trd, 4319575.743, 63
Trd, 4319576.343, 63
Trd, 4319576.993, 63
Trd, 4319577.443, 140
Trd, 4319577.993, 140
Trd, 4319578.093, 140
Trd, 4319578.543, 90
Trd, 4319580.443, 140
Trd, 4319580.793, 136
Trd, 4319580.843, 135
Trd, 4319581.593, 95
Trd, 4319582.593, 121
Trd, 4319582.743, 140
Trd, 4319584.393, 140
Trd, 4319584.793, 140
Trd, 4319585.143, 140
Trd, 4319585.593, 139
Trd, 4319586.743, 128
Trd, 4319587.543, 140
Trd, 4319588.943, 140
Trd, 4319589.843, 140
Trd, 4319590.043, 140
Trd, 4319590.393, 139
Trd, 4319590.443, 136
Trd, 4319590.943, 120
Trd, 4319591.493, 140
Trd, 4319592.743, 138
Trd, 4319592.893, 83
Trd, 4319594.243, 62
Trd, 4319594.843, 61
Trd, 4319594.943, 62
Trd, 4319595.843, 60
Trd, 4319596.043, 63
Trd, 4319597.743, 61
Trd, 4319598.443, 61
Trd, 4319599.143, 61
Trd, 4319599.343, 63
Trd, 4319599.893, 62
Trd, 4319600.443, 67
Trd, 4319602.043, 62
Trd, 4319602.493, 61
Trd, 4319603.093, 61
Trd, 4319604.243, 60
Trd, 4319604.393, 60
Trd, 4319604.993, 63
Trd, 4319605.093, 76
Trd, 4319605.543, 60
Trd, 4319606.993, 70
Trd, 4319607.043, 76
Trd, 4319608.093, 62
Trd, 4319608.943, 80
Trd, 4319610.043, 60
Trd, 4319611.043, 60
Trd, 4319611.243, 61
Trd, 4319612.193, 63
Trd, 4319613.193, 64
Trd, 4319613.293, 68
Trd, 4319613.893, 60
Trd, 4319615.943, 60
Trd, 4319617.043, 60
Trd, 4319617.193, 61
Trd, 4319617.493, 60
Trd, 4319618.093, 62
Trd, 4319618.443, 61
Trd, 4319618.693, 60
Trd, 4319619.643, 60
Trd, 4319619.693, 61
Trd, 4319620.193, 71
Trd, 4319620.243, 88
Trd, 4319623.293, 60
Trd, 4319623.443, 60
Trd, 4319623.793, 60
Trd, 4319623.843, 61
Trd, 4319624.193, 61
Trd, 4319626.393, 60
Trd, 4319626.993, 61
Trd, 4319627.293, 61
Trd, 4319629.043, 60
Trd, 4319629.243, 60
Trd, 4319630.093, 60
Trd, 4319630.243, 61
Trd, 4319631.243, 65
Trd, 4319631.643, 60
Trd, 4319631.693, 60
Trd, 4319631.793, 63
Trd, 4319634.793, 61
Trd, 4319635.093, 62
Trd, 4319635.493, 62
Trd, 4319636.193, 63
Trd, 4319636.843, 61
Trd, 4319637.893, 62
Trd, 4319638.143, 63
Trd, 4319640.043, 62
Trd, 4319640.243, 63
Trd, 4319640.343, 65
Trd, 4319641.193, 109
Trd, 4319641.243, 108
Trd, 4319642.043, 140
Trd, 4319643.143, 94
Trd, 4319643.843, 61
Trd, 4319644.043, 62
Trd, 4319644.593, 62
Trd, 4319645.143, 62
Trd, 4319646.093, 140
Trd, 4319646.543, 65
Trd, 4319647.543, 140
Trd, 4319648.593, 140
Trd, 4319648.793, 140
Trd, 4319649.293, 93
Trd, 4319650.343, 140
Trd, 4319650.893, 140
Trd, 4319651.043, 139
Trd, 4319651.143, 67
Trd, 4319652.393, 140
Trd, 4319652.743, 140
Trd, 4319652.793, 139
Trd, 4319653.543, 133
Trd, 4319654.293, 106
Trd, 4319655.293, 137
Trd, 4319656.093, 126
Trd, 4319656.843, 126
Trd, 4319656.993, 127
Trd, 4319657.593, 126
Trd, 4319657.743, 137
Trd, 4319658.993, 140
Trd, 4319659.243, 140
Trd, 4319660.343, 140
Trd, 4319661.493, 140
Trd, 4319661.793, 140
Trd, 4319662.443, 139
Trd, 4319662.593, 127
Trd, 4319663.543, 131
Trd, 4319664.593, 140
Trd, 4319665.593, 140
Trd, 4319666.043, 140
Trd, 4319667.493, 140
Trd, 4319667.643, 140
Trd, 4319668.443, 140
Trd, 4319669.043, 140
Trd, 4319669.243, 140
Trd, 4319669.293, 140
Trd, 4319671.643, 72
Trd, 4319672.243, 60
Trd, 4319672.293, 63
Trd, 4319673.293, 60
Trd, 4319673.543, 60
Trd, 4319674.143, 61
Trd, 4319674.393, 63
Trd, 4319674.643, 60
Trd, 4319675.543, 62
Trd, 4319675.793, 64
Trd, 4319676.393, 67
Trd, 4319677.593, 60
Trd, 4319677.843, 87
Trd, 4319678.243, 61
Trd, 4319679.693, 61
Trd, 4319680.393, 102
Trd, 4319681.293, 140
Trd, 4319681.643, 140
Trd, 4319681.843, 140
Trd, 4319682.093, 140
Trd, 4319683.093, 60
Trd, 4319683.543, 79
Trd, 4319684.493, 95
Trd, 4319685.993, 140
Trd, 4319686.093, 139
Trd, 4319686.293, 140
Trd, 4319686.743, 140
Trd, 4319687.493, 140
Trd, 4319688.093, 140
Trd, 4319688.793, 86
Trd, 4319689.043, 103
Trd, 4319689.393, 139
Trd, 4319689.693, 70
Trd, 4319692.393, 140
Trd, 4319693.693, 140
Trd, 4319694.343, 140
Trd, 4319694.643, 140
Trd, 4319694.743, 140
Trd, 4319695.443, 140
Trd, 4319695.543, 140
Trd, 4319695.843, 140
Trd, 4319696.243, 138
Trd, 4319696.693, 62
Trd, 4319697.493, 140
Trd, 4319698.893, 60
Trd, 4319699.043, 60
Trd, 4319699.493, 62
Trd, 4319699.593, 60
Trd, 4319700.943, 60
Trd, 4319701.043, 61
Trd, 4319701.493, 64
Trd, 4319701.943, 139
Trd, 4319702.843, 60
Trd, 4319703.893, 140
Trd, 4319703.943, 140
Trd, 4319704.293, 140
Trd, 4319705.893, 61
Trd, 4319706.643, 60
Trd, 4319707.393, 60
Trd, 4319708.143, 63
Trd, 4319708.543, 63
Trd, 4319708.893, 66
Trd, 4319709.143, 60
Trd, 4319709.293, 66
Trd, 4319709.343, 100
Trd, 4319710.543, 140
Trd, 4319710.643, 140
Trd, 4319712.143, 61
Trd, 4319712.343, 97
Trd, 4319713.343, 65
Trd, 4319713.893, 65
Trd, 4319714.043, 64
Trd, 4319714.293, 107
Trd, 4319715.443, 60
Trd, 4319716.843, 60
Trd, 4319717.143, 60
Trd, 4319717.643, 68
Trd, 4319717.843, 63
Trd, 4319719.093, 70
Trd, 4319719.743, 66
Trd, 4319720.443, 88
Trd, 4319720.543, 73
Trd, 4319722.193, 90
Trd, 4319722.293, 89
Trd, 4319722.743, 140
Trd, 4319722.943, 126
Trd, 4319723.243, 89
Trd, 4319723.493, 67
Trd, 4319724.293, 61
Trd, 4319725.143, 140
Trd, 4319725.793, 65
Trd, 4319727.393, 110
Trd, 4319727.843, 90
Trd, 4319728.093, 89
Trd, 4319728.143, 76
Trd, 4319729.443, 60
Trd, 4319729.993, 140
Trd, 4319731.293, 60
Trd, 4319732.093, 60
Trd, 4319732.893, 60
Trd, 4319734.293, 60
Trd, 4319735.293, 60
Trd, 4319735.443, 61
Trd, 4319737.093, 60
Trd, 4319737.343, 60
Trd, 4319737.843, 60
Trd, 4319738.093, 60
Trd, 4319738.443, 61
Trd, 4319738.543, 62
Trd, 4319738.743, 62
Trd, 4319739.943, 63
Trd, 4319740.093, 62
Trd, 4319740.193, 64
Trd, 4319741.293, 60
Trd, 4319742.343, 62
Trd, 4319743.093, 60
Trd, 4319744.193, 61
Trd, 4319745.443, 60
Trd, 4319745.543, 60
Trd, 4319746.843, 60
Trd, 4319747.943, 60
Trd, 4319748.293, 60
Trd, 4319748.343, 60
Trd, 4319748.443, 62
Trd, 4319749.193, 61
Trd, 4319749.593, 62
Trd, 4319749.743, 63
Trd, 4319751.943, 62
Trd, 4319752.993, 60
Trd, 4319753.143, 60
Trd, 4319754.993, 62
Trd, 4319755.093, 63
Trd, 4319755.443, 63
Trd, 4319755.643, 62
Trd, 4319755.743, 64
Trd, 4319756.843, 61
Trd, 4319757.293, 63
Trd, 4319757.643, 63
Trd, 4319758.093, 61
Trd, 4319759.393, 79
Trd, 4319760.093, 60
Trd, 4319761.293, 60
Trd, 4319761.343, 60
Trd, 4319761.593, 62
Trd, 4319762.143, 60
Trd, 4319762.193, 64
Trd, 4319763.043, 69
Trd, 4319763.393, 61
Trd, 4319764.193, 61
Trd, 4319764.293, 73
Trd, 4319764.943, 67
Trd, 4319766.293, 60
Trd, 4319767.043, 61
Trd, 4319767.843, 61
Trd, 4319768.293, 60
Trd, 4319769.343, 60
Trd, 4319769.843, 62
Trd, 4319769.943, 63
Trd, 4319770.543, 64
Trd, 4319771.993, 62
Trd, 4319772.393, 62
Trd, 4319772.643, 61
Trd, 4319773.943, 60
Trd, 4319775.393, 60
Trd, 4319775.693, 63
Trd, 4319776.343, 67
Trd, 4319776.493, 68
Trd, 4319776.693, 61
Trd, 4319776.943, 102
Trd, 4319777.793, 64
Trd, 4319779.743, 60
Trd, 4319780.093, 61
Trd, 4319780.593, 65
Trd, 4319781.393, 65
Trd, 4319781.643, 133
Trd, 4319782.493, 63
Trd, 4319782.693, 138
Trd, 4319783.193, 140
Trd, 4319783.243, 139
Trd, 4319783.693, 140
Trd, 4319784.943, 107
Trd, 4319785.743, 106
Trd, 4319786.193, 132
Trd, 4319787.643, 140
Trd, 4319787.893, 139
Trd, 4319789.593, 140
Trd, 4319790.093, 140
Trd, 4319790.143, 140
Trd, 4319791.193, 100
Trd, 4319791.593, 138
Trd, 4319792.593, 125
Trd, 4319792.943, 140
Trd, 4319794.143, 139
Trd, 4319794.443, 138
Trd, 4319795.443, 139
Trd, 4319795.893, 138
Trd, 4319796.793, 127
Trd, 4319797.693, 104
Trd, 4319797.843, 90
Trd, 4319798.893, 60
Trd, 4319799.543, 60
Trd, 4319799.993, 60
Trd, 4319800.493, 60
Trd, 4319801.343, 61
Trd, 4319801.643, 61
Trd, 4319802.743, 62
Trd, 4319803.143, 60
Trd, 4319803.543, 62
Trd, 4319804.093, 62
Trd, 4319804.143, 63
Trd, 4319804.593, 66
Trd, 4319805.293, 74
Trd, 4319806.043, 65
Trd, 4319806.993, 140
Trd, 4319807.543, 140
Trd, 4319808.143, 100
Trd, 4319808.393, 68
Trd, 4319808.993, 140
Trd, 4319810.093, 68
Trd, 4319811.193, 128
Trd, 4319811.643, 140
Trd, 4319812.243, 128
Trd, 4319813.643, 60
Trd, 4319813.893, 64
Trd, 4319814.193, 67
Trd, 4319814.843, 63
Trd, 4319815.593, 60
Trd, 4319816.693, 60
Trd, 4319817.243, 70
Trd, 4319817.993, 61
Trd, 4319818.643, 60
Trd, 4319819.943, 66
Trd, 4319820.393, 66
Trd, 4319821.893, 60
Trd, 4319821.943, 61
Trd, 4319822.593, 61
Trd, 4319822.693, 72
Trd, 4319823.393, 72
Trd, 4319823.493, 65
Trd, 4319824.143, 61
Trd, 4319825.843, 61
Trd, 4319825.943, 66
Trd, 4319826.743, 65
Trd, 4319826.893, 66
Trd, 4319827.093, 75
Trd, 4319827.443, 128
Trd, 4319828.443, 64
Trd, 4319828.593, 61
Trd, 4319829.793, 63
Trd, 4319830.093, 61
Trd, 4319831.243, 62
Trd, 4319831.543, 61
Trd, 4319832.343, 61
Trd, 4319832.993, 60
Trd, 4319833.043, 60
Trd, 4319834.493, 60
Trd, 4319835.593, 60
Trd, 4319836.543, 61
Trd, 4319837.093, 60
Trd, 4319837.793, 60
Trd, 4319839.693, 60
Trd, 4319839.993, 60
Trd, 4319840.793, 61
Trd, 4319841.193, 62
Trd, 4319842.293, 63
Trd, 4319842.493, 65
Trd, 4319842.993, 62
Trd, 4319843.693, 60
Trd, 4319844.243, 61
Trd, 4319845.693, 60
Trd, 4319845.943, 62
Trd, 4319846.193, 61
Trd, 4319846.643, 60
Trd, 4319847.143, 62
Trd, 4319847.893, 60
Trd, 4319848.143, 65
Trd, 4319849.243, 69
Trd, 4319850.943, 60
Trd, 4319851.693, 60
Trd, 4319852.843, 60
Trd, 4319853.243, 62
Trd, 4319853.593, 61
Trd, 4319853.693, 64
Trd, 4319853.793, 65
Trd, 4319854.293, 65
Trd, 4319855.293, 60
Trd, 4319856.343, 60
Trd, 4319856.493, 60
Trd, 4319856.543, 62
Trd, 4319857.793, 61
Trd, 4319858.693, 60
Trd, 4319858.993, 60
Trd, 4319859.193, 61
Trd, 4319859.893, 62
Trd, 4319860.093, 62
Trd, 4319860.643, 62
Trd, 4319860.843, 63
Trd, 4319861.543, 61
Trd, 4319861.643, 64
Trd, 4319863.093, 140
Trd, 4319863.493, 140
Trd, 4319863.593, 140
Trd, 4319865.393, 140
Trd, 4319865.943, 140
Trd, 4319866.143, 140
Trd, 4319866.393, 107
Trd, 4319866.893, 140
Trd, 4319868.393, 140
Trd, 4319868.593, 140
Trd, 4319868.893, 140
Trd, 4319869.693, 139
Trd, 4319869.893, 90
Trd, 4319870.593, 111
Trd, 4319871.993, 140
Trd, 4319872.643, 138
Trd, 4319872.743, 137
Trd, 4319873.743, 65
Trd, 4319875.593, 74
Trd, 4319876.543, 139
Trd, 4319876.993, 139
Trd, 4319877.293, 63
Trd, 4319878.343, 140
Trd, 4319879.193, 140
Trd, 4319880.843, 140
Trd, 4319881.993, 140
Trd, 4319882.043, 140
Trd, 4319882.143, 88
Trd, 4319882.343, 140
Trd, 4319883.393, 63
Trd, 4319883.543, 64
Trd, 4319884.193, 60
Trd, 4319884.893, 61
Trd, 4319885.393, 124
Trd, 4319886.993, 140
Trd, 4319887.093, 140
Trd, 4319887.643, 140
Trd, 4319888.293, 139
Trd, 4319889.443, 140
Trd, 4319890.443, 139
Trd, 4319890.843, 98
Trd, 4319891.043, 60
Trd, 4319891.543, 139
Trd, 4319892.593, 65
Trd, 4319893.093, 128
Trd, 4319894.243, 105
Trd, 4319894.293, 104
Trd, 4319895.043, 68
Trd, 4319895.493, 140
Trd, 4319896.243, 109
Trd, 4319897.393, 139
Trd, 4319898.093, 137
Trd, 4319898.143, 67
Trd, 4319898.543, 134
Trd, 4319898.593, 63
Trd, 4319898.793, 140
Trd, 4319899.993, 60
Trd, 4319901.293, 60
Trd, 4319901.593, 60
Trd, 4319903.493, 60
Trd, 4319903.943, 60
Trd, 4319904.193, 64
Trd, 4319904.243, 64
Trd, 4319905.543, 60
Trd, 4319907.493, 60
Trd, 4319907.593, 60
Trd, 4319907.743, 60
Trd, 4319908.943, 60
Trd, 4319908.993, 61
Trd, 4319909.843, 61
Trd, 4319909.893, 68
Trd, 4319911.443, 61
Trd, 4319912.393, 61
Trd, 4319912.543, 60
Trd, 4319913.093, 62
Trd, 4319913.243, 64
Trd, 4319915.343, 62
Trd, 4319915.743, 62
Trd, 4319915.843, 60
Trd, 4319916.093, 66
Trd, 4319917.143, 106
Trd, 4319917.643, 61
Trd, 4319918.543, 61
Trd, 4319919.893, 61
Trd, 4319920.043, 60
Trd, 4319920.693, 61
Trd, 4319920.943, 65
Trd, 4319921.493, 63
Trd, 4319923.643, 60
Trd, 4319923.943, 60
Trd, 4319924.593, 60
Trd, 4319925.293, 60
Trd, 4319925.643, 60
Trd, 4319925.743, 61
Trd, 4319925.843, 62
Trd, 4319926.343, 63
Trd, 4319928.493, 60
Trd, 4319931.393, 60
Trd, 4319932.193, 60
Trd, 4319933.143, 60
Trd, 4319933.293, 60
Trd, 4319933.393, 62
Trd, 4319933.493, 63
Trd, 4319933.543, 63
Trd, 4319935.593, 66
Trd, 4319935.643, 65
Trd, 4319935.693, 67
Trd, 4319935.793, 62
Trd, 4319936.343, 60
Trd, 4319936.743, 117
Trd, 4319937.243, 60
Trd, 4319938.243, 60
Trd, 4319940.143, 60
Trd, 4319940.343, 60
Trd, 4319941.593, 62
Trd, 4319941.993, 63
Trd, 4319942.043, 63
Trd, 4319942.543, 139
Trd, 4319942.943, 64
Trd, 4319944.143, 132
Trd, 4319944.193, 131
Trd, 4319945.043, 138
Trd, 4319945.243, 137
Trd, 4319945.393, 132
Trd, 4319946.843, 140
Trd, 4319947.493, 111
Trd, 4319947.943, 139
Trd, 4319949.093, 140
Trd, 4319949.143, 140
Trd, 4319949.843, 140
Trd, 4319950.393, 83
Trd, 4319950.743, 117
Trd, 4319951.893, 140
Trd, 4319952.793, 140
Trd, 4319952.843, 140
Trd, 4319953.943, 140
Trd, 4319954.143, 140
Trd, 4319955.893, 140
Trd, 4319955.943, 138
Trd, 4319956.693, 133
Trd, 4319958.443, 140
Trd, 4319958.843, 140
Trd, 4319958.893, 75
Trd, 4319959.093, 65
Trd, 4319959.993, 138
Trd, 4319960.643, 68
Trd, 4319960.943, 63
Trd, 4319960.993, 67
Trd, 4319962.593, 120
Trd, 4319963.293, 99
Trd, 4319963.743, 134
Trd, 4319963.793, 133
Trd, 4319965.343, 140
Trd, 4319965.993, 140
Trd, 4319966.793, 140
Trd, 4319967.243, 140
Trd, 4319967.643, 140
Trd, 4319968.243, 140
Trd, 4319968.743, 140
Trd, 4319969.093, 140
Trd, 4319969.843, 138
Trd, 4319970.993, 116
Trd, 4319971.743, 140
Trd, 4319972.843, 140
Trd, 4319973.093, 139
Trd, 4319973.143, 139
Trd, 4319975.343, 140
Trd, 4319975.443, 140
Trd, 4319975.643, 140
Trd, 4319975.693, 84
Trd, 4319976.643, 140
Trd, 4319978.093, 140
Trd, 4319978.543, 140
Trd, 4319979.393, 76
Trd, 4319980.393, 65
Trd, 4319980.643, 83
Trd, 4319980.993, 73
Trd, 4319981.643, 61
Trd, 4319981.943, 61
Trd, 4319982.943, 60
Trd, 4319983.643, 60
Trd, 4319984.793, 60
Trd, 4319984.893, 63
Trd, 4319985.193, 60
Trd, 4319986.743, 61
Trd, 4319987.393, 61
Trd, 4319987.693, 60
Trd, 4319989.693, 61
Trd, 4319989.793, 60
Trd, 4319990.493, 62
Trd, 4319990.793, 67
Trd, 4319990.893, 62
Trd, 4319991.293, 61
Trd, 4319991.543, 62
Trd, 4319991.893, 63
Trd, 4319992.343, 69
Trd, 4319993.043, 84
Trd, 4319993.393, 86
Trd, 4319993.543, 83
Trd, 4319994.593, 139
Trd, 4319994.643, 137
Trd, 4319995.493, 60
Trd, 4319997.593, 60
