Trd, 4318132.493, 105
Trd, 4318132.643, 75
Trd, 4318134.143, 124
Trd, 4318134.293, 117
Trd, 4318135.293, 85
Trd, 4318135.593, 99
Trd, 4318136.843, 112
Trd, 4318137.043, 88
Trd, 4318137.493, 95
Trd, 4318138.193, 78
Trd, 4318138.243, 106
Trd, 4318139.543, 83
Trd, 4318140.193, 113
Trd, 4318140.693, 74
Trd, 4318141.143, 65
Trd, 4318143.093, 113
Trd, 4318144.043, 136
Trd, 4318144.093, 121
Trd, 4318144.493, 104
Trd, 4318144.993, 134
Trd, 4318145.043, 122
Trd, 4318146.343, 126
Trd, 4318146.843, 97
Trd, 4318147.693, 110
Trd, 4318148.793, 94
Trd, 4318148.943, 95
Trd, 4318149.493, 98
Trd, 4318149.743, 115
Trd, 4318149.843, 72
Trd, 4318151.593, 94
Trd, 4318151.993, 129
Trd, 4318152.643, 94
Trd, 4318153.343, 66
Trd, 4318153.693, 66
Trd, 4318154.193, 87
Trd, 4318155.393, 63
Trd, 4318156.643, 140
Trd, 4318156.743, 93
Trd, 4318157.043, 121
Trd, 4318157.143, 81
Trd, 4318157.843, 96
Trd, 4318158.893, 88
Trd, 4318160.393, 96
Trd, 4318160.743, 80
Trd, 4318161.443, 65
Trd, 4318162.093, 72
Trd, 4318163.093, 93
Trd, 4318163.493, 67
Trd, 4318163.743, 62
Trd, 4318163.943, 128
Trd, 4318164.443, 64
Trd, 4318164.943, 71
Trd, 4318167.593, 117
Trd, 4318168.293, 97
Trd, 4318168.593, 109
Trd, 4318168.693, 123
Trd, 4318169.093, 91
Trd, 4318169.343, 89
Trd, 4318169.993, 116
Trd, 4318171.043, 82
Trd, 4318171.893, 112
Trd, 4318171.993, 83
Trd, 4318172.143, 104
Trd, 4318173.843, 140
Trd, 4318173.893, 107
Trd, 4318174.093, 100
Trd, 4318175.243, 93
Trd, 4318175.893, 133
Trd, 4318176.343, 108
Trd, 4318177.043, 80
Trd, 4318177.643, 63
Trd, 4318179.093, 102
Trd, 4318179.543, 114
Trd, 4318180.143, 98
Trd, 4318180.293, 88
Trd, 4318181.493, 124
Trd, 4318182.043, 97
Trd, 4318182.993, 140
Trd, 4318183.243, 124
Trd, 4318183.843, 103
Trd, 4318184.443, 73
Trd, 4318185.843, 87
Trd, 4318186.143, 111
Trd, 4318186.443, 81
Trd, 4318187.993, 119
Trd, 4318188.243, 89
Trd, 4318188.643, 94
Trd, 4318190.193, 139
Trd, 4318190.293, 123
Trd, 4318191.293, 108
Trd, 4318191.993, 122
Trd, 4318192.843, 132
Trd, 4318193.093, 105
Trd, 4318193.893, 77
Trd, 4318195.143, 95
Trd, 4318195.293, 80
Trd, 4318195.843, 106
Trd, 4318196.593, 136
Trd, 4318197.093, 116
Trd, 4318197.143, 111
Trd, 4318197.843, 113
Trd, 4318198.343, 88
Trd, 4318198.543, 96
Trd, 4318200.393, 129
Trd, 4318201.643, 103
Trd, 4318201.693, 83
Trd, 4318203.293, 110
Trd, 4318203.993, 61
Trd, 4318204.743, 61
Trd, 4318205.343, 137
Trd, 4318205.943, 108
Trd, 4318206.993, 140
Trd, 4318207.193, 114
Trd, 4318207.643, 75
Trd, 4318208.993, 140
Trd, 4318209.143, 94
Trd, 4318209.643, 74
Trd, 4318210.993, 66
Trd, 4318211.243, 112
Trd, 4318212.193, 86
Trd, 4318212.593, 86
Trd, 4318213.643, 92
Trd, 4318214.893, 136
Trd, 4318215.243, 129
Trd, 4318215.993, 125
Trd, 4318216.343, 113
Trd, 4318216.493, 77
Trd, 4318217.193, 134
Trd, 4318217.993, 85
Trd, 4318219.043, 60
Trd, 4318219.093, 81
Trd, 4318219.593, 112
Trd, 4318220.893, 140
Trd, 4318221.743, 133
Trd, 4318221.943, 132
Trd, 4318222.943, 114
Trd, 4318223.993, 79
Trd, 4318224.443, 79
Trd, 4318225.093, 70
Trd, 4318225.343, 85
Trd, 4318226.543, 99
Trd, 4318227.493, 65
Trd, 4318228.693, 117
Trd, 4318228.893, 112
Trd, 4318228.993, 107
Trd, 4318230.093, 62
Trd, 4318230.443, 72
Trd, 4318234.843, 137
Trd, 4318235.043, 96
Trd, 4318235.893, 110
Trd, 4318235.993, 90
Trd, 4318236.793, 92
Trd, 4318237.543, 116
Trd, 4318238.293, 133
Trd, 4318238.393, 98
Trd, 4318239.343, 124
Trd, 4318239.593, 115
Trd, 4318240.043, 93
Trd, 4318240.343, 69
Trd, 4318241.043, 129
Trd, 4318241.943, 123
Trd, 4318243.543, 138
Trd, 4318243.693, 105
Trd, 4318245.093, 128
Trd, 4318245.143, 88
Trd, 4318246.393, 86
Trd, 4318247.843, 68
Trd, 4318248.093, 104
Trd, 4318248.593, 95
Trd, 4318249.043, 129
Trd, 4318249.593, 110
Trd, 4318250.793, 139
Trd, 4318251.643, 133
Trd, 4318251.743, 114
Trd, 4318252.243, 109
Trd, 4318252.993, 129
Trd, 4318253.443, 94
Trd, 4318254.643, 111
Trd, 4318255.243, 110
Trd, 4318255.343, 107
Trd, 4318256.543, 127
Trd, 4318256.843, 99
Trd, 4318257.493, 75
Trd, 4318258.293, 107
Trd, 4318258.443, 102
Trd, 4318258.643, 80
Trd, 4318259.493, 61
Trd, 4318261.643, 101
Trd, 4318262.293, 136
Trd, 4318262.643, 107
Trd, 4318264.493, 139
Trd, 4318265.443, 128
Trd, 4318266.193, 104
Trd, 4318267.193, 82
Trd, 4318267.993, 134
Trd, 4318268.593, 140
Trd, 4318268.743, 138
Trd, 4318268.943, 96
Trd, 4318270.143, 83
Trd, 4318270.193, 83
Trd, 4318271.843, 68
Trd, 4318271.943, 73
Trd, 4318272.343, 73
Trd, 4318272.593, 74
Trd, 4318273.043, 105
Trd, 4318273.093, 71
Trd, 4318275.243, 109
Trd, 4318276.193, 125
Trd, 4318276.693, 84
Trd, 4318277.943, 98
Trd, 4318278.443, 92
Trd, 4318278.793, 104
Trd, 4318279.043, 140
Trd, 4318279.093, 93
Trd, 4318280.693, 80
Trd, 4318280.943, 72
Trd, 4318281.693, 101
Trd, 4318281.943, 92
Trd, 4318282.693, 98
Trd, 4318283.493, 127
Trd, 4318284.143, 101
Trd, 4318284.493, 97
Trd, 4318285.043, 130
Trd, 4318285.143, 118
Trd, 4318287.343, 129
Trd, 4318287.543, 101
Trd, 4318288.643, 109
Trd, 4318288.693, 102
Trd, 4318288.993, 117
Trd, 4318289.593, 109
Trd, 4318290.443, 80
Trd, 4318292.643, 94
Trd, 4318293.493, 131
Trd, 4318293.693, 97
Trd, 4318294.243, 108
Trd, 4318294.643, 110
Trd, 4318295.243, 78
Trd, 4318296.843, 68
Trd, 4318296.943, 79
Trd, 4318297.793, 60
Trd, 4318298.793, 108
Trd, 4318299.793, 92
Trd, 4318300.543, 109
Trd, 4318300.643, 78
Trd, 4318300.843, 136
Trd, 4318301.843, 105
Trd, 4318302.393, 110
Trd, 4318303.143, 132
Trd, 4318303.593, 101
Trd, 4318303.843, 102
Trd, 4318304.193, 103
Trd, 4318306.793, 140
Trd, 4318307.243, 115
Trd, 4318307.443, 95
Trd, 4318307.943, 96
Trd, 4318308.743, 118
Trd, 4318310.193, 119
Trd, 4318310.643, 110
Trd, 4318310.843, 118
Trd, 4318310.943, 104
Trd, 4318311.343, 92
Trd, 4318311.843, 63
Trd, 4318312.543, 117
Trd, 4318313.143, 87
Trd, 4318315.043, 125
Trd, 4318315.843, 134
Trd, 4318315.993, 131
Trd, 4318316.093, 125
Trd, 4318318.643, 84
Trd, 4318319.193, 75
Trd, 4318319.443, 71
Trd, 4318320.393, 140
Trd, 4318320.693, 125
Trd, 4318321.543, 96
Trd, 4318321.993, 94
Trd, 4318323.443, 137
Trd, 4318323.543, 112
Trd, 4318325.193, 116
Trd, 4318325.693, 101
Trd, 4318325.893, 119
Trd, 4318326.293, 95
Trd, 4318326.993, 137
Trd, 4318327.993, 126
Trd, 4318328.193, 116
Trd, 4318329.843, 135
Trd, 4318330.293, 120
Trd, 4318331.593, 138
Trd, 4318333.393, 113
Trd, 4318333.543, 107
Trd, 4318334.293, 109
Trd, 4318334.443, 122
Trd, 4318334.843, 84
Trd, 4318335.593, 75
Trd, 4318336.393, 64
Trd, 4318337.443, 100
Trd, 4318338.093, 102
Trd, 4318338.943, 103
Trd, 4318338.993, 114
Trd, 4318340.443, 107
Trd, 4318340.793, 127
Trd, 4318341.593, 139
Trd, 4318341.793, 102
Trd, 4318343.643, 86
Trd, 4318343.843, 75
Trd, 4318344.693, 101
Trd, 4318344.843, 72
Trd, 4318345.043, 107
Trd, 4318346.643, 110
Trd, 4318346.743, 93
Trd, 4318346.993, 130
Trd, 4318347.393, 115
Trd, 4318348.143, 120
Trd, 4318350.293, 79
Trd, 4318350.793, 87
Trd, 4318352.343, 113
Trd, 4318352.743, 118
Trd, 4318352.943, 90
Trd, 4318353.043, 89
Trd, 4318353.293, 117
Trd, 4318353.893, 85
Trd, 4318354.493, 140
Trd, 4318354.843, 126
Trd, 4318354.943, 119
Trd, 4318356.443, 74
Trd, 4318356.793, 124
Trd, 4318357.693, 104
Trd, 4318358.843, 111
Trd, 4318359.443, 105
Trd, 4318360.293, 81
Trd, 4318360.593, 72
Trd, 4318361.693, 122
Trd, 4318362.093, 97
Trd, 4318362.943, 128
Trd, 4318363.243, 86
Trd, 4318363.693, 117
Trd, 4318364.293, 132
Trd, 4318365.593, 115
Trd, 4318366.193, 118
Trd, 4318366.993, 94
Trd, 4318368.143, 105
Trd, 4318368.493, 86
Trd, 4318369.143, 115
Trd, 4318370.243, 64
Trd, 4318371.343, 116
Trd, 4318372.543, 129
Trd, 4318372.993, 106
Trd, 4318373.443, 131
Trd, 4318373.843, 127
Trd, 4318373.943, 110
Trd, 4318375.343, 135
Trd, 4318376.293, 76
Trd, 4318377.093, 133
Trd, 4318377.843, 114
Trd, 4318378.043, 98
Trd, 4318378.193, 67
Trd, 4318379.893, 106
Trd, 4318380.193, 134
Trd, 4318380.493, 94
Trd, 4318380.793, 70
Trd, 4318380.893, 93
Trd, 4318382.393, 88
Trd, 4318382.443, 79
Trd, 4318384.293, 65
Trd, 4318385.143, 101
Trd, 4318385.593, 112
Trd, 4318387.143, 102
Trd, 4318388.143, 95
Trd, 4318388.243, 69
Trd, 4318388.843, 107
Trd, 4318390.293, 107
Trd, 4318390.543, 92
Trd, 4318390.693, 109
Trd, 4318392.643, 72
Trd, 4318393.143, 95
Trd, 4318393.343, 73
Trd, 4318394.393, 60
Trd, 4318394.893, 77
Trd, 4318396.043, 126
Trd, 4318397.043, 111
Trd, 4318397.343, 85
Trd, 4318398.493, 139
Trd, 4318399.943, 117
Trd, 4318400.093, 98
Trd, 4318400.543, 134
Trd, 4318402.243, 101
Trd, 4318402.693, 98
Trd, 4318403.093, 109
Trd, 4318403.193, 96
Trd, 4318404.493, 118
Trd, 4318404.643, 118
Trd, 4318404.793, 115
Trd, 4318406.043, 134
Trd, 4318406.343, 140
Trd, 4318407.393, 98
Trd, 4318408.193, 95
Trd, 4318408.643, 112
Trd, 4318409.393, 123
Trd, 4318409.593, 140
Trd, 4318409.693, 105
Trd, 4318411.543, 121
Trd, 4318412.093, 138
Trd, 4318412.593, 81
Trd, 4318412.793, 111
Trd, 4318413.093, 80
Trd, 4318414.593, 110
Trd, 4318415.793, 66
Trd, 4318416.293, 97
Trd, 4318417.093, 111
Trd, 4318418.543, 137
Trd, 4318418.893, 118
Trd, 4318419.143, 93
Trd, 4318419.993, 64
Trd, 4318420.043, 62
Trd, 4318420.893, 76
Trd, 4318422.243, 89
Trd, 4318422.293, 91
Trd, 4318423.393, 76
Trd, 4318423.743, 101
Trd, 4318424.543, 96
Trd, 4318424.843, 116
Trd, 4318424.943, 111
Trd, 4318424.993, 118
Trd, 4318425.193, 90
Trd, 4318425.643, 107
Trd, 4318426.593, 98
Trd, 4318428.143, 121
Trd, 4318428.193, 108
Trd, 4318428.443, 117
Trd, 4318429.393, 91
Trd, 4318429.843, 91
Trd, 4318431.793, 128
Trd, 4318432.043, 101
Trd, 4318432.493, 85
Trd, 4318432.593, 96
Trd, 4318432.993, 130
Trd, 4318433.143, 68
Trd, 4318434.893, 63
Trd, 4318435.443, 73
Trd, 4318435.993, 60
Trd, 4318436.143, 76
Trd, 4318438.343, 93
Trd, 4318438.393, 104
Trd, 4318439.293, 96
Trd, 4318439.743, 81
Trd, 4318440.143, 98
Trd, 4318440.993, 63
Trd, 4318441.143, 70
Trd, 4318442.893, 71
Trd, 4318443.243, 61
Trd, 4318443.843, 137
Trd, 4318445.043, 80
Trd, 4318445.543, 83
Trd, 4318445.793, 102
Trd, 4318446.393, 66
Trd, 4318446.443, 73
Trd, 4318447.543, 121
Trd, 4318448.393, 76
Trd, 4318449.693, 65
Trd, 4318450.543, 115
Trd, 4318451.443, 88
Trd, 4318451.643, 72
Trd, 4318451.793, 63
Trd, 4318453.343, 112
Trd, 4318453.493, 107
Trd, 4318454.343, 93
Trd, 4318455.093, 140
Trd, 4318456.193, 126
Trd, 4318456.993, 112
Trd, 4318457.093, 92
Trd, 4318457.143, 81
Trd, 4318459.093, 86
Trd, 4318459.793, 71
Trd, 4318459.843, 73
Trd, 4318460.543, 81
Trd, 4318462.093, 122
Trd, 4318463.093, 140
Trd, 4318463.793, 125
Trd, 4318463.893, 105
Trd, 4318464.793, 99
Trd, 4318465.443, 89
Trd, 4318465.643, 89
Trd, 4318466.593, 85
Trd, 4318466.743, 74
Trd, 4318467.093, 133
Trd, 4318467.643, 105
Trd, 4318467.793, 73
Trd, 4318467.993, 137
Trd, 4318468.143, 97
Trd, 4318471.093, 136
Trd, 4318471.293, 101
Trd, 4318472.243, 122
Trd, 4318472.793, 134
Trd, 4318472.943, 127
Trd, 4318473.143, 106
Trd, 4318475.243, 69
Trd, 4318475.293, 70
Trd, 4318476.393, 99
Trd, 4318477.293, 66
Trd, 4318477.593, 61
Trd, 4318478.143, 63
Trd, 4318478.793, 111
Trd, 4318479.943, 71
Trd, 4318480.843, 100
Trd, 4318480.943, 123
Trd, 4318482.593, 97
Trd, 4318482.743, 94
Trd, 4318482.993, 92
Trd, 4318483.643, 83
Trd, 4318483.743, 83
Trd, 4318484.393, 65
Trd, 4318485.343, 71
Trd, 4318485.543, 115
Trd, 4318485.643, 64
Trd, 4318485.943, 135
Trd, 4318486.943, 101
Trd, 4318488.943, 112
Trd, 4318489.393, 70
Trd, 4318489.893, 89
Trd, 4318490.393, 138
Trd, 4318490.443, 109
Trd, 4318490.543, 86
Trd, 4318490.893, 79
Trd, 4318491.293, 135
Trd, 4318492.393, 137
Trd, 4318493.293, 107
Trd, 4318494.843, 74
Trd, 4318494.943, 123
Trd, 4318496.693, 127
Trd, 4318496.843, 106
Trd, 4318497.543, 92
Trd, 4318497.843, 122
Trd, 4318499.043, 96
Trd, 4318500.843, 138
Trd, 4318501.093, 113
Trd, 4318502.893, 138
Trd, 4318503.743, 112
Trd, 4318503.893, 130
Trd, 4318504.143, 140
Trd, 4318505.093, 118
Trd, 4318505.143, 111
Trd, 4318505.593, 105
Trd, 4318507.143, 93
Trd, 4318507.293, 87
Trd, 4318508.393, 135
Trd, 4318508.643, 119
Trd, 4318510.093, 94
Trd, 4318511.293, 80
Trd, 4318511.843, 62
Trd, 4318513.193, 67
Trd, 4318513.443, 92
Trd, 4318513.693, 79
Trd, 4318513.943, 67
Trd, 4318514.893, 69
Trd, 4318515.143, 111
Trd, 4318515.593, 129
Trd, 4318517.143, 92
Trd, 4318517.243, 118
Trd, 4318517.943, 61
Trd, 4318519.893, 97
Trd, 4318520.893, 75
Trd, 4318521.543, 86
Trd, 4318522.193, 100
Trd, 4318522.893, 102
Trd, 4318523.743, 105
Trd, 4318524.393, 93
Trd, 4318524.493, 84
Trd, 4318524.893, 121
Trd, 4318524.943, 107
Trd, 4318525.293, 95
Trd, 4318526.643, 109
Trd, 4318527.293, 118
Trd, 4318528.693, 138
Trd, 4318528.793, 129
Trd, 4318531.143, 134
Trd, 4318532.143, 127
Trd, 4318532.993, 115
Trd, 4318533.043, 111
Trd, 4318533.243, 95
Trd, 4318533.443, 89
Trd, 4318535.393, 70
Trd, 4318535.493, 77
Trd, 4318535.643, 91
Trd, 4318536.043, 60
Trd, 4318536.943, 61
Trd, 4318537.093, 60
Trd, 4318537.643, 72
Trd, 4318537.993, 76
Trd, 4318538.993, 95
Trd, 4318539.393, 136
Trd, 4318539.643, 83
Trd, 4318540.543, 72
Trd, 4318541.793, 137
Trd, 4318542.093, 126
Trd, 4318543.343, 137
Trd, 4318544.543, 137
Trd, 4318545.443, 128
Trd, 4318545.643, 99
Trd, 4318545.993, 99
Trd, 4318547.193, 114
Trd, 4318548.443, 131
Trd, 4318548.543, 130
Trd, 4318548.843, 89
Trd, 4318549.593, 64
Trd, 4318549.643, 95
Trd, 4318549.993, 135
Trd, 4318551.243, 62
Trd, 4318551.693, 94
Trd, 4318552.493, 95
Trd, 4318552.593, 72
Trd, 4318552.643, 106
Trd, 4318553.143, 110
Trd, 4318553.893, 110
Trd, 4318554.793, 100
Trd, 4318556.493, 95
Trd, 4318557.143, 88
Trd, 4318557.443, 100
Trd, 4318557.543, 83
Trd, 4318558.393, 128
Trd, 4318558.493, 119
Trd, 4318558.893, 76
Trd, 4318560.243, 138
Trd, 4318561.093, 111
Trd, 4318561.893, 81
Trd, 4318562.393, 121
Trd, 4318563.093, 107
Trd, 4318563.643, 98
Trd, 4318563.993, 71
Trd, 4318564.243, 111
Trd, 4318564.993, 82
Trd, 4318565.393, 96
Trd, 4318566.493, 84
Trd, 4318567.593, 90
Trd, 4318567.993, 140
Trd, 4318568.943, 102
Trd, 4318569.493, 107
Trd, 4318569.993, 80
Trd, 4318570.443, 133
Trd, 4318572.043, 113
Trd, 4318573.643, 99
Trd, 4318574.593, 86
Trd, 4318574.893, 123
Trd, 4318575.093, 101
Trd, 4318575.543, 103
Trd, 4318575.893, 65
Trd, 4318576.943, 78
Trd, 4318576.993, 97
Trd, 4318577.543, 99
Trd, 4318578.393, 120
Trd, 4318579.093, 104
Trd, 4318580.043, 94
Trd, 4318580.593, 110
Trd, 4318580.993, 77
Trd, 4318581.543, 78
Trd, 4318581.793, 94
Trd, 4318582.243, 103
Trd, 4318585.143, 85
Trd, 4318585.193, 86
Trd, 4318585.793, 62
Trd, 4318586.593, 139
Trd, 4318587.643, 74
Trd, 4318587.993, 94
Trd, 4318589.693, 80
Trd, 4318589.943, 84
Trd, 4318590.143, 131
Trd, 4318592.193, 115
Trd, 4318592.343, 122
Trd, 4318592.993, 100
Trd, 4318593.443, 93
Trd, 4318593.593, 101
Trd, 4318593.843, 100
Trd, 4318593.893, 92
Trd, 4318595.243, 78
Trd, 4318596.043, 105
Trd, 4318596.393, 99
Trd, 4318596.993, 65
Trd, 4318597.343, 91
Trd, 4318598.493, 106
Trd, 4318598.943, 77
Trd, 4318599.643, 61
Trd, 4318600.043, 98
Trd, 4318600.593, 73
Trd, 4318601.893, 130
Trd, 4318602.893, 135
Trd, 4318604.543, 132
Trd, 4318604.593, 114
Trd, 4318605.493, 100
Trd, 4318606.293, 88
Trd, 4318606.843, 111
Trd, 4318607.793, 68
Trd, 4318608.793, 73
Trd, 4318609.093, 121
Trd, 4318609.943, 66
Trd, 4318611.043, 85
Trd, 4318612.693, 83
Trd, 4318613.643, 131
Trd, 4318614.793, 111
Trd, 4318615.043, 101
Trd, 4318615.193, 137
Trd, 4318615.593, 112
Trd, 4318617.143, 133
Trd, 4318617.893, 113
Trd, 4318618.493, 120
Trd, 4318619.543, 137
Trd, 4318619.943, 120
Trd, 4318620.193, 111
Trd, 4318620.643, 107
Trd, 4318621.543, 94
Trd, 4318623.743, 120
Trd, 4318623.943, 100
Trd, 4318624.193, 92
Trd, 4318625.193, 139
Trd, 4318625.493, 118
Trd, 4318626.643, 100
Trd, 4318626.693, 86
Trd, 4318627.393, 115
Trd, 4318628.593, 135
Trd, 4318629.643, 99
Trd, 4318629.693, 137
Trd, 4318630.093, 122
Trd, 4318630.993, 112
Trd, 4318631.693, 131
Trd, 4318632.793, 79
Trd, 4318634.093, 117
Trd, 4318634.493, 115
Trd, 4318634.693, 108
Trd, 4318635.743, 138
Trd, 4318637.143, 96
Trd, 4318637.443, 80
Trd, 4318637.593, 69
Trd, 4318638.143, 112
Trd, 4318638.693, 103
Trd, 4318640.393, 135
Trd, 4318640.793, 132
Trd, 4318641.643, 76
Trd, 4318641.693, 97
Trd, 4318641.843, 63
Trd, 4318642.143, 90
Trd, 4318643.193, 125
Trd, 4318643.443, 87
Trd, 4318643.793, 85
Trd, 4318645.093, 133
Trd, 4318646.093, 140
Trd, 4318646.543, 107
Trd, 4318647.243, 127
Trd, 4318648.093, 133
Trd, 4318648.843, 123
Trd, 4318648.893, 95
Trd, 4318649.343, 94
Trd, 4318650.243, 64
Trd, 4318650.943, 69
Trd, 4318651.643, 71
Trd, 4318651.843, 86
Trd, 4318653.093, 114
Trd, 4318654.043, 132
Trd, 4318654.093, 107
Trd, 4318654.743, 114
Trd, 4318654.793, 99
Trd, 4318655.793, 125
Trd, 4318656.593, 71
Trd, 4318657.793, 96
Trd, 4318658.143, 91
Trd, 4318659.743, 62
Trd, 4318660.343, 89
Trd, 4318660.743, 77
Trd, 4318661.793, 112
Trd, 4318662.593, 126
Trd, 4318662.643, 104
Trd, 4318663.693, 84
Trd, 4318664.043, 138
Trd, 4318666.693, 132
Trd, 4318667.843, 125
Trd, 4318668.343, 102
Trd, 4318668.593, 96
Trd, 4318669.193, 111
Trd, 4318670.093, 102
Trd, 4318670.693, 105
Trd, 4318670.843, 104
Trd, 4318670.943, 65
Trd, 4318671.193, 106
Trd, 4318672.543, 60
Trd, 4318673.643, 122
Trd, 4318674.043, 122
Trd, 4318674.343, 96
Trd, 4318674.543, 86
Trd, 4318676.243, 132
Trd, 4318676.593, 123
Trd, 4318677.293, 136
Trd, 4318677.743, 121
Trd, 4318678.093, 101
Trd, 4318678.793, 95
Trd, 4318679.793, 120
Trd, 4318680.593, 131
Trd, 4318680.693, 113
Trd, 4318681.193, 100
Trd, 4318683.843, 100
Trd, 4318684.343, 83
Trd, 4318684.893, 140
Trd, 4318685.243, 117
Trd, 4318685.493, 132
Trd, 4318685.943, 113
Trd, 4318686.193, 119
Trd, 4318687.443, 121
Trd, 4318688.093, 110
Trd, 4318688.493, 124
Trd, 4318689.093, 97
Trd, 4318689.693, 91
Trd, 4318690.843, 98
Trd, 4318690.993, 78
Trd, 4318691.393, 98
Trd, 4318692.093, 71
Trd, 4318692.343, 130
Trd, 4318692.843, 139
Trd, 4318693.443, 91
Trd, 4318695.093, 108
Trd, 4318695.393, 62
Trd, 4318696.643, 78
Trd, 4318696.693, 96
Trd, 4318697.693, 109
Trd, 4318698.643, 122
Trd, 4318698.943, 115
Trd, 4318699.193, 110
Trd, 4318700.793, 134
Trd, 4318701.543, 140
Trd, 4318701.693, 79
Trd, 4318701.893, 113
Trd, 4318702.893, 89
Trd, 4318703.193, 96
Trd, 4318703.493, 70
Trd, 4318706.093, 118
Trd, 4318706.593, 126
Trd, 4318706.793, 107
Trd, 4318707.493, 128
Trd, 4318707.593, 113
Trd, 4318709.243, 109
Trd, 4318709.693, 74
Trd, 4318710.443, 72
Trd, 4318710.743, 62
Trd, 4318711.943, 83
Trd, 4318713.293, 107
Trd, 4318713.743, 135
Trd, 4318714.293, 86
Trd, 4318714.493, 75
Trd, 4318715.393, 136
Trd, 4318715.993, 86
Trd, 4318716.143, 92
Trd, 4318716.393, 75
Trd, 4318717.443, 111
Trd, 4318717.893, 99
Trd, 4318719.343, 107
Trd, 4318719.393, 96
Trd, 4318719.693, 88
Trd, 4318720.093, 109
Trd, 4318722.093, 69
Trd, 4318722.593, 78
Trd, 4318723.343, 106
Trd, 4318723.743, 101
Trd, 4318725.043, 88
Trd, 4318725.743, 111
Trd, 4318725.793, 121
Trd, 4318728.643, 131
Trd, 4318729.893, 125
Trd, 4318730.143, 124
Trd, 4318730.443, 138
Trd, 4318730.593, 113
Trd, 4318730.693, 103
Trd, 4318730.893, 134
Trd, 4318732.493, 72
Trd, 4318733.193, 110
Trd, 4318734.193, 102
Trd, 4318734.743, 115
Trd, 4318735.493, 68
Trd, 4318736.443, 107
Trd, 4318736.543, 71
Trd, 4318737.693, 112
Trd, 4318738.343, 94
Trd, 4318738.993, 128
Trd, 4318739.443, 75
Trd, 4318739.793, 132
Trd, 4318740.543, 106
Trd, 4318741.793, 62
Trd, 4318744.293, 82
Trd, 4318744.793, 110
Trd, 4318745.243, 125
Trd, 4318745.643, 99
Trd, 4318746.293, 88
Trd, 4318747.543, 84
Trd, 4318747.693, 90
Trd, 4318748.243, 123
Trd, 4318749.043, 112
Trd, 4318749.243, 120
Trd, 4318750.393, 95
Trd, 4318751.793, 126
Trd, 4318752.193, 105
Trd, 4318752.293, 95
Trd, 4318753.243, 86
Trd, 4318753.343, 112
Trd, 4318753.743, 103
Trd, 4318755.193, 110
Trd, 4318756.243, 77
Trd, 4318756.643, 79
Trd, 4318756.693, 99
Trd, 4318757.193, 139
Trd, 4318757.243, 97
Trd, 4318759.593, 137
Trd, 4318759.743, 132
Trd, 4318761.393, 98
Trd, 4318761.693, 92
Trd, 4318762.043, 88
Trd, 4318762.443, 115
Trd, 4318763.193, 87
Trd, 4318763.743, 139
Trd, 4318764.643, 100
Trd, 4318765.043, 92
Trd, 4318765.543, 105
Trd, 4318766.643, 139
Trd, 4318768.843, 92
Trd, 4318769.243, 101
Trd, 4318769.743, 64
Trd, 4318770.143, 64
Trd, 4318770.193, 69
Trd, 4318771.543, 105
Trd, 4318771.993, 92
Trd, 4318772.693, 120
Trd, 4318772.993, 118
Trd, 4318773.543, 100
Trd, 4318775.943, 138
Trd, 4318776.043, 137
Trd, 4318776.693, 113
Trd, 4318777.193, 117
Trd, 4318777.343, 108
Trd, 4318778.793, 88
Trd, 4318779.693, 99
Trd, 4318779.743, 102
Trd, 4318780.043, 113
Trd, 4318780.143, 136
Trd, 4318780.643, 98
Trd, 4318780.893, 92
Trd, 4318782.293, 72
Trd, 4318783.043, 96
Trd, 4318783.543, 121
Trd, 4318785.343, 140
Trd, 4318785.493, 91
Trd, 4318788.043, 79
Trd, 4318788.643, 101
Trd, 4318789.443, 99
Trd, 4318789.843, 84
Trd, 4318790.343, 84
Trd, 4318790.593, 83
Trd, 4318790.793, 76
Trd, 4318790.993, 97
Trd, 4318791.643, 99
Trd, 4318791.693, 125
Trd, 4318793.143, 77
Trd, 4318793.493, 119
Trd, 4318794.143, 129
Trd, 4318795.193, 66
Trd, 4318795.743, 65
Trd, 4318796.293, 95
Trd, 4318796.893, 106
Trd, 4318797.843, 138
Trd, 4318798.493, 68
Trd, 4318798.943, 86
Trd, 4318800.393, 92
Trd, 4318801.793, 81
Trd, 4318802.043, 85
Trd, 4318802.793, 80
Trd, 4318804.143, 78
Trd, 4318804.443, 109
Trd, 4318805.993, 137
Trd, 4318806.643, 126
Trd, 4318807.343, 119
Trd, 4318807.693, 124
Trd, 4318807.793, 118
Trd, 4318808.043, 134
Trd, 4318808.993, 138
Trd, 4318809.643, 106
Trd, 4318810.243, 118
Trd, 4318810.393, 87
Trd, 4318812.143, 120
Trd, 4318812.293, 70
Trd, 4318812.843, 76
Trd, 4318813.393, 110
Trd, 4318813.893, 88
Trd, 4318814.193, 138
Trd, 4318814.793, 128
Trd, 4318815.843, 115
Trd, 4318816.243, 116
Trd, 4318816.643, 137
Trd, 4318817.843, 132
Trd, 4318818.043, 94
Trd, 4318818.543, 86
Trd, 4318818.993, 84
Trd, 4318819.693, 102
Trd, 4318820.193, 114
Trd, 4318821.593, 116
Trd, 4318822.743, 107
Trd, 4318823.193, 122
Trd, 4318823.643, 135
Trd, 4318823.943, 133
Trd, 4318825.343, 96
Trd, 4318826.843, 113
Trd, 4318827.593, 98
Trd, 4318828.443, 130
Trd, 4318828.893, 102
Trd, 4318829.443, 78
Trd, 4318830.193, 74
Trd, 4318830.393, 76
Trd, 4318831.243, 77
Trd, 4318832.143, 93
Trd, 4318832.743, 128
Trd, 4318832.943, 93
Trd, 4318833.843, 95
Trd, 4318834.693, 128
Trd, 4318834.743, 98
Trd, 4318835.743, 131
Trd, 4318837.393, 129
Trd, 4318837.493, 126
Trd, 4318837.793, 117
Trd, 4318838.443, 126
Trd, 4318839.443, 123
Trd, 4318839.893, 90
Trd, 4318840.143, 138
Trd, 4318840.943, 137
Trd, 4318841.593, 112
Trd, 4318842.693, 119
Trd, 4318843.043, 100
Trd, 4318843.393, 82
Trd, 4318843.493, 78
Trd, 4318844.793, 82
Trd, 4318845.293, 114
Trd, 4318845.543, 74
Trd, 4318845.943, 132
Trd, 4318846.543, 138
Trd, 4318847.793, 122
Trd, 4318848.343, 109
Trd, 4318850.843, 75
Trd, 4318850.993, 101
Trd, 4318851.793, 72
Trd, 4318852.043, 140
Trd, 4318852.793, 74
Trd, 4318853.293, 94
Trd, 4318853.343, 68
Trd, 4318853.843, 96
Trd, 4318854.293, 106
Trd, 4318855.843, 118
Trd, 4318856.093, 100
Trd, 4318856.693, 104
Trd, 4318857.093, 128
Trd, 4318857.343, 120
Trd, 4318858.493, 75
Trd, 4318859.443, 108
Trd, 4318860.243, 114
Trd, 4318860.293, 81
Trd, 4318860.793, 131
Trd, 4318861.593, 112
Trd, 4318861.693, 88
Trd, 4318862.293, 73
Trd, 4318864.343, 93
Trd, 4318864.593, 81
Trd, 4318865.543, 63
Trd, 4318867.843, 108
Trd, 4318868.693, 104
Trd, 4318869.743, 129
Trd, 4318869.943, 110
Trd, 4318870.493, 96
Trd, 4318870.943, 125
Trd, 4318872.393, 80
Trd, 4318873.243, 79
Trd, 4318873.943, 97
Trd, 4318874.293, 92
Trd, 4318874.593, 91
Trd, 4318874.993, 140
Trd, 4318875.743, 139
Trd, 4318876.793, 92
Trd, 4318877.393, 97
Trd, 4318879.043, 91
Trd, 4318880.143, 95
Trd, 4318880.243, 114
Trd, 4318881.893, 106
Trd, 4318882.243, 87
Trd, 4318883.343, 65
Trd, 4318883.493, 90
Trd, 4318884.093, 68
Trd, 4318885.093, 91
Trd, 4318885.843, 135
Trd, 4318886.043, 131
Trd, 4318886.643, 95
Trd, 4318887.143, 122
Trd, 4318888.343, 124
Trd, 4318888.793, 108
Trd, 4318889.443, 98
Trd, 4318889.943, 87
Trd, 4318890.143, 66
Trd, 4318891.943, 114
Trd, 4318893.043, 90
Trd, 4318893.693, 93
Trd, 4318894.243, 127
Trd, 4318894.443, 133
Trd, 4318894.693, 130
Trd, 4318895.643, 100
Trd, 4318896.243, 99
Trd, 4318898.143, 110
Trd, 4318899.043, 103
Trd, 4318899.143, 110
Trd, 4318899.493, 107
Trd, 4318899.943, 115
Trd, 4318900.843, 129
Trd, 4318901.843, 139
Trd, 4318901.893, 117
Trd, 4318903.193, 114
Trd, 4318904.243, 93
Trd, 4318904.793, 95
Trd, 4318904.993, 136
Trd, 4318905.143, 138
Trd, 4318905.543, 123
Trd, 4318907.893, 100
Trd, 4318908.443, 82
Trd, 4318909.293, 103
Trd, 4318909.493, 74
Trd, 4318910.743, 111
Trd, 4318910.893, 107
Trd, 4318911.043, 102
Trd, 4318912.843, 129
Trd, 4318912.993, 118
Trd, 4318913.943, 102
Trd, 4318915.093, 97
Trd, 4318915.893, 83
Trd, 4318916.143, 84
Trd, 4318916.693, 122
Trd, 4318917.243, 100
Trd, 4318917.743, 69
Trd, 4318918.093, 113
Trd, 4318919.443, 76
Trd, 4318921.193, 131
Trd, 4318921.593, 130
Trd, 4318921.843, 129
Trd, 4318923.593, 126
Trd, 4318924.893, 100
Trd, 4318925.093, 84
Trd, 4318926.493, 73
Trd, 4318926.993, 83
Trd, 4318927.093, 98
Trd, 4318927.293, 78
Trd, 4318928.393, 76
Trd, 4318929.293, 128
Trd, 4318929.793, 105
Trd, 4318929.893, 93
Trd, 4318931.693, 105
Trd, 4318933.343, 97
Trd, 4318934.043, 137
Trd, 4318934.943, 112
Trd, 4318935.043, 110
Trd, 4318935.843, 137
Trd, 4318937.593, 113
Trd, 4318937.993, 90
Trd, 4318938.043, 88
Trd, 4318939.993, 123
Trd, 4318940.143, 95
Trd, 4318940.393, 116
Trd, 4318941.093, 124
Trd, 4318941.293, 85
Trd, 4318941.993, 84
Trd, 4318943.243, 60
Trd, 4318944.243, 69
Trd, 4318944.743, 74
Trd, 4318944.793, 72
Trd, 4318945.343, 91
Trd, 4318945.843, 106
Trd, 4318947.043, 110
Trd, 4318947.443, 83
Trd, 4318947.493, 70
Trd, 4318947.543, 98
Trd, 4318949.043, 61
Trd, 4318949.793, 65
Trd, 4318951.143, 134
Trd, 4318951.443, 109
Trd, 4318951.893, 88
Trd, 4318952.443, 92
Trd, 4318953.643, 103
Trd, 4318953.943, 111
Trd, 4318954.143, 93
Trd, 4318955.243, 93
Trd, 4318956.293, 72
Trd, 4318956.993, 69
Trd, 4318957.443, 64
Trd, 4318959.543, 107
Trd, 4318959.693, 83
Trd, 4318960.143, 75
Trd, 4318960.293, 102
Trd, 4318960.843, 137
Trd, 4318961.293, 136
Trd, 4318961.793, 86
Trd, 4318962.543, 89
Trd, 4318963.643, 90
Trd, 4318963.843, 73
Trd, 4318964.043, 68
Trd, 4318965.743, 113
Trd, 4318965.893, 92
Trd, 4318967.793, 97
Trd, 4318969.843, 124
Trd, 4318969.993, 114
Trd, 4318970.293, 97
Trd, 4318970.543, 96
Trd, 4318970.993, 132
Trd, 4318971.393, 128
Trd, 4318971.593, 113
Trd, 4318973.543, 104
Trd, 4318973.843, 61
Trd, 4318974.893, 104
Trd, 4318975.593, 66
Trd, 4318975.743, 125
Trd, 4318976.293, 74
Trd, 4318977.093, 103
Trd, 4318978.293, 102
Trd, 4318979.743, 105
Trd, 4318981.293, 112
Trd, 4318982.043, 125
Trd, 4318983.043, 114
Trd, 4318983.493, 105
Trd, 4318983.693, 85
Trd, 4318983.893, 99
Trd, 4318984.043, 100
Trd, 4318985.443, 139
Trd, 4318986.393, 138
Trd, 4318986.493, 114
Trd, 4318987.793, 122
Trd, 4318988.343, 96
Trd, 4318988.643, 94
Trd, 4318988.943, 139
Trd, 4318989.943, 111
Trd, 4318990.193, 116
Trd, 4318991.043, 133
Trd, 4318991.643, 109
Trd, 4318992.543, 116
Trd, 4318992.593, 108
Trd, 4318992.643, 99
Trd, 4318992.943, 67
Trd, 4318993.793, 136
Trd, 4318994.943, 109
Trd, 4318995.493, 82
Trd, 4318996.993, 78
Trd, 4318997.993, 87
Trd, 4318998.443, 87
Trd, 4318999.843, 139
Trd, 4319002.093, 123
Trd, 4319003.143, 102
Trd, 4319003.293, 99
Trd, 4319003.843, 95
Trd, 4319003.993, 105
Trd, 4319005.643, 140
Trd, 4319006.143, 103
Trd, 4319006.193, 91
Trd, 4319006.993, 133
Trd, 4319007.893, 96
Trd, 4319008.193, 83
Trd, 4319009.843, 76
Trd, 4319010.243, 77
Trd, 4319011.243, 95
Trd, 4319011.543, 90
Trd, 4319012.443, 130
Trd, 4319012.643, 116
Trd, 4319013.443, 139
Trd, 4319013.493, 134
Trd, 4319013.593, 115
Trd, 4319014.193, 88
Trd, 4319017.443, 73
Trd, 4319018.093, 85
Trd, 4319018.343, 78
Trd, 4319018.543, 103
Trd, 4319019.793, 138
Trd, 4319020.143, 131
Trd, 4319020.993, 106
Trd, 4319021.143, 99
Trd, 4319022.793, 118
Trd, 4319023.493, 96
Trd, 4319024.343, 84
Trd, 4319024.493, 65
Trd, 4319025.743, 72
Trd, 4319026.943, 139
Trd, 4319027.093, 101
Trd, 4319029.043, 131
Trd, 4319029.293, 130
Trd, 4319029.743, 96
Trd, 4319030.343, 126
Trd, 4319031.493, 132
Trd, 4319031.593, 98
Trd, 4319031.643, 97
Trd, 4319032.043, 94
Trd, 4319033.493, 98
Trd, 4319033.943, 82
Trd, 4319034.843, 103
Trd, 4319035.193, 127
Trd, 4319036.793, 84
Trd, 4319036.893, 99
Trd, 4319037.743, 128
Trd, 4319038.143, 89
Trd, 4319038.443, 84
Trd, 4319038.693, 88
Trd, 4319039.143, 108
Trd, 4319040.143, 127
Trd, 4319040.643, 68
Trd, 4319041.543, 74
Trd, 4319042.493, 82
Trd, 4319042.743, 107
Trd, 4319045.093, 137
Trd, 4319046.143, 113
Trd, 4319046.443, 96
Trd, 4319047.093, 127
Trd, 4319048.243, 105
Trd, 4319048.743, 92
Trd, 4319048.943, 67
Trd, 4319049.893, 67
Trd, 4319050.043, 67
Trd, 4319050.143, 77
Trd, 4319051.693, 109
Trd, 4319052.893, 99
Trd, 4319053.743, 84
Trd, 4319054.193, 137
Trd, 4319054.843, 88
Trd, 4319054.893, 104
Trd, 4319056.043, 78
Trd, 4319057.143, 102
Trd, 4319057.343, 104
Trd, 4319057.543, 102
Trd, 4319057.593, 72
Trd, 4319058.193, 68
Trd, 4319059.643, 66
Trd, 4319060.193, 68
Trd, 4319060.243, 76
Trd, 4319061.493, 100
Trd, 4319062.243, 91
Trd, 4319063.143, 67
Trd, 4319064.643, 84
Trd, 4319064.943, 91
Trd, 4319065.193, 99
Trd, 4319065.243, 77
Trd, 4319066.293, 136
Trd, 4319069.493, 64
Trd, 4319070.093, 60
Trd, 4319070.143, 62
Trd, 4319070.193, 82
Trd, 4319070.493, 69
Trd, 4319070.893, 88
Trd, 4319071.393, 84
Trd, 4319073.243, 102
Trd, 4319073.693, 131
Trd, 4319074.793, 104
Trd, 4319076.193, 125
Trd, 4319076.343, 122
Trd, 4319077.793, 124
Trd, 4319078.693, 117
Trd, 4319079.643, 86
Trd, 4319079.943, 103
Trd, 4319081.343, 97
Trd, 4319081.393, 92
Trd, 4319081.993, 113
Trd, 4319082.143, 109
Trd, 4319082.543, 106
Trd, 4319082.843, 90
Trd, 4319084.093, 131
Trd, 4319084.793, 102
Trd, 4319085.193, 122
Trd, 4319086.093, 95
Trd, 4319086.443, 94
Trd, 4319086.843, 70
Trd, 4319087.593, 137
Trd, 4319088.993, 133
Trd, 4319090.293, 94
Trd, 4319091.743, 99
Trd, 4319091.843, 69
Trd, 4319092.543, 82
Trd, 4319092.743, 96
Trd, 4319093.693, 65
Trd, 4319094.043, 70
Trd, 4319095.193, 110
Trd, 4319096.743, 100
Trd, 4319097.393, 118
Trd, 4319098.243, 91
Trd, 4319099.293, 80
Trd, 4319099.993, 90
Trd, 4319100.243, 91
Trd, 4319101.143, 138
Trd, 4319101.393, 121
Trd, 4319102.793, 121
Trd, 4319102.893, 119
Trd, 4319103.643, 103
Trd, 4319103.843, 67
Trd, 4319104.243, 66
Trd, 4319105.243, 70
Trd, 4319105.693, 67
Trd, 4319106.193, 125
Trd, 4319106.793, 77
Trd, 4319106.943, 76
Trd, 4319109.393, 85
Trd, 4319109.643, 82
Trd, 4319109.693, 93
Trd, 4319109.893, 103
Trd, 4319111.243, 74
Trd, 4319112.193, 110
Trd, 4319112.793, 67
Trd, 4319113.693, 70
Trd, 4319115.693, 65
Trd, 4319116.093, 71
Trd, 4319116.943, 71
Trd, 4319117.093, 103
Trd, 4319118.443, 77
Trd, 4319119.093, 127
Trd, 4319119.593, 121
Trd, 4319119.693, 115
Trd, 4319120.593, 112
Trd, 4319121.043, 112
Trd, 4319122.393, 140
Trd, 4319123.243, 118
Trd, 4319123.543, 105
Trd, 4319123.943, 111
Trd, 4319125.443, 140
Trd, 4319125.743, 112
Trd, 4319127.343, 131
Trd, 4319127.443, 103
Trd, 4319127.893, 99
Trd, 4319128.693, 128
Trd, 4319129.393, 133
Trd, 4319129.493, 108
Trd, 4319129.943, 117
Trd, 4319130.793, 134
Trd, 4319131.943, 114
Trd, 4319132.343, 102
Trd, 4319132.593, 86
Trd, 4319133.143, 74
Trd, 4319134.793, 60
Trd, 4319135.243, 62
Trd, 4319135.593, 64
Trd, 4319136.393, 97
Trd, 4319136.993, 95
Trd, 4319137.743, 114
Trd, 4319137.793, 105
Trd, 4319138.343, 134
Trd, 4319138.743, 83
Trd, 4319139.593, 61
Trd, 4319139.843, 64
Trd, 4319141.543, 136
Trd, 4319142.093, 120
Trd, 4319142.743, 138
Trd, 4319143.193, 81
Trd, 4319143.243, 66
Trd, 4319143.843, 79
Trd, 4319144.043, 76
Trd, 4319144.093, 89
Trd, 4319146.893, 124
Trd, 4319146.943, 135
Trd, 4319148.093, 120
Trd, 4319148.743, 101
Trd, 4319149.993, 110
Trd, 4319150.693, 134
Trd, 4319151.393, 140
Trd, 4319151.493, 119
Trd, 4319152.243, 117
Trd, 4319152.293, 109
Trd, 4319152.643, 104
Trd, 4319153.843, 105
Trd, 4319154.193, 91
Trd, 4319156.543, 103
Trd, 4319156.743, 88
Trd, 4319158.143, 130
Trd, 4319158.593, 126
Trd, 4319158.893, 118
Trd, 4319159.343, 106
Trd, 4319160.043, 115
Trd, 4319160.193, 108
Trd, 4319161.043, 136
Trd, 4319162.093, 108
Trd, 4319162.843, 133
Trd, 4319163.143, 126
Trd, 4319164.093, 103
Trd, 4319164.993, 73
Trd, 4319165.793, 91
Trd, 4319166.393, 63
Trd, 4319166.993, 113
Trd, 4319167.993, 107
Trd, 4319168.193, 115
Trd, 4319168.493, 92
Trd, 4319168.693, 135
Trd, 4319169.543, 79
Trd, 4319169.843, 88
Trd, 4319171.393, 90
Trd, 4319172.643, 128
Trd, 4319173.943, 134
Trd, 4319174.093, 116
Trd, 4319174.893, 131
Trd, 4319175.043, 116
Trd, 4319175.443, 124
Trd, 4319175.543, 117
Trd, 4319175.793, 89
Trd, 4319176.293, 101
Trd, 4319176.793, 122
Trd, 4319176.943, 98
Trd, 4319177.893, 101
Trd, 4319179.343, 124
Trd, 4319179.693, 102
Trd, 4319179.843, 86
Trd, 4319181.443, 121
Trd, 4319183.793, 93
Trd, 4319183.993, 90
Trd, 4319184.343, 98
Trd, 4319184.443, 95
Trd, 4319184.593, 128
Trd, 4319186.043, 122
Trd, 4319186.893, 68
Trd, 4319187.393, 84
Trd, 4319188.493, 70
Trd, 4319188.843, 72
Trd, 4319188.943, 72
Trd, 4319191.443, 87
Trd, 4319191.993, 140
Trd, 4319192.043, 86
Trd, 4319193.043, 97
Trd, 4319193.593, 84
Trd, 4319194.093, 108
Trd, 4319195.043, 79
Trd, 4319195.843, 108
Trd, 4319196.093, 102
Trd, 4319196.393, 70
Trd, 4319197.643, 123
Trd, 4319198.743, 124
Trd, 4319201.043, 127
Trd, 4319201.293, 129
Trd, 4319202.043, 136
Trd, 4319202.193, 134
Trd, 4319202.393, 97
Trd, 4319203.193, 113
Trd, 4319204.993, 138
Trd, 4319206.293, 139
Trd, 4319206.343, 119
Trd, 4319207.143, 112
Trd, 4319207.343, 91
Trd, 4319210.343, 140
Trd, 4319210.443, 108
Trd, 4319211.293, 107
Trd, 4319212.943, 96
Trd, 4319213.343, 76
Trd, 4319213.743, 89
Trd, 4319214.143, 127
Trd, 4319215.143, 114
Trd, 4319215.193, 131
Trd, 4319215.943, 129
Trd, 4319216.593, 102
Trd, 4319218.293, 116
Trd, 4319218.493, 112
Trd, 4319219.043, 117
Trd, 4319219.293, 108
Trd, 4319221.143, 112
Trd, 4319221.343, 82
Trd, 4319222.293, 112
Trd, 4319222.543, 81
Trd, 4319223.593, 138
Trd, 4319223.793, 132
Trd, 4319224.343, 129
Trd, 4319224.393, 92
Trd, 4319225.493, 97
Trd, 4319225.593, 97
Trd, 4319226.093, 104
Trd, 4319227.043, 104
Trd, 4319228.043, 101
Trd, 4319228.343, 104
Trd, 4319229.393, 98
Trd, 4319229.743, 82
Trd, 4319230.193, 135
Trd, 4319230.693, 112
Trd, 4319230.993, 85
Trd, 4319232.293, 63
Trd, 4319232.493, 87
Trd, 4319232.993, 100
Trd, 4319235.943, 132
Trd, 4319236.093, 110
Trd, 4319236.293, 100
Trd, 4319236.493, 100
Trd, 4319237.693, 106
Trd, 4319238.143, 91
Trd, 4319238.693, 95
Trd, 4319238.993, 111
Trd, 4319239.443, 86
Trd, 4319239.643, 95
Trd, 4319241.543, 130
Trd, 4319242.493, 120
Trd, 4319242.843, 91
Trd, 4319242.893, 87
Trd, 4319243.043, 75
Trd, 4319244.243, 139
Trd, 4319245.143, 98
Trd, 4319246.493, 103
Trd, 4319247.493, 101
Trd, 4319247.943, 102
Trd, 4319248.243, 125
Trd, 4319248.493, 97
Trd, 4319250.293, 78
Trd, 4319250.343, 77
Trd, 4319251.143, 96
Trd, 4319251.793, 62
Trd, 4319252.643, 109
Trd, 4319253.043, 118
Trd, 4319253.743, 117
Trd, 4319254.793, 136
Trd, 4319254.843, 117
Trd, 4319255.793, 89
Trd, 4319256.443, 92
Trd, 4319256.743, 108
Trd, 4319258.593, 95
Trd, 4319259.393, 115
Trd, 4319260.093, 90
Trd, 4319260.943, 101
Trd, 4319261.843, 95
Trd, 4319262.593, 108
Trd, 4319262.693, 93
Trd, 4319263.993, 130
Trd, 4319264.293, 111
Trd, 4319264.843, 102
Trd, 4319265.543, 137
Trd, 4319265.793, 81
Trd, 4319266.593, 99
Trd, 4319266.793, 87
Trd, 4319267.843, 67
Trd, 4319268.993, 70
Trd, 4319269.243, 73
Trd, 4319269.993, 78
Trd, 4319270.193, 96
Trd, 4319271.343, 119
Trd, 4319271.643, 91
Trd, 4319272.643, 97
Trd, 4319272.743, 89
Trd, 4319273.593, 130
Trd, 4319273.893, 105
Trd, 4319274.393, 110
Trd, 4319275.643, 84
Trd, 4319276.343, 98
Trd, 4319277.093, 132
Trd, 4319277.193, 119
Trd, 4319279.393, 78
Trd, 4319279.843, 67
Trd, 4319281.093, 99
Trd, 4319281.143, 100
Trd, 4319281.293, 100
Trd, 4319281.493, 93
Trd, 4319281.893, 65
Trd, 4319282.743, 97
Trd, 4319283.643, 61
Trd, 4319285.093, 110
Trd, 4319286.093, 105
Trd, 4319286.543, 112
Trd, 4319286.943, 125
Trd, 4319288.243, 66
Trd, 4319288.343, 65
Trd, 4319288.643, 81
Trd, 4319288.843, 99
Trd, 4319289.093, 112
Trd, 4319289.693, 109
Trd, 4319291.643, 101
Trd, 4319291.793, 110
Trd, 4319293.743, 113
Trd, 4319294.343, 99
Trd, 4319294.543, 116
Trd, 4319295.393, 139
Trd, 4319295.493, 133
Trd, 4319295.943, 85
Trd, 4319297.893, 90
Trd, 4319298.543, 93
Trd, 4319299.093, 103
Trd, 4319300.393, 66
Trd, 4319300.643, 66
Trd, 4319300.893, 90
Trd, 4319300.993, 93
Trd, 4319301.443, 85
Trd, 4319301.893, 101
Trd, 4319302.943, 88
Trd, 4319303.943, 136
Trd, 4319304.293, 129
Trd, 4319304.443, 108
Trd, 4319305.643, 111
Trd, 4319307.243, 114
Trd, 4319307.493, 106
Trd, 4319308.993, 68
Trd, 4319309.543, 114
Trd, 4319310.643, 106
Trd, 4319311.293, 138
Trd, 4319312.543, 117
Trd, 4319312.793, 105
Trd, 4319313.093, 79
Trd, 4319313.193, 66
Trd, 4319313.293, 85
Trd, 4319314.193, 127
Trd, 4319314.743, 68
Trd, 4319316.493, 140
Trd, 4319317.443, 101
Trd, 4319317.943, 82
Trd, 4319319.293, 140
Trd, 4319320.343, 101
Trd, 4319320.493, 86
Trd, 4319321.143, 132
Trd, 4319321.393, 87
Trd, 4319321.593, 78
Trd, 4319321.643, 62
Trd, 4319322.743, 139
Trd, 4319323.093, 122
Trd, 4319323.343, 117
Trd, 4319324.593, 106
Trd, 4319325.193, 95
Trd, 4319326.443, 132
Trd, 4319326.843, 111
Trd, 4319328.993, 134
Trd, 4319329.143, 132
Trd, 4319329.293, 97
Trd, 4319329.343, 93
Trd, 4319330.093, 97
Trd, 4319330.193, 87
Trd, 4319331.393, 127
Trd, 4319331.493, 125
Trd, 4319331.943, 97
Trd, 4319333.193, 77
Trd, 4319333.243, 61
Trd, 4319334.093, 63
Trd, 4319334.243, 72
Trd, 4319335.643, 109
Trd, 4319335.843, 90
Trd, 4319336.493, 137
Trd, 4319337.743, 127
Trd, 4319338.093, 139
Trd, 4319339.043, 102
Trd, 4319340.143, 103
Trd, 4319340.243, 100
Trd, 4319340.343, 118
Trd, 4319341.193, 129
Trd, 4319341.843, 71
Trd, 4319342.843, 68
Trd, 4319343.393, 70
Trd, 4319343.843, 136
Trd, 4319344.543, 122
Trd, 4319344.843, 88
Trd, 4319346.293, 103
Trd, 4319347.293, 139
Trd, 4319348.043, 120
Trd, 4319348.343, 112
Trd, 4319348.793, 97
Trd, 4319349.493, 120
Trd, 4319349.693, 120
Trd, 4319350.093, 108
Trd, 4319350.143, 107
Trd, 4319350.293, 107
Trd, 4319350.493, 88
Trd, 4319351.443, 94
Trd, 4319352.243, 96
Trd, 4319352.543, 78
Trd, 4319354.443, 119
Trd, 4319356.043, 136
Trd, 4319356.643, 104
Trd, 4319357.643, 108
Trd, 4319357.943, 72
Trd, 4319359.193, 132
Trd, 4319360.043, 108
Trd, 4319360.093, 92
Trd, 4319360.643, 123
Trd, 4319361.143, 137
Trd, 4319362.443, 122
Trd, 4319362.943, 122
Trd, 4319364.343, 108
Trd, 4319364.593, 114
Trd, 4319365.143, 107
Trd, 4319365.843, 109
Trd, 4319366.993, 62
Trd, 4319367.243, 78
Trd, 4319368.443, 127
Trd, 4319368.643, 86
Trd, 4319369.393, 98
Trd, 4319370.643, 86
Trd, 4319370.943, 67
Trd, 4319373.343, 67
Trd, 4319373.743, 64
Trd, 4319374.193, 105
Trd, 4319374.293, 85
Trd, 4319375.693, 122
Trd, 4319375.793, 135
Trd, 4319376.993, 103
Trd, 4319377.293, 94
Trd, 4319378.193, 113
Trd, 4319379.093, 114
Trd, 4319380.043, 103
Trd, 4319380.393, 80
Trd, 4319380.643, 94
Trd, 4319381.243, 62
Trd, 4319381.493, 64
Trd, 4319382.293, 63
Trd, 4319383.393, 84
Trd, 4319384.093, 104
Trd, 4319385.043, 102
Trd, 4319385.693, 126
Trd, 4319386.243, 107
Trd, 4319386.343, 106
Trd, 4319386.993, 93
Trd, 4319387.993, 108
Trd, 4319389.643, 110
Trd, 4319390.293, 86
Trd, 4319390.543, 98
Trd, 4319390.693, 105
Trd, 4319392.843, 112
Trd, 4319393.893, 106
Trd, 4319393.943, 104
Trd, 4319394.793, 118
Trd, 4319396.193, 111
Trd, 4319396.693, 95
Trd, 4319396.943, 110
Trd, 4319397.443, 115
Trd, 4319397.743, 128
Trd, 4319397.993, 102
Trd, 4319400.093, 136
Trd, 4319400.443, 109
Trd, 4319400.893, 121
Trd, 4319401.193, 119
Trd, 4319403.043, 128
Trd, 4319404.143, 124
Trd, 4319404.793, 120
Trd, 4319405.193, 105
Trd, 4319405.343, 97
Trd, 4319405.393, 97
Trd, 4319405.443, 87
Trd, 4319405.993, 102
Trd, 4319407.843, 63
Trd, 4319408.193, 137
Trd, 4319408.743, 118
Trd, 4319409.893, 128
Trd, 4319410.043, 102
Trd, 4319410.893, 126
Trd, 4319411.243, 90
Trd, 4319412.293, 120
Trd, 4319412.393, 100
Trd, 4319413.793, 118
Trd, 4319414.893, 109
Trd, 4319416.043, 82
Trd, 4319416.393, 87
Trd, 4319419.393, 139
Trd, 4319419.493, 124
Trd, 4319420.293, 128
Trd, 4319420.393, 115
Trd, 4319421.143, 123
Trd, 4319422.043, 139
Trd, 4319422.743, 88
Trd, 4319423.193, 113
Trd, 4319424.093, 109
Trd, 4319424.393, 131
Trd, 4319425.093, 140
Trd, 4319425.393, 103
Trd, 4319426.943, 103
Trd, 4319427.743, 127
Trd, 4319428.593, 129
Trd, 4319429.193, 140
Trd, 4319429.293, 129
Trd, 4319429.393, 106
Trd, 4319429.943, 139
Trd, 4319430.393, 110
Trd, 4319431.243, 73
Trd, 4319432.443, 129
Trd, 4319433.343, 126
Trd, 4319434.043, 135
Trd, 4319434.493, 117
Trd, 4319434.743, 104
Trd, 4319435.843, 130
Trd, 4319436.443, 123
Trd, 4319436.493, 107
Trd, 4319437.793, 93
Trd, 4319439.093, 95
Trd, 4319439.293, 91
Trd, 4319439.443, 135
Trd, 4319439.743, 88
Trd, 4319440.293, 137
Trd, 4319440.343, 113
Trd, 4319440.543, 105
Trd, 4319440.893, 138
Trd, 4319442.493, 84
Trd, 4319443.343, 94
Trd, 4319443.743, 89
Trd, 4319443.793, 67
Trd, 4319444.443, 67
Trd, 4319446.143, 100
Trd, 4319446.393, 119
Trd, 4319446.693, 91
Trd, 4319446.893, 103
Trd, 4319448.843, 85
Trd, 4319448.943, 86
Trd, 4319449.043, 99
Trd, 4319449.893, 140
Trd, 4319450.243, 128
Trd, 4319451.543, 138
Trd, 4319451.793, 110
Trd, 4319452.493, 109
Trd, 4319453.843, 138
Trd, 4319454.193, 130
Trd, 4319454.793, 122
Trd, 4319456.093, 106
Trd, 4319458.193, 136
Trd, 4319458.543, 139
Trd, 4319458.993, 140
Trd, 4319459.243, 98
Trd, 4319459.843, 112
Trd, 4319460.043, 98
Trd, 4319460.693, 64
Trd, 4319461.393, 96
Trd, 4319461.643, 72
Trd, 4319461.693, 73
Trd, 4319462.693, 89
Trd, 4319463.443, 109
Trd, 4319464.093, 112
Trd, 4319464.543, 134
Trd, 4319464.943, 79
Trd, 4319465.293, 81
Trd, 4319466.143, 134
Trd, 4319466.243, 108
Trd, 4319467.993, 100
Trd, 4319468.343, 121
Trd, 4319469.393, 90
Trd, 4319469.693, 83
Trd, 4319469.993, 63
Trd, 4319470.843, 115
Trd, 4319472.593, 66
Trd, 4319473.643, 81
Trd, 4319473.993, 92
Trd, 4319474.593, 136
Trd, 4319475.643, 74
Trd, 4319476.343, 85
Trd, 4319477.093, 87
Trd, 4319477.643, 66
Trd, 4319478.893, 60
Trd, 4319479.743, 86
Trd, 4319480.043, 111
Trd, 4319480.743, 103
Trd, 4319480.943, 79
Trd, 4319481.693, 115
Trd, 4319481.793, 62
Trd, 4319484.943, 118
Trd, 4319485.493, 115
Trd, 4319485.593, 114
Trd, 4319485.643, 101
Trd, 4319485.743, 70
Trd, 4319487.293, 115
Trd, 4319487.393, 102
Trd, 4319487.943, 98
Trd, 4319488.793, 103
Trd, 4319489.093, 99
Trd, 4319489.543, 80
Trd, 4319490.743, 140
Trd, 4319491.493, 134
Trd, 4319491.843, 125
Trd, 4319491.993, 111
Trd, 4319492.493, 76
Trd, 4319492.943, 75
Trd, 4319493.393, 65
Trd, 4319494.143, 63
Trd, 4319495.493, 97
Trd, 4319495.793, 105
Trd, 4319496.993, 102
Trd, 4319497.593, 112
Trd, 4319497.943, 71
Trd, 4319498.093, 64
Trd, 4319499.593, 89
Trd, 4319499.743, 99
Trd, 4319500.843, 75
Trd, 4319501.343, 66
Trd, 4319501.593, 70
Trd, 4319502.343, 112
Trd, 4319502.393, 112
Trd, 4319503.693, 136
Trd, 4319503.993, 124
Trd, 4319504.843, 109
Trd, 4319504.893, 84
Trd, 4319508.193, 97
Trd, 4319509.443, 96
Trd, 4319510.043, 126
Trd, 4319510.293, 115
Trd, 4319510.593, 103
Trd, 4319510.643, 120
Trd, 4319513.493, 102
Trd, 4319513.693, 99
Trd, 4319513.793, 131
Trd, 4319514.293, 95
Trd, 4319514.643, 111
Trd, 4319514.843, 129
Trd, 4319516.893, 126
Trd, 4319518.293, 108
Trd, 4319518.693, 105
Trd, 4319519.393, 137
Trd, 4319519.893, 108
Trd, 4319520.093, 88
Trd, 4319521.143, 118
Trd, 4319521.493, 133
Trd, 4319521.743, 101
Trd, 4319522.943, 97
Trd, 4319523.743, 101
Trd, 4319524.193, 125
Trd, 4319524.893, 132
Trd, 4319525.293, 93
Trd, 4319526.393, 115
Trd, 4319526.593, 121
Trd, 4319527.443, 125
Trd, 4319528.193, 117
Trd, 4319528.243, 115
Trd, 4319528.493, 100
Trd, 4319530.443, 86
Trd, 4319531.193, 60
Trd, 4319531.343, 82
Trd, 4319533.443, 135
Trd, 4319533.593, 93
Trd, 4319534.143, 91
Trd, 4319534.843, 133
Trd, 4319535.993, 126
Trd, 4319536.143, 109
Trd, 4319536.993, 80
Trd, 4319538.943, 133
Trd, 4319539.343, 114
Trd, 4319539.493, 92
Trd, 4319540.493, 90
Trd, 4319542.693, 128
Trd, 4319542.743, 104
Trd, 4319543.393, 133
Trd, 4319543.593, 104
Trd, 4319543.893, 89
Trd, 4319545.593, 115
Trd, 4319546.043, 81
Trd, 4319547.143, 116
Trd, 4319547.743, 133
Trd, 4319548.293, 109
Trd, 4319549.643, 119
Trd, 4319550.293, 93
Trd, 4319550.643, 111
Trd, 4319551.043, 122
Trd, 4319551.943, 119
Trd, 4319551.993, 121
Trd, 4319552.793, 122
Trd, 4319555.193, 122
Trd, 4319555.493, 121
Trd, 4319556.443, 103
Trd, 4319556.693, 106
Trd, 4319556.943, 90
Trd, 4319557.293, 90
Trd, 4319559.643, 98
Trd, 4319559.793, 93
Trd, 4319561.243, 94
Trd, 4319561.443, 84
Trd, 4319561.543, 107
Trd, 4319562.443, 100
Trd, 4319563.543, 137
Trd, 4319564.693, 117
Trd, 4319565.993, 134
Trd, 4319566.293, 124
Trd, 4319566.943, 110
Trd, 4319568.243, 84
Trd, 4319568.943, 113
Trd, 4319569.443, 93
Trd, 4319569.643, 80
Trd, 4319569.793, 104
Trd, 4319571.243, 126
Trd, 4319572.643, 134
Trd, 4319572.693, 105
Trd, 4319573.443, 133
Trd, 4319573.593, 69
Trd, 4319575.093, 106
Trd, 4319575.743, 62
Trd, 4319576.743, 60
Trd, 4319577.093, 88
Trd, 4319577.393, 113
Trd, 4319579.393, 78
Trd, 4319580.243, 140
Trd, 4319580.643, 119
Trd, 4319580.743, 106
Trd, 4319582.843, 131
Trd, 4319583.593, 108
Trd, 4319583.893, 135
Trd, 4319584.343, 121
Trd, 4319584.593, 101
Trd, 4319584.993, 93
Trd, 4319585.993, 62
Trd, 4319587.493, 85
Trd, 4319588.293, 135
Trd, 4319588.843, 126
Trd, 4319588.993, 119
Trd, 4319589.543, 122
Trd, 4319589.693, 118
Trd, 4319590.793, 124
Trd, 4319591.193, 127
Trd, 4319591.243, 114
Trd, 4319592.793, 61
Trd, 4319592.993, 74
Trd, 4319594.143, 102
Trd, 4319594.243, 64
Trd, 4319594.643, 105
Trd, 4319595.193, 76
Trd, 4319595.343, 111
Trd, 4319595.893, 135
Trd, 4319598.393, 93
Trd, 4319598.793, 101
Trd, 4319599.043, 75
Trd, 4319599.093, 108
Trd, 4319600.443, 68
Trd, 4319601.593, 81
Trd, 4319602.693, 124
Trd, 4319603.093, 70
Trd, 4319603.243, 99
Trd, 4319604.893, 101
Trd, 4319605.993, 118
Trd, 4319607.293, 110
Trd, 4319607.443, 99
Trd, 4319607.793, 140
Trd, 4319608.593, 92
Trd, 4319609.193, 79
Trd, 4319610.193, 102
Trd, 4319610.343, 92
Trd, 4319611.443, 134
Trd, 4319612.943, 133
Trd, 4319613.443, 100
Trd, 4319613.793, 90
Trd, 4319613.843, 77
Trd, 4319614.743, 101
Trd, 4319615.743, 115
Trd, 4319616.243, 122
Trd, 4319616.443, 98
Trd, 4319616.843, 86
Trd, 4319618.343, 101
Trd, 4319618.443, 95
Trd, 4319620.843, 85
Trd, 4319621.143, 101
Trd, 4319621.593, 82
Trd, 4319622.393, 86
Trd, 4319623.043, 139
Trd, 4319623.143, 138
Trd, 4319623.193, 96
Trd, 4319623.743, 97
Trd, 4319624.643, 114
Trd, 4319625.093, 61
Trd, 4319626.393, 123
Trd, 4319627.443, 121
Trd, 4319627.743, 139
Trd, 4319629.093, 114
Trd, 4319629.993, 130
Trd, 4319630.393, 112
Trd, 4319631.893, 121
Trd, 4319632.293, 107
Trd, 4319632.493, 89
Trd, 4319634.043, 87
Trd, 4319634.093, 99
Trd, 4319634.843, 75
Trd, 4319636.493, 140
Trd, 4319636.943, 117
Trd, 4319636.993, 66
Trd, 4319637.693, 118
Trd, 4319638.193, 107
Trd, 4319639.093, 106
Trd, 4319639.543, 101
Trd, 4319639.843, 106
Trd, 4319640.693, 90
Trd, 4319642.043, 88
Trd, 4319642.643, 140
Trd, 4319642.893, 119
Trd, 4319643.093, 99
Trd, 4319643.643, 127
Trd, 4319644.643, 123
Trd, 4319644.893, 107
Trd, 4319646.843, 80
Trd, 4319646.943, 103
Trd, 4319647.043, 68
Trd, 4319647.693, 61
Trd, 4319648.793, 118
Trd, 4319650.043, 117
Trd, 4319650.443, 101
Trd, 4319651.493, 78
Trd, 4319651.943, 85
Trd, 4319652.293, 89
Trd, 4319653.793, 113
Trd, 4319654.843, 135
Trd, 4319656.143, 140
Trd, 4319656.343, 133
Trd, 4319657.143, 130
Trd, 4319657.393, 120
Trd, 4319657.943, 113
Trd, 4319658.343, 118
Trd, 4319658.943, 87
Trd, 4319659.343, 119
Trd, 4319659.543, 94
Trd, 4319661.243, 80
Trd, 4319661.393, 79
Trd, 4319661.793, 62
Trd, 4319663.043, 80
Trd, 4319663.293, 132
Trd, 4319664.293, 140
Trd, 4319664.393, 136
Trd, 4319664.443, 133
Trd, 4319666.043, 114
Trd, 4319666.993, 120
Trd, 4319667.393, 116
Trd, 4319667.543, 101
Trd, 4319667.893, 64
Trd, 4319668.293, 139
Trd, 4319668.593, 124
Trd, 4319669.143, 133
Trd, 4319669.593, 81
Trd, 4319669.693, 72
Trd, 4319670.843, 83
Trd, 4319671.643, 104
Trd, 4319672.193, 88
Trd, 4319673.493, 81
Trd, 4319673.643, 82
Trd, 4319674.293, 91
Trd, 4319675.143, 81
Trd, 4319675.943, 138
Trd, 4319677.043, 124
Trd, 4319677.093, 110
Trd, 4319677.993, 102
Trd, 4319678.343, 85
Trd, 4319678.793, 79
Trd, 4319679.643, 122
Trd, 4319680.693, 86
Trd, 4319682.493, 121
Trd, 4319682.943, 131
Trd, 4319683.193, 114
Trd, 4319683.443, 119
Trd, 4319683.843, 88
Trd, 4319684.543, 108
Trd, 4319685.993, 106
Trd, 4319686.143, 111
Trd, 4319686.493, 97
Trd, 4319687.293, 107
Trd, 4319687.743, 80
Trd, 4319688.793, 88
Trd, 4319688.843, 115
Trd, 4319690.043, 107
Trd, 4319690.093, 99
Trd, 4319690.193, 70
Trd, 4319691.143, 136
Trd, 4319694.593, 92
Trd, 4319695.093, 135
Trd, 4319695.693, 118
Trd, 4319698.243, 104
Trd, 4319698.843, 139
Trd, 4319700.393, 139
Trd, 4319700.643, 114
Trd, 4319700.693, 111
Trd, 4319700.843, 104
Trd, 4319701.193, 122
Trd, 4319702.643, 118
Trd, 4319702.893, 95
Trd, 4319703.743, 101
Trd, 4319704.543, 123
Trd, 4319705.743, 103
Trd, 4319707.643, 139
Trd, 4319708.093, 140
Trd, 4319708.193, 118
Trd, 4319708.593, 130
Trd, 4319708.693, 110
Trd, 4319709.593, 106
Trd, 4319710.193, 103
Trd, 4319711.293, 76
Trd, 4319711.393, 64
Trd, 4319711.843, 118
Trd, 4319713.293, 115
Trd, 4319714.443, 139
Trd, 4319715.443, 108
Trd, 4319715.793, 116
Trd, 4319716.093, 88
Trd, 4319716.243, 71
Trd, 4319717.243, 126
Trd, 4319718.193, 99
Trd, 4319718.893, 73
Trd, 4319720.593, 81
Trd, 4319721.793, 100
Trd, 4319722.143, 110
Trd, 4319722.693, 114
Trd, 4319723.693, 103
Trd, 4319723.943, 73
Trd, 4319724.443, 92
Trd, 4319724.693, 102
Trd, 4319725.093, 113
Trd, 4319725.993, 126
Trd, 4319726.693, 115
Trd, 4319727.343, 133
Trd, 4319728.543, 118
Trd, 4319728.793, 90
Trd, 4319729.143, 125
Trd, 4319730.293, 88
Trd, 4319730.693, 102
Trd, 4319731.193, 126
Trd, 4319731.493, 104
Trd, 4319731.843, 76
Trd, 4319732.193, 119
Trd, 4319732.793, 84
Trd, 4319733.343, 125
Trd, 4319733.743, 137
Trd, 4319733.793, 130
Trd, 4319734.893, 121
Trd, 4319735.043, 100
Trd, 4319737.293, 98
Trd, 4319737.493, 87
Trd, 4319737.543, 82
Trd, 4319738.143, 70
Trd, 4319738.243, 69
Trd, 4319738.543, 120
Trd, 4319740.193, 102
Trd, 4319741.543, 134
Trd, 4319741.743, 106
Trd, 4319742.943, 123
Trd, 4319743.343, 130
Trd, 4319744.093, 108
Trd, 4319744.343, 105
Trd, 4319744.493, 93
Trd, 4319744.643, 99
Trd, 4319745.143, 126
Trd, 4319746.593, 115
Trd, 4319746.943, 88
Trd, 4319747.993, 111
Trd, 4319748.593, 118
Trd, 4319749.493, 91
Trd, 4319750.293, 78
Trd, 4319750.593, 140
Trd, 4319751.393, 75
Trd, 4319752.393, 133
Trd, 4319752.893, 134
Trd, 4319753.093, 126
Trd, 4319753.243, 109
Trd, 4319753.293, 105
Trd, 4319754.643, 60
Trd, 4319754.793, 130
Trd, 4319754.943, 65
Trd, 4319757.543, 131
Trd, 4319758.193, 106
Trd, 4319758.843, 122
Trd, 4319759.493, 99
Trd, 4319759.543, 83
Trd, 4319760.393, 64
Trd, 4319761.093, 78
Trd, 4319761.193, 79
Trd, 4319761.893, 89
Trd, 4319762.293, 79
Trd, 4319762.993, 132
Trd, 4319763.343, 82
Trd, 4319764.193, 99
Trd, 4319765.143, 134
Trd, 4319765.293, 115
Trd, 4319765.443, 100
Trd, 4319765.893, 113
Trd, 4319767.093, 113
Trd, 4319769.393, 140
Trd, 4319769.693, 102
Trd, 4319770.043, 119
Trd, 4319770.943, 115
Trd, 4319771.293, 121
Trd, 4319772.243, 93
Trd, 4319772.643, 87
Trd, 4319772.743, 82
Trd, 4319774.743, 125
Trd, 4319775.193, 115
Trd, 4319775.743, 123
Trd, 4319776.643, 116
Trd, 4319776.843, 112
Trd, 4319777.593, 134
Trd, 4319778.093, 139
Trd, 4319778.143, 95
Trd, 4319778.293, 87
Trd, 4319779.393, 91
Trd, 4319779.893, 82
Trd, 4319782.543, 107
Trd, 4319782.943, 118
Trd, 4319783.743, 129
Trd, 4319785.143, 99
Trd, 4319785.593, 125
Trd, 4319786.093, 132
Trd, 4319786.893, 127
Trd, 4319787.143, 103
Trd, 4319787.343, 103
Trd, 4319787.943, 68
Trd, 4319788.293, 120
Trd, 4319788.743, 114
Trd, 4319789.443, 61
Trd, 4319789.893, 87
Trd, 4319791.143, 128
Trd, 4319792.693, 138
Trd, 4319792.893, 128
Trd, 4319793.293, 116
Trd, 4319793.593, 101
Trd, 4319793.643, 97
Trd, 4319794.143, 84
Trd, 4319795.543, 122
Trd, 4319796.843, 127
Trd, 4319797.893, 112
Trd, 4319798.343, 116
Trd, 4319799.093, 113
Trd, 4319799.143, 93
Trd, 4319800.793, 140
Trd, 4319800.993, 80
Trd, 4319801.243, 75
Trd, 4319801.993, 65
Trd, 4319802.643, 70
Trd, 4319803.543, 89
Trd, 4319804.643, 97
Trd, 4319805.393, 72
Trd, 4319806.093, 105
Trd, 4319806.743, 123
Trd, 4319807.443, 63
Trd, 4319807.493, 80
Trd, 4319807.893, 97
Trd, 4319809.993, 84
Trd, 4319810.093, 97
Trd, 4319810.293, 78
Trd, 4319810.393, 78
Trd, 4319811.143, 94
Trd, 4319811.343, 80
Trd, 4319812.343, 111
Trd, 4319813.443, 96
Trd, 4319813.543, 82
Trd, 4319813.993, 73
Trd, 4319816.593, 136
Trd, 4319816.993, 133
Trd, 4319817.043, 122
Trd, 4319817.493, 96
Trd, 4319817.693, 86
Trd, 4319818.543, 95
Trd, 4319819.143, 88
Trd, 4319820.343, 83
Trd, 4319820.843, 104
Trd, 4319820.993, 119
Trd, 4319821.293, 77
Trd, 4319823.193, 85
Trd, 4319823.293, 95
Trd, 4319824.343, 129
Trd, 4319825.943, 93
Trd, 4319826.093, 93
Trd, 4319826.493, 91
Trd, 4319826.643, 119
Trd, 4319827.743, 79
Trd, 4319828.043, 88
Trd, 4319828.243, 110
Trd, 4319828.443, 68
Trd, 4319829.343, 135
Trd, 4319829.393, 115
Trd, 4319831.093, 140
Trd, 4319832.093, 125
Trd, 4319832.393, 109
Trd, 4319833.143, 131
Trd, 4319833.843, 130
Trd, 4319834.143, 66
Trd, 4319834.893, 93
Trd, 4319835.093, 134
Trd, 4319836.543, 136
Trd, 4319837.143, 115
Trd, 4319837.293, 83
Trd, 4319838.243, 79
Trd, 4319838.743, 133
Trd, 4319838.793, 131
Trd, 4319839.143, 111
Trd, 4319839.543, 104
Trd, 4319841.193, 77
Trd, 4319842.343, 103
Trd, 4319843.593, 76
Trd, 4319844.043, 75
Trd, 4319844.443, 74
Trd, 4319844.693, 119
Trd, 4319845.343, 138
Trd, 4319845.593, 108
Trd, 4319847.293, 115
Trd, 4319847.593, 119
Trd, 4319847.943, 123
Trd, 4319848.243, 106
Trd, 4319848.393, 98
Trd, 4319850.643, 130
Trd, 4319850.693, 114
Trd, 4319851.293, 130
Trd, 4319851.343, 117
Trd, 4319851.843, 138
Trd, 4319853.943, 95
Trd, 4319855.343, 100
Trd, 4319855.993, 113
Trd, 4319857.343, 97
Trd, 4319857.643, 117
Trd, 4319858.043, 140
Trd, 4319858.993, 139
Trd, 4319859.393, 102
Trd, 4319860.593, 132
Trd, 4319861.343, 105
Trd, 4319861.993, 115
Trd, 4319862.143, 86
Trd, 4319862.643, 85
Trd, 4319863.243, 88
Trd, 4319864.293, 109
Trd, 4319864.743, 104
Trd, 4319865.243, 100
Trd, 4319865.843, 127
Trd, 4319865.943, 95
Trd, 4319866.993, 129
Trd, 4319867.393, 102
Trd, 4319867.543, 89
Trd, 4319868.443, 133
Trd, 4319869.243, 101
Trd, 4319870.693, 69
Trd, 4319870.843, 78
Trd, 4319871.343, 63
Trd, 4319872.893, 72
Trd, 4319872.993, 93
Trd, 4319873.793, 102
Trd, 4319873.893, 76
Trd, 4319875.493, 140
Trd, 4319875.843, 114
Trd, 4319876.393, 102
Trd, 4319876.943, 103
Trd, 4319877.243, 84
Trd, 4319877.693, 64
Trd, 4319878.393, 61
Trd, 4319879.093, 103
Trd, 4319879.843, 98
Trd, 4319880.293, 92
Trd, 4319881.993, 120
Trd, 4319883.293, 138
Trd, 4319883.643, 123
Trd, 4319884.093, 129
Trd, 4319884.243, 118
Trd, 4319885.143, 99
Trd, 4319885.843, 75
Trd, 4319886.443, 109
Trd, 4319886.693, 122
Trd, 4319887.493, 113
Trd, 4319889.993, 117
Trd, 4319890.143, 117
Trd, 4319890.793, 98
Trd, 4319890.843, 82
Trd, 4319891.193, 79
Trd, 4319892.393, 92
Trd, 4319892.593, 135
Trd, 4319893.543, 72
Trd, 4319893.743, 118
Trd, 4319895.093, 119
Trd, 4319895.293, 80
Trd, 4319895.793, 102
Trd, 4319895.893, 68
Trd, 4319897.343, 105
Trd, 4319897.493, 107
Trd, 4319898.143, 89
Trd, 4319900.193, 136
Trd, 4319900.243, 117
Trd, 4319901.043, 65
Trd, 4319902.293, 140
Trd, 4319902.393, 130
Trd, 4319902.743, 130
Trd, 4319904.143, 75
Trd, 4319905.193, 111
Trd, 4319906.843, 99
Trd, 4319907.393, 95
Trd, 4319907.443, 100
Trd, 4319908.693, 84
Trd, 4319909.343, 62
Trd, 4319910.093, 121
Trd, 4319910.393, 106
Trd, 4319911.793, 126
Trd, 4319912.993, 97
Trd, 4319914.243, 69
Trd, 4319914.443, 101
Trd, 4319914.993, 124
Trd, 4319916.443, 96
Trd, 4319916.593, 80
Trd, 4319916.943, 87
Trd, 4319917.093, 104
Trd, 4319919.443, 108
Trd, 4319920.593, 91
Trd, 4319920.743, 82
Trd, 4319920.943, 80
Trd, 4319921.943, 64
Trd, 4319922.643, 105
Trd, 4319922.993, 134
Trd, 4319925.343, 101
Trd, 4319925.393, 97
Trd, 4319925.893, 114
Trd, 4319926.243, 129
Trd, 4319928.093, 121
Trd, 4319928.643, 111
Trd, 4319929.093, 140
Trd, 4319930.643, 109
Trd, 4319930.693, 105
Trd, 4319930.993, 93
Trd, 4319932.193, 139
Trd, 4319932.493, 123
Trd, 4319933.243, 117
Trd, 4319933.793, 83
Trd, 4319935.243, 130
Trd, 4319935.393, 97
Trd, 4319936.043, 106
Trd, 4319936.843, 114
Trd, 4319936.893, 104
Trd, 4319937.993, 140
Trd, 4319938.243, 123
Trd, 4319938.793, 100
Trd, 4319939.693, 73
Trd, 4319940.943, 70
Trd, 4319941.543, 79
Trd, 4319943.043, 80
Trd, 4319943.343, 105
Trd, 4319943.693, 78
Trd, 4319944.743, 71
Trd, 4319945.243, 124
Trd, 4319945.843, 135
Trd, 4319946.893, 120
Trd, 4319947.443, 87
Trd, 4319948.543, 110
Trd, 4319948.693, 102
Trd, 4319950.293, 109
Trd, 4319950.443, 138
Trd, 4319950.493, 103
Trd, 4319953.093, 120
Trd, 4319953.993, 140
Trd, 4319954.243, 86
Trd, 4319954.543, 80
Trd, 4319954.893, 66
Trd, 4319954.943, 84
Trd, 4319957.193, 74
Trd, 4319958.043, 118
Trd, 4319958.793, 106
Trd, 4319959.043, 80
Trd, 4319959.693, 138
Trd, 4319959.993, 101
Trd, 4319960.543, 75
Trd, 4319960.743, 109
Trd, 4319961.643, 90
Trd, 4319962.143, 119
Trd, 4319962.943, 128
Trd, 4319963.243, 99
Trd, 4319965.343, 73
Trd, 4319965.693, 67
Trd, 4319965.793, 91
Trd, 4319967.993, 112
Trd, 4319968.693, 66
Trd, 4319969.493, 121
Trd, 4319970.543, 131
Trd, 4319970.743, 93
Trd, 4319971.443, 89
Trd, 4319972.093, 95
Trd, 4319972.593, 96
Trd, 4319973.293, 97
Trd, 4319974.093, 104
Trd, 4319974.243, 118
Trd, 4319974.793, 94
Trd, 4319975.493, 83
Trd, 4319975.993, 71
Trd, 4319976.843, 88
Trd, 4319978.543, 139
Trd, 4319978.843, 131
Trd, 4319980.143, 121
Trd, 4319980.243, 117
Trd, 4319981.093, 116
Trd, 4319982.043, 140
Trd, 4319982.343, 132
Trd, 4319982.393, 113
Trd, 4319982.843, 100
Trd, 4319983.443, 125
Trd, 4319984.193, 98
Trd, 4319984.243, 88
Trd, 4319986.943, 113
Trd, 4319987.293, 114
Trd, 4319987.893, 89
Trd, 4319988.243, 79
Trd, 4319989.093, 111
Trd, 4319989.543, 101
Trd, 4319989.793, 133
Trd, 4319991.243, 135
Trd, 4319992.293, 137
Trd, 4319993.043, 76
Trd, 4319993.343, 120
Trd, 4319994.243, 126
Trd, 4319995.043, 140
Trd, 4319995.443, 105
Trd, 4319995.543, 104
Trd, 4319995.743, 91
Trd, 4319997.793, 117
Trd, 4319998.643, 113
Trd, 4319998.943, 106
Trd, 4319999.543, 96
Trd, 4319999.793, 98
