Trd, 4318089.343, 69
Trd, 4318090.943, 126
Trd, 4318091.943, 116
Trd, 4318092.593, 137
Trd, 4318093.293, 131
Trd, 4318093.793, 122
Trd, 4318094.193, 133
Trd, 4318095.043, 111
Trd, 4318095.593, 120
Trd, 4318096.243, 104
Trd, 4318096.743, 113
Trd, 4318097.493, 114
Trd, 4318097.593, 128
Trd, 4318097.693, 109
Trd, 4318098.093, 122
Trd, 4318098.243, 96
Trd, 4318100.793, 133
Trd, 4318101.893, 119
Trd, 4318103.243, 131
Trd, 4318104.093, 108
Trd, 4318104.293, 135
Trd, 4318104.693, 106
Trd, 4318105.293, 98
Trd, 4318105.493, 111
Trd, 4318105.893, 80
Trd, 4318106.643, 116
Trd, 4318107.293, 98
Trd, 4318107.443, 105
Trd, 4318108.243, 119
Trd, 4318109.493, 61
Trd, 4318110.493, 103
Trd, 4318110.793, 80
Trd, 4318112.043, 133
Trd, 4318112.193, 137
Trd, 4318112.343, 127
Trd, 4318112.893, 125
Trd, 4318113.443, 93
Trd, 4318114.643, 122
Trd, 4318115.693, 125
Trd, 4318115.943, 84
Trd, 4318117.243, 139
Trd, 4318117.443, 127
Trd, 4318118.093, 129
Trd, 4318119.093, 139
Trd, 4318119.693, 106
Trd, 4318120.443, 110
Trd, 4318120.493, 109
Trd, 4318121.093, 106
Trd, 4318121.843, 79
Trd, 4318122.793, 130
Trd, 4318123.243, 132
Trd, 4318123.343, 137
Trd, 4318124.993, 130
Trd, 4318125.843, 117
Trd, 4318126.693, 129
Trd, 4318127.543, 102
Trd, 4318128.243, 114
Trd, 4318129.343, 116
Trd, 4318129.893, 123
Trd, 4318131.493, 109
Trd, 4318132.043, 89
Trd, 4318132.343, 87
Trd, 4318132.743, 107
Trd, 4318133.293, 117
Trd, 4318134.143, 115
Trd, 4318134.293, 110
Trd, 4318134.743, 88
Trd, 4318135.443, 76
Trd, 4318136.193, 119
Trd, 4318136.243, 76
Trd, 4318136.443, 130
Trd, 4318137.643, 136
Trd, 4318138.093, 86
Trd, 4318138.693, 106
Trd, 4318138.843, 97
Trd, 4318140.043, 140
Trd, 4318142.293, 138
Trd, 4318143.143, 134
Trd, 4318145.893, 135
Trd, 4318145.993, 129
Trd, 4318146.143, 121
Trd, 4318146.743, 114
Trd, 4318147.393, 137
Trd, 4318148.093, 123
Trd, 4318149.143, 119
Trd, 4318150.043, 125
Trd, 4318150.143, 132
Trd, 4318150.443, 101
Trd, 4318151.143, 113
Trd, 4318151.593, 127
Trd, 4318152.043, 120
Trd, 4318152.643, 137
Trd, 4318153.443, 105
Trd, 4318154.093, 120
Trd, 4318156.043, 119
Trd, 4318157.143, 103
Trd, 4318157.493, 111
Trd, 4318157.693, 108
Trd, 4318157.843, 125
Trd, 4318157.943, 82
Trd, 4318158.443, 69
Trd, 4318160.293, 85
Trd, 4318160.743, 66
Trd, 4318161.743, 67
Trd, 4318161.993, 116
Trd, 4318163.143, 84
Trd, 4318163.693, 133
Trd, 4318164.643, 79
Trd, 4318165.843, 138
Trd, 4318165.993, 100
Trd, 4318166.293, 87
Trd, 4318167.043, 136
Trd, 4318167.743, 103
Trd, 4318169.093, 75
Trd, 4318169.243, 119
Trd, 4318169.493, 115
Trd, 4318170.093, 129
Trd, 4318171.093, 70
Trd, 4318171.193, 97
Trd, 4318172.793, 87
Trd, 4318173.493, 114
Trd, 4318174.393, 85
Trd, 4318175.493, 114
Trd, 4318175.793, 125
Trd, 4318176.193, 139
Trd, 4318176.443, 106
Trd, 4318176.743, 128
Trd, 4318177.943, 90
Trd, 4318178.243, 139
Trd, 4318180.893, 135
Trd, 4318181.043, 129
Trd, 4318181.443, 65
Trd, 4318182.043, 106
Trd, 4318182.393, 88
Trd, 4318182.893, 137
Trd, 4318184.143, 111
Trd, 4318184.643, 83
Trd, 4318185.643, 77
Trd, 4318186.243, 100
Trd, 4318186.693, 69
Trd, 4318187.093, 104
Trd, 4318187.343, 82
Trd, 4318188.393, 108
Trd, 4318189.493, 137
Trd, 4318190.143, 131
Trd, 4318190.593, 125
Trd, 4318190.693, 115
Trd, 4318192.143, 110
Trd, 4318193.043, 130
Trd, 4318193.143, 124
Trd, 4318194.993, 127
Trd, 4318195.293, 118
Trd, 4318196.043, 123
Trd, 4318196.343, 116
Trd, 4318197.243, 110
Trd, 4318198.043, 77
Trd, 4318199.093, 74
Trd, 4318199.543, 135
Trd, 4318199.893, 106
Trd, 4318200.143, 97
Trd, 4318200.293, 109
Trd, 4318201.193, 119
Trd, 4318201.243, 115
Trd, 4318202.693, 80
Trd, 4318204.343, 103
Trd, 4318204.793, 95
Trd, 4318204.943, 78
Trd, 4318205.643, 129
Trd, 4318206.643, 115
Trd, 4318207.093, 96
Trd, 4318207.943, 77
Trd, 4318208.293, 67
Trd, 4318209.243, 113
Trd, 4318210.993, 134
Trd, 4318211.093, 126
Trd, 4318211.543, 95
Trd, 4318212.393, 79
Trd, 4318214.543, 88
Trd, 4318215.043, 103
Trd, 4318215.343, 134
Trd, 4318215.393, 110
Trd, 4318215.943, 102
Trd, 4318215.993, 78
Trd, 4318216.843, 130
Trd, 4318217.343, 108
Trd, 4318217.993, 115
Trd, 4318219.593, 123
Trd, 4318219.693, 118
Trd, 4318221.193, 133
Trd, 4318221.343, 116
Trd, 4318222.743, 112
Trd, 4318224.143, 136
Trd, 4318224.193, 98
Trd, 4318225.043, 97
Trd, 4318225.893, 140
Trd, 4318226.143, 111
Trd, 4318227.343, 76
Trd, 4318227.493, 87
Trd, 4318228.443, 108
Trd, 4318228.943, 136
Trd, 4318230.293, 107
Trd, 4318231.643, 90
Trd, 4318231.893, 112
Trd, 4318232.293, 85
Trd, 4318232.893, 128
Trd, 4318234.093, 133
Trd, 4318234.143, 121
Trd, 4318235.243, 102
Trd, 4318235.543, 98
Trd, 4318235.743, 99
Trd, 4318236.743, 115
Trd, 4318237.743, 67
Trd, 4318238.493, 83
Trd, 4318239.143, 99
Trd, 4318240.443, 95
Trd, 4318241.743, 110
Trd, 4318242.243, 137
Trd, 4318242.443, 111
Trd, 4318244.193, 137
Trd, 4318244.443, 135
Trd, 4318244.793, 137
Trd, 4318245.043, 129
Trd, 4318245.643, 133
Trd, 4318247.393, 126
Trd, 4318247.743, 126
Trd, 4318248.693, 134
Trd, 4318249.093, 120
Trd, 4318250.193, 119
Trd, 4318250.743, 120
Trd, 4318251.493, 139
Trd, 4318252.393, 100
Trd, 4318253.143, 102
Trd, 4318254.443, 135
Trd, 4318254.493, 132
Trd, 4318254.543, 138
Trd, 4318256.243, 140
Trd, 4318256.993, 96
Trd, 4318257.593, 116
Trd, 4318257.693, 110
Trd, 4318258.193, 95
Trd, 4318258.743, 74
Trd, 4318259.493, 129
Trd, 4318259.643, 100
Trd, 4318260.843, 137
Trd, 4318262.243, 107
Trd, 4318262.343, 125
Trd, 4318262.643, 107
Trd, 4318263.543, 129
Trd, 4318263.793, 106
Trd, 4318264.093, 127
Trd, 4318264.493, 128
Trd, 4318266.393, 80
Trd, 4318266.943, 101
Trd, 4318267.293, 100
Trd, 4318268.593, 60
Trd, 4318268.743, 107
Trd, 4318270.393, 94
Trd, 4318270.593, 120
Trd, 4318271.293, 138
Trd, 4318273.493, 108
Trd, 4318273.893, 110
Trd, 4318274.443, 121
Trd, 4318274.643, 103
Trd, 4318274.993, 99
Trd, 4318275.643, 111
Trd, 4318276.993, 100
Trd, 4318277.793, 98
Trd, 4318279.693, 138
Trd, 4318280.243, 132
Trd, 4318280.693, 136
Trd, 4318281.393, 90
Trd, 4318281.593, 136
Trd, 4318282.093, 117
Trd, 4318282.543, 113
Trd, 4318283.143, 99
Trd, 4318283.393, 125
Trd, 4318284.243, 96
Trd, 4318285.993, 135
Trd, 4318286.093, 101
Trd, 4318287.493, 140
Trd, 4318287.793, 90
Trd, 4318290.443, 139
Trd, 4318291.843, 83
Trd, 4318291.943, 80
Trd, 4318292.143, 122
Trd, 4318292.243, 74
Trd, 4318293.093, 116
Trd, 4318293.693, 77
Trd, 4318295.193, 122
Trd, 4318295.743, 136
Trd, 4318295.793, 121
Trd, 4318296.443, 132
Trd, 4318297.243, 131
Trd, 4318298.843, 130
Trd, 4318299.243, 131
Trd, 4318300.893, 132
Trd, 4318301.193, 129
Trd, 4318301.593, 137
Trd, 4318302.343, 134
Trd, 4318303.543, 119
Trd, 4318305.143, 118
Trd, 4318305.893, 118
Trd, 4318305.943, 103
Trd, 4318306.343, 101
Trd, 4318307.293, 122
Trd, 4318307.943, 112
Trd, 4318308.543, 111
Trd, 4318310.143, 128
Trd, 4318310.493, 100
Trd, 4318310.793, 87
Trd, 4318310.843, 82
Trd, 4318312.043, 124
Trd, 4318312.143, 119
Trd, 4318312.793, 101
Trd, 4318314.893, 78
Trd, 4318315.093, 74
Trd, 4318315.493, 94
Trd, 4318317.193, 103
Trd, 4318317.493, 93
Trd, 4318318.593, 92
Trd, 4318318.793, 90
Trd, 4318319.743, 118
Trd, 4318319.793, 85
Trd, 4318320.343, 107
Trd, 4318321.293, 110
Trd, 4318322.693, 122
Trd, 4318322.743, 117
Trd, 4318323.193, 85
Trd, 4318324.893, 119
Trd, 4318325.093, 120
Trd, 4318325.943, 131
Trd, 4318326.093, 125
Trd, 4318326.793, 114
Trd, 4318327.443, 86
Trd, 4318328.893, 133
Trd, 4318328.943, 128
Trd, 4318329.543, 79
Trd, 4318330.393, 90
Trd, 4318332.443, 108
Trd, 4318332.493, 107
Trd, 4318333.543, 114
Trd, 4318333.743, 126
Trd, 4318333.893, 100
Trd, 4318334.243, 118
Trd, 4318334.943, 100
Trd, 4318336.293, 74
Trd, 4318336.893, 73
Trd, 4318337.993, 99
Trd, 4318340.293, 91
Trd, 4318340.393, 121
Trd, 4318340.843, 96
Trd, 4318342.943, 134
Trd, 4318344.693, 130
Trd, 4318345.193, 140
Trd, 4318345.593, 127
Trd, 4318345.993, 119
Trd, 4318346.093, 110
Trd, 4318346.793, 122
Trd, 4318348.143, 117
Trd, 4318348.993, 120
Trd, 4318349.243, 102
Trd, 4318350.393, 107
Trd, 4318350.593, 89
Trd, 4318351.043, 114
Trd, 4318353.743, 79
Trd, 4318354.393, 74
Trd, 4318355.443, 129
Trd, 4318355.993, 129
Trd, 4318356.493, 109
Trd, 4318357.793, 127
Trd, 4318359.093, 122
Trd, 4318359.843, 138
Trd, 4318360.093, 102
Trd, 4318360.393, 116
Trd, 4318360.493, 101
Trd, 4318360.543, 96
Trd, 4318360.843, 66
Trd, 4318361.943, 103
Trd, 4318362.343, 100
Trd, 4318363.493, 115
Trd, 4318363.793, 97
Trd, 4318363.843, 96
Trd, 4318365.743, 97
Trd, 4318366.093, 109
Trd, 4318366.893, 98
Trd, 4318367.243, 82
Trd, 4318367.643, 117
Trd, 4318368.343, 109
Trd, 4318368.843, 127
Trd, 4318369.843, 113
Trd, 4318370.043, 67
Trd, 4318371.093, 94
Trd, 4318373.243, 131
Trd, 4318373.443, 128
Trd, 4318374.143, 127
Trd, 4318374.193, 118
Trd, 4318375.043, 115
Trd, 4318375.543, 131
Trd, 4318376.043, 114
Trd, 4318378.043, 97
Trd, 4318378.543, 107
Trd, 4318379.343, 101
Trd, 4318382.143, 122
Trd, 4318382.443, 113
Trd, 4318382.593, 112
Trd, 4318383.093, 107
Trd, 4318383.493, 111
Trd, 4318384.693, 94
Trd, 4318385.543, 136
Trd, 4318386.693, 82
Trd, 4318386.843, 82
Trd, 4318387.743, 80
Trd, 4318388.543, 113
Trd, 4318389.793, 107
Trd, 4318390.393, 115
Trd, 4318390.643, 110
Trd, 4318390.893, 120
Trd, 4318391.743, 81
Trd, 4318392.293, 123
Trd, 4318394.243, 138
Trd, 4318394.543, 126
Trd, 4318395.493, 138
Trd, 4318396.143, 99
Trd, 4318396.693, 102
Trd, 4318397.543, 111
Trd, 4318398.343, 102
Trd, 4318398.793, 104
Trd, 4318398.843, 88
Trd, 4318399.093, 124
Trd, 4318399.443, 128
Trd, 4318399.743, 103
Trd, 4318400.693, 125
Trd, 4318404.443, 129
Trd, 4318404.793, 124
Trd, 4318404.843, 106
Trd, 4318405.043, 132
Trd, 4318406.343, 140
Trd, 4318406.393, 130
Trd, 4318406.493, 104
Trd, 4318408.193, 132
Trd, 4318408.943, 136
Trd, 4318409.743, 115
Trd, 4318410.043, 121
Trd, 4318411.693, 100
Trd, 4318412.743, 114
Trd, 4318414.693, 139
Trd, 4318414.743, 133
Trd, 4318415.743, 124
Trd, 4318416.443, 129
Trd, 4318416.893, 127
Trd, 4318417.543, 121
Trd, 4318417.743, 118
Trd, 4318418.093, 106
Trd, 4318419.093, 92
Trd, 4318419.393, 131
Trd, 4318420.993, 130
Trd, 4318421.943, 106
Trd, 4318421.993, 103
Trd, 4318423.993, 117
Trd, 4318424.293, 113
Trd, 4318425.643, 118
Trd, 4318426.143, 70
Trd, 4318428.593, 109
Trd, 4318429.043, 136
Trd, 4318430.443, 104
Trd, 4318432.093, 114
Trd, 4318432.743, 116
Trd, 4318433.193, 107
Trd, 4318433.793, 95
Trd, 4318433.893, 93
Trd, 4318436.043, 119
Trd, 4318436.193, 108
Trd, 4318436.743, 96
Trd, 4318436.943, 85
Trd, 4318437.443, 81
Trd, 4318437.643, 109
Trd, 4318438.143, 95
Trd, 4318438.543, 96
Trd, 4318440.143, 100
Trd, 4318441.193, 136
Trd, 4318441.593, 94
Trd, 4318442.943, 138
Trd, 4318442.993, 132
Trd, 4318443.693, 135
Trd, 4318444.093, 132
Trd, 4318444.293, 138
Trd, 4318445.793, 133
Trd, 4318447.193, 136
Trd, 4318447.693, 130
Trd, 4318448.593, 134
Trd, 4318448.843, 124
Trd, 4318449.093, 130
Trd, 4318449.393, 107
Trd, 4318450.543, 106
Trd, 4318451.043, 108
Trd, 4318451.193, 90
Trd, 4318452.393, 140
Trd, 4318454.293, 87
Trd, 4318454.693, 104
Trd, 4318455.193, 86
Trd, 4318456.043, 79
Trd, 4318456.593, 119
Trd, 4318457.093, 83
Trd, 4318459.343, 103
Trd, 4318459.493, 100
Trd, 4318459.793, 110
Trd, 4318460.443, 114
Trd, 4318463.093, 114
Trd, 4318463.243, 104
Trd, 4318464.043, 108
Trd, 4318464.793, 107
Trd, 4318466.093, 112
Trd, 4318466.293, 93
Trd, 4318467.093, 111
Trd, 4318469.043, 137
Trd, 4318469.643, 122
Trd, 4318469.693, 121
Trd, 4318470.943, 110
Trd, 4318471.693, 100
Trd, 4318471.943, 91
Trd, 4318472.693, 108
Trd, 4318473.493, 130
Trd, 4318474.143, 127
Trd, 4318474.643, 119
Trd, 4318474.943, 89
Trd, 4318476.393, 83
Trd, 4318477.293, 86
Trd, 4318478.543, 76
Trd, 4318478.743, 109
Trd, 4318479.593, 107
Trd, 4318479.643, 74
Trd, 4318480.793, 121
Trd, 4318481.443, 109
Trd, 4318481.793, 134
Trd, 4318482.493, 123
Trd, 4318483.143, 119
Trd, 4318483.343, 92
Trd, 4318484.643, 94
Trd, 4318484.743, 83
Trd, 4318486.493, 136
Trd, 4318486.743, 131
Trd, 4318487.043, 121
Trd, 4318488.493, 65
Trd, 4318489.093, 74
Trd, 4318489.843, 86
Trd, 4318490.993, 122
Trd, 4318491.393, 94
Trd, 4318491.643, 93
Trd, 4318492.143, 122
Trd, 4318493.743, 119
Trd, 4318493.793, 104
Trd, 4318494.093, 114
Trd, 4318495.693, 116
Trd, 4318496.043, 113
Trd, 4318496.593, 83
Trd, 4318498.593, 100
Trd, 4318498.843, 79
Trd, 4318499.343, 132
Trd, 4318499.993, 71
Trd, 4318500.443, 110
Trd, 4318501.543, 114
Trd, 4318503.543, 101
Trd, 4318503.743, 113
Trd, 4318504.093, 99
Trd, 4318505.793, 80
Trd, 4318505.943, 112
Trd, 4318508.143, 103
Trd, 4318509.093, 118
Trd, 4318509.643, 117
Trd, 4318509.793, 115
Trd, 4318510.743, 102
Trd, 4318511.043, 83
Trd, 4318511.493, 127
Trd, 4318512.143, 129
Trd, 4318513.643, 123
Trd, 4318514.093, 129
Trd, 4318514.993, 74
Trd, 4318515.293, 93
Trd, 4318517.693, 138
Trd, 4318517.893, 105
Trd, 4318519.443, 133
Trd, 4318520.343, 124
Trd, 4318520.943, 99
Trd, 4318522.543, 132
Trd, 4318523.193, 128
Trd, 4318523.693, 130
Trd, 4318525.343, 131
Trd, 4318525.393, 90
Trd, 4318525.593, 96
Trd, 4318526.393, 114
Trd, 4318526.943, 88
Trd, 4318526.993, 87
Trd, 4318528.093, 136
Trd, 4318528.143, 123
Trd, 4318529.843, 130
Trd, 4318530.043, 124
Trd, 4318530.243, 111
Trd, 4318532.293, 131
Trd, 4318532.743, 115
Trd, 4318533.693, 131
Trd, 4318534.793, 135
Trd, 4318535.243, 140
Trd, 4318535.543, 108
Trd, 4318536.443, 125
Trd, 4318537.243, 126
Trd, 4318538.343, 122
Trd, 4318539.193, 117
Trd, 4318539.293, 109
Trd, 4318540.143, 109
Trd, 4318540.293, 97
Trd, 4318541.993, 135
Trd, 4318543.143, 122
Trd, 4318543.443, 136
Trd, 4318543.943, 103
Trd, 4318544.693, 124
Trd, 4318546.793, 117
Trd, 4318547.043, 94
Trd, 4318547.293, 136
Trd, 4318547.593, 100
Trd, 4318549.593, 137
Trd, 4318549.943, 123
Trd, 4318550.693, 113
Trd, 4318551.243, 107
Trd, 4318551.393, 108
Trd, 4318551.443, 91
Trd, 4318552.393, 128
Trd, 4318552.943, 132
Trd, 4318553.993, 137
Trd, 4318555.043, 117
Trd, 4318555.343, 133
Trd, 4318555.743, 120
Trd, 4318556.443, 116
Trd, 4318556.793, 133
Trd, 4318558.693, 126
Trd, 4318560.243, 106
Trd, 4318561.343, 120
Trd, 4318562.343, 95
Trd, 4318562.393, 107
Trd, 4318562.693, 129
Trd, 4318562.793, 84
Trd, 4318562.993, 74
Trd, 4318563.843, 130
Trd, 4318565.643, 130
Trd, 4318566.143, 138
Trd, 4318566.443, 127
Trd, 4318567.043, 92
Trd, 4318567.343, 124
Trd, 4318568.243, 91
Trd, 4318568.393, 88
Trd, 4318568.943, 124
Trd, 4318571.193, 127
Trd, 4318571.543, 119
Trd, 4318573.493, 129
Trd, 4318573.793, 120
Trd, 4318574.693, 111
Trd, 4318574.993, 140
Trd, 4318575.443, 132
Trd, 4318575.793, 130
Trd, 4318576.893, 87
Trd, 4318577.093, 75
Trd, 4318577.693, 88
Trd, 4318579.043, 99
Trd, 4318580.093, 84
Trd, 4318580.443, 81
Trd, 4318580.893, 72
Trd, 4318582.693, 104
Trd, 4318584.743, 106
Trd, 4318585.743, 82
Trd, 4318586.043, 65
Trd, 4318586.293, 75
Trd, 4318586.793, 71
Trd, 4318587.943, 83
Trd, 4318588.393, 101
Trd, 4318588.543, 99
Trd, 4318590.193, 80
Trd, 4318591.343, 126
Trd, 4318592.043, 91
Trd, 4318593.043, 70
Trd, 4318593.593, 99
Trd, 4318593.693, 92
Trd, 4318594.893, 104
Trd, 4318595.943, 102
Trd, 4318596.793, 92
Trd, 4318597.493, 80
Trd, 4318597.743, 63
Trd, 4318598.793, 96
Trd, 4318599.193, 82
Trd, 4318600.043, 111
Trd, 4318601.143, 124
Trd, 4318601.943, 111
Trd, 4318603.193, 127
Trd, 4318603.893, 120
Trd, 4318605.593, 124
Trd, 4318606.393, 118
Trd, 4318606.943, 98
Trd, 4318607.343, 121
Trd, 4318609.343, 132
Trd, 4318610.743, 119
Trd, 4318611.943, 135
Trd, 4318612.293, 123
Trd, 4318612.793, 120
Trd, 4318613.193, 107
Trd, 4318613.493, 109
Trd, 4318614.143, 132
Trd, 4318614.193, 127
Trd, 4318614.743, 96
Trd, 4318615.643, 104
Trd, 4318618.043, 138
Trd, 4318618.243, 129
Trd, 4318619.243, 137
Trd, 4318620.143, 131
Trd, 4318620.543, 120
Trd, 4318621.143, 119
Trd, 4318621.543, 123
Trd, 4318621.693, 118
Trd, 4318622.143, 133
Trd, 4318622.793, 110
Trd, 4318622.943, 107
Trd, 4318623.043, 85
Trd, 4318624.393, 85
Trd, 4318625.893, 124
Trd, 4318626.493, 112
Trd, 4318626.593, 112
Trd, 4318626.843, 127
Trd, 4318627.943, 117
Trd, 4318628.443, 138
Trd, 4318628.993, 98
Trd, 4318629.143, 91
Trd, 4318630.943, 106
Trd, 4318631.343, 111
Trd, 4318632.743, 140
Trd, 4318632.793, 123
Trd, 4318633.243, 125
Trd, 4318635.743, 88
Trd, 4318635.993, 78
Trd, 4318637.393, 135
Trd, 4318637.493, 109
Trd, 4318637.793, 100
Trd, 4318637.943, 94
Trd, 4318639.743, 138
Trd, 4318641.793, 101
Trd, 4318642.543, 122
Trd, 4318643.093, 130
Trd, 4318643.943, 128
Trd, 4318644.393, 132
Trd, 4318644.643, 115
Trd, 4318645.043, 109
Trd, 4318645.793, 128
Trd, 4318646.443, 140
Trd, 4318647.543, 133
Trd, 4318647.843, 85
Trd, 4318648.193, 135
Trd, 4318649.793, 126
Trd, 4318650.543, 140
Trd, 4318650.743, 113
Trd, 4318651.793, 94
Trd, 4318653.493, 115
Trd, 4318654.543, 115
Trd, 4318654.743, 112
Trd, 4318655.193, 81
Trd, 4318655.443, 128
Trd, 4318656.293, 121
Trd, 4318657.293, 131
Trd, 4318658.493, 137
Trd, 4318658.743, 129
Trd, 4318659.643, 119
Trd, 4318659.993, 123
Trd, 4318660.393, 96
Trd, 4318663.143, 133
Trd, 4318663.843, 126
Trd, 4318664.893, 127
Trd, 4318665.143, 128
Trd, 4318665.293, 120
Trd, 4318665.943, 121
Trd, 4318667.843, 140
Trd, 4318668.343, 114
Trd, 4318668.843, 96
Trd, 4318669.843, 119
Trd, 4318671.143, 109
Trd, 4318672.043, 113
Trd, 4318672.193, 116
Trd, 4318672.693, 82
Trd, 4318673.093, 125
Trd, 4318674.493, 104
Trd, 4318675.293, 134
Trd, 4318676.243, 118
Trd, 4318676.793, 105
Trd, 4318676.993, 99
Trd, 4318677.393, 89
Trd, 4318678.343, 109
Trd, 4318679.443, 106
Trd, 4318679.993, 83
Trd, 4318680.543, 138
Trd, 4318682.193, 133
Trd, 4318682.443, 132
Trd, 4318682.993, 132
Trd, 4318683.843, 129
Trd, 4318684.093, 123
Trd, 4318685.443, 121
Trd, 4318686.793, 130
Trd, 4318687.743, 99
Trd, 4318688.593, 131
Trd, 4318688.893, 125
Trd, 4318690.493, 119
Trd, 4318690.643, 115
Trd, 4318690.743, 94
Trd, 4318691.443, 103
Trd, 4318692.143, 92
Trd, 4318692.843, 128
Trd, 4318693.493, 93
Trd, 4318694.543, 120
Trd, 4318694.943, 106
Trd, 4318695.443, 133
Trd, 4318695.543, 101
Trd, 4318695.693, 79
Trd, 4318695.843, 77
Trd, 4318696.293, 83
Trd, 4318697.393, 122
Trd, 4318697.643, 123
Trd, 4318697.693, 92
Trd, 4318699.643, 97
Trd, 4318701.993, 125
Trd, 4318702.993, 122
Trd, 4318703.393, 116
Trd, 4318704.493, 91
Trd, 4318704.593, 69
Trd, 4318704.993, 116
Trd, 4318705.293, 90
Trd, 4318706.293, 125
Trd, 4318706.793, 103
Trd, 4318708.193, 98
Trd, 4318708.343, 68
Trd, 4318708.893, 84
Trd, 4318709.543, 60
Trd, 4318710.343, 120
Trd, 4318711.493, 135
Trd, 4318711.843, 129
Trd, 4318712.043, 83
Trd, 4318712.743, 103
Trd, 4318713.743, 111
Trd, 4318713.943, 108
Trd, 4318715.393, 127
Trd, 4318716.843, 89
Trd, 4318717.243, 109
Trd, 4318717.443, 105
Trd, 4318717.943, 103
Trd, 4318718.143, 91
Trd, 4318718.793, 99
Trd, 4318719.193, 109
Trd, 4318720.143, 114
Trd, 4318720.593, 134
Trd, 4318720.993, 138
Trd, 4318721.943, 85
Trd, 4318724.843, 119
Trd, 4318725.793, 110
Trd, 4318725.843, 123
Trd, 4318726.743, 116
Trd, 4318726.943, 128
Trd, 4318727.193, 111
Trd, 4318727.843, 85
Trd, 4318728.993, 64
Trd, 4318730.093, 132
Trd, 4318730.243, 112
Trd, 4318730.943, 130
Trd, 4318731.643, 88
Trd, 4318732.493, 86
Trd, 4318733.643, 135
Trd, 4318734.693, 111
Trd, 4318734.943, 96
Trd, 4318735.393, 94
Trd, 4318736.693, 126
Trd, 4318737.343, 109
Trd, 4318737.593, 96
Trd, 4318737.993, 122
Trd, 4318738.343, 104
Trd, 4318738.943, 119
Trd, 4318740.643, 133
Trd, 4318740.743, 127
Trd, 4318741.493, 120
Trd, 4318742.143, 129
Trd, 4318742.593, 129
Trd, 4318743.143, 120
Trd, 4318743.343, 94
Trd, 4318744.843, 116
Trd, 4318745.343, 125
Trd, 4318746.893, 126
Trd, 4318746.943, 125
Trd, 4318747.693, 85
Trd, 4318749.893, 114
Trd, 4318750.743, 85
Trd, 4318750.943, 138
Trd, 4318751.543, 80
Trd, 4318752.043, 124
Trd, 4318752.593, 99
Trd, 4318753.493, 70
Trd, 4318754.193, 121
Trd, 4318757.693, 131
Trd, 4318758.043, 119
Trd, 4318759.593, 125
Trd, 4318760.143, 140
Trd, 4318760.193, 124
Trd, 4318761.643, 119
Trd, 4318762.143, 114
Trd, 4318763.443, 98
Trd, 4318764.043, 110
Trd, 4318764.793, 113
Trd, 4318766.143, 117
Trd, 4318766.543, 100
Trd, 4318767.893, 122
Trd, 4318767.993, 113
Trd, 4318769.243, 129
Trd, 4318769.493, 127
Trd, 4318769.943, 138
Trd, 4318771.743, 105
Trd, 4318772.093, 125
Trd, 4318772.643, 100
Trd, 4318773.443, 97
Trd, 4318773.893, 83
Trd, 4318774.243, 130
Trd, 4318774.493, 128
Trd, 4318775.093, 117
Trd, 4318776.243, 113
Trd, 4318776.493, 122
Trd, 4318777.093, 109
Trd, 4318777.943, 117
Trd, 4318779.393, 120
Trd, 4318780.093, 72
Trd, 4318780.243, 76
Trd, 4318781.843, 107
Trd, 4318782.293, 117
Trd, 4318783.043, 124
Trd, 4318783.943, 97
Trd, 4318785.693, 77
Trd, 4318785.993, 75
Trd, 4318786.243, 97
Trd, 4318786.643, 99
Trd, 4318787.293, 122
Trd, 4318787.593, 112
Trd, 4318790.443, 131
Trd, 4318790.893, 129
Trd, 4318791.993, 88
Trd, 4318792.043, 114
Trd, 4318792.343, 60
Trd, 4318794.493, 126
Trd, 4318794.743, 128
Trd, 4318794.993, 111
Trd, 4318796.743, 87
Trd, 4318797.293, 131
Trd, 4318798.543, 138
Trd, 4318798.943, 101
Trd, 4318800.393, 111
Trd, 4318801.393, 75
Trd, 4318801.443, 88
Trd, 4318802.143, 94
Trd, 4318802.593, 95
Trd, 4318803.593, 98
Trd, 4318804.393, 107
Trd, 4318804.543, 60
Trd, 4318806.443, 108
Trd, 4318806.693, 62
Trd, 4318808.043, 135
Trd, 4318809.143, 126
Trd, 4318809.943, 124
Trd, 4318810.293, 120
Trd, 4318810.693, 117
Trd, 4318811.593, 139
Trd, 4318811.743, 138
Trd, 4318812.343, 91
Trd, 4318813.243, 109
Trd, 4318814.593, 117
Trd, 4318815.893, 66
Trd, 4318816.093, 81
Trd, 4318816.643, 65
Trd, 4318817.043, 123
Trd, 4318819.193, 129
Trd, 4318819.443, 139
Trd, 4318820.293, 117
Trd, 4318820.343, 114
Trd, 4318820.593, 112
Trd, 4318822.093, 120
Trd, 4318822.843, 108
Trd, 4318823.643, 133
Trd, 4318824.443, 122
Trd, 4318824.643, 126
Trd, 4318824.893, 107
Trd, 4318826.043, 131
Trd, 4318827.293, 126
Trd, 4318827.643, 112
Trd, 4318827.943, 99
Trd, 4318829.543, 89
Trd, 4318829.893, 71
Trd, 4318830.443, 97
Trd, 4318832.043, 138
Trd, 4318832.343, 109
Trd, 4318833.043, 112
Trd, 4318833.193, 114
Trd, 4318835.543, 140
Trd, 4318836.993, 127
Trd, 4318837.043, 101
Trd, 4318837.793, 87
Trd, 4318838.293, 66
Trd, 4318838.743, 86
Trd, 4318839.043, 103
Trd, 4318839.643, 137
Trd, 4318839.743, 117
Trd, 4318840.743, 105
Trd, 4318842.143, 139
Trd, 4318842.243, 131
Trd, 4318846.293, 127
Trd, 4318846.343, 116
Trd, 4318846.843, 131
Trd, 4318847.843, 126
Trd, 4318847.993, 103
Trd, 4318850.093, 105
Trd, 4318850.393, 136
Trd, 4318850.593, 99
Trd, 4318851.543, 134
Trd, 4318851.643, 107
Trd, 4318852.043, 103
Trd, 4318853.793, 102
Trd, 4318854.143, 87
Trd, 4318856.243, 133
Trd, 4318856.693, 127
Trd, 4318857.743, 124
Trd, 4318858.543, 129
Trd, 4318858.793, 131
Trd, 4318859.543, 135
Trd, 4318860.693, 132
Trd, 4318861.643, 129
Trd, 4318862.743, 118
Trd, 4318863.243, 134
Trd, 4318863.293, 114
Trd, 4318863.593, 114
Trd, 4318863.943, 108
Trd, 4318866.843, 105
Trd, 4318867.443, 140
Trd, 4318867.743, 80
Trd, 4318868.693, 132
Trd, 4318869.343, 94
Trd, 4318869.443, 81
Trd, 4318870.243, 105
Trd, 4318870.993, 94
Trd, 4318872.543, 86
Trd, 4318872.643, 73
Trd, 4318872.943, 85
Trd, 4318873.843, 71
Trd, 4318874.543, 131
Trd, 4318875.643, 85
Trd, 4318876.243, 90
Trd, 4318876.543, 100
Trd, 4318877.393, 119
Trd, 4318878.093, 97
Trd, 4318878.343, 105
Trd, 4318879.893, 130
Trd, 4318881.143, 135
Trd, 4318882.343, 121
Trd, 4318882.543, 117
Trd, 4318883.193, 137
Trd, 4318885.093, 138
Trd, 4318885.143, 111
Trd, 4318885.293, 88
Trd, 4318886.043, 131
Trd, 4318886.343, 123
Trd, 4318887.793, 83
Trd, 4318887.893, 99
Trd, 4318888.593, 87
Trd, 4318888.743, 83
Trd, 4318889.093, 72
Trd, 4318890.093, 119
Trd, 4318890.693, 118
Trd, 4318890.943, 105
Trd, 4318891.393, 123
Trd, 4318892.043, 86
Trd, 4318893.343, 107
Trd, 4318894.643, 127
Trd, 4318894.893, 117
Trd, 4318895.143, 114
Trd, 4318895.193, 99
Trd, 4318896.943, 136
Trd, 4318897.343, 108
Trd, 4318897.593, 129
Trd, 4318898.443, 124
Trd, 4318899.393, 104
Trd, 4318899.593, 110
Trd, 4318901.593, 132
Trd, 4318902.793, 135
Trd, 4318902.843, 117
Trd, 4318903.543, 116
Trd, 4318903.843, 93
Trd, 4318904.343, 67
Trd, 4318905.443, 92
Trd, 4318905.593, 106
Trd, 4318906.293, 139
Trd, 4318907.143, 99
Trd, 4318907.343, 98
Trd, 4318907.593, 91
Trd, 4318907.993, 105
Trd, 4318908.043, 83
Trd, 4318909.793, 137
Trd, 4318909.843, 124
Trd, 4318909.943, 83
Trd, 4318911.543, 104
Trd, 4318912.043, 139
Trd, 4318912.243, 100
Trd, 4318912.643, 134
Trd, 4318913.293, 97
Trd, 4318914.893, 79
Trd, 4318915.193, 64
Trd, 4318915.943, 67
Trd, 4318916.243, 85
Trd, 4318916.893, 86
Trd, 4318918.943, 85
Trd, 4318919.743, 108
Trd, 4318920.443, 103
Trd, 4318921.893, 137
Trd, 4318922.043, 107
Trd, 4318922.243, 98
Trd, 4318922.343, 92
Trd, 4318922.393, 80
Trd, 4318923.043, 131
Trd, 4318924.693, 133
Trd, 4318925.193, 136
Trd, 4318925.543, 118
Trd, 4318926.493, 124
Trd, 4318929.343, 129
Trd, 4318929.443, 105
Trd, 4318929.743, 87
Trd, 4318930.243, 89
Trd, 4318931.143, 88
Trd, 4318932.393, 131
Trd, 4318933.693, 126
Trd, 4318933.793, 125
Trd, 4318934.893, 140
Trd, 4318935.143, 137
Trd, 4318935.643, 128
Trd, 4318936.693, 97
Trd, 4318936.943, 95
Trd, 4318937.193, 100
Trd, 4318937.693, 82
Trd, 4318937.843, 79
Trd, 4318938.143, 109
Trd, 4318940.093, 124
Trd, 4318941.143, 94
Trd, 4318941.493, 63
Trd, 4318942.793, 87
Trd, 4318943.843, 99
Trd, 4318943.893, 78
Trd, 4318944.093, 106
Trd, 4318944.893, 119
Trd, 4318946.393, 116
Trd, 4318947.243, 100
Trd, 4318947.393, 98
Trd, 4318948.493, 118
Trd, 4318948.543, 75
Trd, 4318950.193, 126
Trd, 4318951.693, 127
Trd, 4318953.743, 118
Trd, 4318954.793, 129
Trd, 4318954.993, 109
Trd, 4318955.643, 130
Trd, 4318956.493, 132
Trd, 4318958.143, 116
Trd, 4318958.243, 97
Trd, 4318959.793, 102
Trd, 4318960.143, 115
Trd, 4318960.293, 100
Trd, 4318960.593, 80
Trd, 4318961.543, 128
Trd, 4318961.743, 104
Trd, 4318961.793, 92
Trd, 4318962.893, 135
Trd, 4318964.143, 119
Trd, 4318965.143, 136
Trd, 4318965.393, 130
Trd, 4318968.243, 129
Trd, 4318969.193, 135
Trd, 4318969.343, 132
Trd, 4318969.543, 124
Trd, 4318969.893, 103
Trd, 4318970.543, 138
Trd, 4318971.243, 133
Trd, 4318971.393, 131
Trd, 4318972.693, 86
Trd, 4318973.743, 100
Trd, 4318974.893, 60
Trd, 4318975.343, 98
Trd, 4318975.693, 112
Trd, 4318976.143, 74
Trd, 4318977.193, 124
Trd, 4318978.543, 117
Trd, 4318980.443, 113
Trd, 4318980.493, 79
Trd, 4318980.793, 112
Trd, 4318982.293, 140
Trd, 4318982.693, 128
Trd, 4318983.393, 122
Trd, 4318984.743, 119
Trd, 4318985.443, 93
Trd, 4318985.843, 90
Trd, 4318986.293, 117
Trd, 4318987.243, 131
Trd, 4318988.343, 123
Trd, 4318988.743, 104
Trd, 4318989.243, 102
Trd, 4318989.643, 110
Trd, 4318991.793, 140
Trd, 4318991.993, 139
Trd, 4318992.443, 90
Trd, 4318995.543, 122
Trd, 4318996.193, 126
Trd, 4318996.893, 109
Trd, 4318997.293, 104
Trd, 4318997.843, 136
Trd, 4318997.943, 134
Trd, 4318998.143, 131
Trd, 4319000.093, 110
Trd, 4319000.393, 105
Trd, 4319000.693, 80
Trd, 4319001.293, 88
Trd, 4319001.993, 79
Trd, 4319003.243, 136
Trd, 4319003.293, 130
Trd, 4319003.493, 111
Trd, 4319004.393, 125
Trd, 4319004.593, 137
Trd, 4319005.593, 70
Trd, 4319006.793, 123
Trd, 4319008.643, 108
Trd, 4319010.293, 133
Trd, 4319010.443, 127
Trd, 4319010.993, 139
Trd, 4319012.043, 131
Trd, 4319012.143, 124
Trd, 4319012.543, 110
Trd, 4319013.093, 112
Trd, 4319014.743, 135
Trd, 4319015.043, 131
Trd, 4319015.893, 133
Trd, 4319017.293, 122
Trd, 4319017.493, 95
Trd, 4319018.343, 95
Trd, 4319019.043, 140
Trd, 4319019.093, 100
Trd, 4319019.843, 132
Trd, 4319021.143, 118
Trd, 4319021.243, 109
Trd, 4319021.993, 110
Trd, 4319022.893, 110
Trd, 4319023.393, 110
Trd, 4319024.293, 116
Trd, 4319024.743, 134
Trd, 4319025.093, 109
Trd, 4319025.593, 119
Trd, 4319025.843, 84
Trd, 4319027.293, 130
Trd, 4319027.793, 137
Trd, 4319029.093, 122
Trd, 4319029.243, 112
Trd, 4319029.293, 103
Trd, 4319030.043, 117
Trd, 4319030.993, 123
Trd, 4319031.793, 106
Trd, 4319032.393, 139
Trd, 4319033.193, 114
Trd, 4319033.993, 81
Trd, 4319034.443, 76
Trd, 4319035.943, 84
Trd, 4319036.593, 93
Trd, 4319036.893, 83
Trd, 4319037.293, 114
Trd, 4319037.693, 87
Trd, 4319038.893, 121
Trd, 4319039.243, 114
Trd, 4319040.393, 130
Trd, 4319040.593, 88
Trd, 4319041.493, 77
Trd, 4319041.993, 119
Trd, 4319042.743, 138
Trd, 4319043.143, 129
Trd, 4319043.393, 112
Trd, 4319044.093, 134
Trd, 4319045.943, 86
Trd, 4319046.093, 77
Trd, 4319046.543, 108
Trd, 4319047.993, 138
Trd, 4319048.693, 116
Trd, 4319049.143, 93
Trd, 4319049.343, 89
Trd, 4319049.643, 87
Trd, 4319050.593, 74
Trd, 4319051.143, 82
Trd, 4319051.793, 126
Trd, 4319053.643, 133
Trd, 4319053.793, 116
Trd, 4319055.593, 132
Trd, 4319056.193, 116
Trd, 4319056.743, 109
Trd, 4319057.593, 110
Trd, 4319057.793, 107
Trd, 4319058.943, 120
Trd, 4319059.093, 133
Trd, 4319060.043, 138
Trd, 4319061.143, 111
Trd, 4319062.193, 129
Trd, 4319062.243, 127
Trd, 4319062.793, 102
Trd, 4319063.143, 89
Trd, 4319064.443, 87
Trd, 4319065.243, 101
Trd, 4319065.993, 84
Trd, 4319067.293, 118
Trd, 4319067.393, 118
Trd, 4319068.193, 132
Trd, 4319068.943, 134
Trd, 4319069.243, 133
Trd, 4319070.443, 140
Trd, 4319070.843, 133
Trd, 4319070.893, 88
Trd, 4319071.493, 122
Trd, 4319071.893, 84
Trd, 4319073.243, 79
Trd, 4319073.743, 96
Trd, 4319074.343, 88
Trd, 4319075.843, 79
Trd, 4319075.993, 114
Trd, 4319076.393, 76
Trd, 4319077.243, 118
Trd, 4319078.993, 130
Trd, 4319079.793, 88
Trd, 4319079.893, 82
Trd, 4319081.793, 137
Trd, 4319082.293, 124
Trd, 4319082.843, 133
Trd, 4319083.093, 139
Trd, 4319083.943, 114
Trd, 4319084.143, 105
Trd, 4319085.593, 120
Trd, 4319087.043, 139
Trd, 4319087.893, 129
Trd, 4319088.793, 136
Trd, 4319089.193, 123
Trd, 4319089.843, 114
Trd, 4319089.893, 97
Trd, 4319091.443, 134
Trd, 4319093.493, 109
Trd, 4319094.043, 103
Trd, 4319094.843, 116
Trd, 4319095.093, 123
Trd, 4319096.043, 90
Trd, 4319096.193, 87
Trd, 4319097.593, 100
Trd, 4319098.793, 123
Trd, 4319099.743, 89
Trd, 4319100.943, 133
Trd, 4319101.393, 127
Trd, 4319101.643, 113
Trd, 4319102.243, 108
Trd, 4319104.843, 120
Trd, 4319105.293, 110
Trd, 4319106.243, 111
Trd, 4319106.693, 119
Trd, 4319106.843, 122
Trd, 4319106.993, 119
Trd, 4319109.343, 134
Trd, 4319109.793, 139
Trd, 4319109.893, 129
Trd, 4319111.243, 131
Trd, 4319111.743, 133
Trd, 4319111.793, 116
Trd, 4319113.393, 134
Trd, 4319113.893, 125
Trd, 4319114.943, 107
Trd, 4319116.093, 129
Trd, 4319116.193, 123
Trd, 4319118.643, 121
Trd, 4319119.193, 108
Trd, 4319119.693, 123
Trd, 4319120.293, 125
Trd, 4319120.943, 126
Trd, 4319121.143, 121
Trd, 4319122.293, 133
Trd, 4319122.343, 128
Trd, 4319123.643, 106
Trd, 4319124.943, 99
Trd, 4319125.493, 81
Trd, 4319126.693, 80
Trd, 4319126.893, 82
Trd, 4319127.793, 117
Trd, 4319128.793, 77
Trd, 4319129.643, 66
Trd, 4319129.743, 69
Trd, 4319131.793, 125
Trd, 4319131.993, 113
Trd, 4319132.893, 132
Trd, 4319133.643, 132
Trd, 4319133.893, 125
Trd, 4319134.993, 111
Trd, 4319136.343, 119
Trd, 4319137.343, 133
Trd, 4319137.943, 132
Trd, 4319137.993, 112
Trd, 4319138.143, 109
Trd, 4319138.343, 106
Trd, 4319139.843, 118
Trd, 4319141.343, 132
Trd, 4319141.493, 100
Trd, 4319141.643, 132
Trd, 4319141.693, 88
Trd, 4319143.343, 107
Trd, 4319146.193, 107
Trd, 4319146.243, 101
Trd, 4319146.743, 82
Trd, 4319147.043, 62
Trd, 4319148.143, 136
Trd, 4319148.193, 119
Trd, 4319148.843, 137
Trd, 4319149.593, 100
Trd, 4319150.893, 108
Trd, 4319151.593, 92
Trd, 4319151.643, 91
Trd, 4319151.893, 139
Trd, 4319153.743, 93
Trd, 4319154.743, 128
Trd, 4319154.843, 118
Trd, 4319155.643, 116
Trd, 4319155.793, 123
Trd, 4319156.293, 87
Trd, 4319156.643, 99
Trd, 4319156.693, 86
Trd, 4319158.493, 123
Trd, 4319159.093, 118
Trd, 4319160.393, 136
Trd, 4319160.443, 112
Trd, 4319160.893, 123
Trd, 4319161.443, 94
Trd, 4319161.993, 87
Trd, 4319163.393, 118
Trd, 4319163.943, 108
Trd, 4319164.843, 120
Trd, 4319165.393, 104
Trd, 4319165.743, 129
Trd, 4319167.793, 120
Trd, 4319168.543, 97
Trd, 4319169.293, 112
Trd, 4319170.243, 120
Trd, 4319171.643, 130
Trd, 4319171.793, 126
Trd, 4319173.343, 140
Trd, 4319174.393, 126
Trd, 4319174.993, 110
Trd, 4319177.193, 135
Trd, 4319178.093, 128
Trd, 4319179.093, 137
Trd, 4319179.443, 115
Trd, 4319179.493, 115
Trd, 4319180.493, 114
Trd, 4319180.993, 97
Trd, 4319182.193, 127
Trd, 4319182.343, 121
Trd, 4319183.293, 138
Trd, 4319183.393, 138
Trd, 4319183.943, 130
Trd, 4319184.343, 124
Trd, 4319184.843, 138
Trd, 4319185.493, 123
Trd, 4319186.693, 135
Trd, 4319187.393, 108
Trd, 4319189.443, 107
Trd, 4319189.693, 100
Trd, 4319190.193, 96
Trd, 4319191.643, 140
Trd, 4319192.493, 128
Trd, 4319192.543, 122
Trd, 4319192.643, 75
Trd, 4319193.343, 111
Trd, 4319193.943, 76
Trd, 4319194.493, 111
Trd, 4319194.743, 129
Trd, 4319195.043, 109
Trd, 4319195.843, 115
Trd, 4319196.343, 64
Trd, 4319197.693, 96
Trd, 4319200.293, 114
Trd, 4319201.793, 111
Trd, 4319201.893, 110
Trd, 4319202.193, 138
Trd, 4319202.593, 119
Trd, 4319202.843, 116
Trd, 4319203.493, 91
Trd, 4319204.943, 120
Trd, 4319205.893, 118
Trd, 4319207.043, 126
Trd, 4319208.343, 114
Trd, 4319208.843, 116
Trd, 4319210.043, 112
Trd, 4319210.343, 109
Trd, 4319211.293, 137
Trd, 4319211.593, 135
Trd, 4319212.343, 125
Trd, 4319212.393, 104
Trd, 4319213.443, 99
Trd, 4319214.643, 61
Trd, 4319214.893, 98
Trd, 4319215.043, 104
Trd, 4319215.543, 71
Trd, 4319217.193, 78
Trd, 4319217.943, 136
Trd, 4319217.993, 130
Trd, 4319218.893, 129
Trd, 4319219.093, 131
Trd, 4319220.393, 118
Trd, 4319221.893, 113
Trd, 4319222.343, 118
Trd, 4319222.543, 110
Trd, 4319223.643, 122
Trd, 4319226.043, 131
Trd, 4319226.593, 131
Trd, 4319226.743, 127
Trd, 4319227.943, 115
Trd, 4319229.293, 124
Trd, 4319229.643, 97
Trd, 4319230.393, 84
Trd, 4319231.193, 117
Trd, 4319232.743, 109
Trd, 4319233.393, 84
Trd, 4319234.143, 114
Trd, 4319234.193, 81
Trd, 4319234.643, 81
Trd, 4319237.343, 106
Trd, 4319237.443, 115
Trd, 4319238.193, 139
Trd, 4319239.193, 106
Trd, 4319239.293, 88
Trd, 4319239.443, 86
Trd, 4319241.193, 135
Trd, 4319242.693, 92
Trd, 4319244.543, 120
Trd, 4319244.893, 119
Trd, 4319245.043, 116
Trd, 4319247.143, 138
Trd, 4319247.593, 124
Trd, 4319248.193, 117
Trd, 4319248.443, 113
Trd, 4319248.943, 107
Trd, 4319249.143, 126
Trd, 4319250.293, 113
Trd, 4319250.943, 114
Trd, 4319251.543, 103
Trd, 4319253.393, 97
Trd, 4319253.543, 106
Trd, 4319254.043, 134
Trd, 4319254.693, 102
Trd, 4319255.243, 82
Trd, 4319256.193, 68
Trd, 4319256.543, 96
Trd, 4319259.093, 135
Trd, 4319259.193, 135
Trd, 4319260.193, 130
Trd, 4319260.343, 124
Trd, 4319260.893, 91
Trd, 4319261.893, 137
Trd, 4319262.543, 134
Trd, 4319263.693, 122
Trd, 4319264.543, 101
Trd, 4319264.743, 122
Trd, 4319266.343, 133
Trd, 4319266.793, 138
Trd, 4319266.843, 127
Trd, 4319268.093, 120
Trd, 4319268.243, 109
Trd, 4319268.893, 110
Trd, 4319269.543, 109
Trd, 4319270.843, 124
Trd, 4319271.293, 129
Trd, 4319271.443, 84
Trd, 4319272.043, 117
Trd, 4319272.493, 92
Trd, 4319273.343, 127
Trd, 4319274.043, 137
Trd, 4319275.543, 110
Trd, 4319275.943, 123
Trd, 4319276.293, 106
Trd, 4319277.893, 115
Trd, 4319278.143, 126
Trd, 4319279.743, 110
Trd, 4319280.393, 100
Trd, 4319280.643, 97
Trd, 4319282.193, 115
Trd, 4319282.543, 117
Trd, 4319283.243, 110
Trd, 4319283.643, 136
Trd, 4319283.693, 96
Trd, 4319283.943, 114
Trd, 4319284.893, 77
Trd, 4319285.293, 112
Trd, 4319285.743, 99
Trd, 4319286.793, 139
Trd, 4319288.143, 126
Trd, 4319289.943, 116
Trd, 4319290.193, 114
Trd, 4319291.043, 132
Trd, 4319291.743, 138
Trd, 4319292.343, 122
Trd, 4319293.343, 119
Trd, 4319293.543, 137
Trd, 4319296.393, 116
Trd, 4319297.193, 118
Trd, 4319299.543, 139
Trd, 4319299.993, 139
Trd, 4319300.243, 111
Trd, 4319300.493, 92
Trd, 4319300.643, 90
Trd, 4319301.243, 137
Trd, 4319303.193, 126
Trd, 4319303.393, 101
Trd, 4319303.993, 78
Trd, 4319305.343, 101
Trd, 4319307.143, 109
Trd, 4319307.643, 101
Trd, 4319307.843, 99
Trd, 4319308.193, 129
Trd, 4319308.243, 128
Trd, 4319310.193, 133
Trd, 4319310.243, 122
Trd, 4319310.293, 114
Trd, 4319312.093, 116
Trd, 4319312.293, 135
Trd, 4319313.593, 111
Trd, 4319315.343, 117
Trd, 4319316.093, 129
Trd, 4319316.843, 132
Trd, 4319316.993, 125
Trd, 4319317.343, 134
Trd, 4319319.143, 113
Trd, 4319319.693, 110
Trd, 4319319.743, 108
Trd, 4319320.843, 113
Trd, 4319321.693, 137
Trd, 4319322.043, 124
Trd, 4319322.443, 105
Trd, 4319323.993, 131
Trd, 4319324.343, 123
Trd, 4319325.443, 116
Trd, 4319325.593, 117
Trd, 4319325.793, 116
Trd, 4319327.643, 107
Trd, 4319328.093, 103
Trd, 4319328.193, 85
Trd, 4319328.793, 79
Trd, 4319329.043, 66
Trd, 4319329.443, 132
Trd, 4319330.393, 86
Trd, 4319331.543, 98
Trd, 4319331.943, 98
Trd, 4319331.993, 82
Trd, 4319334.443, 134
Trd, 4319335.393, 127
Trd, 4319335.443, 123
Trd, 4319336.343, 107
Trd, 4319336.443, 105
Trd, 4319336.493, 108
Trd, 4319337.793, 140
Trd, 4319339.243, 100
Trd, 4319340.043, 133
Trd, 4319340.943, 130
Trd, 4319341.993, 123
Trd, 4319342.243, 105
Trd, 4319342.693, 105
Trd, 4319342.843, 98
Trd, 4319342.893, 123
Trd, 4319343.693, 139
Trd, 4319344.393, 133
Trd, 4319345.593, 96
Trd, 4319345.743, 76
Trd, 4319346.293, 84
Trd, 4319346.743, 96
Trd, 4319346.843, 98
Trd, 4319347.193, 102
Trd, 4319347.593, 88
Trd, 4319349.743, 108
Trd, 4319351.293, 91
Trd, 4319351.343, 90
Trd, 4319352.043, 78
Trd, 4319352.643, 84
Trd, 4319352.943, 84
Trd, 4319353.493, 140
Trd, 4319354.793, 128
Trd, 4319355.293, 95
Trd, 4319356.843, 130
Trd, 4319356.893, 125
Trd, 4319358.493, 137
Trd, 4319358.693, 82
Trd, 4319359.293, 86
Trd, 4319360.293, 128
Trd, 4319360.343, 113
Trd, 4319360.893, 77
Trd, 4319364.293, 133
Trd, 4319364.893, 131
Trd, 4319365.043, 131
Trd, 4319365.693, 126
Trd, 4319367.193, 130
Trd, 4319367.593, 120
Trd, 4319369.043, 130
Trd, 4319369.093, 77
Trd, 4319370.743, 137
Trd, 4319371.343, 134
Trd, 4319371.943, 120
Trd, 4319372.543, 102
Trd, 4319373.193, 118
Trd, 4319373.793, 106
Trd, 4319373.993, 139
Trd, 4319374.043, 101
Trd, 4319377.143, 107
Trd, 4319377.443, 113
Trd, 4319378.693, 104
Trd, 4319379.043, 137
Trd, 4319379.943, 82
Trd, 4319380.293, 80
Trd, 4319381.343, 132
Trd, 4319382.393, 132
Trd, 4319382.743, 88
Trd, 4319383.493, 111
Trd, 4319383.743, 110
Trd, 4319385.593, 138
Trd, 4319385.843, 134
Trd, 4319386.443, 126
Trd, 4319387.193, 111
Trd, 4319387.393, 135
Trd, 4319387.943, 137
Trd, 4319388.543, 92
Trd, 4319390.093, 110
Trd, 4319391.943, 97
Trd, 4319392.893, 102
Trd, 4319393.093, 131
Trd, 4319393.393, 125
Trd, 4319393.743, 116
Trd, 4319394.343, 104
Trd, 4319394.393, 98
Trd, 4319395.643, 88
Trd, 4319396.143, 110
Trd, 4319396.743, 130
Trd, 4319397.243, 99
Trd, 4319398.643, 99
Trd, 4319399.293, 96
Trd, 4319400.143, 88
Trd, 4319400.543, 91
Trd, 4319401.743, 117
Trd, 4319402.593, 97
Trd, 4319403.593, 137
Trd, 4319403.693, 102
Trd, 4319404.343, 140
Trd, 4319404.843, 123
Trd, 4319406.393, 123
Trd, 4319408.093, 119
Trd, 4319408.193, 118
Trd, 4319408.543, 118
Trd, 4319409.643, 99
Trd, 4319410.243, 103
Trd, 4319410.593, 97
Trd, 4319411.493, 102
Trd, 4319412.293, 119
Trd, 4319414.343, 139
Trd, 4319414.493, 92
Trd, 4319414.943, 109
Trd, 4319416.243, 112
Trd, 4319416.593, 95
Trd, 4319417.193, 112
Trd, 4319418.643, 102
Trd, 4319419.793, 83
Trd, 4319419.993, 76
Trd, 4319421.043, 68
Trd, 4319421.543, 62
Trd, 4319421.993, 90
Trd, 4319422.043, 100
Trd, 4319422.893, 128
Trd, 4319423.743, 116
Trd, 4319425.043, 116
Trd, 4319426.993, 123
Trd, 4319427.043, 118
Trd, 4319428.043, 118
Trd, 4319428.593, 126
Trd, 4319428.843, 121
Trd, 4319429.493, 113
Trd, 4319431.143, 113
Trd, 4319431.943, 128
Trd, 4319432.943, 105
Trd, 4319433.393, 101
Trd, 4319433.843, 133
Trd, 4319435.143, 134
Trd, 4319436.493, 125
Trd, 4319437.393, 117
Trd, 4319437.543, 108
Trd, 4319438.343, 118
Trd, 4319439.393, 72
Trd, 4319439.543, 117
Trd, 4319440.993, 127
Trd, 4319442.443, 133
Trd, 4319442.993, 118
Trd, 4319443.793, 126
Trd, 4319444.143, 134
Trd, 4319444.193, 119
Trd, 4319445.543, 125
Trd, 4319445.743, 118
Trd, 4319446.443, 101
Trd, 4319447.543, 123
Trd, 4319447.593, 117
Trd, 4319448.843, 104
Trd, 4319449.993, 129
Trd, 4319450.743, 94
Trd, 4319451.343, 100
Trd, 4319452.293, 109
Trd, 4319452.693, 74
Trd, 4319454.443, 107
Trd, 4319454.593, 116
Trd, 4319455.643, 131
Trd, 4319456.543, 130
Trd, 4319456.893, 76
Trd, 4319457.743, 132
Trd, 4319457.943, 80
Trd, 4319458.093, 114
Trd, 4319461.093, 139
Trd, 4319461.443, 127
Trd, 4319462.293, 102
Trd, 4319462.793, 112
Trd, 4319464.343, 118
Trd, 4319464.543, 115
Trd, 4319464.943, 114
Trd, 4319465.243, 78
Trd, 4319465.493, 108
Trd, 4319465.593, 129
Trd, 4319466.543, 106
Trd, 4319468.793, 137
Trd, 4319469.493, 120
Trd, 4319470.143, 131
Trd, 4319470.393, 115
Trd, 4319470.843, 115
Trd, 4319471.193, 103
Trd, 4319471.343, 76
Trd, 4319472.793, 123
Trd, 4319474.693, 126
Trd, 4319474.843, 124
Trd, 4319475.193, 124
Trd, 4319476.543, 96
Trd, 4319477.893, 80
Trd, 4319478.543, 113
Trd, 4319479.343, 115
Trd, 4319481.143, 103
Trd, 4319481.893, 110
Trd, 4319482.343, 125
Trd, 4319483.043, 122
Trd, 4319484.443, 110
Trd, 4319484.643, 91
Trd, 4319485.443, 126
Trd, 4319487.143, 136
Trd, 4319488.393, 140
Trd, 4319489.393, 136
Trd, 4319489.693, 122
Trd, 4319490.143, 112
Trd, 4319491.493, 96
Trd, 4319494.193, 128
Trd, 4319494.293, 120
Trd, 4319495.293, 135
Trd, 4319495.793, 114
Trd, 4319496.443, 112
Trd, 4319497.143, 93
Trd, 4319497.993, 139
Trd, 4319498.343, 106
Trd, 4319498.593, 124
Trd, 4319499.493, 109
Trd, 4319500.993, 115
Trd, 4319501.843, 127
Trd, 4319502.143, 136
Trd, 4319502.393, 134
Trd, 4319503.993, 128
Trd, 4319504.443, 133
Trd, 4319504.843, 123
Trd, 4319504.943, 139
Trd, 4319505.843, 125
Trd, 4319506.443, 118
Trd, 4319508.943, 136
Trd, 4319509.043, 131
Trd, 4319509.293, 130
Trd, 4319510.093, 130
Trd, 4319513.593, 128
Trd, 4319514.143, 119
Trd, 4319514.943, 118
Trd, 4319516.143, 128
Trd, 4319516.693, 118
Trd, 4319518.093, 92
Trd, 4319518.443, 131
Trd, 4319519.143, 86
Trd, 4319519.793, 121
Trd, 4319520.243, 127
Trd, 4319521.393, 119
Trd, 4319521.743, 121
Trd, 4319522.493, 119
Trd, 4319523.743, 128
Trd, 4319524.693, 138
Trd, 4319525.143, 114
Trd, 4319525.743, 133
Trd, 4319526.043, 130
Trd, 4319526.293, 109
Trd, 4319527.443, 114
Trd, 4319527.643, 105
Trd, 4319528.993, 129
Trd, 4319529.393, 125
Trd, 4319530.443, 118
Trd, 4319530.893, 83
Trd, 4319534.043, 60
Trd, 4319534.443, 79
Trd, 4319535.293, 77
Trd, 4319537.243, 131
Trd, 4319537.943, 136
Trd, 4319538.193, 125
Trd, 4319538.243, 108
Trd, 4319538.843, 92
Trd, 4319539.043, 135
Trd, 4319539.643, 90
Trd, 4319539.943, 123
Trd, 4319542.343, 127
Trd, 4319542.893, 133
Trd, 4319543.293, 136
Trd, 4319543.543, 126
Trd, 4319544.193, 104
Trd, 4319544.443, 126
Trd, 4319545.393, 74
Trd, 4319546.393, 90
Trd, 4319546.943, 91
Trd, 4319548.043, 93
Trd, 4319548.443, 86
Trd, 4319548.993, 124
Trd, 4319550.093, 91
Trd, 4319550.243, 99
Trd, 4319550.743, 102
Trd, 4319551.043, 107
Trd, 4319551.693, 115
Trd, 4319552.893, 139
Trd, 4319553.043, 111
Trd, 4319553.243, 103
Trd, 4319554.693, 119
Trd, 4319554.893, 137
Trd, 4319555.793, 92
Trd, 4319556.693, 86
Trd, 4319558.343, 119
Trd, 4319559.593, 118
Trd, 4319560.543, 125
Trd, 4319560.593, 120
Trd, 4319561.193, 139
Trd, 4319561.893, 136
Trd, 4319562.593, 113
Trd, 4319563.943, 138
Trd, 4319564.043, 130
Trd, 4319564.693, 109
Trd, 4319566.843, 127
Trd, 4319567.343, 122
Trd, 4319567.493, 109
Trd, 4319567.943, 106
Trd, 4319570.643, 119
Trd, 4319570.843, 90
Trd, 4319571.093, 127
Trd, 4319572.443, 131
Trd, 4319573.043, 106
Trd, 4319575.043, 127
Trd, 4319575.243, 111
Trd, 4319575.943, 135
Trd, 4319576.943, 67
Trd, 4319577.793, 109
Trd, 4319578.843, 130
Trd, 4319579.793, 113
Trd, 4319579.843, 113
Trd, 4319579.893, 120
Trd, 4319580.643, 117
Trd, 4319581.343, 101
Trd, 4319582.293, 102
Trd, 4319583.493, 120
Trd, 4319584.093, 83
Trd, 4319584.643, 111
Trd, 4319584.993, 107
Trd, 4319585.043, 103
Trd, 4319587.443, 124
Trd, 4319587.743, 121
Trd, 4319588.293, 137
Trd, 4319588.893, 116
Trd, 4319590.243, 126
Trd, 4319591.193, 118
Trd, 4319592.793, 121
Trd, 4319593.193, 111
Trd, 4319593.943, 125
Trd, 4319594.243, 112
Trd, 4319594.893, 127
Trd, 4319595.793, 102
Trd, 4319595.893, 84
Trd, 4319596.443, 103
Trd, 4319597.643, 104
Trd, 4319598.643, 130
Trd, 4319599.393, 112
Trd, 4319600.643, 98
Trd, 4319601.193, 138
Trd, 4319602.193, 130
Trd, 4319603.043, 134
Trd, 4319603.543, 122
Trd, 4319603.793, 85
Trd, 4319604.443, 78
Trd, 4319605.043, 91
Trd, 4319605.843, 112
Trd, 4319606.643, 83
Trd, 4319608.093, 71
Trd, 4319610.143, 130
Trd, 4319610.193, 122
Trd, 4319610.643, 124
Trd, 4319612.393, 138
Trd, 4319612.943, 131
Trd, 4319613.543, 112
Trd, 4319613.693, 111
Trd, 4319614.393, 103
Trd, 4319615.843, 82
Trd, 4319617.193, 107
Trd, 4319617.743, 122
Trd, 4319618.043, 96
Trd, 4319618.593, 111
Trd, 4319618.843, 91
Trd, 4319619.643, 86
Trd, 4319620.193, 114
Trd, 4319620.593, 137
Trd, 4319622.693, 118
Trd, 4319623.443, 110
Trd, 4319624.443, 97
Trd, 4319624.743, 83
Trd, 4319624.843, 70
Trd, 4319625.193, 100
Trd, 4319626.243, 123
Trd, 4319627.843, 83
Trd, 4319628.243, 98
Trd, 4319628.943, 120
Trd, 4319629.293, 79
Trd, 4319629.693, 81
Trd, 4319629.843, 77
Trd, 4319630.493, 77
Trd, 4319631.243, 73
Trd, 4319632.193, 117
Trd, 4319633.993, 103
Trd, 4319634.443, 81
Trd, 4319635.543, 111
Trd, 4319636.493, 122
Trd, 4319636.793, 76
Trd, 4319637.343, 119
Trd, 4319637.693, 87
Trd, 4319639.443, 137
Trd, 4319639.593, 119
Trd, 4319640.143, 101
Trd, 4319641.043, 106
Trd, 4319642.193, 96
Trd, 4319643.493, 110
Trd, 4319643.793, 125
Trd, 4319647.443, 133
Trd, 4319647.643, 131
Trd, 4319647.793, 127
Trd, 4319648.193, 121
Trd, 4319649.043, 114
Trd, 4319649.543, 106
Trd, 4319650.893, 127
Trd, 4319651.293, 106
Trd, 4319653.043, 107
Trd, 4319653.643, 103
Trd, 4319654.093, 133
Trd, 4319654.793, 128
Trd, 4319656.593, 120
Trd, 4319657.143, 110
Trd, 4319657.693, 136
Trd, 4319658.393, 118
Trd, 4319658.543, 118
Trd, 4319658.593, 115
Trd, 4319659.093, 131
Trd, 4319661.243, 136
Trd, 4319662.243, 134
Trd, 4319663.143, 136
Trd, 4319663.493, 133
Trd, 4319663.893, 104
Trd, 4319664.043, 109
Trd, 4319665.093, 118
Trd, 4319666.343, 129
Trd, 4319666.943, 115
Trd, 4319668.043, 130
Trd, 4319668.293, 114
Trd, 4319669.093, 83
Trd, 4319669.393, 136
Trd, 4319670.543, 91
Trd, 4319671.543, 127
Trd, 4319673.843, 139
Trd, 4319674.293, 136
Trd, 4319675.443, 136
Trd, 4319675.743, 127
Trd, 4319675.993, 123
Trd, 4319676.343, 68
Trd, 4319676.943, 72
Trd, 4319677.543, 96
Trd, 4319678.043, 103
Trd, 4319678.193, 89
Trd, 4319678.893, 106
Trd, 4319679.093, 107
Trd, 4319679.343, 64
Trd, 4319680.743, 92
Trd, 4319681.093, 61
Trd, 4319681.543, 105
Trd, 4319682.143, 116
Trd, 4319682.843, 75
Trd, 4319684.043, 98
Trd, 4319684.843, 111
Trd, 4319685.993, 79
Trd, 4319687.143, 128
Trd, 4319687.243, 135
Trd, 4319688.193, 124
Trd, 4319689.743, 108
Trd, 4319689.993, 136
Trd, 4319690.143, 138
Trd, 4319690.293, 104
Trd, 4319690.493, 74
Trd, 4319693.443, 118
Trd, 4319693.493, 130
Trd, 4319693.743, 114
Trd, 4319694.243, 108
Trd, 4319694.943, 105
Trd, 4319696.193, 132
Trd, 4319696.493, 131
Trd, 4319697.793, 116
Trd, 4319699.343, 117
Trd, 4319700.193, 117
Trd, 4319701.343, 117
Trd, 4319701.693, 119
Trd, 4319702.343, 99
Trd, 4319703.543, 123
Trd, 4319704.343, 119
Trd, 4319705.493, 129
Trd, 4319706.793, 137
Trd, 4319708.243, 125
Trd, 4319708.543, 133
Trd, 4319709.993, 84
Trd, 4319710.493, 127
Trd, 4319710.543, 104
Trd, 4319710.743, 83
Trd, 4319712.693, 138
Trd, 4319712.893, 132
Trd, 4319713.243, 108
Trd, 4319714.843, 123
Trd, 4319716.143, 122
Trd, 4319718.743, 111
Trd, 4319719.043, 133
Trd, 4319719.343, 129
Trd, 4319720.293, 130
Trd, 4319721.193, 126
Trd, 4319722.493, 123
Trd, 4319722.943, 82
Trd, 4319723.243, 77
Trd, 4319723.893, 133
Trd, 4319724.393, 104
Trd, 4319724.693, 123
Trd, 4319725.393, 107
Trd, 4319727.443, 101
Trd, 4319728.143, 100
Trd, 4319728.343, 95
Trd, 4319728.643, 130
Trd, 4319730.443, 116
Trd, 4319730.643, 129
Trd, 4319731.843, 132
Trd, 4319732.143, 126
Trd, 4319733.193, 119
Trd, 4319734.193, 92
Trd, 4319734.793, 88
Trd, 4319735.343, 96
Trd, 4319737.643, 111
Trd, 4319737.993, 98
Trd, 4319738.393, 88
Trd, 4319739.343, 115
Trd, 4319740.193, 76
Trd, 4319740.543, 88
Trd, 4319741.643, 96
Trd, 4319742.193, 107
Trd, 4319742.593, 89
Trd, 4319743.293, 78
Trd, 4319743.443, 113
Trd, 4319744.043, 84
Trd, 4319744.343, 69
Trd, 4319745.643, 79
Trd, 4319746.793, 123
Trd, 4319746.993, 115
Trd, 4319747.393, 110
Trd, 4319748.993, 77
Trd, 4319751.743, 139
Trd, 4319752.093, 133
Trd, 4319752.143, 130
Trd, 4319752.693, 111
Trd, 4319753.993, 131
Trd, 4319754.693, 95
Trd, 4319754.843, 133
Trd, 4319757.493, 114
Trd, 4319757.793, 109
Trd, 4319758.193, 132
Trd, 4319758.343, 104
Trd, 4319758.993, 97
Trd, 4319759.493, 95
Trd, 4319760.943, 120
Trd, 4319762.193, 139
Trd, 4319763.793, 117
Trd, 4319764.093, 110
Trd, 4319765.143, 111
Trd, 4319765.343, 108
Trd, 4319767.443, 110
Trd, 4319769.043, 138
Trd, 4319769.843, 138
Trd, 4319769.993, 133
Trd, 4319770.793, 122
Trd, 4319770.893, 117
Trd, 4319771.593, 85
Trd, 4319772.393, 116
Trd, 4319772.993, 73
Trd, 4319773.843, 136
Trd, 4319774.543, 106
Trd, 4319775.293, 100
Trd, 4319776.493, 130
Trd, 4319777.293, 127
Trd, 4319778.893, 138
Trd, 4319779.243, 105
Trd, 4319779.643, 130
Trd, 4319781.843, 124
Trd, 4319782.243, 131
Trd, 4319783.043, 116
Trd, 4319783.143, 109
Trd, 4319784.643, 120
Trd, 4319785.743, 128
Trd, 4319785.943, 122
Trd, 4319786.343, 130
Trd, 4319786.893, 136
Trd, 4319790.093, 122
Trd, 4319791.143, 125
Trd, 4319791.643, 134
Trd, 4319792.243, 134
Trd, 4319793.143, 140
Trd, 4319793.843, 135
Trd, 4319794.243, 119
Trd, 4319794.593, 138
Trd, 4319794.843, 101
Trd, 4319795.593, 137
Trd, 4319796.193, 129
Trd, 4319797.093, 96
Trd, 4319797.743, 106
Trd, 4319798.043, 96
Trd, 4319801.093, 128
Trd, 4319801.443, 126
Trd, 4319801.593, 123
Trd, 4319802.243, 108
Trd, 4319803.493, 120
Trd, 4319804.093, 121
Trd, 4319804.543, 118
Trd, 4319805.593, 123
Trd, 4319806.093, 109
Trd, 4319806.443, 131
Trd, 4319807.093, 89
Trd, 4319808.343, 93
Trd, 4319808.693, 92
Trd, 4319809.843, 86
Trd, 4319810.343, 82
Trd, 4319810.643, 102
Trd, 4319810.993, 100
Trd, 4319811.693, 127
Trd, 4319812.343, 127
Trd, 4319812.443, 122
Trd, 4319813.543, 102
Trd, 4319813.993, 98
Trd, 4319815.243, 94
Trd, 4319815.893, 81
Trd, 4319816.443, 74
Trd, 4319817.643, 67
Trd, 4319818.793, 69
Trd, 4319818.943, 79
Trd, 4319820.543, 139
Trd, 4319822.143, 139
Trd, 4319823.093, 118
Trd, 4319823.443, 101
Trd, 4319824.193, 113
Trd, 4319824.643, 112
Trd, 4319825.193, 110
Trd, 4319825.743, 119
Trd, 4319827.293, 101
Trd, 4319827.393, 100
Trd, 4319827.843, 114
Trd, 4319828.043, 96
Trd, 4319828.593, 88
Trd, 4319829.443, 97
Trd, 4319830.943, 105
Trd, 4319831.243, 101
Trd, 4319832.493, 134
Trd, 4319832.843, 130
Trd, 4319833.193, 104
Trd, 4319833.243, 100
Trd, 4319833.793, 62
Trd, 4319834.893, 129
Trd, 4319835.993, 131
Trd, 4319837.493, 98
Trd, 4319838.443, 114
Trd, 4319839.343, 131
Trd, 4319840.843, 131
Trd, 4319840.993, 128
Trd, 4319841.243, 96
Trd, 4319842.743, 132
Trd, 4319844.143, 119
Trd, 4319844.593, 119
Trd, 4319844.643, 114
Trd, 4319845.943, 102
Trd, 4319846.593, 127
Trd, 4319847.243, 117
Trd, 4319847.393, 114
Trd, 4319848.743, 118
Trd, 4319851.293, 75
Trd, 4319851.493, 108
Trd, 4319851.593, 90
Trd, 4319854.193, 130
Trd, 4319854.643, 106
Trd, 4319855.843, 120
Trd, 4319856.543, 131
Trd, 4319857.893, 67
Trd, 4319858.943, 121
Trd, 4319859.693, 113
Trd, 4319860.343, 124
Trd, 4319860.993, 100
Trd, 4319861.743, 116
Trd, 4319862.293, 114
Trd, 4319863.693, 139
Trd, 4319863.893, 117
Trd, 4319864.793, 91
Trd, 4319865.093, 76
Trd, 4319866.343, 119
Trd, 4319867.593, 127
Trd, 4319867.843, 122
Trd, 4319868.043, 110
Trd, 4319868.693, 122
Trd, 4319869.043, 115
Trd, 4319870.043, 114
Trd, 4319871.493, 129
Trd, 4319871.693, 88
Trd, 4319871.793, 75
Trd, 4319872.043, 118
Trd, 4319873.543, 122
Trd, 4319873.593, 117
Trd, 4319874.193, 124
Trd, 4319875.593, 111
Trd, 4319876.093, 110
Trd, 4319877.793, 126
Trd, 4319879.443, 122
Trd, 4319880.793, 135
Trd, 4319880.893, 130
Trd, 4319881.043, 105
Trd, 4319881.543, 91
Trd, 4319881.843, 118
Trd, 4319882.443, 82
Trd, 4319883.843, 113
Trd, 4319884.743, 140
Trd, 4319886.893, 112
Trd, 4319886.993, 124
Trd, 4319887.293, 107
Trd, 4319887.643, 106
Trd, 4319889.243, 138
Trd, 4319889.493, 116
Trd, 4319890.143, 109
Trd, 4319891.943, 129
Trd, 4319893.893, 133
Trd, 4319893.943, 124
Trd, 4319894.043, 118
Trd, 4319894.793, 131
Trd, 4319895.193, 114
Trd, 4319896.293, 83
Trd, 4319896.343, 71
Trd, 4319896.993, 91
Trd, 4319897.693, 130
Trd, 4319900.243, 135
Trd, 4319901.543, 126
Trd, 4319902.043, 114
Trd, 4319902.093, 111
Trd, 4319902.593, 120
Trd, 4319902.793, 73
Trd, 4319903.093, 81
Trd, 4319903.243, 108
Trd, 4319903.793, 140
Trd, 4319905.393, 138
Trd, 4319905.943, 132
Trd, 4319906.343, 110
Trd, 4319907.893, 68
Trd, 4319908.693, 131
Trd, 4319909.493, 101
Trd, 4319909.843, 94
Trd, 4319910.043, 112
Trd, 4319911.193, 130
Trd, 4319912.843, 93
Trd, 4319913.193, 134
Trd, 4319913.943, 126
Trd, 4319914.793, 127
Trd, 4319915.193, 135
Trd, 4319915.543, 107
Trd, 4319916.093, 111
Trd, 4319916.643, 108
Trd, 4319917.293, 99
Trd, 4319918.043, 79
Trd, 4319918.793, 129
Trd, 4319919.293, 111
Trd, 4319922.193, 124
Trd, 4319922.793, 125
Trd, 4319923.243, 130
Trd, 4319923.593, 121
Trd, 4319924.543, 126
Trd, 4319925.143, 93
Trd, 4319926.093, 89
Trd, 4319926.393, 75
Trd, 4319926.893, 126
Trd, 4319927.143, 116
Trd, 4319928.543, 116
Trd, 4319929.243, 138
Trd, 4319930.593, 139
Trd, 4319931.393, 132
Trd, 4319931.493, 132
Trd, 4319931.593, 126
Trd, 4319931.693, 106
Trd, 4319933.143, 130
Trd, 4319934.843, 125
Trd, 4319935.993, 133
Trd, 4319937.343, 94
Trd, 4319937.393, 71
Trd, 4319938.043, 131
Trd, 4319938.143, 125
Trd, 4319940.343, 119
Trd, 4319940.843, 139
Trd, 4319941.543, 122
Trd, 4319942.393, 131
Trd, 4319942.543, 107
Trd, 4319942.793, 131
Trd, 4319943.643, 131
Trd, 4319943.993, 125
Trd, 4319944.343, 85
Trd, 4319944.543, 73
Trd, 4319944.643, 95
Trd, 4319945.343, 84
Trd, 4319947.743, 102
Trd, 4319947.943, 101
Trd, 4319948.093, 120
Trd, 4319949.693, 131
Trd, 4319950.093, 136
Trd, 4319950.393, 132
Trd, 4319952.093, 130
Trd, 4319952.143, 129
Trd, 4319954.243, 140
Trd, 4319954.393, 130
Trd, 4319955.093, 117
Trd, 4319955.993, 122
Trd, 4319956.093, 99
Trd, 4319957.693, 120
Trd, 4319959.343, 126
Trd, 4319960.943, 127
Trd, 4319961.943, 125
Trd, 4319962.643, 92
Trd, 4319963.393, 126
Trd, 4319964.293, 130
Trd, 4319964.893, 131
Trd, 4319966.143, 136
Trd, 4319967.443, 122
Trd, 4319967.893, 120
Trd, 4319968.643, 137
Trd, 4319968.693, 117
Trd, 4319969.343, 77
Trd, 4319970.093, 124
Trd, 4319970.443, 91
Trd, 4319972.793, 99
Trd, 4319973.393, 118
Trd, 4319973.643, 106
Trd, 4319973.743, 86
Trd, 4319978.043, 127
Trd, 4319978.343, 119
Trd, 4319979.243, 138
Trd, 4319979.493, 133
Trd, 4319979.993, 126
Trd, 4319980.543, 126
Trd, 4319981.643, 123
Trd, 4319982.593, 123
Trd, 4319983.243, 121
Trd, 4319983.893, 111
Trd, 4319984.093, 118
Trd, 4319984.693, 110
Trd, 4319985.843, 97
Trd, 4319985.993, 88
Trd, 4319987.143, 118
Trd, 4319987.993, 127
Trd, 4319989.043, 114
Trd, 4319989.543, 119
Trd, 4319989.643, 106
Trd, 4319990.443, 83
Trd, 4319990.543, 94
Trd, 4319992.443, 62
Trd, 4319992.743, 94
Trd, 4319993.393, 66
Trd, 4319995.093, 127
Trd, 4319995.443, 140
Trd, 4319995.943, 126
Trd, 4319996.043, 120
Trd, 4319996.243, 119
Trd, 4319996.343, 111
Trd, 4319997.493, 134
Trd, 4319998.243, 124
Trd, 4319998.893, 100
Trd, 4319999.593, 126
