Trd, 4318155.593, 124
Trd, 4318156.593, 110
Trd, 4318157.193, 69
Trd, 4318158.443, 140
Trd, 4318158.893, 88
Trd, 4318158.993, 87
Trd, 4318159.243, 84
Trd, 4318161.043, 61
Trd, 4318162.093, 63
Trd, 4318162.493, 64
Trd, 4318163.293, 90
Trd, 4318163.393, 116
Trd, 4318163.993, 140
Trd, 4318164.343, 81
Trd, 4318164.543, 79
Trd, 4318166.493, 140
Trd, 4318167.593, 140
Trd, 4318167.843, 140
Trd, 4318168.193, 124
Trd, 4318169.843, 130
Trd, 4318170.193, 118
Trd, 4318170.293, 69
Trd, 4318170.943, 140
Trd, 4318171.243, 140
Trd, 4318171.743, 140
Trd, 4318172.043, 140
Trd, 4318172.943, 131
Trd, 4318172.993, 117
Trd, 4318173.843, 65
Trd, 4318174.343, 138
Trd, 4318174.693, 67
Trd, 4318175.543, 140
Trd, 4318175.843, 68
Trd, 4318176.743, 60
Trd, 4318177.343, 64
Trd, 4318178.493, 99
Trd, 4318179.343, 68
Trd, 4318180.493, 61
Trd, 4318180.593, 63
Trd, 4318182.643, 61
Trd, 4318183.693, 61
Trd, 4318183.943, 61
Trd, 4318184.393, 139
Trd, 4318185.093, 127
Trd, 4318185.293, 114
Trd, 4318185.643, 92
Trd, 4318186.293, 132
Trd, 4318186.693, 89
Trd, 4318187.543, 128
Trd, 4318187.793, 140
Trd, 4318189.093, 126
Trd, 4318190.343, 127
Trd, 4318191.143, 139
Trd, 4318191.293, 127
Trd, 4318191.693, 126
Trd, 4318192.143, 139
Trd, 4318193.993, 112
Trd, 4318194.243, 104
Trd, 4318194.593, 103
Trd, 4318195.043, 135
Trd, 4318195.493, 92
Trd, 4318196.043, 134
Trd, 4318196.793, 63
Trd, 4318197.643, 137
Trd, 4318199.543, 60
Trd, 4318200.193, 120
Trd, 4318200.643, 70
Trd, 4318201.243, 140
Trd, 4318201.293, 124
Trd, 4318201.893, 102
Trd, 4318202.443, 114
Trd, 4318202.593, 95
Trd, 4318202.793, 62
Trd, 4318203.793, 106
Trd, 4318204.643, 98
Trd, 4318205.293, 111
Trd, 4318205.743, 110
Trd, 4318206.493, 131
Trd, 4318206.693, 127
Trd, 4318206.993, 82
Trd, 4318207.943, 100
Trd, 4318208.893, 60
Trd, 4318209.243, 65
Trd, 4318210.393, 63
Trd, 4318210.543, 136
Trd, 4318211.043, 60
Trd, 4318211.793, 60
Trd, 4318211.943, 61
Trd, 4318212.293, 62
Trd, 4318213.643, 69
Trd, 4318214.443, 63
Trd, 4318214.493, 138
Trd, 4318214.793, 77
Trd, 4318215.043, 74
Trd, 4318215.343, 119
Trd, 4318216.093, 75
Trd, 4318216.893, 75
Trd, 4318218.243, 60
Trd, 4318218.593, 68
Trd, 4318219.443, 98
Trd, 4318220.493, 140
Trd, 4318220.943, 140
Trd, 4318221.393, 140
Trd, 4318221.743, 140
Trd, 4318223.543, 140
Trd, 4318224.143, 139
Trd, 4318224.443, 132
Trd, 4318224.493, 123
Trd, 4318225.493, 140
Trd, 4318226.243, 125
Trd, 4318228.693, 109
Trd, 4318228.893, 107
Trd, 4318229.343, 140
Trd, 4318230.193, 133
Trd, 4318230.693, 110
Trd, 4318231.243, 111
Trd, 4318231.593, 100
Trd, 4318232.143, 135
Trd, 4318233.443, 140
Trd, 4318233.993, 140
Trd, 4318234.043, 140
Trd, 4318234.093, 125
Trd, 4318234.843, 61
Trd, 4318235.543, 67
Trd, 4318236.593, 135
Trd, 4318237.543, 85
Trd, 4318239.743, 136
Trd, 4318239.943, 126
Trd, 4318239.993, 124
Trd, 4318240.343, 130
Trd, 4318240.593, 140
Trd, 4318241.043, 124
Trd, 4318241.643, 130
Trd, 4318242.093, 112
Trd, 4318242.493, 139
Trd, 4318243.693, 124
Trd, 4318244.393, 97
Trd, 4318245.293, 96
Trd, 4318245.993, 72
Trd, 4318246.743, 76
Trd, 4318247.293, 61
Trd, 4318247.793, 139
Trd, 4318247.893, 114
Trd, 4318248.393, 91
Trd, 4318250.343, 140
Trd, 4318251.243, 140
Trd, 4318251.843, 140
Trd, 4318252.743, 140
Trd, 4318252.943, 140
Trd, 4318254.943, 140
Trd, 4318255.493, 140
Trd, 4318255.993, 140
Trd, 4318257.293, 140
Trd, 4318257.443, 140
Trd, 4318258.193, 138
Trd, 4318258.943, 85
Trd, 4318259.543, 111
Trd, 4318259.893, 85
Trd, 4318260.243, 80
Trd, 4318260.343, 80
Trd, 4318262.193, 64
Trd, 4318262.243, 101
Trd, 4318263.393, 67
Trd, 4318264.093, 68
Trd, 4318264.193, 106
Trd, 4318264.843, 119
Trd, 4318265.493, 63
Trd, 4318265.593, 61
Trd, 4318267.543, 62
Trd, 4318268.193, 75
Trd, 4318268.643, 66
Trd, 4318270.843, 61
Trd, 4318270.993, 64
Trd, 4318271.993, 60
Trd, 4318273.943, 62
Trd, 4318274.543, 61
Trd, 4318275.043, 62
Trd, 4318275.193, 64
Trd, 4318275.343, 78
Trd, 4318275.793, 60
Trd, 4318275.943, 65
Trd, 4318276.443, 88
Trd, 4318277.693, 61
Trd, 4318278.743, 63
Trd, 4318279.793, 60
Trd, 4318280.193, 60
Trd, 4318280.943, 63
Trd, 4318281.793, 110
Trd, 4318282.393, 111
Trd, 4318282.943, 111
Trd, 4318282.993, 103
Trd, 4318283.343, 101
Trd, 4318284.143, 100
Trd, 4318285.393, 140
Trd, 4318285.743, 139
Trd, 4318287.393, 123
Trd, 4318289.043, 140
Trd, 4318289.193, 137
Trd, 4318289.593, 126
Trd, 4318290.193, 112
Trd, 4318290.643, 140
Trd, 4318291.243, 140
Trd, 4318291.493, 115
Trd, 4318291.593, 93
Trd, 4318292.243, 107
Trd, 4318293.393, 131
Trd, 4318294.343, 127
Trd, 4318295.343, 136
Trd, 4318295.593, 119
Trd, 4318296.843, 140
Trd, 4318296.993, 140
Trd, 4318297.143, 136
Trd, 4318297.193, 124
Trd, 4318297.593, 98
Trd, 4318299.143, 140
Trd, 4318299.643, 140
Trd, 4318300.543, 140
Trd, 4318301.493, 137
Trd, 4318301.643, 119
Trd, 4318302.343, 136
Trd, 4318302.543, 135
Trd, 4318303.043, 111
Trd, 4318303.143, 96
Trd, 4318303.543, 62
Trd, 4318304.243, 140
Trd, 4318304.793, 140
Trd, 4318305.093, 138
Trd, 4318305.293, 101
Trd, 4318305.393, 139
Trd, 4318306.143, 116
Trd, 4318307.143, 115
Trd, 4318308.543, 123
Trd, 4318309.043, 122
Trd, 4318309.243, 112
Trd, 4318310.043, 60
Trd, 4318310.743, 64
Trd, 4318311.043, 69
Trd, 4318311.393, 60
Trd, 4318312.443, 60
Trd, 4318313.043, 65
Trd, 4318313.693, 105
Trd, 4318314.293, 94
Trd, 4318314.743, 82
Trd, 4318315.043, 84
Trd, 4318315.293, 83
Trd, 4318316.443, 84
Trd, 4318317.393, 62
Trd, 4318317.593, 136
Trd, 4318318.693, 63
Trd, 4318320.093, 62
Trd, 4318321.993, 60
Trd, 4318322.293, 64
Trd, 4318323.493, 102
Trd, 4318323.543, 100
Trd, 4318324.343, 101
Trd, 4318325.343, 104
Trd, 4318325.443, 112
Trd, 4318325.993, 103
Trd, 4318326.393, 90
Trd, 4318326.993, 76
Trd, 4318328.443, 60
Trd, 4318328.543, 62
Trd, 4318328.743, 130
Trd, 4318328.993, 129
Trd, 4318329.743, 86
Trd, 4318329.943, 85
Trd, 4318330.093, 106
Trd, 4318330.693, 125
Trd, 4318332.493, 60
Trd, 4318332.693, 61
Trd, 4318334.393, 65
Trd, 4318335.143, 67
Trd, 4318337.193, 63
Trd, 4318338.093, 61
Trd, 4318338.143, 64
Trd, 4318338.943, 60
Trd, 4318340.793, 66
Trd, 4318340.993, 72
Trd, 4318341.043, 73
Trd, 4318341.643, 98
Trd, 4318342.893, 60
Trd, 4318343.443, 64
Trd, 4318343.593, 70
Trd, 4318344.843, 60
Trd, 4318345.693, 129
Trd, 4318346.093, 76
Trd, 4318346.943, 127
Trd, 4318346.993, 114
Trd, 4318347.743, 140
Trd, 4318348.043, 137
Trd, 4318348.693, 135
Trd, 4318349.143, 62
Trd, 4318350.043, 140
Trd, 4318350.143, 120
Trd, 4318351.593, 70
Trd, 4318351.943, 107
Trd, 4318353.193, 60
Trd, 4318353.243, 68
Trd, 4318353.793, 67
Trd, 4318355.393, 61
Trd, 4318356.743, 60
Trd, 4318356.943, 60
Trd, 4318358.093, 61
Trd, 4318358.393, 64
Trd, 4318358.793, 138
Trd, 4318359.093, 119
Trd, 4318360.493, 140
Trd, 4318360.843, 116
Trd, 4318361.293, 135
Trd, 4318361.743, 134
Trd, 4318361.843, 119
Trd, 4318363.043, 61
Trd, 4318363.293, 127
Trd, 4318363.593, 64
Trd, 4318365.543, 60
Trd, 4318366.493, 60
Trd, 4318366.843, 69
Trd, 4318367.843, 66
Trd, 4318368.343, 68
Trd, 4318368.393, 67
Trd, 4318368.543, 63
Trd, 4318369.743, 128
Trd, 4318370.843, 139
Trd, 4318373.043, 62
Trd, 4318373.593, 61
Trd, 4318374.393, 62
Trd, 4318375.043, 64
Trd, 4318375.393, 65
Trd, 4318375.943, 63
Trd, 4318376.093, 66
Trd, 4318376.843, 66
Trd, 4318377.043, 64
Trd, 4318378.193, 60
Trd, 4318378.893, 83
Trd, 4318379.543, 68
Trd, 4318380.243, 140
Trd, 4318380.393, 139
Trd, 4318381.043, 93
Trd, 4318381.343, 60
Trd, 4318381.743, 80
Trd, 4318382.843, 62
Trd, 4318383.243, 60
Trd, 4318384.293, 140
Trd, 4318386.043, 61
Trd, 4318387.093, 61
Trd, 4318387.843, 65
Trd, 4318388.443, 60
Trd, 4318388.743, 66
Trd, 4318388.943, 80
Trd, 4318389.093, 61
Trd, 4318389.693, 61
Trd, 4318390.343, 138
Trd, 4318390.843, 137
Trd, 4318392.443, 140
Trd, 4318392.543, 140
Trd, 4318392.743, 139
Trd, 4318393.643, 99
Trd, 4318394.293, 102
Trd, 4318394.643, 93
Trd, 4318394.843, 92
Trd, 4318395.793, 139
Trd, 4318396.793, 94
Trd, 4318397.393, 93
Trd, 4318397.443, 83
Trd, 4318398.543, 60
Trd, 4318398.893, 87
Trd, 4318399.793, 60
Trd, 4318399.993, 68
Trd, 4318401.043, 62
Trd, 4318402.243, 139
Trd, 4318402.893, 92
Trd, 4318403.393, 76
Trd, 4318403.643, 77
Trd, 4318403.793, 96
Trd, 4318403.843, 110
Trd, 4318405.943, 72
Trd, 4318406.143, 103
Trd, 4318406.593, 80
Trd, 4318407.043, 114
Trd, 4318407.093, 74
Trd, 4318409.843, 101
Trd, 4318409.893, 75
Trd, 4318410.443, 66
Trd, 4318410.543, 128
Trd, 4318410.793, 61
Trd, 4318410.843, 63
Trd, 4318411.343, 60
Trd, 4318412.343, 86
Trd, 4318414.443, 76
Trd, 4318414.543, 75
Trd, 4318414.893, 77
Trd, 4318416.643, 61
Trd, 4318416.843, 62
Trd, 4318417.143, 62
Trd, 4318418.093, 71
Trd, 4318418.343, 65
Trd, 4318419.043, 64
Trd, 4318420.093, 69
Trd, 4318420.943, 64
Trd, 4318421.743, 65
Trd, 4318424.193, 63
Trd, 4318424.293, 62
Trd, 4318425.243, 64
Trd, 4318425.343, 63
Trd, 4318425.393, 65
Trd, 4318426.143, 88
Trd, 4318426.743, 87
Trd, 4318427.993, 139
Trd, 4318428.693, 140
Trd, 4318428.843, 140
Trd, 4318429.193, 112
Trd, 4318429.743, 103
Trd, 4318430.043, 66
Trd, 4318431.393, 139
Trd, 4318431.643, 119
Trd, 4318432.993, 100
Trd, 4318433.293, 118
Trd, 4318433.443, 118
Trd, 4318433.543, 117
Trd, 4318435.993, 140
Trd, 4318436.343, 124
Trd, 4318436.693, 125
Trd, 4318436.943, 124
Trd, 4318438.243, 140
Trd, 4318438.843, 126
Trd, 4318439.443, 116
Trd, 4318440.093, 105
Trd, 4318441.043, 60
Trd, 4318441.243, 61
Trd, 4318441.693, 60
Trd, 4318442.393, 81
Trd, 4318444.643, 63
Trd, 4318444.943, 60
Trd, 4318445.093, 61
Trd, 4318445.693, 110
Trd, 4318446.643, 138
Trd, 4318446.843, 136
Trd, 4318447.543, 109
Trd, 4318448.293, 109
Trd, 4318448.393, 98
Trd, 4318448.543, 75
Trd, 4318448.893, 62
Trd, 4318451.043, 72
Trd, 4318451.693, 68
Trd, 4318452.693, 60
Trd, 4318454.843, 62
Trd, 4318454.993, 67
Trd, 4318455.393, 62
Trd, 4318455.643, 69
Trd, 4318456.643, 62
Trd, 4318457.843, 64
Trd, 4318458.143, 65
Trd, 4318459.293, 60
Trd, 4318460.893, 60
Trd, 4318461.343, 61
Trd, 4318463.093, 63
Trd, 4318463.193, 61
Trd, 4318463.643, 65
Trd, 4318464.093, 63
Trd, 4318464.243, 69
Trd, 4318465.393, 70
Trd, 4318465.793, 71
Trd, 4318467.493, 89
Trd, 4318467.993, 138
Trd, 4318468.443, 87
Trd, 4318468.893, 78
Trd, 4318469.343, 62
Trd, 4318470.293, 140
Trd, 4318470.843, 140
Trd, 4318471.243, 100
Trd, 4318472.193, 85
Trd, 4318473.293, 140
Trd, 4318473.543, 125
Trd, 4318473.743, 124
Trd, 4318474.443, 113
Trd, 4318474.593, 104
Trd, 4318475.593, 61
Trd, 4318476.343, 140
Trd, 4318477.443, 139
Trd, 4318478.793, 138
Trd, 4318478.893, 109
Trd, 4318479.393, 100
Trd, 4318480.443, 114
Trd, 4318480.693, 104
Trd, 4318481.493, 61
Trd, 4318482.193, 61
Trd, 4318482.793, 60
Trd, 4318484.143, 63
Trd, 4318484.843, 69
Trd, 4318485.143, 70
Trd, 4318486.443, 74
Trd, 4318486.493, 73
Trd, 4318486.593, 65
Trd, 4318487.793, 140
Trd, 4318488.143, 130
Trd, 4318488.243, 126
Trd, 4318488.593, 108
Trd, 4318489.293, 140
Trd, 4318490.993, 77
Trd, 4318491.143, 74
Trd, 4318493.143, 140
Trd, 4318494.393, 115
Trd, 4318494.793, 77
Trd, 4318495.293, 122
Trd, 4318495.493, 87
Trd, 4318495.893, 77
Trd, 4318496.343, 76
Trd, 4318496.893, 137
Trd, 4318497.993, 60
Trd, 4318498.843, 66
Trd, 4318500.343, 66
Trd, 4318500.793, 65
Trd, 4318501.593, 76
Trd, 4318503.493, 139
Trd, 4318504.043, 140
Trd, 4318504.143, 113
Trd, 4318504.493, 114
Trd, 4318504.843, 115
Trd, 4318504.893, 113
Trd, 4318504.943, 101
Trd, 4318505.193, 98
Trd, 4318505.543, 80
Trd, 4318507.193, 74
Trd, 4318507.393, 73
Trd, 4318508.793, 63
Trd, 4318508.893, 96
Trd, 4318510.343, 60
Trd, 4318510.943, 60
Trd, 4318512.043, 60
Trd, 4318512.443, 63
Trd, 4318512.943, 62
Trd, 4318513.193, 61
Trd, 4318513.793, 74
Trd, 4318514.393, 80
Trd, 4318515.093, 66
Trd, 4318515.693, 139
Trd, 4318516.443, 67
Trd, 4318516.493, 82
Trd, 4318517.093, 66
Trd, 4318518.743, 78
Trd, 4318519.493, 60
Trd, 4318519.993, 68
Trd, 4318520.143, 71
Trd, 4318522.093, 62
Trd, 4318522.343, 62
Trd, 4318523.393, 61
Trd, 4318524.543, 61
Trd, 4318526.393, 60
Trd, 4318528.093, 61
Trd, 4318528.693, 60
Trd, 4318528.843, 60
Trd, 4318529.493, 61
Trd, 4318529.893, 61
Trd, 4318530.293, 60
Trd, 4318531.093, 61
Trd, 4318531.743, 140
Trd, 4318531.843, 140
Trd, 4318532.943, 112
Trd, 4318533.343, 100
Trd, 4318533.793, 102
Trd, 4318534.243, 100
Trd, 4318534.743, 99
Trd, 4318535.043, 82
Trd, 4318536.793, 140
Trd, 4318536.993, 140
Trd, 4318537.193, 125
Trd, 4318539.093, 119
Trd, 4318539.643, 84
Trd, 4318540.193, 140
Trd, 4318540.993, 140
Trd, 4318541.443, 139
Trd, 4318541.793, 118
Trd, 4318543.043, 140
Trd, 4318544.593, 121
Trd, 4318544.643, 107
Trd, 4318544.943, 124
Trd, 4318546.143, 89
Trd, 4318546.843, 96
Trd, 4318547.093, 102
Trd, 4318547.243, 95
Trd, 4318547.543, 87
Trd, 4318548.093, 91
Trd, 4318548.993, 91
Trd, 4318550.293, 140
Trd, 4318550.443, 119
Trd, 4318551.693, 140
Trd, 4318551.893, 126
Trd, 4318553.093, 126
Trd, 4318553.243, 125
Trd, 4318553.793, 140
Trd, 4318554.593, 112
Trd, 4318555.143, 109
Trd, 4318556.143, 100
Trd, 4318556.293, 92
Trd, 4318556.493, 109
Trd, 4318557.393, 78
Trd, 4318557.893, 140
Trd, 4318558.593, 75
Trd, 4318560.143, 62
Trd, 4318560.343, 67
Trd, 4318561.893, 60
Trd, 4318563.243, 65
Trd, 4318563.793, 140
Trd, 4318564.443, 140
Trd, 4318564.843, 140
Trd, 4318564.943, 140
Trd, 4318565.143, 140
Trd, 4318565.443, 140
Trd, 4318566.043, 61
Trd, 4318567.193, 138
Trd, 4318567.593, 70
Trd, 4318568.893, 65
Trd, 4318569.743, 140
Trd, 4318570.293, 107
Trd, 4318570.843, 102
Trd, 4318570.993, 100
Trd, 4318571.643, 140
Trd, 4318571.943, 106
Trd, 4318571.993, 90
Trd, 4318573.593, 140
Trd, 4318573.943, 74
Trd, 4318574.943, 139
Trd, 4318575.343, 139
Trd, 4318576.643, 115
Trd, 4318576.843, 115
Trd, 4318576.993, 114
Trd, 4318577.243, 118
Trd, 4318577.543, 107
Trd, 4318578.593, 60
Trd, 4318580.993, 60
Trd, 4318581.843, 62
Trd, 4318581.993, 63
Trd, 4318582.593, 61
Trd, 4318582.943, 63
Trd, 4318583.193, 63
Trd, 4318583.393, 61
Trd, 4318584.293, 132
Trd, 4318585.143, 67
Trd, 4318585.443, 68
Trd, 4318585.893, 81
Trd, 4318587.143, 95
Trd, 4318587.743, 109
Trd, 4318588.043, 74
Trd, 4318588.393, 76
Trd, 4318589.343, 75
Trd, 4318589.543, 75
Trd, 4318591.043, 71
Trd, 4318591.443, 70
Trd, 4318591.843, 69
Trd, 4318592.343, 87
Trd, 4318592.393, 68
Trd, 4318593.293, 82
Trd, 4318593.843, 102
Trd, 4318594.043, 91
Trd, 4318596.393, 60
Trd, 4318596.993, 64
Trd, 4318597.243, 74
Trd, 4318597.843, 140
Trd, 4318598.043, 140
Trd, 4318598.343, 118
Trd, 4318599.793, 140
Trd, 4318599.843, 139
Trd, 4318600.043, 139
Trd, 4318601.293, 87
Trd, 4318601.743, 84
Trd, 4318601.993, 70
Trd, 4318602.893, 127
Trd, 4318604.093, 92
Trd, 4318604.193, 74
Trd, 4318604.393, 128
Trd, 4318604.793, 72
Trd, 4318605.043, 63
Trd, 4318605.993, 67
Trd, 4318608.743, 60
Trd, 4318609.493, 60
Trd, 4318610.243, 61
Trd, 4318611.393, 60
Trd, 4318611.843, 61
Trd, 4318612.843, 78
Trd, 4318612.943, 99
Trd, 4318613.993, 140
Trd, 4318614.643, 140
Trd, 4318614.893, 138
Trd, 4318615.943, 62
Trd, 4318617.343, 109
Trd, 4318617.693, 131
Trd, 4318619.093, 61
Trd, 4318619.643, 66
Trd, 4318620.043, 64
Trd, 4318620.843, 63
Trd, 4318621.393, 77
Trd, 4318622.143, 63
Trd, 4318623.243, 64
Trd, 4318623.543, 63
Trd, 4318624.693, 80
Trd, 4318625.943, 106
Trd, 4318627.693, 97
Trd, 4318627.993, 90
Trd, 4318628.143, 89
Trd, 4318629.193, 120
Trd, 4318630.593, 140
Trd, 4318630.793, 121
Trd, 4318631.143, 116
Trd, 4318632.643, 140
Trd, 4318633.193, 140
Trd, 4318633.793, 137
Trd, 4318634.343, 140
Trd, 4318634.393, 140
Trd, 4318634.693, 136
Trd, 4318635.293, 128
Trd, 4318635.593, 127
Trd, 4318636.643, 86
Trd, 4318638.043, 63
Trd, 4318638.493, 65
Trd, 4318638.643, 82
Trd, 4318638.743, 96
Trd, 4318639.143, 60
Trd, 4318640.193, 61
Trd, 4318640.243, 62
Trd, 4318641.293, 128
Trd, 4318642.193, 105
Trd, 4318642.593, 103
Trd, 4318643.643, 136
Trd, 4318644.143, 139
Trd, 4318644.693, 140
Trd, 4318645.043, 140
Trd, 4318645.743, 139
Trd, 4318647.043, 131
Trd, 4318648.443, 140
Trd, 4318648.743, 140
Trd, 4318649.093, 140
Trd, 4318649.143, 140
Trd, 4318649.443, 125
Trd, 4318650.493, 140
Trd, 4318650.643, 136
Trd, 4318651.243, 139
Trd, 4318651.493, 124
Trd, 4318652.093, 125
Trd, 4318653.493, 120
Trd, 4318653.943, 137
Trd, 4318654.743, 140
Trd, 4318655.343, 137
Trd, 4318656.093, 136
Trd, 4318656.493, 122
Trd, 4318657.143, 109
Trd, 4318657.393, 93
Trd, 4318657.893, 91
Trd, 4318658.243, 74
Trd, 4318658.643, 61
Trd, 4318659.293, 89
Trd, 4318661.043, 109
Trd, 4318661.693, 64
Trd, 4318663.343, 72
Trd, 4318663.943, 65
Trd, 4318664.393, 64
Trd, 4318664.543, 74
Trd, 4318664.593, 63
Trd, 4318666.093, 64
Trd, 4318666.893, 139
Trd, 4318667.743, 140
Trd, 4318668.843, 126
Trd, 4318669.293, 103
Trd, 4318669.543, 107
Trd, 4318669.843, 140
Trd, 4318670.093, 106
Trd, 4318670.493, 102
Trd, 4318671.593, 140
Trd, 4318673.093, 127
Trd, 4318673.443, 96
Trd, 4318674.093, 80
Trd, 4318675.293, 61
Trd, 4318675.393, 78
Trd, 4318677.143, 68
Trd, 4318677.693, 60
Trd, 4318678.243, 106
Trd, 4318678.543, 114
Trd, 4318678.843, 105
Trd, 4318679.143, 95
Trd, 4318679.543, 95
Trd, 4318679.693, 94
Trd, 4318680.893, 140
Trd, 4318680.993, 140
Trd, 4318681.693, 138
Trd, 4318682.043, 113
Trd, 4318682.143, 123
Trd, 4318683.043, 66
Trd, 4318684.743, 74
Trd, 4318685.443, 72
Trd, 4318687.343, 62
Trd, 4318687.993, 65
Trd, 4318688.443, 65
Trd, 4318688.743, 64
Trd, 4318689.143, 67
Trd, 4318690.193, 67
Trd, 4318691.343, 61
Trd, 4318691.543, 91
Trd, 4318693.293, 62
Trd, 4318693.593, 62
Trd, 4318693.693, 63
Trd, 4318694.693, 62
Trd, 4318695.093, 74
Trd, 4318695.493, 60
Trd, 4318695.793, 61
Trd, 4318696.543, 140
Trd, 4318697.293, 121
Trd, 4318697.793, 140
Trd, 4318698.843, 75
Trd, 4318699.443, 98
Trd, 4318699.693, 78
Trd, 4318700.443, 137
Trd, 4318700.843, 113
Trd, 4318701.243, 104
Trd, 4318701.393, 103
Trd, 4318701.593, 63
Trd, 4318704.043, 140
Trd, 4318704.093, 140
Trd, 4318704.543, 140
Trd, 4318705.743, 139
Trd, 4318705.893, 135
Trd, 4318705.993, 125
Trd, 4318706.293, 139
Trd, 4318706.393, 119
Trd, 4318707.393, 125
Trd, 4318709.193, 122
Trd, 4318710.143, 125
Trd, 4318710.543, 118
Trd, 4318710.693, 118
Trd, 4318711.343, 104
Trd, 4318712.943, 140
Trd, 4318713.893, 139
Trd, 4318713.943, 138
Trd, 4318715.393, 132
Trd, 4318715.643, 121
Trd, 4318716.193, 108
Trd, 4318716.443, 91
Trd, 4318716.993, 140
Trd, 4318717.493, 119
Trd, 4318717.593, 107
Trd, 4318718.193, 139
Trd, 4318718.493, 136
Trd, 4318718.593, 125
Trd, 4318720.493, 116
Trd, 4318720.993, 113
Trd, 4318721.943, 140
Trd, 4318722.243, 140
Trd, 4318722.543, 140
Trd, 4318722.893, 140
Trd, 4318723.193, 139
Trd, 4318723.493, 138
Trd, 4318725.243, 140
Trd, 4318726.543, 140
Trd, 4318726.743, 117
Trd, 4318726.993, 113
Trd, 4318727.043, 111
Trd, 4318728.093, 67
Trd, 4318728.543, 98
Trd, 4318729.443, 60
Trd, 4318731.093, 140
Trd, 4318731.543, 131
Trd, 4318731.893, 130
Trd, 4318733.243, 139
Trd, 4318733.393, 139
Trd, 4318734.743, 128
Trd, 4318734.893, 127
Trd, 4318735.043, 125
Trd, 4318735.843, 124
Trd, 4318736.193, 125
Trd, 4318737.293, 140
Trd, 4318738.193, 140
Trd, 4318738.543, 140
Trd, 4318739.693, 131
Trd, 4318740.343, 105
Trd, 4318741.143, 101
Trd, 4318741.993, 86
Trd, 4318742.643, 85
Trd, 4318743.593, 124
Trd, 4318743.643, 120
Trd, 4318744.093, 136
Trd, 4318744.693, 121
Trd, 4318745.143, 117
Trd, 4318745.843, 140
Trd, 4318745.893, 105
Trd, 4318746.193, 96
Trd, 4318746.893, 81
Trd, 4318747.793, 140
Trd, 4318748.443, 140
Trd, 4318750.793, 140
Trd, 4318751.843, 140
Trd, 4318752.543, 139
Trd, 4318753.143, 139
Trd, 4318753.893, 138
Trd, 4318753.943, 136
Trd, 4318753.993, 113
Trd, 4318754.843, 93
Trd, 4318755.993, 140
Trd, 4318756.843, 140
Trd, 4318756.943, 138
Trd, 4318757.143, 122
Trd, 4318758.043, 86
Trd, 4318758.143, 67
Trd, 4318758.193, 64
Trd, 4318758.643, 64
Trd, 4318759.843, 140
Trd, 4318759.943, 139
Trd, 4318761.943, 139
Trd, 4318762.393, 125
Trd, 4318763.743, 139
Trd, 4318764.143, 122
Trd, 4318764.393, 104
Trd, 4318764.593, 61
Trd, 4318765.143, 135
Trd, 4318765.893, 60
Trd, 4318766.293, 116
Trd, 4318769.493, 60
Trd, 4318770.243, 60
Trd, 4318770.843, 65
Trd, 4318771.643, 61
Trd, 4318771.843, 93
Trd, 4318772.293, 139
Trd, 4318772.543, 81
Trd, 4318772.743, 62
Trd, 4318773.993, 63
Trd, 4318774.543, 140
Trd, 4318775.443, 87
Trd, 4318775.993, 65
Trd, 4318776.443, 66
Trd, 4318776.543, 69
Trd, 4318776.743, 71
Trd, 4318777.393, 62
Trd, 4318779.493, 61
Trd, 4318780.343, 61
Trd, 4318780.443, 64
Trd, 4318780.793, 63
Trd, 4318781.793, 107
Trd, 4318782.943, 64
Trd, 4318783.293, 64
Trd, 4318784.243, 63
Trd, 4318784.493, 63
Trd, 4318784.893, 61
Trd, 4318785.443, 60
Trd, 4318786.243, 131
Trd, 4318787.243, 140
Trd, 4318787.643, 140
Trd, 4318788.643, 84
Trd, 4318789.743, 105
Trd, 4318789.893, 76
Trd, 4318790.043, 75
Trd, 4318791.093, 62
Trd, 4318792.243, 66
Trd, 4318792.443, 130
Trd, 4318793.293, 60
Trd, 4318794.493, 138
Trd, 4318794.743, 99
Trd, 4318795.793, 140
Trd, 4318796.193, 140
Trd, 4318796.343, 140
Trd, 4318796.743, 94
Trd, 4318797.493, 113
Trd, 4318797.843, 95
Trd, 4318798.643, 140
Trd, 4318798.693, 78
Trd, 4318799.093, 73
Trd, 4318799.643, 60
Trd, 4318800.593, 138
Trd, 4318801.993, 131
Trd, 4318802.493, 130
Trd, 4318802.793, 130
Trd, 4318803.793, 138
Trd, 4318804.293, 125
Trd, 4318804.793, 139
Trd, 4318804.943, 109
Trd, 4318806.343, 140
Trd, 4318807.593, 119
Trd, 4318808.643, 137
Trd, 4318808.893, 75
Trd, 4318808.993, 73
Trd, 4318809.843, 139
Trd, 4318810.343, 75
Trd, 4318811.693, 132
Trd, 4318811.993, 136
Trd, 4318813.443, 139
Trd, 4318814.043, 131
Trd, 4318814.443, 139
Trd, 4318814.493, 111
Trd, 4318814.543, 106
Trd, 4318815.443, 140
Trd, 4318815.743, 139
Trd, 4318816.243, 129
Trd, 4318816.543, 124
Trd, 4318816.893, 103
Trd, 4318816.943, 100
Trd, 4318818.343, 61
Trd, 4318818.493, 60
Trd, 4318820.593, 68
Trd, 4318821.393, 140
Trd, 4318821.793, 140
Trd, 4318821.943, 140
Trd, 4318822.093, 140
Trd, 4318822.343, 140
Trd, 4318824.093, 63
Trd, 4318824.743, 60
Trd, 4318825.443, 68
Trd, 4318825.793, 68
Trd, 4318826.943, 62
Trd, 4318827.243, 68
Trd, 4318827.993, 60
Trd, 4318830.243, 66
Trd, 4318830.743, 64
Trd, 4318831.643, 83
Trd, 4318831.793, 68
Trd, 4318831.843, 63
Trd, 4318832.693, 120
Trd, 4318832.893, 67
Trd, 4318833.693, 79
Trd, 4318834.743, 61
Trd, 4318835.343, 60
Trd, 4318836.393, 60
Trd, 4318836.593, 63
Trd, 4318837.893, 61
Trd, 4318838.843, 60
Trd, 4318840.543, 71
Trd, 4318841.043, 62
Trd, 4318842.143, 60
Trd, 4318842.593, 61
Trd, 4318843.043, 60
Trd, 4318844.493, 60
Trd, 4318844.543, 65
Trd, 4318845.243, 97
Trd, 4318845.843, 63
Trd, 4318846.043, 125
Trd, 4318847.543, 136
Trd, 4318848.243, 135
Trd, 4318848.343, 112
Trd, 4318848.843, 62
Trd, 4318849.843, 63
Trd, 4318850.843, 137
Trd, 4318851.693, 61
Trd, 4318851.893, 64
Trd, 4318852.193, 61
Trd, 4318852.643, 66
Trd, 4318855.443, 133
Trd, 4318855.643, 111
Trd, 4318855.793, 110
Trd, 4318855.943, 107
Trd, 4318856.043, 88
Trd, 4318857.543, 140
Trd, 4318858.043, 140
Trd, 4318858.443, 140
Trd, 4318859.493, 140
Trd, 4318860.143, 139
Trd, 4318860.443, 138
Trd, 4318860.743, 117
Trd, 4318862.393, 106
Trd, 4318862.893, 129
Trd, 4318863.293, 115
Trd, 4318863.693, 107
Trd, 4318864.243, 129
Trd, 4318864.893, 117
Trd, 4318865.993, 100
Trd, 4318866.693, 124
Trd, 4318868.243, 140
Trd, 4318868.293, 140
Trd, 4318868.343, 136
Trd, 4318868.593, 124
Trd, 4318869.993, 140
Trd, 4318870.293, 125
Trd, 4318870.493, 121
Trd, 4318871.643, 137
Trd, 4318871.793, 133
Trd, 4318872.693, 128
Trd, 4318873.043, 113
Trd, 4318873.493, 98
Trd, 4318873.943, 85
Trd, 4318876.343, 130
Trd, 4318876.893, 130
Trd, 4318876.943, 129
Trd, 4318877.043, 117
Trd, 4318878.343, 140
Trd, 4318878.693, 139
Trd, 4318878.893, 136
Trd, 4318879.243, 127
Trd, 4318879.993, 122
Trd, 4318880.393, 139
Trd, 4318880.793, 61
Trd, 4318881.643, 61
Trd, 4318882.943, 103
Trd, 4318883.243, 103
Trd, 4318885.493, 60
Trd, 4318885.743, 65
Trd, 4318886.343, 64
Trd, 4318886.593, 64
Trd, 4318887.243, 64
Trd, 4318887.743, 68
Trd, 4318887.893, 76
Trd, 4318888.143, 64
Trd, 4318890.493, 61
Trd, 4318891.893, 61
Trd, 4318892.343, 66
Trd, 4318892.793, 62
Trd, 4318893.643, 117
Trd, 4318894.043, 60
Trd, 4318894.493, 113
Trd, 4318895.143, 140
Trd, 4318895.493, 140
Trd, 4318896.243, 140
Trd, 4318896.493, 139
Trd, 4318897.493, 133
Trd, 4318897.693, 140
Trd, 4318898.743, 92
Trd, 4318898.893, 91
Trd, 4318899.643, 122
Trd, 4318900.693, 101
Trd, 4318900.743, 94
Trd, 4318902.093, 140
Trd, 4318902.593, 140
Trd, 4318902.893, 113
Trd, 4318903.093, 100
Trd, 4318903.743, 110
Trd, 4318903.943, 85
Trd, 4318905.143, 140
Trd, 4318905.993, 94
Trd, 4318906.343, 138
Trd, 4318906.643, 115
Trd, 4318907.493, 61
Trd, 4318908.043, 62
Trd, 4318908.143, 61
Trd, 4318909.343, 93
Trd, 4318909.493, 140
Trd, 4318911.093, 61
Trd, 4318911.693, 63
Trd, 4318911.893, 60
Trd, 4318912.243, 61
Trd, 4318915.093, 62
Trd, 4318915.243, 63
Trd, 4318915.293, 64
Trd, 4318915.443, 62
Trd, 4318917.743, 139
Trd, 4318917.793, 137
Trd, 4318919.043, 140
Trd, 4318919.193, 118
Trd, 4318919.943, 117
Trd, 4318919.993, 106
Trd, 4318920.243, 94
Trd, 4318920.743, 64
Trd, 4318920.943, 140
Trd, 4318922.293, 62
Trd, 4318923.443, 112
Trd, 4318924.093, 128
Trd, 4318925.193, 140
Trd, 4318926.893, 139
Trd, 4318927.593, 127
Trd, 4318927.793, 124
Trd, 4318927.843, 120
Trd, 4318929.093, 135
Trd, 4318929.443, 138
Trd, 4318929.493, 137
Trd, 4318930.193, 138
Trd, 4318930.243, 106
Trd, 4318930.943, 91
Trd, 4318932.043, 118
Trd, 4318932.693, 93
Trd, 4318933.193, 93
Trd, 4318933.343, 139
Trd, 4318933.843, 91
Trd, 4318937.143, 140
Trd, 4318937.693, 140
Trd, 4318938.443, 138
Trd, 4318938.643, 137
Trd, 4318938.843, 124
Trd, 4318939.243, 112
Trd, 4318939.643, 112
Trd, 4318940.243, 138
Trd, 4318940.343, 108
Trd, 4318941.443, 85
Trd, 4318943.243, 71
Trd, 4318943.643, 75
Trd, 4318943.943, 140
Trd, 4318944.493, 121
Trd, 4318946.093, 63
Trd, 4318946.193, 61
Trd, 4318946.543, 60
Trd, 4318946.993, 117
Trd, 4318948.343, 135
Trd, 4318948.943, 140
Trd, 4318949.143, 112
Trd, 4318950.643, 84
Trd, 4318951.343, 90
Trd, 4318951.843, 83
Trd, 4318952.393, 119
Trd, 4318953.793, 140
Trd, 4318953.843, 127
Trd, 4318954.393, 117
Trd, 4318954.443, 113
Trd, 4318955.043, 67
Trd, 4318957.043, 139
Trd, 4318957.493, 138
Trd, 4318957.793, 123
Trd, 4318958.343, 111
Trd, 4318958.443, 103
Trd, 4318958.993, 92
Trd, 4318960.693, 60
Trd, 4318960.843, 102
Trd, 4318961.193, 99
Trd, 4318962.193, 77
Trd, 4318963.193, 63
Trd, 4318964.043, 119
Trd, 4318964.393, 69
Trd, 4318964.543, 62
Trd, 4318965.443, 109
Trd, 4318966.543, 69
Trd, 4318966.693, 110
Trd, 4318967.793, 67
Trd, 4318968.543, 70
Trd, 4318968.993, 82
Trd, 4318969.593, 60
Trd, 4318970.693, 113
Trd, 4318971.343, 140
Trd, 4318971.943, 140
Trd, 4318972.493, 113
Trd, 4318972.593, 112
Trd, 4318972.693, 79
Trd, 4318973.643, 71
Trd, 4318973.693, 69
Trd, 4318975.143, 139
Trd, 4318976.043, 138
Trd, 4318977.243, 64
Trd, 4318978.243, 69
Trd, 4318978.893, 67
Trd, 4318979.843, 63
Trd, 4318980.843, 62
Trd, 4318981.043, 70
Trd, 4318981.543, 71
Trd, 4318981.843, 75
Trd, 4318981.893, 74
Trd, 4318982.393, 64
Trd, 4318983.443, 62
Trd, 4318983.643, 65
Trd, 4318983.793, 93
Trd, 4318985.743, 71
Trd, 4318986.493, 60
Trd, 4318986.793, 135
Trd, 4318987.443, 63
Trd, 4318988.793, 60
Trd, 4318989.143, 127
Trd, 4318990.643, 136
Trd, 4318990.893, 135
Trd, 4318992.093, 121
Trd, 4318992.143, 108
Trd, 4318992.443, 137
Trd, 4318992.743, 125
Trd, 4318993.193, 111
Trd, 4318993.293, 74
Trd, 4318994.443, 67
Trd, 4318995.193, 139
Trd, 4318995.293, 113
Trd, 4318996.193, 61
Trd, 4318997.043, 140
Trd, 4318997.093, 140
Trd, 4318997.493, 137
Trd, 4318997.893, 121
Trd, 4318999.393, 60
Trd, 4319000.243, 67
Trd, 4319001.293, 61
Trd, 4319001.793, 62
Trd, 4319003.843, 60
Trd, 4319003.943, 60
Trd, 4319004.093, 66
Trd, 4319004.593, 70
Trd, 4319006.893, 84
Trd, 4319007.843, 85
Trd, 4319008.443, 140
Trd, 4319008.493, 140
Trd, 4319008.543, 83
Trd, 4319009.793, 139
Trd, 4319010.943, 139
Trd, 4319011.893, 135
Trd, 4319012.043, 122
Trd, 4319012.493, 107
Trd, 4319014.093, 140
Trd, 4319014.243, 140
Trd, 4319014.543, 115
Trd, 4319014.893, 114
Trd, 4319015.243, 97
Trd, 4319016.193, 62
Trd, 4319016.493, 65
Trd, 4319018.143, 104
Trd, 4319018.493, 138
Trd, 4319019.093, 114
Trd, 4319019.193, 89
Trd, 4319019.743, 80
Trd, 4319020.193, 69
Trd, 4319020.543, 68
Trd, 4319021.893, 86
Trd, 4319022.243, 74
Trd, 4319022.443, 82
Trd, 4319024.043, 108
Trd, 4319025.243, 119
Trd, 4319025.443, 86
Trd, 4319026.093, 139
Trd, 4319026.543, 70
Trd, 4319026.893, 61
Trd, 4319027.043, 61
Trd, 4319027.293, 61
Trd, 4319028.543, 60
Trd, 4319029.143, 66
Trd, 4319029.843, 87
Trd, 4319030.343, 140
Trd, 4319032.693, 140
Trd, 4319032.793, 140
Trd, 4319033.193, 140
Trd, 4319033.243, 134
Trd, 4319034.093, 124
Trd, 4319035.743, 139
Trd, 4319035.843, 139
Trd, 4319036.093, 139
Trd, 4319036.143, 138
Trd, 4319036.793, 126
Trd, 4319036.893, 118
Trd, 4319037.943, 118
Trd, 4319039.293, 66
Trd, 4319040.143, 66
Trd, 4319040.593, 62
Trd, 4319040.643, 86
Trd, 4319041.893, 62
Trd, 4319042.243, 62
Trd, 4319043.343, 65
Trd, 4319043.793, 66
Trd, 4319046.043, 64
Trd, 4319046.443, 66
Trd, 4319046.643, 63
Trd, 4319046.993, 64
Trd, 4319048.793, 61
Trd, 4319048.993, 60
Trd, 4319049.293, 66
Trd, 4319050.743, 138
Trd, 4319051.593, 138
Trd, 4319052.043, 137
Trd, 4319052.143, 119
Trd, 4319052.343, 118
Trd, 4319053.193, 105
Trd, 4319053.643, 126
Trd, 4319053.843, 140
Trd, 4319054.643, 91
Trd, 4319055.093, 90
Trd, 4319056.543, 121
Trd, 4319056.643, 112
Trd, 4319056.993, 130
Trd, 4319058.693, 140
Trd, 4319059.243, 140
Trd, 4319059.343, 139
Trd, 4319059.893, 140
Trd, 4319060.343, 140
Trd, 4319060.893, 140
Trd, 4319060.993, 124
Trd, 4319061.243, 93
Trd, 4319062.143, 63
Trd, 4319065.043, 60
Trd, 4319066.243, 60
Trd, 4319066.543, 60
Trd, 4319066.943, 62
Trd, 4319067.243, 74
Trd, 4319067.543, 63
Trd, 4319067.843, 87
Trd, 4319068.343, 66
Trd, 4319068.843, 68
Trd, 4319069.893, 65
Trd, 4319071.043, 61
Trd, 4319071.243, 63
Trd, 4319071.943, 63
Trd, 4319072.643, 61
Trd, 4319073.043, 76
Trd, 4319073.993, 65
Trd, 4319074.043, 85
Trd, 4319074.143, 61
Trd, 4319074.993, 60
Trd, 4319076.143, 139
Trd, 4319076.593, 123
Trd, 4319077.243, 62
Trd, 4319077.593, 140
Trd, 4319078.443, 60
Trd, 4319080.243, 99
Trd, 4319081.243, 126
Trd, 4319081.293, 72
Trd, 4319081.643, 138
Trd, 4319082.243, 138
Trd, 4319082.393, 138
Trd, 4319082.493, 128
Trd, 4319083.493, 125
Trd, 4319084.443, 122
Trd, 4319084.693, 121
Trd, 4319085.043, 135
Trd, 4319085.593, 140
Trd, 4319086.743, 123
Trd, 4319087.343, 138
Trd, 4319087.993, 113
Trd, 4319088.593, 94
Trd, 4319090.293, 64
Trd, 4319091.043, 68
Trd, 4319091.743, 140
Trd, 4319093.243, 130
Trd, 4319093.693, 130
Trd, 4319093.743, 129
Trd, 4319095.293, 126
Trd, 4319095.643, 137
Trd, 4319095.943, 125
Trd, 4319096.393, 125
Trd, 4319096.943, 110
Trd, 4319097.493, 101
Trd, 4319097.943, 104
Trd, 4319098.593, 136
Trd, 4319098.743, 89
Trd, 4319099.843, 140
Trd, 4319100.343, 140
Trd, 4319100.543, 140
Trd, 4319101.693, 119
Trd, 4319102.743, 137
Trd, 4319103.393, 100
Trd, 4319103.643, 119
Trd, 4319104.343, 137
Trd, 4319105.293, 138
Trd, 4319105.393, 131
Trd, 4319105.793, 110
Trd, 4319106.443, 137
Trd, 4319106.743, 63
Trd, 4319107.793, 72
Trd, 4319108.143, 80
Trd, 4319109.493, 140
Trd, 4319109.693, 140
Trd, 4319110.293, 139
Trd, 4319110.593, 116
Trd, 4319111.893, 60
Trd, 4319113.243, 63
Trd, 4319113.493, 66
Trd, 4319114.643, 60
Trd, 4319114.893, 60
Trd, 4319116.143, 108
Trd, 4319116.343, 64
Trd, 4319117.293, 61
Trd, 4319118.843, 60
Trd, 4319119.143, 67
Trd, 4319119.843, 60
Trd, 4319120.943, 63
Trd, 4319122.443, 67
Trd, 4319122.543, 66
Trd, 4319122.593, 69
Trd, 4319123.343, 75
Trd, 4319124.243, 62
Trd, 4319124.743, 80
Trd, 4319126.243, 140
Trd, 4319126.593, 76
Trd, 4319127.243, 68
Trd, 4319127.793, 118
Trd, 4319127.893, 123
Trd, 4319128.093, 69
Trd, 4319129.343, 60
Trd, 4319130.093, 60
Trd, 4319130.793, 100
Trd, 4319131.543, 136
Trd, 4319131.793, 136
Trd, 4319132.143, 139
Trd, 4319134.443, 140
Trd, 4319134.493, 140
Trd, 4319135.043, 140
Trd, 4319136.343, 134
Trd, 4319136.393, 132
Trd, 4319137.893, 140
Trd, 4319137.943, 122
Trd, 4319138.243, 123
Trd, 4319139.293, 123
Trd, 4319139.393, 122
Trd, 4319140.393, 101
Trd, 4319141.493, 130
Trd, 4319141.643, 129
Trd, 4319142.243, 139
Trd, 4319142.343, 116
Trd, 4319143.743, 140
Trd, 4319143.793, 92
Trd, 4319144.143, 90
Trd, 4319144.393, 82
Trd, 4319145.543, 137
Trd, 4319145.693, 107
Trd, 4319145.993, 71
Trd, 4319146.793, 69
Trd, 4319148.593, 140
Trd, 4319149.393, 138
Trd, 4319149.443, 116
Trd, 4319150.593, 140
Trd, 4319150.743, 140
Trd, 4319151.393, 140
Trd, 4319151.793, 136
Trd, 4319152.343, 135
Trd, 4319153.943, 114
Trd, 4319153.993, 113
Trd, 4319154.443, 77
Trd, 4319155.193, 124
Trd, 4319156.593, 140
Trd, 4319156.693, 138
Trd, 4319156.843, 134
Trd, 4319158.043, 93
Trd, 4319158.493, 99
Trd, 4319159.093, 111
Trd, 4319159.493, 94
Trd, 4319159.693, 95
Trd, 4319160.593, 95
Trd, 4319161.393, 70
Trd, 4319161.593, 122
Trd, 4319162.993, 140
Trd, 4319163.893, 140
Trd, 4319164.043, 140
Trd, 4319164.393, 139
Trd, 4319166.343, 64
Trd, 4319167.243, 140
Trd, 4319167.693, 140
Trd, 4319167.743, 139
Trd, 4319168.643, 138
Trd, 4319169.393, 140
Trd, 4319169.793, 127
Trd, 4319170.443, 68
Trd, 4319171.443, 60
Trd, 4319171.643, 60
Trd, 4319172.343, 80
Trd, 4319173.293, 61
Trd, 4319173.593, 72
Trd, 4319174.643, 60
Trd, 4319175.093, 82
Trd, 4319175.543, 98
Trd, 4319175.593, 83
Trd, 4319176.793, 84
Trd, 4319177.643, 60
Trd, 4319177.743, 63
Trd, 4319178.943, 140
Trd, 4319180.393, 140
Trd, 4319181.943, 140
Trd, 4319181.993, 140
Trd, 4319182.993, 140
Trd, 4319183.493, 140
Trd, 4319184.493, 140
Trd, 4319184.793, 126
Trd, 4319185.143, 124
Trd, 4319185.243, 91
Trd, 4319186.193, 77
Trd, 4319186.893, 125
Trd, 4319187.593, 117
Trd, 4319188.243, 99
Trd, 4319188.693, 67
Trd, 4319190.343, 138
Trd, 4319190.793, 129
Trd, 4319190.843, 119
Trd, 4319191.093, 135
Trd, 4319192.643, 95
Trd, 4319192.693, 100
Trd, 4319193.493, 61
Trd, 4319194.493, 63
Trd, 4319195.293, 62
Trd, 4319196.143, 62
Trd, 4319196.793, 64
Trd, 4319197.893, 68
Trd, 4319198.293, 91
Trd, 4319198.843, 71
Trd, 4319198.993, 69
Trd, 4319199.393, 61
Trd, 4319199.793, 105
Trd, 4319199.843, 116
Trd, 4319199.993, 63
Trd, 4319200.893, 60
Trd, 4319200.943, 90
Trd, 4319204.393, 60
Trd, 4319204.493, 61
Trd, 4319204.643, 62
Trd, 4319205.143, 76
Trd, 4319205.593, 65
Trd, 4319205.893, 65
Trd, 4319206.393, 61
Trd, 4319208.093, 97
Trd, 4319208.143, 107
Trd, 4319208.543, 79
Trd, 4319209.293, 61
Trd, 4319211.593, 60
Trd, 4319212.393, 63
Trd, 4319212.893, 61
Trd, 4319213.343, 60
Trd, 4319214.543, 104
Trd, 4319214.643, 103
Trd, 4319214.893, 94
Trd, 4319214.993, 85
Trd, 4319215.143, 76
Trd, 4319216.693, 140
Trd, 4319218.743, 74
Trd, 4319219.043, 65
Trd, 4319219.693, 62
Trd, 4319220.393, 75
Trd, 4319221.443, 62
Trd, 4319222.543, 140
Trd, 4319222.643, 139
Trd, 4319224.643, 140
Trd, 4319225.343, 139
Trd, 4319226.343, 87
Trd, 4319227.743, 139
Trd, 4319227.843, 122
Trd, 4319228.043, 139
Trd, 4319228.693, 115
Trd, 4319229.143, 100
Trd, 4319229.193, 94
Trd, 4319229.343, 111
Trd, 4319229.843, 62
Trd, 4319231.643, 71
Trd, 4319232.743, 102
Trd, 4319233.843, 136
Trd, 4319234.643, 137
Trd, 4319234.943, 109
Trd, 4319235.843, 137
Trd, 4319236.193, 126
Trd, 4319236.393, 126
Trd, 4319236.643, 111
Trd, 4319237.143, 99
Trd, 4319237.593, 140
Trd, 4319238.643, 113
Trd, 4319240.293, 140
Trd, 4319240.743, 140
Trd, 4319241.593, 139
Trd, 4319241.993, 140
Trd, 4319242.243, 124
Trd, 4319242.493, 118
Trd, 4319242.793, 127
Trd, 4319242.943, 139
Trd, 4319244.093, 126
Trd, 4319244.993, 118
Trd, 4319245.793, 94
Trd, 4319246.093, 104
Trd, 4319246.443, 71
Trd, 4319246.943, 120
Trd, 4319247.793, 77
Trd, 4319249.443, 139
Trd, 4319250.243, 140
Trd, 4319250.293, 140
Trd, 4319250.943, 132
Trd, 4319251.343, 120
Trd, 4319251.943, 87
Trd, 4319252.393, 78
Trd, 4319252.693, 140
Trd, 4319253.243, 87
Trd, 4319254.093, 139
Trd, 4319254.243, 140
Trd, 4319255.743, 140
Trd, 4319257.393, 140
Trd, 4319257.593, 140
Trd, 4319258.143, 120
Trd, 4319259.443, 121
Trd, 4319259.543, 121
Trd, 4319259.893, 120
Trd, 4319260.343, 119
Trd, 4319260.743, 117
Trd, 4319261.843, 74
Trd, 4319261.943, 124
Trd, 4319262.543, 136
Trd, 4319263.493, 100
Trd, 4319263.543, 98
Trd, 4319263.693, 96
Trd, 4319264.293, 65
Trd, 4319265.743, 118
Trd, 4319266.343, 90
Trd, 4319268.443, 140
Trd, 4319268.893, 140
Trd, 4319269.043, 129
Trd, 4319269.893, 140
Trd, 4319269.993, 115
Trd, 4319270.343, 113
Trd, 4319271.293, 137
Trd, 4319271.593, 112
Trd, 4319272.093, 66
Trd, 4319273.093, 63
Trd, 4319273.843, 99
Trd, 4319274.543, 138
Trd, 4319274.693, 91
Trd, 4319274.943, 87
Trd, 4319275.843, 140
Trd, 4319277.243, 67
Trd, 4319278.443, 61
Trd, 4319278.843, 77
Trd, 4319280.193, 64
Trd, 4319281.093, 61
Trd, 4319281.143, 67
Trd, 4319283.243, 140
Trd, 4319283.943, 140
Trd, 4319284.293, 140
Trd, 4319284.393, 137
Trd, 4319284.493, 124
Trd, 4319285.743, 139
Trd, 4319286.093, 140
Trd, 4319286.443, 137
Trd, 4319287.543, 102
Trd, 4319288.193, 77
Trd, 4319288.593, 98
Trd, 4319288.993, 110
Trd, 4319290.393, 71
Trd, 4319291.593, 61
Trd, 4319291.893, 61
Trd, 4319292.893, 61
Trd, 4319293.343, 62
Trd, 4319294.043, 61
Trd, 4319294.143, 72
Trd, 4319295.743, 139
Trd, 4319295.793, 138
Trd, 4319295.993, 140
Trd, 4319297.793, 105
Trd, 4319298.343, 85
Trd, 4319298.993, 71
Trd, 4319299.293, 83
Trd, 4319299.893, 84
Trd, 4319299.943, 98
Trd, 4319300.243, 106
Trd, 4319301.143, 82
Trd, 4319301.743, 140
Trd, 4319302.443, 140
Trd, 4319303.393, 139
Trd, 4319304.043, 95
Trd, 4319305.093, 93
Trd, 4319305.443, 97
Trd, 4319305.643, 60
Trd, 4319306.793, 69
Trd, 4319308.643, 61
Trd, 4319309.293, 62
Trd, 4319309.493, 60
Trd, 4319310.243, 67
Trd, 4319311.443, 64
Trd, 4319311.743, 67
Trd, 4319312.593, 64
Trd, 4319313.193, 69
Trd, 4319314.293, 63
Trd, 4319314.843, 62
Trd, 4319315.143, 140
Trd, 4319315.743, 140
Trd, 4319316.043, 100
Trd, 4319316.443, 82
Trd, 4319316.943, 116
Trd, 4319317.743, 82
Trd, 4319317.993, 82
Trd, 4319318.843, 135
Trd, 4319319.093, 122
Trd, 4319319.143, 120
Trd, 4319319.793, 107
Trd, 4319321.643, 108
Trd, 4319321.743, 106
Trd, 4319322.193, 80
Trd, 4319322.543, 70
Trd, 4319323.093, 60
Trd, 4319323.793, 140
Trd, 4319324.743, 140
Trd, 4319325.393, 93
Trd, 4319325.943, 61
Trd, 4319326.393, 61
Trd, 4319326.993, 93
Trd, 4319327.643, 139
Trd, 4319327.843, 94
Trd, 4319327.993, 63
Trd, 4319328.693, 140
Trd, 4319329.943, 131
Trd, 4319330.293, 129
Trd, 4319330.993, 120
Trd, 4319331.143, 98
Trd, 4319331.743, 60
Trd, 4319333.193, 64
Trd, 4319333.393, 64
Trd, 4319334.793, 60
Trd, 4319335.593, 72
Trd, 4319336.293, 79
Trd, 4319337.043, 71
Trd, 4319337.643, 74
Trd, 4319337.893, 75
Trd, 4319338.293, 109
Trd, 4319339.893, 140
Trd, 4319340.593, 140
Trd, 4319340.943, 140
Trd, 4319340.993, 140
Trd, 4319341.193, 140
Trd, 4319342.393, 140
Trd, 4319342.943, 133
Trd, 4319343.443, 125
Trd, 4319343.793, 133
Trd, 4319344.543, 140
Trd, 4319344.743, 139
Trd, 4319344.793, 138
Trd, 4319345.343, 106
Trd, 4319347.843, 95
Trd, 4319348.193, 134
Trd, 4319348.593, 97
Trd, 4319349.193, 134
Trd, 4319349.593, 133
Trd, 4319350.243, 94
Trd, 4319351.743, 62
Trd, 4319351.793, 62
Trd, 4319352.543, 123
Trd, 4319352.593, 113
Trd, 4319352.843, 89
Trd, 4319354.343, 63
Trd, 4319354.993, 63
Trd, 4319355.743, 90
Trd, 4319355.993, 68
Trd, 4319356.793, 86
Trd, 4319356.993, 139
Trd, 4319357.193, 114
Trd, 4319359.143, 113
Trd, 4319359.793, 65
Trd, 4319360.243, 62
Trd, 4319360.793, 76
Trd, 4319362.943, 74
Trd, 4319363.043, 73
Trd, 4319363.293, 75
Trd, 4319364.093, 73
Trd, 4319364.293, 87
Trd, 4319365.743, 140
Trd, 4319365.843, 75
Trd, 4319366.093, 75
Trd, 4319366.243, 74
Trd, 4319366.493, 73
Trd, 4319368.593, 63
Trd, 4319369.343, 61
Trd, 4319371.293, 61
Trd, 4319371.543, 61
Trd, 4319371.643, 62
Trd, 4319372.443, 63
Trd, 4319373.493, 65
Trd, 4319375.593, 60
Trd, 4319375.743, 63
Trd, 4319376.393, 66
Trd, 4319376.743, 61
Trd, 4319376.893, 64
Trd, 4319377.493, 83
Trd, 4319377.943, 93
Trd, 4319379.093, 108
Trd, 4319379.443, 74
Trd, 4319379.993, 73
Trd, 4319380.993, 60
Trd, 4319381.843, 107
Trd, 4319382.593, 140
Trd, 4319383.393, 140
Trd, 4319383.743, 140
Trd, 4319383.843, 110
Trd, 4319384.093, 62
Trd, 4319384.493, 78
Trd, 4319385.093, 77
Trd, 4319385.943, 139
Trd, 4319386.493, 125
Trd, 4319387.093, 134
Trd, 4319387.643, 63
Trd, 4319389.193, 65
Trd, 4319389.793, 66
Trd, 4319391.343, 61
Trd, 4319392.193, 63
Trd, 4319392.293, 63
Trd, 4319392.543, 62
Trd, 4319392.893, 60
Trd, 4319393.693, 130
Trd, 4319394.893, 61
Trd, 4319395.643, 60
Trd, 4319397.043, 60
Trd, 4319397.343, 60
Trd, 4319397.643, 125
Trd, 4319399.443, 61
Trd, 4319399.493, 66
Trd, 4319399.693, 123
Trd, 4319400.393, 79
Trd, 4319401.493, 81
Trd, 4319401.743, 80
Trd, 4319401.843, 74
Trd, 4319402.543, 62
Trd, 4319402.993, 73
Trd, 4319403.743, 62
Trd, 4319404.843, 78
Trd, 4319406.393, 140
Trd, 4319406.593, 140
Trd, 4319406.743, 113
Trd, 4319407.943, 63
Trd, 4319409.243, 61
Trd, 4319410.793, 60
Trd, 4319411.543, 61
Trd, 4319412.593, 66
Trd, 4319413.293, 60
Trd, 4319413.543, 68
Trd, 4319414.243, 66
Trd, 4319414.543, 65
Trd, 4319415.093, 86
Trd, 4319415.143, 85
Trd, 4319415.893, 69
Trd, 4319417.843, 60
Trd, 4319418.143, 61
Trd, 4319418.443, 64
Trd, 4319418.593, 73
Trd, 4319418.943, 139
Trd, 4319419.193, 117
Trd, 4319420.993, 66
Trd, 4319421.343, 135
Trd, 4319421.993, 67
Trd, 4319422.543, 140
Trd, 4319422.843, 68
Trd, 4319422.943, 67
Trd, 4319424.293, 95
Trd, 4319424.743, 91
Trd, 4319425.143, 99
Trd, 4319425.293, 90
Trd, 4319426.893, 61
Trd, 4319427.293, 62
Trd, 4319427.443, 94
Trd, 4319429.243, 63
Trd, 4319430.043, 65
Trd, 4319430.943, 68
Trd, 4319431.093, 62
Trd, 4319431.193, 67
Trd, 4319431.843, 140
Trd, 4319432.243, 135
Trd, 4319433.793, 80
Trd, 4319434.493, 96
Trd, 4319434.843, 67
Trd, 4319435.343, 60
Trd, 4319436.793, 66
Trd, 4319437.893, 74
Trd, 4319438.793, 139
Trd, 4319438.943, 125
Trd, 4319439.293, 122
Trd, 4319440.093, 140
Trd, 4319440.593, 140
Trd, 4319441.543, 140
Trd, 4319442.143, 140
Trd, 4319442.743, 140
Trd, 4319442.793, 116
Trd, 4319443.193, 63
Trd, 4319443.843, 117
Trd, 4319443.943, 116
Trd, 4319444.993, 98
Trd, 4319445.643, 63
Trd, 4319445.843, 60
Trd, 4319445.943, 61
Trd, 4319448.743, 62
Trd, 4319449.593, 62
Trd, 4319449.693, 64
Trd, 4319449.843, 103
Trd, 4319450.293, 113
Trd, 4319450.493, 104
Trd, 4319452.093, 105
Trd, 4319452.543, 102
Trd, 4319452.743, 94
Trd, 4319453.843, 60
Trd, 4319455.293, 135
Trd, 4319455.793, 131
Trd, 4319455.993, 95
Trd, 4319456.443, 140
Trd, 4319456.843, 128
Trd, 4319457.493, 132
Trd, 4319458.993, 102
Trd, 4319459.043, 112
Trd, 4319459.393, 102
Trd, 4319460.193, 96
Trd, 4319460.643, 85
Trd, 4319461.343, 83
Trd, 4319463.343, 136
Trd, 4319463.493, 135
Trd, 4319465.343, 140
Trd, 4319467.443, 138
Trd, 4319467.493, 137
Trd, 4319467.893, 120
Trd, 4319467.943, 115
Trd, 4319469.043, 139
Trd, 4319469.243, 112
Trd, 4319469.793, 67
Trd, 4319470.093, 61
Trd, 4319470.493, 140
Trd, 4319472.043, 79
Trd, 4319472.443, 78
Trd, 4319474.193, 139
Trd, 4319475.143, 140
Trd, 4319475.743, 140
Trd, 4319475.893, 140
Trd, 4319476.443, 140
Trd, 4319476.993, 140
Trd, 4319477.393, 133
Trd, 4319478.643, 122
Trd, 4319479.693, 140
Trd, 4319479.793, 123
Trd, 4319480.343, 111
Trd, 4319481.043, 105
Trd, 4319481.943, 60
Trd, 4319481.993, 71
Trd, 4319482.093, 63
Trd, 4319482.893, 106
Trd, 4319483.343, 86
Trd, 4319484.093, 88
Trd, 4319484.593, 126
Trd, 4319485.243, 78
Trd, 4319485.443, 76
Trd, 4319486.393, 87
Trd, 4319486.693, 63
Trd, 4319487.593, 73
Trd, 4319487.643, 65
Trd, 4319488.943, 84
Trd, 4319489.693, 140
Trd, 4319490.243, 71
Trd, 4319491.293, 60
Trd, 4319491.743, 140
Trd, 4319491.843, 140
Trd, 4319494.393, 60
Trd, 4319494.843, 61
Trd, 4319495.093, 64
Trd, 4319495.493, 60
Trd, 4319495.643, 66
Trd, 4319496.793, 73
Trd, 4319497.293, 100
Trd, 4319498.743, 60
Trd, 4319498.943, 62
Trd, 4319500.043, 60
Trd, 4319500.793, 65
Trd, 4319501.243, 78
Trd, 4319501.293, 60
Trd, 4319501.643, 64
Trd, 4319502.843, 89
Trd, 4319503.193, 83
Trd, 4319504.343, 125
Trd, 4319505.743, 103
Trd, 4319506.093, 94
Trd, 4319506.243, 65
Trd, 4319506.493, 66
Trd, 4319507.143, 66
Trd, 4319507.793, 139
Trd, 4319508.293, 121
Trd, 4319509.043, 140
Trd, 4319509.793, 140
Trd, 4319509.843, 140
Trd, 4319510.243, 132
Trd, 4319510.793, 88
Trd, 4319512.093, 140
Trd, 4319512.143, 111
Trd, 4319512.493, 107
Trd, 4319513.293, 140
Trd, 4319513.643, 140
Trd, 4319513.743, 130
Trd, 4319516.243, 111
Trd, 4319516.343, 109
Trd, 4319516.493, 107
Trd, 4319516.993, 82
Trd, 4319517.743, 80
Trd, 4319517.843, 100
Trd, 4319518.693, 140
Trd, 4319520.743, 110
Trd, 4319521.543, 137
Trd, 4319521.693, 136
Trd, 4319521.893, 120
Trd, 4319521.993, 111
Trd, 4319522.943, 108
Trd, 4319524.493, 128
Trd, 4319525.043, 120
Trd, 4319525.093, 119
Trd, 4319525.443, 118
Trd, 4319526.493, 135
Trd, 4319526.693, 134
Trd, 4319527.093, 87
Trd, 4319527.343, 97
Trd, 4319527.493, 132
Trd, 4319528.543, 60
Trd, 4319529.593, 62
Trd, 4319529.793, 67
Trd, 4319530.193, 105
Trd, 4319530.743, 140
Trd, 4319532.343, 60
Trd, 4319532.593, 73
Trd, 4319533.393, 63
Trd, 4319534.593, 66
Trd, 4319534.643, 110
Trd, 4319534.743, 64
Trd, 4319535.143, 70
Trd, 4319535.243, 60
Trd, 4319535.693, 66
Trd, 4319536.743, 139
Trd, 4319538.143, 140
Trd, 4319538.543, 116
Trd, 4319538.643, 75
Trd, 4319539.143, 63
Trd, 4319540.293, 140
Trd, 4319540.593, 140
Trd, 4319541.043, 128
Trd, 4319541.443, 96
Trd, 4319541.493, 71
Trd, 4319542.343, 140
Trd, 4319543.143, 140
Trd, 4319544.193, 140
Trd, 4319545.643, 140
Trd, 4319545.743, 139
Trd, 4319546.043, 128
Trd, 4319546.693, 110
Trd, 4319546.893, 108
Trd, 4319547.543, 120
Trd, 4319548.243, 108
Trd, 4319548.843, 108
Trd, 4319548.943, 96
Trd, 4319549.693, 101
Trd, 4319550.393, 93
Trd, 4319551.593, 140
Trd, 4319552.943, 140
Trd, 4319553.193, 140
Trd, 4319555.443, 140
Trd, 4319555.793, 140
Trd, 4319556.143, 138
Trd, 4319556.893, 117
Trd, 4319557.293, 140
Trd, 4319557.793, 88
Trd, 4319558.143, 86
Trd, 4319558.193, 81
Trd, 4319559.343, 108
Trd, 4319559.643, 96
Trd, 4319561.243, 140
Trd, 4319561.843, 140
Trd, 4319563.143, 140
Trd, 4319563.243, 140
Trd, 4319563.743, 91
Trd, 4319564.793, 140
Trd, 4319564.993, 140
Trd, 4319565.043, 139
Trd, 4319566.243, 112
Trd, 4319566.643, 109
Trd, 4319567.743, 140
Trd, 4319568.843, 140
Trd, 4319569.643, 121
Trd, 4319569.743, 119
Trd, 4319570.143, 140
Trd, 4319570.943, 102
Trd, 4319571.593, 116
Trd, 4319572.093, 128
Trd, 4319573.543, 140
Trd, 4319573.743, 140
Trd, 4319574.543, 130
Trd, 4319575.143, 130
Trd, 4319575.293, 102
Trd, 4319577.443, 140
Trd, 4319577.543, 138
Trd, 4319578.593, 126
Trd, 4319579.243, 138
Trd, 4319579.293, 102
Trd, 4319579.643, 130
Trd, 4319580.293, 116
Trd, 4319580.693, 94
Trd, 4319580.893, 89
Trd, 4319580.943, 88
Trd, 4319581.793, 87
Trd, 4319583.043, 66
Trd, 4319585.593, 61
Trd, 4319585.793, 72
Trd, 4319586.993, 60
Trd, 4319587.993, 61
Trd, 4319588.093, 62
Trd, 4319588.943, 70
Trd, 4319589.543, 81
Trd, 4319589.943, 61
Trd, 4319590.943, 60
Trd, 4319591.743, 60
Trd, 4319591.843, 68
Trd, 4319592.293, 69
Trd, 4319593.243, 73
Trd, 4319593.693, 65
Trd, 4319594.793, 116
Trd, 4319595.193, 115
Trd, 4319595.293, 112
Trd, 4319595.543, 95
Trd, 4319596.443, 60
Trd, 4319598.743, 60
Trd, 4319598.893, 79
Trd, 4319599.743, 65
Trd, 4319601.243, 62
Trd, 4319601.993, 61
Trd, 4319602.043, 72
Trd, 4319602.443, 61
Trd, 4319602.943, 77
Trd, 4319603.593, 61
Trd, 4319603.943, 64
Trd, 4319604.143, 86
Trd, 4319604.643, 94
Trd, 4319606.343, 60
Trd, 4319608.193, 60
Trd, 4319608.693, 61
Trd, 4319608.743, 64
Trd, 4319611.543, 60
Trd, 4319611.643, 62
Trd, 4319611.893, 65
Trd, 4319612.143, 66
Trd, 4319612.493, 62
Trd, 4319612.993, 64
Trd, 4319613.343, 65
Trd, 4319614.243, 63
Trd, 4319615.893, 140
Trd, 4319616.343, 140
Trd, 4319616.693, 140
Trd, 4319616.843, 139
Trd, 4319616.893, 63
Trd, 4319617.493, 60
Trd, 4319618.043, 63
Trd, 4319618.143, 65
Trd, 4319619.593, 60
Trd, 4319621.143, 61
Trd, 4319622.593, 61
Trd, 4319622.693, 63
Trd, 4319623.043, 135
Trd, 4319623.793, 64
Trd, 4319624.493, 62
Trd, 4319625.243, 63
Trd, 4319625.443, 99
Trd, 4319626.393, 64
Trd, 4319626.593, 63
Trd, 4319626.693, 72
Trd, 4319627.693, 62
Trd, 4319628.343, 139
Trd, 4319630.093, 64
Trd, 4319631.043, 88
Trd, 4319631.293, 116
Trd, 4319631.343, 115
Trd, 4319631.643, 85
Trd, 4319632.943, 127
Trd, 4319633.443, 87
Trd, 4319634.393, 140
Trd, 4319634.693, 128
Trd, 4319635.043, 139
Trd, 4319635.743, 118
Trd, 4319636.093, 117
Trd, 4319636.793, 116
Trd, 4319637.543, 117
Trd, 4319638.543, 123
Trd, 4319638.693, 122
Trd, 4319638.793, 113
Trd, 4319639.343, 128
Trd, 4319639.843, 97
Trd, 4319640.693, 140
Trd, 4319641.443, 140
Trd, 4319642.993, 139
Trd, 4319643.593, 127
Trd, 4319643.693, 77
Trd, 4319644.193, 73
Trd, 4319645.243, 63
Trd, 4319647.343, 71
Trd, 4319648.593, 62
Trd, 4319648.793, 65
Trd, 4319650.043, 60
Trd, 4319651.443, 64
Trd, 4319651.593, 60
Trd, 4319652.343, 62
Trd, 4319652.493, 64
Trd, 4319653.243, 61
Trd, 4319653.393, 68
Trd, 4319654.593, 62
Trd, 4319655.143, 61
Trd, 4319655.743, 62
Trd, 4319656.343, 138
Trd, 4319657.093, 79
Trd, 4319657.493, 78
Trd, 4319658.143, 68
Trd, 4319659.593, 76
Trd, 4319660.043, 117
Trd, 4319660.343, 77
Trd, 4319660.943, 108
Trd, 4319661.593, 114
Trd, 4319662.093, 108
Trd, 4319662.993, 112
Trd, 4319663.093, 109
Trd, 4319663.343, 94
Trd, 4319664.243, 64
Trd, 4319665.643, 79
Trd, 4319666.993, 72
Trd, 4319668.293, 60
Trd, 4319668.793, 60
Trd, 4319668.943, 107
Trd, 4319669.593, 127
Trd, 4319670.343, 140
Trd, 4319670.643, 140
Trd, 4319671.543, 140
Trd, 4319671.643, 123
Trd, 4319672.193, 62
Trd, 4319672.743, 109
Trd, 4319672.943, 67
Trd, 4319674.443, 89
Trd, 4319674.843, 131
Trd, 4319674.993, 81
Trd, 4319675.193, 80
Trd, 4319676.093, 140
Trd, 4319677.343, 93
Trd, 4319677.643, 138
Trd, 4319678.243, 60
Trd, 4319678.793, 60
Trd, 4319679.793, 61
Trd, 4319681.093, 60
Trd, 4319681.343, 62
Trd, 4319682.943, 60
Trd, 4319683.443, 139
Trd, 4319684.793, 129
Trd, 4319685.293, 128
Trd, 4319685.343, 127
Trd, 4319687.343, 140
Trd, 4319687.693, 140
Trd, 4319687.843, 112
Trd, 4319688.293, 65
Trd, 4319688.593, 109
Trd, 4319690.043, 105
Trd, 4319690.293, 62
Trd, 4319691.093, 132
Trd, 4319691.243, 139
Trd, 4319691.993, 62
Trd, 4319692.693, 88
Trd, 4319693.193, 63
Trd, 4319693.243, 60
Trd, 4319694.243, 87
Trd, 4319695.043, 95
Trd, 4319696.243, 60
Trd, 4319697.093, 139
Trd, 4319697.393, 134
Trd, 4319698.493, 132
Trd, 4319698.893, 140
Trd, 4319699.343, 140
Trd, 4319699.393, 140
Trd, 4319699.643, 104
Trd, 4319700.293, 107
Trd, 4319700.793, 122
Trd, 4319700.993, 121
Trd, 4319701.443, 137
Trd, 4319702.793, 129
Trd, 4319703.593, 128
Trd, 4319703.643, 114
Trd, 4319703.743, 101
Trd, 4319704.943, 137
Trd, 4319706.193, 67
Trd, 4319707.993, 62
Trd, 4319708.293, 132
Trd, 4319708.593, 63
Trd, 4319709.093, 92
Trd, 4319709.893, 67
Trd, 4319710.293, 119
Trd, 4319711.243, 76
Trd, 4319712.243, 68
Trd, 4319712.543, 67
Trd, 4319712.693, 65
Trd, 4319713.343, 96
Trd, 4319714.343, 98
Trd, 4319715.643, 61
Trd, 4319716.093, 129
Trd, 4319716.893, 116
Trd, 4319717.593, 115
Trd, 4319718.043, 137
Trd, 4319718.293, 115
Trd, 4319718.693, 139
Trd, 4319719.043, 113
Trd, 4319719.943, 106
Trd, 4319720.343, 80
Trd, 4319721.543, 102
Trd, 4319722.143, 140
Trd, 4319722.643, 64
Trd, 4319723.693, 111
Trd, 4319724.093, 124
Trd, 4319724.893, 100
Trd, 4319725.143, 113
Trd, 4319725.293, 97
Trd, 4319726.593, 100
Trd, 4319727.393, 123
Trd, 4319727.443, 122
Trd, 4319728.293, 140
Trd, 4319729.493, 140
Trd, 4319729.743, 140
Trd, 4319730.443, 125
Trd, 4319730.993, 82
Trd, 4319731.193, 79
Trd, 4319732.943, 136
Trd, 4319733.293, 138
Trd, 4319734.143, 111
Trd, 4319734.293, 92
Trd, 4319734.593, 140
Trd, 4319735.593, 102
Trd, 4319736.393, 83
Trd, 4319736.593, 90
Trd, 4319736.793, 89
Trd, 4319736.843, 82
Trd, 4319738.743, 140
Trd, 4319738.893, 138
Trd, 4319739.143, 115
Trd, 4319739.793, 137
Trd, 4319741.443, 134
Trd, 4319742.043, 111
Trd, 4319742.193, 110
Trd, 4319743.243, 98
Trd, 4319743.593, 102
Trd, 4319743.643, 139
Trd, 4319744.943, 127
Trd, 4319745.693, 139
Trd, 4319747.393, 140
Trd, 4319747.993, 120
Trd, 4319748.093, 108
Trd, 4319748.343, 101
Trd, 4319749.093, 117
Trd, 4319750.143, 139
Trd, 4319750.343, 138
Trd, 4319750.693, 116
Trd, 4319751.593, 71
Trd, 4319751.843, 137
Trd, 4319752.743, 115
Trd, 4319753.293, 61
Trd, 4319754.143, 63
Trd, 4319754.943, 62
Trd, 4319755.443, 60
Trd, 4319756.193, 129
Trd, 4319757.093, 114
Trd, 4319758.143, 114
Trd, 4319758.243, 109
Trd, 4319758.793, 120
Trd, 4319759.493, 113
Trd, 4319759.643, 111
Trd, 4319759.793, 124
Trd, 4319759.843, 94
Trd, 4319761.193, 140
Trd, 4319761.793, 139
Trd, 4319762.443, 140
Trd, 4319762.743, 137
Trd, 4319763.593, 79
Trd, 4319764.393, 95
Trd, 4319766.093, 69
Trd, 4319767.393, 114
Trd, 4319767.593, 100
Trd, 4319768.743, 100
Trd, 4319769.343, 139
Trd, 4319769.493, 99
Trd, 4319769.843, 97
Trd, 4319770.693, 62
Trd, 4319771.693, 73
Trd, 4319771.743, 70
Trd, 4319773.793, 140
Trd, 4319774.193, 140
Trd, 4319774.493, 140
Trd, 4319775.693, 140
Trd, 4319776.143, 135
Trd, 4319776.293, 107
Trd, 4319777.543, 109
Trd, 4319777.993, 103
Trd, 4319778.593, 102
Trd, 4319778.693, 90
Trd, 4319780.393, 61
Trd, 4319780.743, 63
Trd, 4319781.693, 139
Trd, 4319782.193, 80
Trd, 4319782.993, 67
Trd, 4319783.443, 71
Trd, 4319784.343, 68
Trd, 4319785.393, 140
Trd, 4319786.043, 140
Trd, 4319786.393, 140
Trd, 4319786.443, 124
Trd, 4319786.543, 90
Trd, 4319786.793, 70
Trd, 4319786.993, 140
Trd, 4319788.743, 94
Trd, 4319789.393, 64
Trd, 4319791.893, 61
Trd, 4319792.143, 61
Trd, 4319792.743, 65
Trd, 4319792.943, 67
Trd, 4319793.843, 67
Trd, 4319794.693, 104
Trd, 4319794.893, 139
Trd, 4319795.193, 69
Trd, 4319795.693, 130
Trd, 4319797.493, 72
Trd, 4319797.643, 123
Trd, 4319797.693, 69
Trd, 4319798.543, 110
Trd, 4319798.643, 67
Trd, 4319799.293, 103
Trd, 4319800.743, 140
Trd, 4319801.093, 124
Trd, 4319802.493, 138
Trd, 4319802.843, 117
Trd, 4319802.893, 116
Trd, 4319803.143, 115
Trd, 4319804.543, 102
Trd, 4319805.143, 140
Trd, 4319805.793, 124
Trd, 4319807.093, 140
Trd, 4319807.393, 140
Trd, 4319807.893, 140
Trd, 4319808.193, 114
Trd, 4319808.843, 119
Trd, 4319808.993, 110
Trd, 4319809.893, 140
Trd, 4319812.493, 117
Trd, 4319812.743, 113
Trd, 4319812.793, 112
Trd, 4319812.943, 84
Trd, 4319813.143, 83
Trd, 4319813.293, 82
Trd, 4319813.343, 68
Trd, 4319814.143, 62
Trd, 4319814.643, 62
Trd, 4319816.343, 61
Trd, 4319816.393, 68
Trd, 4319818.643, 64
Trd, 4319819.743, 60
Trd, 4319819.793, 67
Trd, 4319820.893, 84
Trd, 4319821.743, 108
Trd, 4319822.643, 96
Trd, 4319823.043, 136
Trd, 4319823.643, 135
Trd, 4319823.943, 124
Trd, 4319824.143, 86
Trd, 4319824.393, 140
Trd, 4319826.343, 131
Trd, 4319826.493, 130
Trd, 4319826.593, 124
Trd, 4319827.293, 122
Trd, 4319828.793, 140
Trd, 4319829.193, 139
Trd, 4319829.393, 138
Trd, 4319829.593, 69
Trd, 4319830.343, 112
Trd, 4319831.093, 138
Trd, 4319832.543, 125
Trd, 4319832.643, 124
Trd, 4319833.193, 123
Trd, 4319833.893, 112
Trd, 4319834.143, 120
Trd, 4319834.193, 107
Trd, 4319835.043, 60
Trd, 4319836.493, 65
Trd, 4319836.693, 67
Trd, 4319837.093, 60
Trd, 4319837.893, 140
Trd, 4319838.043, 66
Trd, 4319838.943, 62
Trd, 4319839.843, 61
Trd, 4319839.993, 66
Trd, 4319840.543, 118
Trd, 4319841.793, 90
Trd, 4319843.593, 140
Trd, 4319843.643, 140
Trd, 4319843.743, 139
Trd, 4319845.443, 140
Trd, 4319845.643, 140
Trd, 4319845.693, 140
Trd, 4319845.893, 135
Trd, 4319846.543, 114
Trd, 4319847.143, 119
Trd, 4319847.393, 96
Trd, 4319847.743, 63
Trd, 4319848.193, 60
Trd, 4319848.393, 138
Trd, 4319850.843, 60
Trd, 4319851.643, 63
Trd, 4319852.393, 60
Trd, 4319852.693, 63
Trd, 4319853.843, 139
Trd, 4319854.343, 129
Trd, 4319854.593, 134
Trd, 4319855.893, 96
Trd, 4319856.843, 81
Trd, 4319856.943, 63
Trd, 4319857.243, 140
Trd, 4319857.943, 140
Trd, 4319858.043, 139
Trd, 4319858.793, 94
Trd, 4319859.393, 82
Trd, 4319860.293, 80
Trd, 4319860.393, 114
Trd, 4319861.043, 80
Trd, 4319862.793, 139
Trd, 4319863.243, 137
Trd, 4319863.943, 132
Trd, 4319863.993, 119
Trd, 4319864.343, 136
Trd, 4319864.793, 100
Trd, 4319865.793, 89
Trd, 4319867.243, 140
Trd, 4319867.493, 140
Trd, 4319868.043, 129
Trd, 4319869.443, 140
Trd, 4319870.043, 140
Trd, 4319870.143, 118
Trd, 4319870.443, 71
Trd, 4319870.793, 70
Trd, 4319872.043, 61
Trd, 4319873.143, 124
Trd, 4319873.343, 139
Trd, 4319873.593, 116
Trd, 4319874.543, 120
Trd, 4319874.593, 119
Trd, 4319875.343, 62
Trd, 4319875.793, 64
Trd, 4319878.093, 62
Trd, 4319878.793, 80
Trd, 4319879.193, 61
Trd, 4319879.393, 64
Trd, 4319879.693, 90
Trd, 4319880.443, 67
Trd, 4319883.643, 140
Trd, 4319883.943, 139
Trd, 4319884.743, 129
Trd, 4319885.043, 128
Trd, 4319885.593, 118
Trd, 4319885.693, 117
Trd, 4319886.393, 113
Trd, 4319886.593, 81
Trd, 4319887.843, 79
Trd, 4319888.893, 140
Trd, 4319889.393, 140
Trd, 4319890.343, 140
Trd, 4319891.143, 97
Trd, 4319892.093, 76
Trd, 4319893.343, 76
Trd, 4319893.443, 62
Trd, 4319895.693, 126
Trd, 4319895.793, 139
Trd, 4319896.243, 120
Trd, 4319896.793, 119
Trd, 4319897.093, 109
Trd, 4319897.193, 140
Trd, 4319897.393, 103
Trd, 4319897.893, 92
Trd, 4319898.793, 64
Trd, 4319899.943, 129
Trd, 4319900.593, 65
Trd, 4319901.543, 132
Trd, 4319901.843, 75
Trd, 4319902.143, 62
Trd, 4319903.643, 118
Trd, 4319904.143, 117
Trd, 4319905.193, 61
Trd, 4319906.443, 140
Trd, 4319907.193, 126
Trd, 4319907.993, 122
Trd, 4319909.143, 140
Trd, 4319909.193, 139
Trd, 4319909.443, 135
Trd, 4319909.743, 111
Trd, 4319910.143, 123
Trd, 4319910.343, 132
Trd, 4319910.943, 123
Trd, 4319911.343, 122
Trd, 4319913.493, 113
Trd, 4319913.593, 109
Trd, 4319913.693, 118
Trd, 4319914.143, 137
Trd, 4319914.293, 131
Trd, 4319915.293, 139
Trd, 4319915.693, 123
Trd, 4319916.143, 135
Trd, 4319917.243, 139
Trd, 4319919.543, 138
Trd, 4319919.593, 137
Trd, 4319920.093, 137
Trd, 4319920.193, 136
Trd, 4319921.243, 139
Trd, 4319921.393, 123
Trd, 4319922.143, 138
Trd, 4319922.493, 137
Trd, 4319923.093, 140
Trd, 4319923.293, 131
Trd, 4319924.243, 99
Trd, 4319925.643, 140
Trd, 4319926.543, 140
Trd, 4319926.893, 140
Trd, 4319927.993, 140
Trd, 4319928.093, 140
Trd, 4319928.293, 112
Trd, 4319928.593, 100
Trd, 4319929.493, 89
Trd, 4319931.343, 139
Trd, 4319931.593, 140
Trd, 4319932.743, 61
Trd, 4319932.893, 61
Trd, 4319933.343, 66
Trd, 4319933.943, 94
Trd, 4319935.543, 61
Trd, 4319935.593, 65
Trd, 4319936.743, 68
Trd, 4319937.193, 62
Trd, 4319937.593, 66
Trd, 4319938.793, 61
Trd, 4319940.043, 60
Trd, 4319940.693, 64
Trd, 4319942.193, 61
Trd, 4319943.393, 62
Trd, 4319943.543, 62
Trd, 4319944.693, 140
Trd, 4319944.793, 140
Trd, 4319945.193, 140
Trd, 4319945.793, 87
Trd, 4319946.093, 85
Trd, 4319946.493, 100
Trd, 4319946.543, 122
Trd, 4319947.243, 103
Trd, 4319947.743, 74
Trd, 4319949.093, 115
Trd, 4319949.993, 62
Trd, 4319950.393, 61
Trd, 4319951.043, 60
Trd, 4319951.643, 106
Trd, 4319951.793, 124
Trd, 4319951.843, 106
Trd, 4319952.193, 76
Trd, 4319953.393, 61
Trd, 4319953.643, 69
Trd, 4319954.893, 63
Trd, 4319955.143, 61
Trd, 4319955.693, 60
Trd, 4319957.043, 131
Trd, 4319957.093, 130
Trd, 4319957.443, 118
Trd, 4319958.243, 111
Trd, 4319958.593, 112
Trd, 4319959.893, 140
Trd, 4319960.443, 140
Trd, 4319960.943, 140
Trd, 4319961.043, 124
Trd, 4319962.293, 140
Trd, 4319963.193, 115
Trd, 4319963.843, 119
Trd, 4319964.343, 140
Trd, 4319964.993, 140
Trd, 4319965.693, 138
Trd, 4319965.793, 124
Trd, 4319966.443, 121
Trd, 4319967.193, 113
Trd, 4319968.493, 140
Trd, 4319969.793, 140
Trd, 4319970.843, 140
Trd, 4319971.243, 140
Trd, 4319971.543, 135
Trd, 4319972.193, 79
Trd, 4319972.543, 140
Trd, 4319972.893, 120
Trd, 4319974.293, 111
Trd, 4319975.093, 140
Trd, 4319975.193, 93
Trd, 4319976.143, 127
Trd, 4319976.693, 93
Trd, 4319977.443, 93
Trd, 4319977.593, 85
Trd, 4319978.193, 75
Trd, 4319979.193, 140
Trd, 4319979.743, 138
Trd, 4319980.143, 118
Trd, 4319980.443, 116
Trd, 4319980.943, 140
Trd, 4319982.093, 115
Trd, 4319982.593, 114
Trd, 4319982.743, 113
Trd, 4319984.843, 104
Trd, 4319985.843, 60
Trd, 4319986.493, 64
Trd, 4319986.743, 62
Trd, 4319987.693, 63
Trd, 4319987.993, 124
Trd, 4319988.243, 66
Trd, 4319988.443, 82
Trd, 4319988.593, 81
Trd, 4319988.693, 62
Trd, 4319990.243, 139
Trd, 4319991.493, 139
Trd, 4319992.293, 140
Trd, 4319992.693, 114
Trd, 4319993.193, 140
Trd, 4319993.693, 102
Trd, 4319994.543, 89
Trd, 4319995.243, 123
Trd, 4319996.443, 140
Trd, 4319996.593, 140
Trd, 4319996.693, 140
Trd, 4319998.043, 140
Trd, 4319998.293, 122
Trd, 4319998.993, 134
Trd, 4319999.193, 123
