Trd, 4318145.743, 123
Trd, 4318146.043, 98
Trd, 4318146.393, 77
Trd, 4318147.193, 75
Trd, 4318148.393, 70
Trd, 4318148.993, 70
Trd, 4318149.693, 71
Trd, 4318150.043, 68
Trd, 4318150.243, 65
Trd, 4318151.443, 140
Trd, 4318152.043, 140
Trd, 4318152.293, 133
Trd, 4318152.593, 126
Trd, 4318153.793, 137
Trd, 4318154.593, 112
Trd, 4318155.143, 121
Trd, 4318155.343, 99
Trd, 4318155.543, 110
Trd, 4318155.693, 79
Trd, 4318156.793, 89
Trd, 4318157.543, 140
Trd, 4318159.693, 133
Trd, 4318159.743, 121
Trd, 4318160.143, 115
Trd, 4318161.493, 114
Trd, 4318162.393, 131
Trd, 4318162.593, 122
Trd, 4318163.093, 114
Trd, 4318163.393, 100
Trd, 4318163.743, 91
Trd, 4318164.393, 83
Trd, 4318165.593, 93
Trd, 4318166.943, 100
Trd, 4318167.093, 97
Trd, 4318167.543, 110
Trd, 4318168.743, 136
Trd, 4318169.093, 135
Trd, 4318169.143, 114
Trd, 4318169.243, 110
Trd, 4318169.893, 100
Trd, 4318170.793, 85
Trd, 4318171.193, 128
Trd, 4318171.293, 125
Trd, 4318172.293, 68
Trd, 4318173.643, 64
Trd, 4318174.543, 73
Trd, 4318174.743, 76
Trd, 4318175.543, 71
Trd, 4318175.593, 73
Trd, 4318175.743, 66
Trd, 4318178.593, 77
Trd, 4318179.243, 75
Trd, 4318179.393, 77
Trd, 4318179.443, 79
Trd, 4318180.243, 80
Trd, 4318180.393, 69
Trd, 4318180.893, 68
Trd, 4318182.043, 100
Trd, 4318182.843, 89
Trd, 4318183.593, 102
Trd, 4318184.043, 92
Trd, 4318185.793, 92
Trd, 4318186.243, 97
Trd, 4318186.543, 92
Trd, 4318186.793, 126
Trd, 4318187.343, 91
Trd, 4318188.793, 62
Trd, 4318189.493, 95
Trd, 4318189.843, 75
Trd, 4318190.343, 72
Trd, 4318191.843, 123
Trd, 4318192.293, 99
Trd, 4318192.693, 80
Trd, 4318193.393, 95
Trd, 4318193.893, 102
Trd, 4318194.443, 113
Trd, 4318195.743, 136
Trd, 4318196.143, 104
Trd, 4318196.343, 102
Trd, 4318197.043, 122
Trd, 4318197.443, 113
Trd, 4318198.643, 94
Trd, 4318199.343, 105
Trd, 4318199.543, 110
Trd, 4318200.693, 103
Trd, 4318201.393, 98
Trd, 4318201.993, 87
Trd, 4318202.193, 84
Trd, 4318202.893, 100
Trd, 4318203.843, 105
Trd, 4318204.043, 119
Trd, 4318204.243, 94
Trd, 4318205.293, 69
Trd, 4318206.243, 128
Trd, 4318206.943, 76
Trd, 4318208.393, 64
Trd, 4318209.493, 61
Trd, 4318209.743, 60
Trd, 4318210.543, 114
Trd, 4318211.893, 95
Trd, 4318212.093, 116
Trd, 4318212.643, 92
Trd, 4318213.393, 92
Trd, 4318213.593, 102
Trd, 4318213.643, 98
Trd, 4318213.843, 87
Trd, 4318214.743, 65
Trd, 4318214.893, 139
Trd, 4318215.393, 103
Trd, 4318216.043, 123
Trd, 4318217.093, 115
Trd, 4318217.343, 114
Trd, 4318218.043, 108
Trd, 4318218.443, 113
Trd, 4318219.443, 93
Trd, 4318219.893, 130
Trd, 4318220.343, 89
Trd, 4318221.843, 67
Trd, 4318222.393, 86
Trd, 4318222.543, 72
Trd, 4318222.693, 100
Trd, 4318223.793, 95
Trd, 4318224.393, 75
Trd, 4318224.793, 60
Trd, 4318225.543, 135
Trd, 4318226.193, 113
Trd, 4318226.743, 104
Trd, 4318227.693, 89
Trd, 4318228.743, 97
Trd, 4318229.143, 98
Trd, 4318230.093, 138
Trd, 4318230.993, 132
Trd, 4318231.343, 108
Trd, 4318231.843, 106
Trd, 4318232.793, 140
Trd, 4318233.443, 84
Trd, 4318233.543, 90
Trd, 4318233.893, 129
Trd, 4318234.593, 102
Trd, 4318235.893, 94
Trd, 4318236.143, 86
Trd, 4318236.493, 84
Trd, 4318237.093, 88
Trd, 4318237.293, 138
Trd, 4318237.343, 77
Trd, 4318238.243, 109
Trd, 4318239.193, 62
Trd, 4318239.593, 70
Trd, 4318241.043, 127
Trd, 4318241.893, 94
Trd, 4318241.993, 101
Trd, 4318242.243, 85
Trd, 4318242.393, 85
Trd, 4318244.043, 78
Trd, 4318245.543, 65
Trd, 4318245.793, 64
Trd, 4318246.193, 70
Trd, 4318246.993, 102
Trd, 4318247.993, 66
Trd, 4318248.543, 81
Trd, 4318248.993, 112
Trd, 4318249.243, 85
Trd, 4318250.043, 71
Trd, 4318250.543, 60
Trd, 4318251.493, 87
Trd, 4318252.243, 84
Trd, 4318252.393, 75
Trd, 4318252.743, 74
Trd, 4318254.393, 70
Trd, 4318255.693, 70
Trd, 4318256.443, 92
Trd, 4318257.143, 60
Trd, 4318258.343, 75
Trd, 4318258.943, 114
Trd, 4318259.243, 113
Trd, 4318260.893, 64
Trd, 4318261.193, 66
Trd, 4318261.693, 72
Trd, 4318262.893, 70
Trd, 4318263.393, 68
Trd, 4318264.093, 96
Trd, 4318264.393, 66
Trd, 4318264.993, 131
Trd, 4318265.593, 70
Trd, 4318267.143, 61
Trd, 4318267.293, 71
Trd, 4318267.743, 68
Trd, 4318269.243, 81
Trd, 4318269.543, 94
Trd, 4318270.093, 94
Trd, 4318270.593, 139
Trd, 4318271.443, 110
Trd, 4318272.793, 129
Trd, 4318273.143, 96
Trd, 4318273.743, 123
Trd, 4318273.843, 118
Trd, 4318275.093, 98
Trd, 4318276.343, 138
Trd, 4318276.743, 126
Trd, 4318276.893, 115
Trd, 4318277.093, 134
Trd, 4318277.893, 106
Trd, 4318278.493, 104
Trd, 4318278.593, 125
Trd, 4318279.293, 102
Trd, 4318279.393, 99
Trd, 4318281.943, 120
Trd, 4318282.693, 80
Trd, 4318282.993, 69
Trd, 4318284.193, 137
Trd, 4318284.343, 127
Trd, 4318284.793, 87
Trd, 4318285.643, 114
Trd, 4318286.443, 126
Trd, 4318286.743, 136
Trd, 4318287.443, 110
Trd, 4318288.243, 100
Trd, 4318288.793, 118
Trd, 4318289.693, 61
Trd, 4318290.043, 67
Trd, 4318290.693, 78
Trd, 4318291.943, 116
Trd, 4318292.493, 108
Trd, 4318292.643, 90
Trd, 4318293.743, 130
Trd, 4318293.793, 118
Trd, 4318294.093, 106
Trd, 4318296.793, 63
Trd, 4318297.593, 80
Trd, 4318300.143, 108
Trd, 4318300.293, 102
Trd, 4318300.493, 101
Trd, 4318300.643, 100
Trd, 4318301.593, 106
Trd, 4318301.793, 113
Trd, 4318301.893, 90
Trd, 4318302.043, 82
Trd, 4318302.493, 73
Trd, 4318304.443, 89
Trd, 4318304.743, 120
Trd, 4318305.693, 133
Trd, 4318305.893, 133
Trd, 4318306.443, 122
Trd, 4318306.743, 99
Trd, 4318306.793, 94
Trd, 4318308.893, 117
Trd, 4318309.843, 127
Trd, 4318309.943, 123
Trd, 4318311.143, 140
Trd, 4318311.793, 84
Trd, 4318313.493, 120
Trd, 4318313.793, 110
Trd, 4318315.493, 96
Trd, 4318315.543, 100
Trd, 4318315.993, 80
Trd, 4318316.443, 81
Trd, 4318319.193, 135
Trd, 4318319.643, 132
Trd, 4318320.093, 96
Trd, 4318320.693, 101
Trd, 4318322.743, 102
Trd, 4318322.943, 103
Trd, 4318323.093, 122
Trd, 4318323.143, 99
Trd, 4318323.293, 78
Trd, 4318324.193, 118
Trd, 4318324.493, 103
Trd, 4318324.543, 92
Trd, 4318326.293, 106
Trd, 4318326.393, 129
Trd, 4318326.793, 102
Trd, 4318327.493, 130
Trd, 4318328.193, 136
Trd, 4318328.293, 124
Trd, 4318328.443, 85
Trd, 4318329.293, 131
Trd, 4318330.343, 110
Trd, 4318330.393, 124
Trd, 4318331.943, 130
Trd, 4318331.993, 124
Trd, 4318332.643, 120
Trd, 4318333.993, 75
Trd, 4318335.943, 85
Trd, 4318336.593, 72
Trd, 4318337.343, 72
Trd, 4318337.843, 68
Trd, 4318339.143, 137
Trd, 4318339.493, 66
Trd, 4318341.543, 139
Trd, 4318341.643, 133
Trd, 4318341.693, 123
Trd, 4318342.893, 116
Trd, 4318342.993, 115
Trd, 4318343.743, 106
Trd, 4318343.793, 102
Trd, 4318344.693, 62
Trd, 4318345.543, 108
Trd, 4318346.543, 99
Trd, 4318347.043, 97
Trd, 4318347.293, 95
Trd, 4318348.743, 128
Trd, 4318350.043, 105
Trd, 4318350.143, 99
Trd, 4318351.143, 100
Trd, 4318351.993, 119
Trd, 4318352.693, 96
Trd, 4318353.193, 105
Trd, 4318353.393, 121
Trd, 4318353.943, 99
Trd, 4318354.593, 96
Trd, 4318354.693, 72
Trd, 4318357.143, 99
Trd, 4318357.493, 108
Trd, 4318357.793, 113
Trd, 4318358.193, 70
Trd, 4318359.993, 91
Trd, 4318361.193, 113
Trd, 4318361.393, 107
Trd, 4318361.543, 116
Trd, 4318362.493, 65
Trd, 4318362.693, 80
Trd, 4318363.443, 90
Trd, 4318363.643, 77
Trd, 4318363.893, 130
Trd, 4318365.293, 62
Trd, 4318365.893, 78
Trd, 4318366.043, 76
Trd, 4318366.843, 94
Trd, 4318367.693, 93
Trd, 4318368.793, 83
Trd, 4318369.043, 82
Trd, 4318369.343, 65
Trd, 4318369.943, 99
Trd, 4318372.343, 95
Trd, 4318372.793, 110
Trd, 4318373.243, 99
Trd, 4318373.643, 98
Trd, 4318373.993, 93
Trd, 4318374.543, 88
Trd, 4318374.793, 77
Trd, 4318375.293, 120
Trd, 4318375.843, 129
Trd, 4318376.693, 81
Trd, 4318377.293, 92
Trd, 4318377.743, 107
Trd, 4318378.443, 65
Trd, 4318379.793, 121
Trd, 4318380.843, 76
Trd, 4318381.943, 73
Trd, 4318382.793, 84
Trd, 4318383.943, 100
Trd, 4318384.393, 80
Trd, 4318385.693, 82
Trd, 4318386.543, 86
Trd, 4318386.843, 91
Trd, 4318386.893, 82
Trd, 4318387.043, 79
Trd, 4318387.393, 76
Trd, 4318387.543, 79
Trd, 4318388.643, 114
Trd, 4318389.093, 83
Trd, 4318391.393, 103
Trd, 4318392.393, 127
Trd, 4318392.543, 107
Trd, 4318392.893, 87
Trd, 4318393.143, 83
Trd, 4318393.393, 71
Trd, 4318395.443, 97
Trd, 4318396.393, 115
Trd, 4318396.943, 120
Trd, 4318397.443, 92
Trd, 4318397.743, 91
Trd, 4318397.893, 94
Trd, 4318398.693, 89
Trd, 4318399.593, 108
Trd, 4318399.843, 114
Trd, 4318400.093, 100
Trd, 4318402.743, 78
Trd, 4318403.393, 114
Trd, 4318403.993, 90
Trd, 4318404.043, 89
Trd, 4318404.743, 115
Trd, 4318405.943, 101
Trd, 4318406.693, 99
Trd, 4318407.293, 110
Trd, 4318407.443, 109
Trd, 4318407.493, 96
Trd, 4318408.843, 126
Trd, 4318409.493, 103
Trd, 4318409.893, 126
Trd, 4318411.293, 98
Trd, 4318411.993, 104
Trd, 4318412.143, 82
Trd, 4318412.393, 80
Trd, 4318412.693, 106
Trd, 4318413.393, 69
Trd, 4318414.143, 68
Trd, 4318414.593, 78
Trd, 4318414.693, 67
Trd, 4318416.893, 93
Trd, 4318416.943, 89
Trd, 4318417.293, 65
Trd, 4318418.643, 77
Trd, 4318418.843, 69
Trd, 4318418.943, 103
Trd, 4318419.693, 70
Trd, 4318420.543, 78
Trd, 4318420.793, 106
Trd, 4318421.393, 68
Trd, 4318423.193, 60
Trd, 4318423.343, 61
Trd, 4318424.193, 83
Trd, 4318425.293, 71
Trd, 4318425.743, 72
Trd, 4318426.543, 60
Trd, 4318427.093, 69
Trd, 4318427.793, 74
Trd, 4318428.143, 106
Trd, 4318429.193, 105
Trd, 4318429.243, 102
Trd, 4318430.043, 119
Trd, 4318431.343, 105
Trd, 4318433.043, 116
Trd, 4318433.293, 110
Trd, 4318433.843, 125
Trd, 4318434.143, 109
Trd, 4318434.243, 105
Trd, 4318435.143, 78
Trd, 4318435.243, 89
Trd, 4318435.793, 77
Trd, 4318436.093, 79
Trd, 4318436.893, 105
Trd, 4318438.093, 112
Trd, 4318438.293, 107
Trd, 4318438.543, 97
Trd, 4318439.393, 80
Trd, 4318440.043, 67
Trd, 4318440.193, 98
Trd, 4318441.393, 76
Trd, 4318442.443, 124
Trd, 4318442.793, 118
Trd, 4318443.793, 122
Trd, 4318444.393, 99
Trd, 4318445.393, 137
Trd, 4318445.693, 125
Trd, 4318446.343, 121
Trd, 4318447.393, 95
Trd, 4318448.343, 112
Trd, 4318448.843, 121
Trd, 4318448.993, 104
Trd, 4318450.043, 96
Trd, 4318450.243, 93
Trd, 4318450.843, 85
Trd, 4318451.093, 127
Trd, 4318451.793, 78
Trd, 4318452.993, 81
Trd, 4318453.743, 80
Trd, 4318453.893, 140
Trd, 4318455.093, 61
Trd, 4318456.393, 84
Trd, 4318457.143, 126
Trd, 4318457.693, 64
Trd, 4318459.093, 98
Trd, 4318460.043, 98
Trd, 4318460.243, 101
Trd, 4318460.643, 97
Trd, 4318460.793, 118
Trd, 4318461.043, 86
Trd, 4318461.743, 60
Trd, 4318462.393, 81
Trd, 4318463.643, 106
Trd, 4318464.343, 100
Trd, 4318464.443, 122
Trd, 4318464.643, 88
Trd, 4318465.593, 93
Trd, 4318465.793, 92
Trd, 4318467.093, 116
Trd, 4318467.793, 103
Trd, 4318468.743, 93
Trd, 4318469.293, 114
Trd, 4318469.643, 114
Trd, 4318470.243, 104
Trd, 4318470.393, 92
Trd, 4318470.793, 67
Trd, 4318471.393, 93
Trd, 4318472.193, 101
Trd, 4318473.193, 79
Trd, 4318474.843, 72
Trd, 4318474.993, 86
Trd, 4318475.943, 106
Trd, 4318476.143, 89
Trd, 4318476.393, 83
Trd, 4318477.793, 92
Trd, 4318478.343, 104
Trd, 4318478.743, 140
Trd, 4318478.943, 139
Trd, 4318479.093, 94
Trd, 4318479.843, 103
Trd, 4318480.093, 86
Trd, 4318481.543, 73
Trd, 4318482.443, 140
Trd, 4318482.543, 128
Trd, 4318483.243, 115
Trd, 4318483.293, 67
Trd, 4318484.093, 66
Trd, 4318484.393, 97
Trd, 4318485.343, 93
Trd, 4318486.043, 66
Trd, 4318487.093, 136
Trd, 4318487.843, 133
Trd, 4318488.743, 134
Trd, 4318488.793, 127
Trd, 4318488.993, 120
Trd, 4318490.593, 128
Trd, 4318491.243, 102
Trd, 4318491.543, 101
Trd, 4318492.243, 100
Trd, 4318492.343, 97
Trd, 4318494.593, 140
Trd, 4318495.193, 119
Trd, 4318495.993, 109
Trd, 4318496.143, 108
Trd, 4318496.393, 106
Trd, 4318496.743, 102
Trd, 4318496.793, 96
Trd, 4318498.543, 87
Trd, 4318498.743, 112
Trd, 4318501.243, 84
Trd, 4318501.693, 93
Trd, 4318502.643, 123
Trd, 4318502.693, 122
Trd, 4318503.393, 108
Trd, 4318503.443, 89
Trd, 4318503.893, 87
Trd, 4318504.193, 125
Trd, 4318504.843, 79
Trd, 4318505.843, 100
Trd, 4318505.893, 77
Trd, 4318506.843, 64
Trd, 4318508.443, 115
Trd, 4318508.743, 103
Trd, 4318509.193, 96
Trd, 4318509.443, 92
Trd, 4318510.243, 103
Trd, 4318510.293, 95
Trd, 4318512.043, 130
Trd, 4318512.243, 113
Trd, 4318513.293, 103
Trd, 4318513.393, 94
Trd, 4318514.643, 135
Trd, 4318515.293, 120
Trd, 4318515.743, 119
Trd, 4318516.043, 114
Trd, 4318516.543, 96
Trd, 4318516.693, 89
Trd, 4318517.143, 139
Trd, 4318517.243, 78
Trd, 4318518.643, 124
Trd, 4318519.143, 105
Trd, 4318519.793, 69
Trd, 4318520.943, 70
Trd, 4318521.443, 123
Trd, 4318523.393, 118
Trd, 4318523.893, 67
Trd, 4318524.093, 69
Trd, 4318524.943, 65
Trd, 4318525.143, 70
Trd, 4318525.343, 81
Trd, 4318526.293, 67
Trd, 4318527.043, 70
Trd, 4318528.693, 60
Trd, 4318528.943, 61
Trd, 4318529.193, 105
Trd, 4318530.293, 87
Trd, 4318532.093, 95
Trd, 4318532.193, 102
Trd, 4318532.993, 112
Trd, 4318533.393, 109
Trd, 4318533.543, 78
Trd, 4318535.643, 126
Trd, 4318535.843, 123
Trd, 4318536.243, 116
Trd, 4318537.243, 85
Trd, 4318537.493, 87
Trd, 4318539.893, 68
Trd, 4318539.943, 93
Trd, 4318540.643, 61
Trd, 4318541.743, 61
Trd, 4318542.193, 88
Trd, 4318542.393, 85
Trd, 4318542.493, 119
Trd, 4318543.293, 89
Trd, 4318543.593, 86
Trd, 4318543.743, 85
Trd, 4318544.793, 85
Trd, 4318545.693, 95
Trd, 4318546.243, 105
Trd, 4318547.543, 87
Trd, 4318547.993, 87
Trd, 4318548.243, 66
Trd, 4318548.643, 102
Trd, 4318550.393, 105
Trd, 4318550.493, 99
Trd, 4318551.193, 119
Trd, 4318551.293, 130
Trd, 4318552.043, 114
Trd, 4318552.493, 68
Trd, 4318554.643, 82
Trd, 4318554.693, 81
Trd, 4318554.893, 110
Trd, 4318555.743, 71
Trd, 4318556.043, 120
Trd, 4318557.243, 67
Trd, 4318558.443, 105
Trd, 4318559.743, 139
Trd, 4318559.843, 108
Trd, 4318560.293, 103
Trd, 4318561.343, 92
Trd, 4318562.343, 130
Trd, 4318562.843, 124
Trd, 4318563.543, 81
Trd, 4318564.643, 72
Trd, 4318565.343, 79
Trd, 4318565.643, 73
Trd, 4318565.793, 69
Trd, 4318567.193, 120
Trd, 4318567.743, 122
Trd, 4318568.143, 128
Trd, 4318568.243, 122
Trd, 4318568.543, 127
Trd, 4318568.593, 115
Trd, 4318568.893, 96
Trd, 4318570.743, 107
Trd, 4318571.643, 119
Trd, 4318572.993, 129
Trd, 4318573.043, 120
Trd, 4318573.793, 139
Trd, 4318575.043, 139
Trd, 4318576.193, 128
Trd, 4318576.543, 116
Trd, 4318578.043, 113
Trd, 4318578.143, 98
Trd, 4318578.493, 119
Trd, 4318578.543, 93
Trd, 4318579.193, 119
Trd, 4318579.693, 82
Trd, 4318581.543, 115
Trd, 4318582.193, 135
Trd, 4318582.293, 110
Trd, 4318583.243, 100
Trd, 4318583.293, 96
Trd, 4318584.293, 83
Trd, 4318584.993, 110
Trd, 4318585.193, 88
Trd, 4318585.543, 75
Trd, 4318585.893, 76
Trd, 4318587.493, 60
Trd, 4318588.993, 78
Trd, 4318589.193, 124
Trd, 4318590.243, 95
Trd, 4318590.343, 103
Trd, 4318590.443, 94
Trd, 4318590.993, 94
Trd, 4318592.293, 125
Trd, 4318592.543, 117
Trd, 4318592.643, 79
Trd, 4318592.893, 70
Trd, 4318594.393, 107
Trd, 4318596.043, 76
Trd, 4318597.043, 72
Trd, 4318597.193, 91
Trd, 4318597.793, 94
Trd, 4318598.343, 66
Trd, 4318598.493, 93
Trd, 4318598.943, 102
Trd, 4318600.043, 96
Trd, 4318601.393, 105
Trd, 4318602.043, 102
Trd, 4318602.293, 101
Trd, 4318603.243, 104
Trd, 4318604.093, 103
Trd, 4318604.643, 108
Trd, 4318604.893, 104
Trd, 4318605.443, 66
Trd, 4318606.643, 80
Trd, 4318607.693, 61
Trd, 4318608.343, 101
Trd, 4318609.043, 130
Trd, 4318610.343, 114
Trd, 4318610.693, 89
Trd, 4318611.893, 80
Trd, 4318612.393, 86
Trd, 4318613.543, 73
Trd, 4318613.893, 120
Trd, 4318613.943, 98
Trd, 4318615.193, 64
Trd, 4318615.593, 60
Trd, 4318616.143, 63
Trd, 4318616.893, 91
Trd, 4318617.193, 76
Trd, 4318617.393, 98
Trd, 4318618.393, 100
Trd, 4318619.243, 119
Trd, 4318619.343, 84
Trd, 4318620.343, 94
Trd, 4318621.393, 95
Trd, 4318621.493, 92
Trd, 4318621.693, 89
Trd, 4318621.993, 85
Trd, 4318622.643, 102
Trd, 4318624.343, 126
Trd, 4318624.443, 111
Trd, 4318624.893, 91
Trd, 4318625.343, 86
Trd, 4318626.993, 67
Trd, 4318627.643, 74
Trd, 4318629.043, 121
Trd, 4318629.843, 119
Trd, 4318629.943, 113
Trd, 4318630.043, 107
Trd, 4318630.493, 130
Trd, 4318631.343, 121
Trd, 4318631.393, 118
Trd, 4318631.843, 102
Trd, 4318632.143, 92
Trd, 4318632.843, 65
Trd, 4318633.893, 109
Trd, 4318634.993, 118
Trd, 4318635.593, 130
Trd, 4318636.293, 106
Trd, 4318637.443, 125
Trd, 4318637.493, 105
Trd, 4318638.193, 105
Trd, 4318639.193, 125
Trd, 4318639.693, 98
Trd, 4318639.893, 90
Trd, 4318640.293, 72
Trd, 4318641.493, 88
Trd, 4318642.393, 89
Trd, 4318642.443, 64
Trd, 4318643.393, 86
Trd, 4318643.743, 75
Trd, 4318645.243, 68
Trd, 4318645.443, 75
Trd, 4318645.643, 94
Trd, 4318646.343, 121
Trd, 4318646.993, 94
Trd, 4318647.393, 138
Trd, 4318647.543, 128
Trd, 4318647.743, 113
Trd, 4318648.593, 69
Trd, 4318650.043, 74
Trd, 4318651.943, 99
Trd, 4318652.093, 74
Trd, 4318652.493, 122
Trd, 4318653.043, 71
Trd, 4318653.443, 71
Trd, 4318654.393, 104
Trd, 4318654.443, 100
Trd, 4318654.493, 99
Trd, 4318656.343, 62
Trd, 4318657.493, 116
Trd, 4318657.843, 72
Trd, 4318658.943, 102
Trd, 4318659.293, 123
Trd, 4318659.393, 87
Trd, 4318659.793, 82
Trd, 4318660.793, 91
Trd, 4318660.893, 71
Trd, 4318661.743, 103
Trd, 4318662.593, 120
Trd, 4318662.793, 75
Trd, 4318663.443, 71
Trd, 4318664.093, 99
Trd, 4318664.443, 71
Trd, 4318665.393, 127
Trd, 4318665.693, 69
Trd, 4318666.693, 67
Trd, 4318667.893, 61
Trd, 4318667.993, 100
Trd, 4318668.443, 123
Trd, 4318670.093, 69
Trd, 4318670.593, 67
Trd, 4318670.943, 74
Trd, 4318671.893, 137
Trd, 4318672.193, 120
Trd, 4318672.993, 113
Trd, 4318675.693, 125
Trd, 4318675.893, 104
Trd, 4318676.093, 102
Trd, 4318676.393, 101
Trd, 4318676.593, 79
Trd, 4318677.043, 140
Trd, 4318677.443, 69
Trd, 4318677.793, 120
Trd, 4318678.793, 87
Trd, 4318679.543, 80
Trd, 4318679.643, 79
Trd, 4318681.893, 60
Trd, 4318682.043, 62
Trd, 4318682.593, 64
Trd, 4318683.943, 73
Trd, 4318684.243, 77
Trd, 4318685.743, 62
Trd, 4318685.893, 69
Trd, 4318686.793, 60
Trd, 4318686.843, 60
Trd, 4318687.293, 70
Trd, 4318687.443, 82
Trd, 4318688.593, 111
Trd, 4318688.943, 94
Trd, 4318689.743, 81
Trd, 4318689.993, 61
Trd, 4318690.993, 72
Trd, 4318691.243, 81
Trd, 4318693.593, 68
Trd, 4318693.843, 111
Trd, 4318694.343, 92
Trd, 4318694.593, 93
Trd, 4318694.893, 69
Trd, 4318695.643, 124
Trd, 4318695.793, 122
Trd, 4318696.143, 121
Trd, 4318697.693, 106
Trd, 4318698.243, 85
Trd, 4318698.543, 83
Trd, 4318698.593, 81
Trd, 4318699.093, 76
Trd, 4318700.343, 91
Trd, 4318700.593, 80
Trd, 4318700.693, 98
Trd, 4318702.293, 76
Trd, 4318703.443, 78
Trd, 4318703.593, 124
Trd, 4318704.693, 104
Trd, 4318705.093, 75
Trd, 4318707.443, 97
Trd, 4318707.543, 70
Trd, 4318708.793, 92
Trd, 4318709.493, 130
Trd, 4318709.593, 129
Trd, 4318710.193, 92
Trd, 4318710.593, 109
Trd, 4318710.793, 88
Trd, 4318711.393, 98
Trd, 4318711.993, 89
Trd, 4318712.293, 107
Trd, 4318712.543, 90
Trd, 4318712.893, 78
Trd, 4318713.743, 77
Trd, 4318714.243, 63
Trd, 4318714.993, 78
Trd, 4318716.293, 109
Trd, 4318717.043, 102
Trd, 4318717.093, 99
Trd, 4318717.393, 95
Trd, 4318718.743, 113
Trd, 4318718.893, 97
Trd, 4318719.393, 92
Trd, 4318720.993, 138
Trd, 4318721.843, 106
Trd, 4318721.943, 97
Trd, 4318722.293, 82
Trd, 4318722.493, 75
Trd, 4318722.543, 117
Trd, 4318725.193, 64
Trd, 4318725.343, 65
Trd, 4318726.193, 68
Trd, 4318726.593, 110
Trd, 4318727.793, 76
Trd, 4318728.493, 75
Trd, 4318728.893, 65
Trd, 4318730.743, 108
Trd, 4318730.993, 102
Trd, 4318731.043, 92
Trd, 4318731.293, 85
Trd, 4318731.943, 68
Trd, 4318732.093, 72
Trd, 4318733.843, 135
Trd, 4318734.193, 139
Trd, 4318734.393, 95
Trd, 4318734.443, 91
Trd, 4318735.343, 81
Trd, 4318738.243, 68
Trd, 4318738.793, 69
Trd, 4318739.093, 78
Trd, 4318739.443, 71
Trd, 4318740.243, 67
Trd, 4318740.993, 70
Trd, 4318741.393, 87
Trd, 4318742.193, 118
Trd, 4318743.043, 95
Trd, 4318743.143, 87
Trd, 4318744.193, 73
Trd, 4318744.443, 65
Trd, 4318744.493, 86
Trd, 4318744.943, 71
Trd, 4318745.843, 95
Trd, 4318746.043, 108
Trd, 4318746.493, 93
Trd, 4318748.393, 107
Trd, 4318748.643, 91
Trd, 4318748.743, 83
Trd, 4318750.543, 71
Trd, 4318751.793, 122
Trd, 4318751.993, 120
Trd, 4318752.543, 123
Trd, 4318752.743, 120
Trd, 4318752.843, 105
Trd, 4318755.093, 98
Trd, 4318755.143, 95
Trd, 4318755.293, 88
Trd, 4318755.393, 85
Trd, 4318755.743, 81
Trd, 4318756.793, 96
Trd, 4318757.693, 130
Trd, 4318757.893, 113
Trd, 4318758.993, 92
Trd, 4318760.593, 61
Trd, 4318760.793, 62
Trd, 4318761.043, 86
Trd, 4318761.893, 82
Trd, 4318762.093, 135
Trd, 4318762.543, 113
Trd, 4318765.793, 98
Trd, 4318766.243, 118
Trd, 4318766.993, 136
Trd, 4318767.093, 135
Trd, 4318767.593, 112
Trd, 4318767.943, 108
Trd, 4318768.043, 80
Trd, 4318768.843, 118
Trd, 4318769.343, 119
Trd, 4318770.793, 67
Trd, 4318771.243, 101
Trd, 4318771.493, 91
Trd, 4318771.943, 105
Trd, 4318772.143, 87
Trd, 4318772.543, 71
Trd, 4318773.893, 127
Trd, 4318774.043, 122
Trd, 4318774.843, 118
Trd, 4318774.893, 118
Trd, 4318775.493, 105
Trd, 4318778.193, 136
Trd, 4318778.393, 119
Trd, 4318779.343, 97
Trd, 4318779.743, 111
Trd, 4318780.693, 75
Trd, 4318780.843, 122
Trd, 4318783.043, 104
Trd, 4318783.343, 89
Trd, 4318783.593, 88
Trd, 4318785.143, 107
Trd, 4318785.193, 93
Trd, 4318786.293, 93
Trd, 4318787.793, 88
Trd, 4318788.643, 90
Trd, 4318789.193, 118
Trd, 4318789.893, 113
Trd, 4318789.943, 82
Trd, 4318791.493, 127
Trd, 4318791.693, 126
Trd, 4318792.193, 104
Trd, 4318792.593, 129
Trd, 4318793.193, 98
Trd, 4318793.593, 96
Trd, 4318793.943, 66
Trd, 4318794.243, 84
Trd, 4318795.543, 122
Trd, 4318796.643, 100
Trd, 4318798.793, 102
Trd, 4318799.343, 77
Trd, 4318801.143, 120
Trd, 4318801.443, 119
Trd, 4318801.843, 134
Trd, 4318802.393, 114
Trd, 4318802.493, 96
Trd, 4318802.693, 68
Trd, 4318803.543, 61
Trd, 4318804.193, 65
Trd, 4318804.943, 64
Trd, 4318805.693, 116
Trd, 4318806.943, 88
Trd, 4318807.243, 88
Trd, 4318808.143, 131
Trd, 4318808.643, 127
Trd, 4318808.793, 106
Trd, 4318809.843, 118
Trd, 4318811.993, 132
Trd, 4318812.743, 125
Trd, 4318813.193, 115
Trd, 4318815.693, 121
Trd, 4318815.943, 95
Trd, 4318816.293, 132
Trd, 4318816.593, 82
Trd, 4318816.743, 103
Trd, 4318817.193, 105
Trd, 4318817.843, 71
Trd, 4318818.343, 75
Trd, 4318818.993, 112
Trd, 4318819.193, 107
Trd, 4318820.043, 138
Trd, 4318821.443, 95
Trd, 4318821.943, 86
Trd, 4318822.993, 127
Trd, 4318823.393, 133
Trd, 4318823.893, 88
Trd, 4318825.843, 105
Trd, 4318826.043, 86
Trd, 4318827.043, 91
Trd, 4318827.093, 88
Trd, 4318828.243, 109
Trd, 4318829.293, 137
Trd, 4318829.443, 136
Trd, 4318829.593, 120
Trd, 4318829.793, 109
Trd, 4318830.293, 107
Trd, 4318831.043, 108
Trd, 4318831.093, 103
Trd, 4318833.843, 113
Trd, 4318834.593, 105
Trd, 4318835.693, 100
Trd, 4318836.043, 129
Trd, 4318836.093, 97
Trd, 4318837.193, 136
Trd, 4318837.293, 134
Trd, 4318837.343, 121
Trd, 4318838.243, 85
Trd, 4318838.843, 79
Trd, 4318839.393, 75
Trd, 4318840.993, 95
Trd, 4318841.493, 133
Trd, 4318842.093, 123
Trd, 4318842.393, 118
Trd, 4318844.593, 94
Trd, 4318844.993, 82
Trd, 4318845.343, 95
Trd, 4318845.593, 80
Trd, 4318845.843, 97
Trd, 4318846.193, 92
Trd, 4318847.593, 75
Trd, 4318847.993, 97
Trd, 4318849.743, 75
Trd, 4318849.993, 71
Trd, 4318850.493, 115
Trd, 4318851.493, 123
Trd, 4318851.593, 122
Trd, 4318851.993, 104
Trd, 4318853.393, 87
Trd, 4318855.143, 87
Trd, 4318855.793, 85
Trd, 4318855.993, 101
Trd, 4318857.743, 131
Trd, 4318858.193, 131
Trd, 4318858.243, 124
Trd, 4318858.993, 104
Trd, 4318859.943, 103
Trd, 4318860.293, 107
Trd, 4318862.343, 106
Trd, 4318862.443, 105
Trd, 4318863.193, 108
Trd, 4318863.443, 104
Trd, 4318864.293, 140
Trd, 4318864.343, 90
Trd, 4318865.593, 135
Trd, 4318866.793, 129
Trd, 4318867.293, 112
Trd, 4318867.493, 111
Trd, 4318868.743, 92
Trd, 4318869.293, 98
Trd, 4318869.343, 108
Trd, 4318869.843, 85
Trd, 4318871.293, 133
Trd, 4318871.643, 117
Trd, 4318871.943, 112
Trd, 4318872.643, 67
Trd, 4318874.843, 67
Trd, 4318875.693, 127
Trd, 4318875.743, 126
Trd, 4318875.893, 126
Trd, 4318876.393, 94
Trd, 4318877.993, 69
Trd, 4318879.243, 62
Trd, 4318879.443, 111
Trd, 4318879.643, 127
Trd, 4318879.693, 64
Trd, 4318881.093, 63
Trd, 4318881.493, 64
Trd, 4318882.193, 83
Trd, 4318883.193, 70
Trd, 4318883.243, 64
Trd, 4318883.843, 121
Trd, 4318884.493, 100
Trd, 4318886.193, 99
Trd, 4318887.143, 103
Trd, 4318887.393, 93
Trd, 4318887.993, 115
Trd, 4318888.643, 126
Trd, 4318889.243, 84
Trd, 4318889.293, 83
Trd, 4318890.493, 95
Trd, 4318890.793, 82
Trd, 4318891.643, 83
Trd, 4318892.143, 76
Trd, 4318892.543, 90
Trd, 4318892.743, 98
Trd, 4318892.943, 69
Trd, 4318893.943, 75
Trd, 4318894.243, 73
Trd, 4318894.393, 78
Trd, 4318895.693, 124
Trd, 4318896.593, 119
Trd, 4318897.043, 115
Trd, 4318898.843, 131
Trd, 4318899.843, 127
Trd, 4318899.993, 126
Trd, 4318901.043, 111
Trd, 4318901.243, 90
Trd, 4318901.393, 112
Trd, 4318902.593, 68
Trd, 4318903.893, 60
Trd, 4318904.143, 60
Trd, 4318904.393, 72
Trd, 4318905.093, 67
Trd, 4318905.893, 78
Trd, 4318905.993, 64
Trd, 4318906.443, 84
Trd, 4318907.843, 66
Trd, 4318908.393, 67
Trd, 4318909.493, 81
Trd, 4318910.393, 63
Trd, 4318911.393, 87
Trd, 4318912.043, 89
Trd, 4318912.243, 61
Trd, 4318912.293, 101
Trd, 4318912.693, 140
Trd, 4318914.893, 122
Trd, 4318915.693, 75
Trd, 4318916.443, 68
Trd, 4318916.843, 102
Trd, 4318917.693, 66
Trd, 4318918.043, 65
Trd, 4318919.393, 67
Trd, 4318919.443, 63
Trd, 4318919.643, 67
Trd, 4318920.243, 66
Trd, 4318921.243, 67
Trd, 4318921.393, 94
Trd, 4318921.843, 82
Trd, 4318922.043, 100
Trd, 4318922.243, 104
Trd, 4318923.093, 117
Trd, 4318926.443, 78
Trd, 4318926.693, 63
Trd, 4318927.293, 109
Trd, 4318927.593, 104
Trd, 4318928.443, 98
Trd, 4318928.993, 84
Trd, 4318929.893, 123
Trd, 4318930.043, 102
Trd, 4318930.543, 86
Trd, 4318931.743, 116
Trd, 4318933.193, 127
Trd, 4318933.543, 102
Trd, 4318934.293, 128
Trd, 4318934.343, 98
Trd, 4318935.043, 97
Trd, 4318935.693, 87
Trd, 4318935.843, 106
Trd, 4318938.493, 68
Trd, 4318938.643, 69
Trd, 4318939.643, 91
Trd, 4318939.793, 77
Trd, 4318940.443, 137
Trd, 4318941.193, 110
Trd, 4318941.743, 84
Trd, 4318942.043, 80
Trd, 4318942.343, 79
Trd, 4318944.193, 97
Trd, 4318945.543, 116
Trd, 4318945.693, 97
Trd, 4318945.993, 88
Trd, 4318946.093, 82
Trd, 4318946.993, 63
Trd, 4318947.593, 63
Trd, 4318948.393, 99
Trd, 4318949.993, 84
Trd, 4318950.993, 96
Trd, 4318951.243, 107
Trd, 4318951.543, 96
Trd, 4318952.843, 77
Trd, 4318954.243, 136
Trd, 4318954.493, 120
Trd, 4318954.943, 135
Trd, 4318955.143, 104
Trd, 4318956.093, 123
Trd, 4318956.143, 100
Trd, 4318957.393, 102
Trd, 4318957.493, 98
Trd, 4318958.643, 131
Trd, 4318958.743, 115
Trd, 4318959.093, 108
Trd, 4318959.143, 86
Trd, 4318959.793, 132
Trd, 4318960.993, 112
Trd, 4318961.193, 108
Trd, 4318961.543, 63
Trd, 4318962.493, 111
Trd, 4318962.893, 60
Trd, 4318964.093, 85
Trd, 4318964.143, 76
Trd, 4318964.243, 117
Trd, 4318964.293, 93
Trd, 4318964.993, 61
Trd, 4318967.593, 116
Trd, 4318969.443, 128
Trd, 4318969.693, 128
Trd, 4318970.243, 124
Trd, 4318970.393, 123
Trd, 4318971.343, 108
Trd, 4318971.393, 105
Trd, 4318971.593, 95
Trd, 4318972.743, 89
Trd, 4318973.193, 88
Trd, 4318973.693, 139
Trd, 4318974.393, 113
Trd, 4318976.043, 113
Trd, 4318976.293, 108
Trd, 4318977.643, 130
Trd, 4318978.793, 100
Trd, 4318978.993, 133
Trd, 4318979.243, 119
Trd, 4318980.243, 112
Trd, 4318981.143, 103
Trd, 4318981.843, 106
Trd, 4318982.293, 119
Trd, 4318982.343, 103
Trd, 4318982.893, 103
Trd, 4318983.693, 92
Trd, 4318984.143, 91
Trd, 4318984.493, 87
Trd, 4318985.743, 95
Trd, 4318986.343, 82
Trd, 4318987.293, 91
Trd, 4318987.643, 113
Trd, 4318987.793, 74
Trd, 4318988.243, 88
Trd, 4318989.693, 139
Trd, 4318989.793, 133
Trd, 4318990.043, 122
Trd, 4318991.893, 101
Trd, 4318993.293, 113
Trd, 4318994.293, 110
Trd, 4318994.443, 111
Trd, 4318995.743, 123
Trd, 4318995.943, 109
Trd, 4318996.743, 133
Trd, 4318996.893, 100
Trd, 4318997.693, 103
Trd, 4318999.593, 118
Trd, 4318999.943, 124
Trd, 4319000.293, 102
Trd, 4319000.643, 121
Trd, 4319001.543, 139
Trd, 4319001.893, 133
Trd, 4319002.193, 123
Trd, 4319002.393, 94
Trd, 4319003.793, 71
Trd, 4319004.043, 63
Trd, 4319005.243, 104
Trd, 4319005.843, 91
Trd, 4319005.993, 87
Trd, 4319006.843, 117
Trd, 4319006.993, 109
Trd, 4319007.643, 68
Trd, 4319010.143, 83
Trd, 4319010.293, 88
Trd, 4319010.543, 92
Trd, 4319011.293, 119
Trd, 4319012.693, 90
Trd, 4319013.643, 104
Trd, 4319013.843, 90
Trd, 4319014.593, 78
Trd, 4319014.643, 86
Trd, 4319015.693, 84
Trd, 4319016.493, 102
Trd, 4319017.393, 98
Trd, 4319017.943, 99
Trd, 4319017.993, 72
Trd, 4319018.743, 65
Trd, 4319018.893, 76
Trd, 4319019.543, 103
Trd, 4319019.743, 102
Trd, 4319020.643, 80
Trd, 4319021.143, 82
Trd, 4319024.043, 68
Trd, 4319024.143, 65
Trd, 4319024.643, 66
Trd, 4319025.193, 93
Trd, 4319025.743, 78
Trd, 4319025.993, 132
Trd, 4319027.143, 96
Trd, 4319027.193, 95
Trd, 4319027.443, 105
Trd, 4319029.093, 125
Trd, 4319030.093, 82
Trd, 4319030.243, 112
Trd, 4319031.143, 121
Trd, 4319031.643, 113
Trd, 4319031.893, 107
Trd, 4319032.143, 122
Trd, 4319032.593, 121
Trd, 4319032.743, 116
Trd, 4319033.193, 106
Trd, 4319033.893, 82
Trd, 4319034.593, 78
Trd, 4319034.743, 91
Trd, 4319035.843, 136
Trd, 4319036.243, 130
Trd, 4319036.693, 130
Trd, 4319036.743, 124
Trd, 4319036.893, 115
Trd, 4319037.043, 96
Trd, 4319037.143, 90
Trd, 4319037.843, 77
Trd, 4319038.543, 105
Trd, 4319039.293, 99
Trd, 4319040.143, 96
Trd, 4319040.293, 90
Trd, 4319041.993, 69
Trd, 4319043.693, 64
Trd, 4319043.793, 77
Trd, 4319045.243, 76
Trd, 4319045.793, 74
Trd, 4319046.893, 60
Trd, 4319047.993, 86
Trd, 4319049.893, 137
Trd, 4319049.993, 120
Trd, 4319050.043, 99
Trd, 4319050.393, 106
Trd, 4319051.343, 103
Trd, 4319052.243, 117
Trd, 4319052.843, 95
Trd, 4319053.193, 67
Trd, 4319055.643, 73
Trd, 4319057.143, 83
Trd, 4319057.393, 105
Trd, 4319057.693, 82
Trd, 4319058.843, 121
Trd, 4319060.393, 63
Trd, 4319060.593, 64
Trd, 4319060.793, 65
Trd, 4319061.443, 90
Trd, 4319062.493, 125
Trd, 4319062.593, 124
Trd, 4319064.393, 112
Trd, 4319064.943, 96
Trd, 4319065.193, 80
Trd, 4319065.743, 70
Trd, 4319065.893, 92
Trd, 4319066.493, 72
Trd, 4319066.843, 88
Trd, 4319067.643, 139
Trd, 4319068.793, 104
Trd, 4319068.943, 103
Trd, 4319069.693, 98
Trd, 4319072.693, 114
Trd, 4319072.793, 110
Trd, 4319073.443, 108
Trd, 4319073.893, 96
Trd, 4319074.993, 130
Trd, 4319075.093, 122
Trd, 4319075.643, 115
Trd, 4319076.643, 134
Trd, 4319076.793, 96
Trd, 4319077.593, 60
Trd, 4319078.643, 66
Trd, 4319078.693, 118
Trd, 4319081.743, 133
Trd, 4319082.193, 132
Trd, 4319082.643, 123
Trd, 4319083.093, 118
Trd, 4319083.593, 99
Trd, 4319083.643, 96
Trd, 4319083.993, 111
Trd, 4319086.993, 78
Trd, 4319087.443, 80
Trd, 4319087.543, 84
Trd, 4319088.293, 77
Trd, 4319088.943, 109
Trd, 4319089.043, 95
Trd, 4319089.843, 66
Trd, 4319090.643, 95
Trd, 4319090.843, 117
Trd, 4319092.193, 119
Trd, 4319092.943, 91
Trd, 4319093.093, 71
Trd, 4319093.493, 102
Trd, 4319093.693, 91
Trd, 4319094.843, 91
Trd, 4319096.143, 68
Trd, 4319096.193, 67
Trd, 4319096.243, 78
Trd, 4319097.093, 62
Trd, 4319098.843, 83
Trd, 4319099.193, 83
Trd, 4319099.543, 68
Trd, 4319100.143, 83
Trd, 4319100.443, 84
Trd, 4319101.393, 71
Trd, 4319102.043, 75
Trd, 4319102.493, 69
Trd, 4319103.543, 86
Trd, 4319104.193, 88
Trd, 4319105.143, 111
Trd, 4319105.643, 97
Trd, 4319106.543, 102
Trd, 4319107.493, 127
Trd, 4319107.643, 92
Trd, 4319108.043, 95
Trd, 4319108.843, 96
Trd, 4319109.293, 95
Trd, 4319109.493, 94
Trd, 4319109.793, 94
Trd, 4319111.493, 69
Trd, 4319113.143, 119
Trd, 4319113.793, 121
Trd, 4319114.043, 114
Trd, 4319114.093, 106
Trd, 4319114.493, 133
Trd, 4319114.943, 89
Trd, 4319116.793, 136
Trd, 4319117.093, 127
Trd, 4319117.543, 118
Trd, 4319118.893, 111
Trd, 4319119.143, 105
Trd, 4319120.193, 102
Trd, 4319121.043, 133
Trd, 4319121.643, 104
Trd, 4319122.143, 107
Trd, 4319122.543, 98
Trd, 4319123.043, 92
Trd, 4319124.943, 118
Trd, 4319125.793, 87
Trd, 4319127.093, 116
Trd, 4319127.143, 82
Trd, 4319127.893, 71
Trd, 4319129.243, 61
Trd, 4319130.143, 61
Trd, 4319130.543, 66
Trd, 4319130.843, 78
Trd, 4319132.193, 77
Trd, 4319132.993, 80
Trd, 4319133.043, 116
Trd, 4319133.443, 76
Trd, 4319133.843, 73
Trd, 4319134.193, 70
Trd, 4319134.493, 63
Trd, 4319134.743, 95
Trd, 4319134.793, 129
Trd, 4319135.293, 60
Trd, 4319136.093, 69
Trd, 4319136.293, 86
Trd, 4319137.443, 70
Trd, 4319138.043, 62
Trd, 4319139.143, 67
Trd, 4319140.143, 121
Trd, 4319140.993, 112
Trd, 4319141.393, 103
Trd, 4319142.643, 88
Trd, 4319143.043, 136
Trd, 4319143.143, 87
Trd, 4319143.693, 82
Trd, 4319143.943, 133
Trd, 4319145.243, 108
Trd, 4319145.393, 79
Trd, 4319147.193, 82
Trd, 4319147.693, 80
Trd, 4319147.743, 79
Trd, 4319148.343, 85
Trd, 4319148.393, 95
Trd, 4319149.693, 111
Trd, 4319149.893, 72
Trd, 4319150.693, 81
Trd, 4319151.993, 88
Trd, 4319153.243, 126
Trd, 4319153.693, 130
Trd, 4319153.743, 119
Trd, 4319154.343, 114
Trd, 4319154.993, 117
Trd, 4319156.493, 99
Trd, 4319157.843, 121
Trd, 4319158.593, 99
Trd, 4319158.793, 139
Trd, 4319159.093, 81
Trd, 4319159.593, 82
Trd, 4319159.743, 78
Trd, 4319160.293, 127
Trd, 4319161.293, 79
Trd, 4319161.393, 77
Trd, 4319161.543, 116
Trd, 4319162.393, 129
Trd, 4319162.743, 101
Trd, 4319164.843, 98
Trd, 4319164.893, 95
Trd, 4319165.193, 102
Trd, 4319165.593, 93
Trd, 4319166.243, 109
Trd, 4319167.693, 99
Trd, 4319168.993, 62
Trd, 4319169.593, 81
Trd, 4319169.643, 87
Trd, 4319169.993, 77
Trd, 4319170.843, 67
Trd, 4319170.893, 74
Trd, 4319172.393, 92
Trd, 4319172.793, 128
Trd, 4319173.743, 89
Trd, 4319174.443, 118
Trd, 4319175.293, 104
Trd, 4319176.193, 88
Trd, 4319178.643, 74
Trd, 4319179.093, 82
Trd, 4319179.543, 99
Trd, 4319179.743, 113
Trd, 4319179.893, 71
Trd, 4319180.593, 81
Trd, 4319180.693, 121
Trd, 4319181.593, 127
Trd, 4319181.843, 126
Trd, 4319182.293, 117
Trd, 4319182.743, 103
Trd, 4319182.993, 75
Trd, 4319183.743, 117
Trd, 4319185.443, 131
Trd, 4319185.643, 80
Trd, 4319185.843, 77
Trd, 4319187.393, 77
Trd, 4319187.593, 77
Trd, 4319188.593, 66
Trd, 4319189.343, 106
Trd, 4319189.843, 85
Trd, 4319190.893, 79
Trd, 4319191.443, 73
Trd, 4319191.593, 64
Trd, 4319192.143, 73
Trd, 4319192.993, 100
Trd, 4319195.043, 64
Trd, 4319195.243, 93
Trd, 4319196.343, 132
Trd, 4319196.793, 87
Trd, 4319197.093, 130
Trd, 4319198.593, 79
Trd, 4319199.543, 94
Trd, 4319199.943, 90
Trd, 4319201.043, 84
Trd, 4319201.543, 85
Trd, 4319201.693, 94
Trd, 4319201.743, 78
Trd, 4319201.993, 118
Trd, 4319203.843, 88
Trd, 4319205.693, 136
Trd, 4319205.793, 130
Trd, 4319206.693, 118
Trd, 4319207.543, 114
Trd, 4319208.143, 124
Trd, 4319208.893, 139
Trd, 4319209.843, 120
Trd, 4319210.143, 118
Trd, 4319210.943, 118
Trd, 4319211.343, 115
Trd, 4319211.393, 115
Trd, 4319211.443, 101
Trd, 4319211.893, 81
Trd, 4319213.193, 88
Trd, 4319213.793, 127
Trd, 4319214.643, 122
Trd, 4319215.043, 107
Trd, 4319215.393, 131
Trd, 4319216.393, 114
Trd, 4319217.443, 111
Trd, 4319218.643, 115
Trd, 4319219.393, 124
Trd, 4319220.393, 121
Trd, 4319220.493, 120
Trd, 4319221.593, 115
Trd, 4319222.043, 127
Trd, 4319222.443, 111
Trd, 4319222.493, 98
Trd, 4319222.993, 93
Trd, 4319223.293, 91
Trd, 4319223.693, 99
Trd, 4319225.443, 92
Trd, 4319225.543, 87
Trd, 4319226.093, 86
Trd, 4319227.093, 91
Trd, 4319228.343, 104
Trd, 4319228.993, 103
Trd, 4319229.093, 110
Trd, 4319229.693, 111
Trd, 4319230.143, 77
Trd, 4319230.343, 120
Trd, 4319230.493, 137
Trd, 4319230.743, 108
Trd, 4319231.743, 126
Trd, 4319232.743, 97
Trd, 4319233.543, 130
Trd, 4319234.493, 94
Trd, 4319235.743, 140
Trd, 4319235.843, 138
Trd, 4319235.893, 126
Trd, 4319236.093, 121
Trd, 4319236.643, 104
Trd, 4319237.843, 91
Trd, 4319239.943, 71
Trd, 4319240.293, 90
Trd, 4319240.593, 68
Trd, 4319242.143, 102
Trd, 4319242.393, 107
Trd, 4319243.043, 79
Trd, 4319243.293, 103
Trd, 4319243.793, 73
Trd, 4319244.143, 110
Trd, 4319244.243, 102
Trd, 4319244.443, 65
Trd, 4319245.893, 74
Trd, 4319248.393, 63
Trd, 4319249.043, 69
Trd, 4319249.443, 75
Trd, 4319249.843, 76
Trd, 4319250.043, 74
Trd, 4319250.243, 71
Trd, 4319250.493, 89
Trd, 4319250.843, 90
Trd, 4319251.743, 78
Trd, 4319252.143, 103
Trd, 4319252.443, 105
Trd, 4319253.493, 111
Trd, 4319254.843, 79
Trd, 4319255.143, 78
Trd, 4319256.043, 89
Trd, 4319256.293, 91
Trd, 4319257.693, 108
Trd, 4319259.043, 100
Trd, 4319259.593, 126
Trd, 4319259.643, 89
Trd, 4319259.793, 84
Trd, 4319260.693, 88
Trd, 4319261.043, 77
Trd, 4319261.193, 103
Trd, 4319261.643, 90
Trd, 4319264.243, 69
Trd, 4319264.393, 62
Trd, 4319265.393, 65
Trd, 4319265.593, 64
Trd, 4319265.643, 104
Trd, 4319266.393, 110
Trd, 4319266.993, 87
Trd, 4319267.643, 102
Trd, 4319267.743, 69
Trd, 4319268.443, 140
Trd, 4319269.843, 115
Trd, 4319270.493, 140
Trd, 4319270.543, 140
Trd, 4319272.393, 84
Trd, 4319273.593, 80
Trd, 4319273.893, 78
Trd, 4319274.343, 120
Trd, 4319274.643, 107
Trd, 4319275.843, 102
Trd, 4319276.143, 73
Trd, 4319276.993, 69
Trd, 4319277.143, 80
Trd, 4319278.593, 121
Trd, 4319278.893, 119
Trd, 4319279.943, 127
Trd, 4319280.243, 114
Trd, 4319280.843, 102
Trd, 4319281.493, 123
Trd, 4319281.643, 122
Trd, 4319282.643, 96
Trd, 4319283.043, 133
Trd, 4319284.393, 105
Trd, 4319284.993, 81
Trd, 4319285.943, 101
Trd, 4319286.193, 64
Trd, 4319287.243, 65
Trd, 4319287.293, 68
Trd, 4319287.543, 96
Trd, 4319288.893, 93
Trd, 4319289.193, 86
Trd, 4319289.243, 83
Trd, 4319290.543, 69
Trd, 4319291.893, 65
Trd, 4319292.243, 89
Trd, 4319292.843, 76
Trd, 4319293.143, 78
Trd, 4319293.993, 77
Trd, 4319294.443, 85
Trd, 4319294.993, 76
Trd, 4319295.543, 135
Trd, 4319295.793, 120
Trd, 4319298.543, 95
Trd, 4319299.243, 111
Trd, 4319299.943, 115
Trd, 4319300.643, 107
Trd, 4319301.193, 93
Trd, 4319301.743, 94
Trd, 4319302.293, 77
Trd, 4319304.243, 70
Trd, 4319304.493, 76
Trd, 4319304.693, 69
Trd, 4319305.693, 62
Trd, 4319305.843, 123
Trd, 4319306.093, 69
Trd, 4319307.493, 123
Trd, 4319308.393, 114
Trd, 4319308.943, 96
Trd, 4319309.393, 118
Trd, 4319311.243, 126
Trd, 4319311.743, 130
Trd, 4319311.793, 92
Trd, 4319312.343, 109
Trd, 4319312.843, 135
Trd, 4319314.143, 130
Trd, 4319314.493, 128
Trd, 4319315.093, 124
Trd, 4319315.143, 128
Trd, 4319315.993, 86
Trd, 4319317.343, 80
Trd, 4319317.393, 75
Trd, 4319319.843, 129
Trd, 4319319.993, 75
Trd, 4319320.143, 71
Trd, 4319320.593, 136
Trd, 4319320.643, 135
Trd, 4319320.993, 91
Trd, 4319321.593, 82
Trd, 4319322.493, 60
Trd, 4319323.693, 63
Trd, 4319325.393, 98
Trd, 4319325.693, 92
Trd, 4319325.943, 96
Trd, 4319326.493, 84
Trd, 4319327.243, 92
Trd, 4319328.343, 86
Trd, 4319328.793, 74
Trd, 4319330.393, 62
Trd, 4319330.743, 62
Trd, 4319331.393, 73
Trd, 4319331.543, 64
Trd, 4319332.193, 100
Trd, 4319332.243, 96
Trd, 4319332.493, 83
Trd, 4319333.193, 107
Trd, 4319333.743, 107
Trd, 4319335.793, 94
Trd, 4319336.643, 98
Trd, 4319336.693, 86
Trd, 4319336.743, 80
Trd, 4319338.193, 128
Trd, 4319339.543, 129
Trd, 4319339.643, 118
Trd, 4319339.693, 117
Trd, 4319341.193, 65
Trd, 4319342.093, 91
Trd, 4319343.043, 90
Trd, 4319344.443, 89
Trd, 4319344.743, 116
Trd, 4319345.793, 88
Trd, 4319345.993, 113
Trd, 4319346.043, 77
Trd, 4319346.993, 88
Trd, 4319347.893, 87
Trd, 4319347.993, 125
Trd, 4319348.593, 78
Trd, 4319348.643, 76
Trd, 4319349.593, 107
Trd, 4319350.043, 73
Trd, 4319350.343, 88
Trd, 4319352.043, 138
Trd, 4319352.093, 137
Trd, 4319352.343, 71
Trd, 4319352.743, 126
Trd, 4319354.643, 128
Trd, 4319355.893, 112
Trd, 4319355.943, 111
Trd, 4319356.543, 112
Trd, 4319357.543, 111
Trd, 4319357.993, 114
Trd, 4319359.043, 102
Trd, 4319359.643, 96
Trd, 4319359.793, 92
Trd, 4319359.993, 129
Trd, 4319360.243, 127
Trd, 4319360.393, 119
Trd, 4319361.093, 135
Trd, 4319361.743, 124
Trd, 4319361.993, 112
Trd, 4319363.293, 71
Trd, 4319363.593, 75
Trd, 4319363.793, 133
Trd, 4319365.243, 76
Trd, 4319365.893, 87
Trd, 4319366.093, 66
Trd, 4319367.093, 137
Trd, 4319367.193, 122
Trd, 4319368.343, 103
Trd, 4319368.793, 105
Trd, 4319368.843, 103
Trd, 4319369.493, 124
Trd, 4319370.443, 61
Trd, 4319372.493, 79
Trd, 4319373.693, 61
Trd, 4319374.443, 61
Trd, 4319374.543, 72
Trd, 4319375.543, 110
Trd, 4319375.843, 71
Trd, 4319376.093, 83
Trd, 4319376.243, 69
Trd, 4319377.093, 60
Trd, 4319377.993, 118
Trd, 4319378.193, 81
Trd, 4319380.493, 113
Trd, 4319380.593, 104
Trd, 4319381.193, 126
Trd, 4319381.643, 89
Trd, 4319382.293, 111
Trd, 4319382.543, 73
Trd, 4319383.443, 102
Trd, 4319383.493, 93
Trd, 4319385.443, 125
Trd, 4319386.443, 122
Trd, 4319387.693, 118
Trd, 4319387.893, 117
Trd, 4319388.043, 139
Trd, 4319388.393, 112
Trd, 4319389.243, 113
Trd, 4319389.693, 130
Trd, 4319391.593, 140
Trd, 4319391.793, 130
Trd, 4319392.043, 115
Trd, 4319393.393, 117
Trd, 4319393.543, 116
Trd, 4319394.993, 105
Trd, 4319395.043, 92
Trd, 4319395.143, 85
Trd, 4319397.043, 80
Trd, 4319397.243, 75
Trd, 4319397.693, 86
Trd, 4319398.843, 74
Trd, 4319399.493, 78
Trd, 4319401.943, 92
Trd, 4319402.193, 82
Trd, 4319403.043, 61
Trd, 4319404.093, 94
Trd, 4319404.593, 110
Trd, 4319405.393, 100
Trd, 4319405.493, 90
Trd, 4319406.043, 72
Trd, 4319406.443, 100
Trd, 4319406.893, 67
Trd, 4319408.043, 63
Trd, 4319409.593, 102
Trd, 4319411.393, 114
Trd, 4319411.543, 110
Trd, 4319411.643, 113
Trd, 4319411.993, 136
Trd, 4319412.143, 122
Trd, 4319412.843, 128
Trd, 4319413.443, 135
Trd, 4319414.193, 115
Trd, 4319414.393, 110
Trd, 4319415.243, 100
Trd, 4319415.293, 98
Trd, 4319416.143, 118
Trd, 4319417.243, 127
Trd, 4319417.693, 129
Trd, 4319418.993, 137
Trd, 4319419.043, 136
Trd, 4319419.443, 135
Trd, 4319419.543, 129
Trd, 4319421.243, 132
Trd, 4319421.743, 115
Trd, 4319421.843, 110
Trd, 4319422.993, 129
Trd, 4319423.843, 111
Trd, 4319424.243, 140
Trd, 4319425.393, 115
Trd, 4319425.943, 111
Trd, 4319426.293, 103
Trd, 4319426.393, 100
Trd, 4319426.693, 98
Trd, 4319428.693, 77
Trd, 4319429.843, 106
Trd, 4319429.993, 130
Trd, 4319430.093, 85
Trd, 4319431.493, 92
Trd, 4319432.093, 98
Trd, 4319432.893, 104
Trd, 4319434.043, 120
Trd, 4319434.443, 119
Trd, 4319434.543, 123
Trd, 4319435.393, 101
Trd, 4319435.743, 110
Trd, 4319436.193, 107
Trd, 4319436.243, 91
Trd, 4319436.743, 110
Trd, 4319438.143, 94
Trd, 4319438.893, 93
Trd, 4319439.043, 91
Trd, 4319439.243, 130
Trd, 4319441.893, 101
Trd, 4319441.993, 99
Trd, 4319442.193, 93
Trd, 4319442.643, 74
Trd, 4319443.193, 136
Trd, 4319445.793, 122
Trd, 4319446.243, 132
Trd, 4319446.393, 131
Trd, 4319447.143, 125
Trd, 4319447.293, 123
Trd, 4319448.543, 116
Trd, 4319449.043, 112
Trd, 4319449.293, 110
Trd, 4319449.493, 100
Trd, 4319450.243, 122
Trd, 4319452.393, 115
Trd, 4319453.193, 113
Trd, 4319454.293, 114
Trd, 4319454.993, 122
Trd, 4319455.143, 117
Trd, 4319455.293, 116
Trd, 4319455.543, 115
Trd, 4319455.793, 102
Trd, 4319455.943, 74
Trd, 4319456.543, 78
Trd, 4319458.093, 63
Trd, 4319458.343, 68
Trd, 4319458.943, 96
Trd, 4319459.543, 89
Trd, 4319460.043, 129
Trd, 4319460.243, 83
Trd, 4319460.893, 81
Trd, 4319461.093, 78
Trd, 4319464.143, 140
Trd, 4319464.493, 139
Trd, 4319464.893, 131
Trd, 4319465.643, 116
Trd, 4319466.043, 96
Trd, 4319466.793, 132
Trd, 4319467.543, 131
Trd, 4319468.543, 121
Trd, 4319469.443, 74
Trd, 4319471.743, 98
Trd, 4319471.843, 100
Trd, 4319472.343, 134
Trd, 4319473.243, 105
Trd, 4319473.893, 101
Trd, 4319474.093, 88
Trd, 4319474.743, 93
Trd, 4319474.793, 122
Trd, 4319474.993, 136
Trd, 4319475.193, 77
Trd, 4319475.493, 72
Trd, 4319477.443, 116
Trd, 4319477.643, 94
Trd, 4319478.193, 99
Trd, 4319478.493, 93
Trd, 4319479.943, 93
Trd, 4319481.543, 80
Trd, 4319481.743, 73
Trd, 4319482.543, 78
Trd, 4319483.543, 69
Trd, 4319485.193, 64
Trd, 4319485.943, 83
Trd, 4319485.993, 74
Trd, 4319487.193, 128
Trd, 4319487.243, 122
Trd, 4319489.293, 134
Trd, 4319489.643, 122
Trd, 4319490.043, 114
Trd, 4319490.093, 108
Trd, 4319490.693, 104
Trd, 4319491.043, 92
Trd, 4319491.793, 95
Trd, 4319492.193, 72
Trd, 4319493.143, 69
Trd, 4319493.343, 78
Trd, 4319493.643, 68
Trd, 4319494.843, 112
Trd, 4319495.143, 100
Trd, 4319495.193, 96
Trd, 4319496.893, 87
Trd, 4319497.243, 114
Trd, 4319498.243, 109
Trd, 4319498.443, 99
Trd, 4319499.893, 106
Trd, 4319501.143, 75
Trd, 4319501.393, 82
Trd, 4319503.343, 116
Trd, 4319503.743, 112
Trd, 4319504.093, 106
Trd, 4319504.793, 101
Trd, 4319505.143, 111
Trd, 4319505.593, 112
Trd, 4319506.393, 67
Trd, 4319508.743, 130
Trd, 4319509.393, 125
Trd, 4319509.893, 91
Trd, 4319510.593, 95
Trd, 4319511.143, 101
Trd, 4319511.693, 83
Trd, 4319512.343, 80
Trd, 4319512.943, 100
Trd, 4319513.943, 95
Trd, 4319514.593, 91
Trd, 4319514.743, 86
Trd, 4319515.843, 82
Trd, 4319516.043, 73
Trd, 4319516.293, 93
Trd, 4319516.993, 61
Trd, 4319518.043, 63
Trd, 4319519.143, 61
Trd, 4319519.493, 61
Trd, 4319519.593, 61
Trd, 4319520.293, 85
Trd, 4319521.493, 74
Trd, 4319521.543, 84
Trd, 4319522.243, 68
Trd, 4319522.793, 69
Trd, 4319523.943, 79
Trd, 4319524.643, 101
Trd, 4319525.393, 92
Trd, 4319525.543, 79
Trd, 4319527.243, 103
Trd, 4319527.893, 112
Trd, 4319528.043, 73
Trd, 4319528.243, 72
Trd, 4319529.593, 129
Trd, 4319529.693, 118
Trd, 4319529.993, 129
Trd, 4319531.593, 130
Trd, 4319532.943, 77
Trd, 4319532.993, 77
Trd, 4319534.093, 103
Trd, 4319534.293, 91
Trd, 4319534.793, 76
Trd, 4319535.043, 67
Trd, 4319535.293, 139
Trd, 4319536.943, 72
Trd, 4319537.893, 82
Trd, 4319538.243, 89
Trd, 4319539.343, 79
Trd, 4319539.893, 73
Trd, 4319540.643, 61
Trd, 4319540.693, 72
Trd, 4319540.743, 77
Trd, 4319543.093, 106
Trd, 4319543.293, 93
Trd, 4319544.343, 64
Trd, 4319545.093, 123
Trd, 4319545.143, 87
Trd, 4319545.743, 83
Trd, 4319546.793, 125
Trd, 4319547.043, 81
Trd, 4319547.543, 112
Trd, 4319547.743, 100
Trd, 4319549.443, 87
Trd, 4319550.443, 90
Trd, 4319550.593, 134
Trd, 4319551.043, 87
Trd, 4319551.793, 113
Trd, 4319552.293, 99
Trd, 4319553.693, 63
Trd, 4319553.943, 74
Trd, 4319554.893, 74
Trd, 4319555.343, 65
Trd, 4319557.643, 70
Trd, 4319559.193, 108
Trd, 4319559.293, 103
Trd, 4319559.543, 97
Trd, 4319559.843, 131
Trd, 4319560.393, 66
Trd, 4319560.993, 60
Trd, 4319561.443, 69
Trd, 4319562.693, 100
Trd, 4319563.143, 102
Trd, 4319564.043, 103
Trd, 4319565.393, 100
Trd, 4319565.493, 135
Trd, 4319566.293, 105
Trd, 4319566.643, 84
Trd, 4319566.893, 82
Trd, 4319567.093, 121
Trd, 4319567.793, 88
Trd, 4319568.693, 107
Trd, 4319569.493, 68
Trd, 4319570.143, 73
Trd, 4319570.893, 90
Trd, 4319570.943, 86
Trd, 4319572.043, 69
Trd, 4319572.643, 75
Trd, 4319573.343, 119
Trd, 4319574.893, 73
Trd, 4319575.393, 90
Trd, 4319576.143, 90
Trd, 4319576.193, 101
Trd, 4319576.443, 72
Trd, 4319577.993, 74
Trd, 4319578.093, 69
Trd, 4319579.643, 66
Trd, 4319581.293, 125
Trd, 4319581.493, 140
Trd, 4319581.943, 126
Trd, 4319582.193, 121
Trd, 4319582.293, 112
Trd, 4319583.143, 102
Trd, 4319583.343, 101
Trd, 4319583.943, 64
Trd, 4319584.993, 86
Trd, 4319585.993, 118
Trd, 4319586.143, 130
Trd, 4319586.243, 104
Trd, 4319587.243, 71
Trd, 4319587.743, 88
Trd, 4319587.943, 84
Trd, 4319588.193, 113
Trd, 4319590.143, 60
Trd, 4319590.993, 97
Trd, 4319591.093, 113
Trd, 4319592.493, 74
Trd, 4319592.643, 79
Trd, 4319593.443, 111
Trd, 4319593.693, 93
Trd, 4319594.093, 90
Trd, 4319594.643, 77
Trd, 4319595.643, 117
Trd, 4319596.793, 95
Trd, 4319597.193, 97
Trd, 4319597.943, 131
Trd, 4319598.343, 127
Trd, 4319599.093, 111
Trd, 4319599.543, 110
Trd, 4319600.543, 114
Trd, 4319601.293, 110
Trd, 4319601.343, 97
Trd, 4319601.943, 119
Trd, 4319602.493, 96
Trd, 4319603.193, 108
Trd, 4319603.993, 119
Trd, 4319604.343, 100
Trd, 4319605.643, 97
Trd, 4319605.743, 130
Trd, 4319606.243, 75
Trd, 4319606.543, 95
Trd, 4319607.793, 84
Trd, 4319608.593, 74
Trd, 4319608.893, 94
Trd, 4319608.993, 100
Trd, 4319610.093, 131
Trd, 4319610.943, 109
Trd, 4319611.193, 104
Trd, 4319611.593, 98
Trd, 4319612.793, 120
Trd, 4319613.093, 88
Trd, 4319613.843, 129
Trd, 4319614.293, 109
Trd, 4319614.393, 100
Trd, 4319615.443, 115
Trd, 4319616.843, 90
Trd, 4319616.893, 89
Trd, 4319617.893, 137
Trd, 4319618.093, 115
Trd, 4319618.293, 89
Trd, 4319618.893, 114
Trd, 4319620.593, 87
Trd, 4319620.893, 75
Trd, 4319621.593, 60
Trd, 4319622.443, 71
Trd, 4319623.993, 107
Trd, 4319624.843, 108
Trd, 4319625.443, 115
Trd, 4319625.543, 114
Trd, 4319626.043, 96
Trd, 4319626.293, 128
Trd, 4319628.093, 123
Trd, 4319628.443, 121
Trd, 4319628.793, 129
Trd, 4319629.243, 139
Trd, 4319629.993, 130
Trd, 4319630.243, 108
Trd, 4319630.893, 94
Trd, 4319631.143, 94
Trd, 4319631.243, 100
Trd, 4319631.793, 93
Trd, 4319633.443, 89
Trd, 4319633.743, 92
Trd, 4319635.843, 92
Trd, 4319635.943, 93
Trd, 4319636.193, 106
Trd, 4319637.093, 85
Trd, 4319637.893, 61
Trd, 4319638.993, 94
Trd, 4319639.443, 95
Trd, 4319640.393, 70
Trd, 4319641.193, 86
Trd, 4319642.043, 69
Trd, 4319642.393, 73
Trd, 4319643.593, 110
Trd, 4319643.843, 130
Trd, 4319644.093, 91
Trd, 4319644.543, 91
Trd, 4319646.393, 129
Trd, 4319646.893, 127
Trd, 4319647.443, 119
Trd, 4319648.443, 113
Trd, 4319649.543, 113
Trd, 4319649.743, 140
Trd, 4319650.343, 106
Trd, 4319650.543, 102
Trd, 4319651.693, 120
Trd, 4319652.693, 134
Trd, 4319653.543, 119
Trd, 4319654.343, 109
Trd, 4319654.593, 95
Trd, 4319655.543, 82
Trd, 4319655.943, 78
Trd, 4319656.643, 89
Trd, 4319657.043, 103
Trd, 4319657.093, 80
Trd, 4319658.093, 81
Trd, 4319659.043, 76
Trd, 4319659.743, 112
Trd, 4319661.843, 103
Trd, 4319661.893, 99
Trd, 4319662.443, 98
Trd, 4319662.493, 93
Trd, 4319663.543, 84
Trd, 4319664.093, 111
Trd, 4319664.143, 104
Trd, 4319665.243, 134
Trd, 4319665.593, 133
Trd, 4319666.143, 119
Trd, 4319666.743, 110
Trd, 4319667.093, 103
Trd, 4319668.643, 70
Trd, 4319669.143, 67
Trd, 4319669.443, 84
Trd, 4319670.143, 88
Trd, 4319670.243, 80
Trd, 4319673.093, 79
Trd, 4319674.343, 134
Trd, 4319674.893, 122
Trd, 4319675.293, 114
Trd, 4319675.443, 107
Trd, 4319675.543, 77
Trd, 4319676.043, 106
Trd, 4319677.393, 128
Trd, 4319677.743, 89
Trd, 4319678.193, 73
Trd, 4319679.293, 88
Trd, 4319680.443, 86
Trd, 4319682.343, 114
Trd, 4319682.443, 112
Trd, 4319683.043, 124
Trd, 4319683.643, 103
Trd, 4319683.793, 103
Trd, 4319683.843, 97
Trd, 4319685.493, 98
Trd, 4319686.493, 139
Trd, 4319687.293, 126
Trd, 4319687.893, 97
Trd, 4319688.093, 78
Trd, 4319688.893, 61
Trd, 4319688.943, 92
Trd, 4319690.143, 99
Trd, 4319690.893, 132
Trd, 4319691.143, 93
Trd, 4319691.693, 92
Trd, 4319693.643, 68
Trd, 4319694.143, 68
Trd, 4319694.993, 93
Trd, 4319696.293, 111
Trd, 4319696.393, 75
Trd, 4319696.843, 97
Trd, 4319698.343, 98
Trd, 4319698.443, 105
Trd, 4319699.143, 114
Trd, 4319699.643, 109
Trd, 4319699.743, 95
Trd, 4319700.343, 98
Trd, 4319700.593, 89
Trd, 4319700.893, 81
Trd, 4319702.593, 67
Trd, 4319702.643, 116
Trd, 4319702.993, 79
Trd, 4319704.443, 60
Trd, 4319705.293, 91
Trd, 4319707.193, 113
Trd, 4319707.593, 111
Trd, 4319708.343, 116
Trd, 4319708.443, 109
Trd, 4319709.893, 125
Trd, 4319710.393, 129
Trd, 4319711.293, 102
Trd, 4319711.543, 91
Trd, 4319712.193, 136
Trd, 4319712.943, 115
Trd, 4319713.743, 104
Trd, 4319713.993, 93
Trd, 4319714.893, 92
Trd, 4319714.993, 90
Trd, 4319715.693, 106
Trd, 4319716.693, 91
Trd, 4319716.793, 88
Trd, 4319718.843, 85
Trd, 4319718.893, 89
Trd, 4319719.343, 92
Trd, 4319720.993, 75
Trd, 4319721.743, 101
Trd, 4319723.343, 81
Trd, 4319723.543, 82
Trd, 4319723.593, 78
Trd, 4319724.243, 69
Trd, 4319724.943, 75
Trd, 4319725.443, 84
Trd, 4319726.893, 76
Trd, 4319727.493, 70
Trd, 4319727.993, 65
Trd, 4319728.143, 103
Trd, 4319728.493, 102
Trd, 4319729.843, 137
Trd, 4319730.243, 134
Trd, 4319731.293, 138
Trd, 4319731.893, 125
Trd, 4319732.043, 121
Trd, 4319733.243, 140
Trd, 4319733.843, 88
Trd, 4319734.193, 85
Trd, 4319734.693, 82
Trd, 4319735.243, 138
Trd, 4319735.743, 79
Trd, 4319736.543, 66
Trd, 4319738.143, 88
Trd, 4319739.193, 116
Trd, 4319739.393, 115
Trd, 4319740.143, 108
Trd, 4319740.393, 96
Trd, 4319741.143, 130
Trd, 4319741.893, 124
Trd, 4319742.293, 84
Trd, 4319743.493, 110
Trd, 4319743.943, 91
Trd, 4319744.243, 91
Trd, 4319745.243, 106
Trd, 4319745.443, 87
Trd, 4319745.743, 86
Trd, 4319746.193, 77
Trd, 4319747.743, 101
Trd, 4319748.643, 88
Trd, 4319749.843, 132
Trd, 4319749.993, 127
Trd, 4319750.143, 115
Trd, 4319751.143, 138
Trd, 4319751.543, 137
Trd, 4319751.943, 127
Trd, 4319753.043, 137
Trd, 4319754.243, 131
Trd, 4319755.593, 132
Trd, 4319755.693, 125
Trd, 4319755.893, 115
Trd, 4319756.643, 106
Trd, 4319756.943, 119
Trd, 4319757.093, 106
Trd, 4319757.543, 123
Trd, 4319758.743, 112
Trd, 4319758.843, 110
Trd, 4319759.543, 105
Trd, 4319760.293, 90
Trd, 4319762.443, 139
Trd, 4319762.943, 133
Trd, 4319763.693, 98
Trd, 4319764.643, 93
Trd, 4319764.693, 89
Trd, 4319765.493, 93
Trd, 4319766.393, 98
Trd, 4319767.343, 126
Trd, 4319768.043, 102
Trd, 4319768.243, 100
Trd, 4319769.193, 69
Trd, 4319769.243, 69
Trd, 4319769.443, 65
Trd, 4319770.543, 111
Trd, 4319771.793, 138
Trd, 4319772.843, 133
Trd, 4319773.493, 129
Trd, 4319773.693, 126
Trd, 4319774.593, 127
Trd, 4319774.643, 89
Trd, 4319775.493, 124
Trd, 4319776.293, 139
Trd, 4319777.093, 121
Trd, 4319777.743, 133
Trd, 4319777.843, 118
Trd, 4319779.643, 131
Trd, 4319780.143, 113
Trd, 4319781.343, 100
Trd, 4319781.393, 94
Trd, 4319781.743, 88
Trd, 4319782.193, 80
Trd, 4319783.393, 128
Trd, 4319783.743, 111
Trd, 4319784.143, 102
Trd, 4319785.093, 121
Trd, 4319785.843, 105
Trd, 4319786.843, 66
Trd, 4319788.343, 64
Trd, 4319789.293, 109
Trd, 4319789.593, 109
Trd, 4319789.893, 108
Trd, 4319790.293, 114
Trd, 4319790.743, 114
Trd, 4319790.893, 110
Trd, 4319792.143, 130
Trd, 4319792.993, 124
Trd, 4319793.043, 122
Trd, 4319793.743, 69
Trd, 4319793.843, 124
Trd, 4319795.143, 78
Trd, 4319795.993, 73
Trd, 4319796.143, 78
Trd, 4319797.793, 98
Trd, 4319798.443, 95
Trd, 4319798.893, 105
Trd, 4319799.593, 137
Trd, 4319799.693, 103
Trd, 4319799.743, 101
Trd, 4319801.093, 124
Trd, 4319802.643, 85
Trd, 4319802.993, 100
Trd, 4319803.443, 115
Trd, 4319805.243, 114
Trd, 4319805.593, 130
Trd, 4319806.493, 97
Trd, 4319807.243, 102
Trd, 4319807.343, 96
Trd, 4319808.243, 115
Trd, 4319808.943, 128
Trd, 4319809.843, 123
Trd, 4319809.893, 106
Trd, 4319810.093, 95
Trd, 4319811.093, 112
Trd, 4319811.793, 66
Trd, 4319812.493, 124
Trd, 4319813.143, 121
Trd, 4319814.293, 101
Trd, 4319814.993, 77
Trd, 4319815.893, 86
Trd, 4319815.993, 80
Trd, 4319816.443, 115
Trd, 4319817.343, 74
Trd, 4319818.193, 73
Trd, 4319818.493, 70
Trd, 4319818.943, 68
Trd, 4319819.893, 132
Trd, 4319820.593, 129
Trd, 4319820.993, 107
Trd, 4319821.943, 83
Trd, 4319822.143, 96
Trd, 4319822.743, 110
Trd, 4319824.193, 74
Trd, 4319824.843, 84
Trd, 4319827.193, 117
Trd, 4319827.593, 109
Trd, 4319827.743, 102
Trd, 4319827.843, 102
Trd, 4319828.293, 78
Trd, 4319828.393, 106
Trd, 4319828.593, 69
Trd, 4319829.693, 62
Trd, 4319829.993, 61
Trd, 4319831.643, 81
Trd, 4319832.043, 107
Trd, 4319832.343, 83
Trd, 4319832.543, 67
Trd, 4319834.043, 80
Trd, 4319834.093, 78
Trd, 4319836.243, 92
Trd, 4319836.443, 88
Trd, 4319837.343, 117
Trd, 4319837.593, 109
Trd, 4319838.843, 90
Trd, 4319839.443, 78
Trd, 4319839.743, 102
Trd, 4319840.293, 135
Trd, 4319840.593, 129
Trd, 4319840.843, 116
Trd, 4319841.293, 114
Trd, 4319842.493, 110
Trd, 4319843.243, 85
Trd, 4319843.293, 67
Trd, 4319843.693, 127
Trd, 4319843.793, 102
Trd, 4319845.893, 132
Trd, 4319846.093, 106
Trd, 4319847.243, 107
Trd, 4319847.343, 106
Trd, 4319847.543, 102
Trd, 4319847.743, 86
Trd, 4319847.893, 96
Trd, 4319848.643, 89
Trd, 4319850.493, 69
Trd, 4319851.543, 81
Trd, 4319852.643, 102
Trd, 4319853.143, 80
Trd, 4319853.393, 123
Trd, 4319854.043, 95
Trd, 4319855.193, 82
Trd, 4319855.943, 118
Trd, 4319856.543, 103
Trd, 4319857.643, 82
Trd, 4319859.193, 65
Trd, 4319859.443, 72
Trd, 4319859.743, 69
Trd, 4319860.143, 75
Trd, 4319861.043, 91
Trd, 4319861.293, 70
Trd, 4319861.643, 128
Trd, 4319862.093, 128
Trd, 4319862.893, 106
Trd, 4319862.943, 85
Trd, 4319864.293, 64
Trd, 4319864.343, 105
Trd, 4319864.943, 77
Trd, 4319866.693, 108
Trd, 4319866.893, 107
Trd, 4319868.143, 106
Trd, 4319868.393, 133
Trd, 4319869.093, 121
Trd, 4319869.293, 117
Trd, 4319870.093, 100
Trd, 4319870.493, 96
Trd, 4319872.443, 112
Trd, 4319873.693, 108
Trd, 4319874.043, 123
Trd, 4319874.393, 108
Trd, 4319874.693, 101
Trd, 4319876.043, 135
Trd, 4319876.843, 133
Trd, 4319877.193, 124
Trd, 4319878.243, 107
Trd, 4319878.693, 104
Trd, 4319879.793, 93
Trd, 4319880.693, 102
Trd, 4319881.543, 98
Trd, 4319881.643, 87
Trd, 4319881.893, 138
Trd, 4319881.993, 120
Trd, 4319883.243, 79
Trd, 4319883.443, 77
Trd, 4319883.643, 85
Trd, 4319884.443, 98
Trd, 4319884.893, 65
Trd, 4319886.193, 78
Trd, 4319886.593, 92
Trd, 4319887.443, 110
Trd, 4319887.493, 95
Trd, 4319887.993, 131
Trd, 4319890.143, 129
Trd, 4319890.243, 126
Trd, 4319890.593, 117
Trd, 4319891.793, 132
Trd, 4319892.143, 128
Trd, 4319893.493, 137
Trd, 4319893.643, 140
Trd, 4319893.893, 129
Trd, 4319894.143, 123
Trd, 4319896.043, 116
Trd, 4319896.143, 114
Trd, 4319896.243, 111
Trd, 4319896.843, 109
Trd, 4319897.393, 92
Trd, 4319897.443, 88
Trd, 4319898.643, 134
Trd, 4319901.143, 136
Trd, 4319901.443, 136
Trd, 4319901.493, 119
Trd, 4319902.493, 109
Trd, 4319902.543, 115
Trd, 4319903.043, 123
Trd, 4319903.243, 108
Trd, 4319904.893, 113
Trd, 4319905.993, 114
Trd, 4319906.193, 103
Trd, 4319906.843, 107
Trd, 4319906.893, 99
Trd, 4319907.393, 123
Trd, 4319908.393, 132
Trd, 4319908.943, 117
Trd, 4319909.043, 96
Trd, 4319910.093, 137
Trd, 4319910.693, 93
Trd, 4319911.093, 137
Trd, 4319912.643, 81
Trd, 4319913.743, 103
Trd, 4319915.293, 135
Trd, 4319915.693, 100
Trd, 4319916.793, 109
Trd, 4319917.793, 61
Trd, 4319917.943, 65
Trd, 4319918.393, 88
Trd, 4319919.493, 103
Trd, 4319920.093, 93
Trd, 4319920.243, 92
Trd, 4319920.743, 115
Trd, 4319922.093, 91
Trd, 4319922.793, 102
Trd, 4319923.293, 89
Trd, 4319923.743, 71
Trd, 4319925.043, 102
Trd, 4319925.093, 93
Trd, 4319926.843, 115
Trd, 4319927.343, 103
Trd, 4319928.343, 102
Trd, 4319928.843, 130
Trd, 4319929.243, 134
Trd, 4319929.793, 111
Trd, 4319930.593, 104
Trd, 4319931.343, 89
Trd, 4319931.993, 121
Trd, 4319932.843, 74
Trd, 4319933.443, 103
Trd, 4319934.393, 86
Trd, 4319935.043, 89
Trd, 4319936.043, 71
Trd, 4319936.743, 89
Trd, 4319937.743, 93
Trd, 4319938.193, 99
Trd, 4319938.743, 103
Trd, 4319938.793, 92
Trd, 4319939.543, 89
Trd, 4319939.793, 85
Trd, 4319941.143, 135
Trd, 4319942.493, 118
Trd, 4319943.043, 103
Trd, 4319943.493, 90
Trd, 4319944.093, 67
Trd, 4319945.393, 87
Trd, 4319946.143, 105
Trd, 4319947.093, 96
Trd, 4319947.743, 84
Trd, 4319949.193, 119
Trd, 4319949.443, 113
Trd, 4319950.143, 106
Trd, 4319950.493, 104
Trd, 4319950.593, 103
Trd, 4319951.243, 86
Trd, 4319952.043, 139
Trd, 4319954.543, 105
Trd, 4319954.743, 99
Trd, 4319955.593, 102
Trd, 4319956.793, 109
Trd, 4319956.893, 101
Trd, 4319957.243, 124
Trd, 4319957.843, 107
Trd, 4319958.143, 90
Trd, 4319958.843, 100
Trd, 4319959.843, 96
Trd, 4319959.943, 100
Trd, 4319960.143, 96
Trd, 4319961.443, 82
Trd, 4319961.693, 82
Trd, 4319961.943, 113
Trd, 4319963.193, 68
Trd, 4319963.293, 85
Trd, 4319963.543, 92
Trd, 4319963.693, 62
Trd, 4319964.543, 140
Trd, 4319964.743, 121
Trd, 4319965.793, 140
Trd, 4319966.143, 121
Trd, 4319966.443, 108
Trd, 4319967.143, 78
Trd, 4319967.443, 113
Trd, 4319969.243, 85
Trd, 4319970.193, 127
Trd, 4319971.593, 78
Trd, 4319972.893, 62
Trd, 4319973.093, 65
Trd, 4319973.243, 65
Trd, 4319973.993, 79
Trd, 4319974.143, 64
Trd, 4319975.093, 80
Trd, 4319975.443, 94
Trd, 4319976.143, 80
Trd, 4319978.043, 112
Trd, 4319979.493, 103
Trd, 4319979.543, 101
Trd, 4319980.343, 95
Trd, 4319980.693, 113
Trd, 4319981.143, 81
Trd, 4319981.243, 80
Trd, 4319981.343, 87
Trd, 4319981.893, 110
Trd, 4319982.193, 76
Trd, 4319982.643, 91
Trd, 4319983.393, 73
Trd, 4319984.543, 84
Trd, 4319985.443, 89
Trd, 4319985.543, 82
Trd, 4319987.293, 63
Trd, 4319987.893, 66
Trd, 4319988.593, 62
Trd, 4319989.043, 106
Trd, 4319990.093, 81
Trd, 4319990.243, 81
Trd, 4319990.993, 60
Trd, 4319991.743, 119
Trd, 4319992.143, 75
Trd, 4319992.493, 84
Trd, 4319992.943, 68
Trd, 4319994.443, 126
Trd, 4319994.543, 69
Trd, 4319997.843, 90
Trd, 4319999.043, 126
Trd, 4319999.093, 125
Trd, 4319999.393, 117
Trd, 4319999.593, 129
