Trd, 4318150.193, 140
Trd, 4318150.293, 125
Trd, 4318150.893, 118
Trd, 4318152.043, 135
Trd, 4318152.493, 120
Trd, 4318154.443, 70
Trd, 4318154.493, 64
Trd, 4318154.543, 72
Trd, 4318155.393, 67
Trd, 4318155.893, 120
Trd, 4318156.493, 140
Trd, 4318156.643, 128
Trd, 4318158.043, 65
Trd, 4318158.193, 62
Trd, 4318158.443, 66
Trd, 4318158.693, 115
Trd, 4318158.993, 116
Trd, 4318160.943, 61
Trd, 4318161.143, 89
Trd, 4318162.493, 102
Trd, 4318163.293, 76
Trd, 4318163.943, 85
Trd, 4318164.243, 70
Trd, 4318164.693, 84
Trd, 4318165.393, 94
Trd, 4318166.793, 80
Trd, 4318166.943, 98
Trd, 4318167.293, 109
Trd, 4318167.793, 139
Trd, 4318167.843, 81
Trd, 4318167.943, 69
Trd, 4318169.743, 60
Trd, 4318170.243, 140
Trd, 4318170.693, 62
Trd, 4318170.793, 65
Trd, 4318171.543, 63
Trd, 4318171.893, 61
Trd, 4318172.543, 66
Trd, 4318172.643, 67
Trd, 4318173.943, 119
Trd, 4318174.843, 130
Trd, 4318176.243, 64
Trd, 4318177.043, 74
Trd, 4318177.943, 80
Trd, 4318178.043, 73
Trd, 4318178.343, 139
Trd, 4318178.643, 69
Trd, 4318178.993, 116
Trd, 4318179.993, 73
Trd, 4318181.393, 83
Trd, 4318183.093, 129
Trd, 4318184.093, 118
Trd, 4318184.193, 110
Trd, 4318184.243, 121
Trd, 4318184.293, 105
Trd, 4318184.343, 95
Trd, 4318184.893, 60
Trd, 4318185.793, 60
Trd, 4318186.643, 140
Trd, 4318187.243, 140
Trd, 4318187.593, 137
Trd, 4318188.693, 124
Trd, 4318188.943, 110
Trd, 4318189.343, 81
Trd, 4318189.593, 133
Trd, 4318190.693, 60
Trd, 4318190.743, 61
Trd, 4318191.393, 77
Trd, 4318191.843, 88
Trd, 4318193.893, 127
Trd, 4318193.943, 62
Trd, 4318194.393, 93
Trd, 4318194.693, 64
Trd, 4318195.293, 140
Trd, 4318195.643, 140
Trd, 4318196.393, 127
Trd, 4318196.493, 118
Trd, 4318197.043, 115
Trd, 4318198.493, 61
Trd, 4318199.243, 92
Trd, 4318200.243, 140
Trd, 4318200.543, 139
Trd, 4318200.693, 129
Trd, 4318202.943, 140
Trd, 4318203.093, 140
Trd, 4318203.343, 138
Trd, 4318203.393, 137
Trd, 4318203.443, 125
Trd, 4318204.493, 126
Trd, 4318206.343, 129
Trd, 4318206.543, 126
Trd, 4318206.843, 139
Trd, 4318207.693, 111
Trd, 4318208.893, 140
Trd, 4318209.693, 106
Trd, 4318210.093, 111
Trd, 4318210.593, 101
Trd, 4318211.643, 138
Trd, 4318212.393, 140
Trd, 4318213.093, 139
Trd, 4318213.843, 130
Trd, 4318213.943, 130
Trd, 4318213.993, 115
Trd, 4318214.643, 140
Trd, 4318214.943, 127
Trd, 4318216.793, 60
Trd, 4318217.143, 61
Trd, 4318218.493, 81
Trd, 4318219.593, 72
Trd, 4318220.643, 60
Trd, 4318220.693, 64
Trd, 4318222.193, 140
Trd, 4318223.093, 130
Trd, 4318223.243, 129
Trd, 4318223.593, 140
Trd, 4318223.993, 140
Trd, 4318224.443, 107
Trd, 4318224.943, 104
Trd, 4318225.893, 89
Trd, 4318226.893, 89
Trd, 4318227.093, 101
Trd, 4318227.843, 93
Trd, 4318228.843, 98
Trd, 4318228.993, 63
Trd, 4318231.193, 64
Trd, 4318231.293, 66
Trd, 4318231.743, 85
Trd, 4318232.493, 139
Trd, 4318232.743, 140
Trd, 4318233.443, 139
Trd, 4318234.193, 106
Trd, 4318234.343, 104
Trd, 4318236.143, 60
Trd, 4318236.343, 62
Trd, 4318236.643, 62
Trd, 4318236.993, 73
Trd, 4318237.643, 140
Trd, 4318238.093, 140
Trd, 4318239.743, 140
Trd, 4318240.493, 118
Trd, 4318241.093, 139
Trd, 4318241.293, 120
Trd, 4318241.643, 117
Trd, 4318241.993, 101
Trd, 4318243.243, 67
Trd, 4318243.743, 87
Trd, 4318244.093, 118
Trd, 4318244.743, 76
Trd, 4318244.843, 136
Trd, 4318245.293, 118
Trd, 4318245.443, 109
Trd, 4318247.343, 140
Trd, 4318247.693, 139
Trd, 4318248.093, 125
Trd, 4318249.043, 116
Trd, 4318249.693, 138
Trd, 4318251.493, 140
Trd, 4318251.693, 128
Trd, 4318251.793, 136
Trd, 4318251.893, 125
Trd, 4318253.743, 138
Trd, 4318254.293, 140
Trd, 4318254.343, 140
Trd, 4318255.443, 138
Trd, 4318255.593, 116
Trd, 4318255.743, 84
Trd, 4318256.143, 75
Trd, 4318256.993, 108
Trd, 4318257.643, 136
Trd, 4318259.443, 95
Trd, 4318259.493, 135
Trd, 4318260.143, 104
Trd, 4318260.343, 99
Trd, 4318261.343, 65
Trd, 4318263.593, 140
Trd, 4318263.743, 140
Trd, 4318264.393, 139
Trd, 4318264.993, 128
Trd, 4318265.843, 101
Trd, 4318266.293, 61
Trd, 4318266.893, 63
Trd, 4318267.443, 65
Trd, 4318267.643, 140
Trd, 4318268.793, 63
Trd, 4318270.443, 60
Trd, 4318270.543, 61
Trd, 4318272.143, 63
Trd, 4318272.793, 62
Trd, 4318273.143, 63
Trd, 4318273.393, 66
Trd, 4318273.993, 67
Trd, 4318275.643, 81
Trd, 4318276.393, 67
Trd, 4318276.843, 81
Trd, 4318278.293, 61
Trd, 4318278.393, 63
Trd, 4318278.843, 88
Trd, 4318279.093, 112
Trd, 4318281.093, 77
Trd, 4318281.393, 87
Trd, 4318281.543, 104
Trd, 4318281.943, 112
Trd, 4318282.993, 117
Trd, 4318285.743, 140
Trd, 4318285.993, 139
Trd, 4318286.343, 113
Trd, 4318286.693, 101
Trd, 4318287.093, 104
Trd, 4318287.593, 86
Trd, 4318288.543, 140
Trd, 4318289.343, 135
Trd, 4318290.243, 130
Trd, 4318290.893, 140
Trd, 4318290.943, 126
Trd, 4318291.893, 105
Trd, 4318292.543, 137
Trd, 4318293.193, 127
Trd, 4318293.893, 117
Trd, 4318294.493, 140
Trd, 4318294.793, 83
Trd, 4318295.993, 128
Trd, 4318296.343, 139
Trd, 4318296.393, 102
Trd, 4318296.893, 100
Trd, 4318297.543, 140
Trd, 4318297.993, 140
Trd, 4318298.593, 75
Trd, 4318299.793, 78
Trd, 4318299.993, 95
Trd, 4318300.443, 95
Trd, 4318301.543, 108
Trd, 4318301.943, 60
Trd, 4318302.693, 91
Trd, 4318303.793, 140
Trd, 4318303.993, 140
Trd, 4318305.193, 138
Trd, 4318305.893, 124
Trd, 4318306.493, 120
Trd, 4318306.743, 110
Trd, 4318307.043, 96
Trd, 4318307.293, 80
Trd, 4318308.993, 139
Trd, 4318309.443, 139
Trd, 4318309.643, 130
Trd, 4318309.743, 114
Trd, 4318310.543, 138
Trd, 4318310.843, 123
Trd, 4318311.093, 119
Trd, 4318311.993, 132
Trd, 4318313.443, 137
Trd, 4318313.843, 136
Trd, 4318314.093, 91
Trd, 4318315.543, 140
Trd, 4318315.893, 120
Trd, 4318316.243, 118
Trd, 4318316.643, 140
Trd, 4318317.343, 104
Trd, 4318318.043, 83
Trd, 4318318.443, 97
Trd, 4318318.893, 71
Trd, 4318319.543, 60
Trd, 4318320.293, 91
Trd, 4318321.393, 91
Trd, 4318321.993, 140
Trd, 4318323.293, 139
Trd, 4318323.593, 129
Trd, 4318323.843, 125
Trd, 4318324.193, 79
Trd, 4318324.293, 82
Trd, 4318325.443, 119
Trd, 4318326.093, 77
Trd, 4318326.693, 61
Trd, 4318327.243, 62
Trd, 4318327.693, 96
Trd, 4318328.393, 140
Trd, 4318328.643, 125
Trd, 4318330.193, 140
Trd, 4318330.543, 138
Trd, 4318331.293, 122
Trd, 4318331.993, 97
Trd, 4318332.693, 139
Trd, 4318332.843, 82
Trd, 4318333.893, 71
Trd, 4318334.193, 102
Trd, 4318334.493, 137
Trd, 4318334.793, 84
Trd, 4318335.843, 128
Trd, 4318336.493, 137
Trd, 4318338.243, 113
Trd, 4318338.443, 136
Trd, 4318338.643, 118
Trd, 4318338.743, 121
Trd, 4318339.343, 60
Trd, 4318339.993, 111
Trd, 4318341.143, 113
Trd, 4318341.443, 127
Trd, 4318342.243, 140
Trd, 4318342.293, 68
Trd, 4318342.843, 67
Trd, 4318343.343, 135
Trd, 4318343.493, 66
Trd, 4318345.343, 78
Trd, 4318345.643, 133
Trd, 4318345.793, 139
Trd, 4318345.843, 93
Trd, 4318347.493, 61
Trd, 4318348.443, 63
Trd, 4318348.593, 64
Trd, 4318349.643, 70
Trd, 4318349.993, 60
Trd, 4318351.493, 64
Trd, 4318353.193, 60
Trd, 4318353.743, 60
Trd, 4318354.293, 69
Trd, 4318355.893, 71
Trd, 4318356.093, 72
Trd, 4318356.243, 70
Trd, 4318356.643, 88
Trd, 4318357.293, 123
Trd, 4318358.543, 100
Trd, 4318359.043, 139
Trd, 4318359.293, 114
Trd, 4318359.343, 99
Trd, 4318359.593, 83
Trd, 4318359.943, 73
Trd, 4318360.193, 71
Trd, 4318362.243, 62
Trd, 4318363.143, 137
Trd, 4318363.843, 140
Trd, 4318363.993, 125
Trd, 4318364.093, 124
Trd, 4318365.543, 140
Trd, 4318365.843, 139
Trd, 4318366.043, 128
Trd, 4318367.243, 114
Trd, 4318367.793, 71
Trd, 4318368.993, 140
Trd, 4318372.243, 137
Trd, 4318372.843, 140
Trd, 4318372.893, 125
Trd, 4318373.043, 122
Trd, 4318373.643, 123
Trd, 4318373.793, 97
Trd, 4318374.493, 129
Trd, 4318375.443, 140
Trd, 4318376.043, 140
Trd, 4318376.243, 138
Trd, 4318376.393, 119
Trd, 4318376.893, 134
Trd, 4318377.243, 115
Trd, 4318377.993, 132
Trd, 4318378.393, 106
Trd, 4318379.893, 64
Trd, 4318379.993, 60
Trd, 4318381.743, 140
Trd, 4318381.793, 140
Trd, 4318382.893, 140
Trd, 4318383.943, 140
Trd, 4318385.293, 140
Trd, 4318386.093, 140
Trd, 4318386.343, 140
Trd, 4318386.793, 127
Trd, 4318387.743, 104
Trd, 4318388.193, 98
Trd, 4318388.743, 103
Trd, 4318388.943, 104
Trd, 4318389.193, 96
Trd, 4318390.243, 136
Trd, 4318390.493, 128
Trd, 4318392.043, 137
Trd, 4318393.243, 140
Trd, 4318393.993, 140
Trd, 4318394.943, 140
Trd, 4318394.993, 128
Trd, 4318395.593, 140
Trd, 4318396.443, 129
Trd, 4318396.543, 135
Trd, 4318397.293, 140
Trd, 4318397.543, 131
Trd, 4318397.843, 121
Trd, 4318398.843, 135
Trd, 4318398.943, 106
Trd, 4318399.193, 130
Trd, 4318400.743, 139
Trd, 4318401.693, 60
Trd, 4318402.593, 63
Trd, 4318402.993, 63
Trd, 4318403.643, 82
Trd, 4318404.093, 63
Trd, 4318404.643, 72
Trd, 4318405.393, 73
Trd, 4318405.893, 64
Trd, 4318405.943, 98
Trd, 4318406.143, 106
Trd, 4318406.893, 62
Trd, 4318407.293, 63
Trd, 4318407.393, 70
Trd, 4318408.343, 60
Trd, 4318409.943, 121
Trd, 4318410.493, 114
Trd, 4318411.243, 70
Trd, 4318412.693, 82
Trd, 4318412.843, 97
Trd, 4318412.993, 139
Trd, 4318413.943, 65
Trd, 4318414.643, 120
Trd, 4318416.543, 90
Trd, 4318416.593, 89
Trd, 4318416.693, 125
Trd, 4318417.493, 139
Trd, 4318418.743, 136
Trd, 4318419.243, 130
Trd, 4318419.293, 125
Trd, 4318420.443, 140
Trd, 4318420.543, 129
Trd, 4318420.793, 115
Trd, 4318421.043, 139
Trd, 4318421.493, 64
Trd, 4318421.593, 65
Trd, 4318421.993, 61
Trd, 4318422.293, 68
Trd, 4318423.993, 139
Trd, 4318424.393, 134
Trd, 4318424.543, 129
Trd, 4318424.943, 120
Trd, 4318427.193, 81
Trd, 4318427.843, 140
Trd, 4318427.993, 128
Trd, 4318428.793, 127
Trd, 4318429.043, 113
Trd, 4318429.243, 135
Trd, 4318429.443, 116
Trd, 4318430.743, 134
Trd, 4318430.943, 139
Trd, 4318431.893, 109
Trd, 4318431.943, 93
Trd, 4318433.893, 140
Trd, 4318434.043, 140
Trd, 4318434.243, 132
Trd, 4318434.743, 126
Trd, 4318435.093, 125
Trd, 4318435.193, 64
Trd, 4318437.343, 139
Trd, 4318437.743, 137
Trd, 4318439.293, 136
Trd, 4318440.393, 130
Trd, 4318440.943, 136
Trd, 4318442.693, 140
Trd, 4318442.893, 140
Trd, 4318443.343, 139
Trd, 4318443.593, 136
Trd, 4318443.643, 127
Trd, 4318444.143, 135
Trd, 4318444.243, 126
Trd, 4318445.043, 116
Trd, 4318445.393, 140
Trd, 4318447.493, 140
Trd, 4318448.043, 139
Trd, 4318448.643, 138
Trd, 4318449.693, 128
Trd, 4318451.193, 106
Trd, 4318451.343, 103
Trd, 4318452.643, 139
Trd, 4318453.443, 102
Trd, 4318453.543, 94
Trd, 4318453.743, 94
Trd, 4318455.043, 138
Trd, 4318455.693, 138
Trd, 4318456.293, 140
Trd, 4318456.993, 139
Trd, 4318457.243, 118
Trd, 4318457.593, 110
Trd, 4318457.943, 133
Trd, 4318458.493, 63
Trd, 4318459.693, 140
Trd, 4318459.993, 140
Trd, 4318460.093, 140
Trd, 4318460.643, 61
Trd, 4318461.693, 106
Trd, 4318462.943, 114
Trd, 4318463.593, 127
Trd, 4318463.843, 134
Trd, 4318464.043, 98
Trd, 4318464.493, 89
Trd, 4318465.543, 60
Trd, 4318465.693, 61
Trd, 4318466.043, 80
Trd, 4318466.793, 140
Trd, 4318467.043, 140
Trd, 4318467.693, 139
Trd, 4318468.243, 126
Trd, 4318468.543, 120
Trd, 4318469.443, 114
Trd, 4318470.493, 89
Trd, 4318471.793, 136
Trd, 4318472.793, 139
Trd, 4318473.193, 139
Trd, 4318474.693, 123
Trd, 4318475.043, 120
Trd, 4318475.843, 137
Trd, 4318475.893, 126
Trd, 4318476.593, 119
Trd, 4318477.543, 116
Trd, 4318478.943, 62
Trd, 4318480.043, 60
Trd, 4318480.193, 64
Trd, 4318480.693, 72
Trd, 4318481.543, 89
Trd, 4318482.093, 100
Trd, 4318482.193, 62
Trd, 4318483.043, 66
Trd, 4318483.143, 128
Trd, 4318483.993, 65
Trd, 4318484.893, 78
Trd, 4318485.293, 95
Trd, 4318485.843, 116
Trd, 4318487.343, 139
Trd, 4318487.543, 126
Trd, 4318488.043, 62
Trd, 4318488.693, 139
Trd, 4318489.243, 138
Trd, 4318489.393, 137
Trd, 4318490.193, 134
Trd, 4318490.943, 89
Trd, 4318491.593, 87
Trd, 4318492.443, 94
Trd, 4318493.943, 134
Trd, 4318494.893, 140
Trd, 4318495.443, 137
Trd, 4318495.493, 126
Trd, 4318496.343, 139
Trd, 4318497.193, 139
Trd, 4318497.493, 138
Trd, 4318497.543, 125
Trd, 4318499.543, 61
Trd, 4318499.643, 62
Trd, 4318500.043, 62
Trd, 4318500.343, 60
Trd, 4318500.593, 64
Trd, 4318501.793, 60
Trd, 4318502.043, 60
Trd, 4318503.943, 60
Trd, 4318504.143, 63
Trd, 4318504.793, 131
Trd, 4318505.993, 62
Trd, 4318506.643, 65
Trd, 4318506.943, 75
Trd, 4318508.993, 73
Trd, 4318510.193, 65
Trd, 4318510.293, 105
Trd, 4318510.593, 121
Trd, 4318511.693, 98
Trd, 4318512.193, 96
Trd, 4318512.393, 139
Trd, 4318514.343, 140
Trd, 4318515.343, 140
Trd, 4318515.643, 129
Trd, 4318515.693, 125
Trd, 4318516.193, 138
Trd, 4318517.393, 123
Trd, 4318518.043, 133
Trd, 4318519.143, 140
Trd, 4318520.343, 120
Trd, 4318520.393, 137
Trd, 4318520.443, 119
Trd, 4318520.993, 109
Trd, 4318521.543, 108
Trd, 4318523.543, 140
Trd, 4318523.993, 140
Trd, 4318524.543, 128
Trd, 4318525.243, 139
Trd, 4318525.793, 139
Trd, 4318526.843, 135
Trd, 4318526.943, 126
Trd, 4318528.293, 134
Trd, 4318528.793, 136
Trd, 4318529.243, 123
Trd, 4318529.293, 122
Trd, 4318529.593, 137
Trd, 4318531.743, 140
Trd, 4318531.993, 139
Trd, 4318533.243, 140
Trd, 4318535.193, 139
Trd, 4318536.643, 137
Trd, 4318536.793, 139
Trd, 4318536.893, 119
Trd, 4318537.543, 118
Trd, 4318538.743, 60
Trd, 4318538.843, 126
Trd, 4318539.043, 66
Trd, 4318539.443, 113
Trd, 4318539.943, 104
Trd, 4318541.543, 137
Trd, 4318541.743, 134
Trd, 4318542.093, 140
Trd, 4318542.893, 138
Trd, 4318545.093, 61
Trd, 4318545.693, 138
Trd, 4318545.893, 140
Trd, 4318546.043, 124
Trd, 4318546.343, 94
Trd, 4318548.293, 140
Trd, 4318548.643, 140
Trd, 4318549.443, 140
Trd, 4318549.643, 127
Trd, 4318549.943, 83
Trd, 4318553.043, 140
Trd, 4318553.093, 139
Trd, 4318553.293, 139
Trd, 4318553.543, 137
Trd, 4318553.593, 134
Trd, 4318555.043, 140
Trd, 4318555.393, 118
Trd, 4318556.193, 140
Trd, 4318556.293, 139
Trd, 4318557.243, 93
Trd, 4318558.193, 100
Trd, 4318559.093, 139
Trd, 4318559.843, 140
Trd, 4318560.143, 138
Trd, 4318560.643, 127
Trd, 4318561.293, 118
Trd, 4318563.693, 139
Trd, 4318564.243, 140
Trd, 4318565.643, 139
Trd, 4318565.793, 138
Trd, 4318566.293, 136
Trd, 4318566.393, 135
Trd, 4318566.593, 110
Trd, 4318568.243, 127
Trd, 4318569.243, 139
Trd, 4318569.893, 130
Trd, 4318570.593, 123
Trd, 4318571.443, 96
Trd, 4318571.643, 81
Trd, 4318572.193, 61
Trd, 4318575.393, 60
Trd, 4318575.943, 60
Trd, 4318576.143, 64
Trd, 4318576.793, 62
Trd, 4318577.093, 63
Trd, 4318577.743, 65
Trd, 4318578.743, 140
Trd, 4318580.343, 139
Trd, 4318580.993, 73
Trd, 4318581.093, 74
Trd, 4318581.543, 70
Trd, 4318581.743, 65
Trd, 4318582.893, 64
Trd, 4318583.793, 93
Trd, 4318585.393, 136
Trd, 4318585.593, 122
Trd, 4318586.593, 111
Trd, 4318587.193, 140
Trd, 4318587.443, 140
Trd, 4318588.593, 140
Trd, 4318588.793, 140
Trd, 4318588.993, 139
Trd, 4318589.243, 136
Trd, 4318589.293, 128
Trd, 4318589.593, 139
Trd, 4318591.393, 91
Trd, 4318592.443, 140
Trd, 4318592.793, 140
Trd, 4318592.843, 132
Trd, 4318593.693, 140
Trd, 4318594.393, 139
Trd, 4318595.193, 140
Trd, 4318595.943, 129
Trd, 4318596.493, 115
Trd, 4318597.093, 104
Trd, 4318597.243, 67
Trd, 4318598.293, 64
Trd, 4318599.593, 140
Trd, 4318600.293, 140
Trd, 4318600.343, 140
Trd, 4318600.943, 125
Trd, 4318601.243, 115
Trd, 4318601.493, 108
Trd, 4318601.943, 123
Trd, 4318602.593, 140
Trd, 4318602.693, 71
Trd, 4318603.443, 137
Trd, 4318603.593, 124
Trd, 4318605.593, 130
Trd, 4318606.193, 113
Trd, 4318607.343, 139
Trd, 4318607.693, 136
Trd, 4318609.593, 118
Trd, 4318610.043, 107
Trd, 4318612.093, 140
Trd, 4318612.693, 140
Trd, 4318612.843, 140
Trd, 4318613.043, 139
Trd, 4318613.343, 129
Trd, 4318613.943, 105
Trd, 4318614.293, 107
Trd, 4318615.343, 95
Trd, 4318615.743, 99
Trd, 4318615.793, 124
Trd, 4318618.093, 140
Trd, 4318618.243, 140
Trd, 4318618.343, 140
Trd, 4318618.843, 127
Trd, 4318620.043, 85
Trd, 4318620.293, 78
Trd, 4318620.643, 66
Trd, 4318620.843, 61
Trd, 4318621.843, 140
Trd, 4318622.893, 124
Trd, 4318623.293, 116
Trd, 4318623.893, 140
Trd, 4318625.193, 106
Trd, 4318625.443, 91
Trd, 4318625.543, 72
Trd, 4318626.543, 64
Trd, 4318626.593, 65
Trd, 4318627.493, 84
Trd, 4318627.893, 60
Trd, 4318628.793, 140
Trd, 4318629.493, 140
Trd, 4318630.243, 140
Trd, 4318630.493, 131
Trd, 4318630.943, 125
Trd, 4318631.543, 140
Trd, 4318631.593, 133
Trd, 4318632.893, 140
Trd, 4318633.993, 140
Trd, 4318634.693, 112
Trd, 4318635.193, 73
Trd, 4318635.693, 116
Trd, 4318635.993, 86
Trd, 4318636.843, 61
Trd, 4318638.393, 79
Trd, 4318638.543, 100
Trd, 4318639.043, 79
Trd, 4318639.593, 138
Trd, 4318640.193, 138
Trd, 4318640.443, 80
Trd, 4318641.593, 92
Trd, 4318641.893, 138
Trd, 4318643.743, 137
Trd, 4318645.693, 140
Trd, 4318646.043, 138
Trd, 4318647.393, 140
Trd, 4318647.743, 128
Trd, 4318648.243, 127
Trd, 4318650.343, 131
Trd, 4318650.443, 126
Trd, 4318650.693, 121
Trd, 4318651.193, 140
Trd, 4318651.793, 60
Trd, 4318653.043, 64
Trd, 4318653.643, 65
Trd, 4318654.693, 99
Trd, 4318656.143, 140
Trd, 4318656.693, 140
Trd, 4318657.093, 139
Trd, 4318657.143, 125
Trd, 4318657.443, 80
Trd, 4318658.343, 108
Trd, 4318659.543, 140
Trd, 4318660.443, 140
Trd, 4318660.943, 138
Trd, 4318661.593, 138
Trd, 4318661.943, 140
Trd, 4318662.793, 140
Trd, 4318662.893, 133
Trd, 4318665.243, 140
Trd, 4318665.493, 139
Trd, 4318665.543, 118
Trd, 4318665.593, 117
Trd, 4318665.943, 79
Trd, 4318667.143, 117
Trd, 4318668.493, 63
Trd, 4318668.893, 67
Trd, 4318669.393, 129
Trd, 4318669.593, 122
Trd, 4318669.693, 113
Trd, 4318669.743, 112
Trd, 4318670.243, 104
Trd, 4318670.393, 139
Trd, 4318671.243, 67
Trd, 4318671.643, 75
Trd, 4318673.143, 139
Trd, 4318673.593, 87
Trd, 4318673.943, 140
Trd, 4318674.543, 129
Trd, 4318674.843, 118
Trd, 4318675.893, 111
Trd, 4318676.793, 108
Trd, 4318677.093, 131
Trd, 4318677.693, 97
Trd, 4318677.893, 97
Trd, 4318678.743, 140
Trd, 4318679.843, 140
Trd, 4318680.543, 139
Trd, 4318681.343, 129
Trd, 4318681.543, 118
Trd, 4318681.943, 140
Trd, 4318682.293, 140
Trd, 4318683.393, 139
Trd, 4318684.693, 117
Trd, 4318685.693, 114
Trd, 4318685.893, 137
Trd, 4318686.193, 91
Trd, 4318687.243, 90
Trd, 4318688.093, 130
Trd, 4318688.443, 64
Trd, 4318689.293, 139
Trd, 4318689.943, 125
Trd, 4318691.143, 139
Trd, 4318692.093, 130
Trd, 4318692.793, 119
Trd, 4318693.293, 140
Trd, 4318693.893, 140
Trd, 4318694.443, 128
Trd, 4318696.093, 125
Trd, 4318696.543, 138
Trd, 4318698.193, 140
Trd, 4318698.393, 140
Trd, 4318698.943, 129
Trd, 4318699.143, 118
Trd, 4318699.443, 114
Trd, 4318700.343, 108
Trd, 4318700.593, 97
Trd, 4318701.643, 120
Trd, 4318702.593, 110
Trd, 4318702.643, 93
Trd, 4318703.143, 95
Trd, 4318704.143, 60
Trd, 4318704.593, 60
Trd, 4318705.993, 60
Trd, 4318706.343, 98
Trd, 4318707.843, 95
Trd, 4318708.143, 90
Trd, 4318708.893, 105
Trd, 4318709.693, 128
Trd, 4318709.743, 106
Trd, 4318710.343, 140
Trd, 4318712.443, 138
Trd, 4318712.493, 138
Trd, 4318712.743, 118
Trd, 4318713.643, 124
Trd, 4318714.393, 139
Trd, 4318715.243, 112
Trd, 4318715.543, 134
Trd, 4318716.293, 102
Trd, 4318717.093, 140
Trd, 4318718.743, 140
Trd, 4318719.443, 139
Trd, 4318719.543, 128
Trd, 4318719.943, 116
Trd, 4318721.493, 129
Trd, 4318722.443, 140
Trd, 4318724.343, 140
Trd, 4318724.593, 140
Trd, 4318724.943, 140
Trd, 4318725.193, 139
Trd, 4318725.793, 119
Trd, 4318725.993, 95
Trd, 4318726.143, 100
Trd, 4318728.193, 60
Trd, 4318728.893, 74
Trd, 4318729.743, 78
Trd, 4318730.793, 109
Trd, 4318730.843, 108
Trd, 4318731.043, 118
Trd, 4318733.193, 140
Trd, 4318733.243, 139
Trd, 4318734.043, 140
Trd, 4318735.193, 140
Trd, 4318735.893, 125
Trd, 4318736.093, 116
Trd, 4318737.543, 137
Trd, 4318738.343, 140
Trd, 4318738.593, 132
Trd, 4318739.093, 114
Trd, 4318740.293, 68
Trd, 4318740.443, 77
Trd, 4318740.943, 136
Trd, 4318742.893, 138
Trd, 4318743.293, 130
Trd, 4318744.243, 131
Trd, 4318745.193, 129
Trd, 4318745.943, 124
Trd, 4318746.193, 125
Trd, 4318746.693, 117
Trd, 4318746.743, 112
Trd, 4318747.143, 111
Trd, 4318748.193, 140
Trd, 4318748.243, 140
Trd, 4318749.193, 87
Trd, 4318749.743, 68
Trd, 4318750.443, 74
Trd, 4318750.793, 122
Trd, 4318751.643, 63
Trd, 4318752.693, 121
Trd, 4318752.843, 62
Trd, 4318753.743, 71
Trd, 4318753.993, 60
Trd, 4318754.193, 72
Trd, 4318756.043, 140
Trd, 4318757.043, 137
Trd, 4318757.193, 127
Trd, 4318758.543, 140
Trd, 4318759.143, 139
Trd, 4318759.243, 129
Trd, 4318759.643, 140
Trd, 4318760.343, 119
Trd, 4318761.043, 118
Trd, 4318761.393, 126
Trd, 4318761.593, 127
Trd, 4318761.893, 108
Trd, 4318762.343, 135
Trd, 4318762.543, 134
Trd, 4318763.343, 60
Trd, 4318763.993, 69
Trd, 4318764.743, 60
Trd, 4318765.943, 73
Trd, 4318766.943, 75
Trd, 4318768.293, 63
Trd, 4318769.943, 134
Trd, 4318770.793, 81
Trd, 4318770.893, 80
Trd, 4318771.043, 140
Trd, 4318771.393, 137
Trd, 4318772.243, 100
Trd, 4318772.643, 118
Trd, 4318773.643, 140
Trd, 4318774.043, 137
Trd, 4318774.093, 124
Trd, 4318774.893, 136
Trd, 4318776.643, 109
Trd, 4318776.693, 110
Trd, 4318776.943, 90
Trd, 4318778.593, 140
Trd, 4318779.343, 139
Trd, 4318779.743, 138
Trd, 4318780.393, 136
Trd, 4318781.293, 108
Trd, 4318782.093, 85
Trd, 4318782.143, 77
Trd, 4318783.043, 96
Trd, 4318783.343, 98
Trd, 4318784.343, 62
Trd, 4318784.993, 73
Trd, 4318786.093, 106
Trd, 4318786.793, 140
Trd, 4318786.843, 97
Trd, 4318787.143, 140
Trd, 4318787.943, 128
Trd, 4318788.343, 119
Trd, 4318788.943, 140
Trd, 4318789.793, 140
Trd, 4318791.093, 139
Trd, 4318792.293, 135
Trd, 4318792.643, 140
Trd, 4318793.743, 139
Trd, 4318794.143, 140
Trd, 4318794.243, 128
Trd, 4318794.343, 127
Trd, 4318794.893, 122
Trd, 4318795.243, 98
Trd, 4318797.943, 102
Trd, 4318798.293, 138
Trd, 4318798.493, 88
Trd, 4318798.593, 122
Trd, 4318800.493, 60
Trd, 4318800.593, 62
Trd, 4318801.343, 98
Trd, 4318801.743, 130
Trd, 4318801.943, 93
Trd, 4318802.943, 137
Trd, 4318803.443, 105
Trd, 4318804.143, 97
Trd, 4318804.293, 85
Trd, 4318805.043, 116
Trd, 4318805.543, 109
Trd, 4318806.093, 102
Trd, 4318808.143, 125
Trd, 4318808.243, 92
Trd, 4318809.293, 71
Trd, 4318809.843, 140
Trd, 4318810.243, 115
Trd, 4318810.593, 114
Trd, 4318811.343, 140
Trd, 4318812.743, 140
Trd, 4318813.443, 118
Trd, 4318814.693, 140
Trd, 4318815.843, 140
Trd, 4318816.193, 123
Trd, 4318816.293, 116
Trd, 4318816.443, 106
Trd, 4318816.493, 106
Trd, 4318817.493, 60
Trd, 4318817.593, 63
Trd, 4318817.793, 87
Trd, 4318818.943, 116
Trd, 4318819.743, 140
Trd, 4318819.793, 135
Trd, 4318821.493, 140
Trd, 4318821.793, 108
Trd, 4318822.293, 140
Trd, 4318823.343, 110
Trd, 4318824.093, 140
Trd, 4318824.493, 139
Trd, 4318825.193, 124
Trd, 4318825.693, 140
Trd, 4318826.043, 128
Trd, 4318827.343, 111
Trd, 4318827.643, 111
Trd, 4318827.693, 87
Trd, 4318827.943, 139
Trd, 4318829.043, 139
Trd, 4318829.743, 137
Trd, 4318830.443, 137
Trd, 4318831.293, 137
Trd, 4318831.593, 140
Trd, 4318832.093, 137
Trd, 4318833.243, 113
Trd, 4318834.493, 140
Trd, 4318834.593, 139
Trd, 4318834.943, 123
Trd, 4318835.393, 140
Trd, 4318835.693, 118
Trd, 4318836.343, 69
Trd, 4318837.493, 71
Trd, 4318837.743, 87
Trd, 4318838.093, 66
Trd, 4318838.493, 131
Trd, 4318838.993, 69
Trd, 4318840.693, 140
Trd, 4318841.593, 140
Trd, 4318841.943, 140
Trd, 4318842.143, 139
Trd, 4318842.693, 140
Trd, 4318842.993, 139
Trd, 4318844.343, 140
Trd, 4318844.743, 136
Trd, 4318844.943, 136
Trd, 4318845.543, 140
Trd, 4318845.843, 123
Trd, 4318847.093, 139
Trd, 4318847.193, 128
Trd, 4318847.943, 132
Trd, 4318849.243, 139
Trd, 4318850.593, 140
Trd, 4318851.193, 129
Trd, 4318851.293, 134
Trd, 4318851.393, 110
Trd, 4318852.043, 140
Trd, 4318852.643, 121
Trd, 4318853.093, 115
Trd, 4318853.693, 111
Trd, 4318854.043, 140
Trd, 4318854.093, 103
Trd, 4318854.443, 103
Trd, 4318855.493, 140
Trd, 4318856.693, 140
Trd, 4318856.943, 129
Trd, 4318857.393, 105
Trd, 4318857.493, 87
Trd, 4318858.943, 87
Trd, 4318860.843, 60
Trd, 4318861.343, 60
Trd, 4318861.493, 60
Trd, 4318862.043, 63
Trd, 4318862.593, 65
Trd, 4318864.543, 140
Trd, 4318865.293, 140
Trd, 4318866.093, 140
Trd, 4318866.543, 139
Trd, 4318868.293, 138
Trd, 4318868.843, 136
Trd, 4318869.043, 129
Trd, 4318869.093, 121
Trd, 4318869.643, 140
Trd, 4318870.093, 116
Trd, 4318870.343, 105
Trd, 4318871.143, 75
Trd, 4318872.143, 61
Trd, 4318872.443, 63
Trd, 4318873.443, 61
Trd, 4318874.043, 61
Trd, 4318874.793, 60
Trd, 4318875.093, 62
Trd, 4318876.243, 139
Trd, 4318876.993, 137
Trd, 4318877.243, 140
Trd, 4318877.343, 73
Trd, 4318877.493, 72
Trd, 4318879.293, 135
Trd, 4318880.043, 109
Trd, 4318881.393, 140
Trd, 4318883.293, 137
Trd, 4318883.793, 119
Trd, 4318883.993, 118
Trd, 4318884.043, 110
Trd, 4318884.593, 109
Trd, 4318884.793, 92
Trd, 4318887.743, 140
Trd, 4318888.243, 139
Trd, 4318888.793, 139
Trd, 4318889.093, 128
Trd, 4318889.743, 114
Trd, 4318891.093, 139
Trd, 4318891.293, 139
Trd, 4318891.593, 138
Trd, 4318892.143, 118
Trd, 4318893.193, 126
Trd, 4318894.543, 140
Trd, 4318895.293, 140
Trd, 4318896.543, 139
Trd, 4318896.593, 128
Trd, 4318896.843, 125
Trd, 4318896.943, 120
Trd, 4318897.843, 136
Trd, 4318898.343, 115
Trd, 4318899.093, 140
Trd, 4318899.843, 99
Trd, 4318902.093, 140
Trd, 4318902.443, 140
Trd, 4318902.593, 139
Trd, 4318903.143, 139
Trd, 4318903.243, 139
Trd, 4318904.093, 140
Trd, 4318904.393, 128
Trd, 4318906.143, 140
Trd, 4318906.743, 140
Trd, 4318907.493, 129
Trd, 4318907.543, 118
Trd, 4318907.943, 140
Trd, 4318908.993, 135
Trd, 4318909.493, 104
Trd, 4318909.793, 140
Trd, 4318910.843, 73
Trd, 4318911.193, 74
Trd, 4318912.243, 135
Trd, 4318913.193, 106
Trd, 4318913.843, 127
Trd, 4318914.393, 119
Trd, 4318914.943, 116
Trd, 4318915.343, 104
Trd, 4318915.443, 114
Trd, 4318915.543, 96
Trd, 4318916.743, 94
Trd, 4318917.443, 136
Trd, 4318918.193, 140
Trd, 4318918.843, 125
Trd, 4318919.093, 111
Trd, 4318920.193, 101
Trd, 4318920.543, 114
Trd, 4318920.793, 134
Trd, 4318921.143, 72
Trd, 4318921.293, 72
Trd, 4318922.793, 60
Trd, 4318924.093, 66
Trd, 4318924.993, 77
Trd, 4318925.393, 80
Trd, 4318926.143, 83
Trd, 4318926.493, 78
Trd, 4318926.543, 68
Trd, 4318927.243, 94
Trd, 4318927.443, 84
Trd, 4318929.043, 62
Trd, 4318929.993, 118
Trd, 4318930.343, 112
Trd, 4318931.893, 94
Trd, 4318932.243, 95
Trd, 4318932.943, 134
Trd, 4318933.593, 77
Trd, 4318933.693, 138
Trd, 4318934.193, 123
Trd, 4318934.743, 140
Trd, 4318935.393, 103
Trd, 4318935.643, 101
Trd, 4318935.693, 101
Trd, 4318936.293, 60
Trd, 4318938.443, 140
Trd, 4318938.543, 126
Trd, 4318939.693, 139
Trd, 4318940.093, 139
Trd, 4318940.193, 139
Trd, 4318940.243, 122
Trd, 4318940.693, 88
Trd, 4318941.543, 139
Trd, 4318942.893, 71
Trd, 4318943.143, 107
Trd, 4318943.493, 74
Trd, 4318944.693, 127
Trd, 4318944.793, 125
Trd, 4318945.393, 107
Trd, 4318945.743, 137
Trd, 4318947.643, 140
Trd, 4318947.893, 138
Trd, 4318948.043, 140
Trd, 4318948.543, 129
Trd, 4318948.993, 106
Trd, 4318949.993, 83
Trd, 4318950.393, 88
Trd, 4318950.893, 136
Trd, 4318951.443, 70
Trd, 4318951.943, 66
Trd, 4318952.643, 63
Trd, 4318953.593, 66
Trd, 4318953.793, 95
Trd, 4318954.893, 125
Trd, 4318955.243, 107
Trd, 4318955.343, 66
Trd, 4318956.043, 61
Trd, 4318956.893, 107
Trd, 4318957.293, 75
Trd, 4318958.343, 140
Trd, 4318959.243, 64
Trd, 4318959.593, 88
Trd, 4318960.693, 140
Trd, 4318960.993, 129
Trd, 4318962.093, 140
Trd, 4318963.143, 118
Trd, 4318963.393, 109
Trd, 4318964.593, 139
Trd, 4318964.693, 131
Trd, 4318964.943, 121
Trd, 4318966.043, 140
Trd, 4318966.243, 140
Trd, 4318967.643, 140
Trd, 4318967.993, 140
Trd, 4318968.743, 125
Trd, 4318969.293, 137
Trd, 4318969.743, 129
Trd, 4318970.543, 128
Trd, 4318971.793, 119
Trd, 4318972.143, 98
Trd, 4318972.393, 134
Trd, 4318973.293, 140
Trd, 4318974.193, 140
Trd, 4318974.443, 132
Trd, 4318976.193, 138
Trd, 4318976.443, 128
Trd, 4318976.793, 124
Trd, 4318978.893, 140
Trd, 4318979.543, 139
Trd, 4318979.593, 136
Trd, 4318979.693, 122
Trd, 4318980.043, 101
Trd, 4318981.643, 139
Trd, 4318982.243, 121
Trd, 4318982.493, 119
Trd, 4318982.793, 118
Trd, 4318983.643, 124
Trd, 4318983.893, 96
Trd, 4318984.343, 106
Trd, 4318984.443, 91
Trd, 4318984.743, 107
Trd, 4318985.893, 110
Trd, 4318987.143, 140
Trd, 4318987.343, 131
Trd, 4318987.443, 129
Trd, 4318987.493, 116
Trd, 4318988.143, 66
Trd, 4318990.593, 140
Trd, 4318991.343, 140
Trd, 4318992.593, 140
Trd, 4318993.193, 139
Trd, 4318993.393, 106
Trd, 4318994.293, 138
Trd, 4318995.743, 102
Trd, 4318995.843, 117
Trd, 4318996.193, 99
Trd, 4318996.243, 118
Trd, 4318996.543, 93
Trd, 4318996.893, 107
Trd, 4318997.693, 137
Trd, 4318997.893, 98
Trd, 4318999.293, 71
Trd, 4318999.793, 120
Trd, 4319001.793, 135
Trd, 4319002.543, 123
Trd, 4319003.643, 140
Trd, 4319004.793, 140
Trd, 4319005.393, 140
Trd, 4319006.243, 140
Trd, 4319006.693, 129
Trd, 4319006.843, 125
Trd, 4319007.343, 134
Trd, 4319008.293, 130
Trd, 4319009.193, 105
Trd, 4319009.893, 110
Trd, 4319009.993, 109
Trd, 4319011.293, 138
Trd, 4319011.543, 140
Trd, 4319012.193, 139
Trd, 4319013.193, 114
Trd, 4319014.993, 138
Trd, 4319015.343, 137
Trd, 4319015.693, 132
Trd, 4319015.993, 126
Trd, 4319016.843, 138
Trd, 4319016.993, 86
Trd, 4319017.243, 97
Trd, 4319018.043, 102
Trd, 4319018.143, 139
Trd, 4319019.693, 105
Trd, 4319020.143, 135
Trd, 4319020.593, 140
Trd, 4319020.643, 132
Trd, 4319020.993, 128
Trd, 4319021.793, 139
Trd, 4319022.493, 138
Trd, 4319023.293, 104
Trd, 4319023.893, 109
Trd, 4319024.843, 138
Trd, 4319024.943, 138
Trd, 4319026.093, 138
Trd, 4319026.143, 137
Trd, 4319026.943, 124
Trd, 4319027.093, 123
Trd, 4319027.743, 139
Trd, 4319029.893, 61
Trd, 4319030.343, 75
Trd, 4319030.643, 134
Trd, 4319030.693, 73
Trd, 4319031.593, 114
Trd, 4319032.343, 139
Trd, 4319033.143, 128
Trd, 4319034.043, 115
Trd, 4319034.943, 140
Trd, 4319037.843, 140
Trd, 4319037.943, 140
Trd, 4319038.193, 139
Trd, 4319038.393, 140
Trd, 4319038.543, 128
Trd, 4319038.843, 114
Trd, 4319039.043, 99
Trd, 4319039.493, 84
Trd, 4319040.043, 128
Trd, 4319041.043, 72
Trd, 4319041.193, 132
Trd, 4319041.243, 66
Trd, 4319042.143, 63
Trd, 4319042.893, 140
Trd, 4319044.493, 65
Trd, 4319045.293, 140
Trd, 4319046.693, 140
Trd, 4319046.993, 140
Trd, 4319048.093, 138
Trd, 4319049.343, 136
Trd, 4319050.093, 140
Trd, 4319050.693, 137
Trd, 4319051.543, 128
Trd, 4319051.643, 127
Trd, 4319053.443, 125
Trd, 4319053.643, 126
Trd, 4319054.243, 108
Trd, 4319054.943, 66
Trd, 4319055.143, 127
Trd, 4319056.643, 60
Trd, 4319057.043, 62
Trd, 4319057.793, 127
Trd, 4319058.343, 111
Trd, 4319058.693, 110
Trd, 4319059.243, 112
Trd, 4319060.193, 137
Trd, 4319060.343, 135
Trd, 4319060.993, 110
Trd, 4319061.793, 140
Trd, 4319062.343, 139
Trd, 4319062.843, 140
Trd, 4319063.343, 140
Trd, 4319063.843, 133
Trd, 4319064.343, 132
Trd, 4319064.443, 109
Trd, 4319065.443, 63
Trd, 4319066.243, 61
Trd, 4319068.493, 63
Trd, 4319068.843, 97
Trd, 4319069.193, 140
Trd, 4319070.243, 140
Trd, 4319071.093, 137
Trd, 4319071.793, 140
Trd, 4319072.643, 139
Trd, 4319072.943, 139
Trd, 4319073.343, 112
Trd, 4319073.543, 73
Trd, 4319074.543, 140
Trd, 4319075.393, 65
Trd, 4319076.143, 61
Trd, 4319076.243, 62
Trd, 4319076.893, 81
Trd, 4319077.993, 122
Trd, 4319078.043, 112
Trd, 4319078.193, 139
Trd, 4319078.943, 138
Trd, 4319078.993, 137
Trd, 4319079.793, 76
Trd, 4319080.493, 89
Trd, 4319081.943, 65
Trd, 4319082.643, 67
Trd, 4319083.693, 75
Trd, 4319085.243, 138
Trd, 4319085.293, 106
Trd, 4319085.693, 140
Trd, 4319085.743, 130
Trd, 4319086.493, 140
Trd, 4319086.693, 139
Trd, 4319088.043, 138
Trd, 4319088.343, 140
Trd, 4319089.493, 123
Trd, 4319089.543, 100
Trd, 4319090.443, 137
Trd, 4319090.493, 91
Trd, 4319091.743, 139
Trd, 4319091.993, 85
Trd, 4319093.193, 132
Trd, 4319093.293, 120
Trd, 4319093.643, 90
Trd, 4319094.493, 92
Trd, 4319095.143, 62
Trd, 4319095.343, 63
Trd, 4319096.743, 72
Trd, 4319097.243, 78
Trd, 4319098.043, 97
Trd, 4319098.993, 123
Trd, 4319099.193, 68
Trd, 4319100.193, 103
Trd, 4319101.043, 67
Trd, 4319103.143, 138
Trd, 4319103.293, 137
Trd, 4319103.743, 139
Trd, 4319104.343, 129
Trd, 4319104.493, 140
Trd, 4319105.743, 132
Trd, 4319106.193, 132
Trd, 4319106.243, 131
Trd, 4319106.343, 121
Trd, 4319106.643, 127
Trd, 4319106.743, 112
Trd, 4319108.693, 66
Trd, 4319109.593, 84
Trd, 4319109.693, 86
Trd, 4319110.293, 62
Trd, 4319111.193, 127
Trd, 4319111.293, 126
Trd, 4319112.893, 139
Trd, 4319113.543, 140
Trd, 4319113.643, 140
Trd, 4319113.743, 128
Trd, 4319114.593, 109
Trd, 4319115.543, 136
Trd, 4319115.743, 129
Trd, 4319117.093, 64
Trd, 4319117.743, 73
Trd, 4319119.143, 136
Trd, 4319119.943, 140
Trd, 4319121.343, 110
Trd, 4319122.543, 118
Trd, 4319122.793, 117
Trd, 4319123.543, 138
Trd, 4319124.293, 98
Trd, 4319124.393, 98
Trd, 4319124.693, 113
Trd, 4319125.393, 82
Trd, 4319126.193, 60
Trd, 4319126.843, 63
Trd, 4319126.943, 65
Trd, 4319127.993, 138
Trd, 4319129.093, 115
Trd, 4319129.643, 118
Trd, 4319130.093, 108
Trd, 4319131.343, 92
Trd, 4319131.543, 102
Trd, 4319132.443, 140
Trd, 4319133.093, 140
Trd, 4319134.593, 72
Trd, 4319134.843, 137
Trd, 4319135.893, 61
Trd, 4319135.943, 69
Trd, 4319136.393, 69
Trd, 4319137.393, 60
Trd, 4319137.843, 60
Trd, 4319139.043, 61
Trd, 4319139.793, 65
Trd, 4319140.393, 125
Trd, 4319140.493, 100
Trd, 4319141.543, 91
Trd, 4319142.043, 140
Trd, 4319142.643, 140
Trd, 4319143.693, 140
Trd, 4319144.643, 140
Trd, 4319144.843, 140
Trd, 4319146.093, 71
Trd, 4319146.193, 126
Trd, 4319147.493, 60
Trd, 4319147.743, 61
Trd, 4319148.043, 62
Trd, 4319149.193, 91
Trd, 4319149.493, 88
Trd, 4319150.493, 111
Trd, 4319150.893, 138
Trd, 4319151.093, 103
Trd, 4319151.693, 96
Trd, 4319152.843, 140
Trd, 4319153.643, 140
Trd, 4319154.393, 123
Trd, 4319154.893, 139
Trd, 4319155.643, 131
Trd, 4319155.743, 128
Trd, 4319155.793, 102
Trd, 4319156.593, 84
Trd, 4319157.193, 140
Trd, 4319157.393, 140
Trd, 4319158.193, 60
Trd, 4319159.343, 70
Trd, 4319161.243, 65
Trd, 4319161.393, 66
Trd, 4319161.643, 81
Trd, 4319161.993, 60
Trd, 4319164.093, 130
Trd, 4319164.793, 140
Trd, 4319165.443, 140
Trd, 4319165.493, 125
Trd, 4319165.893, 140
Trd, 4319166.243, 115
Trd, 4319166.343, 107
Trd, 4319166.543, 88
Trd, 4319167.943, 70
Trd, 4319169.743, 72
Trd, 4319169.943, 74
Trd, 4319170.093, 140
Trd, 4319171.943, 134
Trd, 4319171.993, 126
Trd, 4319172.693, 140
Trd, 4319172.793, 140
Trd, 4319173.743, 140
Trd, 4319173.893, 102
Trd, 4319174.243, 76
Trd, 4319174.543, 64
Trd, 4319176.093, 64
Trd, 4319177.543, 65
Trd, 4319177.793, 66
Trd, 4319178.993, 61
Trd, 4319179.093, 61
Trd, 4319180.443, 66
Trd, 4319180.893, 64
Trd, 4319181.893, 103
Trd, 4319182.343, 88
Trd, 4319182.793, 93
Trd, 4319183.193, 71
Trd, 4319183.643, 66
Trd, 4319183.893, 67
Trd, 4319184.643, 85
Trd, 4319186.243, 95
Trd, 4319186.393, 85
Trd, 4319186.543, 79
Trd, 4319187.193, 101
Trd, 4319187.743, 131
Trd, 4319187.943, 94
Trd, 4319188.243, 64
Trd, 4319189.343, 61
Trd, 4319189.693, 137
Trd, 4319190.893, 63
Trd, 4319191.043, 66
Trd, 4319193.343, 66
Trd, 4319193.743, 60
Trd, 4319194.493, 125
Trd, 4319194.593, 129
Trd, 4319194.693, 88
Trd, 4319195.193, 63
Trd, 4319195.843, 112
Trd, 4319196.043, 68
Trd, 4319197.393, 87
Trd, 4319198.693, 138
Trd, 4319199.043, 136
Trd, 4319199.793, 124
Trd, 4319201.143, 140
Trd, 4319201.193, 139
Trd, 4319201.593, 128
Trd, 4319202.643, 118
Trd, 4319202.993, 110
Trd, 4319203.693, 66
Trd, 4319204.393, 68
Trd, 4319204.893, 99
Trd, 4319204.943, 102
Trd, 4319205.743, 98
Trd, 4319206.493, 140
Trd, 4319207.293, 140
Trd, 4319207.343, 128
Trd, 4319207.743, 125
Trd, 4319209.643, 136
Trd, 4319210.193, 131
Trd, 4319210.493, 128
Trd, 4319211.243, 124
Trd, 4319211.393, 110
Trd, 4319212.143, 137
Trd, 4319213.793, 140
Trd, 4319215.293, 140
Trd, 4319216.043, 140
Trd, 4319216.393, 140
Trd, 4319217.093, 138
Trd, 4319217.293, 127
Trd, 4319217.493, 113
Trd, 4319217.893, 106
Trd, 4319219.743, 139
Trd, 4319219.943, 118
Trd, 4319220.693, 105
Trd, 4319222.193, 91
Trd, 4319222.543, 140
Trd, 4319224.193, 140
Trd, 4319224.493, 140
Trd, 4319224.543, 130
Trd, 4319225.643, 132
Trd, 4319225.793, 128
Trd, 4319226.393, 136
Trd, 4319226.793, 135
Trd, 4319226.893, 121
Trd, 4319227.493, 75
Trd, 4319227.893, 61
Trd, 4319228.193, 81
Trd, 4319229.243, 137
Trd, 4319229.843, 126
Trd, 4319231.343, 64
Trd, 4319231.543, 61
Trd, 4319232.693, 60
Trd, 4319233.693, 60
Trd, 4319233.743, 62
Trd, 4319234.543, 62
Trd, 4319234.943, 63
Trd, 4319236.443, 138
Trd, 4319236.843, 136
Trd, 4319237.343, 139
Trd, 4319237.493, 119
Trd, 4319238.643, 139
Trd, 4319240.093, 120
Trd, 4319240.543, 136
Trd, 4319241.143, 115
Trd, 4319241.543, 140
Trd, 4319242.593, 65
Trd, 4319242.893, 66
Trd, 4319243.693, 107
Trd, 4319243.743, 108
Trd, 4319244.193, 139
Trd, 4319245.143, 138
Trd, 4319246.043, 129
Trd, 4319247.093, 127
Trd, 4319248.493, 114
Trd, 4319248.693, 140
Trd, 4319249.693, 129
Trd, 4319250.093, 104
Trd, 4319250.843, 140
Trd, 4319251.643, 85
Trd, 4319252.093, 61
Trd, 4319252.993, 60
Trd, 4319253.143, 60
Trd, 4319253.993, 63
Trd, 4319254.043, 66
Trd, 4319255.943, 61
Trd, 4319256.043, 64
Trd, 4319256.693, 127
Trd, 4319257.443, 68
Trd, 4319258.243, 62
Trd, 4319258.343, 63
Trd, 4319258.893, 84
Trd, 4319260.343, 140
Trd, 4319260.393, 139
Trd, 4319260.643, 83
Trd, 4319261.693, 134
Trd, 4319262.143, 138
Trd, 4319262.543, 140
Trd, 4319263.593, 137
Trd, 4319263.693, 112
Trd, 4319264.293, 103
Trd, 4319264.443, 100
Trd, 4319264.893, 94
Trd, 4319266.093, 86
Trd, 4319266.893, 67
Trd, 4319267.343, 79
Trd, 4319268.343, 140
Trd, 4319269.493, 140
Trd, 4319269.593, 139
Trd, 4319269.693, 128
Trd, 4319270.593, 126
Trd, 4319271.343, 117
Trd, 4319272.643, 135
Trd, 4319272.843, 128
Trd, 4319273.243, 125
Trd, 4319274.593, 114
Trd, 4319274.893, 138
Trd, 4319276.143, 140
Trd, 4319277.193, 140
Trd, 4319277.693, 138
Trd, 4319277.943, 125
Trd, 4319278.493, 131
Trd, 4319279.943, 114
Trd, 4319280.143, 119
Trd, 4319280.193, 122
Trd, 4319280.743, 88
Trd, 4319281.393, 138
Trd, 4319283.743, 63
Trd, 4319285.243, 61
Trd, 4319285.343, 78
Trd, 4319286.243, 67
Trd, 4319286.693, 113
Trd, 4319287.543, 119
Trd, 4319287.643, 75
Trd, 4319287.893, 121
Trd, 4319288.743, 114
Trd, 4319290.593, 140
Trd, 4319290.843, 139
Trd, 4319291.093, 139
Trd, 4319291.243, 131
Trd, 4319292.093, 121
Trd, 4319292.843, 108
Trd, 4319292.993, 107
Trd, 4319293.943, 121
Trd, 4319294.443, 93
Trd, 4319295.893, 139
Trd, 4319295.943, 129
Trd, 4319297.893, 140
Trd, 4319298.143, 126
Trd, 4319298.393, 120
Trd, 4319298.943, 106
Trd, 4319300.643, 139
Trd, 4319300.893, 137
Trd, 4319300.943, 128
Trd, 4319302.943, 140
Trd, 4319303.293, 139
Trd, 4319303.993, 128
Trd, 4319304.343, 132
Trd, 4319304.643, 130
Trd, 4319304.993, 115
Trd, 4319305.793, 118
Trd, 4319307.543, 140
Trd, 4319307.643, 140
Trd, 4319308.193, 139
Trd, 4319310.893, 138
Trd, 4319311.143, 138
Trd, 4319311.593, 134
Trd, 4319311.793, 129
Trd, 4319311.893, 129
Trd, 4319312.343, 140
Trd, 4319313.243, 140
Trd, 4319313.893, 139
Trd, 4319314.743, 125
Trd, 4319315.393, 121
Trd, 4319315.943, 139
Trd, 4319317.643, 139
Trd, 4319317.843, 134
Trd, 4319319.043, 133
Trd, 4319319.193, 124
Trd, 4319319.543, 122
Trd, 4319319.643, 114
Trd, 4319319.743, 132
Trd, 4319320.993, 140
Trd, 4319321.543, 85
Trd, 4319323.543, 121
Trd, 4319323.993, 115
Trd, 4319325.143, 127
Trd, 4319325.443, 139
Trd, 4319325.593, 122
Trd, 4319326.393, 126
Trd, 4319326.893, 140
Trd, 4319327.943, 139
Trd, 4319328.693, 140
Trd, 4319329.593, 136
Trd, 4319330.393, 133
Trd, 4319331.243, 131
Trd, 4319331.543, 117
Trd, 4319331.843, 95
Trd, 4319332.043, 92
Trd, 4319332.543, 139
Trd, 4319333.993, 96
Trd, 4319334.543, 140
Trd, 4319335.693, 82
Trd, 4319336.343, 62
Trd, 4319336.593, 87
Trd, 4319337.143, 61
Trd, 4319337.243, 61
Trd, 4319337.593, 90
Trd, 4319338.893, 140
Trd, 4319338.993, 139
Trd, 4319339.143, 126
Trd, 4319340.943, 140
Trd, 4319341.293, 137
Trd, 4319341.443, 128
Trd, 4319342.943, 139
Trd, 4319343.493, 128
Trd, 4319344.293, 102
Trd, 4319344.843, 66
Trd, 4319345.043, 131
Trd, 4319346.593, 139
Trd, 4319346.893, 65
Trd, 4319347.643, 140
Trd, 4319347.993, 140
Trd, 4319348.693, 139
Trd, 4319349.493, 139
Trd, 4319349.793, 129
Trd, 4319350.093, 120
Trd, 4319351.543, 140
Trd, 4319352.343, 123
Trd, 4319352.843, 110
Trd, 4319353.293, 140
Trd, 4319354.243, 138
Trd, 4319354.543, 127
Trd, 4319354.743, 108
Trd, 4319355.843, 98
Trd, 4319356.093, 140
Trd, 4319357.193, 124
Trd, 4319357.943, 101
Trd, 4319360.043, 139
Trd, 4319360.443, 134
Trd, 4319361.643, 140
Trd, 4319361.993, 140
Trd, 4319362.293, 128
Trd, 4319362.493, 125
Trd, 4319362.943, 119
Trd, 4319363.743, 140
Trd, 4319364.193, 138
Trd, 4319365.043, 138
Trd, 4319365.743, 128
Trd, 4319366.743, 138
Trd, 4319367.143, 136
Trd, 4319367.443, 120
Trd, 4319368.793, 138
Trd, 4319369.393, 140
Trd, 4319369.543, 91
Trd, 4319369.893, 90
Trd, 4319370.193, 71
Trd, 4319370.393, 110
Trd, 4319372.643, 60
Trd, 4319373.443, 119
Trd, 4319374.043, 64
Trd, 4319374.543, 64
Trd, 4319375.243, 61
Trd, 4319375.893, 79
Trd, 4319377.193, 61
Trd, 4319378.093, 67
Trd, 4319378.643, 91
Trd, 4319379.143, 68
Trd, 4319379.743, 140
Trd, 4319380.243, 139
Trd, 4319380.393, 129
Trd, 4319381.143, 113
Trd, 4319381.593, 140
Trd, 4319382.993, 140
Trd, 4319383.343, 140
Trd, 4319383.743, 125
Trd, 4319384.743, 139
Trd, 4319386.443, 140
Trd, 4319386.693, 128
Trd, 4319388.293, 140
Trd, 4319388.343, 140
Trd, 4319388.743, 126
Trd, 4319389.443, 109
Trd, 4319389.643, 108
Trd, 4319391.293, 108
Trd, 4319391.343, 89
Trd, 4319392.343, 132
Trd, 4319393.293, 140
Trd, 4319394.193, 140
Trd, 4319394.793, 138
Trd, 4319395.643, 140
Trd, 4319395.693, 119
Trd, 4319396.143, 119
Trd, 4319396.543, 139
Trd, 4319397.043, 118
Trd, 4319397.693, 118
Trd, 4319398.143, 139
Trd, 4319398.843, 121
Trd, 4319400.093, 140
Trd, 4319400.143, 114
Trd, 4319401.243, 114
Trd, 4319401.993, 61
Trd, 4319402.893, 140
Trd, 4319403.393, 140
Trd, 4319403.793, 140
Trd, 4319404.443, 133
Trd, 4319404.893, 125
Trd, 4319406.593, 135
Trd, 4319406.943, 139
Trd, 4319407.393, 128
Trd, 4319407.443, 126
Trd, 4319408.543, 117
Trd, 4319409.193, 119
Trd, 4319410.093, 140
Trd, 4319410.843, 124
Trd, 4319412.493, 140
Trd, 4319412.893, 140
Trd, 4319413.393, 139
Trd, 4319413.643, 139
Trd, 4319414.593, 139
Trd, 4319415.243, 128
Trd, 4319415.843, 122
Trd, 4319417.893, 109
Trd, 4319418.443, 93
Trd, 4319418.593, 133
Trd, 4319420.493, 140
Trd, 4319420.543, 139
Trd, 4319421.293, 137
Trd, 4319422.493, 75
Trd, 4319423.693, 99
Trd, 4319424.343, 63
Trd, 4319424.793, 67
Trd, 4319425.643, 64
Trd, 4319425.693, 67
Trd, 4319426.593, 122
Trd, 4319427.543, 138
Trd, 4319427.693, 124
Trd, 4319428.443, 121
Trd, 4319429.193, 140
Trd, 4319429.243, 140
Trd, 4319429.543, 126
Trd, 4319430.393, 134
Trd, 4319431.943, 131
Trd, 4319433.343, 140
Trd, 4319433.793, 140
Trd, 4319434.343, 140
Trd, 4319434.443, 114
Trd, 4319434.543, 113
Trd, 4319435.693, 136
Trd, 4319436.843, 104
Trd, 4319437.443, 116
Trd, 4319437.793, 119
Trd, 4319437.843, 98
Trd, 4319438.993, 139
Trd, 4319439.793, 138
Trd, 4319439.843, 126
Trd, 4319440.493, 131
Trd, 4319441.043, 114
Trd, 4319442.793, 65
Trd, 4319443.143, 68
Trd, 4319444.043, 91
Trd, 4319444.843, 70
Trd, 4319444.893, 127
Trd, 4319445.043, 112
Trd, 4319445.293, 66
Trd, 4319446.443, 62
Trd, 4319447.643, 78
Trd, 4319448.393, 129
Trd, 4319448.593, 96
Trd, 4319449.843, 62
Trd, 4319450.143, 74
Trd, 4319450.743, 61
Trd, 4319451.693, 92
Trd, 4319453.443, 64
Trd, 4319453.993, 63
Trd, 4319454.243, 68
Trd, 4319455.043, 62
Trd, 4319455.993, 66
Trd, 4319456.793, 140
Trd, 4319457.793, 139
Trd, 4319458.193, 128
Trd, 4319458.343, 78
Trd, 4319459.193, 60
Trd, 4319459.293, 61
Trd, 4319459.943, 97
Trd, 4319460.793, 140
Trd, 4319461.543, 64
Trd, 4319461.943, 60
Trd, 4319462.093, 65
Trd, 4319463.143, 100
Trd, 4319463.343, 114
Trd, 4319463.943, 100
Trd, 4319465.093, 97
Trd, 4319465.743, 139
Trd, 4319466.243, 82
Trd, 4319467.043, 139
Trd, 4319467.243, 125
Trd, 4319469.043, 82
Trd, 4319469.793, 72
Trd, 4319470.243, 140
Trd, 4319471.093, 138
Trd, 4319471.843, 78
Trd, 4319472.243, 140
Trd, 4319472.593, 65
Trd, 4319474.043, 139
Trd, 4319474.193, 140
Trd, 4319476.443, 130
Trd, 4319477.093, 137
Trd, 4319477.493, 140
Trd, 4319477.593, 121
Trd, 4319478.193, 140
Trd, 4319478.993, 85
Trd, 4319479.043, 69
Trd, 4319479.243, 67
Trd, 4319479.893, 87
Trd, 4319480.293, 122
Trd, 4319481.193, 140
Trd, 4319481.593, 140
Trd, 4319481.893, 140
Trd, 4319482.493, 63
Trd, 4319483.343, 122
Trd, 4319484.893, 139
Trd, 4319485.293, 103
Trd, 4319485.693, 100
Trd, 4319487.493, 139
Trd, 4319487.693, 140
Trd, 4319487.793, 135
Trd, 4319488.043, 140
Trd, 4319488.343, 124
Trd, 4319488.943, 65
Trd, 4319489.993, 100
Trd, 4319490.443, 68
Trd, 4319491.393, 125
Trd, 4319492.243, 130
Trd, 4319492.343, 116
Trd, 4319494.093, 60
Trd, 4319494.193, 60
Trd, 4319494.293, 62
Trd, 4319495.543, 140
Trd, 4319495.943, 140
Trd, 4319496.793, 140
Trd, 4319498.243, 137
Trd, 4319498.593, 129
Trd, 4319499.243, 140
Trd, 4319500.543, 137
Trd, 4319500.643, 123
Trd, 4319500.793, 121
Trd, 4319501.293, 128
Trd, 4319502.393, 140
Trd, 4319502.843, 139
Trd, 4319503.593, 121
Trd, 4319503.993, 103
Trd, 4319504.393, 96
Trd, 4319505.143, 133
Trd, 4319506.243, 138
Trd, 4319506.293, 137
Trd, 4319506.543, 92
Trd, 4319507.493, 140
Trd, 4319508.593, 137
Trd, 4319509.243, 139
Trd, 4319509.493, 123
Trd, 4319509.893, 116
Trd, 4319509.993, 115
Trd, 4319511.343, 85
Trd, 4319512.643, 140
Trd, 4319513.243, 140
Trd, 4319514.593, 72
Trd, 4319514.943, 140
Trd, 4319515.243, 118
Trd, 4319515.943, 69
Trd, 4319515.993, 66
Trd, 4319517.193, 137
Trd, 4319517.593, 136
Trd, 4319517.643, 135
Trd, 4319519.593, 140
Trd, 4319520.543, 138
Trd, 4319521.743, 126
Trd, 4319521.993, 140
Trd, 4319522.893, 113
Trd, 4319523.393, 125
Trd, 4319523.593, 103
Trd, 4319524.943, 60
Trd, 4319527.193, 140
Trd, 4319527.493, 140
Trd, 4319527.893, 137
Trd, 4319528.093, 129
Trd, 4319528.793, 122
Trd, 4319528.943, 118
Trd, 4319530.993, 140
Trd, 4319531.993, 140
Trd, 4319532.543, 139
Trd, 4319533.993, 140
Trd, 4319534.293, 128
Trd, 4319534.643, 135
Trd, 4319534.793, 134
Trd, 4319536.143, 107
Trd, 4319536.443, 140
Trd, 4319536.593, 129
Trd, 4319537.343, 75
Trd, 4319539.793, 114
Trd, 4319540.143, 111
Trd, 4319540.193, 115
Trd, 4319541.843, 137
Trd, 4319541.943, 126
Trd, 4319542.093, 123
Trd, 4319543.793, 138
Trd, 4319545.293, 140
Trd, 4319545.593, 138
Trd, 4319545.793, 139
Trd, 4319545.893, 125
Trd, 4319545.943, 118
Trd, 4319545.993, 87
Trd, 4319546.893, 120
Trd, 4319549.093, 101
Trd, 4319549.593, 130
Trd, 4319549.943, 137
Trd, 4319549.993, 129
Trd, 4319550.793, 87
Trd, 4319550.843, 88
Trd, 4319552.093, 133
Trd, 4319552.243, 132
Trd, 4319552.693, 138
Trd, 4319552.843, 127
Trd, 4319554.993, 140
Trd, 4319555.393, 125
Trd, 4319557.093, 92
Trd, 4319557.293, 93
Trd, 4319557.393, 115
Trd, 4319557.993, 115
Trd, 4319558.043, 82
Trd, 4319558.243, 78
Trd, 4319558.743, 63
Trd, 4319559.843, 63
Trd, 4319561.643, 91
Trd, 4319562.643, 139
Trd, 4319562.893, 126
Trd, 4319563.243, 125
Trd, 4319564.643, 139
Trd, 4319564.743, 132
Trd, 4319565.743, 139
Trd, 4319567.193, 140
Trd, 4319567.893, 140
Trd, 4319567.993, 128
Trd, 4319568.993, 140
Trd, 4319569.693, 132
Trd, 4319570.193, 87
Trd, 4319570.793, 63
Trd, 4319571.693, 109
Trd, 4319571.743, 87
Trd, 4319572.693, 92
Trd, 4319573.943, 100
Trd, 4319574.293, 140
Trd, 4319575.793, 101
Trd, 4319576.293, 135
Trd, 4319576.893, 140
Trd, 4319577.193, 111
Trd, 4319578.193, 138
Trd, 4319579.793, 139
Trd, 4319580.143, 139
Trd, 4319580.743, 137
Trd, 4319580.993, 129
Trd, 4319581.593, 129
Trd, 4319582.693, 105
Trd, 4319582.893, 98
Trd, 4319583.343, 64
Trd, 4319584.843, 60
Trd, 4319585.593, 69
Trd, 4319586.143, 62
Trd, 4319586.193, 70
Trd, 4319586.793, 60
Trd, 4319588.543, 140
Trd, 4319588.843, 84
Trd, 4319588.993, 60
Trd, 4319589.243, 134
Trd, 4319590.493, 139
Trd, 4319590.693, 128
Trd, 4319591.193, 125
Trd, 4319591.443, 117
Trd, 4319591.843, 101
Trd, 4319592.693, 79
Trd, 4319593.693, 60
Trd, 4319594.143, 61
Trd, 4319596.393, 64
Trd, 4319596.443, 81
Trd, 4319597.843, 140
Trd, 4319597.993, 140
Trd, 4319598.643, 139
Trd, 4319599.093, 137
Trd, 4319599.543, 132
Trd, 4319599.793, 128
Trd, 4319600.843, 140
Trd, 4319601.593, 140
Trd, 4319602.093, 139
Trd, 4319602.193, 116
Trd, 4319604.243, 140
Trd, 4319604.443, 140
Trd, 4319606.243, 140
Trd, 4319606.393, 136
Trd, 4319608.193, 122
Trd, 4319608.693, 139
Trd, 4319610.393, 134
Trd, 4319610.593, 140
Trd, 4319611.243, 117
Trd, 4319611.343, 110
Trd, 4319611.643, 108
Trd, 4319612.793, 118
Trd, 4319613.443, 94
Trd, 4319614.293, 60
Trd, 4319615.193, 139
Trd, 4319615.443, 93
Trd, 4319615.993, 60
Trd, 4319616.643, 102
Trd, 4319616.843, 60
Trd, 4319618.893, 63
Trd, 4319619.593, 64
Trd, 4319620.793, 114
Trd, 4319621.343, 136
Trd, 4319621.693, 135
Trd, 4319622.343, 79
Trd, 4319622.543, 63
Trd, 4319623.743, 129
Trd, 4319624.043, 95
Trd, 4319625.043, 105
Trd, 4319625.593, 96
Trd, 4319625.743, 105
Trd, 4319626.593, 62
Trd, 4319627.193, 61
Trd, 4319627.343, 67
Trd, 4319627.893, 137
Trd, 4319628.593, 120
Trd, 4319630.193, 60
Trd, 4319631.243, 60
Trd, 4319631.943, 62
Trd, 4319632.443, 62
Trd, 4319633.393, 60
Trd, 4319633.843, 61
Trd, 4319634.643, 60
Trd, 4319635.193, 62
Trd, 4319635.443, 73
Trd, 4319635.693, 74
Trd, 4319636.093, 62
Trd, 4319637.143, 93
Trd, 4319638.193, 123
Trd, 4319638.343, 122
Trd, 4319640.343, 60
Trd, 4319640.543, 67
Trd, 4319640.793, 63
Trd, 4319641.293, 74
Trd, 4319641.743, 134
Trd, 4319642.893, 140
Trd, 4319643.243, 139
Trd, 4319643.343, 138
Trd, 4319644.743, 63
Trd, 4319645.243, 99
Trd, 4319647.093, 92
Trd, 4319647.893, 88
Trd, 4319648.443, 140
Trd, 4319648.743, 126
Trd, 4319648.843, 89
Trd, 4319650.093, 115
Trd, 4319650.193, 114
Trd, 4319652.043, 66
Trd, 4319652.093, 68
Trd, 4319653.193, 121
Trd, 4319653.493, 92
Trd, 4319653.993, 62
Trd, 4319654.343, 87
Trd, 4319654.693, 63
Trd, 4319656.093, 140
Trd, 4319656.293, 139
Trd, 4319657.143, 127
Trd, 4319657.293, 121
Trd, 4319657.343, 97
Trd, 4319657.993, 140
Trd, 4319658.793, 138
Trd, 4319659.693, 106
Trd, 4319660.543, 122
Trd, 4319661.043, 106
Trd, 4319662.793, 140
Trd, 4319663.893, 140
Trd, 4319664.343, 140
Trd, 4319665.793, 139
Trd, 4319666.493, 139
Trd, 4319667.293, 111
Trd, 4319668.093, 140
Trd, 4319668.243, 113
Trd, 4319669.243, 102
Trd, 4319670.293, 93
Trd, 4319671.293, 63
Trd, 4319671.643, 102
Trd, 4319673.043, 140
Trd, 4319673.343, 137
Trd, 4319673.593, 95
Trd, 4319674.543, 107
Trd, 4319675.243, 138
Trd, 4319675.643, 132
Trd, 4319675.693, 121
Trd, 4319676.493, 102
Trd, 4319677.143, 92
Trd, 4319677.843, 107
Trd, 4319678.443, 108
Trd, 4319678.693, 95
Trd, 4319678.843, 101
Trd, 4319678.993, 93
Trd, 4319679.893, 132
Trd, 4319680.293, 71
Trd, 4319680.893, 71
Trd, 4319681.393, 137
Trd, 4319682.243, 139
Trd, 4319682.593, 138
Trd, 4319683.793, 131
Trd, 4319683.993, 74
Trd, 4319684.243, 140
Trd, 4319684.343, 140
Trd, 4319685.743, 65
Trd, 4319686.543, 66
Trd, 4319687.643, 69
Trd, 4319687.693, 96
Trd, 4319689.093, 60
Trd, 4319689.343, 60
Trd, 4319691.143, 64
Trd, 4319691.943, 60
Trd, 4319692.743, 62
Trd, 4319692.843, 60
Trd, 4319693.193, 98
Trd, 4319693.993, 74
Trd, 4319694.143, 110
Trd, 4319694.293, 115
Trd, 4319694.943, 140
Trd, 4319696.993, 140
Trd, 4319697.393, 128
Trd, 4319697.993, 119
Trd, 4319698.593, 109
Trd, 4319699.143, 96
Trd, 4319699.193, 140
Trd, 4319699.793, 64
Trd, 4319699.993, 68
Trd, 4319700.243, 69
Trd, 4319702.093, 140
Trd, 4319702.793, 140
Trd, 4319702.843, 120
Trd, 4319702.893, 119
Trd, 4319703.843, 139
Trd, 4319704.243, 71
Trd, 4319705.143, 80
Trd, 4319705.293, 129
Trd, 4319705.993, 130
Trd, 4319706.343, 72
Trd, 4319708.643, 140
Trd, 4319708.693, 139
Trd, 4319709.843, 140
Trd, 4319711.043, 139
Trd, 4319711.093, 138
Trd, 4319711.143, 128
Trd, 4319711.843, 125
Trd, 4319712.093, 140
Trd, 4319713.393, 140
Trd, 4319713.643, 136
Trd, 4319714.443, 135
Trd, 4319715.293, 124
Trd, 4319715.593, 115
Trd, 4319716.143, 105
Trd, 4319716.343, 103
Trd, 4319716.743, 140
Trd, 4319717.143, 133
Trd, 4319717.593, 98
Trd, 4319718.893, 114
Trd, 4319719.793, 92
Trd, 4319720.043, 77
Trd, 4319720.393, 140
Trd, 4319720.843, 140
Trd, 4319721.993, 96
Trd, 4319722.493, 60
Trd, 4319723.193, 60
Trd, 4319723.693, 77
Trd, 4319724.593, 60
Trd, 4319725.243, 62
Trd, 4319725.843, 80
Trd, 4319727.093, 63
Trd, 4319728.293, 77
Trd, 4319728.343, 75
Trd, 4319728.793, 104
Trd, 4319729.093, 140
Trd, 4319729.793, 61
Trd, 4319729.893, 72
Trd, 4319731.993, 79
Trd, 4319732.243, 128
Trd, 4319733.893, 140
Trd, 4319734.043, 140
Trd, 4319734.143, 128
Trd, 4319734.793, 133
Trd, 4319735.793, 121
Trd, 4319736.143, 67
Trd, 4319736.493, 140
Trd, 4319736.793, 63
Trd, 4319739.243, 61
Trd, 4319740.493, 61
Trd, 4319741.093, 63
Trd, 4319741.143, 61
Trd, 4319741.593, 73
Trd, 4319741.693, 76
Trd, 4319743.343, 60
Trd, 4319744.043, 60
Trd, 4319744.493, 62
Trd, 4319744.693, 137
Trd, 4319746.143, 127
Trd, 4319747.393, 140
Trd, 4319748.243, 134
Trd, 4319748.543, 132
Trd, 4319749.093, 129
Trd, 4319749.693, 139
Trd, 4319749.743, 125
Trd, 4319750.643, 136
Trd, 4319751.393, 123
Trd, 4319751.843, 117
Trd, 4319753.193, 76
Trd, 4319753.643, 77
Trd, 4319754.793, 61
Trd, 4319755.443, 139
Trd, 4319755.593, 138
Trd, 4319756.243, 60
Trd, 4319756.593, 62
Trd, 4319758.543, 140
Trd, 4319758.793, 128
Trd, 4319758.943, 116
Trd, 4319759.493, 139
Trd, 4319760.043, 126
Trd, 4319760.993, 113
Trd, 4319761.643, 80
Trd, 4319762.043, 137
Trd, 4319762.943, 140
Trd, 4319764.893, 140
Trd, 4319765.043, 140
Trd, 4319765.543, 131
Trd, 4319765.793, 123
Trd, 4319767.343, 140
Trd, 4319767.593, 140
Trd, 4319769.043, 139
Trd, 4319769.943, 138
Trd, 4319771.193, 136
Trd, 4319771.493, 137
Trd, 4319771.593, 136
Trd, 4319772.093, 123
Trd, 4319773.143, 133
Trd, 4319773.443, 111
Trd, 4319773.943, 116
Trd, 4319774.043, 98
Trd, 4319774.643, 64
Trd, 4319775.043, 64
Trd, 4319775.843, 94
Trd, 4319776.743, 72
Trd, 4319776.793, 128
Trd, 4319777.543, 64
Trd, 4319778.493, 139
Trd, 4319780.393, 139
Trd, 4319780.893, 138
Trd, 4319781.043, 127
Trd, 4319782.093, 103
Trd, 4319782.393, 83
Trd, 4319783.393, 90
Trd, 4319783.693, 104
Trd, 4319783.843, 108
Trd, 4319783.943, 71
Trd, 4319785.193, 140
Trd, 4319786.043, 127
Trd, 4319786.243, 121
Trd, 4319786.493, 139
Trd, 4319786.693, 114
Trd, 4319788.593, 140
Trd, 4319789.093, 70
Trd, 4319791.293, 140
Trd, 4319791.343, 139
Trd, 4319791.443, 128
Trd, 4319792.743, 126
Trd, 4319792.993, 125
Trd, 4319794.593, 140
Trd, 4319795.193, 139
Trd, 4319795.443, 139
Trd, 4319795.593, 134
Trd, 4319796.093, 120
Trd, 4319797.093, 90
Trd, 4319797.293, 74
Trd, 4319798.543, 136
Trd, 4319799.493, 109
Trd, 4319799.793, 119
Trd, 4319800.193, 75
Trd, 4319800.343, 110
Trd, 4319800.543, 140
Trd, 4319801.343, 108
Trd, 4319802.393, 96
Trd, 4319802.593, 110
Trd, 4319803.743, 71
Trd, 4319804.293, 62
Trd, 4319804.993, 62
Trd, 4319805.293, 112
Trd, 4319806.293, 120
Trd, 4319807.193, 122
Trd, 4319808.143, 107
Trd, 4319808.643, 106
Trd, 4319810.143, 138
Trd, 4319811.793, 139
Trd, 4319811.893, 136
Trd, 4319812.243, 140
Trd, 4319812.393, 140
Trd, 4319813.093, 130
Trd, 4319813.293, 129
Trd, 4319814.793, 134
Trd, 4319815.043, 121
Trd, 4319815.093, 63
Trd, 4319815.743, 138
Trd, 4319816.643, 93
Trd, 4319818.193, 138
Trd, 4319818.743, 134
Trd, 4319819.693, 125
Trd, 4319820.093, 120
Trd, 4319820.893, 127
Trd, 4319820.943, 102
Trd, 4319821.793, 60
Trd, 4319822.143, 68
Trd, 4319823.193, 136
Trd, 4319823.643, 70
Trd, 4319823.693, 68
Trd, 4319825.443, 140
Trd, 4319826.043, 138
Trd, 4319827.043, 140
Trd, 4319827.393, 127
Trd, 4319827.943, 95
Trd, 4319829.143, 61
Trd, 4319829.893, 92
Trd, 4319830.193, 64
Trd, 4319830.893, 140
Trd, 4319831.793, 114
Trd, 4319832.443, 60
Trd, 4319833.043, 140
Trd, 4319833.093, 140
Trd, 4319833.143, 76
Trd, 4319834.243, 140
Trd, 4319834.593, 140
Trd, 4319835.693, 100
Trd, 4319836.443, 97
Trd, 4319836.593, 128
Trd, 4319836.843, 61
Trd, 4319837.193, 68
Trd, 4319837.893, 78
Trd, 4319838.493, 140
Trd, 4319839.693, 66
Trd, 4319839.943, 69
Trd, 4319841.243, 61
Trd, 4319842.893, 93
Trd, 4319842.943, 79
Trd, 4319843.193, 75
Trd, 4319843.293, 73
Trd, 4319844.193, 61
Trd, 4319846.893, 140
Trd, 4319847.393, 140
Trd, 4319847.593, 126
Trd, 4319848.343, 139
Trd, 4319848.693, 119
Trd, 4319848.743, 109
Trd, 4319849.943, 138
Trd, 4319850.043, 124
Trd, 4319850.443, 117
Trd, 4319850.993, 114
Trd, 4319851.593, 138
Trd, 4319852.743, 88
Trd, 4319853.843, 121
Trd, 4319854.743, 62
Trd, 4319855.193, 135
Trd, 4319856.743, 139
Trd, 4319857.393, 140
Trd, 4319857.743, 140
Trd, 4319857.993, 139
Trd, 4319858.793, 140
Trd, 4319859.343, 126
Trd, 4319860.893, 138
Trd, 4319860.943, 137
Trd, 4319862.443, 134
Trd, 4319863.193, 113
Trd, 4319864.093, 75
Trd, 4319864.143, 115
Trd, 4319864.743, 100
Trd, 4319866.043, 128
Trd, 4319866.593, 108
Trd, 4319866.743, 104
Trd, 4319867.793, 138
Trd, 4319868.343, 140
Trd, 4319868.543, 105
Trd, 4319869.293, 140
Trd, 4319869.743, 122
Trd, 4319870.443, 104
Trd, 4319871.643, 95
Trd, 4319871.793, 88
Trd, 4319872.493, 140
Trd, 4319873.243, 140
Trd, 4319873.393, 123
Trd, 4319874.543, 140
Trd, 4319875.493, 140
Trd, 4319875.843, 139
Trd, 4319877.093, 137
Trd, 4319877.593, 138
Trd, 4319878.293, 128
Trd, 4319878.643, 125
Trd, 4319879.293, 139
Trd, 4319880.143, 138
Trd, 4319881.143, 113
Trd, 4319881.293, 110
Trd, 4319881.543, 86
Trd, 4319882.293, 136
Trd, 4319883.643, 134
Trd, 4319884.143, 60
Trd, 4319884.443, 72
Trd, 4319885.343, 140
Trd, 4319885.443, 105
Trd, 4319887.193, 125
Trd, 4319887.843, 140
Trd, 4319889.543, 126
Trd, 4319889.743, 121
Trd, 4319889.943, 139
Trd, 4319890.093, 123
Trd, 4319891.693, 112
Trd, 4319892.243, 110
Trd, 4319892.393, 114
Trd, 4319892.993, 138
Trd, 4319893.693, 113
Trd, 4319894.043, 105
Trd, 4319894.193, 104
Trd, 4319895.793, 120
Trd, 4319895.943, 96
Trd, 4319897.993, 139
Trd, 4319899.293, 140
Trd, 4319899.893, 140
Trd, 4319901.093, 134
Trd, 4319901.243, 118
Trd, 4319901.843, 137
Trd, 4319902.443, 83
Trd, 4319902.493, 82
Trd, 4319902.993, 104
Trd, 4319903.093, 76
Trd, 4319905.693, 140
Trd, 4319905.843, 140
Trd, 4319906.593, 140
Trd, 4319907.993, 138
Trd, 4319908.343, 134
Trd, 4319908.443, 101
Trd, 4319908.543, 95
Trd, 4319910.293, 140
Trd, 4319910.993, 129
Trd, 4319911.043, 123
Trd, 4319912.393, 140
Trd, 4319912.493, 124
Trd, 4319913.893, 140
Trd, 4319914.543, 140
Trd, 4319914.793, 139
Trd, 4319915.293, 138
Trd, 4319915.393, 129
Trd, 4319916.193, 74
Trd, 4319916.493, 61
Trd, 4319917.293, 68
Trd, 4319919.293, 138
Trd, 4319919.943, 125
Trd, 4319920.393, 122
Trd, 4319920.593, 118
Trd, 4319921.543, 102
Trd, 4319921.793, 103
Trd, 4319922.293, 139
Trd, 4319923.093, 139
Trd, 4319923.193, 122
Trd, 4319924.393, 139
Trd, 4319926.543, 140
Trd, 4319926.593, 139
Trd, 4319927.043, 129
Trd, 4319927.593, 76
Trd, 4319928.243, 98
Trd, 4319929.043, 82
Trd, 4319929.893, 62
Trd, 4319929.993, 64
Trd, 4319931.493, 138
Trd, 4319932.343, 129
Trd, 4319932.843, 127
Trd, 4319933.943, 138
Trd, 4319935.393, 140
Trd, 4319935.593, 140
Trd, 4319935.943, 128
Trd, 4319937.343, 139
Trd, 4319937.393, 82
Trd, 4319937.793, 95
Trd, 4319938.043, 60
Trd, 4319938.293, 96
Trd, 4319939.043, 60
Trd, 4319940.993, 140
Trd, 4319941.993, 140
Trd, 4319942.393, 134
Trd, 4319942.593, 113
Trd, 4319942.893, 139
Trd, 4319943.093, 110
Trd, 4319944.893, 136
Trd, 4319946.393, 118
Trd, 4319946.843, 116
Trd, 4319947.393, 73
Trd, 4319948.493, 139
Trd, 4319948.993, 139
Trd, 4319949.743, 140
Trd, 4319950.793, 128
Trd, 4319950.943, 104
Trd, 4319952.143, 89
Trd, 4319952.493, 87
Trd, 4319953.443, 65
Trd, 4319953.493, 72
Trd, 4319953.743, 86
Trd, 4319955.793, 140
Trd, 4319956.393, 134
Trd, 4319956.893, 137
Trd, 4319956.943, 120
Trd, 4319958.143, 139
Trd, 4319958.593, 137
Trd, 4319959.943, 137
Trd, 4319960.043, 131
Trd, 4319960.593, 120
Trd, 4319961.293, 112
Trd, 4319961.443, 111
Trd, 4319962.643, 140
Trd, 4319963.093, 126
Trd, 4319963.243, 106
Trd, 4319963.743, 139
Trd, 4319964.793, 133
Trd, 4319967.343, 140
Trd, 4319968.343, 140
Trd, 4319968.693, 136
Trd, 4319968.843, 128
Trd, 4319969.443, 124
Trd, 4319969.893, 120
Trd, 4319969.993, 110
Trd, 4319970.493, 104
Trd, 4319971.143, 75
Trd, 4319972.443, 113
Trd, 4319973.693, 135
Trd, 4319974.143, 136
Trd, 4319974.343, 117
Trd, 4319974.643, 98
Trd, 4319975.193, 91
Trd, 4319975.843, 95
Trd, 4319977.043, 61
Trd, 4319977.343, 64
Trd, 4319977.443, 64
Trd, 4319978.443, 61
Trd, 4319979.293, 62
Trd, 4319979.893, 67
Trd, 4319980.843, 140
Trd, 4319981.293, 140
Trd, 4319981.343, 128
Trd, 4319982.493, 89
Trd, 4319982.993, 87
Trd, 4319983.743, 135
Trd, 4319984.343, 123
Trd, 4319985.343, 140
Trd, 4319985.443, 127
Trd, 4319985.943, 140
Trd, 4319986.243, 112
Trd, 4319988.043, 106
Trd, 4319989.193, 88
Trd, 4319989.293, 94
Trd, 4319990.293, 131
Trd, 4319991.443, 138
Trd, 4319991.843, 128
Trd, 4319992.043, 127
Trd, 4319994.593, 140
Trd, 4319994.793, 140
Trd, 4319994.943, 140
Trd, 4319995.543, 138
Trd, 4319996.643, 137
Trd, 4319996.893, 135
Trd, 4319997.793, 123
Trd, 4319998.993, 138
Trd, 4319999.643, 136
