Trd, 4318123.893, 140
Trd, 4318123.943, 140
Trd, 4318124.993, 140
Trd, 4318125.293, 140
Trd, 4318125.593, 140
Trd, 4318125.843, 140
Trd, 4318126.643, 135
Trd, 4318127.593, 139
Trd, 4318128.343, 138
Trd, 4318129.543, 140
Trd, 4318131.843, 140
Trd, 4318132.843, 140
Trd, 4318133.193, 140
Trd, 4318133.543, 140
Trd, 4318133.693, 140
Trd, 4318134.243, 140
Trd, 4318134.543, 140
Trd, 4318134.893, 140
Trd, 4318135.443, 140
Trd, 4318135.793, 138
Trd, 4318136.043, 65
Trd, 4318138.593, 140
Trd, 4318139.093, 140
Trd, 4318139.643, 140
Trd, 4318140.843, 140
Trd, 4318141.193, 140
Trd, 4318141.343, 140
Trd, 4318143.643, 140
Trd, 4318144.593, 140
Trd, 4318144.993, 140
Trd, 4318145.693, 140
Trd, 4318146.443, 140
Trd, 4318146.843, 140
Trd, 4318147.443, 84
Trd, 4318148.893, 140
Trd, 4318149.043, 140
Trd, 4318150.193, 140
Trd, 4318150.693, 60
Trd, 4318151.093, 60
Trd, 4318151.193, 60
Trd, 4318152.393, 137
Trd, 4318154.343, 60
Trd, 4318154.543, 61
Trd, 4318155.193, 60
Trd, 4318155.443, 60
Trd, 4318155.643, 61
Trd, 4318157.093, 60
Trd, 4318157.193, 61
Trd, 4318157.693, 60
Trd, 4318157.793, 62
Trd, 4318157.893, 60
Trd, 4318160.893, 60
Trd, 4318161.093, 61
Trd, 4318161.593, 60
Trd, 4318162.893, 60
Trd, 4318162.943, 61
Trd, 4318163.493, 60
Trd, 4318163.743, 60
Trd, 4318163.943, 63
Trd, 4318164.343, 64
Trd, 4318165.793, 62
Trd, 4318166.543, 63
Trd, 4318166.693, 72
Trd, 4318167.193, 139
Trd, 4318168.143, 137
Trd, 4318169.043, 61
Trd, 4318169.993, 61
Trd, 4318170.193, 72
Trd, 4318171.843, 140
Trd, 4318172.193, 140
Trd, 4318172.443, 139
Trd, 4318174.243, 140
Trd, 4318175.093, 140
Trd, 4318175.293, 140
Trd, 4318176.043, 139
Trd, 4318176.493, 140
Trd, 4318177.493, 140
Trd, 4318177.843, 140
Trd, 4318178.143, 139
Trd, 4318178.743, 140
Trd, 4318179.543, 140
Trd, 4318180.543, 140
Trd, 4318180.693, 139
Trd, 4318181.543, 140
Trd, 4318182.693, 140
Trd, 4318183.793, 140
Trd, 4318184.993, 140
Trd, 4318185.743, 140
Trd, 4318185.943, 140
Trd, 4318187.343, 140
Trd, 4318187.493, 140
Trd, 4318187.793, 140
Trd, 4318188.343, 140
Trd, 4318189.093, 140
Trd, 4318189.143, 140
Trd, 4318192.293, 140
Trd, 4318192.993, 140
Trd, 4318193.843, 140
Trd, 4318194.043, 140
Trd, 4318195.193, 140
Trd, 4318195.243, 140
Trd, 4318195.793, 140
Trd, 4318195.893, 140
Trd, 4318196.643, 140
Trd, 4318197.093, 138
Trd, 4318197.493, 140
Trd, 4318198.193, 140
Trd, 4318199.093, 140
Trd, 4318201.693, 140
Trd, 4318201.743, 140
Trd, 4318202.843, 140
Trd, 4318203.993, 140
Trd, 4318205.093, 140
Trd, 4318205.143, 140
Trd, 4318206.443, 140
Trd, 4318206.643, 140
Trd, 4318207.243, 140
Trd, 4318208.043, 140
Trd, 4318209.193, 140
Trd, 4318209.843, 140
Trd, 4318210.443, 140
Trd, 4318210.693, 140
Trd, 4318211.093, 140
Trd, 4318211.243, 140
Trd, 4318211.893, 138
Trd, 4318212.043, 140
Trd, 4318213.893, 140
Trd, 4318214.543, 140
Trd, 4318215.393, 140
Trd, 4318215.793, 138
Trd, 4318216.393, 140
Trd, 4318216.743, 140
Trd, 4318217.093, 140
Trd, 4318217.893, 140
Trd, 4318218.443, 140
Trd, 4318219.243, 112
Trd, 4318220.093, 140
Trd, 4318222.143, 140
Trd, 4318222.493, 140
Trd, 4318222.943, 140
Trd, 4318224.593, 140
Trd, 4318225.243, 140
Trd, 4318225.843, 140
Trd, 4318226.293, 138
Trd, 4318226.393, 140
Trd, 4318228.043, 140
Trd, 4318228.693, 140
Trd, 4318228.993, 140
Trd, 4318229.743, 140
Trd, 4318229.993, 140
Trd, 4318230.543, 139
Trd, 4318231.343, 140
Trd, 4318233.043, 139
Trd, 4318233.093, 138
Trd, 4318234.043, 140
Trd, 4318234.993, 140
Trd, 4318235.543, 140
Trd, 4318236.843, 140
Trd, 4318237.843, 140
Trd, 4318239.793, 140
Trd, 4318239.843, 140
Trd, 4318240.243, 140
Trd, 4318241.193, 140
Trd, 4318242.093, 140
Trd, 4318242.393, 140
Trd, 4318242.593, 140
Trd, 4318243.493, 140
Trd, 4318243.893, 140
Trd, 4318244.593, 140
Trd, 4318244.893, 139
Trd, 4318246.843, 140
Trd, 4318247.443, 140
Trd, 4318247.893, 140
Trd, 4318251.143, 140
Trd, 4318251.643, 140
Trd, 4318252.143, 140
Trd, 4318252.843, 140
Trd, 4318253.993, 140
Trd, 4318254.143, 140
Trd, 4318254.493, 140
Trd, 4318254.593, 140
Trd, 4318255.143, 140
Trd, 4318256.943, 140
Trd, 4318257.693, 139
Trd, 4318258.043, 139
Trd, 4318260.093, 140
Trd, 4318260.243, 140
Trd, 4318260.893, 140
Trd, 4318261.243, 140
Trd, 4318261.543, 140
Trd, 4318261.943, 139
Trd, 4318263.443, 136
Trd, 4318263.593, 69
Trd, 4318264.943, 140
Trd, 4318265.643, 140
Trd, 4318266.693, 140
Trd, 4318267.193, 140
Trd, 4318267.393, 140
Trd, 4318268.793, 140
Trd, 4318268.993, 140
Trd, 4318269.443, 140
Trd, 4318269.793, 140
Trd, 4318271.543, 140
Trd, 4318271.693, 140
Trd, 4318272.493, 140
Trd, 4318272.593, 139
Trd, 4318273.143, 140
Trd, 4318273.693, 138
Trd, 4318274.993, 140
Trd, 4318275.643, 140
Trd, 4318276.743, 140
Trd, 4318277.593, 140
Trd, 4318277.793, 140
Trd, 4318279.593, 140
Trd, 4318279.843, 140
Trd, 4318280.093, 140
Trd, 4318282.093, 140
Trd, 4318282.393, 140
Trd, 4318284.343, 140
Trd, 4318284.743, 140
Trd, 4318285.093, 140
Trd, 4318285.793, 140
Trd, 4318286.393, 140
Trd, 4318287.593, 140
Trd, 4318287.793, 140
Trd, 4318290.293, 140
Trd, 4318290.993, 140
Trd, 4318291.743, 140
Trd, 4318292.043, 140
Trd, 4318292.493, 140
Trd, 4318292.593, 140
Trd, 4318293.543, 140
Trd, 4318293.693, 140
Trd, 4318295.493, 140
Trd, 4318295.893, 140
Trd, 4318297.393, 138
Trd, 4318298.043, 140
Trd, 4318298.193, 138
Trd, 4318298.743, 140
Trd, 4318299.943, 140
Trd, 4318300.693, 140
Trd, 4318301.293, 140
Trd, 4318303.293, 140
Trd, 4318303.543, 140
Trd, 4318304.043, 140
Trd, 4318304.593, 140
Trd, 4318304.843, 140
Trd, 4318305.243, 140
Trd, 4318306.143, 140
Trd, 4318307.093, 140
Trd, 4318307.343, 140
Trd, 4318308.593, 140
Trd, 4318309.393, 140
Trd, 4318310.643, 140
Trd, 4318311.493, 140
Trd, 4318312.893, 140
Trd, 4318313.843, 140
Trd, 4318314.493, 140
Trd, 4318314.843, 140
Trd, 4318315.493, 140
Trd, 4318315.593, 140
Trd, 4318316.043, 139
Trd, 4318316.343, 139
Trd, 4318316.543, 139
Trd, 4318317.593, 140
Trd, 4318318.143, 140
Trd, 4318318.293, 139
Trd, 4318318.343, 139
Trd, 4318320.543, 140
Trd, 4318320.893, 140
Trd, 4318321.743, 139
Trd, 4318321.843, 137
Trd, 4318323.743, 140
Trd, 4318324.843, 140
Trd, 4318325.093, 140
Trd, 4318326.143, 140
Trd, 4318327.293, 140
Trd, 4318328.193, 140
Trd, 4318329.043, 140
Trd, 4318329.793, 140
Trd, 4318330.793, 140
Trd, 4318331.193, 140
Trd, 4318331.243, 140
Trd, 4318331.493, 140
Trd, 4318333.193, 140
Trd, 4318333.843, 140
Trd, 4318334.493, 139
Trd, 4318335.043, 140
Trd, 4318336.743, 140
Trd, 4318337.743, 140
Trd, 4318337.893, 140
Trd, 4318338.443, 140
Trd, 4318339.993, 140
Trd, 4318340.343, 140
Trd, 4318340.643, 140
Trd, 4318340.793, 138
Trd, 4318342.343, 140
Trd, 4318342.993, 140
Trd, 4318344.193, 140
Trd, 4318344.743, 140
Trd, 4318345.143, 140
Trd, 4318347.893, 140
Trd, 4318348.043, 140
Trd, 4318348.193, 140
Trd, 4318349.943, 140
Trd, 4318350.043, 140
Trd, 4318350.493, 140
Trd, 4318350.643, 140
Trd, 4318351.993, 140
Trd, 4318352.043, 140
Trd, 4318353.043, 140
Trd, 4318354.793, 140
Trd, 4318354.993, 140
Trd, 4318355.693, 140
Trd, 4318356.293, 140
Trd, 4318356.493, 139
Trd, 4318358.193, 140
Trd, 4318360.043, 140
Trd, 4318360.393, 140
Trd, 4318361.243, 140
Trd, 4318361.443, 140
Trd, 4318362.243, 140
Trd, 4318363.743, 140
Trd, 4318363.793, 140
Trd, 4318364.343, 140
Trd, 4318364.843, 140
Trd, 4318365.443, 139
Trd, 4318365.943, 134
Trd, 4318366.343, 133
Trd, 4318367.193, 140
Trd, 4318367.843, 140
Trd, 4318368.893, 140
Trd, 4318369.143, 140
Trd, 4318369.343, 139
Trd, 4318371.493, 140
Trd, 4318372.893, 140
Trd, 4318373.143, 140
Trd, 4318373.843, 140
Trd, 4318375.493, 139
Trd, 4318376.043, 140
Trd, 4318376.293, 139
Trd, 4318376.343, 138
Trd, 4318376.893, 138
Trd, 4318378.493, 140
Trd, 4318379.443, 140
Trd, 4318379.643, 139
Trd, 4318379.843, 139
Trd, 4318381.093, 139
Trd, 4318382.493, 140
Trd, 4318382.593, 140
Trd, 4318383.243, 140
Trd, 4318383.593, 140
Trd, 4318384.993, 140
Trd, 4318385.943, 140
Trd, 4318386.343, 140
Trd, 4318387.093, 140
Trd, 4318388.193, 140
Trd, 4318388.643, 140
Trd, 4318389.243, 140
Trd, 4318389.393, 139
Trd, 4318390.593, 139
Trd, 4318390.693, 139
Trd, 4318392.043, 139
Trd, 4318394.243, 140
Trd, 4318394.643, 139
Trd, 4318395.043, 140
Trd, 4318395.093, 140
Trd, 4318395.243, 140
Trd, 4318397.393, 140
Trd, 4318397.893, 140
Trd, 4318398.543, 140
Trd, 4318399.793, 140
Trd, 4318400.493, 140
Trd, 4318400.543, 140
Trd, 4318400.793, 140
Trd, 4318401.043, 140
Trd, 4318401.143, 140
Trd, 4318401.293, 139
Trd, 4318401.993, 139
Trd, 4318403.593, 140
Trd, 4318403.693, 140
Trd, 4318404.093, 140
Trd, 4318404.893, 140
Trd, 4318405.893, 139
Trd, 4318406.143, 140
Trd, 4318406.193, 96
Trd, 4318407.793, 140
Trd, 4318407.843, 140
Trd, 4318409.143, 140
Trd, 4318409.343, 140
Trd, 4318410.493, 140
Trd, 4318411.943, 140
Trd, 4318413.243, 140
Trd, 4318413.543, 136
Trd, 4318413.643, 63
Trd, 4318414.643, 60
Trd, 4318414.893, 60
Trd, 4318415.143, 60
Trd, 4318416.343, 60
Trd, 4318416.393, 60
Trd, 4318416.843, 71
Trd, 4318417.093, 64
Trd, 4318417.893, 94
Trd, 4318418.243, 140
Trd, 4318418.443, 140
Trd, 4318420.143, 140
Trd, 4318421.293, 140
Trd, 4318421.593, 140
Trd, 4318423.543, 140
Trd, 4318424.893, 140
Trd, 4318425.793, 140
Trd, 4318425.843, 140
Trd, 4318425.943, 140
Trd, 4318426.093, 140
Trd, 4318427.893, 140
Trd, 4318429.243, 140
Trd, 4318429.793, 140
Trd, 4318430.243, 140
Trd, 4318430.343, 140
Trd, 4318431.243, 140
Trd, 4318431.743, 140
Trd, 4318432.343, 140
Trd, 4318433.543, 140
Trd, 4318433.943, 139
Trd, 4318434.943, 140
Trd, 4318435.043, 140
Trd, 4318435.893, 140
Trd, 4318436.043, 140
Trd, 4318436.143, 140
Trd, 4318437.943, 137
Trd, 4318439.743, 140
Trd, 4318439.993, 139
Trd, 4318440.343, 140
Trd, 4318440.743, 140
Trd, 4318443.793, 140
Trd, 4318444.343, 140
Trd, 4318444.443, 140
Trd, 4318444.943, 140
Trd, 4318445.543, 140
Trd, 4318445.643, 140
Trd, 4318446.893, 139
Trd, 4318447.893, 140
Trd, 4318448.293, 140
Trd, 4318448.793, 139
Trd, 4318450.443, 140
Trd, 4318450.493, 139
Trd, 4318450.993, 139
Trd, 4318452.293, 140
Trd, 4318452.693, 140
Trd, 4318453.093, 140
Trd, 4318453.143, 140
Trd, 4318454.843, 140
Trd, 4318454.893, 140
Trd, 4318455.843, 140
Trd, 4318456.643, 140
Trd, 4318457.443, 140
Trd, 4318458.893, 140
Trd, 4318459.393, 140
Trd, 4318459.543, 140
Trd, 4318459.893, 139
Trd, 4318461.343, 140
Trd, 4318463.193, 139
Trd, 4318463.393, 140
Trd, 4318464.843, 140
Trd, 4318465.243, 140
Trd, 4318465.443, 140
Trd, 4318465.593, 140
Trd, 4318467.943, 140
Trd, 4318468.093, 140
Trd, 4318468.893, 140
Trd, 4318468.993, 140
Trd, 4318469.443, 140
Trd, 4318470.743, 140
Trd, 4318470.993, 140
Trd, 4318471.493, 140
Trd, 4318473.143, 140
Trd, 4318474.393, 140
Trd, 4318474.443, 140
Trd, 4318475.043, 140
Trd, 4318475.693, 140
Trd, 4318476.093, 140
Trd, 4318476.393, 140
Trd, 4318476.543, 139
Trd, 4318477.743, 140
Trd, 4318477.943, 138
Trd, 4318478.743, 140
Trd, 4318479.393, 140
Trd, 4318480.193, 140
Trd, 4318480.893, 140
Trd, 4318481.493, 140
Trd, 4318481.993, 140
Trd, 4318482.843, 140
Trd, 4318483.493, 140
Trd, 4318484.243, 140
Trd, 4318484.993, 140
Trd, 4318485.843, 140
Trd, 4318486.643, 140
Trd, 4318486.743, 140
Trd, 4318487.193, 140
Trd, 4318487.293, 139
Trd, 4318488.743, 138
Trd, 4318488.793, 115
Trd, 4318490.493, 140
Trd, 4318490.543, 140
Trd, 4318492.343, 140
Trd, 4318494.043, 140
Trd, 4318495.743, 140
Trd, 4318495.793, 140
Trd, 4318496.043, 140
Trd, 4318496.093, 140
Trd, 4318497.543, 140
Trd, 4318497.843, 140
Trd, 4318497.893, 140
Trd, 4318498.493, 140
Trd, 4318499.243, 139
Trd, 4318499.743, 139
Trd, 4318501.243, 140
Trd, 4318501.443, 140
Trd, 4318501.793, 140
Trd, 4318502.893, 140
Trd, 4318503.243, 135
Trd, 4318505.393, 140
Trd, 4318505.593, 140
Trd, 4318506.293, 140
Trd, 4318506.443, 140
Trd, 4318506.693, 139
Trd, 4318507.843, 140
Trd, 4318509.193, 140
Trd, 4318510.093, 140
Trd, 4318510.193, 140
Trd, 4318510.793, 139
Trd, 4318510.893, 139
Trd, 4318513.043, 140
Trd, 4318513.293, 140
Trd, 4318513.543, 140
Trd, 4318514.343, 140
Trd, 4318514.693, 140
Trd, 4318515.343, 140
Trd, 4318515.593, 139
Trd, 4318517.643, 140
Trd, 4318518.543, 140
Trd, 4318518.743, 140
Trd, 4318519.593, 140
Trd, 4318520.293, 139
Trd, 4318520.593, 138
Trd, 4318521.193, 140
Trd, 4318523.093, 139
Trd, 4318523.843, 140
Trd, 4318524.743, 140
Trd, 4318525.543, 140
Trd, 4318525.693, 139
Trd, 4318526.343, 139
Trd, 4318526.743, 138
Trd, 4318527.493, 140
Trd, 4318527.793, 140
Trd, 4318527.993, 100
Trd, 4318528.543, 82
Trd, 4318530.293, 140
Trd, 4318531.393, 139
Trd, 4318531.943, 139
Trd, 4318533.143, 139
Trd, 4318533.193, 138
Trd, 4318533.443, 139
Trd, 4318533.643, 140
Trd, 4318534.943, 138
Trd, 4318535.343, 140
Trd, 4318535.443, 77
Trd, 4318537.593, 140
Trd, 4318537.743, 140
Trd, 4318537.943, 140
Trd, 4318540.393, 140
Trd, 4318540.543, 140
Trd, 4318541.393, 139
Trd, 4318542.143, 140
Trd, 4318542.443, 140
Trd, 4318542.843, 139
Trd, 4318543.593, 139
Trd, 4318543.743, 138
Trd, 4318543.843, 137
Trd, 4318544.893, 111
Trd, 4318545.543, 139
Trd, 4318548.043, 140
Trd, 4318548.393, 140
Trd, 4318549.393, 140
Trd, 4318549.643, 140
Trd, 4318550.093, 139
Trd, 4318550.593, 139
Trd, 4318552.893, 140
Trd, 4318553.193, 139
Trd, 4318555.293, 140
Trd, 4318555.743, 140
Trd, 4318555.793, 140
Trd, 4318556.443, 140
Trd, 4318556.543, 140
Trd, 4318557.143, 139
Trd, 4318557.643, 137
Trd, 4318558.243, 140
Trd, 4318559.643, 139
Trd, 4318560.493, 140
Trd, 4318561.543, 140
Trd, 4318562.343, 140
Trd, 4318562.743, 140
Trd, 4318563.243, 140
Trd, 4318564.993, 140
Trd, 4318565.293, 140
Trd, 4318565.593, 140
Trd, 4318567.143, 140
Trd, 4318567.243, 140
Trd, 4318567.493, 140
Trd, 4318569.243, 140
Trd, 4318570.093, 140
Trd, 4318570.493, 140
Trd, 4318570.543, 140
Trd, 4318570.893, 140
Trd, 4318571.593, 79
Trd, 4318572.293, 135
Trd, 4318573.643, 140
Trd, 4318573.743, 140
Trd, 4318573.943, 139
Trd, 4318574.543, 140
Trd, 4318575.943, 140
Trd, 4318576.943, 140
Trd, 4318579.593, 140
Trd, 4318580.493, 140
Trd, 4318580.643, 140
Trd, 4318581.893, 140
Trd, 4318582.243, 140
Trd, 4318582.843, 140
Trd, 4318582.893, 140
Trd, 4318584.093, 140
Trd, 4318585.393, 140
Trd, 4318586.343, 140
Trd, 4318586.643, 140
Trd, 4318587.343, 140
Trd, 4318587.793, 139
Trd, 4318588.093, 138
Trd, 4318588.643, 140
Trd, 4318588.793, 140
Trd, 4318589.743, 140
Trd, 4318590.743, 140
Trd, 4318590.843, 140
Trd, 4318591.093, 139
Trd, 4318591.493, 140
Trd, 4318591.793, 140
Trd, 4318591.843, 140
Trd, 4318593.493, 139
Trd, 4318594.393, 139
Trd, 4318594.993, 140
Trd, 4318596.543, 129
Trd, 4318596.643, 138
Trd, 4318597.193, 64
Trd, 4318598.193, 61
Trd, 4318598.243, 62
Trd, 4318598.943, 140
Trd, 4318600.143, 140
Trd, 4318600.793, 139
Trd, 4318601.543, 133
Trd, 4318603.243, 140
Trd, 4318604.793, 140
Trd, 4318605.193, 140
Trd, 4318606.643, 140
Trd, 4318607.093, 140
Trd, 4318607.543, 140
Trd, 4318607.843, 140
Trd, 4318608.593, 140
Trd, 4318609.793, 140
Trd, 4318611.193, 140
Trd, 4318611.293, 140
Trd, 4318611.343, 140
Trd, 4318612.443, 139
Trd, 4318613.293, 140
Trd, 4318613.893, 140
Trd, 4318614.293, 140
Trd, 4318614.743, 140
Trd, 4318616.343, 140
Trd, 4318617.343, 140
Trd, 4318617.643, 140
Trd, 4318618.993, 140
Trd, 4318620.593, 140
Trd, 4318621.543, 140
Trd, 4318622.293, 140
Trd, 4318622.593, 140
Trd, 4318623.393, 140
Trd, 4318623.893, 140
Trd, 4318623.943, 140
Trd, 4318626.543, 140
Trd, 4318627.593, 140
Trd, 4318627.793, 140
Trd, 4318627.893, 139
Trd, 4318628.743, 140
Trd, 4318629.493, 140
Trd, 4318629.643, 139
Trd, 4318632.493, 140
Trd, 4318632.893, 140
Trd, 4318632.993, 140
Trd, 4318633.543, 140
Trd, 4318633.693, 140
Trd, 4318633.793, 140
Trd, 4318634.743, 140
Trd, 4318636.793, 140
Trd, 4318637.093, 140
Trd, 4318638.343, 140
Trd, 4318638.743, 140
Trd, 4318639.393, 140
Trd, 4318639.543, 140
Trd, 4318639.993, 140
Trd, 4318640.793, 140
Trd, 4318641.243, 140
Trd, 4318642.043, 140
Trd, 4318643.243, 140
Trd, 4318643.543, 140
Trd, 4318644.443, 140
Trd, 4318644.693, 140
Trd, 4318645.543, 140
Trd, 4318647.043, 140
Trd, 4318647.193, 137
Trd, 4318647.993, 140
Trd, 4318648.643, 140
Trd, 4318649.393, 140
Trd, 4318649.993, 140
Trd, 4318650.043, 140
Trd, 4318650.243, 138
Trd, 4318650.793, 140
Trd, 4318651.443, 140
Trd, 4318651.893, 140
Trd, 4318652.543, 140
Trd, 4318653.693, 139
Trd, 4318654.793, 140
Trd, 4318655.243, 140
Trd, 4318655.793, 140
Trd, 4318657.243, 140
Trd, 4318657.493, 139
Trd, 4318658.343, 140
Trd, 4318659.793, 140
Trd, 4318659.993, 140
Trd, 4318661.043, 140
Trd, 4318661.293, 140
Trd, 4318661.593, 139
Trd, 4318663.793, 140
Trd, 4318663.893, 140
Trd, 4318664.743, 140
Trd, 4318665.293, 140
Trd, 4318665.543, 140
Trd, 4318666.443, 140
Trd, 4318667.943, 140
Trd, 4318668.143, 140
Trd, 4318668.493, 140
Trd, 4318668.793, 140
Trd, 4318670.443, 140
Trd, 4318672.243, 140
Trd, 4318672.343, 140
Trd, 4318673.393, 140
Trd, 4318674.743, 140
Trd, 4318674.793, 140
Trd, 4318674.843, 139
Trd, 4318675.543, 140
Trd, 4318676.443, 140
Trd, 4318676.693, 140
Trd, 4318677.493, 138
Trd, 4318677.743, 140
Trd, 4318678.993, 140
Trd, 4318681.043, 140
Trd, 4318681.443, 140
Trd, 4318682.543, 140
Trd, 4318682.893, 140
Trd, 4318683.743, 140
Trd, 4318683.993, 140
Trd, 4318685.493, 140
Trd, 4318685.643, 140
Trd, 4318686.193, 140
Trd, 4318686.793, 139
Trd, 4318687.843, 140
Trd, 4318688.943, 140
Trd, 4318689.493, 140
Trd, 4318689.893, 140
Trd, 4318690.793, 140
Trd, 4318690.943, 140
Trd, 4318692.143, 140
Trd, 4318692.743, 140
Trd, 4318692.843, 140
Trd, 4318694.093, 140
Trd, 4318694.143, 140
Trd, 4318695.743, 139
Trd, 4318696.543, 140
Trd, 4318696.893, 124
Trd, 4318697.593, 126
Trd, 4318699.293, 140
Trd, 4318699.943, 140
Trd, 4318700.793, 140
Trd, 4318701.243, 140
Trd, 4318701.843, 140
Trd, 4318702.543, 140
Trd, 4318703.993, 140
Trd, 4318704.143, 140
Trd, 4318704.543, 140
Trd, 4318705.243, 140
Trd, 4318707.593, 140
Trd, 4318709.293, 140
Trd, 4318709.543, 140
Trd, 4318709.693, 140
Trd, 4318709.893, 140
Trd, 4318711.843, 140
Trd, 4318712.593, 140
Trd, 4318713.093, 140
Trd, 4318713.193, 140
Trd, 4318713.543, 140
Trd, 4318714.393, 140
Trd, 4318716.493, 140
Trd, 4318716.693, 140
Trd, 4318717.943, 140
Trd, 4318719.293, 140
Trd, 4318719.343, 140
Trd, 4318719.593, 140
Trd, 4318720.893, 140
Trd, 4318721.043, 140
Trd, 4318721.093, 140
Trd, 4318721.543, 139
Trd, 4318723.143, 140
Trd, 4318723.993, 140
Trd, 4318725.443, 140
Trd, 4318725.493, 139
Trd, 4318726.943, 140
Trd, 4318727.343, 140
Trd, 4318728.243, 140
Trd, 4318728.293, 139
Trd, 4318728.943, 140
Trd, 4318729.093, 140
Trd, 4318730.143, 139
Trd, 4318730.543, 140
Trd, 4318731.543, 140
Trd, 4318733.043, 140
Trd, 4318733.493, 140
Trd, 4318734.243, 140
Trd, 4318735.793, 140
Trd, 4318736.293, 139
Trd, 4318736.743, 140
Trd, 4318737.793, 140
Trd, 4318738.693, 140
Trd, 4318739.593, 140
Trd, 4318739.893, 140
Trd, 4318740.943, 140
Trd, 4318740.993, 140
Trd, 4318741.943, 140
Trd, 4318743.343, 140
Trd, 4318744.143, 139
Trd, 4318744.593, 140
Trd, 4318744.643, 138
Trd, 4318745.793, 140
Trd, 4318745.943, 139
Trd, 4318746.093, 138
Trd, 4318747.143, 140
Trd, 4318747.993, 140
Trd, 4318748.993, 140
Trd, 4318749.743, 140
Trd, 4318751.443, 140
Trd, 4318752.643, 140
Trd, 4318753.443, 140
Trd, 4318753.793, 140
Trd, 4318754.493, 140
Trd, 4318755.843, 140
Trd, 4318756.643, 140
Trd, 4318757.093, 140
Trd, 4318757.193, 139
Trd, 4318757.243, 139
Trd, 4318757.693, 140
Trd, 4318758.743, 139
Trd, 4318761.693, 140
Trd, 4318761.993, 137
Trd, 4318762.343, 136
Trd, 4318762.893, 139
Trd, 4318763.043, 124
Trd, 4318763.793, 66
Trd, 4318764.043, 65
Trd, 4318764.943, 61
Trd, 4318765.943, 140
Trd, 4318766.593, 140
Trd, 4318766.993, 139
Trd, 4318768.893, 140
Trd, 4318769.093, 140
Trd, 4318770.293, 140
Trd, 4318770.993, 140
Trd, 4318771.893, 140
Trd, 4318772.043, 139
Trd, 4318772.643, 140
Trd, 4318773.243, 140
Trd, 4318773.443, 138
Trd, 4318774.093, 140
Trd, 4318774.293, 136
Trd, 4318774.493, 76
Trd, 4318775.293, 60
Trd, 4318776.093, 62
Trd, 4318776.443, 60
Trd, 4318776.793, 64
Trd, 4318777.293, 60
Trd, 4318777.993, 140
Trd, 4318778.593, 64
Trd, 4318778.993, 63
Trd, 4318780.893, 140
Trd, 4318781.493, 140
Trd, 4318781.643, 140
Trd, 4318782.593, 140
Trd, 4318783.643, 104
Trd, 4318783.843, 64
Trd, 4318785.393, 140
Trd, 4318786.343, 140
Trd, 4318786.393, 140
Trd, 4318787.893, 140
Trd, 4318787.993, 140
Trd, 4318788.393, 140
Trd, 4318789.143, 140
Trd, 4318790.193, 140
Trd, 4318790.543, 140
Trd, 4318791.243, 140
Trd, 4318792.043, 140
Trd, 4318792.943, 140
Trd, 4318793.193, 140
Trd, 4318794.393, 140
Trd, 4318794.843, 139
Trd, 4318796.043, 138
Trd, 4318797.193, 138
Trd, 4318797.893, 140
Trd, 4318798.143, 140
Trd, 4318799.193, 140
Trd, 4318799.793, 140
Trd, 4318800.593, 140
Trd, 4318800.643, 140
Trd, 4318800.793, 140
Trd, 4318803.243, 140
Trd, 4318803.943, 140
Trd, 4318806.743, 140
Trd, 4318807.843, 140
Trd, 4318808.243, 140
Trd, 4318808.843, 140
Trd, 4318808.893, 140
Trd, 4318809.293, 140
Trd, 4318810.143, 140
Trd, 4318810.543, 140
Trd, 4318811.543, 140
Trd, 4318811.743, 140
Trd, 4318813.243, 140
Trd, 4318813.743, 140
Trd, 4318813.943, 140
Trd, 4318814.593, 140
Trd, 4318814.693, 139
Trd, 4318815.893, 140
Trd, 4318815.943, 140
Trd, 4318817.443, 140
Trd, 4318818.193, 140
Trd, 4318818.643, 140
Trd, 4318819.793, 140
Trd, 4318820.143, 140
Trd, 4318820.293, 140
Trd, 4318820.343, 139
Trd, 4318821.393, 140
Trd, 4318823.043, 140
Trd, 4318823.243, 140
Trd, 4318824.693, 140
Trd, 4318826.393, 140
Trd, 4318826.643, 140
Trd, 4318826.793, 140
Trd, 4318827.493, 140
Trd, 4318827.543, 140
Trd, 4318827.693, 140
Trd, 4318830.343, 140
Trd, 4318830.743, 140
Trd, 4318831.043, 140
Trd, 4318831.093, 140
Trd, 4318831.493, 140
Trd, 4318832.243, 140
Trd, 4318832.893, 140
Trd, 4318835.743, 140
Trd, 4318835.943, 140
Trd, 4318836.893, 140
Trd, 4318836.993, 140
Trd, 4318837.243, 140
Trd, 4318837.843, 140
Trd, 4318838.193, 140
Trd, 4318839.743, 140
Trd, 4318840.043, 140
Trd, 4318841.843, 140
Trd, 4318842.593, 140
Trd, 4318843.593, 140
Trd, 4318843.893, 140
Trd, 4318844.493, 140
Trd, 4318844.693, 139
Trd, 4318845.143, 139
Trd, 4318846.393, 139
Trd, 4318846.593, 138
Trd, 4318847.943, 140
Trd, 4318848.393, 140
Trd, 4318848.993, 140
Trd, 4318849.093, 140
Trd, 4318850.643, 140
Trd, 4318851.193, 140
Trd, 4318852.043, 140
Trd, 4318852.393, 140
Trd, 4318854.043, 140
Trd, 4318854.893, 140
Trd, 4318855.243, 140
Trd, 4318856.243, 140
Trd, 4318856.943, 140
Trd, 4318858.043, 140
Trd, 4318859.243, 140
Trd, 4318859.693, 140
Trd, 4318859.843, 140
Trd, 4318860.293, 140
Trd, 4318860.493, 140
Trd, 4318860.693, 140
Trd, 4318860.793, 140
Trd, 4318861.443, 136
Trd, 4318862.143, 140
Trd, 4318862.193, 140
Trd, 4318863.543, 139
Trd, 4318864.943, 140
Trd, 4318865.593, 139
Trd, 4318866.443, 88
Trd, 4318866.543, 62
Trd, 4318867.993, 140
Trd, 4318868.393, 140
Trd, 4318868.693, 140
Trd, 4318869.343, 139
Trd, 4318869.593, 140
Trd, 4318870.193, 140
Trd, 4318870.943, 139
Trd, 4318871.643, 138
Trd, 4318872.243, 139
Trd, 4318872.643, 139
Trd, 4318874.393, 140
Trd, 4318875.743, 140
Trd, 4318877.043, 140
Trd, 4318877.743, 140
Trd, 4318878.643, 140
Trd, 4318879.293, 140
Trd, 4318879.793, 140
Trd, 4318880.043, 140
Trd, 4318880.643, 140
Trd, 4318880.893, 138
Trd, 4318881.443, 140
Trd, 4318881.593, 138
Trd, 4318882.493, 139
Trd, 4318884.093, 140
Trd, 4318884.843, 140
Trd, 4318885.793, 140
Trd, 4318886.743, 140
Trd, 4318887.043, 140
Trd, 4318887.243, 139
Trd, 4318888.493, 139
Trd, 4318889.093, 138
Trd, 4318889.793, 138
Trd, 4318891.593, 140
Trd, 4318891.743, 140
Trd, 4318891.943, 140
Trd, 4318892.293, 136
Trd, 4318893.343, 139
Trd, 4318894.343, 140
Trd, 4318894.993, 140
Trd, 4318896.243, 140
Trd, 4318897.493, 140
Trd, 4318898.543, 140
Trd, 4318899.193, 140
Trd, 4318899.693, 140
Trd, 4318900.693, 139
Trd, 4318900.893, 140
Trd, 4318901.793, 140
Trd, 4318903.143, 140
Trd, 4318903.893, 140
Trd, 4318904.093, 140
Trd, 4318904.343, 140
Trd, 4318904.843, 138
Trd, 4318905.243, 140
Trd, 4318905.593, 138
Trd, 4318907.693, 140
Trd, 4318908.043, 140
Trd, 4318908.343, 140
Trd, 4318910.293, 140
Trd, 4318910.593, 140
Trd, 4318910.643, 140
Trd, 4318911.193, 140
Trd, 4318912.143, 140
Trd, 4318912.293, 139
Trd, 4318913.643, 140
Trd, 4318914.243, 140
Trd, 4318915.493, 140
Trd, 4318917.993, 140
Trd, 4318918.043, 140
Trd, 4318918.393, 140
Trd, 4318918.793, 140
Trd, 4318920.193, 140
Trd, 4318920.293, 140
Trd, 4318920.893, 140
Trd, 4318920.943, 139
Trd, 4318921.343, 140
Trd, 4318922.443, 140
Trd, 4318922.643, 139
Trd, 4318923.893, 140
Trd, 4318925.993, 140
Trd, 4318926.293, 139
Trd, 4318927.843, 140
Trd, 4318928.143, 138
Trd, 4318928.293, 139
Trd, 4318929.343, 140
Trd, 4318929.443, 140
Trd, 4318930.143, 140
Trd, 4318931.093, 140
Trd, 4318931.393, 140
Trd, 4318931.893, 140
Trd, 4318932.693, 140
Trd, 4318933.193, 138
Trd, 4318934.943, 140
Trd, 4318936.093, 140
Trd, 4318936.543, 140
Trd, 4318936.793, 140
Trd, 4318936.943, 139
Trd, 4318937.843, 140
Trd, 4318939.193, 138
Trd, 4318940.693, 140
Trd, 4318942.193, 140
Trd, 4318942.493, 140
Trd, 4318942.593, 140
Trd, 4318943.943, 140
Trd, 4318944.043, 140
Trd, 4318945.193, 140
Trd, 4318945.293, 139
Trd, 4318945.843, 140
Trd, 4318945.993, 136
Trd, 4318947.193, 140
Trd, 4318947.743, 140
Trd, 4318948.343, 140
Trd, 4318948.593, 139
Trd, 4318950.143, 140
Trd, 4318951.393, 140
Trd, 4318951.643, 140
Trd, 4318952.793, 140
Trd, 4318953.143, 140
Trd, 4318953.293, 140
Trd, 4318953.643, 140
Trd, 4318954.093, 140
Trd, 4318954.293, 138
Trd, 4318954.593, 116
Trd, 4318955.593, 140
Trd, 4318956.543, 75
Trd, 4318956.593, 76
Trd, 4318956.843, 139
Trd, 4318957.943, 63
Trd, 4318958.043, 65
Trd, 4318959.593, 60
Trd, 4318960.643, 60
Trd, 4318960.793, 60
Trd, 4318961.393, 60
Trd, 4318962.343, 60
Trd, 4318962.393, 61
Trd, 4318962.493, 62
Trd, 4318963.243, 140
Trd, 4318963.493, 140
Trd, 4318964.193, 67
Trd, 4318964.743, 60
Trd, 4318964.843, 60
Trd, 4318965.593, 61
Trd, 4318966.343, 63
Trd, 4318967.843, 60
Trd, 4318967.893, 62
Trd, 4318969.193, 60
Trd, 4318969.843, 60
Trd, 4318970.393, 60
Trd, 4318970.593, 60
Trd, 4318970.893, 60
Trd, 4318972.243, 60
Trd, 4318973.093, 60
Trd, 4318973.143, 60
Trd, 4318973.993, 61
Trd, 4318974.493, 61
Trd, 4318975.493, 60
Trd, 4318975.893, 61
Trd, 4318976.093, 62
Trd, 4318976.243, 64
Trd, 4318977.043, 60
Trd, 4318977.643, 63
Trd, 4318979.143, 60
Trd, 4318979.643, 60
Trd, 4318980.043, 60
Trd, 4318980.893, 60
Trd, 4318981.443, 61
Trd, 4318981.593, 62
Trd, 4318982.093, 64
Trd, 4318982.643, 60
Trd, 4318983.043, 61
Trd, 4318984.443, 60
Trd, 4318984.543, 63
Trd, 4318984.843, 81
Trd, 4318986.843, 60
Trd, 4318986.943, 60
Trd, 4318987.543, 60
Trd, 4318988.943, 60
Trd, 4318989.043, 60
Trd, 4318989.643, 60
Trd, 4318990.643, 60
Trd, 4318991.193, 60
Trd, 4318992.243, 60
Trd, 4318993.193, 60
Trd, 4318993.343, 60
Trd, 4318993.493, 60
Trd, 4318994.393, 60
Trd, 4318994.543, 62
Trd, 4318995.643, 60
Trd, 4318996.243, 65
Trd, 4318996.743, 60
Trd, 4318997.493, 60
Trd, 4318997.943, 61
Trd, 4318998.143, 62
Trd, 4318998.743, 61
Trd, 4318999.343, 60
Trd, 4319000.693, 60
Trd, 4319002.393, 60
Trd, 4319003.443, 60
Trd, 4319004.193, 60
Trd, 4319004.543, 62
Trd, 4319004.693, 62
Trd, 4319004.893, 66
Trd, 4319006.443, 60
Trd, 4319007.243, 60
Trd, 4319007.393, 60
Trd, 4319008.293, 60
Trd, 4319008.993, 60
Trd, 4319009.093, 62
Trd, 4319010.143, 62
Trd, 4319010.243, 64
Trd, 4319010.443, 62
Trd, 4319011.643, 60
Trd, 4319012.343, 60
Trd, 4319012.393, 63
Trd, 4319013.343, 63
Trd, 4319013.893, 62
Trd, 4319014.943, 60
Trd, 4319015.043, 60
Trd, 4319017.993, 60
Trd, 4319018.793, 60
Trd, 4319018.843, 60
Trd, 4319019.143, 61
Trd, 4319019.843, 62
Trd, 4319019.893, 65
Trd, 4319020.493, 60
Trd, 4319022.493, 60
Trd, 4319023.243, 60
Trd, 4319023.643, 61
Trd, 4319023.943, 63
Trd, 4319024.343, 60
Trd, 4319025.243, 62
Trd, 4319026.043, 140
Trd, 4319026.443, 62
Trd, 4319027.193, 60
Trd, 4319028.043, 60
Trd, 4319029.243, 140
Trd, 4319030.193, 140
Trd, 4319030.593, 140
Trd, 4319030.693, 140
Trd, 4319030.943, 140
Trd, 4319031.493, 139
Trd, 4319031.993, 138
Trd, 4319032.393, 61
Trd, 4319034.343, 60
Trd, 4319034.643, 60
Trd, 4319035.093, 61
Trd, 4319035.193, 63
Trd, 4319036.743, 60
Trd, 4319036.893, 65
Trd, 4319038.693, 60
Trd, 4319039.743, 60
Trd, 4319039.993, 60
Trd, 4319040.043, 63
Trd, 4319040.943, 62
Trd, 4319041.243, 62
Trd, 4319041.393, 61
Trd, 4319042.143, 61
Trd, 4319042.243, 63
Trd, 4319042.343, 61
Trd, 4319042.893, 67
Trd, 4319044.393, 60
Trd, 4319044.543, 60
Trd, 4319045.393, 63
Trd, 4319045.893, 70
Trd, 4319047.543, 60
Trd, 4319047.593, 61
Trd, 4319047.693, 65
Trd, 4319047.993, 61
Trd, 4319048.243, 60
Trd, 4319049.893, 60
Trd, 4319050.043, 63
Trd, 4319051.443, 62
Trd, 4319052.093, 62
Trd, 4319052.643, 61
Trd, 4319053.643, 60
Trd, 4319053.993, 62
Trd, 4319054.393, 63
Trd, 4319055.993, 60
Trd, 4319056.043, 64
Trd, 4319056.543, 67
Trd, 4319057.043, 61
Trd, 4319057.243, 62
Trd, 4319057.843, 62
Trd, 4319058.043, 65
Trd, 4319058.643, 63
Trd, 4319059.193, 71
Trd, 4319060.443, 61
Trd, 4319060.543, 62
Trd, 4319060.593, 64
Trd, 4319060.793, 60
Trd, 4319062.593, 60
Trd, 4319062.743, 61
Trd, 4319063.493, 60
Trd, 4319066.193, 60
Trd, 4319066.243, 60
Trd, 4319066.293, 61
Trd, 4319066.593, 62
Trd, 4319068.243, 61
Trd, 4319068.593, 61
Trd, 4319069.143, 60
Trd, 4319069.543, 60
Trd, 4319069.793, 60
Trd, 4319071.793, 60
Trd, 4319071.843, 62
Trd, 4319072.093, 65
Trd, 4319072.393, 61
Trd, 4319073.043, 60
Trd, 4319073.793, 60
Trd, 4319074.443, 60
Trd, 4319074.693, 61
Trd, 4319076.143, 62
Trd, 4319076.643, 66
Trd, 4319077.443, 60
Trd, 4319077.593, 60
Trd, 4319078.243, 66
Trd, 4319078.943, 140
Trd, 4319079.443, 139
Trd, 4319080.193, 139
Trd, 4319080.493, 139
Trd, 4319081.093, 140
Trd, 4319082.693, 140
Trd, 4319083.293, 140
Trd, 4319083.343, 140
Trd, 4319083.493, 140
Trd, 4319084.543, 140
Trd, 4319084.643, 140
Trd, 4319085.693, 139
Trd, 4319085.943, 104
Trd, 4319086.443, 139
Trd, 4319088.843, 139
Trd, 4319089.193, 140
Trd, 4319089.393, 139
Trd, 4319090.293, 139
Trd, 4319090.793, 140
Trd, 4319092.543, 140
Trd, 4319093.443, 140
Trd, 4319093.843, 140
Trd, 4319093.993, 140
Trd, 4319095.193, 140
Trd, 4319095.993, 140
Trd, 4319096.293, 138
Trd, 4319096.993, 139
Trd, 4319097.993, 140
Trd, 4319098.043, 138
Trd, 4319099.093, 140
Trd, 4319099.843, 140
Trd, 4319100.493, 140
Trd, 4319101.943, 140
Trd, 4319101.993, 140
Trd, 4319102.243, 140
Trd, 4319103.343, 140
Trd, 4319104.293, 140
Trd, 4319105.343, 140
Trd, 4319105.643, 140
Trd, 4319107.343, 140
Trd, 4319108.043, 140
Trd, 4319109.593, 140
Trd, 4319109.693, 140
Trd, 4319110.993, 140
Trd, 4319111.293, 140
Trd, 4319111.843, 140
Trd, 4319113.293, 140
Trd, 4319113.493, 140
Trd, 4319113.893, 140
Trd, 4319115.493, 140
Trd, 4319116.143, 140
Trd, 4319117.343, 140
Trd, 4319117.993, 140
Trd, 4319118.493, 140
Trd, 4319118.593, 140
Trd, 4319118.743, 140
Trd, 4319118.993, 139
Trd, 4319120.193, 137
Trd, 4319120.693, 139
Trd, 4319120.993, 138
Trd, 4319121.743, 140
Trd, 4319123.943, 140
Trd, 4319124.093, 140
Trd, 4319124.443, 140
Trd, 4319124.743, 139
Trd, 4319126.793, 140
Trd, 4319127.393, 140
Trd, 4319129.243, 140
Trd, 4319129.293, 140
Trd, 4319129.493, 140
Trd, 4319129.543, 140
Trd, 4319129.693, 139
Trd, 4319130.943, 140
Trd, 4319131.593, 140
Trd, 4319132.843, 140
Trd, 4319133.793, 140
Trd, 4319135.043, 140
Trd, 4319135.143, 140
Trd, 4319136.343, 140
Trd, 4319136.893, 140
Trd, 4319138.243, 140
Trd, 4319138.293, 140
Trd, 4319138.643, 140
Trd, 4319139.693, 140
Trd, 4319139.993, 140
Trd, 4319140.943, 140
Trd, 4319141.543, 140
Trd, 4319142.093, 139
Trd, 4319142.793, 140
Trd, 4319143.293, 140
Trd, 4319145.193, 140
Trd, 4319145.343, 140
Trd, 4319145.543, 139
Trd, 4319146.093, 140
Trd, 4319146.993, 140
Trd, 4319147.993, 140
Trd, 4319149.193, 140
Trd, 4319150.543, 140
Trd, 4319151.143, 140
Trd, 4319151.193, 140
Trd, 4319151.893, 140
Trd, 4319153.243, 140
Trd, 4319153.393, 140
Trd, 4319153.693, 140
Trd, 4319154.243, 140
Trd, 4319154.843, 140
Trd, 4319156.093, 139
Trd, 4319156.543, 140
Trd, 4319159.293, 140
Trd, 4319159.393, 140
Trd, 4319159.843, 140
Trd, 4319160.293, 140
Trd, 4319161.093, 140
Trd, 4319161.893, 140
Trd, 4319162.093, 140
Trd, 4319162.593, 140
Trd, 4319163.543, 140
Trd, 4319164.543, 140
Trd, 4319165.643, 140
Trd, 4319166.193, 140
Trd, 4319166.993, 140
Trd, 4319167.393, 140
Trd, 4319168.293, 140
Trd, 4319168.743, 140
Trd, 4319168.993, 140
Trd, 4319169.693, 140
Trd, 4319169.993, 140
Trd, 4319170.043, 140
Trd, 4319170.493, 70
Trd, 4319171.243, 62
Trd, 4319171.793, 60
Trd, 4319172.993, 61
Trd, 4319173.393, 61
Trd, 4319173.593, 68
Trd, 4319174.993, 69
Trd, 4319176.243, 140
Trd, 4319176.893, 140
Trd, 4319178.193, 140
Trd, 4319178.543, 140
Trd, 4319178.693, 140
Trd, 4319179.393, 140
Trd, 4319180.843, 140
Trd, 4319180.893, 140
Trd, 4319181.493, 140
Trd, 4319181.643, 140
Trd, 4319183.843, 140
Trd, 4319185.043, 140
Trd, 4319185.093, 140
Trd, 4319186.593, 140
Trd, 4319187.493, 140
Trd, 4319187.643, 140
Trd, 4319187.743, 139
Trd, 4319188.793, 140
Trd, 4319189.093, 139
Trd, 4319190.643, 140
Trd, 4319191.593, 140
Trd, 4319193.143, 140
Trd, 4319193.343, 140
Trd, 4319193.843, 140
Trd, 4319194.443, 140
Trd, 4319196.543, 140
Trd, 4319196.893, 140
Trd, 4319197.093, 140
Trd, 4319197.493, 140
Trd, 4319197.643, 139
Trd, 4319198.093, 140
Trd, 4319199.343, 140
Trd, 4319199.593, 140
Trd, 4319200.243, 139
Trd, 4319201.093, 140
Trd, 4319201.993, 140
Trd, 4319202.243, 140
Trd, 4319203.143, 140
Trd, 4319204.143, 140
Trd, 4319205.093, 140
Trd, 4319205.743, 140
Trd, 4319206.243, 140
Trd, 4319207.243, 140
Trd, 4319208.443, 140
Trd, 4319209.743, 140
Trd, 4319210.243, 140
Trd, 4319211.793, 140
Trd, 4319212.343, 140
Trd, 4319212.543, 140
Trd, 4319213.793, 140
Trd, 4319214.293, 140
Trd, 4319214.343, 140
Trd, 4319215.043, 140
Trd, 4319216.493, 139
Trd, 4319216.843, 140
Trd, 4319217.393, 140
Trd, 4319218.243, 140
Trd, 4319218.993, 140
Trd, 4319219.793, 140
Trd, 4319219.993, 140
Trd, 4319220.893, 140
Trd, 4319221.343, 140
Trd, 4319223.743, 140
Trd, 4319224.443, 140
Trd, 4319225.193, 140
Trd, 4319225.343, 140
Trd, 4319226.143, 140
Trd, 4319227.893, 140
Trd, 4319228.993, 140
Trd, 4319229.343, 140
Trd, 4319229.743, 140
Trd, 4319230.043, 140
Trd, 4319230.493, 140
Trd, 4319231.193, 140
Trd, 4319231.293, 140
Trd, 4319231.343, 140
Trd, 4319232.843, 140
Trd, 4319234.143, 138
Trd, 4319234.943, 140
Trd, 4319235.343, 140
Trd, 4319235.543, 140
Trd, 4319235.993, 140
Trd, 4319237.693, 140
Trd, 4319238.793, 140
Trd, 4319239.393, 140
Trd, 4319239.843, 140
Trd, 4319240.593, 140
Trd, 4319241.193, 140
Trd, 4319241.243, 139
Trd, 4319241.443, 137
Trd, 4319241.843, 139
Trd, 4319242.993, 140
Trd, 4319244.843, 140
Trd, 4319245.243, 140
Trd, 4319246.543, 140
Trd, 4319247.043, 139
Trd, 4319248.543, 140
Trd, 4319249.043, 140
Trd, 4319250.043, 140
Trd, 4319251.143, 140
Trd, 4319252.043, 140
Trd, 4319252.543, 140
Trd, 4319253.293, 140
Trd, 4319254.143, 140
Trd, 4319255.293, 140
Trd, 4319255.743, 140
Trd, 4319255.993, 140
Trd, 4319256.893, 140
Trd, 4319257.293, 140
Trd, 4319257.893, 140
Trd, 4319258.393, 139
Trd, 4319259.393, 140
Trd, 4319259.993, 138
Trd, 4319260.193, 120
Trd, 4319261.343, 140
Trd, 4319261.643, 62
Trd, 4319261.893, 60
Trd, 4319262.893, 137
Trd, 4319263.643, 64
Trd, 4319264.093, 64
Trd, 4319264.393, 63
Trd, 4319265.093, 60
Trd, 4319265.943, 60
Trd, 4319267.293, 60
Trd, 4319267.643, 62
Trd, 4319268.293, 63
Trd, 4319268.793, 60
Trd, 4319269.043, 66
Trd, 4319269.243, 66
Trd, 4319270.893, 63
Trd, 4319271.043, 64
Trd, 4319271.293, 64
Trd, 4319271.443, 73
Trd, 4319271.993, 60
Trd, 4319272.793, 72
Trd, 4319274.743, 60
Trd, 4319274.893, 61
Trd, 4319275.243, 63
Trd, 4319275.293, 74
Trd, 4319275.443, 140
Trd, 4319276.343, 140
Trd, 4319277.043, 140
Trd, 4319277.743, 139
Trd, 4319278.493, 60
Trd, 4319278.543, 61
Trd, 4319279.143, 62
Trd, 4319279.943, 60
Trd, 4319281.543, 60
Trd, 4319282.593, 63
Trd, 4319283.243, 62
Trd, 4319283.343, 63
Trd, 4319283.893, 61
Trd, 4319284.343, 77
Trd, 4319284.643, 140
Trd, 4319285.593, 139
Trd, 4319285.943, 61
Trd, 4319286.943, 62
Trd, 4319287.843, 64
Trd, 4319288.293, 67
Trd, 4319290.293, 61
Trd, 4319291.093, 60
Trd, 4319291.593, 60
Trd, 4319291.743, 60
Trd, 4319291.943, 62
Trd, 4319292.043, 66
Trd, 4319292.493, 60
Trd, 4319293.343, 67
Trd, 4319295.693, 60
Trd, 4319295.993, 62
Trd, 4319296.643, 62
Trd, 4319297.893, 60
Trd, 4319298.743, 60
Trd, 4319299.293, 61
Trd, 4319299.343, 65
Trd, 4319300.043, 60
Trd, 4319300.793, 60
Trd, 4319302.093, 60
Trd, 4319302.143, 60
Trd, 4319302.293, 66
Trd, 4319302.843, 67
Trd, 4319303.843, 60
Trd, 4319304.243, 60
Trd, 4319305.593, 60
Trd, 4319305.843, 60
Trd, 4319305.993, 60
Trd, 4319306.093, 64
Trd, 4319306.943, 77
Trd, 4319307.443, 139
Trd, 4319307.693, 138
Trd, 4319308.643, 62
Trd, 4319309.243, 61
Trd, 4319311.393, 60
Trd, 4319311.843, 60
Trd, 4319312.043, 60
Trd, 4319312.493, 61
Trd, 4319313.493, 61
Trd, 4319313.943, 60
Trd, 4319314.093, 60
Trd, 4319315.443, 60
Trd, 4319315.493, 61
Trd, 4319315.993, 72
Trd, 4319316.793, 65
Trd, 4319317.143, 68
Trd, 4319317.943, 60
Trd, 4319319.493, 60
Trd, 4319319.593, 60
Trd, 4319319.943, 60
Trd, 4319321.043, 60
Trd, 4319321.943, 60
Trd, 4319322.193, 60
Trd, 4319322.293, 60
Trd, 4319323.993, 60
Trd, 4319325.293, 60
Trd, 4319325.543, 61
Trd, 4319326.143, 66
Trd, 4319326.843, 62
Trd, 4319327.093, 63
Trd, 4319327.193, 63
Trd, 4319327.793, 63
Trd, 4319328.393, 62
Trd, 4319328.793, 63
Trd, 4319329.493, 63
Trd, 4319329.543, 60
Trd, 4319330.293, 63
Trd, 4319330.643, 60
Trd, 4319330.843, 66
Trd, 4319332.393, 66
Trd, 4319333.493, 60
Trd, 4319334.493, 60
Trd, 4319334.693, 60
Trd, 4319335.393, 62
Trd, 4319335.943, 61
Trd, 4319336.343, 64
Trd, 4319337.893, 60
Trd, 4319338.243, 60
Trd, 4319339.743, 60
Trd, 4319339.843, 61
Trd, 4319340.193, 67
Trd, 4319340.493, 61
Trd, 4319341.043, 65
Trd, 4319342.793, 63
Trd, 4319344.043, 60
Trd, 4319344.093, 60
Trd, 4319344.143, 61
Trd, 4319344.293, 61
Trd, 4319346.093, 62
Trd, 4319347.143, 61
Trd, 4319347.443, 63
Trd, 4319347.543, 63
Trd, 4319347.843, 61
Trd, 4319348.043, 62
Trd, 4319350.393, 60
Trd, 4319350.443, 60
Trd, 4319351.393, 60
Trd, 4319351.893, 60
Trd, 4319352.443, 60
Trd, 4319352.643, 60
Trd, 4319353.143, 61
Trd, 4319353.943, 60
Trd, 4319354.293, 62
Trd, 4319354.893, 64
Trd, 4319355.193, 67
Trd, 4319356.243, 60
Trd, 4319357.393, 60
Trd, 4319357.743, 60
Trd, 4319358.193, 61
Trd, 4319359.093, 65
Trd, 4319360.693, 60
Trd, 4319360.893, 60
Trd, 4319362.143, 60
Trd, 4319362.243, 61
Trd, 4319362.743, 61
Trd, 4319363.093, 60
Trd, 4319364.293, 60
Trd, 4319365.393, 60
Trd, 4319365.943, 60
Trd, 4319366.243, 60
Trd, 4319366.693, 61
Trd, 4319367.043, 61
Trd, 4319367.193, 61
Trd, 4319368.393, 60
Trd, 4319369.843, 60
Trd, 4319369.993, 60
Trd, 4319370.243, 60
Trd, 4319371.643, 60
Trd, 4319372.143, 60
Trd, 4319372.493, 60
Trd, 4319372.543, 65
Trd, 4319374.093, 60
Trd, 4319374.493, 68
Trd, 4319374.943, 139
Trd, 4319375.443, 65
Trd, 4319376.143, 65
Trd, 4319376.543, 139
Trd, 4319376.743, 64
Trd, 4319378.843, 60
Trd, 4319379.493, 60
Trd, 4319379.693, 60
Trd, 4319380.093, 60
Trd, 4319380.443, 60
Trd, 4319382.243, 63
Trd, 4319382.293, 65
Trd, 4319382.393, 61
Trd, 4319383.793, 60
Trd, 4319383.843, 61
Trd, 4319384.293, 60
Trd, 4319384.993, 60
Trd, 4319385.893, 60
Trd, 4319386.793, 60
Trd, 4319387.043, 62
Trd, 4319387.243, 62
Trd, 4319387.343, 63
Trd, 4319388.643, 60
Trd, 4319389.493, 60
Trd, 4319389.943, 60
Trd, 4319390.043, 61
Trd, 4319390.193, 64
Trd, 4319391.693, 63
Trd, 4319391.793, 65
Trd, 4319391.843, 67
Trd, 4319392.043, 67
Trd, 4319392.743, 77
Trd, 4319395.593, 60
Trd, 4319396.043, 60
Trd, 4319396.543, 60
Trd, 4319396.943, 62
Trd, 4319397.043, 63
Trd, 4319398.493, 60
Trd, 4319398.543, 64
Trd, 4319398.943, 63
Trd, 4319401.043, 60
Trd, 4319402.293, 62
Trd, 4319402.893, 61
Trd, 4319403.643, 61
Trd, 4319403.793, 62
Trd, 4319404.293, 63
Trd, 4319404.393, 64
Trd, 4319405.093, 61
Trd, 4319405.793, 60
Trd, 4319406.243, 64
Trd, 4319406.893, 60
Trd, 4319407.193, 60
Trd, 4319407.743, 60
Trd, 4319408.493, 60
Trd, 4319409.543, 60
Trd, 4319410.243, 61
Trd, 4319411.293, 63
Trd, 4319411.393, 64
Trd, 4319411.493, 88
Trd, 4319412.543, 64
Trd, 4319413.093, 64
Trd, 4319413.243, 65
Trd, 4319414.443, 63
Trd, 4319415.043, 62
Trd, 4319415.143, 65
Trd, 4319416.343, 60
Trd, 4319416.643, 60
Trd, 4319417.543, 60
Trd, 4319418.843, 60
Trd, 4319419.643, 60
Trd, 4319419.693, 62
Trd, 4319420.443, 61
Trd, 4319420.793, 60
Trd, 4319422.693, 60
Trd, 4319423.393, 61
Trd, 4319423.443, 63
Trd, 4319423.693, 64
Trd, 4319425.493, 60
Trd, 4319426.543, 62
Trd, 4319426.693, 62
Trd, 4319427.093, 60
Trd, 4319427.243, 63
Trd, 4319428.193, 60
Trd, 4319428.243, 64
Trd, 4319429.193, 60
Trd, 4319429.793, 140
Trd, 4319430.143, 139
Trd, 4319431.093, 60
Trd, 4319432.243, 60
Trd, 4319432.493, 60
Trd, 4319432.543, 60
Trd, 4319432.693, 63
Trd, 4319433.443, 64
Trd, 4319433.843, 63
Trd, 4319434.343, 64
Trd, 4319436.043, 64
Trd, 4319436.593, 60
Trd, 4319436.943, 138
Trd, 4319437.293, 62
Trd, 4319437.643, 63
Trd, 4319438.293, 140
Trd, 4319438.743, 61
Trd, 4319438.843, 62
Trd, 4319439.093, 140
Trd, 4319440.493, 140
Trd, 4319441.293, 138
Trd, 4319441.843, 140
Trd, 4319443.293, 140
Trd, 4319443.893, 138
Trd, 4319444.093, 137
Trd, 4319445.593, 140
Trd, 4319446.843, 140
Trd, 4319447.343, 140
Trd, 4319448.093, 140
Trd, 4319449.593, 140
Trd, 4319450.393, 140
Trd, 4319450.543, 140
Trd, 4319451.043, 140
Trd, 4319451.693, 140
Trd, 4319451.993, 140
Trd, 4319452.593, 139
Trd, 4319453.493, 140
Trd, 4319453.643, 140
Trd, 4319455.093, 140
Trd, 4319455.893, 140
Trd, 4319456.443, 139
Trd, 4319457.693, 139
Trd, 4319457.943, 140
Trd, 4319458.193, 139
Trd, 4319458.943, 140
Trd, 4319460.293, 140
Trd, 4319460.543, 140
Trd, 4319461.443, 140
Trd, 4319461.943, 140
Trd, 4319463.443, 140
Trd, 4319464.843, 140
Trd, 4319465.293, 140
Trd, 4319465.343, 140
Trd, 4319466.393, 140
Trd, 4319466.443, 140
Trd, 4319468.643, 140
Trd, 4319468.893, 140
Trd, 4319469.343, 139
Trd, 4319470.393, 140
Trd, 4319472.093, 140
Trd, 4319472.793, 140
Trd, 4319473.143, 140
Trd, 4319473.543, 140
Trd, 4319474.443, 140
Trd, 4319475.043, 140
Trd, 4319475.443, 140
Trd, 4319475.593, 140
Trd, 4319475.743, 139
Trd, 4319476.843, 140
Trd, 4319478.243, 140
Trd, 4319478.293, 140
Trd, 4319479.743, 140
Trd, 4319480.243, 140
Trd, 4319480.893, 140
Trd, 4319481.893, 140
Trd, 4319482.993, 140
Trd, 4319483.943, 140
Trd, 4319484.493, 140
Trd, 4319484.993, 140
Trd, 4319485.943, 140
Trd, 4319486.293, 140
Trd, 4319486.893, 140
Trd, 4319487.793, 140
Trd, 4319488.393, 140
Trd, 4319488.893, 140
Trd, 4319489.743, 140
Trd, 4319490.293, 140
Trd, 4319491.093, 140
Trd, 4319491.943, 140
Trd, 4319492.293, 140
Trd, 4319493.843, 140
Trd, 4319494.443, 140
Trd, 4319494.643, 139
Trd, 4319496.093, 140
Trd, 4319496.243, 140
Trd, 4319496.893, 140
Trd, 4319497.043, 140
Trd, 4319497.893, 140
Trd, 4319499.093, 140
Trd, 4319500.493, 140
Trd, 4319501.243, 140
Trd, 4319502.293, 140
Trd, 4319502.643, 140
Trd, 4319502.993, 140
Trd, 4319504.143, 140
Trd, 4319504.793, 140
Trd, 4319504.893, 140
Trd, 4319505.743, 140
Trd, 4319506.643, 140
Trd, 4319506.943, 140
Trd, 4319507.143, 140
Trd, 4319508.443, 140
Trd, 4319509.343, 140
Trd, 4319510.293, 140
Trd, 4319510.793, 140
Trd, 4319512.443, 140
Trd, 4319513.293, 140
Trd, 4319513.493, 140
Trd, 4319513.643, 139
Trd, 4319514.943, 140
Trd, 4319516.743, 139
Trd, 4319516.793, 139
Trd, 4319516.843, 132
Trd, 4319518.743, 140
Trd, 4319518.793, 140
Trd, 4319519.393, 140
Trd, 4319519.593, 140
Trd, 4319520.243, 140
Trd, 4319521.743, 140
Trd, 4319521.943, 140
Trd, 4319524.093, 140
Trd, 4319524.243, 140
Trd, 4319524.343, 136
Trd, 4319526.843, 140
Trd, 4319527.193, 140
Trd, 4319527.793, 140
Trd, 4319527.893, 139
Trd, 4319528.793, 140
Trd, 4319529.743, 139
Trd, 4319530.843, 140
Trd, 4319531.743, 140
Trd, 4319531.943, 140
Trd, 4319532.893, 140
Trd, 4319534.293, 140
Trd, 4319534.993, 140
Trd, 4319535.743, 140
Trd, 4319535.993, 140
Trd, 4319536.493, 140
Trd, 4319537.843, 140
Trd, 4319538.793, 140
Trd, 4319539.843, 140
Trd, 4319539.893, 140
Trd, 4319540.593, 140
Trd, 4319541.693, 140
Trd, 4319542.093, 139
Trd, 4319542.343, 139
Trd, 4319544.393, 140
Trd, 4319544.843, 140
Trd, 4319545.093, 140
Trd, 4319546.893, 140
Trd, 4319547.043, 140
Trd, 4319547.793, 140
Trd, 4319548.843, 140
Trd, 4319550.193, 140
Trd, 4319550.243, 140
Trd, 4319550.493, 140
Trd, 4319550.993, 140
Trd, 4319551.493, 140
Trd, 4319551.693, 140
Trd, 4319553.093, 140
Trd, 4319553.393, 140
Trd, 4319553.943, 140
Trd, 4319555.093, 138
Trd, 4319555.493, 140
Trd, 4319555.593, 140
Trd, 4319556.193, 140
Trd, 4319556.943, 140
Trd, 4319557.293, 140
Trd, 4319558.393, 140
Trd, 4319558.743, 140
Trd, 4319559.193, 140
Trd, 4319560.743, 140
Trd, 4319561.493, 140
Trd, 4319563.543, 140
Trd, 4319563.993, 140
Trd, 4319564.993, 140
Trd, 4319565.543, 140
Trd, 4319566.993, 140
Trd, 4319568.443, 140
Trd, 4319568.493, 140
Trd, 4319568.893, 140
Trd, 4319569.743, 140
Trd, 4319571.243, 140
Trd, 4319572.043, 140
Trd, 4319572.143, 140
Trd, 4319572.543, 140
Trd, 4319572.843, 139
Trd, 4319574.343, 140
Trd, 4319575.343, 140
Trd, 4319575.443, 139
Trd, 4319576.193, 136
Trd, 4319576.593, 134
Trd, 4319578.843, 140
Trd, 4319579.343, 140
Trd, 4319579.993, 140
Trd, 4319580.043, 140
Trd, 4319580.143, 140
Trd, 4319582.443, 140
Trd, 4319583.393, 140
Trd, 4319583.643, 140
Trd, 4319583.693, 140
Trd, 4319584.243, 140
Trd, 4319584.593, 140
Trd, 4319585.343, 140
Trd, 4319585.593, 140
Trd, 4319585.943, 139
Trd, 4319588.643, 140
Trd, 4319590.593, 140
Trd, 4319591.143, 140
Trd, 4319592.493, 140
Trd, 4319592.693, 140
Trd, 4319592.893, 140
Trd, 4319594.093, 140
Trd, 4319594.893, 140
Trd, 4319595.193, 140
Trd, 4319595.493, 140
Trd, 4319596.143, 140
Trd, 4319597.593, 140
Trd, 4319598.043, 140
Trd, 4319598.393, 140
Trd, 4319598.443, 140
Trd, 4319600.143, 139
Trd, 4319600.543, 140
Trd, 4319601.793, 140
Trd, 4319601.943, 140
Trd, 4319602.343, 140
Trd, 4319602.393, 136
Trd, 4319603.743, 140
Trd, 4319603.843, 140
Trd, 4319605.443, 139
Trd, 4319605.793, 139
Trd, 4319605.843, 138
Trd, 4319607.243, 140
Trd, 4319607.543, 140
Trd, 4319608.293, 138
Trd, 4319608.343, 125
Trd, 4319611.593, 140
Trd, 4319612.093, 140
Trd, 4319613.193, 140
Trd, 4319613.293, 139
Trd, 4319613.693, 138
Trd, 4319613.943, 138
Trd, 4319614.743, 67
Trd, 4319615.543, 140
Trd, 4319616.543, 140
Trd, 4319617.043, 140
Trd, 4319617.593, 140
Trd, 4319617.843, 139
Trd, 4319619.143, 140
Trd, 4319619.243, 139
Trd, 4319619.393, 138
Trd, 4319622.043, 140
Trd, 4319622.343, 140
Trd, 4319622.543, 140
Trd, 4319623.093, 140
Trd, 4319624.693, 140
Trd, 4319624.993, 140
Trd, 4319625.193, 140
Trd, 4319626.093, 140
Trd, 4319628.343, 140
Trd, 4319628.843, 140
Trd, 4319629.093, 139
Trd, 4319629.143, 138
Trd, 4319631.193, 140
Trd, 4319631.793, 140
Trd, 4319631.893, 140
Trd, 4319632.193, 140
Trd, 4319633.743, 140
Trd, 4319634.643, 139
Trd, 4319634.893, 139
Trd, 4319635.693, 140
Trd, 4319635.943, 139
Trd, 4319635.993, 137
Trd, 4319636.143, 122
Trd, 4319638.543, 140
Trd, 4319639.143, 140
Trd, 4319640.243, 140
Trd, 4319640.693, 140
Trd, 4319641.393, 139
Trd, 4319641.993, 140
Trd, 4319642.943, 140
Trd, 4319644.143, 140
Trd, 4319645.193, 139
Trd, 4319645.443, 140
Trd, 4319645.493, 139
Trd, 4319645.593, 95
Trd, 4319647.443, 140
Trd, 4319647.543, 139
Trd, 4319648.093, 140
Trd, 4319648.193, 140
Trd, 4319648.993, 140
Trd, 4319649.643, 140
Trd, 4319650.643, 140
Trd, 4319650.693, 140
Trd, 4319650.793, 140
Trd, 4319651.793, 140
Trd, 4319652.393, 140
Trd, 4319652.893, 140
Trd, 4319653.893, 140
Trd, 4319654.293, 140
Trd, 4319655.393, 140
Trd, 4319656.143, 140
Trd, 4319656.443, 140
Trd, 4319658.493, 140
Trd, 4319658.943, 140
Trd, 4319660.093, 140
Trd, 4319660.443, 140
Trd, 4319660.543, 139
Trd, 4319661.643, 140
Trd, 4319663.043, 140
Trd, 4319663.143, 139
Trd, 4319663.243, 140
Trd, 4319664.243, 60
Trd, 4319664.543, 140
Trd, 4319665.893, 140
Trd, 4319666.343, 139
Trd, 4319667.643, 140
Trd, 4319668.943, 140
Trd, 4319669.243, 140
Trd, 4319669.843, 139
Trd, 4319670.343, 138
Trd, 4319670.593, 140
Trd, 4319670.743, 140
Trd, 4319670.793, 103
Trd, 4319671.493, 140
Trd, 4319672.393, 140
Trd, 4319673.943, 140
Trd, 4319674.593, 140
Trd, 4319675.343, 140
Trd, 4319676.993, 140
Trd, 4319677.043, 140
Trd, 4319677.093, 139
Trd, 4319678.793, 140
Trd, 4319679.193, 140
Trd, 4319681.643, 140
Trd, 4319682.493, 140
Trd, 4319682.793, 140
Trd, 4319683.693, 140
Trd, 4319683.793, 140
Trd, 4319684.743, 140
Trd, 4319684.993, 140
Trd, 4319687.193, 140
Trd, 4319687.543, 140
Trd, 4319688.393, 140
Trd, 4319689.543, 140
Trd, 4319690.193, 140
Trd, 4319690.343, 140
Trd, 4319691.593, 140
Trd, 4319692.343, 140
Trd, 4319692.593, 140
Trd, 4319693.143, 140
Trd, 4319695.093, 140
Trd, 4319696.143, 140
Trd, 4319697.093, 140
Trd, 4319698.393, 140
Trd, 4319698.493, 139
Trd, 4319698.793, 140
Trd, 4319698.893, 139
Trd, 4319698.993, 62
Trd, 4319699.143, 140
Trd, 4319699.393, 137
Trd, 4319699.793, 140
Trd, 4319700.593, 140
Trd, 4319701.843, 140
Trd, 4319703.143, 140
Trd, 4319703.393, 140
Trd, 4319703.593, 140
Trd, 4319704.493, 140
Trd, 4319706.493, 140
Trd, 4319706.543, 140
Trd, 4319707.143, 140
Trd, 4319707.693, 140
Trd, 4319708.443, 140
Trd, 4319709.543, 140
Trd, 4319709.793, 140
Trd, 4319709.943, 140
Trd, 4319710.443, 140
Trd, 4319711.543, 140
Trd, 4319711.693, 140
Trd, 4319713.193, 140
Trd, 4319714.293, 140
Trd, 4319714.443, 140
Trd, 4319715.543, 140
Trd, 4319717.293, 140
Trd, 4319717.693, 140
Trd, 4319718.293, 140
Trd, 4319719.293, 140
Trd, 4319719.643, 138
Trd, 4319720.743, 140
Trd, 4319720.793, 140
Trd, 4319721.743, 140
Trd, 4319722.093, 140
Trd, 4319722.443, 139
Trd, 4319722.893, 138
Trd, 4319724.043, 140
Trd, 4319724.343, 140
Trd, 4319725.443, 139
Trd, 4319726.893, 140
Trd, 4319728.893, 140
Trd, 4319729.843, 140
Trd, 4319730.393, 140
Trd, 4319730.593, 140
Trd, 4319731.143, 140
Trd, 4319731.443, 140
Trd, 4319732.193, 140
Trd, 4319734.293, 140
Trd, 4319734.693, 140
Trd, 4319735.343, 140
Trd, 4319736.643, 140
Trd, 4319736.693, 140
Trd, 4319737.443, 140
Trd, 4319737.643, 140
Trd, 4319737.843, 140
Trd, 4319738.093, 60
Trd, 4319738.443, 61
Trd, 4319739.893, 140
Trd, 4319740.293, 139
Trd, 4319741.143, 140
Trd, 4319741.343, 140
Trd, 4319742.443, 61
Trd, 4319743.043, 62
Trd, 4319744.493, 63
Trd, 4319744.593, 64
Trd, 4319745.043, 65
Trd, 4319745.143, 66
Trd, 4319746.493, 63
Trd, 4319747.243, 62
Trd, 4319747.843, 60
Trd, 4319748.693, 60
Trd, 4319749.193, 64
Trd, 4319749.643, 61
Trd, 4319750.543, 60
Trd, 4319751.393, 60
Trd, 4319751.743, 60
Trd, 4319752.293, 65
Trd, 4319752.743, 60
Trd, 4319752.943, 60
Trd, 4319753.043, 64
Trd, 4319755.193, 61
Trd, 4319755.243, 63
Trd, 4319755.793, 60
Trd, 4319757.043, 60
Trd, 4319757.243, 60
Trd, 4319757.643, 61
Trd, 4319759.393, 60
Trd, 4319760.393, 60
Trd, 4319760.743, 62
Trd, 4319760.843, 62
Trd, 4319761.293, 62
Trd, 4319761.693, 63
Trd, 4319763.643, 60
Trd, 4319764.343, 60
Trd, 4319764.493, 64
Trd, 4319764.643, 65
Trd, 4319764.943, 60
Trd, 4319765.693, 61
Trd, 4319766.743, 60
Trd, 4319767.293, 60
Trd, 4319767.343, 60
Trd, 4319768.243, 62
Trd, 4319769.443, 60
Trd, 4319770.393, 60
Trd, 4319770.893, 63
Trd, 4319771.043, 65
Trd, 4319772.743, 60
Trd, 4319773.293, 60
Trd, 4319773.593, 62
Trd, 4319773.943, 60
Trd, 4319774.093, 62
Trd, 4319775.493, 60
Trd, 4319775.593, 60
Trd, 4319776.293, 61
Trd, 4319777.493, 60
Trd, 4319777.643, 62
Trd, 4319778.343, 60
Trd, 4319778.993, 60
Trd, 4319779.143, 60
Trd, 4319779.293, 62
Trd, 4319779.643, 132
Trd, 4319780.293, 140
Trd, 4319780.593, 140
Trd, 4319782.243, 139
Trd, 4319782.393, 140
Trd, 4319782.443, 139
Trd, 4319784.143, 139
Trd, 4319784.893, 140
Trd, 4319785.243, 140
Trd, 4319785.693, 139
Trd, 4319786.393, 140
Trd, 4319787.593, 139
Trd, 4319787.893, 138
Trd, 4319787.993, 140
Trd, 4319788.093, 138
Trd, 4319789.593, 140
Trd, 4319790.493, 140
Trd, 4319791.543, 140
Trd, 4319791.643, 140
Trd, 4319792.793, 139
Trd, 4319792.943, 139
Trd, 4319793.593, 139
Trd, 4319794.343, 140
Trd, 4319794.543, 140
Trd, 4319796.893, 140
Trd, 4319797.543, 140
Trd, 4319797.593, 139
Trd, 4319797.843, 138
Trd, 4319799.093, 140
Trd, 4319799.843, 140
Trd, 4319799.993, 139
Trd, 4319801.593, 140
Trd, 4319802.043, 140
Trd, 4319802.643, 140
Trd, 4319804.943, 140
Trd, 4319805.393, 140
Trd, 4319805.593, 140
Trd, 4319807.543, 140
Trd, 4319807.643, 140
Trd, 4319808.443, 140
Trd, 4319808.743, 140
Trd, 4319808.943, 140
Trd, 4319810.643, 140
Trd, 4319811.043, 140
Trd, 4319812.793, 140
Trd, 4319813.643, 140
Trd, 4319814.143, 140
Trd, 4319814.893, 140
Trd, 4319815.743, 140
Trd, 4319816.193, 140
Trd, 4319816.793, 140
Trd, 4319818.243, 140
Trd, 4319818.593, 140
Trd, 4319819.343, 138
Trd, 4319821.793, 140
Trd, 4319821.943, 140
Trd, 4319822.293, 140
Trd, 4319822.643, 140
Trd, 4319823.743, 140
Trd, 4319824.243, 140
Trd, 4319824.693, 140
Trd, 4319825.343, 140
Trd, 4319825.743, 140
Trd, 4319826.293, 140
Trd, 4319826.893, 140
Trd, 4319827.943, 139
Trd, 4319828.093, 138
Trd, 4319829.443, 140
Trd, 4319829.493, 140
Trd, 4319830.093, 139
Trd, 4319830.643, 139
Trd, 4319832.643, 140
Trd, 4319832.943, 140
Trd, 4319833.493, 140
Trd, 4319835.143, 140
Trd, 4319836.793, 140
Trd, 4319837.043, 140
Trd, 4319837.243, 139
Trd, 4319837.593, 140
Trd, 4319837.843, 140
Trd, 4319838.093, 140
Trd, 4319840.493, 140
Trd, 4319840.643, 140
Trd, 4319840.693, 139
Trd, 4319841.243, 138
Trd, 4319841.493, 138
Trd, 4319842.643, 139
Trd, 4319844.243, 140
Trd, 4319844.693, 140
Trd, 4319845.293, 140
Trd, 4319846.493, 139
Trd, 4319848.093, 140
Trd, 4319848.393, 140
Trd, 4319848.743, 140
Trd, 4319848.793, 139
Trd, 4319849.043, 137
Trd, 4319850.443, 140
Trd, 4319852.143, 140
Trd, 4319852.693, 140
Trd, 4319854.243, 140
Trd, 4319855.093, 140
Trd, 4319856.143, 140
Trd, 4319857.343, 140
Trd, 4319857.543, 140
Trd, 4319858.043, 140
Trd, 4319858.393, 140
Trd, 4319859.393, 140
Trd, 4319859.493, 140
Trd, 4319861.243, 140
Trd, 4319861.293, 139
Trd, 4319861.943, 140
Trd, 4319862.643, 139
Trd, 4319862.793, 139
Trd, 4319863.143, 140
Trd, 4319863.393, 139
Trd, 4319863.793, 140
Trd, 4319863.943, 138
Trd, 4319864.743, 140
Trd, 4319865.643, 140
Trd, 4319865.843, 125
Trd, 4319867.343, 140
Trd, 4319868.393, 140
Trd, 4319869.743, 140
Trd, 4319869.893, 140
Trd, 4319870.343, 140
Trd, 4319870.643, 140
Trd, 4319871.193, 140
Trd, 4319872.293, 140
Trd, 4319872.543, 140
Trd, 4319872.693, 140
Trd, 4319874.093, 140
Trd, 4319875.143, 140
Trd, 4319876.143, 140
Trd, 4319876.743, 140
Trd, 4319877.143, 140
Trd, 4319877.593, 139
Trd, 4319877.893, 139
Trd, 4319878.893, 140
Trd, 4319879.093, 140
Trd, 4319881.343, 140
Trd, 4319882.243, 140
Trd, 4319882.893, 140
Trd, 4319882.993, 140
Trd, 4319883.243, 140
Trd, 4319884.693, 140
Trd, 4319885.343, 140
Trd, 4319885.493, 140
Trd, 4319886.043, 140
Trd, 4319886.943, 139
Trd, 4319887.243, 139
Trd, 4319887.643, 62
Trd, 4319889.193, 140
Trd, 4319889.943, 140
Trd, 4319891.493, 140
Trd, 4319891.543, 139
Trd, 4319891.943, 140
Trd, 4319892.943, 140
Trd, 4319893.793, 140
Trd, 4319895.243, 140
Trd, 4319897.093, 140
Trd, 4319897.193, 140
Trd, 4319897.743, 139
Trd, 4319899.443, 140
Trd, 4319899.843, 140
Trd, 4319900.993, 140
Trd, 4319901.043, 140
Trd, 4319901.293, 140
Trd, 4319901.743, 140
Trd, 4319901.793, 139
Trd, 4319904.043, 140
Trd, 4319904.243, 140
Trd, 4319904.643, 140
Trd, 4319905.493, 140
Trd, 4319905.993, 139
Trd, 4319907.593, 140
Trd, 4319908.193, 140
Trd, 4319908.543, 140
Trd, 4319908.643, 140
Trd, 4319910.043, 140
Trd, 4319910.943, 140
Trd, 4319912.193, 140
Trd, 4319912.293, 139
Trd, 4319913.793, 140
Trd, 4319913.993, 139
Trd, 4319915.493, 140
Trd, 4319915.543, 140
Trd, 4319916.793, 140
Trd, 4319917.843, 140
Trd, 4319917.943, 140
Trd, 4319919.293, 140
Trd, 4319919.793, 140
Trd, 4319920.743, 140
Trd, 4319920.843, 140
Trd, 4319921.793, 140
Trd, 4319922.193, 140
Trd, 4319923.543, 140
Trd, 4319923.843, 140
Trd, 4319923.993, 140
Trd, 4319924.893, 140
Trd, 4319926.943, 140
Trd, 4319927.043, 140
Trd, 4319927.493, 138
Trd, 4319928.243, 60
Trd, 4319929.093, 60
Trd, 4319929.893, 60
Trd, 4319930.293, 60
Trd, 4319930.693, 61
Trd, 4319931.243, 63
Trd, 4319931.343, 66
Trd, 4319931.893, 64
Trd, 4319933.093, 61
Trd, 4319933.193, 62
Trd, 4319933.543, 63
Trd, 4319934.593, 60
Trd, 4319934.793, 60
Trd, 4319935.343, 60
Trd, 4319936.193, 65
Trd, 4319936.943, 60
Trd, 4319937.643, 61
Trd, 4319937.993, 62
Trd, 4319938.493, 136
Trd, 4319938.793, 68
Trd, 4319940.193, 62
Trd, 4319941.093, 65
Trd, 4319941.893, 65
Trd, 4319941.993, 66
Trd, 4319944.043, 60
Trd, 4319944.293, 61
Trd, 4319944.893, 62
Trd, 4319945.093, 62
Trd, 4319945.893, 60
Trd, 4319946.943, 60
Trd, 4319947.593, 60
Trd, 4319947.843, 60
Trd, 4319948.293, 60
Trd, 4319949.243, 60
Trd, 4319949.843, 60
Trd, 4319950.893, 60
Trd, 4319951.043, 60
Trd, 4319951.493, 61
Trd, 4319951.743, 62
Trd, 4319951.843, 64
Trd, 4319952.843, 64
Trd, 4319953.943, 67
Trd, 4319954.643, 139
Trd, 4319955.143, 64
Trd, 4319956.893, 60
Trd, 4319957.093, 61
Trd, 4319958.393, 60
Trd, 4319958.693, 61
Trd, 4319959.443, 60
Trd, 4319960.293, 60
Trd, 4319960.343, 61
Trd, 4319961.393, 60
Trd, 4319961.943, 62
Trd, 4319961.993, 63
Trd, 4319963.293, 61
Trd, 4319963.393, 62
Trd, 4319964.143, 60
Trd, 4319965.093, 62
Trd, 4319966.143, 140
Trd, 4319967.043, 140
Trd, 4319967.143, 140
Trd, 4319967.443, 140
Trd, 4319968.793, 140
Trd, 4319969.393, 61
Trd, 4319970.493, 139
Trd, 4319972.843, 140
Trd, 4319973.193, 140
Trd, 4319974.543, 140
Trd, 4319974.793, 140
Trd, 4319976.143, 140
Trd, 4319976.243, 140
Trd, 4319976.843, 140
Trd, 4319977.343, 140
Trd, 4319977.543, 140
Trd, 4319977.993, 140
Trd, 4319978.193, 140
Trd, 4319981.993, 140
Trd, 4319982.293, 140
Trd, 4319982.893, 140
Trd, 4319982.993, 140
Trd, 4319983.343, 137
Trd, 4319983.943, 140
Trd, 4319985.493, 139
Trd, 4319986.343, 139
Trd, 4319986.543, 138
Trd, 4319986.893, 139
Trd, 4319987.643, 61
Trd, 4319988.593, 63
Trd, 4319988.643, 64
Trd, 4319988.843, 65
Trd, 4319989.793, 61
Trd, 4319990.043, 63
Trd, 4319990.993, 61
Trd, 4319991.243, 61
Trd, 4319991.793, 61
Trd, 4319992.293, 109
Trd, 4319992.593, 63
Trd, 4319993.843, 60
Trd, 4319994.543, 61
Trd, 4319995.143, 66
Trd, 4319995.493, 60
Trd, 4319995.543, 60
Trd, 4319996.093, 66
Trd, 4319997.493, 135
Trd, 4319997.643, 140
Trd, 4319997.793, 134
Trd, 4319997.843, 125
Trd, 4319998.743, 138
Trd, 4319999.793, 140
