Trd, 4318119.543, 61
Trd, 4318120.143, 61
Trd, 4318121.393, 63
Trd, 4318123.693, 60
Trd, 4318123.743, 60
Trd, 4318125.143, 60
Trd, 4318125.843, 60
Trd, 4318127.093, 60
Trd, 4318127.293, 61
Trd, 4318127.443, 60
Trd, 4318128.693, 67
Trd, 4318129.293, 72
Trd, 4318129.643, 75
Trd, 4318129.743, 72
Trd, 4318130.343, 60
Trd, 4318130.593, 101
Trd, 4318132.243, 60
Trd, 4318134.993, 60
Trd, 4318135.993, 63
Trd, 4318136.193, 67
Trd, 4318136.293, 63
Trd, 4318137.243, 64
Trd, 4318137.593, 65
Trd, 4318137.693, 62
Trd, 4318138.893, 139
Trd, 4318140.693, 60
Trd, 4318141.193, 60
Trd, 4318143.543, 62
Trd, 4318144.793, 60
Trd, 4318145.093, 60
Trd, 4318145.393, 62
Trd, 4318145.743, 63
Trd, 4318145.843, 64
Trd, 4318145.943, 66
Trd, 4318147.543, 67
Trd, 4318147.693, 66
Trd, 4318147.843, 64
Trd, 4318147.943, 137
Trd, 4318149.293, 66
Trd, 4318149.443, 64
Trd, 4318149.943, 64
Trd, 4318151.393, 60
Trd, 4318153.143, 63
Trd, 4318155.193, 60
Trd, 4318155.493, 61
Trd, 4318155.593, 61
Trd, 4318156.393, 67
Trd, 4318156.843, 69
Trd, 4318157.543, 71
Trd, 4318157.643, 69
Trd, 4318158.793, 140
Trd, 4318159.243, 140
Trd, 4318160.093, 140
Trd, 4318160.443, 140
Trd, 4318162.193, 140
Trd, 4318162.893, 140
Trd, 4318163.343, 140
Trd, 4318163.543, 140
Trd, 4318164.693, 140
Trd, 4318165.093, 140
Trd, 4318165.893, 137
Trd, 4318166.443, 138
Trd, 4318166.543, 137
Trd, 4318167.193, 127
Trd, 4318167.393, 140
Trd, 4318167.693, 126
Trd, 4318169.643, 140
Trd, 4318170.043, 139
Trd, 4318171.143, 140
Trd, 4318171.593, 140
Trd, 4318171.993, 140
Trd, 4318172.293, 140
Trd, 4318173.243, 140
Trd, 4318173.443, 140
Trd, 4318174.243, 140
Trd, 4318174.343, 140
Trd, 4318176.043, 140
Trd, 4318176.843, 140
Trd, 4318177.243, 140
Trd, 4318177.993, 140
Trd, 4318178.343, 140
Trd, 4318178.943, 140
Trd, 4318179.443, 140
Trd, 4318180.143, 140
Trd, 4318180.793, 140
Trd, 4318182.593, 140
Trd, 4318183.443, 140
Trd, 4318183.693, 140
Trd, 4318184.343, 140
Trd, 4318184.843, 140
Trd, 4318185.043, 140
Trd, 4318185.093, 139
Trd, 4318185.493, 140
Trd, 4318185.543, 140
Trd, 4318186.693, 118
Trd, 4318187.843, 115
Trd, 4318188.543, 116
Trd, 4318188.843, 140
Trd, 4318190.243, 140
Trd, 4318190.393, 140
Trd, 4318191.193, 140
Trd, 4318192.393, 140
Trd, 4318192.643, 140
Trd, 4318192.943, 138
Trd, 4318193.193, 117
Trd, 4318195.293, 140
Trd, 4318195.443, 140
Trd, 4318196.043, 140
Trd, 4318197.043, 140
Trd, 4318197.493, 140
Trd, 4318198.143, 140
Trd, 4318198.893, 140
Trd, 4318199.693, 140
Trd, 4318200.443, 140
Trd, 4318200.593, 140
Trd, 4318200.743, 135
Trd, 4318201.693, 138
Trd, 4318202.193, 111
Trd, 4318203.143, 140
Trd, 4318204.093, 140
Trd, 4318205.093, 140
Trd, 4318206.293, 140
Trd, 4318207.043, 140
Trd, 4318207.543, 140
Trd, 4318208.243, 140
Trd, 4318209.093, 140
Trd, 4318209.393, 140
Trd, 4318209.843, 140
Trd, 4318210.743, 140
Trd, 4318210.893, 140
Trd, 4318212.593, 140
Trd, 4318212.993, 140
Trd, 4318213.543, 140
Trd, 4318213.893, 140
Trd, 4318214.843, 140
Trd, 4318215.193, 140
Trd, 4318216.193, 140
Trd, 4318216.893, 140
Trd, 4318216.993, 136
Trd, 4318217.993, 140
Trd, 4318218.693, 140
Trd, 4318219.393, 140
Trd, 4318219.443, 140
Trd, 4318221.243, 63
Trd, 4318223.243, 60
Trd, 4318225.393, 60
Trd, 4318225.793, 62
Trd, 4318225.893, 61
Trd, 4318226.243, 61
Trd, 4318226.743, 60
Trd, 4318227.593, 60
Trd, 4318228.043, 64
Trd, 4318228.343, 60
Trd, 4318229.443, 68
Trd, 4318230.243, 74
Trd, 4318230.593, 76
Trd, 4318230.693, 74
Trd, 4318230.993, 69
Trd, 4318232.143, 60
Trd, 4318233.243, 74
Trd, 4318233.793, 62
Trd, 4318235.943, 60
Trd, 4318238.093, 61
Trd, 4318238.743, 60
Trd, 4318238.793, 60
Trd, 4318238.943, 60
Trd, 4318239.743, 67
Trd, 4318239.793, 66
Trd, 4318240.743, 69
Trd, 4318240.943, 70
Trd, 4318241.643, 72
Trd, 4318241.993, 71
Trd, 4318242.643, 71
Trd, 4318242.893, 71
Trd, 4318242.943, 70
Trd, 4318246.543, 140
Trd, 4318246.693, 140
Trd, 4318246.793, 140
Trd, 4318247.493, 140
Trd, 4318247.643, 140
Trd, 4318248.493, 140
Trd, 4318249.093, 140
Trd, 4318249.143, 140
Trd, 4318249.443, 138
Trd, 4318249.693, 127
Trd, 4318252.293, 60
Trd, 4318252.343, 127
Trd, 4318252.643, 60
Trd, 4318253.443, 60
Trd, 4318257.143, 60
Trd, 4318257.193, 60
Trd, 4318257.243, 60
Trd, 4318258.143, 65
Trd, 4318258.343, 60
Trd, 4318258.943, 61
Trd, 4318260.793, 72
Trd, 4318260.943, 72
Trd, 4318261.293, 72
Trd, 4318261.443, 71
Trd, 4318262.443, 140
Trd, 4318262.693, 140
Trd, 4318262.893, 140
Trd, 4318263.193, 140
Trd, 4318263.743, 139
Trd, 4318264.843, 130
Trd, 4318265.293, 129
Trd, 4318266.243, 139
Trd, 4318266.493, 137
Trd, 4318268.343, 140
Trd, 4318269.493, 140
Trd, 4318269.893, 140
Trd, 4318270.293, 140
Trd, 4318271.493, 140
Trd, 4318271.643, 140
Trd, 4318271.743, 140
Trd, 4318271.843, 136
Trd, 4318272.643, 129
Trd, 4318272.693, 128
Trd, 4318273.093, 127
Trd, 4318274.293, 139
Trd, 4318274.493, 140
Trd, 4318276.043, 60
Trd, 4318277.843, 60
Trd, 4318278.943, 61
Trd, 4318279.543, 62
Trd, 4318279.793, 61
Trd, 4318280.893, 60
Trd, 4318281.993, 62
Trd, 4318282.093, 64
Trd, 4318282.493, 138
Trd, 4318282.943, 140
Trd, 4318283.793, 65
Trd, 4318286.043, 60
Trd, 4318287.093, 60
Trd, 4318287.693, 60
Trd, 4318289.193, 62
Trd, 4318289.793, 63
Trd, 4318289.893, 62
Trd, 4318289.993, 61
Trd, 4318292.293, 61
Trd, 4318292.343, 61
Trd, 4318293.143, 64
Trd, 4318293.743, 70
Trd, 4318294.793, 65
Trd, 4318295.143, 72
Trd, 4318295.343, 65
Trd, 4318295.693, 64
Trd, 4318296.743, 115
Trd, 4318297.743, 65
Trd, 4318299.393, 127
Trd, 4318302.243, 62
Trd, 4318302.993, 60
Trd, 4318303.043, 69
Trd, 4318303.693, 116
Trd, 4318303.943, 68
Trd, 4318304.343, 70
Trd, 4318305.293, 66
Trd, 4318305.393, 66
Trd, 4318306.593, 140
Trd, 4318308.493, 81
Trd, 4318308.593, 82
Trd, 4318309.193, 140
Trd, 4318309.743, 140
Trd, 4318309.793, 139
Trd, 4318309.843, 137
Trd, 4318310.893, 84
Trd, 4318310.993, 83
Trd, 4318312.543, 138
Trd, 4318312.843, 140
Trd, 4318313.243, 80
Trd, 4318314.293, 140
Trd, 4318314.643, 140
Trd, 4318314.893, 140
Trd, 4318315.393, 139
Trd, 4318315.793, 138
Trd, 4318316.543, 140
Trd, 4318317.743, 139
Trd, 4318317.843, 140
Trd, 4318318.693, 140
Trd, 4318319.943, 140
Trd, 4318320.243, 140
Trd, 4318320.593, 140
Trd, 4318321.093, 140
Trd, 4318322.543, 140
Trd, 4318322.843, 140
Trd, 4318323.143, 140
Trd, 4318323.593, 140
Trd, 4318324.243, 140
Trd, 4318325.043, 140
Trd, 4318325.593, 140
Trd, 4318325.993, 140
Trd, 4318326.343, 140
Trd, 4318326.793, 140
Trd, 4318327.793, 140
Trd, 4318329.893, 140
Trd, 4318330.043, 140
Trd, 4318330.493, 140
Trd, 4318331.393, 140
Trd, 4318331.743, 140
Trd, 4318332.143, 140
Trd, 4318333.293, 140
Trd, 4318334.043, 140
Trd, 4318335.493, 140
Trd, 4318336.493, 140
Trd, 4318336.593, 140
Trd, 4318336.793, 140
Trd, 4318337.693, 140
Trd, 4318337.943, 140
Trd, 4318337.993, 140
Trd, 4318339.093, 139
Trd, 4318339.493, 117
Trd, 4318339.593, 116
Trd, 4318341.293, 61
Trd, 4318343.043, 62
Trd, 4318343.743, 61
Trd, 4318345.993, 62
Trd, 4318346.243, 64
Trd, 4318346.343, 64
Trd, 4318348.043, 65
Trd, 4318348.493, 63
Trd, 4318349.743, 61
Trd, 4318350.643, 60
Trd, 4318350.743, 60
Trd, 4318351.043, 62
Trd, 4318352.843, 63
Trd, 4318352.893, 64
Trd, 4318353.693, 66
Trd, 4318354.243, 64
Trd, 4318354.893, 63
Trd, 4318355.593, 63
Trd, 4318355.643, 64
Trd, 4318358.593, 60
Trd, 4318359.043, 60
Trd, 4318359.893, 60
Trd, 4318359.943, 61
Trd, 4318360.093, 61
Trd, 4318360.943, 62
Trd, 4318361.293, 61
Trd, 4318361.443, 64
Trd, 4318362.493, 70
Trd, 4318363.293, 138
Trd, 4318365.543, 140
Trd, 4318365.693, 140
Trd, 4318365.993, 140
Trd, 4318366.343, 140
Trd, 4318366.443, 139
Trd, 4318367.193, 138
Trd, 4318368.243, 139
Trd, 4318368.693, 139
Trd, 4318369.193, 138
Trd, 4318369.293, 140
Trd, 4318370.043, 137
Trd, 4318372.993, 60
Trd, 4318373.693, 61
Trd, 4318374.143, 62
Trd, 4318374.293, 62
Trd, 4318374.393, 61
Trd, 4318376.593, 140
Trd, 4318377.093, 140
Trd, 4318377.343, 140
Trd, 4318377.543, 140
Trd, 4318378.243, 140
Trd, 4318378.393, 140
Trd, 4318380.043, 65
Trd, 4318381.393, 68
Trd, 4318384.893, 60
Trd, 4318385.593, 60
Trd, 4318385.693, 61
Trd, 4318386.393, 65
Trd, 4318386.943, 63
Trd, 4318387.393, 67
Trd, 4318387.743, 136
Trd, 4318388.793, 93
Trd, 4318389.243, 81
Trd, 4318389.743, 83
Trd, 4318390.093, 120
Trd, 4318390.493, 140
Trd, 4318391.193, 140
Trd, 4318391.343, 140
Trd, 4318391.443, 81
Trd, 4318393.243, 140
Trd, 4318393.693, 140
Trd, 4318394.293, 140
Trd, 4318394.793, 140
Trd, 4318394.943, 140
Trd, 4318395.843, 140
Trd, 4318396.743, 140
Trd, 4318398.193, 140
Trd, 4318398.743, 140
Trd, 4318399.593, 140
Trd, 4318399.893, 140
Trd, 4318399.943, 140
Trd, 4318400.343, 140
Trd, 4318401.243, 140
Trd, 4318401.393, 140
Trd, 4318401.493, 140
Trd, 4318402.343, 138
Trd, 4318403.093, 140
Trd, 4318404.693, 140
Trd, 4318406.293, 140
Trd, 4318406.393, 140
Trd, 4318406.493, 140
Trd, 4318407.343, 140
Trd, 4318407.493, 140
Trd, 4318407.843, 139
Trd, 4318408.043, 127
Trd, 4318410.343, 61
Trd, 4318411.943, 62
Trd, 4318413.543, 61
Trd, 4318415.793, 60
Trd, 4318416.043, 62
Trd, 4318416.743, 60
Trd, 4318416.893, 67
Trd, 4318417.443, 70
Trd, 4318417.993, 140
Trd, 4318418.443, 72
Trd, 4318418.643, 140
Trd, 4318418.743, 140
Trd, 4318421.393, 86
Trd, 4318422.543, 140
Trd, 4318422.843, 140
Trd, 4318423.393, 140
Trd, 4318423.693, 140
Trd, 4318423.843, 140
Trd, 4318424.093, 140
Trd, 4318424.843, 140
Trd, 4318425.343, 139
Trd, 4318425.943, 118
Trd, 4318426.093, 108
Trd, 4318428.143, 60
Trd, 4318428.543, 60
Trd, 4318429.893, 62
Trd, 4318429.993, 66
Trd, 4318431.443, 61
Trd, 4318433.243, 60
Trd, 4318433.543, 60
Trd, 4318433.943, 62
Trd, 4318434.543, 66
Trd, 4318434.643, 64
Trd, 4318434.743, 64
Trd, 4318435.043, 65
Trd, 4318436.493, 69
Trd, 4318436.693, 114
Trd, 4318437.493, 140
Trd, 4318437.643, 82
Trd, 4318437.843, 68
Trd, 4318440.243, 140
Trd, 4318440.443, 140
Trd, 4318440.543, 140
Trd, 4318442.993, 140
Trd, 4318443.193, 140
Trd, 4318443.543, 140
Trd, 4318443.593, 139
Trd, 4318444.943, 140
Trd, 4318445.143, 140
Trd, 4318445.893, 140
Trd, 4318445.993, 140
Trd, 4318447.243, 139
Trd, 4318447.343, 139
Trd, 4318447.793, 138
Trd, 4318448.243, 138
Trd, 4318449.343, 140
Trd, 4318449.743, 140
Trd, 4318451.093, 140
Trd, 4318452.893, 140
Trd, 4318452.993, 140
Trd, 4318453.093, 140
Trd, 4318453.543, 140
Trd, 4318455.693, 60
Trd, 4318456.293, 63
Trd, 4318458.643, 62
Trd, 4318459.993, 61
Trd, 4318460.143, 61
Trd, 4318460.693, 62
Trd, 4318460.743, 62
Trd, 4318460.793, 66
Trd, 4318461.243, 66
Trd, 4318461.293, 65
Trd, 4318462.193, 65
Trd, 4318462.593, 93
Trd, 4318463.843, 68
Trd, 4318464.043, 66
Trd, 4318465.093, 66
Trd, 4318465.543, 67
Trd, 4318465.943, 66
Trd, 4318466.393, 66
Trd, 4318467.143, 71
Trd, 4318467.843, 72
Trd, 4318468.143, 70
Trd, 4318468.293, 104
Trd, 4318469.793, 116
Trd, 4318470.193, 63
Trd, 4318472.943, 60
Trd, 4318473.393, 61
Trd, 4318473.893, 61
Trd, 4318474.043, 62
Trd, 4318474.743, 62
Trd, 4318474.793, 81
Trd, 4318475.093, 62
Trd, 4318475.443, 64
Trd, 4318476.693, 139
Trd, 4318476.843, 97
Trd, 4318476.993, 63
Trd, 4318477.093, 62
Trd, 4318478.293, 61
Trd, 4318480.343, 74
Trd, 4318480.643, 74
Trd, 4318480.743, 73
Trd, 4318481.193, 75
Trd, 4318481.693, 75
Trd, 4318482.493, 78
Trd, 4318482.643, 77
Trd, 4318482.993, 73
Trd, 4318486.493, 140
Trd, 4318486.743, 140
Trd, 4318486.843, 140
Trd, 4318487.393, 138
Trd, 4318488.793, 140
Trd, 4318488.943, 140
Trd, 4318489.943, 140
Trd, 4318491.193, 140
Trd, 4318491.493, 140
Trd, 4318491.843, 140
Trd, 4318492.243, 136
Trd, 4318492.943, 86
Trd, 4318496.243, 60
Trd, 4318496.793, 60
Trd, 4318497.143, 60
Trd, 4318498.093, 60
Trd, 4318498.543, 60
Trd, 4318499.293, 60
Trd, 4318499.993, 64
Trd, 4318500.143, 62
Trd, 4318500.243, 72
Trd, 4318500.893, 66
Trd, 4318501.793, 71
Trd, 4318502.293, 72
Trd, 4318502.593, 87
Trd, 4318502.743, 67
Trd, 4318502.893, 68
Trd, 4318505.343, 63
Trd, 4318506.443, 62
Trd, 4318507.043, 65
Trd, 4318509.343, 60
Trd, 4318510.393, 60
Trd, 4318512.243, 60
Trd, 4318512.643, 60
Trd, 4318512.943, 62
Trd, 4318513.293, 62
Trd, 4318513.393, 63
Trd, 4318514.043, 69
Trd, 4318515.593, 70
Trd, 4318515.743, 68
Trd, 4318516.543, 67
Trd, 4318517.143, 69
Trd, 4318517.393, 67
Trd, 4318518.343, 140
Trd, 4318519.793, 140
Trd, 4318520.393, 140
Trd, 4318520.443, 140
Trd, 4318521.043, 140
Trd, 4318521.393, 138
Trd, 4318522.043, 140
Trd, 4318522.543, 140
Trd, 4318523.343, 139
Trd, 4318523.943, 139
Trd, 4318524.393, 133
Trd, 4318525.843, 136
Trd, 4318526.693, 138
Trd, 4318527.043, 138
Trd, 4318527.593, 140
Trd, 4318528.443, 140
Trd, 4318529.293, 140
Trd, 4318529.893, 140
Trd, 4318530.993, 140
Trd, 4318531.993, 140
Trd, 4318532.243, 140
Trd, 4318532.643, 140
Trd, 4318534.243, 140
Trd, 4318534.493, 140
Trd, 4318534.593, 140
Trd, 4318535.243, 140
Trd, 4318536.243, 140
Trd, 4318536.543, 140
Trd, 4318537.793, 140
Trd, 4318537.893, 140
Trd, 4318538.543, 140
Trd, 4318539.443, 140
Trd, 4318539.993, 140
Trd, 4318540.593, 140
Trd, 4318540.943, 140
Trd, 4318541.093, 140
Trd, 4318542.143, 140
Trd, 4318543.243, 139
Trd, 4318544.143, 134
Trd, 4318544.443, 133
Trd, 4318544.643, 131
Trd, 4318545.093, 123
Trd, 4318545.843, 140
Trd, 4318547.393, 140
Trd, 4318548.193, 140
Trd, 4318549.193, 140
Trd, 4318549.293, 139
Trd, 4318551.643, 140
Trd, 4318551.743, 140
Trd, 4318552.193, 139
Trd, 4318552.393, 130
Trd, 4318552.543, 129
Trd, 4318554.743, 139
Trd, 4318555.343, 137
Trd, 4318556.743, 99
Trd, 4318557.993, 63
Trd, 4318558.093, 62
Trd, 4318559.393, 61
Trd, 4318560.093, 61
Trd, 4318560.493, 62
Trd, 4318561.143, 140
Trd, 4318561.443, 140
Trd, 4318562.793, 140
Trd, 4318564.093, 140
Trd, 4318564.243, 140
Trd, 4318564.543, 140
Trd, 4318565.893, 61
Trd, 4318567.593, 61
Trd, 4318569.493, 60
Trd, 4318569.743, 60
Trd, 4318570.393, 61
Trd, 4318571.343, 64
Trd, 4318571.693, 65
Trd, 4318571.743, 64
Trd, 4318572.393, 67
Trd, 4318573.043, 68
Trd, 4318574.243, 139
Trd, 4318574.443, 63
Trd, 4318575.143, 61
Trd, 4318576.643, 60
Trd, 4318578.343, 63
Trd, 4318579.843, 64
Trd, 4318579.893, 64
Trd, 4318580.093, 62
Trd, 4318580.643, 63
Trd, 4318580.743, 66
Trd, 4318581.343, 62
Trd, 4318582.443, 139
Trd, 4318583.093, 140
Trd, 4318583.393, 135
Trd, 4318585.793, 60
Trd, 4318587.893, 63
Trd, 4318589.693, 61
Trd, 4318590.093, 61
Trd, 4318590.143, 62
Trd, 4318590.293, 62
Trd, 4318590.693, 66
Trd, 4318591.193, 66
Trd, 4318591.893, 140
Trd, 4318592.593, 140
Trd, 4318593.243, 140
Trd, 4318593.393, 140
Trd, 4318595.043, 140
Trd, 4318595.093, 140
Trd, 4318595.643, 140
Trd, 4318595.693, 140
Trd, 4318595.993, 140
Trd, 4318596.743, 120
Trd, 4318597.193, 63
Trd, 4318598.493, 140
Trd, 4318598.893, 140
Trd, 4318600.393, 140
Trd, 4318600.493, 140
Trd, 4318600.693, 140
Trd, 4318601.243, 140
Trd, 4318601.443, 140
Trd, 4318603.743, 140
Trd, 4318604.393, 140
Trd, 4318604.443, 140
Trd, 4318604.693, 140
Trd, 4318604.993, 140
Trd, 4318605.743, 140
Trd, 4318605.943, 140
Trd, 4318606.643, 140
Trd, 4318606.943, 140
Trd, 4318608.043, 140
Trd, 4318608.643, 128
Trd, 4318609.343, 60
Trd, 4318610.143, 140
Trd, 4318610.843, 60
Trd, 4318614.193, 60
Trd, 4318615.543, 61
Trd, 4318616.193, 60
Trd, 4318616.543, 61
Trd, 4318617.243, 62
Trd, 4318617.493, 63
Trd, 4318618.243, 61
Trd, 4318618.443, 60
Trd, 4318618.693, 140
Trd, 4318618.843, 140
Trd, 4318622.593, 60
Trd, 4318622.943, 60
Trd, 4318623.193, 60
Trd, 4318624.943, 60
Trd, 4318625.093, 62
Trd, 4318625.343, 60
Trd, 4318625.893, 60
Trd, 4318626.193, 61
Trd, 4318626.543, 62
Trd, 4318627.143, 139
Trd, 4318627.693, 64
Trd, 4318628.043, 63
Trd, 4318628.793, 63
Trd, 4318629.293, 61
Trd, 4318631.793, 66
Trd, 4318631.993, 108
Trd, 4318633.993, 60
Trd, 4318634.493, 61
Trd, 4318634.993, 60
Trd, 4318635.243, 65
Trd, 4318635.543, 135
Trd, 4318636.643, 76
Trd, 4318637.193, 76
Trd, 4318637.743, 137
Trd, 4318637.943, 74
Trd, 4318640.043, 85
Trd, 4318640.643, 89
Trd, 4318641.493, 140
Trd, 4318642.843, 140
Trd, 4318642.993, 140
Trd, 4318643.493, 140
Trd, 4318643.593, 140
Trd, 4318644.193, 140
Trd, 4318645.343, 140
Trd, 4318645.893, 140
Trd, 4318646.293, 140
Trd, 4318647.193, 140
Trd, 4318647.993, 140
Trd, 4318648.543, 140
Trd, 4318649.143, 140
Trd, 4318650.043, 140
Trd, 4318650.793, 140
Trd, 4318651.143, 140
Trd, 4318651.793, 140
Trd, 4318652.343, 140
Trd, 4318652.943, 140
Trd, 4318654.293, 140
Trd, 4318654.943, 140
Trd, 4318655.293, 140
Trd, 4318656.643, 140
Trd, 4318658.143, 140
Trd, 4318659.393, 140
Trd, 4318659.593, 140
Trd, 4318660.043, 140
Trd, 4318661.593, 140
Trd, 4318661.643, 140
Trd, 4318661.793, 140
Trd, 4318662.543, 140
Trd, 4318662.943, 140
Trd, 4318664.143, 140
Trd, 4318664.993, 140
Trd, 4318666.143, 140
Trd, 4318666.693, 140
Trd, 4318667.743, 140
Trd, 4318669.343, 140
Trd, 4318669.493, 140
Trd, 4318669.643, 140
Trd, 4318670.293, 140
Trd, 4318670.593, 140
Trd, 4318671.993, 140
Trd, 4318672.293, 140
Trd, 4318672.893, 140
Trd, 4318673.143, 140
Trd, 4318674.243, 140
Trd, 4318674.343, 140
Trd, 4318675.393, 140
Trd, 4318675.793, 140
Trd, 4318678.143, 140
Trd, 4318678.443, 140
Trd, 4318678.693, 140
Trd, 4318679.693, 140
Trd, 4318679.743, 140
Trd, 4318679.943, 140
Trd, 4318680.143, 128
Trd, 4318680.843, 63
Trd, 4318681.293, 65
Trd, 4318683.143, 60
Trd, 4318687.193, 60
Trd, 4318687.393, 60
Trd, 4318688.393, 61
Trd, 4318689.193, 61
Trd, 4318689.793, 61
Trd, 4318690.043, 63
Trd, 4318691.193, 65
Trd, 4318691.893, 118
Trd, 4318692.793, 139
Trd, 4318694.843, 140
Trd, 4318694.893, 140
Trd, 4318695.093, 140
Trd, 4318695.793, 140
Trd, 4318696.193, 140
Trd, 4318696.793, 140
Trd, 4318697.793, 140
Trd, 4318697.993, 140
Trd, 4318698.393, 140
Trd, 4318699.793, 140
Trd, 4318700.893, 140
Trd, 4318701.193, 140
Trd, 4318701.543, 140
Trd, 4318701.993, 139
Trd, 4318702.293, 138
Trd, 4318702.993, 139
Trd, 4318703.093, 138
Trd, 4318703.293, 127
Trd, 4318704.243, 140
Trd, 4318705.143, 139
Trd, 4318706.343, 140
Trd, 4318706.743, 116
Trd, 4318710.343, 60
Trd, 4318710.643, 60
Trd, 4318710.693, 61
Trd, 4318711.043, 65
Trd, 4318711.143, 90
Trd, 4318712.593, 60
Trd, 4318712.993, 60
Trd, 4318713.743, 64
Trd, 4318714.193, 65
Trd, 4318714.393, 61
Trd, 4318716.093, 71
Trd, 4318716.343, 72
Trd, 4318716.793, 62
Trd, 4318718.343, 70
Trd, 4318718.693, 67
Trd, 4318719.893, 71
Trd, 4318720.243, 111
Trd, 4318720.493, 69
Trd, 4318721.343, 67
Trd, 4318722.543, 60
Trd, 4318722.743, 60
Trd, 4318725.643, 60
Trd, 4318726.243, 60
Trd, 4318726.393, 60
Trd, 4318727.043, 61
Trd, 4318727.193, 62
Trd, 4318727.793, 63
Trd, 4318729.243, 68
Trd, 4318729.393, 140
Trd, 4318730.143, 68
Trd, 4318730.193, 73
Trd, 4318730.543, 140
Trd, 4318731.643, 140
Trd, 4318732.143, 140
Trd, 4318733.243, 140
Trd, 4318733.543, 140
Trd, 4318733.993, 140
Trd, 4318734.543, 139
Trd, 4318735.543, 140
Trd, 4318736.393, 140
Trd, 4318736.643, 140
Trd, 4318736.743, 140
Trd, 4318736.793, 138
Trd, 4318737.793, 119
Trd, 4318738.893, 110
Trd, 4318740.943, 140
Trd, 4318741.043, 140
Trd, 4318741.243, 140
Trd, 4318741.843, 140
Trd, 4318743.193, 140
Trd, 4318743.993, 140
Trd, 4318744.143, 140
Trd, 4318745.993, 140
Trd, 4318747.343, 140
Trd, 4318747.593, 140
Trd, 4318747.693, 140
Trd, 4318748.843, 140
Trd, 4318749.893, 140
Trd, 4318750.293, 140
Trd, 4318751.143, 140
Trd, 4318752.193, 140
Trd, 4318752.543, 140
Trd, 4318754.243, 140
Trd, 4318754.643, 140
Trd, 4318754.993, 140
Trd, 4318755.743, 140
Trd, 4318756.043, 140
Trd, 4318756.143, 140
Trd, 4318756.843, 140
Trd, 4318756.993, 138
Trd, 4318758.393, 121
Trd, 4318758.743, 122
Trd, 4318758.943, 120
Trd, 4318759.093, 133
Trd, 4318760.043, 140
Trd, 4318760.643, 138
Trd, 4318763.143, 62
Trd, 4318763.543, 139
Trd, 4318764.093, 140
Trd, 4318764.243, 140
Trd, 4318764.843, 140
Trd, 4318764.993, 140
Trd, 4318766.543, 140
Trd, 4318768.443, 140
Trd, 4318768.743, 140
Trd, 4318769.043, 140
Trd, 4318769.293, 140
Trd, 4318769.393, 140
Trd, 4318770.343, 140
Trd, 4318770.543, 139
Trd, 4318770.943, 128
Trd, 4318773.143, 140
Trd, 4318773.943, 140
Trd, 4318774.943, 140
Trd, 4318775.343, 140
Trd, 4318775.443, 140
Trd, 4318775.543, 140
Trd, 4318776.293, 140
Trd, 4318777.643, 140
Trd, 4318778.293, 140
Trd, 4318778.543, 140
Trd, 4318778.693, 140
Trd, 4318780.593, 140
Trd, 4318780.793, 140
Trd, 4318781.893, 140
Trd, 4318781.993, 140
Trd, 4318782.093, 140
Trd, 4318782.643, 140
Trd, 4318782.743, 135
Trd, 4318783.393, 110
Trd, 4318784.393, 70
Trd, 4318786.993, 60
Trd, 4318788.843, 60
Trd, 4318790.093, 60
Trd, 4318790.493, 63
Trd, 4318790.893, 64
Trd, 4318790.993, 62
Trd, 4318791.443, 66
Trd, 4318791.543, 63
Trd, 4318791.643, 101
Trd, 4318792.093, 60
Trd, 4318795.143, 65
Trd, 4318795.493, 61
Trd, 4318796.893, 61
Trd, 4318798.393, 60
Trd, 4318798.493, 62
Trd, 4318799.993, 64
Trd, 4318800.043, 63
Trd, 4318800.443, 78
Trd, 4318800.943, 70
Trd, 4318801.343, 68
Trd, 4318802.343, 79
Trd, 4318802.843, 70
Trd, 4318803.693, 139
Trd, 4318804.893, 140
Trd, 4318805.743, 140
Trd, 4318806.193, 140
Trd, 4318806.693, 140
Trd, 4318807.093, 140
Trd, 4318807.893, 140
Trd, 4318808.043, 140
Trd, 4318809.093, 140
Trd, 4318809.243, 140
Trd, 4318810.293, 140
Trd, 4318810.643, 140
Trd, 4318810.743, 140
Trd, 4318811.543, 140
Trd, 4318812.643, 140
Trd, 4318814.043, 140
Trd, 4318814.293, 140
Trd, 4318814.443, 140
Trd, 4318815.193, 140
Trd, 4318815.243, 140
Trd, 4318815.493, 140
Trd, 4318816.693, 128
Trd, 4318817.293, 140
Trd, 4318818.193, 139
Trd, 4318819.743, 140
Trd, 4318819.943, 140
Trd, 4318820.993, 140
Trd, 4318821.743, 140
Trd, 4318823.293, 140
Trd, 4318823.893, 140
Trd, 4318823.993, 140
Trd, 4318824.343, 140
Trd, 4318824.893, 140
Trd, 4318825.393, 127
Trd, 4318825.993, 75
Trd, 4318826.493, 140
Trd, 4318829.043, 140
Trd, 4318829.143, 140
Trd, 4318829.943, 140
Trd, 4318830.093, 140
Trd, 4318830.843, 140
Trd, 4318831.443, 140
Trd, 4318831.793, 140
Trd, 4318832.093, 129
Trd, 4318832.843, 140
Trd, 4318834.143, 140
Trd, 4318835.593, 140
Trd, 4318836.293, 140
Trd, 4318836.993, 140
Trd, 4318837.493, 140
Trd, 4318837.643, 140
Trd, 4318837.743, 140
Trd, 4318838.243, 140
Trd, 4318839.143, 139
Trd, 4318839.643, 138
Trd, 4318840.493, 134
Trd, 4318841.743, 140
Trd, 4318842.093, 140
Trd, 4318842.243, 138
Trd, 4318842.493, 137
Trd, 4318842.893, 136
Trd, 4318844.843, 140
Trd, 4318845.193, 140
Trd, 4318846.193, 140
Trd, 4318846.593, 140
Trd, 4318847.543, 140
Trd, 4318847.593, 140
Trd, 4318848.043, 140
Trd, 4318848.193, 140
Trd, 4318849.793, 140
Trd, 4318850.093, 140
Trd, 4318850.243, 140
Trd, 4318850.443, 140
Trd, 4318851.143, 140
Trd, 4318851.193, 126
Trd, 4318852.243, 140
Trd, 4318852.893, 140
Trd, 4318853.493, 140
Trd, 4318854.193, 140
Trd, 4318854.493, 140
Trd, 4318854.993, 140
Trd, 4318855.893, 140
Trd, 4318856.343, 140
Trd, 4318858.043, 140
Trd, 4318858.793, 140
Trd, 4318859.693, 138
Trd, 4318860.293, 140
Trd, 4318860.543, 128
Trd, 4318861.293, 140
Trd, 4318862.093, 130
Trd, 4318862.143, 129
Trd, 4318862.793, 140
Trd, 4318863.243, 138
Trd, 4318866.443, 61
Trd, 4318867.243, 62
Trd, 4318868.643, 61
Trd, 4318868.693, 71
Trd, 4318868.893, 62
Trd, 4318869.243, 63
Trd, 4318870.393, 68
Trd, 4318871.043, 70
Trd, 4318871.943, 139
Trd, 4318872.243, 140
Trd, 4318872.943, 80
Trd, 4318873.593, 80
Trd, 4318873.943, 78
Trd, 4318874.693, 137
Trd, 4318875.493, 140
Trd, 4318876.243, 140
Trd, 4318877.443, 140
Trd, 4318877.743, 140
Trd, 4318877.943, 140
Trd, 4318878.693, 140
Trd, 4318879.193, 140
Trd, 4318879.693, 140
Trd, 4318880.793, 140
Trd, 4318881.593, 129
Trd, 4318883.043, 140
Trd, 4318883.293, 140
Trd, 4318884.593, 140
Trd, 4318885.593, 140
Trd, 4318885.743, 140
Trd, 4318885.843, 140
Trd, 4318886.093, 129
Trd, 4318887.843, 140
Trd, 4318889.343, 140
Trd, 4318889.693, 140
Trd, 4318890.193, 140
Trd, 4318890.493, 140
Trd, 4318890.943, 140
Trd, 4318893.393, 140
Trd, 4318893.743, 140
Trd, 4318894.393, 140
Trd, 4318894.593, 140
Trd, 4318894.643, 140
Trd, 4318894.743, 138
Trd, 4318894.993, 69
Trd, 4318896.393, 67
Trd, 4318897.793, 60
Trd, 4318898.643, 70
Trd, 4318900.543, 66
Trd, 4318902.193, 61
Trd, 4318903.043, 61
Trd, 4318903.293, 62
Trd, 4318903.943, 61
Trd, 4318904.193, 61
Trd, 4318905.093, 62
Trd, 4318905.193, 62
Trd, 4318905.593, 62
Trd, 4318905.843, 63
Trd, 4318907.993, 60
Trd, 4318909.193, 60
Trd, 4318909.393, 61
Trd, 4318913.493, 60
Trd, 4318915.043, 61
Trd, 4318915.743, 63
Trd, 4318915.793, 63
Trd, 4318915.843, 62
Trd, 4318916.443, 64
Trd, 4318917.093, 65
Trd, 4318917.243, 63
Trd, 4318917.593, 63
Trd, 4318918.643, 140
Trd, 4318919.493, 119
Trd, 4318920.293, 113
Trd, 4318921.943, 84
Trd, 4318922.643, 139
Trd, 4318923.093, 63
Trd, 4318924.093, 140
Trd, 4318924.343, 140
Trd, 4318924.793, 140
Trd, 4318925.093, 140
Trd, 4318925.543, 140
Trd, 4318925.843, 140
Trd, 4318925.943, 140
Trd, 4318927.793, 140
Trd, 4318927.993, 140
Trd, 4318928.343, 140
Trd, 4318929.393, 140
Trd, 4318930.043, 140
Trd, 4318931.393, 140
Trd, 4318931.643, 140
Trd, 4318932.043, 138
Trd, 4318932.493, 118
Trd, 4318932.693, 116
Trd, 4318934.793, 61
Trd, 4318935.943, 61
Trd, 4318937.493, 61
Trd, 4318937.943, 62
Trd, 4318938.193, 65
Trd, 4318938.643, 65
Trd, 4318938.843, 65
Trd, 4318940.493, 61
Trd, 4318940.893, 68
Trd, 4318941.243, 61
Trd, 4318941.593, 60
Trd, 4318942.343, 63
Trd, 4318943.193, 68
Trd, 4318945.043, 72
Trd, 4318945.693, 62
Trd, 4318945.743, 71
Trd, 4318946.143, 63
Trd, 4318946.343, 63
Trd, 4318947.893, 65
Trd, 4318948.193, 66
Trd, 4318948.693, 94
Trd, 4318949.293, 66
Trd, 4318950.193, 130
Trd, 4318950.693, 73
Trd, 4318951.543, 75
Trd, 4318952.243, 79
Trd, 4318952.643, 82
Trd, 4318952.743, 79
Trd, 4318953.393, 75
Trd, 4318953.643, 69
Trd, 4318955.043, 140
Trd, 4318955.943, 140
Trd, 4318956.093, 140
Trd, 4318956.143, 127
Trd, 4318958.743, 64
Trd, 4318960.543, 60
Trd, 4318961.493, 60
Trd, 4318961.543, 65
Trd, 4318962.943, 62
Trd, 4318963.493, 65
Trd, 4318964.543, 74
Trd, 4318965.093, 82
Trd, 4318965.143, 76
Trd, 4318965.443, 140
Trd, 4318966.193, 140
Trd, 4318966.793, 140
Trd, 4318967.093, 140
Trd, 4318968.393, 137
Trd, 4318968.543, 136
Trd, 4318968.793, 139
Trd, 4318969.393, 136
Trd, 4318970.693, 62
Trd, 4318974.993, 62
Trd, 4318975.093, 60
Trd, 4318975.393, 62
Trd, 4318975.643, 63
Trd, 4318975.793, 63
Trd, 4318976.193, 67
Trd, 4318976.743, 115
Trd, 4318977.843, 75
Trd, 4318978.243, 76
Trd, 4318978.493, 75
Trd, 4318979.643, 77
Trd, 4318980.193, 76
Trd, 4318980.743, 99
Trd, 4318981.493, 140
Trd, 4318982.293, 79
Trd, 4318982.993, 140
Trd, 4318984.193, 99
Trd, 4318984.493, 93
Trd, 4318984.793, 92
Trd, 4318985.743, 140
Trd, 4318985.893, 140
Trd, 4318986.743, 137
Trd, 4318987.593, 60
Trd, 4318989.293, 60
Trd, 4318990.293, 62
Trd, 4318992.043, 61
Trd, 4318992.143, 62
Trd, 4318992.893, 63
Trd, 4318993.543, 64
Trd, 4318994.493, 61
Trd, 4318994.993, 62
Trd, 4318997.043, 65
Trd, 4318997.843, 62
Trd, 4318999.493, 61
Trd, 4318999.793, 63
Trd, 4319000.543, 65
Trd, 4319000.943, 66
Trd, 4319001.543, 63
Trd, 4319001.843, 68
Trd, 4319003.393, 68
Trd, 4319003.443, 66
Trd, 4319004.193, 66
Trd, 4319004.993, 71
Trd, 4319005.693, 72
Trd, 4319006.043, 102
Trd, 4319006.293, 139
Trd, 4319006.943, 139
Trd, 4319007.593, 76
Trd, 4319007.843, 76
Trd, 4319009.493, 140
Trd, 4319010.243, 140
Trd, 4319010.293, 140
Trd, 4319011.143, 140
Trd, 4319011.193, 140
Trd, 4319011.343, 140
Trd, 4319011.643, 138
Trd, 4319011.743, 127
Trd, 4319013.443, 79
Trd, 4319014.193, 81
Trd, 4319014.243, 79
Trd, 4319015.343, 60
Trd, 4319016.743, 64
Trd, 4319017.943, 60
Trd, 4319019.843, 60
Trd, 4319020.293, 62
Trd, 4319020.643, 64
Trd, 4319021.243, 65
Trd, 4319021.793, 65
Trd, 4319022.193, 68
Trd, 4319022.243, 67
Trd, 4319022.693, 60
Trd, 4319023.293, 60
Trd, 4319023.593, 61
Trd, 4319023.893, 82
Trd, 4319027.393, 60
Trd, 4319027.543, 60
Trd, 4319027.643, 63
Trd, 4319028.393, 61
Trd, 4319028.443, 62
Trd, 4319028.643, 61
Trd, 4319030.543, 140
Trd, 4319030.643, 140
Trd, 4319030.693, 140
Trd, 4319030.943, 137
Trd, 4319031.693, 70
Trd, 4319033.343, 74
Trd, 4319034.093, 140
Trd, 4319034.143, 72
Trd, 4319034.443, 72
Trd, 4319035.743, 74
Trd, 4319036.193, 71
Trd, 4319037.143, 140
Trd, 4319038.393, 140
Trd, 4319039.643, 140
Trd, 4319040.093, 140
Trd, 4319040.443, 140
Trd, 4319040.543, 140
Trd, 4319041.343, 140
Trd, 4319041.493, 139
Trd, 4319042.193, 138
Trd, 4319043.193, 136
Trd, 4319043.693, 135
Trd, 4319044.343, 128
Trd, 4319044.693, 140
Trd, 4319044.893, 140
Trd, 4319045.543, 128
Trd, 4319047.643, 140
Trd, 4319048.093, 140
Trd, 4319048.443, 140
Trd, 4319048.493, 140
Trd, 4319049.993, 140
Trd, 4319050.243, 140
Trd, 4319050.743, 140
Trd, 4319051.493, 138
Trd, 4319051.943, 138
Trd, 4319052.093, 136
Trd, 4319053.243, 140
Trd, 4319053.843, 140
Trd, 4319054.243, 140
Trd, 4319055.343, 140
Trd, 4319055.843, 140
Trd, 4319056.343, 140
Trd, 4319056.793, 140
Trd, 4319057.093, 140
Trd, 4319058.493, 140
Trd, 4319058.543, 140
Trd, 4319058.893, 137
Trd, 4319059.193, 140
Trd, 4319060.893, 140
Trd, 4319061.243, 140
Trd, 4319062.243, 140
Trd, 4319062.493, 140
Trd, 4319062.593, 140
Trd, 4319064.043, 61
Trd, 4319066.193, 60
Trd, 4319067.143, 62
Trd, 4319069.343, 63
Trd, 4319069.743, 62
Trd, 4319069.843, 60
Trd, 4319070.243, 61
Trd, 4319070.343, 61
Trd, 4319071.543, 71
Trd, 4319071.643, 70
Trd, 4319071.893, 92
Trd, 4319072.743, 71
Trd, 4319073.443, 132
Trd, 4319074.043, 72
Trd, 4319074.793, 60
Trd, 4319075.493, 61
Trd, 4319078.343, 60
Trd, 4319078.643, 60
Trd, 4319080.343, 60
Trd, 4319081.243, 60
Trd, 4319082.143, 60
Trd, 4319082.443, 60
Trd, 4319082.993, 60
Trd, 4319085.443, 60
Trd, 4319085.843, 60
Trd, 4319086.193, 60
Trd, 4319086.543, 61
Trd, 4319086.743, 60
Trd, 4319086.843, 63
Trd, 4319087.893, 66
Trd, 4319087.993, 62
Trd, 4319088.643, 61
Trd, 4319089.143, 69
Trd, 4319090.993, 62
Trd, 4319091.093, 60
Trd, 4319093.143, 61
Trd, 4319094.793, 60
Trd, 4319094.993, 63
Trd, 4319095.193, 66
Trd, 4319096.043, 75
Trd, 4319096.693, 77
Trd, 4319097.043, 78
Trd, 4319097.893, 80
Trd, 4319098.193, 139
Trd, 4319098.443, 81
Trd, 4319098.643, 80
Trd, 4319099.293, 83
Trd, 4319100.793, 61
Trd, 4319101.543, 80
Trd, 4319103.993, 62
Trd, 4319104.943, 61
Trd, 4319105.793, 61
Trd, 4319106.093, 68
Trd, 4319106.693, 70
Trd, 4319107.593, 140
Trd, 4319107.943, 140
Trd, 4319108.343, 140
Trd, 4319108.693, 140
Trd, 4319109.193, 140
Trd, 4319110.143, 140
Trd, 4319110.893, 140
Trd, 4319110.943, 140
Trd, 4319113.143, 62
Trd, 4319115.093, 140
Trd, 4319115.843, 140
Trd, 4319115.993, 140
Trd, 4319116.393, 140
Trd, 4319116.643, 66
Trd, 4319117.943, 65
Trd, 4319120.543, 62
Trd, 4319122.693, 60
Trd, 4319123.143, 60
Trd, 4319124.193, 60
Trd, 4319124.343, 60
Trd, 4319124.393, 61
Trd, 4319124.893, 61
Trd, 4319126.893, 62
Trd, 4319126.943, 61
Trd, 4319127.343, 63
Trd, 4319127.443, 60
Trd, 4319128.243, 62
Trd, 4319130.043, 66
Trd, 4319130.593, 65
Trd, 4319130.943, 99
Trd, 4319131.093, 129
Trd, 4319131.993, 68
Trd, 4319132.743, 67
Trd, 4319133.493, 70
Trd, 4319133.993, 71
Trd, 4319134.543, 71
Trd, 4319134.693, 70
Trd, 4319135.243, 140
Trd, 4319135.943, 140
Trd, 4319136.643, 140
Trd, 4319137.643, 140
Trd, 4319137.793, 140
Trd, 4319138.393, 140
Trd, 4319138.593, 140
Trd, 4319139.393, 140
Trd, 4319140.643, 60
Trd, 4319142.693, 60
Trd, 4319143.193, 63
Trd, 4319143.443, 65
Trd, 4319143.693, 66
Trd, 4319145.793, 140
Trd, 4319145.993, 140
Trd, 4319146.693, 140
Trd, 4319146.943, 138
Trd, 4319147.543, 140
Trd, 4319149.243, 140
Trd, 4319149.793, 140
Trd, 4319149.843, 140
Trd, 4319150.543, 140
Trd, 4319150.743, 140
Trd, 4319152.143, 140
Trd, 4319152.743, 140
Trd, 4319153.493, 140
Trd, 4319153.793, 140
Trd, 4319153.843, 140
Trd, 4319153.993, 140
Trd, 4319154.693, 140
Trd, 4319155.543, 140
Trd, 4319156.393, 140
Trd, 4319156.643, 140
Trd, 4319157.743, 140
Trd, 4319158.243, 140
Trd, 4319158.293, 140
Trd, 4319158.343, 139
Trd, 4319160.743, 140
Trd, 4319160.793, 140
Trd, 4319161.143, 140
Trd, 4319162.393, 140
Trd, 4319163.193, 139
Trd, 4319164.043, 140
Trd, 4319164.193, 140
Trd, 4319165.293, 140
Trd, 4319165.393, 127
Trd, 4319166.343, 64
Trd, 4319167.243, 140
Trd, 4319167.893, 140
Trd, 4319169.193, 60
Trd, 4319171.643, 61
Trd, 4319172.593, 61
Trd, 4319172.643, 62
Trd, 4319173.193, 61
Trd, 4319173.293, 62
Trd, 4319173.343, 68
Trd, 4319174.043, 128
Trd, 4319174.893, 68
Trd, 4319175.493, 140
Trd, 4319176.993, 69
Trd, 4319178.643, 72
Trd, 4319178.743, 69
Trd, 4319178.893, 81
Trd, 4319178.943, 115
Trd, 4319179.993, 70
Trd, 4319180.443, 68
Trd, 4319182.643, 140
Trd, 4319183.743, 140
Trd, 4319183.993, 140
Trd, 4319184.143, 140
Trd, 4319185.043, 140
Trd, 4319185.993, 140
Trd, 4319186.493, 133
Trd, 4319187.443, 125
Trd, 4319187.593, 124
Trd, 4319188.743, 131
Trd, 4319189.393, 140
Trd, 4319189.743, 140
Trd, 4319189.943, 140
Trd, 4319190.743, 140
Trd, 4319190.993, 116
Trd, 4319191.393, 60
Trd, 4319191.693, 140
Trd, 4319192.143, 140
Trd, 4319197.743, 60
Trd, 4319198.043, 62
Trd, 4319198.393, 67
Trd, 4319198.993, 66
Trd, 4319199.143, 67
Trd, 4319199.193, 71
Trd, 4319200.043, 73
Trd, 4319200.843, 77
Trd, 4319201.093, 77
Trd, 4319201.243, 74
Trd, 4319203.043, 81
Trd, 4319203.093, 78
Trd, 4319203.143, 73
Trd, 4319204.343, 60
Trd, 4319204.393, 60
Trd, 4319204.993, 140
Trd, 4319208.393, 61
Trd, 4319208.893, 62
Trd, 4319210.093, 60
Trd, 4319211.943, 61
Trd, 4319211.993, 60
Trd, 4319212.093, 63
Trd, 4319212.293, 63
Trd, 4319213.143, 61
Trd, 4319213.693, 64
Trd, 4319214.143, 75
Trd, 4319214.793, 64
Trd, 4319216.093, 140
Trd, 4319216.143, 140
Trd, 4319216.193, 140
Trd, 4319216.693, 140
Trd, 4319218.393, 140
Trd, 4319221.143, 140
Trd, 4319221.193, 140
Trd, 4319221.643, 140
Trd, 4319221.993, 140
Trd, 4319222.293, 140
Trd, 4319223.093, 140
Trd, 4319223.343, 140
Trd, 4319223.443, 140
Trd, 4319223.593, 140
Trd, 4319223.843, 138
Trd, 4319225.493, 140
Trd, 4319225.543, 140
Trd, 4319227.043, 134
Trd, 4319227.593, 133
Trd, 4319229.743, 140
Trd, 4319230.093, 140
Trd, 4319230.693, 140
Trd, 4319231.143, 140
Trd, 4319231.543, 139
Trd, 4319232.193, 123
Trd, 4319233.593, 140
Trd, 4319233.693, 140
Trd, 4319233.843, 127
Trd, 4319235.743, 140
Trd, 4319236.243, 140
Trd, 4319236.593, 140
Trd, 4319237.143, 140
Trd, 4319238.693, 140
Trd, 4319239.643, 140
Trd, 4319239.993, 140
Trd, 4319240.343, 140
Trd, 4319240.693, 138
Trd, 4319240.993, 131
Trd, 4319241.443, 132
Trd, 4319242.043, 131
Trd, 4319243.043, 138
Trd, 4319243.943, 131
Trd, 4319244.093, 120
Trd, 4319245.643, 60
Trd, 4319246.043, 61
Trd, 4319248.143, 60
Trd, 4319248.193, 61
Trd, 4319248.993, 64
Trd, 4319249.493, 67
Trd, 4319249.843, 69
Trd, 4319250.743, 74
Trd, 4319250.893, 72
Trd, 4319252.643, 138
Trd, 4319252.993, 140
Trd, 4319254.893, 60
Trd, 4319257.843, 61
Trd, 4319258.093, 61
Trd, 4319260.293, 60
Trd, 4319261.093, 61
Trd, 4319261.593, 63
Trd, 4319261.893, 66
Trd, 4319261.943, 67
Trd, 4319261.993, 78
Trd, 4319262.793, 91
Trd, 4319263.643, 73
Trd, 4319264.193, 138
Trd, 4319264.593, 137
Trd, 4319264.743, 126
Trd, 4319264.893, 125
Trd, 4319265.393, 75
Trd, 4319265.543, 74
Trd, 4319267.443, 139
Trd, 4319267.593, 127
Trd, 4319268.693, 140
Trd, 4319269.043, 140
Trd, 4319270.143, 140
Trd, 4319270.893, 140
Trd, 4319271.093, 140
Trd, 4319271.493, 140
Trd, 4319271.793, 140
Trd, 4319271.943, 140
Trd, 4319273.393, 140
Trd, 4319274.393, 140
Trd, 4319274.843, 140
Trd, 4319276.593, 140
Trd, 4319276.843, 136
Trd, 4319277.043, 126
Trd, 4319277.343, 126
Trd, 4319278.143, 140
Trd, 4319278.643, 140
Trd, 4319279.393, 140
Trd, 4319279.893, 140
Trd, 4319279.943, 139
Trd, 4319280.843, 130
Trd, 4319282.193, 135
Trd, 4319283.193, 140
Trd, 4319283.393, 137
Trd, 4319283.743, 132
Trd, 4319283.943, 125
Trd, 4319286.993, 60
Trd, 4319287.043, 67
Trd, 4319287.243, 70
Trd, 4319289.993, 61
Trd, 4319290.093, 63
Trd, 4319290.793, 62
Trd, 4319291.193, 64
Trd, 4319291.443, 64
Trd, 4319293.193, 63
Trd, 4319293.743, 64
Trd, 4319294.343, 64
Trd, 4319294.893, 63
Trd, 4319295.143, 62
Trd, 4319296.443, 138
Trd, 4319296.643, 137
Trd, 4319297.643, 140
Trd, 4319298.093, 140
Trd, 4319298.393, 140
Trd, 4319299.293, 140
Trd, 4319299.443, 140
Trd, 4319299.743, 128
Trd, 4319301.543, 140
Trd, 4319302.243, 140
Trd, 4319302.343, 140
Trd, 4319302.693, 140
Trd, 4319303.443, 140
Trd, 4319303.993, 140
Trd, 4319305.093, 140
Trd, 4319306.893, 140
Trd, 4319307.193, 140
Trd, 4319307.243, 140
Trd, 4319307.343, 140
Trd, 4319307.493, 139
Trd, 4319308.493, 140
Trd, 4319309.793, 140
Trd, 4319310.943, 140
Trd, 4319311.043, 140
Trd, 4319311.943, 140
Trd, 4319312.343, 140
Trd, 4319313.843, 140
Trd, 4319314.493, 140
Trd, 4319316.543, 140
Trd, 4319316.693, 140
Trd, 4319317.143, 140
Trd, 4319318.093, 140
Trd, 4319318.343, 140
Trd, 4319318.893, 140
Trd, 4319319.643, 140
Trd, 4319319.993, 140
Trd, 4319320.143, 140
Trd, 4319320.893, 140
Trd, 4319321.543, 140
Trd, 4319322.393, 140
Trd, 4319322.793, 140
Trd, 4319322.993, 139
Trd, 4319323.593, 128
Trd, 4319325.193, 140
Trd, 4319325.793, 140
Trd, 4319325.893, 140
Trd, 4319326.793, 140
Trd, 4319327.093, 140
Trd, 4319328.043, 140
Trd, 4319328.343, 140
Trd, 4319329.543, 140
Trd, 4319329.993, 140
Trd, 4319331.093, 140
Trd, 4319331.243, 140
Trd, 4319331.293, 139
Trd, 4319331.793, 140
Trd, 4319332.543, 140
Trd, 4319332.743, 140
Trd, 4319333.393, 140
Trd, 4319334.093, 140
Trd, 4319334.543, 139
Trd, 4319334.743, 138
Trd, 4319335.593, 140
Trd, 4319336.443, 136
Trd, 4319338.143, 60
Trd, 4319339.893, 61
Trd, 4319341.593, 62
Trd, 4319343.593, 60
Trd, 4319343.643, 60
Trd, 4319343.793, 60
Trd, 4319344.293, 60
Trd, 4319344.893, 63
Trd, 4319346.493, 61
Trd, 4319347.243, 65
Trd, 4319347.743, 66
Trd, 4319349.293, 140
Trd, 4319349.843, 140
Trd, 4319350.343, 140
Trd, 4319350.893, 140
Trd, 4319351.793, 140
Trd, 4319352.143, 139
Trd, 4319352.493, 138
Trd, 4319352.993, 134
Trd, 4319353.693, 139
Trd, 4319354.243, 140
Trd, 4319354.993, 140
Trd, 4319355.043, 140
Trd, 4319355.893, 140
Trd, 4319356.243, 140
Trd, 4319357.293, 140
Trd, 4319357.643, 138
Trd, 4319357.943, 128
Trd, 4319358.593, 84
Trd, 4319360.193, 60
Trd, 4319360.343, 61
Trd, 4319363.093, 60
Trd, 4319363.293, 61
Trd, 4319363.743, 61
Trd, 4319364.043, 62
Trd, 4319364.293, 63
Trd, 4319364.393, 61
Trd, 4319364.893, 62
Trd, 4319365.493, 63
Trd, 4319366.193, 63
Trd, 4319366.443, 139
Trd, 4319367.393, 64
Trd, 4319367.893, 64
Trd, 4319368.543, 61
Trd, 4319369.543, 75
Trd, 4319372.893, 61
Trd, 4319373.393, 66
Trd, 4319373.693, 62
Trd, 4319374.093, 64
Trd, 4319374.293, 66
Trd, 4319374.693, 67
Trd, 4319374.943, 66
Trd, 4319376.143, 140
Trd, 4319376.343, 86
Trd, 4319377.693, 140
Trd, 4319377.843, 86
Trd, 4319378.843, 140
Trd, 4319379.343, 140
Trd, 4319379.393, 140
Trd, 4319379.793, 140
Trd, 4319381.043, 140
Trd, 4319381.293, 140
Trd, 4319381.343, 140
Trd, 4319382.443, 119
Trd, 4319383.593, 140
Trd, 4319384.493, 140
Trd, 4319385.543, 140
Trd, 4319386.943, 140
Trd, 4319387.393, 140
Trd, 4319388.193, 140
Trd, 4319389.343, 140
Trd, 4319389.543, 140
Trd, 4319389.593, 140
Trd, 4319390.843, 140
Trd, 4319391.293, 140
Trd, 4319391.793, 140
Trd, 4319392.143, 119
Trd, 4319392.493, 110
Trd, 4319392.593, 137
Trd, 4319393.743, 86
Trd, 4319394.643, 60
Trd, 4319397.643, 61
Trd, 4319398.343, 60
Trd, 4319398.543, 62
Trd, 4319398.893, 62
Trd, 4319399.893, 63
Trd, 4319400.593, 78
Trd, 4319400.893, 97
Trd, 4319401.093, 60
Trd, 4319402.993, 60
Trd, 4319403.343, 60
Trd, 4319403.893, 61
Trd, 4319403.993, 64
Trd, 4319404.143, 60
Trd, 4319405.493, 67
Trd, 4319406.543, 139
Trd, 4319406.893, 69
Trd, 4319407.543, 67
Trd, 4319407.693, 66
Trd, 4319407.743, 67
Trd, 4319409.343, 60
Trd, 4319410.893, 60
Trd, 4319411.843, 60
Trd, 4319414.243, 62
Trd, 4319415.443, 61
Trd, 4319415.693, 62
Trd, 4319415.793, 61
Trd, 4319416.543, 63
Trd, 4319416.743, 63
Trd, 4319417.193, 63
Trd, 4319417.943, 65
Trd, 4319418.743, 63
Trd, 4319419.743, 60
Trd, 4319421.393, 60
Trd, 4319421.843, 61
Trd, 4319423.493, 61
Trd, 4319424.293, 61
Trd, 4319424.393, 60
Trd, 4319425.243, 66
Trd, 4319425.893, 68
Trd, 4319426.243, 67
Trd, 4319427.593, 60
Trd, 4319427.843, 97
Trd, 4319429.443, 61
Trd, 4319429.893, 66
Trd, 4319430.193, 60
Trd, 4319432.243, 140
Trd, 4319432.693, 140
Trd, 4319432.743, 140
Trd, 4319432.843, 139
Trd, 4319433.543, 140
Trd, 4319434.093, 140
Trd, 4319434.993, 139
Trd, 4319435.043, 127
Trd, 4319436.393, 140
Trd, 4319436.743, 140
Trd, 4319437.193, 140
Trd, 4319437.643, 140
Trd, 4319438.743, 140
Trd, 4319439.143, 140
Trd, 4319439.443, 140
Trd, 4319440.443, 140
Trd, 4319441.093, 140
Trd, 4319441.693, 140
Trd, 4319442.093, 140
Trd, 4319442.243, 140
Trd, 4319442.693, 129
Trd, 4319443.643, 140
Trd, 4319444.543, 140
Trd, 4319444.793, 140
Trd, 4319444.893, 140
Trd, 4319445.143, 140
Trd, 4319446.343, 140
Trd, 4319446.593, 140
Trd, 4319447.443, 140
Trd, 4319448.143, 140
Trd, 4319448.843, 140
Trd, 4319449.693, 140
Trd, 4319450.193, 140
Trd, 4319451.243, 140
Trd, 4319451.393, 140
Trd, 4319451.593, 140
Trd, 4319451.643, 140
Trd, 4319452.343, 140
Trd, 4319453.143, 140
Trd, 4319453.493, 138
Trd, 4319454.593, 108
Trd, 4319459.193, 60
Trd, 4319459.643, 61
Trd, 4319459.943, 61
Trd, 4319460.343, 61
Trd, 4319460.893, 61
Trd, 4319461.043, 62
Trd, 4319461.093, 61
Trd, 4319461.493, 88
Trd, 4319461.593, 66
Trd, 4319462.043, 139
Trd, 4319463.243, 69
Trd, 4319463.393, 70
Trd, 4319463.943, 61
Trd, 4319464.593, 134
Trd, 4319464.793, 139
Trd, 4319467.193, 60
Trd, 4319467.793, 60
Trd, 4319467.943, 68
Trd, 4319470.093, 60
Trd, 4319470.143, 60
Trd, 4319470.343, 61
Trd, 4319470.943, 68
Trd, 4319470.993, 63
Trd, 4319471.443, 63
Trd, 4319472.993, 68
Trd, 4319473.243, 66
Trd, 4319474.693, 140
Trd, 4319475.093, 140
Trd, 4319475.543, 140
Trd, 4319475.693, 140
Trd, 4319476.493, 65
Trd, 4319479.043, 60
Trd, 4319480.643, 60
Trd, 4319482.593, 60
Trd, 4319483.443, 61
Trd, 4319483.743, 62
Trd, 4319484.043, 61
Trd, 4319484.443, 64
Trd, 4319484.943, 64
Trd, 4319485.243, 65
Trd, 4319485.343, 71
Trd, 4319485.643, 77
Trd, 4319486.593, 140
Trd, 4319487.293, 140
Trd, 4319487.493, 140
Trd, 4319487.593, 66
Trd, 4319488.943, 101
Trd, 4319492.143, 60
Trd, 4319493.143, 60
Trd, 4319494.143, 60
Trd, 4319494.193, 60
Trd, 4319494.443, 61
Trd, 4319494.543, 62
Trd, 4319494.693, 62
Trd, 4319494.743, 61
Trd, 4319495.493, 140
Trd, 4319497.943, 60
Trd, 4319499.443, 60
Trd, 4319500.143, 60
Trd, 4319500.643, 61
Trd, 4319501.243, 60
Trd, 4319501.293, 60
Trd, 4319501.393, 61
Trd, 4319502.043, 63
Trd, 4319502.193, 129
Trd, 4319503.143, 140
Trd, 4319504.143, 139
Trd, 4319504.643, 138
Trd, 4319505.093, 129
Trd, 4319505.443, 118
Trd, 4319506.093, 120
Trd, 4319506.143, 119
Trd, 4319506.193, 118
Trd, 4319506.693, 117
Trd, 4319507.543, 140
Trd, 4319508.393, 140
Trd, 4319509.493, 140
Trd, 4319510.793, 140
Trd, 4319510.943, 140
Trd, 4319511.793, 140
Trd, 4319513.193, 140
Trd, 4319513.593, 140
Trd, 4319513.793, 140
Trd, 4319514.543, 140
Trd, 4319515.343, 140
Trd, 4319515.793, 139
Trd, 4319516.743, 140
Trd, 4319517.293, 140
Trd, 4319517.543, 140
Trd, 4319518.243, 140
Trd, 4319519.093, 140
Trd, 4319519.143, 140
Trd, 4319519.543, 140
Trd, 4319520.043, 139
Trd, 4319523.643, 60
Trd, 4319523.843, 61
Trd, 4319523.993, 61
Trd, 4319524.293, 61
Trd, 4319524.593, 62
Trd, 4319525.393, 137
Trd, 4319525.693, 74
Trd, 4319525.843, 74
Trd, 4319526.193, 140
Trd, 4319526.493, 75
Trd, 4319528.243, 140
Trd, 4319528.493, 140
Trd, 4319530.893, 62
Trd, 4319531.043, 64
Trd, 4319531.643, 65
Trd, 4319532.843, 62
Trd, 4319533.443, 60
Trd, 4319533.493, 65
Trd, 4319533.743, 62
Trd, 4319533.843, 61
Trd, 4319535.093, 140
Trd, 4319535.543, 130
Trd, 4319536.543, 129
Trd, 4319538.343, 140
Trd, 4319539.343, 140
Trd, 4319539.743, 140
Trd, 4319539.843, 140
Trd, 4319539.893, 140
Trd, 4319540.043, 140
Trd, 4319541.943, 140
Trd, 4319542.543, 140
Trd, 4319543.593, 140
Trd, 4319544.543, 140
Trd, 4319545.293, 140
Trd, 4319546.143, 140
Trd, 4319546.743, 140
Trd, 4319547.443, 140
Trd, 4319547.793, 140
Trd, 4319547.843, 140
Trd, 4319550.443, 140
Trd, 4319551.043, 140
Trd, 4319551.093, 140
Trd, 4319551.543, 140
Trd, 4319552.193, 140
Trd, 4319552.443, 140
Trd, 4319553.193, 140
Trd, 4319553.693, 140
Trd, 4319554.793, 140
Trd, 4319555.493, 140
Trd, 4319555.593, 140
Trd, 4319555.843, 140
Trd, 4319555.943, 129
Trd, 4319556.443, 139
Trd, 4319558.343, 140
Trd, 4319559.293, 140
Trd, 4319559.443, 140
Trd, 4319559.793, 129
Trd, 4319559.943, 139
Trd, 4319560.293, 140
Trd, 4319560.793, 140
Trd, 4319560.943, 119
Trd, 4319561.643, 95
Trd, 4319564.493, 60
Trd, 4319567.293, 60
Trd, 4319567.743, 60
Trd, 4319567.793, 61
Trd, 4319567.893, 63
Trd, 4319568.543, 61
Trd, 4319569.393, 66
Trd, 4319569.893, 66
Trd, 4319570.193, 65
Trd, 4319571.343, 68
Trd, 4319571.793, 69
Trd, 4319572.593, 140
Trd, 4319573.243, 140
Trd, 4319573.343, 138
Trd, 4319573.543, 66
Trd, 4319573.793, 61
Trd, 4319573.893, 73
Trd, 4319577.543, 60
Trd, 4319578.843, 61
Trd, 4319579.293, 61
Trd, 4319579.493, 62
Trd, 4319579.593, 74
Trd, 4319580.243, 77
Trd, 4319580.743, 73
Trd, 4319581.093, 69
Trd, 4319581.193, 117
Trd, 4319581.393, 139
Trd, 4319582.693, 69
Trd, 4319584.643, 60
Trd, 4319586.093, 60
Trd, 4319587.793, 60
Trd, 4319589.193, 65
Trd, 4319589.343, 64
Trd, 4319589.393, 60
Trd, 4319589.693, 61
Trd, 4319590.243, 65
Trd, 4319590.843, 63
Trd, 4319591.093, 63
Trd, 4319591.693, 66
Trd, 4319592.493, 67
Trd, 4319592.693, 66
Trd, 4319593.093, 133
Trd, 4319594.193, 140
Trd, 4319594.343, 138
Trd, 4319595.543, 74
Trd, 4319598.343, 77
Trd, 4319598.643, 77
Trd, 4319598.693, 106
Trd, 4319599.693, 82
Trd, 4319600.043, 140
Trd, 4319600.243, 83
Trd, 4319601.343, 139
Trd, 4319601.993, 130
Trd, 4319602.043, 128
Trd, 4319602.643, 120
Trd, 4319602.693, 119
Trd, 4319604.943, 117
Trd, 4319606.443, 61
Trd, 4319606.993, 62
Trd, 4319608.843, 61
Trd, 4319608.893, 64
Trd, 4319609.193, 65
Trd, 4319609.293, 62
Trd, 4319610.293, 61
Trd, 4319610.693, 122
Trd, 4319611.793, 62
Trd, 4319611.943, 62
Trd, 4319612.393, 64
Trd, 4319613.243, 69
Trd, 4319617.793, 60
Trd, 4319617.843, 60
Trd, 4319618.493, 60
Trd, 4319618.543, 62
Trd, 4319618.743, 62
Trd, 4319619.393, 60
Trd, 4319619.693, 60
Trd, 4319620.043, 61
Trd, 4319620.493, 62
Trd, 4319620.993, 137
Trd, 4319621.843, 68
Trd, 4319622.543, 70
Trd, 4319624.393, 62
Trd, 4319625.743, 61
Trd, 4319628.093, 60
Trd, 4319628.543, 65
Trd, 4319629.293, 62
Trd, 4319629.493, 62
Trd, 4319629.643, 71
Trd, 4319629.943, 62
Trd, 4319632.393, 60
Trd, 4319632.543, 60
Trd, 4319633.343, 62
Trd, 4319633.493, 61
Trd, 4319633.593, 62
Trd, 4319634.043, 140
Trd, 4319634.543, 140
Trd, 4319635.793, 140
Trd, 4319636.143, 140
Trd, 4319637.343, 140
Trd, 4319637.393, 140
Trd, 4319637.443, 140
Trd, 4319637.843, 140
Trd, 4319638.743, 140
Trd, 4319642.443, 60
Trd, 4319642.893, 60
Trd, 4319643.393, 60
Trd, 4319644.143, 60
Trd, 4319644.993, 61
Trd, 4319645.193, 61
Trd, 4319645.893, 63
Trd, 4319647.143, 127
Trd, 4319647.243, 65
Trd, 4319648.193, 140
Trd, 4319648.543, 140
Trd, 4319648.793, 140
Trd, 4319648.993, 139
Trd, 4319649.043, 127
Trd, 4319649.893, 140
Trd, 4319650.143, 140
Trd, 4319650.343, 140
Trd, 4319651.443, 72
Trd, 4319652.443, 139
Trd, 4319654.543, 60
Trd, 4319654.993, 61
Trd, 4319655.343, 64
Trd, 4319656.893, 60
Trd, 4319657.043, 61
Trd, 4319657.893, 70
Trd, 4319658.243, 86
Trd, 4319658.743, 79
Trd, 4319659.043, 81
Trd, 4319659.343, 80
Trd, 4319662.043, 62
Trd, 4319664.343, 60
Trd, 4319664.943, 60
Trd, 4319665.593, 61
Trd, 4319666.193, 62
Trd, 4319666.393, 63
Trd, 4319667.143, 78
Trd, 4319667.543, 69
Trd, 4319668.293, 138
Trd, 4319668.743, 127
Trd, 4319668.843, 126
Trd, 4319668.993, 68
Trd, 4319669.543, 138
Trd, 4319669.593, 137
Trd, 4319670.343, 136
Trd, 4319672.493, 60
Trd, 4319672.643, 61
Trd, 4319675.293, 62
Trd, 4319676.143, 62
Trd, 4319676.693, 60
Trd, 4319677.243, 60
Trd, 4319677.543, 60
Trd, 4319677.843, 62
Trd, 4319677.893, 63
Trd, 4319678.493, 61
Trd, 4319678.693, 61
Trd, 4319679.443, 63
Trd, 4319679.993, 140
Trd, 4319682.093, 60
Trd, 4319684.843, 60
Trd, 4319685.193, 62
Trd, 4319685.893, 62
Trd, 4319685.943, 62
Trd, 4319686.393, 67
Trd, 4319686.443, 62
Trd, 4319687.443, 70
Trd, 4319687.693, 68
Trd, 4319688.643, 74
Trd, 4319689.993, 140
Trd, 4319690.493, 140
Trd, 4319690.743, 140
Trd, 4319691.593, 140
Trd, 4319692.143, 140
Trd, 4319693.893, 140
Trd, 4319694.843, 140
Trd, 4319694.993, 140
Trd, 4319695.993, 140
Trd, 4319696.093, 140
Trd, 4319696.993, 140
Trd, 4319697.143, 140
Trd, 4319697.643, 140
Trd, 4319697.743, 140
Trd, 4319698.993, 140
Trd, 4319699.193, 140
Trd, 4319701.343, 60
Trd, 4319701.693, 64
Trd, 4319702.793, 68
Trd, 4319704.493, 60
Trd, 4319705.043, 60
Trd, 4319706.093, 60
Trd, 4319706.543, 61
Trd, 4319707.343, 62
Trd, 4319707.393, 62
Trd, 4319709.093, 65
Trd, 4319709.443, 69
Trd, 4319709.893, 67
Trd, 4319709.943, 66
Trd, 4319710.093, 65
Trd, 4319710.793, 140
Trd, 4319710.993, 64
Trd, 4319711.093, 140
Trd, 4319711.243, 86
Trd, 4319713.943, 63
Trd, 4319714.243, 64
Trd, 4319716.093, 60
Trd, 4319716.893, 61
Trd, 4319717.443, 62
Trd, 4319718.643, 61
Trd, 4319719.143, 63
Trd, 4319719.243, 64
Trd, 4319719.793, 64
Trd, 4319720.493, 67
Trd, 4319721.593, 99
Trd, 4319721.793, 122
Trd, 4319722.493, 66
Trd, 4319726.743, 60
Trd, 4319726.793, 63
Trd, 4319727.143, 62
Trd, 4319727.243, 62
Trd, 4319727.443, 62
Trd, 4319727.593, 63
Trd, 4319729.343, 140
Trd, 4319729.443, 140
Trd, 4319729.493, 140
Trd, 4319731.243, 77
Trd, 4319731.543, 89
Trd, 4319732.743, 77
Trd, 4319733.393, 79
Trd, 4319734.093, 80
Trd, 4319734.243, 79
Trd, 4319734.593, 76
Trd, 4319735.643, 60
Trd, 4319735.693, 60
Trd, 4319738.243, 60
Trd, 4319739.343, 61
Trd, 4319741.443, 60
Trd, 4319741.493, 60
Trd, 4319741.593, 61
Trd, 4319742.193, 61
Trd, 4319742.643, 61
Trd, 4319742.893, 62
Trd, 4319743.393, 64
Trd, 4319743.643, 78
Trd, 4319745.293, 140
Trd, 4319745.743, 110
Trd, 4319746.843, 87
Trd, 4319747.193, 89
Trd, 4319747.243, 91
Trd, 4319747.293, 87
Trd, 4319747.943, 140
Trd, 4319748.143, 140
Trd, 4319749.393, 70
Trd, 4319751.293, 60
Trd, 4319752.493, 60
Trd, 4319754.493, 60
Trd, 4319754.793, 60
Trd, 4319755.143, 60
Trd, 4319755.343, 61
Trd, 4319755.893, 63
Trd, 4319756.193, 63
Trd, 4319756.493, 62
Trd, 4319757.543, 60
Trd, 4319757.893, 60
Trd, 4319757.943, 62
Trd, 4319758.493, 63
Trd, 4319759.293, 63
Trd, 4319759.743, 140
Trd, 4319760.943, 76
Trd, 4319761.843, 77
Trd, 4319762.643, 77
Trd, 4319763.993, 140
Trd, 4319764.343, 140
Trd, 4319764.743, 137
Trd, 4319764.893, 137
Trd, 4319765.093, 136
Trd, 4319766.093, 134
Trd, 4319766.393, 109
Trd, 4319767.793, 83
Trd, 4319768.743, 82
Trd, 4319769.493, 140
Trd, 4319769.843, 140
Trd, 4319770.293, 140
Trd, 4319770.443, 127
Trd, 4319771.093, 81
Trd, 4319771.243, 130
Trd, 4319772.843, 140
Trd, 4319773.393, 140
Trd, 4319773.643, 139
Trd, 4319774.593, 64
Trd, 4319777.593, 61
Trd, 4319778.243, 62
Trd, 4319778.443, 62
Trd, 4319778.593, 62
Trd, 4319779.143, 61
Trd, 4319781.793, 60
Trd, 4319782.593, 61
Trd, 4319783.493, 63
Trd, 4319785.643, 60
Trd, 4319785.943, 60
Trd, 4319786.643, 63
Trd, 4319786.893, 63
Trd, 4319787.043, 64
Trd, 4319787.193, 64
Trd, 4319787.443, 63
Trd, 4319788.493, 67
Trd, 4319789.093, 140
Trd, 4319790.443, 79
Trd, 4319791.443, 80
Trd, 4319791.543, 79
Trd, 4319791.893, 72
Trd, 4319793.393, 60
Trd, 4319796.993, 60
Trd, 4319797.193, 60
Trd, 4319797.493, 61
Trd, 4319797.593, 61
Trd, 4319798.493, 65
Trd, 4319798.693, 63
Trd, 4319798.793, 135
Trd, 4319799.393, 140
Trd, 4319799.743, 68
Trd, 4319799.793, 65
Trd, 4319800.793, 65
Trd, 4319800.993, 65
Trd, 4319801.043, 66
Trd, 4319803.393, 69
Trd, 4319803.543, 68
Trd, 4319803.843, 67
Trd, 4319804.693, 74
Trd, 4319805.993, 95
Trd, 4319806.893, 88
Trd, 4319807.193, 140
Trd, 4319807.643, 90
Trd, 4319807.793, 89
Trd, 4319808.543, 87
Trd, 4319809.193, 137
Trd, 4319809.293, 140
Trd, 4319810.693, 135
Trd, 4319810.943, 136
Trd, 4319811.043, 140
Trd, 4319811.743, 139
Trd, 4319812.193, 117
Trd, 4319813.243, 131
Trd, 4319815.143, 140
Trd, 4319815.593, 140
Trd, 4319815.893, 140
Trd, 4319816.443, 140
Trd, 4319817.743, 140
Trd, 4319818.543, 140
Trd, 4319818.743, 139
Trd, 4319819.593, 131
Trd, 4319819.893, 131
Trd, 4319820.093, 131
Trd, 4319820.243, 130
Trd, 4319822.243, 140
Trd, 4319822.443, 140
Trd, 4319823.093, 140
Trd, 4319823.693, 140
Trd, 4319825.393, 140
Trd, 4319825.793, 140
Trd, 4319825.943, 140
Trd, 4319827.443, 140
Trd, 4319827.743, 140
Trd, 4319828.093, 140
Trd, 4319829.193, 140
Trd, 4319829.593, 140
Trd, 4319831.993, 140
Trd, 4319832.293, 140
Trd, 4319832.593, 140
Trd, 4319833.043, 140
Trd, 4319833.193, 134
Trd, 4319833.393, 128
Trd, 4319834.043, 140
Trd, 4319834.793, 140
Trd, 4319835.343, 140
Trd, 4319836.143, 140
Trd, 4319836.293, 140
Trd, 4319838.843, 140
Trd, 4319839.893, 140
Trd, 4319840.043, 140
Trd, 4319840.493, 140
Trd, 4319840.743, 140
Trd, 4319841.293, 140
Trd, 4319843.093, 140
Trd, 4319843.193, 140
Trd, 4319843.843, 140
Trd, 4319844.893, 140
Trd, 4319845.143, 140
Trd, 4319846.493, 140
Trd, 4319847.043, 140
Trd, 4319847.343, 140
Trd, 4319847.793, 140
Trd, 4319848.693, 140
Trd, 4319848.943, 138
Trd, 4319849.693, 138
Trd, 4319850.993, 131
Trd, 4319851.993, 140
Trd, 4319852.393, 139
Trd, 4319853.343, 134
Trd, 4319853.993, 140
Trd, 4319854.293, 140
Trd, 4319854.393, 140
Trd, 4319855.693, 140
Trd, 4319855.993, 140
Trd, 4319858.993, 140
Trd, 4319859.393, 140
Trd, 4319860.393, 140
Trd, 4319860.993, 140
Trd, 4319861.443, 140
Trd, 4319862.243, 140
Trd, 4319863.843, 140
Trd, 4319864.243, 140
Trd, 4319864.393, 140
Trd, 4319865.043, 140
Trd, 4319865.843, 140
Trd, 4319866.843, 140
Trd, 4319866.943, 140
Trd, 4319867.393, 140
Trd, 4319868.643, 140
Trd, 4319868.943, 140
Trd, 4319869.493, 140
Trd, 4319869.543, 140
Trd, 4319872.043, 140
Trd, 4319872.193, 140
Trd, 4319872.243, 140
Trd, 4319872.693, 140
Trd, 4319873.343, 140
Trd, 4319874.443, 140
Trd, 4319875.493, 140
Trd, 4319875.643, 140
Trd, 4319877.093, 140
Trd, 4319877.343, 140
Trd, 4319877.493, 139
Trd, 4319879.193, 140
Trd, 4319879.493, 140
Trd, 4319879.693, 139
Trd, 4319879.993, 138
Trd, 4319880.343, 129
Trd, 4319881.393, 128
Trd, 4319882.243, 140
Trd, 4319882.693, 140
Trd, 4319882.943, 140
Trd, 4319883.193, 139
Trd, 4319884.743, 60
Trd, 4319885.943, 60
Trd, 4319886.593, 61
Trd, 4319887.443, 64
Trd, 4319887.693, 64
Trd, 4319888.843, 140
Trd, 4319889.343, 140
Trd, 4319889.543, 127
Trd, 4319889.943, 140
Trd, 4319890.543, 62
Trd, 4319893.243, 60
Trd, 4319894.243, 62
Trd, 4319895.243, 60
Trd, 4319895.393, 61
Trd, 4319895.493, 65
Trd, 4319896.343, 62
Trd, 4319896.743, 140
Trd, 4319897.093, 130
Trd, 4319897.593, 63
Trd, 4319898.593, 138
Trd, 4319902.143, 65
Trd, 4319902.193, 64
Trd, 4319902.343, 63
Trd, 4319902.793, 140
Trd, 4319903.793, 140
Trd, 4319903.893, 140
Trd, 4319903.993, 139
Trd, 4319904.943, 140
Trd, 4319905.393, 127
Trd, 4319906.093, 62
Trd, 4319906.593, 140
Trd, 4319906.943, 140
Trd, 4319907.093, 139
Trd, 4319909.793, 68
Trd, 4319912.643, 60
Trd, 4319912.993, 60
Trd, 4319913.343, 61
Trd, 4319913.843, 60
Trd, 4319914.593, 61
Trd, 4319914.743, 61
Trd, 4319915.293, 64
Trd, 4319915.643, 64
Trd, 4319915.943, 65
Trd, 4319916.643, 67
Trd, 4319917.443, 65
Trd, 4319917.543, 64
Trd, 4319917.693, 112
Trd, 4319917.743, 60
Trd, 4319919.543, 60
Trd, 4319920.293, 60
Trd, 4319920.593, 60
Trd, 4319920.943, 64
Trd, 4319921.293, 98
Trd, 4319922.543, 64
Trd, 4319923.993, 60
Trd, 4319924.343, 60
Trd, 4319925.093, 60
Trd, 4319927.093, 67
Trd, 4319927.393, 114
Trd, 4319928.043, 63
Trd, 4319928.443, 64
Trd, 4319928.743, 67
Trd, 4319929.493, 68
Trd, 4319930.393, 66
Trd, 4319931.143, 63
Trd, 4319931.493, 65
Trd, 4319934.093, 60
Trd, 4319935.043, 60
Trd, 4319935.143, 62
Trd, 4319935.493, 61
Trd, 4319936.393, 64
Trd, 4319937.193, 64
Trd, 4319937.793, 65
Trd, 4319938.193, 73
Trd, 4319938.343, 139
Trd, 4319939.293, 72
Trd, 4319939.543, 72
Trd, 4319942.043, 60
Trd, 4319943.643, 63
Trd, 4319944.943, 61
Trd, 4319945.093, 60
Trd, 4319945.243, 62
Trd, 4319945.593, 65
Trd, 4319946.293, 66
Trd, 4319946.593, 64
Trd, 4319947.293, 68
Trd, 4319948.593, 70
Trd, 4319949.343, 70
Trd, 4319949.743, 95
Trd, 4319949.843, 68
Trd, 4319950.893, 69
Trd, 4319951.093, 67
Trd, 4319952.943, 62
Trd, 4319953.393, 65
Trd, 4319954.043, 140
Trd, 4319954.243, 140
Trd, 4319954.693, 140
Trd, 4319954.793, 140
Trd, 4319955.793, 140
Trd, 4319956.093, 140
Trd, 4319956.493, 140
Trd, 4319957.843, 140
Trd, 4319958.793, 139
Trd, 4319959.593, 138
Trd, 4319960.593, 138
Trd, 4319960.743, 114
Trd, 4319961.893, 62
Trd, 4319964.793, 60
Trd, 4319965.393, 60
Trd, 4319965.843, 60
Trd, 4319967.043, 60
Trd, 4319968.393, 61
Trd, 4319968.493, 63
Trd, 4319968.893, 63
Trd, 4319969.243, 64
Trd, 4319969.943, 64
Trd, 4319970.393, 69
Trd, 4319970.543, 63
Trd, 4319972.493, 140
Trd, 4319972.693, 66
Trd, 4319973.443, 74
Trd, 4319973.793, 68
Trd, 4319973.843, 65
Trd, 4319974.643, 60
Trd, 4319975.643, 62
Trd, 4319978.793, 61
Trd, 4319979.293, 63
Trd, 4319979.393, 62
Trd, 4319980.093, 64
Trd, 4319980.243, 63
Trd, 4319980.843, 73
Trd, 4319980.943, 121
Trd, 4319981.243, 63
Trd, 4319982.293, 66
Trd, 4319982.643, 97
Trd, 4319983.543, 69
Trd, 4319984.493, 66
Trd, 4319984.693, 95
Trd, 4319984.993, 66
Trd, 4319985.243, 67
Trd, 4319986.393, 74
Trd, 4319986.493, 73
Trd, 4319988.443, 60
Trd, 4319988.793, 60
Trd, 4319990.243, 60
Trd, 4319992.693, 60
Trd, 4319992.943, 61
Trd, 4319992.993, 60
Trd, 4319994.493, 64
Trd, 4319994.543, 63
Trd, 4319994.843, 64
Trd, 4319994.993, 62
Trd, 4319996.193, 60
Trd, 4319997.393, 64
Trd, 4319997.743, 63
Trd, 4319998.293, 62
Trd, 4319998.743, 66
Trd, 4319999.643, 140
Trd, 4319999.793, 140
