Trd, 4318060.343, 93
Trd, 4318060.893, 86
Trd, 4318062.293, 108
Trd, 4318062.743, 104
Trd, 4318063.143, 89
Trd, 4318063.843, 75
Trd, 4318064.543, 61
Trd, 4318066.093, 84
Trd, 4318067.143, 91
Trd, 4318067.793, 92
Trd, 4318069.093, 95
Trd, 4318070.043, 97
Trd, 4318070.443, 97
Trd, 4318071.243, 97
Trd, 4318071.693, 87
Trd, 4318073.493, 91
Trd, 4318074.393, 96
Trd, 4318074.543, 95
Trd, 4318074.943, 134
Trd, 4318075.043, 103
Trd, 4318075.543, 96
Trd, 4318077.593, 105
Trd, 4318077.693, 101
Trd, 4318078.693, 101
Trd, 4318079.043, 101
Trd, 4318080.143, 99
Trd, 4318081.443, 140
Trd, 4318082.493, 138
Trd, 4318083.693, 110
Trd, 4318084.193, 108
Trd, 4318085.693, 127
Trd, 4318085.893, 126
Trd, 4318086.543, 69
Trd, 4318087.443, 83
Trd, 4318089.493, 105
Trd, 4318089.643, 105
Trd, 4318089.943, 66
Trd, 4318090.493, 88
Trd, 4318092.893, 64
Trd, 4318095.343, 62
Trd, 4318096.443, 62
Trd, 4318097.143, 63
Trd, 4318098.843, 68
Trd, 4318099.193, 75
Trd, 4318099.593, 86
Trd, 4318101.293, 74
Trd, 4318102.143, 79
Trd, 4318102.243, 78
Trd, 4318105.393, 110
Trd, 4318105.593, 107
Trd, 4318108.293, 113
Trd, 4318108.843, 133
Trd, 4318108.943, 133
Trd, 4318109.043, 132
Trd, 4318109.293, 110
Trd, 4318112.443, 63
Trd, 4318112.693, 67
Trd, 4318113.593, 68
Trd, 4318113.793, 67
Trd, 4318114.393, 70
Trd, 4318116.093, 78
Trd, 4318116.293, 80
Trd, 4318116.643, 82
Trd, 4318118.193, 106
Trd, 4318119.543, 115
Trd, 4318119.693, 114
Trd, 4318119.793, 104
Trd, 4318120.143, 79
Trd, 4318121.193, 81
Trd, 4318122.293, 81
Trd, 4318123.493, 83
Trd, 4318123.543, 82
Trd, 4318124.243, 90
Trd, 4318127.643, 125
Trd, 4318128.543, 133
Trd, 4318128.793, 134
Trd, 4318129.143, 133
Trd, 4318129.193, 132
Trd, 4318129.443, 130
Trd, 4318129.893, 71
Trd, 4318131.793, 94
Trd, 4318132.693, 79
Trd, 4318133.143, 78
Trd, 4318134.743, 85
Trd, 4318136.543, 136
Trd, 4318137.693, 138
Trd, 4318137.893, 137
Trd, 4318138.293, 138
Trd, 4318138.643, 137
Trd, 4318139.343, 126
Trd, 4318139.443, 123
Trd, 4318140.543, 64
Trd, 4318141.943, 112
Trd, 4318142.043, 112
Trd, 4318143.593, 115
Trd, 4318143.743, 114
Trd, 4318143.793, 113
Trd, 4318144.193, 92
Trd, 4318144.893, 95
Trd, 4318147.743, 125
Trd, 4318147.893, 123
Trd, 4318148.793, 125
Trd, 4318149.243, 127
Trd, 4318149.643, 107
Trd, 4318150.543, 78
Trd, 4318150.643, 68
Trd, 4318152.943, 77
Trd, 4318152.993, 85
Trd, 4318153.393, 73
Trd, 4318155.443, 80
Trd, 4318155.693, 76
Trd, 4318157.293, 88
Trd, 4318157.693, 87
Trd, 4318158.043, 92
Trd, 4318158.243, 87
Trd, 4318158.393, 87
Trd, 4318158.593, 105
Trd, 4318159.143, 86
Trd, 4318161.493, 94
Trd, 4318162.793, 99
Trd, 4318163.343, 100
Trd, 4318164.143, 102
Trd, 4318165.943, 110
Trd, 4318166.393, 93
Trd, 4318166.793, 104
Trd, 4318166.893, 92
Trd, 4318167.493, 81
Trd, 4318168.843, 90
Trd, 4318169.393, 104
Trd, 4318170.443, 105
Trd, 4318170.693, 104
Trd, 4318170.993, 97
Trd, 4318171.693, 89
Trd, 4318172.493, 82
Trd, 4318173.093, 95
Trd, 4318174.793, 61
Trd, 4318176.493, 94
Trd, 4318177.043, 72
Trd, 4318177.093, 78
Trd, 4318177.243, 72
Trd, 4318177.793, 70
Trd, 4318177.843, 69
Trd, 4318180.843, 67
Trd, 4318181.043, 61
Trd, 4318181.543, 67
Trd, 4318182.893, 70
Trd, 4318184.043, 70
Trd, 4318185.093, 79
Trd, 4318185.643, 71
Trd, 4318187.843, 84
Trd, 4318188.693, 109
Trd, 4318189.043, 108
Trd, 4318189.343, 108
Trd, 4318189.743, 105
Trd, 4318189.793, 104
Trd, 4318190.793, 115
Trd, 4318191.943, 104
Trd, 4318192.393, 112
Trd, 4318192.493, 82
Trd, 4318197.743, 64
Trd, 4318197.993, 65
Trd, 4318198.843, 72
Trd, 4318199.793, 73
Trd, 4318201.193, 96
Trd, 4318202.593, 88
Trd, 4318203.193, 87
Trd, 4318203.343, 86
Trd, 4318204.943, 94
Trd, 4318205.393, 87
Trd, 4318205.693, 98
Trd, 4318205.993, 89
Trd, 4318206.193, 104
Trd, 4318206.343, 86
Trd, 4318207.543, 90
Trd, 4318209.243, 115
Trd, 4318211.143, 115
Trd, 4318211.443, 109
Trd, 4318211.593, 109
Trd, 4318212.443, 117
Trd, 4318212.843, 118
Trd, 4318216.193, 125
Trd, 4318216.643, 125
Trd, 4318217.043, 97
Trd, 4318217.493, 93
Trd, 4318217.693, 92
Trd, 4318219.993, 100
Trd, 4318220.593, 100
Trd, 4318223.693, 117
Trd, 4318223.743, 116
Trd, 4318223.893, 104
Trd, 4318224.393, 121
Trd, 4318224.493, 95
Trd, 4318225.693, 83
Trd, 4318226.143, 108
Trd, 4318226.393, 100
Trd, 4318226.993, 83
Trd, 4318227.543, 82
Trd, 4318228.093, 81
Trd, 4318228.843, 82
Trd, 4318228.943, 80
Trd, 4318229.493, 74
Trd, 4318229.943, 77
Trd, 4318229.993, 80
Trd, 4318234.143, 65
Trd, 4318234.643, 60
Trd, 4318236.543, 63
Trd, 4318239.093, 92
Trd, 4318239.643, 95
Trd, 4318239.743, 94
Trd, 4318241.243, 129
Trd, 4318241.293, 94
Trd, 4318241.393, 100
Trd, 4318241.693, 95
Trd, 4318243.343, 104
Trd, 4318244.193, 92
Trd, 4318244.943, 96
Trd, 4318245.243, 94
Trd, 4318245.293, 92
Trd, 4318245.443, 92
Trd, 4318245.743, 92
Trd, 4318248.093, 74
Trd, 4318249.243, 62
Trd, 4318249.743, 64
Trd, 4318252.643, 79
Trd, 4318253.443, 81
Trd, 4318253.493, 93
Trd, 4318255.493, 87
Trd, 4318255.643, 119
Trd, 4318257.043, 92
Trd, 4318257.493, 93
Trd, 4318258.243, 102
Trd, 4318258.593, 101
Trd, 4318259.493, 96
Trd, 4318260.393, 108
Trd, 4318260.993, 93
Trd, 4318261.893, 112
Trd, 4318263.243, 96
Trd, 4318263.993, 99
Trd, 4318264.743, 103
Trd, 4318264.893, 99
Trd, 4318264.943, 97
Trd, 4318265.843, 91
Trd, 4318268.993, 105
Trd, 4318270.293, 123
Trd, 4318270.343, 122
Trd, 4318270.843, 107
Trd, 4318270.993, 106
Trd, 4318271.593, 137
Trd, 4318271.743, 136
Trd, 4318275.843, 63
Trd, 4318276.293, 87
Trd, 4318277.393, 124
Trd, 4318277.693, 125
Trd, 4318277.743, 73
Trd, 4318278.793, 67
Trd, 4318280.543, 76
Trd, 4318280.993, 88
Trd, 4318281.093, 102
Trd, 4318281.693, 91
Trd, 4318283.193, 103
Trd, 4318283.643, 102
Trd, 4318283.743, 94
Trd, 4318284.443, 93
Trd, 4318284.893, 92
Trd, 4318285.893, 91
Trd, 4318287.393, 113
Trd, 4318288.943, 98
Trd, 4318288.993, 97
Trd, 4318289.043, 96
Trd, 4318291.693, 60
Trd, 4318292.193, 76
Trd, 4318293.643, 71
Trd, 4318293.793, 65
Trd, 4318295.493, 80
Trd, 4318295.943, 98
Trd, 4318296.093, 78
Trd, 4318296.843, 90
Trd, 4318297.593, 88
Trd, 4318299.093, 108
Trd, 4318300.143, 109
Trd, 4318300.343, 108
Trd, 4318300.643, 103
Trd, 4318302.093, 82
Trd, 4318304.243, 110
Trd, 4318305.593, 115
Trd, 4318306.193, 116
Trd, 4318306.793, 118
Trd, 4318307.743, 119
Trd, 4318308.093, 118
Trd, 4318308.643, 108
Trd, 4318308.793, 86
Trd, 4318309.093, 60
Trd, 4318312.093, 82
Trd, 4318312.543, 87
Trd, 4318313.493, 89
Trd, 4318314.093, 102
Trd, 4318314.643, 94
Trd, 4318314.843, 120
Trd, 4318314.993, 95
Trd, 4318315.843, 98
Trd, 4318317.593, 106
Trd, 4318317.893, 106
Trd, 4318319.343, 115
Trd, 4318319.543, 108
Trd, 4318319.643, 107
Trd, 4318321.393, 111
Trd, 4318321.793, 109
Trd, 4318322.143, 108
Trd, 4318322.543, 108
Trd, 4318322.993, 107
Trd, 4318323.043, 100
Trd, 4318323.943, 100
Trd, 4318325.343, 124
Trd, 4318325.943, 124
Trd, 4318327.593, 130
Trd, 4318328.293, 132
Trd, 4318329.193, 128
Trd, 4318329.743, 128
Trd, 4318330.193, 128
Trd, 4318330.943, 117
Trd, 4318330.993, 116
Trd, 4318331.093, 131
Trd, 4318332.093, 98
Trd, 4318332.843, 98
Trd, 4318333.493, 91
Trd, 4318335.293, 123
Trd, 4318335.343, 122
Trd, 4318335.843, 121
Trd, 4318336.593, 119
Trd, 4318337.243, 108
Trd, 4318337.593, 101
Trd, 4318337.743, 100
Trd, 4318338.493, 96
Trd, 4318338.693, 87
Trd, 4318340.243, 61
Trd, 4318341.693, 72
Trd, 4318341.893, 77
Trd, 4318343.093, 121
Trd, 4318344.343, 127
Trd, 4318344.743, 127
Trd, 4318345.893, 129
Trd, 4318345.993, 127
Trd, 4318346.793, 117
Trd, 4318346.993, 117
Trd, 4318347.093, 114
Trd, 4318347.443, 79
Trd, 4318349.893, 91
Trd, 4318350.193, 90
Trd, 4318350.793, 90
Trd, 4318350.993, 90
Trd, 4318351.393, 113
Trd, 4318352.493, 65
Trd, 4318355.643, 135
Trd, 4318355.693, 134
Trd, 4318356.843, 83
Trd, 4318357.693, 79
Trd, 4318357.893, 110
Trd, 4318358.343, 77
Trd, 4318361.143, 60
Trd, 4318361.293, 64
Trd, 4318362.943, 72
Trd, 4318363.043, 131
Trd, 4318364.943, 89
Trd, 4318364.993, 88
Trd, 4318365.393, 85
Trd, 4318366.293, 66
Trd, 4318368.293, 63
Trd, 4318369.993, 90
Trd, 4318370.043, 85
Trd, 4318370.193, 82
Trd, 4318371.543, 96
Trd, 4318372.593, 103
Trd, 4318372.893, 97
Trd, 4318373.293, 99
Trd, 4318375.243, 98
Trd, 4318376.993, 105
Trd, 4318378.493, 107
Trd, 4318378.943, 106
Trd, 4318380.393, 112
Trd, 4318381.293, 112
Trd, 4318381.543, 111
Trd, 4318382.093, 105
Trd, 4318382.443, 106
Trd, 4318382.843, 108
Trd, 4318382.993, 106
Trd, 4318385.743, 102
Trd, 4318385.843, 95
Trd, 4318386.743, 96
Trd, 4318387.793, 97
Trd, 4318388.793, 98
Trd, 4318389.193, 99
Trd, 4318389.443, 129
Trd, 4318390.343, 99
Trd, 4318391.293, 103
Trd, 4318391.493, 83
Trd, 4318391.793, 83
Trd, 4318394.393, 86
Trd, 4318395.193, 116
Trd, 4318395.443, 119
Trd, 4318396.843, 124
Trd, 4318398.943, 130
Trd, 4318399.343, 130
Trd, 4318399.543, 129
Trd, 4318400.843, 129
Trd, 4318400.893, 128
Trd, 4318401.743, 126
Trd, 4318402.593, 123
Trd, 4318402.943, 123
Trd, 4318403.393, 123
Trd, 4318403.493, 121
Trd, 4318403.893, 115
Trd, 4318405.443, 101
Trd, 4318406.643, 118
Trd, 4318407.593, 106
Trd, 4318407.943, 97
Trd, 4318408.043, 85
Trd, 4318408.493, 62
Trd, 4318410.543, 60
Trd, 4318412.793, 81
Trd, 4318413.243, 82
Trd, 4318413.593, 82
Trd, 4318414.093, 82
Trd, 4318416.893, 130
Trd, 4318417.093, 129
Trd, 4318417.143, 127
Trd, 4318417.343, 126
Trd, 4318417.593, 116
Trd, 4318418.743, 121
Trd, 4318419.143, 118
Trd, 4318419.393, 119
Trd, 4318419.643, 104
Trd, 4318419.893, 97
Trd, 4318420.493, 97
Trd, 4318421.243, 89
Trd, 4318423.643, 112
Trd, 4318424.643, 114
Trd, 4318424.893, 132
Trd, 4318425.743, 114
Trd, 4318427.093, 114
Trd, 4318427.943, 117
Trd, 4318428.843, 79
Trd, 4318429.043, 76
Trd, 4318429.143, 72
Trd, 4318431.543, 100
Trd, 4318431.793, 99
Trd, 4318432.293, 100
Trd, 4318432.393, 99
Trd, 4318433.693, 62
Trd, 4318434.443, 72
Trd, 4318436.143, 122
Trd, 4318437.193, 80
Trd, 4318437.443, 80
Trd, 4318439.843, 90
Trd, 4318440.593, 100
Trd, 4318440.643, 99
Trd, 4318441.543, 100
Trd, 4318442.843, 103
Trd, 4318443.143, 113
Trd, 4318443.343, 103
Trd, 4318445.693, 125
Trd, 4318446.093, 125
Trd, 4318446.443, 124
Trd, 4318446.693, 110
Trd, 4318447.393, 71
Trd, 4318447.843, 105
Trd, 4318450.093, 65
Trd, 4318451.093, 64
Trd, 4318453.493, 87
Trd, 4318453.593, 86
Trd, 4318453.793, 93
Trd, 4318454.443, 90
Trd, 4318455.743, 92
Trd, 4318456.243, 118
Trd, 4318456.693, 92
Trd, 4318457.093, 91
Trd, 4318459.443, 96
Trd, 4318460.293, 94
Trd, 4318460.443, 95
Trd, 4318461.343, 108
Trd, 4318464.143, 123
Trd, 4318464.443, 109
Trd, 4318465.693, 110
Trd, 4318466.293, 110
Trd, 4318466.393, 109
Trd, 4318467.043, 133
Trd, 4318467.343, 132
Trd, 4318468.293, 123
Trd, 4318470.193, 130
Trd, 4318471.043, 128
Trd, 4318471.093, 122
Trd, 4318471.243, 75
Trd, 4318471.893, 72
Trd, 4318473.793, 124
Trd, 4318474.593, 123
Trd, 4318474.693, 62
Trd, 4318476.443, 108
Trd, 4318476.843, 75
Trd, 4318477.393, 121
Trd, 4318477.593, 75
Trd, 4318478.443, 77
Trd, 4318479.143, 77
Trd, 4318479.743, 80
Trd, 4318480.443, 80
Trd, 4318484.143, 116
Trd, 4318484.293, 116
Trd, 4318485.143, 118
Trd, 4318485.693, 116
Trd, 4318486.243, 106
Trd, 4318486.593, 102
Trd, 4318487.993, 64
Trd, 4318489.693, 136
Trd, 4318489.843, 98
Trd, 4318489.893, 89
Trd, 4318489.993, 85
Trd, 4318491.643, 100
Trd, 4318492.543, 75
Trd, 4318493.143, 95
Trd, 4318493.543, 97
Trd, 4318494.143, 60
Trd, 4318497.043, 81
Trd, 4318497.343, 112
Trd, 4318498.043, 84
Trd, 4318499.693, 96
Trd, 4318500.343, 97
Trd, 4318501.693, 102
Trd, 4318502.093, 113
Trd, 4318503.293, 108
Trd, 4318503.443, 108
Trd, 4318503.843, 108
Trd, 4318504.293, 110
Trd, 4318506.643, 131
Trd, 4318506.843, 129
Trd, 4318507.143, 119
Trd, 4318508.443, 99
Trd, 4318508.843, 94
Trd, 4318508.943, 93
Trd, 4318509.893, 96
Trd, 4318510.843, 96
Trd, 4318512.243, 92
Trd, 4318512.743, 93
Trd, 4318513.343, 126
Trd, 4318513.743, 93
Trd, 4318514.943, 99
Trd, 4318515.893, 100
Trd, 4318517.743, 117
Trd, 4318517.893, 116
Trd, 4318518.693, 117
Trd, 4318518.993, 115
Trd, 4318519.543, 119
Trd, 4318520.043, 118
Trd, 4318520.593, 117
Trd, 4318521.093, 117
Trd, 4318521.393, 117
Trd, 4318523.543, 113
Trd, 4318523.793, 87
Trd, 4318524.593, 126
Trd, 4318525.293, 126
Trd, 4318525.593, 83
Trd, 4318526.993, 72
Trd, 4318529.893, 67
Trd, 4318529.943, 65
Trd, 4318530.643, 64
Trd, 4318530.893, 111
Trd, 4318532.643, 82
Trd, 4318533.293, 83
Trd, 4318533.993, 84
Trd, 4318535.443, 114
Trd, 4318535.493, 111
Trd, 4318536.443, 85
Trd, 4318536.993, 94
Trd, 4318537.743, 96
Trd, 4318538.443, 97
Trd, 4318538.593, 123
Trd, 4318538.943, 97
Trd, 4318542.043, 106
Trd, 4318542.393, 97
Trd, 4318544.443, 81
Trd, 4318545.293, 87
Trd, 4318545.943, 85
Trd, 4318546.993, 92
Trd, 4318547.093, 92
Trd, 4318547.293, 99
Trd, 4318548.243, 92
Trd, 4318549.043, 90
Trd, 4318549.743, 126
Trd, 4318550.693, 102
Trd, 4318551.393, 79
Trd, 4318552.993, 72
Trd, 4318554.243, 79
Trd, 4318554.443, 77
Trd, 4318554.893, 110
Trd, 4318555.943, 80
Trd, 4318557.793, 90
Trd, 4318558.143, 90
Trd, 4318559.243, 125
Trd, 4318559.543, 113
Trd, 4318560.543, 95
Trd, 4318561.693, 102
Trd, 4318562.193, 104
Trd, 4318563.393, 109
Trd, 4318563.443, 108
Trd, 4318564.043, 111
Trd, 4318564.643, 111
Trd, 4318565.043, 111
Trd, 4318566.543, 113
Trd, 4318566.893, 104
Trd, 4318567.543, 103
Trd, 4318568.393, 109
Trd, 4318568.493, 108
Trd, 4318569.293, 106
Trd, 4318569.893, 103
Trd, 4318571.943, 93
Trd, 4318572.743, 134
Trd, 4318573.043, 134
Trd, 4318573.143, 132
Trd, 4318574.193, 118
Trd, 4318574.593, 116
Trd, 4318576.443, 60
Trd, 4318577.943, 71
Trd, 4318578.093, 96
Trd, 4318578.693, 74
Trd, 4318579.393, 125
Trd, 4318579.693, 126
Trd, 4318579.843, 125
Trd, 4318581.643, 118
Trd, 4318581.943, 117
Trd, 4318582.243, 118
Trd, 4318583.343, 117
Trd, 4318583.843, 120
Trd, 4318584.593, 116
Trd, 4318585.193, 117
Trd, 4318585.843, 111
Trd, 4318586.943, 90
Trd, 4318587.193, 92
Trd, 4318587.493, 83
Trd, 4318590.543, 113
Trd, 4318590.743, 111
Trd, 4318590.793, 110
Trd, 4318591.343, 106
Trd, 4318591.443, 96
Trd, 4318593.693, 99
Trd, 4318595.093, 136
Trd, 4318595.593, 135
Trd, 4318598.293, 135
Trd, 4318598.693, 136
Trd, 4318599.143, 136
Trd, 4318599.293, 133
Trd, 4318599.643, 129
Trd, 4318600.193, 129
Trd, 4318601.643, 121
Trd, 4318602.893, 120
Trd, 4318604.143, 124
Trd, 4318604.493, 122
Trd, 4318605.343, 123
Trd, 4318606.843, 131
Trd, 4318607.793, 131
Trd, 4318608.393, 119
Trd, 4318608.493, 117
Trd, 4318609.643, 122
Trd, 4318609.693, 121
Trd, 4318611.043, 129
Trd, 4318611.443, 129
Trd, 4318611.793, 127
Trd, 4318612.043, 104
Trd, 4318612.643, 109
Trd, 4318612.893, 107
Trd, 4318616.493, 61
Trd, 4318616.643, 74
Trd, 4318617.593, 63
Trd, 4318617.943, 66
Trd, 4318618.393, 62
Trd, 4318619.243, 67
Trd, 4318620.993, 71
Trd, 4318621.743, 71
Trd, 4318622.693, 74
Trd, 4318622.893, 75
Trd, 4318624.043, 100
Trd, 4318624.943, 99
Trd, 4318626.643, 102
Trd, 4318627.093, 103
Trd, 4318627.543, 103
Trd, 4318627.843, 102
Trd, 4318628.043, 101
Trd, 4318629.193, 123
Trd, 4318629.693, 124
Trd, 4318630.293, 125
Trd, 4318631.893, 117
Trd, 4318632.593, 116
Trd, 4318633.243, 102
Trd, 4318635.993, 105
Trd, 4318636.243, 101
Trd, 4318636.493, 97
Trd, 4318638.243, 69
Trd, 4318639.093, 110
Trd, 4318639.543, 116
Trd, 4318641.293, 90
Trd, 4318642.393, 123
Trd, 4318643.143, 90
Trd, 4318643.493, 89
Trd, 4318643.943, 89
Trd, 4318644.493, 90
Trd, 4318645.043, 94
Trd, 4318646.293, 83
Trd, 4318646.443, 92
Trd, 4318648.643, 83
Trd, 4318648.993, 81
Trd, 4318649.193, 79
Trd, 4318651.043, 114
Trd, 4318651.793, 68
Trd, 4318652.543, 89
Trd, 4318655.043, 76
Trd, 4318655.743, 80
Trd, 4318655.793, 81
Trd, 4318656.993, 88
Trd, 4318657.343, 87
Trd, 4318659.193, 95
Trd, 4318659.893, 110
Trd, 4318660.843, 112
Trd, 4318662.893, 102
Trd, 4318663.043, 101
Trd, 4318663.343, 101
Trd, 4318664.393, 104
Trd, 4318664.493, 103
Trd, 4318666.343, 105
Trd, 4318667.943, 103
Trd, 4318667.993, 99
Trd, 4318668.143, 85
Trd, 4318668.343, 84
Trd, 4318669.893, 85
Trd, 4318670.493, 98
Trd, 4318673.043, 69
Trd, 4318673.743, 80
Trd, 4318674.293, 102
Trd, 4318674.993, 81
Trd, 4318676.643, 86
Trd, 4318677.193, 86
Trd, 4318677.943, 84
Trd, 4318678.043, 86
Trd, 4318678.543, 84
Trd, 4318679.243, 84
Trd, 4318681.443, 114
Trd, 4318682.343, 115
Trd, 4318682.743, 115
Trd, 4318683.193, 115
Trd, 4318683.843, 128
Trd, 4318683.943, 116
Trd, 4318684.093, 115
Trd, 4318684.643, 116
Trd, 4318686.093, 110
Trd, 4318686.993, 101
Trd, 4318687.293, 99
Trd, 4318687.743, 91
Trd, 4318689.993, 102
Trd, 4318691.393, 80
Trd, 4318692.493, 103
Trd, 4318692.793, 87
Trd, 4318693.793, 93
Trd, 4318694.593, 95
Trd, 4318696.043, 100
Trd, 4318696.543, 98
Trd, 4318697.893, 94
Trd, 4318698.943, 99
Trd, 4318699.943, 109
Trd, 4318700.193, 107
Trd, 4318701.043, 107
Trd, 4318703.743, 118
Trd, 4318703.843, 118
Trd, 4318704.093, 111
Trd, 4318704.143, 108
Trd, 4318704.393, 132
Trd, 4318705.693, 61
Trd, 4318706.593, 64
Trd, 4318707.643, 63
Trd, 4318708.493, 60
Trd, 4318709.243, 93
Trd, 4318709.393, 61
Trd, 4318710.293, 65
Trd, 4318710.593, 67
Trd, 4318712.243, 91
Trd, 4318712.593, 118
Trd, 4318712.943, 90
Trd, 4318714.293, 87
Trd, 4318714.743, 86
Trd, 4318715.893, 88
Trd, 4318716.543, 88
Trd, 4318716.843, 60
Trd, 4318717.793, 64
Trd, 4318719.693, 74
Trd, 4318720.943, 120
Trd, 4318721.343, 122
Trd, 4318722.293, 120
Trd, 4318723.893, 120
Trd, 4318723.943, 119
Trd, 4318724.043, 115
Trd, 4318724.443, 117
Trd, 4318725.443, 117
Trd, 4318726.343, 92
Trd, 4318727.043, 91
Trd, 4318728.043, 89
Trd, 4318729.443, 61
Trd, 4318730.293, 77
Trd, 4318730.643, 105
Trd, 4318731.543, 126
Trd, 4318732.043, 123
Trd, 4318732.293, 122
Trd, 4318732.793, 122
Trd, 4318733.093, 121
Trd, 4318733.743, 108
Trd, 4318734.293, 108
Trd, 4318736.993, 92
Trd, 4318737.043, 90
Trd, 4318737.143, 85
Trd, 4318738.293, 123
Trd, 4318739.893, 97
Trd, 4318740.493, 96
Trd, 4318741.943, 126
Trd, 4318742.793, 130
Trd, 4318742.943, 128
Trd, 4318743.543, 127
Trd, 4318743.693, 126
Trd, 4318744.043, 116
Trd, 4318744.343, 100
Trd, 4318744.493, 91
Trd, 4318746.093, 93
Trd, 4318746.343, 94
Trd, 4318746.443, 84
Trd, 4318748.093, 110
Trd, 4318748.843, 111
Trd, 4318749.443, 130
Trd, 4318749.693, 129
Trd, 4318751.093, 81
Trd, 4318751.143, 80
Trd, 4318751.543, 77
Trd, 4318752.143, 80
Trd, 4318752.893, 76
Trd, 4318753.393, 77
Trd, 4318755.343, 106
Trd, 4318756.243, 74
Trd, 4318758.193, 103
Trd, 4318758.693, 106
Trd, 4318759.393, 110
Trd, 4318759.893, 112
Trd, 4318760.843, 114
Trd, 4318760.943, 118
Trd, 4318761.443, 114
Trd, 4318762.093, 111
Trd, 4318762.343, 110
Trd, 4318763.043, 107
Trd, 4318763.593, 107
Trd, 4318767.293, 60
Trd, 4318767.793, 73
Trd, 4318768.143, 73
Trd, 4318769.443, 103
Trd, 4318769.543, 97
Trd, 4318770.493, 111
Trd, 4318770.543, 77
Trd, 4318771.093, 87
Trd, 4318771.143, 86
Trd, 4318773.543, 123
Trd, 4318774.093, 121
Trd, 4318774.393, 120
Trd, 4318774.593, 120
Trd, 4318774.693, 119
Trd, 4318774.943, 97
Trd, 4318775.243, 88
Trd, 4318777.593, 110
Trd, 4318777.943, 109
Trd, 4318778.893, 108
Trd, 4318781.793, 110
Trd, 4318782.143, 110
Trd, 4318782.593, 109
Trd, 4318783.293, 110
Trd, 4318783.393, 108
Trd, 4318784.043, 101
Trd, 4318784.293, 64
Trd, 4318785.393, 76
Trd, 4318786.593, 121
Trd, 4318788.143, 129
Trd, 4318788.843, 130
Trd, 4318789.293, 129
Trd, 4318790.693, 132
Trd, 4318791.293, 132
Trd, 4318791.693, 131
Trd, 4318792.743, 123
Trd, 4318792.793, 111
Trd, 4318792.993, 124
Trd, 4318793.243, 109
Trd, 4318793.893, 94
Trd, 4318794.393, 92
Trd, 4318797.193, 99
Trd, 4318797.393, 89
Trd, 4318798.043, 94
Trd, 4318799.693, 132
Trd, 4318799.793, 130
Trd, 4318800.693, 132
Trd, 4318801.943, 134
Trd, 4318802.393, 134
Trd, 4318803.093, 137
Trd, 4318803.143, 135
Trd, 4318803.393, 133
Trd, 4318804.243, 123
Trd, 4318804.493, 122
Trd, 4318804.743, 120
Trd, 4318805.643, 99
Trd, 4318806.593, 83
Trd, 4318807.743, 62
Trd, 4318809.643, 61
Trd, 4318809.943, 62
Trd, 4318811.093, 64
Trd, 4318811.243, 63
Trd, 4318812.943, 84
Trd, 4318813.593, 91
Trd, 4318814.293, 89
Trd, 4318815.043, 132
Trd, 4318815.143, 131
Trd, 4318815.443, 74
Trd, 4318815.793, 71
Trd, 4318816.443, 82
Trd, 4318817.893, 138
Trd, 4318819.243, 123
Trd, 4318819.743, 110
Trd, 4318820.993, 111
Trd, 4318821.543, 112
Trd, 4318822.343, 113
Trd, 4318822.993, 113
Trd, 4318824.043, 112
Trd, 4318824.143, 110
Trd, 4318826.043, 104
Trd, 4318826.243, 103
Trd, 4318826.493, 98
Trd, 4318826.593, 107
Trd, 4318826.943, 100
Trd, 4318828.743, 64
Trd, 4318829.443, 117
Trd, 4318829.843, 61
Trd, 4318831.093, 63
Trd, 4318834.343, 85
Trd, 4318835.743, 87
Trd, 4318835.843, 86
Trd, 4318836.593, 90
Trd, 4318836.793, 89
Trd, 4318837.693, 87
Trd, 4318840.393, 118
Trd, 4318841.193, 128
Trd, 4318841.343, 129
Trd, 4318841.693, 130
Trd, 4318841.993, 130
Trd, 4318843.193, 117
Trd, 4318843.593, 106
Trd, 4318845.743, 111
Trd, 4318846.243, 114
Trd, 4318846.943, 113
Trd, 4318847.343, 113
Trd, 4318847.593, 111
Trd, 4318847.843, 126
Trd, 4318848.043, 89
Trd, 4318848.643, 82
Trd, 4318850.293, 64
Trd, 4318850.793, 60
Trd, 4318853.343, 72
Trd, 4318854.493, 64
Trd, 4318854.693, 93
Trd, 4318854.743, 61
Trd, 4318855.443, 74
Trd, 4318855.993, 73
Trd, 4318858.193, 82
Trd, 4318858.243, 81
Trd, 4318860.243, 94
Trd, 4318861.843, 99
Trd, 4318864.343, 125
Trd, 4318864.993, 126
Trd, 4318865.093, 125
Trd, 4318866.043, 125
Trd, 4318866.243, 124
Trd, 4318867.143, 116
Trd, 4318867.293, 115
Trd, 4318867.543, 107
Trd, 4318867.593, 104
Trd, 4318870.593, 87
Trd, 4318870.893, 86
Trd, 4318871.343, 88
Trd, 4318871.393, 99
Trd, 4318872.243, 85
Trd, 4318873.093, 90
Trd, 4318873.193, 88
Trd, 4318874.093, 113
Trd, 4318874.743, 99
Trd, 4318875.193, 99
Trd, 4318876.393, 98
Trd, 4318877.743, 116
Trd, 4318878.743, 110
Trd, 4318879.493, 125
Trd, 4318879.993, 112
Trd, 4318880.843, 112
Trd, 4318881.993, 113
Trd, 4318884.343, 117
Trd, 4318884.893, 112
Trd, 4318886.993, 122
Trd, 4318887.243, 121
Trd, 4318889.143, 139
Trd, 4318889.693, 136
Trd, 4318890.143, 136
Trd, 4318890.443, 135
Trd, 4318891.643, 109
Trd, 4318892.443, 108
Trd, 4318892.643, 99
Trd, 4318893.343, 112
Trd, 4318893.743, 92
Trd, 4318894.393, 81
Trd, 4318894.843, 81
Trd, 4318896.243, 90
Trd, 4318897.093, 122
Trd, 4318897.193, 121
Trd, 4318898.543, 124
Trd, 4318899.193, 99
Trd, 4318899.243, 98
Trd, 4318901.093, 119
Trd, 4318901.943, 121
Trd, 4318902.693, 78
Trd, 4318903.993, 96
Trd, 4318904.443, 97
Trd, 4318906.243, 102
Trd, 4318906.493, 101
Trd, 4318906.943, 98
Trd, 4318907.443, 91
Trd, 4318907.793, 93
Trd, 4318907.843, 92
Trd, 4318908.093, 88
Trd, 4318913.943, 121
Trd, 4318914.093, 118
Trd, 4318914.493, 123
Trd, 4318914.893, 123
Trd, 4318915.443, 125
Trd, 4318916.393, 128
Trd, 4318916.993, 130
Trd, 4318917.943, 130
Trd, 4318918.043, 108
Trd, 4318918.943, 66
Trd, 4318920.293, 99
Trd, 4318921.593, 95
Trd, 4318923.043, 97
Trd, 4318923.093, 94
Trd, 4318924.743, 80
Trd, 4318925.393, 74
Trd, 4318925.943, 77
Trd, 4318926.543, 114
Trd, 4318927.743, 134
Trd, 4318928.593, 105
Trd, 4318929.543, 75
Trd, 4318931.393, 99
Trd, 4318931.643, 98
Trd, 4318933.193, 103
Trd, 4318933.543, 103
Trd, 4318934.093, 105
Trd, 4318934.393, 104
Trd, 4318935.893, 104
Trd, 4318936.893, 104
Trd, 4318937.143, 103
Trd, 4318937.743, 87
Trd, 4318939.593, 111
Trd, 4318939.793, 101
Trd, 4318939.843, 72
Trd, 4318941.393, 106
Trd, 4318941.493, 87
Trd, 4318941.793, 86
Trd, 4318942.093, 129
Trd, 4318943.443, 93
Trd, 4318944.193, 99
Trd, 4318944.643, 93
Trd, 4318944.993, 89
Trd, 4318947.643, 96
Trd, 4318947.793, 95
Trd, 4318948.543, 105
Trd, 4318948.793, 98
Trd, 4318949.343, 98
Trd, 4318950.193, 97
Trd, 4318950.343, 116
Trd, 4318950.493, 95
Trd, 4318950.793, 86
Trd, 4318953.493, 64
Trd, 4318955.543, 62
Trd, 4318957.743, 75
Trd, 4318958.093, 73
Trd, 4318958.243, 85
Trd, 4318958.793, 70
Trd, 4318960.443, 97
Trd, 4318960.743, 96
Trd, 4318961.043, 112
Trd, 4318961.893, 99
Trd, 4318962.093, 91
Trd, 4318962.893, 94
Trd, 4318964.093, 124
Trd, 4318965.293, 84
Trd, 4318965.543, 83
Trd, 4318966.593, 84
Trd, 4318966.793, 80
Trd, 4318967.793, 61
Trd, 4318969.493, 115
Trd, 4318969.993, 98
Trd, 4318970.593, 99
Trd, 4318971.593, 128
Trd, 4318971.943, 104
Trd, 4318973.593, 116
Trd, 4318974.193, 117
Trd, 4318976.393, 130
Trd, 4318976.843, 130
Trd, 4318977.293, 130
Trd, 4318977.543, 130
Trd, 4318977.943, 131
Trd, 4318978.743, 119
Trd, 4318979.693, 125
Trd, 4318979.843, 120
Trd, 4318980.143, 91
Trd, 4318980.193, 90
Trd, 4318981.393, 118
Trd, 4318982.593, 103
Trd, 4318983.043, 105
Trd, 4318983.643, 114
Trd, 4318984.493, 113
Trd, 4318985.043, 116
Trd, 4318987.043, 121
Trd, 4318987.143, 121
Trd, 4318987.643, 119
Trd, 4318988.143, 114
Trd, 4318989.593, 128
Trd, 4318989.843, 126
Trd, 4318990.093, 116
Trd, 4318990.393, 107
Trd, 4318990.593, 111
Trd, 4318992.443, 115
Trd, 4318992.543, 114
Trd, 4318992.743, 115
Trd, 4318994.143, 118
Trd, 4318994.343, 115
Trd, 4318994.893, 115
Trd, 4318995.143, 93
Trd, 4318996.993, 96
Trd, 4318997.693, 114
Trd, 4318997.743, 113
Trd, 4318997.893, 111
Trd, 4318998.543, 88
Trd, 4318999.093, 86
Trd, 4318999.593, 93
Trd, 4319001.693, 99
Trd, 4319002.093, 97
Trd, 4319003.593, 110
Trd, 4319004.143, 119
Trd, 4319004.343, 118
Trd, 4319004.393, 117
Trd, 4319004.493, 78
Trd, 4319006.443, 63
Trd, 4319007.043, 73
Trd, 4319007.193, 70
Trd, 4319008.443, 78
Trd, 4319009.043, 77
Trd, 4319010.143, 75
Trd, 4319010.243, 67
Trd, 4319011.043, 72
Trd, 4319011.193, 63
Trd, 4319012.543, 65
Trd, 4319013.193, 107
Trd, 4319014.193, 76
Trd, 4319015.393, 79
Trd, 4319015.743, 76
Trd, 4319016.443, 85
Trd, 4319018.193, 85
Trd, 4319019.243, 107
Trd, 4319019.693, 107
Trd, 4319019.743, 106
Trd, 4319020.643, 91
Trd, 4319020.793, 90
Trd, 4319021.593, 114
Trd, 4319022.543, 112
Trd, 4319022.593, 111
Trd, 4319022.993, 109
Trd, 4319026.193, 88
Trd, 4319026.643, 87
Trd, 4319027.993, 94
Trd, 4319028.443, 91
Trd, 4319029.593, 84
Trd, 4319029.743, 85
Trd, 4319029.793, 84
Trd, 4319033.493, 111
Trd, 4319036.243, 98
Trd, 4319036.543, 98
Trd, 4319036.593, 97
Trd, 4319036.643, 90
Trd, 4319037.143, 97
Trd, 4319038.443, 60
Trd, 4319039.293, 62
Trd, 4319039.793, 64
Trd, 4319039.993, 83
Trd, 4319040.943, 110
Trd, 4319042.243, 121
Trd, 4319043.743, 128
Trd, 4319045.443, 134
Trd, 4319045.493, 132
Trd, 4319045.593, 123
Trd, 4319045.943, 106
Trd, 4319047.293, 109
Trd, 4319047.343, 108
Trd, 4319047.693, 119
Trd, 4319048.343, 77
Trd, 4319048.743, 76
Trd, 4319049.893, 99
Trd, 4319053.543, 90
Trd, 4319054.243, 91
Trd, 4319054.293, 90
Trd, 4319055.193, 91
Trd, 4319055.893, 93
Trd, 4319056.143, 91
Trd, 4319057.643, 94
Trd, 4319057.743, 93
Trd, 4319058.743, 96
Trd, 4319059.293, 93
Trd, 4319059.343, 92
Trd, 4319060.693, 71
Trd, 4319062.593, 107
Trd, 4319063.443, 100
Trd, 4319063.693, 98
Trd, 4319065.493, 97
Trd, 4319065.643, 97
Trd, 4319065.743, 71
Trd, 4319068.293, 60
Trd, 4319070.893, 60
Trd, 4319071.493, 71
Trd, 4319071.993, 82
Trd, 4319072.393, 72
Trd, 4319072.593, 84
Trd, 4319073.443, 75
Trd, 4319073.893, 75
Trd, 4319075.293, 79
Trd, 4319075.493, 77
Trd, 4319077.143, 130
Trd, 4319077.493, 129
Trd, 4319079.593, 138
Trd, 4319079.893, 139
Trd, 4319080.143, 139
Trd, 4319080.243, 138
Trd, 4319080.393, 137
Trd, 4319081.193, 118
Trd, 4319082.993, 131
Trd, 4319083.193, 130
Trd, 4319085.093, 136
Trd, 4319085.143, 135
Trd, 4319085.343, 124
Trd, 4319086.693, 103
Trd, 4319087.943, 74
Trd, 4319088.643, 113
Trd, 4319088.693, 111
Trd, 4319091.093, 131
Trd, 4319093.093, 88
Trd, 4319093.243, 120
Trd, 4319093.343, 88
Trd, 4319094.093, 90
Trd, 4319094.193, 90
Trd, 4319094.293, 89
Trd, 4319095.893, 109
Trd, 4319097.593, 119
Trd, 4319097.893, 119
Trd, 4319098.343, 121
Trd, 4319098.993, 133
Trd, 4319099.043, 132
Trd, 4319099.243, 132
Trd, 4319099.793, 135
Trd, 4319100.643, 134
Trd, 4319103.043, 127
Trd, 4319103.193, 126
Trd, 4319103.293, 114
Trd, 4319103.443, 111
Trd, 4319104.893, 101
Trd, 4319105.493, 104
Trd, 4319105.543, 102
Trd, 4319106.193, 108
Trd, 4319106.593, 100
Trd, 4319107.943, 99
Trd, 4319109.893, 117
Trd, 4319110.743, 115
Trd, 4319111.193, 116
Trd, 4319111.843, 111
Trd, 4319112.343, 82
Trd, 4319112.993, 61
Trd, 4319114.843, 125
Trd, 4319115.193, 124
Trd, 4319115.243, 123
Trd, 4319115.693, 119
Trd, 4319117.193, 120
Trd, 4319117.343, 112
Trd, 4319118.593, 116
Trd, 4319119.493, 87
Trd, 4319120.193, 81
Trd, 4319121.293, 85
Trd, 4319121.993, 89
Trd, 4319122.393, 80
Trd, 4319123.743, 129
Trd, 4319124.193, 129
Trd, 4319124.243, 117
Trd, 4319124.943, 108
Trd, 4319125.243, 109
Trd, 4319125.743, 113
Trd, 4319126.393, 109
Trd, 4319128.693, 120
Trd, 4319128.893, 119
Trd, 4319129.743, 117
Trd, 4319129.843, 115
Trd, 4319130.543, 115
Trd, 4319130.743, 114
Trd, 4319131.543, 89
Trd, 4319132.793, 91
Trd, 4319133.843, 94
Trd, 4319134.043, 95
Trd, 4319134.343, 97
Trd, 4319134.493, 92
Trd, 4319135.393, 104
Trd, 4319137.293, 95
Trd, 4319137.643, 116
Trd, 4319138.593, 88
Trd, 4319139.143, 89
Trd, 4319141.243, 90
Trd, 4319141.293, 86
Trd, 4319141.393, 70
Trd, 4319141.693, 69
Trd, 4319144.193, 63
Trd, 4319145.393, 61
Trd, 4319146.593, 67
Trd, 4319146.993, 68
Trd, 4319147.243, 67
Trd, 4319149.293, 101
Trd, 4319150.593, 100
Trd, 4319150.693, 98
Trd, 4319150.993, 99
Trd, 4319151.593, 98
Trd, 4319154.093, 126
Trd, 4319154.243, 125
Trd, 4319154.643, 113
Trd, 4319154.793, 92
Trd, 4319155.743, 85
Trd, 4319155.943, 84
Trd, 4319158.843, 110
Trd, 4319159.193, 110
Trd, 4319159.943, 136
Trd, 4319160.193, 136
Trd, 4319161.143, 112
Trd, 4319163.643, 121
Trd, 4319164.043, 123
Trd, 4319164.193, 123
Trd, 4319165.193, 126
Trd, 4319165.643, 126
Trd, 4319166.543, 134
Trd, 4319167.843, 133
Trd, 4319168.193, 134
Trd, 4319168.793, 135
Trd, 4319168.943, 134
Trd, 4319169.043, 133
Trd, 4319170.443, 131
Trd, 4319171.043, 132
Trd, 4319171.893, 133
Trd, 4319172.693, 116
Trd, 4319173.193, 118
Trd, 4319174.043, 120
Trd, 4319174.393, 92
Trd, 4319174.443, 91
Trd, 4319175.693, 93
Trd, 4319176.693, 126
Trd, 4319178.593, 93
Trd, 4319178.693, 94
Trd, 4319178.943, 93
Trd, 4319179.793, 95
Trd, 4319180.243, 97
Trd, 4319180.443, 95
Trd, 4319180.893, 96
Trd, 4319181.393, 95
Trd, 4319182.393, 110
Trd, 4319183.293, 89
Trd, 4319183.543, 88
Trd, 4319184.143, 85
Trd, 4319184.443, 89
Trd, 4319184.743, 84
Trd, 4319184.793, 105
Trd, 4319189.043, 60
Trd, 4319189.443, 63
Trd, 4319189.743, 119
Trd, 4319190.043, 73
Trd, 4319190.593, 71
Trd, 4319191.393, 97
Trd, 4319191.843, 93
Trd, 4319192.443, 89
Trd, 4319192.743, 110
Trd, 4319193.593, 111
Trd, 4319193.693, 98
Trd, 4319194.893, 99
Trd, 4319197.093, 113
Trd, 4319197.193, 111
Trd, 4319197.643, 110
Trd, 4319197.943, 109
Trd, 4319200.693, 121
Trd, 4319201.393, 120
Trd, 4319201.943, 105
Trd, 4319202.293, 95
Trd, 4319203.093, 75
Trd, 4319203.943, 118
Trd, 4319205.293, 114
Trd, 4319205.843, 114
Trd, 4319205.943, 113
Trd, 4319206.043, 112
Trd, 4319206.393, 85
Trd, 4319209.793, 111
Trd, 4319209.943, 110
Trd, 4319210.293, 112
Trd, 4319211.593, 115
Trd, 4319211.743, 115
Trd, 4319212.143, 115
Trd, 4319213.443, 115
Trd, 4319214.643, 114
Trd, 4319215.143, 115
Trd, 4319217.193, 123
Trd, 4319217.293, 122
Trd, 4319217.943, 124
Trd, 4319218.793, 127
Trd, 4319218.893, 126
Trd, 4319221.293, 66
Trd, 4319221.543, 99
Trd, 4319222.993, 61
Trd, 4319223.143, 62
Trd, 4319224.143, 68
Trd, 4319225.893, 96
Trd, 4319225.993, 97
Trd, 4319226.093, 95
Trd, 4319226.993, 114
Trd, 4319227.693, 106
Trd, 4319227.893, 106
Trd, 4319229.543, 111
Trd, 4319229.793, 111
Trd, 4319230.243, 106
Trd, 4319231.043, 97
Trd, 4319231.743, 80
Trd, 4319232.243, 79
Trd, 4319232.843, 86
Trd, 4319233.293, 103
Trd, 4319234.393, 89
Trd, 4319236.243, 108
Trd, 4319237.743, 115
Trd, 4319237.943, 115
Trd, 4319238.193, 116
Trd, 4319238.393, 115
Trd, 4319239.093, 69
Trd, 4319240.943, 92
Trd, 4319242.493, 132
Trd, 4319242.543, 131
Trd, 4319243.693, 65
Trd, 4319243.893, 97
Trd, 4319245.143, 68
Trd, 4319248.843, 60
Trd, 4319249.343, 66
Trd, 4319250.093, 70
Trd, 4319250.193, 67
Trd, 4319251.793, 100
Trd, 4319253.943, 138
Trd, 4319255.293, 140
Trd, 4319256.343, 140
Trd, 4319257.743, 140
Trd, 4319257.793, 140
Trd, 4319258.893, 140
Trd, 4319259.243, 140
Trd, 4319260.193, 140
Trd, 4319260.243, 140
Trd, 4319260.693, 140
Trd, 4319260.943, 140
Trd, 4319261.543, 134
Trd, 4319263.493, 104
Trd, 4319263.743, 94
Trd, 4319264.493, 77
Trd, 4319264.743, 71
Trd, 4319265.043, 69
Trd, 4319266.493, 66
Trd, 4319267.043, 63
Trd, 4319268.243, 74
Trd, 4319268.593, 73
Trd, 4319270.943, 93
Trd, 4319271.843, 120
Trd, 4319273.343, 93
Trd, 4319274.793, 125
Trd, 4319274.993, 126
Trd, 4319275.343, 125
Trd, 4319276.143, 117
Trd, 4319277.243, 118
Trd, 4319277.893, 118
Trd, 4319277.943, 117
Trd, 4319278.293, 105
Trd, 4319278.793, 125
Trd, 4319280.343, 108
Trd, 4319281.343, 110
Trd, 4319281.643, 109
Trd, 4319281.693, 70
Trd, 4319284.143, 60
Trd, 4319284.993, 69
Trd, 4319286.843, 102
Trd, 4319288.493, 116
Trd, 4319289.243, 116
Trd, 4319289.393, 113
Trd, 4319289.893, 114
Trd, 4319290.743, 114
Trd, 4319290.993, 114
Trd, 4319291.093, 113
Trd, 4319291.393, 87
Trd, 4319295.243, 109
Trd, 4319295.593, 108
Trd, 4319296.843, 118
Trd, 4319296.893, 117
Trd, 4319297.543, 110
Trd, 4319298.143, 112
Trd, 4319298.193, 111
Trd, 4319298.593, 119
Trd, 4319299.593, 110
Trd, 4319300.593, 109
Trd, 4319300.993, 109
Trd, 4319301.443, 138
Trd, 4319302.493, 103
Trd, 4319304.493, 126
Trd, 4319306.043, 124
Trd, 4319306.543, 124
Trd, 4319307.093, 122
Trd, 4319307.243, 121
Trd, 4319308.743, 134
Trd, 4319309.843, 120
Trd, 4319310.143, 120
Trd, 4319311.043, 116
Trd, 4319311.393, 110
Trd, 4319312.043, 97
Trd, 4319312.293, 96
Trd, 4319313.693, 91
Trd, 4319313.793, 90
Trd, 4319314.893, 83
Trd, 4319314.993, 82
Trd, 4319317.193, 107
Trd, 4319318.093, 107
Trd, 4319318.343, 103
Trd, 4319320.193, 119
Trd, 4319321.843, 118
Trd, 4319322.543, 119
Trd, 4319322.643, 116
Trd, 4319323.343, 112
Trd, 4319323.643, 110
Trd, 4319325.293, 119
Trd, 4319325.393, 118
Trd, 4319326.543, 99
Trd, 4319327.443, 101
Trd, 4319328.643, 127
Trd, 4319328.743, 125
Trd, 4319329.143, 82
Trd, 4319330.143, 88
Trd, 4319330.293, 80
Trd, 4319333.243, 61
Trd, 4319333.543, 95
Trd, 4319333.943, 92
Trd, 4319335.493, 60
Trd, 4319336.443, 74
Trd, 4319337.293, 84
Trd, 4319338.393, 112
Trd, 4319339.193, 83
Trd, 4319339.493, 81
Trd, 4319339.943, 81
Trd, 4319342.143, 93
Trd, 4319342.793, 93
Trd, 4319342.893, 91
Trd, 4319343.343, 113
Trd, 4319344.493, 115
Trd, 4319345.393, 136
Trd, 4319345.943, 136
Trd, 4319346.593, 135
Trd, 4319346.993, 127
Trd, 4319347.193, 117
Trd, 4319347.643, 118
Trd, 4319347.893, 117
Trd, 4319348.293, 116
Trd, 4319350.543, 128
Trd, 4319351.043, 110
Trd, 4319351.943, 103
Trd, 4319352.843, 104
Trd, 4319352.893, 103
Trd, 4319353.393, 97
Trd, 4319354.493, 111
Trd, 4319354.543, 103
Trd, 4319355.093, 102
Trd, 4319356.843, 71
Trd, 4319359.493, 127
Trd, 4319359.543, 126
Trd, 4319359.893, 126
Trd, 4319359.993, 125
Trd, 4319362.143, 138
Trd, 4319362.193, 137
Trd, 4319362.743, 133
Trd, 4319363.493, 127
Trd, 4319364.093, 125
Trd, 4319365.643, 125
Trd, 4319365.693, 124
Trd, 4319366.643, 122
Trd, 4319366.993, 100
Trd, 4319368.093, 108
Trd, 4319368.593, 109
Trd, 4319369.543, 107
Trd, 4319369.843, 83
Trd, 4319371.143, 78
Trd, 4319372.493, 84
Trd, 4319373.943, 125
Trd, 4319374.793, 133
Trd, 4319375.643, 102
Trd, 4319376.293, 105
Trd, 4319376.343, 104
Trd, 4319376.743, 101
Trd, 4319377.793, 122
Trd, 4319379.643, 124
Trd, 4319380.293, 113
Trd, 4319380.343, 112
Trd, 4319383.243, 62
Trd, 4319383.693, 112
Trd, 4319383.843, 112
Trd, 4319384.093, 111
Trd, 4319384.243, 105
Trd, 4319385.193, 106
Trd, 4319386.693, 61
Trd, 4319387.993, 122
Trd, 4319388.093, 121
Trd, 4319388.543, 121
Trd, 4319389.193, 124
Trd, 4319389.343, 124
Trd, 4319390.143, 124
Trd, 4319391.643, 127
Trd, 4319391.743, 126
Trd, 4319392.493, 128
Trd, 4319393.343, 115
Trd, 4319394.143, 86
Trd, 4319395.493, 82
Trd, 4319396.893, 105
Trd, 4319398.443, 118
Trd, 4319399.943, 124
Trd, 4319400.443, 123
Trd, 4319401.243, 123
Trd, 4319401.543, 121
Trd, 4319401.593, 120
Trd, 4319401.743, 109
Trd, 4319402.493, 60
Trd, 4319404.243, 66
Trd, 4319404.743, 67
Trd, 4319405.943, 80
Trd, 4319406.543, 96
Trd, 4319406.893, 73
Trd, 4319410.543, 117
Trd, 4319411.093, 119
Trd, 4319411.443, 120
Trd, 4319411.643, 120
Trd, 4319412.243, 123
Trd, 4319412.893, 125
Trd, 4319413.993, 126
Trd, 4319414.493, 126
Trd, 4319414.943, 125
Trd, 4319415.693, 115
Trd, 4319416.493, 116
Trd, 4319416.543, 105
Trd, 4319416.793, 86
Trd, 4319418.743, 64
Trd, 4319421.443, 80
Trd, 4319422.043, 81
Trd, 4319422.143, 77
Trd, 4319422.343, 107
Trd, 4319423.393, 82
Trd, 4319423.843, 82
Trd, 4319424.293, 82
Trd, 4319424.943, 99
Trd, 4319425.943, 98
Trd, 4319428.743, 109
Trd, 4319429.793, 111
Trd, 4319430.143, 124
Trd, 4319430.243, 111
Trd, 4319430.343, 110
Trd, 4319430.443, 64
Trd, 4319433.693, 99
Trd, 4319434.343, 87
Trd, 4319434.793, 86
Trd, 4319435.943, 96
Trd, 4319436.543, 96
Trd, 4319438.993, 107
Trd, 4319439.293, 107
Trd, 4319439.893, 112
Trd, 4319442.043, 117
Trd, 4319442.093, 116
Trd, 4319442.293, 117
Trd, 4319442.493, 116
Trd, 4319442.943, 118
Trd, 4319443.143, 111
Trd, 4319446.693, 63
Trd, 4319448.493, 63
Trd, 4319448.593, 105
Trd, 4319450.293, 68
Trd, 4319450.593, 68
Trd, 4319451.893, 69
Trd, 4319452.843, 81
Trd, 4319453.093, 87
Trd, 4319453.493, 89
Trd, 4319454.943, 95
Trd, 4319455.493, 92
Trd, 4319456.293, 94
Trd, 4319456.943, 97
Trd, 4319458.693, 99
Trd, 4319459.143, 98
Trd, 4319459.993, 102
Trd, 4319460.543, 125
Trd, 4319460.593, 124
Trd, 4319462.643, 111
Trd, 4319462.793, 110
Trd, 4319462.893, 106
Trd, 4319463.393, 105
Trd, 4319463.693, 104
Trd, 4319465.443, 82
Trd, 4319465.543, 83
Trd, 4319468.543, 81
Trd, 4319468.593, 84
Trd, 4319468.693, 107
Trd, 4319469.293, 73
Trd, 4319471.793, 108
Trd, 4319472.493, 109
Trd, 4319473.193, 112
Trd, 4319474.143, 124
Trd, 4319474.843, 116
Trd, 4319475.543, 117
Trd, 4319475.993, 120
Trd, 4319476.293, 118
Trd, 4319477.993, 119
Trd, 4319478.593, 118
Trd, 4319479.643, 112
Trd, 4319480.093, 113
Trd, 4319480.293, 114
Trd, 4319481.593, 113
Trd, 4319482.293, 109
Trd, 4319483.393, 117
Trd, 4319483.493, 116
Trd, 4319483.943, 115
Trd, 4319484.943, 106
Trd, 4319486.093, 106
Trd, 4319486.343, 76
Trd, 4319486.743, 95
Trd, 4319487.343, 127
Trd, 4319487.943, 126
Trd, 4319488.643, 116
Trd, 4319488.793, 105
Trd, 4319488.943, 94
Trd, 4319489.543, 86
Trd, 4319492.143, 118
Trd, 4319492.993, 119
Trd, 4319493.743, 119
Trd, 4319494.643, 119
Trd, 4319495.543, 123
Trd, 4319496.143, 118
Trd, 4319496.293, 112
Trd, 4319496.693, 112
Trd, 4319496.843, 111
Trd, 4319497.093, 110
Trd, 4319498.443, 70
Trd, 4319499.393, 65
Trd, 4319499.643, 68
Trd, 4319500.143, 60
Trd, 4319500.643, 110
Trd, 4319503.693, 87
Trd, 4319504.343, 90
Trd, 4319505.393, 92
Trd, 4319505.493, 92
Trd, 4319505.943, 91
Trd, 4319506.543, 92
Trd, 4319507.343, 102
Trd, 4319507.543, 101
Trd, 4319507.843, 97
Trd, 4319509.843, 60
Trd, 4319510.943, 109
Trd, 4319512.693, 114
Trd, 4319513.643, 118
Trd, 4319513.693, 117
Trd, 4319514.393, 114
Trd, 4319515.143, 114
Trd, 4319517.243, 116
Trd, 4319517.743, 113
Trd, 4319520.693, 120
Trd, 4319521.243, 120
Trd, 4319522.493, 125
Trd, 4319523.143, 126
Trd, 4319523.243, 125
Trd, 4319523.493, 120
Trd, 4319524.493, 117
Trd, 4319525.793, 127
Trd, 4319526.193, 118
Trd, 4319526.293, 93
Trd, 4319526.743, 65
Trd, 4319528.043, 81
Trd, 4319528.893, 99
Trd, 4319529.093, 98
Trd, 4319529.343, 79
Trd, 4319529.593, 78
Trd, 4319531.193, 88
Trd, 4319531.843, 119
Trd, 4319532.843, 99
Trd, 4319533.043, 95
Trd, 4319533.393, 94
Trd, 4319534.143, 94
Trd, 4319535.343, 92
Trd, 4319538.393, 86
Trd, 4319538.443, 85
Trd, 4319539.243, 85
Trd, 4319539.493, 84
Trd, 4319539.593, 78
Trd, 4319540.493, 93
Trd, 4319540.593, 92
Trd, 4319541.643, 87
Trd, 4319541.843, 72
Trd, 4319543.143, 70
Trd, 4319544.593, 140
Trd, 4319545.843, 140
Trd, 4319545.893, 140
Trd, 4319545.943, 140
Trd, 4319545.993, 137
Trd, 4319547.443, 89
Trd, 4319547.693, 89
Trd, 4319550.093, 78
Trd, 4319551.593, 96
Trd, 4319551.793, 79
Trd, 4319552.043, 79
Trd, 4319552.443, 84
Trd, 4319552.943, 81
Trd, 4319553.293, 79
Trd, 4319555.593, 83
Trd, 4319556.793, 86
Trd, 4319558.093, 94
Trd, 4319558.293, 94
Trd, 4319558.693, 90
Trd, 4319560.093, 82
Trd, 4319560.393, 90
Trd, 4319561.143, 91
Trd, 4319561.443, 81
Trd, 4319563.093, 68
Trd, 4319564.393, 124
Trd, 4319564.793, 124
Trd, 4319565.143, 111
Trd, 4319565.943, 107
Trd, 4319566.443, 115
Trd, 4319566.943, 81
Trd, 4319567.543, 72
Trd, 4319568.793, 96
Trd, 4319569.493, 96
Trd, 4319571.043, 81
Trd, 4319571.693, 82
Trd, 4319572.093, 82
Trd, 4319572.543, 84
Trd, 4319573.143, 100
Trd, 4319573.343, 95
Trd, 4319573.693, 95
Trd, 4319574.043, 83
Trd, 4319574.493, 124
Trd, 4319575.143, 117
Trd, 4319577.243, 118
Trd, 4319577.893, 121
Trd, 4319578.693, 121
Trd, 4319579.443, 123
Trd, 4319580.143, 119
Trd, 4319580.393, 115
Trd, 4319581.143, 117
Trd, 4319583.193, 129
Trd, 4319583.243, 117
Trd, 4319583.543, 91
Trd, 4319584.793, 62
Trd, 4319587.193, 126
Trd, 4319587.343, 125
Trd, 4319588.193, 78
Trd, 4319588.893, 91
Trd, 4319590.293, 84
Trd, 4319590.843, 84
Trd, 4319591.243, 83
Trd, 4319591.693, 72
Trd, 4319592.443, 85
Trd, 4319592.793, 83
Trd, 4319592.843, 69
Trd, 4319594.293, 98
Trd, 4319595.993, 94
Trd, 4319596.143, 93
Trd, 4319597.293, 95
Trd, 4319597.343, 94
Trd, 4319597.843, 81
Trd, 4319598.143, 114
Trd, 4319599.343, 89
Trd, 4319600.693, 93
Trd, 4319600.793, 92
Trd, 4319601.543, 94
Trd, 4319602.193, 98
Trd, 4319603.143, 97
Trd, 4319603.893, 99
Trd, 4319605.393, 98
Trd, 4319605.643, 132
Trd, 4319606.643, 110
Trd, 4319606.893, 101
Trd, 4319608.893, 101
Trd, 4319609.193, 95
Trd, 4319610.393, 96
Trd, 4319610.993, 95
Trd, 4319611.493, 94
Trd, 4319612.543, 95
Trd, 4319613.643, 107
Trd, 4319614.743, 99
Trd, 4319614.993, 97
Trd, 4319615.693, 82
Trd, 4319616.793, 82
Trd, 4319617.143, 78
Trd, 4319617.993, 102
Trd, 4319618.543, 87
Trd, 4319619.893, 91
Trd, 4319621.343, 116
Trd, 4319622.243, 93
Trd, 4319622.493, 92
Trd, 4319623.243, 116
Trd, 4319624.093, 117
Trd, 4319625.043, 120
Trd, 4319625.943, 120
Trd, 4319627.093, 122
Trd, 4319627.443, 120
Trd, 4319627.543, 118
Trd, 4319628.593, 105
Trd, 4319629.693, 119
Trd, 4319631.343, 121
Trd, 4319632.643, 132
Trd, 4319633.343, 123
Trd, 4319633.393, 121
Trd, 4319633.543, 113
Trd, 4319633.943, 104
Trd, 4319634.293, 103
Trd, 4319635.443, 108
Trd, 4319635.843, 108
Trd, 4319636.243, 107
Trd, 4319636.743, 121
Trd, 4319638.343, 98
Trd, 4319639.193, 89
Trd, 4319639.843, 87
Trd, 4319641.343, 84
Trd, 4319642.493, 93
Trd, 4319643.493, 104
Trd, 4319643.593, 91
Trd, 4319644.593, 118
Trd, 4319644.843, 97
Trd, 4319647.243, 116
Trd, 4319647.343, 115
Trd, 4319648.643, 113
Trd, 4319648.893, 105
Trd, 4319649.493, 107
Trd, 4319649.643, 108
Trd, 4319649.893, 107
Trd, 4319650.043, 105
Trd, 4319651.343, 100
Trd, 4319651.943, 101
Trd, 4319653.443, 107
Trd, 4319654.243, 107
Trd, 4319654.493, 106
Trd, 4319656.093, 109
Trd, 4319656.243, 109
Trd, 4319656.543, 129
Trd, 4319657.793, 111
Trd, 4319657.993, 108
Trd, 4319659.443, 140
Trd, 4319659.793, 140
Trd, 4319659.893, 118
Trd, 4319661.043, 109
Trd, 4319661.093, 108
Trd, 4319662.443, 61
Trd, 4319663.693, 109
Trd, 4319665.643, 126
Trd, 4319666.593, 133
Trd, 4319668.143, 137
Trd, 4319668.193, 136
Trd, 4319669.093, 138
Trd, 4319669.243, 137
Trd, 4319669.643, 124
Trd, 4319670.143, 114
Trd, 4319670.293, 113
Trd, 4319670.793, 91
Trd, 4319672.693, 66
Trd, 4319673.393, 62
Trd, 4319674.543, 66
Trd, 4319676.143, 126
Trd, 4319677.643, 131
Trd, 4319677.993, 132
Trd, 4319678.443, 131
Trd, 4319678.593, 130
Trd, 4319678.893, 119
Trd, 4319679.393, 117
Trd, 4319680.193, 106
Trd, 4319680.593, 81
Trd, 4319680.743, 104
Trd, 4319681.743, 118
Trd, 4319682.593, 119
Trd, 4319683.993, 111
Trd, 4319684.193, 102
Trd, 4319685.743, 117
Trd, 4319685.843, 111
Trd, 4319685.893, 111
Trd, 4319686.493, 110
Trd, 4319687.743, 118
Trd, 4319689.243, 118
Trd, 4319689.443, 118
Trd, 4319691.243, 123
Trd, 4319692.443, 123
Trd, 4319693.143, 123
Trd, 4319695.693, 139
Trd, 4319696.143, 140
Trd, 4319697.743, 140
Trd, 4319697.893, 140
Trd, 4319698.193, 140
Trd, 4319698.643, 127
Trd, 4319699.993, 131
Trd, 4319700.393, 131
Trd, 4319701.093, 125
Trd, 4319701.693, 125
Trd, 4319702.893, 126
Trd, 4319703.243, 128
Trd, 4319703.593, 126
Trd, 4319703.843, 126
Trd, 4319705.343, 62
Trd, 4319706.493, 61
Trd, 4319706.743, 61
Trd, 4319707.843, 75
Trd, 4319707.943, 96
Trd, 4319708.493, 78
Trd, 4319708.643, 77
Trd, 4319708.843, 74
Trd, 4319709.643, 60
Trd, 4319709.893, 70
Trd, 4319712.393, 68
Trd, 4319712.693, 70
Trd, 4319713.043, 70
Trd, 4319713.393, 70
Trd, 4319714.093, 98
Trd, 4319714.893, 80
Trd, 4319714.943, 88
Trd, 4319714.993, 77
Trd, 4319718.693, 97
Trd, 4319719.043, 99
Trd, 4319719.243, 98
Trd, 4319719.393, 98
Trd, 4319719.693, 97
Trd, 4319720.293, 100
Trd, 4319720.543, 99
Trd, 4319720.943, 119
Trd, 4319721.643, 100
Trd, 4319722.643, 118
Trd, 4319724.043, 108
Trd, 4319724.543, 110
Trd, 4319724.693, 107
Trd, 4319726.043, 111
Trd, 4319727.693, 115
Trd, 4319728.093, 113
Trd, 4319728.293, 102
Trd, 4319729.643, 72
Trd, 4319731.093, 78
Trd, 4319731.843, 80
Trd, 4319732.393, 122
Trd, 4319733.043, 123
Trd, 4319733.543, 122
Trd, 4319733.643, 121
Trd, 4319735.593, 123
Trd, 4319735.643, 122
Trd, 4319737.043, 110
Trd, 4319738.193, 110
Trd, 4319738.743, 110
Trd, 4319739.843, 113
Trd, 4319740.343, 111
Trd, 4319740.943, 92
Trd, 4319741.243, 97
Trd, 4319742.043, 88
Trd, 4319742.993, 61
Trd, 4319743.693, 83
Trd, 4319744.843, 64
Trd, 4319745.943, 64
Trd, 4319748.143, 73
Trd, 4319748.293, 92
Trd, 4319749.943, 118
Trd, 4319750.293, 94
Trd, 4319750.443, 94
Trd, 4319751.493, 109
Trd, 4319751.593, 107
Trd, 4319752.993, 113
Trd, 4319754.043, 113
Trd, 4319754.943, 114
Trd, 4319755.243, 113
Trd, 4319755.743, 113
Trd, 4319757.443, 115
Trd, 4319758.593, 125
Trd, 4319759.443, 126
Trd, 4319759.843, 132
Trd, 4319760.293, 133
Trd, 4319760.943, 132
Trd, 4319761.393, 131
Trd, 4319762.543, 123
Trd, 4319763.193, 125
Trd, 4319763.343, 123
Trd, 4319763.593, 122
Trd, 4319763.893, 103
Trd, 4319764.543, 84
Trd, 4319764.743, 62
Trd, 4319767.593, 93
Trd, 4319768.143, 72
Trd, 4319768.193, 71
Trd, 4319771.143, 111
Trd, 4319771.593, 112
Trd, 4319771.843, 111
Trd, 4319772.243, 112
Trd, 4319772.993, 102
Trd, 4319774.493, 112
Trd, 4319775.143, 113
Trd, 4319775.843, 114
Trd, 4319776.243, 113
Trd, 4319776.493, 112
Trd, 4319776.893, 107
Trd, 4319779.543, 128
Trd, 4319779.593, 127
Trd, 4319779.893, 127
Trd, 4319780.543, 127
Trd, 4319780.593, 125
Trd, 4319781.543, 125
Trd, 4319782.043, 114
Trd, 4319782.243, 113
Trd, 4319784.093, 118
Trd, 4319784.543, 84
Trd, 4319785.143, 79
Trd, 4319786.643, 99
Trd, 4319786.943, 82
Trd, 4319787.693, 85
Trd, 4319787.943, 90
Trd, 4319790.243, 111
Trd, 4319790.743, 112
Trd, 4319791.393, 113
Trd, 4319791.443, 111
Trd, 4319791.543, 109
Trd, 4319791.643, 108
Trd, 4319792.993, 62
Trd, 4319794.143, 61
Trd, 4319795.243, 83
Trd, 4319795.343, 85
Trd, 4319795.543, 92
Trd, 4319795.593, 76
Trd, 4319797.043, 61
Trd, 4319798.343, 70
Trd, 4319799.443, 78
Trd, 4319799.743, 78
Trd, 4319800.243, 79
Trd, 4319802.043, 121
Trd, 4319802.793, 124
Trd, 4319803.743, 124
Trd, 4319804.043, 123
Trd, 4319804.143, 76
Trd, 4319804.743, 75
Trd, 4319805.043, 107
Trd, 4319806.493, 84
Trd, 4319806.643, 83
Trd, 4319808.143, 85
Trd, 4319808.993, 86
Trd, 4319809.343, 81
Trd, 4319809.543, 79
Trd, 4319810.243, 75
Trd, 4319812.043, 103
Trd, 4319812.243, 101
Trd, 4319812.743, 102
Trd, 4319813.743, 107
Trd, 4319814.293, 103
Trd, 4319815.693, 108
Trd, 4319815.893, 108
Trd, 4319816.193, 109
Trd, 4319816.343, 107
Trd, 4319816.743, 92
Trd, 4319817.343, 94
Trd, 4319818.493, 99
Trd, 4319818.543, 94
Trd, 4319819.043, 81
Trd, 4319820.593, 134
Trd, 4319821.243, 136
Trd, 4319821.293, 135
Trd, 4319821.343, 133
Trd, 4319822.693, 83
Trd, 4319824.793, 61
Trd, 4319827.343, 100
Trd, 4319827.993, 91
Trd, 4319828.343, 115
Trd, 4319828.543, 115
Trd, 4319829.293, 132
Trd, 4319829.543, 110
Trd, 4319829.943, 86
Trd, 4319831.243, 109
Trd, 4319832.193, 100
Trd, 4319833.443, 103
Trd, 4319833.493, 102
Trd, 4319835.443, 99
Trd, 4319836.693, 104
Trd, 4319837.193, 117
Trd, 4319837.693, 103
Trd, 4319838.243, 104
Trd, 4319839.643, 116
Trd, 4319839.693, 107
Trd, 4319840.543, 98
Trd, 4319841.343, 87
Trd, 4319841.393, 84
Trd, 4319844.493, 95
Trd, 4319845.693, 94
Trd, 4319845.943, 95
Trd, 4319847.143, 115
Trd, 4319847.943, 114
Trd, 4319849.293, 113
Trd, 4319849.843, 102
Trd, 4319850.393, 103
Trd, 4319851.293, 104
Trd, 4319852.693, 106
Trd, 4319852.893, 105
Trd, 4319854.493, 125
Trd, 4319854.743, 124
Trd, 4319855.343, 101
Trd, 4319855.493, 98
Trd, 4319856.493, 68
Trd, 4319857.743, 67
Trd, 4319859.743, 99
Trd, 4319860.743, 81
Trd, 4319860.793, 71
Trd, 4319861.193, 74
Trd, 4319862.293, 104
Trd, 4319862.743, 103
Trd, 4319863.243, 86
Trd, 4319863.443, 84
Trd, 4319865.543, 109
Trd, 4319865.893, 108
Trd, 4319867.893, 98
Trd, 4319868.693, 98
Trd, 4319868.843, 118
Trd, 4319869.143, 123
Trd, 4319869.843, 122
Trd, 4319871.443, 105
Trd, 4319871.543, 102
Trd, 4319873.043, 75
Trd, 4319875.093, 114
Trd, 4319875.393, 113
Trd, 4319876.043, 114
Trd, 4319876.643, 115
Trd, 4319876.993, 123
Trd, 4319878.643, 123
Trd, 4319879.493, 125
Trd, 4319880.993, 132
Trd, 4319881.493, 126
Trd, 4319881.893, 102
Trd, 4319882.243, 87
Trd, 4319882.643, 107
Trd, 4319883.893, 87
Trd, 4319884.443, 81
Trd, 4319884.693, 86
Trd, 4319886.193, 112
Trd, 4319887.943, 121
Trd, 4319888.643, 125
Trd, 4319889.243, 125
Trd, 4319890.293, 126
Trd, 4319890.693, 126
Trd, 4319890.993, 125
Trd, 4319891.243, 118
Trd, 4319892.893, 99
Trd, 4319893.243, 100
Trd, 4319894.043, 99
Trd, 4319894.243, 99
Trd, 4319895.143, 100
Trd, 4319895.743, 100
Trd, 4319896.493, 116
Trd, 4319899.043, 116
Trd, 4319899.443, 115
Trd, 4319899.593, 113
Trd, 4319899.843, 112
Trd, 4319901.193, 91
Trd, 4319901.393, 118
Trd, 4319902.493, 92
Trd, 4319906.143, 109
Trd, 4319906.243, 108
Trd, 4319906.543, 110
Trd, 4319907.643, 113
Trd, 4319908.343, 113
Trd, 4319909.593, 117
Trd, 4319909.943, 118
Trd, 4319911.343, 84
Trd, 4319911.843, 82
Trd, 4319912.293, 81
Trd, 4319914.393, 61
Trd, 4319914.693, 61
Trd, 4319916.393, 64
Trd, 4319916.443, 65
Trd, 4319918.093, 65
Trd, 4319919.043, 70
Trd, 4319919.143, 81
Trd, 4319920.293, 78
Trd, 4319920.643, 80
Trd, 4319921.493, 87
Trd, 4319922.293, 80
Trd, 4319923.043, 105
Trd, 4319923.393, 87
Trd, 4319924.093, 89
Trd, 4319925.193, 92
Trd, 4319926.543, 91
Trd, 4319927.743, 122
Trd, 4319928.193, 123
Trd, 4319928.393, 124
Trd, 4319928.543, 122
Trd, 4319928.843, 122
Trd, 4319929.193, 122
Trd, 4319929.243, 121
Trd, 4319930.543, 116
Trd, 4319930.993, 131
Trd, 4319931.343, 104
Trd, 4319932.143, 106
Trd, 4319933.443, 101
Trd, 4319933.693, 100
Trd, 4319933.743, 85
Trd, 4319934.793, 75
Trd, 4319935.593, 70
Trd, 4319937.493, 78
Trd, 4319937.593, 77
Trd, 4319937.793, 72
Trd, 4319939.143, 95
Trd, 4319939.993, 123
Trd, 4319940.843, 123
Trd, 4319941.393, 123
Trd, 4319941.543, 122
Trd, 4319941.693, 114
Trd, 4319943.843, 93
Trd, 4319944.393, 94
Trd, 4319945.343, 99
Trd, 4319946.193, 110
Trd, 4319946.793, 97
Trd, 4319947.693, 85
Trd, 4319947.943, 85
Trd, 4319948.643, 115
Trd, 4319948.793, 87
Trd, 4319949.893, 85
Trd, 4319951.243, 76
Trd, 4319952.893, 64
Trd, 4319954.993, 76
Trd, 4319955.043, 73
Trd, 4319955.943, 89
Trd, 4319956.043, 72
Trd, 4319956.593, 83
Trd, 4319957.043, 74
Trd, 4319958.643, 85
Trd, 4319959.693, 110
Trd, 4319960.393, 108
Trd, 4319961.093, 88
Trd, 4319961.393, 104
Trd, 4319961.643, 90
Trd, 4319963.343, 96
Trd, 4319963.793, 101
Trd, 4319964.893, 100
Trd, 4319966.693, 103
Trd, 4319966.743, 114
Trd, 4319968.493, 111
Trd, 4319969.143, 115
Trd, 4319969.243, 114
Trd, 4319970.643, 116
Trd, 4319970.743, 116
Trd, 4319970.993, 106
Trd, 4319971.143, 78
Trd, 4319973.393, 112
Trd, 4319973.643, 95
Trd, 4319973.843, 91
Trd, 4319974.243, 94
Trd, 4319975.843, 84
Trd, 4319976.543, 85
Trd, 4319976.893, 80
Trd, 4319978.743, 87
Trd, 4319979.143, 88
Trd, 4319979.993, 100
Trd, 4319980.693, 96
Trd, 4319982.443, 111
Trd, 4319982.543, 111
Trd, 4319982.793, 109
Trd, 4319983.443, 126
Trd, 4319984.243, 126
Trd, 4319985.793, 127
Trd, 4319987.443, 131
Trd, 4319987.543, 130
Trd, 4319989.643, 137
Trd, 4319989.793, 136
Trd, 4319990.293, 136
Trd, 4319991.143, 136
Trd, 4319991.593, 138
Trd, 4319991.893, 136
Trd, 4319992.193, 135
Trd, 4319993.143, 124
Trd, 4319993.843, 111
Trd, 4319995.243, 102
Trd, 4319995.643, 102
Trd, 4319996.943, 105
Trd, 4319999.143, 115
Trd, 4319999.193, 113
