Trd, 4318110.543, 140
Trd, 4318111.493, 140
Trd, 4318111.943, 138
Trd, 4318112.893, 140
Trd, 4318113.043, 139
Trd, 4318113.943, 134
Trd, 4318114.543, 139
Trd, 4318118.343, 139
Trd, 4318118.543, 139
Trd, 4318118.593, 135
Trd, 4318118.943, 128
Trd, 4318120.243, 140
Trd, 4318121.243, 140
Trd, 4318121.993, 140
Trd, 4318122.443, 136
Trd, 4318122.593, 140
Trd, 4318123.193, 140
Trd, 4318123.443, 117
Trd, 4318124.343, 130
Trd, 4318124.693, 129
Trd, 4318124.893, 98
Trd, 4318126.543, 140
Trd, 4318126.743, 139
Trd, 4318127.293, 137
Trd, 4318128.643, 140
Trd, 4318128.793, 139
Trd, 4318129.143, 75
Trd, 4318131.043, 140
Trd, 4318132.443, 140
Trd, 4318132.893, 140
Trd, 4318134.693, 140
Trd, 4318134.943, 140
Trd, 4318136.643, 129
Trd, 4318136.943, 97
Trd, 4318137.443, 140
Trd, 4318137.843, 139
Trd, 4318138.243, 124
Trd, 4318138.593, 140
Trd, 4318139.643, 140
Trd, 4318140.393, 138
Trd, 4318140.543, 137
Trd, 4318140.843, 123
Trd, 4318142.393, 140
Trd, 4318143.643, 140
Trd, 4318143.793, 139
Trd, 4318144.093, 138
Trd, 4318145.843, 140
Trd, 4318145.943, 108
Trd, 4318147.493, 138
Trd, 4318147.643, 136
Trd, 4318148.443, 128
Trd, 4318149.643, 139
Trd, 4318150.343, 140
Trd, 4318150.643, 139
Trd, 4318151.393, 139
Trd, 4318153.593, 139
Trd, 4318154.143, 140
Trd, 4318154.343, 140
Trd, 4318154.443, 116
Trd, 4318154.993, 139
Trd, 4318155.793, 115
Trd, 4318155.843, 116
Trd, 4318157.293, 140
Trd, 4318157.443, 139
Trd, 4318158.393, 139
Trd, 4318159.293, 140
Trd, 4318159.443, 140
Trd, 4318160.093, 102
Trd, 4318160.143, 120
Trd, 4318160.343, 140
Trd, 4318161.743, 133
Trd, 4318162.243, 106
Trd, 4318163.893, 140
Trd, 4318163.993, 140
Trd, 4318165.343, 139
Trd, 4318165.743, 140
Trd, 4318166.843, 139
Trd, 4318168.193, 139
Trd, 4318169.593, 139
Trd, 4318169.743, 139
Trd, 4318169.793, 138
Trd, 4318169.843, 110
Trd, 4318169.993, 82
Trd, 4318170.293, 71
Trd, 4318172.543, 140
Trd, 4318173.393, 108
Trd, 4318173.443, 110
Trd, 4318173.843, 62
Trd, 4318174.493, 61
Trd, 4318174.843, 63
Trd, 4318175.393, 62
Trd, 4318176.693, 139
Trd, 4318176.843, 140
Trd, 4318178.143, 140
Trd, 4318178.693, 136
Trd, 4318178.893, 121
Trd, 4318179.443, 86
Trd, 4318180.293, 140
Trd, 4318181.493, 138
Trd, 4318181.643, 127
Trd, 4318182.993, 60
Trd, 4318183.293, 60
Trd, 4318183.343, 61
Trd, 4318184.393, 62
Trd, 4318185.193, 134
Trd, 4318187.493, 140
Trd, 4318188.293, 140
Trd, 4318188.943, 140
Trd, 4318190.043, 131
Trd, 4318190.193, 106
Trd, 4318190.293, 118
Trd, 4318190.743, 116
Trd, 4318190.793, 97
Trd, 4318191.493, 94
Trd, 4318192.043, 133
Trd, 4318193.493, 140
Trd, 4318194.343, 140
Trd, 4318194.793, 109
Trd, 4318195.143, 139
Trd, 4318196.943, 140
Trd, 4318197.093, 140
Trd, 4318197.843, 140
Trd, 4318198.043, 140
Trd, 4318198.593, 140
Trd, 4318200.893, 139
Trd, 4318202.193, 140
Trd, 4318203.443, 140
Trd, 4318203.643, 140
Trd, 4318203.893, 140
Trd, 4318204.743, 140
Trd, 4318205.293, 140
Trd, 4318206.043, 140
Trd, 4318206.593, 140
Trd, 4318207.043, 139
Trd, 4318207.843, 138
Trd, 4318211.793, 140
Trd, 4318211.993, 140
Trd, 4318212.443, 138
Trd, 4318213.393, 140
Trd, 4318213.893, 140
Trd, 4318214.343, 140
Trd, 4318214.643, 140
Trd, 4318215.043, 138
Trd, 4318215.843, 140
Trd, 4318216.243, 139
Trd, 4318216.693, 131
Trd, 4318217.843, 109
Trd, 4318218.543, 138
Trd, 4318218.843, 115
Trd, 4318219.793, 133
Trd, 4318220.143, 121
Trd, 4318220.443, 135
Trd, 4318221.143, 125
Trd, 4318221.643, 110
Trd, 4318221.843, 128
Trd, 4318222.343, 130
Trd, 4318223.143, 131
Trd, 4318224.093, 140
Trd, 4318224.843, 140
Trd, 4318225.143, 99
Trd, 4318225.693, 61
Trd, 4318227.193, 140
Trd, 4318228.093, 137
Trd, 4318228.593, 137
Trd, 4318228.743, 63
Trd, 4318231.143, 140
Trd, 4318231.493, 140
Trd, 4318234.943, 140
Trd, 4318235.543, 140
Trd, 4318235.643, 140
Trd, 4318236.343, 140
Trd, 4318236.443, 140
Trd, 4318237.543, 114
Trd, 4318237.893, 140
Trd, 4318238.143, 99
Trd, 4318238.293, 64
Trd, 4318238.793, 130
Trd, 4318239.693, 130
Trd, 4318240.593, 128
Trd, 4318241.443, 140
Trd, 4318241.593, 122
Trd, 4318243.193, 108
Trd, 4318244.793, 140
Trd, 4318245.293, 137
Trd, 4318245.743, 140
Trd, 4318246.893, 140
Trd, 4318247.743, 137
Trd, 4318247.793, 135
Trd, 4318250.493, 140
Trd, 4318250.543, 140
Trd, 4318251.443, 140
Trd, 4318251.993, 140
Trd, 4318252.293, 139
Trd, 4318252.693, 138
Trd, 4318253.243, 135
Trd, 4318254.143, 60
Trd, 4318254.443, 60
Trd, 4318254.643, 61
Trd, 4318255.593, 69
Trd, 4318255.793, 63
Trd, 4318256.843, 61
Trd, 4318257.093, 92
Trd, 4318257.593, 134
Trd, 4318258.143, 137
Trd, 4318259.893, 140
Trd, 4318260.843, 140
Trd, 4318260.893, 140
Trd, 4318261.143, 139
Trd, 4318261.993, 140
Trd, 4318263.293, 138
Trd, 4318263.743, 139
Trd, 4318264.843, 140
Trd, 4318265.693, 140
Trd, 4318266.343, 136
Trd, 4318266.943, 130
Trd, 4318267.843, 61
Trd, 4318268.443, 62
Trd, 4318268.743, 107
Trd, 4318269.193, 140
Trd, 4318271.393, 140
Trd, 4318272.093, 140
Trd, 4318272.193, 140
Trd, 4318272.443, 116
Trd, 4318272.693, 113
Trd, 4318273.743, 138
Trd, 4318274.493, 64
Trd, 4318275.543, 60
Trd, 4318275.693, 65
Trd, 4318276.243, 61
Trd, 4318276.493, 60
Trd, 4318280.343, 140
Trd, 4318280.393, 140
Trd, 4318281.243, 140
Trd, 4318281.393, 140
Trd, 4318282.343, 140
Trd, 4318282.693, 136
Trd, 4318283.043, 129
Trd, 4318285.143, 140
Trd, 4318286.093, 140
Trd, 4318286.843, 140
Trd, 4318287.593, 140
Trd, 4318288.793, 140
Trd, 4318289.943, 139
Trd, 4318290.043, 138
Trd, 4318290.093, 120
Trd, 4318290.243, 140
Trd, 4318290.893, 111
Trd, 4318291.293, 110
Trd, 4318292.943, 140
Trd, 4318294.993, 140
Trd, 4318295.043, 140
Trd, 4318295.493, 140
Trd, 4318296.043, 137
Trd, 4318297.943, 140
Trd, 4318298.693, 140
Trd, 4318301.093, 140
Trd, 4318301.993, 140
Trd, 4318302.193, 140
Trd, 4318302.943, 140
Trd, 4318303.443, 139
Trd, 4318303.943, 132
Trd, 4318304.443, 124
Trd, 4318304.693, 138
Trd, 4318306.843, 140
Trd, 4318307.043, 140
Trd, 4318307.693, 139
Trd, 4318307.843, 117
Trd, 4318308.943, 138
Trd, 4318309.943, 99
Trd, 4318310.743, 140
Trd, 4318311.493, 139
Trd, 4318312.443, 139
Trd, 4318312.543, 139
Trd, 4318313.993, 140
Trd, 4318314.393, 140
Trd, 4318314.443, 107
Trd, 4318316.093, 140
Trd, 4318316.393, 133
Trd, 4318316.793, 132
Trd, 4318317.193, 140
Trd, 4318319.293, 137
Trd, 4318320.193, 138
Trd, 4318320.693, 140
Trd, 4318320.943, 140
Trd, 4318322.593, 140
Trd, 4318322.993, 140
Trd, 4318323.343, 140
Trd, 4318324.593, 139
Trd, 4318325.893, 140
Trd, 4318326.093, 140
Trd, 4318326.943, 139
Trd, 4318328.143, 140
Trd, 4318328.243, 138
Trd, 4318329.593, 139
Trd, 4318330.343, 139
Trd, 4318331.443, 138
Trd, 4318332.293, 140
Trd, 4318332.343, 140
Trd, 4318332.443, 140
Trd, 4318334.193, 139
Trd, 4318334.943, 139
Trd, 4318335.243, 108
Trd, 4318335.493, 140
Trd, 4318336.393, 140
Trd, 4318338.693, 140
Trd, 4318338.743, 140
Trd, 4318338.893, 133
Trd, 4318340.543, 137
Trd, 4318340.793, 137
Trd, 4318340.843, 128
Trd, 4318341.893, 140
Trd, 4318343.043, 140
Trd, 4318343.893, 139
Trd, 4318344.693, 140
Trd, 4318346.243, 140
Trd, 4318346.343, 139
Trd, 4318346.793, 137
Trd, 4318348.743, 139
Trd, 4318348.793, 103
Trd, 4318349.243, 137
Trd, 4318349.443, 101
Trd, 4318350.643, 138
Trd, 4318351.993, 140
Trd, 4318353.093, 140
Trd, 4318353.343, 140
Trd, 4318353.643, 133
Trd, 4318353.993, 95
Trd, 4318354.643, 134
Trd, 4318354.743, 67
Trd, 4318354.793, 135
Trd, 4318356.393, 61
Trd, 4318356.443, 70
Trd, 4318356.493, 97
Trd, 4318358.793, 140
Trd, 4318358.943, 140
Trd, 4318360.243, 140
Trd, 4318361.693, 140
Trd, 4318362.043, 139
Trd, 4318362.643, 137
Trd, 4318362.793, 140
Trd, 4318363.893, 122
Trd, 4318365.443, 139
Trd, 4318366.393, 138
Trd, 4318366.943, 118
Trd, 4318367.143, 113
Trd, 4318368.193, 140
Trd, 4318368.893, 140
Trd, 4318369.043, 131
Trd, 4318369.543, 140
Trd, 4318370.293, 140
Trd, 4318370.793, 121
Trd, 4318371.493, 80
Trd, 4318371.543, 132
Trd, 4318371.893, 135
Trd, 4318375.443, 140
Trd, 4318375.643, 140
Trd, 4318376.343, 139
Trd, 4318377.393, 140
Trd, 4318377.843, 140
Trd, 4318378.193, 140
Trd, 4318379.593, 140
Trd, 4318380.043, 140
Trd, 4318381.443, 140
Trd, 4318381.693, 140
Trd, 4318382.493, 140
Trd, 4318382.943, 140
Trd, 4318384.343, 139
Trd, 4318385.043, 140
Trd, 4318385.093, 137
Trd, 4318387.843, 140
Trd, 4318388.643, 139
Trd, 4318388.743, 139
Trd, 4318390.693, 140
Trd, 4318391.443, 140
Trd, 4318391.593, 140
Trd, 4318394.193, 140
Trd, 4318394.943, 140
Trd, 4318397.293, 140
Trd, 4318398.043, 140
Trd, 4318398.243, 140
Trd, 4318399.393, 139
Trd, 4318400.393, 140
Trd, 4318400.593, 140
Trd, 4318400.693, 139
Trd, 4318402.193, 140
Trd, 4318403.143, 137
Trd, 4318404.443, 140
Trd, 4318404.593, 140
Trd, 4318405.443, 131
Trd, 4318406.743, 133
Trd, 4318407.243, 131
Trd, 4318407.293, 133
Trd, 4318407.493, 88
Trd, 4318409.043, 139
Trd, 4318410.143, 140
Trd, 4318411.143, 138
Trd, 4318411.293, 127
Trd, 4318411.793, 139
Trd, 4318412.393, 138
Trd, 4318412.893, 127
Trd, 4318412.993, 100
Trd, 4318413.393, 138
Trd, 4318415.293, 97
Trd, 4318415.943, 137
Trd, 4318417.143, 138
Trd, 4318417.543, 134
Trd, 4318419.293, 140
Trd, 4318419.443, 138
Trd, 4318419.493, 91
Trd, 4318420.593, 72
Trd, 4318420.993, 106
Trd, 4318421.093, 108
Trd, 4318421.143, 64
Trd, 4318421.693, 63
Trd, 4318422.443, 60
Trd, 4318423.493, 67
Trd, 4318423.543, 75
Trd, 4318425.943, 138
Trd, 4318426.543, 139
Trd, 4318426.643, 138
Trd, 4318427.643, 129
Trd, 4318427.793, 91
Trd, 4318428.293, 134
Trd, 4318428.543, 62
Trd, 4318429.543, 74
Trd, 4318429.743, 112
Trd, 4318430.293, 70
Trd, 4318431.043, 130
Trd, 4318431.243, 140
Trd, 4318433.093, 140
Trd, 4318433.743, 140
Trd, 4318433.793, 140
Trd, 4318434.193, 140
Trd, 4318434.693, 111
Trd, 4318435.743, 110
Trd, 4318435.943, 99
Trd, 4318436.093, 63
Trd, 4318436.443, 139
Trd, 4318437.743, 135
Trd, 4318438.343, 113
Trd, 4318439.243, 64
Trd, 4318441.043, 60
Trd, 4318441.193, 61
Trd, 4318441.393, 60
Trd, 4318441.893, 61
Trd, 4318443.043, 136
Trd, 4318443.793, 73
Trd, 4318444.843, 140
Trd, 4318446.493, 140
Trd, 4318447.793, 140
Trd, 4318447.843, 140
Trd, 4318447.893, 140
Trd, 4318447.993, 139
Trd, 4318448.643, 140
Trd, 4318449.643, 140
Trd, 4318450.093, 127
Trd, 4318450.243, 84
Trd, 4318452.593, 139
Trd, 4318454.093, 140
Trd, 4318454.993, 140
Trd, 4318455.643, 140
Trd, 4318455.743, 138
Trd, 4318456.193, 136
Trd, 4318459.743, 140
Trd, 4318460.243, 138
Trd, 4318461.393, 140
Trd, 4318461.793, 140
Trd, 4318462.093, 140
Trd, 4318464.243, 140
Trd, 4318464.343, 129
Trd, 4318465.143, 120
Trd, 4318465.793, 140
Trd, 4318465.993, 137
Trd, 4318466.093, 132
Trd, 4318466.593, 116
Trd, 4318466.743, 109
Trd, 4318467.343, 140
Trd, 4318468.643, 140
Trd, 4318469.343, 140
Trd, 4318469.743, 120
Trd, 4318470.443, 136
Trd, 4318471.793, 139
Trd, 4318473.493, 78
Trd, 4318473.543, 139
Trd, 4318474.293, 65
Trd, 4318474.543, 121
Trd, 4318475.443, 84
Trd, 4318475.993, 139
Trd, 4318476.493, 70
Trd, 4318478.993, 140
Trd, 4318479.493, 140
Trd, 4318479.693, 140
Trd, 4318479.943, 139
Trd, 4318480.943, 140
Trd, 4318481.543, 140
Trd, 4318483.043, 140
Trd, 4318483.543, 137
Trd, 4318484.393, 140
Trd, 4318484.793, 140
Trd, 4318485.143, 139
Trd, 4318485.943, 140
Trd, 4318486.193, 131
Trd, 4318486.443, 140
Trd, 4318487.043, 140
Trd, 4318488.243, 103
Trd, 4318489.543, 140
Trd, 4318490.693, 140
Trd, 4318490.843, 139
Trd, 4318491.743, 139
Trd, 4318491.893, 129
Trd, 4318492.493, 114
Trd, 4318492.943, 104
Trd, 4318493.393, 140
Trd, 4318493.893, 139
Trd, 4318494.293, 136
Trd, 4318494.543, 109
Trd, 4318495.143, 137
Trd, 4318495.743, 140
Trd, 4318495.893, 108
Trd, 4318496.143, 139
Trd, 4318498.143, 108
Trd, 4318499.493, 140
Trd, 4318499.793, 140
Trd, 4318500.193, 140
Trd, 4318500.593, 140
Trd, 4318500.693, 138
Trd, 4318501.093, 94
Trd, 4318502.993, 140
Trd, 4318503.693, 114
Trd, 4318504.543, 91
Trd, 4318504.593, 117
Trd, 4318504.693, 119
Trd, 4318504.743, 76
Trd, 4318505.493, 60
Trd, 4318506.043, 140
Trd, 4318506.493, 84
Trd, 4318507.443, 81
Trd, 4318508.693, 65
Trd, 4318509.243, 60
Trd, 4318509.743, 61
Trd, 4318510.243, 62
Trd, 4318510.593, 71
Trd, 4318511.343, 64
Trd, 4318512.393, 140
Trd, 4318512.443, 136
Trd, 4318513.593, 137
Trd, 4318515.243, 138
Trd, 4318516.043, 139
Trd, 4318516.343, 137
Trd, 4318516.643, 136
Trd, 4318516.743, 123
Trd, 4318516.793, 94
Trd, 4318517.593, 140
Trd, 4318518.793, 140
Trd, 4318519.443, 140
Trd, 4318519.743, 139
Trd, 4318521.093, 138
Trd, 4318521.893, 140
Trd, 4318522.593, 104
Trd, 4318522.743, 139
Trd, 4318524.643, 140
Trd, 4318525.443, 140
Trd, 4318525.893, 140
Trd, 4318526.643, 140
Trd, 4318526.843, 111
Trd, 4318527.893, 140
Trd, 4318528.243, 139
Trd, 4318529.143, 137
Trd, 4318530.943, 139
Trd, 4318531.193, 140
Trd, 4318531.293, 102
Trd, 4318531.593, 139
Trd, 4318531.993, 108
Trd, 4318532.193, 101
Trd, 4318532.293, 137
Trd, 4318532.993, 97
Trd, 4318534.193, 129
Trd, 4318534.443, 140
Trd, 4318534.743, 139
Trd, 4318535.393, 137
Trd, 4318536.443, 140
Trd, 4318537.893, 140
Trd, 4318538.043, 140
Trd, 4318538.243, 139
Trd, 4318540.993, 140
Trd, 4318541.093, 140
Trd, 4318541.793, 138
Trd, 4318542.043, 107
Trd, 4318542.693, 140
Trd, 4318544.193, 137
Trd, 4318544.893, 140
Trd, 4318544.943, 140
Trd, 4318545.243, 132
Trd, 4318545.443, 113
Trd, 4318546.193, 81
Trd, 4318547.043, 140
Trd, 4318547.693, 140
Trd, 4318549.893, 140
Trd, 4318550.243, 140
Trd, 4318551.143, 140
Trd, 4318551.493, 138
Trd, 4318552.343, 139
Trd, 4318553.293, 140
Trd, 4318554.543, 140
Trd, 4318554.893, 140
Trd, 4318555.993, 115
Trd, 4318556.343, 131
Trd, 4318556.843, 73
Trd, 4318557.493, 139
Trd, 4318558.193, 64
Trd, 4318558.493, 110
Trd, 4318559.393, 139
Trd, 4318559.443, 139
Trd, 4318559.793, 102
Trd, 4318560.043, 88
Trd, 4318561.393, 139
Trd, 4318562.293, 61
Trd, 4318562.443, 88
Trd, 4318563.043, 139
Trd, 4318564.193, 140
Trd, 4318564.893, 140
Trd, 4318565.043, 140
Trd, 4318565.843, 140
Trd, 4318566.743, 140
Trd, 4318568.293, 139
Trd, 4318570.693, 140
Trd, 4318571.743, 140
Trd, 4318571.893, 139
Trd, 4318572.243, 139
Trd, 4318572.343, 138
Trd, 4318573.193, 140
Trd, 4318573.993, 106
Trd, 4318574.743, 140
Trd, 4318574.843, 134
Trd, 4318575.543, 138
Trd, 4318575.943, 139
Trd, 4318576.443, 139
Trd, 4318578.043, 130
Trd, 4318578.943, 140
Trd, 4318579.793, 133
Trd, 4318580.143, 136
Trd, 4318580.543, 125
Trd, 4318580.643, 108
Trd, 4318582.093, 138
Trd, 4318583.893, 140
Trd, 4318584.593, 140
Trd, 4318585.243, 140
Trd, 4318585.543, 140
Trd, 4318586.193, 136
Trd, 4318586.243, 133
Trd, 4318586.393, 132
Trd, 4318588.293, 139
Trd, 4318588.593, 110
Trd, 4318589.543, 106
Trd, 4318589.893, 127
Trd, 4318591.143, 140
Trd, 4318591.593, 140
Trd, 4318592.743, 140
Trd, 4318593.093, 139
Trd, 4318594.093, 140
Trd, 4318595.443, 140
Trd, 4318595.643, 139
Trd, 4318595.793, 139
Trd, 4318597.143, 140
Trd, 4318597.593, 129
Trd, 4318598.593, 138
Trd, 4318598.993, 138
Trd, 4318599.193, 139
Trd, 4318599.793, 139
Trd, 4318600.893, 140
Trd, 4318602.493, 140
Trd, 4318602.643, 140
Trd, 4318602.843, 134
Trd, 4318603.993, 140
Trd, 4318605.893, 140
Trd, 4318606.643, 138
Trd, 4318607.393, 139
Trd, 4318609.343, 140
Trd, 4318610.193, 140
Trd, 4318610.293, 139
Trd, 4318611.543, 123
Trd, 4318612.443, 139
Trd, 4318613.093, 140
Trd, 4318613.393, 127
Trd, 4318614.843, 140
Trd, 4318615.093, 140
Trd, 4318615.193, 114
Trd, 4318617.843, 140
Trd, 4318618.993, 140
Trd, 4318619.093, 140
Trd, 4318620.993, 140
Trd, 4318621.743, 140
Trd, 4318622.343, 140
Trd, 4318622.943, 139
Trd, 4318623.493, 139
Trd, 4318623.993, 139
Trd, 4318624.443, 97
Trd, 4318625.093, 119
Trd, 4318626.093, 139
Trd, 4318627.193, 140
Trd, 4318627.893, 140
Trd, 4318628.393, 139
Trd, 4318628.693, 137
Trd, 4318629.643, 89
Trd, 4318630.243, 138
Trd, 4318630.543, 74
Trd, 4318631.443, 138
Trd, 4318632.893, 140
Trd, 4318633.693, 140
Trd, 4318635.543, 140
Trd, 4318637.293, 140
Trd, 4318638.243, 140
Trd, 4318638.293, 136
Trd, 4318638.793, 138
Trd, 4318639.243, 140
Trd, 4318639.743, 132
Trd, 4318639.993, 129
Trd, 4318641.193, 140
Trd, 4318641.993, 140
Trd, 4318643.493, 140
Trd, 4318643.643, 140
Trd, 4318643.893, 133
Trd, 4318645.293, 132
Trd, 4318646.293, 140
Trd, 4318647.643, 140
Trd, 4318647.993, 138
Trd, 4318649.293, 140
Trd, 4318649.343, 138
Trd, 4318649.543, 132
Trd, 4318650.643, 140
Trd, 4318650.693, 135
Trd, 4318651.793, 125
Trd, 4318652.843, 140
Trd, 4318653.193, 137
Trd, 4318653.393, 136
Trd, 4318654.943, 140
Trd, 4318656.693, 140
Trd, 4318657.693, 140
Trd, 4318657.943, 139
Trd, 4318659.593, 140
Trd, 4318661.693, 140
Trd, 4318662.493, 140
Trd, 4318662.943, 138
Trd, 4318663.093, 140
Trd, 4318663.243, 125
Trd, 4318663.693, 133
Trd, 4318663.943, 140
Trd, 4318664.343, 138
Trd, 4318665.743, 140
Trd, 4318666.693, 138
Trd, 4318667.243, 85
Trd, 4318667.843, 139
Trd, 4318668.193, 138
Trd, 4318668.493, 139
Trd, 4318668.693, 66
Trd, 4318669.543, 74
Trd, 4318670.893, 139
Trd, 4318672.193, 139
Trd, 4318672.343, 140
Trd, 4318672.943, 140
Trd, 4318672.993, 95
Trd, 4318673.593, 138
Trd, 4318675.843, 140
Trd, 4318675.893, 140
Trd, 4318676.593, 140
Trd, 4318677.193, 140
Trd, 4318677.293, 140
Trd, 4318677.743, 138
Trd, 4318680.343, 140
Trd, 4318681.543, 140
Trd, 4318681.793, 140
Trd, 4318681.943, 140
Trd, 4318683.343, 140
Trd, 4318683.793, 140
Trd, 4318683.893, 139
Trd, 4318684.893, 96
Trd, 4318685.343, 74
Trd, 4318685.893, 126
Trd, 4318686.493, 140
Trd, 4318687.593, 121
Trd, 4318687.943, 139
Trd, 4318689.593, 139
Trd, 4318690.093, 62
Trd, 4318690.693, 140
Trd, 4318691.043, 139
Trd, 4318691.443, 62
Trd, 4318692.993, 140
Trd, 4318695.043, 140
Trd, 4318695.643, 138
Trd, 4318696.943, 140
Trd, 4318697.193, 140
Trd, 4318697.343, 140
Trd, 4318697.393, 139
Trd, 4318698.343, 140
Trd, 4318698.993, 140
Trd, 4318700.093, 140
Trd, 4318703.243, 140
Trd, 4318703.393, 140
Trd, 4318703.893, 140
Trd, 4318705.343, 140
Trd, 4318705.743, 139
Trd, 4318706.193, 138
Trd, 4318706.493, 138
Trd, 4318706.543, 125
Trd, 4318708.693, 140
Trd, 4318708.943, 140
Trd, 4318710.593, 140
Trd, 4318711.393, 140
Trd, 4318712.793, 140
Trd, 4318712.943, 139
Trd, 4318713.293, 131
Trd, 4318714.143, 140
Trd, 4318714.543, 140
Trd, 4318715.293, 140
Trd, 4318715.843, 136
Trd, 4318715.943, 122
Trd, 4318716.793, 139
Trd, 4318716.993, 112
Trd, 4318718.393, 131
Trd, 4318718.643, 139
Trd, 4318721.093, 140
Trd, 4318721.593, 140
Trd, 4318723.293, 140
Trd, 4318723.493, 140
Trd, 4318724.043, 140
Trd, 4318724.493, 140
Trd, 4318725.493, 140
Trd, 4318726.993, 140
Trd, 4318727.243, 140
Trd, 4318727.593, 139
Trd, 4318727.693, 135
Trd, 4318728.293, 139
Trd, 4318729.243, 140
Trd, 4318730.593, 81
Trd, 4318731.143, 105
Trd, 4318732.543, 140
Trd, 4318733.993, 140
Trd, 4318734.043, 139
Trd, 4318734.243, 122
Trd, 4318735.493, 140
Trd, 4318736.393, 139
Trd, 4318737.943, 140
Trd, 4318738.343, 140
Trd, 4318738.493, 129
Trd, 4318739.293, 89
Trd, 4318739.443, 94
Trd, 4318740.043, 63
Trd, 4318740.743, 61
Trd, 4318741.693, 63
Trd, 4318742.193, 65
Trd, 4318742.243, 126
Trd, 4318742.393, 128
Trd, 4318744.493, 140
Trd, 4318746.093, 140
Trd, 4318746.143, 140
Trd, 4318746.693, 139
Trd, 4318747.993, 132
Trd, 4318748.293, 140
Trd, 4318749.443, 140
Trd, 4318750.793, 140
Trd, 4318751.043, 138
Trd, 4318751.643, 139
Trd, 4318752.943, 140
Trd, 4318753.493, 140
Trd, 4318754.643, 140
Trd, 4318754.943, 139
Trd, 4318755.593, 137
Trd, 4318756.643, 138
Trd, 4318757.143, 139
Trd, 4318758.143, 140
Trd, 4318759.643, 140
Trd, 4318760.443, 140
Trd, 4318760.693, 140
Trd, 4318761.443, 138
Trd, 4318761.543, 98
Trd, 4318762.293, 140
Trd, 4318762.343, 140
Trd, 4318763.393, 140
Trd, 4318764.093, 87
Trd, 4318764.843, 120
Trd, 4318766.743, 140
Trd, 4318768.743, 140
Trd, 4318768.793, 140
Trd, 4318769.993, 140
Trd, 4318771.543, 140
Trd, 4318771.993, 140
Trd, 4318772.343, 140
Trd, 4318772.793, 140
Trd, 4318773.443, 140
Trd, 4318774.143, 87
Trd, 4318774.843, 140
Trd, 4318775.243, 134
Trd, 4318775.943, 91
Trd, 4318776.643, 101
Trd, 4318776.793, 138
Trd, 4318776.993, 140
Trd, 4318777.743, 71
Trd, 4318778.143, 121
Trd, 4318778.393, 60
Trd, 4318779.193, 140
Trd, 4318780.043, 77
Trd, 4318782.943, 140
Trd, 4318783.793, 139
Trd, 4318784.643, 138
Trd, 4318787.043, 140
Trd, 4318787.443, 140
Trd, 4318787.943, 140
Trd, 4318788.593, 139
Trd, 4318789.843, 140
Trd, 4318790.993, 140
Trd, 4318791.043, 138
Trd, 4318791.093, 125
Trd, 4318791.443, 109
Trd, 4318791.493, 108
Trd, 4318792.393, 118
Trd, 4318793.343, 92
Trd, 4318795.643, 140
Trd, 4318796.893, 140
Trd, 4318797.243, 140
Trd, 4318797.443, 140
Trd, 4318799.093, 138
Trd, 4318799.493, 136
Trd, 4318800.643, 140
Trd, 4318801.043, 133
Trd, 4318801.143, 119
Trd, 4318801.293, 117
Trd, 4318802.293, 140
Trd, 4318802.443, 139
Trd, 4318803.043, 140
Trd, 4318803.743, 140
Trd, 4318804.643, 138
Trd, 4318805.043, 129
Trd, 4318807.393, 140
Trd, 4318807.793, 140
Trd, 4318808.193, 140
Trd, 4318808.593, 140
Trd, 4318810.343, 140
Trd, 4318810.793, 140
Trd, 4318811.043, 140
Trd, 4318812.093, 138
Trd, 4318812.543, 104
Trd, 4318812.643, 123
Trd, 4318813.143, 124
Trd, 4318815.543, 140
Trd, 4318815.793, 139
Trd, 4318817.193, 140
Trd, 4318817.443, 140
Trd, 4318817.693, 124
Trd, 4318817.743, 98
Trd, 4318818.343, 86
Trd, 4318818.493, 138
Trd, 4318819.493, 137
Trd, 4318820.443, 140
Trd, 4318820.493, 87
Trd, 4318822.543, 140
Trd, 4318823.443, 140
Trd, 4318824.093, 137
Trd, 4318825.593, 140
Trd, 4318825.843, 139
Trd, 4318826.893, 130
Trd, 4318827.443, 139
Trd, 4318827.593, 114
Trd, 4318827.843, 122
Trd, 4318828.243, 138
Trd, 4318828.743, 112
Trd, 4318829.043, 140
Trd, 4318831.443, 140
Trd, 4318831.693, 140
Trd, 4318831.793, 139
Trd, 4318831.993, 126
Trd, 4318832.993, 139
Trd, 4318833.643, 131
Trd, 4318834.643, 140
Trd, 4318834.993, 140
Trd, 4318835.293, 94
Trd, 4318835.593, 63
Trd, 4318836.743, 140
Trd, 4318837.543, 140
Trd, 4318838.943, 140
Trd, 4318839.243, 137
Trd, 4318840.143, 140
Trd, 4318841.493, 140
Trd, 4318841.893, 140
Trd, 4318842.043, 135
Trd, 4318842.543, 88
Trd, 4318842.793, 89
Trd, 4318843.743, 140
Trd, 4318844.093, 139
Trd, 4318844.843, 139
Trd, 4318845.043, 110
Trd, 4318846.243, 85
Trd, 4318846.843, 61
Trd, 4318847.443, 98
Trd, 4318848.193, 140
Trd, 4318848.443, 140
Trd, 4318849.593, 140
Trd, 4318851.543, 140
Trd, 4318851.593, 136
Trd, 4318851.743, 120
Trd, 4318852.443, 140
Trd, 4318853.243, 78
Trd, 4318855.393, 140
Trd, 4318855.993, 140
Trd, 4318857.143, 140
Trd, 4318857.693, 140
Trd, 4318858.093, 140
Trd, 4318859.193, 139
Trd, 4318859.943, 139
Trd, 4318860.043, 136
Trd, 4318861.693, 138
Trd, 4318862.293, 128
Trd, 4318862.343, 103
Trd, 4318862.393, 140
Trd, 4318863.593, 140
Trd, 4318865.043, 140
Trd, 4318865.843, 140
Trd, 4318866.093, 140
Trd, 4318868.243, 140
Trd, 4318868.393, 140
Trd, 4318869.143, 137
Trd, 4318869.443, 125
Trd, 4318870.793, 140
Trd, 4318871.643, 140
Trd, 4318872.143, 140
Trd, 4318873.843, 139
Trd, 4318873.993, 139
Trd, 4318874.493, 137
Trd, 4318874.693, 134
Trd, 4318875.193, 81
Trd, 4318875.243, 124
Trd, 4318875.993, 80
Trd, 4318877.943, 140
Trd, 4318878.693, 140
Trd, 4318878.793, 140
Trd, 4318879.143, 140
Trd, 4318879.743, 139
Trd, 4318880.093, 118
Trd, 4318880.543, 108
Trd, 4318882.043, 139
Trd, 4318882.493, 140
Trd, 4318883.293, 123
Trd, 4318883.643, 108
Trd, 4318884.493, 78
Trd, 4318884.693, 70
Trd, 4318885.093, 60
Trd, 4318885.343, 79
Trd, 4318885.493, 80
Trd, 4318886.393, 131
Trd, 4318886.793, 69
Trd, 4318887.643, 101
Trd, 4318888.393, 81
Trd, 4318889.493, 138
Trd, 4318890.543, 140
Trd, 4318891.293, 139
Trd, 4318891.943, 140
Trd, 4318892.593, 140
Trd, 4318893.393, 60
Trd, 4318894.643, 60
Trd, 4318895.393, 61
Trd, 4318895.543, 62
Trd, 4318896.743, 139
Trd, 4318896.943, 121
Trd, 4318897.593, 138
Trd, 4318897.993, 136
Trd, 4318898.193, 130
Trd, 4318899.243, 140
Trd, 4318900.543, 140
Trd, 4318900.793, 108
Trd, 4318901.243, 61
Trd, 4318901.893, 83
Trd, 4318902.243, 84
Trd, 4318902.743, 139
Trd, 4318902.843, 139
Trd, 4318904.243, 73
Trd, 4318905.443, 140
Trd, 4318905.693, 139
Trd, 4318907.243, 140
Trd, 4318907.943, 138
Trd, 4318908.443, 139
Trd, 4318909.293, 115
Trd, 4318910.693, 140
Trd, 4318911.043, 140
Trd, 4318911.993, 133
Trd, 4318912.143, 113
Trd, 4318912.193, 114
Trd, 4318912.743, 106
Trd, 4318914.793, 140
Trd, 4318915.193, 140
Trd, 4318915.443, 140
Trd, 4318917.043, 140
Trd, 4318917.593, 139
Trd, 4318917.893, 126
Trd, 4318918.243, 140
Trd, 4318918.543, 140
Trd, 4318919.643, 137
Trd, 4318921.693, 140
Trd, 4318921.893, 98
Trd, 4318922.593, 112
Trd, 4318922.643, 102
Trd, 4318923.543, 60
Trd, 4318924.093, 60
Trd, 4318924.543, 62
Trd, 4318925.293, 65
Trd, 4318925.643, 65
Trd, 4318926.893, 62
Trd, 4318927.743, 140
Trd, 4318928.143, 140
Trd, 4318928.693, 140
Trd, 4318929.893, 86
Trd, 4318930.293, 136
Trd, 4318931.343, 116
Trd, 4318931.643, 136
Trd, 4318931.893, 140
Trd, 4318932.043, 60
Trd, 4318932.743, 84
Trd, 4318934.493, 91
Trd, 4318934.593, 93
Trd, 4318934.893, 69
Trd, 4318936.443, 96
Trd, 4318936.593, 71
Trd, 4318936.693, 97
Trd, 4318936.843, 114
Trd, 4318938.193, 139
Trd, 4318938.793, 108
Trd, 4318939.393, 140
Trd, 4318939.643, 139
Trd, 4318940.443, 118
Trd, 4318941.343, 140
Trd, 4318942.993, 140
Trd, 4318943.743, 140
Trd, 4318943.943, 140
Trd, 4318945.243, 140
Trd, 4318945.393, 139
Trd, 4318945.643, 118
Trd, 4318946.243, 78
Trd, 4318947.093, 117
Trd, 4318947.543, 140
Trd, 4318948.293, 139
Trd, 4318949.393, 131
Trd, 4318950.743, 140
Trd, 4318950.843, 113
Trd, 4318950.893, 68
Trd, 4318951.593, 139
Trd, 4318951.943, 138
Trd, 4318952.543, 140
Trd, 4318954.143, 140
Trd, 4318955.593, 139
Trd, 4318956.493, 140
Trd, 4318957.993, 140
Trd, 4318958.893, 139
Trd, 4318959.043, 139
Trd, 4318960.693, 140
Trd, 4318961.993, 140
Trd, 4318962.393, 137
Trd, 4318962.893, 121
Trd, 4318963.743, 105
Trd, 4318963.943, 103
Trd, 4318964.843, 121
Trd, 4318965.043, 80
Trd, 4318965.293, 123
Trd, 4318966.043, 60
Trd, 4318967.743, 67
Trd, 4318967.943, 61
Trd, 4318968.043, 62
Trd, 4318968.493, 102
Trd, 4318969.143, 79
Trd, 4318969.493, 81
Trd, 4318970.493, 79
Trd, 4318971.143, 140
Trd, 4318972.243, 140
Trd, 4318973.493, 139
Trd, 4318974.843, 140
Trd, 4318975.193, 140
Trd, 4318975.393, 138
Trd, 4318976.293, 138
Trd, 4318977.043, 139
Trd, 4318977.643, 140
Trd, 4318977.743, 112
Trd, 4318978.043, 106
Trd, 4318978.093, 91
Trd, 4318979.943, 92
Trd, 4318980.043, 77
Trd, 4318980.893, 137
Trd, 4318981.443, 60
Trd, 4318982.243, 140
Trd, 4318984.043, 139
Trd, 4318985.093, 140
Trd, 4318985.193, 139
Trd, 4318985.693, 118
Trd, 4318986.243, 131
Trd, 4318987.743, 140
Trd, 4318989.293, 140
Trd, 4318990.193, 140
Trd, 4318990.293, 140
Trd, 4318990.893, 140
Trd, 4318991.043, 136
Trd, 4318991.143, 112
Trd, 4318992.443, 140
Trd, 4318993.443, 140
Trd, 4318993.843, 134
Trd, 4318994.343, 140
Trd, 4318994.743, 140
Trd, 4318996.843, 140
Trd, 4318997.393, 140
Trd, 4318997.443, 139
Trd, 4318997.943, 139
Trd, 4318998.943, 140
Trd, 4318999.443, 119
Trd, 4319000.043, 140
Trd, 4319001.343, 138
Trd, 4319001.693, 137
Trd, 4319001.743, 136
Trd, 4319002.793, 60
Trd, 4319003.093, 61
Trd, 4319004.043, 60
Trd, 4319004.343, 62
Trd, 4319005.893, 134
Trd, 4319006.193, 140
Trd, 4319007.393, 120
Trd, 4319008.693, 140
Trd, 4319010.093, 140
Trd, 4319011.543, 140
Trd, 4319011.743, 139
Trd, 4319012.093, 140
Trd, 4319012.143, 139
Trd, 4319013.293, 139
Trd, 4319013.493, 132
Trd, 4319013.743, 137
Trd, 4319014.793, 97
Trd, 4319016.393, 124
Trd, 4319016.743, 105
Trd, 4319017.443, 139
Trd, 4319018.743, 140
Trd, 4319018.893, 122
Trd, 4319020.093, 140
Trd, 4319020.343, 140
Trd, 4319021.793, 140
Trd, 4319022.493, 140
Trd, 4319022.643, 137
Trd, 4319024.293, 139
Trd, 4319025.043, 140
Trd, 4319025.893, 137
Trd, 4319027.543, 140
Trd, 4319027.843, 139
Trd, 4319028.893, 140
Trd, 4319029.043, 136
Trd, 4319030.743, 140
Trd, 4319031.893, 140
Trd, 4319032.043, 138
Trd, 4319032.793, 140
Trd, 4319033.793, 137
Trd, 4319034.593, 140
Trd, 4319035.743, 140
Trd, 4319036.843, 140
Trd, 4319037.043, 140
Trd, 4319038.493, 140
Trd, 4319039.043, 140
Trd, 4319039.093, 140
Trd, 4319039.243, 108
Trd, 4319041.393, 140
Trd, 4319041.843, 140
Trd, 4319042.143, 140
Trd, 4319042.443, 139
Trd, 4319043.143, 138
Trd, 4319044.293, 140
Trd, 4319044.743, 140
Trd, 4319045.393, 140
Trd, 4319047.543, 140
Trd, 4319047.843, 140
Trd, 4319047.943, 140
Trd, 4319048.243, 125
Trd, 4319048.393, 104
Trd, 4319049.943, 137
Trd, 4319051.093, 139
Trd, 4319051.643, 139
Trd, 4319052.043, 118
Trd, 4319052.143, 140
Trd, 4319053.093, 108
Trd, 4319054.243, 140
Trd, 4319054.543, 140
Trd, 4319054.593, 139
Trd, 4319057.693, 140
Trd, 4319057.743, 140
Trd, 4319059.093, 139
Trd, 4319060.643, 140
Trd, 4319061.093, 140
Trd, 4319061.193, 138
Trd, 4319062.743, 140
Trd, 4319063.943, 139
Trd, 4319065.243, 138
Trd, 4319065.393, 138
Trd, 4319065.593, 138
Trd, 4319066.293, 140
Trd, 4319068.093, 140
Trd, 4319068.343, 138
Trd, 4319068.593, 127
Trd, 4319068.843, 139
Trd, 4319069.493, 116
Trd, 4319070.093, 137
Trd, 4319071.193, 140
Trd, 4319071.693, 78
Trd, 4319072.343, 62
Trd, 4319072.493, 120
Trd, 4319074.643, 139
Trd, 4319076.343, 140
Trd, 4319076.393, 134
Trd, 4319076.793, 77
Trd, 4319077.193, 60
Trd, 4319077.793, 131
Trd, 4319078.193, 63
Trd, 4319079.093, 140
Trd, 4319079.693, 140
Trd, 4319080.293, 139
Trd, 4319081.093, 139
Trd, 4319082.543, 140
Trd, 4319083.043, 138
Trd, 4319083.443, 140
Trd, 4319083.543, 131
Trd, 4319084.743, 140
Trd, 4319085.043, 140
Trd, 4319086.843, 140
Trd, 4319087.243, 140
Trd, 4319088.143, 140
Trd, 4319088.193, 115
Trd, 4319088.793, 140
Trd, 4319090.393, 116
Trd, 4319091.143, 90
Trd, 4319092.593, 140
Trd, 4319092.693, 137
Trd, 4319092.893, 140
Trd, 4319093.343, 118
Trd, 4319093.443, 88
Trd, 4319095.193, 140
Trd, 4319095.343, 140
Trd, 4319095.943, 123
Trd, 4319096.893, 140
Trd, 4319097.093, 100
Trd, 4319099.343, 140
Trd, 4319099.493, 140
Trd, 4319101.293, 139
Trd, 4319102.493, 140
Trd, 4319102.843, 139
Trd, 4319103.943, 138
Trd, 4319104.093, 137
Trd, 4319104.293, 108
Trd, 4319105.193, 140
Trd, 4319105.943, 139
Trd, 4319106.093, 139
Trd, 4319108.543, 140
Trd, 4319108.643, 140
Trd, 4319109.643, 139
Trd, 4319110.093, 126
Trd, 4319110.293, 140
Trd, 4319111.693, 61
Trd, 4319112.493, 60
Trd, 4319112.543, 60
Trd, 4319112.593, 63
Trd, 4319113.843, 60
Trd, 4319114.993, 125
Trd, 4319115.643, 60
Trd, 4319115.893, 139
Trd, 4319116.193, 64
Trd, 4319117.793, 140
Trd, 4319117.993, 140
Trd, 4319118.243, 85
Trd, 4319121.393, 139
Trd, 4319121.493, 132
Trd, 4319122.443, 136
Trd, 4319122.593, 139
Trd, 4319123.193, 140
Trd, 4319124.143, 137
Trd, 4319124.743, 139
Trd, 4319124.893, 137
Trd, 4319125.093, 107
Trd, 4319125.443, 65
Trd, 4319126.343, 140
Trd, 4319127.143, 140
Trd, 4319128.893, 140
Trd, 4319129.493, 140
Trd, 4319131.693, 140
Trd, 4319131.743, 138
Trd, 4319131.843, 134
Trd, 4319131.993, 137
Trd, 4319132.993, 114
Trd, 4319133.543, 120
Trd, 4319135.193, 140
Trd, 4319136.843, 140
Trd, 4319138.343, 140
Trd, 4319138.493, 140
Trd, 4319138.893, 140
Trd, 4319139.493, 139
Trd, 4319139.793, 131
Trd, 4319140.893, 140
Trd, 4319141.143, 140
Trd, 4319142.243, 140
Trd, 4319142.843, 140
Trd, 4319143.493, 110
Trd, 4319144.043, 130
Trd, 4319144.843, 128
Trd, 4319145.293, 103
Trd, 4319146.043, 98
Trd, 4319146.843, 140
Trd, 4319147.693, 140
Trd, 4319147.843, 139
Trd, 4319148.493, 130
Trd, 4319149.243, 131
Trd, 4319149.343, 103
Trd, 4319149.843, 95
Trd, 4319151.093, 140
Trd, 4319151.643, 137
Trd, 4319152.593, 94
Trd, 4319152.643, 76
Trd, 4319152.893, 138
Trd, 4319154.593, 137
Trd, 4319154.793, 136
Trd, 4319155.843, 117
Trd, 4319156.743, 140
Trd, 4319157.743, 140
Trd, 4319160.193, 140
Trd, 4319160.343, 140
Trd, 4319161.943, 140
Trd, 4319162.293, 139
Trd, 4319162.543, 139
Trd, 4319162.793, 103
Trd, 4319163.443, 139
Trd, 4319163.843, 138
Trd, 4319164.093, 61
Trd, 4319165.743, 140
Trd, 4319166.243, 140
Trd, 4319166.693, 140
Trd, 4319167.093, 139
Trd, 4319167.743, 138
Trd, 4319169.743, 139
Trd, 4319170.693, 140
Trd, 4319171.193, 139
Trd, 4319171.793, 138
Trd, 4319172.593, 139
Trd, 4319175.043, 140
Trd, 4319175.993, 140
Trd, 4319176.593, 140
Trd, 4319177.193, 140
Trd, 4319177.693, 140
Trd, 4319177.843, 140
Trd, 4319178.543, 140
Trd, 4319179.993, 139
Trd, 4319180.243, 135
Trd, 4319181.493, 140
Trd, 4319184.243, 140
Trd, 4319184.343, 140
Trd, 4319184.393, 138
Trd, 4319185.843, 140
Trd, 4319186.243, 139
Trd, 4319188.643, 140
Trd, 4319189.393, 140
Trd, 4319189.643, 139
Trd, 4319190.143, 109
Trd, 4319191.043, 140
Trd, 4319191.643, 139
Trd, 4319191.843, 139
Trd, 4319192.843, 137
Trd, 4319193.943, 95
Trd, 4319195.843, 140
Trd, 4319196.943, 140
Trd, 4319197.893, 140
Trd, 4319197.993, 140
Trd, 4319198.693, 140
Trd, 4319199.143, 138
Trd, 4319199.543, 138
Trd, 4319201.343, 139
Trd, 4319201.743, 139
Trd, 4319202.293, 139
Trd, 4319202.993, 140
Trd, 4319204.093, 140
Trd, 4319204.343, 139
Trd, 4319205.243, 134
Trd, 4319205.693, 139
Trd, 4319205.943, 140
Trd, 4319208.293, 140
Trd, 4319208.543, 137
Trd, 4319209.493, 64
Trd, 4319209.993, 60
Trd, 4319210.043, 63
Trd, 4319210.143, 65
Trd, 4319210.943, 62
Trd, 4319211.943, 62
Trd, 4319212.043, 101
Trd, 4319212.643, 109
Trd, 4319213.743, 140
Trd, 4319214.193, 140
Trd, 4319214.393, 140
Trd, 4319214.793, 140
Trd, 4319215.393, 109
Trd, 4319218.593, 140
Trd, 4319219.043, 140
Trd, 4319219.893, 140
Trd, 4319220.443, 140
Trd, 4319221.843, 140
Trd, 4319222.343, 140
Trd, 4319222.393, 139
Trd, 4319222.543, 133
Trd, 4319223.093, 110
Trd, 4319223.493, 92
Trd, 4319223.593, 136
Trd, 4319224.243, 140
Trd, 4319225.193, 140
Trd, 4319226.643, 121
Trd, 4319228.043, 138
Trd, 4319228.443, 140
Trd, 4319228.993, 111
Trd, 4319229.093, 110
Trd, 4319230.243, 139
Trd, 4319230.293, 138
Trd, 4319231.543, 140
Trd, 4319232.093, 138
Trd, 4319232.793, 140
Trd, 4319234.943, 139
Trd, 4319234.993, 140
Trd, 4319235.293, 140
Trd, 4319235.793, 120
Trd, 4319236.293, 136
Trd, 4319236.993, 138
Trd, 4319238.843, 138
Trd, 4319240.243, 138
Trd, 4319240.543, 128
Trd, 4319241.393, 140
Trd, 4319242.543, 140
Trd, 4319242.843, 140
Trd, 4319243.143, 140
Trd, 4319244.493, 139
Trd, 4319245.043, 135
Trd, 4319246.443, 140
Trd, 4319246.993, 140
Trd, 4319247.743, 140
Trd, 4319248.943, 140
Trd, 4319249.143, 109
Trd, 4319249.193, 92
Trd, 4319250.043, 65
Trd, 4319250.243, 63
Trd, 4319251.043, 60
Trd, 4319251.443, 63
Trd, 4319252.893, 140
Trd, 4319253.793, 140
Trd, 4319254.943, 82
Trd, 4319255.243, 77
Trd, 4319255.343, 83
Trd, 4319255.543, 134
Trd, 4319256.343, 65
Trd, 4319256.393, 135
Trd, 4319257.493, 140
Trd, 4319257.943, 140
Trd, 4319258.893, 137
Trd, 4319259.943, 140
Trd, 4319260.443, 140
Trd, 4319261.993, 140
Trd, 4319264.743, 140
Trd, 4319264.793, 140
Trd, 4319266.043, 140
Trd, 4319267.543, 140
Trd, 4319267.943, 140
Trd, 4319268.543, 140
Trd, 4319268.943, 124
Trd, 4319269.193, 116
Trd, 4319270.543, 140
Trd, 4319271.193, 140
Trd, 4319273.993, 140
Trd, 4319274.293, 139
Trd, 4319274.543, 138
Trd, 4319275.593, 140
Trd, 4319276.493, 139
Trd, 4319277.343, 140
Trd, 4319277.643, 139
Trd, 4319277.743, 138
Trd, 4319278.043, 137
Trd, 4319278.393, 138
Trd, 4319278.693, 139
Trd, 4319279.643, 139
Trd, 4319279.793, 132
Trd, 4319280.943, 108
Trd, 4319281.743, 91
Trd, 4319282.093, 128
Trd, 4319283.843, 139
Trd, 4319284.543, 140
Trd, 4319284.993, 139
Trd, 4319285.243, 138
Trd, 4319286.443, 135
Trd, 4319286.943, 131
Trd, 4319287.343, 140
Trd, 4319287.993, 138
Trd, 4319288.193, 140
Trd, 4319289.443, 140
Trd, 4319289.943, 136
Trd, 4319291.443, 139
Trd, 4319292.343, 139
Trd, 4319294.243, 139
Trd, 4319294.893, 139
Trd, 4319296.143, 140
Trd, 4319296.243, 136
Trd, 4319296.843, 132
Trd, 4319297.293, 140
Trd, 4319297.843, 140
Trd, 4319298.043, 127
Trd, 4319299.793, 140
Trd, 4319300.493, 140
Trd, 4319301.243, 140
Trd, 4319301.493, 125
Trd, 4319302.893, 140
Trd, 4319304.243, 140
Trd, 4319304.493, 140
Trd, 4319304.743, 139
Trd, 4319305.493, 110
Trd, 4319305.943, 140
Trd, 4319306.393, 140
Trd, 4319307.193, 116
Trd, 4319307.293, 97
Trd, 4319307.743, 137
Trd, 4319308.993, 87
Trd, 4319309.443, 60
Trd, 4319311.143, 139
Trd, 4319311.693, 140
Trd, 4319312.093, 139
Trd, 4319312.343, 139
Trd, 4319312.893, 111
Trd, 4319313.893, 138
Trd, 4319313.993, 66
Trd, 4319314.293, 65
Trd, 4319315.243, 62
Trd, 4319316.643, 66
Trd, 4319316.993, 87
Trd, 4319317.493, 61
Trd, 4319317.693, 78
Trd, 4319318.393, 140
Trd, 4319320.493, 140
Trd, 4319320.593, 140
Trd, 4319320.843, 139
Trd, 4319321.543, 133
Trd, 4319322.793, 139
Trd, 4319323.543, 140
Trd, 4319325.143, 140
Trd, 4319326.143, 140
Trd, 4319326.543, 140
Trd, 4319326.643, 139
Trd, 4319327.393, 112
Trd, 4319328.393, 136
Trd, 4319328.993, 103
Trd, 4319329.343, 74
Trd, 4319329.943, 98
Trd, 4319330.243, 112
Trd, 4319331.943, 125
Trd, 4319332.243, 124
Trd, 4319332.393, 82
Trd, 4319332.843, 127
Trd, 4319333.393, 116
Trd, 4319334.593, 138
Trd, 4319334.893, 138
Trd, 4319335.793, 140
Trd, 4319337.043, 140
Trd, 4319337.643, 140
Trd, 4319338.293, 140
Trd, 4319338.493, 140
Trd, 4319339.593, 123
Trd, 4319341.643, 140
Trd, 4319342.343, 140
Trd, 4319343.343, 140
Trd, 4319344.493, 140
Trd, 4319344.943, 140
Trd, 4319345.043, 139
Trd, 4319345.143, 102
Trd, 4319346.093, 114
Trd, 4319346.993, 140
Trd, 4319347.843, 140
Trd, 4319349.243, 140
Trd, 4319349.943, 139
Trd, 4319350.743, 139
Trd, 4319350.843, 110
Trd, 4319351.043, 89
Trd, 4319351.193, 107
Trd, 4319351.593, 85
Trd, 4319353.193, 139
Trd, 4319353.243, 139
Trd, 4319354.293, 140
Trd, 4319354.543, 124
Trd, 4319355.593, 140
Trd, 4319355.643, 140
Trd, 4319356.693, 67
Trd, 4319356.993, 64
Trd, 4319357.293, 73
Trd, 4319357.643, 74
Trd, 4319359.443, 130
Trd, 4319360.293, 139
Trd, 4319361.193, 68
Trd, 4319361.293, 69
Trd, 4319362.143, 61
Trd, 4319362.793, 65
Trd, 4319362.843, 118
Trd, 4319363.193, 85
Trd, 4319364.743, 138
Trd, 4319364.993, 135
Trd, 4319366.293, 133
Trd, 4319367.093, 104
Trd, 4319367.293, 138
Trd, 4319367.793, 140
Trd, 4319369.593, 140
Trd, 4319369.893, 139
Trd, 4319371.193, 140
Trd, 4319371.943, 140
Trd, 4319372.343, 138
Trd, 4319372.493, 122
Trd, 4319373.993, 140
Trd, 4319374.543, 140
Trd, 4319374.693, 139
Trd, 4319375.143, 140
Trd, 4319375.343, 139
Trd, 4319375.893, 117
Trd, 4319376.243, 79
Trd, 4319376.693, 140
Trd, 4319378.293, 140
Trd, 4319379.293, 140
Trd, 4319380.143, 140
Trd, 4319380.393, 140
Trd, 4319382.593, 138
Trd, 4319382.743, 139
Trd, 4319382.943, 133
Trd, 4319383.343, 120
Trd, 4319383.643, 139
Trd, 4319384.443, 113
Trd, 4319385.793, 136
Trd, 4319386.293, 137
Trd, 4319387.793, 140
Trd, 4319388.293, 140
Trd, 4319388.543, 140
Trd, 4319388.593, 111
Trd, 4319389.643, 140
Trd, 4319390.143, 140
Trd, 4319390.843, 61
Trd, 4319391.393, 60
Trd, 4319391.793, 62
Trd, 4319392.793, 64
Trd, 4319393.593, 140
Trd, 4319394.193, 140
Trd, 4319394.893, 140
Trd, 4319395.043, 140
Trd, 4319395.793, 140
Trd, 4319396.943, 140
Trd, 4319397.093, 136
Trd, 4319397.693, 140
Trd, 4319399.043, 140
Trd, 4319399.093, 105
Trd, 4319400.443, 138
Trd, 4319402.793, 140
Trd, 4319403.493, 140
Trd, 4319403.743, 140
Trd, 4319404.393, 140
Trd, 4319404.843, 140
Trd, 4319405.193, 140
Trd, 4319405.943, 140
Trd, 4319406.093, 139
Trd, 4319406.343, 140
Trd, 4319407.343, 136
Trd, 4319408.243, 138
Trd, 4319409.743, 131
Trd, 4319409.793, 110
Trd, 4319409.843, 86
Trd, 4319411.343, 140
Trd, 4319411.793, 140
Trd, 4319411.843, 134
Trd, 4319412.693, 132
Trd, 4319413.043, 140
Trd, 4319414.943, 140
Trd, 4319415.393, 137
Trd, 4319415.593, 93
Trd, 4319416.593, 139
Trd, 4319417.143, 140
Trd, 4319418.243, 140
Trd, 4319418.393, 140
Trd, 4319418.843, 139
Trd, 4319419.093, 130
Trd, 4319420.143, 140
Trd, 4319420.993, 140
Trd, 4319423.043, 140
Trd, 4319423.843, 139
Trd, 4319423.993, 124
Trd, 4319424.393, 140
Trd, 4319425.193, 139
Trd, 4319426.443, 139
Trd, 4319427.193, 139
Trd, 4319428.543, 140
Trd, 4319429.693, 140
Trd, 4319429.943, 140
Trd, 4319430.293, 140
Trd, 4319430.943, 139
Trd, 4319432.243, 132
Trd, 4319432.643, 140
Trd, 4319433.243, 139
Trd, 4319433.993, 139
Trd, 4319434.443, 122
Trd, 4319434.493, 109
Trd, 4319435.243, 140
Trd, 4319437.443, 140
Trd, 4319437.743, 140
Trd, 4319437.993, 140
Trd, 4319438.543, 140
Trd, 4319440.543, 140
Trd, 4319440.843, 104
Trd, 4319441.143, 138
Trd, 4319442.393, 138
Trd, 4319442.793, 137
Trd, 4319443.093, 113
Trd, 4319444.443, 77
Trd, 4319444.743, 91
Trd, 4319445.643, 79
Trd, 4319445.893, 138
Trd, 4319446.743, 60
Trd, 4319446.793, 62
Trd, 4319448.143, 70
Trd, 4319449.193, 81
Trd, 4319449.793, 61
Trd, 4319450.093, 106
Trd, 4319450.393, 77
Trd, 4319451.893, 140
Trd, 4319452.343, 140
Trd, 4319452.543, 139
Trd, 4319453.393, 131
Trd, 4319453.543, 81
Trd, 4319456.793, 140
Trd, 4319456.993, 140
Trd, 4319457.093, 140
Trd, 4319457.143, 130
Trd, 4319457.243, 123
Trd, 4319458.893, 95
Trd, 4319459.493, 137
Trd, 4319459.843, 140
Trd, 4319460.743, 140
Trd, 4319460.843, 140
Trd, 4319463.093, 140
Trd, 4319463.343, 140
Trd, 4319463.943, 140
Trd, 4319464.693, 140
Trd, 4319466.093, 140
Trd, 4319466.593, 138
Trd, 4319466.643, 109
Trd, 4319467.043, 139
Trd, 4319468.593, 101
Trd, 4319469.293, 134
Trd, 4319470.743, 140
Trd, 4319470.793, 121
Trd, 4319472.793, 119
Trd, 4319473.293, 139
Trd, 4319473.443, 84
Trd, 4319473.843, 69
Trd, 4319475.493, 139
Trd, 4319477.143, 140
Trd, 4319478.693, 140
Trd, 4319478.743, 139
Trd, 4319479.543, 140
Trd, 4319480.243, 140
Trd, 4319481.143, 140
Trd, 4319481.443, 139
Trd, 4319481.543, 123
Trd, 4319481.843, 138
Trd, 4319483.293, 140
Trd, 4319483.993, 140
Trd, 4319484.293, 140
Trd, 4319484.343, 118
Trd, 4319484.843, 97
Trd, 4319486.093, 136
Trd, 4319487.993, 140
Trd, 4319488.893, 140
Trd, 4319489.493, 138
Trd, 4319490.543, 140
Trd, 4319490.993, 138
Trd, 4319491.693, 139
Trd, 4319491.893, 136
Trd, 4319491.943, 130
Trd, 4319493.043, 140
Trd, 4319493.643, 126
Trd, 4319494.093, 108
Trd, 4319494.493, 138
Trd, 4319495.143, 140
Trd, 4319495.693, 92
Trd, 4319496.593, 136
Trd, 4319497.093, 70
Trd, 4319499.143, 140
Trd, 4319500.743, 140
Trd, 4319500.893, 140
Trd, 4319501.743, 140
Trd, 4319502.593, 140
Trd, 4319502.893, 139
Trd, 4319504.843, 140
Trd, 4319505.493, 140
Trd, 4319505.543, 140
Trd, 4319505.993, 140
Trd, 4319506.243, 126
Trd, 4319507.143, 64
Trd, 4319507.593, 60
Trd, 4319507.993, 61
Trd, 4319508.143, 62
Trd, 4319508.493, 62
Trd, 4319509.143, 71
Trd, 4319509.743, 71
Trd, 4319509.993, 72
Trd, 4319510.693, 116
Trd, 4319511.843, 107
Trd, 4319512.143, 139
Trd, 4319513.343, 140
Trd, 4319513.743, 140
Trd, 4319514.993, 140
Trd, 4319515.993, 140
Trd, 4319516.593, 140
Trd, 4319516.893, 140
Trd, 4319517.643, 140
Trd, 4319517.693, 106
Trd, 4319518.593, 61
Trd, 4319518.993, 61
Trd, 4319519.343, 62
Trd, 4319520.443, 116
Trd, 4319520.493, 117
Trd, 4319521.493, 86
Trd, 4319521.693, 132
Trd, 4319522.143, 134
Trd, 4319523.393, 140
Trd, 4319524.193, 140
Trd, 4319525.143, 140
Trd, 4319525.793, 137
Trd, 4319527.293, 140
Trd, 4319528.243, 140
Trd, 4319528.693, 140
Trd, 4319529.693, 140
Trd, 4319530.443, 140
Trd, 4319531.043, 137
Trd, 4319532.043, 140
Trd, 4319532.543, 140
Trd, 4319533.293, 140
Trd, 4319534.343, 140
Trd, 4319534.893, 138
Trd, 4319535.893, 139
Trd, 4319537.193, 140
Trd, 4319538.693, 140
Trd, 4319539.293, 140
Trd, 4319539.643, 139
Trd, 4319539.943, 131
Trd, 4319539.993, 101
Trd, 4319541.543, 69
Trd, 4319541.993, 60
Trd, 4319542.243, 91
Trd, 4319543.893, 60
Trd, 4319544.043, 60
Trd, 4319544.543, 61
Trd, 4319544.793, 108
Trd, 4319545.343, 72
Trd, 4319546.543, 60
Trd, 4319546.993, 60
Trd, 4319547.043, 60
Trd, 4319547.743, 136
Trd, 4319549.743, 140
Trd, 4319550.593, 140
Trd, 4319550.693, 96
Trd, 4319550.793, 92
Trd, 4319552.093, 140
Trd, 4319552.493, 140
Trd, 4319553.443, 140
Trd, 4319553.793, 140
Trd, 4319554.743, 139
Trd, 4319555.243, 93
Trd, 4319557.443, 140
Trd, 4319558.043, 140
Trd, 4319560.093, 140
Trd, 4319560.543, 140
Trd, 4319561.143, 140
Trd, 4319561.893, 140
Trd, 4319562.743, 139
Trd, 4319562.793, 139
Trd, 4319563.093, 138
Trd, 4319563.343, 139
Trd, 4319563.843, 134
Trd, 4319564.093, 133
Trd, 4319565.043, 117
Trd, 4319565.543, 111
Trd, 4319566.393, 134
Trd, 4319567.393, 106
Trd, 4319567.493, 67
Trd, 4319569.093, 140
Trd, 4319569.443, 140
Trd, 4319570.243, 140
Trd, 4319570.443, 140
Trd, 4319570.643, 139
Trd, 4319572.943, 138
Trd, 4319573.343, 139
Trd, 4319574.693, 140
Trd, 4319575.343, 140
Trd, 4319576.093, 140
Trd, 4319578.393, 140
Trd, 4319578.893, 140
Trd, 4319579.343, 139
Trd, 4319579.643, 140
Trd, 4319579.893, 140
Trd, 4319580.843, 121
Trd, 4319580.993, 113
Trd, 4319581.443, 139
Trd, 4319582.193, 140
Trd, 4319583.093, 140
Trd, 4319583.793, 140
Trd, 4319584.543, 140
Trd, 4319585.093, 139
Trd, 4319585.493, 119
Trd, 4319586.493, 139
Trd, 4319587.643, 133
Trd, 4319588.043, 139
Trd, 4319588.443, 121
Trd, 4319589.393, 136
Trd, 4319589.593, 135
Trd, 4319589.943, 127
Trd, 4319591.343, 137
Trd, 4319592.243, 67
Trd, 4319594.143, 140
Trd, 4319594.793, 140
Trd, 4319595.593, 139
Trd, 4319596.193, 138
Trd, 4319596.293, 138
Trd, 4319596.593, 126
Trd, 4319597.793, 139
Trd, 4319598.543, 139
Trd, 4319600.143, 139
Trd, 4319600.443, 137
Trd, 4319600.793, 139
Trd, 4319601.593, 105
Trd, 4319602.843, 126
Trd, 4319602.893, 113
Trd, 4319603.543, 122
Trd, 4319604.443, 71
Trd, 4319604.993, 63
Trd, 4319605.443, 60
Trd, 4319606.343, 88
Trd, 4319606.593, 90
Trd, 4319607.193, 100
Trd, 4319608.793, 140
Trd, 4319608.993, 140
Trd, 4319609.843, 137
Trd, 4319609.943, 126
Trd, 4319611.743, 139
Trd, 4319612.443, 118
Trd, 4319613.293, 140
Trd, 4319613.793, 140
Trd, 4319613.843, 134
Trd, 4319614.643, 136
Trd, 4319614.743, 109
Trd, 4319616.393, 140
Trd, 4319617.743, 140
Trd, 4319618.943, 140
Trd, 4319619.043, 139
Trd, 4319619.493, 139
Trd, 4319619.593, 125
Trd, 4319620.243, 78
Trd, 4319620.893, 138
Trd, 4319621.493, 138
Trd, 4319622.443, 139
Trd, 4319622.543, 138
Trd, 4319622.593, 121
Trd, 4319624.043, 138
Trd, 4319625.943, 140
Trd, 4319626.693, 140
Trd, 4319627.043, 134
Trd, 4319628.143, 140
Trd, 4319628.843, 140
Trd, 4319628.943, 140
Trd, 4319631.043, 140
Trd, 4319631.093, 138
Trd, 4319632.043, 62
Trd, 4319632.293, 64
Trd, 4319632.793, 140
Trd, 4319633.143, 137
Trd, 4319634.593, 140
Trd, 4319635.143, 140
Trd, 4319636.843, 140
Trd, 4319637.143, 140
Trd, 4319637.543, 140
Trd, 4319637.593, 140
Trd, 4319637.943, 127
Trd, 4319638.443, 128
Trd, 4319639.193, 140
Trd, 4319639.593, 139
Trd, 4319641.093, 139
Trd, 4319641.793, 137
Trd, 4319641.993, 109
Trd, 4319644.043, 140
Trd, 4319644.993, 140
Trd, 4319645.093, 140
Trd, 4319646.243, 140
Trd, 4319646.893, 139
Trd, 4319647.093, 139
Trd, 4319648.543, 140
Trd, 4319649.243, 139
Trd, 4319649.343, 130
Trd, 4319649.843, 140
Trd, 4319650.893, 112
Trd, 4319651.193, 139
Trd, 4319651.493, 138
Trd, 4319653.343, 138
Trd, 4319653.393, 137
Trd, 4319654.693, 140
Trd, 4319656.643, 140
Trd, 4319657.243, 140
Trd, 4319658.243, 139
Trd, 4319659.143, 140
Trd, 4319659.943, 140
Trd, 4319660.293, 138
Trd, 4319660.343, 128
Trd, 4319660.993, 139
Trd, 4319661.293, 122
Trd, 4319662.543, 139
Trd, 4319663.693, 140
Trd, 4319664.293, 140
Trd, 4319664.343, 140
Trd, 4319664.793, 140
Trd, 4319665.193, 121
Trd, 4319665.993, 63
Trd, 4319666.993, 62
Trd, 4319667.343, 67
Trd, 4319667.943, 139
Trd, 4319668.743, 140
Trd, 4319669.243, 140
Trd, 4319670.643, 140
Trd, 4319671.343, 139
Trd, 4319672.093, 139
Trd, 4319672.393, 137
Trd, 4319673.493, 138
Trd, 4319674.393, 140
Trd, 4319675.193, 140
Trd, 4319677.493, 139
Trd, 4319677.643, 137
Trd, 4319678.643, 83
Trd, 4319678.693, 101
Trd, 4319679.143, 60
Trd, 4319679.243, 62
Trd, 4319679.793, 65
Trd, 4319680.443, 60
Trd, 4319680.743, 65
Trd, 4319681.543, 61
Trd, 4319682.093, 66
Trd, 4319682.343, 64
Trd, 4319683.443, 140
Trd, 4319683.693, 140
Trd, 4319685.293, 140
Trd, 4319685.643, 140
Trd, 4319687.093, 140
Trd, 4319687.593, 140
Trd, 4319687.743, 103
Trd, 4319688.193, 140
Trd, 4319688.993, 139
Trd, 4319689.393, 140
Trd, 4319690.143, 80
Trd, 4319691.043, 140
Trd, 4319692.493, 140
Trd, 4319693.043, 140
Trd, 4319693.943, 138
Trd, 4319695.493, 140
Trd, 4319696.043, 138
Trd, 4319697.193, 137
Trd, 4319697.493, 136
Trd, 4319698.643, 140
Trd, 4319698.943, 135
Trd, 4319699.343, 114
Trd, 4319699.643, 139
Trd, 4319700.343, 140
Trd, 4319701.093, 116
Trd, 4319702.543, 140
Trd, 4319703.043, 130
Trd, 4319703.493, 126
Trd, 4319705.043, 140
Trd, 4319705.493, 140
Trd, 4319706.043, 140
Trd, 4319707.293, 140
Trd, 4319708.443, 140
Trd, 4319709.393, 140
Trd, 4319710.243, 140
Trd, 4319710.493, 140
Trd, 4319710.993, 138
Trd, 4319711.643, 135
Trd, 4319713.243, 140
Trd, 4319713.843, 140
Trd, 4319714.043, 139
Trd, 4319714.843, 140
Trd, 4319715.793, 140
Trd, 4319715.943, 88
Trd, 4319716.743, 109
Trd, 4319716.943, 140
Trd, 4319718.543, 140
Trd, 4319718.793, 140
Trd, 4319718.893, 140
Trd, 4319719.993, 140
Trd, 4319720.393, 139
Trd, 4319721.943, 139
Trd, 4319722.443, 137
Trd, 4319722.643, 138
Trd, 4319723.743, 139
Trd, 4319724.343, 117
Trd, 4319724.593, 108
Trd, 4319724.693, 98
Trd, 4319726.893, 140
Trd, 4319728.243, 140
Trd, 4319728.493, 139
Trd, 4319729.193, 139
Trd, 4319729.543, 136
Trd, 4319729.893, 136
Trd, 4319731.243, 140
Trd, 4319732.243, 126
Trd, 4319734.243, 140
Trd, 4319734.793, 139
Trd, 4319735.243, 127
Trd, 4319735.293, 126
Trd, 4319735.793, 115
Trd, 4319736.843, 140
Trd, 4319737.893, 140
Trd, 4319738.093, 139
Trd, 4319739.893, 140
Trd, 4319740.193, 136
Trd, 4319741.043, 140
Trd, 4319743.043, 140
Trd, 4319743.343, 140
Trd, 4319743.943, 140
Trd, 4319744.593, 138
Trd, 4319745.093, 140
Trd, 4319745.193, 140
Trd, 4319746.143, 139
Trd, 4319746.943, 140
Trd, 4319746.993, 117
Trd, 4319747.343, 109
Trd, 4319747.493, 140
Trd, 4319749.193, 63
Trd, 4319749.593, 84
Trd, 4319750.493, 69
Trd, 4319750.793, 69
Trd, 4319750.893, 63
Trd, 4319751.143, 68
Trd, 4319751.643, 89
Trd, 4319753.543, 139
Trd, 4319753.843, 100
Trd, 4319754.143, 137
Trd, 4319754.193, 140
Trd, 4319756.193, 139
Trd, 4319757.093, 140
Trd, 4319758.493, 140
Trd, 4319758.993, 139
Trd, 4319759.193, 137
Trd, 4319759.843, 138
Trd, 4319761.443, 139
Trd, 4319761.793, 137
Trd, 4319764.243, 130
Trd, 4319764.443, 139
Trd, 4319764.893, 135
Trd, 4319765.643, 67
Trd, 4319766.043, 138
Trd, 4319766.093, 70
Trd, 4319766.193, 65
Trd, 4319767.793, 140
Trd, 4319768.693, 139
Trd, 4319769.593, 139
Trd, 4319770.443, 140
Trd, 4319770.743, 138
Trd, 4319771.193, 131
Trd, 4319772.543, 140
Trd, 4319772.593, 139
Trd, 4319774.443, 140
Trd, 4319776.043, 140
Trd, 4319776.693, 140
Trd, 4319777.143, 102
Trd, 4319777.343, 138
Trd, 4319777.943, 113
Trd, 4319778.393, 136
Trd, 4319778.843, 138
Trd, 4319780.193, 97
Trd, 4319780.343, 108
Trd, 4319780.843, 80
Trd, 4319781.343, 81
Trd, 4319782.443, 62
Trd, 4319782.593, 65
Trd, 4319783.743, 60
Trd, 4319783.943, 61
Trd, 4319784.493, 60
Trd, 4319784.843, 140
Trd, 4319785.543, 130
Trd, 4319786.493, 140
Trd, 4319786.693, 139
Trd, 4319787.393, 60
Trd, 4319788.193, 61
Trd, 4319788.393, 122
Trd, 4319789.093, 139
Trd, 4319789.743, 127
Trd, 4319790.193, 139
Trd, 4319790.393, 90
Trd, 4319791.193, 140
Trd, 4319792.143, 93
Trd, 4319792.443, 135
Trd, 4319793.593, 135
Trd, 4319794.043, 140
Trd, 4319795.193, 140
Trd, 4319795.443, 107
Trd, 4319796.043, 122
Trd, 4319796.843, 128
Trd, 4319798.193, 140
Trd, 4319800.043, 140
Trd, 4319800.293, 139
Trd, 4319800.493, 136
Trd, 4319801.943, 140
Trd, 4319802.043, 140
Trd, 4319802.893, 140
Trd, 4319803.143, 140
Trd, 4319804.143, 124
Trd, 4319804.693, 140
Trd, 4319805.693, 140
Trd, 4319806.443, 140
Trd, 4319806.793, 140
Trd, 4319807.793, 137
Trd, 4319808.693, 140
Trd, 4319808.893, 140
Trd, 4319810.393, 140
Trd, 4319810.843, 140
Trd, 4319811.143, 139
Trd, 4319811.443, 134
Trd, 4319812.443, 125
Trd, 4319814.293, 139
Trd, 4319814.593, 140
Trd, 4319815.543, 138
Trd, 4319816.043, 138
Trd, 4319816.143, 76
Trd, 4319817.143, 114
Trd, 4319817.293, 116
Trd, 4319818.043, 140
Trd, 4319819.043, 64
Trd, 4319819.443, 62
Trd, 4319819.943, 98
Trd, 4319821.093, 87
Trd, 4319821.693, 140
Trd, 4319822.193, 140
Trd, 4319823.143, 140
Trd, 4319824.093, 140
Trd, 4319824.593, 139
Trd, 4319825.043, 140
Trd, 4319825.143, 139
Trd, 4319825.193, 139
Trd, 4319826.443, 99
Trd, 4319826.993, 81
Trd, 4319828.143, 104
Trd, 4319828.993, 139
Trd, 4319829.243, 140
Trd, 4319829.843, 92
Trd, 4319830.043, 140
Trd, 4319832.093, 140
Trd, 4319832.693, 140
Trd, 4319833.693, 140
Trd, 4319834.443, 140
Trd, 4319834.593, 140
Trd, 4319835.343, 139
Trd, 4319835.643, 139
Trd, 4319836.443, 140
Trd, 4319838.543, 140
Trd, 4319840.093, 140
Trd, 4319840.643, 108
Trd, 4319841.693, 140
Trd, 4319841.743, 139
Trd, 4319842.893, 140
Trd, 4319843.543, 140
Trd, 4319843.843, 136
Trd, 4319846.243, 60
Trd, 4319846.343, 60
Trd, 4319846.743, 73
Trd, 4319846.843, 106
Trd, 4319847.393, 71
Trd, 4319848.393, 140
Trd, 4319850.093, 140
Trd, 4319850.393, 139
Trd, 4319851.243, 140
Trd, 4319852.793, 140
Trd, 4319852.993, 140
Trd, 4319853.143, 139
Trd, 4319853.443, 139
Trd, 4319853.893, 140
Trd, 4319854.743, 110
Trd, 4319855.293, 140
Trd, 4319855.993, 140
Trd, 4319856.293, 140
Trd, 4319856.543, 109
Trd, 4319857.893, 139
Trd, 4319859.193, 140
Trd, 4319859.743, 140
Trd, 4319859.943, 139
Trd, 4319861.643, 140
Trd, 4319862.193, 140
Trd, 4319862.493, 137
Trd, 4319862.793, 140
Trd, 4319863.843, 139
Trd, 4319864.093, 93
Trd, 4319865.643, 136
Trd, 4319866.743, 140
Trd, 4319866.943, 123
Trd, 4319867.093, 120
Trd, 4319867.143, 134
Trd, 4319868.493, 140
Trd, 4319868.993, 137
Trd, 4319869.943, 140
Trd, 4319872.393, 140
Trd, 4319872.443, 139
Trd, 4319872.793, 140
Trd, 4319873.293, 115
Trd, 4319873.643, 140
Trd, 4319874.793, 139
Trd, 4319875.643, 139
Trd, 4319876.893, 140
Trd, 4319877.693, 140
Trd, 4319878.293, 139
Trd, 4319878.543, 139
Trd, 4319879.543, 103
Trd, 4319879.893, 98
Trd, 4319881.593, 140
Trd, 4319881.743, 140
Trd, 4319881.993, 138
Trd, 4319882.093, 125
Trd, 4319883.443, 61
Trd, 4319883.693, 67
Trd, 4319883.793, 68
Trd, 4319884.043, 62
Trd, 4319885.393, 137
Trd, 4319886.143, 136
Trd, 4319886.343, 137
Trd, 4319887.093, 140
Trd, 4319887.793, 140
Trd, 4319888.993, 140
Trd, 4319889.393, 129
Trd, 4319890.643, 140
Trd, 4319890.943, 140
Trd, 4319891.243, 111
Trd, 4319892.293, 76
Trd, 4319892.343, 77
Trd, 4319894.093, 140
Trd, 4319894.693, 139
Trd, 4319894.943, 139
Trd, 4319896.043, 140
Trd, 4319896.143, 137
Trd, 4319897.493, 139
Trd, 4319897.793, 68
Trd, 4319898.543, 139
Trd, 4319898.893, 140
Trd, 4319899.243, 130
Trd, 4319899.493, 139
Trd, 4319899.743, 109
Trd, 4319900.443, 60
Trd, 4319900.543, 64
Trd, 4319901.193, 139
Trd, 4319903.193, 140
Trd, 4319903.893, 140
Trd, 4319904.743, 140
Trd, 4319904.793, 140
Trd, 4319905.743, 81
Trd, 4319905.893, 83
Trd, 4319906.293, 140
Trd, 4319906.543, 126
Trd, 4319908.093, 140
Trd, 4319908.343, 140
Trd, 4319908.593, 140
Trd, 4319909.693, 140
Trd, 4319909.943, 140
Trd, 4319911.343, 140
Trd, 4319911.493, 138
Trd, 4319913.643, 91
Trd, 4319913.793, 88
Trd, 4319914.043, 83
Trd, 4319914.443, 140
Trd, 4319914.643, 140
Trd, 4319915.693, 91
Trd, 4319915.743, 66
Trd, 4319916.493, 140
Trd, 4319917.443, 138
Trd, 4319917.643, 137
Trd, 4319917.893, 139
Trd, 4319920.643, 138
Trd, 4319920.893, 126
Trd, 4319922.043, 121
Trd, 4319922.893, 140
Trd, 4319923.743, 140
Trd, 4319924.043, 140
Trd, 4319925.093, 140
Trd, 4319925.193, 140
Trd, 4319925.743, 112
Trd, 4319926.993, 138
Trd, 4319927.643, 140
Trd, 4319928.143, 140
Trd, 4319928.843, 138
Trd, 4319930.093, 140
Trd, 4319930.443, 140
Trd, 4319930.943, 139
Trd, 4319931.593, 140
Trd, 4319932.093, 140
Trd, 4319932.143, 140
Trd, 4319932.793, 140
Trd, 4319934.043, 140
Trd, 4319935.243, 138
Trd, 4319935.343, 121
Trd, 4319935.943, 126
Trd, 4319936.343, 127
Trd, 4319936.843, 77
Trd, 4319937.443, 140
Trd, 4319939.243, 140
Trd, 4319939.843, 140
Trd, 4319940.693, 140
Trd, 4319941.093, 139
Trd, 4319941.793, 140
Trd, 4319942.193, 138
Trd, 4319943.143, 135
Trd, 4319944.293, 136
Trd, 4319944.343, 135
Trd, 4319944.593, 140
Trd, 4319945.143, 139
Trd, 4319945.643, 127
Trd, 4319947.193, 62
Trd, 4319947.743, 63
Trd, 4319949.843, 140
Trd, 4319949.893, 140
Trd, 4319949.943, 140
Trd, 4319950.793, 140
Trd, 4319952.393, 140
Trd, 4319953.093, 136
Trd, 4319954.043, 140
Trd, 4319954.943, 138
Trd, 4319955.643, 85
Trd, 4319956.643, 81
Trd, 4319958.143, 60
Trd, 4319958.743, 67
Trd, 4319958.943, 68
Trd, 4319959.593, 70
Trd, 4319959.693, 117
Trd, 4319960.343, 140
Trd, 4319960.443, 137
Trd, 4319961.693, 140
Trd, 4319961.993, 140
Trd, 4319962.343, 65
Trd, 4319962.643, 87
Trd, 4319963.743, 111
Trd, 4319965.043, 140
Trd, 4319965.393, 101
Trd, 4319966.393, 75
Trd, 4319966.493, 78
Trd, 4319967.093, 140
Trd, 4319967.643, 96
Trd, 4319968.593, 140
Trd, 4319969.443, 140
Trd, 4319969.643, 139
Trd, 4319970.043, 139
Trd, 4319971.093, 139
Trd, 4319971.593, 140
Trd, 4319972.593, 140
Trd, 4319972.943, 103
Trd, 4319973.343, 140
Trd, 4319974.493, 140
Trd, 4319974.793, 138
Trd, 4319975.443, 135
Trd, 4319977.393, 140
Trd, 4319977.643, 137
Trd, 4319977.843, 138
Trd, 4319979.193, 140
Trd, 4319979.343, 140
Trd, 4319979.793, 140
Trd, 4319980.293, 124
Trd, 4319981.043, 129
Trd, 4319981.393, 128
Trd, 4319981.843, 140
Trd, 4319984.443, 140
Trd, 4319985.843, 140
Trd, 4319986.093, 140
Trd, 4319987.093, 140
Trd, 4319987.293, 140
Trd, 4319987.493, 117
Trd, 4319988.593, 140
Trd, 4319988.693, 140
Trd, 4319990.543, 140
Trd, 4319991.393, 139
Trd, 4319991.543, 139
Trd, 4319991.693, 119
Trd, 4319993.443, 140
Trd, 4319994.093, 138
Trd, 4319995.143, 140
Trd, 4319995.993, 140
Trd, 4319996.393, 136
Trd, 4319996.643, 124
Trd, 4319997.793, 140
Trd, 4319998.293, 139
Trd, 4319999.193, 137
Trd, 4319999.443, 139
