Trd, 4318188.093, 61
Trd, 4318189.893, 60
Trd, 4318191.593, 60
Trd, 4318192.743, 60
Trd, 4318193.193, 64
Trd, 4318193.743, 65
Trd, 4318193.793, 68
Trd, 4318193.993, 109
Trd, 4318194.893, 107
Trd, 4318195.043, 136
Trd, 4318195.493, 72
Trd, 4318196.593, 63
Trd, 4318197.193, 62
Trd, 4318197.393, 126
Trd, 4318199.043, 63
Trd, 4318199.543, 67
Trd, 4318200.543, 61
Trd, 4318200.643, 61
Trd, 4318201.793, 71
Trd, 4318201.893, 101
Trd, 4318203.393, 61
Trd, 4318204.293, 60
Trd, 4318204.943, 61
Trd, 4318205.893, 62
Trd, 4318206.143, 63
Trd, 4318206.593, 69
Trd, 4318207.693, 64
Trd, 4318207.993, 62
Trd, 4318208.343, 72
Trd, 4318208.893, 67
Trd, 4318209.043, 60
Trd, 4318209.193, 76
Trd, 4318209.793, 112
Trd, 4318210.093, 63
Trd, 4318210.493, 72
Trd, 4318211.743, 60
Trd, 4318213.193, 61
Trd, 4318213.593, 67
Trd, 4318214.693, 60
Trd, 4318215.243, 61
Trd, 4318215.743, 67
Trd, 4318215.993, 64
Trd, 4318216.493, 62
Trd, 4318216.693, 81
Trd, 4318218.993, 64
Trd, 4318219.493, 60
Trd, 4318219.893, 61
Trd, 4318220.543, 60
Trd, 4318221.043, 61
Trd, 4318221.843, 62
Trd, 4318222.493, 76
Trd, 4318223.743, 63
Trd, 4318223.893, 60
Trd, 4318224.393, 65
Trd, 4318224.443, 70
Trd, 4318224.493, 75
Trd, 4318225.843, 62
Trd, 4318226.593, 61
Trd, 4318226.643, 68
Trd, 4318226.943, 62
Trd, 4318228.543, 64
Trd, 4318229.393, 86
Trd, 4318229.793, 61
Trd, 4318230.693, 60
Trd, 4318230.743, 63
Trd, 4318230.893, 65
Trd, 4318231.043, 134
Trd, 4318231.443, 140
Trd, 4318231.543, 139
Trd, 4318232.893, 106
Trd, 4318233.293, 66
Trd, 4318233.893, 61
Trd, 4318235.393, 62
Trd, 4318235.443, 64
Trd, 4318235.893, 85
Trd, 4318236.143, 136
Trd, 4318237.043, 61
Trd, 4318237.343, 61
Trd, 4318237.993, 68
Trd, 4318239.993, 60
Trd, 4318240.243, 60
Trd, 4318240.693, 61
Trd, 4318240.893, 64
Trd, 4318241.393, 78
Trd, 4318243.543, 60
Trd, 4318244.193, 62
Trd, 4318244.693, 63
Trd, 4318246.593, 60
Trd, 4318247.093, 62
Trd, 4318247.243, 63
Trd, 4318248.093, 62
Trd, 4318248.543, 61
Trd, 4318249.093, 76
Trd, 4318249.143, 136
Trd, 4318249.943, 60
Trd, 4318251.543, 60
Trd, 4318252.543, 61
Trd, 4318252.843, 61
Trd, 4318253.293, 63
Trd, 4318253.693, 61
Trd, 4318254.143, 60
Trd, 4318254.943, 61
Trd, 4318255.543, 62
Trd, 4318256.443, 63
Trd, 4318256.843, 64
Trd, 4318257.093, 79
Trd, 4318257.893, 63
Trd, 4318258.643, 68
Trd, 4318259.443, 64
Trd, 4318259.493, 65
Trd, 4318259.693, 62
Trd, 4318260.143, 82
Trd, 4318260.593, 92
Trd, 4318261.293, 87
Trd, 4318261.543, 60
Trd, 4318261.893, 62
Trd, 4318261.993, 72
Trd, 4318263.443, 140
Trd, 4318264.443, 140
Trd, 4318264.943, 140
Trd, 4318265.543, 135
Trd, 4318265.693, 140
Trd, 4318266.143, 109
Trd, 4318267.393, 85
Trd, 4318268.193, 140
Trd, 4318268.493, 83
Trd, 4318269.393, 78
Trd, 4318270.043, 64
Trd, 4318270.593, 62
Trd, 4318271.193, 140
Trd, 4318271.943, 92
Trd, 4318272.393, 60
Trd, 4318273.493, 108
Trd, 4318273.993, 107
Trd, 4318274.043, 115
Trd, 4318274.543, 65
Trd, 4318276.493, 62
Trd, 4318276.543, 63
Trd, 4318276.893, 71
Trd, 4318277.043, 68
Trd, 4318277.543, 138
Trd, 4318277.993, 110
Trd, 4318278.643, 76
Trd, 4318278.793, 62
Trd, 4318279.343, 63
Trd, 4318280.043, 140
Trd, 4318280.793, 140
Trd, 4318282.043, 66
Trd, 4318282.293, 72
Trd, 4318283.493, 138
Trd, 4318284.093, 140
Trd, 4318284.143, 139
Trd, 4318284.293, 132
Trd, 4318284.893, 61
Trd, 4318285.793, 60
Trd, 4318286.993, 62
Trd, 4318287.143, 69
Trd, 4318287.893, 61
Trd, 4318288.543, 139
Trd, 4318288.593, 138
Trd, 4318290.393, 60
Trd, 4318291.143, 61
Trd, 4318291.793, 61
Trd, 4318291.893, 62
Trd, 4318293.393, 67
Trd, 4318293.643, 62
Trd, 4318294.243, 64
Trd, 4318295.143, 60
Trd, 4318295.193, 69
Trd, 4318295.543, 95
Trd, 4318295.793, 139
Trd, 4318297.443, 60
Trd, 4318298.143, 61
Trd, 4318298.193, 70
Trd, 4318298.493, 122
Trd, 4318299.343, 140
Trd, 4318299.843, 140
Trd, 4318300.293, 140
Trd, 4318300.343, 96
Trd, 4318302.043, 65
Trd, 4318302.743, 62
Trd, 4318303.043, 60
Trd, 4318303.493, 61
Trd, 4318303.543, 66
Trd, 4318304.143, 60
Trd, 4318305.193, 65
Trd, 4318305.793, 66
Trd, 4318306.243, 62
Trd, 4318306.793, 82
Trd, 4318307.693, 66
Trd, 4318307.943, 97
Trd, 4318308.443, 61
Trd, 4318308.993, 63
Trd, 4318310.293, 140
Trd, 4318310.443, 140
Trd, 4318310.643, 140
Trd, 4318312.093, 140
Trd, 4318312.193, 140
Trd, 4318312.793, 139
Trd, 4318312.993, 138
Trd, 4318313.343, 61
Trd, 4318314.093, 140
Trd, 4318315.343, 139
Trd, 4318315.543, 104
Trd, 4318316.343, 140
Trd, 4318316.743, 71
Trd, 4318317.493, 140
Trd, 4318317.693, 138
Trd, 4318318.143, 140
Trd, 4318318.193, 139
Trd, 4318318.443, 70
Trd, 4318320.643, 140
Trd, 4318320.843, 139
Trd, 4318321.043, 122
Trd, 4318321.593, 139
Trd, 4318322.043, 140
Trd, 4318323.293, 61
Trd, 4318323.593, 67
Trd, 4318324.043, 62
Trd, 4318324.343, 139
Trd, 4318324.743, 140
Trd, 4318325.243, 137
Trd, 4318326.093, 63
Trd, 4318326.993, 61
Trd, 4318327.193, 65
Trd, 4318327.843, 61
Trd, 4318328.293, 61
Trd, 4318328.993, 125
Trd, 4318331.443, 64
Trd, 4318331.843, 64
Trd, 4318332.243, 140
Trd, 4318332.343, 140
Trd, 4318332.493, 135
Trd, 4318333.193, 139
Trd, 4318334.793, 63
Trd, 4318335.743, 139
Trd, 4318336.593, 106
Trd, 4318337.043, 140
Trd, 4318337.593, 60
Trd, 4318337.643, 62
Trd, 4318338.343, 64
Trd, 4318340.443, 61
Trd, 4318340.593, 60
Trd, 4318341.043, 60
Trd, 4318341.543, 62
Trd, 4318341.593, 67
Trd, 4318342.743, 63
Trd, 4318343.043, 96
Trd, 4318343.393, 139
Trd, 4318343.693, 77
Trd, 4318344.443, 140
Trd, 4318344.893, 140
Trd, 4318345.443, 82
Trd, 4318345.793, 138
Trd, 4318345.943, 69
Trd, 4318347.743, 140
Trd, 4318348.243, 140
Trd, 4318348.293, 137
Trd, 4318349.343, 128
Trd, 4318349.793, 140
Trd, 4318350.593, 61
Trd, 4318351.443, 85
Trd, 4318351.943, 62
Trd, 4318353.043, 60
Trd, 4318353.593, 140
Trd, 4318353.643, 72
Trd, 4318353.843, 107
Trd, 4318354.793, 140
Trd, 4318355.343, 140
Trd, 4318355.493, 140
Trd, 4318356.593, 82
Trd, 4318356.643, 80
Trd, 4318356.943, 83
Trd, 4318357.243, 140
Trd, 4318358.393, 62
Trd, 4318358.893, 61
Trd, 4318359.443, 134
Trd, 4318359.593, 92
Trd, 4318360.343, 74
Trd, 4318360.893, 137
Trd, 4318361.443, 65
Trd, 4318362.593, 61
Trd, 4318362.743, 74
Trd, 4318363.243, 62
Trd, 4318363.293, 60
Trd, 4318364.093, 61
Trd, 4318364.593, 139
Trd, 4318365.193, 136
Trd, 4318366.693, 118
Trd, 4318366.943, 101
Trd, 4318367.293, 140
Trd, 4318369.643, 140
Trd, 4318369.693, 140
Trd, 4318370.243, 139
Trd, 4318370.643, 106
Trd, 4318370.943, 63
Trd, 4318371.143, 61
Trd, 4318371.343, 65
Trd, 4318372.943, 140
Trd, 4318373.493, 140
Trd, 4318373.893, 140
Trd, 4318373.943, 139
Trd, 4318374.143, 138
Trd, 4318374.543, 60
Trd, 4318376.093, 140
Trd, 4318376.443, 97
Trd, 4318376.493, 96
Trd, 4318376.693, 118
Trd, 4318377.343, 140
Trd, 4318378.243, 132
Trd, 4318378.843, 140
Trd, 4318379.093, 139
Trd, 4318379.493, 134
Trd, 4318381.393, 60
Trd, 4318381.793, 140
Trd, 4318382.293, 140
Trd, 4318382.443, 140
Trd, 4318382.793, 140
Trd, 4318383.243, 137
Trd, 4318383.493, 68
Trd, 4318384.043, 108
Trd, 4318384.593, 110
Trd, 4318384.993, 139
Trd, 4318385.593, 62
Trd, 4318386.043, 63
Trd, 4318386.743, 140
Trd, 4318387.393, 112
Trd, 4318388.593, 62
Trd, 4318388.793, 65
Trd, 4318388.943, 66
Trd, 4318389.493, 62
Trd, 4318390.293, 61
Trd, 4318390.343, 65
Trd, 4318391.793, 93
Trd, 4318391.893, 83
Trd, 4318393.643, 139
Trd, 4318393.843, 140
Trd, 4318394.293, 61
Trd, 4318394.543, 105
Trd, 4318395.093, 62
Trd, 4318396.793, 60
Trd, 4318397.243, 60
Trd, 4318397.543, 61
Trd, 4318398.293, 60
Trd, 4318399.043, 60
Trd, 4318399.243, 61
Trd, 4318399.743, 138
Trd, 4318401.393, 61
Trd, 4318401.743, 67
Trd, 4318402.193, 63
Trd, 4318402.743, 60
Trd, 4318403.893, 140
Trd, 4318404.293, 140
Trd, 4318404.493, 140
Trd, 4318405.043, 60
Trd, 4318406.093, 140
Trd, 4318406.543, 134
Trd, 4318407.193, 61
Trd, 4318408.193, 72
Trd, 4318408.293, 132
Trd, 4318408.893, 140
Trd, 4318409.093, 139
Trd, 4318410.093, 60
Trd, 4318410.943, 61
Trd, 4318411.193, 66
Trd, 4318411.943, 140
Trd, 4318412.293, 140
Trd, 4318412.693, 140
Trd, 4318412.743, 95
Trd, 4318414.493, 61
Trd, 4318414.893, 62
Trd, 4318415.643, 64
Trd, 4318416.443, 73
Trd, 4318417.293, 61
Trd, 4318417.593, 107
Trd, 4318418.193, 140
Trd, 4318419.093, 140
Trd, 4318419.443, 140
Trd, 4318420.343, 66
Trd, 4318421.243, 140
Trd, 4318421.343, 140
Trd, 4318421.643, 140
Trd, 4318422.543, 69
Trd, 4318422.643, 140
Trd, 4318423.543, 65
Trd, 4318425.143, 140
Trd, 4318425.243, 140
Trd, 4318425.643, 140
Trd, 4318425.743, 136
Trd, 4318426.593, 65
Trd, 4318427.293, 139
Trd, 4318427.543, 103
Trd, 4318428.093, 140
Trd, 4318428.243, 140
Trd, 4318428.393, 139
Trd, 4318428.893, 139
Trd, 4318430.443, 137
Trd, 4318430.593, 135
Trd, 4318430.743, 108
Trd, 4318431.543, 61
Trd, 4318432.793, 74
Trd, 4318433.193, 74
Trd, 4318434.143, 140
Trd, 4318434.343, 140
Trd, 4318435.193, 72
Trd, 4318435.243, 71
Trd, 4318435.293, 104
Trd, 4318435.543, 69
Trd, 4318436.293, 62
Trd, 4318436.743, 105
Trd, 4318437.143, 140
Trd, 4318438.143, 140
Trd, 4318438.743, 140
Trd, 4318439.843, 140
Trd, 4318440.493, 140
Trd, 4318440.643, 139
Trd, 4318440.893, 140
Trd, 4318441.443, 140
Trd, 4318441.893, 139
Trd, 4318442.593, 113
Trd, 4318443.193, 140
Trd, 4318443.543, 138
Trd, 4318444.893, 140
Trd, 4318444.943, 140
Trd, 4318445.493, 139
Trd, 4318445.843, 140
Trd, 4318446.243, 135
Trd, 4318447.243, 140
Trd, 4318447.943, 140
Trd, 4318448.443, 140
Trd, 4318448.643, 140
Trd, 4318448.893, 78
Trd, 4318450.293, 140
Trd, 4318450.793, 94
Trd, 4318451.293, 93
Trd, 4318451.643, 72
Trd, 4318451.993, 93
Trd, 4318452.543, 63
Trd, 4318453.443, 63
Trd, 4318453.693, 63
Trd, 4318454.843, 64
Trd, 4318455.093, 61
Trd, 4318455.443, 69
Trd, 4318455.593, 61
Trd, 4318457.193, 140
Trd, 4318457.593, 138
Trd, 4318457.643, 84
Trd, 4318458.043, 66
Trd, 4318459.193, 62
Trd, 4318460.493, 61
Trd, 4318460.943, 65
Trd, 4318461.793, 139
Trd, 4318462.543, 63
Trd, 4318464.193, 63
Trd, 4318464.743, 62
Trd, 4318465.193, 60
Trd, 4318465.693, 62
Trd, 4318465.893, 63
Trd, 4318466.393, 64
Trd, 4318467.293, 66
Trd, 4318468.243, 140
Trd, 4318468.293, 96
Trd, 4318468.493, 64
Trd, 4318470.493, 140
Trd, 4318470.893, 140
Trd, 4318471.093, 140
Trd, 4318471.193, 138
Trd, 4318471.543, 138
Trd, 4318472.293, 86
Trd, 4318472.693, 140
Trd, 4318472.943, 93
Trd, 4318473.043, 71
Trd, 4318473.343, 65
Trd, 4318474.943, 63
Trd, 4318475.243, 66
Trd, 4318475.843, 140
Trd, 4318475.943, 123
Trd, 4318476.793, 139
Trd, 4318476.943, 137
Trd, 4318477.143, 80
Trd, 4318479.193, 67
Trd, 4318479.593, 65
Trd, 4318480.193, 60
Trd, 4318480.593, 70
Trd, 4318480.693, 116
Trd, 4318481.893, 60
Trd, 4318482.393, 63
Trd, 4318482.843, 68
Trd, 4318483.993, 79
Trd, 4318484.893, 140
Trd, 4318485.193, 140
Trd, 4318485.393, 108
Trd, 4318485.743, 134
Trd, 4318485.793, 71
Trd, 4318486.243, 65
Trd, 4318486.693, 138
Trd, 4318487.543, 62
Trd, 4318487.593, 74
Trd, 4318489.393, 61
Trd, 4318489.443, 63
Trd, 4318489.593, 67
Trd, 4318491.243, 61
Trd, 4318491.643, 61
Trd, 4318491.943, 89
Trd, 4318492.893, 62
Trd, 4318493.143, 63
Trd, 4318493.893, 63
Trd, 4318494.243, 63
Trd, 4318494.393, 61
Trd, 4318494.643, 118
Trd, 4318496.143, 140
Trd, 4318496.943, 139
Trd, 4318497.393, 140
Trd, 4318497.593, 101
Trd, 4318497.643, 99
Trd, 4318499.243, 140
Trd, 4318499.343, 125
Trd, 4318499.443, 124
Trd, 4318500.443, 140
Trd, 4318500.493, 139
Trd, 4318500.643, 83
Trd, 4318501.443, 92
Trd, 4318502.893, 119
Trd, 4318503.743, 138
Trd, 4318504.143, 140
Trd, 4318504.243, 137
Trd, 4318505.243, 137
Trd, 4318506.343, 140
Trd, 4318506.743, 136
Trd, 4318507.993, 136
Trd, 4318508.093, 100
Trd, 4318508.743, 93
Trd, 4318508.993, 87
Trd, 4318509.343, 65
Trd, 4318509.493, 69
Trd, 4318510.493, 61
Trd, 4318511.243, 124
Trd, 4318512.043, 63
Trd, 4318512.693, 106
Trd, 4318512.793, 105
Trd, 4318513.293, 124
Trd, 4318514.043, 133
Trd, 4318514.093, 72
Trd, 4318514.593, 83
Trd, 4318514.793, 62
Trd, 4318515.193, 75
Trd, 4318517.093, 67
Trd, 4318517.743, 68
Trd, 4318518.293, 61
Trd, 4318518.443, 62
Trd, 4318518.743, 61
Trd, 4318519.843, 60
Trd, 4318521.193, 61
Trd, 4318521.543, 61
Trd, 4318522.443, 60
Trd, 4318522.793, 61
Trd, 4318523.193, 69
Trd, 4318523.443, 74
Trd, 4318524.143, 60
Trd, 4318524.593, 100
Trd, 4318527.793, 62
Trd, 4318528.143, 61
Trd, 4318529.093, 60
Trd, 4318529.893, 60
Trd, 4318529.993, 60
Trd, 4318531.193, 62
Trd, 4318531.743, 140
Trd, 4318532.443, 140
Trd, 4318532.493, 140
Trd, 4318532.993, 140
Trd, 4318533.043, 138
Trd, 4318533.343, 100
Trd, 4318534.243, 115
Trd, 4318534.643, 66
Trd, 4318535.143, 60
Trd, 4318536.493, 61
Trd, 4318536.893, 140
Trd, 4318536.943, 140
Trd, 4318537.543, 139
Trd, 4318538.043, 140
Trd, 4318538.693, 139
Trd, 4318539.593, 64
Trd, 4318539.943, 140
Trd, 4318540.243, 140
Trd, 4318541.093, 140
Trd, 4318541.293, 140
Trd, 4318541.943, 140
Trd, 4318542.793, 69
Trd, 4318543.743, 140
Trd, 4318544.143, 140
Trd, 4318544.343, 138
Trd, 4318545.043, 61
Trd, 4318545.393, 65
Trd, 4318546.743, 66
Trd, 4318547.893, 61
Trd, 4318548.343, 61
Trd, 4318548.693, 140
Trd, 4318549.143, 62
Trd, 4318550.093, 140
Trd, 4318550.193, 140
Trd, 4318550.493, 100
Trd, 4318551.193, 60
Trd, 4318551.893, 64
Trd, 4318552.293, 61
Trd, 4318553.643, 118
Trd, 4318553.993, 91
Trd, 4318554.393, 62
Trd, 4318554.693, 60
Trd, 4318555.993, 60
Trd, 4318556.393, 62
Trd, 4318557.893, 62
Trd, 4318558.943, 60
Trd, 4318559.793, 64
Trd, 4318559.843, 65
Trd, 4318561.493, 60
Trd, 4318561.943, 60
Trd, 4318562.993, 61
Trd, 4318563.743, 61
Trd, 4318564.243, 62
Trd, 4318564.343, 63
Trd, 4318564.493, 65
Trd, 4318564.593, 80
Trd, 4318565.443, 69
Trd, 4318566.643, 62
Trd, 4318567.593, 60
Trd, 4318568.093, 65
Trd, 4318569.343, 61
Trd, 4318569.443, 60
Trd, 4318571.843, 60
Trd, 4318571.993, 60
Trd, 4318572.193, 71
Trd, 4318573.193, 140
Trd, 4318574.293, 89
Trd, 4318575.093, 140
Trd, 4318575.143, 138
Trd, 4318575.543, 83
Trd, 4318577.593, 139
Trd, 4318577.643, 136
Trd, 4318577.993, 91
Trd, 4318578.343, 137
Trd, 4318579.143, 140
Trd, 4318579.243, 139
Trd, 4318579.393, 75
Trd, 4318580.693, 80
Trd, 4318581.993, 60
Trd, 4318582.093, 60
Trd, 4318582.343, 62
Trd, 4318583.993, 60
Trd, 4318584.093, 75
Trd, 4318584.243, 140
Trd, 4318584.943, 87
Trd, 4318585.593, 140
Trd, 4318585.643, 83
Trd, 4318586.793, 60
Trd, 4318586.993, 61
Trd, 4318588.693, 60
Trd, 4318589.143, 63
Trd, 4318589.493, 61
Trd, 4318590.443, 68
Trd, 4318590.693, 140
Trd, 4318591.093, 61
Trd, 4318592.843, 61
Trd, 4318592.993, 62
Trd, 4318593.593, 65
Trd, 4318593.943, 62
Trd, 4318594.693, 65
Trd, 4318594.743, 75
Trd, 4318594.793, 91
Trd, 4318595.693, 61
Trd, 4318595.743, 87
Trd, 4318596.643, 61
Trd, 4318598.193, 61
Trd, 4318599.143, 139
Trd, 4318599.343, 139
Trd, 4318599.743, 140
Trd, 4318600.593, 76
Trd, 4318602.493, 140
Trd, 4318602.593, 140
Trd, 4318602.943, 140
Trd, 4318603.243, 90
Trd, 4318604.093, 140
Trd, 4318604.243, 139
Trd, 4318604.893, 75
Trd, 4318605.143, 74
Trd, 4318606.493, 140
Trd, 4318606.693, 139
Trd, 4318607.593, 140
Trd, 4318607.793, 136
Trd, 4318607.943, 104
Trd, 4318608.193, 69
Trd, 4318609.493, 140
Trd, 4318610.693, 139
Trd, 4318610.793, 138
Trd, 4318611.393, 140
Trd, 4318611.793, 115
Trd, 4318612.293, 62
Trd, 4318613.043, 136
Trd, 4318613.843, 68
Trd, 4318614.993, 66
Trd, 4318615.343, 140
Trd, 4318615.443, 139
Trd, 4318616.093, 61
Trd, 4318617.343, 62
Trd, 4318617.543, 113
Trd, 4318618.243, 63
Trd, 4318618.393, 61
Trd, 4318618.893, 63
Trd, 4318619.343, 132
Trd, 4318619.993, 63
Trd, 4318620.393, 83
Trd, 4318621.893, 139
Trd, 4318622.193, 98
Trd, 4318623.793, 135
Trd, 4318624.293, 66
Trd, 4318624.743, 63
Trd, 4318625.343, 60
Trd, 4318625.743, 61
Trd, 4318625.943, 67
Trd, 4318626.643, 66
Trd, 4318627.943, 64
Trd, 4318628.943, 61
Trd, 4318628.993, 64
Trd, 4318630.293, 140
Trd, 4318630.693, 68
Trd, 4318631.243, 120
Trd, 4318631.643, 138
Trd, 4318632.243, 93
Trd, 4318632.393, 65
Trd, 4318633.243, 60
Trd, 4318634.493, 139
Trd, 4318634.693, 140
Trd, 4318635.243, 65
Trd, 4318636.543, 61
Trd, 4318636.893, 63
Trd, 4318637.693, 64
Trd, 4318638.143, 60
Trd, 4318638.343, 95
Trd, 4318639.143, 140
Trd, 4318640.293, 61
Trd, 4318640.593, 60
Trd, 4318641.243, 63
Trd, 4318641.793, 62
Trd, 4318642.093, 60
Trd, 4318644.143, 62
Trd, 4318644.393, 63
Trd, 4318644.643, 67
Trd, 4318644.693, 115
Trd, 4318645.793, 62
Trd, 4318646.843, 63
Trd, 4318647.193, 65
Trd, 4318647.743, 64
Trd, 4318648.093, 108
Trd, 4318648.393, 60
Trd, 4318649.793, 63
Trd, 4318651.143, 60
Trd, 4318651.743, 64
Trd, 4318652.193, 63
Trd, 4318653.443, 62
Trd, 4318654.043, 61
Trd, 4318654.343, 60
Trd, 4318655.093, 138
Trd, 4318655.243, 74
Trd, 4318656.193, 140
Trd, 4318657.043, 140
Trd, 4318657.093, 140
Trd, 4318657.493, 138
Trd, 4318658.343, 60
Trd, 4318658.643, 67
Trd, 4318659.043, 63
Trd, 4318659.743, 61
Trd, 4318660.743, 63
Trd, 4318660.793, 97
Trd, 4318662.193, 61
Trd, 4318663.043, 61
Trd, 4318663.543, 61
Trd, 4318663.743, 79
Trd, 4318664.843, 60
Trd, 4318665.293, 63
Trd, 4318665.843, 126
Trd, 4318666.093, 130
Trd, 4318666.493, 125
Trd, 4318667.193, 140
Trd, 4318667.843, 113
Trd, 4318668.543, 62
Trd, 4318669.043, 61
Trd, 4318670.843, 61
Trd, 4318671.093, 65
Trd, 4318671.443, 79
Trd, 4318671.993, 69
Trd, 4318672.243, 73
Trd, 4318672.293, 115
Trd, 4318672.843, 62
Trd, 4318674.643, 60
Trd, 4318675.643, 60
Trd, 4318676.143, 69
Trd, 4318676.843, 90
Trd, 4318678.043, 60
Trd, 4318678.393, 61
Trd, 4318678.693, 65
Trd, 4318679.093, 60
Trd, 4318679.143, 67
Trd, 4318680.543, 61
Trd, 4318681.893, 61
Trd, 4318682.643, 62
Trd, 4318682.793, 63
Trd, 4318683.393, 64
Trd, 4318683.943, 62
Trd, 4318684.043, 73
Trd, 4318685.093, 65
Trd, 4318686.543, 60
Trd, 4318687.193, 61
Trd, 4318687.743, 60
Trd, 4318687.843, 61
Trd, 4318688.593, 61
Trd, 4318688.693, 60
Trd, 4318688.843, 63
Trd, 4318689.143, 94
Trd, 4318689.543, 61
Trd, 4318690.943, 138
Trd, 4318691.393, 61
Trd, 4318691.943, 72
Trd, 4318692.743, 60
Trd, 4318692.943, 64
Trd, 4318693.543, 62
Trd, 4318693.743, 67
Trd, 4318694.793, 60
Trd, 4318696.543, 61
Trd, 4318696.843, 78
Trd, 4318697.143, 105
Trd, 4318698.543, 62
Trd, 4318698.643, 63
Trd, 4318699.493, 63
Trd, 4318699.543, 63
Trd, 4318702.243, 63
Trd, 4318703.193, 63
Trd, 4318703.393, 65
Trd, 4318703.943, 69
Trd, 4318704.093, 108
Trd, 4318705.043, 120
Trd, 4318706.643, 61
Trd, 4318706.843, 61
Trd, 4318707.093, 64
Trd, 4318708.993, 61
Trd, 4318709.643, 62
Trd, 4318709.693, 63
Trd, 4318710.093, 64
Trd, 4318710.343, 63
Trd, 4318712.243, 61
Trd, 4318712.793, 62
Trd, 4318713.193, 60
Trd, 4318713.593, 60
Trd, 4318713.743, 63
Trd, 4318714.293, 61
Trd, 4318716.393, 60
Trd, 4318717.243, 60
Trd, 4318717.293, 63
Trd, 4318718.793, 63
Trd, 4318718.943, 64
Trd, 4318719.893, 60
Trd, 4318720.593, 61
Trd, 4318720.693, 64
Trd, 4318720.893, 73
Trd, 4318722.293, 60
Trd, 4318723.493, 62
Trd, 4318723.993, 60
Trd, 4318724.443, 60
Trd, 4318725.293, 61
Trd, 4318726.043, 61
Trd, 4318726.093, 74
Trd, 4318727.743, 68
Trd, 4318727.993, 71
Trd, 4318728.593, 86
Trd, 4318728.693, 62
Trd, 4318729.643, 60
Trd, 4318729.993, 108
Trd, 4318730.593, 119
Trd, 4318731.143, 140
Trd, 4318731.343, 139
Trd, 4318732.393, 62
Trd, 4318732.793, 67
Trd, 4318733.643, 79
Trd, 4318734.093, 140
Trd, 4318734.443, 140
Trd, 4318735.243, 78
Trd, 4318736.193, 140
Trd, 4318737.093, 77
Trd, 4318737.643, 140
Trd, 4318738.493, 65
Trd, 4318738.843, 139
Trd, 4318739.643, 140
Trd, 4318740.193, 61
Trd, 4318740.743, 63
Trd, 4318741.393, 138
Trd, 4318741.493, 137
Trd, 4318741.843, 62
Trd, 4318742.393, 62
Trd, 4318743.343, 71
Trd, 4318743.843, 140
Trd, 4318744.143, 140
Trd, 4318744.643, 64
Trd, 4318744.843, 139
Trd, 4318745.693, 61
Trd, 4318746.393, 66
Trd, 4318747.343, 104
Trd, 4318748.043, 66
Trd, 4318748.193, 138
Trd, 4318748.543, 62
Trd, 4318749.543, 77
Trd, 4318750.793, 138
Trd, 4318751.893, 60
Trd, 4318752.493, 60
Trd, 4318752.543, 60
Trd, 4318753.093, 61
Trd, 4318753.143, 61
Trd, 4318753.993, 137
Trd, 4318754.743, 140
Trd, 4318754.943, 84
Trd, 4318755.693, 135
Trd, 4318755.893, 134
Trd, 4318756.143, 140
Trd, 4318757.093, 70
Trd, 4318757.643, 112
Trd, 4318758.443, 140
Trd, 4318758.793, 62
Trd, 4318759.043, 71
Trd, 4318759.593, 61
Trd, 4318760.243, 72
Trd, 4318760.943, 61
Trd, 4318762.743, 62
Trd, 4318763.293, 63
Trd, 4318763.693, 69
Trd, 4318765.293, 66
Trd, 4318765.793, 62
Trd, 4318765.893, 60
Trd, 4318766.343, 60
Trd, 4318766.793, 67
Trd, 4318767.643, 104
Trd, 4318767.993, 63
Trd, 4318768.493, 67
Trd, 4318769.993, 64
Trd, 4318770.593, 67
Trd, 4318771.043, 67
Trd, 4318771.643, 65
Trd, 4318771.743, 65
Trd, 4318772.593, 63
Trd, 4318773.343, 132
Trd, 4318774.743, 60
Trd, 4318775.093, 61
Trd, 4318775.493, 72
Trd, 4318776.143, 61
Trd, 4318776.243, 93
Trd, 4318776.293, 99
Trd, 4318777.093, 65
Trd, 4318779.243, 60
Trd, 4318779.293, 65
Trd, 4318779.643, 94
Trd, 4318780.143, 61
Trd, 4318782.043, 62
Trd, 4318782.243, 77
Trd, 4318782.293, 124
Trd, 4318782.943, 60
Trd, 4318783.393, 61
Trd, 4318783.943, 60
Trd, 4318784.443, 115
Trd, 4318785.393, 61
Trd, 4318785.643, 140
Trd, 4318786.593, 68
Trd, 4318787.843, 66
Trd, 4318788.943, 66
Trd, 4318789.143, 61
Trd, 4318790.693, 61
Trd, 4318791.043, 60
Trd, 4318791.343, 60
Trd, 4318791.393, 61
Trd, 4318791.693, 60
Trd, 4318793.143, 60
Trd, 4318793.493, 64
Trd, 4318793.593, 67
Trd, 4318794.893, 100
Trd, 4318796.543, 62
Trd, 4318796.593, 69
Trd, 4318797.043, 61
Trd, 4318797.493, 62
Trd, 4318798.393, 60
Trd, 4318798.593, 60
Trd, 4318798.893, 69
Trd, 4318798.943, 95
Trd, 4318799.893, 140
Trd, 4318800.643, 103
Trd, 4318801.143, 85
Trd, 4318801.793, 134
Trd, 4318802.243, 140
Trd, 4318802.293, 140
Trd, 4318802.843, 140
Trd, 4318803.943, 138
Trd, 4318803.993, 83
Trd, 4318804.543, 140
Trd, 4318805.443, 67
Trd, 4318806.943, 61
Trd, 4318807.243, 63
Trd, 4318807.743, 62
Trd, 4318808.543, 62
Trd, 4318810.193, 62
Trd, 4318810.643, 108
Trd, 4318810.943, 108
Trd, 4318811.343, 140
Trd, 4318811.543, 133
Trd, 4318812.543, 140
Trd, 4318812.693, 140
Trd, 4318812.993, 139
Trd, 4318813.093, 100
Trd, 4318813.843, 119
Trd, 4318814.443, 62
Trd, 4318814.693, 140
Trd, 4318814.793, 99
Trd, 4318815.243, 64
Trd, 4318816.293, 140
Trd, 4318817.693, 140
Trd, 4318818.243, 140
Trd, 4318819.393, 140
Trd, 4318819.843, 140
Trd, 4318820.093, 139
Trd, 4318820.593, 61
Trd, 4318820.943, 74
Trd, 4318821.393, 65
Trd, 4318821.643, 60
Trd, 4318823.293, 60
Trd, 4318823.843, 62
Trd, 4318824.593, 60
Trd, 4318826.093, 61
Trd, 4318826.143, 64
Trd, 4318826.193, 68
Trd, 4318827.293, 86
Trd, 4318828.643, 60
Trd, 4318828.743, 61
Trd, 4318829.743, 60
Trd, 4318830.493, 62
Trd, 4318830.893, 62
Trd, 4318830.943, 68
Trd, 4318831.293, 119
Trd, 4318831.593, 60
Trd, 4318831.843, 67
Trd, 4318832.793, 140
Trd, 4318833.743, 62
Trd, 4318834.343, 63
Trd, 4318835.893, 61
Trd, 4318836.193, 60
Trd, 4318836.443, 60
Trd, 4318837.843, 63
Trd, 4318837.993, 64
Trd, 4318839.943, 60
Trd, 4318840.143, 66
Trd, 4318840.393, 68
Trd, 4318840.793, 61
Trd, 4318840.843, 78
Trd, 4318841.443, 140
Trd, 4318842.193, 64
Trd, 4318842.793, 61
Trd, 4318843.643, 60
Trd, 4318843.793, 60
Trd, 4318844.143, 79
Trd, 4318844.543, 60
Trd, 4318845.243, 61
Trd, 4318845.643, 140
Trd, 4318846.743, 140
Trd, 4318846.893, 139
Trd, 4318846.993, 125
Trd, 4318848.843, 60
Trd, 4318849.993, 62
Trd, 4318850.193, 62
Trd, 4318850.243, 64
Trd, 4318852.093, 60
Trd, 4318852.243, 60
Trd, 4318852.693, 63
Trd, 4318852.943, 64
Trd, 4318854.143, 65
Trd, 4318855.443, 67
Trd, 4318855.793, 68
Trd, 4318856.043, 62
Trd, 4318857.393, 60
Trd, 4318857.993, 63
Trd, 4318858.043, 65
Trd, 4318858.793, 64
Trd, 4318858.993, 69
Trd, 4318859.943, 61
Trd, 4318860.643, 62
Trd, 4318861.743, 63
Trd, 4318863.143, 80
Trd, 4318863.293, 61
Trd, 4318863.443, 89
Trd, 4318863.743, 62
Trd, 4318864.843, 65
Trd, 4318865.243, 140
Trd, 4318865.393, 140
Trd, 4318866.743, 60
Trd, 4318866.893, 62
Trd, 4318868.143, 63
Trd, 4318868.743, 61
Trd, 4318869.793, 60
Trd, 4318870.493, 61
Trd, 4318872.093, 61
Trd, 4318872.343, 61
Trd, 4318872.393, 63
Trd, 4318872.693, 61
Trd, 4318873.043, 140
Trd, 4318873.093, 140
Trd, 4318874.593, 140
Trd, 4318875.493, 100
Trd, 4318875.843, 100
Trd, 4318876.493, 101
Trd, 4318877.093, 109
Trd, 4318877.843, 140
Trd, 4318877.993, 139
Trd, 4318878.643, 108
Trd, 4318878.993, 139
Trd, 4318879.143, 137
Trd, 4318880.043, 119
Trd, 4318880.593, 91
Trd, 4318882.593, 140
Trd, 4318882.643, 140
Trd, 4318883.143, 137
Trd, 4318884.393, 93
Trd, 4318885.743, 60
Trd, 4318886.393, 66
Trd, 4318886.793, 76
Trd, 4318887.593, 62
Trd, 4318888.243, 103
Trd, 4318888.443, 116
Trd, 4318888.593, 140
Trd, 4318888.743, 63
Trd, 4318889.493, 72
Trd, 4318889.643, 61
Trd, 4318889.793, 62
Trd, 4318891.193, 61
Trd, 4318892.343, 69
Trd, 4318892.443, 72
Trd, 4318893.293, 60
Trd, 4318893.793, 68
Trd, 4318893.943, 60
Trd, 4318895.443, 61
Trd, 4318896.143, 61
Trd, 4318896.493, 66
Trd, 4318897.693, 63
Trd, 4318897.843, 67
Trd, 4318898.393, 72
Trd, 4318898.743, 65
Trd, 4318898.893, 60
Trd, 4318899.343, 140
Trd, 4318901.043, 76
Trd, 4318901.343, 140
Trd, 4318902.493, 60
Trd, 4318902.843, 60
Trd, 4318902.893, 67
Trd, 4318903.043, 140
Trd, 4318904.193, 60
Trd, 4318905.243, 66
Trd, 4318905.443, 67
Trd, 4318905.943, 76
Trd, 4318906.493, 66
Trd, 4318907.843, 61
Trd, 4318908.443, 61
Trd, 4318908.993, 140
Trd, 4318909.393, 140
Trd, 4318909.893, 140
Trd, 4318910.293, 140
Trd, 4318910.893, 68
Trd, 4318911.243, 140
Trd, 4318914.293, 60
Trd, 4318914.493, 60
Trd, 4318916.293, 60
Trd, 4318916.393, 62
Trd, 4318916.493, 62
Trd, 4318916.693, 69
Trd, 4318916.743, 74
Trd, 4318917.493, 66
Trd, 4318917.993, 62
Trd, 4318918.343, 72
Trd, 4318918.793, 65
Trd, 4318919.243, 61
Trd, 4318919.793, 131
Trd, 4318920.243, 83
Trd, 4318921.393, 60
Trd, 4318921.693, 74
Trd, 4318922.393, 64
Trd, 4318922.643, 62
Trd, 4318923.193, 66
Trd, 4318923.593, 69
Trd, 4318925.143, 62
Trd, 4318925.193, 84
Trd, 4318926.243, 60
Trd, 4318927.093, 60
Trd, 4318927.893, 63
Trd, 4318928.143, 72
Trd, 4318928.843, 139
Trd, 4318929.643, 140
Trd, 4318929.693, 138
Trd, 4318929.743, 137
Trd, 4318929.893, 107
Trd, 4318930.543, 131
Trd, 4318930.843, 108
Trd, 4318932.043, 89
Trd, 4318933.893, 60
Trd, 4318933.943, 61
Trd, 4318934.693, 62
Trd, 4318935.243, 123
Trd, 4318935.293, 127
Trd, 4318936.243, 90
Trd, 4318936.593, 65
Trd, 4318937.693, 61
Trd, 4318937.793, 73
Trd, 4318937.943, 61
Trd, 4318938.393, 61
Trd, 4318939.893, 134
Trd, 4318940.293, 140
Trd, 4318940.743, 136
Trd, 4318940.893, 135
Trd, 4318942.093, 139
Trd, 4318943.543, 140
Trd, 4318943.593, 140
Trd, 4318943.893, 140
Trd, 4318944.843, 136
Trd, 4318945.193, 136
Trd, 4318945.343, 135
Trd, 4318946.443, 140
Trd, 4318946.493, 140
Trd, 4318946.993, 140
Trd, 4318947.143, 121
Trd, 4318948.343, 131
Trd, 4318948.843, 140
Trd, 4318949.293, 94
Trd, 4318949.793, 112
Trd, 4318952.343, 140
Trd, 4318953.193, 140
Trd, 4318953.843, 140
Trd, 4318954.043, 140
Trd, 4318954.093, 140
Trd, 4318954.493, 140
Trd, 4318954.793, 98
Trd, 4318955.693, 62
Trd, 4318956.443, 61
Trd, 4318957.393, 61
Trd, 4318958.543, 60
Trd, 4318958.843, 60
Trd, 4318960.143, 62
Trd, 4318960.193, 64
Trd, 4318960.793, 61
Trd, 4318961.243, 65
Trd, 4318962.143, 61
Trd, 4318962.743, 63
Trd, 4318964.443, 60
Trd, 4318965.843, 61
Trd, 4318966.343, 61
Trd, 4318966.643, 60
Trd, 4318967.493, 60
Trd, 4318967.743, 68
Trd, 4318967.793, 68
Trd, 4318968.543, 76
Trd, 4318970.093, 60
Trd, 4318970.293, 62
Trd, 4318970.343, 64
Trd, 4318971.493, 104
Trd, 4318972.043, 139
Trd, 4318972.593, 139
Trd, 4318972.793, 140
Trd, 4318973.193, 139
Trd, 4318973.343, 90
Trd, 4318975.093, 90
Trd, 4318975.393, 119
Trd, 4318975.543, 65
Trd, 4318975.843, 136
Trd, 4318976.793, 61
Trd, 4318977.493, 66
Trd, 4318977.543, 68
Trd, 4318979.193, 61
Trd, 4318979.943, 64
Trd, 4318981.643, 61
Trd, 4318982.443, 60
Trd, 4318982.943, 61
Trd, 4318983.043, 72
Trd, 4318983.093, 79
Trd, 4318983.243, 138
Trd, 4318983.843, 63
Trd, 4318984.243, 140
Trd, 4318984.493, 139
Trd, 4318984.993, 109
Trd, 4318985.543, 140
Trd, 4318985.843, 137
Trd, 4318987.343, 62
Trd, 4318988.143, 61
Trd, 4318988.943, 129
Trd, 4318990.093, 79
Trd, 4318990.743, 140
Trd, 4318991.393, 140
Trd, 4318991.793, 140
Trd, 4318991.893, 137
Trd, 4318992.243, 60
Trd, 4318993.993, 82
Trd, 4318994.743, 138
Trd, 4318994.843, 83
Trd, 4318995.493, 134
Trd, 4318996.143, 140
Trd, 4318996.343, 102
Trd, 4318997.443, 140
Trd, 4318997.693, 139
Trd, 4318998.493, 88
Trd, 4318998.893, 80
Trd, 4318999.843, 140
Trd, 4319000.093, 140
Trd, 4319000.243, 139
Trd, 4319000.343, 102
Trd, 4319001.393, 64
Trd, 4319002.293, 64
Trd, 4319002.743, 62
Trd, 4319003.443, 140
Trd, 4319004.043, 139
Trd, 4319004.193, 134
Trd, 4319005.743, 70
Trd, 4319006.243, 68
Trd, 4319006.443, 140
Trd, 4319006.693, 121
Trd, 4319007.443, 139
Trd, 4319007.643, 120
Trd, 4319008.643, 60
Trd, 4319008.893, 136
Trd, 4319009.593, 91
Trd, 4319010.593, 64
Trd, 4319011.393, 80
Trd, 4319011.743, 66
Trd, 4319011.893, 102
Trd, 4319012.543, 137
Trd, 4319012.893, 63
Trd, 4319013.793, 65
Trd, 4319014.993, 140
Trd, 4319015.793, 140
Trd, 4319015.943, 140
Trd, 4319016.243, 133
Trd, 4319017.193, 69
Trd, 4319018.043, 140
Trd, 4319018.743, 61
Trd, 4319019.843, 140
Trd, 4319019.943, 140
Trd, 4319020.243, 140
Trd, 4319020.443, 140
Trd, 4319021.893, 84
Trd, 4319022.643, 140
Trd, 4319023.043, 140
Trd, 4319023.293, 135
Trd, 4319023.693, 140
Trd, 4319024.493, 64
Trd, 4319024.693, 61
Trd, 4319025.343, 81
Trd, 4319026.543, 62
Trd, 4319026.943, 60
Trd, 4319027.343, 61
Trd, 4319028.793, 61
Trd, 4319029.143, 64
Trd, 4319029.893, 61
Trd, 4319030.143, 140
Trd, 4319032.043, 62
Trd, 4319032.443, 63
Trd, 4319032.593, 64
Trd, 4319032.993, 63
Trd, 4319033.493, 60
Trd, 4319033.793, 98
Trd, 4319034.493, 86
Trd, 4319035.393, 140
Trd, 4319035.843, 140
Trd, 4319036.293, 140
Trd, 4319036.493, 140
Trd, 4319036.943, 74
Trd, 4319037.893, 140
Trd, 4319038.243, 139
Trd, 4319038.793, 139
Trd, 4319038.993, 89
Trd, 4319039.893, 108
Trd, 4319040.643, 60
Trd, 4319040.743, 62
Trd, 4319041.193, 64
Trd, 4319043.243, 60
Trd, 4319043.593, 61
Trd, 4319044.693, 61
Trd, 4319045.693, 60
Trd, 4319045.893, 61
Trd, 4319046.443, 61
Trd, 4319047.143, 66
Trd, 4319047.993, 60
Trd, 4319049.293, 60
Trd, 4319049.443, 65
Trd, 4319050.243, 63
Trd, 4319051.343, 111
Trd, 4319051.593, 77
Trd, 4319051.743, 65
Trd, 4319053.043, 61
Trd, 4319053.093, 62
Trd, 4319053.243, 61
Trd, 4319053.293, 128
Trd, 4319053.993, 65
Trd, 4319054.643, 65
Trd, 4319055.293, 85
Trd, 4319055.993, 63
Trd, 4319056.793, 61
Trd, 4319057.093, 62
Trd, 4319058.343, 81
Trd, 4319058.843, 132
Trd, 4319059.443, 109
Trd, 4319059.543, 140
Trd, 4319060.193, 109
Trd, 4319060.793, 140
Trd, 4319061.093, 139
Trd, 4319061.293, 121
Trd, 4319061.793, 81
Trd, 4319062.193, 61
Trd, 4319062.693, 115
Trd, 4319064.043, 140
Trd, 4319064.543, 140
Trd, 4319065.093, 140
Trd, 4319065.693, 140
Trd, 4319065.843, 140
Trd, 4319066.243, 140
Trd, 4319066.843, 138
Trd, 4319066.943, 93
Trd, 4319068.443, 71
Trd, 4319069.343, 80
Trd, 4319069.743, 70
Trd, 4319070.443, 63
Trd, 4319070.943, 72
Trd, 4319071.293, 99
Trd, 4319071.843, 139
Trd, 4319071.943, 103
Trd, 4319073.043, 128
Trd, 4319073.543, 65
Trd, 4319073.893, 66
Trd, 4319073.943, 61
Trd, 4319074.443, 139
Trd, 4319074.643, 82
Trd, 4319076.093, 140
Trd, 4319076.193, 140
Trd, 4319076.493, 140
Trd, 4319077.543, 90
Trd, 4319077.993, 75
Trd, 4319078.843, 75
Trd, 4319079.793, 60
Trd, 4319079.843, 69
Trd, 4319080.293, 140
Trd, 4319081.593, 140
Trd, 4319081.743, 139
Trd, 4319082.643, 140
Trd, 4319082.893, 139
Trd, 4319083.593, 99
Trd, 4319083.993, 140
Trd, 4319084.243, 85
Trd, 4319085.293, 108
Trd, 4319085.493, 126
Trd, 4319085.793, 108
Trd, 4319086.293, 140
Trd, 4319086.943, 140
Trd, 4319087.893, 140
Trd, 4319088.243, 118
Trd, 4319089.393, 60
Trd, 4319089.593, 62
Trd, 4319091.293, 61
Trd, 4319091.543, 133
Trd, 4319091.993, 63
Trd, 4319093.343, 62
Trd, 4319093.843, 86
Trd, 4319094.193, 78
Trd, 4319094.843, 60
Trd, 4319095.693, 70
Trd, 4319096.143, 76
Trd, 4319097.843, 62
Trd, 4319098.193, 64
Trd, 4319098.593, 84
Trd, 4319099.843, 60
Trd, 4319100.293, 60
Trd, 4319100.393, 61
Trd, 4319100.993, 62
Trd, 4319101.693, 60
Trd, 4319103.443, 60
Trd, 4319103.543, 60
Trd, 4319104.493, 62
Trd, 4319104.643, 66
Trd, 4319104.743, 66
Trd, 4319104.793, 80
Trd, 4319105.643, 64
Trd, 4319106.893, 60
Trd, 4319108.443, 60
Trd, 4319109.243, 60
Trd, 4319109.343, 62
Trd, 4319109.843, 62
Trd, 4319111.543, 60
Trd, 4319111.893, 61
Trd, 4319111.993, 61
Trd, 4319112.143, 61
Trd, 4319112.793, 69
Trd, 4319112.993, 74
Trd, 4319114.293, 61
Trd, 4319115.043, 63
Trd, 4319115.193, 64
Trd, 4319116.793, 67
Trd, 4319117.443, 60
Trd, 4319118.093, 68
Trd, 4319118.293, 71
Trd, 4319119.393, 61
Trd, 4319120.993, 60
Trd, 4319121.843, 61
Trd, 4319122.043, 64
Trd, 4319122.493, 65
Trd, 4319122.793, 60
Trd, 4319123.393, 60
Trd, 4319123.493, 74
Trd, 4319124.043, 140
Trd, 4319124.693, 73
Trd, 4319125.043, 72
Trd, 4319126.143, 65
Trd, 4319127.093, 66
Trd, 4319127.443, 67
Trd, 4319128.293, 63
Trd, 4319129.293, 60
Trd, 4319129.743, 62
Trd, 4319129.843, 63
Trd, 4319130.943, 60
Trd, 4319131.143, 65
Trd, 4319131.443, 137
Trd, 4319133.043, 60
Trd, 4319133.143, 63
Trd, 4319133.743, 62
Trd, 4319134.393, 60
Trd, 4319134.993, 60
Trd, 4319135.243, 60
Trd, 4319136.243, 65
Trd, 4319136.393, 64
Trd, 4319137.543, 74
Trd, 4319137.993, 65
Trd, 4319138.243, 69
Trd, 4319140.643, 60
Trd, 4319141.093, 61
Trd, 4319141.443, 64
Trd, 4319141.893, 62
Trd, 4319143.293, 68
Trd, 4319143.443, 60
Trd, 4319143.543, 94
Trd, 4319144.243, 100
Trd, 4319144.793, 140
Trd, 4319146.143, 140
Trd, 4319146.293, 140
Trd, 4319147.743, 140
Trd, 4319147.893, 140
Trd, 4319148.243, 138
Trd, 4319148.793, 140
Trd, 4319148.843, 139
Trd, 4319149.293, 89
Trd, 4319150.293, 103
Trd, 4319150.943, 66
Trd, 4319151.393, 135
Trd, 4319152.093, 140
Trd, 4319152.843, 60
Trd, 4319153.293, 64
Trd, 4319153.443, 64
Trd, 4319154.093, 139
Trd, 4319155.093, 140
Trd, 4319155.143, 140
Trd, 4319155.393, 139
Trd, 4319155.543, 138
Trd, 4319156.843, 139
Trd, 4319156.943, 138
Trd, 4319157.793, 132
Trd, 4319157.893, 122
Trd, 4319158.943, 140
Trd, 4319159.193, 140
Trd, 4319159.393, 86
Trd, 4319160.243, 61
Trd, 4319160.943, 62
Trd, 4319162.343, 61
Trd, 4319162.543, 83
Trd, 4319162.843, 137
Trd, 4319164.093, 140
Trd, 4319164.443, 140
Trd, 4319164.493, 139
Trd, 4319165.093, 139
Trd, 4319165.143, 138
Trd, 4319165.293, 94
Trd, 4319166.493, 102
Trd, 4319166.593, 61
Trd, 4319166.943, 139
Trd, 4319167.443, 64
Trd, 4319168.693, 62
Trd, 4319169.343, 65
Trd, 4319169.393, 70
Trd, 4319170.693, 140
Trd, 4319171.193, 60
Trd, 4319171.693, 65
Trd, 4319173.143, 132
Trd, 4319173.343, 131
Trd, 4319174.193, 140
Trd, 4319174.293, 137
Trd, 4319174.693, 113
Trd, 4319175.993, 137
Trd, 4319176.293, 136
Trd, 4319176.493, 138
Trd, 4319176.993, 140
Trd, 4319177.093, 138
Trd, 4319177.543, 66
Trd, 4319178.743, 61
Trd, 4319179.393, 61
Trd, 4319179.993, 61
Trd, 4319180.093, 69
Trd, 4319180.343, 60
Trd, 4319180.443, 95
Trd, 4319181.643, 61
Trd, 4319182.393, 60
Trd, 4319183.293, 60
Trd, 4319184.143, 62
Trd, 4319184.193, 71
Trd, 4319184.843, 60
Trd, 4319185.593, 92
Trd, 4319186.143, 60
Trd, 4319186.993, 61
Trd, 4319187.093, 62
Trd, 4319187.793, 60
Trd, 4319189.343, 60
Trd, 4319189.543, 87
Trd, 4319191.043, 61
Trd, 4319191.193, 62
Trd, 4319192.993, 60
Trd, 4319193.343, 63
Trd, 4319193.843, 63
Trd, 4319194.843, 62
Trd, 4319194.993, 60
Trd, 4319195.343, 66
Trd, 4319195.893, 60
Trd, 4319196.793, 60
Trd, 4319197.343, 60
Trd, 4319197.943, 61
Trd, 4319199.293, 60
Trd, 4319201.043, 61
Trd, 4319202.293, 61
Trd, 4319202.343, 61
Trd, 4319203.093, 63
Trd, 4319203.643, 62
Trd, 4319204.043, 66
Trd, 4319204.143, 75
Trd, 4319204.743, 66
Trd, 4319204.793, 65
Trd, 4319206.943, 138
Trd, 4319207.693, 136
Trd, 4319208.543, 60
Trd, 4319209.543, 62
Trd, 4319209.843, 61
Trd, 4319210.343, 67
Trd, 4319210.393, 103
Trd, 4319210.543, 71
Trd, 4319211.443, 140
Trd, 4319211.743, 140
Trd, 4319212.243, 140
Trd, 4319212.493, 140
Trd, 4319212.793, 140
Trd, 4319213.843, 124
Trd, 4319214.843, 71
Trd, 4319215.593, 135
Trd, 4319216.693, 75
Trd, 4319217.243, 63
Trd, 4319217.793, 63
Trd, 4319218.693, 70
Trd, 4319219.393, 103
Trd, 4319220.243, 60
Trd, 4319220.693, 61
Trd, 4319220.993, 60
Trd, 4319221.343, 69
Trd, 4319221.943, 60
Trd, 4319223.093, 62
Trd, 4319223.993, 61
Trd, 4319225.493, 60
Trd, 4319226.343, 62
Trd, 4319226.593, 62
Trd, 4319226.993, 61
Trd, 4319227.193, 62
Trd, 4319227.443, 68
Trd, 4319228.843, 60
Trd, 4319230.093, 63
Trd, 4319232.393, 60
Trd, 4319232.743, 62
Trd, 4319232.843, 63
Trd, 4319233.193, 64
Trd, 4319233.393, 64
Trd, 4319233.893, 60
Trd, 4319236.593, 60
Trd, 4319236.743, 62
Trd, 4319237.493, 60
Trd, 4319237.693, 61
Trd, 4319238.443, 62
Trd, 4319240.143, 139
Trd, 4319240.193, 137
Trd, 4319240.393, 136
Trd, 4319240.893, 135
Trd, 4319241.293, 129
Trd, 4319242.193, 61
Trd, 4319242.893, 61
Trd, 4319243.793, 64
Trd, 4319243.993, 67
Trd, 4319244.793, 79
Trd, 4319246.893, 64
Trd, 4319246.943, 69
Trd, 4319247.943, 60
Trd, 4319248.993, 66
Trd, 4319249.043, 69
Trd, 4319249.593, 63
Trd, 4319249.793, 64
Trd, 4319250.143, 60
Trd, 4319250.293, 140
Trd, 4319251.543, 61
Trd, 4319252.893, 65
Trd, 4319253.643, 63
Trd, 4319254.693, 60
Trd, 4319254.793, 60
Trd, 4319255.193, 60
Trd, 4319255.343, 91
Trd, 4319255.593, 71
Trd, 4319256.143, 63
Trd, 4319257.243, 61
Trd, 4319257.893, 139
Trd, 4319259.043, 62
Trd, 4319259.843, 83
Trd, 4319260.143, 68
Trd, 4319260.493, 70
Trd, 4319261.043, 126
Trd, 4319261.243, 61
Trd, 4319261.643, 65
Trd, 4319262.543, 139
Trd, 4319263.493, 61
Trd, 4319263.793, 63
Trd, 4319265.343, 70
Trd, 4319265.593, 60
Trd, 4319266.143, 81
Trd, 4319267.993, 60
Trd, 4319268.493, 60
Trd, 4319269.193, 62
Trd, 4319269.893, 64
Trd, 4319269.943, 69
Trd, 4319270.043, 140
Trd, 4319270.543, 140
Trd, 4319271.443, 90
Trd, 4319271.993, 139
Trd, 4319272.443, 140
Trd, 4319272.593, 79
Trd, 4319273.343, 118
Trd, 4319273.793, 60
Trd, 4319274.343, 60
Trd, 4319274.593, 60
Trd, 4319275.293, 63
Trd, 4319275.693, 139
Trd, 4319277.343, 63
Trd, 4319277.643, 66
Trd, 4319278.893, 60
Trd, 4319280.143, 60
Trd, 4319280.193, 61
Trd, 4319280.843, 61
Trd, 4319281.393, 60
Trd, 4319282.243, 75
Trd, 4319282.593, 93
Trd, 4319283.093, 61
Trd, 4319283.593, 62
Trd, 4319284.043, 60
Trd, 4319284.593, 60
Trd, 4319285.493, 61
Trd, 4319286.743, 62
Trd, 4319287.343, 61
Trd, 4319287.393, 66
Trd, 4319287.493, 66
Trd, 4319287.743, 60
Trd, 4319288.393, 64
Trd, 4319288.843, 63
Trd, 4319290.043, 140
Trd, 4319290.093, 140
Trd, 4319290.743, 105
Trd, 4319291.093, 135
Trd, 4319292.293, 60
Trd, 4319292.393, 61
Trd, 4319293.843, 64
Trd, 4319294.743, 60
Trd, 4319294.993, 60
Trd, 4319296.343, 60
Trd, 4319296.493, 63
Trd, 4319296.643, 64
Trd, 4319296.843, 64
Trd, 4319297.293, 64
Trd, 4319298.643, 110
Trd, 4319299.443, 74
Trd, 4319299.943, 60
Trd, 4319300.393, 91
Trd, 4319301.893, 60
Trd, 4319301.943, 63
Trd, 4319301.993, 74
Trd, 4319302.293, 80
Trd, 4319303.093, 61
Trd, 4319304.043, 65
Trd, 4319304.443, 60
Trd, 4319305.293, 60
Trd, 4319306.543, 64
Trd, 4319306.693, 67
Trd, 4319307.493, 140
Trd, 4319307.643, 139
Trd, 4319308.243, 75
Trd, 4319308.793, 140
Trd, 4319309.593, 60
Trd, 4319310.343, 60
Trd, 4319310.443, 65
Trd, 4319311.293, 66
Trd, 4319312.593, 60
Trd, 4319312.943, 60
Trd, 4319313.743, 61
Trd, 4319313.943, 65
Trd, 4319314.643, 65
Trd, 4319314.843, 139
Trd, 4319314.993, 60
Trd, 4319315.393, 64
Trd, 4319315.893, 62
Trd, 4319316.693, 60
Trd, 4319317.243, 72
Trd, 4319317.893, 138
Trd, 4319318.743, 67
Trd, 4319319.643, 140
Trd, 4319319.743, 138
Trd, 4319320.143, 85
Trd, 4319321.193, 64
Trd, 4319321.393, 80
Trd, 4319322.293, 139
Trd, 4319322.643, 94
Trd, 4319322.993, 137
Trd, 4319323.343, 88
Trd, 4319323.593, 84
Trd, 4319325.243, 65
Trd, 4319325.293, 69
Trd, 4319325.743, 61
Trd, 4319326.893, 63
Trd, 4319327.093, 67
Trd, 4319327.993, 61
Trd, 4319328.243, 140
Trd, 4319330.493, 60
Trd, 4319330.893, 60
Trd, 4319332.143, 61
Trd, 4319332.193, 64
Trd, 4319333.293, 67
Trd, 4319333.743, 63
Trd, 4319333.943, 66
Trd, 4319334.293, 62
Trd, 4319335.143, 61
Trd, 4319335.493, 65
Trd, 4319335.993, 71
Trd, 4319336.793, 67
Trd, 4319337.343, 87
Trd, 4319338.443, 60
Trd, 4319338.893, 61
Trd, 4319339.493, 140
Trd, 4319340.443, 140
Trd, 4319340.543, 139
Trd, 4319340.993, 85
Trd, 4319341.343, 103
Trd, 4319341.793, 66
Trd, 4319342.143, 82
Trd, 4319343.443, 70
Trd, 4319344.293, 61
Trd, 4319344.643, 61
Trd, 4319345.393, 140
Trd, 4319345.543, 136
Trd, 4319346.543, 61
Trd, 4319346.993, 109
Trd, 4319348.793, 98
Trd, 4319348.893, 107
Trd, 4319349.643, 101
Trd, 4319350.343, 140
Trd, 4319350.493, 113
Trd, 4319351.293, 140
Trd, 4319352.343, 133
Trd, 4319353.043, 140
Trd, 4319353.343, 115
Trd, 4319354.193, 97
Trd, 4319354.793, 60
Trd, 4319355.243, 67
Trd, 4319355.743, 69
Trd, 4319356.693, 140
Trd, 4319356.993, 139
Trd, 4319357.693, 140
Trd, 4319357.993, 140
Trd, 4319358.793, 140
Trd, 4319359.893, 140
Trd, 4319360.043, 136
Trd, 4319361.143, 140
Trd, 4319361.393, 137
Trd, 4319361.593, 136
Trd, 4319361.793, 107
Trd, 4319362.793, 77
Trd, 4319363.143, 85
Trd, 4319363.993, 137
Trd, 4319364.393, 110
Trd, 4319365.593, 140
Trd, 4319365.793, 140
Trd, 4319366.143, 60
Trd, 4319366.943, 139
Trd, 4319367.393, 139
Trd, 4319367.943, 140
Trd, 4319368.043, 140
Trd, 4319369.343, 61
Trd, 4319369.593, 63
Trd, 4319370.143, 62
Trd, 4319370.643, 60
Trd, 4319371.543, 67
Trd, 4319371.743, 85
Trd, 4319372.343, 69
Trd, 4319372.593, 80
Trd, 4319372.693, 64
Trd, 4319373.243, 60
Trd, 4319373.393, 64
Trd, 4319375.043, 60
Trd, 4319375.293, 68
Trd, 4319375.543, 69
Trd, 4319375.793, 129
Trd, 4319376.793, 65
Trd, 4319378.093, 60
Trd, 4319378.243, 61
Trd, 4319378.943, 61
Trd, 4319380.293, 67
Trd, 4319380.943, 72
Trd, 4319381.343, 60
Trd, 4319381.393, 64
Trd, 4319381.493, 65
Trd, 4319383.193, 61
Trd, 4319384.493, 120
Trd, 4319385.243, 60
Trd, 4319385.393, 69
Trd, 4319386.443, 63
Trd, 4319387.243, 62
Trd, 4319388.543, 60
Trd, 4319388.943, 60
Trd, 4319389.193, 64
Trd, 4319390.043, 62
Trd, 4319390.893, 63
Trd, 4319391.043, 60
Trd, 4319391.743, 66
Trd, 4319392.093, 66
Trd, 4319392.493, 69
Trd, 4319393.493, 69
Trd, 4319394.043, 62
Trd, 4319394.943, 68
Trd, 4319395.293, 66
Trd, 4319395.443, 63
Trd, 4319397.043, 92
Trd, 4319397.343, 76
Trd, 4319397.593, 123
Trd, 4319398.443, 123
Trd, 4319399.043, 69
Trd, 4319399.243, 66
Trd, 4319399.493, 69
Trd, 4319399.543, 65
Trd, 4319399.943, 139
Trd, 4319400.643, 139
Trd, 4319402.243, 60
Trd, 4319402.793, 64
Trd, 4319403.693, 138
Trd, 4319404.493, 60
Trd, 4319405.143, 61
Trd, 4319405.843, 60
Trd, 4319405.993, 61
Trd, 4319407.743, 60
Trd, 4319407.943, 62
Trd, 4319408.293, 121
Trd, 4319408.943, 67
Trd, 4319411.043, 60
Trd, 4319411.343, 61
Trd, 4319412.043, 60
Trd, 4319413.293, 62
Trd, 4319413.343, 62
Trd, 4319414.193, 62
Trd, 4319414.493, 64
Trd, 4319415.393, 62
Trd, 4319416.143, 61
Trd, 4319416.593, 60
Trd, 4319417.393, 61
Trd, 4319417.493, 81
Trd, 4319418.343, 82
Trd, 4319418.693, 98
Trd, 4319420.193, 63
Trd, 4319420.543, 64
Trd, 4319421.043, 60
Trd, 4319421.843, 61
Trd, 4319422.643, 61
Trd, 4319424.193, 61
Trd, 4319424.443, 61
Trd, 4319425.693, 69
Trd, 4319425.793, 69
Trd, 4319426.993, 60
Trd, 4319427.843, 62
Trd, 4319429.793, 60
Trd, 4319430.093, 61
Trd, 4319430.293, 65
Trd, 4319430.343, 65
Trd, 4319430.743, 61
Trd, 4319430.793, 82
Trd, 4319430.943, 63
Trd, 4319431.693, 76
Trd, 4319433.443, 84
Trd, 4319433.493, 83
Trd, 4319434.043, 71
Trd, 4319434.543, 67
Trd, 4319435.643, 63
Trd, 4319436.043, 60
Trd, 4319437.343, 60
Trd, 4319437.893, 62
Trd, 4319438.643, 66
Trd, 4319439.493, 60
Trd, 4319440.143, 64
Trd, 4319441.393, 69
Trd, 4319441.593, 92
Trd, 4319441.943, 66
Trd, 4319442.143, 65
Trd, 4319442.343, 67
Trd, 4319442.843, 60
Trd, 4319443.393, 140
Trd, 4319443.593, 136
Trd, 4319444.493, 73
Trd, 4319445.493, 63
Trd, 4319445.943, 63
Trd, 4319446.493, 140
Trd, 4319446.993, 140
Trd, 4319448.043, 140
Trd, 4319448.493, 137
Trd, 4319448.943, 81
Trd, 4319449.443, 98
Trd, 4319449.793, 83
Trd, 4319450.343, 140
Trd, 4319451.593, 139
Trd, 4319451.693, 130
Trd, 4319452.093, 60
Trd, 4319452.893, 66
Trd, 4319453.793, 140
Trd, 4319453.993, 140
Trd, 4319454.443, 137
Trd, 4319454.843, 140
Trd, 4319455.593, 61
Trd, 4319455.943, 73
Trd, 4319458.993, 140
Trd, 4319459.093, 140
Trd, 4319459.593, 140
Trd, 4319459.643, 139
Trd, 4319459.693, 139
Trd, 4319460.343, 140
Trd, 4319460.543, 140
Trd, 4319461.043, 133
Trd, 4319461.743, 62
Trd, 4319462.843, 140
Trd, 4319463.093, 140
Trd, 4319463.193, 100
Trd, 4319464.793, 140
Trd, 4319465.493, 140
Trd, 4319465.743, 129
Trd, 4319466.643, 139
Trd, 4319468.043, 62
Trd, 4319468.293, 65
Trd, 4319468.643, 65
Trd, 4319469.343, 60
Trd, 4319469.593, 65
Trd, 4319469.793, 60
Trd, 4319470.543, 61
Trd, 4319470.743, 68
Trd, 4319471.093, 60
Trd, 4319471.693, 61
Trd, 4319473.043, 87
Trd, 4319473.343, 136
Trd, 4319473.993, 63
Trd, 4319474.743, 63
Trd, 4319476.143, 60
Trd, 4319477.243, 62
Trd, 4319477.293, 63
Trd, 4319477.793, 65
Trd, 4319478.493, 65
Trd, 4319478.943, 140
Trd, 4319479.093, 138
Trd, 4319479.243, 61
Trd, 4319480.043, 110
Trd, 4319480.293, 64
Trd, 4319480.443, 63
Trd, 4319481.293, 66
Trd, 4319482.043, 140
Trd, 4319482.993, 140
Trd, 4319483.743, 72
Trd, 4319484.193, 124
Trd, 4319485.343, 60
Trd, 4319485.543, 60
Trd, 4319486.193, 60
Trd, 4319487.243, 61
Trd, 4319487.843, 61
Trd, 4319488.393, 61
Trd, 4319489.243, 63
Trd, 4319489.493, 65
Trd, 4319489.643, 72
Trd, 4319490.643, 64
Trd, 4319490.943, 74
Trd, 4319491.743, 61
Trd, 4319493.143, 61
Trd, 4319493.543, 60
Trd, 4319493.843, 114
Trd, 4319494.543, 117
Trd, 4319494.743, 61
Trd, 4319495.593, 140
Trd, 4319495.643, 140
Trd, 4319496.043, 83
Trd, 4319496.393, 67
Trd, 4319496.593, 81
Trd, 4319497.493, 112
Trd, 4319498.943, 137
Trd, 4319499.193, 139
Trd, 4319499.243, 74
Trd, 4319499.493, 71
Trd, 4319500.143, 124
Trd, 4319501.093, 137
Trd, 4319501.643, 129
Trd, 4319501.993, 73
Trd, 4319502.293, 68
Trd, 4319503.893, 60
Trd, 4319505.443, 60
Trd, 4319505.743, 60
Trd, 4319505.843, 77
Trd, 4319506.693, 61
Trd, 4319507.743, 62
Trd, 4319507.993, 64
Trd, 4319508.193, 69
Trd, 4319508.843, 140
Trd, 4319509.093, 139
Trd, 4319510.893, 60
Trd, 4319511.393, 60
Trd, 4319511.993, 62
Trd, 4319512.143, 68
Trd, 4319514.643, 60
Trd, 4319514.893, 60
Trd, 4319515.193, 63
Trd, 4319515.493, 65
Trd, 4319515.743, 61
Trd, 4319516.043, 60
Trd, 4319517.293, 62
Trd, 4319518.443, 63
Trd, 4319518.693, 140
Trd, 4319520.293, 62
Trd, 4319520.793, 63
Trd, 4319521.293, 65
Trd, 4319522.193, 61
Trd, 4319523.293, 62
Trd, 4319523.393, 66
Trd, 4319523.943, 64
Trd, 4319524.443, 100
Trd, 4319525.343, 140
Trd, 4319525.843, 139
Trd, 4319525.943, 139
Trd, 4319526.393, 140
Trd, 4319527.243, 61
Trd, 4319528.043, 110
Trd, 4319528.143, 140
Trd, 4319528.393, 70
Trd, 4319529.043, 66
Trd, 4319530.093, 63
Trd, 4319531.643, 60
Trd, 4319532.393, 65
Trd, 4319533.193, 108
Trd, 4319533.743, 140
Trd, 4319533.843, 140
Trd, 4319534.293, 66
Trd, 4319535.793, 61
Trd, 4319536.143, 139
Trd, 4319536.493, 106
Trd, 4319536.593, 105
Trd, 4319537.543, 81
Trd, 4319537.793, 78
Trd, 4319538.243, 77
Trd, 4319538.743, 88
Trd, 4319539.143, 61
Trd, 4319539.493, 93
Trd, 4319540.343, 92
Trd, 4319540.943, 62
Trd, 4319541.393, 94
Trd, 4319542.343, 61
Trd, 4319542.393, 62
Trd, 4319543.493, 62
Trd, 4319544.343, 60
Trd, 4319545.543, 140
Trd, 4319545.843, 139
Trd, 4319546.093, 93
Trd, 4319546.393, 68
Trd, 4319547.093, 136
Trd, 4319547.543, 91
Trd, 4319547.793, 64
Trd, 4319548.743, 140
Trd, 4319549.393, 123
Trd, 4319549.793, 88
Trd, 4319550.743, 60
Trd, 4319551.043, 64
Trd, 4319551.543, 101
Trd, 4319551.643, 129
Trd, 4319552.143, 60
Trd, 4319552.193, 133
Trd, 4319552.943, 135
Trd, 4319553.893, 64
Trd, 4319554.843, 133
Trd, 4319554.893, 132
Trd, 4319556.143, 62
Trd, 4319556.793, 63
Trd, 4319557.243, 60
Trd, 4319557.343, 79
Trd, 4319558.443, 65
Trd, 4319558.893, 140
Trd, 4319559.343, 62
Trd, 4319560.193, 60
Trd, 4319562.643, 63
Trd, 4319562.693, 68
Trd, 4319563.293, 61
Trd, 4319563.393, 63
Trd, 4319564.893, 60
Trd, 4319565.893, 64
Trd, 4319566.643, 66
Trd, 4319566.993, 67
Trd, 4319567.093, 76
Trd, 4319567.593, 105
Trd, 4319568.093, 71
Trd, 4319569.143, 139
Trd, 4319569.743, 94
Trd, 4319569.943, 93
Trd, 4319570.293, 101
Trd, 4319571.393, 61
Trd, 4319571.693, 62
Trd, 4319573.143, 61
Trd, 4319574.393, 60
Trd, 4319574.993, 62
Trd, 4319575.143, 62
Trd, 4319575.393, 68
Trd, 4319575.893, 64
Trd, 4319576.343, 75
Trd, 4319578.243, 61
Trd, 4319578.393, 62
Trd, 4319578.543, 71
Trd, 4319579.293, 60
Trd, 4319580.743, 61
Trd, 4319580.793, 68
Trd, 4319580.943, 72
Trd, 4319581.043, 138
Trd, 4319582.643, 62
Trd, 4319584.243, 60
Trd, 4319584.493, 75
Trd, 4319585.343, 70
Trd, 4319585.993, 76
Trd, 4319586.043, 93
Trd, 4319587.893, 60
Trd, 4319588.093, 61
Trd, 4319588.443, 63
Trd, 4319588.643, 68
Trd, 4319589.243, 119
Trd, 4319590.193, 140
Trd, 4319590.243, 139
Trd, 4319590.893, 60
Trd, 4319591.043, 65
Trd, 4319591.693, 64
Trd, 4319591.843, 60
Trd, 4319592.093, 61
Trd, 4319592.993, 69
Trd, 4319595.243, 60
Trd, 4319595.343, 61
Trd, 4319595.443, 64
Trd, 4319596.393, 61
Trd, 4319596.743, 61
Trd, 4319598.143, 96
Trd, 4319598.193, 79
Trd, 4319598.243, 78
Trd, 4319598.693, 139
Trd, 4319601.443, 64
Trd, 4319602.043, 64
Trd, 4319602.943, 60
Trd, 4319603.493, 60
Trd, 4319603.993, 68
Trd, 4319604.343, 60
Trd, 4319604.843, 67
Trd, 4319605.043, 67
Trd, 4319606.143, 133
Trd, 4319606.893, 103
Trd, 4319607.193, 92
Trd, 4319607.493, 111
Trd, 4319608.243, 139
Trd, 4319609.193, 104
Trd, 4319609.843, 140
Trd, 4319610.093, 140
Trd, 4319610.593, 138
Trd, 4319611.393, 61
Trd, 4319612.143, 60
Trd, 4319612.243, 64
Trd, 4319612.643, 61
Trd, 4319612.993, 65
Trd, 4319613.843, 91
Trd, 4319614.093, 86
Trd, 4319614.393, 85
Trd, 4319615.043, 140
Trd, 4319615.593, 62
Trd, 4319616.693, 113
Trd, 4319617.443, 113
Trd, 4319617.893, 63
Trd, 4319618.543, 140
Trd, 4319618.593, 140
Trd, 4319619.243, 66
Trd, 4319619.793, 136
Trd, 4319619.993, 63
Trd, 4319620.443, 140
Trd, 4319621.043, 119
Trd, 4319621.943, 74
Trd, 4319623.043, 139
Trd, 4319623.293, 139
Trd, 4319625.693, 63
Trd, 4319625.943, 66
Trd, 4319626.543, 67
Trd, 4319627.093, 78
Trd, 4319627.343, 109
Trd, 4319628.343, 140
Trd, 4319628.443, 140
Trd, 4319628.543, 69
Trd, 4319629.193, 139
Trd, 4319630.043, 68
Trd, 4319631.893, 60
Trd, 4319632.843, 62
Trd, 4319633.193, 62
Trd, 4319633.593, 60
Trd, 4319633.643, 63
Trd, 4319634.993, 60
Trd, 4319635.393, 60
Trd, 4319635.893, 62
Trd, 4319635.993, 67
Trd, 4319636.893, 75
Trd, 4319637.043, 60
Trd, 4319639.893, 61
Trd, 4319640.243, 62
Trd, 4319640.543, 61
Trd, 4319641.043, 62
Trd, 4319641.143, 63
Trd, 4319641.343, 74
Trd, 4319642.493, 61
Trd, 4319642.543, 62
Trd, 4319643.793, 68
Trd, 4319644.993, 61
Trd, 4319645.743, 60
Trd, 4319645.893, 62
Trd, 4319646.793, 64
Trd, 4319647.943, 61
Trd, 4319648.143, 61
Trd, 4319648.293, 65
Trd, 4319648.793, 140
Trd, 4319649.393, 140
Trd, 4319650.443, 61
Trd, 4319651.743, 62
Trd, 4319652.693, 60
Trd, 4319652.843, 60
Trd, 4319653.143, 63
Trd, 4319653.793, 61
Trd, 4319653.843, 66
Trd, 4319655.393, 139
Trd, 4319656.143, 139
Trd, 4319657.443, 62
Trd, 4319657.793, 60
Trd, 4319658.593, 60
Trd, 4319658.743, 61
Trd, 4319659.543, 64
Trd, 4319659.793, 63
Trd, 4319659.843, 66
Trd, 4319661.443, 65
Trd, 4319662.593, 61
Trd, 4319662.743, 62
Trd, 4319663.193, 77
Trd, 4319663.693, 63
Trd, 4319664.293, 67
Trd, 4319665.343, 64
Trd, 4319665.393, 61
Trd, 4319665.693, 67
Trd, 4319666.293, 111
Trd, 4319666.643, 139
Trd, 4319666.943, 140
Trd, 4319668.393, 140
Trd, 4319669.193, 140
Trd, 4319669.643, 130
Trd, 4319670.093, 104
Trd, 4319670.743, 140
Trd, 4319672.243, 140
Trd, 4319672.593, 138
Trd, 4319673.093, 140
Trd, 4319673.143, 85
Trd, 4319673.193, 77
Trd, 4319674.243, 61
Trd, 4319674.443, 61
Trd, 4319675.243, 71
Trd, 4319676.143, 61
Trd, 4319676.943, 139
Trd, 4319677.443, 138
Trd, 4319677.693, 106
Trd, 4319678.243, 96
Trd, 4319678.793, 88
Trd, 4319679.343, 116
Trd, 4319679.743, 140
Trd, 4319682.093, 63
Trd, 4319682.993, 65
Trd, 4319683.743, 60
Trd, 4319684.143, 64
Trd, 4319684.643, 60
Trd, 4319684.943, 69
Trd, 4319685.243, 63
Trd, 4319685.343, 62
Trd, 4319685.743, 89
Trd, 4319685.993, 64
Trd, 4319686.493, 140
Trd, 4319687.893, 83
Trd, 4319689.043, 62
Trd, 4319689.293, 62
Trd, 4319690.343, 68
Trd, 4319691.243, 62
Trd, 4319692.143, 61
Trd, 4319693.193, 61
Trd, 4319693.443, 63
Trd, 4319693.893, 63
Trd, 4319694.293, 72
Trd, 4319694.993, 66
Trd, 4319695.943, 81
Trd, 4319696.543, 62
Trd, 4319697.293, 140
Trd, 4319697.443, 140
Trd, 4319697.793, 140
Trd, 4319697.843, 139
Trd, 4319699.743, 61
Trd, 4319700.843, 61
Trd, 4319701.143, 65
Trd, 4319701.793, 68
Trd, 4319703.543, 61
Trd, 4319703.643, 62
Trd, 4319703.693, 62
Trd, 4319704.493, 62
Trd, 4319705.643, 64
Trd, 4319705.993, 74
Trd, 4319706.043, 105
Trd, 4319707.043, 60
Trd, 4319707.693, 60
Trd, 4319708.543, 66
Trd, 4319709.843, 62
Trd, 4319710.093, 71
Trd, 4319710.943, 60
Trd, 4319712.243, 140
Trd, 4319712.393, 140
Trd, 4319712.643, 140
Trd, 4319712.693, 139
Trd, 4319712.943, 138
Trd, 4319713.343, 140
Trd, 4319714.243, 67
Trd, 4319714.593, 68
Trd, 4319715.743, 62
Trd, 4319716.343, 60
Trd, 4319717.143, 61
Trd, 4319717.443, 66
Trd, 4319717.893, 70
Trd, 4319718.343, 140
Trd, 4319718.743, 102
Trd, 4319719.343, 61
Trd, 4319720.243, 60
Trd, 4319721.093, 60
Trd, 4319721.293, 67
Trd, 4319722.793, 68
Trd, 4319724.143, 68
Trd, 4319724.893, 87
Trd, 4319725.243, 61
Trd, 4319725.793, 77
Trd, 4319725.843, 87
Trd, 4319726.193, 75
Trd, 4319726.693, 137
Trd, 4319726.793, 73
Trd, 4319727.193, 66
Trd, 4319727.843, 140
Trd, 4319728.493, 140
Trd, 4319729.293, 60
Trd, 4319731.893, 61
Trd, 4319732.793, 65
Trd, 4319733.543, 61
Trd, 4319733.943, 62
Trd, 4319734.643, 61
Trd, 4319734.943, 63
Trd, 4319735.793, 65
Trd, 4319735.843, 66
Trd, 4319736.943, 61
Trd, 4319737.443, 60
Trd, 4319737.693, 61
Trd, 4319739.793, 60
Trd, 4319739.893, 69
Trd, 4319740.643, 93
Trd, 4319740.793, 82
Trd, 4319741.493, 81
Trd, 4319741.743, 109
Trd, 4319742.093, 66
Trd, 4319742.893, 66
Trd, 4319743.843, 86
Trd, 4319743.943, 84
Trd, 4319744.593, 62
Trd, 4319745.343, 73
Trd, 4319746.393, 76
Trd, 4319746.843, 140
Trd, 4319747.093, 140
Trd, 4319748.343, 63
Trd, 4319748.693, 91
Trd, 4319749.093, 93
Trd, 4319750.443, 140
Trd, 4319750.643, 140
Trd, 4319752.743, 140
Trd, 4319752.893, 140
Trd, 4319753.143, 87
Trd, 4319753.693, 92
Trd, 4319754.443, 139
Trd, 4319755.793, 140
Trd, 4319755.943, 140
Trd, 4319756.243, 139
Trd, 4319757.093, 138
Trd, 4319757.143, 123
Trd, 4319757.743, 122
Trd, 4319759.093, 61
Trd, 4319759.443, 63
Trd, 4319759.943, 63
Trd, 4319760.743, 66
Trd, 4319761.593, 63
Trd, 4319761.793, 64
Trd, 4319761.893, 74
Trd, 4319762.193, 118
Trd, 4319763.243, 81
Trd, 4319764.343, 60
Trd, 4319765.393, 64
Trd, 4319765.893, 60
Trd, 4319766.143, 69
Trd, 4319767.143, 62
Trd, 4319767.193, 64
Trd, 4319768.993, 62
Trd, 4319769.993, 62
Trd, 4319770.793, 60
Trd, 4319771.293, 68
Trd, 4319771.443, 100
Trd, 4319772.593, 62
Trd, 4319773.543, 62
Trd, 4319773.843, 60
Trd, 4319774.193, 139
Trd, 4319774.993, 63
Trd, 4319775.593, 139
Trd, 4319775.993, 139
Trd, 4319776.043, 138
Trd, 4319776.343, 66
Trd, 4319776.593, 60
Trd, 4319778.143, 74
Trd, 4319779.793, 61
Trd, 4319780.693, 60
Trd, 4319781.243, 60
Trd, 4319781.693, 62
Trd, 4319782.693, 61
Trd, 4319782.843, 60
Trd, 4319783.593, 63
Trd, 4319784.993, 61
Trd, 4319785.543, 62
Trd, 4319785.843, 70
Trd, 4319785.943, 71
Trd, 4319787.193, 61
Trd, 4319787.443, 64
Trd, 4319787.893, 61
Trd, 4319788.293, 66
Trd, 4319788.643, 67
Trd, 4319788.993, 140
Trd, 4319789.043, 139
Trd, 4319789.593, 140
Trd, 4319790.143, 140
Trd, 4319791.243, 139
Trd, 4319792.093, 72
Trd, 4319792.443, 66
Trd, 4319794.543, 60
Trd, 4319794.993, 62
Trd, 4319795.293, 68
Trd, 4319795.593, 139
Trd, 4319796.143, 64
Trd, 4319796.493, 70
Trd, 4319796.943, 63
Trd, 4319797.893, 60
Trd, 4319798.093, 90
Trd, 4319799.843, 66
Trd, 4319800.043, 75
Trd, 4319801.443, 65
Trd, 4319801.593, 66
Trd, 4319802.793, 60
Trd, 4319802.943, 62
Trd, 4319803.893, 61
Trd, 4319804.393, 96
Trd, 4319805.143, 62
Trd, 4319805.743, 134
Trd, 4319806.193, 61
Trd, 4319807.193, 140
Trd, 4319807.793, 140
Trd, 4319808.093, 139
Trd, 4319808.643, 97
Trd, 4319808.943, 64
Trd, 4319809.743, 140
Trd, 4319809.993, 80
Trd, 4319810.543, 140
Trd, 4319811.393, 140
Trd, 4319812.343, 138
Trd, 4319813.293, 60
Trd, 4319814.093, 63
Trd, 4319814.643, 62
Trd, 4319815.393, 60
Trd, 4319815.443, 61
Trd, 4319815.743, 66
Trd, 4319816.393, 60
Trd, 4319816.843, 140
Trd, 4319817.793, 71
Trd, 4319817.993, 67
Trd, 4319818.593, 83
Trd, 4319819.343, 73
Trd, 4319819.993, 79
Trd, 4319820.343, 77
Trd, 4319820.843, 66
Trd, 4319822.393, 65
Trd, 4319822.643, 67
Trd, 4319822.693, 64
Trd, 4319823.293, 62
Trd, 4319823.393, 89
Trd, 4319824.343, 69
Trd, 4319826.143, 61
Trd, 4319826.693, 60
Trd, 4319827.443, 60
Trd, 4319827.793, 61
Trd, 4319828.143, 60
Trd, 4319828.543, 60
Trd, 4319829.643, 60
Trd, 4319830.793, 66
Trd, 4319831.643, 60
Trd, 4319831.793, 69
Trd, 4319831.893, 140
Trd, 4319833.143, 60
Trd, 4319833.293, 63
Trd, 4319834.293, 64
Trd, 4319836.143, 61
Trd, 4319836.193, 63
Trd, 4319836.493, 66
Trd, 4319836.793, 66
Trd, 4319838.043, 60
Trd, 4319838.843, 61
Trd, 4319839.943, 74
Trd, 4319840.193, 65
Trd, 4319841.043, 60
Trd, 4319842.043, 60
Trd, 4319842.743, 61
Trd, 4319843.443, 65
Trd, 4319844.093, 69
Trd, 4319844.543, 68
Trd, 4319844.993, 139
Trd, 4319845.943, 139
Trd, 4319846.293, 140
Trd, 4319846.893, 140
Trd, 4319847.143, 140
Trd, 4319847.593, 62
Trd, 4319848.293, 87
Trd, 4319848.893, 112
Trd, 4319849.093, 129
Trd, 4319851.343, 140
Trd, 4319852.043, 140
Trd, 4319852.143, 139
Trd, 4319853.043, 140
Trd, 4319853.593, 140
Trd, 4319854.493, 140
Trd, 4319854.593, 140
Trd, 4319854.893, 140
Trd, 4319855.693, 140
Trd, 4319856.443, 139
Trd, 4319856.743, 118
Trd, 4319857.743, 139
Trd, 4319857.893, 138
Trd, 4319859.043, 97
Trd, 4319859.743, 140
Trd, 4319860.093, 140
Trd, 4319860.393, 101
Trd, 4319861.593, 67
Trd, 4319862.493, 138
Trd, 4319862.743, 123
Trd, 4319863.593, 140
Trd, 4319864.093, 140
Trd, 4319864.243, 140
Trd, 4319864.543, 140
Trd, 4319865.543, 139
Trd, 4319866.093, 105
Trd, 4319866.593, 140
Trd, 4319866.693, 74
Trd, 4319867.093, 61
Trd, 4319868.743, 62
Trd, 4319868.893, 60
Trd, 4319869.893, 80
Trd, 4319870.493, 60
Trd, 4319870.943, 60
Trd, 4319871.493, 65
Trd, 4319872.293, 137
Trd, 4319873.243, 139
Trd, 4319873.493, 135
Trd, 4319873.893, 139
Trd, 4319873.943, 136
Trd, 4319874.143, 133
Trd, 4319874.743, 61
Trd, 4319876.043, 127
Trd, 4319876.443, 62
Trd, 4319876.993, 140
Trd, 4319877.843, 140
Trd, 4319878.193, 140
Trd, 4319878.393, 140
Trd, 4319878.493, 140
Trd, 4319880.793, 140
Trd, 4319880.843, 138
Trd, 4319881.893, 60
Trd, 4319882.543, 63
Trd, 4319882.843, 124
Trd, 4319883.893, 139
Trd, 4319884.293, 75
Trd, 4319884.693, 91
Trd, 4319884.743, 90
Trd, 4319885.893, 84
Trd, 4319886.143, 83
Trd, 4319886.343, 60
Trd, 4319887.093, 60
Trd, 4319887.793, 63
Trd, 4319888.243, 140
Trd, 4319889.743, 64
Trd, 4319890.043, 70
Trd, 4319890.993, 62
Trd, 4319891.393, 63
Trd, 4319892.193, 140
Trd, 4319892.243, 140
Trd, 4319892.843, 72
Trd, 4319893.393, 140
Trd, 4319893.893, 81
Trd, 4319895.043, 60
Trd, 4319895.443, 61
Trd, 4319895.893, 62
Trd, 4319897.993, 61
Trd, 4319898.393, 61
Trd, 4319898.593, 66
Trd, 4319898.893, 140
Trd, 4319899.093, 140
Trd, 4319899.893, 94
Trd, 4319900.143, 93
Trd, 4319900.943, 140
Trd, 4319900.993, 140
Trd, 4319901.793, 140
Trd, 4319901.993, 139
Trd, 4319902.493, 60
Trd, 4319903.643, 61
Trd, 4319903.843, 64
Trd, 4319903.943, 68
Trd, 4319904.843, 84
Trd, 4319905.343, 101
Trd, 4319905.743, 98
Trd, 4319906.343, 66
Trd, 4319906.893, 90
Trd, 4319907.293, 140
Trd, 4319907.843, 140
Trd, 4319909.243, 66
Trd, 4319909.443, 67
Trd, 4319910.743, 73
Trd, 4319911.343, 121
Trd, 4319911.393, 105
Trd, 4319911.893, 72
Trd, 4319912.843, 62
Trd, 4319914.193, 60
Trd, 4319914.343, 64
Trd, 4319914.493, 68
Trd, 4319915.443, 63
Trd, 4319917.493, 60
Trd, 4319917.693, 61
Trd, 4319917.793, 61
Trd, 4319917.993, 61
Trd, 4319918.043, 62
Trd, 4319918.893, 60
Trd, 4319920.593, 61
Trd, 4319921.443, 63
Trd, 4319922.093, 62
Trd, 4319922.643, 70
Trd, 4319923.043, 74
Trd, 4319923.943, 83
Trd, 4319924.693, 97
Trd, 4319925.093, 106
Trd, 4319925.343, 93
Trd, 4319925.943, 60
Trd, 4319926.643, 140
Trd, 4319926.843, 112
Trd, 4319928.093, 61
Trd, 4319928.743, 61
Trd, 4319929.143, 71
Trd, 4319929.843, 60
Trd, 4319931.143, 61
Trd, 4319932.243, 61
Trd, 4319932.443, 61
Trd, 4319933.243, 61
Trd, 4319933.593, 64
Trd, 4319935.243, 60
Trd, 4319935.943, 61
Trd, 4319936.493, 61
Trd, 4319937.243, 61
Trd, 4319937.293, 63
Trd, 4319939.393, 62
Trd, 4319939.643, 62
Trd, 4319940.343, 72
Trd, 4319941.043, 67
Trd, 4319941.643, 83
Trd, 4319942.643, 60
Trd, 4319942.743, 61
Trd, 4319943.693, 60
Trd, 4319944.993, 60
Trd, 4319945.593, 63
Trd, 4319946.043, 72
Trd, 4319946.293, 60
Trd, 4319946.743, 62
Trd, 4319947.343, 63
Trd, 4319947.593, 107
Trd, 4319948.643, 60
Trd, 4319950.043, 60
Trd, 4319950.493, 60
Trd, 4319950.743, 61
Trd, 4319951.393, 64
Trd, 4319952.393, 64
Trd, 4319952.443, 66
Trd, 4319954.493, 63
Trd, 4319955.343, 61
Trd, 4319955.643, 60
Trd, 4319955.693, 67
Trd, 4319957.343, 77
Trd, 4319957.493, 88
Trd, 4319957.993, 139
Trd, 4319958.543, 140
Trd, 4319958.793, 140
Trd, 4319958.943, 138
Trd, 4319959.193, 127
Trd, 4319960.893, 140
Trd, 4319961.693, 101
Trd, 4319961.743, 93
Trd, 4319962.143, 61
Trd, 4319962.393, 138
Trd, 4319962.693, 140
Trd, 4319963.193, 62
Trd, 4319964.593, 62
Trd, 4319965.193, 63
Trd, 4319965.543, 77
Trd, 4319966.343, 61
Trd, 4319967.793, 65
Trd, 4319968.193, 61
Trd, 4319968.643, 66
Trd, 4319970.143, 61
Trd, 4319970.343, 60
Trd, 4319970.993, 60
Trd, 4319971.543, 72
Trd, 4319971.843, 71
Trd, 4319972.193, 60
Trd, 4319973.093, 68
Trd, 4319973.693, 65
Trd, 4319974.543, 63
Trd, 4319975.543, 83
Trd, 4319976.043, 123
Trd, 4319976.343, 81
Trd, 4319976.643, 86
Trd, 4319976.943, 77
Trd, 4319977.343, 62
Trd, 4319978.243, 62
Trd, 4319978.593, 64
Trd, 4319978.693, 68
Trd, 4319979.293, 140
Trd, 4319980.343, 61
Trd, 4319980.893, 65
Trd, 4319981.743, 61
Trd, 4319981.993, 87
Trd, 4319982.593, 65
Trd, 4319982.643, 68
Trd, 4319984.543, 61
Trd, 4319985.693, 63
Trd, 4319985.793, 121
Trd, 4319986.843, 61
Trd, 4319987.143, 61
Trd, 4319987.943, 63
Trd, 4319989.093, 60
Trd, 4319989.343, 64
Trd, 4319990.043, 60
Trd, 4319990.293, 73
Trd, 4319991.843, 60
Trd, 4319992.193, 62
Trd, 4319992.243, 65
Trd, 4319992.643, 79
Trd, 4319995.143, 60
Trd, 4319995.393, 62
Trd, 4319995.793, 60
Trd, 4319996.343, 69
Trd, 4319998.343, 61
Trd, 4319998.793, 62
Trd, 4319998.993, 69
Trd, 4319999.543, 60
Trd, 4319999.843, 62
