Trd, 4318157.893, 116
Trd, 4318158.393, 111
Trd, 4318158.493, 109
Trd, 4318159.143, 140
Trd, 4318159.243, 113
Trd, 4318160.793, 90
Trd, 4318161.093, 93
Trd, 4318161.543, 95
Trd, 4318161.593, 97
Trd, 4318162.643, 63
Trd, 4318163.243, 80
Trd, 4318163.493, 116
Trd, 4318163.693, 105
Trd, 4318163.993, 128
Trd, 4318164.993, 96
Trd, 4318165.943, 72
Trd, 4318167.793, 112
Trd, 4318168.243, 113
Trd, 4318168.743, 131
Trd, 4318169.643, 96
Trd, 4318171.693, 108
Trd, 4318171.893, 99
Trd, 4318173.143, 110
Trd, 4318173.493, 129
Trd, 4318174.043, 103
Trd, 4318174.893, 129
Trd, 4318175.193, 107
Trd, 4318175.893, 107
Trd, 4318176.193, 111
Trd, 4318176.343, 100
Trd, 4318176.643, 123
Trd, 4318177.793, 136
Trd, 4318178.193, 128
Trd, 4318178.743, 126
Trd, 4318179.543, 113
Trd, 4318179.793, 100
Trd, 4318180.593, 99
Trd, 4318181.093, 95
Trd, 4318182.293, 126
Trd, 4318182.343, 109
Trd, 4318183.393, 104
Trd, 4318183.593, 90
Trd, 4318184.043, 77
Trd, 4318184.343, 90
Trd, 4318185.493, 122
Trd, 4318185.543, 115
Trd, 4318187.143, 103
Trd, 4318188.193, 129
Trd, 4318188.343, 128
Trd, 4318189.043, 131
Trd, 4318189.843, 104
Trd, 4318190.543, 131
Trd, 4318190.593, 92
Trd, 4318191.643, 82
Trd, 4318191.743, 93
Trd, 4318191.943, 81
Trd, 4318192.293, 98
Trd, 4318192.793, 79
Trd, 4318192.893, 128
Trd, 4318194.193, 72
Trd, 4318194.393, 88
Trd, 4318196.243, 115
Trd, 4318196.643, 77
Trd, 4318197.193, 60
Trd, 4318197.443, 80
Trd, 4318199.193, 83
Trd, 4318201.043, 122
Trd, 4318201.443, 114
Trd, 4318201.693, 124
Trd, 4318202.043, 92
Trd, 4318202.093, 89
Trd, 4318202.993, 103
Trd, 4318203.993, 88
Trd, 4318204.543, 97
Trd, 4318204.593, 87
Trd, 4318204.893, 115
Trd, 4318204.993, 79
Trd, 4318205.843, 135
Trd, 4318206.543, 129
Trd, 4318206.693, 93
Trd, 4318207.693, 73
Trd, 4318209.443, 111
Trd, 4318209.493, 104
Trd, 4318209.593, 91
Trd, 4318210.393, 84
Trd, 4318210.643, 89
Trd, 4318211.393, 82
Trd, 4318212.193, 71
Trd, 4318213.193, 121
Trd, 4318213.693, 138
Trd, 4318215.193, 102
Trd, 4318215.593, 105
Trd, 4318215.893, 102
Trd, 4318216.143, 74
Trd, 4318216.743, 97
Trd, 4318216.843, 107
Trd, 4318217.693, 97
Trd, 4318218.843, 63
Trd, 4318220.293, 85
Trd, 4318220.693, 83
Trd, 4318221.293, 98
Trd, 4318221.893, 81
Trd, 4318222.743, 99
Trd, 4318223.243, 109
Trd, 4318223.393, 90
Trd, 4318223.693, 112
Trd, 4318225.043, 131
Trd, 4318225.743, 111
Trd, 4318226.243, 101
Trd, 4318226.593, 113
Trd, 4318227.143, 121
Trd, 4318227.593, 127
Trd, 4318228.293, 106
Trd, 4318228.493, 110
Trd, 4318229.893, 64
Trd, 4318230.443, 60
Trd, 4318230.793, 70
Trd, 4318231.293, 61
Trd, 4318232.493, 62
Trd, 4318233.993, 61
Trd, 4318234.743, 72
Trd, 4318234.793, 91
Trd, 4318235.293, 92
Trd, 4318236.243, 102
Trd, 4318236.443, 119
Trd, 4318238.843, 84
Trd, 4318239.393, 83
Trd, 4318239.943, 100
Trd, 4318240.243, 92
Trd, 4318240.443, 110
Trd, 4318240.993, 104
Trd, 4318241.943, 79
Trd, 4318244.093, 60
Trd, 4318244.593, 81
Trd, 4318244.643, 67
Trd, 4318246.143, 105
Trd, 4318246.743, 101
Trd, 4318247.043, 96
Trd, 4318247.193, 85
Trd, 4318247.493, 115
Trd, 4318247.743, 120
Trd, 4318248.693, 97
Trd, 4318248.943, 100
Trd, 4318249.593, 111
Trd, 4318251.943, 66
Trd, 4318253.093, 67
Trd, 4318253.843, 93
Trd, 4318254.343, 117
Trd, 4318254.993, 118
Trd, 4318255.143, 81
Trd, 4318255.293, 97
Trd, 4318255.893, 97
Trd, 4318256.943, 101
Trd, 4318257.393, 93
Trd, 4318257.643, 115
Trd, 4318258.843, 75
Trd, 4318258.893, 98
Trd, 4318260.693, 121
Trd, 4318261.443, 115
Trd, 4318261.543, 103
Trd, 4318261.743, 133
Trd, 4318263.193, 123
Trd, 4318263.343, 89
Trd, 4318263.593, 110
Trd, 4318264.693, 64
Trd, 4318264.743, 72
Trd, 4318265.543, 67
Trd, 4318266.493, 78
Trd, 4318266.843, 82
Trd, 4318267.043, 76
Trd, 4318268.343, 124
Trd, 4318268.693, 98
Trd, 4318269.593, 69
Trd, 4318269.693, 79
Trd, 4318270.043, 86
Trd, 4318270.943, 133
Trd, 4318272.043, 117
Trd, 4318273.193, 130
Trd, 4318273.493, 132
Trd, 4318274.443, 106
Trd, 4318275.193, 132
Trd, 4318275.243, 110
Trd, 4318276.143, 89
Trd, 4318277.593, 124
Trd, 4318278.243, 109
Trd, 4318278.343, 99
Trd, 4318279.193, 63
Trd, 4318280.293, 100
Trd, 4318280.543, 101
Trd, 4318280.843, 133
Trd, 4318281.643, 126
Trd, 4318282.543, 128
Trd, 4318283.093, 127
Trd, 4318284.893, 84
Trd, 4318285.193, 99
Trd, 4318285.643, 96
Trd, 4318285.743, 104
Trd, 4318286.693, 100
Trd, 4318287.193, 74
Trd, 4318287.443, 77
Trd, 4318288.143, 66
Trd, 4318289.843, 69
Trd, 4318289.893, 79
Trd, 4318291.143, 98
Trd, 4318291.443, 114
Trd, 4318291.993, 121
Trd, 4318292.293, 115
Trd, 4318292.543, 97
Trd, 4318292.843, 65
Trd, 4318293.193, 62
Trd, 4318293.793, 129
Trd, 4318295.043, 68
Trd, 4318295.243, 61
Trd, 4318296.743, 85
Trd, 4318298.243, 61
Trd, 4318298.393, 86
Trd, 4318298.593, 86
Trd, 4318299.393, 100
Trd, 4318299.443, 93
Trd, 4318299.693, 104
Trd, 4318301.343, 82
Trd, 4318301.693, 75
Trd, 4318302.843, 64
Trd, 4318303.843, 126
Trd, 4318304.993, 131
Trd, 4318305.343, 132
Trd, 4318305.493, 140
Trd, 4318305.943, 132
Trd, 4318307.143, 124
Trd, 4318307.493, 92
Trd, 4318307.893, 102
Trd, 4318308.693, 101
Trd, 4318308.993, 119
Trd, 4318310.793, 133
Trd, 4318311.193, 125
Trd, 4318311.843, 137
Trd, 4318312.193, 138
Trd, 4318313.193, 137
Trd, 4318313.493, 134
Trd, 4318315.093, 133
Trd, 4318315.443, 131
Trd, 4318315.793, 110
Trd, 4318317.893, 123
Trd, 4318318.293, 105
Trd, 4318319.143, 120
Trd, 4318320.593, 109
Trd, 4318321.243, 112
Trd, 4318321.493, 81
Trd, 4318321.893, 86
Trd, 4318322.043, 96
Trd, 4318322.993, 110
Trd, 4318323.693, 96
Trd, 4318324.093, 70
Trd, 4318325.143, 64
Trd, 4318325.893, 72
Trd, 4318327.543, 108
Trd, 4318329.343, 85
Trd, 4318330.093, 81
Trd, 4318330.593, 89
Trd, 4318330.993, 78
Trd, 4318331.243, 88
Trd, 4318331.493, 70
Trd, 4318332.043, 61
Trd, 4318332.543, 127
Trd, 4318332.593, 90
Trd, 4318335.043, 92
Trd, 4318335.943, 98
Trd, 4318335.993, 99
Trd, 4318336.143, 106
Trd, 4318336.593, 99
Trd, 4318336.743, 110
Trd, 4318337.493, 118
Trd, 4318337.693, 80
Trd, 4318337.943, 81
Trd, 4318338.943, 129
Trd, 4318339.143, 127
Trd, 4318340.293, 104
Trd, 4318342.643, 113
Trd, 4318343.093, 130
Trd, 4318343.193, 113
Trd, 4318343.643, 108
Trd, 4318343.843, 99
Trd, 4318344.043, 73
Trd, 4318345.043, 90
Trd, 4318345.243, 92
Trd, 4318347.343, 79
Trd, 4318347.443, 73
Trd, 4318347.493, 90
Trd, 4318348.793, 82
Trd, 4318350.643, 96
Trd, 4318350.793, 95
Trd, 4318350.943, 81
Trd, 4318352.443, 97
Trd, 4318352.943, 98
Trd, 4318353.743, 125
Trd, 4318353.843, 110
Trd, 4318354.743, 137
Trd, 4318354.843, 134
Trd, 4318355.043, 133
Trd, 4318355.293, 94
Trd, 4318355.943, 122
Trd, 4318356.593, 104
Trd, 4318357.143, 97
Trd, 4318357.693, 124
Trd, 4318358.043, 68
Trd, 4318358.493, 88
Trd, 4318359.993, 83
Trd, 4318360.043, 79
Trd, 4318360.243, 70
Trd, 4318361.293, 60
Trd, 4318363.243, 116
Trd, 4318363.493, 91
Trd, 4318364.493, 109
Trd, 4318364.943, 92
Trd, 4318365.243, 82
Trd, 4318366.343, 131
Trd, 4318366.793, 140
Trd, 4318367.293, 131
Trd, 4318368.293, 60
Trd, 4318368.643, 73
Trd, 4318369.493, 83
Trd, 4318369.943, 69
Trd, 4318370.393, 87
Trd, 4318370.643, 134
Trd, 4318372.643, 79
Trd, 4318373.093, 80
Trd, 4318373.243, 91
Trd, 4318374.993, 66
Trd, 4318375.093, 77
Trd, 4318375.993, 114
Trd, 4318376.393, 139
Trd, 4318376.793, 135
Trd, 4318377.243, 108
Trd, 4318378.643, 131
Trd, 4318378.893, 117
Trd, 4318378.993, 106
Trd, 4318380.293, 120
Trd, 4318380.993, 114
Trd, 4318381.043, 94
Trd, 4318381.943, 97
Trd, 4318382.843, 136
Trd, 4318384.293, 126
Trd, 4318384.893, 100
Trd, 4318385.643, 136
Trd, 4318385.893, 105
Trd, 4318386.443, 132
Trd, 4318387.843, 120
Trd, 4318387.893, 132
Trd, 4318389.343, 112
Trd, 4318389.593, 106
Trd, 4318389.793, 106
Trd, 4318390.693, 105
Trd, 4318390.993, 67
Trd, 4318392.393, 123
Trd, 4318393.443, 137
Trd, 4318394.093, 74
Trd, 4318394.793, 111
Trd, 4318394.943, 98
Trd, 4318395.043, 96
Trd, 4318396.293, 130
Trd, 4318396.893, 118
Trd, 4318397.043, 118
Trd, 4318397.843, 129
Trd, 4318398.043, 99
Trd, 4318398.443, 107
Trd, 4318398.993, 115
Trd, 4318401.793, 131
Trd, 4318401.993, 101
Trd, 4318402.393, 82
Trd, 4318403.093, 88
Trd, 4318404.043, 119
Trd, 4318404.543, 113
Trd, 4318405.593, 78
Trd, 4318405.793, 88
Trd, 4318406.193, 102
Trd, 4318407.793, 122
Trd, 4318407.893, 95
Trd, 4318409.093, 113
Trd, 4318409.193, 81
Trd, 4318409.293, 70
Trd, 4318410.743, 76
Trd, 4318411.693, 116
Trd, 4318411.943, 104
Trd, 4318413.593, 87
Trd, 4318414.043, 88
Trd, 4318414.193, 82
Trd, 4318414.443, 107
Trd, 4318416.243, 64
Trd, 4318416.743, 75
Trd, 4318417.093, 90
Trd, 4318418.243, 90
Trd, 4318418.543, 89
Trd, 4318419.593, 123
Trd, 4318420.143, 131
Trd, 4318420.343, 123
Trd, 4318420.843, 109
Trd, 4318421.593, 89
Trd, 4318422.043, 79
Trd, 4318424.143, 106
Trd, 4318425.893, 105
Trd, 4318426.293, 119
Trd, 4318426.393, 94
Trd, 4318428.043, 102
Trd, 4318428.193, 112
Trd, 4318429.393, 127
Trd, 4318430.043, 128
Trd, 4318430.093, 98
Trd, 4318430.493, 91
Trd, 4318431.293, 123
Trd, 4318431.893, 136
Trd, 4318431.993, 103
Trd, 4318432.493, 96
Trd, 4318433.743, 118
Trd, 4318434.193, 104
Trd, 4318434.693, 127
Trd, 4318436.293, 124
Trd, 4318436.643, 119
Trd, 4318437.543, 122
Trd, 4318439.043, 140
Trd, 4318439.343, 112
Trd, 4318439.443, 110
Trd, 4318439.843, 95
Trd, 4318440.743, 108
Trd, 4318441.193, 130
Trd, 4318441.543, 100
Trd, 4318442.493, 100
Trd, 4318443.943, 89
Trd, 4318444.193, 95
Trd, 4318444.643, 97
Trd, 4318445.893, 131
Trd, 4318446.693, 108
Trd, 4318446.993, 124
Trd, 4318447.443, 94
Trd, 4318448.493, 70
Trd, 4318448.893, 70
Trd, 4318449.043, 138
Trd, 4318449.843, 125
Trd, 4318450.693, 138
Trd, 4318450.893, 107
Trd, 4318451.593, 78
Trd, 4318453.093, 131
Trd, 4318453.143, 107
Trd, 4318453.593, 96
Trd, 4318453.993, 114
Trd, 4318455.043, 121
Trd, 4318455.743, 106
Trd, 4318455.993, 61
Trd, 4318456.593, 99
Trd, 4318458.393, 115
Trd, 4318458.843, 125
Trd, 4318459.143, 108
Trd, 4318459.593, 77
Trd, 4318460.293, 76
Trd, 4318462.293, 102
Trd, 4318462.343, 89
Trd, 4318462.543, 73
Trd, 4318462.643, 80
Trd, 4318463.443, 74
Trd, 4318464.143, 132
Trd, 4318464.643, 78
Trd, 4318464.793, 65
Trd, 4318465.243, 60
Trd, 4318466.043, 98
Trd, 4318467.293, 109
Trd, 4318467.393, 65
Trd, 4318467.693, 140
Trd, 4318468.793, 62
Trd, 4318469.243, 63
Trd, 4318469.343, 69
Trd, 4318470.393, 113
Trd, 4318470.643, 137
Trd, 4318470.793, 70
Trd, 4318471.843, 125
Trd, 4318472.393, 124
Trd, 4318472.793, 93
Trd, 4318473.543, 82
Trd, 4318475.343, 116
Trd, 4318475.493, 96
Trd, 4318476.043, 79
Trd, 4318476.193, 79
Trd, 4318476.393, 94
Trd, 4318478.443, 105
Trd, 4318479.693, 108
Trd, 4318479.793, 118
Trd, 4318479.993, 97
Trd, 4318480.643, 75
Trd, 4318480.943, 76
Trd, 4318482.043, 94
Trd, 4318483.093, 86
Trd, 4318483.793, 77
Trd, 4318484.143, 74
Trd, 4318484.443, 81
Trd, 4318484.843, 91
Trd, 4318485.343, 80
Trd, 4318486.593, 77
Trd, 4318487.393, 81
Trd, 4318487.593, 115
Trd, 4318488.293, 67
Trd, 4318489.543, 78
Trd, 4318490.543, 82
Trd, 4318490.943, 117
Trd, 4318491.043, 86
Trd, 4318491.443, 121
Trd, 4318492.343, 90
Trd, 4318492.643, 88
Trd, 4318493.093, 86
Trd, 4318493.643, 120
Trd, 4318494.793, 63
Trd, 4318495.943, 61
Trd, 4318496.243, 66
Trd, 4318496.293, 67
Trd, 4318496.393, 77
Trd, 4318497.443, 66
Trd, 4318498.593, 60
Trd, 4318499.393, 66
Trd, 4318499.943, 70
Trd, 4318500.593, 111
Trd, 4318500.643, 101
Trd, 4318501.243, 93
Trd, 4318502.243, 113
Trd, 4318502.693, 85
Trd, 4318503.793, 61
Trd, 4318503.843, 117
Trd, 4318504.593, 89
Trd, 4318504.943, 104
Trd, 4318505.093, 77
Trd, 4318506.093, 64
Trd, 4318507.743, 116
Trd, 4318507.993, 112
Trd, 4318508.193, 126
Trd, 4318509.493, 123
Trd, 4318510.093, 85
Trd, 4318510.393, 112
Trd, 4318511.293, 116
Trd, 4318511.893, 119
Trd, 4318512.743, 95
Trd, 4318514.693, 131
Trd, 4318514.893, 113
Trd, 4318514.993, 95
Trd, 4318515.643, 118
Trd, 4318516.643, 127
Trd, 4318517.543, 95
Trd, 4318517.943, 63
Trd, 4318518.443, 96
Trd, 4318518.893, 117
Trd, 4318519.843, 67
Trd, 4318520.443, 96
Trd, 4318521.593, 84
Trd, 4318521.893, 122
Trd, 4318522.393, 73
Trd, 4318523.243, 137
Trd, 4318523.993, 110
Trd, 4318524.743, 117
Trd, 4318526.293, 124
Trd, 4318526.393, 93
Trd, 4318526.593, 79
Trd, 4318527.193, 93
Trd, 4318527.943, 65
Trd, 4318528.343, 86
Trd, 4318530.143, 67
Trd, 4318530.393, 66
Trd, 4318530.493, 78
Trd, 4318530.693, 62
Trd, 4318531.043, 101
Trd, 4318531.793, 95
Trd, 4318532.543, 136
Trd, 4318533.943, 118
Trd, 4318534.343, 119
Trd, 4318534.993, 136
Trd, 4318535.643, 121
Trd, 4318535.893, 117
Trd, 4318537.043, 115
Trd, 4318537.393, 101
Trd, 4318538.193, 129
Trd, 4318539.343, 111
Trd, 4318539.443, 83
Trd, 4318539.643, 134
Trd, 4318540.793, 138
Trd, 4318540.993, 101
Trd, 4318541.743, 119
Trd, 4318542.993, 68
Trd, 4318543.243, 86
Trd, 4318543.643, 65
Trd, 4318544.093, 73
Trd, 4318544.393, 78
Trd, 4318545.143, 64
Trd, 4318545.493, 75
Trd, 4318545.943, 66
Trd, 4318549.643, 105
Trd, 4318549.693, 112
Trd, 4318549.943, 113
Trd, 4318550.093, 122
Trd, 4318551.043, 76
Trd, 4318551.143, 64
Trd, 4318551.543, 75
Trd, 4318551.743, 96
Trd, 4318553.943, 108
Trd, 4318554.993, 97
Trd, 4318555.143, 81
Trd, 4318555.693, 89
Trd, 4318556.143, 114
Trd, 4318556.193, 130
Trd, 4318557.393, 98
Trd, 4318559.043, 105
Trd, 4318559.343, 78
Trd, 4318559.993, 87
Trd, 4318560.043, 96
Trd, 4318560.243, 108
Trd, 4318561.393, 139
Trd, 4318562.193, 128
Trd, 4318562.793, 120
Trd, 4318562.943, 120
Trd, 4318563.243, 84
Trd, 4318564.043, 71
Trd, 4318564.443, 110
Trd, 4318565.843, 73
Trd, 4318565.993, 92
Trd, 4318566.293, 116
Trd, 4318567.143, 104
Trd, 4318567.493, 64
Trd, 4318567.943, 85
Trd, 4318568.693, 99
Trd, 4318569.343, 105
Trd, 4318569.743, 116
Trd, 4318570.693, 93
Trd, 4318571.143, 122
Trd, 4318571.943, 78
Trd, 4318573.293, 81
Trd, 4318573.343, 107
Trd, 4318573.843, 64
Trd, 4318574.993, 83
Trd, 4318575.493, 81
Trd, 4318575.693, 118
Trd, 4318576.343, 132
Trd, 4318576.743, 110
Trd, 4318577.743, 105
Trd, 4318578.093, 127
Trd, 4318578.343, 128
Trd, 4318579.743, 103
Trd, 4318581.143, 118
Trd, 4318581.393, 115
Trd, 4318581.493, 114
Trd, 4318581.943, 126
Trd, 4318582.493, 132
Trd, 4318584.393, 104
Trd, 4318584.993, 63
Trd, 4318585.043, 68
Trd, 4318587.443, 104
Trd, 4318587.543, 94
Trd, 4318588.343, 116
Trd, 4318588.543, 79
Trd, 4318588.643, 90
Trd, 4318589.343, 66
Trd, 4318590.493, 75
Trd, 4318590.943, 65
Trd, 4318591.643, 79
Trd, 4318592.343, 93
Trd, 4318593.443, 126
Trd, 4318593.593, 96
Trd, 4318593.643, 82
Trd, 4318595.393, 132
Trd, 4318596.193, 120
Trd, 4318596.243, 121
Trd, 4318597.543, 131
Trd, 4318597.893, 132
Trd, 4318598.243, 124
Trd, 4318600.493, 128
Trd, 4318600.643, 95
Trd, 4318601.243, 83
Trd, 4318601.293, 112
Trd, 4318601.893, 83
Trd, 4318602.943, 81
Trd, 4318603.593, 81
Trd, 4318604.043, 91
Trd, 4318604.293, 119
Trd, 4318604.593, 130
Trd, 4318605.493, 62
Trd, 4318606.243, 92
Trd, 4318606.443, 79
Trd, 4318607.693, 86
Trd, 4318607.893, 88
Trd, 4318608.393, 79
Trd, 4318609.543, 134
Trd, 4318609.843, 111
Trd, 4318611.843, 109
Trd, 4318612.593, 131
Trd, 4318613.893, 109
Trd, 4318614.243, 127
Trd, 4318614.593, 97
Trd, 4318614.643, 106
Trd, 4318614.893, 94
Trd, 4318616.143, 90
Trd, 4318616.943, 105
Trd, 4318618.293, 130
Trd, 4318619.643, 123
Trd, 4318620.093, 105
Trd, 4318620.343, 102
Trd, 4318621.343, 133
Trd, 4318621.793, 124
Trd, 4318622.743, 94
Trd, 4318622.793, 89
Trd, 4318624.143, 131
Trd, 4318625.343, 102
Trd, 4318626.343, 128
Trd, 4318626.893, 139
Trd, 4318626.993, 128
Trd, 4318628.493, 108
Trd, 4318629.093, 107
Trd, 4318629.143, 99
Trd, 4318630.693, 120
Trd, 4318631.143, 107
Trd, 4318633.143, 138
Trd, 4318633.443, 119
Trd, 4318633.793, 113
Trd, 4318634.443, 93
Trd, 4318634.843, 100
Trd, 4318634.893, 77
Trd, 4318635.393, 134
Trd, 4318635.943, 126
Trd, 4318636.693, 69
Trd, 4318636.943, 64
Trd, 4318637.443, 116
Trd, 4318637.893, 112
Trd, 4318638.843, 113
Trd, 4318639.493, 90
Trd, 4318639.843, 83
Trd, 4318641.743, 115
Trd, 4318642.643, 104
Trd, 4318643.443, 91
Trd, 4318643.843, 104
Trd, 4318644.443, 113
Trd, 4318645.293, 124
Trd, 4318645.843, 110
Trd, 4318646.743, 108
Trd, 4318647.193, 118
Trd, 4318647.393, 106
Trd, 4318647.443, 100
Trd, 4318647.493, 84
Trd, 4318648.643, 130
Trd, 4318649.093, 106
Trd, 4318649.993, 135
Trd, 4318650.293, 93
Trd, 4318652.443, 83
Trd, 4318652.893, 63
Trd, 4318653.193, 111
Trd, 4318654.293, 71
Trd, 4318654.893, 76
Trd, 4318656.493, 77
Trd, 4318656.843, 92
Trd, 4318656.893, 72
Trd, 4318656.993, 100
Trd, 4318657.593, 92
Trd, 4318658.743, 80
Trd, 4318658.793, 77
Trd, 4318659.143, 102
Trd, 4318660.593, 93
Trd, 4318662.343, 129
Trd, 4318662.643, 116
Trd, 4318663.143, 113
Trd, 4318663.393, 111
Trd, 4318663.693, 119
Trd, 4318663.743, 87
Trd, 4318664.993, 139
Trd, 4318665.393, 111
Trd, 4318666.443, 107
Trd, 4318667.093, 92
Trd, 4318667.343, 95
Trd, 4318667.793, 122
Trd, 4318668.293, 123
Trd, 4318669.443, 103
Trd, 4318669.793, 131
Trd, 4318670.193, 60
Trd, 4318671.743, 94
Trd, 4318672.393, 84
Trd, 4318672.743, 94
Trd, 4318672.993, 97
Trd, 4318673.643, 69
Trd, 4318673.793, 81
Trd, 4318674.493, 72
Trd, 4318675.143, 81
Trd, 4318676.293, 93
Trd, 4318677.293, 109
Trd, 4318677.843, 110
Trd, 4318677.893, 101
Trd, 4318679.493, 93
Trd, 4318680.093, 122
Trd, 4318680.493, 95
Trd, 4318680.893, 105
Trd, 4318682.193, 120
Trd, 4318682.693, 92
Trd, 4318683.093, 65
Trd, 4318683.443, 61
Trd, 4318684.193, 76
Trd, 4318684.343, 92
Trd, 4318684.643, 73
Trd, 4318685.843, 121
Trd, 4318687.493, 103
Trd, 4318687.793, 116
Trd, 4318688.843, 82
Trd, 4318689.643, 106
Trd, 4318689.693, 90
Trd, 4318691.693, 123
Trd, 4318691.793, 86
Trd, 4318692.243, 116
Trd, 4318692.443, 124
Trd, 4318692.593, 117
Trd, 4318693.343, 107
Trd, 4318693.443, 105
Trd, 4318693.693, 136
Trd, 4318694.943, 132
Trd, 4318696.493, 81
Trd, 4318696.793, 87
Trd, 4318697.043, 77
Trd, 4318697.093, 95
Trd, 4318698.393, 100
Trd, 4318698.893, 83
Trd, 4318699.493, 109
Trd, 4318699.943, 119
Trd, 4318701.193, 91
Trd, 4318701.693, 99
Trd, 4318702.643, 131
Trd, 4318703.193, 131
Trd, 4318703.693, 92
Trd, 4318704.043, 61
Trd, 4318705.093, 80
Trd, 4318705.193, 87
Trd, 4318705.743, 66
Trd, 4318706.043, 96
Trd, 4318707.843, 60
Trd, 4318708.143, 62
Trd, 4318708.243, 80
Trd, 4318708.643, 115
Trd, 4318708.693, 81
Trd, 4318709.643, 123
Trd, 4318710.343, 74
Trd, 4318711.243, 119
Trd, 4318712.293, 73
Trd, 4318712.943, 76
Trd, 4318714.343, 99
Trd, 4318715.593, 81
Trd, 4318715.893, 63
Trd, 4318716.893, 81
Trd, 4318717.043, 80
Trd, 4318717.143, 123
Trd, 4318717.893, 68
Trd, 4318718.343, 121
Trd, 4318718.793, 92
Trd, 4318720.093, 97
Trd, 4318720.193, 65
Trd, 4318720.793, 119
Trd, 4318721.193, 94
Trd, 4318722.393, 72
Trd, 4318723.443, 113
Trd, 4318723.843, 132
Trd, 4318723.943, 127
Trd, 4318723.993, 122
Trd, 4318724.343, 120
Trd, 4318725.143, 125
Trd, 4318727.343, 105
Trd, 4318728.193, 130
Trd, 4318729.793, 67
Trd, 4318730.193, 69
Trd, 4318730.893, 104
Trd, 4318731.043, 94
Trd, 4318731.143, 69
Trd, 4318732.293, 112
Trd, 4318732.843, 81
Trd, 4318733.593, 116
Trd, 4318734.743, 114
Trd, 4318734.893, 100
Trd, 4318735.543, 82
Trd, 4318736.193, 110
Trd, 4318736.693, 90
Trd, 4318736.743, 89
Trd, 4318737.543, 132
Trd, 4318738.743, 130
Trd, 4318739.443, 107
Trd, 4318739.743, 106
Trd, 4318741.243, 109
Trd, 4318742.393, 104
Trd, 4318742.443, 88
Trd, 4318742.843, 124
Trd, 4318743.793, 60
Trd, 4318744.143, 69
Trd, 4318744.243, 72
Trd, 4318745.493, 72
Trd, 4318746.093, 118
Trd, 4318747.593, 116
Trd, 4318747.993, 115
Trd, 4318748.043, 109
Trd, 4318749.893, 124
Trd, 4318750.843, 107
Trd, 4318751.143, 130
Trd, 4318751.293, 84
Trd, 4318751.993, 93
Trd, 4318752.293, 83
Trd, 4318753.143, 78
Trd, 4318753.293, 87
Trd, 4318753.643, 78
Trd, 4318754.093, 110
Trd, 4318754.693, 91
Trd, 4318755.443, 99
Trd, 4318755.593, 93
Trd, 4318755.693, 73
Trd, 4318756.043, 64
Trd, 4318757.543, 113
Trd, 4318757.693, 95
Trd, 4318759.643, 60
Trd, 4318760.043, 107
Trd, 4318760.693, 137
Trd, 4318761.343, 90
Trd, 4318762.793, 116
Trd, 4318763.843, 104
Trd, 4318763.993, 120
Trd, 4318764.743, 100
Trd, 4318765.643, 131
Trd, 4318766.993, 115
Trd, 4318767.043, 112
Trd, 4318767.493, 134
Trd, 4318767.643, 99
Trd, 4318768.443, 138
Trd, 4318768.743, 109
Trd, 4318769.943, 94
Trd, 4318770.243, 66
Trd, 4318770.343, 67
Trd, 4318771.293, 124
Trd, 4318771.493, 94
Trd, 4318772.493, 125
Trd, 4318773.443, 103
Trd, 4318774.143, 89
Trd, 4318774.393, 115
Trd, 4318774.543, 73
Trd, 4318775.343, 101
Trd, 4318776.493, 90
Trd, 4318776.943, 106
Trd, 4318777.143, 105
Trd, 4318777.493, 74
Trd, 4318778.493, 112
Trd, 4318778.893, 122
Trd, 4318779.093, 135
Trd, 4318780.293, 125
Trd, 4318780.493, 93
Trd, 4318781.393, 139
Trd, 4318781.543, 130
Trd, 4318781.693, 109
Trd, 4318782.543, 87
Trd, 4318782.993, 90
Trd, 4318783.943, 96
Trd, 4318784.243, 102
Trd, 4318784.743, 64
Trd, 4318785.543, 72
Trd, 4318786.143, 72
Trd, 4318786.893, 89
Trd, 4318787.743, 101
Trd, 4318788.243, 88
Trd, 4318789.093, 133
Trd, 4318789.543, 73
Trd, 4318790.293, 140
Trd, 4318790.893, 95
Trd, 4318791.743, 82
Trd, 4318791.893, 88
Trd, 4318791.993, 72
Trd, 4318792.593, 80
Trd, 4318793.643, 94
Trd, 4318794.093, 92
Trd, 4318794.693, 83
Trd, 4318794.943, 102
Trd, 4318796.043, 136
Trd, 4318797.193, 95
Trd, 4318797.343, 68
Trd, 4318797.843, 114
Trd, 4318799.193, 79
Trd, 4318799.643, 85
Trd, 4318799.993, 94
Trd, 4318800.643, 63
Trd, 4318801.243, 76
Trd, 4318801.343, 67
Trd, 4318801.493, 86
Trd, 4318802.843, 95
Trd, 4318803.043, 105
Trd, 4318803.293, 126
Trd, 4318803.743, 74
Trd, 4318804.693, 63
Trd, 4318805.243, 134
Trd, 4318806.143, 82
Trd, 4318807.093, 135
Trd, 4318807.243, 124
Trd, 4318807.893, 122
Trd, 4318810.043, 98
Trd, 4318810.693, 66
Trd, 4318811.743, 87
Trd, 4318812.143, 106
Trd, 4318812.293, 114
Trd, 4318812.943, 96
Trd, 4318813.343, 121
Trd, 4318813.593, 76
Trd, 4318815.343, 96
Trd, 4318815.993, 84
Trd, 4318816.443, 107
Trd, 4318817.293, 129
Trd, 4318817.743, 90
Trd, 4318818.493, 82
Trd, 4318819.443, 102
Trd, 4318819.593, 101
Trd, 4318820.043, 89
Trd, 4318820.893, 117
Trd, 4318822.093, 99
Trd, 4318823.593, 129
Trd, 4318824.193, 110
Trd, 4318824.293, 103
Trd, 4318824.543, 103
Trd, 4318825.143, 106
Trd, 4318825.293, 82
Trd, 4318825.593, 121
Trd, 4318826.293, 104
Trd, 4318826.993, 73
Trd, 4318827.743, 75
Trd, 4318828.643, 64
Trd, 4318829.843, 64
Trd, 4318829.893, 67
Trd, 4318830.043, 78
Trd, 4318830.593, 76
Trd, 4318832.243, 122
Trd, 4318832.793, 66
Trd, 4318833.793, 67
Trd, 4318834.543, 97
Trd, 4318835.843, 71
Trd, 4318835.943, 76
Trd, 4318837.443, 86
Trd, 4318837.943, 62
Trd, 4318838.393, 85
Trd, 4318838.543, 86
Trd, 4318839.093, 99
Trd, 4318840.543, 103
Trd, 4318840.993, 101
Trd, 4318841.543, 86
Trd, 4318841.893, 63
Trd, 4318842.093, 67
Trd, 4318842.743, 73
Trd, 4318842.843, 89
Trd, 4318843.143, 82
Trd, 4318843.393, 103
Trd, 4318843.993, 86
Trd, 4318845.293, 68
Trd, 4318845.743, 79
Trd, 4318846.493, 66
Trd, 4318846.843, 77
Trd, 4318848.343, 82
Trd, 4318848.693, 80
Trd, 4318848.943, 106
Trd, 4318850.043, 74
Trd, 4318850.793, 81
Trd, 4318851.143, 79
Trd, 4318852.693, 81
Trd, 4318852.893, 101
Trd, 4318853.343, 114
Trd, 4318853.393, 120
Trd, 4318854.343, 64
Trd, 4318854.443, 97
Trd, 4318854.943, 76
Trd, 4318855.893, 116
Trd, 4318856.493, 69
Trd, 4318857.093, 72
Trd, 4318858.643, 94
Trd, 4318858.793, 82
Trd, 4318859.393, 88
Trd, 4318860.393, 94
Trd, 4318861.243, 120
Trd, 4318862.193, 105
Trd, 4318862.593, 90
Trd, 4318862.993, 73
Trd, 4318863.743, 101
Trd, 4318863.893, 132
Trd, 4318864.193, 88
Trd, 4318865.243, 114
Trd, 4318865.493, 83
Trd, 4318865.643, 62
Trd, 4318866.343, 128
Trd, 4318867.343, 100
Trd, 4318869.343, 92
Trd, 4318869.943, 107
Trd, 4318870.293, 115
Trd, 4318870.443, 95
Trd, 4318870.843, 127
Trd, 4318871.243, 114
Trd, 4318872.643, 71
Trd, 4318873.093, 76
Trd, 4318873.243, 84
Trd, 4318873.843, 62
Trd, 4318874.843, 86
Trd, 4318875.343, 96
Trd, 4318875.993, 60
Trd, 4318876.693, 106
Trd, 4318877.893, 135
Trd, 4318878.493, 70
Trd, 4318879.193, 109
Trd, 4318879.893, 122
Trd, 4318879.943, 123
Trd, 4318880.443, 103
Trd, 4318880.493, 89
Trd, 4318881.693, 119
Trd, 4318882.343, 111
Trd, 4318883.093, 121
Trd, 4318883.293, 95
Trd, 4318884.793, 118
Trd, 4318885.543, 126
Trd, 4318885.693, 101
Trd, 4318887.143, 82
Trd, 4318887.543, 139
Trd, 4318888.593, 135
Trd, 4318888.643, 121
Trd, 4318888.943, 88
Trd, 4318889.593, 97
Trd, 4318890.043, 61
Trd, 4318892.293, 121
Trd, 4318893.343, 138
Trd, 4318893.793, 115
Trd, 4318894.193, 97
Trd, 4318894.593, 107
Trd, 4318895.993, 112
Trd, 4318896.943, 134
Trd, 4318897.643, 123
Trd, 4318897.793, 119
Trd, 4318898.343, 69
Trd, 4318899.543, 99
Trd, 4318899.943, 81
Trd, 4318900.093, 116
Trd, 4318900.693, 75
Trd, 4318901.293, 74
Trd, 4318901.493, 91
Trd, 4318902.193, 87
Trd, 4318902.543, 84
Trd, 4318903.543, 80
Trd, 4318904.193, 87
Trd, 4318904.543, 104
Trd, 4318906.743, 129
Trd, 4318907.793, 133
Trd, 4318907.843, 91
Trd, 4318908.443, 106
Trd, 4318908.493, 102
Trd, 4318909.643, 109
Trd, 4318909.943, 97
Trd, 4318910.543, 63
Trd, 4318911.043, 134
Trd, 4318911.143, 124
Trd, 4318911.293, 97
Trd, 4318912.093, 105
Trd, 4318913.193, 67
Trd, 4318913.843, 92
Trd, 4318915.543, 104
Trd, 4318915.893, 124
Trd, 4318916.343, 99
Trd, 4318918.593, 87
Trd, 4318918.793, 92
Trd, 4318919.293, 100
Trd, 4318920.243, 108
Trd, 4318920.343, 104
Trd, 4318920.693, 102
Trd, 4318921.243, 102
Trd, 4318922.193, 105
Trd, 4318923.793, 106
Trd, 4318924.793, 113
Trd, 4318925.293, 111
Trd, 4318925.943, 85
Trd, 4318926.243, 122
Trd, 4318928.193, 126
Trd, 4318928.743, 98
Trd, 4318929.443, 93
Trd, 4318929.793, 99
Trd, 4318930.143, 83
Trd, 4318931.593, 80
Trd, 4318931.843, 86
Trd, 4318932.093, 89
Trd, 4318932.193, 83
Trd, 4318933.343, 64
Trd, 4318934.493, 65
Trd, 4318934.643, 75
Trd, 4318935.143, 96
Trd, 4318936.493, 85
Trd, 4318937.393, 80
Trd, 4318937.543, 93
Trd, 4318938.893, 97
Trd, 4318939.443, 96
Trd, 4318939.493, 115
Trd, 4318939.843, 105
Trd, 4318940.093, 108
Trd, 4318941.393, 129
Trd, 4318941.893, 97
Trd, 4318942.043, 106
Trd, 4318942.143, 92
Trd, 4318942.393, 79
Trd, 4318944.043, 115
Trd, 4318944.593, 81
Trd, 4318944.793, 63
Trd, 4318945.843, 100
Trd, 4318946.743, 122
Trd, 4318947.043, 114
Trd, 4318948.043, 110
Trd, 4318948.293, 75
Trd, 4318948.893, 82
Trd, 4318950.543, 69
Trd, 4318952.293, 101
Trd, 4318953.243, 80
Trd, 4318954.043, 97
Trd, 4318954.493, 73
Trd, 4318954.893, 81
Trd, 4318955.543, 118
Trd, 4318955.693, 122
Trd, 4318957.093, 127
Trd, 4318957.143, 100
Trd, 4318957.243, 94
Trd, 4318957.293, 88
Trd, 4318958.993, 126
Trd, 4318959.193, 123
Trd, 4318959.643, 107
Trd, 4318959.843, 75
Trd, 4318961.093, 139
Trd, 4318963.343, 116
Trd, 4318964.243, 105
Trd, 4318964.843, 95
Trd, 4318965.793, 89
Trd, 4318966.293, 115
Trd, 4318966.843, 118
Trd, 4318966.993, 108
Trd, 4318967.343, 74
Trd, 4318968.743, 133
Trd, 4318968.793, 132
Trd, 4318969.743, 120
Trd, 4318970.443, 102
Trd, 4318971.293, 135
Trd, 4318972.793, 70
Trd, 4318973.143, 68
Trd, 4318974.043, 61
Trd, 4318974.443, 66
Trd, 4318974.743, 81
Trd, 4318975.443, 66
Trd, 4318975.593, 70
Trd, 4318975.643, 87
Trd, 4318977.643, 128
Trd, 4318978.093, 82
Trd, 4318978.693, 70
Trd, 4318979.893, 85
Trd, 4318979.993, 88
Trd, 4318980.793, 95
Trd, 4318981.343, 69
Trd, 4318981.443, 83
Trd, 4318981.993, 85
Trd, 4318982.143, 78
Trd, 4318983.343, 60
Trd, 4318983.443, 69
Trd, 4318984.143, 63
Trd, 4318984.743, 85
Trd, 4318984.943, 84
Trd, 4318986.443, 79
Trd, 4318987.043, 89
Trd, 4318988.293, 95
Trd, 4318988.943, 92
Trd, 4318989.293, 66
Trd, 4318989.393, 111
Trd, 4318989.843, 84
Trd, 4318990.243, 135
Trd, 4318990.743, 75
Trd, 4318992.193, 110
Trd, 4318993.343, 66
Trd, 4318993.593, 78
Trd, 4318993.843, 78
Trd, 4318993.893, 88
Trd, 4318994.143, 63
Trd, 4318994.843, 94
Trd, 4318995.843, 72
Trd, 4318996.843, 74
Trd, 4318997.193, 91
Trd, 4318997.643, 79
Trd, 4319000.743, 104
Trd, 4319000.843, 92
Trd, 4319001.143, 60
Trd, 4319001.443, 80
Trd, 4319002.393, 138
Trd, 4319003.043, 109
Trd, 4319004.143, 62
Trd, 4319004.743, 62
Trd, 4319005.743, 86
Trd, 4319006.093, 82
Trd, 4319007.193, 91
Trd, 4319007.443, 122
Trd, 4319009.093, 61
Trd, 4319009.343, 82
Trd, 4319011.143, 129
Trd, 4319011.243, 128
Trd, 4319011.343, 97
Trd, 4319011.743, 96
Trd, 4319012.293, 64
Trd, 4319012.943, 97
Trd, 4319013.443, 102
Trd, 4319014.043, 61
Trd, 4319014.843, 98
Trd, 4319016.893, 125
Trd, 4319018.243, 128
Trd, 4319018.743, 114
Trd, 4319018.893, 118
Trd, 4319020.193, 87
Trd, 4319020.993, 134
Trd, 4319021.343, 130
Trd, 4319022.643, 112
Trd, 4319022.793, 129
Trd, 4319022.893, 111
Trd, 4319023.443, 116
Trd, 4319023.943, 114
Trd, 4319024.243, 101
Trd, 4319025.293, 97
Trd, 4319025.993, 136
Trd, 4319026.243, 98
Trd, 4319026.793, 89
Trd, 4319027.843, 113
Trd, 4319028.993, 125
Trd, 4319029.793, 122
Trd, 4319030.643, 132
Trd, 4319030.743, 116
Trd, 4319030.793, 114
Trd, 4319031.693, 104
Trd, 4319032.143, 75
Trd, 4319032.293, 108
Trd, 4319032.793, 70
Trd, 4319033.393, 98
Trd, 4319035.643, 100
Trd, 4319035.743, 110
Trd, 4319036.293, 126
Trd, 4319037.443, 88
Trd, 4319038.043, 98
Trd, 4319038.743, 112
Trd, 4319039.593, 61
Trd, 4319040.343, 76
Trd, 4319040.493, 95
Trd, 4319040.593, 104
Trd, 4319040.843, 83
Trd, 4319041.393, 105
Trd, 4319041.593, 65
Trd, 4319041.793, 94
Trd, 4319042.593, 83
Trd, 4319042.943, 84
Trd, 4319044.393, 88
Trd, 4319045.043, 132
Trd, 4319045.443, 130
Trd, 4319046.343, 68
Trd, 4319046.643, 81
Trd, 4319046.993, 76
Trd, 4319047.643, 83
Trd, 4319048.643, 91
Trd, 4319048.943, 129
Trd, 4319050.143, 127
Trd, 4319050.493, 113
Trd, 4319050.543, 76
Trd, 4319050.893, 114
Trd, 4319051.843, 60
Trd, 4319052.693, 79
Trd, 4319052.793, 77
Trd, 4319053.443, 76
Trd, 4319053.693, 65
Trd, 4319053.993, 83
Trd, 4319055.493, 95
Trd, 4319056.693, 134
Trd, 4319057.343, 106
Trd, 4319058.093, 88
Trd, 4319058.593, 71
Trd, 4319059.893, 78
Trd, 4319060.743, 91
Trd, 4319061.393, 106
Trd, 4319062.243, 118
Trd, 4319062.393, 87
Trd, 4319063.243, 81
Trd, 4319063.443, 72
Trd, 4319064.143, 134
Trd, 4319064.393, 117
Trd, 4319065.293, 127
Trd, 4319065.543, 116
Trd, 4319066.743, 104
Trd, 4319067.493, 110
Trd, 4319068.243, 74
Trd, 4319068.443, 83
Trd, 4319069.643, 110
Trd, 4319070.093, 122
Trd, 4319070.943, 68
Trd, 4319070.993, 115
Trd, 4319071.693, 131
Trd, 4319073.193, 116
Trd, 4319073.243, 95
Trd, 4319073.493, 83
Trd, 4319075.543, 80
Trd, 4319075.593, 78
Trd, 4319075.743, 77
Trd, 4319075.893, 62
Trd, 4319077.243, 86
Trd, 4319077.693, 74
Trd, 4319078.993, 87
Trd, 4319080.093, 93
Trd, 4319080.343, 94
Trd, 4319080.743, 83
Trd, 4319081.193, 84
Trd, 4319081.643, 108
Trd, 4319082.243, 113
Trd, 4319082.593, 128
Trd, 4319083.943, 92
Trd, 4319084.143, 84
Trd, 4319085.893, 65
Trd, 4319086.093, 76
Trd, 4319086.143, 85
Trd, 4319086.643, 86
Trd, 4319086.893, 129
Trd, 4319086.943, 109
Trd, 4319088.793, 75
Trd, 4319089.093, 105
Trd, 4319089.443, 60
Trd, 4319089.943, 111
Trd, 4319090.543, 92
Trd, 4319091.443, 95
Trd, 4319092.493, 107
Trd, 4319092.993, 99
Trd, 4319093.193, 124
Trd, 4319093.343, 73
Trd, 4319094.493, 77
Trd, 4319094.543, 68
Trd, 4319095.743, 85
Trd, 4319096.843, 107
Trd, 4319096.993, 93
Trd, 4319097.393, 118
Trd, 4319098.343, 92
Trd, 4319100.293, 96
Trd, 4319100.643, 74
Trd, 4319100.993, 92
Trd, 4319101.443, 85
Trd, 4319101.593, 97
Trd, 4319103.493, 76
Trd, 4319103.743, 97
Trd, 4319104.193, 107
Trd, 4319105.643, 89
Trd, 4319106.293, 97
Trd, 4319106.793, 117
Trd, 4319107.393, 112
Trd, 4319107.543, 117
Trd, 4319107.893, 104
Trd, 4319108.593, 109
Trd, 4319110.293, 83
Trd, 4319111.043, 73
Trd, 4319111.143, 81
Trd, 4319111.643, 66
Trd, 4319111.843, 80
Trd, 4319111.893, 93
Trd, 4319112.343, 140
Trd, 4319112.493, 130
Trd, 4319113.243, 87
Trd, 4319114.943, 128
Trd, 4319115.643, 80
Trd, 4319116.343, 62
Trd, 4319117.493, 82
Trd, 4319118.443, 130
Trd, 4319118.993, 126
Trd, 4319119.843, 130
Trd, 4319121.643, 83
Trd, 4319122.693, 96
Trd, 4319122.843, 111
Trd, 4319123.443, 99
Trd, 4319123.693, 65
Trd, 4319123.793, 112
Trd, 4319123.943, 64
Trd, 4319124.743, 100
Trd, 4319125.443, 110
Trd, 4319125.843, 129
Trd, 4319127.093, 95
Trd, 4319127.243, 103
Trd, 4319127.893, 125
Trd, 4319128.193, 104
Trd, 4319128.543, 71
Trd, 4319129.343, 64
Trd, 4319130.243, 91
Trd, 4319131.743, 127
Trd, 4319132.593, 110
Trd, 4319132.693, 110
Trd, 4319132.843, 87
Trd, 4319133.443, 87
Trd, 4319133.793, 102
Trd, 4319134.343, 124
Trd, 4319135.643, 93
Trd, 4319135.943, 91
Trd, 4319136.693, 94
Trd, 4319137.193, 100
Trd, 4319138.493, 100
Trd, 4319138.793, 93
Trd, 4319139.793, 137
Trd, 4319139.943, 107
Trd, 4319141.093, 66
Trd, 4319141.593, 62
Trd, 4319143.193, 77
Trd, 4319143.843, 128
Trd, 4319143.943, 95
Trd, 4319145.493, 130
Trd, 4319147.043, 115
Trd, 4319147.243, 102
Trd, 4319147.743, 100
Trd, 4319148.093, 120
Trd, 4319148.143, 95
Trd, 4319149.143, 109
Trd, 4319149.293, 123
Trd, 4319149.443, 108
Trd, 4319150.993, 100
Trd, 4319151.643, 115
Trd, 4319152.743, 132
Trd, 4319152.793, 114
Trd, 4319152.993, 111
Trd, 4319153.793, 95
Trd, 4319154.493, 101
Trd, 4319155.443, 139
Trd, 4319155.593, 129
Trd, 4319157.293, 102
Trd, 4319157.843, 122
Trd, 4319158.293, 111
Trd, 4319159.493, 115
Trd, 4319159.693, 96
Trd, 4319161.043, 139
Trd, 4319161.593, 103
Trd, 4319161.793, 129
Trd, 4319162.743, 72
Trd, 4319162.843, 79
Trd, 4319163.593, 85
Trd, 4319163.693, 92
Trd, 4319164.093, 94
Trd, 4319164.943, 114
Trd, 4319165.093, 82
Trd, 4319166.643, 60
Trd, 4319166.743, 72
Trd, 4319167.293, 70
Trd, 4319168.493, 73
Trd, 4319169.443, 118
Trd, 4319169.493, 78
Trd, 4319170.193, 126
Trd, 4319171.893, 79
Trd, 4319172.993, 108
Trd, 4319173.743, 91
Trd, 4319174.043, 83
Trd, 4319174.393, 91
Trd, 4319174.593, 65
Trd, 4319175.993, 131
Trd, 4319178.193, 134
Trd, 4319178.443, 113
Trd, 4319178.743, 112
Trd, 4319180.293, 109
Trd, 4319180.443, 106
Trd, 4319180.943, 138
Trd, 4319181.393, 132
Trd, 4319181.493, 81
Trd, 4319183.243, 118
Trd, 4319183.293, 98
Trd, 4319183.443, 76
Trd, 4319184.593, 114
Trd, 4319185.843, 118
Trd, 4319187.593, 130
Trd, 4319188.493, 126
Trd, 4319188.743, 102
Trd, 4319190.193, 140
Trd, 4319190.393, 132
Trd, 4319190.843, 69
Trd, 4319192.143, 78
Trd, 4319192.393, 88
Trd, 4319192.843, 71
Trd, 4319193.993, 87
Trd, 4319194.443, 84
Trd, 4319194.643, 113
Trd, 4319195.943, 75
Trd, 4319196.193, 85
Trd, 4319196.393, 102
Trd, 4319197.143, 87
Trd, 4319197.593, 93
Trd, 4319197.993, 106
Trd, 4319198.143, 111
Trd, 4319200.693, 119
Trd, 4319201.143, 101
Trd, 4319201.393, 108
Trd, 4319201.843, 87
Trd, 4319203.743, 133
Trd, 4319204.493, 77
Trd, 4319205.393, 90
Trd, 4319206.443, 87
Trd, 4319207.143, 93
Trd, 4319207.993, 103
Trd, 4319208.093, 76
Trd, 4319209.343, 136
Trd, 4319210.193, 139
Trd, 4319210.543, 97
Trd, 4319211.043, 115
Trd, 4319212.043, 131
Trd, 4319212.193, 100
Trd, 4319213.393, 110
Trd, 4319213.493, 87
Trd, 4319215.693, 77
Trd, 4319216.243, 140
Trd, 4319216.693, 99
Trd, 4319217.093, 89
Trd, 4319218.793, 123
Trd, 4319219.993, 105
Trd, 4319220.293, 98
Trd, 4319221.393, 104
Trd, 4319221.543, 114
Trd, 4319221.643, 114
Trd, 4319221.943, 90
Trd, 4319222.843, 105
Trd, 4319224.393, 63
Trd, 4319224.893, 131
Trd, 4319225.293, 106
Trd, 4319225.843, 124
Trd, 4319226.393, 115
Trd, 4319227.493, 92
Trd, 4319228.393, 126
Trd, 4319229.743, 134
Trd, 4319229.993, 107
Trd, 4319230.443, 127
Trd, 4319231.993, 140
Trd, 4319232.243, 123
Trd, 4319232.543, 118
Trd, 4319233.243, 104
Trd, 4319233.393, 107
Trd, 4319234.543, 127
Trd, 4319235.843, 129
Trd, 4319236.893, 106
Trd, 4319237.293, 108
Trd, 4319237.543, 106
Trd, 4319237.743, 93
Trd, 4319237.793, 90
Trd, 4319239.393, 112
Trd, 4319239.443, 107
Trd, 4319240.143, 137
Trd, 4319240.593, 102
Trd, 4319240.843, 100
Trd, 4319241.243, 79
Trd, 4319243.593, 122
Trd, 4319243.643, 102
Trd, 4319244.143, 117
Trd, 4319244.843, 121
Trd, 4319244.893, 99
Trd, 4319244.993, 97
Trd, 4319245.043, 79
Trd, 4319246.243, 84
Trd, 4319246.693, 112
Trd, 4319249.193, 102
Trd, 4319249.443, 83
Trd, 4319249.793, 116
Trd, 4319250.243, 85
Trd, 4319250.743, 74
Trd, 4319251.993, 114
Trd, 4319252.493, 125
Trd, 4319252.893, 87
Trd, 4319253.093, 83
Trd, 4319253.993, 118
Trd, 4319254.343, 114
Trd, 4319256.293, 133
Trd, 4319256.343, 105
Trd, 4319257.943, 132
Trd, 4319258.193, 121
Trd, 4319258.243, 113
Trd, 4319258.793, 127
Trd, 4319261.043, 123
Trd, 4319261.093, 85
Trd, 4319261.193, 69
Trd, 4319261.593, 84
Trd, 4319262.093, 92
Trd, 4319262.843, 94
Trd, 4319263.243, 71
Trd, 4319264.393, 108
Trd, 4319264.643, 119
Trd, 4319264.893, 123
Trd, 4319265.193, 114
Trd, 4319265.993, 108
Trd, 4319266.093, 87
Trd, 4319268.443, 88
Trd, 4319268.893, 115
Trd, 4319269.643, 107
Trd, 4319270.043, 101
Trd, 4319271.093, 121
Trd, 4319272.643, 102
Trd, 4319272.793, 97
Trd, 4319272.993, 67
Trd, 4319273.293, 74
Trd, 4319274.493, 96
Trd, 4319275.193, 76
Trd, 4319276.193, 67
Trd, 4319276.643, 65
Trd, 4319276.743, 68
Trd, 4319277.543, 68
Trd, 4319277.943, 78
Trd, 4319278.443, 86
Trd, 4319280.293, 139
Trd, 4319280.393, 138
Trd, 4319280.793, 96
Trd, 4319281.093, 86
Trd, 4319281.943, 118
Trd, 4319282.143, 90
Trd, 4319283.693, 81
Trd, 4319284.293, 68
Trd, 4319284.893, 101
Trd, 4319285.293, 71
Trd, 4319286.593, 62
Trd, 4319287.143, 71
Trd, 4319288.143, 76
Trd, 4319288.843, 73
Trd, 4319289.443, 77
Trd, 4319289.793, 86
Trd, 4319290.343, 93
Trd, 4319290.993, 106
Trd, 4319291.793, 119
Trd, 4319292.293, 74
Trd, 4319293.843, 75
Trd, 4319294.243, 79
Trd, 4319294.343, 78
Trd, 4319294.943, 75
Trd, 4319295.893, 92
Trd, 4319297.593, 76
Trd, 4319298.043, 65
Trd, 4319298.143, 95
Trd, 4319298.543, 76
Trd, 4319299.143, 70
Trd, 4319300.293, 78
Trd, 4319300.593, 70
Trd, 4319300.993, 75
Trd, 4319301.993, 66
Trd, 4319302.793, 77
Trd, 4319303.093, 133
Trd, 4319303.593, 140
Trd, 4319304.393, 134
Trd, 4319305.543, 112
Trd, 4319305.843, 101
Trd, 4319306.293, 98
Trd, 4319306.843, 92
Trd, 4319307.193, 84
Trd, 4319307.493, 92
Trd, 4319308.093, 123
Trd, 4319308.493, 99
Trd, 4319308.693, 74
Trd, 4319309.793, 130
Trd, 4319310.693, 113
Trd, 4319311.543, 104
Trd, 4319312.393, 101
Trd, 4319313.393, 114
Trd, 4319314.743, 114
Trd, 4319314.993, 79
Trd, 4319315.243, 128
Trd, 4319315.793, 114
Trd, 4319316.343, 101
Trd, 4319316.593, 95
Trd, 4319316.793, 72
Trd, 4319319.243, 83
Trd, 4319319.643, 127
Trd, 4319320.393, 119
Trd, 4319321.293, 140
Trd, 4319321.443, 80
Trd, 4319321.793, 137
Trd, 4319321.893, 127
Trd, 4319322.493, 69
Trd, 4319322.743, 84
Trd, 4319325.943, 140
Trd, 4319326.193, 101
Trd, 4319326.543, 96
Trd, 4319326.843, 131
Trd, 4319327.293, 72
Trd, 4319328.093, 65
Trd, 4319328.593, 76
Trd, 4319329.143, 70
Trd, 4319329.543, 63
Trd, 4319329.943, 102
Trd, 4319330.443, 110
Trd, 4319330.593, 111
Trd, 4319331.093, 63
Trd, 4319331.543, 92
Trd, 4319331.843, 94
Trd, 4319333.893, 132
Trd, 4319334.343, 123
Trd, 4319335.143, 93
Trd, 4319335.293, 91
Trd, 4319335.743, 116
Trd, 4319336.943, 85
Trd, 4319338.843, 72
Trd, 4319339.093, 80
Trd, 4319340.293, 80
Trd, 4319340.743, 63
Trd, 4319340.793, 82
Trd, 4319341.643, 108
Trd, 4319342.543, 112
Trd, 4319343.393, 83
Trd, 4319343.993, 130
Trd, 4319344.493, 72
Trd, 4319345.093, 61
Trd, 4319346.443, 95
Trd, 4319347.693, 106
Trd, 4319348.043, 138
Trd, 4319348.643, 128
Trd, 4319348.893, 105
Trd, 4319349.593, 130
Trd, 4319350.043, 125
Trd, 4319350.643, 116
Trd, 4319350.943, 121
Trd, 4319351.143, 107
Trd, 4319352.693, 138
Trd, 4319353.343, 137
Trd, 4319353.443, 103
Trd, 4319354.393, 113
Trd, 4319355.143, 76
Trd, 4319355.693, 86
Trd, 4319355.743, 94
Trd, 4319355.893, 95
Trd, 4319356.293, 95
Trd, 4319357.293, 120
Trd, 4319357.743, 104
Trd, 4319359.093, 88
Trd, 4319359.193, 78
Trd, 4319359.843, 115
Trd, 4319360.943, 131
Trd, 4319362.343, 126
Trd, 4319362.543, 75
Trd, 4319363.293, 86
Trd, 4319363.643, 71
Trd, 4319363.843, 67
Trd, 4319365.793, 114
Trd, 4319366.243, 97
Trd, 4319367.343, 77
Trd, 4319367.993, 77
Trd, 4319368.043, 112
Trd, 4319368.693, 112
Trd, 4319369.243, 138
Trd, 4319369.743, 120
Trd, 4319370.443, 95
Trd, 4319371.243, 76
Trd, 4319371.543, 106
Trd, 4319371.893, 82
Trd, 4319372.693, 121
Trd, 4319373.093, 66
Trd, 4319373.793, 60
Trd, 4319374.593, 82
Trd, 4319374.793, 87
Trd, 4319376.343, 137
Trd, 4319376.593, 131
Trd, 4319376.893, 125
Trd, 4319377.393, 68
Trd, 4319377.743, 107
Trd, 4319379.843, 113
Trd, 4319380.393, 130
Trd, 4319380.943, 109
Trd, 4319381.593, 99
Trd, 4319382.393, 136
Trd, 4319382.693, 126
Trd, 4319383.543, 139
Trd, 4319384.343, 140
Trd, 4319385.743, 112
Trd, 4319386.843, 86
Trd, 4319387.243, 71
Trd, 4319387.743, 67
Trd, 4319388.743, 88
Trd, 4319388.893, 82
Trd, 4319389.393, 103
Trd, 4319389.943, 89
Trd, 4319390.943, 120
Trd, 4319392.593, 100
Trd, 4319393.193, 115
Trd, 4319393.593, 114
Trd, 4319394.043, 118
Trd, 4319394.793, 111
Trd, 4319395.693, 114
Trd, 4319396.343, 129
Trd, 4319397.393, 89
Trd, 4319397.643, 134
Trd, 4319398.743, 117
Trd, 4319398.893, 116
Trd, 4319399.143, 134
Trd, 4319400.193, 138
Trd, 4319400.243, 125
Trd, 4319400.993, 105
Trd, 4319401.543, 80
Trd, 4319402.293, 128
Trd, 4319403.343, 121
Trd, 4319404.143, 132
Trd, 4319404.493, 119
Trd, 4319405.243, 100
Trd, 4319407.093, 96
Trd, 4319408.693, 113
Trd, 4319408.893, 119
Trd, 4319408.943, 124
Trd, 4319409.593, 100
Trd, 4319409.743, 109
Trd, 4319409.893, 88
Trd, 4319411.793, 133
Trd, 4319411.893, 129
Trd, 4319412.843, 112
Trd, 4319413.493, 124
Trd, 4319414.293, 132
Trd, 4319415.043, 107
Trd, 4319415.143, 103
Trd, 4319415.693, 130
Trd, 4319417.043, 85
Trd, 4319417.393, 94
Trd, 4319418.243, 106
Trd, 4319418.343, 82
Trd, 4319418.393, 74
Trd, 4319419.543, 63
Trd, 4319419.693, 79
Trd, 4319421.343, 83
Trd, 4319422.043, 84
Trd, 4319422.093, 93
Trd, 4319422.393, 82
Trd, 4319422.793, 129
Trd, 4319424.193, 78
Trd, 4319424.593, 103
Trd, 4319424.943, 86
Trd, 4319425.943, 84
Trd, 4319426.443, 95
Trd, 4319426.843, 65
Trd, 4319426.943, 112
Trd, 4319427.443, 111
Trd, 4319428.393, 77
Trd, 4319428.543, 87
Trd, 4319429.593, 83
Trd, 4319430.143, 73
Trd, 4319432.043, 68
Trd, 4319432.993, 89
Trd, 4319433.293, 103
Trd, 4319434.443, 61
Trd, 4319434.543, 74
Trd, 4319434.643, 92
Trd, 4319436.093, 84
Trd, 4319436.543, 98
Trd, 4319436.993, 69
Trd, 4319437.393, 113
Trd, 4319438.343, 85
Trd, 4319438.393, 84
Trd, 4319438.993, 73
Trd, 4319439.943, 120
Trd, 4319440.743, 134
Trd, 4319441.043, 121
Trd, 4319441.843, 79
Trd, 4319442.393, 117
Trd, 4319443.443, 91
Trd, 4319443.643, 72
Trd, 4319443.893, 69
Trd, 4319443.993, 118
Trd, 4319444.693, 89
Trd, 4319445.543, 83
Trd, 4319446.393, 95
Trd, 4319447.793, 71
Trd, 4319448.493, 90
Trd, 4319449.243, 123
Trd, 4319449.943, 134
Trd, 4319449.993, 87
Trd, 4319450.143, 83
Trd, 4319451.593, 134
Trd, 4319452.343, 124
Trd, 4319452.443, 114
Trd, 4319452.893, 129
Trd, 4319453.593, 110
Trd, 4319453.743, 79
Trd, 4319455.593, 88
Trd, 4319456.193, 103
Trd, 4319457.143, 125
Trd, 4319457.243, 90
Trd, 4319457.493, 96
Trd, 4319458.943, 102
Trd, 4319459.943, 81
Trd, 4319460.893, 95
Trd, 4319461.143, 134
Trd, 4319461.893, 109
Trd, 4319463.293, 69
Trd, 4319464.143, 61
Trd, 4319464.343, 113
Trd, 4319465.443, 102
Trd, 4319465.543, 102
Trd, 4319466.843, 137
Trd, 4319466.993, 105
Trd, 4319468.743, 94
Trd, 4319468.893, 93
Trd, 4319470.243, 87
Trd, 4319470.593, 61
Trd, 4319470.693, 89
Trd, 4319470.993, 93
Trd, 4319471.393, 131
Trd, 4319474.193, 93
Trd, 4319474.543, 94
Trd, 4319474.793, 91
Trd, 4319474.943, 110
Trd, 4319475.093, 108
Trd, 4319475.293, 90
Trd, 4319475.393, 89
Trd, 4319475.893, 138
Trd, 4319476.693, 98
Trd, 4319479.243, 131
Trd, 4319479.343, 126
Trd, 4319479.743, 105
Trd, 4319479.843, 91
Trd, 4319480.043, 87
Trd, 4319480.143, 128
Trd, 4319481.443, 88
Trd, 4319482.443, 74
Trd, 4319483.743, 92
Trd, 4319483.843, 85
Trd, 4319483.943, 82
Trd, 4319484.993, 135
Trd, 4319485.343, 127
Trd, 4319485.993, 126
Trd, 4319486.893, 111
Trd, 4319487.993, 106
Trd, 4319488.043, 115
Trd, 4319488.793, 67
Trd, 4319489.243, 77
Trd, 4319490.493, 106
Trd, 4319491.493, 80
Trd, 4319491.543, 83
Trd, 4319492.043, 118
Trd, 4319493.093, 81
Trd, 4319493.793, 82
Trd, 4319494.243, 92
Trd, 4319494.493, 95
Trd, 4319494.543, 102
Trd, 4319495.893, 65
Trd, 4319496.393, 88
Trd, 4319498.093, 60
Trd, 4319498.493, 81
Trd, 4319499.043, 95
Trd, 4319499.393, 83
Trd, 4319500.893, 110
Trd, 4319501.243, 106
Trd, 4319502.143, 116
Trd, 4319502.343, 83
Trd, 4319503.893, 136
Trd, 4319504.043, 123
Trd, 4319504.293, 108
Trd, 4319504.693, 83
Trd, 4319505.693, 108
Trd, 4319506.593, 61
Trd, 4319506.893, 89
Trd, 4319506.993, 85
Trd, 4319507.293, 120
Trd, 4319507.943, 90
Trd, 4319508.693, 76
Trd, 4319509.043, 86
Trd, 4319509.543, 67
Trd, 4319510.443, 97
Trd, 4319510.693, 103
Trd, 4319511.343, 107
Trd, 4319511.693, 71
Trd, 4319512.693, 66
Trd, 4319514.543, 69
Trd, 4319515.043, 74
Trd, 4319517.343, 111
Trd, 4319517.393, 109
Trd, 4319517.693, 108
Trd, 4319517.993, 109
Trd, 4319518.243, 96
Trd, 4319518.293, 88
Trd, 4319519.443, 101
Trd, 4319521.043, 100
Trd, 4319523.543, 118
Trd, 4319523.643, 92
Trd, 4319523.793, 129
Trd, 4319524.593, 133
Trd, 4319525.443, 107
Trd, 4319526.293, 132
Trd, 4319526.543, 139
Trd, 4319527.693, 104
Trd, 4319528.443, 87
Trd, 4319530.743, 98
Trd, 4319531.193, 78
Trd, 4319531.443, 75
Trd, 4319531.593, 91
Trd, 4319532.643, 61
Trd, 4319533.043, 72
Trd, 4319533.143, 109
Trd, 4319534.143, 98
Trd, 4319534.293, 110
Trd, 4319535.793, 62
Trd, 4319536.493, 84
Trd, 4319536.993, 139
Trd, 4319537.143, 128
Trd, 4319537.843, 110
Trd, 4319538.293, 61
Trd, 4319539.043, 80
Trd, 4319540.043, 119
Trd, 4319540.443, 83
Trd, 4319541.543, 124
Trd, 4319541.943, 92
Trd, 4319542.043, 101
Trd, 4319542.143, 80
Trd, 4319542.843, 85
Trd, 4319543.493, 67
Trd, 4319543.743, 69
Trd, 4319544.493, 75
Trd, 4319544.943, 101
Trd, 4319546.743, 98
Trd, 4319547.243, 98
Trd, 4319547.343, 68
Trd, 4319547.743, 60
Trd, 4319549.643, 127
Trd, 4319549.893, 105
Trd, 4319550.493, 96
Trd, 4319550.993, 118
Trd, 4319551.693, 131
Trd, 4319552.293, 101
Trd, 4319552.493, 82
Trd, 4319553.643, 135
Trd, 4319554.093, 119
Trd, 4319554.243, 93
Trd, 4319554.393, 60
Trd, 4319554.793, 94
Trd, 4319554.993, 95
Trd, 4319556.893, 127
Trd, 4319557.593, 87
Trd, 4319558.043, 100
Trd, 4319559.793, 117
Trd, 4319560.143, 79
Trd, 4319560.243, 123
Trd, 4319560.493, 75
Trd, 4319561.593, 94
Trd, 4319563.293, 87
Trd, 4319563.593, 90
Trd, 4319563.693, 90
Trd, 4319564.343, 113
Trd, 4319565.543, 114
Trd, 4319565.643, 107
Trd, 4319567.043, 81
Trd, 4319567.293, 81
Trd, 4319567.893, 61
Trd, 4319568.093, 66
Trd, 4319568.493, 132
Trd, 4319568.643, 87
Trd, 4319569.743, 62
Trd, 4319571.143, 83
Trd, 4319571.543, 78
Trd, 4319571.993, 89
Trd, 4319572.043, 89
Trd, 4319572.793, 138
Trd, 4319574.143, 136
Trd, 4319574.793, 105
Trd, 4319575.143, 103
Trd, 4319575.743, 120
Trd, 4319576.993, 115
Trd, 4319578.043, 108
Trd, 4319578.193, 117
Trd, 4319578.493, 103
Trd, 4319578.793, 133
Trd, 4319579.793, 102
Trd, 4319581.393, 104
Trd, 4319581.693, 92
Trd, 4319582.243, 116
Trd, 4319582.443, 109
Trd, 4319582.693, 125
Trd, 4319584.093, 88
Trd, 4319584.443, 111
Trd, 4319584.743, 114
Trd, 4319585.393, 128
Trd, 4319586.043, 86
Trd, 4319586.993, 82
Trd, 4319587.093, 63
Trd, 4319588.793, 96
Trd, 4319589.443, 123
Trd, 4319590.043, 81
Trd, 4319590.443, 79
Trd, 4319590.793, 87
Trd, 4319591.243, 63
Trd, 4319591.593, 73
Trd, 4319593.043, 109
Trd, 4319593.643, 98
Trd, 4319593.993, 94
Trd, 4319594.593, 88
Trd, 4319595.193, 108
Trd, 4319596.443, 99
Trd, 4319597.393, 60
Trd, 4319598.043, 78
Trd, 4319598.443, 93
Trd, 4319598.543, 68
Trd, 4319598.893, 106
Trd, 4319599.643, 123
Trd, 4319601.143, 87
Trd, 4319601.443, 94
Trd, 4319602.143, 78
Trd, 4319602.543, 78
Trd, 4319603.043, 135
Trd, 4319603.793, 111
Trd, 4319603.993, 95
Trd, 4319604.543, 104
Trd, 4319605.043, 113
Trd, 4319606.593, 108
Trd, 4319606.893, 123
Trd, 4319607.043, 99
Trd, 4319607.893, 104
Trd, 4319608.443, 124
Trd, 4319609.693, 125
Trd, 4319610.043, 113
Trd, 4319610.293, 111
Trd, 4319611.593, 90
Trd, 4319611.843, 87
Trd, 4319612.993, 81
Trd, 4319613.943, 121
Trd, 4319613.993, 104
Trd, 4319614.043, 130
Trd, 4319615.493, 114
Trd, 4319615.643, 101
Trd, 4319616.193, 129
Trd, 4319616.493, 130
Trd, 4319617.493, 90
Trd, 4319618.893, 99
Trd, 4319619.693, 94
Trd, 4319619.993, 82
Trd, 4319620.343, 82
Trd, 4319620.543, 81
Trd, 4319620.643, 75
Trd, 4319621.693, 110
Trd, 4319621.943, 114
Trd, 4319622.893, 121
Trd, 4319623.793, 109
Trd, 4319624.043, 81
Trd, 4319624.443, 96
Trd, 4319625.443, 75
Trd, 4319625.593, 69
Trd, 4319626.643, 107
Trd, 4319628.443, 117
Trd, 4319628.743, 118
Trd, 4319629.793, 102
Trd, 4319630.443, 78
Trd, 4319630.893, 127
Trd, 4319632.943, 97
Trd, 4319633.293, 76
Trd, 4319634.143, 90
Trd, 4319634.193, 100
Trd, 4319635.993, 95
Trd, 4319636.143, 108
Trd, 4319636.593, 106
Trd, 4319636.943, 94
Trd, 4319636.993, 80
Trd, 4319637.643, 120
Trd, 4319638.043, 125
Trd, 4319638.393, 60
Trd, 4319638.443, 69
Trd, 4319641.143, 115
Trd, 4319641.443, 103
Trd, 4319641.743, 111
Trd, 4319641.843, 123
Trd, 4319642.393, 137
Trd, 4319642.743, 130
Trd, 4319643.893, 98
Trd, 4319644.293, 94
Trd, 4319644.793, 90
Trd, 4319644.893, 129
Trd, 4319646.043, 133
Trd, 4319646.493, 123
Trd, 4319647.293, 126
Trd, 4319647.393, 124
Trd, 4319647.793, 107
Trd, 4319649.193, 77
Trd, 4319649.593, 74
Trd, 4319650.743, 133
Trd, 4319650.893, 105
Trd, 4319651.893, 138
Trd, 4319652.293, 117
Trd, 4319653.393, 80
Trd, 4319653.793, 77
Trd, 4319654.543, 120
Trd, 4319655.293, 122
Trd, 4319655.793, 116
Trd, 4319656.993, 118
Trd, 4319657.193, 128
Trd, 4319658.193, 109
Trd, 4319658.943, 134
Trd, 4319659.193, 131
Trd, 4319659.243, 102
Trd, 4319661.093, 76
Trd, 4319661.293, 83
Trd, 4319661.393, 93
Trd, 4319662.093, 110
Trd, 4319663.693, 120
Trd, 4319664.943, 128
Trd, 4319665.743, 92
Trd, 4319667.043, 132
Trd, 4319667.693, 86
Trd, 4319668.693, 73
Trd, 4319669.043, 71
Trd, 4319669.493, 128
Trd, 4319670.093, 97
Trd, 4319670.593, 125
Trd, 4319670.943, 73
Trd, 4319671.393, 77
Trd, 4319672.143, 60
Trd, 4319672.393, 122
Trd, 4319672.693, 136
Trd, 4319673.393, 137
Trd, 4319674.493, 90
Trd, 4319674.993, 83
Trd, 4319675.143, 100
Trd, 4319675.643, 138
Trd, 4319675.993, 124
Trd, 4319676.593, 132
Trd, 4319676.743, 121
Trd, 4319677.793, 82
Trd, 4319678.893, 140
Trd, 4319679.443, 138
Trd, 4319679.543, 96
Trd, 4319679.893, 112
Trd, 4319680.193, 89
Trd, 4319683.193, 100
Trd, 4319683.443, 99
Trd, 4319683.793, 95
Trd, 4319684.143, 140
Trd, 4319685.293, 97
Trd, 4319685.543, 115
Trd, 4319686.693, 93
Trd, 4319687.043, 74
Trd, 4319688.943, 61
Trd, 4319689.043, 64
Trd, 4319689.643, 72
Trd, 4319689.793, 131
Trd, 4319690.193, 107
Trd, 4319690.643, 102
Trd, 4319691.143, 73
Trd, 4319691.443, 112
Trd, 4319692.293, 96
Trd, 4319692.543, 105
Trd, 4319694.293, 72
Trd, 4319694.343, 93
Trd, 4319694.893, 132
Trd, 4319695.993, 117
Trd, 4319696.343, 124
Trd, 4319697.493, 132
Trd, 4319698.943, 111
Trd, 4319699.043, 87
Trd, 4319699.543, 131
Trd, 4319700.193, 113
Trd, 4319701.043, 100
Trd, 4319701.993, 119
Trd, 4319702.543, 84
Trd, 4319703.243, 86
Trd, 4319703.593, 125
Trd, 4319703.893, 134
Trd, 4319704.643, 73
Trd, 4319704.743, 68
Trd, 4319705.293, 68
Trd, 4319706.943, 102
Trd, 4319708.043, 97
Trd, 4319708.893, 60
Trd, 4319709.093, 89
Trd, 4319709.443, 61
Trd, 4319710.943, 139
Trd, 4319712.093, 67
Trd, 4319712.343, 110
Trd, 4319712.893, 63
Trd, 4319713.743, 119
Trd, 4319714.143, 106
Trd, 4319715.443, 100
Trd, 4319715.993, 139
Trd, 4319716.693, 100
Trd, 4319717.243, 63
Trd, 4319718.843, 131
Trd, 4319719.643, 125
Trd, 4319720.343, 124
Trd, 4319720.843, 100
Trd, 4319721.743, 82
Trd, 4319722.143, 79
Trd, 4319722.693, 137
Trd, 4319724.193, 81
Trd, 4319724.543, 77
Trd, 4319724.743, 79
Trd, 4319725.193, 88
Trd, 4319725.943, 95
Trd, 4319726.793, 109
Trd, 4319726.943, 76
Trd, 4319727.843, 116
Trd, 4319729.543, 100
Trd, 4319730.093, 82
Trd, 4319730.293, 91
Trd, 4319730.343, 101
Trd, 4319730.743, 112
Trd, 4319731.243, 87
Trd, 4319731.393, 82
Trd, 4319731.443, 75
Trd, 4319733.493, 126
Trd, 4319734.443, 97
Trd, 4319734.543, 89
Trd, 4319734.593, 83
Trd, 4319736.043, 91
Trd, 4319736.193, 110
Trd, 4319736.493, 93
Trd, 4319736.793, 110
Trd, 4319737.943, 87
Trd, 4319738.443, 138
Trd, 4319738.543, 102
Trd, 4319740.093, 95
Trd, 4319740.593, 107
Trd, 4319740.793, 109
Trd, 4319741.843, 127
Trd, 4319741.943, 93
Trd, 4319743.443, 131
Trd, 4319744.243, 111
Trd, 4319744.843, 99
Trd, 4319745.043, 80
Trd, 4319745.443, 95
Trd, 4319745.593, 89
Trd, 4319746.293, 107
Trd, 4319747.793, 68
Trd, 4319748.243, 77
Trd, 4319748.743, 110
Trd, 4319749.043, 126
Trd, 4319749.143, 95
Trd, 4319749.993, 114
Trd, 4319750.843, 98
Trd, 4319750.943, 91
Trd, 4319752.793, 109
Trd, 4319753.193, 120
Trd, 4319754.143, 126
Trd, 4319754.693, 116
Trd, 4319755.293, 95
Trd, 4319755.543, 83
Trd, 4319756.193, 83
Trd, 4319757.043, 63
Trd, 4319757.343, 66
Trd, 4319757.793, 104
Trd, 4319758.093, 114
Trd, 4319761.093, 124
Trd, 4319762.193, 108
Trd, 4319762.593, 124
Trd, 4319763.043, 109
Trd, 4319763.793, 100
Trd, 4319764.093, 119
Trd, 4319764.543, 90
Trd, 4319765.543, 103
Trd, 4319767.093, 129
Trd, 4319767.343, 123
Trd, 4319769.093, 105
Trd, 4319769.343, 116
Trd, 4319770.243, 117
Trd, 4319770.693, 101
Trd, 4319771.293, 118
Trd, 4319771.393, 91
Trd, 4319772.343, 80
Trd, 4319772.843, 124
Trd, 4319774.143, 103
Trd, 4319775.543, 121
Trd, 4319776.293, 121
Trd, 4319776.443, 107
Trd, 4319777.193, 134
Trd, 4319777.693, 122
Trd, 4319778.743, 82
Trd, 4319779.043, 80
Trd, 4319779.093, 95
Trd, 4319779.143, 74
Trd, 4319779.493, 77
Trd, 4319780.843, 79
Trd, 4319780.893, 93
Trd, 4319781.343, 62
Trd, 4319782.393, 92
Trd, 4319783.843, 78
Trd, 4319783.893, 87
Trd, 4319784.643, 90
Trd, 4319784.793, 100
Trd, 4319785.443, 66
Trd, 4319785.793, 128
Trd, 4319786.493, 61
Trd, 4319787.993, 126
Trd, 4319788.543, 113
Trd, 4319788.593, 110
Trd, 4319789.043, 72
Trd, 4319789.843, 60
Trd, 4319791.093, 61
Trd, 4319791.493, 66
Trd, 4319791.793, 77
Trd, 4319792.343, 62
Trd, 4319793.443, 74
Trd, 4319794.243, 61
Trd, 4319794.293, 72
Trd, 4319794.893, 67
Trd, 4319795.343, 86
Trd, 4319795.843, 73
Trd, 4319797.343, 115
Trd, 4319797.693, 67
Trd, 4319798.343, 130
Trd, 4319798.393, 101
Trd, 4319799.793, 103
Trd, 4319800.893, 62
Trd, 4319801.193, 73
Trd, 4319801.943, 63
Trd, 4319802.443, 68
Trd, 4319803.693, 88
Trd, 4319804.293, 61
Trd, 4319804.493, 66
Trd, 4319804.693, 89
Trd, 4319805.743, 99
Trd, 4319806.043, 122
Trd, 4319806.243, 107
Trd, 4319806.943, 68
Trd, 4319807.193, 92
Trd, 4319808.193, 84
Trd, 4319808.593, 75
Trd, 4319809.643, 93
Trd, 4319810.443, 122
Trd, 4319810.793, 131
Trd, 4319811.643, 124
Trd, 4319811.893, 121
Trd, 4319812.993, 83
Trd, 4319813.243, 77
Trd, 4319814.093, 84
Trd, 4319815.593, 80
Trd, 4319815.843, 96
Trd, 4319816.143, 109
Trd, 4319817.343, 94
Trd, 4319817.443, 115
Trd, 4319817.543, 84
Trd, 4319817.593, 126
Trd, 4319818.743, 77
Trd, 4319819.143, 115
Trd, 4319819.943, 80
Trd, 4319820.693, 77
Trd, 4319821.193, 90
Trd, 4319822.593, 123
Trd, 4319823.143, 134
Trd, 4319823.593, 111
Trd, 4319826.293, 115
Trd, 4319826.943, 119
Trd, 4319827.443, 107
Trd, 4319827.493, 126
Trd, 4319828.093, 130
Trd, 4319828.543, 116
Trd, 4319829.393, 102
Trd, 4319829.743, 82
Trd, 4319830.193, 114
Trd, 4319830.593, 118
Trd, 4319831.293, 100
Trd, 4319831.343, 121
Trd, 4319831.443, 121
Trd, 4319832.493, 103
Trd, 4319833.443, 109
Trd, 4319833.843, 115
Trd, 4319834.643, 85
Trd, 4319835.043, 122
Trd, 4319835.893, 134
Trd, 4319836.243, 130
Trd, 4319836.393, 121
Trd, 4319837.293, 120
Trd, 4319837.793, 114
Trd, 4319838.143, 101
Trd, 4319838.693, 110
Trd, 4319839.643, 94
Trd, 4319840.793, 80
Trd, 4319841.593, 112
Trd, 4319841.843, 92
Trd, 4319843.143, 132
Trd, 4319844.193, 122
Trd, 4319845.443, 103
Trd, 4319845.893, 92
Trd, 4319847.043, 114
Trd, 4319847.593, 123
Trd, 4319848.093, 132
Trd, 4319848.493, 109
Trd, 4319848.693, 85
Trd, 4319849.243, 83
Trd, 4319850.743, 69
Trd, 4319851.243, 95
Trd, 4319852.393, 129
Trd, 4319853.343, 99
Trd, 4319853.843, 94
Trd, 4319854.293, 89
Trd, 4319854.643, 85
Trd, 4319855.443, 115
Trd, 4319855.643, 115
Trd, 4319856.243, 133
Trd, 4319856.293, 93
Trd, 4319857.443, 81
Trd, 4319857.743, 69
Trd, 4319858.343, 84
Trd, 4319858.493, 120
Trd, 4319859.293, 77
Trd, 4319859.393, 85
Trd, 4319860.143, 136
Trd, 4319861.743, 66
Trd, 4319862.193, 77
Trd, 4319862.643, 115
Trd, 4319863.043, 116
Trd, 4319864.043, 136
Trd, 4319865.293, 63
Trd, 4319865.393, 74
Trd, 4319865.693, 85
Trd, 4319867.243, 116
Trd, 4319867.643, 64
Trd, 4319868.543, 60
Trd, 4319868.643, 69
Trd, 4319868.993, 65
Trd, 4319869.393, 72
Trd, 4319870.643, 63
Trd, 4319871.143, 85
Trd, 4319872.343, 128
Trd, 4319873.193, 82
Trd, 4319873.543, 73
Trd, 4319873.943, 102
Trd, 4319874.343, 96
Trd, 4319874.693, 138
Trd, 4319876.193, 116
Trd, 4319876.243, 101
Trd, 4319878.143, 94
Trd, 4319878.843, 113
Trd, 4319879.593, 103
Trd, 4319881.343, 122
Trd, 4319881.793, 106
Trd, 4319882.543, 125
Trd, 4319882.643, 99
Trd, 4319882.843, 87
Trd, 4319883.843, 103
Trd, 4319884.343, 104
Trd, 4319885.343, 105
Trd, 4319885.993, 68
Trd, 4319886.443, 105
Trd, 4319886.693, 92
Trd, 4319886.893, 129
Trd, 4319888.343, 130
Trd, 4319889.943, 123
Trd, 4319891.343, 128
Trd, 4319891.393, 99
Trd, 4319892.443, 94
Trd, 4319892.693, 92
Trd, 4319893.893, 93
Trd, 4319894.193, 87
Trd, 4319894.493, 97
Trd, 4319895.193, 70
Trd, 4319896.193, 89
Trd, 4319896.493, 118
Trd, 4319897.593, 76
Trd, 4319898.093, 104
Trd, 4319899.993, 119
Trd, 4319900.193, 87
Trd, 4319900.643, 81
Trd, 4319901.693, 70
Trd, 4319901.993, 127
Trd, 4319902.093, 103
Trd, 4319902.343, 72
Trd, 4319903.043, 90
Trd, 4319903.243, 100
Trd, 4319904.143, 80
Trd, 4319904.493, 89
Trd, 4319905.543, 127
Trd, 4319905.743, 83
Trd, 4319906.393, 98
Trd, 4319906.993, 136
Trd, 4319908.043, 99
Trd, 4319909.493, 93
Trd, 4319912.443, 132
Trd, 4319913.193, 108
Trd, 4319913.443, 135
Trd, 4319913.893, 111
Trd, 4319914.293, 93
Trd, 4319915.043, 69
Trd, 4319915.843, 104
Trd, 4319916.293, 112
Trd, 4319916.543, 80
Trd, 4319916.843, 128
Trd, 4319917.943, 97
Trd, 4319918.543, 108
Trd, 4319919.593, 116
Trd, 4319919.743, 71
Trd, 4319919.843, 99
Trd, 4319920.643, 92
Trd, 4319921.193, 96
Trd, 4319921.643, 60
Trd, 4319922.743, 70
Trd, 4319923.593, 62
Trd, 4319924.543, 67
Trd, 4319924.743, 85
Trd, 4319925.193, 62
Trd, 4319925.443, 109
Trd, 4319926.143, 94
Trd, 4319927.693, 64
Trd, 4319928.493, 100
Trd, 4319928.643, 114
Trd, 4319929.843, 74
Trd, 4319930.293, 120
Trd, 4319930.543, 91
Trd, 4319931.293, 130
Trd, 4319931.593, 125
Trd, 4319932.393, 72
Trd, 4319932.593, 104
Trd, 4319934.193, 95
Trd, 4319935.043, 113
Trd, 4319935.193, 96
Trd, 4319936.393, 113
Trd, 4319937.443, 126
Trd, 4319938.043, 100
Trd, 4319938.093, 116
Trd, 4319938.343, 118
Trd, 4319939.193, 74
Trd, 4319939.343, 64
Trd, 4319941.843, 79
Trd, 4319943.043, 87
Trd, 4319943.743, 83
Trd, 4319944.243, 80
Trd, 4319944.343, 89
Trd, 4319944.643, 75
Trd, 4319945.093, 69
Trd, 4319946.293, 69
Trd, 4319946.893, 79
Trd, 4319947.293, 75
Trd, 4319947.843, 74
Trd, 4319949.393, 81
Trd, 4319949.493, 101
Trd, 4319950.043, 61
Trd, 4319950.693, 100
Trd, 4319951.743, 99
Trd, 4319951.793, 106
Trd, 4319951.843, 97
Trd, 4319952.793, 93
Trd, 4319954.193, 117
Trd, 4319954.393, 110
Trd, 4319954.793, 103
Trd, 4319955.143, 79
Trd, 4319956.793, 138
Trd, 4319957.293, 123
Trd, 4319957.843, 127
Trd, 4319958.243, 98
Trd, 4319958.993, 110
Trd, 4319959.043, 95
Trd, 4319959.493, 86
Trd, 4319960.543, 82
Trd, 4319961.193, 69
Trd, 4319962.443, 72
Trd, 4319962.893, 91
Trd, 4319964.043, 95
Trd, 4319964.943, 125
Trd, 4319965.043, 119
Trd, 4319965.893, 89
Trd, 4319965.943, 78
Trd, 4319966.793, 102
Trd, 4319967.243, 101
Trd, 4319968.443, 117
Trd, 4319969.193, 121
Trd, 4319969.493, 64
Trd, 4319969.893, 79
Trd, 4319970.843, 71
Trd, 4319971.043, 96
Trd, 4319971.743, 112
Trd, 4319972.293, 133
Trd, 4319972.443, 99
Trd, 4319973.443, 86
Trd, 4319973.543, 130
Trd, 4319974.043, 131
Trd, 4319974.493, 72
Trd, 4319975.643, 90
Trd, 4319976.293, 94
Trd, 4319977.643, 101
Trd, 4319978.243, 122
Trd, 4319978.443, 71
Trd, 4319978.943, 78
Trd, 4319980.143, 103
Trd, 4319980.943, 121
Trd, 4319982.093, 121
Trd, 4319982.193, 120
Trd, 4319982.743, 128
Trd, 4319983.793, 101
Trd, 4319985.343, 118
Trd, 4319985.993, 116
Trd, 4319986.543, 114
Trd, 4319986.843, 123
Trd, 4319986.893, 67
Trd, 4319987.493, 72
Trd, 4319987.893, 108
Trd, 4319988.443, 83
Trd, 4319988.893, 63
Trd, 4319990.093, 68
Trd, 4319991.193, 97
Trd, 4319991.293, 115
Trd, 4319992.043, 127
Trd, 4319992.693, 103
Trd, 4319992.793, 82
Trd, 4319993.343, 112
Trd, 4319993.693, 120
Trd, 4319994.543, 73
Trd, 4319995.243, 110
Trd, 4319996.593, 112
Trd, 4319997.343, 119
Trd, 4319997.843, 130
Trd, 4319998.243, 66
Trd, 4319999.543, 71
