Trd, 4318130.493, 113
Trd, 4318130.893, 111
Trd, 4318132.243, 66
Trd, 4318133.243, 68
Trd, 4318133.643, 92
Trd, 4318134.393, 133
Trd, 4318134.643, 132
Trd, 4318134.843, 97
Trd, 4318135.793, 79
Trd, 4318136.593, 81
Trd, 4318137.243, 128
Trd, 4318138.043, 125
Trd, 4318140.243, 138
Trd, 4318140.893, 132
Trd, 4318140.943, 112
Trd, 4318141.093, 107
Trd, 4318141.943, 88
Trd, 4318143.143, 113
Trd, 4318143.243, 92
Trd, 4318143.343, 117
Trd, 4318143.943, 83
Trd, 4318146.043, 96
Trd, 4318148.143, 112
Trd, 4318148.293, 111
Trd, 4318148.943, 102
Trd, 4318149.343, 102
Trd, 4318149.693, 116
Trd, 4318149.893, 108
Trd, 4318150.093, 72
Trd, 4318151.093, 77
Trd, 4318151.293, 97
Trd, 4318151.943, 85
Trd, 4318152.043, 84
Trd, 4318152.693, 83
Trd, 4318154.693, 113
Trd, 4318154.893, 129
Trd, 4318155.543, 70
Trd, 4318155.943, 99
Trd, 4318156.593, 80
Trd, 4318157.543, 122
Trd, 4318158.043, 113
Trd, 4318159.443, 125
Trd, 4318159.493, 111
Trd, 4318160.093, 96
Trd, 4318161.143, 75
Trd, 4318161.243, 70
Trd, 4318163.093, 92
Trd, 4318163.343, 78
Trd, 4318164.043, 76
Trd, 4318164.293, 99
Trd, 4318164.693, 67
Trd, 4318166.343, 97
Trd, 4318167.093, 119
Trd, 4318167.193, 118
Trd, 4318167.793, 90
Trd, 4318168.343, 130
Trd, 4318171.543, 85
Trd, 4318172.043, 87
Trd, 4318172.193, 86
Trd, 4318172.343, 85
Trd, 4318172.893, 106
Trd, 4318173.693, 125
Trd, 4318174.793, 63
Trd, 4318174.943, 99
Trd, 4318175.293, 80
Trd, 4318176.693, 140
Trd, 4318176.843, 138
Trd, 4318177.243, 96
Trd, 4318178.993, 94
Trd, 4318179.093, 117
Trd, 4318179.643, 92
Trd, 4318179.743, 88
Trd, 4318180.793, 139
Trd, 4318181.543, 109
Trd, 4318181.893, 106
Trd, 4318182.243, 88
Trd, 4318182.493, 75
Trd, 4318184.943, 135
Trd, 4318185.593, 134
Trd, 4318186.043, 120
Trd, 4318186.143, 138
Trd, 4318187.193, 129
Trd, 4318187.293, 130
Trd, 4318188.193, 74
Trd, 4318189.293, 98
Trd, 4318189.793, 73
Trd, 4318190.143, 93
Trd, 4318191.343, 111
Trd, 4318192.293, 116
Trd, 4318193.643, 89
Trd, 4318193.793, 103
Trd, 4318194.593, 89
Trd, 4318194.993, 115
Trd, 4318195.093, 88
Trd, 4318196.243, 87
Trd, 4318197.543, 70
Trd, 4318197.743, 123
Trd, 4318198.343, 75
Trd, 4318199.543, 92
Trd, 4318200.593, 91
Trd, 4318200.793, 97
Trd, 4318201.143, 102
Trd, 4318202.143, 140
Trd, 4318202.593, 92
Trd, 4318203.243, 94
Trd, 4318204.293, 74
Trd, 4318205.043, 65
Trd, 4318206.143, 67
Trd, 4318206.793, 61
Trd, 4318207.443, 61
Trd, 4318207.693, 85
Trd, 4318208.593, 75
Trd, 4318210.343, 73
Trd, 4318210.843, 131
Trd, 4318211.043, 130
Trd, 4318211.243, 129
Trd, 4318212.893, 89
Trd, 4318213.393, 88
Trd, 4318213.693, 113
Trd, 4318214.343, 69
Trd, 4318214.443, 80
Trd, 4318214.943, 85
Trd, 4318216.193, 65
Trd, 4318217.393, 67
Trd, 4318217.593, 70
Trd, 4318218.443, 99
Trd, 4318218.693, 86
Trd, 4318220.493, 96
Trd, 4318220.993, 90
Trd, 4318221.193, 89
Trd, 4318222.443, 90
Trd, 4318222.993, 88
Trd, 4318223.943, 67
Trd, 4318225.043, 88
Trd, 4318225.793, 61
Trd, 4318226.093, 61
Trd, 4318226.943, 68
Trd, 4318226.993, 93
Trd, 4318227.443, 60
Trd, 4318230.143, 135
Trd, 4318230.493, 70
Trd, 4318231.593, 83
Trd, 4318232.093, 127
Trd, 4318232.243, 126
Trd, 4318232.593, 120
Trd, 4318234.193, 128
Trd, 4318234.343, 127
Trd, 4318234.943, 99
Trd, 4318235.343, 125
Trd, 4318235.993, 107
Trd, 4318236.943, 85
Trd, 4318237.293, 82
Trd, 4318237.993, 78
Trd, 4318238.093, 85
Trd, 4318240.093, 84
Trd, 4318240.593, 89
Trd, 4318240.893, 120
Trd, 4318241.293, 93
Trd, 4318241.643, 67
Trd, 4318242.993, 91
Trd, 4318243.043, 63
Trd, 4318244.943, 67
Trd, 4318245.193, 108
Trd, 4318246.593, 79
Trd, 4318247.493, 87
Trd, 4318248.093, 95
Trd, 4318249.193, 116
Trd, 4318250.043, 110
Trd, 4318250.193, 111
Trd, 4318250.343, 98
Trd, 4318250.943, 97
Trd, 4318252.043, 90
Trd, 4318254.693, 131
Trd, 4318255.593, 130
Trd, 4318255.943, 121
Trd, 4318256.093, 108
Trd, 4318257.043, 87
Trd, 4318257.793, 118
Trd, 4318257.943, 114
Trd, 4318258.393, 134
Trd, 4318258.843, 72
Trd, 4318259.493, 101
Trd, 4318260.143, 85
Trd, 4318260.343, 67
Trd, 4318260.993, 60
Trd, 4318263.793, 70
Trd, 4318264.493, 65
Trd, 4318264.793, 111
Trd, 4318265.443, 115
Trd, 4318265.643, 111
Trd, 4318265.743, 85
Trd, 4318266.293, 118
Trd, 4318267.643, 105
Trd, 4318268.443, 134
Trd, 4318269.243, 113
Trd, 4318269.393, 85
Trd, 4318271.043, 60
Trd, 4318271.993, 87
Trd, 4318272.693, 127
Trd, 4318273.043, 101
Trd, 4318273.543, 72
Trd, 4318274.593, 98
Trd, 4318274.693, 83
Trd, 4318275.993, 136
Trd, 4318276.793, 88
Trd, 4318277.243, 85
Trd, 4318277.393, 104
Trd, 4318278.343, 66
Trd, 4318279.193, 83
Trd, 4318280.243, 109
Trd, 4318281.093, 76
Trd, 4318281.643, 93
Trd, 4318282.493, 65
Trd, 4318283.943, 111
Trd, 4318284.293, 85
Trd, 4318284.493, 108
Trd, 4318284.943, 83
Trd, 4318285.143, 67
Trd, 4318285.443, 89
Trd, 4318286.593, 118
Trd, 4318286.643, 117
Trd, 4318288.393, 116
Trd, 4318289.293, 121
Trd, 4318289.393, 106
Trd, 4318290.343, 81
Trd, 4318290.593, 109
Trd, 4318290.843, 94
Trd, 4318292.693, 125
Trd, 4318292.743, 91
Trd, 4318292.843, 94
Trd, 4318293.193, 90
Trd, 4318294.343, 68
Trd, 4318295.743, 136
Trd, 4318295.843, 124
Trd, 4318296.343, 124
Trd, 4318297.643, 114
Trd, 4318298.393, 118
Trd, 4318298.593, 117
Trd, 4318298.743, 106
Trd, 4318300.443, 120
Trd, 4318300.893, 126
Trd, 4318301.393, 140
Trd, 4318301.993, 135
Trd, 4318302.093, 122
Trd, 4318302.243, 82
Trd, 4318303.093, 124
Trd, 4318304.293, 124
Trd, 4318305.093, 139
Trd, 4318305.843, 91
Trd, 4318306.443, 114
Trd, 4318306.843, 82
Trd, 4318307.243, 80
Trd, 4318308.743, 115
Trd, 4318309.793, 92
Trd, 4318310.093, 137
Trd, 4318310.243, 98
Trd, 4318311.193, 90
Trd, 4318312.443, 74
Trd, 4318313.993, 121
Trd, 4318314.593, 60
Trd, 4318316.193, 95
Trd, 4318316.393, 87
Trd, 4318317.043, 86
Trd, 4318317.193, 91
Trd, 4318317.893, 65
Trd, 4318318.093, 94
Trd, 4318318.493, 113
Trd, 4318319.493, 119
Trd, 4318320.293, 83
Trd, 4318320.743, 136
Trd, 4318321.943, 124
Trd, 4318323.143, 115
Trd, 4318324.643, 99
Trd, 4318325.243, 116
Trd, 4318325.543, 99
Trd, 4318325.643, 98
Trd, 4318326.643, 103
Trd, 4318327.043, 101
Trd, 4318328.193, 125
Trd, 4318329.943, 136
Trd, 4318330.293, 118
Trd, 4318330.543, 92
Trd, 4318331.193, 99
Trd, 4318331.893, 118
Trd, 4318332.543, 94
Trd, 4318333.043, 74
Trd, 4318334.843, 74
Trd, 4318335.343, 75
Trd, 4318336.293, 119
Trd, 4318336.393, 91
Trd, 4318337.093, 90
Trd, 4318338.593, 84
Trd, 4318339.543, 86
Trd, 4318339.743, 78
Trd, 4318340.193, 65
Trd, 4318340.893, 98
Trd, 4318341.593, 97
Trd, 4318343.093, 98
Trd, 4318343.293, 97
Trd, 4318344.093, 99
Trd, 4318344.693, 76
Trd, 4318345.343, 108
Trd, 4318345.743, 90
Trd, 4318346.243, 75
Trd, 4318347.293, 83
Trd, 4318348.793, 111
Trd, 4318349.143, 93
Trd, 4318349.843, 88
Trd, 4318350.593, 118
Trd, 4318351.093, 117
Trd, 4318351.843, 121
Trd, 4318352.243, 102
Trd, 4318352.393, 76
Trd, 4318353.043, 117
Trd, 4318354.193, 98
Trd, 4318354.343, 83
Trd, 4318354.493, 76
Trd, 4318354.593, 66
Trd, 4318356.493, 64
Trd, 4318357.043, 77
Trd, 4318358.893, 74
Trd, 4318358.993, 69
Trd, 4318359.593, 69
Trd, 4318360.043, 66
Trd, 4318360.943, 63
Trd, 4318362.343, 69
Trd, 4318362.593, 72
Trd, 4318362.793, 75
Trd, 4318363.243, 75
Trd, 4318363.893, 80
Trd, 4318364.543, 115
Trd, 4318365.543, 97
Trd, 4318365.843, 96
Trd, 4318365.943, 139
Trd, 4318366.793, 117
Trd, 4318368.143, 103
Trd, 4318368.993, 118
Trd, 4318371.143, 138
Trd, 4318371.343, 131
Trd, 4318371.493, 109
Trd, 4318371.743, 118
Trd, 4318372.243, 118
Trd, 4318373.943, 123
Trd, 4318374.143, 122
Trd, 4318374.243, 120
Trd, 4318375.293, 126
Trd, 4318375.793, 88
Trd, 4318376.193, 139
Trd, 4318378.193, 116
Trd, 4318378.343, 107
Trd, 4318379.343, 137
Trd, 4318379.743, 126
Trd, 4318380.393, 117
Trd, 4318381.643, 139
Trd, 4318381.943, 114
Trd, 4318382.043, 97
Trd, 4318382.993, 133
Trd, 4318383.693, 123
Trd, 4318383.943, 105
Trd, 4318384.493, 111
Trd, 4318385.443, 105
Trd, 4318386.993, 121
Trd, 4318388.043, 113
Trd, 4318388.543, 101
Trd, 4318389.593, 139
Trd, 4318389.643, 138
Trd, 4318390.393, 127
Trd, 4318391.343, 107
Trd, 4318391.693, 96
Trd, 4318392.743, 68
Trd, 4318394.293, 95
Trd, 4318394.493, 66
Trd, 4318395.143, 64
Trd, 4318395.443, 111
Trd, 4318396.493, 115
Trd, 4318396.693, 79
Trd, 4318398.293, 93
Trd, 4318398.793, 130
Trd, 4318399.193, 135
Trd, 4318399.893, 122
Trd, 4318400.693, 131
Trd, 4318402.393, 128
Trd, 4318402.493, 121
Trd, 4318402.893, 114
Trd, 4318404.293, 102
Trd, 4318404.843, 101
Trd, 4318405.193, 97
Trd, 4318405.993, 95
Trd, 4318406.093, 104
Trd, 4318406.143, 102
Trd, 4318406.343, 89
Trd, 4318407.993, 64
Trd, 4318408.593, 64
Trd, 4318409.343, 64
Trd, 4318410.443, 61
Trd, 4318410.593, 70
Trd, 4318412.293, 91
Trd, 4318412.443, 91
Trd, 4318413.443, 69
Trd, 4318413.493, 122
Trd, 4318413.893, 79
Trd, 4318414.143, 70
Trd, 4318414.743, 95
Trd, 4318415.293, 116
Trd, 4318415.493, 75
Trd, 4318416.193, 136
Trd, 4318417.243, 64
Trd, 4318418.643, 104
Trd, 4318419.143, 129
Trd, 4318419.343, 89
Trd, 4318419.893, 86
Trd, 4318420.143, 107
Trd, 4318420.393, 74
Trd, 4318420.693, 73
Trd, 4318421.593, 128
Trd, 4318422.293, 99
Trd, 4318422.693, 104
Trd, 4318423.943, 68
Trd, 4318424.693, 85
Trd, 4318426.443, 132
Trd, 4318426.493, 109
Trd, 4318426.543, 108
Trd, 4318428.543, 105
Trd, 4318429.543, 108
Trd, 4318429.843, 123
Trd, 4318430.093, 89
Trd, 4318430.243, 80
Trd, 4318430.943, 61
Trd, 4318431.193, 116
Trd, 4318433.693, 60
Trd, 4318433.893, 60
Trd, 4318434.243, 70
Trd, 4318435.543, 112
Trd, 4318436.043, 102
Trd, 4318436.143, 101
Trd, 4318436.393, 126
Trd, 4318437.143, 73
Trd, 4318437.693, 81
Trd, 4318438.543, 61
Trd, 4318438.993, 81
Trd, 4318440.343, 140
Trd, 4318440.693, 92
Trd, 4318442.593, 136
Trd, 4318442.843, 135
Trd, 4318443.343, 103
Trd, 4318445.243, 126
Trd, 4318445.293, 92
Trd, 4318445.793, 100
Trd, 4318446.643, 98
Trd, 4318447.093, 92
Trd, 4318448.593, 79
Trd, 4318448.793, 102
Trd, 4318449.493, 102
Trd, 4318449.843, 75
Trd, 4318450.243, 126
Trd, 4318450.843, 78
Trd, 4318451.243, 94
Trd, 4318452.043, 78
Trd, 4318452.243, 81
Trd, 4318452.993, 138
Trd, 4318454.643, 68
Trd, 4318455.143, 90
Trd, 4318456.193, 95
Trd, 4318457.193, 92
Trd, 4318457.943, 108
Trd, 4318458.993, 121
Trd, 4318459.243, 119
Trd, 4318459.443, 113
Trd, 4318460.243, 110
Trd, 4318461.243, 118
Trd, 4318461.743, 90
Trd, 4318462.143, 97
Trd, 4318463.393, 70
Trd, 4318464.093, 66
Trd, 4318464.143, 83
Trd, 4318464.543, 73
Trd, 4318464.643, 85
Trd, 4318467.193, 65
Trd, 4318467.593, 72
Trd, 4318468.593, 61
Trd, 4318471.093, 90
Trd, 4318471.193, 89
Trd, 4318471.393, 84
Trd, 4318471.743, 75
Trd, 4318471.793, 92
Trd, 4318473.493, 129
Trd, 4318474.193, 130
Trd, 4318475.043, 126
Trd, 4318475.243, 72
Trd, 4318476.193, 124
Trd, 4318476.243, 104
Trd, 4318476.393, 103
Trd, 4318478.193, 136
Trd, 4318478.893, 135
Trd, 4318480.193, 89
Trd, 4318481.143, 113
Trd, 4318481.493, 102
Trd, 4318481.693, 134
Trd, 4318482.293, 99
Trd, 4318483.293, 117
Trd, 4318483.693, 105
Trd, 4318484.743, 106
Trd, 4318484.993, 90
Trd, 4318485.143, 90
Trd, 4318486.293, 128
Trd, 4318486.743, 135
Trd, 4318487.793, 121
Trd, 4318487.893, 100
Trd, 4318489.043, 108
Trd, 4318489.843, 111
Trd, 4318490.243, 118
Trd, 4318491.093, 96
Trd, 4318491.443, 94
Trd, 4318493.543, 108
Trd, 4318493.793, 89
Trd, 4318493.993, 87
Trd, 4318494.693, 81
Trd, 4318495.243, 139
Trd, 4318496.193, 125
Trd, 4318496.543, 99
Trd, 4318497.143, 93
Trd, 4318497.343, 129
Trd, 4318497.743, 94
Trd, 4318497.843, 122
Trd, 4318498.043, 93
Trd, 4318499.793, 102
Trd, 4318500.243, 97
Trd, 4318501.043, 90
Trd, 4318501.593, 95
Trd, 4318502.393, 73
Trd, 4318504.393, 64
Trd, 4318504.493, 65
Trd, 4318507.093, 60
Trd, 4318507.493, 61
Trd, 4318508.393, 96
Trd, 4318509.593, 117
Trd, 4318510.243, 101
Trd, 4318510.343, 100
Trd, 4318510.743, 84
Trd, 4318511.593, 97
Trd, 4318512.443, 76
Trd, 4318512.743, 122
Trd, 4318513.793, 108
Trd, 4318514.043, 85
Trd, 4318514.243, 82
Trd, 4318514.743, 85
Trd, 4318515.643, 78
Trd, 4318515.843, 115
Trd, 4318516.343, 71
Trd, 4318517.593, 109
Trd, 4318518.243, 92
Trd, 4318518.793, 100
Trd, 4318520.193, 63
Trd, 4318521.443, 118
Trd, 4318521.893, 107
Trd, 4318521.943, 106
Trd, 4318522.443, 95
Trd, 4318524.493, 126
Trd, 4318524.543, 125
Trd, 4318524.893, 133
Trd, 4318525.443, 93
Trd, 4318526.243, 104
Trd, 4318526.643, 92
Trd, 4318527.643, 88
Trd, 4318528.943, 71
Trd, 4318529.643, 120
Trd, 4318530.393, 99
Trd, 4318530.893, 61
Trd, 4318531.343, 80
Trd, 4318531.743, 95
Trd, 4318533.393, 75
Trd, 4318533.793, 128
Trd, 4318533.943, 105
Trd, 4318534.843, 67
Trd, 4318536.543, 90
Trd, 4318536.693, 91
Trd, 4318536.793, 88
Trd, 4318537.443, 81
Trd, 4318537.743, 129
Trd, 4318538.893, 113
Trd, 4318538.993, 112
Trd, 4318539.643, 110
Trd, 4318540.143, 107
Trd, 4318540.593, 108
Trd, 4318541.593, 92
Trd, 4318541.993, 107
Trd, 4318543.843, 106
Trd, 4318543.893, 96
Trd, 4318545.043, 116
Trd, 4318546.043, 115
Trd, 4318546.343, 122
Trd, 4318546.793, 99
Trd, 4318547.443, 75
Trd, 4318549.193, 100
Trd, 4318549.343, 98
Trd, 4318549.893, 61
Trd, 4318550.443, 61
Trd, 4318550.793, 74
Trd, 4318551.543, 115
Trd, 4318552.443, 133
Trd, 4318552.593, 132
Trd, 4318553.993, 96
Trd, 4318554.493, 78
Trd, 4318555.693, 81
Trd, 4318555.743, 74
Trd, 4318556.593, 71
Trd, 4318557.343, 111
Trd, 4318557.493, 117
Trd, 4318558.493, 124
Trd, 4318559.793, 118
Trd, 4318561.643, 112
Trd, 4318561.693, 122
Trd, 4318561.893, 106
Trd, 4318562.743, 63
Trd, 4318562.993, 80
Trd, 4318564.393, 70
Trd, 4318564.793, 93
Trd, 4318564.943, 83
Trd, 4318567.393, 69
Trd, 4318567.443, 73
Trd, 4318568.143, 103
Trd, 4318568.843, 111
Trd, 4318569.593, 106
Trd, 4318569.943, 76
Trd, 4318570.193, 78
Trd, 4318570.593, 87
Trd, 4318571.443, 77
Trd, 4318572.593, 72
Trd, 4318572.643, 70
Trd, 4318572.743, 85
Trd, 4318573.243, 138
Trd, 4318574.243, 124
Trd, 4318574.293, 88
Trd, 4318575.193, 77
Trd, 4318575.693, 71
Trd, 4318576.643, 110
Trd, 4318578.293, 100
Trd, 4318579.843, 76
Trd, 4318580.193, 63
Trd, 4318581.343, 86
Trd, 4318581.393, 94
Trd, 4318582.693, 125
Trd, 4318583.643, 127
Trd, 4318584.693, 131
Trd, 4318585.243, 106
Trd, 4318585.293, 92
Trd, 4318585.993, 109
Trd, 4318586.793, 127
Trd, 4318587.493, 71
Trd, 4318587.943, 87
Trd, 4318587.993, 99
Trd, 4318589.543, 104
Trd, 4318590.293, 117
Trd, 4318591.543, 110
Trd, 4318592.643, 101
Trd, 4318592.743, 120
Trd, 4318595.143, 104
Trd, 4318595.893, 107
Trd, 4318595.993, 101
Trd, 4318596.243, 90
Trd, 4318596.793, 90
Trd, 4318597.493, 101
Trd, 4318598.993, 119
Trd, 4318599.293, 126
Trd, 4318599.443, 136
Trd, 4318600.243, 127
Trd, 4318600.843, 103
Trd, 4318603.043, 121
Trd, 4318603.543, 110
Trd, 4318603.843, 122
Trd, 4318604.043, 108
Trd, 4318606.293, 136
Trd, 4318606.493, 135
Trd, 4318606.643, 134
Trd, 4318606.993, 128
Trd, 4318607.043, 121
Trd, 4318607.343, 101
Trd, 4318607.693, 71
Trd, 4318609.543, 80
Trd, 4318609.743, 71
Trd, 4318610.193, 62
Trd, 4318610.243, 83
Trd, 4318611.993, 64
Trd, 4318612.243, 109
Trd, 4318612.793, 75
Trd, 4318613.493, 78
Trd, 4318614.593, 112
Trd, 4318615.143, 129
Trd, 4318615.293, 98
Trd, 4318615.943, 124
Trd, 4318616.443, 106
Trd, 4318617.993, 66
Trd, 4318618.393, 109
Trd, 4318618.893, 115
Trd, 4318619.293, 128
Trd, 4318619.443, 108
Trd, 4318620.993, 115
Trd, 4318621.543, 118
Trd, 4318622.693, 69
Trd, 4318623.043, 68
Trd, 4318623.193, 82
Trd, 4318624.193, 92
Trd, 4318625.443, 93
Trd, 4318625.993, 98
Trd, 4318626.893, 76
Trd, 4318628.343, 106
Trd, 4318628.693, 118
Trd, 4318629.093, 117
Trd, 4318629.793, 101
Trd, 4318629.993, 83
Trd, 4318630.443, 119
Trd, 4318630.693, 94
Trd, 4318632.143, 104
Trd, 4318633.043, 98
Trd, 4318633.193, 97
Trd, 4318633.793, 124
Trd, 4318634.143, 110
Trd, 4318635.043, 129
Trd, 4318635.143, 68
Trd, 4318635.843, 133
Trd, 4318637.143, 128
Trd, 4318637.493, 102
Trd, 4318638.093, 101
Trd, 4318638.243, 100
Trd, 4318638.293, 102
Trd, 4318639.993, 60
Trd, 4318640.693, 107
Trd, 4318642.293, 132
Trd, 4318642.343, 130
Trd, 4318642.443, 134
Trd, 4318643.493, 119
Trd, 4318644.843, 104
Trd, 4318645.093, 90
Trd, 4318647.193, 112
Trd, 4318647.843, 108
Trd, 4318648.843, 71
Trd, 4318649.093, 95
Trd, 4318650.643, 62
Trd, 4318651.143, 88
Trd, 4318651.893, 93
Trd, 4318653.293, 102
Trd, 4318653.343, 83
Trd, 4318653.693, 73
Trd, 4318653.793, 70
Trd, 4318654.843, 139
Trd, 4318656.493, 126
Trd, 4318657.793, 126
Trd, 4318658.543, 140
Trd, 4318658.843, 124
Trd, 4318659.243, 75
Trd, 4318659.793, 67
Trd, 4318660.243, 70
Trd, 4318660.493, 60
Trd, 4318662.393, 107
Trd, 4318662.793, 105
Trd, 4318662.843, 104
Trd, 4318663.593, 110
Trd, 4318664.393, 119
Trd, 4318665.543, 110
Trd, 4318665.993, 95
Trd, 4318666.093, 80
Trd, 4318667.843, 63
Trd, 4318668.993, 69
Trd, 4318669.993, 78
Trd, 4318670.393, 83
Trd, 4318671.143, 89
Trd, 4318671.293, 108
Trd, 4318671.743, 138
Trd, 4318672.893, 106
Trd, 4318673.993, 128
Trd, 4318674.093, 105
Trd, 4318674.243, 113
Trd, 4318676.543, 114
Trd, 4318676.693, 136
Trd, 4318677.593, 102
Trd, 4318677.893, 125
Trd, 4318679.043, 89
Trd, 4318679.143, 83
Trd, 4318679.193, 83
Trd, 4318679.793, 89
Trd, 4318680.743, 66
Trd, 4318681.243, 92
Trd, 4318682.593, 115
Trd, 4318682.643, 77
Trd, 4318683.293, 88
Trd, 4318683.543, 128
Trd, 4318684.193, 89
Trd, 4318684.793, 95
Trd, 4318685.143, 61
Trd, 4318685.893, 63
Trd, 4318686.393, 62
Trd, 4318688.393, 94
Trd, 4318688.643, 85
Trd, 4318688.893, 86
Trd, 4318689.793, 82
Trd, 4318689.943, 137
Trd, 4318690.493, 96
Trd, 4318691.393, 80
Trd, 4318692.393, 135
Trd, 4318692.643, 132
Trd, 4318693.643, 112
Trd, 4318694.193, 131
Trd, 4318695.443, 121
Trd, 4318695.893, 111
Trd, 4318696.993, 84
Trd, 4318697.543, 117
Trd, 4318698.043, 115
Trd, 4318698.643, 90
Trd, 4318699.193, 86
Trd, 4318699.493, 79
Trd, 4318699.793, 95
Trd, 4318700.193, 69
Trd, 4318700.793, 109
Trd, 4318702.093, 85
Trd, 4318703.393, 84
Trd, 4318703.893, 101
Trd, 4318704.293, 73
Trd, 4318704.593, 91
Trd, 4318705.793, 116
Trd, 4318706.393, 96
Trd, 4318706.593, 76
Trd, 4318706.943, 75
Trd, 4318707.243, 79
Trd, 4318708.143, 67
Trd, 4318709.343, 84
Trd, 4318709.443, 124
Trd, 4318709.843, 132
Trd, 4318710.293, 106
Trd, 4318710.893, 109
Trd, 4318711.193, 100
Trd, 4318711.543, 128
Trd, 4318711.593, 87
Trd, 4318712.443, 81
Trd, 4318714.293, 101
Trd, 4318715.193, 96
Trd, 4318715.843, 106
Trd, 4318716.093, 81
Trd, 4318717.243, 84
Trd, 4318718.143, 85
Trd, 4318718.643, 87
Trd, 4318718.793, 86
Trd, 4318720.593, 94
Trd, 4318720.993, 92
Trd, 4318721.543, 137
Trd, 4318721.793, 87
Trd, 4318722.693, 104
Trd, 4318723.793, 139
Trd, 4318723.893, 137
Trd, 4318724.193, 108
Trd, 4318724.743, 117
Trd, 4318725.793, 115
Trd, 4318726.543, 98
Trd, 4318727.793, 89
Trd, 4318729.293, 86
Trd, 4318730.343, 68
Trd, 4318730.743, 61
Trd, 4318730.943, 110
Trd, 4318731.393, 75
Trd, 4318731.693, 76
Trd, 4318731.993, 70
Trd, 4318733.043, 70
Trd, 4318734.493, 91
Trd, 4318734.993, 108
Trd, 4318735.843, 99
Trd, 4318736.343, 93
Trd, 4318736.743, 124
Trd, 4318737.593, 104
Trd, 4318738.193, 111
Trd, 4318738.543, 93
Trd, 4318738.743, 97
Trd, 4318739.543, 107
Trd, 4318740.593, 84
Trd, 4318740.643, 80
Trd, 4318741.843, 78
Trd, 4318742.193, 79
Trd, 4318742.343, 101
Trd, 4318744.243, 61
Trd, 4318744.293, 60
Trd, 4318745.193, 71
Trd, 4318745.943, 115
Trd, 4318746.793, 105
Trd, 4318746.993, 104
Trd, 4318747.293, 100
Trd, 4318749.043, 135
Trd, 4318749.843, 123
Trd, 4318750.043, 120
Trd, 4318750.793, 106
Trd, 4318751.243, 105
Trd, 4318751.843, 131
Trd, 4318752.043, 82
Trd, 4318753.243, 109
Trd, 4318754.243, 133
Trd, 4318754.393, 106
Trd, 4318755.143, 139
Trd, 4318755.793, 91
Trd, 4318756.343, 129
Trd, 4318756.443, 90
Trd, 4318758.293, 121
Trd, 4318758.493, 104
Trd, 4318759.093, 88
Trd, 4318759.843, 86
Trd, 4318760.293, 86
Trd, 4318760.543, 134
Trd, 4318761.393, 125
Trd, 4318761.993, 64
Trd, 4318764.143, 126
Trd, 4318765.593, 114
Trd, 4318765.843, 94
Trd, 4318767.093, 93
Trd, 4318767.343, 116
Trd, 4318768.093, 72
Trd, 4318768.293, 84
Trd, 4318770.243, 120
Trd, 4318770.493, 133
Trd, 4318770.843, 97
Trd, 4318771.543, 113
Trd, 4318771.893, 110
Trd, 4318771.943, 99
Trd, 4318772.093, 117
Trd, 4318773.793, 104
Trd, 4318775.093, 112
Trd, 4318776.093, 131
Trd, 4318776.443, 130
Trd, 4318776.993, 118
Trd, 4318777.843, 118
Trd, 4318777.893, 117
Trd, 4318778.693, 94
Trd, 4318780.193, 84
Trd, 4318780.343, 83
Trd, 4318780.643, 76
Trd, 4318781.193, 79
Trd, 4318781.893, 108
Trd, 4318783.293, 113
Trd, 4318784.093, 60
Trd, 4318786.393, 119
Trd, 4318786.743, 129
Trd, 4318786.993, 128
Trd, 4318787.393, 110
Trd, 4318787.493, 89
Trd, 4318787.593, 85
Trd, 4318787.843, 93
Trd, 4318787.993, 83
Trd, 4318788.693, 140
Trd, 4318789.443, 139
Trd, 4318789.893, 132
Trd, 4318790.693, 131
Trd, 4318791.043, 115
Trd, 4318791.893, 139
Trd, 4318793.793, 69
Trd, 4318795.043, 69
Trd, 4318795.293, 84
Trd, 4318795.743, 68
Trd, 4318796.293, 92
Trd, 4318796.393, 100
Trd, 4318797.443, 63
Trd, 4318799.743, 72
Trd, 4318800.993, 62
Trd, 4318801.043, 73
Trd, 4318802.493, 69
Trd, 4318802.593, 107
Trd, 4318803.493, 107
Trd, 4318803.743, 125
Trd, 4318804.443, 79
Trd, 4318805.293, 120
Trd, 4318806.393, 104
Trd, 4318807.743, 133
Trd, 4318808.293, 105
Trd, 4318808.593, 95
Trd, 4318809.693, 139
Trd, 4318809.793, 139
Trd, 4318811.193, 103
Trd, 4318811.543, 101
Trd, 4318811.993, 80
Trd, 4318812.293, 82
Trd, 4318812.693, 88
Trd, 4318813.593, 117
Trd, 4318814.043, 74
Trd, 4318814.393, 97
Trd, 4318816.243, 93
Trd, 4318816.443, 95
Trd, 4318817.443, 111
Trd, 4318818.393, 129
Trd, 4318818.893, 124
Trd, 4318820.443, 116
Trd, 4318821.093, 115
Trd, 4318821.493, 80
Trd, 4318821.593, 79
Trd, 4318822.543, 140
Trd, 4318822.593, 140
Trd, 4318823.293, 138
Trd, 4318823.743, 137
Trd, 4318823.793, 120
Trd, 4318825.243, 94
Trd, 4318825.643, 88
Trd, 4318825.693, 93
Trd, 4318826.093, 61
Trd, 4318826.943, 89
Trd, 4318827.493, 98
Trd, 4318828.393, 60
Trd, 4318829.393, 104
Trd, 4318829.543, 119
Trd, 4318829.993, 140
Trd, 4318830.293, 132
Trd, 4318832.243, 104
Trd, 4318832.443, 79
Trd, 4318832.893, 117
Trd, 4318833.793, 86
Trd, 4318835.443, 74
Trd, 4318835.893, 93
Trd, 4318836.743, 62
Trd, 4318836.943, 90
Trd, 4318837.943, 106
Trd, 4318838.243, 91
Trd, 4318838.543, 76
Trd, 4318841.193, 65
Trd, 4318841.343, 65
Trd, 4318841.843, 101
Trd, 4318842.193, 99
Trd, 4318842.243, 98
Trd, 4318842.443, 125
Trd, 4318843.693, 120
Trd, 4318844.093, 114
Trd, 4318844.243, 109
Trd, 4318845.393, 126
Trd, 4318845.443, 125
Trd, 4318846.243, 138
Trd, 4318847.043, 102
Trd, 4318847.993, 96
Trd, 4318848.243, 75
Trd, 4318849.293, 139
Trd, 4318850.143, 124
Trd, 4318850.193, 111
Trd, 4318851.043, 87
Trd, 4318851.943, 73
Trd, 4318851.993, 96
Trd, 4318852.743, 73
Trd, 4318853.243, 109
Trd, 4318853.343, 134
Trd, 4318854.293, 125
Trd, 4318854.393, 82
Trd, 4318854.793, 108
Trd, 4318855.943, 125
Trd, 4318857.693, 125
Trd, 4318858.043, 97
Trd, 4318858.793, 85
Trd, 4318859.243, 109
Trd, 4318859.443, 95
Trd, 4318860.893, 61
Trd, 4318861.193, 60
Trd, 4318861.443, 99
Trd, 4318861.943, 72
Trd, 4318863.243, 95
Trd, 4318863.993, 106
Trd, 4318864.293, 110
Trd, 4318865.043, 132
Trd, 4318865.693, 90
Trd, 4318866.843, 92
Trd, 4318867.443, 62
Trd, 4318868.093, 90
Trd, 4318868.143, 84
Trd, 4318869.493, 101
Trd, 4318870.243, 61
Trd, 4318870.943, 78
Trd, 4318871.243, 83
Trd, 4318871.793, 75
Trd, 4318872.893, 102
Trd, 4318873.143, 76
Trd, 4318874.593, 106
Trd, 4318875.493, 121
Trd, 4318875.793, 106
Trd, 4318876.543, 92
Trd, 4318876.643, 75
Trd, 4318877.493, 131
Trd, 4318877.693, 120
Trd, 4318879.093, 118
Trd, 4318879.743, 84
Trd, 4318880.743, 87
Trd, 4318880.993, 81
Trd, 4318881.793, 112
Trd, 4318881.843, 112
Trd, 4318881.893, 91
Trd, 4318882.543, 66
Trd, 4318883.693, 130
Trd, 4318883.943, 83
Trd, 4318885.343, 132
Trd, 4318885.943, 132
Trd, 4318887.893, 109
Trd, 4318888.093, 120
Trd, 4318888.593, 91
Trd, 4318888.693, 124
Trd, 4318889.493, 132
Trd, 4318891.093, 129
Trd, 4318891.593, 97
Trd, 4318892.543, 118
Trd, 4318894.443, 134
Trd, 4318894.943, 108
Trd, 4318895.693, 95
Trd, 4318896.493, 134
Trd, 4318897.043, 131
Trd, 4318897.143, 111
Trd, 4318898.393, 140
Trd, 4318898.593, 120
Trd, 4318898.893, 94
Trd, 4318899.093, 123
Trd, 4318900.393, 114
Trd, 4318900.793, 110
Trd, 4318901.743, 102
Trd, 4318901.943, 136
Trd, 4318902.993, 114
Trd, 4318904.893, 127
Trd, 4318905.293, 136
Trd, 4318906.093, 107
Trd, 4318907.043, 132
Trd, 4318907.243, 122
Trd, 4318908.243, 124
Trd, 4318908.293, 107
Trd, 4318908.443, 101
Trd, 4318908.993, 94
Trd, 4318910.043, 85
Trd, 4318910.693, 86
Trd, 4318911.243, 121
Trd, 4318912.343, 123
Trd, 4318912.743, 101
Trd, 4318913.843, 92
Trd, 4318914.343, 122
Trd, 4318914.943, 120
Trd, 4318915.443, 107
Trd, 4318915.693, 99
Trd, 4318916.343, 128
Trd, 4318916.393, 127
Trd, 4318918.043, 124
Trd, 4318919.043, 100
Trd, 4318919.143, 81
Trd, 4318919.393, 80
Trd, 4318920.943, 129
Trd, 4318921.443, 99
Trd, 4318921.693, 91
Trd, 4318922.893, 81
Trd, 4318923.093, 95
Trd, 4318924.443, 96
Trd, 4318925.143, 116
Trd, 4318925.193, 102
Trd, 4318925.693, 108
Trd, 4318926.293, 79
Trd, 4318926.843, 72
Trd, 4318927.743, 93
Trd, 4318928.493, 107
Trd, 4318929.693, 88
Trd, 4318930.293, 95
Trd, 4318931.793, 118
Trd, 4318932.193, 114
Trd, 4318932.743, 116
Trd, 4318934.443, 61
Trd, 4318934.893, 107
Trd, 4318935.143, 96
Trd, 4318936.743, 89
Trd, 4318937.143, 64
Trd, 4318937.393, 65
Trd, 4318938.043, 83
Trd, 4318939.543, 126
Trd, 4318940.693, 98
Trd, 4318941.243, 87
Trd, 4318941.343, 82
Trd, 4318942.643, 130
Trd, 4318942.693, 97
Trd, 4318942.843, 96
Trd, 4318944.393, 84
Trd, 4318945.193, 69
Trd, 4318945.243, 81
Trd, 4318946.043, 114
Trd, 4318947.243, 117
Trd, 4318947.643, 117
Trd, 4318947.693, 78
Trd, 4318948.693, 89
Trd, 4318949.543, 132
Trd, 4318949.943, 68
Trd, 4318950.193, 133
Trd, 4318951.093, 106
Trd, 4318952.093, 115
Trd, 4318952.493, 87
Trd, 4318953.243, 61
Trd, 4318953.943, 64
Trd, 4318955.093, 66
Trd, 4318956.093, 68
Trd, 4318956.993, 124
Trd, 4318957.493, 99
Trd, 4318958.093, 126
Trd, 4318959.493, 137
Trd, 4318959.543, 135
Trd, 4318961.293, 125
Trd, 4318961.443, 116
Trd, 4318963.493, 121
Trd, 4318963.543, 102
Trd, 4318963.893, 88
Trd, 4318964.093, 90
Trd, 4318965.193, 113
Trd, 4318965.493, 70
Trd, 4318966.293, 110
Trd, 4318966.343, 115
Trd, 4318966.393, 87
Trd, 4318968.243, 68
Trd, 4318969.743, 97
Trd, 4318971.743, 81
Trd, 4318971.843, 86
Trd, 4318972.193, 97
Trd, 4318973.093, 112
Trd, 4318973.443, 112
Trd, 4318974.193, 119
Trd, 4318974.943, 134
Trd, 4318975.993, 123
Trd, 4318976.093, 97
Trd, 4318976.843, 129
Trd, 4318977.393, 123
Trd, 4318977.793, 92
Trd, 4318978.243, 77
Trd, 4318978.543, 136
Trd, 4318979.393, 72
Trd, 4318981.793, 112
Trd, 4318982.093, 128
Trd, 4318982.443, 111
Trd, 4318983.093, 70
Trd, 4318984.243, 118
Trd, 4318984.743, 136
Trd, 4318985.143, 124
Trd, 4318986.193, 132
Trd, 4318986.243, 131
Trd, 4318988.893, 92
Trd, 4318990.843, 133
Trd, 4318991.243, 113
Trd, 4318992.093, 131
Trd, 4318992.593, 105
Trd, 4318992.993, 97
Trd, 4318993.343, 78
Trd, 4318993.993, 95
Trd, 4318994.643, 71
Trd, 4318994.693, 69
Trd, 4318995.693, 66
Trd, 4318996.343, 76
Trd, 4318997.143, 116
Trd, 4318998.893, 120
Trd, 4318999.493, 93
Trd, 4318999.593, 89
Trd, 4319000.743, 103
Trd, 4319001.193, 102
Trd, 4319001.293, 100
Trd, 4319002.493, 61
Trd, 4319003.793, 63
Trd, 4319005.043, 66
Trd, 4319005.443, 83
Trd, 4319005.993, 85
Trd, 4319006.193, 85
Trd, 4319007.093, 80
Trd, 4319007.243, 112
Trd, 4319007.543, 79
Trd, 4319008.943, 116
Trd, 4319009.493, 115
Trd, 4319010.093, 133
Trd, 4319011.093, 131
Trd, 4319011.743, 130
Trd, 4319012.643, 129
Trd, 4319012.743, 129
Trd, 4319012.943, 112
Trd, 4319013.093, 108
Trd, 4319013.493, 100
Trd, 4319014.493, 61
Trd, 4319015.143, 106
Trd, 4319015.743, 86
Trd, 4319018.443, 104
Trd, 4319018.743, 116
Trd, 4319019.393, 128
Trd, 4319019.593, 122
Trd, 4319019.893, 111
Trd, 4319020.093, 106
Trd, 4319021.543, 101
Trd, 4319021.693, 110
Trd, 4319022.743, 123
Trd, 4319024.443, 131
Trd, 4319024.643, 130
Trd, 4319025.143, 84
Trd, 4319026.043, 96
Trd, 4319026.643, 107
Trd, 4319026.793, 93
Trd, 4319027.793, 131
Trd, 4319028.143, 127
Trd, 4319028.243, 105
Trd, 4319029.893, 126
Trd, 4319030.993, 99
Trd, 4319031.293, 89
Trd, 4319032.593, 105
Trd, 4319032.993, 76
Trd, 4319033.293, 67
Trd, 4319033.893, 84
Trd, 4319034.443, 106
Trd, 4319034.843, 100
Trd, 4319036.043, 103
Trd, 4319036.793, 106
Trd, 4319036.993, 105
Trd, 4319037.443, 128
Trd, 4319038.643, 127
Trd, 4319040.093, 62
Trd, 4319041.943, 88
Trd, 4319042.293, 108
Trd, 4319042.643, 84
Trd, 4319042.893, 83
Trd, 4319043.043, 61
Trd, 4319043.443, 65
Trd, 4319044.043, 73
Trd, 4319045.193, 73
Trd, 4319045.243, 87
Trd, 4319046.043, 101
Trd, 4319046.093, 72
Trd, 4319047.193, 61
Trd, 4319047.643, 133
Trd, 4319048.143, 98
Trd, 4319050.293, 116
Trd, 4319051.243, 134
Trd, 4319051.893, 132
Trd, 4319052.593, 118
Trd, 4319053.593, 113
Trd, 4319053.993, 140
Trd, 4319054.993, 137
Trd, 4319055.143, 124
Trd, 4319055.943, 108
Trd, 4319056.143, 107
Trd, 4319057.143, 136
Trd, 4319057.443, 86
Trd, 4319057.843, 108
Trd, 4319059.493, 74
Trd, 4319060.593, 62
Trd, 4319060.943, 68
Trd, 4319060.993, 92
Trd, 4319061.593, 77
Trd, 4319062.443, 63
Trd, 4319064.043, 80
Trd, 4319064.943, 69
Trd, 4319065.693, 61
Trd, 4319066.093, 95
Trd, 4319067.293, 85
Trd, 4319067.743, 79
Trd, 4319068.343, 106
Trd, 4319068.943, 98
Trd, 4319069.043, 90
Trd, 4319069.943, 132
Trd, 4319070.143, 125
Trd, 4319070.243, 96
Trd, 4319071.093, 64
Trd, 4319071.943, 88
Trd, 4319072.393, 110
Trd, 4319073.293, 86
Trd, 4319074.043, 60
Trd, 4319074.343, 72
Trd, 4319076.543, 65
Trd, 4319076.643, 69
Trd, 4319076.743, 71
Trd, 4319077.493, 80
Trd, 4319077.643, 114
Trd, 4319077.743, 92
Trd, 4319080.143, 123
Trd, 4319080.343, 70
Trd, 4319080.643, 88
Trd, 4319081.943, 116
Trd, 4319081.993, 115
Trd, 4319083.093, 98
Trd, 4319084.043, 90
Trd, 4319085.543, 86
Trd, 4319085.593, 73
Trd, 4319086.693, 102
Trd, 4319087.193, 119
Trd, 4319087.793, 77
Trd, 4319088.093, 79
Trd, 4319089.593, 81
Trd, 4319090.393, 83
Trd, 4319091.043, 90
Trd, 4319092.543, 98
Trd, 4319092.643, 103
Trd, 4319092.743, 90
Trd, 4319093.043, 115
Trd, 4319093.543, 99
Trd, 4319094.693, 77
Trd, 4319095.443, 82
Trd, 4319096.043, 98
Trd, 4319096.543, 82
Trd, 4319097.093, 134
Trd, 4319097.293, 121
Trd, 4319097.843, 85
Trd, 4319098.243, 117
Trd, 4319098.343, 79
Trd, 4319099.493, 92
Trd, 4319100.443, 136
Trd, 4319100.593, 135
Trd, 4319101.693, 88
Trd, 4319101.793, 64
Trd, 4319103.743, 71
Trd, 4319104.943, 87
Trd, 4319105.693, 132
Trd, 4319106.543, 90
Trd, 4319106.993, 96
Trd, 4319107.443, 89
Trd, 4319108.193, 87
Trd, 4319108.943, 60
Trd, 4319110.643, 62
Trd, 4319110.943, 87
Trd, 4319112.443, 110
Trd, 4319112.543, 103
Trd, 4319112.743, 102
Trd, 4319113.143, 100
Trd, 4319113.543, 71
Trd, 4319114.593, 121
Trd, 4319116.143, 98
Trd, 4319116.293, 105
Trd, 4319116.343, 97
Trd, 4319116.693, 95
Trd, 4319117.293, 102
Trd, 4319117.443, 105
Trd, 4319117.693, 93
Trd, 4319119.193, 125
Trd, 4319120.993, 107
Trd, 4319121.893, 137
Trd, 4319122.543, 130
Trd, 4319123.143, 129
Trd, 4319124.743, 129
Trd, 4319124.893, 91
Trd, 4319125.043, 96
Trd, 4319127.343, 106
Trd, 4319129.843, 127
Trd, 4319130.243, 94
Trd, 4319130.693, 103
Trd, 4319131.043, 74
Trd, 4319131.143, 80
Trd, 4319131.393, 70
Trd, 4319132.193, 102
Trd, 4319132.743, 67
Trd, 4319134.243, 130
Trd, 4319134.643, 102
Trd, 4319135.643, 132
Trd, 4319135.943, 127
Trd, 4319136.593, 99
Trd, 4319136.893, 93
Trd, 4319137.593, 76
Trd, 4319138.693, 91
Trd, 4319139.343, 80
Trd, 4319140.643, 97
Trd, 4319140.743, 105
Trd, 4319140.943, 75
Trd, 4319141.893, 75
Trd, 4319142.543, 107
Trd, 4319142.593, 121
Trd, 4319144.243, 100
Trd, 4319144.743, 104
Trd, 4319145.143, 90
Trd, 4319145.293, 86
Trd, 4319146.943, 87
Trd, 4319147.593, 97
Trd, 4319147.793, 93
Trd, 4319148.093, 72
Trd, 4319148.293, 71
Trd, 4319148.593, 70
Trd, 4319150.493, 111
Trd, 4319151.843, 74
Trd, 4319152.643, 86
Trd, 4319152.943, 73
Trd, 4319153.093, 95
Trd, 4319153.343, 93
Trd, 4319153.593, 82
Trd, 4319154.743, 113
Trd, 4319156.493, 112
Trd, 4319156.993, 106
Trd, 4319158.393, 138
Trd, 4319158.443, 116
Trd, 4319158.643, 99
Trd, 4319158.793, 98
Trd, 4319158.993, 120
Trd, 4319160.543, 88
Trd, 4319161.693, 89
Trd, 4319161.793, 122
Trd, 4319163.543, 85
Trd, 4319164.393, 89
Trd, 4319164.743, 92
Trd, 4319164.793, 87
Trd, 4319165.193, 85
Trd, 4319166.443, 102
Trd, 4319168.243, 104
Trd, 4319169.243, 119
Trd, 4319169.293, 110
Trd, 4319170.193, 113
Trd, 4319171.043, 107
Trd, 4319171.893, 120
Trd, 4319171.993, 110
Trd, 4319174.293, 114
Trd, 4319175.743, 135
Trd, 4319175.793, 134
Trd, 4319176.043, 133
Trd, 4319176.643, 106
Trd, 4319176.793, 91
Trd, 4319178.193, 117
Trd, 4319179.993, 83
Trd, 4319180.493, 85
Trd, 4319181.543, 133
Trd, 4319181.593, 114
Trd, 4319181.743, 73
Trd, 4319182.543, 76
Trd, 4319183.243, 107
Trd, 4319184.543, 99
Trd, 4319184.743, 101
Trd, 4319185.093, 98
Trd, 4319185.543, 109
Trd, 4319186.543, 126
Trd, 4319186.943, 75
Trd, 4319187.493, 103
Trd, 4319188.893, 115
Trd, 4319189.993, 110
Trd, 4319190.493, 131
Trd, 4319190.743, 110
Trd, 4319190.843, 109
Trd, 4319191.643, 92
Trd, 4319193.643, 135
Trd, 4319194.193, 93
Trd, 4319194.493, 104
Trd, 4319194.743, 108
Trd, 4319194.793, 78
Trd, 4319196.393, 100
Trd, 4319196.843, 79
Trd, 4319197.193, 86
Trd, 4319197.493, 105
Trd, 4319198.243, 78
Trd, 4319198.893, 73
Trd, 4319200.243, 105
Trd, 4319201.693, 112
Trd, 4319202.643, 87
Trd, 4319203.043, 71
Trd, 4319203.343, 117
Trd, 4319204.743, 72
Trd, 4319205.393, 133
Trd, 4319206.343, 120
Trd, 4319206.743, 98
Trd, 4319207.243, 98
Trd, 4319207.543, 127
Trd, 4319208.793, 140
Trd, 4319208.893, 117
Trd, 4319209.043, 94
Trd, 4319209.493, 122
Trd, 4319210.743, 66
Trd, 4319210.793, 66
Trd, 4319213.243, 68
Trd, 4319213.393, 85
Trd, 4319213.543, 67
Trd, 4319214.293, 62
Trd, 4319214.343, 132
Trd, 4319215.343, 67
Trd, 4319216.543, 117
Trd, 4319216.993, 133
Trd, 4319217.443, 74
Trd, 4319217.943, 115
Trd, 4319218.693, 89
Trd, 4319220.843, 83
Trd, 4319221.593, 88
Trd, 4319223.043, 61
Trd, 4319223.843, 60
Trd, 4319224.543, 127
Trd, 4319225.893, 119
Trd, 4319226.043, 102
Trd, 4319226.893, 109
Trd, 4319226.993, 108
Trd, 4319227.943, 60
Trd, 4319229.343, 100
Trd, 4319230.993, 94
Trd, 4319231.943, 113
Trd, 4319232.343, 113
Trd, 4319232.643, 113
Trd, 4319233.393, 134
Trd, 4319233.843, 130
Trd, 4319235.693, 108
Trd, 4319235.893, 117
Trd, 4319236.243, 103
Trd, 4319237.243, 139
Trd, 4319237.293, 129
Trd, 4319238.143, 119
Trd, 4319238.543, 108
Trd, 4319239.343, 108
Trd, 4319239.493, 103
Trd, 4319240.943, 61
Trd, 4319242.243, 62
Trd, 4319242.893, 80
Trd, 4319243.343, 116
Trd, 4319243.643, 126
Trd, 4319243.743, 96
Trd, 4319244.093, 62
Trd, 4319244.543, 63
Trd, 4319245.893, 63
Trd, 4319247.593, 62
Trd, 4319248.543, 60
Trd, 4319249.393, 94
Trd, 4319250.343, 60
Trd, 4319251.743, 80
Trd, 4319251.993, 97
Trd, 4319252.543, 120
Trd, 4319253.293, 75
Trd, 4319254.593, 114
Trd, 4319254.643, 96
Trd, 4319255.943, 116
Trd, 4319256.693, 112
Trd, 4319256.843, 94
Trd, 4319257.093, 93
Trd, 4319257.693, 104
Trd, 4319258.293, 125
Trd, 4319259.493, 130
Trd, 4319260.193, 124
Trd, 4319260.293, 122
Trd, 4319260.643, 89
Trd, 4319262.893, 75
Trd, 4319263.143, 66
Trd, 4319263.393, 83
Trd, 4319264.143, 139
Trd, 4319264.493, 134
Trd, 4319264.643, 82
Trd, 4319265.293, 61
Trd, 4319266.243, 61
Trd, 4319267.543, 71
Trd, 4319267.793, 125
Trd, 4319270.043, 112
Trd, 4319270.093, 110
Trd, 4319270.343, 85
Trd, 4319270.993, 117
Trd, 4319271.793, 97
Trd, 4319272.093, 97
Trd, 4319274.043, 91
Trd, 4319275.343, 72
Trd, 4319275.443, 84
Trd, 4319276.043, 113
Trd, 4319276.593, 130
Trd, 4319276.793, 90
Trd, 4319277.293, 89
Trd, 4319277.993, 134
Trd, 4319278.643, 135
Trd, 4319278.993, 134
Trd, 4319281.593, 134
Trd, 4319281.893, 123
Trd, 4319282.043, 122
Trd, 4319284.043, 135
Trd, 4319284.143, 134
Trd, 4319285.543, 137
Trd, 4319286.393, 126
Trd, 4319286.993, 82
Trd, 4319288.343, 130
Trd, 4319288.643, 104
Trd, 4319288.943, 115
Trd, 4319289.643, 104
Trd, 4319289.843, 112
Trd, 4319290.043, 67
Trd, 4319290.593, 129
Trd, 4319291.793, 127
Trd, 4319292.143, 126
Trd, 4319293.193, 118
Trd, 4319293.293, 110
Trd, 4319295.193, 83
Trd, 4319295.493, 93
Trd, 4319296.493, 129
Trd, 4319297.743, 93
Trd, 4319297.793, 92
Trd, 4319299.693, 129
Trd, 4319299.943, 111
Trd, 4319300.893, 72
Trd, 4319302.143, 75
Trd, 4319302.393, 75
Trd, 4319302.843, 67
Trd, 4319303.843, 78
Trd, 4319305.543, 93
Trd, 4319306.693, 92
Trd, 4319307.493, 102
Trd, 4319307.843, 91
Trd, 4319308.393, 106
Trd, 4319308.943, 88
Trd, 4319309.493, 85
Trd, 4319309.543, 62
Trd, 4319310.443, 139
Trd, 4319311.093, 95
Trd, 4319312.543, 104
Trd, 4319313.643, 88
Trd, 4319314.043, 133
Trd, 4319314.243, 137
Trd, 4319314.843, 110
Trd, 4319315.443, 124
Trd, 4319316.293, 119
Trd, 4319316.543, 102
Trd, 4319316.643, 101
Trd, 4319317.243, 88
Trd, 4319318.443, 107
Trd, 4319319.643, 131
Trd, 4319319.943, 127
Trd, 4319320.643, 108
Trd, 4319321.193, 138
Trd, 4319321.943, 62
Trd, 4319323.143, 60
Trd, 4319323.693, 72
Trd, 4319324.293, 61
Trd, 4319325.443, 65
Trd, 4319326.093, 76
Trd, 4319327.093, 71
Trd, 4319327.293, 88
Trd, 4319327.693, 65
Trd, 4319328.443, 77
Trd, 4319328.643, 75
Trd, 4319329.143, 117
Trd, 4319329.893, 82
Trd, 4319330.043, 81
Trd, 4319330.443, 115
Trd, 4319331.593, 102
Trd, 4319333.143, 75
Trd, 4319334.043, 76
Trd, 4319335.343, 91
Trd, 4319335.943, 105
Trd, 4319336.843, 73
Trd, 4319337.543, 97
Trd, 4319337.943, 68
Trd, 4319339.143, 73
Trd, 4319339.243, 76
Trd, 4319341.093, 73
Trd, 4319342.043, 76
Trd, 4319342.493, 67
Trd, 4319343.593, 131
Trd, 4319343.693, 123
Trd, 4319344.243, 130
Trd, 4319344.993, 117
Trd, 4319346.143, 110
Trd, 4319346.643, 128
Trd, 4319347.493, 132
Trd, 4319347.643, 123
Trd, 4319348.643, 95
Trd, 4319348.693, 70
Trd, 4319348.893, 136
Trd, 4319349.993, 121
Trd, 4319350.393, 112
Trd, 4319350.893, 81
Trd, 4319353.143, 121
Trd, 4319353.493, 133
Trd, 4319354.143, 104
Trd, 4319354.643, 129
Trd, 4319354.743, 110
Trd, 4319356.543, 68
Trd, 4319357.543, 75
Trd, 4319358.743, 111
Trd, 4319359.443, 111
Trd, 4319360.493, 106
Trd, 4319361.143, 107
Trd, 4319361.643, 99
Trd, 4319361.843, 69
Trd, 4319362.693, 63
Trd, 4319364.043, 125
Trd, 4319364.593, 124
Trd, 4319364.693, 118
Trd, 4319364.793, 104
Trd, 4319366.393, 101
Trd, 4319366.743, 107
Trd, 4319367.193, 137
Trd, 4319368.343, 77
Trd, 4319368.443, 71
Trd, 4319368.893, 109
Trd, 4319369.593, 90
Trd, 4319370.493, 61
Trd, 4319372.693, 107
Trd, 4319373.643, 107
Trd, 4319373.793, 107
Trd, 4319373.843, 106
Trd, 4319374.093, 110
Trd, 4319375.093, 120
Trd, 4319375.493, 78
Trd, 4319377.193, 103
Trd, 4319377.343, 106
Trd, 4319378.693, 93
Trd, 4319379.243, 83
Trd, 4319380.093, 69
Trd, 4319380.143, 83
Trd, 4319380.543, 77
Trd, 4319381.193, 93
Trd, 4319381.643, 75
Trd, 4319382.193, 71
Trd, 4319383.243, 132
Trd, 4319383.843, 102
Trd, 4319384.143, 102
Trd, 4319384.543, 101
Trd, 4319385.493, 80
Trd, 4319386.543, 101
Trd, 4319386.843, 91
Trd, 4319386.943, 89
Trd, 4319387.693, 122
Trd, 4319389.093, 118
Trd, 4319389.693, 90
Trd, 4319390.643, 91
Trd, 4319391.493, 88
Trd, 4319392.243, 84
Trd, 4319393.543, 120
Trd, 4319393.643, 82
Trd, 4319394.143, 129
Trd, 4319395.393, 122
Trd, 4319395.443, 101
Trd, 4319395.843, 123
Trd, 4319396.443, 116
Trd, 4319396.643, 115
Trd, 4319397.143, 122
Trd, 4319397.443, 71
Trd, 4319399.693, 61
Trd, 4319400.243, 131
Trd, 4319400.993, 62
Trd, 4319401.843, 72
Trd, 4319402.943, 62
Trd, 4319403.793, 62
Trd, 4319404.793, 71
Trd, 4319405.343, 84
Trd, 4319405.743, 93
Trd, 4319406.493, 60
Trd, 4319407.393, 113
Trd, 4319407.543, 113
Trd, 4319407.793, 112
Trd, 4319408.693, 94
Trd, 4319409.043, 67
Trd, 4319409.943, 73
Trd, 4319410.493, 140
Trd, 4319410.643, 96
Trd, 4319412.143, 133
Trd, 4319413.093, 130
Trd, 4319413.493, 115
Trd, 4319413.593, 105
Trd, 4319415.343, 94
Trd, 4319415.543, 94
Trd, 4319416.043, 93
Trd, 4319417.193, 104
Trd, 4319418.243, 120
Trd, 4319418.893, 136
Trd, 4319419.143, 107
Trd, 4319420.593, 121
Trd, 4319420.743, 116
Trd, 4319421.193, 104
Trd, 4319421.293, 114
Trd, 4319421.993, 82
Trd, 4319423.243, 79
Trd, 4319423.843, 65
Trd, 4319423.943, 80
Trd, 4319424.293, 63
Trd, 4319424.443, 87
Trd, 4319425.343, 111
Trd, 4319425.493, 120
Trd, 4319427.243, 114
Trd, 4319427.293, 113
Trd, 4319427.943, 98
Trd, 4319430.093, 110
Trd, 4319430.393, 135
Trd, 4319431.593, 125
Trd, 4319431.793, 115
Trd, 4319431.993, 128
Trd, 4319432.243, 127
Trd, 4319433.943, 62
Trd, 4319436.143, 90
Trd, 4319436.693, 119
Trd, 4319437.493, 98
Trd, 4319437.543, 101
Trd, 4319437.643, 94
Trd, 4319439.093, 99
Trd, 4319439.143, 96
Trd, 4319439.543, 107
Trd, 4319440.443, 67
Trd, 4319440.493, 81
Trd, 4319441.593, 107
Trd, 4319441.793, 129
Trd, 4319442.593, 78
Trd, 4319442.693, 113
Trd, 4319443.093, 80
Trd, 4319443.943, 97
Trd, 4319444.543, 120
Trd, 4319446.093, 116
Trd, 4319446.643, 69
Trd, 4319447.343, 89
Trd, 4319448.793, 88
Trd, 4319449.193, 78
Trd, 4319449.743, 93
Trd, 4319451.293, 81
Trd, 4319451.843, 81
Trd, 4319452.593, 98
Trd, 4319453.393, 86
Trd, 4319454.193, 102
Trd, 4319455.443, 75
Trd, 4319455.793, 120
Trd, 4319456.843, 127
Trd, 4319456.993, 117
Trd, 4319457.393, 76
Trd, 4319458.143, 88
Trd, 4319458.593, 78
Trd, 4319459.293, 78
Trd, 4319459.493, 104
Trd, 4319459.693, 120
Trd, 4319459.743, 86
Trd, 4319460.793, 88
Trd, 4319461.243, 85
Trd, 4319462.843, 102
Trd, 4319463.043, 89
Trd, 4319463.243, 92
Trd, 4319464.293, 133
Trd, 4319464.343, 132
Trd, 4319466.043, 135
Trd, 4319466.693, 130
Trd, 4319467.493, 114
Trd, 4319468.093, 100
Trd, 4319468.593, 98
Trd, 4319469.193, 114
Trd, 4319469.993, 123
Trd, 4319470.093, 126
Trd, 4319471.243, 101
Trd, 4319472.443, 83
Trd, 4319472.593, 88
Trd, 4319473.193, 94
Trd, 4319473.793, 84
Trd, 4319473.893, 109
Trd, 4319473.943, 110
Trd, 4319474.643, 83
Trd, 4319475.443, 63
Trd, 4319477.443, 135
Trd, 4319478.593, 121
Trd, 4319479.143, 118
Trd, 4319479.743, 95
Trd, 4319480.143, 89
Trd, 4319480.343, 92
Trd, 4319481.843, 120
Trd, 4319482.043, 91
Trd, 4319482.593, 131
Trd, 4319483.793, 113
Trd, 4319484.493, 84
Trd, 4319485.443, 68
Trd, 4319486.343, 94
Trd, 4319486.543, 72
Trd, 4319488.943, 106
Trd, 4319489.093, 109
Trd, 4319489.243, 108
Trd, 4319490.143, 139
Trd, 4319490.693, 139
Trd, 4319491.293, 134
Trd, 4319491.493, 119
Trd, 4319491.843, 98
Trd, 4319492.793, 93
Trd, 4319493.143, 71
Trd, 4319494.093, 85
Trd, 4319494.593, 91
Trd, 4319495.043, 78
Trd, 4319496.843, 93
Trd, 4319496.943, 80
Trd, 4319498.093, 79
Trd, 4319498.243, 91
Trd, 4319498.493, 68
Trd, 4319498.743, 76
Trd, 4319501.193, 114
Trd, 4319501.293, 113
Trd, 4319501.443, 98
Trd, 4319502.343, 127
Trd, 4319502.393, 121
Trd, 4319502.493, 80
Trd, 4319503.543, 120
Trd, 4319504.893, 139
Trd, 4319504.993, 110
Trd, 4319505.093, 108
Trd, 4319505.393, 124
Trd, 4319506.393, 127
Trd, 4319507.293, 118
Trd, 4319508.043, 67
Trd, 4319508.243, 123
Trd, 4319509.693, 64
Trd, 4319510.243, 60
Trd, 4319510.643, 98
Trd, 4319510.943, 120
Trd, 4319511.843, 67
Trd, 4319512.043, 88
Trd, 4319512.143, 78
Trd, 4319513.143, 78
Trd, 4319513.493, 110
Trd, 4319514.293, 102
Trd, 4319514.443, 94
Trd, 4319514.843, 127
Trd, 4319515.543, 134
Trd, 4319517.643, 64
Trd, 4319519.643, 65
Trd, 4319521.043, 77
Trd, 4319521.393, 84
Trd, 4319521.443, 69
Trd, 4319522.593, 95
Trd, 4319523.593, 74
Trd, 4319523.793, 86
Trd, 4319524.243, 76
Trd, 4319525.093, 111
Trd, 4319525.443, 85
Trd, 4319526.143, 140
Trd, 4319527.093, 122
Trd, 4319527.343, 93
Trd, 4319528.693, 81
Trd, 4319528.893, 68
Trd, 4319529.493, 78
Trd, 4319531.543, 91
Trd, 4319531.943, 60
Trd, 4319532.293, 110
Trd, 4319532.943, 127
Trd, 4319533.143, 86
Trd, 4319533.393, 85
Trd, 4319534.493, 86
Trd, 4319535.943, 108
Trd, 4319536.593, 89
Trd, 4319537.193, 97
Trd, 4319538.393, 118
Trd, 4319538.943, 117
Trd, 4319539.043, 104
Trd, 4319539.143, 75
Trd, 4319540.843, 61
Trd, 4319541.493, 62
Trd, 4319541.893, 98
Trd, 4319542.443, 102
Trd, 4319542.693, 95
Trd, 4319543.193, 109
Trd, 4319544.993, 114
Trd, 4319545.143, 139
Trd, 4319545.593, 101
Trd, 4319546.893, 99
Trd, 4319547.193, 60
Trd, 4319549.143, 74
Trd, 4319550.293, 121
Trd, 4319550.993, 110
Trd, 4319551.843, 126
Trd, 4319552.143, 123
Trd, 4319552.193, 114
Trd, 4319552.993, 110
Trd, 4319553.493, 122
Trd, 4319554.143, 134
Trd, 4319554.243, 111
Trd, 4319555.143, 117
Trd, 4319555.893, 110
Trd, 4319556.043, 89
Trd, 4319558.243, 100
Trd, 4319559.243, 138
Trd, 4319559.493, 136
Trd, 4319559.643, 133
Trd, 4319560.143, 128
Trd, 4319560.593, 129
Trd, 4319560.893, 106
Trd, 4319561.693, 113
Trd, 4319562.493, 111
Trd, 4319563.643, 112
Trd, 4319563.743, 107
Trd, 4319564.843, 102
Trd, 4319565.793, 83
Trd, 4319565.943, 82
Trd, 4319566.443, 90
Trd, 4319566.593, 68
Trd, 4319566.943, 119
Trd, 4319568.343, 114
Trd, 4319569.593, 133
Trd, 4319570.043, 109
Trd, 4319570.143, 101
Trd, 4319570.543, 122
Trd, 4319570.943, 121
Trd, 4319572.043, 119
Trd, 4319572.243, 125
Trd, 4319572.593, 97
Trd, 4319573.043, 93
Trd, 4319573.593, 94
Trd, 4319575.743, 92
Trd, 4319575.943, 91
Trd, 4319576.143, 104
Trd, 4319576.243, 104
Trd, 4319577.193, 95
Trd, 4319577.393, 73
Trd, 4319578.043, 78
Trd, 4319578.843, 62
Trd, 4319580.293, 98
Trd, 4319581.143, 100
Trd, 4319581.843, 124
Trd, 4319583.043, 132
Trd, 4319583.143, 86
Trd, 4319583.393, 71
Trd, 4319584.293, 70
Trd, 4319584.743, 100
Trd, 4319585.743, 118
Trd, 4319586.943, 62
Trd, 4319587.443, 88
Trd, 4319587.643, 140
Trd, 4319588.893, 126
Trd, 4319589.143, 117
Trd, 4319589.343, 114
Trd, 4319590.193, 118
Trd, 4319591.393, 132
Trd, 4319592.993, 65
Trd, 4319593.593, 73
Trd, 4319593.743, 77
Trd, 4319593.843, 85
Trd, 4319594.143, 93
Trd, 4319595.543, 68
Trd, 4319596.143, 71
Trd, 4319596.643, 72
Trd, 4319597.643, 89
Trd, 4319598.193, 101
Trd, 4319598.243, 90
Trd, 4319598.843, 75
Trd, 4319600.143, 65
Trd, 4319600.693, 68
Trd, 4319600.793, 90
Trd, 4319601.643, 97
Trd, 4319602.393, 96
Trd, 4319603.643, 117
Trd, 4319604.793, 91
Trd, 4319605.443, 84
Trd, 4319605.593, 107
Trd, 4319606.043, 116
Trd, 4319606.143, 97
Trd, 4319606.943, 66
Trd, 4319607.393, 74
Trd, 4319608.743, 78
Trd, 4319609.393, 71
Trd, 4319610.193, 110
Trd, 4319610.343, 92
Trd, 4319610.943, 69
Trd, 4319611.893, 100
Trd, 4319613.143, 115
Trd, 4319613.493, 114
Trd, 4319614.193, 124
Trd, 4319614.643, 99
Trd, 4319614.943, 85
Trd, 4319615.843, 66
Trd, 4319616.343, 86
Trd, 4319616.393, 94
Trd, 4319617.893, 61
Trd, 4319619.943, 62
Trd, 4319620.843, 85
Trd, 4319621.393, 82
Trd, 4319621.443, 78
Trd, 4319621.493, 86
Trd, 4319622.993, 65
Trd, 4319623.243, 84
Trd, 4319624.093, 62
Trd, 4319624.643, 74
Trd, 4319624.843, 103
Trd, 4319625.843, 92
Trd, 4319626.193, 81
Trd, 4319626.943, 119
Trd, 4319627.243, 122
Trd, 4319627.393, 118
Trd, 4319629.443, 115
Trd, 4319629.843, 115
Trd, 4319630.743, 138
Trd, 4319630.993, 132
Trd, 4319631.093, 100
Trd, 4319631.943, 140
Trd, 4319632.243, 94
Trd, 4319633.843, 139
Trd, 4319634.193, 126
Trd, 4319635.743, 111
Trd, 4319635.943, 92
Trd, 4319636.943, 133
Trd, 4319637.493, 88
Trd, 4319638.043, 95
Trd, 4319639.193, 132
Trd, 4319639.443, 86
Trd, 4319640.543, 94
Trd, 4319640.843, 138
Trd, 4319642.743, 61
Trd, 4319643.293, 124
Trd, 4319643.493, 104
Trd, 4319643.743, 132
Trd, 4319644.543, 130
Trd, 4319646.393, 70
Trd, 4319646.843, 66
Trd, 4319648.443, 62
Trd, 4319648.693, 63
Trd, 4319649.593, 83
Trd, 4319650.043, 88
Trd, 4319651.343, 86
Trd, 4319651.593, 85
Trd, 4319651.743, 95
Trd, 4319652.943, 80
Trd, 4319653.043, 89
Trd, 4319654.193, 61
Trd, 4319654.443, 85
Trd, 4319655.643, 64
Trd, 4319656.643, 63
Trd, 4319657.843, 112
Trd, 4319659.143, 85
Trd, 4319659.343, 79
Trd, 4319659.643, 76
Trd, 4319660.243, 71
Trd, 4319660.293, 69
Trd, 4319662.193, 75
Trd, 4319662.893, 88
Trd, 4319663.643, 62
Trd, 4319664.643, 83
Trd, 4319665.043, 72
Trd, 4319665.743, 95
Trd, 4319666.893, 83
Trd, 4319667.143, 115
Trd, 4319667.443, 129
Trd, 4319667.493, 73
Trd, 4319668.393, 73
Trd, 4319669.343, 95
Trd, 4319669.643, 108
Trd, 4319670.093, 88
Trd, 4319671.243, 63
Trd, 4319672.343, 79
Trd, 4319672.843, 82
Trd, 4319673.043, 66
Trd, 4319673.993, 125
Trd, 4319674.543, 124
Trd, 4319676.843, 113
Trd, 4319677.443, 107
Trd, 4319678.093, 72
Trd, 4319678.393, 139
Trd, 4319678.643, 100
Trd, 4319679.843, 123
Trd, 4319681.493, 135
Trd, 4319681.543, 115
Trd, 4319681.743, 109
Trd, 4319683.893, 113
Trd, 4319685.043, 126
Trd, 4319685.593, 120
Trd, 4319686.043, 140
Trd, 4319686.643, 94
Trd, 4319686.893, 92
Trd, 4319687.693, 99
Trd, 4319688.643, 111
Trd, 4319689.093, 106
Trd, 4319689.893, 114
Trd, 4319690.193, 102
Trd, 4319690.593, 138
Trd, 4319690.743, 94
Trd, 4319691.093, 121
Trd, 4319691.593, 85
Trd, 4319692.893, 124
Trd, 4319693.643, 122
Trd, 4319694.243, 130
Trd, 4319695.443, 106
Trd, 4319695.593, 106
Trd, 4319695.793, 104
Trd, 4319695.843, 94
Trd, 4319696.943, 84
Trd, 4319697.393, 86
Trd, 4319698.443, 90
Trd, 4319698.943, 127
Trd, 4319699.493, 127
Trd, 4319702.043, 117
Trd, 4319702.943, 108
Trd, 4319703.093, 107
Trd, 4319703.143, 105
Trd, 4319703.493, 109
Trd, 4319704.043, 97
Trd, 4319704.793, 106
Trd, 4319705.193, 103
Trd, 4319705.343, 102
Trd, 4319705.943, 103
Trd, 4319706.543, 89
Trd, 4319707.843, 119
Trd, 4319709.093, 130
Trd, 4319709.243, 135
Trd, 4319709.443, 112
Trd, 4319710.093, 97
Trd, 4319711.393, 77
Trd, 4319711.443, 72
Trd, 4319712.793, 126
Trd, 4319713.393, 125
Trd, 4319713.643, 116
Trd, 4319715.143, 134
Trd, 4319715.243, 108
Trd, 4319715.543, 107
Trd, 4319715.693, 126
Trd, 4319716.293, 129
Trd, 4319717.343, 82
Trd, 4319718.193, 117
Trd, 4319719.043, 113
Trd, 4319719.443, 117
Trd, 4319719.943, 104
Trd, 4319722.043, 72
Trd, 4319722.193, 66
Trd, 4319722.893, 64
Trd, 4319724.593, 89
Trd, 4319724.743, 96
Trd, 4319725.343, 98
Trd, 4319726.293, 95
Trd, 4319726.343, 90
Trd, 4319727.193, 125
Trd, 4319727.243, 115
Trd, 4319728.143, 94
Trd, 4319728.743, 111
Trd, 4319729.443, 110
Trd, 4319729.543, 133
Trd, 4319730.743, 106
Trd, 4319731.043, 133
Trd, 4319731.593, 101
Trd, 4319731.993, 112
Trd, 4319733.493, 64
Trd, 4319733.843, 61
Trd, 4319733.943, 87
Trd, 4319735.093, 87
Trd, 4319736.143, 111
Trd, 4319736.293, 100
Trd, 4319738.493, 135
Trd, 4319738.893, 120
Trd, 4319739.393, 131
Trd, 4319740.243, 104
Trd, 4319740.593, 103
Trd, 4319740.893, 82
Trd, 4319741.843, 67
Trd, 4319742.193, 109
Trd, 4319742.543, 124
Trd, 4319742.943, 97
Trd, 4319743.293, 75
Trd, 4319744.943, 108
Trd, 4319745.043, 96
Trd, 4319746.943, 80
Trd, 4319747.093, 90
Trd, 4319747.493, 91
Trd, 4319748.943, 130
Trd, 4319749.793, 128
Trd, 4319749.993, 115
Trd, 4319750.093, 96
Trd, 4319753.443, 77
Trd, 4319754.543, 91
Trd, 4319754.743, 65
Trd, 4319755.193, 108
Trd, 4319755.593, 139
Trd, 4319756.043, 65
Trd, 4319756.193, 84
Trd, 4319757.393, 138
Trd, 4319757.993, 100
Trd, 4319759.543, 94
Trd, 4319759.843, 91
Trd, 4319760.993, 111
Trd, 4319761.493, 106
Trd, 4319762.693, 100
Trd, 4319763.093, 96
Trd, 4319763.143, 87
Trd, 4319764.393, 105
Trd, 4319764.493, 100
Trd, 4319765.043, 128
Trd, 4319765.493, 102
Trd, 4319765.693, 112
Trd, 4319767.043, 139
Trd, 4319767.193, 90
Trd, 4319768.693, 126
Trd, 4319769.843, 121
Trd, 4319771.093, 135
Trd, 4319771.343, 115
Trd, 4319772.393, 122
Trd, 4319773.393, 120
Trd, 4319773.443, 115
Trd, 4319773.893, 126
Trd, 4319774.843, 97
Trd, 4319774.893, 96
Trd, 4319775.543, 86
Trd, 4319775.593, 95
Trd, 4319776.043, 126
Trd, 4319776.093, 85
Trd, 4319776.293, 72
Trd, 4319780.393, 60
Trd, 4319780.543, 71
Trd, 4319780.993, 89
Trd, 4319781.293, 138
Trd, 4319781.443, 110
Trd, 4319782.293, 94
Trd, 4319782.993, 86
Trd, 4319784.543, 97
Trd, 4319785.593, 98
Trd, 4319785.893, 95
Trd, 4319785.993, 92
Trd, 4319786.293, 114
Trd, 4319787.543, 108
Trd, 4319787.593, 86
Trd, 4319788.343, 137
Trd, 4319788.593, 99
Trd, 4319789.943, 119
Trd, 4319791.443, 131
Trd, 4319791.593, 128
Trd, 4319791.693, 87
Trd, 4319791.993, 61
Trd, 4319792.443, 123
Trd, 4319792.943, 103
Trd, 4319794.093, 90
Trd, 4319795.043, 94
Trd, 4319795.143, 100
Trd, 4319796.093, 91
Trd, 4319796.493, 122
Trd, 4319796.643, 90
Trd, 4319797.693, 83
Trd, 4319798.343, 80
Trd, 4319799.243, 69
Trd, 4319801.093, 77
Trd, 4319801.543, 79
Trd, 4319802.093, 75
Trd, 4319802.343, 137
Trd, 4319802.493, 102
Trd, 4319802.893, 140
Trd, 4319804.243, 125
Trd, 4319804.993, 136
Trd, 4319806.143, 124
Trd, 4319806.243, 123
Trd, 4319807.043, 123
Trd, 4319807.143, 112
Trd, 4319808.093, 133
Trd, 4319808.143, 94
Trd, 4319808.793, 130
Trd, 4319809.593, 136
Trd, 4319809.893, 122
Trd, 4319810.993, 74
Trd, 4319811.993, 122
Trd, 4319812.943, 85
Trd, 4319814.793, 120
Trd, 4319815.943, 93
Trd, 4319816.443, 121
Trd, 4319817.293, 138
Trd, 4319817.793, 134
Trd, 4319819.093, 139
Trd, 4319820.293, 114
Trd, 4319822.093, 138
Trd, 4319822.993, 110
Trd, 4319823.243, 96
Trd, 4319823.593, 135
Trd, 4319824.443, 131
Trd, 4319824.743, 116
Trd, 4319825.343, 83
Trd, 4319826.743, 115
Trd, 4319827.293, 101
Trd, 4319827.343, 85
Trd, 4319828.993, 135
Trd, 4319829.143, 133
Trd, 4319829.493, 139
Trd, 4319829.643, 113
Trd, 4319829.743, 112
Trd, 4319831.193, 117
Trd, 4319832.393, 117
Trd, 4319833.193, 138
Trd, 4319833.243, 110
Trd, 4319833.343, 109
Trd, 4319834.243, 104
Trd, 4319834.593, 62
Trd, 4319835.743, 92
Trd, 4319836.293, 84
Trd, 4319836.593, 120
Trd, 4319838.543, 110
Trd, 4319839.693, 78
Trd, 4319840.293, 75
Trd, 4319840.743, 81
Trd, 4319840.893, 111
Trd, 4319841.343, 94
Trd, 4319842.393, 104
Trd, 4319843.893, 103
Trd, 4319844.193, 102
Trd, 4319844.643, 101
Trd, 4319845.393, 79
Trd, 4319847.193, 116
Trd, 4319847.793, 107
Trd, 4319847.843, 114
Trd, 4319848.243, 121
Trd, 4319848.293, 106
Trd, 4319850.943, 135
Trd, 4319851.193, 134
Trd, 4319851.743, 104
Trd, 4319853.843, 91
Trd, 4319853.943, 94
Trd, 4319854.143, 87
Trd, 4319854.643, 114
Trd, 4319855.043, 114
Trd, 4319855.743, 82
Trd, 4319856.143, 77
Trd, 4319856.443, 76
Trd, 4319856.493, 117
Trd, 4319857.293, 98
Trd, 4319857.643, 107
Trd, 4319859.493, 124
Trd, 4319859.943, 123
Trd, 4319860.893, 97
Trd, 4319861.143, 93
Trd, 4319861.843, 74
Trd, 4319862.143, 138
Trd, 4319862.743, 121
Trd, 4319863.693, 83
Trd, 4319864.143, 76
Trd, 4319865.593, 110
Trd, 4319865.793, 119
Trd, 4319867.193, 108
Trd, 4319868.643, 115
Trd, 4319869.293, 97
Trd, 4319869.443, 96
Trd, 4319869.543, 91
Trd, 4319870.693, 137
Trd, 4319871.793, 129
Trd, 4319871.943, 126
Trd, 4319872.243, 107
Trd, 4319873.493, 102
Trd, 4319874.293, 97
Trd, 4319874.793, 101
Trd, 4319875.293, 106
Trd, 4319876.543, 126
Trd, 4319876.693, 84
Trd, 4319876.743, 89
Trd, 4319877.643, 63
Trd, 4319877.943, 80
Trd, 4319878.743, 99
Trd, 4319880.543, 123
Trd, 4319880.793, 91
Trd, 4319882.493, 118
Trd, 4319883.793, 112
Trd, 4319884.543, 137
Trd, 4319885.093, 138
Trd, 4319885.993, 128
Trd, 4319886.443, 116
Trd, 4319887.093, 111
Trd, 4319887.243, 109
Trd, 4319887.693, 114
Trd, 4319888.743, 109
Trd, 4319889.343, 78
Trd, 4319889.743, 62
Trd, 4319890.893, 63
Trd, 4319891.493, 75
Trd, 4319891.593, 114
Trd, 4319893.093, 60
Trd, 4319893.643, 62
Trd, 4319894.393, 75
Trd, 4319895.143, 95
Trd, 4319895.743, 97
Trd, 4319895.943, 96
Trd, 4319896.343, 127
Trd, 4319896.843, 100
Trd, 4319896.893, 99
Trd, 4319897.393, 76
Trd, 4319898.243, 62
Trd, 4319900.593, 92
Trd, 4319900.693, 91
Trd, 4319901.343, 116
Trd, 4319902.293, 95
Trd, 4319902.743, 135
Trd, 4319902.793, 84
Trd, 4319903.593, 66
Trd, 4319905.043, 85
Trd, 4319905.193, 73
Trd, 4319905.393, 67
Trd, 4319905.643, 66
Trd, 4319906.493, 95
Trd, 4319907.493, 134
Trd, 4319907.993, 133
Trd, 4319910.243, 61
Trd, 4319910.643, 64
Trd, 4319911.443, 137
Trd, 4319911.593, 128
Trd, 4319913.243, 129
Trd, 4319913.493, 127
Trd, 4319913.543, 111
Trd, 4319914.093, 61
Trd, 4319915.193, 78
Trd, 4319915.343, 76
Trd, 4319915.493, 80
Trd, 4319916.293, 129
Trd, 4319916.843, 100
Trd, 4319917.643, 76
Trd, 4319917.743, 78
Trd, 4319918.693, 62
Trd, 4319920.593, 136
Trd, 4319921.093, 136
Trd, 4319921.443, 135
Trd, 4319921.643, 138
Trd, 4319922.293, 120
Trd, 4319923.843, 60
Trd, 4319923.993, 72
Trd, 4319924.793, 108
Trd, 4319926.393, 110
Trd, 4319926.693, 127
Trd, 4319926.893, 108
Trd, 4319926.943, 87
Trd, 4319927.843, 128
Trd, 4319928.093, 120
Trd, 4319928.893, 83
Trd, 4319929.843, 115
Trd, 4319930.043, 84
Trd, 4319931.493, 126
Trd, 4319931.993, 123
Trd, 4319932.143, 117
Trd, 4319932.643, 113
Trd, 4319932.693, 101
Trd, 4319932.943, 93
Trd, 4319935.293, 137
Trd, 4319935.493, 124
Trd, 4319935.943, 108
Trd, 4319936.143, 101
Trd, 4319937.193, 107
Trd, 4319937.593, 128
Trd, 4319938.393, 120
Trd, 4319938.443, 96
Trd, 4319939.193, 75
Trd, 4319939.993, 73
Trd, 4319940.293, 126
Trd, 4319941.543, 84
Trd, 4319941.843, 83
Trd, 4319942.543, 121
Trd, 4319943.593, 71
Trd, 4319944.443, 103
Trd, 4319944.643, 75
Trd, 4319946.893, 61
Trd, 4319947.293, 63
Trd, 4319947.443, 79
Trd, 4319949.443, 134
Trd, 4319949.493, 113
Trd, 4319951.143, 129
Trd, 4319951.843, 108
Trd, 4319952.543, 128
Trd, 4319952.943, 127
Trd, 4319953.443, 106
Trd, 4319953.493, 100
Trd, 4319954.543, 84
Trd, 4319955.143, 63
Trd, 4319955.743, 76
Trd, 4319956.743, 100
Trd, 4319956.793, 93
Trd, 4319957.243, 64
Trd, 4319957.793, 72
Trd, 4319959.043, 114
Trd, 4319960.593, 90
Trd, 4319960.743, 90
Trd, 4319961.393, 116
Trd, 4319961.493, 96
Trd, 4319961.643, 89
Trd, 4319962.293, 90
Trd, 4319962.893, 105
Trd, 4319962.943, 89
Trd, 4319964.343, 117
Trd, 4319967.143, 98
Trd, 4319967.793, 105
Trd, 4319968.143, 125
Trd, 4319968.393, 96
Trd, 4319970.743, 132
Trd, 4319970.893, 124
Trd, 4319971.093, 123
Trd, 4319971.643, 126
Trd, 4319971.943, 114
Trd, 4319971.993, 101
Trd, 4319974.143, 89
Trd, 4319975.593, 100
Trd, 4319975.693, 80
Trd, 4319976.093, 130
Trd, 4319977.093, 86
Trd, 4319977.543, 78
Trd, 4319977.743, 100
Trd, 4319978.493, 64
Trd, 4319978.843, 137
Trd, 4319979.793, 128
Trd, 4319979.943, 63
Trd, 4319980.943, 107
Trd, 4319981.793, 90
Trd, 4319983.743, 60
Trd, 4319983.943, 71
Trd, 4319984.443, 119
Trd, 4319985.343, 77
Trd, 4319985.793, 88
Trd, 4319986.343, 106
Trd, 4319986.943, 67
Trd, 4319987.243, 88
Trd, 4319988.693, 119
Trd, 4319989.793, 95
Trd, 4319990.093, 88
Trd, 4319990.543, 60
Trd, 4319990.793, 75
Trd, 4319992.243, 62
Trd, 4319992.843, 118
Trd, 4319993.493, 82
Trd, 4319993.643, 81
Trd, 4319993.843, 80
Trd, 4319995.543, 109
Trd, 4319995.943, 117
Trd, 4319996.243, 84
Trd, 4319996.993, 80
Trd, 4319997.493, 135
Trd, 4319998.243, 133
Trd, 4319999.193, 107
Trd, 4319999.343, 108
