Trd, 4318039.743, 123
Trd, 4318042.293, 112
Trd, 4318042.593, 106
Trd, 4318042.793, 100
Trd, 4318043.243, 133
Trd, 4318045.293, 95
Trd, 4318046.143, 89
Trd, 4318046.293, 102
Trd, 4318047.993, 116
Trd, 4318048.243, 104
Trd, 4318048.543, 117
Trd, 4318048.643, 101
Trd, 4318049.343, 100
Trd, 4318050.843, 108
Trd, 4318051.793, 140
Trd, 4318052.243, 139
Trd, 4318053.393, 106
Trd, 4318054.943, 101
Trd, 4318055.843, 101
Trd, 4318055.893, 94
Trd, 4318056.193, 117
Trd, 4318057.643, 105
Trd, 4318058.843, 136
Trd, 4318059.043, 113
Trd, 4318060.143, 128
Trd, 4318061.593, 129
Trd, 4318061.643, 127
Trd, 4318061.693, 120
Trd, 4318062.243, 109
Trd, 4318062.443, 124
Trd, 4318062.543, 107
Trd, 4318065.743, 123
Trd, 4318066.193, 134
Trd, 4318066.343, 130
Trd, 4318066.693, 115
Trd, 4318067.993, 115
Trd, 4318068.193, 100
Trd, 4318068.693, 115
Trd, 4318070.343, 108
Trd, 4318070.843, 119
Trd, 4318071.943, 120
Trd, 4318072.793, 117
Trd, 4318073.543, 101
Trd, 4318074.443, 110
Trd, 4318074.643, 110
Trd, 4318077.643, 109
Trd, 4318077.743, 115
Trd, 4318077.843, 104
Trd, 4318078.393, 75
Trd, 4318078.943, 91
Trd, 4318079.393, 88
Trd, 4318079.643, 125
Trd, 4318081.843, 123
Trd, 4318081.993, 83
Trd, 4318082.793, 80
Trd, 4318083.443, 103
Trd, 4318085.293, 100
Trd, 4318085.393, 96
Trd, 4318087.343, 115
Trd, 4318087.593, 88
Trd, 4318087.993, 87
Trd, 4318089.443, 123
Trd, 4318089.843, 121
Trd, 4318090.043, 136
Trd, 4318090.543, 118
Trd, 4318091.693, 110
Trd, 4318091.943, 89
Trd, 4318092.693, 92
Trd, 4318093.343, 72
Trd, 4318093.993, 68
Trd, 4318094.093, 72
Trd, 4318097.343, 134
Trd, 4318098.093, 135
Trd, 4318099.343, 128
Trd, 4318099.593, 119
Trd, 4318099.693, 112
Trd, 4318100.193, 125
Trd, 4318100.493, 60
Trd, 4318102.693, 129
Trd, 4318102.893, 122
Trd, 4318102.943, 111
Trd, 4318104.893, 81
Trd, 4318106.393, 63
Trd, 4318107.243, 122
Trd, 4318107.693, 127
Trd, 4318108.343, 117
Trd, 4318110.143, 135
Trd, 4318110.393, 89
Trd, 4318112.243, 96
Trd, 4318112.793, 108
Trd, 4318113.293, 82
Trd, 4318114.393, 118
Trd, 4318115.093, 133
Trd, 4318115.393, 107
Trd, 4318116.043, 100
Trd, 4318117.393, 90
Trd, 4318119.393, 91
Trd, 4318119.493, 97
Trd, 4318120.843, 100
Trd, 4318121.593, 76
Trd, 4318122.293, 125
Trd, 4318124.593, 85
Trd, 4318124.693, 79
Trd, 4318125.093, 128
Trd, 4318125.543, 106
Trd, 4318125.843, 129
Trd, 4318126.793, 119
Trd, 4318128.393, 109
Trd, 4318128.643, 105
Trd, 4318129.993, 122
Trd, 4318130.493, 109
Trd, 4318131.743, 103
Trd, 4318132.993, 112
Trd, 4318134.393, 119
Trd, 4318134.593, 118
Trd, 4318134.843, 111
Trd, 4318135.843, 128
Trd, 4318137.443, 128
Trd, 4318137.593, 127
Trd, 4318138.243, 100
Trd, 4318139.193, 68
Trd, 4318139.943, 87
Trd, 4318141.493, 79
Trd, 4318141.793, 138
Trd, 4318142.143, 96
Trd, 4318143.443, 61
Trd, 4318145.343, 123
Trd, 4318146.543, 117
Trd, 4318147.093, 109
Trd, 4318147.393, 107
Trd, 4318147.943, 117
Trd, 4318148.943, 106
Trd, 4318149.293, 91
Trd, 4318149.693, 91
Trd, 4318150.693, 126
Trd, 4318151.693, 121
Trd, 4318152.143, 126
Trd, 4318152.193, 98
Trd, 4318154.443, 119
Trd, 4318156.743, 127
Trd, 4318156.843, 107
Trd, 4318156.893, 101
Trd, 4318157.043, 135
Trd, 4318157.543, 81
Trd, 4318158.593, 114
Trd, 4318159.043, 103
Trd, 4318160.993, 129
Trd, 4318162.643, 107
Trd, 4318163.043, 120
Trd, 4318163.143, 131
Trd, 4318163.493, 84
Trd, 4318165.343, 131
Trd, 4318165.693, 124
Trd, 4318166.693, 120
Trd, 4318168.643, 92
Trd, 4318169.743, 111
Trd, 4318172.043, 110
Trd, 4318172.493, 122
Trd, 4318172.943, 107
Trd, 4318173.493, 82
Trd, 4318173.793, 90
Trd, 4318174.843, 106
Trd, 4318176.843, 114
Trd, 4318177.393, 110
Trd, 4318178.043, 139
Trd, 4318179.643, 119
Trd, 4318181.543, 139
Trd, 4318182.593, 126
Trd, 4318183.693, 110
Trd, 4318183.743, 93
Trd, 4318185.193, 111
Trd, 4318186.593, 130
Trd, 4318186.743, 97
Trd, 4318187.293, 78
Trd, 4318187.743, 62
Trd, 4318190.393, 107
Trd, 4318190.843, 115
Trd, 4318191.343, 106
Trd, 4318191.693, 90
Trd, 4318192.243, 105
Trd, 4318192.343, 95
Trd, 4318192.643, 131
Trd, 4318192.693, 84
Trd, 4318193.943, 104
Trd, 4318195.043, 136
Trd, 4318195.293, 97
Trd, 4318196.343, 104
Trd, 4318196.793, 135
Trd, 4318197.143, 118
Trd, 4318198.093, 90
Trd, 4318200.093, 133
Trd, 4318200.543, 124
Trd, 4318200.943, 94
Trd, 4318201.193, 71
Trd, 4318201.643, 104
Trd, 4318202.143, 60
Trd, 4318204.043, 118
Trd, 4318204.343, 138
Trd, 4318206.343, 102
Trd, 4318207.193, 111
Trd, 4318207.743, 96
Trd, 4318207.993, 70
Trd, 4318209.993, 75
Trd, 4318210.493, 102
Trd, 4318212.043, 84
Trd, 4318212.143, 72
Trd, 4318212.643, 92
Trd, 4318213.393, 91
Trd, 4318213.593, 87
Trd, 4318214.043, 109
Trd, 4318214.143, 60
Trd, 4318214.993, 101
Trd, 4318216.343, 123
Trd, 4318217.393, 96
Trd, 4318218.543, 64
Trd, 4318218.693, 77
Trd, 4318218.943, 91
Trd, 4318220.993, 89
Trd, 4318221.293, 100
Trd, 4318221.793, 114
Trd, 4318224.143, 108
Trd, 4318224.643, 126
Trd, 4318224.743, 115
Trd, 4318225.093, 125
Trd, 4318225.393, 120
Trd, 4318226.293, 127
Trd, 4318227.293, 111
Trd, 4318228.043, 112
Trd, 4318229.043, 96
Trd, 4318229.543, 112
Trd, 4318230.343, 109
Trd, 4318230.443, 102
Trd, 4318231.593, 126
Trd, 4318232.343, 105
Trd, 4318234.143, 133
Trd, 4318234.943, 105
Trd, 4318235.393, 117
Trd, 4318236.143, 107
Trd, 4318236.793, 91
Trd, 4318238.393, 67
Trd, 4318238.693, 92
Trd, 4318240.143, 84
Trd, 4318241.643, 120
Trd, 4318241.893, 126
Trd, 4318242.343, 126
Trd, 4318242.743, 136
Trd, 4318243.743, 138
Trd, 4318244.243, 129
Trd, 4318245.293, 109
Trd, 4318245.443, 105
Trd, 4318245.743, 93
Trd, 4318246.593, 127
Trd, 4318247.493, 104
Trd, 4318248.293, 113
Trd, 4318249.593, 124
Trd, 4318250.393, 118
Trd, 4318250.943, 107
Trd, 4318251.293, 129
Trd, 4318252.243, 98
Trd, 4318252.593, 100
Trd, 4318254.243, 69
Trd, 4318254.493, 76
Trd, 4318254.543, 106
Trd, 4318254.593, 122
Trd, 4318256.693, 117
Trd, 4318259.043, 115
Trd, 4318259.693, 93
Trd, 4318260.193, 135
Trd, 4318260.443, 113
Trd, 4318261.343, 131
Trd, 4318261.393, 122
Trd, 4318262.843, 114
Trd, 4318263.493, 120
Trd, 4318264.043, 123
Trd, 4318264.743, 108
Trd, 4318265.693, 99
Trd, 4318266.143, 80
Trd, 4318266.693, 94
Trd, 4318267.643, 74
Trd, 4318268.043, 117
Trd, 4318268.393, 115
Trd, 4318270.243, 128
Trd, 4318270.543, 110
Trd, 4318271.743, 84
Trd, 4318273.393, 126
Trd, 4318274.943, 113
Trd, 4318275.043, 108
Trd, 4318276.193, 107
Trd, 4318277.393, 96
Trd, 4318277.993, 116
Trd, 4318279.543, 83
Trd, 4318279.893, 71
Trd, 4318282.343, 116
Trd, 4318283.193, 131
Trd, 4318283.643, 101
Trd, 4318285.993, 119
Trd, 4318286.643, 136
Trd, 4318286.793, 128
Trd, 4318286.843, 112
Trd, 4318287.343, 130
Trd, 4318288.593, 112
Trd, 4318289.043, 78
Trd, 4318290.543, 106
Trd, 4318293.793, 111
Trd, 4318293.943, 110
Trd, 4318295.043, 127
Trd, 4318295.243, 124
Trd, 4318296.643, 124
Trd, 4318296.793, 122
Trd, 4318297.343, 112
Trd, 4318297.843, 101
Trd, 4318298.343, 65
Trd, 4318299.493, 84
Trd, 4318300.343, 95
Trd, 4318300.643, 89
Trd, 4318301.243, 131
Trd, 4318301.443, 82
Trd, 4318303.293, 107
Trd, 4318304.793, 129
Trd, 4318305.343, 126
Trd, 4318306.043, 77
Trd, 4318306.743, 132
Trd, 4318308.193, 128
Trd, 4318308.793, 115
Trd, 4318309.793, 132
Trd, 4318310.593, 121
Trd, 4318311.343, 118
Trd, 4318313.143, 96
Trd, 4318313.243, 96
Trd, 4318314.693, 102
Trd, 4318315.443, 137
Trd, 4318315.743, 125
Trd, 4318316.143, 124
Trd, 4318317.443, 98
Trd, 4318319.143, 106
Trd, 4318320.043, 123
Trd, 4318320.243, 115
Trd, 4318320.893, 123
Trd, 4318321.593, 138
Trd, 4318322.843, 129
Trd, 4318323.643, 128
Trd, 4318323.943, 109
Trd, 4318324.993, 114
Trd, 4318325.443, 138
Trd, 4318325.943, 108
Trd, 4318326.693, 72
Trd, 4318328.143, 127
Trd, 4318328.543, 122
Trd, 4318328.843, 110
Trd, 4318329.843, 107
Trd, 4318330.743, 121
Trd, 4318330.793, 107
Trd, 4318330.843, 105
Trd, 4318334.743, 128
Trd, 4318335.443, 121
Trd, 4318337.243, 114
Trd, 4318337.993, 107
Trd, 4318338.043, 128
Trd, 4318339.343, 132
Trd, 4318342.043, 120
Trd, 4318342.293, 119
Trd, 4318342.643, 106
Trd, 4318343.193, 87
Trd, 4318343.493, 98
Trd, 4318344.193, 72
Trd, 4318344.993, 133
Trd, 4318346.443, 89
Trd, 4318347.343, 85
Trd, 4318347.593, 80
Trd, 4318347.743, 65
Trd, 4318347.943, 94
Trd, 4318348.543, 132
Trd, 4318350.293, 69
Trd, 4318351.143, 77
Trd, 4318352.393, 104
Trd, 4318352.893, 94
Trd, 4318353.143, 77
Trd, 4318353.243, 95
Trd, 4318354.193, 77
Trd, 4318355.193, 74
Trd, 4318355.993, 125
Trd, 4318356.193, 117
Trd, 4318357.593, 129
Trd, 4318358.243, 114
Trd, 4318358.443, 107
Trd, 4318358.493, 100
Trd, 4318360.143, 101
Trd, 4318360.543, 131
Trd, 4318362.693, 138
Trd, 4318363.993, 134
Trd, 4318365.093, 136
Trd, 4318365.793, 127
Trd, 4318366.193, 113
Trd, 4318366.393, 130
Trd, 4318366.493, 108
Trd, 4318366.943, 92
Trd, 4318367.443, 77
Trd, 4318369.143, 137
Trd, 4318369.443, 115
Trd, 4318372.443, 129
Trd, 4318372.493, 110
Trd, 4318372.843, 85
Trd, 4318373.943, 128
Trd, 4318374.243, 74
Trd, 4318374.593, 139
Trd, 4318375.793, 62
Trd, 4318375.843, 70
Trd, 4318376.243, 100
Trd, 4318378.393, 94
Trd, 4318379.093, 97
Trd, 4318379.193, 103
Trd, 4318379.743, 106
Trd, 4318381.543, 85
Trd, 4318382.393, 62
Trd, 4318383.493, 136
Trd, 4318384.043, 120
Trd, 4318385.343, 93
Trd, 4318386.793, 137
Trd, 4318387.693, 112
Trd, 4318388.843, 101
Trd, 4318388.993, 90
Trd, 4318389.093, 84
Trd, 4318390.243, 105
Trd, 4318390.393, 105
Trd, 4318391.293, 125
Trd, 4318391.843, 125
Trd, 4318392.643, 106
Trd, 4318393.293, 92
Trd, 4318393.843, 103
Trd, 4318395.893, 97
Trd, 4318396.193, 137
Trd, 4318396.293, 94
Trd, 4318397.243, 95
Trd, 4318398.693, 140
Trd, 4318400.243, 130
Trd, 4318401.343, 123
Trd, 4318401.693, 138
Trd, 4318401.843, 116
Trd, 4318402.043, 132
Trd, 4318403.543, 128
Trd, 4318404.393, 128
Trd, 4318404.493, 127
Trd, 4318406.693, 110
Trd, 4318407.843, 106
Trd, 4318409.293, 103
Trd, 4318409.743, 121
Trd, 4318410.193, 126
Trd, 4318410.593, 109
Trd, 4318413.443, 103
Trd, 4318413.893, 125
Trd, 4318414.293, 124
Trd, 4318415.293, 112
Trd, 4318415.743, 114
Trd, 4318416.843, 135
Trd, 4318417.743, 105
Trd, 4318418.643, 117
Trd, 4318419.743, 128
Trd, 4318419.943, 100
Trd, 4318419.993, 96
Trd, 4318420.643, 87
Trd, 4318421.993, 120
Trd, 4318422.693, 111
Trd, 4318422.993, 109
Trd, 4318423.693, 119
Trd, 4318423.893, 98
Trd, 4318426.843, 91
Trd, 4318427.093, 97
Trd, 4318428.993, 121
Trd, 4318430.743, 119
Trd, 4318431.143, 139
Trd, 4318431.243, 116
Trd, 4318431.793, 110
Trd, 4318432.993, 124
Trd, 4318434.343, 139
Trd, 4318434.543, 111
Trd, 4318434.793, 98
Trd, 4318436.093, 93
Trd, 4318439.443, 111
Trd, 4318439.693, 101
Trd, 4318440.243, 99
Trd, 4318440.593, 123
Trd, 4318441.443, 76
Trd, 4318442.393, 139
Trd, 4318443.243, 72
Trd, 4318444.093, 71
Trd, 4318445.193, 62
Trd, 4318445.293, 75
Trd, 4318445.993, 108
Trd, 4318446.793, 136
Trd, 4318447.743, 115
Trd, 4318448.843, 112
Trd, 4318449.593, 107
Trd, 4318450.393, 104
Trd, 4318450.543, 100
Trd, 4318451.993, 81
Trd, 4318452.893, 124
Trd, 4318453.843, 110
Trd, 4318454.243, 93
Trd, 4318454.643, 87
Trd, 4318455.343, 134
Trd, 4318459.243, 134
Trd, 4318459.293, 130
Trd, 4318459.993, 90
Trd, 4318460.543, 123
Trd, 4318461.043, 122
Trd, 4318461.493, 109
Trd, 4318461.593, 114
Trd, 4318462.943, 100
Trd, 4318463.443, 82
Trd, 4318464.893, 126
Trd, 4318465.493, 123
Trd, 4318465.543, 115
Trd, 4318465.793, 110
Trd, 4318466.743, 91
Trd, 4318467.093, 110
Trd, 4318467.493, 111
Trd, 4318468.293, 131
Trd, 4318469.493, 122
Trd, 4318471.343, 96
Trd, 4318471.493, 97
Trd, 4318471.893, 83
Trd, 4318473.343, 122
Trd, 4318473.593, 119
Trd, 4318474.943, 118
Trd, 4318475.143, 111
Trd, 4318476.193, 108
Trd, 4318476.843, 110
Trd, 4318477.043, 122
Trd, 4318477.843, 127
Trd, 4318477.893, 78
Trd, 4318479.093, 101
Trd, 4318480.543, 71
Trd, 4318481.243, 91
Trd, 4318481.743, 107
Trd, 4318482.193, 109
Trd, 4318482.393, 115
Trd, 4318483.243, 106
Trd, 4318484.393, 68
Trd, 4318485.893, 103
Trd, 4318486.543, 104
Trd, 4318487.393, 104
Trd, 4318488.243, 95
Trd, 4318489.543, 92
Trd, 4318489.843, 134
Trd, 4318492.393, 126
Trd, 4318492.693, 87
Trd, 4318493.943, 126
Trd, 4318495.993, 130
Trd, 4318496.193, 127
Trd, 4318497.143, 78
Trd, 4318498.443, 113
Trd, 4318499.143, 75
Trd, 4318499.993, 83
Trd, 4318500.543, 92
Trd, 4318501.293, 135
Trd, 4318501.693, 116
Trd, 4318502.543, 102
Trd, 4318502.693, 96
Trd, 4318504.243, 131
Trd, 4318504.293, 130
Trd, 4318505.093, 138
Trd, 4318505.893, 139
Trd, 4318507.193, 112
Trd, 4318507.643, 136
Trd, 4318507.693, 120
Trd, 4318508.793, 90
Trd, 4318509.743, 91
Trd, 4318509.993, 60
Trd, 4318511.443, 89
Trd, 4318513.143, 81
Trd, 4318513.443, 65
Trd, 4318514.793, 81
Trd, 4318515.143, 90
Trd, 4318515.443, 104
Trd, 4318515.793, 139
Trd, 4318515.943, 99
Trd, 4318516.693, 67
Trd, 4318519.143, 109
Trd, 4318519.893, 70
Trd, 4318521.443, 138
Trd, 4318521.793, 87
Trd, 4318523.543, 115
Trd, 4318524.093, 122
Trd, 4318525.543, 136
Trd, 4318525.743, 128
Trd, 4318526.493, 109
Trd, 4318526.793, 104
Trd, 4318526.943, 135
Trd, 4318528.493, 117
Trd, 4318528.593, 80
Trd, 4318529.343, 81
Trd, 4318529.993, 75
Trd, 4318532.293, 119
Trd, 4318532.443, 109
Trd, 4318532.993, 80
Trd, 4318534.143, 89
Trd, 4318534.243, 78
Trd, 4318535.243, 131
Trd, 4318536.743, 134
Trd, 4318537.193, 115
Trd, 4318539.243, 132
Trd, 4318539.693, 122
Trd, 4318540.143, 127
Trd, 4318541.143, 78
Trd, 4318543.293, 136
Trd, 4318544.843, 117
Trd, 4318544.943, 87
Trd, 4318544.993, 86
Trd, 4318545.493, 129
Trd, 4318546.793, 116
Trd, 4318547.143, 89
Trd, 4318548.843, 121
Trd, 4318549.143, 93
Trd, 4318550.593, 77
Trd, 4318551.693, 137
Trd, 4318552.143, 127
Trd, 4318554.493, 115
Trd, 4318555.543, 104
Trd, 4318555.893, 100
Trd, 4318556.643, 71
Trd, 4318557.643, 99
Trd, 4318558.293, 113
Trd, 4318558.693, 96
Trd, 4318560.793, 126
Trd, 4318561.543, 108
Trd, 4318563.093, 90
Trd, 4318563.493, 92
Trd, 4318564.893, 137
Trd, 4318565.043, 133
Trd, 4318565.343, 109
Trd, 4318565.693, 121
Trd, 4318566.093, 123
Trd, 4318566.743, 102
Trd, 4318568.543, 123
Trd, 4318568.593, 106
Trd, 4318570.293, 135
Trd, 4318571.393, 123
Trd, 4318571.893, 77
Trd, 4318573.193, 135
Trd, 4318574.693, 128
Trd, 4318575.093, 122
Trd, 4318575.643, 105
Trd, 4318577.693, 140
Trd, 4318580.093, 129
Trd, 4318580.843, 93
Trd, 4318582.093, 124
Trd, 4318583.793, 105
Trd, 4318583.843, 108
Trd, 4318585.343, 92
Trd, 4318586.443, 119
Trd, 4318586.893, 104
Trd, 4318587.193, 131
Trd, 4318587.493, 98
Trd, 4318587.693, 107
Trd, 4318588.843, 131
Trd, 4318589.743, 139
Trd, 4318590.293, 109
Trd, 4318590.393, 108
Trd, 4318591.893, 125
Trd, 4318593.093, 123
Trd, 4318593.543, 136
Trd, 4318594.993, 124
Trd, 4318595.443, 119
Trd, 4318596.343, 83
Trd, 4318596.893, 98
Trd, 4318598.193, 94
Trd, 4318599.443, 139
Trd, 4318599.543, 129
Trd, 4318600.393, 98
Trd, 4318601.293, 131
Trd, 4318601.993, 108
Trd, 4318602.243, 110
Trd, 4318602.393, 108
Trd, 4318603.743, 94
Trd, 4318604.743, 138
Trd, 4318604.843, 88
Trd, 4318604.943, 79
Trd, 4318605.693, 126
Trd, 4318608.043, 93
Trd, 4318608.543, 93
Trd, 4318608.893, 121
Trd, 4318609.793, 123
Trd, 4318611.943, 125
Trd, 4318612.843, 89
Trd, 4318613.093, 66
Trd, 4318613.493, 68
Trd, 4318613.843, 81
Trd, 4318615.743, 125
Trd, 4318616.643, 126
Trd, 4318617.693, 82
Trd, 4318618.293, 135
Trd, 4318619.493, 114
Trd, 4318619.643, 103
Trd, 4318620.893, 132
Trd, 4318621.593, 127
Trd, 4318623.043, 109
Trd, 4318623.293, 133
Trd, 4318623.993, 122
Trd, 4318624.643, 100
Trd, 4318624.743, 102
Trd, 4318625.143, 109
Trd, 4318627.893, 136
Trd, 4318628.843, 118
Trd, 4318629.093, 116
Trd, 4318630.343, 89
Trd, 4318630.893, 96
Trd, 4318632.093, 79
Trd, 4318632.793, 117
Trd, 4318635.043, 96
Trd, 4318637.043, 115
Trd, 4318637.393, 111
Trd, 4318638.543, 83
Trd, 4318639.093, 96
Trd, 4318640.043, 124
Trd, 4318640.993, 130
Trd, 4318641.393, 106
Trd, 4318641.793, 93
Trd, 4318643.143, 125
Trd, 4318643.593, 83
Trd, 4318645.543, 136
Trd, 4318647.543, 125
Trd, 4318647.993, 117
Trd, 4318649.343, 105
Trd, 4318649.643, 121
Trd, 4318650.793, 116
Trd, 4318651.443, 105
Trd, 4318652.143, 104
Trd, 4318654.343, 93
Trd, 4318655.043, 115
Trd, 4318655.343, 104
Trd, 4318655.793, 99
Trd, 4318656.193, 124
Trd, 4318656.543, 120
Trd, 4318657.693, 126
Trd, 4318658.643, 113
Trd, 4318658.693, 109
Trd, 4318659.493, 135
Trd, 4318659.993, 134
Trd, 4318660.543, 115
Trd, 4318661.743, 82
Trd, 4318662.693, 95
Trd, 4318662.993, 68
Trd, 4318664.593, 128
Trd, 4318665.743, 110
Trd, 4318667.343, 129
Trd, 4318669.493, 129
Trd, 4318670.843, 115
Trd, 4318671.143, 106
Trd, 4318671.793, 94
Trd, 4318672.493, 122
Trd, 4318672.893, 140
Trd, 4318674.693, 132
Trd, 4318675.193, 123
Trd, 4318675.443, 90
Trd, 4318677.693, 110
Trd, 4318678.493, 112
Trd, 4318678.743, 99
Trd, 4318679.993, 96
Trd, 4318680.793, 123
Trd, 4318681.393, 117
Trd, 4318683.293, 120
Trd, 4318685.043, 127
Trd, 4318685.593, 125
Trd, 4318686.093, 115
Trd, 4318686.393, 108
Trd, 4318687.293, 101
Trd, 4318688.543, 83
Trd, 4318689.693, 100
Trd, 4318689.743, 113
Trd, 4318692.193, 122
Trd, 4318693.093, 104
Trd, 4318693.393, 101
Trd, 4318694.143, 120
Trd, 4318694.643, 96
Trd, 4318694.843, 102
Trd, 4318696.793, 98
Trd, 4318696.943, 90
Trd, 4318699.193, 129
Trd, 4318701.543, 114
Trd, 4318701.693, 94
Trd, 4318703.543, 112
Trd, 4318704.393, 106
Trd, 4318704.643, 100
Trd, 4318705.743, 92
Trd, 4318706.393, 87
Trd, 4318709.243, 128
Trd, 4318709.593, 127
Trd, 4318710.043, 131
Trd, 4318711.543, 110
Trd, 4318713.143, 123
Trd, 4318713.243, 100
Trd, 4318714.343, 127
Trd, 4318714.493, 127
Trd, 4318714.643, 107
Trd, 4318715.343, 103
Trd, 4318716.643, 127
Trd, 4318716.943, 76
Trd, 4318719.693, 140
Trd, 4318719.943, 130
Trd, 4318720.293, 135
Trd, 4318720.543, 132
Trd, 4318720.743, 93
Trd, 4318721.593, 104
Trd, 4318721.743, 85
Trd, 4318722.143, 115
Trd, 4318723.943, 96
Trd, 4318724.443, 89
Trd, 4318724.493, 88
Trd, 4318724.843, 89
Trd, 4318725.343, 106
Trd, 4318725.693, 137
Trd, 4318726.193, 122
Trd, 4318727.093, 119
Trd, 4318729.443, 103
Trd, 4318730.693, 109
Trd, 4318730.943, 101
Trd, 4318731.343, 76
Trd, 4318731.693, 91
Trd, 4318732.343, 91
Trd, 4318734.693, 110
Trd, 4318735.743, 100
Trd, 4318736.493, 104
Trd, 4318736.693, 128
Trd, 4318736.793, 92
Trd, 4318737.193, 126
Trd, 4318738.543, 93
Trd, 4318739.243, 95
Trd, 4318740.293, 111
Trd, 4318740.493, 94
Trd, 4318740.643, 113
Trd, 4318741.193, 76
Trd, 4318741.643, 69
Trd, 4318741.843, 79
Trd, 4318742.593, 118
Trd, 4318743.893, 105
Trd, 4318746.393, 92
Trd, 4318747.443, 92
Trd, 4318747.743, 97
Trd, 4318749.693, 103
Trd, 4318749.793, 103
Trd, 4318750.793, 138
Trd, 4318750.843, 101
Trd, 4318751.243, 90
Trd, 4318751.343, 72
Trd, 4318752.093, 112
Trd, 4318752.593, 96
Trd, 4318753.143, 102
Trd, 4318754.293, 109
Trd, 4318755.743, 126
Trd, 4318756.893, 118
Trd, 4318757.593, 128
Trd, 4318758.193, 129
Trd, 4318759.643, 111
Trd, 4318760.043, 124
Trd, 4318760.193, 104
Trd, 4318762.043, 121
Trd, 4318762.543, 96
Trd, 4318762.593, 90
Trd, 4318764.843, 113
Trd, 4318765.093, 110
Trd, 4318766.743, 140
Trd, 4318767.443, 120
Trd, 4318767.493, 131
Trd, 4318767.793, 110
Trd, 4318769.443, 107
Trd, 4318769.543, 113
Trd, 4318769.643, 102
Trd, 4318770.343, 106
Trd, 4318771.743, 137
Trd, 4318772.093, 128
Trd, 4318774.993, 105
Trd, 4318777.343, 113
Trd, 4318777.793, 90
Trd, 4318779.193, 103
Trd, 4318779.593, 133
Trd, 4318780.593, 94
Trd, 4318780.843, 96
Trd, 4318780.943, 92
Trd, 4318783.393, 126
Trd, 4318783.843, 102
Trd, 4318784.543, 109
Trd, 4318785.893, 128
Trd, 4318787.693, 133
Trd, 4318789.143, 118
Trd, 4318789.243, 116
Trd, 4318789.493, 106
Trd, 4318790.693, 133
Trd, 4318792.543, 112
Trd, 4318793.193, 113
Trd, 4318793.793, 99
Trd, 4318793.993, 95
Trd, 4318794.693, 90
Trd, 4318795.143, 84
Trd, 4318795.393, 95
Trd, 4318798.093, 116
Trd, 4318798.193, 118
Trd, 4318798.743, 97
Trd, 4318800.293, 103
Trd, 4318801.043, 134
Trd, 4318801.093, 128
Trd, 4318801.243, 123
Trd, 4318802.793, 97
Trd, 4318803.243, 121
Trd, 4318804.543, 106
Trd, 4318804.993, 104
Trd, 4318806.493, 132
Trd, 4318808.593, 123
Trd, 4318809.093, 127
Trd, 4318809.143, 110
Trd, 4318810.043, 112
Trd, 4318811.493, 120
Trd, 4318811.743, 129
Trd, 4318812.143, 110
Trd, 4318812.693, 122
Trd, 4318813.393, 94
Trd, 4318814.893, 96
Trd, 4318815.143, 91
Trd, 4318815.543, 81
Trd, 4318816.743, 106
Trd, 4318817.593, 125
Trd, 4318817.893, 94
Trd, 4318818.093, 107
Trd, 4318818.243, 91
Trd, 4318819.343, 93
Trd, 4318820.893, 120
Trd, 4318821.043, 113
Trd, 4318821.643, 139
Trd, 4318822.793, 93
Trd, 4318823.593, 110
Trd, 4318823.843, 98
Trd, 4318823.943, 93
Trd, 4318826.343, 113
Trd, 4318827.093, 126
Trd, 4318827.393, 112
Trd, 4318829.043, 104
Trd, 4318829.643, 93
Trd, 4318830.693, 113
Trd, 4318831.743, 139
Trd, 4318832.143, 129
Trd, 4318833.143, 117
Trd, 4318834.793, 115
Trd, 4318836.093, 120
Trd, 4318836.593, 120
Trd, 4318837.193, 114
Trd, 4318838.043, 119
Trd, 4318838.893, 117
Trd, 4318838.993, 108
Trd, 4318839.243, 106
Trd, 4318840.643, 131
Trd, 4318840.893, 129
Trd, 4318842.793, 107
Trd, 4318843.543, 131
Trd, 4318844.193, 134
Trd, 4318844.893, 91
Trd, 4318845.893, 67
Trd, 4318847.493, 86
Trd, 4318848.193, 121
Trd, 4318849.243, 127
Trd, 4318850.743, 106
Trd, 4318850.993, 77
Trd, 4318851.043, 118
Trd, 4318854.043, 125
Trd, 4318854.593, 104
Trd, 4318855.043, 94
Trd, 4318856.393, 106
Trd, 4318857.243, 98
Trd, 4318857.643, 99
Trd, 4318858.193, 73
Trd, 4318858.493, 92
Trd, 4318860.393, 123
Trd, 4318860.543, 98
Trd, 4318861.343, 62
Trd, 4318862.593, 121
Trd, 4318863.143, 137
Trd, 4318864.093, 118
Trd, 4318864.593, 93
Trd, 4318864.743, 89
Trd, 4318865.543, 114
Trd, 4318867.593, 124
Trd, 4318868.693, 116
Trd, 4318869.493, 100
Trd, 4318869.993, 96
Trd, 4318870.043, 116
Trd, 4318870.243, 99
Trd, 4318870.643, 84
Trd, 4318872.793, 140
Trd, 4318873.543, 110
Trd, 4318873.693, 90
Trd, 4318874.593, 138
Trd, 4318874.793, 130
Trd, 4318875.743, 100
Trd, 4318876.543, 98
Trd, 4318877.143, 111
Trd, 4318878.293, 119
Trd, 4318878.543, 116
Trd, 4318882.043, 131
Trd, 4318882.943, 103
Trd, 4318883.493, 105
Trd, 4318884.443, 119
Trd, 4318884.543, 101
Trd, 4318885.893, 87
Trd, 4318885.943, 97
Trd, 4318887.243, 93
Trd, 4318889.293, 126
Trd, 4318890.993, 126
Trd, 4318891.293, 118
Trd, 4318892.243, 78
Trd, 4318893.893, 114
Trd, 4318894.643, 103
Trd, 4318895.843, 138
Trd, 4318896.093, 128
Trd, 4318897.143, 139
Trd, 4318897.343, 133
Trd, 4318897.993, 129
Trd, 4318899.093, 134
Trd, 4318899.843, 121
Trd, 4318899.943, 96
Trd, 4318901.843, 105
Trd, 4318902.593, 108
Trd, 4318902.693, 93
Trd, 4318902.993, 125
Trd, 4318903.493, 128
Trd, 4318903.593, 127
Trd, 4318904.293, 89
Trd, 4318905.593, 127
Trd, 4318906.143, 106
Trd, 4318908.093, 110
Trd, 4318908.593, 126
Trd, 4318908.793, 109
Trd, 4318909.393, 109
Trd, 4318910.343, 116
Trd, 4318911.243, 113
Trd, 4318912.743, 126
Trd, 4318913.693, 108
Trd, 4318914.143, 127
Trd, 4318915.693, 96
Trd, 4318915.893, 88
Trd, 4318915.943, 125
Trd, 4318917.043, 91
Trd, 4318917.443, 112
Trd, 4318917.893, 102
Trd, 4318918.343, 96
Trd, 4318919.793, 109
Trd, 4318921.843, 107
Trd, 4318923.693, 122
Trd, 4318924.243, 125
Trd, 4318924.443, 138
Trd, 4318925.743, 130
Trd, 4318927.193, 118
Trd, 4318927.843, 115
Trd, 4318928.093, 127
Trd, 4318928.443, 131
Trd, 4318928.643, 120
Trd, 4318929.193, 113
Trd, 4318929.443, 83
Trd, 4318931.243, 115
Trd, 4318932.443, 137
Trd, 4318933.043, 109
Trd, 4318933.093, 94
Trd, 4318934.843, 103
Trd, 4318935.693, 90
Trd, 4318936.343, 124
Trd, 4318936.793, 88
Trd, 4318937.043, 112
Trd, 4318938.693, 66
Trd, 4318938.993, 93
Trd, 4318942.143, 108
Trd, 4318942.343, 105
Trd, 4318942.393, 82
Trd, 4318944.343, 132
Trd, 4318944.593, 109
Trd, 4318944.743, 77
Trd, 4318946.393, 108
Trd, 4318948.393, 121
Trd, 4318948.743, 117
Trd, 4318949.843, 116
Trd, 4318950.393, 131
Trd, 4318951.093, 113
Trd, 4318952.343, 89
Trd, 4318952.543, 96
Trd, 4318954.243, 84
Trd, 4318955.443, 106
Trd, 4318956.493, 132
Trd, 4318957.443, 129
Trd, 4318957.943, 108
Trd, 4318958.093, 133
Trd, 4318958.643, 121
Trd, 4318960.743, 96
Trd, 4318962.593, 117
Trd, 4318962.843, 110
Trd, 4318963.543, 113
Trd, 4318964.193, 102
Trd, 4318966.893, 109
Trd, 4318967.493, 103
Trd, 4318968.543, 126
Trd, 4318969.443, 79
Trd, 4318969.593, 90
Trd, 4318970.393, 120
Trd, 4318971.743, 114
Trd, 4318975.093, 114
Trd, 4318975.393, 102
Trd, 4318976.243, 131
Trd, 4318976.443, 96
Trd, 4318978.293, 105
Trd, 4318978.643, 87
Trd, 4318979.393, 129
Trd, 4318980.893, 127
Trd, 4318981.243, 99
Trd, 4318982.443, 124
Trd, 4318984.043, 110
Trd, 4318984.293, 76
Trd, 4318985.493, 111
Trd, 4318986.343, 134
Trd, 4318987.393, 126
Trd, 4318987.543, 122
Trd, 4318989.243, 113
Trd, 4318990.293, 124
Trd, 4318991.143, 132
Trd, 4318992.143, 130
Trd, 4318993.493, 102
Trd, 4318993.843, 83
Trd, 4318994.043, 133
Trd, 4318994.093, 129
Trd, 4318994.793, 116
Trd, 4318994.893, 103
Trd, 4318997.143, 122
Trd, 4318998.293, 118
Trd, 4318998.943, 116
Trd, 4318999.693, 125
Trd, 4319000.443, 94
Trd, 4319000.593, 124
Trd, 4319002.143, 113
Trd, 4319002.643, 112
Trd, 4319003.593, 138
Trd, 4319003.693, 129
Trd, 4319004.493, 111
Trd, 4319005.893, 110
Trd, 4319006.543, 98
Trd, 4319009.043, 124
Trd, 4319010.043, 115
Trd, 4319011.093, 104
Trd, 4319011.443, 115
Trd, 4319011.743, 121
Trd, 4319012.393, 127
Trd, 4319014.643, 76
Trd, 4319015.193, 116
Trd, 4319015.993, 94
Trd, 4319017.293, 134
Trd, 4319018.343, 135
Trd, 4319019.243, 112
Trd, 4319020.043, 81
Trd, 4319021.743, 120
Trd, 4319022.493, 108
Trd, 4319022.643, 101
Trd, 4319023.693, 126
Trd, 4319024.643, 115
Trd, 4319024.843, 73
Trd, 4319025.593, 137
Trd, 4319025.893, 128
Trd, 4319026.893, 115
Trd, 4319027.943, 88
Trd, 4319028.243, 109
Trd, 4319030.093, 139
Trd, 4319031.493, 104
Trd, 4319032.143, 82
Trd, 4319032.293, 116
Trd, 4319032.743, 120
Trd, 4319033.443, 117
Trd, 4319034.143, 120
Trd, 4319034.193, 109
Trd, 4319035.543, 112
Trd, 4319035.693, 114
Trd, 4319037.543, 124
Trd, 4319038.593, 115
Trd, 4319038.643, 88
Trd, 4319039.543, 93
Trd, 4319040.593, 108
Trd, 4319040.693, 137
Trd, 4319041.393, 101
Trd, 4319043.243, 124
Trd, 4319043.543, 120
Trd, 4319043.843, 113
Trd, 4319044.393, 109
Trd, 4319045.293, 136
Trd, 4319046.643, 132
Trd, 4319047.243, 120
Trd, 4319048.443, 117
Trd, 4319048.743, 83
Trd, 4319050.293, 70
Trd, 4319051.193, 72
Trd, 4319051.693, 89
Trd, 4319052.593, 71
Trd, 4319053.943, 105
Trd, 4319054.343, 104
Trd, 4319055.693, 116
Trd, 4319057.293, 111
Trd, 4319057.493, 119
Trd, 4319057.893, 118
Trd, 4319058.343, 129
Trd, 4319059.843, 134
Trd, 4319060.743, 125
Trd, 4319061.543, 91
Trd, 4319062.193, 115
Trd, 4319063.093, 72
Trd, 4319063.393, 89
Trd, 4319064.843, 116
Trd, 4319065.643, 115
Trd, 4319068.643, 122
Trd, 4319069.093, 132
Trd, 4319070.093, 140
Trd, 4319070.343, 115
Trd, 4319071.143, 82
Trd, 4319072.443, 78
Trd, 4319072.493, 88
Trd, 4319073.643, 112
Trd, 4319074.793, 103
Trd, 4319076.193, 99
Trd, 4319076.293, 97
Trd, 4319076.793, 115
Trd, 4319076.943, 93
Trd, 4319077.843, 91
Trd, 4319079.293, 106
Trd, 4319079.443, 130
Trd, 4319080.793, 119
Trd, 4319082.893, 125
Trd, 4319083.543, 111
Trd, 4319083.843, 123
Trd, 4319085.093, 130
Trd, 4319085.243, 124
Trd, 4319086.643, 77
Trd, 4319087.043, 69
Trd, 4319087.743, 137
Trd, 4319087.943, 108
Trd, 4319088.793, 111
Trd, 4319088.943, 84
Trd, 4319090.143, 124
Trd, 4319092.543, 127
Trd, 4319094.843, 124
Trd, 4319095.543, 118
Trd, 4319096.043, 115
Trd, 4319096.443, 110
Trd, 4319098.193, 131
Trd, 4319098.543, 122
Trd, 4319099.543, 111
Trd, 4319099.793, 112
Trd, 4319100.243, 96
Trd, 4319100.893, 85
Trd, 4319101.343, 74
Trd, 4319101.443, 99
Trd, 4319101.943, 108
Trd, 4319104.393, 78
Trd, 4319105.793, 136
Trd, 4319107.243, 102
Trd, 4319107.593, 132
Trd, 4319108.593, 118
Trd, 4319110.093, 104
Trd, 4319110.693, 91
Trd, 4319111.893, 91
Trd, 4319112.843, 103
Trd, 4319113.143, 129
Trd, 4319114.343, 139
Trd, 4319114.893, 123
Trd, 4319116.143, 133
Trd, 4319116.593, 125
Trd, 4319117.393, 90
Trd, 4319117.993, 90
Trd, 4319118.443, 94
Trd, 4319119.293, 127
Trd, 4319120.043, 112
Trd, 4319121.843, 108
Trd, 4319122.243, 104
Trd, 4319125.193, 122
Trd, 4319125.793, 116
Trd, 4319126.243, 116
Trd, 4319127.943, 127
Trd, 4319128.543, 116
Trd, 4319128.893, 116
Trd, 4319131.143, 114
Trd, 4319131.193, 107
Trd, 4319131.393, 90
Trd, 4319131.443, 87
Trd, 4319132.493, 109
Trd, 4319132.743, 120
Trd, 4319134.343, 113
Trd, 4319135.193, 119
Trd, 4319135.543, 99
Trd, 4319135.693, 98
Trd, 4319136.343, 94
Trd, 4319137.093, 120
Trd, 4319138.993, 119
Trd, 4319140.393, 110
Trd, 4319140.943, 128
Trd, 4319141.143, 113
Trd, 4319141.543, 105
Trd, 4319143.243, 125
Trd, 4319144.193, 109
Trd, 4319144.693, 138
Trd, 4319146.593, 92
Trd, 4319147.143, 78
Trd, 4319147.793, 75
Trd, 4319148.893, 73
Trd, 4319150.193, 106
Trd, 4319150.293, 103
Trd, 4319151.343, 68
Trd, 4319152.043, 107
Trd, 4319152.993, 75
Trd, 4319154.043, 122
Trd, 4319155.443, 107
Trd, 4319155.793, 96
Trd, 4319155.943, 108
Trd, 4319158.293, 138
Trd, 4319159.193, 125
Trd, 4319159.393, 114
Trd, 4319159.493, 93
Trd, 4319159.643, 140
Trd, 4319161.593, 91
Trd, 4319163.093, 110
Trd, 4319163.443, 107
Trd, 4319163.643, 114
Trd, 4319164.243, 125
Trd, 4319164.443, 96
Trd, 4319165.443, 104
Trd, 4319166.643, 84
Trd, 4319167.593, 134
Trd, 4319168.193, 137
Trd, 4319170.293, 97
Trd, 4319171.243, 138
Trd, 4319171.743, 93
Trd, 4319172.843, 97
Trd, 4319174.243, 110
Trd, 4319176.293, 137
Trd, 4319177.043, 113
Trd, 4319177.393, 107
Trd, 4319177.643, 93
Trd, 4319180.993, 139
Trd, 4319182.043, 99
Trd, 4319184.243, 127
Trd, 4319184.343, 118
Trd, 4319184.793, 127
Trd, 4319185.093, 112
Trd, 4319186.193, 73
Trd, 4319186.943, 68
Trd, 4319187.343, 98
Trd, 4319190.043, 134
Trd, 4319190.943, 115
Trd, 4319191.393, 125
Trd, 4319191.843, 101
Trd, 4319193.293, 94
Trd, 4319194.143, 136
Trd, 4319194.493, 96
Trd, 4319197.993, 115
Trd, 4319198.093, 102
Trd, 4319199.193, 134
Trd, 4319200.143, 116
Trd, 4319201.343, 135
Trd, 4319203.943, 118
Trd, 4319204.743, 135
Trd, 4319204.893, 119
Trd, 4319205.493, 106
Trd, 4319205.543, 122
Trd, 4319206.093, 136
Trd, 4319206.293, 103
Trd, 4319207.943, 96
Trd, 4319210.793, 104
Trd, 4319210.993, 138
Trd, 4319211.543, 126
Trd, 4319213.093, 137
Trd, 4319213.243, 129
Trd, 4319213.543, 122
Trd, 4319213.743, 111
Trd, 4319214.393, 92
Trd, 4319215.293, 103
Trd, 4319216.993, 107
Trd, 4319217.443, 96
Trd, 4319218.843, 126
Trd, 4319219.643, 130
Trd, 4319220.493, 120
Trd, 4319220.943, 109
Trd, 4319222.043, 127
Trd, 4319222.193, 137
Trd, 4319222.643, 117
Trd, 4319223.093, 117
Trd, 4319223.743, 65
Trd, 4319224.093, 84
Trd, 4319224.993, 94
Trd, 4319225.293, 84
Trd, 4319225.493, 80
Trd, 4319227.093, 95
Trd, 4319228.343, 85
Trd, 4319228.393, 73
Trd, 4319229.393, 85
Trd, 4319232.243, 123
Trd, 4319232.493, 116
Trd, 4319232.843, 118
Trd, 4319233.343, 123
Trd, 4319236.093, 112
Trd, 4319237.493, 128
Trd, 4319238.693, 128
Trd, 4319239.293, 135
Trd, 4319239.543, 124
Trd, 4319239.893, 101
Trd, 4319240.393, 95
Trd, 4319242.293, 130
Trd, 4319242.443, 117
Trd, 4319243.343, 93
Trd, 4319245.543, 98
Trd, 4319246.743, 98
Trd, 4319247.643, 105
Trd, 4319249.893, 111
Trd, 4319249.943, 126
Trd, 4319250.893, 125
Trd, 4319251.693, 124
Trd, 4319252.043, 105
Trd, 4319252.143, 79
Trd, 4319252.393, 129
Trd, 4319254.093, 82
Trd, 4319255.143, 79
Trd, 4319255.343, 90
Trd, 4319255.843, 114
Trd, 4319256.543, 113
Trd, 4319257.393, 119
Trd, 4319258.243, 128
Trd, 4319258.743, 107
Trd, 4319260.343, 96
Trd, 4319261.643, 128
Trd, 4319261.893, 90
Trd, 4319262.143, 83
Trd, 4319262.893, 75
Trd, 4319264.693, 132
Trd, 4319264.793, 126
Trd, 4319264.843, 110
Trd, 4319265.843, 91
Trd, 4319268.393, 135
Trd, 4319269.043, 122
Trd, 4319269.343, 79
Trd, 4319270.243, 68
Trd, 4319270.493, 84
Trd, 4319272.393, 115
Trd, 4319272.793, 122
Trd, 4319273.743, 116
Trd, 4319274.043, 109
Trd, 4319274.643, 115
Trd, 4319276.243, 75
Trd, 4319277.193, 83
Trd, 4319277.593, 119
Trd, 4319278.443, 131
Trd, 4319278.793, 87
Trd, 4319279.343, 80
Trd, 4319279.993, 76
Trd, 4319281.443, 109
Trd, 4319282.393, 90
Trd, 4319282.693, 80
Trd, 4319285.093, 87
Trd, 4319285.293, 73
Trd, 4319286.593, 120
Trd, 4319286.693, 99
Trd, 4319287.193, 92
Trd, 4319289.093, 114
Trd, 4319290.093, 127
Trd, 4319290.343, 118
Trd, 4319290.643, 136
Trd, 4319291.693, 139
Trd, 4319292.393, 129
Trd, 4319292.843, 106
Trd, 4319294.093, 90
Trd, 4319294.693, 124
Trd, 4319294.893, 115
Trd, 4319296.743, 101
Trd, 4319297.943, 122
Trd, 4319298.743, 131
Trd, 4319299.943, 123
Trd, 4319300.343, 110
Trd, 4319301.193, 111
Trd, 4319301.243, 88
Trd, 4319301.993, 78
Trd, 4319302.993, 137
Trd, 4319303.793, 135
Trd, 4319305.543, 112
Trd, 4319307.243, 134
Trd, 4319307.893, 133
Trd, 4319309.893, 131
Trd, 4319310.343, 99
Trd, 4319310.693, 132
Trd, 4319311.093, 99
Trd, 4319311.393, 89
Trd, 4319313.093, 114
Trd, 4319313.343, 80
Trd, 4319314.343, 101
Trd, 4319315.893, 69
Trd, 4319315.993, 66
Trd, 4319316.993, 109
Trd, 4319317.193, 111
Trd, 4319317.443, 109
Trd, 4319317.693, 93
Trd, 4319319.293, 76
Trd, 4319320.143, 94
Trd, 4319325.943, 120
Trd, 4319326.143, 96
Trd, 4319326.793, 139
Trd, 4319327.243, 134
Trd, 4319327.743, 116
Trd, 4319327.793, 66
Trd, 4319328.643, 135
Trd, 4319328.843, 108
Trd, 4319329.893, 126
Trd, 4319331.043, 122
Trd, 4319331.293, 118
Trd, 4319332.993, 105
Trd, 4319333.993, 132
Trd, 4319334.043, 91
Trd, 4319334.593, 80
Trd, 4319336.343, 126
Trd, 4319336.693, 122
Trd, 4319336.743, 102
Trd, 4319337.243, 125
Trd, 4319337.943, 88
Trd, 4319338.043, 88
Trd, 4319339.393, 64
Trd, 4319340.043, 66
Trd, 4319340.493, 95
Trd, 4319341.243, 124
Trd, 4319341.993, 107
Trd, 4319343.793, 80
Trd, 4319343.993, 78
Trd, 4319344.143, 99
Trd, 4319344.543, 104
Trd, 4319345.743, 127
Trd, 4319345.793, 107
Trd, 4319346.093, 75
Trd, 4319346.593, 125
Trd, 4319347.643, 122
Trd, 4319348.093, 120
Trd, 4319348.393, 114
Trd, 4319349.643, 96
Trd, 4319350.943, 107
Trd, 4319350.993, 106
Trd, 4319351.493, 86
Trd, 4319352.393, 98
Trd, 4319353.443, 97
Trd, 4319354.143, 106
Trd, 4319354.293, 79
Trd, 4319354.893, 77
Trd, 4319356.293, 79
Trd, 4319356.943, 93
Trd, 4319358.743, 85
Trd, 4319359.893, 140
Trd, 4319360.893, 135
Trd, 4319360.993, 120
Trd, 4319362.393, 128
Trd, 4319362.693, 136
Trd, 4319363.343, 114
Trd, 4319364.993, 99
Trd, 4319366.493, 107
Trd, 4319367.343, 95
Trd, 4319367.893, 105
Trd, 4319368.093, 123
Trd, 4319368.243, 128
Trd, 4319368.343, 78
Trd, 4319368.943, 73
Trd, 4319369.393, 76
Trd, 4319370.793, 109
Trd, 4319371.293, 102
Trd, 4319371.343, 95
Trd, 4319371.943, 103
Trd, 4319372.143, 131
Trd, 4319372.293, 106
Trd, 4319374.243, 113
Trd, 4319374.443, 86
Trd, 4319378.543, 113
Trd, 4319378.893, 104
Trd, 4319379.193, 99
Trd, 4319379.593, 133
Trd, 4319379.893, 91
Trd, 4319380.093, 127
Trd, 4319380.543, 135
Trd, 4319380.893, 82
Trd, 4319382.843, 116
Trd, 4319382.893, 112
Trd, 4319383.143, 103
Trd, 4319384.693, 101
Trd, 4319385.993, 109
Trd, 4319387.043, 133
Trd, 4319388.443, 132
Trd, 4319388.643, 117
Trd, 4319389.543, 106
Trd, 4319390.443, 99
Trd, 4319391.793, 105
Trd, 4319391.843, 80
Trd, 4319392.393, 77
Trd, 4319393.443, 122
Trd, 4319393.493, 103
Trd, 4319395.543, 113
Trd, 4319396.593, 115
Trd, 4319397.093, 108
Trd, 4319397.143, 106
Trd, 4319397.743, 105
Trd, 4319399.543, 109
Trd, 4319399.893, 128
Trd, 4319401.193, 61
Trd, 4319403.343, 77
Trd, 4319403.843, 129
Trd, 4319404.243, 111
Trd, 4319404.693, 99
Trd, 4319406.393, 76
Trd, 4319406.793, 61
Trd, 4319408.643, 65
Trd, 4319408.993, 103
Trd, 4319409.393, 90
Trd, 4319409.693, 87
Trd, 4319410.043, 121
Trd, 4319410.543, 116
Trd, 4319411.743, 116
Trd, 4319412.243, 115
Trd, 4319412.793, 108
Trd, 4319415.043, 95
Trd, 4319415.893, 105
Trd, 4319416.643, 108
Trd, 4319417.293, 120
Trd, 4319418.343, 116
Trd, 4319419.543, 115
Trd, 4319420.193, 129
Trd, 4319421.143, 113
Trd, 4319421.543, 98
Trd, 4319422.443, 92
Trd, 4319423.193, 91
Trd, 4319423.443, 89
Trd, 4319423.843, 119
Trd, 4319424.693, 92
Trd, 4319424.843, 83
Trd, 4319426.143, 90
Trd, 4319426.243, 97
Trd, 4319426.943, 101
Trd, 4319427.743, 104
Trd, 4319428.043, 83
Trd, 4319431.793, 124
Trd, 4319432.093, 117
Trd, 4319432.793, 109
Trd, 4319432.893, 104
Trd, 4319433.343, 131
Trd, 4319433.443, 101
Trd, 4319433.693, 119
Trd, 4319435.243, 90
Trd, 4319437.243, 137
Trd, 4319437.593, 108
Trd, 4319438.493, 124
Trd, 4319440.193, 102
Trd, 4319440.643, 134
Trd, 4319441.643, 136
Trd, 4319442.043, 125
Trd, 4319442.193, 123
Trd, 4319442.643, 102
Trd, 4319443.793, 134
Trd, 4319444.893, 134
Trd, 4319444.943, 125
Trd, 4319446.343, 101
Trd, 4319449.243, 140
Trd, 4319449.643, 123
Trd, 4319450.043, 111
Trd, 4319450.343, 107
Trd, 4319451.293, 110
Trd, 4319451.543, 105
Trd, 4319451.893, 110
Trd, 4319453.643, 140
Trd, 4319454.443, 131
Trd, 4319454.793, 117
Trd, 4319455.693, 122
Trd, 4319456.543, 121
Trd, 4319456.943, 108
Trd, 4319457.393, 83
Trd, 4319457.893, 125
Trd, 4319458.793, 114
Trd, 4319459.693, 90
Trd, 4319460.093, 89
Trd, 4319460.293, 80
Trd, 4319461.343, 61
Trd, 4319462.543, 89
Trd, 4319463.093, 79
Trd, 4319464.243, 109
Trd, 4319464.643, 130
Trd, 4319465.043, 113
Trd, 4319465.143, 101
Trd, 4319465.543, 99
Trd, 4319466.543, 92
Trd, 4319467.393, 101
Trd, 4319468.443, 105
Trd, 4319469.543, 95
Trd, 4319469.993, 116
Trd, 4319470.543, 117
Trd, 4319471.493, 94
Trd, 4319473.193, 104
Trd, 4319473.443, 85
Trd, 4319474.193, 113
Trd, 4319474.793, 132
Trd, 4319475.693, 80
Trd, 4319475.993, 73
Trd, 4319477.843, 133
Trd, 4319478.143, 116
Trd, 4319478.793, 102
Trd, 4319478.993, 129
Trd, 4319480.293, 139
Trd, 4319482.143, 111
Trd, 4319482.193, 109
Trd, 4319484.593, 99
Trd, 4319484.993, 110
Trd, 4319485.843, 99
Trd, 4319486.993, 126
Trd, 4319487.443, 84
Trd, 4319487.643, 79
Trd, 4319488.743, 117
Trd, 4319489.643, 110
Trd, 4319492.343, 126
Trd, 4319494.743, 105
Trd, 4319495.193, 111
Trd, 4319495.643, 133
Trd, 4319496.393, 134
Trd, 4319497.593, 113
Trd, 4319499.493, 127
Trd, 4319500.593, 113
Trd, 4319500.743, 112
Trd, 4319501.193, 101
Trd, 4319502.443, 107
Trd, 4319503.343, 104
Trd, 4319503.743, 108
Trd, 4319503.943, 130
Trd, 4319507.093, 120
Trd, 4319507.493, 77
Trd, 4319508.193, 113
Trd, 4319510.193, 101
Trd, 4319510.343, 100
Trd, 4319510.893, 134
Trd, 4319511.993, 113
Trd, 4319513.743, 111
Trd, 4319515.343, 125
Trd, 4319515.593, 115
Trd, 4319515.693, 106
Trd, 4319516.143, 88
Trd, 4319516.643, 100
Trd, 4319518.743, 77
Trd, 4319518.943, 89
Trd, 4319519.443, 110
Trd, 4319521.043, 118
Trd, 4319521.093, 108
Trd, 4319524.043, 115
Trd, 4319524.893, 99
Trd, 4319525.593, 116
Trd, 4319525.743, 111
Trd, 4319527.443, 113
Trd, 4319528.393, 109
Trd, 4319528.593, 115
Trd, 4319530.493, 118
Trd, 4319530.943, 135
Trd, 4319532.093, 110
Trd, 4319533.543, 118
Trd, 4319534.843, 91
Trd, 4319535.693, 121
Trd, 4319536.243, 135
Trd, 4319537.893, 122
Trd, 4319538.093, 109
Trd, 4319539.843, 128
Trd, 4319539.943, 123
Trd, 4319539.993, 106
Trd, 4319541.293, 131
Trd, 4319541.443, 127
Trd, 4319542.243, 128
Trd, 4319542.643, 108
Trd, 4319544.143, 107
Trd, 4319545.243, 94
Trd, 4319545.593, 96
Trd, 4319546.343, 112
Trd, 4319547.943, 128
Trd, 4319549.993, 104
Trd, 4319550.143, 122
Trd, 4319550.543, 122
Trd, 4319551.843, 138
Trd, 4319552.193, 119
Trd, 4319553.443, 116
Trd, 4319553.743, 118
Trd, 4319554.193, 105
Trd, 4319555.543, 136
Trd, 4319556.593, 124
Trd, 4319557.543, 110
Trd, 4319557.743, 115
Trd, 4319557.843, 135
Trd, 4319558.343, 84
Trd, 4319560.393, 103
Trd, 4319561.143, 112
Trd, 4319561.293, 92
Trd, 4319561.793, 91
Trd, 4319562.893, 106
Trd, 4319563.043, 128
Trd, 4319563.443, 97
Trd, 4319564.093, 134
Trd, 4319565.543, 85
Trd, 4319566.643, 80
Trd, 4319566.893, 109
Trd, 4319567.793, 133
Trd, 4319567.893, 117
Trd, 4319568.343, 122
Trd, 4319568.993, 119
Trd, 4319569.393, 99
Trd, 4319569.493, 94
Trd, 4319570.343, 124
Trd, 4319570.743, 103
Trd, 4319571.743, 116
Trd, 4319573.743, 114
Trd, 4319576.843, 114
Trd, 4319577.043, 117
Trd, 4319578.243, 132
Trd, 4319579.193, 110
Trd, 4319579.743, 122
Trd, 4319581.843, 125
Trd, 4319582.543, 112
Trd, 4319582.793, 108
Trd, 4319582.943, 103
Trd, 4319583.743, 94
Trd, 4319584.243, 107
Trd, 4319584.893, 104
Trd, 4319587.893, 116
Trd, 4319588.243, 131
Trd, 4319588.343, 109
Trd, 4319588.693, 107
Trd, 4319588.793, 88
Trd, 4319589.743, 103
Trd, 4319591.193, 78
Trd, 4319591.443, 90
Trd, 4319592.143, 92
Trd, 4319592.793, 108
Trd, 4319593.893, 105
Trd, 4319594.343, 93
Trd, 4319594.793, 86
Trd, 4319595.393, 105
Trd, 4319596.043, 133
Trd, 4319596.243, 136
Trd, 4319598.643, 129
Trd, 4319598.693, 119
Trd, 4319600.043, 123
Trd, 4319601.143, 128
Trd, 4319601.593, 105
Trd, 4319601.693, 83
Trd, 4319602.593, 96
Trd, 4319605.143, 83
Trd, 4319605.593, 99
Trd, 4319606.343, 107
Trd, 4319606.593, 82
Trd, 4319606.693, 81
Trd, 4319607.643, 85
Trd, 4319607.893, 76
Trd, 4319608.393, 107
Trd, 4319609.693, 105
Trd, 4319609.893, 99
Trd, 4319612.243, 87
Trd, 4319615.593, 114
Trd, 4319616.043, 106
Trd, 4319616.093, 105
Trd, 4319616.843, 108
Trd, 4319617.193, 120
Trd, 4319617.643, 125
Trd, 4319618.193, 88
Trd, 4319619.343, 128
Trd, 4319619.443, 99
Trd, 4319619.793, 140
Trd, 4319620.693, 130
Trd, 4319622.043, 127
Trd, 4319622.143, 137
Trd, 4319623.393, 103
Trd, 4319624.443, 111
Trd, 4319624.493, 109
Trd, 4319625.393, 134
Trd, 4319627.143, 140
Trd, 4319627.793, 133
Trd, 4319630.043, 131
Trd, 4319630.493, 122
Trd, 4319630.593, 117
Trd, 4319631.243, 114
Trd, 4319631.443, 97
Trd, 4319631.993, 134
Trd, 4319632.743, 128
Trd, 4319632.793, 117
Trd, 4319633.693, 110
Trd, 4319635.093, 98
Trd, 4319635.793, 127
Trd, 4319636.193, 115
Trd, 4319636.543, 89
Trd, 4319636.693, 74
Trd, 4319637.043, 125
Trd, 4319637.893, 107
Trd, 4319638.393, 94
Trd, 4319639.643, 129
Trd, 4319641.043, 92
Trd, 4319641.643, 109
Trd, 4319641.693, 79
Trd, 4319642.643, 127
Trd, 4319643.143, 88
Trd, 4319643.693, 88
Trd, 4319645.043, 77
Trd, 4319645.843, 133
Trd, 4319645.993, 98
Trd, 4319646.143, 97
Trd, 4319646.343, 73
Trd, 4319647.443, 122
Trd, 4319647.993, 120
Trd, 4319649.093, 137
Trd, 4319649.343, 82
Trd, 4319651.343, 127
Trd, 4319651.443, 121
Trd, 4319654.043, 101
Trd, 4319654.393, 98
Trd, 4319654.543, 93
Trd, 4319654.643, 107
Trd, 4319655.943, 103
Trd, 4319656.743, 113
Trd, 4319658.493, 132
Trd, 4319658.993, 99
Trd, 4319660.793, 96
Trd, 4319661.593, 85
Trd, 4319662.143, 91
Trd, 4319663.693, 136
Trd, 4319664.693, 122
Trd, 4319664.743, 129
Trd, 4319664.793, 113
Trd, 4319666.943, 127
Trd, 4319667.593, 98
Trd, 4319667.743, 98
Trd, 4319668.393, 114
Trd, 4319668.893, 135
Trd, 4319669.143, 107
Trd, 4319671.393, 115
Trd, 4319672.743, 114
Trd, 4319673.343, 98
Trd, 4319674.043, 107
Trd, 4319674.593, 80
Trd, 4319674.743, 136
Trd, 4319676.693, 111
Trd, 4319676.793, 79
Trd, 4319677.593, 71
Trd, 4319678.443, 116
Trd, 4319678.793, 129
Trd, 4319679.593, 113
Trd, 4319682.743, 136
Trd, 4319682.843, 120
Trd, 4319684.243, 133
Trd, 4319685.043, 123
Trd, 4319685.193, 111
Trd, 4319686.193, 130
Trd, 4319686.943, 129
Trd, 4319687.093, 106
Trd, 4319688.793, 121
Trd, 4319689.093, 120
Trd, 4319689.543, 99
Trd, 4319689.993, 74
Trd, 4319690.843, 83
Trd, 4319692.193, 81
Trd, 4319693.343, 86
Trd, 4319693.743, 120
Trd, 4319694.343, 140
Trd, 4319696.743, 140
Trd, 4319697.143, 133
Trd, 4319699.493, 101
Trd, 4319699.893, 107
Trd, 4319700.393, 122
Trd, 4319702.393, 100
Trd, 4319702.743, 104
Trd, 4319703.793, 98
Trd, 4319704.943, 124
Trd, 4319707.093, 127
Trd, 4319708.093, 117
Trd, 4319708.343, 112
Trd, 4319709.743, 116
Trd, 4319711.893, 114
Trd, 4319712.693, 135
Trd, 4319712.743, 129
Trd, 4319712.893, 106
Trd, 4319713.143, 131
Trd, 4319713.493, 121
Trd, 4319714.993, 129
Trd, 4319715.243, 92
Trd, 4319718.343, 114
Trd, 4319718.943, 121
Trd, 4319719.143, 120
Trd, 4319719.243, 106
Trd, 4319719.693, 99
Trd, 4319720.593, 134
Trd, 4319721.843, 111
Trd, 4319724.793, 113
Trd, 4319725.193, 105
Trd, 4319725.693, 136
Trd, 4319726.043, 123
Trd, 4319726.193, 120
Trd, 4319726.493, 105
Trd, 4319727.043, 132
Trd, 4319727.443, 126
Trd, 4319727.693, 94
Trd, 4319727.743, 82
Trd, 4319730.393, 110
Trd, 4319731.493, 111
Trd, 4319732.143, 110
Trd, 4319733.193, 139
Trd, 4319734.643, 111
Trd, 4319734.793, 91
Trd, 4319736.593, 126
Trd, 4319738.193, 125
Trd, 4319739.093, 104
Trd, 4319739.243, 98
Trd, 4319739.893, 103
Trd, 4319740.743, 62
Trd, 4319742.193, 122
Trd, 4319742.293, 111
Trd, 4319743.293, 90
Trd, 4319743.443, 121
Trd, 4319744.393, 88
Trd, 4319744.843, 98
Trd, 4319745.893, 134
Trd, 4319746.343, 127
Trd, 4319747.043, 101
Trd, 4319747.293, 100
Trd, 4319748.843, 129
Trd, 4319749.693, 115
Trd, 4319749.793, 104
Trd, 4319751.143, 133
Trd, 4319751.943, 120
Trd, 4319752.593, 135
Trd, 4319752.793, 136
Trd, 4319752.893, 110
Trd, 4319753.943, 87
Trd, 4319755.193, 80
Trd, 4319756.443, 74
Trd, 4319757.293, 85
Trd, 4319758.793, 73
Trd, 4319758.943, 61
Trd, 4319759.243, 119
Trd, 4319760.293, 120
Trd, 4319764.293, 130
Trd, 4319764.743, 109
Trd, 4319764.943, 107
Trd, 4319765.993, 121
Trd, 4319766.193, 102
Trd, 4319766.593, 117
Trd, 4319767.243, 83
Trd, 4319767.693, 85
Trd, 4319768.493, 137
Trd, 4319768.793, 133
Trd, 4319769.943, 93
Trd, 4319770.343, 127
Trd, 4319771.693, 77
Trd, 4319772.743, 61
Trd, 4319773.693, 66
Trd, 4319774.793, 101
Trd, 4319776.293, 100
Trd, 4319776.543, 133
Trd, 4319777.043, 116
Trd, 4319777.593, 61
Trd, 4319777.743, 63
Trd, 4319778.643, 91
Trd, 4319779.743, 83
Trd, 4319781.093, 113
Trd, 4319781.943, 132
Trd, 4319782.043, 121
Trd, 4319783.593, 90
Trd, 4319783.743, 72
Trd, 4319783.943, 132
Trd, 4319786.293, 119
Trd, 4319787.043, 94
Trd, 4319787.143, 83
Trd, 4319787.493, 95
Trd, 4319788.343, 127
Trd, 4319793.243, 128
Trd, 4319793.393, 102
Trd, 4319793.743, 107
Trd, 4319794.543, 128
Trd, 4319794.843, 123
Trd, 4319795.593, 137
Trd, 4319796.343, 87
Trd, 4319798.093, 117
Trd, 4319799.143, 113
Trd, 4319799.743, 137
Trd, 4319800.043, 95
Trd, 4319801.043, 137
Trd, 4319801.793, 104
Trd, 4319803.093, 114
Trd, 4319803.493, 113
Trd, 4319804.543, 134
Trd, 4319805.593, 128
Trd, 4319806.443, 113
Trd, 4319806.593, 134
Trd, 4319810.043, 91
Trd, 4319810.143, 117
Trd, 4319810.443, 88
Trd, 4319810.643, 102
Trd, 4319810.893, 96
Trd, 4319811.343, 88
Trd, 4319813.943, 81
Trd, 4319814.193, 92
Trd, 4319815.293, 98
Trd, 4319815.443, 99
Trd, 4319815.993, 120
Trd, 4319816.393, 94
Trd, 4319818.093, 93
Trd, 4319819.493, 123
Trd, 4319819.893, 103
Trd, 4319820.393, 96
Trd, 4319821.743, 129
Trd, 4319821.993, 118
Trd, 4319822.393, 133
Trd, 4319822.693, 103
Trd, 4319823.893, 124
Trd, 4319824.543, 104
Trd, 4319826.193, 123
Trd, 4319827.043, 136
Trd, 4319828.893, 113
Trd, 4319831.193, 128
Trd, 4319831.293, 98
Trd, 4319832.293, 112
Trd, 4319832.493, 96
Trd, 4319833.543, 131
Trd, 4319834.393, 131
Trd, 4319834.443, 125
Trd, 4319834.643, 79
Trd, 4319836.143, 95
Trd, 4319836.443, 105
Trd, 4319836.943, 103
Trd, 4319838.143, 114
Trd, 4319840.293, 129
Trd, 4319841.993, 121
Trd, 4319842.193, 115
Trd, 4319843.093, 114
Trd, 4319845.443, 134
Trd, 4319845.643, 138
Trd, 4319846.893, 94
Trd, 4319847.343, 97
Trd, 4319848.193, 126
Trd, 4319849.243, 124
Trd, 4319850.393, 125
Trd, 4319850.493, 105
Trd, 4319850.743, 83
Trd, 4319852.093, 97
Trd, 4319852.393, 120
Trd, 4319853.693, 126
Trd, 4319853.993, 84
Trd, 4319854.143, 117
Trd, 4319854.293, 74
Trd, 4319855.543, 71
Trd, 4319857.793, 121
Trd, 4319858.043, 111
Trd, 4319858.093, 105
Trd, 4319859.743, 118
Trd, 4319860.943, 117
Trd, 4319861.093, 108
Trd, 4319861.143, 101
Trd, 4319863.143, 140
Trd, 4319863.243, 124
Trd, 4319864.593, 110
Trd, 4319864.643, 90
Trd, 4319864.743, 108
Trd, 4319865.593, 114
Trd, 4319867.493, 135
Trd, 4319869.043, 124
Trd, 4319869.793, 122
Trd, 4319870.743, 100
Trd, 4319872.093, 107
Trd, 4319873.493, 121
Trd, 4319875.143, 138
Trd, 4319875.643, 140
Trd, 4319876.693, 116
Trd, 4319877.093, 127
Trd, 4319877.643, 108
Trd, 4319877.793, 83
Trd, 4319878.743, 84
Trd, 4319879.893, 85
Trd, 4319880.393, 99
Trd, 4319881.043, 85
Trd, 4319882.793, 135
Trd, 4319883.443, 127
Trd, 4319883.993, 120
Trd, 4319884.993, 111
Trd, 4319886.593, 109
Trd, 4319887.643, 97
Trd, 4319887.743, 94
Trd, 4319888.243, 88
Trd, 4319889.693, 124
Trd, 4319889.743, 99
Trd, 4319890.293, 74
Trd, 4319891.893, 98
Trd, 4319892.643, 98
Trd, 4319895.843, 108
Trd, 4319896.243, 92
Trd, 4319896.693, 117
Trd, 4319897.843, 73
Trd, 4319900.443, 123
Trd, 4319900.693, 123
Trd, 4319900.893, 105
Trd, 4319901.043, 107
Trd, 4319901.493, 102
Trd, 4319901.593, 93
Trd, 4319902.093, 89
Trd, 4319903.543, 119
Trd, 4319904.393, 108
Trd, 4319904.793, 86
Trd, 4319905.743, 113
Trd, 4319905.943, 124
Trd, 4319906.943, 104
Trd, 4319908.443, 114
Trd, 4319908.893, 113
Trd, 4319910.393, 127
Trd, 4319910.943, 120
Trd, 4319911.493, 137
Trd, 4319911.943, 105
Trd, 4319912.843, 91
Trd, 4319913.243, 105
Trd, 4319914.693, 104
Trd, 4319914.743, 104
Trd, 4319915.443, 99
Trd, 4319915.843, 135
Trd, 4319916.693, 102
Trd, 4319918.493, 105
Trd, 4319919.093, 121
Trd, 4319920.293, 119
Trd, 4319920.843, 106
Trd, 4319922.293, 122
Trd, 4319925.943, 116
Trd, 4319926.293, 128
Trd, 4319926.793, 120
Trd, 4319928.043, 135
Trd, 4319928.143, 114
Trd, 4319928.893, 118
Trd, 4319929.393, 97
Trd, 4319929.643, 85
Trd, 4319930.093, 107
Trd, 4319931.643, 134
Trd, 4319933.343, 63
Trd, 4319933.893, 100
Trd, 4319934.493, 80
Trd, 4319934.793, 140
Trd, 4319935.793, 126
Trd, 4319936.843, 138
Trd, 4319937.093, 128
Trd, 4319938.793, 118
Trd, 4319939.893, 96
Trd, 4319941.293, 63
Trd, 4319942.193, 100
Trd, 4319942.693, 89
Trd, 4319942.843, 89
Trd, 4319944.693, 138
Trd, 4319944.743, 100
Trd, 4319944.893, 95
Trd, 4319945.993, 101
Trd, 4319946.993, 87
Trd, 4319947.643, 97
Trd, 4319948.493, 87
Trd, 4319949.393, 111
Trd, 4319950.693, 134
Trd, 4319950.993, 121
Trd, 4319951.193, 114
Trd, 4319951.893, 91
Trd, 4319952.243, 70
Trd, 4319953.593, 140
Trd, 4319954.043, 81
Trd, 4319955.043, 92
Trd, 4319956.743, 118
Trd, 4319956.993, 121
Trd, 4319958.443, 113
Trd, 4319960.093, 124
Trd, 4319960.193, 104
Trd, 4319960.493, 93
Trd, 4319960.793, 72
Trd, 4319960.843, 88
Trd, 4319962.893, 101
Trd, 4319963.643, 98
Trd, 4319964.243, 94
Trd, 4319964.293, 87
Trd, 4319964.643, 83
Trd, 4319965.243, 84
Trd, 4319965.593, 95
Trd, 4319969.143, 117
Trd, 4319969.293, 109
Trd, 4319969.693, 94
Trd, 4319969.993, 110
Trd, 4319971.343, 137
Trd, 4319972.093, 128
Trd, 4319973.043, 106
Trd, 4319973.693, 134
Trd, 4319974.743, 99
Trd, 4319975.143, 99
Trd, 4319975.293, 116
Trd, 4319978.743, 125
Trd, 4319978.993, 103
Trd, 4319979.593, 120
Trd, 4319979.643, 97
Trd, 4319980.493, 88
Trd, 4319981.143, 98
Trd, 4319981.493, 127
Trd, 4319982.443, 111
Trd, 4319982.943, 126
Trd, 4319983.393, 107
Trd, 4319983.543, 97
Trd, 4319986.493, 122
Trd, 4319987.093, 111
Trd, 4319987.393, 109
Trd, 4319988.493, 95
Trd, 4319991.093, 85
Trd, 4319994.193, 118
Trd, 4319994.843, 104
Trd, 4319994.993, 111
Trd, 4319995.943, 124
Trd, 4319996.093, 102
Trd, 4319996.143, 102
Trd, 4319996.743, 102
Trd, 4319998.493, 136
Trd, 4319998.643, 126
Trd, 4319998.743, 119
Trd, 4319999.243, 106
