Trd, 4318162.543, 65
Trd, 4318163.443, 86
Trd, 4318164.043, 107
Trd, 4318164.193, 139
Trd, 4318164.343, 80
Trd, 4318164.543, 139
Trd, 4318166.393, 134
Trd, 4318166.893, 134
Trd, 4318167.493, 99
Trd, 4318168.093, 91
Trd, 4318169.043, 72
Trd, 4318169.693, 62
Trd, 4318171.093, 68
Trd, 4318171.593, 80
Trd, 4318171.643, 120
Trd, 4318172.193, 82
Trd, 4318172.793, 118
Trd, 4318173.793, 128
Trd, 4318174.243, 95
Trd, 4318174.443, 84
Trd, 4318175.143, 110
Trd, 4318175.593, 64
Trd, 4318176.293, 86
Trd, 4318177.093, 62
Trd, 4318177.493, 106
Trd, 4318178.443, 61
Trd, 4318179.243, 66
Trd, 4318179.293, 69
Trd, 4318180.593, 62
Trd, 4318180.993, 63
Trd, 4318181.743, 105
Trd, 4318182.943, 90
Trd, 4318183.193, 97
Trd, 4318184.493, 127
Trd, 4318185.693, 140
Trd, 4318185.993, 137
Trd, 4318186.193, 139
Trd, 4318186.343, 130
Trd, 4318186.593, 124
Trd, 4318186.993, 97
Trd, 4318188.093, 129
Trd, 4318188.343, 115
Trd, 4318189.093, 79
Trd, 4318189.943, 89
Trd, 4318190.393, 84
Trd, 4318190.993, 114
Trd, 4318192.393, 105
Trd, 4318192.443, 93
Trd, 4318192.893, 98
Trd, 4318194.343, 137
Trd, 4318194.493, 112
Trd, 4318194.843, 109
Trd, 4318195.143, 69
Trd, 4318195.943, 61
Trd, 4318196.093, 76
Trd, 4318196.243, 94
Trd, 4318196.843, 110
Trd, 4318198.343, 77
Trd, 4318198.743, 122
Trd, 4318199.593, 62
Trd, 4318199.693, 65
Trd, 4318202.143, 66
Trd, 4318202.793, 81
Trd, 4318202.993, 84
Trd, 4318203.193, 86
Trd, 4318203.943, 62
Trd, 4318204.393, 80
Trd, 4318205.393, 60
Trd, 4318205.493, 93
Trd, 4318206.443, 60
Trd, 4318207.493, 66
Trd, 4318209.043, 112
Trd, 4318209.343, 78
Trd, 4318209.643, 76
Trd, 4318210.193, 61
Trd, 4318210.293, 88
Trd, 4318211.243, 92
Trd, 4318212.093, 84
Trd, 4318212.343, 73
Trd, 4318213.193, 97
Trd, 4318213.643, 100
Trd, 4318214.443, 140
Trd, 4318214.943, 114
Trd, 4318218.193, 127
Trd, 4318219.043, 139
Trd, 4318219.743, 121
Trd, 4318220.793, 128
Trd, 4318220.893, 127
Trd, 4318220.993, 109
Trd, 4318221.093, 86
Trd, 4318221.443, 114
Trd, 4318222.043, 87
Trd, 4318222.443, 65
Trd, 4318222.593, 78
Trd, 4318224.493, 93
Trd, 4318224.693, 88
Trd, 4318225.843, 110
Trd, 4318227.293, 119
Trd, 4318227.543, 99
Trd, 4318228.193, 131
Trd, 4318229.193, 103
Trd, 4318229.393, 125
Trd, 4318229.443, 98
Trd, 4318231.693, 108
Trd, 4318232.143, 111
Trd, 4318232.193, 100
Trd, 4318232.743, 94
Trd, 4318233.093, 83
Trd, 4318233.243, 83
Trd, 4318234.543, 83
Trd, 4318235.443, 138
Trd, 4318236.393, 65
Trd, 4318238.593, 110
Trd, 4318239.443, 130
Trd, 4318239.993, 116
Trd, 4318240.193, 104
Trd, 4318240.293, 102
Trd, 4318240.943, 111
Trd, 4318242.143, 111
Trd, 4318242.643, 87
Trd, 4318242.793, 84
Trd, 4318243.943, 94
Trd, 4318244.293, 77
Trd, 4318244.993, 116
Trd, 4318245.693, 89
Trd, 4318246.293, 111
Trd, 4318246.943, 87
Trd, 4318248.493, 90
Trd, 4318248.643, 97
Trd, 4318248.793, 66
Trd, 4318249.043, 111
Trd, 4318249.993, 106
Trd, 4318251.193, 137
Trd, 4318251.593, 118
Trd, 4318251.643, 98
Trd, 4318251.943, 120
Trd, 4318251.993, 70
Trd, 4318253.743, 91
Trd, 4318254.693, 111
Trd, 4318255.993, 77
Trd, 4318257.093, 137
Trd, 4318257.443, 136
Trd, 4318257.593, 132
Trd, 4318258.193, 131
Trd, 4318258.443, 108
Trd, 4318258.793, 137
Trd, 4318260.093, 116
Trd, 4318260.643, 115
Trd, 4318260.793, 110
Trd, 4318261.693, 110
Trd, 4318262.643, 71
Trd, 4318263.193, 91
Trd, 4318264.593, 110
Trd, 4318264.693, 92
Trd, 4318264.793, 88
Trd, 4318265.093, 102
Trd, 4318265.493, 117
Trd, 4318265.843, 137
Trd, 4318266.593, 63
Trd, 4318266.943, 79
Trd, 4318267.343, 67
Trd, 4318268.143, 60
Trd, 4318268.193, 112
Trd, 4318269.543, 86
Trd, 4318270.893, 121
Trd, 4318272.943, 107
Trd, 4318272.993, 114
Trd, 4318273.643, 125
Trd, 4318273.793, 123
Trd, 4318275.493, 84
Trd, 4318277.143, 105
Trd, 4318277.593, 121
Trd, 4318277.843, 118
Trd, 4318278.693, 125
Trd, 4318278.993, 121
Trd, 4318279.243, 133
Trd, 4318279.343, 108
Trd, 4318279.593, 79
Trd, 4318281.293, 135
Trd, 4318281.393, 111
Trd, 4318283.343, 114
Trd, 4318283.443, 89
Trd, 4318283.593, 68
Trd, 4318283.743, 118
Trd, 4318284.843, 133
Trd, 4318285.693, 75
Trd, 4318285.993, 132
Trd, 4318286.493, 125
Trd, 4318287.343, 71
Trd, 4318287.993, 84
Trd, 4318288.693, 87
Trd, 4318288.993, 117
Trd, 4318289.643, 63
Trd, 4318290.793, 65
Trd, 4318291.243, 60
Trd, 4318291.743, 68
Trd, 4318293.393, 137
Trd, 4318293.943, 78
Trd, 4318294.943, 64
Trd, 4318295.043, 62
Trd, 4318295.793, 75
Trd, 4318296.243, 98
Trd, 4318297.043, 67
Trd, 4318297.943, 68
Trd, 4318298.043, 75
Trd, 4318300.293, 66
Trd, 4318300.543, 94
Trd, 4318300.993, 64
Trd, 4318301.593, 70
Trd, 4318302.443, 60
Trd, 4318303.243, 139
Trd, 4318303.393, 128
Trd, 4318303.543, 102
Trd, 4318303.893, 131
Trd, 4318304.393, 117
Trd, 4318306.693, 139
Trd, 4318307.043, 131
Trd, 4318307.943, 121
Trd, 4318308.993, 102
Trd, 4318309.493, 100
Trd, 4318309.643, 132
Trd, 4318309.993, 133
Trd, 4318311.293, 106
Trd, 4318311.593, 89
Trd, 4318311.693, 125
Trd, 4318311.993, 122
Trd, 4318312.043, 106
Trd, 4318313.743, 87
Trd, 4318314.243, 123
Trd, 4318314.693, 133
Trd, 4318315.193, 87
Trd, 4318315.543, 78
Trd, 4318316.693, 132
Trd, 4318317.993, 137
Trd, 4318318.843, 130
Trd, 4318319.193, 101
Trd, 4318319.243, 100
Trd, 4318319.493, 87
Trd, 4318319.743, 100
Trd, 4318321.443, 95
Trd, 4318321.843, 88
Trd, 4318323.343, 61
Trd, 4318323.993, 66
Trd, 4318324.993, 116
Trd, 4318325.043, 114
Trd, 4318325.493, 135
Trd, 4318326.043, 126
Trd, 4318327.293, 90
Trd, 4318328.043, 90
Trd, 4318328.943, 85
Trd, 4318328.993, 89
Trd, 4318329.593, 102
Trd, 4318330.193, 61
Trd, 4318330.443, 139
Trd, 4318331.443, 115
Trd, 4318331.693, 113
Trd, 4318333.293, 125
Trd, 4318333.443, 125
Trd, 4318334.193, 97
Trd, 4318335.743, 104
Trd, 4318335.993, 60
Trd, 4318336.943, 63
Trd, 4318337.943, 70
Trd, 4318338.293, 82
Trd, 4318338.893, 122
Trd, 4318340.393, 60
Trd, 4318341.293, 108
Trd, 4318341.943, 127
Trd, 4318342.093, 123
Trd, 4318343.043, 72
Trd, 4318343.293, 84
Trd, 4318343.593, 102
Trd, 4318343.993, 137
Trd, 4318344.693, 126
Trd, 4318345.243, 120
Trd, 4318345.743, 80
Trd, 4318346.443, 99
Trd, 4318347.443, 123
Trd, 4318348.043, 101
Trd, 4318348.943, 103
Trd, 4318349.993, 111
Trd, 4318350.143, 110
Trd, 4318350.543, 110
Trd, 4318351.943, 93
Trd, 4318352.893, 83
Trd, 4318353.193, 108
Trd, 4318353.243, 79
Trd, 4318353.343, 102
Trd, 4318354.243, 136
Trd, 4318355.543, 86
Trd, 4318356.143, 66
Trd, 4318356.843, 140
Trd, 4318358.243, 115
Trd, 4318358.343, 94
Trd, 4318359.043, 73
Trd, 4318361.043, 136
Trd, 4318361.743, 130
Trd, 4318362.543, 136
Trd, 4318362.743, 136
Trd, 4318363.593, 108
Trd, 4318363.843, 111
Trd, 4318364.643, 95
Trd, 4318365.293, 124
Trd, 4318365.893, 125
Trd, 4318366.343, 100
Trd, 4318368.543, 97
Trd, 4318368.593, 83
Trd, 4318369.243, 82
Trd, 4318370.593, 121
Trd, 4318371.243, 70
Trd, 4318371.593, 108
Trd, 4318371.993, 85
Trd, 4318372.343, 89
Trd, 4318374.893, 86
Trd, 4318375.293, 127
Trd, 4318376.193, 108
Trd, 4318376.993, 86
Trd, 4318377.493, 123
Trd, 4318378.293, 138
Trd, 4318378.643, 129
Trd, 4318378.793, 121
Trd, 4318379.193, 140
Trd, 4318380.293, 112
Trd, 4318380.343, 79
Trd, 4318380.543, 122
Trd, 4318382.043, 87
Trd, 4318382.543, 112
Trd, 4318382.893, 79
Trd, 4318384.193, 100
Trd, 4318385.293, 118
Trd, 4318385.943, 107
Trd, 4318386.043, 103
Trd, 4318386.093, 98
Trd, 4318386.393, 134
Trd, 4318387.093, 112
Trd, 4318388.143, 95
Trd, 4318388.443, 135
Trd, 4318389.143, 117
Trd, 4318389.193, 86
Trd, 4318389.793, 70
Trd, 4318390.143, 80
Trd, 4318390.543, 116
Trd, 4318391.393, 61
Trd, 4318391.793, 63
Trd, 4318392.693, 69
Trd, 4318393.293, 84
Trd, 4318393.893, 83
Trd, 4318395.193, 81
Trd, 4318395.393, 130
Trd, 4318395.493, 135
Trd, 4318395.993, 74
Trd, 4318396.643, 62
Trd, 4318396.793, 65
Trd, 4318397.193, 63
Trd, 4318398.993, 90
Trd, 4318399.893, 98
Trd, 4318400.593, 68
Trd, 4318401.343, 103
Trd, 4318401.443, 88
Trd, 4318402.743, 120
Trd, 4318403.393, 139
Trd, 4318403.693, 86
Trd, 4318403.743, 84
Trd, 4318404.543, 124
Trd, 4318404.843, 116
Trd, 4318405.043, 72
Trd, 4318405.793, 69
Trd, 4318406.943, 93
Trd, 4318407.393, 60
Trd, 4318407.643, 113
Trd, 4318408.543, 90
Trd, 4318409.043, 135
Trd, 4318410.443, 91
Trd, 4318410.743, 138
Trd, 4318411.393, 112
Trd, 4318411.643, 136
Trd, 4318412.493, 134
Trd, 4318412.543, 91
Trd, 4318413.593, 88
Trd, 4318413.843, 95
Trd, 4318415.193, 122
Trd, 4318415.643, 136
Trd, 4318416.693, 92
Trd, 4318416.743, 86
Trd, 4318418.793, 140
Trd, 4318420.593, 138
Trd, 4318421.343, 90
Trd, 4318422.143, 113
Trd, 4318423.143, 135
Trd, 4318423.543, 133
Trd, 4318423.793, 133
Trd, 4318423.993, 119
Trd, 4318424.093, 92
Trd, 4318425.093, 110
Trd, 4318426.193, 114
Trd, 4318426.393, 86
Trd, 4318426.993, 73
Trd, 4318427.243, 96
Trd, 4318428.493, 62
Trd, 4318428.693, 76
Trd, 4318429.743, 75
Trd, 4318429.993, 101
Trd, 4318430.343, 80
Trd, 4318431.293, 122
Trd, 4318432.443, 114
Trd, 4318433.143, 129
Trd, 4318433.593, 102
Trd, 4318433.693, 97
Trd, 4318435.193, 88
Trd, 4318435.243, 124
Trd, 4318436.393, 111
Trd, 4318436.943, 75
Trd, 4318437.193, 67
Trd, 4318437.393, 82
Trd, 4318438.043, 109
Trd, 4318439.193, 133
Trd, 4318439.293, 132
Trd, 4318439.693, 121
Trd, 4318439.993, 114
Trd, 4318441.043, 110
Trd, 4318442.093, 110
Trd, 4318442.593, 125
Trd, 4318442.893, 108
Trd, 4318442.943, 108
Trd, 4318444.143, 114
Trd, 4318444.443, 93
Trd, 4318444.793, 80
Trd, 4318445.093, 91
Trd, 4318446.443, 114
Trd, 4318446.893, 134
Trd, 4318447.493, 130
Trd, 4318447.643, 110
Trd, 4318448.443, 126
Trd, 4318449.293, 63
Trd, 4318449.643, 72
Trd, 4318450.393, 92
Trd, 4318450.643, 135
Trd, 4318450.743, 139
Trd, 4318451.643, 134
Trd, 4318452.793, 115
Trd, 4318453.643, 132
Trd, 4318455.043, 136
Trd, 4318455.393, 117
Trd, 4318455.493, 112
Trd, 4318456.193, 108
Trd, 4318457.143, 110
Trd, 4318458.393, 65
Trd, 4318459.493, 60
Trd, 4318459.593, 70
Trd, 4318459.893, 77
Trd, 4318459.993, 72
Trd, 4318460.543, 93
Trd, 4318460.793, 66
Trd, 4318462.243, 94
Trd, 4318463.493, 91
Trd, 4318464.393, 65
Trd, 4318464.993, 124
Trd, 4318465.543, 136
Trd, 4318465.593, 122
Trd, 4318466.043, 73
Trd, 4318467.343, 116
Trd, 4318467.643, 104
Trd, 4318468.193, 101
Trd, 4318468.893, 118
Trd, 4318469.093, 117
Trd, 4318469.893, 101
Trd, 4318470.643, 132
Trd, 4318471.693, 85
Trd, 4318472.593, 66
Trd, 4318472.893, 99
Trd, 4318473.293, 79
Trd, 4318474.043, 61
Trd, 4318474.243, 66
Trd, 4318474.543, 65
Trd, 4318475.193, 61
Trd, 4318475.243, 88
Trd, 4318476.893, 76
Trd, 4318477.843, 132
Trd, 4318478.393, 123
Trd, 4318478.943, 108
Trd, 4318479.293, 87
Trd, 4318481.643, 83
Trd, 4318482.193, 63
Trd, 4318482.643, 74
Trd, 4318483.743, 96
Trd, 4318484.793, 65
Trd, 4318484.843, 72
Trd, 4318485.543, 120
Trd, 4318485.993, 97
Trd, 4318486.193, 61
Trd, 4318486.993, 128
Trd, 4318487.043, 84
Trd, 4318487.443, 132
Trd, 4318487.793, 107
Trd, 4318488.643, 60
Trd, 4318489.543, 138
Trd, 4318490.243, 103
Trd, 4318490.793, 85
Trd, 4318490.943, 77
Trd, 4318491.293, 70
Trd, 4318492.443, 139
Trd, 4318493.193, 113
Trd, 4318493.543, 139
Trd, 4318494.193, 117
Trd, 4318494.893, 90
Trd, 4318495.193, 139
Trd, 4318495.743, 134
Trd, 4318497.693, 119
Trd, 4318498.193, 90
Trd, 4318498.393, 65
Trd, 4318498.693, 92
Trd, 4318498.993, 110
Trd, 4318500.393, 127
Trd, 4318501.943, 83
Trd, 4318502.293, 66
Trd, 4318502.493, 82
Trd, 4318503.093, 66
Trd, 4318503.893, 71
Trd, 4318504.543, 79
Trd, 4318505.493, 62
Trd, 4318506.043, 126
Trd, 4318506.593, 94
Trd, 4318506.943, 79
Trd, 4318507.693, 108
Trd, 4318508.493, 80
Trd, 4318509.743, 107
Trd, 4318510.043, 114
Trd, 4318510.443, 62
Trd, 4318512.293, 106
Trd, 4318512.943, 86
Trd, 4318513.243, 85
Trd, 4318514.493, 139
Trd, 4318515.043, 135
Trd, 4318515.243, 116
Trd, 4318515.743, 117
Trd, 4318515.843, 103
Trd, 4318516.543, 80
Trd, 4318517.593, 101
Trd, 4318518.893, 80
Trd, 4318519.943, 113
Trd, 4318520.643, 77
Trd, 4318521.043, 82
Trd, 4318521.493, 61
Trd, 4318521.543, 84
Trd, 4318522.693, 133
Trd, 4318523.193, 132
Trd, 4318523.943, 73
Trd, 4318524.043, 106
Trd, 4318524.943, 118
Trd, 4318525.343, 105
Trd, 4318525.443, 89
Trd, 4318526.443, 116
Trd, 4318526.643, 130
Trd, 4318526.893, 126
Trd, 4318527.643, 87
Trd, 4318528.893, 124
Trd, 4318529.993, 80
Trd, 4318530.043, 67
Trd, 4318530.543, 75
Trd, 4318531.693, 60
Trd, 4318532.143, 62
Trd, 4318533.243, 63
Trd, 4318533.393, 67
Trd, 4318534.343, 117
Trd, 4318534.493, 131
Trd, 4318535.243, 102
Trd, 4318536.143, 96
Trd, 4318536.443, 85
Trd, 4318537.343, 67
Trd, 4318537.943, 61
Trd, 4318538.293, 66
Trd, 4318538.393, 64
Trd, 4318539.243, 103
Trd, 4318539.943, 122
Trd, 4318540.643, 121
Trd, 4318541.693, 71
Trd, 4318542.793, 120
Trd, 4318543.593, 105
Trd, 4318544.643, 116
Trd, 4318545.493, 87
Trd, 4318545.993, 71
Trd, 4318546.043, 90
Trd, 4318546.943, 136
Trd, 4318547.593, 108
Trd, 4318548.443, 118
Trd, 4318548.493, 109
Trd, 4318549.693, 137
Trd, 4318550.443, 85
Trd, 4318550.893, 90
Trd, 4318551.893, 136
Trd, 4318552.193, 103
Trd, 4318552.543, 98
Trd, 4318552.643, 71
Trd, 4318553.693, 104
Trd, 4318554.743, 119
Trd, 4318555.393, 127
Trd, 4318556.093, 102
Trd, 4318556.193, 94
Trd, 4318556.643, 125
Trd, 4318557.393, 106
Trd, 4318558.443, 84
Trd, 4318558.793, 92
Trd, 4318559.443, 111
Trd, 4318559.893, 85
Trd, 4318560.493, 130
Trd, 4318560.943, 98
Trd, 4318561.343, 85
Trd, 4318562.193, 121
Trd, 4318562.393, 67
Trd, 4318563.093, 103
Trd, 4318564.443, 80
Trd, 4318565.493, 91
Trd, 4318565.543, 72
Trd, 4318565.893, 71
Trd, 4318566.243, 135
Trd, 4318567.343, 133
Trd, 4318567.393, 91
Trd, 4318567.593, 85
Trd, 4318567.993, 78
Trd, 4318570.243, 94
Trd, 4318570.443, 89
Trd, 4318570.543, 84
Trd, 4318571.143, 68
Trd, 4318571.443, 65
Trd, 4318572.493, 71
Trd, 4318572.993, 115
Trd, 4318573.443, 123
Trd, 4318573.543, 101
Trd, 4318574.293, 69
Trd, 4318574.693, 61
Trd, 4318575.343, 136
Trd, 4318576.093, 111
Trd, 4318577.143, 129
Trd, 4318578.193, 133
Trd, 4318578.543, 139
Trd, 4318578.593, 106
Trd, 4318578.643, 99
Trd, 4318578.743, 96
Trd, 4318580.193, 79
Trd, 4318581.993, 128
Trd, 4318583.543, 115
Trd, 4318583.593, 116
Trd, 4318583.843, 97
Trd, 4318584.293, 123
Trd, 4318585.193, 134
Trd, 4318585.393, 108
Trd, 4318585.643, 132
Trd, 4318586.693, 75
Trd, 4318587.543, 77
Trd, 4318588.493, 62
Trd, 4318588.993, 60
Trd, 4318589.293, 104
Trd, 4318590.143, 82
Trd, 4318591.693, 68
Trd, 4318592.293, 76
Trd, 4318592.393, 79
Trd, 4318593.343, 82
Trd, 4318593.543, 65
Trd, 4318595.843, 102
Trd, 4318596.143, 138
Trd, 4318597.043, 137
Trd, 4318597.893, 84
Trd, 4318598.043, 94
Trd, 4318600.043, 109
Trd, 4318600.093, 92
Trd, 4318600.293, 96
Trd, 4318601.393, 99
Trd, 4318601.593, 90
Trd, 4318601.693, 106
Trd, 4318601.843, 86
Trd, 4318602.893, 90
Trd, 4318604.043, 110
Trd, 4318604.393, 108
Trd, 4318604.643, 133
Trd, 4318604.993, 97
Trd, 4318605.843, 79
Trd, 4318606.393, 76
Trd, 4318606.793, 91
Trd, 4318607.393, 110
Trd, 4318608.693, 71
Trd, 4318609.343, 81
Trd, 4318609.993, 104
Trd, 4318611.243, 97
Trd, 4318611.393, 102
Trd, 4318611.893, 103
Trd, 4318612.693, 98
Trd, 4318613.093, 63
Trd, 4318613.593, 99
Trd, 4318614.293, 108
Trd, 4318614.393, 75
Trd, 4318615.243, 83
Trd, 4318615.393, 115
Trd, 4318616.743, 101
Trd, 4318617.293, 135
Trd, 4318617.643, 113
Trd, 4318618.643, 122
Trd, 4318619.243, 79
Trd, 4318619.743, 82
Trd, 4318620.593, 61
Trd, 4318621.893, 138
Trd, 4318622.443, 139
Trd, 4318622.643, 83
Trd, 4318624.093, 61
Trd, 4318624.293, 64
Trd, 4318625.343, 63
Trd, 4318625.443, 61
Trd, 4318625.843, 68
Trd, 4318626.593, 75
Trd, 4318626.893, 66
Trd, 4318627.743, 131
Trd, 4318627.793, 131
Trd, 4318628.293, 62
Trd, 4318628.893, 66
Trd, 4318629.793, 97
Trd, 4318630.493, 110
Trd, 4318631.643, 136
Trd, 4318632.293, 114
Trd, 4318633.093, 113
Trd, 4318634.643, 86
Trd, 4318635.093, 78
Trd, 4318635.443, 121
Trd, 4318636.193, 123
Trd, 4318636.593, 121
Trd, 4318637.743, 138
Trd, 4318638.093, 89
Trd, 4318639.243, 78
Trd, 4318639.693, 81
Trd, 4318639.893, 67
Trd, 4318640.493, 79
Trd, 4318641.293, 75
Trd, 4318642.043, 68
Trd, 4318642.393, 60
Trd, 4318643.893, 115
Trd, 4318644.093, 86
Trd, 4318644.243, 78
Trd, 4318644.743, 67
Trd, 4318645.293, 61
Trd, 4318646.043, 112
Trd, 4318646.643, 66
Trd, 4318648.593, 105
Trd, 4318650.243, 94
Trd, 4318650.493, 97
Trd, 4318650.843, 81
Trd, 4318651.493, 76
Trd, 4318651.693, 85
Trd, 4318652.543, 67
Trd, 4318653.343, 116
Trd, 4318655.043, 140
Trd, 4318655.193, 93
Trd, 4318656.243, 134
Trd, 4318656.343, 91
Trd, 4318657.393, 80
Trd, 4318658.393, 74
Trd, 4318658.443, 100
Trd, 4318660.043, 113
Trd, 4318661.693, 102
Trd, 4318661.843, 98
Trd, 4318663.243, 121
Trd, 4318663.293, 90
Trd, 4318664.093, 134
Trd, 4318664.593, 76
Trd, 4318664.943, 122
Trd, 4318665.243, 135
Trd, 4318665.593, 67
Trd, 4318666.293, 118
Trd, 4318667.593, 97
Trd, 4318668.393, 111
Trd, 4318669.443, 127
Trd, 4318669.493, 87
Trd, 4318669.643, 68
Trd, 4318670.593, 80
Trd, 4318671.743, 115
Trd, 4318672.043, 94
Trd, 4318672.743, 86
Trd, 4318674.393, 74
Trd, 4318674.893, 82
Trd, 4318675.243, 89
Trd, 4318675.793, 130
Trd, 4318675.993, 134
Trd, 4318676.493, 136
Trd, 4318676.993, 81
Trd, 4318678.493, 123
Trd, 4318679.793, 140
Trd, 4318679.893, 99
Trd, 4318680.343, 112
Trd, 4318681.143, 100
Trd, 4318681.343, 118
Trd, 4318681.693, 122
Trd, 4318682.593, 87
Trd, 4318683.293, 129
Trd, 4318683.693, 93
Trd, 4318683.843, 82
Trd, 4318684.443, 97
Trd, 4318686.293, 81
Trd, 4318687.293, 135
Trd, 4318688.093, 133
Trd, 4318688.793, 109
Trd, 4318689.043, 98
Trd, 4318689.293, 109
Trd, 4318689.843, 74
Trd, 4318690.393, 80
Trd, 4318691.043, 91
Trd, 4318691.393, 86
Trd, 4318693.393, 64
Trd, 4318693.943, 108
Trd, 4318694.393, 115
Trd, 4318694.643, 61
Trd, 4318694.943, 64
Trd, 4318695.543, 86
Trd, 4318696.693, 94
Trd, 4318696.793, 81
Trd, 4318697.843, 73
Trd, 4318698.943, 130
Trd, 4318699.693, 130
Trd, 4318699.993, 128
Trd, 4318700.243, 116
Trd, 4318700.343, 107
Trd, 4318701.643, 104
Trd, 4318702.393, 99
Trd, 4318703.043, 73
Trd, 4318703.743, 120
Trd, 4318704.293, 105
Trd, 4318704.793, 124
Trd, 4318705.193, 83
Trd, 4318705.393, 81
Trd, 4318706.843, 89
Trd, 4318707.743, 63
Trd, 4318707.993, 66
Trd, 4318708.393, 99
Trd, 4318708.743, 113
Trd, 4318708.993, 76
Trd, 4318710.093, 89
Trd, 4318710.543, 91
Trd, 4318710.843, 74
Trd, 4318711.193, 103
Trd, 4318713.143, 140
Trd, 4318713.593, 127
Trd, 4318714.493, 107
Trd, 4318716.243, 79
Trd, 4318716.493, 79
Trd, 4318717.143, 86
Trd, 4318718.243, 117
Trd, 4318718.693, 76
Trd, 4318720.593, 126
Trd, 4318720.643, 125
Trd, 4318721.243, 106
Trd, 4318721.343, 97
Trd, 4318721.843, 80
Trd, 4318722.443, 117
Trd, 4318722.493, 84
Trd, 4318723.443, 103
Trd, 4318724.243, 111
Trd, 4318724.893, 106
Trd, 4318725.693, 104
Trd, 4318725.893, 95
Trd, 4318726.993, 60
Trd, 4318727.043, 82
Trd, 4318727.793, 84
Trd, 4318728.243, 61
Trd, 4318729.443, 74
Trd, 4318729.643, 86
Trd, 4318730.843, 102
Trd, 4318731.493, 68
Trd, 4318732.293, 69
Trd, 4318734.193, 115
Trd, 4318734.743, 137
Trd, 4318735.093, 74
Trd, 4318735.293, 117
Trd, 4318735.543, 93
Trd, 4318736.193, 140
Trd, 4318736.293, 113
Trd, 4318736.643, 115
Trd, 4318737.693, 113
Trd, 4318738.243, 106
Trd, 4318739.393, 129
Trd, 4318739.893, 94
Trd, 4318740.693, 94
Trd, 4318740.993, 80
Trd, 4318741.343, 75
Trd, 4318741.693, 87
Trd, 4318742.243, 135
Trd, 4318742.443, 121
Trd, 4318742.593, 80
Trd, 4318743.193, 61
Trd, 4318745.343, 137
Trd, 4318745.693, 137
Trd, 4318746.143, 81
Trd, 4318746.643, 79
Trd, 4318746.893, 92
Trd, 4318747.743, 125
Trd, 4318748.793, 122
Trd, 4318749.143, 99
Trd, 4318750.543, 97
Trd, 4318751.043, 124
Trd, 4318751.693, 140
Trd, 4318752.643, 137
Trd, 4318754.393, 125
Trd, 4318754.443, 104
Trd, 4318754.843, 78
Trd, 4318755.243, 103
Trd, 4318755.793, 90
Trd, 4318756.343, 116
Trd, 4318756.443, 114
Trd, 4318756.793, 95
Trd, 4318757.543, 83
Trd, 4318758.643, 138
Trd, 4318759.293, 83
Trd, 4318760.643, 124
Trd, 4318760.893, 78
Trd, 4318761.093, 90
Trd, 4318761.143, 68
Trd, 4318761.343, 98
Trd, 4318761.443, 66
Trd, 4318761.893, 60
Trd, 4318762.143, 82
Trd, 4318764.043, 112
Trd, 4318764.743, 101
Trd, 4318765.093, 86
Trd, 4318765.193, 109
Trd, 4318765.893, 110
Trd, 4318766.593, 139
Trd, 4318767.693, 91
Trd, 4318767.993, 98
Trd, 4318768.393, 64
Trd, 4318769.343, 123
Trd, 4318769.793, 95
Trd, 4318770.043, 91
Trd, 4318770.543, 93
Trd, 4318771.343, 86
Trd, 4318772.243, 87
Trd, 4318773.393, 125
Trd, 4318773.743, 113
Trd, 4318773.893, 110
Trd, 4318774.493, 97
Trd, 4318775.893, 107
Trd, 4318777.093, 120
Trd, 4318777.143, 116
Trd, 4318777.593, 111
Trd, 4318778.643, 130
Trd, 4318778.743, 107
Trd, 4318778.843, 95
Trd, 4318779.543, 113
Trd, 4318780.793, 122
Trd, 4318781.343, 112
Trd, 4318781.793, 116
Trd, 4318782.843, 119
Trd, 4318783.193, 133
Trd, 4318784.493, 108
Trd, 4318784.643, 120
Trd, 4318785.193, 109
Trd, 4318785.343, 108
Trd, 4318785.993, 78
Trd, 4318786.393, 62
Trd, 4318788.243, 62
Trd, 4318788.393, 92
Trd, 4318789.393, 138
Trd, 4318789.493, 134
Trd, 4318790.593, 125
Trd, 4318791.443, 129
Trd, 4318791.843, 115
Trd, 4318791.943, 107
Trd, 4318792.493, 140
Trd, 4318794.143, 91
Trd, 4318794.443, 89
Trd, 4318795.293, 107
Trd, 4318795.943, 88
Trd, 4318796.693, 139
Trd, 4318796.993, 137
Trd, 4318797.243, 128
Trd, 4318798.393, 137
Trd, 4318798.943, 79
Trd, 4318799.043, 105
Trd, 4318799.693, 88
Trd, 4318799.843, 66
Trd, 4318800.993, 76
Trd, 4318801.443, 74
Trd, 4318802.593, 95
Trd, 4318802.643, 77
Trd, 4318803.393, 94
Trd, 4318803.743, 64
Trd, 4318804.993, 70
Trd, 4318805.143, 89
Trd, 4318807.243, 65
Trd, 4318807.493, 107
Trd, 4318807.943, 95
Trd, 4318808.143, 117
Trd, 4318808.743, 134
Trd, 4318808.893, 130
Trd, 4318810.293, 116
Trd, 4318810.443, 111
Trd, 4318811.043, 80
Trd, 4318811.393, 106
Trd, 4318813.193, 122
Trd, 4318813.893, 121
Trd, 4318815.643, 131
Trd, 4318815.943, 89
Trd, 4318816.443, 140
Trd, 4318816.593, 127
Trd, 4318817.243, 107
Trd, 4318817.543, 106
Trd, 4318818.793, 76
Trd, 4318819.093, 74
Trd, 4318819.393, 88
Trd, 4318819.743, 76
Trd, 4318820.743, 76
Trd, 4318821.143, 89
Trd, 4318821.893, 126
Trd, 4318822.493, 139
Trd, 4318822.843, 138
Trd, 4318822.993, 127
Trd, 4318823.643, 86
Trd, 4318825.393, 130
Trd, 4318826.093, 125
Trd, 4318826.543, 119
Trd, 4318827.843, 102
Trd, 4318828.243, 118
Trd, 4318828.743, 118
Trd, 4318828.793, 83
Trd, 4318829.693, 133
Trd, 4318829.793, 110
Trd, 4318830.243, 122
Trd, 4318831.243, 104
Trd, 4318832.093, 135
Trd, 4318832.193, 101
Trd, 4318832.993, 76
Trd, 4318833.243, 127
Trd, 4318834.743, 122
Trd, 4318834.843, 67
Trd, 4318835.843, 75
Trd, 4318835.993, 80
Trd, 4318837.143, 138
Trd, 4318837.693, 134
Trd, 4318838.043, 113
Trd, 4318838.293, 114
Trd, 4318839.543, 140
Trd, 4318840.343, 124
Trd, 4318840.493, 106
Trd, 4318840.593, 95
Trd, 4318841.443, 112
Trd, 4318841.943, 133
Trd, 4318842.043, 88
Trd, 4318842.593, 115
Trd, 4318843.943, 120
Trd, 4318844.093, 131
Trd, 4318844.743, 109
Trd, 4318845.293, 104
Trd, 4318845.593, 71
Trd, 4318846.343, 96
Trd, 4318846.593, 92
Trd, 4318847.443, 115
Trd, 4318847.743, 108
Trd, 4318847.993, 84
Trd, 4318849.243, 61
Trd, 4318849.993, 62
Trd, 4318850.443, 72
Trd, 4318850.743, 73
Trd, 4318851.943, 65
Trd, 4318853.443, 65
Trd, 4318854.243, 61
Trd, 4318855.893, 86
Trd, 4318856.593, 67
Trd, 4318857.393, 94
Trd, 4318858.143, 126
Trd, 4318858.193, 80
Trd, 4318858.493, 106
Trd, 4318858.643, 87
Trd, 4318859.543, 131
Trd, 4318860.843, 99
Trd, 4318861.393, 95
Trd, 4318862.893, 128
Trd, 4318863.593, 104
Trd, 4318864.143, 92
Trd, 4318864.793, 94
Trd, 4318865.843, 134
Trd, 4318865.943, 91
Trd, 4318867.443, 137
Trd, 4318867.743, 106
Trd, 4318868.093, 102
Trd, 4318868.193, 94
Trd, 4318868.443, 121
Trd, 4318869.543, 86
Trd, 4318869.993, 70
Trd, 4318870.043, 74
Trd, 4318872.643, 104
Trd, 4318873.343, 125
Trd, 4318873.393, 120
Trd, 4318873.543, 90
Trd, 4318875.243, 132
Trd, 4318875.393, 76
Trd, 4318876.493, 70
Trd, 4318877.893, 101
Trd, 4318878.143, 99
Trd, 4318878.293, 95
Trd, 4318878.493, 73
Trd, 4318878.693, 105
Trd, 4318879.693, 66
Trd, 4318880.493, 106
Trd, 4318880.643, 66
Trd, 4318880.993, 76
Trd, 4318881.493, 92
Trd, 4318882.443, 120
Trd, 4318883.093, 113
Trd, 4318884.143, 114
Trd, 4318884.843, 133
Trd, 4318885.193, 104
Trd, 4318885.243, 92
Trd, 4318886.293, 120
Trd, 4318887.893, 134
Trd, 4318889.043, 121
Trd, 4318889.343, 120
Trd, 4318889.443, 105
Trd, 4318890.343, 109
Trd, 4318891.043, 61
Trd, 4318892.293, 91
Trd, 4318892.843, 75
Trd, 4318893.693, 105
Trd, 4318893.743, 63
Trd, 4318893.993, 85
Trd, 4318895.443, 113
Trd, 4318896.293, 122
Trd, 4318896.743, 124
Trd, 4318897.043, 140
Trd, 4318897.093, 95
Trd, 4318898.793, 134
Trd, 4318898.993, 83
Trd, 4318899.293, 70
Trd, 4318899.993, 122
Trd, 4318900.243, 107
Trd, 4318900.443, 71
Trd, 4318901.793, 132
Trd, 4318902.093, 83
Trd, 4318902.893, 122
Trd, 4318903.893, 138
Trd, 4318904.193, 95
Trd, 4318904.443, 63
Trd, 4318905.743, 105
Trd, 4318906.393, 100
Trd, 4318906.943, 94
Trd, 4318907.843, 119
Trd, 4318907.893, 74
Trd, 4318908.093, 136
Trd, 4318908.793, 86
Trd, 4318909.343, 67
Trd, 4318909.793, 117
Trd, 4318910.043, 112
Trd, 4318912.143, 92
Trd, 4318912.543, 70
Trd, 4318912.993, 68
Trd, 4318913.593, 84
Trd, 4318913.993, 79
Trd, 4318914.143, 106
Trd, 4318914.393, 85
Trd, 4318915.143, 121
Trd, 4318916.393, 124
Trd, 4318916.643, 110
Trd, 4318917.093, 100
Trd, 4318917.393, 129
Trd, 4318918.093, 122
Trd, 4318918.193, 119
Trd, 4318919.193, 122
Trd, 4318919.543, 94
Trd, 4318919.943, 73
Trd, 4318921.493, 61
Trd, 4318921.943, 76
Trd, 4318923.843, 110
Trd, 4318924.243, 109
Trd, 4318924.443, 85
Trd, 4318924.693, 109
Trd, 4318924.993, 106
Trd, 4318925.543, 78
Trd, 4318925.593, 111
Trd, 4318926.793, 94
Trd, 4318926.843, 114
Trd, 4318927.693, 136
Trd, 4318928.593, 112
Trd, 4318928.943, 130
Trd, 4318929.193, 111
Trd, 4318929.543, 110
Trd, 4318930.243, 114
Trd, 4318931.593, 112
Trd, 4318932.093, 103
Trd, 4318932.493, 86
Trd, 4318932.593, 110
Trd, 4318934.243, 134
Trd, 4318934.493, 73
Trd, 4318934.593, 77
Trd, 4318934.993, 71
Trd, 4318935.993, 137
Trd, 4318937.643, 134
Trd, 4318937.693, 121
Trd, 4318938.543, 114
Trd, 4318938.843, 123
Trd, 4318939.393, 99
Trd, 4318939.943, 88
Trd, 4318940.643, 112
Trd, 4318941.143, 73
Trd, 4318941.443, 68
Trd, 4318943.093, 95
Trd, 4318944.943, 127
Trd, 4318945.243, 106
Trd, 4318945.293, 105
Trd, 4318945.343, 98
Trd, 4318945.743, 138
Trd, 4318947.193, 135
Trd, 4318947.843, 63
Trd, 4318948.293, 113
Trd, 4318948.343, 133
Trd, 4318949.743, 78
Trd, 4318950.043, 84
Trd, 4318950.243, 77
Trd, 4318950.993, 106
Trd, 4318951.493, 98
Trd, 4318951.893, 94
Trd, 4318952.743, 90
Trd, 4318953.343, 87
Trd, 4318953.393, 76
Trd, 4318954.493, 73
Trd, 4318955.243, 121
Trd, 4318956.543, 137
Trd, 4318957.093, 90
Trd, 4318957.193, 76
Trd, 4318957.993, 109
Trd, 4318958.843, 108
Trd, 4318959.493, 99
Trd, 4318959.593, 98
Trd, 4318960.343, 124
Trd, 4318960.593, 88
Trd, 4318960.643, 78
Trd, 4318962.143, 128
Trd, 4318963.393, 109
Trd, 4318964.393, 113
Trd, 4318964.493, 91
Trd, 4318965.243, 97
Trd, 4318966.043, 90
Trd, 4318966.143, 71
Trd, 4318966.493, 62
Trd, 4318967.193, 66
Trd, 4318968.093, 60
Trd, 4318968.543, 94
Trd, 4318968.693, 97
Trd, 4318969.343, 76
Trd, 4318969.743, 83
Trd, 4318971.493, 128
Trd, 4318971.693, 131
Trd, 4318971.743, 116
Trd, 4318972.793, 133
Trd, 4318973.943, 65
Trd, 4318974.493, 67
Trd, 4318974.893, 67
Trd, 4318976.043, 67
Trd, 4318976.493, 64
Trd, 4318976.643, 65
Trd, 4318978.243, 135
Trd, 4318978.643, 135
Trd, 4318979.243, 60
Trd, 4318979.443, 61
Trd, 4318979.793, 63
Trd, 4318980.043, 84
Trd, 4318981.143, 92
Trd, 4318982.393, 122
Trd, 4318982.493, 104
Trd, 4318982.693, 81
Trd, 4318984.543, 135
Trd, 4318985.643, 130
Trd, 4318985.693, 119
Trd, 4318985.843, 139
Trd, 4318987.543, 137
Trd, 4318987.793, 120
Trd, 4318987.993, 101
Trd, 4318988.293, 110
Trd, 4318989.193, 94
Trd, 4318990.393, 136
Trd, 4318990.643, 113
Trd, 4318991.343, 99
Trd, 4318991.943, 61
Trd, 4318992.243, 74
Trd, 4318992.743, 62
Trd, 4318994.893, 63
Trd, 4318994.943, 82
Trd, 4318995.743, 116
Trd, 4318996.343, 113
Trd, 4318996.843, 135
Trd, 4318997.443, 110
Trd, 4318997.543, 66
Trd, 4318998.993, 117
Trd, 4318999.493, 90
Trd, 4318999.793, 102
Trd, 4319001.043, 92
Trd, 4319001.743, 76
Trd, 4319002.393, 128
Trd, 4319002.743, 125
Trd, 4319003.343, 79
Trd, 4319003.693, 130
Trd, 4319004.643, 76
Trd, 4319004.693, 85
Trd, 4319005.593, 140
Trd, 4319006.543, 110
Trd, 4319006.643, 128
Trd, 4319006.693, 81
Trd, 4319008.193, 85
Trd, 4319008.493, 119
Trd, 4319009.793, 99
Trd, 4319010.193, 123
Trd, 4319010.843, 81
Trd, 4319011.743, 66
Trd, 4319012.443, 76
Trd, 4319013.593, 65
Trd, 4319014.293, 112
Trd, 4319015.043, 87
Trd, 4319016.243, 61
Trd, 4319016.443, 70
Trd, 4319016.643, 101
Trd, 4319018.243, 60
Trd, 4319019.043, 131
Trd, 4319019.693, 73
Trd, 4319020.643, 72
Trd, 4319021.243, 114
Trd, 4319021.743, 67
Trd, 4319022.693, 100
Trd, 4319023.743, 82
Trd, 4319023.843, 76
Trd, 4319024.143, 64
Trd, 4319024.693, 129
Trd, 4319026.343, 134
Trd, 4319026.593, 122
Trd, 4319028.943, 140
Trd, 4319030.243, 117
Trd, 4319030.643, 114
Trd, 4319031.143, 116
Trd, 4319031.543, 79
Trd, 4319032.043, 94
Trd, 4319032.443, 84
Trd, 4319032.693, 128
Trd, 4319033.443, 81
Trd, 4319035.243, 94
Trd, 4319035.693, 84
Trd, 4319036.243, 107
Trd, 4319036.443, 109
Trd, 4319036.893, 67
Trd, 4319037.493, 92
Trd, 4319038.193, 77
Trd, 4319038.543, 140
Trd, 4319038.993, 121
Trd, 4319039.743, 105
Trd, 4319041.543, 65
Trd, 4319041.793, 98
Trd, 4319041.893, 134
Trd, 4319042.393, 70
Trd, 4319043.493, 134
Trd, 4319043.693, 99
Trd, 4319044.093, 76
Trd, 4319045.493, 135
Trd, 4319047.193, 138
Trd, 4319047.343, 134
Trd, 4319047.793, 129
Trd, 4319047.843, 103
Trd, 4319048.493, 119
Trd, 4319048.993, 136
Trd, 4319049.343, 110
Trd, 4319049.393, 84
Trd, 4319049.793, 62
Trd, 4319050.943, 101
Trd, 4319051.193, 97
Trd, 4319052.693, 126
Trd, 4319052.743, 107
Trd, 4319052.893, 99
Trd, 4319053.593, 130
Trd, 4319054.343, 128
Trd, 4319054.393, 126
Trd, 4319055.493, 134
Trd, 4319056.143, 125
Trd, 4319056.193, 121
Trd, 4319056.393, 91
Trd, 4319058.043, 60
Trd, 4319058.343, 93
Trd, 4319058.943, 112
Trd, 4319059.243, 104
Trd, 4319060.343, 100
Trd, 4319061.293, 138
Trd, 4319062.493, 104
Trd, 4319063.243, 122
Trd, 4319063.393, 124
Trd, 4319064.243, 114
Trd, 4319064.393, 113
Trd, 4319065.443, 126
Trd, 4319065.793, 114
Trd, 4319068.343, 98
Trd, 4319068.643, 90
Trd, 4319068.943, 92
Trd, 4319069.293, 73
Trd, 4319069.393, 73
Trd, 4319069.993, 65
Trd, 4319072.143, 72
Trd, 4319072.893, 131
Trd, 4319073.843, 109
Trd, 4319073.893, 101
Trd, 4319075.043, 67
Trd, 4319075.143, 81
Trd, 4319076.043, 123
Trd, 4319077.343, 61
Trd, 4319078.293, 137
Trd, 4319079.343, 135
Trd, 4319079.393, 124
Trd, 4319079.743, 60
Trd, 4319080.193, 60
Trd, 4319081.193, 112
Trd, 4319081.843, 130
Trd, 4319081.943, 111
Trd, 4319082.593, 134
Trd, 4319082.993, 115
Trd, 4319083.093, 68
Trd, 4319084.243, 104
Trd, 4319084.843, 81
Trd, 4319085.993, 80
Trd, 4319086.493, 63
Trd, 4319086.743, 133
Trd, 4319087.793, 100
Trd, 4319088.593, 121
Trd, 4319088.793, 80
Trd, 4319089.943, 86
Trd, 4319091.893, 130
Trd, 4319091.943, 124
Trd, 4319092.443, 138
Trd, 4319092.693, 133
Trd, 4319093.243, 91
Trd, 4319093.643, 74
Trd, 4319094.043, 63
Trd, 4319094.393, 76
Trd, 4319095.143, 76
Trd, 4319095.943, 65
Trd, 4319096.893, 125
Trd, 4319097.943, 110
Trd, 4319098.543, 134
Trd, 4319098.693, 70
Trd, 4319098.893, 126
Trd, 4319100.793, 133
Trd, 4319101.443, 129
Trd, 4319102.493, 118
Trd, 4319102.643, 119
Trd, 4319104.093, 113
Trd, 4319104.743, 76
Trd, 4319105.193, 119
Trd, 4319105.443, 112
Trd, 4319106.093, 130
Trd, 4319106.593, 125
Trd, 4319106.643, 108
Trd, 4319107.543, 116
Trd, 4319107.593, 115
Trd, 4319108.493, 109
Trd, 4319109.593, 126
Trd, 4319110.693, 116
Trd, 4319110.993, 108
Trd, 4319111.943, 127
Trd, 4319112.893, 114
Trd, 4319113.443, 68
Trd, 4319114.993, 101
Trd, 4319115.643, 139
Trd, 4319115.743, 84
Trd, 4319115.993, 111
Trd, 4319116.343, 82
Trd, 4319116.443, 80
Trd, 4319118.043, 67
Trd, 4319118.493, 62
Trd, 4319120.143, 76
Trd, 4319120.243, 66
Trd, 4319120.293, 67
Trd, 4319121.243, 67
Trd, 4319123.243, 90
Trd, 4319123.343, 79
Trd, 4319124.743, 112
Trd, 4319124.943, 115
Trd, 4319125.443, 108
Trd, 4319125.743, 102
Trd, 4319126.093, 110
Trd, 4319126.993, 96
Trd, 4319127.393, 65
Trd, 4319127.543, 77
Trd, 4319128.893, 99
Trd, 4319129.193, 108
Trd, 4319129.743, 102
Trd, 4319130.193, 69
Trd, 4319132.093, 119
Trd, 4319132.343, 114
Trd, 4319132.793, 132
Trd, 4319133.293, 133
Trd, 4319133.893, 118
Trd, 4319134.293, 89
Trd, 4319134.893, 70
Trd, 4319135.643, 137
Trd, 4319137.493, 71
Trd, 4319138.093, 67
Trd, 4319138.193, 74
Trd, 4319138.493, 96
Trd, 4319138.893, 100
Trd, 4319139.543, 66
Trd, 4319140.943, 103
Trd, 4319140.993, 112
Trd, 4319142.543, 121
Trd, 4319142.743, 113
Trd, 4319143.043, 122
Trd, 4319143.243, 107
Trd, 4319144.043, 116
Trd, 4319145.343, 130
Trd, 4319145.443, 72
Trd, 4319146.043, 66
Trd, 4319146.593, 92
Trd, 4319147.043, 67
Trd, 4319147.193, 76
Trd, 4319148.143, 62
Trd, 4319149.443, 135
Trd, 4319149.993, 126
Trd, 4319150.393, 93
Trd, 4319150.943, 81
Trd, 4319151.593, 107
Trd, 4319152.293, 78
Trd, 4319152.593, 71
Trd, 4319153.193, 66
Trd, 4319154.093, 76
Trd, 4319156.643, 80
Trd, 4319157.193, 124
Trd, 4319157.693, 98
Trd, 4319157.943, 134
Trd, 4319158.093, 84
Trd, 4319158.343, 60
Trd, 4319160.093, 140
Trd, 4319160.443, 114
Trd, 4319160.493, 97
Trd, 4319161.093, 60
Trd, 4319161.443, 130
Trd, 4319161.593, 63
Trd, 4319162.993, 60
Trd, 4319163.243, 79
Trd, 4319163.743, 72
Trd, 4319164.693, 85
Trd, 4319165.493, 131
Trd, 4319165.643, 137
Trd, 4319165.793, 114
Trd, 4319167.843, 101
Trd, 4319168.343, 123
Trd, 4319168.543, 66
Trd, 4319169.443, 122
Trd, 4319169.543, 118
Trd, 4319169.993, 83
Trd, 4319170.093, 78
Trd, 4319170.393, 120
Trd, 4319171.493, 101
Trd, 4319171.593, 96
Trd, 4319172.193, 87
Trd, 4319172.793, 99
Trd, 4319173.543, 60
Trd, 4319174.643, 134
Trd, 4319174.993, 124
Trd, 4319175.493, 89
Trd, 4319175.843, 106
Trd, 4319176.343, 128
Trd, 4319178.593, 117
Trd, 4319179.093, 109
Trd, 4319179.293, 97
Trd, 4319179.493, 84
Trd, 4319180.393, 106
Trd, 4319181.043, 64
Trd, 4319181.543, 61
Trd, 4319182.943, 133
Trd, 4319183.243, 106
Trd, 4319184.343, 95
Trd, 4319184.643, 83
Trd, 4319185.243, 81
Trd, 4319186.143, 89
Trd, 4319186.493, 107
Trd, 4319186.743, 76
Trd, 4319186.943, 91
Trd, 4319187.343, 115
Trd, 4319189.093, 65
Trd, 4319189.893, 65
Trd, 4319190.693, 78
Trd, 4319191.443, 93
Trd, 4319191.893, 106
Trd, 4319192.493, 77
Trd, 4319192.893, 88
Trd, 4319193.293, 64
Trd, 4319193.843, 118
Trd, 4319194.143, 124
Trd, 4319197.793, 97
Trd, 4319198.143, 75
Trd, 4319198.743, 98
Trd, 4319198.793, 102
Trd, 4319199.043, 68
Trd, 4319199.493, 67
Trd, 4319200.493, 89
Trd, 4319200.643, 83
Trd, 4319200.993, 125
Trd, 4319201.793, 117
Trd, 4319202.043, 91
Trd, 4319202.993, 117
Trd, 4319203.393, 116
Trd, 4319204.243, 119
Trd, 4319205.943, 126
Trd, 4319206.043, 114
Trd, 4319207.243, 112
Trd, 4319207.443, 98
Trd, 4319207.543, 86
Trd, 4319208.243, 76
Trd, 4319209.193, 94
Trd, 4319210.193, 134
Trd, 4319210.843, 104
Trd, 4319211.543, 103
Trd, 4319211.843, 111
Trd, 4319212.593, 76
Trd, 4319213.793, 65
Trd, 4319214.293, 73
Trd, 4319215.893, 85
Trd, 4319215.943, 82
Trd, 4319216.443, 126
Trd, 4319217.293, 137
Trd, 4319218.543, 87
Trd, 4319219.193, 137
Trd, 4319219.643, 114
Trd, 4319220.943, 114
Trd, 4319221.193, 106
Trd, 4319221.893, 132
Trd, 4319224.193, 140
Trd, 4319224.243, 126
Trd, 4319224.993, 139
Trd, 4319225.543, 133
Trd, 4319225.843, 124
Trd, 4319226.193, 119
Trd, 4319226.793, 88
Trd, 4319227.643, 118
Trd, 4319229.243, 133
Trd, 4319229.743, 127
Trd, 4319229.993, 112
Trd, 4319230.543, 120
Trd, 4319230.893, 114
Trd, 4319230.993, 117
Trd, 4319232.193, 130
Trd, 4319232.593, 101
Trd, 4319233.993, 137
Trd, 4319234.343, 97
Trd, 4319234.743, 90
Trd, 4319234.843, 79
Trd, 4319234.943, 102
Trd, 4319235.443, 83
Trd, 4319235.943, 85
Trd, 4319236.493, 117
Trd, 4319237.693, 106
Trd, 4319237.743, 89
Trd, 4319237.893, 94
Trd, 4319238.343, 80
Trd, 4319238.793, 81
Trd, 4319239.093, 99
Trd, 4319239.393, 132
Trd, 4319240.093, 124
Trd, 4319240.593, 93
Trd, 4319241.143, 88
Trd, 4319242.893, 130
Trd, 4319243.043, 129
Trd, 4319243.093, 122
Trd, 4319244.343, 132
Trd, 4319244.643, 139
Trd, 4319244.893, 128
Trd, 4319245.793, 120
Trd, 4319246.343, 90
Trd, 4319247.643, 134
Trd, 4319247.893, 130
Trd, 4319247.993, 110
Trd, 4319249.093, 102
Trd, 4319249.693, 98
Trd, 4319250.443, 73
Trd, 4319251.043, 65
Trd, 4319252.693, 124
Trd, 4319254.543, 98
Trd, 4319254.843, 93
Trd, 4319255.093, 131
Trd, 4319256.393, 105
Trd, 4319256.943, 75
Trd, 4319257.443, 104
Trd, 4319258.693, 137
Trd, 4319258.743, 85
Trd, 4319259.943, 71
Trd, 4319260.893, 67
Trd, 4319261.293, 76
Trd, 4319261.543, 118
Trd, 4319261.993, 61
Trd, 4319262.443, 72
Trd, 4319263.843, 104
Trd, 4319264.543, 79
Trd, 4319264.743, 69
Trd, 4319265.693, 110
Trd, 4319266.043, 70
Trd, 4319266.343, 94
Trd, 4319266.443, 76
Trd, 4319266.893, 122
Trd, 4319268.493, 123
Trd, 4319269.593, 130
Trd, 4319270.943, 112
Trd, 4319270.993, 123
Trd, 4319271.793, 102
Trd, 4319271.993, 93
Trd, 4319272.643, 91
Trd, 4319273.943, 122
Trd, 4319274.043, 122
Trd, 4319274.193, 99
Trd, 4319275.143, 76
Trd, 4319275.193, 66
Trd, 4319275.343, 62
Trd, 4319275.793, 67
Trd, 4319276.643, 126
Trd, 4319276.693, 110
Trd, 4319277.443, 137
Trd, 4319277.793, 99
Trd, 4319279.593, 132
Trd, 4319280.393, 98
Trd, 4319280.543, 99
Trd, 4319280.943, 80
Trd, 4319282.143, 80
Trd, 4319282.893, 101
Trd, 4319283.693, 66
Trd, 4319284.143, 138
Trd, 4319287.343, 106
Trd, 4319287.643, 105
Trd, 4319287.943, 83
Trd, 4319288.443, 83
Trd, 4319289.393, 83
Trd, 4319289.893, 102
Trd, 4319290.743, 124
Trd, 4319290.843, 81
Trd, 4319292.443, 139
Trd, 4319292.843, 96
Trd, 4319293.643, 90
Trd, 4319293.693, 95
Trd, 4319295.643, 82
Trd, 4319295.893, 82
Trd, 4319296.393, 100
Trd, 4319296.793, 109
Trd, 4319296.943, 99
Trd, 4319298.293, 96
Trd, 4319298.843, 76
Trd, 4319299.393, 120
Trd, 4319299.493, 118
Trd, 4319300.443, 102
Trd, 4319300.593, 129
Trd, 4319301.193, 120
Trd, 4319301.493, 106
Trd, 4319301.793, 68
Trd, 4319302.343, 127
Trd, 4319303.793, 63
Trd, 4319304.293, 128
Trd, 4319304.593, 106
Trd, 4319304.943, 95
Trd, 4319306.393, 112
Trd, 4319306.543, 66
Trd, 4319306.893, 108
Trd, 4319307.243, 118
Trd, 4319307.993, 75
Trd, 4319310.143, 66
Trd, 4319310.693, 62
Trd, 4319311.143, 68
Trd, 4319311.443, 107
Trd, 4319312.543, 94
Trd, 4319312.743, 129
Trd, 4319313.343, 99
Trd, 4319314.093, 124
Trd, 4319314.793, 63
Trd, 4319315.243, 87
Trd, 4319316.443, 74
Trd, 4319316.943, 103
Trd, 4319318.043, 134
Trd, 4319318.993, 129
Trd, 4319319.043, 121
Trd, 4319319.993, 122
Trd, 4319320.143, 86
Trd, 4319321.393, 105
Trd, 4319322.793, 85
Trd, 4319323.893, 139
Trd, 4319323.943, 114
Trd, 4319324.393, 86
Trd, 4319326.043, 90
Trd, 4319326.793, 69
Trd, 4319327.293, 67
Trd, 4319327.643, 75
Trd, 4319327.993, 72
Trd, 4319328.193, 84
Trd, 4319329.543, 66
Trd, 4319329.793, 78
Trd, 4319330.393, 63
Trd, 4319330.743, 64
Trd, 4319331.293, 71
Trd, 4319331.943, 113
Trd, 4319332.193, 73
Trd, 4319333.043, 133
Trd, 4319334.443, 123
Trd, 4319335.393, 98
Trd, 4319335.443, 98
Trd, 4319336.593, 103
Trd, 4319337.643, 106
Trd, 4319338.843, 109
Trd, 4319339.143, 138
Trd, 4319339.643, 92
Trd, 4319340.493, 105
Trd, 4319340.593, 91
Trd, 4319340.943, 115
Trd, 4319341.043, 136
Trd, 4319342.443, 72
Trd, 4319342.943, 65
Trd, 4319343.993, 131
Trd, 4319344.543, 71
Trd, 4319344.993, 88
Trd, 4319345.343, 103
Trd, 4319345.693, 84
Trd, 4319346.243, 96
Trd, 4319346.393, 103
Trd, 4319347.293, 71
Trd, 4319348.043, 115
Trd, 4319348.093, 80
Trd, 4319348.443, 71
Trd, 4319348.893, 65
Trd, 4319350.843, 119
Trd, 4319350.943, 134
Trd, 4319351.793, 119
Trd, 4319352.343, 118
Trd, 4319352.693, 91
Trd, 4319353.243, 106
Trd, 4319353.493, 62
Trd, 4319353.643, 69
Trd, 4319354.093, 65
Trd, 4319355.193, 76
Trd, 4319355.443, 109
Trd, 4319355.893, 92
Trd, 4319356.543, 123
Trd, 4319358.343, 110
Trd, 4319359.793, 119
Trd, 4319360.543, 110
Trd, 4319361.393, 118
Trd, 4319361.443, 99
Trd, 4319361.493, 98
Trd, 4319361.543, 86
Trd, 4319362.593, 139
Trd, 4319362.943, 82
Trd, 4319363.293, 67
Trd, 4319364.693, 138
Trd, 4319365.293, 126
Trd, 4319365.943, 128
Trd, 4319366.593, 80
Trd, 4319367.243, 99
Trd, 4319367.793, 64
Trd, 4319368.343, 61
Trd, 4319368.393, 107
Trd, 4319368.693, 125
Trd, 4319368.843, 66
Trd, 4319369.943, 87
Trd, 4319370.893, 125
Trd, 4319370.993, 78
Trd, 4319371.193, 71
Trd, 4319371.693, 137
Trd, 4319372.943, 76
Trd, 4319373.643, 94
Trd, 4319374.493, 120
Trd, 4319375.043, 113
Trd, 4319375.193, 103
Trd, 4319376.593, 71
Trd, 4319377.593, 111
Trd, 4319377.893, 92
Trd, 4319378.443, 62
Trd, 4319380.293, 113
Trd, 4319381.243, 103
Trd, 4319381.793, 93
Trd, 4319382.543, 70
Trd, 4319383.093, 63
Trd, 4319383.393, 114
Trd, 4319383.743, 134
Trd, 4319384.343, 67
Trd, 4319384.793, 60
Trd, 4319384.843, 85
Trd, 4319385.543, 127
Trd, 4319387.243, 102
Trd, 4319387.593, 115
Trd, 4319387.793, 92
Trd, 4319388.393, 120
Trd, 4319388.793, 99
Trd, 4319389.293, 109
Trd, 4319389.793, 114
Trd, 4319391.293, 92
Trd, 4319391.893, 128
Trd, 4319392.243, 129
Trd, 4319392.693, 72
Trd, 4319393.893, 129
Trd, 4319393.943, 82
Trd, 4319394.743, 63
Trd, 4319394.893, 68
Trd, 4319396.293, 116
Trd, 4319397.343, 120
Trd, 4319397.543, 100
Trd, 4319398.093, 99
Trd, 4319398.193, 71
Trd, 4319398.343, 76
Trd, 4319399.293, 123
Trd, 4319399.643, 116
Trd, 4319400.043, 87
Trd, 4319400.243, 74
Trd, 4319400.493, 94
Trd, 4319401.543, 116
Trd, 4319401.643, 130
Trd, 4319402.243, 70
Trd, 4319403.593, 89
Trd, 4319403.743, 92
Trd, 4319403.943, 104
Trd, 4319405.293, 82
Trd, 4319406.143, 62
Trd, 4319407.093, 63
Trd, 4319407.243, 73
Trd, 4319407.893, 61
Trd, 4319408.393, 135
Trd, 4319409.843, 102
Trd, 4319410.443, 112
Trd, 4319411.443, 120
Trd, 4319412.293, 95
Trd, 4319412.843, 104
Trd, 4319413.193, 116
Trd, 4319413.243, 112
Trd, 4319413.693, 68
Trd, 4319414.743, 83
Trd, 4319415.593, 70
Trd, 4319415.993, 73
Trd, 4319416.993, 62
Trd, 4319417.993, 68
Trd, 4319418.493, 64
Trd, 4319418.843, 102
Trd, 4319419.243, 72
Trd, 4319420.243, 67
Trd, 4319421.943, 119
Trd, 4319422.643, 93
Trd, 4319422.693, 84
Trd, 4319422.943, 78
Trd, 4319424.143, 76
Trd, 4319425.393, 114
Trd, 4319425.743, 81
Trd, 4319426.143, 73
Trd, 4319427.643, 109
Trd, 4319427.943, 80
Trd, 4319428.793, 75
Trd, 4319428.843, 117
Trd, 4319429.593, 91
Trd, 4319429.943, 73
Trd, 4319430.543, 68
Trd, 4319432.193, 115
Trd, 4319432.543, 117
Trd, 4319434.043, 94
Trd, 4319434.493, 68
Trd, 4319435.493, 96
Trd, 4319436.143, 103
Trd, 4319436.443, 125
Trd, 4319437.193, 98
Trd, 4319438.243, 111
Trd, 4319438.593, 114
Trd, 4319438.643, 105
Trd, 4319439.493, 65
Trd, 4319439.693, 69
Trd, 4319439.743, 73
Trd, 4319441.493, 71
Trd, 4319441.693, 110
Trd, 4319441.993, 132
Trd, 4319443.043, 113
Trd, 4319443.993, 128
Trd, 4319444.643, 108
Trd, 4319444.993, 103
Trd, 4319445.993, 100
Trd, 4319446.193, 61
Trd, 4319446.993, 114
Trd, 4319448.243, 133
Trd, 4319448.293, 130
Trd, 4319449.093, 119
Trd, 4319449.843, 116
Trd, 4319449.893, 100
Trd, 4319450.993, 138
Trd, 4319451.243, 129
Trd, 4319453.093, 85
Trd, 4319453.443, 61
Trd, 4319453.543, 107
Trd, 4319454.393, 77
Trd, 4319454.943, 127
Trd, 4319455.443, 97
Trd, 4319455.643, 88
Trd, 4319457.393, 116
Trd, 4319457.843, 107
Trd, 4319458.093, 128
Trd, 4319459.493, 126
Trd, 4319459.943, 140
Trd, 4319460.093, 121
Trd, 4319460.193, 115
Trd, 4319461.843, 135
Trd, 4319461.943, 101
Trd, 4319462.393, 79
Trd, 4319463.143, 128
Trd, 4319464.493, 115
Trd, 4319464.743, 106
Trd, 4319464.793, 102
Trd, 4319466.093, 110
Trd, 4319466.793, 109
Trd, 4319467.593, 131
Trd, 4319467.643, 83
Trd, 4319470.543, 79
Trd, 4319470.643, 76
Trd, 4319471.143, 128
Trd, 4319471.843, 71
Trd, 4319471.893, 92
Trd, 4319472.543, 130
Trd, 4319473.493, 102
Trd, 4319473.593, 112
Trd, 4319473.843, 137
Trd, 4319474.393, 127
Trd, 4319475.643, 136
Trd, 4319475.793, 127
Trd, 4319476.143, 124
Trd, 4319477.293, 115
Trd, 4319477.393, 91
Trd, 4319477.493, 83
Trd, 4319478.393, 124
Trd, 4319478.893, 119
Trd, 4319479.243, 98
Trd, 4319480.543, 88
Trd, 4319480.593, 90
Trd, 4319481.543, 124
Trd, 4319482.493, 111
Trd, 4319482.593, 113
Trd, 4319482.743, 105
Trd, 4319484.193, 127
Trd, 4319484.493, 101
Trd, 4319485.393, 107
Trd, 4319485.443, 94
Trd, 4319485.493, 75
Trd, 4319485.543, 68
Trd, 4319485.993, 60
Trd, 4319486.343, 120
Trd, 4319488.043, 127
Trd, 4319488.093, 125
Trd, 4319488.243, 95
Trd, 4319490.643, 115
Trd, 4319491.043, 115
Trd, 4319491.393, 100
Trd, 4319491.943, 98
Trd, 4319493.143, 139
Trd, 4319493.893, 99
Trd, 4319494.243, 138
Trd, 4319495.543, 122
Trd, 4319495.843, 97
Trd, 4319496.543, 127
Trd, 4319496.693, 117
Trd, 4319498.243, 133
Trd, 4319499.543, 128
Trd, 4319499.693, 126
Trd, 4319500.843, 80
Trd, 4319501.093, 86
Trd, 4319501.493, 103
Trd, 4319502.643, 78
Trd, 4319503.643, 105
Trd, 4319503.793, 62
Trd, 4319504.243, 139
Trd, 4319504.993, 127
Trd, 4319506.093, 77
Trd, 4319506.443, 128
Trd, 4319507.893, 79
Trd, 4319509.043, 128
Trd, 4319509.543, 122
Trd, 4319511.743, 138
Trd, 4319512.093, 136
Trd, 4319512.493, 109
Trd, 4319512.543, 107
Trd, 4319513.493, 107
Trd, 4319514.343, 106
Trd, 4319515.443, 139
Trd, 4319515.493, 86
Trd, 4319515.593, 131
Trd, 4319516.593, 80
Trd, 4319517.443, 74
Trd, 4319517.793, 87
Trd, 4319517.993, 96
Trd, 4319519.093, 108
Trd, 4319519.343, 67
Trd, 4319520.993, 61
Trd, 4319521.343, 74
Trd, 4319521.443, 99
Trd, 4319521.593, 61
Trd, 4319521.893, 62
Trd, 4319523.943, 91
Trd, 4319524.093, 77
Trd, 4319525.743, 60
Trd, 4319525.993, 64
Trd, 4319526.943, 120
Trd, 4319528.093, 109
Trd, 4319528.243, 97
Trd, 4319528.843, 89
Trd, 4319529.243, 74
Trd, 4319529.593, 65
Trd, 4319529.693, 68
Trd, 4319530.243, 96
Trd, 4319530.393, 92
Trd, 4319531.593, 64
Trd, 4319531.643, 89
Trd, 4319532.143, 61
Trd, 4319532.893, 137
Trd, 4319534.293, 136
Trd, 4319534.793, 119
Trd, 4319536.093, 122
Trd, 4319536.293, 105
Trd, 4319536.743, 104
Trd, 4319537.343, 126
Trd, 4319537.593, 100
Trd, 4319538.193, 139
Trd, 4319540.643, 117
Trd, 4319540.843, 90
Trd, 4319541.243, 112
Trd, 4319541.943, 107
Trd, 4319542.493, 101
Trd, 4319542.643, 130
Trd, 4319543.543, 89
Trd, 4319543.693, 72
Trd, 4319544.293, 120
Trd, 4319544.993, 75
Trd, 4319545.493, 116
Trd, 4319545.993, 106
Trd, 4319546.793, 111
Trd, 4319547.643, 63
Trd, 4319548.393, 91
Trd, 4319548.643, 86
Trd, 4319550.043, 65
Trd, 4319550.493, 61
Trd, 4319551.443, 111
Trd, 4319552.143, 78
Trd, 4319552.993, 85
Trd, 4319553.293, 122
Trd, 4319554.093, 124
Trd, 4319554.143, 118
Trd, 4319554.593, 96
Trd, 4319555.243, 111
Trd, 4319555.443, 103
Trd, 4319556.193, 87
Trd, 4319556.593, 129
Trd, 4319557.543, 132
Trd, 4319558.343, 126
Trd, 4319559.743, 125
Trd, 4319561.393, 105
Trd, 4319561.493, 86
Trd, 4319561.743, 68
Trd, 4319562.193, 64
Trd, 4319562.643, 68
Trd, 4319563.543, 106
Trd, 4319563.743, 134
Trd, 4319564.443, 79
Trd, 4319564.593, 67
Trd, 4319564.943, 72
Trd, 4319565.693, 85
Trd, 4319566.543, 129
Trd, 4319567.643, 64
Trd, 4319567.843, 69
Trd, 4319569.043, 64
Trd, 4319569.343, 66
Trd, 4319570.543, 76
Trd, 4319571.393, 75
Trd, 4319571.893, 138
Trd, 4319572.243, 98
Trd, 4319572.593, 132
Trd, 4319573.443, 93
Trd, 4319573.743, 66
Trd, 4319575.293, 129
Trd, 4319576.043, 123
Trd, 4319576.143, 107
Trd, 4319576.993, 136
Trd, 4319577.143, 132
Trd, 4319577.743, 89
Trd, 4319577.793, 66
Trd, 4319579.643, 105
Trd, 4319580.693, 88
Trd, 4319580.893, 110
Trd, 4319581.093, 124
Trd, 4319581.193, 84
Trd, 4319582.443, 68
Trd, 4319583.443, 78
Trd, 4319583.543, 129
Trd, 4319583.893, 74
Trd, 4319584.893, 128
Trd, 4319585.543, 75
Trd, 4319586.393, 96
Trd, 4319587.793, 65
Trd, 4319588.593, 121
Trd, 4319588.743, 62
Trd, 4319589.043, 70
Trd, 4319590.243, 97
Trd, 4319591.593, 98
Trd, 4319591.793, 96
Trd, 4319591.943, 84
Trd, 4319592.443, 121
Trd, 4319592.943, 76
Trd, 4319593.843, 138
Trd, 4319594.193, 119
Trd, 4319595.993, 125
Trd, 4319596.043, 105
Trd, 4319597.543, 135
Trd, 4319597.793, 104
Trd, 4319598.143, 115
Trd, 4319598.543, 104
Trd, 4319599.293, 112
Trd, 4319600.393, 132
Trd, 4319602.043, 136
Trd, 4319602.143, 133
Trd, 4319602.743, 90
Trd, 4319603.193, 92
Trd, 4319603.793, 132
Trd, 4319604.593, 87
Trd, 4319605.343, 73
Trd, 4319605.843, 124
Trd, 4319607.043, 92
Trd, 4319607.143, 73
Trd, 4319607.343, 112
Trd, 4319608.643, 94
Trd, 4319610.043, 137
Trd, 4319610.793, 71
Trd, 4319611.093, 75
Trd, 4319611.593, 139
Trd, 4319612.493, 104
Trd, 4319615.143, 140
Trd, 4319615.243, 140
Trd, 4319615.343, 115
Trd, 4319615.843, 96
Trd, 4319616.293, 137
Trd, 4319617.243, 131
Trd, 4319618.243, 127
Trd, 4319618.393, 77
Trd, 4319619.643, 138
Trd, 4319620.343, 137
Trd, 4319620.393, 101
Trd, 4319622.843, 131
Trd, 4319623.743, 96
Trd, 4319624.243, 65
Trd, 4319624.943, 60
Trd, 4319625.843, 62
Trd, 4319625.993, 122
Trd, 4319626.243, 60
Trd, 4319627.093, 87
Trd, 4319627.293, 84
Trd, 4319628.693, 132
Trd, 4319629.143, 124
Trd, 4319629.293, 80
Trd, 4319630.443, 65
Trd, 4319630.543, 105
Trd, 4319632.043, 115
Trd, 4319632.793, 100
Trd, 4319633.043, 99
Trd, 4319634.493, 94
Trd, 4319635.943, 121
Trd, 4319636.493, 81
Trd, 4319637.243, 76
Trd, 4319637.543, 83
Trd, 4319638.793, 121
Trd, 4319638.943, 118
Trd, 4319640.093, 122
Trd, 4319640.243, 109
Trd, 4319640.793, 90
Trd, 4319641.293, 69
Trd, 4319642.043, 110
Trd, 4319642.493, 93
Trd, 4319642.643, 125
Trd, 4319643.493, 78
Trd, 4319644.693, 129
Trd, 4319645.743, 133
Trd, 4319645.893, 120
Trd, 4319645.943, 112
Trd, 4319648.543, 122
Trd, 4319648.793, 133
Trd, 4319648.893, 107
Trd, 4319649.093, 95
Trd, 4319649.843, 138
Trd, 4319650.443, 84
Trd, 4319650.643, 81
Trd, 4319650.743, 81
Trd, 4319651.843, 134
Trd, 4319651.993, 102
Trd, 4319652.843, 114
Trd, 4319654.093, 123
Trd, 4319654.243, 85
Trd, 4319654.293, 74
Trd, 4319656.543, 111
Trd, 4319656.643, 102
Trd, 4319657.143, 62
Trd, 4319657.293, 98
Trd, 4319657.693, 97
Trd, 4319658.443, 85
Trd, 4319658.693, 139
Trd, 4319658.943, 74
Trd, 4319660.593, 88
Trd, 4319661.143, 129
Trd, 4319662.093, 113
Trd, 4319663.193, 129
Trd, 4319663.243, 82
Trd, 4319663.493, 102
Trd, 4319665.893, 109
Trd, 4319666.593, 140
Trd, 4319667.143, 113
Trd, 4319667.693, 101
Trd, 4319667.743, 72
Trd, 4319669.293, 126
Trd, 4319669.493, 86
Trd, 4319669.993, 91
Trd, 4319670.143, 90
Trd, 4319670.543, 60
Trd, 4319670.643, 73
Trd, 4319673.693, 103
Trd, 4319674.543, 119
Trd, 4319674.743, 112
Trd, 4319674.893, 87
Trd, 4319675.643, 82
Trd, 4319675.743, 108
Trd, 4319676.143, 80
Trd, 4319677.243, 106
Trd, 4319677.543, 85
Trd, 4319677.943, 73
Trd, 4319678.043, 73
Trd, 4319679.593, 79
Trd, 4319681.043, 87
Trd, 4319681.993, 117
Trd, 4319682.943, 132
Trd, 4319684.243, 120
Trd, 4319684.293, 110
Trd, 4319685.043, 109
Trd, 4319685.743, 126
Trd, 4319686.443, 107
Trd, 4319686.893, 108
Trd, 4319688.243, 124
Trd, 4319688.293, 116
Trd, 4319688.693, 118
Trd, 4319689.193, 91
Trd, 4319689.943, 132
Trd, 4319691.093, 75
Trd, 4319691.793, 139
Trd, 4319691.993, 71
Trd, 4319692.993, 64
Trd, 4319693.843, 62
Trd, 4319694.493, 73
Trd, 4319694.693, 60
Trd, 4319695.443, 132
Trd, 4319695.743, 109
Trd, 4319696.143, 96
Trd, 4319696.843, 60
Trd, 4319697.043, 82
Trd, 4319698.143, 132
Trd, 4319698.793, 121
Trd, 4319699.093, 131
Trd, 4319699.243, 117
Trd, 4319699.593, 78
Trd, 4319701.943, 95
Trd, 4319702.143, 64
Trd, 4319702.443, 105
Trd, 4319702.493, 75
Trd, 4319703.543, 69
Trd, 4319703.693, 122
Trd, 4319704.543, 126
Trd, 4319705.393, 61
Trd, 4319705.543, 83
Trd, 4319706.193, 106
Trd, 4319706.643, 111
Trd, 4319707.043, 126
Trd, 4319709.543, 71
Trd, 4319710.793, 116
Trd, 4319711.243, 86
Trd, 4319711.893, 81
Trd, 4319712.543, 136
Trd, 4319712.643, 110
Trd, 4319713.443, 77
Trd, 4319714.143, 127
Trd, 4319714.593, 60
Trd, 4319714.843, 121
Trd, 4319716.093, 68
Trd, 4319716.443, 117
Trd, 4319716.793, 108
Trd, 4319717.993, 65
Trd, 4319718.943, 60
Trd, 4319719.443, 61
Trd, 4319720.193, 62
Trd, 4319720.243, 82
Trd, 4319720.543, 61
Trd, 4319721.593, 107
Trd, 4319722.493, 77
Trd, 4319722.793, 65
Trd, 4319723.993, 85
Trd, 4319724.593, 98
Trd, 4319725.293, 102
Trd, 4319725.743, 71
Trd, 4319726.293, 91
Trd, 4319726.343, 66
Trd, 4319727.443, 113
Trd, 4319727.793, 89
Trd, 4319728.193, 81
Trd, 4319729.293, 64
Trd, 4319729.443, 73
Trd, 4319730.143, 66
Trd, 4319730.743, 109
Trd, 4319731.193, 109
Trd, 4319732.243, 121
Trd, 4319733.843, 61
Trd, 4319734.593, 88
Trd, 4319734.943, 82
Trd, 4319737.243, 125
Trd, 4319737.593, 137
Trd, 4319737.693, 119
Trd, 4319738.293, 102
Trd, 4319739.143, 99
Trd, 4319739.193, 99
Trd, 4319739.293, 81
Trd, 4319740.243, 134
Trd, 4319740.343, 119
Trd, 4319740.793, 103
Trd, 4319743.243, 91
Trd, 4319743.943, 133
Trd, 4319744.943, 116
Trd, 4319744.993, 102
Trd, 4319746.493, 94
Trd, 4319747.143, 134
Trd, 4319747.343, 108
Trd, 4319747.843, 114
Trd, 4319747.943, 88
Trd, 4319748.043, 80
Trd, 4319748.943, 121
Trd, 4319749.593, 95
Trd, 4319750.043, 126
Trd, 4319752.793, 140
Trd, 4319753.443, 112
Trd, 4319753.493, 96
Trd, 4319754.343, 95
Trd, 4319754.743, 95
Trd, 4319754.843, 87
Trd, 4319755.543, 72
Trd, 4319755.593, 81
Trd, 4319755.993, 139
Trd, 4319756.743, 83
Trd, 4319757.443, 64
Trd, 4319758.043, 66
Trd, 4319758.643, 70
Trd, 4319759.143, 91
Trd, 4319760.543, 67
Trd, 4319760.643, 67
Trd, 4319761.943, 110
Trd, 4319762.643, 133
Trd, 4319762.943, 129
Trd, 4319763.093, 112
Trd, 4319763.693, 134
Trd, 4319764.893, 113
Trd, 4319765.443, 109
Trd, 4319765.493, 78
Trd, 4319766.493, 103
Trd, 4319767.043, 119
Trd, 4319767.293, 109
Trd, 4319767.493, 101
Trd, 4319767.593, 96
Trd, 4319769.293, 81
Trd, 4319770.743, 97
Trd, 4319770.793, 89
Trd, 4319772.343, 109
Trd, 4319772.493, 93
Trd, 4319772.743, 73
Trd, 4319773.093, 64
Trd, 4319773.693, 61
Trd, 4319774.943, 60
Trd, 4319776.093, 111
Trd, 4319776.943, 107
Trd, 4319777.043, 97
Trd, 4319777.493, 108
Trd, 4319778.793, 84
Trd, 4319779.143, 123
Trd, 4319780.693, 79
Trd, 4319781.443, 116
Trd, 4319781.543, 74
Trd, 4319782.393, 64
Trd, 4319782.993, 92
Trd, 4319783.293, 131
Trd, 4319783.343, 128
Trd, 4319785.793, 108
Trd, 4319786.443, 128
Trd, 4319786.543, 138
Trd, 4319787.693, 96
Trd, 4319788.143, 94
Trd, 4319788.343, 86
Trd, 4319788.893, 70
Trd, 4319789.693, 89
Trd, 4319789.993, 114
Trd, 4319791.793, 96
Trd, 4319792.193, 75
Trd, 4319793.193, 66
Trd, 4319795.093, 133
Trd, 4319795.793, 124
Trd, 4319795.843, 87
Trd, 4319796.043, 86
Trd, 4319797.393, 102
Trd, 4319797.693, 121
Trd, 4319797.743, 100
Trd, 4319798.543, 61
Trd, 4319798.693, 108
Trd, 4319799.093, 92
Trd, 4319799.493, 112
Trd, 4319800.943, 121
Trd, 4319801.793, 126
Trd, 4319803.043, 112
Trd, 4319803.343, 129
Trd, 4319805.493, 93
Trd, 4319806.193, 125
Trd, 4319806.593, 137
Trd, 4319806.693, 99
Trd, 4319807.343, 120
Trd, 4319807.593, 98
Trd, 4319808.093, 89
Trd, 4319809.293, 117
Trd, 4319809.443, 115
Trd, 4319809.643, 113
Trd, 4319810.393, 124
Trd, 4319811.893, 110
Trd, 4319811.993, 135
Trd, 4319812.393, 91
Trd, 4319813.743, 114
Trd, 4319814.243, 96
Trd, 4319815.343, 105
Trd, 4319816.193, 81
Trd, 4319816.993, 90
Trd, 4319817.543, 124
Trd, 4319817.643, 105
Trd, 4319818.043, 60
Trd, 4319819.943, 140
Trd, 4319820.143, 132
Trd, 4319821.393, 133
Trd, 4319822.793, 122
Trd, 4319823.143, 136
Trd, 4319823.343, 97
Trd, 4319823.793, 87
Trd, 4319823.943, 84
Trd, 4319825.443, 117
Trd, 4319825.693, 111
Trd, 4319826.143, 112
Trd, 4319826.193, 83
Trd, 4319827.343, 90
Trd, 4319827.793, 89
Trd, 4319828.593, 127
Trd, 4319829.093, 103
Trd, 4319830.243, 114
Trd, 4319830.543, 96
Trd, 4319831.493, 69
Trd, 4319832.143, 64
Trd, 4319832.893, 69
Trd, 4319832.943, 73
Trd, 4319833.043, 69
Trd, 4319834.543, 68
Trd, 4319834.793, 75
Trd, 4319835.443, 130
Trd, 4319836.393, 73
Trd, 4319836.643, 120
Trd, 4319836.943, 63
Trd, 4319837.693, 82
Trd, 4319838.193, 83
Trd, 4319839.343, 89
Trd, 4319839.743, 94
Trd, 4319839.843, 82
Trd, 4319840.643, 75
Trd, 4319841.993, 106
Trd, 4319843.743, 130
Trd, 4319843.943, 106
Trd, 4319843.993, 88
Trd, 4319844.743, 63
Trd, 4319845.993, 98
Trd, 4319846.243, 62
Trd, 4319846.743, 62
Trd, 4319847.093, 68
Trd, 4319848.143, 116
Trd, 4319849.043, 134
Trd, 4319849.643, 138
Trd, 4319850.793, 95
Trd, 4319851.793, 94
Trd, 4319852.343, 88
Trd, 4319853.343, 81
Trd, 4319853.843, 126
Trd, 4319854.543, 61
Trd, 4319855.043, 96
Trd, 4319855.343, 74
Trd, 4319856.343, 62
Trd, 4319856.993, 94
Trd, 4319857.343, 82
Trd, 4319857.893, 64
Trd, 4319858.043, 130
Trd, 4319858.293, 83
Trd, 4319859.143, 111
Trd, 4319860.993, 126
Trd, 4319861.193, 79
Trd, 4319861.293, 87
Trd, 4319861.543, 122
Trd, 4319861.893, 77
Trd, 4319862.793, 117
Trd, 4319863.843, 116
Trd, 4319864.593, 99
Trd, 4319865.893, 119
Trd, 4319865.993, 110
Trd, 4319867.243, 99
Trd, 4319868.143, 113
Trd, 4319868.243, 106
Trd, 4319868.593, 131
Trd, 4319869.093, 133
Trd, 4319869.693, 61
Trd, 4319870.193, 84
Trd, 4319870.793, 137
Trd, 4319871.943, 118
Trd, 4319872.193, 117
Trd, 4319873.293, 122
Trd, 4319873.593, 91
Trd, 4319873.993, 92
Trd, 4319874.893, 140
Trd, 4319875.543, 124
Trd, 4319875.693, 101
Trd, 4319876.643, 109
Trd, 4319877.543, 125
Trd, 4319877.693, 98
Trd, 4319877.743, 89
Trd, 4319879.243, 115
Trd, 4319879.543, 128
Trd, 4319880.243, 85
Trd, 4319880.543, 85
Trd, 4319881.343, 135
Trd, 4319882.743, 138
Trd, 4319882.893, 110
Trd, 4319883.243, 105
Trd, 4319884.343, 124
Trd, 4319884.693, 113
Trd, 4319886.293, 114
Trd, 4319886.743, 123
Trd, 4319886.993, 100
Trd, 4319887.693, 85
Trd, 4319887.893, 105
Trd, 4319888.193, 93
Trd, 4319888.343, 71
Trd, 4319888.793, 83
Trd, 4319889.343, 138
Trd, 4319889.943, 61
Trd, 4319892.193, 128
Trd, 4319892.493, 71
Trd, 4319893.193, 101
Trd, 4319893.343, 67
Trd, 4319894.143, 97
Trd, 4319894.193, 114
Trd, 4319896.593, 71
Trd, 4319897.243, 64
Trd, 4319897.493, 74
Trd, 4319897.743, 63
Trd, 4319897.843, 89
Trd, 4319898.443, 126
Trd, 4319898.893, 126
Trd, 4319899.243, 134
Trd, 4319899.443, 132
Trd, 4319899.843, 63
Trd, 4319901.243, 138
Trd, 4319902.143, 129
Trd, 4319902.343, 107
Trd, 4319903.393, 115
Trd, 4319903.493, 64
Trd, 4319905.293, 73
Trd, 4319906.043, 70
Trd, 4319907.493, 89
Trd, 4319907.693, 94
Trd, 4319907.843, 68
Trd, 4319908.093, 82
Trd, 4319908.993, 125
Trd, 4319910.243, 122
Trd, 4319910.793, 73
Trd, 4319913.093, 95
Trd, 4319913.293, 122
Trd, 4319913.493, 83
Trd, 4319913.893, 92
Trd, 4319914.643, 107
Trd, 4319916.193, 60
Trd, 4319916.393, 107
Trd, 4319917.093, 96
Trd, 4319917.643, 88
Trd, 4319917.693, 95
Trd, 4319918.393, 86
Trd, 4319919.843, 121
Trd, 4319920.893, 105
Trd, 4319921.443, 86
Trd, 4319921.493, 87
Trd, 4319922.243, 78
Trd, 4319922.343, 78
Trd, 4319923.193, 119
Trd, 4319924.143, 113
Trd, 4319924.843, 68
Trd, 4319925.493, 87
Trd, 4319925.943, 89
Trd, 4319926.143, 76
Trd, 4319926.493, 65
Trd, 4319927.443, 124
Trd, 4319928.743, 86
Trd, 4319928.793, 85
Trd, 4319929.643, 134
Trd, 4319930.993, 98
Trd, 4319932.593, 128
Trd, 4319932.843, 135
Trd, 4319933.443, 126
Trd, 4319934.593, 127
Trd, 4319934.793, 109
Trd, 4319935.243, 132
Trd, 4319935.893, 113
Trd, 4319936.743, 61
Trd, 4319936.993, 102
Trd, 4319938.643, 139
Trd, 4319938.793, 134
Trd, 4319939.293, 123
Trd, 4319940.743, 129
Trd, 4319941.343, 110
Trd, 4319941.443, 107
Trd, 4319941.943, 99
Trd, 4319942.843, 138
Trd, 4319943.593, 109
Trd, 4319944.393, 86
Trd, 4319944.493, 86
Trd, 4319944.793, 102
Trd, 4319945.443, 81
Trd, 4319946.693, 83
Trd, 4319946.943, 90
Trd, 4319948.093, 138
Trd, 4319948.643, 127
Trd, 4319949.143, 118
Trd, 4319949.493, 117
Trd, 4319949.693, 109
Trd, 4319949.843, 98
Trd, 4319950.093, 89
Trd, 4319951.343, 87
Trd, 4319952.343, 73
Trd, 4319952.543, 61
Trd, 4319952.743, 87
Trd, 4319953.743, 73
Trd, 4319954.593, 120
Trd, 4319956.193, 138
Trd, 4319956.493, 112
Trd, 4319957.143, 87
Trd, 4319958.243, 134
Trd, 4319958.393, 128
Trd, 4319958.643, 126
Trd, 4319958.793, 125
Trd, 4319960.043, 130
Trd, 4319960.243, 126
Trd, 4319962.093, 88
Trd, 4319962.393, 78
Trd, 4319962.493, 71
Trd, 4319963.743, 73
Trd, 4319963.843, 97
Trd, 4319964.593, 117
Trd, 4319964.993, 101
Trd, 4319966.593, 117
Trd, 4319966.693, 96
Trd, 4319967.393, 92
Trd, 4319967.993, 100
Trd, 4319969.193, 116
Trd, 4319970.543, 131
Trd, 4319972.543, 101
Trd, 4319972.743, 127
Trd, 4319973.143, 95
Trd, 4319973.543, 83
Trd, 4319974.143, 77
Trd, 4319974.543, 81
Trd, 4319975.093, 101
Trd, 4319975.193, 92
Trd, 4319975.543, 72
Trd, 4319977.093, 62
Trd, 4319977.843, 113
Trd, 4319978.943, 97
Trd, 4319979.993, 84
Trd, 4319980.043, 84
Trd, 4319981.393, 113
Trd, 4319981.893, 106
Trd, 4319982.493, 78
Trd, 4319982.893, 128
Trd, 4319985.643, 111
Trd, 4319986.843, 124
Trd, 4319987.243, 112
Trd, 4319987.793, 124
Trd, 4319987.943, 96
Trd, 4319988.943, 97
Trd, 4319988.993, 66
Trd, 4319990.343, 104
Trd, 4319991.143, 101
Trd, 4319992.593, 115
Trd, 4319993.043, 106
Trd, 4319993.943, 136
Trd, 4319994.643, 110
Trd, 4319994.743, 122
Trd, 4319995.343, 133
Trd, 4319995.393, 89
Trd, 4319996.543, 61
Trd, 4319997.743, 62
Trd, 4319998.193, 74
Trd, 4319998.643, 61
Trd, 4319999.393, 67
