Trd, 4318144.143, 62
Trd, 4318144.993, 61
Trd, 4318145.893, 62
Trd, 4318146.193, 60
Trd, 4318146.993, 60
Trd, 4318147.343, 68
Trd, 4318148.493, 140
Trd, 4318148.693, 140
Trd, 4318149.443, 140
Trd, 4318149.493, 140
Trd, 4318151.643, 60
Trd, 4318151.693, 60
Trd, 4318152.793, 61
Trd, 4318153.243, 61
Trd, 4318154.543, 61
Trd, 4318154.993, 60
Trd, 4318155.843, 60
Trd, 4318157.343, 60
Trd, 4318158.093, 62
Trd, 4318158.543, 60
Trd, 4318158.643, 63
Trd, 4318159.443, 65
Trd, 4318159.743, 68
Trd, 4318160.193, 62
Trd, 4318161.643, 140
Trd, 4318161.893, 140
Trd, 4318161.993, 140
Trd, 4318162.243, 60
Trd, 4318164.343, 140
Trd, 4318164.543, 140
Trd, 4318165.493, 140
Trd, 4318165.643, 140
Trd, 4318166.343, 140
Trd, 4318166.493, 140
Trd, 4318166.543, 140
Trd, 4318166.743, 140
Trd, 4318166.943, 140
Trd, 4318168.143, 136
Trd, 4318169.143, 140
Trd, 4318169.543, 140
Trd, 4318170.143, 140
Trd, 4318171.193, 68
Trd, 4318172.293, 64
Trd, 4318172.493, 65
Trd, 4318173.143, 60
Trd, 4318175.243, 60
Trd, 4318175.343, 60
Trd, 4318175.793, 60
Trd, 4318176.393, 64
Trd, 4318177.343, 68
Trd, 4318179.193, 62
Trd, 4318179.743, 62
Trd, 4318180.143, 64
Trd, 4318181.543, 60
Trd, 4318182.043, 60
Trd, 4318182.443, 60
Trd, 4318182.643, 60
Trd, 4318183.293, 60
Trd, 4318184.343, 65
Trd, 4318184.493, 61
Trd, 4318184.693, 65
Trd, 4318185.193, 63
Trd, 4318186.393, 140
Trd, 4318186.993, 140
Trd, 4318187.693, 140
Trd, 4318188.143, 140
Trd, 4318188.793, 140
Trd, 4318189.493, 139
Trd, 4318190.193, 139
Trd, 4318190.643, 140
Trd, 4318190.743, 139
Trd, 4318191.343, 140
Trd, 4318192.343, 69
Trd, 4318192.643, 70
Trd, 4318195.693, 61
Trd, 4318196.543, 60
Trd, 4318196.593, 61
Trd, 4318197.693, 60
Trd, 4318198.543, 60
Trd, 4318198.943, 60
Trd, 4318199.043, 60
Trd, 4318200.793, 60
Trd, 4318201.493, 60
Trd, 4318203.193, 61
Trd, 4318203.893, 60
Trd, 4318204.093, 61
Trd, 4318204.443, 60
Trd, 4318204.743, 61
Trd, 4318205.243, 60
Trd, 4318205.793, 62
Trd, 4318206.043, 62
Trd, 4318207.693, 140
Trd, 4318207.793, 140
Trd, 4318208.293, 139
Trd, 4318209.843, 60
Trd, 4318210.593, 60
Trd, 4318210.793, 60
Trd, 4318211.293, 61
Trd, 4318211.543, 61
Trd, 4318213.243, 60
Trd, 4318215.493, 60
Trd, 4318215.543, 60
Trd, 4318216.393, 60
Trd, 4318216.793, 60
Trd, 4318218.093, 60
Trd, 4318218.743, 61
Trd, 4318219.643, 60
Trd, 4318221.643, 61
Trd, 4318222.543, 62
Trd, 4318222.593, 62
Trd, 4318222.793, 62
Trd, 4318222.893, 63
Trd, 4318223.243, 65
Trd, 4318223.643, 140
Trd, 4318224.643, 140
Trd, 4318224.943, 139
Trd, 4318225.743, 140
Trd, 4318226.793, 140
Trd, 4318227.043, 140
Trd, 4318228.243, 140
Trd, 4318228.493, 139
Trd, 4318228.543, 139
Trd, 4318229.793, 64
Trd, 4318229.993, 66
Trd, 4318230.793, 138
Trd, 4318231.993, 140
Trd, 4318232.093, 140
Trd, 4318232.943, 140
Trd, 4318233.543, 140
Trd, 4318234.143, 140
Trd, 4318234.643, 140
Trd, 4318234.893, 140
Trd, 4318235.893, 140
Trd, 4318236.793, 140
Trd, 4318237.093, 139
Trd, 4318238.743, 140
Trd, 4318238.893, 140
Trd, 4318239.393, 140
Trd, 4318239.493, 140
Trd, 4318239.543, 140
Trd, 4318240.993, 70
Trd, 4318243.293, 140
Trd, 4318243.993, 140
Trd, 4318244.093, 140
Trd, 4318245.093, 140
Trd, 4318245.393, 140
Trd, 4318245.693, 140
Trd, 4318245.793, 140
Trd, 4318247.743, 140
Trd, 4318248.193, 140
Trd, 4318248.893, 140
Trd, 4318249.043, 140
Trd, 4318249.693, 140
Trd, 4318249.943, 140
Trd, 4318251.393, 140
Trd, 4318252.393, 140
Trd, 4318253.543, 140
Trd, 4318253.793, 140
Trd, 4318253.893, 140
Trd, 4318254.293, 140
Trd, 4318254.793, 139
Trd, 4318256.643, 140
Trd, 4318256.693, 140
Trd, 4318256.993, 140
Trd, 4318257.493, 140
Trd, 4318258.543, 140
Trd, 4318259.793, 140
Trd, 4318259.993, 139
Trd, 4318260.743, 140
Trd, 4318260.993, 140
Trd, 4318261.243, 140
Trd, 4318263.193, 140
Trd, 4318263.293, 140
Trd, 4318263.443, 136
Trd, 4318264.543, 140
Trd, 4318265.243, 140
Trd, 4318265.493, 140
Trd, 4318266.443, 140
Trd, 4318267.193, 140
Trd, 4318268.093, 140
Trd, 4318268.193, 139
Trd, 4318268.893, 138
Trd, 4318269.893, 140
Trd, 4318270.243, 140
Trd, 4318271.343, 140
Trd, 4318272.243, 140
Trd, 4318274.093, 140
Trd, 4318274.243, 140
Trd, 4318275.493, 140
Trd, 4318275.643, 140
Trd, 4318275.693, 139
Trd, 4318276.243, 140
Trd, 4318277.993, 140
Trd, 4318278.193, 139
Trd, 4318278.693, 140
Trd, 4318278.743, 138
Trd, 4318279.943, 61
Trd, 4318280.743, 139
Trd, 4318281.943, 140
Trd, 4318282.193, 140
Trd, 4318282.493, 140
Trd, 4318282.793, 139
Trd, 4318283.193, 140
Trd, 4318283.743, 140
Trd, 4318283.843, 139
Trd, 4318285.443, 140
Trd, 4318286.143, 140
Trd, 4318286.293, 140
Trd, 4318286.943, 140
Trd, 4318287.743, 140
Trd, 4318288.193, 140
Trd, 4318289.793, 140
Trd, 4318290.143, 140
Trd, 4318291.493, 140
Trd, 4318291.943, 140
Trd, 4318292.093, 140
Trd, 4318292.843, 140
Trd, 4318293.093, 140
Trd, 4318293.193, 140
Trd, 4318293.743, 139
Trd, 4318294.443, 140
Trd, 4318296.093, 140
Trd, 4318296.943, 140
Trd, 4318297.343, 140
Trd, 4318298.193, 140
Trd, 4318298.793, 140
Trd, 4318298.943, 140
Trd, 4318299.143, 139
Trd, 4318299.693, 138
Trd, 4318301.243, 140
Trd, 4318301.293, 140
Trd, 4318302.343, 140
Trd, 4318302.793, 140
Trd, 4318302.943, 140
Trd, 4318303.143, 140
Trd, 4318303.743, 140
Trd, 4318303.943, 140
Trd, 4318304.093, 140
Trd, 4318304.543, 140
Trd, 4318305.143, 140
Trd, 4318306.793, 140
Trd, 4318306.993, 140
Trd, 4318307.843, 140
Trd, 4318308.493, 140
Trd, 4318308.743, 140
Trd, 4318309.043, 140
Trd, 4318310.643, 140
Trd, 4318311.143, 140
Trd, 4318311.643, 140
Trd, 4318312.293, 140
Trd, 4318313.743, 140
Trd, 4318314.493, 140
Trd, 4318314.543, 140
Trd, 4318315.693, 140
Trd, 4318316.043, 140
Trd, 4318316.393, 140
Trd, 4318318.043, 140
Trd, 4318318.643, 140
Trd, 4318318.893, 139
Trd, 4318319.293, 60
Trd, 4318319.943, 60
Trd, 4318320.543, 69
Trd, 4318321.343, 61
Trd, 4318322.193, 60
Trd, 4318322.443, 61
Trd, 4318323.443, 60
Trd, 4318325.693, 60
Trd, 4318325.993, 60
Trd, 4318326.843, 60
Trd, 4318327.693, 60
Trd, 4318329.243, 61
Trd, 4318329.693, 62
Trd, 4318330.143, 62
Trd, 4318330.643, 62
Trd, 4318331.393, 62
Trd, 4318331.893, 63
Trd, 4318333.143, 62
Trd, 4318333.643, 63
Trd, 4318334.443, 65
Trd, 4318334.693, 65
Trd, 4318334.893, 66
Trd, 4318335.343, 66
Trd, 4318335.643, 64
Trd, 4318336.993, 140
Trd, 4318337.043, 139
Trd, 4318337.443, 61
Trd, 4318339.443, 61
Trd, 4318339.843, 71
Trd, 4318341.443, 60
Trd, 4318342.293, 61
Trd, 4318342.493, 64
Trd, 4318345.043, 60
Trd, 4318345.493, 60
Trd, 4318346.293, 60
Trd, 4318347.193, 60
Trd, 4318347.493, 62
Trd, 4318347.543, 61
Trd, 4318347.793, 63
Trd, 4318348.643, 62
Trd, 4318348.943, 61
Trd, 4318349.093, 62
Trd, 4318351.093, 60
Trd, 4318351.693, 61
Trd, 4318352.093, 60
Trd, 4318352.443, 60
Trd, 4318352.643, 62
Trd, 4318354.043, 65
Trd, 4318354.993, 62
Trd, 4318355.643, 62
Trd, 4318356.543, 62
Trd, 4318357.193, 60
Trd, 4318358.393, 60
Trd, 4318358.443, 60
Trd, 4318358.593, 62
Trd, 4318358.993, 63
Trd, 4318359.943, 140
Trd, 4318360.343, 140
Trd, 4318361.243, 140
Trd, 4318361.493, 140
Trd, 4318362.343, 140
Trd, 4318362.643, 140
Trd, 4318362.743, 140
Trd, 4318363.643, 140
Trd, 4318364.993, 140
Trd, 4318365.343, 140
Trd, 4318365.593, 140
Trd, 4318366.543, 140
Trd, 4318367.343, 140
Trd, 4318368.543, 140
Trd, 4318368.743, 140
Trd, 4318369.093, 140
Trd, 4318369.793, 140
Trd, 4318370.243, 140
Trd, 4318370.393, 140
Trd, 4318370.643, 140
Trd, 4318371.993, 140
Trd, 4318372.393, 140
Trd, 4318372.493, 140
Trd, 4318374.143, 140
Trd, 4318374.443, 140
Trd, 4318375.643, 140
Trd, 4318375.793, 140
Trd, 4318376.843, 140
Trd, 4318378.943, 140
Trd, 4318379.193, 140
Trd, 4318379.493, 140
Trd, 4318379.893, 140
Trd, 4318381.943, 140
Trd, 4318382.093, 140
Trd, 4318382.443, 140
Trd, 4318382.993, 140
Trd, 4318383.293, 139
Trd, 4318383.543, 137
Trd, 4318384.593, 139
Trd, 4318385.143, 138
Trd, 4318386.543, 140
Trd, 4318389.143, 140
Trd, 4318389.193, 140
Trd, 4318389.543, 140
Trd, 4318389.693, 140
Trd, 4318390.793, 140
Trd, 4318390.843, 140
Trd, 4318392.043, 140
Trd, 4318392.343, 140
Trd, 4318392.443, 140
Trd, 4318392.843, 140
Trd, 4318393.143, 140
Trd, 4318393.993, 140
Trd, 4318394.243, 140
Trd, 4318394.993, 140
Trd, 4318395.543, 140
Trd, 4318395.843, 140
Trd, 4318396.493, 140
Trd, 4318399.243, 140
Trd, 4318399.293, 140
Trd, 4318399.393, 140
Trd, 4318401.093, 140
Trd, 4318401.343, 140
Trd, 4318401.993, 140
Trd, 4318402.643, 140
Trd, 4318402.743, 140
Trd, 4318403.343, 139
Trd, 4318403.893, 140
Trd, 4318404.443, 140
Trd, 4318404.843, 140
Trd, 4318405.593, 140
Trd, 4318405.993, 139
Trd, 4318406.843, 140
Trd, 4318407.643, 140
Trd, 4318408.143, 140
Trd, 4318408.943, 140
Trd, 4318409.393, 140
Trd, 4318410.143, 140
Trd, 4318410.443, 140
Trd, 4318411.143, 140
Trd, 4318412.293, 140
Trd, 4318413.143, 140
Trd, 4318413.393, 140
Trd, 4318414.093, 140
Trd, 4318414.443, 140
Trd, 4318414.643, 139
Trd, 4318417.293, 140
Trd, 4318417.593, 140
Trd, 4318417.643, 140
Trd, 4318418.193, 140
Trd, 4318418.343, 140
Trd, 4318419.143, 140
Trd, 4318419.543, 140
Trd, 4318419.893, 139
Trd, 4318420.543, 139
Trd, 4318421.893, 139
Trd, 4318423.293, 140
Trd, 4318423.943, 140
Trd, 4318424.643, 140
Trd, 4318425.093, 140
Trd, 4318425.443, 140
Trd, 4318426.093, 140
Trd, 4318426.143, 140
Trd, 4318426.493, 140
Trd, 4318428.643, 140
Trd, 4318429.043, 140
Trd, 4318429.393, 140
Trd, 4318429.843, 140
Trd, 4318430.243, 138
Trd, 4318431.243, 140
Trd, 4318431.743, 139
Trd, 4318432.293, 139
Trd, 4318432.643, 138
Trd, 4318433.043, 140
Trd, 4318433.843, 62
Trd, 4318435.543, 140
Trd, 4318435.643, 140
Trd, 4318437.043, 140
Trd, 4318437.443, 140
Trd, 4318437.843, 140
Trd, 4318439.793, 140
Trd, 4318440.593, 140
Trd, 4318441.543, 140
Trd, 4318441.993, 140
Trd, 4318442.943, 140
Trd, 4318443.993, 140
Trd, 4318444.043, 140
Trd, 4318445.043, 140
Trd, 4318445.393, 140
Trd, 4318445.543, 140
Trd, 4318445.793, 140
Trd, 4318448.243, 140
Trd, 4318448.343, 140
Trd, 4318448.543, 139
Trd, 4318449.043, 140
Trd, 4318450.293, 140
Trd, 4318450.443, 139
Trd, 4318452.143, 140
Trd, 4318452.593, 140
Trd, 4318453.143, 140
Trd, 4318453.593, 138
Trd, 4318454.493, 140
Trd, 4318454.843, 140
Trd, 4318455.393, 140
Trd, 4318456.093, 140
Trd, 4318456.743, 140
Trd, 4318457.243, 139
Trd, 4318458.643, 140
Trd, 4318458.743, 140
Trd, 4318459.443, 140
Trd, 4318459.693, 140
Trd, 4318460.593, 140
Trd, 4318460.743, 140
Trd, 4318462.693, 140
Trd, 4318462.743, 140
Trd, 4318462.893, 140
Trd, 4318463.843, 140
Trd, 4318465.443, 140
Trd, 4318465.693, 140
Trd, 4318466.693, 140
Trd, 4318467.693, 140
Trd, 4318468.593, 140
Trd, 4318468.743, 140
Trd, 4318469.693, 140
Trd, 4318469.793, 140
Trd, 4318470.093, 140
Trd, 4318471.693, 140
Trd, 4318471.993, 140
Trd, 4318472.193, 140
Trd, 4318472.393, 140
Trd, 4318474.443, 140
Trd, 4318474.993, 140
Trd, 4318475.843, 140
Trd, 4318475.893, 140
Trd, 4318476.293, 140
Trd, 4318478.543, 140
Trd, 4318478.743, 140
Trd, 4318478.893, 140
Trd, 4318479.043, 140
Trd, 4318479.343, 139
Trd, 4318480.893, 140
Trd, 4318481.343, 140
Trd, 4318481.493, 139
Trd, 4318481.993, 140
Trd, 4318482.543, 139
Trd, 4318483.243, 138
Trd, 4318483.943, 140
Trd, 4318484.293, 140
Trd, 4318484.493, 138
Trd, 4318485.443, 140
Trd, 4318486.543, 140
Trd, 4318486.843, 140
Trd, 4318487.743, 140
Trd, 4318488.493, 140
Trd, 4318489.343, 140
Trd, 4318489.593, 140
Trd, 4318489.943, 140
Trd, 4318491.093, 140
Trd, 4318491.643, 140
Trd, 4318492.743, 140
Trd, 4318493.443, 140
Trd, 4318494.293, 140
Trd, 4318494.643, 140
Trd, 4318494.893, 140
Trd, 4318495.293, 140
Trd, 4318497.243, 140
Trd, 4318497.593, 140
Trd, 4318497.993, 140
Trd, 4318498.193, 140
Trd, 4318498.843, 140
Trd, 4318499.843, 140
Trd, 4318500.543, 140
Trd, 4318501.093, 140
Trd, 4318501.793, 140
Trd, 4318502.243, 140
Trd, 4318503.493, 140
Trd, 4318503.843, 140
Trd, 4318504.993, 140
Trd, 4318505.793, 140
Trd, 4318506.093, 140
Trd, 4318506.193, 140
Trd, 4318506.343, 140
Trd, 4318507.193, 140
Trd, 4318507.493, 140
Trd, 4318508.693, 140
Trd, 4318508.893, 140
Trd, 4318509.443, 140
Trd, 4318509.493, 138
Trd, 4318511.343, 140
Trd, 4318511.493, 140
Trd, 4318511.693, 139
Trd, 4318512.693, 140
Trd, 4318513.843, 140
Trd, 4318514.093, 138
Trd, 4318515.393, 140
Trd, 4318516.193, 140
Trd, 4318516.293, 140
Trd, 4318517.243, 140
Trd, 4318518.893, 140
Trd, 4318518.943, 140
Trd, 4318519.443, 140
Trd, 4318519.793, 140
Trd, 4318520.393, 140
Trd, 4318520.743, 140
Trd, 4318522.293, 140
Trd, 4318522.693, 140
Trd, 4318522.993, 140
Trd, 4318523.343, 140
Trd, 4318524.593, 140
Trd, 4318524.993, 140
Trd, 4318525.543, 140
Trd, 4318525.693, 140
Trd, 4318526.393, 140
Trd, 4318527.243, 140
Trd, 4318527.343, 140
Trd, 4318528.543, 140
Trd, 4318529.293, 140
Trd, 4318529.943, 140
Trd, 4318530.793, 140
Trd, 4318531.243, 140
Trd, 4318531.943, 140
Trd, 4318532.343, 140
Trd, 4318532.543, 140
Trd, 4318532.593, 138
Trd, 4318533.693, 140
Trd, 4318534.043, 138
Trd, 4318534.543, 61
Trd, 4318535.393, 63
Trd, 4318537.143, 60
Trd, 4318537.343, 60
Trd, 4318538.293, 60
Trd, 4318538.943, 61
Trd, 4318539.693, 66
Trd, 4318541.743, 60
Trd, 4318542.193, 62
Trd, 4318543.143, 61
Trd, 4318543.443, 63
Trd, 4318543.993, 61
Trd, 4318544.893, 62
Trd, 4318545.343, 63
Trd, 4318545.593, 64
Trd, 4318546.093, 66
Trd, 4318546.643, 68
Trd, 4318548.293, 65
Trd, 4318549.493, 140
Trd, 4318549.643, 140
Trd, 4318550.193, 140
Trd, 4318550.343, 140
Trd, 4318550.393, 139
Trd, 4318551.193, 60
Trd, 4318551.693, 140
Trd, 4318552.293, 60
Trd, 4318553.593, 140
Trd, 4318554.243, 139
Trd, 4318554.743, 139
Trd, 4318554.793, 137
Trd, 4318555.793, 140
Trd, 4318556.993, 140
Trd, 4318557.243, 140
Trd, 4318557.793, 140
Trd, 4318558.143, 140
Trd, 4318558.443, 140
Trd, 4318559.993, 140
Trd, 4318561.243, 140
Trd, 4318561.793, 140
Trd, 4318562.093, 140
Trd, 4318562.493, 140
Trd, 4318562.943, 140
Trd, 4318563.743, 140
Trd, 4318563.843, 139
Trd, 4318564.093, 140
Trd, 4318564.543, 140
Trd, 4318564.893, 140
Trd, 4318565.593, 140
Trd, 4318566.393, 140
Trd, 4318567.143, 66
Trd, 4318568.493, 140
Trd, 4318569.543, 139
Trd, 4318569.993, 140
Trd, 4318570.893, 140
Trd, 4318571.343, 140
Trd, 4318571.593, 140
Trd, 4318572.143, 140
Trd, 4318572.643, 140
Trd, 4318574.293, 140
Trd, 4318574.443, 140
Trd, 4318575.343, 140
Trd, 4318575.843, 140
Trd, 4318576.743, 140
Trd, 4318577.043, 138
Trd, 4318577.443, 140
Trd, 4318578.943, 140
Trd, 4318579.093, 140
Trd, 4318579.993, 140
Trd, 4318582.943, 140
Trd, 4318583.193, 140
Trd, 4318583.243, 140
Trd, 4318583.293, 140
Trd, 4318583.443, 140
Trd, 4318584.243, 140
Trd, 4318584.543, 140
Trd, 4318585.343, 140
Trd, 4318585.793, 140
Trd, 4318586.743, 140
Trd, 4318587.543, 140
Trd, 4318587.593, 140
Trd, 4318588.693, 140
Trd, 4318589.743, 140
Trd, 4318589.843, 140
Trd, 4318589.943, 140
Trd, 4318591.343, 140
Trd, 4318591.993, 140
Trd, 4318593.743, 140
Trd, 4318594.693, 140
Trd, 4318595.443, 140
Trd, 4318595.543, 140
Trd, 4318595.743, 140
Trd, 4318595.843, 140
Trd, 4318597.493, 140
Trd, 4318597.793, 139
Trd, 4318598.243, 140
Trd, 4318599.793, 140
Trd, 4318599.943, 140
Trd, 4318599.993, 140
Trd, 4318600.043, 140
Trd, 4318601.143, 140
Trd, 4318601.893, 140
Trd, 4318602.393, 140
Trd, 4318602.643, 140
Trd, 4318603.043, 140
Trd, 4318603.393, 140
Trd, 4318603.593, 139
Trd, 4318603.993, 140
Trd, 4318604.943, 139
Trd, 4318605.493, 139
Trd, 4318606.393, 140
Trd, 4318606.943, 138
Trd, 4318608.193, 140
Trd, 4318609.593, 140
Trd, 4318609.643, 140
Trd, 4318609.893, 140
Trd, 4318610.093, 140
Trd, 4318610.543, 138
Trd, 4318610.993, 140
Trd, 4318611.343, 140
Trd, 4318613.443, 140
Trd, 4318613.543, 140
Trd, 4318614.193, 140
Trd, 4318614.343, 140
Trd, 4318615.793, 140
Trd, 4318615.993, 139
Trd, 4318616.893, 140
Trd, 4318617.393, 139
Trd, 4318617.893, 140
Trd, 4318617.943, 139
Trd, 4318618.593, 140
Trd, 4318619.293, 140
Trd, 4318619.393, 140
Trd, 4318621.343, 140
Trd, 4318621.843, 140
Trd, 4318622.443, 140
Trd, 4318622.693, 140
Trd, 4318623.543, 140
Trd, 4318624.193, 140
Trd, 4318624.893, 140
Trd, 4318625.793, 140
Trd, 4318626.643, 140
Trd, 4318626.893, 140
Trd, 4318627.093, 140
Trd, 4318628.693, 140
Trd, 4318628.893, 139
Trd, 4318629.793, 140
Trd, 4318630.093, 140
Trd, 4318630.693, 140
Trd, 4318632.643, 140
Trd, 4318632.993, 140
Trd, 4318633.993, 140
Trd, 4318634.393, 140
Trd, 4318634.543, 140
Trd, 4318636.293, 140
Trd, 4318637.843, 140
Trd, 4318637.893, 140
Trd, 4318637.943, 140
Trd, 4318638.793, 140
Trd, 4318638.993, 140
Trd, 4318639.043, 140
Trd, 4318639.743, 140
Trd, 4318640.493, 140
Trd, 4318640.893, 140
Trd, 4318641.693, 140
Trd, 4318642.893, 140
Trd, 4318643.093, 140
Trd, 4318643.693, 140
Trd, 4318644.593, 140
Trd, 4318644.743, 140
Trd, 4318645.043, 140
Trd, 4318645.443, 139
Trd, 4318645.643, 138
Trd, 4318647.193, 140
Trd, 4318648.093, 140
Trd, 4318648.643, 140
Trd, 4318649.293, 140
Trd, 4318650.693, 140
Trd, 4318651.093, 140
Trd, 4318652.093, 140
Trd, 4318652.993, 140
Trd, 4318653.093, 140
Trd, 4318654.293, 140
Trd, 4318654.343, 140
Trd, 4318655.593, 140
Trd, 4318657.443, 140
Trd, 4318657.993, 140
Trd, 4318658.093, 140
Trd, 4318658.343, 140
Trd, 4318658.543, 140
Trd, 4318658.693, 140
Trd, 4318660.143, 140
Trd, 4318661.293, 140
Trd, 4318661.743, 140
Trd, 4318662.043, 140
Trd, 4318663.093, 140
Trd, 4318663.593, 140
Trd, 4318663.993, 140
Trd, 4318664.593, 140
Trd, 4318666.193, 140
Trd, 4318666.393, 140
Trd, 4318667.043, 140
Trd, 4318667.893, 140
Trd, 4318668.343, 140
Trd, 4318668.893, 140
Trd, 4318669.443, 140
Trd, 4318669.643, 139
Trd, 4318669.893, 138
Trd, 4318671.743, 61
Trd, 4318671.943, 61
Trd, 4318673.343, 60
Trd, 4318674.493, 60
Trd, 4318674.993, 60
Trd, 4318675.493, 62
Trd, 4318675.793, 139
Trd, 4318677.293, 140
Trd, 4318677.743, 140
Trd, 4318678.543, 140
Trd, 4318678.743, 140
Trd, 4318678.893, 140
Trd, 4318679.593, 140
Trd, 4318679.643, 140
Trd, 4318680.143, 140
Trd, 4318680.843, 140
Trd, 4318681.693, 140
Trd, 4318682.393, 140
Trd, 4318683.293, 140
Trd, 4318684.693, 140
Trd, 4318684.743, 140
Trd, 4318685.393, 140
Trd, 4318685.443, 140
Trd, 4318685.843, 140
Trd, 4318686.243, 140
Trd, 4318687.893, 140
Trd, 4318688.543, 140
Trd, 4318689.443, 140
Trd, 4318689.543, 140
Trd, 4318689.893, 140
Trd, 4318691.093, 140
Trd, 4318691.643, 140
Trd, 4318691.793, 139
Trd, 4318693.043, 140
Trd, 4318693.243, 140
Trd, 4318693.993, 140
Trd, 4318695.793, 140
Trd, 4318695.893, 140
Trd, 4318696.143, 140
Trd, 4318696.793, 140
Trd, 4318696.843, 140
Trd, 4318696.993, 140
Trd, 4318697.293, 140
Trd, 4318699.593, 140
Trd, 4318701.743, 140
Trd, 4318701.843, 140
Trd, 4318701.893, 140
Trd, 4318702.393, 140
Trd, 4318703.393, 140
Trd, 4318703.793, 140
Trd, 4318704.393, 140
Trd, 4318705.443, 140
Trd, 4318706.643, 140
Trd, 4318707.543, 140
Trd, 4318708.193, 140
Trd, 4318708.593, 140
Trd, 4318709.243, 140
Trd, 4318710.943, 140
Trd, 4318711.143, 140
Trd, 4318711.243, 140
Trd, 4318711.843, 140
Trd, 4318713.193, 140
Trd, 4318713.643, 140
Trd, 4318713.793, 140
Trd, 4318713.843, 140
Trd, 4318715.393, 140
Trd, 4318716.193, 140
Trd, 4318717.443, 140
Trd, 4318718.743, 140
Trd, 4318720.143, 140
Trd, 4318720.393, 140
Trd, 4318720.543, 140
Trd, 4318720.643, 140
Trd, 4318721.343, 140
Trd, 4318722.293, 140
Trd, 4318722.943, 140
Trd, 4318723.043, 140
Trd, 4318723.393, 140
Trd, 4318723.943, 140
Trd, 4318724.143, 140
Trd, 4318724.493, 140
Trd, 4318725.593, 140
Trd, 4318726.993, 140
Trd, 4318727.243, 140
Trd, 4318727.293, 140
Trd, 4318728.843, 140
Trd, 4318729.293, 140
Trd, 4318730.043, 140
Trd, 4318731.393, 140
Trd, 4318731.593, 140
Trd, 4318731.743, 140
Trd, 4318732.643, 140
Trd, 4318733.243, 139
Trd, 4318733.693, 139
Trd, 4318735.043, 140
Trd, 4318735.193, 140
Trd, 4318735.693, 140
Trd, 4318736.743, 140
Trd, 4318737.143, 140
Trd, 4318738.193, 140
Trd, 4318738.943, 140
Trd, 4318739.843, 140
Trd, 4318740.443, 140
Trd, 4318742.193, 140
Trd, 4318742.543, 140
Trd, 4318742.743, 140
Trd, 4318742.893, 140
Trd, 4318743.393, 140
Trd, 4318743.893, 139
Trd, 4318743.993, 138
Trd, 4318744.743, 140
Trd, 4318745.843, 140
Trd, 4318746.943, 140
Trd, 4318747.693, 140
Trd, 4318748.893, 140
Trd, 4318750.093, 140
Trd, 4318750.293, 140
Trd, 4318751.643, 140
Trd, 4318751.743, 140
Trd, 4318752.793, 140
Trd, 4318752.843, 140
Trd, 4318754.043, 140
Trd, 4318754.293, 140
Trd, 4318754.693, 140
Trd, 4318755.643, 140
Trd, 4318755.993, 140
Trd, 4318757.193, 140
Trd, 4318757.543, 140
Trd, 4318757.593, 140
Trd, 4318757.893, 140
Trd, 4318759.643, 140
Trd, 4318759.893, 140
Trd, 4318760.843, 140
Trd, 4318761.493, 140
Trd, 4318762.893, 140
Trd, 4318763.043, 140
Trd, 4318763.243, 140
Trd, 4318763.843, 140
Trd, 4318764.593, 140
Trd, 4318765.093, 140
Trd, 4318766.343, 140
Trd, 4318766.543, 140
Trd, 4318767.093, 140
Trd, 4318767.443, 140
Trd, 4318768.943, 140
Trd, 4318769.493, 140
Trd, 4318769.593, 140
Trd, 4318769.643, 137
Trd, 4318770.393, 140
Trd, 4318770.593, 139
Trd, 4318772.093, 140
Trd, 4318772.693, 139
Trd, 4318773.893, 140
Trd, 4318774.493, 140
Trd, 4318774.993, 140
Trd, 4318777.093, 140
Trd, 4318777.293, 140
Trd, 4318777.593, 140
Trd, 4318777.743, 140
Trd, 4318778.093, 140
Trd, 4318778.343, 140
Trd, 4318778.743, 140
Trd, 4318779.593, 140
Trd, 4318780.193, 140
Trd, 4318780.343, 140
Trd, 4318781.743, 140
Trd, 4318783.043, 140
Trd, 4318783.193, 140
Trd, 4318783.843, 140
Trd, 4318783.893, 140
Trd, 4318784.093, 140
Trd, 4318785.093, 140
Trd, 4318786.293, 140
Trd, 4318786.393, 140
Trd, 4318786.843, 140
Trd, 4318787.543, 140
Trd, 4318789.393, 140
Trd, 4318789.743, 140
Trd, 4318791.193, 140
Trd, 4318791.743, 140
Trd, 4318792.193, 140
Trd, 4318792.293, 140
Trd, 4318792.343, 140
Trd, 4318793.143, 140
Trd, 4318793.643, 140
Trd, 4318793.943, 140
Trd, 4318794.293, 140
Trd, 4318795.443, 138
Trd, 4318796.793, 140
Trd, 4318796.843, 140
Trd, 4318798.643, 140
Trd, 4318799.143, 140
Trd, 4318799.893, 140
Trd, 4318799.993, 140
Trd, 4318800.043, 140
Trd, 4318800.143, 138
Trd, 4318800.843, 140
Trd, 4318801.143, 140
Trd, 4318802.543, 140
Trd, 4318803.093, 140
Trd, 4318804.793, 140
Trd, 4318805.743, 140
Trd, 4318806.243, 140
Trd, 4318806.443, 140
Trd, 4318806.593, 140
Trd, 4318807.343, 140
Trd, 4318807.443, 140
Trd, 4318809.093, 140
Trd, 4318812.093, 140
Trd, 4318812.243, 140
Trd, 4318813.193, 140
Trd, 4318813.243, 140
Trd, 4318813.343, 140
Trd, 4318813.393, 140
Trd, 4318814.793, 140
Trd, 4318815.193, 140
Trd, 4318815.843, 140
Trd, 4318816.193, 140
Trd, 4318816.743, 140
Trd, 4318817.143, 140
Trd, 4318818.143, 140
Trd, 4318818.193, 140
Trd, 4318819.743, 140
Trd, 4318819.793, 140
Trd, 4318820.143, 140
Trd, 4318821.593, 140
Trd, 4318821.693, 140
Trd, 4318822.593, 140
Trd, 4318822.893, 140
Trd, 4318823.043, 140
Trd, 4318823.843, 140
Trd, 4318824.343, 140
Trd, 4318825.043, 140
Trd, 4318825.093, 140
Trd, 4318825.143, 140
Trd, 4318825.493, 140
Trd, 4318827.343, 140
Trd, 4318827.743, 140
Trd, 4318827.893, 140
Trd, 4318828.093, 140
Trd, 4318830.393, 140
Trd, 4318830.793, 140
Trd, 4318830.943, 140
Trd, 4318831.593, 140
Trd, 4318832.093, 140
Trd, 4318833.443, 140
Trd, 4318834.893, 140
Trd, 4318835.193, 140
Trd, 4318835.293, 140
Trd, 4318835.443, 140
Trd, 4318836.593, 140
Trd, 4318836.643, 140
Trd, 4318838.193, 140
Trd, 4318838.293, 140
Trd, 4318838.443, 140
Trd, 4318838.943, 140
Trd, 4318839.993, 140
Trd, 4318840.593, 140
Trd, 4318841.293, 140
Trd, 4318841.693, 139
Trd, 4318841.993, 140
Trd, 4318843.443, 140
Trd, 4318844.843, 140
Trd, 4318845.243, 140
Trd, 4318845.543, 140
Trd, 4318846.293, 140
Trd, 4318846.643, 140
Trd, 4318847.993, 140
Trd, 4318848.193, 140
Trd, 4318849.093, 140
Trd, 4318849.143, 139
Trd, 4318849.343, 140
Trd, 4318850.893, 140
Trd, 4318850.943, 140
Trd, 4318851.143, 140
Trd, 4318851.393, 140
Trd, 4318852.193, 140
Trd, 4318852.543, 140
Trd, 4318853.243, 140
Trd, 4318853.493, 140
Trd, 4318854.843, 140
Trd, 4318856.093, 140
Trd, 4318856.193, 140
Trd, 4318856.393, 140
Trd, 4318857.343, 140
Trd, 4318858.043, 140
Trd, 4318859.193, 139
Trd, 4318860.093, 140
Trd, 4318860.243, 140
Trd, 4318860.843, 140
Trd, 4318861.043, 140
Trd, 4318861.743, 140
Trd, 4318861.843, 140
Trd, 4318862.793, 140
Trd, 4318863.643, 140
Trd, 4318864.143, 140
Trd, 4318864.943, 140
Trd, 4318865.243, 140
Trd, 4318865.493, 139
Trd, 4318865.993, 60
Trd, 4318867.743, 60
Trd, 4318867.843, 61
Trd, 4318868.493, 61
Trd, 4318868.543, 61
Trd, 4318869.843, 62
Trd, 4318870.393, 62
Trd, 4318870.943, 62
Trd, 4318872.643, 60
Trd, 4318873.393, 60
Trd, 4318873.993, 61
Trd, 4318874.843, 62
Trd, 4318875.993, 61
Trd, 4318876.943, 60
Trd, 4318877.343, 60
Trd, 4318877.393, 62
Trd, 4318878.793, 60
Trd, 4318879.343, 61
Trd, 4318880.593, 65
Trd, 4318880.743, 66
Trd, 4318880.843, 61
Trd, 4318881.743, 63
Trd, 4318882.043, 62
Trd, 4318882.293, 69
Trd, 4318882.993, 62
Trd, 4318883.943, 64
Trd, 4318884.093, 71
Trd, 4318884.193, 62
Trd, 4318884.593, 122
Trd, 4318885.493, 63
Trd, 4318886.243, 65
Trd, 4318887.893, 60
Trd, 4318888.643, 61
Trd, 4318889.643, 60
Trd, 4318889.743, 60
Trd, 4318890.643, 63
Trd, 4318891.293, 60
Trd, 4318892.793, 61
Trd, 4318893.243, 61
Trd, 4318894.793, 60
Trd, 4318895.493, 60
Trd, 4318895.593, 60
Trd, 4318895.743, 65
Trd, 4318895.893, 68
Trd, 4318896.143, 60
Trd, 4318896.843, 62
Trd, 4318897.543, 62
Trd, 4318897.993, 62
Trd, 4318898.093, 67
Trd, 4318898.443, 140
Trd, 4318900.043, 60
Trd, 4318901.393, 60
Trd, 4318901.643, 61
Trd, 4318904.593, 60
Trd, 4318904.693, 60
Trd, 4318905.193, 60
Trd, 4318905.343, 60
Trd, 4318906.393, 60
Trd, 4318907.143, 60
Trd, 4318908.543, 60
Trd, 4318909.093, 61
Trd, 4318909.993, 60
Trd, 4318910.643, 63
Trd, 4318912.593, 61
Trd, 4318912.793, 63
Trd, 4318912.843, 63
Trd, 4318913.393, 67
Trd, 4318913.843, 63
Trd, 4318914.243, 63
Trd, 4318914.893, 62
Trd, 4318914.943, 60
Trd, 4318915.293, 63
Trd, 4318917.193, 60
Trd, 4318917.643, 60
Trd, 4318918.743, 61
Trd, 4318919.443, 63
Trd, 4318920.493, 60
Trd, 4318920.693, 62
Trd, 4318921.243, 60
Trd, 4318922.343, 61
Trd, 4318923.943, 60
Trd, 4318924.893, 60
Trd, 4318925.393, 60
Trd, 4318926.943, 60
Trd, 4318926.993, 60
Trd, 4318927.343, 62
Trd, 4318928.293, 65
Trd, 4318928.793, 65
Trd, 4318928.893, 64
Trd, 4318929.093, 60
Trd, 4318929.443, 66
Trd, 4318931.143, 60
Trd, 4318932.193, 63
Trd, 4318933.543, 60
Trd, 4318934.443, 61
Trd, 4318934.493, 61
Trd, 4318934.793, 63
Trd, 4318937.243, 60
Trd, 4318938.093, 60
Trd, 4318939.493, 60
Trd, 4318939.543, 60
Trd, 4318939.743, 60
Trd, 4318940.793, 70
Trd, 4318941.743, 62
Trd, 4318941.843, 61
Trd, 4318942.443, 140
Trd, 4318943.693, 140
Trd, 4318944.043, 140
Trd, 4318944.543, 140
Trd, 4318944.793, 140
Trd, 4318945.243, 140
Trd, 4318945.843, 140
Trd, 4318946.593, 140
Trd, 4318947.843, 140
Trd, 4318947.893, 140
Trd, 4318948.393, 140
Trd, 4318949.043, 140
Trd, 4318949.893, 140
Trd, 4318950.193, 140
Trd, 4318951.043, 140
Trd, 4318952.293, 140
Trd, 4318952.943, 140
Trd, 4318953.343, 140
Trd, 4318953.443, 140
Trd, 4318954.043, 140
Trd, 4318954.193, 138
Trd, 4318954.843, 140
Trd, 4318957.193, 140
Trd, 4318957.643, 140
Trd, 4318958.543, 140
Trd, 4318959.043, 140
Trd, 4318959.243, 140
Trd, 4318960.093, 140
Trd, 4318960.243, 140
Trd, 4318960.293, 140
Trd, 4318961.493, 140
Trd, 4318962.393, 140
Trd, 4318963.193, 140
Trd, 4318963.893, 140
Trd, 4318963.993, 140
Trd, 4318964.093, 140
Trd, 4318965.493, 140
Trd, 4318965.843, 140
Trd, 4318966.243, 140
Trd, 4318966.693, 140
Trd, 4318967.593, 140
Trd, 4318967.843, 140
Trd, 4318969.093, 140
Trd, 4318970.343, 140
Trd, 4318970.793, 140
Trd, 4318971.043, 140
Trd, 4318971.893, 140
Trd, 4318972.993, 140
Trd, 4318974.193, 140
Trd, 4318974.243, 140
Trd, 4318974.393, 140
Trd, 4318974.843, 140
Trd, 4318977.493, 140
Trd, 4318977.643, 140
Trd, 4318977.893, 140
Trd, 4318979.693, 140
Trd, 4318980.293, 140
Trd, 4318980.793, 140
Trd, 4318981.143, 140
Trd, 4318981.743, 140
Trd, 4318982.093, 140
Trd, 4318982.243, 138
Trd, 4318982.643, 138
Trd, 4318983.893, 140
Trd, 4318984.193, 140
Trd, 4318984.243, 140
Trd, 4318985.943, 140
Trd, 4318986.793, 140
Trd, 4318987.393, 140
Trd, 4318987.843, 140
Trd, 4318988.193, 140
Trd, 4318988.343, 140
Trd, 4318988.743, 140
Trd, 4318989.543, 140
Trd, 4318991.843, 140
Trd, 4318992.193, 140
Trd, 4318992.543, 140
Trd, 4318993.543, 140
Trd, 4318994.293, 140
Trd, 4318994.543, 140
Trd, 4318995.543, 140
Trd, 4318995.593, 140
Trd, 4318996.543, 139
Trd, 4318996.743, 139
Trd, 4318998.243, 140
Trd, 4318998.443, 140
Trd, 4319000.143, 140
Trd, 4319000.493, 140
Trd, 4319000.593, 140
Trd, 4319000.693, 140
Trd, 4319001.393, 140
Trd, 4319001.843, 140
Trd, 4319003.743, 140
Trd, 4319004.243, 140
Trd, 4319004.843, 140
Trd, 4319005.443, 140
Trd, 4319006.093, 140
Trd, 4319006.743, 140
Trd, 4319007.693, 140
Trd, 4319009.143, 140
Trd, 4319009.693, 140
Trd, 4319010.043, 140
Trd, 4319010.443, 140
Trd, 4319011.243, 140
Trd, 4319011.543, 140
Trd, 4319012.443, 140
Trd, 4319012.643, 140
Trd, 4319012.943, 140
Trd, 4319016.243, 140
Trd, 4319016.543, 140
Trd, 4319017.093, 140
Trd, 4319017.143, 140
Trd, 4319017.493, 140
Trd, 4319017.593, 139
Trd, 4319020.893, 140
Trd, 4319021.293, 140
Trd, 4319021.393, 140
Trd, 4319021.743, 140
Trd, 4319021.793, 140
Trd, 4319022.443, 140
Trd, 4319023.143, 140
Trd, 4319023.493, 140
Trd, 4319023.643, 140
Trd, 4319025.343, 140
Trd, 4319025.743, 140
Trd, 4319026.493, 140
Trd, 4319027.293, 140
Trd, 4319027.743, 140
Trd, 4319028.593, 140
Trd, 4319029.193, 140
Trd, 4319029.443, 140
Trd, 4319030.493, 140
Trd, 4319030.743, 139
Trd, 4319031.493, 140
Trd, 4319031.993, 140
Trd, 4319032.093, 140
Trd, 4319032.593, 140
Trd, 4319034.043, 140
Trd, 4319034.493, 140
Trd, 4319034.993, 139
Trd, 4319036.143, 140
Trd, 4319036.293, 140
Trd, 4319037.843, 140
Trd, 4319038.543, 140
Trd, 4319039.793, 140
Trd, 4319040.743, 140
Trd, 4319040.793, 139
Trd, 4319040.993, 140
Trd, 4319042.193, 140
Trd, 4319042.493, 139
Trd, 4319043.293, 140
Trd, 4319043.693, 139
Trd, 4319044.843, 140
Trd, 4319044.893, 140
Trd, 4319045.093, 140
Trd, 4319045.393, 139
Trd, 4319046.793, 140
Trd, 4319047.593, 140
Trd, 4319048.143, 140
Trd, 4319049.343, 140
Trd, 4319049.993, 140
Trd, 4319050.493, 140
Trd, 4319051.243, 140
Trd, 4319051.593, 140
Trd, 4319052.093, 140
Trd, 4319052.193, 140
Trd, 4319053.043, 140
Trd, 4319053.393, 140
Trd, 4319054.393, 140
Trd, 4319054.493, 139
Trd, 4319055.143, 140
Trd, 4319055.593, 140
Trd, 4319056.793, 140
Trd, 4319057.193, 140
Trd, 4319058.443, 140
Trd, 4319059.343, 140
Trd, 4319060.093, 140
Trd, 4319060.393, 140
Trd, 4319061.643, 140
Trd, 4319061.743, 139
Trd, 4319062.193, 139
Trd, 4319062.543, 136
Trd, 4319063.843, 60
Trd, 4319064.493, 60
Trd, 4319064.593, 64
Trd, 4319066.693, 60
Trd, 4319066.793, 70
Trd, 4319067.593, 66
Trd, 4319068.143, 62
Trd, 4319071.793, 60
Trd, 4319071.843, 60
Trd, 4319072.143, 60
Trd, 4319072.393, 60
Trd, 4319073.143, 60
Trd, 4319074.593, 60
Trd, 4319075.743, 61
Trd, 4319075.993, 64
Trd, 4319076.743, 63
Trd, 4319077.843, 65
Trd, 4319077.893, 67
Trd, 4319078.193, 62
Trd, 4319078.543, 61
Trd, 4319078.843, 62
Trd, 4319078.943, 72
Trd, 4319079.393, 61
Trd, 4319080.943, 61
Trd, 4319081.143, 63
Trd, 4319081.343, 62
Trd, 4319082.443, 70
Trd, 4319083.693, 61
Trd, 4319084.693, 60
Trd, 4319086.593, 60
Trd, 4319087.043, 60
Trd, 4319087.193, 60
Trd, 4319087.843, 60
Trd, 4319088.143, 61
Trd, 4319089.593, 60
Trd, 4319091.693, 60
Trd, 4319091.793, 60
Trd, 4319092.743, 60
Trd, 4319092.793, 60
Trd, 4319092.993, 60
Trd, 4319093.143, 61
Trd, 4319093.243, 73
Trd, 4319093.743, 63
Trd, 4319094.743, 60
Trd, 4319095.643, 62
Trd, 4319095.843, 63
Trd, 4319096.193, 63
Trd, 4319098.293, 60
Trd, 4319099.143, 61
Trd, 4319099.693, 63
Trd, 4319101.193, 60
Trd, 4319101.893, 62
Trd, 4319102.293, 63
Trd, 4319102.443, 64
Trd, 4319103.393, 60
Trd, 4319103.893, 60
Trd, 4319104.193, 60
Trd, 4319104.743, 60
Trd, 4319105.193, 60
Trd, 4319105.793, 60
Trd, 4319105.843, 60
Trd, 4319106.193, 140
Trd, 4319106.443, 136
Trd, 4319108.593, 60
Trd, 4319109.593, 60
Trd, 4319109.793, 62
Trd, 4319110.843, 60
Trd, 4319112.393, 60
Trd, 4319112.943, 60
Trd, 4319113.293, 60
Trd, 4319114.843, 60
Trd, 4319115.143, 60
Trd, 4319115.643, 60
Trd, 4319115.693, 62
Trd, 4319115.893, 62
Trd, 4319116.443, 62
Trd, 4319117.993, 60
Trd, 4319118.243, 60
Trd, 4319118.893, 61
Trd, 4319120.743, 60
Trd, 4319121.443, 60
Trd, 4319122.893, 60
Trd, 4319125.043, 60
Trd, 4319125.143, 61
Trd, 4319125.243, 61
Trd, 4319125.293, 64
Trd, 4319126.993, 63
Trd, 4319127.343, 64
Trd, 4319129.043, 60
Trd, 4319129.093, 60
Trd, 4319129.193, 60
Trd, 4319129.793, 60
Trd, 4319131.443, 64
Trd, 4319131.643, 63
Trd, 4319132.793, 60
Trd, 4319132.993, 60
Trd, 4319133.693, 60
Trd, 4319134.643, 64
Trd, 4319134.993, 65
Trd, 4319135.193, 65
Trd, 4319137.193, 60
Trd, 4319138.693, 60
Trd, 4319138.893, 60
Trd, 4319139.493, 61
Trd, 4319139.693, 61
Trd, 4319139.743, 60
Trd, 4319140.243, 63
Trd, 4319140.543, 93
Trd, 4319140.643, 64
Trd, 4319140.793, 137
Trd, 4319143.493, 140
Trd, 4319143.693, 140
Trd, 4319144.393, 140
Trd, 4319144.593, 139
Trd, 4319144.693, 139
Trd, 4319145.143, 140
Trd, 4319146.643, 140
Trd, 4319147.393, 140
Trd, 4319148.093, 140
Trd, 4319148.793, 140
Trd, 4319148.993, 140
Trd, 4319149.743, 140
Trd, 4319151.843, 140
Trd, 4319151.943, 140
Trd, 4319153.343, 140
Trd, 4319154.643, 140
Trd, 4319154.793, 140
Trd, 4319154.843, 140
Trd, 4319155.393, 140
Trd, 4319155.443, 140
Trd, 4319157.643, 140
Trd, 4319158.093, 140
Trd, 4319158.393, 140
Trd, 4319158.443, 140
Trd, 4319159.293, 140
Trd, 4319159.343, 140
Trd, 4319159.443, 140
Trd, 4319159.793, 139
Trd, 4319159.993, 62
Trd, 4319161.243, 60
Trd, 4319161.893, 140
Trd, 4319162.793, 135
Trd, 4319163.643, 126
Trd, 4319163.893, 139
Trd, 4319164.293, 138
Trd, 4319165.493, 140
Trd, 4319166.443, 140
Trd, 4319167.093, 140
Trd, 4319167.443, 140
Trd, 4319168.143, 140
Trd, 4319168.943, 140
Trd, 4319169.143, 140
Trd, 4319169.693, 139
Trd, 4319170.743, 140
Trd, 4319171.393, 140
Trd, 4319172.193, 140
Trd, 4319172.993, 140
Trd, 4319173.593, 140
Trd, 4319173.793, 140
Trd, 4319174.343, 140
Trd, 4319174.543, 137
Trd, 4319175.093, 139
Trd, 4319175.243, 137
Trd, 4319176.193, 140
Trd, 4319176.543, 140
Trd, 4319178.843, 140
Trd, 4319179.893, 140
Trd, 4319181.043, 140
Trd, 4319181.393, 140
Trd, 4319181.493, 140
Trd, 4319182.793, 138
Trd, 4319183.093, 136
Trd, 4319184.093, 140
Trd, 4319184.843, 140
Trd, 4319185.693, 140
Trd, 4319185.993, 140
Trd, 4319186.743, 139
Trd, 4319187.843, 61
Trd, 4319188.143, 61
Trd, 4319189.093, 62
Trd, 4319190.243, 65
Trd, 4319191.093, 60
Trd, 4319191.993, 60
Trd, 4319192.393, 70
Trd, 4319194.543, 60
Trd, 4319194.693, 60
Trd, 4319194.743, 60
Trd, 4319196.393, 60
Trd, 4319197.243, 62
Trd, 4319197.893, 62
Trd, 4319198.543, 60
Trd, 4319199.093, 62
Trd, 4319199.393, 61
Trd, 4319200.393, 60
Trd, 4319200.543, 60
Trd, 4319202.393, 60
Trd, 4319202.893, 60
Trd, 4319203.393, 66
Trd, 4319204.343, 60
Trd, 4319204.993, 60
Trd, 4319205.543, 60
Trd, 4319205.693, 65
Trd, 4319207.493, 60
Trd, 4319208.643, 60
Trd, 4319208.743, 62
Trd, 4319209.393, 63
Trd, 4319210.293, 62
Trd, 4319210.443, 62
Trd, 4319210.943, 62
Trd, 4319211.393, 62
Trd, 4319211.593, 63
Trd, 4319211.743, 62
Trd, 4319212.443, 135
Trd, 4319212.993, 60
Trd, 4319213.393, 61
Trd, 4319214.293, 140
Trd, 4319214.843, 140
Trd, 4319215.143, 140
Trd, 4319217.243, 140
Trd, 4319218.393, 140
Trd, 4319218.593, 140
Trd, 4319218.743, 140
Trd, 4319219.293, 140
Trd, 4319219.493, 139
Trd, 4319220.243, 67
Trd, 4319222.793, 60
Trd, 4319223.943, 60
Trd, 4319224.393, 60
Trd, 4319224.693, 62
Trd, 4319225.693, 60
Trd, 4319227.543, 62
Trd, 4319228.943, 61
Trd, 4319229.043, 62
Trd, 4319229.143, 62
Trd, 4319229.593, 78
Trd, 4319230.743, 64
Trd, 4319231.143, 140
Trd, 4319231.493, 140
Trd, 4319231.793, 140
Trd, 4319233.243, 140
Trd, 4319233.393, 140
Trd, 4319233.843, 140
Trd, 4319234.293, 140
Trd, 4319234.493, 140
Trd, 4319235.243, 140
Trd, 4319235.593, 139
Trd, 4319236.793, 140
Trd, 4319237.143, 140
Trd, 4319237.243, 139
Trd, 4319238.193, 65
Trd, 4319239.843, 140
Trd, 4319240.143, 140
Trd, 4319240.593, 140
Trd, 4319241.393, 140
Trd, 4319241.543, 140
Trd, 4319241.993, 60
Trd, 4319242.243, 65
Trd, 4319242.593, 60
Trd, 4319245.043, 60
Trd, 4319245.893, 60
Trd, 4319245.943, 63
Trd, 4319247.943, 60
Trd, 4319248.593, 61
Trd, 4319249.043, 61
Trd, 4319249.093, 62
Trd, 4319250.793, 60
Trd, 4319251.043, 61
Trd, 4319251.343, 61
Trd, 4319253.043, 60
Trd, 4319253.643, 61
Trd, 4319254.593, 62
Trd, 4319255.243, 60
Trd, 4319255.293, 60
Trd, 4319255.543, 61
Trd, 4319255.943, 62
Trd, 4319256.593, 140
Trd, 4319256.643, 63
Trd, 4319258.693, 62
Trd, 4319259.643, 60
Trd, 4319259.893, 60
Trd, 4319260.693, 61
Trd, 4319260.943, 61
Trd, 4319262.643, 61
Trd, 4319263.643, 60
Trd, 4319264.543, 61
Trd, 4319264.993, 61
Trd, 4319266.093, 60
Trd, 4319266.293, 61
Trd, 4319266.543, 63
Trd, 4319268.343, 61
Trd, 4319269.393, 62
Trd, 4319269.593, 63
Trd, 4319269.893, 61
Trd, 4319269.943, 65
Trd, 4319270.143, 65
Trd, 4319270.993, 138
Trd, 4319271.893, 60
Trd, 4319272.993, 67
Trd, 4319274.793, 60
Trd, 4319275.043, 63
Trd, 4319275.293, 64
Trd, 4319276.343, 60
Trd, 4319277.193, 60
Trd, 4319278.343, 60
Trd, 4319278.393, 61
Trd, 4319279.543, 60
Trd, 4319280.643, 62
Trd, 4319281.543, 61
Trd, 4319281.593, 65
Trd, 4319282.143, 60
Trd, 4319282.593, 60
Trd, 4319283.293, 61
Trd, 4319283.343, 61
Trd, 4319283.593, 60
Trd, 4319286.243, 60
Trd, 4319287.693, 60
Trd, 4319289.143, 60
Trd, 4319290.893, 60
Trd, 4319291.093, 60
Trd, 4319291.543, 60
Trd, 4319292.493, 60
Trd, 4319292.743, 60
Trd, 4319293.243, 61
Trd, 4319294.493, 63
Trd, 4319294.693, 65
Trd, 4319294.843, 62
Trd, 4319294.993, 65
Trd, 4319295.343, 66
Trd, 4319296.493, 68
Trd, 4319296.593, 64
Trd, 4319297.243, 63
Trd, 4319297.343, 84
Trd, 4319300.393, 60
Trd, 4319300.493, 60
Trd, 4319300.993, 61
Trd, 4319302.743, 60
Trd, 4319303.343, 60
Trd, 4319304.443, 60
Trd, 4319304.643, 61
Trd, 4319307.193, 60
Trd, 4319307.493, 60
Trd, 4319308.243, 62
Trd, 4319308.343, 63
Trd, 4319308.493, 63
Trd, 4319308.743, 60
Trd, 4319309.843, 60
Trd, 4319310.443, 60
Trd, 4319310.593, 64
Trd, 4319312.093, 63
Trd, 4319313.143, 71
Trd, 4319313.393, 71
Trd, 4319313.693, 139
Trd, 4319313.993, 138
Trd, 4319315.193, 140
Trd, 4319315.793, 140
Trd, 4319315.843, 140
Trd, 4319317.543, 140
Trd, 4319317.693, 140
Trd, 4319318.843, 140
Trd, 4319318.893, 140
Trd, 4319319.143, 140
Trd, 4319319.593, 140
Trd, 4319320.343, 140
Trd, 4319320.693, 140
Trd, 4319320.893, 138
Trd, 4319322.243, 140
Trd, 4319322.493, 140
Trd, 4319323.643, 140
Trd, 4319324.193, 140
Trd, 4319324.693, 140
Trd, 4319326.293, 140
Trd, 4319326.993, 140
Trd, 4319327.343, 140
Trd, 4319327.793, 140
Trd, 4319327.943, 140
Trd, 4319329.593, 140
Trd, 4319330.293, 140
Trd, 4319330.343, 140
Trd, 4319332.193, 140
Trd, 4319332.443, 140
Trd, 4319332.843, 140
Trd, 4319333.093, 140
Trd, 4319333.543, 140
Trd, 4319334.793, 140
Trd, 4319335.293, 140
Trd, 4319335.393, 140
Trd, 4319335.543, 140
Trd, 4319337.693, 140
Trd, 4319338.143, 140
Trd, 4319338.793, 140
Trd, 4319340.343, 140
Trd, 4319341.193, 140
Trd, 4319341.243, 140
Trd, 4319341.693, 140
Trd, 4319342.443, 140
Trd, 4319343.043, 140
Trd, 4319343.093, 140
Trd, 4319343.293, 140
Trd, 4319346.193, 140
Trd, 4319346.493, 140
Trd, 4319346.843, 140
Trd, 4319347.043, 140
Trd, 4319347.393, 140
Trd, 4319347.593, 140
Trd, 4319348.593, 140
Trd, 4319348.743, 140
Trd, 4319349.293, 140
Trd, 4319350.343, 140
Trd, 4319350.543, 139
Trd, 4319350.943, 140
Trd, 4319351.143, 140
Trd, 4319351.793, 140
Trd, 4319351.943, 140
Trd, 4319353.543, 140
Trd, 4319354.393, 140
Trd, 4319355.893, 140
Trd, 4319355.943, 140
Trd, 4319356.243, 139
Trd, 4319356.793, 140
Trd, 4319358.193, 140
Trd, 4319358.293, 140
Trd, 4319359.793, 140
Trd, 4319360.493, 140
Trd, 4319360.693, 140
Trd, 4319360.843, 140
Trd, 4319361.493, 137
Trd, 4319362.093, 140
Trd, 4319363.243, 140
Trd, 4319363.443, 140
Trd, 4319363.843, 139
Trd, 4319364.693, 139
Trd, 4319365.543, 139
Trd, 4319366.243, 139
Trd, 4319367.043, 140
Trd, 4319367.343, 139
Trd, 4319368.393, 140
Trd, 4319368.743, 140
Trd, 4319369.143, 140
Trd, 4319369.943, 140
Trd, 4319370.193, 140
Trd, 4319371.093, 90
Trd, 4319371.743, 62
Trd, 4319372.743, 64
Trd, 4319373.743, 61
Trd, 4319373.993, 61
Trd, 4319375.443, 61
Trd, 4319377.593, 62
Trd, 4319377.793, 63
Trd, 4319377.993, 60
Trd, 4319378.043, 63
Trd, 4319379.893, 60
Trd, 4319380.943, 60
Trd, 4319382.293, 60
Trd, 4319383.193, 60
Trd, 4319383.243, 60
Trd, 4319383.343, 61
Trd, 4319383.643, 61
Trd, 4319384.643, 60
Trd, 4319385.243, 61
Trd, 4319385.643, 63
Trd, 4319386.293, 62
Trd, 4319386.743, 62
Trd, 4319387.143, 62
Trd, 4319387.493, 83
Trd, 4319388.743, 140
Trd, 4319389.893, 140
Trd, 4319389.943, 140
Trd, 4319390.643, 140
Trd, 4319391.643, 61
Trd, 4319393.243, 60
Trd, 4319394.293, 60
Trd, 4319395.143, 60
Trd, 4319395.493, 62
Trd, 4319395.993, 71
Trd, 4319397.193, 61
Trd, 4319397.443, 61
Trd, 4319399.043, 60
Trd, 4319399.893, 61
Trd, 4319401.043, 60
Trd, 4319402.393, 60
Trd, 4319402.443, 61
Trd, 4319402.893, 60
Trd, 4319403.243, 62
Trd, 4319403.593, 61
Trd, 4319403.843, 61
Trd, 4319403.993, 60
Trd, 4319404.043, 64
Trd, 4319404.443, 67
Trd, 4319405.343, 76
Trd, 4319406.743, 65
Trd, 4319407.843, 60
Trd, 4319410.043, 61
Trd, 4319411.143, 60
Trd, 4319411.993, 60
Trd, 4319412.693, 60
Trd, 4319413.243, 60
Trd, 4319414.993, 60
Trd, 4319415.043, 60
Trd, 4319415.243, 60
Trd, 4319415.493, 60
Trd, 4319417.143, 60
Trd, 4319417.393, 62
Trd, 4319418.043, 62
Trd, 4319418.743, 63
Trd, 4319418.843, 62
Trd, 4319419.893, 64
Trd, 4319420.393, 65
Trd, 4319420.593, 62
Trd, 4319421.443, 67
Trd, 4319422.193, 61
Trd, 4319422.693, 140
Trd, 4319422.743, 140
Trd, 4319424.193, 60
Trd, 4319424.693, 61
Trd, 4319424.843, 63
Trd, 4319425.943, 60
Trd, 4319426.243, 61
Trd, 4319426.393, 62
Trd, 4319427.643, 60
Trd, 4319428.743, 63
Trd, 4319429.393, 62
Trd, 4319430.143, 61
Trd, 4319431.193, 60
Trd, 4319431.443, 61
Trd, 4319431.593, 61
Trd, 4319432.243, 60
Trd, 4319432.293, 61
Trd, 4319432.893, 65
Trd, 4319433.943, 61
Trd, 4319434.293, 70
Trd, 4319434.693, 139
Trd, 4319435.343, 61
Trd, 4319436.193, 61
Trd, 4319436.443, 60
Trd, 4319437.343, 61
Trd, 4319437.493, 73
Trd, 4319439.043, 60
Trd, 4319440.043, 60
Trd, 4319440.793, 62
Trd, 4319442.493, 60
Trd, 4319443.343, 61
Trd, 4319443.643, 61
Trd, 4319446.193, 60
Trd, 4319446.293, 61
Trd, 4319446.693, 62
Trd, 4319447.243, 60
Trd, 4319447.393, 60
Trd, 4319447.943, 60
Trd, 4319447.993, 63
Trd, 4319449.893, 140
Trd, 4319450.043, 140
Trd, 4319450.593, 140
Trd, 4319450.893, 140
Trd, 4319451.993, 140
Trd, 4319453.193, 140
Trd, 4319453.543, 140
Trd, 4319453.943, 140
Trd, 4319454.593, 140
Trd, 4319454.643, 140
Trd, 4319456.743, 140
Trd, 4319456.993, 140
Trd, 4319457.393, 140
Trd, 4319458.443, 140
Trd, 4319458.843, 140
Trd, 4319459.993, 140
Trd, 4319460.643, 140
Trd, 4319460.943, 139
Trd, 4319462.193, 140
Trd, 4319462.893, 140
Trd, 4319464.143, 140
Trd, 4319464.693, 140
Trd, 4319464.843, 140
Trd, 4319465.193, 140
Trd, 4319465.743, 140
Trd, 4319466.343, 140
Trd, 4319468.143, 140
Trd, 4319468.243, 140
Trd, 4319468.843, 139
Trd, 4319469.543, 140
Trd, 4319469.693, 139
Trd, 4319470.193, 140
Trd, 4319471.043, 140
Trd, 4319471.993, 140
Trd, 4319472.143, 140
Trd, 4319473.143, 140
Trd, 4319473.293, 140
Trd, 4319474.143, 140
Trd, 4319474.793, 140
Trd, 4319475.693, 140
Trd, 4319476.593, 140
Trd, 4319476.743, 140
Trd, 4319478.543, 140
Trd, 4319478.593, 140
Trd, 4319478.893, 139
Trd, 4319479.943, 140
Trd, 4319480.543, 140
Trd, 4319481.143, 140
Trd, 4319481.293, 140
Trd, 4319481.393, 139
Trd, 4319482.493, 140
Trd, 4319483.993, 140
Trd, 4319484.043, 140
Trd, 4319484.643, 140
Trd, 4319485.443, 140
Trd, 4319486.893, 140
Trd, 4319486.943, 140
Trd, 4319487.093, 140
Trd, 4319487.693, 139
Trd, 4319488.443, 140
Trd, 4319489.493, 140
Trd, 4319489.543, 140
Trd, 4319490.743, 140
Trd, 4319491.593, 140
Trd, 4319492.293, 140
Trd, 4319492.893, 140
Trd, 4319493.393, 140
Trd, 4319493.843, 140
Trd, 4319496.193, 140
Trd, 4319496.443, 140
Trd, 4319496.693, 140
Trd, 4319498.043, 140
Trd, 4319498.143, 140
Trd, 4319498.293, 140
Trd, 4319500.043, 140
Trd, 4319500.593, 140
Trd, 4319501.043, 140
Trd, 4319501.443, 138
Trd, 4319501.993, 139
Trd, 4319502.843, 140
Trd, 4319503.193, 140
Trd, 4319503.493, 140
Trd, 4319505.293, 140
Trd, 4319505.843, 140
Trd, 4319506.093, 140
Trd, 4319506.843, 140
Trd, 4319506.943, 139
Trd, 4319507.143, 139
Trd, 4319507.193, 139
Trd, 4319508.743, 140
Trd, 4319509.243, 140
Trd, 4319509.543, 138
Trd, 4319511.943, 140
Trd, 4319512.743, 140
Trd, 4319512.793, 140
Trd, 4319513.193, 140
Trd, 4319514.043, 140
Trd, 4319514.143, 140
Trd, 4319515.143, 140
Trd, 4319515.943, 140
Trd, 4319516.443, 140
Trd, 4319517.943, 140
Trd, 4319518.593, 140
Trd, 4319519.143, 140
Trd, 4319520.193, 140
Trd, 4319520.543, 140
Trd, 4319520.643, 140
Trd, 4319521.943, 140
Trd, 4319522.143, 140
Trd, 4319522.193, 139
Trd, 4319522.543, 140
Trd, 4319523.093, 65
Trd, 4319523.843, 66
Trd, 4319524.043, 140
Trd, 4319525.743, 64
Trd, 4319526.593, 61
Trd, 4319527.043, 60
Trd, 4319527.293, 60
Trd, 4319528.743, 60
Trd, 4319529.793, 61
Trd, 4319530.543, 60
Trd, 4319531.443, 60
Trd, 4319532.343, 61
Trd, 4319532.643, 60
Trd, 4319532.993, 61
Trd, 4319533.593, 61
Trd, 4319534.093, 63
Trd, 4319535.043, 64
Trd, 4319535.193, 62
Trd, 4319535.493, 62
Trd, 4319536.043, 64
Trd, 4319536.293, 61
Trd, 4319537.493, 61
Trd, 4319537.593, 61
Trd, 4319538.043, 64
Trd, 4319539.193, 60
Trd, 4319541.793, 60
Trd, 4319543.243, 60
Trd, 4319544.743, 60
Trd, 4319544.843, 60
Trd, 4319545.593, 60
Trd, 4319547.193, 60
Trd, 4319547.293, 61
Trd, 4319547.443, 62
Trd, 4319548.493, 60
Trd, 4319548.743, 61
Trd, 4319549.393, 66
Trd, 4319550.143, 64
Trd, 4319550.293, 63
Trd, 4319550.543, 64
Trd, 4319550.943, 70
Trd, 4319551.443, 72
Trd, 4319552.043, 67
Trd, 4319553.743, 60
Trd, 4319553.793, 61
Trd, 4319554.443, 63
Trd, 4319556.893, 60
Trd, 4319557.093, 60
Trd, 4319557.893, 60
Trd, 4319558.093, 61
Trd, 4319558.193, 63
Trd, 4319559.443, 60
Trd, 4319560.993, 60
Trd, 4319561.393, 62
Trd, 4319561.643, 63
Trd, 4319562.193, 61
Trd, 4319562.243, 65
Trd, 4319563.243, 62
Trd, 4319564.943, 140
Trd, 4319565.293, 140
Trd, 4319565.393, 138
Trd, 4319565.543, 139
Trd, 4319566.143, 140
Trd, 4319567.393, 140
Trd, 4319567.443, 140
Trd, 4319568.643, 140
Trd, 4319569.693, 140
Trd, 4319569.793, 140
Trd, 4319570.693, 140
Trd, 4319570.843, 137
Trd, 4319572.743, 140
Trd, 4319574.293, 140
Trd, 4319574.343, 140
Trd, 4319574.393, 140
Trd, 4319576.493, 140
Trd, 4319576.943, 140
Trd, 4319577.093, 140
Trd, 4319577.393, 140
Trd, 4319577.493, 140
Trd, 4319577.743, 140
Trd, 4319578.043, 140
Trd, 4319578.693, 140
Trd, 4319579.043, 140
Trd, 4319579.193, 140
Trd, 4319580.793, 140
Trd, 4319581.693, 140
Trd, 4319581.893, 140
Trd, 4319582.993, 140
Trd, 4319583.693, 140
Trd, 4319583.743, 140
Trd, 4319584.243, 140
Trd, 4319584.543, 140
Trd, 4319584.643, 140
Trd, 4319585.493, 140
Trd, 4319585.543, 139
Trd, 4319585.743, 139
Trd, 4319588.893, 60
Trd, 4319589.693, 63
Trd, 4319590.443, 60
Trd, 4319591.343, 61
Trd, 4319592.543, 60
Trd, 4319592.793, 61
Trd, 4319593.793, 60
Trd, 4319594.093, 61
Trd, 4319596.493, 60
Trd, 4319597.093, 60
Trd, 4319597.743, 60
Trd, 4319599.593, 60
Trd, 4319599.643, 61
Trd, 4319599.743, 60
Trd, 4319600.143, 60
Trd, 4319600.393, 61
Trd, 4319600.593, 62
Trd, 4319600.843, 60
Trd, 4319601.143, 62
Trd, 4319602.643, 60
Trd, 4319603.193, 60
Trd, 4319603.893, 60
Trd, 4319605.493, 60
Trd, 4319605.543, 62
Trd, 4319605.993, 62
Trd, 4319608.493, 60
Trd, 4319609.593, 60
Trd, 4319609.843, 62
Trd, 4319610.243, 69
Trd, 4319610.943, 60
Trd, 4319611.143, 62
Trd, 4319612.593, 60
Trd, 4319613.043, 62
Trd, 4319615.093, 60
Trd, 4319615.443, 61
Trd, 4319616.693, 60
Trd, 4319617.093, 60
Trd, 4319617.493, 62
Trd, 4319617.593, 60
Trd, 4319617.643, 65
Trd, 4319619.343, 60
Trd, 4319619.993, 61
Trd, 4319622.043, 140
Trd, 4319622.143, 140
Trd, 4319622.493, 140
Trd, 4319622.693, 139
Trd, 4319623.343, 62
Trd, 4319623.643, 140
Trd, 4319625.593, 60
Trd, 4319625.943, 60
Trd, 4319626.593, 61
Trd, 4319626.693, 63
Trd, 4319626.793, 67
Trd, 4319627.993, 65
Trd, 4319629.043, 60
Trd, 4319629.493, 63
Trd, 4319631.143, 60
Trd, 4319631.343, 60
Trd, 4319632.393, 60
Trd, 4319633.143, 60
Trd, 4319633.243, 61
Trd, 4319633.943, 60
Trd, 4319633.993, 62
Trd, 4319634.193, 63
Trd, 4319634.443, 61
Trd, 4319634.843, 79
Trd, 4319636.543, 61
Trd, 4319637.993, 60
Trd, 4319638.893, 62
Trd, 4319639.243, 65
Trd, 4319639.493, 70
Trd, 4319642.493, 60
Trd, 4319643.193, 60
Trd, 4319645.593, 60
Trd, 4319645.893, 60
Trd, 4319646.443, 63
Trd, 4319647.293, 63
Trd, 4319648.043, 62
Trd, 4319648.093, 64
Trd, 4319648.193, 61
Trd, 4319648.493, 71
Trd, 4319648.643, 71
Trd, 4319650.643, 60
Trd, 4319650.693, 61
Trd, 4319652.793, 60
Trd, 4319653.143, 60
Trd, 4319653.343, 60
Trd, 4319654.443, 60
Trd, 4319655.543, 61
Trd, 4319656.243, 60
Trd, 4319656.643, 60
Trd, 4319657.243, 60
Trd, 4319657.443, 61
Trd, 4319657.943, 60
Trd, 4319658.693, 60
Trd, 4319658.893, 64
Trd, 4319660.143, 60
Trd, 4319660.593, 60
Trd, 4319660.743, 60
Trd, 4319661.793, 65
Trd, 4319663.143, 60
Trd, 4319664.143, 60
Trd, 4319664.343, 60
Trd, 4319664.843, 61
Trd, 4319666.593, 60
Trd, 4319667.693, 60
Trd, 4319670.543, 60
Trd, 4319670.843, 60
Trd, 4319671.593, 60
Trd, 4319671.993, 60
Trd, 4319672.143, 60
Trd, 4319672.193, 60
Trd, 4319672.943, 60
Trd, 4319673.043, 64
Trd, 4319673.293, 64
Trd, 4319673.893, 62
Trd, 4319674.593, 65
Trd, 4319674.693, 62
Trd, 4319677.393, 63
Trd, 4319678.343, 65
Trd, 4319678.743, 66
Trd, 4319679.193, 60
Trd, 4319679.393, 62
Trd, 4319680.893, 60
Trd, 4319681.043, 62
Trd, 4319682.193, 60
Trd, 4319683.043, 60
Trd, 4319683.393, 60
Trd, 4319684.193, 60
Trd, 4319684.343, 60
Trd, 4319685.143, 61
Trd, 4319685.343, 61
Trd, 4319686.243, 61
Trd, 4319686.543, 62
Trd, 4319688.243, 60
Trd, 4319688.443, 60
Trd, 4319689.893, 62
Trd, 4319691.993, 60
Trd, 4319692.393, 60
Trd, 4319693.343, 60
Trd, 4319693.643, 60
Trd, 4319694.293, 61
Trd, 4319694.643, 62
Trd, 4319695.093, 63
Trd, 4319695.443, 80
Trd, 4319695.743, 140
Trd, 4319696.443, 64
Trd, 4319696.693, 62
Trd, 4319696.993, 63
Trd, 4319698.893, 139
Trd, 4319699.293, 139
Trd, 4319699.493, 74
Trd, 4319700.343, 74
Trd, 4319700.743, 60
Trd, 4319701.093, 60
Trd, 4319701.343, 60
Trd, 4319701.543, 65
Trd, 4319702.293, 60
Trd, 4319702.643, 83
Trd, 4319703.543, 60
Trd, 4319704.893, 60
Trd, 4319706.843, 61
Trd, 4319706.993, 62
Trd, 4319707.093, 62
Trd, 4319707.243, 63
Trd, 4319707.343, 69
Trd, 4319711.943, 60
Trd, 4319712.293, 62
Trd, 4319712.643, 60
Trd, 4319712.743, 66
Trd, 4319713.093, 69
Trd, 4319713.343, 60
Trd, 4319713.593, 60
Trd, 4319713.893, 71
Trd, 4319715.193, 63
Trd, 4319715.693, 140
Trd, 4319715.993, 139
Trd, 4319716.393, 61
Trd, 4319717.493, 63
Trd, 4319718.693, 63
Trd, 4319718.793, 64
Trd, 4319719.493, 140
Trd, 4319719.793, 140
Trd, 4319720.543, 140
Trd, 4319720.743, 140
Trd, 4319721.643, 140
Trd, 4319721.793, 140
Trd, 4319723.843, 140
Trd, 4319724.043, 140
Trd, 4319724.793, 140
Trd, 4319725.343, 140
Trd, 4319726.043, 140
Trd, 4319726.293, 140
Trd, 4319726.643, 140
Trd, 4319726.843, 139
Trd, 4319727.093, 62
Trd, 4319728.543, 140
Trd, 4319729.393, 140
Trd, 4319730.193, 140
Trd, 4319730.693, 140
Trd, 4319731.593, 140
Trd, 4319731.843, 140
Trd, 4319732.343, 140
Trd, 4319732.843, 140
Trd, 4319734.943, 140
Trd, 4319735.443, 140
Trd, 4319735.793, 140
Trd, 4319737.143, 140
Trd, 4319737.293, 140
Trd, 4319738.043, 140
Trd, 4319738.643, 140
Trd, 4319739.393, 140
Trd, 4319739.693, 140
Trd, 4319740.543, 140
Trd, 4319741.643, 140
Trd, 4319742.193, 140
Trd, 4319743.243, 140
Trd, 4319743.893, 140
Trd, 4319744.893, 140
Trd, 4319745.993, 140
Trd, 4319746.143, 140
Trd, 4319746.743, 140
Trd, 4319747.443, 140
Trd, 4319747.643, 140
Trd, 4319748.193, 140
Trd, 4319749.293, 140
Trd, 4319749.793, 140
Trd, 4319750.093, 140
Trd, 4319750.643, 139
Trd, 4319751.043, 140
Trd, 4319751.343, 140
Trd, 4319751.443, 140
Trd, 4319752.093, 140
Trd, 4319752.393, 139
Trd, 4319753.993, 140
Trd, 4319756.193, 140
Trd, 4319756.393, 140
Trd, 4319757.143, 140
Trd, 4319757.743, 140
Trd, 4319759.293, 140
Trd, 4319760.043, 140
Trd, 4319760.393, 140
Trd, 4319761.293, 140
Trd, 4319761.443, 140
Trd, 4319761.743, 139
Trd, 4319761.893, 140
Trd, 4319762.393, 139
Trd, 4319764.343, 140
Trd, 4319764.993, 140
Trd, 4319765.943, 140
Trd, 4319766.543, 140
Trd, 4319766.693, 140
Trd, 4319767.393, 140
Trd, 4319768.193, 140
Trd, 4319768.443, 140
Trd, 4319769.193, 140
Trd, 4319769.443, 140
Trd, 4319770.243, 140
Trd, 4319771.043, 140
Trd, 4319771.943, 140
Trd, 4319772.843, 140
Trd, 4319772.893, 140
Trd, 4319773.393, 140
Trd, 4319773.493, 140
Trd, 4319774.693, 140
Trd, 4319774.843, 140
Trd, 4319776.543, 140
Trd, 4319776.843, 140
Trd, 4319777.543, 140
Trd, 4319777.593, 140
Trd, 4319778.693, 140
Trd, 4319779.843, 140
Trd, 4319781.143, 140
Trd, 4319781.193, 140
Trd, 4319781.993, 140
Trd, 4319783.093, 140
Trd, 4319783.143, 140
Trd, 4319783.593, 140
Trd, 4319785.043, 140
Trd, 4319785.293, 140
Trd, 4319785.543, 140
Trd, 4319786.193, 140
Trd, 4319787.043, 140
Trd, 4319787.193, 140
Trd, 4319788.943, 140
Trd, 4319789.793, 140
Trd, 4319790.593, 140
Trd, 4319791.743, 140
Trd, 4319791.793, 140
Trd, 4319792.893, 140
Trd, 4319792.993, 140
Trd, 4319794.993, 140
Trd, 4319795.593, 140
Trd, 4319795.643, 140
Trd, 4319795.793, 140
Trd, 4319796.043, 140
Trd, 4319796.493, 140
Trd, 4319797.543, 140
Trd, 4319798.593, 140
Trd, 4319798.643, 140
Trd, 4319800.243, 140
Trd, 4319800.893, 140
Trd, 4319801.143, 140
Trd, 4319801.843, 140
Trd, 4319801.893, 140
Trd, 4319802.243, 139
Trd, 4319802.443, 139
Trd, 4319803.493, 140
Trd, 4319804.093, 140
Trd, 4319804.443, 140
Trd, 4319805.193, 140
Trd, 4319805.593, 138
Trd, 4319806.193, 67
Trd, 4319806.443, 68
Trd, 4319808.343, 140
Trd, 4319808.543, 140
Trd, 4319809.693, 140
Trd, 4319809.993, 140
Trd, 4319810.443, 140
Trd, 4319811.243, 140
Trd, 4319812.543, 140
Trd, 4319813.293, 140
Trd, 4319813.443, 139
Trd, 4319814.643, 140
Trd, 4319815.243, 140
Trd, 4319816.443, 140
Trd, 4319816.693, 140
Trd, 4319817.043, 139
Trd, 4319818.543, 140
Trd, 4319818.693, 139
Trd, 4319819.593, 140
Trd, 4319820.343, 140
Trd, 4319821.193, 140
Trd, 4319822.043, 140
Trd, 4319822.243, 139
Trd, 4319822.643, 140
Trd, 4319823.743, 140
Trd, 4319824.643, 140
Trd, 4319826.343, 140
Trd, 4319826.543, 140
Trd, 4319826.843, 140
Trd, 4319827.693, 140
Trd, 4319828.293, 140
Trd, 4319828.743, 140
Trd, 4319829.093, 140
Trd, 4319829.393, 140
Trd, 4319830.093, 140
Trd, 4319830.793, 140
Trd, 4319831.043, 140
Trd, 4319831.293, 140
Trd, 4319831.343, 139
Trd, 4319831.693, 60
Trd, 4319832.643, 140
Trd, 4319833.493, 140
Trd, 4319835.893, 140
Trd, 4319835.993, 140
Trd, 4319836.743, 140
Trd, 4319836.943, 140
Trd, 4319837.493, 140
Trd, 4319840.243, 140
Trd, 4319840.443, 140
Trd, 4319840.593, 140
Trd, 4319841.193, 140
Trd, 4319841.393, 140
Trd, 4319842.593, 140
Trd, 4319843.543, 140
Trd, 4319844.293, 140
Trd, 4319844.793, 140
Trd, 4319845.843, 140
Trd, 4319846.493, 140
Trd, 4319846.793, 140
Trd, 4319846.993, 140
Trd, 4319848.793, 140
Trd, 4319848.943, 140
Trd, 4319849.293, 140
Trd, 4319849.693, 140
Trd, 4319850.293, 139
Trd, 4319851.593, 140
Trd, 4319851.693, 139
Trd, 4319851.793, 139
Trd, 4319852.143, 139
Trd, 4319852.593, 140
Trd, 4319853.193, 139
Trd, 4319853.993, 91
Trd, 4319855.043, 63
Trd, 4319856.943, 63
Trd, 4319857.143, 62
Trd, 4319858.343, 61
Trd, 4319858.893, 61
Trd, 4319859.093, 63
Trd, 4319859.943, 60
Trd, 4319861.793, 62
Trd, 4319862.643, 60
Trd, 4319862.743, 60
Trd, 4319863.743, 60
Trd, 4319864.693, 63
Trd, 4319865.343, 62
Trd, 4319865.543, 63
Trd, 4319866.193, 60
Trd, 4319866.843, 71
Trd, 4319867.393, 60
Trd, 4319867.493, 61
Trd, 4319867.693, 61
Trd, 4319868.393, 64
Trd, 4319868.943, 62
Trd, 4319869.893, 62
Trd, 4319870.143, 62
Trd, 4319870.793, 60
Trd, 4319871.643, 62
Trd, 4319872.143, 67
Trd, 4319874.243, 60
Trd, 4319876.193, 60
Trd, 4319876.393, 60
Trd, 4319876.843, 60
Trd, 4319879.593, 60
Trd, 4319880.643, 60
Trd, 4319880.943, 61
Trd, 4319881.393, 63
Trd, 4319881.843, 65
Trd, 4319882.143, 65
Trd, 4319882.693, 62
Trd, 4319882.743, 65
Trd, 4319882.793, 67
Trd, 4319883.193, 62
Trd, 4319883.393, 61
Trd, 4319884.493, 60
Trd, 4319885.293, 61
Trd, 4319885.743, 62
Trd, 4319887.543, 60
Trd, 4319887.593, 60
Trd, 4319889.393, 61
Trd, 4319890.443, 61
Trd, 4319890.843, 60
Trd, 4319892.243, 60
Trd, 4319893.243, 60
Trd, 4319893.643, 60
Trd, 4319894.243, 60
Trd, 4319894.293, 60
Trd, 4319894.493, 61
Trd, 4319895.843, 60
Trd, 4319896.693, 61
Trd, 4319896.843, 61
Trd, 4319897.443, 63
Trd, 4319897.593, 60
Trd, 4319897.943, 67
Trd, 4319898.593, 139
Trd, 4319898.843, 138
Trd, 4319898.943, 61
Trd, 4319899.593, 140
Trd, 4319900.943, 140
Trd, 4319901.243, 140
Trd, 4319903.043, 140
Trd, 4319904.343, 140
Trd, 4319904.493, 140
Trd, 4319904.993, 140
Trd, 4319905.243, 140
Trd, 4319905.843, 140
Trd, 4319907.093, 140
Trd, 4319907.193, 139
Trd, 4319907.393, 139
Trd, 4319908.443, 140
Trd, 4319908.743, 140
Trd, 4319908.893, 139
Trd, 4319909.143, 140
Trd, 4319910.093, 60
Trd, 4319911.793, 140
Trd, 4319911.843, 140
Trd, 4319911.993, 138
Trd, 4319912.593, 140
Trd, 4319913.693, 140
Trd, 4319914.443, 140
Trd, 4319915.493, 140
Trd, 4319916.693, 140
Trd, 4319917.593, 140
Trd, 4319917.793, 140
Trd, 4319918.893, 140
Trd, 4319919.693, 140
Trd, 4319920.343, 140
Trd, 4319921.593, 140
Trd, 4319921.643, 140
Trd, 4319921.893, 140
Trd, 4319923.993, 140
Trd, 4319924.293, 140
Trd, 4319924.543, 140
Trd, 4319926.243, 140
Trd, 4319926.593, 140
Trd, 4319927.143, 140
Trd, 4319927.393, 140
Trd, 4319929.343, 140
Trd, 4319929.443, 140
Trd, 4319929.943, 140
Trd, 4319930.343, 140
Trd, 4319930.593, 140
Trd, 4319930.693, 140
Trd, 4319931.143, 140
Trd, 4319932.593, 140
Trd, 4319933.243, 140
Trd, 4319933.793, 140
Trd, 4319934.543, 140
Trd, 4319935.393, 140
Trd, 4319935.593, 140
Trd, 4319935.743, 140
Trd, 4319936.143, 140
Trd, 4319937.193, 140
Trd, 4319938.993, 140
Trd, 4319939.493, 140
Trd, 4319940.043, 140
Trd, 4319941.793, 140
Trd, 4319941.993, 140
Trd, 4319942.543, 140
Trd, 4319943.193, 140
Trd, 4319943.343, 139
Trd, 4319943.493, 138
Trd, 4319943.543, 137
Trd, 4319944.993, 60
Trd, 4319945.393, 68
Trd, 4319946.843, 62
Trd, 4319947.643, 60
Trd, 4319947.693, 60
Trd, 4319948.943, 60
Trd, 4319950.093, 60
Trd, 4319951.993, 60
Trd, 4319952.143, 60
Trd, 4319952.443, 61
Trd, 4319953.193, 62
Trd, 4319953.793, 62
Trd, 4319954.143, 62
Trd, 4319954.593, 64
Trd, 4319954.843, 64
Trd, 4319955.393, 67
Trd, 4319955.493, 77
Trd, 4319958.743, 61
Trd, 4319959.393, 60
Trd, 4319959.493, 61
Trd, 4319959.993, 60
Trd, 4319960.043, 62
Trd, 4319960.243, 68
Trd, 4319961.043, 140
Trd, 4319962.343, 60
Trd, 4319963.293, 61
Trd, 4319964.293, 60
Trd, 4319967.143, 60
Trd, 4319967.793, 60
Trd, 4319969.343, 60
Trd, 4319970.043, 60
Trd, 4319970.093, 60
Trd, 4319970.543, 60
Trd, 4319971.643, 60
Trd, 4319971.693, 60
Trd, 4319971.843, 63
Trd, 4319972.943, 60
Trd, 4319973.393, 60
Trd, 4319974.443, 66
Trd, 4319974.793, 68
Trd, 4319974.843, 67
Trd, 4319975.543, 70
Trd, 4319977.193, 140
Trd, 4319978.293, 140
Trd, 4319978.393, 140
Trd, 4319979.443, 140
Trd, 4319979.743, 140
Trd, 4319980.293, 140
Trd, 4319980.443, 140
Trd, 4319980.693, 140
Trd, 4319981.093, 140
Trd, 4319981.493, 140
Trd, 4319982.093, 140
Trd, 4319982.343, 138
Trd, 4319983.643, 140
Trd, 4319984.293, 140
Trd, 4319985.643, 139
Trd, 4319986.743, 140
Trd, 4319986.843, 140
Trd, 4319987.043, 139
Trd, 4319988.393, 140
Trd, 4319989.593, 140
Trd, 4319990.343, 140
Trd, 4319990.743, 140
Trd, 4319990.943, 140
Trd, 4319991.243, 140
Trd, 4319992.843, 140
Trd, 4319993.593, 140
Trd, 4319993.943, 140
Trd, 4319994.943, 140
Trd, 4319995.543, 140
Trd, 4319995.793, 140
Trd, 4319995.843, 140
Trd, 4319996.693, 139
Trd, 4319997.743, 140
Trd, 4319997.843, 140
Trd, 4319999.843, 140
Trd, 4319999.943, 140
