Trd, 4318149.693, 136
Trd, 4318149.943, 96
Trd, 4318150.093, 136
Trd, 4318150.693, 65
Trd, 4318151.793, 65
Trd, 4318153.143, 125
Trd, 4318153.893, 131
Trd, 4318154.243, 131
Trd, 4318154.643, 129
Trd, 4318155.293, 134
Trd, 4318156.443, 133
Trd, 4318157.093, 129
Trd, 4318157.843, 130
Trd, 4318158.693, 121
Trd, 4318159.443, 113
Trd, 4318159.993, 97
Trd, 4318160.193, 96
Trd, 4318161.093, 118
Trd, 4318161.443, 117
Trd, 4318162.193, 61
Trd, 4318164.793, 61
Trd, 4318164.943, 65
Trd, 4318165.093, 62
Trd, 4318167.493, 120
Trd, 4318167.893, 84
Trd, 4318168.143, 99
Trd, 4318168.243, 65
Trd, 4318169.893, 136
Trd, 4318170.543, 137
Trd, 4318171.893, 140
Trd, 4318172.043, 140
Trd, 4318173.093, 140
Trd, 4318173.443, 140
Trd, 4318173.793, 130
Trd, 4318173.943, 129
Trd, 4318174.493, 121
Trd, 4318174.743, 132
Trd, 4318176.093, 126
Trd, 4318176.593, 65
Trd, 4318177.843, 107
Trd, 4318177.893, 65
Trd, 4318179.293, 94
Trd, 4318179.543, 95
Trd, 4318179.693, 130
Trd, 4318179.843, 70
Trd, 4318181.143, 73
Trd, 4318182.343, 76
Trd, 4318182.443, 127
Trd, 4318182.843, 89
Trd, 4318182.993, 74
Trd, 4318183.743, 73
Trd, 4318184.193, 62
Trd, 4318184.793, 75
Trd, 4318185.243, 64
Trd, 4318185.993, 72
Trd, 4318186.843, 72
Trd, 4318187.343, 63
Trd, 4318187.943, 66
Trd, 4318188.193, 68
Trd, 4318189.193, 60
Trd, 4318189.643, 63
Trd, 4318190.243, 64
Trd, 4318191.693, 60
Trd, 4318192.043, 60
Trd, 4318192.343, 60
Trd, 4318192.643, 62
Trd, 4318193.143, 66
Trd, 4318193.293, 84
Trd, 4318193.993, 63
Trd, 4318194.393, 65
Trd, 4318195.193, 65
Trd, 4318197.993, 60
Trd, 4318199.443, 60
Trd, 4318199.593, 61
Trd, 4318200.293, 60
Trd, 4318200.693, 62
Trd, 4318201.543, 62
Trd, 4318202.193, 64
Trd, 4318202.443, 82
Trd, 4318202.793, 128
Trd, 4318203.543, 84
Trd, 4318205.193, 61
Trd, 4318205.343, 65
Trd, 4318205.793, 61
Trd, 4318205.893, 61
Trd, 4318207.043, 62
Trd, 4318207.093, 62
Trd, 4318207.393, 62
Trd, 4318207.943, 62
Trd, 4318208.493, 98
Trd, 4318210.293, 81
Trd, 4318210.543, 81
Trd, 4318211.093, 114
Trd, 4318211.543, 95
Trd, 4318212.343, 115
Trd, 4318213.493, 120
Trd, 4318215.243, 120
Trd, 4318215.693, 109
Trd, 4318215.943, 99
Trd, 4318215.993, 72
Trd, 4318216.593, 134
Trd, 4318217.543, 62
Trd, 4318219.493, 60
Trd, 4318220.793, 60
Trd, 4318221.093, 63
Trd, 4318221.693, 62
Trd, 4318221.793, 60
Trd, 4318222.443, 62
Trd, 4318222.893, 63
Trd, 4318223.443, 69
Trd, 4318224.443, 74
Trd, 4318224.643, 61
Trd, 4318226.293, 60
Trd, 4318227.043, 84
Trd, 4318227.393, 61
Trd, 4318229.443, 69
Trd, 4318229.643, 70
Trd, 4318229.693, 67
Trd, 4318229.943, 112
Trd, 4318230.243, 111
Trd, 4318230.543, 66
Trd, 4318232.143, 125
Trd, 4318233.593, 60
Trd, 4318234.043, 61
Trd, 4318234.443, 64
Trd, 4318234.593, 62
Trd, 4318235.343, 68
Trd, 4318237.193, 60
Trd, 4318237.993, 62
Trd, 4318238.143, 66
Trd, 4318239.543, 60
Trd, 4318240.493, 116
Trd, 4318240.843, 117
Trd, 4318241.143, 116
Trd, 4318241.193, 115
Trd, 4318241.643, 133
Trd, 4318241.743, 112
Trd, 4318243.793, 89
Trd, 4318243.893, 87
Trd, 4318244.193, 81
Trd, 4318245.143, 98
Trd, 4318245.693, 102
Trd, 4318246.243, 94
Trd, 4318246.393, 130
Trd, 4318247.343, 119
Trd, 4318247.793, 121
Trd, 4318248.143, 129
Trd, 4318248.243, 128
Trd, 4318248.943, 133
Trd, 4318249.143, 76
Trd, 4318249.943, 71
Trd, 4318250.143, 91
Trd, 4318251.293, 125
Trd, 4318251.543, 124
Trd, 4318254.443, 60
Trd, 4318255.193, 67
Trd, 4318255.243, 66
Trd, 4318256.243, 75
Trd, 4318257.293, 61
Trd, 4318258.043, 60
Trd, 4318258.143, 60
Trd, 4318258.443, 63
Trd, 4318258.593, 69
Trd, 4318258.943, 63
Trd, 4318259.493, 89
Trd, 4318261.293, 64
Trd, 4318261.893, 63
Trd, 4318262.043, 70
Trd, 4318262.443, 61
Trd, 4318264.093, 63
Trd, 4318264.743, 64
Trd, 4318265.243, 62
Trd, 4318265.593, 63
Trd, 4318266.043, 64
Trd, 4318267.043, 60
Trd, 4318268.293, 60
Trd, 4318268.593, 61
Trd, 4318269.093, 65
Trd, 4318269.143, 71
Trd, 4318270.343, 65
Trd, 4318270.843, 69
Trd, 4318271.343, 71
Trd, 4318271.593, 70
Trd, 4318271.693, 105
Trd, 4318273.593, 63
Trd, 4318274.943, 62
Trd, 4318275.293, 64
Trd, 4318275.543, 63
Trd, 4318276.143, 62
Trd, 4318276.593, 63
Trd, 4318277.343, 61
Trd, 4318278.393, 62
Trd, 4318278.943, 60
Trd, 4318279.843, 61
Trd, 4318280.543, 63
Trd, 4318280.993, 67
Trd, 4318281.193, 67
Trd, 4318281.943, 62
Trd, 4318282.443, 64
Trd, 4318282.943, 112
Trd, 4318283.493, 60
Trd, 4318284.793, 61
Trd, 4318285.093, 74
Trd, 4318285.693, 110
Trd, 4318285.743, 109
Trd, 4318286.843, 68
Trd, 4318287.493, 123
Trd, 4318287.843, 113
Trd, 4318288.143, 67
Trd, 4318289.243, 120
Trd, 4318291.043, 62
Trd, 4318292.093, 60
Trd, 4318293.393, 65
Trd, 4318293.843, 62
Trd, 4318293.993, 62
Trd, 4318294.093, 60
Trd, 4318294.743, 70
Trd, 4318294.843, 70
Trd, 4318296.893, 86
Trd, 4318297.793, 129
Trd, 4318298.293, 84
Trd, 4318299.093, 88
Trd, 4318299.843, 135
Trd, 4318300.393, 112
Trd, 4318300.543, 106
Trd, 4318300.943, 74
Trd, 4318304.143, 60
Trd, 4318305.143, 60
Trd, 4318306.043, 64
Trd, 4318307.043, 63
Trd, 4318307.093, 64
Trd, 4318307.893, 77
Trd, 4318307.993, 76
Trd, 4318308.093, 72
Trd, 4318308.193, 71
Trd, 4318308.343, 80
Trd, 4318310.193, 125
Trd, 4318310.493, 77
Trd, 4318310.643, 72
Trd, 4318311.693, 60
Trd, 4318312.143, 108
Trd, 4318313.293, 64
Trd, 4318314.193, 60
Trd, 4318314.393, 60
Trd, 4318315.243, 104
Trd, 4318316.593, 61
Trd, 4318316.643, 62
Trd, 4318317.343, 68
Trd, 4318317.843, 62
Trd, 4318319.693, 63
Trd, 4318320.143, 63
Trd, 4318320.543, 65
Trd, 4318320.843, 71
Trd, 4318321.143, 131
Trd, 4318321.543, 63
Trd, 4318321.843, 63
Trd, 4318322.543, 66
Trd, 4318323.543, 78
Trd, 4318323.693, 73
Trd, 4318324.393, 75
Trd, 4318327.293, 60
Trd, 4318327.593, 66
Trd, 4318327.793, 69
Trd, 4318327.843, 71
Trd, 4318328.543, 63
Trd, 4318328.943, 64
Trd, 4318329.793, 68
Trd, 4318330.693, 65
Trd, 4318331.043, 64
Trd, 4318331.793, 65
Trd, 4318332.043, 67
Trd, 4318332.943, 112
Trd, 4318333.043, 99
Trd, 4318333.843, 60
Trd, 4318335.293, 61
Trd, 4318335.643, 66
Trd, 4318336.793, 117
Trd, 4318336.993, 116
Trd, 4318337.043, 115
Trd, 4318337.343, 99
Trd, 4318338.693, 88
Trd, 4318339.043, 87
Trd, 4318339.643, 110
Trd, 4318340.243, 77
Trd, 4318341.293, 63
Trd, 4318341.543, 67
Trd, 4318341.993, 66
Trd, 4318343.443, 92
Trd, 4318343.893, 68
Trd, 4318344.043, 62
Trd, 4318346.043, 89
Trd, 4318346.243, 80
Trd, 4318346.543, 78
Trd, 4318347.193, 82
Trd, 4318347.943, 79
Trd, 4318348.993, 99
Trd, 4318349.493, 62
Trd, 4318349.693, 62
Trd, 4318350.093, 84
Trd, 4318350.943, 107
Trd, 4318351.593, 62
Trd, 4318351.943, 65
Trd, 4318352.543, 68
Trd, 4318352.593, 109
Trd, 4318353.343, 72
Trd, 4318353.893, 96
Trd, 4318355.343, 79
Trd, 4318355.743, 128
Trd, 4318355.893, 128
Trd, 4318356.343, 83
Trd, 4318357.743, 66
Trd, 4318358.743, 61
Trd, 4318358.843, 62
Trd, 4318359.143, 62
Trd, 4318360.093, 62
Trd, 4318360.243, 71
Trd, 4318361.443, 63
Trd, 4318361.643, 63
Trd, 4318362.393, 64
Trd, 4318363.093, 63
Trd, 4318363.193, 61
Trd, 4318363.593, 60
Trd, 4318364.143, 64
Trd, 4318366.193, 60
Trd, 4318366.293, 60
Trd, 4318366.393, 62
Trd, 4318366.893, 127
Trd, 4318368.093, 60
Trd, 4318368.643, 61
Trd, 4318368.793, 60
Trd, 4318369.493, 61
Trd, 4318370.193, 65
Trd, 4318370.293, 71
Trd, 4318370.693, 75
Trd, 4318372.043, 126
Trd, 4318372.643, 63
Trd, 4318373.893, 61
Trd, 4318374.443, 79
Trd, 4318376.393, 61
Trd, 4318376.543, 61
Trd, 4318376.793, 63
Trd, 4318377.393, 62
Trd, 4318378.693, 61
Trd, 4318379.693, 62
Trd, 4318379.743, 68
Trd, 4318379.993, 61
Trd, 4318380.543, 61
Trd, 4318380.793, 60
Trd, 4318381.693, 61
Trd, 4318382.543, 127
Trd, 4318383.343, 110
Trd, 4318383.743, 79
Trd, 4318386.193, 62
Trd, 4318386.293, 67
Trd, 4318386.493, 86
Trd, 4318387.143, 86
Trd, 4318387.843, 62
Trd, 4318388.643, 61
Trd, 4318388.793, 95
Trd, 4318389.343, 98
Trd, 4318391.143, 66
Trd, 4318391.593, 61
Trd, 4318391.693, 66
Trd, 4318391.893, 62
Trd, 4318392.193, 61
Trd, 4318392.543, 61
Trd, 4318393.543, 94
Trd, 4318394.243, 62
Trd, 4318395.793, 70
Trd, 4318395.843, 107
Trd, 4318397.043, 72
Trd, 4318397.143, 69
Trd, 4318397.593, 89
Trd, 4318398.693, 63
Trd, 4318399.593, 65
Trd, 4318399.643, 73
Trd, 4318400.243, 62
Trd, 4318401.093, 62
Trd, 4318403.093, 63
Trd, 4318403.693, 65
Trd, 4318404.143, 61
Trd, 4318404.293, 69
Trd, 4318406.193, 60
Trd, 4318406.793, 80
Trd, 4318406.943, 79
Trd, 4318407.193, 80
Trd, 4318407.243, 78
Trd, 4318408.943, 104
Trd, 4318409.243, 103
Trd, 4318409.493, 88
Trd, 4318409.793, 75
Trd, 4318410.443, 69
Trd, 4318411.243, 83
Trd, 4318412.093, 62
Trd, 4318414.993, 62
Trd, 4318415.193, 64
Trd, 4318417.043, 60
Trd, 4318417.343, 60
Trd, 4318417.393, 60
Trd, 4318417.443, 60
Trd, 4318418.293, 61
Trd, 4318418.543, 61
Trd, 4318418.743, 108
Trd, 4318419.493, 80
Trd, 4318420.143, 62
Trd, 4318420.393, 65
Trd, 4318420.893, 61
Trd, 4318421.243, 61
Trd, 4318421.893, 121
Trd, 4318423.943, 94
Trd, 4318424.243, 93
Trd, 4318424.793, 66
Trd, 4318425.543, 78
Trd, 4318427.793, 62
Trd, 4318428.343, 68
Trd, 4318429.293, 60
Trd, 4318429.393, 60
Trd, 4318429.893, 61
Trd, 4318430.493, 61
Trd, 4318431.193, 60
Trd, 4318431.543, 62
Trd, 4318432.993, 62
Trd, 4318433.093, 61
Trd, 4318433.493, 64
Trd, 4318433.693, 67
Trd, 4318434.143, 81
Trd, 4318434.943, 91
Trd, 4318435.593, 85
Trd, 4318436.193, 78
Trd, 4318437.143, 90
Trd, 4318439.243, 116
Trd, 4318439.493, 109
Trd, 4318440.243, 111
Trd, 4318440.793, 113
Trd, 4318440.943, 112
Trd, 4318441.493, 62
Trd, 4318442.043, 63
Trd, 4318442.793, 62
Trd, 4318443.443, 60
Trd, 4318443.793, 60
Trd, 4318445.493, 60
Trd, 4318445.593, 60
Trd, 4318446.293, 65
Trd, 4318447.043, 61
Trd, 4318447.093, 93
Trd, 4318447.843, 63
Trd, 4318448.793, 117
Trd, 4318448.893, 114
Trd, 4318450.343, 140
Trd, 4318450.793, 140
Trd, 4318451.343, 115
Trd, 4318451.743, 89
Trd, 4318452.643, 94
Trd, 4318453.143, 94
Trd, 4318453.343, 93
Trd, 4318453.443, 92
Trd, 4318453.943, 102
Trd, 4318457.493, 115
Trd, 4318457.593, 108
Trd, 4318458.043, 82
Trd, 4318458.643, 66
Trd, 4318459.243, 65
Trd, 4318459.343, 66
Trd, 4318461.793, 60
Trd, 4318461.843, 60
Trd, 4318462.493, 60
Trd, 4318464.843, 60
Trd, 4318464.893, 60
Trd, 4318465.093, 60
Trd, 4318465.343, 61
Trd, 4318465.443, 61
Trd, 4318466.043, 65
Trd, 4318467.343, 61
Trd, 4318467.593, 60
Trd, 4318467.693, 60
Trd, 4318468.393, 65
Trd, 4318468.543, 74
Trd, 4318469.043, 61
Trd, 4318470.743, 60
Trd, 4318472.643, 60
Trd, 4318474.043, 60
Trd, 4318474.993, 62
Trd, 4318475.093, 63
Trd, 4318475.143, 70
Trd, 4318476.043, 61
Trd, 4318477.093, 60
Trd, 4318477.543, 60
Trd, 4318477.893, 60
Trd, 4318477.993, 62
Trd, 4318478.443, 63
Trd, 4318479.593, 61
Trd, 4318480.143, 62
Trd, 4318480.743, 100
Trd, 4318482.593, 61
Trd, 4318482.943, 75
Trd, 4318486.043, 60
Trd, 4318486.643, 64
Trd, 4318488.193, 66
Trd, 4318488.843, 60
Trd, 4318490.293, 60
Trd, 4318490.543, 60
Trd, 4318490.743, 60
Trd, 4318491.243, 60
Trd, 4318491.893, 68
Trd, 4318492.493, 63
Trd, 4318492.743, 69
Trd, 4318493.943, 71
Trd, 4318494.143, 71
Trd, 4318494.493, 70
Trd, 4318494.843, 108
Trd, 4318496.843, 60
Trd, 4318498.143, 62
Trd, 4318498.243, 62
Trd, 4318498.643, 62
Trd, 4318500.993, 62
Trd, 4318501.693, 61
Trd, 4318501.743, 65
Trd, 4318501.993, 61
Trd, 4318502.943, 67
Trd, 4318503.843, 69
Trd, 4318503.893, 81
Trd, 4318503.993, 67
Trd, 4318504.193, 64
Trd, 4318505.543, 60
Trd, 4318507.293, 61
Trd, 4318507.643, 61
Trd, 4318508.443, 62
Trd, 4318508.743, 63
Trd, 4318508.843, 71
Trd, 4318509.743, 62
Trd, 4318510.193, 68
Trd, 4318510.843, 136
Trd, 4318511.043, 112
Trd, 4318511.793, 88
Trd, 4318512.193, 87
Trd, 4318512.543, 60
Trd, 4318513.593, 60
Trd, 4318513.743, 61
Trd, 4318514.693, 63
Trd, 4318514.843, 64
Trd, 4318516.543, 63
Trd, 4318516.793, 64
Trd, 4318516.893, 78
Trd, 4318519.143, 61
Trd, 4318520.293, 60
Trd, 4318522.293, 60
Trd, 4318522.643, 61
Trd, 4318522.993, 61
Trd, 4318523.293, 64
Trd, 4318523.343, 64
Trd, 4318523.943, 63
Trd, 4318524.393, 60
Trd, 4318525.793, 63
Trd, 4318526.493, 63
Trd, 4318526.693, 65
Trd, 4318528.093, 66
Trd, 4318528.693, 66
Trd, 4318529.143, 66
Trd, 4318529.443, 61
Trd, 4318531.143, 61
Trd, 4318531.743, 70
Trd, 4318531.943, 62
Trd, 4318534.693, 60
Trd, 4318534.993, 60
Trd, 4318536.093, 60
Trd, 4318536.393, 61
Trd, 4318536.743, 67
Trd, 4318537.293, 64
Trd, 4318537.793, 62
Trd, 4318538.743, 64
Trd, 4318539.643, 67
Trd, 4318540.093, 95
Trd, 4318541.193, 60
Trd, 4318541.293, 61
Trd, 4318544.243, 60
Trd, 4318544.893, 62
Trd, 4318544.943, 66
Trd, 4318547.093, 60
Trd, 4318547.393, 60
Trd, 4318547.543, 60
Trd, 4318548.143, 61
Trd, 4318548.793, 62
Trd, 4318548.843, 61
Trd, 4318549.393, 60
Trd, 4318549.593, 67
Trd, 4318549.643, 83
Trd, 4318551.743, 63
Trd, 4318552.643, 65
Trd, 4318552.743, 85
Trd, 4318553.193, 83
Trd, 4318553.543, 78
Trd, 4318553.893, 125
Trd, 4318555.693, 96
Trd, 4318555.743, 95
Trd, 4318556.793, 113
Trd, 4318557.993, 126
Trd, 4318558.043, 95
Trd, 4318558.843, 102
Trd, 4318559.443, 75
Trd, 4318560.843, 94
Trd, 4318560.993, 89
Trd, 4318562.493, 60
Trd, 4318563.493, 61
Trd, 4318563.543, 62
Trd, 4318564.243, 66
Trd, 4318565.043, 62
Trd, 4318565.143, 63
Trd, 4318566.043, 64
Trd, 4318566.543, 64
Trd, 4318566.743, 67
Trd, 4318567.043, 62
Trd, 4318568.493, 95
Trd, 4318568.643, 85
Trd, 4318568.693, 71
Trd, 4318569.893, 81
Trd, 4318571.043, 70
Trd, 4318571.593, 68
Trd, 4318572.393, 63
Trd, 4318573.143, 63
Trd, 4318573.293, 64
Trd, 4318573.943, 121
Trd, 4318574.443, 122
Trd, 4318575.193, 121
Trd, 4318575.393, 76
Trd, 4318575.893, 60
Trd, 4318577.193, 90
Trd, 4318577.493, 73
Trd, 4318578.143, 108
Trd, 4318578.493, 64
Trd, 4318580.293, 60
Trd, 4318580.893, 61
Trd, 4318581.993, 63
Trd, 4318582.543, 64
Trd, 4318582.693, 66
Trd, 4318583.043, 70
Trd, 4318583.143, 115
Trd, 4318584.943, 62
Trd, 4318585.543, 68
Trd, 4318585.993, 76
Trd, 4318586.243, 68
Trd, 4318586.543, 68
Trd, 4318586.943, 77
Trd, 4318589.443, 122
Trd, 4318589.743, 122
Trd, 4318590.743, 123
Trd, 4318591.793, 138
Trd, 4318591.943, 129
Trd, 4318592.443, 129
Trd, 4318592.643, 126
Trd, 4318593.293, 80
Trd, 4318593.543, 123
Trd, 4318593.743, 62
Trd, 4318594.043, 84
Trd, 4318595.093, 65
Trd, 4318595.743, 68
Trd, 4318596.093, 83
Trd, 4318596.993, 113
Trd, 4318597.693, 113
Trd, 4318598.243, 113
Trd, 4318599.393, 115
Trd, 4318599.893, 113
Trd, 4318600.343, 126
Trd, 4318600.543, 116
Trd, 4318602.093, 80
Trd, 4318602.293, 101
Trd, 4318603.693, 60
Trd, 4318605.343, 60
Trd, 4318605.393, 63
Trd, 4318606.643, 64
Trd, 4318606.793, 61
Trd, 4318607.043, 70
Trd, 4318607.443, 123
Trd, 4318607.543, 61
Trd, 4318608.993, 60
Trd, 4318609.993, 60
Trd, 4318610.043, 61
Trd, 4318611.243, 63
Trd, 4318611.443, 63
Trd, 4318611.793, 63
Trd, 4318612.393, 68
Trd, 4318612.443, 93
Trd, 4318613.243, 65
Trd, 4318613.893, 102
Trd, 4318614.893, 71
Trd, 4318615.493, 73
Trd, 4318615.643, 69
Trd, 4318616.443, 60
Trd, 4318617.443, 85
Trd, 4318618.293, 61
Trd, 4318619.193, 60
Trd, 4318619.493, 66
Trd, 4318619.893, 62
Trd, 4318620.293, 63
Trd, 4318620.443, 82
Trd, 4318621.743, 68
Trd, 4318621.843, 67
Trd, 4318622.093, 74
Trd, 4318622.643, 73
Trd, 4318623.743, 92
Trd, 4318624.943, 64
Trd, 4318627.043, 66
Trd, 4318627.143, 60
Trd, 4318627.443, 69
Trd, 4318628.743, 62
Trd, 4318628.793, 67
Trd, 4318629.443, 61
Trd, 4318629.743, 64
Trd, 4318631.443, 63
Trd, 4318631.743, 73
Trd, 4318632.293, 65
Trd, 4318632.743, 66
Trd, 4318633.393, 83
Trd, 4318633.543, 67
Trd, 4318634.193, 69
Trd, 4318635.143, 87
Trd, 4318635.693, 74
Trd, 4318636.043, 100
Trd, 4318637.143, 101
Trd, 4318637.893, 131
Trd, 4318638.043, 107
Trd, 4318638.143, 100
Trd, 4318638.843, 124
Trd, 4318639.443, 113
Trd, 4318639.993, 76
Trd, 4318640.493, 60
Trd, 4318642.143, 111
Trd, 4318644.343, 122
Trd, 4318644.743, 122
Trd, 4318644.993, 121
Trd, 4318646.143, 111
Trd, 4318646.193, 82
Trd, 4318646.543, 90
Trd, 4318647.143, 133
Trd, 4318647.993, 92
Trd, 4318649.143, 60
Trd, 4318650.143, 60
Trd, 4318650.643, 61
Trd, 4318650.743, 68
Trd, 4318651.393, 78
Trd, 4318651.943, 115
Trd, 4318654.693, 60
Trd, 4318654.743, 63
Trd, 4318655.093, 60
Trd, 4318655.393, 62
Trd, 4318655.693, 65
Trd, 4318656.293, 73
Trd, 4318657.343, 60
Trd, 4318657.893, 61
Trd, 4318658.343, 60
Trd, 4318658.793, 65
Trd, 4318658.893, 69
Trd, 4318659.643, 69
Trd, 4318660.543, 110
Trd, 4318661.993, 63
Trd, 4318662.343, 88
Trd, 4318663.393, 117
Trd, 4318664.243, 137
Trd, 4318664.443, 137
Trd, 4318664.793, 139
Trd, 4318665.343, 130
Trd, 4318667.043, 130
Trd, 4318667.343, 130
Trd, 4318667.993, 102
Trd, 4318668.593, 105
Trd, 4318668.993, 69
Trd, 4318669.443, 61
Trd, 4318670.143, 63
Trd, 4318670.493, 60
Trd, 4318671.493, 60
Trd, 4318673.843, 60
Trd, 4318674.343, 60
Trd, 4318674.393, 61
Trd, 4318674.993, 86
Trd, 4318675.293, 60
Trd, 4318676.393, 60
Trd, 4318677.493, 61
Trd, 4318678.343, 62
Trd, 4318679.193, 62
Trd, 4318679.643, 110
Trd, 4318680.443, 96
Trd, 4318680.993, 95
Trd, 4318682.043, 88
Trd, 4318683.393, 60
Trd, 4318684.543, 60
Trd, 4318684.893, 60
Trd, 4318685.143, 61
Trd, 4318685.443, 62
Trd, 4318686.143, 63
Trd, 4318686.243, 72
Trd, 4318687.593, 65
Trd, 4318687.893, 82
Trd, 4318688.743, 60
Trd, 4318689.793, 61
Trd, 4318690.693, 61
Trd, 4318690.793, 65
Trd, 4318690.943, 73
Trd, 4318691.993, 110
Trd, 4318692.143, 108
Trd, 4318692.593, 109
Trd, 4318693.543, 66
Trd, 4318693.993, 97
Trd, 4318694.593, 130
Trd, 4318694.843, 97
Trd, 4318695.243, 91
Trd, 4318695.693, 68
Trd, 4318696.843, 108
Trd, 4318697.643, 72
Trd, 4318698.043, 69
Trd, 4318698.343, 70
Trd, 4318698.893, 70
Trd, 4318699.143, 122
Trd, 4318700.893, 125
Trd, 4318701.193, 92
Trd, 4318701.993, 102
Trd, 4318703.493, 60
Trd, 4318703.793, 60
Trd, 4318704.443, 61
Trd, 4318704.793, 63
Trd, 4318704.943, 64
Trd, 4318706.043, 65
Trd, 4318707.843, 60
Trd, 4318708.693, 63
Trd, 4318709.093, 64
Trd, 4318710.193, 63
Trd, 4318710.293, 64
Trd, 4318710.393, 66
Trd, 4318711.093, 66
Trd, 4318712.293, 65
Trd, 4318712.343, 64
Trd, 4318712.493, 68
Trd, 4318713.943, 61
Trd, 4318714.093, 69
Trd, 4318716.493, 61
Trd, 4318717.343, 63
Trd, 4318717.743, 60
Trd, 4318718.893, 64
Trd, 4318720.093, 61
Trd, 4318720.643, 61
Trd, 4318721.893, 62
Trd, 4318722.543, 62
Trd, 4318723.293, 60
Trd, 4318723.593, 69
Trd, 4318724.193, 62
Trd, 4318724.493, 66
Trd, 4318725.643, 118
Trd, 4318726.243, 88
Trd, 4318726.343, 68
Trd, 4318726.493, 118
Trd, 4318728.293, 89
Trd, 4318728.643, 106
Trd, 4318729.493, 75
Trd, 4318729.643, 71
Trd, 4318729.943, 82
Trd, 4318730.193, 103
Trd, 4318731.843, 60
Trd, 4318732.143, 71
Trd, 4318733.593, 84
Trd, 4318733.843, 123
Trd, 4318734.543, 86
Trd, 4318734.743, 103
Trd, 4318736.543, 119
Trd, 4318736.743, 116
Trd, 4318736.943, 109
Trd, 4318737.693, 97
Trd, 4318738.043, 99
Trd, 4318738.493, 75
Trd, 4318739.093, 64
Trd, 4318740.593, 60
Trd, 4318740.743, 68
Trd, 4318741.293, 60
Trd, 4318741.593, 69
Trd, 4318743.293, 70
Trd, 4318744.643, 61
Trd, 4318745.043, 63
Trd, 4318745.343, 61
Trd, 4318745.593, 62
Trd, 4318746.243, 64
Trd, 4318746.593, 64
Trd, 4318747.043, 65
Trd, 4318747.543, 65
Trd, 4318747.593, 67
Trd, 4318748.093, 83
Trd, 4318749.393, 67
Trd, 4318750.093, 71
Trd, 4318750.843, 61
Trd, 4318752.393, 63
Trd, 4318752.893, 60
Trd, 4318753.543, 60
Trd, 4318754.143, 60
Trd, 4318754.893, 60
Trd, 4318755.493, 62
Trd, 4318756.293, 62
Trd, 4318756.493, 65
Trd, 4318757.293, 63
Trd, 4318757.393, 60
Trd, 4318757.743, 70
Trd, 4318758.393, 74
Trd, 4318759.043, 60
Trd, 4318761.043, 61
Trd, 4318761.443, 60
Trd, 4318763.243, 60
Trd, 4318763.593, 60
Trd, 4318764.943, 80
Trd, 4318766.343, 60
Trd, 4318766.443, 62
Trd, 4318766.643, 60
Trd, 4318766.693, 81
Trd, 4318767.293, 63
Trd, 4318767.843, 62
Trd, 4318768.243, 63
Trd, 4318768.543, 66
Trd, 4318769.393, 134
Trd, 4318770.243, 103
Trd, 4318771.893, 60
Trd, 4318774.043, 62
Trd, 4318774.543, 62
Trd, 4318774.743, 61
Trd, 4318777.293, 61
Trd, 4318777.793, 61
Trd, 4318778.043, 60
Trd, 4318778.293, 61
Trd, 4318778.443, 62
Trd, 4318778.693, 61
Trd, 4318779.293, 63
Trd, 4318779.643, 75
Trd, 4318780.593, 121
Trd, 4318781.193, 86
Trd, 4318781.693, 62
Trd, 4318783.643, 63
Trd, 4318784.993, 60
Trd, 4318785.893, 62
Trd, 4318786.343, 61
Trd, 4318786.643, 62
Trd, 4318787.743, 60
Trd, 4318788.343, 60
Trd, 4318789.093, 61
Trd, 4318789.193, 63
Trd, 4318789.743, 68
Trd, 4318790.143, 117
Trd, 4318791.243, 60
Trd, 4318791.593, 61
Trd, 4318791.843, 61
Trd, 4318792.293, 62
Trd, 4318795.393, 62
Trd, 4318795.543, 65
Trd, 4318795.943, 68
Trd, 4318796.143, 68
Trd, 4318796.843, 65
Trd, 4318797.593, 72
Trd, 4318797.993, 71
Trd, 4318798.043, 66
Trd, 4318799.143, 94
Trd, 4318799.293, 95
Trd, 4318800.393, 63
Trd, 4318802.043, 60
Trd, 4318802.343, 73
Trd, 4318802.793, 61
Trd, 4318803.793, 109
Trd, 4318804.243, 110
Trd, 4318804.443, 108
Trd, 4318804.793, 105
Trd, 4318805.743, 94
Trd, 4318806.943, 97
Trd, 4318807.093, 96
Trd, 4318807.643, 105
Trd, 4318808.943, 134
Trd, 4318809.543, 78
Trd, 4318809.643, 63
Trd, 4318810.393, 64
Trd, 4318811.593, 70
Trd, 4318811.693, 78
Trd, 4318813.593, 123
Trd, 4318814.143, 111
Trd, 4318814.593, 111
Trd, 4318816.093, 114
Trd, 4318816.843, 128
Trd, 4318817.843, 126
Trd, 4318818.493, 126
Trd, 4318818.593, 126
Trd, 4318818.843, 104
Trd, 4318819.693, 95
Trd, 4318819.843, 95
Trd, 4318820.843, 97
Trd, 4318821.493, 65
Trd, 4318821.843, 101
Trd, 4318823.043, 63
Trd, 4318823.093, 64
Trd, 4318824.093, 117
Trd, 4318824.143, 116
Trd, 4318824.743, 115
Trd, 4318825.893, 116
Trd, 4318826.043, 60
Trd, 4318826.343, 131
Trd, 4318828.043, 60
Trd, 4318828.543, 61
Trd, 4318829.943, 63
Trd, 4318830.943, 62
Trd, 4318831.493, 62
Trd, 4318832.793, 79
Trd, 4318833.243, 71
Trd, 4318833.593, 64
Trd, 4318833.893, 81
Trd, 4318834.043, 96
Trd, 4318834.193, 63
Trd, 4318835.743, 70
Trd, 4318836.993, 111
Trd, 4318837.243, 90
Trd, 4318838.043, 91
Trd, 4318839.343, 94
Trd, 4318839.393, 93
Trd, 4318840.193, 127
Trd, 4318840.393, 126
Trd, 4318840.443, 113
Trd, 4318841.343, 108
Trd, 4318842.393, 114
Trd, 4318842.743, 105
Trd, 4318843.093, 73
Trd, 4318844.093, 92
Trd, 4318845.343, 94
Trd, 4318845.593, 93
Trd, 4318846.743, 95
Trd, 4318846.993, 66
Trd, 4318847.793, 91
Trd, 4318848.843, 134
Trd, 4318851.043, 60
Trd, 4318851.393, 67
Trd, 4318851.793, 67
Trd, 4318852.043, 61
Trd, 4318852.693, 60
Trd, 4318852.743, 63
Trd, 4318853.893, 63
Trd, 4318854.693, 61
Trd, 4318855.843, 62
Trd, 4318856.693, 61
Trd, 4318858.043, 60
Trd, 4318858.643, 62
Trd, 4318859.193, 62
Trd, 4318859.243, 61
Trd, 4318859.393, 60
Trd, 4318859.843, 127
Trd, 4318860.143, 80
Trd, 4318861.843, 63
Trd, 4318861.993, 61
Trd, 4318862.793, 68
Trd, 4318863.693, 62
Trd, 4318865.143, 60
Trd, 4318865.193, 60
Trd, 4318865.843, 60
Trd, 4318866.943, 62
Trd, 4318867.443, 94
Trd, 4318867.593, 75
Trd, 4318868.493, 74
Trd, 4318869.043, 60
Trd, 4318869.343, 64
Trd, 4318869.993, 63
Trd, 4318871.293, 88
Trd, 4318871.443, 87
Trd, 4318872.943, 113
Trd, 4318873.043, 112
Trd, 4318873.143, 127
Trd, 4318873.643, 128
Trd, 4318874.043, 111
Trd, 4318875.993, 69
Trd, 4318877.443, 85
Trd, 4318877.843, 120
Trd, 4318878.143, 120
Trd, 4318878.193, 81
Trd, 4318878.943, 82
Trd, 4318879.143, 83
Trd, 4318880.793, 86
Trd, 4318881.043, 95
Trd, 4318881.143, 85
Trd, 4318881.393, 86
Trd, 4318881.443, 97
Trd, 4318883.543, 113
Trd, 4318884.443, 99
Trd, 4318884.693, 98
Trd, 4318884.993, 81
Trd, 4318885.293, 105
Trd, 4318885.593, 75
Trd, 4318886.343, 65
Trd, 4318887.093, 106
Trd, 4318887.293, 62
Trd, 4318887.943, 75
Trd, 4318889.243, 66
Trd, 4318890.543, 66
Trd, 4318891.043, 60
Trd, 4318891.793, 71
Trd, 4318892.093, 67
Trd, 4318892.743, 111
Trd, 4318893.393, 110
Trd, 4318893.443, 109
Trd, 4318893.993, 96
Trd, 4318895.443, 115
Trd, 4318895.943, 95
Trd, 4318896.593, 91
Trd, 4318897.093, 75
Trd, 4318897.393, 60
Trd, 4318898.093, 124
Trd, 4318899.193, 125
Trd, 4318901.343, 60
Trd, 4318902.943, 61
Trd, 4318903.643, 61
Trd, 4318903.743, 61
Trd, 4318903.943, 63
Trd, 4318906.243, 60
Trd, 4318906.793, 61
Trd, 4318907.243, 64
Trd, 4318907.393, 73
Trd, 4318908.093, 66
Trd, 4318908.593, 77
Trd, 4318909.493, 118
Trd, 4318909.543, 76
Trd, 4318910.343, 68
Trd, 4318910.943, 66
Trd, 4318910.993, 65
Trd, 4318911.743, 77
Trd, 4318912.293, 60
Trd, 4318912.893, 77
Trd, 4318915.493, 60
Trd, 4318916.493, 60
Trd, 4318916.693, 60
Trd, 4318917.543, 60
Trd, 4318918.193, 62
Trd, 4318918.693, 63
Trd, 4318919.243, 60
Trd, 4318920.743, 60
Trd, 4318920.893, 62
Trd, 4318922.143, 61
Trd, 4318922.493, 70
Trd, 4318922.993, 71
Trd, 4318923.243, 68
Trd, 4318923.593, 69
Trd, 4318923.993, 63
Trd, 4318924.843, 122
Trd, 4318925.843, 68
Trd, 4318927.093, 61
Trd, 4318928.093, 63
Trd, 4318928.293, 64
Trd, 4318929.293, 65
Trd, 4318929.393, 65
Trd, 4318930.743, 60
Trd, 4318931.093, 61
Trd, 4318931.293, 62
Trd, 4318931.443, 60
Trd, 4318932.043, 60
Trd, 4318932.743, 63
Trd, 4318933.843, 60
Trd, 4318934.993, 60
Trd, 4318935.143, 62
Trd, 4318935.593, 62
Trd, 4318935.993, 60
Trd, 4318939.243, 60
Trd, 4318939.593, 61
Trd, 4318939.893, 61
Trd, 4318940.743, 61
Trd, 4318941.043, 65
Trd, 4318941.343, 66
Trd, 4318941.793, 67
Trd, 4318942.943, 74
Trd, 4318943.143, 89
Trd, 4318943.193, 68
Trd, 4318943.443, 65
Trd, 4318943.893, 64
Trd, 4318946.293, 60
Trd, 4318947.593, 61
Trd, 4318948.193, 63
Trd, 4318948.293, 64
Trd, 4318948.543, 64
Trd, 4318948.893, 65
Trd, 4318949.193, 64
Trd, 4318949.593, 62
Trd, 4318950.693, 117
Trd, 4318950.893, 101
Trd, 4318950.993, 62
Trd, 4318952.093, 66
Trd, 4318952.993, 65
Trd, 4318953.543, 61
Trd, 4318954.743, 61
Trd, 4318954.893, 63
Trd, 4318955.743, 73
Trd, 4318956.043, 66
Trd, 4318957.543, 102
Trd, 4318957.843, 90
Trd, 4318958.843, 121
Trd, 4318958.943, 93
Trd, 4318959.893, 116
Trd, 4318960.343, 134
Trd, 4318960.493, 115
Trd, 4318961.543, 95
Trd, 4318961.893, 73
Trd, 4318962.243, 128
Trd, 4318962.543, 127
Trd, 4318964.193, 139
Trd, 4318965.043, 139
Trd, 4318965.293, 102
Trd, 4318966.343, 61
Trd, 4318966.543, 97
Trd, 4318966.943, 62
Trd, 4318968.293, 111
Trd, 4318969.143, 112
Trd, 4318969.743, 112
Trd, 4318970.993, 109
Trd, 4318971.293, 104
Trd, 4318972.693, 136
Trd, 4318973.193, 109
Trd, 4318973.643, 94
Trd, 4318974.343, 62
Trd, 4318976.543, 61
Trd, 4318977.693, 60
Trd, 4318978.493, 60
Trd, 4318978.693, 61
Trd, 4318979.693, 60
Trd, 4318980.393, 60
Trd, 4318980.493, 62
Trd, 4318981.093, 60
Trd, 4318981.193, 61
Trd, 4318982.643, 65
Trd, 4318983.443, 62
Trd, 4318983.743, 71
Trd, 4318984.543, 74
Trd, 4318984.843, 75
Trd, 4318987.043, 61
Trd, 4318987.193, 60
Trd, 4318987.843, 63
Trd, 4318988.093, 63
Trd, 4318988.293, 63
Trd, 4318988.893, 63
Trd, 4318989.393, 60
Trd, 4318990.093, 60
Trd, 4318990.743, 63
Trd, 4318991.093, 62
Trd, 4318991.893, 71
Trd, 4318992.093, 73
Trd, 4318994.343, 60
Trd, 4318994.593, 61
Trd, 4318995.443, 66
Trd, 4318996.243, 64
Trd, 4318996.843, 67
Trd, 4318996.993, 65
Trd, 4318997.043, 63
Trd, 4318997.843, 63
Trd, 4318999.543, 114
Trd, 4319000.043, 108
Trd, 4319000.543, 67
Trd, 4319000.943, 67
Trd, 4319001.893, 131
Trd, 4319002.443, 90
Trd, 4319003.843, 92
Trd, 4319004.593, 133
Trd, 4319004.993, 132
Trd, 4319005.693, 132
Trd, 4319005.893, 136
Trd, 4319006.793, 98
Trd, 4319008.243, 105
Trd, 4319008.543, 104
Trd, 4319009.443, 104
Trd, 4319009.593, 109
Trd, 4319009.843, 90
Trd, 4319010.093, 74
Trd, 4319010.793, 88
Trd, 4319012.693, 60
Trd, 4319012.793, 61
Trd, 4319014.043, 68
Trd, 4319014.343, 70
Trd, 4319014.643, 91
Trd, 4319015.493, 86
Trd, 4319015.843, 69
Trd, 4319016.693, 70
Trd, 4319017.043, 77
Trd, 4319017.293, 77
Trd, 4319017.543, 90
Trd, 4319018.343, 139
Trd, 4319018.443, 132
Trd, 4319018.593, 131
Trd, 4319019.193, 135
Trd, 4319020.393, 97
Trd, 4319022.493, 64
Trd, 4319022.943, 65
Trd, 4319024.343, 72
Trd, 4319024.743, 73
Trd, 4319025.443, 60
Trd, 4319025.893, 60
Trd, 4319026.393, 61
Trd, 4319026.743, 60
Trd, 4319026.793, 61
Trd, 4319027.193, 63
Trd, 4319027.643, 61
Trd, 4319027.743, 60
Trd, 4319028.593, 68
Trd, 4319028.843, 103
Trd, 4319030.293, 63
Trd, 4319030.843, 61
Trd, 4319032.443, 60
Trd, 4319033.293, 60
Trd, 4319033.493, 61
Trd, 4319034.143, 60
Trd, 4319034.643, 64
Trd, 4319034.693, 64
Trd, 4319035.843, 61
Trd, 4319036.093, 125
Trd, 4319036.793, 68
Trd, 4319037.293, 67
Trd, 4319038.143, 61
Trd, 4319038.543, 67
Trd, 4319039.243, 60
Trd, 4319039.693, 61
Trd, 4319040.243, 74
Trd, 4319041.793, 96
Trd, 4319042.193, 96
Trd, 4319042.993, 96
Trd, 4319043.043, 95
Trd, 4319044.143, 112
Trd, 4319045.193, 111
Trd, 4319045.243, 112
Trd, 4319045.993, 94
Trd, 4319046.393, 83
Trd, 4319046.843, 80
Trd, 4319047.193, 102
Trd, 4319047.843, 84
Trd, 4319049.193, 128
Trd, 4319050.393, 127
Trd, 4319050.443, 120
Trd, 4319051.143, 120
Trd, 4319051.343, 86
Trd, 4319051.793, 85
Trd, 4319053.193, 73
Trd, 4319054.693, 138
Trd, 4319055.193, 137
Trd, 4319055.743, 62
Trd, 4319056.743, 71
Trd, 4319057.493, 64
Trd, 4319057.643, 76
Trd, 4319057.943, 70
Trd, 4319059.643, 116
Trd, 4319060.093, 115
Trd, 4319060.293, 112
Trd, 4319061.443, 118
Trd, 4319061.743, 122
Trd, 4319062.143, 112
Trd, 4319063.243, 117
Trd, 4319064.643, 120
Trd, 4319065.493, 120
Trd, 4319065.793, 119
Trd, 4319065.843, 86
Trd, 4319066.593, 65
Trd, 4319067.343, 93
Trd, 4319068.543, 60
Trd, 4319069.143, 60
Trd, 4319069.793, 74
Trd, 4319069.993, 73
Trd, 4319070.693, 99
Trd, 4319071.043, 61
Trd, 4319071.893, 135
Trd, 4319072.193, 122
Trd, 4319073.243, 60
Trd, 4319074.293, 64
Trd, 4319074.793, 114
Trd, 4319075.043, 97
Trd, 4319076.493, 73
Trd, 4319076.693, 74
Trd, 4319076.893, 100
Trd, 4319077.943, 63
Trd, 4319078.243, 78
Trd, 4319080.093, 65
Trd, 4319080.843, 63
Trd, 4319081.343, 75
Trd, 4319081.843, 68
Trd, 4319081.893, 67
Trd, 4319084.493, 62
Trd, 4319084.743, 60
Trd, 4319086.993, 61
Trd, 4319087.043, 62
Trd, 4319087.193, 64
Trd, 4319087.693, 62
Trd, 4319088.343, 65
Trd, 4319089.243, 63
Trd, 4319089.543, 63
Trd, 4319089.793, 61
Trd, 4319090.343, 66
Trd, 4319091.043, 71
Trd, 4319091.943, 139
Trd, 4319092.293, 74
Trd, 4319093.043, 84
Trd, 4319093.093, 83
Trd, 4319094.193, 71
Trd, 4319095.043, 111
Trd, 4319095.143, 96
Trd, 4319095.393, 68
Trd, 4319095.993, 66
Trd, 4319097.843, 102
Trd, 4319097.993, 113
Trd, 4319099.193, 78
Trd, 4319099.243, 76
Trd, 4319099.593, 76
Trd, 4319101.043, 77
Trd, 4319101.493, 76
Trd, 4319102.443, 85
Trd, 4319103.093, 110
Trd, 4319104.243, 135
Trd, 4319105.193, 92
Trd, 4319105.293, 68
Trd, 4319105.743, 90
Trd, 4319106.443, 103
Trd, 4319106.593, 101
Trd, 4319107.793, 109
Trd, 4319108.293, 101
Trd, 4319109.243, 100
Trd, 4319110.293, 123
Trd, 4319110.443, 88
Trd, 4319112.093, 124
Trd, 4319112.143, 123
Trd, 4319112.243, 122
Trd, 4319113.043, 113
Trd, 4319113.093, 92
Trd, 4319114.893, 100
Trd, 4319114.943, 86
Trd, 4319116.543, 69
Trd, 4319117.793, 61
Trd, 4319118.093, 61
Trd, 4319118.243, 63
Trd, 4319118.893, 60
Trd, 4319120.243, 65
Trd, 4319120.293, 65
Trd, 4319120.593, 64
Trd, 4319121.493, 64
Trd, 4319121.693, 65
Trd, 4319122.493, 117
Trd, 4319124.243, 127
Trd, 4319124.643, 125
Trd, 4319125.193, 125
Trd, 4319125.593, 125
Trd, 4319125.693, 124
Trd, 4319126.443, 118
Trd, 4319128.043, 83
Trd, 4319128.293, 82
Trd, 4319129.093, 86
Trd, 4319129.393, 108
Trd, 4319130.393, 86
Trd, 4319131.793, 128
Trd, 4319132.343, 127
Trd, 4319132.593, 114
Trd, 4319132.893, 127
Trd, 4319133.243, 60
Trd, 4319133.743, 60
Trd, 4319134.593, 63
Trd, 4319134.693, 64
Trd, 4319136.643, 61
Trd, 4319137.893, 60
Trd, 4319138.393, 60
Trd, 4319138.643, 61
Trd, 4319139.243, 63
Trd, 4319140.343, 60
Trd, 4319140.793, 63
Trd, 4319141.943, 61
Trd, 4319143.493, 60
Trd, 4319143.943, 60
Trd, 4319144.343, 64
Trd, 4319144.643, 63
Trd, 4319146.243, 136
Trd, 4319146.893, 116
Trd, 4319147.293, 136
Trd, 4319147.893, 114
Trd, 4319148.493, 114
Trd, 4319149.243, 137
Trd, 4319149.743, 60
Trd, 4319150.043, 62
Trd, 4319150.293, 60
Trd, 4319151.293, 61
Trd, 4319152.543, 112
Trd, 4319153.043, 109
Trd, 4319153.593, 115
Trd, 4319154.293, 90
Trd, 4319154.643, 106
Trd, 4319155.443, 86
Trd, 4319157.793, 105
Trd, 4319157.993, 106
Trd, 4319158.193, 107
Trd, 4319158.293, 108
Trd, 4319158.493, 105
Trd, 4319158.943, 105
Trd, 4319159.093, 104
Trd, 4319160.743, 118
Trd, 4319161.193, 115
Trd, 4319161.693, 138
Trd, 4319162.193, 112
Trd, 4319162.643, 111
Trd, 4319164.043, 114
Trd, 4319164.443, 128
Trd, 4319164.893, 109
Trd, 4319165.743, 111
Trd, 4319165.793, 133
Trd, 4319166.393, 108
Trd, 4319166.993, 86
Trd, 4319167.593, 108
Trd, 4319167.993, 107
Trd, 4319168.793, 101
Trd, 4319169.293, 89
Trd, 4319170.143, 70
Trd, 4319170.793, 60
Trd, 4319171.093, 87
Trd, 4319171.843, 63
Trd, 4319172.643, 63
Trd, 4319172.893, 65
Trd, 4319172.943, 63
Trd, 4319173.293, 85
Trd, 4319175.293, 64
Trd, 4319176.193, 64
Trd, 4319176.543, 61
Trd, 4319177.593, 60
Trd, 4319178.893, 68
Trd, 4319178.993, 71
Trd, 4319180.143, 66
Trd, 4319180.793, 60
Trd, 4319180.843, 63
Trd, 4319181.993, 65
Trd, 4319183.093, 140
Trd, 4319183.693, 127
Trd, 4319183.843, 74
Trd, 4319184.243, 68
Trd, 4319184.343, 62
Trd, 4319184.543, 88
Trd, 4319185.293, 90
Trd, 4319186.693, 115
Trd, 4319187.143, 114
Trd, 4319187.343, 111
Trd, 4319187.493, 119
Trd, 4319188.643, 117
Trd, 4319189.143, 64
Trd, 4319190.343, 63
Trd, 4319190.793, 60
Trd, 4319191.743, 64
Trd, 4319192.393, 66
Trd, 4319193.643, 63
Trd, 4319193.943, 63
Trd, 4319194.193, 64
Trd, 4319194.793, 65
Trd, 4319195.293, 66
Trd, 4319195.543, 113
Trd, 4319195.893, 62
Trd, 4319198.093, 60
Trd, 4319198.393, 60
Trd, 4319198.493, 60
Trd, 4319199.043, 60
Trd, 4319199.643, 68
Trd, 4319200.793, 71
Trd, 4319201.043, 79
Trd, 4319201.193, 72
Trd, 4319201.293, 71
Trd, 4319202.443, 113
Trd, 4319202.543, 84
Trd, 4319203.093, 64
Trd, 4319204.443, 64
Trd, 4319204.843, 68
Trd, 4319205.143, 72
Trd, 4319205.793, 96
Trd, 4319206.493, 72
Trd, 4319206.993, 72
Trd, 4319207.793, 68
Trd, 4319208.293, 81
Trd, 4319208.693, 69
Trd, 4319209.893, 72
Trd, 4319210.393, 88
Trd, 4319211.143, 61
Trd, 4319211.743, 61
Trd, 4319213.443, 60
Trd, 4319214.393, 60
Trd, 4319215.093, 61
Trd, 4319215.243, 64
Trd, 4319216.093, 64
Trd, 4319217.293, 73
Trd, 4319218.093, 89
Trd, 4319218.143, 88
Trd, 4319218.543, 127
Trd, 4319218.743, 78
Trd, 4319219.043, 121
Trd, 4319219.193, 111
Trd, 4319220.393, 79
Trd, 4319220.993, 60
Trd, 4319221.493, 60
Trd, 4319223.293, 110
Trd, 4319223.393, 108
Trd, 4319224.593, 112
Trd, 4319224.693, 111
Trd, 4319224.793, 79
Trd, 4319225.493, 108
Trd, 4319225.993, 61
Trd, 4319227.293, 60
Trd, 4319227.743, 61
Trd, 4319229.643, 60
Trd, 4319231.443, 60
Trd, 4319231.943, 60
Trd, 4319232.293, 60
Trd, 4319232.843, 62
Trd, 4319232.993, 64
Trd, 4319233.093, 66
Trd, 4319233.393, 116
Trd, 4319233.993, 61
Trd, 4319235.643, 61
Trd, 4319236.193, 68
Trd, 4319236.543, 69
Trd, 4319237.393, 77
Trd, 4319238.743, 62
Trd, 4319239.243, 64
Trd, 4319240.043, 62
Trd, 4319241.193, 61
Trd, 4319241.793, 63
Trd, 4319242.043, 62
Trd, 4319242.393, 63
Trd, 4319242.693, 60
Trd, 4319243.243, 62
Trd, 4319245.493, 60
Trd, 4319245.993, 60
Trd, 4319246.093, 60
Trd, 4319247.743, 60
Trd, 4319249.243, 60
Trd, 4319249.893, 63
Trd, 4319250.543, 65
Trd, 4319250.593, 64
Trd, 4319251.343, 67
Trd, 4319251.943, 61
Trd, 4319252.143, 60
Trd, 4319253.143, 60
Trd, 4319253.243, 62
Trd, 4319253.893, 84
Trd, 4319254.193, 94
Trd, 4319254.493, 95
Trd, 4319255.793, 66
Trd, 4319256.493, 66
Trd, 4319257.193, 89
Trd, 4319257.343, 72
Trd, 4319258.343, 79
Trd, 4319258.643, 81
Trd, 4319260.343, 61
Trd, 4319260.893, 60
Trd, 4319261.293, 60
Trd, 4319261.343, 60
Trd, 4319261.543, 75
Trd, 4319262.493, 64
Trd, 4319263.843, 73
Trd, 4319264.593, 73
Trd, 4319264.643, 71
Trd, 4319264.793, 64
Trd, 4319266.693, 121
Trd, 4319267.143, 121
Trd, 4319267.993, 120
Trd, 4319268.143, 101
Trd, 4319268.243, 79
Trd, 4319268.393, 60
Trd, 4319269.143, 62
Trd, 4319269.393, 118
Trd, 4319271.343, 60
Trd, 4319273.743, 60
Trd, 4319273.893, 61
Trd, 4319274.443, 62
Trd, 4319274.593, 66
Trd, 4319274.743, 66
Trd, 4319275.843, 60
Trd, 4319275.893, 60
Trd, 4319276.743, 62
Trd, 4319277.293, 72
Trd, 4319278.043, 60
Trd, 4319278.993, 63
Trd, 4319279.593, 61
Trd, 4319280.793, 61
Trd, 4319281.343, 60
Trd, 4319281.643, 62
Trd, 4319281.843, 61
Trd, 4319282.793, 60
Trd, 4319283.443, 62
Trd, 4319284.543, 64
Trd, 4319285.043, 67
Trd, 4319285.793, 66
Trd, 4319286.893, 62
Trd, 4319287.743, 65
Trd, 4319288.043, 60
Trd, 4319289.543, 90
Trd, 4319291.993, 60
Trd, 4319292.043, 61
Trd, 4319292.143, 63
Trd, 4319292.493, 63
Trd, 4319292.593, 61
Trd, 4319293.793, 68
Trd, 4319293.993, 79
Trd, 4319294.143, 66
Trd, 4319294.443, 65
Trd, 4319295.243, 61
Trd, 4319296.993, 79
Trd, 4319297.643, 95
Trd, 4319297.743, 82
Trd, 4319297.943, 80
Trd, 4319298.293, 65
Trd, 4319299.793, 111
Trd, 4319300.193, 109
Trd, 4319301.343, 111
Trd, 4319301.493, 105
Trd, 4319301.843, 91
Trd, 4319302.593, 61
Trd, 4319302.893, 104
Trd, 4319305.543, 61
Trd, 4319307.093, 60
Trd, 4319307.343, 61
Trd, 4319307.443, 62
Trd, 4319307.943, 65
Trd, 4319307.993, 67
Trd, 4319308.143, 80
Trd, 4319309.393, 92
Trd, 4319310.143, 93
Trd, 4319310.293, 93
Trd, 4319310.343, 92
Trd, 4319310.593, 89
Trd, 4319311.093, 87
Trd, 4319312.343, 125
Trd, 4319312.593, 110
Trd, 4319313.743, 98
Trd, 4319314.643, 133
Trd, 4319315.493, 140
Trd, 4319315.693, 139
Trd, 4319316.793, 140
Trd, 4319317.643, 127
Trd, 4319318.543, 126
Trd, 4319319.393, 117
Trd, 4319319.593, 101
Trd, 4319319.893, 101
Trd, 4319321.593, 98
Trd, 4319321.993, 91
Trd, 4319322.543, 109
Trd, 4319322.643, 92
Trd, 4319322.793, 91
Trd, 4319323.043, 64
Trd, 4319324.043, 85
Trd, 4319324.793, 65
Trd, 4319325.343, 86
Trd, 4319326.043, 92
Trd, 4319326.793, 127
Trd, 4319327.543, 127
Trd, 4319327.593, 126
Trd, 4319328.243, 108
Trd, 4319329.193, 112
Trd, 4319329.643, 91
Trd, 4319330.493, 60
Trd, 4319330.893, 60
Trd, 4319331.493, 60
Trd, 4319333.143, 61
Trd, 4319333.343, 62
Trd, 4319333.493, 60
Trd, 4319334.243, 61
Trd, 4319335.343, 71
Trd, 4319335.943, 63
Trd, 4319336.293, 64
Trd, 4319337.643, 66
Trd, 4319337.943, 87
Trd, 4319340.143, 62
Trd, 4319340.543, 61
Trd, 4319341.193, 67
Trd, 4319341.843, 60
Trd, 4319341.943, 61
Trd, 4319342.793, 67
Trd, 4319343.293, 67
Trd, 4319344.643, 99
Trd, 4319344.993, 72
Trd, 4319345.443, 76
Trd, 4319345.593, 90
Trd, 4319345.993, 72
Trd, 4319346.393, 93
Trd, 4319347.943, 98
Trd, 4319347.993, 78
Trd, 4319348.443, 100
Trd, 4319348.793, 82
Trd, 4319349.193, 81
Trd, 4319349.843, 98
Trd, 4319350.793, 68
Trd, 4319351.143, 124
Trd, 4319351.193, 71
Trd, 4319352.793, 60
Trd, 4319353.643, 81
Trd, 4319354.193, 60
Trd, 4319355.193, 66
Trd, 4319355.643, 67
Trd, 4319356.493, 68
Trd, 4319356.643, 109
Trd, 4319357.843, 120
Trd, 4319357.893, 119
Trd, 4319357.993, 67
Trd, 4319358.793, 61
Trd, 4319358.893, 62
Trd, 4319359.193, 71
Trd, 4319360.043, 67
Trd, 4319361.293, 69
Trd, 4319361.943, 62
Trd, 4319362.043, 85
Trd, 4319362.793, 93
Trd, 4319363.493, 94
Trd, 4319363.543, 93
Trd, 4319363.993, 137
Trd, 4319365.943, 60
Trd, 4319366.543, 67
Trd, 4319366.893, 68
Trd, 4319366.993, 73
Trd, 4319367.243, 110
Trd, 4319367.693, 65
Trd, 4319367.793, 65
Trd, 4319368.393, 60
Trd, 4319369.243, 62
Trd, 4319370.143, 65
Trd, 4319370.343, 75
Trd, 4319370.893, 67
Trd, 4319372.743, 67
Trd, 4319372.993, 66
Trd, 4319373.043, 68
Trd, 4319373.693, 72
Trd, 4319374.343, 60
Trd, 4319374.493, 71
Trd, 4319375.843, 75
Trd, 4319375.893, 74
Trd, 4319376.393, 98
Trd, 4319377.943, 70
Trd, 4319378.843, 92
Trd, 4319379.193, 127
Trd, 4319380.443, 140
Trd, 4319381.093, 137
Trd, 4319381.293, 113
Trd, 4319381.443, 112
Trd, 4319382.993, 92
Trd, 4319383.743, 91
Trd, 4319383.843, 118
Trd, 4319383.893, 121
Trd, 4319383.943, 90
Trd, 4319384.393, 94
Trd, 4319385.893, 101
Trd, 4319386.043, 81
Trd, 4319386.393, 95
Trd, 4319387.143, 123
Trd, 4319389.343, 111
Trd, 4319389.393, 100
Trd, 4319390.043, 80
Trd, 4319391.443, 84
Trd, 4319391.893, 69
Trd, 4319392.193, 65
Trd, 4319392.543, 84
Trd, 4319392.643, 85
Trd, 4319394.743, 133
Trd, 4319395.143, 101
Trd, 4319395.343, 112
Trd, 4319395.543, 100
Trd, 4319397.943, 101
Trd, 4319398.243, 81
Trd, 4319398.343, 80
Trd, 4319398.693, 68
Trd, 4319399.343, 66
Trd, 4319399.943, 130
Trd, 4319400.093, 105
Trd, 4319402.243, 130
Trd, 4319402.493, 109
Trd, 4319402.793, 108
Trd, 4319402.843, 106
Trd, 4319404.843, 113
Trd, 4319404.943, 95
Trd, 4319405.493, 78
Trd, 4319405.843, 91
Trd, 4319405.993, 64
Trd, 4319406.093, 65
Trd, 4319408.493, 115
Trd, 4319408.593, 99
Trd, 4319410.293, 139
Trd, 4319410.943, 139
Trd, 4319411.093, 139
Trd, 4319411.443, 138
Trd, 4319412.393, 86
Trd, 4319412.443, 85
Trd, 4319412.643, 103
Trd, 4319412.893, 95
Trd, 4319415.093, 111
Trd, 4319415.693, 114
Trd, 4319415.893, 128
Trd, 4319415.993, 113
Trd, 4319416.843, 61
Trd, 4319418.993, 60
Trd, 4319419.393, 60
Trd, 4319419.693, 60
Trd, 4319420.143, 63
Trd, 4319420.943, 82
Trd, 4319421.393, 76
Trd, 4319421.593, 87
Trd, 4319421.943, 67
Trd, 4319424.193, 60
Trd, 4319425.243, 60
Trd, 4319425.493, 61
Trd, 4319425.693, 70
Trd, 4319426.293, 67
Trd, 4319426.693, 71
Trd, 4319429.443, 61
Trd, 4319429.593, 61
Trd, 4319429.843, 68
Trd, 4319431.093, 60
Trd, 4319431.243, 60
Trd, 4319432.093, 61
Trd, 4319432.143, 61
Trd, 4319432.643, 77
Trd, 4319432.893, 63
Trd, 4319434.743, 63
Trd, 4319434.843, 65
Trd, 4319435.443, 77
Trd, 4319436.143, 72
Trd, 4319436.493, 96
Trd, 4319437.993, 96
Trd, 4319438.493, 98
Trd, 4319438.793, 96
Trd, 4319438.893, 95
Trd, 4319440.143, 131
Trd, 4319440.843, 99
Trd, 4319442.393, 119
Trd, 4319443.093, 93
Trd, 4319443.793, 111
Trd, 4319444.293, 85
Trd, 4319444.643, 120
Trd, 4319444.793, 83
Trd, 4319445.193, 60
Trd, 4319446.743, 81
Trd, 4319447.443, 126
Trd, 4319447.543, 81
Trd, 4319448.893, 113
Trd, 4319449.843, 101
Trd, 4319450.193, 69
Trd, 4319450.843, 113
Trd, 4319452.643, 60
Trd, 4319452.793, 67
Trd, 4319453.743, 65
Trd, 4319453.943, 65
Trd, 4319454.043, 64
Trd, 4319455.243, 71
Trd, 4319455.693, 121
Trd, 4319457.293, 60
Trd, 4319457.593, 60
Trd, 4319458.693, 60
Trd, 4319458.743, 60
Trd, 4319458.843, 65
Trd, 4319459.993, 62
Trd, 4319460.193, 66
Trd, 4319460.593, 63
Trd, 4319460.743, 73
Trd, 4319461.893, 61
Trd, 4319463.793, 60
Trd, 4319463.843, 62
Trd, 4319464.193, 65
Trd, 4319464.993, 60
Trd, 4319465.843, 60
Trd, 4319466.243, 60
Trd, 4319466.743, 60
Trd, 4319466.843, 61
Trd, 4319467.643, 64
Trd, 4319468.043, 65
Trd, 4319468.443, 139
Trd, 4319469.393, 70
Trd, 4319470.143, 99
Trd, 4319470.743, 88
Trd, 4319472.343, 61
Trd, 4319472.743, 60
Trd, 4319473.443, 66
Trd, 4319473.543, 63
Trd, 4319474.493, 62
Trd, 4319475.393, 72
Trd, 4319475.943, 61
Trd, 4319476.293, 60
Trd, 4319478.243, 60
Trd, 4319478.743, 64
Trd, 4319480.043, 72
Trd, 4319480.693, 61
Trd, 4319480.793, 62
Trd, 4319482.343, 70
Trd, 4319482.543, 70
Trd, 4319482.693, 69
Trd, 4319483.043, 83
Trd, 4319483.543, 61
Trd, 4319484.343, 62
Trd, 4319485.393, 63
Trd, 4319485.493, 66
Trd, 4319486.193, 72
Trd, 4319487.293, 60
Trd, 4319488.243, 60
Trd, 4319489.393, 61
Trd, 4319489.893, 62
Trd, 4319490.093, 63
Trd, 4319491.493, 65
Trd, 4319491.743, 66
Trd, 4319492.193, 93
Trd, 4319492.743, 123
Trd, 4319492.893, 71
Trd, 4319492.943, 69
Trd, 4319494.143, 60
Trd, 4319495.443, 62
Trd, 4319495.943, 60
Trd, 4319495.993, 62
Trd, 4319497.843, 122
Trd, 4319498.043, 121
Trd, 4319499.143, 121
Trd, 4319499.343, 120
Trd, 4319499.543, 87
Trd, 4319499.643, 75
Trd, 4319499.693, 75
Trd, 4319501.993, 125
Trd, 4319502.543, 136
Trd, 4319502.893, 135
Trd, 4319503.993, 120
Trd, 4319504.943, 130
Trd, 4319506.093, 140
Trd, 4319506.193, 140
Trd, 4319506.293, 124
Trd, 4319506.493, 115
Trd, 4319507.693, 113
Trd, 4319508.243, 98
Trd, 4319509.643, 60
Trd, 4319511.093, 60
Trd, 4319511.343, 60
Trd, 4319511.593, 61
Trd, 4319511.993, 64
Trd, 4319512.843, 60
Trd, 4319513.393, 132
Trd, 4319514.593, 134
Trd, 4319515.343, 136
Trd, 4319515.593, 135
Trd, 4319516.043, 98
Trd, 4319516.243, 73
Trd, 4319516.843, 68
Trd, 4319517.243, 119
Trd, 4319517.843, 106
Trd, 4319518.593, 104
Trd, 4319519.343, 101
Trd, 4319520.393, 68
Trd, 4319520.993, 99
Trd, 4319521.643, 108
Trd, 4319522.393, 60
Trd, 4319523.143, 61
Trd, 4319523.993, 60
Trd, 4319524.293, 61
Trd, 4319524.493, 63
Trd, 4319524.943, 63
Trd, 4319525.443, 62
Trd, 4319525.943, 62
Trd, 4319526.493, 87
Trd, 4319527.293, 60
Trd, 4319527.343, 73
Trd, 4319528.643, 98
Trd, 4319529.143, 63
Trd, 4319529.893, 64
Trd, 4319530.143, 123
Trd, 4319530.493, 85
Trd, 4319531.893, 122
Trd, 4319532.493, 112
Trd, 4319533.393, 92
Trd, 4319533.693, 71
Trd, 4319534.293, 71
Trd, 4319535.243, 80
Trd, 4319535.393, 79
Trd, 4319536.043, 106
Trd, 4319536.593, 79
Trd, 4319537.543, 66
Trd, 4319537.593, 67
Trd, 4319538.093, 61
Trd, 4319538.193, 62
Trd, 4319538.643, 63
Trd, 4319541.493, 60
Trd, 4319541.693, 63
Trd, 4319542.543, 61
Trd, 4319542.793, 62
Trd, 4319544.793, 61
Trd, 4319545.043, 67
Trd, 4319545.843, 66
Trd, 4319546.643, 86
Trd, 4319547.193, 61
Trd, 4319547.643, 63
Trd, 4319547.693, 71
Trd, 4319548.093, 63
Trd, 4319548.143, 62
Trd, 4319548.793, 90
Trd, 4319549.193, 135
Trd, 4319552.643, 60
Trd, 4319552.693, 60
Trd, 4319552.793, 60
Trd, 4319554.043, 61
Trd, 4319554.393, 62
Trd, 4319554.493, 62
Trd, 4319554.993, 62
Trd, 4319555.043, 65
Trd, 4319555.893, 61
Trd, 4319556.193, 60
Trd, 4319556.993, 61
Trd, 4319557.193, 61
Trd, 4319557.993, 61
Trd, 4319559.093, 62
Trd, 4319559.743, 60
Trd, 4319560.393, 60
Trd, 4319561.593, 64
Trd, 4319562.093, 65
Trd, 4319562.293, 66
Trd, 4319562.443, 67
Trd, 4319562.543, 67
Trd, 4319563.593, 82
Trd, 4319563.893, 66
Trd, 4319563.943, 65
Trd, 4319564.643, 83
Trd, 4319565.793, 113
Trd, 4319566.093, 110
Trd, 4319567.593, 60
Trd, 4319568.543, 60
Trd, 4319570.593, 60
Trd, 4319570.943, 60
Trd, 4319571.793, 60
Trd, 4319572.193, 61
Trd, 4319574.293, 60
Trd, 4319574.793, 61
Trd, 4319575.543, 65
Trd, 4319575.893, 66
Trd, 4319576.143, 67
Trd, 4319576.593, 72
Trd, 4319576.843, 68
Trd, 4319577.243, 105
Trd, 4319578.093, 61
Trd, 4319578.943, 66
Trd, 4319579.393, 65
Trd, 4319579.493, 72
Trd, 4319580.193, 65
Trd, 4319580.343, 106
Trd, 4319580.993, 68
Trd, 4319581.193, 129
Trd, 4319581.793, 116
Trd, 4319582.443, 131
Trd, 4319582.743, 67
Trd, 4319582.843, 65
Trd, 4319584.393, 61
Trd, 4319584.843, 74
Trd, 4319587.393, 60
Trd, 4319587.693, 62
Trd, 4319587.843, 61
Trd, 4319588.393, 62
Trd, 4319588.543, 60
Trd, 4319589.043, 61
Trd, 4319592.093, 60
Trd, 4319592.343, 61
Trd, 4319592.593, 60
Trd, 4319592.743, 61
Trd, 4319593.093, 62
Trd, 4319594.743, 60
Trd, 4319594.893, 65
Trd, 4319594.993, 66
Trd, 4319595.693, 87
Trd, 4319596.593, 115
Trd, 4319597.393, 87
Trd, 4319598.643, 60
Trd, 4319598.893, 60
Trd, 4319599.393, 61
Trd, 4319599.743, 64
Trd, 4319600.293, 63
Trd, 4319601.343, 85
Trd, 4319601.643, 64
Trd, 4319602.193, 70
Trd, 4319602.643, 98
Trd, 4319603.143, 67
Trd, 4319603.643, 66
Trd, 4319604.043, 94
Trd, 4319604.393, 75
Trd, 4319604.543, 92
Trd, 4319605.593, 65
Trd, 4319606.293, 61
Trd, 4319608.093, 60
Trd, 4319608.443, 62
Trd, 4319609.743, 60
Trd, 4319611.593, 61
Trd, 4319611.643, 63
Trd, 4319612.193, 62
Trd, 4319612.543, 78
Trd, 4319612.893, 77
Trd, 4319613.243, 77
Trd, 4319613.393, 76
Trd, 4319613.793, 83
Trd, 4319615.743, 125
Trd, 4319616.093, 124
Trd, 4319616.993, 114
Trd, 4319617.093, 124
Trd, 4319617.443, 99
Trd, 4319618.493, 86
Trd, 4319618.643, 105
Trd, 4319619.043, 98
Trd, 4319619.493, 62
Trd, 4319620.643, 68
Trd, 4319620.993, 65
Trd, 4319621.093, 63
Trd, 4319621.293, 67
Trd, 4319623.243, 60
Trd, 4319623.393, 60
Trd, 4319623.893, 61
Trd, 4319624.943, 60
Trd, 4319625.243, 61
Trd, 4319626.243, 60
Trd, 4319626.393, 68
Trd, 4319627.843, 66
Trd, 4319630.143, 62
Trd, 4319631.343, 61
Trd, 4319631.393, 62
Trd, 4319631.993, 63
Trd, 4319632.293, 60
Trd, 4319633.093, 61
Trd, 4319633.393, 62
Trd, 4319633.843, 61
Trd, 4319633.993, 64
Trd, 4319634.193, 64
Trd, 4319634.693, 127
Trd, 4319636.043, 60
Trd, 4319637.293, 60
Trd, 4319637.993, 66
Trd, 4319638.193, 61
Trd, 4319638.843, 61
Trd, 4319639.143, 79
Trd, 4319641.093, 60
Trd, 4319642.793, 60
Trd, 4319643.343, 60
Trd, 4319645.393, 60
Trd, 4319646.243, 62
Trd, 4319647.093, 65
Trd, 4319647.343, 66
Trd, 4319647.443, 66
Trd, 4319648.143, 116
Trd, 4319648.243, 66
Trd, 4319648.543, 87
Trd, 4319650.243, 108
Trd, 4319651.293, 105
Trd, 4319652.343, 120
Trd, 4319652.393, 104
Trd, 4319653.293, 114
Trd, 4319653.893, 61
Trd, 4319654.343, 124
Trd, 4319655.143, 60
Trd, 4319656.143, 61
Trd, 4319656.493, 62
Trd, 4319656.793, 61
Trd, 4319657.193, 62
Trd, 4319658.293, 75
Trd, 4319658.843, 60
Trd, 4319659.043, 74
Trd, 4319661.693, 60
Trd, 4319664.393, 60
Trd, 4319664.593, 60
Trd, 4319664.693, 60
Trd, 4319664.943, 61
Trd, 4319665.393, 62
Trd, 4319665.893, 62
Trd, 4319666.493, 86
Trd, 4319666.643, 100
Trd, 4319666.893, 85
Trd, 4319667.293, 125
Trd, 4319670.343, 60
Trd, 4319670.643, 61
Trd, 4319671.943, 62
Trd, 4319672.443, 60
Trd, 4319672.943, 63
Trd, 4319672.993, 88
Trd, 4319673.743, 60
Trd, 4319675.443, 63
Trd, 4319677.143, 62
Trd, 4319677.443, 63
Trd, 4319677.843, 63
Trd, 4319677.993, 62
Trd, 4319678.543, 61
Trd, 4319678.743, 62
Trd, 4319679.843, 60
Trd, 4319680.193, 61
Trd, 4319681.043, 64
Trd, 4319681.143, 126
Trd, 4319681.393, 64
Trd, 4319681.893, 64
Trd, 4319682.493, 63
Trd, 4319682.793, 80
Trd, 4319683.393, 82
Trd, 4319683.543, 81
Trd, 4319684.993, 63
Trd, 4319685.143, 71
Trd, 4319686.493, 77
Trd, 4319687.643, 60
Trd, 4319689.593, 61
Trd, 4319690.143, 62
Trd, 4319690.193, 62
Trd, 4319690.593, 63
Trd, 4319690.993, 61
Trd, 4319692.493, 133
Trd, 4319693.193, 101
Trd, 4319693.293, 109
Trd, 4319693.643, 100
Trd, 4319694.943, 120
Trd, 4319695.143, 113
Trd, 4319696.343, 115
Trd, 4319696.543, 115
Trd, 4319696.893, 114
Trd, 4319698.293, 60
Trd, 4319698.543, 67
Trd, 4319698.743, 79
Trd, 4319699.043, 64
Trd, 4319699.343, 70
Trd, 4319700.543, 108
Trd, 4319700.693, 129
Trd, 4319700.743, 66
Trd, 4319701.393, 66
Trd, 4319703.843, 66
Trd, 4319704.093, 67
Trd, 4319704.243, 92
Trd, 4319704.993, 69
Trd, 4319706.243, 131
Trd, 4319707.593, 135
Trd, 4319707.643, 134
Trd, 4319708.043, 130
Trd, 4319708.593, 118
Trd, 4319708.843, 65
Trd, 4319710.543, 71
Trd, 4319711.293, 71
Trd, 4319711.843, 112
Trd, 4319712.343, 114
Trd, 4319712.693, 100
Trd, 4319713.093, 94
Trd, 4319714.043, 60
Trd, 4319714.893, 60
Trd, 4319715.043, 61
Trd, 4319715.443, 67
Trd, 4319716.443, 77
Trd, 4319716.693, 126
Trd, 4319716.993, 60
Trd, 4319717.493, 60
Trd, 4319718.543, 60
Trd, 4319719.443, 65
Trd, 4319720.493, 74
Trd, 4319720.593, 67
Trd, 4319721.343, 92
Trd, 4319722.743, 61
Trd, 4319723.143, 60
Trd, 4319724.043, 62
Trd, 4319724.443, 64
Trd, 4319724.943, 68
Trd, 4319725.143, 73
Trd, 4319725.343, 95
Trd, 4319725.493, 66
Trd, 4319728.093, 60
Trd, 4319728.243, 63
Trd, 4319729.393, 60
Trd, 4319730.793, 60
Trd, 4319732.143, 60
Trd, 4319732.293, 63
Trd, 4319732.443, 66
Trd, 4319733.493, 66
Trd, 4319733.543, 62
Trd, 4319733.743, 69
Trd, 4319734.993, 115
Trd, 4319735.093, 114
Trd, 4319735.243, 112
Trd, 4319736.143, 111
Trd, 4319736.243, 110
Trd, 4319737.443, 63
Trd, 4319738.843, 76
Trd, 4319738.943, 75
Trd, 4319739.893, 72
Trd, 4319740.693, 119
Trd, 4319741.493, 116
Trd, 4319742.193, 116
Trd, 4319742.693, 74
Trd, 4319743.143, 99
Trd, 4319743.943, 127
Trd, 4319744.443, 127
Trd, 4319744.743, 126
Trd, 4319746.193, 105
Trd, 4319746.493, 75
Trd, 4319747.543, 84
Trd, 4319748.343, 86
Trd, 4319748.993, 60
Trd, 4319750.143, 67
Trd, 4319750.493, 116
Trd, 4319751.643, 121
Trd, 4319752.143, 120
Trd, 4319752.243, 98
Trd, 4319754.193, 64
Trd, 4319754.293, 63
Trd, 4319754.343, 60
Trd, 4319755.343, 62
Trd, 4319755.793, 63
Trd, 4319756.093, 63
Trd, 4319757.293, 135
Trd, 4319758.143, 66
Trd, 4319758.893, 60
Trd, 4319759.093, 60
Trd, 4319760.343, 61
Trd, 4319760.593, 66
Trd, 4319760.743, 74
Trd, 4319761.293, 62
Trd, 4319761.543, 63
Trd, 4319763.293, 60
Trd, 4319763.943, 62
Trd, 4319764.543, 62
Trd, 4319765.843, 62
Trd, 4319766.543, 61
Trd, 4319767.143, 64
Trd, 4319767.393, 65
Trd, 4319767.543, 66
Trd, 4319767.793, 65
Trd, 4319768.643, 67
Trd, 4319769.393, 63
Trd, 4319769.793, 74
Trd, 4319770.443, 68
Trd, 4319771.793, 65
Trd, 4319772.643, 113
Trd, 4319772.893, 101
Trd, 4319773.443, 63
Trd, 4319774.493, 122
Trd, 4319775.143, 130
Trd, 4319776.043, 129
Trd, 4319776.243, 128
Trd, 4319776.843, 123
Trd, 4319777.443, 123
Trd, 4319778.143, 105
Trd, 4319778.293, 85
Trd, 4319778.843, 62
Trd, 4319779.443, 60
Trd, 4319780.093, 130
Trd, 4319780.543, 135
Trd, 4319781.293, 68
Trd, 4319783.143, 70
Trd, 4319783.593, 63
Trd, 4319784.043, 72
Trd, 4319786.143, 60
Trd, 4319786.243, 60
Trd, 4319786.493, 62
Trd, 4319786.543, 62
Trd, 4319787.793, 62
Trd, 4319788.193, 61
Trd, 4319788.443, 61
Trd, 4319788.943, 66
Trd, 4319789.593, 93
Trd, 4319791.343, 66
Trd, 4319791.793, 63
Trd, 4319792.293, 89
Trd, 4319792.393, 90
Trd, 4319793.143, 137
Trd, 4319793.343, 96
Trd, 4319794.843, 64
Trd, 4319795.293, 94
Trd, 4319796.093, 108
Trd, 4319796.493, 93
Trd, 4319798.443, 139
Trd, 4319798.493, 135
Trd, 4319799.093, 70
Trd, 4319799.293, 67
Trd, 4319800.643, 61
Trd, 4319801.193, 65
Trd, 4319802.243, 60
Trd, 4319802.393, 60
Trd, 4319802.593, 63
Trd, 4319803.943, 127
Trd, 4319804.693, 114
Trd, 4319805.293, 132
Trd, 4319805.693, 103
Trd, 4319805.993, 63
Trd, 4319806.293, 64
Trd, 4319807.143, 70
Trd, 4319808.943, 62
Trd, 4319809.243, 61
Trd, 4319809.993, 61
Trd, 4319811.343, 60
Trd, 4319811.493, 63
Trd, 4319813.493, 60
Trd, 4319813.893, 60
Trd, 4319814.693, 61
Trd, 4319815.043, 63
Trd, 4319815.293, 65
Trd, 4319816.143, 107
Trd, 4319818.593, 60
Trd, 4319819.543, 61
Trd, 4319820.093, 63
Trd, 4319820.143, 64
Trd, 4319821.243, 61
Trd, 4319823.543, 60
Trd, 4319823.843, 62
Trd, 4319824.193, 64
Trd, 4319824.843, 63
Trd, 4319825.043, 69
Trd, 4319826.543, 90
Trd, 4319827.293, 64
Trd, 4319828.993, 67
Trd, 4319829.043, 65
Trd, 4319829.593, 65
Trd, 4319831.493, 61
Trd, 4319831.843, 60
Trd, 4319831.943, 63
Trd, 4319832.643, 60
Trd, 4319833.393, 65
Trd, 4319834.243, 62
Trd, 4319835.943, 60
Trd, 4319836.293, 60
Trd, 4319836.993, 60
Trd, 4319837.693, 60
Trd, 4319837.993, 62
Trd, 4319838.143, 65
Trd, 4319838.843, 92
Trd, 4319840.393, 67
Trd, 4319840.543, 66
Trd, 4319841.093, 73
Trd, 4319841.393, 104
Trd, 4319841.743, 105
Trd, 4319841.943, 90
Trd, 4319842.593, 65
Trd, 4319844.393, 60
Trd, 4319844.493, 61
Trd, 4319845.643, 63
Trd, 4319846.243, 68
Trd, 4319846.743, 67
Trd, 4319847.593, 110
Trd, 4319847.993, 72
Trd, 4319848.093, 71
Trd, 4319848.493, 68
Trd, 4319849.243, 82
Trd, 4319850.043, 64
Trd, 4319851.093, 66
Trd, 4319851.893, 69
Trd, 4319852.193, 70
Trd, 4319854.493, 90
Trd, 4319854.993, 97
Trd, 4319855.143, 100
Trd, 4319855.293, 90
Trd, 4319855.693, 105
Trd, 4319856.093, 92
Trd, 4319857.143, 94
Trd, 4319857.943, 130
Trd, 4319859.643, 61
Trd, 4319860.243, 62
Trd, 4319860.343, 62
Trd, 4319860.443, 63
Trd, 4319862.043, 62
Trd, 4319862.543, 62
Trd, 4319862.793, 66
Trd, 4319862.843, 67
Trd, 4319863.643, 65
Trd, 4319863.843, 61
Trd, 4319864.393, 66
Trd, 4319864.943, 60
Trd, 4319865.593, 61
Trd, 4319865.843, 79
Trd, 4319868.243, 62
Trd, 4319868.443, 68
Trd, 4319869.243, 61
Trd, 4319869.443, 64
Trd, 4319869.843, 84
Trd, 4319870.993, 60
Trd, 4319871.543, 63
Trd, 4319872.693, 60
Trd, 4319872.943, 61
Trd, 4319873.343, 61
Trd, 4319873.693, 61
Trd, 4319874.243, 60
Trd, 4319874.693, 95
Trd, 4319875.693, 96
Trd, 4319876.543, 107
Trd, 4319876.793, 94
Trd, 4319876.993, 117
Trd, 4319877.943, 92
Trd, 4319878.443, 91
Trd, 4319879.443, 95
Trd, 4319879.693, 94
Trd, 4319881.393, 81
Trd, 4319881.693, 106
Trd, 4319882.093, 97
Trd, 4319882.593, 83
Trd, 4319883.693, 65
Trd, 4319884.343, 60
Trd, 4319884.493, 60
Trd, 4319884.943, 73
Trd, 4319887.443, 81
Trd, 4319887.993, 106
Trd, 4319888.193, 81
Trd, 4319888.643, 63
Trd, 4319889.643, 61
Trd, 4319890.743, 65
Trd, 4319891.093, 69
Trd, 4319891.443, 60
Trd, 4319891.793, 102
Trd, 4319891.893, 123
Trd, 4319892.493, 62
Trd, 4319893.443, 111
Trd, 4319894.343, 114
Trd, 4319895.193, 113
Trd, 4319896.593, 114
Trd, 4319896.943, 117
Trd, 4319897.043, 115
Trd, 4319897.243, 83
Trd, 4319898.693, 101
Trd, 4319899.943, 126
Trd, 4319899.993, 102
Trd, 4319900.593, 64
Trd, 4319902.043, 71
Trd, 4319902.793, 95
Trd, 4319903.343, 118
Trd, 4319903.693, 90
Trd, 4319904.343, 106
Trd, 4319904.993, 69
Trd, 4319905.293, 70
Trd, 4319906.143, 87
Trd, 4319906.493, 85
Trd, 4319906.643, 67
Trd, 4319907.193, 102
Trd, 4319907.543, 91
Trd, 4319907.743, 89
Trd, 4319909.993, 60
Trd, 4319910.743, 62
Trd, 4319911.293, 73
Trd, 4319911.993, 66
Trd, 4319912.493, 60
Trd, 4319912.893, 61
Trd, 4319912.993, 63
Trd, 4319913.643, 63
Trd, 4319913.893, 61
Trd, 4319914.193, 98
Trd, 4319914.843, 60
Trd, 4319915.393, 62
Trd, 4319916.293, 128
Trd, 4319916.443, 96
Trd, 4319917.243, 94
Trd, 4319918.393, 137
Trd, 4319919.193, 119
Trd, 4319919.693, 113
Trd, 4319919.893, 112
Trd, 4319921.343, 75
Trd, 4319921.393, 66
Trd, 4319922.643, 91
Trd, 4319924.093, 62
Trd, 4319924.693, 60
Trd, 4319925.043, 62
Trd, 4319925.243, 63
Trd, 4319926.543, 61
Trd, 4319927.243, 64
Trd, 4319927.693, 66
Trd, 4319928.393, 98
Trd, 4319929.243, 72
Trd, 4319929.843, 118
Trd, 4319930.143, 107
Trd, 4319930.393, 73
Trd, 4319931.443, 92
Trd, 4319931.643, 111
Trd, 4319932.293, 74
Trd, 4319933.443, 100
Trd, 4319934.893, 77
Trd, 4319936.393, 126
Trd, 4319937.443, 134
Trd, 4319938.093, 133
Trd, 4319938.143, 118
Trd, 4319938.743, 91
Trd, 4319939.493, 69
Trd, 4319939.993, 116
Trd, 4319940.543, 101
Trd, 4319940.793, 78
Trd, 4319941.393, 112
Trd, 4319942.393, 65
Trd, 4319943.293, 66
Trd, 4319944.443, 60
Trd, 4319945.293, 61
Trd, 4319945.593, 67
Trd, 4319945.793, 68
Trd, 4319945.993, 69
Trd, 4319946.643, 65
Trd, 4319947.943, 67
Trd, 4319949.043, 60
Trd, 4319949.143, 61
Trd, 4319949.943, 64
Trd, 4319950.193, 62
Trd, 4319950.743, 95
Trd, 4319951.593, 60
Trd, 4319952.293, 60
Trd, 4319953.793, 60
Trd, 4319954.143, 61
Trd, 4319955.743, 60
Trd, 4319955.943, 67
Trd, 4319956.593, 63
Trd, 4319956.793, 70
Trd, 4319957.193, 63
Trd, 4319958.043, 72
Trd, 4319958.643, 70
Trd, 4319959.943, 75
Trd, 4319960.093, 76
Trd, 4319960.243, 72
Trd, 4319960.443, 96
Trd, 4319960.743, 119
Trd, 4319962.043, 64
Trd, 4319962.543, 65
Trd, 4319962.943, 67
Trd, 4319963.493, 79
Trd, 4319963.993, 68
Trd, 4319964.843, 102
Trd, 4319965.543, 96
Trd, 4319965.643, 90
Trd, 4319966.843, 116
Trd, 4319967.193, 64
Trd, 4319967.543, 66
Trd, 4319969.093, 66
Trd, 4319971.293, 60
Trd, 4319972.093, 62
Trd, 4319972.143, 66
Trd, 4319972.443, 76
Trd, 4319973.393, 61
Trd, 4319974.893, 61
Trd, 4319975.443, 64
Trd, 4319975.843, 63
Trd, 4319976.393, 61
Trd, 4319977.193, 64
Trd, 4319977.993, 87
Trd, 4319978.443, 140
Trd, 4319978.543, 140
Trd, 4319978.943, 140
Trd, 4319979.193, 121
Trd, 4319980.643, 138
Trd, 4319980.693, 137
Trd, 4319980.893, 124
Trd, 4319982.043, 140
Trd, 4319982.943, 93
Trd, 4319983.143, 63
Trd, 4319983.543, 60
Trd, 4319983.643, 60
Trd, 4319984.643, 64
Trd, 4319986.643, 60
Trd, 4319988.443, 60
Trd, 4319989.293, 61
Trd, 4319990.143, 61
Trd, 4319990.443, 62
Trd, 4319990.543, 62
Trd, 4319990.743, 61
Trd, 4319991.043, 68
Trd, 4319991.443, 61
Trd, 4319991.693, 64
Trd, 4319992.493, 62
Trd, 4319993.343, 63
Trd, 4319994.943, 68
Trd, 4319995.193, 96
Trd, 4319995.793, 63
Trd, 4319996.043, 68
Trd, 4319997.593, 69
Trd, 4319997.943, 60
Trd, 4319998.643, 94
Trd, 4319999.243, 131
Trd, 4319999.993, 62
