Trd, 4318050.743, 107
Trd, 4318051.543, 140
Trd, 4318052.643, 81
Trd, 4318054.793, 120
Trd, 4318056.293, 136
Trd, 4318056.643, 138
Trd, 4318057.493, 133
Trd, 4318057.793, 103
Trd, 4318058.643, 138
Trd, 4318059.493, 81
Trd, 4318060.293, 73
Trd, 4318060.393, 67
Trd, 4318060.943, 104
Trd, 4318061.293, 139
Trd, 4318062.643, 108
Trd, 4318062.843, 138
Trd, 4318064.693, 109
Trd, 4318065.143, 107
Trd, 4318065.743, 106
Trd, 4318067.643, 140
Trd, 4318068.493, 124
Trd, 4318068.643, 105
Trd, 4318070.743, 120
Trd, 4318071.193, 93
Trd, 4318071.243, 94
Trd, 4318071.843, 128
Trd, 4318072.543, 124
Trd, 4318073.593, 139
Trd, 4318075.593, 140
Trd, 4318075.793, 140
Trd, 4318076.543, 140
Trd, 4318077.393, 139
Trd, 4318077.593, 121
Trd, 4318078.343, 114
Trd, 4318078.743, 111
Trd, 4318079.193, 98
Trd, 4318079.393, 103
Trd, 4318079.493, 135
Trd, 4318081.743, 140
Trd, 4318082.343, 112
Trd, 4318082.693, 118
Trd, 4318082.943, 102
Trd, 4318083.893, 101
Trd, 4318085.193, 111
Trd, 4318086.793, 140
Trd, 4318087.193, 140
Trd, 4318087.543, 140
Trd, 4318089.193, 114
Trd, 4318089.793, 109
Trd, 4318091.493, 140
Trd, 4318092.243, 140
Trd, 4318094.593, 140
Trd, 4318094.643, 136
Trd, 4318095.793, 126
Trd, 4318096.543, 122
Trd, 4318097.993, 139
Trd, 4318098.893, 140
Trd, 4318099.893, 140
Trd, 4318101.393, 140
Trd, 4318102.443, 123
Trd, 4318104.393, 140
Trd, 4318104.543, 140
Trd, 4318104.693, 140
Trd, 4318105.193, 140
Trd, 4318105.893, 140
Trd, 4318107.793, 99
Trd, 4318108.843, 138
Trd, 4318108.943, 125
Trd, 4318110.443, 130
Trd, 4318111.543, 135
Trd, 4318112.493, 140
Trd, 4318112.993, 140
Trd, 4318113.043, 106
Trd, 4318114.743, 140
Trd, 4318114.793, 140
Trd, 4318116.143, 127
Trd, 4318117.293, 124
Trd, 4318117.943, 137
Trd, 4318118.293, 134
Trd, 4318120.193, 132
Trd, 4318121.743, 131
Trd, 4318122.393, 128
Trd, 4318123.043, 125
Trd, 4318123.793, 124
Trd, 4318125.043, 137
Trd, 4318125.293, 128
Trd, 4318125.443, 139
Trd, 4318125.493, 104
Trd, 4318127.293, 107
Trd, 4318128.893, 140
Trd, 4318129.043, 139
Trd, 4318130.693, 138
Trd, 4318131.343, 119
Trd, 4318131.393, 112
Trd, 4318131.943, 140
Trd, 4318133.843, 135
Trd, 4318135.793, 140
Trd, 4318136.643, 119
Trd, 4318137.143, 110
Trd, 4318138.293, 74
Trd, 4318139.493, 68
Trd, 4318139.793, 115
Trd, 4318139.893, 116
Trd, 4318140.793, 140
Trd, 4318141.143, 137
Trd, 4318143.643, 140
Trd, 4318143.993, 140
Trd, 4318144.893, 139
Trd, 4318146.193, 134
Trd, 4318146.343, 126
Trd, 4318147.243, 140
Trd, 4318147.443, 138
Trd, 4318148.793, 137
Trd, 4318150.843, 102
Trd, 4318151.993, 132
Trd, 4318152.243, 122
Trd, 4318153.943, 121
Trd, 4318154.993, 140
Trd, 4318155.043, 139
Trd, 4318155.343, 139
Trd, 4318157.593, 140
Trd, 4318157.843, 115
Trd, 4318158.093, 110
Trd, 4318158.143, 105
Trd, 4318158.693, 117
Trd, 4318159.793, 132
Trd, 4318161.293, 138
Trd, 4318161.993, 140
Trd, 4318162.693, 137
Trd, 4318162.793, 112
Trd, 4318164.443, 107
Trd, 4318164.943, 140
Trd, 4318165.093, 97
Trd, 4318165.543, 129
Trd, 4318166.343, 116
Trd, 4318168.843, 140
Trd, 4318169.293, 140
Trd, 4318170.393, 138
Trd, 4318170.993, 140
Trd, 4318171.343, 140
Trd, 4318172.393, 140
Trd, 4318173.743, 140
Trd, 4318174.443, 129
Trd, 4318176.093, 135
Trd, 4318177.443, 113
Trd, 4318178.393, 140
Trd, 4318179.393, 118
Trd, 4318180.293, 118
Trd, 4318180.493, 138
Trd, 4318180.943, 114
Trd, 4318181.093, 106
Trd, 4318181.243, 108
Trd, 4318183.343, 90
Trd, 4318184.993, 140
Trd, 4318186.193, 140
Trd, 4318188.293, 140
Trd, 4318188.643, 133
Trd, 4318190.093, 140
Trd, 4318191.693, 140
Trd, 4318191.943, 139
Trd, 4318192.343, 128
Trd, 4318192.443, 121
Trd, 4318193.243, 134
Trd, 4318193.393, 140
Trd, 4318194.743, 108
Trd, 4318194.843, 90
Trd, 4318196.293, 108
Trd, 4318196.843, 92
Trd, 4318197.643, 93
Trd, 4318197.843, 80
Trd, 4318198.293, 82
Trd, 4318201.343, 140
Trd, 4318201.693, 137
Trd, 4318201.943, 140
Trd, 4318202.193, 104
Trd, 4318202.593, 134
Trd, 4318203.643, 135
Trd, 4318204.743, 128
Trd, 4318207.043, 136
Trd, 4318207.743, 139
Trd, 4318207.793, 135
Trd, 4318207.893, 118
Trd, 4318209.593, 114
Trd, 4318209.643, 88
Trd, 4318210.643, 139
Trd, 4318211.593, 128
Trd, 4318211.843, 128
Trd, 4318212.893, 130
Trd, 4318212.993, 134
Trd, 4318214.443, 132
Trd, 4318215.193, 136
Trd, 4318215.243, 125
Trd, 4318215.643, 131
Trd, 4318216.943, 123
Trd, 4318217.693, 66
Trd, 4318218.543, 139
Trd, 4318221.543, 140
Trd, 4318221.793, 140
Trd, 4318223.893, 139
Trd, 4318224.493, 140
Trd, 4318224.843, 140
Trd, 4318228.343, 133
Trd, 4318228.693, 122
Trd, 4318228.793, 137
Trd, 4318229.093, 96
Trd, 4318231.043, 140
Trd, 4318231.743, 138
Trd, 4318232.443, 138
Trd, 4318233.493, 123
Trd, 4318233.843, 135
Trd, 4318234.243, 134
Trd, 4318235.293, 79
Trd, 4318235.643, 127
Trd, 4318235.893, 129
Trd, 4318239.043, 140
Trd, 4318239.093, 112
Trd, 4318239.193, 98
Trd, 4318241.793, 140
Trd, 4318243.443, 116
Trd, 4318244.443, 140
Trd, 4318245.293, 139
Trd, 4318245.593, 138
Trd, 4318246.243, 137
Trd, 4318246.743, 139
Trd, 4318247.943, 125
Trd, 4318250.993, 140
Trd, 4318251.693, 140
Trd, 4318251.843, 139
Trd, 4318252.193, 133
Trd, 4318252.743, 140
Trd, 4318254.743, 104
Trd, 4318255.143, 94
Trd, 4318255.643, 133
Trd, 4318255.793, 137
Trd, 4318256.593, 110
Trd, 4318257.343, 64
Trd, 4318257.943, 65
Trd, 4318260.093, 101
Trd, 4318260.193, 92
Trd, 4318260.243, 129
Trd, 4318261.293, 79
Trd, 4318261.593, 109
Trd, 4318262.243, 88
Trd, 4318262.493, 110
Trd, 4318263.843, 139
Trd, 4318264.743, 135
Trd, 4318266.043, 107
Trd, 4318268.693, 136
Trd, 4318268.843, 122
Trd, 4318269.293, 91
Trd, 4318270.193, 140
Trd, 4318270.443, 139
Trd, 4318271.193, 138
Trd, 4318271.493, 135
Trd, 4318271.743, 123
Trd, 4318272.543, 107
Trd, 4318273.943, 87
Trd, 4318274.943, 75
Trd, 4318275.443, 71
Trd, 4318275.993, 70
Trd, 4318276.093, 72
Trd, 4318278.593, 118
Trd, 4318279.143, 137
Trd, 4318279.993, 139
Trd, 4318280.193, 140
Trd, 4318281.293, 138
Trd, 4318282.093, 136
Trd, 4318282.793, 128
Trd, 4318282.843, 115
Trd, 4318285.493, 140
Trd, 4318285.593, 139
Trd, 4318286.543, 139
Trd, 4318287.093, 138
Trd, 4318290.143, 140
Trd, 4318290.343, 140
Trd, 4318290.793, 140
Trd, 4318291.793, 138
Trd, 4318291.993, 99
Trd, 4318292.443, 90
Trd, 4318293.293, 120
Trd, 4318294.443, 138
Trd, 4318294.793, 129
Trd, 4318295.043, 128
Trd, 4318297.093, 140
Trd, 4318297.593, 110
Trd, 4318298.343, 100
Trd, 4318299.993, 80
Trd, 4318301.893, 110
Trd, 4318302.093, 107
Trd, 4318302.143, 111
Trd, 4318302.443, 113
Trd, 4318302.993, 81
Trd, 4318303.043, 97
Trd, 4318303.893, 136
Trd, 4318304.343, 97
Trd, 4318305.393, 114
Trd, 4318306.543, 72
Trd, 4318306.993, 73
Trd, 4318307.193, 104
Trd, 4318307.893, 77
Trd, 4318310.493, 140
Trd, 4318311.293, 140
Trd, 4318312.093, 140
Trd, 4318312.293, 139
Trd, 4318314.293, 123
Trd, 4318314.393, 119
Trd, 4318314.743, 139
Trd, 4318315.343, 128
Trd, 4318315.543, 127
Trd, 4318316.943, 132
Trd, 4318318.193, 140
Trd, 4318319.643, 138
Trd, 4318321.393, 130
Trd, 4318322.293, 89
Trd, 4318322.543, 80
Trd, 4318322.593, 130
Trd, 4318322.793, 116
Trd, 4318324.093, 99
Trd, 4318324.243, 112
Trd, 4318325.343, 99
Trd, 4318326.443, 110
Trd, 4318326.843, 140
Trd, 4318327.843, 139
Trd, 4318328.493, 104
Trd, 4318329.593, 140
Trd, 4318331.493, 137
Trd, 4318332.593, 139
Trd, 4318332.693, 119
Trd, 4318333.143, 90
Trd, 4318334.643, 124
Trd, 4318336.743, 140
Trd, 4318337.693, 132
Trd, 4318337.943, 140
Trd, 4318338.093, 119
Trd, 4318338.593, 118
Trd, 4318338.693, 99
Trd, 4318339.293, 107
Trd, 4318339.993, 135
Trd, 4318341.393, 140
Trd, 4318342.693, 103
Trd, 4318343.593, 102
Trd, 4318343.693, 125
Trd, 4318346.743, 140
Trd, 4318347.343, 139
Trd, 4318347.943, 138
Trd, 4318350.243, 140
Trd, 4318350.543, 136
Trd, 4318350.693, 122
Trd, 4318352.193, 102
Trd, 4318353.693, 137
Trd, 4318354.143, 136
Trd, 4318355.943, 140
Trd, 4318356.393, 102
Trd, 4318356.543, 93
Trd, 4318358.893, 140
Trd, 4318358.943, 139
Trd, 4318359.743, 140
Trd, 4318360.693, 140
Trd, 4318360.943, 119
Trd, 4318362.343, 96
Trd, 4318363.143, 137
Trd, 4318363.943, 140
Trd, 4318365.193, 136
Trd, 4318365.443, 130
Trd, 4318365.793, 107
Trd, 4318365.893, 106
Trd, 4318367.443, 140
Trd, 4318370.243, 118
Trd, 4318372.993, 105
Trd, 4318373.893, 140
Trd, 4318374.443, 112
Trd, 4318374.493, 111
Trd, 4318375.893, 123
Trd, 4318376.193, 120
Trd, 4318377.093, 131
Trd, 4318377.493, 125
Trd, 4318378.643, 139
Trd, 4318378.693, 130
Trd, 4318380.293, 131
Trd, 4318381.843, 140
Trd, 4318382.243, 140
Trd, 4318382.843, 139
Trd, 4318384.193, 139
Trd, 4318384.343, 111
Trd, 4318385.493, 140
Trd, 4318386.093, 140
Trd, 4318386.193, 131
Trd, 4318388.193, 140
Trd, 4318389.143, 140
Trd, 4318389.243, 140
Trd, 4318390.493, 120
Trd, 4318390.643, 114
Trd, 4318391.393, 118
Trd, 4318392.393, 140
Trd, 4318394.143, 135
Trd, 4318395.143, 140
Trd, 4318395.443, 140
Trd, 4318396.593, 138
Trd, 4318397.143, 112
Trd, 4318398.743, 140
Trd, 4318398.843, 140
Trd, 4318399.193, 140
Trd, 4318400.593, 140
Trd, 4318401.493, 140
Trd, 4318401.843, 139
Trd, 4318402.893, 134
Trd, 4318403.843, 135
Trd, 4318404.893, 128
Trd, 4318406.193, 140
Trd, 4318406.793, 139
Trd, 4318407.993, 123
Trd, 4318408.693, 118
Trd, 4318408.843, 109
Trd, 4318409.293, 135
Trd, 4318410.843, 112
Trd, 4318410.943, 113
Trd, 4318411.043, 84
Trd, 4318412.793, 125
Trd, 4318414.093, 139
Trd, 4318414.893, 140
Trd, 4318415.593, 130
Trd, 4318415.643, 120
Trd, 4318415.793, 140
Trd, 4318416.293, 99
Trd, 4318416.493, 122
Trd, 4318416.893, 125
Trd, 4318417.493, 137
Trd, 4318418.043, 135
Trd, 4318420.043, 115
Trd, 4318421.843, 140
Trd, 4318421.893, 103
Trd, 4318422.143, 134
Trd, 4318423.893, 139
Trd, 4318426.143, 139
Trd, 4318427.993, 138
Trd, 4318429.193, 117
Trd, 4318429.843, 119
Trd, 4318429.993, 120
Trd, 4318431.243, 114
Trd, 4318431.743, 98
Trd, 4318431.793, 97
Trd, 4318431.843, 94
Trd, 4318431.943, 118
Trd, 4318433.443, 123
Trd, 4318433.793, 104
Trd, 4318434.793, 60
Trd, 4318435.443, 128
Trd, 4318435.593, 125
Trd, 4318436.043, 70
Trd, 4318437.393, 121
Trd, 4318438.493, 114
Trd, 4318438.743, 125
Trd, 4318440.143, 117
Trd, 4318440.393, 113
Trd, 4318442.043, 140
Trd, 4318442.543, 140
Trd, 4318442.693, 139
Trd, 4318443.993, 138
Trd, 4318444.643, 138
Trd, 4318447.543, 140
Trd, 4318447.943, 140
Trd, 4318448.693, 135
Trd, 4318449.793, 122
Trd, 4318450.543, 140
Trd, 4318451.243, 138
Trd, 4318451.443, 139
Trd, 4318452.193, 116
Trd, 4318452.243, 78
Trd, 4318452.843, 138
Trd, 4318452.943, 137
Trd, 4318453.143, 139
Trd, 4318455.243, 137
Trd, 4318455.293, 90
Trd, 4318456.743, 107
Trd, 4318456.793, 127
Trd, 4318457.893, 140
Trd, 4318460.343, 140
Trd, 4318461.293, 140
Trd, 4318461.493, 124
Trd, 4318461.593, 123
Trd, 4318461.693, 104
Trd, 4318462.893, 140
Trd, 4318464.443, 140
Trd, 4318465.643, 139
Trd, 4318467.293, 140
Trd, 4318467.793, 138
Trd, 4318470.143, 127
Trd, 4318472.593, 140
Trd, 4318473.393, 140
Trd, 4318473.493, 140
Trd, 4318473.943, 140
Trd, 4318473.993, 122
Trd, 4318475.143, 140
Trd, 4318476.443, 140
Trd, 4318476.943, 140
Trd, 4318477.543, 139
Trd, 4318477.743, 103
Trd, 4318479.243, 139
Trd, 4318479.693, 139
Trd, 4318482.093, 130
Trd, 4318483.443, 140
Trd, 4318484.143, 140
Trd, 4318484.543, 140
Trd, 4318485.593, 140
Trd, 4318485.693, 123
Trd, 4318486.693, 140
Trd, 4318487.793, 140
Trd, 4318489.693, 140
Trd, 4318490.093, 140
Trd, 4318491.093, 131
Trd, 4318491.143, 130
Trd, 4318491.593, 131
Trd, 4318492.993, 77
Trd, 4318493.443, 94
Trd, 4318494.443, 140
Trd, 4318495.093, 139
Trd, 4318495.543, 136
Trd, 4318495.693, 105
Trd, 4318496.293, 109
Trd, 4318497.843, 140
Trd, 4318499.493, 140
Trd, 4318499.693, 140
Trd, 4318501.243, 140
Trd, 4318501.993, 139
Trd, 4318502.093, 102
Trd, 4318502.643, 122
Trd, 4318502.743, 103
Trd, 4318503.543, 82
Trd, 4318504.093, 140
Trd, 4318505.543, 121
Trd, 4318505.793, 120
Trd, 4318506.243, 123
Trd, 4318508.693, 140
Trd, 4318508.743, 139
Trd, 4318508.993, 139
Trd, 4318509.843, 134
Trd, 4318511.093, 137
Trd, 4318511.643, 135
Trd, 4318513.093, 139
Trd, 4318513.143, 113
Trd, 4318514.693, 140
Trd, 4318514.793, 129
Trd, 4318514.843, 106
Trd, 4318515.493, 137
Trd, 4318517.543, 94
Trd, 4318517.643, 121
Trd, 4318518.293, 121
Trd, 4318520.443, 140
Trd, 4318521.043, 140
Trd, 4318521.643, 139
Trd, 4318521.893, 137
Trd, 4318522.993, 139
Trd, 4318523.193, 138
Trd, 4318528.043, 140
Trd, 4318528.693, 140
Trd, 4318529.193, 138
Trd, 4318529.743, 139
Trd, 4318530.793, 129
Trd, 4318531.993, 128
Trd, 4318532.593, 127
Trd, 4318533.993, 138
Trd, 4318535.393, 137
Trd, 4318536.293, 138
Trd, 4318536.593, 95
Trd, 4318536.993, 136
Trd, 4318538.243, 139
Trd, 4318538.793, 137
Trd, 4318539.143, 137
Trd, 4318539.343, 117
Trd, 4318539.743, 99
Trd, 4318541.443, 124
Trd, 4318542.143, 133
Trd, 4318542.593, 120
Trd, 4318543.343, 113
Trd, 4318546.043, 140
Trd, 4318546.193, 139
Trd, 4318546.843, 127
Trd, 4318547.043, 97
Trd, 4318548.093, 140
Trd, 4318549.643, 140
Trd, 4318550.293, 140
Trd, 4318551.143, 102
Trd, 4318551.243, 97
Trd, 4318553.243, 133
Trd, 4318553.893, 140
Trd, 4318555.543, 140
Trd, 4318555.893, 140
Trd, 4318556.593, 140
Trd, 4318558.143, 140
Trd, 4318558.643, 130
Trd, 4318559.343, 122
Trd, 4318560.343, 140
Trd, 4318561.143, 132
Trd, 4318561.593, 140
Trd, 4318562.893, 140
Trd, 4318562.943, 140
Trd, 4318563.543, 139
Trd, 4318563.943, 139
Trd, 4318563.993, 124
Trd, 4318564.993, 140
Trd, 4318568.343, 140
Trd, 4318568.793, 140
Trd, 4318569.343, 140
Trd, 4318569.693, 140
Trd, 4318571.293, 140
Trd, 4318571.693, 101
Trd, 4318572.543, 134
Trd, 4318573.343, 105
Trd, 4318574.293, 81
Trd, 4318575.043, 75
Trd, 4318576.943, 140
Trd, 4318576.993, 140
Trd, 4318577.293, 140
Trd, 4318577.643, 111
Trd, 4318578.493, 107
Trd, 4318578.993, 100
Trd, 4318579.643, 62
Trd, 4318580.993, 111
Trd, 4318582.343, 140
Trd, 4318582.693, 140
Trd, 4318583.743, 140
Trd, 4318584.443, 110
Trd, 4318586.943, 140
Trd, 4318587.343, 140
Trd, 4318587.593, 139
Trd, 4318587.643, 102
Trd, 4318588.943, 100
Trd, 4318590.393, 139
Trd, 4318591.293, 130
Trd, 4318591.693, 130
Trd, 4318592.793, 134
Trd, 4318594.893, 140
Trd, 4318594.993, 140
Trd, 4318595.043, 140
Trd, 4318595.743, 140
Trd, 4318596.743, 138
Trd, 4318597.693, 127
Trd, 4318598.593, 125
Trd, 4318598.743, 133
Trd, 4318598.893, 124
Trd, 4318599.693, 108
Trd, 4318600.293, 123
Trd, 4318600.393, 133
Trd, 4318600.693, 99
Trd, 4318601.793, 113
Trd, 4318602.443, 140
Trd, 4318604.743, 140
Trd, 4318604.893, 138
Trd, 4318604.943, 137
Trd, 4318605.743, 94
Trd, 4318606.143, 93
Trd, 4318606.243, 78
Trd, 4318608.343, 131
Trd, 4318609.193, 101
Trd, 4318609.793, 95
Trd, 4318610.493, 92
Trd, 4318611.143, 92
Trd, 4318612.643, 140
Trd, 4318614.143, 140
Trd, 4318614.443, 126
Trd, 4318616.043, 139
Trd, 4318617.693, 140
Trd, 4318618.393, 121
Trd, 4318618.543, 119
Trd, 4318619.443, 128
Trd, 4318619.893, 102
Trd, 4318620.693, 140
Trd, 4318622.043, 139
Trd, 4318622.743, 140
Trd, 4318623.343, 140
Trd, 4318623.843, 128
Trd, 4318623.993, 126
Trd, 4318624.643, 118
Trd, 4318624.693, 119
Trd, 4318625.743, 96
Trd, 4318626.893, 119
Trd, 4318627.393, 139
Trd, 4318628.293, 107
Trd, 4318628.493, 125
Trd, 4318630.843, 125
Trd, 4318631.043, 130
Trd, 4318631.093, 132
Trd, 4318631.943, 121
Trd, 4318632.843, 113
Trd, 4318633.093, 132
Trd, 4318633.993, 129
Trd, 4318634.643, 140
Trd, 4318635.543, 140
Trd, 4318637.493, 101
Trd, 4318638.093, 118
Trd, 4318638.743, 140
Trd, 4318638.893, 103
Trd, 4318639.093, 99
Trd, 4318639.593, 79
Trd, 4318641.143, 140
Trd, 4318642.243, 140
Trd, 4318642.593, 139
Trd, 4318644.043, 138
Trd, 4318644.343, 117
Trd, 4318645.543, 112
Trd, 4318645.693, 103
Trd, 4318645.743, 112
Trd, 4318646.743, 74
Trd, 4318647.943, 74
Trd, 4318648.643, 120
Trd, 4318649.093, 97
Trd, 4318649.493, 77
Trd, 4318649.543, 63
Trd, 4318650.143, 63
Trd, 4318650.993, 60
Trd, 4318651.243, 97
Trd, 4318652.593, 65
Trd, 4318652.893, 66
Trd, 4318654.593, 140
Trd, 4318654.993, 140
Trd, 4318655.693, 139
Trd, 4318655.893, 122
Trd, 4318657.293, 140
Trd, 4318657.543, 140
Trd, 4318657.693, 139
Trd, 4318659.843, 137
Trd, 4318659.943, 139
Trd, 4318662.393, 140
Trd, 4318662.743, 139
Trd, 4318663.893, 129
Trd, 4318664.793, 110
Trd, 4318665.143, 135
Trd, 4318665.693, 119
Trd, 4318665.943, 85
Trd, 4318666.693, 60
Trd, 4318667.043, 67
Trd, 4318667.893, 128
Trd, 4318669.043, 109
Trd, 4318669.593, 69
Trd, 4318670.943, 131
Trd, 4318671.393, 129
Trd, 4318671.443, 133
Trd, 4318671.793, 109
Trd, 4318672.843, 130
Trd, 4318673.793, 79
Trd, 4318675.493, 140
Trd, 4318675.643, 102
Trd, 4318678.443, 140
Trd, 4318678.693, 140
Trd, 4318678.993, 120
Trd, 4318679.043, 118
Trd, 4318681.043, 140
Trd, 4318681.893, 112
Trd, 4318682.393, 112
Trd, 4318682.493, 104
Trd, 4318682.593, 103
Trd, 4318683.043, 91
Trd, 4318683.843, 135
Trd, 4318686.993, 136
Trd, 4318687.643, 140
Trd, 4318687.993, 138
Trd, 4318688.693, 140
Trd, 4318689.493, 133
Trd, 4318690.443, 139
Trd, 4318691.143, 134
Trd, 4318691.993, 137
Trd, 4318692.893, 128
Trd, 4318695.243, 140
Trd, 4318695.343, 140
Trd, 4318695.493, 131
Trd, 4318696.043, 125
Trd, 4318696.143, 103
Trd, 4318696.443, 91
Trd, 4318699.343, 140
Trd, 4318699.743, 77
Trd, 4318700.093, 79
Trd, 4318700.943, 140
Trd, 4318701.893, 140
Trd, 4318702.193, 140
Trd, 4318703.343, 111
Trd, 4318704.043, 110
Trd, 4318705.343, 139
Trd, 4318706.493, 140
Trd, 4318707.143, 126
Trd, 4318707.193, 118
Trd, 4318708.043, 106
Trd, 4318709.293, 125
Trd, 4318710.393, 106
Trd, 4318711.193, 132
Trd, 4318711.443, 96
Trd, 4318711.743, 73
Trd, 4318715.443, 140
Trd, 4318715.543, 140
Trd, 4318715.593, 139
Trd, 4318716.393, 140
Trd, 4318717.943, 138
Trd, 4318719.093, 140
Trd, 4318719.343, 139
Trd, 4318720.793, 137
Trd, 4318721.193, 135
Trd, 4318721.343, 113
Trd, 4318721.493, 60
Trd, 4318721.593, 61
Trd, 4318723.293, 86
Trd, 4318724.443, 123
Trd, 4318725.643, 139
Trd, 4318727.343, 140
Trd, 4318728.093, 140
Trd, 4318728.493, 140
Trd, 4318728.843, 138
Trd, 4318729.643, 139
Trd, 4318731.593, 138
Trd, 4318732.143, 137
Trd, 4318732.193, 82
Trd, 4318733.943, 99
Trd, 4318734.093, 97
Trd, 4318734.643, 96
Trd, 4318734.793, 137
Trd, 4318736.143, 126
Trd, 4318736.193, 122
Trd, 4318736.643, 94
Trd, 4318737.593, 131
Trd, 4318737.893, 62
Trd, 4318739.743, 140
Trd, 4318739.893, 140
Trd, 4318741.193, 139
Trd, 4318742.643, 126
Trd, 4318742.843, 125
Trd, 4318744.893, 119
Trd, 4318744.993, 117
Trd, 4318745.393, 140
Trd, 4318747.493, 137
Trd, 4318747.943, 139
Trd, 4318748.243, 117
Trd, 4318748.493, 96
Trd, 4318749.893, 78
Trd, 4318750.943, 140
Trd, 4318752.143, 140
Trd, 4318752.743, 116
Trd, 4318753.643, 85
Trd, 4318753.943, 80
Trd, 4318754.393, 112
Trd, 4318754.643, 114
Trd, 4318755.493, 83
Trd, 4318756.643, 131
Trd, 4318757.793, 123
Trd, 4318758.743, 119
Trd, 4318759.493, 111
Trd, 4318760.243, 114
Trd, 4318761.593, 137
Trd, 4318762.043, 134
Trd, 4318762.643, 133
Trd, 4318763.293, 105
Trd, 4318764.443, 115
Trd, 4318766.593, 140
Trd, 4318766.743, 140
Trd, 4318768.193, 140
Trd, 4318769.093, 140
Trd, 4318769.493, 140
Trd, 4318771.293, 140
Trd, 4318772.393, 140
Trd, 4318772.843, 134
Trd, 4318773.993, 123
Trd, 4318774.493, 107
Trd, 4318774.943, 96
Trd, 4318775.043, 97
Trd, 4318775.143, 92
Trd, 4318776.493, 139
Trd, 4318777.593, 139
Trd, 4318777.843, 138
Trd, 4318779.193, 136
Trd, 4318780.243, 131
Trd, 4318780.443, 130
Trd, 4318780.993, 119
Trd, 4318782.893, 111
Trd, 4318782.943, 114
Trd, 4318783.143, 139
Trd, 4318784.493, 139
Trd, 4318785.193, 104
Trd, 4318786.843, 131
Trd, 4318787.893, 114
Trd, 4318788.643, 136
Trd, 4318789.893, 131
Trd, 4318791.643, 140
Trd, 4318791.893, 139
Trd, 4318792.043, 110
Trd, 4318792.793, 60
Trd, 4318793.893, 140
Trd, 4318794.343, 101
Trd, 4318796.443, 140
Trd, 4318796.893, 133
Trd, 4318797.843, 139
Trd, 4318798.143, 112
Trd, 4318799.893, 71
Trd, 4318800.143, 72
Trd, 4318800.893, 66
Trd, 4318800.943, 124
Trd, 4318801.543, 62
Trd, 4318803.043, 72
Trd, 4318803.843, 84
Trd, 4318804.543, 115
Trd, 4318805.043, 76
Trd, 4318805.193, 99
Trd, 4318806.893, 138
Trd, 4318807.093, 116
Trd, 4318809.143, 122
Trd, 4318811.143, 140
Trd, 4318811.793, 140
Trd, 4318812.993, 140
Trd, 4318813.693, 140
Trd, 4318813.743, 140
Trd, 4318814.293, 118
Trd, 4318814.393, 105
Trd, 4318816.393, 140
Trd, 4318817.393, 138
Trd, 4318818.193, 135
Trd, 4318819.393, 137
Trd, 4318820.043, 137
Trd, 4318820.393, 121
Trd, 4318821.693, 98
Trd, 4318821.843, 99
Trd, 4318822.043, 90
Trd, 4318822.943, 140
Trd, 4318823.443, 104
Trd, 4318823.593, 79
Trd, 4318824.293, 124
Trd, 4318825.743, 67
Trd, 4318826.093, 70
Trd, 4318826.443, 69
Trd, 4318826.993, 133
Trd, 4318828.443, 140
Trd, 4318828.993, 140
Trd, 4318829.543, 140
Trd, 4318829.643, 140
Trd, 4318832.343, 135
Trd, 4318833.693, 140
Trd, 4318834.543, 139
Trd, 4318835.193, 136
Trd, 4318835.593, 132
Trd, 4318835.643, 131
Trd, 4318836.393, 121
Trd, 4318836.793, 98
Trd, 4318837.243, 87
Trd, 4318838.443, 135
Trd, 4318839.043, 130
Trd, 4318839.693, 129
Trd, 4318840.943, 138
Trd, 4318841.393, 140
Trd, 4318841.993, 98
Trd, 4318843.293, 129
Trd, 4318843.543, 137
Trd, 4318845.343, 131
Trd, 4318845.493, 133
Trd, 4318845.593, 131
Trd, 4318847.493, 137
Trd, 4318848.443, 139
Trd, 4318849.493, 125
Trd, 4318850.043, 138
Trd, 4318850.443, 138
Trd, 4318851.343, 123
Trd, 4318853.243, 140
Trd, 4318853.693, 140
Trd, 4318853.743, 140
Trd, 4318854.093, 140
Trd, 4318857.793, 137
Trd, 4318857.943, 136
Trd, 4318858.593, 115
Trd, 4318858.793, 84
Trd, 4318858.843, 139
Trd, 4318859.243, 130
Trd, 4318859.393, 129
Trd, 4318859.743, 129
Trd, 4318861.593, 137
Trd, 4318861.643, 123
Trd, 4318863.393, 140
Trd, 4318863.443, 119
Trd, 4318864.843, 100
Trd, 4318865.243, 67
Trd, 4318866.043, 109
Trd, 4318867.593, 140
Trd, 4318868.193, 109
Trd, 4318868.243, 106
Trd, 4318868.393, 111
Trd, 4318870.993, 129
Trd, 4318871.793, 105
Trd, 4318871.843, 128
Trd, 4318872.493, 130
Trd, 4318872.993, 111
Trd, 4318875.893, 138
Trd, 4318876.193, 135
Trd, 4318876.693, 136
Trd, 4318877.043, 135
Trd, 4318877.843, 125
Trd, 4318879.243, 133
Trd, 4318879.793, 118
Trd, 4318880.843, 66
Trd, 4318881.993, 121
Trd, 4318882.343, 135
Trd, 4318882.793, 101
Trd, 4318884.443, 73
Trd, 4318884.793, 67
Trd, 4318885.243, 62
Trd, 4318885.293, 69
Trd, 4318885.393, 74
Trd, 4318886.943, 86
Trd, 4318889.593, 140
Trd, 4318890.543, 140
Trd, 4318890.843, 140
Trd, 4318891.143, 140
Trd, 4318892.893, 140
Trd, 4318893.693, 136
Trd, 4318893.843, 135
Trd, 4318894.543, 100
Trd, 4318894.943, 115
Trd, 4318895.643, 116
Trd, 4318896.093, 105
Trd, 4318896.143, 116
Trd, 4318896.293, 117
Trd, 4318896.593, 78
Trd, 4318898.943, 61
Trd, 4318900.143, 69
Trd, 4318900.243, 76
Trd, 4318901.143, 127
Trd, 4318901.193, 100
Trd, 4318901.393, 140
Trd, 4318901.993, 127
Trd, 4318903.093, 81
Trd, 4318905.043, 140
Trd, 4318905.843, 140
Trd, 4318905.893, 104
Trd, 4318908.543, 137
Trd, 4318908.593, 108
Trd, 4318909.293, 121
Trd, 4318911.143, 116
Trd, 4318911.493, 131
Trd, 4318911.743, 130
Trd, 4318912.093, 117
Trd, 4318914.793, 140
Trd, 4318915.043, 140
Trd, 4318915.093, 140
Trd, 4318915.143, 117
Trd, 4318915.443, 140
Trd, 4318917.743, 140
Trd, 4318917.793, 140
Trd, 4318918.743, 126
Trd, 4318919.343, 99
Trd, 4318919.743, 140
Trd, 4318920.493, 120
Trd, 4318921.443, 122
Trd, 4318922.393, 98
Trd, 4318922.543, 122
Trd, 4318922.743, 119
Trd, 4318923.043, 83
Trd, 4318923.443, 84
Trd, 4318924.793, 90
Trd, 4318926.793, 85
Trd, 4318927.543, 95
Trd, 4318927.893, 83
Trd, 4318927.993, 94
Trd, 4318928.143, 107
Trd, 4318928.993, 114
Trd, 4318929.243, 91
Trd, 4318930.143, 126
Trd, 4318933.193, 140
Trd, 4318933.293, 140
Trd, 4318933.543, 138
Trd, 4318934.593, 140
Trd, 4318934.943, 137
Trd, 4318935.493, 124
Trd, 4318936.193, 133
Trd, 4318936.593, 102
Trd, 4318937.293, 135
Trd, 4318938.743, 92
Trd, 4318938.893, 122
Trd, 4318939.793, 123
Trd, 4318941.643, 140
Trd, 4318942.093, 140
Trd, 4318942.643, 140
Trd, 4318943.343, 138
Trd, 4318944.793, 136
Trd, 4318945.393, 125
Trd, 4318946.293, 121
Trd, 4318946.843, 88
Trd, 4318947.243, 115
Trd, 4318947.543, 103
Trd, 4318947.593, 111
Trd, 4318949.043, 112
Trd, 4318950.043, 109
Trd, 4318950.143, 101
Trd, 4318950.193, 112
Trd, 4318953.843, 139
Trd, 4318953.993, 109
Trd, 4318954.443, 140
Trd, 4318954.993, 137
Trd, 4318955.443, 136
Trd, 4318955.993, 135
Trd, 4318957.793, 140
Trd, 4318958.343, 140
Trd, 4318958.493, 138
Trd, 4318958.693, 125
Trd, 4318959.243, 129
Trd, 4318960.743, 77
Trd, 4318962.693, 137
Trd, 4318965.293, 140
Trd, 4318965.593, 140
Trd, 4318966.193, 139
Trd, 4318966.693, 139
Trd, 4318967.193, 119
Trd, 4318968.193, 95
Trd, 4318968.893, 140
Trd, 4318970.693, 140
Trd, 4318972.743, 140
Trd, 4318973.343, 140
Trd, 4318974.443, 140
Trd, 4318975.793, 139
Trd, 4318976.243, 123
Trd, 4318977.893, 120
Trd, 4318978.343, 113
Trd, 4318978.593, 112
Trd, 4318979.143, 102
Trd, 4318979.543, 131
Trd, 4318979.943, 100
Trd, 4318982.293, 137
Trd, 4318983.543, 117
Trd, 4318983.643, 96
Trd, 4318984.193, 136
Trd, 4318985.843, 140
Trd, 4318985.893, 140
Trd, 4318986.093, 137
Trd, 4318986.343, 140
Trd, 4318988.293, 99
Trd, 4318989.293, 81
Trd, 4318989.643, 80
Trd, 4318989.993, 126
Trd, 4318990.243, 101
Trd, 4318990.993, 129
Trd, 4318992.043, 138
Trd, 4318993.743, 140
Trd, 4318994.443, 138
Trd, 4318994.743, 124
Trd, 4318995.293, 103
Trd, 4318996.493, 95
Trd, 4318998.693, 140
Trd, 4318999.343, 140
Trd, 4318999.993, 140
Trd, 4319000.093, 140
Trd, 4319000.393, 140
Trd, 4319002.093, 136
Trd, 4319002.393, 133
Trd, 4319003.093, 140
Trd, 4319003.543, 129
Trd, 4319004.393, 134
Trd, 4319004.793, 133
Trd, 4319005.743, 134
Trd, 4319006.493, 133
Trd, 4319007.093, 133
Trd, 4319007.943, 136
Trd, 4319008.043, 131
Trd, 4319008.593, 137
Trd, 4319009.893, 139
Trd, 4319010.043, 111
Trd, 4319011.443, 101
Trd, 4319011.543, 99
Trd, 4319013.943, 79
Trd, 4319014.843, 107
Trd, 4319015.243, 78
Trd, 4319015.293, 75
Trd, 4319016.443, 103
Trd, 4319016.593, 104
Trd, 4319016.793, 137
Trd, 4319019.143, 140
Trd, 4319020.393, 129
Trd, 4319021.193, 140
Trd, 4319022.093, 140
Trd, 4319022.643, 139
Trd, 4319024.343, 118
Trd, 4319024.393, 117
Trd, 4319026.593, 132
Trd, 4319026.943, 108
Trd, 4319029.343, 135
Trd, 4319029.793, 130
Trd, 4319030.143, 140
Trd, 4319031.293, 132
Trd, 4319032.543, 139
Trd, 4319033.793, 138
Trd, 4319033.993, 138
Trd, 4319034.143, 111
Trd, 4319034.343, 99
Trd, 4319035.293, 140
Trd, 4319035.393, 128
Trd, 4319036.543, 78
Trd, 4319036.893, 135
Trd, 4319038.793, 140
Trd, 4319041.293, 140
Trd, 4319041.443, 140
Trd, 4319043.793, 140
Trd, 4319044.643, 140
Trd, 4319045.743, 139
Trd, 4319046.093, 140
Trd, 4319046.493, 140
Trd, 4319047.343, 140
Trd, 4319048.343, 140
Trd, 4319049.693, 123
Trd, 4319050.393, 117
Trd, 4319050.743, 113
Trd, 4319051.943, 111
Trd, 4319052.243, 82
Trd, 4319052.293, 98
Trd, 4319052.943, 95
Trd, 4319053.143, 80
Trd, 4319055.043, 81
Trd, 4319056.193, 122
Trd, 4319057.743, 136
Trd, 4319057.943, 136
Trd, 4319058.293, 140
Trd, 4319058.643, 137
Trd, 4319058.893, 129
Trd, 4319059.443, 128
Trd, 4319059.893, 85
Trd, 4319062.043, 140
Trd, 4319063.143, 139
Trd, 4319064.093, 140
Trd, 4319065.093, 140
Trd, 4319065.443, 136
Trd, 4319067.143, 124
Trd, 4319067.593, 139
Trd, 4319067.693, 122
Trd, 4319068.043, 133
Trd, 4319069.493, 138
Trd, 4319069.643, 139
Trd, 4319070.343, 140
Trd, 4319071.143, 138
Trd, 4319072.393, 137
Trd, 4319072.793, 122
Trd, 4319074.493, 106
Trd, 4319075.043, 139
Trd, 4319075.743, 114
Trd, 4319076.043, 123
Trd, 4319077.043, 61
Trd, 4319077.143, 62
Trd, 4319078.593, 139
Trd, 4319080.443, 138
Trd, 4319081.643, 140
Trd, 4319081.793, 139
Trd, 4319082.343, 137
Trd, 4319082.393, 103
Trd, 4319085.943, 125
Trd, 4319086.293, 129
Trd, 4319086.443, 130
Trd, 4319087.293, 140
Trd, 4319087.993, 105
Trd, 4319089.193, 119
Trd, 4319090.143, 117
Trd, 4319091.743, 124
Trd, 4319091.943, 109
Trd, 4319092.293, 138
Trd, 4319092.593, 140
Trd, 4319093.993, 132
Trd, 4319094.743, 132
Trd, 4319094.843, 84
Trd, 4319095.543, 60
Trd, 4319096.043, 134
Trd, 4319096.943, 105
Trd, 4319097.043, 106
Trd, 4319098.743, 112
Trd, 4319100.743, 140
Trd, 4319101.893, 140
Trd, 4319102.393, 139
Trd, 4319102.643, 137
Trd, 4319103.543, 103
Trd, 4319104.093, 100
Trd, 4319104.243, 136
Trd, 4319105.343, 130
Trd, 4319105.843, 131
Trd, 4319107.143, 140
Trd, 4319108.193, 130
Trd, 4319108.343, 122
Trd, 4319109.493, 116
Trd, 4319109.893, 114
Trd, 4319110.543, 97
Trd, 4319111.093, 132
Trd, 4319111.393, 132
Trd, 4319111.593, 113
Trd, 4319112.943, 95
Trd, 4319113.893, 113
Trd, 4319114.493, 135
Trd, 4319115.693, 110
Trd, 4319117.593, 84
Trd, 4319117.643, 83
Trd, 4319117.993, 84
Trd, 4319118.193, 94
Trd, 4319119.443, 135
Trd, 4319120.343, 131
Trd, 4319120.993, 138
Trd, 4319121.843, 100
Trd, 4319122.793, 107
Trd, 4319123.243, 138
Trd, 4319123.793, 118
Trd, 4319125.393, 106
Trd, 4319126.493, 130
Trd, 4319126.943, 104
Trd, 4319126.993, 123
Trd, 4319127.043, 102
Trd, 4319127.743, 120
Trd, 4319128.443, 139
Trd, 4319129.143, 107
Trd, 4319130.593, 140
Trd, 4319132.093, 140
Trd, 4319132.343, 121
Trd, 4319132.943, 100
Trd, 4319134.093, 138
Trd, 4319136.143, 124
Trd, 4319136.893, 140
Trd, 4319137.393, 128
Trd, 4319137.443, 126
Trd, 4319140.643, 136
Trd, 4319140.843, 135
Trd, 4319141.543, 139
Trd, 4319141.593, 122
Trd, 4319141.943, 138
Trd, 4319143.643, 115
Trd, 4319144.143, 130
Trd, 4319144.493, 131
Trd, 4319144.893, 130
Trd, 4319145.443, 115
Trd, 4319146.393, 129
Trd, 4319146.593, 99
Trd, 4319147.643, 140
Trd, 4319148.693, 140
Trd, 4319150.293, 140
Trd, 4319151.343, 140
Trd, 4319152.393, 139
Trd, 4319152.993, 122
Trd, 4319153.893, 138
Trd, 4319154.193, 137
Trd, 4319155.393, 140
Trd, 4319156.793, 140
Trd, 4319157.893, 140
Trd, 4319159.693, 118
Trd, 4319161.443, 115
Trd, 4319161.943, 140
Trd, 4319162.643, 140
Trd, 4319163.293, 135
Trd, 4319164.493, 130
Trd, 4319165.043, 139
Trd, 4319166.343, 140
Trd, 4319167.493, 140
Trd, 4319167.993, 140
Trd, 4319168.643, 82
Trd, 4319169.893, 135
Trd, 4319170.943, 140
Trd, 4319171.043, 138
Trd, 4319171.293, 106
Trd, 4319171.593, 101
Trd, 4319173.293, 114
Trd, 4319174.043, 138
Trd, 4319174.343, 139
Trd, 4319175.043, 133
Trd, 4319177.243, 112
Trd, 4319178.443, 139
Trd, 4319178.593, 127
Trd, 4319179.443, 138
Trd, 4319180.043, 126
Trd, 4319181.093, 131
Trd, 4319181.293, 109
Trd, 4319182.743, 79
Trd, 4319183.893, 116
Trd, 4319184.193, 117
Trd, 4319184.793, 86
Trd, 4319184.843, 85
Trd, 4319185.293, 85
Trd, 4319185.593, 131
Trd, 4319186.143, 110
Trd, 4319188.543, 139
Trd, 4319189.243, 115
Trd, 4319190.493, 68
Trd, 4319191.093, 69
Trd, 4319192.743, 64
Trd, 4319193.343, 60
Trd, 4319193.543, 60
Trd, 4319194.143, 99
Trd, 4319194.293, 116
Trd, 4319194.743, 74
Trd, 4319195.443, 140
Trd, 4319195.793, 139
Trd, 4319197.543, 138
Trd, 4319198.293, 133
Trd, 4319199.293, 137
Trd, 4319200.493, 133
Trd, 4319200.693, 105
Trd, 4319201.293, 106
Trd, 4319203.993, 139
Trd, 4319204.093, 128
Trd, 4319204.393, 107
Trd, 4319205.093, 111
Trd, 4319205.543, 140
Trd, 4319208.393, 137
Trd, 4319208.593, 132
Trd, 4319208.643, 123
Trd, 4319209.343, 129
Trd, 4319210.043, 140
Trd, 4319210.793, 140
Trd, 4319211.193, 140
Trd, 4319211.243, 124
Trd, 4319212.443, 140
Trd, 4319212.943, 140
Trd, 4319214.143, 138
Trd, 4319215.093, 126
Trd, 4319215.293, 120
Trd, 4319216.643, 119
Trd, 4319217.643, 136
Trd, 4319218.943, 140
Trd, 4319219.143, 139
Trd, 4319219.693, 133
Trd, 4319220.293, 138
Trd, 4319221.193, 83
Trd, 4319222.093, 94
Trd, 4319223.493, 125
Trd, 4319224.143, 105
Trd, 4319224.193, 71
Trd, 4319224.843, 107
Trd, 4319225.643, 138
Trd, 4319225.743, 121
Trd, 4319227.043, 140
Trd, 4319227.143, 137
Trd, 4319227.543, 110
Trd, 4319228.243, 129
Trd, 4319229.293, 105
Trd, 4319230.593, 95
Trd, 4319231.093, 130
Trd, 4319232.943, 140
Trd, 4319233.193, 140
Trd, 4319234.843, 140
Trd, 4319234.893, 138
Trd, 4319235.593, 136
Trd, 4319236.343, 140
Trd, 4319236.843, 104
Trd, 4319237.143, 85
Trd, 4319237.943, 112
Trd, 4319240.793, 140
Trd, 4319241.193, 140
Trd, 4319241.393, 140
Trd, 4319242.893, 118
Trd, 4319243.293, 93
Trd, 4319243.343, 88
Trd, 4319245.643, 139
Trd, 4319246.493, 133
Trd, 4319246.993, 112
Trd, 4319247.393, 114
Trd, 4319248.043, 140
Trd, 4319249.093, 138
Trd, 4319250.093, 130
Trd, 4319250.543, 113
Trd, 4319251.593, 119
Trd, 4319251.893, 112
Trd, 4319252.993, 112
Trd, 4319255.843, 140
Trd, 4319257.343, 139
Trd, 4319257.793, 136
Trd, 4319258.293, 123
Trd, 4319259.443, 134
Trd, 4319260.143, 101
Trd, 4319260.343, 120
Trd, 4319260.843, 121
Trd, 4319262.143, 140
Trd, 4319263.643, 140
Trd, 4319264.193, 138
Trd, 4319264.693, 140
Trd, 4319265.793, 140
Trd, 4319266.343, 140
Trd, 4319266.393, 131
Trd, 4319266.493, 128
Trd, 4319267.743, 116
Trd, 4319268.043, 104
Trd, 4319268.743, 76
Trd, 4319269.093, 121
Trd, 4319270.093, 140
Trd, 4319272.193, 132
Trd, 4319273.593, 139
Trd, 4319273.893, 134
Trd, 4319276.543, 140
Trd, 4319276.593, 140
Trd, 4319277.443, 137
Trd, 4319277.693, 94
Trd, 4319279.393, 121
Trd, 4319279.793, 105
Trd, 4319280.243, 98
Trd, 4319280.293, 129
Trd, 4319280.643, 140
Trd, 4319281.843, 130
Trd, 4319283.443, 88
Trd, 4319283.793, 76
Trd, 4319284.193, 102
Trd, 4319284.493, 76
Trd, 4319286.043, 85
Trd, 4319286.543, 77
Trd, 4319288.643, 140
Trd, 4319289.143, 140
Trd, 4319291.693, 140
Trd, 4319291.893, 140
Trd, 4319291.943, 127
Trd, 4319292.243, 103
Trd, 4319292.943, 140
Trd, 4319293.643, 140
Trd, 4319295.193, 140
Trd, 4319295.793, 140
Trd, 4319296.093, 133
Trd, 4319297.543, 140
Trd, 4319297.943, 139
Trd, 4319299.843, 140
Trd, 4319300.543, 140
Trd, 4319300.993, 140
Trd, 4319301.143, 138
Trd, 4319301.393, 137
Trd, 4319302.193, 94
Trd, 4319302.943, 120
Trd, 4319304.593, 140
Trd, 4319306.693, 140
Trd, 4319307.443, 140
Trd, 4319308.093, 140
Trd, 4319308.393, 122
Trd, 4319309.443, 119
Trd, 4319309.493, 117
Trd, 4319309.993, 133
Trd, 4319310.293, 116
Trd, 4319311.343, 106
Trd, 4319312.193, 140
Trd, 4319312.593, 117
Trd, 4319314.343, 105
Trd, 4319315.343, 140
Trd, 4319316.293, 140
Trd, 4319316.493, 140
Trd, 4319317.093, 140
Trd, 4319318.143, 137
Trd, 4319318.343, 130
Trd, 4319318.593, 130
Trd, 4319320.193, 113
Trd, 4319320.993, 76
Trd, 4319322.693, 140
Trd, 4319323.143, 139
Trd, 4319324.193, 139
Trd, 4319324.493, 137
Trd, 4319325.643, 139
Trd, 4319325.943, 123
Trd, 4319327.493, 140
Trd, 4319328.993, 140
Trd, 4319329.543, 140
Trd, 4319329.693, 139
Trd, 4319330.893, 140
Trd, 4319331.093, 126
Trd, 4319333.743, 140
Trd, 4319333.893, 114
Trd, 4319334.993, 140
Trd, 4319336.693, 140
Trd, 4319338.043, 140
Trd, 4319339.293, 140
Trd, 4319339.593, 125
Trd, 4319339.943, 108
Trd, 4319341.543, 114
Trd, 4319342.843, 139
Trd, 4319343.943, 139
Trd, 4319344.243, 138
Trd, 4319344.793, 116
Trd, 4319347.143, 139
Trd, 4319347.243, 135
Trd, 4319348.043, 136
Trd, 4319348.493, 60
Trd, 4319349.693, 129
Trd, 4319350.643, 97
Trd, 4319351.043, 103
Trd, 4319351.743, 104
Trd, 4319351.793, 75
Trd, 4319353.993, 60
Trd, 4319354.093, 60
Trd, 4319354.743, 108
Trd, 4319354.843, 87
Trd, 4319355.343, 118
Trd, 4319355.643, 122
Trd, 4319356.093, 99
Trd, 4319356.293, 106
Trd, 4319358.093, 79
Trd, 4319359.743, 121
Trd, 4319360.043, 84
Trd, 4319360.793, 123
Trd, 4319360.843, 102
Trd, 4319361.893, 124
Trd, 4319363.343, 104
Trd, 4319365.043, 118
Trd, 4319365.093, 115
Trd, 4319365.743, 130
Trd, 4319367.393, 140
Trd, 4319367.693, 140
Trd, 4319370.293, 140
Trd, 4319370.993, 138
Trd, 4319373.243, 140
Trd, 4319373.543, 134
Trd, 4319373.743, 140
Trd, 4319374.643, 116
Trd, 4319376.393, 98
Trd, 4319377.493, 132
Trd, 4319377.843, 127
Trd, 4319378.843, 139
Trd, 4319379.793, 116
Trd, 4319380.743, 101
Trd, 4319381.543, 112
Trd, 4319382.043, 139
Trd, 4319382.593, 138
Trd, 4319382.993, 96
Trd, 4319384.143, 131
Trd, 4319385.843, 139
Trd, 4319387.193, 140
Trd, 4319387.643, 140
Trd, 4319388.293, 140
Trd, 4319388.443, 140
Trd, 4319388.543, 138
Trd, 4319390.393, 137
Trd, 4319391.843, 140
Trd, 4319392.893, 140
Trd, 4319392.943, 137
Trd, 4319393.743, 112
Trd, 4319395.243, 140
Trd, 4319395.393, 140
Trd, 4319395.543, 113
Trd, 4319397.443, 84
Trd, 4319397.493, 85
Trd, 4319397.543, 114
Trd, 4319398.743, 110
Trd, 4319398.893, 77
Trd, 4319400.093, 99
Trd, 4319400.943, 98
Trd, 4319401.743, 132
Trd, 4319402.393, 115
Trd, 4319402.943, 125
Trd, 4319403.243, 124
Trd, 4319403.543, 132
Trd, 4319404.643, 131
Trd, 4319405.293, 111
Trd, 4319405.643, 106
Trd, 4319406.593, 139
Trd, 4319407.743, 140
Trd, 4319408.343, 111
Trd, 4319408.543, 100
Trd, 4319409.393, 121
Trd, 4319412.093, 140
Trd, 4319412.793, 140
Trd, 4319412.843, 139
Trd, 4319413.593, 107
Trd, 4319414.943, 112
Trd, 4319415.493, 112
Trd, 4319416.393, 140
Trd, 4319417.993, 140
Trd, 4319418.343, 140
Trd, 4319419.243, 139
Trd, 4319420.093, 134
Trd, 4319420.143, 132
Trd, 4319420.943, 139
Trd, 4319424.043, 135
Trd, 4319426.393, 140
Trd, 4319426.993, 139
Trd, 4319429.593, 140
Trd, 4319429.643, 140
Trd, 4319429.743, 140
Trd, 4319430.293, 92
Trd, 4319430.893, 100
Trd, 4319432.693, 136
Trd, 4319432.843, 126
Trd, 4319433.143, 104
Trd, 4319434.643, 132
Trd, 4319434.793, 108
Trd, 4319437.093, 140
Trd, 4319437.643, 140
Trd, 4319439.793, 140
Trd, 4319439.843, 140
Trd, 4319439.993, 140
Trd, 4319440.743, 139
Trd, 4319440.893, 119
Trd, 4319441.893, 122
Trd, 4319442.393, 85
Trd, 4319443.243, 140
Trd, 4319443.543, 124
Trd, 4319443.843, 98
Trd, 4319443.993, 80
Trd, 4319444.593, 131
Trd, 4319445.193, 128
Trd, 4319446.243, 129
Trd, 4319450.393, 140
Trd, 4319450.493, 136
Trd, 4319450.693, 140
Trd, 4319451.893, 112
Trd, 4319452.143, 112
Trd, 4319452.293, 138
Trd, 4319452.793, 127
Trd, 4319453.993, 117
Trd, 4319455.243, 140
Trd, 4319456.093, 136
Trd, 4319456.143, 129
Trd, 4319457.493, 138
Trd, 4319458.493, 112
Trd, 4319458.943, 111
Trd, 4319459.493, 140
Trd, 4319459.743, 119
Trd, 4319460.943, 138
Trd, 4319461.843, 136
Trd, 4319464.643, 138
Trd, 4319465.093, 139
Trd, 4319466.943, 140
Trd, 4319467.793, 140
Trd, 4319468.443, 139
Trd, 4319468.993, 119
Trd, 4319471.143, 136
Trd, 4319473.093, 140
Trd, 4319473.293, 137
Trd, 4319473.993, 138
Trd, 4319475.743, 137
Trd, 4319475.993, 130
Trd, 4319476.593, 99
Trd, 4319477.343, 140
Trd, 4319477.543, 131
Trd, 4319477.743, 65
Trd, 4319477.993, 64
Trd, 4319478.143, 85
Trd, 4319479.293, 67
Trd, 4319479.693, 72
Trd, 4319481.093, 121
Trd, 4319482.493, 121
Trd, 4319482.993, 94
Trd, 4319483.943, 112
Trd, 4319484.393, 121
Trd, 4319485.543, 139
Trd, 4319485.793, 139
Trd, 4319486.493, 77
Trd, 4319487.243, 140
Trd, 4319488.243, 140
Trd, 4319488.693, 135
Trd, 4319489.593, 134
Trd, 4319490.593, 128
Trd, 4319490.893, 113
Trd, 4319490.943, 103
Trd, 4319491.043, 102
Trd, 4319492.393, 60
Trd, 4319492.943, 60
Trd, 4319494.093, 64
Trd, 4319495.443, 127
Trd, 4319496.243, 106
Trd, 4319497.043, 103
Trd, 4319497.343, 113
Trd, 4319497.743, 102
Trd, 4319497.893, 118
Trd, 4319498.343, 99
Trd, 4319498.843, 119
Trd, 4319499.543, 140
Trd, 4319499.693, 122
Trd, 4319501.693, 84
Trd, 4319502.593, 73
Trd, 4319502.743, 75
Trd, 4319503.693, 79
Trd, 4319506.093, 139
Trd, 4319507.943, 134
Trd, 4319508.093, 133
Trd, 4319508.343, 110
Trd, 4319509.143, 122
Trd, 4319509.793, 121
Trd, 4319511.643, 127
Trd, 4319512.193, 140
Trd, 4319515.293, 137
Trd, 4319515.743, 138
Trd, 4319516.093, 108
Trd, 4319517.443, 138
Trd, 4319518.143, 138
Trd, 4319518.543, 138
Trd, 4319518.843, 134
Trd, 4319519.293, 111
Trd, 4319519.393, 109
Trd, 4319521.343, 137
Trd, 4319522.993, 139
Trd, 4319523.293, 136
Trd, 4319523.543, 133
Trd, 4319524.343, 131
Trd, 4319524.993, 137
Trd, 4319525.043, 130
Trd, 4319525.843, 140
Trd, 4319525.943, 134
Trd, 4319527.643, 89
Trd, 4319528.043, 98
Trd, 4319528.993, 95
Trd, 4319529.393, 90
Trd, 4319529.843, 81
Trd, 4319530.243, 140
Trd, 4319532.643, 137
Trd, 4319534.143, 140
Trd, 4319535.493, 140
Trd, 4319535.793, 139
Trd, 4319536.343, 138
Trd, 4319536.993, 139
Trd, 4319537.193, 140
Trd, 4319537.293, 117
Trd, 4319538.493, 136
Trd, 4319540.343, 136
Trd, 4319540.393, 131
Trd, 4319540.643, 139
Trd, 4319540.693, 128
Trd, 4319541.043, 127
Trd, 4319542.393, 113
Trd, 4319544.643, 135
Trd, 4319545.743, 135
Trd, 4319545.843, 134
Trd, 4319546.143, 114
Trd, 4319547.893, 138
Trd, 4319548.243, 139
Trd, 4319548.643, 123
Trd, 4319549.943, 135
Trd, 4319551.543, 100
Trd, 4319551.893, 82
Trd, 4319552.443, 139
Trd, 4319552.643, 86
Trd, 4319553.243, 122
Trd, 4319554.193, 118
Trd, 4319555.643, 121
Trd, 4319557.393, 129
Trd, 4319558.243, 111
Trd, 4319558.743, 99
Trd, 4319559.093, 98
Trd, 4319559.193, 110
Trd, 4319559.243, 133
Trd, 4319559.793, 134
Trd, 4319561.043, 67
Trd, 4319561.343, 91
Trd, 4319562.493, 139
Trd, 4319564.943, 140
Trd, 4319565.043, 138
Trd, 4319565.243, 137
Trd, 4319566.243, 132
Trd, 4319566.943, 104
Trd, 4319567.043, 111
Trd, 4319568.443, 99
Trd, 4319568.593, 98
Trd, 4319569.643, 138
Trd, 4319571.493, 100
Trd, 4319571.543, 105
Trd, 4319572.093, 88
Trd, 4319572.393, 128
Trd, 4319574.493, 139
Trd, 4319574.893, 123
Trd, 4319575.593, 128
Trd, 4319576.543, 125
Trd, 4319576.643, 124
Trd, 4319576.993, 126
Trd, 4319577.193, 93
Trd, 4319579.343, 65
Trd, 4319579.543, 101
Trd, 4319579.693, 73
Trd, 4319580.993, 65
Trd, 4319582.043, 139
Trd, 4319583.743, 139
Trd, 4319585.943, 140
Trd, 4319586.443, 139
Trd, 4319587.343, 140
Trd, 4319587.793, 134
Trd, 4319588.343, 140
Trd, 4319588.593, 132
Trd, 4319589.293, 119
Trd, 4319590.843, 116
Trd, 4319591.093, 124
Trd, 4319592.293, 126
Trd, 4319593.843, 124
Trd, 4319594.593, 124
Trd, 4319595.293, 139
Trd, 4319596.293, 138
Trd, 4319596.893, 132
Trd, 4319597.193, 103
Trd, 4319598.143, 132
Trd, 4319598.593, 117
Trd, 4319599.993, 62
Trd, 4319601.243, 76
Trd, 4319601.293, 96
Trd, 4319603.093, 124
Trd, 4319603.193, 112
Trd, 4319603.293, 140
Trd, 4319605.343, 135
Trd, 4319606.243, 140
Trd, 4319607.343, 130
Trd, 4319609.393, 139
Trd, 4319609.543, 125
Trd, 4319610.093, 115
Trd, 4319610.643, 138
Trd, 4319613.143, 118
Trd, 4319613.693, 101
Trd, 4319613.843, 93
Trd, 4319614.643, 88
Trd, 4319614.693, 113
Trd, 4319615.243, 118
Trd, 4319616.793, 140
Trd, 4319617.893, 125
Trd, 4319618.343, 114
Trd, 4319618.943, 113
Trd, 4319619.043, 108
Trd, 4319619.293, 140
Trd, 4319620.943, 140
Trd, 4319621.043, 137
Trd, 4319621.793, 138
Trd, 4319623.243, 140
Trd, 4319624.543, 104
Trd, 4319624.593, 106
Trd, 4319624.743, 92
Trd, 4319624.993, 92
Trd, 4319626.293, 85
Trd, 4319627.793, 140
Trd, 4319627.943, 140
Trd, 4319629.643, 140
Trd, 4319630.143, 139
Trd, 4319630.643, 138
Trd, 4319631.743, 121
Trd, 4319631.943, 116
Trd, 4319634.393, 137
Trd, 4319636.043, 116
Trd, 4319636.743, 112
Trd, 4319636.843, 112
Trd, 4319637.043, 107
Trd, 4319637.293, 113
Trd, 4319639.893, 136
Trd, 4319640.093, 117
Trd, 4319641.043, 125
Trd, 4319642.293, 121
Trd, 4319643.693, 140
Trd, 4319644.093, 119
Trd, 4319645.143, 135
Trd, 4319645.843, 81
Trd, 4319646.393, 109
Trd, 4319646.693, 123
Trd, 4319647.593, 124
Trd, 4319648.543, 101
Trd, 4319648.693, 129
Trd, 4319648.993, 140
Trd, 4319651.243, 140
Trd, 4319651.493, 140
Trd, 4319652.343, 132
Trd, 4319653.243, 102
Trd, 4319653.493, 103
Trd, 4319653.643, 85
Trd, 4319655.193, 65
Trd, 4319656.143, 140
Trd, 4319656.343, 139
Trd, 4319658.743, 137
Trd, 4319659.093, 140
Trd, 4319660.893, 140
Trd, 4319661.493, 140
Trd, 4319662.043, 140
Trd, 4319662.243, 131
Trd, 4319662.493, 140
Trd, 4319662.843, 119
Trd, 4319663.843, 140
Trd, 4319663.943, 110
Trd, 4319664.943, 133
Trd, 4319666.593, 126
Trd, 4319667.193, 130
Trd, 4319668.443, 134
Trd, 4319669.893, 99
Trd, 4319670.543, 98
Trd, 4319670.593, 100
Trd, 4319672.193, 139
Trd, 4319672.243, 138
Trd, 4319672.543, 140
Trd, 4319672.893, 136
Trd, 4319675.043, 99
Trd, 4319675.343, 99
Trd, 4319675.993, 93
Trd, 4319676.443, 100
Trd, 4319677.543, 140
Trd, 4319677.843, 136
Trd, 4319678.843, 135
Trd, 4319679.393, 140
Trd, 4319681.743, 140
Trd, 4319681.993, 139
Trd, 4319682.443, 121
Trd, 4319683.643, 110
Trd, 4319684.843, 132
Trd, 4319684.893, 137
Trd, 4319685.043, 122
Trd, 4319685.443, 93
Trd, 4319688.193, 140
Trd, 4319689.043, 140
Trd, 4319689.493, 140
Trd, 4319690.543, 139
Trd, 4319690.793, 100
Trd, 4319691.493, 138
Trd, 4319691.743, 139
Trd, 4319692.293, 136
Trd, 4319692.343, 103
Trd, 4319692.543, 103
Trd, 4319695.843, 102
Trd, 4319695.993, 104
Trd, 4319696.293, 112
Trd, 4319697.093, 110
Trd, 4319697.943, 106
Trd, 4319699.193, 138
Trd, 4319699.543, 139
Trd, 4319699.693, 137
Trd, 4319699.993, 130
Trd, 4319700.043, 129
Trd, 4319702.043, 129
Trd, 4319703.543, 138
Trd, 4319703.693, 114
Trd, 4319704.093, 139
Trd, 4319705.643, 132
Trd, 4319706.793, 86
Trd, 4319707.243, 90
Trd, 4319707.343, 92
Trd, 4319707.643, 93
Trd, 4319708.143, 79
Trd, 4319710.793, 140
Trd, 4319711.493, 139
Trd, 4319711.693, 133
Trd, 4319712.093, 132
Trd, 4319712.943, 135
Trd, 4319714.193, 140
Trd, 4319714.693, 124
Trd, 4319715.843, 135
Trd, 4319716.643, 130
Trd, 4319718.493, 124
Trd, 4319718.843, 118
Trd, 4319719.343, 104
Trd, 4319719.743, 125
Trd, 4319720.193, 126
Trd, 4319720.493, 103
Trd, 4319721.693, 97
Trd, 4319723.343, 132
Trd, 4319723.593, 134
Trd, 4319723.893, 102
Trd, 4319724.143, 66
Trd, 4319725.043, 89
Trd, 4319727.143, 140
Trd, 4319727.943, 137
Trd, 4319728.093, 118
Trd, 4319729.043, 114
Trd, 4319730.493, 114
Trd, 4319730.543, 107
Trd, 4319731.543, 118
Trd, 4319731.893, 102
Trd, 4319732.493, 119
Trd, 4319734.393, 140
Trd, 4319736.243, 140
Trd, 4319737.243, 137
Trd, 4319737.493, 122
Trd, 4319738.343, 111
Trd, 4319738.943, 115
Trd, 4319739.143, 116
Trd, 4319741.543, 127
Trd, 4319742.293, 117
Trd, 4319743.093, 96
Trd, 4319743.843, 140
Trd, 4319743.993, 101
Trd, 4319744.643, 136
Trd, 4319745.593, 113
Trd, 4319746.543, 82
Trd, 4319746.693, 81
Trd, 4319748.293, 130
Trd, 4319749.243, 113
Trd, 4319749.743, 135
Trd, 4319752.343, 139
Trd, 4319752.493, 133
Trd, 4319754.743, 139
Trd, 4319755.543, 124
Trd, 4319755.993, 123
Trd, 4319757.043, 130
Trd, 4319758.393, 139
Trd, 4319758.943, 133
Trd, 4319760.443, 104
Trd, 4319762.293, 138
Trd, 4319762.743, 137
Trd, 4319764.043, 122
Trd, 4319764.093, 123
Trd, 4319765.143, 137
Trd, 4319765.793, 135
Trd, 4319766.243, 131
Trd, 4319766.793, 126
Trd, 4319766.993, 110
Trd, 4319767.393, 100
Trd, 4319767.843, 139
Trd, 4319768.293, 116
Trd, 4319768.943, 137
Trd, 4319769.843, 134
Trd, 4319770.893, 140
Trd, 4319771.343, 114
Trd, 4319771.893, 111
Trd, 4319772.443, 67
Trd, 4319772.693, 67
Trd, 4319772.843, 68
Trd, 4319774.193, 99
Trd, 4319774.243, 88
Trd, 4319775.393, 139
Trd, 4319776.343, 126
Trd, 4319776.643, 139
Trd, 4319776.993, 125
Trd, 4319777.243, 133
Trd, 4319778.293, 124
Trd, 4319778.593, 122
Trd, 4319779.543, 90
Trd, 4319779.793, 124
Trd, 4319781.243, 85
Trd, 4319781.893, 88
Trd, 4319782.343, 86
Trd, 4319782.643, 89
Trd, 4319783.443, 108
Trd, 4319784.043, 82
Trd, 4319785.893, 140
Trd, 4319785.943, 65
Trd, 4319787.093, 101
Trd, 4319790.443, 140
Trd, 4319790.793, 138
Trd, 4319791.093, 135
Trd, 4319791.593, 114
Trd, 4319791.893, 114
Trd, 4319792.393, 94
Trd, 4319793.493, 140
Trd, 4319793.893, 140
Trd, 4319795.193, 126
Trd, 4319795.693, 128
Trd, 4319795.943, 129
Trd, 4319796.993, 140
Trd, 4319798.643, 140
Trd, 4319798.793, 139
Trd, 4319800.343, 140
Trd, 4319801.393, 140
Trd, 4319801.443, 138
Trd, 4319801.993, 116
Trd, 4319803.793, 140
Trd, 4319803.893, 140
Trd, 4319804.693, 118
Trd, 4319806.893, 121
Trd, 4319807.443, 119
Trd, 4319808.293, 137
Trd, 4319808.693, 104
Trd, 4319808.893, 79
Trd, 4319809.843, 139
Trd, 4319810.393, 111
Trd, 4319810.793, 65
Trd, 4319811.293, 78
Trd, 4319811.993, 84
Trd, 4319812.343, 112
Trd, 4319813.643, 140
Trd, 4319813.793, 122
Trd, 4319815.243, 136
Trd, 4319815.843, 132
Trd, 4319819.043, 140
Trd, 4319819.993, 140
Trd, 4319820.043, 140
Trd, 4319820.593, 139
Trd, 4319820.843, 101
Trd, 4319821.693, 131
Trd, 4319825.193, 140
Trd, 4319825.743, 140
Trd, 4319826.143, 139
Trd, 4319826.593, 140
Trd, 4319827.093, 113
Trd, 4319830.293, 140
Trd, 4319830.343, 140
Trd, 4319831.443, 140
Trd, 4319831.793, 131
Trd, 4319832.143, 132
Trd, 4319832.743, 140
Trd, 4319834.043, 140
Trd, 4319834.593, 139
Trd, 4319834.693, 118
Trd, 4319836.293, 125
Trd, 4319836.843, 138
Trd, 4319837.843, 124
Trd, 4319838.743, 113
Trd, 4319839.143, 140
Trd, 4319840.093, 138
Trd, 4319840.743, 112
Trd, 4319840.993, 111
Trd, 4319841.243, 108
Trd, 4319842.893, 92
Trd, 4319843.693, 139
Trd, 4319843.743, 129
Trd, 4319843.993, 139
Trd, 4319845.343, 136
Trd, 4319846.143, 125
Trd, 4319847.943, 73
Trd, 4319849.493, 88
Trd, 4319850.193, 104
Trd, 4319850.443, 99
Trd, 4319850.643, 66
Trd, 4319850.693, 112
Trd, 4319851.393, 140
Trd, 4319853.193, 122
Trd, 4319855.093, 140
Trd, 4319856.293, 140
Trd, 4319857.043, 139
Trd, 4319857.193, 137
Trd, 4319858.493, 134
Trd, 4319858.843, 134
Trd, 4319859.243, 126
Trd, 4319861.143, 117
Trd, 4319861.293, 116
Trd, 4319862.943, 125
Trd, 4319863.393, 140
Trd, 4319863.943, 115
Trd, 4319865.243, 140
Trd, 4319867.243, 140
Trd, 4319867.693, 140
Trd, 4319867.943, 139
Trd, 4319868.293, 139
Trd, 4319869.793, 112
Trd, 4319870.943, 140
Trd, 4319871.343, 140
Trd, 4319871.493, 115
Trd, 4319872.793, 90
Trd, 4319873.143, 131
Trd, 4319874.593, 110
Trd, 4319875.793, 83
Trd, 4319875.893, 74
Trd, 4319876.243, 85
Trd, 4319876.693, 86
Trd, 4319876.893, 87
Trd, 4319877.293, 107
Trd, 4319877.793, 127
Trd, 4319879.193, 140
Trd, 4319879.893, 140
Trd, 4319880.643, 138
Trd, 4319880.793, 137
Trd, 4319880.993, 136
Trd, 4319881.693, 135
Trd, 4319884.893, 140
Trd, 4319885.843, 139
Trd, 4319886.043, 139
Trd, 4319886.593, 131
Trd, 4319887.493, 139
Trd, 4319890.193, 137
Trd, 4319890.243, 120
Trd, 4319892.293, 116
Trd, 4319893.493, 138
Trd, 4319893.693, 127
Trd, 4319893.793, 125
Trd, 4319894.543, 138
Trd, 4319895.643, 128
Trd, 4319895.693, 97
Trd, 4319896.893, 117
Trd, 4319897.143, 82
Trd, 4319897.843, 81
Trd, 4319898.593, 111
Trd, 4319898.843, 112
Trd, 4319899.343, 73
Trd, 4319900.643, 120
Trd, 4319901.043, 125
Trd, 4319901.693, 73
Trd, 4319902.843, 72
Trd, 4319904.943, 139
Trd, 4319905.043, 119
Trd, 4319905.593, 140
Trd, 4319905.943, 139
Trd, 4319907.343, 140
Trd, 4319908.243, 121
Trd, 4319908.293, 94
Trd, 4319910.193, 108
Trd, 4319911.143, 130
Trd, 4319912.093, 74
Trd, 4319914.493, 140
Trd, 4319914.543, 140
Trd, 4319915.343, 138
Trd, 4319915.993, 136
Trd, 4319916.843, 128
Trd, 4319918.193, 109
Trd, 4319918.343, 99
Trd, 4319919.793, 137
Trd, 4319922.893, 140
Trd, 4319923.243, 139
Trd, 4319925.093, 140
Trd, 4319925.743, 129
Trd, 4319926.693, 140
Trd, 4319926.793, 140
Trd, 4319927.993, 140
Trd, 4319928.543, 140
Trd, 4319930.093, 139
Trd, 4319930.893, 134
Trd, 4319931.443, 120
Trd, 4319931.943, 118
Trd, 4319932.893, 116
Trd, 4319933.693, 111
Trd, 4319933.743, 94
Trd, 4319934.243, 140
Trd, 4319937.093, 140
Trd, 4319937.243, 140
Trd, 4319937.493, 130
Trd, 4319938.143, 129
Trd, 4319938.643, 133
Trd, 4319939.443, 130
Trd, 4319940.543, 134
Trd, 4319941.593, 131
Trd, 4319942.343, 116
Trd, 4319942.643, 106
Trd, 4319942.843, 138
Trd, 4319943.943, 110
Trd, 4319944.793, 84
Trd, 4319945.143, 129
Trd, 4319946.293, 140
Trd, 4319946.393, 139
Trd, 4319947.893, 127
Trd, 4319948.443, 99
Trd, 4319948.743, 98
Trd, 4319950.243, 140
Trd, 4319950.643, 108
Trd, 4319950.743, 99
Trd, 4319952.043, 124
Trd, 4319952.643, 140
Trd, 4319953.043, 138
Trd, 4319954.643, 122
Trd, 4319956.343, 137
Trd, 4319956.493, 79
Trd, 4319957.443, 68
Trd, 4319959.193, 84
Trd, 4319959.493, 82
Trd, 4319960.193, 122
Trd, 4319960.343, 102
Trd, 4319962.743, 140
Trd, 4319963.393, 140
Trd, 4319963.543, 133
Trd, 4319963.893, 124
Trd, 4319964.893, 139
Trd, 4319965.493, 126
Trd, 4319967.043, 140
Trd, 4319967.543, 140
Trd, 4319967.693, 134
Trd, 4319968.493, 113
Trd, 4319969.943, 116
Trd, 4319970.093, 112
Trd, 4319971.943, 140
Trd, 4319972.593, 138
Trd, 4319972.643, 106
Trd, 4319972.943, 132
Trd, 4319973.593, 132
Trd, 4319975.743, 110
Trd, 4319976.743, 140
Trd, 4319977.693, 138
Trd, 4319978.893, 126
Trd, 4319979.543, 118
Trd, 4319981.143, 128
Trd, 4319981.193, 125
Trd, 4319982.143, 140
Trd, 4319982.893, 140
Trd, 4319983.193, 134
Trd, 4319983.843, 119
Trd, 4319983.943, 123
Trd, 4319984.943, 125
Trd, 4319985.043, 128
Trd, 4319988.193, 140
Trd, 4319989.043, 140
Trd, 4319989.993, 140
Trd, 4319990.943, 140
Trd, 4319991.243, 139
Trd, 4319991.443, 136
Trd, 4319991.643, 137
Trd, 4319992.793, 140
Trd, 4319993.143, 139
Trd, 4319995.293, 139
Trd, 4319995.893, 122
Trd, 4319996.543, 121
Trd, 4319997.443, 125
Trd, 4319998.443, 134
Trd, 4319998.743, 137
Trd, 4319999.243, 98
Trd, 4319999.743, 112
