Trd, 4318131.843, 73
Trd, 4318133.343, 139
Trd, 4318133.443, 135
Trd, 4318134.293, 127
Trd, 4318134.443, 125
Trd, 4318134.793, 117
Trd, 4318135.343, 96
Trd, 4318136.493, 107
Trd, 4318136.693, 107
Trd, 4318137.243, 107
Trd, 4318137.893, 90
Trd, 4318139.093, 110
Trd, 4318139.843, 131
Trd, 4318141.193, 97
Trd, 4318141.843, 97
Trd, 4318142.143, 96
Trd, 4318142.343, 99
Trd, 4318143.043, 71
Trd, 4318143.593, 67
Trd, 4318145.043, 106
Trd, 4318145.393, 106
Trd, 4318145.943, 120
Trd, 4318147.243, 104
Trd, 4318148.493, 114
Trd, 4318149.093, 83
Trd, 4318149.193, 86
Trd, 4318149.543, 93
Trd, 4318150.393, 116
Trd, 4318150.543, 114
Trd, 4318151.043, 76
Trd, 4318151.093, 70
Trd, 4318152.543, 82
Trd, 4318153.993, 121
Trd, 4318154.293, 121
Trd, 4318154.893, 124
Trd, 4318155.893, 120
Trd, 4318156.143, 133
Trd, 4318156.693, 124
Trd, 4318157.693, 107
Trd, 4318157.943, 135
Trd, 4318158.393, 106
Trd, 4318158.943, 112
Trd, 4318159.593, 118
Trd, 4318160.493, 108
Trd, 4318161.393, 116
Trd, 4318162.293, 101
Trd, 4318162.843, 88
Trd, 4318163.593, 80
Trd, 4318163.643, 89
Trd, 4318163.843, 75
Trd, 4318165.243, 63
Trd, 4318167.143, 120
Trd, 4318167.943, 127
Trd, 4318168.343, 126
Trd, 4318168.393, 125
Trd, 4318169.143, 139
Trd, 4318169.543, 126
Trd, 4318170.143, 111
Trd, 4318171.243, 107
Trd, 4318171.743, 106
Trd, 4318172.443, 106
Trd, 4318173.143, 64
Trd, 4318175.393, 117
Trd, 4318175.493, 107
Trd, 4318175.943, 104
Trd, 4318176.093, 96
Trd, 4318176.393, 80
Trd, 4318177.643, 140
Trd, 4318179.193, 79
Trd, 4318179.693, 98
Trd, 4318179.993, 103
Trd, 4318180.343, 83
Trd, 4318181.793, 75
Trd, 4318182.443, 102
Trd, 4318183.243, 133
Trd, 4318183.543, 132
Trd, 4318183.843, 75
Trd, 4318185.243, 95
Trd, 4318185.693, 129
Trd, 4318186.093, 88
Trd, 4318189.143, 60
Trd, 4318189.293, 62
Trd, 4318189.643, 60
Trd, 4318189.693, 64
Trd, 4318189.743, 97
Trd, 4318190.843, 98
Trd, 4318191.093, 65
Trd, 4318191.343, 61
Trd, 4318193.243, 67
Trd, 4318194.343, 79
Trd, 4318195.093, 66
Trd, 4318195.293, 65
Trd, 4318196.343, 66
Trd, 4318196.493, 64
Trd, 4318196.993, 66
Trd, 4318197.743, 118
Trd, 4318197.843, 119
Trd, 4318198.143, 64
Trd, 4318199.793, 65
Trd, 4318200.693, 104
Trd, 4318200.893, 95
Trd, 4318201.693, 107
Trd, 4318202.043, 96
Trd, 4318202.093, 95
Trd, 4318203.893, 78
Trd, 4318204.143, 95
Trd, 4318204.993, 87
Trd, 4318205.343, 83
Trd, 4318206.993, 118
Trd, 4318208.393, 123
Trd, 4318208.743, 112
Trd, 4318209.243, 114
Trd, 4318209.293, 109
Trd, 4318210.443, 108
Trd, 4318210.543, 107
Trd, 4318211.093, 127
Trd, 4318211.893, 82
Trd, 4318211.943, 82
Trd, 4318213.693, 85
Trd, 4318214.043, 94
Trd, 4318214.493, 77
Trd, 4318214.893, 113
Trd, 4318217.543, 137
Trd, 4318217.643, 130
Trd, 4318217.793, 127
Trd, 4318217.993, 115
Trd, 4318218.293, 96
Trd, 4318218.643, 77
Trd, 4318220.593, 134
Trd, 4318220.693, 133
Trd, 4318221.193, 133
Trd, 4318221.393, 131
Trd, 4318222.443, 123
Trd, 4318223.293, 130
Trd, 4318223.843, 87
Trd, 4318224.243, 119
Trd, 4318225.193, 61
Trd, 4318226.693, 83
Trd, 4318226.893, 127
Trd, 4318227.843, 75
Trd, 4318228.043, 74
Trd, 4318229.093, 138
Trd, 4318229.393, 138
Trd, 4318229.743, 110
Trd, 4318230.993, 114
Trd, 4318231.143, 101
Trd, 4318231.293, 92
Trd, 4318232.243, 80
Trd, 4318232.693, 117
Trd, 4318233.293, 123
Trd, 4318233.943, 96
Trd, 4318235.493, 129
Trd, 4318235.693, 129
Trd, 4318236.443, 129
Trd, 4318236.843, 128
Trd, 4318237.493, 121
Trd, 4318238.143, 115
Trd, 4318238.993, 93
Trd, 4318239.143, 77
Trd, 4318239.293, 73
Trd, 4318240.993, 97
Trd, 4318241.193, 95
Trd, 4318242.493, 120
Trd, 4318242.643, 119
Trd, 4318245.793, 107
Trd, 4318245.943, 125
Trd, 4318246.193, 123
Trd, 4318246.293, 107
Trd, 4318247.043, 140
Trd, 4318247.193, 140
Trd, 4318248.443, 139
Trd, 4318248.543, 138
Trd, 4318249.243, 139
Trd, 4318250.443, 131
Trd, 4318251.393, 106
Trd, 4318251.643, 91
Trd, 4318252.393, 101
Trd, 4318252.693, 70
Trd, 4318253.643, 60
Trd, 4318254.393, 62
Trd, 4318254.443, 100
Trd, 4318255.343, 68
Trd, 4318255.593, 81
Trd, 4318257.593, 67
Trd, 4318257.643, 66
Trd, 4318257.943, 116
Trd, 4318258.043, 64
Trd, 4318258.693, 61
Trd, 4318259.043, 65
Trd, 4318260.343, 61
Trd, 4318261.043, 74
Trd, 4318261.493, 60
Trd, 4318262.543, 112
Trd, 4318263.143, 111
Trd, 4318263.893, 140
Trd, 4318264.143, 140
Trd, 4318264.193, 101
Trd, 4318264.693, 89
Trd, 4318265.743, 73
Trd, 4318266.943, 71
Trd, 4318267.743, 61
Trd, 4318268.143, 91
Trd, 4318268.593, 81
Trd, 4318269.343, 97
Trd, 4318271.443, 130
Trd, 4318272.143, 129
Trd, 4318272.443, 129
Trd, 4318273.293, 112
Trd, 4318273.493, 112
Trd, 4318273.893, 108
Trd, 4318275.043, 122
Trd, 4318275.893, 110
Trd, 4318275.943, 99
Trd, 4318276.143, 85
Trd, 4318277.043, 76
Trd, 4318277.343, 118
Trd, 4318277.493, 66
Trd, 4318278.793, 108
Trd, 4318280.893, 61
Trd, 4318281.843, 75
Trd, 4318281.943, 74
Trd, 4318282.093, 74
Trd, 4318282.243, 78
Trd, 4318282.643, 60
Trd, 4318283.743, 133
Trd, 4318285.343, 89
Trd, 4318285.443, 78
Trd, 4318286.093, 113
Trd, 4318286.393, 105
Trd, 4318286.443, 78
Trd, 4318286.493, 71
Trd, 4318287.593, 61
Trd, 4318287.693, 63
Trd, 4318288.843, 140
Trd, 4318289.093, 140
Trd, 4318290.893, 62
Trd, 4318291.543, 71
Trd, 4318293.293, 60
Trd, 4318293.493, 67
Trd, 4318294.343, 64
Trd, 4318295.143, 119
Trd, 4318295.293, 119
Trd, 4318295.643, 99
Trd, 4318295.893, 94
Trd, 4318295.943, 83
Trd, 4318296.143, 140
Trd, 4318298.393, 140
Trd, 4318298.843, 139
Trd, 4318299.493, 128
Trd, 4318300.093, 125
Trd, 4318300.443, 123
Trd, 4318300.993, 114
Trd, 4318301.293, 111
Trd, 4318302.193, 62
Trd, 4318302.693, 118
Trd, 4318303.493, 66
Trd, 4318305.293, 61
Trd, 4318306.093, 69
Trd, 4318306.643, 71
Trd, 4318306.893, 72
Trd, 4318307.243, 70
Trd, 4318308.793, 60
Trd, 4318309.893, 86
Trd, 4318310.543, 84
Trd, 4318310.793, 85
Trd, 4318311.093, 86
Trd, 4318312.243, 102
Trd, 4318312.493, 99
Trd, 4318312.643, 78
Trd, 4318313.493, 75
Trd, 4318314.693, 60
Trd, 4318315.293, 76
Trd, 4318315.693, 108
Trd, 4318315.893, 98
Trd, 4318315.993, 62
Trd, 4318317.543, 65
Trd, 4318318.893, 76
Trd, 4318319.743, 69
Trd, 4318319.893, 83
Trd, 4318321.343, 66
Trd, 4318322.343, 110
Trd, 4318322.593, 102
Trd, 4318322.643, 85
Trd, 4318323.543, 119
Trd, 4318323.743, 118
Trd, 4318324.343, 137
Trd, 4318324.493, 131
Trd, 4318324.743, 131
Trd, 4318324.793, 108
Trd, 4318326.443, 103
Trd, 4318326.993, 93
Trd, 4318327.393, 92
Trd, 4318328.593, 92
Trd, 4318329.193, 130
Trd, 4318329.793, 108
Trd, 4318330.843, 120
Trd, 4318331.543, 108
Trd, 4318331.843, 108
Trd, 4318331.943, 119
Trd, 4318332.943, 100
Trd, 4318333.093, 99
Trd, 4318334.393, 107
Trd, 4318334.593, 137
Trd, 4318334.693, 85
Trd, 4318336.343, 120
Trd, 4318336.693, 105
Trd, 4318337.443, 105
Trd, 4318338.343, 118
Trd, 4318339.393, 119
Trd, 4318339.443, 99
Trd, 4318340.543, 111
Trd, 4318341.293, 111
Trd, 4318342.143, 82
Trd, 4318342.393, 109
Trd, 4318343.343, 136
Trd, 4318343.993, 123
Trd, 4318344.243, 74
Trd, 4318345.043, 103
Trd, 4318347.293, 84
Trd, 4318348.193, 133
Trd, 4318348.393, 132
Trd, 4318348.443, 131
Trd, 4318349.043, 132
Trd, 4318349.843, 107
Trd, 4318350.043, 101
Trd, 4318351.143, 111
Trd, 4318352.193, 101
Trd, 4318352.693, 100
Trd, 4318353.143, 88
Trd, 4318353.543, 82
Trd, 4318355.743, 88
Trd, 4318356.493, 95
Trd, 4318356.843, 90
Trd, 4318357.443, 131
Trd, 4318358.043, 134
Trd, 4318358.143, 132
Trd, 4318358.293, 130
Trd, 4318358.493, 81
Trd, 4318359.193, 82
Trd, 4318360.293, 117
Trd, 4318361.093, 110
Trd, 4318361.343, 107
Trd, 4318361.693, 99
Trd, 4318363.493, 135
Trd, 4318364.093, 135
Trd, 4318364.143, 123
Trd, 4318364.543, 119
Trd, 4318365.243, 109
Trd, 4318365.443, 102
Trd, 4318365.593, 100
Trd, 4318368.043, 126
Trd, 4318368.143, 125
Trd, 4318368.543, 96
Trd, 4318368.893, 115
Trd, 4318369.643, 130
Trd, 4318370.493, 128
Trd, 4318371.493, 119
Trd, 4318371.643, 108
Trd, 4318371.793, 98
Trd, 4318372.243, 84
Trd, 4318373.843, 129
Trd, 4318374.493, 129
Trd, 4318375.493, 129
Trd, 4318376.243, 128
Trd, 4318376.493, 113
Trd, 4318377.093, 97
Trd, 4318377.193, 83
Trd, 4318377.643, 134
Trd, 4318379.143, 71
Trd, 4318381.393, 63
Trd, 4318381.993, 64
Trd, 4318382.043, 66
Trd, 4318382.593, 65
Trd, 4318384.343, 66
Trd, 4318384.793, 75
Trd, 4318385.793, 63
Trd, 4318386.743, 66
Trd, 4318387.393, 73
Trd, 4318387.843, 66
Trd, 4318388.393, 63
Trd, 4318389.193, 64
Trd, 4318389.793, 63
Trd, 4318390.193, 60
Trd, 4318391.893, 60
Trd, 4318393.243, 60
Trd, 4318393.793, 60
Trd, 4318393.843, 63
Trd, 4318394.993, 92
Trd, 4318395.043, 71
Trd, 4318395.643, 75
Trd, 4318395.943, 68
Trd, 4318396.943, 69
Trd, 4318397.643, 122
Trd, 4318399.393, 115
Trd, 4318399.493, 115
Trd, 4318399.793, 110
Trd, 4318400.393, 107
Trd, 4318402.643, 121
Trd, 4318402.793, 118
Trd, 4318404.393, 110
Trd, 4318404.693, 99
Trd, 4318405.393, 101
Trd, 4318405.943, 87
Trd, 4318406.643, 86
Trd, 4318406.743, 70
Trd, 4318407.443, 71
Trd, 4318409.143, 61
Trd, 4318409.193, 62
Trd, 4318409.743, 60
Trd, 4318409.993, 100
Trd, 4318411.643, 60
Trd, 4318411.843, 61
Trd, 4318413.243, 77
Trd, 4318413.443, 64
Trd, 4318413.843, 61
Trd, 4318414.643, 75
Trd, 4318415.293, 61
Trd, 4318416.693, 61
Trd, 4318418.643, 128
Trd, 4318418.793, 129
Trd, 4318419.293, 128
Trd, 4318419.943, 138
Trd, 4318420.493, 116
Trd, 4318420.843, 112
Trd, 4318421.343, 100
Trd, 4318422.293, 92
Trd, 4318422.643, 108
Trd, 4318423.693, 115
Trd, 4318423.843, 113
Trd, 4318424.593, 113
Trd, 4318425.093, 93
Trd, 4318425.243, 89
Trd, 4318425.643, 110
Trd, 4318427.793, 62
Trd, 4318428.093, 63
Trd, 4318429.043, 62
Trd, 4318429.143, 63
Trd, 4318429.393, 138
Trd, 4318429.643, 137
Trd, 4318429.743, 137
Trd, 4318429.943, 137
Trd, 4318431.843, 79
Trd, 4318432.043, 77
Trd, 4318433.793, 139
Trd, 4318434.343, 137
Trd, 4318434.593, 125
Trd, 4318435.093, 120
Trd, 4318435.643, 87
Trd, 4318436.893, 106
Trd, 4318437.543, 78
Trd, 4318438.343, 137
Trd, 4318438.993, 114
Trd, 4318439.693, 109
Trd, 4318440.393, 62
Trd, 4318441.293, 64
Trd, 4318441.343, 63
Trd, 4318441.543, 128
Trd, 4318442.443, 81
Trd, 4318443.993, 63
Trd, 4318444.543, 61
Trd, 4318445.243, 85
Trd, 4318445.693, 65
Trd, 4318446.943, 71
Trd, 4318447.343, 101
Trd, 4318447.593, 100
Trd, 4318447.743, 70
Trd, 4318448.493, 129
Trd, 4318449.393, 111
Trd, 4318450.843, 106
Trd, 4318451.443, 103
Trd, 4318451.643, 85
Trd, 4318451.743, 71
Trd, 4318453.793, 131
Trd, 4318454.193, 93
Trd, 4318455.193, 133
Trd, 4318455.393, 124
Trd, 4318455.793, 94
Trd, 4318455.993, 92
Trd, 4318456.893, 132
Trd, 4318457.243, 110
Trd, 4318458.593, 112
Trd, 4318458.643, 112
Trd, 4318459.293, 111
Trd, 4318460.643, 131
Trd, 4318460.993, 100
Trd, 4318462.443, 123
Trd, 4318464.093, 112
Trd, 4318464.693, 127
Trd, 4318465.043, 129
Trd, 4318465.093, 120
Trd, 4318465.343, 95
Trd, 4318465.793, 93
Trd, 4318465.993, 116
Trd, 4318466.893, 72
Trd, 4318467.093, 74
Trd, 4318467.793, 61
Trd, 4318469.243, 61
Trd, 4318470.093, 65
Trd, 4318471.243, 60
Trd, 4318471.843, 62
Trd, 4318472.793, 63
Trd, 4318472.993, 62
Trd, 4318473.293, 61
Trd, 4318474.543, 76
Trd, 4318475.393, 61
Trd, 4318475.593, 112
Trd, 4318476.443, 60
Trd, 4318476.843, 63
Trd, 4318477.443, 62
Trd, 4318478.093, 62
Trd, 4318478.493, 81
Trd, 4318479.743, 60
Trd, 4318480.693, 71
Trd, 4318481.243, 63
Trd, 4318481.793, 63
Trd, 4318482.543, 98
Trd, 4318483.593, 100
Trd, 4318483.743, 68
Trd, 4318484.093, 66
Trd, 4318484.143, 97
Trd, 4318485.193, 127
Trd, 4318485.543, 66
Trd, 4318487.393, 60
Trd, 4318487.593, 63
Trd, 4318489.993, 65
Trd, 4318490.143, 62
Trd, 4318490.443, 60
Trd, 4318490.843, 67
Trd, 4318491.843, 63
Trd, 4318493.293, 63
Trd, 4318495.393, 61
Trd, 4318495.543, 64
Trd, 4318497.193, 64
Trd, 4318497.793, 60
Trd, 4318497.993, 65
Trd, 4318498.343, 67
Trd, 4318498.443, 60
Trd, 4318499.593, 68
Trd, 4318501.143, 63
Trd, 4318501.593, 61
Trd, 4318501.993, 74
Trd, 4318502.893, 68
Trd, 4318504.243, 64
Trd, 4318504.343, 63
Trd, 4318505.093, 64
Trd, 4318506.543, 69
Trd, 4318506.993, 89
Trd, 4318507.443, 66
Trd, 4318508.493, 60
Trd, 4318510.293, 138
Trd, 4318510.343, 83
Trd, 4318510.443, 67
Trd, 4318511.293, 78
Trd, 4318512.293, 103
Trd, 4318512.493, 93
Trd, 4318512.743, 73
Trd, 4318513.543, 97
Trd, 4318515.143, 135
Trd, 4318516.293, 118
Trd, 4318516.643, 116
Trd, 4318517.243, 108
Trd, 4318517.393, 124
Trd, 4318517.893, 107
Trd, 4318518.043, 106
Trd, 4318519.693, 86
Trd, 4318520.943, 102
Trd, 4318521.343, 121
Trd, 4318521.493, 111
Trd, 4318522.143, 82
Trd, 4318522.693, 79
Trd, 4318524.093, 60
Trd, 4318524.143, 66
Trd, 4318525.893, 62
Trd, 4318527.093, 65
Trd, 4318527.543, 64
Trd, 4318529.243, 134
Trd, 4318530.543, 138
Trd, 4318531.093, 121
Trd, 4318531.143, 121
Trd, 4318531.193, 120
Trd, 4318533.243, 109
Trd, 4318533.743, 99
Trd, 4318534.193, 84
Trd, 4318535.143, 107
Trd, 4318535.343, 91
Trd, 4318535.993, 88
Trd, 4318536.043, 80
Trd, 4318537.093, 115
Trd, 4318537.543, 99
Trd, 4318539.693, 65
Trd, 4318539.843, 84
Trd, 4318540.643, 98
Trd, 4318541.393, 61
Trd, 4318541.993, 68
Trd, 4318542.743, 105
Trd, 4318543.743, 115
Trd, 4318543.843, 103
Trd, 4318544.243, 138
Trd, 4318544.593, 101
Trd, 4318545.343, 97
Trd, 4318547.043, 131
Trd, 4318547.193, 123
Trd, 4318547.593, 85
Trd, 4318548.493, 116
Trd, 4318549.693, 99
Trd, 4318550.043, 99
Trd, 4318550.093, 98
Trd, 4318550.843, 71
Trd, 4318552.143, 67
Trd, 4318552.943, 60
Trd, 4318554.093, 62
Trd, 4318554.943, 73
Trd, 4318555.343, 72
Trd, 4318555.593, 76
Trd, 4318556.043, 67
Trd, 4318556.443, 78
Trd, 4318556.943, 78
Trd, 4318558.093, 96
Trd, 4318558.143, 100
Trd, 4318560.643, 62
Trd, 4318561.543, 62
Trd, 4318561.843, 61
Trd, 4318562.393, 67
Trd, 4318563.393, 61
Trd, 4318563.693, 62
Trd, 4318564.943, 84
Trd, 4318565.093, 122
Trd, 4318565.493, 133
Trd, 4318566.693, 66
Trd, 4318566.943, 66
Trd, 4318567.193, 63
Trd, 4318567.593, 66
Trd, 4318569.343, 71
Trd, 4318570.043, 95
Trd, 4318570.193, 83
Trd, 4318570.393, 99
Trd, 4318573.693, 61
Trd, 4318573.993, 62
Trd, 4318574.093, 64
Trd, 4318574.943, 67
Trd, 4318575.943, 70
Trd, 4318576.193, 76
Trd, 4318576.593, 83
Trd, 4318577.193, 79
Trd, 4318577.393, 77
Trd, 4318579.143, 116
Trd, 4318579.993, 129
Trd, 4318580.793, 91
Trd, 4318580.993, 91
Trd, 4318581.493, 125
Trd, 4318581.993, 98
Trd, 4318582.543, 98
Trd, 4318583.143, 90
Trd, 4318584.743, 99
Trd, 4318585.093, 113
Trd, 4318585.243, 75
Trd, 4318586.593, 98
Trd, 4318587.393, 85
Trd, 4318588.243, 135
Trd, 4318588.343, 135
Trd, 4318589.043, 72
Trd, 4318589.943, 72
Trd, 4318590.343, 128
Trd, 4318591.543, 126
Trd, 4318591.793, 125
Trd, 4318592.243, 105
Trd, 4318592.743, 91
Trd, 4318593.443, 68
Trd, 4318593.843, 68
Trd, 4318594.993, 60
Trd, 4318595.643, 96
Trd, 4318596.343, 86
Trd, 4318596.693, 122
Trd, 4318597.543, 101
Trd, 4318597.843, 65
Trd, 4318599.693, 62
Trd, 4318600.693, 68
Trd, 4318602.143, 60
Trd, 4318604.743, 60
Trd, 4318605.043, 61
Trd, 4318605.343, 77
Trd, 4318606.143, 89
Trd, 4318606.493, 61
Trd, 4318607.393, 61
Trd, 4318607.493, 61
Trd, 4318608.693, 61
Trd, 4318609.043, 60
Trd, 4318609.393, 67
Trd, 4318610.743, 81
Trd, 4318611.643, 109
Trd, 4318611.743, 92
Trd, 4318611.843, 82
Trd, 4318613.693, 103
Trd, 4318614.243, 123
Trd, 4318615.593, 118
Trd, 4318615.943, 116
Trd, 4318616.043, 109
Trd, 4318616.443, 98
Trd, 4318617.043, 97
Trd, 4318617.343, 94
Trd, 4318617.693, 134
Trd, 4318617.843, 91
Trd, 4318619.193, 136
Trd, 4318620.643, 110
Trd, 4318620.893, 103
Trd, 4318621.143, 89
Trd, 4318621.543, 81
Trd, 4318623.093, 65
Trd, 4318623.793, 97
Trd, 4318624.393, 128
Trd, 4318624.893, 62
Trd, 4318626.043, 94
Trd, 4318626.843, 116
Trd, 4318626.993, 117
Trd, 4318627.343, 113
Trd, 4318627.793, 113
Trd, 4318628.543, 96
Trd, 4318629.243, 96
Trd, 4318630.443, 135
Trd, 4318631.743, 133
Trd, 4318632.343, 133
Trd, 4318632.543, 130
Trd, 4318632.643, 114
Trd, 4318632.793, 113
Trd, 4318633.443, 97
Trd, 4318633.943, 132
Trd, 4318634.743, 132
Trd, 4318635.643, 130
Trd, 4318635.693, 120
Trd, 4318635.893, 82
Trd, 4318636.593, 85
Trd, 4318637.593, 74
Trd, 4318637.893, 66
Trd, 4318639.443, 63
Trd, 4318639.493, 68
Trd, 4318639.743, 80
Trd, 4318640.943, 90
Trd, 4318642.093, 65
Trd, 4318642.893, 109
Trd, 4318643.643, 117
Trd, 4318643.993, 107
Trd, 4318644.543, 100
Trd, 4318644.743, 98
Trd, 4318644.893, 91
Trd, 4318646.693, 113
Trd, 4318647.293, 120
Trd, 4318648.443, 65
Trd, 4318649.243, 60
Trd, 4318649.343, 69
Trd, 4318650.843, 78
Trd, 4318651.593, 85
Trd, 4318651.643, 85
Trd, 4318652.093, 124
Trd, 4318653.543, 78
Trd, 4318653.943, 72
Trd, 4318654.693, 114
Trd, 4318654.843, 114
Trd, 4318655.293, 99
Trd, 4318656.693, 97
Trd, 4318657.293, 86
Trd, 4318658.893, 123
Trd, 4318659.443, 125
Trd, 4318659.593, 123
Trd, 4318660.293, 121
Trd, 4318660.893, 139
Trd, 4318661.593, 85
Trd, 4318663.493, 126
Trd, 4318663.693, 120
Trd, 4318663.843, 120
Trd, 4318664.543, 101
Trd, 4318665.643, 125
Trd, 4318665.943, 78
Trd, 4318666.343, 75
Trd, 4318666.443, 68
Trd, 4318667.743, 72
Trd, 4318668.243, 102
Trd, 4318669.343, 130
Trd, 4318669.843, 133
Trd, 4318671.143, 107
Trd, 4318671.443, 110
Trd, 4318671.843, 138
Trd, 4318672.093, 137
Trd, 4318672.343, 75
Trd, 4318672.743, 60
Trd, 4318674.693, 60
Trd, 4318674.893, 70
Trd, 4318676.443, 132
Trd, 4318676.643, 131
Trd, 4318677.243, 125
Trd, 4318677.443, 111
Trd, 4318678.393, 60
Trd, 4318679.693, 60
Trd, 4318680.443, 70
Trd, 4318682.593, 63
Trd, 4318682.743, 69
Trd, 4318683.193, 75
Trd, 4318683.343, 73
Trd, 4318683.893, 125
Trd, 4318684.393, 140
Trd, 4318685.043, 70
Trd, 4318686.443, 102
Trd, 4318686.843, 115
Trd, 4318688.443, 137
Trd, 4318688.493, 135
Trd, 4318688.743, 106
Trd, 4318689.643, 90
Trd, 4318690.843, 90
Trd, 4318691.843, 86
Trd, 4318692.693, 106
Trd, 4318692.843, 76
Trd, 4318692.893, 65
Trd, 4318693.643, 62
Trd, 4318693.843, 102
Trd, 4318695.593, 65
Trd, 4318695.793, 78
Trd, 4318696.043, 133
Trd, 4318697.343, 63
Trd, 4318698.143, 62
Trd, 4318698.393, 61
Trd, 4318698.843, 71
Trd, 4318699.843, 60
Trd, 4318700.393, 63
Trd, 4318700.443, 72
Trd, 4318701.893, 85
Trd, 4318702.843, 84
Trd, 4318703.043, 70
Trd, 4318703.993, 111
Trd, 4318704.043, 70
Trd, 4318705.743, 119
Trd, 4318705.793, 118
Trd, 4318705.893, 108
Trd, 4318706.443, 65
Trd, 4318706.843, 64
Trd, 4318708.193, 63
Trd, 4318708.843, 66
Trd, 4318710.243, 109
Trd, 4318710.393, 128
Trd, 4318711.043, 111
Trd, 4318711.343, 112
Trd, 4318712.693, 64
Trd, 4318712.993, 86
Trd, 4318713.143, 61
Trd, 4318713.743, 136
Trd, 4318714.293, 137
Trd, 4318715.543, 137
Trd, 4318716.593, 107
Trd, 4318716.793, 88
Trd, 4318716.993, 87
Trd, 4318717.393, 125
Trd, 4318719.643, 136
Trd, 4318719.843, 128
Trd, 4318720.893, 127
Trd, 4318721.743, 119
Trd, 4318722.793, 107
Trd, 4318723.043, 99
Trd, 4318723.243, 71
Trd, 4318723.343, 96
Trd, 4318724.293, 132
Trd, 4318724.993, 121
Trd, 4318725.593, 120
Trd, 4318727.143, 131
Trd, 4318727.193, 123
Trd, 4318727.743, 117
Trd, 4318727.993, 107
Trd, 4318728.443, 65
Trd, 4318730.293, 65
Trd, 4318731.193, 83
Trd, 4318731.743, 67
Trd, 4318731.893, 63
Trd, 4318732.493, 83
Trd, 4318733.293, 108
Trd, 4318733.893, 70
Trd, 4318733.943, 69
Trd, 4318734.143, 68
Trd, 4318735.643, 70
Trd, 4318736.443, 118
Trd, 4318737.293, 116
Trd, 4318737.393, 116
Trd, 4318737.593, 107
Trd, 4318737.843, 90
Trd, 4318739.543, 131
Trd, 4318740.343, 80
Trd, 4318742.043, 73
Trd, 4318742.193, 72
Trd, 4318743.093, 70
Trd, 4318743.293, 70
Trd, 4318743.643, 105
Trd, 4318744.443, 107
Trd, 4318745.693, 116
Trd, 4318745.793, 111
Trd, 4318746.443, 104
Trd, 4318746.693, 97
Trd, 4318748.143, 85
Trd, 4318748.293, 82
Trd, 4318749.143, 90
Trd, 4318749.193, 89
Trd, 4318750.793, 128
Trd, 4318751.143, 120
Trd, 4318751.543, 96
Trd, 4318751.993, 66
Trd, 4318752.443, 62
Trd, 4318753.243, 68
Trd, 4318754.093, 62
Trd, 4318755.143, 63
Trd, 4318755.793, 100
Trd, 4318758.993, 138
Trd, 4318759.043, 126
Trd, 4318759.593, 123
Trd, 4318760.293, 140
Trd, 4318760.393, 124
Trd, 4318761.393, 108
Trd, 4318761.493, 89
Trd, 4318762.193, 63
Trd, 4318763.143, 70
Trd, 4318765.243, 81
Trd, 4318765.343, 129
Trd, 4318765.793, 98
Trd, 4318766.043, 81
Trd, 4318766.543, 128
Trd, 4318767.093, 71
Trd, 4318768.593, 75
Trd, 4318768.893, 72
Trd, 4318769.393, 71
Trd, 4318771.343, 123
Trd, 4318771.493, 111
Trd, 4318772.343, 137
Trd, 4318773.293, 119
Trd, 4318774.043, 97
Trd, 4318774.393, 89
Trd, 4318774.743, 73
Trd, 4318775.243, 104
Trd, 4318776.293, 68
Trd, 4318778.243, 60
Trd, 4318778.893, 61
Trd, 4318779.293, 60
Trd, 4318779.443, 61
Trd, 4318780.393, 61
Trd, 4318781.443, 60
Trd, 4318781.743, 63
Trd, 4318783.993, 61
Trd, 4318784.043, 69
Trd, 4318785.043, 63
Trd, 4318786.443, 78
Trd, 4318786.593, 60
Trd, 4318786.643, 60
Trd, 4318786.993, 134
Trd, 4318787.493, 101
Trd, 4318788.943, 140
Trd, 4318789.893, 111
Trd, 4318790.393, 90
Trd, 4318791.493, 60
Trd, 4318793.043, 66
Trd, 4318793.943, 78
Trd, 4318794.643, 130
Trd, 4318794.893, 80
Trd, 4318794.993, 78
Trd, 4318795.693, 133
Trd, 4318795.943, 131
Trd, 4318796.843, 123
Trd, 4318797.143, 118
Trd, 4318797.843, 107
Trd, 4318798.743, 111
Trd, 4318798.943, 107
Trd, 4318800.093, 137
Trd, 4318800.543, 81
Trd, 4318801.293, 93
Trd, 4318802.393, 94
Trd, 4318803.293, 94
Trd, 4318803.343, 86
Trd, 4318804.043, 137
Trd, 4318804.143, 136
Trd, 4318806.343, 121
Trd, 4318806.543, 131
Trd, 4318806.643, 119
Trd, 4318806.943, 127
Trd, 4318807.293, 126
Trd, 4318807.643, 103
Trd, 4318808.643, 104
Trd, 4318809.643, 112
Trd, 4318810.293, 63
Trd, 4318811.043, 74
Trd, 4318811.643, 73
Trd, 4318812.143, 96
Trd, 4318812.643, 99
Trd, 4318813.393, 94
Trd, 4318814.143, 94
Trd, 4318814.293, 93
Trd, 4318815.093, 110
Trd, 4318815.143, 78
Trd, 4318815.943, 115
Trd, 4318818.093, 111
Trd, 4318818.593, 105
Trd, 4318819.093, 80
Trd, 4318820.043, 77
Trd, 4318820.593, 119
Trd, 4318821.243, 76
Trd, 4318821.893, 117
Trd, 4318822.393, 97
Trd, 4318822.943, 89
Trd, 4318823.743, 95
Trd, 4318825.193, 84
Trd, 4318825.893, 81
Trd, 4318825.943, 81
Trd, 4318827.543, 135
Trd, 4318828.193, 118
Trd, 4318828.793, 107
Trd, 4318829.743, 120
Trd, 4318830.093, 120
Trd, 4318830.393, 96
Trd, 4318831.093, 133
Trd, 4318831.743, 133
Trd, 4318832.043, 131
Trd, 4318832.143, 121
Trd, 4318834.193, 61
Trd, 4318834.693, 62
Trd, 4318835.093, 67
Trd, 4318837.093, 69
Trd, 4318837.293, 75
Trd, 4318838.043, 88
Trd, 4318838.343, 72
Trd, 4318839.093, 119
Trd, 4318839.293, 103
Trd, 4318839.443, 94
Trd, 4318840.043, 70
Trd, 4318841.993, 97
Trd, 4318843.443, 107
Trd, 4318843.593, 98
Trd, 4318844.093, 96
Trd, 4318844.443, 88
Trd, 4318845.243, 139
Trd, 4318845.343, 88
Trd, 4318845.593, 95
Trd, 4318846.143, 117
Trd, 4318848.093, 63
Trd, 4318848.143, 63
Trd, 4318848.593, 86
Trd, 4318851.043, 88
Trd, 4318851.193, 107
Trd, 4318851.343, 106
Trd, 4318852.043, 75
Trd, 4318852.943, 76
Trd, 4318854.943, 134
Trd, 4318855.043, 133
Trd, 4318856.043, 120
Trd, 4318856.593, 118
Trd, 4318856.643, 99
Trd, 4318857.393, 88
Trd, 4318857.543, 107
Trd, 4318859.143, 101
Trd, 4318861.043, 116
Trd, 4318861.193, 113
Trd, 4318861.693, 101
Trd, 4318861.893, 100
Trd, 4318862.793, 90
Trd, 4318862.843, 89
Trd, 4318863.193, 61
Trd, 4318863.493, 126
Trd, 4318863.743, 71
Trd, 4318865.043, 125
Trd, 4318866.393, 123
Trd, 4318866.893, 121
Trd, 4318867.593, 120
Trd, 4318869.043, 121
Trd, 4318869.193, 120
Trd, 4318869.493, 113
Trd, 4318870.293, 81
Trd, 4318870.943, 60
Trd, 4318871.793, 81
Trd, 4318871.993, 84
Trd, 4318873.243, 62
Trd, 4318875.143, 75
Trd, 4318875.843, 114
Trd, 4318877.043, 83
Trd, 4318877.093, 69
Trd, 4318878.143, 87
Trd, 4318878.443, 133
Trd, 4318878.743, 88
Trd, 4318879.043, 117
Trd, 4318879.543, 131
Trd, 4318879.893, 136
Trd, 4318881.643, 75
Trd, 4318883.593, 60
Trd, 4318884.343, 62
Trd, 4318885.493, 60
Trd, 4318886.043, 62
Trd, 4318886.893, 62
Trd, 4318886.993, 60
Trd, 4318887.793, 65
Trd, 4318888.043, 61
Trd, 4318888.493, 63
Trd, 4318889.343, 78
Trd, 4318890.643, 102
Trd, 4318891.143, 117
Trd, 4318892.443, 119
Trd, 4318892.593, 99
Trd, 4318892.743, 79
Trd, 4318893.893, 126
Trd, 4318894.793, 62
Trd, 4318894.993, 86
Trd, 4318895.893, 127
Trd, 4318896.043, 127
Trd, 4318896.343, 126
Trd, 4318896.593, 75
Trd, 4318897.593, 99
Trd, 4318898.143, 63
Trd, 4318898.893, 64
Trd, 4318900.143, 61
Trd, 4318901.393, 86
Trd, 4318901.793, 85
Trd, 4318901.993, 83
Trd, 4318902.243, 87
Trd, 4318903.193, 69
Trd, 4318904.443, 61
Trd, 4318904.843, 94
Trd, 4318906.243, 63
Trd, 4318906.593, 106
Trd, 4318906.893, 100
Trd, 4318908.443, 60
Trd, 4318909.193, 71
Trd, 4318909.593, 133
Trd, 4318909.693, 133
Trd, 4318910.193, 121
Trd, 4318910.943, 120
Trd, 4318910.993, 119
Trd, 4318913.393, 104
Trd, 4318914.343, 122
Trd, 4318914.443, 112
Trd, 4318914.493, 87
Trd, 4318914.643, 85
Trd, 4318916.143, 74
Trd, 4318916.543, 72
Trd, 4318917.793, 138
Trd, 4318918.293, 131
Trd, 4318919.693, 98
Trd, 4318919.893, 102
Trd, 4318919.993, 95
Trd, 4318920.543, 94
Trd, 4318920.743, 87
Trd, 4318921.743, 86
Trd, 4318921.893, 68
Trd, 4318923.193, 139
Trd, 4318924.443, 119
Trd, 4318924.643, 98
Trd, 4318925.893, 89
Trd, 4318926.643, 103
Trd, 4318926.993, 91
Trd, 4318928.193, 90
Trd, 4318930.743, 107
Trd, 4318930.793, 101
Trd, 4318932.343, 134
Trd, 4318932.543, 89
Trd, 4318933.443, 107
Trd, 4318933.493, 96
Trd, 4318933.993, 105
Trd, 4318936.093, 60
Trd, 4318936.443, 65
Trd, 4318936.493, 70
Trd, 4318937.043, 64
Trd, 4318937.293, 61
Trd, 4318938.443, 93
Trd, 4318939.693, 68
Trd, 4318940.243, 96
Trd, 4318940.993, 64
Trd, 4318942.243, 61
Trd, 4318944.893, 67
Trd, 4318944.993, 67
Trd, 4318945.393, 69
Trd, 4318946.393, 60
Trd, 4318946.693, 106
Trd, 4318947.743, 138
Trd, 4318947.993, 137
Trd, 4318948.493, 73
Trd, 4318949.543, 122
Trd, 4318949.893, 91
Trd, 4318950.343, 84
Trd, 4318951.343, 104
Trd, 4318952.393, 98
Trd, 4318952.593, 98
Trd, 4318954.493, 76
Trd, 4318954.543, 104
Trd, 4318954.743, 76
Trd, 4318955.393, 117
Trd, 4318956.593, 112
Trd, 4318957.043, 115
Trd, 4318958.043, 132
Trd, 4318958.493, 132
Trd, 4318959.093, 131
Trd, 4318959.243, 119
Trd, 4318959.543, 76
Trd, 4318960.943, 130
Trd, 4318960.993, 117
Trd, 4318961.793, 97
Trd, 4318962.693, 110
Trd, 4318963.443, 101
Trd, 4318963.543, 92
Trd, 4318963.943, 97
Trd, 4318964.443, 135
Trd, 4318965.293, 97
Trd, 4318965.643, 96
Trd, 4318966.393, 90
Trd, 4318967.393, 66
Trd, 4318967.843, 81
Trd, 4318968.743, 103
Trd, 4318968.843, 102
Trd, 4318970.043, 112
Trd, 4318970.393, 91
Trd, 4318970.793, 105
Trd, 4318970.943, 91
Trd, 4318971.243, 62
Trd, 4318972.693, 92
Trd, 4318973.793, 84
Trd, 4318974.693, 83
Trd, 4318974.943, 82
Trd, 4318975.343, 69
Trd, 4318975.443, 99
Trd, 4318975.843, 95
Trd, 4318976.543, 95
Trd, 4318977.243, 60
Trd, 4318977.593, 100
Trd, 4318977.743, 100
Trd, 4318980.043, 67
Trd, 4318980.943, 60
Trd, 4318982.293, 127
Trd, 4318982.493, 116
Trd, 4318982.643, 79
Trd, 4318982.993, 79
Trd, 4318984.393, 126
Trd, 4318984.743, 126
Trd, 4318984.793, 114
Trd, 4318984.893, 110
Trd, 4318985.543, 128
Trd, 4318985.843, 96
Trd, 4318987.643, 93
Trd, 4318987.993, 93
Trd, 4318988.643, 92
Trd, 4318989.343, 60
Trd, 4318989.893, 114
Trd, 4318990.243, 136
Trd, 4318990.743, 81
Trd, 4318992.093, 124
Trd, 4318993.493, 98
Trd, 4318995.393, 101
Trd, 4318995.543, 101
Trd, 4318995.793, 122
Trd, 4318995.993, 115
Trd, 4318996.493, 100
Trd, 4318996.793, 92
Trd, 4318997.793, 102
Trd, 4318998.293, 120
Trd, 4318998.943, 90
Trd, 4318999.243, 90
Trd, 4318999.743, 99
Trd, 4318999.993, 131
Trd, 4319001.243, 102
Trd, 4319001.743, 101
Trd, 4319002.343, 98
Trd, 4319002.443, 97
Trd, 4319003.443, 92
Trd, 4319005.193, 119
Trd, 4319005.293, 93
Trd, 4319005.793, 92
Trd, 4319007.093, 100
Trd, 4319008.093, 91
Trd, 4319009.493, 94
Trd, 4319010.443, 94
Trd, 4319010.943, 129
Trd, 4319011.293, 139
Trd, 4319012.193, 117
Trd, 4319013.093, 116
Trd, 4319013.593, 114
Trd, 4319014.943, 97
Trd, 4319015.193, 83
Trd, 4319016.093, 111
Trd, 4319016.493, 103
Trd, 4319016.693, 94
Trd, 4319017.543, 96
Trd, 4319018.393, 124
Trd, 4319018.893, 99
Trd, 4319020.343, 81
Trd, 4319020.543, 73
Trd, 4319021.043, 75
Trd, 4319022.793, 139
Trd, 4319022.893, 139
Trd, 4319022.943, 138
Trd, 4319023.143, 66
Trd, 4319023.443, 65
Trd, 4319024.093, 96
Trd, 4319025.393, 64
Trd, 4319025.593, 63
Trd, 4319025.793, 102
Trd, 4319027.593, 140
Trd, 4319028.743, 128
Trd, 4319028.843, 126
Trd, 4319029.093, 121
Trd, 4319029.193, 121
Trd, 4319031.093, 61
Trd, 4319031.493, 65
Trd, 4319032.943, 60
Trd, 4319034.143, 60
Trd, 4319034.793, 61
Trd, 4319035.243, 61
Trd, 4319035.743, 69
Trd, 4319035.793, 78
Trd, 4319037.693, 95
Trd, 4319038.093, 103
Trd, 4319039.093, 83
Trd, 4319039.943, 109
Trd, 4319040.593, 107
Trd, 4319041.393, 90
Trd, 4319042.043, 87
Trd, 4319042.493, 103
Trd, 4319042.843, 79
Trd, 4319043.743, 140
Trd, 4319044.193, 140
Trd, 4319044.343, 115
Trd, 4319045.243, 87
Trd, 4319045.743, 74
Trd, 4319045.943, 118
Trd, 4319046.643, 66
Trd, 4319048.343, 63
Trd, 4319050.043, 60
Trd, 4319050.693, 63
Trd, 4319051.143, 67
Trd, 4319051.843, 67
Trd, 4319052.043, 66
Trd, 4319052.393, 66
Trd, 4319052.593, 68
Trd, 4319054.493, 69
Trd, 4319055.093, 68
Trd, 4319055.243, 66
Trd, 4319056.143, 125
Trd, 4319057.443, 61
Trd, 4319057.843, 71
Trd, 4319058.143, 61
Trd, 4319059.143, 136
Trd, 4319059.193, 136
Trd, 4319059.393, 114
Trd, 4319059.443, 108
Trd, 4319061.593, 60
Trd, 4319062.293, 63
Trd, 4319063.393, 60
Trd, 4319063.943, 61
Trd, 4319065.043, 63
Trd, 4319065.243, 65
Trd, 4319065.843, 61
Trd, 4319065.993, 62
Trd, 4319066.543, 69
Trd, 4319067.193, 122
Trd, 4319067.393, 122
Trd, 4319067.893, 113
Trd, 4319068.593, 62
Trd, 4319069.793, 137
Trd, 4319071.193, 112
Trd, 4319071.993, 85
Trd, 4319072.443, 98
Trd, 4319073.293, 128
Trd, 4319073.893, 114
Trd, 4319074.393, 89
Trd, 4319075.043, 81
Trd, 4319076.293, 90
Trd, 4319077.193, 106
Trd, 4319077.293, 120
Trd, 4319077.993, 99
Trd, 4319078.943, 99
Trd, 4319079.893, 98
Trd, 4319080.143, 76
Trd, 4319080.543, 74
Trd, 4319080.943, 110
Trd, 4319081.843, 68
Trd, 4319082.543, 85
Trd, 4319082.793, 60
Trd, 4319084.093, 65
Trd, 4319085.443, 65
Trd, 4319086.393, 65
Trd, 4319086.493, 69
Trd, 4319086.643, 64
Trd, 4319086.943, 75
Trd, 4319087.593, 112
Trd, 4319089.193, 99
Trd, 4319090.093, 114
Trd, 4319090.293, 89
Trd, 4319090.543, 84
Trd, 4319091.593, 95
Trd, 4319092.043, 94
Trd, 4319092.743, 94
Trd, 4319092.943, 92
Trd, 4319093.643, 131
Trd, 4319093.893, 111
Trd, 4319095.193, 110
Trd, 4319095.293, 109
Trd, 4319095.893, 125
Trd, 4319096.093, 103
Trd, 4319097.043, 103
Trd, 4319098.843, 138
Trd, 4319099.043, 107
Trd, 4319099.293, 107
Trd, 4319099.843, 105
Trd, 4319099.943, 82
Trd, 4319101.143, 62
Trd, 4319102.243, 61
Trd, 4319102.293, 106
Trd, 4319102.993, 61
Trd, 4319103.643, 60
Trd, 4319105.243, 69
Trd, 4319105.843, 70
Trd, 4319105.893, 88
Trd, 4319106.293, 71
Trd, 4319106.893, 60
Trd, 4319108.543, 62
Trd, 4319109.643, 62
Trd, 4319110.093, 60
Trd, 4319110.393, 60
Trd, 4319111.143, 71
Trd, 4319112.693, 70
Trd, 4319113.093, 65
Trd, 4319113.293, 76
Trd, 4319113.693, 84
Trd, 4319113.793, 118
Trd, 4319114.593, 77
Trd, 4319115.293, 69
Trd, 4319116.443, 79
Trd, 4319116.643, 71
Trd, 4319116.743, 106
Trd, 4319118.193, 79
Trd, 4319119.143, 71
Trd, 4319119.543, 72
Trd, 4319119.593, 75
Trd, 4319121.143, 99
Trd, 4319121.493, 111
Trd, 4319121.793, 104
Trd, 4319123.493, 118
Trd, 4319123.993, 114
Trd, 4319124.493, 104
Trd, 4319125.043, 100
Trd, 4319125.893, 62
Trd, 4319127.793, 111
Trd, 4319128.193, 101
Trd, 4319128.893, 116
Trd, 4319128.943, 115
Trd, 4319130.393, 136
Trd, 4319131.693, 115
Trd, 4319131.943, 113
Trd, 4319131.993, 111
Trd, 4319132.493, 121
Trd, 4319132.593, 92
Trd, 4319134.893, 130
Trd, 4319135.293, 124
Trd, 4319135.393, 115
Trd, 4319136.093, 104
Trd, 4319136.643, 131
Trd, 4319138.543, 120
Trd, 4319139.043, 118
Trd, 4319139.343, 117
Trd, 4319139.493, 108
Trd, 4319139.893, 96
Trd, 4319140.193, 79
Trd, 4319140.593, 124
Trd, 4319142.543, 60
Trd, 4319142.993, 62
Trd, 4319143.043, 74
Trd, 4319144.193, 82
Trd, 4319144.893, 82
Trd, 4319145.993, 112
Trd, 4319146.743, 78
Trd, 4319146.893, 122
Trd, 4319147.443, 78
Trd, 4319148.843, 124
Trd, 4319150.143, 124
Trd, 4319150.293, 124
Trd, 4319150.743, 117
Trd, 4319152.843, 122
Trd, 4319152.943, 101
Trd, 4319153.843, 102
Trd, 4319153.943, 87
Trd, 4319154.893, 80
Trd, 4319155.493, 80
Trd, 4319156.493, 103
Trd, 4319156.993, 84
Trd, 4319157.093, 72
Trd, 4319158.143, 62
Trd, 4319158.493, 76
Trd, 4319158.793, 64
Trd, 4319160.843, 140
Trd, 4319162.143, 110
Trd, 4319162.893, 109
Trd, 4319163.043, 108
Trd, 4319163.943, 83
Trd, 4319164.243, 89
Trd, 4319164.293, 69
Trd, 4319165.643, 60
Trd, 4319168.043, 60
Trd, 4319168.543, 61
Trd, 4319168.993, 63
Trd, 4319169.493, 63
Trd, 4319169.993, 64
Trd, 4319171.143, 139
Trd, 4319171.793, 131
Trd, 4319172.743, 112
Trd, 4319173.943, 103
Trd, 4319174.543, 107
Trd, 4319176.743, 87
Trd, 4319177.243, 75
Trd, 4319177.643, 72
Trd, 4319178.993, 78
Trd, 4319179.343, 78
Trd, 4319179.993, 95
Trd, 4319180.543, 138
Trd, 4319180.743, 138
Trd, 4319181.593, 118
Trd, 4319181.793, 97
Trd, 4319181.943, 80
Trd, 4319183.343, 69
Trd, 4319184.693, 65
Trd, 4319186.343, 60
Trd, 4319187.343, 61
Trd, 4319187.793, 69
Trd, 4319188.493, 77
Trd, 4319188.893, 64
Trd, 4319189.743, 105
Trd, 4319189.843, 104
Trd, 4319190.293, 103
Trd, 4319190.343, 95
Trd, 4319191.543, 131
Trd, 4319191.943, 134
Trd, 4319192.893, 131
Trd, 4319195.243, 113
Trd, 4319195.343, 112
Trd, 4319195.443, 78
Trd, 4319195.543, 78
Trd, 4319196.843, 110
Trd, 4319197.343, 108
Trd, 4319198.893, 101
Trd, 4319199.793, 116
Trd, 4319200.093, 117
Trd, 4319200.493, 100
Trd, 4319200.593, 100
Trd, 4319201.493, 99
Trd, 4319202.443, 131
Trd, 4319203.043, 121
Trd, 4319203.343, 100
Trd, 4319203.893, 99
Trd, 4319204.743, 126
Trd, 4319205.893, 90
Trd, 4319208.143, 113
Trd, 4319208.493, 111
Trd, 4319208.593, 88
Trd, 4319208.693, 114
Trd, 4319209.793, 78
Trd, 4319210.193, 63
Trd, 4319210.593, 108
Trd, 4319211.043, 124
Trd, 4319211.143, 88
Trd, 4319211.693, 82
Trd, 4319213.443, 88
Trd, 4319214.243, 115
Trd, 4319214.343, 88
Trd, 4319214.543, 88
Trd, 4319215.293, 129
Trd, 4319216.093, 104
Trd, 4319217.243, 91
Trd, 4319218.543, 82
Trd, 4319218.643, 82
Trd, 4319219.293, 71
Trd, 4319219.743, 139
Trd, 4319220.593, 108
Trd, 4319221.143, 80
Trd, 4319222.793, 127
Trd, 4319223.193, 103
Trd, 4319223.393, 101
Trd, 4319224.043, 92
Trd, 4319225.343, 93
Trd, 4319225.443, 72
Trd, 4319225.743, 60
Trd, 4319227.093, 61
Trd, 4319227.443, 65
Trd, 4319228.493, 84
Trd, 4319229.243, 85
Trd, 4319229.843, 76
Trd, 4319230.893, 79
Trd, 4319230.943, 65
Trd, 4319232.093, 126
Trd, 4319232.843, 85
Trd, 4319234.093, 112
Trd, 4319235.343, 119
Trd, 4319235.793, 117
Trd, 4319236.343, 130
Trd, 4319236.693, 117
Trd, 4319237.493, 113
Trd, 4319238.793, 103
Trd, 4319238.993, 98
Trd, 4319239.693, 85
Trd, 4319240.243, 108
Trd, 4319240.343, 93
Trd, 4319240.593, 85
Trd, 4319240.943, 124
Trd, 4319241.693, 100
Trd, 4319242.293, 108
Trd, 4319245.143, 61
Trd, 4319245.293, 62
Trd, 4319245.643, 77
Trd, 4319246.043, 67
Trd, 4319247.143, 68
Trd, 4319248.043, 68
Trd, 4319248.693, 65
Trd, 4319249.193, 67
Trd, 4319249.343, 66
Trd, 4319249.693, 65
Trd, 4319251.993, 120
Trd, 4319252.043, 107
Trd, 4319253.193, 77
Trd, 4319254.043, 68
Trd, 4319254.793, 83
Trd, 4319255.143, 72
Trd, 4319255.543, 91
Trd, 4319255.743, 72
Trd, 4319258.193, 128
Trd, 4319258.293, 117
Trd, 4319258.343, 69
Trd, 4319260.793, 63
Trd, 4319261.493, 62
Trd, 4319261.543, 68
Trd, 4319261.793, 62
Trd, 4319262.693, 71
Trd, 4319264.143, 73
Trd, 4319264.243, 73
Trd, 4319264.793, 107
Trd, 4319266.143, 60
Trd, 4319266.193, 63
Trd, 4319266.343, 62
Trd, 4319267.443, 67
Trd, 4319267.543, 65
Trd, 4319267.693, 82
Trd, 4319269.043, 127
Trd, 4319269.793, 106
Trd, 4319270.293, 108
Trd, 4319270.593, 108
Trd, 4319272.493, 109
Trd, 4319272.993, 108
Trd, 4319273.443, 140
Trd, 4319274.243, 108
Trd, 4319274.343, 103
Trd, 4319274.993, 134
Trd, 4319275.293, 134
Trd, 4319275.493, 111
Trd, 4319277.743, 60
Trd, 4319278.193, 62
Trd, 4319278.843, 77
Trd, 4319279.093, 76
Trd, 4319281.093, 60
Trd, 4319281.393, 60
Trd, 4319284.593, 64
Trd, 4319284.643, 63
Trd, 4319285.343, 70
Trd, 4319285.843, 64
Trd, 4319286.643, 67
Trd, 4319286.743, 91
Trd, 4319287.643, 69
Trd, 4319287.893, 63
Trd, 4319290.493, 60
Trd, 4319290.743, 60
Trd, 4319290.843, 63
Trd, 4319291.443, 65
Trd, 4319292.243, 62
Trd, 4319292.493, 65
Trd, 4319293.993, 69
Trd, 4319294.143, 68
Trd, 4319295.093, 62
Trd, 4319295.193, 79
Trd, 4319295.993, 128
Trd, 4319297.543, 60
Trd, 4319297.693, 64
Trd, 4319298.143, 70
Trd, 4319299.493, 62
Trd, 4319299.993, 63
Trd, 4319301.793, 82
Trd, 4319301.993, 81
Trd, 4319302.443, 80
Trd, 4319304.493, 97
Trd, 4319304.543, 119
Trd, 4319305.543, 110
Trd, 4319305.743, 105
Trd, 4319306.243, 95
Trd, 4319307.043, 93
Trd, 4319307.643, 93
Trd, 4319308.593, 100
Trd, 4319308.643, 65
Trd, 4319309.693, 135
Trd, 4319309.893, 135
Trd, 4319310.443, 134
Trd, 4319310.893, 136
Trd, 4319312.193, 135
Trd, 4319312.543, 115
Trd, 4319312.793, 106
Trd, 4319313.493, 84
Trd, 4319315.443, 117
Trd, 4319315.843, 103
Trd, 4319316.043, 140
Trd, 4319317.493, 131
Trd, 4319317.743, 97
Trd, 4319317.943, 90
Trd, 4319320.193, 140
Trd, 4319320.893, 113
Trd, 4319321.543, 103
Trd, 4319322.143, 101
Trd, 4319322.943, 98
Trd, 4319323.043, 94
Trd, 4319323.293, 94
Trd, 4319323.693, 94
Trd, 4319323.743, 83
Trd, 4319324.643, 101
Trd, 4319324.993, 82
Trd, 4319326.293, 124
Trd, 4319326.893, 71
Trd, 4319327.193, 96
Trd, 4319327.393, 72
Trd, 4319328.193, 73
Trd, 4319329.043, 85
Trd, 4319330.043, 105
Trd, 4319330.393, 106
Trd, 4319331.743, 105
Trd, 4319332.993, 103
Trd, 4319333.393, 97
Trd, 4319333.843, 113
Trd, 4319333.993, 81
Trd, 4319334.293, 72
Trd, 4319335.193, 65
Trd, 4319335.993, 60
Trd, 4319336.093, 70
Trd, 4319336.543, 68
Trd, 4319337.693, 63
Trd, 4319337.943, 64
Trd, 4319340.843, 60
Trd, 4319340.943, 70
Trd, 4319341.293, 69
Trd, 4319342.643, 69
Trd, 4319342.943, 60
Trd, 4319343.243, 140
Trd, 4319345.193, 133
Trd, 4319345.743, 133
Trd, 4319345.993, 133
Trd, 4319346.743, 132
Trd, 4319347.193, 120
Trd, 4319347.393, 112
Trd, 4319348.193, 92
Trd, 4319348.493, 91
Trd, 4319349.393, 121
Trd, 4319349.893, 104
Trd, 4319350.493, 133
Trd, 4319350.793, 100
Trd, 4319352.043, 136
Trd, 4319352.443, 124
Trd, 4319353.293, 99
Trd, 4319354.443, 134
Trd, 4319354.793, 97
Trd, 4319355.593, 63
Trd, 4319356.543, 69
Trd, 4319356.893, 125
Trd, 4319358.443, 130
Trd, 4319358.493, 129
Trd, 4319359.343, 109
Trd, 4319360.093, 120
Trd, 4319360.743, 108
Trd, 4319361.093, 100
Trd, 4319362.243, 98
Trd, 4319362.693, 97
Trd, 4319362.743, 91
Trd, 4319364.393, 79
Trd, 4319364.793, 67
Trd, 4319364.993, 83
Trd, 4319366.393, 81
Trd, 4319366.793, 82
Trd, 4319366.993, 114
Trd, 4319368.293, 80
Trd, 4319368.443, 81
Trd, 4319369.193, 81
Trd, 4319369.243, 81
Trd, 4319369.993, 94
Trd, 4319370.243, 85
Trd, 4319371.693, 130
Trd, 4319372.793, 92
Trd, 4319373.093, 81
Trd, 4319374.593, 61
Trd, 4319374.943, 69
Trd, 4319375.093, 86
Trd, 4319375.993, 92
Trd, 4319376.593, 88
Trd, 4319377.693, 99
Trd, 4319378.343, 98
Trd, 4319378.743, 137
Trd, 4319379.543, 94
Trd, 4319379.643, 94
Trd, 4319379.743, 88
Trd, 4319380.893, 67
Trd, 4319381.093, 90
Trd, 4319382.293, 98
Trd, 4319383.343, 95
Trd, 4319385.093, 102
Trd, 4319385.343, 95
Trd, 4319385.443, 87
Trd, 4319385.593, 109
Trd, 4319386.743, 113
Trd, 4319387.343, 100
Trd, 4319388.693, 137
Trd, 4319389.293, 122
Trd, 4319390.093, 118
Trd, 4319391.093, 139
Trd, 4319391.393, 120
Trd, 4319392.843, 116
Trd, 4319393.343, 116
Trd, 4319393.593, 115
Trd, 4319394.143, 113
Trd, 4319394.243, 111
Trd, 4319394.993, 74
Trd, 4319395.593, 109
Trd, 4319396.843, 126
Trd, 4319397.143, 108
Trd, 4319397.293, 102
Trd, 4319399.643, 137
Trd, 4319400.693, 127
Trd, 4319400.793, 122
Trd, 4319400.893, 118
Trd, 4319401.343, 118
Trd, 4319401.743, 116
Trd, 4319402.093, 109
Trd, 4319403.393, 135
Trd, 4319403.543, 110
Trd, 4319404.293, 107
Trd, 4319404.693, 112
Trd, 4319405.143, 75
Trd, 4319405.293, 71
Trd, 4319405.493, 76
Trd, 4319405.743, 86
Trd, 4319408.343, 136
Trd, 4319408.993, 136
Trd, 4319409.243, 109
Trd, 4319410.243, 121
Trd, 4319410.343, 120
Trd, 4319411.493, 107
Trd, 4319412.293, 107
Trd, 4319412.593, 106
Trd, 4319413.293, 90
Trd, 4319413.643, 69
Trd, 4319414.543, 60
Trd, 4319415.393, 136
Trd, 4319415.743, 135
Trd, 4319416.943, 114
Trd, 4319417.743, 113
Trd, 4319418.193, 127
Trd, 4319419.143, 102
Trd, 4319419.993, 112
Trd, 4319421.443, 94
Trd, 4319421.793, 82
Trd, 4319422.043, 71
Trd, 4319422.143, 134
Trd, 4319422.943, 72
Trd, 4319423.643, 73
Trd, 4319424.193, 137
Trd, 4319425.193, 75
Trd, 4319425.243, 113
Trd, 4319426.143, 80
Trd, 4319426.343, 80
Trd, 4319427.243, 117
Trd, 4319427.793, 116
Trd, 4319428.893, 83
Trd, 4319428.943, 71
Trd, 4319429.243, 69
Trd, 4319430.443, 137
Trd, 4319430.593, 129
Trd, 4319431.793, 127
Trd, 4319432.243, 125
Trd, 4319432.893, 65
Trd, 4319435.543, 106
Trd, 4319435.643, 101
Trd, 4319435.793, 121
Trd, 4319436.893, 126
Trd, 4319437.543, 92
Trd, 4319437.743, 92
Trd, 4319438.093, 70
Trd, 4319438.743, 63
Trd, 4319438.893, 134
Trd, 4319439.843, 79
Trd, 4319440.643, 67
Trd, 4319441.993, 62
Trd, 4319442.343, 60
Trd, 4319443.543, 73
Trd, 4319443.793, 116
Trd, 4319444.493, 107
Trd, 4319444.893, 84
Trd, 4319445.743, 60
Trd, 4319447.143, 62
Trd, 4319447.393, 63
Trd, 4319448.143, 61
Trd, 4319448.193, 62
Trd, 4319449.993, 61
Trd, 4319451.193, 66
Trd, 4319451.943, 60
Trd, 4319452.443, 60
Trd, 4319453.893, 63
Trd, 4319454.293, 63
Trd, 4319455.593, 85
Trd, 4319456.193, 82
Trd, 4319456.793, 137
Trd, 4319457.593, 121
Trd, 4319458.493, 121
Trd, 4319458.643, 117
Trd, 4319459.293, 83
Trd, 4319459.843, 128
Trd, 4319461.793, 140
Trd, 4319462.443, 139
Trd, 4319463.993, 133
Trd, 4319464.343, 133
Trd, 4319464.643, 130
Trd, 4319465.093, 119
Trd, 4319465.943, 115
Trd, 4319466.293, 115
Trd, 4319466.643, 92
Trd, 4319467.243, 133
Trd, 4319467.693, 79
Trd, 4319468.893, 78
Trd, 4319469.743, 118
Trd, 4319470.593, 130
Trd, 4319470.643, 122
Trd, 4319471.343, 70
Trd, 4319472.843, 79
Trd, 4319473.093, 65
Trd, 4319473.443, 62
Trd, 4319474.193, 75
Trd, 4319475.243, 120
Trd, 4319476.393, 73
Trd, 4319477.493, 103
Trd, 4319477.543, 77
Trd, 4319478.393, 111
Trd, 4319479.193, 74
Trd, 4319479.543, 73
Trd, 4319480.893, 139
Trd, 4319481.643, 135
Trd, 4319481.693, 134
Trd, 4319482.843, 119
Trd, 4319482.893, 75
Trd, 4319483.543, 64
Trd, 4319483.943, 73
Trd, 4319484.743, 63
Trd, 4319485.343, 102
Trd, 4319485.443, 102
Trd, 4319486.093, 80
Trd, 4319486.443, 76
Trd, 4319487.893, 60
Trd, 4319489.293, 93
Trd, 4319490.093, 140
Trd, 4319490.593, 113
Trd, 4319490.693, 112
Trd, 4319492.393, 133
Trd, 4319493.193, 123
Trd, 4319493.243, 104
Trd, 4319494.043, 120
Trd, 4319494.693, 121
Trd, 4319495.293, 111
Trd, 4319495.943, 97
Trd, 4319495.993, 71
Trd, 4319497.693, 60
Trd, 4319498.393, 68
Trd, 4319499.293, 67
Trd, 4319499.543, 107
Trd, 4319500.243, 132
Trd, 4319500.943, 131
Trd, 4319501.393, 131
Trd, 4319501.843, 134
Trd, 4319502.393, 96
Trd, 4319503.043, 115
Trd, 4319503.893, 87
Trd, 4319504.043, 73
Trd, 4319505.693, 60
Trd, 4319505.943, 69
Trd, 4319507.793, 60
Trd, 4319508.893, 60
Trd, 4319509.093, 61
Trd, 4319510.043, 60
Trd, 4319510.243, 85
Trd, 4319510.643, 72
Trd, 4319511.893, 67
Trd, 4319512.493, 63
Trd, 4319513.493, 61
Trd, 4319514.693, 64
Trd, 4319514.743, 79
Trd, 4319515.993, 108
Trd, 4319516.693, 72
Trd, 4319517.743, 74
Trd, 4319518.193, 137
Trd, 4319518.593, 133
Trd, 4319518.643, 73
Trd, 4319519.843, 73
Trd, 4319521.093, 63
Trd, 4319521.493, 65
Trd, 4319522.743, 134
Trd, 4319523.543, 86
Trd, 4319524.043, 96
Trd, 4319524.493, 63
Trd, 4319524.593, 65
Trd, 4319525.193, 71
Trd, 4319525.693, 118
Trd, 4319526.493, 106
Trd, 4319527.243, 100
Trd, 4319527.843, 115
Trd, 4319528.543, 128
Trd, 4319530.093, 99
Trd, 4319530.993, 99
Trd, 4319531.493, 99
Trd, 4319532.143, 140
Trd, 4319532.643, 108
Trd, 4319533.243, 95
Trd, 4319534.193, 117
Trd, 4319534.593, 104
Trd, 4319535.643, 99
Trd, 4319536.843, 83
Trd, 4319538.093, 82
Trd, 4319538.293, 81
Trd, 4319538.843, 79
Trd, 4319539.143, 121
Trd, 4319540.243, 89
Trd, 4319540.493, 89
Trd, 4319541.643, 107
Trd, 4319542.443, 114
Trd, 4319543.293, 124
Trd, 4319544.993, 140
Trd, 4319545.043, 134
Trd, 4319545.493, 94
Trd, 4319546.043, 125
Trd, 4319547.543, 96
Trd, 4319547.593, 95
Trd, 4319547.843, 92
Trd, 4319548.743, 132
Trd, 4319549.243, 112
Trd, 4319549.643, 112
Trd, 4319552.343, 61
Trd, 4319552.993, 60
Trd, 4319553.593, 63
Trd, 4319554.693, 61
Trd, 4319555.093, 60
Trd, 4319555.893, 63
Trd, 4319556.643, 121
Trd, 4319557.993, 60
Trd, 4319558.193, 61
Trd, 4319558.943, 70
Trd, 4319559.043, 64
Trd, 4319559.743, 73
Trd, 4319560.993, 82
Trd, 4319561.793, 79
Trd, 4319562.743, 98
Trd, 4319564.793, 127
Trd, 4319564.993, 93
Trd, 4319565.493, 114
Trd, 4319565.593, 113
Trd, 4319566.143, 115
Trd, 4319566.543, 104
Trd, 4319566.843, 94
Trd, 4319567.093, 93
Trd, 4319568.843, 101
Trd, 4319569.043, 68
Trd, 4319571.343, 61
Trd, 4319571.843, 64
Trd, 4319572.093, 60
Trd, 4319572.243, 121
Trd, 4319572.493, 60
Trd, 4319573.943, 64
Trd, 4319574.843, 83
Trd, 4319575.143, 83
Trd, 4319575.193, 83
Trd, 4319576.943, 138
Trd, 4319576.993, 137
Trd, 4319577.393, 125
Trd, 4319578.143, 96
Trd, 4319578.993, 121
Trd, 4319579.443, 134
Trd, 4319580.043, 134
Trd, 4319580.993, 120
Trd, 4319581.443, 117
Trd, 4319581.893, 104
Trd, 4319583.593, 68
Trd, 4319583.843, 103
Trd, 4319583.893, 102
Trd, 4319584.143, 109
Trd, 4319584.693, 135
Trd, 4319585.243, 139
Trd, 4319586.193, 99
Trd, 4319586.843, 129
Trd, 4319588.293, 120
Trd, 4319588.743, 127
Trd, 4319588.793, 126
Trd, 4319588.893, 135
Trd, 4319589.743, 120
Trd, 4319591.443, 127
Trd, 4319591.843, 94
Trd, 4319593.043, 110
Trd, 4319593.593, 104
Trd, 4319594.793, 131
Trd, 4319595.243, 130
Trd, 4319596.143, 122
Trd, 4319596.493, 122
Trd, 4319596.593, 114
Trd, 4319596.893, 104
Trd, 4319598.543, 125
Trd, 4319599.893, 138
Trd, 4319600.743, 137
Trd, 4319601.243, 136
Trd, 4319601.643, 133
Trd, 4319601.943, 78
Trd, 4319602.393, 60
Trd, 4319603.393, 61
Trd, 4319604.543, 60
Trd, 4319606.193, 134
Trd, 4319606.293, 114
Trd, 4319606.843, 113
Trd, 4319607.393, 128
Trd, 4319608.943, 94
Trd, 4319609.093, 93
Trd, 4319611.093, 101
Trd, 4319611.543, 112
Trd, 4319611.643, 101
Trd, 4319611.893, 117
Trd, 4319612.393, 129
Trd, 4319612.893, 91
Trd, 4319613.093, 69
Trd, 4319613.643, 85
Trd, 4319614.993, 82
Trd, 4319615.093, 60
Trd, 4319615.543, 121
Trd, 4319615.993, 66
Trd, 4319616.193, 61
Trd, 4319618.243, 65
Trd, 4319619.993, 60
Trd, 4319620.993, 60
Trd, 4319621.193, 61
Trd, 4319622.793, 61
Trd, 4319623.793, 61
Trd, 4319624.043, 67
Trd, 4319625.293, 86
Trd, 4319625.993, 60
Trd, 4319626.543, 60
Trd, 4319626.593, 67
Trd, 4319627.593, 80
Trd, 4319627.843, 100
Trd, 4319628.793, 114
Trd, 4319630.043, 127
Trd, 4319630.393, 126
Trd, 4319631.043, 130
Trd, 4319631.243, 130
Trd, 4319632.443, 114
Trd, 4319632.743, 114
Trd, 4319633.743, 112
Trd, 4319633.793, 111
Trd, 4319634.043, 98
Trd, 4319634.943, 96
Trd, 4319635.843, 76
Trd, 4319636.343, 70
Trd, 4319637.843, 139
Trd, 4319638.543, 135
Trd, 4319639.543, 128
Trd, 4319640.143, 115
Trd, 4319640.743, 109
Trd, 4319641.043, 122
Trd, 4319641.293, 107
Trd, 4319641.893, 90
Trd, 4319643.193, 140
Trd, 4319645.293, 64
Trd, 4319646.843, 60
Trd, 4319648.093, 63
Trd, 4319648.493, 82
Trd, 4319648.543, 83
Trd, 4319648.743, 94
Trd, 4319649.093, 82
Trd, 4319651.493, 140
Trd, 4319651.543, 137
Trd, 4319652.943, 106
Trd, 4319653.043, 106
Trd, 4319653.993, 105
Trd, 4319654.243, 101
Trd, 4319654.293, 96
Trd, 4319655.693, 112
Trd, 4319655.893, 104
Trd, 4319657.393, 91
Trd, 4319657.643, 104
Trd, 4319657.693, 104
Trd, 4319659.193, 110
Trd, 4319659.893, 129
Trd, 4319660.843, 102
Trd, 4319661.043, 102
Trd, 4319661.643, 112
Trd, 4319662.543, 104
Trd, 4319662.693, 65
Trd, 4319664.343, 61
Trd, 4319666.293, 62
Trd, 4319666.343, 62
Trd, 4319666.543, 67
Trd, 4319667.443, 110
Trd, 4319668.043, 87
Trd, 4319668.593, 86
Trd, 4319668.893, 116
Trd, 4319669.343, 96
Trd, 4319670.043, 139
Trd, 4319670.943, 125
Trd, 4319670.993, 114
Trd, 4319671.693, 107
Trd, 4319672.043, 114
Trd, 4319672.693, 107
Trd, 4319673.043, 109
Trd, 4319673.193, 100
Trd, 4319673.843, 104
Trd, 4319674.343, 80
Trd, 4319675.693, 132
Trd, 4319676.693, 94
Trd, 4319677.543, 118
Trd, 4319677.693, 90
Trd, 4319677.993, 131
Trd, 4319679.543, 139
Trd, 4319679.643, 127
Trd, 4319680.293, 92
Trd, 4319681.093, 118
Trd, 4319682.443, 91
Trd, 4319682.593, 91
Trd, 4319682.993, 91
Trd, 4319683.393, 82
Trd, 4319684.443, 114
Trd, 4319685.543, 103
Trd, 4319685.843, 89
Trd, 4319686.943, 101
Trd, 4319688.293, 137
Trd, 4319688.893, 130
Trd, 4319688.993, 130
Trd, 4319689.993, 131
Trd, 4319690.993, 130
Trd, 4319691.493, 128
Trd, 4319692.543, 131
Trd, 4319692.843, 124
Trd, 4319692.943, 123
Trd, 4319693.343, 116
Trd, 4319693.443, 112
Trd, 4319693.993, 70
Trd, 4319694.793, 61
Trd, 4319695.943, 61
Trd, 4319696.743, 67
Trd, 4319697.093, 66
Trd, 4319697.593, 64
Trd, 4319698.343, 68
Trd, 4319699.143, 60
Trd, 4319699.893, 60
Trd, 4319701.443, 61
Trd, 4319701.743, 61
Trd, 4319702.193, 67
Trd, 4319702.543, 63
Trd, 4319703.443, 73
Trd, 4319703.843, 60
Trd, 4319706.093, 69
Trd, 4319706.493, 72
Trd, 4319706.543, 65
Trd, 4319708.743, 134
Trd, 4319709.193, 133
Trd, 4319709.293, 128
Trd, 4319709.443, 100
Trd, 4319709.543, 72
Trd, 4319711.393, 63
Trd, 4319712.493, 79
Trd, 4319712.693, 73
Trd, 4319713.093, 73
Trd, 4319713.593, 63
Trd, 4319714.093, 60
Trd, 4319716.593, 60
Trd, 4319717.393, 60
Trd, 4319717.693, 61
Trd, 4319719.343, 60
Trd, 4319719.443, 61
Trd, 4319719.943, 63
Trd, 4319720.493, 63
Trd, 4319720.743, 60
Trd, 4319721.343, 66
Trd, 4319722.893, 67
Trd, 4319722.943, 67
Trd, 4319723.693, 132
Trd, 4319725.093, 103
Trd, 4319725.793, 78
Trd, 4319725.893, 77
Trd, 4319727.193, 87
Trd, 4319727.293, 103
Trd, 4319727.743, 137
Trd, 4319729.143, 67
Trd, 4319731.643, 61
Trd, 4319731.743, 62
Trd, 4319733.493, 62
Trd, 4319734.393, 63
Trd, 4319734.543, 65
Trd, 4319735.493, 63
Trd, 4319735.743, 65
Trd, 4319736.243, 60
Trd, 4319736.943, 140
Trd, 4319737.743, 62
Trd, 4319739.043, 62
Trd, 4319740.393, 60
Trd, 4319741.443, 60
Trd, 4319742.643, 68
Trd, 4319743.143, 71
Trd, 4319743.593, 60
Trd, 4319744.643, 66
Trd, 4319744.943, 86
Trd, 4319745.343, 63
Trd, 4319745.393, 89
Trd, 4319746.743, 64
Trd, 4319747.593, 60
Trd, 4319748.643, 60
Trd, 4319749.243, 68
Trd, 4319749.693, 89
Trd, 4319751.143, 85
Trd, 4319751.593, 69
Trd, 4319751.793, 86
Trd, 4319752.343, 75
Trd, 4319754.043, 60
Trd, 4319754.343, 60
Trd, 4319755.743, 60
Trd, 4319756.143, 69
Trd, 4319756.493, 61
Trd, 4319756.843, 61
Trd, 4319757.893, 68
Trd, 4319758.693, 133
Trd, 4319759.043, 100
Trd, 4319759.493, 100
Trd, 4319759.693, 103
Trd, 4319761.343, 82
Trd, 4319762.043, 61
Trd, 4319762.793, 96
Trd, 4319763.343, 78
Trd, 4319763.693, 134
Trd, 4319764.443, 93
Trd, 4319766.293, 105
Trd, 4319766.343, 104
Trd, 4319766.843, 98
Trd, 4319767.343, 103
Trd, 4319767.643, 135
Trd, 4319767.743, 106
Trd, 4319769.043, 98
Trd, 4319769.393, 113
Trd, 4319769.743, 96
Trd, 4319771.793, 112
Trd, 4319772.293, 117
Trd, 4319772.343, 112
Trd, 4319772.693, 112
Trd, 4319772.843, 110
Trd, 4319773.443, 117
Trd, 4319774.843, 108
Trd, 4319774.993, 108
Trd, 4319775.693, 98
Trd, 4319776.193, 122
Trd, 4319776.293, 112
Trd, 4319777.793, 106
Trd, 4319777.943, 97
Trd, 4319778.393, 69
Trd, 4319779.443, 69
Trd, 4319780.793, 130
Trd, 4319780.943, 136
Trd, 4319781.143, 128
Trd, 4319781.293, 117
Trd, 4319783.593, 109
Trd, 4319783.793, 106
Trd, 4319784.343, 85
Trd, 4319785.293, 88
Trd, 4319786.043, 85
Trd, 4319786.093, 78
Trd, 4319787.143, 94
Trd, 4319787.493, 102
Trd, 4319788.193, 96
Trd, 4319788.843, 92
Trd, 4319790.493, 61
Trd, 4319791.043, 66
Trd, 4319791.743, 72
Trd, 4319791.843, 89
Trd, 4319791.893, 66
Trd, 4319793.943, 122
Trd, 4319794.693, 114
Trd, 4319794.993, 114
Trd, 4319796.293, 112
Trd, 4319796.343, 112
Trd, 4319797.193, 130
Trd, 4319797.543, 118
Trd, 4319797.793, 118
Trd, 4319797.843, 109
Trd, 4319798.193, 108
Trd, 4319799.343, 60
Trd, 4319799.843, 61
Trd, 4319801.043, 94
Trd, 4319801.493, 91
Trd, 4319802.343, 87
Trd, 4319802.693, 65
Trd, 4319804.293, 116
Trd, 4319804.943, 98
Trd, 4319805.443, 72
Trd, 4319805.993, 65
Trd, 4319806.593, 139
Trd, 4319806.993, 66
Trd, 4319807.443, 88
Trd, 4319808.493, 91
Trd, 4319809.143, 77
Trd, 4319810.493, 76
Trd, 4319810.543, 73
Trd, 4319810.793, 63
Trd, 4319811.243, 129
Trd, 4319812.693, 120
Trd, 4319813.443, 71
Trd, 4319815.093, 97
Trd, 4319815.343, 74
Trd, 4319816.043, 94
Trd, 4319816.093, 100
Trd, 4319816.293, 94
Trd, 4319817.093, 93
Trd, 4319817.643, 80
Trd, 4319818.243, 90
Trd, 4319819.993, 69
Trd, 4319821.193, 139
Trd, 4319822.743, 139
Trd, 4319822.943, 138
Trd, 4319823.443, 130
Trd, 4319824.143, 133
Trd, 4319824.293, 103
Trd, 4319825.243, 119
Trd, 4319825.393, 119
Trd, 4319826.193, 113
Trd, 4319827.043, 104
Trd, 4319828.543, 96
Trd, 4319829.543, 96
Trd, 4319829.693, 96
Trd, 4319829.743, 78
Trd, 4319830.843, 93
Trd, 4319831.643, 94
Trd, 4319831.693, 93
Trd, 4319832.993, 138
Trd, 4319833.493, 96
Trd, 4319834.993, 117
Trd, 4319835.393, 130
Trd, 4319835.593, 87
Trd, 4319837.243, 91
Trd, 4319837.443, 91
Trd, 4319838.093, 135
Trd, 4319839.643, 95
Trd, 4319839.893, 92
Trd, 4319840.043, 85
Trd, 4319840.693, 111
Trd, 4319840.993, 63
Trd, 4319842.443, 64
Trd, 4319843.993, 60
Trd, 4319844.793, 137
Trd, 4319844.843, 107
Trd, 4319845.443, 87
Trd, 4319846.243, 63
Trd, 4319846.843, 76
Trd, 4319847.443, 61
Trd, 4319847.943, 61
Trd, 4319848.043, 92
Trd, 4319848.593, 77
Trd, 4319849.643, 66
Trd, 4319849.793, 62
Trd, 4319851.593, 61
Trd, 4319852.943, 62
Trd, 4319853.443, 66
Trd, 4319853.843, 66
Trd, 4319854.743, 66
Trd, 4319855.143, 67
Trd, 4319855.743, 127
Trd, 4319855.993, 127
Trd, 4319856.793, 79
Trd, 4319856.893, 62
Trd, 4319857.693, 119
Trd, 4319858.593, 78
Trd, 4319858.793, 77
Trd, 4319858.943, 77
Trd, 4319859.393, 91
Trd, 4319860.093, 61
Trd, 4319861.643, 107
Trd, 4319863.793, 65
Trd, 4319863.943, 64
Trd, 4319864.193, 71
Trd, 4319864.943, 64
Trd, 4319865.593, 131
Trd, 4319865.893, 93
Trd, 4319866.343, 82
Trd, 4319867.693, 108
Trd, 4319868.643, 89
Trd, 4319870.293, 138
Trd, 4319870.393, 89
Trd, 4319871.393, 130
Trd, 4319871.693, 128
Trd, 4319871.743, 118
Trd, 4319872.243, 108
Trd, 4319872.943, 136
Trd, 4319873.043, 135
Trd, 4319873.143, 134
Trd, 4319874.643, 80
Trd, 4319875.943, 84
Trd, 4319876.093, 82
Trd, 4319876.793, 69
Trd, 4319877.943, 67
Trd, 4319878.093, 78
Trd, 4319878.293, 118
Trd, 4319878.993, 129
Trd, 4319879.493, 122
Trd, 4319880.793, 103
Trd, 4319880.943, 134
Trd, 4319881.293, 103
Trd, 4319882.343, 85
Trd, 4319883.693, 95
Trd, 4319884.043, 93
Trd, 4319884.793, 83
Trd, 4319886.843, 63
Trd, 4319887.293, 60
Trd, 4319887.693, 64
Trd, 4319889.143, 61
Trd, 4319889.193, 61
Trd, 4319889.993, 71
Trd, 4319891.643, 61
Trd, 4319891.843, 63
Trd, 4319892.043, 71
Trd, 4319892.543, 85
Trd, 4319893.043, 79
Trd, 4319893.993, 136
Trd, 4319894.093, 63
Trd, 4319894.293, 63
Trd, 4319895.043, 68
Trd, 4319896.543, 63
Trd, 4319897.293, 62
Trd, 4319897.393, 74
Trd, 4319897.893, 63
Trd, 4319898.393, 61
Trd, 4319899.193, 99
Trd, 4319900.893, 60
Trd, 4319901.643, 77
Trd, 4319903.043, 60
Trd, 4319903.693, 62
Trd, 4319903.943, 79
Trd, 4319904.393, 83
Trd, 4319905.193, 87
Trd, 4319905.343, 87
Trd, 4319906.343, 121
Trd, 4319907.343, 113
Trd, 4319907.493, 90
Trd, 4319907.593, 87
Trd, 4319907.743, 85
Trd, 4319907.893, 80
Trd, 4319909.393, 77
Trd, 4319909.793, 71
Trd, 4319910.093, 71
Trd, 4319910.693, 66
Trd, 4319911.593, 81
Trd, 4319911.693, 66
Trd, 4319911.843, 90
Trd, 4319912.393, 121
Trd, 4319912.693, 65
Trd, 4319914.543, 65
Trd, 4319915.193, 67
Trd, 4319915.493, 63
Trd, 4319918.193, 79
Trd, 4319918.493, 126
Trd, 4319919.743, 69
Trd, 4319921.443, 121
Trd, 4319921.643, 119
Trd, 4319922.093, 109
Trd, 4319922.893, 109
Trd, 4319923.143, 115
Trd, 4319923.793, 107
Trd, 4319924.293, 107
Trd, 4319925.393, 136
Trd, 4319925.493, 125
Trd, 4319926.293, 104
Trd, 4319927.093, 138
Trd, 4319927.843, 123
Trd, 4319928.193, 99
Trd, 4319929.443, 64
Trd, 4319931.243, 60
Trd, 4319931.943, 61
Trd, 4319932.293, 65
Trd, 4319932.593, 63
Trd, 4319933.293, 77
Trd, 4319935.293, 114
Trd, 4319935.543, 113
Trd, 4319936.843, 114
Trd, 4319937.143, 106
Trd, 4319937.393, 128
Trd, 4319938.993, 94
Trd, 4319939.243, 85
Trd, 4319939.893, 81
Trd, 4319940.393, 78
Trd, 4319940.543, 89
Trd, 4319940.893, 107
Trd, 4319941.893, 94
Trd, 4319942.593, 92
Trd, 4319942.693, 92
Trd, 4319944.593, 98
Trd, 4319946.543, 78
Trd, 4319946.593, 76
Trd, 4319946.993, 100
Trd, 4319947.243, 79
Trd, 4319948.393, 131
Trd, 4319948.893, 131
Trd, 4319949.443, 125
Trd, 4319949.643, 119
Trd, 4319950.843, 134
Trd, 4319950.893, 131
Trd, 4319951.443, 131
Trd, 4319952.043, 136
Trd, 4319952.593, 81
Trd, 4319953.093, 116
Trd, 4319953.693, 86
Trd, 4319954.093, 87
Trd, 4319954.693, 134
Trd, 4319955.543, 115
Trd, 4319957.143, 128
Trd, 4319957.793, 61
Trd, 4319959.743, 60
Trd, 4319959.993, 61
Trd, 4319960.443, 63
Trd, 4319960.793, 62
Trd, 4319962.043, 65
Trd, 4319962.243, 66
Trd, 4319964.193, 64
Trd, 4319964.543, 78
Trd, 4319966.593, 61
Trd, 4319966.843, 67
Trd, 4319966.943, 62
Trd, 4319968.293, 63
Trd, 4319968.993, 123
Trd, 4319969.543, 126
Trd, 4319970.243, 123
Trd, 4319970.893, 112
Trd, 4319971.443, 90
Trd, 4319972.193, 80
Trd, 4319973.293, 60
Trd, 4319974.093, 64
Trd, 4319975.293, 63
Trd, 4319976.743, 110
Trd, 4319977.093, 92
Trd, 4319977.343, 91
Trd, 4319977.593, 120
Trd, 4319978.443, 79
Trd, 4319979.343, 104
Trd, 4319979.393, 79
Trd, 4319981.043, 115
Trd, 4319981.393, 111
Trd, 4319981.793, 140
Trd, 4319982.443, 139
Trd, 4319982.543, 138
Trd, 4319983.593, 136
Trd, 4319984.643, 109
Trd, 4319984.793, 95
Trd, 4319985.393, 119
Trd, 4319985.593, 73
Trd, 4319986.843, 64
Trd, 4319987.943, 62
Trd, 4319988.443, 95
Trd, 4319989.643, 67
Trd, 4319989.843, 137
Trd, 4319990.443, 81
Trd, 4319991.143, 83
Trd, 4319991.993, 112
Trd, 4319992.293, 93
Trd, 4319994.043, 120
Trd, 4319994.543, 120
Trd, 4319994.993, 119
Trd, 4319995.043, 82
Trd, 4319995.293, 123
Trd, 4319996.043, 138
Trd, 4319997.493, 92
Trd, 4319998.043, 95
Trd, 4319998.693, 89
Trd, 4319999.193, 127
Trd, 4319999.743, 94
