Trd, 4317992.393, 95
Trd, 4317993.243, 130
Trd, 4317994.243, 90
Trd, 4317995.343, 127
Trd, 4317996.293, 107
Trd, 4317996.343, 103
Trd, 4317997.443, 111
Trd, 4317997.993, 131
Trd, 4317999.443, 110
Trd, 4318001.993, 105
Trd, 4318003.143, 130
Trd, 4318004.593, 133
Trd, 4318005.143, 127
Trd, 4318006.343, 130
Trd, 4318007.093, 129
Trd, 4318009.193, 140
Trd, 4318009.293, 112
Trd, 4318011.143, 77
Trd, 4318011.193, 97
Trd, 4318012.193, 105
Trd, 4318013.243, 100
Trd, 4318013.943, 95
Trd, 4318014.593, 125
Trd, 4318014.943, 115
Trd, 4318015.693, 133
Trd, 4318018.293, 119
Trd, 4318019.643, 110
Trd, 4318020.343, 101
Trd, 4318020.743, 107
Trd, 4318021.693, 117
Trd, 4318022.293, 83
Trd, 4318024.093, 82
Trd, 4318025.193, 79
Trd, 4318025.493, 86
Trd, 4318026.793, 106
Trd, 4318027.143, 117
Trd, 4318028.093, 136
Trd, 4318028.393, 106
Trd, 4318029.093, 123
Trd, 4318029.393, 125
Trd, 4318029.843, 79
Trd, 4318031.743, 77
Trd, 4318032.293, 89
Trd, 4318033.493, 121
Trd, 4318033.743, 103
Trd, 4318035.943, 107
Trd, 4318037.093, 124
Trd, 4318037.393, 113
Trd, 4318038.743, 139
Trd, 4318039.043, 115
Trd, 4318039.243, 131
Trd, 4318040.143, 136
Trd, 4318041.393, 122
Trd, 4318042.993, 138
Trd, 4318043.693, 111
Trd, 4318045.993, 113
Trd, 4318046.943, 130
Trd, 4318049.043, 131
Trd, 4318049.193, 131
Trd, 4318049.243, 116
Trd, 4318049.543, 113
Trd, 4318050.293, 105
Trd, 4318051.343, 103
Trd, 4318052.493, 60
Trd, 4318053.143, 121
Trd, 4318053.843, 87
Trd, 4318054.593, 79
Trd, 4318055.643, 120
Trd, 4318056.943, 137
Trd, 4318060.243, 117
Trd, 4318060.893, 119
Trd, 4318061.493, 83
Trd, 4318064.043, 119
Trd, 4318064.543, 128
Trd, 4318065.593, 105
Trd, 4318066.193, 109
Trd, 4318067.693, 111
Trd, 4318068.793, 129
Trd, 4318069.043, 103
Trd, 4318069.343, 107
Trd, 4318070.543, 124
Trd, 4318072.143, 140
Trd, 4318072.493, 131
Trd, 4318072.593, 127
Trd, 4318073.893, 113
Trd, 4318075.193, 107
Trd, 4318075.493, 101
Trd, 4318077.093, 109
Trd, 4318077.143, 114
Trd, 4318078.043, 105
Trd, 4318079.293, 81
Trd, 4318079.943, 119
Trd, 4318080.493, 117
Trd, 4318082.543, 110
Trd, 4318082.693, 97
Trd, 4318084.143, 99
Trd, 4318084.343, 92
Trd, 4318084.593, 97
Trd, 4318085.193, 89
Trd, 4318086.643, 102
Trd, 4318087.543, 81
Trd, 4318087.693, 117
Trd, 4318088.843, 77
Trd, 4318089.343, 61
Trd, 4318089.693, 97
Trd, 4318091.793, 117
Trd, 4318092.993, 113
Trd, 4318093.043, 110
Trd, 4318093.393, 118
Trd, 4318094.243, 105
Trd, 4318096.043, 120
Trd, 4318097.693, 94
Trd, 4318098.843, 95
Trd, 4318099.743, 129
Trd, 4318100.043, 106
Trd, 4318101.193, 86
Trd, 4318102.443, 108
Trd, 4318102.493, 100
Trd, 4318105.393, 111
Trd, 4318106.993, 106
Trd, 4318107.943, 129
Trd, 4318108.593, 121
Trd, 4318109.043, 124
Trd, 4318109.543, 116
Trd, 4318111.343, 97
Trd, 4318111.593, 107
Trd, 4318112.593, 129
Trd, 4318112.643, 131
Trd, 4318113.993, 127
Trd, 4318114.393, 129
Trd, 4318115.693, 116
Trd, 4318115.793, 130
Trd, 4318115.993, 107
Trd, 4318116.793, 100
Trd, 4318117.493, 101
Trd, 4318118.093, 84
Trd, 4318120.593, 116
Trd, 4318122.093, 106
Trd, 4318123.243, 102
Trd, 4318126.093, 139
Trd, 4318128.243, 128
Trd, 4318130.043, 113
Trd, 4318130.743, 116
Trd, 4318130.943, 104
Trd, 4318131.043, 98
Trd, 4318132.543, 128
Trd, 4318132.893, 129
Trd, 4318133.493, 88
Trd, 4318138.093, 115
Trd, 4318139.643, 139
Trd, 4318140.993, 129
Trd, 4318142.243, 111
Trd, 4318142.593, 118
Trd, 4318143.093, 87
Trd, 4318143.493, 98
Trd, 4318146.593, 106
Trd, 4318148.893, 130
Trd, 4318148.993, 102
Trd, 4318149.143, 110
Trd, 4318149.643, 122
Trd, 4318151.443, 120
Trd, 4318152.693, 118
Trd, 4318153.143, 108
Trd, 4318153.593, 140
Trd, 4318155.043, 119
Trd, 4318155.293, 106
Trd, 4318155.443, 102
Trd, 4318155.793, 134
Trd, 4318158.543, 128
Trd, 4318158.893, 99
Trd, 4318160.543, 132
Trd, 4318160.843, 91
Trd, 4318161.193, 124
Trd, 4318161.293, 88
Trd, 4318163.293, 118
Trd, 4318163.693, 102
Trd, 4318165.693, 96
Trd, 4318166.393, 120
Trd, 4318167.293, 138
Trd, 4318167.343, 119
Trd, 4318168.843, 98
Trd, 4318169.643, 135
Trd, 4318169.743, 120
Trd, 4318171.043, 108
Trd, 4318171.543, 123
Trd, 4318172.143, 115
Trd, 4318172.493, 112
Trd, 4318172.993, 112
Trd, 4318175.193, 91
Trd, 4318176.893, 101
Trd, 4318180.493, 111
Trd, 4318180.693, 125
Trd, 4318180.893, 101
Trd, 4318180.993, 90
Trd, 4318181.193, 102
Trd, 4318182.693, 70
Trd, 4318184.393, 94
Trd, 4318184.593, 95
Trd, 4318184.993, 122
Trd, 4318186.593, 92
Trd, 4318186.793, 109
Trd, 4318187.543, 97
Trd, 4318188.143, 77
Trd, 4318188.193, 82
Trd, 4318189.943, 86
Trd, 4318192.243, 105
Trd, 4318193.343, 78
Trd, 4318193.593, 86
Trd, 4318194.743, 120
Trd, 4318195.393, 88
Trd, 4318196.193, 117
Trd, 4318197.293, 84
Trd, 4318197.493, 128
Trd, 4318199.093, 75
Trd, 4318200.093, 128
Trd, 4318200.693, 124
Trd, 4318201.493, 110
Trd, 4318202.593, 93
Trd, 4318202.643, 95
Trd, 4318204.743, 123
Trd, 4318204.793, 102
Trd, 4318205.843, 96
Trd, 4318205.893, 95
Trd, 4318208.193, 128
Trd, 4318209.493, 131
Trd, 4318209.643, 109
Trd, 4318210.543, 113
Trd, 4318211.993, 105
Trd, 4318212.543, 90
Trd, 4318213.993, 107
Trd, 4318214.793, 132
Trd, 4318215.393, 105
Trd, 4318215.643, 134
Trd, 4318216.143, 109
Trd, 4318216.743, 96
Trd, 4318216.793, 125
Trd, 4318218.043, 106
Trd, 4318218.443, 100
Trd, 4318218.593, 96
Trd, 4318218.993, 103
Trd, 4318220.643, 104
Trd, 4318222.343, 117
Trd, 4318222.893, 106
Trd, 4318224.543, 122
Trd, 4318226.893, 130
Trd, 4318227.243, 115
Trd, 4318227.393, 116
Trd, 4318228.693, 86
Trd, 4318228.843, 118
Trd, 4318231.193, 112
Trd, 4318232.343, 86
Trd, 4318232.593, 107
Trd, 4318233.443, 80
Trd, 4318233.743, 115
Trd, 4318234.693, 135
Trd, 4318234.893, 124
Trd, 4318235.543, 114
Trd, 4318236.593, 128
Trd, 4318237.893, 100
Trd, 4318238.793, 85
Trd, 4318239.893, 109
Trd, 4318240.043, 110
Trd, 4318241.293, 109
Trd, 4318243.493, 103
Trd, 4318243.593, 102
Trd, 4318245.243, 134
Trd, 4318245.543, 131
Trd, 4318247.693, 102
Trd, 4318248.293, 81
Trd, 4318250.443, 128
Trd, 4318251.643, 130
Trd, 4318252.143, 131
Trd, 4318253.293, 99
Trd, 4318254.593, 123
Trd, 4318254.793, 118
Trd, 4318255.843, 106
Trd, 4318256.393, 98
Trd, 4318256.993, 95
Trd, 4318257.793, 98
Trd, 4318258.393, 73
Trd, 4318259.043, 128
Trd, 4318259.343, 91
Trd, 4318260.093, 96
Trd, 4318260.693, 132
Trd, 4318261.293, 111
Trd, 4318262.493, 116
Trd, 4318262.743, 115
Trd, 4318262.993, 102
Trd, 4318264.393, 86
Trd, 4318265.093, 134
Trd, 4318265.993, 112
Trd, 4318268.043, 94
Trd, 4318269.243, 105
Trd, 4318271.393, 97
Trd, 4318272.093, 86
Trd, 4318272.993, 93
Trd, 4318273.843, 122
Trd, 4318274.443, 121
Trd, 4318275.143, 90
Trd, 4318276.743, 91
Trd, 4318278.043, 140
Trd, 4318279.093, 133
Trd, 4318279.543, 138
Trd, 4318281.543, 98
Trd, 4318281.893, 112
Trd, 4318281.943, 85
Trd, 4318282.443, 113
Trd, 4318283.843, 70
Trd, 4318285.043, 118
Trd, 4318285.793, 139
Trd, 4318286.843, 111
Trd, 4318287.143, 114
Trd, 4318287.693, 120
Trd, 4318288.493, 80
Trd, 4318288.593, 85
Trd, 4318289.593, 98
Trd, 4318289.943, 92
Trd, 4318290.843, 116
Trd, 4318292.293, 99
Trd, 4318293.743, 97
Trd, 4318294.143, 136
Trd, 4318295.443, 124
Trd, 4318296.243, 107
Trd, 4318296.743, 101
Trd, 4318297.643, 109
Trd, 4318299.143, 107
Trd, 4318299.493, 99
Trd, 4318300.843, 113
Trd, 4318302.043, 116
Trd, 4318303.643, 131
Trd, 4318304.243, 101
Trd, 4318305.793, 131
Trd, 4318305.893, 109
Trd, 4318307.493, 100
Trd, 4318308.943, 114
Trd, 4318309.793, 107
Trd, 4318311.043, 137
Trd, 4318311.243, 133
Trd, 4318311.543, 121
Trd, 4318311.893, 116
Trd, 4318312.193, 105
Trd, 4318313.193, 98
Trd, 4318315.793, 106
Trd, 4318316.393, 136
Trd, 4318317.843, 129
Trd, 4318317.893, 127
Trd, 4318318.443, 135
Trd, 4318318.743, 124
Trd, 4318319.343, 99
Trd, 4318320.893, 116
Trd, 4318321.093, 103
Trd, 4318322.593, 116
Trd, 4318325.143, 112
Trd, 4318325.343, 113
Trd, 4318325.593, 112
Trd, 4318326.643, 116
Trd, 4318328.143, 99
Trd, 4318329.393, 131
Trd, 4318331.493, 126
Trd, 4318332.543, 106
Trd, 4318333.143, 108
Trd, 4318334.243, 102
Trd, 4318335.593, 115
Trd, 4318337.143, 106
Trd, 4318338.493, 110
Trd, 4318339.443, 137
Trd, 4318339.593, 114
Trd, 4318342.493, 125
Trd, 4318342.893, 140
Trd, 4318343.943, 115
Trd, 4318344.293, 108
Trd, 4318344.893, 108
Trd, 4318345.743, 120
Trd, 4318347.643, 105
Trd, 4318347.693, 89
Trd, 4318348.543, 86
Trd, 4318348.843, 70
Trd, 4318350.943, 97
Trd, 4318351.143, 109
Trd, 4318351.793, 115
Trd, 4318355.293, 84
Trd, 4318355.793, 113
Trd, 4318357.093, 107
Trd, 4318358.493, 137
Trd, 4318358.793, 131
Trd, 4318358.993, 123
Trd, 4318360.843, 119
Trd, 4318362.343, 93
Trd, 4318363.343, 105
Trd, 4318363.943, 125
Trd, 4318364.293, 113
Trd, 4318364.543, 119
Trd, 4318365.743, 135
Trd, 4318366.043, 86
Trd, 4318367.443, 109
Trd, 4318368.493, 97
Trd, 4318369.693, 126
Trd, 4318371.443, 120
Trd, 4318373.993, 123
Trd, 4318374.043, 106
Trd, 4318375.643, 117
Trd, 4318376.693, 108
Trd, 4318378.993, 122
Trd, 4318380.093, 123
Trd, 4318380.193, 103
Trd, 4318380.293, 100
Trd, 4318381.943, 100
Trd, 4318382.093, 76
Trd, 4318382.693, 88
Trd, 4318383.093, 121
Trd, 4318383.793, 124
Trd, 4318385.293, 127
Trd, 4318386.843, 119
Trd, 4318388.443, 113
Trd, 4318389.943, 111
Trd, 4318391.743, 131
Trd, 4318393.193, 122
Trd, 4318394.643, 130
Trd, 4318394.943, 105
Trd, 4318396.143, 121
Trd, 4318397.743, 138
Trd, 4318398.443, 98
Trd, 4318398.893, 101
Trd, 4318399.943, 105
Trd, 4318400.543, 101
Trd, 4318401.093, 100
Trd, 4318401.743, 118
Trd, 4318403.493, 108
Trd, 4318403.643, 110
Trd, 4318404.193, 87
Trd, 4318405.493, 88
Trd, 4318406.243, 77
Trd, 4318407.293, 129
Trd, 4318409.243, 107
Trd, 4318409.443, 131
Trd, 4318409.893, 129
Trd, 4318410.193, 125
Trd, 4318411.793, 128
Trd, 4318412.143, 124
Trd, 4318412.443, 97
Trd, 4318412.993, 97
Trd, 4318414.243, 84
Trd, 4318414.343, 81
Trd, 4318417.943, 104
Trd, 4318418.043, 102
Trd, 4318418.643, 124
Trd, 4318419.293, 140
Trd, 4318419.843, 74
Trd, 4318421.243, 134
Trd, 4318421.593, 111
Trd, 4318422.593, 121
Trd, 4318423.643, 128
Trd, 4318424.543, 89
Trd, 4318425.443, 113
Trd, 4318427.843, 110
Trd, 4318427.943, 109
Trd, 4318428.593, 118
Trd, 4318428.943, 98
Trd, 4318429.043, 89
Trd, 4318430.193, 107
Trd, 4318430.893, 118
Trd, 4318431.093, 121
Trd, 4318432.843, 119
Trd, 4318434.093, 131
Trd, 4318434.443, 118
Trd, 4318434.993, 108
Trd, 4318435.593, 121
Trd, 4318435.843, 100
Trd, 4318437.893, 79
Trd, 4318438.593, 74
Trd, 4318439.843, 108
Trd, 4318440.493, 81
Trd, 4318440.543, 78
Trd, 4318441.693, 101
Trd, 4318442.093, 94
Trd, 4318444.143, 118
Trd, 4318445.593, 135
Trd, 4318446.093, 119
Trd, 4318448.193, 132
Trd, 4318448.493, 117
Trd, 4318449.543, 97
Trd, 4318450.243, 140
Trd, 4318451.593, 82
Trd, 4318452.143, 124
Trd, 4318452.993, 108
Trd, 4318453.243, 83
Trd, 4318453.593, 74
Trd, 4318453.893, 61
Trd, 4318454.243, 64
Trd, 4318456.393, 109
Trd, 4318456.743, 127
Trd, 4318456.993, 125
Trd, 4318458.693, 118
Trd, 4318458.843, 103
Trd, 4318460.193, 138
Trd, 4318460.693, 125
Trd, 4318462.793, 112
Trd, 4318463.543, 102
Trd, 4318463.693, 96
Trd, 4318464.293, 111
Trd, 4318464.493, 90
Trd, 4318464.793, 107
Trd, 4318466.493, 98
Trd, 4318466.943, 93
Trd, 4318467.643, 136
Trd, 4318468.143, 87
Trd, 4318468.793, 77
Trd, 4318468.843, 75
Trd, 4318469.143, 101
Trd, 4318472.493, 133
Trd, 4318472.843, 131
Trd, 4318473.193, 113
Trd, 4318473.393, 127
Trd, 4318475.393, 115
Trd, 4318475.493, 111
Trd, 4318476.243, 136
Trd, 4318478.243, 87
Trd, 4318480.393, 137
Trd, 4318480.943, 103
Trd, 4318482.843, 121
Trd, 4318482.993, 113
Trd, 4318483.443, 111
Trd, 4318483.543, 123
Trd, 4318484.193, 92
Trd, 4318484.793, 74
Trd, 4318486.193, 136
Trd, 4318486.443, 132
Trd, 4318486.643, 116
Trd, 4318489.293, 121
Trd, 4318490.843, 116
Trd, 4318491.593, 117
Trd, 4318491.843, 112
Trd, 4318492.293, 109
Trd, 4318492.343, 100
Trd, 4318492.993, 105
Trd, 4318493.293, 125
Trd, 4318494.693, 89
Trd, 4318496.793, 114
Trd, 4318499.093, 139
Trd, 4318500.793, 129
Trd, 4318501.143, 102
Trd, 4318501.293, 99
Trd, 4318502.043, 104
Trd, 4318502.143, 95
Trd, 4318505.093, 136
Trd, 4318505.443, 108
Trd, 4318505.943, 135
Trd, 4318507.493, 106
Trd, 4318508.843, 132
Trd, 4318510.343, 120
Trd, 4318510.593, 122
Trd, 4318512.593, 125
Trd, 4318513.943, 122
Trd, 4318514.093, 121
Trd, 4318515.243, 86
Trd, 4318518.243, 109
Trd, 4318518.543, 90
Trd, 4318519.043, 91
Trd, 4318519.643, 111
Trd, 4318520.193, 121
Trd, 4318520.343, 86
Trd, 4318521.893, 98
Trd, 4318523.743, 127
Trd, 4318524.743, 136
Trd, 4318525.843, 92
Trd, 4318527.493, 129
Trd, 4318527.943, 129
Trd, 4318527.993, 129
Trd, 4318531.993, 127
Trd, 4318532.493, 109
Trd, 4318533.843, 107
Trd, 4318534.093, 86
Trd, 4318535.043, 82
Trd, 4318535.443, 107
Trd, 4318535.793, 86
Trd, 4318537.343, 96
Trd, 4318538.443, 116
Trd, 4318538.743, 134
Trd, 4318539.743, 107
Trd, 4318539.943, 88
Trd, 4318541.193, 117
Trd, 4318541.243, 136
Trd, 4318541.293, 115
Trd, 4318542.493, 104
Trd, 4318543.093, 85
Trd, 4318544.193, 94
Trd, 4318544.493, 120
Trd, 4318545.293, 136
Trd, 4318545.643, 115
Trd, 4318546.443, 99
Trd, 4318546.693, 103
Trd, 4318548.993, 96
Trd, 4318551.193, 100
Trd, 4318552.293, 87
Trd, 4318552.593, 136
Trd, 4318552.943, 91
Trd, 4318554.693, 107
Trd, 4318555.193, 106
Trd, 4318556.943, 63
Trd, 4318557.093, 127
Trd, 4318558.043, 121
Trd, 4318558.893, 117
Trd, 4318560.593, 118
Trd, 4318561.893, 111
Trd, 4318562.543, 128
Trd, 4318562.843, 109
Trd, 4318562.993, 101
Trd, 4318563.343, 132
Trd, 4318565.393, 99
Trd, 4318566.343, 101
Trd, 4318567.443, 117
Trd, 4318568.243, 103
Trd, 4318568.493, 103
Trd, 4318568.593, 89
Trd, 4318570.293, 114
Trd, 4318571.043, 97
Trd, 4318571.893, 123
Trd, 4318574.243, 116
Trd, 4318574.843, 122
Trd, 4318575.093, 93
Trd, 4318576.243, 132
Trd, 4318576.843, 108
Trd, 4318578.443, 87
Trd, 4318579.043, 124
Trd, 4318581.493, 95
Trd, 4318581.593, 85
Trd, 4318582.343, 112
Trd, 4318583.593, 112
Trd, 4318583.843, 124
Trd, 4318584.093, 129
Trd, 4318584.843, 92
Trd, 4318584.893, 111
Trd, 4318586.093, 129
Trd, 4318587.593, 89
Trd, 4318588.743, 110
Trd, 4318590.043, 85
Trd, 4318590.343, 76
Trd, 4318590.943, 103
Trd, 4318592.493, 130
Trd, 4318594.143, 110
Trd, 4318594.393, 109
Trd, 4318595.193, 128
Trd, 4318596.293, 85
Trd, 4318597.193, 103
Trd, 4318598.593, 129
Trd, 4318600.743, 125
Trd, 4318600.843, 110
Trd, 4318602.643, 96
Trd, 4318604.243, 114
Trd, 4318604.543, 107
Trd, 4318605.543, 113
Trd, 4318606.043, 107
Trd, 4318608.043, 118
Trd, 4318608.293, 117
Trd, 4318608.993, 106
Trd, 4318610.993, 85
Trd, 4318611.743, 115
Trd, 4318612.493, 110
Trd, 4318612.743, 116
Trd, 4318613.993, 122
Trd, 4318614.243, 102
Trd, 4318614.393, 93
Trd, 4318614.893, 131
Trd, 4318615.093, 81
Trd, 4318617.043, 102
Trd, 4318617.393, 98
Trd, 4318617.543, 85
Trd, 4318618.693, 133
Trd, 4318619.943, 111
Trd, 4318620.943, 134
Trd, 4318622.243, 98
Trd, 4318623.443, 109
Trd, 4318624.943, 110
Trd, 4318626.043, 95
Trd, 4318626.493, 111
Trd, 4318626.593, 113
Trd, 4318630.143, 97
Trd, 4318630.593, 97
Trd, 4318632.243, 111
Trd, 4318632.493, 116
Trd, 4318632.743, 99
Trd, 4318633.293, 82
Trd, 4318634.493, 117
Trd, 4318634.843, 131
Trd, 4318636.343, 134
Trd, 4318638.493, 82
Trd, 4318639.343, 62
Trd, 4318640.793, 115
Trd, 4318640.893, 115
Trd, 4318641.443, 81
Trd, 4318642.443, 109
Trd, 4318644.043, 107
Trd, 4318644.093, 99
Trd, 4318644.393, 98
Trd, 4318645.593, 135
Trd, 4318646.943, 129
Trd, 4318647.343, 118
Trd, 4318648.443, 134
Trd, 4318650.843, 85
Trd, 4318651.843, 100
Trd, 4318653.043, 104
Trd, 4318653.393, 102
Trd, 4318653.593, 83
Trd, 4318653.893, 119
Trd, 4318654.043, 121
Trd, 4318654.943, 96
Trd, 4318656.643, 81
Trd, 4318657.443, 85
Trd, 4318657.493, 96
Trd, 4318659.993, 85
Trd, 4318660.143, 109
Trd, 4318660.743, 111
Trd, 4318661.593, 108
Trd, 4318662.143, 126
Trd, 4318662.493, 92
Trd, 4318662.943, 117
Trd, 4318663.743, 103
Trd, 4318666.393, 110
Trd, 4318667.793, 133
Trd, 4318668.493, 110
Trd, 4318668.693, 119
Trd, 4318669.093, 100
Trd, 4318670.293, 87
Trd, 4318671.443, 103
Trd, 4318673.293, 92
Trd, 4318674.293, 114
Trd, 4318676.493, 107
Trd, 4318677.343, 91
Trd, 4318677.593, 133
Trd, 4318677.993, 115
Trd, 4318681.693, 115
Trd, 4318682.243, 112
Trd, 4318682.393, 119
Trd, 4318682.493, 114
Trd, 4318684.593, 127
Trd, 4318685.543, 131
Trd, 4318685.793, 123
Trd, 4318686.593, 139
Trd, 4318686.643, 108
Trd, 4318687.043, 106
Trd, 4318688.793, 129
Trd, 4318689.893, 116
Trd, 4318690.243, 104
Trd, 4318690.993, 108
Trd, 4318692.093, 110
Trd, 4318695.343, 96
Trd, 4318696.093, 92
Trd, 4318696.193, 85
Trd, 4318696.493, 125
Trd, 4318697.143, 125
Trd, 4318697.593, 112
Trd, 4318701.743, 111
Trd, 4318701.893, 116
Trd, 4318702.193, 113
Trd, 4318702.893, 116
Trd, 4318703.343, 98
Trd, 4318704.493, 132
Trd, 4318705.293, 109
Trd, 4318706.043, 126
Trd, 4318707.793, 124
Trd, 4318710.043, 119
Trd, 4318710.993, 94
Trd, 4318711.093, 90
Trd, 4318711.293, 78
Trd, 4318713.143, 90
Trd, 4318713.743, 73
Trd, 4318713.893, 128
Trd, 4318715.293, 107
Trd, 4318715.493, 106
Trd, 4318715.793, 77
Trd, 4318718.043, 81
Trd, 4318718.243, 117
Trd, 4318720.743, 118
Trd, 4318721.043, 112
Trd, 4318721.993, 97
Trd, 4318722.193, 95
Trd, 4318722.943, 130
Trd, 4318725.593, 138
Trd, 4318726.643, 112
Trd, 4318728.543, 125
Trd, 4318728.943, 120
Trd, 4318729.093, 103
Trd, 4318730.543, 75
Trd, 4318731.543, 88
Trd, 4318733.693, 121
Trd, 4318733.793, 125
Trd, 4318734.043, 128
Trd, 4318734.993, 123
Trd, 4318736.043, 116
Trd, 4318736.943, 114
Trd, 4318737.693, 114
Trd, 4318738.493, 112
Trd, 4318738.743, 121
Trd, 4318738.943, 109
Trd, 4318739.443, 99
Trd, 4318740.243, 137
Trd, 4318741.243, 132
Trd, 4318743.643, 115
Trd, 4318744.393, 127
Trd, 4318745.293, 118
Trd, 4318747.393, 102
Trd, 4318748.293, 108
Trd, 4318748.393, 116
Trd, 4318748.443, 105
Trd, 4318748.643, 98
Trd, 4318749.043, 110
Trd, 4318751.643, 135
Trd, 4318752.243, 135
Trd, 4318752.593, 101
Trd, 4318754.193, 121
Trd, 4318754.643, 100
Trd, 4318755.743, 112
Trd, 4318755.793, 91
Trd, 4318755.843, 87
Trd, 4318755.893, 84
Trd, 4318757.693, 106
Trd, 4318758.393, 84
Trd, 4318759.143, 123
Trd, 4318760.293, 98
Trd, 4318761.293, 112
Trd, 4318761.443, 119
Trd, 4318761.743, 100
Trd, 4318761.993, 79
Trd, 4318763.543, 77
Trd, 4318764.293, 80
Trd, 4318764.843, 64
Trd, 4318766.193, 131
Trd, 4318767.043, 116
Trd, 4318768.743, 89
Trd, 4318770.843, 140
Trd, 4318770.893, 117
Trd, 4318771.643, 113
Trd, 4318771.793, 93
Trd, 4318772.193, 87
Trd, 4318772.343, 95
Trd, 4318773.943, 113
Trd, 4318774.543, 118
Trd, 4318776.043, 131
Trd, 4318777.343, 117
Trd, 4318777.993, 135
Trd, 4318778.043, 108
Trd, 4318778.243, 105
Trd, 4318778.343, 117
Trd, 4318780.543, 101
Trd, 4318781.443, 79
Trd, 4318781.693, 105
Trd, 4318783.343, 109
Trd, 4318783.593, 125
Trd, 4318783.843, 107
Trd, 4318784.243, 95
Trd, 4318785.343, 108
Trd, 4318786.043, 83
Trd, 4318787.593, 125
Trd, 4318787.943, 138
Trd, 4318788.793, 119
Trd, 4318789.493, 114
Trd, 4318789.643, 114
Trd, 4318789.993, 97
Trd, 4318792.943, 103
Trd, 4318795.243, 130
Trd, 4318795.593, 127
Trd, 4318796.093, 107
Trd, 4318796.593, 125
Trd, 4318799.593, 105
Trd, 4318800.543, 97
Trd, 4318800.893, 106
Trd, 4318801.543, 93
Trd, 4318801.593, 89
Trd, 4318802.443, 115
Trd, 4318802.843, 132
Trd, 4318804.393, 85
Trd, 4318804.743, 93
Trd, 4318806.493, 130
Trd, 4318807.243, 97
Trd, 4318808.043, 113
Trd, 4318809.143, 113
Trd, 4318809.193, 95
Trd, 4318810.193, 129
Trd, 4318810.593, 132
Trd, 4318813.493, 120
Trd, 4318814.743, 110
Trd, 4318814.893, 119
Trd, 4318816.243, 130
Trd, 4318816.543, 96
Trd, 4318816.693, 100
Trd, 4318817.393, 82
Trd, 4318818.893, 124
Trd, 4318819.243, 126
Trd, 4318819.593, 60
Trd, 4318820.493, 104
Trd, 4318821.243, 84
Trd, 4318822.293, 96
Trd, 4318822.943, 99
Trd, 4318825.193, 136
Trd, 4318825.643, 89
Trd, 4318826.843, 105
Trd, 4318828.293, 116
Trd, 4318828.993, 119
Trd, 4318829.143, 113
Trd, 4318829.793, 133
Trd, 4318832.043, 104
Trd, 4318832.093, 100
Trd, 4318832.443, 94
Trd, 4318832.793, 86
Trd, 4318833.243, 121
Trd, 4318834.793, 140
Trd, 4318836.593, 127
Trd, 4318837.593, 122
Trd, 4318838.793, 126
Trd, 4318839.143, 102
Trd, 4318839.293, 98
Trd, 4318839.793, 96
Trd, 4318841.893, 107
Trd, 4318842.243, 97
Trd, 4318843.143, 124
Trd, 4318843.943, 120
Trd, 4318845.193, 97
Trd, 4318846.293, 132
Trd, 4318846.793, 125
Trd, 4318847.493, 99
Trd, 4318847.593, 91
Trd, 4318848.843, 94
Trd, 4318848.893, 110
Trd, 4318849.343, 84
Trd, 4318849.643, 117
Trd, 4318851.893, 125
Trd, 4318852.493, 117
Trd, 4318853.243, 114
Trd, 4318853.843, 129
Trd, 4318855.093, 81
Trd, 4318855.293, 107
Trd, 4318855.643, 70
Trd, 4318857.093, 120
Trd, 4318857.543, 108
Trd, 4318857.643, 108
Trd, 4318860.643, 120
Trd, 4318861.143, 108
Trd, 4318862.293, 87
Trd, 4318862.693, 119
Trd, 4318863.693, 117
Trd, 4318863.743, 97
Trd, 4318864.043, 117
Trd, 4318868.643, 137
Trd, 4318868.743, 107
Trd, 4318869.893, 138
Trd, 4318870.643, 134
Trd, 4318870.793, 107
Trd, 4318870.843, 94
Trd, 4318871.093, 75
Trd, 4318871.793, 98
Trd, 4318873.293, 103
Trd, 4318875.593, 97
Trd, 4318876.343, 119
Trd, 4318876.893, 124
Trd, 4318877.193, 81
Trd, 4318878.193, 105
Trd, 4318880.043, 113
Trd, 4318880.843, 90
Trd, 4318883.443, 138
Trd, 4318884.443, 110
Trd, 4318884.943, 105
Trd, 4318885.743, 89
Trd, 4318886.393, 85
Trd, 4318887.443, 125
Trd, 4318887.493, 117
Trd, 4318888.243, 83
Trd, 4318890.493, 113
Trd, 4318892.593, 113
Trd, 4318893.743, 117
Trd, 4318893.793, 89
Trd, 4318894.193, 127
Trd, 4318894.543, 130
Trd, 4318894.943, 123
Trd, 4318896.393, 138
Trd, 4318898.493, 132
Trd, 4318898.593, 111
Trd, 4318898.893, 104
Trd, 4318900.593, 106
Trd, 4318902.043, 118
Trd, 4318903.393, 133
Trd, 4318903.493, 126
Trd, 4318903.743, 118
Trd, 4318904.093, 110
Trd, 4318905.343, 90
Trd, 4318907.493, 112
Trd, 4318908.193, 132
Trd, 4318908.843, 123
Trd, 4318908.943, 119
Trd, 4318910.193, 135
Trd, 4318910.743, 100
Trd, 4318912.793, 101
Trd, 4318912.893, 107
Trd, 4318915.093, 121
Trd, 4318915.693, 95
Trd, 4318916.043, 85
Trd, 4318916.843, 84
Trd, 4318917.393, 104
Trd, 4318919.293, 121
Trd, 4318920.293, 118
Trd, 4318920.893, 118
Trd, 4318921.593, 130
Trd, 4318921.693, 100
Trd, 4318922.243, 108
Trd, 4318923.443, 99
Trd, 4318923.493, 81
Trd, 4318924.143, 125
Trd, 4318924.643, 93
Trd, 4318924.993, 78
Trd, 4318925.943, 105
Trd, 4318927.993, 134
Trd, 4318929.593, 102
Trd, 4318929.893, 84
Trd, 4318930.643, 123
Trd, 4318931.343, 126
Trd, 4318932.993, 122
Trd, 4318933.693, 100
Trd, 4318933.893, 99
Trd, 4318936.293, 90
Trd, 4318937.293, 99
Trd, 4318937.793, 118
Trd, 4318940.143, 106
Trd, 4318940.343, 100
Trd, 4318944.243, 140
Trd, 4318944.893, 114
Trd, 4318945.393, 97
Trd, 4318947.043, 138
Trd, 4318947.393, 123
Trd, 4318948.693, 137
Trd, 4318949.093, 126
Trd, 4318949.143, 99
Trd, 4318951.093, 116
Trd, 4318951.243, 110
Trd, 4318954.693, 120
Trd, 4318954.893, 129
Trd, 4318955.293, 109
Trd, 4318955.443, 106
Trd, 4318958.043, 126
Trd, 4318959.543, 112
Trd, 4318960.093, 99
Trd, 4318961.093, 97
Trd, 4318961.443, 105
Trd, 4318961.893, 126
Trd, 4318962.293, 120
Trd, 4318963.243, 125
Trd, 4318963.393, 103
Trd, 4318964.993, 121
Trd, 4318967.243, 104
Trd, 4318967.493, 110
Trd, 4318968.093, 114
Trd, 4318969.193, 89
Trd, 4318970.543, 98
Trd, 4318971.243, 89
Trd, 4318973.443, 106
Trd, 4318974.593, 120
Trd, 4318975.793, 114
Trd, 4318976.243, 121
Trd, 4318977.593, 112
Trd, 4318978.393, 96
Trd, 4318978.943, 95
Trd, 4318979.143, 95
Trd, 4318979.243, 83
Trd, 4318982.193, 123
Trd, 4318983.443, 127
Trd, 4318983.743, 105
Trd, 4318985.693, 118
Trd, 4318985.843, 104
Trd, 4318986.543, 139
Trd, 4318989.443, 129
Trd, 4318990.143, 133
Trd, 4318990.393, 115
Trd, 4318990.643, 124
Trd, 4318993.443, 135
Trd, 4318993.493, 120
Trd, 4318993.693, 118
Trd, 4318993.843, 107
Trd, 4318994.293, 110
Trd, 4318995.093, 114
Trd, 4318995.393, 131
Trd, 4318996.743, 93
Trd, 4318997.493, 116
Trd, 4318999.093, 110
Trd, 4319001.893, 122
Trd, 4319002.193, 119
Trd, 4319002.393, 118
Trd, 4319004.143, 138
Trd, 4319005.443, 121
Trd, 4319006.543, 102
Trd, 4319006.943, 105
Trd, 4319008.093, 90
Trd, 4319008.543, 137
Trd, 4319008.893, 114
Trd, 4319011.443, 100
Trd, 4319012.493, 107
Trd, 4319012.943, 88
Trd, 4319013.493, 95
Trd, 4319014.493, 114
Trd, 4319015.443, 126
Trd, 4319015.793, 112
Trd, 4319016.793, 127
Trd, 4319017.243, 107
Trd, 4319018.543, 135
Trd, 4319018.593, 115
Trd, 4319020.893, 120
Trd, 4319021.143, 120
Trd, 4319023.543, 134
Trd, 4319024.943, 126
Trd, 4319025.543, 128
Trd, 4319026.043, 114
Trd, 4319027.443, 138
Trd, 4319028.193, 130
Trd, 4319028.693, 90
Trd, 4319031.443, 117
Trd, 4319031.693, 100
Trd, 4319032.493, 111
Trd, 4319032.743, 95
Trd, 4319033.343, 92
Trd, 4319034.443, 86
Trd, 4319035.593, 112
Trd, 4319035.793, 89
Trd, 4319036.243, 79
Trd, 4319038.543, 115
Trd, 4319039.243, 109
Trd, 4319039.543, 101
Trd, 4319039.843, 100
Trd, 4319041.693, 130
Trd, 4319042.543, 88
Trd, 4319042.643, 105
Trd, 4319044.093, 113
Trd, 4319045.893, 99
Trd, 4319046.593, 115
Trd, 4319046.943, 95
Trd, 4319047.993, 89
Trd, 4319048.093, 96
Trd, 4319048.943, 122
Trd, 4319050.443, 121
Trd, 4319052.343, 121
Trd, 4319052.593, 123
Trd, 4319052.743, 118
Trd, 4319054.143, 124
Trd, 4319054.443, 106
Trd, 4319056.543, 104
Trd, 4319057.493, 117
Trd, 4319057.693, 109
Trd, 4319057.793, 95
Trd, 4319057.993, 115
Trd, 4319058.093, 89
Trd, 4319059.693, 71
Trd, 4319059.893, 103
Trd, 4319061.143, 100
Trd, 4319061.893, 94
Trd, 4319062.643, 84
Trd, 4319064.993, 132
Trd, 4319065.893, 130
Trd, 4319066.493, 119
Trd, 4319067.843, 123
Trd, 4319068.243, 106
Trd, 4319068.393, 88
Trd, 4319069.793, 68
Trd, 4319069.993, 103
Trd, 4319070.043, 131
Trd, 4319071.943, 108
Trd, 4319074.093, 82
Trd, 4319074.293, 78
Trd, 4319074.493, 138
Trd, 4319074.693, 70
Trd, 4319075.843, 98
Trd, 4319076.893, 124
Trd, 4319079.343, 83
Trd, 4319080.893, 90
Trd, 4319081.093, 102
Trd, 4319081.943, 133
Trd, 4319083.543, 82
Trd, 4319084.243, 105
Trd, 4319084.993, 95
Trd, 4319085.893, 93
Trd, 4319087.343, 135
Trd, 4319089.543, 114
Trd, 4319089.643, 112
Trd, 4319090.043, 108
Trd, 4319091.743, 130
Trd, 4319092.043, 127
Trd, 4319092.743, 114
Trd, 4319094.743, 140
Trd, 4319095.193, 129
Trd, 4319096.493, 103
Trd, 4319097.843, 118
Trd, 4319100.293, 140
Trd, 4319100.993, 112
Trd, 4319101.543, 115
Trd, 4319101.643, 103
Trd, 4319102.443, 96
Trd, 4319102.943, 98
Trd, 4319103.043, 79
Trd, 4319104.943, 88
Trd, 4319106.193, 126
Trd, 4319107.543, 110
Trd, 4319108.143, 107
Trd, 4319109.043, 109
Trd, 4319111.393, 119
Trd, 4319111.743, 116
Trd, 4319111.893, 87
Trd, 4319114.793, 98
Trd, 4319115.243, 122
Trd, 4319115.493, 113
Trd, 4319116.743, 96
Trd, 4319117.293, 107
Trd, 4319119.043, 106
Trd, 4319119.893, 134
Trd, 4319122.493, 107
Trd, 4319123.143, 138
Trd, 4319123.293, 111
Trd, 4319124.543, 97
Trd, 4319124.743, 96
Trd, 4319125.843, 105
Trd, 4319126.093, 112
Trd, 4319126.343, 82
Trd, 4319127.493, 132
Trd, 4319128.943, 84
Trd, 4319130.243, 108
Trd, 4319130.593, 117
Trd, 4319131.743, 112
Trd, 4319132.643, 103
Trd, 4319133.343, 99
Trd, 4319133.893, 96
Trd, 4319136.243, 119
Trd, 4319137.943, 102
Trd, 4319138.093, 91
Trd, 4319138.543, 73
Trd, 4319138.593, 101
Trd, 4319140.343, 101
Trd, 4319141.943, 138
Trd, 4319142.843, 115
Trd, 4319143.193, 103
Trd, 4319143.443, 130
Trd, 4319145.543, 100
Trd, 4319146.143, 96
Trd, 4319146.543, 107
Trd, 4319147.343, 134
Trd, 4319147.593, 112
Trd, 4319149.393, 105
Trd, 4319151.443, 139
Trd, 4319151.593, 120
Trd, 4319152.343, 136
Trd, 4319152.443, 121
Trd, 4319152.743, 103
Trd, 4319155.143, 126
Trd, 4319155.443, 111
Trd, 4319155.843, 117
Trd, 4319158.643, 135
Trd, 4319159.293, 128
Trd, 4319159.393, 93
Trd, 4319160.393, 114
Trd, 4319161.543, 134
Trd, 4319162.943, 94
Trd, 4319163.693, 102
Trd, 4319164.793, 121
Trd, 4319165.343, 79
Trd, 4319166.043, 103
Trd, 4319167.043, 76
Trd, 4319167.743, 95
Trd, 4319170.043, 137
Trd, 4319170.543, 112
Trd, 4319170.793, 86
Trd, 4319173.293, 73
Trd, 4319174.843, 127
Trd, 4319174.893, 117
Trd, 4319175.593, 138
Trd, 4319175.693, 110
Trd, 4319175.893, 134
Trd, 4319176.893, 89
Trd, 4319178.543, 103
Trd, 4319178.643, 113
Trd, 4319180.093, 97
Trd, 4319180.243, 87
Trd, 4319181.993, 72
Trd, 4319183.143, 82
Trd, 4319185.043, 85
Trd, 4319185.193, 95
Trd, 4319186.093, 104
Trd, 4319186.643, 136
Trd, 4319188.193, 114
Trd, 4319189.143, 106
Trd, 4319191.043, 121
Trd, 4319191.393, 103
Trd, 4319193.243, 84
Trd, 4319193.343, 119
Trd, 4319193.493, 126
Trd, 4319193.593, 95
Trd, 4319194.343, 126
Trd, 4319195.343, 100
Trd, 4319197.793, 107
Trd, 4319198.243, 84
Trd, 4319198.443, 85
Trd, 4319199.743, 112
Trd, 4319202.143, 96
Trd, 4319202.843, 138
Trd, 4319204.443, 92
Trd, 4319205.993, 116
Trd, 4319206.093, 129
Trd, 4319206.743, 115
Trd, 4319207.643, 101
Trd, 4319208.743, 103
Trd, 4319208.893, 99
Trd, 4319209.393, 64
Trd, 4319211.293, 96
Trd, 4319213.393, 87
Trd, 4319213.593, 82
Trd, 4319213.943, 92
Trd, 4319214.643, 127
Trd, 4319217.093, 121
Trd, 4319218.643, 121
Trd, 4319219.593, 103
Trd, 4319221.043, 111
Trd, 4319221.743, 102
Trd, 4319221.893, 98
Trd, 4319222.293, 106
Trd, 4319222.793, 128
Trd, 4319223.793, 104
Trd, 4319224.193, 106
Trd, 4319224.843, 130
Trd, 4319226.143, 107
Trd, 4319226.943, 104
Trd, 4319227.243, 99
Trd, 4319227.643, 102
Trd, 4319229.593, 112
Trd, 4319229.793, 92
Trd, 4319230.393, 94
Trd, 4319230.593, 62
Trd, 4319231.793, 133
Trd, 4319232.893, 134
Trd, 4319233.693, 105
Trd, 4319234.393, 93
Trd, 4319235.243, 78
Trd, 4319236.443, 96
Trd, 4319236.893, 114
Trd, 4319238.243, 87
Trd, 4319238.543, 108
Trd, 4319238.993, 121
Trd, 4319240.893, 104
Trd, 4319241.393, 136
Trd, 4319242.293, 136
Trd, 4319242.693, 125
Trd, 4319242.943, 100
Trd, 4319245.743, 117
Trd, 4319249.343, 129
Trd, 4319250.143, 101
Trd, 4319250.793, 103
Trd, 4319250.843, 90
Trd, 4319251.893, 102
Trd, 4319252.693, 111
Trd, 4319253.293, 112
Trd, 4319254.843, 115
Trd, 4319256.393, 118
Trd, 4319257.343, 115
Trd, 4319257.993, 100
Trd, 4319259.293, 122
Trd, 4319261.043, 133
Trd, 4319262.093, 122
Trd, 4319262.793, 112
Trd, 4319264.493, 122
Trd, 4319265.393, 132
Trd, 4319266.093, 116
Trd, 4319266.143, 106
Trd, 4319267.343, 106
Trd, 4319268.343, 98
Trd, 4319271.543, 127
Trd, 4319272.143, 110
Trd, 4319272.843, 124
Trd, 4319273.793, 104
Trd, 4319273.993, 102
Trd, 4319274.293, 108
Trd, 4319275.093, 106
Trd, 4319275.343, 76
Trd, 4319275.993, 122
Trd, 4319278.093, 99
Trd, 4319279.793, 104
Trd, 4319280.943, 107
Trd, 4319281.243, 135
Trd, 4319282.493, 126
Trd, 4319284.493, 109
Trd, 4319285.243, 106
Trd, 4319286.293, 126
Trd, 4319287.643, 124
Trd, 4319288.843, 133
Trd, 4319289.393, 89
Trd, 4319289.743, 86
Trd, 4319290.893, 136
Trd, 4319291.293, 117
Trd, 4319291.993, 83
Trd, 4319292.193, 86
Trd, 4319293.643, 139
Trd, 4319293.993, 83
Trd, 4319294.793, 104
Trd, 4319297.643, 106
Trd, 4319298.993, 126
Trd, 4319299.593, 101
Trd, 4319299.993, 138
Trd, 4319300.843, 94
Trd, 4319301.393, 128
Trd, 4319302.143, 102
Trd, 4319302.443, 85
Trd, 4319302.843, 138
Trd, 4319303.293, 84
Trd, 4319303.943, 122
Trd, 4319305.693, 138
Trd, 4319307.043, 121
Trd, 4319308.193, 114
Trd, 4319310.343, 137
Trd, 4319312.843, 114
Trd, 4319312.943, 87
Trd, 4319314.793, 113
Trd, 4319315.243, 102
Trd, 4319316.893, 116
Trd, 4319317.193, 105
Trd, 4319318.043, 126
Trd, 4319318.443, 117
Trd, 4319318.493, 88
Trd, 4319319.993, 123
Trd, 4319322.143, 113
Trd, 4319323.443, 129
Trd, 4319323.893, 132
Trd, 4319324.543, 135
Trd, 4319325.493, 111
Trd, 4319325.743, 128
Trd, 4319326.443, 95
Trd, 4319327.993, 113
Trd, 4319328.443, 104
Trd, 4319330.043, 137
Trd, 4319331.493, 112
Trd, 4319331.593, 84
Trd, 4319334.443, 118
Trd, 4319334.643, 113
Trd, 4319335.293, 132
Trd, 4319336.193, 80
Trd, 4319336.393, 80
Trd, 4319336.593, 90
Trd, 4319337.493, 91
Trd, 4319338.293, 114
Trd, 4319339.343, 129
Trd, 4319341.743, 116
Trd, 4319342.093, 130
Trd, 4319342.543, 117
Trd, 4319342.843, 116
Trd, 4319345.493, 124
Trd, 4319345.543, 91
Trd, 4319346.843, 109
Trd, 4319347.793, 117
Trd, 4319347.943, 88
Trd, 4319348.543, 131
Trd, 4319349.293, 69
Trd, 4319350.193, 94
Trd, 4319352.493, 82
Trd, 4319353.643, 104
Trd, 4319353.893, 103
Trd, 4319354.393, 83
Trd, 4319354.493, 127
Trd, 4319355.493, 84
Trd, 4319357.143, 124
Trd, 4319358.343, 128
Trd, 4319359.193, 116
Trd, 4319359.893, 80
Trd, 4319361.143, 130
Trd, 4319361.693, 74
Trd, 4319361.993, 105
Trd, 4319362.443, 120
Trd, 4319363.993, 108
Trd, 4319364.443, 106
Trd, 4319364.593, 94
Trd, 4319364.743, 93
Trd, 4319365.943, 135
Trd, 4319367.193, 129
Trd, 4319368.493, 126
Trd, 4319368.993, 116
Trd, 4319369.593, 109
Trd, 4319370.393, 124
Trd, 4319371.043, 109
Trd, 4319371.743, 135
Trd, 4319372.643, 124
Trd, 4319376.493, 102
Trd, 4319376.693, 121
Trd, 4319376.843, 102
Trd, 4319377.593, 97
Trd, 4319380.093, 111
Trd, 4319381.993, 120
Trd, 4319382.743, 108
Trd, 4319382.943, 105
Trd, 4319383.243, 72
Trd, 4319384.543, 121
Trd, 4319385.493, 127
Trd, 4319386.193, 92
Trd, 4319387.843, 140
Trd, 4319388.293, 125
Trd, 4319389.293, 105
Trd, 4319389.343, 82
Trd, 4319390.243, 122
Trd, 4319393.693, 135
Trd, 4319394.643, 113
Trd, 4319394.743, 132
Trd, 4319396.593, 132
Trd, 4319398.543, 116
Trd, 4319398.643, 105
Trd, 4319399.243, 88
Trd, 4319400.043, 89
Trd, 4319400.293, 106
Trd, 4319400.343, 126
Trd, 4319402.993, 98
Trd, 4319403.193, 97
Trd, 4319403.893, 88
Trd, 4319405.243, 133
Trd, 4319405.393, 118
Trd, 4319405.493, 113
Trd, 4319406.343, 69
Trd, 4319408.343, 117
Trd, 4319409.093, 112
Trd, 4319409.243, 98
Trd, 4319409.593, 91
Trd, 4319411.093, 111
Trd, 4319411.243, 101
Trd, 4319412.993, 86
Trd, 4319413.793, 119
Trd, 4319414.193, 113
Trd, 4319415.643, 119
Trd, 4319416.293, 115
Trd, 4319417.593, 112
Trd, 4319418.943, 102
Trd, 4319419.493, 106
Trd, 4319420.293, 109
Trd, 4319421.493, 112
Trd, 4319422.443, 112
Trd, 4319423.393, 104
Trd, 4319423.543, 121
Trd, 4319423.893, 107
Trd, 4319425.993, 92
Trd, 4319426.243, 91
Trd, 4319426.343, 82
Trd, 4319429.343, 108
Trd, 4319429.543, 125
Trd, 4319430.043, 100
Trd, 4319431.043, 127
Trd, 4319431.093, 103
Trd, 4319431.843, 101
Trd, 4319433.043, 122
Trd, 4319434.793, 124
Trd, 4319436.693, 132
Trd, 4319437.043, 122
Trd, 4319437.093, 118
Trd, 4319437.243, 91
Trd, 4319437.543, 94
Trd, 4319438.593, 98
Trd, 4319439.293, 139
Trd, 4319441.593, 116
Trd, 4319441.843, 111
Trd, 4319442.543, 132
Trd, 4319443.593, 122
Trd, 4319443.743, 112
Trd, 4319448.043, 131
Trd, 4319449.343, 118
Trd, 4319449.843, 116
Trd, 4319450.893, 116
Trd, 4319451.043, 114
Trd, 4319453.793, 99
Trd, 4319454.093, 95
Trd, 4319454.393, 93
Trd, 4319454.443, 130
Trd, 4319454.593, 131
Trd, 4319456.493, 65
Trd, 4319457.443, 74
Trd, 4319457.743, 82
Trd, 4319458.693, 119
Trd, 4319459.993, 110
Trd, 4319460.593, 109
Trd, 4319462.043, 101
Trd, 4319463.393, 130
Trd, 4319464.443, 103
Trd, 4319464.643, 102
Trd, 4319465.143, 126
Trd, 4319466.793, 109
Trd, 4319467.743, 114
Trd, 4319468.643, 136
Trd, 4319469.593, 97
Trd, 4319470.143, 99
Trd, 4319470.443, 132
Trd, 4319472.943, 107
Trd, 4319473.843, 134
Trd, 4319474.193, 117
Trd, 4319475.243, 105
Trd, 4319475.393, 109
Trd, 4319475.493, 111
Trd, 4319477.093, 111
Trd, 4319478.443, 127
Trd, 4319479.393, 131
Trd, 4319481.043, 91
Trd, 4319481.593, 67
Trd, 4319482.843, 131
Trd, 4319485.093, 115
Trd, 4319485.193, 130
Trd, 4319486.943, 120
Trd, 4319488.443, 112
Trd, 4319490.443, 121
Trd, 4319491.193, 96
Trd, 4319491.593, 81
Trd, 4319492.293, 89
Trd, 4319492.943, 135
Trd, 4319494.093, 99
Trd, 4319495.843, 129
Trd, 4319496.493, 124
Trd, 4319497.793, 133
Trd, 4319498.543, 113
Trd, 4319500.643, 100
Trd, 4319501.193, 92
Trd, 4319503.193, 131
Trd, 4319505.243, 131
Trd, 4319505.693, 131
Trd, 4319505.843, 115
Trd, 4319507.143, 119
Trd, 4319508.543, 121
Trd, 4319508.893, 119
Trd, 4319511.493, 108
Trd, 4319512.293, 135
Trd, 4319513.293, 132
Trd, 4319514.643, 110
Trd, 4319516.743, 107
Trd, 4319517.043, 110
Trd, 4319517.393, 113
Trd, 4319519.593, 134
Trd, 4319521.043, 87
Trd, 4319521.843, 93
Trd, 4319521.893, 112
Trd, 4319522.143, 93
Trd, 4319523.243, 112
Trd, 4319524.943, 130
Trd, 4319525.593, 134
Trd, 4319525.993, 118
Trd, 4319526.693, 135
Trd, 4319526.893, 110
Trd, 4319527.643, 80
Trd, 4319529.143, 68
Trd, 4319529.243, 70
Trd, 4319530.793, 126
Trd, 4319531.593, 83
Trd, 4319531.943, 106
Trd, 4319532.893, 88
Trd, 4319533.093, 65
Trd, 4319534.043, 110
Trd, 4319535.043, 138
Trd, 4319536.193, 133
Trd, 4319537.443, 126
Trd, 4319538.543, 123
Trd, 4319540.343, 90
Trd, 4319540.593, 87
Trd, 4319542.793, 94
Trd, 4319544.243, 128
Trd, 4319544.693, 109
Trd, 4319544.943, 100
Trd, 4319547.343, 104
Trd, 4319547.943, 96
Trd, 4319548.093, 93
Trd, 4319550.543, 127
Trd, 4319550.993, 111
Trd, 4319551.693, 104
Trd, 4319554.243, 111
Trd, 4319554.993, 120
Trd, 4319555.943, 129
Trd, 4319557.243, 137
Trd, 4319557.843, 108
Trd, 4319557.993, 93
Trd, 4319559.743, 132
Trd, 4319560.443, 138
Trd, 4319561.643, 116
Trd, 4319562.843, 115
Trd, 4319562.943, 129
Trd, 4319563.643, 121
Trd, 4319566.443, 119
Trd, 4319567.043, 99
Trd, 4319567.543, 124
Trd, 4319568.293, 135
Trd, 4319568.893, 114
Trd, 4319571.343, 115
Trd, 4319571.943, 136
Trd, 4319572.743, 92
Trd, 4319572.793, 88
Trd, 4319573.193, 87
Trd, 4319573.543, 83
Trd, 4319574.993, 139
Trd, 4319575.743, 107
Trd, 4319577.743, 124
Trd, 4319577.793, 111
Trd, 4319577.893, 96
Trd, 4319579.343, 99
Trd, 4319579.793, 110
Trd, 4319581.093, 124
Trd, 4319581.343, 122
Trd, 4319583.743, 99
Trd, 4319584.293, 110
Trd, 4319584.593, 129
Trd, 4319585.843, 106
Trd, 4319586.993, 91
Trd, 4319588.493, 114
Trd, 4319588.993, 91
Trd, 4319589.143, 91
Trd, 4319589.393, 110
Trd, 4319591.843, 104
Trd, 4319594.443, 100
Trd, 4319594.993, 97
Trd, 4319596.093, 101
Trd, 4319596.243, 90
Trd, 4319599.243, 108
Trd, 4319600.193, 127
Trd, 4319600.493, 108
Trd, 4319600.943, 124
Trd, 4319601.943, 117
Trd, 4319602.243, 114
Trd, 4319602.693, 93
Trd, 4319604.343, 118
Trd, 4319604.493, 112
Trd, 4319608.643, 111
Trd, 4319609.043, 105
Trd, 4319609.493, 93
Trd, 4319609.793, 72
Trd, 4319610.843, 84
Trd, 4319610.893, 105
Trd, 4319611.643, 135
Trd, 4319613.793, 132
Trd, 4319614.443, 108
Trd, 4319614.943, 90
Trd, 4319615.543, 99
Trd, 4319616.143, 87
Trd, 4319617.343, 86
Trd, 4319619.043, 100
Trd, 4319620.093, 139
Trd, 4319621.493, 115
Trd, 4319621.643, 97
Trd, 4319622.093, 128
Trd, 4319625.393, 139
Trd, 4319625.843, 127
Trd, 4319626.193, 104
Trd, 4319626.643, 133
Trd, 4319627.593, 133
Trd, 4319627.893, 131
Trd, 4319628.093, 135
Trd, 4319629.943, 112
Trd, 4319629.993, 110
Trd, 4319631.493, 114
Trd, 4319631.943, 109
Trd, 4319632.393, 103
Trd, 4319632.993, 74
Trd, 4319635.393, 134
Trd, 4319637.993, 110
Trd, 4319639.493, 100
Trd, 4319641.093, 134
Trd, 4319641.193, 121
Trd, 4319642.043, 114
Trd, 4319642.093, 104
Trd, 4319642.543, 88
Trd, 4319642.893, 120
Trd, 4319645.993, 120
Trd, 4319646.643, 119
Trd, 4319646.793, 107
Trd, 4319647.393, 96
Trd, 4319647.643, 106
Trd, 4319648.643, 114
Trd, 4319649.243, 111
Trd, 4319649.743, 100
Trd, 4319652.343, 92
Trd, 4319652.693, 75
Trd, 4319653.193, 119
Trd, 4319653.443, 136
Trd, 4319653.943, 127
Trd, 4319655.743, 106
Trd, 4319657.193, 111
Trd, 4319658.143, 125
Trd, 4319658.643, 124
Trd, 4319659.993, 90
Trd, 4319660.693, 91
Trd, 4319661.043, 112
Trd, 4319661.093, 94
Trd, 4319661.543, 113
Trd, 4319664.343, 104
Trd, 4319665.793, 109
Trd, 4319666.493, 102
Trd, 4319667.943, 128
Trd, 4319669.243, 138
Trd, 4319669.593, 116
Trd, 4319671.393, 122
Trd, 4319673.143, 116
Trd, 4319673.893, 130
Trd, 4319674.043, 112
Trd, 4319674.993, 111
Trd, 4319675.493, 123
Trd, 4319675.943, 117
Trd, 4319677.343, 103
Trd, 4319681.293, 121
Trd, 4319681.543, 107
Trd, 4319682.293, 98
Trd, 4319683.993, 133
Trd, 4319684.143, 84
Trd, 4319684.793, 114
Trd, 4319685.693, 115
Trd, 4319686.793, 106
Trd, 4319687.793, 85
Trd, 4319688.343, 88
Trd, 4319689.343, 111
Trd, 4319689.843, 104
Trd, 4319690.643, 116
Trd, 4319691.143, 109
Trd, 4319691.643, 98
Trd, 4319693.393, 82
Trd, 4319694.543, 106
Trd, 4319695.493, 80
Trd, 4319696.293, 102
Trd, 4319696.643, 97
Trd, 4319697.143, 96
Trd, 4319698.693, 78
Trd, 4319699.043, 80
Trd, 4319701.293, 91
Trd, 4319702.443, 126
Trd, 4319704.843, 139
Trd, 4319704.993, 124
Trd, 4319705.393, 103
Trd, 4319706.043, 92
Trd, 4319708.993, 132
Trd, 4319710.243, 137
Trd, 4319711.193, 131
Trd, 4319711.793, 119
Trd, 4319712.643, 114
Trd, 4319714.093, 125
Trd, 4319715.343, 120
Trd, 4319715.993, 132
Trd, 4319717.743, 102
Trd, 4319719.593, 106
Trd, 4319719.793, 99
Trd, 4319720.593, 115
Trd, 4319721.593, 109
Trd, 4319722.743, 131
Trd, 4319722.843, 116
Trd, 4319724.143, 120
Trd, 4319726.493, 120
Trd, 4319727.493, 127
Trd, 4319729.093, 103
Trd, 4319729.393, 95
Trd, 4319729.743, 96
Trd, 4319730.843, 81
Trd, 4319731.743, 117
Trd, 4319731.843, 113
Trd, 4319733.193, 120
Trd, 4319733.243, 88
Trd, 4319734.793, 113
Trd, 4319737.043, 116
Trd, 4319737.593, 140
Trd, 4319738.893, 120
Trd, 4319740.643, 100
Trd, 4319740.943, 95
Trd, 4319741.793, 109
Trd, 4319742.393, 92
Trd, 4319744.543, 116
Trd, 4319744.943, 111
Trd, 4319746.193, 136
Trd, 4319746.443, 116
Trd, 4319747.643, 110
Trd, 4319748.543, 107
Trd, 4319751.143, 128
Trd, 4319751.443, 119
Trd, 4319751.793, 104
Trd, 4319752.193, 96
Trd, 4319752.643, 111
Trd, 4319752.793, 101
Trd, 4319753.443, 121
Trd, 4319753.643, 96
Trd, 4319754.693, 132
Trd, 4319755.443, 124
Trd, 4319757.493, 90
Trd, 4319757.743, 88
Trd, 4319759.093, 110
Trd, 4319760.443, 132
Trd, 4319760.593, 132
Trd, 4319762.493, 115
Trd, 4319762.943, 90
Trd, 4319764.543, 74
Trd, 4319764.693, 88
Trd, 4319764.843, 84
Trd, 4319765.443, 125
Trd, 4319765.943, 105
Trd, 4319766.193, 101
Trd, 4319769.443, 131
Trd, 4319769.993, 115
Trd, 4319770.293, 105
Trd, 4319771.193, 110
Trd, 4319771.393, 133
Trd, 4319772.593, 123
Trd, 4319773.293, 101
Trd, 4319774.643, 102
Trd, 4319775.343, 116
Trd, 4319775.443, 105
Trd, 4319775.843, 111
Trd, 4319776.743, 97
Trd, 4319777.893, 125
Trd, 4319778.093, 126
Trd, 4319779.643, 129
Trd, 4319779.843, 119
Trd, 4319780.943, 96
Trd, 4319781.643, 118
Trd, 4319782.093, 128
Trd, 4319783.093, 114
Trd, 4319783.393, 98
Trd, 4319783.593, 93
Trd, 4319783.993, 83
Trd, 4319786.943, 88
Trd, 4319789.043, 127
Trd, 4319790.243, 125
Trd, 4319790.643, 96
Trd, 4319791.643, 100
Trd, 4319791.843, 80
Trd, 4319793.493, 104
Trd, 4319793.743, 126
Trd, 4319794.693, 124
Trd, 4319795.943, 132
Trd, 4319796.793, 133
Trd, 4319796.893, 120
Trd, 4319798.393, 115
Trd, 4319798.943, 136
Trd, 4319799.293, 110
Trd, 4319799.343, 103
Trd, 4319799.793, 122
Trd, 4319801.143, 134
Trd, 4319802.193, 71
Trd, 4319804.143, 128
Trd, 4319804.893, 96
Trd, 4319806.943, 103
Trd, 4319807.043, 105
Trd, 4319807.543, 87
Trd, 4319808.293, 86
Trd, 4319810.043, 107
Trd, 4319810.643, 103
Trd, 4319811.193, 99
Trd, 4319811.343, 116
Trd, 4319811.793, 96
Trd, 4319812.893, 122
Trd, 4319814.543, 114
Trd, 4319815.043, 109
Trd, 4319815.543, 135
Trd, 4319816.443, 131
Trd, 4319816.593, 123
Trd, 4319818.643, 95
Trd, 4319821.093, 124
Trd, 4319823.793, 128
Trd, 4319824.893, 135
Trd, 4319824.943, 95
Trd, 4319825.243, 101
Trd, 4319826.843, 135
Trd, 4319828.343, 120
Trd, 4319829.143, 117
Trd, 4319829.393, 113
Trd, 4319829.793, 104
Trd, 4319830.443, 86
Trd, 4319830.793, 85
Trd, 4319831.693, 113
Trd, 4319832.593, 133
Trd, 4319833.293, 103
Trd, 4319836.293, 126
Trd, 4319836.943, 121
Trd, 4319837.693, 99
Trd, 4319838.343, 96
Trd, 4319840.343, 110
Trd, 4319841.393, 112
Trd, 4319841.693, 112
Trd, 4319842.043, 114
Trd, 4319842.743, 95
Trd, 4319843.193, 80
Trd, 4319843.443, 76
Trd, 4319843.843, 82
Trd, 4319846.993, 109
Trd, 4319847.143, 114
Trd, 4319847.493, 115
Trd, 4319848.793, 127
Trd, 4319849.293, 123
Trd, 4319850.493, 121
Trd, 4319851.043, 108
Trd, 4319851.993, 135
Trd, 4319854.093, 131
Trd, 4319855.843, 121
Trd, 4319857.443, 107
Trd, 4319857.843, 108
Trd, 4319858.143, 101
Trd, 4319858.243, 116
Trd, 4319858.943, 134
Trd, 4319860.843, 128
Trd, 4319861.143, 122
Trd, 4319861.993, 124
Trd, 4319863.093, 132
Trd, 4319864.393, 139
Trd, 4319864.643, 100
Trd, 4319865.093, 70
Trd, 4319865.243, 111
Trd, 4319869.543, 131
Trd, 4319870.293, 115
Trd, 4319871.843, 113
Trd, 4319872.093, 114
Trd, 4319872.193, 113
Trd, 4319872.343, 110
Trd, 4319874.293, 139
Trd, 4319875.693, 124
Trd, 4319876.593, 106
Trd, 4319877.093, 101
Trd, 4319878.293, 136
Trd, 4319879.793, 132
Trd, 4319879.943, 104
Trd, 4319880.893, 96
Trd, 4319883.593, 106
Trd, 4319884.193, 122
Trd, 4319884.343, 130
Trd, 4319885.793, 103
Trd, 4319885.843, 93
Trd, 4319886.343, 127
Trd, 4319886.693, 132
Trd, 4319889.443, 86
Trd, 4319889.843, 107
Trd, 4319890.143, 87
Trd, 4319891.193, 92
Trd, 4319891.293, 95
Trd, 4319891.943, 77
Trd, 4319892.093, 123
Trd, 4319893.543, 82
Trd, 4319894.193, 65
Trd, 4319895.043, 127
Trd, 4319896.093, 64
Trd, 4319896.143, 66
Trd, 4319897.043, 74
Trd, 4319897.793, 74
Trd, 4319900.143, 137
Trd, 4319900.443, 89
Trd, 4319900.893, 81
Trd, 4319901.293, 84
Trd, 4319901.543, 79
Trd, 4319903.243, 113
Trd, 4319903.843, 116
Trd, 4319905.093, 137
Trd, 4319905.643, 132
Trd, 4319907.993, 125
Trd, 4319908.093, 124
Trd, 4319908.593, 113
Trd, 4319910.543, 109
Trd, 4319912.243, 116
Trd, 4319913.343, 110
Trd, 4319913.493, 97
Trd, 4319914.393, 116
Trd, 4319915.043, 120
Trd, 4319915.093, 107
Trd, 4319915.693, 122
Trd, 4319916.543, 68
Trd, 4319916.893, 82
Trd, 4319918.693, 131
Trd, 4319919.243, 67
Trd, 4319920.093, 96
Trd, 4319921.793, 75
Trd, 4319923.843, 120
Trd, 4319926.493, 119
Trd, 4319927.543, 86
Trd, 4319929.293, 136
Trd, 4319930.743, 114
Trd, 4319931.493, 137
Trd, 4319931.693, 114
Trd, 4319932.343, 112
Trd, 4319933.043, 103
Trd, 4319933.243, 101
Trd, 4319933.743, 73
Trd, 4319936.693, 113
Trd, 4319937.143, 120
Trd, 4319937.943, 97
Trd, 4319939.143, 88
Trd, 4319939.493, 88
Trd, 4319939.543, 85
Trd, 4319940.243, 111
Trd, 4319941.243, 133
Trd, 4319943.393, 138
Trd, 4319944.593, 118
Trd, 4319945.543, 135
Trd, 4319947.143, 67
Trd, 4319948.393, 92
Trd, 4319948.443, 125
Trd, 4319948.643, 66
Trd, 4319949.143, 118
Trd, 4319949.443, 98
Trd, 4319950.593, 111
Trd, 4319952.293, 93
Trd, 4319953.293, 73
Trd, 4319954.093, 77
Trd, 4319955.993, 109
Trd, 4319957.793, 134
Trd, 4319957.943, 94
Trd, 4319958.993, 82
Trd, 4319960.593, 116
Trd, 4319962.243, 102
Trd, 4319962.943, 107
Trd, 4319963.043, 98
Trd, 4319965.643, 130
Trd, 4319965.993, 131
Trd, 4319966.243, 101
Trd, 4319967.443, 120
Trd, 4319967.693, 130
Trd, 4319967.843, 120
Trd, 4319970.093, 111
Trd, 4319970.293, 91
Trd, 4319970.743, 96
Trd, 4319970.993, 72
Trd, 4319973.143, 90
Trd, 4319974.043, 131
Trd, 4319974.393, 113
Trd, 4319974.893, 106
Trd, 4319978.593, 98
Trd, 4319978.943, 96
Trd, 4319979.893, 103
Trd, 4319979.993, 122
Trd, 4319981.243, 93
Trd, 4319983.293, 126
Trd, 4319983.843, 139
Trd, 4319984.743, 139
Trd, 4319985.193, 137
Trd, 4319986.393, 89
Trd, 4319986.793, 94
Trd, 4319988.393, 100
Trd, 4319990.443, 122
Trd, 4319992.993, 106
Trd, 4319993.343, 127
Trd, 4319994.293, 122
Trd, 4319995.393, 137
Trd, 4319996.593, 114
Trd, 4319998.643, 127
Trd, 4319999.543, 132
