Trd, 4318115.993, 140
Trd, 4318116.043, 140
Trd, 4318116.893, 140
Trd, 4318117.793, 140
Trd, 4318118.743, 140
Trd, 4318119.393, 140
Trd, 4318119.793, 140
Trd, 4318120.043, 140
Trd, 4318121.043, 140
Trd, 4318121.493, 140
Trd, 4318122.643, 140
Trd, 4318123.043, 140
Trd, 4318123.893, 140
Trd, 4318125.643, 140
Trd, 4318126.343, 138
Trd, 4318127.493, 140
Trd, 4318127.593, 140
Trd, 4318128.393, 140
Trd, 4318128.893, 140
Trd, 4318129.843, 140
Trd, 4318130.943, 140
Trd, 4318131.143, 140
Trd, 4318132.693, 140
Trd, 4318133.793, 140
Trd, 4318135.393, 140
Trd, 4318136.543, 140
Trd, 4318136.693, 140
Trd, 4318137.543, 140
Trd, 4318139.043, 140
Trd, 4318139.543, 140
Trd, 4318139.843, 139
Trd, 4318139.893, 139
Trd, 4318140.143, 138
Trd, 4318141.743, 140
Trd, 4318143.343, 140
Trd, 4318143.393, 140
Trd, 4318143.493, 140
Trd, 4318143.693, 109
Trd, 4318144.143, 140
Trd, 4318145.443, 140
Trd, 4318146.493, 140
Trd, 4318147.093, 140
Trd, 4318147.193, 138
Trd, 4318147.943, 138
Trd, 4318149.843, 140
Trd, 4318150.393, 140
Trd, 4318150.943, 140
Trd, 4318151.293, 140
Trd, 4318151.643, 140
Trd, 4318153.493, 140
Trd, 4318153.593, 140
Trd, 4318153.993, 140
Trd, 4318154.143, 140
Trd, 4318154.543, 140
Trd, 4318154.643, 139
Trd, 4318156.593, 140
Trd, 4318157.293, 140
Trd, 4318157.543, 139
Trd, 4318158.493, 140
Trd, 4318158.543, 140
Trd, 4318159.193, 140
Trd, 4318161.693, 140
Trd, 4318162.693, 140
Trd, 4318162.893, 140
Trd, 4318163.693, 140
Trd, 4318164.843, 140
Trd, 4318165.493, 140
Trd, 4318165.993, 140
Trd, 4318166.043, 140
Trd, 4318166.393, 140
Trd, 4318167.693, 140
Trd, 4318168.193, 140
Trd, 4318168.643, 140
Trd, 4318169.043, 137
Trd, 4318169.693, 139
Trd, 4318172.293, 140
Trd, 4318173.743, 140
Trd, 4318173.943, 140
Trd, 4318174.343, 140
Trd, 4318174.643, 140
Trd, 4318174.943, 140
Trd, 4318176.193, 140
Trd, 4318176.393, 139
Trd, 4318177.693, 139
Trd, 4318178.193, 71
Trd, 4318178.843, 60
Trd, 4318179.093, 65
Trd, 4318179.593, 114
Trd, 4318180.393, 81
Trd, 4318181.393, 65
Trd, 4318181.593, 62
Trd, 4318182.593, 101
Trd, 4318183.293, 100
Trd, 4318183.943, 68
Trd, 4318184.393, 74
Trd, 4318184.543, 66
Trd, 4318185.043, 99
Trd, 4318185.693, 69
Trd, 4318186.843, 140
Trd, 4318186.943, 139
Trd, 4318187.693, 139
Trd, 4318187.993, 140
Trd, 4318188.793, 116
Trd, 4318188.943, 88
Trd, 4318190.393, 140
Trd, 4318191.043, 140
Trd, 4318191.143, 137
Trd, 4318191.943, 140
Trd, 4318193.643, 140
Trd, 4318193.843, 140
Trd, 4318195.143, 140
Trd, 4318196.943, 140
Trd, 4318197.843, 140
Trd, 4318197.893, 140
Trd, 4318199.293, 140
Trd, 4318200.693, 140
Trd, 4318201.493, 140
Trd, 4318201.643, 140
Trd, 4318202.943, 140
Trd, 4318203.143, 140
Trd, 4318203.893, 140
Trd, 4318204.143, 140
Trd, 4318204.343, 140
Trd, 4318205.593, 139
Trd, 4318205.693, 137
Trd, 4318206.843, 140
Trd, 4318207.293, 140
Trd, 4318208.543, 140
Trd, 4318208.943, 140
Trd, 4318209.943, 140
Trd, 4318210.743, 140
Trd, 4318210.793, 140
Trd, 4318212.443, 140
Trd, 4318212.943, 140
Trd, 4318213.593, 140
Trd, 4318213.643, 140
Trd, 4318214.193, 140
Trd, 4318214.243, 139
Trd, 4318214.793, 140
Trd, 4318215.943, 140
Trd, 4318216.393, 140
Trd, 4318217.993, 140
Trd, 4318218.043, 140
Trd, 4318218.993, 140
Trd, 4318219.343, 140
Trd, 4318219.893, 140
Trd, 4318220.543, 139
Trd, 4318222.293, 140
Trd, 4318223.093, 140
Trd, 4318223.593, 140
Trd, 4318224.443, 140
Trd, 4318224.843, 140
Trd, 4318225.043, 138
Trd, 4318226.143, 140
Trd, 4318226.893, 60
Trd, 4318227.743, 60
Trd, 4318227.893, 60
Trd, 4318228.993, 60
Trd, 4318229.593, 60
Trd, 4318230.143, 60
Trd, 4318230.193, 61
Trd, 4318230.843, 78
Trd, 4318232.693, 60
Trd, 4318232.793, 61
Trd, 4318233.143, 67
Trd, 4318233.493, 140
Trd, 4318234.193, 140
Trd, 4318234.643, 77
Trd, 4318234.993, 82
Trd, 4318236.843, 69
Trd, 4318237.943, 140
Trd, 4318238.993, 140
Trd, 4318239.593, 140
Trd, 4318241.193, 140
Trd, 4318241.543, 140
Trd, 4318242.293, 140
Trd, 4318243.093, 140
Trd, 4318244.093, 140
Trd, 4318245.393, 140
Trd, 4318245.943, 140
Trd, 4318247.443, 140
Trd, 4318248.243, 140
Trd, 4318248.493, 140
Trd, 4318248.793, 140
Trd, 4318249.143, 140
Trd, 4318249.393, 140
Trd, 4318249.643, 138
Trd, 4318251.443, 140
Trd, 4318251.693, 138
Trd, 4318252.843, 140
Trd, 4318253.593, 139
Trd, 4318253.643, 138
Trd, 4318254.343, 135
Trd, 4318254.693, 139
Trd, 4318255.393, 139
Trd, 4318258.493, 140
Trd, 4318258.593, 140
Trd, 4318260.093, 140
Trd, 4318260.543, 140
Trd, 4318260.793, 140
Trd, 4318261.293, 140
Trd, 4318261.343, 139
Trd, 4318262.493, 140
Trd, 4318263.093, 138
Trd, 4318263.693, 140
Trd, 4318263.843, 140
Trd, 4318264.493, 140
Trd, 4318265.593, 140
Trd, 4318266.443, 140
Trd, 4318266.793, 140
Trd, 4318267.443, 139
Trd, 4318268.843, 140
Trd, 4318269.293, 139
Trd, 4318271.643, 140
Trd, 4318272.743, 140
Trd, 4318272.793, 140
Trd, 4318273.793, 140
Trd, 4318274.243, 140
Trd, 4318275.193, 140
Trd, 4318276.493, 140
Trd, 4318276.893, 140
Trd, 4318276.943, 140
Trd, 4318277.243, 138
Trd, 4318277.993, 139
Trd, 4318278.943, 140
Trd, 4318279.143, 140
Trd, 4318279.593, 140
Trd, 4318280.143, 140
Trd, 4318280.343, 140
Trd, 4318282.043, 140
Trd, 4318282.843, 140
Trd, 4318283.343, 139
Trd, 4318283.393, 139
Trd, 4318283.893, 99
Trd, 4318286.193, 140
Trd, 4318286.293, 140
Trd, 4318286.593, 140
Trd, 4318287.243, 140
Trd, 4318288.193, 140
Trd, 4318289.693, 140
Trd, 4318289.743, 140
Trd, 4318290.443, 140
Trd, 4318291.093, 140
Trd, 4318291.593, 140
Trd, 4318292.543, 140
Trd, 4318294.593, 140
Trd, 4318295.143, 140
Trd, 4318295.393, 140
Trd, 4318296.693, 140
Trd, 4318298.943, 140
Trd, 4318299.793, 140
Trd, 4318300.193, 140
Trd, 4318300.393, 140
Trd, 4318300.443, 140
Trd, 4318300.643, 140
Trd, 4318300.893, 140
Trd, 4318302.593, 140
Trd, 4318304.043, 140
Trd, 4318305.043, 140
Trd, 4318305.493, 140
Trd, 4318305.543, 139
Trd, 4318305.593, 138
Trd, 4318305.743, 99
Trd, 4318308.443, 61
Trd, 4318309.243, 61
Trd, 4318309.393, 61
Trd, 4318310.193, 60
Trd, 4318311.093, 60
Trd, 4318312.443, 60
Trd, 4318312.843, 69
Trd, 4318313.943, 72
Trd, 4318314.643, 63
Trd, 4318314.743, 60
Trd, 4318315.643, 60
Trd, 4318315.843, 66
Trd, 4318316.793, 63
Trd, 4318316.893, 127
Trd, 4318317.193, 65
Trd, 4318318.543, 138
Trd, 4318319.093, 140
Trd, 4318319.543, 140
Trd, 4318321.443, 140
Trd, 4318322.493, 140
Trd, 4318323.143, 140
Trd, 4318323.243, 140
Trd, 4318324.193, 140
Trd, 4318324.643, 140
Trd, 4318326.343, 140
Trd, 4318326.443, 140
Trd, 4318327.793, 140
Trd, 4318328.443, 140
Trd, 4318328.943, 140
Trd, 4318329.293, 140
Trd, 4318330.843, 140
Trd, 4318331.043, 140
Trd, 4318331.193, 140
Trd, 4318331.343, 139
Trd, 4318332.143, 140
Trd, 4318333.643, 140
Trd, 4318333.693, 140
Trd, 4318334.443, 140
Trd, 4318335.143, 140
Trd, 4318335.643, 140
Trd, 4318336.343, 140
Trd, 4318337.343, 140
Trd, 4318337.993, 140
Trd, 4318338.543, 140
Trd, 4318339.293, 140
Trd, 4318340.143, 140
Trd, 4318340.193, 140
Trd, 4318340.943, 140
Trd, 4318342.293, 140
Trd, 4318343.793, 140
Trd, 4318344.243, 140
Trd, 4318345.893, 140
Trd, 4318346.293, 140
Trd, 4318346.843, 138
Trd, 4318347.243, 138
Trd, 4318347.643, 140
Trd, 4318347.743, 135
Trd, 4318350.593, 140
Trd, 4318351.643, 140
Trd, 4318351.943, 140
Trd, 4318352.543, 140
Trd, 4318352.943, 139
Trd, 4318353.493, 140
Trd, 4318354.793, 140
Trd, 4318355.093, 140
Trd, 4318355.343, 140
Trd, 4318355.393, 140
Trd, 4318355.893, 140
Trd, 4318358.443, 140
Trd, 4318358.493, 140
Trd, 4318358.593, 140
Trd, 4318358.943, 140
Trd, 4318359.593, 140
Trd, 4318359.943, 138
Trd, 4318360.943, 139
Trd, 4318361.093, 64
Trd, 4318361.493, 138
Trd, 4318361.743, 140
Trd, 4318362.993, 60
Trd, 4318363.643, 60
Trd, 4318364.693, 60
Trd, 4318366.493, 60
Trd, 4318366.543, 60
Trd, 4318366.743, 61
Trd, 4318367.843, 64
Trd, 4318368.293, 61
Trd, 4318368.793, 64
Trd, 4318369.293, 65
Trd, 4318370.693, 63
Trd, 4318370.793, 64
Trd, 4318372.243, 92
Trd, 4318373.893, 65
Trd, 4318374.243, 62
Trd, 4318374.543, 62
Trd, 4318375.843, 65
Trd, 4318376.393, 61
Trd, 4318376.493, 61
Trd, 4318378.343, 63
Trd, 4318378.693, 63
Trd, 4318379.043, 63
Trd, 4318379.143, 62
Trd, 4318379.593, 71
Trd, 4318379.943, 62
Trd, 4318380.543, 67
Trd, 4318381.093, 140
Trd, 4318383.443, 140
Trd, 4318384.143, 140
Trd, 4318384.193, 140
Trd, 4318384.443, 140
Trd, 4318384.693, 139
Trd, 4318386.893, 140
Trd, 4318387.143, 139
Trd, 4318387.443, 64
Trd, 4318389.093, 137
Trd, 4318390.093, 97
Trd, 4318391.693, 140
Trd, 4318392.193, 140
Trd, 4318392.943, 140
Trd, 4318394.193, 140
Trd, 4318394.393, 140
Trd, 4318394.593, 140
Trd, 4318395.693, 140
Trd, 4318395.793, 140
Trd, 4318395.943, 140
Trd, 4318396.343, 140
Trd, 4318396.593, 140
Trd, 4318397.393, 140
Trd, 4318397.793, 139
Trd, 4318398.893, 140
Trd, 4318399.993, 140
Trd, 4318400.693, 140
Trd, 4318400.843, 140
Trd, 4318401.493, 139
Trd, 4318403.593, 140
Trd, 4318404.793, 140
Trd, 4318404.993, 140
Trd, 4318405.243, 140
Trd, 4318407.343, 140
Trd, 4318407.943, 140
Trd, 4318408.493, 140
Trd, 4318409.793, 140
Trd, 4318411.343, 140
Trd, 4318411.543, 140
Trd, 4318411.643, 140
Trd, 4318414.043, 140
Trd, 4318414.193, 140
Trd, 4318414.593, 140
Trd, 4318415.943, 140
Trd, 4318416.693, 140
Trd, 4318419.493, 140
Trd, 4318419.693, 140
Trd, 4318420.043, 140
Trd, 4318420.343, 140
Trd, 4318421.493, 140
Trd, 4318422.243, 140
Trd, 4318422.293, 140
Trd, 4318424.743, 140
Trd, 4318424.793, 140
Trd, 4318424.943, 140
Trd, 4318425.093, 139
Trd, 4318425.343, 137
Trd, 4318425.393, 137
Trd, 4318426.093, 140
Trd, 4318426.193, 140
Trd, 4318426.493, 140
Trd, 4318427.593, 140
Trd, 4318428.593, 140
Trd, 4318429.343, 140
Trd, 4318429.843, 88
Trd, 4318430.743, 140
Trd, 4318432.143, 140
Trd, 4318432.593, 140
Trd, 4318432.793, 140
Trd, 4318433.893, 140
Trd, 4318434.143, 139
Trd, 4318436.843, 140
Trd, 4318437.193, 140
Trd, 4318437.743, 140
Trd, 4318438.443, 140
Trd, 4318441.943, 140
Trd, 4318443.543, 140
Trd, 4318443.743, 140
Trd, 4318444.243, 140
Trd, 4318445.243, 140
Trd, 4318445.493, 140
Trd, 4318447.093, 140
Trd, 4318447.293, 140
Trd, 4318447.343, 140
Trd, 4318448.543, 140
Trd, 4318449.893, 140
Trd, 4318450.043, 140
Trd, 4318452.093, 140
Trd, 4318452.543, 140
Trd, 4318453.293, 140
Trd, 4318454.943, 140
Trd, 4318456.093, 140
Trd, 4318456.743, 140
Trd, 4318457.543, 140
Trd, 4318457.943, 140
Trd, 4318458.543, 140
Trd, 4318458.793, 140
Trd, 4318458.943, 140
Trd, 4318460.193, 139
Trd, 4318460.443, 140
Trd, 4318460.893, 140
Trd, 4318461.143, 140
Trd, 4318461.193, 137
Trd, 4318461.893, 138
Trd, 4318461.943, 133
Trd, 4318464.093, 97
Trd, 4318464.993, 140
Trd, 4318466.943, 140
Trd, 4318467.093, 140
Trd, 4318467.143, 140
Trd, 4318467.393, 140
Trd, 4318468.443, 140
Trd, 4318469.593, 140
Trd, 4318470.843, 140
Trd, 4318471.393, 140
Trd, 4318471.493, 140
Trd, 4318471.893, 63
Trd, 4318472.193, 140
Trd, 4318473.043, 71
Trd, 4318474.693, 61
Trd, 4318474.993, 61
Trd, 4318475.443, 60
Trd, 4318477.193, 62
Trd, 4318477.243, 65
Trd, 4318477.793, 65
Trd, 4318477.893, 62
Trd, 4318479.893, 60
Trd, 4318479.993, 60
Trd, 4318480.693, 60
Trd, 4318480.793, 61
Trd, 4318481.543, 60
Trd, 4318482.843, 60
Trd, 4318484.293, 62
Trd, 4318484.543, 65
Trd, 4318485.093, 67
Trd, 4318485.443, 67
Trd, 4318486.343, 96
Trd, 4318487.593, 140
Trd, 4318488.743, 65
Trd, 4318489.343, 61
Trd, 4318489.393, 62
Trd, 4318490.493, 140
Trd, 4318492.393, 140
Trd, 4318493.143, 140
Trd, 4318493.893, 140
Trd, 4318494.143, 140
Trd, 4318494.593, 140
Trd, 4318496.443, 140
Trd, 4318497.393, 140
Trd, 4318499.243, 140
Trd, 4318499.543, 140
Trd, 4318499.643, 140
Trd, 4318499.843, 140
Trd, 4318500.243, 140
Trd, 4318500.943, 140
Trd, 4318501.193, 140
Trd, 4318501.693, 140
Trd, 4318502.093, 139
Trd, 4318502.443, 140
Trd, 4318503.093, 140
Trd, 4318503.843, 140
Trd, 4318505.893, 140
Trd, 4318506.143, 140
Trd, 4318506.293, 139
Trd, 4318506.443, 139
Trd, 4318507.543, 140
Trd, 4318509.443, 140
Trd, 4318510.243, 140
Trd, 4318511.893, 140
Trd, 4318513.193, 140
Trd, 4318514.093, 140
Trd, 4318514.393, 140
Trd, 4318514.943, 140
Trd, 4318515.093, 140
Trd, 4318515.793, 140
Trd, 4318516.793, 140
Trd, 4318519.843, 140
Trd, 4318520.443, 140
Trd, 4318520.493, 140
Trd, 4318522.343, 140
Trd, 4318522.993, 140
Trd, 4318525.443, 140
Trd, 4318526.193, 140
Trd, 4318526.393, 140
Trd, 4318527.243, 140
Trd, 4318527.493, 140
Trd, 4318527.643, 140
Trd, 4318528.793, 140
Trd, 4318529.993, 140
Trd, 4318530.343, 140
Trd, 4318531.643, 140
Trd, 4318531.843, 140
Trd, 4318532.193, 140
Trd, 4318532.643, 140
Trd, 4318533.043, 140
Trd, 4318533.293, 140
Trd, 4318533.593, 140
Trd, 4318536.843, 140
Trd, 4318536.943, 140
Trd, 4318536.993, 140
Trd, 4318538.793, 140
Trd, 4318539.843, 140
Trd, 4318540.343, 140
Trd, 4318541.143, 140
Trd, 4318542.093, 140
Trd, 4318542.343, 140
Trd, 4318543.893, 140
Trd, 4318544.293, 140
Trd, 4318544.593, 140
Trd, 4318545.043, 140
Trd, 4318545.993, 140
Trd, 4318547.193, 140
Trd, 4318547.643, 140
Trd, 4318548.493, 140
Trd, 4318548.643, 140
Trd, 4318548.943, 140
Trd, 4318549.093, 140
Trd, 4318549.693, 140
Trd, 4318550.643, 140
Trd, 4318551.393, 139
Trd, 4318551.493, 139
Trd, 4318553.693, 140
Trd, 4318554.143, 140
Trd, 4318554.243, 140
Trd, 4318554.343, 140
Trd, 4318554.543, 139
Trd, 4318557.943, 140
Trd, 4318558.243, 140
Trd, 4318559.793, 139
Trd, 4318559.993, 138
Trd, 4318560.243, 138
Trd, 4318560.893, 140
Trd, 4318562.543, 140
Trd, 4318563.943, 140
Trd, 4318565.393, 140
Trd, 4318565.943, 140
Trd, 4318565.993, 140
Trd, 4318567.093, 140
Trd, 4318567.793, 140
Trd, 4318567.843, 140
Trd, 4318567.993, 140
Trd, 4318569.293, 140
Trd, 4318569.893, 140
Trd, 4318571.293, 140
Trd, 4318571.643, 140
Trd, 4318572.443, 140
Trd, 4318573.043, 140
Trd, 4318574.543, 140
Trd, 4318574.843, 140
Trd, 4318575.843, 140
Trd, 4318576.243, 140
Trd, 4318577.993, 140
Trd, 4318578.643, 140
Trd, 4318579.343, 140
Trd, 4318579.443, 140
Trd, 4318579.893, 140
Trd, 4318580.393, 140
Trd, 4318581.093, 137
Trd, 4318581.243, 140
Trd, 4318581.993, 140
Trd, 4318582.643, 140
Trd, 4318582.893, 140
Trd, 4318585.193, 140
Trd, 4318585.393, 140
Trd, 4318586.293, 140
Trd, 4318586.893, 140
Trd, 4318587.643, 140
Trd, 4318588.593, 140
Trd, 4318589.043, 140
Trd, 4318589.493, 140
Trd, 4318590.393, 140
Trd, 4318590.543, 140
Trd, 4318592.243, 140
Trd, 4318592.493, 140
Trd, 4318592.943, 140
Trd, 4318595.593, 140
Trd, 4318595.993, 140
Trd, 4318596.993, 140
Trd, 4318597.043, 137
Trd, 4318598.293, 140
Trd, 4318598.693, 139
Trd, 4318599.843, 140
Trd, 4318602.293, 140
Trd, 4318602.593, 140
Trd, 4318602.993, 140
Trd, 4318603.093, 140
Trd, 4318603.243, 140
Trd, 4318603.593, 110
Trd, 4318603.843, 64
Trd, 4318604.193, 62
Trd, 4318604.743, 60
Trd, 4318604.793, 61
Trd, 4318607.993, 61
Trd, 4318608.043, 62
Trd, 4318609.193, 64
Trd, 4318609.493, 60
Trd, 4318610.293, 62
Trd, 4318611.043, 60
Trd, 4318611.443, 61
Trd, 4318612.493, 119
Trd, 4318612.993, 72
Trd, 4318613.193, 73
Trd, 4318613.843, 69
Trd, 4318614.393, 90
Trd, 4318615.693, 140
Trd, 4318616.093, 136
Trd, 4318616.543, 140
Trd, 4318616.643, 68
Trd, 4318617.443, 140
Trd, 4318617.643, 138
Trd, 4318618.993, 140
Trd, 4318619.543, 140
Trd, 4318619.743, 140
Trd, 4318620.093, 139
Trd, 4318620.143, 139
Trd, 4318620.443, 61
Trd, 4318622.043, 99
Trd, 4318622.143, 100
Trd, 4318622.743, 140
Trd, 4318623.193, 140
Trd, 4318624.193, 140
Trd, 4318626.393, 140
Trd, 4318627.943, 140
Trd, 4318628.893, 140
Trd, 4318629.843, 140
Trd, 4318630.193, 140
Trd, 4318631.393, 140
Trd, 4318631.843, 137
Trd, 4318631.993, 139
Trd, 4318632.193, 140
Trd, 4318632.843, 140
Trd, 4318634.943, 140
Trd, 4318635.393, 140
Trd, 4318636.043, 140
Trd, 4318636.293, 140
Trd, 4318638.443, 140
Trd, 4318638.993, 140
Trd, 4318639.143, 140
Trd, 4318640.993, 140
Trd, 4318641.843, 140
Trd, 4318641.943, 140
Trd, 4318642.193, 140
Trd, 4318642.343, 140
Trd, 4318644.043, 140
Trd, 4318644.693, 140
Trd, 4318645.093, 140
Trd, 4318645.443, 140
Trd, 4318647.393, 139
Trd, 4318648.143, 140
Trd, 4318648.893, 140
Trd, 4318649.443, 140
Trd, 4318650.143, 140
Trd, 4318652.143, 140
Trd, 4318652.743, 140
Trd, 4318653.743, 140
Trd, 4318653.993, 140
Trd, 4318654.643, 140
Trd, 4318655.043, 140
Trd, 4318655.793, 140
Trd, 4318656.093, 140
Trd, 4318656.393, 140
Trd, 4318656.643, 140
Trd, 4318657.293, 140
Trd, 4318658.693, 140
Trd, 4318659.143, 140
Trd, 4318659.343, 138
Trd, 4318659.543, 138
Trd, 4318660.443, 139
Trd, 4318661.793, 140
Trd, 4318663.293, 140
Trd, 4318663.543, 140
Trd, 4318664.093, 140
Trd, 4318665.443, 140
Trd, 4318665.943, 140
Trd, 4318666.143, 140
Trd, 4318666.993, 140
Trd, 4318668.943, 140
Trd, 4318669.293, 140
Trd, 4318669.993, 140
Trd, 4318671.193, 140
Trd, 4318672.643, 140
Trd, 4318672.893, 140
Trd, 4318673.293, 140
Trd, 4318673.393, 140
Trd, 4318673.593, 140
Trd, 4318673.693, 139
Trd, 4318673.793, 139
Trd, 4318674.843, 140
Trd, 4318675.643, 139
Trd, 4318675.743, 139
Trd, 4318677.793, 140
Trd, 4318678.793, 140
Trd, 4318678.893, 140
Trd, 4318679.193, 140
Trd, 4318679.843, 140
Trd, 4318681.093, 139
Trd, 4318681.393, 140
Trd, 4318682.243, 140
Trd, 4318682.343, 140
Trd, 4318683.943, 140
Trd, 4318684.343, 140
Trd, 4318685.793, 140
Trd, 4318685.943, 140
Trd, 4318686.443, 139
Trd, 4318686.543, 140
Trd, 4318686.593, 139
Trd, 4318686.643, 138
Trd, 4318688.593, 140
Trd, 4318689.343, 140
Trd, 4318689.593, 140
Trd, 4318690.043, 135
Trd, 4318691.293, 76
Trd, 4318691.743, 77
Trd, 4318692.743, 140
Trd, 4318693.693, 140
Trd, 4318694.143, 140
Trd, 4318694.393, 140
Trd, 4318694.493, 140
Trd, 4318696.193, 140
Trd, 4318696.293, 140
Trd, 4318696.393, 139
Trd, 4318697.543, 140
Trd, 4318697.643, 140
Trd, 4318698.393, 60
Trd, 4318698.543, 60
Trd, 4318698.993, 139
Trd, 4318699.093, 140
Trd, 4318700.593, 65
Trd, 4318700.643, 67
Trd, 4318701.893, 61
Trd, 4318701.943, 68
Trd, 4318703.393, 63
Trd, 4318703.893, 64
Trd, 4318704.243, 61
Trd, 4318704.493, 62
Trd, 4318704.693, 65
Trd, 4318705.993, 60
Trd, 4318706.043, 60
Trd, 4318706.543, 71
Trd, 4318708.993, 60
Trd, 4318710.143, 60
Trd, 4318710.593, 60
Trd, 4318710.943, 60
Trd, 4318711.843, 60
Trd, 4318713.143, 60
Trd, 4318713.443, 63
Trd, 4318714.143, 61
Trd, 4318714.443, 62
Trd, 4318715.693, 62
Trd, 4318715.793, 65
Trd, 4318716.393, 61
Trd, 4318717.193, 64
Trd, 4318717.893, 66
Trd, 4318718.093, 65
Trd, 4318718.793, 65
Trd, 4318718.843, 68
Trd, 4318721.193, 140
Trd, 4318721.893, 140
Trd, 4318723.143, 140
Trd, 4318723.943, 140
Trd, 4318724.693, 140
Trd, 4318724.993, 140
Trd, 4318725.193, 140
Trd, 4318725.343, 140
Trd, 4318725.893, 140
Trd, 4318726.293, 140
Trd, 4318726.743, 140
Trd, 4318727.843, 60
Trd, 4318727.893, 63
Trd, 4318728.443, 140
Trd, 4318728.543, 140
Trd, 4318730.293, 140
Trd, 4318730.493, 140
Trd, 4318731.193, 140
Trd, 4318731.543, 140
Trd, 4318733.243, 140
Trd, 4318733.593, 140
Trd, 4318734.093, 139
Trd, 4318734.293, 138
Trd, 4318735.593, 78
Trd, 4318736.693, 140
Trd, 4318736.993, 140
Trd, 4318737.393, 140
Trd, 4318738.143, 140
Trd, 4318740.143, 140
Trd, 4318740.893, 140
Trd, 4318741.693, 140
Trd, 4318742.943, 140
Trd, 4318743.993, 140
Trd, 4318744.043, 140
Trd, 4318744.493, 140
Trd, 4318746.343, 140
Trd, 4318746.593, 140
Trd, 4318747.143, 140
Trd, 4318747.193, 140
Trd, 4318747.893, 140
Trd, 4318749.793, 140
Trd, 4318751.443, 140
Trd, 4318751.893, 140
Trd, 4318752.543, 140
Trd, 4318753.343, 140
Trd, 4318753.393, 140
Trd, 4318754.693, 140
Trd, 4318754.793, 140
Trd, 4318755.093, 140
Trd, 4318757.343, 140
Trd, 4318758.343, 140
Trd, 4318758.943, 140
Trd, 4318759.343, 140
Trd, 4318759.793, 140
Trd, 4318760.543, 140
Trd, 4318761.143, 140
Trd, 4318761.243, 140
Trd, 4318763.593, 140
Trd, 4318764.293, 140
Trd, 4318764.443, 140
Trd, 4318765.193, 140
Trd, 4318765.693, 140
Trd, 4318766.493, 140
Trd, 4318766.643, 139
Trd, 4318767.593, 140
Trd, 4318767.993, 140
Trd, 4318768.293, 138
Trd, 4318768.593, 60
Trd, 4318769.243, 140
Trd, 4318770.043, 139
Trd, 4318770.493, 140
Trd, 4318771.393, 140
Trd, 4318772.893, 140
Trd, 4318772.943, 140
Trd, 4318774.693, 139
Trd, 4318775.293, 139
Trd, 4318775.643, 138
Trd, 4318777.593, 140
Trd, 4318779.443, 140
Trd, 4318779.593, 140
Trd, 4318780.143, 140
Trd, 4318780.543, 140
Trd, 4318780.793, 140
Trd, 4318782.743, 140
Trd, 4318782.893, 140
Trd, 4318783.543, 139
Trd, 4318783.693, 137
Trd, 4318783.843, 139
Trd, 4318783.943, 140
Trd, 4318784.293, 138
Trd, 4318784.793, 140
Trd, 4318784.893, 137
Trd, 4318785.093, 100
Trd, 4318786.543, 63
Trd, 4318787.393, 67
Trd, 4318789.493, 60
Trd, 4318789.643, 60
Trd, 4318790.593, 62
Trd, 4318790.893, 65
Trd, 4318791.743, 65
Trd, 4318792.243, 63
Trd, 4318792.293, 65
Trd, 4318792.443, 75
Trd, 4318792.943, 65
Trd, 4318793.343, 76
Trd, 4318794.443, 74
Trd, 4318795.893, 79
Trd, 4318796.293, 90
Trd, 4318796.443, 91
Trd, 4318796.493, 79
Trd, 4318796.643, 92
Trd, 4318798.743, 140
Trd, 4318798.893, 138
Trd, 4318799.293, 140
Trd, 4318799.343, 140
Trd, 4318800.493, 140
Trd, 4318801.343, 140
Trd, 4318801.393, 140
Trd, 4318801.643, 140
Trd, 4318802.593, 63
Trd, 4318803.543, 140
Trd, 4318803.943, 140
Trd, 4318804.793, 140
Trd, 4318805.143, 140
Trd, 4318806.743, 139
Trd, 4318806.793, 138
Trd, 4318807.643, 140
Trd, 4318808.193, 140
Trd, 4318809.143, 140
Trd, 4318809.693, 140
Trd, 4318811.593, 140
Trd, 4318812.393, 140
Trd, 4318813.093, 140
Trd, 4318813.993, 140
Trd, 4318814.343, 140
Trd, 4318814.993, 140
Trd, 4318815.843, 140
Trd, 4318816.043, 140
Trd, 4318817.093, 140
Trd, 4318818.643, 140
Trd, 4318818.693, 140
Trd, 4318819.193, 140
Trd, 4318819.893, 140
Trd, 4318821.093, 140
Trd, 4318822.843, 140
Trd, 4318823.093, 140
Trd, 4318824.243, 140
Trd, 4318824.893, 140
Trd, 4318824.993, 140
Trd, 4318825.443, 140
Trd, 4318825.793, 140
Trd, 4318825.843, 139
Trd, 4318826.393, 140
Trd, 4318826.593, 139
Trd, 4318827.943, 140
Trd, 4318829.143, 140
Trd, 4318829.693, 140
Trd, 4318830.293, 140
Trd, 4318831.293, 140
Trd, 4318831.643, 140
Trd, 4318832.993, 140
Trd, 4318833.993, 140
Trd, 4318834.643, 140
Trd, 4318835.043, 140
Trd, 4318835.393, 140
Trd, 4318835.543, 140
Trd, 4318837.043, 140
Trd, 4318839.793, 140
Trd, 4318839.993, 140
Trd, 4318840.743, 139
Trd, 4318840.843, 139
Trd, 4318841.543, 140
Trd, 4318841.993, 140
Trd, 4318843.693, 140
Trd, 4318845.093, 140
Trd, 4318845.593, 140
Trd, 4318845.993, 140
Trd, 4318846.893, 140
Trd, 4318847.243, 140
Trd, 4318847.343, 140
Trd, 4318847.593, 140
Trd, 4318848.193, 139
Trd, 4318848.343, 138
Trd, 4318848.943, 140
Trd, 4318849.143, 139
Trd, 4318849.543, 60
Trd, 4318849.593, 60
Trd, 4318850.593, 70
Trd, 4318853.193, 140
Trd, 4318853.593, 140
Trd, 4318853.693, 140
Trd, 4318853.843, 139
Trd, 4318854.543, 65
Trd, 4318854.843, 70
Trd, 4318856.093, 140
Trd, 4318857.793, 140
Trd, 4318858.243, 140
Trd, 4318858.693, 139
Trd, 4318858.843, 140
Trd, 4318859.743, 140
Trd, 4318861.243, 140
Trd, 4318861.743, 140
Trd, 4318862.143, 140
Trd, 4318862.243, 139
Trd, 4318864.193, 140
Trd, 4318865.543, 140
Trd, 4318866.343, 140
Trd, 4318867.443, 140
Trd, 4318868.443, 140
Trd, 4318868.993, 140
Trd, 4318869.593, 140
Trd, 4318870.993, 140
Trd, 4318871.143, 140
Trd, 4318871.293, 140
Trd, 4318871.793, 140
Trd, 4318872.093, 138
Trd, 4318873.093, 140
Trd, 4318873.293, 140
Trd, 4318875.043, 140
Trd, 4318875.293, 139
Trd, 4318875.843, 139
Trd, 4318877.193, 140
Trd, 4318877.243, 140
Trd, 4318877.943, 140
Trd, 4318878.243, 140
Trd, 4318878.943, 60
Trd, 4318879.593, 60
Trd, 4318879.643, 60
Trd, 4318880.493, 67
Trd, 4318881.493, 140
Trd, 4318882.993, 140
Trd, 4318883.343, 140
Trd, 4318884.193, 140
Trd, 4318884.993, 140
Trd, 4318885.243, 140
Trd, 4318886.293, 140
Trd, 4318886.593, 140
Trd, 4318887.343, 140
Trd, 4318889.293, 140
Trd, 4318889.443, 139
Trd, 4318891.193, 140
Trd, 4318891.843, 140
Trd, 4318892.043, 140
Trd, 4318892.143, 140
Trd, 4318894.493, 140
Trd, 4318895.793, 140
Trd, 4318895.843, 140
Trd, 4318896.443, 140
Trd, 4318896.593, 140
Trd, 4318898.693, 140
Trd, 4318899.793, 140
Trd, 4318900.043, 140
Trd, 4318900.943, 140
Trd, 4318902.243, 140
Trd, 4318902.643, 86
Trd, 4318902.843, 87
Trd, 4318903.393, 140
Trd, 4318904.093, 139
Trd, 4318904.343, 137
Trd, 4318906.243, 140
Trd, 4318906.843, 140
Trd, 4318906.993, 140
Trd, 4318908.043, 140
Trd, 4318908.543, 140
Trd, 4318909.543, 140
Trd, 4318910.943, 140
Trd, 4318911.193, 140
Trd, 4318913.593, 140
Trd, 4318913.843, 140
Trd, 4318914.043, 140
Trd, 4318914.443, 140
Trd, 4318915.343, 140
Trd, 4318915.543, 140
Trd, 4318915.643, 140
Trd, 4318916.443, 140
Trd, 4318917.893, 119
Trd, 4318918.593, 94
Trd, 4318919.093, 115
Trd, 4318919.393, 120
Trd, 4318919.443, 101
Trd, 4318919.493, 124
Trd, 4318919.843, 126
Trd, 4318920.393, 70
Trd, 4318921.293, 125
Trd, 4318922.593, 61
Trd, 4318923.443, 60
Trd, 4318924.393, 64
Trd, 4318924.593, 70
Trd, 4318925.343, 60
Trd, 4318926.843, 60
Trd, 4318926.943, 60
Trd, 4318927.793, 60
Trd, 4318928.093, 66
Trd, 4318928.243, 125
Trd, 4318930.293, 74
Trd, 4318930.793, 76
Trd, 4318930.943, 77
Trd, 4318931.393, 77
Trd, 4318932.393, 60
Trd, 4318932.443, 62
Trd, 4318932.543, 63
Trd, 4318934.943, 60
Trd, 4318935.093, 61
Trd, 4318935.643, 74
Trd, 4318936.043, 63
Trd, 4318937.643, 140
Trd, 4318938.293, 140
Trd, 4318938.993, 140
Trd, 4318939.593, 140
Trd, 4318939.993, 140
Trd, 4318940.293, 140
Trd, 4318940.343, 139
Trd, 4318940.843, 139
Trd, 4318942.443, 60
Trd, 4318942.543, 60
Trd, 4318943.293, 60
Trd, 4318943.393, 60
Trd, 4318943.843, 62
Trd, 4318944.493, 63
Trd, 4318944.793, 68
Trd, 4318946.043, 73
Trd, 4318946.393, 140
Trd, 4318946.593, 140
Trd, 4318947.293, 60
Trd, 4318948.943, 140
Trd, 4318948.993, 140
Trd, 4318950.693, 139
Trd, 4318951.443, 139
Trd, 4318951.793, 139
Trd, 4318953.143, 140
Trd, 4318953.593, 140
Trd, 4318954.243, 60
Trd, 4318954.443, 60
Trd, 4318954.793, 60
Trd, 4318955.893, 61
Trd, 4318956.293, 61
Trd, 4318957.343, 62
Trd, 4318957.843, 64
Trd, 4318958.893, 67
Trd, 4318959.093, 139
Trd, 4318959.793, 60
Trd, 4318960.693, 60
Trd, 4318961.193, 108
Trd, 4318962.143, 60
Trd, 4318962.343, 66
Trd, 4318963.643, 77
Trd, 4318964.193, 86
Trd, 4318964.543, 139
Trd, 4318965.293, 69
Trd, 4318966.543, 140
Trd, 4318967.293, 140
Trd, 4318968.043, 140
Trd, 4318968.193, 140
Trd, 4318969.893, 140
Trd, 4318970.143, 140
Trd, 4318971.243, 140
Trd, 4318972.293, 140
Trd, 4318974.843, 140
Trd, 4318974.943, 140
Trd, 4318975.693, 140
Trd, 4318976.443, 140
Trd, 4318976.793, 140
Trd, 4318977.093, 140
Trd, 4318977.743, 140
Trd, 4318978.643, 140
Trd, 4318979.193, 139
Trd, 4318979.693, 139
Trd, 4318980.843, 65
Trd, 4318981.393, 66
Trd, 4318982.143, 67
Trd, 4318983.043, 140
Trd, 4318983.843, 140
Trd, 4318985.043, 140
Trd, 4318985.593, 140
Trd, 4318986.943, 140
Trd, 4318987.843, 140
Trd, 4318987.943, 140
Trd, 4318988.093, 140
Trd, 4318989.393, 140
Trd, 4318989.543, 140
Trd, 4318989.793, 140
Trd, 4318990.743, 140
Trd, 4318990.793, 139
Trd, 4318991.543, 140
Trd, 4318991.943, 140
Trd, 4318992.943, 140
Trd, 4318994.743, 140
Trd, 4318995.293, 140
Trd, 4318996.543, 140
Trd, 4318997.243, 140
Trd, 4318997.543, 140
Trd, 4318997.643, 140
Trd, 4318999.193, 140
Trd, 4318999.293, 140
Trd, 4318999.943, 139
Trd, 4319000.193, 140
Trd, 4319000.243, 139
Trd, 4319000.893, 81
Trd, 4319003.143, 140
Trd, 4319003.193, 140
Trd, 4319003.693, 140
Trd, 4319003.793, 140
Trd, 4319004.343, 140
Trd, 4319005.393, 140
Trd, 4319005.993, 140
Trd, 4319006.493, 140
Trd, 4319006.743, 140
Trd, 4319008.643, 140
Trd, 4319009.293, 140
Trd, 4319010.093, 140
Trd, 4319010.443, 139
Trd, 4319010.593, 65
Trd, 4319011.443, 140
Trd, 4319012.293, 135
Trd, 4319012.493, 140
Trd, 4319012.993, 140
Trd, 4319013.693, 140
Trd, 4319013.743, 138
Trd, 4319015.293, 60
Trd, 4319015.393, 60
Trd, 4319017.143, 140
Trd, 4319017.343, 140
Trd, 4319017.443, 140
Trd, 4319018.443, 140
Trd, 4319019.443, 140
Trd, 4319020.793, 140
Trd, 4319021.093, 140
Trd, 4319021.443, 140
Trd, 4319021.743, 140
Trd, 4319022.893, 140
Trd, 4319024.393, 140
Trd, 4319024.843, 140
Trd, 4319026.393, 140
Trd, 4319026.793, 140
Trd, 4319027.293, 140
Trd, 4319028.293, 140
Trd, 4319029.543, 140
Trd, 4319030.443, 140
Trd, 4319030.993, 140
Trd, 4319031.643, 140
Trd, 4319031.743, 140
Trd, 4319032.843, 140
Trd, 4319033.043, 140
Trd, 4319034.193, 140
Trd, 4319034.743, 140
Trd, 4319035.993, 140
Trd, 4319036.193, 140
Trd, 4319036.943, 140
Trd, 4319038.143, 140
Trd, 4319039.093, 140
Trd, 4319039.243, 140
Trd, 4319040.843, 140
Trd, 4319041.243, 140
Trd, 4319041.893, 140
Trd, 4319042.243, 140
Trd, 4319042.693, 140
Trd, 4319042.743, 138
Trd, 4319043.493, 140
Trd, 4319043.943, 140
Trd, 4319043.993, 140
Trd, 4319046.043, 140
Trd, 4319046.643, 140
Trd, 4319047.043, 140
Trd, 4319047.143, 138
Trd, 4319050.193, 140
Trd, 4319050.293, 140
Trd, 4319052.143, 140
Trd, 4319052.543, 140
Trd, 4319053.043, 140
Trd, 4319054.643, 140
Trd, 4319054.943, 140
Trd, 4319055.193, 140
Trd, 4319055.243, 139
Trd, 4319056.043, 60
Trd, 4319056.793, 108
Trd, 4319057.793, 91
Trd, 4319059.393, 140
Trd, 4319060.143, 140
Trd, 4319060.893, 140
Trd, 4319061.243, 140
Trd, 4319062.543, 140
Trd, 4319062.993, 140
Trd, 4319063.943, 140
Trd, 4319063.993, 140
Trd, 4319064.493, 140
Trd, 4319065.093, 139
Trd, 4319065.693, 101
Trd, 4319066.093, 102
Trd, 4319066.243, 140
Trd, 4319067.493, 140
Trd, 4319068.743, 140
Trd, 4319069.093, 140
Trd, 4319070.493, 140
Trd, 4319070.743, 140
Trd, 4319071.493, 140
Trd, 4319071.843, 140
Trd, 4319072.543, 139
Trd, 4319074.143, 140
Trd, 4319074.543, 140
Trd, 4319074.843, 140
Trd, 4319075.693, 140
Trd, 4319077.243, 140
Trd, 4319077.343, 140
Trd, 4319078.093, 140
Trd, 4319078.443, 140
Trd, 4319078.793, 140
Trd, 4319078.893, 139
Trd, 4319079.343, 137
Trd, 4319080.093, 66
Trd, 4319080.743, 67
Trd, 4319081.143, 84
Trd, 4319083.043, 131
Trd, 4319083.843, 140
Trd, 4319083.943, 140
Trd, 4319084.893, 136
Trd, 4319084.993, 137
Trd, 4319085.193, 93
Trd, 4319086.243, 94
Trd, 4319087.243, 138
Trd, 4319089.393, 140
Trd, 4319090.093, 140
Trd, 4319091.393, 140
Trd, 4319092.393, 140
Trd, 4319092.693, 140
Trd, 4319092.893, 140
Trd, 4319094.893, 140
Trd, 4319095.343, 140
Trd, 4319096.243, 140
Trd, 4319096.993, 140
Trd, 4319097.543, 140
Trd, 4319098.093, 140
Trd, 4319098.193, 140
Trd, 4319098.593, 140
Trd, 4319098.943, 140
Trd, 4319099.643, 140
Trd, 4319099.793, 140
Trd, 4319100.543, 140
Trd, 4319100.593, 140
Trd, 4319101.443, 139
Trd, 4319101.543, 101
Trd, 4319102.943, 140
Trd, 4319103.193, 140
Trd, 4319103.693, 140
Trd, 4319104.643, 140
Trd, 4319106.493, 140
Trd, 4319107.493, 140
Trd, 4319107.743, 140
Trd, 4319108.693, 140
Trd, 4319109.043, 140
Trd, 4319111.343, 140
Trd, 4319111.693, 140
Trd, 4319112.493, 140
Trd, 4319112.993, 140
Trd, 4319113.043, 140
Trd, 4319113.443, 140
Trd, 4319113.493, 138
Trd, 4319114.043, 71
Trd, 4319114.793, 60
Trd, 4319114.893, 60
Trd, 4319115.943, 60
Trd, 4319116.893, 101
Trd, 4319118.293, 63
Trd, 4319118.393, 64
Trd, 4319119.143, 60
Trd, 4319120.043, 95
Trd, 4319122.143, 60
Trd, 4319122.393, 62
Trd, 4319122.793, 64
Trd, 4319123.293, 61
Trd, 4319123.493, 66
Trd, 4319124.843, 60
Trd, 4319126.193, 60
Trd, 4319126.643, 60
Trd, 4319127.093, 60
Trd, 4319127.543, 60
Trd, 4319128.043, 68
Trd, 4319128.893, 60
Trd, 4319129.343, 60
Trd, 4319130.193, 64
Trd, 4319131.443, 61
Trd, 4319132.843, 60
Trd, 4319132.893, 61
Trd, 4319133.093, 62
Trd, 4319133.493, 73
Trd, 4319135.643, 62
Trd, 4319135.843, 68
Trd, 4319136.093, 62
Trd, 4319136.343, 140
Trd, 4319136.793, 138
Trd, 4319138.393, 137
Trd, 4319139.593, 140
Trd, 4319140.243, 140
Trd, 4319140.293, 140
Trd, 4319141.693, 140
Trd, 4319142.043, 140
Trd, 4319142.943, 140
Trd, 4319145.143, 140
Trd, 4319145.693, 140
Trd, 4319145.893, 140
Trd, 4319146.093, 140
Trd, 4319148.143, 140
Trd, 4319148.543, 140
Trd, 4319148.693, 140
Trd, 4319149.593, 140
Trd, 4319149.943, 140
Trd, 4319150.343, 140
Trd, 4319150.793, 140
Trd, 4319151.343, 140
Trd, 4319152.043, 140
Trd, 4319152.443, 140
Trd, 4319152.593, 140
Trd, 4319152.943, 140
Trd, 4319153.393, 139
Trd, 4319154.093, 138
Trd, 4319154.443, 140
Trd, 4319154.693, 139
Trd, 4319155.843, 140
Trd, 4319155.893, 139
Trd, 4319157.643, 139
Trd, 4319157.843, 138
Trd, 4319159.943, 140
Trd, 4319160.643, 139
Trd, 4319161.143, 140
Trd, 4319162.443, 140
Trd, 4319163.893, 140
Trd, 4319164.943, 140
Trd, 4319165.393, 140
Trd, 4319165.743, 140
Trd, 4319165.993, 140
Trd, 4319166.043, 137
Trd, 4319166.443, 139
Trd, 4319166.943, 140
Trd, 4319167.943, 140
Trd, 4319168.643, 140
Trd, 4319169.693, 140
Trd, 4319170.343, 140
Trd, 4319170.793, 140
Trd, 4319170.993, 118
Trd, 4319171.243, 60
Trd, 4319171.843, 139
Trd, 4319172.943, 140
Trd, 4319173.293, 140
Trd, 4319175.943, 140
Trd, 4319176.093, 140
Trd, 4319176.543, 140
Trd, 4319176.843, 140
Trd, 4319178.693, 140
Trd, 4319179.043, 140
Trd, 4319181.593, 140
Trd, 4319181.743, 140
Trd, 4319183.793, 140
Trd, 4319184.543, 140
Trd, 4319185.843, 140
Trd, 4319186.143, 140
Trd, 4319187.093, 140
Trd, 4319187.543, 139
Trd, 4319187.943, 138
Trd, 4319189.043, 140
Trd, 4319189.543, 140
Trd, 4319190.693, 138
Trd, 4319191.443, 140
Trd, 4319191.793, 139
Trd, 4319192.743, 140
Trd, 4319192.893, 140
Trd, 4319192.943, 140
Trd, 4319194.443, 140
Trd, 4319194.793, 140
Trd, 4319194.843, 140
Trd, 4319196.243, 138
Trd, 4319196.643, 138
Trd, 4319196.693, 137
Trd, 4319198.743, 140
Trd, 4319198.843, 140
Trd, 4319198.993, 140
Trd, 4319200.393, 140
Trd, 4319200.793, 140
Trd, 4319200.943, 140
Trd, 4319202.843, 140
Trd, 4319203.493, 140
Trd, 4319204.393, 140
Trd, 4319204.593, 140
Trd, 4319205.343, 140
Trd, 4319206.193, 140
Trd, 4319206.293, 139
Trd, 4319206.693, 138
Trd, 4319207.743, 139
Trd, 4319208.343, 138
Trd, 4319208.743, 133
Trd, 4319209.143, 93
Trd, 4319210.043, 140
Trd, 4319211.393, 140
Trd, 4319211.893, 140
Trd, 4319212.893, 140
Trd, 4319213.093, 140
Trd, 4319215.393, 140
Trd, 4319216.093, 140
Trd, 4319216.943, 140
Trd, 4319217.143, 140
Trd, 4319217.593, 140
Trd, 4319217.793, 139
Trd, 4319218.843, 140
Trd, 4319219.293, 139
Trd, 4319219.643, 138
Trd, 4319220.243, 140
Trd, 4319220.543, 140
Trd, 4319221.443, 140
Trd, 4319221.843, 140
Trd, 4319222.043, 140
Trd, 4319222.593, 69
Trd, 4319224.193, 140
Trd, 4319224.643, 140
Trd, 4319224.993, 140
Trd, 4319225.143, 140
Trd, 4319227.443, 140
Trd, 4319227.943, 140
Trd, 4319228.493, 140
Trd, 4319228.693, 140
Trd, 4319229.443, 140
Trd, 4319229.493, 140
Trd, 4319230.393, 140
Trd, 4319231.043, 140
Trd, 4319232.593, 140
Trd, 4319232.693, 140
Trd, 4319232.893, 138
Trd, 4319233.643, 138
Trd, 4319234.143, 139
Trd, 4319235.043, 135
Trd, 4319237.143, 140
Trd, 4319237.343, 136
Trd, 4319238.293, 135
Trd, 4319239.443, 140
Trd, 4319240.093, 140
Trd, 4319240.593, 140
Trd, 4319241.293, 140
Trd, 4319241.793, 140
Trd, 4319242.343, 60
Trd, 4319242.893, 60
Trd, 4319243.493, 60
Trd, 4319243.593, 63
Trd, 4319244.643, 75
Trd, 4319245.043, 140
Trd, 4319246.893, 140
Trd, 4319246.943, 140
Trd, 4319247.693, 140
Trd, 4319248.693, 140
Trd, 4319249.193, 140
Trd, 4319249.793, 140
Trd, 4319250.793, 140
Trd, 4319251.343, 140
Trd, 4319251.443, 140
Trd, 4319253.343, 140
Trd, 4319254.093, 140
Trd, 4319254.493, 140
Trd, 4319254.943, 139
Trd, 4319255.093, 139
Trd, 4319255.443, 139
Trd, 4319256.143, 140
Trd, 4319256.493, 140
Trd, 4319256.543, 138
Trd, 4319257.293, 138
Trd, 4319257.743, 97
Trd, 4319259.193, 140
Trd, 4319259.593, 97
Trd, 4319261.043, 140
Trd, 4319261.243, 60
Trd, 4319262.843, 140
Trd, 4319264.193, 140
Trd, 4319264.643, 140
Trd, 4319264.893, 140
Trd, 4319265.443, 115
Trd, 4319265.493, 116
Trd, 4319266.193, 140
Trd, 4319267.893, 140
Trd, 4319269.443, 140
Trd, 4319270.593, 140
Trd, 4319271.243, 140
Trd, 4319271.443, 140
Trd, 4319271.543, 140
Trd, 4319273.093, 140
Trd, 4319273.693, 140
Trd, 4319273.993, 140
Trd, 4319275.393, 140
Trd, 4319276.243, 140
Trd, 4319277.493, 140
Trd, 4319279.543, 140
Trd, 4319280.093, 140
Trd, 4319280.943, 140
Trd, 4319280.993, 140
Trd, 4319281.543, 140
Trd, 4319281.593, 140
Trd, 4319281.643, 139
Trd, 4319282.493, 140
Trd, 4319283.043, 140
Trd, 4319283.443, 140
Trd, 4319284.643, 140
Trd, 4319284.693, 140
Trd, 4319286.443, 140
Trd, 4319288.043, 140
Trd, 4319288.343, 140
Trd, 4319288.443, 140
Trd, 4319289.893, 140
Trd, 4319290.343, 140
Trd, 4319290.793, 140
Trd, 4319291.043, 140
Trd, 4319292.443, 140
Trd, 4319294.543, 140
Trd, 4319295.093, 140
Trd, 4319296.043, 140
Trd, 4319296.393, 140
Trd, 4319297.093, 140
Trd, 4319297.193, 140
Trd, 4319297.493, 139
Trd, 4319299.043, 140
Trd, 4319299.243, 139
Trd, 4319299.393, 140
Trd, 4319299.943, 140
Trd, 4319301.893, 140
Trd, 4319302.443, 140
Trd, 4319302.493, 138
Trd, 4319303.843, 140
Trd, 4319304.043, 140
Trd, 4319304.893, 139
Trd, 4319305.193, 138
Trd, 4319308.093, 140
Trd, 4319308.693, 140
Trd, 4319308.993, 140
Trd, 4319309.643, 140
Trd, 4319310.693, 140
Trd, 4319310.743, 140
Trd, 4319311.093, 140
Trd, 4319311.593, 140
Trd, 4319312.243, 139
Trd, 4319312.493, 139
Trd, 4319312.743, 139
Trd, 4319313.893, 140
Trd, 4319315.243, 140
Trd, 4319315.593, 139
Trd, 4319316.343, 140
Trd, 4319317.643, 140
Trd, 4319318.243, 140
Trd, 4319319.543, 140
Trd, 4319320.693, 140
Trd, 4319321.143, 140
Trd, 4319321.793, 140
Trd, 4319322.793, 140
Trd, 4319323.593, 140
Trd, 4319323.793, 140
Trd, 4319324.293, 140
Trd, 4319324.993, 140
Trd, 4319325.093, 139
Trd, 4319325.543, 140
Trd, 4319325.593, 138
Trd, 4319328.543, 140
Trd, 4319329.043, 140
Trd, 4319329.643, 140
Trd, 4319329.743, 140
Trd, 4319331.343, 140
Trd, 4319333.243, 140
Trd, 4319333.393, 140
Trd, 4319333.643, 139
Trd, 4319334.743, 135
Trd, 4319335.343, 136
Trd, 4319336.743, 61
Trd, 4319336.793, 65
Trd, 4319336.993, 60
Trd, 4319337.443, 62
Trd, 4319339.493, 140
Trd, 4319340.243, 140
Trd, 4319341.393, 140
Trd, 4319342.193, 140
Trd, 4319342.243, 140
Trd, 4319342.393, 140
Trd, 4319342.993, 140
Trd, 4319343.093, 140
Trd, 4319343.143, 140
Trd, 4319344.243, 140
Trd, 4319344.443, 140
Trd, 4319345.543, 140
Trd, 4319346.243, 140
Trd, 4319347.693, 140
Trd, 4319347.993, 140
Trd, 4319348.443, 140
Trd, 4319350.993, 140
Trd, 4319351.393, 140
Trd, 4319351.993, 140
Trd, 4319352.293, 140
Trd, 4319352.743, 140
Trd, 4319353.693, 140
Trd, 4319354.543, 140
Trd, 4319356.843, 140
Trd, 4319356.893, 140
Trd, 4319357.193, 140
Trd, 4319357.393, 140
Trd, 4319357.443, 140
Trd, 4319357.593, 140
Trd, 4319359.543, 140
Trd, 4319359.843, 140
Trd, 4319360.743, 139
Trd, 4319361.343, 139
Trd, 4319362.393, 140
Trd, 4319363.193, 140
Trd, 4319363.543, 140
Trd, 4319363.993, 140
Trd, 4319364.143, 139
Trd, 4319365.043, 138
Trd, 4319365.293, 139
Trd, 4319365.943, 137
Trd, 4319366.543, 69
Trd, 4319366.643, 135
Trd, 4319367.043, 139
Trd, 4319367.443, 138
Trd, 4319369.343, 140
Trd, 4319370.793, 140
Trd, 4319371.243, 138
Trd, 4319372.093, 140
Trd, 4319372.843, 140
Trd, 4319373.493, 140
Trd, 4319373.793, 140
Trd, 4319374.443, 140
Trd, 4319375.493, 101
Trd, 4319377.143, 138
Trd, 4319377.343, 62
Trd, 4319377.493, 98
Trd, 4319379.543, 140
Trd, 4319379.793, 140
Trd, 4319381.343, 140
Trd, 4319382.743, 140
Trd, 4319383.443, 140
Trd, 4319383.493, 140
Trd, 4319384.043, 139
Trd, 4319384.193, 139
Trd, 4319387.343, 140
Trd, 4319387.393, 140
Trd, 4319388.293, 140
Trd, 4319389.293, 140
Trd, 4319389.593, 140
Trd, 4319390.193, 140
Trd, 4319390.293, 140
Trd, 4319391.043, 140
Trd, 4319392.543, 140
Trd, 4319392.843, 140
Trd, 4319393.193, 140
Trd, 4319393.843, 140
Trd, 4319394.143, 140
Trd, 4319394.543, 138
Trd, 4319394.593, 139
Trd, 4319394.743, 137
Trd, 4319395.693, 60
Trd, 4319396.143, 61
Trd, 4319396.443, 73
Trd, 4319397.343, 69
Trd, 4319398.693, 67
Trd, 4319399.343, 62
Trd, 4319399.493, 62
Trd, 4319399.643, 70
Trd, 4319400.893, 140
Trd, 4319401.293, 140
Trd, 4319401.393, 140
Trd, 4319403.293, 139
Trd, 4319403.643, 140
Trd, 4319404.793, 140
Trd, 4319405.543, 140
Trd, 4319405.993, 140
Trd, 4319406.393, 140
Trd, 4319407.493, 140
Trd, 4319408.293, 140
Trd, 4319408.893, 140
Trd, 4319409.443, 140
Trd, 4319409.843, 140
Trd, 4319410.393, 62
Trd, 4319410.743, 138
Trd, 4319411.243, 139
Trd, 4319411.293, 75
Trd, 4319412.743, 140
Trd, 4319413.243, 140
Trd, 4319414.443, 140
Trd, 4319417.043, 140
Trd, 4319417.393, 140
Trd, 4319417.893, 140
Trd, 4319418.193, 140
Trd, 4319419.043, 140
Trd, 4319419.293, 140
Trd, 4319419.743, 140
Trd, 4319420.893, 140
Trd, 4319421.393, 138
Trd, 4319422.243, 139
Trd, 4319422.743, 140
Trd, 4319423.843, 140
Trd, 4319424.343, 139
Trd, 4319425.193, 138
Trd, 4319425.543, 139
Trd, 4319425.643, 138
Trd, 4319426.493, 140
Trd, 4319428.393, 140
Trd, 4319430.793, 140
Trd, 4319430.893, 140
Trd, 4319431.343, 140
Trd, 4319431.643, 140
Trd, 4319431.693, 140
Trd, 4319431.743, 139
Trd, 4319432.443, 140
Trd, 4319432.993, 138
Trd, 4319434.093, 60
Trd, 4319434.593, 62
Trd, 4319434.793, 139
Trd, 4319437.543, 60
Trd, 4319437.743, 60
Trd, 4319437.793, 60
Trd, 4319437.843, 63
Trd, 4319438.493, 96
Trd, 4319439.393, 118
Trd, 4319439.843, 65
Trd, 4319440.793, 60
Trd, 4319441.393, 61
Trd, 4319442.143, 61
Trd, 4319442.693, 67
Trd, 4319443.043, 72
Trd, 4319443.543, 87
Trd, 4319444.043, 104
Trd, 4319444.293, 108
Trd, 4319445.343, 140
Trd, 4319446.543, 140
Trd, 4319446.893, 140
Trd, 4319447.243, 140
Trd, 4319447.293, 140
Trd, 4319448.143, 140
Trd, 4319449.643, 140
Trd, 4319449.943, 140
Trd, 4319450.143, 140
Trd, 4319450.493, 140
Trd, 4319450.843, 140
Trd, 4319452.043, 140
Trd, 4319452.593, 140
Trd, 4319452.643, 140
Trd, 4319455.043, 140
Trd, 4319455.793, 140
Trd, 4319457.143, 140
Trd, 4319457.443, 140
Trd, 4319459.243, 140
Trd, 4319459.443, 140
Trd, 4319459.593, 140
Trd, 4319459.893, 140
Trd, 4319461.393, 140
Trd, 4319461.993, 140
Trd, 4319462.543, 140
Trd, 4319463.193, 140
Trd, 4319464.393, 140
Trd, 4319465.143, 140
Trd, 4319466.293, 140
Trd, 4319466.993, 140
Trd, 4319467.443, 139
Trd, 4319469.193, 140
Trd, 4319469.443, 140
Trd, 4319469.843, 139
Trd, 4319469.993, 140
Trd, 4319470.293, 140
Trd, 4319470.743, 140
Trd, 4319471.243, 140
Trd, 4319473.393, 140
Trd, 4319475.393, 140
Trd, 4319475.693, 140
Trd, 4319476.543, 140
Trd, 4319477.543, 140
Trd, 4319477.943, 140
Trd, 4319478.243, 140
Trd, 4319479.193, 140
Trd, 4319480.243, 140
Trd, 4319480.493, 140
Trd, 4319482.293, 140
Trd, 4319484.193, 140
Trd, 4319484.243, 140
Trd, 4319484.443, 140
Trd, 4319484.543, 89
Trd, 4319484.843, 93
Trd, 4319485.543, 93
Trd, 4319485.893, 93
Trd, 4319486.893, 60
Trd, 4319487.643, 64
Trd, 4319487.943, 94
Trd, 4319488.693, 139
Trd, 4319490.443, 60
Trd, 4319490.593, 60
Trd, 4319490.793, 60
Trd, 4319490.993, 60
Trd, 4319491.543, 67
Trd, 4319492.643, 64
Trd, 4319494.243, 60
Trd, 4319494.493, 60
Trd, 4319494.793, 62
Trd, 4319495.793, 60
Trd, 4319497.193, 70
Trd, 4319497.343, 67
Trd, 4319497.443, 100
Trd, 4319497.693, 70
Trd, 4319498.093, 139
Trd, 4319498.593, 64
Trd, 4319498.893, 63
Trd, 4319500.593, 114
Trd, 4319500.693, 119
Trd, 4319501.143, 61
Trd, 4319501.593, 61
Trd, 4319502.843, 60
Trd, 4319503.043, 60
Trd, 4319503.643, 62
Trd, 4319504.043, 62
Trd, 4319504.793, 107
Trd, 4319506.743, 60
Trd, 4319507.743, 60
Trd, 4319507.993, 60
Trd, 4319508.693, 63
Trd, 4319509.443, 60
Trd, 4319510.193, 60
Trd, 4319510.593, 72
Trd, 4319510.843, 136
Trd, 4319510.993, 64
Trd, 4319511.893, 71
Trd, 4319511.943, 68
Trd, 4319513.193, 139
Trd, 4319514.693, 140
Trd, 4319514.893, 140
Trd, 4319515.043, 140
Trd, 4319516.193, 140
Trd, 4319517.093, 139
Trd, 4319518.743, 140
Trd, 4319519.043, 140
Trd, 4319521.093, 140
Trd, 4319523.093, 140
Trd, 4319523.243, 140
Trd, 4319523.493, 140
Trd, 4319523.543, 140
Trd, 4319523.943, 140
Trd, 4319523.993, 139
Trd, 4319524.293, 61
Trd, 4319524.643, 61
Trd, 4319525.643, 60
Trd, 4319526.293, 64
Trd, 4319526.993, 140
Trd, 4319528.793, 140
Trd, 4319528.993, 140
Trd, 4319529.393, 139
Trd, 4319530.093, 95
Trd, 4319530.343, 96
Trd, 4319530.543, 60
Trd, 4319532.243, 60
Trd, 4319532.493, 60
Trd, 4319533.543, 63
Trd, 4319535.143, 92
Trd, 4319535.743, 94
Trd, 4319536.293, 108
Trd, 4319536.543, 109
Trd, 4319536.843, 134
Trd, 4319537.543, 140
Trd, 4319537.843, 140
Trd, 4319539.743, 60
Trd, 4319540.293, 60
Trd, 4319540.943, 67
Trd, 4319542.193, 61
Trd, 4319542.693, 63
Trd, 4319543.193, 117
Trd, 4319543.943, 62
Trd, 4319544.043, 63
Trd, 4319544.793, 62
Trd, 4319544.993, 61
Trd, 4319545.343, 63
Trd, 4319545.943, 70
Trd, 4319546.243, 104
Trd, 4319547.343, 60
Trd, 4319548.093, 140
Trd, 4319548.843, 122
Trd, 4319551.393, 140
Trd, 4319552.343, 140
Trd, 4319552.443, 140
Trd, 4319553.743, 140
Trd, 4319554.043, 140
Trd, 4319554.593, 140
Trd, 4319554.743, 140
Trd, 4319555.093, 140
Trd, 4319555.693, 140
Trd, 4319555.793, 140
Trd, 4319556.843, 140
Trd, 4319557.093, 140
Trd, 4319558.293, 60
Trd, 4319558.493, 62
Trd, 4319560.043, 65
Trd, 4319561.093, 60
Trd, 4319562.243, 60
Trd, 4319562.393, 60
Trd, 4319562.443, 77
Trd, 4319562.593, 136
Trd, 4319563.393, 62
Trd, 4319564.243, 62
Trd, 4319564.293, 103
Trd, 4319564.893, 65
Trd, 4319565.493, 68
Trd, 4319566.543, 67
Trd, 4319566.593, 60
Trd, 4319567.143, 101
Trd, 4319568.793, 60
Trd, 4319568.993, 62
Trd, 4319569.493, 100
Trd, 4319570.893, 81
Trd, 4319572.243, 140
Trd, 4319573.093, 140
Trd, 4319573.193, 140
Trd, 4319574.193, 140
Trd, 4319574.393, 139
Trd, 4319574.743, 138
Trd, 4319575.093, 140
Trd, 4319576.443, 140
Trd, 4319576.543, 140
Trd, 4319577.143, 140
Trd, 4319577.793, 140
Trd, 4319578.443, 60
Trd, 4319578.943, 60
Trd, 4319579.643, 60
Trd, 4319580.443, 63
Trd, 4319580.593, 64
Trd, 4319581.343, 64
Trd, 4319582.243, 140
Trd, 4319583.343, 140
Trd, 4319583.893, 140
Trd, 4319583.993, 140
Trd, 4319584.293, 140
Trd, 4319587.043, 140
Trd, 4319587.593, 140
Trd, 4319589.043, 140
Trd, 4319589.793, 140
Trd, 4319591.443, 140
Trd, 4319591.843, 140
Trd, 4319594.343, 140
Trd, 4319596.893, 140
Trd, 4319597.193, 140
Trd, 4319597.543, 140
Trd, 4319597.743, 140
Trd, 4319598.143, 140
Trd, 4319598.643, 140
Trd, 4319598.743, 139
Trd, 4319598.993, 136
Trd, 4319599.493, 136
Trd, 4319599.593, 139
Trd, 4319599.993, 140
Trd, 4319600.093, 69
Trd, 4319602.443, 63
Trd, 4319602.743, 62
Trd, 4319604.093, 140
Trd, 4319605.243, 61
Trd, 4319605.643, 64
Trd, 4319605.993, 62
Trd, 4319608.293, 60
Trd, 4319608.643, 60
Trd, 4319608.943, 60
Trd, 4319610.043, 60
Trd, 4319610.193, 71
Trd, 4319611.093, 62
Trd, 4319613.143, 140
Trd, 4319613.293, 140
Trd, 4319613.893, 140
Trd, 4319614.943, 140
Trd, 4319615.043, 140
Trd, 4319616.943, 140
Trd, 4319617.443, 140
Trd, 4319617.593, 140
Trd, 4319618.743, 140
Trd, 4319618.893, 139
Trd, 4319619.893, 140
Trd, 4319620.093, 139
Trd, 4319620.443, 138
Trd, 4319620.743, 140
Trd, 4319620.793, 138
Trd, 4319621.343, 68
Trd, 4319623.393, 62
Trd, 4319623.493, 63
Trd, 4319624.293, 60
Trd, 4319624.743, 61
Trd, 4319625.493, 64
Trd, 4319627.193, 140
Trd, 4319627.743, 140
Trd, 4319627.843, 140
Trd, 4319628.543, 140
Trd, 4319629.493, 140
Trd, 4319630.143, 140
Trd, 4319631.593, 140
Trd, 4319632.893, 140
Trd, 4319632.993, 140
Trd, 4319633.343, 140
Trd, 4319633.543, 140
Trd, 4319635.043, 140
Trd, 4319635.793, 140
Trd, 4319636.393, 140
Trd, 4319636.793, 140
Trd, 4319637.343, 140
Trd, 4319638.593, 139
Trd, 4319640.093, 139
Trd, 4319640.743, 140
Trd, 4319641.043, 139
Trd, 4319642.143, 140
Trd, 4319642.443, 140
Trd, 4319642.643, 140
Trd, 4319643.093, 140
Trd, 4319643.243, 140
Trd, 4319644.293, 140
Trd, 4319644.993, 140
Trd, 4319646.943, 140
Trd, 4319647.093, 140
Trd, 4319648.443, 140
Trd, 4319648.693, 108
Trd, 4319649.843, 140
Trd, 4319649.943, 140
Trd, 4319650.393, 140
Trd, 4319650.593, 139
Trd, 4319651.893, 140
Trd, 4319653.793, 140
Trd, 4319653.843, 140
Trd, 4319654.393, 140
Trd, 4319655.293, 140
Trd, 4319657.193, 140
Trd, 4319658.043, 140
Trd, 4319658.643, 140
Trd, 4319658.793, 140
Trd, 4319658.993, 139
Trd, 4319659.093, 138
Trd, 4319659.193, 138
Trd, 4319659.393, 140
Trd, 4319660.043, 78
Trd, 4319660.193, 107
Trd, 4319661.993, 140
Trd, 4319663.193, 139
Trd, 4319663.693, 140
Trd, 4319664.493, 140
Trd, 4319664.893, 140
Trd, 4319665.843, 140
Trd, 4319666.143, 140
Trd, 4319666.743, 140
Trd, 4319668.043, 138
Trd, 4319668.143, 67
Trd, 4319670.443, 140
Trd, 4319671.243, 140
Trd, 4319671.793, 140
Trd, 4319671.993, 140
Trd, 4319673.993, 140
Trd, 4319674.143, 140
Trd, 4319675.493, 140
Trd, 4319675.993, 140
Trd, 4319676.693, 140
Trd, 4319676.743, 140
Trd, 4319677.543, 140
Trd, 4319677.793, 140
Trd, 4319678.043, 140
Trd, 4319678.943, 140
Trd, 4319680.743, 140
Trd, 4319681.193, 140
Trd, 4319681.743, 140
Trd, 4319682.343, 140
Trd, 4319682.493, 140
Trd, 4319682.793, 140
Trd, 4319683.293, 140
Trd, 4319685.093, 140
Trd, 4319686.043, 140
Trd, 4319686.193, 140
Trd, 4319687.543, 140
Trd, 4319688.593, 140
Trd, 4319689.393, 140
Trd, 4319689.843, 140
Trd, 4319690.543, 140
Trd, 4319690.993, 140
Trd, 4319691.293, 140
Trd, 4319691.543, 140
Trd, 4319692.093, 140
Trd, 4319693.393, 140
Trd, 4319693.493, 140
Trd, 4319694.193, 139
Trd, 4319695.343, 140
Trd, 4319696.193, 140
Trd, 4319697.643, 140
Trd, 4319698.493, 140
Trd, 4319698.593, 140
Trd, 4319700.743, 140
Trd, 4319701.043, 140
Trd, 4319701.543, 140
Trd, 4319702.193, 140
Trd, 4319702.493, 140
Trd, 4319704.493, 140
Trd, 4319704.693, 140
Trd, 4319704.893, 140
Trd, 4319705.543, 140
Trd, 4319706.043, 140
Trd, 4319706.193, 140
Trd, 4319706.743, 140
Trd, 4319707.093, 140
Trd, 4319707.593, 140
Trd, 4319708.493, 140
Trd, 4319710.143, 140
Trd, 4319712.243, 140
Trd, 4319712.743, 140
Trd, 4319714.443, 140
Trd, 4319715.093, 140
Trd, 4319715.243, 140
Trd, 4319715.793, 140
Trd, 4319715.943, 140
Trd, 4319717.443, 140
Trd, 4319717.743, 140
Trd, 4319718.743, 140
Trd, 4319719.493, 140
Trd, 4319720.043, 140
Trd, 4319720.993, 140
Trd, 4319721.093, 140
Trd, 4319722.443, 140
Trd, 4319722.643, 140
Trd, 4319722.843, 140
Trd, 4319724.793, 140
Trd, 4319725.493, 140
Trd, 4319726.043, 140
Trd, 4319726.143, 139
Trd, 4319726.693, 117
Trd, 4319727.443, 140
Trd, 4319729.143, 140
Trd, 4319730.043, 140
Trd, 4319730.393, 140
Trd, 4319731.443, 140
Trd, 4319732.143, 140
Trd, 4319732.593, 139
Trd, 4319732.993, 140
Trd, 4319734.043, 140
Trd, 4319734.443, 140
Trd, 4319735.193, 140
Trd, 4319736.243, 140
Trd, 4319736.343, 140
Trd, 4319736.793, 140
Trd, 4319737.443, 140
Trd, 4319738.293, 140
Trd, 4319738.593, 139
Trd, 4319738.743, 140
Trd, 4319739.393, 139
Trd, 4319741.293, 75
Trd, 4319741.593, 136
Trd, 4319742.993, 140
Trd, 4319743.143, 140
Trd, 4319744.343, 140
Trd, 4319744.493, 140
Trd, 4319744.993, 139
Trd, 4319746.593, 140
Trd, 4319747.493, 140
Trd, 4319748.393, 140
Trd, 4319748.493, 140
Trd, 4319749.393, 140
Trd, 4319750.043, 140
Trd, 4319750.493, 140
Trd, 4319751.843, 140
Trd, 4319752.043, 140
Trd, 4319752.943, 140
Trd, 4319753.693, 140
Trd, 4319754.393, 140
Trd, 4319755.593, 140
Trd, 4319758.143, 140
Trd, 4319758.643, 140
Trd, 4319758.743, 140
Trd, 4319759.643, 140
Trd, 4319759.843, 139
Trd, 4319760.993, 140
Trd, 4319761.343, 140
Trd, 4319761.993, 140
Trd, 4319762.143, 140
Trd, 4319762.943, 140
Trd, 4319763.293, 138
Trd, 4319763.643, 140
Trd, 4319764.593, 140
Trd, 4319765.143, 140
Trd, 4319765.493, 140
Trd, 4319766.443, 140
Trd, 4319768.243, 140
Trd, 4319768.293, 140
Trd, 4319768.343, 139
Trd, 4319769.693, 139
Trd, 4319770.793, 140
Trd, 4319771.093, 138
Trd, 4319771.343, 139
Trd, 4319771.793, 140
Trd, 4319771.843, 137
Trd, 4319773.293, 140
Trd, 4319773.593, 140
Trd, 4319774.693, 140
Trd, 4319776.093, 140
Trd, 4319776.643, 140
Trd, 4319776.943, 113
Trd, 4319778.193, 89
Trd, 4319778.343, 90
Trd, 4319778.543, 136
Trd, 4319779.993, 140
Trd, 4319780.343, 140
Trd, 4319780.593, 139
Trd, 4319781.143, 140
Trd, 4319782.193, 140
Trd, 4319782.993, 140
Trd, 4319784.493, 140
Trd, 4319784.543, 140
Trd, 4319784.643, 140
Trd, 4319784.943, 140
Trd, 4319785.943, 140
Trd, 4319786.393, 140
Trd, 4319786.843, 137
Trd, 4319787.993, 61
Trd, 4319788.043, 65
Trd, 4319789.343, 82
Trd, 4319790.693, 140
Trd, 4319790.993, 140
Trd, 4319791.843, 140
Trd, 4319791.893, 140
Trd, 4319792.143, 140
Trd, 4319792.343, 140
Trd, 4319793.893, 140
Trd, 4319795.993, 140
Trd, 4319797.243, 140
Trd, 4319798.393, 140
Trd, 4319798.643, 140
Trd, 4319799.643, 140
Trd, 4319800.193, 140
Trd, 4319800.293, 140
Trd, 4319801.143, 139
Trd, 4319802.443, 140
Trd, 4319803.643, 140
Trd, 4319805.843, 140
Trd, 4319806.643, 140
Trd, 4319807.293, 140
Trd, 4319807.393, 140
Trd, 4319807.793, 140
Trd, 4319808.643, 139
Trd, 4319808.693, 140
Trd, 4319808.943, 140
Trd, 4319810.893, 140
Trd, 4319811.993, 140
Trd, 4319813.643, 140
Trd, 4319813.993, 139
Trd, 4319815.443, 140
Trd, 4319815.543, 140
Trd, 4319816.093, 140
Trd, 4319816.793, 140
Trd, 4319817.143, 140
Trd, 4319818.493, 140
Trd, 4319818.543, 140
Trd, 4319818.893, 140
Trd, 4319819.593, 140
Trd, 4319820.043, 140
Trd, 4319820.343, 140
Trd, 4319820.493, 140
Trd, 4319820.843, 60
Trd, 4319821.493, 60
Trd, 4319821.843, 60
Trd, 4319822.143, 136
Trd, 4319823.143, 139
Trd, 4319823.793, 115
Trd, 4319825.143, 62
Trd, 4319825.693, 67
Trd, 4319825.743, 67
Trd, 4319826.893, 61
Trd, 4319827.043, 67
Trd, 4319828.143, 60
Trd, 4319828.293, 60
Trd, 4319829.193, 63
Trd, 4319829.743, 60
Trd, 4319831.093, 60
Trd, 4319831.393, 61
Trd, 4319831.943, 93
Trd, 4319832.693, 64
Trd, 4319833.743, 64
Trd, 4319835.243, 62
Trd, 4319835.493, 63
Trd, 4319836.493, 65
Trd, 4319836.593, 65
Trd, 4319837.343, 64
Trd, 4319839.293, 60
Trd, 4319840.743, 60
Trd, 4319840.943, 62
Trd, 4319841.643, 60
Trd, 4319841.693, 61
Trd, 4319842.543, 69
Trd, 4319844.543, 60
Trd, 4319844.643, 60
Trd, 4319844.743, 61
Trd, 4319844.793, 64
Trd, 4319845.143, 64
Trd, 4319846.143, 60
Trd, 4319847.843, 139
Trd, 4319849.143, 140
Trd, 4319849.243, 140
Trd, 4319850.593, 140
Trd, 4319850.643, 140
Trd, 4319851.393, 140
Trd, 4319852.443, 140
Trd, 4319852.843, 140
Trd, 4319853.193, 140
Trd, 4319853.993, 140
Trd, 4319856.093, 140
Trd, 4319856.493, 140
Trd, 4319856.893, 140
Trd, 4319856.993, 140
Trd, 4319857.143, 140
Trd, 4319857.543, 139
Trd, 4319857.643, 138
Trd, 4319859.043, 134
Trd, 4319860.093, 113
Trd, 4319860.393, 105
Trd, 4319860.543, 73
Trd, 4319860.593, 136
Trd, 4319861.593, 140
Trd, 4319862.743, 61
Trd, 4319863.743, 60
Trd, 4319863.843, 62
Trd, 4319864.243, 62
Trd, 4319864.593, 73
Trd, 4319865.743, 72
Trd, 4319866.593, 70
Trd, 4319866.843, 67
Trd, 4319867.193, 65
Trd, 4319867.793, 60
Trd, 4319868.243, 62
Trd, 4319868.793, 112
Trd, 4319869.993, 137
Trd, 4319870.243, 136
Trd, 4319871.143, 139
Trd, 4319871.843, 140
Trd, 4319871.943, 139
Trd, 4319872.643, 140
Trd, 4319873.493, 140
Trd, 4319874.893, 140
Trd, 4319876.593, 71
Trd, 4319877.093, 140
Trd, 4319878.343, 140
Trd, 4319878.393, 140
Trd, 4319878.943, 140
Trd, 4319879.193, 140
Trd, 4319880.393, 140
Trd, 4319881.493, 140
Trd, 4319882.893, 140
Trd, 4319883.243, 140
Trd, 4319883.493, 140
Trd, 4319884.943, 140
Trd, 4319885.043, 140
Trd, 4319885.393, 140
Trd, 4319887.493, 140
Trd, 4319888.693, 140
Trd, 4319889.243, 140
Trd, 4319891.443, 140
Trd, 4319891.843, 139
Trd, 4319892.343, 140
Trd, 4319893.543, 140
Trd, 4319894.793, 140
Trd, 4319895.393, 140
Trd, 4319895.693, 140
Trd, 4319896.193, 137
Trd, 4319896.643, 137
Trd, 4319896.993, 139
Trd, 4319897.443, 140
Trd, 4319897.843, 69
Trd, 4319898.493, 61
Trd, 4319898.843, 126
Trd, 4319899.843, 63
Trd, 4319900.693, 60
Trd, 4319901.343, 62
Trd, 4319902.193, 140
Trd, 4319902.793, 140
Trd, 4319903.893, 140
Trd, 4319903.993, 140
Trd, 4319904.143, 139
Trd, 4319905.943, 140
Trd, 4319907.543, 140
Trd, 4319907.693, 140
Trd, 4319907.793, 140
Trd, 4319907.843, 139
Trd, 4319907.943, 140
Trd, 4319908.943, 140
Trd, 4319909.943, 140
Trd, 4319910.443, 140
Trd, 4319911.793, 140
Trd, 4319912.043, 140
Trd, 4319912.593, 140
Trd, 4319913.743, 140
Trd, 4319914.893, 140
Trd, 4319914.943, 140
Trd, 4319915.393, 139
Trd, 4319915.893, 140
Trd, 4319916.093, 139
Trd, 4319918.243, 140
Trd, 4319919.143, 140
Trd, 4319920.093, 140
Trd, 4319920.843, 140
Trd, 4319921.093, 140
Trd, 4319921.193, 136
Trd, 4319921.493, 118
Trd, 4319922.643, 140
Trd, 4319924.143, 140
Trd, 4319924.693, 140
Trd, 4319926.043, 140
Trd, 4319926.343, 140
Trd, 4319927.493, 140
Trd, 4319927.693, 140
Trd, 4319928.393, 140
Trd, 4319930.443, 140
Trd, 4319931.043, 140
Trd, 4319931.893, 140
Trd, 4319932.743, 140
Trd, 4319933.393, 140
Trd, 4319934.793, 140
Trd, 4319935.643, 140
Trd, 4319937.143, 140
Trd, 4319938.143, 140
Trd, 4319938.443, 140
Trd, 4319938.943, 140
Trd, 4319939.293, 139
Trd, 4319939.443, 137
Trd, 4319939.793, 137
Trd, 4319941.343, 140
Trd, 4319941.793, 138
Trd, 4319941.943, 68
Trd, 4319943.493, 140
Trd, 4319946.393, 140
Trd, 4319946.443, 140
Trd, 4319947.093, 140
Trd, 4319947.143, 140
Trd, 4319947.443, 140
Trd, 4319948.843, 140
Trd, 4319949.643, 140
Trd, 4319950.043, 140
Trd, 4319953.093, 140
Trd, 4319953.243, 140
Trd, 4319953.393, 140
Trd, 4319953.443, 140
Trd, 4319953.493, 139
Trd, 4319954.793, 139
Trd, 4319956.843, 140
Trd, 4319956.893, 140
Trd, 4319957.043, 140
Trd, 4319958.193, 140
Trd, 4319959.093, 140
Trd, 4319959.293, 140
Trd, 4319960.193, 140
Trd, 4319960.793, 140
Trd, 4319961.393, 140
Trd, 4319961.443, 137
Trd, 4319961.893, 139
Trd, 4319963.443, 138
Trd, 4319965.093, 140
Trd, 4319966.993, 140
Trd, 4319967.143, 140
Trd, 4319967.543, 140
Trd, 4319968.343, 140
Trd, 4319971.243, 140
Trd, 4319971.293, 140
Trd, 4319971.643, 140
Trd, 4319972.443, 140
Trd, 4319972.793, 140
Trd, 4319974.093, 140
Trd, 4319975.043, 140
Trd, 4319975.893, 140
Trd, 4319977.593, 140
Trd, 4319977.993, 140
Trd, 4319978.293, 140
Trd, 4319978.493, 140
Trd, 4319980.143, 140
Trd, 4319980.893, 140
Trd, 4319981.293, 140
Trd, 4319981.693, 140
Trd, 4319982.493, 139
Trd, 4319983.943, 140
Trd, 4319984.443, 140
Trd, 4319986.093, 140
Trd, 4319986.493, 140
Trd, 4319986.593, 140
Trd, 4319986.793, 140
Trd, 4319987.343, 140
Trd, 4319988.293, 140
Trd, 4319990.393, 140
Trd, 4319991.043, 140
Trd, 4319991.093, 140
Trd, 4319991.343, 140
Trd, 4319993.443, 140
Trd, 4319994.193, 140
Trd, 4319995.393, 140
Trd, 4319995.593, 140
Trd, 4319996.043, 140
Trd, 4319996.793, 140
Trd, 4319997.193, 139
Trd, 4319998.593, 140
Trd, 4319998.693, 140
Trd, 4319998.893, 140
Trd, 4319999.493, 140
Trd, 4319999.843, 140
