Trd, 4318069.143, 112
Trd, 4318069.743, 113
Trd, 4318071.293, 120
Trd, 4318072.293, 122
Trd, 4318072.643, 86
Trd, 4318072.843, 82
Trd, 4318073.493, 107
Trd, 4318073.993, 98
Trd, 4318075.693, 103
Trd, 4318075.843, 120
Trd, 4318077.293, 127
Trd, 4318078.043, 127
Trd, 4318078.943, 117
Trd, 4318079.693, 118
Trd, 4318079.993, 102
Trd, 4318080.293, 97
Trd, 4318080.843, 86
Trd, 4318081.393, 71
Trd, 4318082.893, 78
Trd, 4318085.243, 126
Trd, 4318086.293, 130
Trd, 4318086.393, 103
Trd, 4318087.993, 134
Trd, 4318088.493, 138
Trd, 4318088.843, 88
Trd, 4318089.593, 64
Trd, 4318090.293, 70
Trd, 4318090.343, 73
Trd, 4318090.493, 119
Trd, 4318091.093, 104
Trd, 4318091.643, 60
Trd, 4318094.093, 119
Trd, 4318094.243, 85
Trd, 4318096.743, 83
Trd, 4318097.343, 83
Trd, 4318097.843, 124
Trd, 4318098.793, 91
Trd, 4318099.793, 119
Trd, 4318100.193, 85
Trd, 4318101.093, 101
Trd, 4318102.193, 107
Trd, 4318102.293, 99
Trd, 4318102.393, 87
Trd, 4318103.493, 84
Trd, 4318104.693, 138
Trd, 4318104.743, 113
Trd, 4318105.593, 134
Trd, 4318105.993, 93
Trd, 4318109.343, 139
Trd, 4318109.393, 110
Trd, 4318109.843, 121
Trd, 4318110.593, 137
Trd, 4318110.893, 73
Trd, 4318112.143, 113
Trd, 4318114.193, 132
Trd, 4318116.693, 107
Trd, 4318118.243, 124
Trd, 4318118.293, 108
Trd, 4318118.643, 101
Trd, 4318119.343, 133
Trd, 4318120.343, 88
Trd, 4318121.543, 128
Trd, 4318121.993, 61
Trd, 4318122.193, 133
Trd, 4318122.743, 94
Trd, 4318125.093, 76
Trd, 4318125.993, 103
Trd, 4318126.093, 95
Trd, 4318126.493, 87
Trd, 4318126.643, 80
Trd, 4318127.843, 97
Trd, 4318127.993, 109
Trd, 4318128.393, 127
Trd, 4318128.943, 92
Trd, 4318129.293, 87
Trd, 4318130.243, 104
Trd, 4318132.993, 91
Trd, 4318133.143, 130
Trd, 4318133.293, 79
Trd, 4318134.843, 80
Trd, 4318135.693, 113
Trd, 4318136.343, 83
Trd, 4318138.243, 126
Trd, 4318138.693, 114
Trd, 4318138.943, 104
Trd, 4318140.643, 106
Trd, 4318141.043, 117
Trd, 4318141.793, 76
Trd, 4318142.193, 112
Trd, 4318143.143, 102
Trd, 4318143.943, 80
Trd, 4318145.143, 90
Trd, 4318145.393, 83
Trd, 4318146.943, 81
Trd, 4318148.343, 122
Trd, 4318148.643, 101
Trd, 4318148.743, 89
Trd, 4318149.043, 119
Trd, 4318149.293, 96
Trd, 4318149.493, 95
Trd, 4318151.043, 83
Trd, 4318151.443, 138
Trd, 4318153.793, 123
Trd, 4318154.043, 123
Trd, 4318154.093, 101
Trd, 4318154.343, 88
Trd, 4318154.593, 88
Trd, 4318155.893, 75
Trd, 4318157.693, 68
Trd, 4318158.093, 135
Trd, 4318158.143, 98
Trd, 4318158.293, 67
Trd, 4318159.943, 107
Trd, 4318160.893, 136
Trd, 4318161.443, 64
Trd, 4318163.343, 139
Trd, 4318163.643, 114
Trd, 4318164.693, 116
Trd, 4318164.793, 105
Trd, 4318164.843, 91
Trd, 4318165.243, 96
Trd, 4318166.393, 71
Trd, 4318166.693, 108
Trd, 4318167.693, 94
Trd, 4318168.193, 128
Trd, 4318168.393, 83
Trd, 4318168.743, 71
Trd, 4318169.043, 111
Trd, 4318170.493, 91
Trd, 4318171.493, 121
Trd, 4318172.093, 89
Trd, 4318174.243, 102
Trd, 4318174.393, 100
Trd, 4318175.593, 139
Trd, 4318175.893, 94
Trd, 4318176.193, 99
Trd, 4318178.893, 114
Trd, 4318179.343, 109
Trd, 4318179.793, 104
Trd, 4318180.193, 107
Trd, 4318182.393, 135
Trd, 4318182.543, 105
Trd, 4318182.843, 102
Trd, 4318183.243, 101
Trd, 4318183.543, 84
Trd, 4318183.793, 68
Trd, 4318185.843, 133
Trd, 4318186.943, 104
Trd, 4318186.993, 103
Trd, 4318187.643, 75
Trd, 4318189.343, 112
Trd, 4318189.893, 118
Trd, 4318190.393, 87
Trd, 4318190.993, 134
Trd, 4318191.643, 118
Trd, 4318191.893, 106
Trd, 4318192.193, 99
Trd, 4318192.943, 129
Trd, 4318193.643, 137
Trd, 4318193.793, 96
Trd, 4318196.293, 89
Trd, 4318196.443, 95
Trd, 4318196.743, 72
Trd, 4318197.143, 65
Trd, 4318199.143, 124
Trd, 4318201.193, 101
Trd, 4318201.443, 94
Trd, 4318201.943, 79
Trd, 4318202.993, 91
Trd, 4318206.043, 134
Trd, 4318206.243, 115
Trd, 4318206.543, 126
Trd, 4318206.943, 101
Trd, 4318207.293, 111
Trd, 4318207.943, 97
Trd, 4318208.993, 113
Trd, 4318209.243, 125
Trd, 4318211.443, 124
Trd, 4318212.093, 95
Trd, 4318213.493, 109
Trd, 4318214.493, 133
Trd, 4318214.843, 83
Trd, 4318215.243, 84
Trd, 4318215.893, 67
Trd, 4318217.393, 70
Trd, 4318217.693, 63
Trd, 4318218.443, 66
Trd, 4318218.493, 84
Trd, 4318219.093, 62
Trd, 4318219.893, 74
Trd, 4318220.043, 77
Trd, 4318220.743, 79
Trd, 4318221.043, 60
Trd, 4318221.943, 61
Trd, 4318223.393, 127
Trd, 4318223.843, 89
Trd, 4318226.243, 103
Trd, 4318227.093, 101
Trd, 4318228.593, 66
Trd, 4318228.893, 69
Trd, 4318229.093, 81
Trd, 4318229.693, 71
Trd, 4318230.393, 139
Trd, 4318230.643, 123
Trd, 4318231.643, 103
Trd, 4318232.643, 109
Trd, 4318232.993, 109
Trd, 4318233.143, 80
Trd, 4318233.193, 77
Trd, 4318234.293, 71
Trd, 4318234.893, 97
Trd, 4318236.043, 111
Trd, 4318237.043, 114
Trd, 4318237.443, 126
Trd, 4318238.093, 114
Trd, 4318238.943, 102
Trd, 4318239.793, 84
Trd, 4318241.143, 100
Trd, 4318242.043, 125
Trd, 4318242.843, 103
Trd, 4318243.593, 139
Trd, 4318244.393, 126
Trd, 4318244.543, 107
Trd, 4318245.093, 95
Trd, 4318246.043, 96
Trd, 4318247.893, 119
Trd, 4318249.793, 123
Trd, 4318249.893, 103
Trd, 4318250.743, 90
Trd, 4318251.443, 69
Trd, 4318251.993, 137
Trd, 4318252.193, 117
Trd, 4318253.693, 105
Trd, 4318253.993, 107
Trd, 4318254.993, 123
Trd, 4318255.193, 102
Trd, 4318256.493, 72
Trd, 4318256.643, 98
Trd, 4318256.893, 70
Trd, 4318258.143, 92
Trd, 4318258.593, 76
Trd, 4318259.193, 88
Trd, 4318259.693, 111
Trd, 4318261.393, 112
Trd, 4318261.493, 103
Trd, 4318262.193, 74
Trd, 4318263.093, 67
Trd, 4318263.643, 71
Trd, 4318264.893, 137
Trd, 4318265.243, 136
Trd, 4318265.493, 102
Trd, 4318267.593, 94
Trd, 4318267.843, 103
Trd, 4318268.243, 88
Trd, 4318269.293, 107
Trd, 4318269.943, 136
Trd, 4318270.543, 117
Trd, 4318270.793, 116
Trd, 4318271.843, 120
Trd, 4318271.893, 118
Trd, 4318275.243, 106
Trd, 4318275.543, 119
Trd, 4318275.993, 127
Trd, 4318276.143, 137
Trd, 4318276.293, 103
Trd, 4318278.143, 106
Trd, 4318278.543, 105
Trd, 4318280.043, 121
Trd, 4318280.093, 104
Trd, 4318280.693, 82
Trd, 4318281.293, 68
Trd, 4318281.993, 85
Trd, 4318282.093, 81
Trd, 4318283.143, 69
Trd, 4318283.643, 73
Trd, 4318286.043, 104
Trd, 4318286.893, 107
Trd, 4318286.943, 94
Trd, 4318287.093, 64
Trd, 4318287.493, 107
Trd, 4318287.693, 127
Trd, 4318288.743, 85
Trd, 4318290.393, 95
Trd, 4318291.443, 112
Trd, 4318292.293, 106
Trd, 4318293.143, 67
Trd, 4318293.743, 87
Trd, 4318294.293, 109
Trd, 4318295.843, 93
Trd, 4318296.093, 113
Trd, 4318296.393, 79
Trd, 4318297.993, 128
Trd, 4318298.193, 87
Trd, 4318298.993, 71
Trd, 4318299.943, 60
Trd, 4318300.093, 73
Trd, 4318300.393, 76
Trd, 4318301.793, 100
Trd, 4318301.893, 82
Trd, 4318302.843, 85
Trd, 4318303.043, 65
Trd, 4318304.893, 94
Trd, 4318307.643, 112
Trd, 4318308.243, 103
Trd, 4318308.293, 90
Trd, 4318308.343, 85
Trd, 4318309.143, 117
Trd, 4318309.393, 84
Trd, 4318309.643, 139
Trd, 4318310.393, 60
Trd, 4318311.043, 75
Trd, 4318312.493, 125
Trd, 4318313.393, 77
Trd, 4318313.993, 86
Trd, 4318314.743, 90
Trd, 4318314.993, 95
Trd, 4318319.243, 136
Trd, 4318319.343, 124
Trd, 4318319.393, 121
Trd, 4318319.893, 129
Trd, 4318320.343, 119
Trd, 4318321.093, 76
Trd, 4318322.243, 119
Trd, 4318323.043, 128
Trd, 4318324.043, 113
Trd, 4318324.543, 105
Trd, 4318325.743, 100
Trd, 4318326.743, 127
Trd, 4318326.893, 114
Trd, 4318328.043, 71
Trd, 4318329.343, 84
Trd, 4318330.243, 83
Trd, 4318331.193, 103
Trd, 4318331.593, 85
Trd, 4318332.393, 89
Trd, 4318333.393, 120
Trd, 4318334.293, 92
Trd, 4318334.993, 112
Trd, 4318335.593, 100
Trd, 4318335.693, 96
Trd, 4318337.043, 103
Trd, 4318337.093, 104
Trd, 4318338.243, 78
Trd, 4318338.643, 70
Trd, 4318339.893, 98
Trd, 4318340.093, 101
Trd, 4318342.093, 126
Trd, 4318343.243, 134
Trd, 4318344.293, 118
Trd, 4318345.443, 133
Trd, 4318346.343, 105
Trd, 4318347.693, 119
Trd, 4318348.843, 116
Trd, 4318352.543, 135
Trd, 4318352.843, 120
Trd, 4318353.843, 120
Trd, 4318354.093, 103
Trd, 4318354.693, 109
Trd, 4318355.443, 106
Trd, 4318356.593, 103
Trd, 4318356.993, 93
Trd, 4318358.543, 107
Trd, 4318359.093, 128
Trd, 4318359.893, 102
Trd, 4318360.343, 121
Trd, 4318361.543, 116
Trd, 4318361.643, 116
Trd, 4318362.093, 100
Trd, 4318362.193, 92
Trd, 4318362.993, 125
Trd, 4318363.243, 95
Trd, 4318364.943, 77
Trd, 4318367.443, 127
Trd, 4318367.693, 100
Trd, 4318368.093, 87
Trd, 4318368.843, 111
Trd, 4318370.343, 140
Trd, 4318370.593, 131
Trd, 4318372.193, 86
Trd, 4318372.243, 85
Trd, 4318372.643, 93
Trd, 4318373.743, 66
Trd, 4318375.443, 116
Trd, 4318375.843, 75
Trd, 4318376.593, 64
Trd, 4318376.843, 122
Trd, 4318377.793, 97
Trd, 4318380.293, 95
Trd, 4318380.843, 115
Trd, 4318382.343, 129
Trd, 4318382.993, 124
Trd, 4318383.993, 114
Trd, 4318384.293, 102
Trd, 4318384.793, 88
Trd, 4318385.193, 103
Trd, 4318385.643, 127
Trd, 4318386.343, 110
Trd, 4318386.993, 97
Trd, 4318387.893, 122
Trd, 4318389.193, 82
Trd, 4318389.293, 80
Trd, 4318390.943, 121
Trd, 4318391.093, 117
Trd, 4318393.593, 122
Trd, 4318393.893, 103
Trd, 4318394.043, 86
Trd, 4318394.093, 77
Trd, 4318395.043, 105
Trd, 4318395.343, 89
Trd, 4318395.943, 100
Trd, 4318396.693, 101
Trd, 4318397.243, 97
Trd, 4318397.643, 78
Trd, 4318399.543, 130
Trd, 4318399.643, 121
Trd, 4318400.993, 114
Trd, 4318401.293, 118
Trd, 4318401.593, 128
Trd, 4318402.793, 132
Trd, 4318404.843, 110
Trd, 4318405.093, 101
Trd, 4318405.643, 105
Trd, 4318405.793, 86
Trd, 4318405.993, 129
Trd, 4318406.193, 80
Trd, 4318407.893, 97
Trd, 4318409.393, 124
Trd, 4318409.593, 100
Trd, 4318409.693, 95
Trd, 4318410.543, 96
Trd, 4318413.593, 136
Trd, 4318415.793, 134
Trd, 4318415.843, 119
Trd, 4318416.043, 102
Trd, 4318416.243, 93
Trd, 4318417.143, 98
Trd, 4318418.093, 104
Trd, 4318419.393, 98
Trd, 4318419.743, 93
Trd, 4318421.393, 117
Trd, 4318423.543, 119
Trd, 4318423.843, 102
Trd, 4318423.993, 98
Trd, 4318425.243, 92
Trd, 4318425.643, 103
Trd, 4318425.743, 123
Trd, 4318425.943, 107
Trd, 4318428.043, 90
Trd, 4318428.493, 110
Trd, 4318428.793, 119
Trd, 4318429.043, 80
Trd, 4318430.243, 81
Trd, 4318430.493, 102
Trd, 4318430.593, 66
Trd, 4318431.943, 82
Trd, 4318432.493, 68
Trd, 4318434.343, 127
Trd, 4318434.393, 117
Trd, 4318434.793, 95
Trd, 4318437.143, 103
Trd, 4318437.343, 97
Trd, 4318437.693, 65
Trd, 4318438.043, 68
Trd, 4318438.493, 105
Trd, 4318439.643, 74
Trd, 4318441.193, 103
Trd, 4318441.293, 75
Trd, 4318441.743, 109
Trd, 4318443.393, 120
Trd, 4318443.893, 121
Trd, 4318444.243, 111
Trd, 4318444.693, 100
Trd, 4318445.443, 92
Trd, 4318446.493, 103
Trd, 4318447.393, 93
Trd, 4318447.443, 84
Trd, 4318448.093, 88
Trd, 4318449.493, 66
Trd, 4318450.043, 85
Trd, 4318450.093, 106
Trd, 4318450.443, 72
Trd, 4318451.993, 114
Trd, 4318453.293, 121
Trd, 4318453.693, 100
Trd, 4318454.143, 107
Trd, 4318454.393, 129
Trd, 4318455.593, 100
Trd, 4318456.993, 95
Trd, 4318457.843, 82
Trd, 4318457.993, 88
Trd, 4318459.043, 78
Trd, 4318460.043, 115
Trd, 4318461.943, 125
Trd, 4318463.093, 90
Trd, 4318463.793, 77
Trd, 4318464.443, 63
Trd, 4318466.193, 137
Trd, 4318466.293, 107
Trd, 4318466.793, 81
Trd, 4318467.943, 71
Trd, 4318468.743, 139
Trd, 4318469.093, 111
Trd, 4318471.393, 101
Trd, 4318471.843, 103
Trd, 4318472.693, 116
Trd, 4318473.793, 113
Trd, 4318475.843, 130
Trd, 4318476.043, 71
Trd, 4318476.093, 102
Trd, 4318477.893, 89
Trd, 4318478.493, 61
Trd, 4318479.543, 96
Trd, 4318480.643, 93
Trd, 4318481.143, 102
Trd, 4318482.393, 101
Trd, 4318482.493, 98
Trd, 4318482.793, 82
Trd, 4318483.193, 93
Trd, 4318484.293, 122
Trd, 4318484.443, 135
Trd, 4318485.493, 98
Trd, 4318485.843, 107
Trd, 4318486.743, 117
Trd, 4318487.593, 81
Trd, 4318487.693, 65
Trd, 4318487.893, 102
Trd, 4318488.443, 101
Trd, 4318490.093, 113
Trd, 4318490.243, 90
Trd, 4318491.493, 118
Trd, 4318492.243, 100
Trd, 4318493.943, 112
Trd, 4318494.993, 133
Trd, 4318495.543, 78
Trd, 4318498.043, 125
Trd, 4318498.593, 125
Trd, 4318499.743, 121
Trd, 4318500.043, 105
Trd, 4318501.143, 95
Trd, 4318501.893, 102
Trd, 4318502.093, 127
Trd, 4318502.493, 134
Trd, 4318502.893, 139
Trd, 4318503.443, 135
Trd, 4318503.543, 134
Trd, 4318504.543, 110
Trd, 4318504.593, 107
Trd, 4318504.843, 105
Trd, 4318505.543, 139
Trd, 4318506.943, 121
Trd, 4318507.093, 126
Trd, 4318508.093, 93
Trd, 4318508.443, 93
Trd, 4318509.043, 89
Trd, 4318510.193, 93
Trd, 4318510.293, 91
Trd, 4318511.893, 129
Trd, 4318512.593, 111
Trd, 4318514.193, 134
Trd, 4318514.443, 127
Trd, 4318514.793, 86
Trd, 4318515.043, 67
Trd, 4318517.193, 97
Trd, 4318518.093, 96
Trd, 4318518.393, 94
Trd, 4318518.743, 100
Trd, 4318520.643, 88
Trd, 4318521.043, 95
Trd, 4318521.193, 80
Trd, 4318521.393, 101
Trd, 4318521.843, 79
Trd, 4318522.493, 89
Trd, 4318524.293, 91
Trd, 4318524.543, 92
Trd, 4318524.743, 78
Trd, 4318524.943, 99
Trd, 4318528.293, 93
Trd, 4318530.043, 88
Trd, 4318531.043, 123
Trd, 4318531.093, 91
Trd, 4318531.593, 74
Trd, 4318532.043, 96
Trd, 4318532.343, 127
Trd, 4318533.893, 75
Trd, 4318533.943, 79
Trd, 4318535.093, 113
Trd, 4318535.693, 133
Trd, 4318535.893, 108
Trd, 4318536.593, 95
Trd, 4318536.643, 86
Trd, 4318537.243, 86
Trd, 4318537.543, 109
Trd, 4318539.493, 77
Trd, 4318539.943, 81
Trd, 4318540.093, 68
Trd, 4318540.193, 76
Trd, 4318541.193, 96
Trd, 4318541.693, 94
Trd, 4318542.693, 129
Trd, 4318543.043, 101
Trd, 4318544.043, 83
Trd, 4318545.443, 99
Trd, 4318546.393, 118
Trd, 4318547.093, 99
Trd, 4318548.343, 131
Trd, 4318548.643, 91
Trd, 4318549.543, 80
Trd, 4318550.293, 96
Trd, 4318550.893, 108
Trd, 4318550.993, 95
Trd, 4318551.593, 113
Trd, 4318552.893, 118
Trd, 4318554.193, 94
Trd, 4318556.293, 121
Trd, 4318556.743, 116
Trd, 4318557.643, 96
Trd, 4318557.793, 87
Trd, 4318559.093, 87
Trd, 4318559.243, 83
Trd, 4318559.643, 105
Trd, 4318559.743, 128
Trd, 4318561.643, 107
Trd, 4318562.243, 93
Trd, 4318562.493, 114
Trd, 4318563.343, 72
Trd, 4318564.543, 115
Trd, 4318567.543, 120
Trd, 4318567.743, 115
Trd, 4318567.943, 122
Trd, 4318568.143, 115
Trd, 4318569.993, 72
Trd, 4318571.043, 92
Trd, 4318571.543, 103
Trd, 4318572.243, 72
Trd, 4318572.793, 101
Trd, 4318573.693, 135
Trd, 4318574.093, 124
Trd, 4318574.743, 95
Trd, 4318575.193, 132
Trd, 4318576.093, 93
Trd, 4318576.643, 98
Trd, 4318577.043, 89
Trd, 4318577.493, 128
Trd, 4318578.543, 107
Trd, 4318578.943, 94
Trd, 4318579.943, 124
Trd, 4318580.343, 84
Trd, 4318582.293, 95
Trd, 4318582.493, 83
Trd, 4318582.693, 94
Trd, 4318583.843, 103
Trd, 4318584.343, 123
Trd, 4318585.593, 104
Trd, 4318585.943, 92
Trd, 4318586.143, 118
Trd, 4318586.843, 127
Trd, 4318587.143, 106
Trd, 4318588.193, 90
Trd, 4318590.443, 99
Trd, 4318590.743, 85
Trd, 4318591.943, 87
Trd, 4318593.543, 99
Trd, 4318593.693, 83
Trd, 4318593.793, 74
Trd, 4318594.843, 71
Trd, 4318596.193, 125
Trd, 4318597.243, 122
Trd, 4318597.943, 124
Trd, 4318598.043, 86
Trd, 4318599.493, 139
Trd, 4318599.793, 101
Trd, 4318600.893, 109
Trd, 4318601.693, 75
Trd, 4318601.943, 76
Trd, 4318602.543, 80
Trd, 4318603.593, 131
Trd, 4318603.843, 80
Trd, 4318605.043, 140
Trd, 4318605.093, 112
Trd, 4318608.643, 104
Trd, 4318608.693, 103
Trd, 4318608.893, 127
Trd, 4318610.843, 116
Trd, 4318611.393, 107
Trd, 4318612.243, 120
Trd, 4318612.743, 124
Trd, 4318613.243, 139
Trd, 4318613.343, 82
Trd, 4318613.593, 79
Trd, 4318613.693, 77
Trd, 4318614.693, 105
Trd, 4318615.893, 108
Trd, 4318615.993, 103
Trd, 4318617.893, 137
Trd, 4318620.043, 98
Trd, 4318620.093, 103
Trd, 4318620.143, 96
Trd, 4318621.943, 131
Trd, 4318622.543, 128
Trd, 4318623.793, 121
Trd, 4318624.293, 99
Trd, 4318625.443, 137
Trd, 4318625.643, 108
Trd, 4318626.843, 108
Trd, 4318628.043, 112
Trd, 4318628.543, 94
Trd, 4318630.493, 132
Trd, 4318631.243, 97
Trd, 4318632.793, 81
Trd, 4318633.143, 97
Trd, 4318633.293, 103
Trd, 4318634.693, 90
Trd, 4318635.793, 69
Trd, 4318635.943, 106
Trd, 4318636.643, 126
Trd, 4318637.693, 108
Trd, 4318638.793, 103
Trd, 4318639.493, 101
Trd, 4318640.543, 94
Trd, 4318640.643, 80
Trd, 4318640.893, 105
Trd, 4318642.843, 79
Trd, 4318645.393, 116
Trd, 4318645.643, 111
Trd, 4318646.443, 106
Trd, 4318647.543, 118
Trd, 4318647.993, 105
Trd, 4318648.693, 102
Trd, 4318648.793, 118
Trd, 4318649.193, 78
Trd, 4318650.093, 94
Trd, 4318650.243, 81
Trd, 4318651.593, 95
Trd, 4318652.343, 91
Trd, 4318653.243, 89
Trd, 4318654.593, 103
Trd, 4318655.043, 75
Trd, 4318655.943, 127
Trd, 4318656.943, 101
Trd, 4318657.493, 113
Trd, 4318658.143, 87
Trd, 4318658.443, 92
Trd, 4318660.193, 112
Trd, 4318661.293, 89
Trd, 4318662.293, 117
Trd, 4318662.693, 117
Trd, 4318663.793, 121
Trd, 4318665.093, 127
Trd, 4318665.493, 106
Trd, 4318665.843, 98
Trd, 4318666.143, 84
Trd, 4318666.293, 123
Trd, 4318667.443, 124
Trd, 4318668.343, 100
Trd, 4318668.393, 86
Trd, 4318669.593, 96
Trd, 4318671.093, 91
Trd, 4318672.393, 79
Trd, 4318672.943, 91
Trd, 4318672.993, 107
Trd, 4318673.543, 97
Trd, 4318674.493, 101
Trd, 4318675.443, 122
Trd, 4318677.143, 112
Trd, 4318678.393, 127
Trd, 4318679.093, 125
Trd, 4318679.343, 106
Trd, 4318680.093, 96
Trd, 4318680.293, 85
Trd, 4318680.493, 109
Trd, 4318682.243, 117
Trd, 4318682.693, 92
Trd, 4318683.243, 120
Trd, 4318684.493, 91
Trd, 4318685.143, 92
Trd, 4318685.693, 111
Trd, 4318687.143, 132
Trd, 4318687.493, 130
Trd, 4318688.343, 99
Trd, 4318688.593, 126
Trd, 4318690.743, 109
Trd, 4318691.093, 122
Trd, 4318692.543, 125
Trd, 4318693.443, 107
Trd, 4318693.893, 101
Trd, 4318694.743, 119
Trd, 4318695.143, 86
Trd, 4318696.593, 129
Trd, 4318696.893, 127
Trd, 4318697.593, 121
Trd, 4318697.793, 108
Trd, 4318698.193, 96
Trd, 4318699.293, 108
Trd, 4318700.193, 133
Trd, 4318701.243, 101
Trd, 4318701.643, 129
Trd, 4318703.293, 100
Trd, 4318705.493, 113
Trd, 4318705.543, 106
Trd, 4318705.593, 87
Trd, 4318706.093, 130
Trd, 4318707.743, 137
Trd, 4318709.193, 107
Trd, 4318709.593, 103
Trd, 4318710.743, 102
Trd, 4318711.393, 94
Trd, 4318712.193, 117
Trd, 4318712.493, 113
Trd, 4318713.543, 103
Trd, 4318713.843, 137
Trd, 4318713.993, 95
Trd, 4318715.943, 130
Trd, 4318715.993, 121
Trd, 4318716.593, 136
Trd, 4318716.793, 106
Trd, 4318717.393, 134
Trd, 4318718.043, 134
Trd, 4318719.693, 113
Trd, 4318720.093, 128
Trd, 4318720.343, 107
Trd, 4318722.343, 112
Trd, 4318722.593, 109
Trd, 4318723.343, 89
Trd, 4318723.843, 109
Trd, 4318724.793, 100
Trd, 4318724.993, 120
Trd, 4318725.993, 119
Trd, 4318726.143, 125
Trd, 4318726.493, 140
Trd, 4318727.143, 80
Trd, 4318727.393, 98
Trd, 4318728.243, 108
Trd, 4318728.443, 65
Trd, 4318729.793, 105
Trd, 4318730.993, 84
Trd, 4318732.193, 92
Trd, 4318734.743, 113
Trd, 4318734.993, 104
Trd, 4318735.193, 87
Trd, 4318735.493, 79
Trd, 4318735.543, 91
Trd, 4318736.443, 135
Trd, 4318737.543, 116
Trd, 4318738.793, 134
Trd, 4318739.493, 103
Trd, 4318742.243, 112
Trd, 4318742.443, 113
Trd, 4318743.343, 108
Trd, 4318743.943, 96
Trd, 4318745.143, 122
Trd, 4318745.293, 113
Trd, 4318745.593, 98
Trd, 4318746.343, 93
Trd, 4318747.243, 95
Trd, 4318748.093, 131
Trd, 4318748.643, 118
Trd, 4318749.593, 112
Trd, 4318751.143, 112
Trd, 4318751.743, 134
Trd, 4318752.893, 115
Trd, 4318753.343, 118
Trd, 4318754.443, 96
Trd, 4318754.643, 115
Trd, 4318754.693, 93
Trd, 4318755.643, 94
Trd, 4318756.043, 113
Trd, 4318756.443, 127
Trd, 4318758.143, 97
Trd, 4318759.643, 115
Trd, 4318761.593, 116
Trd, 4318761.843, 125
Trd, 4318761.993, 114
Trd, 4318762.043, 109
Trd, 4318764.143, 128
Trd, 4318764.793, 114
Trd, 4318765.243, 129
Trd, 4318765.543, 102
Trd, 4318766.043, 93
Trd, 4318766.793, 107
Trd, 4318768.043, 138
Trd, 4318768.793, 100
Trd, 4318770.343, 113
Trd, 4318770.693, 95
Trd, 4318771.443, 106
Trd, 4318772.243, 99
Trd, 4318772.393, 124
Trd, 4318772.643, 94
Trd, 4318774.293, 109
Trd, 4318774.993, 107
Trd, 4318776.193, 116
Trd, 4318776.543, 114
Trd, 4318776.693, 88
Trd, 4318777.443, 131
Trd, 4318777.543, 108
Trd, 4318777.593, 96
Trd, 4318778.493, 87
Trd, 4318780.043, 127
Trd, 4318780.593, 126
Trd, 4318780.743, 111
Trd, 4318781.343, 71
Trd, 4318782.343, 97
Trd, 4318782.593, 87
Trd, 4318783.793, 128
Trd, 4318784.793, 127
Trd, 4318785.493, 124
Trd, 4318785.643, 123
Trd, 4318786.593, 131
Trd, 4318786.943, 102
Trd, 4318788.043, 94
Trd, 4318788.743, 114
Trd, 4318788.993, 96
Trd, 4318790.743, 103
Trd, 4318791.543, 116
Trd, 4318791.743, 87
Trd, 4318791.943, 86
Trd, 4318792.143, 77
Trd, 4318794.343, 107
Trd, 4318795.093, 68
Trd, 4318795.843, 98
Trd, 4318796.693, 66
Trd, 4318797.743, 117
Trd, 4318800.043, 122
Trd, 4318800.443, 110
Trd, 4318801.593, 133
Trd, 4318801.743, 114
Trd, 4318802.743, 95
Trd, 4318802.943, 101
Trd, 4318803.993, 86
Trd, 4318804.293, 97
Trd, 4318805.393, 115
Trd, 4318805.893, 65
Trd, 4318808.043, 76
Trd, 4318808.493, 79
Trd, 4318809.243, 90
Trd, 4318810.293, 104
Trd, 4318811.343, 99
Trd, 4318812.343, 140
Trd, 4318812.843, 96
Trd, 4318812.993, 94
Trd, 4318813.793, 111
Trd, 4318814.193, 88
Trd, 4318815.843, 136
Trd, 4318816.693, 92
Trd, 4318816.843, 95
Trd, 4318817.493, 84
Trd, 4318818.593, 92
Trd, 4318819.893, 125
Trd, 4318820.643, 131
Trd, 4318821.943, 114
Trd, 4318822.743, 116
Trd, 4318823.043, 95
Trd, 4318823.893, 80
Trd, 4318825.243, 64
Trd, 4318825.693, 62
Trd, 4318826.493, 96
Trd, 4318826.893, 71
Trd, 4318827.293, 126
Trd, 4318828.893, 100
Trd, 4318829.243, 90
Trd, 4318829.343, 109
Trd, 4318830.643, 117
Trd, 4318832.093, 116
Trd, 4318832.793, 139
Trd, 4318832.943, 91
Trd, 4318833.043, 115
Trd, 4318834.093, 97
Trd, 4318835.243, 78
Trd, 4318835.293, 65
Trd, 4318836.593, 133
Trd, 4318836.893, 116
Trd, 4318838.443, 128
Trd, 4318839.143, 116
Trd, 4318840.543, 103
Trd, 4318840.993, 90
Trd, 4318841.193, 110
Trd, 4318842.093, 112
Trd, 4318842.243, 116
Trd, 4318843.193, 138
Trd, 4318844.093, 96
Trd, 4318844.193, 71
Trd, 4318845.043, 67
Trd, 4318846.343, 134
Trd, 4318847.643, 138
Trd, 4318848.293, 122
Trd, 4318849.443, 127
Trd, 4318850.543, 90
Trd, 4318851.193, 110
Trd, 4318851.643, 103
Trd, 4318853.093, 114
Trd, 4318853.943, 140
Trd, 4318855.593, 118
Trd, 4318856.093, 114
Trd, 4318857.193, 124
Trd, 4318857.743, 100
Trd, 4318858.043, 122
Trd, 4318859.543, 121
Trd, 4318861.143, 114
Trd, 4318861.193, 108
Trd, 4318862.693, 106
Trd, 4318863.593, 127
Trd, 4318863.693, 97
Trd, 4318865.393, 137
Trd, 4318866.143, 125
Trd, 4318866.243, 114
Trd, 4318866.343, 99
Trd, 4318866.693, 94
Trd, 4318867.293, 92
Trd, 4318868.943, 98
Trd, 4318869.443, 88
Trd, 4318869.843, 99
Trd, 4318870.993, 104
Trd, 4318871.093, 84
Trd, 4318872.643, 115
Trd, 4318873.443, 84
Trd, 4318873.843, 76
Trd, 4318874.293, 123
Trd, 4318874.993, 109
Trd, 4318876.043, 82
Trd, 4318876.193, 79
Trd, 4318876.393, 87
Trd, 4318876.743, 95
Trd, 4318877.343, 74
Trd, 4318878.443, 67
Trd, 4318879.643, 81
Trd, 4318879.993, 70
Trd, 4318880.543, 73
Trd, 4318881.043, 105
Trd, 4318881.743, 106
Trd, 4318882.293, 103
Trd, 4318882.993, 128
Trd, 4318884.243, 72
Trd, 4318884.943, 85
Trd, 4318885.443, 78
Trd, 4318886.343, 90
Trd, 4318886.993, 89
Trd, 4318887.143, 72
Trd, 4318887.393, 82
Trd, 4318889.243, 125
Trd, 4318889.893, 112
Trd, 4318891.193, 102
Trd, 4318891.493, 108
Trd, 4318892.543, 69
Trd, 4318892.843, 134
Trd, 4318895.043, 70
Trd, 4318895.093, 77
Trd, 4318895.443, 93
Trd, 4318895.993, 68
Trd, 4318897.243, 88
Trd, 4318898.793, 96
Trd, 4318899.093, 87
Trd, 4318899.743, 120
Trd, 4318900.293, 117
Trd, 4318901.443, 114
Trd, 4318901.693, 96
Trd, 4318901.943, 77
Trd, 4318902.693, 126
Trd, 4318902.793, 99
Trd, 4318905.343, 104
Trd, 4318905.393, 87
Trd, 4318906.443, 86
Trd, 4318906.743, 86
Trd, 4318906.793, 81
Trd, 4318907.493, 101
Trd, 4318908.493, 94
Trd, 4318909.043, 78
Trd, 4318910.993, 106
Trd, 4318912.093, 103
Trd, 4318912.743, 115
Trd, 4318913.493, 94
Trd, 4318914.043, 98
Trd, 4318914.993, 114
Trd, 4318915.443, 120
Trd, 4318916.443, 108
Trd, 4318917.543, 75
Trd, 4318918.143, 89
Trd, 4318920.243, 120
Trd, 4318920.343, 118
Trd, 4318920.493, 100
Trd, 4318921.293, 105
Trd, 4318922.043, 114
Trd, 4318922.193, 82
Trd, 4318922.493, 76
Trd, 4318922.893, 125
Trd, 4318923.093, 89
Trd, 4318925.093, 95
Trd, 4318925.443, 87
Trd, 4318926.643, 139
Trd, 4318928.193, 131
Trd, 4318928.743, 116
Trd, 4318928.843, 98
Trd, 4318930.593, 123
Trd, 4318931.093, 108
Trd, 4318931.943, 81
Trd, 4318932.843, 122
Trd, 4318933.793, 86
Trd, 4318934.893, 108
Trd, 4318935.293, 133
Trd, 4318935.743, 103
Trd, 4318937.143, 127
Trd, 4318938.643, 131
Trd, 4318939.193, 95
Trd, 4318940.543, 83
Trd, 4318940.743, 77
Trd, 4318942.093, 131
Trd, 4318942.493, 136
Trd, 4318943.193, 111
Trd, 4318943.443, 97
Trd, 4318944.593, 105
Trd, 4318945.193, 115
Trd, 4318946.143, 98
Trd, 4318946.243, 95
Trd, 4318946.293, 137
Trd, 4318948.293, 75
Trd, 4318948.893, 100
Trd, 4318949.793, 130
Trd, 4318950.893, 96
Trd, 4318952.643, 92
Trd, 4318954.543, 89
Trd, 4318954.793, 92
Trd, 4318955.843, 132
Trd, 4318957.743, 121
Trd, 4318958.143, 99
Trd, 4318958.343, 94
Trd, 4318958.593, 95
Trd, 4318958.793, 91
Trd, 4318958.943, 86
Trd, 4318960.193, 78
Trd, 4318960.443, 83
Trd, 4318961.043, 71
Trd, 4318961.343, 119
Trd, 4318963.043, 70
Trd, 4318965.293, 102
Trd, 4318965.343, 100
Trd, 4318966.193, 135
Trd, 4318966.393, 94
Trd, 4318966.443, 84
Trd, 4318967.293, 107
Trd, 4318968.593, 111
Trd, 4318969.743, 100
Trd, 4318969.793, 72
Trd, 4318970.393, 93
Trd, 4318970.493, 73
Trd, 4318971.243, 101
Trd, 4318972.493, 62
Trd, 4318973.143, 117
Trd, 4318974.843, 87
Trd, 4318975.043, 69
Trd, 4318976.543, 111
Trd, 4318976.743, 88
Trd, 4318977.193, 108
Trd, 4318977.893, 118
Trd, 4318978.943, 95
Trd, 4318979.343, 104
Trd, 4318980.093, 115
Trd, 4318980.393, 90
Trd, 4318981.493, 100
Trd, 4318981.893, 68
Trd, 4318983.593, 91
Trd, 4318984.093, 132
Trd, 4318984.243, 117
Trd, 4318984.443, 111
Trd, 4318984.993, 124
Trd, 4318985.143, 106
Trd, 4318986.093, 99
Trd, 4318987.243, 114
Trd, 4318987.343, 97
Trd, 4318989.543, 120
Trd, 4318989.743, 106
Trd, 4318989.993, 105
Trd, 4318990.643, 106
Trd, 4318990.993, 91
Trd, 4318992.193, 131
Trd, 4318992.243, 100
Trd, 4318992.543, 75
Trd, 4318994.343, 81
Trd, 4318994.593, 74
Trd, 4318995.643, 140
Trd, 4318995.743, 122
Trd, 4318995.993, 107
Trd, 4318996.843, 93
Trd, 4318997.393, 133
Trd, 4318997.443, 108
Trd, 4318999.543, 76
Trd, 4318999.793, 83
Trd, 4319000.643, 120
Trd, 4319003.143, 100
Trd, 4319003.393, 110
Trd, 4319004.893, 98
Trd, 4319005.693, 122
Trd, 4319006.393, 111
Trd, 4319006.443, 104
Trd, 4319007.493, 105
Trd, 4319007.943, 105
Trd, 4319008.393, 102
Trd, 4319010.843, 133
Trd, 4319011.793, 137
Trd, 4319012.193, 94
Trd, 4319014.493, 102
Trd, 4319015.043, 127
Trd, 4319016.193, 112
Trd, 4319017.243, 128
Trd, 4319019.443, 138
Trd, 4319019.793, 133
Trd, 4319019.893, 116
Trd, 4319020.093, 112
Trd, 4319021.093, 116
Trd, 4319021.793, 126
Trd, 4319022.043, 93
Trd, 4319022.543, 89
Trd, 4319022.793, 89
Trd, 4319024.693, 117
Trd, 4319025.343, 103
Trd, 4319026.043, 106
Trd, 4319026.643, 104
Trd, 4319026.993, 97
Trd, 4319027.343, 90
Trd, 4319028.293, 95
Trd, 4319029.993, 83
Trd, 4319031.443, 104
Trd, 4319032.393, 105
Trd, 4319033.243, 84
Trd, 4319034.193, 68
Trd, 4319034.243, 84
Trd, 4319034.343, 105
Trd, 4319035.243, 63
Trd, 4319037.293, 120
Trd, 4319038.493, 117
Trd, 4319038.793, 109
Trd, 4319040.293, 118
Trd, 4319041.343, 106
Trd, 4319041.393, 99
Trd, 4319041.543, 95
Trd, 4319042.243, 86
Trd, 4319042.543, 107
Trd, 4319043.243, 86
Trd, 4319043.693, 90
Trd, 4319044.393, 97
Trd, 4319046.393, 104
Trd, 4319046.943, 128
Trd, 4319047.243, 117
Trd, 4319047.743, 111
Trd, 4319048.493, 125
Trd, 4319049.443, 127
Trd, 4319050.193, 132
Trd, 4319051.043, 125
Trd, 4319052.043, 100
Trd, 4319053.193, 107
Trd, 4319053.543, 109
Trd, 4319053.593, 104
Trd, 4319053.693, 113
Trd, 4319054.943, 119
Trd, 4319055.043, 96
Trd, 4319056.443, 91
Trd, 4319057.893, 74
Trd, 4319058.743, 122
Trd, 4319059.393, 62
Trd, 4319059.893, 123
Trd, 4319060.243, 121
Trd, 4319061.743, 122
Trd, 4319062.843, 102
Trd, 4319063.393, 118
Trd, 4319064.343, 132
Trd, 4319064.543, 119
Trd, 4319064.843, 129
Trd, 4319065.643, 114
Trd, 4319066.243, 75
Trd, 4319066.743, 81
Trd, 4319067.043, 79
Trd, 4319067.743, 95
Trd, 4319068.393, 115
Trd, 4319068.793, 82
Trd, 4319069.143, 78
Trd, 4319069.543, 93
Trd, 4319070.543, 90
Trd, 4319071.093, 100
Trd, 4319072.393, 87
Trd, 4319073.143, 135
Trd, 4319073.443, 95
Trd, 4319074.093, 107
Trd, 4319075.843, 128
Trd, 4319076.143, 104
Trd, 4319077.893, 131
Trd, 4319078.293, 89
Trd, 4319078.693, 138
Trd, 4319079.293, 86
Trd, 4319079.793, 96
Trd, 4319080.293, 85
Trd, 4319080.593, 87
Trd, 4319080.793, 80
Trd, 4319082.793, 125
Trd, 4319083.643, 112
Trd, 4319084.843, 100
Trd, 4319084.943, 90
Trd, 4319085.093, 132
Trd, 4319085.243, 85
Trd, 4319085.893, 90
Trd, 4319089.693, 116
Trd, 4319089.843, 84
Trd, 4319090.193, 114
Trd, 4319092.393, 105
Trd, 4319093.043, 123
Trd, 4319093.543, 125
Trd, 4319093.943, 104
Trd, 4319094.243, 88
Trd, 4319095.593, 97
Trd, 4319096.043, 133
Trd, 4319098.093, 98
Trd, 4319098.443, 133
Trd, 4319098.843, 107
Trd, 4319100.043, 92
Trd, 4319100.143, 87
Trd, 4319100.593, 95
Trd, 4319100.893, 85
Trd, 4319101.243, 79
Trd, 4319102.243, 111
Trd, 4319102.543, 122
Trd, 4319103.393, 120
Trd, 4319104.543, 119
Trd, 4319105.693, 102
Trd, 4319105.843, 129
Trd, 4319107.193, 95
Trd, 4319107.493, 70
Trd, 4319109.643, 124
Trd, 4319109.993, 63
Trd, 4319110.293, 101
Trd, 4319111.493, 60
Trd, 4319111.993, 72
Trd, 4319112.393, 98
Trd, 4319113.343, 105
Trd, 4319114.343, 138
Trd, 4319114.843, 76
Trd, 4319115.893, 90
Trd, 4319116.343, 124
Trd, 4319116.443, 103
Trd, 4319117.693, 95
Trd, 4319117.743, 93
Trd, 4319119.393, 113
Trd, 4319119.843, 113
Trd, 4319121.343, 99
Trd, 4319121.893, 89
Trd, 4319122.393, 82
Trd, 4319122.443, 81
Trd, 4319124.243, 132
Trd, 4319125.993, 119
Trd, 4319126.193, 115
Trd, 4319126.293, 104
Trd, 4319127.643, 83
Trd, 4319128.843, 74
Trd, 4319129.893, 89
Trd, 4319130.243, 74
Trd, 4319130.943, 91
Trd, 4319132.643, 96
Trd, 4319134.143, 97
Trd, 4319135.043, 80
Trd, 4319135.243, 93
Trd, 4319135.693, 116
Trd, 4319136.543, 95
Trd, 4319136.843, 104
Trd, 4319137.343, 122
Trd, 4319138.843, 85
Trd, 4319140.143, 113
Trd, 4319141.693, 99
Trd, 4319143.843, 132
Trd, 4319143.943, 121
Trd, 4319144.043, 138
Trd, 4319144.393, 104
Trd, 4319144.593, 95
Trd, 4319145.943, 126
Trd, 4319147.193, 111
Trd, 4319149.093, 114
Trd, 4319150.243, 96
Trd, 4319150.843, 105
Trd, 4319151.743, 107
Trd, 4319152.193, 108
Trd, 4319152.543, 105
Trd, 4319152.843, 92
Trd, 4319155.143, 109
Trd, 4319156.443, 136
Trd, 4319157.843, 139
Trd, 4319158.243, 116
Trd, 4319158.543, 112
Trd, 4319159.243, 124
Trd, 4319159.393, 120
Trd, 4319159.593, 104
Trd, 4319160.543, 90
Trd, 4319162.343, 120
Trd, 4319163.243, 101
Trd, 4319163.393, 100
Trd, 4319163.643, 83
Trd, 4319164.193, 125
Trd, 4319166.393, 132
Trd, 4319167.143, 91
Trd, 4319167.843, 128
Trd, 4319168.343, 134
Trd, 4319169.043, 90
Trd, 4319169.693, 117
Trd, 4319169.943, 74
Trd, 4319171.893, 123
Trd, 4319171.993, 125
Trd, 4319172.643, 112
Trd, 4319172.843, 121
Trd, 4319173.393, 137
Trd, 4319175.943, 92
Trd, 4319177.043, 100
Trd, 4319177.593, 133
Trd, 4319177.893, 106
Trd, 4319177.993, 104
Trd, 4319179.393, 95
Trd, 4319180.643, 105
Trd, 4319180.743, 103
Trd, 4319181.043, 101
Trd, 4319182.393, 93
Trd, 4319182.743, 76
Trd, 4319182.793, 129
Trd, 4319183.543, 128
Trd, 4319183.843, 104
Trd, 4319184.593, 118
Trd, 4319186.093, 107
Trd, 4319188.493, 71
Trd, 4319188.943, 88
Trd, 4319189.143, 95
Trd, 4319189.743, 81
Trd, 4319190.143, 95
Trd, 4319192.943, 109
Trd, 4319193.143, 92
Trd, 4319194.143, 84
Trd, 4319195.143, 90
Trd, 4319195.543, 102
Trd, 4319195.793, 78
Trd, 4319195.843, 67
Trd, 4319198.293, 129
Trd, 4319199.743, 103
Trd, 4319200.243, 104
Trd, 4319201.243, 113
Trd, 4319201.393, 96
Trd, 4319202.043, 130
Trd, 4319202.493, 140
Trd, 4319203.193, 96
Trd, 4319204.843, 118
Trd, 4319205.043, 126
Trd, 4319205.293, 110
Trd, 4319205.393, 96
Trd, 4319206.093, 91
Trd, 4319209.693, 91
Trd, 4319210.193, 115
Trd, 4319210.893, 115
Trd, 4319210.993, 104
Trd, 4319211.193, 107
Trd, 4319211.793, 136
Trd, 4319213.693, 85
Trd, 4319214.293, 76
Trd, 4319215.643, 77
Trd, 4319217.193, 101
Trd, 4319217.293, 92
Trd, 4319218.893, 73
Trd, 4319219.443, 90
Trd, 4319219.893, 117
Trd, 4319220.693, 81
Trd, 4319220.743, 72
Trd, 4319221.343, 107
Trd, 4319222.143, 107
Trd, 4319223.593, 132
Trd, 4319223.943, 133
Trd, 4319224.843, 118
Trd, 4319225.043, 108
Trd, 4319225.843, 101
Trd, 4319226.493, 111
Trd, 4319227.643, 93
Trd, 4319228.443, 95
Trd, 4319228.643, 100
Trd, 4319229.993, 133
Trd, 4319230.643, 118
Trd, 4319232.143, 91
Trd, 4319232.243, 93
Trd, 4319232.393, 85
Trd, 4319232.943, 81
Trd, 4319234.243, 91
Trd, 4319235.093, 127
Trd, 4319235.343, 126
Trd, 4319237.143, 139
Trd, 4319237.443, 119
Trd, 4319237.943, 103
Trd, 4319238.193, 103
Trd, 4319239.593, 65
Trd, 4319241.193, 67
Trd, 4319241.493, 72
Trd, 4319241.593, 74
Trd, 4319242.443, 66
Trd, 4319243.243, 98
Trd, 4319244.393, 133
Trd, 4319244.493, 128
Trd, 4319245.593, 105
Trd, 4319245.943, 81
Trd, 4319247.093, 88
Trd, 4319247.143, 81
Trd, 4319248.493, 71
Trd, 4319248.643, 87
Trd, 4319248.943, 69
Trd, 4319249.493, 137
Trd, 4319251.193, 112
Trd, 4319252.443, 125
Trd, 4319252.693, 87
Trd, 4319253.443, 73
Trd, 4319254.393, 89
Trd, 4319256.193, 87
Trd, 4319256.893, 82
Trd, 4319258.293, 133
Trd, 4319258.993, 89
Trd, 4319261.493, 111
Trd, 4319262.743, 125
Trd, 4319263.893, 92
Trd, 4319264.143, 98
Trd, 4319264.243, 90
Trd, 4319266.193, 122
Trd, 4319266.343, 100
Trd, 4319266.393, 118
Trd, 4319266.943, 133
Trd, 4319267.643, 89
Trd, 4319268.343, 92
Trd, 4319269.393, 133
Trd, 4319270.493, 101
Trd, 4319270.543, 86
Trd, 4319270.643, 79
Trd, 4319271.543, 111
Trd, 4319272.693, 120
Trd, 4319272.743, 94
Trd, 4319272.943, 93
Trd, 4319274.343, 106
Trd, 4319275.143, 111
Trd, 4319275.593, 76
Trd, 4319276.043, 100
Trd, 4319277.043, 86
Trd, 4319277.443, 63
Trd, 4319278.693, 106
Trd, 4319278.743, 133
Trd, 4319279.643, 86
Trd, 4319280.143, 94
Trd, 4319281.093, 122
Trd, 4319281.593, 92
Trd, 4319281.893, 124
Trd, 4319282.743, 69
Trd, 4319283.693, 119
Trd, 4319284.793, 106
Trd, 4319287.043, 125
Trd, 4319287.343, 121
Trd, 4319288.043, 116
Trd, 4319288.243, 114
Trd, 4319289.993, 104
Trd, 4319290.793, 115
Trd, 4319291.743, 132
Trd, 4319292.243, 104
Trd, 4319293.493, 97
Trd, 4319293.643, 85
Trd, 4319293.843, 116
Trd, 4319295.293, 127
Trd, 4319297.193, 121
Trd, 4319298.143, 100
Trd, 4319298.843, 138
Trd, 4319299.693, 79
Trd, 4319299.993, 124
Trd, 4319300.643, 78
Trd, 4319302.243, 85
Trd, 4319303.043, 89
Trd, 4319304.493, 114
Trd, 4319304.543, 98
Trd, 4319306.543, 108
Trd, 4319307.843, 85
Trd, 4319307.993, 111
Trd, 4319308.643, 124
Trd, 4319308.943, 121
Trd, 4319309.993, 124
Trd, 4319310.293, 99
Trd, 4319310.643, 104
Trd, 4319313.993, 134
Trd, 4319314.743, 125
Trd, 4319315.143, 102
Trd, 4319316.443, 124
Trd, 4319316.693, 111
Trd, 4319317.293, 91
Trd, 4319317.693, 94
Trd, 4319318.743, 117
Trd, 4319319.743, 104
Trd, 4319320.443, 119
Trd, 4319321.793, 116
Trd, 4319322.793, 89
Trd, 4319323.943, 125
Trd, 4319324.443, 107
Trd, 4319325.293, 113
Trd, 4319325.693, 130
Trd, 4319326.593, 123
Trd, 4319327.143, 113
Trd, 4319328.943, 121
Trd, 4319329.493, 126
Trd, 4319332.393, 112
Trd, 4319332.943, 117
Trd, 4319333.393, 109
Trd, 4319334.093, 107
Trd, 4319336.093, 111
Trd, 4319336.993, 103
Trd, 4319338.143, 127
Trd, 4319338.243, 111
Trd, 4319338.593, 120
Trd, 4319338.843, 119
Trd, 4319338.943, 98
Trd, 4319339.193, 114
Trd, 4319340.143, 129
Trd, 4319340.243, 122
Trd, 4319340.393, 102
Trd, 4319341.393, 129
Trd, 4319343.693, 101
Trd, 4319344.193, 102
Trd, 4319345.343, 92
Trd, 4319345.993, 97
Trd, 4319346.593, 116
Trd, 4319347.743, 101
Trd, 4319347.843, 90
Trd, 4319349.143, 71
Trd, 4319350.043, 115
Trd, 4319351.343, 137
Trd, 4319351.393, 90
Trd, 4319351.893, 72
Trd, 4319353.543, 131
Trd, 4319354.543, 98
Trd, 4319355.243, 108
Trd, 4319355.693, 89
Trd, 4319355.993, 85
Trd, 4319356.493, 76
Trd, 4319358.343, 71
Trd, 4319358.943, 104
Trd, 4319360.243, 108
Trd, 4319360.343, 124
Trd, 4319360.743, 98
Trd, 4319361.343, 83
Trd, 4319362.793, 111
Trd, 4319365.093, 136
Trd, 4319365.293, 121
Trd, 4319366.593, 137
Trd, 4319367.093, 116
Trd, 4319367.843, 119
Trd, 4319368.193, 106
Trd, 4319369.243, 104
Trd, 4319370.193, 105
Trd, 4319370.793, 68
Trd, 4319371.293, 97
Trd, 4319371.743, 113
Trd, 4319372.293, 105
Trd, 4319374.393, 107
Trd, 4319375.393, 103
Trd, 4319375.443, 92
Trd, 4319376.093, 79
Trd, 4319377.493, 96
Trd, 4319378.443, 124
Trd, 4319379.093, 106
Trd, 4319380.143, 118
Trd, 4319381.343, 125
Trd, 4319381.543, 121
Trd, 4319382.693, 126
Trd, 4319382.893, 93
Trd, 4319383.243, 94
Trd, 4319383.643, 104
Trd, 4319385.443, 103
Trd, 4319385.843, 134
Trd, 4319386.743, 103
Trd, 4319387.293, 91
Trd, 4319388.243, 92
Trd, 4319388.743, 104
Trd, 4319389.343, 86
Trd, 4319390.843, 92
Trd, 4319391.343, 98
Trd, 4319392.493, 112
Trd, 4319392.743, 106
Trd, 4319393.843, 135
Trd, 4319394.043, 100
Trd, 4319394.993, 70
Trd, 4319395.543, 71
Trd, 4319395.843, 113
Trd, 4319396.343, 121
Trd, 4319396.393, 103
Trd, 4319397.443, 123
Trd, 4319398.293, 84
Trd, 4319398.993, 96
Trd, 4319399.193, 97
Trd, 4319401.693, 121
Trd, 4319401.793, 89
Trd, 4319402.443, 111
Trd, 4319403.043, 116
Trd, 4319403.543, 100
Trd, 4319404.093, 99
Trd, 4319404.443, 69
Trd, 4319404.943, 111
Trd, 4319406.293, 64
Trd, 4319407.243, 80
Trd, 4319408.193, 78
Trd, 4319408.393, 134
Trd, 4319409.793, 102
Trd, 4319412.243, 86
Trd, 4319412.743, 108
Trd, 4319412.943, 75
Trd, 4319414.443, 107
Trd, 4319414.493, 90
Trd, 4319415.943, 97
Trd, 4319416.743, 84
Trd, 4319417.143, 75
Trd, 4319418.943, 113
Trd, 4319419.893, 140
Trd, 4319419.943, 123
Trd, 4319420.193, 106
Trd, 4319420.443, 110
Trd, 4319422.493, 96
Trd, 4319423.293, 133
Trd, 4319424.243, 104
Trd, 4319424.543, 96
Trd, 4319424.843, 93
Trd, 4319425.243, 97
Trd, 4319426.843, 106
Trd, 4319427.143, 132
Trd, 4319428.393, 116
Trd, 4319429.343, 105
Trd, 4319430.243, 88
Trd, 4319430.493, 72
Trd, 4319430.593, 75
Trd, 4319431.093, 112
Trd, 4319431.693, 100
Trd, 4319432.593, 134
Trd, 4319435.343, 108
Trd, 4319435.393, 103
Trd, 4319435.693, 109
Trd, 4319435.893, 116
Trd, 4319436.143, 102
Trd, 4319436.843, 98
Trd, 4319437.243, 90
Trd, 4319439.193, 123
Trd, 4319439.893, 123
Trd, 4319440.743, 112
Trd, 4319442.793, 108
Trd, 4319443.293, 113
Trd, 4319443.943, 120
Trd, 4319444.493, 135
Trd, 4319445.593, 105
Trd, 4319445.793, 99
Trd, 4319445.943, 97
Trd, 4319447.693, 137
Trd, 4319448.343, 133
Trd, 4319449.093, 123
Trd, 4319449.693, 122
Trd, 4319449.843, 120
Trd, 4319450.593, 95
Trd, 4319451.543, 71
Trd, 4319452.093, 129
Trd, 4319453.293, 114
Trd, 4319453.993, 110
Trd, 4319455.843, 75
Trd, 4319455.943, 118
Trd, 4319457.643, 76
Trd, 4319459.993, 134
Trd, 4319460.343, 100
Trd, 4319460.493, 126
Trd, 4319460.593, 90
Trd, 4319461.343, 90
Trd, 4319461.943, 93
Trd, 4319463.243, 128
Trd, 4319464.643, 140
Trd, 4319464.693, 103
Trd, 4319465.243, 97
Trd, 4319466.543, 138
Trd, 4319467.143, 118
Trd, 4319467.543, 115
Trd, 4319467.793, 105
Trd, 4319468.793, 85
Trd, 4319469.093, 92
Trd, 4319470.293, 101
Trd, 4319473.343, 112
Trd, 4319473.943, 73
Trd, 4319475.743, 80
Trd, 4319476.043, 69
Trd, 4319477.143, 93
Trd, 4319477.843, 104
Trd, 4319479.593, 96
Trd, 4319480.443, 109
Trd, 4319480.643, 97
Trd, 4319481.043, 106
Trd, 4319481.443, 131
Trd, 4319481.643, 124
Trd, 4319483.143, 118
Trd, 4319483.343, 136
Trd, 4319483.643, 97
Trd, 4319485.843, 95
Trd, 4319486.143, 90
Trd, 4319486.843, 123
Trd, 4319488.093, 134
Trd, 4319488.343, 77
Trd, 4319488.443, 70
Trd, 4319489.343, 60
Trd, 4319489.443, 60
Trd, 4319490.993, 74
Trd, 4319491.643, 74
Trd, 4319492.693, 68
Trd, 4319493.493, 77
Trd, 4319493.693, 73
Trd, 4319493.743, 78
Trd, 4319494.893, 130
Trd, 4319497.043, 75
Trd, 4319499.393, 81
Trd, 4319499.893, 89
Trd, 4319499.993, 67
Trd, 4319500.093, 106
Trd, 4319501.243, 114
Trd, 4319503.193, 126
Trd, 4319503.793, 124
Trd, 4319504.043, 116
Trd, 4319504.193, 104
Trd, 4319505.793, 113
Trd, 4319506.393, 130
Trd, 4319507.943, 133
Trd, 4319508.643, 130
Trd, 4319509.093, 116
Trd, 4319509.743, 102
Trd, 4319510.043, 99
Trd, 4319510.393, 74
Trd, 4319510.843, 134
Trd, 4319511.043, 76
Trd, 4319511.793, 119
Trd, 4319512.593, 93
Trd, 4319513.293, 91
Trd, 4319513.393, 140
Trd, 4319515.493, 121
Trd, 4319515.943, 110
Trd, 4319516.543, 93
Trd, 4319516.993, 86
Trd, 4319518.443, 66
Trd, 4319519.093, 139
Trd, 4319519.793, 124
Trd, 4319519.943, 116
Trd, 4319520.743, 117
Trd, 4319522.793, 132
Trd, 4319524.043, 118
Trd, 4319525.093, 120
Trd, 4319525.743, 89
Trd, 4319527.393, 115
Trd, 4319527.943, 100
Trd, 4319528.193, 105
Trd, 4319528.643, 81
Trd, 4319529.993, 123
Trd, 4319532.343, 98
Trd, 4319532.643, 101
Trd, 4319533.843, 77
Trd, 4319534.693, 93
Trd, 4319537.793, 140
Trd, 4319537.843, 124
Trd, 4319538.343, 129
Trd, 4319538.993, 119
Trd, 4319540.593, 122
Trd, 4319540.893, 96
Trd, 4319541.343, 75
Trd, 4319542.243, 113
Trd, 4319542.393, 89
Trd, 4319543.093, 118
Trd, 4319543.443, 125
Trd, 4319544.693, 140
Trd, 4319548.193, 113
Trd, 4319548.743, 126
Trd, 4319548.893, 100
Trd, 4319549.343, 81
Trd, 4319549.893, 85
Trd, 4319550.643, 89
Trd, 4319550.843, 77
Trd, 4319551.293, 70
Trd, 4319551.443, 63
Trd, 4319552.693, 62
Trd, 4319554.193, 82
Trd, 4319554.793, 71
Trd, 4319555.393, 117
Trd, 4319555.543, 100
Trd, 4319556.043, 75
Trd, 4319558.493, 97
Trd, 4319558.943, 132
Trd, 4319559.543, 91
Trd, 4319560.143, 79
Trd, 4319560.943, 92
Trd, 4319561.143, 77
Trd, 4319562.193, 60
Trd, 4319562.993, 102
Trd, 4319563.743, 131
Trd, 4319564.793, 106
Trd, 4319564.943, 97
Trd, 4319567.243, 80
Trd, 4319568.193, 107
Trd, 4319569.343, 95
Trd, 4319570.293, 85
Trd, 4319570.643, 65
Trd, 4319571.393, 87
Trd, 4319572.343, 138
Trd, 4319573.293, 113
Trd, 4319573.493, 113
Trd, 4319574.443, 85
Trd, 4319575.093, 104
Trd, 4319575.393, 87
Trd, 4319578.193, 113
Trd, 4319578.343, 87
Trd, 4319578.993, 85
Trd, 4319580.493, 97
Trd, 4319582.793, 124
Trd, 4319583.143, 116
Trd, 4319584.043, 135
Trd, 4319584.493, 110
Trd, 4319585.843, 110
Trd, 4319585.943, 105
Trd, 4319586.343, 116
Trd, 4319587.043, 130
Trd, 4319588.593, 105
Trd, 4319589.343, 95
Trd, 4319589.593, 105
Trd, 4319590.093, 105
Trd, 4319591.793, 126
Trd, 4319592.893, 104
Trd, 4319593.343, 108
Trd, 4319594.643, 98
Trd, 4319595.493, 82
Trd, 4319595.693, 82
Trd, 4319597.143, 110
Trd, 4319597.243, 103
Trd, 4319598.093, 93
Trd, 4319599.793, 93
Trd, 4319600.693, 88
Trd, 4319601.043, 134
Trd, 4319601.793, 113
Trd, 4319602.043, 104
Trd, 4319602.543, 122
Trd, 4319603.093, 91
Trd, 4319603.843, 93
Trd, 4319604.943, 137
Trd, 4319605.443, 100
Trd, 4319605.843, 86
Trd, 4319606.443, 122
Trd, 4319609.693, 128
Trd, 4319610.343, 101
Trd, 4319610.843, 108
Trd, 4319612.943, 122
Trd, 4319613.343, 96
Trd, 4319613.943, 78
Trd, 4319615.793, 123
Trd, 4319615.993, 100
Trd, 4319616.243, 89
Trd, 4319616.943, 80
Trd, 4319617.393, 104
Trd, 4319617.693, 67
Trd, 4319618.093, 67
Trd, 4319618.243, 111
Trd, 4319618.593, 63
Trd, 4319619.293, 89
Trd, 4319621.293, 79
Trd, 4319622.143, 104
Trd, 4319623.193, 129
Trd, 4319623.443, 102
Trd, 4319626.093, 95
Trd, 4319626.343, 125
Trd, 4319626.893, 114
Trd, 4319628.043, 122
Trd, 4319628.593, 102
Trd, 4319629.043, 121
Trd, 4319630.143, 137
Trd, 4319631.443, 114
Trd, 4319632.293, 111
Trd, 4319632.493, 117
Trd, 4319633.393, 91
Trd, 4319633.593, 85
Trd, 4319634.343, 71
Trd, 4319635.693, 118
Trd, 4319635.743, 100
Trd, 4319636.043, 100
Trd, 4319638.093, 137
Trd, 4319638.293, 114
Trd, 4319639.343, 91
Trd, 4319639.843, 68
Trd, 4319639.893, 67
Trd, 4319640.043, 108
Trd, 4319640.393, 89
Trd, 4319641.393, 101
Trd, 4319643.943, 88
Trd, 4319644.793, 128
Trd, 4319644.843, 117
Trd, 4319645.143, 94
Trd, 4319645.693, 90
Trd, 4319646.943, 90
Trd, 4319647.443, 103
Trd, 4319648.143, 105
Trd, 4319650.993, 104
Trd, 4319651.393, 90
Trd, 4319652.543, 123
Trd, 4319653.393, 114
Trd, 4319653.443, 102
Trd, 4319654.743, 93
Trd, 4319654.943, 89
Trd, 4319655.643, 77
Trd, 4319656.543, 109
Trd, 4319657.543, 107
Trd, 4319658.743, 112
Trd, 4319659.643, 127
Trd, 4319660.043, 126
Trd, 4319660.543, 135
Trd, 4319662.243, 137
Trd, 4319662.693, 128
Trd, 4319663.893, 132
Trd, 4319665.093, 94
Trd, 4319665.843, 114
Trd, 4319666.193, 78
Trd, 4319666.393, 64
Trd, 4319667.593, 136
Trd, 4319668.343, 123
Trd, 4319669.143, 108
Trd, 4319669.493, 122
Trd, 4319670.093, 122
Trd, 4319670.893, 93
Trd, 4319671.543, 120
Trd, 4319672.893, 128
Trd, 4319673.693, 102
Trd, 4319677.593, 107
Trd, 4319678.493, 128
Trd, 4319678.693, 98
Trd, 4319679.643, 112
Trd, 4319679.743, 84
Trd, 4319680.093, 79
Trd, 4319680.543, 95
Trd, 4319681.093, 99
Trd, 4319681.393, 86
Trd, 4319681.793, 114
Trd, 4319683.343, 116
Trd, 4319683.593, 82
Trd, 4319683.993, 101
Trd, 4319685.193, 132
Trd, 4319685.793, 95
Trd, 4319686.193, 100
Trd, 4319686.493, 69
Trd, 4319687.593, 70
Trd, 4319688.793, 96
Trd, 4319689.043, 64
Trd, 4319689.343, 71
Trd, 4319691.543, 80
Trd, 4319691.593, 77
Trd, 4319692.343, 128
Trd, 4319694.693, 135
Trd, 4319694.743, 124
Trd, 4319695.543, 133
Trd, 4319695.893, 107
Trd, 4319696.193, 99
Trd, 4319696.843, 80
Trd, 4319697.193, 123
Trd, 4319699.793, 94
Trd, 4319701.093, 104
Trd, 4319702.093, 93
Trd, 4319702.493, 96
Trd, 4319702.543, 88
Trd, 4319703.843, 108
Trd, 4319704.693, 89
Trd, 4319705.943, 121
Trd, 4319706.893, 105
Trd, 4319708.093, 93
Trd, 4319708.643, 89
Trd, 4319708.843, 92
Trd, 4319709.393, 117
Trd, 4319709.743, 139
Trd, 4319710.393, 128
Trd, 4319710.543, 113
Trd, 4319710.643, 105
Trd, 4319711.243, 110
Trd, 4319712.243, 68
Trd, 4319713.543, 88
Trd, 4319714.743, 106
Trd, 4319715.243, 139
Trd, 4319715.443, 109
Trd, 4319716.993, 101
Trd, 4319717.543, 125
Trd, 4319718.043, 107
Trd, 4319719.243, 131
Trd, 4319719.893, 113
Trd, 4319720.493, 98
Trd, 4319721.593, 133
Trd, 4319721.993, 94
Trd, 4319723.093, 120
Trd, 4319723.843, 93
Trd, 4319724.193, 100
Trd, 4319724.593, 104
Trd, 4319725.143, 76
Trd, 4319727.443, 135
Trd, 4319727.893, 99
Trd, 4319728.593, 103
Trd, 4319728.793, 136
Trd, 4319729.443, 85
Trd, 4319729.693, 82
Trd, 4319730.143, 120
Trd, 4319731.793, 93
Trd, 4319732.543, 80
Trd, 4319732.643, 75
Trd, 4319734.043, 77
Trd, 4319734.493, 127
Trd, 4319736.493, 117
Trd, 4319736.693, 126
Trd, 4319737.293, 99
Trd, 4319738.843, 140
Trd, 4319739.243, 89
Trd, 4319739.493, 87
Trd, 4319739.593, 116
Trd, 4319741.243, 102
Trd, 4319741.293, 87
Trd, 4319741.693, 108
Trd, 4319742.543, 117
Trd, 4319743.493, 75
Trd, 4319744.043, 122
Trd, 4319744.793, 116
Trd, 4319745.343, 112
Trd, 4319748.093, 123
Trd, 4319748.843, 117
Trd, 4319749.743, 95
Trd, 4319750.243, 88
Trd, 4319750.593, 126
Trd, 4319751.543, 112
Trd, 4319752.143, 127
Trd, 4319753.443, 104
Trd, 4319753.643, 103
Trd, 4319754.043, 113
Trd, 4319756.643, 107
Trd, 4319757.443, 85
Trd, 4319759.143, 134
Trd, 4319760.043, 120
Trd, 4319760.093, 114
Trd, 4319760.343, 84
Trd, 4319761.943, 125
Trd, 4319762.093, 123
Trd, 4319762.143, 97
Trd, 4319762.243, 90
Trd, 4319763.493, 105
Trd, 4319765.043, 123
Trd, 4319765.393, 125
Trd, 4319766.093, 114
Trd, 4319766.143, 91
Trd, 4319766.643, 129
Trd, 4319767.243, 66
Trd, 4319768.943, 78
Trd, 4319769.293, 60
Trd, 4319769.393, 62
Trd, 4319770.693, 118
Trd, 4319772.543, 124
Trd, 4319773.043, 111
Trd, 4319773.293, 109
Trd, 4319773.793, 118
Trd, 4319773.993, 101
Trd, 4319774.743, 102
Trd, 4319776.143, 89
Trd, 4319776.443, 81
Trd, 4319779.393, 62
Trd, 4319780.493, 61
Trd, 4319780.643, 93
Trd, 4319781.243, 104
Trd, 4319781.393, 77
Trd, 4319781.793, 131
Trd, 4319782.693, 105
Trd, 4319783.143, 105
Trd, 4319783.393, 93
Trd, 4319784.143, 84
Trd, 4319784.843, 65
Trd, 4319785.843, 95
Trd, 4319786.843, 125
Trd, 4319788.893, 85
Trd, 4319790.993, 71
Trd, 4319791.493, 86
Trd, 4319791.643, 77
Trd, 4319791.893, 64
Trd, 4319792.943, 132
Trd, 4319793.143, 126
Trd, 4319794.143, 116
Trd, 4319796.243, 71
Trd, 4319796.293, 111
Trd, 4319796.893, 89
Trd, 4319797.493, 138
Trd, 4319798.243, 134
Trd, 4319798.293, 115
Trd, 4319800.243, 118
Trd, 4319800.993, 89
Trd, 4319801.893, 103
Trd, 4319802.493, 116
Trd, 4319802.993, 120
Trd, 4319803.093, 115
Trd, 4319805.393, 64
Trd, 4319805.643, 75
Trd, 4319806.043, 122
Trd, 4319807.193, 72
Trd, 4319807.243, 75
Trd, 4319807.593, 125
Trd, 4319808.643, 68
Trd, 4319810.493, 127
Trd, 4319810.543, 91
Trd, 4319811.993, 84
Trd, 4319812.443, 69
Trd, 4319813.393, 65
Trd, 4319813.893, 73
Trd, 4319815.243, 133
Trd, 4319815.743, 120
Trd, 4319815.843, 96
Trd, 4319816.893, 74
Trd, 4319817.043, 93
Trd, 4319818.243, 111
Trd, 4319818.843, 98
Trd, 4319819.193, 127
Trd, 4319819.343, 104
Trd, 4319820.193, 112
Trd, 4319820.343, 71
Trd, 4319821.643, 129
Trd, 4319822.443, 124
Trd, 4319823.193, 121
Trd, 4319823.843, 106
Trd, 4319823.893, 102
Trd, 4319824.343, 130
Trd, 4319826.493, 126
Trd, 4319826.643, 124
Trd, 4319826.893, 122
Trd, 4319828.443, 126
Trd, 4319829.093, 91
Trd, 4319830.943, 92
Trd, 4319831.793, 81
Trd, 4319831.993, 97
Trd, 4319833.693, 140
Trd, 4319833.743, 125
Trd, 4319834.693, 133
Trd, 4319835.443, 115
Trd, 4319835.943, 115
Trd, 4319836.593, 114
Trd, 4319837.493, 98
Trd, 4319839.093, 66
Trd, 4319839.393, 117
Trd, 4319839.743, 97
Trd, 4319841.293, 61
Trd, 4319841.943, 63
Trd, 4319842.593, 83
Trd, 4319843.393, 88
Trd, 4319844.593, 81
Trd, 4319844.993, 91
Trd, 4319846.393, 66
Trd, 4319846.543, 64
Trd, 4319846.943, 84
Trd, 4319847.993, 116
Trd, 4319848.243, 88
Trd, 4319848.393, 84
Trd, 4319848.443, 83
Trd, 4319850.243, 116
Trd, 4319851.543, 112
Trd, 4319852.093, 104
Trd, 4319853.543, 134
Trd, 4319854.293, 103
Trd, 4319854.843, 84
Trd, 4319856.393, 131
Trd, 4319856.943, 122
Trd, 4319858.793, 107
Trd, 4319858.893, 135
Trd, 4319859.043, 104
Trd, 4319859.143, 89
Trd, 4319860.293, 85
Trd, 4319863.493, 94
Trd, 4319864.293, 129
Trd, 4319864.693, 88
Trd, 4319865.143, 72
Trd, 4319865.393, 68
Trd, 4319865.893, 95
Trd, 4319866.243, 120
Trd, 4319866.493, 65
Trd, 4319867.643, 70
Trd, 4319868.393, 88
Trd, 4319870.043, 102
Trd, 4319870.443, 91
Trd, 4319872.343, 103
Trd, 4319872.393, 83
Trd, 4319873.343, 95
Trd, 4319874.493, 116
Trd, 4319875.093, 87
Trd, 4319875.993, 117
Trd, 4319877.693, 107
Trd, 4319878.293, 123
Trd, 4319878.843, 115
Trd, 4319878.993, 105
Trd, 4319881.443, 73
Trd, 4319883.043, 99
Trd, 4319884.293, 118
Trd, 4319884.693, 106
Trd, 4319885.043, 97
Trd, 4319885.343, 139
Trd, 4319885.643, 95
Trd, 4319886.743, 120
Trd, 4319887.193, 88
Trd, 4319887.993, 75
Trd, 4319888.593, 106
Trd, 4319888.993, 87
Trd, 4319889.043, 97
Trd, 4319889.493, 134
Trd, 4319890.443, 129
Trd, 4319892.043, 93
Trd, 4319894.993, 123
Trd, 4319896.843, 116
Trd, 4319897.243, 117
Trd, 4319897.593, 97
Trd, 4319899.193, 123
Trd, 4319899.493, 110
Trd, 4319899.943, 97
Trd, 4319901.493, 129
Trd, 4319901.593, 124
Trd, 4319902.593, 138
Trd, 4319903.893, 132
Trd, 4319903.993, 81
Trd, 4319904.843, 108
Trd, 4319905.143, 89
Trd, 4319906.043, 81
Trd, 4319906.493, 88
Trd, 4319907.393, 117
Trd, 4319907.743, 75
Trd, 4319909.543, 111
Trd, 4319910.043, 95
Trd, 4319910.143, 80
Trd, 4319910.193, 64
Trd, 4319911.543, 129
Trd, 4319911.593, 99
Trd, 4319914.743, 109
Trd, 4319915.593, 104
Trd, 4319915.843, 96
Trd, 4319916.043, 93
Trd, 4319917.593, 87
Trd, 4319918.143, 111
Trd, 4319919.393, 116
Trd, 4319920.593, 104
Trd, 4319921.043, 99
Trd, 4319921.393, 93
Trd, 4319922.393, 94
Trd, 4319922.993, 106
Trd, 4319925.093, 88
Trd, 4319925.693, 83
Trd, 4319925.793, 116
Trd, 4319927.143, 111
Trd, 4319927.393, 79
Trd, 4319929.743, 131
Trd, 4319930.593, 94
Trd, 4319930.743, 99
Trd, 4319932.293, 132
Trd, 4319932.643, 105
Trd, 4319932.993, 84
Trd, 4319937.043, 103
Trd, 4319938.193, 109
Trd, 4319938.243, 110
Trd, 4319938.543, 83
Trd, 4319939.493, 110
Trd, 4319940.093, 104
Trd, 4319941.043, 78
Trd, 4319941.493, 78
Trd, 4319942.493, 106
Trd, 4319942.543, 97
Trd, 4319943.793, 112
Trd, 4319943.843, 95
Trd, 4319946.643, 65
Trd, 4319946.793, 89
Trd, 4319947.943, 113
Trd, 4319951.993, 100
Trd, 4319952.043, 112
Trd, 4319952.643, 108
Trd, 4319952.793, 108
Trd, 4319953.443, 98
Trd, 4319953.943, 101
Trd, 4319954.493, 94
Trd, 4319954.993, 89
Trd, 4319955.643, 112
Trd, 4319957.043, 82
Trd, 4319958.643, 98
Trd, 4319958.943, 119
Trd, 4319959.743, 93
Trd, 4319961.293, 89
Trd, 4319962.093, 91
Trd, 4319962.243, 77
Trd, 4319963.393, 74
Trd, 4319963.743, 81
Trd, 4319964.093, 90
Trd, 4319966.093, 103
Trd, 4319967.343, 116
Trd, 4319967.593, 91
Trd, 4319969.293, 123
Trd, 4319969.343, 119
Trd, 4319969.793, 119
Trd, 4319969.893, 102
Trd, 4319970.543, 114
Trd, 4319970.943, 93
Trd, 4319971.093, 90
Trd, 4319971.693, 125
Trd, 4319972.793, 90
Trd, 4319973.893, 93
Trd, 4319974.743, 96
Trd, 4319974.843, 87
Trd, 4319975.093, 108
Trd, 4319977.343, 74
Trd, 4319979.093, 96
Trd, 4319979.143, 87
Trd, 4319979.293, 97
Trd, 4319979.343, 84
Trd, 4319979.593, 138
Trd, 4319980.443, 78
Trd, 4319981.343, 133
Trd, 4319981.943, 122
Trd, 4319983.743, 138
Trd, 4319984.043, 121
Trd, 4319985.493, 135
Trd, 4319985.693, 103
Trd, 4319986.193, 97
Trd, 4319987.043, 121
Trd, 4319987.543, 115
Trd, 4319987.593, 100
Trd, 4319989.893, 98
Trd, 4319991.093, 103
Trd, 4319991.843, 70
Trd, 4319992.043, 73
Trd, 4319992.293, 85
Trd, 4319992.493, 83
Trd, 4319994.993, 126
Trd, 4319995.243, 123
Trd, 4319995.443, 113
Trd, 4319995.943, 135
Trd, 4319996.343, 124
Trd, 4319996.993, 133
Trd, 4319997.243, 117
Trd, 4319998.193, 113
Trd, 4319999.393, 129
Trd, 4319999.543, 124
Trd, 4319999.893, 106
