Trd, 4318028.143, 139
Trd, 4318028.593, 133
Trd, 4318031.093, 140
Trd, 4318031.143, 139
Trd, 4318035.393, 140
Trd, 4318035.543, 140
Trd, 4318035.793, 140
Trd, 4318036.893, 140
Trd, 4318037.093, 140
Trd, 4318037.193, 134
Trd, 4318039.593, 139
Trd, 4318041.043, 139
Trd, 4318041.643, 140
Trd, 4318043.843, 140
Trd, 4318043.943, 140
Trd, 4318043.993, 139
Trd, 4318044.543, 137
Trd, 4318045.043, 140
Trd, 4318045.493, 139
Trd, 4318046.243, 137
Trd, 4318046.893, 139
Trd, 4318047.343, 135
Trd, 4318047.893, 139
Trd, 4318050.843, 140
Trd, 4318051.093, 140
Trd, 4318051.293, 138
Trd, 4318051.943, 140
Trd, 4318052.093, 139
Trd, 4318055.343, 140
Trd, 4318055.443, 140
Trd, 4318055.593, 131
Trd, 4318055.693, 86
Trd, 4318056.893, 140
Trd, 4318057.593, 140
Trd, 4318058.293, 140
Trd, 4318060.643, 140
Trd, 4318060.893, 140
Trd, 4318062.193, 140
Trd, 4318062.293, 140
Trd, 4318063.093, 140
Trd, 4318063.143, 140
Trd, 4318063.793, 140
Trd, 4318063.993, 140
Trd, 4318064.293, 121
Trd, 4318066.093, 138
Trd, 4318066.243, 134
Trd, 4318066.543, 136
Trd, 4318067.593, 140
Trd, 4318069.943, 107
Trd, 4318070.493, 106
Trd, 4318070.643, 108
Trd, 4318070.693, 109
Trd, 4318070.993, 118
Trd, 4318073.043, 139
Trd, 4318073.443, 140
Trd, 4318074.143, 140
Trd, 4318075.193, 140
Trd, 4318076.243, 140
Trd, 4318077.493, 112
Trd, 4318077.643, 114
Trd, 4318077.693, 115
Trd, 4318077.743, 113
Trd, 4318078.693, 137
Trd, 4318078.943, 140
Trd, 4318081.593, 140
Trd, 4318081.743, 140
Trd, 4318081.843, 140
Trd, 4318084.643, 140
Trd, 4318085.393, 140
Trd, 4318085.943, 119
Trd, 4318087.393, 140
Trd, 4318087.443, 140
Trd, 4318088.193, 140
Trd, 4318089.093, 140
Trd, 4318089.443, 140
Trd, 4318090.993, 126
Trd, 4318091.543, 127
Trd, 4318091.693, 118
Trd, 4318091.843, 117
Trd, 4318092.543, 139
Trd, 4318093.843, 140
Trd, 4318095.343, 140
Trd, 4318096.943, 139
Trd, 4318097.293, 139
Trd, 4318098.243, 131
Trd, 4318099.443, 140
Trd, 4318101.743, 139
Trd, 4318101.793, 133
Trd, 4318102.893, 133
Trd, 4318103.493, 140
Trd, 4318104.893, 140
Trd, 4318105.393, 140
Trd, 4318105.643, 139
Trd, 4318106.143, 116
Trd, 4318108.493, 140
Trd, 4318109.693, 140
Trd, 4318110.943, 140
Trd, 4318112.743, 140
Trd, 4318114.293, 140
Trd, 4318115.643, 140
Trd, 4318116.093, 140
Trd, 4318116.343, 140
Trd, 4318116.843, 140
Trd, 4318117.793, 140
Trd, 4318118.393, 140
Trd, 4318120.143, 140
Trd, 4318122.043, 140
Trd, 4318122.693, 140
Trd, 4318123.293, 136
Trd, 4318123.543, 139
Trd, 4318123.893, 135
Trd, 4318124.343, 127
Trd, 4318126.293, 140
Trd, 4318127.243, 130
Trd, 4318127.393, 129
Trd, 4318127.893, 124
Trd, 4318128.593, 138
Trd, 4318128.793, 102
Trd, 4318129.743, 135
Trd, 4318131.193, 140
Trd, 4318131.743, 140
Trd, 4318133.043, 140
Trd, 4318133.993, 140
Trd, 4318134.443, 140
Trd, 4318134.893, 139
Trd, 4318136.743, 139
Trd, 4318137.143, 138
Trd, 4318137.543, 133
Trd, 4318138.293, 140
Trd, 4318139.543, 140
Trd, 4318140.343, 140
Trd, 4318140.593, 139
Trd, 4318140.793, 134
Trd, 4318142.993, 140
Trd, 4318143.993, 140
Trd, 4318144.093, 139
Trd, 4318144.393, 139
Trd, 4318145.243, 140
Trd, 4318145.443, 140
Trd, 4318145.693, 138
Trd, 4318145.743, 120
Trd, 4318149.143, 140
Trd, 4318150.943, 140
Trd, 4318153.143, 140
Trd, 4318153.443, 140
Trd, 4318153.943, 140
Trd, 4318154.193, 140
Trd, 4318154.993, 140
Trd, 4318157.143, 140
Trd, 4318157.393, 140
Trd, 4318157.643, 140
Trd, 4318158.293, 121
Trd, 4318162.593, 140
Trd, 4318162.843, 140
Trd, 4318163.193, 140
Trd, 4318163.643, 140
Trd, 4318164.593, 140
Trd, 4318165.293, 140
Trd, 4318165.343, 140
Trd, 4318166.493, 140
Trd, 4318167.043, 139
Trd, 4318168.693, 140
Trd, 4318170.243, 140
Trd, 4318170.393, 139
Trd, 4318170.843, 95
Trd, 4318171.143, 69
Trd, 4318171.243, 69
Trd, 4318171.493, 70
Trd, 4318172.643, 134
Trd, 4318172.743, 138
Trd, 4318174.043, 123
Trd, 4318174.443, 134
Trd, 4318175.093, 107
Trd, 4318175.393, 103
Trd, 4318176.143, 140
Trd, 4318176.343, 139
Trd, 4318176.643, 139
Trd, 4318178.943, 79
Trd, 4318179.043, 71
Trd, 4318181.493, 140
Trd, 4318181.743, 140
Trd, 4318182.343, 140
Trd, 4318182.543, 139
Trd, 4318183.243, 139
Trd, 4318184.143, 140
Trd, 4318185.043, 140
Trd, 4318185.693, 139
Trd, 4318185.743, 122
Trd, 4318186.593, 89
Trd, 4318187.693, 126
Trd, 4318187.743, 127
Trd, 4318188.943, 61
Trd, 4318189.543, 85
Trd, 4318190.093, 127
Trd, 4318190.743, 140
Trd, 4318191.293, 116
Trd, 4318192.843, 131
Trd, 4318193.643, 135
Trd, 4318194.243, 132
Trd, 4318197.043, 140
Trd, 4318198.343, 140
Trd, 4318198.793, 140
Trd, 4318198.993, 140
Trd, 4318199.893, 140
Trd, 4318199.993, 132
Trd, 4318200.993, 140
Trd, 4318202.143, 139
Trd, 4318202.643, 137
Trd, 4318204.443, 140
Trd, 4318205.743, 135
Trd, 4318205.943, 136
Trd, 4318206.093, 132
Trd, 4318210.293, 140
Trd, 4318210.343, 140
Trd, 4318210.693, 140
Trd, 4318210.743, 139
Trd, 4318212.793, 140
Trd, 4318213.293, 140
Trd, 4318213.743, 140
Trd, 4318214.743, 126
Trd, 4318215.493, 135
Trd, 4318216.493, 136
Trd, 4318216.543, 119
Trd, 4318217.043, 140
Trd, 4318217.793, 126
Trd, 4318218.743, 127
Trd, 4318218.993, 140
Trd, 4318219.393, 126
Trd, 4318219.593, 104
Trd, 4318221.043, 139
Trd, 4318221.093, 133
Trd, 4318221.693, 98
Trd, 4318224.143, 140
Trd, 4318224.243, 140
Trd, 4318224.893, 140
Trd, 4318225.893, 140
Trd, 4318226.743, 140
Trd, 4318227.593, 140
Trd, 4318228.143, 139
Trd, 4318230.293, 140
Trd, 4318230.993, 140
Trd, 4318231.393, 140
Trd, 4318232.643, 140
Trd, 4318233.143, 140
Trd, 4318234.793, 139
Trd, 4318235.593, 140
Trd, 4318235.843, 138
Trd, 4318236.043, 134
Trd, 4318238.643, 116
Trd, 4318239.193, 112
Trd, 4318240.293, 135
Trd, 4318240.593, 99
Trd, 4318240.643, 136
Trd, 4318241.193, 132
Trd, 4318242.393, 140
Trd, 4318243.493, 140
Trd, 4318244.943, 140
Trd, 4318247.643, 140
Trd, 4318248.743, 140
Trd, 4318249.743, 140
Trd, 4318250.043, 140
Trd, 4318250.243, 140
Trd, 4318251.293, 140
Trd, 4318252.693, 140
Trd, 4318253.243, 140
Trd, 4318254.143, 140
Trd, 4318256.393, 140
Trd, 4318256.543, 137
Trd, 4318257.043, 140
Trd, 4318257.793, 137
Trd, 4318258.593, 140
Trd, 4318258.743, 140
Trd, 4318258.943, 136
Trd, 4318260.743, 140
Trd, 4318260.943, 132
Trd, 4318261.943, 140
Trd, 4318262.843, 140
Trd, 4318264.443, 140
Trd, 4318264.893, 140
Trd, 4318266.343, 140
Trd, 4318267.793, 140
Trd, 4318267.893, 140
Trd, 4318270.493, 140
Trd, 4318270.993, 140
Trd, 4318272.043, 140
Trd, 4318272.493, 140
Trd, 4318275.293, 140
Trd, 4318275.443, 140
Trd, 4318275.893, 140
Trd, 4318276.243, 140
Trd, 4318277.143, 140
Trd, 4318278.143, 140
Trd, 4318278.493, 140
Trd, 4318281.293, 140
Trd, 4318282.143, 140
Trd, 4318282.243, 137
Trd, 4318284.143, 140
Trd, 4318284.743, 140
Trd, 4318285.093, 140
Trd, 4318285.343, 137
Trd, 4318285.493, 117
Trd, 4318287.793, 140
Trd, 4318287.943, 139
Trd, 4318288.193, 104
Trd, 4318289.793, 140
Trd, 4318290.343, 140
Trd, 4318290.793, 140
Trd, 4318290.943, 134
Trd, 4318291.993, 123
Trd, 4318293.893, 139
Trd, 4318293.993, 138
Trd, 4318294.993, 125
Trd, 4318295.393, 127
Trd, 4318296.143, 140
Trd, 4318297.143, 140
Trd, 4318297.743, 140
Trd, 4318298.543, 140
Trd, 4318301.043, 140
Trd, 4318301.943, 140
Trd, 4318302.243, 140
Trd, 4318302.943, 140
Trd, 4318303.643, 140
Trd, 4318305.043, 140
Trd, 4318307.593, 140
Trd, 4318307.643, 140
Trd, 4318307.793, 139
Trd, 4318308.643, 138
Trd, 4318308.993, 138
Trd, 4318310.993, 140
Trd, 4318312.993, 140
Trd, 4318313.443, 140
Trd, 4318313.993, 140
Trd, 4318314.393, 139
Trd, 4318316.143, 140
Trd, 4318316.493, 140
Trd, 4318316.693, 140
Trd, 4318317.793, 140
Trd, 4318318.993, 140
Trd, 4318320.543, 140
Trd, 4318321.943, 140
Trd, 4318322.043, 140
Trd, 4318322.943, 140
Trd, 4318323.343, 140
Trd, 4318325.193, 139
Trd, 4318327.293, 139
Trd, 4318328.293, 140
Trd, 4318328.493, 139
Trd, 4318328.793, 139
Trd, 4318328.943, 138
Trd, 4318329.093, 138
Trd, 4318329.893, 138
Trd, 4318331.243, 123
Trd, 4318332.593, 130
Trd, 4318332.843, 130
Trd, 4318333.793, 130
Trd, 4318335.843, 140
Trd, 4318336.393, 140
Trd, 4318336.843, 140
Trd, 4318337.493, 138
Trd, 4318337.793, 140
Trd, 4318337.993, 138
Trd, 4318340.243, 140
Trd, 4318340.943, 140
Trd, 4318343.543, 140
Trd, 4318344.043, 140
Trd, 4318345.443, 140
Trd, 4318347.993, 140
Trd, 4318348.293, 140
Trd, 4318348.493, 139
Trd, 4318348.643, 140
Trd, 4318348.893, 137
Trd, 4318349.793, 140
Trd, 4318349.893, 72
Trd, 4318351.293, 139
Trd, 4318351.893, 119
Trd, 4318353.593, 136
Trd, 4318353.693, 139
Trd, 4318354.543, 70
Trd, 4318354.643, 71
Trd, 4318355.593, 73
Trd, 4318357.193, 139
Trd, 4318358.243, 139
Trd, 4318358.543, 140
Trd, 4318358.743, 139
Trd, 4318360.143, 140
Trd, 4318360.843, 140
Trd, 4318363.043, 140
Trd, 4318363.543, 140
Trd, 4318364.193, 139
Trd, 4318364.693, 140
Trd, 4318365.643, 140
Trd, 4318365.993, 138
Trd, 4318369.793, 140
Trd, 4318370.843, 140
Trd, 4318371.943, 140
Trd, 4318372.443, 139
Trd, 4318372.893, 140
Trd, 4318373.243, 137
Trd, 4318373.543, 136
Trd, 4318374.143, 98
Trd, 4318375.093, 138
Trd, 4318375.543, 82
Trd, 4318375.693, 137
Trd, 4318377.943, 140
Trd, 4318378.143, 140
Trd, 4318378.693, 122
Trd, 4318378.993, 123
Trd, 4318379.593, 132
Trd, 4318380.393, 139
Trd, 4318383.543, 140
Trd, 4318383.893, 140
Trd, 4318383.993, 140
Trd, 4318385.843, 140
Trd, 4318386.043, 140
Trd, 4318387.693, 140
Trd, 4318388.393, 140
Trd, 4318388.693, 140
Trd, 4318388.793, 138
Trd, 4318389.693, 139
Trd, 4318390.843, 140
Trd, 4318391.543, 140
Trd, 4318392.793, 139
Trd, 4318393.893, 134
Trd, 4318394.293, 140
Trd, 4318395.993, 140
Trd, 4318398.843, 140
Trd, 4318399.443, 140
Trd, 4318400.643, 140
Trd, 4318400.743, 140
Trd, 4318400.993, 140
Trd, 4318401.293, 137
Trd, 4318402.243, 135
Trd, 4318402.643, 139
Trd, 4318403.493, 139
Trd, 4318403.893, 105
Trd, 4318404.293, 134
Trd, 4318405.493, 139
Trd, 4318406.693, 140
Trd, 4318408.493, 140
Trd, 4318409.093, 140
Trd, 4318409.193, 140
Trd, 4318410.593, 140
Trd, 4318412.543, 140
Trd, 4318413.543, 140
Trd, 4318413.643, 140
Trd, 4318414.593, 139
Trd, 4318415.293, 131
Trd, 4318416.093, 140
Trd, 4318416.193, 114
Trd, 4318416.843, 140
Trd, 4318417.343, 140
Trd, 4318417.393, 101
Trd, 4318418.993, 140
Trd, 4318419.143, 140
Trd, 4318419.893, 140
Trd, 4318420.343, 140
Trd, 4318421.793, 140
Trd, 4318422.043, 140
Trd, 4318424.093, 140
Trd, 4318424.543, 140
Trd, 4318425.893, 138
Trd, 4318426.943, 137
Trd, 4318427.493, 140
Trd, 4318427.843, 139
Trd, 4318428.743, 138
Trd, 4318429.493, 137
Trd, 4318429.993, 124
Trd, 4318431.143, 140
Trd, 4318431.543, 140
Trd, 4318433.093, 140
Trd, 4318434.793, 140
Trd, 4318434.843, 140
Trd, 4318437.043, 140
Trd, 4318437.993, 139
Trd, 4318438.343, 138
Trd, 4318438.443, 138
Trd, 4318439.043, 137
Trd, 4318439.843, 140
Trd, 4318440.593, 138
Trd, 4318441.743, 136
Trd, 4318443.193, 140
Trd, 4318443.643, 140
Trd, 4318444.943, 140
Trd, 4318446.293, 140
Trd, 4318446.343, 118
Trd, 4318446.793, 137
Trd, 4318449.093, 140
Trd, 4318449.543, 140
Trd, 4318452.243, 140
Trd, 4318452.543, 140
Trd, 4318452.943, 140
Trd, 4318454.543, 140
Trd, 4318455.393, 140
Trd, 4318455.893, 140
Trd, 4318457.143, 140
Trd, 4318457.543, 140
Trd, 4318458.493, 136
Trd, 4318458.593, 120
Trd, 4318459.093, 138
Trd, 4318460.843, 137
Trd, 4318461.443, 136
Trd, 4318461.943, 140
Trd, 4318462.743, 140
Trd, 4318463.143, 138
Trd, 4318464.193, 111
Trd, 4318466.093, 130
Trd, 4318467.143, 140
Trd, 4318468.743, 140
Trd, 4318468.893, 139
Trd, 4318469.593, 139
Trd, 4318469.643, 138
Trd, 4318470.243, 129
Trd, 4318471.543, 140
Trd, 4318472.093, 140
Trd, 4318474.693, 140
Trd, 4318475.793, 140
Trd, 4318475.993, 140
Trd, 4318476.843, 140
Trd, 4318477.243, 140
Trd, 4318477.893, 140
Trd, 4318480.843, 140
Trd, 4318481.893, 140
Trd, 4318483.243, 140
Trd, 4318483.793, 140
Trd, 4318484.243, 140
Trd, 4318485.343, 140
Trd, 4318485.443, 140
Trd, 4318486.643, 140
Trd, 4318486.743, 137
Trd, 4318486.843, 129
Trd, 4318487.593, 128
Trd, 4318487.993, 63
Trd, 4318488.393, 62
Trd, 4318490.443, 140
Trd, 4318490.943, 139
Trd, 4318491.043, 137
Trd, 4318492.793, 131
Trd, 4318493.043, 133
Trd, 4318493.093, 117
Trd, 4318493.393, 118
Trd, 4318497.243, 140
Trd, 4318497.393, 140
Trd, 4318497.843, 140
Trd, 4318498.643, 140
Trd, 4318499.293, 138
Trd, 4318499.693, 116
Trd, 4318500.793, 140
Trd, 4318503.543, 140
Trd, 4318503.593, 140
Trd, 4318503.893, 140
Trd, 4318504.193, 139
Trd, 4318507.043, 140
Trd, 4318508.943, 140
Trd, 4318509.593, 140
Trd, 4318509.893, 140
Trd, 4318511.393, 140
Trd, 4318512.543, 140
Trd, 4318512.943, 140
Trd, 4318514.043, 140
Trd, 4318514.393, 137
Trd, 4318515.643, 140
Trd, 4318516.943, 140
Trd, 4318517.443, 138
Trd, 4318517.543, 137
Trd, 4318518.093, 134
Trd, 4318519.593, 140
Trd, 4318520.393, 136
Trd, 4318520.643, 136
Trd, 4318522.193, 137
Trd, 4318522.843, 111
Trd, 4318523.043, 139
Trd, 4318526.743, 140
Trd, 4318526.843, 140
Trd, 4318528.343, 140
Trd, 4318531.093, 140
Trd, 4318531.143, 140
Trd, 4318531.793, 140
Trd, 4318531.993, 140
Trd, 4318532.043, 140
Trd, 4318533.493, 140
Trd, 4318533.543, 139
Trd, 4318534.443, 130
Trd, 4318536.393, 140
Trd, 4318536.543, 138
Trd, 4318537.143, 140
Trd, 4318537.443, 140
Trd, 4318537.793, 138
Trd, 4318539.393, 123
Trd, 4318539.693, 122
Trd, 4318539.743, 125
Trd, 4318540.093, 126
Trd, 4318541.393, 127
Trd, 4318543.293, 140
Trd, 4318543.593, 140
Trd, 4318543.943, 140
Trd, 4318545.043, 134
Trd, 4318545.393, 136
Trd, 4318547.693, 133
Trd, 4318547.743, 132
Trd, 4318549.043, 139
Trd, 4318549.843, 140
Trd, 4318551.643, 140
Trd, 4318552.493, 140
Trd, 4318552.743, 140
Trd, 4318554.793, 129
Trd, 4318555.093, 128
Trd, 4318555.193, 126
Trd, 4318556.693, 140
Trd, 4318557.743, 140
Trd, 4318559.593, 140
Trd, 4318561.843, 118
Trd, 4318562.343, 137
Trd, 4318562.443, 117
Trd, 4318562.493, 116
Trd, 4318563.093, 131
Trd, 4318563.793, 135
Trd, 4318563.893, 119
Trd, 4318564.743, 118
Trd, 4318566.593, 140
Trd, 4318567.043, 140
Trd, 4318568.543, 140
Trd, 4318568.693, 128
Trd, 4318568.743, 121
Trd, 4318569.093, 118
Trd, 4318570.843, 140
Trd, 4318571.693, 115
Trd, 4318572.693, 116
Trd, 4318572.843, 129
Trd, 4318572.993, 117
Trd, 4318573.243, 114
Trd, 4318573.843, 69
Trd, 4318577.293, 140
Trd, 4318577.393, 140
Trd, 4318578.893, 140
Trd, 4318579.143, 140
Trd, 4318579.593, 127
Trd, 4318580.593, 140
Trd, 4318581.893, 140
Trd, 4318582.543, 138
Trd, 4318582.743, 137
Trd, 4318583.693, 120
Trd, 4318584.843, 140
Trd, 4318587.143, 128
Trd, 4318587.543, 139
Trd, 4318590.593, 140
Trd, 4318592.743, 140
Trd, 4318593.043, 140
Trd, 4318593.143, 140
Trd, 4318593.643, 139
Trd, 4318593.943, 139
Trd, 4318594.443, 110
Trd, 4318595.593, 107
Trd, 4318596.643, 140
Trd, 4318597.343, 140
Trd, 4318598.393, 140
Trd, 4318599.893, 140
Trd, 4318599.943, 140
Trd, 4318600.093, 140
Trd, 4318600.643, 138
Trd, 4318601.393, 140
Trd, 4318601.993, 140
Trd, 4318603.393, 117
Trd, 4318604.443, 133
Trd, 4318605.443, 113
Trd, 4318605.893, 107
Trd, 4318605.943, 108
Trd, 4318607.643, 140
Trd, 4318607.743, 140
Trd, 4318608.093, 137
Trd, 4318610.493, 140
Trd, 4318610.593, 140
Trd, 4318611.593, 140
Trd, 4318611.893, 140
Trd, 4318613.343, 140
Trd, 4318613.543, 139
Trd, 4318614.793, 140
Trd, 4318615.293, 139
Trd, 4318615.693, 140
Trd, 4318615.843, 136
Trd, 4318616.393, 117
Trd, 4318617.793, 95
Trd, 4318618.793, 61
Trd, 4318619.693, 64
Trd, 4318620.993, 117
Trd, 4318622.093, 132
Trd, 4318625.093, 140
Trd, 4318625.143, 140
Trd, 4318625.343, 140
Trd, 4318625.943, 140
Trd, 4318626.893, 140
Trd, 4318627.043, 140
Trd, 4318627.743, 140
Trd, 4318628.243, 140
Trd, 4318630.843, 140
Trd, 4318632.293, 140
Trd, 4318632.593, 140
Trd, 4318632.643, 140
Trd, 4318633.793, 140
Trd, 4318635.443, 140
Trd, 4318637.643, 140
Trd, 4318637.693, 140
Trd, 4318637.993, 139
Trd, 4318638.593, 127
Trd, 4318638.893, 75
Trd, 4318639.393, 64
Trd, 4318639.693, 65
Trd, 4318640.993, 66
Trd, 4318642.343, 64
Trd, 4318644.643, 121
Trd, 4318645.143, 120
Trd, 4318645.293, 119
Trd, 4318645.943, 130
Trd, 4318646.693, 123
Trd, 4318647.043, 134
Trd, 4318648.343, 137
Trd, 4318650.543, 140
Trd, 4318650.743, 140
Trd, 4318651.043, 133
Trd, 4318651.293, 117
Trd, 4318651.443, 138
Trd, 4318653.143, 85
Trd, 4318653.393, 125
Trd, 4318653.993, 61
Trd, 4318654.193, 62
Trd, 4318655.193, 121
Trd, 4318655.993, 140
Trd, 4318656.243, 140
Trd, 4318658.393, 139
Trd, 4318659.093, 131
Trd, 4318659.293, 113
Trd, 4318659.993, 97
Trd, 4318660.243, 138
Trd, 4318661.993, 140
Trd, 4318662.743, 140
Trd, 4318662.943, 130
Trd, 4318663.593, 135
Trd, 4318664.393, 134
Trd, 4318665.543, 138
Trd, 4318666.493, 137
Trd, 4318668.743, 140
Trd, 4318669.143, 139
Trd, 4318670.793, 140
Trd, 4318671.443, 140
Trd, 4318671.643, 140
Trd, 4318672.843, 140
Trd, 4318673.193, 140
Trd, 4318673.843, 127
Trd, 4318674.593, 88
Trd, 4318674.893, 96
Trd, 4318676.043, 140
Trd, 4318677.143, 91
Trd, 4318677.893, 90
Trd, 4318678.043, 139
Trd, 4318679.643, 140
Trd, 4318681.393, 140
Trd, 4318683.443, 140
Trd, 4318683.493, 138
Trd, 4318683.793, 128
Trd, 4318684.093, 126
Trd, 4318686.243, 140
Trd, 4318687.343, 140
Trd, 4318687.643, 139
Trd, 4318689.643, 140
Trd, 4318689.843, 140
Trd, 4318690.293, 140
Trd, 4318690.843, 139
Trd, 4318691.943, 123
Trd, 4318692.843, 136
Trd, 4318694.243, 140
Trd, 4318694.493, 137
Trd, 4318694.693, 125
Trd, 4318695.093, 122
Trd, 4318695.693, 111
Trd, 4318698.143, 140
Trd, 4318699.493, 140
Trd, 4318699.843, 140
Trd, 4318700.293, 139
Trd, 4318701.343, 135
Trd, 4318703.993, 140
Trd, 4318704.243, 139
Trd, 4318704.843, 140
Trd, 4318705.643, 140
Trd, 4318706.843, 130
Trd, 4318707.293, 121
Trd, 4318707.593, 120
Trd, 4318707.993, 131
Trd, 4318708.093, 109
Trd, 4318708.643, 98
Trd, 4318709.343, 138
Trd, 4318710.693, 140
Trd, 4318712.243, 140
Trd, 4318712.643, 139
Trd, 4318715.443, 140
Trd, 4318715.493, 140
Trd, 4318716.543, 140
Trd, 4318716.743, 140
Trd, 4318718.193, 140
Trd, 4318719.343, 139
Trd, 4318721.093, 139
Trd, 4318721.143, 139
Trd, 4318721.793, 135
Trd, 4318721.843, 126
Trd, 4318723.393, 139
Trd, 4318723.743, 138
Trd, 4318724.293, 139
Trd, 4318725.243, 140
Trd, 4318725.493, 138
Trd, 4318725.693, 136
Trd, 4318727.093, 139
Trd, 4318728.493, 140
Trd, 4318730.343, 140
Trd, 4318730.743, 140
Trd, 4318731.893, 140
Trd, 4318732.743, 140
Trd, 4318733.293, 140
Trd, 4318734.143, 140
Trd, 4318734.443, 139
Trd, 4318735.143, 140
Trd, 4318736.193, 140
Trd, 4318736.293, 140
Trd, 4318738.443, 134
Trd, 4318738.793, 137
Trd, 4318738.843, 103
Trd, 4318739.043, 111
Trd, 4318740.443, 140
Trd, 4318740.793, 140
Trd, 4318741.693, 140
Trd, 4318742.243, 140
Trd, 4318746.193, 140
Trd, 4318746.993, 140
Trd, 4318747.693, 140
Trd, 4318749.393, 140
Trd, 4318750.593, 140
Trd, 4318751.393, 140
Trd, 4318751.493, 140
Trd, 4318751.843, 140
Trd, 4318751.943, 139
Trd, 4318754.293, 140
Trd, 4318756.043, 140
Trd, 4318757.293, 140
Trd, 4318758.193, 139
Trd, 4318758.643, 140
Trd, 4318759.343, 129
Trd, 4318759.443, 60
Trd, 4318761.193, 92
Trd, 4318761.293, 63
Trd, 4318761.693, 136
Trd, 4318762.593, 137
Trd, 4318762.893, 137
Trd, 4318764.593, 140
Trd, 4318764.993, 140
Trd, 4318765.493, 134
Trd, 4318765.943, 133
Trd, 4318767.043, 79
Trd, 4318767.943, 139
Trd, 4318769.393, 139
Trd, 4318770.443, 138
Trd, 4318771.543, 138
Trd, 4318773.843, 140
Trd, 4318774.093, 140
Trd, 4318775.193, 140
Trd, 4318775.793, 140
Trd, 4318776.343, 140
Trd, 4318777.193, 139
Trd, 4318778.493, 139
Trd, 4318778.993, 140
Trd, 4318779.143, 110
Trd, 4318779.843, 105
Trd, 4318780.243, 119
Trd, 4318781.143, 65
Trd, 4318781.943, 67
Trd, 4318782.043, 115
Trd, 4318784.093, 140
Trd, 4318784.493, 140
Trd, 4318784.643, 139
Trd, 4318785.493, 139
Trd, 4318785.993, 140
Trd, 4318787.143, 139
Trd, 4318789.443, 140
Trd, 4318789.743, 140
Trd, 4318790.193, 140
Trd, 4318791.743, 140
Trd, 4318792.043, 139
Trd, 4318792.143, 136
Trd, 4318794.593, 140
Trd, 4318794.793, 140
Trd, 4318794.943, 140
Trd, 4318797.143, 140
Trd, 4318798.343, 140
Trd, 4318798.793, 139
Trd, 4318799.993, 140
Trd, 4318800.143, 133
Trd, 4318800.743, 132
Trd, 4318801.293, 139
Trd, 4318802.143, 122
Trd, 4318802.343, 118
Trd, 4318803.043, 122
Trd, 4318803.443, 129
Trd, 4318805.693, 118
Trd, 4318806.593, 140
Trd, 4318807.843, 133
Trd, 4318808.543, 140
Trd, 4318810.093, 140
Trd, 4318810.793, 138
Trd, 4318811.343, 135
Trd, 4318811.843, 131
Trd, 4318812.293, 120
Trd, 4318812.443, 136
Trd, 4318812.693, 137
Trd, 4318813.943, 139
Trd, 4318814.343, 114
Trd, 4318815.243, 138
Trd, 4318816.343, 138
Trd, 4318817.043, 95
Trd, 4318817.693, 140
Trd, 4318819.143, 140
Trd, 4318819.643, 140
Trd, 4318820.243, 140
Trd, 4318820.843, 140
Trd, 4318823.243, 140
Trd, 4318824.943, 132
Trd, 4318825.143, 131
Trd, 4318826.893, 140
Trd, 4318827.343, 140
Trd, 4318828.643, 140
Trd, 4318830.043, 140
Trd, 4318831.893, 140
Trd, 4318832.043, 140
Trd, 4318832.343, 140
Trd, 4318833.593, 140
Trd, 4318833.793, 137
Trd, 4318835.543, 140
Trd, 4318835.843, 140
Trd, 4318836.193, 140
Trd, 4318837.193, 135
Trd, 4318838.093, 139
Trd, 4318838.793, 133
Trd, 4318839.193, 132
Trd, 4318841.743, 119
Trd, 4318841.843, 123
Trd, 4318842.243, 140
Trd, 4318844.493, 140
Trd, 4318844.593, 140
Trd, 4318846.243, 140
Trd, 4318846.343, 140
Trd, 4318848.343, 140
Trd, 4318851.493, 140
Trd, 4318851.543, 140
Trd, 4318853.393, 140
Trd, 4318853.593, 140
Trd, 4318854.193, 139
Trd, 4318854.743, 140
Trd, 4318855.693, 137
Trd, 4318855.993, 130
Trd, 4318856.043, 123
Trd, 4318857.393, 133
Trd, 4318860.243, 140
Trd, 4318860.443, 140
Trd, 4318860.543, 140
Trd, 4318861.293, 94
Trd, 4318863.093, 138
Trd, 4318863.343, 140
Trd, 4318864.543, 118
Trd, 4318864.943, 63
Trd, 4318866.143, 75
Trd, 4318866.243, 119
Trd, 4318867.093, 140
Trd, 4318868.293, 140
Trd, 4318868.743, 140
Trd, 4318869.593, 140
Trd, 4318869.993, 140
Trd, 4318870.793, 140
Trd, 4318871.143, 139
Trd, 4318871.943, 136
Trd, 4318873.093, 140
Trd, 4318874.493, 131
Trd, 4318875.393, 131
Trd, 4318876.943, 140
Trd, 4318878.143, 140
Trd, 4318878.593, 140
Trd, 4318879.293, 140
Trd, 4318879.843, 140
Trd, 4318882.943, 140
Trd, 4318883.643, 140
Trd, 4318883.893, 140
Trd, 4318884.793, 139
Trd, 4318885.193, 120
Trd, 4318885.693, 115
Trd, 4318886.843, 138
Trd, 4318888.243, 140
Trd, 4318889.043, 140
Trd, 4318889.593, 140
Trd, 4318890.543, 140
Trd, 4318890.693, 140
Trd, 4318892.393, 138
Trd, 4318892.993, 139
Trd, 4318893.743, 138
Trd, 4318895.393, 138
Trd, 4318895.893, 136
Trd, 4318897.193, 140
Trd, 4318897.743, 122
Trd, 4318897.793, 129
Trd, 4318898.693, 131
Trd, 4318899.443, 138
Trd, 4318899.593, 127
Trd, 4318899.843, 130
Trd, 4318900.543, 139
Trd, 4318900.893, 138
Trd, 4318901.093, 127
Trd, 4318904.443, 140
Trd, 4318904.893, 140
Trd, 4318905.443, 140
Trd, 4318906.943, 140
Trd, 4318907.843, 140
Trd, 4318908.643, 140
Trd, 4318908.743, 140
Trd, 4318909.693, 140
Trd, 4318909.993, 140
Trd, 4318910.693, 135
Trd, 4318912.093, 140
Trd, 4318912.193, 140
Trd, 4318914.193, 140
Trd, 4318914.543, 140
Trd, 4318915.043, 139
Trd, 4318915.543, 139
Trd, 4318917.243, 140
Trd, 4318917.693, 140
Trd, 4318919.093, 140
Trd, 4318920.393, 140
Trd, 4318920.693, 138
Trd, 4318920.993, 140
Trd, 4318921.693, 140
Trd, 4318922.293, 140
Trd, 4318922.943, 140
Trd, 4318924.143, 140
Trd, 4318925.043, 128
Trd, 4318927.243, 138
Trd, 4318927.743, 139
Trd, 4318929.843, 140
Trd, 4318931.143, 140
Trd, 4318931.343, 140
Trd, 4318933.043, 140
Trd, 4318933.993, 138
Trd, 4318934.043, 137
Trd, 4318935.393, 137
Trd, 4318936.893, 140
Trd, 4318937.693, 140
Trd, 4318938.493, 140
Trd, 4318938.943, 132
Trd, 4318940.393, 140
Trd, 4318941.693, 140
Trd, 4318942.343, 140
Trd, 4318942.743, 140
Trd, 4318944.243, 140
Trd, 4318944.843, 140
Trd, 4318945.693, 134
Trd, 4318945.743, 129
Trd, 4318947.393, 140
Trd, 4318949.343, 140
Trd, 4318949.493, 140
Trd, 4318950.543, 139
Trd, 4318950.993, 139
Trd, 4318951.643, 137
Trd, 4318952.193, 139
Trd, 4318954.093, 140
Trd, 4318954.893, 140
Trd, 4318954.993, 110
Trd, 4318955.643, 137
Trd, 4318956.693, 113
Trd, 4318957.593, 91
Trd, 4318957.993, 61
Trd, 4318958.543, 62
Trd, 4318958.743, 88
Trd, 4318958.793, 92
Trd, 4318960.493, 69
Trd, 4318960.593, 67
Trd, 4318962.493, 121
Trd, 4318963.293, 140
Trd, 4318964.343, 140
Trd, 4318964.843, 114
Trd, 4318965.893, 139
Trd, 4318966.593, 140
Trd, 4318966.893, 130
Trd, 4318967.343, 116
Trd, 4318967.493, 123
Trd, 4318969.043, 139
Trd, 4318969.743, 140
Trd, 4318970.993, 139
Trd, 4318971.993, 129
Trd, 4318973.643, 140
Trd, 4318974.593, 140
Trd, 4318975.093, 138
Trd, 4318975.543, 139
Trd, 4318975.893, 140
Trd, 4318977.543, 140
Trd, 4318978.143, 140
Trd, 4318979.293, 140
Trd, 4318981.093, 140
Trd, 4318981.343, 140
Trd, 4318981.793, 139
Trd, 4318982.643, 118
Trd, 4318982.893, 125
Trd, 4318984.443, 138
Trd, 4318984.793, 135
Trd, 4318985.193, 134
Trd, 4318985.343, 133
Trd, 4318986.293, 132
Trd, 4318987.693, 140
Trd, 4318987.843, 140
Trd, 4318988.893, 140
Trd, 4318989.543, 140
Trd, 4318991.093, 140
Trd, 4318991.343, 140
Trd, 4318993.043, 140
Trd, 4318995.193, 140
Trd, 4318996.043, 140
Trd, 4318997.793, 140
Trd, 4318998.743, 140
Trd, 4319000.443, 140
Trd, 4319000.743, 140
Trd, 4319000.893, 140
Trd, 4319001.193, 138
Trd, 4319001.393, 140
Trd, 4319002.343, 138
Trd, 4319003.543, 138
Trd, 4319004.243, 137
Trd, 4319004.393, 133
Trd, 4319005.693, 139
Trd, 4319007.843, 140
Trd, 4319007.943, 140
Trd, 4319008.793, 134
Trd, 4319008.993, 127
Trd, 4319013.093, 140
Trd, 4319014.093, 140
Trd, 4319014.443, 140
Trd, 4319015.843, 140
Trd, 4319016.443, 140
Trd, 4319017.743, 140
Trd, 4319018.993, 140
Trd, 4319019.293, 138
Trd, 4319020.043, 140
Trd, 4319020.593, 140
Trd, 4319023.243, 140
Trd, 4319023.893, 140
Trd, 4319025.393, 140
Trd, 4319025.543, 139
Trd, 4319026.043, 140
Trd, 4319026.093, 136
Trd, 4319027.243, 140
Trd, 4319027.893, 132
Trd, 4319028.543, 132
Trd, 4319029.643, 140
Trd, 4319030.293, 139
Trd, 4319031.493, 130
Trd, 4319031.643, 140
Trd, 4319032.293, 135
Trd, 4319033.293, 85
Trd, 4319035.743, 140
Trd, 4319036.643, 139
Trd, 4319036.693, 139
Trd, 4319037.493, 140
Trd, 4319039.493, 140
Trd, 4319039.593, 140
Trd, 4319039.893, 140
Trd, 4319040.143, 140
Trd, 4319042.293, 140
Trd, 4319042.993, 135
Trd, 4319043.393, 133
Trd, 4319044.193, 140
Trd, 4319045.243, 135
Trd, 4319046.193, 122
Trd, 4319046.293, 129
Trd, 4319047.143, 121
Trd, 4319047.743, 139
Trd, 4319048.543, 140
Trd, 4319049.343, 136
Trd, 4319049.843, 132
Trd, 4319051.993, 140
Trd, 4319052.243, 140
Trd, 4319054.943, 140
Trd, 4319055.593, 139
Trd, 4319055.643, 138
Trd, 4319058.293, 140
Trd, 4319059.593, 140
Trd, 4319061.293, 140
Trd, 4319061.893, 140
Trd, 4319062.043, 140
Trd, 4319062.943, 140
Trd, 4319063.443, 140
Trd, 4319063.593, 140
Trd, 4319064.143, 139
Trd, 4319064.793, 140
Trd, 4319065.943, 140
Trd, 4319066.343, 140
Trd, 4319066.643, 138
Trd, 4319068.193, 101
Trd, 4319069.043, 126
Trd, 4319069.093, 74
Trd, 4319069.243, 71
Trd, 4319069.443, 137
Trd, 4319069.743, 127
Trd, 4319071.243, 103
Trd, 4319074.343, 140
Trd, 4319075.093, 140
Trd, 4319075.993, 140
Trd, 4319076.493, 140
Trd, 4319077.493, 140
Trd, 4319077.593, 140
Trd, 4319078.543, 136
Trd, 4319079.593, 136
Trd, 4319083.093, 139
Trd, 4319083.193, 109
Trd, 4319083.293, 92
Trd, 4319083.643, 82
Trd, 4319084.393, 137
Trd, 4319084.993, 81
Trd, 4319085.493, 140
Trd, 4319087.943, 140
Trd, 4319089.543, 140
Trd, 4319090.593, 140
Trd, 4319092.243, 140
Trd, 4319092.293, 140
Trd, 4319093.143, 140
Trd, 4319094.243, 140
Trd, 4319095.143, 139
Trd, 4319095.993, 140
Trd, 4319098.543, 140
Trd, 4319098.593, 139
Trd, 4319100.093, 140
Trd, 4319101.243, 140
Trd, 4319101.943, 140
Trd, 4319102.343, 140
Trd, 4319102.893, 140
Trd, 4319103.593, 140
Trd, 4319103.693, 140
Trd, 4319103.793, 135
Trd, 4319106.643, 140
Trd, 4319106.743, 140
Trd, 4319106.843, 140
Trd, 4319107.443, 140
Trd, 4319108.293, 71
Trd, 4319109.743, 138
Trd, 4319109.843, 123
Trd, 4319110.843, 106
Trd, 4319111.293, 76
Trd, 4319112.443, 60
Trd, 4319112.693, 60
Trd, 4319113.093, 61
Trd, 4319113.193, 63
Trd, 4319113.393, 64
Trd, 4319114.593, 61
Trd, 4319116.043, 70
Trd, 4319116.343, 103
Trd, 4319118.043, 71
Trd, 4319118.343, 76
Trd, 4319119.093, 78
Trd, 4319119.693, 82
Trd, 4319120.693, 83
Trd, 4319121.243, 60
Trd, 4319122.593, 74
Trd, 4319122.993, 140
Trd, 4319123.943, 140
Trd, 4319124.543, 140
Trd, 4319126.593, 140
Trd, 4319128.443, 140
Trd, 4319131.293, 140
Trd, 4319131.343, 140
Trd, 4319133.093, 140
Trd, 4319134.243, 140
Trd, 4319134.593, 140
Trd, 4319137.543, 140
Trd, 4319137.593, 140
Trd, 4319139.693, 140
Trd, 4319140.743, 140
Trd, 4319141.543, 140
Trd, 4319142.543, 140
Trd, 4319143.843, 140
Trd, 4319144.893, 140
Trd, 4319146.043, 140
Trd, 4319146.193, 139
Trd, 4319146.693, 114
Trd, 4319146.993, 61
Trd, 4319147.443, 62
Trd, 4319147.893, 103
Trd, 4319148.343, 112
Trd, 4319148.793, 92
Trd, 4319149.093, 129
Trd, 4319149.843, 118
Trd, 4319150.143, 140
Trd, 4319150.893, 117
Trd, 4319152.343, 139
Trd, 4319153.393, 129
Trd, 4319153.543, 127
Trd, 4319153.793, 134
Trd, 4319154.093, 117
Trd, 4319154.493, 118
Trd, 4319155.043, 123
Trd, 4319156.493, 70
Trd, 4319157.243, 137
Trd, 4319158.293, 123
Trd, 4319159.893, 140
Trd, 4319162.043, 140
Trd, 4319162.493, 140
Trd, 4319162.993, 140
Trd, 4319163.843, 138
Trd, 4319164.943, 140
Trd, 4319166.093, 140
Trd, 4319167.793, 140
Trd, 4319167.843, 134
Trd, 4319168.693, 102
Trd, 4319170.093, 139
Trd, 4319173.243, 140
Trd, 4319173.943, 140
Trd, 4319174.643, 140
Trd, 4319175.243, 140
Trd, 4319176.443, 139
Trd, 4319178.243, 140
Trd, 4319178.493, 140
Trd, 4319178.693, 140
Trd, 4319179.393, 139
Trd, 4319180.093, 140
Trd, 4319180.693, 139
Trd, 4319182.393, 140
Trd, 4319184.643, 140
Trd, 4319185.093, 140
Trd, 4319185.243, 140
Trd, 4319185.293, 139
Trd, 4319187.243, 140
Trd, 4319188.493, 140
Trd, 4319188.693, 140
Trd, 4319189.043, 140
Trd, 4319189.843, 140
Trd, 4319190.093, 140
Trd, 4319190.543, 139
Trd, 4319191.893, 124
Trd, 4319194.143, 129
Trd, 4319194.343, 127
Trd, 4319194.543, 124
Trd, 4319194.793, 130
Trd, 4319195.643, 138
Trd, 4319197.743, 140
Trd, 4319198.293, 139
Trd, 4319198.343, 134
Trd, 4319198.443, 131
Trd, 4319199.443, 140
Trd, 4319199.693, 140
Trd, 4319201.043, 132
Trd, 4319202.043, 139
Trd, 4319203.293, 138
Trd, 4319203.993, 140
Trd, 4319205.043, 140
Trd, 4319205.143, 140
Trd, 4319205.943, 140
Trd, 4319206.993, 140
Trd, 4319207.693, 140
Trd, 4319207.993, 140
Trd, 4319209.993, 140
Trd, 4319210.543, 140
Trd, 4319210.993, 140
Trd, 4319211.843, 139
Trd, 4319212.343, 140
Trd, 4319213.693, 134
Trd, 4319214.843, 135
Trd, 4319216.443, 128
Trd, 4319220.293, 140
Trd, 4319220.493, 140
Trd, 4319220.593, 138
Trd, 4319220.743, 133
Trd, 4319222.643, 140
Trd, 4319223.193, 140
Trd, 4319223.293, 138
Trd, 4319224.293, 140
Trd, 4319224.693, 140
Trd, 4319224.943, 138
Trd, 4319226.343, 139
Trd, 4319226.593, 137
Trd, 4319227.243, 124
Trd, 4319227.743, 121
Trd, 4319229.043, 140
Trd, 4319230.443, 140
Trd, 4319231.343, 140
Trd, 4319232.943, 140
Trd, 4319234.143, 140
Trd, 4319234.393, 140
Trd, 4319234.743, 140
Trd, 4319236.093, 140
Trd, 4319236.993, 139
Trd, 4319237.543, 140
Trd, 4319239.793, 140
Trd, 4319240.793, 140
Trd, 4319240.943, 140
Trd, 4319241.093, 140
Trd, 4319241.293, 140
Trd, 4319241.743, 136
Trd, 4319242.993, 139
Trd, 4319245.143, 136
Trd, 4319246.593, 140
Trd, 4319246.793, 140
Trd, 4319248.943, 140
Trd, 4319249.843, 140
Trd, 4319250.143, 140
Trd, 4319250.643, 139
Trd, 4319252.043, 140
Trd, 4319252.793, 139
Trd, 4319253.293, 140
Trd, 4319254.693, 140
Trd, 4319255.293, 140
Trd, 4319255.893, 140
Trd, 4319256.093, 140
Trd, 4319256.493, 139
Trd, 4319258.293, 140
Trd, 4319258.593, 140
Trd, 4319258.843, 139
Trd, 4319259.043, 120
Trd, 4319259.643, 137
Trd, 4319260.343, 140
Trd, 4319261.443, 89
Trd, 4319261.843, 140
Trd, 4319262.593, 140
Trd, 4319265.593, 140
Trd, 4319266.593, 140
Trd, 4319266.643, 140
Trd, 4319267.343, 140
Trd, 4319268.843, 140
Trd, 4319270.243, 140
Trd, 4319271.143, 140
Trd, 4319273.043, 140
Trd, 4319273.393, 140
Trd, 4319274.943, 140
Trd, 4319275.993, 140
Trd, 4319276.793, 140
Trd, 4319277.093, 140
Trd, 4319277.993, 140
Trd, 4319278.443, 140
Trd, 4319278.543, 140
Trd, 4319280.493, 140
Trd, 4319281.293, 140
Trd, 4319281.343, 140
Trd, 4319281.993, 139
Trd, 4319282.493, 137
Trd, 4319284.293, 140
Trd, 4319285.243, 140
Trd, 4319286.243, 139
Trd, 4319287.593, 138
Trd, 4319288.443, 133
Trd, 4319288.993, 140
Trd, 4319289.343, 139
Trd, 4319289.593, 139
Trd, 4319290.293, 136
Trd, 4319293.343, 140
Trd, 4319293.393, 140
Trd, 4319293.493, 140
Trd, 4319296.343, 140
Trd, 4319296.793, 140
Trd, 4319296.993, 140
Trd, 4319297.443, 140
Trd, 4319298.193, 140
Trd, 4319298.343, 136
Trd, 4319298.843, 127
Trd, 4319299.993, 138
Trd, 4319300.043, 104
Trd, 4319300.143, 102
Trd, 4319301.993, 140
Trd, 4319302.343, 140
Trd, 4319302.493, 140
Trd, 4319303.193, 140
Trd, 4319304.343, 140
Trd, 4319304.443, 140
Trd, 4319305.793, 132
Trd, 4319306.793, 136
Trd, 4319309.943, 140
Trd, 4319311.943, 140
Trd, 4319312.293, 140
Trd, 4319312.593, 140
Trd, 4319312.893, 118
Trd, 4319313.593, 132
Trd, 4319314.993, 140
Trd, 4319315.543, 140
Trd, 4319315.893, 140
Trd, 4319316.043, 139
Trd, 4319316.143, 138
Trd, 4319317.443, 140
Trd, 4319317.993, 113
Trd, 4319318.693, 94
Trd, 4319319.193, 93
Trd, 4319319.693, 92
Trd, 4319321.443, 140
Trd, 4319321.493, 138
Trd, 4319324.093, 140
Trd, 4319324.443, 139
Trd, 4319324.643, 126
Trd, 4319325.493, 140
Trd, 4319326.493, 140
Trd, 4319329.043, 140
Trd, 4319330.243, 140
Trd, 4319330.393, 140
Trd, 4319330.493, 140
Trd, 4319330.943, 140
Trd, 4319331.693, 140
Trd, 4319332.593, 140
Trd, 4319333.443, 140
Trd, 4319333.543, 103
Trd, 4319334.493, 136
Trd, 4319336.443, 106
Trd, 4319336.743, 140
Trd, 4319338.693, 140
Trd, 4319340.093, 140
Trd, 4319340.343, 140
Trd, 4319341.043, 140
Trd, 4319341.893, 140
Trd, 4319343.543, 139
Trd, 4319344.343, 140
Trd, 4319344.893, 139
Trd, 4319345.143, 140
Trd, 4319345.393, 111
Trd, 4319347.193, 140
Trd, 4319347.843, 140
Trd, 4319348.493, 140
Trd, 4319350.793, 140
Trd, 4319351.343, 140
Trd, 4319351.993, 140
Trd, 4319353.843, 140
Trd, 4319356.593, 140
Trd, 4319356.693, 140
Trd, 4319357.493, 140
Trd, 4319358.193, 139
Trd, 4319360.943, 140
Trd, 4319361.293, 140
Trd, 4319361.493, 140
Trd, 4319362.343, 140
Trd, 4319362.843, 139
Trd, 4319363.843, 140
Trd, 4319364.243, 139
Trd, 4319365.493, 140
Trd, 4319365.643, 135
Trd, 4319366.493, 140
Trd, 4319366.843, 140
Trd, 4319367.043, 138
Trd, 4319368.343, 125
Trd, 4319369.593, 138
Trd, 4319370.443, 128
Trd, 4319371.343, 139
Trd, 4319372.193, 140
Trd, 4319372.743, 140
Trd, 4319373.493, 140
Trd, 4319376.193, 140
Trd, 4319376.293, 140
Trd, 4319376.543, 140
Trd, 4319377.993, 140
Trd, 4319378.243, 139
Trd, 4319379.043, 131
Trd, 4319379.193, 130
Trd, 4319380.343, 138
Trd, 4319382.643, 140
Trd, 4319382.693, 139
Trd, 4319382.843, 106
Trd, 4319384.393, 106
Trd, 4319384.643, 121
Trd, 4319384.843, 96
Trd, 4319386.543, 140
Trd, 4319386.993, 140
Trd, 4319387.343, 140
Trd, 4319387.893, 137
Trd, 4319389.543, 139
Trd, 4319390.993, 135
Trd, 4319391.243, 109
Trd, 4319391.693, 126
Trd, 4319393.593, 140
Trd, 4319394.043, 140
Trd, 4319394.693, 139
Trd, 4319396.143, 140
Trd, 4319396.543, 140
Trd, 4319396.793, 140
Trd, 4319397.543, 123
Trd, 4319398.593, 140
Trd, 4319398.793, 138
Trd, 4319398.843, 137
Trd, 4319401.393, 139
Trd, 4319403.743, 140
Trd, 4319403.843, 140
Trd, 4319406.443, 140
Trd, 4319407.243, 140
Trd, 4319407.393, 138
Trd, 4319407.743, 140
Trd, 4319408.343, 139
Trd, 4319410.143, 140
Trd, 4319410.543, 140
Trd, 4319411.393, 140
Trd, 4319412.893, 137
Trd, 4319413.093, 122
Trd, 4319413.343, 122
Trd, 4319413.593, 136
Trd, 4319414.043, 139
Trd, 4319414.843, 107
Trd, 4319414.893, 91
Trd, 4319415.343, 63
Trd, 4319416.193, 119
Trd, 4319418.193, 140
Trd, 4319420.243, 140
Trd, 4319421.093, 140
Trd, 4319421.793, 140
Trd, 4319422.743, 140
Trd, 4319424.793, 140
Trd, 4319424.893, 139
Trd, 4319427.593, 140
Trd, 4319428.193, 140
Trd, 4319428.743, 140
Trd, 4319429.093, 140
Trd, 4319429.543, 140
Trd, 4319430.543, 129
Trd, 4319432.593, 140
Trd, 4319433.593, 140
Trd, 4319434.343, 140
Trd, 4319436.143, 140
Trd, 4319437.793, 140
Trd, 4319438.393, 140
Trd, 4319438.543, 140
Trd, 4319438.943, 138
Trd, 4319439.443, 137
Trd, 4319440.643, 140
Trd, 4319441.843, 140
Trd, 4319443.393, 140
Trd, 4319443.543, 140
Trd, 4319445.243, 140
Trd, 4319445.793, 139
Trd, 4319446.443, 140
Trd, 4319447.293, 140
Trd, 4319447.943, 140
Trd, 4319450.293, 140
Trd, 4319452.843, 140
Trd, 4319453.793, 140
Trd, 4319453.943, 139
Trd, 4319454.343, 139
Trd, 4319455.593, 139
Trd, 4319457.543, 139
Trd, 4319457.743, 139
Trd, 4319459.143, 140
Trd, 4319460.293, 140
Trd, 4319460.893, 140
Trd, 4319461.593, 140
Trd, 4319462.493, 140
Trd, 4319462.943, 99
Trd, 4319463.093, 85
Trd, 4319466.243, 140
Trd, 4319467.493, 140
Trd, 4319467.643, 140
Trd, 4319467.693, 140
Trd, 4319469.943, 140
Trd, 4319471.243, 140
Trd, 4319472.293, 140
Trd, 4319472.443, 140
Trd, 4319472.543, 140
Trd, 4319473.893, 133
Trd, 4319475.343, 128
Trd, 4319476.643, 140
Trd, 4319477.093, 140
Trd, 4319477.343, 139
Trd, 4319479.143, 135
Trd, 4319479.793, 120
Trd, 4319480.793, 121
Trd, 4319481.543, 130
Trd, 4319482.243, 140
Trd, 4319483.393, 140
Trd, 4319484.093, 140
Trd, 4319484.193, 139
Trd, 4319487.493, 140
Trd, 4319487.643, 140
Trd, 4319489.043, 140
Trd, 4319489.093, 140
Trd, 4319490.393, 140
Trd, 4319491.093, 140
Trd, 4319492.793, 140
Trd, 4319493.343, 140
Trd, 4319494.043, 138
Trd, 4319494.893, 137
Trd, 4319495.243, 135
Trd, 4319495.343, 135
Trd, 4319495.593, 100
Trd, 4319496.043, 101
Trd, 4319496.593, 140
Trd, 4319496.843, 120
Trd, 4319498.193, 103
Trd, 4319499.593, 140
Trd, 4319501.993, 140
Trd, 4319502.193, 139
Trd, 4319504.893, 140
Trd, 4319505.843, 140
Trd, 4319506.343, 140
Trd, 4319506.743, 140
Trd, 4319507.243, 140
Trd, 4319509.093, 140
Trd, 4319509.143, 140
Trd, 4319509.343, 140
Trd, 4319509.543, 139
Trd, 4319512.743, 140
Trd, 4319512.843, 140
Trd, 4319513.993, 137
Trd, 4319514.143, 112
Trd, 4319515.443, 137
Trd, 4319516.143, 140
Trd, 4319518.143, 140
Trd, 4319518.193, 139
Trd, 4319518.993, 136
Trd, 4319519.193, 134
Trd, 4319519.293, 138
Trd, 4319522.293, 140
Trd, 4319522.493, 140
Trd, 4319522.843, 139
Trd, 4319523.293, 140
Trd, 4319523.393, 139
Trd, 4319525.393, 140
Trd, 4319526.593, 140
Trd, 4319526.693, 140
Trd, 4319527.043, 140
Trd, 4319527.593, 139
Trd, 4319528.743, 132
Trd, 4319531.793, 140
Trd, 4319532.043, 140
Trd, 4319532.293, 140
Trd, 4319532.893, 140
Trd, 4319535.543, 140
Trd, 4319535.943, 136
Trd, 4319537.593, 140
Trd, 4319537.643, 138
Trd, 4319538.093, 128
Trd, 4319539.893, 140
Trd, 4319540.393, 140
Trd, 4319540.693, 139
Trd, 4319541.043, 136
Trd, 4319541.743, 85
Trd, 4319542.693, 60
Trd, 4319543.043, 61
Trd, 4319543.593, 104
Trd, 4319543.793, 97
Trd, 4319543.943, 105
Trd, 4319544.993, 121
Trd, 4319549.043, 140
Trd, 4319549.143, 140
Trd, 4319549.243, 140
Trd, 4319550.043, 139
Trd, 4319550.243, 139
Trd, 4319551.793, 137
Trd, 4319553.493, 140
Trd, 4319553.743, 94
Trd, 4319555.143, 140
Trd, 4319555.293, 140
Trd, 4319557.343, 140
Trd, 4319558.093, 140
Trd, 4319558.443, 139
Trd, 4319558.493, 138
Trd, 4319558.543, 112
Trd, 4319558.593, 89
Trd, 4319559.693, 140
Trd, 4319560.343, 140
Trd, 4319561.893, 140
Trd, 4319562.043, 139
Trd, 4319562.793, 129
Trd, 4319563.643, 125
Trd, 4319564.843, 140
Trd, 4319565.593, 140
Trd, 4319566.593, 140
Trd, 4319567.393, 139
Trd, 4319567.443, 138
Trd, 4319568.293, 140
Trd, 4319568.343, 140
Trd, 4319569.893, 140
Trd, 4319570.043, 121
Trd, 4319571.143, 140
Trd, 4319572.643, 140
Trd, 4319574.893, 140
Trd, 4319575.043, 140
Trd, 4319576.543, 140
Trd, 4319576.593, 140
Trd, 4319577.843, 140
Trd, 4319577.893, 138
Trd, 4319578.543, 139
Trd, 4319579.893, 139
Trd, 4319580.093, 133
Trd, 4319580.943, 140
Trd, 4319582.293, 140
Trd, 4319583.343, 140
Trd, 4319585.193, 140
Trd, 4319585.593, 140
Trd, 4319587.243, 140
Trd, 4319587.343, 135
Trd, 4319587.843, 140
Trd, 4319590.093, 140
Trd, 4319591.243, 140
Trd, 4319591.843, 140
Trd, 4319592.793, 140
Trd, 4319592.993, 140
Trd, 4319594.293, 140
Trd, 4319594.443, 140
Trd, 4319595.393, 140
Trd, 4319595.993, 140
Trd, 4319596.693, 140
Trd, 4319597.543, 140
Trd, 4319598.143, 140
Trd, 4319599.893, 140
Trd, 4319600.493, 140
Trd, 4319601.593, 140
Trd, 4319603.643, 140
Trd, 4319604.143, 140
Trd, 4319605.843, 140
Trd, 4319606.093, 140
Trd, 4319606.143, 140
Trd, 4319606.793, 140
Trd, 4319607.293, 113
Trd, 4319607.643, 105
Trd, 4319609.143, 140
Trd, 4319609.793, 140
Trd, 4319611.093, 140
Trd, 4319612.043, 140
Trd, 4319612.093, 140
Trd, 4319613.743, 140
Trd, 4319614.943, 137
Trd, 4319615.493, 134
Trd, 4319616.593, 140
Trd, 4319616.643, 139
Trd, 4319617.743, 122
Trd, 4319618.193, 139
Trd, 4319618.843, 121
Trd, 4319619.443, 137
Trd, 4319620.843, 114
Trd, 4319620.943, 112
Trd, 4319621.843, 139
Trd, 4319623.143, 133
Trd, 4319623.193, 132
Trd, 4319625.243, 140
Trd, 4319625.343, 135
Trd, 4319626.443, 140
Trd, 4319626.793, 140
Trd, 4319628.443, 140
Trd, 4319629.193, 140
Trd, 4319632.493, 140
Trd, 4319632.943, 140
Trd, 4319633.493, 140
Trd, 4319634.943, 140
Trd, 4319636.143, 140
Trd, 4319636.893, 140
Trd, 4319637.093, 140
Trd, 4319637.843, 140
Trd, 4319638.293, 139
Trd, 4319639.093, 139
Trd, 4319640.243, 140
Trd, 4319640.693, 115
Trd, 4319640.943, 140
Trd, 4319642.043, 140
Trd, 4319642.293, 140
Trd, 4319642.993, 117
Trd, 4319644.443, 113
Trd, 4319644.543, 114
Trd, 4319648.243, 140
Trd, 4319648.293, 140
Trd, 4319648.543, 139
Trd, 4319649.593, 140
Trd, 4319649.643, 129
Trd, 4319649.743, 72
Trd, 4319650.093, 139
Trd, 4319650.743, 139
Trd, 4319650.943, 138
Trd, 4319652.243, 140
Trd, 4319653.393, 140
Trd, 4319653.893, 140
Trd, 4319655.743, 140
Trd, 4319656.043, 140
Trd, 4319657.243, 140
Trd, 4319658.743, 140
Trd, 4319658.943, 140
Trd, 4319659.293, 139
Trd, 4319660.843, 132
Trd, 4319661.243, 136
Trd, 4319661.693, 140
Trd, 4319661.793, 137
Trd, 4319662.193, 136
Trd, 4319664.293, 140
Trd, 4319664.343, 139
Trd, 4319666.193, 140
Trd, 4319666.443, 140
Trd, 4319666.593, 138
Trd, 4319667.043, 108
Trd, 4319669.043, 140
Trd, 4319669.893, 140
Trd, 4319670.093, 140
Trd, 4319670.743, 140
Trd, 4319671.043, 139
Trd, 4319671.743, 140
Trd, 4319671.893, 139
Trd, 4319673.693, 140
Trd, 4319674.043, 136
Trd, 4319675.893, 139
Trd, 4319675.993, 109
Trd, 4319676.393, 109
Trd, 4319676.793, 131
Trd, 4319679.093, 140
Trd, 4319679.843, 140
Trd, 4319679.893, 140
Trd, 4319680.143, 140
Trd, 4319680.693, 139
Trd, 4319681.393, 119
Trd, 4319682.543, 135
Trd, 4319684.093, 140
Trd, 4319684.843, 140
Trd, 4319686.043, 140
Trd, 4319686.143, 140
Trd, 4319688.943, 140
Trd, 4319689.143, 138
Trd, 4319689.593, 137
Trd, 4319689.693, 136
Trd, 4319690.293, 100
Trd, 4319690.743, 78
Trd, 4319690.943, 72
Trd, 4319691.243, 137
Trd, 4319695.193, 140
Trd, 4319695.843, 140
Trd, 4319696.743, 140
Trd, 4319697.743, 140
Trd, 4319697.893, 140
Trd, 4319699.493, 140
Trd, 4319700.443, 140
Trd, 4319700.743, 140
Trd, 4319701.643, 140
Trd, 4319702.993, 140
Trd, 4319703.343, 140
Trd, 4319707.593, 140
Trd, 4319709.893, 140
Trd, 4319710.593, 140
Trd, 4319710.743, 140
Trd, 4319711.243, 140
Trd, 4319712.643, 140
Trd, 4319713.243, 139
Trd, 4319714.843, 140
Trd, 4319714.993, 140
Trd, 4319717.343, 140
Trd, 4319718.393, 140
Trd, 4319718.493, 140
Trd, 4319718.643, 139
Trd, 4319719.943, 140
Trd, 4319719.993, 140
Trd, 4319720.593, 140
Trd, 4319720.643, 129
Trd, 4319723.143, 140
Trd, 4319723.493, 139
Trd, 4319724.143, 140
Trd, 4319725.693, 140
Trd, 4319726.343, 140
Trd, 4319727.043, 138
Trd, 4319727.543, 121
Trd, 4319728.243, 116
Trd, 4319728.943, 121
Trd, 4319730.093, 140
Trd, 4319731.043, 140
Trd, 4319731.643, 140
Trd, 4319733.693, 137
Trd, 4319733.993, 140
Trd, 4319734.543, 133
Trd, 4319734.593, 132
Trd, 4319735.443, 131
Trd, 4319735.593, 130
Trd, 4319737.093, 140
Trd, 4319737.743, 140
Trd, 4319737.893, 139
Trd, 4319738.693, 139
Trd, 4319740.043, 140
Trd, 4319740.993, 140
Trd, 4319741.493, 140
Trd, 4319742.643, 140
Trd, 4319743.593, 140
Trd, 4319746.093, 140
Trd, 4319747.793, 140
Trd, 4319747.993, 140
Trd, 4319749.243, 140
Trd, 4319750.493, 140
Trd, 4319751.493, 140
Trd, 4319751.893, 140
Trd, 4319752.093, 140
Trd, 4319755.293, 140
Trd, 4319755.693, 140
Trd, 4319756.493, 140
Trd, 4319757.043, 140
Trd, 4319757.443, 140
Trd, 4319757.593, 139
Trd, 4319757.893, 139
Trd, 4319759.793, 140
Trd, 4319760.643, 140
Trd, 4319761.093, 140
Trd, 4319762.143, 140
Trd, 4319763.243, 140
Trd, 4319763.993, 140
Trd, 4319764.893, 140
Trd, 4319767.093, 140
Trd, 4319767.693, 140
Trd, 4319769.793, 140
Trd, 4319770.093, 140
Trd, 4319770.243, 140
Trd, 4319771.243, 138
Trd, 4319771.793, 139
Trd, 4319772.943, 140
Trd, 4319773.093, 139
Trd, 4319774.943, 125
Trd, 4319775.093, 133
Trd, 4319775.143, 134
Trd, 4319775.443, 125
Trd, 4319776.243, 115
Trd, 4319776.943, 120
Trd, 4319779.043, 138
Trd, 4319779.093, 137
Trd, 4319781.693, 140
Trd, 4319781.943, 140
Trd, 4319782.293, 139
Trd, 4319782.843, 139
Trd, 4319784.293, 140
Trd, 4319784.543, 139
Trd, 4319784.693, 122
Trd, 4319784.843, 140
Trd, 4319786.443, 140
Trd, 4319788.993, 140
Trd, 4319789.093, 140
Trd, 4319790.293, 140
Trd, 4319790.843, 140
Trd, 4319792.543, 140
Trd, 4319793.243, 140
Trd, 4319793.843, 140
Trd, 4319794.043, 140
Trd, 4319794.993, 128
Trd, 4319796.093, 137
Trd, 4319798.543, 140
Trd, 4319798.843, 139
Trd, 4319799.343, 140
Trd, 4319800.293, 140
Trd, 4319802.243, 140
Trd, 4319802.393, 140
Trd, 4319803.543, 140
Trd, 4319803.593, 140
Trd, 4319804.943, 140
Trd, 4319806.443, 140
Trd, 4319806.943, 140
Trd, 4319807.593, 140
Trd, 4319807.693, 140
Trd, 4319808.943, 138
Trd, 4319809.293, 126
Trd, 4319809.643, 128
Trd, 4319810.193, 136
Trd, 4319810.793, 140
Trd, 4319810.843, 140
Trd, 4319811.493, 140
Trd, 4319814.043, 140
Trd, 4319814.143, 140
Trd, 4319815.693, 140
Trd, 4319816.793, 140
Trd, 4319817.643, 140
Trd, 4319818.093, 140
Trd, 4319820.293, 140
Trd, 4319820.493, 140
Trd, 4319821.543, 140
Trd, 4319822.193, 138
Trd, 4319822.943, 140
Trd, 4319823.043, 139
Trd, 4319823.093, 124
Trd, 4319823.943, 140
Trd, 4319824.993, 140
Trd, 4319826.393, 140
Trd, 4319826.593, 140
Trd, 4319828.993, 140
Trd, 4319829.393, 140
Trd, 4319829.493, 130
Trd, 4319831.043, 140
Trd, 4319835.243, 140
Trd, 4319835.393, 140
Trd, 4319835.643, 140
Trd, 4319835.893, 140
Trd, 4319836.143, 140
Trd, 4319836.943, 139
Trd, 4319837.193, 138
Trd, 4319839.443, 140
Trd, 4319839.693, 120
Trd, 4319839.943, 94
Trd, 4319840.693, 140
Trd, 4319841.443, 139
Trd, 4319842.193, 105
Trd, 4319844.193, 136
Trd, 4319846.393, 140
Trd, 4319846.543, 140
Trd, 4319846.743, 139
Trd, 4319847.093, 129
Trd, 4319847.243, 109
Trd, 4319849.043, 131
Trd, 4319849.943, 140
Trd, 4319851.093, 140
Trd, 4319851.243, 140
Trd, 4319852.443, 140
Trd, 4319853.893, 140
Trd, 4319855.543, 140
Trd, 4319855.743, 140
Trd, 4319856.243, 139
Trd, 4319856.693, 139
Trd, 4319857.293, 123
Trd, 4319857.393, 89
Trd, 4319858.793, 136
Trd, 4319858.893, 135
Trd, 4319859.643, 137
Trd, 4319860.593, 140
Trd, 4319861.893, 140
Trd, 4319862.493, 139
Trd, 4319863.443, 140
Trd, 4319864.793, 121
Trd, 4319866.543, 140
Trd, 4319867.243, 140
Trd, 4319867.843, 110
Trd, 4319869.243, 140
Trd, 4319869.643, 139
Trd, 4319870.693, 139
Trd, 4319872.093, 140
Trd, 4319872.443, 140
Trd, 4319873.293, 140
Trd, 4319874.643, 140
Trd, 4319875.343, 140
Trd, 4319877.493, 140
Trd, 4319878.043, 139
Trd, 4319878.743, 140
Trd, 4319879.393, 140
Trd, 4319881.243, 140
Trd, 4319881.343, 140
Trd, 4319883.693, 140
Trd, 4319884.793, 140
Trd, 4319885.543, 140
Trd, 4319885.743, 139
Trd, 4319886.193, 137
Trd, 4319886.743, 112
Trd, 4319887.293, 140
Trd, 4319889.143, 140
Trd, 4319889.243, 140
Trd, 4319889.843, 140
Trd, 4319890.193, 134
Trd, 4319891.893, 125
Trd, 4319892.143, 70
Trd, 4319893.393, 140
Trd, 4319893.493, 140
Trd, 4319894.793, 139
Trd, 4319895.043, 137
Trd, 4319895.743, 121
Trd, 4319896.693, 132
Trd, 4319898.093, 140
Trd, 4319898.293, 139
Trd, 4319898.743, 101
Trd, 4319899.443, 103
Trd, 4319900.793, 133
Trd, 4319901.943, 137
Trd, 4319902.843, 131
Trd, 4319903.643, 133
Trd, 4319905.043, 140
Trd, 4319905.143, 140
Trd, 4319906.093, 140
Trd, 4319906.593, 140
Trd, 4319906.993, 69
Trd, 4319907.793, 60
Trd, 4319908.243, 136
Trd, 4319910.093, 140
Trd, 4319910.693, 140
Trd, 4319910.793, 121
Trd, 4319912.893, 140
Trd, 4319913.243, 140
Trd, 4319914.693, 140
Trd, 4319914.943, 140
Trd, 4319916.793, 140
Trd, 4319916.943, 140
Trd, 4319917.493, 117
Trd, 4319918.493, 138
Trd, 4319919.343, 136
Trd, 4319919.393, 105
Trd, 4319919.643, 137
Trd, 4319920.743, 139
Trd, 4319922.143, 135
Trd, 4319922.293, 129
Trd, 4319923.393, 132
Trd, 4319924.943, 129
Trd, 4319926.043, 130
Trd, 4319926.593, 140
Trd, 4319927.043, 140
Trd, 4319927.793, 138
Trd, 4319928.893, 126
Trd, 4319929.443, 140
Trd, 4319930.343, 114
Trd, 4319930.643, 139
Trd, 4319930.843, 112
Trd, 4319936.043, 140
Trd, 4319936.893, 140
Trd, 4319937.293, 140
Trd, 4319937.893, 140
Trd, 4319938.993, 140
Trd, 4319939.043, 140
Trd, 4319939.343, 140
Trd, 4319939.493, 140
Trd, 4319939.693, 140
Trd, 4319939.843, 140
Trd, 4319940.743, 139
Trd, 4319941.593, 131
Trd, 4319942.243, 127
Trd, 4319943.993, 140
Trd, 4319944.193, 140
Trd, 4319945.743, 140
Trd, 4319947.293, 140
Trd, 4319947.543, 140
Trd, 4319948.143, 140
Trd, 4319949.543, 140
Trd, 4319951.143, 140
Trd, 4319952.143, 140
Trd, 4319952.543, 140
Trd, 4319954.943, 140
Trd, 4319955.693, 140
Trd, 4319955.743, 140
Trd, 4319956.293, 140
Trd, 4319959.493, 140
Trd, 4319960.043, 140
Trd, 4319961.093, 140
Trd, 4319961.343, 140
Trd, 4319961.993, 139
Trd, 4319962.493, 135
Trd, 4319962.843, 135
Trd, 4319962.893, 139
Trd, 4319966.493, 140
Trd, 4319966.543, 140
Trd, 4319967.843, 139
Trd, 4319968.943, 139
Trd, 4319969.593, 128
Trd, 4319969.893, 128
Trd, 4319971.393, 140
Trd, 4319972.143, 140
Trd, 4319972.543, 140
Trd, 4319973.593, 140
Trd, 4319974.793, 140
Trd, 4319975.193, 140
Trd, 4319975.493, 140
Trd, 4319976.193, 111
Trd, 4319977.343, 140
Trd, 4319979.393, 140
Trd, 4319979.743, 140
Trd, 4319980.793, 140
Trd, 4319980.893, 139
Trd, 4319981.743, 136
Trd, 4319982.343, 140
Trd, 4319982.743, 140
Trd, 4319983.293, 131
Trd, 4319983.693, 139
Trd, 4319983.993, 140
Trd, 4319986.643, 140
Trd, 4319987.393, 140
Trd, 4319988.443, 139
Trd, 4319988.743, 133
Trd, 4319988.943, 116
Trd, 4319988.993, 99
Trd, 4319991.843, 140
Trd, 4319992.693, 140
Trd, 4319993.543, 140
Trd, 4319993.643, 140
Trd, 4319993.893, 140
Trd, 4319995.143, 140
Trd, 4319995.343, 138
Trd, 4319996.743, 140
Trd, 4319997.093, 137
Trd, 4319997.443, 139
Trd, 4319997.943, 117
Trd, 4319999.693, 140
