Trd, 4318087.143, 140
Trd, 4318087.393, 140
Trd, 4318088.743, 140
Trd, 4318089.043, 140
Trd, 4318089.693, 138
Trd, 4318089.993, 85
Trd, 4318090.543, 135
Trd, 4318091.543, 139
Trd, 4318092.343, 96
Trd, 4318092.693, 135
Trd, 4318093.143, 133
Trd, 4318094.443, 98
Trd, 4318095.143, 127
Trd, 4318095.443, 124
Trd, 4318095.643, 95
Trd, 4318095.693, 128
Trd, 4318096.543, 120
Trd, 4318096.643, 135
Trd, 4318098.343, 140
Trd, 4318099.093, 140
Trd, 4318099.743, 60
Trd, 4318101.393, 64
Trd, 4318101.893, 64
Trd, 4318102.593, 60
Trd, 4318102.743, 61
Trd, 4318103.443, 71
Trd, 4318103.793, 72
Trd, 4318104.143, 140
Trd, 4318105.943, 60
Trd, 4318107.243, 62
Trd, 4318107.443, 63
Trd, 4318108.393, 60
Trd, 4318108.443, 60
Trd, 4318108.743, 68
Trd, 4318109.243, 64
Trd, 4318110.193, 70
Trd, 4318110.743, 64
Trd, 4318110.843, 90
Trd, 4318111.843, 118
Trd, 4318111.893, 116
Trd, 4318116.143, 140
Trd, 4318116.693, 140
Trd, 4318116.893, 140
Trd, 4318116.943, 140
Trd, 4318117.893, 140
Trd, 4318118.193, 140
Trd, 4318118.593, 140
Trd, 4318120.243, 140
Trd, 4318121.443, 140
Trd, 4318122.643, 140
Trd, 4318124.243, 140
Trd, 4318125.493, 140
Trd, 4318125.743, 139
Trd, 4318125.993, 138
Trd, 4318126.843, 140
Trd, 4318127.093, 115
Trd, 4318127.743, 139
Trd, 4318128.393, 137
Trd, 4318128.993, 130
Trd, 4318129.393, 64
Trd, 4318130.143, 64
Trd, 4318130.593, 135
Trd, 4318132.643, 140
Trd, 4318132.893, 140
Trd, 4318133.093, 139
Trd, 4318134.443, 65
Trd, 4318135.093, 62
Trd, 4318135.893, 64
Trd, 4318137.243, 61
Trd, 4318137.893, 60
Trd, 4318138.393, 61
Trd, 4318139.043, 67
Trd, 4318140.743, 73
Trd, 4318141.593, 67
Trd, 4318141.843, 62
Trd, 4318142.893, 69
Trd, 4318143.893, 120
Trd, 4318144.243, 108
Trd, 4318144.393, 67
Trd, 4318145.793, 124
Trd, 4318146.243, 77
Trd, 4318147.443, 140
Trd, 4318148.043, 140
Trd, 4318149.443, 140
Trd, 4318149.793, 140
Trd, 4318149.943, 140
Trd, 4318150.343, 138
Trd, 4318150.693, 134
Trd, 4318150.793, 115
Trd, 4318151.643, 136
Trd, 4318152.343, 140
Trd, 4318152.443, 134
Trd, 4318153.243, 140
Trd, 4318154.093, 140
Trd, 4318154.393, 140
Trd, 4318156.743, 140
Trd, 4318156.993, 111
Trd, 4318157.193, 139
Trd, 4318158.193, 139
Trd, 4318158.293, 72
Trd, 4318158.493, 140
Trd, 4318158.693, 139
Trd, 4318159.643, 139
Trd, 4318160.143, 61
Trd, 4318162.293, 140
Trd, 4318163.793, 140
Trd, 4318164.343, 140
Trd, 4318164.843, 140
Trd, 4318165.393, 140
Trd, 4318166.693, 140
Trd, 4318166.843, 140
Trd, 4318167.093, 140
Trd, 4318167.543, 140
Trd, 4318167.793, 139
Trd, 4318168.393, 140
Trd, 4318168.593, 139
Trd, 4318169.343, 140
Trd, 4318169.393, 96
Trd, 4318170.393, 75
Trd, 4318171.243, 140
Trd, 4318171.593, 140
Trd, 4318173.343, 64
Trd, 4318174.643, 66
Trd, 4318174.693, 94
Trd, 4318175.443, 92
Trd, 4318175.793, 94
Trd, 4318176.643, 86
Trd, 4318176.893, 89
Trd, 4318176.993, 91
Trd, 4318178.593, 140
Trd, 4318178.743, 140
Trd, 4318179.193, 140
Trd, 4318179.293, 140
Trd, 4318179.793, 138
Trd, 4318180.593, 139
Trd, 4318181.043, 90
Trd, 4318182.443, 139
Trd, 4318183.493, 139
Trd, 4318183.693, 126
Trd, 4318184.093, 126
Trd, 4318184.693, 140
Trd, 4318185.943, 140
Trd, 4318187.243, 140
Trd, 4318188.393, 140
Trd, 4318188.893, 140
Trd, 4318189.893, 140
Trd, 4318190.143, 140
Trd, 4318191.343, 140
Trd, 4318191.393, 140
Trd, 4318191.693, 136
Trd, 4318193.093, 140
Trd, 4318195.193, 140
Trd, 4318195.543, 140
Trd, 4318196.993, 140
Trd, 4318197.293, 140
Trd, 4318198.443, 140
Trd, 4318198.493, 140
Trd, 4318198.593, 140
Trd, 4318199.643, 139
Trd, 4318200.193, 140
Trd, 4318202.843, 140
Trd, 4318202.943, 140
Trd, 4318203.393, 140
Trd, 4318203.493, 140
Trd, 4318204.143, 140
Trd, 4318204.743, 137
Trd, 4318205.743, 138
Trd, 4318209.293, 140
Trd, 4318210.143, 140
Trd, 4318210.893, 140
Trd, 4318212.043, 140
Trd, 4318212.193, 140
Trd, 4318212.643, 140
Trd, 4318212.943, 140
Trd, 4318213.343, 140
Trd, 4318213.743, 140
Trd, 4318214.243, 140
Trd, 4318214.493, 139
Trd, 4318214.793, 120
Trd, 4318215.293, 140
Trd, 4318216.243, 140
Trd, 4318216.593, 60
Trd, 4318217.643, 140
Trd, 4318218.393, 138
Trd, 4318220.143, 140
Trd, 4318220.843, 140
Trd, 4318221.293, 140
Trd, 4318221.543, 140
Trd, 4318222.993, 140
Trd, 4318225.293, 140
Trd, 4318225.643, 140
Trd, 4318225.793, 140
Trd, 4318226.243, 140
Trd, 4318228.393, 140
Trd, 4318228.793, 140
Trd, 4318228.993, 140
Trd, 4318229.593, 140
Trd, 4318230.643, 140
Trd, 4318230.893, 140
Trd, 4318231.343, 140
Trd, 4318232.993, 140
Trd, 4318234.843, 140
Trd, 4318235.293, 140
Trd, 4318236.793, 140
Trd, 4318236.843, 140
Trd, 4318238.393, 140
Trd, 4318238.543, 140
Trd, 4318239.093, 140
Trd, 4318239.243, 140
Trd, 4318240.093, 140
Trd, 4318240.493, 140
Trd, 4318241.443, 140
Trd, 4318243.393, 140
Trd, 4318243.543, 140
Trd, 4318243.643, 140
Trd, 4318246.743, 140
Trd, 4318246.793, 140
Trd, 4318247.093, 140
Trd, 4318248.493, 140
Trd, 4318248.693, 140
Trd, 4318248.793, 140
Trd, 4318248.943, 140
Trd, 4318248.993, 138
Trd, 4318249.193, 139
Trd, 4318249.893, 140
Trd, 4318249.993, 139
Trd, 4318251.793, 139
Trd, 4318252.743, 138
Trd, 4318253.993, 139
Trd, 4318254.143, 138
Trd, 4318254.743, 136
Trd, 4318255.193, 136
Trd, 4318256.493, 140
Trd, 4318257.693, 140
Trd, 4318259.893, 140
Trd, 4318260.393, 140
Trd, 4318260.593, 140
Trd, 4318260.693, 140
Trd, 4318262.393, 140
Trd, 4318264.743, 140
Trd, 4318266.093, 140
Trd, 4318266.293, 140
Trd, 4318268.293, 140
Trd, 4318268.543, 140
Trd, 4318268.793, 140
Trd, 4318269.343, 140
Trd, 4318269.593, 140
Trd, 4318270.043, 139
Trd, 4318270.193, 140
Trd, 4318270.893, 100
Trd, 4318271.043, 102
Trd, 4318271.943, 71
Trd, 4318272.443, 140
Trd, 4318273.443, 126
Trd, 4318273.943, 83
Trd, 4318274.293, 115
Trd, 4318274.693, 83
Trd, 4318275.443, 127
Trd, 4318275.693, 84
Trd, 4318277.293, 140
Trd, 4318277.543, 139
Trd, 4318278.143, 140
Trd, 4318281.443, 140
Trd, 4318281.943, 140
Trd, 4318282.043, 139
Trd, 4318282.593, 140
Trd, 4318282.993, 140
Trd, 4318283.043, 140
Trd, 4318284.693, 140
Trd, 4318284.893, 140
Trd, 4318285.193, 140
Trd, 4318285.693, 140
Trd, 4318286.043, 135
Trd, 4318286.143, 110
Trd, 4318287.493, 90
Trd, 4318289.343, 140
Trd, 4318289.493, 140
Trd, 4318291.943, 140
Trd, 4318292.293, 140
Trd, 4318292.343, 139
Trd, 4318292.693, 138
Trd, 4318293.543, 140
Trd, 4318294.343, 140
Trd, 4318295.093, 140
Trd, 4318295.743, 140
Trd, 4318295.793, 139
Trd, 4318296.143, 137
Trd, 4318296.793, 139
Trd, 4318297.193, 138
Trd, 4318298.143, 112
Trd, 4318299.193, 60
Trd, 4318299.743, 61
Trd, 4318300.443, 64
Trd, 4318300.893, 140
Trd, 4318301.043, 136
Trd, 4318301.393, 140
Trd, 4318303.693, 140
Trd, 4318304.393, 140
Trd, 4318306.493, 140
Trd, 4318307.743, 140
Trd, 4318309.293, 140
Trd, 4318309.893, 139
Trd, 4318310.493, 138
Trd, 4318311.443, 64
Trd, 4318312.493, 139
Trd, 4318312.693, 140
Trd, 4318313.293, 139
Trd, 4318314.193, 140
Trd, 4318314.893, 65
Trd, 4318315.593, 128
Trd, 4318316.043, 140
Trd, 4318317.543, 139
Trd, 4318319.643, 140
Trd, 4318319.843, 140
Trd, 4318320.143, 139
Trd, 4318320.393, 139
Trd, 4318320.793, 66
Trd, 4318321.743, 139
Trd, 4318322.193, 140
Trd, 4318322.443, 110
Trd, 4318322.693, 109
Trd, 4318324.093, 62
Trd, 4318324.193, 63
Trd, 4318326.993, 60
Trd, 4318327.193, 60
Trd, 4318327.343, 60
Trd, 4318327.643, 60
Trd, 4318328.393, 60
Trd, 4318328.593, 60
Trd, 4318328.893, 137
Trd, 4318329.643, 62
Trd, 4318332.293, 140
Trd, 4318332.693, 140
Trd, 4318334.093, 140
Trd, 4318334.243, 140
Trd, 4318334.993, 140
Trd, 4318336.343, 140
Trd, 4318337.743, 140
Trd, 4318338.093, 138
Trd, 4318338.743, 138
Trd, 4318339.743, 140
Trd, 4318340.693, 140
Trd, 4318341.743, 140
Trd, 4318342.243, 140
Trd, 4318343.043, 140
Trd, 4318343.493, 140
Trd, 4318343.943, 139
Trd, 4318344.893, 140
Trd, 4318345.843, 140
Trd, 4318348.243, 140
Trd, 4318349.343, 140
Trd, 4318349.893, 140
Trd, 4318349.993, 140
Trd, 4318350.093, 140
Trd, 4318350.493, 140
Trd, 4318350.943, 140
Trd, 4318352.993, 140
Trd, 4318354.593, 140
Trd, 4318356.343, 140
Trd, 4318356.793, 140
Trd, 4318357.393, 140
Trd, 4318358.443, 140
Trd, 4318358.893, 140
Trd, 4318358.943, 140
Trd, 4318359.693, 140
Trd, 4318362.593, 140
Trd, 4318362.893, 140
Trd, 4318365.343, 140
Trd, 4318367.143, 140
Trd, 4318367.843, 140
Trd, 4318368.193, 140
Trd, 4318369.293, 140
Trd, 4318369.893, 140
Trd, 4318370.893, 140
Trd, 4318370.943, 140
Trd, 4318371.493, 140
Trd, 4318371.543, 140
Trd, 4318371.643, 140
Trd, 4318372.943, 140
Trd, 4318373.793, 140
Trd, 4318375.943, 140
Trd, 4318375.993, 140
Trd, 4318376.193, 139
Trd, 4318376.843, 86
Trd, 4318377.343, 139
Trd, 4318377.693, 140
Trd, 4318377.793, 140
Trd, 4318380.643, 60
Trd, 4318380.743, 60
Trd, 4318382.493, 140
Trd, 4318382.543, 138
Trd, 4318382.943, 140
Trd, 4318384.093, 140
Trd, 4318384.193, 139
Trd, 4318384.943, 140
Trd, 4318385.693, 140
Trd, 4318387.543, 140
Trd, 4318388.193, 140
Trd, 4318389.193, 140
Trd, 4318389.243, 140
Trd, 4318389.793, 61
Trd, 4318389.943, 61
Trd, 4318391.343, 61
Trd, 4318391.593, 60
Trd, 4318392.043, 70
Trd, 4318393.343, 70
Trd, 4318393.843, 66
Trd, 4318394.293, 60
Trd, 4318394.393, 70
Trd, 4318395.793, 70
Trd, 4318396.493, 67
Trd, 4318396.893, 66
Trd, 4318397.043, 71
Trd, 4318397.993, 136
Trd, 4318398.243, 126
Trd, 4318401.493, 140
Trd, 4318401.593, 140
Trd, 4318401.993, 139
Trd, 4318402.643, 138
Trd, 4318403.193, 136
Trd, 4318404.143, 96
Trd, 4318404.193, 131
Trd, 4318404.843, 135
Trd, 4318404.943, 133
Trd, 4318405.143, 78
Trd, 4318405.793, 105
Trd, 4318407.293, 62
Trd, 4318407.393, 67
Trd, 4318407.693, 79
Trd, 4318408.893, 90
Trd, 4318409.643, 140
Trd, 4318410.393, 140
Trd, 4318411.243, 139
Trd, 4318413.343, 140
Trd, 4318413.943, 140
Trd, 4318414.993, 140
Trd, 4318416.293, 140
Trd, 4318416.543, 140
Trd, 4318416.693, 139
Trd, 4318417.193, 140
Trd, 4318417.243, 140
Trd, 4318418.093, 62
Trd, 4318418.143, 140
Trd, 4318419.943, 61
Trd, 4318420.543, 70
Trd, 4318422.043, 62
Trd, 4318422.243, 60
Trd, 4318422.893, 62
Trd, 4318424.143, 140
Trd, 4318425.293, 140
Trd, 4318428.043, 140
Trd, 4318428.243, 140
Trd, 4318429.443, 140
Trd, 4318429.593, 140
Trd, 4318430.293, 140
Trd, 4318431.293, 140
Trd, 4318432.393, 140
Trd, 4318434.243, 140
Trd, 4318434.793, 140
Trd, 4318434.993, 140
Trd, 4318436.093, 140
Trd, 4318436.193, 140
Trd, 4318436.993, 140
Trd, 4318437.393, 140
Trd, 4318437.793, 140
Trd, 4318438.143, 139
Trd, 4318438.243, 139
Trd, 4318439.143, 138
Trd, 4318439.843, 123
Trd, 4318440.043, 83
Trd, 4318440.093, 139
Trd, 4318441.593, 61
Trd, 4318441.943, 134
Trd, 4318442.143, 135
Trd, 4318443.843, 62
Trd, 4318443.893, 63
Trd, 4318446.093, 60
Trd, 4318446.293, 60
Trd, 4318446.393, 60
Trd, 4318446.493, 60
Trd, 4318446.993, 63
Trd, 4318448.343, 61
Trd, 4318450.243, 61
Trd, 4318450.793, 61
Trd, 4318454.543, 140
Trd, 4318454.843, 140
Trd, 4318455.043, 140
Trd, 4318455.543, 140
Trd, 4318455.693, 140
Trd, 4318456.043, 140
Trd, 4318458.393, 140
Trd, 4318459.243, 140
Trd, 4318459.943, 140
Trd, 4318460.093, 140
Trd, 4318460.143, 140
Trd, 4318460.493, 140
Trd, 4318461.293, 140
Trd, 4318462.143, 140
Trd, 4318462.643, 140
Trd, 4318464.193, 132
Trd, 4318464.243, 133
Trd, 4318464.693, 136
Trd, 4318464.793, 111
Trd, 4318465.143, 113
Trd, 4318465.243, 111
Trd, 4318466.443, 134
Trd, 4318466.743, 140
Trd, 4318469.143, 140
Trd, 4318469.843, 140
Trd, 4318469.993, 140
Trd, 4318470.143, 136
Trd, 4318470.743, 136
Trd, 4318472.393, 140
Trd, 4318472.493, 139
Trd, 4318473.193, 139
Trd, 4318473.293, 140
Trd, 4318474.143, 140
Trd, 4318474.243, 74
Trd, 4318474.943, 63
Trd, 4318476.493, 137
Trd, 4318477.193, 109
Trd, 4318477.593, 64
Trd, 4318477.693, 136
Trd, 4318477.993, 138
Trd, 4318478.843, 140
Trd, 4318479.143, 136
Trd, 4318479.843, 63
Trd, 4318479.893, 64
Trd, 4318480.243, 112
Trd, 4318481.393, 140
Trd, 4318484.093, 140
Trd, 4318485.643, 140
Trd, 4318485.693, 140
Trd, 4318485.993, 140
Trd, 4318486.193, 140
Trd, 4318486.593, 140
Trd, 4318486.793, 137
Trd, 4318487.493, 139
Trd, 4318487.643, 138
Trd, 4318487.993, 137
Trd, 4318489.443, 63
Trd, 4318490.043, 134
Trd, 4318490.643, 140
Trd, 4318491.293, 71
Trd, 4318491.743, 97
Trd, 4318493.643, 140
Trd, 4318494.393, 140
Trd, 4318494.943, 80
Trd, 4318495.543, 139
Trd, 4318496.443, 138
Trd, 4318496.643, 137
Trd, 4318497.293, 82
Trd, 4318497.493, 84
Trd, 4318497.793, 71
Trd, 4318500.293, 139
Trd, 4318500.743, 77
Trd, 4318502.393, 60
Trd, 4318503.143, 60
Trd, 4318503.193, 60
Trd, 4318504.343, 60
Trd, 4318505.743, 61
Trd, 4318506.543, 60
Trd, 4318506.743, 60
Trd, 4318507.443, 61
Trd, 4318507.543, 62
Trd, 4318507.993, 63
Trd, 4318508.393, 61
Trd, 4318509.543, 67
Trd, 4318510.643, 140
Trd, 4318511.543, 140
Trd, 4318512.493, 140
Trd, 4318513.243, 137
Trd, 4318514.293, 138
Trd, 4318517.093, 140
Trd, 4318517.243, 140
Trd, 4318518.493, 140
Trd, 4318518.643, 140
Trd, 4318519.293, 140
Trd, 4318520.043, 140
Trd, 4318521.093, 140
Trd, 4318521.943, 140
Trd, 4318522.893, 139
Trd, 4318524.893, 140
Trd, 4318525.493, 140
Trd, 4318526.443, 140
Trd, 4318526.693, 140
Trd, 4318528.543, 140
Trd, 4318528.843, 140
Trd, 4318529.043, 140
Trd, 4318530.043, 139
Trd, 4318530.143, 139
Trd, 4318530.843, 139
Trd, 4318531.893, 140
Trd, 4318533.443, 140
Trd, 4318533.843, 140
Trd, 4318535.143, 140
Trd, 4318537.393, 140
Trd, 4318537.493, 140
Trd, 4318537.693, 140
Trd, 4318538.193, 140
Trd, 4318538.443, 140
Trd, 4318540.393, 140
Trd, 4318542.243, 140
Trd, 4318542.993, 140
Trd, 4318543.543, 140
Trd, 4318544.143, 140
Trd, 4318545.743, 140
Trd, 4318545.793, 140
Trd, 4318545.893, 140
Trd, 4318546.743, 140
Trd, 4318547.093, 140
Trd, 4318548.243, 140
Trd, 4318548.293, 139
Trd, 4318549.293, 140
Trd, 4318550.743, 140
Trd, 4318552.243, 140
Trd, 4318553.343, 140
Trd, 4318553.693, 140
Trd, 4318555.693, 140
Trd, 4318556.143, 140
Trd, 4318556.393, 140
Trd, 4318557.793, 140
Trd, 4318558.293, 140
Trd, 4318558.543, 140
Trd, 4318558.743, 140
Trd, 4318558.943, 63
Trd, 4318560.243, 138
Trd, 4318560.693, 137
Trd, 4318561.993, 138
Trd, 4318562.693, 137
Trd, 4318563.143, 134
Trd, 4318564.093, 130
Trd, 4318565.393, 140
Trd, 4318566.493, 140
Trd, 4318567.843, 140
Trd, 4318567.893, 140
Trd, 4318568.443, 140
Trd, 4318568.643, 139
Trd, 4318569.093, 137
Trd, 4318569.293, 60
Trd, 4318569.993, 60
Trd, 4318570.143, 76
Trd, 4318571.243, 139
Trd, 4318574.293, 140
Trd, 4318576.493, 140
Trd, 4318577.343, 140
Trd, 4318577.393, 140
Trd, 4318577.693, 140
Trd, 4318578.543, 140
Trd, 4318579.743, 140
Trd, 4318580.043, 140
Trd, 4318583.093, 140
Trd, 4318583.243, 140
Trd, 4318584.143, 140
Trd, 4318584.793, 140
Trd, 4318584.993, 140
Trd, 4318587.043, 140
Trd, 4318587.493, 140
Trd, 4318587.743, 140
Trd, 4318587.793, 139
Trd, 4318588.243, 140
Trd, 4318588.343, 140
Trd, 4318589.843, 140
Trd, 4318591.543, 140
Trd, 4318592.143, 140
Trd, 4318593.493, 140
Trd, 4318594.843, 140
Trd, 4318596.493, 140
Trd, 4318597.193, 140
Trd, 4318598.193, 140
Trd, 4318598.893, 140
Trd, 4318598.993, 140
Trd, 4318599.143, 140
Trd, 4318600.643, 140
Trd, 4318601.443, 140
Trd, 4318601.893, 140
Trd, 4318603.643, 140
Trd, 4318603.893, 140
Trd, 4318605.193, 140
Trd, 4318605.743, 140
Trd, 4318608.193, 140
Trd, 4318608.693, 140
Trd, 4318609.443, 140
Trd, 4318609.593, 139
Trd, 4318609.993, 139
Trd, 4318610.693, 64
Trd, 4318610.793, 66
Trd, 4318610.993, 68
Trd, 4318611.343, 81
Trd, 4318612.993, 65
Trd, 4318613.493, 64
Trd, 4318613.893, 82
Trd, 4318615.143, 60
Trd, 4318615.593, 60
Trd, 4318616.443, 60
Trd, 4318617.393, 61
Trd, 4318618.043, 61
Trd, 4318618.693, 64
Trd, 4318620.243, 140
Trd, 4318621.443, 140
Trd, 4318621.993, 140
Trd, 4318622.293, 140
Trd, 4318623.043, 140
Trd, 4318623.393, 140
Trd, 4318623.943, 140
Trd, 4318623.993, 140
Trd, 4318624.943, 140
Trd, 4318625.143, 140
Trd, 4318625.443, 140
Trd, 4318627.843, 140
Trd, 4318629.193, 140
Trd, 4318629.943, 140
Trd, 4318630.193, 138
Trd, 4318631.243, 140
Trd, 4318631.893, 140
Trd, 4318631.943, 140
Trd, 4318632.193, 140
Trd, 4318632.393, 139
Trd, 4318633.193, 139
Trd, 4318635.393, 140
Trd, 4318637.543, 140
Trd, 4318637.593, 140
Trd, 4318638.043, 140
Trd, 4318638.493, 140
Trd, 4318639.243, 139
Trd, 4318640.693, 140
Trd, 4318641.643, 140
Trd, 4318642.243, 140
Trd, 4318644.493, 140
Trd, 4318644.743, 140
Trd, 4318646.193, 140
Trd, 4318647.193, 140
Trd, 4318647.743, 140
Trd, 4318649.443, 140
Trd, 4318649.543, 140
Trd, 4318650.143, 139
Trd, 4318651.493, 140
Trd, 4318652.043, 140
Trd, 4318652.593, 140
Trd, 4318653.043, 135
Trd, 4318654.693, 140
Trd, 4318657.043, 140
Trd, 4318657.393, 140
Trd, 4318658.343, 140
Trd, 4318661.143, 140
Trd, 4318661.543, 140
Trd, 4318661.593, 140
Trd, 4318662.493, 140
Trd, 4318662.743, 140
Trd, 4318663.293, 140
Trd, 4318664.993, 140
Trd, 4318666.843, 140
Trd, 4318667.943, 140
Trd, 4318668.143, 140
Trd, 4318669.793, 140
Trd, 4318669.893, 139
Trd, 4318671.643, 140
Trd, 4318672.143, 140
Trd, 4318672.593, 139
Trd, 4318673.993, 140
Trd, 4318674.243, 140
Trd, 4318674.743, 140
Trd, 4318675.593, 140
Trd, 4318675.943, 140
Trd, 4318676.093, 140
Trd, 4318676.693, 140
Trd, 4318677.843, 140
Trd, 4318679.493, 140
Trd, 4318679.643, 140
Trd, 4318680.143, 140
Trd, 4318680.843, 138
Trd, 4318681.343, 139
Trd, 4318681.443, 140
Trd, 4318683.593, 140
Trd, 4318684.043, 140
Trd, 4318685.643, 140
Trd, 4318685.943, 140
Trd, 4318687.193, 139
Trd, 4318687.493, 138
Trd, 4318688.943, 140
Trd, 4318689.443, 140
Trd, 4318690.943, 140
Trd, 4318692.443, 140
Trd, 4318693.143, 140
Trd, 4318693.693, 140
Trd, 4318693.993, 140
Trd, 4318694.493, 140
Trd, 4318694.743, 140
Trd, 4318695.193, 139
Trd, 4318695.293, 140
Trd, 4318695.693, 120
Trd, 4318696.293, 140
Trd, 4318696.743, 140
Trd, 4318697.943, 140
Trd, 4318699.593, 140
Trd, 4318700.343, 140
Trd, 4318700.593, 138
Trd, 4318700.943, 139
Trd, 4318701.593, 119
Trd, 4318701.643, 120
Trd, 4318702.343, 118
Trd, 4318702.693, 86
Trd, 4318703.593, 117
Trd, 4318703.843, 118
Trd, 4318704.743, 93
Trd, 4318705.743, 112
Trd, 4318706.043, 93
Trd, 4318706.893, 92
Trd, 4318708.043, 140
Trd, 4318709.943, 140
Trd, 4318710.193, 140
Trd, 4318710.493, 140
Trd, 4318711.293, 140
Trd, 4318711.643, 140
Trd, 4318712.643, 140
Trd, 4318713.743, 140
Trd, 4318713.793, 139
Trd, 4318714.243, 139
Trd, 4318714.693, 140
Trd, 4318715.093, 113
Trd, 4318715.193, 112
Trd, 4318716.293, 137
Trd, 4318716.643, 120
Trd, 4318717.393, 134
Trd, 4318717.693, 135
Trd, 4318719.193, 60
Trd, 4318720.893, 60
Trd, 4318720.993, 65
Trd, 4318721.143, 75
Trd, 4318722.393, 60
Trd, 4318722.793, 61
Trd, 4318723.393, 69
Trd, 4318725.143, 140
Trd, 4318725.593, 140
Trd, 4318725.643, 139
Trd, 4318726.193, 140
Trd, 4318729.243, 140
Trd, 4318729.693, 140
Trd, 4318730.093, 140
Trd, 4318730.593, 140
Trd, 4318732.843, 140
Trd, 4318733.743, 140
Trd, 4318735.143, 140
Trd, 4318735.193, 140
Trd, 4318735.643, 140
Trd, 4318736.193, 140
Trd, 4318736.293, 140
Trd, 4318737.193, 140
Trd, 4318737.343, 139
Trd, 4318737.943, 139
Trd, 4318738.993, 140
Trd, 4318739.593, 140
Trd, 4318739.993, 140
Trd, 4318740.243, 139
Trd, 4318742.343, 139
Trd, 4318742.643, 138
Trd, 4318742.743, 139
Trd, 4318743.443, 69
Trd, 4318743.743, 139
Trd, 4318745.243, 139
Trd, 4318745.543, 69
Trd, 4318748.093, 117
Trd, 4318748.143, 74
Trd, 4318748.543, 129
Trd, 4318748.643, 136
Trd, 4318749.743, 121
Trd, 4318750.443, 140
Trd, 4318750.893, 140
Trd, 4318750.943, 140
Trd, 4318752.243, 60
Trd, 4318753.093, 60
Trd, 4318754.043, 60
Trd, 4318754.643, 60
Trd, 4318755.193, 61
Trd, 4318755.393, 65
Trd, 4318755.743, 60
Trd, 4318757.593, 60
Trd, 4318758.043, 60
Trd, 4318758.293, 60
Trd, 4318758.543, 60
Trd, 4318759.793, 139
Trd, 4318760.343, 139
Trd, 4318760.443, 138
Trd, 4318760.543, 137
Trd, 4318761.193, 140
Trd, 4318762.493, 140
Trd, 4318763.443, 140
Trd, 4318765.093, 140
Trd, 4318766.343, 140
Trd, 4318768.993, 140
Trd, 4318769.193, 140
Trd, 4318769.393, 140
Trd, 4318769.593, 138
Trd, 4318770.093, 138
Trd, 4318770.293, 140
Trd, 4318770.393, 139
Trd, 4318770.843, 79
Trd, 4318771.093, 74
Trd, 4318772.793, 76
Trd, 4318773.343, 65
Trd, 4318773.943, 60
Trd, 4318774.093, 77
Trd, 4318774.543, 61
Trd, 4318774.693, 96
Trd, 4318776.543, 61
Trd, 4318777.593, 111
Trd, 4318778.593, 140
Trd, 4318780.593, 140
Trd, 4318782.143, 140
Trd, 4318783.943, 140
Trd, 4318784.693, 140
Trd, 4318785.393, 140
Trd, 4318786.243, 139
Trd, 4318786.593, 140
Trd, 4318787.693, 140
Trd, 4318787.793, 140
Trd, 4318788.393, 139
Trd, 4318789.443, 140
Trd, 4318790.093, 140
Trd, 4318790.593, 140
Trd, 4318790.793, 140
Trd, 4318791.443, 140
Trd, 4318793.193, 140
Trd, 4318793.843, 140
Trd, 4318794.593, 140
Trd, 4318794.893, 140
Trd, 4318796.043, 140
Trd, 4318798.043, 140
Trd, 4318799.143, 140
Trd, 4318800.343, 140
Trd, 4318800.543, 139
Trd, 4318801.643, 140
Trd, 4318803.043, 139
Trd, 4318803.193, 140
Trd, 4318804.393, 139
Trd, 4318804.843, 140
Trd, 4318807.643, 140
Trd, 4318808.943, 140
Trd, 4318810.043, 140
Trd, 4318810.093, 140
Trd, 4318810.643, 140
Trd, 4318810.743, 140
Trd, 4318810.893, 140
Trd, 4318811.293, 140
Trd, 4318811.943, 139
Trd, 4318812.643, 140
Trd, 4318813.643, 140
Trd, 4318814.043, 140
Trd, 4318814.743, 137
Trd, 4318815.443, 140
Trd, 4318815.943, 139
Trd, 4318817.193, 140
Trd, 4318817.293, 136
Trd, 4318818.293, 131
Trd, 4318818.743, 132
Trd, 4318819.243, 61
Trd, 4318819.393, 62
Trd, 4318819.593, 61
Trd, 4318820.593, 65
Trd, 4318820.643, 71
Trd, 4318820.993, 133
Trd, 4318823.443, 63
Trd, 4318823.493, 64
Trd, 4318824.093, 65
Trd, 4318826.143, 61
Trd, 4318826.693, 61
Trd, 4318827.343, 61
Trd, 4318827.743, 63
Trd, 4318830.143, 63
Trd, 4318830.593, 66
Trd, 4318831.093, 69
Trd, 4318831.743, 69
Trd, 4318831.893, 81
Trd, 4318832.393, 140
Trd, 4318832.743, 140
Trd, 4318833.643, 64
Trd, 4318834.493, 124
Trd, 4318835.493, 140
Trd, 4318836.443, 140
Trd, 4318837.493, 140
Trd, 4318838.093, 140
Trd, 4318838.193, 140
Trd, 4318838.543, 138
Trd, 4318839.443, 136
Trd, 4318840.793, 136
Trd, 4318841.793, 140
Trd, 4318843.193, 140
Trd, 4318845.243, 140
Trd, 4318845.543, 140
Trd, 4318846.693, 140
Trd, 4318847.693, 139
Trd, 4318848.093, 139
Trd, 4318848.943, 140
Trd, 4318849.193, 140
Trd, 4318849.493, 140
Trd, 4318849.893, 140
Trd, 4318850.693, 140
Trd, 4318851.193, 140
Trd, 4318852.393, 140
Trd, 4318853.593, 140
Trd, 4318854.593, 140
Trd, 4318855.143, 140
Trd, 4318856.443, 140
Trd, 4318857.693, 140
Trd, 4318858.443, 140
Trd, 4318858.593, 140
Trd, 4318859.143, 140
Trd, 4318859.893, 140
Trd, 4318860.393, 140
Trd, 4318860.843, 140
Trd, 4318861.143, 140
Trd, 4318861.693, 138
Trd, 4318861.993, 135
Trd, 4318862.893, 140
Trd, 4318863.793, 138
Trd, 4318863.893, 138
Trd, 4318864.643, 140
Trd, 4318867.543, 140
Trd, 4318867.893, 140
Trd, 4318869.243, 140
Trd, 4318870.143, 140
Trd, 4318870.343, 140
Trd, 4318870.793, 140
Trd, 4318870.993, 139
Trd, 4318871.093, 139
Trd, 4318871.693, 137
Trd, 4318872.843, 140
Trd, 4318873.793, 140
Trd, 4318874.143, 140
Trd, 4318874.793, 140
Trd, 4318875.443, 140
Trd, 4318875.743, 140
Trd, 4318877.193, 140
Trd, 4318877.593, 138
Trd, 4318879.543, 138
Trd, 4318882.293, 140
Trd, 4318882.443, 140
Trd, 4318884.943, 140
Trd, 4318885.543, 140
Trd, 4318886.743, 140
Trd, 4318886.893, 140
Trd, 4318888.043, 140
Trd, 4318888.143, 140
Trd, 4318888.593, 140
Trd, 4318888.993, 140
Trd, 4318889.643, 139
Trd, 4318890.493, 104
Trd, 4318892.143, 127
Trd, 4318892.343, 128
Trd, 4318892.593, 129
Trd, 4318892.693, 113
Trd, 4318893.943, 130
Trd, 4318895.693, 140
Trd, 4318896.743, 140
Trd, 4318897.793, 140
Trd, 4318898.043, 139
Trd, 4318899.493, 140
Trd, 4318899.743, 138
Trd, 4318900.643, 140
Trd, 4318901.093, 138
Trd, 4318901.593, 138
Trd, 4318901.993, 72
Trd, 4318903.193, 135
Trd, 4318903.343, 136
Trd, 4318904.243, 140
Trd, 4318904.343, 140
Trd, 4318905.293, 140
Trd, 4318906.193, 140
Trd, 4318906.393, 140
Trd, 4318906.543, 140
Trd, 4318906.893, 140
Trd, 4318909.693, 140
Trd, 4318910.043, 140
Trd, 4318910.743, 139
Trd, 4318912.543, 140
Trd, 4318913.193, 140
Trd, 4318914.743, 140
Trd, 4318914.943, 140
Trd, 4318916.543, 140
Trd, 4318918.643, 140
Trd, 4318918.743, 140
Trd, 4318920.193, 140
Trd, 4318920.493, 140
Trd, 4318922.593, 140
Trd, 4318922.643, 139
Trd, 4318922.743, 138
Trd, 4318923.393, 139
Trd, 4318925.043, 140
Trd, 4318925.093, 140
Trd, 4318925.743, 138
Trd, 4318925.943, 115
Trd, 4318926.343, 81
Trd, 4318927.543, 135
Trd, 4318927.993, 136
Trd, 4318929.393, 132
Trd, 4318930.193, 133
Trd, 4318931.393, 93
Trd, 4318931.793, 75
Trd, 4318932.343, 64
Trd, 4318932.543, 62
Trd, 4318932.743, 76
Trd, 4318932.993, 94
Trd, 4318934.643, 140
Trd, 4318934.793, 140
Trd, 4318935.443, 139
Trd, 4318935.893, 62
Trd, 4318937.493, 140
Trd, 4318937.793, 140
Trd, 4318937.843, 140
Trd, 4318938.193, 140
Trd, 4318938.743, 140
Trd, 4318941.393, 140
Trd, 4318941.843, 140
Trd, 4318943.693, 140
Trd, 4318943.793, 140
Trd, 4318943.843, 140
Trd, 4318945.143, 140
Trd, 4318945.993, 140
Trd, 4318947.343, 140
Trd, 4318947.793, 140
Trd, 4318949.593, 140
Trd, 4318951.243, 140
Trd, 4318952.193, 140
Trd, 4318952.743, 140
Trd, 4318953.793, 140
Trd, 4318953.943, 140
Trd, 4318955.293, 140
Trd, 4318956.893, 140
Trd, 4318957.193, 140
Trd, 4318957.843, 138
Trd, 4318959.643, 137
Trd, 4318960.043, 136
Trd, 4318960.543, 140
Trd, 4318960.693, 130
Trd, 4318960.843, 129
Trd, 4318961.693, 139
Trd, 4318962.193, 130
Trd, 4318962.743, 70
Trd, 4318963.093, 102
Trd, 4318964.593, 140
Trd, 4318964.693, 140
Trd, 4318964.793, 140
Trd, 4318966.393, 140
Trd, 4318966.493, 140
Trd, 4318967.293, 139
Trd, 4318968.143, 140
Trd, 4318968.643, 140
Trd, 4318968.693, 139
Trd, 4318968.843, 139
Trd, 4318970.693, 139
Trd, 4318971.243, 140
Trd, 4318971.393, 140
Trd, 4318973.043, 140
Trd, 4318976.943, 140
Trd, 4318977.643, 140
Trd, 4318977.693, 140
Trd, 4318978.043, 140
Trd, 4318978.393, 140
Trd, 4318978.993, 140
Trd, 4318980.943, 140
Trd, 4318981.893, 140
Trd, 4318982.143, 140
Trd, 4318982.393, 140
Trd, 4318984.193, 140
Trd, 4318987.093, 140
Trd, 4318987.743, 140
Trd, 4318988.193, 140
Trd, 4318988.693, 140
Trd, 4318989.043, 140
Trd, 4318989.293, 140
Trd, 4318990.343, 140
Trd, 4318991.543, 140
Trd, 4318992.293, 140
Trd, 4318992.993, 140
Trd, 4318993.643, 139
Trd, 4318993.793, 138
Trd, 4318994.093, 138
Trd, 4318995.643, 140
Trd, 4318995.743, 140
Trd, 4318996.443, 140
Trd, 4318997.243, 140
Trd, 4318998.643, 140
Trd, 4318998.943, 140
Trd, 4318999.843, 140
Trd, 4319000.043, 140
Trd, 4319000.343, 139
Trd, 4319001.543, 115
Trd, 4319001.993, 101
Trd, 4319002.793, 73
Trd, 4319003.293, 136
Trd, 4319003.793, 137
Trd, 4319005.093, 72
Trd, 4319005.143, 89
Trd, 4319005.743, 139
Trd, 4319007.793, 140
Trd, 4319008.643, 140
Trd, 4319011.143, 140
Trd, 4319011.393, 140
Trd, 4319012.393, 140
Trd, 4319012.893, 140
Trd, 4319013.543, 138
Trd, 4319014.893, 139
Trd, 4319016.443, 140
Trd, 4319016.843, 140
Trd, 4319019.593, 140
Trd, 4319020.043, 140
Trd, 4319020.193, 140
Trd, 4319020.243, 140
Trd, 4319020.943, 140
Trd, 4319021.243, 140
Trd, 4319021.393, 140
Trd, 4319021.593, 139
Trd, 4319021.893, 140
Trd, 4319022.193, 126
Trd, 4319022.643, 63
Trd, 4319024.243, 140
Trd, 4319025.493, 140
Trd, 4319025.993, 139
Trd, 4319026.743, 140
Trd, 4319026.993, 140
Trd, 4319027.143, 140
Trd, 4319027.893, 140
Trd, 4319028.443, 120
Trd, 4319028.793, 132
Trd, 4319029.843, 60
Trd, 4319030.193, 60
Trd, 4319030.893, 60
Trd, 4319031.243, 61
Trd, 4319032.043, 65
Trd, 4319032.443, 62
Trd, 4319034.293, 62
Trd, 4319034.393, 67
Trd, 4319035.093, 139
Trd, 4319035.993, 97
Trd, 4319036.143, 60
Trd, 4319036.593, 98
Trd, 4319037.743, 86
Trd, 4319038.143, 118
Trd, 4319038.593, 90
Trd, 4319040.193, 105
Trd, 4319040.393, 113
Trd, 4319040.443, 68
Trd, 4319040.943, 112
Trd, 4319041.543, 69
Trd, 4319041.743, 71
Trd, 4319042.043, 73
Trd, 4319042.393, 71
Trd, 4319044.043, 140
Trd, 4319044.193, 139
Trd, 4319047.143, 140
Trd, 4319049.443, 140
Trd, 4319050.543, 140
Trd, 4319050.793, 140
Trd, 4319051.043, 140
Trd, 4319051.093, 140
Trd, 4319052.193, 140
Trd, 4319052.243, 139
Trd, 4319052.543, 140
Trd, 4319052.643, 139
Trd, 4319053.643, 91
Trd, 4319055.143, 100
Trd, 4319055.843, 63
Trd, 4319056.043, 98
Trd, 4319056.293, 116
Trd, 4319057.093, 68
Trd, 4319057.143, 71
Trd, 4319058.793, 140
Trd, 4319059.543, 140
Trd, 4319060.493, 140
Trd, 4319060.843, 140
Trd, 4319061.343, 140
Trd, 4319061.993, 140
Trd, 4319063.993, 137
Trd, 4319064.343, 136
Trd, 4319065.143, 132
Trd, 4319065.343, 135
Trd, 4319065.843, 65
Trd, 4319066.143, 102
Trd, 4319067.393, 133
Trd, 4319067.693, 134
Trd, 4319067.993, 116
Trd, 4319068.043, 115
Trd, 4319068.893, 100
Trd, 4319069.193, 66
Trd, 4319069.743, 140
Trd, 4319070.593, 87
Trd, 4319071.293, 93
Trd, 4319072.243, 98
Trd, 4319072.493, 102
Trd, 4319072.543, 104
Trd, 4319073.293, 138
Trd, 4319074.393, 140
Trd, 4319075.243, 140
Trd, 4319075.343, 140
Trd, 4319076.143, 102
Trd, 4319076.993, 140
Trd, 4319077.443, 140
Trd, 4319078.593, 140
Trd, 4319081.293, 140
Trd, 4319081.843, 140
Trd, 4319082.243, 140
Trd, 4319083.243, 140
Trd, 4319085.643, 140
Trd, 4319086.593, 140
Trd, 4319088.143, 140
Trd, 4319088.393, 140
Trd, 4319088.593, 140
Trd, 4319088.843, 140
Trd, 4319088.893, 140
Trd, 4319089.243, 139
Trd, 4319089.993, 140
Trd, 4319090.343, 92
Trd, 4319090.693, 62
Trd, 4319091.793, 140
Trd, 4319093.993, 75
Trd, 4319094.043, 65
Trd, 4319094.343, 106
Trd, 4319095.043, 105
Trd, 4319096.543, 60
Trd, 4319096.643, 61
Trd, 4319096.843, 62
Trd, 4319098.643, 60
Trd, 4319098.793, 65
Trd, 4319099.443, 65
Trd, 4319100.043, 63
Trd, 4319100.443, 65
Trd, 4319101.643, 140
Trd, 4319102.593, 140
Trd, 4319103.093, 140
Trd, 4319104.993, 140
Trd, 4319105.643, 140
Trd, 4319106.593, 140
Trd, 4319106.693, 140
Trd, 4319106.743, 140
Trd, 4319107.693, 65
Trd, 4319108.243, 72
Trd, 4319108.993, 68
Trd, 4319109.293, 100
Trd, 4319110.393, 138
Trd, 4319110.893, 140
Trd, 4319111.393, 126
Trd, 4319112.593, 104
Trd, 4319112.693, 101
Trd, 4319113.143, 105
Trd, 4319116.043, 72
Trd, 4319117.543, 60
Trd, 4319117.743, 60
Trd, 4319117.893, 61
Trd, 4319118.143, 64
Trd, 4319118.843, 63
Trd, 4319119.743, 63
Trd, 4319119.993, 60
Trd, 4319121.043, 60
Trd, 4319121.543, 127
Trd, 4319122.943, 117
Trd, 4319123.443, 67
Trd, 4319123.743, 124
Trd, 4319124.393, 126
Trd, 4319126.643, 140
Trd, 4319126.843, 140
Trd, 4319126.943, 140
Trd, 4319128.293, 140
Trd, 4319129.543, 140
Trd, 4319130.343, 140
Trd, 4319130.893, 140
Trd, 4319131.193, 140
Trd, 4319135.843, 140
Trd, 4319136.593, 140
Trd, 4319137.193, 140
Trd, 4319137.843, 140
Trd, 4319138.293, 140
Trd, 4319141.143, 140
Trd, 4319141.893, 140
Trd, 4319142.093, 140
Trd, 4319142.293, 140
Trd, 4319142.543, 140
Trd, 4319143.143, 139
Trd, 4319143.193, 140
Trd, 4319144.593, 140
Trd, 4319145.793, 140
Trd, 4319145.993, 140
Trd, 4319146.493, 140
Trd, 4319147.043, 140
Trd, 4319148.993, 140
Trd, 4319151.393, 140
Trd, 4319152.293, 140
Trd, 4319152.693, 139
Trd, 4319153.943, 140
Trd, 4319155.693, 140
Trd, 4319155.993, 140
Trd, 4319156.143, 140
Trd, 4319156.443, 139
Trd, 4319157.043, 140
Trd, 4319157.143, 139
Trd, 4319157.193, 138
Trd, 4319157.343, 136
Trd, 4319158.843, 140
Trd, 4319159.343, 140
Trd, 4319160.843, 139
Trd, 4319161.293, 100
Trd, 4319162.793, 140
Trd, 4319163.543, 140
Trd, 4319163.743, 140
Trd, 4319165.893, 140
Trd, 4319166.793, 140
Trd, 4319168.193, 140
Trd, 4319168.893, 140
Trd, 4319169.543, 140
Trd, 4319171.493, 140
Trd, 4319171.943, 140
Trd, 4319171.993, 140
Trd, 4319173.293, 140
Trd, 4319173.493, 140
Trd, 4319174.993, 140
Trd, 4319176.943, 140
Trd, 4319179.343, 140
Trd, 4319179.393, 140
Trd, 4319179.543, 140
Trd, 4319179.893, 140
Trd, 4319180.043, 140
Trd, 4319180.843, 140
Trd, 4319181.443, 140
Trd, 4319182.493, 140
Trd, 4319182.843, 140
Trd, 4319185.793, 140
Trd, 4319185.893, 140
Trd, 4319186.893, 140
Trd, 4319187.493, 140
Trd, 4319188.893, 140
Trd, 4319189.793, 140
Trd, 4319191.293, 140
Trd, 4319191.793, 90
Trd, 4319191.893, 85
Trd, 4319192.093, 137
Trd, 4319192.293, 60
Trd, 4319193.293, 92
Trd, 4319196.093, 140
Trd, 4319196.393, 140
Trd, 4319197.043, 140
Trd, 4319198.043, 140
Trd, 4319198.393, 140
Trd, 4319199.043, 140
Trd, 4319199.143, 140
Trd, 4319201.543, 140
Trd, 4319202.893, 140
Trd, 4319203.943, 140
Trd, 4319204.643, 140
Trd, 4319205.193, 140
Trd, 4319205.793, 140
Trd, 4319205.893, 140
Trd, 4319206.193, 140
Trd, 4319208.093, 140
Trd, 4319208.243, 140
Trd, 4319208.443, 140
Trd, 4319208.593, 139
Trd, 4319208.793, 140
Trd, 4319210.293, 140
Trd, 4319210.993, 140
Trd, 4319211.493, 140
Trd, 4319211.943, 113
Trd, 4319213.443, 140
Trd, 4319213.543, 75
Trd, 4319214.393, 137
Trd, 4319214.893, 74
Trd, 4319215.443, 73
Trd, 4319216.243, 60
Trd, 4319216.843, 60
Trd, 4319216.943, 60
Trd, 4319218.293, 67
Trd, 4319218.393, 68
Trd, 4319218.643, 76
Trd, 4319219.093, 76
Trd, 4319220.243, 61
Trd, 4319220.393, 67
Trd, 4319221.093, 108
Trd, 4319221.293, 115
Trd, 4319222.143, 65
Trd, 4319225.093, 140
Trd, 4319225.543, 140
Trd, 4319228.243, 140
Trd, 4319228.693, 140
Trd, 4319229.143, 140
Trd, 4319231.193, 140
Trd, 4319231.293, 140
Trd, 4319232.143, 140
Trd, 4319233.093, 140
Trd, 4319233.593, 140
Trd, 4319234.493, 140
Trd, 4319234.743, 140
Trd, 4319235.543, 140
Trd, 4319235.943, 140
Trd, 4319236.793, 140
Trd, 4319237.593, 140
Trd, 4319238.143, 140
Trd, 4319238.943, 139
Trd, 4319240.093, 140
Trd, 4319240.643, 138
Trd, 4319241.993, 140
Trd, 4319242.143, 140
Trd, 4319243.243, 140
Trd, 4319243.293, 140
Trd, 4319243.993, 140
Trd, 4319245.093, 140
Trd, 4319245.243, 138
Trd, 4319247.243, 140
Trd, 4319247.843, 140
Trd, 4319249.193, 140
Trd, 4319249.943, 140
Trd, 4319250.193, 139
Trd, 4319250.243, 139
Trd, 4319250.643, 134
Trd, 4319252.393, 140
Trd, 4319253.293, 140
Trd, 4319254.293, 120
Trd, 4319255.143, 92
Trd, 4319255.843, 97
Trd, 4319256.043, 105
Trd, 4319256.593, 97
Trd, 4319256.743, 96
Trd, 4319256.793, 104
Trd, 4319257.793, 123
Trd, 4319257.943, 132
Trd, 4319258.443, 60
Trd, 4319259.393, 68
Trd, 4319260.193, 137
Trd, 4319260.543, 140
Trd, 4319261.293, 137
Trd, 4319262.993, 91
Trd, 4319263.843, 140
Trd, 4319264.693, 140
Trd, 4319266.943, 140
Trd, 4319267.243, 140
Trd, 4319267.843, 140
Trd, 4319268.593, 140
Trd, 4319269.093, 139
Trd, 4319269.143, 139
Trd, 4319269.243, 139
Trd, 4319269.493, 140
Trd, 4319270.993, 140
Trd, 4319272.143, 140
Trd, 4319272.243, 140
Trd, 4319272.543, 139
Trd, 4319274.593, 140
Trd, 4319274.843, 140
Trd, 4319275.393, 140
Trd, 4319276.193, 140
Trd, 4319276.293, 138
Trd, 4319277.143, 140
Trd, 4319277.593, 140
Trd, 4319277.993, 140
Trd, 4319278.143, 139
Trd, 4319279.043, 139
Trd, 4319279.543, 140
Trd, 4319283.343, 140
Trd, 4319283.793, 140
Trd, 4319285.693, 140
Trd, 4319285.843, 140
Trd, 4319286.493, 138
Trd, 4319288.393, 140
Trd, 4319289.293, 140
Trd, 4319289.743, 140
Trd, 4319289.993, 140
Trd, 4319290.043, 140
Trd, 4319290.093, 139
Trd, 4319291.343, 139
Trd, 4319292.043, 138
Trd, 4319292.143, 138
Trd, 4319292.243, 137
Trd, 4319292.543, 139
Trd, 4319293.093, 140
Trd, 4319295.643, 102
Trd, 4319296.293, 132
Trd, 4319297.593, 60
Trd, 4319297.643, 60
Trd, 4319297.693, 62
Trd, 4319297.793, 138
Trd, 4319299.043, 140
Trd, 4319299.243, 140
Trd, 4319300.193, 140
Trd, 4319301.593, 140
Trd, 4319301.843, 140
Trd, 4319302.293, 140
Trd, 4319303.343, 140
Trd, 4319304.693, 140
Trd, 4319304.743, 140
Trd, 4319306.743, 140
Trd, 4319306.793, 140
Trd, 4319307.443, 140
Trd, 4319307.593, 140
Trd, 4319308.093, 140
Trd, 4319308.593, 140
Trd, 4319308.993, 139
Trd, 4319309.593, 136
Trd, 4319310.593, 135
Trd, 4319311.243, 134
Trd, 4319311.443, 132
Trd, 4319312.993, 128
Trd, 4319313.093, 110
Trd, 4319314.393, 112
Trd, 4319315.693, 110
Trd, 4319315.793, 84
Trd, 4319316.143, 121
Trd, 4319316.693, 117
Trd, 4319316.793, 121
Trd, 4319317.543, 120
Trd, 4319317.693, 81
Trd, 4319317.843, 80
Trd, 4319318.743, 140
Trd, 4319319.093, 140
Trd, 4319319.543, 139
Trd, 4319321.793, 140
Trd, 4319325.143, 140
Trd, 4319325.293, 140
Trd, 4319325.543, 140
Trd, 4319328.793, 140
Trd, 4319329.093, 140
Trd, 4319330.143, 140
Trd, 4319330.593, 140
Trd, 4319330.843, 140
Trd, 4319331.443, 140
Trd, 4319331.693, 140
Trd, 4319332.543, 140
Trd, 4319333.643, 140
Trd, 4319334.043, 140
Trd, 4319334.293, 140
Trd, 4319336.943, 140
Trd, 4319337.693, 140
Trd, 4319337.943, 140
Trd, 4319338.593, 140
Trd, 4319338.843, 140
Trd, 4319339.193, 140
Trd, 4319339.393, 103
Trd, 4319340.393, 140
Trd, 4319340.943, 139
Trd, 4319341.293, 133
Trd, 4319343.443, 140
Trd, 4319344.193, 140
Trd, 4319344.543, 140
Trd, 4319345.693, 140
Trd, 4319346.843, 140
Trd, 4319347.043, 140
Trd, 4319348.043, 140
Trd, 4319349.143, 140
Trd, 4319349.393, 140
Trd, 4319349.493, 140
Trd, 4319351.993, 140
Trd, 4319352.193, 138
Trd, 4319353.643, 140
Trd, 4319354.343, 140
Trd, 4319355.043, 140
Trd, 4319355.743, 140
Trd, 4319356.443, 140
Trd, 4319357.943, 140
Trd, 4319358.093, 140
Trd, 4319358.343, 140
Trd, 4319360.193, 139
Trd, 4319360.793, 139
Trd, 4319362.843, 140
Trd, 4319363.193, 140
Trd, 4319363.293, 106
Trd, 4319364.293, 107
Trd, 4319364.843, 79
Trd, 4319365.443, 140
Trd, 4319368.243, 140
Trd, 4319368.393, 140
Trd, 4319368.493, 140
Trd, 4319368.843, 139
Trd, 4319368.993, 139
Trd, 4319369.943, 139
Trd, 4319371.193, 140
Trd, 4319371.843, 140
Trd, 4319371.893, 140
Trd, 4319372.743, 140
Trd, 4319373.593, 140
Trd, 4319374.993, 140
Trd, 4319376.993, 140
Trd, 4319377.143, 140
Trd, 4319378.343, 140
Trd, 4319378.743, 140
Trd, 4319382.493, 140
Trd, 4319382.743, 140
Trd, 4319383.443, 140
Trd, 4319384.943, 140
Trd, 4319385.593, 140
Trd, 4319386.143, 140
Trd, 4319386.943, 140
Trd, 4319388.293, 139
Trd, 4319388.993, 140
Trd, 4319389.343, 140
Trd, 4319390.393, 140
Trd, 4319391.243, 140
Trd, 4319392.343, 140
Trd, 4319392.393, 140
Trd, 4319392.693, 140
Trd, 4319394.193, 139
Trd, 4319394.643, 138
Trd, 4319396.443, 140
Trd, 4319396.793, 140
Trd, 4319398.293, 140
Trd, 4319398.943, 140
Trd, 4319399.893, 140
Trd, 4319401.293, 140
Trd, 4319401.543, 140
Trd, 4319402.793, 140
Trd, 4319402.993, 140
Trd, 4319403.543, 140
Trd, 4319403.893, 140
Trd, 4319404.243, 140
Trd, 4319405.343, 140
Trd, 4319405.793, 139
Trd, 4319405.893, 139
Trd, 4319406.493, 113
Trd, 4319408.143, 140
Trd, 4319409.093, 140
Trd, 4319411.443, 140
Trd, 4319412.893, 140
Trd, 4319413.043, 140
Trd, 4319413.093, 140
Trd, 4319413.243, 140
Trd, 4319413.343, 140
Trd, 4319414.093, 137
Trd, 4319414.343, 140
Trd, 4319415.793, 136
Trd, 4319415.943, 135
Trd, 4319416.843, 85
Trd, 4319416.943, 87
Trd, 4319417.043, 88
Trd, 4319418.043, 84
Trd, 4319420.843, 140
Trd, 4319420.993, 140
Trd, 4319422.293, 140
Trd, 4319422.743, 140
Trd, 4319424.543, 140
Trd, 4319424.993, 140
Trd, 4319425.743, 140
Trd, 4319425.893, 140
Trd, 4319428.443, 140
Trd, 4319430.543, 140
Trd, 4319430.643, 140
Trd, 4319432.193, 140
Trd, 4319432.243, 140
Trd, 4319432.443, 140
Trd, 4319433.243, 140
Trd, 4319433.643, 140
Trd, 4319433.693, 140
Trd, 4319434.493, 139
Trd, 4319435.543, 140
Trd, 4319437.093, 140
Trd, 4319437.193, 140
Trd, 4319437.293, 140
Trd, 4319437.793, 76
Trd, 4319439.193, 140
Trd, 4319439.793, 140
Trd, 4319441.843, 140
Trd, 4319442.243, 140
Trd, 4319444.443, 140
Trd, 4319445.193, 140
Trd, 4319448.343, 140
Trd, 4319448.543, 140
Trd, 4319449.893, 140
Trd, 4319450.043, 140
Trd, 4319450.093, 140
Trd, 4319450.693, 140
Trd, 4319451.043, 140
Trd, 4319451.443, 140
Trd, 4319451.743, 138
Trd, 4319452.643, 140
Trd, 4319453.693, 140
Trd, 4319454.343, 139
Trd, 4319454.793, 138
Trd, 4319454.843, 137
Trd, 4319455.093, 139
Trd, 4319455.393, 126
Trd, 4319456.093, 105
Trd, 4319456.943, 117
Trd, 4319457.393, 89
Trd, 4319458.343, 140
Trd, 4319460.393, 140
Trd, 4319461.693, 140
Trd, 4319462.393, 140
Trd, 4319462.993, 140
Trd, 4319463.293, 140
Trd, 4319464.293, 140
Trd, 4319466.093, 140
Trd, 4319466.943, 140
Trd, 4319467.243, 140
Trd, 4319467.643, 140
Trd, 4319469.443, 140
Trd, 4319469.993, 140
Trd, 4319470.093, 140
Trd, 4319470.443, 140
Trd, 4319471.043, 140
Trd, 4319472.293, 139
Trd, 4319472.343, 140
Trd, 4319472.443, 64
Trd, 4319474.793, 140
Trd, 4319475.243, 140
Trd, 4319475.443, 140
Trd, 4319475.643, 140
Trd, 4319479.393, 140
Trd, 4319479.893, 140
Trd, 4319480.143, 140
Trd, 4319480.193, 140
Trd, 4319480.743, 140
Trd, 4319481.193, 140
Trd, 4319481.543, 140
Trd, 4319481.843, 140
Trd, 4319483.593, 140
Trd, 4319485.593, 140
Trd, 4319486.093, 140
Trd, 4319487.693, 140
Trd, 4319488.843, 140
Trd, 4319490.243, 140
Trd, 4319490.943, 140
Trd, 4319491.543, 140
Trd, 4319492.543, 140
Trd, 4319492.643, 140
Trd, 4319492.793, 140
Trd, 4319492.993, 140
Trd, 4319493.193, 140
Trd, 4319493.793, 140
Trd, 4319496.293, 140
Trd, 4319498.143, 140
Trd, 4319499.043, 140
Trd, 4319500.293, 140
Trd, 4319500.393, 140
Trd, 4319500.843, 140
Trd, 4319501.393, 140
Trd, 4319501.643, 140
Trd, 4319502.743, 140
Trd, 4319503.293, 140
Trd, 4319503.493, 140
Trd, 4319503.543, 139
Trd, 4319503.943, 140
Trd, 4319504.293, 140
Trd, 4319504.993, 138
Trd, 4319505.243, 74
Trd, 4319505.593, 113
Trd, 4319506.493, 138
Trd, 4319507.593, 61
Trd, 4319508.893, 60
Trd, 4319509.893, 60
Trd, 4319510.693, 60
Trd, 4319510.893, 60
Trd, 4319512.443, 60
Trd, 4319512.943, 60
Trd, 4319513.043, 61
Trd, 4319513.793, 62
Trd, 4319514.993, 60
Trd, 4319515.143, 64
Trd, 4319516.343, 67
Trd, 4319517.143, 140
Trd, 4319517.743, 140
Trd, 4319518.293, 140
Trd, 4319519.793, 140
Trd, 4319520.943, 140
Trd, 4319521.243, 140
Trd, 4319521.343, 140
Trd, 4319521.393, 140
Trd, 4319521.743, 140
Trd, 4319522.193, 139
Trd, 4319524.643, 140
Trd, 4319524.893, 140
Trd, 4319525.043, 140
Trd, 4319525.493, 137
Trd, 4319525.793, 138
Trd, 4319526.193, 135
Trd, 4319526.293, 140
Trd, 4319526.993, 137
Trd, 4319527.293, 95
Trd, 4319530.193, 139
Trd, 4319530.743, 139
Trd, 4319531.143, 139
Trd, 4319532.193, 140
Trd, 4319532.493, 140
Trd, 4319532.843, 138
Trd, 4319534.143, 137
Trd, 4319535.343, 136
Trd, 4319535.443, 105
Trd, 4319535.643, 99
Trd, 4319535.693, 134
Trd, 4319535.843, 136
Trd, 4319536.393, 137
Trd, 4319536.843, 100
Trd, 4319538.293, 104
Trd, 4319538.493, 103
Trd, 4319538.943, 122
Trd, 4319540.893, 115
Trd, 4319541.243, 103
Trd, 4319541.593, 117
Trd, 4319541.943, 118
Trd, 4319543.893, 61
Trd, 4319544.343, 139
Trd, 4319546.443, 140
Trd, 4319546.693, 140
Trd, 4319547.043, 139
Trd, 4319549.443, 140
Trd, 4319550.293, 139
Trd, 4319551.593, 140
Trd, 4319551.993, 140
Trd, 4319552.693, 140
Trd, 4319552.743, 140
Trd, 4319554.043, 137
Trd, 4319554.843, 132
Trd, 4319555.643, 130
Trd, 4319555.943, 129
Trd, 4319556.093, 121
Trd, 4319556.693, 62
Trd, 4319556.893, 62
Trd, 4319557.943, 64
Trd, 4319559.493, 60
Trd, 4319560.043, 62
Trd, 4319560.893, 60
Trd, 4319561.493, 60
Trd, 4319561.793, 60
Trd, 4319562.193, 60
Trd, 4319563.393, 140
Trd, 4319563.943, 140
Trd, 4319564.143, 140
Trd, 4319565.043, 140
Trd, 4319565.743, 140
Trd, 4319566.693, 140
Trd, 4319568.343, 140
Trd, 4319568.493, 140
Trd, 4319570.193, 140
Trd, 4319570.593, 140
Trd, 4319572.243, 140
Trd, 4319572.343, 140
Trd, 4319574.143, 140
Trd, 4319574.343, 140
Trd, 4319574.493, 139
Trd, 4319575.343, 139
Trd, 4319575.393, 140
Trd, 4319575.893, 140
Trd, 4319575.943, 138
Trd, 4319576.693, 102
Trd, 4319577.493, 91
Trd, 4319578.643, 63
Trd, 4319578.893, 79
Trd, 4319581.793, 140
Trd, 4319582.593, 140
Trd, 4319582.743, 139
Trd, 4319582.993, 139
Trd, 4319583.093, 139
Trd, 4319583.543, 140
Trd, 4319584.793, 140
Trd, 4319585.143, 140
Trd, 4319585.193, 139
Trd, 4319585.493, 139
Trd, 4319587.593, 140
Trd, 4319587.893, 140
Trd, 4319588.243, 140
Trd, 4319589.143, 139
Trd, 4319589.593, 140
Trd, 4319589.643, 137
Trd, 4319589.843, 139
Trd, 4319593.043, 140
Trd, 4319593.343, 140
Trd, 4319593.443, 140
Trd, 4319594.743, 140
Trd, 4319595.193, 140
Trd, 4319596.293, 140
Trd, 4319596.893, 140
Trd, 4319599.993, 140
Trd, 4319600.593, 140
Trd, 4319600.793, 140
Trd, 4319602.743, 140
Trd, 4319603.443, 140
Trd, 4319604.393, 140
Trd, 4319606.193, 140
Trd, 4319606.793, 140
Trd, 4319606.943, 140
Trd, 4319607.143, 139
Trd, 4319608.493, 140
Trd, 4319608.793, 140
Trd, 4319609.393, 75
Trd, 4319611.993, 140
Trd, 4319613.193, 139
Trd, 4319613.593, 138
Trd, 4319616.543, 140
Trd, 4319617.743, 140
Trd, 4319617.843, 139
Trd, 4319618.193, 139
Trd, 4319618.993, 140
Trd, 4319619.393, 140
Trd, 4319619.493, 139
Trd, 4319619.793, 88
Trd, 4319621.693, 60
Trd, 4319622.243, 60
Trd, 4319622.643, 60
Trd, 4319623.293, 60
Trd, 4319623.993, 60
Trd, 4319624.143, 60
Trd, 4319625.593, 140
Trd, 4319625.843, 126
Trd, 4319627.093, 140
Trd, 4319627.293, 140
Trd, 4319628.293, 140
Trd, 4319628.393, 140
Trd, 4319629.543, 140
Trd, 4319630.393, 140
Trd, 4319631.293, 93
Trd, 4319631.443, 135
Trd, 4319632.343, 137
Trd, 4319632.893, 129
Trd, 4319633.993, 138
Trd, 4319636.193, 140
Trd, 4319636.393, 140
Trd, 4319638.043, 140
Trd, 4319638.843, 140
Trd, 4319639.393, 140
Trd, 4319639.643, 137
Trd, 4319639.793, 136
Trd, 4319640.593, 140
Trd, 4319641.543, 127
Trd, 4319642.143, 128
Trd, 4319642.643, 140
Trd, 4319642.993, 109
Trd, 4319643.593, 71
Trd, 4319644.743, 70
Trd, 4319646.893, 140
Trd, 4319647.093, 140
Trd, 4319647.743, 140
Trd, 4319650.593, 140
Trd, 4319650.693, 140
Trd, 4319653.343, 140
Trd, 4319653.843, 140
Trd, 4319654.043, 139
Trd, 4319655.893, 140
Trd, 4319656.143, 140
Trd, 4319656.843, 140
Trd, 4319657.343, 140
Trd, 4319657.743, 140
Trd, 4319658.293, 140
Trd, 4319658.593, 139
Trd, 4319658.643, 128
Trd, 4319658.793, 83
Trd, 4319659.693, 140
Trd, 4319661.893, 140
Trd, 4319662.093, 140
Trd, 4319664.343, 140
Trd, 4319664.693, 140
Trd, 4319664.743, 140
Trd, 4319664.843, 140
Trd, 4319664.943, 140
Trd, 4319665.093, 140
Trd, 4319667.743, 140
Trd, 4319667.843, 140
Trd, 4319667.893, 139
Trd, 4319668.893, 139
Trd, 4319670.243, 140
Trd, 4319670.343, 140
Trd, 4319673.143, 140
Trd, 4319674.293, 140
Trd, 4319674.343, 140
Trd, 4319674.893, 140
Trd, 4319675.493, 140
Trd, 4319676.993, 140
Trd, 4319679.493, 140
Trd, 4319679.843, 140
Trd, 4319680.343, 140
Trd, 4319681.343, 140
Trd, 4319681.793, 140
Trd, 4319683.543, 140
Trd, 4319685.443, 140
Trd, 4319685.743, 140
Trd, 4319685.943, 140
Trd, 4319687.543, 140
Trd, 4319687.943, 140
Trd, 4319688.493, 140
Trd, 4319689.793, 140
Trd, 4319689.893, 140
Trd, 4319690.743, 140
Trd, 4319690.843, 140
Trd, 4319691.393, 140
Trd, 4319691.543, 140
Trd, 4319692.043, 111
Trd, 4319693.293, 140
Trd, 4319693.643, 137
Trd, 4319696.243, 131
Trd, 4319696.593, 102
Trd, 4319697.693, 128
Trd, 4319697.793, 128
Trd, 4319698.493, 107
Trd, 4319699.593, 123
Trd, 4319699.693, 125
Trd, 4319699.793, 108
Trd, 4319701.143, 71
Trd, 4319701.643, 116
Trd, 4319703.143, 140
Trd, 4319703.393, 140
Trd, 4319703.793, 140
Trd, 4319704.193, 139
Trd, 4319707.443, 140
Trd, 4319708.043, 140
Trd, 4319709.243, 140
Trd, 4319709.993, 140
Trd, 4319710.093, 140
Trd, 4319711.593, 140
Trd, 4319711.893, 140
Trd, 4319711.943, 140
Trd, 4319712.343, 139
Trd, 4319713.093, 140
Trd, 4319713.993, 140
Trd, 4319714.843, 139
Trd, 4319715.043, 138
Trd, 4319715.443, 93
Trd, 4319716.293, 90
Trd, 4319716.443, 140
Trd, 4319718.793, 140
Trd, 4319719.593, 140
Trd, 4319719.843, 140
Trd, 4319719.943, 140
Trd, 4319719.993, 140
Trd, 4319720.893, 138
Trd, 4319721.193, 100
Trd, 4319722.493, 94
Trd, 4319723.943, 107
Trd, 4319724.293, 95
Trd, 4319725.093, 61
Trd, 4319725.243, 62
Trd, 4319725.443, 73
Trd, 4319728.193, 140
Trd, 4319728.493, 140
Trd, 4319728.993, 140
Trd, 4319729.693, 140
Trd, 4319729.893, 140
Trd, 4319730.343, 88
Trd, 4319730.593, 137
Trd, 4319731.743, 140
Trd, 4319731.993, 140
Trd, 4319733.793, 140
Trd, 4319733.893, 140
Trd, 4319735.243, 140
Trd, 4319735.493, 140
Trd, 4319735.743, 140
Trd, 4319735.793, 140
Trd, 4319735.843, 140
Trd, 4319736.143, 140
Trd, 4319737.343, 138
Trd, 4319739.543, 140
Trd, 4319739.893, 140
Trd, 4319740.893, 140
Trd, 4319741.293, 140
Trd, 4319741.843, 140
Trd, 4319742.493, 140
Trd, 4319742.693, 138
Trd, 4319743.193, 139
Trd, 4319744.643, 140
Trd, 4319746.143, 140
Trd, 4319746.343, 140
Trd, 4319746.693, 139
Trd, 4319747.643, 128
Trd, 4319747.793, 135
Trd, 4319748.093, 111
Trd, 4319748.643, 109
Trd, 4319749.993, 128
Trd, 4319750.093, 130
Trd, 4319750.293, 78
Trd, 4319750.393, 132
Trd, 4319750.593, 112
Trd, 4319752.493, 140
Trd, 4319752.743, 60
Trd, 4319753.343, 140
Trd, 4319754.393, 140
Trd, 4319754.743, 140
Trd, 4319755.643, 140
Trd, 4319755.743, 140
Trd, 4319756.193, 72
Trd, 4319756.843, 60
Trd, 4319758.043, 60
Trd, 4319758.693, 60
Trd, 4319760.343, 138
Trd, 4319761.543, 140
Trd, 4319761.743, 140
Trd, 4319761.843, 139
Trd, 4319764.143, 137
Trd, 4319764.843, 115
Trd, 4319765.043, 114
Trd, 4319765.193, 134
Trd, 4319765.393, 137
Trd, 4319765.893, 139
Trd, 4319766.393, 110
Trd, 4319767.443, 63
Trd, 4319769.393, 134
Trd, 4319771.043, 140
Trd, 4319771.393, 140
Trd, 4319772.543, 140
Trd, 4319773.093, 140
Trd, 4319773.943, 140
Trd, 4319774.943, 140
Trd, 4319775.093, 140
Trd, 4319775.393, 140
Trd, 4319775.543, 138
Trd, 4319775.693, 138
Trd, 4319776.443, 138
Trd, 4319779.693, 140
Trd, 4319779.793, 140
Trd, 4319780.143, 140
Trd, 4319781.193, 140
Trd, 4319782.343, 140
Trd, 4319783.093, 140
Trd, 4319783.493, 140
Trd, 4319783.643, 140
Trd, 4319786.593, 140
Trd, 4319787.143, 140
Trd, 4319787.493, 140
Trd, 4319788.093, 140
Trd, 4319788.143, 140
Trd, 4319789.543, 140
Trd, 4319789.793, 140
Trd, 4319789.843, 140
Trd, 4319790.343, 139
Trd, 4319790.893, 140
Trd, 4319790.943, 139
Trd, 4319791.093, 90
Trd, 4319792.443, 137
Trd, 4319792.893, 136
Trd, 4319793.293, 135
Trd, 4319794.143, 63
Trd, 4319795.893, 140
Trd, 4319796.493, 140
Trd, 4319797.543, 139
Trd, 4319797.993, 138
Trd, 4319798.293, 138
Trd, 4319801.043, 140
Trd, 4319801.343, 140
Trd, 4319802.293, 140
Trd, 4319803.793, 140
Trd, 4319804.493, 140
Trd, 4319804.793, 140
Trd, 4319805.943, 140
Trd, 4319806.043, 139
Trd, 4319806.243, 140
Trd, 4319806.443, 94
Trd, 4319806.843, 74
Trd, 4319808.243, 106
Trd, 4319808.343, 108
Trd, 4319808.543, 77
Trd, 4319810.543, 140
Trd, 4319811.293, 140
Trd, 4319811.943, 140
Trd, 4319812.343, 140
Trd, 4319813.443, 63
Trd, 4319814.243, 61
Trd, 4319814.593, 70
Trd, 4319814.993, 123
Trd, 4319815.443, 61
Trd, 4319816.243, 90
Trd, 4319816.843, 116
Trd, 4319816.943, 117
Trd, 4319817.793, 85
Trd, 4319819.093, 140
Trd, 4319820.693, 75
Trd, 4319821.043, 116
Trd, 4319821.143, 116
Trd, 4319822.693, 62
Trd, 4319823.943, 69
Trd, 4319824.343, 70
Trd, 4319824.943, 97
Trd, 4319826.493, 138
Trd, 4319827.193, 140
Trd, 4319829.093, 140
Trd, 4319829.243, 140
Trd, 4319830.343, 140
Trd, 4319830.493, 140
Trd, 4319832.693, 140
Trd, 4319833.543, 140
Trd, 4319834.043, 140
Trd, 4319834.393, 139
Trd, 4319834.593, 139
Trd, 4319834.793, 138
Trd, 4319835.593, 138
Trd, 4319835.843, 137
Trd, 4319837.593, 140
Trd, 4319838.093, 140
Trd, 4319838.893, 139
Trd, 4319839.643, 140
Trd, 4319840.093, 103
Trd, 4319840.943, 130
Trd, 4319841.143, 132
Trd, 4319841.243, 70
Trd, 4319841.543, 133
Trd, 4319843.793, 62
Trd, 4319844.293, 64
Trd, 4319844.693, 72
Trd, 4319845.193, 137
Trd, 4319847.343, 140
Trd, 4319848.193, 140
Trd, 4319848.693, 140
Trd, 4319849.093, 140
Trd, 4319849.143, 131
Trd, 4319850.293, 138
Trd, 4319850.593, 138
Trd, 4319851.643, 60
Trd, 4319852.443, 60
Trd, 4319853.093, 60
Trd, 4319853.693, 60
Trd, 4319853.743, 61
Trd, 4319854.393, 60
Trd, 4319854.693, 60
Trd, 4319855.793, 140
Trd, 4319857.043, 140
Trd, 4319857.443, 140
Trd, 4319859.443, 139
Trd, 4319859.743, 113
Trd, 4319860.743, 122
Trd, 4319861.743, 140
Trd, 4319861.943, 140
Trd, 4319862.793, 78
Trd, 4319862.843, 101
Trd, 4319864.693, 140
Trd, 4319867.243, 140
Trd, 4319868.143, 140
Trd, 4319869.243, 140
Trd, 4319870.343, 140
Trd, 4319870.593, 140
Trd, 4319871.243, 140
Trd, 4319871.293, 140
Trd, 4319871.543, 140
Trd, 4319871.693, 140
Trd, 4319872.293, 140
Trd, 4319873.543, 140
Trd, 4319874.043, 140
Trd, 4319874.693, 140
Trd, 4319874.993, 140
Trd, 4319876.943, 140
Trd, 4319877.393, 140
Trd, 4319877.893, 140
Trd, 4319878.443, 140
Trd, 4319879.493, 140
Trd, 4319879.893, 140
Trd, 4319880.693, 140
Trd, 4319880.793, 138
Trd, 4319881.093, 105
Trd, 4319882.643, 140
Trd, 4319882.843, 140
Trd, 4319884.393, 140
Trd, 4319885.193, 140
Trd, 4319885.593, 140
Trd, 4319886.093, 140
Trd, 4319886.343, 140
Trd, 4319887.393, 140
Trd, 4319887.743, 140
Trd, 4319888.443, 140
Trd, 4319888.993, 140
Trd, 4319889.493, 140
Trd, 4319889.893, 140
Trd, 4319890.743, 138
Trd, 4319890.843, 139
Trd, 4319891.193, 134
Trd, 4319892.393, 139
Trd, 4319895.093, 140
Trd, 4319895.643, 140
Trd, 4319895.743, 140
Trd, 4319896.143, 139
Trd, 4319896.493, 85
Trd, 4319896.643, 140
Trd, 4319898.893, 61
Trd, 4319900.093, 60
Trd, 4319900.593, 60
Trd, 4319900.993, 60
Trd, 4319901.593, 62
Trd, 4319902.243, 108
Trd, 4319902.943, 109
Trd, 4319903.093, 139
Trd, 4319903.593, 116
Trd, 4319903.693, 108
Trd, 4319904.043, 140
Trd, 4319905.143, 107
Trd, 4319905.393, 107
Trd, 4319906.593, 93
Trd, 4319907.993, 140
Trd, 4319908.093, 140
Trd, 4319909.943, 140
Trd, 4319910.393, 140
Trd, 4319911.893, 140
Trd, 4319912.643, 140
Trd, 4319912.943, 140
Trd, 4319915.193, 140
Trd, 4319916.643, 140
Trd, 4319917.593, 140
Trd, 4319918.043, 140
Trd, 4319918.493, 140
Trd, 4319919.093, 140
Trd, 4319919.293, 140
Trd, 4319919.493, 140
Trd, 4319919.893, 140
Trd, 4319922.043, 140
Trd, 4319922.293, 140
Trd, 4319922.443, 139
Trd, 4319924.243, 140
Trd, 4319924.343, 140
Trd, 4319924.743, 140
Trd, 4319926.043, 140
Trd, 4319926.943, 140
Trd, 4319927.993, 140
Trd, 4319928.793, 140
Trd, 4319929.293, 140
Trd, 4319929.443, 140
Trd, 4319929.743, 140
Trd, 4319930.793, 112
Trd, 4319930.843, 110
Trd, 4319931.243, 140
Trd, 4319932.243, 140
Trd, 4319932.293, 108
Trd, 4319934.043, 140
Trd, 4319935.443, 140
Trd, 4319935.593, 140
Trd, 4319936.893, 140
Trd, 4319937.093, 140
Trd, 4319937.643, 140
Trd, 4319938.143, 140
Trd, 4319939.043, 138
Trd, 4319939.393, 138
Trd, 4319939.943, 70
Trd, 4319940.343, 133
Trd, 4319940.693, 117
Trd, 4319940.893, 138
Trd, 4319941.643, 140
Trd, 4319943.193, 140
Trd, 4319943.543, 140
Trd, 4319946.293, 140
Trd, 4319946.743, 140
Trd, 4319947.093, 140
Trd, 4319948.293, 140
Trd, 4319948.493, 140
Trd, 4319948.593, 139
Trd, 4319949.293, 138
Trd, 4319949.643, 138
Trd, 4319950.693, 140
Trd, 4319951.193, 135
Trd, 4319951.493, 102
Trd, 4319952.643, 140
Trd, 4319953.593, 140
Trd, 4319954.143, 140
Trd, 4319954.693, 140
Trd, 4319955.543, 140
Trd, 4319956.543, 140
Trd, 4319956.843, 139
Trd, 4319957.443, 140
Trd, 4319957.643, 140
Trd, 4319957.843, 64
Trd, 4319959.293, 132
Trd, 4319960.743, 140
Trd, 4319962.293, 73
Trd, 4319962.643, 106
Trd, 4319962.743, 107
Trd, 4319962.793, 136
Trd, 4319964.243, 109
Trd, 4319965.443, 140
Trd, 4319965.593, 140
Trd, 4319965.693, 140
Trd, 4319966.543, 140
Trd, 4319967.443, 61
Trd, 4319967.843, 69
Trd, 4319967.993, 67
Trd, 4319969.893, 110
Trd, 4319970.293, 131
Trd, 4319970.443, 132
Trd, 4319970.893, 110
Trd, 4319971.293, 109
Trd, 4319971.943, 131
Trd, 4319972.293, 93
Trd, 4319973.793, 89
Trd, 4319973.993, 140
Trd, 4319976.643, 140
Trd, 4319977.593, 140
Trd, 4319977.893, 140
Trd, 4319978.293, 140
Trd, 4319979.493, 140
Trd, 4319981.593, 140
Trd, 4319982.143, 140
Trd, 4319982.293, 140
Trd, 4319985.243, 140
Trd, 4319986.643, 140
Trd, 4319987.443, 140
Trd, 4319988.293, 140
Trd, 4319988.443, 140
Trd, 4319988.593, 140
Trd, 4319988.843, 139
Trd, 4319989.343, 139
Trd, 4319990.343, 140
Trd, 4319990.593, 121
Trd, 4319991.193, 140
Trd, 4319994.743, 140
Trd, 4319995.143, 140
Trd, 4319995.493, 140
Trd, 4319995.893, 140
Trd, 4319997.093, 140
Trd, 4319998.443, 140
Trd, 4319998.893, 140
Trd, 4319999.493, 140
Trd, 4319999.943, 140
