Trd, 4318053.043, 70
Trd, 4318053.093, 83
Trd, 4318053.843, 132
Trd, 4318055.643, 133
Trd, 4318057.493, 100
Trd, 4318057.543, 135
Trd, 4318057.743, 99
Trd, 4318058.393, 96
Trd, 4318058.893, 82
Trd, 4318060.743, 111
Trd, 4318061.343, 106
Trd, 4318061.393, 98
Trd, 4318061.493, 78
Trd, 4318062.843, 103
Trd, 4318062.943, 79
Trd, 4318063.893, 69
Trd, 4318064.693, 131
Trd, 4318065.343, 100
Trd, 4318066.143, 132
Trd, 4318066.193, 118
Trd, 4318068.393, 136
Trd, 4318068.643, 133
Trd, 4318068.893, 120
Trd, 4318070.093, 103
Trd, 4318070.593, 92
Trd, 4318071.743, 101
Trd, 4318072.943, 119
Trd, 4318073.243, 126
Trd, 4318073.493, 117
Trd, 4318075.043, 132
Trd, 4318075.093, 124
Trd, 4318075.743, 123
Trd, 4318075.943, 112
Trd, 4318077.743, 104
Trd, 4318077.893, 96
Trd, 4318077.993, 93
Trd, 4318078.793, 61
Trd, 4318079.043, 80
Trd, 4318079.943, 89
Trd, 4318080.443, 94
Trd, 4318081.043, 140
Trd, 4318082.043, 116
Trd, 4318082.843, 133
Trd, 4318083.743, 113
Trd, 4318084.643, 99
Trd, 4318087.193, 110
Trd, 4318087.293, 108
Trd, 4318087.593, 112
Trd, 4318088.393, 102
Trd, 4318088.543, 109
Trd, 4318089.093, 90
Trd, 4318089.243, 97
Trd, 4318090.893, 125
Trd, 4318090.943, 110
Trd, 4318091.393, 108
Trd, 4318091.993, 130
Trd, 4318092.243, 91
Trd, 4318093.393, 138
Trd, 4318095.143, 137
Trd, 4318096.943, 115
Trd, 4318097.193, 112
Trd, 4318098.243, 138
Trd, 4318098.443, 109
Trd, 4318098.693, 97
Trd, 4318100.243, 108
Trd, 4318101.343, 97
Trd, 4318101.593, 95
Trd, 4318102.493, 103
Trd, 4318103.093, 110
Trd, 4318103.893, 77
Trd, 4318104.093, 84
Trd, 4318104.393, 127
Trd, 4318104.743, 104
Trd, 4318105.593, 119
Trd, 4318105.793, 112
Trd, 4318106.693, 98
Trd, 4318107.343, 111
Trd, 4318108.993, 83
Trd, 4318109.693, 99
Trd, 4318111.393, 116
Trd, 4318112.093, 116
Trd, 4318112.793, 99
Trd, 4318113.793, 103
Trd, 4318114.093, 84
Trd, 4318115.493, 131
Trd, 4318116.243, 119
Trd, 4318117.843, 123
Trd, 4318118.343, 112
Trd, 4318118.593, 108
Trd, 4318119.143, 86
Trd, 4318119.393, 115
Trd, 4318120.493, 89
Trd, 4318121.643, 136
Trd, 4318121.943, 92
Trd, 4318121.993, 83
Trd, 4318122.743, 83
Trd, 4318123.193, 109
Trd, 4318126.343, 76
Trd, 4318128.143, 116
Trd, 4318130.393, 129
Trd, 4318130.593, 126
Trd, 4318131.343, 93
Trd, 4318132.493, 103
Trd, 4318133.143, 103
Trd, 4318133.793, 127
Trd, 4318134.643, 138
Trd, 4318135.793, 115
Trd, 4318136.343, 103
Trd, 4318137.543, 122
Trd, 4318138.643, 107
Trd, 4318138.793, 91
Trd, 4318140.093, 80
Trd, 4318141.993, 131
Trd, 4318142.043, 123
Trd, 4318144.443, 108
Trd, 4318144.943, 137
Trd, 4318145.293, 83
Trd, 4318145.693, 126
Trd, 4318145.993, 106
Trd, 4318146.193, 90
Trd, 4318146.543, 76
Trd, 4318147.693, 121
Trd, 4318147.993, 112
Trd, 4318148.743, 139
Trd, 4318150.743, 133
Trd, 4318150.993, 116
Trd, 4318153.943, 128
Trd, 4318154.543, 118
Trd, 4318154.743, 111
Trd, 4318155.493, 133
Trd, 4318157.093, 104
Trd, 4318157.243, 72
Trd, 4318157.443, 80
Trd, 4318159.543, 116
Trd, 4318159.693, 110
Trd, 4318160.193, 105
Trd, 4318162.243, 119
Trd, 4318162.943, 107
Trd, 4318162.993, 95
Trd, 4318164.543, 73
Trd, 4318165.643, 136
Trd, 4318167.793, 108
Trd, 4318169.243, 95
Trd, 4318169.793, 87
Trd, 4318169.893, 109
Trd, 4318169.943, 84
Trd, 4318172.693, 139
Trd, 4318173.693, 138
Trd, 4318173.793, 93
Trd, 4318175.193, 123
Trd, 4318176.043, 100
Trd, 4318176.193, 124
Trd, 4318176.493, 128
Trd, 4318177.993, 103
Trd, 4318178.443, 115
Trd, 4318178.843, 97
Trd, 4318181.193, 120
Trd, 4318181.293, 119
Trd, 4318181.693, 77
Trd, 4318182.143, 86
Trd, 4318182.393, 127
Trd, 4318183.193, 107
Trd, 4318184.793, 94
Trd, 4318184.993, 98
Trd, 4318185.343, 130
Trd, 4318187.343, 113
Trd, 4318188.043, 124
Trd, 4318188.593, 117
Trd, 4318190.093, 111
Trd, 4318190.743, 87
Trd, 4318191.843, 116
Trd, 4318192.243, 110
Trd, 4318193.093, 135
Trd, 4318193.793, 91
Trd, 4318193.943, 84
Trd, 4318194.293, 79
Trd, 4318194.893, 106
Trd, 4318196.343, 94
Trd, 4318197.493, 129
Trd, 4318200.043, 107
Trd, 4318200.493, 116
Trd, 4318200.693, 121
Trd, 4318201.243, 107
Trd, 4318201.643, 100
Trd, 4318204.743, 96
Trd, 4318204.943, 93
Trd, 4318205.593, 107
Trd, 4318206.093, 105
Trd, 4318206.643, 84
Trd, 4318209.593, 134
Trd, 4318210.593, 138
Trd, 4318210.893, 122
Trd, 4318211.093, 108
Trd, 4318212.693, 133
Trd, 4318214.293, 106
Trd, 4318214.693, 118
Trd, 4318214.843, 85
Trd, 4318215.143, 83
Trd, 4318215.793, 77
Trd, 4318216.493, 87
Trd, 4318217.593, 110
Trd, 4318219.043, 139
Trd, 4318220.293, 105
Trd, 4318221.293, 106
Trd, 4318221.593, 85
Trd, 4318222.693, 115
Trd, 4318223.143, 119
Trd, 4318224.443, 134
Trd, 4318225.243, 107
Trd, 4318227.193, 89
Trd, 4318227.343, 104
Trd, 4318229.093, 75
Trd, 4318229.243, 126
Trd, 4318229.643, 107
Trd, 4318230.143, 110
Trd, 4318231.043, 112
Trd, 4318233.593, 136
Trd, 4318234.293, 121
Trd, 4318234.493, 108
Trd, 4318234.543, 104
Trd, 4318235.893, 109
Trd, 4318235.993, 119
Trd, 4318236.693, 139
Trd, 4318238.193, 124
Trd, 4318239.843, 110
Trd, 4318240.293, 107
Trd, 4318240.543, 87
Trd, 4318241.293, 126
Trd, 4318241.693, 95
Trd, 4318242.043, 131
Trd, 4318242.243, 96
Trd, 4318242.343, 74
Trd, 4318244.193, 129
Trd, 4318244.693, 138
Trd, 4318245.443, 132
Trd, 4318246.693, 95
Trd, 4318247.393, 94
Trd, 4318249.393, 105
Trd, 4318249.693, 78
Trd, 4318251.543, 122
Trd, 4318252.043, 95
Trd, 4318252.143, 104
Trd, 4318252.743, 89
Trd, 4318253.093, 88
Trd, 4318254.093, 124
Trd, 4318254.993, 130
Trd, 4318256.093, 113
Trd, 4318256.343, 100
Trd, 4318257.893, 125
Trd, 4318258.243, 129
Trd, 4318258.293, 110
Trd, 4318258.393, 85
Trd, 4318259.443, 112
Trd, 4318260.893, 130
Trd, 4318261.793, 135
Trd, 4318262.143, 140
Trd, 4318262.243, 93
Trd, 4318263.343, 109
Trd, 4318263.993, 90
Trd, 4318265.793, 123
Trd, 4318266.243, 119
Trd, 4318266.393, 109
Trd, 4318266.743, 101
Trd, 4318267.393, 103
Trd, 4318269.193, 132
Trd, 4318269.843, 138
Trd, 4318270.393, 137
Trd, 4318271.193, 105
Trd, 4318271.943, 110
Trd, 4318273.243, 128
Trd, 4318273.843, 133
Trd, 4318274.593, 95
Trd, 4318275.293, 125
Trd, 4318276.493, 118
Trd, 4318277.643, 130
Trd, 4318278.143, 121
Trd, 4318278.843, 115
Trd, 4318278.993, 91
Trd, 4318279.493, 85
Trd, 4318279.843, 65
Trd, 4318280.443, 105
Trd, 4318281.693, 138
Trd, 4318283.493, 128
Trd, 4318283.893, 128
Trd, 4318284.143, 104
Trd, 4318284.243, 102
Trd, 4318285.793, 112
Trd, 4318287.043, 112
Trd, 4318287.743, 85
Trd, 4318288.293, 112
Trd, 4318289.993, 132
Trd, 4318290.643, 100
Trd, 4318290.843, 129
Trd, 4318291.243, 110
Trd, 4318292.793, 138
Trd, 4318295.143, 126
Trd, 4318295.443, 104
Trd, 4318295.493, 101
Trd, 4318296.093, 103
Trd, 4318296.643, 122
Trd, 4318296.793, 84
Trd, 4318299.893, 137
Trd, 4318301.043, 105
Trd, 4318301.443, 116
Trd, 4318302.243, 80
Trd, 4318303.493, 93
Trd, 4318303.993, 106
Trd, 4318304.693, 125
Trd, 4318305.143, 112
Trd, 4318306.143, 115
Trd, 4318306.293, 100
Trd, 4318307.143, 126
Trd, 4318307.943, 77
Trd, 4318308.993, 81
Trd, 4318309.943, 80
Trd, 4318311.143, 129
Trd, 4318311.243, 113
Trd, 4318311.893, 120
Trd, 4318312.543, 97
Trd, 4318313.993, 94
Trd, 4318314.293, 96
Trd, 4318314.593, 90
Trd, 4318316.093, 81
Trd, 4318316.293, 120
Trd, 4318316.743, 108
Trd, 4318317.743, 107
Trd, 4318318.343, 90
Trd, 4318318.593, 104
Trd, 4318319.693, 100
Trd, 4318320.393, 119
Trd, 4318321.193, 88
Trd, 4318321.993, 130
Trd, 4318322.143, 78
Trd, 4318322.393, 136
Trd, 4318323.593, 125
Trd, 4318323.893, 105
Trd, 4318324.843, 95
Trd, 4318325.643, 96
Trd, 4318326.193, 84
Trd, 4318326.393, 88
Trd, 4318326.493, 83
Trd, 4318328.193, 136
Trd, 4318328.593, 80
Trd, 4318331.493, 136
Trd, 4318332.993, 127
Trd, 4318333.393, 124
Trd, 4318333.793, 96
Trd, 4318333.943, 86
Trd, 4318334.143, 138
Trd, 4318334.393, 86
Trd, 4318337.293, 110
Trd, 4318337.543, 99
Trd, 4318338.293, 123
Trd, 4318339.093, 82
Trd, 4318339.193, 118
Trd, 4318339.293, 78
Trd, 4318339.943, 137
Trd, 4318340.143, 117
Trd, 4318340.393, 114
Trd, 4318344.093, 106
Trd, 4318344.893, 83
Trd, 4318344.943, 79
Trd, 4318345.193, 90
Trd, 4318345.243, 78
Trd, 4318346.343, 140
Trd, 4318347.943, 92
Trd, 4318348.293, 84
Trd, 4318349.493, 127
Trd, 4318350.843, 130
Trd, 4318350.893, 109
Trd, 4318351.943, 81
Trd, 4318352.843, 125
Trd, 4318353.043, 86
Trd, 4318353.643, 67
Trd, 4318355.143, 139
Trd, 4318356.543, 111
Trd, 4318356.593, 105
Trd, 4318357.643, 90
Trd, 4318357.993, 120
Trd, 4318358.693, 134
Trd, 4318360.043, 123
Trd, 4318360.643, 117
Trd, 4318361.693, 119
Trd, 4318362.743, 123
Trd, 4318363.443, 111
Trd, 4318365.243, 127
Trd, 4318366.893, 126
Trd, 4318367.993, 130
Trd, 4318368.243, 132
Trd, 4318369.543, 126
Trd, 4318370.543, 103
Trd, 4318370.843, 95
Trd, 4318371.143, 117
Trd, 4318373.493, 75
Trd, 4318374.693, 127
Trd, 4318375.993, 132
Trd, 4318376.643, 112
Trd, 4318376.943, 114
Trd, 4318379.343, 106
Trd, 4318381.493, 135
Trd, 4318383.293, 117
Trd, 4318383.843, 128
Trd, 4318383.993, 118
Trd, 4318384.793, 119
Trd, 4318386.343, 123
Trd, 4318386.843, 113
Trd, 4318387.243, 77
Trd, 4318388.193, 133
Trd, 4318389.493, 133
Trd, 4318389.643, 111
Trd, 4318389.943, 123
Trd, 4318390.243, 108
Trd, 4318391.743, 102
Trd, 4318391.943, 101
Trd, 4318393.143, 100
Trd, 4318393.493, 65
Trd, 4318394.793, 111
Trd, 4318395.793, 85
Trd, 4318396.893, 115
Trd, 4318397.243, 110
Trd, 4318397.343, 101
Trd, 4318398.393, 107
Trd, 4318398.443, 86
Trd, 4318400.293, 109
Trd, 4318401.743, 132
Trd, 4318401.793, 98
Trd, 4318403.043, 128
Trd, 4318403.693, 130
Trd, 4318404.043, 92
Trd, 4318407.493, 127
Trd, 4318408.043, 100
Trd, 4318408.743, 97
Trd, 4318409.493, 129
Trd, 4318410.593, 88
Trd, 4318410.643, 82
Trd, 4318411.593, 134
Trd, 4318411.793, 120
Trd, 4318412.293, 138
Trd, 4318413.993, 108
Trd, 4318414.193, 93
Trd, 4318415.193, 87
Trd, 4318415.943, 95
Trd, 4318416.343, 96
Trd, 4318417.693, 104
Trd, 4318418.793, 90
Trd, 4318419.743, 121
Trd, 4318420.043, 92
Trd, 4318420.743, 98
Trd, 4318421.193, 96
Trd, 4318422.593, 115
Trd, 4318424.043, 106
Trd, 4318424.393, 115
Trd, 4318424.693, 112
Trd, 4318426.743, 114
Trd, 4318427.793, 111
Trd, 4318429.393, 110
Trd, 4318429.893, 91
Trd, 4318430.293, 99
Trd, 4318431.093, 120
Trd, 4318431.293, 137
Trd, 4318432.393, 104
Trd, 4318434.043, 131
Trd, 4318434.293, 133
Trd, 4318434.593, 119
Trd, 4318434.843, 105
Trd, 4318435.793, 115
Trd, 4318436.443, 109
Trd, 4318438.443, 136
Trd, 4318439.343, 109
Trd, 4318439.393, 108
Trd, 4318441.093, 111
Trd, 4318441.543, 87
Trd, 4318443.393, 94
Trd, 4318444.543, 95
Trd, 4318445.493, 125
Trd, 4318446.993, 121
Trd, 4318447.343, 112
Trd, 4318447.743, 119
Trd, 4318448.093, 97
Trd, 4318449.343, 85
Trd, 4318449.493, 89
Trd, 4318449.743, 75
Trd, 4318449.943, 75
Trd, 4318451.993, 127
Trd, 4318452.443, 128
Trd, 4318452.743, 137
Trd, 4318454.793, 139
Trd, 4318455.043, 126
Trd, 4318455.143, 118
Trd, 4318455.343, 116
Trd, 4318456.643, 139
Trd, 4318457.343, 125
Trd, 4318458.543, 112
Trd, 4318459.693, 119
Trd, 4318459.743, 107
Trd, 4318459.793, 103
Trd, 4318460.193, 99
Trd, 4318461.643, 127
Trd, 4318462.143, 109
Trd, 4318462.343, 105
Trd, 4318464.343, 126
Trd, 4318464.743, 124
Trd, 4318465.943, 95
Trd, 4318467.443, 123
Trd, 4318468.343, 125
Trd, 4318468.543, 113
Trd, 4318471.043, 136
Trd, 4318471.293, 135
Trd, 4318472.593, 129
Trd, 4318473.193, 127
Trd, 4318474.143, 117
Trd, 4318475.043, 130
Trd, 4318475.343, 131
Trd, 4318476.393, 112
Trd, 4318476.843, 102
Trd, 4318477.043, 91
Trd, 4318478.193, 123
Trd, 4318478.493, 113
Trd, 4318478.843, 109
Trd, 4318480.593, 137
Trd, 4318481.043, 120
Trd, 4318483.143, 86
Trd, 4318483.793, 98
Trd, 4318484.293, 98
Trd, 4318484.393, 115
Trd, 4318486.293, 130
Trd, 4318486.493, 111
Trd, 4318486.843, 99
Trd, 4318487.343, 132
Trd, 4318487.493, 107
Trd, 4318490.293, 90
Trd, 4318490.443, 87
Trd, 4318490.993, 99
Trd, 4318491.443, 125
Trd, 4318491.893, 109
Trd, 4318493.143, 89
Trd, 4318493.643, 100
Trd, 4318494.293, 81
Trd, 4318494.743, 89
Trd, 4318495.143, 78
Trd, 4318495.293, 113
Trd, 4318497.243, 123
Trd, 4318497.643, 103
Trd, 4318498.343, 95
Trd, 4318501.193, 119
Trd, 4318501.543, 122
Trd, 4318501.943, 107
Trd, 4318502.493, 114
Trd, 4318503.543, 130
Trd, 4318504.993, 109
Trd, 4318505.243, 137
Trd, 4318505.543, 105
Trd, 4318506.543, 103
Trd, 4318506.943, 103
Trd, 4318507.243, 111
Trd, 4318508.643, 128
Trd, 4318508.943, 104
Trd, 4318509.543, 89
Trd, 4318510.743, 93
Trd, 4318511.843, 91
Trd, 4318512.393, 99
Trd, 4318512.893, 117
Trd, 4318513.443, 107
Trd, 4318514.343, 102
Trd, 4318514.843, 132
Trd, 4318514.993, 117
Trd, 4318515.793, 137
Trd, 4318517.693, 114
Trd, 4318517.943, 117
Trd, 4318519.143, 122
Trd, 4318519.593, 119
Trd, 4318520.743, 135
Trd, 4318521.043, 101
Trd, 4318522.343, 126
Trd, 4318522.993, 123
Trd, 4318524.143, 107
Trd, 4318524.943, 115
Trd, 4318526.393, 136
Trd, 4318526.543, 135
Trd, 4318526.893, 103
Trd, 4318528.043, 123
Trd, 4318529.293, 112
Trd, 4318529.493, 104
Trd, 4318529.543, 130
Trd, 4318529.743, 101
Trd, 4318530.043, 74
Trd, 4318530.393, 124
Trd, 4318532.393, 65
Trd, 4318533.493, 125
Trd, 4318534.293, 93
Trd, 4318536.743, 98
Trd, 4318537.593, 130
Trd, 4318537.793, 126
Trd, 4318537.943, 94
Trd, 4318538.393, 126
Trd, 4318541.443, 128
Trd, 4318541.543, 115
Trd, 4318541.943, 118
Trd, 4318542.743, 124
Trd, 4318543.593, 112
Trd, 4318543.643, 109
Trd, 4318544.893, 90
Trd, 4318545.143, 121
Trd, 4318546.593, 130
Trd, 4318546.993, 100
Trd, 4318548.693, 121
Trd, 4318549.043, 115
Trd, 4318549.443, 120
Trd, 4318549.943, 101
Trd, 4318551.243, 127
Trd, 4318551.393, 90
Trd, 4318552.393, 113
Trd, 4318554.093, 125
Trd, 4318555.743, 129
Trd, 4318555.943, 103
Trd, 4318556.243, 125
Trd, 4318556.543, 112
Trd, 4318556.943, 95
Trd, 4318557.543, 91
Trd, 4318558.193, 84
Trd, 4318559.193, 88
Trd, 4318560.043, 64
Trd, 4318560.193, 96
Trd, 4318560.743, 102
Trd, 4318561.943, 80
Trd, 4318562.293, 81
Trd, 4318563.143, 92
Trd, 4318564.043, 87
Trd, 4318564.843, 86
Trd, 4318565.043, 96
Trd, 4318565.543, 119
Trd, 4318566.293, 87
Trd, 4318566.393, 72
Trd, 4318567.793, 127
Trd, 4318568.743, 103
Trd, 4318570.143, 104
Trd, 4318570.593, 121
Trd, 4318571.193, 105
Trd, 4318572.243, 103
Trd, 4318572.493, 91
Trd, 4318574.343, 113
Trd, 4318575.493, 110
Trd, 4318575.693, 88
Trd, 4318576.143, 82
Trd, 4318576.743, 79
Trd, 4318576.793, 95
Trd, 4318577.793, 130
Trd, 4318578.093, 81
Trd, 4318580.093, 111
Trd, 4318580.293, 73
Trd, 4318580.393, 80
Trd, 4318580.943, 61
Trd, 4318581.543, 72
Trd, 4318583.743, 126
Trd, 4318583.943, 107
Trd, 4318585.043, 136
Trd, 4318585.893, 128
Trd, 4318586.093, 110
Trd, 4318586.893, 110
Trd, 4318587.743, 100
Trd, 4318587.943, 97
Trd, 4318591.043, 94
Trd, 4318591.993, 122
Trd, 4318592.043, 121
Trd, 4318593.843, 94
Trd, 4318594.343, 87
Trd, 4318594.793, 108
Trd, 4318596.043, 82
Trd, 4318596.593, 116
Trd, 4318596.693, 82
Trd, 4318596.943, 93
Trd, 4318598.243, 104
Trd, 4318600.943, 133
Trd, 4318602.043, 116
Trd, 4318602.693, 108
Trd, 4318603.093, 89
Trd, 4318603.793, 119
Trd, 4318604.743, 96
Trd, 4318604.993, 94
Trd, 4318606.543, 134
Trd, 4318607.143, 108
Trd, 4318608.343, 138
Trd, 4318608.793, 135
Trd, 4318609.693, 92
Trd, 4318610.693, 121
Trd, 4318611.243, 103
Trd, 4318612.843, 98
Trd, 4318612.993, 84
Trd, 4318614.093, 108
Trd, 4318614.343, 121
Trd, 4318615.143, 92
Trd, 4318615.443, 112
Trd, 4318617.843, 84
Trd, 4318618.943, 115
Trd, 4318621.393, 110
Trd, 4318622.143, 103
Trd, 4318622.793, 110
Trd, 4318622.943, 126
Trd, 4318623.343, 122
Trd, 4318624.193, 122
Trd, 4318624.943, 109
Trd, 4318624.993, 99
Trd, 4318625.143, 114
Trd, 4318626.843, 133
Trd, 4318627.393, 111
Trd, 4318627.793, 104
Trd, 4318629.243, 118
Trd, 4318629.693, 111
Trd, 4318630.143, 87
Trd, 4318630.643, 104
Trd, 4318630.743, 93
Trd, 4318631.043, 93
Trd, 4318632.743, 120
Trd, 4318632.893, 132
Trd, 4318633.643, 112
Trd, 4318634.843, 104
Trd, 4318636.793, 132
Trd, 4318637.193, 121
Trd, 4318637.743, 140
Trd, 4318637.843, 124
Trd, 4318637.943, 116
Trd, 4318639.043, 88
Trd, 4318639.393, 112
Trd, 4318640.993, 125
Trd, 4318642.843, 114
Trd, 4318644.543, 124
Trd, 4318645.293, 127
Trd, 4318646.693, 114
Trd, 4318646.843, 97
Trd, 4318647.393, 123
Trd, 4318647.943, 139
Trd, 4318648.343, 96
Trd, 4318648.493, 82
Trd, 4318652.743, 138
Trd, 4318653.543, 130
Trd, 4318653.743, 115
Trd, 4318654.143, 115
Trd, 4318655.543, 103
Trd, 4318656.493, 98
Trd, 4318656.643, 94
Trd, 4318656.993, 102
Trd, 4318658.593, 107
Trd, 4318658.893, 104
Trd, 4318659.693, 112
Trd, 4318660.243, 109
Trd, 4318660.343, 99
Trd, 4318662.143, 119
Trd, 4318662.193, 108
Trd, 4318664.593, 117
Trd, 4318664.943, 112
Trd, 4318665.143, 109
Trd, 4318665.943, 122
Trd, 4318666.143, 111
Trd, 4318667.493, 118
Trd, 4318668.193, 130
Trd, 4318669.293, 117
Trd, 4318669.993, 104
Trd, 4318670.243, 91
Trd, 4318671.043, 99
Trd, 4318671.243, 61
Trd, 4318672.843, 75
Trd, 4318673.193, 72
Trd, 4318673.393, 69
Trd, 4318673.543, 113
Trd, 4318674.793, 74
Trd, 4318675.243, 101
Trd, 4318676.043, 112
Trd, 4318676.743, 137
Trd, 4318678.493, 74
Trd, 4318678.843, 85
Trd, 4318678.943, 92
Trd, 4318680.443, 106
Trd, 4318681.593, 132
Trd, 4318681.743, 118
Trd, 4318682.493, 69
Trd, 4318682.643, 116
Trd, 4318684.493, 121
Trd, 4318685.443, 110
Trd, 4318687.193, 121
Trd, 4318689.943, 132
Trd, 4318690.343, 114
Trd, 4318691.093, 105
Trd, 4318691.643, 115
Trd, 4318691.693, 107
Trd, 4318691.743, 104
Trd, 4318692.393, 125
Trd, 4318693.993, 116
Trd, 4318694.143, 105
Trd, 4318694.743, 94
Trd, 4318696.543, 119
Trd, 4318697.693, 106
Trd, 4318697.893, 105
Trd, 4318699.443, 111
Trd, 4318700.693, 140
Trd, 4318700.743, 112
Trd, 4318701.393, 103
Trd, 4318701.943, 89
Trd, 4318703.143, 138
Trd, 4318704.143, 120
Trd, 4318704.243, 110
Trd, 4318704.743, 106
Trd, 4318707.143, 118
Trd, 4318709.643, 133
Trd, 4318710.043, 137
Trd, 4318711.793, 126
Trd, 4318712.643, 108
Trd, 4318713.893, 116
Trd, 4318714.193, 102
Trd, 4318714.343, 92
Trd, 4318715.043, 126
Trd, 4318716.093, 111
Trd, 4318716.393, 130
Trd, 4318717.043, 123
Trd, 4318717.293, 89
Trd, 4318717.643, 96
Trd, 4318719.243, 135
Trd, 4318720.143, 128
Trd, 4318721.243, 117
Trd, 4318721.293, 116
Trd, 4318722.443, 118
Trd, 4318723.793, 131
Trd, 4318725.343, 117
Trd, 4318726.143, 125
Trd, 4318726.193, 126
Trd, 4318726.893, 97
Trd, 4318727.293, 98
Trd, 4318728.093, 127
Trd, 4318728.543, 110
Trd, 4318729.693, 105
Trd, 4318729.993, 70
Trd, 4318732.493, 101
Trd, 4318732.743, 127
Trd, 4318733.443, 133
Trd, 4318734.143, 134
Trd, 4318736.093, 108
Trd, 4318738.343, 135
Trd, 4318738.693, 112
Trd, 4318738.793, 84
Trd, 4318739.593, 74
Trd, 4318741.193, 112
Trd, 4318742.393, 137
Trd, 4318743.443, 131
Trd, 4318744.743, 125
Trd, 4318744.993, 114
Trd, 4318747.743, 135
Trd, 4318748.293, 101
Trd, 4318748.693, 131
Trd, 4318749.643, 124
Trd, 4318750.593, 137
Trd, 4318750.693, 127
Trd, 4318751.293, 133
Trd, 4318752.093, 114
Trd, 4318754.093, 137
Trd, 4318754.443, 98
Trd, 4318755.393, 108
Trd, 4318755.693, 106
Trd, 4318757.743, 132
Trd, 4318757.793, 112
Trd, 4318758.443, 97
Trd, 4318759.593, 125
Trd, 4318759.693, 113
Trd, 4318760.293, 92
Trd, 4318760.643, 99
Trd, 4318761.293, 118
Trd, 4318761.693, 138
Trd, 4318762.843, 110
Trd, 4318764.093, 119
Trd, 4318764.443, 91
Trd, 4318765.843, 134
Trd, 4318766.093, 120
Trd, 4318766.443, 94
Trd, 4318767.993, 113
Trd, 4318769.843, 93
Trd, 4318770.593, 118
Trd, 4318771.693, 115
Trd, 4318771.893, 106
Trd, 4318773.543, 108
Trd, 4318773.693, 116
Trd, 4318774.143, 101
Trd, 4318775.093, 87
Trd, 4318775.643, 73
Trd, 4318775.743, 92
Trd, 4318776.343, 68
Trd, 4318777.193, 71
Trd, 4318778.393, 133
Trd, 4318778.943, 77
Trd, 4318780.193, 88
Trd, 4318781.143, 95
Trd, 4318781.393, 103
Trd, 4318782.443, 127
Trd, 4318783.393, 100
Trd, 4318783.493, 124
Trd, 4318784.843, 138
Trd, 4318785.393, 106
Trd, 4318785.593, 94
Trd, 4318786.143, 119
Trd, 4318786.293, 96
Trd, 4318787.543, 97
Trd, 4318788.193, 126
Trd, 4318789.893, 120
Trd, 4318789.993, 87
Trd, 4318790.593, 114
Trd, 4318792.543, 120
Trd, 4318793.393, 102
Trd, 4318796.143, 130
Trd, 4318796.893, 121
Trd, 4318797.043, 116
Trd, 4318797.093, 108
Trd, 4318797.393, 103
Trd, 4318797.493, 100
Trd, 4318798.243, 91
Trd, 4318798.443, 110
Trd, 4318800.293, 111
Trd, 4318801.443, 118
Trd, 4318802.943, 122
Trd, 4318803.043, 107
Trd, 4318803.143, 107
Trd, 4318803.493, 127
Trd, 4318803.543, 106
Trd, 4318805.893, 113
Trd, 4318806.543, 133
Trd, 4318806.593, 110
Trd, 4318807.293, 118
Trd, 4318807.693, 85
Trd, 4318807.943, 88
Trd, 4318810.393, 89
Trd, 4318810.543, 76
Trd, 4318811.293, 118
Trd, 4318812.793, 111
Trd, 4318813.893, 81
Trd, 4318814.943, 99
Trd, 4318815.943, 84
Trd, 4318816.293, 111
Trd, 4318816.593, 104
Trd, 4318818.593, 111
Trd, 4318819.593, 131
Trd, 4318821.143, 89
Trd, 4318821.693, 99
Trd, 4318821.843, 114
Trd, 4318822.243, 94
Trd, 4318822.743, 138
Trd, 4318823.693, 89
Trd, 4318824.843, 111
Trd, 4318824.943, 91
Trd, 4318826.743, 81
Trd, 4318826.943, 95
Trd, 4318827.893, 87
Trd, 4318828.593, 74
Trd, 4318829.043, 132
Trd, 4318829.743, 101
Trd, 4318830.293, 119
Trd, 4318831.043, 62
Trd, 4318831.393, 140
Trd, 4318831.743, 90
Trd, 4318833.043, 115
Trd, 4318835.143, 106
Trd, 4318836.593, 108
Trd, 4318836.993, 133
Trd, 4318837.793, 74
Trd, 4318837.843, 82
Trd, 4318838.293, 122
Trd, 4318838.443, 77
Trd, 4318839.143, 88
Trd, 4318839.543, 103
Trd, 4318840.743, 123
Trd, 4318842.993, 121
Trd, 4318844.493, 108
Trd, 4318845.843, 116
Trd, 4318847.093, 124
Trd, 4318847.693, 124
Trd, 4318847.843, 110
Trd, 4318848.643, 104
Trd, 4318848.793, 114
Trd, 4318849.643, 124
Trd, 4318850.693, 128
Trd, 4318850.893, 124
Trd, 4318851.843, 104
Trd, 4318852.693, 94
Trd, 4318855.143, 114
Trd, 4318856.143, 125
Trd, 4318856.243, 113
Trd, 4318856.493, 100
Trd, 4318857.293, 95
Trd, 4318857.943, 70
Trd, 4318858.043, 91
Trd, 4318858.393, 117
Trd, 4318860.743, 125
Trd, 4318861.693, 128
Trd, 4318861.993, 118
Trd, 4318862.443, 96
Trd, 4318863.643, 115
Trd, 4318864.043, 110
Trd, 4318865.043, 119
Trd, 4318865.943, 122
Trd, 4318866.543, 122
Trd, 4318866.793, 118
Trd, 4318867.093, 113
Trd, 4318869.043, 113
Trd, 4318869.443, 97
Trd, 4318871.143, 113
Trd, 4318872.293, 115
Trd, 4318873.193, 130
Trd, 4318873.993, 87
Trd, 4318874.693, 122
Trd, 4318875.543, 124
Trd, 4318875.993, 109
Trd, 4318878.043, 134
Trd, 4318878.593, 107
Trd, 4318879.943, 118
Trd, 4318881.043, 126
Trd, 4318881.593, 124
Trd, 4318883.443, 116
Trd, 4318883.643, 122
Trd, 4318884.243, 118
Trd, 4318885.193, 91
Trd, 4318885.393, 94
Trd, 4318885.793, 111
Trd, 4318885.993, 86
Trd, 4318887.393, 123
Trd, 4318887.893, 109
Trd, 4318888.543, 118
Trd, 4318889.143, 67
Trd, 4318891.143, 98
Trd, 4318892.093, 98
Trd, 4318893.143, 117
Trd, 4318893.343, 102
Trd, 4318893.543, 98
Trd, 4318893.693, 91
Trd, 4318894.143, 114
Trd, 4318895.893, 108
Trd, 4318896.843, 72
Trd, 4318897.443, 102
Trd, 4318897.543, 116
Trd, 4318898.243, 121
Trd, 4318898.643, 82
Trd, 4318901.193, 112
Trd, 4318901.343, 106
Trd, 4318903.243, 95
Trd, 4318903.393, 103
Trd, 4318904.293, 130
Trd, 4318904.543, 116
Trd, 4318905.393, 96
Trd, 4318906.993, 89
Trd, 4318907.693, 119
Trd, 4318908.643, 102
Trd, 4318910.293, 106
Trd, 4318911.543, 101
Trd, 4318911.693, 92
Trd, 4318912.093, 94
Trd, 4318912.393, 91
Trd, 4318912.943, 99
Trd, 4318916.043, 100
Trd, 4318916.143, 94
Trd, 4318916.793, 96
Trd, 4318916.843, 124
Trd, 4318917.193, 66
Trd, 4318917.893, 89
Trd, 4318919.043, 110
Trd, 4318919.843, 97
Trd, 4318920.943, 112
Trd, 4318922.193, 93
Trd, 4318922.843, 98
Trd, 4318924.043, 120
Trd, 4318924.343, 108
Trd, 4318925.293, 100
Trd, 4318925.443, 99
Trd, 4318925.693, 124
Trd, 4318926.643, 95
Trd, 4318927.093, 67
Trd, 4318927.593, 69
Trd, 4318929.493, 131
Trd, 4318930.543, 132
Trd, 4318930.643, 127
Trd, 4318931.893, 126
Trd, 4318932.043, 104
Trd, 4318935.093, 110
Trd, 4318936.443, 137
Trd, 4318936.693, 124
Trd, 4318936.943, 116
Trd, 4318939.043, 83
Trd, 4318939.693, 88
Trd, 4318940.943, 131
Trd, 4318942.993, 134
Trd, 4318943.243, 124
Trd, 4318943.393, 119
Trd, 4318944.143, 120
Trd, 4318944.593, 118
Trd, 4318944.693, 106
Trd, 4318945.743, 117
Trd, 4318948.193, 107
Trd, 4318948.293, 121
Trd, 4318948.693, 114
Trd, 4318949.493, 129
Trd, 4318949.543, 114
Trd, 4318949.793, 89
Trd, 4318949.943, 66
Trd, 4318950.693, 133
Trd, 4318951.793, 115
Trd, 4318952.693, 106
Trd, 4318953.643, 129
Trd, 4318953.893, 113
Trd, 4318954.193, 97
Trd, 4318954.643, 119
Trd, 4318955.593, 107
Trd, 4318958.443, 125
Trd, 4318958.793, 96
Trd, 4318959.543, 105
Trd, 4318959.793, 101
Trd, 4318960.493, 130
Trd, 4318961.343, 128
Trd, 4318961.393, 112
Trd, 4318961.993, 106
Trd, 4318962.093, 80
Trd, 4318965.243, 129
Trd, 4318965.643, 123
Trd, 4318966.093, 108
Trd, 4318966.243, 100
Trd, 4318967.293, 133
Trd, 4318968.093, 108
Trd, 4318968.643, 132
Trd, 4318969.993, 121
Trd, 4318970.093, 136
Trd, 4318970.643, 93
Trd, 4318970.893, 88
Trd, 4318972.393, 122
Trd, 4318973.043, 110
Trd, 4318974.593, 139
Trd, 4318975.443, 106
Trd, 4318976.843, 129
Trd, 4318977.893, 138
Trd, 4318978.293, 98
Trd, 4318978.643, 113
Trd, 4318979.593, 83
Trd, 4318979.743, 79
Trd, 4318980.493, 110
Trd, 4318981.993, 138
Trd, 4318983.143, 112
Trd, 4318983.843, 109
Trd, 4318985.393, 93
Trd, 4318987.043, 84
Trd, 4318987.593, 125
Trd, 4318987.743, 127
Trd, 4318988.543, 100
Trd, 4318990.893, 105
Trd, 4318991.443, 87
Trd, 4318992.343, 111
Trd, 4318992.793, 96
Trd, 4318993.193, 84
Trd, 4318994.393, 87
Trd, 4318995.593, 73
Trd, 4318996.043, 114
Trd, 4318998.343, 124
Trd, 4318998.643, 109
Trd, 4318998.793, 117
Trd, 4318999.243, 94
Trd, 4318999.743, 133
Trd, 4319002.293, 126
Trd, 4319002.493, 122
Trd, 4319004.093, 121
Trd, 4319004.393, 120
Trd, 4319004.743, 109
Trd, 4319005.043, 122
Trd, 4319005.443, 119
Trd, 4319006.343, 114
Trd, 4319006.443, 106
Trd, 4319006.543, 104
Trd, 4319008.343, 140
Trd, 4319008.543, 127
Trd, 4319009.043, 131
Trd, 4319009.143, 113
Trd, 4319009.293, 137
Trd, 4319010.443, 114
Trd, 4319012.243, 136
Trd, 4319012.293, 114
Trd, 4319012.693, 96
Trd, 4319013.943, 93
Trd, 4319014.293, 116
Trd, 4319015.343, 80
Trd, 4319015.743, 83
Trd, 4319016.393, 108
Trd, 4319016.843, 77
Trd, 4319017.343, 67
Trd, 4319018.243, 98
Trd, 4319019.143, 90
Trd, 4319020.193, 82
Trd, 4319020.893, 105
Trd, 4319022.043, 93
Trd, 4319022.293, 83
Trd, 4319022.743, 71
Trd, 4319023.593, 88
Trd, 4319024.893, 123
Trd, 4319025.243, 139
Trd, 4319025.643, 102
Trd, 4319025.693, 99
Trd, 4319026.693, 132
Trd, 4319027.043, 95
Trd, 4319027.793, 82
Trd, 4319028.593, 96
Trd, 4319029.843, 131
Trd, 4319030.693, 118
Trd, 4319030.993, 140
Trd, 4319031.543, 130
Trd, 4319032.343, 79
Trd, 4319032.693, 105
Trd, 4319033.893, 77
Trd, 4319034.043, 85
Trd, 4319035.093, 81
Trd, 4319036.793, 136
Trd, 4319038.543, 136
Trd, 4319038.643, 98
Trd, 4319039.843, 129
Trd, 4319040.543, 129
Trd, 4319041.693, 129
Trd, 4319041.843, 124
Trd, 4319042.743, 113
Trd, 4319043.443, 108
Trd, 4319043.543, 95
Trd, 4319043.943, 103
Trd, 4319045.293, 88
Trd, 4319045.393, 81
Trd, 4319045.943, 136
Trd, 4319046.593, 96
Trd, 4319047.743, 97
Trd, 4319047.793, 119
Trd, 4319050.093, 107
Trd, 4319051.043, 137
Trd, 4319052.693, 122
Trd, 4319053.543, 108
Trd, 4319054.093, 98
Trd, 4319054.293, 117
Trd, 4319054.493, 122
Trd, 4319054.943, 98
Trd, 4319055.343, 122
Trd, 4319056.043, 124
Trd, 4319058.693, 138
Trd, 4319058.993, 133
Trd, 4319059.143, 109
Trd, 4319060.143, 117
Trd, 4319060.643, 84
Trd, 4319060.993, 114
Trd, 4319061.443, 76
Trd, 4319062.343, 117
Trd, 4319064.593, 136
Trd, 4319066.043, 128
Trd, 4319066.493, 127
Trd, 4319066.593, 108
Trd, 4319066.843, 107
Trd, 4319067.143, 105
Trd, 4319068.143, 138
Trd, 4319070.593, 119
Trd, 4319070.893, 122
Trd, 4319071.793, 116
Trd, 4319072.793, 119
Trd, 4319073.193, 107
Trd, 4319073.493, 104
Trd, 4319074.443, 90
Trd, 4319074.993, 102
Trd, 4319075.193, 82
Trd, 4319076.743, 101
Trd, 4319076.793, 95
Trd, 4319076.893, 87
Trd, 4319077.093, 89
Trd, 4319077.593, 90
Trd, 4319077.943, 84
Trd, 4319078.243, 93
Trd, 4319079.143, 114
Trd, 4319079.743, 64
Trd, 4319081.493, 118
Trd, 4319082.043, 102
Trd, 4319083.443, 125
Trd, 4319085.443, 103
Trd, 4319085.693, 108
Trd, 4319088.143, 109
Trd, 4319088.443, 94
Trd, 4319088.943, 118
Trd, 4319090.943, 107
Trd, 4319091.293, 100
Trd, 4319091.843, 83
Trd, 4319093.393, 120
Trd, 4319094.043, 107
Trd, 4319094.693, 115
Trd, 4319095.643, 104
Trd, 4319096.793, 84
Trd, 4319096.993, 86
Trd, 4319098.093, 105
Trd, 4319098.693, 79
Trd, 4319098.993, 93
Trd, 4319100.443, 94
Trd, 4319101.093, 74
Trd, 4319101.593, 103
Trd, 4319102.493, 111
Trd, 4319105.293, 115
Trd, 4319105.493, 107
Trd, 4319106.143, 135
Trd, 4319106.343, 138
Trd, 4319107.443, 121
Trd, 4319107.693, 115
Trd, 4319107.993, 98
Trd, 4319108.493, 134
Trd, 4319109.993, 94
Trd, 4319111.143, 130
Trd, 4319112.793, 117
Trd, 4319113.143, 104
Trd, 4319114.093, 67
Trd, 4319115.093, 127
Trd, 4319116.393, 114
Trd, 4319118.093, 108
Trd, 4319118.393, 108
Trd, 4319118.543, 91
Trd, 4319119.543, 94
Trd, 4319120.293, 136
Trd, 4319121.193, 119
Trd, 4319121.893, 96
Trd, 4319122.093, 108
Trd, 4319122.793, 127
Trd, 4319123.393, 86
Trd, 4319123.993, 60
Trd, 4319126.143, 114
Trd, 4319127.593, 119
Trd, 4319127.743, 108
Trd, 4319128.793, 98
Trd, 4319128.943, 96
Trd, 4319129.993, 136
Trd, 4319130.793, 132
Trd, 4319132.293, 116
Trd, 4319133.593, 82
Trd, 4319134.393, 99
Trd, 4319134.843, 120
Trd, 4319136.193, 129
Trd, 4319136.393, 104
Trd, 4319136.743, 134
Trd, 4319137.343, 110
Trd, 4319137.693, 136
Trd, 4319138.643, 130
Trd, 4319138.893, 101
Trd, 4319139.393, 94
Trd, 4319141.443, 123
Trd, 4319143.493, 101
Trd, 4319143.793, 94
Trd, 4319144.743, 120
Trd, 4319144.993, 101
Trd, 4319145.143, 95
Trd, 4319145.593, 83
Trd, 4319146.043, 105
Trd, 4319146.293, 89
Trd, 4319147.693, 110
Trd, 4319150.393, 135
Trd, 4319151.493, 109
Trd, 4319152.243, 103
Trd, 4319153.043, 88
Trd, 4319153.743, 134
Trd, 4319153.943, 82
Trd, 4319154.043, 119
Trd, 4319155.893, 71
Trd, 4319157.043, 102
Trd, 4319157.243, 101
Trd, 4319157.543, 133
Trd, 4319157.693, 99
Trd, 4319158.093, 96
Trd, 4319159.593, 104
Trd, 4319160.793, 138
Trd, 4319160.993, 122
Trd, 4319161.993, 96
Trd, 4319163.343, 97
Trd, 4319164.243, 127
Trd, 4319164.993, 103
Trd, 4319165.993, 125
Trd, 4319167.243, 131
Trd, 4319167.543, 111
Trd, 4319168.243, 88
Trd, 4319168.493, 134
Trd, 4319169.243, 137
Trd, 4319169.793, 84
Trd, 4319169.893, 90
Trd, 4319170.393, 93
Trd, 4319171.293, 95
Trd, 4319173.943, 103
Trd, 4319174.593, 116
Trd, 4319175.293, 119
Trd, 4319175.743, 111
Trd, 4319175.843, 101
Trd, 4319176.193, 91
Trd, 4319176.793, 98
Trd, 4319177.193, 122
Trd, 4319178.093, 113
Trd, 4319178.943, 117
Trd, 4319179.993, 130
Trd, 4319180.043, 129
Trd, 4319181.843, 110
Trd, 4319182.693, 129
Trd, 4319182.893, 105
Trd, 4319183.993, 138
Trd, 4319187.393, 117
Trd, 4319187.593, 101
Trd, 4319189.143, 115
Trd, 4319189.193, 110
Trd, 4319189.693, 113
Trd, 4319189.793, 108
Trd, 4319189.843, 134
Trd, 4319191.493, 119
Trd, 4319191.643, 110
Trd, 4319192.143, 72
Trd, 4319193.943, 108
Trd, 4319194.193, 120
Trd, 4319194.593, 100
Trd, 4319195.593, 131
Trd, 4319195.693, 118
Trd, 4319196.143, 103
Trd, 4319196.893, 62
Trd, 4319199.243, 113
Trd, 4319199.793, 99
Trd, 4319201.243, 113
Trd, 4319201.793, 111
Trd, 4319202.043, 119
Trd, 4319202.443, 75
Trd, 4319202.693, 103
Trd, 4319203.793, 91
Trd, 4319205.543, 115
Trd, 4319206.543, 127
Trd, 4319207.643, 125
Trd, 4319207.693, 122
Trd, 4319208.493, 98
Trd, 4319209.943, 98
Trd, 4319209.993, 109
Trd, 4319210.893, 110
Trd, 4319211.243, 88
Trd, 4319213.193, 115
Trd, 4319214.693, 117
Trd, 4319214.943, 84
Trd, 4319215.343, 108
Trd, 4319215.393, 115
Trd, 4319216.693, 77
Trd, 4319219.393, 89
Trd, 4319219.493, 102
Trd, 4319220.993, 110
Trd, 4319222.143, 138
Trd, 4319222.493, 108
Trd, 4319223.043, 76
Trd, 4319223.293, 109
Trd, 4319223.743, 135
Trd, 4319225.593, 116
Trd, 4319227.543, 103
Trd, 4319227.643, 114
Trd, 4319229.243, 123
Trd, 4319229.893, 115
Trd, 4319230.693, 135
Trd, 4319231.943, 94
Trd, 4319232.743, 88
Trd, 4319232.793, 84
Trd, 4319234.643, 115
Trd, 4319235.893, 109
Trd, 4319237.543, 104
Trd, 4319237.593, 136
Trd, 4319237.693, 97
Trd, 4319237.843, 94
Trd, 4319240.543, 130
Trd, 4319241.343, 119
Trd, 4319242.393, 107
Trd, 4319243.593, 137
Trd, 4319245.693, 133
Trd, 4319245.743, 118
Trd, 4319246.093, 100
Trd, 4319246.393, 95
Trd, 4319247.743, 109
Trd, 4319247.943, 106
Trd, 4319248.293, 97
Trd, 4319248.943, 97
Trd, 4319249.393, 140
Trd, 4319250.543, 127
Trd, 4319250.943, 134
Trd, 4319251.243, 126
Trd, 4319251.693, 124
Trd, 4319253.143, 114
Trd, 4319253.893, 132
Trd, 4319253.943, 107
Trd, 4319254.293, 100
Trd, 4319254.893, 99
Trd, 4319256.243, 102
Trd, 4319256.843, 111
Trd, 4319258.693, 99
Trd, 4319259.293, 123
Trd, 4319260.943, 136
Trd, 4319262.443, 107
Trd, 4319263.543, 124
Trd, 4319264.793, 140
Trd, 4319265.043, 114
Trd, 4319265.893, 111
Trd, 4319266.793, 112
Trd, 4319268.793, 130
Trd, 4319269.593, 108
Trd, 4319270.043, 90
Trd, 4319270.143, 97
Trd, 4319270.193, 81
Trd, 4319270.943, 79
Trd, 4319272.543, 119
Trd, 4319273.393, 104
Trd, 4319273.443, 117
Trd, 4319273.793, 91
Trd, 4319274.243, 82
Trd, 4319274.943, 92
Trd, 4319275.193, 105
Trd, 4319278.393, 136
Trd, 4319278.893, 122
Trd, 4319280.093, 102
Trd, 4319280.343, 86
Trd, 4319282.643, 119
Trd, 4319283.393, 91
Trd, 4319284.693, 123
Trd, 4319286.093, 128
Trd, 4319286.243, 113
Trd, 4319288.393, 122
Trd, 4319289.243, 132
Trd, 4319290.443, 127
Trd, 4319290.493, 115
Trd, 4319290.543, 98
Trd, 4319292.193, 115
Trd, 4319292.593, 101
Trd, 4319293.143, 112
Trd, 4319293.993, 88
Trd, 4319294.193, 136
Trd, 4319294.543, 75
Trd, 4319297.343, 134
Trd, 4319299.693, 102
Trd, 4319299.743, 102
Trd, 4319301.193, 136
Trd, 4319301.593, 107
Trd, 4319302.093, 109
Trd, 4319303.493, 129
Trd, 4319304.143, 98
Trd, 4319304.293, 105
Trd, 4319304.693, 95
Trd, 4319305.293, 104
Trd, 4319306.143, 81
Trd, 4319306.843, 113
Trd, 4319308.893, 65
Trd, 4319309.593, 74
Trd, 4319310.543, 83
Trd, 4319310.693, 70
Trd, 4319312.693, 109
Trd, 4319312.743, 109
Trd, 4319313.493, 99
Trd, 4319314.693, 112
Trd, 4319314.843, 104
Trd, 4319315.793, 117
Trd, 4319316.193, 109
Trd, 4319317.193, 126
Trd, 4319317.793, 70
Trd, 4319319.543, 123
Trd, 4319319.843, 113
Trd, 4319319.893, 112
Trd, 4319323.143, 132
Trd, 4319323.493, 106
Trd, 4319324.343, 138
Trd, 4319324.993, 121
Trd, 4319325.293, 118
Trd, 4319327.693, 118
Trd, 4319328.743, 104
Trd, 4319329.243, 104
Trd, 4319329.793, 112
Trd, 4319330.643, 125
Trd, 4319331.543, 130
Trd, 4319332.093, 108
Trd, 4319334.493, 108
Trd, 4319335.493, 78
Trd, 4319335.693, 126
Trd, 4319335.993, 65
Trd, 4319338.143, 106
Trd, 4319339.093, 116
Trd, 4319339.743, 112
Trd, 4319340.693, 114
Trd, 4319340.993, 126
Trd, 4319341.993, 88
Trd, 4319342.093, 116
Trd, 4319342.643, 91
Trd, 4319345.443, 139
Trd, 4319345.643, 132
Trd, 4319346.843, 99
Trd, 4319346.893, 99
Trd, 4319348.143, 83
Trd, 4319349.343, 121
Trd, 4319350.843, 129
Trd, 4319351.943, 112
Trd, 4319353.393, 123
Trd, 4319353.593, 116
Trd, 4319354.343, 104
Trd, 4319354.993, 110
Trd, 4319355.793, 85
Trd, 4319355.893, 68
Trd, 4319357.043, 115
Trd, 4319357.693, 118
Trd, 4319359.693, 122
Trd, 4319361.493, 136
Trd, 4319361.643, 121
Trd, 4319362.143, 119
Trd, 4319364.943, 86
Trd, 4319365.793, 99
Trd, 4319366.093, 71
Trd, 4319367.043, 84
Trd, 4319367.643, 85
Trd, 4319368.643, 79
Trd, 4319368.943, 140
Trd, 4319369.193, 109
Trd, 4319369.643, 92
Trd, 4319371.393, 140
Trd, 4319371.543, 135
Trd, 4319372.043, 128
Trd, 4319374.893, 129
Trd, 4319375.443, 91
Trd, 4319375.943, 96
Trd, 4319376.293, 98
Trd, 4319377.143, 93
Trd, 4319378.493, 90
Trd, 4319379.893, 85
Trd, 4319380.093, 107
Trd, 4319380.993, 109
Trd, 4319382.443, 120
Trd, 4319383.843, 104
Trd, 4319383.943, 107
Trd, 4319384.643, 99
Trd, 4319387.793, 132
Trd, 4319388.593, 129
Trd, 4319388.843, 104
Trd, 4319390.793, 108
Trd, 4319390.993, 109
Trd, 4319392.193, 115
Trd, 4319392.693, 109
Trd, 4319394.993, 129
Trd, 4319395.293, 124
Trd, 4319395.993, 122
Trd, 4319396.093, 114
Trd, 4319396.943, 108
Trd, 4319397.443, 98
Trd, 4319397.893, 93
Trd, 4319397.993, 134
Trd, 4319399.293, 128
Trd, 4319399.443, 115
Trd, 4319401.693, 126
Trd, 4319402.343, 127
Trd, 4319403.243, 117
Trd, 4319403.593, 123
Trd, 4319404.693, 107
Trd, 4319405.493, 122
Trd, 4319405.893, 115
Trd, 4319407.593, 100
Trd, 4319409.243, 129
Trd, 4319409.993, 133
Trd, 4319410.143, 97
Trd, 4319410.693, 104
Trd, 4319411.693, 108
Trd, 4319412.693, 111
Trd, 4319413.243, 138
Trd, 4319413.793, 117
Trd, 4319414.443, 95
Trd, 4319414.793, 84
Trd, 4319418.243, 122
Trd, 4319419.093, 125
Trd, 4319419.843, 118
Trd, 4319420.143, 132
Trd, 4319420.943, 133
Trd, 4319422.443, 130
Trd, 4319423.193, 107
Trd, 4319423.393, 132
Trd, 4319424.593, 138
Trd, 4319425.243, 114
Trd, 4319425.493, 89
Trd, 4319427.543, 87
Trd, 4319427.693, 109
Trd, 4319428.293, 110
Trd, 4319428.393, 123
Trd, 4319430.943, 89
Trd, 4319431.043, 129
Trd, 4319431.243, 106
Trd, 4319432.343, 98
Trd, 4319432.893, 92
Trd, 4319433.193, 104
Trd, 4319433.243, 92
Trd, 4319435.093, 117
Trd, 4319435.893, 132
Trd, 4319436.593, 128
Trd, 4319436.893, 130
Trd, 4319437.193, 127
Trd, 4319438.593, 109
Trd, 4319440.393, 109
Trd, 4319441.143, 83
Trd, 4319442.543, 138
Trd, 4319442.993, 105
Trd, 4319444.293, 94
Trd, 4319444.793, 121
Trd, 4319444.893, 107
Trd, 4319445.193, 90
Trd, 4319446.193, 109
Trd, 4319447.493, 104
Trd, 4319448.543, 119
Trd, 4319448.793, 133
Trd, 4319450.193, 123
Trd, 4319450.293, 102
Trd, 4319450.693, 90
Trd, 4319451.393, 94
Trd, 4319451.543, 79
Trd, 4319452.093, 89
Trd, 4319453.393, 130
Trd, 4319453.993, 119
Trd, 4319455.093, 126
Trd, 4319456.893, 119
Trd, 4319457.393, 104
Trd, 4319459.143, 137
Trd, 4319459.693, 128
Trd, 4319460.393, 109
Trd, 4319460.493, 107
Trd, 4319461.243, 124
Trd, 4319461.543, 114
Trd, 4319462.193, 97
Trd, 4319462.243, 95
Trd, 4319462.743, 89
Trd, 4319463.993, 86
Trd, 4319465.493, 97
Trd, 4319465.643, 89
Trd, 4319466.193, 107
Trd, 4319467.793, 89
Trd, 4319468.493, 130
Trd, 4319469.243, 121
Trd, 4319470.443, 121
Trd, 4319470.493, 108
Trd, 4319470.693, 106
Trd, 4319471.093, 97
Trd, 4319472.243, 90
Trd, 4319474.143, 128
Trd, 4319474.593, 134
Trd, 4319474.993, 121
Trd, 4319475.093, 96
Trd, 4319475.493, 95
Trd, 4319477.093, 108
Trd, 4319477.893, 105
Trd, 4319478.743, 78
Trd, 4319480.293, 93
Trd, 4319480.543, 104
Trd, 4319480.993, 133
Trd, 4319482.443, 107
Trd, 4319483.493, 133
Trd, 4319483.593, 122
Trd, 4319484.393, 129
Trd, 4319485.093, 114
Trd, 4319486.543, 123
Trd, 4319488.293, 126
Trd, 4319488.443, 110
Trd, 4319488.843, 99
Trd, 4319490.143, 92
Trd, 4319492.093, 116
Trd, 4319492.293, 107
Trd, 4319492.593, 84
Trd, 4319493.943, 81
Trd, 4319494.793, 104
Trd, 4319496.193, 122
Trd, 4319497.543, 139
Trd, 4319498.043, 120
Trd, 4319499.293, 119
Trd, 4319500.843, 112
Trd, 4319501.893, 109
Trd, 4319503.343, 120
Trd, 4319503.893, 104
Trd, 4319504.843, 87
Trd, 4319506.193, 140
Trd, 4319506.293, 100
Trd, 4319506.743, 113
Trd, 4319508.493, 120
Trd, 4319509.193, 119
Trd, 4319509.393, 121
Trd, 4319509.593, 110
Trd, 4319510.993, 138
Trd, 4319511.293, 108
Trd, 4319512.643, 122
Trd, 4319513.443, 132
Trd, 4319514.693, 118
Trd, 4319515.843, 122
Trd, 4319518.093, 124
Trd, 4319518.293, 100
Trd, 4319518.643, 86
Trd, 4319519.643, 84
Trd, 4319519.943, 125
Trd, 4319520.443, 72
Trd, 4319520.893, 67
Trd, 4319521.543, 108
Trd, 4319521.943, 110
Trd, 4319522.943, 82
Trd, 4319523.943, 132
Trd, 4319524.493, 134
Trd, 4319524.543, 97
Trd, 4319525.893, 138
Trd, 4319526.843, 125
Trd, 4319527.343, 117
Trd, 4319528.693, 115
Trd, 4319528.893, 102
Trd, 4319530.443, 126
Trd, 4319530.593, 110
Trd, 4319530.793, 106
Trd, 4319532.143, 129
Trd, 4319532.893, 102
Trd, 4319533.393, 132
Trd, 4319533.643, 103
Trd, 4319534.043, 80
Trd, 4319534.743, 116
Trd, 4319535.693, 101
Trd, 4319536.743, 137
Trd, 4319537.543, 122
Trd, 4319538.043, 121
Trd, 4319538.893, 100
Trd, 4319540.143, 128
Trd, 4319540.943, 109
Trd, 4319541.243, 107
Trd, 4319541.493, 134
Trd, 4319542.093, 135
Trd, 4319542.393, 122
Trd, 4319542.643, 83
Trd, 4319543.243, 117
Trd, 4319543.893, 80
Trd, 4319544.893, 105
Trd, 4319544.993, 107
Trd, 4319546.543, 129
Trd, 4319547.643, 113
Trd, 4319549.693, 68
Trd, 4319550.193, 75
Trd, 4319550.343, 92
Trd, 4319550.793, 104
Trd, 4319551.393, 101
Trd, 4319553.343, 134
Trd, 4319554.943, 118
Trd, 4319555.293, 110
Trd, 4319555.493, 97
Trd, 4319556.643, 99
Trd, 4319557.493, 132
Trd, 4319558.493, 109
Trd, 4319560.443, 130
Trd, 4319561.043, 115
Trd, 4319562.543, 111
Trd, 4319562.693, 99
Trd, 4319563.293, 133
Trd, 4319564.093, 135
Trd, 4319564.643, 121
Trd, 4319565.293, 123
Trd, 4319565.993, 120
Trd, 4319567.143, 133
Trd, 4319567.343, 129
Trd, 4319567.493, 129
Trd, 4319568.993, 108
Trd, 4319569.793, 92
Trd, 4319570.343, 93
Trd, 4319570.443, 91
Trd, 4319571.193, 122
Trd, 4319573.293, 133
Trd, 4319573.743, 95
Trd, 4319574.093, 114
Trd, 4319574.393, 107
Trd, 4319576.393, 104
Trd, 4319576.693, 131
Trd, 4319576.893, 112
Trd, 4319577.993, 109
Trd, 4319578.643, 88
Trd, 4319578.943, 112
Trd, 4319579.993, 100
Trd, 4319582.293, 95
Trd, 4319582.743, 82
Trd, 4319584.793, 122
Trd, 4319585.893, 120
Trd, 4319586.393, 127
Trd, 4319586.443, 96
Trd, 4319587.193, 94
Trd, 4319587.993, 123
Trd, 4319588.493, 115
Trd, 4319589.143, 119
Trd, 4319589.393, 100
Trd, 4319590.843, 135
Trd, 4319591.093, 102
Trd, 4319591.993, 137
Trd, 4319594.843, 127
Trd, 4319595.043, 115
Trd, 4319595.243, 115
Trd, 4319595.993, 123
Trd, 4319596.643, 138
Trd, 4319598.093, 92
Trd, 4319598.543, 90
Trd, 4319598.793, 95
Trd, 4319601.093, 125
Trd, 4319601.993, 103
Trd, 4319602.793, 140
Trd, 4319603.393, 120
Trd, 4319603.693, 133
Trd, 4319604.293, 126
Trd, 4319604.893, 117
Trd, 4319605.543, 115
Trd, 4319605.793, 118
Trd, 4319605.993, 106
Trd, 4319608.343, 110
Trd, 4319609.043, 106
Trd, 4319609.243, 90
Trd, 4319609.793, 126
Trd, 4319611.693, 97
Trd, 4319612.193, 71
Trd, 4319614.093, 97
Trd, 4319614.143, 91
Trd, 4319614.893, 139
Trd, 4319614.943, 88
Trd, 4319615.843, 109
Trd, 4319617.193, 123
Trd, 4319617.493, 135
Trd, 4319618.443, 108
Trd, 4319618.593, 106
Trd, 4319619.993, 138
Trd, 4319621.693, 126
Trd, 4319624.943, 120
Trd, 4319625.443, 129
Trd, 4319626.493, 118
Trd, 4319627.493, 127
Trd, 4319627.643, 109
Trd, 4319627.693, 104
Trd, 4319628.243, 103
Trd, 4319629.093, 130
Trd, 4319630.793, 137
Trd, 4319631.093, 124
Trd, 4319631.743, 81
Trd, 4319632.093, 116
Trd, 4319632.393, 85
Trd, 4319632.943, 100
Trd, 4319634.093, 137
Trd, 4319634.143, 132
Trd, 4319635.443, 101
Trd, 4319638.543, 117
Trd, 4319638.593, 97
Trd, 4319638.743, 90
Trd, 4319639.243, 127
Trd, 4319639.393, 87
Trd, 4319640.493, 92
Trd, 4319640.943, 96
Trd, 4319641.393, 113
Trd, 4319642.243, 109
Trd, 4319642.443, 78
Trd, 4319642.993, 85
Trd, 4319644.643, 116
Trd, 4319646.293, 119
Trd, 4319646.393, 126
Trd, 4319646.643, 119
Trd, 4319648.043, 137
Trd, 4319649.943, 123
Trd, 4319651.193, 134
Trd, 4319651.443, 133
Trd, 4319651.993, 119
Trd, 4319652.193, 114
Trd, 4319652.793, 120
Trd, 4319653.793, 77
Trd, 4319655.493, 108
Trd, 4319658.093, 116
Trd, 4319659.393, 101
Trd, 4319660.593, 121
Trd, 4319660.893, 129
Trd, 4319662.093, 92
Trd, 4319662.343, 90
Trd, 4319663.793, 129
Trd, 4319663.893, 114
Trd, 4319663.943, 108
Trd, 4319664.443, 85
Trd, 4319665.893, 117
Trd, 4319666.493, 100
Trd, 4319667.193, 109
Trd, 4319667.893, 93
Trd, 4319669.093, 131
Trd, 4319669.743, 128
Trd, 4319670.143, 112
Trd, 4319671.843, 121
Trd, 4319672.043, 108
Trd, 4319672.843, 135
Trd, 4319673.493, 94
Trd, 4319674.193, 108
Trd, 4319674.993, 80
Trd, 4319676.043, 92
Trd, 4319676.143, 93
Trd, 4319676.893, 121
Trd, 4319678.143, 80
Trd, 4319678.643, 90
Trd, 4319679.143, 86
Trd, 4319679.543, 101
Trd, 4319680.343, 127
Trd, 4319683.043, 125
Trd, 4319683.543, 104
Trd, 4319684.043, 106
Trd, 4319685.993, 100
Trd, 4319686.293, 121
Trd, 4319688.543, 101
Trd, 4319689.143, 113
Trd, 4319689.193, 102
Trd, 4319690.493, 60
Trd, 4319691.443, 133
Trd, 4319691.543, 106
Trd, 4319692.693, 132
Trd, 4319693.543, 106
Trd, 4319693.693, 135
Trd, 4319695.193, 104
Trd, 4319695.543, 98
Trd, 4319695.843, 86
Trd, 4319697.243, 118
Trd, 4319697.793, 110
Trd, 4319700.393, 132
Trd, 4319700.493, 119
Trd, 4319701.193, 112
Trd, 4319701.243, 95
Trd, 4319702.943, 116
Trd, 4319703.743, 119
Trd, 4319703.893, 111
Trd, 4319704.343, 104
Trd, 4319704.543, 77
Trd, 4319706.043, 70
Trd, 4319706.443, 78
Trd, 4319706.793, 87
Trd, 4319707.543, 134
Trd, 4319708.143, 79
Trd, 4319708.393, 109
Trd, 4319709.343, 67
Trd, 4319709.643, 109
Trd, 4319712.393, 105
Trd, 4319713.493, 113
Trd, 4319714.193, 91
Trd, 4319714.993, 129
Trd, 4319715.443, 101
Trd, 4319715.793, 97
Trd, 4319716.543, 111
Trd, 4319717.593, 103
Trd, 4319717.643, 113
Trd, 4319720.843, 107
Trd, 4319721.443, 112
Trd, 4319721.893, 130
Trd, 4319722.043, 119
Trd, 4319722.493, 90
Trd, 4319722.743, 90
Trd, 4319723.593, 96
Trd, 4319724.593, 126
Trd, 4319725.943, 114
Trd, 4319726.293, 124
Trd, 4319727.693, 108
Trd, 4319728.343, 114
Trd, 4319728.693, 129
Trd, 4319730.193, 111
Trd, 4319730.243, 106
Trd, 4319731.693, 115
Trd, 4319733.543, 132
Trd, 4319733.793, 121
Trd, 4319734.493, 109
Trd, 4319735.543, 90
Trd, 4319735.593, 76
Trd, 4319736.293, 90
Trd, 4319738.193, 135
Trd, 4319738.543, 129
Trd, 4319739.093, 135
Trd, 4319740.543, 125
Trd, 4319741.193, 109
Trd, 4319741.743, 92
Trd, 4319743.193, 70
Trd, 4319743.943, 79
Trd, 4319744.143, 75
Trd, 4319744.443, 96
Trd, 4319744.693, 90
Trd, 4319746.593, 105
Trd, 4319748.543, 112
Trd, 4319749.543, 123
Trd, 4319749.893, 95
Trd, 4319750.993, 113
Trd, 4319751.893, 133
Trd, 4319752.543, 116
Trd, 4319752.943, 102
Trd, 4319754.743, 111
Trd, 4319754.843, 102
Trd, 4319755.443, 127
Trd, 4319756.943, 96
Trd, 4319757.493, 126
Trd, 4319758.193, 121
Trd, 4319762.093, 122
Trd, 4319762.793, 130
Trd, 4319763.593, 112
Trd, 4319763.693, 113
Trd, 4319763.843, 112
Trd, 4319763.893, 82
Trd, 4319765.393, 94
Trd, 4319765.743, 91
Trd, 4319766.843, 114
Trd, 4319768.443, 107
Trd, 4319768.843, 104
Trd, 4319769.243, 97
Trd, 4319769.493, 93
Trd, 4319770.993, 119
Trd, 4319771.343, 82
Trd, 4319772.593, 127
Trd, 4319772.643, 121
Trd, 4319773.793, 96
Trd, 4319774.543, 123
Trd, 4319775.093, 137
Trd, 4319776.043, 134
Trd, 4319776.343, 112
Trd, 4319776.893, 108
Trd, 4319777.543, 93
Trd, 4319778.893, 82
Trd, 4319779.293, 125
Trd, 4319780.993, 134
Trd, 4319781.093, 124
Trd, 4319781.843, 103
Trd, 4319782.293, 115
Trd, 4319783.043, 119
Trd, 4319784.643, 107
Trd, 4319785.893, 129
Trd, 4319786.893, 116
Trd, 4319788.093, 124
Trd, 4319788.393, 135
Trd, 4319789.443, 131
Trd, 4319789.793, 95
Trd, 4319790.343, 107
Trd, 4319791.243, 138
Trd, 4319791.593, 103
Trd, 4319792.393, 137
Trd, 4319793.343, 135
Trd, 4319793.393, 122
Trd, 4319793.743, 99
Trd, 4319793.943, 95
Trd, 4319795.443, 125
Trd, 4319796.193, 115
Trd, 4319797.293, 124
Trd, 4319798.543, 132
Trd, 4319798.843, 130
Trd, 4319798.993, 128
Trd, 4319799.443, 116
Trd, 4319801.293, 109
Trd, 4319802.043, 120
Trd, 4319803.343, 130
Trd, 4319804.893, 120
Trd, 4319804.993, 110
Trd, 4319805.543, 88
Trd, 4319807.493, 79
Trd, 4319808.093, 99
Trd, 4319809.743, 125
Trd, 4319809.793, 120
Trd, 4319810.493, 102
Trd, 4319811.193, 93
Trd, 4319811.493, 91
Trd, 4319811.593, 101
Trd, 4319813.293, 128
Trd, 4319813.693, 131
Trd, 4319814.493, 120
Trd, 4319815.293, 116
Trd, 4319816.593, 122
Trd, 4319817.143, 124
Trd, 4319817.293, 138
Trd, 4319819.043, 110
Trd, 4319819.243, 90
Trd, 4319820.693, 81
Trd, 4319820.793, 97
Trd, 4319821.493, 119
Trd, 4319823.143, 119
Trd, 4319823.243, 99
Trd, 4319824.893, 130
Trd, 4319825.293, 127
Trd, 4319825.593, 121
Trd, 4319827.193, 110
Trd, 4319827.543, 139
Trd, 4319827.693, 133
Trd, 4319829.543, 111
Trd, 4319830.243, 138
Trd, 4319830.643, 105
Trd, 4319831.243, 88
Trd, 4319831.493, 103
Trd, 4319832.643, 64
Trd, 4319832.993, 108
Trd, 4319834.393, 113
Trd, 4319834.943, 84
Trd, 4319837.743, 130
Trd, 4319838.443, 127
Trd, 4319838.543, 72
Trd, 4319840.093, 113
Trd, 4319840.193, 109
Trd, 4319840.343, 100
Trd, 4319840.593, 91
Trd, 4319840.743, 95
Trd, 4319843.743, 109
Trd, 4319844.643, 134
Trd, 4319845.143, 135
Trd, 4319845.193, 120
Trd, 4319846.793, 111
Trd, 4319847.093, 115
Trd, 4319847.893, 113
Trd, 4319848.793, 110
Trd, 4319851.593, 118
Trd, 4319851.843, 79
Trd, 4319852.243, 94
Trd, 4319852.843, 74
Trd, 4319853.393, 100
Trd, 4319854.493, 115
Trd, 4319856.093, 131
Trd, 4319856.243, 124
Trd, 4319856.393, 110
Trd, 4319856.543, 113
Trd, 4319857.093, 93
Trd, 4319858.493, 132
Trd, 4319858.543, 129
Trd, 4319858.593, 64
Trd, 4319859.293, 117
Trd, 4319861.843, 127
Trd, 4319862.143, 109
Trd, 4319862.393, 124
Trd, 4319863.793, 125
Trd, 4319864.543, 108
Trd, 4319866.093, 112
Trd, 4319866.593, 98
Trd, 4319866.993, 112
Trd, 4319867.243, 80
Trd, 4319867.793, 114
Trd, 4319867.943, 88
Trd, 4319870.393, 104
Trd, 4319872.043, 93
Trd, 4319872.243, 103
Trd, 4319872.793, 76
Trd, 4319873.393, 87
Trd, 4319873.643, 122
Trd, 4319874.043, 135
Trd, 4319875.043, 139
Trd, 4319875.093, 121
Trd, 4319877.093, 137
Trd, 4319878.443, 140
Trd, 4319878.893, 107
Trd, 4319879.393, 104
Trd, 4319880.443, 117
Trd, 4319881.343, 110
Trd, 4319881.543, 88
Trd, 4319882.893, 115
Trd, 4319883.043, 78
Trd, 4319883.493, 123
Trd, 4319886.243, 106
Trd, 4319886.443, 117
Trd, 4319886.893, 93
Trd, 4319887.443, 105
Trd, 4319888.393, 134
Trd, 4319889.543, 102
Trd, 4319890.093, 102
Trd, 4319892.293, 126
Trd, 4319892.393, 130
Trd, 4319892.443, 119
Trd, 4319892.593, 105
Trd, 4319893.643, 112
Trd, 4319894.993, 115
Trd, 4319896.143, 67
Trd, 4319897.093, 76
Trd, 4319898.243, 65
Trd, 4319898.293, 91
Trd, 4319899.843, 70
Trd, 4319900.843, 112
Trd, 4319901.793, 138
Trd, 4319902.593, 106
Trd, 4319903.393, 124
Trd, 4319905.143, 139
Trd, 4319907.093, 117
Trd, 4319907.943, 76
Trd, 4319908.393, 129
Trd, 4319908.943, 93
Trd, 4319909.793, 122
Trd, 4319912.543, 138
Trd, 4319913.593, 124
Trd, 4319913.693, 108
Trd, 4319914.293, 94
Trd, 4319915.693, 139
Trd, 4319917.743, 124
Trd, 4319917.843, 120
Trd, 4319917.943, 108
Trd, 4319918.043, 93
Trd, 4319919.943, 138
Trd, 4319920.643, 123
Trd, 4319921.193, 118
Trd, 4319921.793, 108
Trd, 4319923.193, 123
Trd, 4319924.693, 118
Trd, 4319924.843, 110
Trd, 4319925.843, 108
Trd, 4319926.143, 89
Trd, 4319926.593, 112
Trd, 4319927.543, 123
Trd, 4319929.543, 107
Trd, 4319929.693, 119
Trd, 4319930.843, 86
Trd, 4319931.343, 112
Trd, 4319932.643, 119
Trd, 4319933.093, 101
Trd, 4319933.643, 108
Trd, 4319935.343, 114
Trd, 4319935.443, 101
Trd, 4319936.643, 119
Trd, 4319937.193, 81
Trd, 4319938.393, 118
Trd, 4319938.893, 95
Trd, 4319939.143, 88
Trd, 4319940.493, 139
Trd, 4319941.943, 75
Trd, 4319942.193, 75
Trd, 4319943.143, 115
Trd, 4319943.993, 95
Trd, 4319945.093, 119
Trd, 4319945.243, 132
Trd, 4319945.593, 82
Trd, 4319946.643, 115
Trd, 4319947.043, 69
Trd, 4319947.393, 92
Trd, 4319948.393, 102
Trd, 4319949.193, 120
Trd, 4319949.343, 104
Trd, 4319953.243, 134
Trd, 4319954.493, 111
Trd, 4319954.793, 108
Trd, 4319954.843, 109
Trd, 4319954.993, 86
Trd, 4319955.443, 94
Trd, 4319956.043, 98
Trd, 4319957.943, 138
Trd, 4319959.743, 139
Trd, 4319960.043, 133
Trd, 4319960.143, 117
Trd, 4319960.493, 132
Trd, 4319960.743, 110
Trd, 4319963.693, 120
Trd, 4319963.943, 131
Trd, 4319963.993, 138
Trd, 4319965.593, 106
Trd, 4319965.893, 102
Trd, 4319967.093, 124
Trd, 4319968.693, 128
Trd, 4319969.093, 130
Trd, 4319970.993, 121
Trd, 4319972.293, 121
Trd, 4319972.343, 119
Trd, 4319973.593, 120
Trd, 4319975.093, 118
Trd, 4319975.193, 105
Trd, 4319975.393, 100
Trd, 4319976.893, 128
Trd, 4319977.293, 83
Trd, 4319977.443, 112
Trd, 4319978.943, 84
Trd, 4319979.293, 112
Trd, 4319979.843, 107
Trd, 4319981.693, 126
Trd, 4319982.043, 112
Trd, 4319982.543, 97
Trd, 4319984.843, 131
Trd, 4319985.393, 120
Trd, 4319986.193, 120
Trd, 4319986.493, 108
Trd, 4319987.893, 133
Trd, 4319988.043, 111
Trd, 4319990.293, 118
Trd, 4319990.743, 129
Trd, 4319991.243, 114
Trd, 4319991.593, 110
Trd, 4319991.693, 108
Trd, 4319991.893, 120
Trd, 4319992.493, 127
Trd, 4319992.793, 89
Trd, 4319993.293, 83
Trd, 4319995.743, 119
Trd, 4319996.743, 121
Trd, 4319998.193, 131
Trd, 4319999.043, 127
Trd, 4319999.143, 93
Trd, 4319999.593, 131
