Trd, 4318104.393, 127
Trd, 4318104.543, 125
Trd, 4318104.893, 100
Trd, 4318105.893, 88
Trd, 4318106.143, 90
Trd, 4318107.493, 140
Trd, 4318107.893, 138
Trd, 4318109.193, 136
Trd, 4318110.693, 139
Trd, 4318111.593, 107
Trd, 4318111.893, 106
Trd, 4318111.993, 84
Trd, 4318112.393, 128
Trd, 4318114.243, 139
Trd, 4318114.343, 138
Trd, 4318114.643, 139
Trd, 4318116.093, 124
Trd, 4318116.443, 124
Trd, 4318117.043, 140
Trd, 4318117.643, 124
Trd, 4318118.793, 97
Trd, 4318120.443, 134
Trd, 4318120.743, 133
Trd, 4318121.393, 138
Trd, 4318123.193, 139
Trd, 4318123.393, 138
Trd, 4318123.643, 114
Trd, 4318125.193, 130
Trd, 4318125.543, 129
Trd, 4318127.093, 121
Trd, 4318127.593, 137
Trd, 4318127.943, 107
Trd, 4318129.343, 77
Trd, 4318129.893, 80
Trd, 4318130.893, 95
Trd, 4318131.743, 114
Trd, 4318131.893, 111
Trd, 4318134.293, 140
Trd, 4318135.293, 119
Trd, 4318135.643, 120
Trd, 4318135.843, 119
Trd, 4318136.043, 95
Trd, 4318136.943, 93
Trd, 4318138.643, 140
Trd, 4318139.143, 140
Trd, 4318140.743, 140
Trd, 4318141.093, 116
Trd, 4318141.443, 129
Trd, 4318142.693, 133
Trd, 4318142.993, 139
Trd, 4318143.443, 131
Trd, 4318144.443, 116
Trd, 4318144.593, 115
Trd, 4318145.143, 105
Trd, 4318145.943, 76
Trd, 4318146.143, 71
Trd, 4318149.993, 140
Trd, 4318150.493, 140
Trd, 4318150.743, 140
Trd, 4318152.543, 140
Trd, 4318152.693, 140
Trd, 4318153.093, 113
Trd, 4318153.293, 84
Trd, 4318153.893, 138
Trd, 4318154.093, 126
Trd, 4318155.943, 64
Trd, 4318157.393, 60
Trd, 4318157.793, 60
Trd, 4318158.643, 60
Trd, 4318158.743, 62
Trd, 4318159.293, 63
Trd, 4318160.193, 66
Trd, 4318160.493, 81
Trd, 4318160.793, 70
Trd, 4318161.893, 66
Trd, 4318162.343, 82
Trd, 4318162.443, 81
Trd, 4318163.093, 81
Trd, 4318163.793, 64
Trd, 4318165.943, 62
Trd, 4318166.243, 61
Trd, 4318166.993, 63
Trd, 4318168.843, 78
Trd, 4318169.493, 130
Trd, 4318169.993, 129
Trd, 4318171.243, 140
Trd, 4318171.843, 139
Trd, 4318172.743, 126
Trd, 4318173.143, 140
Trd, 4318173.593, 112
Trd, 4318174.293, 115
Trd, 4318174.793, 111
Trd, 4318175.293, 111
Trd, 4318176.543, 133
Trd, 4318177.643, 138
Trd, 4318178.643, 140
Trd, 4318178.843, 138
Trd, 4318179.093, 111
Trd, 4318180.043, 77
Trd, 4318180.143, 77
Trd, 4318180.393, 61
Trd, 4318181.243, 132
Trd, 4318182.093, 61
Trd, 4318183.093, 112
Trd, 4318183.243, 111
Trd, 4318184.193, 74
Trd, 4318184.893, 66
Trd, 4318185.743, 121
Trd, 4318186.343, 122
Trd, 4318187.593, 64
Trd, 4318187.743, 63
Trd, 4318188.593, 69
Trd, 4318189.343, 140
Trd, 4318190.693, 136
Trd, 4318191.193, 127
Trd, 4318192.293, 117
Trd, 4318192.793, 116
Trd, 4318193.843, 116
Trd, 4318194.393, 114
Trd, 4318194.493, 65
Trd, 4318196.193, 61
Trd, 4318196.843, 60
Trd, 4318197.393, 61
Trd, 4318197.543, 60
Trd, 4318197.693, 73
Trd, 4318198.493, 61
Trd, 4318200.793, 60
Trd, 4318202.493, 64
Trd, 4318203.093, 60
Trd, 4318203.993, 62
Trd, 4318204.043, 63
Trd, 4318204.343, 64
Trd, 4318204.793, 61
Trd, 4318205.393, 68
Trd, 4318206.643, 139
Trd, 4318206.943, 136
Trd, 4318208.193, 122
Trd, 4318209.043, 140
Trd, 4318209.193, 120
Trd, 4318209.393, 117
Trd, 4318210.693, 131
Trd, 4318210.743, 91
Trd, 4318210.943, 91
Trd, 4318211.443, 131
Trd, 4318212.643, 115
Trd, 4318213.143, 95
Trd, 4318214.343, 133
Trd, 4318215.993, 139
Trd, 4318216.143, 138
Trd, 4318216.693, 138
Trd, 4318216.893, 139
Trd, 4318217.493, 137
Trd, 4318219.343, 93
Trd, 4318219.543, 92
Trd, 4318220.643, 125
Trd, 4318220.693, 85
Trd, 4318221.993, 85
Trd, 4318222.243, 84
Trd, 4318223.793, 110
Trd, 4318224.343, 99
Trd, 4318225.143, 100
Trd, 4318226.093, 99
Trd, 4318226.143, 124
Trd, 4318226.743, 94
Trd, 4318227.343, 90
Trd, 4318228.593, 72
Trd, 4318228.643, 69
Trd, 4318229.143, 140
Trd, 4318229.393, 139
Trd, 4318229.893, 93
Trd, 4318230.743, 62
Trd, 4318232.043, 136
Trd, 4318233.643, 140
Trd, 4318233.893, 139
Trd, 4318234.493, 138
Trd, 4318234.793, 123
Trd, 4318236.543, 140
Trd, 4318236.943, 140
Trd, 4318238.243, 134
Trd, 4318238.393, 94
Trd, 4318239.093, 82
Trd, 4318239.593, 139
Trd, 4318240.693, 123
Trd, 4318241.093, 121
Trd, 4318241.593, 137
Trd, 4318242.643, 115
Trd, 4318243.693, 91
Trd, 4318244.093, 77
Trd, 4318245.043, 96
Trd, 4318245.393, 107
Trd, 4318245.893, 82
Trd, 4318246.993, 117
Trd, 4318247.293, 87
Trd, 4318247.843, 97
Trd, 4318248.943, 140
Trd, 4318249.443, 140
Trd, 4318249.943, 140
Trd, 4318250.343, 131
Trd, 4318251.993, 134
Trd, 4318252.443, 136
Trd, 4318253.343, 136
Trd, 4318253.693, 135
Trd, 4318254.643, 140
Trd, 4318254.793, 140
Trd, 4318255.193, 114
Trd, 4318255.993, 136
Trd, 4318256.493, 81
Trd, 4318258.293, 136
Trd, 4318258.743, 136
Trd, 4318259.443, 133
Trd, 4318260.743, 106
Trd, 4318261.443, 108
Trd, 4318261.593, 93
Trd, 4318262.493, 111
Trd, 4318262.543, 110
Trd, 4318263.093, 73
Trd, 4318264.543, 60
Trd, 4318266.093, 61
Trd, 4318266.643, 61
Trd, 4318267.393, 60
Trd, 4318267.643, 62
Trd, 4318268.693, 63
Trd, 4318268.993, 69
Trd, 4318270.193, 116
Trd, 4318270.493, 116
Trd, 4318270.943, 114
Trd, 4318271.093, 140
Trd, 4318271.543, 111
Trd, 4318272.693, 132
Trd, 4318273.293, 126
Trd, 4318273.693, 96
Trd, 4318273.843, 94
Trd, 4318274.643, 60
Trd, 4318275.843, 64
Trd, 4318276.993, 60
Trd, 4318278.043, 61
Trd, 4318278.193, 67
Trd, 4318278.243, 73
Trd, 4318279.643, 72
Trd, 4318280.243, 64
Trd, 4318280.543, 61
Trd, 4318281.993, 108
Trd, 4318282.243, 96
Trd, 4318283.993, 123
Trd, 4318285.493, 105
Trd, 4318286.043, 118
Trd, 4318286.843, 110
Trd, 4318286.943, 109
Trd, 4318287.743, 70
Trd, 4318288.243, 71
Trd, 4318288.943, 64
Trd, 4318289.593, 64
Trd, 4318289.743, 65
Trd, 4318291.293, 72
Trd, 4318291.343, 71
Trd, 4318292.193, 116
Trd, 4318292.743, 110
Trd, 4318293.493, 109
Trd, 4318294.393, 139
Trd, 4318294.493, 127
Trd, 4318294.893, 101
Trd, 4318295.493, 100
Trd, 4318298.193, 97
Trd, 4318298.243, 81
Trd, 4318299.693, 131
Trd, 4318300.343, 140
Trd, 4318300.943, 134
Trd, 4318301.643, 138
Trd, 4318302.043, 102
Trd, 4318302.593, 110
Trd, 4318303.043, 71
Trd, 4318305.943, 140
Trd, 4318305.993, 140
Trd, 4318307.143, 140
Trd, 4318307.393, 140
Trd, 4318308.593, 140
Trd, 4318310.093, 140
Trd, 4318310.543, 140
Trd, 4318310.943, 87
Trd, 4318311.893, 63
Trd, 4318312.493, 63
Trd, 4318313.643, 63
Trd, 4318314.143, 61
Trd, 4318314.493, 64
Trd, 4318315.393, 64
Trd, 4318315.543, 73
Trd, 4318316.093, 65
Trd, 4318316.643, 136
Trd, 4318318.743, 138
Trd, 4318319.193, 109
Trd, 4318319.243, 109
Trd, 4318320.643, 116
Trd, 4318321.543, 132
Trd, 4318321.743, 132
Trd, 4318322.193, 137
Trd, 4318324.793, 140
Trd, 4318325.943, 140
Trd, 4318326.243, 139
Trd, 4318326.493, 136
Trd, 4318326.893, 112
Trd, 4318327.643, 125
Trd, 4318328.843, 117
Trd, 4318329.893, 91
Trd, 4318330.243, 65
Trd, 4318330.543, 118
Trd, 4318330.893, 76
Trd, 4318331.693, 140
Trd, 4318333.093, 60
Trd, 4318333.193, 60
Trd, 4318333.993, 61
Trd, 4318334.243, 126
Trd, 4318335.693, 61
Trd, 4318336.393, 61
Trd, 4318336.843, 64
Trd, 4318337.843, 60
Trd, 4318338.243, 68
Trd, 4318338.843, 61
Trd, 4318339.243, 101
Trd, 4318340.993, 139
Trd, 4318341.243, 138
Trd, 4318343.143, 136
Trd, 4318343.943, 133
Trd, 4318344.193, 132
Trd, 4318344.643, 130
Trd, 4318345.293, 121
Trd, 4318345.493, 88
Trd, 4318346.493, 131
Trd, 4318347.343, 137
Trd, 4318348.293, 130
Trd, 4318349.043, 128
Trd, 4318349.343, 127
Trd, 4318350.193, 99
Trd, 4318351.043, 127
Trd, 4318351.793, 111
Trd, 4318352.343, 114
Trd, 4318352.543, 106
Trd, 4318353.993, 60
Trd, 4318355.093, 62
Trd, 4318355.643, 76
Trd, 4318356.243, 95
Trd, 4318356.993, 140
Trd, 4318357.343, 117
Trd, 4318357.943, 138
Trd, 4318358.593, 107
Trd, 4318358.643, 106
Trd, 4318360.493, 111
Trd, 4318360.843, 111
Trd, 4318361.993, 106
Trd, 4318362.393, 106
Trd, 4318363.343, 105
Trd, 4318363.843, 94
Trd, 4318364.993, 85
Trd, 4318365.543, 107
Trd, 4318366.443, 86
Trd, 4318366.793, 78
Trd, 4318367.543, 72
Trd, 4318367.993, 80
Trd, 4318369.693, 140
Trd, 4318369.993, 140
Trd, 4318370.843, 140
Trd, 4318372.043, 140
Trd, 4318372.993, 135
Trd, 4318373.393, 139
Trd, 4318373.893, 138
Trd, 4318375.043, 115
Trd, 4318375.393, 113
Trd, 4318376.043, 109
Trd, 4318377.993, 116
Trd, 4318378.043, 107
Trd, 4318379.343, 138
Trd, 4318379.893, 120
Trd, 4318380.693, 115
Trd, 4318381.943, 118
Trd, 4318382.143, 118
Trd, 4318383.093, 89
Trd, 4318383.643, 129
Trd, 4318384.793, 73
Trd, 4318386.143, 103
Trd, 4318388.043, 111
Trd, 4318388.443, 113
Trd, 4318388.893, 113
Trd, 4318389.393, 112
Trd, 4318390.443, 89
Trd, 4318390.943, 115
Trd, 4318392.693, 140
Trd, 4318392.793, 140
Trd, 4318393.943, 116
Trd, 4318394.043, 77
Trd, 4318395.193, 138
Trd, 4318396.793, 140
Trd, 4318397.843, 140
Trd, 4318398.293, 140
Trd, 4318398.543, 138
Trd, 4318399.143, 131
Trd, 4318399.343, 106
Trd, 4318401.543, 94
Trd, 4318401.593, 93
Trd, 4318401.743, 92
Trd, 4318402.543, 68
Trd, 4318402.793, 67
Trd, 4318403.193, 94
Trd, 4318403.893, 60
Trd, 4318405.243, 140
Trd, 4318405.543, 137
Trd, 4318405.643, 119
Trd, 4318406.543, 109
Trd, 4318406.793, 100
Trd, 4318407.193, 113
Trd, 4318408.343, 99
Trd, 4318409.543, 113
Trd, 4318410.293, 135
Trd, 4318410.743, 108
Trd, 4318411.093, 97
Trd, 4318411.693, 125
Trd, 4318413.193, 129
Trd, 4318413.843, 129
Trd, 4318414.443, 125
Trd, 4318414.843, 123
Trd, 4318415.343, 89
Trd, 4318415.793, 122
Trd, 4318417.693, 128
Trd, 4318418.093, 125
Trd, 4318418.593, 135
Trd, 4318418.643, 101
Trd, 4318419.393, 99
Trd, 4318420.243, 77
Trd, 4318420.843, 94
Trd, 4318420.893, 71
Trd, 4318421.993, 79
Trd, 4318422.543, 70
Trd, 4318424.593, 139
Trd, 4318424.943, 131
Trd, 4318425.293, 128
Trd, 4318425.493, 117
Trd, 4318427.543, 122
Trd, 4318428.893, 125
Trd, 4318430.093, 137
Trd, 4318430.393, 139
Trd, 4318430.543, 138
Trd, 4318430.643, 137
Trd, 4318431.043, 140
Trd, 4318431.543, 114
Trd, 4318433.043, 114
Trd, 4318434.743, 140
Trd, 4318434.943, 115
Trd, 4318435.043, 90
Trd, 4318435.893, 93
Trd, 4318436.793, 79
Trd, 4318437.443, 136
Trd, 4318437.893, 135
Trd, 4318439.843, 99
Trd, 4318440.093, 133
Trd, 4318440.343, 129
Trd, 4318441.493, 107
Trd, 4318441.893, 106
Trd, 4318443.543, 139
Trd, 4318443.943, 124
Trd, 4318444.043, 123
Trd, 4318445.043, 139
Trd, 4318445.643, 98
Trd, 4318446.343, 83
Trd, 4318446.643, 131
Trd, 4318448.043, 114
Trd, 4318448.143, 113
Trd, 4318448.343, 111
Trd, 4318449.693, 103
Trd, 4318451.093, 119
Trd, 4318451.143, 133
Trd, 4318451.643, 113
Trd, 4318451.793, 73
Trd, 4318452.793, 61
Trd, 4318454.193, 70
Trd, 4318455.193, 60
Trd, 4318455.293, 60
Trd, 4318455.843, 104
Trd, 4318455.943, 101
Trd, 4318456.543, 97
Trd, 4318457.743, 70
Trd, 4318458.593, 81
Trd, 4318459.643, 82
Trd, 4318461.243, 130
Trd, 4318461.543, 129
Trd, 4318462.193, 137
Trd, 4318462.393, 132
Trd, 4318463.193, 119
Trd, 4318463.943, 114
Trd, 4318464.943, 132
Trd, 4318465.693, 132
Trd, 4318466.843, 61
Trd, 4318467.693, 67
Trd, 4318467.793, 68
Trd, 4318468.893, 62
Trd, 4318469.043, 69
Trd, 4318470.443, 84
Trd, 4318470.793, 83
Trd, 4318471.143, 121
Trd, 4318471.543, 128
Trd, 4318473.043, 127
Trd, 4318473.793, 137
Trd, 4318474.543, 111
Trd, 4318474.793, 89
Trd, 4318475.193, 96
Trd, 4318475.743, 128
Trd, 4318476.943, 108
Trd, 4318477.643, 81
Trd, 4318478.393, 84
Trd, 4318479.443, 137
Trd, 4318480.793, 140
Trd, 4318481.293, 140
Trd, 4318481.593, 140
Trd, 4318481.793, 133
Trd, 4318483.043, 137
Trd, 4318484.093, 120
Trd, 4318484.843, 121
Trd, 4318485.043, 104
Trd, 4318486.343, 140
Trd, 4318487.043, 139
Trd, 4318487.643, 132
Trd, 4318490.243, 134
Trd, 4318490.693, 134
Trd, 4318490.843, 133
Trd, 4318492.093, 138
Trd, 4318492.393, 133
Trd, 4318493.343, 110
Trd, 4318493.893, 111
Trd, 4318494.593, 114
Trd, 4318495.193, 135
Trd, 4318496.493, 125
Trd, 4318497.243, 118
Trd, 4318499.043, 138
Trd, 4318499.843, 127
Trd, 4318501.093, 128
Trd, 4318501.843, 127
Trd, 4318502.043, 125
Trd, 4318502.243, 103
Trd, 4318502.343, 99
Trd, 4318502.443, 98
Trd, 4318503.443, 126
Trd, 4318503.543, 125
Trd, 4318505.693, 135
Trd, 4318506.193, 140
Trd, 4318506.343, 134
Trd, 4318507.193, 102
Trd, 4318508.493, 139
Trd, 4318508.593, 138
Trd, 4318508.693, 131
Trd, 4318510.543, 109
Trd, 4318511.343, 138
Trd, 4318512.193, 113
Trd, 4318512.893, 87
Trd, 4318512.943, 79
Trd, 4318515.293, 121
Trd, 4318516.043, 89
Trd, 4318516.293, 71
Trd, 4318516.393, 133
Trd, 4318518.643, 134
Trd, 4318519.843, 134
Trd, 4318519.943, 135
Trd, 4318520.243, 133
Trd, 4318520.643, 122
Trd, 4318520.843, 128
Trd, 4318523.193, 140
Trd, 4318524.143, 140
Trd, 4318524.993, 140
Trd, 4318525.243, 137
Trd, 4318526.093, 112
Trd, 4318526.293, 110
Trd, 4318526.643, 112
Trd, 4318528.593, 122
Trd, 4318528.793, 124
Trd, 4318528.843, 86
Trd, 4318530.093, 136
Trd, 4318530.543, 136
Trd, 4318532.193, 61
Trd, 4318532.493, 62
Trd, 4318534.443, 64
Trd, 4318535.293, 62
Trd, 4318535.593, 60
Trd, 4318536.093, 62
Trd, 4318537.093, 69
Trd, 4318537.143, 62
Trd, 4318537.793, 67
Trd, 4318538.093, 83
Trd, 4318538.693, 99
Trd, 4318539.143, 123
Trd, 4318541.243, 137
Trd, 4318541.543, 136
Trd, 4318542.043, 139
Trd, 4318542.843, 140
Trd, 4318542.893, 109
Trd, 4318543.743, 88
Trd, 4318543.943, 86
Trd, 4318544.993, 71
Trd, 4318545.493, 65
Trd, 4318546.693, 139
Trd, 4318547.643, 139
Trd, 4318548.443, 123
Trd, 4318549.093, 133
Trd, 4318550.143, 92
Trd, 4318550.543, 91
Trd, 4318551.093, 91
Trd, 4318552.043, 135
Trd, 4318553.093, 138
Trd, 4318554.243, 133
Trd, 4318555.193, 118
Trd, 4318555.693, 137
Trd, 4318556.243, 135
Trd, 4318556.793, 118
Trd, 4318557.243, 109
Trd, 4318558.593, 128
Trd, 4318559.643, 117
Trd, 4318559.743, 96
Trd, 4318561.093, 93
Trd, 4318561.793, 134
Trd, 4318562.493, 120
Trd, 4318563.893, 103
Trd, 4318563.993, 99
Trd, 4318565.443, 126
Trd, 4318565.643, 113
Trd, 4318566.043, 139
Trd, 4318566.293, 134
Trd, 4318567.443, 112
Trd, 4318567.793, 111
Trd, 4318568.393, 99
Trd, 4318568.693, 79
Trd, 4318569.093, 66
Trd, 4318569.993, 104
Trd, 4318570.293, 105
Trd, 4318573.093, 129
Trd, 4318573.793, 132
Trd, 4318573.843, 131
Trd, 4318575.243, 114
Trd, 4318575.743, 113
Trd, 4318576.293, 99
Trd, 4318577.943, 108
Trd, 4318578.093, 107
Trd, 4318578.643, 137
Trd, 4318580.293, 91
Trd, 4318580.793, 112
Trd, 4318582.043, 92
Trd, 4318582.893, 102
Trd, 4318583.393, 114
Trd, 4318583.843, 137
Trd, 4318583.943, 136
Trd, 4318584.193, 84
Trd, 4318586.293, 116
Trd, 4318586.693, 115
Trd, 4318587.243, 132
Trd, 4318588.043, 130
Trd, 4318588.743, 113
Trd, 4318589.193, 111
Trd, 4318591.043, 128
Trd, 4318591.643, 130
Trd, 4318591.793, 120
Trd, 4318592.743, 127
Trd, 4318592.893, 114
Trd, 4318592.993, 112
Trd, 4318593.293, 80
Trd, 4318594.943, 73
Trd, 4318596.243, 70
Trd, 4318596.893, 79
Trd, 4318597.543, 134
Trd, 4318597.793, 74
Trd, 4318598.893, 137
Trd, 4318598.993, 77
Trd, 4318599.143, 65
Trd, 4318600.543, 124
Trd, 4318601.093, 139
Trd, 4318602.543, 115
Trd, 4318603.143, 71
Trd, 4318603.593, 70
Trd, 4318604.643, 115
Trd, 4318605.993, 60
Trd, 4318606.143, 62
Trd, 4318607.043, 68
Trd, 4318607.993, 139
Trd, 4318608.893, 127
Trd, 4318609.343, 106
Trd, 4318610.493, 127
Trd, 4318610.643, 126
Trd, 4318612.643, 132
Trd, 4318613.043, 134
Trd, 4318614.393, 137
Trd, 4318615.543, 138
Trd, 4318617.543, 140
Trd, 4318617.693, 140
Trd, 4318617.993, 135
Trd, 4318618.343, 127
Trd, 4318621.593, 140
Trd, 4318621.693, 134
Trd, 4318621.943, 111
Trd, 4318622.293, 129
Trd, 4318623.343, 123
Trd, 4318623.793, 112
Trd, 4318625.543, 111
Trd, 4318626.143, 106
Trd, 4318626.193, 105
Trd, 4318626.293, 114
Trd, 4318626.593, 83
Trd, 4318627.293, 60
Trd, 4318629.543, 61
Trd, 4318630.143, 139
Trd, 4318632.343, 136
Trd, 4318632.443, 127
Trd, 4318633.393, 99
Trd, 4318633.493, 98
Trd, 4318633.693, 96
Trd, 4318634.943, 72
Trd, 4318636.093, 128
Trd, 4318636.993, 126
Trd, 4318637.193, 123
Trd, 4318637.643, 118
Trd, 4318638.893, 61
Trd, 4318639.593, 62
Trd, 4318640.643, 61
Trd, 4318641.393, 62
Trd, 4318641.993, 63
Trd, 4318642.443, 61
Trd, 4318642.643, 62
Trd, 4318643.193, 108
Trd, 4318643.643, 136
Trd, 4318645.893, 140
Trd, 4318646.043, 140
Trd, 4318646.343, 140
Trd, 4318646.843, 133
Trd, 4318648.393, 140
Trd, 4318648.893, 140
Trd, 4318649.743, 127
Trd, 4318650.093, 127
Trd, 4318651.743, 140
Trd, 4318652.893, 140
Trd, 4318653.193, 134
Trd, 4318653.443, 117
Trd, 4318654.893, 112
Trd, 4318655.043, 111
Trd, 4318655.543, 77
Trd, 4318655.743, 75
Trd, 4318655.993, 103
Trd, 4318656.993, 63
Trd, 4318657.393, 75
Trd, 4318659.543, 139
Trd, 4318660.343, 140
Trd, 4318662.343, 140
Trd, 4318662.593, 140
Trd, 4318663.343, 140
Trd, 4318664.293, 140
Trd, 4318664.643, 140
Trd, 4318664.993, 140
Trd, 4318665.043, 140
Trd, 4318665.393, 139
Trd, 4318666.693, 124
Trd, 4318667.293, 85
Trd, 4318667.893, 76
Trd, 4318669.193, 81
Trd, 4318669.943, 83
Trd, 4318670.143, 94
Trd, 4318670.593, 81
Trd, 4318671.093, 61
Trd, 4318671.993, 68
Trd, 4318672.943, 63
Trd, 4318673.043, 70
Trd, 4318675.543, 129
Trd, 4318675.643, 128
Trd, 4318675.793, 125
Trd, 4318676.893, 140
Trd, 4318677.393, 140
Trd, 4318678.093, 137
Trd, 4318678.893, 137
Trd, 4318679.993, 111
Trd, 4318680.043, 110
Trd, 4318680.093, 74
Trd, 4318681.193, 61
Trd, 4318681.943, 61
Trd, 4318683.293, 130
Trd, 4318685.143, 140
Trd, 4318685.243, 140
Trd, 4318685.693, 140
Trd, 4318686.043, 139
Trd, 4318688.343, 140
Trd, 4318689.243, 140
Trd, 4318689.693, 140
Trd, 4318690.493, 110
Trd, 4318690.993, 118
Trd, 4318691.293, 109
Trd, 4318691.593, 91
Trd, 4318692.643, 85
Trd, 4318692.743, 84
Trd, 4318693.043, 99
Trd, 4318693.743, 140
Trd, 4318694.093, 139
Trd, 4318696.243, 71
Trd, 4318698.593, 61
Trd, 4318699.243, 114
Trd, 4318699.593, 69
Trd, 4318699.743, 70
Trd, 4318699.993, 68
Trd, 4318700.593, 89
Trd, 4318701.193, 69
Trd, 4318701.243, 91
Trd, 4318701.443, 119
Trd, 4318701.743, 107
Trd, 4318702.093, 62
Trd, 4318703.843, 64
Trd, 4318704.393, 72
Trd, 4318705.343, 60
Trd, 4318706.643, 67
Trd, 4318706.693, 68
Trd, 4318708.843, 60
Trd, 4318709.093, 62
Trd, 4318709.543, 63
Trd, 4318710.043, 63
Trd, 4318710.443, 71
Trd, 4318712.043, 78
Trd, 4318712.343, 78
Trd, 4318712.993, 77
Trd, 4318713.343, 78
Trd, 4318713.843, 134
Trd, 4318714.093, 133
Trd, 4318715.243, 103
Trd, 4318716.343, 93
Trd, 4318716.643, 75
Trd, 4318716.943, 94
Trd, 4318718.743, 129
Trd, 4318719.243, 133
Trd, 4318719.543, 105
Trd, 4318720.743, 91
Trd, 4318720.893, 88
Trd, 4318723.143, 140
Trd, 4318723.793, 140
Trd, 4318724.443, 140
Trd, 4318725.243, 140
Trd, 4318726.743, 140
Trd, 4318726.793, 140
Trd, 4318727.593, 139
Trd, 4318727.643, 134
Trd, 4318728.643, 61
Trd, 4318729.293, 61
Trd, 4318730.543, 61
Trd, 4318730.843, 61
Trd, 4318731.843, 60
Trd, 4318733.493, 60
Trd, 4318733.993, 64
Trd, 4318734.993, 64
Trd, 4318735.143, 63
Trd, 4318735.293, 62
Trd, 4318736.343, 67
Trd, 4318737.393, 140
Trd, 4318737.643, 139
Trd, 4318738.343, 114
Trd, 4318739.493, 82
Trd, 4318740.043, 94
Trd, 4318740.693, 90
Trd, 4318741.793, 105
Trd, 4318742.043, 84
Trd, 4318742.593, 134
Trd, 4318745.093, 137
Trd, 4318745.543, 138
Trd, 4318745.593, 137
Trd, 4318746.143, 100
Trd, 4318746.643, 101
Trd, 4318747.643, 100
Trd, 4318747.893, 89
Trd, 4318748.843, 63
Trd, 4318750.293, 86
Trd, 4318750.393, 77
Trd, 4318752.093, 119
Trd, 4318752.243, 116
Trd, 4318753.243, 140
Trd, 4318754.893, 140
Trd, 4318754.993, 137
Trd, 4318755.643, 132
Trd, 4318756.243, 109
Trd, 4318757.093, 134
Trd, 4318757.143, 123
Trd, 4318757.793, 111
Trd, 4318758.393, 105
Trd, 4318760.393, 140
Trd, 4318761.093, 140
Trd, 4318761.143, 139
Trd, 4318761.393, 132
Trd, 4318761.743, 120
Trd, 4318763.443, 137
Trd, 4318763.743, 116
Trd, 4318764.093, 115
Trd, 4318765.643, 99
Trd, 4318765.843, 97
Trd, 4318766.943, 140
Trd, 4318767.043, 140
Trd, 4318767.293, 140
Trd, 4318769.343, 109
Trd, 4318769.843, 104
Trd, 4318771.143, 125
Trd, 4318771.393, 133
Trd, 4318772.343, 124
Trd, 4318772.493, 121
Trd, 4318772.843, 121
Trd, 4318774.093, 121
Trd, 4318774.293, 101
Trd, 4318774.943, 135
Trd, 4318775.743, 102
Trd, 4318777.193, 138
Trd, 4318777.243, 103
Trd, 4318777.393, 89
Trd, 4318779.443, 133
Trd, 4318779.793, 133
Trd, 4318781.543, 140
Trd, 4318781.593, 139
Trd, 4318782.193, 114
Trd, 4318783.793, 140
Trd, 4318783.893, 140
Trd, 4318784.793, 133
Trd, 4318784.893, 125
Trd, 4318785.443, 101
Trd, 4318786.143, 100
Trd, 4318786.293, 120
Trd, 4318787.543, 130
Trd, 4318789.943, 119
Trd, 4318789.993, 117
Trd, 4318790.043, 115
Trd, 4318790.893, 79
Trd, 4318792.893, 138
Trd, 4318794.593, 137
Trd, 4318794.643, 125
Trd, 4318794.793, 108
Trd, 4318794.893, 99
Trd, 4318796.093, 110
Trd, 4318796.593, 124
Trd, 4318797.393, 139
Trd, 4318798.143, 140
Trd, 4318798.443, 115
Trd, 4318798.543, 109
Trd, 4318800.443, 138
Trd, 4318801.793, 140
Trd, 4318801.843, 140
Trd, 4318802.143, 140
Trd, 4318802.193, 139
Trd, 4318802.893, 139
Trd, 4318804.193, 96
Trd, 4318804.243, 86
Trd, 4318805.943, 120
Trd, 4318806.093, 133
Trd, 4318806.193, 122
Trd, 4318806.493, 121
Trd, 4318807.043, 116
Trd, 4318809.143, 111
Trd, 4318810.093, 107
Trd, 4318810.343, 106
Trd, 4318812.243, 140
Trd, 4318812.343, 139
Trd, 4318813.293, 139
Trd, 4318813.393, 135
Trd, 4318813.943, 119
Trd, 4318814.393, 115
Trd, 4318814.743, 124
Trd, 4318817.993, 138
Trd, 4318818.043, 137
Trd, 4318819.343, 136
Trd, 4318820.593, 130
Trd, 4318821.043, 112
Trd, 4318821.143, 84
Trd, 4318821.443, 77
Trd, 4318822.243, 63
Trd, 4318822.643, 65
Trd, 4318823.693, 66
Trd, 4318824.593, 71
Trd, 4318825.893, 125
Trd, 4318826.593, 126
Trd, 4318827.493, 118
Trd, 4318828.393, 99
Trd, 4318829.243, 138
Trd, 4318830.243, 140
Trd, 4318830.293, 133
Trd, 4318830.893, 121
Trd, 4318831.543, 103
Trd, 4318832.993, 116
Trd, 4318833.293, 116
Trd, 4318833.493, 113
Trd, 4318835.143, 119
Trd, 4318835.343, 90
Trd, 4318836.543, 126
Trd, 4318836.893, 115
Trd, 4318837.893, 140
Trd, 4318838.093, 139
Trd, 4318838.343, 77
Trd, 4318838.793, 75
Trd, 4318839.943, 60
Trd, 4318840.643, 60
Trd, 4318841.893, 61
Trd, 4318842.293, 63
Trd, 4318842.593, 63
Trd, 4318843.643, 87
Trd, 4318844.243, 65
Trd, 4318844.393, 64
Trd, 4318844.643, 65
Trd, 4318844.993, 65
Trd, 4318845.693, 100
Trd, 4318845.743, 99
Trd, 4318849.143, 129
Trd, 4318849.343, 128
Trd, 4318849.493, 128
Trd, 4318851.393, 129
Trd, 4318852.393, 90
Trd, 4318852.843, 98
Trd, 4318853.093, 90
Trd, 4318853.443, 114
Trd, 4318854.343, 93
Trd, 4318854.693, 90
Trd, 4318854.893, 69
Trd, 4318856.043, 71
Trd, 4318857.043, 127
Trd, 4318857.293, 70
Trd, 4318858.193, 140
Trd, 4318858.693, 140
Trd, 4318860.143, 140
Trd, 4318860.343, 104
Trd, 4318861.393, 92
Trd, 4318862.093, 109
Trd, 4318862.843, 116
Trd, 4318862.943, 98
Trd, 4318864.093, 95
Trd, 4318864.743, 121
Trd, 4318865.693, 100
Trd, 4318865.943, 99
Trd, 4318867.443, 140
Trd, 4318867.543, 140
Trd, 4318868.393, 140
Trd, 4318869.293, 82
Trd, 4318870.643, 114
Trd, 4318871.543, 121
Trd, 4318872.693, 136
Trd, 4318873.043, 135
Trd, 4318873.393, 123
Trd, 4318873.543, 116
Trd, 4318874.843, 138
Trd, 4318877.243, 104
Trd, 4318878.043, 129
Trd, 4318878.443, 129
Trd, 4318879.093, 136
Trd, 4318879.493, 91
Trd, 4318879.893, 87
Trd, 4318880.093, 139
Trd, 4318880.143, 86
Trd, 4318880.243, 84
Trd, 4318881.093, 138
Trd, 4318881.343, 83
Trd, 4318881.893, 84
Trd, 4318883.443, 140
Trd, 4318883.843, 140
Trd, 4318884.343, 117
Trd, 4318884.693, 95
Trd, 4318885.943, 140
Trd, 4318885.993, 85
Trd, 4318887.943, 87
Trd, 4318888.493, 126
Trd, 4318889.193, 126
Trd, 4318889.793, 134
Trd, 4318889.943, 136
Trd, 4318892.393, 135
Trd, 4318892.643, 134
Trd, 4318893.443, 100
Trd, 4318893.843, 87
Trd, 4318893.993, 83
Trd, 4318895.143, 62
Trd, 4318895.543, 61
Trd, 4318895.593, 63
Trd, 4318896.343, 81
Trd, 4318898.143, 64
Trd, 4318898.943, 106
Trd, 4318900.243, 65
Trd, 4318900.843, 67
Trd, 4318900.893, 68
Trd, 4318901.993, 79
Trd, 4318902.443, 95
Trd, 4318902.743, 72
Trd, 4318902.893, 116
Trd, 4318903.093, 71
Trd, 4318903.693, 81
Trd, 4318905.893, 61
Trd, 4318906.193, 61
Trd, 4318907.693, 60
Trd, 4318908.693, 60
Trd, 4318908.943, 60
Trd, 4318910.143, 60
Trd, 4318911.193, 61
Trd, 4318911.593, 83
Trd, 4318911.743, 79
Trd, 4318912.643, 77
Trd, 4318912.993, 72
Trd, 4318913.543, 119
Trd, 4318914.643, 60
Trd, 4318914.743, 64
Trd, 4318915.793, 106
Trd, 4318916.093, 140
Trd, 4318916.543, 80
Trd, 4318916.693, 65
Trd, 4318918.443, 66
Trd, 4318919.543, 112
Trd, 4318919.643, 83
Trd, 4318920.093, 82
Trd, 4318920.943, 82
Trd, 4318922.093, 113
Trd, 4318922.493, 93
Trd, 4318922.893, 80
Trd, 4318924.393, 137
Trd, 4318924.493, 105
Trd, 4318924.993, 101
Trd, 4318925.343, 101
Trd, 4318925.593, 101
Trd, 4318927.143, 74
Trd, 4318927.843, 91
Trd, 4318930.093, 140
Trd, 4318930.193, 132
Trd, 4318930.593, 131
Trd, 4318930.643, 127
Trd, 4318934.093, 140
Trd, 4318934.243, 140
Trd, 4318934.293, 140
Trd, 4318935.243, 140
Trd, 4318935.543, 137
Trd, 4318935.643, 119
Trd, 4318935.943, 84
Trd, 4318936.743, 92
Trd, 4318937.193, 71
Trd, 4318938.493, 60
Trd, 4318938.593, 69
Trd, 4318939.893, 60
Trd, 4318941.293, 69
Trd, 4318942.043, 64
Trd, 4318942.243, 63
Trd, 4318942.643, 60
Trd, 4318943.043, 62
Trd, 4318943.243, 95
Trd, 4318943.543, 62
Trd, 4318945.293, 63
Trd, 4318945.743, 63
Trd, 4318947.293, 113
Trd, 4318947.343, 112
Trd, 4318947.393, 111
Trd, 4318949.493, 124
Trd, 4318949.593, 108
Trd, 4318950.193, 102
Trd, 4318950.643, 101
Trd, 4318952.043, 77
Trd, 4318952.393, 85
Trd, 4318953.893, 140
Trd, 4318954.093, 139
Trd, 4318956.093, 140
Trd, 4318956.593, 136
Trd, 4318956.693, 135
Trd, 4318957.393, 121
Trd, 4318958.193, 79
Trd, 4318958.343, 76
Trd, 4318959.993, 140
Trd, 4318961.093, 139
Trd, 4318961.543, 138
Trd, 4318961.943, 140
Trd, 4318962.743, 118
Trd, 4318963.393, 118
Trd, 4318964.343, 95
Trd, 4318964.393, 125
Trd, 4318965.893, 107
Trd, 4318966.093, 106
Trd, 4318966.643, 116
Trd, 4318966.743, 88
Trd, 4318967.093, 86
Trd, 4318968.293, 109
Trd, 4318968.993, 66
Trd, 4318969.943, 108
Trd, 4318970.693, 102
Trd, 4318971.343, 122
Trd, 4318972.443, 111
Trd, 4318972.643, 105
Trd, 4318973.693, 105
Trd, 4318973.993, 136
Trd, 4318974.593, 135
Trd, 4318975.143, 118
Trd, 4318975.943, 127
Trd, 4318976.193, 101
Trd, 4318977.043, 86
Trd, 4318977.193, 75
Trd, 4318977.593, 60
Trd, 4318979.143, 138
Trd, 4318980.493, 140
Trd, 4318980.893, 140
Trd, 4318980.993, 138
Trd, 4318981.693, 60
Trd, 4318982.193, 63
Trd, 4318982.943, 116
Trd, 4318983.043, 115
Trd, 4318985.543, 104
Trd, 4318985.643, 91
Trd, 4318985.893, 139
Trd, 4318986.243, 79
Trd, 4318987.693, 67
Trd, 4318988.493, 128
Trd, 4318988.543, 108
Trd, 4318989.793, 61
Trd, 4318990.693, 123
Trd, 4318992.093, 124
Trd, 4318992.143, 124
Trd, 4318992.843, 112
Trd, 4318993.293, 126
Trd, 4318993.893, 114
Trd, 4318994.193, 111
Trd, 4318994.343, 109
Trd, 4318995.193, 90
Trd, 4318996.093, 138
Trd, 4318998.343, 122
Trd, 4318999.293, 99
Trd, 4318999.643, 98
Trd, 4318999.743, 136
Trd, 4318999.993, 105
Trd, 4319000.143, 113
Trd, 4319001.443, 97
Trd, 4319001.543, 76
Trd, 4319002.593, 101
Trd, 4319002.843, 95
Trd, 4319003.743, 68
Trd, 4319004.743, 60
Trd, 4319007.043, 96
Trd, 4319008.393, 101
Trd, 4319009.493, 129
Trd, 4319009.743, 128
Trd, 4319011.043, 140
Trd, 4319011.243, 140
Trd, 4319011.443, 112
Trd, 4319012.393, 116
Trd, 4319012.643, 110
Trd, 4319013.043, 109
Trd, 4319014.043, 110
Trd, 4319014.193, 106
Trd, 4319014.543, 90
Trd, 4319016.243, 93
Trd, 4319016.793, 80
Trd, 4319017.493, 134
Trd, 4319017.743, 132
Trd, 4319018.943, 135
Trd, 4319021.343, 140
Trd, 4319021.643, 140
Trd, 4319021.743, 139
Trd, 4319021.893, 127
Trd, 4319022.093, 98
Trd, 4319023.343, 136
Trd, 4319023.793, 132
Trd, 4319025.643, 114
Trd, 4319025.993, 105
Trd, 4319027.893, 122
Trd, 4319028.543, 123
Trd, 4319029.443, 122
Trd, 4319029.543, 102
Trd, 4319029.693, 84
Trd, 4319030.143, 96
Trd, 4319030.393, 65
Trd, 4319032.093, 61
Trd, 4319032.643, 62
Trd, 4319032.793, 63
Trd, 4319034.743, 61
Trd, 4319035.543, 60
Trd, 4319036.293, 62
Trd, 4319038.493, 60
Trd, 4319038.793, 63
Trd, 4319039.193, 64
Trd, 4319039.243, 65
Trd, 4319039.593, 63
Trd, 4319040.393, 101
Trd, 4319041.393, 137
Trd, 4319043.093, 140
Trd, 4319043.193, 140
Trd, 4319043.343, 140
Trd, 4319044.793, 138
Trd, 4319046.743, 116
Trd, 4319047.643, 140
Trd, 4319048.143, 140
Trd, 4319048.293, 140
Trd, 4319049.993, 134
Trd, 4319050.693, 134
Trd, 4319051.143, 131
Trd, 4319051.643, 94
Trd, 4319052.593, 68
Trd, 4319053.143, 134
Trd, 4319053.793, 101
Trd, 4319054.593, 79
Trd, 4319055.443, 139
Trd, 4319056.343, 139
Trd, 4319056.493, 138
Trd, 4319056.993, 115
Trd, 4319057.143, 77
Trd, 4319059.593, 100
Trd, 4319060.143, 99
Trd, 4319060.643, 138
Trd, 4319060.743, 97
Trd, 4319061.643, 137
Trd, 4319061.843, 99
Trd, 4319062.093, 98
Trd, 4319063.943, 96
Trd, 4319064.743, 130
Trd, 4319065.193, 73
Trd, 4319066.043, 73
Trd, 4319067.543, 77
Trd, 4319068.393, 140
Trd, 4319068.593, 140
Trd, 4319069.643, 105
Trd, 4319070.893, 140
Trd, 4319070.993, 140
Trd, 4319071.143, 114
Trd, 4319071.943, 131
Trd, 4319072.043, 130
Trd, 4319072.793, 113
Trd, 4319074.943, 139
Trd, 4319075.593, 112
Trd, 4319076.243, 119
Trd, 4319076.843, 112
Trd, 4319077.643, 132
Trd, 4319078.093, 100
Trd, 4319078.243, 93
Trd, 4319078.793, 107
Trd, 4319079.393, 138
Trd, 4319080.393, 113
Trd, 4319080.643, 126
Trd, 4319081.393, 138
Trd, 4319081.743, 102
Trd, 4319083.043, 130
Trd, 4319083.293, 128
Trd, 4319085.143, 98
Trd, 4319085.693, 100
Trd, 4319085.943, 99
Trd, 4319087.343, 132
Trd, 4319087.943, 119
Trd, 4319088.743, 119
Trd, 4319089.643, 102
Trd, 4319090.143, 81
Trd, 4319090.443, 70
Trd, 4319090.793, 62
Trd, 4319091.893, 108
Trd, 4319092.043, 134
Trd, 4319093.243, 137
Trd, 4319093.443, 136
Trd, 4319094.843, 98
Trd, 4319095.793, 97
Trd, 4319096.193, 111
Trd, 4319097.993, 120
Trd, 4319098.643, 112
Trd, 4319098.893, 111
Trd, 4319100.493, 136
Trd, 4319101.193, 140
Trd, 4319101.293, 135
Trd, 4319102.193, 118
Trd, 4319102.343, 86
Trd, 4319102.743, 68
Trd, 4319103.743, 140
Trd, 4319104.943, 71
Trd, 4319105.293, 128
Trd, 4319106.743, 121
Trd, 4319107.443, 99
Trd, 4319108.743, 93
Trd, 4319109.593, 94
Trd, 4319109.943, 97
Trd, 4319110.193, 94
Trd, 4319111.793, 99
Trd, 4319112.093, 133
Trd, 4319112.843, 118
Trd, 4319113.093, 127
Trd, 4319114.893, 134
Trd, 4319115.043, 133
Trd, 4319115.143, 132
Trd, 4319116.493, 110
Trd, 4319116.943, 130
Trd, 4319117.493, 123
Trd, 4319117.643, 140
Trd, 4319117.943, 122
Trd, 4319118.893, 106
Trd, 4319120.993, 124
Trd, 4319121.043, 98
Trd, 4319121.593, 78
Trd, 4319122.393, 126
Trd, 4319124.743, 140
Trd, 4319126.143, 140
Trd, 4319126.643, 140
Trd, 4319128.443, 140
Trd, 4319129.043, 140
Trd, 4319129.393, 140
Trd, 4319129.493, 140
Trd, 4319129.593, 115
Trd, 4319130.543, 113
Trd, 4319132.843, 126
Trd, 4319133.193, 125
Trd, 4319133.643, 139
Trd, 4319133.943, 131
Trd, 4319134.093, 114
Trd, 4319134.843, 121
Trd, 4319136.843, 139
Trd, 4319137.543, 123
Trd, 4319137.743, 122
Trd, 4319137.943, 121
Trd, 4319138.593, 101
Trd, 4319138.843, 100
Trd, 4319140.493, 86
Trd, 4319140.843, 132
Trd, 4319142.293, 82
Trd, 4319143.043, 80
Trd, 4319143.143, 124
Trd, 4319143.193, 79
Trd, 4319145.593, 133
Trd, 4319145.693, 108
Trd, 4319146.593, 119
Trd, 4319147.893, 117
Trd, 4319148.493, 119
Trd, 4319149.393, 131
Trd, 4319149.693, 130
Trd, 4319151.343, 120
Trd, 4319152.043, 139
Trd, 4319152.443, 121
Trd, 4319152.793, 100
Trd, 4319152.993, 92
Trd, 4319153.043, 80
Trd, 4319155.043, 140
Trd, 4319156.893, 140
Trd, 4319157.043, 140
Trd, 4319157.193, 140
Trd, 4319157.293, 140
Trd, 4319158.093, 127
Trd, 4319158.543, 126
Trd, 4319160.143, 134
Trd, 4319160.293, 95
Trd, 4319160.943, 80
Trd, 4319163.043, 86
Trd, 4319164.393, 130
Trd, 4319166.143, 118
Trd, 4319166.693, 117
Trd, 4319168.043, 140
Trd, 4319168.493, 93
Trd, 4319168.693, 88
Trd, 4319169.493, 126
Trd, 4319169.893, 68
Trd, 4319170.243, 131
Trd, 4319170.443, 61
Trd, 4319170.593, 60
Trd, 4319171.693, 62
Trd, 4319172.593, 60
Trd, 4319173.293, 61
Trd, 4319173.743, 62
Trd, 4319175.193, 106
Trd, 4319175.493, 105
Trd, 4319176.243, 124
Trd, 4319178.693, 132
Trd, 4319178.793, 130
Trd, 4319179.943, 136
Trd, 4319180.543, 124
Trd, 4319181.343, 137
Trd, 4319182.043, 136
Trd, 4319183.493, 139
Trd, 4319183.643, 138
Trd, 4319183.943, 137
Trd, 4319185.243, 113
Trd, 4319185.643, 137
Trd, 4319187.093, 126
Trd, 4319188.393, 126
Trd, 4319188.493, 125
Trd, 4319188.543, 135
Trd, 4319190.093, 112
Trd, 4319190.293, 106
Trd, 4319190.393, 96
Trd, 4319191.643, 102
Trd, 4319191.943, 87
Trd, 4319191.993, 71
Trd, 4319194.793, 140
Trd, 4319196.543, 139
Trd, 4319197.093, 138
Trd, 4319197.993, 134
Trd, 4319198.693, 134
Trd, 4319198.743, 133
Trd, 4319199.043, 131
Trd, 4319199.643, 114
Trd, 4319200.543, 118
Trd, 4319200.843, 116
Trd, 4319201.293, 96
Trd, 4319201.643, 74
Trd, 4319202.643, 136
Trd, 4319203.543, 65
Trd, 4319203.743, 62
Trd, 4319206.043, 61
Trd, 4319206.743, 60
Trd, 4319208.593, 60
Trd, 4319208.643, 61
Trd, 4319208.743, 64
Trd, 4319209.343, 65
Trd, 4319209.443, 61
Trd, 4319209.593, 65
Trd, 4319211.093, 138
Trd, 4319211.343, 78
Trd, 4319212.143, 135
Trd, 4319212.943, 139
Trd, 4319213.493, 105
Trd, 4319213.843, 104
Trd, 4319214.943, 70
Trd, 4319217.343, 138
Trd, 4319217.943, 138
Trd, 4319218.843, 138
Trd, 4319219.743, 138
Trd, 4319219.943, 137
Trd, 4319221.343, 129
Trd, 4319221.793, 75
Trd, 4319222.443, 75
Trd, 4319223.943, 82
Trd, 4319224.693, 78
Trd, 4319224.893, 78
Trd, 4319225.543, 80
Trd, 4319226.043, 135
Trd, 4319226.343, 113
Trd, 4319226.693, 139
Trd, 4319228.093, 115
Trd, 4319229.543, 106
Trd, 4319230.493, 135
Trd, 4319231.593, 120
Trd, 4319232.343, 120
Trd, 4319232.643, 105
Trd, 4319233.493, 131
Trd, 4319234.743, 137
Trd, 4319234.843, 127
Trd, 4319236.143, 125
Trd, 4319236.743, 131
Trd, 4319237.593, 137
Trd, 4319238.643, 88
Trd, 4319239.743, 121
Trd, 4319240.093, 129
Trd, 4319240.193, 120
Trd, 4319240.793, 107
Trd, 4319240.893, 90
Trd, 4319241.943, 94
Trd, 4319243.393, 96
Trd, 4319243.843, 97
Trd, 4319244.093, 96
Trd, 4319244.593, 95
Trd, 4319245.593, 135
Trd, 4319246.593, 139
Trd, 4319246.843, 119
Trd, 4319248.243, 68
Trd, 4319248.943, 130
Trd, 4319249.793, 134
Trd, 4319250.243, 134
Trd, 4319250.293, 133
Trd, 4319252.393, 105
Trd, 4319252.593, 96
Trd, 4319253.093, 113
Trd, 4319253.593, 113
Trd, 4319254.043, 129
Trd, 4319255.143, 103
Trd, 4319255.193, 102
Trd, 4319255.993, 140
Trd, 4319256.493, 103
Trd, 4319258.593, 107
Trd, 4319258.743, 94
Trd, 4319259.443, 81
Trd, 4319260.293, 106
Trd, 4319260.893, 126
Trd, 4319261.743, 140
Trd, 4319261.793, 140
Trd, 4319261.843, 140
Trd, 4319262.493, 140
Trd, 4319264.193, 63
Trd, 4319265.193, 60
Trd, 4319265.443, 62
Trd, 4319266.343, 66
Trd, 4319267.243, 125
Trd, 4319268.193, 140
Trd, 4319268.743, 139
Trd, 4319269.693, 118
Trd, 4319271.193, 140
Trd, 4319272.593, 140
Trd, 4319272.893, 140
Trd, 4319273.143, 140
Trd, 4319273.193, 101
Trd, 4319273.243, 93
Trd, 4319274.793, 95
Trd, 4319275.043, 118
Trd, 4319276.593, 140
Trd, 4319276.743, 140
Trd, 4319277.993, 140
Trd, 4319278.793, 111
Trd, 4319279.893, 117
Trd, 4319280.843, 117
Trd, 4319282.043, 133
Trd, 4319284.193, 140
Trd, 4319284.843, 140
Trd, 4319286.193, 140
Trd, 4319286.593, 140
Trd, 4319286.893, 128
Trd, 4319287.243, 127
Trd, 4319288.443, 135
Trd, 4319289.193, 115
Trd, 4319290.293, 114
Trd, 4319290.743, 113
Trd, 4319291.293, 109
Trd, 4319291.743, 103
Trd, 4319292.143, 130
Trd, 4319292.743, 93
Trd, 4319293.093, 91
Trd, 4319293.843, 135
Trd, 4319295.393, 130
Trd, 4319295.643, 127
Trd, 4319296.443, 140
Trd, 4319296.643, 130
Trd, 4319297.143, 120
Trd, 4319298.843, 140
Trd, 4319299.243, 140
Trd, 4319299.343, 139
Trd, 4319299.843, 120
Trd, 4319300.043, 69
Trd, 4319301.293, 62
Trd, 4319302.643, 95
Trd, 4319302.743, 74
Trd, 4319304.243, 137
Trd, 4319304.643, 66
Trd, 4319305.743, 106
Trd, 4319306.293, 133
Trd, 4319306.993, 132
Trd, 4319307.093, 131
Trd, 4319307.693, 90
Trd, 4319310.843, 132
Trd, 4319311.293, 136
Trd, 4319311.443, 128
Trd, 4319311.843, 119
Trd, 4319311.943, 118
Trd, 4319312.593, 104
Trd, 4319312.693, 95
Trd, 4319313.393, 88
Trd, 4319314.143, 117
Trd, 4319314.893, 126
Trd, 4319316.493, 137
Trd, 4319317.193, 140
Trd, 4319317.343, 109
Trd, 4319318.293, 87
Trd, 4319318.893, 136
Trd, 4319319.743, 140
Trd, 4319321.443, 140
Trd, 4319321.943, 140
Trd, 4319322.443, 112
Trd, 4319322.743, 139
Trd, 4319323.293, 139
Trd, 4319323.693, 108
Trd, 4319324.193, 117
Trd, 4319324.293, 125
Trd, 4319325.093, 119
Trd, 4319326.993, 137
Trd, 4319327.843, 103
Trd, 4319329.293, 140
Trd, 4319329.543, 139
Trd, 4319329.893, 136
Trd, 4319330.493, 112
Trd, 4319332.143, 78
Trd, 4319332.643, 78
Trd, 4319333.243, 60
Trd, 4319333.643, 60
Trd, 4319334.593, 62
Trd, 4319335.543, 99
Trd, 4319336.143, 65
Trd, 4319336.493, 65
Trd, 4319336.993, 103
Trd, 4319338.093, 106
Trd, 4319338.243, 107
Trd, 4319338.693, 109
Trd, 4319339.043, 138
Trd, 4319340.343, 122
Trd, 4319340.793, 109
Trd, 4319342.043, 140
Trd, 4319342.193, 137
Trd, 4319342.693, 136
Trd, 4319344.243, 111
Trd, 4319345.943, 100
Trd, 4319346.243, 100
Trd, 4319346.693, 99
Trd, 4319347.093, 109
Trd, 4319347.943, 104
Trd, 4319348.893, 138
Trd, 4319349.493, 139
Trd, 4319349.893, 138
Trd, 4319350.793, 115
Trd, 4319351.493, 126
Trd, 4319352.593, 124
Trd, 4319353.093, 91
Trd, 4319354.193, 84
Trd, 4319354.543, 117
Trd, 4319354.693, 126
Trd, 4319354.743, 64
Trd, 4319356.093, 80
Trd, 4319356.543, 65
Trd, 4319357.393, 140
Trd, 4319358.393, 140
Trd, 4319358.843, 140
Trd, 4319360.743, 140
Trd, 4319361.293, 140
Trd, 4319362.643, 139
Trd, 4319363.043, 117
Trd, 4319363.243, 134
Trd, 4319363.343, 110
Trd, 4319363.643, 66
Trd, 4319364.343, 61
Trd, 4319365.393, 138
Trd, 4319366.193, 63
Trd, 4319366.793, 94
Trd, 4319367.493, 70
Trd, 4319368.843, 140
Trd, 4319370.343, 140
Trd, 4319371.493, 140
Trd, 4319371.643, 140
Trd, 4319372.543, 140
Trd, 4319373.143, 97
Trd, 4319373.593, 96
Trd, 4319374.393, 106
Trd, 4319375.893, 91
Trd, 4319377.143, 111
Trd, 4319377.293, 99
Trd, 4319377.493, 99
Trd, 4319377.793, 98
Trd, 4319377.943, 113
Trd, 4319378.743, 139
Trd, 4319380.093, 123
Trd, 4319380.343, 77
Trd, 4319382.093, 60
Trd, 4319383.643, 62
Trd, 4319384.143, 61
Trd, 4319385.843, 60
Trd, 4319386.093, 60
Trd, 4319386.743, 61
Trd, 4319386.843, 63
Trd, 4319387.043, 81
Trd, 4319387.193, 64
Trd, 4319387.643, 134
Trd, 4319388.343, 60
Trd, 4319388.443, 60
Trd, 4319389.993, 65
Trd, 4319390.343, 65
Trd, 4319390.543, 60
Trd, 4319392.843, 138
Trd, 4319393.343, 138
Trd, 4319394.443, 138
Trd, 4319395.393, 140
Trd, 4319395.893, 138
Trd, 4319396.643, 137
Trd, 4319397.443, 117
Trd, 4319398.143, 139
Trd, 4319398.643, 84
Trd, 4319399.693, 96
Trd, 4319401.543, 60
Trd, 4319401.643, 60
Trd, 4319401.693, 61
Trd, 4319402.243, 63
Trd, 4319402.393, 61
Trd, 4319403.593, 60
Trd, 4319406.293, 61
Trd, 4319406.343, 62
Trd, 4319406.443, 60
Trd, 4319407.143, 61
Trd, 4319407.743, 60
Trd, 4319408.693, 60
Trd, 4319409.593, 62
Trd, 4319410.593, 60
Trd, 4319411.393, 60
Trd, 4319411.643, 63
Trd, 4319413.293, 62
Trd, 4319413.443, 63
Trd, 4319413.843, 62
Trd, 4319414.093, 62
Trd, 4319415.293, 64
Trd, 4319415.943, 70
Trd, 4319417.593, 60
Trd, 4319417.693, 64
Trd, 4319418.543, 62
Trd, 4319418.743, 65
Trd, 4319419.893, 68
Trd, 4319420.293, 63
Trd, 4319421.093, 135
Trd, 4319422.143, 117
Trd, 4319423.043, 132
Trd, 4319423.293, 113
Trd, 4319424.543, 69
Trd, 4319425.143, 84
Trd, 4319426.143, 137
Trd, 4319426.293, 91
Trd, 4319427.543, 110
Trd, 4319427.793, 84
Trd, 4319428.393, 111
Trd, 4319428.493, 105
Trd, 4319429.043, 88
Trd, 4319429.593, 62
Trd, 4319430.843, 61
Trd, 4319432.093, 60
Trd, 4319432.993, 61
Trd, 4319433.293, 63
Trd, 4319433.643, 62
Trd, 4319434.193, 64
Trd, 4319434.993, 66
Trd, 4319435.043, 64
Trd, 4319438.693, 140
Trd, 4319438.843, 140
Trd, 4319438.993, 140
Trd, 4319439.343, 125
Trd, 4319439.443, 85
Trd, 4319439.543, 61
Trd, 4319439.993, 96
Trd, 4319440.993, 131
Trd, 4319442.243, 60
Trd, 4319442.893, 60
Trd, 4319442.993, 61
Trd, 4319443.643, 66
Trd, 4319445.643, 140
Trd, 4319445.993, 136
Trd, 4319447.143, 140
Trd, 4319448.943, 138
Trd, 4319449.393, 121
Trd, 4319449.643, 97
Trd, 4319449.893, 90
Trd, 4319450.843, 97
Trd, 4319451.593, 92
Trd, 4319452.243, 100
Trd, 4319453.093, 94
Trd, 4319454.293, 134
Trd, 4319454.343, 109
Trd, 4319455.293, 130
Trd, 4319455.893, 130
Trd, 4319456.993, 132
Trd, 4319457.543, 129
Trd, 4319457.643, 125
Trd, 4319459.443, 99
Trd, 4319460.343, 106
Trd, 4319461.243, 131
Trd, 4319461.593, 127
Trd, 4319463.443, 140
Trd, 4319464.043, 140
Trd, 4319464.093, 140
Trd, 4319464.893, 140
Trd, 4319466.593, 140
Trd, 4319467.393, 140
Trd, 4319467.743, 140
Trd, 4319468.643, 140
Trd, 4319469.143, 128
Trd, 4319470.143, 121
Trd, 4319470.193, 114
Trd, 4319470.693, 95
Trd, 4319471.093, 89
Trd, 4319471.893, 132
Trd, 4319473.143, 135
Trd, 4319473.443, 138
Trd, 4319474.443, 78
Trd, 4319474.693, 78
Trd, 4319474.793, 76
Trd, 4319475.743, 107
Trd, 4319476.293, 67
Trd, 4319476.543, 125
Trd, 4319478.293, 109
Trd, 4319478.993, 91
Trd, 4319480.343, 127
Trd, 4319480.793, 126
Trd, 4319481.093, 125
Trd, 4319481.293, 108
Trd, 4319482.943, 64
Trd, 4319483.143, 62
Trd, 4319483.643, 71
Trd, 4319485.443, 81
Trd, 4319487.443, 135
Trd, 4319487.893, 135
Trd, 4319488.643, 140
Trd, 4319489.693, 139
Trd, 4319489.943, 138
Trd, 4319489.993, 103
Trd, 4319490.593, 103
Trd, 4319491.693, 62
Trd, 4319491.893, 65
Trd, 4319491.993, 92
Trd, 4319492.293, 71
Trd, 4319493.843, 108
Trd, 4319494.843, 138
Trd, 4319495.043, 127
Trd, 4319495.243, 126
Trd, 4319495.643, 107
Trd, 4319496.943, 98
Trd, 4319497.093, 93
Trd, 4319497.943, 137
Trd, 4319498.943, 139
Trd, 4319499.843, 137
Trd, 4319501.043, 140
Trd, 4319501.993, 113
Trd, 4319502.143, 96
Trd, 4319504.443, 107
Trd, 4319505.443, 131
Trd, 4319505.893, 123
Trd, 4319506.643, 133
Trd, 4319506.793, 137
Trd, 4319506.943, 132
Trd, 4319507.293, 131
Trd, 4319507.993, 92
Trd, 4319508.843, 120
Trd, 4319510.443, 140
Trd, 4319510.543, 139
Trd, 4319511.343, 140
Trd, 4319511.493, 140
Trd, 4319511.693, 101
Trd, 4319514.843, 133
Trd, 4319515.543, 133
Trd, 4319515.643, 132
Trd, 4319515.743, 137
Trd, 4319517.393, 140
Trd, 4319519.143, 128
Trd, 4319519.843, 133
Trd, 4319520.843, 125
Trd, 4319520.943, 124
Trd, 4319521.343, 122
Trd, 4319521.993, 123
Trd, 4319522.543, 121
Trd, 4319522.693, 113
Trd, 4319524.293, 131
Trd, 4319524.993, 129
Trd, 4319525.443, 117
Trd, 4319525.893, 117
Trd, 4319526.543, 111
Trd, 4319526.943, 108
Trd, 4319527.843, 93
Trd, 4319529.293, 96
Trd, 4319529.443, 92
Trd, 4319529.843, 135
Trd, 4319530.693, 134
Trd, 4319531.493, 129
Trd, 4319531.893, 128
Trd, 4319532.293, 108
Trd, 4319532.693, 81
Trd, 4319535.693, 134
Trd, 4319535.743, 133
Trd, 4319535.843, 128
Trd, 4319535.993, 128
Trd, 4319537.843, 140
Trd, 4319538.143, 140
Trd, 4319538.793, 140
Trd, 4319539.093, 140
Trd, 4319539.193, 137
Trd, 4319540.943, 138
Trd, 4319541.543, 136
Trd, 4319542.543, 140
Trd, 4319543.743, 101
Trd, 4319544.243, 71
Trd, 4319544.593, 74
Trd, 4319546.643, 140
Trd, 4319546.893, 138
Trd, 4319547.343, 107
Trd, 4319547.493, 93
Trd, 4319548.043, 78
Trd, 4319548.543, 114
Trd, 4319549.443, 92
Trd, 4319550.493, 140
Trd, 4319550.543, 140
Trd, 4319550.793, 139
Trd, 4319552.393, 76
Trd, 4319552.993, 137
Trd, 4319553.793, 138
Trd, 4319554.343, 137
Trd, 4319554.593, 118
Trd, 4319554.893, 105
Trd, 4319556.343, 137
Trd, 4319557.043, 136
Trd, 4319558.493, 140
Trd, 4319559.393, 140
Trd, 4319559.443, 140
Trd, 4319560.293, 127
Trd, 4319560.793, 113
Trd, 4319561.193, 135
Trd, 4319561.293, 88
Trd, 4319561.593, 65
Trd, 4319563.943, 61
Trd, 4319563.993, 69
Trd, 4319565.843, 60
Trd, 4319565.943, 60
Trd, 4319567.293, 60
Trd, 4319567.343, 61
Trd, 4319568.143, 63
Trd, 4319568.293, 63
Trd, 4319568.693, 68
Trd, 4319568.893, 62
Trd, 4319570.293, 124
Trd, 4319571.343, 134
Trd, 4319571.493, 107
Trd, 4319572.993, 94
Trd, 4319573.043, 91
Trd, 4319575.843, 99
Trd, 4319577.193, 133
Trd, 4319577.243, 132
Trd, 4319577.493, 131
Trd, 4319578.243, 132
Trd, 4319579.343, 136
Trd, 4319580.643, 138
Trd, 4319581.043, 134
Trd, 4319581.293, 133
Trd, 4319581.643, 119
Trd, 4319582.143, 105
Trd, 4319582.943, 107
Trd, 4319583.393, 107
Trd, 4319583.693, 106
Trd, 4319584.543, 102
Trd, 4319585.843, 129
Trd, 4319586.543, 95
Trd, 4319588.793, 103
Trd, 4319588.843, 115
Trd, 4319589.543, 137
Trd, 4319591.093, 140
Trd, 4319592.093, 121
Trd, 4319592.543, 122
Trd, 4319592.843, 121
Trd, 4319592.893, 98
Trd, 4319593.293, 82
Trd, 4319593.593, 80
Trd, 4319593.993, 75
Trd, 4319596.543, 99
Trd, 4319597.093, 96
Trd, 4319597.493, 97
Trd, 4319597.893, 131
Trd, 4319598.143, 130
Trd, 4319598.293, 83
Trd, 4319599.393, 121
Trd, 4319600.693, 64
Trd, 4319601.843, 68
Trd, 4319602.643, 60
Trd, 4319602.993, 60
Trd, 4319603.143, 60
Trd, 4319603.343, 60
Trd, 4319603.693, 60
Trd, 4319604.843, 121
Trd, 4319605.093, 92
Trd, 4319605.743, 84
Trd, 4319606.143, 83
Trd, 4319608.143, 138
Trd, 4319608.693, 127
Trd, 4319609.043, 135
Trd, 4319610.593, 135
Trd, 4319610.643, 109
Trd, 4319611.593, 133
Trd, 4319611.943, 137
Trd, 4319613.693, 130
Trd, 4319613.993, 128
Trd, 4319614.343, 101
Trd, 4319615.293, 102
Trd, 4319615.793, 97
Trd, 4319618.143, 133
Trd, 4319618.243, 122
Trd, 4319619.093, 117
Trd, 4319619.893, 140
Trd, 4319620.093, 139
Trd, 4319620.793, 109
Trd, 4319621.193, 80
Trd, 4319622.343, 140
Trd, 4319623.193, 139
Trd, 4319624.043, 124
Trd, 4319624.093, 80
Trd, 4319626.193, 121
Trd, 4319626.393, 140
Trd, 4319626.443, 120
Trd, 4319626.593, 116
Trd, 4319628.593, 121
Trd, 4319629.093, 91
Trd, 4319630.893, 124
Trd, 4319631.443, 95
Trd, 4319631.893, 121
Trd, 4319632.343, 92
Trd, 4319632.643, 127
Trd, 4319633.443, 92
Trd, 4319634.593, 123
Trd, 4319635.043, 91
Trd, 4319635.093, 89
Trd, 4319636.293, 136
Trd, 4319637.443, 137
Trd, 4319637.993, 138
Trd, 4319638.193, 137
Trd, 4319639.193, 80
Trd, 4319639.443, 79
Trd, 4319639.943, 80
Trd, 4319640.343, 72
Trd, 4319641.093, 63
Trd, 4319642.693, 66
Trd, 4319643.043, 62
Trd, 4319644.293, 87
Trd, 4319644.993, 74
Trd, 4319645.043, 68
Trd, 4319645.943, 72
Trd, 4319647.043, 117
Trd, 4319647.943, 96
Trd, 4319648.643, 93
Trd, 4319649.843, 138
Trd, 4319650.843, 137
Trd, 4319651.093, 134
Trd, 4319651.443, 133
Trd, 4319652.993, 137
Trd, 4319654.693, 140
Trd, 4319655.093, 139
Trd, 4319655.693, 137
Trd, 4319656.793, 117
Trd, 4319656.893, 116
Trd, 4319657.343, 118
Trd, 4319658.143, 116
Trd, 4319658.443, 133
Trd, 4319658.943, 70
Trd, 4319659.193, 123
Trd, 4319660.893, 62
Trd, 4319661.043, 65
Trd, 4319662.793, 115
Trd, 4319662.943, 92
Trd, 4319663.893, 113
Trd, 4319664.143, 138
Trd, 4319665.043, 102
Trd, 4319665.843, 100
Trd, 4319666.043, 116
Trd, 4319666.993, 97
Trd, 4319667.543, 98
Trd, 4319668.143, 123
Trd, 4319668.543, 139
Trd, 4319669.043, 139
Trd, 4319669.543, 140
Trd, 4319669.593, 138
Trd, 4319672.593, 138
Trd, 4319672.793, 138
Trd, 4319673.643, 140
Trd, 4319674.393, 140
Trd, 4319674.843, 140
Trd, 4319675.343, 136
Trd, 4319675.443, 118
Trd, 4319676.043, 107
Trd, 4319676.943, 96
Trd, 4319677.043, 123
Trd, 4319677.793, 122
Trd, 4319678.893, 137
Trd, 4319679.393, 105
Trd, 4319680.243, 93
Trd, 4319680.443, 91
Trd, 4319681.343, 117
Trd, 4319682.093, 138
Trd, 4319682.893, 91
Trd, 4319684.643, 97
Trd, 4319685.243, 106
Trd, 4319685.393, 95
Trd, 4319685.943, 112
Trd, 4319686.243, 81
Trd, 4319687.893, 109
Trd, 4319689.343, 126
Trd, 4319690.393, 140
Trd, 4319690.943, 140
Trd, 4319691.693, 140
Trd, 4319691.743, 124
Trd, 4319692.193, 139
Trd, 4319693.143, 130
Trd, 4319694.393, 132
Trd, 4319694.743, 131
Trd, 4319696.193, 136
Trd, 4319696.993, 112
Trd, 4319698.443, 129
Trd, 4319699.143, 94
Trd, 4319699.843, 122
Trd, 4319701.643, 105
Trd, 4319701.743, 100
Trd, 4319701.993, 93
Trd, 4319702.393, 101
Trd, 4319703.543, 61
Trd, 4319703.843, 120
Trd, 4319704.243, 63
Trd, 4319704.993, 116
Trd, 4319706.093, 116
Trd, 4319706.243, 115
Trd, 4319706.743, 117
Trd, 4319706.843, 90
Trd, 4319706.943, 114
Trd, 4319708.043, 131
Trd, 4319710.493, 111
Trd, 4319711.443, 110
Trd, 4319712.043, 108
Trd, 4319712.193, 91
Trd, 4319713.543, 121
Trd, 4319713.593, 77
Trd, 4319714.143, 77
Trd, 4319715.693, 78
Trd, 4319717.843, 137
Trd, 4319718.393, 116
Trd, 4319719.043, 107
Trd, 4319719.093, 106
Trd, 4319719.693, 106
Trd, 4319719.893, 102
Trd, 4319720.493, 76
Trd, 4319721.643, 137
Trd, 4319723.093, 140
Trd, 4319723.343, 140
Trd, 4319723.493, 139
Trd, 4319724.293, 135
Trd, 4319724.943, 128
Trd, 4319726.543, 118
Trd, 4319728.143, 81
Trd, 4319729.143, 78
Trd, 4319729.293, 76
Trd, 4319729.943, 117
Trd, 4319730.343, 73
Trd, 4319730.643, 72
Trd, 4319733.043, 140
Trd, 4319733.393, 136
Trd, 4319734.493, 123
Trd, 4319734.643, 112
Trd, 4319735.543, 112
Trd, 4319735.893, 90
Trd, 4319736.093, 83
Trd, 4319737.543, 84
Trd, 4319739.493, 84
Trd, 4319739.943, 122
Trd, 4319740.743, 139
Trd, 4319742.093, 140
Trd, 4319742.193, 138
Trd, 4319742.443, 85
Trd, 4319742.793, 99
Trd, 4319744.693, 87
Trd, 4319745.943, 110
Trd, 4319746.493, 110
Trd, 4319746.743, 109
Trd, 4319747.093, 108
Trd, 4319748.493, 137
Trd, 4319748.543, 136
Trd, 4319748.593, 111
Trd, 4319750.143, 100
Trd, 4319750.543, 139
Trd, 4319751.643, 139
Trd, 4319752.543, 140
Trd, 4319752.743, 139
Trd, 4319754.993, 140
Trd, 4319755.743, 140
Trd, 4319755.793, 139
Trd, 4319756.243, 134
Trd, 4319757.243, 105
Trd, 4319757.593, 121
Trd, 4319758.693, 132
Trd, 4319760.893, 136
Trd, 4319762.443, 140
Trd, 4319762.793, 140
Trd, 4319763.643, 140
Trd, 4319763.743, 106
Trd, 4319764.193, 135
Trd, 4319765.593, 75
Trd, 4319766.393, 104
Trd, 4319767.693, 82
Trd, 4319767.943, 137
Trd, 4319768.543, 81
Trd, 4319768.943, 111
Trd, 4319771.543, 110
Trd, 4319771.593, 109
Trd, 4319771.693, 93
Trd, 4319773.493, 138
Trd, 4319773.693, 133
Trd, 4319775.093, 131
Trd, 4319776.643, 137
Trd, 4319776.793, 136
Trd, 4319776.893, 135
Trd, 4319778.043, 107
Trd, 4319778.293, 129
Trd, 4319779.043, 128
Trd, 4319779.393, 122
Trd, 4319779.943, 106
Trd, 4319780.493, 69
Trd, 4319781.443, 66
Trd, 4319782.093, 102
Trd, 4319782.243, 77
Trd, 4319783.243, 62
Trd, 4319784.343, 63
Trd, 4319786.443, 61
Trd, 4319787.493, 107
Trd, 4319787.743, 94
Trd, 4319787.893, 93
Trd, 4319788.643, 88
Trd, 4319788.793, 89
Trd, 4319789.443, 120
Trd, 4319791.243, 123
Trd, 4319791.843, 125
Trd, 4319791.943, 124
Trd, 4319793.343, 131
Trd, 4319794.993, 121
Trd, 4319795.293, 112
Trd, 4319795.343, 76
Trd, 4319796.693, 62
Trd, 4319797.643, 64
Trd, 4319799.143, 66
Trd, 4319799.443, 70
Trd, 4319799.993, 99
Trd, 4319801.143, 65
Trd, 4319801.493, 60
Trd, 4319801.693, 60
Trd, 4319802.093, 119
Trd, 4319802.443, 95
Trd, 4319803.793, 100
Trd, 4319803.843, 120
Trd, 4319804.043, 90
Trd, 4319804.693, 131
Trd, 4319805.043, 131
Trd, 4319806.143, 134
Trd, 4319806.643, 94
Trd, 4319807.643, 72
Trd, 4319807.793, 72
Trd, 4319809.193, 133
Trd, 4319809.443, 131
Trd, 4319809.593, 130
Trd, 4319810.393, 67
Trd, 4319810.893, 135
Trd, 4319812.843, 64
Trd, 4319813.143, 63
Trd, 4319814.543, 60
Trd, 4319814.943, 64
Trd, 4319815.393, 65
Trd, 4319815.743, 66
Trd, 4319816.193, 96
Trd, 4319817.293, 89
Trd, 4319817.443, 113
Trd, 4319817.893, 137
Trd, 4319817.993, 99
Trd, 4319818.793, 99
Trd, 4319820.093, 99
Trd, 4319821.043, 140
Trd, 4319821.993, 134
Trd, 4319822.243, 129
Trd, 4319822.843, 128
Trd, 4319823.343, 134
Trd, 4319824.193, 132
Trd, 4319824.293, 131
Trd, 4319825.443, 132
Trd, 4319826.643, 140
Trd, 4319826.743, 135
Trd, 4319827.193, 132
Trd, 4319827.393, 128
Trd, 4319829.193, 119
Trd, 4319830.643, 138
Trd, 4319830.843, 137
Trd, 4319830.943, 139
Trd, 4319831.643, 135
Trd, 4319832.893, 122
Trd, 4319834.643, 95
Trd, 4319835.493, 123
Trd, 4319835.743, 122
Trd, 4319836.393, 122
Trd, 4319836.843, 134
Trd, 4319837.693, 114
Trd, 4319838.343, 137
Trd, 4319838.543, 91
Trd, 4319838.843, 94
Trd, 4319839.793, 104
Trd, 4319840.093, 133
Trd, 4319840.793, 99
Trd, 4319841.043, 96
Trd, 4319842.243, 72
Trd, 4319842.793, 71
Trd, 4319843.093, 63
Trd, 4319844.493, 135
Trd, 4319845.093, 122
Trd, 4319845.893, 121
Trd, 4319846.793, 139
Trd, 4319846.993, 115
Trd, 4319848.593, 101
Trd, 4319849.543, 113
Trd, 4319850.543, 139
Trd, 4319850.943, 113
Trd, 4319851.393, 133
Trd, 4319851.693, 131
Trd, 4319852.093, 122
Trd, 4319853.593, 110
Trd, 4319854.043, 128
Trd, 4319855.343, 129
Trd, 4319856.043, 131
Trd, 4319856.643, 134
Trd, 4319857.493, 140
Trd, 4319857.843, 139
Trd, 4319858.793, 124
Trd, 4319859.143, 116
Trd, 4319860.493, 110
Trd, 4319860.993, 102
Trd, 4319861.443, 137
Trd, 4319862.243, 113
Trd, 4319863.193, 130
Trd, 4319864.943, 133
Trd, 4319865.793, 133
Trd, 4319866.293, 134
Trd, 4319867.493, 140
Trd, 4319867.743, 125
Trd, 4319868.043, 114
Trd, 4319868.893, 117
Trd, 4319869.543, 79
Trd, 4319871.193, 62
Trd, 4319871.893, 69
Trd, 4319872.343, 83
Trd, 4319872.943, 65
Trd, 4319873.243, 69
Trd, 4319873.293, 61
Trd, 4319873.993, 65
Trd, 4319875.493, 137
Trd, 4319875.993, 126
Trd, 4319876.643, 125
Trd, 4319877.093, 125
Trd, 4319878.093, 127
Trd, 4319879.193, 104
Trd, 4319880.293, 140
Trd, 4319880.793, 140
Trd, 4319881.543, 123
Trd, 4319881.943, 123
Trd, 4319882.543, 127
Trd, 4319883.343, 109
Trd, 4319884.643, 131
Trd, 4319884.943, 123
Trd, 4319885.243, 129
Trd, 4319885.693, 94
Trd, 4319886.643, 88
Trd, 4319887.043, 116
Trd, 4319887.343, 79
Trd, 4319890.043, 94
Trd, 4319890.493, 81
Trd, 4319890.793, 114
Trd, 4319890.893, 81
Trd, 4319891.993, 137
Trd, 4319892.143, 136
Trd, 4319893.093, 100
Trd, 4319893.543, 81
Trd, 4319894.593, 128
Trd, 4319895.593, 96
Trd, 4319896.943, 140
Trd, 4319898.543, 136
Trd, 4319898.793, 135
Trd, 4319898.893, 101
Trd, 4319899.393, 80
Trd, 4319899.643, 65
Trd, 4319900.643, 61
Trd, 4319900.893, 61
Trd, 4319901.193, 64
Trd, 4319901.843, 126
Trd, 4319903.593, 132
Trd, 4319904.043, 132
Trd, 4319904.593, 86
Trd, 4319906.143, 133
Trd, 4319906.443, 82
Trd, 4319906.593, 71
Trd, 4319907.493, 123
Trd, 4319908.543, 123
Trd, 4319908.793, 123
Trd, 4319909.643, 132
Trd, 4319910.193, 126
Trd, 4319910.643, 101
Trd, 4319910.843, 100
Trd, 4319913.543, 127
Trd, 4319913.693, 109
Trd, 4319914.293, 138
Trd, 4319914.443, 137
Trd, 4319914.893, 111
Trd, 4319915.493, 110
Trd, 4319915.543, 108
Trd, 4319917.393, 61
Trd, 4319917.593, 62
Trd, 4319918.193, 111
Trd, 4319918.343, 75
Trd, 4319918.743, 77
Trd, 4319919.593, 136
Trd, 4319919.993, 135
Trd, 4319921.543, 116
Trd, 4319922.143, 125
Trd, 4319922.243, 116
Trd, 4319922.543, 137
Trd, 4319922.693, 96
Trd, 4319922.893, 129
Trd, 4319924.293, 114
Trd, 4319924.643, 107
Trd, 4319926.793, 135
Trd, 4319926.843, 112
Trd, 4319929.443, 139
Trd, 4319929.493, 116
Trd, 4319930.093, 132
Trd, 4319931.443, 113
Trd, 4319931.943, 95
Trd, 4319932.343, 140
Trd, 4319933.493, 137
Trd, 4319933.993, 136
Trd, 4319934.343, 136
Trd, 4319935.443, 126
Trd, 4319936.293, 115
Trd, 4319938.043, 138
Trd, 4319939.143, 138
Trd, 4319939.243, 138
Trd, 4319939.943, 140
Trd, 4319940.193, 123
Trd, 4319940.593, 140
Trd, 4319940.893, 140
Trd, 4319941.893, 124
Trd, 4319943.593, 112
Trd, 4319943.693, 111
Trd, 4319943.893, 109
Trd, 4319944.243, 97
Trd, 4319944.693, 134
Trd, 4319945.193, 87
Trd, 4319946.593, 137
Trd, 4319947.043, 136
Trd, 4319947.293, 84
Trd, 4319947.693, 72
Trd, 4319949.643, 96
Trd, 4319950.343, 140
Trd, 4319951.093, 140
Trd, 4319951.693, 140
Trd, 4319953.943, 140
Trd, 4319954.093, 140
Trd, 4319954.143, 140
Trd, 4319954.543, 140
Trd, 4319954.943, 106
Trd, 4319956.093, 137
Trd, 4319956.243, 115
Trd, 4319957.593, 124
Trd, 4319958.443, 80
Trd, 4319959.043, 78
Trd, 4319961.143, 140
Trd, 4319961.243, 140
Trd, 4319961.343, 140
Trd, 4319962.743, 118
Trd, 4319963.093, 98
Trd, 4319963.993, 129
Trd, 4319964.043, 81
Trd, 4319965.193, 134
Trd, 4319966.343, 115
Trd, 4319967.043, 92
Trd, 4319967.143, 110
Trd, 4319969.043, 72
Trd, 4319970.093, 62
Trd, 4319970.143, 67
Trd, 4319970.843, 90
Trd, 4319971.093, 118
Trd, 4319972.293, 65
Trd, 4319972.893, 135
Trd, 4319973.643, 103
Trd, 4319974.143, 103
Trd, 4319976.593, 116
Trd, 4319977.493, 139
Trd, 4319977.593, 138
Trd, 4319977.693, 114
Trd, 4319979.393, 138
Trd, 4319979.593, 108
Trd, 4319979.743, 61
Trd, 4319981.043, 137
Trd, 4319982.093, 139
Trd, 4319982.643, 137
Trd, 4319982.743, 134
Trd, 4319982.943, 125
Trd, 4319983.043, 116
Trd, 4319984.143, 140
Trd, 4319984.193, 138
Trd, 4319985.693, 105
Trd, 4319987.643, 123
Trd, 4319987.743, 108
Trd, 4319988.343, 109
Trd, 4319988.943, 124
Trd, 4319989.293, 131
Trd, 4319989.793, 113
Trd, 4319990.843, 136
Trd, 4319993.593, 140
Trd, 4319994.093, 140
Trd, 4319994.143, 140
Trd, 4319994.393, 138
Trd, 4319994.693, 125
Trd, 4319995.743, 127
Trd, 4319996.393, 138
Trd, 4319998.293, 104
Trd, 4319998.543, 103
Trd, 4319999.143, 125
Trd, 4319999.243, 96
Trd, 4319999.693, 95
