Trd, 4318096.593, 140
Trd, 4318096.643, 140
Trd, 4318096.843, 140
Trd, 4318097.543, 137
Trd, 4318098.343, 138
Trd, 4318099.843, 68
Trd, 4318099.893, 69
Trd, 4318100.443, 72
Trd, 4318102.293, 60
Trd, 4318104.243, 63
Trd, 4318105.693, 62
Trd, 4318105.843, 74
Trd, 4318105.993, 129
Trd, 4318106.793, 70
Trd, 4318107.643, 72
Trd, 4318108.293, 76
Trd, 4318109.843, 139
Trd, 4318111.393, 99
Trd, 4318111.443, 98
Trd, 4318111.493, 112
Trd, 4318111.993, 113
Trd, 4318112.743, 98
Trd, 4318112.943, 63
Trd, 4318113.493, 138
Trd, 4318114.943, 60
Trd, 4318116.493, 60
Trd, 4318117.743, 60
Trd, 4318117.793, 62
Trd, 4318120.543, 61
Trd, 4318121.793, 60
Trd, 4318121.993, 60
Trd, 4318122.393, 62
Trd, 4318122.493, 62
Trd, 4318122.743, 69
Trd, 4318123.993, 72
Trd, 4318124.543, 67
Trd, 4318126.193, 140
Trd, 4318126.693, 140
Trd, 4318126.743, 140
Trd, 4318126.893, 139
Trd, 4318127.593, 140
Trd, 4318128.443, 140
Trd, 4318128.743, 140
Trd, 4318130.593, 140
Trd, 4318130.693, 140
Trd, 4318131.543, 140
Trd, 4318132.143, 140
Trd, 4318133.343, 140
Trd, 4318134.043, 140
Trd, 4318134.393, 140
Trd, 4318135.043, 140
Trd, 4318135.143, 138
Trd, 4318136.043, 115
Trd, 4318138.143, 60
Trd, 4318138.493, 60
Trd, 4318138.593, 60
Trd, 4318140.043, 66
Trd, 4318141.093, 64
Trd, 4318142.193, 67
Trd, 4318143.493, 60
Trd, 4318143.543, 62
Trd, 4318144.643, 61
Trd, 4318144.893, 63
Trd, 4318145.393, 62
Trd, 4318147.143, 140
Trd, 4318147.243, 140
Trd, 4318147.343, 140
Trd, 4318147.693, 140
Trd, 4318148.343, 140
Trd, 4318148.393, 140
Trd, 4318148.793, 140
Trd, 4318148.993, 139
Trd, 4318149.593, 63
Trd, 4318151.193, 140
Trd, 4318151.343, 140
Trd, 4318151.643, 140
Trd, 4318152.293, 140
Trd, 4318154.543, 140
Trd, 4318154.693, 140
Trd, 4318155.693, 140
Trd, 4318156.943, 140
Trd, 4318157.293, 140
Trd, 4318158.993, 140
Trd, 4318159.493, 140
Trd, 4318161.093, 140
Trd, 4318162.493, 140
Trd, 4318163.343, 140
Trd, 4318163.393, 140
Trd, 4318163.843, 140
Trd, 4318164.393, 140
Trd, 4318166.543, 140
Trd, 4318166.743, 140
Trd, 4318167.293, 140
Trd, 4318167.893, 140
Trd, 4318169.143, 140
Trd, 4318169.343, 140
Trd, 4318171.793, 140
Trd, 4318172.043, 140
Trd, 4318172.093, 140
Trd, 4318172.393, 140
Trd, 4318173.093, 140
Trd, 4318175.343, 140
Trd, 4318175.493, 140
Trd, 4318176.043, 140
Trd, 4318176.693, 140
Trd, 4318177.993, 140
Trd, 4318178.243, 140
Trd, 4318178.693, 140
Trd, 4318178.893, 138
Trd, 4318179.343, 140
Trd, 4318180.143, 140
Trd, 4318180.943, 140
Trd, 4318181.193, 138
Trd, 4318182.343, 140
Trd, 4318183.243, 63
Trd, 4318185.543, 140
Trd, 4318186.593, 140
Trd, 4318187.193, 140
Trd, 4318188.843, 140
Trd, 4318189.243, 140
Trd, 4318190.293, 140
Trd, 4318190.493, 140
Trd, 4318190.993, 140
Trd, 4318191.093, 140
Trd, 4318191.343, 140
Trd, 4318192.043, 140
Trd, 4318192.743, 140
Trd, 4318194.043, 138
Trd, 4318194.693, 139
Trd, 4318196.243, 140
Trd, 4318196.393, 140
Trd, 4318196.743, 140
Trd, 4318197.593, 140
Trd, 4318198.193, 140
Trd, 4318198.593, 140
Trd, 4318200.543, 140
Trd, 4318201.393, 140
Trd, 4318201.743, 140
Trd, 4318201.993, 140
Trd, 4318202.893, 140
Trd, 4318205.043, 140
Trd, 4318205.293, 140
Trd, 4318205.443, 140
Trd, 4318206.343, 140
Trd, 4318206.843, 140
Trd, 4318206.943, 140
Trd, 4318208.043, 140
Trd, 4318208.543, 140
Trd, 4318208.943, 140
Trd, 4318209.743, 140
Trd, 4318210.093, 140
Trd, 4318211.193, 140
Trd, 4318211.543, 140
Trd, 4318212.243, 140
Trd, 4318213.643, 140
Trd, 4318214.143, 140
Trd, 4318214.593, 140
Trd, 4318215.043, 140
Trd, 4318216.643, 140
Trd, 4318216.743, 140
Trd, 4318217.243, 140
Trd, 4318217.943, 140
Trd, 4318218.193, 140
Trd, 4318218.293, 140
Trd, 4318218.993, 140
Trd, 4318219.393, 140
Trd, 4318220.893, 140
Trd, 4318221.643, 140
Trd, 4318222.643, 140
Trd, 4318222.843, 140
Trd, 4318223.493, 139
Trd, 4318226.493, 140
Trd, 4318226.893, 140
Trd, 4318227.893, 140
Trd, 4318227.993, 140
Trd, 4318229.243, 140
Trd, 4318229.643, 140
Trd, 4318229.743, 140
Trd, 4318230.593, 140
Trd, 4318231.293, 140
Trd, 4318231.893, 140
Trd, 4318232.143, 140
Trd, 4318233.743, 140
Trd, 4318234.743, 140
Trd, 4318235.943, 140
Trd, 4318236.043, 140
Trd, 4318236.193, 140
Trd, 4318236.243, 140
Trd, 4318237.643, 140
Trd, 4318237.743, 140
Trd, 4318238.593, 140
Trd, 4318238.693, 140
Trd, 4318238.793, 139
Trd, 4318241.343, 140
Trd, 4318242.143, 140
Trd, 4318242.543, 140
Trd, 4318243.143, 140
Trd, 4318243.393, 140
Trd, 4318243.493, 140
Trd, 4318243.593, 140
Trd, 4318245.393, 140
Trd, 4318246.843, 140
Trd, 4318248.343, 140
Trd, 4318248.443, 140
Trd, 4318248.543, 140
Trd, 4318248.643, 140
Trd, 4318249.193, 140
Trd, 4318250.393, 140
Trd, 4318251.843, 140
Trd, 4318252.093, 140
Trd, 4318253.593, 140
Trd, 4318254.393, 140
Trd, 4318255.243, 140
Trd, 4318255.493, 140
Trd, 4318255.643, 139
Trd, 4318256.343, 140
Trd, 4318256.743, 140
Trd, 4318257.043, 140
Trd, 4318258.643, 139
Trd, 4318259.393, 140
Trd, 4318260.293, 137
Trd, 4318262.043, 140
Trd, 4318262.943, 140
Trd, 4318263.643, 140
Trd, 4318263.893, 140
Trd, 4318264.943, 140
Trd, 4318265.593, 140
Trd, 4318266.593, 140
Trd, 4318266.693, 140
Trd, 4318267.093, 140
Trd, 4318268.593, 139
Trd, 4318268.693, 139
Trd, 4318269.193, 136
Trd, 4318270.393, 140
Trd, 4318271.143, 64
Trd, 4318271.443, 67
Trd, 4318272.093, 87
Trd, 4318273.493, 81
Trd, 4318273.893, 140
Trd, 4318274.293, 140
Trd, 4318275.593, 140
Trd, 4318277.193, 140
Trd, 4318277.993, 140
Trd, 4318278.093, 140
Trd, 4318280.143, 140
Trd, 4318281.543, 140
Trd, 4318281.843, 140
Trd, 4318282.493, 140
Trd, 4318283.093, 140
Trd, 4318284.243, 140
Trd, 4318284.993, 140
Trd, 4318285.043, 140
Trd, 4318286.493, 140
Trd, 4318287.093, 140
Trd, 4318287.493, 140
Trd, 4318287.593, 140
Trd, 4318288.043, 140
Trd, 4318288.343, 140
Trd, 4318288.393, 139
Trd, 4318289.293, 140
Trd, 4318289.693, 139
Trd, 4318290.093, 138
Trd, 4318291.093, 62
Trd, 4318291.943, 63
Trd, 4318292.043, 64
Trd, 4318292.843, 140
Trd, 4318292.943, 139
Trd, 4318294.943, 140
Trd, 4318295.093, 140
Trd, 4318296.893, 140
Trd, 4318297.293, 140
Trd, 4318298.093, 140
Trd, 4318298.343, 140
Trd, 4318298.693, 140
Trd, 4318299.693, 140
Trd, 4318300.843, 140
Trd, 4318301.193, 140
Trd, 4318301.343, 140
Trd, 4318301.543, 140
Trd, 4318302.693, 140
Trd, 4318303.243, 140
Trd, 4318304.743, 140
Trd, 4318305.143, 140
Trd, 4318306.193, 140
Trd, 4318307.543, 140
Trd, 4318307.693, 140
Trd, 4318308.043, 140
Trd, 4318309.643, 140
Trd, 4318309.993, 140
Trd, 4318310.243, 140
Trd, 4318310.693, 140
Trd, 4318310.893, 140
Trd, 4318311.543, 140
Trd, 4318312.293, 140
Trd, 4318312.693, 140
Trd, 4318314.993, 140
Trd, 4318315.293, 140
Trd, 4318315.343, 140
Trd, 4318315.543, 140
Trd, 4318317.193, 140
Trd, 4318318.343, 140
Trd, 4318318.743, 140
Trd, 4318319.243, 140
Trd, 4318319.543, 140
Trd, 4318321.393, 140
Trd, 4318321.693, 140
Trd, 4318322.193, 140
Trd, 4318322.343, 140
Trd, 4318324.343, 140
Trd, 4318325.043, 140
Trd, 4318325.543, 140
Trd, 4318325.693, 139
Trd, 4318327.243, 140
Trd, 4318328.293, 140
Trd, 4318328.443, 140
Trd, 4318329.693, 140
Trd, 4318329.793, 140
Trd, 4318329.993, 139
Trd, 4318330.793, 140
Trd, 4318331.893, 140
Trd, 4318332.093, 140
Trd, 4318332.243, 140
Trd, 4318332.643, 140
Trd, 4318332.993, 140
Trd, 4318333.243, 140
Trd, 4318335.493, 140
Trd, 4318335.593, 140
Trd, 4318335.693, 140
Trd, 4318337.843, 140
Trd, 4318338.893, 140
Trd, 4318339.943, 140
Trd, 4318340.593, 140
Trd, 4318342.193, 140
Trd, 4318343.093, 140
Trd, 4318343.993, 140
Trd, 4318344.043, 140
Trd, 4318344.843, 140
Trd, 4318345.593, 140
Trd, 4318345.643, 140
Trd, 4318346.243, 140
Trd, 4318346.793, 140
Trd, 4318347.143, 140
Trd, 4318347.243, 139
Trd, 4318348.093, 140
Trd, 4318348.243, 138
Trd, 4318349.243, 137
Trd, 4318350.993, 60
Trd, 4318351.193, 60
Trd, 4318353.093, 60
Trd, 4318353.343, 66
Trd, 4318353.893, 91
Trd, 4318354.043, 118
Trd, 4318355.993, 60
Trd, 4318356.943, 60
Trd, 4318356.993, 62
Trd, 4318358.793, 60
Trd, 4318359.393, 61
Trd, 4318359.693, 62
Trd, 4318359.743, 61
Trd, 4318360.143, 62
Trd, 4318362.293, 65
Trd, 4318362.393, 66
Trd, 4318362.743, 97
Trd, 4318363.393, 67
Trd, 4318364.043, 97
Trd, 4318364.293, 66
Trd, 4318364.843, 133
Trd, 4318365.993, 66
Trd, 4318367.893, 60
Trd, 4318368.243, 61
Trd, 4318368.993, 62
Trd, 4318370.293, 61
Trd, 4318371.493, 66
Trd, 4318373.543, 60
Trd, 4318373.743, 60
Trd, 4318374.593, 62
Trd, 4318376.343, 62
Trd, 4318376.543, 60
Trd, 4318377.943, 61
Trd, 4318378.093, 62
Trd, 4318378.143, 63
Trd, 4318378.593, 139
Trd, 4318379.693, 140
Trd, 4318380.193, 66
Trd, 4318380.293, 65
Trd, 4318381.093, 140
Trd, 4318381.493, 139
Trd, 4318383.093, 140
Trd, 4318384.593, 66
Trd, 4318385.243, 61
Trd, 4318386.293, 60
Trd, 4318386.493, 64
Trd, 4318386.743, 81
Trd, 4318388.143, 140
Trd, 4318389.493, 140
Trd, 4318390.293, 140
Trd, 4318390.343, 140
Trd, 4318390.643, 139
Trd, 4318390.743, 139
Trd, 4318390.893, 139
Trd, 4318391.293, 138
Trd, 4318391.843, 110
Trd, 4318392.693, 136
Trd, 4318394.543, 72
Trd, 4318395.093, 60
Trd, 4318396.893, 61
Trd, 4318397.043, 62
Trd, 4318397.893, 131
Trd, 4318399.393, 60
Trd, 4318400.693, 61
Trd, 4318401.593, 66
Trd, 4318401.843, 64
Trd, 4318402.393, 67
Trd, 4318402.593, 63
Trd, 4318403.343, 140
Trd, 4318403.593, 64
Trd, 4318404.293, 98
Trd, 4318406.993, 60
Trd, 4318407.993, 60
Trd, 4318408.393, 62
Trd, 4318408.493, 62
Trd, 4318410.343, 61
Trd, 4318411.193, 62
Trd, 4318412.443, 62
Trd, 4318413.393, 103
Trd, 4318413.843, 72
Trd, 4318413.993, 69
Trd, 4318414.193, 67
Trd, 4318414.443, 102
Trd, 4318415.093, 60
Trd, 4318415.893, 104
Trd, 4318416.443, 72
Trd, 4318417.743, 61
Trd, 4318418.543, 60
Trd, 4318418.843, 63
Trd, 4318420.893, 60
Trd, 4318421.743, 60
Trd, 4318422.493, 61
Trd, 4318422.793, 62
Trd, 4318423.443, 62
Trd, 4318424.993, 64
Trd, 4318425.143, 106
Trd, 4318425.543, 65
Trd, 4318425.643, 140
Trd, 4318426.393, 123
Trd, 4318428.343, 106
Trd, 4318429.343, 82
Trd, 4318429.743, 78
Trd, 4318429.943, 140
Trd, 4318430.143, 75
Trd, 4318431.593, 140
Trd, 4318432.493, 140
Trd, 4318433.693, 140
Trd, 4318435.243, 140
Trd, 4318435.693, 140
Trd, 4318436.843, 140
Trd, 4318437.093, 140
Trd, 4318437.443, 140
Trd, 4318438.493, 140
Trd, 4318439.093, 140
Trd, 4318439.243, 140
Trd, 4318440.193, 140
Trd, 4318441.043, 140
Trd, 4318441.243, 140
Trd, 4318441.593, 140
Trd, 4318442.693, 140
Trd, 4318442.993, 140
Trd, 4318443.843, 140
Trd, 4318445.293, 140
Trd, 4318446.493, 140
Trd, 4318447.193, 140
Trd, 4318447.443, 140
Trd, 4318447.543, 140
Trd, 4318447.593, 136
Trd, 4318448.843, 72
Trd, 4318448.893, 74
Trd, 4318449.193, 140
Trd, 4318450.493, 140
Trd, 4318452.443, 140
Trd, 4318452.693, 140
Trd, 4318452.843, 140
Trd, 4318452.893, 140
Trd, 4318454.093, 138
Trd, 4318455.943, 140
Trd, 4318456.143, 137
Trd, 4318457.643, 60
Trd, 4318458.443, 61
Trd, 4318459.143, 60
Trd, 4318459.293, 60
Trd, 4318460.343, 61
Trd, 4318460.893, 85
Trd, 4318461.193, 63
Trd, 4318462.643, 119
Trd, 4318464.293, 60
Trd, 4318464.943, 61
Trd, 4318465.843, 61
Trd, 4318466.143, 100
Trd, 4318466.693, 64
Trd, 4318468.493, 65
Trd, 4318468.793, 86
Trd, 4318469.393, 140
Trd, 4318469.693, 140
Trd, 4318471.343, 140
Trd, 4318472.243, 140
Trd, 4318472.643, 140
Trd, 4318472.793, 140
Trd, 4318474.593, 140
Trd, 4318474.793, 140
Trd, 4318475.193, 140
Trd, 4318475.393, 140
Trd, 4318476.643, 140
Trd, 4318477.593, 139
Trd, 4318478.443, 140
Trd, 4318478.943, 140
Trd, 4318479.393, 140
Trd, 4318479.443, 135
Trd, 4318480.193, 63
Trd, 4318481.893, 61
Trd, 4318482.293, 128
Trd, 4318483.743, 62
Trd, 4318484.043, 65
Trd, 4318485.443, 61
Trd, 4318487.093, 62
Trd, 4318487.593, 66
Trd, 4318488.443, 60
Trd, 4318488.743, 62
Trd, 4318488.993, 65
Trd, 4318489.843, 60
Trd, 4318490.943, 79
Trd, 4318491.293, 68
Trd, 4318492.243, 70
Trd, 4318492.793, 70
Trd, 4318492.843, 95
Trd, 4318495.543, 140
Trd, 4318495.693, 140
Trd, 4318496.493, 140
Trd, 4318496.693, 140
Trd, 4318498.193, 140
Trd, 4318498.293, 140
Trd, 4318499.143, 140
Trd, 4318500.093, 140
Trd, 4318500.643, 140
Trd, 4318500.843, 140
Trd, 4318502.043, 140
Trd, 4318503.193, 140
Trd, 4318503.343, 140
Trd, 4318505.093, 140
Trd, 4318505.243, 140
Trd, 4318505.893, 140
Trd, 4318507.043, 140
Trd, 4318508.043, 140
Trd, 4318509.143, 140
Trd, 4318510.243, 140
Trd, 4318511.093, 140
Trd, 4318511.243, 140
Trd, 4318511.643, 140
Trd, 4318512.543, 140
Trd, 4318512.593, 140
Trd, 4318514.043, 140
Trd, 4318514.193, 140
Trd, 4318515.193, 139
Trd, 4318517.393, 140
Trd, 4318517.693, 140
Trd, 4318517.793, 140
Trd, 4318518.793, 140
Trd, 4318520.143, 140
Trd, 4318520.793, 140
Trd, 4318521.193, 140
Trd, 4318521.593, 140
Trd, 4318521.743, 140
Trd, 4318523.493, 140
Trd, 4318524.443, 140
Trd, 4318524.543, 140
Trd, 4318525.743, 140
Trd, 4318526.193, 140
Trd, 4318527.843, 140
Trd, 4318527.943, 140
Trd, 4318527.993, 140
Trd, 4318528.293, 140
Trd, 4318529.093, 140
Trd, 4318529.543, 140
Trd, 4318532.093, 140
Trd, 4318532.493, 140
Trd, 4318532.743, 140
Trd, 4318533.193, 140
Trd, 4318535.493, 140
Trd, 4318536.343, 140
Trd, 4318536.493, 140
Trd, 4318536.793, 140
Trd, 4318537.093, 140
Trd, 4318537.593, 140
Trd, 4318538.343, 140
Trd, 4318538.943, 140
Trd, 4318539.393, 140
Trd, 4318540.343, 140
Trd, 4318540.593, 140
Trd, 4318541.143, 140
Trd, 4318543.193, 140
Trd, 4318543.693, 140
Trd, 4318544.443, 140
Trd, 4318544.493, 140
Trd, 4318545.393, 140
Trd, 4318545.543, 140
Trd, 4318546.443, 140
Trd, 4318547.593, 140
Trd, 4318547.993, 140
Trd, 4318549.743, 140
Trd, 4318550.093, 140
Trd, 4318551.493, 140
Trd, 4318552.793, 140
Trd, 4318553.243, 140
Trd, 4318553.443, 140
Trd, 4318553.793, 140
Trd, 4318555.343, 140
Trd, 4318555.593, 140
Trd, 4318555.643, 140
Trd, 4318556.393, 140
Trd, 4318557.193, 140
Trd, 4318557.443, 140
Trd, 4318558.143, 140
Trd, 4318560.793, 140
Trd, 4318560.993, 140
Trd, 4318561.393, 140
Trd, 4318563.043, 140
Trd, 4318563.493, 140
Trd, 4318564.993, 140
Trd, 4318565.143, 140
Trd, 4318565.193, 140
Trd, 4318567.393, 140
Trd, 4318567.843, 140
Trd, 4318568.143, 140
Trd, 4318568.393, 140
Trd, 4318568.843, 140
Trd, 4318570.393, 140
Trd, 4318571.643, 140
Trd, 4318573.593, 140
Trd, 4318574.193, 140
Trd, 4318574.443, 140
Trd, 4318574.643, 140
Trd, 4318575.393, 140
Trd, 4318575.793, 140
Trd, 4318577.243, 140
Trd, 4318577.393, 140
Trd, 4318577.843, 140
Trd, 4318578.043, 140
Trd, 4318578.543, 140
Trd, 4318580.243, 140
Trd, 4318580.343, 140
Trd, 4318582.793, 140
Trd, 4318582.843, 140
Trd, 4318585.243, 140
Trd, 4318585.543, 140
Trd, 4318586.693, 140
Trd, 4318587.093, 140
Trd, 4318587.193, 140
Trd, 4318587.993, 140
Trd, 4318588.243, 140
Trd, 4318589.243, 140
Trd, 4318589.493, 140
Trd, 4318589.893, 140
Trd, 4318590.193, 140
Trd, 4318590.843, 140
Trd, 4318591.393, 140
Trd, 4318592.893, 140
Trd, 4318593.343, 140
Trd, 4318593.793, 140
Trd, 4318594.643, 140
Trd, 4318596.243, 140
Trd, 4318597.693, 140
Trd, 4318597.743, 140
Trd, 4318598.193, 140
Trd, 4318599.493, 140
Trd, 4318599.543, 140
Trd, 4318601.493, 140
Trd, 4318603.043, 140
Trd, 4318603.493, 140
Trd, 4318605.643, 140
Trd, 4318606.143, 140
Trd, 4318607.493, 140
Trd, 4318607.843, 140
Trd, 4318608.893, 140
Trd, 4318609.243, 140
Trd, 4318610.443, 140
Trd, 4318610.793, 140
Trd, 4318610.893, 140
Trd, 4318612.193, 140
Trd, 4318612.393, 140
Trd, 4318613.143, 140
Trd, 4318614.793, 140
Trd, 4318614.943, 140
Trd, 4318615.543, 140
Trd, 4318615.843, 139
Trd, 4318616.093, 139
Trd, 4318617.143, 140
Trd, 4318618.943, 140
Trd, 4318620.293, 140
Trd, 4318621.093, 140
Trd, 4318622.593, 140
Trd, 4318623.093, 140
Trd, 4318623.443, 140
Trd, 4318623.743, 140
Trd, 4318624.043, 140
Trd, 4318624.093, 140
Trd, 4318625.443, 140
Trd, 4318625.543, 140
Trd, 4318625.943, 140
Trd, 4318626.493, 140
Trd, 4318626.593, 140
Trd, 4318629.143, 140
Trd, 4318630.693, 140
Trd, 4318631.343, 140
Trd, 4318631.493, 140
Trd, 4318631.543, 140
Trd, 4318632.243, 140
Trd, 4318632.593, 140
Trd, 4318634.743, 140
Trd, 4318634.793, 140
Trd, 4318635.693, 140
Trd, 4318636.543, 140
Trd, 4318637.893, 140
Trd, 4318637.943, 140
Trd, 4318638.593, 140
Trd, 4318639.093, 140
Trd, 4318639.593, 140
Trd, 4318640.993, 140
Trd, 4318641.243, 140
Trd, 4318642.593, 140
Trd, 4318643.243, 140
Trd, 4318643.543, 140
Trd, 4318644.443, 140
Trd, 4318644.593, 140
Trd, 4318644.943, 140
Trd, 4318646.143, 140
Trd, 4318647.393, 140
Trd, 4318647.443, 140
Trd, 4318649.243, 140
Trd, 4318649.593, 140
Trd, 4318649.693, 140
Trd, 4318651.593, 140
Trd, 4318652.193, 140
Trd, 4318652.543, 140
Trd, 4318654.193, 140
Trd, 4318654.643, 140
Trd, 4318654.793, 140
Trd, 4318656.043, 140
Trd, 4318656.193, 140
Trd, 4318656.793, 140
Trd, 4318657.143, 140
Trd, 4318658.043, 140
Trd, 4318658.543, 140
Trd, 4318659.143, 140
Trd, 4318659.943, 140
Trd, 4318660.443, 140
Trd, 4318660.893, 140
Trd, 4318661.143, 140
Trd, 4318661.343, 140
Trd, 4318662.343, 140
Trd, 4318663.193, 140
Trd, 4318663.593, 140
Trd, 4318665.293, 140
Trd, 4318665.443, 140
Trd, 4318666.193, 140
Trd, 4318667.443, 140
Trd, 4318668.393, 140
Trd, 4318668.493, 140
Trd, 4318668.993, 140
Trd, 4318669.693, 140
Trd, 4318669.943, 140
Trd, 4318670.493, 140
Trd, 4318670.593, 139
Trd, 4318671.293, 140
Trd, 4318671.943, 140
Trd, 4318673.743, 140
Trd, 4318673.893, 139
Trd, 4318674.443, 140
Trd, 4318675.243, 140
Trd, 4318676.793, 140
Trd, 4318676.843, 140
Trd, 4318676.893, 140
Trd, 4318677.193, 138
Trd, 4318678.993, 60
Trd, 4318679.343, 63
Trd, 4318680.993, 140
Trd, 4318682.543, 140
Trd, 4318682.993, 140
Trd, 4318683.493, 139
Trd, 4318683.543, 136
Trd, 4318683.593, 135
Trd, 4318684.343, 140
Trd, 4318686.493, 140
Trd, 4318687.893, 140
Trd, 4318688.093, 140
Trd, 4318688.943, 140
Trd, 4318690.343, 140
Trd, 4318690.593, 140
Trd, 4318693.043, 140
Trd, 4318693.293, 140
Trd, 4318693.443, 139
Trd, 4318694.643, 140
Trd, 4318695.143, 140
Trd, 4318695.693, 140
Trd, 4318695.943, 140
Trd, 4318696.043, 140
Trd, 4318696.843, 140
Trd, 4318697.593, 140
Trd, 4318698.343, 140
Trd, 4318698.943, 140
Trd, 4318700.093, 140
Trd, 4318700.443, 140
Trd, 4318700.943, 140
Trd, 4318701.343, 140
Trd, 4318701.893, 140
Trd, 4318702.643, 140
Trd, 4318703.243, 140
Trd, 4318704.443, 140
Trd, 4318706.493, 140
Trd, 4318706.843, 140
Trd, 4318707.043, 140
Trd, 4318708.393, 140
Trd, 4318708.743, 140
Trd, 4318708.993, 140
Trd, 4318710.493, 140
Trd, 4318710.743, 140
Trd, 4318711.093, 140
Trd, 4318711.543, 140
Trd, 4318711.743, 139
Trd, 4318713.143, 136
Trd, 4318714.143, 140
Trd, 4318714.643, 140
Trd, 4318715.343, 140
Trd, 4318716.143, 140
Trd, 4318716.443, 140
Trd, 4318716.993, 140
Trd, 4318717.593, 140
Trd, 4318719.393, 140
Trd, 4318719.993, 140
Trd, 4318721.793, 140
Trd, 4318722.493, 140
Trd, 4318722.893, 140
Trd, 4318722.993, 140
Trd, 4318723.143, 140
Trd, 4318723.593, 139
Trd, 4318723.943, 140
Trd, 4318726.143, 140
Trd, 4318726.343, 140
Trd, 4318727.043, 140
Trd, 4318728.493, 140
Trd, 4318729.293, 140
Trd, 4318729.343, 140
Trd, 4318729.543, 140
Trd, 4318729.843, 140
Trd, 4318733.293, 140
Trd, 4318733.693, 140
Trd, 4318734.193, 140
Trd, 4318734.493, 140
Trd, 4318735.643, 140
Trd, 4318736.043, 140
Trd, 4318736.643, 140
Trd, 4318738.843, 140
Trd, 4318739.493, 140
Trd, 4318739.893, 140
Trd, 4318740.293, 140
Trd, 4318741.643, 140
Trd, 4318742.243, 140
Trd, 4318743.943, 140
Trd, 4318744.193, 140
Trd, 4318744.593, 140
Trd, 4318744.893, 140
Trd, 4318746.093, 140
Trd, 4318746.243, 140
Trd, 4318746.293, 140
Trd, 4318747.093, 140
Trd, 4318747.443, 137
Trd, 4318747.743, 136
Trd, 4318748.293, 140
Trd, 4318749.043, 138
Trd, 4318751.493, 140
Trd, 4318752.643, 140
Trd, 4318753.443, 140
Trd, 4318753.593, 140
Trd, 4318753.843, 140
Trd, 4318755.043, 140
Trd, 4318756.593, 140
Trd, 4318756.843, 140
Trd, 4318757.593, 140
Trd, 4318758.943, 140
Trd, 4318759.043, 140
Trd, 4318759.093, 140
Trd, 4318759.393, 140
Trd, 4318760.793, 140
Trd, 4318761.443, 140
Trd, 4318761.843, 140
Trd, 4318762.043, 140
Trd, 4318762.843, 140
Trd, 4318764.193, 140
Trd, 4318764.593, 140
Trd, 4318765.043, 140
Trd, 4318765.643, 140
Trd, 4318766.193, 140
Trd, 4318768.843, 140
Trd, 4318768.993, 140
Trd, 4318769.843, 140
Trd, 4318769.993, 140
Trd, 4318772.043, 140
Trd, 4318772.393, 140
Trd, 4318772.543, 140
Trd, 4318773.043, 140
Trd, 4318773.693, 140
Trd, 4318773.743, 140
Trd, 4318773.893, 138
Trd, 4318773.993, 137
Trd, 4318776.443, 140
Trd, 4318777.743, 140
Trd, 4318777.893, 140
Trd, 4318777.993, 140
Trd, 4318780.093, 140
Trd, 4318781.243, 140
Trd, 4318781.293, 140
Trd, 4318782.443, 140
Trd, 4318782.843, 140
Trd, 4318783.193, 140
Trd, 4318785.143, 140
Trd, 4318785.393, 140
Trd, 4318786.543, 140
Trd, 4318787.293, 140
Trd, 4318787.593, 140
Trd, 4318788.343, 140
Trd, 4318789.743, 140
Trd, 4318789.943, 140
Trd, 4318790.143, 140
Trd, 4318791.243, 140
Trd, 4318791.493, 140
Trd, 4318791.793, 140
Trd, 4318792.693, 140
Trd, 4318792.793, 140
Trd, 4318793.493, 140
Trd, 4318793.743, 140
Trd, 4318795.093, 140
Trd, 4318795.193, 140
Trd, 4318798.393, 140
Trd, 4318799.293, 140
Trd, 4318799.843, 140
Trd, 4318801.093, 140
Trd, 4318801.393, 140
Trd, 4318801.543, 140
Trd, 4318801.843, 140
Trd, 4318802.193, 140
Trd, 4318803.193, 140
Trd, 4318803.943, 140
Trd, 4318804.393, 140
Trd, 4318804.843, 139
Trd, 4318806.193, 140
Trd, 4318807.793, 140
Trd, 4318807.993, 140
Trd, 4318808.143, 140
Trd, 4318809.243, 140
Trd, 4318810.193, 140
Trd, 4318810.593, 140
Trd, 4318810.643, 140
Trd, 4318810.793, 140
Trd, 4318811.943, 140
Trd, 4318812.143, 140
Trd, 4318812.943, 140
Trd, 4318813.643, 140
Trd, 4318814.193, 140
Trd, 4318814.793, 140
Trd, 4318815.043, 140
Trd, 4318815.393, 140
Trd, 4318816.593, 140
Trd, 4318819.343, 140
Trd, 4318819.893, 140
Trd, 4318820.843, 140
Trd, 4318821.443, 140
Trd, 4318821.593, 140
Trd, 4318821.643, 140
Trd, 4318823.643, 140
Trd, 4318824.693, 140
Trd, 4318825.293, 140
Trd, 4318826.193, 140
Trd, 4318826.293, 140
Trd, 4318826.393, 140
Trd, 4318826.843, 140
Trd, 4318827.743, 139
Trd, 4318829.343, 140
Trd, 4318829.543, 140
Trd, 4318831.193, 140
Trd, 4318831.893, 140
Trd, 4318831.993, 140
Trd, 4318832.593, 139
Trd, 4318834.093, 140
Trd, 4318835.193, 140
Trd, 4318835.443, 140
Trd, 4318835.943, 140
Trd, 4318836.543, 140
Trd, 4318837.643, 140
Trd, 4318837.743, 140
Trd, 4318838.793, 140
Trd, 4318840.343, 140
Trd, 4318840.543, 140
Trd, 4318841.543, 140
Trd, 4318841.693, 140
Trd, 4318842.043, 140
Trd, 4318843.543, 140
Trd, 4318843.793, 140
Trd, 4318844.193, 140
Trd, 4318844.893, 140
Trd, 4318845.693, 140
Trd, 4318846.293, 140
Trd, 4318848.743, 140
Trd, 4318849.993, 140
Trd, 4318850.343, 140
Trd, 4318850.643, 140
Trd, 4318851.243, 140
Trd, 4318852.193, 140
Trd, 4318852.343, 140
Trd, 4318853.943, 140
Trd, 4318854.043, 140
Trd, 4318855.443, 140
Trd, 4318856.143, 140
Trd, 4318857.843, 140
Trd, 4318859.693, 140
Trd, 4318859.893, 140
Trd, 4318861.143, 140
Trd, 4318861.843, 140
Trd, 4318862.993, 140
Trd, 4318863.793, 140
Trd, 4318863.843, 140
Trd, 4318864.243, 140
Trd, 4318864.393, 140
Trd, 4318866.043, 140
Trd, 4318866.143, 140
Trd, 4318867.443, 140
Trd, 4318868.293, 140
Trd, 4318868.393, 140
Trd, 4318869.093, 140
Trd, 4318869.443, 140
Trd, 4318872.543, 140
Trd, 4318873.743, 140
Trd, 4318873.843, 140
Trd, 4318873.993, 140
Trd, 4318876.743, 140
Trd, 4318877.043, 140
Trd, 4318877.093, 140
Trd, 4318877.493, 140
Trd, 4318878.643, 140
Trd, 4318879.643, 140
Trd, 4318880.093, 140
Trd, 4318880.443, 140
Trd, 4318880.593, 140
Trd, 4318883.693, 140
Trd, 4318883.993, 140
Trd, 4318885.493, 140
Trd, 4318885.543, 140
Trd, 4318885.643, 140
Trd, 4318886.443, 140
Trd, 4318887.293, 140
Trd, 4318887.693, 140
Trd, 4318888.343, 140
Trd, 4318889.543, 140
Trd, 4318892.093, 140
Trd, 4318892.843, 140
Trd, 4318893.643, 140
Trd, 4318893.893, 140
Trd, 4318894.243, 140
Trd, 4318894.493, 140
Trd, 4318894.893, 140
Trd, 4318895.993, 140
Trd, 4318896.443, 140
Trd, 4318897.293, 140
Trd, 4318897.643, 140
Trd, 4318898.643, 140
Trd, 4318898.843, 140
Trd, 4318899.793, 140
Trd, 4318901.543, 140
Trd, 4318901.843, 140
Trd, 4318902.043, 140
Trd, 4318902.293, 140
Trd, 4318903.193, 140
Trd, 4318905.693, 140
Trd, 4318905.743, 140
Trd, 4318905.943, 140
Trd, 4318906.543, 140
Trd, 4318907.143, 140
Trd, 4318907.743, 140
Trd, 4318908.443, 140
Trd, 4318908.843, 140
Trd, 4318909.943, 140
Trd, 4318910.193, 140
Trd, 4318910.643, 140
Trd, 4318911.193, 140
Trd, 4318912.143, 140
Trd, 4318913.093, 140
Trd, 4318913.793, 140
Trd, 4318915.143, 140
Trd, 4318916.693, 140
Trd, 4318917.093, 140
Trd, 4318918.943, 140
Trd, 4318919.493, 140
Trd, 4318921.843, 140
Trd, 4318921.993, 140
Trd, 4318922.043, 140
Trd, 4318922.393, 140
Trd, 4318922.843, 140
Trd, 4318923.093, 139
Trd, 4318923.393, 138
Trd, 4318923.593, 136
Trd, 4318923.843, 140
Trd, 4318924.393, 140
Trd, 4318925.893, 140
Trd, 4318927.243, 140
Trd, 4318928.843, 140
Trd, 4318928.893, 140
Trd, 4318930.043, 140
Trd, 4318930.143, 140
Trd, 4318930.793, 140
Trd, 4318930.893, 140
Trd, 4318932.193, 140
Trd, 4318933.043, 140
Trd, 4318934.543, 140
Trd, 4318935.743, 140
Trd, 4318937.143, 140
Trd, 4318937.393, 140
Trd, 4318937.643, 140
Trd, 4318938.343, 140
Trd, 4318939.143, 140
Trd, 4318939.193, 140
Trd, 4318939.893, 140
Trd, 4318940.443, 140
Trd, 4318941.443, 140
Trd, 4318941.493, 140
Trd, 4318942.243, 140
Trd, 4318943.143, 140
Trd, 4318943.343, 140
Trd, 4318943.393, 140
Trd, 4318944.893, 140
Trd, 4318945.943, 140
Trd, 4318946.743, 140
Trd, 4318947.193, 140
Trd, 4318948.193, 140
Trd, 4318949.393, 140
Trd, 4318950.043, 140
Trd, 4318950.343, 140
Trd, 4318951.993, 140
Trd, 4318952.543, 140
Trd, 4318954.843, 140
Trd, 4318955.593, 140
Trd, 4318956.543, 140
Trd, 4318957.093, 140
Trd, 4318958.343, 140
Trd, 4318959.493, 140
Trd, 4318959.543, 140
Trd, 4318960.443, 140
Trd, 4318961.993, 140
Trd, 4318962.243, 140
Trd, 4318963.643, 140
Trd, 4318964.043, 140
Trd, 4318964.543, 140
Trd, 4318965.343, 140
Trd, 4318965.493, 140
Trd, 4318966.993, 140
Trd, 4318967.593, 140
Trd, 4318968.043, 140
Trd, 4318969.193, 140
Trd, 4318970.443, 140
Trd, 4318971.443, 140
Trd, 4318971.893, 140
Trd, 4318972.193, 140
Trd, 4318972.743, 140
Trd, 4318973.243, 140
Trd, 4318975.443, 140
Trd, 4318975.593, 140
Trd, 4318976.093, 140
Trd, 4318977.593, 140
Trd, 4318978.443, 140
Trd, 4318978.743, 140
Trd, 4318980.743, 140
Trd, 4318981.143, 140
Trd, 4318981.643, 140
Trd, 4318983.643, 140
Trd, 4318984.343, 140
Trd, 4318984.843, 140
Trd, 4318985.743, 140
Trd, 4318985.943, 140
Trd, 4318986.443, 140
Trd, 4318987.193, 140
Trd, 4318989.093, 140
Trd, 4318989.543, 140
Trd, 4318990.343, 140
Trd, 4318991.393, 140
Trd, 4318992.243, 140
Trd, 4318992.593, 140
Trd, 4318996.293, 140
Trd, 4318997.043, 140
Trd, 4318999.043, 140
Trd, 4318999.093, 140
Trd, 4318999.993, 140
Trd, 4319001.143, 140
Trd, 4319002.193, 140
Trd, 4319002.243, 140
Trd, 4319002.543, 140
Trd, 4319004.843, 140
Trd, 4319004.943, 140
Trd, 4319005.193, 140
Trd, 4319005.993, 140
Trd, 4319006.193, 140
Trd, 4319007.093, 140
Trd, 4319009.793, 140
Trd, 4319010.743, 140
Trd, 4319011.693, 140
Trd, 4319012.343, 140
Trd, 4319012.393, 140
Trd, 4319012.943, 140
Trd, 4319014.443, 140
Trd, 4319014.643, 140
Trd, 4319015.493, 140
Trd, 4319015.893, 140
Trd, 4319016.243, 140
Trd, 4319016.743, 140
Trd, 4319017.143, 140
Trd, 4319018.243, 140
Trd, 4319020.443, 140
Trd, 4319020.643, 140
Trd, 4319021.193, 140
Trd, 4319021.693, 140
Trd, 4319022.293, 140
Trd, 4319023.893, 140
Trd, 4319024.243, 140
Trd, 4319024.543, 140
Trd, 4319024.643, 140
Trd, 4319025.343, 140
Trd, 4319025.693, 140
Trd, 4319026.193, 138
Trd, 4319026.993, 139
Trd, 4319027.493, 139
Trd, 4319027.993, 140
Trd, 4319028.793, 140
Trd, 4319029.243, 140
Trd, 4319030.193, 140
Trd, 4319030.693, 140
Trd, 4319031.393, 140
Trd, 4319031.493, 140
Trd, 4319032.293, 138
Trd, 4319034.393, 140
Trd, 4319034.443, 140
Trd, 4319034.493, 140
Trd, 4319034.993, 140
Trd, 4319035.393, 138
Trd, 4319035.993, 61
Trd, 4319038.293, 140
Trd, 4319039.193, 140
Trd, 4319039.343, 140
Trd, 4319039.693, 140
Trd, 4319041.193, 140
Trd, 4319041.343, 139
Trd, 4319042.243, 140
Trd, 4319045.393, 140
Trd, 4319046.143, 140
Trd, 4319046.193, 140
Trd, 4319046.243, 140
Trd, 4319047.043, 140
Trd, 4319048.143, 140
Trd, 4319048.543, 140
Trd, 4319049.493, 140
Trd, 4319050.443, 140
Trd, 4319051.293, 140
Trd, 4319052.543, 140
Trd, 4319053.043, 140
Trd, 4319053.193, 140
Trd, 4319053.843, 140
Trd, 4319055.243, 140
Trd, 4319056.243, 140
Trd, 4319056.993, 140
Trd, 4319057.243, 140
Trd, 4319057.443, 140
Trd, 4319058.143, 140
Trd, 4319059.543, 140
Trd, 4319059.843, 140
Trd, 4319060.393, 140
Trd, 4319060.643, 140
Trd, 4319061.693, 140
Trd, 4319062.293, 140
Trd, 4319063.593, 140
Trd, 4319064.143, 140
Trd, 4319064.243, 140
Trd, 4319066.243, 140
Trd, 4319066.393, 140
Trd, 4319066.493, 140
Trd, 4319067.093, 140
Trd, 4319069.543, 140
Trd, 4319069.693, 140
Trd, 4319070.393, 140
Trd, 4319070.843, 140
Trd, 4319071.143, 140
Trd, 4319072.693, 140
Trd, 4319073.143, 140
Trd, 4319074.093, 140
Trd, 4319074.843, 140
Trd, 4319076.793, 140
Trd, 4319076.993, 140
Trd, 4319077.843, 140
Trd, 4319078.943, 140
Trd, 4319079.593, 140
Trd, 4319079.643, 140
Trd, 4319079.693, 140
Trd, 4319083.743, 140
Trd, 4319084.293, 140
Trd, 4319085.343, 140
Trd, 4319085.443, 140
Trd, 4319086.043, 140
Trd, 4319086.093, 140
Trd, 4319087.393, 140
Trd, 4319087.743, 140
Trd, 4319088.893, 140
Trd, 4319089.393, 140
Trd, 4319090.593, 140
Trd, 4319090.743, 140
Trd, 4319091.643, 140
Trd, 4319091.693, 140
Trd, 4319092.043, 140
Trd, 4319093.543, 140
Trd, 4319094.093, 140
Trd, 4319094.493, 140
Trd, 4319094.993, 140
Trd, 4319095.543, 140
Trd, 4319095.993, 140
Trd, 4319096.043, 140
Trd, 4319096.543, 140
Trd, 4319096.643, 140
Trd, 4319099.143, 140
Trd, 4319099.743, 140
Trd, 4319101.243, 140
Trd, 4319101.393, 140
Trd, 4319101.443, 140
Trd, 4319101.843, 140
Trd, 4319103.493, 140
Trd, 4319104.393, 140
Trd, 4319105.793, 140
Trd, 4319106.543, 140
Trd, 4319108.393, 140
Trd, 4319108.943, 140
Trd, 4319109.243, 140
Trd, 4319109.943, 140
Trd, 4319110.143, 140
Trd, 4319110.243, 140
Trd, 4319110.293, 140
Trd, 4319110.393, 140
Trd, 4319110.693, 138
Trd, 4319112.693, 140
Trd, 4319113.943, 140
Trd, 4319116.043, 140
Trd, 4319116.893, 140
Trd, 4319117.643, 140
Trd, 4319118.393, 140
Trd, 4319118.643, 140
Trd, 4319119.093, 140
Trd, 4319119.493, 140
Trd, 4319119.693, 140
Trd, 4319120.393, 139
Trd, 4319122.443, 140
Trd, 4319122.493, 140
Trd, 4319122.543, 140
Trd, 4319123.443, 140
Trd, 4319125.443, 140
Trd, 4319126.293, 140
Trd, 4319126.443, 140
Trd, 4319127.643, 140
Trd, 4319128.593, 140
Trd, 4319129.043, 140
Trd, 4319131.543, 140
Trd, 4319132.093, 140
Trd, 4319132.243, 140
Trd, 4319133.243, 140
Trd, 4319133.393, 140
Trd, 4319133.593, 140
Trd, 4319134.643, 140
Trd, 4319135.143, 140
Trd, 4319135.943, 140
Trd, 4319136.743, 140
Trd, 4319136.793, 140
Trd, 4319136.843, 139
Trd, 4319137.193, 140
Trd, 4319138.493, 140
Trd, 4319138.843, 140
Trd, 4319139.993, 140
Trd, 4319142.043, 140
Trd, 4319142.143, 140
Trd, 4319142.243, 140
Trd, 4319143.943, 140
Trd, 4319144.243, 140
Trd, 4319145.893, 140
Trd, 4319147.043, 140
Trd, 4319147.193, 140
Trd, 4319147.593, 140
Trd, 4319148.743, 140
Trd, 4319149.043, 140
Trd, 4319149.843, 140
Trd, 4319149.993, 140
Trd, 4319152.743, 140
Trd, 4319152.943, 140
Trd, 4319153.193, 140
Trd, 4319153.243, 140
Trd, 4319154.643, 140
Trd, 4319155.293, 140
Trd, 4319155.593, 140
Trd, 4319156.543, 140
Trd, 4319157.493, 140
Trd, 4319159.343, 140
Trd, 4319159.993, 140
Trd, 4319160.843, 140
Trd, 4319161.193, 140
Trd, 4319161.243, 140
Trd, 4319161.793, 140
Trd, 4319162.293, 139
Trd, 4319163.843, 140
Trd, 4319164.643, 140
Trd, 4319164.843, 140
Trd, 4319165.393, 138
Trd, 4319165.443, 140
Trd, 4319166.043, 140
Trd, 4319166.293, 139
Trd, 4319167.143, 140
Trd, 4319168.543, 140
Trd, 4319168.943, 140
Trd, 4319169.543, 140
Trd, 4319171.093, 137
Trd, 4319171.343, 65
Trd, 4319172.543, 140
Trd, 4319172.843, 140
Trd, 4319174.243, 140
Trd, 4319175.193, 140
Trd, 4319175.693, 140
Trd, 4319176.443, 140
Trd, 4319177.093, 140
Trd, 4319177.443, 140
Trd, 4319178.443, 140
Trd, 4319178.493, 140
Trd, 4319179.593, 140
Trd, 4319179.943, 140
Trd, 4319180.743, 140
Trd, 4319180.943, 140
Trd, 4319182.043, 140
Trd, 4319183.793, 140
Trd, 4319183.893, 140
Trd, 4319184.143, 140
Trd, 4319184.743, 140
Trd, 4319185.543, 140
Trd, 4319186.093, 140
Trd, 4319187.943, 140
Trd, 4319189.093, 140
Trd, 4319189.793, 140
Trd, 4319190.193, 140
Trd, 4319190.293, 139
Trd, 4319190.443, 140
Trd, 4319191.143, 140
Trd, 4319191.193, 139
Trd, 4319192.293, 140
Trd, 4319192.893, 140
Trd, 4319193.643, 139
Trd, 4319194.443, 140
Trd, 4319194.743, 140
Trd, 4319197.093, 140
Trd, 4319197.993, 140
Trd, 4319198.343, 140
Trd, 4319198.893, 140
Trd, 4319199.193, 140
Trd, 4319199.843, 140
Trd, 4319201.193, 140
Trd, 4319201.993, 140
Trd, 4319202.993, 140
Trd, 4319203.193, 140
Trd, 4319205.193, 140
Trd, 4319205.293, 140
Trd, 4319207.143, 140
Trd, 4319207.243, 137
Trd, 4319207.443, 134
Trd, 4319208.243, 140
Trd, 4319210.543, 140
Trd, 4319210.743, 140
Trd, 4319210.943, 140
Trd, 4319211.643, 140
Trd, 4319211.693, 140
Trd, 4319212.043, 140
Trd, 4319214.193, 140
Trd, 4319215.243, 140
Trd, 4319216.343, 140
Trd, 4319217.093, 140
Trd, 4319217.993, 140
Trd, 4319218.443, 140
Trd, 4319220.393, 140
Trd, 4319220.543, 140
Trd, 4319221.293, 140
Trd, 4319223.193, 140
Trd, 4319223.343, 140
Trd, 4319223.743, 140
Trd, 4319225.093, 140
Trd, 4319225.643, 140
Trd, 4319226.493, 140
Trd, 4319226.643, 140
Trd, 4319227.293, 140
Trd, 4319227.593, 140
Trd, 4319227.993, 140
Trd, 4319229.143, 140
Trd, 4319229.543, 140
Trd, 4319229.943, 140
Trd, 4319231.293, 140
Trd, 4319233.443, 140
Trd, 4319233.543, 140
Trd, 4319234.043, 140
Trd, 4319235.543, 140
Trd, 4319235.993, 140
Trd, 4319236.093, 140
Trd, 4319237.893, 140
Trd, 4319238.643, 140
Trd, 4319238.743, 140
Trd, 4319240.293, 140
Trd, 4319240.493, 140
Trd, 4319241.693, 140
Trd, 4319242.593, 140
Trd, 4319244.143, 140
Trd, 4319244.593, 140
Trd, 4319244.993, 140
Trd, 4319245.593, 140
Trd, 4319245.793, 140
Trd, 4319246.293, 140
Trd, 4319247.043, 140
Trd, 4319248.343, 140
Trd, 4319248.493, 140
Trd, 4319248.893, 140
Trd, 4319249.243, 140
Trd, 4319249.693, 140
Trd, 4319251.493, 140
Trd, 4319252.993, 140
Trd, 4319253.493, 140
Trd, 4319253.843, 140
Trd, 4319254.393, 140
Trd, 4319254.843, 140
Trd, 4319255.693, 140
Trd, 4319256.043, 140
Trd, 4319256.743, 140
Trd, 4319259.243, 140
Trd, 4319260.443, 140
Trd, 4319260.693, 140
Trd, 4319261.443, 140
Trd, 4319261.793, 140
Trd, 4319261.893, 140
Trd, 4319262.443, 140
Trd, 4319266.143, 140
Trd, 4319266.243, 140
Trd, 4319266.543, 140
Trd, 4319266.843, 140
Trd, 4319267.093, 140
Trd, 4319268.043, 140
Trd, 4319268.093, 140
Trd, 4319268.293, 139
Trd, 4319269.443, 140
Trd, 4319270.043, 140
Trd, 4319270.743, 140
Trd, 4319271.443, 140
Trd, 4319271.993, 140
Trd, 4319273.093, 140
Trd, 4319273.193, 140
Trd, 4319274.293, 140
Trd, 4319275.093, 140
Trd, 4319275.843, 140
Trd, 4319275.893, 140
Trd, 4319276.093, 140
Trd, 4319276.443, 140
Trd, 4319277.693, 140
Trd, 4319277.793, 140
Trd, 4319278.143, 138
Trd, 4319279.443, 140
Trd, 4319280.043, 140
Trd, 4319281.243, 140
Trd, 4319282.293, 140
Trd, 4319282.343, 140
Trd, 4319283.193, 140
Trd, 4319284.193, 140
Trd, 4319286.043, 140
Trd, 4319286.543, 140
Trd, 4319286.643, 140
Trd, 4319287.043, 140
Trd, 4319287.493, 140
Trd, 4319287.743, 140
Trd, 4319288.943, 140
Trd, 4319289.793, 139
Trd, 4319290.343, 140
Trd, 4319291.393, 140
Trd, 4319291.693, 140
Trd, 4319292.543, 140
Trd, 4319294.943, 140
Trd, 4319295.743, 140
Trd, 4319296.693, 140
Trd, 4319296.793, 140
Trd, 4319296.843, 140
Trd, 4319297.143, 140
Trd, 4319297.693, 140
Trd, 4319298.193, 140
Trd, 4319299.193, 140
Trd, 4319299.693, 140
Trd, 4319300.093, 138
Trd, 4319300.843, 139
Trd, 4319300.893, 138
Trd, 4319301.243, 61
Trd, 4319303.043, 60
Trd, 4319304.193, 61
Trd, 4319306.143, 62
Trd, 4319306.293, 62
Trd, 4319306.943, 60
Trd, 4319307.893, 60
Trd, 4319309.393, 67
Trd, 4319309.693, 61
Trd, 4319310.593, 61
Trd, 4319311.443, 62
Trd, 4319312.493, 60
Trd, 4319313.543, 60
Trd, 4319314.193, 60
Trd, 4319314.243, 62
Trd, 4319314.993, 60
Trd, 4319315.993, 61
Trd, 4319316.893, 140
Trd, 4319317.243, 140
Trd, 4319318.443, 140
Trd, 4319318.943, 140
Trd, 4319319.943, 140
Trd, 4319320.393, 140
Trd, 4319321.343, 140
Trd, 4319322.493, 140
Trd, 4319323.643, 140
Trd, 4319323.693, 140
Trd, 4319325.943, 140
Trd, 4319326.293, 140
Trd, 4319326.393, 140
Trd, 4319326.693, 138
Trd, 4319327.193, 137
Trd, 4319327.243, 139
Trd, 4319327.793, 140
Trd, 4319328.793, 140
Trd, 4319329.493, 140
Trd, 4319329.693, 139
Trd, 4319331.043, 140
Trd, 4319331.343, 140
Trd, 4319332.543, 140
Trd, 4319333.243, 140
Trd, 4319333.643, 140
Trd, 4319335.293, 140
Trd, 4319335.443, 140
Trd, 4319335.843, 140
Trd, 4319336.093, 140
Trd, 4319337.143, 140
Trd, 4319337.993, 140
Trd, 4319338.993, 140
Trd, 4319339.693, 140
Trd, 4319341.393, 140
Trd, 4319342.393, 140
Trd, 4319342.443, 140
Trd, 4319342.543, 140
Trd, 4319343.443, 140
Trd, 4319344.143, 140
Trd, 4319345.493, 140
Trd, 4319347.293, 140
Trd, 4319347.593, 140
Trd, 4319347.693, 140
Trd, 4319348.243, 140
Trd, 4319348.543, 140
Trd, 4319348.893, 138
Trd, 4319349.543, 140
Trd, 4319350.443, 140
Trd, 4319350.743, 140
Trd, 4319351.143, 140
Trd, 4319352.643, 140
Trd, 4319353.093, 140
Trd, 4319353.243, 140
Trd, 4319354.693, 140
Trd, 4319355.393, 140
Trd, 4319355.993, 140
Trd, 4319356.043, 140
Trd, 4319356.693, 140
Trd, 4319358.293, 140
Trd, 4319358.993, 140
Trd, 4319361.393, 140
Trd, 4319362.293, 140
Trd, 4319362.543, 140
Trd, 4319362.843, 140
Trd, 4319364.593, 140
Trd, 4319364.993, 140
Trd, 4319365.593, 140
Trd, 4319367.393, 140
Trd, 4319368.343, 140
Trd, 4319368.893, 140
Trd, 4319369.093, 140
Trd, 4319369.193, 138
Trd, 4319369.693, 140
Trd, 4319370.343, 140
Trd, 4319370.693, 140
Trd, 4319371.043, 138
Trd, 4319372.443, 60
Trd, 4319375.093, 60
Trd, 4319375.193, 60
Trd, 4319376.743, 60
Trd, 4319379.043, 60
Trd, 4319379.143, 60
Trd, 4319379.243, 60
Trd, 4319379.693, 61
Trd, 4319380.743, 60
Trd, 4319382.393, 69
Trd, 4319382.593, 100
Trd, 4319384.493, 140
Trd, 4319385.143, 140
Trd, 4319385.893, 140
Trd, 4319386.893, 140
Trd, 4319387.293, 140
Trd, 4319387.993, 140
Trd, 4319390.443, 140
Trd, 4319390.543, 140
Trd, 4319390.843, 140
Trd, 4319391.093, 140
Trd, 4319392.493, 140
Trd, 4319394.543, 140
Trd, 4319394.643, 140
Trd, 4319394.793, 140
Trd, 4319395.993, 140
Trd, 4319396.643, 140
Trd, 4319397.143, 140
Trd, 4319397.493, 140
Trd, 4319397.643, 140
Trd, 4319398.193, 140
Trd, 4319398.443, 138
Trd, 4319400.793, 140
Trd, 4319400.893, 140
Trd, 4319401.643, 140
Trd, 4319403.543, 140
Trd, 4319403.793, 140
Trd, 4319404.293, 140
Trd, 4319405.293, 140
Trd, 4319408.343, 140
Trd, 4319408.793, 140
Trd, 4319409.043, 140
Trd, 4319409.893, 140
Trd, 4319410.043, 140
Trd, 4319411.593, 140
Trd, 4319412.093, 140
Trd, 4319412.943, 140
Trd, 4319413.743, 140
Trd, 4319413.993, 140
Trd, 4319415.943, 140
Trd, 4319416.243, 140
Trd, 4319416.943, 140
Trd, 4319416.993, 140
Trd, 4319417.843, 140
Trd, 4319418.243, 140
Trd, 4319418.443, 140
Trd, 4319420.893, 140
Trd, 4319421.343, 140
Trd, 4319421.943, 140
Trd, 4319422.143, 140
Trd, 4319422.543, 140
Trd, 4319422.593, 138
Trd, 4319423.943, 140
Trd, 4319424.593, 140
Trd, 4319425.593, 139
Trd, 4319426.043, 138
Trd, 4319426.243, 137
Trd, 4319427.743, 139
Trd, 4319428.993, 140
Trd, 4319430.443, 140
Trd, 4319431.443, 140
Trd, 4319431.493, 140
Trd, 4319432.293, 140
Trd, 4319432.343, 140
Trd, 4319432.943, 140
Trd, 4319433.493, 140
Trd, 4319433.593, 140
Trd, 4319433.743, 140
Trd, 4319434.393, 140
Trd, 4319437.643, 140
Trd, 4319438.593, 140
Trd, 4319439.443, 140
Trd, 4319439.593, 140
Trd, 4319439.843, 140
Trd, 4319440.443, 140
Trd, 4319441.093, 140
Trd, 4319442.843, 140
Trd, 4319443.293, 140
Trd, 4319443.593, 140
Trd, 4319444.093, 140
Trd, 4319446.093, 140
Trd, 4319446.343, 140
Trd, 4319447.093, 140
Trd, 4319447.793, 140
Trd, 4319447.843, 140
Trd, 4319449.143, 140
Trd, 4319449.443, 140
Trd, 4319449.543, 139
Trd, 4319450.243, 140
Trd, 4319451.493, 140
Trd, 4319451.893, 140
Trd, 4319452.143, 140
Trd, 4319453.443, 140
Trd, 4319453.593, 140
Trd, 4319453.743, 140
Trd, 4319454.543, 140
Trd, 4319454.843, 140
Trd, 4319454.943, 140
Trd, 4319455.193, 140
Trd, 4319455.843, 140
Trd, 4319456.393, 140
Trd, 4319457.293, 140
Trd, 4319457.693, 140
Trd, 4319457.993, 140
Trd, 4319459.593, 140
Trd, 4319461.493, 140
Trd, 4319462.043, 140
Trd, 4319462.693, 140
Trd, 4319463.143, 140
Trd, 4319463.443, 140
Trd, 4319465.493, 140
Trd, 4319467.243, 140
Trd, 4319467.793, 140
Trd, 4319469.343, 140
Trd, 4319470.143, 140
Trd, 4319470.393, 140
Trd, 4319471.193, 140
Trd, 4319472.293, 140
Trd, 4319474.593, 140
Trd, 4319474.743, 140
Trd, 4319475.793, 140
Trd, 4319476.043, 140
Trd, 4319476.893, 140
Trd, 4319477.793, 140
Trd, 4319477.843, 140
Trd, 4319477.893, 140
Trd, 4319478.493, 140
Trd, 4319478.593, 140
Trd, 4319479.993, 140
Trd, 4319480.093, 140
Trd, 4319480.943, 140
Trd, 4319481.843, 140
Trd, 4319481.893, 140
Trd, 4319481.993, 140
Trd, 4319483.993, 140
Trd, 4319484.743, 140
Trd, 4319486.043, 140
Trd, 4319486.093, 140
Trd, 4319487.543, 140
Trd, 4319487.743, 140
Trd, 4319487.793, 139
Trd, 4319487.993, 139
Trd, 4319488.243, 66
Trd, 4319489.943, 139
Trd, 4319491.993, 140
Trd, 4319493.143, 140
Trd, 4319493.293, 140
Trd, 4319494.293, 140
Trd, 4319496.193, 140
Trd, 4319496.393, 140
Trd, 4319496.893, 140
Trd, 4319498.443, 140
Trd, 4319498.593, 140
Trd, 4319498.993, 140
Trd, 4319500.643, 140
Trd, 4319500.943, 140
Trd, 4319502.043, 140
Trd, 4319502.193, 140
Trd, 4319504.393, 140
Trd, 4319505.393, 140
Trd, 4319505.843, 140
Trd, 4319506.093, 140
Trd, 4319506.343, 140
Trd, 4319506.543, 140
Trd, 4319508.793, 140
Trd, 4319510.343, 140
Trd, 4319510.393, 140
Trd, 4319510.743, 140
Trd, 4319511.993, 140
Trd, 4319512.743, 140
Trd, 4319513.193, 139
Trd, 4319513.293, 64
Trd, 4319515.293, 140
Trd, 4319515.443, 140
Trd, 4319516.593, 140
Trd, 4319517.343, 140
Trd, 4319517.993, 140
Trd, 4319518.143, 140
Trd, 4319522.143, 140
Trd, 4319522.593, 140
Trd, 4319523.393, 140
Trd, 4319524.393, 140
Trd, 4319525.293, 140
Trd, 4319525.643, 140
Trd, 4319525.793, 140
Trd, 4319526.293, 140
Trd, 4319528.843, 140
Trd, 4319529.043, 139
Trd, 4319529.093, 139
Trd, 4319529.743, 139
Trd, 4319530.393, 140
Trd, 4319531.543, 140
Trd, 4319531.593, 140
Trd, 4319531.793, 139
Trd, 4319532.893, 140
Trd, 4319533.693, 140
Trd, 4319533.993, 140
Trd, 4319534.793, 140
Trd, 4319535.993, 139
Trd, 4319537.393, 140
Trd, 4319537.443, 140
Trd, 4319537.593, 140
Trd, 4319537.943, 140
Trd, 4319538.293, 140
Trd, 4319539.843, 140
Trd, 4319540.543, 140
Trd, 4319543.143, 140
Trd, 4319543.443, 140
Trd, 4319543.743, 140
Trd, 4319544.093, 140
Trd, 4319544.493, 140
Trd, 4319545.043, 140
Trd, 4319546.693, 140
Trd, 4319546.893, 140
Trd, 4319548.643, 140
Trd, 4319548.843, 140
Trd, 4319549.393, 140
Trd, 4319549.493, 140
Trd, 4319551.643, 140
Trd, 4319552.043, 140
Trd, 4319553.293, 140
Trd, 4319553.593, 140
Trd, 4319554.843, 140
Trd, 4319554.993, 140
Trd, 4319556.193, 140
Trd, 4319556.993, 140
Trd, 4319557.643, 140
Trd, 4319558.043, 140
Trd, 4319558.643, 140
Trd, 4319559.693, 140
Trd, 4319559.993, 140
Trd, 4319561.143, 140
Trd, 4319561.393, 140
Trd, 4319564.393, 140
Trd, 4319564.443, 140
Trd, 4319564.543, 140
Trd, 4319564.843, 140
Trd, 4319565.693, 140
Trd, 4319566.193, 140
Trd, 4319567.593, 140
Trd, 4319568.043, 140
Trd, 4319569.243, 140
Trd, 4319570.243, 140
Trd, 4319570.343, 140
Trd, 4319570.693, 140
Trd, 4319571.643, 140
Trd, 4319572.343, 140
Trd, 4319572.543, 140
Trd, 4319572.843, 140
Trd, 4319575.043, 140
Trd, 4319575.693, 140
Trd, 4319576.793, 140
Trd, 4319577.643, 140
Trd, 4319578.393, 140
Trd, 4319578.843, 140
Trd, 4319580.193, 140
Trd, 4319580.443, 140
Trd, 4319581.893, 140
Trd, 4319582.293, 140
Trd, 4319582.743, 140
Trd, 4319583.693, 140
Trd, 4319585.893, 140
Trd, 4319586.443, 140
Trd, 4319587.443, 140
Trd, 4319587.743, 140
Trd, 4319587.793, 140
Trd, 4319588.693, 140
Trd, 4319590.043, 140
Trd, 4319590.143, 140
Trd, 4319590.843, 140
Trd, 4319591.643, 140
Trd, 4319591.793, 140
Trd, 4319592.093, 140
Trd, 4319592.243, 140
Trd, 4319592.443, 140
Trd, 4319593.743, 135
Trd, 4319594.343, 140
Trd, 4319594.593, 140
Trd, 4319595.043, 140
Trd, 4319596.243, 140
Trd, 4319596.893, 140
Trd, 4319597.493, 140
Trd, 4319598.293, 140
Trd, 4319599.593, 140
Trd, 4319599.743, 140
Trd, 4319599.893, 140
Trd, 4319600.943, 140
Trd, 4319601.893, 140
Trd, 4319602.593, 140
Trd, 4319602.943, 140
Trd, 4319603.293, 139
Trd, 4319603.343, 139
Trd, 4319605.343, 140
Trd, 4319606.093, 140
Trd, 4319608.243, 140
Trd, 4319608.293, 140
Trd, 4319608.443, 140
Trd, 4319610.493, 140
Trd, 4319611.343, 140
Trd, 4319611.793, 140
Trd, 4319612.193, 140
Trd, 4319612.343, 140
Trd, 4319612.493, 140
Trd, 4319612.593, 140
Trd, 4319613.043, 140
Trd, 4319613.193, 138
Trd, 4319614.543, 140
Trd, 4319614.943, 140
Trd, 4319616.193, 140
Trd, 4319616.943, 140
Trd, 4319617.293, 140
Trd, 4319618.093, 140
Trd, 4319618.893, 140
Trd, 4319620.443, 140
Trd, 4319620.693, 140
Trd, 4319621.443, 140
Trd, 4319623.193, 140
Trd, 4319623.243, 140
Trd, 4319623.343, 140
Trd, 4319624.243, 140
Trd, 4319624.993, 140
Trd, 4319625.643, 140
Trd, 4319625.693, 140
Trd, 4319626.943, 140
Trd, 4319627.043, 140
Trd, 4319627.193, 140
Trd, 4319627.993, 140
Trd, 4319628.793, 140
Trd, 4319628.943, 140
Trd, 4319630.743, 140
Trd, 4319631.943, 140
Trd, 4319632.643, 140
Trd, 4319632.693, 140
Trd, 4319632.793, 140
Trd, 4319633.593, 140
Trd, 4319633.693, 140
Trd, 4319633.843, 140
Trd, 4319635.093, 140
Trd, 4319635.443, 140
Trd, 4319637.543, 140
Trd, 4319637.793, 140
Trd, 4319638.593, 140
Trd, 4319640.393, 140
Trd, 4319640.543, 140
Trd, 4319642.193, 140
Trd, 4319642.293, 140
Trd, 4319642.343, 140
Trd, 4319642.593, 140
Trd, 4319644.593, 140
Trd, 4319646.243, 140
Trd, 4319646.743, 140
Trd, 4319647.393, 140
Trd, 4319647.893, 140
Trd, 4319648.743, 140
Trd, 4319649.043, 140
Trd, 4319649.493, 139
Trd, 4319651.943, 140
Trd, 4319652.043, 140
Trd, 4319652.743, 140
Trd, 4319652.943, 140
Trd, 4319654.343, 140
Trd, 4319654.543, 140
Trd, 4319655.143, 140
Trd, 4319655.943, 140
Trd, 4319658.293, 140
Trd, 4319658.993, 140
Trd, 4319660.493, 140
Trd, 4319661.143, 140
Trd, 4319661.743, 140
Trd, 4319662.643, 140
Trd, 4319662.743, 140
Trd, 4319663.293, 140
Trd, 4319664.293, 140
Trd, 4319664.793, 140
Trd, 4319665.543, 140
Trd, 4319666.493, 140
Trd, 4319667.343, 140
Trd, 4319668.043, 140
Trd, 4319668.143, 140
Trd, 4319669.243, 140
Trd, 4319669.293, 140
Trd, 4319670.343, 140
Trd, 4319671.693, 140
Trd, 4319672.643, 140
Trd, 4319673.443, 140
Trd, 4319674.143, 140
Trd, 4319674.243, 140
Trd, 4319674.293, 139
Trd, 4319675.693, 140
Trd, 4319676.643, 140
Trd, 4319677.243, 140
Trd, 4319677.293, 140
Trd, 4319677.693, 140
Trd, 4319677.943, 140
Trd, 4319679.793, 140
Trd, 4319682.493, 140
Trd, 4319682.793, 140
Trd, 4319683.843, 140
Trd, 4319683.943, 140
Trd, 4319684.043, 140
Trd, 4319684.293, 140
Trd, 4319685.243, 140
Trd, 4319686.193, 140
Trd, 4319686.443, 140
Trd, 4319686.843, 140
Trd, 4319687.043, 140
Trd, 4319687.193, 140
Trd, 4319687.843, 140
Trd, 4319689.693, 140
Trd, 4319690.193, 140
Trd, 4319690.793, 140
Trd, 4319691.893, 140
Trd, 4319692.143, 140
Trd, 4319693.493, 140
Trd, 4319694.743, 140
Trd, 4319697.493, 140
Trd, 4319698.193, 140
Trd, 4319698.643, 140
Trd, 4319699.743, 140
Trd, 4319699.843, 140
Trd, 4319699.993, 140
Trd, 4319700.293, 140
Trd, 4319701.043, 140
Trd, 4319701.793, 140
Trd, 4319701.943, 140
Trd, 4319702.493, 140
Trd, 4319703.043, 140
Trd, 4319703.243, 139
Trd, 4319705.893, 140
Trd, 4319706.343, 140
Trd, 4319706.843, 140
Trd, 4319706.943, 140
Trd, 4319707.093, 140
Trd, 4319707.693, 140
Trd, 4319707.993, 140
Trd, 4319709.793, 140
Trd, 4319710.193, 140
Trd, 4319711.843, 140
Trd, 4319713.243, 140
Trd, 4319713.443, 140
Trd, 4319714.543, 140
Trd, 4319715.193, 140
Trd, 4319715.243, 140
Trd, 4319715.743, 140
Trd, 4319716.643, 140
Trd, 4319717.343, 140
Trd, 4319718.693, 140
Trd, 4319719.293, 140
Trd, 4319719.893, 140
Trd, 4319721.093, 140
Trd, 4319722.893, 140
Trd, 4319723.543, 140
Trd, 4319724.643, 140
Trd, 4319724.793, 140
Trd, 4319724.943, 140
Trd, 4319725.193, 140
Trd, 4319725.893, 140
Trd, 4319726.693, 140
Trd, 4319727.143, 140
Trd, 4319728.743, 140
Trd, 4319729.893, 140
Trd, 4319730.543, 140
Trd, 4319731.293, 140
Trd, 4319732.143, 140
Trd, 4319732.193, 140
Trd, 4319732.793, 140
Trd, 4319733.443, 140
Trd, 4319735.493, 140
Trd, 4319736.843, 140
Trd, 4319737.293, 140
Trd, 4319738.093, 140
Trd, 4319739.893, 140
Trd, 4319740.743, 140
Trd, 4319741.393, 140
Trd, 4319741.493, 140
Trd, 4319741.743, 140
Trd, 4319742.143, 136
Trd, 4319742.593, 139
Trd, 4319743.793, 140
Trd, 4319745.393, 140
Trd, 4319745.493, 140
Trd, 4319745.693, 140
Trd, 4319745.843, 140
Trd, 4319746.143, 140
Trd, 4319748.193, 140
Trd, 4319748.493, 140
Trd, 4319749.243, 140
Trd, 4319749.293, 140
Trd, 4319750.793, 140
Trd, 4319752.443, 140
Trd, 4319752.593, 140
Trd, 4319753.193, 140
Trd, 4319754.193, 140
Trd, 4319755.093, 140
Trd, 4319756.293, 140
Trd, 4319756.793, 140
Trd, 4319758.293, 140
Trd, 4319758.543, 140
Trd, 4319759.693, 140
Trd, 4319760.543, 140
Trd, 4319762.293, 140
Trd, 4319762.443, 140
Trd, 4319763.193, 140
Trd, 4319763.293, 139
Trd, 4319763.593, 138
Trd, 4319765.143, 140
Trd, 4319765.993, 140
Trd, 4319767.443, 140
Trd, 4319768.593, 140
Trd, 4319769.793, 140
Trd, 4319770.243, 140
Trd, 4319771.543, 140
Trd, 4319771.593, 140
Trd, 4319772.193, 140
Trd, 4319772.493, 140
Trd, 4319773.093, 140
Trd, 4319773.293, 140
Trd, 4319774.493, 140
Trd, 4319777.943, 140
Trd, 4319779.043, 140
Trd, 4319779.243, 140
Trd, 4319779.993, 140
Trd, 4319780.043, 140
Trd, 4319780.293, 140
Trd, 4319781.093, 140
Trd, 4319782.643, 140
Trd, 4319782.943, 140
Trd, 4319783.943, 140
Trd, 4319785.243, 140
Trd, 4319785.393, 140
Trd, 4319785.543, 140
Trd, 4319785.893, 140
Trd, 4319787.943, 140
Trd, 4319787.993, 140
Trd, 4319788.393, 140
Trd, 4319789.893, 140
Trd, 4319791.143, 140
Trd, 4319791.493, 140
Trd, 4319791.643, 140
Trd, 4319791.793, 140
Trd, 4319792.443, 140
Trd, 4319792.693, 140
Trd, 4319793.293, 140
Trd, 4319795.543, 140
Trd, 4319796.043, 140
Trd, 4319796.243, 140
Trd, 4319796.693, 140
Trd, 4319797.743, 140
Trd, 4319798.143, 140
Trd, 4319798.793, 140
Trd, 4319799.193, 140
Trd, 4319800.243, 140
Trd, 4319801.293, 140
Trd, 4319802.493, 140
Trd, 4319803.343, 140
Trd, 4319803.393, 140
Trd, 4319803.443, 140
Trd, 4319805.043, 140
Trd, 4319806.043, 140
Trd, 4319806.543, 140
Trd, 4319807.943, 140
Trd, 4319808.193, 140
Trd, 4319808.393, 140
Trd, 4319808.843, 140
Trd, 4319810.793, 140
Trd, 4319811.293, 140
Trd, 4319811.593, 140
Trd, 4319812.743, 140
Trd, 4319813.243, 140
Trd, 4319813.993, 140
Trd, 4319814.343, 140
Trd, 4319815.493, 140
Trd, 4319816.893, 140
Trd, 4319817.193, 139
Trd, 4319817.543, 140
Trd, 4319817.843, 139
Trd, 4319817.893, 138
Trd, 4319818.743, 140
Trd, 4319820.093, 140
Trd, 4319820.943, 140
Trd, 4319821.393, 140
Trd, 4319821.643, 139
Trd, 4319822.243, 139
Trd, 4319822.643, 140
Trd, 4319823.543, 140
Trd, 4319823.943, 140
Trd, 4319825.393, 140
Trd, 4319825.743, 140
Trd, 4319827.293, 140
Trd, 4319827.493, 140
Trd, 4319828.393, 140
Trd, 4319828.843, 140
Trd, 4319828.893, 140
Trd, 4319830.243, 140
Trd, 4319830.893, 140
Trd, 4319831.193, 140
Trd, 4319831.443, 140
Trd, 4319831.743, 140
Trd, 4319832.643, 140
Trd, 4319833.943, 140
Trd, 4319836.743, 140
Trd, 4319837.393, 140
Trd, 4319837.693, 140
Trd, 4319838.443, 140
Trd, 4319839.743, 140
Trd, 4319840.043, 140
Trd, 4319840.793, 140
Trd, 4319840.893, 140
Trd, 4319841.943, 140
Trd, 4319842.843, 140
Trd, 4319843.743, 140
Trd, 4319844.343, 140
Trd, 4319844.893, 140
Trd, 4319845.043, 140
Trd, 4319845.093, 140
Trd, 4319846.643, 140
Trd, 4319846.843, 140
Trd, 4319849.643, 140
Trd, 4319850.693, 140
Trd, 4319850.993, 140
Trd, 4319852.693, 140
Trd, 4319853.493, 140
Trd, 4319853.943, 140
Trd, 4319854.293, 140
Trd, 4319854.693, 140
Trd, 4319854.843, 140
Trd, 4319856.593, 140
Trd, 4319856.643, 140
Trd, 4319857.493, 140
Trd, 4319859.493, 140
Trd, 4319859.693, 140
Trd, 4319859.793, 140
Trd, 4319860.493, 140
Trd, 4319860.643, 140
Trd, 4319860.893, 140
Trd, 4319862.143, 140
Trd, 4319862.343, 140
Trd, 4319862.943, 140
Trd, 4319863.093, 140
Trd, 4319864.143, 140
Trd, 4319866.593, 140
Trd, 4319866.693, 140
Trd, 4319866.843, 140
Trd, 4319867.293, 140
Trd, 4319867.893, 140
Trd, 4319868.343, 137
Trd, 4319870.043, 140
Trd, 4319871.143, 140
Trd, 4319871.193, 140
Trd, 4319871.243, 140
Trd, 4319871.793, 140
Trd, 4319872.543, 140
Trd, 4319872.893, 140
Trd, 4319874.593, 140
Trd, 4319875.243, 140
Trd, 4319875.293, 140
Trd, 4319875.393, 140
Trd, 4319875.893, 140
Trd, 4319877.343, 140
Trd, 4319877.893, 140
Trd, 4319878.343, 140
Trd, 4319879.343, 140
Trd, 4319879.743, 140
Trd, 4319879.843, 140
Trd, 4319881.193, 140
Trd, 4319881.243, 140
Trd, 4319881.893, 140
Trd, 4319882.643, 140
Trd, 4319882.993, 140
Trd, 4319884.643, 140
Trd, 4319884.843, 139
Trd, 4319885.443, 140
Trd, 4319885.843, 139
Trd, 4319885.893, 138
Trd, 4319887.343, 140
Trd, 4319887.593, 139
Trd, 4319888.143, 140
Trd, 4319889.043, 140
Trd, 4319889.893, 140
Trd, 4319890.343, 140
Trd, 4319891.093, 140
Trd, 4319891.893, 140
Trd, 4319892.093, 140
Trd, 4319893.293, 140
Trd, 4319893.493, 140
Trd, 4319893.943, 140
Trd, 4319894.843, 140
Trd, 4319895.443, 140
Trd, 4319896.543, 140
Trd, 4319897.193, 140
Trd, 4319897.793, 140
Trd, 4319899.643, 140
Trd, 4319900.393, 140
Trd, 4319900.843, 140
Trd, 4319901.193, 140
Trd, 4319901.243, 140
Trd, 4319901.793, 140
Trd, 4319902.593, 140
Trd, 4319904.443, 140
Trd, 4319904.493, 140
Trd, 4319904.693, 140
Trd, 4319905.843, 140
Trd, 4319905.943, 140
Trd, 4319908.093, 140
Trd, 4319908.143, 140
Trd, 4319909.293, 140
Trd, 4319909.993, 140
Trd, 4319911.693, 140
Trd, 4319911.743, 140
Trd, 4319913.343, 140
Trd, 4319913.393, 140
Trd, 4319915.243, 140
Trd, 4319915.443, 140
Trd, 4319915.493, 140
Trd, 4319915.843, 140
Trd, 4319916.643, 140
Trd, 4319917.393, 140
Trd, 4319917.543, 140
Trd, 4319918.693, 140
Trd, 4319919.293, 140
Trd, 4319920.293, 140
Trd, 4319921.543, 140
Trd, 4319922.493, 140
Trd, 4319922.993, 140
Trd, 4319923.943, 140
Trd, 4319924.843, 140
Trd, 4319925.393, 140
Trd, 4319926.643, 140
Trd, 4319927.493, 140
Trd, 4319928.443, 140
Trd, 4319928.793, 140
Trd, 4319929.493, 140
Trd, 4319930.843, 140
Trd, 4319931.293, 140
Trd, 4319932.143, 140
Trd, 4319934.093, 140
Trd, 4319934.293, 140
Trd, 4319934.393, 140
Trd, 4319935.193, 140
Trd, 4319935.893, 140
Trd, 4319937.043, 140
Trd, 4319937.393, 140
Trd, 4319938.143, 140
Trd, 4319938.593, 140
Trd, 4319939.893, 140
Trd, 4319940.793, 140
Trd, 4319941.043, 140
Trd, 4319943.043, 140
Trd, 4319943.193, 140
Trd, 4319943.543, 140
Trd, 4319943.893, 140
Trd, 4319944.643, 140
Trd, 4319944.843, 140
Trd, 4319945.143, 139
Trd, 4319945.693, 140
Trd, 4319946.543, 140
Trd, 4319946.993, 140
Trd, 4319947.693, 140
Trd, 4319948.643, 140
Trd, 4319948.843, 140
Trd, 4319950.243, 140
Trd, 4319950.393, 140
Trd, 4319951.893, 140
Trd, 4319952.093, 140
Trd, 4319953.943, 140
Trd, 4319955.193, 140
Trd, 4319956.293, 140
Trd, 4319957.243, 140
Trd, 4319957.343, 140
Trd, 4319957.493, 140
Trd, 4319958.293, 140
Trd, 4319958.343, 140
Trd, 4319960.443, 140
Trd, 4319961.043, 140
Trd, 4319962.493, 140
Trd, 4319962.543, 140
Trd, 4319963.343, 140
Trd, 4319963.593, 140
Trd, 4319964.093, 140
Trd, 4319965.693, 140
Trd, 4319965.943, 140
Trd, 4319966.593, 140
Trd, 4319967.043, 140
Trd, 4319967.793, 140
Trd, 4319968.793, 140
Trd, 4319969.793, 140
Trd, 4319971.093, 140
Trd, 4319973.093, 140
Trd, 4319973.493, 140
Trd, 4319973.693, 140
Trd, 4319974.843, 140
Trd, 4319976.093, 140
Trd, 4319976.193, 140
Trd, 4319976.643, 140
Trd, 4319976.943, 140
Trd, 4319977.743, 140
Trd, 4319977.793, 140
Trd, 4319977.943, 139
Trd, 4319979.793, 140
Trd, 4319980.493, 140
Trd, 4319980.893, 140
Trd, 4319981.043, 140
Trd, 4319983.093, 140
Trd, 4319983.743, 140
Trd, 4319984.993, 140
Trd, 4319985.393, 140
Trd, 4319986.093, 140
Trd, 4319986.793, 140
Trd, 4319987.043, 140
Trd, 4319989.343, 140
Trd, 4319990.043, 140
Trd, 4319990.993, 140
Trd, 4319991.043, 140
Trd, 4319991.343, 140
Trd, 4319991.893, 140
Trd, 4319994.043, 140
Trd, 4319994.843, 140
Trd, 4319995.543, 140
Trd, 4319996.543, 140
Trd, 4319996.693, 140
Trd, 4319997.093, 140
Trd, 4319997.393, 140
Trd, 4319997.843, 140
Trd, 4319999.243, 140
Trd, 4319999.443, 140
