Trd, 4318074.893, 127
Trd, 4318076.043, 67
Trd, 4318077.393, 120
Trd, 4318077.943, 68
Trd, 4318078.343, 82
Trd, 4318078.893, 74
Trd, 4318079.243, 67
Trd, 4318079.793, 115
Trd, 4318081.043, 131
Trd, 4318082.943, 102
Trd, 4318083.043, 100
Trd, 4318083.293, 83
Trd, 4318083.943, 127
Trd, 4318084.343, 80
Trd, 4318087.193, 95
Trd, 4318087.643, 97
Trd, 4318088.593, 96
Trd, 4318088.843, 93
Trd, 4318088.893, 92
Trd, 4318090.193, 94
Trd, 4318090.893, 80
Trd, 4318091.293, 76
Trd, 4318091.693, 110
Trd, 4318093.543, 113
Trd, 4318095.493, 107
Trd, 4318095.993, 114
Trd, 4318096.643, 105
Trd, 4318097.293, 105
Trd, 4318097.493, 103
Trd, 4318097.693, 105
Trd, 4318099.443, 107
Trd, 4318099.593, 101
Trd, 4318100.143, 93
Trd, 4318100.643, 111
Trd, 4318101.093, 94
Trd, 4318101.943, 108
Trd, 4318104.593, 106
Trd, 4318104.643, 88
Trd, 4318104.743, 87
Trd, 4318104.943, 85
Trd, 4318106.493, 134
Trd, 4318106.793, 119
Trd, 4318107.593, 103
Trd, 4318108.543, 89
Trd, 4318109.043, 121
Trd, 4318110.043, 114
Trd, 4318110.593, 92
Trd, 4318112.143, 95
Trd, 4318112.443, 138
Trd, 4318114.043, 131
Trd, 4318114.393, 97
Trd, 4318115.193, 135
Trd, 4318116.543, 93
Trd, 4318116.893, 79
Trd, 4318117.293, 78
Trd, 4318118.193, 106
Trd, 4318118.793, 89
Trd, 4318120.143, 92
Trd, 4318120.693, 90
Trd, 4318123.343, 89
Trd, 4318123.393, 84
Trd, 4318125.293, 92
Trd, 4318125.343, 127
Trd, 4318125.393, 88
Trd, 4318127.793, 115
Trd, 4318128.693, 124
Trd, 4318129.243, 95
Trd, 4318129.443, 88
Trd, 4318130.043, 87
Trd, 4318132.693, 101
Trd, 4318132.993, 91
Trd, 4318133.243, 96
Trd, 4318133.993, 110
Trd, 4318135.443, 117
Trd, 4318135.793, 104
Trd, 4318135.993, 87
Trd, 4318136.543, 84
Trd, 4318137.293, 79
Trd, 4318138.343, 127
Trd, 4318139.143, 118
Trd, 4318140.293, 99
Trd, 4318141.843, 109
Trd, 4318142.093, 100
Trd, 4318143.793, 126
Trd, 4318143.943, 114
Trd, 4318145.243, 109
Trd, 4318145.643, 90
Trd, 4318147.293, 129
Trd, 4318149.543, 122
Trd, 4318150.243, 106
Trd, 4318150.993, 117
Trd, 4318151.143, 112
Trd, 4318152.593, 107
Trd, 4318153.543, 98
Trd, 4318153.793, 115
Trd, 4318154.943, 126
Trd, 4318157.443, 110
Trd, 4318157.493, 106
Trd, 4318159.193, 116
Trd, 4318159.293, 104
Trd, 4318159.843, 121
Trd, 4318160.393, 124
Trd, 4318160.543, 111
Trd, 4318161.343, 93
Trd, 4318162.693, 111
Trd, 4318163.143, 118
Trd, 4318163.193, 79
Trd, 4318163.543, 61
Trd, 4318164.993, 85
Trd, 4318165.593, 64
Trd, 4318166.293, 95
Trd, 4318168.293, 94
Trd, 4318168.593, 118
Trd, 4318168.843, 86
Trd, 4318169.943, 88
Trd, 4318171.143, 116
Trd, 4318171.493, 136
Trd, 4318172.993, 109
Trd, 4318173.743, 103
Trd, 4318175.193, 108
Trd, 4318175.493, 127
Trd, 4318175.743, 78
Trd, 4318176.443, 132
Trd, 4318177.893, 126
Trd, 4318178.193, 113
Trd, 4318179.693, 120
Trd, 4318180.043, 115
Trd, 4318180.593, 117
Trd, 4318180.843, 116
Trd, 4318181.243, 126
Trd, 4318182.793, 110
Trd, 4318183.493, 92
Trd, 4318184.193, 87
Trd, 4318185.843, 108
Trd, 4318186.643, 91
Trd, 4318187.343, 99
Trd, 4318187.993, 94
Trd, 4318188.043, 95
Trd, 4318188.443, 106
Trd, 4318188.543, 122
Trd, 4318189.643, 110
Trd, 4318189.843, 111
Trd, 4318190.443, 140
Trd, 4318191.893, 127
Trd, 4318193.243, 136
Trd, 4318193.693, 108
Trd, 4318195.343, 105
Trd, 4318195.743, 96
Trd, 4318196.943, 135
Trd, 4318197.193, 110
Trd, 4318200.043, 114
Trd, 4318200.543, 97
Trd, 4318201.193, 81
Trd, 4318203.243, 126
Trd, 4318204.743, 110
Trd, 4318204.893, 128
Trd, 4318205.043, 104
Trd, 4318206.543, 113
Trd, 4318207.993, 123
Trd, 4318208.193, 109
Trd, 4318209.343, 98
Trd, 4318210.243, 112
Trd, 4318210.493, 84
Trd, 4318211.743, 123
Trd, 4318212.143, 118
Trd, 4318212.793, 109
Trd, 4318213.143, 105
Trd, 4318215.143, 109
Trd, 4318217.193, 119
Trd, 4318217.593, 113
Trd, 4318217.693, 104
Trd, 4318218.843, 98
Trd, 4318218.993, 97
Trd, 4318219.143, 95
Trd, 4318219.293, 94
Trd, 4318220.343, 67
Trd, 4318222.443, 107
Trd, 4318222.643, 112
Trd, 4318223.843, 135
Trd, 4318224.793, 133
Trd, 4318226.543, 110
Trd, 4318226.993, 103
Trd, 4318228.843, 139
Trd, 4318229.093, 124
Trd, 4318230.193, 117
Trd, 4318230.243, 80
Trd, 4318230.443, 72
Trd, 4318230.993, 86
Trd, 4318231.543, 85
Trd, 4318232.643, 129
Trd, 4318232.693, 119
Trd, 4318233.193, 101
Trd, 4318234.143, 66
Trd, 4318236.243, 96
Trd, 4318236.693, 83
Trd, 4318238.193, 91
Trd, 4318238.643, 108
Trd, 4318238.893, 111
Trd, 4318239.843, 131
Trd, 4318241.893, 124
Trd, 4318241.943, 118
Trd, 4318242.643, 135
Trd, 4318242.993, 111
Trd, 4318243.893, 106
Trd, 4318243.993, 104
Trd, 4318244.593, 103
Trd, 4318244.743, 99
Trd, 4318246.443, 112
Trd, 4318247.943, 105
Trd, 4318248.743, 94
Trd, 4318249.043, 94
Trd, 4318251.793, 134
Trd, 4318252.443, 119
Trd, 4318253.143, 105
Trd, 4318253.243, 104
Trd, 4318254.193, 117
Trd, 4318255.693, 120
Trd, 4318255.743, 104
Trd, 4318256.443, 101
Trd, 4318257.893, 91
Trd, 4318259.493, 101
Trd, 4318259.543, 97
Trd, 4318261.043, 119
Trd, 4318261.493, 87
Trd, 4318261.893, 70
Trd, 4318262.543, 76
Trd, 4318264.343, 131
Trd, 4318264.993, 107
Trd, 4318265.043, 87
Trd, 4318266.493, 116
Trd, 4318267.243, 81
Trd, 4318268.593, 127
Trd, 4318269.293, 112
Trd, 4318270.443, 102
Trd, 4318270.793, 90
Trd, 4318271.243, 127
Trd, 4318271.893, 125
Trd, 4318271.993, 129
Trd, 4318272.243, 116
Trd, 4318272.893, 122
Trd, 4318272.993, 110
Trd, 4318273.093, 77
Trd, 4318274.193, 91
Trd, 4318275.893, 101
Trd, 4318275.943, 92
Trd, 4318277.143, 97
Trd, 4318277.293, 97
Trd, 4318277.893, 113
Trd, 4318278.343, 106
Trd, 4318278.793, 87
Trd, 4318280.393, 113
Trd, 4318281.293, 100
Trd, 4318281.393, 97
Trd, 4318281.743, 70
Trd, 4318283.943, 123
Trd, 4318283.993, 109
Trd, 4318284.243, 94
Trd, 4318285.293, 108
Trd, 4318285.593, 99
Trd, 4318286.643, 106
Trd, 4318288.493, 127
Trd, 4318289.693, 107
Trd, 4318290.043, 136
Trd, 4318290.593, 101
Trd, 4318291.643, 111
Trd, 4318292.693, 105
Trd, 4318293.843, 104
Trd, 4318294.593, 137
Trd, 4318294.993, 120
Trd, 4318295.743, 101
Trd, 4318296.493, 94
Trd, 4318297.843, 115
Trd, 4318298.043, 137
Trd, 4318298.493, 119
Trd, 4318298.743, 101
Trd, 4318301.843, 96
Trd, 4318302.543, 87
Trd, 4318302.943, 128
Trd, 4318303.543, 88
Trd, 4318304.843, 87
Trd, 4318304.993, 112
Trd, 4318305.593, 130
Trd, 4318305.793, 87
Trd, 4318306.893, 98
Trd, 4318307.293, 86
Trd, 4318308.743, 92
Trd, 4318309.893, 90
Trd, 4318311.643, 86
Trd, 4318311.743, 89
Trd, 4318312.193, 76
Trd, 4318312.843, 83
Trd, 4318313.843, 115
Trd, 4318315.493, 100
Trd, 4318315.943, 97
Trd, 4318316.593, 85
Trd, 4318317.043, 86
Trd, 4318317.693, 77
Trd, 4318318.093, 111
Trd, 4318318.943, 84
Trd, 4318321.543, 61
Trd, 4318321.993, 77
Trd, 4318322.243, 124
Trd, 4318323.043, 100
Trd, 4318323.343, 76
Trd, 4318324.043, 128
Trd, 4318324.943, 105
Trd, 4318326.243, 109
Trd, 4318326.593, 96
Trd, 4318326.893, 83
Trd, 4318327.193, 134
Trd, 4318328.993, 69
Trd, 4318330.643, 136
Trd, 4318330.693, 121
Trd, 4318330.793, 71
Trd, 4318331.093, 75
Trd, 4318331.643, 81
Trd, 4318332.443, 64
Trd, 4318333.543, 73
Trd, 4318333.743, 71
Trd, 4318335.043, 66
Trd, 4318335.943, 74
Trd, 4318337.143, 102
Trd, 4318337.793, 103
Trd, 4318338.243, 92
Trd, 4318338.393, 84
Trd, 4318339.393, 108
Trd, 4318339.893, 108
Trd, 4318340.143, 111
Trd, 4318341.443, 108
Trd, 4318342.443, 113
Trd, 4318342.593, 104
Trd, 4318343.293, 110
Trd, 4318343.393, 107
Trd, 4318343.843, 102
Trd, 4318345.693, 111
Trd, 4318346.793, 99
Trd, 4318347.943, 105
Trd, 4318348.143, 92
Trd, 4318348.643, 134
Trd, 4318348.843, 97
Trd, 4318349.093, 96
Trd, 4318349.393, 105
Trd, 4318350.693, 93
Trd, 4318352.643, 66
Trd, 4318353.443, 82
Trd, 4318354.293, 100
Trd, 4318354.843, 86
Trd, 4318356.993, 115
Trd, 4318357.493, 125
Trd, 4318358.143, 120
Trd, 4318358.293, 116
Trd, 4318358.743, 100
Trd, 4318359.443, 90
Trd, 4318359.643, 116
Trd, 4318359.693, 90
Trd, 4318361.243, 105
Trd, 4318361.593, 114
Trd, 4318362.343, 108
Trd, 4318362.793, 140
Trd, 4318364.393, 121
Trd, 4318364.793, 106
Trd, 4318366.543, 103
Trd, 4318366.893, 120
Trd, 4318367.193, 92
Trd, 4318368.793, 116
Trd, 4318369.143, 134
Trd, 4318370.343, 113
Trd, 4318370.893, 97
Trd, 4318370.993, 89
Trd, 4318371.143, 85
Trd, 4318371.993, 106
Trd, 4318373.293, 127
Trd, 4318373.543, 75
Trd, 4318374.493, 105
Trd, 4318374.893, 92
Trd, 4318374.993, 87
Trd, 4318376.793, 109
Trd, 4318377.593, 81
Trd, 4318377.793, 90
Trd, 4318378.293, 80
Trd, 4318379.593, 95
Trd, 4318379.893, 73
Trd, 4318380.943, 110
Trd, 4318382.043, 77
Trd, 4318382.193, 114
Trd, 4318383.043, 113
Trd, 4318383.193, 77
Trd, 4318384.943, 104
Trd, 4318385.143, 116
Trd, 4318385.343, 91
Trd, 4318385.893, 90
Trd, 4318386.143, 90
Trd, 4318386.843, 82
Trd, 4318389.043, 79
Trd, 4318389.393, 129
Trd, 4318389.643, 120
Trd, 4318389.943, 107
Trd, 4318391.743, 84
Trd, 4318393.093, 83
Trd, 4318393.393, 92
Trd, 4318395.543, 85
Trd, 4318396.243, 102
Trd, 4318397.393, 125
Trd, 4318398.143, 118
Trd, 4318398.493, 116
Trd, 4318399.543, 120
Trd, 4318400.043, 107
Trd, 4318400.093, 103
Trd, 4318400.593, 100
Trd, 4318400.643, 88
Trd, 4318401.443, 118
Trd, 4318402.693, 121
Trd, 4318402.943, 97
Trd, 4318404.093, 84
Trd, 4318405.043, 97
Trd, 4318405.093, 88
Trd, 4318405.243, 82
Trd, 4318407.193, 134
Trd, 4318408.043, 135
Trd, 4318408.393, 122
Trd, 4318409.493, 122
Trd, 4318410.243, 128
Trd, 4318410.893, 125
Trd, 4318412.393, 124
Trd, 4318412.743, 112
Trd, 4318412.893, 110
Trd, 4318413.993, 136
Trd, 4318414.493, 115
Trd, 4318415.293, 126
Trd, 4318415.493, 118
Trd, 4318415.593, 110
Trd, 4318416.743, 107
Trd, 4318418.443, 128
Trd, 4318419.343, 99
Trd, 4318420.393, 106
Trd, 4318421.193, 111
Trd, 4318421.743, 116
Trd, 4318422.193, 115
Trd, 4318423.543, 86
Trd, 4318423.993, 105
Trd, 4318424.093, 78
Trd, 4318424.443, 71
Trd, 4318425.743, 86
Trd, 4318426.393, 105
Trd, 4318427.493, 120
Trd, 4318428.293, 117
Trd, 4318429.493, 114
Trd, 4318430.343, 111
Trd, 4318430.693, 90
Trd, 4318430.993, 89
Trd, 4318431.993, 132
Trd, 4318432.243, 85
Trd, 4318433.243, 74
Trd, 4318433.443, 102
Trd, 4318433.893, 132
Trd, 4318433.943, 88
Trd, 4318435.043, 92
Trd, 4318435.593, 103
Trd, 4318437.593, 109
Trd, 4318439.993, 94
Trd, 4318441.093, 100
Trd, 4318441.243, 113
Trd, 4318442.143, 112
Trd, 4318443.393, 113
Trd, 4318443.443, 97
Trd, 4318444.293, 121
Trd, 4318444.693, 81
Trd, 4318445.043, 134
Trd, 4318445.643, 74
Trd, 4318446.493, 63
Trd, 4318449.193, 76
Trd, 4318449.943, 94
Trd, 4318449.993, 76
Trd, 4318450.143, 92
Trd, 4318451.743, 108
Trd, 4318451.843, 99
Trd, 4318452.143, 100
Trd, 4318452.693, 96
Trd, 4318452.943, 126
Trd, 4318455.343, 104
Trd, 4318456.343, 102
Trd, 4318457.593, 88
Trd, 4318457.893, 115
Trd, 4318457.993, 87
Trd, 4318459.143, 79
Trd, 4318459.943, 119
Trd, 4318460.193, 117
Trd, 4318460.543, 74
Trd, 4318460.793, 115
Trd, 4318463.093, 113
Trd, 4318463.293, 96
Trd, 4318463.343, 124
Trd, 4318463.843, 89
Trd, 4318464.093, 107
Trd, 4318466.093, 140
Trd, 4318466.143, 127
Trd, 4318466.943, 120
Trd, 4318468.843, 75
Trd, 4318469.043, 66
Trd, 4318469.693, 87
Trd, 4318470.243, 79
Trd, 4318470.543, 63
Trd, 4318471.943, 104
Trd, 4318472.093, 68
Trd, 4318472.293, 137
Trd, 4318472.443, 80
Trd, 4318473.093, 90
Trd, 4318474.793, 71
Trd, 4318475.743, 97
Trd, 4318475.793, 75
Trd, 4318477.043, 103
Trd, 4318477.493, 77
Trd, 4318477.543, 68
Trd, 4318478.243, 64
Trd, 4318481.193, 126
Trd, 4318483.093, 128
Trd, 4318483.893, 115
Trd, 4318483.943, 127
Trd, 4318484.493, 107
Trd, 4318485.143, 117
Trd, 4318485.343, 101
Trd, 4318485.643, 104
Trd, 4318487.343, 115
Trd, 4318487.443, 115
Trd, 4318487.543, 125
Trd, 4318488.943, 95
Trd, 4318489.293, 127
Trd, 4318491.293, 99
Trd, 4318491.893, 100
Trd, 4318491.993, 90
Trd, 4318492.343, 108
Trd, 4318493.143, 67
Trd, 4318493.893, 84
Trd, 4318495.343, 70
Trd, 4318496.093, 87
Trd, 4318496.493, 80
Trd, 4318497.893, 113
Trd, 4318498.143, 99
Trd, 4318498.843, 95
Trd, 4318499.793, 111
Trd, 4318500.993, 82
Trd, 4318503.143, 124
Trd, 4318503.243, 111
Trd, 4318503.643, 124
Trd, 4318504.143, 124
Trd, 4318504.243, 120
Trd, 4318505.243, 87
Trd, 4318506.743, 85
Trd, 4318506.843, 79
Trd, 4318507.343, 69
Trd, 4318507.593, 81
Trd, 4318508.293, 92
Trd, 4318508.643, 70
Trd, 4318510.843, 129
Trd, 4318512.243, 108
Trd, 4318512.993, 111
Trd, 4318513.393, 119
Trd, 4318515.143, 114
Trd, 4318515.343, 104
Trd, 4318515.643, 101
Trd, 4318516.343, 126
Trd, 4318516.443, 104
Trd, 4318518.043, 95
Trd, 4318518.643, 97
Trd, 4318519.693, 107
Trd, 4318520.143, 122
Trd, 4318520.393, 115
Trd, 4318521.343, 124
Trd, 4318522.293, 91
Trd, 4318522.893, 90
Trd, 4318523.093, 86
Trd, 4318523.343, 77
Trd, 4318524.293, 78
Trd, 4318525.443, 122
Trd, 4318525.843, 80
Trd, 4318526.693, 78
Trd, 4318527.493, 71
Trd, 4318528.993, 113
Trd, 4318530.143, 69
Trd, 4318530.993, 132
Trd, 4318531.643, 114
Trd, 4318531.743, 105
Trd, 4318532.043, 95
Trd, 4318533.043, 115
Trd, 4318533.393, 78
Trd, 4318533.943, 77
Trd, 4318535.093, 78
Trd, 4318535.293, 119
Trd, 4318536.093, 120
Trd, 4318536.543, 120
Trd, 4318537.693, 77
Trd, 4318538.793, 105
Trd, 4318539.893, 107
Trd, 4318539.993, 92
Trd, 4318541.043, 124
Trd, 4318541.293, 125
Trd, 4318541.593, 102
Trd, 4318542.293, 81
Trd, 4318543.293, 86
Trd, 4318544.793, 86
Trd, 4318546.943, 83
Trd, 4318547.643, 124
Trd, 4318547.893, 125
Trd, 4318548.093, 116
Trd, 4318548.493, 96
Trd, 4318548.943, 127
Trd, 4318549.743, 138
Trd, 4318549.993, 128
Trd, 4318551.693, 94
Trd, 4318552.493, 113
Trd, 4318555.893, 106
Trd, 4318556.643, 89
Trd, 4318557.043, 138
Trd, 4318557.293, 94
Trd, 4318557.543, 78
Trd, 4318558.293, 106
Trd, 4318559.543, 102
Trd, 4318561.193, 87
Trd, 4318561.943, 111
Trd, 4318562.143, 92
Trd, 4318562.493, 107
Trd, 4318562.543, 96
Trd, 4318563.743, 101
Trd, 4318564.943, 123
Trd, 4318565.593, 111
Trd, 4318565.843, 127
Trd, 4318566.193, 105
Trd, 4318567.443, 103
Trd, 4318567.793, 101
Trd, 4318567.843, 97
Trd, 4318568.143, 97
Trd, 4318568.943, 72
Trd, 4318569.343, 70
Trd, 4318570.793, 87
Trd, 4318571.843, 127
Trd, 4318572.843, 105
Trd, 4318574.093, 72
Trd, 4318574.193, 62
Trd, 4318574.293, 61
Trd, 4318574.543, 71
Trd, 4318575.793, 97
Trd, 4318575.893, 131
Trd, 4318577.843, 66
Trd, 4318580.593, 123
Trd, 4318580.643, 110
Trd, 4318581.043, 108
Trd, 4318581.243, 101
Trd, 4318582.093, 90
Trd, 4318583.193, 110
Trd, 4318583.293, 91
Trd, 4318584.193, 87
Trd, 4318584.893, 65
Trd, 4318585.593, 61
Trd, 4318585.793, 75
Trd, 4318587.093, 63
Trd, 4318588.143, 97
Trd, 4318589.343, 112
Trd, 4318590.243, 101
Trd, 4318590.543, 84
Trd, 4318591.143, 75
Trd, 4318591.693, 74
Trd, 4318593.393, 64
Trd, 4318594.843, 106
Trd, 4318596.743, 104
Trd, 4318597.443, 111
Trd, 4318599.043, 109
Trd, 4318599.343, 129
Trd, 4318599.693, 116
Trd, 4318600.193, 109
Trd, 4318601.143, 130
Trd, 4318601.493, 115
Trd, 4318602.693, 108
Trd, 4318602.843, 108
Trd, 4318603.193, 101
Trd, 4318604.143, 85
Trd, 4318604.293, 76
Trd, 4318604.943, 93
Trd, 4318606.143, 98
Trd, 4318607.643, 96
Trd, 4318608.393, 116
Trd, 4318611.393, 134
Trd, 4318611.543, 121
Trd, 4318612.143, 120
Trd, 4318613.043, 112
Trd, 4318613.593, 110
Trd, 4318613.993, 125
Trd, 4318614.143, 123
Trd, 4318614.843, 111
Trd, 4318615.793, 105
Trd, 4318616.643, 109
Trd, 4318617.393, 124
Trd, 4318618.043, 85
Trd, 4318620.093, 117
Trd, 4318620.443, 96
Trd, 4318623.193, 126
Trd, 4318623.593, 111
Trd, 4318623.643, 101
Trd, 4318624.243, 110
Trd, 4318625.093, 135
Trd, 4318625.243, 118
Trd, 4318626.693, 106
Trd, 4318626.993, 115
Trd, 4318627.093, 101
Trd, 4318628.843, 107
Trd, 4318629.293, 99
Trd, 4318629.443, 93
Trd, 4318629.993, 121
Trd, 4318630.743, 100
Trd, 4318632.343, 71
Trd, 4318632.793, 124
Trd, 4318632.993, 89
Trd, 4318634.193, 126
Trd, 4318634.593, 94
Trd, 4318635.193, 71
Trd, 4318636.143, 74
Trd, 4318636.943, 117
Trd, 4318637.493, 129
Trd, 4318638.043, 101
Trd, 4318638.643, 100
Trd, 4318640.843, 112
Trd, 4318641.443, 105
Trd, 4318641.543, 98
Trd, 4318642.693, 98
Trd, 4318642.793, 87
Trd, 4318643.093, 84
Trd, 4318643.943, 99
Trd, 4318644.293, 103
Trd, 4318644.793, 92
Trd, 4318646.193, 129
Trd, 4318646.293, 120
Trd, 4318647.643, 64
Trd, 4318648.743, 106
Trd, 4318648.793, 85
Trd, 4318649.693, 96
Trd, 4318650.543, 96
Trd, 4318650.643, 103
Trd, 4318651.093, 66
Trd, 4318653.193, 100
Trd, 4318653.393, 97
Trd, 4318654.343, 105
Trd, 4318654.393, 91
Trd, 4318654.493, 86
Trd, 4318654.743, 84
Trd, 4318655.893, 74
Trd, 4318658.843, 106
Trd, 4318659.043, 94
Trd, 4318659.593, 100
Trd, 4318661.443, 120
Trd, 4318661.893, 109
Trd, 4318662.143, 108
Trd, 4318663.043, 87
Trd, 4318664.393, 84
Trd, 4318665.493, 114
Trd, 4318666.743, 92
Trd, 4318667.443, 89
Trd, 4318668.093, 77
Trd, 4318669.493, 95
Trd, 4318669.943, 92
Trd, 4318670.343, 137
Trd, 4318670.843, 136
Trd, 4318670.993, 125
Trd, 4318671.193, 124
Trd, 4318671.443, 87
Trd, 4318673.543, 121
Trd, 4318673.843, 105
Trd, 4318674.943, 95
Trd, 4318675.093, 94
Trd, 4318677.093, 108
Trd, 4318677.843, 78
Trd, 4318678.993, 68
Trd, 4318679.293, 81
Trd, 4318679.543, 90
Trd, 4318680.593, 119
Trd, 4318682.593, 96
Trd, 4318683.943, 111
Trd, 4318684.143, 110
Trd, 4318684.743, 110
Trd, 4318684.893, 137
Trd, 4318685.143, 106
Trd, 4318686.293, 113
Trd, 4318688.043, 91
Trd, 4318689.493, 122
Trd, 4318689.643, 132
Trd, 4318689.793, 115
Trd, 4318690.143, 93
Trd, 4318690.593, 100
Trd, 4318691.093, 93
Trd, 4318691.193, 109
Trd, 4318692.093, 92
Trd, 4318692.493, 134
Trd, 4318693.043, 117
Trd, 4318693.143, 92
Trd, 4318694.093, 90
Trd, 4318694.443, 76
Trd, 4318697.143, 109
Trd, 4318697.793, 106
Trd, 4318698.743, 97
Trd, 4318698.993, 105
Trd, 4318699.193, 89
Trd, 4318699.893, 111
Trd, 4318702.593, 116
Trd, 4318702.643, 110
Trd, 4318702.693, 106
Trd, 4318704.393, 125
Trd, 4318704.693, 124
Trd, 4318704.843, 101
Trd, 4318705.343, 99
Trd, 4318706.343, 111
Trd, 4318706.443, 102
Trd, 4318708.543, 114
Trd, 4318709.743, 105
Trd, 4318711.643, 115
Trd, 4318711.993, 105
Trd, 4318713.543, 96
Trd, 4318714.493, 123
Trd, 4318715.093, 105
Trd, 4318716.393, 105
Trd, 4318716.743, 110
Trd, 4318716.943, 101
Trd, 4318717.293, 75
Trd, 4318718.743, 89
Trd, 4318719.943, 136
Trd, 4318721.143, 98
Trd, 4318721.543, 96
Trd, 4318721.943, 90
Trd, 4318722.493, 96
Trd, 4318724.593, 124
Trd, 4318725.193, 103
Trd, 4318726.293, 133
Trd, 4318726.543, 92
Trd, 4318727.643, 111
Trd, 4318728.143, 87
Trd, 4318728.393, 96
Trd, 4318728.943, 93
Trd, 4318731.243, 87
Trd, 4318732.593, 132
Trd, 4318732.993, 119
Trd, 4318733.793, 108
Trd, 4318734.143, 104
Trd, 4318735.343, 99
Trd, 4318737.493, 70
Trd, 4318738.143, 86
Trd, 4318738.843, 95
Trd, 4318739.093, 105
Trd, 4318739.893, 113
Trd, 4318741.243, 84
Trd, 4318741.493, 139
Trd, 4318741.693, 85
Trd, 4318743.093, 98
Trd, 4318743.743, 91
Trd, 4318745.143, 111
Trd, 4318746.093, 106
Trd, 4318746.443, 101
Trd, 4318747.043, 112
Trd, 4318747.393, 101
Trd, 4318749.143, 104
Trd, 4318750.143, 100
Trd, 4318750.443, 99
Trd, 4318750.843, 93
Trd, 4318751.393, 97
Trd, 4318752.943, 105
Trd, 4318752.993, 94
Trd, 4318755.193, 140
Trd, 4318755.393, 129
Trd, 4318756.993, 139
Trd, 4318757.943, 93
Trd, 4318758.643, 133
Trd, 4318759.393, 114
Trd, 4318760.643, 69
Trd, 4318760.893, 68
Trd, 4318761.143, 111
Trd, 4318762.243, 117
Trd, 4318764.043, 120
Trd, 4318765.043, 112
Trd, 4318766.343, 125
Trd, 4318767.243, 120
Trd, 4318767.693, 105
Trd, 4318768.343, 133
Trd, 4318768.393, 99
Trd, 4318769.343, 103
Trd, 4318769.443, 86
Trd, 4318769.593, 78
Trd, 4318770.643, 104
Trd, 4318771.943, 88
Trd, 4318772.043, 101
Trd, 4318772.443, 67
Trd, 4318773.243, 89
Trd, 4318773.493, 91
Trd, 4318774.443, 90
Trd, 4318775.543, 97
Trd, 4318777.093, 135
Trd, 4318777.893, 107
Trd, 4318779.243, 97
Trd, 4318779.493, 95
Trd, 4318779.643, 105
Trd, 4318781.443, 103
Trd, 4318782.893, 92
Trd, 4318783.743, 130
Trd, 4318783.893, 101
Trd, 4318784.443, 113
Trd, 4318787.143, 115
Trd, 4318787.293, 105
Trd, 4318787.893, 131
Trd, 4318788.443, 121
Trd, 4318789.193, 135
Trd, 4318789.493, 126
Trd, 4318791.343, 71
Trd, 4318792.493, 82
Trd, 4318793.843, 116
Trd, 4318795.443, 101
Trd, 4318796.293, 100
Trd, 4318797.193, 120
Trd, 4318797.243, 110
Trd, 4318798.093, 97
Trd, 4318798.893, 123
Trd, 4318800.043, 112
Trd, 4318800.543, 89
Trd, 4318801.043, 86
Trd, 4318801.943, 114
Trd, 4318802.143, 107
Trd, 4318802.993, 98
Trd, 4318803.293, 104
Trd, 4318805.293, 120
Trd, 4318805.393, 89
Trd, 4318806.443, 106
Trd, 4318807.193, 109
Trd, 4318807.543, 140
Trd, 4318809.143, 138
Trd, 4318809.193, 101
Trd, 4318809.643, 99
Trd, 4318810.743, 132
Trd, 4318810.843, 107
Trd, 4318812.593, 85
Trd, 4318812.693, 76
Trd, 4318815.243, 102
Trd, 4318815.493, 129
Trd, 4318817.643, 110
Trd, 4318818.193, 106
Trd, 4318820.443, 90
Trd, 4318820.693, 119
Trd, 4318821.493, 82
Trd, 4318821.643, 84
Trd, 4318821.943, 124
Trd, 4318822.893, 97
Trd, 4318823.443, 67
Trd, 4318825.093, 68
Trd, 4318825.343, 106
Trd, 4318825.493, 70
Trd, 4318827.143, 103
Trd, 4318827.693, 102
Trd, 4318828.243, 102
Trd, 4318828.293, 82
Trd, 4318828.843, 80
Trd, 4318830.743, 93
Trd, 4318831.543, 87
Trd, 4318832.043, 126
Trd, 4318832.843, 86
Trd, 4318832.943, 109
Trd, 4318833.843, 77
Trd, 4318834.143, 91
Trd, 4318834.793, 111
Trd, 4318836.093, 83
Trd, 4318836.193, 72
Trd, 4318836.893, 94
Trd, 4318837.443, 85
Trd, 4318838.443, 128
Trd, 4318838.843, 129
Trd, 4318839.743, 81
Trd, 4318840.143, 80
Trd, 4318840.943, 64
Trd, 4318841.593, 62
Trd, 4318842.043, 100
Trd, 4318842.293, 103
Trd, 4318843.193, 98
Trd, 4318843.793, 93
Trd, 4318845.143, 96
Trd, 4318846.543, 116
Trd, 4318847.143, 113
Trd, 4318847.943, 104
Trd, 4318849.393, 127
Trd, 4318849.893, 132
Trd, 4318850.093, 110
Trd, 4318851.193, 113
Trd, 4318851.443, 103
Trd, 4318852.793, 120
Trd, 4318853.243, 103
Trd, 4318855.193, 118
Trd, 4318855.793, 105
Trd, 4318856.493, 100
Trd, 4318857.093, 104
Trd, 4318857.543, 102
Trd, 4318858.643, 128
Trd, 4318859.343, 112
Trd, 4318860.443, 123
Trd, 4318861.743, 130
Trd, 4318861.943, 104
Trd, 4318864.293, 123
Trd, 4318864.793, 116
Trd, 4318865.643, 96
Trd, 4318866.243, 95
Trd, 4318867.793, 105
Trd, 4318868.943, 109
Trd, 4318869.493, 97
Trd, 4318869.593, 88
Trd, 4318870.393, 138
Trd, 4318870.743, 123
Trd, 4318872.543, 134
Trd, 4318872.593, 117
Trd, 4318872.843, 109
Trd, 4318873.943, 126
Trd, 4318874.793, 133
Trd, 4318875.043, 91
Trd, 4318875.893, 86
Trd, 4318876.893, 93
Trd, 4318877.793, 118
Trd, 4318878.543, 87
Trd, 4318879.193, 77
Trd, 4318879.293, 70
Trd, 4318879.543, 118
Trd, 4318879.943, 119
Trd, 4318879.993, 114
Trd, 4318883.243, 62
Trd, 4318883.693, 62
Trd, 4318884.343, 63
Trd, 4318884.693, 65
Trd, 4318885.093, 100
Trd, 4318886.443, 98
Trd, 4318889.393, 123
Trd, 4318889.493, 109
Trd, 4318889.793, 100
Trd, 4318890.393, 107
Trd, 4318890.743, 106
Trd, 4318890.893, 113
Trd, 4318891.793, 106
Trd, 4318892.843, 111
Trd, 4318893.143, 107
Trd, 4318894.493, 132
Trd, 4318895.143, 112
Trd, 4318895.443, 93
Trd, 4318896.193, 132
Trd, 4318897.243, 115
Trd, 4318897.543, 100
Trd, 4318898.743, 91
Trd, 4318900.043, 137
Trd, 4318902.293, 129
Trd, 4318902.643, 108
Trd, 4318902.943, 101
Trd, 4318903.493, 113
Trd, 4318903.743, 102
Trd, 4318904.393, 94
Trd, 4318904.593, 109
Trd, 4318904.743, 96
Trd, 4318905.593, 72
Trd, 4318907.193, 102
Trd, 4318907.793, 128
Trd, 4318909.693, 82
Trd, 4318910.793, 116
Trd, 4318911.393, 105
Trd, 4318911.543, 98
Trd, 4318911.893, 102
Trd, 4318913.093, 125
Trd, 4318913.393, 79
Trd, 4318914.393, 103
Trd, 4318914.843, 119
Trd, 4318915.243, 93
Trd, 4318915.643, 132
Trd, 4318915.693, 76
Trd, 4318916.443, 65
Trd, 4318917.093, 88
Trd, 4318917.643, 90
Trd, 4318919.943, 112
Trd, 4318920.293, 100
Trd, 4318920.993, 89
Trd, 4318921.293, 86
Trd, 4318922.793, 109
Trd, 4318924.343, 107
Trd, 4318924.393, 105
Trd, 4318924.643, 92
Trd, 4318924.793, 91
Trd, 4318925.293, 84
Trd, 4318925.393, 88
Trd, 4318927.293, 112
Trd, 4318927.743, 86
Trd, 4318928.243, 135
Trd, 4318930.643, 117
Trd, 4318932.043, 103
Trd, 4318932.193, 80
Trd, 4318932.393, 80
Trd, 4318933.493, 84
Trd, 4318933.743, 85
Trd, 4318934.343, 80
Trd, 4318934.443, 78
Trd, 4318934.793, 86
Trd, 4318936.993, 131
Trd, 4318937.693, 90
Trd, 4318937.743, 97
Trd, 4318937.893, 86
Trd, 4318938.993, 86
Trd, 4318939.693, 101
Trd, 4318939.993, 73
Trd, 4318940.093, 92
Trd, 4318942.143, 119
Trd, 4318944.043, 100
Trd, 4318944.543, 102
Trd, 4318944.893, 93
Trd, 4318945.893, 103
Trd, 4318946.293, 90
Trd, 4318946.393, 96
Trd, 4318946.543, 75
Trd, 4318948.843, 106
Trd, 4318949.543, 84
Trd, 4318949.843, 84
Trd, 4318950.343, 97
Trd, 4318950.543, 99
Trd, 4318951.843, 97
Trd, 4318953.793, 127
Trd, 4318954.143, 129
Trd, 4318954.543, 121
Trd, 4318955.793, 106
Trd, 4318956.893, 83
Trd, 4318957.093, 80
Trd, 4318957.693, 76
Trd, 4318957.893, 72
Trd, 4318958.893, 110
Trd, 4318959.243, 115
Trd, 4318959.743, 91
Trd, 4318961.893, 136
Trd, 4318962.343, 106
Trd, 4318962.843, 97
Trd, 4318963.843, 98
Trd, 4318964.543, 93
Trd, 4318966.293, 117
Trd, 4318966.643, 137
Trd, 4318967.893, 120
Trd, 4318968.093, 139
Trd, 4318968.443, 101
Trd, 4318968.743, 100
Trd, 4318970.343, 99
Trd, 4318971.343, 130
Trd, 4318974.243, 124
Trd, 4318974.543, 99
Trd, 4318975.093, 103
Trd, 4318976.643, 112
Trd, 4318977.043, 99
Trd, 4318977.543, 126
Trd, 4318977.993, 119
Trd, 4318978.993, 89
Trd, 4318979.643, 95
Trd, 4318979.743, 101
Trd, 4318980.843, 120
Trd, 4318981.293, 92
Trd, 4318982.193, 95
Trd, 4318982.893, 88
Trd, 4318983.143, 113
Trd, 4318984.543, 93
Trd, 4318985.393, 103
Trd, 4318985.993, 84
Trd, 4318986.593, 101
Trd, 4318986.693, 75
Trd, 4318987.093, 70
Trd, 4318988.393, 65
Trd, 4318988.693, 92
Trd, 4318990.593, 68
Trd, 4318991.893, 116
Trd, 4318992.243, 129
Trd, 4318992.893, 115
Trd, 4318993.293, 112
Trd, 4318994.293, 98
Trd, 4318994.343, 90
Trd, 4318995.543, 76
Trd, 4318996.493, 134
Trd, 4318997.543, 97
Trd, 4318997.693, 127
Trd, 4318998.543, 77
Trd, 4318999.343, 105
Trd, 4318999.893, 87
Trd, 4318999.943, 95
Trd, 4319001.593, 99
Trd, 4319002.493, 91
Trd, 4319003.993, 85
Trd, 4319004.793, 84
Trd, 4319006.493, 104
Trd, 4319006.993, 97
Trd, 4319007.393, 86
Trd, 4319008.143, 97
Trd, 4319008.593, 110
Trd, 4319008.743, 96
Trd, 4319009.943, 62
Trd, 4319010.993, 62
Trd, 4319011.643, 62
Trd, 4319013.293, 94
Trd, 4319013.343, 108
Trd, 4319013.793, 111
Trd, 4319015.543, 117
Trd, 4319015.893, 107
Trd, 4319017.893, 98
Trd, 4319018.293, 101
Trd, 4319018.493, 85
Trd, 4319019.043, 84
Trd, 4319019.693, 99
Trd, 4319022.093, 111
Trd, 4319023.393, 139
Trd, 4319024.193, 90
Trd, 4319024.343, 83
Trd, 4319024.843, 126
Trd, 4319025.043, 113
Trd, 4319026.643, 136
Trd, 4319027.443, 138
Trd, 4319027.743, 101
Trd, 4319029.243, 89
Trd, 4319029.343, 100
Trd, 4319029.593, 91
Trd, 4319030.393, 69
Trd, 4319030.993, 114
Trd, 4319031.943, 125
Trd, 4319032.393, 104
Trd, 4319032.593, 114
Trd, 4319033.393, 70
Trd, 4319034.843, 60
Trd, 4319034.993, 75
Trd, 4319035.993, 136
Trd, 4319037.443, 112
Trd, 4319037.743, 100
Trd, 4319040.793, 108
Trd, 4319041.393, 104
Trd, 4319041.443, 103
Trd, 4319042.743, 117
Trd, 4319043.843, 122
Trd, 4319044.243, 102
Trd, 4319045.193, 60
Trd, 4319045.643, 81
Trd, 4319045.843, 76
Trd, 4319047.843, 113
Trd, 4319047.993, 101
Trd, 4319050.393, 104
Trd, 4319050.793, 110
Trd, 4319050.993, 111
Trd, 4319051.493, 137
Trd, 4319052.093, 86
Trd, 4319052.143, 99
Trd, 4319053.543, 97
Trd, 4319054.643, 126
Trd, 4319055.693, 130
Trd, 4319056.943, 108
Trd, 4319056.993, 107
Trd, 4319057.243, 102
Trd, 4319059.393, 130
Trd, 4319059.793, 103
Trd, 4319061.043, 124
Trd, 4319061.143, 117
Trd, 4319061.943, 137
Trd, 4319062.393, 123
Trd, 4319063.493, 126
Trd, 4319063.793, 99
Trd, 4319063.843, 92
Trd, 4319064.093, 74
Trd, 4319064.943, 127
Trd, 4319065.743, 103
Trd, 4319067.993, 95
Trd, 4319068.593, 102
Trd, 4319068.893, 82
Trd, 4319069.693, 120
Trd, 4319070.193, 105
Trd, 4319071.393, 92
Trd, 4319072.093, 124
Trd, 4319072.643, 104
Trd, 4319073.393, 89
Trd, 4319074.543, 82
Trd, 4319075.043, 101
Trd, 4319075.143, 76
Trd, 4319075.243, 74
Trd, 4319075.643, 68
Trd, 4319076.693, 77
Trd, 4319077.043, 121
Trd, 4319078.093, 66
Trd, 4319078.493, 62
Trd, 4319079.443, 78
Trd, 4319080.343, 98
Trd, 4319081.443, 95
Trd, 4319081.993, 95
Trd, 4319082.993, 113
Trd, 4319083.043, 71
Trd, 4319083.643, 67
Trd, 4319083.743, 64
Trd, 4319084.693, 78
Trd, 4319084.743, 74
Trd, 4319085.493, 69
Trd, 4319086.643, 94
Trd, 4319089.193, 82
Trd, 4319089.343, 75
Trd, 4319089.393, 89
Trd, 4319090.893, 71
Trd, 4319091.193, 108
Trd, 4319091.443, 96
Trd, 4319092.793, 135
Trd, 4319093.243, 119
Trd, 4319093.343, 106
Trd, 4319095.543, 124
Trd, 4319096.693, 131
Trd, 4319096.793, 96
Trd, 4319098.393, 94
Trd, 4319098.593, 87
Trd, 4319099.343, 90
Trd, 4319100.693, 111
Trd, 4319100.793, 99
Trd, 4319101.043, 112
Trd, 4319103.043, 109
Trd, 4319103.643, 94
Trd, 4319104.343, 120
Trd, 4319105.793, 134
Trd, 4319106.043, 122
Trd, 4319106.343, 119
Trd, 4319107.093, 115
Trd, 4319108.693, 85
Trd, 4319109.243, 82
Trd, 4319110.843, 106
Trd, 4319111.043, 100
Trd, 4319112.143, 100
Trd, 4319112.193, 98
Trd, 4319114.793, 99
Trd, 4319114.893, 94
Trd, 4319115.493, 96
Trd, 4319116.293, 106
Trd, 4319116.943, 106
Trd, 4319117.793, 134
Trd, 4319118.593, 122
Trd, 4319119.093, 89
Trd, 4319122.093, 110
Trd, 4319122.393, 87
Trd, 4319123.093, 112
Trd, 4319123.593, 95
Trd, 4319124.393, 87
Trd, 4319125.193, 112
Trd, 4319125.493, 129
Trd, 4319126.443, 108
Trd, 4319127.143, 101
Trd, 4319128.143, 104
Trd, 4319128.843, 106
Trd, 4319130.093, 101
Trd, 4319130.593, 88
Trd, 4319130.743, 96
Trd, 4319130.843, 82
Trd, 4319132.193, 111
Trd, 4319133.293, 101
Trd, 4319134.543, 96
Trd, 4319134.843, 82
Trd, 4319135.893, 136
Trd, 4319136.193, 122
Trd, 4319137.043, 122
Trd, 4319137.143, 111
Trd, 4319137.443, 94
Trd, 4319138.493, 92
Trd, 4319138.843, 114
Trd, 4319139.393, 119
Trd, 4319141.943, 138
Trd, 4319142.493, 121
Trd, 4319142.743, 120
Trd, 4319144.043, 111
Trd, 4319144.793, 102
Trd, 4319145.943, 80
Trd, 4319146.543, 133
Trd, 4319147.893, 89
Trd, 4319148.393, 94
Trd, 4319148.493, 86
Trd, 4319149.593, 97
Trd, 4319149.693, 90
Trd, 4319150.243, 120
Trd, 4319151.043, 107
Trd, 4319151.543, 73
Trd, 4319152.293, 113
Trd, 4319153.393, 123
Trd, 4319153.593, 116
Trd, 4319156.193, 126
Trd, 4319156.393, 103
Trd, 4319158.193, 118
Trd, 4319158.293, 111
Trd, 4319158.993, 105
Trd, 4319159.093, 101
Trd, 4319160.143, 123
Trd, 4319160.993, 104
Trd, 4319161.593, 117
Trd, 4319162.493, 115
Trd, 4319163.043, 106
Trd, 4319163.143, 106
Trd, 4319164.693, 111
Trd, 4319164.893, 97
Trd, 4319165.443, 111
Trd, 4319165.693, 91
Trd, 4319166.993, 130
Trd, 4319167.593, 114
Trd, 4319168.793, 109
Trd, 4319169.293, 113
Trd, 4319170.143, 102
Trd, 4319170.343, 92
Trd, 4319170.793, 91
Trd, 4319172.643, 104
Trd, 4319173.443, 110
Trd, 4319173.843, 97
Trd, 4319175.043, 119
Trd, 4319175.343, 88
Trd, 4319176.543, 100
Trd, 4319177.093, 127
Trd, 4319178.293, 105
Trd, 4319178.943, 97
Trd, 4319180.343, 138
Trd, 4319180.543, 121
Trd, 4319181.343, 110
Trd, 4319181.893, 94
Trd, 4319181.993, 84
Trd, 4319184.293, 116
Trd, 4319185.493, 125
Trd, 4319186.393, 112
Trd, 4319187.993, 120
Trd, 4319188.793, 111
Trd, 4319189.443, 102
Trd, 4319191.393, 127
Trd, 4319191.643, 117
Trd, 4319191.943, 113
Trd, 4319192.393, 104
Trd, 4319192.543, 103
Trd, 4319193.993, 103
Trd, 4319194.093, 134
Trd, 4319195.293, 73
Trd, 4319196.343, 103
Trd, 4319196.543, 95
Trd, 4319197.093, 120
Trd, 4319197.693, 95
Trd, 4319197.893, 86
Trd, 4319199.493, 103
Trd, 4319200.793, 102
Trd, 4319201.043, 121
Trd, 4319201.193, 91
Trd, 4319202.243, 98
Trd, 4319202.343, 82
Trd, 4319203.343, 135
Trd, 4319205.093, 131
Trd, 4319205.143, 120
Trd, 4319205.243, 117
Trd, 4319205.443, 108
Trd, 4319205.893, 82
Trd, 4319206.443, 72
Trd, 4319207.243, 83
Trd, 4319208.593, 100
Trd, 4319209.393, 127
Trd, 4319209.893, 115
Trd, 4319210.343, 95
Trd, 4319210.443, 89
Trd, 4319212.993, 85
Trd, 4319215.293, 103
Trd, 4319215.393, 90
Trd, 4319215.993, 113
Trd, 4319216.393, 104
Trd, 4319216.843, 84
Trd, 4319217.843, 118
Trd, 4319218.993, 97
Trd, 4319219.093, 95
Trd, 4319219.543, 89
Trd, 4319220.493, 83
Trd, 4319221.343, 93
Trd, 4319222.343, 72
Trd, 4319223.243, 85
Trd, 4319223.643, 83
Trd, 4319225.343, 92
Trd, 4319226.443, 103
Trd, 4319226.893, 108
Trd, 4319227.643, 92
Trd, 4319228.293, 93
Trd, 4319228.343, 82
Trd, 4319229.643, 100
Trd, 4319229.793, 63
Trd, 4319229.893, 73
Trd, 4319232.093, 86
Trd, 4319233.043, 89
Trd, 4319233.843, 102
Trd, 4319234.243, 94
Trd, 4319235.193, 94
Trd, 4319235.843, 111
Trd, 4319236.593, 102
Trd, 4319236.993, 100
Trd, 4319237.143, 98
Trd, 4319238.093, 105
Trd, 4319239.543, 111
Trd, 4319239.943, 104
Trd, 4319240.293, 96
Trd, 4319241.893, 63
Trd, 4319242.243, 111
Trd, 4319243.493, 79
Trd, 4319243.893, 89
Trd, 4319245.193, 106
Trd, 4319245.693, 138
Trd, 4319246.693, 104
Trd, 4319247.543, 82
Trd, 4319248.343, 72
Trd, 4319249.093, 77
Trd, 4319249.443, 90
Trd, 4319250.493, 100
Trd, 4319250.643, 69
Trd, 4319251.643, 107
Trd, 4319252.193, 124
Trd, 4319252.593, 93
Trd, 4319254.543, 105
Trd, 4319256.243, 113
Trd, 4319257.043, 127
Trd, 4319257.343, 117
Trd, 4319258.293, 140
Trd, 4319259.043, 96
Trd, 4319259.093, 125
Trd, 4319259.743, 88
Trd, 4319259.993, 86
Trd, 4319264.293, 105
Trd, 4319264.693, 133
Trd, 4319264.943, 110
Trd, 4319265.693, 126
Trd, 4319267.293, 96
Trd, 4319267.643, 92
Trd, 4319268.343, 83
Trd, 4319269.043, 116
Trd, 4319269.493, 78
Trd, 4319270.443, 89
Trd, 4319271.493, 115
Trd, 4319273.093, 109
Trd, 4319273.143, 103
Trd, 4319273.643, 103
Trd, 4319274.293, 125
Trd, 4319275.843, 115
Trd, 4319275.893, 113
Trd, 4319276.993, 130
Trd, 4319278.343, 134
Trd, 4319278.593, 121
Trd, 4319279.843, 123
Trd, 4319280.493, 108
Trd, 4319280.693, 100
Trd, 4319280.993, 98
Trd, 4319281.743, 130
Trd, 4319282.393, 97
Trd, 4319283.493, 118
Trd, 4319283.743, 94
Trd, 4319283.893, 81
Trd, 4319283.993, 123
Trd, 4319286.093, 114
Trd, 4319286.193, 129
Trd, 4319288.293, 113
Trd, 4319288.443, 108
Trd, 4319289.043, 124
Trd, 4319289.193, 109
Trd, 4319289.243, 107
Trd, 4319289.793, 96
Trd, 4319291.043, 114
Trd, 4319291.993, 85
Trd, 4319293.643, 91
Trd, 4319293.993, 91
Trd, 4319295.443, 131
Trd, 4319295.543, 86
Trd, 4319296.243, 78
Trd, 4319296.943, 139
Trd, 4319297.243, 119
Trd, 4319298.393, 111
Trd, 4319298.643, 102
Trd, 4319300.143, 115
Trd, 4319300.493, 100
Trd, 4319300.743, 101
Trd, 4319300.893, 100
Trd, 4319302.893, 127
Trd, 4319303.293, 119
Trd, 4319303.993, 101
Trd, 4319304.493, 132
Trd, 4319305.293, 113
Trd, 4319306.043, 122
Trd, 4319307.743, 91
Trd, 4319308.093, 100
Trd, 4319308.243, 81
Trd, 4319310.393, 126
Trd, 4319310.643, 96
Trd, 4319311.093, 88
Trd, 4319311.243, 83
Trd, 4319311.743, 96
Trd, 4319312.493, 110
Trd, 4319313.043, 101
Trd, 4319313.543, 103
Trd, 4319313.793, 85
Trd, 4319314.593, 134
Trd, 4319315.343, 66
Trd, 4319319.093, 119
Trd, 4319319.893, 111
Trd, 4319321.143, 113
Trd, 4319321.393, 111
Trd, 4319322.743, 89
Trd, 4319323.043, 77
Trd, 4319324.143, 118
Trd, 4319324.643, 87
Trd, 4319325.243, 106
Trd, 4319326.043, 99
Trd, 4319326.093, 87
Trd, 4319326.593, 109
Trd, 4319327.643, 106
Trd, 4319328.443, 102
Trd, 4319328.643, 139
Trd, 4319329.343, 97
Trd, 4319329.443, 96
Trd, 4319330.893, 102
Trd, 4319331.793, 96
Trd, 4319332.443, 94
Trd, 4319332.593, 92
Trd, 4319333.993, 125
Trd, 4319335.193, 125
Trd, 4319335.993, 111
Trd, 4319336.193, 114
Trd, 4319337.193, 107
Trd, 4319339.393, 126
Trd, 4319339.793, 131
Trd, 4319340.943, 92
Trd, 4319341.493, 140
Trd, 4319341.843, 104
Trd, 4319344.193, 95
Trd, 4319344.693, 82
Trd, 4319345.443, 102
Trd, 4319346.593, 120
Trd, 4319346.693, 107
Trd, 4319346.743, 107
Trd, 4319347.443, 105
Trd, 4319349.443, 81
Trd, 4319349.693, 102
Trd, 4319350.443, 87
Trd, 4319351.243, 98
Trd, 4319351.393, 96
Trd, 4319352.393, 109
Trd, 4319353.243, 90
Trd, 4319353.443, 129
Trd, 4319355.043, 106
Trd, 4319355.493, 95
Trd, 4319355.643, 109
Trd, 4319356.593, 106
Trd, 4319356.793, 95
Trd, 4319357.143, 78
Trd, 4319358.293, 86
Trd, 4319359.893, 94
Trd, 4319360.993, 108
Trd, 4319361.243, 105
Trd, 4319361.693, 127
Trd, 4319363.193, 133
Trd, 4319364.093, 121
Trd, 4319365.293, 92
Trd, 4319365.743, 110
Trd, 4319366.443, 130
Trd, 4319367.193, 115
Trd, 4319367.843, 110
Trd, 4319369.593, 118
Trd, 4319369.993, 124
Trd, 4319370.293, 108
Trd, 4319371.393, 140
Trd, 4319371.643, 121
Trd, 4319372.093, 107
Trd, 4319372.493, 99
Trd, 4319373.843, 95
Trd, 4319374.643, 84
Trd, 4319375.743, 104
Trd, 4319376.593, 64
Trd, 4319377.093, 62
Trd, 4319377.593, 75
Trd, 4319378.843, 92
Trd, 4319379.093, 123
Trd, 4319380.093, 91
Trd, 4319380.393, 90
Trd, 4319382.993, 136
Trd, 4319383.893, 126
Trd, 4319384.843, 107
Trd, 4319385.543, 89
Trd, 4319386.343, 86
Trd, 4319386.793, 83
Trd, 4319387.643, 105
Trd, 4319388.893, 129
Trd, 4319389.443, 124
Trd, 4319389.493, 120
Trd, 4319389.543, 113
Trd, 4319389.843, 99
Trd, 4319390.393, 107
Trd, 4319391.793, 126
Trd, 4319392.193, 82
Trd, 4319392.743, 115
Trd, 4319394.193, 106
Trd, 4319394.443, 127
Trd, 4319395.793, 90
Trd, 4319396.493, 83
Trd, 4319397.293, 111
Trd, 4319397.993, 108
Trd, 4319398.493, 122
Trd, 4319398.893, 107
Trd, 4319399.693, 106
Trd, 4319400.593, 84
Trd, 4319401.093, 103
Trd, 4319401.193, 76
Trd, 4319403.593, 112
Trd, 4319404.393, 88
Trd, 4319404.993, 131
Trd, 4319405.193, 119
Trd, 4319405.493, 116
Trd, 4319406.143, 105
Trd, 4319406.243, 84
Trd, 4319409.343, 113
Trd, 4319409.643, 107
Trd, 4319411.093, 133
Trd, 4319412.443, 91
Trd, 4319412.493, 83
Trd, 4319412.993, 86
Trd, 4319415.143, 91
Trd, 4319415.393, 109
Trd, 4319416.393, 100
Trd, 4319416.943, 81
Trd, 4319418.693, 134
Trd, 4319419.193, 97
Trd, 4319419.993, 89
Trd, 4319420.643, 102
Trd, 4319421.843, 92
Trd, 4319424.443, 124
Trd, 4319424.543, 117
Trd, 4319424.643, 112
Trd, 4319425.143, 137
Trd, 4319425.493, 122
Trd, 4319425.543, 115
Trd, 4319425.943, 118
Trd, 4319427.393, 118
Trd, 4319428.193, 127
Trd, 4319428.843, 106
Trd, 4319430.493, 122
Trd, 4319430.843, 115
Trd, 4319432.093, 109
Trd, 4319432.493, 98
Trd, 4319432.643, 97
Trd, 4319434.043, 104
Trd, 4319434.843, 110
Trd, 4319435.293, 102
Trd, 4319436.993, 125
Trd, 4319437.193, 107
Trd, 4319438.143, 96
Trd, 4319438.693, 128
Trd, 4319439.193, 115
Trd, 4319439.743, 123
Trd, 4319440.243, 101
Trd, 4319441.093, 90
Trd, 4319441.693, 75
Trd, 4319441.893, 76
Trd, 4319442.643, 99
Trd, 4319443.643, 89
Trd, 4319447.143, 105
Trd, 4319448.093, 86
Trd, 4319448.443, 114
Trd, 4319448.743, 109
Trd, 4319449.293, 129
Trd, 4319451.193, 88
Trd, 4319451.443, 84
Trd, 4319451.543, 102
Trd, 4319451.643, 128
Trd, 4319452.343, 75
Trd, 4319453.043, 75
Trd, 4319454.243, 76
Trd, 4319456.393, 117
Trd, 4319457.693, 88
Trd, 4319458.493, 104
Trd, 4319459.243, 65
Trd, 4319460.043, 61
Trd, 4319460.243, 67
Trd, 4319461.343, 62
Trd, 4319462.093, 66
Trd, 4319462.843, 68
Trd, 4319463.943, 85
Trd, 4319464.193, 120
Trd, 4319465.493, 104
Trd, 4319465.693, 83
Trd, 4319466.443, 110
Trd, 4319466.643, 72
Trd, 4319467.293, 134
Trd, 4319469.343, 135
Trd, 4319469.443, 123
Trd, 4319469.543, 117
Trd, 4319469.593, 108
Trd, 4319472.893, 136
Trd, 4319473.793, 108
Trd, 4319474.393, 124
Trd, 4319474.493, 102
Trd, 4319475.543, 125
Trd, 4319475.843, 131
Trd, 4319475.993, 122
Trd, 4319476.693, 93
Trd, 4319478.643, 119
Trd, 4319479.393, 119
Trd, 4319480.543, 112
Trd, 4319480.793, 123
Trd, 4319481.593, 100
Trd, 4319481.693, 98
Trd, 4319482.993, 98
Trd, 4319483.493, 110
Trd, 4319483.693, 130
Trd, 4319484.293, 106
Trd, 4319485.343, 89
Trd, 4319486.943, 121
Trd, 4319487.943, 104
Trd, 4319489.243, 113
Trd, 4319489.493, 108
Trd, 4319489.993, 97
Trd, 4319491.493, 89
Trd, 4319492.593, 95
Trd, 4319493.293, 88
Trd, 4319494.043, 81
Trd, 4319494.343, 98
Trd, 4319494.443, 77
Trd, 4319495.943, 101
Trd, 4319496.293, 74
Trd, 4319499.543, 76
Trd, 4319500.243, 99
Trd, 4319500.943, 90
Trd, 4319501.443, 128
Trd, 4319501.743, 93
Trd, 4319502.443, 94
Trd, 4319503.843, 93
Trd, 4319504.793, 64
Trd, 4319505.093, 61
Trd, 4319506.793, 87
Trd, 4319507.893, 108
Trd, 4319508.693, 110
Trd, 4319508.943, 106
Trd, 4319509.793, 97
Trd, 4319510.643, 103
Trd, 4319511.293, 90
Trd, 4319511.693, 83
Trd, 4319512.193, 129
Trd, 4319514.143, 96
Trd, 4319515.043, 128
Trd, 4319516.143, 119
Trd, 4319516.643, 126
Trd, 4319516.793, 109
Trd, 4319517.443, 95
Trd, 4319518.743, 116
Trd, 4319521.593, 82
Trd, 4319521.993, 89
Trd, 4319522.543, 76
Trd, 4319523.343, 103
Trd, 4319523.893, 124
Trd, 4319524.343, 117
Trd, 4319525.243, 70
Trd, 4319526.143, 85
Trd, 4319526.493, 63
Trd, 4319528.893, 125
Trd, 4319529.043, 114
Trd, 4319529.293, 121
Trd, 4319529.793, 127
Trd, 4319530.493, 125
Trd, 4319531.093, 132
Trd, 4319531.793, 111
Trd, 4319532.043, 106
Trd, 4319532.643, 113
Trd, 4319533.043, 139
Trd, 4319533.143, 93
Trd, 4319535.143, 98
Trd, 4319535.843, 118
Trd, 4319535.893, 109
Trd, 4319536.293, 115
Trd, 4319536.593, 105
Trd, 4319537.043, 92
Trd, 4319539.043, 124
Trd, 4319539.793, 100
Trd, 4319539.893, 118
Trd, 4319540.293, 70
Trd, 4319540.843, 78
Trd, 4319541.243, 126
Trd, 4319541.743, 98
Trd, 4319541.843, 97
Trd, 4319542.343, 102
Trd, 4319543.743, 98
Trd, 4319544.393, 98
Trd, 4319544.693, 86
Trd, 4319545.043, 129
Trd, 4319545.843, 74
Trd, 4319546.343, 82
Trd, 4319549.743, 97
Trd, 4319549.943, 101
Trd, 4319550.243, 75
Trd, 4319551.693, 100
Trd, 4319551.993, 89
Trd, 4319552.643, 111
Trd, 4319552.693, 76
Trd, 4319553.893, 86
Trd, 4319555.843, 95
Trd, 4319555.943, 100
Trd, 4319556.293, 93
Trd, 4319557.493, 88
Trd, 4319558.193, 119
Trd, 4319558.443, 129
Trd, 4319559.093, 114
Trd, 4319560.093, 76
Trd, 4319560.993, 99
Trd, 4319563.093, 128
Trd, 4319564.193, 105
Trd, 4319564.693, 119
Trd, 4319565.443, 115
Trd, 4319566.443, 96
Trd, 4319566.543, 91
Trd, 4319567.243, 117
Trd, 4319568.243, 61
Trd, 4319568.693, 64
Trd, 4319569.693, 106
Trd, 4319569.993, 84
Trd, 4319570.193, 76
Trd, 4319570.543, 97
Trd, 4319571.743, 68
Trd, 4319572.193, 69
Trd, 4319573.743, 118
Trd, 4319574.443, 104
Trd, 4319577.993, 138
Trd, 4319578.143, 124
Trd, 4319578.893, 115
Trd, 4319579.793, 134
Trd, 4319580.393, 87
Trd, 4319582.793, 84
Trd, 4319582.943, 70
Trd, 4319584.093, 80
Trd, 4319585.043, 125
Trd, 4319585.743, 106
Trd, 4319585.943, 106
Trd, 4319586.943, 138
Trd, 4319586.993, 111
Trd, 4319587.093, 90
Trd, 4319588.043, 92
Trd, 4319588.093, 74
Trd, 4319589.993, 71
Trd, 4319590.643, 70
Trd, 4319591.893, 128
Trd, 4319592.593, 125
Trd, 4319592.793, 113
Trd, 4319593.143, 94
Trd, 4319594.893, 90
Trd, 4319595.893, 90
Trd, 4319595.943, 94
Trd, 4319596.043, 95
Trd, 4319597.243, 132
Trd, 4319598.993, 126
Trd, 4319599.143, 115
Trd, 4319599.893, 77
Trd, 4319601.043, 89
Trd, 4319601.593, 136
Trd, 4319601.643, 106
Trd, 4319603.693, 90
Trd, 4319605.443, 103
Trd, 4319605.993, 103
Trd, 4319606.193, 112
Trd, 4319606.493, 94
Trd, 4319606.543, 118
Trd, 4319607.043, 96
Trd, 4319609.743, 102
Trd, 4319609.843, 91
Trd, 4319610.293, 108
Trd, 4319610.943, 104
Trd, 4319612.293, 121
Trd, 4319612.743, 103
Trd, 4319613.343, 125
Trd, 4319614.393, 116
Trd, 4319614.843, 110
Trd, 4319614.893, 102
Trd, 4319615.943, 94
Trd, 4319616.593, 107
Trd, 4319617.543, 120
Trd, 4319617.793, 116
Trd, 4319618.243, 116
Trd, 4319618.943, 139
Trd, 4319621.643, 123
Trd, 4319622.543, 117
Trd, 4319622.943, 124
Trd, 4319623.093, 114
Trd, 4319623.343, 116
Trd, 4319623.743, 100
Trd, 4319624.643, 74
Trd, 4319625.343, 131
Trd, 4319626.293, 100
Trd, 4319626.893, 131
Trd, 4319628.193, 128
Trd, 4319628.643, 116
Trd, 4319628.893, 109
Trd, 4319629.793, 94
Trd, 4319630.743, 81
Trd, 4319630.793, 78
Trd, 4319631.043, 95
Trd, 4319631.643, 88
Trd, 4319632.643, 83
Trd, 4319633.593, 116
Trd, 4319633.693, 110
Trd, 4319635.393, 109
Trd, 4319636.793, 104
Trd, 4319636.893, 96
Trd, 4319637.093, 95
Trd, 4319637.143, 93
Trd, 4319639.493, 104
Trd, 4319640.243, 107
Trd, 4319641.143, 110
Trd, 4319641.893, 122
Trd, 4319642.293, 111
Trd, 4319644.343, 102
Trd, 4319644.543, 96
Trd, 4319645.043, 110
Trd, 4319645.393, 97
Trd, 4319647.293, 123
Trd, 4319647.943, 110
Trd, 4319648.593, 97
Trd, 4319648.793, 96
Trd, 4319648.893, 95
Trd, 4319649.893, 89
Trd, 4319650.493, 84
Trd, 4319650.893, 115
Trd, 4319652.343, 79
Trd, 4319653.143, 132
Trd, 4319654.193, 64
Trd, 4319655.393, 130
Trd, 4319656.193, 131
Trd, 4319656.843, 108
Trd, 4319657.143, 102
Trd, 4319657.643, 119
Trd, 4319658.393, 70
Trd, 4319658.793, 102
Trd, 4319659.343, 136
Trd, 4319660.443, 63
Trd, 4319661.343, 137
Trd, 4319663.843, 126
Trd, 4319664.293, 116
Trd, 4319664.593, 115
Trd, 4319664.743, 110
Trd, 4319664.893, 111
Trd, 4319665.593, 105
Trd, 4319665.993, 129
Trd, 4319666.443, 94
Trd, 4319666.893, 137
Trd, 4319669.143, 98
Trd, 4319670.243, 100
Trd, 4319670.643, 102
Trd, 4319670.793, 96
Trd, 4319671.093, 103
Trd, 4319672.343, 134
Trd, 4319672.443, 135
Trd, 4319672.543, 119
Trd, 4319674.143, 88
Trd, 4319675.443, 83
Trd, 4319675.893, 67
Trd, 4319676.393, 103
Trd, 4319677.293, 62
Trd, 4319678.093, 119
Trd, 4319678.293, 107
Trd, 4319679.043, 98
Trd, 4319679.493, 89
Trd, 4319680.543, 128
Trd, 4319682.493, 99
Trd, 4319684.043, 95
Trd, 4319684.293, 91
Trd, 4319684.693, 139
Trd, 4319684.793, 125
Trd, 4319685.093, 131
Trd, 4319685.343, 104
Trd, 4319685.793, 126
Trd, 4319686.293, 122
Trd, 4319686.593, 98
Trd, 4319687.343, 79
Trd, 4319687.593, 78
Trd, 4319689.543, 88
Trd, 4319690.243, 101
Trd, 4319690.893, 108
Trd, 4319691.243, 97
Trd, 4319692.343, 130
Trd, 4319693.193, 128
Trd, 4319693.293, 116
Trd, 4319693.993, 108
Trd, 4319697.093, 125
Trd, 4319697.943, 112
Trd, 4319698.393, 122
Trd, 4319699.243, 103
Trd, 4319699.893, 118
Trd, 4319699.943, 111
Trd, 4319700.343, 76
Trd, 4319701.893, 92
Trd, 4319702.593, 108
Trd, 4319704.593, 100
Trd, 4319704.793, 97
Trd, 4319705.193, 88
Trd, 4319705.593, 130
Trd, 4319707.093, 63
Trd, 4319707.793, 104
Trd, 4319708.343, 108
Trd, 4319708.943, 139
Trd, 4319708.993, 84
Trd, 4319709.143, 123
Trd, 4319709.193, 72
Trd, 4319709.943, 99
Trd, 4319710.943, 70
Trd, 4319711.593, 60
Trd, 4319712.893, 83
Trd, 4319712.993, 66
Trd, 4319713.943, 106
Trd, 4319714.493, 116
Trd, 4319714.943, 80
Trd, 4319718.193, 114
Trd, 4319718.243, 114
Trd, 4319718.343, 107
Trd, 4319719.143, 103
Trd, 4319719.943, 113
Trd, 4319720.293, 132
Trd, 4319722.443, 117
Trd, 4319722.943, 93
Trd, 4319723.493, 124
Trd, 4319723.893, 123
Trd, 4319724.093, 85
Trd, 4319725.993, 140
Trd, 4319726.293, 126
Trd, 4319726.443, 113
Trd, 4319727.743, 67
Trd, 4319728.343, 73
Trd, 4319729.543, 76
Trd, 4319731.643, 79
Trd, 4319733.193, 86
Trd, 4319733.343, 110
Trd, 4319733.443, 83
Trd, 4319734.943, 98
Trd, 4319735.543, 94
Trd, 4319735.893, 124
Trd, 4319736.243, 83
Trd, 4319736.843, 106
Trd, 4319738.693, 70
Trd, 4319738.993, 85
Trd, 4319740.143, 111
Trd, 4319741.593, 96
Trd, 4319742.093, 130
Trd, 4319743.393, 100
Trd, 4319743.543, 130
Trd, 4319744.993, 81
Trd, 4319745.893, 102
Trd, 4319747.793, 77
Trd, 4319749.243, 106
Trd, 4319749.643, 99
Trd, 4319750.593, 110
Trd, 4319750.743, 117
Trd, 4319750.793, 110
Trd, 4319751.393, 104
Trd, 4319752.743, 101
Trd, 4319753.393, 104
Trd, 4319754.993, 103
Trd, 4319755.193, 98
Trd, 4319755.643, 135
Trd, 4319755.693, 97
Trd, 4319756.193, 90
Trd, 4319756.643, 92
Trd, 4319757.143, 103
Trd, 4319757.493, 75
Trd, 4319758.243, 98
Trd, 4319758.693, 71
Trd, 4319759.643, 65
Trd, 4319760.643, 84
Trd, 4319760.843, 90
Trd, 4319762.093, 88
Trd, 4319762.243, 94
Trd, 4319763.743, 77
Trd, 4319764.443, 86
Trd, 4319765.443, 86
Trd, 4319766.543, 134
Trd, 4319767.293, 110
Trd, 4319767.893, 93
Trd, 4319767.943, 80
Trd, 4319769.193, 89
Trd, 4319769.693, 113
Trd, 4319770.693, 88
Trd, 4319770.893, 104
Trd, 4319771.893, 64
Trd, 4319772.693, 116
Trd, 4319775.193, 140
Trd, 4319775.443, 122
Trd, 4319776.793, 119
Trd, 4319777.193, 108
Trd, 4319777.493, 104
Trd, 4319778.593, 94
Trd, 4319778.843, 88
Trd, 4319778.893, 86
Trd, 4319780.143, 135
Trd, 4319781.343, 112
Trd, 4319781.743, 107
Trd, 4319782.593, 78
Trd, 4319783.093, 75
Trd, 4319784.343, 76
Trd, 4319784.593, 94
Trd, 4319785.193, 134
Trd, 4319785.393, 126
Trd, 4319786.993, 135
Trd, 4319787.143, 132
Trd, 4319787.193, 129
Trd, 4319788.443, 129
Trd, 4319788.993, 118
Trd, 4319789.243, 114
Trd, 4319791.293, 111
Trd, 4319791.393, 102
Trd, 4319792.093, 61
Trd, 4319793.193, 110
Trd, 4319793.343, 92
Trd, 4319793.543, 121
Trd, 4319794.693, 116
Trd, 4319794.993, 131
Trd, 4319796.443, 110
Trd, 4319797.143, 136
Trd, 4319797.293, 107
Trd, 4319797.343, 104
Trd, 4319797.743, 96
Trd, 4319797.793, 75
Trd, 4319800.893, 122
Trd, 4319801.043, 91
Trd, 4319801.393, 73
Trd, 4319804.193, 76
Trd, 4319805.193, 100
Trd, 4319805.693, 121
Trd, 4319806.343, 73
Trd, 4319806.643, 79
Trd, 4319808.543, 68
Trd, 4319809.043, 136
Trd, 4319809.643, 73
Trd, 4319810.643, 81
Trd, 4319811.243, 104
Trd, 4319811.393, 92
Trd, 4319813.193, 129
Trd, 4319813.543, 122
Trd, 4319814.143, 126
Trd, 4319814.543, 101
Trd, 4319815.093, 109
Trd, 4319815.143, 102
Trd, 4319815.593, 91
Trd, 4319816.993, 103
Trd, 4319817.443, 112
Trd, 4319817.593, 97
Trd, 4319819.243, 123
Trd, 4319819.693, 115
Trd, 4319820.193, 117
Trd, 4319821.493, 134
Trd, 4319821.543, 130
Trd, 4319821.943, 100
Trd, 4319823.693, 98
Trd, 4319823.993, 123
Trd, 4319826.843, 95
Trd, 4319827.543, 87
Trd, 4319827.643, 83
Trd, 4319828.043, 106
Trd, 4319828.893, 87
Trd, 4319830.893, 105
Trd, 4319831.393, 92
Trd, 4319831.743, 95
Trd, 4319832.093, 107
Trd, 4319832.693, 94
Trd, 4319832.843, 83
Trd, 4319834.943, 120
Trd, 4319835.193, 137
Trd, 4319835.343, 118
Trd, 4319837.043, 109
Trd, 4319837.493, 106
Trd, 4319838.193, 97
Trd, 4319840.043, 89
Trd, 4319840.943, 94
Trd, 4319843.043, 112
Trd, 4319843.243, 104
Trd, 4319843.643, 103
Trd, 4319845.093, 107
Trd, 4319845.843, 131
Trd, 4319846.143, 106
Trd, 4319846.943, 104
Trd, 4319847.393, 89
Trd, 4319848.643, 127
Trd, 4319850.093, 117
Trd, 4319850.593, 106
Trd, 4319851.343, 97
Trd, 4319851.693, 114
Trd, 4319853.143, 128
Trd, 4319853.443, 85
Trd, 4319854.643, 73
Trd, 4319855.043, 63
Trd, 4319855.543, 133
Trd, 4319856.943, 85
Trd, 4319857.943, 105
Trd, 4319859.093, 73
Trd, 4319859.843, 73
Trd, 4319860.743, 90
Trd, 4319861.293, 81
Trd, 4319861.493, 91
Trd, 4319861.643, 82
Trd, 4319862.143, 75
Trd, 4319862.793, 117
Trd, 4319863.093, 86
Trd, 4319863.993, 62
Trd, 4319864.243, 76
Trd, 4319865.493, 118
Trd, 4319866.343, 114
Trd, 4319867.643, 78
Trd, 4319869.393, 87
Trd, 4319869.543, 84
Trd, 4319869.593, 75
Trd, 4319872.143, 103
Trd, 4319872.493, 121
Trd, 4319873.293, 97
Trd, 4319873.543, 84
Trd, 4319874.093, 78
Trd, 4319876.743, 140
Trd, 4319876.843, 115
Trd, 4319877.043, 102
Trd, 4319877.993, 119
Trd, 4319878.393, 87
Trd, 4319878.793, 78
Trd, 4319881.093, 70
Trd, 4319882.093, 77
Trd, 4319882.893, 109
Trd, 4319883.343, 104
Trd, 4319883.543, 91
Trd, 4319885.593, 92
Trd, 4319885.943, 85
Trd, 4319886.593, 130
Trd, 4319887.043, 113
Trd, 4319888.943, 130
Trd, 4319889.593, 87
Trd, 4319890.643, 80
Trd, 4319891.143, 72
Trd, 4319891.693, 122
Trd, 4319893.043, 123
Trd, 4319893.293, 117
Trd, 4319894.693, 111
Trd, 4319895.793, 107
Trd, 4319896.293, 120
Trd, 4319896.943, 92
Trd, 4319898.393, 106
Trd, 4319898.493, 106
Trd, 4319898.843, 104
Trd, 4319899.143, 89
Trd, 4319899.993, 117
Trd, 4319900.293, 83
Trd, 4319901.643, 109
Trd, 4319902.143, 80
Trd, 4319904.043, 92
Trd, 4319905.043, 113
Trd, 4319905.693, 106
Trd, 4319905.843, 122
Trd, 4319906.493, 100
Trd, 4319908.643, 130
Trd, 4319909.593, 103
Trd, 4319909.693, 99
Trd, 4319910.293, 99
Trd, 4319910.393, 91
Trd, 4319911.393, 85
Trd, 4319912.393, 121
Trd, 4319913.243, 126
Trd, 4319913.893, 112
Trd, 4319914.043, 118
Trd, 4319914.893, 118
Trd, 4319915.393, 116
Trd, 4319917.343, 100
Trd, 4319918.293, 125
Trd, 4319918.693, 133
Trd, 4319919.193, 110
Trd, 4319919.393, 127
Trd, 4319920.843, 108
Trd, 4319921.693, 115
Trd, 4319922.493, 134
Trd, 4319922.693, 101
Trd, 4319924.543, 115
Trd, 4319924.743, 118
Trd, 4319925.243, 97
Trd, 4319926.193, 131
Trd, 4319926.943, 128
Trd, 4319926.993, 122
Trd, 4319928.193, 128
Trd, 4319928.693, 103
Trd, 4319928.993, 99
Trd, 4319929.593, 135
Trd, 4319930.293, 127
Trd, 4319930.343, 89
Trd, 4319931.193, 81
Trd, 4319932.793, 92
Trd, 4319932.943, 86
Trd, 4319934.443, 130
Trd, 4319934.593, 118
Trd, 4319935.193, 111
Trd, 4319936.043, 121
Trd, 4319936.343, 129
Trd, 4319937.643, 124
Trd, 4319938.643, 116
Trd, 4319939.593, 133
Trd, 4319939.643, 106
Trd, 4319940.793, 122
Trd, 4319941.043, 96
Trd, 4319941.393, 85
Trd, 4319941.643, 93
Trd, 4319942.843, 107
Trd, 4319944.643, 103
Trd, 4319945.943, 100
Trd, 4319948.193, 124
Trd, 4319948.693, 111
Trd, 4319948.993, 103
Trd, 4319949.243, 92
Trd, 4319952.193, 110
Trd, 4319953.243, 114
Trd, 4319954.693, 117
Trd, 4319954.843, 90
Trd, 4319955.793, 96
Trd, 4319955.843, 91
Trd, 4319955.993, 88
Trd, 4319956.443, 99
Trd, 4319957.293, 135
Trd, 4319957.943, 124
Trd, 4319958.693, 99
Trd, 4319959.393, 123
Trd, 4319960.793, 111
Trd, 4319961.143, 100
Trd, 4319963.693, 84
Trd, 4319963.743, 83
Trd, 4319963.843, 93
Trd, 4319964.093, 106
Trd, 4319965.843, 93
Trd, 4319966.543, 98
Trd, 4319966.993, 114
Trd, 4319967.693, 88
Trd, 4319968.443, 119
Trd, 4319969.593, 108
Trd, 4319969.743, 100
Trd, 4319969.943, 96
Trd, 4319972.043, 81
Trd, 4319973.193, 137
Trd, 4319974.743, 124
Trd, 4319975.843, 135
Trd, 4319975.943, 121
Trd, 4319976.093, 106
Trd, 4319976.593, 107
Trd, 4319978.043, 126
Trd, 4319978.493, 123
Trd, 4319979.193, 132
Trd, 4319980.743, 120
Trd, 4319981.693, 110
Trd, 4319983.943, 115
Trd, 4319983.993, 110
Trd, 4319984.693, 107
Trd, 4319984.793, 100
Trd, 4319985.193, 134
Trd, 4319986.793, 127
Trd, 4319987.393, 98
Trd, 4319988.043, 122
Trd, 4319988.743, 110
Trd, 4319989.393, 73
Trd, 4319990.243, 73
Trd, 4319991.593, 62
Trd, 4319992.543, 65
Trd, 4319993.093, 82
Trd, 4319994.243, 99
Trd, 4319994.893, 97
Trd, 4319996.293, 107
Trd, 4319996.843, 95
Trd, 4319997.043, 87
Trd, 4319997.893, 78
Trd, 4319998.543, 100
Trd, 4319998.643, 89
