Trd, 4318111.343, 60
Trd, 4318111.593, 61
Trd, 4318112.343, 60
Trd, 4318113.243, 61
Trd, 4318114.243, 67
Trd, 4318114.493, 62
Trd, 4318115.343, 61
Trd, 4318115.693, 62
Trd, 4318117.243, 76
Trd, 4318117.293, 66
Trd, 4318117.893, 70
Trd, 4318118.243, 136
Trd, 4318119.343, 68
Trd, 4318119.593, 60
Trd, 4318119.943, 77
Trd, 4318121.443, 60
Trd, 4318122.143, 60
Trd, 4318122.893, 62
Trd, 4318123.543, 62
Trd, 4318124.043, 140
Trd, 4318125.093, 73
Trd, 4318125.143, 124
Trd, 4318125.543, 74
Trd, 4318126.843, 140
Trd, 4318127.993, 140
Trd, 4318128.343, 140
Trd, 4318128.943, 140
Trd, 4318129.343, 140
Trd, 4318131.043, 140
Trd, 4318131.093, 140
Trd, 4318131.393, 140
Trd, 4318134.043, 140
Trd, 4318134.143, 140
Trd, 4318134.243, 140
Trd, 4318134.293, 140
Trd, 4318134.493, 140
Trd, 4318134.843, 140
Trd, 4318136.043, 140
Trd, 4318137.493, 140
Trd, 4318137.643, 140
Trd, 4318137.993, 140
Trd, 4318138.193, 140
Trd, 4318138.943, 139
Trd, 4318140.093, 139
Trd, 4318140.343, 138
Trd, 4318140.643, 138
Trd, 4318143.443, 140
Trd, 4318143.743, 140
Trd, 4318144.143, 140
Trd, 4318144.243, 139
Trd, 4318145.343, 140
Trd, 4318145.593, 140
Trd, 4318147.093, 138
Trd, 4318147.843, 140
Trd, 4318148.743, 140
Trd, 4318149.543, 140
Trd, 4318150.343, 140
Trd, 4318151.393, 140
Trd, 4318151.793, 140
Trd, 4318152.643, 140
Trd, 4318153.193, 140
Trd, 4318153.743, 140
Trd, 4318153.993, 140
Trd, 4318154.443, 140
Trd, 4318155.693, 140
Trd, 4318156.143, 140
Trd, 4318156.293, 140
Trd, 4318156.843, 140
Trd, 4318157.093, 140
Trd, 4318158.843, 140
Trd, 4318159.393, 140
Trd, 4318159.893, 140
Trd, 4318160.693, 138
Trd, 4318161.593, 140
Trd, 4318163.593, 140
Trd, 4318163.993, 140
Trd, 4318164.043, 140
Trd, 4318164.443, 140
Trd, 4318165.093, 140
Trd, 4318165.743, 140
Trd, 4318167.093, 140
Trd, 4318167.793, 140
Trd, 4318168.093, 140
Trd, 4318168.293, 139
Trd, 4318169.143, 140
Trd, 4318169.193, 140
Trd, 4318170.193, 138
Trd, 4318170.793, 138
Trd, 4318171.393, 137
Trd, 4318171.443, 102
Trd, 4318171.743, 140
Trd, 4318172.343, 140
Trd, 4318173.393, 140
Trd, 4318173.693, 139
Trd, 4318176.143, 67
Trd, 4318176.643, 140
Trd, 4318177.893, 140
Trd, 4318177.993, 140
Trd, 4318178.143, 140
Trd, 4318178.493, 140
Trd, 4318179.543, 140
Trd, 4318179.743, 139
Trd, 4318180.743, 140
Trd, 4318181.543, 140
Trd, 4318182.043, 139
Trd, 4318183.343, 61
Trd, 4318185.393, 61
Trd, 4318185.443, 60
Trd, 4318186.043, 60
Trd, 4318186.193, 61
Trd, 4318187.343, 140
Trd, 4318187.593, 140
Trd, 4318187.643, 140
Trd, 4318189.043, 140
Trd, 4318189.393, 140
Trd, 4318189.643, 140
Trd, 4318191.743, 140
Trd, 4318192.443, 140
Trd, 4318193.243, 140
Trd, 4318193.993, 140
Trd, 4318194.093, 140
Trd, 4318194.993, 140
Trd, 4318195.193, 140
Trd, 4318196.743, 140
Trd, 4318197.293, 140
Trd, 4318197.343, 140
Trd, 4318197.743, 140
Trd, 4318199.293, 140
Trd, 4318199.343, 140
Trd, 4318200.843, 140
Trd, 4318201.293, 140
Trd, 4318201.893, 140
Trd, 4318202.643, 140
Trd, 4318203.043, 140
Trd, 4318203.243, 140
Trd, 4318203.743, 140
Trd, 4318204.393, 140
Trd, 4318204.593, 140
Trd, 4318206.443, 140
Trd, 4318206.493, 140
Trd, 4318207.293, 140
Trd, 4318207.393, 140
Trd, 4318207.743, 140
Trd, 4318207.843, 110
Trd, 4318209.443, 137
Trd, 4318209.543, 72
Trd, 4318211.193, 140
Trd, 4318211.843, 140
Trd, 4318211.993, 139
Trd, 4318212.493, 139
Trd, 4318212.793, 140
Trd, 4318214.393, 140
Trd, 4318215.643, 140
Trd, 4318216.493, 140
Trd, 4318217.493, 140
Trd, 4318219.093, 140
Trd, 4318219.293, 140
Trd, 4318219.643, 140
Trd, 4318220.293, 140
Trd, 4318220.843, 140
Trd, 4318221.243, 140
Trd, 4318222.193, 140
Trd, 4318223.243, 140
Trd, 4318224.043, 140
Trd, 4318225.393, 140
Trd, 4318226.893, 140
Trd, 4318227.543, 140
Trd, 4318227.943, 140
Trd, 4318229.693, 140
Trd, 4318229.793, 140
Trd, 4318231.293, 140
Trd, 4318231.893, 140
Trd, 4318233.743, 140
Trd, 4318234.193, 140
Trd, 4318234.943, 140
Trd, 4318235.143, 140
Trd, 4318235.393, 140
Trd, 4318235.493, 140
Trd, 4318236.593, 140
Trd, 4318237.243, 140
Trd, 4318237.843, 140
Trd, 4318238.043, 140
Trd, 4318239.643, 140
Trd, 4318240.693, 140
Trd, 4318241.493, 140
Trd, 4318243.143, 140
Trd, 4318243.293, 140
Trd, 4318243.743, 140
Trd, 4318244.943, 140
Trd, 4318245.143, 140
Trd, 4318245.443, 140
Trd, 4318246.093, 140
Trd, 4318246.943, 140
Trd, 4318247.243, 140
Trd, 4318247.493, 140
Trd, 4318248.843, 139
Trd, 4318248.993, 123
Trd, 4318249.193, 121
Trd, 4318251.843, 60
Trd, 4318254.143, 60
Trd, 4318255.443, 61
Trd, 4318255.943, 64
Trd, 4318255.993, 63
Trd, 4318256.143, 63
Trd, 4318256.243, 72
Trd, 4318256.493, 138
Trd, 4318257.343, 140
Trd, 4318258.143, 140
Trd, 4318258.543, 140
Trd, 4318259.593, 139
Trd, 4318259.793, 138
Trd, 4318260.793, 140
Trd, 4318260.943, 140
Trd, 4318261.593, 140
Trd, 4318262.393, 140
Trd, 4318262.543, 140
Trd, 4318263.093, 118
Trd, 4318265.393, 140
Trd, 4318265.643, 140
Trd, 4318266.843, 140
Trd, 4318267.543, 140
Trd, 4318267.993, 140
Trd, 4318271.093, 140
Trd, 4318271.943, 140
Trd, 4318271.993, 140
Trd, 4318272.093, 140
Trd, 4318272.793, 140
Trd, 4318272.893, 140
Trd, 4318273.493, 140
Trd, 4318274.193, 140
Trd, 4318274.993, 140
Trd, 4318275.643, 140
Trd, 4318275.993, 140
Trd, 4318276.993, 140
Trd, 4318278.993, 140
Trd, 4318279.993, 140
Trd, 4318280.643, 140
Trd, 4318281.543, 140
Trd, 4318281.793, 140
Trd, 4318282.193, 140
Trd, 4318282.493, 140
Trd, 4318282.693, 139
Trd, 4318283.543, 140
Trd, 4318283.693, 137
Trd, 4318284.293, 136
Trd, 4318285.093, 139
Trd, 4318286.793, 107
Trd, 4318286.943, 106
Trd, 4318287.743, 106
Trd, 4318290.643, 140
Trd, 4318291.643, 140
Trd, 4318291.693, 140
Trd, 4318291.943, 140
Trd, 4318292.093, 140
Trd, 4318292.343, 140
Trd, 4318292.643, 140
Trd, 4318292.793, 140
Trd, 4318293.543, 97
Trd, 4318295.043, 140
Trd, 4318295.243, 140
Trd, 4318295.293, 139
Trd, 4318295.393, 139
Trd, 4318295.943, 138
Trd, 4318297.693, 133
Trd, 4318298.043, 88
Trd, 4318298.293, 84
Trd, 4318299.343, 62
Trd, 4318299.643, 76
Trd, 4318300.643, 97
Trd, 4318302.593, 61
Trd, 4318302.643, 61
Trd, 4318304.193, 60
Trd, 4318304.443, 63
Trd, 4318306.293, 65
Trd, 4318306.493, 67
Trd, 4318307.043, 140
Trd, 4318307.093, 139
Trd, 4318308.443, 112
Trd, 4318308.593, 111
Trd, 4318309.643, 140
Trd, 4318311.293, 140
Trd, 4318311.693, 140
Trd, 4318311.793, 140
Trd, 4318312.593, 140
Trd, 4318313.543, 140
Trd, 4318313.793, 140
Trd, 4318314.643, 109
Trd, 4318314.893, 108
Trd, 4318317.293, 140
Trd, 4318317.543, 140
Trd, 4318317.643, 140
Trd, 4318317.943, 139
Trd, 4318318.093, 104
Trd, 4318318.943, 140
Trd, 4318319.593, 139
Trd, 4318321.293, 140
Trd, 4318321.443, 140
Trd, 4318321.493, 140
Trd, 4318323.593, 140
Trd, 4318324.293, 140
Trd, 4318324.843, 140
Trd, 4318325.193, 140
Trd, 4318326.093, 140
Trd, 4318327.143, 140
Trd, 4318327.543, 140
Trd, 4318327.943, 140
Trd, 4318328.443, 140
Trd, 4318330.493, 140
Trd, 4318330.543, 140
Trd, 4318330.643, 140
Trd, 4318331.293, 138
Trd, 4318331.393, 105
Trd, 4318332.393, 140
Trd, 4318336.293, 60
Trd, 4318336.793, 60
Trd, 4318337.293, 64
Trd, 4318338.293, 64
Trd, 4318338.593, 64
Trd, 4318338.643, 66
Trd, 4318339.643, 75
Trd, 4318340.093, 78
Trd, 4318340.243, 76
Trd, 4318340.943, 91
Trd, 4318341.193, 92
Trd, 4318343.293, 140
Trd, 4318343.743, 140
Trd, 4318344.243, 140
Trd, 4318344.543, 140
Trd, 4318345.393, 140
Trd, 4318347.493, 140
Trd, 4318347.743, 140
Trd, 4318347.843, 140
Trd, 4318348.043, 140
Trd, 4318348.293, 139
Trd, 4318349.743, 140
Trd, 4318351.043, 140
Trd, 4318352.093, 140
Trd, 4318352.443, 140
Trd, 4318353.443, 140
Trd, 4318354.793, 140
Trd, 4318354.893, 140
Trd, 4318355.993, 140
Trd, 4318357.293, 140
Trd, 4318357.943, 140
Trd, 4318358.293, 140
Trd, 4318358.543, 140
Trd, 4318358.693, 140
Trd, 4318359.493, 138
Trd, 4318361.543, 61
Trd, 4318363.243, 60
Trd, 4318364.093, 63
Trd, 4318365.543, 60
Trd, 4318366.293, 60
Trd, 4318366.743, 62
Trd, 4318366.843, 66
Trd, 4318367.243, 65
Trd, 4318367.443, 140
Trd, 4318367.543, 140
Trd, 4318368.243, 69
Trd, 4318369.993, 68
Trd, 4318371.193, 99
Trd, 4318371.443, 139
Trd, 4318371.843, 61
Trd, 4318373.593, 60
Trd, 4318374.343, 61
Trd, 4318376.693, 60
Trd, 4318378.093, 61
Trd, 4318378.343, 60
Trd, 4318378.793, 62
Trd, 4318378.943, 60
Trd, 4318380.193, 62
Trd, 4318380.593, 62
Trd, 4318381.793, 65
Trd, 4318382.093, 68
Trd, 4318382.293, 60
Trd, 4318383.593, 76
Trd, 4318383.993, 75
Trd, 4318384.193, 91
Trd, 4318386.543, 92
Trd, 4318387.393, 99
Trd, 4318387.743, 98
Trd, 4318388.043, 99
Trd, 4318388.493, 99
Trd, 4318389.143, 103
Trd, 4318389.593, 102
Trd, 4318389.843, 101
Trd, 4318390.943, 101
Trd, 4318391.193, 139
Trd, 4318392.343, 140
Trd, 4318392.543, 140
Trd, 4318394.043, 140
Trd, 4318394.393, 140
Trd, 4318395.093, 140
Trd, 4318395.343, 139
Trd, 4318397.693, 140
Trd, 4318397.793, 140
Trd, 4318397.993, 140
Trd, 4318398.193, 140
Trd, 4318398.393, 140
Trd, 4318399.593, 140
Trd, 4318400.143, 140
Trd, 4318401.493, 140
Trd, 4318401.843, 140
Trd, 4318402.293, 140
Trd, 4318402.593, 140
Trd, 4318402.793, 140
Trd, 4318403.043, 139
Trd, 4318404.643, 140
Trd, 4318404.793, 139
Trd, 4318406.443, 65
Trd, 4318407.643, 140
Trd, 4318407.693, 140
Trd, 4318408.393, 140
Trd, 4318408.493, 140
Trd, 4318408.543, 139
Trd, 4318409.443, 63
Trd, 4318411.243, 60
Trd, 4318411.793, 140
Trd, 4318413.643, 140
Trd, 4318413.843, 140
Trd, 4318414.693, 140
Trd, 4318415.543, 140
Trd, 4318416.143, 140
Trd, 4318416.193, 139
Trd, 4318417.743, 140
Trd, 4318418.793, 140
Trd, 4318419.293, 140
Trd, 4318419.743, 140
Trd, 4318420.693, 140
Trd, 4318421.593, 140
Trd, 4318422.093, 140
Trd, 4318422.593, 140
Trd, 4318423.743, 140
Trd, 4318424.593, 140
Trd, 4318425.093, 140
Trd, 4318425.393, 140
Trd, 4318426.393, 140
Trd, 4318427.393, 140
Trd, 4318428.093, 140
Trd, 4318428.443, 140
Trd, 4318428.643, 140
Trd, 4318430.193, 140
Trd, 4318430.843, 140
Trd, 4318431.643, 140
Trd, 4318432.243, 140
Trd, 4318432.793, 140
Trd, 4318433.493, 140
Trd, 4318433.743, 140
Trd, 4318433.893, 140
Trd, 4318434.043, 140
Trd, 4318436.493, 140
Trd, 4318437.493, 140
Trd, 4318437.743, 140
Trd, 4318438.443, 140
Trd, 4318438.943, 140
Trd, 4318440.093, 140
Trd, 4318440.143, 140
Trd, 4318440.543, 140
Trd, 4318441.793, 140
Trd, 4318442.893, 140
Trd, 4318443.093, 140
Trd, 4318443.843, 140
Trd, 4318444.093, 140
Trd, 4318445.493, 140
Trd, 4318445.793, 139
Trd, 4318446.093, 140
Trd, 4318447.893, 140
Trd, 4318448.493, 140
Trd, 4318448.693, 140
Trd, 4318449.093, 140
Trd, 4318449.993, 140
Trd, 4318451.843, 140
Trd, 4318452.043, 140
Trd, 4318452.993, 140
Trd, 4318454.393, 140
Trd, 4318454.493, 140
Trd, 4318455.243, 140
Trd, 4318455.293, 140
Trd, 4318456.093, 140
Trd, 4318456.843, 140
Trd, 4318457.843, 140
Trd, 4318458.243, 139
Trd, 4318459.243, 114
Trd, 4318459.593, 131
Trd, 4318459.643, 101
Trd, 4318462.343, 140
Trd, 4318462.593, 140
Trd, 4318462.643, 140
Trd, 4318463.943, 140
Trd, 4318464.643, 140
Trd, 4318465.593, 140
Trd, 4318466.493, 140
Trd, 4318467.993, 140
Trd, 4318468.193, 140
Trd, 4318468.343, 140
Trd, 4318468.793, 140
Trd, 4318470.893, 140
Trd, 4318471.843, 140
Trd, 4318472.743, 140
Trd, 4318474.643, 140
Trd, 4318475.193, 140
Trd, 4318475.393, 140
Trd, 4318475.543, 140
Trd, 4318475.743, 140
Trd, 4318475.843, 140
Trd, 4318477.293, 140
Trd, 4318478.693, 140
Trd, 4318480.143, 140
Trd, 4318480.343, 140
Trd, 4318480.843, 140
Trd, 4318480.993, 140
Trd, 4318481.793, 140
Trd, 4318482.393, 140
Trd, 4318483.943, 140
Trd, 4318484.393, 140
Trd, 4318484.843, 140
Trd, 4318484.993, 140
Trd, 4318485.193, 139
Trd, 4318486.093, 140
Trd, 4318486.293, 140
Trd, 4318486.693, 140
Trd, 4318487.193, 137
Trd, 4318487.543, 138
Trd, 4318488.893, 139
Trd, 4318489.443, 140
Trd, 4318490.093, 64
Trd, 4318491.743, 60
Trd, 4318493.243, 60
Trd, 4318493.643, 60
Trd, 4318493.993, 63
Trd, 4318494.343, 66
Trd, 4318495.043, 140
Trd, 4318495.243, 62
Trd, 4318495.443, 63
Trd, 4318496.543, 70
Trd, 4318496.693, 67
Trd, 4318497.043, 75
Trd, 4318499.693, 60
Trd, 4318499.843, 60
Trd, 4318500.043, 61
Trd, 4318500.393, 63
Trd, 4318500.943, 62
Trd, 4318501.443, 72
Trd, 4318502.343, 64
Trd, 4318502.693, 64
Trd, 4318502.993, 61
Trd, 4318503.243, 70
Trd, 4318504.043, 134
Trd, 4318506.243, 60
Trd, 4318506.993, 62
Trd, 4318508.293, 61
Trd, 4318510.693, 60
Trd, 4318511.243, 61
Trd, 4318511.343, 62
Trd, 4318511.443, 64
Trd, 4318511.643, 64
Trd, 4318512.943, 66
Trd, 4318513.043, 68
Trd, 4318513.793, 68
Trd, 4318514.993, 139
Trd, 4318515.743, 72
Trd, 4318515.943, 102
Trd, 4318515.993, 72
Trd, 4318517.043, 94
Trd, 4318520.143, 140
Trd, 4318520.843, 140
Trd, 4318521.343, 140
Trd, 4318521.543, 140
Trd, 4318521.793, 140
Trd, 4318521.993, 140
Trd, 4318522.643, 139
Trd, 4318523.193, 140
Trd, 4318523.393, 139
Trd, 4318523.593, 96
Trd, 4318523.693, 95
Trd, 4318524.743, 138
Trd, 4318526.993, 140
Trd, 4318527.443, 140
Trd, 4318527.593, 140
Trd, 4318528.493, 79
Trd, 4318529.193, 120
Trd, 4318531.293, 65
Trd, 4318531.843, 61
Trd, 4318534.493, 60
Trd, 4318534.593, 64
Trd, 4318536.043, 63
Trd, 4318536.093, 62
Trd, 4318536.543, 62
Trd, 4318536.793, 63
Trd, 4318537.043, 63
Trd, 4318537.793, 64
Trd, 4318538.243, 65
Trd, 4318538.293, 69
Trd, 4318539.643, 140
Trd, 4318540.643, 139
Trd, 4318541.343, 140
Trd, 4318544.693, 60
Trd, 4318546.443, 60
Trd, 4318546.943, 62
Trd, 4318547.743, 60
Trd, 4318549.443, 60
Trd, 4318549.743, 60
Trd, 4318550.643, 62
Trd, 4318550.793, 64
Trd, 4318551.193, 66
Trd, 4318551.393, 66
Trd, 4318551.543, 65
Trd, 4318552.543, 140
Trd, 4318554.443, 60
Trd, 4318555.243, 63
Trd, 4318555.293, 62
Trd, 4318555.943, 60
Trd, 4318556.593, 60
Trd, 4318557.293, 60
Trd, 4318557.943, 61
Trd, 4318557.993, 64
Trd, 4318558.293, 69
Trd, 4318559.143, 62
Trd, 4318560.293, 140
Trd, 4318560.593, 140
Trd, 4318561.393, 140
Trd, 4318561.793, 140
Trd, 4318562.643, 140
Trd, 4318562.793, 123
Trd, 4318563.893, 60
Trd, 4318564.993, 60
Trd, 4318565.043, 61
Trd, 4318565.993, 61
Trd, 4318566.293, 65
Trd, 4318567.493, 65
Trd, 4318567.993, 61
Trd, 4318568.443, 62
Trd, 4318568.793, 64
Trd, 4318570.343, 140
Trd, 4318570.793, 140
Trd, 4318571.243, 140
Trd, 4318571.493, 138
Trd, 4318571.543, 96
Trd, 4318573.843, 140
Trd, 4318574.293, 140
Trd, 4318574.543, 140
Trd, 4318575.943, 140
Trd, 4318576.193, 140
Trd, 4318576.243, 140
Trd, 4318577.293, 140
Trd, 4318578.293, 140
Trd, 4318578.493, 140
Trd, 4318578.993, 140
Trd, 4318579.393, 140
Trd, 4318579.843, 140
Trd, 4318580.093, 139
Trd, 4318580.593, 139
Trd, 4318582.093, 140
Trd, 4318584.293, 140
Trd, 4318584.643, 140
Trd, 4318586.143, 140
Trd, 4318586.843, 140
Trd, 4318587.493, 140
Trd, 4318587.843, 140
Trd, 4318587.893, 140
Trd, 4318588.143, 140
Trd, 4318589.143, 140
Trd, 4318589.343, 140
Trd, 4318589.693, 140
Trd, 4318591.043, 140
Trd, 4318591.243, 140
Trd, 4318592.643, 140
Trd, 4318593.343, 140
Trd, 4318593.893, 140
Trd, 4318594.643, 140
Trd, 4318594.993, 136
Trd, 4318596.043, 140
Trd, 4318596.343, 139
Trd, 4318597.343, 79
Trd, 4318598.743, 140
Trd, 4318600.843, 140
Trd, 4318600.893, 140
Trd, 4318601.343, 140
Trd, 4318601.993, 140
Trd, 4318602.393, 140
Trd, 4318602.693, 140
Trd, 4318603.043, 139
Trd, 4318605.393, 140
Trd, 4318605.493, 140
Trd, 4318605.843, 139
Trd, 4318606.343, 140
Trd, 4318607.743, 140
Trd, 4318609.243, 140
Trd, 4318610.293, 140
Trd, 4318611.143, 140
Trd, 4318611.543, 140
Trd, 4318612.093, 140
Trd, 4318612.493, 140
Trd, 4318613.493, 140
Trd, 4318613.593, 140
Trd, 4318614.593, 140
Trd, 4318615.793, 140
Trd, 4318616.143, 140
Trd, 4318617.593, 140
Trd, 4318617.943, 140
Trd, 4318618.093, 140
Trd, 4318619.693, 140
Trd, 4318620.493, 140
Trd, 4318621.543, 140
Trd, 4318622.143, 140
Trd, 4318622.293, 140
Trd, 4318622.443, 140
Trd, 4318624.293, 140
Trd, 4318624.993, 140
Trd, 4318625.293, 140
Trd, 4318625.393, 139
Trd, 4318626.043, 140
Trd, 4318626.493, 140
Trd, 4318626.693, 139
Trd, 4318627.093, 136
Trd, 4318629.243, 60
Trd, 4318629.293, 60
Trd, 4318630.093, 63
Trd, 4318630.643, 63
Trd, 4318633.943, 61
Trd, 4318634.093, 60
Trd, 4318634.193, 65
Trd, 4318635.093, 140
Trd, 4318635.643, 138
Trd, 4318635.743, 64
Trd, 4318636.843, 66
Trd, 4318637.743, 66
Trd, 4318637.843, 111
Trd, 4318638.443, 65
Trd, 4318638.843, 66
Trd, 4318638.943, 62
Trd, 4318640.943, 60
Trd, 4318644.143, 60
Trd, 4318644.843, 61
Trd, 4318645.343, 62
Trd, 4318645.793, 62
Trd, 4318646.043, 64
Trd, 4318646.293, 65
Trd, 4318647.443, 136
Trd, 4318647.493, 64
Trd, 4318649.193, 140
Trd, 4318649.293, 139
Trd, 4318649.793, 68
Trd, 4318650.243, 82
Trd, 4318651.143, 67
Trd, 4318651.193, 68
Trd, 4318651.443, 66
Trd, 4318653.943, 140
Trd, 4318654.193, 140
Trd, 4318654.543, 140
Trd, 4318654.693, 140
Trd, 4318654.993, 139
Trd, 4318656.393, 140
Trd, 4318656.543, 140
Trd, 4318657.193, 140
Trd, 4318658.443, 140
Trd, 4318659.493, 140
Trd, 4318660.143, 140
Trd, 4318660.443, 140
Trd, 4318660.593, 140
Trd, 4318661.443, 140
Trd, 4318661.693, 139
Trd, 4318662.243, 95
Trd, 4318663.843, 140
Trd, 4318664.293, 99
Trd, 4318664.643, 88
Trd, 4318665.693, 93
Trd, 4318665.843, 92
Trd, 4318666.743, 101
Trd, 4318666.943, 101
Trd, 4318668.343, 140
Trd, 4318669.393, 140
Trd, 4318669.443, 139
Trd, 4318670.193, 139
Trd, 4318670.693, 103
Trd, 4318672.143, 140
Trd, 4318673.143, 140
Trd, 4318673.293, 140
Trd, 4318673.593, 140
Trd, 4318674.193, 140
Trd, 4318676.043, 140
Trd, 4318676.093, 140
Trd, 4318676.393, 140
Trd, 4318677.643, 140
Trd, 4318678.443, 139
Trd, 4318678.793, 140
Trd, 4318680.143, 131
Trd, 4318681.693, 140
Trd, 4318681.893, 140
Trd, 4318681.943, 140
Trd, 4318682.543, 140
Trd, 4318682.793, 140
Trd, 4318684.093, 140
Trd, 4318687.193, 140
Trd, 4318687.343, 140
Trd, 4318688.793, 140
Trd, 4318688.943, 140
Trd, 4318689.643, 140
Trd, 4318691.143, 140
Trd, 4318691.843, 140
Trd, 4318692.043, 140
Trd, 4318692.593, 140
Trd, 4318693.443, 140
Trd, 4318694.343, 140
Trd, 4318694.743, 140
Trd, 4318695.393, 140
Trd, 4318696.343, 140
Trd, 4318696.443, 140
Trd, 4318698.443, 140
Trd, 4318698.943, 140
Trd, 4318699.293, 140
Trd, 4318700.793, 140
Trd, 4318701.443, 140
Trd, 4318701.493, 140
Trd, 4318701.843, 140
Trd, 4318704.343, 140
Trd, 4318704.543, 140
Trd, 4318705.293, 140
Trd, 4318705.893, 140
Trd, 4318706.243, 140
Trd, 4318707.543, 140
Trd, 4318707.943, 140
Trd, 4318708.693, 140
Trd, 4318708.743, 140
Trd, 4318709.493, 140
Trd, 4318710.343, 140
Trd, 4318710.843, 140
Trd, 4318712.243, 140
Trd, 4318712.893, 140
Trd, 4318713.793, 140
Trd, 4318714.093, 140
Trd, 4318714.343, 140
Trd, 4318715.493, 140
Trd, 4318716.043, 140
Trd, 4318716.543, 140
Trd, 4318716.743, 140
Trd, 4318717.593, 140
Trd, 4318718.993, 140
Trd, 4318719.793, 140
Trd, 4318720.043, 140
Trd, 4318720.093, 138
Trd, 4318721.243, 140
Trd, 4318721.343, 140
Trd, 4318722.443, 140
Trd, 4318723.143, 140
Trd, 4318723.793, 140
Trd, 4318724.643, 140
Trd, 4318724.843, 140
Trd, 4318725.743, 140
Trd, 4318727.243, 140
Trd, 4318727.843, 140
Trd, 4318728.193, 140
Trd, 4318730.243, 140
Trd, 4318730.743, 140
Trd, 4318730.893, 140
Trd, 4318731.643, 140
Trd, 4318731.993, 140
Trd, 4318732.143, 140
Trd, 4318732.693, 140
Trd, 4318732.943, 140
Trd, 4318732.993, 75
Trd, 4318733.943, 62
Trd, 4318736.543, 65
Trd, 4318737.843, 65
Trd, 4318738.643, 67
Trd, 4318738.743, 66
Trd, 4318739.093, 71
Trd, 4318739.143, 80
Trd, 4318740.193, 107
Trd, 4318741.793, 109
Trd, 4318741.943, 109
Trd, 4318742.243, 110
Trd, 4318742.643, 140
Trd, 4318742.793, 109
Trd, 4318743.843, 140
Trd, 4318743.893, 140
Trd, 4318745.093, 68
Trd, 4318747.093, 140
Trd, 4318747.293, 140
Trd, 4318747.343, 140
Trd, 4318748.543, 61
Trd, 4318750.193, 61
Trd, 4318750.243, 64
Trd, 4318752.843, 63
Trd, 4318754.193, 62
Trd, 4318755.993, 60
Trd, 4318756.293, 63
Trd, 4318757.193, 60
Trd, 4318757.443, 60
Trd, 4318758.143, 64
Trd, 4318758.993, 67
Trd, 4318759.343, 140
Trd, 4318759.693, 140
Trd, 4318760.043, 140
Trd, 4318761.593, 140
Trd, 4318762.543, 140
Trd, 4318762.743, 140
Trd, 4318763.743, 140
Trd, 4318764.093, 140
Trd, 4318764.493, 140
Trd, 4318764.543, 140
Trd, 4318765.293, 140
Trd, 4318767.893, 140
Trd, 4318768.043, 140
Trd, 4318768.993, 140
Trd, 4318769.593, 140
Trd, 4318770.743, 138
Trd, 4318771.843, 140
Trd, 4318772.293, 140
Trd, 4318773.193, 140
Trd, 4318773.843, 140
Trd, 4318774.243, 140
Trd, 4318775.243, 140
Trd, 4318775.843, 140
Trd, 4318776.893, 140
Trd, 4318778.043, 140
Trd, 4318778.193, 140
Trd, 4318778.343, 139
Trd, 4318778.443, 99
Trd, 4318779.243, 61
Trd, 4318779.743, 70
Trd, 4318779.893, 61
Trd, 4318781.293, 63
Trd, 4318782.393, 140
Trd, 4318784.993, 140
Trd, 4318785.043, 140
Trd, 4318786.193, 140
Trd, 4318786.943, 140
Trd, 4318787.743, 140
Trd, 4318787.843, 140
Trd, 4318787.893, 140
Trd, 4318789.043, 140
Trd, 4318790.293, 140
Trd, 4318791.143, 140
Trd, 4318791.843, 140
Trd, 4318792.093, 140
Trd, 4318792.343, 140
Trd, 4318793.943, 140
Trd, 4318794.493, 140
Trd, 4318794.643, 140
Trd, 4318795.193, 140
Trd, 4318796.343, 140
Trd, 4318798.293, 140
Trd, 4318799.043, 140
Trd, 4318799.893, 140
Trd, 4318800.893, 140
Trd, 4318800.943, 140
Trd, 4318801.193, 140
Trd, 4318802.043, 140
Trd, 4318802.593, 140
Trd, 4318804.093, 140
Trd, 4318804.543, 140
Trd, 4318804.693, 140
Trd, 4318804.993, 140
Trd, 4318805.143, 140
Trd, 4318806.543, 139
Trd, 4318808.843, 140
Trd, 4318810.043, 140
Trd, 4318810.643, 140
Trd, 4318811.543, 140
Trd, 4318812.093, 140
Trd, 4318812.143, 140
Trd, 4318812.243, 139
Trd, 4318814.843, 140
Trd, 4318814.943, 140
Trd, 4318814.993, 140
Trd, 4318815.193, 140
Trd, 4318816.843, 140
Trd, 4318816.943, 140
Trd, 4318817.843, 139
Trd, 4318817.893, 137
Trd, 4318817.993, 102
Trd, 4318819.193, 140
Trd, 4318819.443, 139
Trd, 4318819.893, 138
Trd, 4318820.293, 137
Trd, 4318820.593, 140
Trd, 4318821.593, 70
Trd, 4318825.343, 60
Trd, 4318825.543, 61
Trd, 4318825.943, 140
Trd, 4318826.993, 140
Trd, 4318827.043, 140
Trd, 4318827.643, 140
Trd, 4318828.743, 140
Trd, 4318829.093, 140
Trd, 4318830.643, 140
Trd, 4318831.143, 140
Trd, 4318831.793, 140
Trd, 4318831.843, 140
Trd, 4318832.593, 140
Trd, 4318833.793, 140
Trd, 4318834.193, 140
Trd, 4318834.943, 140
Trd, 4318835.693, 140
Trd, 4318835.943, 140
Trd, 4318836.093, 140
Trd, 4318836.493, 140
Trd, 4318836.993, 138
Trd, 4318837.493, 140
Trd, 4318838.843, 140
Trd, 4318840.093, 60
Trd, 4318841.193, 63
Trd, 4318842.993, 62
Trd, 4318843.243, 68
Trd, 4318843.343, 68
Trd, 4318843.493, 69
Trd, 4318844.093, 68
Trd, 4318844.493, 70
Trd, 4318845.343, 71
Trd, 4318845.543, 71
Trd, 4318845.993, 113
Trd, 4318846.393, 71
Trd, 4318849.893, 140
Trd, 4318850.793, 140
Trd, 4318850.893, 140
Trd, 4318850.943, 139
Trd, 4318851.243, 136
Trd, 4318851.943, 111
Trd, 4318853.493, 139
Trd, 4318854.093, 140
Trd, 4318854.293, 136
Trd, 4318854.643, 116
Trd, 4318856.043, 60
Trd, 4318859.143, 61
Trd, 4318860.093, 61
Trd, 4318860.843, 61
Trd, 4318861.593, 62
Trd, 4318861.943, 66
Trd, 4318862.243, 68
Trd, 4318862.693, 66
Trd, 4318863.843, 140
Trd, 4318863.993, 140
Trd, 4318864.593, 72
Trd, 4318865.143, 118
Trd, 4318865.443, 88
Trd, 4318865.693, 87
Trd, 4318869.293, 62
Trd, 4318869.643, 63
Trd, 4318870.743, 61
Trd, 4318870.993, 61
Trd, 4318871.043, 61
Trd, 4318871.593, 62
Trd, 4318871.743, 62
Trd, 4318872.643, 137
Trd, 4318873.743, 64
Trd, 4318874.493, 104
Trd, 4318876.893, 140
Trd, 4318877.993, 140
Trd, 4318878.743, 140
Trd, 4318879.143, 140
Trd, 4318879.593, 140
Trd, 4318879.993, 140
Trd, 4318880.643, 140
Trd, 4318880.943, 140
Trd, 4318881.343, 140
Trd, 4318882.293, 140
Trd, 4318882.343, 140
Trd, 4318883.293, 140
Trd, 4318884.343, 140
Trd, 4318884.493, 138
Trd, 4318885.943, 140
Trd, 4318886.693, 140
Trd, 4318887.593, 140
Trd, 4318887.793, 140
Trd, 4318888.893, 140
Trd, 4318890.593, 140
Trd, 4318890.843, 140
Trd, 4318891.443, 140
Trd, 4318891.943, 140
Trd, 4318892.793, 140
Trd, 4318893.243, 140
Trd, 4318894.293, 140
Trd, 4318895.143, 140
Trd, 4318895.693, 140
Trd, 4318897.193, 140
Trd, 4318897.293, 140
Trd, 4318897.893, 140
Trd, 4318898.893, 140
Trd, 4318899.293, 140
Trd, 4318900.893, 140
Trd, 4318901.143, 140
Trd, 4318901.943, 140
Trd, 4318902.043, 140
Trd, 4318902.243, 140
Trd, 4318903.043, 140
Trd, 4318903.993, 140
Trd, 4318904.493, 140
Trd, 4318905.993, 140
Trd, 4318906.093, 140
Trd, 4318907.093, 140
Trd, 4318907.193, 111
Trd, 4318907.843, 140
Trd, 4318907.993, 140
Trd, 4318908.093, 140
Trd, 4318909.193, 140
Trd, 4318909.943, 139
Trd, 4318913.043, 140
Trd, 4318913.493, 140
Trd, 4318913.593, 140
Trd, 4318913.843, 140
Trd, 4318914.393, 140
Trd, 4318915.493, 140
Trd, 4318916.443, 140
Trd, 4318916.643, 139
Trd, 4318917.843, 140
Trd, 4318918.543, 140
Trd, 4318919.143, 140
Trd, 4318919.543, 140
Trd, 4318919.593, 140
Trd, 4318920.393, 140
Trd, 4318921.043, 140
Trd, 4318921.843, 140
Trd, 4318922.743, 140
Trd, 4318923.993, 140
Trd, 4318924.493, 140
Trd, 4318925.393, 140
Trd, 4318925.843, 140
Trd, 4318927.293, 140
Trd, 4318927.393, 140
Trd, 4318928.393, 140
Trd, 4318929.543, 140
Trd, 4318929.893, 140
Trd, 4318930.043, 140
Trd, 4318930.593, 140
Trd, 4318931.743, 140
Trd, 4318932.143, 140
Trd, 4318933.043, 140
Trd, 4318933.793, 140
Trd, 4318934.093, 140
Trd, 4318934.693, 140
Trd, 4318935.543, 140
Trd, 4318936.943, 140
Trd, 4318937.493, 140
Trd, 4318938.943, 140
Trd, 4318939.343, 140
Trd, 4318939.543, 140
Trd, 4318939.943, 140
Trd, 4318940.693, 140
Trd, 4318940.893, 140
Trd, 4318942.743, 140
Trd, 4318943.043, 140
Trd, 4318944.093, 140
Trd, 4318945.143, 140
Trd, 4318945.543, 140
Trd, 4318945.843, 140
Trd, 4318946.343, 140
Trd, 4318946.893, 140
Trd, 4318948.043, 140
Trd, 4318948.893, 140
Trd, 4318949.643, 140
Trd, 4318949.943, 140
Trd, 4318952.993, 140
Trd, 4318953.143, 140
Trd, 4318953.693, 140
Trd, 4318954.043, 140
Trd, 4318954.293, 139
Trd, 4318954.743, 139
Trd, 4318956.443, 60
Trd, 4318958.443, 62
Trd, 4318959.843, 61
Trd, 4318960.093, 63
Trd, 4318961.343, 65
Trd, 4318961.643, 72
Trd, 4318962.793, 68
Trd, 4318962.843, 108
Trd, 4318963.493, 62
Trd, 4318963.643, 60
Trd, 4318964.743, 61
Trd, 4318964.993, 138
Trd, 4318965.293, 64
Trd, 4318965.843, 63
Trd, 4318966.293, 63
Trd, 4318967.343, 77
Trd, 4318967.843, 140
Trd, 4318969.043, 128
Trd, 4318969.143, 84
Trd, 4318970.043, 87
Trd, 4318971.293, 140
Trd, 4318971.543, 140
Trd, 4318972.143, 140
Trd, 4318972.993, 140
Trd, 4318974.143, 140
Trd, 4318974.493, 140
Trd, 4318974.543, 138
Trd, 4318976.443, 110
Trd, 4318976.693, 107
Trd, 4318978.043, 61
Trd, 4318978.393, 62
Trd, 4318978.493, 61
Trd, 4318978.643, 72
Trd, 4318978.943, 64
Trd, 4318980.243, 67
Trd, 4318980.493, 102
Trd, 4318982.043, 139
Trd, 4318982.943, 140
Trd, 4318983.243, 140
Trd, 4318984.993, 140
Trd, 4318985.943, 140
Trd, 4318986.193, 140
Trd, 4318986.343, 140
Trd, 4318987.693, 140
Trd, 4318988.543, 140
Trd, 4318988.893, 140
Trd, 4318989.093, 140
Trd, 4318989.443, 140
Trd, 4318990.393, 140
Trd, 4318992.143, 140
Trd, 4318993.393, 140
Trd, 4318993.593, 140
Trd, 4318994.343, 140
Trd, 4318994.893, 140
Trd, 4318995.193, 140
Trd, 4318997.443, 140
Trd, 4318998.693, 140
Trd, 4318999.243, 140
Trd, 4318999.393, 140
Trd, 4319000.393, 140
Trd, 4319000.943, 140
Trd, 4319001.443, 140
Trd, 4319002.143, 140
Trd, 4319002.543, 140
Trd, 4319003.043, 140
Trd, 4319004.443, 140
Trd, 4319005.543, 140
Trd, 4319005.643, 140
Trd, 4319007.493, 140
Trd, 4319007.693, 140
Trd, 4319007.993, 140
Trd, 4319008.393, 140
Trd, 4319008.943, 140
Trd, 4319009.243, 140
Trd, 4319009.743, 140
Trd, 4319010.893, 140
Trd, 4319011.793, 140
Trd, 4319011.943, 140
Trd, 4319012.943, 140
Trd, 4319013.193, 140
Trd, 4319013.443, 139
Trd, 4319013.943, 123
Trd, 4319015.243, 115
Trd, 4319015.693, 113
Trd, 4319016.393, 105
Trd, 4319018.243, 61
Trd, 4319018.793, 62
Trd, 4319020.243, 61
Trd, 4319020.293, 66
Trd, 4319020.943, 65
Trd, 4319021.843, 72
Trd, 4319022.343, 92
Trd, 4319022.543, 71
Trd, 4319023.243, 137
Trd, 4319024.943, 140
Trd, 4319025.093, 140
Trd, 4319025.443, 140
Trd, 4319025.743, 140
Trd, 4319026.993, 140
Trd, 4319028.143, 140
Trd, 4319029.193, 140
Trd, 4319029.543, 140
Trd, 4319030.443, 140
Trd, 4319030.593, 140
Trd, 4319031.993, 140
Trd, 4319032.593, 140
Trd, 4319033.593, 140
Trd, 4319034.243, 140
Trd, 4319034.893, 140
Trd, 4319035.143, 140
Trd, 4319035.243, 137
Trd, 4319036.393, 136
Trd, 4319037.043, 140
Trd, 4319037.443, 139
Trd, 4319038.143, 140
Trd, 4319038.643, 140
Trd, 4319039.093, 140
Trd, 4319040.193, 140
Trd, 4319040.493, 112
Trd, 4319041.593, 140
Trd, 4319042.943, 140
Trd, 4319043.293, 140
Trd, 4319044.443, 140
Trd, 4319045.343, 140
Trd, 4319045.593, 140
Trd, 4319046.493, 140
Trd, 4319046.693, 140
Trd, 4319047.343, 140
Trd, 4319047.743, 140
Trd, 4319048.693, 140
Trd, 4319049.393, 140
Trd, 4319050.793, 140
Trd, 4319051.643, 140
Trd, 4319052.143, 140
Trd, 4319052.493, 140
Trd, 4319053.393, 140
Trd, 4319053.443, 140
Trd, 4319053.993, 60
Trd, 4319054.893, 66
Trd, 4319055.443, 79
Trd, 4319055.893, 117
Trd, 4319056.293, 67
Trd, 4319057.293, 139
Trd, 4319058.843, 87
Trd, 4319059.193, 90
Trd, 4319061.193, 99
Trd, 4319061.843, 139
Trd, 4319061.893, 97
Trd, 4319062.193, 93
Trd, 4319062.643, 124
Trd, 4319063.593, 98
Trd, 4319064.743, 139
Trd, 4319065.043, 138
Trd, 4319065.143, 137
Trd, 4319065.493, 104
Trd, 4319065.893, 104
Trd, 4319067.993, 140
Trd, 4319068.043, 140
Trd, 4319069.243, 140
Trd, 4319071.343, 140
Trd, 4319071.443, 140
Trd, 4319071.593, 140
Trd, 4319072.593, 140
Trd, 4319072.643, 140
Trd, 4319073.293, 140
Trd, 4319074.843, 140
Trd, 4319075.393, 140
Trd, 4319075.793, 140
Trd, 4319075.893, 140
Trd, 4319076.543, 140
Trd, 4319077.193, 140
Trd, 4319077.843, 140
Trd, 4319078.493, 140
Trd, 4319078.843, 140
Trd, 4319080.293, 140
Trd, 4319080.343, 140
Trd, 4319080.393, 139
Trd, 4319082.793, 140
Trd, 4319082.943, 140
Trd, 4319083.643, 140
Trd, 4319086.343, 140
Trd, 4319086.743, 140
Trd, 4319086.943, 140
Trd, 4319087.893, 140
Trd, 4319088.543, 140
Trd, 4319089.443, 140
Trd, 4319089.743, 140
Trd, 4319089.893, 140
Trd, 4319089.943, 140
Trd, 4319091.493, 140
Trd, 4319091.943, 140
Trd, 4319092.543, 140
Trd, 4319092.943, 123
Trd, 4319093.493, 127
Trd, 4319094.043, 140
Trd, 4319094.293, 140
Trd, 4319095.643, 140
Trd, 4319096.043, 140
Trd, 4319096.643, 103
Trd, 4319097.043, 101
Trd, 4319099.193, 140
Trd, 4319099.243, 140
Trd, 4319100.093, 140
Trd, 4319100.343, 140
Trd, 4319101.393, 140
Trd, 4319102.643, 140
Trd, 4319102.893, 140
Trd, 4319103.693, 140
Trd, 4319104.843, 140
Trd, 4319105.793, 140
Trd, 4319105.843, 140
Trd, 4319106.243, 140
Trd, 4319107.293, 140
Trd, 4319107.843, 140
Trd, 4319109.243, 140
Trd, 4319110.443, 140
Trd, 4319110.843, 140
Trd, 4319111.243, 140
Trd, 4319112.193, 140
Trd, 4319113.043, 140
Trd, 4319113.193, 140
Trd, 4319115.443, 140
Trd, 4319115.493, 140
Trd, 4319115.593, 140
Trd, 4319116.593, 140
Trd, 4319116.693, 140
Trd, 4319117.943, 140
Trd, 4319117.993, 140
Trd, 4319118.343, 140
Trd, 4319118.543, 140
Trd, 4319119.743, 140
Trd, 4319120.143, 140
Trd, 4319120.193, 140
Trd, 4319120.993, 137
Trd, 4319121.493, 140
Trd, 4319122.693, 105
Trd, 4319122.993, 102
Trd, 4319123.543, 75
Trd, 4319126.543, 60
Trd, 4319127.343, 60
Trd, 4319127.743, 60
Trd, 4319129.743, 60
Trd, 4319130.643, 60
Trd, 4319131.343, 62
Trd, 4319131.543, 61
Trd, 4319131.893, 62
Trd, 4319132.393, 62
Trd, 4319132.993, 132
Trd, 4319133.143, 67
Trd, 4319133.893, 81
Trd, 4319134.543, 82
Trd, 4319135.293, 140
Trd, 4319135.693, 140
Trd, 4319135.993, 98
Trd, 4319137.343, 64
Trd, 4319138.643, 62
Trd, 4319141.443, 60
Trd, 4319141.693, 61
Trd, 4319141.943, 62
Trd, 4319142.693, 64
Trd, 4319143.093, 66
Trd, 4319143.193, 65
Trd, 4319143.343, 64
Trd, 4319144.193, 125
Trd, 4319144.343, 74
Trd, 4319146.043, 74
Trd, 4319146.543, 77
Trd, 4319146.993, 91
Trd, 4319147.643, 81
Trd, 4319147.793, 82
Trd, 4319148.493, 140
Trd, 4319148.943, 140
Trd, 4319149.193, 78
Trd, 4319150.043, 64
Trd, 4319151.193, 62
Trd, 4319153.443, 60
Trd, 4319154.793, 60
Trd, 4319154.843, 60
Trd, 4319155.193, 61
Trd, 4319156.143, 62
Trd, 4319156.193, 63
Trd, 4319157.093, 64
Trd, 4319157.393, 63
Trd, 4319158.393, 63
Trd, 4319159.643, 62
Trd, 4319159.943, 74
Trd, 4319160.493, 62
Trd, 4319161.193, 68
Trd, 4319161.343, 115
Trd, 4319162.043, 71
Trd, 4319162.743, 97
Trd, 4319163.643, 140
Trd, 4319164.443, 140
Trd, 4319164.643, 140
Trd, 4319166.593, 140
Trd, 4319167.093, 140
Trd, 4319167.993, 140
Trd, 4319168.293, 140
Trd, 4319168.943, 140
Trd, 4319169.743, 140
Trd, 4319169.943, 140
Trd, 4319170.343, 140
Trd, 4319170.593, 140
Trd, 4319171.643, 140
Trd, 4319171.693, 140
Trd, 4319172.193, 140
Trd, 4319173.793, 140
Trd, 4319174.043, 140
Trd, 4319176.293, 140
Trd, 4319176.443, 140
Trd, 4319176.643, 140
Trd, 4319177.143, 137
Trd, 4319179.693, 140
Trd, 4319179.943, 140
Trd, 4319180.093, 140
Trd, 4319180.193, 140
Trd, 4319180.793, 140
Trd, 4319181.543, 140
Trd, 4319183.443, 140
Trd, 4319183.793, 140
Trd, 4319183.993, 140
Trd, 4319185.043, 140
Trd, 4319185.243, 140
Trd, 4319185.993, 140
Trd, 4319187.243, 140
Trd, 4319188.443, 140
Trd, 4319188.943, 140
Trd, 4319189.843, 140
Trd, 4319189.993, 140
Trd, 4319190.643, 138
Trd, 4319190.893, 106
Trd, 4319192.093, 111
Trd, 4319194.293, 140
Trd, 4319194.993, 140
Trd, 4319195.043, 140
Trd, 4319195.293, 140
Trd, 4319197.193, 140
Trd, 4319197.493, 140
Trd, 4319197.993, 126
Trd, 4319198.243, 100
Trd, 4319198.293, 99
Trd, 4319200.193, 62
Trd, 4319200.393, 136
Trd, 4319203.243, 61
Trd, 4319205.343, 60
Trd, 4319205.493, 60
Trd, 4319205.693, 60
Trd, 4319205.743, 60
Trd, 4319206.493, 60
Trd, 4319207.443, 60
Trd, 4319208.643, 62
Trd, 4319210.393, 65
Trd, 4319211.243, 60
Trd, 4319211.493, 64
Trd, 4319212.143, 60
Trd, 4319212.743, 62
Trd, 4319213.843, 67
Trd, 4319214.593, 113
Trd, 4319214.743, 112
Trd, 4319217.443, 140
Trd, 4319218.193, 140
Trd, 4319219.043, 140
Trd, 4319219.443, 140
Trd, 4319219.543, 140
Trd, 4319221.193, 140
Trd, 4319221.393, 139
Trd, 4319221.493, 125
Trd, 4319221.993, 125
Trd, 4319222.693, 87
Trd, 4319223.343, 140
Trd, 4319224.493, 140
Trd, 4319225.343, 119
Trd, 4319225.743, 62
Trd, 4319227.243, 60
Trd, 4319227.893, 61
Trd, 4319228.593, 140
Trd, 4319228.743, 139
Trd, 4319229.043, 140
Trd, 4319230.193, 114
Trd, 4319231.293, 140
Trd, 4319232.093, 140
Trd, 4319233.643, 140
Trd, 4319233.893, 140
Trd, 4319235.393, 140
Trd, 4319236.393, 140
Trd, 4319238.193, 140
Trd, 4319238.243, 140
Trd, 4319238.993, 140
Trd, 4319239.043, 139
Trd, 4319240.493, 66
Trd, 4319240.993, 64
Trd, 4319241.943, 69
Trd, 4319242.193, 80
Trd, 4319243.493, 115
Trd, 4319244.743, 80
Trd, 4319245.493, 82
Trd, 4319245.543, 81
Trd, 4319246.643, 101
Trd, 4319247.093, 86
Trd, 4319247.243, 80
Trd, 4319247.543, 139
Trd, 4319248.993, 75
Trd, 4319251.193, 60
Trd, 4319251.893, 60
Trd, 4319253.343, 61
Trd, 4319253.743, 63
Trd, 4319254.043, 61
Trd, 4319254.093, 62
Trd, 4319254.143, 106
Trd, 4319255.543, 140
Trd, 4319255.593, 140
Trd, 4319256.043, 61
Trd, 4319256.093, 68
Trd, 4319256.743, 140
Trd, 4319258.593, 69
Trd, 4319259.143, 64
Trd, 4319259.993, 67
Trd, 4319260.093, 66
Trd, 4319260.343, 65
Trd, 4319261.193, 67
Trd, 4319261.443, 67
Trd, 4319263.293, 140
Trd, 4319264.243, 140
Trd, 4319264.293, 140
Trd, 4319264.793, 140
Trd, 4319267.643, 140
Trd, 4319267.843, 140
Trd, 4319269.043, 140
Trd, 4319269.693, 140
Trd, 4319269.743, 140
Trd, 4319269.993, 140
Trd, 4319271.243, 140
Trd, 4319271.893, 140
Trd, 4319272.393, 140
Trd, 4319274.543, 140
Trd, 4319275.843, 140
Trd, 4319276.343, 140
Trd, 4319277.493, 140
Trd, 4319277.743, 140
Trd, 4319277.993, 140
Trd, 4319278.443, 112
Trd, 4319279.243, 81
Trd, 4319279.343, 80
Trd, 4319280.793, 140
Trd, 4319281.443, 140
Trd, 4319282.043, 140
Trd, 4319284.143, 140
Trd, 4319284.543, 140
Trd, 4319284.643, 140
Trd, 4319284.693, 140
Trd, 4319285.643, 140
Trd, 4319285.893, 100
Trd, 4319286.593, 139
Trd, 4319288.143, 60
Trd, 4319290.393, 60
Trd, 4319291.043, 61
Trd, 4319291.243, 60
Trd, 4319291.943, 61
Trd, 4319292.093, 65
Trd, 4319292.943, 70
Trd, 4319293.093, 71
Trd, 4319293.793, 63
Trd, 4319294.243, 63
Trd, 4319296.143, 140
Trd, 4319296.243, 62
Trd, 4319296.793, 84
Trd, 4319298.143, 140
Trd, 4319298.693, 139
Trd, 4319298.843, 138
Trd, 4319299.993, 61
Trd, 4319302.893, 61
Trd, 4319302.943, 63
Trd, 4319304.293, 60
Trd, 4319305.143, 62
Trd, 4319305.693, 63
Trd, 4319306.193, 64
Trd, 4319306.593, 65
Trd, 4319306.643, 66
Trd, 4319306.893, 66
Trd, 4319307.043, 65
Trd, 4319307.243, 62
Trd, 4319308.593, 139
Trd, 4319309.793, 64
Trd, 4319310.443, 61
Trd, 4319311.793, 67
Trd, 4319311.893, 106
Trd, 4319312.043, 66
Trd, 4319312.193, 62
Trd, 4319313.743, 134
Trd, 4319314.093, 66
Trd, 4319314.593, 64
Trd, 4319315.743, 62
Trd, 4319316.493, 61
Trd, 4319317.443, 76
Trd, 4319318.043, 140
Trd, 4319318.993, 140
Trd, 4319319.543, 140
Trd, 4319319.693, 140
Trd, 4319320.743, 140
Trd, 4319322.043, 140
Trd, 4319322.193, 140
Trd, 4319322.443, 140
Trd, 4319324.443, 140
Trd, 4319324.793, 140
Trd, 4319325.393, 140
Trd, 4319325.793, 140
Trd, 4319326.093, 138
Trd, 4319328.243, 108
Trd, 4319328.343, 108
Trd, 4319329.343, 120
Trd, 4319329.643, 121
Trd, 4319329.843, 94
Trd, 4319329.943, 91
Trd, 4319330.043, 137
Trd, 4319330.593, 88
Trd, 4319332.143, 63
Trd, 4319334.893, 60
Trd, 4319335.443, 60
Trd, 4319338.093, 61
Trd, 4319338.493, 61
Trd, 4319339.543, 60
Trd, 4319339.593, 61
Trd, 4319339.693, 63
Trd, 4319340.243, 63
Trd, 4319340.543, 64
Trd, 4319340.693, 66
Trd, 4319342.143, 73
Trd, 4319342.243, 70
Trd, 4319342.293, 70
Trd, 4319343.393, 74
Trd, 4319346.143, 60
Trd, 4319346.593, 60
Trd, 4319348.643, 60
Trd, 4319349.693, 61
Trd, 4319350.293, 61
Trd, 4319351.243, 64
Trd, 4319351.343, 71
Trd, 4319351.893, 64
Trd, 4319352.943, 62
Trd, 4319353.343, 140
Trd, 4319354.493, 66
Trd, 4319355.343, 71
Trd, 4319356.243, 140
Trd, 4319358.043, 140
Trd, 4319358.443, 140
Trd, 4319359.493, 140
Trd, 4319360.293, 140
Trd, 4319360.693, 140
Trd, 4319360.993, 140
Trd, 4319361.343, 140
Trd, 4319362.343, 140
Trd, 4319363.943, 140
Trd, 4319364.543, 140
Trd, 4319365.343, 140
Trd, 4319366.093, 140
Trd, 4319366.593, 140
Trd, 4319366.793, 140
Trd, 4319368.243, 140
Trd, 4319369.043, 140
Trd, 4319369.193, 140
Trd, 4319369.593, 140
Trd, 4319370.793, 140
Trd, 4319372.893, 140
Trd, 4319372.943, 140
Trd, 4319373.443, 140
Trd, 4319373.793, 140
Trd, 4319373.943, 140
Trd, 4319374.143, 140
Trd, 4319375.343, 140
Trd, 4319376.293, 140
Trd, 4319376.443, 140
Trd, 4319376.693, 140
Trd, 4319376.793, 140
Trd, 4319377.543, 140
Trd, 4319379.493, 140
Trd, 4319379.643, 140
Trd, 4319380.593, 140
Trd, 4319382.393, 140
Trd, 4319382.643, 140
Trd, 4319383.593, 140
Trd, 4319383.693, 140
Trd, 4319384.443, 140
Trd, 4319384.993, 140
Trd, 4319385.943, 140
Trd, 4319386.543, 140
Trd, 4319387.643, 140
Trd, 4319387.693, 140
Trd, 4319387.893, 140
Trd, 4319388.093, 140
Trd, 4319388.493, 140
Trd, 4319388.943, 140
Trd, 4319389.843, 140
Trd, 4319391.343, 140
Trd, 4319392.243, 140
Trd, 4319392.293, 140
Trd, 4319392.943, 140
Trd, 4319393.043, 140
Trd, 4319396.893, 140
Trd, 4319396.943, 140
Trd, 4319397.043, 140
Trd, 4319397.643, 140
Trd, 4319398.393, 140
Trd, 4319398.643, 140
Trd, 4319400.043, 140
Trd, 4319400.593, 140
Trd, 4319400.843, 140
Trd, 4319401.493, 140
Trd, 4319401.993, 140
Trd, 4319402.293, 140
Trd, 4319402.543, 140
Trd, 4319404.243, 140
Trd, 4319405.293, 140
Trd, 4319406.243, 140
Trd, 4319406.743, 140
Trd, 4319406.893, 140
Trd, 4319407.243, 140
Trd, 4319408.343, 140
Trd, 4319408.393, 140
Trd, 4319409.443, 140
Trd, 4319411.193, 140
Trd, 4319411.943, 140
Trd, 4319412.243, 140
Trd, 4319412.743, 140
Trd, 4319413.043, 140
Trd, 4319414.393, 140
Trd, 4319414.643, 140
Trd, 4319417.443, 140
Trd, 4319418.243, 140
Trd, 4319418.293, 140
Trd, 4319418.343, 140
Trd, 4319419.193, 140
Trd, 4319419.243, 140
Trd, 4319420.093, 140
Trd, 4319420.343, 140
Trd, 4319421.193, 140
Trd, 4319423.193, 140
Trd, 4319423.443, 140
Trd, 4319425.043, 140
Trd, 4319425.493, 140
Trd, 4319427.693, 140
Trd, 4319428.293, 140
Trd, 4319428.493, 140
Trd, 4319428.643, 140
Trd, 4319429.093, 140
Trd, 4319429.543, 140
Trd, 4319430.343, 140
Trd, 4319431.243, 140
Trd, 4319431.643, 140
Trd, 4319431.793, 140
Trd, 4319432.293, 140
Trd, 4319432.943, 138
Trd, 4319434.943, 126
Trd, 4319435.443, 119
Trd, 4319435.893, 140
Trd, 4319436.243, 139
Trd, 4319437.743, 140
Trd, 4319438.393, 140
Trd, 4319438.793, 140
Trd, 4319439.543, 140
Trd, 4319439.843, 140
Trd, 4319441.093, 140
Trd, 4319441.243, 140
Trd, 4319441.493, 137
Trd, 4319442.093, 140
Trd, 4319443.343, 140
Trd, 4319443.543, 140
Trd, 4319443.943, 140
Trd, 4319444.943, 140
Trd, 4319445.493, 140
Trd, 4319446.193, 139
Trd, 4319446.293, 138
Trd, 4319447.093, 140
Trd, 4319449.993, 140
Trd, 4319450.693, 140
Trd, 4319450.793, 140
Trd, 4319450.943, 140
Trd, 4319452.393, 140
Trd, 4319453.043, 140
Trd, 4319454.293, 140
Trd, 4319455.243, 140
Trd, 4319455.493, 140
Trd, 4319455.593, 140
Trd, 4319456.043, 140
Trd, 4319457.243, 140
Trd, 4319458.243, 140
Trd, 4319459.343, 140
Trd, 4319459.543, 140
Trd, 4319460.743, 140
Trd, 4319460.943, 140
Trd, 4319461.093, 140
Trd, 4319461.443, 139
Trd, 4319461.493, 112
Trd, 4319461.943, 61
Trd, 4319462.693, 140
Trd, 4319462.843, 139
Trd, 4319465.143, 69
Trd, 4319465.543, 62
Trd, 4319467.143, 61
Trd, 4319467.993, 64
Trd, 4319468.543, 140
Trd, 4319468.593, 140
Trd, 4319468.643, 138
Trd, 4319469.493, 140
Trd, 4319471.043, 116
Trd, 4319471.893, 140
Trd, 4319471.943, 120
Trd, 4319472.643, 140
Trd, 4319473.243, 140
Trd, 4319473.393, 140
Trd, 4319474.143, 140
Trd, 4319475.893, 140
Trd, 4319475.943, 137
Trd, 4319477.493, 61
Trd, 4319477.843, 86
Trd, 4319478.493, 140
Trd, 4319479.343, 140
Trd, 4319479.393, 140
Trd, 4319480.293, 140
Trd, 4319481.493, 140
Trd, 4319482.093, 140
Trd, 4319482.843, 140
Trd, 4319483.593, 140
Trd, 4319483.743, 140
Trd, 4319484.743, 140
Trd, 4319486.193, 140
Trd, 4319486.793, 140
Trd, 4319487.743, 140
Trd, 4319487.843, 140
Trd, 4319488.243, 140
Trd, 4319488.493, 140
Trd, 4319489.993, 140
Trd, 4319491.543, 140
Trd, 4319492.443, 140
Trd, 4319492.593, 140
Trd, 4319492.793, 140
Trd, 4319493.143, 140
Trd, 4319494.843, 140
Trd, 4319495.093, 140
Trd, 4319496.843, 140
Trd, 4319498.593, 140
Trd, 4319498.843, 140
Trd, 4319499.493, 140
Trd, 4319499.743, 140
Trd, 4319499.843, 140
Trd, 4319501.093, 140
Trd, 4319501.393, 140
Trd, 4319502.093, 140
Trd, 4319502.243, 138
Trd, 4319502.893, 135
Trd, 4319503.193, 134
Trd, 4319504.143, 140
Trd, 4319505.393, 138
Trd, 4319505.743, 140
Trd, 4319505.893, 139
Trd, 4319507.243, 139
Trd, 4319508.343, 140
Trd, 4319508.593, 140
Trd, 4319509.293, 140
Trd, 4319509.893, 140
Trd, 4319511.443, 140
Trd, 4319511.643, 140
Trd, 4319512.493, 140
Trd, 4319513.143, 140
Trd, 4319513.793, 140
Trd, 4319514.893, 140
Trd, 4319515.343, 140
Trd, 4319517.143, 140
Trd, 4319518.543, 140
Trd, 4319518.643, 140
Trd, 4319519.443, 140
Trd, 4319519.593, 140
Trd, 4319521.393, 140
Trd, 4319521.693, 140
Trd, 4319521.993, 140
Trd, 4319522.293, 140
Trd, 4319523.243, 140
Trd, 4319524.543, 140
Trd, 4319525.093, 140
Trd, 4319525.393, 140
Trd, 4319525.793, 140
Trd, 4319525.943, 140
Trd, 4319526.643, 140
Trd, 4319527.643, 140
Trd, 4319528.893, 140
Trd, 4319529.043, 140
Trd, 4319529.493, 140
Trd, 4319529.543, 140
Trd, 4319530.293, 140
Trd, 4319531.043, 140
Trd, 4319531.343, 140
Trd, 4319531.693, 140
Trd, 4319534.143, 140
Trd, 4319534.543, 140
Trd, 4319535.393, 140
Trd, 4319535.943, 140
Trd, 4319536.543, 140
Trd, 4319536.693, 140
Trd, 4319537.493, 140
Trd, 4319538.843, 140
Trd, 4319539.743, 140
Trd, 4319540.193, 140
Trd, 4319540.643, 140
Trd, 4319541.443, 140
Trd, 4319542.943, 140
Trd, 4319543.393, 140
Trd, 4319543.543, 140
Trd, 4319543.743, 140
Trd, 4319544.893, 140
Trd, 4319545.043, 138
Trd, 4319546.593, 140
Trd, 4319547.743, 140
Trd, 4319548.193, 140
Trd, 4319548.343, 140
Trd, 4319549.093, 140
Trd, 4319549.293, 140
Trd, 4319550.043, 81
Trd, 4319552.443, 140
Trd, 4319553.043, 140
Trd, 4319555.143, 140
Trd, 4319555.393, 140
Trd, 4319555.593, 140
Trd, 4319556.593, 140
Trd, 4319556.943, 140
Trd, 4319557.543, 140
Trd, 4319559.293, 140
Trd, 4319560.893, 140
Trd, 4319561.493, 140
Trd, 4319562.193, 140
Trd, 4319562.243, 140
Trd, 4319562.293, 139
Trd, 4319562.343, 138
Trd, 4319562.993, 140
Trd, 4319564.593, 140
Trd, 4319564.693, 137
Trd, 4319564.943, 140
Trd, 4319566.093, 60
Trd, 4319569.743, 60
Trd, 4319570.493, 60
Trd, 4319570.693, 61
Trd, 4319571.043, 60
Trd, 4319571.793, 60
Trd, 4319572.043, 60
Trd, 4319573.893, 61
Trd, 4319574.493, 62
Trd, 4319575.293, 60
Trd, 4319575.593, 61
Trd, 4319575.843, 67
Trd, 4319576.393, 63
Trd, 4319576.843, 60
Trd, 4319577.443, 63
Trd, 4319578.093, 63
Trd, 4319578.593, 63
Trd, 4319579.393, 64
Trd, 4319579.543, 63
Trd, 4319579.943, 140
Trd, 4319581.093, 140
Trd, 4319581.993, 140
Trd, 4319582.293, 140
Trd, 4319584.243, 140
Trd, 4319585.693, 140
Trd, 4319586.693, 140
Trd, 4319586.943, 140
Trd, 4319587.743, 140
Trd, 4319588.093, 140
Trd, 4319588.193, 140
Trd, 4319588.693, 140
Trd, 4319589.643, 140
Trd, 4319589.893, 140
Trd, 4319592.193, 140
Trd, 4319592.693, 140
Trd, 4319592.993, 140
Trd, 4319593.643, 140
Trd, 4319594.993, 140
Trd, 4319595.343, 140
Trd, 4319595.493, 140
Trd, 4319596.893, 140
Trd, 4319597.043, 140
Trd, 4319597.143, 140
Trd, 4319599.193, 140
Trd, 4319600.043, 139
Trd, 4319600.793, 140
Trd, 4319601.443, 140
Trd, 4319601.743, 140
Trd, 4319603.043, 140
Trd, 4319603.693, 140
Trd, 4319603.743, 140
Trd, 4319604.743, 140
Trd, 4319605.343, 140
Trd, 4319605.943, 140
Trd, 4319605.993, 139
Trd, 4319606.543, 140
Trd, 4319607.993, 104
Trd, 4319609.993, 140
Trd, 4319610.793, 140
Trd, 4319611.443, 140
Trd, 4319611.993, 140
Trd, 4319612.643, 140
Trd, 4319613.843, 140
Trd, 4319615.693, 140
Trd, 4319616.143, 140
Trd, 4319616.693, 140
Trd, 4319616.793, 140
Trd, 4319617.043, 140
Trd, 4319618.593, 140
Trd, 4319618.693, 140
Trd, 4319619.243, 140
Trd, 4319621.893, 140
Trd, 4319622.643, 140
Trd, 4319623.543, 140
Trd, 4319623.693, 140
Trd, 4319624.243, 140
Trd, 4319625.393, 140
Trd, 4319626.693, 140
Trd, 4319627.243, 140
Trd, 4319627.443, 140
Trd, 4319627.543, 140
Trd, 4319627.793, 140
Trd, 4319628.643, 140
Trd, 4319629.993, 140
Trd, 4319630.143, 140
Trd, 4319630.943, 140
Trd, 4319631.443, 140
Trd, 4319631.543, 140
Trd, 4319632.693, 140
Trd, 4319632.743, 140
Trd, 4319635.893, 140
Trd, 4319636.943, 140
Trd, 4319637.443, 140
Trd, 4319637.643, 140
Trd, 4319637.893, 140
Trd, 4319638.593, 140
Trd, 4319639.293, 140
Trd, 4319640.043, 140
Trd, 4319640.593, 140
Trd, 4319641.693, 140
Trd, 4319641.843, 140
Trd, 4319642.093, 102
Trd, 4319643.393, 138
Trd, 4319643.693, 140
Trd, 4319644.143, 140
Trd, 4319644.593, 140
Trd, 4319645.043, 140
Trd, 4319646.943, 140
Trd, 4319646.993, 139
Trd, 4319647.093, 138
Trd, 4319648.343, 123
Trd, 4319648.693, 122
Trd, 4319650.293, 140
Trd, 4319651.443, 140
Trd, 4319651.843, 140
Trd, 4319651.893, 140
Trd, 4319652.643, 140
Trd, 4319653.693, 140
Trd, 4319653.943, 140
Trd, 4319655.943, 140
Trd, 4319656.243, 140
Trd, 4319656.293, 140
Trd, 4319656.593, 140
Trd, 4319656.643, 140
Trd, 4319658.793, 140
Trd, 4319659.193, 140
Trd, 4319660.243, 140
Trd, 4319660.443, 140
Trd, 4319660.993, 140
Trd, 4319662.043, 139
Trd, 4319663.093, 140
Trd, 4319663.943, 122
Trd, 4319663.993, 120
Trd, 4319664.093, 100
Trd, 4319665.293, 140
Trd, 4319665.343, 140
Trd, 4319665.443, 140
Trd, 4319666.343, 140
Trd, 4319666.743, 140
Trd, 4319667.043, 140
Trd, 4319668.943, 60
Trd, 4319669.743, 140
Trd, 4319669.793, 140
Trd, 4319670.843, 140
Trd, 4319670.943, 140
Trd, 4319671.793, 140
Trd, 4319673.693, 140
Trd, 4319674.693, 140
Trd, 4319675.393, 140
Trd, 4319676.093, 140
Trd, 4319676.693, 140
Trd, 4319676.893, 140
Trd, 4319678.743, 140
Trd, 4319679.043, 140
Trd, 4319679.243, 140
Trd, 4319679.993, 140
Trd, 4319680.593, 140
Trd, 4319681.093, 140
Trd, 4319681.443, 140
Trd, 4319683.843, 140
Trd, 4319684.143, 140
Trd, 4319684.843, 140
Trd, 4319685.143, 140
Trd, 4319685.243, 140
Trd, 4319686.093, 140
Trd, 4319686.643, 140
Trd, 4319688.343, 140
Trd, 4319688.593, 140
Trd, 4319689.043, 140
Trd, 4319689.893, 140
Trd, 4319690.493, 140
Trd, 4319690.943, 140
Trd, 4319691.343, 140
Trd, 4319691.843, 116
Trd, 4319692.593, 138
Trd, 4319693.693, 140
Trd, 4319694.043, 140
Trd, 4319694.443, 140
Trd, 4319695.343, 140
Trd, 4319695.393, 140
Trd, 4319695.793, 140
Trd, 4319696.193, 140
Trd, 4319697.593, 140
Trd, 4319697.943, 140
Trd, 4319698.293, 140
Trd, 4319699.493, 140
Trd, 4319700.943, 140
Trd, 4319702.043, 140
Trd, 4319702.393, 140
Trd, 4319702.443, 140
Trd, 4319703.443, 140
Trd, 4319705.993, 140
Trd, 4319706.743, 140
Trd, 4319708.243, 140
Trd, 4319708.693, 140
Trd, 4319709.143, 140
Trd, 4319709.793, 140
Trd, 4319709.843, 140
Trd, 4319709.893, 140
Trd, 4319710.493, 140
Trd, 4319711.093, 140
Trd, 4319711.793, 140
Trd, 4319711.893, 140
Trd, 4319713.043, 140
Trd, 4319713.743, 140
Trd, 4319713.993, 140
Trd, 4319714.243, 140
Trd, 4319715.743, 140
Trd, 4319717.193, 140
Trd, 4319717.893, 140
Trd, 4319717.943, 140
Trd, 4319718.993, 140
Trd, 4319719.993, 140
Trd, 4319720.143, 140
Trd, 4319720.993, 140
Trd, 4319721.543, 140
Trd, 4319721.643, 140
Trd, 4319723.443, 140
Trd, 4319723.493, 140
Trd, 4319724.143, 140
Trd, 4319724.443, 140
Trd, 4319725.593, 140
Trd, 4319726.543, 140
Trd, 4319729.293, 140
Trd, 4319729.343, 140
Trd, 4319729.393, 140
Trd, 4319729.443, 140
Trd, 4319729.943, 140
Trd, 4319730.343, 140
Trd, 4319730.543, 139
Trd, 4319732.243, 106
Trd, 4319732.543, 103
Trd, 4319732.943, 140
Trd, 4319733.893, 115
Trd, 4319734.143, 114
Trd, 4319735.793, 140
Trd, 4319736.993, 140
Trd, 4319737.093, 140
Trd, 4319738.243, 140
Trd, 4319738.493, 140
Trd, 4319738.843, 140
Trd, 4319739.293, 140
Trd, 4319739.393, 138
Trd, 4319740.193, 68
Trd, 4319741.393, 70
Trd, 4319741.893, 67
Trd, 4319742.993, 70
Trd, 4319743.793, 72
Trd, 4319743.843, 74
Trd, 4319744.193, 137
Trd, 4319744.293, 72
Trd, 4319744.693, 108
Trd, 4319744.993, 140
Trd, 4319747.593, 140
Trd, 4319748.243, 140
Trd, 4319748.793, 140
Trd, 4319749.243, 140
Trd, 4319749.343, 140
Trd, 4319750.543, 140
Trd, 4319750.943, 139
Trd, 4319751.093, 140
Trd, 4319752.593, 140
Trd, 4319752.643, 140
Trd, 4319753.243, 140
Trd, 4319755.043, 140
Trd, 4319755.443, 140
Trd, 4319756.293, 140
Trd, 4319756.693, 140
Trd, 4319758.793, 140
Trd, 4319759.043, 140
Trd, 4319759.743, 140
Trd, 4319760.393, 140
Trd, 4319762.093, 140
Trd, 4319762.293, 140
Trd, 4319762.743, 140
Trd, 4319763.043, 140
Trd, 4319763.243, 140
Trd, 4319764.093, 140
Trd, 4319766.393, 140
Trd, 4319766.993, 140
Trd, 4319767.743, 140
Trd, 4319767.843, 140
Trd, 4319768.093, 140
Trd, 4319768.293, 140
Trd, 4319769.443, 140
Trd, 4319771.093, 140
Trd, 4319771.743, 140
Trd, 4319771.993, 140
Trd, 4319773.193, 140
Trd, 4319774.393, 140
Trd, 4319775.093, 140
Trd, 4319775.443, 140
Trd, 4319776.343, 140
Trd, 4319777.443, 140
Trd, 4319777.543, 140
Trd, 4319777.843, 140
Trd, 4319777.993, 140
Trd, 4319778.143, 140
Trd, 4319779.043, 137
Trd, 4319781.143, 140
Trd, 4319781.443, 140
Trd, 4319781.493, 140
Trd, 4319782.993, 140
Trd, 4319783.493, 140
Trd, 4319783.993, 140
Trd, 4319785.143, 140
Trd, 4319785.393, 140
Trd, 4319787.343, 140
Trd, 4319788.093, 140
Trd, 4319788.143, 140
Trd, 4319788.443, 140
Trd, 4319788.793, 140
Trd, 4319790.893, 140
Trd, 4319791.293, 140
Trd, 4319793.443, 140
Trd, 4319794.243, 140
Trd, 4319794.843, 140
Trd, 4319795.043, 140
Trd, 4319795.343, 140
Trd, 4319796.193, 140
Trd, 4319797.393, 140
Trd, 4319797.593, 138
Trd, 4319798.793, 113
Trd, 4319798.893, 112
Trd, 4319799.243, 114
Trd, 4319800.643, 140
Trd, 4319801.243, 140
Trd, 4319802.343, 140
Trd, 4319802.793, 140
Trd, 4319802.943, 140
Trd, 4319804.793, 140
Trd, 4319804.943, 140
Trd, 4319805.243, 140
Trd, 4319805.443, 140
Trd, 4319808.543, 140
Trd, 4319810.543, 140
Trd, 4319810.743, 140
Trd, 4319811.343, 140
Trd, 4319811.593, 140
Trd, 4319812.393, 140
Trd, 4319812.693, 140
Trd, 4319813.343, 140
Trd, 4319814.343, 140
Trd, 4319814.543, 140
Trd, 4319814.943, 140
Trd, 4319815.693, 140
Trd, 4319816.043, 140
Trd, 4319816.143, 140
Trd, 4319817.543, 140
Trd, 4319817.593, 139
Trd, 4319818.343, 139
Trd, 4319818.993, 140
Trd, 4319819.393, 139
Trd, 4319820.593, 140
Trd, 4319821.493, 140
Trd, 4319821.643, 140
Trd, 4319822.343, 140
Trd, 4319822.693, 140
Trd, 4319824.143, 140
Trd, 4319824.443, 140
Trd, 4319825.193, 140
Trd, 4319825.643, 140
Trd, 4319826.043, 140
Trd, 4319827.243, 140
Trd, 4319828.343, 140
Trd, 4319829.693, 140
Trd, 4319830.193, 140
Trd, 4319831.343, 140
Trd, 4319831.893, 140
Trd, 4319832.043, 140
Trd, 4319832.643, 140
Trd, 4319832.793, 140
Trd, 4319832.943, 139
Trd, 4319833.443, 139
Trd, 4319835.343, 140
Trd, 4319835.743, 140
Trd, 4319837.293, 140
Trd, 4319837.493, 140
Trd, 4319838.143, 140
Trd, 4319838.393, 140
Trd, 4319839.093, 140
Trd, 4319839.443, 140
Trd, 4319840.243, 140
Trd, 4319841.543, 140
Trd, 4319842.643, 140
Trd, 4319842.993, 140
Trd, 4319843.093, 140
Trd, 4319845.093, 140
Trd, 4319845.593, 140
Trd, 4319846.043, 140
Trd, 4319846.893, 140
Trd, 4319847.343, 140
Trd, 4319847.743, 140
Trd, 4319848.293, 139
Trd, 4319848.943, 140
Trd, 4319848.993, 104
Trd, 4319850.843, 140
Trd, 4319850.943, 140
Trd, 4319851.243, 140
Trd, 4319852.043, 140
Trd, 4319852.893, 140
Trd, 4319853.643, 140
Trd, 4319853.943, 140
Trd, 4319854.493, 78
Trd, 4319855.043, 138
Trd, 4319855.893, 140
Trd, 4319856.743, 140
Trd, 4319856.893, 140
Trd, 4319857.143, 140
Trd, 4319857.643, 98
Trd, 4319857.943, 99
Trd, 4319858.193, 68
Trd, 4319860.793, 140
Trd, 4319861.243, 140
Trd, 4319861.393, 140
Trd, 4319862.193, 140
Trd, 4319863.843, 140
Trd, 4319863.943, 140
Trd, 4319864.143, 140
Trd, 4319864.943, 137
Trd, 4319866.093, 60
Trd, 4319866.943, 61
Trd, 4319868.593, 60
Trd, 4319868.843, 65
Trd, 4319870.543, 63
Trd, 4319871.493, 140
Trd, 4319871.693, 140
Trd, 4319872.193, 140
Trd, 4319872.543, 140
Trd, 4319872.843, 140
Trd, 4319873.093, 140
Trd, 4319873.793, 140
Trd, 4319874.493, 140
Trd, 4319874.943, 139
Trd, 4319876.643, 63
Trd, 4319877.293, 66
Trd, 4319877.493, 60
Trd, 4319878.443, 66
Trd, 4319880.093, 62
Trd, 4319880.643, 60
Trd, 4319881.893, 67
Trd, 4319882.043, 140
Trd, 4319882.893, 138
Trd, 4319883.243, 111
Trd, 4319883.943, 112
Trd, 4319885.343, 95
Trd, 4319887.943, 103
Trd, 4319888.243, 105
Trd, 4319888.543, 106
Trd, 4319888.593, 85
Trd, 4319888.993, 64
Trd, 4319890.093, 140
Trd, 4319891.143, 140
Trd, 4319893.493, 140
Trd, 4319894.593, 140
Trd, 4319895.393, 140
Trd, 4319895.443, 140
Trd, 4319897.243, 140
Trd, 4319897.393, 139
Trd, 4319897.893, 140
Trd, 4319897.943, 139
Trd, 4319898.943, 101
Trd, 4319899.293, 102
Trd, 4319900.693, 139
Trd, 4319900.893, 104
Trd, 4319901.593, 103
Trd, 4319902.043, 88
Trd, 4319902.543, 90
Trd, 4319903.443, 136
Trd, 4319903.593, 135
Trd, 4319904.343, 80
Trd, 4319904.843, 65
Trd, 4319909.293, 60
Trd, 4319909.593, 60
Trd, 4319909.743, 60
Trd, 4319909.793, 60
Trd, 4319910.243, 61
Trd, 4319910.593, 62
Trd, 4319911.143, 64
Trd, 4319911.593, 140
Trd, 4319912.893, 140
Trd, 4319913.293, 140
Trd, 4319913.493, 140
Trd, 4319913.543, 138
Trd, 4319914.293, 60
Trd, 4319916.243, 61
Trd, 4319919.343, 60
Trd, 4319920.343, 60
Trd, 4319920.393, 61
Trd, 4319920.543, 60
Trd, 4319920.793, 66
Trd, 4319921.193, 63
Trd, 4319921.543, 67
Trd, 4319922.793, 75
Trd, 4319923.093, 74
Trd, 4319923.543, 74
Trd, 4319923.893, 100
Trd, 4319924.193, 77
Trd, 4319925.743, 138
Trd, 4319926.243, 140
Trd, 4319926.543, 140
Trd, 4319927.093, 140
Trd, 4319927.243, 140
Trd, 4319928.893, 140
Trd, 4319929.043, 140
Trd, 4319929.443, 140
Trd, 4319929.643, 140
Trd, 4319929.993, 140
Trd, 4319931.393, 140
Trd, 4319933.193, 140
Trd, 4319933.243, 140
Trd, 4319933.393, 140
Trd, 4319934.393, 140
Trd, 4319934.693, 140
Trd, 4319934.843, 139
Trd, 4319935.193, 140
Trd, 4319935.243, 139
Trd, 4319935.393, 99
Trd, 4319937.693, 60
Trd, 4319938.743, 62
Trd, 4319939.443, 62
Trd, 4319942.093, 61
Trd, 4319943.093, 60
Trd, 4319943.743, 60
Trd, 4319944.093, 65
Trd, 4319944.343, 65
Trd, 4319945.693, 139
Trd, 4319946.743, 88
Trd, 4319946.793, 72
Trd, 4319947.043, 71
Trd, 4319947.193, 66
Trd, 4319948.293, 69
Trd, 4319948.443, 68
Trd, 4319949.693, 67
Trd, 4319949.793, 117
Trd, 4319952.193, 61
Trd, 4319953.093, 61
Trd, 4319953.593, 73
Trd, 4319954.943, 62
Trd, 4319955.843, 61
Trd, 4319956.393, 64
Trd, 4319957.343, 60
Trd, 4319957.593, 60
Trd, 4319957.843, 62
Trd, 4319958.093, 63
Trd, 4319960.643, 82
Trd, 4319961.693, 128
Trd, 4319961.893, 128
Trd, 4319963.043, 131
Trd, 4319963.993, 140
Trd, 4319964.143, 140
Trd, 4319964.943, 140
Trd, 4319965.893, 140
Trd, 4319966.493, 140
Trd, 4319966.893, 137
Trd, 4319968.293, 140
Trd, 4319968.443, 140
Trd, 4319969.043, 140
Trd, 4319969.893, 140
Trd, 4319970.393, 140
Trd, 4319970.993, 140
Trd, 4319971.943, 140
Trd, 4319972.393, 140
Trd, 4319973.093, 140
Trd, 4319973.193, 140
Trd, 4319974.243, 140
Trd, 4319975.143, 140
Trd, 4319975.193, 139
Trd, 4319976.243, 140
Trd, 4319977.193, 140
Trd, 4319977.843, 140
Trd, 4319978.543, 140
Trd, 4319978.743, 140
Trd, 4319980.393, 140
Trd, 4319981.043, 140
Trd, 4319981.293, 139
Trd, 4319983.243, 132
Trd, 4319983.493, 132
Trd, 4319984.143, 140
Trd, 4319985.093, 140
Trd, 4319985.943, 140
Trd, 4319986.743, 140
Trd, 4319987.293, 139
Trd, 4319987.743, 139
Trd, 4319988.393, 138
Trd, 4319988.743, 138
Trd, 4319988.893, 136
Trd, 4319989.793, 140
Trd, 4319990.743, 140
Trd, 4319991.343, 140
Trd, 4319993.643, 140
Trd, 4319994.343, 140
Trd, 4319994.643, 140
Trd, 4319994.943, 140
Trd, 4319995.193, 137
Trd, 4319995.493, 104
Trd, 4319995.593, 103
Trd, 4319995.693, 101
Trd, 4319999.743, 60
