Trd, 4318200.343, 71
Trd, 4318200.993, 126
Trd, 4318201.743, 75
Trd, 4318202.293, 98
Trd, 4318202.443, 118
Trd, 4318203.543, 121
Trd, 4318203.943, 88
Trd, 4318204.293, 111
Trd, 4318204.943, 103
Trd, 4318206.093, 140
Trd, 4318206.493, 88
Trd, 4318206.643, 73
Trd, 4318207.493, 133
Trd, 4318208.393, 123
Trd, 4318209.393, 128
Trd, 4318209.743, 112
Trd, 4318210.443, 109
Trd, 4318210.743, 104
Trd, 4318211.093, 140
Trd, 4318212.093, 85
Trd, 4318214.043, 132
Trd, 4318214.343, 139
Trd, 4318214.793, 89
Trd, 4318215.443, 125
Trd, 4318215.793, 115
Trd, 4318216.043, 135
Trd, 4318217.243, 81
Trd, 4318217.643, 62
Trd, 4318217.993, 67
Trd, 4318218.443, 75
Trd, 4318219.993, 70
Trd, 4318220.193, 80
Trd, 4318220.393, 65
Trd, 4318221.193, 61
Trd, 4318223.593, 61
Trd, 4318223.793, 61
Trd, 4318224.043, 62
Trd, 4318224.493, 60
Trd, 4318224.893, 65
Trd, 4318225.743, 64
Trd, 4318225.793, 90
Trd, 4318226.543, 73
Trd, 4318227.093, 61
Trd, 4318227.443, 62
Trd, 4318228.743, 60
Trd, 4318228.843, 64
Trd, 4318228.943, 73
Trd, 4318229.943, 107
Trd, 4318230.743, 139
Trd, 4318231.093, 103
Trd, 4318231.493, 124
Trd, 4318232.543, 72
Trd, 4318233.543, 139
Trd, 4318233.793, 112
Trd, 4318233.893, 99
Trd, 4318235.493, 69
Trd, 4318236.043, 84
Trd, 4318236.193, 60
Trd, 4318236.493, 61
Trd, 4318237.343, 64
Trd, 4318238.343, 84
Trd, 4318238.493, 62
Trd, 4318239.843, 120
Trd, 4318240.593, 93
Trd, 4318240.843, 97
Trd, 4318241.943, 140
Trd, 4318241.993, 113
Trd, 4318242.893, 60
Trd, 4318243.693, 60
Trd, 4318244.343, 62
Trd, 4318245.343, 93
Trd, 4318245.543, 119
Trd, 4318246.093, 137
Trd, 4318246.293, 89
Trd, 4318246.393, 78
Trd, 4318246.843, 136
Trd, 4318247.443, 69
Trd, 4318248.143, 140
Trd, 4318249.393, 60
Trd, 4318249.693, 62
Trd, 4318249.743, 63
Trd, 4318250.443, 67
Trd, 4318251.843, 96
Trd, 4318252.343, 95
Trd, 4318252.493, 65
Trd, 4318252.993, 60
Trd, 4318254.243, 63
Trd, 4318255.593, 66
Trd, 4318256.643, 65
Trd, 4318256.843, 62
Trd, 4318257.343, 67
Trd, 4318257.543, 81
Trd, 4318257.593, 63
Trd, 4318257.793, 61
Trd, 4318258.643, 65
Trd, 4318259.843, 140
Trd, 4318259.993, 111
Trd, 4318260.193, 109
Trd, 4318260.343, 107
Trd, 4318261.043, 113
Trd, 4318261.193, 93
Trd, 4318261.343, 65
Trd, 4318262.843, 63
Trd, 4318265.143, 62
Trd, 4318265.293, 63
Trd, 4318265.393, 65
Trd, 4318265.593, 65
Trd, 4318266.443, 66
Trd, 4318266.543, 78
Trd, 4318267.143, 60
Trd, 4318267.993, 60
Trd, 4318269.243, 62
Trd, 4318269.393, 77
Trd, 4318270.543, 61
Trd, 4318270.643, 103
Trd, 4318270.943, 74
Trd, 4318272.043, 65
Trd, 4318272.393, 110
Trd, 4318273.343, 62
Trd, 4318273.743, 62
Trd, 4318274.893, 60
Trd, 4318276.493, 62
Trd, 4318276.593, 62
Trd, 4318277.293, 60
Trd, 4318277.743, 61
Trd, 4318279.143, 61
Trd, 4318279.493, 63
Trd, 4318280.943, 60
Trd, 4318281.043, 61
Trd, 4318281.443, 83
Trd, 4318281.843, 81
Trd, 4318282.193, 88
Trd, 4318282.543, 100
Trd, 4318283.493, 62
Trd, 4318284.193, 115
Trd, 4318285.043, 106
Trd, 4318285.543, 117
Trd, 4318285.793, 102
Trd, 4318286.243, 100
Trd, 4318286.543, 95
Trd, 4318287.293, 140
Trd, 4318287.493, 126
Trd, 4318287.793, 72
Trd, 4318288.643, 71
Trd, 4318289.343, 117
Trd, 4318289.943, 80
Trd, 4318290.643, 60
Trd, 4318291.293, 61
Trd, 4318291.893, 61
Trd, 4318292.143, 65
Trd, 4318292.693, 60
Trd, 4318293.243, 62
Trd, 4318293.793, 61
Trd, 4318294.643, 62
Trd, 4318295.093, 63
Trd, 4318296.343, 78
Trd, 4318296.393, 75
Trd, 4318296.643, 92
Trd, 4318297.343, 91
Trd, 4318297.443, 71
Trd, 4318298.493, 74
Trd, 4318299.893, 81
Trd, 4318300.293, 118
Trd, 4318300.343, 80
Trd, 4318301.243, 93
Trd, 4318301.843, 79
Trd, 4318301.993, 69
Trd, 4318302.393, 136
Trd, 4318302.543, 90
Trd, 4318303.293, 84
Trd, 4318304.043, 140
Trd, 4318304.943, 66
Trd, 4318305.193, 60
Trd, 4318305.693, 63
Trd, 4318306.393, 73
Trd, 4318308.093, 100
Trd, 4318308.343, 97
Trd, 4318308.643, 92
Trd, 4318309.893, 119
Trd, 4318310.143, 63
Trd, 4318310.493, 60
Trd, 4318311.193, 61
Trd, 4318311.293, 71
Trd, 4318312.543, 73
Trd, 4318312.793, 84
Trd, 4318314.443, 64
Trd, 4318314.543, 62
Trd, 4318315.393, 135
Trd, 4318316.243, 124
Trd, 4318316.293, 119
Trd, 4318316.343, 94
Trd, 4318316.843, 96
Trd, 4318317.143, 61
Trd, 4318317.343, 140
Trd, 4318317.643, 85
Trd, 4318318.293, 98
Trd, 4318318.893, 62
Trd, 4318319.793, 82
Trd, 4318320.793, 61
Trd, 4318320.993, 81
Trd, 4318321.193, 86
Trd, 4318322.443, 116
Trd, 4318322.493, 84
Trd, 4318322.693, 73
Trd, 4318324.043, 62
Trd, 4318325.043, 62
Trd, 4318325.493, 64
Trd, 4318325.693, 69
Trd, 4318326.093, 70
Trd, 4318327.243, 138
Trd, 4318327.393, 104
Trd, 4318327.693, 81
Trd, 4318327.993, 68
Trd, 4318328.993, 123
Trd, 4318329.243, 83
Trd, 4318330.543, 60
Trd, 4318330.593, 65
Trd, 4318331.493, 60
Trd, 4318332.243, 61
Trd, 4318332.343, 70
Trd, 4318332.943, 86
Trd, 4318333.443, 60
Trd, 4318334.143, 97
Trd, 4318334.743, 88
Trd, 4318335.393, 114
Trd, 4318336.143, 73
Trd, 4318336.743, 88
Trd, 4318337.393, 63
Trd, 4318337.493, 76
Trd, 4318338.593, 71
Trd, 4318339.243, 93
Trd, 4318340.743, 60
Trd, 4318341.243, 63
Trd, 4318341.543, 66
Trd, 4318342.543, 60
Trd, 4318343.543, 68
Trd, 4318343.693, 67
Trd, 4318343.743, 72
Trd, 4318344.543, 109
Trd, 4318344.793, 83
Trd, 4318344.943, 63
Trd, 4318346.143, 71
Trd, 4318347.093, 61
Trd, 4318347.893, 63
Trd, 4318348.193, 79
Trd, 4318348.343, 75
Trd, 4318348.693, 72
Trd, 4318348.943, 108
Trd, 4318349.543, 61
Trd, 4318351.293, 60
Trd, 4318351.943, 62
Trd, 4318352.043, 66
Trd, 4318352.593, 62
Trd, 4318353.243, 61
Trd, 4318353.643, 88
Trd, 4318353.943, 133
Trd, 4318354.243, 77
Trd, 4318354.543, 138
Trd, 4318355.043, 61
Trd, 4318355.743, 61
Trd, 4318356.043, 61
Trd, 4318356.993, 67
Trd, 4318357.143, 103
Trd, 4318357.793, 98
Trd, 4318359.893, 67
Trd, 4318360.343, 79
Trd, 4318360.593, 68
Trd, 4318360.643, 82
Trd, 4318361.593, 61
Trd, 4318362.043, 61
Trd, 4318362.293, 62
Trd, 4318362.993, 66
Trd, 4318363.993, 86
Trd, 4318364.243, 110
Trd, 4318364.643, 78
Trd, 4318365.443, 84
Trd, 4318365.593, 103
Trd, 4318368.093, 60
Trd, 4318368.543, 60
Trd, 4318369.893, 60
Trd, 4318370.443, 60
Trd, 4318371.093, 61
Trd, 4318371.543, 62
Trd, 4318372.093, 63
Trd, 4318372.443, 63
Trd, 4318372.543, 67
Trd, 4318372.793, 70
Trd, 4318373.343, 80
Trd, 4318373.743, 69
Trd, 4318374.293, 131
Trd, 4318375.343, 71
Trd, 4318375.593, 103
Trd, 4318376.293, 95
Trd, 4318377.143, 62
Trd, 4318377.443, 106
Trd, 4318377.643, 104
Trd, 4318378.743, 61
Trd, 4318379.443, 63
Trd, 4318380.143, 66
Trd, 4318380.993, 136
Trd, 4318381.293, 84
Trd, 4318381.393, 61
Trd, 4318382.593, 81
Trd, 4318383.043, 84
Trd, 4318383.143, 100
Trd, 4318384.043, 60
Trd, 4318385.593, 67
Trd, 4318386.343, 102
Trd, 4318386.393, 100
Trd, 4318386.743, 81
Trd, 4318387.693, 63
Trd, 4318388.343, 123
Trd, 4318388.643, 106
Trd, 4318389.093, 139
Trd, 4318389.893, 123
Trd, 4318390.343, 65
Trd, 4318391.043, 60
Trd, 4318391.393, 90
Trd, 4318392.243, 64
Trd, 4318392.893, 61
Trd, 4318394.093, 60
Trd, 4318394.293, 67
Trd, 4318395.093, 60
Trd, 4318395.943, 60
Trd, 4318396.393, 60
Trd, 4318396.843, 64
Trd, 4318398.593, 60
Trd, 4318399.143, 62
Trd, 4318399.193, 62
Trd, 4318399.243, 63
Trd, 4318400.293, 60
Trd, 4318400.793, 72
Trd, 4318401.443, 64
Trd, 4318403.643, 60
Trd, 4318403.993, 61
Trd, 4318404.643, 60
Trd, 4318405.393, 63
Trd, 4318405.493, 65
Trd, 4318405.593, 103
Trd, 4318406.393, 60
Trd, 4318408.343, 60
Trd, 4318409.293, 61
Trd, 4318409.393, 65
Trd, 4318410.143, 65
Trd, 4318410.593, 124
Trd, 4318410.693, 66
Trd, 4318411.793, 98
Trd, 4318412.343, 140
Trd, 4318412.543, 94
Trd, 4318412.643, 66
Trd, 4318413.643, 60
Trd, 4318413.693, 62
Trd, 4318415.993, 60
Trd, 4318417.043, 61
Trd, 4318417.193, 61
Trd, 4318417.593, 61
Trd, 4318418.043, 63
Trd, 4318419.243, 64
Trd, 4318419.393, 64
Trd, 4318419.693, 73
Trd, 4318420.243, 67
Trd, 4318420.993, 60
Trd, 4318421.593, 62
Trd, 4318422.993, 64
Trd, 4318423.593, 62
Trd, 4318424.443, 62
Trd, 4318425.043, 61
Trd, 4318425.993, 60
Trd, 4318426.193, 64
Trd, 4318426.493, 68
Trd, 4318426.793, 125
Trd, 4318427.643, 106
Trd, 4318428.893, 119
Trd, 4318429.343, 133
Trd, 4318429.943, 108
Trd, 4318430.193, 60
Trd, 4318430.493, 70
Trd, 4318431.993, 61
Trd, 4318432.293, 63
Trd, 4318433.143, 62
Trd, 4318433.493, 70
Trd, 4318433.943, 81
Trd, 4318434.443, 80
Trd, 4318434.893, 76
Trd, 4318436.693, 69
Trd, 4318437.343, 71
Trd, 4318437.643, 60
Trd, 4318438.343, 63
Trd, 4318439.843, 62
Trd, 4318440.343, 61
Trd, 4318440.843, 87
Trd, 4318441.293, 117
Trd, 4318441.543, 108
Trd, 4318442.293, 80
Trd, 4318442.593, 77
Trd, 4318443.293, 85
Trd, 4318443.893, 70
Trd, 4318444.443, 117
Trd, 4318444.843, 121
Trd, 4318444.893, 68
Trd, 4318445.343, 86
Trd, 4318447.093, 112
Trd, 4318447.243, 67
Trd, 4318448.093, 86
Trd, 4318448.193, 90
Trd, 4318449.493, 64
Trd, 4318449.643, 71
Trd, 4318450.043, 119
Trd, 4318450.493, 88
Trd, 4318451.093, 83
Trd, 4318452.043, 63
Trd, 4318452.893, 69
Trd, 4318453.193, 72
Trd, 4318453.293, 70
Trd, 4318453.893, 140
Trd, 4318455.043, 63
Trd, 4318455.343, 104
Trd, 4318455.943, 134
Trd, 4318457.443, 136
Trd, 4318457.743, 140
Trd, 4318458.593, 61
Trd, 4318458.693, 61
Trd, 4318459.143, 62
Trd, 4318459.343, 61
Trd, 4318460.143, 80
Trd, 4318460.943, 99
Trd, 4318461.593, 96
Trd, 4318463.093, 81
Trd, 4318464.493, 60
Trd, 4318464.593, 61
Trd, 4318464.743, 63
Trd, 4318464.993, 61
Trd, 4318465.193, 64
Trd, 4318465.743, 80
Trd, 4318467.293, 107
Trd, 4318467.643, 85
Trd, 4318467.693, 134
Trd, 4318467.893, 64
Trd, 4318468.543, 103
Trd, 4318468.693, 96
Trd, 4318469.843, 71
Trd, 4318470.643, 103
Trd, 4318471.843, 94
Trd, 4318471.893, 92
Trd, 4318472.093, 81
Trd, 4318473.193, 77
Trd, 4318474.493, 63
Trd, 4318475.443, 60
Trd, 4318475.843, 64
Trd, 4318476.443, 62
Trd, 4318477.943, 60
Trd, 4318478.643, 63
Trd, 4318479.043, 80
Trd, 4318479.343, 67
Trd, 4318480.193, 60
Trd, 4318480.543, 64
Trd, 4318480.743, 66
Trd, 4318482.993, 66
Trd, 4318483.143, 68
Trd, 4318483.243, 111
Trd, 4318483.893, 77
Trd, 4318483.943, 76
Trd, 4318484.343, 94
Trd, 4318484.893, 108
Trd, 4318485.793, 77
Trd, 4318486.493, 77
Trd, 4318487.493, 92
Trd, 4318488.693, 64
Trd, 4318488.843, 65
Trd, 4318488.943, 69
Trd, 4318490.293, 136
Trd, 4318490.643, 123
Trd, 4318491.143, 65
Trd, 4318491.643, 63
Trd, 4318492.043, 65
Trd, 4318492.793, 108
Trd, 4318493.243, 114
Trd, 4318493.693, 102
Trd, 4318493.993, 99
Trd, 4318494.093, 65
Trd, 4318495.043, 77
Trd, 4318495.193, 66
Trd, 4318496.843, 60
Trd, 4318497.793, 140
Trd, 4318498.643, 130
Trd, 4318499.293, 140
Trd, 4318499.343, 138
Trd, 4318499.893, 123
Trd, 4318500.343, 111
Trd, 4318500.643, 100
Trd, 4318500.743, 76
Trd, 4318501.593, 113
Trd, 4318501.743, 137
Trd, 4318501.793, 102
Trd, 4318503.243, 63
Trd, 4318505.293, 61
Trd, 4318505.543, 61
Trd, 4318505.943, 60
Trd, 4318506.393, 66
Trd, 4318506.443, 91
Trd, 4318506.593, 87
Trd, 4318507.943, 65
Trd, 4318507.993, 64
Trd, 4318508.193, 140
Trd, 4318508.793, 79
Trd, 4318509.243, 65
Trd, 4318510.593, 67
Trd, 4318511.393, 61
Trd, 4318512.143, 140
Trd, 4318512.993, 61
Trd, 4318513.843, 60
Trd, 4318513.993, 61
Trd, 4318514.393, 104
Trd, 4318515.193, 109
Trd, 4318515.593, 118
Trd, 4318515.693, 102
Trd, 4318517.343, 139
Trd, 4318517.943, 109
Trd, 4318518.293, 95
Trd, 4318518.393, 89
Trd, 4318519.743, 60
Trd, 4318520.793, 115
Trd, 4318520.843, 92
Trd, 4318521.193, 96
Trd, 4318521.993, 66
Trd, 4318522.093, 62
Trd, 4318523.343, 60
Trd, 4318524.093, 62
Trd, 4318524.493, 63
Trd, 4318525.743, 130
Trd, 4318526.193, 140
Trd, 4318526.643, 95
Trd, 4318527.093, 92
Trd, 4318527.143, 63
Trd, 4318528.543, 60
Trd, 4318528.643, 108
Trd, 4318529.693, 60
Trd, 4318530.193, 70
Trd, 4318530.993, 61
Trd, 4318532.093, 65
Trd, 4318532.643, 74
Trd, 4318532.893, 64
Trd, 4318533.043, 66
Trd, 4318533.843, 88
Trd, 4318534.043, 113
Trd, 4318534.393, 112
Trd, 4318535.043, 79
Trd, 4318535.943, 78
Trd, 4318536.293, 140
Trd, 4318537.293, 108
Trd, 4318537.793, 93
Trd, 4318537.893, 116
Trd, 4318538.293, 73
Trd, 4318538.793, 101
Trd, 4318539.593, 78
Trd, 4318540.543, 62
Trd, 4318542.443, 64
Trd, 4318542.543, 65
Trd, 4318542.643, 78
Trd, 4318545.693, 62
Trd, 4318545.843, 64
Trd, 4318545.993, 96
Trd, 4318546.693, 60
Trd, 4318546.943, 103
Trd, 4318547.093, 79
Trd, 4318547.593, 70
Trd, 4318548.543, 137
Trd, 4318549.243, 126
Trd, 4318550.093, 109
Trd, 4318550.343, 102
Trd, 4318550.393, 89
Trd, 4318551.043, 62
Trd, 4318551.793, 90
Trd, 4318552.143, 60
Trd, 4318553.543, 60
Trd, 4318554.943, 60
Trd, 4318555.693, 64
Trd, 4318556.393, 60
Trd, 4318557.443, 60
Trd, 4318557.943, 61
Trd, 4318558.843, 66
Trd, 4318559.293, 66
Trd, 4318560.793, 68
Trd, 4318561.243, 62
Trd, 4318561.943, 60
Trd, 4318562.443, 60
Trd, 4318562.793, 60
Trd, 4318562.993, 65
Trd, 4318563.243, 65
Trd, 4318563.493, 91
Trd, 4318564.143, 61
Trd, 4318564.743, 140
Trd, 4318565.743, 79
Trd, 4318565.943, 71
Trd, 4318566.743, 67
Trd, 4318567.743, 100
Trd, 4318567.943, 98
Trd, 4318567.993, 96
Trd, 4318568.593, 127
Trd, 4318570.343, 68
Trd, 4318570.543, 62
Trd, 4318570.793, 64
Trd, 4318571.993, 133
Trd, 4318572.043, 115
Trd, 4318572.243, 122
Trd, 4318572.943, 136
Trd, 4318573.143, 118
Trd, 4318574.493, 105
Trd, 4318574.893, 62
Trd, 4318575.193, 66
Trd, 4318575.393, 66
Trd, 4318576.293, 139
Trd, 4318576.493, 64
Trd, 4318577.543, 61
Trd, 4318577.993, 82
Trd, 4318579.143, 74
Trd, 4318580.193, 60
Trd, 4318580.543, 71
Trd, 4318580.843, 62
Trd, 4318581.493, 140
Trd, 4318582.093, 119
Trd, 4318582.443, 78
Trd, 4318583.343, 97
Trd, 4318583.493, 70
Trd, 4318584.543, 137
Trd, 4318585.193, 77
Trd, 4318585.493, 140
Trd, 4318585.643, 74
Trd, 4318586.893, 78
Trd, 4318587.593, 65
Trd, 4318587.693, 93
Trd, 4318588.393, 71
Trd, 4318588.693, 71
Trd, 4318588.743, 67
Trd, 4318590.293, 89
Trd, 4318591.093, 129
Trd, 4318592.043, 80
Trd, 4318592.743, 61
Trd, 4318593.243, 67
Trd, 4318593.893, 60
Trd, 4318594.343, 65
Trd, 4318595.093, 139
Trd, 4318595.243, 133
Trd, 4318595.843, 82
Trd, 4318596.493, 62
Trd, 4318597.043, 76
Trd, 4318597.343, 68
Trd, 4318597.593, 77
Trd, 4318597.743, 113
Trd, 4318599.043, 67
Trd, 4318599.743, 67
Trd, 4318599.943, 74
Trd, 4318600.443, 110
Trd, 4318601.143, 80
Trd, 4318602.293, 112
Trd, 4318602.543, 110
Trd, 4318603.143, 68
Trd, 4318605.293, 140
Trd, 4318605.843, 121
Trd, 4318605.893, 117
Trd, 4318605.943, 117
Trd, 4318606.043, 116
Trd, 4318606.243, 100
Trd, 4318606.493, 86
Trd, 4318607.643, 131
Trd, 4318607.793, 99
Trd, 4318609.593, 106
Trd, 4318609.693, 126
Trd, 4318609.743, 70
Trd, 4318611.543, 62
Trd, 4318611.593, 64
Trd, 4318611.993, 62
Trd, 4318612.793, 60
Trd, 4318612.943, 62
Trd, 4318614.093, 60
Trd, 4318615.343, 72
Trd, 4318615.443, 61
Trd, 4318615.643, 87
Trd, 4318616.743, 94
Trd, 4318617.943, 84
Trd, 4318618.343, 125
Trd, 4318618.443, 79
Trd, 4318619.543, 129
Trd, 4318619.943, 95
Trd, 4318620.093, 128
Trd, 4318620.643, 74
Trd, 4318621.443, 67
Trd, 4318623.293, 64
Trd, 4318623.343, 72
Trd, 4318623.693, 66
Trd, 4318623.943, 72
Trd, 4318624.293, 101
Trd, 4318625.443, 60
Trd, 4318625.893, 63
Trd, 4318626.243, 61
Trd, 4318627.243, 61
Trd, 4318627.643, 61
Trd, 4318627.843, 63
Trd, 4318628.293, 66
Trd, 4318629.493, 61
Trd, 4318629.593, 64
Trd, 4318630.143, 65
Trd, 4318630.493, 82
Trd, 4318631.043, 68
Trd, 4318631.343, 93
Trd, 4318632.693, 64
Trd, 4318633.393, 61
Trd, 4318634.293, 73
Trd, 4318634.493, 64
Trd, 4318635.393, 67
Trd, 4318636.443, 68
Trd, 4318637.393, 107
Trd, 4318637.443, 103
Trd, 4318637.743, 131
Trd, 4318637.943, 88
Trd, 4318638.343, 140
Trd, 4318638.943, 61
Trd, 4318639.243, 61
Trd, 4318640.543, 79
Trd, 4318641.693, 61
Trd, 4318642.143, 89
Trd, 4318642.743, 60
Trd, 4318643.643, 60
Trd, 4318643.993, 60
Trd, 4318645.843, 137
Trd, 4318646.193, 137
Trd, 4318646.243, 106
Trd, 4318646.493, 136
Trd, 4318646.993, 92
Trd, 4318647.093, 83
Trd, 4318648.343, 113
Trd, 4318648.443, 102
Trd, 4318648.893, 92
Trd, 4318650.243, 82
Trd, 4318650.543, 80
Trd, 4318651.393, 67
Trd, 4318651.543, 69
Trd, 4318652.343, 117
Trd, 4318652.743, 67
Trd, 4318653.193, 65
Trd, 4318653.743, 73
Trd, 4318654.193, 79
Trd, 4318654.793, 61
Trd, 4318656.393, 60
Trd, 4318656.943, 66
Trd, 4318657.493, 68
Trd, 4318658.343, 65
Trd, 4318658.693, 107
Trd, 4318660.043, 61
Trd, 4318660.243, 67
Trd, 4318660.493, 65
Trd, 4318662.043, 63
Trd, 4318662.693, 60
Trd, 4318662.793, 61
Trd, 4318662.843, 67
Trd, 4318663.493, 60
Trd, 4318663.743, 94
Trd, 4318664.693, 66
Trd, 4318664.993, 71
Trd, 4318665.493, 70
Trd, 4318666.843, 82
Trd, 4318667.043, 79
Trd, 4318668.993, 61
Trd, 4318669.043, 70
Trd, 4318669.443, 60
Trd, 4318669.743, 63
Trd, 4318670.593, 138
Trd, 4318670.893, 62
Trd, 4318671.043, 131
Trd, 4318671.443, 62
Trd, 4318671.793, 67
Trd, 4318671.993, 111
Trd, 4318672.893, 63
Trd, 4318673.043, 67
Trd, 4318674.643, 72
Trd, 4318674.943, 117
Trd, 4318675.093, 63
Trd, 4318676.893, 64
Trd, 4318676.943, 65
Trd, 4318677.393, 60
Trd, 4318678.943, 61
Trd, 4318679.043, 61
Trd, 4318679.293, 62
Trd, 4318679.743, 62
Trd, 4318680.043, 64
Trd, 4318680.443, 94
Trd, 4318681.043, 108
Trd, 4318681.293, 138
Trd, 4318682.793, 105
Trd, 4318683.043, 60
Trd, 4318683.293, 71
Trd, 4318684.043, 62
Trd, 4318684.393, 101
Trd, 4318685.343, 136
Trd, 4318685.393, 116
Trd, 4318686.593, 131
Trd, 4318686.993, 126
Trd, 4318687.293, 100
Trd, 4318687.893, 120
Trd, 4318687.943, 116
Trd, 4318688.493, 73
Trd, 4318689.043, 63
Trd, 4318689.743, 74
Trd, 4318690.943, 63
Trd, 4318691.193, 66
Trd, 4318691.393, 85
Trd, 4318692.743, 67
Trd, 4318693.793, 104
Trd, 4318693.893, 100
Trd, 4318694.143, 117
Trd, 4318695.143, 67
Trd, 4318696.493, 60
Trd, 4318697.293, 67
Trd, 4318697.343, 67
Trd, 4318697.943, 65
Trd, 4318698.043, 65
Trd, 4318699.493, 60
Trd, 4318700.693, 60
Trd, 4318700.943, 61
Trd, 4318702.543, 64
Trd, 4318702.893, 67
Trd, 4318702.943, 71
Trd, 4318703.443, 60
Trd, 4318703.593, 60
Trd, 4318705.243, 126
Trd, 4318705.293, 95
Trd, 4318705.543, 67
Trd, 4318705.693, 113
Trd, 4318706.493, 61
Trd, 4318707.593, 78
Trd, 4318707.843, 66
Trd, 4318708.793, 77
Trd, 4318709.443, 64
Trd, 4318709.593, 76
Trd, 4318710.943, 68
Trd, 4318711.343, 96
Trd, 4318711.893, 91
Trd, 4318712.143, 84
Trd, 4318712.893, 96
Trd, 4318713.793, 113
Trd, 4318714.093, 93
Trd, 4318714.393, 140
Trd, 4318714.643, 75
Trd, 4318715.343, 132
Trd, 4318716.543, 122
Trd, 4318717.443, 139
Trd, 4318717.893, 117
Trd, 4318718.643, 140
Trd, 4318719.243, 115
Trd, 4318719.643, 106
Trd, 4318720.343, 101
Trd, 4318720.643, 78
Trd, 4318722.493, 64
Trd, 4318722.543, 67
Trd, 4318723.043, 104
Trd, 4318723.343, 60
Trd, 4318723.493, 61
Trd, 4318724.393, 140
Trd, 4318724.443, 139
Trd, 4318725.043, 127
Trd, 4318725.493, 138
Trd, 4318726.043, 121
Trd, 4318727.743, 140
Trd, 4318728.643, 127
Trd, 4318729.643, 116
Trd, 4318729.693, 115
Trd, 4318730.043, 111
Trd, 4318730.143, 87
Trd, 4318730.643, 112
Trd, 4318731.593, 85
Trd, 4318732.393, 97
Trd, 4318733.443, 60
Trd, 4318733.943, 67
Trd, 4318734.393, 60
Trd, 4318734.843, 61
Trd, 4318735.043, 77
Trd, 4318735.243, 87
Trd, 4318735.493, 133
Trd, 4318735.893, 71
Trd, 4318736.843, 60
Trd, 4318737.043, 61
Trd, 4318737.543, 61
Trd, 4318739.993, 60
Trd, 4318740.643, 64
Trd, 4318741.193, 60
Trd, 4318741.893, 63
Trd, 4318742.343, 68
Trd, 4318742.493, 72
Trd, 4318743.093, 63
Trd, 4318743.393, 64
Trd, 4318743.543, 70
Trd, 4318744.193, 107
Trd, 4318744.443, 96
Trd, 4318745.293, 64
Trd, 4318745.993, 95
Trd, 4318746.493, 107
Trd, 4318746.843, 108
Trd, 4318747.043, 81
Trd, 4318747.693, 121
Trd, 4318748.243, 81
Trd, 4318748.293, 64
Trd, 4318749.143, 62
Trd, 4318750.793, 63
Trd, 4318751.193, 65
Trd, 4318751.893, 125
Trd, 4318751.993, 122
Trd, 4318752.243, 89
Trd, 4318752.543, 117
Trd, 4318753.593, 74
Trd, 4318753.993, 96
Trd, 4318755.093, 134
Trd, 4318755.693, 128
Trd, 4318756.193, 95
Trd, 4318756.693, 87
Trd, 4318757.093, 117
Trd, 4318757.793, 128
Trd, 4318758.143, 73
Trd, 4318758.943, 136
Trd, 4318760.243, 93
Trd, 4318760.593, 73
Trd, 4318760.893, 88
Trd, 4318761.243, 84
Trd, 4318762.043, 135
Trd, 4318762.743, 104
Trd, 4318763.343, 76
Trd, 4318763.693, 140
Trd, 4318763.993, 89
Trd, 4318764.743, 86
Trd, 4318764.993, 85
Trd, 4318765.343, 110
Trd, 4318766.193, 69
Trd, 4318766.843, 127
Trd, 4318767.493, 61
Trd, 4318768.043, 67
Trd, 4318768.843, 63
Trd, 4318770.393, 61
Trd, 4318770.993, 61
Trd, 4318771.093, 65
Trd, 4318771.993, 60
Trd, 4318772.193, 115
Trd, 4318772.993, 121
Trd, 4318773.293, 94
Trd, 4318773.493, 63
Trd, 4318774.493, 65
Trd, 4318774.843, 71
Trd, 4318775.493, 131
Trd, 4318775.643, 80
Trd, 4318777.593, 89
Trd, 4318777.943, 88
Trd, 4318778.443, 128
Trd, 4318778.493, 124
Trd, 4318779.693, 100
Trd, 4318779.793, 74
Trd, 4318779.893, 128
Trd, 4318781.293, 140
Trd, 4318781.343, 132
Trd, 4318781.543, 96
Trd, 4318781.893, 117
Trd, 4318783.243, 60
Trd, 4318783.493, 64
Trd, 4318783.593, 81
Trd, 4318783.793, 70
Trd, 4318784.643, 62
Trd, 4318785.593, 61
Trd, 4318786.643, 62
Trd, 4318786.893, 64
Trd, 4318787.243, 106
Trd, 4318788.093, 71
Trd, 4318788.943, 61
Trd, 4318789.943, 111
Trd, 4318790.193, 108
Trd, 4318791.743, 63
Trd, 4318792.043, 60
Trd, 4318792.443, 60
Trd, 4318792.843, 64
Trd, 4318793.893, 69
Trd, 4318794.693, 66
Trd, 4318795.443, 62
Trd, 4318796.793, 136
Trd, 4318796.893, 105
Trd, 4318797.243, 101
Trd, 4318797.293, 99
Trd, 4318797.793, 63
Trd, 4318799.543, 68
Trd, 4318800.143, 60
Trd, 4318800.443, 62
Trd, 4318801.443, 63
Trd, 4318801.643, 88
Trd, 4318802.293, 67
Trd, 4318802.643, 69
Trd, 4318803.443, 127
Trd, 4318804.743, 137
Trd, 4318804.793, 131
Trd, 4318805.093, 111
Trd, 4318805.543, 138
Trd, 4318806.693, 131
Trd, 4318806.743, 114
Trd, 4318806.843, 113
Trd, 4318807.793, 65
Trd, 4318808.343, 60
Trd, 4318809.243, 124
Trd, 4318809.743, 114
Trd, 4318810.293, 65
Trd, 4318811.243, 60
Trd, 4318812.143, 75
Trd, 4318812.593, 99
Trd, 4318813.443, 140
Trd, 4318813.543, 76
Trd, 4318814.493, 62
Trd, 4318815.193, 61
Trd, 4318815.493, 96
Trd, 4318816.093, 90
Trd, 4318817.443, 132
Trd, 4318818.393, 116
Trd, 4318818.443, 115
Trd, 4318819.593, 102
Trd, 4318819.743, 75
Trd, 4318821.143, 139
Trd, 4318821.193, 106
Trd, 4318821.893, 63
Trd, 4318823.043, 61
Trd, 4318823.543, 69
Trd, 4318823.793, 86
Trd, 4318823.893, 102
Trd, 4318824.493, 114
Trd, 4318825.493, 68
Trd, 4318826.543, 60
Trd, 4318827.543, 62
Trd, 4318827.593, 79
Trd, 4318827.993, 71
Trd, 4318828.493, 95
Trd, 4318828.943, 116
Trd, 4318829.243, 77
Trd, 4318829.693, 99
Trd, 4318830.193, 81
Trd, 4318831.643, 65
Trd, 4318831.993, 106
Trd, 4318832.393, 64
Trd, 4318833.793, 113
Trd, 4318834.093, 121
Trd, 4318834.193, 73
Trd, 4318835.393, 140
Trd, 4318835.843, 80
Trd, 4318836.193, 75
Trd, 4318836.643, 90
Trd, 4318837.193, 101
Trd, 4318838.493, 118
Trd, 4318838.743, 77
Trd, 4318839.693, 72
Trd, 4318839.993, 66
Trd, 4318840.593, 62
Trd, 4318841.693, 61
Trd, 4318842.293, 60
Trd, 4318842.493, 61
Trd, 4318843.193, 65
Trd, 4318843.993, 63
Trd, 4318844.143, 61
Trd, 4318845.393, 68
Trd, 4318845.493, 67
Trd, 4318846.843, 60
Trd, 4318846.943, 65
Trd, 4318847.393, 85
Trd, 4318847.543, 66
Trd, 4318848.343, 67
Trd, 4318849.293, 61
Trd, 4318849.893, 68
Trd, 4318850.943, 94
Trd, 4318851.093, 94
Trd, 4318852.043, 63
Trd, 4318853.043, 76
Trd, 4318853.293, 70
Trd, 4318853.493, 62
Trd, 4318854.793, 63
Trd, 4318855.393, 62
Trd, 4318855.543, 81
Trd, 4318855.943, 124
Trd, 4318856.243, 119
Trd, 4318856.393, 84
Trd, 4318856.993, 87
Trd, 4318858.043, 107
Trd, 4318859.243, 62
Trd, 4318859.543, 62
Trd, 4318859.793, 63
Trd, 4318859.993, 112
Trd, 4318860.343, 79
Trd, 4318861.943, 64
Trd, 4318862.093, 67
Trd, 4318862.843, 60
Trd, 4318863.293, 64
Trd, 4318864.543, 62
Trd, 4318866.043, 63
Trd, 4318866.243, 69
Trd, 4318866.893, 62
Trd, 4318868.043, 61
Trd, 4318868.193, 62
Trd, 4318868.393, 68
Trd, 4318869.293, 65
Trd, 4318869.593, 73
Trd, 4318870.293, 103
Trd, 4318870.843, 126
Trd, 4318870.893, 124
Trd, 4318871.043, 119
Trd, 4318874.043, 61
Trd, 4318875.143, 62
Trd, 4318875.243, 60
Trd, 4318875.493, 60
Trd, 4318875.643, 63
Trd, 4318876.693, 105
Trd, 4318877.993, 102
Trd, 4318879.143, 92
Trd, 4318880.093, 75
Trd, 4318880.243, 70
Trd, 4318880.593, 90
Trd, 4318880.643, 132
Trd, 4318881.743, 126
Trd, 4318881.793, 120
Trd, 4318882.343, 103
Trd, 4318882.393, 102
Trd, 4318882.643, 80
Trd, 4318884.043, 94
Trd, 4318884.743, 97
Trd, 4318885.693, 102
Trd, 4318886.143, 126
Trd, 4318886.193, 71
Trd, 4318886.943, 108
Trd, 4318887.243, 87
Trd, 4318887.743, 82
Trd, 4318888.743, 127
Trd, 4318889.743, 138
Trd, 4318889.943, 134
Trd, 4318890.343, 132
Trd, 4318890.393, 88
Trd, 4318891.193, 77
Trd, 4318891.593, 60
Trd, 4318892.143, 88
Trd, 4318893.093, 61
Trd, 4318894.293, 72
Trd, 4318895.193, 79
Trd, 4318895.443, 76
Trd, 4318896.093, 61
Trd, 4318896.793, 60
Trd, 4318896.943, 69
Trd, 4318897.093, 111
Trd, 4318897.643, 77
Trd, 4318897.993, 94
Trd, 4318898.343, 67
Trd, 4318899.993, 74
Trd, 4318901.143, 63
Trd, 4318901.493, 124
Trd, 4318902.793, 61
Trd, 4318903.293, 64
Trd, 4318903.893, 63
Trd, 4318904.193, 66
Trd, 4318904.593, 66
Trd, 4318904.893, 64
Trd, 4318905.443, 108
Trd, 4318905.893, 60
Trd, 4318906.393, 98
Trd, 4318907.693, 61
Trd, 4318908.193, 60
Trd, 4318908.593, 81
Trd, 4318909.643, 60
Trd, 4318909.843, 63
Trd, 4318910.293, 137
Trd, 4318912.093, 60
Trd, 4318912.343, 61
Trd, 4318912.493, 63
Trd, 4318913.493, 63
Trd, 4318914.243, 65
Trd, 4318915.193, 65
Trd, 4318915.693, 62
Trd, 4318916.793, 60
Trd, 4318916.843, 73
Trd, 4318917.293, 63
Trd, 4318917.643, 94
Trd, 4318917.943, 96
Trd, 4318919.043, 62
Trd, 4318920.943, 60
Trd, 4318921.993, 61
Trd, 4318922.343, 65
Trd, 4318922.493, 72
Trd, 4318922.593, 74
Trd, 4318924.443, 61
Trd, 4318924.893, 62
Trd, 4318925.793, 63
Trd, 4318926.693, 61
Trd, 4318926.893, 60
Trd, 4318927.943, 65
Trd, 4318928.293, 66
Trd, 4318928.543, 75
Trd, 4318929.093, 61
Trd, 4318929.893, 60
Trd, 4318930.343, 61
Trd, 4318931.143, 67
Trd, 4318932.443, 60
Trd, 4318932.843, 62
Trd, 4318933.493, 61
Trd, 4318933.543, 66
Trd, 4318934.593, 60
Trd, 4318934.743, 62
Trd, 4318935.793, 60
Trd, 4318936.043, 62
Trd, 4318937.043, 63
Trd, 4318937.993, 80
Trd, 4318938.693, 116
Trd, 4318939.093, 111
Trd, 4318939.693, 140
Trd, 4318939.943, 115
Trd, 4318940.043, 114
Trd, 4318940.393, 139
Trd, 4318940.743, 113
Trd, 4318940.993, 102
Trd, 4318942.393, 102
Trd, 4318942.793, 101
Trd, 4318942.843, 94
Trd, 4318943.793, 140
Trd, 4318944.243, 89
Trd, 4318944.693, 69
Trd, 4318945.493, 138
Trd, 4318946.893, 65
Trd, 4318946.943, 66
Trd, 4318947.293, 60
Trd, 4318948.343, 132
Trd, 4318948.643, 109
Trd, 4318949.793, 79
Trd, 4318950.443, 65
Trd, 4318950.493, 72
Trd, 4318950.793, 65
Trd, 4318951.293, 96
Trd, 4318952.843, 61
Trd, 4318953.993, 134
Trd, 4318954.193, 128
Trd, 4318954.343, 109
Trd, 4318954.893, 101
Trd, 4318955.393, 79
Trd, 4318955.793, 139
Trd, 4318955.893, 76
Trd, 4318957.043, 65
Trd, 4318957.293, 66
Trd, 4318958.593, 63
Trd, 4318958.693, 65
Trd, 4318959.143, 62
Trd, 4318959.393, 116
Trd, 4318959.993, 101
Trd, 4318960.843, 65
Trd, 4318961.443, 70
Trd, 4318962.293, 129
Trd, 4318962.393, 120
Trd, 4318963.243, 71
Trd, 4318964.243, 126
Trd, 4318964.343, 109
Trd, 4318964.493, 92
Trd, 4318966.893, 139
Trd, 4318967.493, 111
Trd, 4318968.243, 114
Trd, 4318968.793, 106
Trd, 4318968.943, 105
Trd, 4318969.593, 83
Trd, 4318969.643, 72
Trd, 4318971.093, 62
Trd, 4318971.293, 60
Trd, 4318971.793, 70
Trd, 4318972.293, 61
Trd, 4318972.893, 66
Trd, 4318973.493, 97
Trd, 4318974.243, 64
Trd, 4318974.843, 62
Trd, 4318974.993, 61
Trd, 4318977.043, 103
Trd, 4318977.443, 103
Trd, 4318978.293, 138
Trd, 4318978.893, 123
Trd, 4318979.643, 139
Trd, 4318980.093, 63
Trd, 4318981.493, 60
Trd, 4318981.743, 63
Trd, 4318981.943, 66
Trd, 4318982.393, 66
Trd, 4318983.643, 131
Trd, 4318984.643, 138
Trd, 4318984.943, 112
Trd, 4318985.193, 121
Trd, 4318985.543, 122
Trd, 4318985.993, 117
Trd, 4318986.593, 118
Trd, 4318986.943, 105
Trd, 4318987.893, 135
Trd, 4318988.193, 92
Trd, 4318988.743, 140
Trd, 4318988.793, 84
Trd, 4318989.143, 67
Trd, 4318990.043, 99
Trd, 4318990.993, 82
Trd, 4318991.343, 97
Trd, 4318991.843, 108
Trd, 4318993.243, 74
Trd, 4318993.643, 139
Trd, 4318993.993, 73
Trd, 4318994.093, 62
Trd, 4318996.093, 104
Trd, 4318997.443, 101
Trd, 4318997.893, 87
Trd, 4318998.093, 75
Trd, 4318998.143, 66
Trd, 4318998.893, 85
Trd, 4318999.743, 69
Trd, 4318999.793, 82
Trd, 4319000.443, 113
Trd, 4319001.343, 114
Trd, 4319001.943, 102
Trd, 4319002.293, 86
Trd, 4319003.143, 84
Trd, 4319003.643, 84
Trd, 4319004.293, 140
Trd, 4319004.793, 63
Trd, 4319005.243, 60
Trd, 4319005.593, 61
Trd, 4319006.493, 75
Trd, 4319007.493, 117
Trd, 4319008.493, 113
Trd, 4319009.143, 119
Trd, 4319009.193, 127
Trd, 4319009.343, 101
Trd, 4319009.893, 81
Trd, 4319011.293, 114
Trd, 4319011.793, 73
Trd, 4319012.593, 63
Trd, 4319013.743, 63
Trd, 4319014.293, 63
Trd, 4319014.343, 65
Trd, 4319015.093, 60
Trd, 4319015.243, 60
Trd, 4319016.543, 120
Trd, 4319016.643, 93
Trd, 4319016.743, 60
Trd, 4319017.093, 61
Trd, 4319018.693, 62
Trd, 4319018.893, 69
Trd, 4319019.543, 81
Trd, 4319019.643, 78
Trd, 4319020.293, 61
Trd, 4319021.143, 62
Trd, 4319021.693, 61
Trd, 4319021.993, 61
Trd, 4319022.043, 63
Trd, 4319023.593, 106
Trd, 4319024.993, 82
Trd, 4319025.643, 67
Trd, 4319026.643, 82
Trd, 4319027.143, 65
Trd, 4319028.043, 72
Trd, 4319028.693, 87
Trd, 4319029.793, 119
Trd, 4319030.343, 139
Trd, 4319030.393, 134
Trd, 4319030.493, 115
Trd, 4319030.593, 114
Trd, 4319031.043, 112
Trd, 4319031.493, 89
Trd, 4319033.293, 65
Trd, 4319033.793, 61
Trd, 4319034.093, 67
Trd, 4319035.543, 64
Trd, 4319036.043, 133
Trd, 4319036.293, 127
Trd, 4319036.693, 100
Trd, 4319037.293, 111
Trd, 4319037.343, 114
Trd, 4319037.393, 73
Trd, 4319037.593, 70
Trd, 4319038.593, 101
Trd, 4319039.393, 136
Trd, 4319040.693, 60
Trd, 4319041.343, 61
Trd, 4319041.693, 62
Trd, 4319042.193, 63
Trd, 4319042.393, 66
Trd, 4319043.543, 140
Trd, 4319043.993, 116
Trd, 4319044.093, 123
Trd, 4319044.193, 114
Trd, 4319045.843, 60
Trd, 4319046.543, 111
Trd, 4319047.343, 80
Trd, 4319048.593, 69
Trd, 4319049.393, 79
Trd, 4319049.443, 74
Trd, 4319049.943, 60
Trd, 4319050.493, 70
Trd, 4319050.893, 60
Trd, 4319051.343, 60
Trd, 4319051.643, 64
Trd, 4319052.293, 65
Trd, 4319052.493, 69
Trd, 4319053.643, 93
Trd, 4319054.693, 67
Trd, 4319054.943, 66
Trd, 4319054.993, 69
Trd, 4319055.393, 61
Trd, 4319055.543, 63
Trd, 4319055.943, 66
Trd, 4319056.543, 70
Trd, 4319058.843, 91
Trd, 4319058.893, 87
Trd, 4319059.843, 61
Trd, 4319060.793, 62
Trd, 4319061.593, 60
Trd, 4319061.743, 63
Trd, 4319062.843, 64
Trd, 4319064.243, 132
Trd, 4319064.343, 110
Trd, 4319065.343, 81
Trd, 4319065.793, 67
Trd, 4319066.043, 62
Trd, 4319066.243, 71
Trd, 4319066.393, 86
Trd, 4319066.793, 80
Trd, 4319067.793, 60
Trd, 4319068.743, 91
Trd, 4319068.893, 88
Trd, 4319068.993, 88
Trd, 4319070.843, 60
Trd, 4319071.043, 63
Trd, 4319071.193, 69
Trd, 4319072.943, 79
Trd, 4319073.193, 72
Trd, 4319073.593, 99
Trd, 4319073.943, 94
Trd, 4319073.993, 88
Trd, 4319074.293, 98
Trd, 4319075.343, 72
Trd, 4319075.443, 64
Trd, 4319076.643, 61
Trd, 4319077.093, 62
Trd, 4319077.893, 61
Trd, 4319078.193, 97
Trd, 4319079.443, 60
Trd, 4319080.393, 62
Trd, 4319080.693, 61
Trd, 4319080.843, 67
Trd, 4319081.493, 61
Trd, 4319082.043, 84
Trd, 4319082.343, 67
Trd, 4319083.193, 66
Trd, 4319084.443, 70
Trd, 4319085.493, 64
Trd, 4319086.193, 62
Trd, 4319087.243, 60
Trd, 4319087.593, 63
Trd, 4319088.043, 140
Trd, 4319088.143, 131
Trd, 4319088.793, 118
Trd, 4319088.893, 70
Trd, 4319090.343, 140
Trd, 4319090.893, 125
Trd, 4319090.993, 118
Trd, 4319091.893, 102
Trd, 4319092.193, 89
Trd, 4319092.543, 110
Trd, 4319092.893, 60
Trd, 4319094.143, 64
Trd, 4319095.193, 60
Trd, 4319096.243, 63
Trd, 4319096.943, 60
Trd, 4319097.493, 66
Trd, 4319098.293, 60
Trd, 4319099.143, 64
Trd, 4319099.343, 92
Trd, 4319099.643, 63
Trd, 4319100.043, 140
Trd, 4319100.693, 114
Trd, 4319101.143, 62
Trd, 4319101.393, 70
Trd, 4319102.143, 69
Trd, 4319104.393, 60
Trd, 4319104.843, 77
Trd, 4319105.443, 60
Trd, 4319105.793, 64
Trd, 4319106.043, 65
Trd, 4319106.393, 60
Trd, 4319106.493, 60
Trd, 4319106.793, 90
Trd, 4319108.093, 60
Trd, 4319109.043, 83
Trd, 4319109.543, 62
Trd, 4319110.143, 62
Trd, 4319110.293, 115
Trd, 4319110.943, 61
Trd, 4319111.743, 138
Trd, 4319111.793, 135
Trd, 4319112.143, 132
Trd, 4319113.793, 110
Trd, 4319113.943, 62
Trd, 4319114.643, 140
Trd, 4319115.893, 85
Trd, 4319116.243, 93
Trd, 4319117.393, 102
Trd, 4319117.493, 119
Trd, 4319118.143, 115
Trd, 4319119.393, 130
Trd, 4319119.493, 88
Trd, 4319119.743, 87
Trd, 4319120.393, 83
Trd, 4319120.593, 86
Trd, 4319121.793, 139
Trd, 4319121.843, 115
Trd, 4319122.193, 130
Trd, 4319122.543, 121
Trd, 4319123.543, 111
Trd, 4319124.343, 125
Trd, 4319124.393, 83
Trd, 4319125.793, 72
Trd, 4319126.293, 81
Trd, 4319126.793, 107
Trd, 4319127.243, 60
Trd, 4319128.293, 138
Trd, 4319128.593, 132
Trd, 4319128.843, 99
Trd, 4319129.843, 71
Trd, 4319130.193, 63
Trd, 4319130.293, 66
Trd, 4319130.993, 61
Trd, 4319131.043, 63
Trd, 4319131.443, 102
Trd, 4319132.143, 84
Trd, 4319132.543, 140
Trd, 4319133.593, 99
Trd, 4319134.193, 83
Trd, 4319135.093, 80
Trd, 4319135.643, 63
Trd, 4319135.943, 61
Trd, 4319136.493, 107
Trd, 4319137.193, 66
Trd, 4319137.843, 62
Trd, 4319138.993, 61
Trd, 4319139.143, 64
Trd, 4319140.143, 87
Trd, 4319140.193, 84
Trd, 4319140.393, 107
Trd, 4319141.043, 102
Trd, 4319141.893, 107
Trd, 4319142.643, 70
Trd, 4319144.343, 86
Trd, 4319144.493, 78
Trd, 4319144.993, 75
Trd, 4319145.393, 72
Trd, 4319145.743, 71
Trd, 4319146.393, 125
Trd, 4319147.343, 82
Trd, 4319147.893, 140
Trd, 4319148.543, 123
Trd, 4319148.893, 89
Trd, 4319149.193, 118
Trd, 4319149.293, 70
Trd, 4319150.143, 96
Trd, 4319150.893, 83
Trd, 4319152.993, 100
Trd, 4319153.243, 96
Trd, 4319153.343, 96
Trd, 4319154.843, 80
Trd, 4319155.293, 109
Trd, 4319155.393, 107
Trd, 4319155.843, 85
Trd, 4319155.993, 94
Trd, 4319156.743, 140
Trd, 4319157.043, 87
Trd, 4319158.843, 124
Trd, 4319159.143, 93
Trd, 4319159.743, 96
Trd, 4319159.943, 65
Trd, 4319161.143, 103
Trd, 4319162.793, 60
Trd, 4319163.143, 60
Trd, 4319163.243, 64
Trd, 4319163.943, 76
Trd, 4319164.493, 64
Trd, 4319164.893, 69
Trd, 4319165.993, 140
Trd, 4319166.243, 111
Trd, 4319166.293, 106
Trd, 4319166.843, 114
Trd, 4319168.443, 139
Trd, 4319169.543, 139
Trd, 4319170.343, 140
Trd, 4319170.543, 117
Trd, 4319171.293, 137
Trd, 4319171.343, 94
Trd, 4319171.943, 73
Trd, 4319172.443, 82
Trd, 4319172.993, 60
Trd, 4319173.343, 63
Trd, 4319173.743, 70
Trd, 4319174.093, 63
Trd, 4319175.893, 62
Trd, 4319176.093, 133
Trd, 4319176.443, 99
Trd, 4319177.793, 60
Trd, 4319178.043, 73
Trd, 4319178.793, 63
Trd, 4319179.143, 63
Trd, 4319181.443, 61
Trd, 4319181.693, 87
Trd, 4319182.293, 86
Trd, 4319183.293, 139
Trd, 4319183.543, 133
Trd, 4319183.793, 124
Trd, 4319184.293, 109
Trd, 4319184.993, 105
Trd, 4319185.243, 83
Trd, 4319186.643, 61
Trd, 4319186.993, 63
Trd, 4319187.143, 69
Trd, 4319187.743, 65
Trd, 4319188.593, 60
Trd, 4319188.743, 60
Trd, 4319189.143, 61
Trd, 4319189.943, 140
Trd, 4319190.443, 97
Trd, 4319191.143, 124
Trd, 4319191.243, 81
Trd, 4319192.243, 62
Trd, 4319194.193, 66
Trd, 4319194.693, 61
Trd, 4319194.743, 72
Trd, 4319194.893, 89
Trd, 4319195.793, 72
Trd, 4319196.193, 104
Trd, 4319196.893, 108
Trd, 4319197.343, 137
Trd, 4319197.993, 135
Trd, 4319198.293, 112
Trd, 4319198.893, 131
Trd, 4319199.393, 91
Trd, 4319200.443, 60
Trd, 4319200.943, 84
Trd, 4319201.093, 69
Trd, 4319202.893, 135
Trd, 4319203.043, 109
Trd, 4319204.343, 135
Trd, 4319204.443, 103
Trd, 4319204.793, 97
Trd, 4319204.993, 100
Trd, 4319205.793, 139
Trd, 4319206.693, 77
Trd, 4319207.043, 64
Trd, 4319208.393, 138
Trd, 4319208.843, 97
Trd, 4319209.293, 83
Trd, 4319209.843, 72
Trd, 4319210.043, 120
Trd, 4319210.543, 124
Trd, 4319211.243, 64
Trd, 4319212.343, 60
Trd, 4319213.293, 63
Trd, 4319213.543, 70
Trd, 4319214.343, 61
Trd, 4319214.393, 63
Trd, 4319215.493, 61
Trd, 4319215.693, 63
Trd, 4319216.043, 60
Trd, 4319216.193, 64
Trd, 4319217.543, 71
Trd, 4319218.493, 83
Trd, 4319220.193, 60
Trd, 4319220.743, 61
Trd, 4319221.343, 64
Trd, 4319222.843, 66
Trd, 4319223.093, 105
Trd, 4319223.543, 62
Trd, 4319223.943, 61
Trd, 4319224.343, 127
Trd, 4319224.893, 61
Trd, 4319226.043, 60
Trd, 4319226.343, 61
Trd, 4319226.843, 99
Trd, 4319227.343, 108
Trd, 4319228.193, 62
Trd, 4319228.593, 61
Trd, 4319230.293, 62
Trd, 4319230.343, 70
Trd, 4319230.893, 62
Trd, 4319231.343, 67
Trd, 4319232.143, 61
Trd, 4319232.443, 78
Trd, 4319233.043, 81
Trd, 4319233.093, 78
Trd, 4319234.143, 140
Trd, 4319234.243, 111
Trd, 4319235.743, 105
Trd, 4319235.893, 112
Trd, 4319236.143, 99
Trd, 4319238.193, 99
Trd, 4319238.493, 99
Trd, 4319238.693, 88
Trd, 4319239.393, 75
Trd, 4319239.493, 66
Trd, 4319239.943, 72
Trd, 4319240.543, 140
Trd, 4319241.243, 120
Trd, 4319241.693, 114
Trd, 4319242.393, 97
Trd, 4319243.243, 65
Trd, 4319243.543, 133
Trd, 4319244.243, 126
Trd, 4319244.643, 135
Trd, 4319245.593, 123
Trd, 4319246.043, 65
Trd, 4319246.943, 60
Trd, 4319247.243, 81
Trd, 4319247.443, 77
Trd, 4319247.793, 98
Trd, 4319248.543, 123
Trd, 4319248.893, 83
Trd, 4319249.643, 140
Trd, 4319251.443, 64
Trd, 4319252.093, 60
Trd, 4319252.393, 106
Trd, 4319252.793, 66
Trd, 4319253.543, 87
Trd, 4319254.993, 75
Trd, 4319255.743, 86
Trd, 4319255.893, 101
Trd, 4319256.093, 62
Trd, 4319257.543, 61
Trd, 4319258.343, 104
Trd, 4319259.093, 128
Trd, 4319259.593, 104
Trd, 4319260.143, 95
Trd, 4319260.443, 83
Trd, 4319260.893, 66
Trd, 4319261.043, 105
Trd, 4319261.243, 111
Trd, 4319262.243, 86
Trd, 4319263.243, 67
Trd, 4319263.293, 73
Trd, 4319264.243, 70
Trd, 4319265.043, 61
Trd, 4319265.993, 62
Trd, 4319266.743, 62
Trd, 4319266.843, 89
Trd, 4319267.493, 73
Trd, 4319267.593, 70
Trd, 4319268.293, 124
Trd, 4319268.693, 122
Trd, 4319269.343, 98
Trd, 4319269.793, 66
Trd, 4319270.743, 104
Trd, 4319270.943, 68
Trd, 4319271.793, 78
Trd, 4319272.093, 71
Trd, 4319273.493, 125
Trd, 4319274.093, 120
Trd, 4319274.593, 111
Trd, 4319275.593, 119
Trd, 4319276.043, 127
Trd, 4319276.143, 131
Trd, 4319276.493, 136
Trd, 4319277.093, 118
Trd, 4319277.593, 123
Trd, 4319278.093, 61
Trd, 4319278.393, 60
Trd, 4319279.293, 118
Trd, 4319280.693, 102
Trd, 4319281.043, 135
Trd, 4319281.693, 116
Trd, 4319282.443, 112
Trd, 4319282.593, 99
Trd, 4319282.693, 88
Trd, 4319282.743, 77
Trd, 4319283.243, 60
Trd, 4319283.393, 62
Trd, 4319284.493, 140
Trd, 4319284.693, 117
Trd, 4319285.943, 63
Trd, 4319286.943, 61
Trd, 4319287.293, 67
Trd, 4319287.543, 77
Trd, 4319288.393, 67
Trd, 4319288.443, 107
Trd, 4319288.943, 65
Trd, 4319290.043, 60
Trd, 4319290.593, 60
Trd, 4319290.793, 65
Trd, 4319291.993, 60
Trd, 4319292.143, 60
Trd, 4319292.593, 61
Trd, 4319294.093, 60
Trd, 4319294.643, 61
Trd, 4319295.243, 63
Trd, 4319296.043, 61
Trd, 4319296.343, 62
Trd, 4319296.793, 75
Trd, 4319297.043, 70
Trd, 4319297.493, 113
Trd, 4319298.243, 93
Trd, 4319298.743, 65
Trd, 4319299.043, 67
Trd, 4319299.293, 60
Trd, 4319302.143, 60
Trd, 4319302.443, 60
Trd, 4319302.543, 64
Trd, 4319303.543, 60
Trd, 4319303.593, 62
Trd, 4319304.093, 61
Trd, 4319304.443, 70
Trd, 4319304.743, 62
Trd, 4319305.043, 70
Trd, 4319306.893, 61
Trd, 4319306.993, 63
Trd, 4319307.143, 82
Trd, 4319309.793, 61
Trd, 4319310.093, 60
Trd, 4319310.793, 60
Trd, 4319310.893, 62
Trd, 4319310.943, 63
Trd, 4319311.393, 62
Trd, 4319311.643, 62
Trd, 4319312.393, 60
Trd, 4319312.993, 64
Trd, 4319314.343, 60
Trd, 4319314.443, 60
Trd, 4319315.343, 64
Trd, 4319316.143, 67
Trd, 4319316.993, 70
Trd, 4319317.643, 98
Trd, 4319318.343, 84
Trd, 4319319.693, 64
Trd, 4319320.493, 69
Trd, 4319320.693, 114
Trd, 4319321.693, 71
Trd, 4319322.143, 122
Trd, 4319322.643, 96
Trd, 4319322.793, 94
Trd, 4319323.443, 139
Trd, 4319324.193, 60
Trd, 4319324.643, 60
Trd, 4319325.643, 140
Trd, 4319326.093, 110
Trd, 4319327.543, 60
Trd, 4319327.893, 77
Trd, 4319328.543, 61
Trd, 4319328.743, 83
Trd, 4319329.643, 96
Trd, 4319329.693, 85
Trd, 4319330.393, 82
Trd, 4319331.243, 65
Trd, 4319332.143, 66
Trd, 4319333.043, 119
Trd, 4319333.293, 81
Trd, 4319334.143, 140
Trd, 4319334.593, 118
Trd, 4319334.843, 108
Trd, 4319334.943, 85
Trd, 4319335.393, 63
Trd, 4319335.793, 136
Trd, 4319335.843, 130
Trd, 4319336.193, 103
Trd, 4319336.743, 124
Trd, 4319337.043, 76
Trd, 4319337.643, 69
Trd, 4319339.793, 137
Trd, 4319339.943, 122
Trd, 4319340.243, 113
Trd, 4319341.093, 121
Trd, 4319341.743, 61
Trd, 4319342.193, 73
Trd, 4319343.293, 63
Trd, 4319344.093, 64
Trd, 4319344.843, 94
Trd, 4319344.893, 83
Trd, 4319344.993, 102
Trd, 4319345.693, 63
Trd, 4319346.743, 62
Trd, 4319347.443, 60
Trd, 4319347.593, 111
Trd, 4319348.243, 137
Trd, 4319348.693, 70
Trd, 4319350.093, 60
Trd, 4319350.643, 61
Trd, 4319350.693, 61
Trd, 4319350.943, 62
Trd, 4319351.943, 67
Trd, 4319351.993, 68
Trd, 4319352.143, 83
Trd, 4319352.893, 125
Trd, 4319353.093, 120
Trd, 4319353.393, 85
Trd, 4319354.343, 87
Trd, 4319355.493, 125
Trd, 4319356.993, 118
Trd, 4319357.143, 86
Trd, 4319357.343, 80
Trd, 4319358.193, 68
Trd, 4319358.243, 70
Trd, 4319358.343, 79
Trd, 4319359.793, 60
Trd, 4319360.643, 60
Trd, 4319360.893, 68
Trd, 4319361.543, 108
Trd, 4319361.843, 110
Trd, 4319362.243, 104
Trd, 4319362.993, 95
Trd, 4319363.443, 132
Trd, 4319364.643, 139
Trd, 4319364.743, 138
Trd, 4319365.593, 62
Trd, 4319365.793, 64
Trd, 4319366.193, 88
Trd, 4319366.893, 63
Trd, 4319368.693, 60
Trd, 4319368.793, 63
Trd, 4319369.493, 67
Trd, 4319371.143, 63
Trd, 4319371.543, 90
Trd, 4319371.643, 88
Trd, 4319371.743, 92
Trd, 4319372.443, 83
Trd, 4319373.093, 87
Trd, 4319373.393, 82
Trd, 4319373.493, 60
Trd, 4319374.043, 101
Trd, 4319376.093, 61
Trd, 4319376.443, 68
Trd, 4319376.893, 88
Trd, 4319377.043, 96
Trd, 4319377.443, 72
Trd, 4319377.693, 105
Trd, 4319378.393, 101
Trd, 4319378.993, 121
Trd, 4319379.343, 108
Trd, 4319379.443, 138
Trd, 4319380.543, 61
Trd, 4319380.843, 67
Trd, 4319382.843, 72
Trd, 4319383.643, 69
Trd, 4319383.793, 68
Trd, 4319384.043, 81
Trd, 4319385.293, 114
Trd, 4319385.493, 64
Trd, 4319385.693, 65
Trd, 4319386.393, 84
Trd, 4319388.743, 62
Trd, 4319388.843, 63
Trd, 4319388.993, 94
Trd, 4319389.343, 70
Trd, 4319389.693, 140
Trd, 4319390.093, 67
Trd, 4319390.593, 75
Trd, 4319391.793, 62
Trd, 4319392.943, 127
Trd, 4319392.993, 106
Trd, 4319393.443, 130
Trd, 4319393.593, 129
Trd, 4319393.793, 90
Trd, 4319394.493, 67
Trd, 4319397.643, 61
Trd, 4319397.743, 62
Trd, 4319397.793, 63
Trd, 4319397.993, 66
Trd, 4319398.243, 74
Trd, 4319398.293, 113
Trd, 4319398.793, 60
Trd, 4319399.293, 85
Trd, 4319400.343, 100
Trd, 4319400.693, 81
Trd, 4319400.943, 74
Trd, 4319402.643, 139
Trd, 4319403.143, 113
Trd, 4319403.443, 103
Trd, 4319404.493, 128
Trd, 4319404.743, 116
Trd, 4319405.443, 68
Trd, 4319406.193, 80
Trd, 4319407.243, 140
Trd, 4319407.493, 133
Trd, 4319407.843, 126
Trd, 4319408.193, 123
Trd, 4319408.893, 103
Trd, 4319409.993, 84
Trd, 4319410.143, 72
Trd, 4319410.843, 139
Trd, 4319411.493, 64
Trd, 4319412.493, 122
Trd, 4319412.693, 78
Trd, 4319414.043, 87
Trd, 4319414.243, 101
Trd, 4319414.593, 79
Trd, 4319414.993, 79
Trd, 4319415.443, 62
Trd, 4319416.493, 75
Trd, 4319417.543, 67
Trd, 4319418.593, 88
Trd, 4319418.693, 85
Trd, 4319419.543, 97
Trd, 4319419.743, 81
Trd, 4319420.093, 138
Trd, 4319420.843, 120
Trd, 4319422.143, 60
Trd, 4319422.293, 63
Trd, 4319423.093, 140
Trd, 4319423.493, 69
Trd, 4319424.143, 99
Trd, 4319425.343, 72
Trd, 4319425.393, 68
Trd, 4319425.893, 62
Trd, 4319426.043, 73
Trd, 4319426.343, 62
Trd, 4319427.843, 68
Trd, 4319428.743, 60
Trd, 4319428.793, 60
Trd, 4319429.293, 69
Trd, 4319429.893, 70
Trd, 4319431.293, 62
Trd, 4319431.443, 76
Trd, 4319432.043, 69
Trd, 4319432.593, 140
Trd, 4319433.293, 62
Trd, 4319433.943, 69
Trd, 4319434.443, 65
Trd, 4319435.393, 62
Trd, 4319435.793, 73
Trd, 4319438.043, 66
Trd, 4319438.443, 60
Trd, 4319438.793, 101
Trd, 4319438.993, 68
Trd, 4319440.543, 60
Trd, 4319441.043, 96
Trd, 4319441.293, 75
Trd, 4319441.793, 60
Trd, 4319441.843, 65
Trd, 4319443.193, 71
Trd, 4319443.893, 140
Trd, 4319444.493, 123
Trd, 4319444.993, 114
Trd, 4319445.393, 111
Trd, 4319445.593, 92
Trd, 4319446.693, 140
Trd, 4319446.893, 87
Trd, 4319447.543, 76
Trd, 4319447.743, 72
Trd, 4319448.893, 64
Trd, 4319449.743, 68
Trd, 4319450.143, 120
Trd, 4319450.693, 138
Trd, 4319450.993, 122
Trd, 4319451.043, 116
Trd, 4319452.793, 109
Trd, 4319453.343, 100
Trd, 4319454.343, 133
Trd, 4319454.593, 127
Trd, 4319454.693, 65
Trd, 4319455.193, 122
Trd, 4319455.493, 101
Trd, 4319455.993, 138
Trd, 4319456.693, 132
Trd, 4319457.543, 63
Trd, 4319458.443, 139
Trd, 4319458.543, 86
Trd, 4319459.293, 61
Trd, 4319460.643, 61
Trd, 4319461.493, 109
Trd, 4319462.293, 77
Trd, 4319462.343, 81
Trd, 4319463.493, 139
Trd, 4319463.993, 73
Trd, 4319464.293, 95
Trd, 4319464.993, 140
Trd, 4319465.493, 124
Trd, 4319466.043, 72
Trd, 4319466.443, 60
Trd, 4319467.093, 65
Trd, 4319468.043, 70
Trd, 4319468.693, 74
Trd, 4319469.293, 62
Trd, 4319469.593, 99
Trd, 4319470.893, 61
Trd, 4319471.443, 63
Trd, 4319471.543, 89
Trd, 4319472.693, 85
Trd, 4319473.043, 90
Trd, 4319474.593, 61
Trd, 4319474.843, 68
Trd, 4319475.143, 70
Trd, 4319475.543, 63
Trd, 4319476.193, 62
Trd, 4319476.443, 140
Trd, 4319476.793, 65
Trd, 4319477.593, 64
Trd, 4319477.793, 122
Trd, 4319478.043, 88
Trd, 4319478.843, 63
Trd, 4319479.943, 60
Trd, 4319481.093, 66
Trd, 4319482.293, 60
Trd, 4319482.443, 65
Trd, 4319483.393, 64
Trd, 4319483.593, 73
Trd, 4319484.143, 64
Trd, 4319485.093, 62
Trd, 4319486.143, 60
Trd, 4319487.593, 60
Trd, 4319487.643, 66
Trd, 4319487.793, 96
Trd, 4319487.943, 103
Trd, 4319488.493, 61
Trd, 4319489.343, 83
Trd, 4319490.543, 86
Trd, 4319491.193, 83
Trd, 4319491.493, 65
Trd, 4319492.443, 61
Trd, 4319493.693, 60
Trd, 4319493.893, 74
Trd, 4319494.543, 76
Trd, 4319494.943, 140
Trd, 4319495.143, 130
Trd, 4319495.643, 124
Trd, 4319496.043, 115
Trd, 4319496.193, 140
Trd, 4319496.593, 91
Trd, 4319498.993, 60
Trd, 4319499.593, 67
Trd, 4319499.643, 67
Trd, 4319500.243, 75
Trd, 4319500.493, 79
Trd, 4319500.893, 83
Trd, 4319502.143, 63
Trd, 4319503.093, 60
Trd, 4319503.643, 130
Trd, 4319503.843, 77
Trd, 4319505.243, 101
Trd, 4319505.443, 122
Trd, 4319505.493, 71
Trd, 4319505.893, 64
Trd, 4319506.693, 136
Trd, 4319507.093, 62
Trd, 4319507.393, 67
Trd, 4319507.693, 63
Trd, 4319508.593, 77
Trd, 4319509.943, 73
Trd, 4319510.893, 121
Trd, 4319511.043, 90
Trd, 4319511.293, 120
Trd, 4319511.343, 118
Trd, 4319511.693, 77
Trd, 4319512.393, 116
Trd, 4319512.693, 137
Trd, 4319513.893, 129
Trd, 4319514.093, 125
Trd, 4319514.793, 69
Trd, 4319515.093, 105
Trd, 4319516.143, 135
Trd, 4319516.693, 130
Trd, 4319517.193, 91
Trd, 4319517.543, 91
Trd, 4319517.743, 65
Trd, 4319518.743, 69
Trd, 4319519.093, 78
Trd, 4319520.993, 61
Trd, 4319521.093, 63
Trd, 4319521.143, 68
Trd, 4319521.493, 61
Trd, 4319523.593, 64
Trd, 4319524.193, 66
Trd, 4319524.793, 102
Trd, 4319525.543, 61
Trd, 4319525.843, 94
Trd, 4319526.143, 79
Trd, 4319526.643, 89
Trd, 4319527.543, 107
Trd, 4319528.043, 64
Trd, 4319528.193, 124
Trd, 4319528.443, 70
Trd, 4319528.893, 63
Trd, 4319529.893, 60
Trd, 4319531.593, 90
Trd, 4319531.693, 90
Trd, 4319532.043, 63
Trd, 4319532.593, 88
Trd, 4319533.393, 135
Trd, 4319534.043, 123
Trd, 4319534.093, 107
Trd, 4319534.443, 63
Trd, 4319535.343, 133
Trd, 4319536.343, 113
Trd, 4319536.393, 96
Trd, 4319537.393, 140
Trd, 4319537.943, 101
Trd, 4319538.243, 90
Trd, 4319538.743, 88
Trd, 4319538.943, 115
Trd, 4319539.543, 68
Trd, 4319540.393, 89
Trd, 4319540.493, 128
Trd, 4319540.643, 65
Trd, 4319542.143, 66
Trd, 4319543.743, 94
Trd, 4319544.143, 90
Trd, 4319545.243, 123
Trd, 4319545.743, 119
Trd, 4319546.043, 102
Trd, 4319547.093, 93
Trd, 4319547.893, 87
Trd, 4319548.743, 67
Trd, 4319548.793, 67
Trd, 4319549.343, 72
Trd, 4319549.743, 80
Trd, 4319550.343, 102
Trd, 4319550.493, 94
Trd, 4319551.843, 103
Trd, 4319552.893, 90
Trd, 4319552.943, 88
Trd, 4319553.493, 87
Trd, 4319553.593, 117
Trd, 4319554.143, 75
Trd, 4319555.693, 140
Trd, 4319556.293, 133
Trd, 4319557.093, 117
Trd, 4319558.193, 97
Trd, 4319558.293, 90
Trd, 4319558.493, 119
Trd, 4319558.843, 140
Trd, 4319559.393, 136
Trd, 4319559.943, 80
Trd, 4319560.493, 62
Trd, 4319560.843, 60
Trd, 4319561.493, 107
Trd, 4319561.843, 97
Trd, 4319562.443, 62
Trd, 4319563.343, 60
Trd, 4319563.593, 61
Trd, 4319565.893, 60
Trd, 4319566.743, 63
Trd, 4319567.043, 69
Trd, 4319567.993, 64
Trd, 4319568.443, 61
Trd, 4319568.593, 60
Trd, 4319568.943, 64
Trd, 4319570.143, 137
Trd, 4319570.393, 122
Trd, 4319570.993, 93
Trd, 4319571.393, 61
Trd, 4319572.543, 71
Trd, 4319572.943, 84
Trd, 4319574.143, 98
Trd, 4319574.243, 94
Trd, 4319574.543, 116
Trd, 4319574.643, 73
Trd, 4319575.043, 74
Trd, 4319576.143, 66
Trd, 4319576.393, 106
Trd, 4319576.743, 139
Trd, 4319577.293, 74
Trd, 4319578.043, 116
Trd, 4319579.343, 105
Trd, 4319579.393, 95
Trd, 4319580.043, 64
Trd, 4319581.143, 61
Trd, 4319582.043, 65
Trd, 4319582.343, 64
Trd, 4319583.093, 99
Trd, 4319585.493, 60
Trd, 4319585.543, 65
Trd, 4319585.643, 69
Trd, 4319586.243, 63
Trd, 4319587.693, 64
Trd, 4319587.843, 67
Trd, 4319588.043, 80
Trd, 4319588.943, 63
Trd, 4319589.343, 62
Trd, 4319590.043, 72
Trd, 4319590.143, 109
Trd, 4319590.843, 97
Trd, 4319591.143, 77
Trd, 4319592.143, 77
Trd, 4319592.693, 62
Trd, 4319593.093, 67
Trd, 4319593.843, 60
Trd, 4319594.043, 60
Trd, 4319595.293, 64
Trd, 4319596.243, 73
Trd, 4319597.093, 60
Trd, 4319597.543, 64
Trd, 4319598.793, 60
Trd, 4319598.943, 63
Trd, 4319599.043, 60
Trd, 4319599.493, 66
Trd, 4319600.543, 68
Trd, 4319601.443, 60
Trd, 4319601.893, 63
Trd, 4319602.543, 61
Trd, 4319603.293, 129
Trd, 4319603.543, 118
Trd, 4319603.943, 128
Trd, 4319604.543, 81
Trd, 4319605.343, 138
Trd, 4319605.443, 114
Trd, 4319606.143, 88
Trd, 4319607.443, 74
Trd, 4319607.493, 70
Trd, 4319608.893, 122
Trd, 4319609.243, 113
Trd, 4319609.293, 95
Trd, 4319610.093, 140
Trd, 4319610.493, 61
Trd, 4319613.493, 61
Trd, 4319613.593, 61
Trd, 4319613.743, 62
Trd, 4319614.293, 61
Trd, 4319614.343, 64
Trd, 4319615.193, 63
Trd, 4319615.843, 63
Trd, 4319616.393, 62
Trd, 4319616.643, 63
Trd, 4319617.093, 71
Trd, 4319617.743, 87
Trd, 4319618.343, 125
Trd, 4319618.393, 105
Trd, 4319619.243, 64
Trd, 4319620.643, 127
Trd, 4319620.743, 105
Trd, 4319621.093, 101
Trd, 4319621.893, 60
Trd, 4319622.143, 60
Trd, 4319622.543, 60
Trd, 4319623.593, 140
Trd, 4319624.943, 64
Trd, 4319625.543, 67
Trd, 4319625.793, 68
Trd, 4319626.643, 60
Trd, 4319626.893, 61
Trd, 4319627.493, 74
Trd, 4319627.943, 65
Trd, 4319628.493, 65
Trd, 4319629.193, 84
Trd, 4319629.793, 92
Trd, 4319631.093, 133
Trd, 4319631.443, 69
Trd, 4319631.693, 87
Trd, 4319632.943, 93
Trd, 4319633.143, 83
Trd, 4319633.293, 74
Trd, 4319633.893, 84
Trd, 4319634.143, 81
Trd, 4319634.743, 73
Trd, 4319636.093, 61
Trd, 4319636.643, 124
Trd, 4319637.543, 60
Trd, 4319637.743, 82
Trd, 4319638.293, 98
Trd, 4319639.193, 74
Trd, 4319639.443, 75
Trd, 4319640.243, 61
Trd, 4319640.993, 131
Trd, 4319641.393, 126
Trd, 4319642.393, 115
Trd, 4319642.843, 61
Trd, 4319642.993, 104
Trd, 4319644.943, 60
Trd, 4319645.843, 61
Trd, 4319646.493, 61
Trd, 4319646.643, 69
Trd, 4319647.693, 72
Trd, 4319647.743, 82
Trd, 4319647.843, 84
Trd, 4319647.993, 63
Trd, 4319648.593, 63
Trd, 4319649.443, 103
Trd, 4319649.793, 60
Trd, 4319650.593, 130
Trd, 4319652.043, 140
Trd, 4319652.343, 117
Trd, 4319652.543, 102
Trd, 4319652.843, 94
Trd, 4319653.193, 126
Trd, 4319655.443, 60
Trd, 4319656.193, 60
Trd, 4319656.343, 63
Trd, 4319657.093, 62
Trd, 4319657.393, 63
Trd, 4319657.493, 64
Trd, 4319658.143, 66
Trd, 4319659.743, 61
Trd, 4319660.043, 91
Trd, 4319660.193, 87
Trd, 4319660.343, 108
Trd, 4319661.393, 75
Trd, 4319661.943, 71
Trd, 4319662.243, 82
Trd, 4319662.493, 120
Trd, 4319664.193, 64
Trd, 4319664.293, 77
Trd, 4319664.693, 65
Trd, 4319664.743, 117
Trd, 4319665.093, 63
Trd, 4319668.593, 62
Trd, 4319669.193, 60
Trd, 4319669.343, 74
Trd, 4319669.843, 107
Trd, 4319670.593, 82
Trd, 4319670.993, 61
Trd, 4319672.043, 63
Trd, 4319672.593, 61
Trd, 4319672.793, 63
Trd, 4319673.243, 60
Trd, 4319673.393, 60
Trd, 4319673.943, 62
Trd, 4319674.293, 60
Trd, 4319675.593, 71
Trd, 4319675.793, 75
Trd, 4319676.293, 84
Trd, 4319676.443, 93
Trd, 4319676.643, 128
Trd, 4319677.293, 73
Trd, 4319677.493, 101
Trd, 4319678.843, 119
Trd, 4319679.543, 66
Trd, 4319681.043, 74
Trd, 4319681.693, 107
Trd, 4319682.193, 120
Trd, 4319682.243, 80
Trd, 4319682.343, 88
Trd, 4319683.143, 78
Trd, 4319684.093, 70
Trd, 4319684.793, 138
Trd, 4319684.843, 65
Trd, 4319685.443, 61
Trd, 4319685.643, 86
Trd, 4319685.743, 136
Trd, 4319687.093, 60
Trd, 4319688.143, 61
Trd, 4319688.593, 63
Trd, 4319688.993, 60
Trd, 4319689.343, 67
Trd, 4319689.843, 63
Trd, 4319689.893, 69
Trd, 4319690.193, 74
Trd, 4319691.143, 60
Trd, 4319691.743, 60
Trd, 4319691.843, 83
Trd, 4319692.843, 60
Trd, 4319694.743, 140
Trd, 4319694.893, 133
Trd, 4319694.993, 112
Trd, 4319696.143, 120
Trd, 4319696.693, 108
Trd, 4319697.093, 82
Trd, 4319697.493, 70
Trd, 4319698.693, 64
Trd, 4319699.543, 60
Trd, 4319699.793, 82
Trd, 4319700.293, 67
Trd, 4319701.943, 113
Trd, 4319702.043, 112
Trd, 4319702.893, 99
Trd, 4319703.293, 100
Trd, 4319703.593, 84
Trd, 4319703.993, 88
Trd, 4319704.243, 84
Trd, 4319705.243, 84
Trd, 4319705.343, 97
Trd, 4319705.793, 138
Trd, 4319706.793, 81
Trd, 4319707.093, 116
Trd, 4319708.643, 61
Trd, 4319709.193, 64
Trd, 4319709.693, 64
Trd, 4319709.793, 84
Trd, 4319710.993, 139
Trd, 4319711.843, 137
Trd, 4319712.843, 128
Trd, 4319712.943, 103
Trd, 4319713.743, 136
Trd, 4319714.043, 115
Trd, 4319715.043, 103
Trd, 4319715.143, 86
Trd, 4319715.293, 62
Trd, 4319716.093, 95
Trd, 4319716.343, 107
Trd, 4319717.643, 105
Trd, 4319717.743, 93
Trd, 4319717.943, 78
Trd, 4319718.293, 68
Trd, 4319719.043, 95
Trd, 4319720.693, 65
Trd, 4319721.143, 61
Trd, 4319721.343, 96
Trd, 4319721.393, 100
Trd, 4319722.993, 60
Trd, 4319723.193, 61
Trd, 4319724.293, 68
Trd, 4319724.593, 69
Trd, 4319725.993, 67
Trd, 4319726.643, 66
Trd, 4319727.043, 96
Trd, 4319727.243, 74
Trd, 4319727.393, 96
Trd, 4319727.643, 62
Trd, 4319729.343, 114
Trd, 4319729.893, 60
Trd, 4319730.343, 63
Trd, 4319730.693, 64
Trd, 4319731.493, 65
Trd, 4319732.343, 138
Trd, 4319732.743, 131
Trd, 4319735.343, 60
Trd, 4319735.393, 61
Trd, 4319736.593, 60
Trd, 4319737.093, 60
Trd, 4319737.343, 60
Trd, 4319737.793, 61
Trd, 4319738.043, 61
Trd, 4319738.393, 62
Trd, 4319739.043, 60
Trd, 4319739.193, 62
Trd, 4319740.293, 94
Trd, 4319740.543, 86
Trd, 4319740.843, 69
Trd, 4319741.793, 98
Trd, 4319742.143, 63
Trd, 4319743.093, 99
Trd, 4319745.043, 75
Trd, 4319745.443, 102
Trd, 4319746.243, 60
Trd, 4319746.343, 61
Trd, 4319747.043, 90
Trd, 4319747.643, 109
Trd, 4319748.043, 117
Trd, 4319748.443, 112
Trd, 4319748.493, 85
Trd, 4319748.843, 76
Trd, 4319749.543, 84
Trd, 4319749.593, 72
Trd, 4319750.393, 65
Trd, 4319751.843, 122
Trd, 4319752.593, 113
Trd, 4319753.243, 140
Trd, 4319753.593, 62
Trd, 4319753.743, 63
Trd, 4319754.143, 96
Trd, 4319755.243, 109
Trd, 4319756.943, 120
Trd, 4319757.393, 139
Trd, 4319758.043, 132
Trd, 4319758.843, 118
Trd, 4319759.093, 105
Trd, 4319760.393, 67
Trd, 4319760.593, 69
Trd, 4319761.543, 81
Trd, 4319763.743, 60
Trd, 4319764.793, 62
Trd, 4319764.993, 62
Trd, 4319765.293, 96
Trd, 4319765.393, 74
Trd, 4319765.643, 60
Trd, 4319766.243, 87
Trd, 4319766.893, 62
Trd, 4319766.993, 63
Trd, 4319767.193, 69
Trd, 4319767.393, 84
Trd, 4319767.693, 88
Trd, 4319768.093, 138
Trd, 4319768.443, 61
Trd, 4319768.893, 76
Trd, 4319770.593, 61
Trd, 4319771.193, 62
Trd, 4319771.943, 60
Trd, 4319772.243, 60
Trd, 4319772.843, 67
Trd, 4319773.543, 61
Trd, 4319774.343, 68
Trd, 4319774.543, 132
Trd, 4319775.343, 70
Trd, 4319776.743, 68
Trd, 4319776.993, 75
Trd, 4319777.343, 73
Trd, 4319778.043, 114
Trd, 4319778.293, 112
Trd, 4319778.543, 93
Trd, 4319779.793, 60
Trd, 4319780.243, 69
Trd, 4319780.993, 67
Trd, 4319782.343, 140
Trd, 4319782.543, 133
Trd, 4319783.543, 122
Trd, 4319783.693, 111
Trd, 4319784.043, 124
Trd, 4319784.443, 124
Trd, 4319784.543, 107
Trd, 4319784.593, 104
Trd, 4319784.793, 129
Trd, 4319785.843, 63
Trd, 4319786.543, 140
Trd, 4319786.993, 81
Trd, 4319787.443, 133
Trd, 4319787.543, 60
Trd, 4319789.043, 115
Trd, 4319790.393, 71
Trd, 4319791.343, 71
Trd, 4319791.393, 77
Trd, 4319791.593, 119
Trd, 4319793.093, 62
Trd, 4319793.643, 126
Trd, 4319793.843, 86
Trd, 4319794.243, 93
Trd, 4319794.493, 109
Trd, 4319794.843, 74
Trd, 4319796.093, 140
Trd, 4319797.593, 62
Trd, 4319797.893, 62
Trd, 4319798.043, 68
Trd, 4319799.293, 63
Trd, 4319799.793, 66
Trd, 4319800.243, 116
Trd, 4319800.493, 65
Trd, 4319800.993, 107
Trd, 4319801.843, 106
Trd, 4319802.493, 108
Trd, 4319802.793, 128
Trd, 4319802.993, 66
Trd, 4319804.343, 63
Trd, 4319804.693, 64
Trd, 4319805.743, 60
Trd, 4319806.343, 63
Trd, 4319806.743, 68
Trd, 4319807.193, 69
Trd, 4319807.293, 82
Trd, 4319807.743, 63
Trd, 4319808.593, 71
Trd, 4319808.943, 137
Trd, 4319809.893, 125
Trd, 4319810.343, 63
Trd, 4319810.693, 63
Trd, 4319811.593, 62
Trd, 4319812.493, 60
Trd, 4319812.793, 61
Trd, 4319813.593, 67
Trd, 4319815.043, 137
Trd, 4319815.393, 84
Trd, 4319815.843, 79
Trd, 4319815.993, 68
Trd, 4319816.493, 107
Trd, 4319818.293, 60
Trd, 4319819.143, 62
Trd, 4319819.943, 73
Trd, 4319820.593, 60
Trd, 4319821.743, 60
Trd, 4319821.943, 65
Trd, 4319822.543, 81
Trd, 4319822.993, 105
Trd, 4319823.393, 88
Trd, 4319824.343, 80
Trd, 4319824.393, 78
Trd, 4319824.443, 62
Trd, 4319824.843, 107
Trd, 4319825.393, 71
Trd, 4319827.193, 72
Trd, 4319827.543, 71
Trd, 4319828.143, 81
Trd, 4319828.393, 71
Trd, 4319828.743, 67
Trd, 4319830.193, 81
Trd, 4319830.893, 81
Trd, 4319831.543, 140
Trd, 4319831.743, 104
Trd, 4319832.143, 74
Trd, 4319832.343, 115
Trd, 4319833.593, 140
Trd, 4319834.293, 127
Trd, 4319835.043, 110
Trd, 4319835.643, 117
Trd, 4319836.043, 110
Trd, 4319836.093, 93
Trd, 4319837.193, 133
Trd, 4319837.393, 84
Trd, 4319838.243, 80
Trd, 4319839.293, 116
Trd, 4319839.893, 96
Trd, 4319840.093, 76
Trd, 4319840.643, 99
Trd, 4319841.943, 63
Trd, 4319842.093, 67
Trd, 4319842.943, 124
Trd, 4319843.193, 91
Trd, 4319844.493, 62
Trd, 4319844.743, 68
Trd, 4319845.943, 77
Trd, 4319846.543, 66
Trd, 4319846.843, 89
Trd, 4319847.293, 117
Trd, 4319848.393, 98
Trd, 4319848.593, 102
Trd, 4319849.943, 73
Trd, 4319850.393, 125
Trd, 4319850.443, 72
Trd, 4319851.043, 84
Trd, 4319851.143, 80
Trd, 4319851.543, 128
Trd, 4319851.893, 81
Trd, 4319852.693, 140
Trd, 4319853.743, 138
Trd, 4319854.793, 131
Trd, 4319854.993, 126
Trd, 4319855.493, 107
Trd, 4319855.843, 106
Trd, 4319855.893, 102
Trd, 4319856.993, 140
Trd, 4319857.593, 127
Trd, 4319857.743, 114
Trd, 4319858.293, 134
Trd, 4319859.143, 116
Trd, 4319859.393, 98
Trd, 4319859.543, 91
Trd, 4319859.693, 62
Trd, 4319860.443, 140
Trd, 4319862.143, 115
Trd, 4319862.493, 76
Trd, 4319863.243, 113
Trd, 4319864.093, 105
Trd, 4319864.143, 74
Trd, 4319865.493, 63
Trd, 4319865.643, 71
Trd, 4319866.493, 82
Trd, 4319867.143, 79
Trd, 4319868.143, 71
Trd, 4319868.443, 69
Trd, 4319868.593, 70
Trd, 4319869.493, 68
Trd, 4319869.793, 65
Trd, 4319870.893, 61
Trd, 4319871.443, 73
Trd, 4319871.993, 60
Trd, 4319872.143, 60
Trd, 4319873.543, 62
Trd, 4319874.443, 78
Trd, 4319874.793, 64
Trd, 4319876.143, 70
Trd, 4319876.243, 78
Trd, 4319876.343, 92
Trd, 4319877.093, 83
Trd, 4319877.393, 103
Trd, 4319877.443, 69
Trd, 4319879.443, 113
Trd, 4319879.593, 120
Trd, 4319880.243, 92
Trd, 4319880.543, 110
Trd, 4319881.543, 83
Trd, 4319882.293, 112
Trd, 4319882.993, 117
Trd, 4319883.493, 81
Trd, 4319883.693, 140
Trd, 4319883.893, 80
Trd, 4319883.993, 63
Trd, 4319884.243, 127
Trd, 4319885.293, 140
Trd, 4319885.593, 122
Trd, 4319886.393, 61
Trd, 4319886.793, 63
Trd, 4319887.943, 61
Trd, 4319888.343, 61
Trd, 4319888.643, 72
Trd, 4319888.743, 140
Trd, 4319889.493, 64
Trd, 4319890.443, 70
Trd, 4319891.093, 89
Trd, 4319891.193, 74
Trd, 4319892.243, 78
Trd, 4319892.493, 61
Trd, 4319892.593, 87
Trd, 4319893.093, 99
Trd, 4319893.743, 95
Trd, 4319895.943, 93
Trd, 4319895.993, 92
Trd, 4319896.593, 106
Trd, 4319896.693, 105
Trd, 4319897.443, 111
Trd, 4319897.993, 97
Trd, 4319898.343, 139
Trd, 4319898.593, 127
Trd, 4319898.843, 128
Trd, 4319899.643, 127
Trd, 4319899.993, 102
Trd, 4319900.193, 72
Trd, 4319901.043, 114
Trd, 4319901.543, 65
Trd, 4319901.593, 93
Trd, 4319902.643, 62
Trd, 4319903.343, 61
Trd, 4319904.543, 119
Trd, 4319904.693, 93
Trd, 4319905.543, 93
Trd, 4319906.393, 74
Trd, 4319906.843, 61
Trd, 4319907.493, 63
Trd, 4319907.643, 75
Trd, 4319909.693, 60
Trd, 4319909.743, 61
Trd, 4319910.243, 61
Trd, 4319911.993, 62
Trd, 4319913.493, 61
Trd, 4319913.693, 62
Trd, 4319913.793, 62
Trd, 4319913.843, 62
Trd, 4319914.543, 63
Trd, 4319916.243, 65
Trd, 4319916.443, 63
Trd, 4319916.593, 79
Trd, 4319917.593, 62
Trd, 4319918.543, 136
Trd, 4319918.993, 113
Trd, 4319919.293, 107
Trd, 4319919.643, 84
Trd, 4319920.343, 77
Trd, 4319921.093, 120
Trd, 4319921.743, 117
Trd, 4319922.193, 111
Trd, 4319922.443, 137
Trd, 4319922.693, 107
Trd, 4319924.043, 83
Trd, 4319924.293, 69
Trd, 4319925.443, 62
Trd, 4319925.543, 62
Trd, 4319926.343, 81
Trd, 4319927.393, 127
Trd, 4319927.943, 84
Trd, 4319928.493, 70
Trd, 4319928.643, 65
Trd, 4319930.043, 117
Trd, 4319931.093, 129
Trd, 4319931.493, 123
Trd, 4319931.743, 134
Trd, 4319932.693, 110
Trd, 4319932.893, 106
Trd, 4319933.793, 123
Trd, 4319933.943, 106
Trd, 4319934.243, 97
Trd, 4319934.993, 85
Trd, 4319936.593, 123
Trd, 4319937.293, 122
Trd, 4319937.493, 97
Trd, 4319938.043, 63
Trd, 4319938.443, 60
Trd, 4319938.593, 63
Trd, 4319939.143, 140
Trd, 4319940.443, 137
Trd, 4319940.793, 131
Trd, 4319941.293, 129
Trd, 4319941.343, 82
Trd, 4319942.293, 138
Trd, 4319942.543, 137
Trd, 4319942.643, 114
Trd, 4319942.943, 61
Trd, 4319943.493, 124
Trd, 4319945.243, 63
Trd, 4319946.243, 60
Trd, 4319946.293, 64
Trd, 4319946.993, 60
Trd, 4319947.343, 61
Trd, 4319947.393, 66
Trd, 4319948.143, 61
Trd, 4319948.643, 61
Trd, 4319949.393, 63
Trd, 4319950.293, 77
Trd, 4319950.393, 82
Trd, 4319951.393, 61
Trd, 4319952.593, 113
Trd, 4319952.743, 111
Trd, 4319953.043, 105
Trd, 4319953.943, 84
Trd, 4319954.243, 140
Trd, 4319954.643, 82
Trd, 4319955.993, 103
Trd, 4319956.093, 86
Trd, 4319957.193, 135
Trd, 4319957.293, 104
Trd, 4319957.593, 93
Trd, 4319958.443, 105
Trd, 4319958.743, 103
Trd, 4319959.293, 96
Trd, 4319959.693, 94
Trd, 4319959.793, 120
Trd, 4319960.493, 60
Trd, 4319961.493, 61
Trd, 4319962.143, 68
Trd, 4319963.093, 123
Trd, 4319963.843, 137
Trd, 4319964.043, 111
Trd, 4319964.943, 69
Trd, 4319965.093, 60
Trd, 4319965.593, 89
Trd, 4319966.343, 63
Trd, 4319967.593, 60
Trd, 4319967.893, 61
Trd, 4319968.743, 78
Trd, 4319969.243, 82
Trd, 4319969.843, 62
Trd, 4319970.243, 104
Trd, 4319970.443, 101
Trd, 4319970.893, 100
Trd, 4319971.543, 83
Trd, 4319972.393, 62
Trd, 4319973.193, 113
Trd, 4319973.743, 61
Trd, 4319974.443, 63
Trd, 4319974.693, 62
Trd, 4319974.893, 69
Trd, 4319975.293, 62
Trd, 4319976.793, 62
Trd, 4319977.793, 62
Trd, 4319978.693, 62
Trd, 4319979.993, 60
Trd, 4319980.243, 64
Trd, 4319980.293, 114
Trd, 4319980.393, 67
Trd, 4319980.643, 60
Trd, 4319982.643, 70
Trd, 4319982.743, 62
Trd, 4319983.243, 65
Trd, 4319983.943, 61
Trd, 4319984.443, 91
Trd, 4319984.693, 92
Trd, 4319985.393, 65
Trd, 4319986.393, 63
Trd, 4319988.143, 63
Trd, 4319988.343, 62
Trd, 4319988.593, 62
Trd, 4319988.993, 64
Trd, 4319989.193, 69
Trd, 4319989.543, 114
Trd, 4319989.843, 60
Trd, 4319990.893, 83
Trd, 4319991.593, 61
Trd, 4319993.293, 62
Trd, 4319993.743, 62
Trd, 4319993.893, 62
Trd, 4319994.693, 63
Trd, 4319995.643, 60
Trd, 4319996.043, 62
Trd, 4319996.343, 78
Trd, 4319996.943, 85
Trd, 4319997.193, 63
Trd, 4319998.543, 61
