Trd, 4318070.893, 115
Trd, 4318071.343, 138
Trd, 4318071.793, 103
Trd, 4318071.993, 94
Trd, 4318072.893, 81
Trd, 4318073.543, 85
Trd, 4318074.393, 107
Trd, 4318075.993, 118
Trd, 4318076.293, 116
Trd, 4318077.493, 126
Trd, 4318077.743, 103
Trd, 4318078.093, 108
Trd, 4318078.443, 100
Trd, 4318079.443, 96
Trd, 4318080.243, 136
Trd, 4318080.743, 118
Trd, 4318081.243, 93
Trd, 4318082.193, 117
Trd, 4318083.393, 133
Trd, 4318083.443, 122
Trd, 4318084.093, 91
Trd, 4318084.293, 137
Trd, 4318086.893, 121
Trd, 4318087.193, 95
Trd, 4318087.593, 102
Trd, 4318087.743, 101
Trd, 4318088.043, 112
Trd, 4318089.293, 104
Trd, 4318090.993, 102
Trd, 4318091.843, 133
Trd, 4318091.943, 109
Trd, 4318092.443, 106
Trd, 4318093.943, 102
Trd, 4318094.243, 129
Trd, 4318095.843, 108
Trd, 4318097.893, 71
Trd, 4318098.943, 107
Trd, 4318099.193, 95
Trd, 4318099.643, 87
Trd, 4318100.293, 87
Trd, 4318100.693, 77
Trd, 4318101.543, 83
Trd, 4318102.843, 90
Trd, 4318103.043, 102
Trd, 4318103.393, 108
Trd, 4318103.643, 103
Trd, 4318105.693, 112
Trd, 4318105.843, 85
Trd, 4318106.043, 113
Trd, 4318106.393, 81
Trd, 4318108.393, 113
Trd, 4318108.993, 133
Trd, 4318109.193, 78
Trd, 4318110.343, 115
Trd, 4318111.293, 105
Trd, 4318112.043, 98
Trd, 4318112.393, 62
Trd, 4318113.743, 95
Trd, 4318114.193, 91
Trd, 4318114.643, 124
Trd, 4318115.843, 108
Trd, 4318117.293, 107
Trd, 4318117.793, 101
Trd, 4318118.293, 136
Trd, 4318118.543, 91
Trd, 4318119.243, 131
Trd, 4318119.893, 119
Trd, 4318120.693, 118
Trd, 4318120.893, 114
Trd, 4318123.043, 101
Trd, 4318123.443, 111
Trd, 4318124.343, 111
Trd, 4318124.493, 101
Trd, 4318124.693, 97
Trd, 4318125.643, 83
Trd, 4318126.593, 114
Trd, 4318126.693, 104
Trd, 4318128.593, 116
Trd, 4318128.843, 121
Trd, 4318129.593, 116
Trd, 4318130.593, 106
Trd, 4318131.243, 113
Trd, 4318132.193, 139
Trd, 4318133.643, 127
Trd, 4318133.943, 124
Trd, 4318134.993, 98
Trd, 4318135.493, 78
Trd, 4318135.593, 89
Trd, 4318136.193, 133
Trd, 4318136.793, 116
Trd, 4318137.043, 123
Trd, 4318138.543, 134
Trd, 4318140.493, 80
Trd, 4318141.043, 124
Trd, 4318142.143, 94
Trd, 4318144.393, 138
Trd, 4318144.893, 93
Trd, 4318145.593, 102
Trd, 4318145.643, 105
Trd, 4318146.693, 84
Trd, 4318148.193, 99
Trd, 4318148.443, 111
Trd, 4318149.193, 101
Trd, 4318150.043, 128
Trd, 4318150.693, 107
Trd, 4318151.393, 132
Trd, 4318151.493, 103
Trd, 4318153.643, 125
Trd, 4318154.343, 86
Trd, 4318154.793, 105
Trd, 4318155.043, 81
Trd, 4318155.743, 122
Trd, 4318155.893, 136
Trd, 4318158.593, 118
Trd, 4318158.743, 123
Trd, 4318159.593, 120
Trd, 4318159.643, 114
Trd, 4318160.143, 105
Trd, 4318161.293, 117
Trd, 4318162.143, 95
Trd, 4318163.293, 96
Trd, 4318164.893, 108
Trd, 4318166.043, 121
Trd, 4318166.143, 102
Trd, 4318166.593, 118
Trd, 4318167.993, 92
Trd, 4318169.093, 112
Trd, 4318169.193, 120
Trd, 4318169.743, 97
Trd, 4318169.893, 108
Trd, 4318170.043, 86
Trd, 4318171.693, 113
Trd, 4318172.643, 95
Trd, 4318172.943, 127
Trd, 4318173.793, 136
Trd, 4318175.243, 121
Trd, 4318175.493, 109
Trd, 4318176.593, 106
Trd, 4318177.943, 90
Trd, 4318177.993, 73
Trd, 4318179.443, 120
Trd, 4318181.443, 139
Trd, 4318181.993, 129
Trd, 4318182.493, 115
Trd, 4318182.543, 104
Trd, 4318183.093, 79
Trd, 4318183.243, 74
Trd, 4318183.443, 70
Trd, 4318184.443, 83
Trd, 4318184.843, 126
Trd, 4318185.893, 129
Trd, 4318186.693, 106
Trd, 4318187.793, 108
Trd, 4318190.343, 120
Trd, 4318190.493, 135
Trd, 4318191.643, 115
Trd, 4318192.143, 135
Trd, 4318193.243, 74
Trd, 4318194.193, 96
Trd, 4318194.793, 84
Trd, 4318195.143, 120
Trd, 4318195.893, 116
Trd, 4318196.743, 137
Trd, 4318199.543, 121
Trd, 4318199.643, 107
Trd, 4318199.743, 95
Trd, 4318200.643, 125
Trd, 4318201.793, 86
Trd, 4318201.943, 99
Trd, 4318202.693, 88
Trd, 4318203.843, 125
Trd, 4318204.543, 104
Trd, 4318205.243, 135
Trd, 4318205.843, 122
Trd, 4318206.293, 116
Trd, 4318206.493, 85
Trd, 4318208.643, 131
Trd, 4318210.793, 140
Trd, 4318211.193, 130
Trd, 4318212.093, 110
Trd, 4318212.943, 113
Trd, 4318213.593, 89
Trd, 4318215.493, 101
Trd, 4318216.443, 122
Trd, 4318217.143, 133
Trd, 4318217.493, 105
Trd, 4318218.993, 115
Trd, 4318220.343, 135
Trd, 4318220.943, 110
Trd, 4318221.193, 100
Trd, 4318222.843, 91
Trd, 4318223.293, 101
Trd, 4318224.593, 81
Trd, 4318226.393, 117
Trd, 4318226.893, 135
Trd, 4318226.993, 133
Trd, 4318229.693, 135
Trd, 4318229.943, 101
Trd, 4318231.393, 121
Trd, 4318231.793, 124
Trd, 4318232.393, 104
Trd, 4318233.343, 110
Trd, 4318233.693, 107
Trd, 4318234.443, 109
Trd, 4318236.093, 106
Trd, 4318236.143, 80
Trd, 4318236.693, 137
Trd, 4318236.993, 126
Trd, 4318237.443, 124
Trd, 4318237.693, 79
Trd, 4318238.843, 82
Trd, 4318241.043, 128
Trd, 4318241.543, 131
Trd, 4318242.493, 109
Trd, 4318242.693, 103
Trd, 4318245.293, 105
Trd, 4318245.893, 121
Trd, 4318246.293, 102
Trd, 4318246.943, 140
Trd, 4318248.293, 113
Trd, 4318248.793, 102
Trd, 4318249.943, 89
Trd, 4318251.343, 117
Trd, 4318251.943, 139
Trd, 4318252.193, 119
Trd, 4318252.843, 101
Trd, 4318252.993, 95
Trd, 4318255.093, 120
Trd, 4318255.593, 136
Trd, 4318257.393, 136
Trd, 4318257.443, 135
Trd, 4318258.393, 114
Trd, 4318259.893, 91
Trd, 4318260.093, 123
Trd, 4318260.293, 120
Trd, 4318260.543, 92
Trd, 4318262.043, 118
Trd, 4318262.443, 139
Trd, 4318263.393, 95
Trd, 4318264.293, 126
Trd, 4318266.943, 101
Trd, 4318268.093, 117
Trd, 4318269.793, 129
Trd, 4318271.043, 133
Trd, 4318271.093, 127
Trd, 4318272.443, 117
Trd, 4318272.893, 121
Trd, 4318272.993, 111
Trd, 4318273.193, 106
Trd, 4318274.693, 127
Trd, 4318276.143, 90
Trd, 4318277.793, 131
Trd, 4318278.093, 124
Trd, 4318278.493, 111
Trd, 4318278.843, 103
Trd, 4318279.643, 108
Trd, 4318279.993, 132
Trd, 4318280.393, 100
Trd, 4318281.343, 119
Trd, 4318281.593, 116
Trd, 4318282.843, 92
Trd, 4318283.943, 76
Trd, 4318284.843, 74
Trd, 4318285.193, 68
Trd, 4318285.443, 82
Trd, 4318287.443, 114
Trd, 4318287.893, 100
Trd, 4318289.143, 102
Trd, 4318290.293, 111
Trd, 4318290.643, 118
Trd, 4318292.793, 122
Trd, 4318293.393, 138
Trd, 4318293.543, 127
Trd, 4318294.943, 126
Trd, 4318296.393, 128
Trd, 4318296.893, 111
Trd, 4318298.293, 134
Trd, 4318299.243, 134
Trd, 4318299.543, 95
Trd, 4318300.143, 112
Trd, 4318300.643, 109
Trd, 4318301.343, 126
Trd, 4318302.493, 137
Trd, 4318303.293, 106
Trd, 4318303.743, 80
Trd, 4318304.393, 92
Trd, 4318304.493, 94
Trd, 4318306.493, 139
Trd, 4318307.443, 91
Trd, 4318307.993, 92
Trd, 4318308.093, 87
Trd, 4318309.743, 83
Trd, 4318310.443, 120
Trd, 4318312.443, 128
Trd, 4318312.993, 110
Trd, 4318314.393, 129
Trd, 4318315.093, 131
Trd, 4318315.493, 127
Trd, 4318316.793, 118
Trd, 4318318.043, 107
Trd, 4318320.943, 111
Trd, 4318321.193, 95
Trd, 4318321.643, 95
Trd, 4318322.843, 119
Trd, 4318323.393, 72
Trd, 4318323.943, 112
Trd, 4318325.243, 125
Trd, 4318325.643, 124
Trd, 4318326.143, 131
Trd, 4318328.043, 136
Trd, 4318328.643, 126
Trd, 4318329.293, 112
Trd, 4318329.593, 94
Trd, 4318331.593, 130
Trd, 4318331.843, 112
Trd, 4318332.143, 136
Trd, 4318333.443, 65
Trd, 4318335.243, 111
Trd, 4318335.443, 119
Trd, 4318335.943, 121
Trd, 4318336.843, 119
Trd, 4318338.793, 131
Trd, 4318339.093, 106
Trd, 4318339.293, 85
Trd, 4318340.293, 86
Trd, 4318341.593, 87
Trd, 4318341.943, 82
Trd, 4318342.793, 90
Trd, 4318343.343, 110
Trd, 4318344.643, 116
Trd, 4318344.743, 109
Trd, 4318344.793, 95
Trd, 4318345.593, 69
Trd, 4318346.593, 121
Trd, 4318347.393, 118
Trd, 4318348.443, 113
Trd, 4318349.893, 92
Trd, 4318350.243, 93
Trd, 4318351.893, 124
Trd, 4318352.043, 84
Trd, 4318352.693, 83
Trd, 4318352.943, 79
Trd, 4318353.743, 74
Trd, 4318354.843, 110
Trd, 4318354.993, 120
Trd, 4318355.193, 102
Trd, 4318355.393, 100
Trd, 4318356.943, 93
Trd, 4318357.093, 101
Trd, 4318357.393, 118
Trd, 4318358.243, 86
Trd, 4318359.193, 65
Trd, 4318359.243, 88
Trd, 4318360.493, 114
Trd, 4318360.693, 127
Trd, 4318361.693, 110
Trd, 4318361.893, 97
Trd, 4318364.393, 93
Trd, 4318364.593, 96
Trd, 4318365.193, 118
Trd, 4318365.893, 102
Trd, 4318366.193, 107
Trd, 4318367.493, 103
Trd, 4318368.143, 106
Trd, 4318369.143, 94
Trd, 4318370.093, 123
Trd, 4318370.493, 83
Trd, 4318372.193, 127
Trd, 4318373.193, 127
Trd, 4318373.593, 118
Trd, 4318374.143, 109
Trd, 4318374.193, 97
Trd, 4318374.493, 90
Trd, 4318375.893, 135
Trd, 4318376.893, 114
Trd, 4318377.993, 138
Trd, 4318378.843, 135
Trd, 4318379.843, 127
Trd, 4318380.093, 135
Trd, 4318380.193, 97
Trd, 4318383.343, 103
Trd, 4318383.593, 95
Trd, 4318383.893, 135
Trd, 4318384.443, 129
Trd, 4318385.793, 76
Trd, 4318386.843, 84
Trd, 4318386.943, 107
Trd, 4318389.493, 82
Trd, 4318390.743, 139
Trd, 4318391.493, 136
Trd, 4318392.043, 130
Trd, 4318393.943, 102
Trd, 4318395.143, 90
Trd, 4318395.793, 83
Trd, 4318396.193, 104
Trd, 4318397.243, 138
Trd, 4318398.143, 118
Trd, 4318398.793, 96
Trd, 4318399.093, 100
Trd, 4318400.293, 90
Trd, 4318402.193, 111
Trd, 4318402.393, 93
Trd, 4318403.293, 115
Trd, 4318403.743, 103
Trd, 4318404.293, 126
Trd, 4318406.443, 134
Trd, 4318406.643, 113
Trd, 4318408.943, 113
Trd, 4318410.143, 104
Trd, 4318411.293, 114
Trd, 4318411.593, 100
Trd, 4318411.643, 111
Trd, 4318412.143, 106
Trd, 4318412.593, 124
Trd, 4318413.993, 98
Trd, 4318415.843, 102
Trd, 4318417.143, 116
Trd, 4318417.593, 96
Trd, 4318417.693, 107
Trd, 4318418.143, 119
Trd, 4318419.243, 135
Trd, 4318419.493, 95
Trd, 4318421.243, 112
Trd, 4318421.343, 109
Trd, 4318422.243, 104
Trd, 4318423.243, 114
Trd, 4318423.743, 98
Trd, 4318425.193, 107
Trd, 4318426.943, 133
Trd, 4318427.343, 127
Trd, 4318427.543, 138
Trd, 4318427.943, 127
Trd, 4318430.943, 125
Trd, 4318431.293, 108
Trd, 4318431.343, 100
Trd, 4318431.443, 89
Trd, 4318431.643, 77
Trd, 4318433.643, 119
Trd, 4318433.843, 121
Trd, 4318434.393, 109
Trd, 4318435.093, 93
Trd, 4318436.543, 85
Trd, 4318436.743, 69
Trd, 4318436.893, 117
Trd, 4318437.893, 71
Trd, 4318439.443, 83
Trd, 4318440.943, 67
Trd, 4318441.093, 72
Trd, 4318441.843, 121
Trd, 4318443.043, 85
Trd, 4318443.293, 70
Trd, 4318443.343, 104
Trd, 4318444.693, 127
Trd, 4318444.743, 110
Trd, 4318445.543, 76
Trd, 4318447.293, 63
Trd, 4318447.893, 99
Trd, 4318448.043, 102
Trd, 4318448.193, 130
Trd, 4318449.143, 112
Trd, 4318449.743, 138
Trd, 4318449.793, 79
Trd, 4318450.893, 81
Trd, 4318451.293, 76
Trd, 4318451.493, 101
Trd, 4318452.493, 68
Trd, 4318453.393, 133
Trd, 4318456.143, 137
Trd, 4318456.293, 119
Trd, 4318456.493, 115
Trd, 4318457.543, 126
Trd, 4318460.243, 70
Trd, 4318460.943, 111
Trd, 4318461.693, 134
Trd, 4318462.043, 135
Trd, 4318462.543, 98
Trd, 4318464.743, 120
Trd, 4318465.243, 103
Trd, 4318465.993, 130
Trd, 4318466.293, 124
Trd, 4318469.493, 128
Trd, 4318469.643, 134
Trd, 4318470.243, 121
Trd, 4318470.293, 118
Trd, 4318470.493, 129
Trd, 4318471.043, 134
Trd, 4318472.643, 90
Trd, 4318473.443, 116
Trd, 4318474.693, 131
Trd, 4318475.043, 131
Trd, 4318476.893, 133
Trd, 4318477.193, 128
Trd, 4318480.093, 123
Trd, 4318480.843, 139
Trd, 4318481.843, 116
Trd, 4318483.743, 124
Trd, 4318486.743, 103
Trd, 4318487.343, 111
Trd, 4318487.993, 108
Trd, 4318488.393, 111
Trd, 4318488.643, 120
Trd, 4318489.043, 130
Trd, 4318489.593, 126
Trd, 4318489.743, 118
Trd, 4318489.893, 106
Trd, 4318490.993, 85
Trd, 4318491.393, 103
Trd, 4318492.793, 103
Trd, 4318493.343, 102
Trd, 4318494.343, 104
Trd, 4318495.143, 120
Trd, 4318495.193, 109
Trd, 4318495.493, 98
Trd, 4318498.293, 135
Trd, 4318499.543, 121
Trd, 4318500.343, 123
Trd, 4318500.793, 105
Trd, 4318501.143, 139
Trd, 4318501.193, 95
Trd, 4318501.843, 123
Trd, 4318502.093, 115
Trd, 4318503.993, 94
Trd, 4318504.193, 115
Trd, 4318505.043, 106
Trd, 4318506.193, 134
Trd, 4318506.993, 127
Trd, 4318508.593, 137
Trd, 4318510.793, 120
Trd, 4318511.093, 110
Trd, 4318511.993, 94
Trd, 4318513.143, 72
Trd, 4318514.293, 94
Trd, 4318514.643, 114
Trd, 4318515.543, 107
Trd, 4318515.893, 71
Trd, 4318516.143, 131
Trd, 4318518.143, 140
Trd, 4318519.243, 97
Trd, 4318519.943, 126
Trd, 4318520.993, 106
Trd, 4318521.343, 120
Trd, 4318522.593, 109
Trd, 4318523.543, 117
Trd, 4318523.643, 117
Trd, 4318523.843, 125
Trd, 4318524.393, 108
Trd, 4318524.743, 81
Trd, 4318525.693, 88
Trd, 4318526.243, 126
Trd, 4318527.093, 79
Trd, 4318527.443, 82
Trd, 4318527.643, 135
Trd, 4318528.093, 77
Trd, 4318528.343, 90
Trd, 4318529.043, 124
Trd, 4318530.593, 109
Trd, 4318531.643, 82
Trd, 4318532.593, 112
Trd, 4318532.643, 102
Trd, 4318534.143, 121
Trd, 4318535.393, 129
Trd, 4318536.143, 126
Trd, 4318536.743, 120
Trd, 4318537.093, 96
Trd, 4318538.093, 98
Trd, 4318539.643, 119
Trd, 4318540.393, 140
Trd, 4318540.793, 88
Trd, 4318541.293, 68
Trd, 4318542.443, 80
Trd, 4318542.893, 84
Trd, 4318543.893, 63
Trd, 4318544.243, 66
Trd, 4318545.243, 122
Trd, 4318545.293, 91
Trd, 4318546.793, 121
Trd, 4318546.993, 118
Trd, 4318547.443, 122
Trd, 4318548.443, 90
Trd, 4318550.143, 94
Trd, 4318550.643, 96
Trd, 4318551.043, 106
Trd, 4318551.343, 89
Trd, 4318551.943, 76
Trd, 4318552.643, 86
Trd, 4318553.193, 72
Trd, 4318553.643, 130
Trd, 4318554.593, 115
Trd, 4318554.993, 113
Trd, 4318555.143, 104
Trd, 4318555.393, 119
Trd, 4318556.993, 123
Trd, 4318557.143, 113
Trd, 4318558.343, 105
Trd, 4318560.243, 135
Trd, 4318560.343, 134
Trd, 4318562.093, 121
Trd, 4318563.543, 134
Trd, 4318563.893, 117
Trd, 4318564.493, 123
Trd, 4318565.143, 126
Trd, 4318566.093, 103
Trd, 4318566.343, 75
Trd, 4318567.543, 97
Trd, 4318568.143, 100
Trd, 4318569.843, 102
Trd, 4318570.643, 88
Trd, 4318571.443, 111
Trd, 4318572.343, 127
Trd, 4318574.943, 106
Trd, 4318575.693, 125
Trd, 4318577.143, 117
Trd, 4318577.443, 86
Trd, 4318578.243, 88
Trd, 4318578.343, 116
Trd, 4318579.193, 100
Trd, 4318579.293, 122
Trd, 4318580.143, 99
Trd, 4318580.793, 89
Trd, 4318581.143, 97
Trd, 4318581.243, 114
Trd, 4318584.593, 129
Trd, 4318585.043, 89
Trd, 4318585.093, 82
Trd, 4318587.643, 139
Trd, 4318588.393, 120
Trd, 4318588.643, 119
Trd, 4318589.443, 113
Trd, 4318589.743, 91
Trd, 4318591.143, 99
Trd, 4318592.043, 129
Trd, 4318592.643, 93
Trd, 4318593.593, 127
Trd, 4318596.043, 107
Trd, 4318596.693, 108
Trd, 4318596.793, 98
Trd, 4318597.493, 102
Trd, 4318597.793, 126
Trd, 4318599.193, 104
Trd, 4318601.093, 115
Trd, 4318601.143, 104
Trd, 4318601.593, 127
Trd, 4318602.343, 81
Trd, 4318602.793, 118
Trd, 4318603.093, 76
Trd, 4318603.893, 104
Trd, 4318604.743, 94
Trd, 4318606.393, 112
Trd, 4318607.493, 86
Trd, 4318608.343, 124
Trd, 4318609.393, 114
Trd, 4318610.143, 132
Trd, 4318610.993, 134
Trd, 4318611.743, 108
Trd, 4318613.293, 124
Trd, 4318613.993, 119
Trd, 4318614.293, 140
Trd, 4318615.293, 100
Trd, 4318618.293, 116
Trd, 4318618.643, 130
Trd, 4318620.193, 99
Trd, 4318620.493, 121
Trd, 4318622.043, 127
Trd, 4318622.693, 124
Trd, 4318622.743, 107
Trd, 4318623.043, 134
Trd, 4318624.193, 74
Trd, 4318624.393, 98
Trd, 4318625.293, 118
Trd, 4318626.043, 117
Trd, 4318626.343, 115
Trd, 4318627.043, 130
Trd, 4318627.793, 108
Trd, 4318628.493, 95
Trd, 4318629.693, 113
Trd, 4318630.143, 111
Trd, 4318630.343, 92
Trd, 4318631.193, 81
Trd, 4318633.443, 119
Trd, 4318634.393, 99
Trd, 4318634.593, 83
Trd, 4318635.393, 118
Trd, 4318636.393, 138
Trd, 4318637.093, 114
Trd, 4318637.393, 85
Trd, 4318637.643, 126
Trd, 4318638.143, 102
Trd, 4318640.693, 118
Trd, 4318642.143, 98
Trd, 4318642.443, 124
Trd, 4318642.593, 115
Trd, 4318643.993, 123
Trd, 4318644.293, 133
Trd, 4318644.943, 73
Trd, 4318646.643, 137
Trd, 4318646.793, 99
Trd, 4318647.293, 95
Trd, 4318647.493, 85
Trd, 4318647.993, 93
Trd, 4318649.593, 93
Trd, 4318649.793, 87
Trd, 4318651.993, 126
Trd, 4318652.343, 137
Trd, 4318653.543, 137
Trd, 4318654.043, 119
Trd, 4318654.843, 128
Trd, 4318655.093, 111
Trd, 4318655.943, 121
Trd, 4318657.493, 136
Trd, 4318659.093, 120
Trd, 4318660.043, 96
Trd, 4318660.443, 76
Trd, 4318660.693, 71
Trd, 4318662.493, 97
Trd, 4318662.743, 96
Trd, 4318663.093, 99
Trd, 4318663.143, 83
Trd, 4318665.343, 109
Trd, 4318666.293, 127
Trd, 4318667.043, 122
Trd, 4318667.793, 97
Trd, 4318667.843, 92
Trd, 4318667.993, 138
Trd, 4318669.593, 70
Trd, 4318669.893, 92
Trd, 4318670.743, 124
Trd, 4318672.093, 136
Trd, 4318672.693, 121
Trd, 4318672.793, 124
Trd, 4318672.843, 116
Trd, 4318673.143, 88
Trd, 4318673.493, 91
Trd, 4318674.993, 122
Trd, 4318677.143, 113
Trd, 4318678.543, 125
Trd, 4318678.693, 124
Trd, 4318679.343, 95
Trd, 4318680.343, 119
Trd, 4318681.493, 97
Trd, 4318681.643, 91
Trd, 4318682.593, 123
Trd, 4318682.843, 66
Trd, 4318683.743, 140
Trd, 4318684.093, 134
Trd, 4318684.293, 130
Trd, 4318685.493, 126
Trd, 4318685.893, 104
Trd, 4318688.293, 132
Trd, 4318689.293, 100
Trd, 4318689.343, 96
Trd, 4318690.293, 112
Trd, 4318691.393, 107
Trd, 4318692.093, 82
Trd, 4318692.393, 113
Trd, 4318693.093, 126
Trd, 4318693.193, 97
Trd, 4318694.293, 138
Trd, 4318695.293, 134
Trd, 4318695.343, 119
Trd, 4318695.693, 95
Trd, 4318697.143, 98
Trd, 4318697.393, 94
Trd, 4318698.643, 135
Trd, 4318698.843, 129
Trd, 4318699.643, 134
Trd, 4318700.193, 126
Trd, 4318700.493, 114
Trd, 4318701.793, 110
Trd, 4318704.443, 79
Trd, 4318704.493, 81
Trd, 4318705.193, 91
Trd, 4318706.243, 116
Trd, 4318706.893, 120
Trd, 4318707.393, 139
Trd, 4318707.643, 125
Trd, 4318707.843, 109
Trd, 4318711.343, 129
Trd, 4318711.493, 115
Trd, 4318712.443, 126
Trd, 4318712.993, 89
Trd, 4318714.093, 79
Trd, 4318714.393, 83
Trd, 4318714.893, 90
Trd, 4318715.893, 126
Trd, 4318716.043, 105
Trd, 4318718.493, 131
Trd, 4318718.843, 119
Trd, 4318718.893, 103
Trd, 4318720.493, 137
Trd, 4318721.543, 117
Trd, 4318721.643, 103
Trd, 4318722.843, 128
Trd, 4318722.993, 122
Trd, 4318723.193, 99
Trd, 4318725.393, 77
Trd, 4318726.143, 97
Trd, 4318727.093, 104
Trd, 4318728.943, 134
Trd, 4318729.093, 105
Trd, 4318729.143, 104
Trd, 4318729.743, 133
Trd, 4318731.193, 126
Trd, 4318731.943, 121
Trd, 4318731.993, 110
Trd, 4318732.893, 117
Trd, 4318733.693, 140
Trd, 4318734.693, 96
Trd, 4318734.893, 119
Trd, 4318735.093, 109
Trd, 4318736.193, 103
Trd, 4318738.543, 98
Trd, 4318739.643, 112
Trd, 4318741.093, 122
Trd, 4318741.243, 138
Trd, 4318742.243, 98
Trd, 4318742.443, 89
Trd, 4318742.793, 129
Trd, 4318744.393, 138
Trd, 4318745.043, 118
Trd, 4318746.043, 116
Trd, 4318746.393, 121
Trd, 4318746.843, 93
Trd, 4318747.443, 91
Trd, 4318749.943, 124
Trd, 4318750.793, 135
Trd, 4318751.793, 115
Trd, 4318751.843, 109
Trd, 4318752.343, 131
Trd, 4318753.243, 103
Trd, 4318754.443, 97
Trd, 4318755.593, 123
Trd, 4318756.543, 139
Trd, 4318757.093, 123
Trd, 4318757.293, 123
Trd, 4318758.143, 125
Trd, 4318758.643, 120
Trd, 4318759.593, 120
Trd, 4318760.193, 93
Trd, 4318760.693, 83
Trd, 4318761.343, 88
Trd, 4318761.493, 103
Trd, 4318761.943, 92
Trd, 4318763.593, 128
Trd, 4318764.643, 126
Trd, 4318766.543, 133
Trd, 4318766.993, 98
Trd, 4318767.093, 89
Trd, 4318767.443, 112
Trd, 4318768.493, 138
Trd, 4318769.693, 133
Trd, 4318769.843, 137
Trd, 4318771.593, 108
Trd, 4318772.393, 66
Trd, 4318773.143, 106
Trd, 4318774.143, 105
Trd, 4318774.993, 108
Trd, 4318775.043, 91
Trd, 4318775.843, 81
Trd, 4318776.693, 82
Trd, 4318776.843, 91
Trd, 4318777.943, 98
Trd, 4318779.343, 132
Trd, 4318780.093, 94
Trd, 4318780.393, 113
Trd, 4318781.693, 125
Trd, 4318781.743, 114
Trd, 4318782.143, 108
Trd, 4318782.393, 96
Trd, 4318783.243, 128
Trd, 4318783.743, 126
Trd, 4318783.943, 102
Trd, 4318784.593, 102
Trd, 4318786.643, 89
Trd, 4318786.893, 121
Trd, 4318788.943, 110
Trd, 4318789.743, 111
Trd, 4318790.593, 103
Trd, 4318791.093, 125
Trd, 4318791.293, 96
Trd, 4318792.043, 139
Trd, 4318792.643, 137
Trd, 4318794.343, 140
Trd, 4318796.343, 98
Trd, 4318796.543, 94
Trd, 4318796.743, 109
Trd, 4318799.593, 127
Trd, 4318800.193, 133
Trd, 4318800.243, 126
Trd, 4318800.543, 114
Trd, 4318801.243, 132
Trd, 4318801.943, 98
Trd, 4318803.743, 124
Trd, 4318803.843, 122
Trd, 4318806.143, 128
Trd, 4318806.393, 138
Trd, 4318806.543, 127
Trd, 4318807.143, 109
Trd, 4318807.243, 107
Trd, 4318809.143, 103
Trd, 4318809.193, 93
Trd, 4318809.643, 80
Trd, 4318810.743, 84
Trd, 4318811.043, 93
Trd, 4318812.293, 123
Trd, 4318812.843, 135
Trd, 4318815.043, 63
Trd, 4318815.693, 72
Trd, 4318815.893, 78
Trd, 4318815.993, 79
Trd, 4318816.643, 81
Trd, 4318818.393, 117
Trd, 4318818.493, 104
Trd, 4318819.743, 121
Trd, 4318820.143, 135
Trd, 4318820.443, 114
Trd, 4318820.593, 109
Trd, 4318822.493, 137
Trd, 4318822.843, 132
Trd, 4318822.893, 123
Trd, 4318823.243, 129
Trd, 4318823.293, 117
Trd, 4318824.593, 135
Trd, 4318827.993, 106
Trd, 4318828.743, 96
Trd, 4318829.143, 97
Trd, 4318829.393, 116
Trd, 4318831.043, 137
Trd, 4318831.393, 138
Trd, 4318832.293, 89
Trd, 4318832.593, 109
Trd, 4318833.043, 94
Trd, 4318833.493, 79
Trd, 4318834.693, 125
Trd, 4318836.243, 112
Trd, 4318836.393, 136
Trd, 4318837.093, 120
Trd, 4318841.193, 134
Trd, 4318841.743, 110
Trd, 4318842.493, 110
Trd, 4318843.593, 134
Trd, 4318845.443, 135
Trd, 4318845.543, 105
Trd, 4318845.643, 98
Trd, 4318846.443, 110
Trd, 4318847.093, 125
Trd, 4318847.143, 117
Trd, 4318847.293, 110
Trd, 4318849.543, 128
Trd, 4318849.843, 104
Trd, 4318850.743, 112
Trd, 4318851.443, 117
Trd, 4318852.043, 119
Trd, 4318852.643, 107
Trd, 4318853.043, 126
Trd, 4318853.243, 89
Trd, 4318855.743, 72
Trd, 4318855.793, 94
Trd, 4318855.843, 97
Trd, 4318857.043, 117
Trd, 4318859.343, 80
Trd, 4318859.693, 109
Trd, 4318861.243, 133
Trd, 4318862.143, 92
Trd, 4318862.493, 137
Trd, 4318863.043, 131
Trd, 4318864.043, 123
Trd, 4318864.693, 126
Trd, 4318865.293, 117
Trd, 4318865.343, 108
Trd, 4318866.793, 87
Trd, 4318867.043, 120
Trd, 4318867.493, 95
Trd, 4318868.393, 117
Trd, 4318869.793, 125
Trd, 4318869.893, 97
Trd, 4318870.593, 122
Trd, 4318870.843, 91
Trd, 4318870.943, 132
Trd, 4318871.193, 74
Trd, 4318871.293, 103
Trd, 4318872.443, 126
Trd, 4318872.943, 76
Trd, 4318875.443, 124
Trd, 4318876.843, 120
Trd, 4318876.993, 116
Trd, 4318877.393, 107
Trd, 4318879.243, 116
Trd, 4318879.493, 105
Trd, 4318880.943, 128
Trd, 4318881.493, 133
Trd, 4318881.993, 97
Trd, 4318882.443, 96
Trd, 4318883.393, 119
Trd, 4318883.843, 131
Trd, 4318884.143, 102
Trd, 4318884.593, 69
Trd, 4318885.243, 94
Trd, 4318886.193, 111
Trd, 4318886.543, 125
Trd, 4318886.743, 81
Trd, 4318888.543, 128
Trd, 4318888.893, 120
Trd, 4318891.643, 129
Trd, 4318891.943, 129
Trd, 4318892.243, 126
Trd, 4318892.343, 110
Trd, 4318892.543, 109
Trd, 4318892.593, 105
Trd, 4318894.243, 106
Trd, 4318894.693, 72
Trd, 4318894.893, 127
Trd, 4318896.393, 81
Trd, 4318896.943, 96
Trd, 4318897.793, 88
Trd, 4318898.893, 123
Trd, 4318899.043, 119
Trd, 4318899.143, 104
Trd, 4318901.693, 122
Trd, 4318902.843, 88
Trd, 4318903.243, 79
Trd, 4318903.743, 80
Trd, 4318904.543, 134
Trd, 4318905.243, 127
Trd, 4318905.493, 76
Trd, 4318906.243, 118
Trd, 4318907.343, 78
Trd, 4318908.593, 63
Trd, 4318908.943, 75
Trd, 4318909.793, 83
Trd, 4318911.743, 97
Trd, 4318912.443, 113
Trd, 4318912.843, 108
Trd, 4318913.343, 138
Trd, 4318914.093, 135
Trd, 4318914.243, 92
Trd, 4318914.493, 80
Trd, 4318915.543, 87
Trd, 4318918.543, 121
Trd, 4318918.993, 109
Trd, 4318919.093, 79
Trd, 4318919.593, 134
Trd, 4318919.993, 140
Trd, 4318920.543, 99
Trd, 4318922.993, 113
Trd, 4318923.193, 105
Trd, 4318923.243, 102
Trd, 4318923.293, 92
Trd, 4318924.543, 65
Trd, 4318924.743, 94
Trd, 4318924.843, 93
Trd, 4318925.243, 117
Trd, 4318927.293, 118
Trd, 4318927.693, 116
Trd, 4318927.793, 97
Trd, 4318928.243, 117
Trd, 4318928.543, 98
Trd, 4318930.443, 140
Trd, 4318932.093, 114
Trd, 4318932.743, 94
Trd, 4318933.293, 103
Trd, 4318933.393, 85
Trd, 4318935.093, 109
Trd, 4318935.293, 88
Trd, 4318935.493, 87
Trd, 4318936.293, 132
Trd, 4318936.593, 132
Trd, 4318937.793, 129
Trd, 4318938.843, 126
Trd, 4318939.243, 136
Trd, 4318940.393, 125
Trd, 4318940.593, 102
Trd, 4318941.443, 116
Trd, 4318942.643, 101
Trd, 4318942.743, 118
Trd, 4318943.243, 114
Trd, 4318944.293, 100
Trd, 4318944.493, 92
Trd, 4318944.943, 93
Trd, 4318947.143, 125
Trd, 4318947.243, 119
Trd, 4318948.893, 127
Trd, 4318949.343, 121
Trd, 4318949.643, 102
Trd, 4318950.493, 134
Trd, 4318951.693, 116
Trd, 4318952.043, 109
Trd, 4318953.793, 96
Trd, 4318953.843, 99
Trd, 4318954.143, 101
Trd, 4318955.593, 108
Trd, 4318956.593, 102
Trd, 4318957.643, 65
Trd, 4318958.243, 67
Trd, 4318959.243, 134
Trd, 4318960.643, 114
Trd, 4318961.093, 97
Trd, 4318961.443, 94
Trd, 4318963.493, 131
Trd, 4318963.993, 104
Trd, 4318964.543, 95
Trd, 4318965.293, 125
Trd, 4318965.543, 124
Trd, 4318965.693, 130
Trd, 4318965.943, 118
Trd, 4318966.943, 124
Trd, 4318968.293, 138
Trd, 4318969.793, 115
Trd, 4318969.943, 124
Trd, 4318969.993, 99
Trd, 4318971.743, 118
Trd, 4318972.093, 119
Trd, 4318973.193, 134
Trd, 4318973.293, 87
Trd, 4318973.743, 75
Trd, 4318974.993, 95
Trd, 4318975.693, 136
Trd, 4318975.843, 114
Trd, 4318976.893, 119
Trd, 4318977.343, 119
Trd, 4318978.143, 116
Trd, 4318978.593, 116
Trd, 4318979.793, 121
Trd, 4318980.743, 95
Trd, 4318981.293, 60
Trd, 4318981.543, 109
Trd, 4318984.193, 110
Trd, 4318984.443, 113
Trd, 4318986.543, 133
Trd, 4318987.243, 94
Trd, 4318988.543, 89
Trd, 4318989.993, 115
Trd, 4318990.093, 104
Trd, 4318990.943, 115
Trd, 4318991.393, 72
Trd, 4318991.543, 74
Trd, 4318991.793, 107
Trd, 4318991.993, 116
Trd, 4318992.243, 76
Trd, 4318992.993, 63
Trd, 4318994.143, 102
Trd, 4318996.093, 132
Trd, 4318996.543, 123
Trd, 4318996.743, 116
Trd, 4318997.393, 112
Trd, 4319000.143, 131
Trd, 4319000.193, 127
Trd, 4319000.243, 101
Trd, 4319001.193, 77
Trd, 4319001.443, 100
Trd, 4319003.093, 98
Trd, 4319004.443, 68
Trd, 4319004.893, 93
Trd, 4319005.243, 116
Trd, 4319006.243, 62
Trd, 4319007.543, 130
Trd, 4319008.143, 66
Trd, 4319008.543, 115
Trd, 4319008.743, 100
Trd, 4319009.993, 129
Trd, 4319010.943, 116
Trd, 4319011.143, 135
Trd, 4319011.443, 111
Trd, 4319012.543, 126
Trd, 4319013.593, 110
Trd, 4319014.493, 102
Trd, 4319015.943, 124
Trd, 4319016.093, 107
Trd, 4319016.793, 140
Trd, 4319017.243, 106
Trd, 4319018.043, 100
Trd, 4319019.343, 119
Trd, 4319019.793, 80
Trd, 4319020.993, 83
Trd, 4319021.243, 77
Trd, 4319021.393, 121
Trd, 4319023.043, 131
Trd, 4319025.243, 93
Trd, 4319025.543, 92
Trd, 4319026.193, 94
Trd, 4319026.543, 91
Trd, 4319026.893, 120
Trd, 4319027.943, 111
Trd, 4319028.543, 100
Trd, 4319029.243, 101
Trd, 4319031.293, 139
Trd, 4319031.343, 128
Trd, 4319031.443, 106
Trd, 4319032.543, 105
Trd, 4319032.943, 133
Trd, 4319033.593, 104
Trd, 4319034.643, 121
Trd, 4319034.693, 81
Trd, 4319036.693, 125
Trd, 4319036.893, 98
Trd, 4319037.093, 93
Trd, 4319037.893, 76
Trd, 4319039.093, 79
Trd, 4319039.443, 97
Trd, 4319040.693, 124
Trd, 4319041.193, 102
Trd, 4319041.993, 112
Trd, 4319043.843, 118
Trd, 4319045.243, 112
Trd, 4319045.393, 80
Trd, 4319045.593, 98
Trd, 4319046.743, 121
Trd, 4319047.393, 128
Trd, 4319048.993, 108
Trd, 4319049.793, 101
Trd, 4319051.043, 124
Trd, 4319051.193, 116
Trd, 4319051.443, 123
Trd, 4319052.593, 60
Trd, 4319052.843, 72
Trd, 4319053.293, 108
Trd, 4319053.993, 128
Trd, 4319054.293, 134
Trd, 4319055.893, 140
Trd, 4319055.943, 122
Trd, 4319056.393, 122
Trd, 4319057.393, 93
Trd, 4319058.293, 99
Trd, 4319059.193, 106
Trd, 4319060.693, 95
Trd, 4319060.993, 116
Trd, 4319061.293, 102
Trd, 4319062.443, 125
Trd, 4319063.293, 96
Trd, 4319064.943, 135
Trd, 4319066.493, 136
Trd, 4319066.743, 116
Trd, 4319066.793, 113
Trd, 4319066.893, 97
Trd, 4319067.693, 125
Trd, 4319067.743, 98
Trd, 4319069.643, 97
Trd, 4319070.143, 114
Trd, 4319071.043, 101
Trd, 4319071.543, 86
Trd, 4319072.743, 87
Trd, 4319073.243, 104
Trd, 4319073.293, 82
Trd, 4319074.593, 124
Trd, 4319074.793, 120
Trd, 4319074.993, 111
Trd, 4319075.393, 111
Trd, 4319075.593, 103
Trd, 4319075.993, 75
Trd, 4319077.343, 95
Trd, 4319078.993, 87
Trd, 4319079.443, 126
Trd, 4319080.793, 69
Trd, 4319081.193, 93
Trd, 4319081.443, 136
Trd, 4319082.293, 80
Trd, 4319083.193, 102
Trd, 4319085.193, 131
Trd, 4319085.543, 122
Trd, 4319086.693, 130
Trd, 4319087.293, 125
Trd, 4319087.493, 125
Trd, 4319087.843, 123
Trd, 4319089.093, 113
Trd, 4319090.543, 129
Trd, 4319092.043, 100
Trd, 4319092.243, 98
Trd, 4319094.493, 122
Trd, 4319094.793, 123
Trd, 4319095.393, 124
Trd, 4319096.243, 122
Trd, 4319096.593, 128
Trd, 4319097.993, 98
Trd, 4319099.543, 132
Trd, 4319099.943, 119
Trd, 4319100.893, 120
Trd, 4319101.193, 137
Trd, 4319101.893, 128
Trd, 4319103.943, 135
Trd, 4319105.843, 119
Trd, 4319106.243, 104
Trd, 4319106.643, 108
Trd, 4319106.893, 115
Trd, 4319108.493, 137
Trd, 4319108.643, 96
Trd, 4319110.443, 109
Trd, 4319110.593, 107
Trd, 4319110.943, 66
Trd, 4319111.793, 87
Trd, 4319113.043, 104
Trd, 4319113.643, 115
Trd, 4319113.943, 134
Trd, 4319114.043, 107
Trd, 4319114.843, 131
Trd, 4319115.843, 94
Trd, 4319118.243, 103
Trd, 4319118.293, 95
Trd, 4319118.943, 120
Trd, 4319122.893, 120
Trd, 4319122.943, 118
Trd, 4319122.993, 118
Trd, 4319123.043, 114
Trd, 4319123.793, 101
Trd, 4319124.893, 134
Trd, 4319124.993, 102
Trd, 4319127.393, 120
Trd, 4319127.743, 120
Trd, 4319127.993, 118
Trd, 4319128.343, 103
Trd, 4319128.793, 113
Trd, 4319130.793, 125
Trd, 4319130.843, 124
Trd, 4319131.893, 96
Trd, 4319131.993, 79
Trd, 4319132.843, 108
Trd, 4319133.043, 126
Trd, 4319133.493, 94
Trd, 4319133.993, 116
Trd, 4319134.593, 95
Trd, 4319135.343, 122
Trd, 4319137.093, 110
Trd, 4319137.443, 110
Trd, 4319138.793, 82
Trd, 4319139.443, 82
Trd, 4319140.343, 77
Trd, 4319140.693, 113
Trd, 4319141.293, 99
Trd, 4319142.493, 133
Trd, 4319143.343, 114
Trd, 4319143.443, 97
Trd, 4319145.593, 93
Trd, 4319145.793, 77
Trd, 4319146.243, 103
Trd, 4319147.193, 104
Trd, 4319147.893, 112
Trd, 4319148.143, 137
Trd, 4319149.643, 100
Trd, 4319149.943, 76
Trd, 4319151.143, 72
Trd, 4319151.743, 111
Trd, 4319152.743, 108
Trd, 4319152.793, 95
Trd, 4319153.093, 90
Trd, 4319153.843, 95
Trd, 4319155.293, 89
Trd, 4319156.643, 111
Trd, 4319156.993, 99
Trd, 4319157.093, 80
Trd, 4319157.193, 67
Trd, 4319159.843, 105
Trd, 4319160.143, 103
Trd, 4319161.643, 100
Trd, 4319162.243, 135
Trd, 4319162.843, 124
Trd, 4319163.643, 134
Trd, 4319164.243, 117
Trd, 4319164.343, 102
Trd, 4319164.593, 100
Trd, 4319166.143, 84
Trd, 4319166.443, 69
Trd, 4319168.343, 99
Trd, 4319168.543, 98
Trd, 4319168.743, 91
Trd, 4319170.043, 111
Trd, 4319170.343, 136
Trd, 4319170.543, 110
Trd, 4319171.443, 102
Trd, 4319171.893, 129
Trd, 4319172.243, 123
Trd, 4319172.493, 114
Trd, 4319172.943, 86
Trd, 4319174.343, 106
Trd, 4319174.593, 140
Trd, 4319175.093, 120
Trd, 4319175.843, 140
Trd, 4319177.343, 65
Trd, 4319178.443, 108
Trd, 4319178.743, 116
Trd, 4319178.843, 117
Trd, 4319179.743, 119
Trd, 4319181.693, 94
Trd, 4319182.693, 138
Trd, 4319183.293, 121
Trd, 4319183.493, 118
Trd, 4319184.793, 131
Trd, 4319185.843, 91
Trd, 4319185.943, 88
Trd, 4319186.293, 92
Trd, 4319187.143, 88
Trd, 4319187.193, 88
Trd, 4319188.743, 111
Trd, 4319188.943, 116
Trd, 4319189.793, 125
Trd, 4319189.843, 81
Trd, 4319191.093, 85
Trd, 4319191.793, 82
Trd, 4319192.643, 97
Trd, 4319193.143, 124
Trd, 4319193.243, 115
Trd, 4319194.043, 120
Trd, 4319194.843, 111
Trd, 4319197.543, 123
Trd, 4319198.893, 130
Trd, 4319199.543, 114
Trd, 4319200.193, 109
Trd, 4319200.343, 97
Trd, 4319201.443, 109
Trd, 4319203.343, 137
Trd, 4319203.693, 114
Trd, 4319204.143, 118
Trd, 4319204.893, 76
Trd, 4319205.043, 116
Trd, 4319205.893, 79
Trd, 4319206.093, 117
Trd, 4319206.443, 111
Trd, 4319206.993, 121
Trd, 4319208.693, 130
Trd, 4319209.093, 121
Trd, 4319211.643, 132
Trd, 4319211.893, 102
Trd, 4319212.043, 88
Trd, 4319212.943, 131
Trd, 4319213.393, 127
Trd, 4319214.943, 127
Trd, 4319215.693, 77
Trd, 4319216.693, 76
Trd, 4319218.843, 128
Trd, 4319220.743, 121
Trd, 4319221.443, 135
Trd, 4319221.843, 128
Trd, 4319223.793, 126
Trd, 4319226.693, 124
Trd, 4319226.843, 122
Trd, 4319227.593, 139
Trd, 4319228.843, 113
Trd, 4319229.093, 114
Trd, 4319230.743, 134
Trd, 4319231.793, 96
Trd, 4319232.593, 139
Trd, 4319233.493, 128
Trd, 4319234.143, 115
Trd, 4319234.543, 120
Trd, 4319236.843, 140
Trd, 4319237.193, 120
Trd, 4319237.693, 117
Trd, 4319238.293, 132
Trd, 4319238.943, 123
Trd, 4319239.443, 114
Trd, 4319239.793, 122
Trd, 4319240.643, 93
Trd, 4319241.993, 132
Trd, 4319243.093, 131
Trd, 4319244.093, 108
Trd, 4319244.343, 93
Trd, 4319245.793, 135
Trd, 4319246.143, 98
Trd, 4319247.093, 114
Trd, 4319247.793, 111
Trd, 4319248.593, 108
Trd, 4319249.393, 138
Trd, 4319249.743, 121
Trd, 4319251.693, 132
Trd, 4319251.993, 133
Trd, 4319253.393, 118
Trd, 4319254.443, 102
Trd, 4319254.493, 113
Trd, 4319254.643, 93
Trd, 4319256.493, 96
Trd, 4319256.593, 130
Trd, 4319257.393, 106
Trd, 4319257.743, 122
Trd, 4319260.093, 131
Trd, 4319260.593, 84
Trd, 4319260.743, 118
Trd, 4319260.893, 74
Trd, 4319261.343, 82
Trd, 4319262.243, 118
Trd, 4319263.793, 128
Trd, 4319264.643, 113
Trd, 4319264.743, 104
Trd, 4319266.693, 121
Trd, 4319266.893, 104
Trd, 4319267.543, 106
Trd, 4319268.743, 117
Trd, 4319269.093, 120
Trd, 4319271.043, 125
Trd, 4319273.643, 116
Trd, 4319273.743, 109
Trd, 4319274.093, 108
Trd, 4319274.193, 104
Trd, 4319274.893, 121
Trd, 4319275.893, 111
Trd, 4319276.593, 126
Trd, 4319277.143, 122
Trd, 4319277.193, 105
Trd, 4319277.843, 98
Trd, 4319279.243, 85
Trd, 4319279.293, 76
Trd, 4319280.293, 124
Trd, 4319280.693, 86
Trd, 4319281.443, 138
Trd, 4319281.743, 122
Trd, 4319283.093, 96
Trd, 4319283.193, 84
Trd, 4319286.243, 122
Trd, 4319286.743, 120
Trd, 4319286.993, 127
Trd, 4319288.093, 117
Trd, 4319288.193, 113
Trd, 4319288.443, 102
Trd, 4319288.493, 99
Trd, 4319289.743, 107
Trd, 4319289.893, 91
Trd, 4319290.493, 122
Trd, 4319291.093, 136
Trd, 4319292.543, 117
Trd, 4319293.143, 109
Trd, 4319294.343, 130
Trd, 4319295.193, 116
Trd, 4319295.443, 113
Trd, 4319296.593, 104
Trd, 4319297.293, 106
Trd, 4319297.943, 107
Trd, 4319298.293, 136
Trd, 4319298.743, 96
Trd, 4319299.493, 136
Trd, 4319302.593, 130
Trd, 4319303.443, 103
Trd, 4319303.643, 102
Trd, 4319305.043, 123
Trd, 4319305.393, 136
Trd, 4319305.493, 113
Trd, 4319306.093, 123
Trd, 4319307.243, 119
Trd, 4319307.443, 118
Trd, 4319308.143, 139
Trd, 4319308.343, 112
Trd, 4319309.543, 85
Trd, 4319310.043, 132
Trd, 4319310.093, 127
Trd, 4319311.543, 116
Trd, 4319312.343, 72
Trd, 4319313.393, 118
Trd, 4319313.893, 95
Trd, 4319314.243, 64
Trd, 4319314.443, 97
Trd, 4319316.893, 138
Trd, 4319317.393, 106
Trd, 4319317.743, 99
Trd, 4319317.993, 73
Trd, 4319319.743, 79
Trd, 4319319.943, 94
Trd, 4319321.193, 103
Trd, 4319321.343, 104
Trd, 4319321.743, 92
Trd, 4319322.243, 75
Trd, 4319323.243, 91
Trd, 4319323.343, 71
Trd, 4319323.543, 112
Trd, 4319323.743, 114
Trd, 4319324.843, 125
Trd, 4319326.443, 88
Trd, 4319326.943, 103
Trd, 4319328.543, 101
Trd, 4319328.693, 95
Trd, 4319329.543, 104
Trd, 4319330.193, 133
Trd, 4319330.643, 112
Trd, 4319331.993, 95
Trd, 4319332.793, 71
Trd, 4319332.893, 76
Trd, 4319334.243, 124
Trd, 4319334.693, 111
Trd, 4319335.393, 89
Trd, 4319336.193, 120
Trd, 4319336.393, 103
Trd, 4319338.443, 140
Trd, 4319339.293, 100
Trd, 4319339.843, 133
Trd, 4319340.493, 123
Trd, 4319341.543, 117
Trd, 4319341.693, 136
Trd, 4319342.193, 103
Trd, 4319342.843, 121
Trd, 4319343.793, 124
Trd, 4319346.543, 140
Trd, 4319346.743, 128
Trd, 4319346.843, 127
Trd, 4319346.993, 111
Trd, 4319347.593, 125
Trd, 4319348.643, 124
Trd, 4319350.243, 103
Trd, 4319351.443, 139
Trd, 4319351.643, 108
Trd, 4319352.393, 128
Trd, 4319353.143, 118
Trd, 4319353.343, 114
Trd, 4319353.943, 126
Trd, 4319354.893, 98
Trd, 4319355.043, 109
Trd, 4319357.043, 129
Trd, 4319357.393, 137
Trd, 4319357.743, 122
Trd, 4319358.543, 122
Trd, 4319360.443, 132
Trd, 4319360.543, 105
Trd, 4319360.893, 102
Trd, 4319361.193, 113
Trd, 4319362.193, 79
Trd, 4319363.693, 102
Trd, 4319364.393, 80
Trd, 4319364.743, 127
Trd, 4319365.893, 112
Trd, 4319365.943, 83
Trd, 4319366.793, 111
Trd, 4319367.993, 126
Trd, 4319369.043, 104
Trd, 4319369.443, 124
Trd, 4319370.193, 119
Trd, 4319370.243, 119
Trd, 4319371.243, 133
Trd, 4319371.493, 114
Trd, 4319372.193, 110
Trd, 4319372.593, 89
Trd, 4319373.143, 105
Trd, 4319375.193, 117
Trd, 4319375.443, 86
Trd, 4319376.393, 106
Trd, 4319377.393, 127
Trd, 4319377.443, 87
Trd, 4319379.243, 91
Trd, 4319379.593, 109
Trd, 4319380.293, 100
Trd, 4319381.143, 89
Trd, 4319383.043, 137
Trd, 4319383.393, 134
Trd, 4319383.543, 108
Trd, 4319384.143, 117
Trd, 4319384.943, 127
Trd, 4319384.993, 136
Trd, 4319385.643, 99
Trd, 4319386.043, 83
Trd, 4319386.243, 113
Trd, 4319387.943, 96
Trd, 4319388.293, 101
Trd, 4319388.743, 129
Trd, 4319390.093, 123
Trd, 4319390.343, 63
Trd, 4319391.593, 104
Trd, 4319391.693, 112
Trd, 4319392.843, 113
Trd, 4319393.543, 100
Trd, 4319394.543, 76
Trd, 4319395.693, 97
Trd, 4319396.593, 112
Trd, 4319397.393, 108
Trd, 4319398.043, 85
Trd, 4319398.843, 79
Trd, 4319401.793, 121
Trd, 4319403.143, 115
Trd, 4319404.093, 112
Trd, 4319404.343, 114
Trd, 4319404.993, 94
Trd, 4319406.843, 123
Trd, 4319407.093, 122
Trd, 4319407.393, 125
Trd, 4319408.593, 116
Trd, 4319409.343, 139
Trd, 4319409.793, 112
Trd, 4319410.143, 123
Trd, 4319411.443, 121
Trd, 4319413.193, 137
Trd, 4319413.343, 98
Trd, 4319413.543, 123
Trd, 4319414.343, 121
Trd, 4319415.243, 122
Trd, 4319416.843, 72
Trd, 4319417.043, 82
Trd, 4319417.143, 96
Trd, 4319418.193, 68
Trd, 4319418.293, 96
Trd, 4319418.493, 85
Trd, 4319420.043, 94
Trd, 4319421.893, 136
Trd, 4319422.293, 140
Trd, 4319422.993, 129
Trd, 4319423.143, 111
Trd, 4319424.093, 75
Trd, 4319424.593, 95
Trd, 4319424.993, 138
Trd, 4319425.543, 116
Trd, 4319427.343, 125
Trd, 4319427.593, 88
Trd, 4319427.693, 70
Trd, 4319428.893, 105
Trd, 4319429.943, 71
Trd, 4319431.143, 91
Trd, 4319431.193, 90
Trd, 4319432.143, 92
Trd, 4319432.843, 104
Trd, 4319433.043, 87
Trd, 4319433.793, 130
Trd, 4319434.593, 125
Trd, 4319435.143, 97
Trd, 4319435.943, 123
Trd, 4319438.293, 110
Trd, 4319438.493, 106
Trd, 4319438.793, 100
Trd, 4319439.943, 135
Trd, 4319440.343, 101
Trd, 4319440.743, 98
Trd, 4319441.243, 112
Trd, 4319442.393, 139
Trd, 4319442.993, 96
Trd, 4319443.493, 80
Trd, 4319445.593, 130
Trd, 4319445.793, 97
Trd, 4319446.593, 88
Trd, 4319446.843, 124
Trd, 4319447.943, 102
Trd, 4319447.993, 94
Trd, 4319448.043, 92
Trd, 4319449.293, 134
Trd, 4319449.643, 73
Trd, 4319450.543, 128
Trd, 4319451.393, 119
Trd, 4319453.043, 101
Trd, 4319453.493, 118
Trd, 4319454.243, 126
Trd, 4319454.343, 82
Trd, 4319455.193, 79
Trd, 4319455.293, 123
Trd, 4319455.943, 75
Trd, 4319456.393, 111
Trd, 4319457.543, 88
Trd, 4319457.593, 100
Trd, 4319458.143, 65
Trd, 4319460.943, 94
Trd, 4319462.143, 118
Trd, 4319462.293, 105
Trd, 4319462.943, 110
Trd, 4319463.593, 110
Trd, 4319463.693, 88
Trd, 4319464.243, 119
Trd, 4319464.643, 128
Trd, 4319465.143, 68
Trd, 4319465.893, 93
Trd, 4319466.043, 83
Trd, 4319467.043, 124
Trd, 4319469.593, 123
Trd, 4319469.843, 117
Trd, 4319470.493, 107
Trd, 4319470.743, 99
Trd, 4319471.243, 135
Trd, 4319471.393, 119
Trd, 4319472.593, 111
Trd, 4319472.793, 83
Trd, 4319474.393, 122
Trd, 4319474.793, 96
Trd, 4319475.243, 93
Trd, 4319476.293, 113
Trd, 4319478.793, 123
Trd, 4319480.493, 134
Trd, 4319481.793, 125
Trd, 4319482.993, 93
Trd, 4319483.943, 103
Trd, 4319484.143, 118
Trd, 4319484.743, 91
Trd, 4319485.943, 116
Trd, 4319486.493, 87
Trd, 4319486.543, 100
Trd, 4319486.893, 104
Trd, 4319487.043, 111
Trd, 4319490.143, 116
Trd, 4319490.793, 104
Trd, 4319490.943, 95
Trd, 4319490.993, 83
Trd, 4319491.193, 76
Trd, 4319491.993, 112
Trd, 4319493.343, 116
Trd, 4319494.643, 129
Trd, 4319495.693, 115
Trd, 4319496.393, 112
Trd, 4319496.843, 108
Trd, 4319498.343, 125
Trd, 4319499.993, 139
Trd, 4319500.493, 132
Trd, 4319501.093, 125
Trd, 4319501.843, 132
Trd, 4319502.143, 102
Trd, 4319502.993, 127
Trd, 4319503.193, 109
Trd, 4319503.243, 85
Trd, 4319503.793, 111
Trd, 4319504.043, 117
Trd, 4319504.643, 83
Trd, 4319507.293, 129
Trd, 4319507.693, 137
Trd, 4319508.093, 115
Trd, 4319509.493, 111
Trd, 4319510.143, 136
Trd, 4319510.293, 95
Trd, 4319510.693, 108
Trd, 4319511.343, 115
Trd, 4319512.943, 134
Trd, 4319515.093, 140
Trd, 4319515.243, 121
Trd, 4319515.693, 124
Trd, 4319516.293, 113
Trd, 4319518.293, 114
Trd, 4319518.343, 104
Trd, 4319519.843, 131
Trd, 4319519.943, 110
Trd, 4319520.543, 124
Trd, 4319520.743, 102
Trd, 4319522.343, 132
Trd, 4319522.493, 122
Trd, 4319522.843, 82
Trd, 4319523.193, 124
Trd, 4319524.093, 100
Trd, 4319524.443, 127
Trd, 4319524.593, 74
Trd, 4319527.543, 102
Trd, 4319527.893, 94
Trd, 4319527.943, 94
Trd, 4319528.743, 127
Trd, 4319529.793, 99
Trd, 4319529.943, 95
Trd, 4319530.543, 111
Trd, 4319530.943, 132
Trd, 4319531.493, 108
Trd, 4319532.643, 123
Trd, 4319535.893, 87
Trd, 4319537.043, 118
Trd, 4319537.743, 122
Trd, 4319538.193, 122
Trd, 4319539.493, 117
Trd, 4319539.593, 112
Trd, 4319539.943, 96
Trd, 4319540.293, 129
Trd, 4319543.493, 86
Trd, 4319543.593, 96
Trd, 4319543.743, 86
Trd, 4319544.043, 93
Trd, 4319544.493, 129
Trd, 4319546.043, 139
Trd, 4319546.693, 138
Trd, 4319548.543, 106
Trd, 4319550.093, 121
Trd, 4319550.193, 111
Trd, 4319550.693, 108
Trd, 4319550.843, 131
Trd, 4319551.643, 115
Trd, 4319551.693, 94
Trd, 4319552.443, 75
Trd, 4319553.493, 67
Trd, 4319555.343, 95
Trd, 4319556.093, 99
Trd, 4319556.793, 113
Trd, 4319557.443, 125
Trd, 4319557.593, 117
Trd, 4319557.743, 103
Trd, 4319558.543, 114
Trd, 4319559.543, 71
Trd, 4319560.193, 89
Trd, 4319560.743, 93
Trd, 4319561.243, 117
Trd, 4319561.293, 100
Trd, 4319562.793, 112
Trd, 4319563.343, 114
Trd, 4319564.843, 67
Trd, 4319565.043, 75
Trd, 4319566.243, 90
Trd, 4319566.343, 101
Trd, 4319566.743, 125
Trd, 4319567.143, 85
Trd, 4319567.343, 110
Trd, 4319567.943, 108
Trd, 4319569.743, 73
Trd, 4319570.643, 76
Trd, 4319570.793, 75
Trd, 4319571.743, 135
Trd, 4319571.843, 78
Trd, 4319572.293, 124
Trd, 4319573.443, 134
Trd, 4319573.993, 111
Trd, 4319575.343, 85
Trd, 4319575.593, 91
Trd, 4319576.343, 135
Trd, 4319577.443, 97
Trd, 4319578.393, 113
Trd, 4319580.443, 123
Trd, 4319581.343, 137
Trd, 4319582.393, 138
Trd, 4319582.493, 121
Trd, 4319582.693, 113
Trd, 4319583.193, 132
Trd, 4319583.743, 95
Trd, 4319585.043, 100
Trd, 4319588.143, 130
Trd, 4319588.793, 129
Trd, 4319589.143, 119
Trd, 4319589.393, 110
Trd, 4319590.093, 132
Trd, 4319590.893, 66
Trd, 4319594.393, 139
Trd, 4319595.143, 126
Trd, 4319595.643, 109
Trd, 4319597.093, 131
Trd, 4319597.643, 128
Trd, 4319597.893, 120
Trd, 4319599.193, 133
Trd, 4319599.293, 104
Trd, 4319602.293, 127
Trd, 4319603.143, 125
Trd, 4319604.043, 105
Trd, 4319604.243, 102
Trd, 4319604.893, 136
Trd, 4319606.093, 132
Trd, 4319606.543, 72
Trd, 4319607.093, 85
Trd, 4319607.643, 120
Trd, 4319608.543, 105
Trd, 4319608.793, 121
Trd, 4319609.243, 102
Trd, 4319609.593, 93
Trd, 4319610.393, 65
Trd, 4319611.893, 96
Trd, 4319613.093, 106
Trd, 4319614.193, 124
Trd, 4319614.293, 123
Trd, 4319614.493, 93
Trd, 4319614.743, 73
Trd, 4319615.593, 115
Trd, 4319616.743, 114
Trd, 4319617.593, 126
Trd, 4319617.943, 94
Trd, 4319618.693, 102
Trd, 4319619.093, 113
Trd, 4319619.693, 111
Trd, 4319620.543, 105
Trd, 4319621.393, 114
Trd, 4319621.593, 103
Trd, 4319623.693, 73
Trd, 4319624.393, 100
Trd, 4319624.793, 87
Trd, 4319626.593, 135
Trd, 4319627.093, 123
Trd, 4319627.343, 104
Trd, 4319629.043, 132
Trd, 4319629.493, 121
Trd, 4319629.643, 104
Trd, 4319629.993, 98
Trd, 4319631.293, 140
Trd, 4319631.793, 111
Trd, 4319633.343, 128
Trd, 4319633.543, 102
Trd, 4319634.643, 124
Trd, 4319637.693, 138
Trd, 4319638.743, 134
Trd, 4319639.043, 127
Trd, 4319639.193, 136
Trd, 4319640.593, 119
Trd, 4319641.093, 135
Trd, 4319641.493, 101
Trd, 4319642.593, 91
Trd, 4319642.643, 89
Trd, 4319642.743, 84
Trd, 4319643.643, 139
Trd, 4319644.093, 128
Trd, 4319644.343, 122
Trd, 4319646.993, 87
Trd, 4319647.543, 128
Trd, 4319647.893, 98
Trd, 4319648.593, 116
Trd, 4319649.743, 118
Trd, 4319650.593, 123
Trd, 4319651.093, 101
Trd, 4319651.343, 105
Trd, 4319651.843, 109
Trd, 4319652.493, 133
Trd, 4319653.093, 126
Trd, 4319654.193, 91
Trd, 4319654.743, 111
Trd, 4319655.193, 124
Trd, 4319656.893, 136
Trd, 4319656.993, 91
Trd, 4319659.043, 139
Trd, 4319659.293, 127
Trd, 4319659.493, 128
Trd, 4319659.743, 120
Trd, 4319660.843, 120
Trd, 4319661.043, 72
Trd, 4319662.593, 129
Trd, 4319663.543, 112
Trd, 4319664.493, 140
Trd, 4319666.393, 139
Trd, 4319666.693, 128
Trd, 4319667.493, 99
Trd, 4319667.893, 98
Trd, 4319668.443, 134
Trd, 4319668.593, 129
Trd, 4319669.943, 112
Trd, 4319670.843, 109
Trd, 4319671.293, 106
Trd, 4319671.493, 101
Trd, 4319672.893, 129
Trd, 4319673.393, 135
Trd, 4319674.693, 105
Trd, 4319675.393, 132
Trd, 4319678.493, 99
Trd, 4319678.693, 90
Trd, 4319678.993, 116
Trd, 4319679.743, 126
Trd, 4319679.993, 113
Trd, 4319680.243, 100
Trd, 4319680.493, 104
Trd, 4319681.893, 76
Trd, 4319682.393, 119
Trd, 4319683.393, 90
Trd, 4319683.643, 91
Trd, 4319684.193, 125
Trd, 4319685.093, 96
Trd, 4319685.543, 107
Trd, 4319686.643, 119
Trd, 4319686.943, 79
Trd, 4319687.893, 120
Trd, 4319688.093, 134
Trd, 4319688.143, 105
Trd, 4319688.743, 85
Trd, 4319689.693, 91
Trd, 4319689.743, 106
Trd, 4319690.593, 109
Trd, 4319691.893, 122
Trd, 4319691.943, 84
Trd, 4319692.593, 124
Trd, 4319694.343, 127
Trd, 4319695.543, 136
Trd, 4319697.243, 98
Trd, 4319697.943, 101
Trd, 4319698.693, 76
Trd, 4319699.043, 76
Trd, 4319700.393, 117
Trd, 4319700.743, 109
Trd, 4319701.693, 111
Trd, 4319702.243, 95
Trd, 4319702.493, 93
Trd, 4319703.443, 100
Trd, 4319703.893, 122
Trd, 4319705.293, 112
Trd, 4319706.443, 117
Trd, 4319708.643, 135
Trd, 4319708.893, 130
Trd, 4319709.193, 107
Trd, 4319709.993, 102
Trd, 4319710.093, 123
Trd, 4319710.743, 113
Trd, 4319711.493, 89
Trd, 4319712.043, 129
Trd, 4319712.543, 127
Trd, 4319713.093, 126
Trd, 4319713.193, 108
Trd, 4319714.193, 113
Trd, 4319714.793, 111
Trd, 4319715.043, 106
Trd, 4319716.193, 66
Trd, 4319716.493, 88
Trd, 4319716.543, 85
Trd, 4319717.143, 92
Trd, 4319717.843, 137
Trd, 4319719.993, 104
Trd, 4319720.393, 123
Trd, 4319721.493, 116
Trd, 4319724.143, 132
Trd, 4319724.293, 102
Trd, 4319725.043, 132
Trd, 4319726.043, 125
Trd, 4319726.493, 114
Trd, 4319727.243, 109
Trd, 4319727.393, 102
Trd, 4319729.143, 98
Trd, 4319729.393, 85
Trd, 4319729.443, 62
Trd, 4319730.793, 133
Trd, 4319731.843, 108
Trd, 4319733.143, 100
Trd, 4319734.443, 97
Trd, 4319734.593, 129
Trd, 4319736.443, 111
Trd, 4319736.793, 138
Trd, 4319737.293, 113
Trd, 4319737.643, 133
Trd, 4319738.243, 120
Trd, 4319738.293, 110
Trd, 4319738.393, 99
Trd, 4319739.293, 100
Trd, 4319739.893, 90
Trd, 4319740.393, 78
Trd, 4319741.243, 134
Trd, 4319741.593, 114
Trd, 4319743.143, 119
Trd, 4319743.893, 89
Trd, 4319745.043, 87
Trd, 4319745.943, 125
Trd, 4319746.193, 90
Trd, 4319746.493, 109
Trd, 4319748.643, 128
Trd, 4319750.693, 129
Trd, 4319750.743, 125
Trd, 4319750.943, 110
Trd, 4319751.243, 109
Trd, 4319751.543, 100
Trd, 4319752.543, 71
Trd, 4319752.743, 75
Trd, 4319753.043, 139
Trd, 4319754.493, 62
Trd, 4319755.043, 85
Trd, 4319755.943, 99
Trd, 4319756.043, 66
Trd, 4319756.643, 112
Trd, 4319757.943, 127
Trd, 4319759.093, 112
Trd, 4319759.543, 105
Trd, 4319759.793, 87
Trd, 4319759.943, 108
Trd, 4319760.993, 87
Trd, 4319761.343, 94
Trd, 4319761.593, 104
Trd, 4319763.043, 62
Trd, 4319763.393, 95
Trd, 4319764.643, 134
Trd, 4319764.843, 123
Trd, 4319766.043, 98
Trd, 4319766.393, 93
Trd, 4319767.393, 133
Trd, 4319767.743, 127
Trd, 4319768.493, 94
Trd, 4319768.643, 127
Trd, 4319769.243, 114
Trd, 4319770.793, 111
Trd, 4319771.943, 107
Trd, 4319772.143, 87
Trd, 4319772.493, 103
Trd, 4319773.743, 118
Trd, 4319774.343, 110
Trd, 4319774.543, 111
Trd, 4319774.893, 106
Trd, 4319776.843, 108
Trd, 4319778.043, 107
Trd, 4319779.793, 138
Trd, 4319780.143, 117
Trd, 4319781.093, 110
Trd, 4319782.043, 113
Trd, 4319783.093, 123
Trd, 4319783.443, 114
Trd, 4319784.093, 115
Trd, 4319785.043, 105
Trd, 4319785.643, 102
Trd, 4319786.193, 114
Trd, 4319787.743, 138
Trd, 4319787.943, 129
Trd, 4319788.193, 113
Trd, 4319789.793, 93
Trd, 4319790.793, 120
Trd, 4319792.293, 100
Trd, 4319792.343, 91
Trd, 4319792.893, 111
Trd, 4319793.693, 100
Trd, 4319794.843, 134
Trd, 4319794.943, 114
Trd, 4319795.793, 111
Trd, 4319796.493, 127
Trd, 4319797.443, 105
Trd, 4319799.193, 62
Trd, 4319799.293, 74
Trd, 4319799.343, 80
Trd, 4319800.893, 80
Trd, 4319801.343, 76
Trd, 4319801.843, 107
Trd, 4319802.143, 96
Trd, 4319802.343, 86
Trd, 4319802.593, 73
Trd, 4319804.543, 94
Trd, 4319805.393, 108
Trd, 4319806.893, 125
Trd, 4319807.393, 119
Trd, 4319809.543, 138
Trd, 4319809.693, 134
Trd, 4319810.093, 88
Trd, 4319810.743, 80
Trd, 4319811.443, 64
Trd, 4319812.343, 85
Trd, 4319812.993, 113
Trd, 4319813.043, 108
Trd, 4319813.643, 106
Trd, 4319814.843, 139
Trd, 4319816.343, 135
Trd, 4319816.843, 137
Trd, 4319817.293, 118
Trd, 4319817.943, 103
Trd, 4319819.793, 132
Trd, 4319820.543, 108
Trd, 4319821.343, 126
Trd, 4319821.693, 114
Trd, 4319822.443, 108
Trd, 4319822.593, 120
Trd, 4319822.693, 101
Trd, 4319822.743, 77
Trd, 4319826.493, 116
Trd, 4319827.093, 129
Trd, 4319828.193, 112
Trd, 4319828.543, 127
Trd, 4319829.843, 133
Trd, 4319830.593, 82
Trd, 4319831.093, 77
Trd, 4319831.393, 96
Trd, 4319832.743, 117
Trd, 4319833.493, 130
Trd, 4319834.043, 78
Trd, 4319835.543, 118
Trd, 4319836.343, 98
Trd, 4319836.693, 118
Trd, 4319836.793, 114
Trd, 4319837.393, 122
Trd, 4319837.593, 90
Trd, 4319838.343, 96
Trd, 4319840.243, 135
Trd, 4319840.593, 119
Trd, 4319840.643, 108
Trd, 4319842.343, 136
Trd, 4319842.693, 127
Trd, 4319843.143, 118
Trd, 4319843.993, 119
Trd, 4319845.543, 133
Trd, 4319845.843, 120
Trd, 4319847.643, 96
Trd, 4319847.893, 90
Trd, 4319848.293, 78
Trd, 4319848.493, 91
Trd, 4319851.243, 110
Trd, 4319851.943, 101
Trd, 4319852.193, 69
Trd, 4319855.843, 130
Trd, 4319855.893, 124
Trd, 4319856.593, 98
Trd, 4319856.843, 77
Trd, 4319856.943, 68
Trd, 4319858.043, 138
Trd, 4319858.493, 87
Trd, 4319860.543, 117
Trd, 4319861.093, 137
Trd, 4319861.893, 113
Trd, 4319862.143, 98
Trd, 4319863.043, 124
Trd, 4319863.593, 134
Trd, 4319864.343, 107
Trd, 4319865.193, 86
Trd, 4319867.643, 127
Trd, 4319868.493, 124
Trd, 4319868.893, 94
Trd, 4319869.143, 114
Trd, 4319870.243, 121
Trd, 4319871.143, 113
Trd, 4319871.543, 81
Trd, 4319871.843, 72
Trd, 4319873.393, 116
Trd, 4319874.093, 100
Trd, 4319874.143, 77
Trd, 4319874.893, 94
Trd, 4319876.343, 128
Trd, 4319877.193, 103
Trd, 4319877.643, 117
Trd, 4319877.743, 110
Trd, 4319877.993, 130
Trd, 4319878.393, 130
Trd, 4319879.843, 120
Trd, 4319880.893, 137
Trd, 4319881.493, 136
Trd, 4319883.343, 131
Trd, 4319883.643, 119
Trd, 4319885.143, 123
Trd, 4319886.843, 122
Trd, 4319887.343, 126
Trd, 4319888.043, 120
Trd, 4319888.493, 131
Trd, 4319889.143, 115
Trd, 4319889.343, 111
Trd, 4319889.443, 108
Trd, 4319891.043, 82
Trd, 4319891.243, 90
Trd, 4319892.243, 80
Trd, 4319893.693, 126
Trd, 4319894.293, 124
Trd, 4319895.193, 121
Trd, 4319895.293, 82
Trd, 4319898.443, 114
Trd, 4319899.143, 139
Trd, 4319899.993, 106
Trd, 4319900.043, 105
Trd, 4319901.743, 120
Trd, 4319902.493, 106
Trd, 4319902.743, 110
Trd, 4319904.043, 79
Trd, 4319904.143, 105
Trd, 4319905.843, 112
Trd, 4319906.093, 110
Trd, 4319906.293, 93
Trd, 4319906.593, 95
Trd, 4319907.843, 113
Trd, 4319908.593, 125
Trd, 4319909.093, 74
Trd, 4319909.943, 121
Trd, 4319910.543, 97
Trd, 4319911.493, 138
Trd, 4319912.893, 114
Trd, 4319913.293, 95
Trd, 4319914.193, 77
Trd, 4319915.293, 69
Trd, 4319915.593, 72
Trd, 4319916.293, 88
Trd, 4319917.093, 83
Trd, 4319917.343, 112
Trd, 4319917.693, 69
Trd, 4319918.793, 71
Trd, 4319920.193, 117
Trd, 4319920.943, 104
Trd, 4319921.943, 92
Trd, 4319923.493, 129
Trd, 4319924.493, 126
Trd, 4319924.993, 119
Trd, 4319925.043, 107
Trd, 4319925.893, 117
Trd, 4319926.793, 117
Trd, 4319927.593, 87
Trd, 4319928.693, 114
Trd, 4319929.593, 130
Trd, 4319929.893, 107
Trd, 4319930.193, 135
Trd, 4319930.793, 99
Trd, 4319931.243, 103
Trd, 4319931.893, 107
Trd, 4319934.193, 136
Trd, 4319934.643, 133
Trd, 4319934.843, 113
Trd, 4319934.993, 96
Trd, 4319935.993, 85
Trd, 4319938.743, 127
Trd, 4319939.293, 119
Trd, 4319940.343, 126
Trd, 4319940.593, 113
Trd, 4319940.693, 109
Trd, 4319942.043, 98
Trd, 4319942.193, 107
Trd, 4319943.243, 85
Trd, 4319944.643, 118
Trd, 4319945.743, 129
Trd, 4319946.593, 140
Trd, 4319947.343, 139
Trd, 4319947.393, 119
Trd, 4319948.543, 104
Trd, 4319949.293, 136
Trd, 4319949.793, 119
Trd, 4319950.343, 113
Trd, 4319951.293, 105
Trd, 4319951.993, 119
Trd, 4319952.343, 85
Trd, 4319952.643, 86
Trd, 4319953.843, 133
Trd, 4319954.343, 131
Trd, 4319954.893, 122
Trd, 4319956.193, 108
Trd, 4319957.293, 105
Trd, 4319958.343, 129
Trd, 4319959.193, 99
Trd, 4319960.493, 120
Trd, 4319961.443, 123
Trd, 4319962.843, 102
Trd, 4319964.393, 127
Trd, 4319964.943, 126
Trd, 4319965.193, 105
Trd, 4319965.743, 119
Trd, 4319965.993, 81
Trd, 4319966.843, 140
Trd, 4319967.043, 105
Trd, 4319967.543, 113
Trd, 4319967.943, 111
Trd, 4319970.743, 77
Trd, 4319971.543, 101
Trd, 4319971.993, 87
Trd, 4319972.043, 86
Trd, 4319973.643, 92
Trd, 4319974.543, 131
Trd, 4319975.343, 139
Trd, 4319975.943, 130
Trd, 4319977.643, 112
Trd, 4319980.193, 133
Trd, 4319980.993, 124
Trd, 4319981.343, 107
Trd, 4319981.943, 132
Trd, 4319981.993, 99
Trd, 4319983.043, 100
Trd, 4319983.543, 123
Trd, 4319983.843, 88
Trd, 4319985.193, 121
Trd, 4319985.493, 129
Trd, 4319987.293, 121
Trd, 4319987.693, 100
Trd, 4319988.493, 92
Trd, 4319989.143, 105
Trd, 4319989.643, 129
Trd, 4319990.343, 101
Trd, 4319990.393, 115
Trd, 4319991.543, 127
Trd, 4319993.993, 122
Trd, 4319994.093, 119
Trd, 4319994.243, 118
Trd, 4319995.093, 106
Trd, 4319995.193, 113
Trd, 4319995.293, 129
Trd, 4319995.893, 106
Trd, 4319996.243, 129
Trd, 4319996.743, 113
Trd, 4319997.193, 109
Trd, 4319997.993, 71
Trd, 4319998.743, 125
Trd, 4319998.793, 112
Trd, 4319999.693, 96
