Trd, 4318096.743, 104
Trd, 4318098.343, 104
Trd, 4318098.393, 102
Trd, 4318098.793, 113
Trd, 4318100.593, 105
Trd, 4318100.693, 104
Trd, 4318101.593, 129
Trd, 4318102.893, 123
Trd, 4318103.243, 140
Trd, 4318103.593, 119
Trd, 4318103.943, 112
Trd, 4318104.943, 65
Trd, 4318105.343, 66
Trd, 4318107.543, 70
Trd, 4318109.093, 62
Trd, 4318109.493, 62
Trd, 4318109.843, 62
Trd, 4318109.893, 64
Trd, 4318110.693, 138
Trd, 4318110.843, 140
Trd, 4318110.993, 129
Trd, 4318111.443, 124
Trd, 4318113.043, 62
Trd, 4318116.693, 62
Trd, 4318117.343, 62
Trd, 4318117.943, 63
Trd, 4318118.643, 106
Trd, 4318118.693, 67
Trd, 4318119.343, 90
Trd, 4318119.393, 87
Trd, 4318120.143, 79
Trd, 4318123.243, 60
Trd, 4318125.393, 64
Trd, 4318127.193, 62
Trd, 4318127.393, 79
Trd, 4318128.243, 63
Trd, 4318128.793, 61
Trd, 4318129.643, 93
Trd, 4318130.543, 81
Trd, 4318130.593, 78
Trd, 4318130.793, 63
Trd, 4318131.593, 81
Trd, 4318133.193, 140
Trd, 4318133.843, 140
Trd, 4318133.893, 140
Trd, 4318134.743, 138
Trd, 4318135.243, 140
Trd, 4318135.393, 139
Trd, 4318136.543, 130
Trd, 4318137.493, 138
Trd, 4318137.643, 133
Trd, 4318137.993, 132
Trd, 4318138.693, 132
Trd, 4318138.743, 129
Trd, 4318139.593, 122
Trd, 4318139.743, 118
Trd, 4318140.343, 75
Trd, 4318140.893, 98
Trd, 4318141.443, 85
Trd, 4318142.593, 76
Trd, 4318144.093, 139
Trd, 4318144.293, 139
Trd, 4318145.243, 140
Trd, 4318145.393, 139
Trd, 4318145.593, 135
Trd, 4318147.493, 84
Trd, 4318148.393, 80
Trd, 4318148.693, 79
Trd, 4318148.793, 79
Trd, 4318149.243, 140
Trd, 4318150.043, 140
Trd, 4318150.443, 140
Trd, 4318150.593, 136
Trd, 4318151.243, 122
Trd, 4318152.643, 123
Trd, 4318153.393, 140
Trd, 4318154.093, 140
Trd, 4318154.193, 138
Trd, 4318154.793, 137
Trd, 4318154.893, 136
Trd, 4318156.043, 131
Trd, 4318157.643, 80
Trd, 4318158.143, 140
Trd, 4318159.943, 135
Trd, 4318160.293, 140
Trd, 4318160.593, 131
Trd, 4318161.843, 123
Trd, 4318163.493, 127
Trd, 4318163.743, 126
Trd, 4318164.143, 125
Trd, 4318164.243, 122
Trd, 4318166.043, 112
Trd, 4318166.593, 104
Trd, 4318168.993, 140
Trd, 4318169.093, 140
Trd, 4318169.293, 133
Trd, 4318169.993, 136
Trd, 4318170.243, 133
Trd, 4318170.943, 134
Trd, 4318171.443, 134
Trd, 4318173.193, 137
Trd, 4318173.743, 135
Trd, 4318174.243, 134
Trd, 4318174.593, 134
Trd, 4318174.643, 131
Trd, 4318175.543, 110
Trd, 4318175.643, 73
Trd, 4318175.743, 111
Trd, 4318178.893, 63
Trd, 4318179.743, 61
Trd, 4318180.143, 64
Trd, 4318180.693, 67
Trd, 4318181.643, 68
Trd, 4318181.893, 80
Trd, 4318182.893, 73
Trd, 4318184.593, 112
Trd, 4318185.593, 103
Trd, 4318186.043, 102
Trd, 4318186.243, 95
Trd, 4318186.443, 94
Trd, 4318186.543, 94
Trd, 4318188.443, 100
Trd, 4318189.643, 99
Trd, 4318190.743, 126
Trd, 4318191.043, 139
Trd, 4318193.143, 105
Trd, 4318193.393, 104
Trd, 4318193.543, 103
Trd, 4318193.793, 103
Trd, 4318194.343, 102
Trd, 4318196.443, 140
Trd, 4318196.593, 140
Trd, 4318196.643, 133
Trd, 4318197.393, 126
Trd, 4318197.693, 105
Trd, 4318198.143, 140
Trd, 4318198.743, 102
Trd, 4318198.993, 102
Trd, 4318200.243, 88
Trd, 4318201.543, 119
Trd, 4318201.743, 116
Trd, 4318202.093, 109
Trd, 4318202.443, 113
Trd, 4318203.493, 113
Trd, 4318205.143, 111
Trd, 4318205.193, 109
Trd, 4318205.493, 108
Trd, 4318206.643, 139
Trd, 4318206.893, 136
Trd, 4318207.143, 104
Trd, 4318208.693, 84
Trd, 4318209.043, 140
Trd, 4318209.843, 94
Trd, 4318210.893, 108
Trd, 4318211.643, 95
Trd, 4318212.743, 116
Trd, 4318213.643, 122
Trd, 4318214.093, 121
Trd, 4318214.393, 120
Trd, 4318215.293, 121
Trd, 4318215.493, 120
Trd, 4318215.843, 115
Trd, 4318218.393, 140
Trd, 4318218.593, 140
Trd, 4318219.093, 140
Trd, 4318219.343, 140
Trd, 4318220.593, 139
Trd, 4318220.643, 136
Trd, 4318221.493, 132
Trd, 4318222.693, 129
Trd, 4318223.593, 137
Trd, 4318224.143, 132
Trd, 4318224.293, 131
Trd, 4318225.543, 115
Trd, 4318225.593, 113
Trd, 4318226.243, 108
Trd, 4318226.393, 105
Trd, 4318226.493, 70
Trd, 4318227.493, 64
Trd, 4318229.943, 61
Trd, 4318231.143, 63
Trd, 4318232.243, 75
Trd, 4318233.593, 61
Trd, 4318234.743, 62
Trd, 4318235.743, 61
Trd, 4318236.443, 64
Trd, 4318236.943, 65
Trd, 4318237.843, 93
Trd, 4318238.143, 70
Trd, 4318239.143, 78
Trd, 4318239.743, 78
Trd, 4318240.243, 69
Trd, 4318241.193, 64
Trd, 4318242.043, 63
Trd, 4318242.543, 125
Trd, 4318243.993, 61
Trd, 4318245.093, 61
Trd, 4318245.993, 69
Trd, 4318246.693, 78
Trd, 4318246.993, 81
Trd, 4318248.593, 140
Trd, 4318249.093, 78
Trd, 4318250.243, 80
Trd, 4318250.443, 79
Trd, 4318251.093, 87
Trd, 4318253.493, 117
Trd, 4318254.143, 116
Trd, 4318254.843, 114
Trd, 4318254.943, 114
Trd, 4318255.143, 106
Trd, 4318255.193, 75
Trd, 4318256.443, 62
Trd, 4318259.493, 64
Trd, 4318260.443, 67
Trd, 4318261.093, 69
Trd, 4318261.593, 92
Trd, 4318261.793, 70
Trd, 4318261.943, 133
Trd, 4318262.093, 69
Trd, 4318263.543, 70
Trd, 4318264.193, 73
Trd, 4318264.243, 71
Trd, 4318265.343, 81
Trd, 4318266.393, 121
Trd, 4318266.643, 115
Trd, 4318266.993, 94
Trd, 4318267.393, 89
Trd, 4318267.543, 134
Trd, 4318269.443, 77
Trd, 4318269.643, 64
Trd, 4318271.343, 129
Trd, 4318271.543, 93
Trd, 4318271.693, 93
Trd, 4318272.643, 140
Trd, 4318273.193, 139
Trd, 4318273.243, 132
Trd, 4318273.343, 119
Trd, 4318276.793, 60
Trd, 4318278.293, 61
Trd, 4318279.093, 64
Trd, 4318279.143, 62
Trd, 4318280.143, 67
Trd, 4318280.793, 87
Trd, 4318280.993, 70
Trd, 4318281.393, 71
Trd, 4318282.143, 72
Trd, 4318283.093, 73
Trd, 4318283.643, 72
Trd, 4318284.293, 72
Trd, 4318285.643, 111
Trd, 4318286.343, 74
Trd, 4318287.393, 77
Trd, 4318287.993, 78
Trd, 4318288.843, 101
Trd, 4318289.193, 113
Trd, 4318289.493, 123
Trd, 4318289.543, 111
Trd, 4318290.843, 80
Trd, 4318292.293, 61
Trd, 4318295.743, 62
Trd, 4318295.843, 61
Trd, 4318295.993, 65
Trd, 4318296.193, 66
Trd, 4318297.193, 65
Trd, 4318298.543, 60
Trd, 4318299.043, 60
Trd, 4318299.193, 60
Trd, 4318300.843, 62
Trd, 4318301.293, 62
Trd, 4318302.293, 60
Trd, 4318303.893, 72
Trd, 4318304.443, 70
Trd, 4318304.793, 75
Trd, 4318305.493, 78
Trd, 4318305.943, 80
Trd, 4318306.093, 77
Trd, 4318307.593, 98
Trd, 4318307.843, 96
Trd, 4318307.893, 95
Trd, 4318308.993, 123
Trd, 4318310.093, 85
Trd, 4318310.143, 81
Trd, 4318310.643, 61
Trd, 4318312.693, 89
Trd, 4318313.143, 87
Trd, 4318313.843, 87
Trd, 4318314.793, 105
Trd, 4318315.493, 85
Trd, 4318316.743, 135
Trd, 4318317.293, 64
Trd, 4318319.193, 76
Trd, 4318319.643, 83
Trd, 4318320.193, 74
Trd, 4318320.693, 74
Trd, 4318320.993, 73
Trd, 4318321.843, 76
Trd, 4318322.493, 78
Trd, 4318322.943, 79
Trd, 4318323.493, 79
Trd, 4318323.643, 78
Trd, 4318324.793, 139
Trd, 4318325.793, 105
Trd, 4318325.893, 104
Trd, 4318327.293, 107
Trd, 4318327.643, 103
Trd, 4318328.643, 123
Trd, 4318329.193, 102
Trd, 4318329.393, 102
Trd, 4318330.293, 94
Trd, 4318330.543, 93
Trd, 4318331.643, 139
Trd, 4318331.843, 95
Trd, 4318331.893, 90
Trd, 4318333.093, 87
Trd, 4318334.193, 110
Trd, 4318334.243, 107
Trd, 4318334.993, 92
Trd, 4318335.093, 90
Trd, 4318336.393, 90
Trd, 4318336.843, 95
Trd, 4318336.943, 94
Trd, 4318336.993, 128
Trd, 4318338.643, 116
Trd, 4318339.293, 113
Trd, 4318339.993, 111
Trd, 4318340.493, 109
Trd, 4318340.543, 109
Trd, 4318341.393, 108
Trd, 4318343.493, 140
Trd, 4318343.543, 140
Trd, 4318343.993, 139
Trd, 4318344.693, 127
Trd, 4318345.893, 82
Trd, 4318347.143, 87
Trd, 4318347.593, 87
Trd, 4318347.993, 107
Trd, 4318348.293, 106
Trd, 4318349.643, 139
Trd, 4318350.193, 139
Trd, 4318351.443, 140
Trd, 4318351.793, 132
Trd, 4318352.793, 132
Trd, 4318352.943, 123
Trd, 4318353.393, 120
Trd, 4318353.943, 115
Trd, 4318355.393, 120
Trd, 4318356.043, 140
Trd, 4318356.443, 140
Trd, 4318356.793, 140
Trd, 4318357.043, 139
Trd, 4318357.893, 133
Trd, 4318358.443, 121
Trd, 4318359.043, 63
Trd, 4318359.893, 93
Trd, 4318361.943, 127
Trd, 4318362.993, 128
Trd, 4318363.043, 127
Trd, 4318363.093, 126
Trd, 4318363.443, 121
Trd, 4318363.643, 140
Trd, 4318363.843, 136
Trd, 4318365.343, 118
Trd, 4318365.943, 113
Trd, 4318367.793, 76
Trd, 4318368.043, 77
Trd, 4318368.143, 112
Trd, 4318368.643, 119
Trd, 4318368.893, 80
Trd, 4318369.793, 79
Trd, 4318372.093, 140
Trd, 4318372.193, 139
Trd, 4318372.243, 136
Trd, 4318372.993, 123
Trd, 4318373.143, 89
Trd, 4318374.743, 93
Trd, 4318376.343, 93
Trd, 4318377.043, 95
Trd, 4318378.743, 93
Trd, 4318379.143, 101
Trd, 4318379.843, 94
Trd, 4318380.643, 93
Trd, 4318380.743, 93
Trd, 4318380.943, 92
Trd, 4318381.643, 69
Trd, 4318382.593, 62
Trd, 4318383.043, 90
Trd, 4318384.343, 61
Trd, 4318387.243, 66
Trd, 4318387.393, 71
Trd, 4318388.143, 76
Trd, 4318388.293, 72
Trd, 4318388.593, 71
Trd, 4318389.093, 77
Trd, 4318389.193, 82
Trd, 4318390.193, 74
Trd, 4318390.393, 129
Trd, 4318391.743, 110
Trd, 4318391.843, 109
Trd, 4318396.343, 60
Trd, 4318397.093, 61
Trd, 4318397.793, 60
Trd, 4318398.393, 62
Trd, 4318400.493, 107
Trd, 4318401.243, 124
Trd, 4318401.793, 121
Trd, 4318401.893, 120
Trd, 4318402.043, 116
Trd, 4318402.243, 107
Trd, 4318403.493, 139
Trd, 4318403.743, 104
Trd, 4318404.643, 103
Trd, 4318405.093, 100
Trd, 4318405.443, 95
Trd, 4318408.393, 140
Trd, 4318408.943, 140
Trd, 4318409.743, 140
Trd, 4318409.793, 136
Trd, 4318410.793, 140
Trd, 4318410.893, 139
Trd, 4318411.343, 139
Trd, 4318411.593, 95
Trd, 4318413.493, 96
Trd, 4318414.743, 140
Trd, 4318415.243, 140
Trd, 4318415.293, 139
Trd, 4318416.643, 128
Trd, 4318416.943, 113
Trd, 4318418.443, 139
Trd, 4318419.793, 108
Trd, 4318419.943, 106
Trd, 4318420.993, 106
Trd, 4318422.293, 107
Trd, 4318422.393, 107
Trd, 4318422.893, 104
Trd, 4318422.943, 114
Trd, 4318425.443, 81
Trd, 4318425.593, 86
Trd, 4318425.743, 82
Trd, 4318427.293, 98
Trd, 4318427.993, 89
Trd, 4318428.243, 85
Trd, 4318429.193, 94
Trd, 4318429.543, 118
Trd, 4318429.593, 88
Trd, 4318430.643, 91
Trd, 4318430.943, 86
Trd, 4318432.293, 127
Trd, 4318432.343, 122
Trd, 4318433.443, 94
Trd, 4318433.493, 93
Trd, 4318434.593, 140
Trd, 4318434.693, 136
Trd, 4318434.893, 123
Trd, 4318435.543, 121
Trd, 4318435.643, 121
Trd, 4318436.143, 60
Trd, 4318436.893, 105
Trd, 4318438.593, 67
Trd, 4318440.993, 67
Trd, 4318441.393, 66
Trd, 4318441.493, 67
Trd, 4318442.243, 67
Trd, 4318442.943, 139
Trd, 4318443.143, 139
Trd, 4318443.193, 136
Trd, 4318444.993, 68
Trd, 4318446.593, 82
Trd, 4318446.843, 138
Trd, 4318446.893, 138
Trd, 4318447.693, 92
Trd, 4318448.043, 82
Trd, 4318449.493, 76
Trd, 4318449.643, 75
Trd, 4318449.893, 80
Trd, 4318452.093, 95
Trd, 4318452.293, 71
Trd, 4318452.743, 69
Trd, 4318454.093, 109
Trd, 4318454.393, 68
Trd, 4318455.243, 113
Trd, 4318455.693, 77
Trd, 4318457.293, 119
Trd, 4318457.343, 113
Trd, 4318457.493, 88
Trd, 4318458.293, 88
Trd, 4318458.843, 88
Trd, 4318461.143, 119
Trd, 4318461.893, 124
Trd, 4318462.893, 120
Trd, 4318463.243, 113
Trd, 4318463.643, 105
Trd, 4318465.443, 101
Trd, 4318466.593, 140
Trd, 4318466.643, 140
Trd, 4318467.043, 139
Trd, 4318467.693, 99
Trd, 4318467.793, 98
Trd, 4318468.093, 133
Trd, 4318468.643, 83
Trd, 4318469.943, 62
Trd, 4318472.193, 124
Trd, 4318472.843, 117
Trd, 4318473.043, 104
Trd, 4318473.493, 138
Trd, 4318473.643, 139
Trd, 4318474.893, 129
Trd, 4318475.493, 118
Trd, 4318479.343, 60
Trd, 4318479.693, 62
Trd, 4318479.743, 63
Trd, 4318480.143, 62
Trd, 4318480.193, 73
Trd, 4318481.243, 64
Trd, 4318482.343, 76
Trd, 4318482.493, 75
Trd, 4318482.893, 75
Trd, 4318483.093, 74
Trd, 4318484.993, 68
Trd, 4318487.343, 62
Trd, 4318488.893, 73
Trd, 4318489.693, 76
Trd, 4318489.793, 71
Trd, 4318490.443, 71
Trd, 4318491.143, 73
Trd, 4318491.243, 72
Trd, 4318492.043, 105
Trd, 4318492.193, 103
Trd, 4318493.143, 61
Trd, 4318493.993, 66
Trd, 4318494.143, 88
Trd, 4318498.143, 139
Trd, 4318498.243, 137
Trd, 4318498.443, 139
Trd, 4318498.693, 133
Trd, 4318499.243, 129
Trd, 4318499.943, 121
Trd, 4318500.793, 112
Trd, 4318501.093, 108
Trd, 4318503.743, 62
Trd, 4318504.843, 60
Trd, 4318505.043, 62
Trd, 4318505.343, 66
Trd, 4318505.943, 67
Trd, 4318506.693, 66
Trd, 4318507.743, 73
Trd, 4318508.543, 140
Trd, 4318508.843, 137
Trd, 4318508.943, 137
Trd, 4318509.643, 128
Trd, 4318509.893, 122
Trd, 4318510.793, 64
Trd, 4318514.493, 86
Trd, 4318515.243, 140
Trd, 4318515.493, 87
Trd, 4318515.743, 92
Trd, 4318515.843, 88
Trd, 4318516.693, 88
Trd, 4318516.843, 88
Trd, 4318517.993, 89
Trd, 4318518.643, 90
Trd, 4318519.093, 88
Trd, 4318519.943, 100
Trd, 4318521.443, 140
Trd, 4318521.993, 140
Trd, 4318522.693, 140
Trd, 4318522.793, 136
Trd, 4318523.593, 121
Trd, 4318524.893, 108
Trd, 4318525.543, 139
Trd, 4318527.343, 110
Trd, 4318527.593, 122
Trd, 4318528.043, 110
Trd, 4318529.243, 111
Trd, 4318529.843, 111
Trd, 4318530.793, 111
Trd, 4318531.343, 109
Trd, 4318532.493, 103
Trd, 4318532.943, 118
Trd, 4318533.943, 106
Trd, 4318534.543, 106
Trd, 4318534.943, 105
Trd, 4318535.243, 105
Trd, 4318537.343, 101
Trd, 4318538.793, 102
Trd, 4318539.143, 102
Trd, 4318539.193, 99
Trd, 4318540.143, 107
Trd, 4318541.343, 108
Trd, 4318542.543, 140
Trd, 4318542.943, 130
Trd, 4318543.243, 108
Trd, 4318543.543, 108
Trd, 4318544.293, 104
Trd, 4318544.793, 98
Trd, 4318545.193, 60
Trd, 4318545.493, 103
Trd, 4318547.543, 61
Trd, 4318548.593, 60
Trd, 4318551.093, 61
Trd, 4318551.543, 62
Trd, 4318552.093, 64
Trd, 4318552.893, 72
Trd, 4318553.593, 78
Trd, 4318553.693, 77
Trd, 4318554.043, 70
Trd, 4318555.943, 83
Trd, 4318557.093, 88
Trd, 4318557.543, 88
Trd, 4318557.643, 87
Trd, 4318557.793, 82
Trd, 4318559.193, 79
Trd, 4318559.843, 84
Trd, 4318560.393, 84
Trd, 4318560.443, 79
Trd, 4318563.043, 140
Trd, 4318563.743, 140
Trd, 4318563.843, 133
Trd, 4318564.143, 131
Trd, 4318565.093, 140
Trd, 4318565.493, 139
Trd, 4318566.493, 139
Trd, 4318566.643, 136
Trd, 4318567.693, 129
Trd, 4318567.993, 120
Trd, 4318568.643, 96
Trd, 4318568.993, 62
Trd, 4318569.943, 100
Trd, 4318574.343, 61
Trd, 4318574.493, 60
Trd, 4318574.643, 68
Trd, 4318575.393, 66
Trd, 4318575.793, 82
Trd, 4318576.343, 65
Trd, 4318577.393, 83
Trd, 4318577.493, 68
Trd, 4318577.643, 65
Trd, 4318578.493, 63
Trd, 4318580.843, 79
Trd, 4318581.093, 115
Trd, 4318581.243, 80
Trd, 4318582.393, 120
Trd, 4318582.543, 119
Trd, 4318583.493, 115
Trd, 4318584.293, 115
Trd, 4318584.343, 114
Trd, 4318584.493, 112
Trd, 4318584.843, 109
Trd, 4318585.493, 110
Trd, 4318585.543, 109
Trd, 4318587.893, 90
Trd, 4318588.293, 140
Trd, 4318588.643, 89
Trd, 4318590.743, 113
Trd, 4318591.943, 130
Trd, 4318592.693, 129
Trd, 4318593.643, 130
Trd, 4318594.943, 118
Trd, 4318595.193, 115
Trd, 4318595.493, 114
Trd, 4318595.743, 129
Trd, 4318597.193, 98
Trd, 4318597.743, 98
Trd, 4318600.143, 108
Trd, 4318600.293, 107
Trd, 4318600.343, 103
Trd, 4318601.343, 78
Trd, 4318602.043, 60
Trd, 4318604.993, 60
Trd, 4318605.093, 60
Trd, 4318605.193, 63
Trd, 4318607.243, 62
Trd, 4318607.743, 67
Trd, 4318608.243, 86
Trd, 4318608.393, 63
Trd, 4318609.793, 74
Trd, 4318609.843, 73
Trd, 4318609.993, 69
Trd, 4318612.343, 61
Trd, 4318613.143, 64
Trd, 4318613.543, 86
Trd, 4318615.543, 60
Trd, 4318615.693, 60
Trd, 4318616.093, 64
Trd, 4318616.443, 67
Trd, 4318617.093, 62
Trd, 4318618.793, 64
Trd, 4318619.693, 139
Trd, 4318620.243, 138
Trd, 4318620.793, 138
Trd, 4318621.393, 131
Trd, 4318621.693, 130
Trd, 4318621.893, 127
Trd, 4318622.293, 127
Trd, 4318623.493, 129
Trd, 4318623.593, 128
Trd, 4318623.843, 85
Trd, 4318624.343, 140
Trd, 4318625.693, 61
Trd, 4318626.243, 61
Trd, 4318627.943, 62
Trd, 4318628.593, 76
Trd, 4318629.043, 73
Trd, 4318629.643, 97
Trd, 4318630.643, 95
Trd, 4318630.743, 88
Trd, 4318632.993, 95
Trd, 4318633.143, 94
Trd, 4318633.493, 97
Trd, 4318633.693, 94
Trd, 4318635.643, 97
Trd, 4318636.393, 95
Trd, 4318636.543, 109
Trd, 4318638.243, 127
Trd, 4318638.643, 121
Trd, 4318638.893, 121
Trd, 4318639.743, 121
Trd, 4318640.343, 121
Trd, 4318640.493, 119
Trd, 4318642.093, 113
Trd, 4318642.193, 112
Trd, 4318642.843, 107
Trd, 4318643.193, 93
Trd, 4318644.343, 94
Trd, 4318644.693, 97
Trd, 4318645.493, 103
Trd, 4318645.743, 91
Trd, 4318646.743, 112
Trd, 4318647.443, 110
Trd, 4318648.493, 110
Trd, 4318648.543, 109
Trd, 4318650.393, 127
Trd, 4318651.193, 125
Trd, 4318651.293, 125
Trd, 4318651.893, 122
Trd, 4318653.393, 115
Trd, 4318653.593, 114
Trd, 4318653.993, 115
Trd, 4318655.543, 108
Trd, 4318655.943, 107
Trd, 4318656.243, 109
Trd, 4318656.593, 110
Trd, 4318657.293, 107
Trd, 4318657.343, 101
Trd, 4318657.443, 80
Trd, 4318659.743, 62
Trd, 4318660.493, 62
Trd, 4318662.743, 64
Trd, 4318663.043, 61
Trd, 4318663.593, 65
Trd, 4318664.943, 70
Trd, 4318664.993, 64
Trd, 4318665.443, 68
Trd, 4318665.743, 70
Trd, 4318666.393, 89
Trd, 4318666.793, 67
Trd, 4318669.093, 74
Trd, 4318669.893, 77
Trd, 4318670.043, 75
Trd, 4318670.093, 72
Trd, 4318670.193, 129
Trd, 4318672.743, 60
Trd, 4318673.043, 62
Trd, 4318674.093, 63
Trd, 4318677.143, 67
Trd, 4318677.243, 71
Trd, 4318677.493, 85
Trd, 4318678.393, 69
Trd, 4318679.243, 69
Trd, 4318679.743, 82
Trd, 4318679.993, 67
Trd, 4318680.493, 68
Trd, 4318680.793, 84
Trd, 4318682.643, 72
Trd, 4318683.193, 73
Trd, 4318684.693, 112
Trd, 4318685.143, 75
Trd, 4318685.243, 77
Trd, 4318685.593, 75
Trd, 4318685.843, 74
Trd, 4318686.043, 76
Trd, 4318686.193, 74
Trd, 4318687.593, 60
Trd, 4318688.243, 61
Trd, 4318688.943, 64
Trd, 4318690.443, 85
Trd, 4318690.493, 84
Trd, 4318691.443, 128
Trd, 4318692.593, 125
Trd, 4318693.393, 125
Trd, 4318694.143, 123
Trd, 4318695.643, 120
Trd, 4318695.793, 119
Trd, 4318696.093, 115
Trd, 4318696.393, 139
Trd, 4318698.243, 140
Trd, 4318699.143, 134
Trd, 4318699.793, 133
Trd, 4318701.193, 131
Trd, 4318701.393, 131
Trd, 4318701.443, 128
Trd, 4318702.093, 140
Trd, 4318703.093, 127
Trd, 4318703.693, 125
Trd, 4318704.643, 122
Trd, 4318705.343, 118
Trd, 4318705.393, 117
Trd, 4318705.743, 108
Trd, 4318705.943, 105
Trd, 4318710.243, 61
Trd, 4318711.193, 61
Trd, 4318711.843, 64
Trd, 4318712.043, 63
Trd, 4318712.343, 66
Trd, 4318712.843, 65
Trd, 4318712.993, 111
Trd, 4318713.293, 68
Trd, 4318714.393, 66
Trd, 4318714.593, 66
Trd, 4318715.193, 65
Trd, 4318715.543, 63
Trd, 4318715.743, 136
Trd, 4318717.243, 72
Trd, 4318717.443, 81
Trd, 4318717.643, 69
Trd, 4318718.343, 140
Trd, 4318718.843, 140
Trd, 4318719.343, 139
Trd, 4318720.643, 73
Trd, 4318721.543, 72
Trd, 4318723.593, 140
Trd, 4318723.843, 134
Trd, 4318723.993, 133
Trd, 4318725.843, 113
Trd, 4318726.043, 125
Trd, 4318726.943, 112
Trd, 4318727.493, 139
Trd, 4318727.593, 139
Trd, 4318727.793, 130
Trd, 4318728.943, 121
Trd, 4318729.593, 119
Trd, 4318730.043, 118
Trd, 4318730.793, 79
Trd, 4318730.843, 79
Trd, 4318734.643, 62
Trd, 4318734.843, 75
Trd, 4318736.343, 106
Trd, 4318737.143, 107
Trd, 4318737.593, 135
Trd, 4318738.293, 136
Trd, 4318738.543, 133
Trd, 4318738.943, 124
Trd, 4318739.193, 123
Trd, 4318740.293, 140
Trd, 4318741.093, 140
Trd, 4318741.493, 139
Trd, 4318743.043, 140
Trd, 4318743.143, 140
Trd, 4318744.993, 140
Trd, 4318745.743, 140
Trd, 4318747.093, 140
Trd, 4318747.143, 140
Trd, 4318747.743, 139
Trd, 4318749.293, 139
Trd, 4318749.893, 139
Trd, 4318751.193, 139
Trd, 4318751.493, 136
Trd, 4318752.243, 122
Trd, 4318753.893, 61
Trd, 4318753.943, 61
Trd, 4318754.243, 140
Trd, 4318754.943, 60
Trd, 4318755.343, 60
Trd, 4318756.643, 92
Trd, 4318757.143, 140
Trd, 4318758.493, 93
Trd, 4318759.643, 99
Trd, 4318760.093, 98
Trd, 4318760.493, 106
Trd, 4318761.243, 98
Trd, 4318761.443, 97
Trd, 4318761.743, 93
Trd, 4318763.943, 131
Trd, 4318764.093, 83
Trd, 4318765.443, 69
Trd, 4318766.143, 67
Trd, 4318766.843, 65
Trd, 4318767.443, 63
Trd, 4318768.393, 70
Trd, 4318768.893, 137
Trd, 4318769.543, 75
Trd, 4318769.643, 69
Trd, 4318771.443, 65
Trd, 4318771.743, 63
Trd, 4318774.693, 124
Trd, 4318775.043, 125
Trd, 4318775.693, 140
Trd, 4318775.843, 130
Trd, 4318776.193, 122
Trd, 4318776.643, 117
Trd, 4318777.243, 65
Trd, 4318778.193, 83
Trd, 4318778.443, 83
Trd, 4318778.743, 93
Trd, 4318778.843, 102
Trd, 4318779.393, 82
Trd, 4318781.593, 90
Trd, 4318782.143, 88
Trd, 4318782.293, 87
Trd, 4318783.243, 91
Trd, 4318783.743, 87
Trd, 4318783.843, 86
Trd, 4318785.793, 86
Trd, 4318786.543, 140
Trd, 4318788.893, 140
Trd, 4318789.193, 139
Trd, 4318789.593, 137
Trd, 4318790.543, 123
Trd, 4318790.893, 118
Trd, 4318791.193, 112
Trd, 4318792.043, 64
Trd, 4318792.843, 60
Trd, 4318793.393, 62
Trd, 4318794.893, 96
Trd, 4318795.243, 95
Trd, 4318796.843, 120
Trd, 4318797.093, 96
Trd, 4318799.143, 107
Trd, 4318799.193, 105
Trd, 4318799.293, 104
Trd, 4318799.593, 103
Trd, 4318800.843, 140
Trd, 4318801.493, 140
Trd, 4318803.443, 139
Trd, 4318803.993, 139
Trd, 4318804.043, 133
Trd, 4318804.443, 130
Trd, 4318805.393, 78
Trd, 4318806.393, 78
Trd, 4318807.093, 66
Trd, 4318808.893, 140
Trd, 4318809.393, 140
Trd, 4318810.243, 140
Trd, 4318810.393, 139
Trd, 4318810.743, 136
Trd, 4318811.843, 136
Trd, 4318813.493, 140
Trd, 4318814.143, 140
Trd, 4318814.243, 140
Trd, 4318814.393, 140
Trd, 4318815.243, 115
Trd, 4318816.393, 107
Trd, 4318817.543, 114
Trd, 4318817.843, 88
Trd, 4318818.093, 87
Trd, 4318819.593, 87
Trd, 4318819.693, 86
Trd, 4318820.043, 84
Trd, 4318822.143, 140
Trd, 4318822.193, 140
Trd, 4318823.393, 140
Trd, 4318823.643, 139
Trd, 4318823.693, 133
Trd, 4318824.543, 120
Trd, 4318826.043, 140
Trd, 4318826.493, 139
Trd, 4318827.343, 138
Trd, 4318827.543, 137
Trd, 4318828.643, 137
Trd, 4318828.793, 133
Trd, 4318829.093, 127
Trd, 4318830.643, 62
Trd, 4318831.543, 73
Trd, 4318831.793, 64
Trd, 4318832.543, 139
Trd, 4318833.293, 130
Trd, 4318833.543, 126
Trd, 4318833.793, 126
Trd, 4318834.693, 120
Trd, 4318835.043, 60
Trd, 4318836.093, 140
Trd, 4318838.143, 140
Trd, 4318838.343, 140
Trd, 4318838.443, 140
Trd, 4318838.943, 139
Trd, 4318839.393, 137
Trd, 4318840.193, 135
Trd, 4318841.293, 129
Trd, 4318841.743, 128
Trd, 4318843.343, 140
Trd, 4318844.643, 139
Trd, 4318844.943, 136
Trd, 4318846.043, 127
Trd, 4318846.493, 140
Trd, 4318847.543, 129
Trd, 4318848.493, 123
Trd, 4318849.493, 123
Trd, 4318849.793, 121
Trd, 4318850.493, 110
Trd, 4318851.093, 110
Trd, 4318851.843, 136
Trd, 4318853.093, 130
Trd, 4318853.143, 129
Trd, 4318853.643, 120
Trd, 4318854.043, 120
Trd, 4318854.943, 113
Trd, 4318856.193, 62
Trd, 4318856.243, 64
Trd, 4318858.293, 60
Trd, 4318858.793, 67
Trd, 4318860.743, 64
Trd, 4318863.243, 140
Trd, 4318863.343, 140
Trd, 4318863.393, 139
Trd, 4318863.893, 139
Trd, 4318864.443, 133
Trd, 4318867.093, 64
Trd, 4318867.693, 68
Trd, 4318868.893, 60
Trd, 4318869.843, 65
Trd, 4318869.943, 68
Trd, 4318870.493, 81
Trd, 4318871.493, 82
Trd, 4318871.793, 85
Trd, 4318873.493, 88
Trd, 4318874.443, 111
Trd, 4318875.193, 111
Trd, 4318876.093, 111
Trd, 4318876.943, 111
Trd, 4318876.993, 109
Trd, 4318877.293, 117
Trd, 4318877.993, 108
Trd, 4318878.343, 107
Trd, 4318880.243, 112
Trd, 4318880.693, 134
Trd, 4318881.093, 111
Trd, 4318881.743, 105
Trd, 4318882.293, 102
Trd, 4318882.843, 97
Trd, 4318884.893, 132
Trd, 4318885.693, 140
Trd, 4318887.143, 138
Trd, 4318887.443, 136
Trd, 4318887.543, 135
Trd, 4318887.993, 132
Trd, 4318888.943, 127
Trd, 4318889.043, 124
Trd, 4318890.543, 97
Trd, 4318890.593, 95
Trd, 4318891.893, 137
Trd, 4318892.193, 97
Trd, 4318892.493, 96
Trd, 4318893.643, 122
Trd, 4318893.743, 122
Trd, 4318894.543, 66
Trd, 4318895.343, 140
Trd, 4318895.893, 137
Trd, 4318896.293, 137
Trd, 4318896.393, 136
Trd, 4318896.893, 133
Trd, 4318897.443, 129
Trd, 4318897.793, 118
Trd, 4318898.393, 95
Trd, 4318899.193, 70
Trd, 4318900.893, 104
Trd, 4318901.143, 103
Trd, 4318901.343, 103
Trd, 4318902.443, 134
Trd, 4318903.393, 121
Trd, 4318904.193, 111
Trd, 4318904.643, 109
Trd, 4318905.293, 104
Trd, 4318906.393, 101
Trd, 4318906.593, 137
Trd, 4318906.843, 101
Trd, 4318909.093, 101
Trd, 4318909.793, 102
Trd, 4318910.643, 102
Trd, 4318912.093, 119
Trd, 4318912.193, 117
Trd, 4318912.893, 114
Trd, 4318913.093, 109
Trd, 4318914.243, 119
Trd, 4318914.393, 109
Trd, 4318914.443, 106
Trd, 4318915.843, 104
Trd, 4318917.993, 60
Trd, 4318918.043, 65
Trd, 4318918.543, 79
Trd, 4318921.293, 85
Trd, 4318922.543, 91
Trd, 4318922.793, 91
Trd, 4318923.243, 90
Trd, 4318924.093, 91
Trd, 4318924.393, 91
Trd, 4318924.643, 90
Trd, 4318925.393, 102
Trd, 4318926.743, 140
Trd, 4318926.893, 140
Trd, 4318927.343, 130
Trd, 4318927.993, 103
Trd, 4318928.693, 107
Trd, 4318929.393, 104
Trd, 4318929.943, 104
Trd, 4318930.743, 107
Trd, 4318931.743, 109
Trd, 4318932.743, 109
Trd, 4318933.093, 108
Trd, 4318933.293, 108
Trd, 4318934.393, 98
Trd, 4318934.443, 137
Trd, 4318935.893, 125
Trd, 4318936.343, 124
Trd, 4318937.343, 140
Trd, 4318937.993, 140
Trd, 4318938.543, 140
Trd, 4318938.693, 139
Trd, 4318938.843, 133
Trd, 4318940.843, 118
Trd, 4318940.943, 100
Trd, 4318941.393, 139
Trd, 4318941.443, 136
Trd, 4318942.693, 97
Trd, 4318943.843, 117
Trd, 4318944.443, 117
Trd, 4318945.193, 112
Trd, 4318945.943, 111
Trd, 4318946.393, 110
Trd, 4318947.443, 108
Trd, 4318947.843, 108
Trd, 4318949.193, 115
Trd, 4318949.643, 105
Trd, 4318950.393, 134
Trd, 4318951.193, 140
Trd, 4318951.293, 136
Trd, 4318952.143, 137
Trd, 4318953.193, 130
Trd, 4318953.493, 127
Trd, 4318954.093, 125
Trd, 4318955.093, 113
Trd, 4318955.343, 113
Trd, 4318955.693, 81
Trd, 4318956.043, 74
Trd, 4318958.493, 61
Trd, 4318958.843, 62
Trd, 4318959.743, 61
Trd, 4318959.943, 65
Trd, 4318960.693, 90
Trd, 4318961.743, 85
Trd, 4318961.893, 85
Trd, 4318963.093, 85
Trd, 4318963.743, 89
Trd, 4318964.743, 86
Trd, 4318965.043, 101
Trd, 4318965.143, 86
Trd, 4318965.243, 83
Trd, 4318965.393, 79
Trd, 4318968.343, 66
Trd, 4318969.293, 64
Trd, 4318969.593, 96
Trd, 4318971.643, 74
Trd, 4318972.243, 75
Trd, 4318973.293, 81
Trd, 4318974.943, 139
Trd, 4318975.593, 88
Trd, 4318976.293, 88
Trd, 4318977.193, 111
Trd, 4318977.243, 111
Trd, 4318977.543, 109
Trd, 4318977.993, 106
Trd, 4318979.393, 140
Trd, 4318979.443, 88
Trd, 4318979.643, 87
Trd, 4318981.443, 110
Trd, 4318983.093, 60
Trd, 4318983.793, 73
Trd, 4318984.743, 83
Trd, 4318985.643, 139
Trd, 4318986.043, 80
Trd, 4318986.193, 78
Trd, 4318987.643, 73
Trd, 4318988.243, 118
Trd, 4318990.243, 65
Trd, 4318991.293, 75
Trd, 4318992.043, 140
Trd, 4318992.343, 140
Trd, 4318992.543, 133
Trd, 4318994.193, 134
Trd, 4318994.393, 134
Trd, 4318995.493, 128
Trd, 4318995.693, 123
Trd, 4318995.893, 119
Trd, 4318996.243, 78
Trd, 4318997.443, 77
Trd, 4318998.393, 108
Trd, 4318998.743, 107
Trd, 4318998.793, 97
Trd, 4318999.143, 84
Trd, 4319002.243, 62
Trd, 4319002.893, 61
Trd, 4319003.293, 100
Trd, 4319003.343, 97
Trd, 4319004.843, 82
Trd, 4319006.143, 77
Trd, 4319006.593, 81
Trd, 4319007.043, 99
Trd, 4319007.243, 79
Trd, 4319007.693, 77
Trd, 4319008.393, 75
Trd, 4319008.893, 72
Trd, 4319008.993, 122
Trd, 4319010.593, 81
Trd, 4319011.343, 83
Trd, 4319012.243, 82
Trd, 4319012.993, 89
Trd, 4319014.293, 125
Trd, 4319014.343, 124
Trd, 4319014.793, 124
Trd, 4319015.893, 140
Trd, 4319018.043, 140
Trd, 4319018.243, 140
Trd, 4319018.693, 139
Trd, 4319019.893, 136
Trd, 4319020.393, 135
Trd, 4319021.193, 133
Trd, 4319021.393, 129
Trd, 4319021.493, 87
Trd, 4319022.193, 89
Trd, 4319022.543, 88
Trd, 4319024.143, 138
Trd, 4319024.393, 92
Trd, 4319025.643, 91
Trd, 4319026.543, 85
Trd, 4319026.993, 85
Trd, 4319028.993, 100
Trd, 4319029.043, 82
Trd, 4319029.943, 76
Trd, 4319030.543, 65
Trd, 4319031.343, 69
Trd, 4319032.693, 76
Trd, 4319034.243, 70
Trd, 4319034.443, 71
Trd, 4319034.543, 71
Trd, 4319034.993, 70
Trd, 4319037.193, 140
Trd, 4319037.543, 134
Trd, 4319038.393, 135
Trd, 4319038.693, 134
Trd, 4319039.093, 99
Trd, 4319039.893, 99
Trd, 4319040.093, 124
Trd, 4319040.493, 119
Trd, 4319040.893, 116
Trd, 4319043.843, 64
Trd, 4319045.343, 66
Trd, 4319045.643, 66
Trd, 4319045.693, 66
Trd, 4319045.843, 65
Trd, 4319046.093, 100
Trd, 4319047.193, 70
Trd, 4319048.193, 127
Trd, 4319049.193, 91
Trd, 4319049.393, 91
Trd, 4319050.993, 139
Trd, 4319051.493, 133
Trd, 4319052.093, 132
Trd, 4319052.243, 132
Trd, 4319052.743, 126
Trd, 4319052.843, 119
Trd, 4319054.443, 140
Trd, 4319054.993, 118
Trd, 4319055.143, 118
Trd, 4319055.293, 118
Trd, 4319055.943, 117
Trd, 4319056.943, 60
Trd, 4319060.643, 62
Trd, 4319061.943, 61
Trd, 4319062.293, 61
Trd, 4319062.643, 63
Trd, 4319062.943, 66
Trd, 4319063.443, 75
Trd, 4319064.193, 70
Trd, 4319064.293, 68
Trd, 4319064.943, 66
Trd, 4319066.393, 61
Trd, 4319067.693, 85
Trd, 4319068.893, 86
Trd, 4319069.493, 106
Trd, 4319070.943, 85
Trd, 4319071.243, 91
Trd, 4319071.443, 126
Trd, 4319072.093, 85
Trd, 4319072.543, 87
Trd, 4319072.843, 81
Trd, 4319074.143, 67
Trd, 4319076.143, 63
Trd, 4319076.643, 71
Trd, 4319079.843, 60
Trd, 4319080.043, 63
Trd, 4319080.893, 65
Trd, 4319081.293, 69
Trd, 4319081.693, 66
Trd, 4319082.843, 72
Trd, 4319083.143, 70
Trd, 4319084.293, 72
Trd, 4319084.793, 140
Trd, 4319085.543, 140
Trd, 4319085.893, 140
Trd, 4319086.293, 139
Trd, 4319086.793, 127
Trd, 4319087.693, 117
Trd, 4319087.843, 111
Trd, 4319088.043, 74
Trd, 4319089.393, 61
Trd, 4319092.693, 60
Trd, 4319092.743, 62
Trd, 4319093.993, 99
Trd, 4319094.443, 103
Trd, 4319094.793, 100
Trd, 4319094.993, 108
Trd, 4319095.143, 101
Trd, 4319095.293, 101
Trd, 4319097.393, 60
Trd, 4319097.643, 72
Trd, 4319098.043, 128
Trd, 4319100.643, 60
Trd, 4319100.843, 60
Trd, 4319100.893, 64
Trd, 4319102.593, 64
Trd, 4319103.693, 63
Trd, 4319104.143, 61
Trd, 4319104.193, 120
Trd, 4319106.593, 67
Trd, 4319106.793, 70
Trd, 4319107.343, 69
Trd, 4319107.993, 73
Trd, 4319108.793, 74
Trd, 4319109.693, 75
Trd, 4319109.943, 82
Trd, 4319109.993, 90
Trd, 4319112.793, 108
Trd, 4319113.393, 140
Trd, 4319114.493, 130
Trd, 4319114.593, 129
Trd, 4319114.793, 127
Trd, 4319115.143, 126
Trd, 4319115.843, 103
Trd, 4319117.293, 75
Trd, 4319117.743, 75
Trd, 4319118.293, 126
Trd, 4319118.343, 77
Trd, 4319118.543, 137
Trd, 4319120.493, 140
Trd, 4319120.643, 139
Trd, 4319120.743, 133
Trd, 4319122.093, 120
Trd, 4319122.643, 82
Trd, 4319123.243, 81
Trd, 4319125.393, 100
Trd, 4319126.243, 140
Trd, 4319127.443, 140
Trd, 4319127.693, 140
Trd, 4319128.343, 140
Trd, 4319128.593, 139
Trd, 4319128.793, 134
Trd, 4319129.043, 133
Trd, 4319129.343, 130
Trd, 4319130.493, 128
Trd, 4319130.993, 126
Trd, 4319131.943, 120
Trd, 4319133.493, 139
Trd, 4319133.593, 138
Trd, 4319133.793, 130
Trd, 4319134.993, 62
Trd, 4319135.593, 66
Trd, 4319137.243, 62
Trd, 4319138.393, 67
Trd, 4319138.643, 129
Trd, 4319138.893, 82
Trd, 4319140.243, 115
Trd, 4319140.343, 115
Trd, 4319140.843, 116
Trd, 4319141.893, 112
Trd, 4319142.293, 110
Trd, 4319143.443, 123
Trd, 4319143.493, 111
Trd, 4319144.243, 111
Trd, 4319144.293, 124
Trd, 4319147.543, 106
Trd, 4319147.793, 105
Trd, 4319147.843, 104
Trd, 4319148.043, 100
Trd, 4319150.193, 60
Trd, 4319150.493, 65
Trd, 4319150.993, 68
Trd, 4319151.643, 76
Trd, 4319152.143, 65
Trd, 4319152.843, 77
Trd, 4319154.793, 61
Trd, 4319157.143, 60
Trd, 4319158.443, 61
Trd, 4319158.593, 62
Trd, 4319159.143, 68
Trd, 4319159.443, 69
Trd, 4319159.943, 79
Trd, 4319161.043, 78
Trd, 4319161.443, 116
Trd, 4319161.743, 83
Trd, 4319162.093, 83
Trd, 4319162.143, 81
Trd, 4319163.243, 81
Trd, 4319163.293, 80
Trd, 4319163.343, 78
Trd, 4319164.243, 72
Trd, 4319165.293, 61
Trd, 4319167.993, 60
Trd, 4319168.493, 60
Trd, 4319168.993, 65
Trd, 4319169.793, 64
Trd, 4319171.393, 60
Trd, 4319172.693, 62
Trd, 4319173.343, 63
Trd, 4319174.043, 97
Trd, 4319174.143, 96
Trd, 4319174.593, 95
Trd, 4319175.893, 98
Trd, 4319176.443, 97
Trd, 4319176.943, 95
Trd, 4319177.993, 93
Trd, 4319178.443, 91
Trd, 4319178.893, 65
Trd, 4319180.193, 63
Trd, 4319180.943, 73
Trd, 4319181.393, 62
Trd, 4319181.693, 75
Trd, 4319183.043, 62
Trd, 4319184.393, 66
Trd, 4319184.993, 96
Trd, 4319185.143, 92
Trd, 4319186.043, 90
Trd, 4319187.743, 67
Trd, 4319188.243, 65
Trd, 4319189.893, 69
Trd, 4319190.343, 72
Trd, 4319190.943, 80
Trd, 4319191.543, 89
Trd, 4319191.593, 78
Trd, 4319192.693, 140
Trd, 4319192.793, 83
Trd, 4319193.643, 81
Trd, 4319193.993, 81
Trd, 4319194.243, 80
Trd, 4319195.593, 116
Trd, 4319196.093, 115
Trd, 4319196.443, 121
Trd, 4319198.093, 118
Trd, 4319199.343, 114
Trd, 4319199.443, 114
Trd, 4319199.993, 115
Trd, 4319200.093, 112
Trd, 4319200.143, 107
Trd, 4319201.543, 104
Trd, 4319201.743, 89
Trd, 4319203.343, 108
Trd, 4319203.793, 107
Trd, 4319204.643, 140
Trd, 4319206.343, 96
Trd, 4319206.843, 93
Trd, 4319207.043, 94
Trd, 4319207.343, 92
Trd, 4319207.793, 75
Trd, 4319209.143, 104
Trd, 4319210.693, 98
Trd, 4319210.843, 96
Trd, 4319211.143, 95
Trd, 4319211.393, 93
Trd, 4319212.193, 90
Trd, 4319213.343, 83
Trd, 4319215.043, 140
Trd, 4319215.193, 140
Trd, 4319215.693, 139
Trd, 4319215.893, 137
Trd, 4319215.993, 136
Trd, 4319216.443, 133
Trd, 4319217.693, 140
Trd, 4319218.843, 140
Trd, 4319218.943, 140
Trd, 4319220.843, 132
Trd, 4319220.993, 132
Trd, 4319221.593, 126
Trd, 4319223.393, 140
Trd, 4319223.443, 140
Trd, 4319224.293, 128
Trd, 4319224.443, 125
Trd, 4319225.093, 73
Trd, 4319225.443, 91
Trd, 4319225.843, 87
Trd, 4319227.143, 65
Trd, 4319227.243, 64
Trd, 4319227.543, 66
Trd, 4319229.343, 82
Trd, 4319229.643, 140
Trd, 4319230.143, 140
Trd, 4319231.343, 140
Trd, 4319232.293, 139
Trd, 4319232.943, 138
Trd, 4319233.393, 132
Trd, 4319234.043, 116
Trd, 4319234.643, 60
Trd, 4319236.743, 77
Trd, 4319237.293, 78
Trd, 4319237.943, 84
Trd, 4319238.593, 108
Trd, 4319238.743, 104
Trd, 4319239.093, 86
Trd, 4319240.643, 93
Trd, 4319241.293, 94
Trd, 4319241.943, 95
Trd, 4319241.993, 93
Trd, 4319242.243, 127
Trd, 4319242.443, 89
Trd, 4319243.593, 62
Trd, 4319245.193, 82
Trd, 4319246.093, 62
Trd, 4319247.643, 61
Trd, 4319248.593, 61
Trd, 4319249.243, 90
Trd, 4319249.843, 69
Trd, 4319249.943, 62
Trd, 4319250.243, 62
Trd, 4319250.943, 67
Trd, 4319251.443, 64
Trd, 4319252.543, 73
Trd, 4319253.493, 88
Trd, 4319254.393, 71
Trd, 4319254.693, 69
Trd, 4319256.343, 126
Trd, 4319256.443, 81
Trd, 4319257.343, 115
Trd, 4319258.543, 118
Trd, 4319258.843, 120
Trd, 4319259.393, 121
Trd, 4319260.143, 117
Trd, 4319260.243, 117
Trd, 4319260.943, 111
Trd, 4319261.343, 106
Trd, 4319261.843, 122
Trd, 4319263.243, 137
Trd, 4319263.443, 137
Trd, 4319263.693, 136
Trd, 4319264.743, 139
Trd, 4319264.843, 138
Trd, 4319264.993, 123
Trd, 4319266.243, 106
Trd, 4319267.243, 116
Trd, 4319267.293, 107
Trd, 4319268.043, 103
Trd, 4319268.193, 99
Trd, 4319268.593, 96
Trd, 4319269.193, 66
Trd, 4319271.493, 67
Trd, 4319271.843, 64
Trd, 4319273.493, 61
Trd, 4319273.943, 63
Trd, 4319274.193, 72
Trd, 4319274.793, 65
Trd, 4319276.743, 81
Trd, 4319276.793, 78
Trd, 4319277.943, 81
Trd, 4319278.793, 82
Trd, 4319278.943, 80
Trd, 4319279.643, 79
Trd, 4319280.243, 78
Trd, 4319280.793, 140
Trd, 4319282.943, 105
Trd, 4319283.193, 103
Trd, 4319283.243, 103
Trd, 4319284.093, 103
Trd, 4319285.493, 103
Trd, 4319285.643, 103
Trd, 4319286.643, 104
Trd, 4319286.843, 107
Trd, 4319287.293, 103
Trd, 4319287.493, 99
Trd, 4319288.743, 98
Trd, 4319290.543, 83
Trd, 4319290.743, 66
Trd, 4319292.193, 86
Trd, 4319292.643, 118
Trd, 4319295.393, 92
Trd, 4319295.843, 92
Trd, 4319296.643, 136
Trd, 4319296.893, 104
Trd, 4319297.193, 93
Trd, 4319297.643, 91
Trd, 4319298.843, 91
Trd, 4319299.593, 135
Trd, 4319299.693, 89
Trd, 4319299.993, 84
Trd, 4319300.793, 64
Trd, 4319303.093, 61
Trd, 4319303.493, 63
Trd, 4319304.943, 91
Trd, 4319306.093, 75
Trd, 4319306.893, 76
Trd, 4319307.343, 76
Trd, 4319307.743, 79
Trd, 4319308.143, 76
Trd, 4319309.843, 83
Trd, 4319311.293, 81
Trd, 4319311.643, 79
Trd, 4319312.693, 94
Trd, 4319312.793, 83
Trd, 4319313.593, 81
Trd, 4319314.493, 83
Trd, 4319314.793, 81
Trd, 4319314.893, 86
Trd, 4319316.393, 83
Trd, 4319316.743, 82
Trd, 4319316.893, 110
Trd, 4319317.443, 84
Trd, 4319318.893, 84
Trd, 4319319.893, 88
Trd, 4319320.693, 140
Trd, 4319321.243, 137
Trd, 4319321.343, 128
Trd, 4319321.993, 92
Trd, 4319323.543, 140
Trd, 4319323.893, 139
Trd, 4319324.943, 139
Trd, 4319325.793, 140
Trd, 4319326.593, 140
Trd, 4319326.643, 133
Trd, 4319328.193, 123
Trd, 4319328.843, 123
Trd, 4319329.193, 123
Trd, 4319329.593, 119
Trd, 4319331.443, 140
Trd, 4319332.793, 118
Trd, 4319333.293, 119
Trd, 4319334.093, 114
Trd, 4319334.443, 114
Trd, 4319335.893, 137
Trd, 4319336.143, 122
Trd, 4319336.593, 111
Trd, 4319338.593, 94
Trd, 4319338.743, 94
Trd, 4319338.793, 92
Trd, 4319339.393, 99
Trd, 4319339.893, 108
Trd, 4319340.993, 92
Trd, 4319341.193, 92
Trd, 4319342.693, 87
Trd, 4319343.393, 87
Trd, 4319344.493, 140
Trd, 4319345.093, 140
Trd, 4319345.993, 140
Trd, 4319346.143, 136
Trd, 4319348.043, 140
Trd, 4319348.293, 136
Trd, 4319348.743, 133
Trd, 4319350.093, 126
Trd, 4319352.143, 136
Trd, 4319352.293, 132
Trd, 4319352.343, 130
Trd, 4319352.693, 103
Trd, 4319353.293, 102
Trd, 4319353.893, 140
Trd, 4319355.093, 64
Trd, 4319355.843, 67
Trd, 4319356.193, 69
Trd, 4319357.593, 113
Trd, 4319359.193, 70
Trd, 4319359.893, 62
Trd, 4319360.293, 66
Trd, 4319361.193, 80
Trd, 4319361.593, 77
Trd, 4319361.743, 74
Trd, 4319362.443, 73
Trd, 4319364.093, 76
Trd, 4319364.593, 76
Trd, 4319365.243, 113
Trd, 4319365.743, 77
Trd, 4319365.793, 76
Trd, 4319366.343, 140
Trd, 4319369.593, 60
Trd, 4319370.393, 68
Trd, 4319370.993, 69
Trd, 4319371.243, 69
Trd, 4319372.443, 71
Trd, 4319372.943, 88
Trd, 4319374.093, 140
Trd, 4319375.193, 138
Trd, 4319375.943, 138
Trd, 4319376.393, 137
Trd, 4319377.743, 130
Trd, 4319378.393, 125
Trd, 4319378.693, 122
Trd, 4319378.793, 122
Trd, 4319380.343, 121
Trd, 4319380.893, 129
Trd, 4319381.793, 117
Trd, 4319381.943, 116
Trd, 4319382.093, 113
Trd, 4319383.393, 104
Trd, 4319383.693, 105
Trd, 4319385.693, 125
Trd, 4319385.843, 125
Trd, 4319386.743, 140
Trd, 4319387.943, 122
Trd, 4319389.593, 128
Trd, 4319390.043, 140
Trd, 4319390.593, 127
Trd, 4319390.743, 125
Trd, 4319390.793, 123
Trd, 4319392.043, 126
Trd, 4319392.293, 126
Trd, 4319393.843, 60
Trd, 4319394.743, 62
Trd, 4319395.443, 62
Trd, 4319395.493, 64
Trd, 4319396.743, 61
Trd, 4319397.893, 83
Trd, 4319398.343, 83
Trd, 4319398.743, 84
Trd, 4319398.893, 86
Trd, 4319399.393, 84
Trd, 4319400.143, 83
Trd, 4319400.593, 71
Trd, 4319402.343, 60
Trd, 4319402.943, 72
Trd, 4319404.543, 140
Trd, 4319405.993, 74
Trd, 4319407.193, 78
Trd, 4319407.643, 81
Trd, 4319408.393, 79
Trd, 4319408.593, 79
Trd, 4319408.743, 78
Trd, 4319409.843, 79
Trd, 4319410.293, 79
Trd, 4319410.393, 79
Trd, 4319412.543, 130
Trd, 4319412.743, 90
Trd, 4319413.143, 140
Trd, 4319413.193, 131
Trd, 4319413.643, 91
Trd, 4319414.343, 138
Trd, 4319414.793, 135
Trd, 4319415.293, 132
Trd, 4319415.793, 129
Trd, 4319417.643, 140
Trd, 4319418.143, 140
Trd, 4319418.393, 140
Trd, 4319419.793, 137
Trd, 4319420.243, 137
Trd, 4319420.943, 136
Trd, 4319421.243, 133
Trd, 4319423.793, 140
Trd, 4319424.093, 140
Trd, 4319424.343, 139
Trd, 4319424.743, 138
Trd, 4319426.243, 133
Trd, 4319427.943, 133
Trd, 4319428.043, 124
Trd, 4319428.743, 90
Trd, 4319429.143, 87
Trd, 4319430.743, 61
Trd, 4319430.993, 75
Trd, 4319432.743, 68
Trd, 4319432.993, 79
Trd, 4319433.843, 78
Trd, 4319434.493, 78
Trd, 4319434.943, 105
Trd, 4319435.443, 84
Trd, 4319435.643, 81
Trd, 4319435.693, 78
Trd, 4319436.893, 60
Trd, 4319438.293, 101
Trd, 4319438.543, 98
Trd, 4319438.793, 99
Trd, 4319439.093, 120
Trd, 4319440.743, 100
Trd, 4319441.593, 101
Trd, 4319442.343, 101
Trd, 4319443.543, 135
Trd, 4319443.743, 132
Trd, 4319443.843, 129
Trd, 4319445.093, 90
Trd, 4319446.293, 60
Trd, 4319446.593, 68
Trd, 4319448.443, 65
Trd, 4319450.243, 74
Trd, 4319450.443, 71
Trd, 4319452.193, 81
Trd, 4319453.193, 85
Trd, 4319454.043, 140
Trd, 4319454.193, 139
Trd, 4319454.643, 137
Trd, 4319454.793, 136
Trd, 4319454.893, 128
Trd, 4319455.293, 117
Trd, 4319455.343, 113
Trd, 4319455.493, 84
Trd, 4319456.943, 94
Trd, 4319457.593, 63
Trd, 4319458.693, 64
Trd, 4319460.593, 83
Trd, 4319460.693, 98
Trd, 4319461.493, 67
Trd, 4319461.743, 91
Trd, 4319462.593, 72
Trd, 4319463.243, 72
Trd, 4319463.643, 99
Trd, 4319464.193, 140
Trd, 4319464.743, 140
Trd, 4319465.043, 87
Trd, 4319466.143, 72
Trd, 4319466.493, 140
Trd, 4319467.393, 140
Trd, 4319467.443, 140
Trd, 4319467.743, 139
Trd, 4319467.993, 134
Trd, 4319468.543, 133
Trd, 4319470.443, 131
Trd, 4319470.893, 122
Trd, 4319472.393, 79
Trd, 4319472.843, 139
Trd, 4319472.943, 80
Trd, 4319473.243, 78
Trd, 4319473.993, 78
Trd, 4319474.843, 67
Trd, 4319475.793, 67
Trd, 4319477.593, 68
Trd, 4319478.443, 69
Trd, 4319479.193, 68
Trd, 4319479.643, 67
Trd, 4319479.993, 76
Trd, 4319480.643, 97
Trd, 4319481.543, 98
Trd, 4319482.443, 140
Trd, 4319482.793, 140
Trd, 4319483.793, 140
Trd, 4319483.893, 136
Trd, 4319484.493, 66
Trd, 4319487.043, 101
Trd, 4319487.593, 72
Trd, 4319488.143, 67
Trd, 4319488.693, 71
Trd, 4319489.043, 127
Trd, 4319489.743, 71
Trd, 4319490.443, 72
Trd, 4319490.843, 71
Trd, 4319492.443, 140
Trd, 4319492.493, 139
Trd, 4319493.693, 131
Trd, 4319494.493, 90
Trd, 4319495.643, 90
Trd, 4319495.743, 87
Trd, 4319495.793, 86
Trd, 4319496.993, 66
Trd, 4319499.543, 86
Trd, 4319500.393, 83
Trd, 4319500.543, 84
Trd, 4319501.343, 99
Trd, 4319501.593, 82
Trd, 4319501.743, 82
Trd, 4319502.293, 81
Trd, 4319503.443, 85
Trd, 4319503.843, 108
Trd, 4319503.943, 86
Trd, 4319506.043, 138
Trd, 4319507.893, 107
Trd, 4319508.243, 109
Trd, 4319508.543, 103
Trd, 4319508.743, 100
Trd, 4319508.993, 98
Trd, 4319509.793, 72
Trd, 4319511.993, 140
Trd, 4319512.093, 139
Trd, 4319513.393, 140
Trd, 4319513.743, 136
Trd, 4319514.493, 132
Trd, 4319514.943, 129
Trd, 4319515.343, 127
Trd, 4319516.393, 135
Trd, 4319516.443, 126
Trd, 4319516.493, 125
Trd, 4319517.843, 94
Trd, 4319519.393, 133
Trd, 4319519.443, 133
Trd, 4319519.543, 130
Trd, 4319519.643, 130
Trd, 4319522.143, 132
Trd, 4319522.743, 140
Trd, 4319522.843, 139
Trd, 4319523.193, 139
Trd, 4319523.293, 127
Trd, 4319526.143, 117
Trd, 4319526.743, 117
Trd, 4319527.293, 113
Trd, 4319527.443, 112
Trd, 4319528.393, 110
Trd, 4319528.543, 108
Trd, 4319529.343, 90
Trd, 4319530.443, 140
Trd, 4319531.643, 125
Trd, 4319532.843, 118
Trd, 4319533.043, 118
Trd, 4319534.093, 113
Trd, 4319534.443, 111
Trd, 4319536.443, 109
Trd, 4319536.543, 105
Trd, 4319536.643, 102
Trd, 4319537.493, 72
Trd, 4319537.743, 70
Trd, 4319538.293, 66
Trd, 4319540.243, 61
Trd, 4319541.093, 61
Trd, 4319542.743, 68
Trd, 4319544.593, 73
Trd, 4319544.793, 75
Trd, 4319545.243, 75
Trd, 4319545.493, 73
Trd, 4319545.593, 72
Trd, 4319545.993, 137
Trd, 4319546.693, 71
Trd, 4319547.743, 64
Trd, 4319548.743, 65
Trd, 4319550.693, 100
Trd, 4319551.243, 98
Trd, 4319552.393, 123
Trd, 4319552.643, 107
Trd, 4319552.793, 107
Trd, 4319553.093, 87
Trd, 4319554.243, 83
Trd, 4319554.343, 107
Trd, 4319554.843, 82
Trd, 4319556.043, 78
Trd, 4319557.743, 96
Trd, 4319559.393, 100
Trd, 4319560.193, 140
Trd, 4319561.543, 140
Trd, 4319561.893, 140
Trd, 4319563.043, 136
Trd, 4319563.343, 136
Trd, 4319563.493, 139
Trd, 4319564.693, 130
Trd, 4319565.193, 130
Trd, 4319565.543, 129
Trd, 4319566.493, 122
Trd, 4319567.993, 122
Trd, 4319568.793, 120
Trd, 4319568.943, 114
Trd, 4319569.393, 139
Trd, 4319570.443, 128
Trd, 4319571.243, 74
Trd, 4319571.993, 84
Trd, 4319572.143, 82
Trd, 4319573.193, 61
Trd, 4319573.593, 105
Trd, 4319575.243, 84
Trd, 4319575.693, 96
Trd, 4319577.093, 81
Trd, 4319577.343, 79
Trd, 4319577.443, 78
Trd, 4319577.493, 88
Trd, 4319578.093, 77
Trd, 4319579.993, 139
Trd, 4319580.293, 76
Trd, 4319580.493, 77
Trd, 4319581.593, 81
Trd, 4319581.843, 87
Trd, 4319583.093, 87
Trd, 4319583.243, 81
Trd, 4319584.143, 120
Trd, 4319584.943, 104
Trd, 4319586.343, 85
Trd, 4319586.393, 85
Trd, 4319586.593, 82
Trd, 4319587.443, 87
Trd, 4319589.143, 64
Trd, 4319589.493, 64
Trd, 4319589.843, 64
Trd, 4319590.443, 83
Trd, 4319591.143, 63
Trd, 4319592.493, 140
Trd, 4319592.543, 139
Trd, 4319593.393, 140
Trd, 4319594.193, 128
Trd, 4319595.643, 121
Trd, 4319596.743, 113
Trd, 4319597.543, 113
Trd, 4319597.893, 111
Trd, 4319598.243, 108
Trd, 4319599.393, 107
Trd, 4319600.193, 107
Trd, 4319600.743, 103
Trd, 4319601.593, 103
Trd, 4319602.043, 105
Trd, 4319602.293, 120
Trd, 4319603.343, 106
Trd, 4319603.593, 140
Trd, 4319604.493, 133
Trd, 4319604.693, 130
Trd, 4319606.793, 140
Trd, 4319606.843, 130
Trd, 4319607.093, 130
Trd, 4319607.193, 129
Trd, 4319607.443, 128
Trd, 4319608.793, 104
Trd, 4319608.893, 102
Trd, 4319611.643, 139
Trd, 4319612.393, 134
Trd, 4319612.743, 129
Trd, 4319613.743, 124
Trd, 4319614.343, 121
Trd, 4319614.493, 117
Trd, 4319617.343, 140
Trd, 4319617.593, 140
Trd, 4319617.743, 139
Trd, 4319618.343, 137
Trd, 4319618.443, 140
Trd, 4319618.543, 136
Trd, 4319618.843, 125
Trd, 4319619.343, 116
Trd, 4319619.943, 116
Trd, 4319620.443, 115
Trd, 4319621.893, 106
Trd, 4319623.143, 95
Trd, 4319624.143, 93
Trd, 4319624.543, 92
Trd, 4319624.593, 91
Trd, 4319625.393, 60
Trd, 4319625.693, 88
Trd, 4319626.493, 76
Trd, 4319627.393, 79
Trd, 4319629.793, 105
Trd, 4319630.243, 129
Trd, 4319631.193, 106
Trd, 4319631.543, 108
Trd, 4319633.043, 114
Trd, 4319634.143, 122
Trd, 4319634.293, 116
Trd, 4319634.393, 114
Trd, 4319634.593, 113
Trd, 4319635.543, 114
Trd, 4319635.593, 112
Trd, 4319636.143, 132
Trd, 4319637.743, 111
Trd, 4319637.993, 109
Trd, 4319639.243, 108
Trd, 4319639.643, 107
Trd, 4319640.343, 140
Trd, 4319640.943, 133
Trd, 4319641.243, 74
Trd, 4319641.843, 119
Trd, 4319642.393, 89
Trd, 4319642.943, 61
Trd, 4319646.243, 61
Trd, 4319646.493, 140
Trd, 4319646.793, 61
Trd, 4319648.143, 95
Trd, 4319648.293, 80
Trd, 4319648.493, 74
Trd, 4319650.343, 121
Trd, 4319650.793, 120
Trd, 4319650.943, 120
Trd, 4319651.893, 111
Trd, 4319652.993, 140
Trd, 4319653.143, 131
Trd, 4319654.043, 129
Trd, 4319654.543, 129
Trd, 4319656.093, 121
Trd, 4319656.593, 117
Trd, 4319658.793, 140
Trd, 4319658.843, 133
Trd, 4319660.493, 124
Trd, 4319660.793, 123
Trd, 4319661.143, 119
Trd, 4319661.193, 116
Trd, 4319661.643, 72
Trd, 4319662.543, 77
Trd, 4319662.693, 103
Trd, 4319664.293, 140
Trd, 4319665.393, 106
Trd, 4319666.593, 107
Trd, 4319666.893, 106
Trd, 4319666.943, 100
Trd, 4319668.443, 140
Trd, 4319669.443, 131
Trd, 4319669.493, 128
Trd, 4319670.843, 130
Trd, 4319671.893, 129
Trd, 4319671.993, 129
Trd, 4319673.693, 97
Trd, 4319673.893, 95
Trd, 4319674.343, 94
Trd, 4319674.993, 94
Trd, 4319676.293, 140
Trd, 4319676.393, 139
Trd, 4319677.243, 140
Trd, 4319677.443, 136
Trd, 4319678.443, 126
Trd, 4319678.693, 125
Trd, 4319678.943, 117
Trd, 4319680.093, 140
Trd, 4319680.793, 140
Trd, 4319681.393, 140
Trd, 4319682.193, 140
Trd, 4319682.393, 140
Trd, 4319682.693, 136
Trd, 4319683.093, 138
Trd, 4319683.693, 133
Trd, 4319684.343, 133
Trd, 4319684.493, 128
Trd, 4319686.043, 140
Trd, 4319686.593, 112
Trd, 4319687.843, 133
Trd, 4319688.743, 125
Trd, 4319688.993, 119
Trd, 4319690.043, 119
Trd, 4319690.543, 119
Trd, 4319690.943, 117
Trd, 4319693.243, 130
Trd, 4319694.093, 140
Trd, 4319694.243, 130
Trd, 4319694.493, 127
Trd, 4319694.543, 126
Trd, 4319696.393, 131
Trd, 4319697.643, 132
Trd, 4319698.643, 132
Trd, 4319698.793, 131
Trd, 4319698.993, 128
Trd, 4319700.343, 139
Trd, 4319701.543, 137
Trd, 4319701.643, 134
Trd, 4319702.443, 116
Trd, 4319704.093, 61
Trd, 4319704.343, 62
Trd, 4319706.843, 74
Trd, 4319707.343, 75
Trd, 4319707.393, 74
Trd, 4319707.543, 62
Trd, 4319708.743, 67
Trd, 4319708.843, 64
Trd, 4319710.993, 68
Trd, 4319711.193, 92
Trd, 4319712.643, 73
Trd, 4319712.693, 71
Trd, 4319713.343, 104
Trd, 4319715.043, 140
Trd, 4319715.093, 140
Trd, 4319716.093, 137
Trd, 4319716.193, 83
Trd, 4319716.293, 82
Trd, 4319717.093, 84
Trd, 4319717.693, 119
Trd, 4319719.293, 118
Trd, 4319719.843, 119
Trd, 4319719.893, 116
Trd, 4319720.193, 83
Trd, 4319720.993, 99
Trd, 4319722.793, 97
Trd, 4319722.893, 97
Trd, 4319722.943, 74
Trd, 4319723.143, 72
Trd, 4319725.293, 64
Trd, 4319728.943, 61
Trd, 4319729.043, 62
Trd, 4319729.793, 61
Trd, 4319730.193, 138
Trd, 4319730.293, 61
Trd, 4319730.643, 70
Trd, 4319730.993, 62
Trd, 4319732.793, 140
Trd, 4319733.693, 140
Trd, 4319734.043, 139
Trd, 4319734.643, 139
Trd, 4319736.143, 140
Trd, 4319737.343, 126
Trd, 4319738.143, 119
Trd, 4319738.843, 109
Trd, 4319739.143, 109
Trd, 4319739.443, 109
Trd, 4319739.693, 112
Trd, 4319740.493, 110
Trd, 4319740.993, 116
Trd, 4319741.793, 106
Trd, 4319744.193, 140
Trd, 4319744.443, 140
Trd, 4319744.543, 139
Trd, 4319744.993, 133
Trd, 4319745.443, 130
Trd, 4319747.543, 140
Trd, 4319748.043, 140
Trd, 4319748.293, 140
Trd, 4319749.643, 133
Trd, 4319750.093, 133
Trd, 4319750.543, 119
Trd, 4319751.393, 71
Trd, 4319754.093, 62
Trd, 4319754.443, 68
Trd, 4319754.743, 69
Trd, 4319755.043, 61
Trd, 4319755.143, 94
Trd, 4319757.543, 91
Trd, 4319757.743, 87
Trd, 4319758.093, 140
Trd, 4319758.343, 140
Trd, 4319758.393, 136
Trd, 4319759.143, 73
Trd, 4319759.943, 73
Trd, 4319761.143, 140
Trd, 4319762.693, 82
Trd, 4319763.343, 82
Trd, 4319764.293, 101
Trd, 4319764.793, 100
Trd, 4319764.843, 96
Trd, 4319766.243, 89
Trd, 4319767.043, 92
Trd, 4319767.743, 114
Trd, 4319768.843, 140
Trd, 4319769.293, 139
Trd, 4319769.393, 136
Trd, 4319769.643, 134
Trd, 4319770.793, 128
Trd, 4319771.143, 87
Trd, 4319773.343, 119
Trd, 4319773.593, 119
Trd, 4319774.093, 118
Trd, 4319775.493, 140
Trd, 4319778.693, 140
Trd, 4319778.743, 140
Trd, 4319778.993, 140
Trd, 4319779.443, 140
Trd, 4319779.893, 136
Trd, 4319780.243, 128
Trd, 4319780.293, 127
Trd, 4319780.993, 123
Trd, 4319781.493, 121
Trd, 4319781.993, 101
Trd, 4319782.143, 101
Trd, 4319784.743, 100
Trd, 4319784.943, 105
Trd, 4319786.043, 100
Trd, 4319786.243, 109
Trd, 4319787.493, 102
Trd, 4319787.743, 99
Trd, 4319787.793, 97
Trd, 4319788.593, 137
Trd, 4319789.393, 97
Trd, 4319791.493, 60
Trd, 4319792.243, 64
Trd, 4319792.443, 71
Trd, 4319793.993, 61
Trd, 4319794.143, 72
Trd, 4319794.843, 64
Trd, 4319795.643, 66
Trd, 4319795.693, 68
Trd, 4319798.493, 98
Trd, 4319798.793, 97
Trd, 4319799.243, 98
Trd, 4319800.043, 94
Trd, 4319800.643, 83
Trd, 4319801.593, 140
Trd, 4319801.993, 133
Trd, 4319804.043, 101
Trd, 4319804.843, 99
Trd, 4319805.143, 135
Trd, 4319806.143, 102
Trd, 4319806.293, 102
Trd, 4319806.443, 101
Trd, 4319807.043, 97
Trd, 4319807.193, 96
Trd, 4319807.243, 95
Trd, 4319807.793, 77
Trd, 4319810.843, 63
Trd, 4319811.193, 66
Trd, 4319812.643, 72
Trd, 4319813.093, 72
Trd, 4319813.193, 72
Trd, 4319813.343, 73
Trd, 4319814.093, 69
Trd, 4319814.393, 68
Trd, 4319815.193, 62
Trd, 4319816.543, 95
Trd, 4319817.743, 136
Trd, 4319818.293, 127
Trd, 4319818.343, 125
Trd, 4319819.743, 60
Trd, 4319819.943, 60
Trd, 4319820.743, 66
Trd, 4319821.893, 99
Trd, 4319822.493, 100
Trd, 4319822.843, 102
Trd, 4319824.143, 101
Trd, 4319824.393, 99
Trd, 4319825.343, 98
Trd, 4319826.093, 97
Trd, 4319827.043, 94
Trd, 4319827.393, 140
Trd, 4319827.593, 140
Trd, 4319827.843, 79
Trd, 4319828.643, 134
Trd, 4319828.843, 102
Trd, 4319829.543, 94
Trd, 4319830.243, 83
Trd, 4319831.043, 77
Trd, 4319831.443, 80
Trd, 4319832.543, 79
Trd, 4319833.493, 95
Trd, 4319834.343, 80
Trd, 4319834.793, 92
Trd, 4319837.093, 86
Trd, 4319837.393, 88
Trd, 4319838.043, 89
Trd, 4319838.243, 88
Trd, 4319838.643, 85
Trd, 4319838.743, 71
Trd, 4319840.793, 74
Trd, 4319842.643, 61
Trd, 4319843.193, 60
Trd, 4319843.493, 60
Trd, 4319844.443, 72
Trd, 4319845.043, 86
Trd, 4319847.093, 91
Trd, 4319847.943, 92
Trd, 4319848.243, 89
Trd, 4319848.343, 86
Trd, 4319848.993, 84
Trd, 4319850.193, 86
Trd, 4319850.243, 85
Trd, 4319850.443, 118
Trd, 4319851.143, 84
Trd, 4319851.243, 83
Trd, 4319852.293, 137
Trd, 4319853.393, 130
Trd, 4319854.393, 128
Trd, 4319854.793, 127
Trd, 4319855.293, 122
Trd, 4319855.593, 121
Trd, 4319856.543, 108
Trd, 4319857.393, 140
Trd, 4319857.843, 140
Trd, 4319858.043, 130
Trd, 4319859.043, 125
Trd, 4319859.743, 118
Trd, 4319861.343, 100
Trd, 4319861.843, 90
Trd, 4319862.093, 89
Trd, 4319862.143, 82
Trd, 4319863.643, 61
Trd, 4319864.243, 62
Trd, 4319864.693, 64
Trd, 4319865.593, 69
Trd, 4319866.243, 63
Trd, 4319867.343, 70
Trd, 4319867.693, 68
Trd, 4319867.943, 64
Trd, 4319868.543, 64
Trd, 4319868.743, 71
Trd, 4319870.043, 73
Trd, 4319871.143, 140
Trd, 4319871.543, 140
Trd, 4319872.543, 139
Trd, 4319873.493, 137
Trd, 4319874.293, 137
Trd, 4319874.593, 124
Trd, 4319874.893, 123
Trd, 4319875.793, 115
Trd, 4319877.043, 105
Trd, 4319877.443, 104
Trd, 4319877.593, 104
Trd, 4319879.443, 138
Trd, 4319880.543, 135
Trd, 4319880.593, 126
Trd, 4319882.043, 140
Trd, 4319882.743, 140
Trd, 4319883.193, 139
Trd, 4319883.293, 136
Trd, 4319884.143, 139
Trd, 4319884.643, 136
Trd, 4319885.493, 127
Trd, 4319886.643, 123
Trd, 4319887.143, 121
Trd, 4319887.443, 119
Trd, 4319887.593, 119
Trd, 4319888.743, 108
Trd, 4319889.893, 128
Trd, 4319889.943, 128
Trd, 4319891.243, 128
Trd, 4319891.693, 140
Trd, 4319893.443, 132
Trd, 4319894.693, 132
Trd, 4319896.293, 134
Trd, 4319896.393, 133
Trd, 4319897.193, 137
Trd, 4319898.543, 127
Trd, 4319898.793, 122
Trd, 4319898.993, 115
Trd, 4319899.143, 89
Trd, 4319900.693, 139
Trd, 4319900.843, 137
Trd, 4319900.893, 136
Trd, 4319901.593, 126
Trd, 4319902.193, 111
Trd, 4319904.793, 67
Trd, 4319905.843, 75
Trd, 4319906.043, 63
Trd, 4319906.843, 65
Trd, 4319907.643, 66
Trd, 4319908.343, 67
Trd, 4319908.843, 81
Trd, 4319910.543, 82
Trd, 4319912.693, 140
Trd, 4319913.293, 140
Trd, 4319913.793, 139
Trd, 4319913.943, 136
Trd, 4319915.293, 140
Trd, 4319915.493, 138
Trd, 4319916.643, 125
Trd, 4319917.293, 125
Trd, 4319917.743, 121
Trd, 4319918.493, 115
Trd, 4319921.043, 140
Trd, 4319921.493, 130
Trd, 4319922.343, 123
Trd, 4319922.743, 116
Trd, 4319923.143, 100
Trd, 4319923.443, 77
Trd, 4319923.793, 77
Trd, 4319924.343, 77
Trd, 4319925.093, 139
Trd, 4319925.693, 81
Trd, 4319926.243, 72
Trd, 4319929.243, 61
Trd, 4319929.593, 61
Trd, 4319931.293, 66
Trd, 4319932.143, 73
Trd, 4319932.293, 73
Trd, 4319932.343, 71
Trd, 4319932.943, 68
Trd, 4319932.993, 86
Trd, 4319933.593, 139
Trd, 4319933.943, 68
Trd, 4319935.693, 76
Trd, 4319935.993, 107
Trd, 4319936.493, 87
Trd, 4319936.643, 86
Trd, 4319937.193, 103
Trd, 4319938.143, 76
Trd, 4319939.643, 85
Trd, 4319940.143, 83
Trd, 4319940.343, 91
Trd, 4319940.993, 82
Trd, 4319941.943, 140
Trd, 4319942.493, 138
Trd, 4319943.543, 136
Trd, 4319944.593, 129
Trd, 4319945.693, 132
Trd, 4319946.143, 133
Trd, 4319946.243, 133
Trd, 4319946.343, 129
Trd, 4319946.543, 126
Trd, 4319947.293, 122
Trd, 4319948.343, 140
Trd, 4319949.793, 140
Trd, 4319949.943, 139
Trd, 4319950.343, 140
Trd, 4319952.543, 124
Trd, 4319952.943, 124
Trd, 4319953.093, 119
Trd, 4319953.793, 117
Trd, 4319954.243, 81
Trd, 4319954.443, 80
Trd, 4319954.793, 80
Trd, 4319955.593, 138
Trd, 4319957.243, 130
Trd, 4319957.293, 127
Trd, 4319959.843, 111
Trd, 4319959.943, 110
Trd, 4319959.993, 110
Trd, 4319960.343, 108
Trd, 4319960.993, 107
Trd, 4319962.493, 61
Trd, 4319963.343, 81
Trd, 4319963.593, 79
Trd, 4319963.993, 79
Trd, 4319964.293, 80
Trd, 4319965.893, 85
Trd, 4319966.193, 82
Trd, 4319966.943, 78
Trd, 4319967.843, 82
Trd, 4319968.243, 98
Trd, 4319968.593, 88
Trd, 4319969.143, 89
Trd, 4319969.743, 92
Trd, 4319971.393, 132
Trd, 4319971.643, 138
Trd, 4319973.143, 132
Trd, 4319974.343, 135
Trd, 4319974.593, 129
Trd, 4319974.693, 129
Trd, 4319976.343, 127
Trd, 4319977.143, 110
Trd, 4319977.393, 85
Trd, 4319979.293, 61
Trd, 4319979.493, 63
Trd, 4319981.293, 60
Trd, 4319981.643, 74
Trd, 4319982.243, 62
Trd, 4319982.393, 106
Trd, 4319984.143, 73
Trd, 4319984.543, 71
Trd, 4319984.793, 70
Trd, 4319984.943, 70
Trd, 4319985.593, 73
Trd, 4319987.793, 140
Trd, 4319988.543, 139
Trd, 4319989.593, 134
Trd, 4319990.793, 137
Trd, 4319991.143, 136
Trd, 4319991.193, 133
Trd, 4319991.343, 130
Trd, 4319991.743, 137
Trd, 4319992.543, 120
Trd, 4319992.693, 120
Trd, 4319993.943, 121
Trd, 4319994.993, 118
Trd, 4319995.393, 113
Trd, 4319996.343, 73
Trd, 4319996.693, 72
Trd, 4319996.893, 83
Trd, 4319997.993, 81
Trd, 4319998.943, 69
Trd, 4319999.643, 139
