Trd, 4318103.643, 139
Trd, 4318104.143, 140
Trd, 4318104.343, 132
Trd, 4318105.643, 137
Trd, 4318106.543, 137
Trd, 4318107.893, 112
Trd, 4318108.543, 113
Trd, 4318108.593, 112
Trd, 4318108.793, 103
Trd, 4318109.293, 65
Trd, 4318109.643, 64
Trd, 4318111.593, 133
Trd, 4318111.893, 140
Trd, 4318112.293, 132
Trd, 4318113.393, 139
Trd, 4318115.343, 140
Trd, 4318115.493, 139
Trd, 4318115.693, 138
Trd, 4318116.343, 140
Trd, 4318116.543, 83
Trd, 4318117.593, 113
Trd, 4318118.293, 92
Trd, 4318120.293, 140
Trd, 4318120.493, 139
Trd, 4318121.043, 140
Trd, 4318121.493, 139
Trd, 4318122.043, 115
Trd, 4318122.543, 107
Trd, 4318123.193, 125
Trd, 4318123.493, 65
Trd, 4318125.793, 101
Trd, 4318126.093, 98
Trd, 4318126.843, 140
Trd, 4318127.793, 140
Trd, 4318128.443, 140
Trd, 4318128.993, 140
Trd, 4318129.393, 140
Trd, 4318130.493, 137
Trd, 4318130.693, 98
Trd, 4318131.443, 140
Trd, 4318132.043, 104
Trd, 4318132.243, 88
Trd, 4318133.393, 89
Trd, 4318134.393, 96
Trd, 4318134.543, 109
Trd, 4318134.643, 110
Trd, 4318136.143, 93
Trd, 4318136.193, 76
Trd, 4318137.643, 64
Trd, 4318139.043, 90
Trd, 4318140.243, 140
Trd, 4318140.543, 140
Trd, 4318140.643, 140
Trd, 4318142.243, 137
Trd, 4318142.593, 136
Trd, 4318143.543, 140
Trd, 4318143.993, 122
Trd, 4318144.093, 120
Trd, 4318144.943, 139
Trd, 4318145.743, 128
Trd, 4318146.243, 108
Trd, 4318147.743, 140
Trd, 4318148.193, 140
Trd, 4318148.493, 132
Trd, 4318148.593, 93
Trd, 4318148.743, 110
Trd, 4318149.093, 93
Trd, 4318150.393, 139
Trd, 4318151.543, 67
Trd, 4318151.793, 68
Trd, 4318152.843, 66
Trd, 4318153.343, 66
Trd, 4318153.843, 140
Trd, 4318155.293, 114
Trd, 4318155.493, 114
Trd, 4318155.643, 118
Trd, 4318157.543, 127
Trd, 4318157.593, 125
Trd, 4318158.393, 140
Trd, 4318159.643, 140
Trd, 4318160.243, 140
Trd, 4318160.643, 138
Trd, 4318161.643, 113
Trd, 4318162.093, 140
Trd, 4318162.193, 139
Trd, 4318162.993, 129
Trd, 4318164.243, 60
Trd, 4318164.343, 61
Trd, 4318164.743, 72
Trd, 4318165.793, 89
Trd, 4318166.093, 61
Trd, 4318166.693, 140
Trd, 4318167.343, 96
Trd, 4318168.493, 96
Trd, 4318169.643, 140
Trd, 4318169.893, 126
Trd, 4318171.043, 131
Trd, 4318171.443, 132
Trd, 4318172.243, 126
Trd, 4318173.393, 60
Trd, 4318174.793, 63
Trd, 4318175.743, 64
Trd, 4318177.193, 62
Trd, 4318177.643, 68
Trd, 4318179.243, 60
Trd, 4318179.443, 61
Trd, 4318179.993, 60
Trd, 4318180.593, 62
Trd, 4318181.643, 60
Trd, 4318181.993, 110
Trd, 4318182.593, 66
Trd, 4318183.843, 65
Trd, 4318183.893, 64
Trd, 4318185.593, 139
Trd, 4318185.893, 133
Trd, 4318187.293, 90
Trd, 4318188.293, 118
Trd, 4318188.993, 113
Trd, 4318189.743, 115
Trd, 4318190.043, 114
Trd, 4318190.443, 114
Trd, 4318191.293, 138
Trd, 4318191.793, 98
Trd, 4318193.093, 140
Trd, 4318194.293, 140
Trd, 4318194.343, 119
Trd, 4318194.443, 115
Trd, 4318195.093, 96
Trd, 4318197.093, 104
Trd, 4318197.243, 101
Trd, 4318197.543, 119
Trd, 4318199.043, 64
Trd, 4318200.243, 140
Trd, 4318200.843, 140
Trd, 4318200.943, 140
Trd, 4318201.243, 140
Trd, 4318201.543, 139
Trd, 4318202.593, 107
Trd, 4318202.993, 108
Trd, 4318203.493, 104
Trd, 4318204.293, 77
Trd, 4318204.543, 116
Trd, 4318206.643, 140
Trd, 4318207.693, 140
Trd, 4318207.843, 140
Trd, 4318208.893, 140
Trd, 4318210.043, 140
Trd, 4318210.143, 85
Trd, 4318210.993, 137
Trd, 4318212.943, 140
Trd, 4318214.193, 140
Trd, 4318214.993, 140
Trd, 4318216.643, 140
Trd, 4318217.093, 140
Trd, 4318217.543, 140
Trd, 4318218.143, 98
Trd, 4318219.293, 126
Trd, 4318219.593, 140
Trd, 4318219.643, 122
Trd, 4318220.693, 140
Trd, 4318221.143, 91
Trd, 4318221.543, 140
Trd, 4318222.093, 92
Trd, 4318223.843, 97
Trd, 4318224.193, 97
Trd, 4318224.543, 104
Trd, 4318225.293, 97
Trd, 4318225.343, 73
Trd, 4318226.443, 81
Trd, 4318227.343, 65
Trd, 4318227.943, 72
Trd, 4318229.293, 71
Trd, 4318230.193, 61
Trd, 4318231.593, 65
Trd, 4318232.943, 120
Trd, 4318233.343, 114
Trd, 4318233.793, 123
Trd, 4318234.093, 114
Trd, 4318234.393, 113
Trd, 4318235.193, 140
Trd, 4318236.193, 116
Trd, 4318237.243, 137
Trd, 4318237.993, 103
Trd, 4318238.343, 103
Trd, 4318238.393, 81
Trd, 4318239.743, 140
Trd, 4318240.493, 140
Trd, 4318240.593, 140
Trd, 4318240.893, 139
Trd, 4318241.143, 103
Trd, 4318242.793, 138
Trd, 4318242.993, 137
Trd, 4318243.193, 134
Trd, 4318245.293, 67
Trd, 4318245.993, 73
Trd, 4318246.343, 96
Trd, 4318248.343, 139
Trd, 4318249.143, 140
Trd, 4318249.443, 93
Trd, 4318249.493, 92
Trd, 4318249.643, 89
Trd, 4318250.543, 65
Trd, 4318252.293, 60
Trd, 4318252.543, 93
Trd, 4318253.893, 122
Trd, 4318255.443, 140
Trd, 4318255.493, 140
Trd, 4318255.643, 140
Trd, 4318256.843, 140
Trd, 4318257.093, 137
Trd, 4318258.143, 94
Trd, 4318258.443, 92
Trd, 4318259.543, 111
Trd, 4318259.843, 130
Trd, 4318260.693, 125
Trd, 4318260.943, 124
Trd, 4318261.343, 97
Trd, 4318261.543, 89
Trd, 4318263.393, 70
Trd, 4318264.043, 73
Trd, 4318264.743, 80
Trd, 4318265.243, 72
Trd, 4318266.193, 94
Trd, 4318266.843, 94
Trd, 4318267.443, 101
Trd, 4318267.493, 92
Trd, 4318267.793, 127
Trd, 4318268.393, 128
Trd, 4318268.943, 127
Trd, 4318269.993, 63
Trd, 4318270.843, 60
Trd, 4318271.643, 63
Trd, 4318271.743, 69
Trd, 4318272.793, 62
Trd, 4318274.543, 72
Trd, 4318274.843, 103
Trd, 4318276.993, 69
Trd, 4318277.593, 60
Trd, 4318278.143, 64
Trd, 4318278.843, 65
Trd, 4318279.393, 65
Trd, 4318279.743, 94
Trd, 4318280.143, 123
Trd, 4318281.693, 140
Trd, 4318281.993, 140
Trd, 4318282.093, 139
Trd, 4318282.793, 127
Trd, 4318282.843, 100
Trd, 4318285.443, 140
Trd, 4318286.343, 140
Trd, 4318286.393, 140
Trd, 4318286.543, 140
Trd, 4318287.543, 140
Trd, 4318288.143, 111
Trd, 4318288.493, 96
Trd, 4318288.543, 88
Trd, 4318288.943, 95
Trd, 4318289.343, 99
Trd, 4318291.543, 66
Trd, 4318292.493, 123
Trd, 4318292.843, 109
Trd, 4318294.143, 112
Trd, 4318294.893, 111
Trd, 4318297.093, 116
Trd, 4318297.393, 127
Trd, 4318297.593, 110
Trd, 4318298.393, 105
Trd, 4318298.743, 140
Trd, 4318300.293, 91
Trd, 4318302.343, 140
Trd, 4318302.443, 140
Trd, 4318302.993, 140
Trd, 4318303.443, 140
Trd, 4318303.893, 140
Trd, 4318305.943, 140
Trd, 4318306.743, 140
Trd, 4318307.043, 140
Trd, 4318307.143, 137
Trd, 4318308.443, 78
Trd, 4318308.793, 140
Trd, 4318309.093, 137
Trd, 4318310.343, 119
Trd, 4318310.893, 92
Trd, 4318310.943, 90
Trd, 4318312.393, 102
Trd, 4318313.393, 74
Trd, 4318314.543, 140
Trd, 4318314.793, 138
Trd, 4318315.543, 139
Trd, 4318315.993, 140
Trd, 4318316.993, 140
Trd, 4318318.293, 140
Trd, 4318318.343, 140
Trd, 4318318.693, 139
Trd, 4318318.943, 74
Trd, 4318320.793, 64
Trd, 4318321.093, 96
Trd, 4318322.593, 140
Trd, 4318322.643, 140
Trd, 4318322.843, 136
Trd, 4318323.893, 121
Trd, 4318324.293, 120
Trd, 4318325.043, 122
Trd, 4318325.343, 139
Trd, 4318326.043, 140
Trd, 4318326.893, 140
Trd, 4318326.943, 139
Trd, 4318327.393, 116
Trd, 4318327.693, 116
Trd, 4318329.093, 139
Trd, 4318330.693, 140
Trd, 4318331.593, 140
Trd, 4318331.643, 139
Trd, 4318332.543, 131
Trd, 4318333.743, 140
Trd, 4318333.843, 127
Trd, 4318334.043, 126
Trd, 4318334.343, 85
Trd, 4318334.843, 64
Trd, 4318336.243, 140
Trd, 4318337.493, 140
Trd, 4318338.543, 140
Trd, 4318339.743, 139
Trd, 4318340.443, 99
Trd, 4318341.743, 138
Trd, 4318342.293, 140
Trd, 4318344.043, 99
Trd, 4318344.193, 99
Trd, 4318344.243, 98
Trd, 4318344.543, 132
Trd, 4318345.043, 140
Trd, 4318345.643, 114
Trd, 4318345.693, 113
Trd, 4318346.793, 114
Trd, 4318347.193, 140
Trd, 4318348.693, 101
Trd, 4318349.193, 123
Trd, 4318349.793, 137
Trd, 4318350.443, 109
Trd, 4318351.393, 140
Trd, 4318351.793, 140
Trd, 4318353.143, 140
Trd, 4318356.243, 140
Trd, 4318356.343, 140
Trd, 4318356.993, 140
Trd, 4318357.293, 137
Trd, 4318357.343, 121
Trd, 4318358.343, 124
Trd, 4318361.393, 140
Trd, 4318361.793, 140
Trd, 4318362.493, 140
Trd, 4318363.193, 140
Trd, 4318363.693, 140
Trd, 4318365.093, 137
Trd, 4318366.593, 140
Trd, 4318366.743, 140
Trd, 4318367.993, 140
Trd, 4318368.443, 140
Trd, 4318369.643, 140
Trd, 4318371.393, 140
Trd, 4318371.693, 140
Trd, 4318373.343, 140
Trd, 4318373.593, 140
Trd, 4318374.893, 140
Trd, 4318375.093, 140
Trd, 4318376.143, 140
Trd, 4318377.743, 140
Trd, 4318377.993, 140
Trd, 4318379.593, 140
Trd, 4318380.843, 140
Trd, 4318381.143, 137
Trd, 4318381.693, 140
Trd, 4318381.993, 125
Trd, 4318382.393, 105
Trd, 4318383.193, 105
Trd, 4318383.793, 100
Trd, 4318383.943, 79
Trd, 4318384.043, 101
Trd, 4318384.593, 96
Trd, 4318385.593, 139
Trd, 4318385.893, 140
Trd, 4318386.393, 116
Trd, 4318386.843, 62
Trd, 4318388.843, 139
Trd, 4318389.043, 91
Trd, 4318389.093, 62
Trd, 4318390.293, 139
Trd, 4318391.243, 140
Trd, 4318391.393, 140
Trd, 4318392.093, 75
Trd, 4318392.143, 117
Trd, 4318393.193, 129
Trd, 4318393.843, 117
Trd, 4318394.693, 140
Trd, 4318394.893, 140
Trd, 4318395.943, 140
Trd, 4318397.893, 140
Trd, 4318398.493, 140
Trd, 4318398.743, 140
Trd, 4318399.093, 140
Trd, 4318399.643, 140
Trd, 4318400.443, 140
Trd, 4318400.893, 139
Trd, 4318401.493, 140
Trd, 4318402.593, 140
Trd, 4318402.843, 140
Trd, 4318403.043, 139
Trd, 4318403.593, 123
Trd, 4318404.293, 139
Trd, 4318405.343, 91
Trd, 4318405.943, 111
Trd, 4318406.793, 140
Trd, 4318406.843, 140
Trd, 4318408.743, 124
Trd, 4318409.043, 124
Trd, 4318409.943, 111
Trd, 4318409.993, 107
Trd, 4318410.493, 80
Trd, 4318411.593, 62
Trd, 4318412.593, 99
Trd, 4318412.743, 107
Trd, 4318413.093, 126
Trd, 4318413.993, 96
Trd, 4318414.143, 95
Trd, 4318415.593, 140
Trd, 4318416.043, 140
Trd, 4318416.443, 139
Trd, 4318416.543, 138
Trd, 4318416.943, 104
Trd, 4318417.393, 138
Trd, 4318419.693, 136
Trd, 4318419.843, 135
Trd, 4318422.193, 140
Trd, 4318423.193, 140
Trd, 4318423.743, 102
Trd, 4318424.443, 120
Trd, 4318424.793, 140
Trd, 4318425.193, 140
Trd, 4318426.243, 140
Trd, 4318426.743, 139
Trd, 4318428.543, 80
Trd, 4318428.843, 70
Trd, 4318429.493, 83
Trd, 4318429.643, 69
Trd, 4318429.843, 96
Trd, 4318429.893, 106
Trd, 4318430.693, 69
Trd, 4318431.693, 62
Trd, 4318431.793, 70
Trd, 4318432.693, 89
Trd, 4318433.393, 70
Trd, 4318433.543, 71
Trd, 4318433.743, 140
Trd, 4318434.943, 115
Trd, 4318435.243, 95
Trd, 4318435.443, 93
Trd, 4318437.243, 81
Trd, 4318437.943, 139
Trd, 4318438.393, 138
Trd, 4318439.893, 134
Trd, 4318440.993, 136
Trd, 4318441.493, 117
Trd, 4318441.743, 74
Trd, 4318441.943, 87
Trd, 4318442.893, 118
Trd, 4318444.543, 140
Trd, 4318445.243, 140
Trd, 4318445.843, 140
Trd, 4318447.043, 140
Trd, 4318448.243, 140
Trd, 4318448.293, 139
Trd, 4318448.893, 140
Trd, 4318449.093, 140
Trd, 4318449.143, 140
Trd, 4318450.143, 140
Trd, 4318451.193, 140
Trd, 4318452.493, 140
Trd, 4318452.743, 140
Trd, 4318452.843, 108
Trd, 4318453.443, 117
Trd, 4318454.843, 115
Trd, 4318457.143, 140
Trd, 4318458.193, 140
Trd, 4318458.793, 140
Trd, 4318458.843, 140
Trd, 4318459.943, 140
Trd, 4318460.293, 140
Trd, 4318460.693, 98
Trd, 4318462.243, 101
Trd, 4318462.893, 126
Trd, 4318463.143, 119
Trd, 4318464.443, 109
Trd, 4318465.493, 127
Trd, 4318466.343, 140
Trd, 4318467.193, 139
Trd, 4318467.743, 128
Trd, 4318467.893, 122
Trd, 4318468.293, 100
Trd, 4318468.893, 140
Trd, 4318470.343, 140
Trd, 4318471.743, 140
Trd, 4318471.893, 140
Trd, 4318472.493, 140
Trd, 4318473.093, 139
Trd, 4318474.393, 132
Trd, 4318474.593, 138
Trd, 4318475.343, 129
Trd, 4318476.093, 95
Trd, 4318476.243, 94
Trd, 4318476.593, 105
Trd, 4318477.993, 140
Trd, 4318478.293, 139
Trd, 4318480.293, 91
Trd, 4318480.393, 86
Trd, 4318481.593, 87
Trd, 4318482.093, 112
Trd, 4318484.843, 140
Trd, 4318484.893, 140
Trd, 4318485.393, 140
Trd, 4318485.543, 140
Trd, 4318486.043, 138
Trd, 4318486.393, 127
Trd, 4318487.193, 129
Trd, 4318487.343, 127
Trd, 4318487.393, 121
Trd, 4318490.043, 140
Trd, 4318490.243, 140
Trd, 4318491.493, 140
Trd, 4318491.643, 117
Trd, 4318491.793, 84
Trd, 4318492.593, 87
Trd, 4318492.793, 86
Trd, 4318493.393, 140
Trd, 4318495.943, 140
Trd, 4318496.643, 140
Trd, 4318497.793, 140
Trd, 4318497.943, 140
Trd, 4318498.243, 140
Trd, 4318498.293, 97
Trd, 4318498.493, 86
Trd, 4318498.793, 133
Trd, 4318500.493, 140
Trd, 4318501.993, 140
Trd, 4318502.843, 140
Trd, 4318503.143, 140
Trd, 4318503.643, 133
Trd, 4318503.743, 82
Trd, 4318504.093, 121
Trd, 4318506.243, 140
Trd, 4318506.543, 140
Trd, 4318506.743, 73
Trd, 4318507.343, 102
Trd, 4318508.493, 76
Trd, 4318508.543, 105
Trd, 4318508.843, 60
Trd, 4318510.043, 62
Trd, 4318511.243, 60
Trd, 4318512.143, 107
Trd, 4318512.993, 111
Trd, 4318513.343, 115
Trd, 4318513.843, 76
Trd, 4318513.993, 82
Trd, 4318514.793, 109
Trd, 4318514.843, 107
Trd, 4318515.243, 61
Trd, 4318516.243, 79
Trd, 4318517.043, 104
Trd, 4318517.293, 105
Trd, 4318518.243, 140
Trd, 4318519.893, 136
Trd, 4318520.693, 140
Trd, 4318520.843, 140
Trd, 4318520.893, 140
Trd, 4318521.893, 140
Trd, 4318522.343, 140
Trd, 4318522.443, 140
Trd, 4318523.243, 138
Trd, 4318523.643, 132
Trd, 4318524.393, 99
Trd, 4318526.043, 116
Trd, 4318526.643, 139
Trd, 4318527.043, 91
Trd, 4318528.343, 102
Trd, 4318528.493, 102
Trd, 4318528.743, 102
Trd, 4318528.943, 103
Trd, 4318529.793, 140
Trd, 4318530.193, 140
Trd, 4318531.043, 139
Trd, 4318532.943, 140
Trd, 4318533.493, 140
Trd, 4318535.543, 140
Trd, 4318535.643, 140
Trd, 4318535.693, 139
Trd, 4318535.943, 139
Trd, 4318536.993, 137
Trd, 4318537.043, 120
Trd, 4318539.393, 140
Trd, 4318540.093, 140
Trd, 4318540.293, 140
Trd, 4318541.143, 140
Trd, 4318541.293, 140
Trd, 4318541.343, 138
Trd, 4318542.843, 97
Trd, 4318543.493, 83
Trd, 4318545.693, 140
Trd, 4318546.193, 140
Trd, 4318546.243, 140
Trd, 4318546.793, 139
Trd, 4318547.343, 138
Trd, 4318547.543, 118
Trd, 4318547.643, 89
Trd, 4318548.193, 124
Trd, 4318549.293, 119
Trd, 4318549.793, 74
Trd, 4318550.593, 91
Trd, 4318550.893, 140
Trd, 4318551.943, 136
Trd, 4318551.993, 128
Trd, 4318552.693, 94
Trd, 4318552.843, 128
Trd, 4318553.643, 62
Trd, 4318555.443, 62
Trd, 4318555.793, 64
Trd, 4318555.993, 80
Trd, 4318556.993, 64
Trd, 4318559.143, 121
Trd, 4318559.593, 134
Trd, 4318559.643, 72
Trd, 4318559.793, 70
Trd, 4318559.943, 68
Trd, 4318560.443, 66
Trd, 4318563.443, 137
Trd, 4318563.543, 136
Trd, 4318564.243, 140
Trd, 4318564.543, 135
Trd, 4318564.993, 135
Trd, 4318566.093, 137
Trd, 4318566.693, 128
Trd, 4318566.893, 138
Trd, 4318567.393, 140
Trd, 4318568.643, 140
Trd, 4318569.393, 140
Trd, 4318569.493, 140
Trd, 4318570.443, 127
Trd, 4318571.593, 136
Trd, 4318571.893, 136
Trd, 4318572.143, 134
Trd, 4318572.993, 133
Trd, 4318573.243, 97
Trd, 4318573.693, 119
Trd, 4318575.393, 118
Trd, 4318575.543, 119
Trd, 4318575.993, 128
Trd, 4318576.343, 118
Trd, 4318577.593, 138
Trd, 4318577.843, 96
Trd, 4318578.943, 136
Trd, 4318578.993, 135
Trd, 4318579.143, 134
Trd, 4318579.593, 77
Trd, 4318580.143, 139
Trd, 4318581.943, 139
Trd, 4318582.593, 139
Trd, 4318584.393, 137
Trd, 4318585.493, 139
Trd, 4318585.643, 139
Trd, 4318585.843, 138
Trd, 4318586.393, 134
Trd, 4318587.143, 91
Trd, 4318587.793, 85
Trd, 4318589.343, 92
Trd, 4318590.143, 87
Trd, 4318590.893, 135
Trd, 4318591.043, 135
Trd, 4318591.843, 140
Trd, 4318591.893, 140
Trd, 4318592.793, 134
Trd, 4318594.193, 104
Trd, 4318594.893, 102
Trd, 4318596.043, 127
Trd, 4318596.093, 126
Trd, 4318597.293, 112
Trd, 4318598.393, 90
Trd, 4318602.143, 62
Trd, 4318602.293, 63
Trd, 4318602.843, 64
Trd, 4318602.893, 71
Trd, 4318603.493, 66
Trd, 4318603.543, 92
Trd, 4318605.393, 134
Trd, 4318606.343, 105
Trd, 4318606.393, 107
Trd, 4318607.493, 106
Trd, 4318607.593, 77
Trd, 4318608.193, 103
Trd, 4318608.643, 129
Trd, 4318610.093, 117
Trd, 4318610.243, 115
Trd, 4318610.493, 103
Trd, 4318611.493, 137
Trd, 4318613.593, 137
Trd, 4318615.943, 140
Trd, 4318616.643, 140
Trd, 4318617.093, 140
Trd, 4318618.443, 140
Trd, 4318618.493, 140
Trd, 4318618.943, 140
Trd, 4318619.293, 103
Trd, 4318620.393, 87
Trd, 4318620.693, 92
Trd, 4318621.243, 125
Trd, 4318621.643, 65
Trd, 4318623.293, 102
Trd, 4318623.693, 140
Trd, 4318624.043, 101
Trd, 4318624.993, 121
Trd, 4318625.143, 64
Trd, 4318626.793, 140
Trd, 4318626.843, 140
Trd, 4318626.893, 138
Trd, 4318628.493, 117
Trd, 4318629.593, 119
Trd, 4318629.993, 139
Trd, 4318630.993, 138
Trd, 4318631.293, 89
Trd, 4318631.993, 132
Trd, 4318632.743, 140
Trd, 4318632.843, 116
Trd, 4318634.093, 75
Trd, 4318634.443, 63
Trd, 4318634.943, 130
Trd, 4318634.993, 129
Trd, 4318636.193, 62
Trd, 4318638.543, 139
Trd, 4318639.593, 140
Trd, 4318639.943, 140
Trd, 4318640.393, 140
Trd, 4318640.943, 140
Trd, 4318642.793, 139
Trd, 4318642.843, 138
Trd, 4318644.093, 140
Trd, 4318645.043, 140
Trd, 4318646.793, 118
Trd, 4318646.843, 117
Trd, 4318647.843, 121
Trd, 4318648.443, 107
Trd, 4318649.193, 140
Trd, 4318649.443, 104
Trd, 4318650.843, 140
Trd, 4318651.143, 140
Trd, 4318651.843, 133
Trd, 4318652.493, 129
Trd, 4318653.093, 137
Trd, 4318653.393, 93
Trd, 4318654.093, 64
Trd, 4318654.843, 94
Trd, 4318655.143, 63
Trd, 4318656.143, 62
Trd, 4318656.243, 66
Trd, 4318656.493, 82
Trd, 4318658.393, 140
Trd, 4318658.543, 69
Trd, 4318659.743, 114
Trd, 4318659.793, 112
Trd, 4318662.093, 140
Trd, 4318663.243, 140
Trd, 4318663.493, 140
Trd, 4318664.393, 140
Trd, 4318664.643, 139
Trd, 4318665.193, 139
Trd, 4318666.443, 131
Trd, 4318666.843, 133
Trd, 4318666.893, 131
Trd, 4318667.243, 128
Trd, 4318667.543, 140
Trd, 4318667.643, 108
Trd, 4318670.143, 69
Trd, 4318671.293, 119
Trd, 4318671.443, 119
Trd, 4318671.643, 120
Trd, 4318672.093, 81
Trd, 4318672.993, 76
Trd, 4318674.493, 63
Trd, 4318674.693, 63
Trd, 4318675.343, 61
Trd, 4318676.443, 139
Trd, 4318676.543, 108
Trd, 4318678.043, 109
Trd, 4318678.193, 88
Trd, 4318679.343, 130
Trd, 4318679.443, 129
Trd, 4318679.743, 121
Trd, 4318680.143, 84
Trd, 4318680.593, 137
Trd, 4318681.643, 109
Trd, 4318682.493, 80
Trd, 4318683.593, 85
Trd, 4318684.293, 139
Trd, 4318685.543, 140
Trd, 4318685.593, 138
Trd, 4318685.993, 91
Trd, 4318686.143, 90
Trd, 4318686.393, 106
Trd, 4318687.143, 94
Trd, 4318688.043, 108
Trd, 4318689.393, 66
Trd, 4318689.493, 94
Trd, 4318690.343, 140
Trd, 4318691.443, 139
Trd, 4318691.793, 71
Trd, 4318693.393, 63
Trd, 4318694.093, 109
Trd, 4318694.493, 137
Trd, 4318695.743, 97
Trd, 4318696.243, 96
Trd, 4318696.543, 71
Trd, 4318697.043, 64
Trd, 4318698.343, 140
Trd, 4318699.393, 69
Trd, 4318700.293, 73
Trd, 4318700.343, 97
Trd, 4318700.793, 70
Trd, 4318701.293, 71
Trd, 4318703.543, 91
Trd, 4318703.893, 122
Trd, 4318704.093, 110
Trd, 4318704.193, 83
Trd, 4318704.793, 139
Trd, 4318705.143, 140
Trd, 4318706.843, 137
Trd, 4318707.443, 136
Trd, 4318707.993, 102
Trd, 4318708.793, 62
Trd, 4318710.743, 134
Trd, 4318711.143, 102
Trd, 4318711.543, 100
Trd, 4318711.743, 132
Trd, 4318713.293, 140
Trd, 4318713.993, 138
Trd, 4318714.493, 140
Trd, 4318714.793, 138
Trd, 4318715.493, 138
Trd, 4318716.243, 135
Trd, 4318716.993, 140
Trd, 4318717.593, 140
Trd, 4318718.943, 140
Trd, 4318720.193, 140
Trd, 4318720.843, 140
Trd, 4318720.893, 138
Trd, 4318721.393, 129
Trd, 4318722.193, 70
Trd, 4318722.893, 80
Trd, 4318724.743, 130
Trd, 4318725.093, 123
Trd, 4318726.143, 140
Trd, 4318726.443, 140
Trd, 4318726.643, 129
Trd, 4318727.043, 109
Trd, 4318728.343, 140
Trd, 4318728.543, 140
Trd, 4318728.593, 140
Trd, 4318730.743, 131
Trd, 4318731.443, 134
Trd, 4318732.443, 140
Trd, 4318734.343, 140
Trd, 4318734.743, 139
Trd, 4318734.843, 137
Trd, 4318735.143, 137
Trd, 4318735.293, 68
Trd, 4318736.993, 130
Trd, 4318737.893, 132
Trd, 4318738.243, 132
Trd, 4318738.743, 84
Trd, 4318739.643, 60
Trd, 4318740.843, 140
Trd, 4318741.843, 140
Trd, 4318742.193, 140
Trd, 4318742.743, 139
Trd, 4318743.293, 137
Trd, 4318744.093, 138
Trd, 4318744.193, 137
Trd, 4318744.493, 136
Trd, 4318746.793, 140
Trd, 4318747.243, 140
Trd, 4318748.293, 139
Trd, 4318748.543, 138
Trd, 4318748.693, 125
Trd, 4318748.743, 92
Trd, 4318750.293, 73
Trd, 4318751.343, 92
Trd, 4318751.643, 102
Trd, 4318751.893, 89
Trd, 4318752.593, 140
Trd, 4318752.943, 140
Trd, 4318753.193, 133
Trd, 4318753.343, 138
Trd, 4318755.343, 60
Trd, 4318755.393, 64
Trd, 4318755.943, 96
Trd, 4318756.993, 103
Trd, 4318758.693, 61
Trd, 4318759.843, 60
Trd, 4318760.243, 70
Trd, 4318761.293, 86
Trd, 4318761.693, 67
Trd, 4318761.843, 125
Trd, 4318762.043, 66
Trd, 4318762.743, 64
Trd, 4318763.193, 62
Trd, 4318764.893, 66
Trd, 4318765.993, 72
Trd, 4318766.793, 111
Trd, 4318766.843, 109
Trd, 4318767.093, 107
Trd, 4318767.243, 99
Trd, 4318769.393, 115
Trd, 4318770.693, 132
Trd, 4318770.943, 122
Trd, 4318770.993, 121
Trd, 4318771.393, 120
Trd, 4318773.393, 113
Trd, 4318773.643, 114
Trd, 4318774.093, 84
Trd, 4318774.893, 102
Trd, 4318775.343, 102
Trd, 4318776.243, 125
Trd, 4318776.493, 125
Trd, 4318778.543, 140
Trd, 4318779.393, 140
Trd, 4318780.343, 112
Trd, 4318780.393, 111
Trd, 4318781.493, 72
Trd, 4318783.393, 134
Trd, 4318783.643, 133
Trd, 4318784.393, 140
Trd, 4318784.543, 140
Trd, 4318785.293, 140
Trd, 4318785.343, 94
Trd, 4318787.143, 139
Trd, 4318788.143, 92
Trd, 4318788.193, 91
Trd, 4318790.343, 140
Trd, 4318790.593, 140
Trd, 4318791.993, 140
Trd, 4318792.393, 140
Trd, 4318792.993, 140
Trd, 4318793.893, 139
Trd, 4318794.743, 140
Trd, 4318796.143, 98
Trd, 4318796.643, 95
Trd, 4318796.893, 87
Trd, 4318797.093, 87
Trd, 4318797.293, 86
Trd, 4318797.343, 84
Trd, 4318798.243, 110
Trd, 4318799.543, 138
Trd, 4318800.043, 139
Trd, 4318801.243, 112
Trd, 4318802.743, 140
Trd, 4318803.243, 140
Trd, 4318803.993, 140
Trd, 4318804.143, 132
Trd, 4318805.093, 138
Trd, 4318805.443, 140
Trd, 4318806.943, 140
Trd, 4318807.293, 139
Trd, 4318807.493, 140
Trd, 4318808.493, 139
Trd, 4318809.093, 127
Trd, 4318809.943, 113
Trd, 4318810.593, 92
Trd, 4318811.043, 62
Trd, 4318811.143, 93
Trd, 4318813.243, 140
Trd, 4318813.593, 140
Trd, 4318813.743, 140
Trd, 4318814.493, 114
Trd, 4318814.993, 138
Trd, 4318816.993, 140
Trd, 4318818.293, 140
Trd, 4318818.543, 140
Trd, 4318818.643, 140
Trd, 4318819.593, 127
Trd, 4318820.743, 132
Trd, 4318821.943, 133
Trd, 4318822.393, 137
Trd, 4318822.543, 133
Trd, 4318823.093, 131
Trd, 4318825.193, 140
Trd, 4318825.743, 140
Trd, 4318827.493, 140
Trd, 4318827.693, 140
Trd, 4318827.793, 140
Trd, 4318828.893, 137
Trd, 4318829.843, 139
Trd, 4318830.443, 114
Trd, 4318830.643, 112
Trd, 4318832.043, 140
Trd, 4318832.493, 140
Trd, 4318833.293, 112
Trd, 4318833.393, 112
Trd, 4318833.993, 129
Trd, 4318834.393, 106
Trd, 4318834.693, 139
Trd, 4318834.943, 67
Trd, 4318836.493, 69
Trd, 4318837.143, 104
Trd, 4318839.293, 120
Trd, 4318839.693, 86
Trd, 4318839.793, 139
Trd, 4318840.743, 61
Trd, 4318841.243, 119
Trd, 4318841.493, 105
Trd, 4318841.743, 105
Trd, 4318843.043, 126
Trd, 4318844.693, 140
Trd, 4318846.593, 140
Trd, 4318847.393, 140
Trd, 4318847.643, 140
Trd, 4318847.893, 140
Trd, 4318848.093, 131
Trd, 4318849.493, 140
Trd, 4318849.793, 100
Trd, 4318850.343, 100
Trd, 4318851.993, 114
Trd, 4318852.243, 77
Trd, 4318853.043, 85
Trd, 4318853.143, 75
Trd, 4318854.193, 93
Trd, 4318854.943, 98
Trd, 4318854.993, 68
Trd, 4318855.243, 76
Trd, 4318855.643, 68
Trd, 4318856.443, 134
Trd, 4318857.493, 73
Trd, 4318858.193, 95
Trd, 4318859.343, 88
Trd, 4318860.643, 140
Trd, 4318860.693, 97
Trd, 4318861.393, 95
Trd, 4318861.493, 94
Trd, 4318862.893, 102
Trd, 4318864.093, 104
Trd, 4318864.793, 137
Trd, 4318865.143, 126
Trd, 4318865.793, 126
Trd, 4318866.993, 113
Trd, 4318868.093, 140
Trd, 4318868.993, 140
Trd, 4318869.143, 140
Trd, 4318869.193, 140
Trd, 4318871.443, 140
Trd, 4318872.143, 140
Trd, 4318872.393, 140
Trd, 4318873.043, 139
Trd, 4318873.193, 138
Trd, 4318874.293, 130
Trd, 4318874.643, 66
Trd, 4318876.693, 66
Trd, 4318877.643, 69
Trd, 4318877.893, 73
Trd, 4318878.243, 95
Trd, 4318879.743, 140
Trd, 4318880.143, 139
Trd, 4318881.043, 139
Trd, 4318881.893, 140
Trd, 4318882.493, 140
Trd, 4318882.593, 140
Trd, 4318883.243, 131
Trd, 4318884.043, 121
Trd, 4318884.843, 98
Trd, 4318885.143, 68
Trd, 4318885.893, 128
Trd, 4318887.293, 82
Trd, 4318887.643, 69
Trd, 4318887.943, 63
Trd, 4318888.393, 62
Trd, 4318889.293, 93
Trd, 4318890.093, 62
Trd, 4318890.293, 68
Trd, 4318891.743, 70
Trd, 4318893.043, 96
Trd, 4318893.093, 63
Trd, 4318894.143, 73
Trd, 4318894.493, 96
Trd, 4318895.793, 91
Trd, 4318896.543, 90
Trd, 4318896.693, 73
Trd, 4318897.443, 63
Trd, 4318898.743, 87
Trd, 4318898.943, 140
Trd, 4318898.993, 85
Trd, 4318901.493, 137
Trd, 4318902.093, 135
Trd, 4318902.743, 95
Trd, 4318902.943, 109
Trd, 4318904.393, 107
Trd, 4318904.693, 99
Trd, 4318905.043, 103
Trd, 4318906.043, 100
Trd, 4318907.693, 140
Trd, 4318907.843, 140
Trd, 4318908.143, 140
Trd, 4318908.743, 140
Trd, 4318908.993, 125
Trd, 4318910.943, 106
Trd, 4318911.093, 101
Trd, 4318911.243, 100
Trd, 4318911.593, 82
Trd, 4318911.693, 71
Trd, 4318912.693, 140
Trd, 4318912.943, 140
Trd, 4318915.093, 140
Trd, 4318916.393, 140
Trd, 4318917.593, 140
Trd, 4318918.093, 139
Trd, 4318918.343, 137
Trd, 4318918.993, 127
Trd, 4318919.143, 126
Trd, 4318919.593, 140
Trd, 4318920.093, 126
Trd, 4318922.493, 122
Trd, 4318923.393, 122
Trd, 4318924.293, 92
Trd, 4318924.343, 91
Trd, 4318924.393, 88
Trd, 4318924.543, 134
Trd, 4318925.593, 125
Trd, 4318927.643, 140
Trd, 4318927.893, 140
Trd, 4318928.293, 140
Trd, 4318928.393, 140
Trd, 4318928.943, 140
Trd, 4318928.993, 94
Trd, 4318930.193, 140
Trd, 4318930.793, 107
Trd, 4318931.643, 113
Trd, 4318932.243, 93
Trd, 4318934.093, 140
Trd, 4318934.243, 140
Trd, 4318934.393, 139
Trd, 4318935.943, 140
Trd, 4318936.543, 140
Trd, 4318937.143, 140
Trd, 4318938.243, 140
Trd, 4318938.843, 62
Trd, 4318938.993, 137
Trd, 4318941.343, 128
Trd, 4318942.043, 130
Trd, 4318943.693, 111
Trd, 4318944.043, 123
Trd, 4318944.093, 111
Trd, 4318944.743, 110
Trd, 4318945.893, 140
Trd, 4318946.343, 140
Trd, 4318947.843, 140
Trd, 4318948.143, 140
Trd, 4318949.293, 140
Trd, 4318950.793, 140
Trd, 4318950.943, 140
Trd, 4318951.793, 138
Trd, 4318951.943, 113
Trd, 4318952.193, 126
Trd, 4318953.093, 65
Trd, 4318955.043, 69
Trd, 4318955.693, 140
Trd, 4318955.743, 139
Trd, 4318955.993, 75
Trd, 4318957.943, 140
Trd, 4318958.743, 140
Trd, 4318960.243, 140
Trd, 4318960.593, 139
Trd, 4318960.943, 138
Trd, 4318961.043, 131
Trd, 4318961.593, 130
Trd, 4318963.593, 124
Trd, 4318964.043, 122
Trd, 4318964.093, 119
Trd, 4318966.443, 140
Trd, 4318967.293, 140
Trd, 4318968.393, 139
Trd, 4318968.493, 118
Trd, 4318969.293, 133
Trd, 4318969.593, 111
Trd, 4318970.993, 140
Trd, 4318971.243, 138
Trd, 4318971.793, 139
Trd, 4318973.643, 140
Trd, 4318973.993, 123
Trd, 4318974.693, 122
Trd, 4318975.993, 122
Trd, 4318977.193, 128
Trd, 4318977.393, 125
Trd, 4318977.893, 125
Trd, 4318978.593, 113
Trd, 4318980.893, 140
Trd, 4318980.943, 121
Trd, 4318981.743, 140
Trd, 4318982.243, 140
Trd, 4318982.443, 139
Trd, 4318984.793, 137
Trd, 4318985.143, 136
Trd, 4318985.243, 130
Trd, 4318986.293, 82
Trd, 4318986.693, 78
Trd, 4318986.743, 110
Trd, 4318987.543, 136
Trd, 4318988.193, 94
Trd, 4318989.443, 137
Trd, 4318989.793, 138
Trd, 4318990.993, 137
Trd, 4318991.293, 120
Trd, 4318991.893, 88
Trd, 4318992.843, 140
Trd, 4318994.293, 138
Trd, 4318994.643, 137
Trd, 4318996.943, 140
Trd, 4318997.893, 140
Trd, 4318997.993, 140
Trd, 4318999.293, 140
Trd, 4318999.493, 140
Trd, 4318999.793, 140
Trd, 4319000.143, 134
Trd, 4319000.293, 133
Trd, 4319001.093, 139
Trd, 4319001.143, 138
Trd, 4319002.493, 115
Trd, 4319003.143, 127
Trd, 4319003.393, 76
Trd, 4319003.943, 140
Trd, 4319003.993, 140
Trd, 4319005.643, 117
Trd, 4319007.193, 78
Trd, 4319007.643, 114
Trd, 4319008.743, 136
Trd, 4319008.893, 140
Trd, 4319009.793, 140
Trd, 4319010.143, 140
Trd, 4319011.293, 140
Trd, 4319012.193, 136
Trd, 4319013.593, 140
Trd, 4319013.843, 140
Trd, 4319014.593, 139
Trd, 4319014.693, 138
Trd, 4319015.143, 140
Trd, 4319015.743, 127
Trd, 4319017.843, 140
Trd, 4319017.893, 139
Trd, 4319017.993, 137
Trd, 4319018.043, 104
Trd, 4319020.743, 122
Trd, 4319021.443, 123
Trd, 4319022.643, 140
Trd, 4319022.943, 140
Trd, 4319023.093, 140
Trd, 4319023.643, 123
Trd, 4319024.143, 125
Trd, 4319025.743, 140
Trd, 4319026.643, 140
Trd, 4319028.543, 140
Trd, 4319028.743, 140
Trd, 4319028.893, 140
Trd, 4319029.993, 138
Trd, 4319030.543, 137
Trd, 4319031.943, 129
Trd, 4319032.743, 106
Trd, 4319032.793, 110
Trd, 4319034.493, 110
Trd, 4319035.093, 125
Trd, 4319035.693, 140
Trd, 4319036.743, 140
Trd, 4319037.193, 140
Trd, 4319037.243, 140
Trd, 4319037.993, 140
Trd, 4319038.443, 136
Trd, 4319039.343, 87
Trd, 4319039.893, 61
Trd, 4319040.393, 62
Trd, 4319040.793, 62
Trd, 4319041.243, 62
Trd, 4319043.143, 131
Trd, 4319043.443, 115
Trd, 4319044.493, 140
Trd, 4319044.643, 140
Trd, 4319046.793, 140
Trd, 4319047.093, 139
Trd, 4319048.793, 140
Trd, 4319048.843, 139
Trd, 4319048.943, 128
Trd, 4319050.493, 94
Trd, 4319051.493, 131
Trd, 4319051.743, 138
Trd, 4319053.193, 140
Trd, 4319053.893, 140
Trd, 4319055.493, 140
Trd, 4319056.493, 140
Trd, 4319056.593, 140
Trd, 4319057.093, 140
Trd, 4319057.593, 140
Trd, 4319057.693, 140
Trd, 4319058.143, 139
Trd, 4319059.093, 82
Trd, 4319059.893, 70
Trd, 4319059.943, 69
Trd, 4319060.543, 140
Trd, 4319062.243, 140
Trd, 4319062.843, 140
Trd, 4319064.143, 125
Trd, 4319065.493, 124
Trd, 4319066.393, 140
Trd, 4319066.693, 140
Trd, 4319066.993, 135
Trd, 4319068.393, 130
Trd, 4319068.543, 129
Trd, 4319069.943, 110
Trd, 4319070.893, 103
Trd, 4319071.143, 101
Trd, 4319071.943, 139
Trd, 4319072.443, 108
Trd, 4319074.443, 61
Trd, 4319074.493, 63
Trd, 4319075.343, 63
Trd, 4319075.893, 85
Trd, 4319076.693, 111
Trd, 4319076.743, 112
Trd, 4319077.743, 70
Trd, 4319077.893, 102
Trd, 4319078.943, 69
Trd, 4319080.293, 104
Trd, 4319080.393, 65
Trd, 4319081.643, 140
Trd, 4319081.943, 140
Trd, 4319082.193, 140
Trd, 4319083.143, 139
Trd, 4319083.543, 90
Trd, 4319084.493, 140
Trd, 4319085.143, 139
Trd, 4319085.393, 90
Trd, 4319086.393, 138
Trd, 4319086.793, 114
Trd, 4319087.143, 138
Trd, 4319087.543, 113
Trd, 4319089.293, 112
Trd, 4319090.343, 87
Trd, 4319090.693, 73
Trd, 4319091.643, 74
Trd, 4319092.043, 65
Trd, 4319092.843, 80
Trd, 4319092.943, 138
Trd, 4319093.293, 78
Trd, 4319093.843, 119
Trd, 4319095.343, 140
Trd, 4319096.343, 140
Trd, 4319096.943, 140
Trd, 4319097.743, 140
Trd, 4319097.893, 140
Trd, 4319098.293, 100
Trd, 4319098.593, 140
Trd, 4319099.293, 138
Trd, 4319099.843, 104
Trd, 4319099.943, 104
Trd, 4319100.093, 103
Trd, 4319100.693, 98
Trd, 4319100.993, 140
Trd, 4319102.243, 140
Trd, 4319103.193, 139
Trd, 4319105.193, 140
Trd, 4319105.343, 119
Trd, 4319105.843, 62
Trd, 4319107.243, 62
Trd, 4319108.693, 79
Trd, 4319110.093, 65
Trd, 4319110.943, 139
Trd, 4319111.143, 138
Trd, 4319111.343, 134
Trd, 4319111.493, 139
Trd, 4319113.443, 140
Trd, 4319113.593, 140
Trd, 4319114.193, 140
Trd, 4319114.443, 138
Trd, 4319115.093, 137
Trd, 4319116.843, 140
Trd, 4319116.893, 140
Trd, 4319118.193, 140
Trd, 4319118.343, 140
Trd, 4319118.643, 140
Trd, 4319119.043, 135
Trd, 4319119.543, 122
Trd, 4319120.493, 122
Trd, 4319122.493, 140
Trd, 4319122.743, 139
Trd, 4319122.893, 121
Trd, 4319123.893, 120
Trd, 4319124.343, 140
Trd, 4319124.943, 101
Trd, 4319125.043, 100
Trd, 4319126.393, 140
Trd, 4319126.543, 140
Trd, 4319128.043, 140
Trd, 4319128.393, 140
Trd, 4319129.043, 139
Trd, 4319129.693, 140
Trd, 4319130.843, 140
Trd, 4319132.143, 89
Trd, 4319132.593, 139
Trd, 4319133.093, 129
Trd, 4319133.843, 95
Trd, 4319134.843, 94
Trd, 4319135.793, 140
Trd, 4319136.493, 94
Trd, 4319137.243, 140
Trd, 4319137.343, 140
Trd, 4319139.193, 115
Trd, 4319140.293, 98
Trd, 4319140.493, 100
Trd, 4319140.543, 97
Trd, 4319141.093, 118
Trd, 4319142.243, 127
Trd, 4319142.993, 140
Trd, 4319143.943, 67
Trd, 4319144.943, 60
Trd, 4319145.743, 64
Trd, 4319145.793, 62
Trd, 4319146.643, 118
Trd, 4319147.293, 76
Trd, 4319148.043, 89
Trd, 4319148.843, 63
Trd, 4319148.993, 87
Trd, 4319150.343, 67
Trd, 4319151.343, 139
Trd, 4319154.093, 140
Trd, 4319154.193, 140
Trd, 4319154.793, 140
Trd, 4319155.143, 140
Trd, 4319155.693, 139
Trd, 4319157.093, 83
Trd, 4319158.093, 140
Trd, 4319158.543, 140
Trd, 4319159.243, 140
Trd, 4319159.443, 140
Trd, 4319161.093, 140
Trd, 4319161.793, 131
Trd, 4319162.193, 140
Trd, 4319162.493, 97
Trd, 4319163.043, 83
Trd, 4319164.693, 132
Trd, 4319165.543, 140
Trd, 4319166.993, 140
Trd, 4319167.343, 140
Trd, 4319167.693, 140
Trd, 4319168.843, 139
Trd, 4319169.243, 138
Trd, 4319169.343, 118
Trd, 4319170.393, 133
Trd, 4319170.493, 108
Trd, 4319171.193, 76
Trd, 4319171.843, 120
Trd, 4319172.443, 139
Trd, 4319172.543, 138
Trd, 4319175.093, 60
Trd, 4319177.143, 61
Trd, 4319178.043, 70
Trd, 4319178.093, 103
Trd, 4319179.693, 76
Trd, 4319179.943, 74
Trd, 4319180.643, 83
Trd, 4319180.843, 74
Trd, 4319181.593, 107
Trd, 4319182.343, 81
Trd, 4319182.743, 85
Trd, 4319183.093, 82
Trd, 4319184.393, 94
Trd, 4319185.643, 129
Trd, 4319186.743, 96
Trd, 4319186.943, 114
Trd, 4319187.843, 95
Trd, 4319188.343, 140
Trd, 4319190.343, 105
Trd, 4319190.993, 135
Trd, 4319191.143, 86
Trd, 4319192.343, 140
Trd, 4319192.893, 139
Trd, 4319193.743, 137
Trd, 4319194.693, 139
Trd, 4319195.143, 139
Trd, 4319196.493, 140
Trd, 4319197.393, 140
Trd, 4319198.093, 140
Trd, 4319198.193, 140
Trd, 4319198.443, 140
Trd, 4319199.393, 123
Trd, 4319200.493, 136
Trd, 4319201.493, 137
Trd, 4319203.043, 140
Trd, 4319203.793, 140
Trd, 4319204.793, 140
Trd, 4319205.643, 140
Trd, 4319206.043, 136
Trd, 4319206.393, 98
Trd, 4319206.493, 85
Trd, 4319208.193, 98
Trd, 4319209.143, 139
Trd, 4319209.993, 140
Trd, 4319210.243, 140
Trd, 4319211.193, 140
Trd, 4319211.293, 140
Trd, 4319211.743, 140
Trd, 4319211.943, 126
Trd, 4319215.193, 140
Trd, 4319215.593, 140
Trd, 4319215.943, 140
Trd, 4319216.243, 140
Trd, 4319216.743, 140
Trd, 4319217.193, 82
Trd, 4319218.493, 62
Trd, 4319219.443, 93
Trd, 4319220.293, 92
Trd, 4319221.143, 140
Trd, 4319221.943, 140
Trd, 4319222.243, 140
Trd, 4319223.193, 140
Trd, 4319223.243, 139
Trd, 4319223.793, 136
Trd, 4319226.293, 140
Trd, 4319227.843, 140
Trd, 4319228.693, 140
Trd, 4319229.293, 140
Trd, 4319230.343, 140
Trd, 4319230.443, 139
Trd, 4319230.693, 97
Trd, 4319231.993, 104
Trd, 4319233.093, 103
Trd, 4319234.093, 105
Trd, 4319234.193, 93
Trd, 4319235.793, 140
Trd, 4319236.493, 140
Trd, 4319236.693, 140
Trd, 4319238.243, 138
Trd, 4319239.643, 137
Trd, 4319239.843, 123
Trd, 4319240.593, 140
Trd, 4319241.043, 140
Trd, 4319241.093, 139
Trd, 4319241.193, 139
Trd, 4319241.943, 112
Trd, 4319243.693, 140
Trd, 4319245.343, 140
Trd, 4319245.593, 140
Trd, 4319246.243, 140
Trd, 4319246.393, 140
Trd, 4319247.343, 140
Trd, 4319248.193, 140
Trd, 4319249.393, 140
Trd, 4319249.793, 140
Trd, 4319250.143, 140
Trd, 4319250.793, 120
Trd, 4319251.643, 95
Trd, 4319252.643, 60
Trd, 4319252.843, 125
Trd, 4319254.793, 140
Trd, 4319254.893, 140
Trd, 4319255.443, 93
Trd, 4319256.493, 130
Trd, 4319256.593, 94
Trd, 4319258.043, 81
Trd, 4319258.143, 109
Trd, 4319258.543, 62
Trd, 4319259.993, 64
Trd, 4319260.543, 77
Trd, 4319261.793, 121
Trd, 4319262.293, 121
Trd, 4319263.343, 138
Trd, 4319264.043, 138
Trd, 4319265.093, 139
Trd, 4319265.793, 139
Trd, 4319265.893, 137
Trd, 4319266.793, 140
Trd, 4319267.243, 139
Trd, 4319268.193, 121
Trd, 4319268.643, 117
Trd, 4319268.943, 105
Trd, 4319269.693, 105
Trd, 4319270.743, 140
Trd, 4319271.643, 140
Trd, 4319272.893, 140
Trd, 4319273.343, 140
Trd, 4319274.843, 140
Trd, 4319275.093, 140
Trd, 4319275.793, 140
Trd, 4319276.943, 140
Trd, 4319277.843, 140
Trd, 4319279.493, 104
Trd, 4319280.043, 104
Trd, 4319280.443, 103
Trd, 4319281.443, 140
Trd, 4319281.643, 68
Trd, 4319282.143, 66
Trd, 4319282.393, 105
Trd, 4319283.493, 121
Trd, 4319283.643, 86
Trd, 4319284.543, 77
Trd, 4319285.743, 140
Trd, 4319286.793, 85
Trd, 4319287.043, 98
Trd, 4319287.593, 102
Trd, 4319288.543, 107
Trd, 4319289.443, 140
Trd, 4319289.693, 139
Trd, 4319290.693, 140
Trd, 4319291.043, 125
Trd, 4319292.843, 128
Trd, 4319293.343, 140
Trd, 4319294.443, 133
Trd, 4319295.643, 140
Trd, 4319296.493, 140
Trd, 4319296.643, 135
Trd, 4319297.543, 98
Trd, 4319298.643, 140
Trd, 4319299.343, 140
Trd, 4319299.543, 69
Trd, 4319301.493, 140
Trd, 4319301.943, 140
Trd, 4319302.893, 140
Trd, 4319303.543, 140
Trd, 4319303.993, 104
Trd, 4319305.293, 132
Trd, 4319305.393, 130
Trd, 4319305.793, 129
Trd, 4319306.243, 140
Trd, 4319307.743, 98
Trd, 4319308.393, 94
Trd, 4319309.993, 140
Trd, 4319310.193, 139
Trd, 4319310.893, 129
Trd, 4319311.493, 127
Trd, 4319312.093, 106
Trd, 4319313.143, 99
Trd, 4319315.193, 140
Trd, 4319315.343, 140
Trd, 4319315.743, 140
Trd, 4319316.293, 140
Trd, 4319316.793, 140
Trd, 4319317.293, 140
Trd, 4319318.643, 102
Trd, 4319320.143, 95
Trd, 4319320.293, 93
Trd, 4319320.593, 125
Trd, 4319321.343, 90
Trd, 4319322.143, 140
Trd, 4319322.343, 92
Trd, 4319323.143, 140
Trd, 4319323.593, 93
Trd, 4319324.043, 94
Trd, 4319324.943, 110
Trd, 4319325.143, 109
Trd, 4319326.393, 113
Trd, 4319326.643, 113
Trd, 4319327.993, 133
Trd, 4319328.043, 136
Trd, 4319329.743, 140
Trd, 4319330.193, 140
Trd, 4319331.993, 140
Trd, 4319332.893, 140
Trd, 4319332.993, 139
Trd, 4319333.043, 137
Trd, 4319333.543, 106
Trd, 4319333.593, 105
Trd, 4319333.693, 101
Trd, 4319335.093, 127
Trd, 4319335.243, 126
Trd, 4319335.743, 121
Trd, 4319335.893, 69
Trd, 4319337.543, 140
Trd, 4319337.893, 140
Trd, 4319338.043, 140
Trd, 4319338.343, 140
Trd, 4319339.593, 140
Trd, 4319340.593, 140
Trd, 4319341.943, 137
Trd, 4319343.593, 140
Trd, 4319344.343, 140
Trd, 4319344.543, 138
Trd, 4319345.693, 102
Trd, 4319345.943, 135
Trd, 4319347.343, 116
Trd, 4319347.393, 112
Trd, 4319348.793, 140
Trd, 4319348.893, 140
Trd, 4319349.093, 133
Trd, 4319349.593, 134
Trd, 4319349.943, 133
Trd, 4319350.643, 139
Trd, 4319351.543, 137
Trd, 4319351.993, 106
Trd, 4319353.593, 80
Trd, 4319353.943, 85
Trd, 4319355.343, 133
Trd, 4319355.793, 97
Trd, 4319357.243, 140
Trd, 4319357.393, 138
Trd, 4319357.643, 138
Trd, 4319358.793, 98
Trd, 4319359.643, 99
Trd, 4319359.693, 98
Trd, 4319362.693, 140
Trd, 4319363.043, 140
Trd, 4319363.143, 139
Trd, 4319363.343, 124
Trd, 4319363.943, 102
Trd, 4319364.843, 140
Trd, 4319365.543, 105
Trd, 4319367.343, 140
Trd, 4319367.393, 140
Trd, 4319368.643, 137
Trd, 4319369.543, 119
Trd, 4319370.693, 116
Trd, 4319371.093, 103
Trd, 4319371.693, 103
Trd, 4319371.793, 102
Trd, 4319372.293, 134
Trd, 4319372.993, 107
Trd, 4319373.193, 78
Trd, 4319373.943, 140
Trd, 4319376.243, 140
Trd, 4319376.293, 117
Trd, 4319378.193, 134
Trd, 4319378.593, 134
Trd, 4319378.793, 92
Trd, 4319378.893, 81
Trd, 4319380.843, 140
Trd, 4319382.293, 140
Trd, 4319382.493, 140
Trd, 4319382.843, 140
Trd, 4319383.093, 140
Trd, 4319383.293, 139
Trd, 4319384.393, 112
Trd, 4319385.643, 140
Trd, 4319385.743, 137
Trd, 4319386.643, 128
Trd, 4319386.893, 102
Trd, 4319387.093, 139
Trd, 4319388.543, 119
Trd, 4319389.343, 120
Trd, 4319391.343, 139
Trd, 4319391.593, 139
Trd, 4319392.543, 82
Trd, 4319393.143, 132
Trd, 4319393.543, 140
Trd, 4319394.293, 108
Trd, 4319394.843, 96
Trd, 4319395.093, 95
Trd, 4319395.593, 104
Trd, 4319396.593, 139
Trd, 4319396.943, 111
Trd, 4319397.543, 112
Trd, 4319398.893, 111
Trd, 4319399.943, 140
Trd, 4319399.993, 139
Trd, 4319401.593, 139
Trd, 4319401.993, 134
Trd, 4319402.393, 117
Trd, 4319402.993, 140
Trd, 4319403.693, 140
Trd, 4319403.893, 140
Trd, 4319404.393, 140
Trd, 4319405.443, 130
Trd, 4319405.793, 112
Trd, 4319406.093, 111
Trd, 4319406.843, 87
Trd, 4319407.093, 134
Trd, 4319408.393, 102
Trd, 4319408.643, 79
Trd, 4319409.793, 124
Trd, 4319410.743, 139
Trd, 4319411.693, 81
Trd, 4319412.643, 76
Trd, 4319413.543, 139
Trd, 4319414.443, 93
Trd, 4319414.993, 121
Trd, 4319415.643, 140
Trd, 4319416.243, 122
Trd, 4319416.593, 123
Trd, 4319416.843, 107
Trd, 4319419.143, 107
Trd, 4319419.393, 97
Trd, 4319420.293, 140
Trd, 4319420.443, 101
Trd, 4319420.543, 100
Trd, 4319422.043, 140
Trd, 4319422.343, 140
Trd, 4319423.443, 140
Trd, 4319424.143, 140
Trd, 4319424.693, 140
Trd, 4319425.143, 96
Trd, 4319425.393, 140
Trd, 4319427.293, 88
Trd, 4319427.443, 81
Trd, 4319429.393, 140
Trd, 4319430.543, 135
Trd, 4319430.643, 133
Trd, 4319431.143, 132
Trd, 4319431.593, 136
Trd, 4319432.393, 140
Trd, 4319432.543, 132
Trd, 4319433.343, 133
Trd, 4319433.993, 132
Trd, 4319434.193, 131
Trd, 4319435.293, 140
Trd, 4319436.393, 140
Trd, 4319436.593, 140
Trd, 4319437.393, 139
Trd, 4319438.143, 121
Trd, 4319439.043, 78
Trd, 4319441.293, 124
Trd, 4319441.543, 127
Trd, 4319441.693, 124
Trd, 4319441.743, 123
Trd, 4319442.843, 114
Trd, 4319443.393, 139
Trd, 4319444.493, 140
Trd, 4319446.443, 140
Trd, 4319447.893, 140
Trd, 4319447.943, 140
Trd, 4319448.493, 140
Trd, 4319448.793, 140
Trd, 4319448.893, 139
Trd, 4319449.443, 137
Trd, 4319450.143, 136
Trd, 4319451.793, 136
Trd, 4319453.193, 124
Trd, 4319454.643, 140
Trd, 4319456.043, 118
Trd, 4319456.443, 134
Trd, 4319456.843, 134
Trd, 4319457.893, 118
Trd, 4319458.443, 140
Trd, 4319459.393, 139
Trd, 4319460.593, 139
Trd, 4319461.643, 140
Trd, 4319461.693, 140
Trd, 4319463.393, 131
Trd, 4319464.343, 132
Trd, 4319465.793, 140
Trd, 4319465.843, 139
Trd, 4319466.743, 140
Trd, 4319467.993, 134
Trd, 4319468.043, 122
Trd, 4319468.193, 95
Trd, 4319469.193, 88
Trd, 4319469.743, 87
Trd, 4319470.593, 140
Trd, 4319473.293, 140
Trd, 4319473.593, 140
Trd, 4319474.043, 114
Trd, 4319474.593, 110
Trd, 4319475.393, 86
Trd, 4319476.693, 140
Trd, 4319477.693, 140
Trd, 4319478.093, 140
Trd, 4319478.343, 140
Trd, 4319478.643, 140
Trd, 4319479.943, 135
Trd, 4319480.043, 131
Trd, 4319480.843, 128
Trd, 4319481.643, 139
Trd, 4319482.643, 137
Trd, 4319483.093, 109
Trd, 4319483.793, 84
Trd, 4319484.693, 92
Trd, 4319484.743, 89
Trd, 4319484.943, 137
Trd, 4319485.743, 127
Trd, 4319486.993, 137
Trd, 4319487.793, 87
Trd, 4319487.893, 139
Trd, 4319488.543, 94
Trd, 4319489.543, 118
Trd, 4319490.943, 128
Trd, 4319493.093, 140
Trd, 4319493.143, 140
Trd, 4319494.293, 140
Trd, 4319494.543, 140
Trd, 4319494.693, 140
Trd, 4319495.693, 123
Trd, 4319496.943, 114
Trd, 4319498.993, 115
Trd, 4319499.143, 114
Trd, 4319499.443, 125
Trd, 4319501.143, 139
Trd, 4319501.643, 118
Trd, 4319501.743, 67
Trd, 4319502.343, 137
Trd, 4319503.493, 140
Trd, 4319504.493, 140
Trd, 4319505.193, 140
Trd, 4319505.493, 140
Trd, 4319506.093, 139
Trd, 4319506.193, 100
Trd, 4319507.293, 108
Trd, 4319507.843, 108
Trd, 4319508.493, 129
Trd, 4319509.643, 118
Trd, 4319509.843, 130
Trd, 4319510.193, 87
Trd, 4319510.693, 139
Trd, 4319511.793, 132
Trd, 4319512.243, 138
Trd, 4319512.593, 131
Trd, 4319512.793, 130
Trd, 4319514.493, 140
Trd, 4319514.843, 122
Trd, 4319515.293, 76
Trd, 4319516.593, 140
Trd, 4319516.843, 140
Trd, 4319517.343, 140
Trd, 4319518.193, 138
Trd, 4319518.393, 133
Trd, 4319519.443, 65
Trd, 4319519.493, 89
Trd, 4319520.243, 92
Trd, 4319520.843, 138
Trd, 4319521.943, 128
Trd, 4319524.293, 140
Trd, 4319524.493, 120
Trd, 4319525.843, 140
Trd, 4319525.993, 140
Trd, 4319526.193, 139
Trd, 4319526.393, 127
Trd, 4319526.843, 140
Trd, 4319527.443, 99
Trd, 4319528.493, 61
Trd, 4319528.743, 60
Trd, 4319529.843, 70
Trd, 4319530.643, 78
Trd, 4319533.043, 140
Trd, 4319534.693, 140
Trd, 4319535.693, 140
Trd, 4319535.843, 140
Trd, 4319535.993, 140
Trd, 4319536.093, 140
Trd, 4319536.743, 140
Trd, 4319536.943, 140
Trd, 4319538.393, 129
Trd, 4319539.693, 124
Trd, 4319539.993, 125
Trd, 4319540.393, 139
Trd, 4319540.743, 103
Trd, 4319541.543, 94
Trd, 4319542.993, 140
Trd, 4319543.243, 139
Trd, 4319543.993, 94
Trd, 4319544.793, 110
Trd, 4319545.193, 95
Trd, 4319545.993, 127
Trd, 4319546.443, 96
Trd, 4319547.093, 140
Trd, 4319549.993, 140
Trd, 4319550.043, 140
Trd, 4319550.143, 117
Trd, 4319550.493, 116
Trd, 4319550.743, 139
Trd, 4319551.043, 80
Trd, 4319553.443, 140
Trd, 4319554.143, 140
Trd, 4319555.343, 140
Trd, 4319556.043, 140
Trd, 4319556.193, 140
Trd, 4319556.243, 140
Trd, 4319557.143, 137
Trd, 4319558.193, 140
Trd, 4319560.043, 140
Trd, 4319560.193, 140
Trd, 4319560.593, 140
Trd, 4319561.443, 140
Trd, 4319562.693, 140
Trd, 4319563.693, 140
Trd, 4319564.393, 140
Trd, 4319564.693, 112
Trd, 4319565.393, 138
Trd, 4319566.893, 140
Trd, 4319567.043, 140
Trd, 4319567.093, 137
Trd, 4319567.343, 73
Trd, 4319567.993, 134
Trd, 4319571.043, 140
Trd, 4319571.243, 140
Trd, 4319571.393, 139
Trd, 4319571.543, 110
Trd, 4319573.093, 129
Trd, 4319574.343, 140
Trd, 4319574.443, 115
Trd, 4319574.743, 138
Trd, 4319574.893, 92
Trd, 4319576.093, 61
Trd, 4319577.693, 64
Trd, 4319578.593, 68
Trd, 4319579.093, 136
Trd, 4319580.543, 140
Trd, 4319581.893, 140
Trd, 4319581.943, 140
Trd, 4319582.393, 137
Trd, 4319583.143, 69
Trd, 4319584.043, 116
Trd, 4319584.993, 105
Trd, 4319585.443, 140
Trd, 4319585.543, 140
Trd, 4319586.143, 65
Trd, 4319587.393, 130
Trd, 4319589.443, 140
Trd, 4319589.693, 140
Trd, 4319590.393, 140
Trd, 4319590.743, 140
Trd, 4319591.443, 66
Trd, 4319592.043, 140
Trd, 4319592.643, 140
Trd, 4319593.693, 130
Trd, 4319594.143, 112
Trd, 4319595.043, 139
Trd, 4319595.243, 136
Trd, 4319596.543, 140
Trd, 4319597.393, 140
Trd, 4319598.093, 139
Trd, 4319598.543, 81
Trd, 4319600.893, 140
Trd, 4319601.293, 140
Trd, 4319601.443, 127
Trd, 4319602.743, 135
Trd, 4319602.893, 83
Trd, 4319604.243, 140
Trd, 4319605.193, 138
Trd, 4319605.493, 89
Trd, 4319605.593, 83
Trd, 4319605.843, 73
Trd, 4319606.593, 61
Trd, 4319607.793, 140
Trd, 4319608.143, 140
Trd, 4319608.793, 140
Trd, 4319609.443, 140
Trd, 4319609.993, 138
Trd, 4319610.893, 123
Trd, 4319611.393, 127
Trd, 4319613.493, 140
Trd, 4319614.043, 140
Trd, 4319614.293, 140
Trd, 4319614.493, 139
Trd, 4319615.593, 139
Trd, 4319616.093, 140
Trd, 4319617.243, 94
Trd, 4319617.943, 134
Trd, 4319618.343, 101
Trd, 4319618.693, 93
Trd, 4319618.843, 92
Trd, 4319618.943, 91
Trd, 4319619.543, 136
Trd, 4319621.593, 64
Trd, 4319623.593, 97
Trd, 4319623.893, 136
Trd, 4319624.743, 119
Trd, 4319626.593, 137
Trd, 4319626.993, 136
Trd, 4319627.443, 132
Trd, 4319627.543, 119
Trd, 4319627.643, 131
Trd, 4319629.043, 140
Trd, 4319631.443, 140
Trd, 4319632.393, 138
Trd, 4319632.793, 136
Trd, 4319633.093, 120
Trd, 4319633.443, 137
Trd, 4319633.793, 119
Trd, 4319634.093, 118
Trd, 4319635.243, 111
Trd, 4319635.593, 110
Trd, 4319635.943, 87
Trd, 4319636.893, 64
Trd, 4319638.693, 90
Trd, 4319638.893, 140
Trd, 4319641.743, 139
Trd, 4319642.693, 140
Trd, 4319643.093, 140
Trd, 4319643.343, 139
Trd, 4319643.443, 123
Trd, 4319644.593, 91
Trd, 4319644.693, 97
Trd, 4319644.743, 119
Trd, 4319644.843, 86
Trd, 4319645.043, 98
Trd, 4319646.493, 64
Trd, 4319647.143, 129
Trd, 4319647.943, 66
Trd, 4319648.793, 83
Trd, 4319649.193, 63
Trd, 4319649.643, 62
Trd, 4319650.393, 61
Trd, 4319650.993, 140
Trd, 4319651.143, 98
Trd, 4319652.943, 68
Trd, 4319655.193, 60
Trd, 4319655.643, 60
Trd, 4319656.793, 60
Trd, 4319657.043, 115
Trd, 4319657.843, 62
Trd, 4319658.643, 140
Trd, 4319658.943, 140
Trd, 4319659.243, 103
Trd, 4319659.943, 73
Trd, 4319660.643, 65
Trd, 4319661.493, 66
Trd, 4319662.243, 69
Trd, 4319663.893, 64
Trd, 4319664.093, 65
Trd, 4319664.243, 64
Trd, 4319664.393, 73
Trd, 4319665.943, 70
Trd, 4319666.793, 128
Trd, 4319667.243, 73
Trd, 4319667.543, 71
Trd, 4319667.593, 88
Trd, 4319669.443, 91
Trd, 4319669.843, 73
Trd, 4319670.343, 63
Trd, 4319670.643, 136
Trd, 4319673.843, 140
Trd, 4319674.093, 140
Trd, 4319674.743, 140
Trd, 4319676.893, 140
Trd, 4319676.993, 140
Trd, 4319677.343, 138
Trd, 4319677.393, 97
Trd, 4319678.643, 140
Trd, 4319679.093, 80
Trd, 4319680.193, 80
Trd, 4319680.443, 61
Trd, 4319680.843, 135
Trd, 4319682.293, 140
Trd, 4319682.793, 137
Trd, 4319683.543, 139
Trd, 4319684.743, 73
Trd, 4319685.543, 127
Trd, 4319686.043, 137
Trd, 4319686.893, 114
Trd, 4319687.693, 118
Trd, 4319687.793, 113
Trd, 4319688.093, 85
Trd, 4319689.043, 140
Trd, 4319689.393, 139
Trd, 4319690.193, 64
Trd, 4319692.943, 138
Trd, 4319693.193, 132
Trd, 4319693.293, 95
Trd, 4319693.543, 95
Trd, 4319695.093, 140
Trd, 4319695.693, 139
Trd, 4319696.393, 103
Trd, 4319696.843, 104
Trd, 4319697.793, 140
Trd, 4319697.943, 139
Trd, 4319699.193, 116
Trd, 4319699.893, 122
Trd, 4319700.493, 61
Trd, 4319701.993, 132
Trd, 4319702.043, 131
Trd, 4319702.193, 114
Trd, 4319702.993, 91
Trd, 4319704.243, 72
Trd, 4319704.343, 97
Trd, 4319705.443, 138
Trd, 4319705.893, 136
Trd, 4319705.993, 135
Trd, 4319707.493, 140
Trd, 4319707.793, 139
Trd, 4319707.943, 139
Trd, 4319708.693, 88
Trd, 4319709.543, 113
Trd, 4319709.993, 113
Trd, 4319710.943, 112
Trd, 4319711.243, 103
Trd, 4319711.293, 68
Trd, 4319712.893, 140
Trd, 4319713.393, 139
Trd, 4319715.143, 140
Trd, 4319715.743, 140
Trd, 4319715.793, 140
Trd, 4319715.893, 137
Trd, 4319716.543, 102
Trd, 4319717.743, 98
Trd, 4319717.793, 96
Trd, 4319718.243, 83
Trd, 4319719.893, 140
Trd, 4319722.493, 140
Trd, 4319722.893, 140
Trd, 4319722.943, 140
Trd, 4319723.243, 140
Trd, 4319723.643, 129
Trd, 4319723.793, 107
Trd, 4319724.743, 108
Trd, 4319725.293, 140
Trd, 4319726.543, 114
Trd, 4319727.843, 121
Trd, 4319728.643, 91
Trd, 4319728.793, 137
Trd, 4319730.343, 105
Trd, 4319730.893, 118
Trd, 4319731.343, 128
Trd, 4319731.993, 97
Trd, 4319732.843, 95
Trd, 4319733.143, 67
Trd, 4319733.743, 66
Trd, 4319734.343, 75
Trd, 4319734.393, 87
Trd, 4319736.443, 61
Trd, 4319737.043, 69
Trd, 4319738.243, 61
Trd, 4319739.193, 60
Trd, 4319739.493, 65
Trd, 4319740.793, 83
Trd, 4319741.543, 80
Trd, 4319743.043, 71
Trd, 4319743.743, 100
Trd, 4319744.143, 99
Trd, 4319744.993, 123
Trd, 4319745.243, 98
Trd, 4319746.543, 140
Trd, 4319746.793, 140
Trd, 4319746.893, 94
Trd, 4319747.893, 106
Trd, 4319747.993, 79
Trd, 4319750.293, 116
Trd, 4319750.443, 114
Trd, 4319750.643, 112
Trd, 4319751.093, 140
Trd, 4319752.143, 140
Trd, 4319752.243, 140
Trd, 4319753.543, 140
Trd, 4319753.843, 122
Trd, 4319755.193, 88
Trd, 4319755.793, 140
Trd, 4319756.293, 115
Trd, 4319757.543, 95
Trd, 4319757.693, 93
Trd, 4319759.943, 140
Trd, 4319760.643, 140
Trd, 4319761.893, 140
Trd, 4319762.143, 140
Trd, 4319762.443, 140
Trd, 4319762.593, 100
Trd, 4319763.293, 134
Trd, 4319763.843, 77
Trd, 4319766.093, 74
Trd, 4319766.943, 139
Trd, 4319767.193, 140
Trd, 4319769.243, 129
Trd, 4319769.343, 126
Trd, 4319769.893, 136
Trd, 4319770.343, 136
Trd, 4319770.443, 135
Trd, 4319771.543, 105
Trd, 4319772.043, 70
Trd, 4319772.743, 61
Trd, 4319773.393, 120
Trd, 4319775.893, 64
Trd, 4319776.243, 63
Trd, 4319777.393, 101
Trd, 4319777.993, 104
Trd, 4319778.443, 100
Trd, 4319778.743, 140
Trd, 4319779.743, 70
Trd, 4319780.893, 139
Trd, 4319781.843, 137
Trd, 4319781.993, 133
Trd, 4319782.793, 97
Trd, 4319782.893, 96
Trd, 4319783.193, 134
Trd, 4319783.543, 88
Trd, 4319783.743, 125
Trd, 4319785.443, 139
Trd, 4319786.143, 110
Trd, 4319786.293, 65
Trd, 4319787.793, 133
Trd, 4319787.993, 115
Trd, 4319788.943, 140
Trd, 4319789.193, 140
Trd, 4319790.193, 84
Trd, 4319791.543, 61
Trd, 4319792.443, 65
Trd, 4319793.643, 80
Trd, 4319794.243, 74
Trd, 4319794.693, 96
Trd, 4319794.843, 73
Trd, 4319795.743, 73
Trd, 4319796.543, 60
Trd, 4319797.093, 60
Trd, 4319798.293, 60
Trd, 4319798.493, 67
Trd, 4319799.943, 97
Trd, 4319800.543, 92
Trd, 4319800.743, 116
Trd, 4319802.593, 60
Trd, 4319802.843, 98
Trd, 4319803.443, 87
Trd, 4319803.843, 88
Trd, 4319804.143, 95
Trd, 4319805.243, 113
Trd, 4319805.443, 97
Trd, 4319805.743, 96
Trd, 4319806.543, 82
Trd, 4319808.943, 140
Trd, 4319808.993, 138
Trd, 4319809.543, 117
Trd, 4319809.843, 88
Trd, 4319810.343, 131
Trd, 4319810.993, 140
Trd, 4319812.593, 140
Trd, 4319812.843, 140
Trd, 4319813.343, 85
Trd, 4319814.093, 140
Trd, 4319814.443, 132
Trd, 4319815.693, 134
Trd, 4319816.843, 136
Trd, 4319817.993, 140
Trd, 4319818.393, 140
Trd, 4319818.693, 140
Trd, 4319820.043, 140
Trd, 4319820.843, 140
Trd, 4319821.543, 138
Trd, 4319821.993, 137
Trd, 4319823.293, 133
Trd, 4319823.443, 132
Trd, 4319824.943, 120
Trd, 4319825.343, 117
Trd, 4319825.993, 138
Trd, 4319827.143, 89
Trd, 4319827.393, 140
Trd, 4319827.893, 88
Trd, 4319828.293, 122
Trd, 4319829.793, 116
Trd, 4319830.393, 128
Trd, 4319830.693, 121
Trd, 4319830.743, 109
Trd, 4319831.443, 139
Trd, 4319831.793, 140
Trd, 4319832.843, 140
Trd, 4319833.243, 140
Trd, 4319835.693, 140
Trd, 4319835.843, 140
Trd, 4319836.243, 139
Trd, 4319836.343, 137
Trd, 4319837.293, 137
Trd, 4319837.493, 99
Trd, 4319837.893, 118
Trd, 4319840.243, 140
Trd, 4319840.343, 140
Trd, 4319841.393, 140
Trd, 4319841.543, 118
Trd, 4319841.943, 119
Trd, 4319841.993, 117
Trd, 4319842.043, 86
Trd, 4319843.993, 140
Trd, 4319844.893, 139
Trd, 4319845.193, 89
Trd, 4319845.593, 87
Trd, 4319846.493, 71
Trd, 4319847.643, 133
Trd, 4319848.693, 132
Trd, 4319849.643, 139
Trd, 4319851.443, 140
Trd, 4319852.293, 138
Trd, 4319853.043, 138
Trd, 4319853.593, 122
Trd, 4319853.893, 121
Trd, 4319854.043, 90
Trd, 4319854.443, 61
Trd, 4319854.743, 70
Trd, 4319855.743, 60
Trd, 4319856.143, 121
Trd, 4319857.443, 101
Trd, 4319858.493, 68
Trd, 4319858.693, 122
Trd, 4319859.643, 96
Trd, 4319860.043, 89
Trd, 4319860.543, 73
Trd, 4319861.043, 70
Trd, 4319862.293, 140
Trd, 4319863.293, 60
Trd, 4319863.743, 60
Trd, 4319864.543, 60
Trd, 4319866.693, 111
Trd, 4319867.143, 111
Trd, 4319868.193, 121
Trd, 4319868.243, 118
Trd, 4319869.143, 140
Trd, 4319870.093, 140
Trd, 4319871.043, 140
Trd, 4319872.143, 134
Trd, 4319872.193, 136
Trd, 4319874.093, 140
Trd, 4319874.693, 140
Trd, 4319874.793, 140
Trd, 4319875.143, 140
Trd, 4319876.643, 140
Trd, 4319877.393, 140
Trd, 4319877.443, 137
Trd, 4319878.643, 116
Trd, 4319878.893, 127
Trd, 4319880.393, 106
Trd, 4319881.043, 140
Trd, 4319882.093, 110
Trd, 4319882.543, 100
Trd, 4319882.993, 138
Trd, 4319883.593, 94
Trd, 4319883.893, 76
Trd, 4319884.393, 63
Trd, 4319885.143, 93
Trd, 4319885.793, 66
Trd, 4319887.143, 104
Trd, 4319888.043, 85
Trd, 4319888.493, 74
Trd, 4319890.143, 65
Trd, 4319891.893, 140
Trd, 4319892.093, 140
Trd, 4319892.143, 140
Trd, 4319892.893, 140
Trd, 4319893.043, 140
Trd, 4319895.593, 95
Trd, 4319896.893, 93
Trd, 4319897.093, 92
Trd, 4319897.243, 91
Trd, 4319897.693, 107
Trd, 4319898.493, 91
Trd, 4319899.193, 140
Trd, 4319899.393, 81
Trd, 4319900.643, 64
Trd, 4319902.343, 64
Trd, 4319902.543, 90
Trd, 4319902.743, 113
Trd, 4319903.343, 93
Trd, 4319904.293, 132
Trd, 4319904.843, 140
Trd, 4319905.893, 140
Trd, 4319905.993, 140
Trd, 4319907.243, 140
Trd, 4319907.743, 140
Trd, 4319908.693, 134
Trd, 4319908.843, 120
Trd, 4319909.443, 112
Trd, 4319909.943, 124
Trd, 4319910.293, 140
Trd, 4319910.793, 136
Trd, 4319912.293, 63
Trd, 4319912.843, 112
Trd, 4319913.893, 105
Trd, 4319915.193, 60
Trd, 4319915.443, 63
Trd, 4319915.743, 117
Trd, 4319917.443, 84
Trd, 4319917.993, 84
Trd, 4319919.543, 140
Trd, 4319920.293, 140
Trd, 4319920.643, 103
Trd, 4319921.093, 62
Trd, 4319922.343, 139
Trd, 4319923.793, 102
Trd, 4319923.893, 101
Trd, 4319925.693, 94
Trd, 4319925.893, 93
Trd, 4319926.193, 129
Trd, 4319927.443, 140
Trd, 4319928.193, 140
Trd, 4319928.343, 139
Trd, 4319928.793, 128
Trd, 4319929.543, 137
Trd, 4319930.843, 101
Trd, 4319931.543, 140
Trd, 4319931.743, 140
Trd, 4319933.593, 140
Trd, 4319934.293, 140
Trd, 4319934.343, 140
Trd, 4319935.393, 138
Trd, 4319937.543, 140
Trd, 4319938.493, 140
Trd, 4319938.593, 140
Trd, 4319938.643, 140
Trd, 4319940.143, 135
Trd, 4319940.793, 139
Trd, 4319941.093, 129
Trd, 4319942.193, 140
Trd, 4319942.243, 140
Trd, 4319942.393, 135
Trd, 4319942.943, 127
Trd, 4319943.093, 80
Trd, 4319943.793, 61
Trd, 4319945.893, 140
Trd, 4319947.493, 76
Trd, 4319948.243, 72
Trd, 4319948.393, 70
Trd, 4319949.493, 61
Trd, 4319949.743, 67
Trd, 4319949.993, 79
Trd, 4319951.493, 64
Trd, 4319952.493, 68
Trd, 4319953.493, 140
Trd, 4319953.543, 140
Trd, 4319954.493, 140
Trd, 4319954.543, 140
Trd, 4319955.093, 140
Trd, 4319955.793, 140
Trd, 4319957.693, 140
Trd, 4319958.443, 140
Trd, 4319958.993, 140
Trd, 4319959.393, 131
Trd, 4319960.493, 140
Trd, 4319960.743, 137
Trd, 4319961.293, 132
Trd, 4319962.943, 140
Trd, 4319964.143, 140
Trd, 4319964.243, 140
Trd, 4319965.593, 140
Trd, 4319966.593, 129
Trd, 4319966.843, 119
Trd, 4319967.193, 139
Trd, 4319968.243, 128
Trd, 4319969.643, 140
Trd, 4319970.093, 140
Trd, 4319970.693, 128
Trd, 4319971.543, 125
Trd, 4319971.643, 81
Trd, 4319971.793, 81
Trd, 4319972.593, 82
Trd, 4319972.843, 96
Trd, 4319972.893, 93
Trd, 4319975.393, 61
Trd, 4319976.493, 62
Trd, 4319976.643, 117
Trd, 4319977.843, 140
Trd, 4319977.893, 120
Trd, 4319979.143, 60
Trd, 4319980.143, 76
Trd, 4319980.443, 69
Trd, 4319980.743, 99
Trd, 4319981.743, 65
Trd, 4319983.193, 140
Trd, 4319984.443, 139
Trd, 4319984.693, 138
Trd, 4319985.243, 102
Trd, 4319986.193, 140
Trd, 4319987.293, 140
Trd, 4319987.593, 127
Trd, 4319988.293, 140
Trd, 4319988.393, 103
Trd, 4319990.543, 96
Trd, 4319991.443, 106
Trd, 4319991.593, 88
Trd, 4319992.643, 132
Trd, 4319993.043, 133
Trd, 4319993.393, 132
Trd, 4319993.843, 75
Trd, 4319994.693, 140
Trd, 4319995.593, 140
Trd, 4319996.943, 140
Trd, 4319997.093, 140
Trd, 4319997.543, 126
Trd, 4319998.243, 97
Trd, 4319999.443, 140
