Trd, 4318128.093, 60
Trd, 4318128.793, 68
Trd, 4318129.843, 67
Trd, 4318130.743, 100
Trd, 4318131.643, 109
Trd, 4318131.693, 81
Trd, 4318132.593, 66
Trd, 4318133.443, 65
Trd, 4318133.943, 63
Trd, 4318135.143, 61
Trd, 4318135.793, 73
Trd, 4318136.693, 61
Trd, 4318136.993, 77
Trd, 4318137.043, 87
Trd, 4318137.193, 92
Trd, 4318137.993, 99
Trd, 4318138.393, 72
Trd, 4318139.243, 66
Trd, 4318139.293, 83
Trd, 4318139.993, 61
Trd, 4318141.093, 77
Trd, 4318141.893, 103
Trd, 4318141.993, 61
Trd, 4318142.493, 110
Trd, 4318143.043, 83
Trd, 4318145.093, 67
Trd, 4318145.243, 72
Trd, 4318146.443, 105
Trd, 4318146.543, 97
Trd, 4318147.343, 132
Trd, 4318147.543, 109
Trd, 4318147.793, 89
Trd, 4318148.643, 84
Trd, 4318149.443, 63
Trd, 4318151.043, 114
Trd, 4318151.643, 76
Trd, 4318152.443, 130
Trd, 4318152.693, 122
Trd, 4318154.293, 109
Trd, 4318154.493, 95
Trd, 4318155.093, 73
Trd, 4318155.893, 62
Trd, 4318156.693, 72
Trd, 4318158.643, 90
Trd, 4318158.943, 74
Trd, 4318159.393, 64
Trd, 4318160.343, 127
Trd, 4318160.793, 98
Trd, 4318163.343, 63
Trd, 4318164.143, 66
Trd, 4318164.443, 68
Trd, 4318165.993, 67
Trd, 4318166.193, 72
Trd, 4318167.143, 70
Trd, 4318167.643, 66
Trd, 4318168.093, 86
Trd, 4318168.693, 66
Trd, 4318169.893, 88
Trd, 4318170.793, 89
Trd, 4318170.843, 93
Trd, 4318171.193, 87
Trd, 4318171.943, 87
Trd, 4318172.293, 94
Trd, 4318172.793, 108
Trd, 4318173.293, 78
Trd, 4318174.093, 120
Trd, 4318176.493, 78
Trd, 4318176.543, 82
Trd, 4318177.943, 88
Trd, 4318178.193, 95
Trd, 4318181.443, 128
Trd, 4318181.593, 125
Trd, 4318181.743, 119
Trd, 4318182.193, 96
Trd, 4318182.343, 93
Trd, 4318183.693, 134
Trd, 4318183.843, 104
Trd, 4318184.443, 122
Trd, 4318184.543, 103
Trd, 4318186.543, 133
Trd, 4318187.593, 127
Trd, 4318187.793, 119
Trd, 4318187.943, 103
Trd, 4318187.993, 83
Trd, 4318188.493, 93
Trd, 4318189.093, 61
Trd, 4318190.143, 135
Trd, 4318190.643, 100
Trd, 4318190.943, 87
Trd, 4318191.543, 86
Trd, 4318192.193, 84
Trd, 4318192.693, 70
Trd, 4318192.743, 67
Trd, 4318193.643, 74
Trd, 4318195.243, 114
Trd, 4318196.343, 137
Trd, 4318197.343, 113
Trd, 4318197.443, 123
Trd, 4318198.543, 112
Trd, 4318199.393, 100
Trd, 4318200.593, 134
Trd, 4318200.893, 107
Trd, 4318203.093, 115
Trd, 4318203.743, 89
Trd, 4318205.593, 108
Trd, 4318205.843, 135
Trd, 4318207.443, 114
Trd, 4318207.743, 135
Trd, 4318207.893, 85
Trd, 4318208.443, 78
Trd, 4318208.643, 107
Trd, 4318208.693, 74
Trd, 4318209.743, 66
Trd, 4318210.543, 94
Trd, 4318210.693, 126
Trd, 4318211.143, 91
Trd, 4318212.143, 63
Trd, 4318212.693, 67
Trd, 4318214.193, 92
Trd, 4318214.943, 109
Trd, 4318215.393, 137
Trd, 4318216.193, 130
Trd, 4318217.143, 113
Trd, 4318217.443, 117
Trd, 4318218.243, 85
Trd, 4318218.293, 64
Trd, 4318220.443, 120
Trd, 4318221.043, 120
Trd, 4318221.193, 119
Trd, 4318221.743, 61
Trd, 4318222.593, 65
Trd, 4318223.243, 105
Trd, 4318223.693, 104
Trd, 4318225.493, 120
Trd, 4318226.043, 119
Trd, 4318226.143, 97
Trd, 4318226.293, 75
Trd, 4318226.743, 67
Trd, 4318228.743, 88
Trd, 4318229.543, 94
Trd, 4318230.543, 102
Trd, 4318230.843, 112
Trd, 4318231.593, 92
Trd, 4318232.493, 122
Trd, 4318232.893, 135
Trd, 4318234.093, 135
Trd, 4318234.843, 134
Trd, 4318235.593, 107
Trd, 4318236.143, 98
Trd, 4318236.493, 81
Trd, 4318237.143, 72
Trd, 4318237.793, 122
Trd, 4318238.193, 109
Trd, 4318238.743, 88
Trd, 4318239.093, 65
Trd, 4318240.093, 68
Trd, 4318240.143, 86
Trd, 4318240.243, 95
Trd, 4318241.543, 67
Trd, 4318242.443, 68
Trd, 4318243.343, 66
Trd, 4318243.743, 74
Trd, 4318244.493, 65
Trd, 4318244.993, 65
Trd, 4318245.693, 86
Trd, 4318246.293, 71
Trd, 4318246.493, 134
Trd, 4318248.243, 70
Trd, 4318248.493, 87
Trd, 4318248.793, 69
Trd, 4318249.643, 93
Trd, 4318250.093, 92
Trd, 4318252.043, 135
Trd, 4318252.093, 134
Trd, 4318252.143, 92
Trd, 4318252.393, 76
Trd, 4318253.043, 134
Trd, 4318255.693, 108
Trd, 4318255.743, 95
Trd, 4318256.293, 87
Trd, 4318256.793, 80
Trd, 4318257.493, 130
Trd, 4318257.893, 119
Trd, 4318258.943, 125
Trd, 4318259.043, 124
Trd, 4318261.293, 121
Trd, 4318261.693, 131
Trd, 4318261.993, 101
Trd, 4318262.343, 113
Trd, 4318262.743, 78
Trd, 4318263.643, 69
Trd, 4318264.893, 102
Trd, 4318265.493, 108
Trd, 4318265.693, 100
Trd, 4318266.593, 130
Trd, 4318267.143, 65
Trd, 4318268.643, 128
Trd, 4318269.193, 86
Trd, 4318270.043, 69
Trd, 4318271.143, 125
Trd, 4318271.243, 110
Trd, 4318271.793, 111
Trd, 4318272.043, 98
Trd, 4318272.493, 61
Trd, 4318274.243, 139
Trd, 4318275.443, 82
Trd, 4318275.743, 86
Trd, 4318276.293, 100
Trd, 4318276.893, 94
Trd, 4318276.993, 93
Trd, 4318277.493, 89
Trd, 4318278.243, 85
Trd, 4318278.343, 113
Trd, 4318278.593, 110
Trd, 4318279.443, 119
Trd, 4318280.243, 128
Trd, 4318281.293, 120
Trd, 4318281.593, 119
Trd, 4318282.593, 108
Trd, 4318284.343, 132
Trd, 4318284.443, 130
Trd, 4318285.493, 133
Trd, 4318286.543, 102
Trd, 4318288.393, 121
Trd, 4318288.743, 106
Trd, 4318288.843, 94
Trd, 4318288.943, 88
Trd, 4318291.193, 103
Trd, 4318291.743, 125
Trd, 4318292.343, 91
Trd, 4318293.143, 89
Trd, 4318293.243, 85
Trd, 4318294.393, 66
Trd, 4318294.643, 67
Trd, 4318295.843, 125
Trd, 4318296.743, 79
Trd, 4318297.343, 92
Trd, 4318299.043, 106
Trd, 4318299.793, 62
Trd, 4318299.893, 101
Trd, 4318300.593, 72
Trd, 4318300.843, 60
Trd, 4318301.043, 82
Trd, 4318302.343, 79
Trd, 4318302.493, 74
Trd, 4318303.493, 99
Trd, 4318303.643, 107
Trd, 4318304.393, 116
Trd, 4318305.043, 101
Trd, 4318306.893, 83
Trd, 4318308.743, 123
Trd, 4318309.193, 112
Trd, 4318309.643, 81
Trd, 4318309.793, 118
Trd, 4318310.143, 92
Trd, 4318311.943, 65
Trd, 4318312.043, 76
Trd, 4318314.093, 65
Trd, 4318314.543, 88
Trd, 4318315.493, 60
Trd, 4318315.743, 61
Trd, 4318316.393, 110
Trd, 4318316.793, 128
Trd, 4318317.593, 66
Trd, 4318318.193, 126
Trd, 4318318.843, 118
Trd, 4318319.293, 112
Trd, 4318320.093, 137
Trd, 4318320.243, 115
Trd, 4318321.293, 93
Trd, 4318322.043, 89
Trd, 4318322.993, 128
Trd, 4318323.243, 111
Trd, 4318323.693, 103
Trd, 4318324.593, 88
Trd, 4318325.143, 100
Trd, 4318325.743, 66
Trd, 4318326.143, 89
Trd, 4318326.393, 128
Trd, 4318327.543, 74
Trd, 4318327.843, 113
Trd, 4318329.093, 100
Trd, 4318329.343, 98
Trd, 4318332.793, 140
Trd, 4318332.943, 140
Trd, 4318334.343, 136
Trd, 4318334.493, 115
Trd, 4318335.243, 117
Trd, 4318335.593, 117
Trd, 4318335.943, 131
Trd, 4318336.193, 113
Trd, 4318337.843, 113
Trd, 4318339.243, 137
Trd, 4318340.193, 123
Trd, 4318341.893, 95
Trd, 4318343.393, 86
Trd, 4318344.193, 112
Trd, 4318345.193, 122
Trd, 4318346.143, 108
Trd, 4318346.193, 102
Trd, 4318346.843, 74
Trd, 4318346.893, 74
Trd, 4318347.193, 83
Trd, 4318347.743, 92
Trd, 4318348.643, 110
Trd, 4318348.743, 67
Trd, 4318349.693, 104
Trd, 4318350.443, 100
Trd, 4318350.943, 95
Trd, 4318351.743, 60
Trd, 4318352.843, 87
Trd, 4318353.043, 97
Trd, 4318353.543, 85
Trd, 4318353.693, 84
Trd, 4318353.893, 99
Trd, 4318355.193, 114
Trd, 4318355.543, 96
Trd, 4318356.493, 71
Trd, 4318357.443, 86
Trd, 4318357.793, 64
Trd, 4318358.393, 66
Trd, 4318358.993, 89
Trd, 4318360.193, 73
Trd, 4318360.443, 78
Trd, 4318361.443, 76
Trd, 4318361.893, 72
Trd, 4318362.493, 65
Trd, 4318362.593, 71
Trd, 4318363.993, 97
Trd, 4318364.793, 138
Trd, 4318365.643, 117
Trd, 4318366.193, 129
Trd, 4318367.293, 97
Trd, 4318368.743, 90
Trd, 4318368.843, 76
Trd, 4318368.893, 71
Trd, 4318369.193, 107
Trd, 4318371.243, 65
Trd, 4318372.243, 125
Trd, 4318372.643, 76
Trd, 4318372.793, 95
Trd, 4318372.943, 89
Trd, 4318373.943, 94
Trd, 4318373.993, 93
Trd, 4318376.193, 139
Trd, 4318376.793, 108
Trd, 4318377.443, 106
Trd, 4318378.043, 78
Trd, 4318379.143, 88
Trd, 4318379.443, 132
Trd, 4318379.743, 83
Trd, 4318380.493, 60
Trd, 4318381.193, 101
Trd, 4318381.443, 70
Trd, 4318382.343, 115
Trd, 4318383.493, 105
Trd, 4318385.093, 110
Trd, 4318385.193, 109
Trd, 4318385.443, 90
Trd, 4318386.443, 114
Trd, 4318387.493, 107
Trd, 4318387.543, 97
Trd, 4318388.743, 108
Trd, 4318388.993, 128
Trd, 4318389.543, 137
Trd, 4318389.993, 97
Trd, 4318390.343, 106
Trd, 4318390.993, 99
Trd, 4318391.643, 135
Trd, 4318393.493, 127
Trd, 4318393.993, 117
Trd, 4318395.993, 131
Trd, 4318396.843, 132
Trd, 4318397.743, 93
Trd, 4318398.043, 119
Trd, 4318398.143, 112
Trd, 4318398.343, 109
Trd, 4318398.793, 89
Trd, 4318400.443, 121
Trd, 4318401.093, 127
Trd, 4318401.243, 108
Trd, 4318402.043, 103
Trd, 4318403.443, 95
Trd, 4318403.943, 70
Trd, 4318404.393, 88
Trd, 4318404.493, 75
Trd, 4318404.793, 73
Trd, 4318406.843, 71
Trd, 4318407.393, 112
Trd, 4318407.793, 89
Trd, 4318407.893, 126
Trd, 4318408.243, 67
Trd, 4318408.793, 114
Trd, 4318409.493, 104
Trd, 4318410.743, 109
Trd, 4318412.143, 61
Trd, 4318412.193, 62
Trd, 4318413.293, 87
Trd, 4318413.743, 68
Trd, 4318415.343, 97
Trd, 4318416.193, 83
Trd, 4318416.443, 85
Trd, 4318417.293, 71
Trd, 4318418.443, 77
Trd, 4318418.893, 124
Trd, 4318419.643, 109
Trd, 4318420.043, 73
Trd, 4318420.893, 92
Trd, 4318420.993, 77
Trd, 4318422.293, 62
Trd, 4318422.593, 76
Trd, 4318423.143, 74
Trd, 4318423.693, 79
Trd, 4318424.643, 61
Trd, 4318424.843, 68
Trd, 4318424.993, 81
Trd, 4318426.893, 98
Trd, 4318427.143, 114
Trd, 4318427.643, 121
Trd, 4318428.643, 98
Trd, 4318429.243, 60
Trd, 4318429.393, 96
Trd, 4318431.243, 122
Trd, 4318433.343, 130
Trd, 4318433.393, 129
Trd, 4318433.943, 110
Trd, 4318434.743, 123
Trd, 4318435.093, 91
Trd, 4318435.243, 123
Trd, 4318436.193, 98
Trd, 4318436.793, 106
Trd, 4318437.393, 105
Trd, 4318438.143, 104
Trd, 4318438.743, 113
Trd, 4318441.243, 113
Trd, 4318441.493, 88
Trd, 4318441.843, 65
Trd, 4318443.493, 119
Trd, 4318444.193, 118
Trd, 4318444.343, 102
Trd, 4318444.543, 127
Trd, 4318445.143, 82
Trd, 4318446.393, 68
Trd, 4318447.193, 91
Trd, 4318448.143, 67
Trd, 4318448.593, 121
Trd, 4318448.943, 132
Trd, 4318449.393, 83
Trd, 4318449.793, 119
Trd, 4318450.293, 104
Trd, 4318450.843, 106
Trd, 4318451.343, 82
Trd, 4318453.143, 127
Trd, 4318453.843, 111
Trd, 4318454.443, 120
Trd, 4318454.543, 97
Trd, 4318454.593, 97
Trd, 4318454.693, 95
Trd, 4318455.193, 127
Trd, 4318455.393, 103
Trd, 4318455.893, 124
Trd, 4318455.943, 113
Trd, 4318459.093, 74
Trd, 4318459.293, 83
Trd, 4318459.793, 69
Trd, 4318460.693, 63
Trd, 4318460.893, 73
Trd, 4318462.393, 88
Trd, 4318462.843, 72
Trd, 4318463.093, 68
Trd, 4318463.593, 112
Trd, 4318465.043, 138
Trd, 4318465.443, 133
Trd, 4318467.493, 114
Trd, 4318467.543, 112
Trd, 4318468.243, 134
Trd, 4318468.493, 119
Trd, 4318468.993, 98
Trd, 4318469.143, 81
Trd, 4318470.193, 124
Trd, 4318471.093, 118
Trd, 4318471.643, 110
Trd, 4318473.443, 93
Trd, 4318473.543, 73
Trd, 4318473.793, 89
Trd, 4318474.293, 62
Trd, 4318474.593, 103
Trd, 4318476.743, 103
Trd, 4318476.993, 89
Trd, 4318477.043, 67
Trd, 4318477.993, 68
Trd, 4318478.143, 97
Trd, 4318478.293, 74
Trd, 4318479.543, 73
Trd, 4318480.893, 119
Trd, 4318482.443, 107
Trd, 4318484.193, 98
Trd, 4318484.243, 93
Trd, 4318484.343, 81
Trd, 4318484.743, 117
Trd, 4318485.893, 73
Trd, 4318486.643, 92
Trd, 4318488.243, 91
Trd, 4318488.693, 120
Trd, 4318489.643, 135
Trd, 4318489.943, 128
Trd, 4318489.993, 75
Trd, 4318490.343, 124
Trd, 4318491.343, 76
Trd, 4318492.343, 112
Trd, 4318493.543, 116
Trd, 4318493.843, 106
Trd, 4318494.193, 77
Trd, 4318495.443, 120
Trd, 4318495.793, 129
Trd, 4318496.143, 104
Trd, 4318496.993, 66
Trd, 4318497.943, 81
Trd, 4318499.143, 120
Trd, 4318499.293, 69
Trd, 4318500.793, 60
Trd, 4318501.393, 63
Trd, 4318502.293, 95
Trd, 4318502.943, 98
Trd, 4318503.693, 86
Trd, 4318504.443, 99
Trd, 4318504.543, 94
Trd, 4318505.593, 76
Trd, 4318506.893, 88
Trd, 4318507.743, 115
Trd, 4318508.443, 121
Trd, 4318509.593, 110
Trd, 4318510.793, 123
Trd, 4318511.393, 84
Trd, 4318511.543, 80
Trd, 4318512.043, 100
Trd, 4318512.493, 65
Trd, 4318513.693, 86
Trd, 4318515.443, 131
Trd, 4318516.493, 91
Trd, 4318516.643, 85
Trd, 4318517.543, 106
Trd, 4318517.793, 114
Trd, 4318518.593, 86
Trd, 4318519.093, 93
Trd, 4318520.443, 109
Trd, 4318520.643, 90
Trd, 4318521.693, 111
Trd, 4318522.193, 119
Trd, 4318524.943, 107
Trd, 4318525.943, 92
Trd, 4318526.143, 81
Trd, 4318526.243, 71
Trd, 4318526.443, 62
Trd, 4318526.743, 124
Trd, 4318527.093, 80
Trd, 4318528.693, 71
Trd, 4318529.643, 80
Trd, 4318529.793, 84
Trd, 4318530.643, 107
Trd, 4318530.743, 90
Trd, 4318531.343, 98
Trd, 4318531.693, 104
Trd, 4318533.693, 83
Trd, 4318533.893, 84
Trd, 4318535.893, 136
Trd, 4318536.043, 112
Trd, 4318536.493, 99
Trd, 4318537.143, 98
Trd, 4318537.893, 66
Trd, 4318539.243, 114
Trd, 4318541.143, 115
Trd, 4318541.193, 112
Trd, 4318541.343, 101
Trd, 4318541.893, 114
Trd, 4318542.093, 100
Trd, 4318542.143, 86
Trd, 4318543.543, 85
Trd, 4318544.093, 111
Trd, 4318544.343, 103
Trd, 4318544.643, 87
Trd, 4318545.993, 66
Trd, 4318546.393, 73
Trd, 4318547.293, 115
Trd, 4318547.543, 100
Trd, 4318547.743, 108
Trd, 4318548.893, 100
Trd, 4318550.293, 118
Trd, 4318550.543, 115
Trd, 4318551.193, 111
Trd, 4318551.793, 91
Trd, 4318552.543, 75
Trd, 4318552.643, 69
Trd, 4318552.993, 66
Trd, 4318554.493, 111
Trd, 4318554.593, 67
Trd, 4318554.993, 127
Trd, 4318555.443, 115
Trd, 4318556.943, 66
Trd, 4318557.393, 73
Trd, 4318558.393, 91
Trd, 4318558.693, 87
Trd, 4318558.893, 81
Trd, 4318559.343, 75
Trd, 4318560.193, 86
Trd, 4318561.443, 120
Trd, 4318561.793, 120
Trd, 4318562.343, 81
Trd, 4318562.643, 90
Trd, 4318563.893, 111
Trd, 4318564.693, 64
Trd, 4318564.843, 74
Trd, 4318565.043, 60
Trd, 4318565.893, 71
Trd, 4318567.393, 121
Trd, 4318567.543, 83
Trd, 4318568.293, 110
Trd, 4318568.443, 64
Trd, 4318569.793, 67
Trd, 4318570.243, 70
Trd, 4318571.793, 129
Trd, 4318571.943, 92
Trd, 4318572.543, 91
Trd, 4318573.243, 61
Trd, 4318573.643, 98
Trd, 4318575.393, 135
Trd, 4318575.493, 101
Trd, 4318575.793, 91
Trd, 4318575.843, 82
Trd, 4318576.043, 70
Trd, 4318577.843, 62
Trd, 4318578.443, 72
Trd, 4318579.093, 82
Trd, 4318579.693, 74
Trd, 4318580.043, 71
Trd, 4318581.043, 103
Trd, 4318581.093, 98
Trd, 4318581.643, 60
Trd, 4318582.743, 81
Trd, 4318583.143, 113
Trd, 4318583.443, 139
Trd, 4318584.643, 65
Trd, 4318585.393, 62
Trd, 4318585.593, 83
Trd, 4318585.743, 78
Trd, 4318586.143, 65
Trd, 4318587.793, 79
Trd, 4318588.543, 110
Trd, 4318589.143, 76
Trd, 4318589.693, 121
Trd, 4318590.393, 90
Trd, 4318590.843, 121
Trd, 4318592.743, 129
Trd, 4318593.293, 127
Trd, 4318594.343, 128
Trd, 4318594.843, 85
Trd, 4318596.293, 74
Trd, 4318596.693, 132
Trd, 4318596.843, 102
Trd, 4318597.143, 83
Trd, 4318597.543, 81
Trd, 4318599.043, 125
Trd, 4318600.293, 65
Trd, 4318600.393, 100
Trd, 4318601.443, 105
Trd, 4318602.193, 93
Trd, 4318602.943, 85
Trd, 4318603.893, 92
Trd, 4318604.193, 84
Trd, 4318605.443, 121
Trd, 4318607.043, 121
Trd, 4318608.543, 136
Trd, 4318608.993, 124
Trd, 4318609.093, 114
Trd, 4318609.493, 109
Trd, 4318609.543, 92
Trd, 4318609.993, 84
Trd, 4318611.043, 83
Trd, 4318611.393, 120
Trd, 4318611.543, 112
Trd, 4318612.143, 74
Trd, 4318613.293, 97
Trd, 4318613.643, 92
Trd, 4318614.543, 75
Trd, 4318615.843, 105
Trd, 4318616.643, 86
Trd, 4318616.993, 81
Trd, 4318617.593, 113
Trd, 4318618.893, 97
Trd, 4318619.243, 122
Trd, 4318619.493, 119
Trd, 4318620.843, 89
Trd, 4318621.443, 81
Trd, 4318623.343, 124
Trd, 4318623.743, 121
Trd, 4318624.343, 115
Trd, 4318624.393, 114
Trd, 4318624.843, 109
Trd, 4318625.343, 135
Trd, 4318626.643, 121
Trd, 4318626.843, 124
Trd, 4318626.943, 120
Trd, 4318628.143, 82
Trd, 4318628.693, 99
Trd, 4318630.293, 134
Trd, 4318630.443, 98
Trd, 4318630.843, 115
Trd, 4318631.643, 117
Trd, 4318632.093, 102
Trd, 4318634.443, 109
Trd, 4318634.593, 96
Trd, 4318635.593, 129
Trd, 4318636.043, 95
Trd, 4318637.343, 102
Trd, 4318637.893, 81
Trd, 4318638.093, 72
Trd, 4318638.443, 111
Trd, 4318639.893, 86
Trd, 4318640.243, 108
Trd, 4318640.893, 124
Trd, 4318641.693, 127
Trd, 4318642.693, 108
Trd, 4318643.943, 111
Trd, 4318644.893, 120
Trd, 4318645.593, 134
Trd, 4318646.693, 89
Trd, 4318647.393, 112
Trd, 4318647.643, 81
Trd, 4318649.993, 140
Trd, 4318650.593, 89
Trd, 4318650.693, 88
Trd, 4318651.643, 110
Trd, 4318652.643, 134
Trd, 4318653.743, 122
Trd, 4318654.193, 100
Trd, 4318654.443, 107
Trd, 4318655.693, 104
Trd, 4318655.793, 98
Trd, 4318655.943, 83
Trd, 4318658.243, 125
Trd, 4318659.243, 96
Trd, 4318659.343, 96
Trd, 4318660.343, 103
Trd, 4318660.693, 65
Trd, 4318661.093, 76
Trd, 4318661.843, 89
Trd, 4318662.243, 74
Trd, 4318663.443, 93
Trd, 4318663.543, 95
Trd, 4318663.993, 91
Trd, 4318664.793, 121
Trd, 4318664.843, 90
Trd, 4318665.993, 85
Trd, 4318666.743, 75
Trd, 4318667.043, 72
Trd, 4318667.693, 68
Trd, 4318668.243, 102
Trd, 4318668.743, 90
Trd, 4318669.693, 125
Trd, 4318671.443, 93
Trd, 4318671.843, 97
Trd, 4318672.843, 118
Trd, 4318674.193, 102
Trd, 4318675.143, 103
Trd, 4318675.343, 102
Trd, 4318675.693, 82
Trd, 4318676.993, 98
Trd, 4318677.593, 74
Trd, 4318677.643, 73
Trd, 4318677.943, 73
Trd, 4318678.393, 64
Trd, 4318680.043, 115
Trd, 4318681.793, 94
Trd, 4318682.843, 117
Trd, 4318683.893, 88
Trd, 4318684.393, 83
Trd, 4318684.593, 118
Trd, 4318685.943, 100
Trd, 4318686.143, 111
Trd, 4318686.793, 75
Trd, 4318688.043, 100
Trd, 4318688.443, 110
Trd, 4318689.293, 106
Trd, 4318691.243, 139
Trd, 4318691.293, 135
Trd, 4318691.693, 133
Trd, 4318692.793, 108
Trd, 4318693.343, 86
Trd, 4318694.193, 117
Trd, 4318694.243, 116
Trd, 4318694.443, 105
Trd, 4318694.493, 78
Trd, 4318694.793, 95
Trd, 4318696.093, 90
Trd, 4318696.843, 81
Trd, 4318697.643, 115
Trd, 4318698.693, 80
Trd, 4318700.643, 139
Trd, 4318700.893, 87
Trd, 4318701.043, 104
Trd, 4318701.143, 79
Trd, 4318701.343, 119
Trd, 4318703.443, 65
Trd, 4318703.643, 86
Trd, 4318705.243, 116
Trd, 4318706.543, 114
Trd, 4318706.643, 100
Trd, 4318707.143, 67
Trd, 4318708.193, 65
Trd, 4318708.693, 127
Trd, 4318709.693, 127
Trd, 4318709.943, 104
Trd, 4318710.543, 122
Trd, 4318712.243, 61
Trd, 4318712.543, 75
Trd, 4318712.943, 112
Trd, 4318712.993, 82
Trd, 4318713.943, 108
Trd, 4318714.343, 124
Trd, 4318715.693, 75
Trd, 4318717.393, 133
Trd, 4318718.343, 107
Trd, 4318718.793, 69
Trd, 4318719.193, 131
Trd, 4318720.493, 118
Trd, 4318721.143, 103
Trd, 4318721.293, 94
Trd, 4318721.393, 95
Trd, 4318722.343, 118
Trd, 4318723.343, 64
Trd, 4318723.893, 91
Trd, 4318724.443, 96
Trd, 4318724.893, 84
Trd, 4318726.143, 122
Trd, 4318727.393, 127
Trd, 4318728.293, 120
Trd, 4318729.143, 130
Trd, 4318729.193, 116
Trd, 4318730.093, 117
Trd, 4318730.443, 115
Trd, 4318730.693, 96
Trd, 4318731.793, 123
Trd, 4318732.393, 98
Trd, 4318732.493, 79
Trd, 4318732.593, 77
Trd, 4318734.443, 123
Trd, 4318735.193, 118
Trd, 4318735.293, 95
Trd, 4318735.643, 94
Trd, 4318736.593, 87
Trd, 4318737.243, 82
Trd, 4318737.993, 97
Trd, 4318738.093, 65
Trd, 4318738.843, 114
Trd, 4318740.093, 115
Trd, 4318740.193, 108
Trd, 4318740.743, 64
Trd, 4318741.593, 71
Trd, 4318743.243, 100
Trd, 4318743.343, 108
Trd, 4318744.193, 64
Trd, 4318744.743, 87
Trd, 4318746.543, 116
Trd, 4318746.793, 105
Trd, 4318746.843, 89
Trd, 4318747.643, 83
Trd, 4318749.043, 139
Trd, 4318749.443, 125
Trd, 4318750.143, 64
Trd, 4318750.793, 69
Trd, 4318752.093, 67
Trd, 4318752.243, 73
Trd, 4318753.493, 69
Trd, 4318754.593, 73
Trd, 4318754.643, 74
Trd, 4318755.693, 93
Trd, 4318756.443, 93
Trd, 4318756.493, 85
Trd, 4318757.693, 92
Trd, 4318758.543, 113
Trd, 4318760.143, 130
Trd, 4318760.343, 109
Trd, 4318760.643, 109
Trd, 4318761.293, 101
Trd, 4318762.893, 114
Trd, 4318763.343, 101
Trd, 4318764.043, 73
Trd, 4318764.143, 64
Trd, 4318764.793, 129
Trd, 4318765.193, 104
Trd, 4318765.843, 60
Trd, 4318766.993, 107
Trd, 4318768.243, 134
Trd, 4318768.943, 135
Trd, 4318769.293, 93
Trd, 4318769.393, 84
Trd, 4318769.943, 113
Trd, 4318770.943, 124
Trd, 4318771.693, 120
Trd, 4318772.243, 119
Trd, 4318772.543, 100
Trd, 4318772.943, 95
Trd, 4318773.043, 93
Trd, 4318775.743, 87
Trd, 4318776.093, 113
Trd, 4318776.543, 136
Trd, 4318777.093, 135
Trd, 4318777.243, 107
Trd, 4318779.093, 132
Trd, 4318779.543, 139
Trd, 4318779.893, 128
Trd, 4318780.443, 109
Trd, 4318780.993, 117
Trd, 4318781.543, 109
Trd, 4318782.393, 72
Trd, 4318782.893, 69
Trd, 4318784.043, 75
Trd, 4318784.893, 65
Trd, 4318785.593, 65
Trd, 4318785.693, 122
Trd, 4318786.793, 92
Trd, 4318787.443, 80
Trd, 4318789.293, 128
Trd, 4318789.393, 122
Trd, 4318789.443, 122
Trd, 4318790.543, 111
Trd, 4318791.043, 117
Trd, 4318791.393, 134
Trd, 4318791.893, 121
Trd, 4318792.843, 136
Trd, 4318793.093, 130
Trd, 4318793.893, 104
Trd, 4318794.843, 101
Trd, 4318795.043, 94
Trd, 4318795.843, 106
Trd, 4318795.893, 71
Trd, 4318796.343, 118
Trd, 4318796.993, 114
Trd, 4318797.743, 99
Trd, 4318798.293, 120
Trd, 4318798.543, 64
Trd, 4318799.443, 87
Trd, 4318800.093, 90
Trd, 4318800.643, 70
Trd, 4318800.943, 83
Trd, 4318801.393, 64
Trd, 4318803.093, 98
Trd, 4318803.793, 61
Trd, 4318804.343, 63
Trd, 4318805.843, 86
Trd, 4318806.893, 68
Trd, 4318807.343, 100
Trd, 4318808.143, 83
Trd, 4318808.493, 102
Trd, 4318808.693, 82
Trd, 4318810.843, 130
Trd, 4318811.493, 124
Trd, 4318811.643, 112
Trd, 4318812.393, 132
Trd, 4318813.043, 129
Trd, 4318814.693, 89
Trd, 4318815.643, 102
Trd, 4318816.093, 99
Trd, 4318816.143, 97
Trd, 4318816.343, 83
Trd, 4318816.743, 63
Trd, 4318817.793, 65
Trd, 4318818.893, 94
Trd, 4318819.443, 74
Trd, 4318820.993, 65
Trd, 4318821.643, 99
Trd, 4318821.943, 78
Trd, 4318822.343, 64
Trd, 4318823.843, 60
Trd, 4318824.343, 102
Trd, 4318826.443, 72
Trd, 4318827.343, 86
Trd, 4318827.693, 74
Trd, 4318827.793, 89
Trd, 4318828.693, 71
Trd, 4318829.493, 87
Trd, 4318830.393, 73
Trd, 4318830.693, 77
Trd, 4318830.743, 79
Trd, 4318831.093, 76
Trd, 4318832.043, 133
Trd, 4318832.193, 81
Trd, 4318833.893, 107
Trd, 4318835.793, 82
Trd, 4318836.793, 108
Trd, 4318836.893, 75
Trd, 4318837.093, 107
Trd, 4318837.993, 69
Trd, 4318838.293, 72
Trd, 4318839.243, 114
Trd, 4318840.943, 135
Trd, 4318841.393, 82
Trd, 4318842.193, 116
Trd, 4318842.543, 116
Trd, 4318842.943, 121
Trd, 4318843.343, 107
Trd, 4318844.443, 133
Trd, 4318845.093, 80
Trd, 4318845.293, 82
Trd, 4318845.343, 104
Trd, 4318846.193, 97
Trd, 4318846.693, 85
Trd, 4318847.043, 74
Trd, 4318847.543, 115
Trd, 4318847.743, 72
Trd, 4318849.693, 90
Trd, 4318849.943, 131
Trd, 4318851.043, 64
Trd, 4318851.443, 82
Trd, 4318851.593, 110
Trd, 4318852.643, 89
Trd, 4318853.193, 98
Trd, 4318853.443, 83
Trd, 4318853.643, 117
Trd, 4318854.693, 62
Trd, 4318855.993, 93
Trd, 4318856.593, 71
Trd, 4318856.843, 75
Trd, 4318857.243, 95
Trd, 4318857.943, 139
Trd, 4318858.393, 69
Trd, 4318860.043, 76
Trd, 4318860.393, 121
Trd, 4318862.543, 60
Trd, 4318862.993, 60
Trd, 4318863.843, 64
Trd, 4318863.993, 95
Trd, 4318864.043, 94
Trd, 4318864.243, 120
Trd, 4318865.993, 65
Trd, 4318866.143, 64
Trd, 4318866.693, 62
Trd, 4318867.493, 138
Trd, 4318867.843, 113
Trd, 4318869.443, 101
Trd, 4318869.593, 105
Trd, 4318870.443, 130
Trd, 4318871.043, 129
Trd, 4318872.593, 106
Trd, 4318873.043, 109
Trd, 4318873.593, 90
Trd, 4318873.993, 89
Trd, 4318874.143, 81
Trd, 4318875.393, 102
Trd, 4318876.343, 87
Trd, 4318876.493, 100
Trd, 4318877.243, 74
Trd, 4318878.443, 96
Trd, 4318878.493, 95
Trd, 4318878.893, 77
Trd, 4318880.243, 123
Trd, 4318880.693, 127
Trd, 4318881.643, 96
Trd, 4318882.093, 111
Trd, 4318882.593, 123
Trd, 4318883.443, 123
Trd, 4318883.943, 86
Trd, 4318885.143, 83
Trd, 4318885.393, 105
Trd, 4318886.043, 122
Trd, 4318886.243, 121
Trd, 4318886.443, 105
Trd, 4318886.993, 78
Trd, 4318887.393, 64
Trd, 4318887.693, 94
Trd, 4318887.893, 78
Trd, 4318889.393, 87
Trd, 4318890.443, 99
Trd, 4318890.643, 90
Trd, 4318890.993, 88
Trd, 4318891.143, 104
Trd, 4318892.243, 135
Trd, 4318894.393, 140
Trd, 4318895.343, 117
Trd, 4318895.393, 108
Trd, 4318896.193, 130
Trd, 4318896.243, 117
Trd, 4318896.643, 92
Trd, 4318896.943, 109
Trd, 4318897.443, 89
Trd, 4318898.243, 117
Trd, 4318899.443, 114
Trd, 4318900.493, 69
Trd, 4318900.593, 83
Trd, 4318901.893, 77
Trd, 4318902.293, 67
Trd, 4318902.543, 93
Trd, 4318902.643, 97
Trd, 4318903.993, 61
Trd, 4318905.843, 113
Trd, 4318906.193, 75
Trd, 4318906.343, 61
Trd, 4318907.443, 80
Trd, 4318908.893, 62
Trd, 4318909.043, 67
Trd, 4318909.093, 91
Trd, 4318909.693, 119
Trd, 4318910.393, 103
Trd, 4318911.443, 88
Trd, 4318911.643, 88
Trd, 4318912.943, 74
Trd, 4318913.743, 60
Trd, 4318913.993, 63
Trd, 4318914.093, 102
Trd, 4318914.893, 64
Trd, 4318915.143, 65
Trd, 4318916.293, 90
Trd, 4318916.543, 89
Trd, 4318916.943, 70
Trd, 4318917.593, 111
Trd, 4318918.093, 69
Trd, 4318919.243, 116
Trd, 4318919.593, 105
Trd, 4318920.093, 72
Trd, 4318920.343, 114
Trd, 4318921.043, 62
Trd, 4318921.993, 125
Trd, 4318922.593, 61
Trd, 4318923.193, 77
Trd, 4318923.543, 88
Trd, 4318923.693, 63
Trd, 4318924.593, 91
Trd, 4318925.593, 60
Trd, 4318926.343, 75
Trd, 4318927.743, 116
Trd, 4318928.243, 95
Trd, 4318928.393, 60
Trd, 4318929.093, 79
Trd, 4318929.843, 115
Trd, 4318930.643, 66
Trd, 4318930.743, 62
Trd, 4318931.243, 65
Trd, 4318931.543, 71
Trd, 4318932.193, 73
Trd, 4318933.093, 60
Trd, 4318933.493, 126
Trd, 4318933.693, 63
Trd, 4318934.293, 60
Trd, 4318934.693, 114
Trd, 4318935.093, 60
Trd, 4318935.143, 109
Trd, 4318936.393, 74
Trd, 4318937.193, 103
Trd, 4318937.793, 93
Trd, 4318938.393, 110
Trd, 4318938.493, 88
Trd, 4318938.993, 106
Trd, 4318939.843, 92
Trd, 4318939.893, 85
Trd, 4318940.093, 84
Trd, 4318941.393, 68
Trd, 4318943.143, 75
Trd, 4318943.193, 88
Trd, 4318944.593, 109
Trd, 4318944.893, 102
Trd, 4318945.443, 107
Trd, 4318946.693, 118
Trd, 4318947.143, 72
Trd, 4318947.893, 140
Trd, 4318948.393, 116
Trd, 4318949.743, 116
Trd, 4318950.493, 128
Trd, 4318950.643, 127
Trd, 4318951.193, 121
Trd, 4318952.143, 122
Trd, 4318953.493, 102
Trd, 4318954.243, 98
Trd, 4318954.793, 112
Trd, 4318955.243, 103
Trd, 4318956.543, 131
Trd, 4318956.943, 115
Trd, 4318956.993, 112
Trd, 4318957.993, 69
Trd, 4318959.293, 99
Trd, 4318960.093, 122
Trd, 4318960.993, 118
Trd, 4318961.693, 67
Trd, 4318962.793, 130
Trd, 4318962.893, 99
Trd, 4318963.193, 88
Trd, 4318964.093, 119
Trd, 4318964.793, 96
Trd, 4318965.793, 95
Trd, 4318965.893, 94
Trd, 4318967.693, 101
Trd, 4318968.293, 112
Trd, 4318968.743, 98
Trd, 4318969.443, 123
Trd, 4318969.593, 122
Trd, 4318970.343, 121
Trd, 4318970.693, 67
Trd, 4318971.393, 102
Trd, 4318972.943, 94
Trd, 4318972.993, 97
Trd, 4318975.193, 137
Trd, 4318975.393, 99
Trd, 4318975.493, 81
Trd, 4318976.193, 133
Trd, 4318976.443, 121
Trd, 4318977.493, 104
Trd, 4318978.243, 129
Trd, 4318978.593, 104
Trd, 4318979.443, 62
Trd, 4318981.143, 116
Trd, 4318981.843, 100
Trd, 4318983.043, 92
Trd, 4318983.093, 74
Trd, 4318984.043, 116
Trd, 4318984.743, 111
Trd, 4318986.143, 123
Trd, 4318987.293, 120
Trd, 4318987.943, 97
Trd, 4318988.143, 117
Trd, 4318989.043, 85
Trd, 4318989.293, 107
Trd, 4318989.743, 85
Trd, 4318990.793, 108
Trd, 4318991.043, 86
Trd, 4318992.193, 65
Trd, 4318994.243, 135
Trd, 4318994.593, 89
Trd, 4318995.293, 95
Trd, 4318995.743, 86
Trd, 4318996.043, 70
Trd, 4318996.543, 64
Trd, 4318997.643, 85
Trd, 4318997.793, 93
Trd, 4318997.943, 117
Trd, 4318998.893, 133
Trd, 4319000.343, 104
Trd, 4319000.893, 92
Trd, 4319001.093, 99
Trd, 4319002.343, 93
Trd, 4319002.843, 122
Trd, 4319002.943, 91
Trd, 4319002.993, 71
Trd, 4319004.793, 87
Trd, 4319005.193, 127
Trd, 4319005.443, 98
Trd, 4319005.793, 87
Trd, 4319006.143, 131
Trd, 4319007.043, 93
Trd, 4319007.743, 66
Trd, 4319008.443, 70
Trd, 4319009.543, 109
Trd, 4319010.743, 108
Trd, 4319011.093, 78
Trd, 4319011.593, 115
Trd, 4319011.843, 90
Trd, 4319012.693, 115
Trd, 4319013.743, 114
Trd, 4319014.993, 122
Trd, 4319015.293, 138
Trd, 4319015.643, 115
Trd, 4319015.843, 97
Trd, 4319017.743, 95
Trd, 4319018.343, 109
Trd, 4319018.493, 104
Trd, 4319018.943, 95
Trd, 4319019.543, 72
Trd, 4319020.193, 84
Trd, 4319021.943, 84
Trd, 4319022.743, 82
Trd, 4319022.893, 108
Trd, 4319024.343, 114
Trd, 4319024.893, 130
Trd, 4319025.193, 96
Trd, 4319026.293, 119
Trd, 4319027.343, 118
Trd, 4319027.443, 115
Trd, 4319028.343, 114
Trd, 4319030.193, 131
Trd, 4319030.893, 129
Trd, 4319031.743, 126
Trd, 4319031.793, 103
Trd, 4319032.193, 89
Trd, 4319033.793, 110
Trd, 4319034.943, 78
Trd, 4319035.443, 136
Trd, 4319036.143, 136
Trd, 4319036.293, 134
Trd, 4319036.993, 119
Trd, 4319037.193, 101
Trd, 4319038.643, 125
Trd, 4319039.043, 123
Trd, 4319039.093, 116
Trd, 4319039.843, 100
Trd, 4319040.143, 93
Trd, 4319041.043, 67
Trd, 4319042.043, 134
Trd, 4319043.543, 128
Trd, 4319043.743, 118
Trd, 4319043.943, 88
Trd, 4319044.943, 76
Trd, 4319045.693, 72
Trd, 4319046.843, 136
Trd, 4319048.243, 140
Trd, 4319049.293, 136
Trd, 4319049.493, 108
Trd, 4319051.293, 102
Trd, 4319051.343, 103
Trd, 4319052.243, 122
Trd, 4319052.743, 127
Trd, 4319053.093, 117
Trd, 4319053.343, 97
Trd, 4319054.243, 89
Trd, 4319054.993, 78
Trd, 4319055.643, 136
Trd, 4319056.143, 84
Trd, 4319056.593, 68
Trd, 4319056.993, 85
Trd, 4319057.143, 64
Trd, 4319057.993, 108
Trd, 4319058.193, 86
Trd, 4319058.893, 60
Trd, 4319059.593, 61
Trd, 4319060.393, 62
Trd, 4319060.493, 63
Trd, 4319061.243, 128
Trd, 4319062.093, 103
Trd, 4319062.593, 76
Trd, 4319062.643, 75
Trd, 4319064.193, 79
Trd, 4319064.743, 97
Trd, 4319064.993, 96
Trd, 4319065.293, 131
Trd, 4319065.343, 83
Trd, 4319067.693, 111
Trd, 4319068.443, 113
Trd, 4319069.193, 103
Trd, 4319069.993, 111
Trd, 4319071.093, 122
Trd, 4319071.193, 91
Trd, 4319072.643, 108
Trd, 4319072.893, 68
Trd, 4319073.793, 91
Trd, 4319074.143, 111
Trd, 4319074.793, 105
Trd, 4319075.793, 123
Trd, 4319076.493, 114
Trd, 4319077.093, 103
Trd, 4319078.443, 139
Trd, 4319078.643, 115
Trd, 4319079.193, 109
Trd, 4319080.043, 135
Trd, 4319080.093, 105
Trd, 4319081.943, 107
Trd, 4319083.093, 99
Trd, 4319083.193, 134
Trd, 4319083.543, 88
Trd, 4319084.043, 90
Trd, 4319085.043, 102
Trd, 4319085.893, 106
Trd, 4319086.193, 77
Trd, 4319086.243, 62
Trd, 4319087.043, 60
Trd, 4319087.843, 67
Trd, 4319089.043, 79
Trd, 4319090.843, 65
Trd, 4319091.093, 62
Trd, 4319092.443, 121
Trd, 4319093.043, 118
Trd, 4319093.543, 101
Trd, 4319093.843, 98
Trd, 4319093.943, 79
Trd, 4319095.293, 134
Trd, 4319096.343, 98
Trd, 4319096.843, 84
Trd, 4319097.943, 107
Trd, 4319098.443, 115
Trd, 4319098.793, 93
Trd, 4319099.093, 78
Trd, 4319100.943, 103
Trd, 4319101.793, 130
Trd, 4319102.293, 69
Trd, 4319102.343, 73
Trd, 4319103.443, 81
Trd, 4319104.043, 108
Trd, 4319105.143, 74
Trd, 4319105.393, 79
Trd, 4319106.343, 74
Trd, 4319107.093, 78
Trd, 4319107.243, 85
Trd, 4319109.143, 99
Trd, 4319109.243, 94
Trd, 4319110.243, 107
Trd, 4319110.393, 104
Trd, 4319111.443, 70
Trd, 4319112.443, 85
Trd, 4319112.493, 76
Trd, 4319112.693, 87
Trd, 4319112.793, 70
Trd, 4319113.793, 62
Trd, 4319116.293, 61
Trd, 4319116.343, 67
Trd, 4319116.993, 112
Trd, 4319117.593, 137
Trd, 4319118.593, 81
Trd, 4319119.343, 75
Trd, 4319119.943, 103
Trd, 4319120.193, 100
Trd, 4319121.193, 103
Trd, 4319123.793, 86
Trd, 4319123.993, 120
Trd, 4319124.543, 76
Trd, 4319125.343, 97
Trd, 4319126.193, 98
Trd, 4319126.443, 116
Trd, 4319127.293, 64
Trd, 4319129.643, 114
Trd, 4319129.843, 103
Trd, 4319130.393, 96
Trd, 4319130.593, 109
Trd, 4319132.193, 96
Trd, 4319132.243, 94
Trd, 4319132.743, 94
Trd, 4319133.343, 87
Trd, 4319133.993, 95
Trd, 4319134.093, 81
Trd, 4319135.393, 68
Trd, 4319135.743, 66
Trd, 4319137.493, 131
Trd, 4319137.743, 107
Trd, 4319137.943, 92
Trd, 4319138.293, 82
Trd, 4319139.743, 69
Trd, 4319139.793, 89
Trd, 4319140.593, 132
Trd, 4319140.693, 107
Trd, 4319141.793, 61
Trd, 4319142.343, 65
Trd, 4319142.993, 81
Trd, 4319144.893, 110
Trd, 4319145.843, 109
Trd, 4319146.293, 109
Trd, 4319146.943, 87
Trd, 4319147.593, 86
Trd, 4319148.743, 70
Trd, 4319149.343, 78
Trd, 4319150.543, 70
Trd, 4319151.493, 86
Trd, 4319152.293, 129
Trd, 4319153.143, 136
Trd, 4319153.393, 116
Trd, 4319154.793, 88
Trd, 4319154.843, 72
Trd, 4319155.693, 67
Trd, 4319156.243, 73
Trd, 4319157.493, 121
Trd, 4319158.043, 120
Trd, 4319158.593, 95
Trd, 4319159.443, 99
Trd, 4319159.593, 89
Trd, 4319161.243, 97
Trd, 4319163.393, 125
Trd, 4319163.843, 118
Trd, 4319164.193, 110
Trd, 4319164.243, 96
Trd, 4319164.943, 94
Trd, 4319165.343, 63
Trd, 4319168.043, 82
Trd, 4319168.243, 66
Trd, 4319169.593, 113
Trd, 4319169.893, 107
Trd, 4319170.743, 120
Trd, 4319171.043, 130
Trd, 4319171.293, 116
Trd, 4319171.993, 98
Trd, 4319172.343, 89
Trd, 4319172.443, 117
Trd, 4319173.193, 89
Trd, 4319175.193, 110
Trd, 4319175.393, 107
Trd, 4319176.743, 105
Trd, 4319177.143, 117
Trd, 4319178.293, 112
Trd, 4319178.693, 111
Trd, 4319179.343, 119
Trd, 4319179.593, 114
Trd, 4319179.643, 87
Trd, 4319180.193, 69
Trd, 4319180.543, 63
Trd, 4319181.093, 82
Trd, 4319181.343, 86
Trd, 4319181.893, 82
Trd, 4319182.543, 117
Trd, 4319182.643, 77
Trd, 4319183.293, 62
Trd, 4319184.943, 69
Trd, 4319185.643, 94
Trd, 4319187.393, 101
Trd, 4319187.643, 89
Trd, 4319187.843, 104
Trd, 4319188.443, 75
Trd, 4319189.393, 125
Trd, 4319189.743, 123
Trd, 4319190.493, 77
Trd, 4319190.593, 76
Trd, 4319191.693, 116
Trd, 4319192.593, 116
Trd, 4319193.593, 95
Trd, 4319193.993, 81
Trd, 4319194.093, 81
Trd, 4319194.193, 80
Trd, 4319195.543, 133
Trd, 4319197.193, 117
Trd, 4319198.043, 123
Trd, 4319198.243, 135
Trd, 4319199.293, 112
Trd, 4319199.443, 81
Trd, 4319200.993, 130
Trd, 4319201.643, 121
Trd, 4319201.793, 61
Trd, 4319202.393, 120
Trd, 4319203.043, 128
Trd, 4319203.243, 98
Trd, 4319204.443, 65
Trd, 4319204.643, 85
Trd, 4319205.143, 115
Trd, 4319205.793, 121
Trd, 4319206.243, 68
Trd, 4319208.493, 85
Trd, 4319209.293, 124
Trd, 4319209.343, 123
Trd, 4319209.893, 87
Trd, 4319210.643, 94
Trd, 4319210.843, 93
Trd, 4319211.043, 108
Trd, 4319211.993, 120
Trd, 4319212.993, 100
Trd, 4319213.343, 94
Trd, 4319213.393, 93
Trd, 4319214.043, 98
Trd, 4319214.693, 107
Trd, 4319214.993, 90
Trd, 4319215.343, 124
Trd, 4319215.843, 113
Trd, 4319216.243, 68
Trd, 4319217.443, 66
Trd, 4319218.643, 99
Trd, 4319219.093, 63
Trd, 4319219.243, 68
Trd, 4319219.693, 89
Trd, 4319219.993, 116
Trd, 4319221.793, 117
Trd, 4319222.293, 101
Trd, 4319222.693, 97
Trd, 4319223.593, 126
Trd, 4319223.893, 100
Trd, 4319223.993, 99
Trd, 4319224.743, 73
Trd, 4319224.843, 132
Trd, 4319225.643, 104
Trd, 4319226.143, 102
Trd, 4319228.493, 61
Trd, 4319229.493, 61
Trd, 4319230.143, 72
Trd, 4319230.193, 82
Trd, 4319230.493, 90
Trd, 4319230.543, 70
Trd, 4319232.143, 105
Trd, 4319233.343, 119
Trd, 4319233.493, 118
Trd, 4319234.143, 116
Trd, 4319234.443, 91
Trd, 4319236.193, 133
Trd, 4319237.143, 120
Trd, 4319238.343, 62
Trd, 4319238.593, 67
Trd, 4319238.943, 68
Trd, 4319239.193, 88
Trd, 4319241.293, 115
Trd, 4319241.393, 114
Trd, 4319241.793, 92
Trd, 4319242.343, 96
Trd, 4319243.893, 91
Trd, 4319244.193, 81
Trd, 4319244.743, 79
Trd, 4319245.193, 73
Trd, 4319246.343, 74
Trd, 4319247.293, 94
Trd, 4319247.993, 108
Trd, 4319248.043, 104
Trd, 4319248.793, 112
Trd, 4319249.093, 104
Trd, 4319250.093, 95
Trd, 4319251.643, 124
Trd, 4319252.593, 87
Trd, 4319253.193, 78
Trd, 4319254.093, 67
Trd, 4319254.443, 67
Trd, 4319255.143, 82
Trd, 4319255.843, 102
Trd, 4319255.943, 87
Trd, 4319256.193, 94
Trd, 4319256.493, 81
Trd, 4319256.943, 86
Trd, 4319258.043, 102
Trd, 4319259.843, 97
Trd, 4319260.043, 109
Trd, 4319260.293, 88
Trd, 4319260.893, 107
Trd, 4319261.543, 83
Trd, 4319262.193, 83
Trd, 4319262.393, 107
Trd, 4319263.143, 89
Trd, 4319263.193, 81
Trd, 4319264.943, 103
Trd, 4319265.743, 86
Trd, 4319266.593, 71
Trd, 4319267.243, 133
Trd, 4319268.543, 103
Trd, 4319269.393, 79
Trd, 4319269.543, 73
Trd, 4319270.743, 90
Trd, 4319271.793, 87
Trd, 4319272.093, 103
Trd, 4319272.693, 95
Trd, 4319273.143, 104
Trd, 4319274.093, 82
Trd, 4319274.193, 115
Trd, 4319275.093, 112
Trd, 4319275.293, 65
Trd, 4319276.143, 76
Trd, 4319276.543, 94
Trd, 4319277.093, 87
Trd, 4319277.943, 120
Trd, 4319280.093, 101
Trd, 4319280.243, 119
Trd, 4319280.543, 103
Trd, 4319280.843, 79
Trd, 4319281.293, 87
Trd, 4319282.443, 93
Trd, 4319283.043, 103
Trd, 4319283.193, 88
Trd, 4319284.093, 112
Trd, 4319285.393, 103
Trd, 4319285.793, 100
Trd, 4319285.843, 99
Trd, 4319285.993, 62
Trd, 4319287.843, 108
Trd, 4319288.943, 86
Trd, 4319289.643, 78
Trd, 4319290.193, 69
Trd, 4319290.393, 118
Trd, 4319291.293, 119
Trd, 4319292.043, 119
Trd, 4319293.493, 105
Trd, 4319294.343, 96
Trd, 4319294.643, 86
Trd, 4319294.943, 81
Trd, 4319295.993, 97
Trd, 4319297.893, 101
Trd, 4319299.343, 138
Trd, 4319300.243, 116
Trd, 4319300.393, 92
Trd, 4319300.493, 89
Trd, 4319301.243, 70
Trd, 4319301.393, 122
Trd, 4319302.343, 97
Trd, 4319302.943, 96
Trd, 4319303.093, 101
Trd, 4319303.443, 66
Trd, 4319304.193, 73
Trd, 4319305.243, 72
Trd, 4319305.343, 71
Trd, 4319305.793, 73
Trd, 4319307.143, 131
Trd, 4319307.393, 128
Trd, 4319308.543, 140
Trd, 4319309.193, 90
Trd, 4319309.693, 68
Trd, 4319310.793, 90
Trd, 4319311.643, 77
Trd, 4319313.293, 75
Trd, 4319313.693, 88
Trd, 4319313.993, 90
Trd, 4319314.193, 87
Trd, 4319315.093, 99
Trd, 4319315.143, 103
Trd, 4319315.893, 102
Trd, 4319316.793, 103
Trd, 4319316.893, 112
Trd, 4319318.043, 130
Trd, 4319318.343, 82
Trd, 4319318.593, 87
Trd, 4319319.093, 72
Trd, 4319320.193, 67
Trd, 4319321.893, 63
Trd, 4319322.293, 69
Trd, 4319322.343, 73
Trd, 4319322.543, 73
Trd, 4319323.693, 107
Trd, 4319323.993, 90
Trd, 4319325.043, 94
Trd, 4319325.393, 111
Trd, 4319326.143, 129
Trd, 4319326.443, 89
Trd, 4319326.543, 71
Trd, 4319327.643, 75
Trd, 4319328.593, 73
Trd, 4319329.643, 106
Trd, 4319330.293, 105
Trd, 4319330.543, 99
Trd, 4319332.493, 114
Trd, 4319333.743, 95
Trd, 4319334.193, 89
Trd, 4319334.743, 64
Trd, 4319334.793, 115
Trd, 4319335.443, 82
Trd, 4319336.993, 84
Trd, 4319337.343, 92
Trd, 4319337.493, 62
Trd, 4319338.593, 60
Trd, 4319338.743, 111
Trd, 4319339.643, 60
Trd, 4319339.843, 75
Trd, 4319340.993, 65
Trd, 4319342.943, 122
Trd, 4319343.443, 117
Trd, 4319344.343, 129
Trd, 4319344.643, 127
Trd, 4319344.793, 112
Trd, 4319344.993, 133
Trd, 4319345.493, 66
Trd, 4319346.743, 119
Trd, 4319347.743, 127
Trd, 4319349.543, 118
Trd, 4319350.393, 129
Trd, 4319351.043, 113
Trd, 4319351.943, 131
Trd, 4319352.643, 90
Trd, 4319352.993, 87
Trd, 4319353.593, 114
Trd, 4319354.393, 88
Trd, 4319354.643, 105
Trd, 4319355.643, 91
Trd, 4319356.593, 85
Trd, 4319357.693, 133
Trd, 4319358.343, 103
Trd, 4319358.493, 85
Trd, 4319360.693, 84
Trd, 4319361.193, 86
Trd, 4319361.843, 60
Trd, 4319363.443, 69
Trd, 4319363.643, 84
Trd, 4319364.043, 127
Trd, 4319364.243, 77
Trd, 4319364.693, 120
Trd, 4319365.343, 67
Trd, 4319366.093, 93
Trd, 4319366.393, 66
Trd, 4319366.793, 77
Trd, 4319367.943, 134
Trd, 4319368.593, 83
Trd, 4319370.143, 71
Trd, 4319370.493, 82
Trd, 4319371.443, 83
Trd, 4319371.793, 82
Trd, 4319371.993, 67
Trd, 4319373.193, 119
Trd, 4319374.443, 85
Trd, 4319375.343, 98
Trd, 4319376.743, 135
Trd, 4319377.093, 128
Trd, 4319377.693, 125
Trd, 4319378.243, 108
Trd, 4319380.193, 118
Trd, 4319380.343, 115
Trd, 4319380.443, 111
Trd, 4319381.393, 117
Trd, 4319381.443, 94
Trd, 4319381.543, 88
Trd, 4319382.293, 102
Trd, 4319382.693, 92
Trd, 4319384.743, 62
Trd, 4319385.293, 78
Trd, 4319385.893, 61
Trd, 4319386.243, 60
Trd, 4319387.093, 68
Trd, 4319387.443, 79
Trd, 4319388.743, 65
Trd, 4319389.493, 140
Trd, 4319390.793, 111
Trd, 4319391.543, 92
Trd, 4319392.693, 75
Trd, 4319392.943, 72
Trd, 4319393.493, 91
Trd, 4319393.643, 62
Trd, 4319394.343, 70
Trd, 4319395.793, 67
Trd, 4319395.893, 86
Trd, 4319397.343, 90
Trd, 4319398.393, 94
Trd, 4319398.493, 89
Trd, 4319398.743, 60
Trd, 4319399.393, 127
Trd, 4319400.693, 105
Trd, 4319401.543, 112
Trd, 4319402.143, 102
Trd, 4319403.093, 74
Trd, 4319403.393, 81
Trd, 4319404.343, 66
Trd, 4319404.943, 73
Trd, 4319405.293, 68
Trd, 4319407.043, 97
Trd, 4319407.993, 95
Trd, 4319408.443, 99
Trd, 4319408.843, 84
Trd, 4319409.793, 74
Trd, 4319409.893, 109
Trd, 4319410.293, 74
Trd, 4319411.743, 131
Trd, 4319412.843, 100
Trd, 4319412.893, 83
Trd, 4319413.143, 69
Trd, 4319413.193, 100
Trd, 4319414.893, 64
Trd, 4319415.843, 64
Trd, 4319416.743, 120
Trd, 4319417.443, 93
Trd, 4319418.493, 86
Trd, 4319418.693, 94
Trd, 4319418.893, 78
Trd, 4319419.243, 113
Trd, 4319420.043, 62
Trd, 4319420.543, 66
Trd, 4319421.943, 72
Trd, 4319422.043, 98
Trd, 4319423.293, 120
Trd, 4319423.643, 105
Trd, 4319423.893, 88
Trd, 4319424.643, 113
Trd, 4319425.043, 104
Trd, 4319425.593, 124
Trd, 4319425.743, 73
Trd, 4319426.593, 99
Trd, 4319426.793, 69
Trd, 4319428.493, 121
Trd, 4319428.643, 120
Trd, 4319430.343, 118
Trd, 4319430.843, 81
Trd, 4319430.893, 74
Trd, 4319431.093, 74
Trd, 4319431.493, 99
Trd, 4319431.593, 101
Trd, 4319434.643, 93
Trd, 4319434.693, 92
Trd, 4319434.793, 85
Trd, 4319435.193, 70
Trd, 4319435.543, 61
Trd, 4319437.193, 107
Trd, 4319437.643, 98
Trd, 4319438.093, 78
Trd, 4319438.293, 66
Trd, 4319440.243, 122
Trd, 4319440.543, 115
Trd, 4319441.443, 122
Trd, 4319441.693, 64
Trd, 4319442.243, 111
Trd, 4319442.643, 61
Trd, 4319443.543, 86
Trd, 4319444.493, 82
Trd, 4319445.543, 80
Trd, 4319446.893, 68
Trd, 4319446.943, 83
Trd, 4319447.543, 121
Trd, 4319447.793, 96
Trd, 4319448.493, 97
Trd, 4319449.743, 101
Trd, 4319450.543, 92
Trd, 4319450.843, 92
Trd, 4319451.493, 69
Trd, 4319452.593, 125
Trd, 4319453.393, 124
Trd, 4319453.643, 91
Trd, 4319453.993, 115
Trd, 4319455.493, 110
Trd, 4319456.393, 95
Trd, 4319456.593, 78
Trd, 4319456.693, 74
Trd, 4319457.793, 85
Trd, 4319457.843, 117
Trd, 4319459.693, 115
Trd, 4319460.693, 82
Trd, 4319460.743, 81
Trd, 4319461.243, 77
Trd, 4319461.643, 106
Trd, 4319462.543, 107
Trd, 4319463.143, 100
Trd, 4319463.743, 87
Trd, 4319464.593, 87
Trd, 4319465.393, 95
Trd, 4319465.693, 70
Trd, 4319466.393, 60
Trd, 4319466.593, 78
Trd, 4319466.693, 96
Trd, 4319468.543, 79
Trd, 4319469.343, 64
Trd, 4319469.643, 60
Trd, 4319470.143, 70
Trd, 4319471.293, 61
Trd, 4319471.993, 114
Trd, 4319472.493, 114
Trd, 4319473.643, 127
Trd, 4319473.943, 82
Trd, 4319475.143, 112
Trd, 4319475.593, 122
Trd, 4319476.593, 78
Trd, 4319476.793, 66
Trd, 4319476.893, 70
Trd, 4319477.993, 87
Trd, 4319478.043, 100
Trd, 4319479.243, 73
Trd, 4319480.243, 90
Trd, 4319482.993, 112
Trd, 4319483.043, 122
Trd, 4319483.293, 102
Trd, 4319483.493, 100
Trd, 4319483.643, 88
Trd, 4319485.193, 96
Trd, 4319485.693, 138
Trd, 4319485.743, 80
Trd, 4319487.843, 119
Trd, 4319487.993, 89
Trd, 4319488.693, 129
Trd, 4319490.293, 126
Trd, 4319490.493, 123
Trd, 4319490.893, 111
Trd, 4319491.293, 117
Trd, 4319492.193, 112
Trd, 4319492.593, 132
Trd, 4319492.643, 132
Trd, 4319493.793, 61
Trd, 4319495.293, 82
Trd, 4319496.593, 66
Trd, 4319497.043, 115
Trd, 4319497.693, 93
Trd, 4319498.993, 111
Trd, 4319499.693, 117
Trd, 4319500.693, 87
Trd, 4319501.093, 111
Trd, 4319502.243, 105
Trd, 4319502.643, 81
Trd, 4319503.143, 73
Trd, 4319503.293, 73
Trd, 4319503.743, 132
Trd, 4319505.093, 93
Trd, 4319505.793, 112
Trd, 4319506.093, 91
Trd, 4319506.193, 94
Trd, 4319506.943, 76
Trd, 4319509.043, 120
Trd, 4319509.293, 108
Trd, 4319509.893, 67
Trd, 4319509.943, 66
Trd, 4319511.443, 129
Trd, 4319512.343, 82
Trd, 4319513.643, 72
Trd, 4319514.193, 103
Trd, 4319514.693, 90
Trd, 4319515.393, 79
Trd, 4319516.593, 113
Trd, 4319516.793, 89
Trd, 4319516.893, 123
Trd, 4319518.093, 92
Trd, 4319518.143, 77
Trd, 4319519.093, 77
Trd, 4319519.193, 67
Trd, 4319520.793, 62
Trd, 4319522.593, 97
Trd, 4319522.643, 78
Trd, 4319522.893, 76
Trd, 4319523.043, 75
Trd, 4319524.143, 97
Trd, 4319524.293, 73
Trd, 4319524.493, 64
Trd, 4319526.893, 61
Trd, 4319527.893, 115
Trd, 4319528.093, 85
Trd, 4319528.993, 85
Trd, 4319529.143, 98
Trd, 4319529.243, 84
Trd, 4319530.043, 116
Trd, 4319530.293, 101
Trd, 4319530.443, 76
Trd, 4319532.043, 67
Trd, 4319532.743, 124
Trd, 4319533.193, 68
Trd, 4319534.093, 80
Trd, 4319535.393, 120
Trd, 4319536.193, 100
Trd, 4319538.243, 105
Trd, 4319539.543, 133
Trd, 4319539.593, 95
Trd, 4319540.243, 100
Trd, 4319541.093, 98
Trd, 4319541.643, 118
Trd, 4319542.043, 88
Trd, 4319542.243, 87
Trd, 4319542.993, 121
Trd, 4319544.093, 110
Trd, 4319544.443, 94
Trd, 4319544.643, 81
Trd, 4319545.543, 95
Trd, 4319546.593, 110
Trd, 4319547.643, 105
Trd, 4319548.493, 73
Trd, 4319548.543, 76
Trd, 4319549.393, 128
Trd, 4319549.543, 98
Trd, 4319551.293, 138
Trd, 4319551.443, 135
Trd, 4319551.693, 111
Trd, 4319552.243, 73
Trd, 4319552.993, 135
Trd, 4319553.093, 81
Trd, 4319554.093, 84
Trd, 4319555.543, 84
Trd, 4319555.843, 76
Trd, 4319557.593, 106
Trd, 4319557.893, 100
Trd, 4319558.643, 123
Trd, 4319559.043, 102
Trd, 4319559.293, 101
Trd, 4319559.943, 77
Trd, 4319560.793, 69
Trd, 4319561.893, 123
Trd, 4319561.993, 128
Trd, 4319562.943, 132
Trd, 4319563.093, 131
Trd, 4319563.793, 133
Trd, 4319564.143, 97
Trd, 4319564.343, 75
Trd, 4319564.893, 60
Trd, 4319566.093, 104
Trd, 4319566.743, 84
Trd, 4319567.143, 62
Trd, 4319569.193, 119
Trd, 4319569.543, 108
Trd, 4319569.593, 102
Trd, 4319569.993, 124
Trd, 4319570.743, 79
Trd, 4319571.143, 126
Trd, 4319572.543, 63
Trd, 4319573.043, 61
Trd, 4319573.793, 69
Trd, 4319573.993, 82
Trd, 4319574.043, 92
Trd, 4319574.943, 73
Trd, 4319576.493, 139
Trd, 4319577.343, 82
Trd, 4319577.893, 94
Trd, 4319577.943, 93
Trd, 4319578.143, 67
Trd, 4319579.143, 120
Trd, 4319579.943, 73
Trd, 4319580.993, 108
Trd, 4319581.293, 100
Trd, 4319582.143, 127
Trd, 4319582.543, 102
Trd, 4319582.743, 101
Trd, 4319583.443, 105
Trd, 4319584.643, 139
Trd, 4319584.793, 134
Trd, 4319585.293, 116
Trd, 4319585.643, 92
Trd, 4319586.993, 128
Trd, 4319587.243, 69
Trd, 4319587.643, 78
Trd, 4319587.993, 64
Trd, 4319589.343, 62
Trd, 4319589.493, 62
Trd, 4319591.743, 133
Trd, 4319592.693, 111
Trd, 4319592.993, 82
Trd, 4319593.443, 99
Trd, 4319593.493, 94
Trd, 4319595.243, 88
Trd, 4319595.293, 80
Trd, 4319595.693, 116
Trd, 4319597.143, 94
Trd, 4319597.993, 72
Trd, 4319598.093, 112
Trd, 4319599.593, 114
Trd, 4319601.793, 112
Trd, 4319602.343, 98
Trd, 4319602.393, 86
Trd, 4319602.743, 89
Trd, 4319602.893, 92
Trd, 4319604.443, 86
Trd, 4319604.543, 80
Trd, 4319605.993, 75
Trd, 4319606.493, 119
Trd, 4319607.943, 95
Trd, 4319608.343, 122
Trd, 4319608.893, 92
Trd, 4319609.643, 108
Trd, 4319609.893, 122
Trd, 4319610.543, 70
Trd, 4319611.243, 126
Trd, 4319611.943, 102
Trd, 4319613.493, 116
Trd, 4319614.293, 104
Trd, 4319614.643, 115
Trd, 4319614.993, 109
Trd, 4319615.393, 128
Trd, 4319616.193, 86
Trd, 4319616.643, 99
Trd, 4319617.693, 117
Trd, 4319617.793, 115
Trd, 4319617.843, 78
Trd, 4319618.793, 90
Trd, 4319619.343, 78
Trd, 4319619.993, 110
Trd, 4319620.543, 97
Trd, 4319621.743, 130
Trd, 4319622.743, 135
Trd, 4319622.993, 88
Trd, 4319623.893, 110
Trd, 4319626.143, 78
Trd, 4319626.643, 79
Trd, 4319627.243, 107
Trd, 4319627.693, 108
Trd, 4319628.143, 105
Trd, 4319628.643, 82
Trd, 4319628.943, 79
Trd, 4319629.393, 63
Trd, 4319629.593, 69
Trd, 4319630.043, 70
Trd, 4319630.193, 64
Trd, 4319631.343, 121
Trd, 4319632.893, 108
Trd, 4319633.693, 93
Trd, 4319633.743, 70
Trd, 4319633.843, 70
Trd, 4319634.643, 105
Trd, 4319634.793, 95
Trd, 4319635.193, 106
Trd, 4319637.443, 63
Trd, 4319638.143, 60
Trd, 4319638.493, 104
Trd, 4319638.843, 70
Trd, 4319640.643, 127
Trd, 4319641.043, 124
Trd, 4319642.193, 83
Trd, 4319642.793, 78
Trd, 4319643.843, 67
Trd, 4319645.393, 95
Trd, 4319646.043, 107
Trd, 4319646.143, 89
Trd, 4319647.293, 133
Trd, 4319647.743, 114
Trd, 4319648.093, 107
Trd, 4319648.193, 89
Trd, 4319648.793, 69
Trd, 4319649.593, 63
Trd, 4319649.893, 64
Trd, 4319650.443, 125
Trd, 4319651.643, 80
Trd, 4319652.093, 107
Trd, 4319652.293, 66
Trd, 4319654.143, 82
Trd, 4319654.493, 98
Trd, 4319655.343, 135
Trd, 4319656.293, 110
Trd, 4319657.943, 111
Trd, 4319659.143, 118
Trd, 4319659.193, 116
Trd, 4319659.293, 107
Trd, 4319659.543, 124
Trd, 4319660.793, 135
Trd, 4319661.193, 134
Trd, 4319662.343, 133
Trd, 4319662.843, 134
Trd, 4319663.093, 95
Trd, 4319663.243, 88
Trd, 4319663.293, 87
Trd, 4319663.893, 105
Trd, 4319664.243, 60
Trd, 4319666.193, 95
Trd, 4319667.443, 82
Trd, 4319667.743, 97
Trd, 4319668.193, 80
Trd, 4319668.693, 116
Trd, 4319668.743, 79
Trd, 4319669.843, 94
Trd, 4319670.443, 60
Trd, 4319670.793, 61
Trd, 4319671.293, 65
Trd, 4319672.793, 85
Trd, 4319673.393, 89
Trd, 4319674.593, 60
Trd, 4319674.793, 61
Trd, 4319675.243, 65
Trd, 4319676.343, 60
Trd, 4319676.693, 102
Trd, 4319677.043, 67
Trd, 4319677.993, 71
Trd, 4319678.343, 66
Trd, 4319678.693, 121
Trd, 4319679.693, 86
Trd, 4319680.793, 99
Trd, 4319682.393, 87
Trd, 4319683.493, 108
Trd, 4319683.843, 74
Trd, 4319684.043, 84
Trd, 4319684.293, 60
Trd, 4319684.543, 84
Trd, 4319685.493, 93
Trd, 4319685.793, 82
Trd, 4319687.593, 102
Trd, 4319689.543, 61
Trd, 4319689.843, 60
Trd, 4319690.093, 62
Trd, 4319690.943, 60
Trd, 4319691.393, 129
Trd, 4319691.693, 106
Trd, 4319693.043, 93
Trd, 4319693.093, 81
Trd, 4319694.643, 111
Trd, 4319695.193, 105
Trd, 4319695.993, 125
Trd, 4319696.493, 99
Trd, 4319696.793, 116
Trd, 4319697.043, 131
Trd, 4319697.893, 110
Trd, 4319698.493, 107
Trd, 4319698.993, 104
Trd, 4319699.593, 104
Trd, 4319700.143, 66
Trd, 4319700.293, 93
Trd, 4319700.893, 133
Trd, 4319701.193, 98
Trd, 4319702.343, 61
Trd, 4319702.993, 84
Trd, 4319704.743, 129
Trd, 4319705.293, 123
Trd, 4319705.343, 80
Trd, 4319706.243, 123
Trd, 4319707.443, 73
Trd, 4319707.743, 75
Trd, 4319708.093, 80
Trd, 4319709.393, 125
Trd, 4319710.093, 138
Trd, 4319710.493, 133
Trd, 4319710.993, 78
Trd, 4319711.143, 76
Trd, 4319711.393, 67
Trd, 4319713.443, 62
Trd, 4319713.893, 81
Trd, 4319714.043, 83
Trd, 4319714.093, 69
Trd, 4319715.593, 134
Trd, 4319715.943, 99
Trd, 4319716.293, 107
Trd, 4319716.643, 74
Trd, 4319716.843, 70
Trd, 4319717.143, 131
Trd, 4319717.893, 116
Trd, 4319719.993, 93
Trd, 4319720.643, 90
Trd, 4319721.743, 116
Trd, 4319722.093, 98
Trd, 4319722.943, 90
Trd, 4319723.543, 107
Trd, 4319724.293, 83
Trd, 4319724.593, 82
Trd, 4319725.093, 107
Trd, 4319726.193, 111
Trd, 4319726.243, 80
Trd, 4319728.543, 130
Trd, 4319728.643, 127
Trd, 4319728.843, 99
Trd, 4319728.993, 105
Trd, 4319729.693, 102
Trd, 4319730.193, 94
Trd, 4319730.393, 85
Trd, 4319730.743, 72
Trd, 4319731.893, 60
Trd, 4319733.393, 77
Trd, 4319733.543, 65
Trd, 4319735.143, 65
Trd, 4319735.893, 89
Trd, 4319736.993, 128
Trd, 4319737.943, 75
Trd, 4319739.143, 120
Trd, 4319739.743, 117
Trd, 4319740.043, 74
Trd, 4319740.343, 107
Trd, 4319741.393, 101
Trd, 4319741.793, 67
Trd, 4319742.293, 85
Trd, 4319742.793, 72
Trd, 4319743.743, 112
Trd, 4319744.493, 114
Trd, 4319745.493, 111
Trd, 4319746.093, 110
Trd, 4319746.693, 82
Trd, 4319747.993, 85
Trd, 4319748.843, 107
Trd, 4319749.643, 103
Trd, 4319750.243, 75
Trd, 4319750.943, 125
Trd, 4319750.993, 74
Trd, 4319751.693, 123
Trd, 4319752.243, 132
Trd, 4319752.393, 100
Trd, 4319753.743, 133
Trd, 4319753.893, 93
Trd, 4319755.043, 103
Trd, 4319756.343, 73
Trd, 4319757.193, 71
Trd, 4319757.393, 97
Trd, 4319760.543, 124
Trd, 4319760.593, 118
Trd, 4319760.893, 100
Trd, 4319760.993, 86
Trd, 4319761.693, 80
Trd, 4319762.193, 73
Trd, 4319763.043, 116
Trd, 4319763.793, 112
Trd, 4319764.093, 139
Trd, 4319765.343, 83
Trd, 4319766.793, 107
Trd, 4319767.093, 106
Trd, 4319768.343, 116
Trd, 4319768.393, 73
Trd, 4319768.993, 126
Trd, 4319770.093, 71
Trd, 4319770.643, 75
Trd, 4319771.993, 121
Trd, 4319773.143, 128
Trd, 4319773.943, 104
Trd, 4319774.243, 69
Trd, 4319774.993, 101
Trd, 4319776.193, 130
Trd, 4319776.593, 89
Trd, 4319777.593, 114
Trd, 4319778.343, 85
Trd, 4319779.093, 110
Trd, 4319779.193, 83
Trd, 4319779.893, 108
Trd, 4319780.293, 84
Trd, 4319782.243, 60
Trd, 4319782.593, 71
Trd, 4319783.343, 129
Trd, 4319783.843, 71
Trd, 4319785.943, 103
Trd, 4319786.043, 95
Trd, 4319786.543, 110
Trd, 4319787.093, 106
Trd, 4319787.293, 95
Trd, 4319787.443, 87
Trd, 4319788.993, 65
Trd, 4319789.043, 68
Trd, 4319789.793, 113
Trd, 4319790.243, 98
Trd, 4319790.943, 87
Trd, 4319791.093, 82
Trd, 4319791.243, 87
Trd, 4319793.943, 110
Trd, 4319794.793, 108
Trd, 4319794.843, 80
Trd, 4319795.793, 138
Trd, 4319795.993, 115
Trd, 4319796.593, 121
Trd, 4319797.493, 111
Trd, 4319797.543, 115
Trd, 4319798.043, 110
Trd, 4319798.543, 109
Trd, 4319798.693, 75
Trd, 4319798.743, 75
Trd, 4319799.993, 64
Trd, 4319800.793, 123
Trd, 4319802.243, 122
Trd, 4319802.843, 114
Trd, 4319803.993, 128
Trd, 4319805.093, 117
Trd, 4319805.693, 136
Trd, 4319806.143, 138
Trd, 4319806.743, 81
Trd, 4319807.393, 134
Trd, 4319807.743, 89
Trd, 4319808.343, 135
Trd, 4319809.843, 124
Trd, 4319810.193, 120
Trd, 4319811.143, 119
Trd, 4319811.743, 111
Trd, 4319812.293, 104
Trd, 4319814.743, 100
Trd, 4319815.143, 94
Trd, 4319815.443, 98
Trd, 4319815.943, 77
Trd, 4319817.293, 100
Trd, 4319818.193, 95
Trd, 4319819.193, 82
Trd, 4319819.943, 129
Trd, 4319820.243, 91
Trd, 4319820.393, 107
Trd, 4319821.343, 131
Trd, 4319821.543, 125
Trd, 4319822.893, 115
Trd, 4319823.793, 73
Trd, 4319824.143, 66
Trd, 4319825.843, 76
Trd, 4319827.443, 95
Trd, 4319828.043, 92
Trd, 4319829.193, 119
Trd, 4319830.043, 118
Trd, 4319830.193, 117
Trd, 4319830.293, 124
Trd, 4319831.293, 109
Trd, 4319831.493, 107
Trd, 4319831.893, 97
Trd, 4319832.243, 81
Trd, 4319833.293, 68
Trd, 4319833.543, 92
Trd, 4319834.593, 75
Trd, 4319834.793, 67
Trd, 4319835.293, 130
Trd, 4319835.843, 117
Trd, 4319836.243, 118
Trd, 4319836.343, 86
Trd, 4319836.793, 80
Trd, 4319837.093, 79
Trd, 4319839.043, 120
Trd, 4319840.393, 97
Trd, 4319840.743, 96
Trd, 4319840.943, 118
Trd, 4319841.243, 72
Trd, 4319841.693, 95
Trd, 4319842.143, 129
Trd, 4319842.443, 74
Trd, 4319842.693, 70
Trd, 4319843.893, 76
Trd, 4319845.043, 120
Trd, 4319846.293, 126
Trd, 4319846.743, 116
Trd, 4319847.293, 107
Trd, 4319848.493, 87
Trd, 4319848.843, 129
Trd, 4319849.143, 92
Trd, 4319850.393, 60
Trd, 4319850.643, 66
Trd, 4319850.993, 86
Trd, 4319852.543, 62
Trd, 4319852.693, 68
Trd, 4319852.893, 76
Trd, 4319854.043, 124
Trd, 4319855.043, 65
Trd, 4319856.693, 62
Trd, 4319856.943, 66
Trd, 4319857.143, 76
Trd, 4319858.043, 71
Trd, 4319858.843, 60
Trd, 4319859.543, 69
Trd, 4319860.243, 90
Trd, 4319860.893, 81
Trd, 4319861.293, 110
Trd, 4319863.093, 110
Trd, 4319863.393, 103
Trd, 4319863.793, 114
Trd, 4319864.643, 113
Trd, 4319864.793, 87
Trd, 4319865.643, 62
Trd, 4319866.793, 84
Trd, 4319866.943, 77
Trd, 4319867.093, 69
Trd, 4319868.293, 121
Trd, 4319869.143, 74
Trd, 4319870.093, 98
Trd, 4319870.893, 71
Trd, 4319871.643, 87
Trd, 4319872.193, 84
Trd, 4319872.543, 84
Trd, 4319873.143, 82
Trd, 4319874.393, 100
Trd, 4319874.443, 118
Trd, 4319874.493, 99
Trd, 4319874.843, 71
Trd, 4319876.143, 121
Trd, 4319876.793, 100
Trd, 4319876.993, 68
Trd, 4319878.743, 114
Trd, 4319880.593, 119
Trd, 4319882.043, 80
Trd, 4319882.293, 75
Trd, 4319882.643, 78
Trd, 4319882.893, 84
Trd, 4319883.143, 91
Trd, 4319885.243, 60
Trd, 4319885.543, 77
Trd, 4319885.593, 96
Trd, 4319886.793, 117
Trd, 4319887.143, 117
Trd, 4319887.693, 122
Trd, 4319888.493, 114
Trd, 4319889.643, 109
Trd, 4319889.793, 70
Trd, 4319890.793, 121
Trd, 4319891.443, 115
Trd, 4319892.943, 111
Trd, 4319893.393, 86
Trd, 4319893.693, 108
Trd, 4319894.193, 76
Trd, 4319894.393, 90
Trd, 4319896.893, 83
Trd, 4319897.593, 64
Trd, 4319898.393, 68
Trd, 4319898.543, 74
Trd, 4319898.593, 60
Trd, 4319900.743, 61
Trd, 4319900.893, 111
Trd, 4319901.943, 129
Trd, 4319902.393, 83
Trd, 4319903.193, 133
Trd, 4319903.443, 66
Trd, 4319903.643, 63
Trd, 4319905.643, 76
Trd, 4319907.193, 62
Trd, 4319908.093, 115
Trd, 4319908.343, 126
Trd, 4319908.393, 94
Trd, 4319908.493, 92
Trd, 4319909.843, 83
Trd, 4319911.293, 85
Trd, 4319911.893, 113
Trd, 4319912.343, 60
Trd, 4319912.943, 129
Trd, 4319912.993, 101
Trd, 4319913.943, 115
Trd, 4319915.693, 129
Trd, 4319916.493, 96
Trd, 4319916.693, 90
Trd, 4319917.843, 122
Trd, 4319917.993, 117
Trd, 4319918.893, 115
Trd, 4319919.193, 103
Trd, 4319919.643, 91
Trd, 4319919.943, 90
Trd, 4319922.443, 74
Trd, 4319922.593, 77
Trd, 4319923.943, 139
Trd, 4319924.143, 119
Trd, 4319924.893, 129
Trd, 4319926.243, 119
Trd, 4319928.143, 111
Trd, 4319928.343, 103
Trd, 4319928.743, 93
Trd, 4319929.193, 95
Trd, 4319930.093, 97
Trd, 4319931.343, 103
Trd, 4319931.943, 78
Trd, 4319932.643, 76
Trd, 4319933.543, 61
Trd, 4319934.343, 63
Trd, 4319934.393, 68
Trd, 4319934.793, 83
Trd, 4319936.543, 80
Trd, 4319936.643, 79
Trd, 4319936.693, 116
Trd, 4319937.743, 125
Trd, 4319938.493, 84
Trd, 4319938.643, 85
Trd, 4319938.893, 87
Trd, 4319939.043, 83
Trd, 4319939.743, 63
Trd, 4319941.243, 70
Trd, 4319941.743, 100
Trd, 4319942.193, 127
Trd, 4319942.493, 121
Trd, 4319943.493, 137
Trd, 4319943.643, 121
Trd, 4319943.693, 95
Trd, 4319946.093, 76
Trd, 4319946.493, 75
Trd, 4319947.393, 114
Trd, 4319947.493, 98
Trd, 4319947.593, 65
Trd, 4319947.843, 68
Trd, 4319949.393, 74
Trd, 4319949.643, 75
Trd, 4319950.143, 112
Trd, 4319950.493, 107
Trd, 4319951.443, 62
Trd, 4319952.893, 110
Trd, 4319954.343, 70
Trd, 4319955.693, 136
Trd, 4319955.743, 135
Trd, 4319956.593, 127
Trd, 4319956.943, 113
Trd, 4319957.243, 96
Trd, 4319958.193, 116
Trd, 4319958.743, 101
Trd, 4319959.293, 125
Trd, 4319960.043, 96
Trd, 4319961.743, 120
Trd, 4319962.093, 111
Trd, 4319962.143, 85
Trd, 4319963.893, 140
Trd, 4319964.343, 138
Trd, 4319964.643, 126
Trd, 4319964.843, 116
Trd, 4319965.143, 102
Trd, 4319967.093, 104
Trd, 4319968.593, 117
Trd, 4319968.743, 126
Trd, 4319968.893, 99
Trd, 4319969.043, 117
Trd, 4319969.393, 84
Trd, 4319970.793, 122
Trd, 4319971.143, 136
Trd, 4319971.493, 117
Trd, 4319971.693, 103
Trd, 4319971.943, 92
Trd, 4319972.093, 84
Trd, 4319972.943, 67
Trd, 4319974.393, 129
Trd, 4319975.493, 124
Trd, 4319975.593, 108
Trd, 4319976.093, 107
Trd, 4319976.243, 133
Trd, 4319977.543, 127
Trd, 4319977.993, 110
Trd, 4319978.443, 123
Trd, 4319979.093, 83
Trd, 4319979.743, 60
Trd, 4319981.493, 77
Trd, 4319981.793, 76
Trd, 4319982.243, 62
Trd, 4319982.543, 66
Trd, 4319983.443, 65
Trd, 4319985.443, 97
Trd, 4319986.343, 73
Trd, 4319986.493, 100
Trd, 4319986.893, 75
Trd, 4319988.393, 74
Trd, 4319988.693, 73
Trd, 4319989.293, 61
Trd, 4319990.843, 77
Trd, 4319991.143, 68
Trd, 4319991.193, 112
Trd, 4319992.493, 117
Trd, 4319993.143, 133
Trd, 4319994.993, 126
Trd, 4319995.293, 125
Trd, 4319996.343, 102
Trd, 4319996.393, 100
Trd, 4319997.543, 87
Trd, 4319997.993, 124
Trd, 4319998.293, 102
Trd, 4319999.793, 96
