Trd, 4318057.893, 140
Trd, 4318058.043, 140
Trd, 4318059.593, 140
Trd, 4318060.143, 140
Trd, 4318060.643, 139
Trd, 4318061.643, 140
Trd, 4318062.693, 140
Trd, 4318063.593, 140
Trd, 4318065.193, 140
Trd, 4318065.843, 140
Trd, 4318066.043, 140
Trd, 4318068.143, 140
Trd, 4318068.593, 140
Trd, 4318070.243, 140
Trd, 4318071.293, 140
Trd, 4318071.643, 140
Trd, 4318073.343, 140
Trd, 4318073.743, 140
Trd, 4318074.143, 139
Trd, 4318074.543, 140
Trd, 4318074.743, 135
Trd, 4318075.243, 93
Trd, 4318076.043, 91
Trd, 4318076.143, 66
Trd, 4318077.193, 61
Trd, 4318077.243, 109
Trd, 4318079.843, 140
Trd, 4318081.193, 140
Trd, 4318082.043, 140
Trd, 4318082.343, 140
Trd, 4318082.893, 139
Trd, 4318083.843, 131
Trd, 4318084.543, 138
Trd, 4318085.743, 140
Trd, 4318087.793, 140
Trd, 4318087.893, 140
Trd, 4318088.143, 139
Trd, 4318088.493, 86
Trd, 4318088.943, 64
Trd, 4318089.393, 62
Trd, 4318089.643, 132
Trd, 4318090.193, 101
Trd, 4318090.543, 69
Trd, 4318092.443, 66
Trd, 4318092.643, 70
Trd, 4318093.043, 71
Trd, 4318093.393, 87
Trd, 4318094.843, 140
Trd, 4318096.143, 139
Trd, 4318097.493, 140
Trd, 4318097.593, 139
Trd, 4318098.293, 93
Trd, 4318100.243, 140
Trd, 4318100.493, 130
Trd, 4318100.843, 106
Trd, 4318101.643, 86
Trd, 4318102.243, 60
Trd, 4318102.793, 140
Trd, 4318104.693, 140
Trd, 4318105.243, 140
Trd, 4318107.143, 140
Trd, 4318107.643, 140
Trd, 4318108.093, 140
Trd, 4318108.293, 138
Trd, 4318108.793, 140
Trd, 4318109.493, 140
Trd, 4318110.893, 140
Trd, 4318111.593, 139
Trd, 4318112.093, 137
Trd, 4318112.593, 100
Trd, 4318113.793, 110
Trd, 4318114.243, 140
Trd, 4318115.043, 140
Trd, 4318115.543, 140
Trd, 4318118.943, 140
Trd, 4318119.393, 140
Trd, 4318119.893, 140
Trd, 4318120.993, 140
Trd, 4318122.043, 140
Trd, 4318122.643, 140
Trd, 4318123.993, 140
Trd, 4318124.343, 140
Trd, 4318126.143, 140
Trd, 4318126.393, 139
Trd, 4318126.693, 138
Trd, 4318127.543, 140
Trd, 4318128.243, 135
Trd, 4318130.243, 112
Trd, 4318131.593, 140
Trd, 4318131.793, 135
Trd, 4318132.343, 107
Trd, 4318133.093, 126
Trd, 4318133.343, 126
Trd, 4318134.443, 125
Trd, 4318135.893, 140
Trd, 4318138.143, 140
Trd, 4318138.293, 140
Trd, 4318139.443, 140
Trd, 4318139.843, 139
Trd, 4318139.893, 139
Trd, 4318141.643, 140
Trd, 4318142.193, 139
Trd, 4318143.043, 140
Trd, 4318144.193, 140
Trd, 4318144.643, 140
Trd, 4318145.743, 101
Trd, 4318146.893, 138
Trd, 4318148.093, 140
Trd, 4318148.293, 140
Trd, 4318149.193, 138
Trd, 4318149.343, 88
Trd, 4318149.493, 74
Trd, 4318150.343, 135
Trd, 4318151.193, 60
Trd, 4318152.193, 71
Trd, 4318154.043, 140
Trd, 4318155.043, 140
Trd, 4318155.143, 140
Trd, 4318156.043, 140
Trd, 4318156.393, 108
Trd, 4318156.893, 140
Trd, 4318158.793, 140
Trd, 4318158.893, 139
Trd, 4318160.393, 140
Trd, 4318160.793, 139
Trd, 4318161.343, 113
Trd, 4318161.793, 127
Trd, 4318163.593, 140
Trd, 4318164.193, 140
Trd, 4318164.443, 140
Trd, 4318165.843, 140
Trd, 4318166.643, 140
Trd, 4318167.043, 140
Trd, 4318167.893, 140
Trd, 4318168.943, 139
Trd, 4318168.993, 137
Trd, 4318170.593, 121
Trd, 4318172.343, 138
Trd, 4318172.593, 132
Trd, 4318173.293, 94
Trd, 4318174.093, 115
Trd, 4318175.743, 140
Trd, 4318177.193, 140
Trd, 4318177.643, 140
Trd, 4318177.993, 139
Trd, 4318179.393, 140
Trd, 4318179.493, 140
Trd, 4318183.443, 140
Trd, 4318183.593, 140
Trd, 4318183.793, 140
Trd, 4318184.493, 140
Trd, 4318184.793, 140
Trd, 4318185.043, 140
Trd, 4318185.843, 137
Trd, 4318187.043, 137
Trd, 4318188.543, 140
Trd, 4318189.443, 139
Trd, 4318190.243, 138
Trd, 4318191.093, 82
Trd, 4318192.343, 140
Trd, 4318192.593, 140
Trd, 4318192.693, 89
Trd, 4318193.893, 140
Trd, 4318194.143, 125
Trd, 4318196.893, 140
Trd, 4318197.043, 140
Trd, 4318197.443, 139
Trd, 4318197.993, 137
Trd, 4318198.693, 139
Trd, 4318199.893, 139
Trd, 4318199.993, 138
Trd, 4318200.343, 137
Trd, 4318201.693, 126
Trd, 4318203.043, 125
Trd, 4318203.643, 87
Trd, 4318203.843, 90
Trd, 4318204.193, 140
Trd, 4318205.393, 140
Trd, 4318205.693, 140
Trd, 4318205.893, 139
Trd, 4318206.493, 140
Trd, 4318207.893, 140
Trd, 4318209.293, 140
Trd, 4318209.793, 140
Trd, 4318210.743, 140
Trd, 4318211.943, 140
Trd, 4318212.393, 140
Trd, 4318213.143, 117
Trd, 4318213.643, 98
Trd, 4318214.993, 138
Trd, 4318215.343, 138
Trd, 4318216.043, 109
Trd, 4318216.793, 104
Trd, 4318218.793, 140
Trd, 4318219.693, 140
Trd, 4318220.193, 140
Trd, 4318220.343, 139
Trd, 4318221.893, 140
Trd, 4318222.293, 140
Trd, 4318222.693, 140
Trd, 4318224.093, 140
Trd, 4318224.843, 123
Trd, 4318225.543, 140
Trd, 4318225.893, 140
Trd, 4318226.343, 120
Trd, 4318227.293, 136
Trd, 4318229.393, 140
Trd, 4318229.543, 140
Trd, 4318229.893, 140
Trd, 4318231.793, 140
Trd, 4318232.093, 140
Trd, 4318232.993, 140
Trd, 4318233.093, 138
Trd, 4318233.993, 140
Trd, 4318234.393, 135
Trd, 4318234.993, 90
Trd, 4318235.443, 85
Trd, 4318236.193, 85
Trd, 4318236.393, 84
Trd, 4318239.493, 140
Trd, 4318239.593, 140
Trd, 4318240.893, 138
Trd, 4318241.643, 140
Trd, 4318242.143, 140
Trd, 4318242.993, 139
Trd, 4318244.893, 130
Trd, 4318244.943, 129
Trd, 4318245.243, 127
Trd, 4318247.343, 140
Trd, 4318247.643, 139
Trd, 4318247.693, 119
Trd, 4318248.343, 95
Trd, 4318249.893, 136
Trd, 4318250.143, 134
Trd, 4318251.643, 104
Trd, 4318251.843, 98
Trd, 4318252.843, 140
Trd, 4318252.993, 92
Trd, 4318253.343, 92
Trd, 4318256.343, 140
Trd, 4318256.443, 140
Trd, 4318258.543, 140
Trd, 4318259.993, 140
Trd, 4318260.443, 140
Trd, 4318260.943, 140
Trd, 4318261.093, 139
Trd, 4318262.093, 140
Trd, 4318263.643, 140
Trd, 4318264.843, 140
Trd, 4318265.543, 140
Trd, 4318265.643, 140
Trd, 4318266.093, 140
Trd, 4318266.793, 118
Trd, 4318266.993, 91
Trd, 4318268.093, 140
Trd, 4318269.693, 140
Trd, 4318269.943, 135
Trd, 4318270.543, 128
Trd, 4318272.193, 140
Trd, 4318273.993, 140
Trd, 4318274.343, 140
Trd, 4318275.943, 140
Trd, 4318276.543, 140
Trd, 4318277.093, 139
Trd, 4318277.743, 140
Trd, 4318279.143, 140
Trd, 4318279.193, 139
Trd, 4318280.843, 140
Trd, 4318281.293, 140
Trd, 4318281.493, 140
Trd, 4318282.293, 125
Trd, 4318282.593, 98
Trd, 4318284.343, 128
Trd, 4318285.243, 139
Trd, 4318285.993, 140
Trd, 4318286.093, 140
Trd, 4318288.643, 140
Trd, 4318289.693, 140
Trd, 4318290.843, 140
Trd, 4318290.893, 140
Trd, 4318291.793, 140
Trd, 4318292.243, 140
Trd, 4318293.743, 139
Trd, 4318294.793, 123
Trd, 4318295.193, 97
Trd, 4318297.343, 140
Trd, 4318297.643, 139
Trd, 4318298.043, 140
Trd, 4318298.643, 140
Trd, 4318298.993, 140
Trd, 4318299.093, 140
Trd, 4318299.843, 140
Trd, 4318300.493, 140
Trd, 4318301.093, 140
Trd, 4318303.893, 140
Trd, 4318303.943, 139
Trd, 4318304.543, 112
Trd, 4318306.393, 60
Trd, 4318307.293, 63
Trd, 4318308.343, 60
Trd, 4318308.643, 60
Trd, 4318308.693, 60
Trd, 4318309.243, 112
Trd, 4318309.543, 78
Trd, 4318309.843, 61
Trd, 4318310.443, 70
Trd, 4318311.043, 64
Trd, 4318312.343, 101
Trd, 4318314.443, 140
Trd, 4318315.243, 140
Trd, 4318315.593, 139
Trd, 4318316.193, 140
Trd, 4318316.343, 128
Trd, 4318316.993, 69
Trd, 4318317.243, 104
Trd, 4318319.443, 140
Trd, 4318319.493, 140
Trd, 4318319.543, 139
Trd, 4318320.693, 139
Trd, 4318321.193, 140
Trd, 4318321.743, 60
Trd, 4318321.893, 106
Trd, 4318322.693, 69
Trd, 4318324.893, 132
Trd, 4318325.043, 131
Trd, 4318325.193, 130
Trd, 4318326.093, 140
Trd, 4318326.943, 105
Trd, 4318329.143, 140
Trd, 4318329.593, 140
Trd, 4318329.843, 140
Trd, 4318330.543, 140
Trd, 4318330.643, 111
Trd, 4318331.693, 140
Trd, 4318333.143, 140
Trd, 4318333.193, 139
Trd, 4318334.743, 140
Trd, 4318335.143, 140
Trd, 4318335.493, 140
Trd, 4318336.243, 135
Trd, 4318337.293, 138
Trd, 4318337.493, 109
Trd, 4318339.093, 135
Trd, 4318339.293, 111
Trd, 4318341.343, 140
Trd, 4318341.393, 140
Trd, 4318341.593, 139
Trd, 4318341.743, 138
Trd, 4318341.793, 137
Trd, 4318343.293, 125
Trd, 4318344.593, 140
Trd, 4318345.143, 113
Trd, 4318346.993, 140
Trd, 4318348.643, 140
Trd, 4318349.293, 140
Trd, 4318349.393, 140
Trd, 4318350.343, 63
Trd, 4318350.493, 62
Trd, 4318350.593, 87
Trd, 4318351.093, 113
Trd, 4318351.593, 140
Trd, 4318352.943, 120
Trd, 4318354.143, 139
Trd, 4318354.443, 120
Trd, 4318355.593, 137
Trd, 4318357.343, 140
Trd, 4318357.693, 138
Trd, 4318357.943, 138
Trd, 4318358.343, 137
Trd, 4318359.543, 94
Trd, 4318360.193, 95
Trd, 4318361.243, 63
Trd, 4318361.443, 64
Trd, 4318361.743, 107
Trd, 4318362.643, 70
Trd, 4318362.693, 65
Trd, 4318363.493, 136
Trd, 4318366.443, 140
Trd, 4318366.843, 140
Trd, 4318367.493, 140
Trd, 4318369.193, 140
Trd, 4318369.493, 140
Trd, 4318369.693, 139
Trd, 4318370.093, 111
Trd, 4318370.493, 92
Trd, 4318372.093, 95
Trd, 4318372.393, 89
Trd, 4318373.843, 124
Trd, 4318374.843, 139
Trd, 4318376.343, 140
Trd, 4318376.793, 136
Trd, 4318377.593, 140
Trd, 4318378.143, 136
Trd, 4318378.993, 126
Trd, 4318379.843, 140
Trd, 4318379.893, 140
Trd, 4318381.743, 140
Trd, 4318382.343, 139
Trd, 4318382.693, 139
Trd, 4318383.993, 140
Trd, 4318385.193, 140
Trd, 4318386.543, 140
Trd, 4318386.893, 139
Trd, 4318387.493, 139
Trd, 4318388.293, 138
Trd, 4318389.343, 122
Trd, 4318389.593, 114
Trd, 4318390.693, 65
Trd, 4318392.343, 104
Trd, 4318392.393, 105
Trd, 4318392.643, 102
Trd, 4318392.943, 108
Trd, 4318393.193, 105
Trd, 4318394.993, 140
Trd, 4318395.743, 136
Trd, 4318396.243, 136
Trd, 4318397.393, 139
Trd, 4318398.493, 138
Trd, 4318398.593, 137
Trd, 4318398.793, 115
Trd, 4318399.993, 138
Trd, 4318400.093, 70
Trd, 4318401.593, 140
Trd, 4318402.293, 135
Trd, 4318404.393, 139
Trd, 4318404.443, 138
Trd, 4318404.943, 128
Trd, 4318405.893, 139
Trd, 4318407.243, 140
Trd, 4318407.793, 140
Trd, 4318408.543, 140
Trd, 4318410.243, 140
Trd, 4318411.843, 140
Trd, 4318411.893, 140
Trd, 4318412.193, 140
Trd, 4318412.893, 134
Trd, 4318413.093, 119
Trd, 4318415.643, 112
Trd, 4318416.643, 132
Trd, 4318416.943, 108
Trd, 4318418.443, 140
Trd, 4318419.093, 140
Trd, 4318419.593, 140
Trd, 4318419.643, 140
Trd, 4318422.343, 140
Trd, 4318422.393, 140
Trd, 4318422.493, 134
Trd, 4318424.393, 139
Trd, 4318425.243, 140
Trd, 4318425.493, 140
Trd, 4318425.993, 139
Trd, 4318427.143, 140
Trd, 4318427.743, 85
Trd, 4318427.893, 85
Trd, 4318428.093, 140
Trd, 4318429.293, 140
Trd, 4318429.993, 105
Trd, 4318431.443, 112
Trd, 4318431.743, 140
Trd, 4318431.843, 110
Trd, 4318433.393, 140
Trd, 4318433.443, 139
Trd, 4318434.293, 140
Trd, 4318435.143, 134
Trd, 4318436.143, 133
Trd, 4318436.343, 62
Trd, 4318436.993, 79
Trd, 4318437.693, 60
Trd, 4318439.843, 140
Trd, 4318440.793, 140
Trd, 4318440.843, 140
Trd, 4318441.593, 101
Trd, 4318442.093, 132
Trd, 4318443.743, 140
Trd, 4318444.593, 118
Trd, 4318444.793, 107
Trd, 4318445.143, 77
Trd, 4318446.193, 140
Trd, 4318446.893, 133
Trd, 4318447.443, 137
Trd, 4318447.493, 97
Trd, 4318450.143, 140
Trd, 4318450.493, 140
Trd, 4318451.493, 140
Trd, 4318452.043, 140
Trd, 4318453.193, 135
Trd, 4318453.343, 140
Trd, 4318453.693, 103
Trd, 4318455.243, 138
Trd, 4318455.493, 140
Trd, 4318457.693, 139
Trd, 4318458.193, 129
Trd, 4318458.393, 95
Trd, 4318459.743, 139
Trd, 4318459.793, 138
Trd, 4318461.093, 140
Trd, 4318461.443, 140
Trd, 4318463.043, 140
Trd, 4318464.193, 140
Trd, 4318465.293, 140
Trd, 4318465.543, 139
Trd, 4318465.893, 120
Trd, 4318466.143, 120
Trd, 4318468.893, 140
Trd, 4318469.793, 140
Trd, 4318469.943, 140
Trd, 4318471.043, 140
Trd, 4318471.493, 140
Trd, 4318471.593, 139
Trd, 4318472.393, 137
Trd, 4318473.643, 140
Trd, 4318473.843, 140
Trd, 4318475.043, 121
Trd, 4318475.643, 86
Trd, 4318475.743, 126
Trd, 4318477.493, 140
Trd, 4318477.693, 140
Trd, 4318477.893, 139
Trd, 4318477.943, 119
Trd, 4318480.843, 137
Trd, 4318480.993, 136
Trd, 4318482.043, 140
Trd, 4318482.493, 138
Trd, 4318483.343, 136
Trd, 4318484.393, 106
Trd, 4318484.593, 140
Trd, 4318486.693, 140
Trd, 4318486.843, 134
Trd, 4318488.793, 140
Trd, 4318490.293, 140
Trd, 4318490.793, 140
Trd, 4318491.343, 140
Trd, 4318491.843, 140
Trd, 4318492.693, 140
Trd, 4318493.993, 139
Trd, 4318496.143, 140
Trd, 4318496.393, 138
Trd, 4318496.743, 139
Trd, 4318497.793, 140
Trd, 4318498.293, 140
Trd, 4318499.443, 140
Trd, 4318499.993, 140
Trd, 4318501.343, 140
Trd, 4318501.843, 140
Trd, 4318503.043, 140
Trd, 4318503.643, 140
Trd, 4318504.843, 139
Trd, 4318506.093, 140
Trd, 4318507.143, 140
Trd, 4318507.593, 78
Trd, 4318508.143, 69
Trd, 4318508.243, 121
Trd, 4318509.643, 87
Trd, 4318511.043, 140
Trd, 4318512.593, 140
Trd, 4318513.893, 140
Trd, 4318514.243, 140
Trd, 4318514.593, 139
Trd, 4318516.293, 140
Trd, 4318516.443, 140
Trd, 4318517.093, 140
Trd, 4318517.393, 140
Trd, 4318518.043, 123
Trd, 4318518.393, 140
Trd, 4318520.543, 140
Trd, 4318521.593, 140
Trd, 4318521.693, 140
Trd, 4318522.393, 140
Trd, 4318523.143, 140
Trd, 4318523.193, 140
Trd, 4318524.543, 134
Trd, 4318524.593, 107
Trd, 4318525.343, 140
Trd, 4318525.793, 87
Trd, 4318527.643, 140
Trd, 4318527.743, 130
Trd, 4318528.943, 140
Trd, 4318530.043, 64
Trd, 4318530.543, 139
Trd, 4318530.893, 139
Trd, 4318532.493, 140
Trd, 4318532.543, 140
Trd, 4318533.093, 131
Trd, 4318533.343, 99
Trd, 4318534.143, 101
Trd, 4318534.493, 71
Trd, 4318535.893, 140
Trd, 4318536.393, 140
Trd, 4318538.243, 140
Trd, 4318539.543, 140
Trd, 4318540.093, 140
Trd, 4318540.843, 140
Trd, 4318542.443, 139
Trd, 4318543.143, 139
Trd, 4318544.343, 140
Trd, 4318544.593, 139
Trd, 4318545.493, 140
Trd, 4318546.243, 140
Trd, 4318547.093, 140
Trd, 4318547.293, 140
Trd, 4318549.093, 140
Trd, 4318549.543, 139
Trd, 4318549.743, 138
Trd, 4318551.943, 140
Trd, 4318552.393, 140
Trd, 4318553.393, 140
Trd, 4318554.893, 140
Trd, 4318555.093, 133
Trd, 4318555.643, 102
Trd, 4318555.793, 74
Trd, 4318556.693, 60
Trd, 4318556.843, 61
Trd, 4318559.493, 140
Trd, 4318560.493, 140
Trd, 4318561.043, 140
Trd, 4318561.243, 139
Trd, 4318562.043, 140
Trd, 4318562.843, 140
Trd, 4318564.893, 140
Trd, 4318564.993, 139
Trd, 4318565.393, 138
Trd, 4318566.493, 99
Trd, 4318567.293, 111
Trd, 4318567.843, 133
Trd, 4318568.543, 112
Trd, 4318569.093, 68
Trd, 4318569.393, 95
Trd, 4318571.743, 140
Trd, 4318572.193, 140
Trd, 4318572.893, 140
Trd, 4318574.543, 140
Trd, 4318576.543, 140
Trd, 4318576.743, 140
Trd, 4318577.543, 140
Trd, 4318578.143, 140
Trd, 4318578.693, 140
Trd, 4318578.893, 140
Trd, 4318579.543, 139
Trd, 4318579.993, 139
Trd, 4318581.143, 135
Trd, 4318581.243, 113
Trd, 4318582.593, 97
Trd, 4318583.643, 109
Trd, 4318583.993, 134
Trd, 4318585.643, 140
Trd, 4318585.943, 140
Trd, 4318586.343, 138
Trd, 4318587.043, 136
Trd, 4318587.343, 140
Trd, 4318588.243, 140
Trd, 4318590.043, 139
Trd, 4318590.643, 129
Trd, 4318590.693, 107
Trd, 4318591.293, 75
Trd, 4318593.243, 65
Trd, 4318594.443, 136
Trd, 4318596.343, 126
Trd, 4318596.593, 139
Trd, 4318597.343, 140
Trd, 4318597.593, 139
Trd, 4318598.243, 138
Trd, 4318598.743, 119
Trd, 4318600.693, 100
Trd, 4318600.743, 98
Trd, 4318601.543, 139
Trd, 4318602.793, 125
Trd, 4318603.293, 140
Trd, 4318603.593, 139
Trd, 4318603.693, 99
Trd, 4318604.643, 126
Trd, 4318606.143, 140
Trd, 4318607.093, 137
Trd, 4318607.393, 122
Trd, 4318607.993, 104
Trd, 4318609.793, 114
Trd, 4318609.893, 113
Trd, 4318610.893, 85
Trd, 4318611.493, 140
Trd, 4318611.643, 140
Trd, 4318611.793, 140
Trd, 4318616.043, 140
Trd, 4318616.243, 140
Trd, 4318616.993, 140
Trd, 4318617.893, 140
Trd, 4318617.993, 140
Trd, 4318619.093, 140
Trd, 4318619.393, 128
Trd, 4318619.543, 127
Trd, 4318619.743, 139
Trd, 4318620.993, 140
Trd, 4318622.043, 140
Trd, 4318624.793, 139
Trd, 4318624.893, 137
Trd, 4318625.043, 115
Trd, 4318626.043, 140
Trd, 4318626.093, 111
Trd, 4318627.243, 139
Trd, 4318628.293, 140
Trd, 4318630.093, 140
Trd, 4318631.993, 140
Trd, 4318632.143, 140
Trd, 4318632.643, 139
Trd, 4318632.943, 100
Trd, 4318633.393, 140
Trd, 4318633.943, 140
Trd, 4318635.393, 89
Trd, 4318636.093, 140
Trd, 4318636.593, 121
Trd, 4318636.693, 83
Trd, 4318637.593, 63
Trd, 4318638.493, 140
Trd, 4318640.343, 140
Trd, 4318641.343, 140
Trd, 4318641.893, 140
Trd, 4318643.393, 140
Trd, 4318643.893, 140
Trd, 4318643.993, 140
Trd, 4318645.593, 140
Trd, 4318646.593, 140
Trd, 4318646.843, 139
Trd, 4318647.143, 139
Trd, 4318647.893, 108
Trd, 4318648.043, 133
Trd, 4318649.143, 140
Trd, 4318651.193, 136
Trd, 4318651.793, 78
Trd, 4318653.243, 140
Trd, 4318653.443, 140
Trd, 4318653.543, 122
Trd, 4318654.743, 130
Trd, 4318655.043, 104
Trd, 4318655.143, 132
Trd, 4318656.243, 84
Trd, 4318657.793, 140
Trd, 4318658.993, 140
Trd, 4318659.793, 140
Trd, 4318659.943, 140
Trd, 4318661.343, 140
Trd, 4318662.593, 138
Trd, 4318662.943, 137
Trd, 4318663.343, 123
Trd, 4318664.193, 139
Trd, 4318664.443, 117
Trd, 4318665.143, 140
Trd, 4318666.043, 95
Trd, 4318668.343, 140
Trd, 4318668.593, 113
Trd, 4318669.043, 96
Trd, 4318671.043, 140
Trd, 4318672.043, 139
Trd, 4318673.893, 140
Trd, 4318673.993, 140
Trd, 4318674.543, 140
Trd, 4318675.793, 140
Trd, 4318675.893, 140
Trd, 4318676.293, 140
Trd, 4318676.793, 129
Trd, 4318676.993, 120
Trd, 4318678.743, 121
Trd, 4318679.593, 139
Trd, 4318680.093, 139
Trd, 4318680.393, 138
Trd, 4318681.693, 140
Trd, 4318682.193, 108
Trd, 4318682.543, 132
Trd, 4318682.843, 65
Trd, 4318685.493, 140
Trd, 4318687.443, 140
Trd, 4318688.243, 140
Trd, 4318688.743, 140
Trd, 4318688.793, 139
Trd, 4318689.993, 140
Trd, 4318691.693, 140
Trd, 4318692.293, 140
Trd, 4318693.143, 119
Trd, 4318694.693, 140
Trd, 4318694.993, 140
Trd, 4318695.093, 138
Trd, 4318695.343, 140
Trd, 4318696.593, 106
Trd, 4318697.243, 62
Trd, 4318697.293, 109
Trd, 4318697.543, 66
Trd, 4318698.643, 139
Trd, 4318699.193, 140
Trd, 4318699.443, 64
Trd, 4318700.643, 62
Trd, 4318701.143, 110
Trd, 4318702.393, 139
Trd, 4318702.643, 65
Trd, 4318703.743, 140
Trd, 4318704.193, 140
Trd, 4318704.493, 140
Trd, 4318704.693, 140
Trd, 4318706.393, 126
Trd, 4318707.093, 137
Trd, 4318709.243, 140
Trd, 4318709.393, 140
Trd, 4318709.893, 140
Trd, 4318710.043, 111
Trd, 4318710.843, 140
Trd, 4318711.693, 102
Trd, 4318713.243, 100
Trd, 4318713.743, 132
Trd, 4318714.293, 138
Trd, 4318714.393, 112
Trd, 4318714.443, 111
Trd, 4318714.793, 140
Trd, 4318714.993, 124
Trd, 4318715.543, 94
Trd, 4318716.243, 140
Trd, 4318717.693, 138
Trd, 4318717.743, 120
Trd, 4318718.993, 140
Trd, 4318720.243, 140
Trd, 4318720.543, 140
Trd, 4318722.793, 140
Trd, 4318723.393, 140
Trd, 4318724.093, 140
Trd, 4318725.743, 140
Trd, 4318726.393, 140
Trd, 4318727.393, 140
Trd, 4318728.043, 117
Trd, 4318728.293, 108
Trd, 4318728.943, 140
Trd, 4318729.343, 108
Trd, 4318730.343, 140
Trd, 4318731.293, 140
Trd, 4318731.993, 120
Trd, 4318732.743, 140
Trd, 4318732.993, 140
Trd, 4318733.043, 101
Trd, 4318734.543, 140
Trd, 4318734.643, 139
Trd, 4318735.693, 138
Trd, 4318737.193, 140
Trd, 4318738.293, 140
Trd, 4318738.793, 140
Trd, 4318741.043, 140
Trd, 4318741.293, 140
Trd, 4318741.493, 140
Trd, 4318741.693, 124
Trd, 4318742.143, 93
Trd, 4318742.893, 119
Trd, 4318743.893, 139
Trd, 4318744.793, 138
Trd, 4318746.043, 123
Trd, 4318746.293, 122
Trd, 4318746.693, 138
Trd, 4318748.343, 136
Trd, 4318750.693, 140
Trd, 4318750.893, 140
Trd, 4318751.293, 139
Trd, 4318751.693, 140
Trd, 4318751.943, 140
Trd, 4318752.743, 139
Trd, 4318753.543, 139
Trd, 4318753.843, 90
Trd, 4318754.743, 73
Trd, 4318755.493, 62
Trd, 4318757.693, 140
Trd, 4318759.043, 140
Trd, 4318759.193, 140
Trd, 4318760.193, 140
Trd, 4318761.443, 139
Trd, 4318761.593, 124
Trd, 4318762.743, 140
Trd, 4318763.243, 140
Trd, 4318764.543, 140
Trd, 4318765.993, 140
Trd, 4318766.993, 139
Trd, 4318767.093, 139
Trd, 4318767.893, 122
Trd, 4318768.043, 104
Trd, 4318768.193, 138
Trd, 4318769.943, 140
Trd, 4318770.293, 140
Trd, 4318770.743, 140
Trd, 4318772.843, 140
Trd, 4318773.343, 123
Trd, 4318774.193, 140
Trd, 4318775.593, 140
Trd, 4318776.393, 140
Trd, 4318777.143, 138
Trd, 4318778.193, 140
Trd, 4318779.643, 140
Trd, 4318780.693, 138
Trd, 4318780.793, 140
Trd, 4318781.593, 137
Trd, 4318782.443, 137
Trd, 4318783.693, 140
Trd, 4318784.493, 140
Trd, 4318784.793, 140
Trd, 4318786.443, 105
Trd, 4318786.593, 140
Trd, 4318787.043, 105
Trd, 4318789.043, 105
Trd, 4318789.093, 102
Trd, 4318789.743, 115
Trd, 4318790.193, 140
Trd, 4318791.943, 140
Trd, 4318792.443, 140
Trd, 4318794.893, 140
Trd, 4318795.393, 140
Trd, 4318795.793, 139
Trd, 4318795.843, 135
Trd, 4318795.943, 107
Trd, 4318797.693, 105
Trd, 4318799.393, 108
Trd, 4318799.693, 105
Trd, 4318800.993, 140
Trd, 4318802.293, 140
Trd, 4318802.343, 139
Trd, 4318802.893, 140
Trd, 4318804.093, 140
Trd, 4318805.243, 140
Trd, 4318805.343, 140
Trd, 4318805.593, 140
Trd, 4318805.643, 139
Trd, 4318807.743, 135
Trd, 4318808.143, 135
Trd, 4318808.993, 140
Trd, 4318809.593, 140
Trd, 4318810.343, 140
Trd, 4318811.443, 140
Trd, 4318812.143, 140
Trd, 4318814.693, 140
Trd, 4318815.193, 136
Trd, 4318815.393, 136
Trd, 4318816.043, 140
Trd, 4318816.193, 123
Trd, 4318817.543, 124
Trd, 4318817.793, 122
Trd, 4318818.643, 125
Trd, 4318818.743, 108
Trd, 4318819.593, 87
Trd, 4318821.543, 139
Trd, 4318821.893, 139
Trd, 4318821.943, 136
Trd, 4318822.943, 126
Trd, 4318823.493, 140
Trd, 4318824.643, 140
Trd, 4318825.043, 140
Trd, 4318825.343, 139
Trd, 4318826.193, 138
Trd, 4318827.943, 140
Trd, 4318828.793, 140
Trd, 4318829.543, 140
Trd, 4318830.243, 129
Trd, 4318831.443, 140
Trd, 4318832.593, 140
Trd, 4318833.293, 140
Trd, 4318834.393, 138
Trd, 4318834.993, 140
Trd, 4318835.243, 137
Trd, 4318835.693, 114
Trd, 4318837.793, 133
Trd, 4318839.493, 140
Trd, 4318839.793, 140
Trd, 4318840.043, 140
Trd, 4318840.393, 134
Trd, 4318841.293, 100
Trd, 4318842.293, 140
Trd, 4318843.493, 140
Trd, 4318844.643, 140
Trd, 4318845.743, 140
Trd, 4318845.843, 140
Trd, 4318847.293, 138
Trd, 4318847.443, 140
Trd, 4318848.693, 140
Trd, 4318849.643, 140
Trd, 4318850.143, 140
Trd, 4318850.193, 140
Trd, 4318850.443, 120
Trd, 4318851.693, 126
Trd, 4318853.193, 140
Trd, 4318853.493, 137
Trd, 4318854.243, 140
Trd, 4318854.993, 128
Trd, 4318855.343, 136
Trd, 4318856.393, 119
Trd, 4318856.543, 117
Trd, 4318858.493, 140
Trd, 4318858.793, 135
Trd, 4318859.493, 77
Trd, 4318859.893, 140
Trd, 4318860.343, 140
Trd, 4318862.543, 140
Trd, 4318862.693, 140
Trd, 4318862.843, 140
Trd, 4318865.693, 140
Trd, 4318865.793, 140
Trd, 4318866.543, 140
Trd, 4318867.043, 136
Trd, 4318868.143, 139
Trd, 4318868.243, 133
Trd, 4318868.393, 83
Trd, 4318869.393, 132
Trd, 4318869.893, 125
Trd, 4318871.193, 60
Trd, 4318872.143, 60
Trd, 4318872.493, 60
Trd, 4318873.093, 69
Trd, 4318873.193, 109
Trd, 4318874.293, 60
Trd, 4318875.443, 95
Trd, 4318876.793, 140
Trd, 4318877.293, 111
Trd, 4318877.443, 98
Trd, 4318878.343, 140
Trd, 4318879.043, 140
Trd, 4318881.493, 140
Trd, 4318881.893, 140
Trd, 4318882.343, 140
Trd, 4318882.993, 140
Trd, 4318883.193, 100
Trd, 4318885.393, 140
Trd, 4318885.493, 140
Trd, 4318887.093, 140
Trd, 4318887.743, 140
Trd, 4318889.393, 140
Trd, 4318889.893, 140
Trd, 4318889.993, 140
Trd, 4318890.293, 102
Trd, 4318890.693, 80
Trd, 4318891.193, 65
Trd, 4318892.443, 139
Trd, 4318894.393, 140
Trd, 4318896.943, 137
Trd, 4318897.593, 140
Trd, 4318897.943, 140
Trd, 4318898.693, 140
Trd, 4318899.393, 140
Trd, 4318899.643, 140
Trd, 4318901.293, 140
Trd, 4318902.243, 140
Trd, 4318902.343, 138
Trd, 4318902.543, 137
Trd, 4318902.893, 137
Trd, 4318904.293, 103
Trd, 4318906.893, 140
Trd, 4318906.993, 140
Trd, 4318907.843, 140
Trd, 4318908.243, 139
Trd, 4318908.793, 139
Trd, 4318909.243, 96
Trd, 4318910.193, 139
Trd, 4318911.593, 140
Trd, 4318913.193, 140
Trd, 4318914.143, 140
Trd, 4318914.343, 140
Trd, 4318914.443, 140
Trd, 4318914.793, 140
Trd, 4318916.393, 140
Trd, 4318918.443, 139
Trd, 4318918.493, 138
Trd, 4318918.693, 94
Trd, 4318920.393, 140
Trd, 4318920.693, 122
Trd, 4318921.293, 140
Trd, 4318922.493, 127
Trd, 4318924.093, 124
Trd, 4318924.343, 111
Trd, 4318924.843, 139
Trd, 4318926.793, 140
Trd, 4318928.493, 140
Trd, 4318928.643, 140
Trd, 4318928.743, 140
Trd, 4318929.143, 140
Trd, 4318929.193, 133
Trd, 4318930.293, 140
Trd, 4318930.793, 136
Trd, 4318931.493, 137
Trd, 4318931.893, 118
Trd, 4318933.993, 140
Trd, 4318934.343, 140
Trd, 4318935.043, 140
Trd, 4318936.293, 140
Trd, 4318936.493, 139
Trd, 4318938.593, 140
Trd, 4318939.143, 140
Trd, 4318939.593, 140
Trd, 4318940.643, 139
Trd, 4318941.143, 130
Trd, 4318942.043, 119
Trd, 4318942.743, 87
Trd, 4318944.143, 123
Trd, 4318945.043, 140
Trd, 4318945.143, 139
Trd, 4318945.793, 139
Trd, 4318945.843, 138
Trd, 4318946.843, 96
Trd, 4318947.393, 140
Trd, 4318947.543, 120
Trd, 4318948.443, 140
Trd, 4318950.193, 140
Trd, 4318950.793, 140
Trd, 4318951.043, 139
Trd, 4318951.143, 127
Trd, 4318953.443, 140
Trd, 4318955.293, 140
Trd, 4318955.643, 140
Trd, 4318956.293, 140
Trd, 4318957.343, 140
Trd, 4318958.093, 140
Trd, 4318958.493, 140
Trd, 4318959.793, 140
Trd, 4318961.243, 140
Trd, 4318962.043, 140
Trd, 4318963.243, 139
Trd, 4318964.893, 140
Trd, 4318964.943, 140
Trd, 4318965.143, 140
Trd, 4318965.643, 140
Trd, 4318965.893, 129
Trd, 4318968.193, 139
Trd, 4318968.743, 120
Trd, 4318968.993, 118
Trd, 4318969.393, 92
Trd, 4318971.593, 140
Trd, 4318972.443, 140
Trd, 4318973.043, 140
Trd, 4318975.193, 140
Trd, 4318975.393, 140
Trd, 4318976.043, 140
Trd, 4318976.293, 123
Trd, 4318977.343, 116
Trd, 4318977.843, 114
Trd, 4318977.993, 73
Trd, 4318978.943, 140
Trd, 4318980.193, 140
Trd, 4318980.693, 140
Trd, 4318981.693, 140
Trd, 4318982.543, 140
Trd, 4318983.143, 138
Trd, 4318984.393, 136
Trd, 4318984.443, 118
Trd, 4318987.093, 140
Trd, 4318988.543, 140
Trd, 4318988.843, 140
Trd, 4318989.293, 138
Trd, 4318989.643, 138
Trd, 4318990.693, 117
Trd, 4318990.743, 96
Trd, 4318992.293, 140
Trd, 4318993.993, 140
Trd, 4318994.393, 140
Trd, 4318994.843, 140
Trd, 4318996.793, 140
Trd, 4318996.993, 110
Trd, 4318997.043, 105
Trd, 4318997.693, 78
Trd, 4318998.493, 140
Trd, 4318999.243, 140
Trd, 4319000.743, 125
Trd, 4319001.193, 140
Trd, 4319003.193, 140
Trd, 4319004.293, 140
Trd, 4319004.943, 138
Trd, 4319005.343, 139
Trd, 4319005.993, 137
Trd, 4319006.843, 140
Trd, 4319007.193, 140
Trd, 4319007.843, 140
Trd, 4319008.993, 140
Trd, 4319009.993, 140
Trd, 4319010.193, 139
Trd, 4319010.543, 125
Trd, 4319010.893, 117
Trd, 4319011.793, 115
Trd, 4319012.893, 96
Trd, 4319013.543, 140
Trd, 4319014.193, 140
Trd, 4319014.593, 139
Trd, 4319015.643, 139
Trd, 4319016.593, 140
Trd, 4319017.293, 90
Trd, 4319018.643, 140
Trd, 4319018.743, 139
Trd, 4319019.943, 140
Trd, 4319021.543, 140
Trd, 4319021.593, 140
Trd, 4319021.693, 134
Trd, 4319022.943, 140
Trd, 4319023.443, 140
Trd, 4319025.393, 140
Trd, 4319025.843, 140
Trd, 4319026.343, 123
Trd, 4319026.593, 90
Trd, 4319027.793, 74
Trd, 4319028.143, 140
Trd, 4319029.143, 140
Trd, 4319030.643, 140
Trd, 4319031.843, 140
Trd, 4319032.443, 140
Trd, 4319033.143, 140
Trd, 4319034.093, 140
Trd, 4319034.243, 140
Trd, 4319034.543, 89
Trd, 4319035.843, 61
Trd, 4319036.643, 140
Trd, 4319037.693, 139
Trd, 4319037.793, 118
Trd, 4319037.943, 108
Trd, 4319039.093, 126
Trd, 4319039.243, 126
Trd, 4319040.093, 137
Trd, 4319041.293, 130
Trd, 4319041.743, 129
Trd, 4319043.093, 140
Trd, 4319043.143, 139
Trd, 4319045.443, 140
Trd, 4319045.793, 138
Trd, 4319047.143, 140
Trd, 4319047.443, 133
Trd, 4319048.043, 126
Trd, 4319048.643, 119
Trd, 4319049.843, 92
Trd, 4319051.243, 139
Trd, 4319051.443, 139
Trd, 4319052.343, 140
Trd, 4319054.443, 140
Trd, 4319055.043, 140
Trd, 4319055.293, 140
Trd, 4319055.543, 140
Trd, 4319056.143, 139
Trd, 4319056.493, 123
Trd, 4319058.343, 140
Trd, 4319058.793, 139
Trd, 4319059.793, 129
Trd, 4319060.343, 115
Trd, 4319061.993, 140
Trd, 4319062.693, 138
Trd, 4319062.893, 81
Trd, 4319064.243, 140
Trd, 4319065.443, 139
Trd, 4319065.993, 75
Trd, 4319067.143, 61
Trd, 4319067.193, 62
Trd, 4319067.843, 68
Trd, 4319068.443, 61
Trd, 4319068.543, 62
Trd, 4319068.693, 110
Trd, 4319069.793, 60
Trd, 4319070.143, 63
Trd, 4319070.643, 65
Trd, 4319071.093, 65
Trd, 4319071.643, 108
Trd, 4319073.243, 140
Trd, 4319074.143, 140
Trd, 4319074.243, 140
Trd, 4319075.543, 139
Trd, 4319077.243, 97
Trd, 4319077.643, 129
Trd, 4319077.893, 136
Trd, 4319078.043, 97
Trd, 4319079.043, 66
Trd, 4319080.593, 139
Trd, 4319081.143, 64
Trd, 4319081.693, 61
Trd, 4319082.443, 62
Trd, 4319082.693, 65
Trd, 4319082.993, 62
Trd, 4319084.093, 61
Trd, 4319084.143, 62
Trd, 4319084.643, 94
Trd, 4319086.793, 64
Trd, 4319088.043, 140
Trd, 4319088.143, 140
Trd, 4319089.143, 140
Trd, 4319089.393, 139
Trd, 4319090.293, 139
Trd, 4319091.343, 137
Trd, 4319092.043, 140
Trd, 4319092.343, 140
Trd, 4319092.843, 134
Trd, 4319094.593, 109
Trd, 4319094.743, 139
Trd, 4319096.993, 135
Trd, 4319097.143, 134
Trd, 4319099.043, 140
Trd, 4319099.393, 140
Trd, 4319099.443, 140
Trd, 4319100.093, 140
Trd, 4319100.443, 114
Trd, 4319100.493, 111
Trd, 4319101.343, 139
Trd, 4319102.743, 130
Trd, 4319104.093, 137
Trd, 4319105.793, 129
Trd, 4319106.393, 127
Trd, 4319106.543, 139
Trd, 4319107.443, 103
Trd, 4319108.293, 129
Trd, 4319109.193, 140
Trd, 4319109.493, 140
Trd, 4319110.943, 137
Trd, 4319111.693, 120
Trd, 4319112.043, 81
Trd, 4319113.793, 140
Trd, 4319114.743, 140
Trd, 4319115.593, 140
Trd, 4319117.893, 140
Trd, 4319117.943, 140
Trd, 4319118.893, 140
Trd, 4319119.443, 140
Trd, 4319119.793, 138
Trd, 4319120.543, 139
Trd, 4319121.093, 128
Trd, 4319123.243, 140
Trd, 4319123.643, 140
Trd, 4319124.793, 140
Trd, 4319125.443, 140
Trd, 4319126.093, 140
Trd, 4319127.043, 140
Trd, 4319127.393, 140
Trd, 4319127.643, 140
Trd, 4319127.743, 137
Trd, 4319128.943, 131
Trd, 4319131.093, 140
Trd, 4319131.643, 140
Trd, 4319131.743, 130
Trd, 4319133.343, 140
Trd, 4319133.593, 138
Trd, 4319134.193, 140
Trd, 4319134.743, 136
Trd, 4319135.043, 125
Trd, 4319135.843, 140
Trd, 4319138.193, 140
Trd, 4319140.743, 140
Trd, 4319140.943, 140
Trd, 4319142.043, 140
Trd, 4319142.443, 140
Trd, 4319143.843, 140
Trd, 4319144.593, 140
Trd, 4319144.693, 140
Trd, 4319145.293, 139
Trd, 4319145.943, 137
Trd, 4319147.143, 105
Trd, 4319148.043, 104
Trd, 4319149.743, 140
Trd, 4319149.793, 140
Trd, 4319149.943, 140
Trd, 4319150.193, 135
Trd, 4319151.993, 106
Trd, 4319152.043, 105
Trd, 4319152.393, 87
Trd, 4319152.643, 79
Trd, 4319153.393, 62
Trd, 4319154.843, 140
Trd, 4319154.993, 136
Trd, 4319156.243, 139
Trd, 4319157.843, 134
Trd, 4319159.243, 140
Trd, 4319160.243, 140
Trd, 4319160.593, 140
Trd, 4319162.293, 140
Trd, 4319162.443, 140
Trd, 4319163.543, 139
Trd, 4319164.043, 138
Trd, 4319164.493, 138
Trd, 4319165.093, 106
Trd, 4319166.143, 118
Trd, 4319166.893, 138
Trd, 4319167.443, 108
Trd, 4319167.893, 108
Trd, 4319168.843, 137
Trd, 4319169.893, 138
Trd, 4319171.193, 138
Trd, 4319172.393, 61
Trd, 4319173.243, 61
Trd, 4319173.343, 62
Trd, 4319173.743, 112
Trd, 4319173.993, 64
Trd, 4319174.843, 68
Trd, 4319176.243, 139
Trd, 4319176.493, 138
Trd, 4319177.293, 94
Trd, 4319178.543, 140
Trd, 4319178.593, 140
Trd, 4319179.843, 140
Trd, 4319180.593, 139
Trd, 4319181.343, 104
Trd, 4319181.743, 107
Trd, 4319182.093, 137
Trd, 4319183.243, 107
Trd, 4319184.643, 140
Trd, 4319185.643, 139
Trd, 4319186.693, 140
Trd, 4319187.193, 140
Trd, 4319187.843, 140
Trd, 4319187.943, 110
Trd, 4319190.993, 140
Trd, 4319192.143, 140
Trd, 4319192.543, 139
Trd, 4319194.143, 140
Trd, 4319194.293, 140
Trd, 4319194.493, 140
Trd, 4319195.643, 140
Trd, 4319196.243, 140
Trd, 4319197.343, 139
Trd, 4319199.143, 140
Trd, 4319199.593, 140
Trd, 4319201.243, 140
Trd, 4319201.743, 140
Trd, 4319202.093, 140
Trd, 4319203.343, 140
Trd, 4319204.043, 140
Trd, 4319204.993, 140
Trd, 4319205.043, 96
Trd, 4319207.093, 140
Trd, 4319208.493, 134
Trd, 4319209.343, 140
Trd, 4319209.943, 140
Trd, 4319210.293, 138
Trd, 4319210.943, 97
Trd, 4319211.243, 83
Trd, 4319211.993, 130
Trd, 4319214.093, 140
Trd, 4319214.293, 139
Trd, 4319215.043, 140
Trd, 4319216.143, 140
Trd, 4319217.443, 140
Trd, 4319217.493, 140
Trd, 4319218.793, 140
Trd, 4319220.843, 140
Trd, 4319221.343, 140
Trd, 4319221.993, 140
Trd, 4319223.643, 140
Trd, 4319224.593, 140
Trd, 4319225.593, 140
Trd, 4319225.743, 140
Trd, 4319225.793, 139
Trd, 4319226.693, 138
Trd, 4319227.293, 140
Trd, 4319228.393, 139
Trd, 4319228.793, 140
Trd, 4319230.443, 139
Trd, 4319230.743, 139
Trd, 4319231.843, 138
Trd, 4319232.043, 99
Trd, 4319234.843, 140
Trd, 4319235.543, 140
Trd, 4319235.893, 140
Trd, 4319237.393, 140
Trd, 4319237.543, 139
Trd, 4319237.593, 137
Trd, 4319238.393, 109
Trd, 4319238.493, 132
Trd, 4319239.693, 140
Trd, 4319240.043, 140
Trd, 4319241.293, 134
Trd, 4319242.393, 140
Trd, 4319243.193, 139
Trd, 4319244.543, 140
Trd, 4319246.993, 140
Trd, 4319247.243, 140
Trd, 4319248.493, 140
Trd, 4319250.193, 140
Trd, 4319250.343, 140
Trd, 4319250.443, 139
Trd, 4319250.693, 135
Trd, 4319252.543, 140
Trd, 4319252.643, 138
Trd, 4319253.093, 112
Trd, 4319254.043, 89
Trd, 4319254.293, 88
Trd, 4319254.493, 91
Trd, 4319254.593, 131
Trd, 4319254.643, 68
Trd, 4319255.143, 67
Trd, 4319257.543, 62
Trd, 4319257.593, 69
Trd, 4319259.243, 119
Trd, 4319259.343, 140
Trd, 4319260.393, 139
Trd, 4319261.243, 140
Trd, 4319261.943, 140
Trd, 4319262.693, 140
Trd, 4319262.793, 64
Trd, 4319263.243, 140
Trd, 4319266.293, 140
Trd, 4319266.493, 140
Trd, 4319267.693, 140
Trd, 4319267.843, 140
Trd, 4319268.843, 140
Trd, 4319269.443, 138
Trd, 4319269.693, 139
Trd, 4319270.593, 140
Trd, 4319271.693, 140
Trd, 4319273.043, 128
Trd, 4319273.793, 140
Trd, 4319274.793, 140
Trd, 4319275.793, 117
Trd, 4319275.893, 109
Trd, 4319276.543, 139
Trd, 4319276.943, 140
Trd, 4319277.293, 138
Trd, 4319279.043, 140
Trd, 4319279.443, 140
Trd, 4319281.443, 140
Trd, 4319281.843, 140
Trd, 4319283.043, 140
Trd, 4319284.043, 140
Trd, 4319284.293, 96
Trd, 4319285.443, 140
Trd, 4319285.793, 140
Trd, 4319286.243, 140
Trd, 4319288.393, 128
Trd, 4319288.693, 114
Trd, 4319290.393, 139
Trd, 4319290.643, 66
Trd, 4319291.093, 60
Trd, 4319291.893, 62
Trd, 4319292.843, 60
Trd, 4319293.043, 60
Trd, 4319293.943, 62
Trd, 4319294.043, 63
Trd, 4319294.893, 64
Trd, 4319295.393, 65
Trd, 4319295.593, 103
Trd, 4319295.793, 65
Trd, 4319296.943, 68
Trd, 4319297.343, 117
Trd, 4319299.343, 93
Trd, 4319299.993, 80
Trd, 4319300.193, 79
Trd, 4319300.693, 140
Trd, 4319301.143, 65
Trd, 4319303.693, 138
Trd, 4319304.193, 135
Trd, 4319305.193, 140
Trd, 4319307.393, 140
Trd, 4319308.293, 140
Trd, 4319308.443, 140
Trd, 4319309.843, 140
Trd, 4319310.543, 140
Trd, 4319310.993, 140
Trd, 4319312.043, 140
Trd, 4319312.543, 121
Trd, 4319313.193, 107
Trd, 4319314.693, 140
Trd, 4319316.143, 140
Trd, 4319318.193, 140
Trd, 4319318.393, 140
Trd, 4319319.143, 140
Trd, 4319319.443, 139
Trd, 4319320.043, 139
Trd, 4319320.143, 113
Trd, 4319320.393, 122
Trd, 4319321.043, 77
Trd, 4319323.493, 140
Trd, 4319324.743, 140
Trd, 4319325.343, 140
Trd, 4319325.443, 139
Trd, 4319327.093, 140
Trd, 4319327.393, 140
Trd, 4319328.393, 139
Trd, 4319328.693, 138
Trd, 4319328.993, 118
Trd, 4319330.393, 140
Trd, 4319330.593, 140
Trd, 4319332.393, 140
Trd, 4319334.543, 140
Trd, 4319335.343, 140
Trd, 4319335.593, 140
Trd, 4319336.093, 139
Trd, 4319336.993, 113
Trd, 4319338.743, 140
Trd, 4319338.793, 140
Trd, 4319339.793, 136
Trd, 4319340.793, 140
Trd, 4319341.243, 138
Trd, 4319343.343, 140
Trd, 4319343.793, 140
Trd, 4319344.093, 140
Trd, 4319344.143, 139
Trd, 4319347.643, 140
Trd, 4319347.843, 140
Trd, 4319348.243, 139
Trd, 4319349.393, 134
Trd, 4319350.243, 140
Trd, 4319350.393, 140
Trd, 4319353.493, 140
Trd, 4319353.893, 140
Trd, 4319353.993, 140
Trd, 4319354.243, 113
Trd, 4319355.743, 136
Trd, 4319356.193, 136
Trd, 4319356.993, 133
Trd, 4319358.343, 140
Trd, 4319359.793, 139
Trd, 4319360.693, 139
Trd, 4319361.593, 114
Trd, 4319362.043, 140
Trd, 4319362.293, 140
Trd, 4319363.993, 140
Trd, 4319364.493, 140
Trd, 4319365.793, 139
Trd, 4319366.893, 139
Trd, 4319367.493, 130
Trd, 4319367.943, 100
Trd, 4319368.743, 137
Trd, 4319369.093, 99
Trd, 4319370.893, 106
Trd, 4319371.243, 140
Trd, 4319372.693, 108
Trd, 4319373.843, 138
Trd, 4319374.243, 140
Trd, 4319374.443, 126
Trd, 4319374.543, 125
Trd, 4319377.443, 140
Trd, 4319378.593, 140
Trd, 4319379.793, 140
Trd, 4319380.043, 138
Trd, 4319380.593, 129
Trd, 4319381.043, 127
Trd, 4319382.293, 140
Trd, 4319383.843, 140
Trd, 4319384.693, 140
Trd, 4319385.143, 140
Trd, 4319385.243, 140
Trd, 4319385.543, 140
Trd, 4319385.843, 140
Trd, 4319388.343, 140
Trd, 4319390.243, 132
Trd, 4319390.493, 140
Trd, 4319392.293, 140
Trd, 4319392.693, 140
Trd, 4319394.193, 140
Trd, 4319394.393, 135
Trd, 4319395.293, 140
Trd, 4319395.493, 92
Trd, 4319396.093, 127
Trd, 4319396.243, 98
Trd, 4319397.193, 91
Trd, 4319398.843, 140
Trd, 4319399.193, 140
Trd, 4319399.493, 140
Trd, 4319399.993, 136
Trd, 4319400.293, 126
Trd, 4319403.343, 140
Trd, 4319403.743, 140
Trd, 4319405.543, 140
Trd, 4319405.843, 140
Trd, 4319405.893, 120
Trd, 4319407.843, 137
Trd, 4319407.993, 137
Trd, 4319409.093, 140
Trd, 4319409.543, 140
Trd, 4319410.743, 140
Trd, 4319410.943, 140
Trd, 4319412.093, 140
Trd, 4319413.493, 140
Trd, 4319413.943, 139
Trd, 4319414.293, 105
Trd, 4319414.993, 140
Trd, 4319415.343, 92
Trd, 4319415.693, 140
Trd, 4319416.843, 140
Trd, 4319417.293, 107
Trd, 4319419.393, 140
Trd, 4319419.893, 139
Trd, 4319420.493, 140
Trd, 4319421.893, 140
Trd, 4319422.693, 94
Trd, 4319423.393, 135
Trd, 4319423.443, 129
Trd, 4319425.043, 140
Trd, 4319425.343, 140
Trd, 4319425.493, 140
Trd, 4319425.693, 98
Trd, 4319426.493, 109
Trd, 4319427.043, 114
Trd, 4319428.243, 140
Trd, 4319428.693, 140
Trd, 4319429.093, 116
Trd, 4319430.043, 137
Trd, 4319431.043, 137
Trd, 4319431.093, 115
Trd, 4319431.693, 134
Trd, 4319432.193, 116
Trd, 4319432.293, 70
Trd, 4319434.143, 140
Trd, 4319435.343, 140
Trd, 4319435.693, 140
Trd, 4319437.543, 140
Trd, 4319439.043, 140
Trd, 4319439.993, 140
Trd, 4319440.093, 140
Trd, 4319440.793, 140
Trd, 4319442.293, 140
Trd, 4319442.493, 140
Trd, 4319443.143, 140
Trd, 4319444.143, 140
Trd, 4319444.443, 140
Trd, 4319445.993, 117
Trd, 4319446.393, 117
Trd, 4319446.493, 105
Trd, 4319448.193, 106
Trd, 4319448.943, 139
Trd, 4319450.193, 140
Trd, 4319451.193, 140
Trd, 4319451.743, 140
Trd, 4319452.543, 140
Trd, 4319452.893, 140
Trd, 4319453.843, 140
Trd, 4319455.043, 140
Trd, 4319456.843, 140
Trd, 4319456.943, 139
Trd, 4319457.343, 140
Trd, 4319458.893, 139
Trd, 4319459.993, 124
Trd, 4319462.493, 140
Trd, 4319463.143, 140
Trd, 4319463.943, 140
Trd, 4319464.593, 140
Trd, 4319464.993, 138
Trd, 4319465.193, 135
Trd, 4319465.243, 98
Trd, 4319467.093, 135
Trd, 4319467.343, 107
Trd, 4319467.593, 140
Trd, 4319468.143, 60
Trd, 4319468.543, 61
Trd, 4319469.793, 117
Trd, 4319470.543, 110
Trd, 4319470.643, 109
Trd, 4319471.743, 106
Trd, 4319471.843, 130
Trd, 4319472.893, 80
Trd, 4319473.793, 75
Trd, 4319474.543, 137
Trd, 4319474.943, 140
Trd, 4319476.993, 140
Trd, 4319477.243, 140
Trd, 4319477.743, 140
Trd, 4319477.843, 139
Trd, 4319479.293, 140
Trd, 4319479.593, 109
Trd, 4319479.943, 140
Trd, 4319481.043, 122
Trd, 4319482.043, 63
Trd, 4319482.343, 64
Trd, 4319482.643, 63
Trd, 4319483.493, 109
Trd, 4319484.043, 140
Trd, 4319486.493, 140
Trd, 4319486.693, 140
Trd, 4319487.193, 140
Trd, 4319487.343, 140
Trd, 4319487.743, 139
Trd, 4319489.943, 140
Trd, 4319490.493, 140
Trd, 4319490.593, 140
Trd, 4319492.043, 140
Trd, 4319492.293, 116
Trd, 4319492.993, 89
Trd, 4319493.393, 61
Trd, 4319494.793, 60
Trd, 4319496.243, 140
Trd, 4319497.143, 140
Trd, 4319497.793, 140
Trd, 4319498.893, 139
Trd, 4319498.993, 140
Trd, 4319500.293, 131
Trd, 4319501.193, 138
Trd, 4319502.543, 116
Trd, 4319503.793, 140
Trd, 4319505.193, 140
Trd, 4319505.543, 140
Trd, 4319505.793, 139
Trd, 4319507.243, 139
Trd, 4319508.293, 140
Trd, 4319508.593, 138
Trd, 4319510.643, 121
Trd, 4319510.743, 119
Trd, 4319511.543, 140
Trd, 4319513.493, 140
Trd, 4319514.143, 140
Trd, 4319515.193, 140
Trd, 4319515.693, 139
Trd, 4319516.243, 140
Trd, 4319516.343, 139
Trd, 4319516.843, 140
Trd, 4319517.993, 140
Trd, 4319518.593, 85
Trd, 4319518.893, 88
Trd, 4319521.443, 140
Trd, 4319521.543, 140
Trd, 4319523.793, 140
Trd, 4319524.093, 140
Trd, 4319525.343, 140
Trd, 4319525.843, 140
Trd, 4319527.593, 140
Trd, 4319528.043, 140
Trd, 4319528.243, 140
Trd, 4319528.543, 140
Trd, 4319528.743, 140
Trd, 4319530.743, 139
Trd, 4319532.193, 140
Trd, 4319534.293, 140
Trd, 4319534.793, 140
Trd, 4319535.593, 140
Trd, 4319536.343, 140
Trd, 4319536.643, 140
Trd, 4319538.243, 140
Trd, 4319539.843, 139
Trd, 4319540.393, 139
Trd, 4319541.243, 130
Trd, 4319541.793, 130
Trd, 4319542.993, 140
Trd, 4319543.693, 140
Trd, 4319544.343, 140
Trd, 4319544.593, 127
Trd, 4319545.143, 139
Trd, 4319546.093, 135
Trd, 4319547.693, 140
Trd, 4319547.893, 124
Trd, 4319548.743, 112
Trd, 4319549.943, 140
Trd, 4319550.893, 140
Trd, 4319551.293, 106
Trd, 4319552.243, 132
Trd, 4319552.293, 101
Trd, 4319553.693, 140
Trd, 4319553.993, 111
Trd, 4319554.343, 109
Trd, 4319554.993, 105
Trd, 4319556.543, 136
Trd, 4319556.743, 109
Trd, 4319557.943, 140
Trd, 4319559.193, 140
Trd, 4319559.493, 140
Trd, 4319559.793, 139
Trd, 4319560.043, 115
Trd, 4319561.893, 140
Trd, 4319562.943, 138
Trd, 4319563.793, 140
Trd, 4319564.493, 108
Trd, 4319565.893, 138
Trd, 4319566.543, 122
Trd, 4319567.043, 121
Trd, 4319568.493, 140
Trd, 4319569.193, 128
Trd, 4319569.743, 122
Trd, 4319570.893, 140
Trd, 4319571.593, 140
Trd, 4319572.343, 140
Trd, 4319572.893, 130
Trd, 4319574.043, 60
Trd, 4319574.243, 61
Trd, 4319575.743, 138
Trd, 4319576.493, 127
Trd, 4319577.243, 129
Trd, 4319577.843, 140
Trd, 4319579.093, 140
Trd, 4319579.443, 140
Trd, 4319579.743, 106
Trd, 4319580.643, 112
Trd, 4319580.793, 113
Trd, 4319581.893, 137
Trd, 4319582.343, 140
Trd, 4319583.293, 140
Trd, 4319583.543, 139
Trd, 4319584.343, 120
Trd, 4319585.193, 136
Trd, 4319586.043, 73
Trd, 4319586.593, 126
Trd, 4319587.443, 67
Trd, 4319588.643, 63
Trd, 4319589.643, 65
Trd, 4319590.043, 98
Trd, 4319590.143, 65
Trd, 4319590.343, 136
Trd, 4319592.093, 64
Trd, 4319592.593, 124
Trd, 4319593.793, 125
Trd, 4319594.293, 139
Trd, 4319595.093, 138
Trd, 4319595.693, 133
Trd, 4319595.943, 125
Trd, 4319596.593, 69
Trd, 4319596.843, 69
Trd, 4319597.543, 140
Trd, 4319598.693, 140
Trd, 4319599.843, 140
Trd, 4319600.443, 140
Trd, 4319600.693, 140
Trd, 4319601.343, 140
Trd, 4319602.393, 140
Trd, 4319602.693, 140
Trd, 4319602.943, 125
Trd, 4319603.393, 106
Trd, 4319604.093, 127
Trd, 4319605.343, 140
Trd, 4319605.393, 99
Trd, 4319607.243, 69
Trd, 4319609.693, 140
Trd, 4319610.243, 140
Trd, 4319611.593, 140
Trd, 4319611.843, 140
Trd, 4319612.843, 140
Trd, 4319613.743, 140
Trd, 4319615.443, 140
Trd, 4319615.893, 140
Trd, 4319616.093, 140
Trd, 4319616.693, 140
Trd, 4319617.193, 138
Trd, 4319618.293, 111
Trd, 4319619.243, 93
Trd, 4319619.443, 140
Trd, 4319620.393, 138
Trd, 4319623.193, 140
Trd, 4319623.243, 140
Trd, 4319623.593, 139
Trd, 4319624.643, 140
Trd, 4319624.793, 124
Trd, 4319625.243, 81
Trd, 4319626.143, 82
Trd, 4319626.893, 140
Trd, 4319628.943, 140
Trd, 4319629.143, 140
Trd, 4319629.493, 139
Trd, 4319630.643, 139
Trd, 4319630.693, 103
Trd, 4319631.593, 138
Trd, 4319632.393, 138
Trd, 4319632.593, 125
Trd, 4319632.643, 124
Trd, 4319633.743, 139
Trd, 4319635.643, 140
Trd, 4319636.443, 140
Trd, 4319637.243, 140
Trd, 4319638.793, 140
Trd, 4319639.443, 140
Trd, 4319639.593, 140
Trd, 4319640.843, 140
Trd, 4319642.643, 140
Trd, 4319643.093, 140
Trd, 4319643.493, 140
Trd, 4319644.393, 140
Trd, 4319644.493, 140
Trd, 4319645.793, 138
Trd, 4319647.293, 140
Trd, 4319647.693, 140
Trd, 4319648.893, 140
Trd, 4319648.993, 139
Trd, 4319649.093, 139
Trd, 4319650.443, 117
Trd, 4319651.893, 103
Trd, 4319652.093, 80
Trd, 4319654.593, 140
Trd, 4319654.743, 140
Trd, 4319655.543, 140
Trd, 4319656.443, 140
Trd, 4319657.293, 140
Trd, 4319657.843, 140
Trd, 4319658.943, 140
Trd, 4319660.143, 140
Trd, 4319661.643, 140
Trd, 4319662.043, 140
Trd, 4319663.343, 140
Trd, 4319664.043, 139
Trd, 4319664.243, 111
Trd, 4319665.093, 139
Trd, 4319665.243, 138
Trd, 4319665.943, 126
Trd, 4319666.993, 118
Trd, 4319667.393, 73
Trd, 4319668.243, 140
Trd, 4319669.043, 140
Trd, 4319669.993, 140
Trd, 4319672.143, 140
Trd, 4319673.143, 140
Trd, 4319673.593, 140
Trd, 4319674.043, 140
Trd, 4319675.043, 140
Trd, 4319675.243, 110
Trd, 4319676.143, 140
Trd, 4319677.143, 140
Trd, 4319678.693, 140
Trd, 4319679.193, 140
Trd, 4319679.843, 138
Trd, 4319680.443, 140
Trd, 4319681.043, 93
Trd, 4319681.943, 92
Trd, 4319682.343, 92
Trd, 4319683.493, 139
Trd, 4319684.893, 140
Trd, 4319685.593, 140
Trd, 4319687.493, 140
Trd, 4319687.593, 140
Trd, 4319687.693, 140
Trd, 4319690.243, 140
Trd, 4319690.743, 140
Trd, 4319691.843, 140
Trd, 4319692.493, 140
Trd, 4319692.643, 140
Trd, 4319692.893, 135
Trd, 4319693.043, 132
Trd, 4319693.193, 107
Trd, 4319693.893, 60
Trd, 4319694.543, 61
Trd, 4319695.043, 103
Trd, 4319696.293, 60
Trd, 4319696.693, 105
Trd, 4319697.193, 99
Trd, 4319697.543, 81
Trd, 4319697.993, 137
Trd, 4319699.143, 137
Trd, 4319699.993, 137
Trd, 4319701.243, 140
Trd, 4319702.393, 138
Trd, 4319702.893, 115
Trd, 4319703.943, 80
Trd, 4319704.243, 63
Trd, 4319705.293, 140
Trd, 4319705.643, 139
Trd, 4319706.293, 140
Trd, 4319707.193, 139
Trd, 4319707.693, 127
Trd, 4319708.343, 128
Trd, 4319709.043, 113
Trd, 4319709.993, 109
Trd, 4319711.343, 140
Trd, 4319711.393, 140
Trd, 4319711.443, 119
Trd, 4319712.643, 137
Trd, 4319713.743, 136
Trd, 4319715.343, 98
Trd, 4319715.393, 97
Trd, 4319716.293, 140
Trd, 4319717.043, 140
Trd, 4319717.093, 138
Trd, 4319719.793, 140
Trd, 4319719.943, 126
Trd, 4319720.593, 122
Trd, 4319721.143, 140
Trd, 4319722.943, 140
Trd, 4319723.443, 140
Trd, 4319724.243, 125
Trd, 4319724.293, 123
Trd, 4319726.843, 139
Trd, 4319727.043, 127
Trd, 4319727.993, 95
Trd, 4319728.393, 140
Trd, 4319729.343, 97
Trd, 4319729.743, 129
Trd, 4319730.993, 140
Trd, 4319731.093, 140
Trd, 4319731.643, 140
Trd, 4319732.143, 140
Trd, 4319734.193, 134
Trd, 4319735.693, 140
Trd, 4319738.293, 140
Trd, 4319738.493, 140
Trd, 4319739.093, 140
Trd, 4319739.193, 138
Trd, 4319740.343, 127
Trd, 4319740.693, 139
Trd, 4319740.943, 126
Trd, 4319742.243, 85
Trd, 4319742.943, 104
Trd, 4319744.243, 138
Trd, 4319745.443, 140
Trd, 4319746.243, 140
Trd, 4319747.793, 140
Trd, 4319747.893, 140
Trd, 4319748.593, 140
Trd, 4319748.643, 139
Trd, 4319750.043, 115
Trd, 4319750.743, 124
Trd, 4319751.193, 84
Trd, 4319752.593, 140
Trd, 4319752.893, 140
Trd, 4319754.743, 140
Trd, 4319754.893, 139
Trd, 4319755.343, 83
Trd, 4319756.143, 77
Trd, 4319756.893, 139
Trd, 4319757.493, 140
Trd, 4319757.743, 109
Trd, 4319759.693, 140
Trd, 4319760.343, 140
Trd, 4319761.393, 140
Trd, 4319761.693, 140
Trd, 4319762.593, 140
Trd, 4319763.193, 140
Trd, 4319763.543, 140
Trd, 4319764.243, 140
Trd, 4319764.693, 135
Trd, 4319765.893, 140
Trd, 4319766.593, 140
Trd, 4319768.193, 140
Trd, 4319768.493, 138
Trd, 4319768.543, 126
Trd, 4319769.043, 88
Trd, 4319770.193, 140
Trd, 4319772.393, 140
Trd, 4319772.443, 140
Trd, 4319773.543, 140
Trd, 4319775.493, 140
Trd, 4319776.043, 140
Trd, 4319776.143, 139
Trd, 4319777.393, 140
Trd, 4319779.643, 140
Trd, 4319780.443, 140
Trd, 4319781.493, 140
Trd, 4319781.743, 140
Trd, 4319782.043, 139
Trd, 4319782.643, 139
Trd, 4319784.143, 138
Trd, 4319784.893, 78
Trd, 4319785.293, 76
Trd, 4319785.893, 140
Trd, 4319786.593, 140
Trd, 4319787.543, 131
Trd, 4319787.793, 99
Trd, 4319788.043, 92
Trd, 4319788.893, 91
Trd, 4319790.143, 140
Trd, 4319791.943, 140
Trd, 4319792.943, 140
Trd, 4319793.943, 140
Trd, 4319794.893, 139
Trd, 4319795.443, 129
Trd, 4319795.843, 127
Trd, 4319797.343, 140
Trd, 4319798.793, 140
Trd, 4319798.893, 140
Trd, 4319799.993, 140
Trd, 4319801.593, 140
Trd, 4319802.443, 140
Trd, 4319803.293, 130
Trd, 4319803.543, 129
Trd, 4319803.593, 126
Trd, 4319804.443, 140
Trd, 4319804.743, 140
Trd, 4319805.543, 140
Trd, 4319807.593, 140
Trd, 4319808.443, 140
Trd, 4319808.943, 140
Trd, 4319809.593, 140
Trd, 4319810.743, 139
Trd, 4319811.193, 138
Trd, 4319811.943, 140
Trd, 4319812.243, 103
Trd, 4319813.143, 113
Trd, 4319814.643, 140
Trd, 4319817.043, 140
Trd, 4319817.293, 140
Trd, 4319817.743, 140
Trd, 4319818.793, 139
Trd, 4319820.793, 140
Trd, 4319821.093, 140
Trd, 4319821.293, 108
Trd, 4319821.443, 107
Trd, 4319822.543, 137
Trd, 4319823.693, 140
Trd, 4319823.993, 139
Trd, 4319824.593, 139
Trd, 4319824.743, 126
Trd, 4319827.093, 140
Trd, 4319829.393, 140
Trd, 4319829.543, 140
Trd, 4319829.943, 139
Trd, 4319829.993, 99
Trd, 4319830.643, 107
Trd, 4319830.693, 93
Trd, 4319831.193, 140
Trd, 4319832.443, 140
Trd, 4319833.743, 140
Trd, 4319833.843, 140
Trd, 4319835.493, 133
Trd, 4319836.043, 139
Trd, 4319836.893, 115
Trd, 4319838.143, 140
Trd, 4319838.393, 140
Trd, 4319838.793, 124
Trd, 4319840.443, 140
Trd, 4319840.693, 139
Trd, 4319841.443, 140
Trd, 4319841.943, 135
Trd, 4319843.393, 140
Trd, 4319843.443, 140
Trd, 4319844.043, 140
Trd, 4319844.093, 140
Trd, 4319844.643, 76
Trd, 4319845.543, 110
Trd, 4319846.093, 139
Trd, 4319849.693, 140
Trd, 4319850.143, 140
Trd, 4319851.143, 140
Trd, 4319851.343, 140
Trd, 4319852.543, 140
Trd, 4319853.443, 117
Trd, 4319854.493, 109
Trd, 4319855.593, 132
Trd, 4319857.193, 140
Trd, 4319858.543, 140
Trd, 4319859.293, 140
Trd, 4319859.543, 140
Trd, 4319859.693, 139
Trd, 4319860.143, 97
Trd, 4319860.843, 97
Trd, 4319861.793, 65
Trd, 4319862.243, 64
Trd, 4319862.643, 76
Trd, 4319863.393, 140
Trd, 4319866.043, 140
Trd, 4319866.143, 139
Trd, 4319867.493, 140
Trd, 4319867.643, 139
Trd, 4319867.893, 113
Trd, 4319871.043, 140
Trd, 4319871.093, 140
Trd, 4319871.143, 139
Trd, 4319872.093, 134
Trd, 4319874.193, 138
Trd, 4319874.993, 140
Trd, 4319875.093, 139
Trd, 4319877.043, 140
Trd, 4319877.643, 139
Trd, 4319878.393, 137
Trd, 4319879.343, 136
Trd, 4319880.643, 139
Trd, 4319881.193, 137
Trd, 4319881.643, 137
Trd, 4319882.193, 106
Trd, 4319883.993, 140
Trd, 4319884.743, 140
Trd, 4319885.243, 138
Trd, 4319886.293, 128
Trd, 4319886.343, 121
Trd, 4319886.943, 140
Trd, 4319888.793, 140
Trd, 4319889.193, 140
Trd, 4319889.593, 138
Trd, 4319890.643, 137
Trd, 4319890.743, 136
Trd, 4319891.543, 140
Trd, 4319891.743, 135
Trd, 4319894.193, 140
Trd, 4319894.543, 140
Trd, 4319894.793, 137
Trd, 4319896.093, 140
Trd, 4319896.943, 140
Trd, 4319898.143, 140
Trd, 4319898.643, 140
Trd, 4319900.593, 140
Trd, 4319900.893, 140
Trd, 4319901.243, 124
Trd, 4319901.393, 125
Trd, 4319902.193, 96
Trd, 4319902.893, 136
Trd, 4319903.093, 97
Trd, 4319903.793, 94
Trd, 4319904.493, 139
Trd, 4319904.793, 86
Trd, 4319905.793, 140
Trd, 4319906.543, 140
Trd, 4319907.493, 140
Trd, 4319908.343, 63
Trd, 4319908.743, 61
Trd, 4319909.993, 135
Trd, 4319910.643, 138
Trd, 4319911.393, 119
Trd, 4319911.493, 101
Trd, 4319913.193, 140
Trd, 4319913.443, 139
Trd, 4319915.093, 93
Trd, 4319916.443, 104
Trd, 4319916.543, 103
Trd, 4319917.443, 140
Trd, 4319918.543, 138
Trd, 4319918.893, 105
Trd, 4319920.043, 140
Trd, 4319920.393, 140
Trd, 4319921.243, 140
Trd, 4319922.593, 140
Trd, 4319922.993, 114
Trd, 4319923.243, 97
Trd, 4319924.543, 138
Trd, 4319925.543, 140
Trd, 4319927.743, 140
Trd, 4319927.793, 140
Trd, 4319928.043, 140
Trd, 4319929.293, 139
Trd, 4319929.793, 139
Trd, 4319930.493, 138
Trd, 4319930.593, 116
Trd, 4319931.293, 139
Trd, 4319931.993, 135
Trd, 4319932.193, 139
Trd, 4319933.393, 134
Trd, 4319935.293, 132
Trd, 4319936.093, 140
Trd, 4319936.793, 140
Trd, 4319937.443, 139
Trd, 4319937.893, 133
Trd, 4319938.193, 109
Trd, 4319938.493, 82
Trd, 4319940.093, 140
Trd, 4319941.243, 140
Trd, 4319943.943, 140
Trd, 4319944.443, 140
Trd, 4319945.893, 140
Trd, 4319945.993, 140
Trd, 4319946.143, 140
Trd, 4319947.043, 140
Trd, 4319947.493, 140
Trd, 4319948.693, 61
Trd, 4319949.493, 73
Trd, 4319950.393, 140
Trd, 4319951.043, 140
Trd, 4319951.493, 140
Trd, 4319952.793, 140
Trd, 4319953.543, 140
Trd, 4319954.243, 140
Trd, 4319954.993, 140
Trd, 4319955.343, 138
Trd, 4319956.643, 113
Trd, 4319956.943, 83
Trd, 4319957.893, 140
Trd, 4319959.143, 140
Trd, 4319959.643, 140
Trd, 4319960.243, 139
Trd, 4319961.843, 138
Trd, 4319962.443, 137
Trd, 4319962.943, 129
Trd, 4319964.093, 140
Trd, 4319964.393, 140
Trd, 4319966.943, 140
Trd, 4319967.893, 140
Trd, 4319968.193, 139
Trd, 4319968.643, 140
Trd, 4319968.693, 138
Trd, 4319970.043, 111
Trd, 4319970.443, 109
Trd, 4319970.793, 81
Trd, 4319971.243, 62
Trd, 4319972.243, 125
Trd, 4319972.893, 73
Trd, 4319974.043, 70
Trd, 4319974.393, 110
Trd, 4319975.893, 63
Trd, 4319976.043, 64
Trd, 4319976.443, 117
Trd, 4319976.543, 63
Trd, 4319976.943, 62
Trd, 4319977.143, 61
Trd, 4319978.593, 67
Trd, 4319979.043, 66
Trd, 4319979.993, 97
Trd, 4319980.793, 140
Trd, 4319981.693, 73
Trd, 4319983.243, 138
Trd, 4319983.793, 140
Trd, 4319984.043, 140
Trd, 4319984.493, 140
Trd, 4319986.143, 134
Trd, 4319987.443, 139
Trd, 4319987.543, 138
Trd, 4319989.193, 140
Trd, 4319989.593, 140
Trd, 4319989.743, 134
Trd, 4319989.843, 113
Trd, 4319991.393, 111
Trd, 4319991.793, 138
Trd, 4319992.243, 140
Trd, 4319994.893, 140
Trd, 4319995.993, 140
Trd, 4319997.143, 140
Trd, 4319997.693, 136
Trd, 4319998.193, 108
Trd, 4319998.643, 140
Trd, 4319999.093, 79
Trd, 4319999.193, 74
