Trd, 4318178.293, 139
Trd, 4318178.493, 111
Trd, 4318178.693, 131
Trd, 4318179.593, 137
Trd, 4318179.893, 124
Trd, 4318180.493, 138
Trd, 4318180.743, 108
Trd, 4318181.743, 136
Trd, 4318181.993, 108
Trd, 4318182.493, 81
Trd, 4318183.593, 140
Trd, 4318183.843, 140
Trd, 4318186.143, 140
Trd, 4318186.543, 140
Trd, 4318186.943, 140
Trd, 4318187.493, 118
Trd, 4318187.643, 90
Trd, 4318188.643, 137
Trd, 4318190.143, 140
Trd, 4318190.443, 140
Trd, 4318190.893, 139
Trd, 4318191.043, 139
Trd, 4318191.293, 138
Trd, 4318191.393, 136
Trd, 4318193.843, 140
Trd, 4318195.143, 140
Trd, 4318195.493, 140
Trd, 4318195.643, 140
Trd, 4318195.893, 138
Trd, 4318195.943, 135
Trd, 4318196.893, 106
Trd, 4318197.593, 139
Trd, 4318197.893, 125
Trd, 4318198.093, 139
Trd, 4318200.343, 140
Trd, 4318200.793, 140
Trd, 4318200.843, 139
Trd, 4318201.343, 138
Trd, 4318202.243, 84
Trd, 4318202.693, 61
Trd, 4318203.093, 61
Trd, 4318204.293, 140
Trd, 4318204.993, 134
Trd, 4318206.093, 140
Trd, 4318206.343, 140
Trd, 4318207.293, 140
Trd, 4318207.593, 140
Trd, 4318209.593, 139
Trd, 4318209.693, 139
Trd, 4318210.493, 140
Trd, 4318210.593, 138
Trd, 4318211.943, 140
Trd, 4318212.693, 140
Trd, 4318213.143, 139
Trd, 4318214.093, 139
Trd, 4318214.143, 138
Trd, 4318215.293, 140
Trd, 4318215.693, 140
Trd, 4318217.043, 140
Trd, 4318218.243, 140
Trd, 4318219.043, 140
Trd, 4318219.393, 140
Trd, 4318219.693, 140
Trd, 4318219.993, 126
Trd, 4318220.893, 140
Trd, 4318221.293, 140
Trd, 4318221.693, 140
Trd, 4318222.043, 140
Trd, 4318222.393, 103
Trd, 4318223.143, 139
Trd, 4318223.893, 61
Trd, 4318224.143, 63
Trd, 4318224.593, 104
Trd, 4318225.293, 140
Trd, 4318225.593, 140
Trd, 4318226.793, 140
Trd, 4318226.993, 140
Trd, 4318227.343, 140
Trd, 4318228.493, 140
Trd, 4318230.443, 140
Trd, 4318230.843, 140
Trd, 4318230.893, 136
Trd, 4318230.943, 135
Trd, 4318231.693, 88
Trd, 4318231.743, 88
Trd, 4318232.493, 140
Trd, 4318232.843, 102
Trd, 4318234.243, 139
Trd, 4318234.643, 138
Trd, 4318235.493, 140
Trd, 4318235.843, 140
Trd, 4318237.543, 140
Trd, 4318238.793, 140
Trd, 4318238.943, 140
Trd, 4318239.493, 139
Trd, 4318239.793, 140
Trd, 4318240.393, 80
Trd, 4318240.793, 140
Trd, 4318240.843, 99
Trd, 4318241.393, 140
Trd, 4318242.543, 139
Trd, 4318244.743, 140
Trd, 4318245.093, 140
Trd, 4318245.143, 140
Trd, 4318245.243, 138
Trd, 4318245.693, 135
Trd, 4318245.893, 134
Trd, 4318247.393, 140
Trd, 4318247.493, 140
Trd, 4318248.293, 140
Trd, 4318248.493, 140
Trd, 4318249.693, 129
Trd, 4318250.743, 138
Trd, 4318250.993, 77
Trd, 4318252.543, 140
Trd, 4318253.143, 139
Trd, 4318254.243, 137
Trd, 4318254.543, 92
Trd, 4318254.693, 91
Trd, 4318256.043, 139
Trd, 4318256.643, 140
Trd, 4318256.893, 139
Trd, 4318256.943, 139
Trd, 4318258.493, 139
Trd, 4318260.143, 140
Trd, 4318260.393, 139
Trd, 4318261.243, 138
Trd, 4318261.943, 139
Trd, 4318261.993, 138
Trd, 4318262.643, 107
Trd, 4318263.593, 139
Trd, 4318264.693, 140
Trd, 4318264.793, 139
Trd, 4318265.543, 61
Trd, 4318265.893, 60
Trd, 4318266.493, 60
Trd, 4318266.793, 60
Trd, 4318267.093, 60
Trd, 4318267.593, 60
Trd, 4318269.443, 60
Trd, 4318271.043, 60
Trd, 4318271.443, 63
Trd, 4318271.543, 64
Trd, 4318272.193, 61
Trd, 4318272.593, 66
Trd, 4318272.643, 67
Trd, 4318273.293, 65
Trd, 4318274.693, 64
Trd, 4318274.993, 62
Trd, 4318275.043, 62
Trd, 4318275.843, 65
Trd, 4318276.243, 64
Trd, 4318276.993, 60
Trd, 4318278.443, 61
Trd, 4318278.543, 84
Trd, 4318278.793, 65
Trd, 4318279.793, 60
Trd, 4318279.843, 63
Trd, 4318281.993, 140
Trd, 4318282.243, 140
Trd, 4318282.993, 139
Trd, 4318283.343, 100
Trd, 4318284.193, 140
Trd, 4318284.843, 139
Trd, 4318285.893, 140
Trd, 4318286.093, 138
Trd, 4318286.893, 140
Trd, 4318286.943, 140
Trd, 4318287.443, 67
Trd, 4318288.343, 139
Trd, 4318288.743, 140
Trd, 4318289.293, 140
Trd, 4318289.743, 91
Trd, 4318292.193, 140
Trd, 4318292.243, 140
Trd, 4318292.843, 140
Trd, 4318293.393, 139
Trd, 4318294.943, 140
Trd, 4318295.693, 140
Trd, 4318295.893, 140
Trd, 4318296.093, 138
Trd, 4318297.593, 140
Trd, 4318298.043, 129
Trd, 4318298.293, 128
Trd, 4318298.693, 140
Trd, 4318299.443, 115
Trd, 4318300.243, 125
Trd, 4318300.843, 73
Trd, 4318301.943, 60
Trd, 4318302.293, 60
Trd, 4318302.693, 62
Trd, 4318303.143, 74
Trd, 4318303.743, 76
Trd, 4318305.143, 140
Trd, 4318306.193, 140
Trd, 4318306.293, 140
Trd, 4318306.593, 140
Trd, 4318309.043, 140
Trd, 4318309.593, 140
Trd, 4318310.643, 140
Trd, 4318310.793, 140
Trd, 4318311.093, 123
Trd, 4318311.193, 101
Trd, 4318312.243, 140
Trd, 4318312.643, 61
Trd, 4318312.743, 62
Trd, 4318313.943, 62
Trd, 4318315.843, 60
Trd, 4318315.943, 62
Trd, 4318316.643, 62
Trd, 4318316.793, 63
Trd, 4318317.293, 65
Trd, 4318317.493, 140
Trd, 4318318.593, 61
Trd, 4318320.393, 60
Trd, 4318320.643, 60
Trd, 4318321.793, 60
Trd, 4318322.193, 61
Trd, 4318322.243, 61
Trd, 4318322.443, 62
Trd, 4318322.593, 62
Trd, 4318324.343, 60
Trd, 4318324.593, 60
Trd, 4318325.393, 60
Trd, 4318325.693, 62
Trd, 4318327.093, 61
Trd, 4318327.743, 61
Trd, 4318328.443, 60
Trd, 4318328.593, 60
Trd, 4318329.343, 60
Trd, 4318330.093, 60
Trd, 4318330.493, 60
Trd, 4318330.993, 62
Trd, 4318331.093, 65
Trd, 4318332.393, 60
Trd, 4318332.693, 63
Trd, 4318332.843, 65
Trd, 4318334.293, 60
Trd, 4318334.343, 60
Trd, 4318334.943, 61
Trd, 4318336.093, 60
Trd, 4318336.143, 60
Trd, 4318336.543, 61
Trd, 4318337.143, 66
Trd, 4318337.593, 61
Trd, 4318338.593, 60
Trd, 4318339.493, 60
Trd, 4318340.793, 62
Trd, 4318341.043, 61
Trd, 4318341.093, 64
Trd, 4318342.943, 62
Trd, 4318343.143, 60
Trd, 4318343.193, 63
Trd, 4318345.643, 60
Trd, 4318345.993, 61
Trd, 4318346.293, 62
Trd, 4318346.343, 61
Trd, 4318346.593, 62
Trd, 4318347.243, 60
Trd, 4318348.293, 60
Trd, 4318348.793, 60
Trd, 4318348.943, 61
Trd, 4318349.993, 60
Trd, 4318350.293, 61
Trd, 4318350.343, 62
Trd, 4318350.443, 60
Trd, 4318350.843, 139
Trd, 4318351.443, 139
Trd, 4318352.693, 115
Trd, 4318353.243, 140
Trd, 4318353.993, 139
Trd, 4318355.393, 140
Trd, 4318355.493, 139
Trd, 4318356.043, 140
Trd, 4318356.993, 139
Trd, 4318357.493, 108
Trd, 4318357.693, 95
Trd, 4318358.343, 140
Trd, 4318358.843, 140
Trd, 4318359.493, 140
Trd, 4318360.793, 140
Trd, 4318360.993, 140
Trd, 4318361.893, 140
Trd, 4318362.943, 140
Trd, 4318363.293, 140
Trd, 4318363.443, 139
Trd, 4318363.693, 140
Trd, 4318364.243, 91
Trd, 4318364.743, 139
Trd, 4318366.543, 139
Trd, 4318366.593, 135
Trd, 4318366.743, 89
Trd, 4318367.593, 60
Trd, 4318368.293, 136
Trd, 4318369.893, 140
Trd, 4318370.193, 140
Trd, 4318371.093, 140
Trd, 4318371.843, 140
Trd, 4318371.993, 139
Trd, 4318373.243, 140
Trd, 4318373.293, 140
Trd, 4318374.843, 140
Trd, 4318375.343, 139
Trd, 4318375.543, 139
Trd, 4318375.593, 116
Trd, 4318377.243, 60
Trd, 4318377.993, 63
Trd, 4318378.143, 70
Trd, 4318378.843, 131
Trd, 4318379.593, 119
Trd, 4318379.693, 96
Trd, 4318380.643, 140
Trd, 4318381.643, 140
Trd, 4318382.543, 140
Trd, 4318382.793, 140
Trd, 4318383.893, 140
Trd, 4318384.293, 140
Trd, 4318385.043, 140
Trd, 4318385.343, 140
Trd, 4318385.693, 140
Trd, 4318386.043, 137
Trd, 4318387.243, 96
Trd, 4318387.293, 94
Trd, 4318388.093, 140
Trd, 4318388.793, 66
Trd, 4318389.693, 60
Trd, 4318389.893, 61
Trd, 4318389.993, 64
Trd, 4318393.293, 140
Trd, 4318393.693, 140
Trd, 4318393.893, 140
Trd, 4318393.993, 140
Trd, 4318394.043, 139
Trd, 4318394.343, 125
Trd, 4318394.543, 87
Trd, 4318395.193, 138
Trd, 4318397.193, 104
Trd, 4318397.343, 83
Trd, 4318398.243, 140
Trd, 4318398.743, 140
Trd, 4318399.393, 139
Trd, 4318400.143, 140
Trd, 4318400.693, 140
Trd, 4318400.843, 139
Trd, 4318402.493, 140
Trd, 4318403.143, 140
Trd, 4318403.343, 140
Trd, 4318403.693, 140
Trd, 4318405.093, 86
Trd, 4318406.193, 109
Trd, 4318406.493, 109
Trd, 4318407.343, 140
Trd, 4318407.593, 140
Trd, 4318409.093, 140
Trd, 4318409.143, 140
Trd, 4318410.093, 140
Trd, 4318410.343, 140
Trd, 4318410.693, 62
Trd, 4318410.893, 137
Trd, 4318411.643, 110
Trd, 4318413.693, 139
Trd, 4318413.893, 139
Trd, 4318414.093, 139
Trd, 4318414.393, 139
Trd, 4318414.693, 88
Trd, 4318416.143, 140
Trd, 4318416.743, 139
Trd, 4318416.893, 136
Trd, 4318417.843, 140
Trd, 4318418.593, 140
Trd, 4318419.043, 139
Trd, 4318419.943, 138
Trd, 4318420.293, 132
Trd, 4318420.593, 136
Trd, 4318421.443, 110
Trd, 4318421.993, 139
Trd, 4318422.743, 139
Trd, 4318423.743, 140
Trd, 4318423.943, 137
Trd, 4318424.343, 136
Trd, 4318425.093, 139
Trd, 4318425.643, 64
Trd, 4318426.543, 140
Trd, 4318427.493, 140
Trd, 4318429.293, 140
Trd, 4318429.343, 140
Trd, 4318429.643, 140
Trd, 4318430.643, 140
Trd, 4318430.943, 140
Trd, 4318431.643, 95
Trd, 4318432.043, 140
Trd, 4318432.993, 139
Trd, 4318433.093, 97
Trd, 4318433.943, 118
Trd, 4318434.343, 118
Trd, 4318435.693, 140
Trd, 4318436.293, 139
Trd, 4318436.443, 138
Trd, 4318437.743, 140
Trd, 4318437.843, 137
Trd, 4318438.593, 60
Trd, 4318439.143, 61
Trd, 4318439.443, 139
Trd, 4318440.843, 61
Trd, 4318441.143, 62
Trd, 4318441.293, 138
Trd, 4318442.193, 139
Trd, 4318442.393, 75
Trd, 4318443.193, 60
Trd, 4318445.543, 60
Trd, 4318446.543, 60
Trd, 4318446.593, 60
Trd, 4318446.793, 62
Trd, 4318446.893, 72
Trd, 4318447.193, 60
Trd, 4318448.243, 60
Trd, 4318449.043, 60
Trd, 4318449.743, 61
Trd, 4318449.993, 62
Trd, 4318450.643, 61
Trd, 4318451.693, 61
Trd, 4318451.743, 62
Trd, 4318453.043, 62
Trd, 4318453.293, 63
Trd, 4318453.593, 60
Trd, 4318453.943, 139
Trd, 4318454.193, 81
Trd, 4318455.143, 140
Trd, 4318455.243, 137
Trd, 4318455.943, 65
Trd, 4318456.993, 137
Trd, 4318457.093, 133
Trd, 4318458.443, 92
Trd, 4318458.993, 140
Trd, 4318459.393, 120
Trd, 4318460.293, 60
Trd, 4318460.443, 84
Trd, 4318461.243, 140
Trd, 4318461.693, 126
Trd, 4318463.943, 61
Trd, 4318464.193, 62
Trd, 4318464.243, 63
Trd, 4318464.493, 65
Trd, 4318465.143, 61
Trd, 4318465.793, 61
Trd, 4318466.093, 60
Trd, 4318467.093, 61
Trd, 4318467.443, 62
Trd, 4318467.943, 64
Trd, 4318468.843, 60
Trd, 4318469.143, 62
Trd, 4318470.343, 61
Trd, 4318470.593, 60
Trd, 4318471.143, 62
Trd, 4318471.543, 61
Trd, 4318471.943, 60
Trd, 4318472.443, 60
Trd, 4318474.393, 60
Trd, 4318474.893, 60
Trd, 4318475.093, 60
Trd, 4318476.243, 60
Trd, 4318476.693, 60
Trd, 4318477.543, 60
Trd, 4318477.943, 60
Trd, 4318479.493, 60
Trd, 4318479.743, 61
Trd, 4318479.943, 64
Trd, 4318480.443, 61
Trd, 4318480.893, 60
Trd, 4318481.343, 61
Trd, 4318482.293, 61
Trd, 4318483.143, 65
Trd, 4318483.543, 65
Trd, 4318484.093, 61
Trd, 4318484.143, 63
Trd, 4318485.143, 138
Trd, 4318486.243, 62
Trd, 4318486.543, 63
Trd, 4318486.993, 75
Trd, 4318487.843, 140
Trd, 4318488.893, 121
Trd, 4318489.643, 71
Trd, 4318490.343, 66
Trd, 4318490.543, 62
Trd, 4318490.893, 64
Trd, 4318492.343, 60
Trd, 4318492.993, 60
Trd, 4318493.093, 60
Trd, 4318493.443, 60
Trd, 4318493.693, 64
Trd, 4318494.093, 64
Trd, 4318494.943, 140
Trd, 4318494.993, 74
Trd, 4318495.943, 140
Trd, 4318497.293, 140
Trd, 4318497.543, 140
Trd, 4318498.093, 139
Trd, 4318499.043, 60
Trd, 4318499.343, 60
Trd, 4318499.793, 61
Trd, 4318499.893, 61
Trd, 4318501.343, 60
Trd, 4318503.043, 60
Trd, 4318503.393, 60
Trd, 4318504.193, 60
Trd, 4318504.343, 63
Trd, 4318504.943, 60
Trd, 4318504.993, 69
Trd, 4318505.293, 136
Trd, 4318507.343, 60
Trd, 4318507.993, 60
Trd, 4318508.243, 61
Trd, 4318509.443, 60
Trd, 4318509.693, 61
Trd, 4318510.343, 60
Trd, 4318511.043, 61
Trd, 4318511.643, 61
Trd, 4318512.493, 60
Trd, 4318512.643, 60
Trd, 4318512.693, 63
Trd, 4318513.093, 62
Trd, 4318513.143, 66
Trd, 4318514.493, 140
Trd, 4318515.443, 140
Trd, 4318515.943, 140
Trd, 4318516.693, 138
Trd, 4318516.793, 73
Trd, 4318517.493, 140
Trd, 4318517.693, 140
Trd, 4318517.893, 140
Trd, 4318519.043, 60
Trd, 4318519.593, 60
Trd, 4318520.243, 138
Trd, 4318521.143, 71
Trd, 4318521.743, 61
Trd, 4318522.043, 60
Trd, 4318522.743, 60
Trd, 4318523.843, 61
Trd, 4318523.893, 61
Trd, 4318524.443, 61
Trd, 4318526.493, 60
Trd, 4318526.543, 60
Trd, 4318526.643, 61
Trd, 4318527.093, 65
Trd, 4318528.693, 60
Trd, 4318528.743, 60
Trd, 4318528.893, 62
Trd, 4318529.793, 60
Trd, 4318530.393, 61
Trd, 4318532.093, 60
Trd, 4318533.343, 60
Trd, 4318534.043, 60
Trd, 4318534.543, 60
Trd, 4318535.293, 60
Trd, 4318536.193, 61
Trd, 4318536.293, 62
Trd, 4318537.343, 60
Trd, 4318537.893, 62
Trd, 4318538.743, 60
Trd, 4318538.893, 62
Trd, 4318539.843, 69
Trd, 4318539.993, 70
Trd, 4318540.943, 69
Trd, 4318541.343, 61
Trd, 4318541.443, 63
Trd, 4318543.693, 60
Trd, 4318543.843, 60
Trd, 4318544.243, 61
Trd, 4318545.143, 61
Trd, 4318545.493, 60
Trd, 4318545.943, 60
Trd, 4318546.943, 63
Trd, 4318547.193, 61
Trd, 4318547.343, 65
Trd, 4318547.443, 60
Trd, 4318547.743, 67
Trd, 4318548.943, 60
Trd, 4318549.843, 60
Trd, 4318550.343, 61
Trd, 4318550.593, 62
Trd, 4318551.493, 60
Trd, 4318551.543, 63
Trd, 4318552.193, 63
Trd, 4318552.543, 68
Trd, 4318553.793, 140
Trd, 4318554.093, 140
Trd, 4318554.993, 139
Trd, 4318555.043, 118
Trd, 4318555.343, 65
Trd, 4318557.293, 140
Trd, 4318557.743, 140
Trd, 4318557.943, 139
Trd, 4318558.193, 74
Trd, 4318558.393, 66
Trd, 4318560.393, 140
Trd, 4318560.893, 140
Trd, 4318561.143, 140
Trd, 4318562.593, 139
Trd, 4318562.643, 137
Trd, 4318563.993, 139
Trd, 4318565.193, 140
Trd, 4318565.843, 138
Trd, 4318565.943, 78
Trd, 4318567.143, 140
Trd, 4318567.293, 99
Trd, 4318568.493, 140
Trd, 4318568.743, 114
Trd, 4318569.093, 60
Trd, 4318569.843, 140
Trd, 4318570.493, 140
Trd, 4318570.843, 140
Trd, 4318571.693, 114
Trd, 4318573.393, 139
Trd, 4318573.693, 130
Trd, 4318574.293, 63
Trd, 4318575.193, 60
Trd, 4318575.443, 63
Trd, 4318576.193, 71
Trd, 4318577.893, 140
Trd, 4318578.143, 140
Trd, 4318578.643, 140
Trd, 4318579.893, 140
Trd, 4318580.043, 138
Trd, 4318581.193, 134
Trd, 4318583.143, 140
Trd, 4318583.493, 140
Trd, 4318583.793, 139
Trd, 4318583.893, 120
Trd, 4318584.893, 140
Trd, 4318585.893, 140
Trd, 4318586.143, 139
Trd, 4318586.943, 140
Trd, 4318587.243, 106
Trd, 4318587.943, 72
Trd, 4318588.693, 60
Trd, 4318589.143, 137
Trd, 4318590.043, 140
Trd, 4318590.093, 140
Trd, 4318590.243, 138
Trd, 4318591.093, 101
Trd, 4318592.293, 60
Trd, 4318592.343, 62
Trd, 4318592.743, 128
Trd, 4318593.793, 63
Trd, 4318593.893, 63
Trd, 4318593.943, 65
Trd, 4318594.543, 60
Trd, 4318595.093, 61
Trd, 4318595.393, 69
Trd, 4318596.993, 68
Trd, 4318598.643, 60
Trd, 4318598.993, 61
Trd, 4318599.843, 60
Trd, 4318600.043, 61
Trd, 4318600.093, 63
Trd, 4318600.693, 60
Trd, 4318601.343, 60
Trd, 4318603.043, 60
Trd, 4318603.393, 60
Trd, 4318603.543, 61
Trd, 4318603.593, 61
Trd, 4318603.943, 62
Trd, 4318605.293, 60
Trd, 4318606.293, 139
Trd, 4318607.143, 60
Trd, 4318607.343, 60
Trd, 4318608.493, 62
Trd, 4318609.343, 60
Trd, 4318609.843, 62
Trd, 4318611.443, 60
Trd, 4318611.593, 62
Trd, 4318612.143, 60
Trd, 4318612.643, 60
Trd, 4318612.993, 60
Trd, 4318613.243, 61
Trd, 4318613.943, 62
Trd, 4318614.043, 61
Trd, 4318614.293, 60
Trd, 4318614.893, 63
Trd, 4318615.343, 63
Trd, 4318615.893, 61
Trd, 4318616.593, 60
Trd, 4318616.743, 60
Trd, 4318617.643, 60
Trd, 4318618.793, 87
Trd, 4318618.893, 84
Trd, 4318621.293, 60
Trd, 4318621.893, 60
Trd, 4318622.493, 62
Trd, 4318622.693, 65
Trd, 4318622.993, 61
Trd, 4318623.843, 63
Trd, 4318624.143, 60
Trd, 4318624.293, 60
Trd, 4318625.193, 62
Trd, 4318626.243, 61
Trd, 4318626.743, 62
Trd, 4318627.543, 60
Trd, 4318627.643, 60
Trd, 4318627.893, 61
Trd, 4318628.593, 62
Trd, 4318629.493, 62
Trd, 4318630.043, 72
Trd, 4318630.593, 61
Trd, 4318630.993, 65
Trd, 4318632.893, 60
Trd, 4318633.743, 60
Trd, 4318633.893, 60
Trd, 4318634.293, 61
Trd, 4318634.993, 60
Trd, 4318635.193, 60
Trd, 4318635.643, 62
Trd, 4318636.143, 60
Trd, 4318637.243, 61
Trd, 4318638.943, 60
Trd, 4318638.993, 60
Trd, 4318639.093, 68
Trd, 4318640.693, 60
Trd, 4318641.693, 60
Trd, 4318642.493, 61
Trd, 4318642.643, 60
Trd, 4318642.693, 61
Trd, 4318643.343, 65
Trd, 4318643.893, 64
Trd, 4318643.993, 60
Trd, 4318644.893, 62
Trd, 4318646.693, 60
Trd, 4318646.893, 62
Trd, 4318647.543, 61
Trd, 4318647.593, 63
Trd, 4318648.693, 64
Trd, 4318649.393, 63
Trd, 4318650.343, 60
Trd, 4318650.743, 61
Trd, 4318651.493, 60
Trd, 4318652.443, 60
Trd, 4318652.643, 60
Trd, 4318654.493, 60
Trd, 4318654.543, 60
Trd, 4318655.393, 60
Trd, 4318656.393, 60
Trd, 4318657.193, 60
Trd, 4318657.643, 60
Trd, 4318657.743, 64
Trd, 4318657.943, 60
Trd, 4318658.243, 62
Trd, 4318658.293, 67
Trd, 4318658.793, 131
Trd, 4318659.493, 139
Trd, 4318659.593, 138
Trd, 4318660.243, 140
Trd, 4318661.443, 139
Trd, 4318661.993, 97
Trd, 4318662.993, 92
Trd, 4318663.393, 139
Trd, 4318663.593, 88
Trd, 4318665.193, 140
Trd, 4318666.443, 140
Trd, 4318668.193, 140
Trd, 4318668.443, 139
Trd, 4318668.693, 139
Trd, 4318669.043, 139
Trd, 4318669.843, 140
Trd, 4318670.243, 140
Trd, 4318670.293, 137
Trd, 4318671.893, 140
Trd, 4318672.793, 140
Trd, 4318673.343, 139
Trd, 4318674.293, 139
Trd, 4318674.843, 140
Trd, 4318674.893, 123
Trd, 4318675.193, 139
Trd, 4318675.243, 138
Trd, 4318676.643, 139
Trd, 4318677.093, 138
Trd, 4318677.343, 123
Trd, 4318678.043, 108
Trd, 4318678.093, 100
Trd, 4318679.693, 140
Trd, 4318680.243, 140
Trd, 4318680.643, 139
Trd, 4318680.943, 112
Trd, 4318682.443, 137
Trd, 4318682.593, 136
Trd, 4318682.693, 140
Trd, 4318684.243, 136
Trd, 4318684.593, 105
Trd, 4318684.843, 60
Trd, 4318685.793, 140
Trd, 4318686.543, 140
Trd, 4318687.143, 140
Trd, 4318688.093, 140
Trd, 4318688.193, 140
Trd, 4318688.643, 140
Trd, 4318689.493, 140
Trd, 4318689.843, 139
Trd, 4318690.543, 140
Trd, 4318690.743, 102
Trd, 4318691.443, 140
Trd, 4318692.743, 140
Trd, 4318692.843, 140
Trd, 4318695.043, 140
Trd, 4318695.243, 140
Trd, 4318695.693, 139
Trd, 4318696.693, 140
Trd, 4318696.843, 135
Trd, 4318698.293, 140
Trd, 4318698.543, 116
Trd, 4318699.293, 67
Trd, 4318700.293, 68
Trd, 4318700.743, 61
Trd, 4318700.843, 71
Trd, 4318701.343, 68
Trd, 4318701.443, 73
Trd, 4318702.243, 62
Trd, 4318702.493, 63
Trd, 4318703.843, 60
Trd, 4318704.143, 60
Trd, 4318704.343, 61
Trd, 4318705.243, 62
Trd, 4318706.643, 60
Trd, 4318706.893, 61
Trd, 4318707.393, 60
Trd, 4318707.993, 61
Trd, 4318708.593, 63
Trd, 4318708.693, 63
Trd, 4318710.243, 62
Trd, 4318710.293, 63
Trd, 4318710.943, 60
Trd, 4318712.843, 60
Trd, 4318713.043, 60
Trd, 4318713.593, 62
Trd, 4318713.843, 61
Trd, 4318714.343, 60
Trd, 4318715.343, 60
Trd, 4318715.993, 60
Trd, 4318716.593, 60
Trd, 4318716.993, 60
Trd, 4318717.543, 60
Trd, 4318717.593, 60
Trd, 4318718.293, 60
Trd, 4318719.293, 60
Trd, 4318720.193, 61
Trd, 4318720.343, 62
Trd, 4318721.043, 60
Trd, 4318721.393, 63
Trd, 4318724.343, 60
Trd, 4318724.393, 62
Trd, 4318725.243, 61
Trd, 4318725.443, 61
Trd, 4318725.543, 64
Trd, 4318725.793, 68
Trd, 4318726.193, 66
Trd, 4318726.443, 61
Trd, 4318727.293, 63
Trd, 4318727.593, 60
Trd, 4318729.143, 60
Trd, 4318729.293, 64
Trd, 4318729.593, 66
Trd, 4318729.743, 67
Trd, 4318730.143, 68
Trd, 4318731.393, 84
Trd, 4318732.143, 67
Trd, 4318732.543, 60
Trd, 4318733.793, 60
Trd, 4318734.143, 60
Trd, 4318734.943, 60
Trd, 4318735.393, 60
Trd, 4318735.543, 60
Trd, 4318735.893, 60
Trd, 4318736.343, 60
Trd, 4318736.943, 61
Trd, 4318738.043, 60
Trd, 4318739.343, 60
Trd, 4318740.593, 60
Trd, 4318741.093, 60
Trd, 4318741.243, 61
Trd, 4318741.843, 60
Trd, 4318742.393, 60
Trd, 4318742.493, 66
Trd, 4318743.643, 72
Trd, 4318743.943, 139
Trd, 4318744.343, 81
Trd, 4318744.643, 78
Trd, 4318745.443, 140
Trd, 4318745.593, 139
Trd, 4318747.343, 140
Trd, 4318747.643, 66
Trd, 4318748.343, 140
Trd, 4318748.543, 139
Trd, 4318748.893, 100
Trd, 4318748.943, 85
Trd, 4318749.493, 61
Trd, 4318750.443, 138
Trd, 4318751.093, 140
Trd, 4318752.243, 60
Trd, 4318753.293, 61
Trd, 4318754.043, 60
Trd, 4318754.643, 60
Trd, 4318755.293, 62
Trd, 4318756.193, 63
Trd, 4318757.493, 140
Trd, 4318757.943, 140
Trd, 4318758.043, 139
Trd, 4318758.443, 139
Trd, 4318758.643, 138
Trd, 4318758.793, 60
Trd, 4318760.793, 66
Trd, 4318761.443, 61
Trd, 4318762.493, 60
Trd, 4318763.893, 60
Trd, 4318764.043, 60
Trd, 4318765.093, 60
Trd, 4318765.193, 60
Trd, 4318765.443, 60
Trd, 4318765.493, 63
Trd, 4318766.493, 60
Trd, 4318766.743, 67
Trd, 4318767.593, 62
Trd, 4318769.243, 65
Trd, 4318769.693, 61
Trd, 4318770.793, 62
Trd, 4318770.893, 62
Trd, 4318771.743, 60
Trd, 4318771.793, 60
Trd, 4318771.893, 61
Trd, 4318772.843, 62
Trd, 4318774.293, 60
Trd, 4318775.193, 60
Trd, 4318775.843, 60
Trd, 4318776.343, 60
Trd, 4318776.743, 62
Trd, 4318777.193, 62
Trd, 4318777.293, 64
Trd, 4318777.893, 63
Trd, 4318778.493, 60
Trd, 4318779.293, 62
Trd, 4318779.893, 61
Trd, 4318780.143, 65
Trd, 4318781.193, 60
Trd, 4318781.843, 60
Trd, 4318782.143, 60
Trd, 4318783.693, 60
Trd, 4318783.843, 60
Trd, 4318783.943, 61
Trd, 4318785.193, 60
Trd, 4318786.143, 60
Trd, 4318786.243, 60
Trd, 4318787.343, 60
Trd, 4318788.643, 60
Trd, 4318788.893, 60
Trd, 4318789.893, 60
Trd, 4318791.143, 60
Trd, 4318791.643, 60
Trd, 4318791.943, 60
Trd, 4318792.043, 61
Trd, 4318793.693, 60
Trd, 4318794.793, 60
Trd, 4318795.293, 61
Trd, 4318795.843, 60
Trd, 4318796.143, 60
Trd, 4318796.793, 60
Trd, 4318796.843, 60
Trd, 4318797.293, 61
Trd, 4318798.243, 62
Trd, 4318800.443, 60
Trd, 4318800.493, 61
Trd, 4318800.743, 62
Trd, 4318801.343, 60
Trd, 4318801.643, 60
Trd, 4318802.293, 60
Trd, 4318802.493, 60
Trd, 4318803.093, 60
Trd, 4318803.643, 60
Trd, 4318804.443, 62
Trd, 4318805.043, 62
Trd, 4318805.443, 138
Trd, 4318805.793, 138
Trd, 4318805.943, 136
Trd, 4318806.993, 65
Trd, 4318807.593, 140
Trd, 4318807.843, 97
Trd, 4318808.943, 60
Trd, 4318809.693, 60
Trd, 4318809.843, 66
Trd, 4318810.693, 61
Trd, 4318811.393, 60
Trd, 4318811.993, 61
Trd, 4318812.243, 66
Trd, 4318812.543, 65
Trd, 4318813.543, 60
Trd, 4318813.693, 61
Trd, 4318814.243, 60
Trd, 4318816.143, 61
Trd, 4318816.293, 63
Trd, 4318817.043, 61
Trd, 4318818.393, 60
Trd, 4318818.493, 61
Trd, 4318818.893, 66
Trd, 4318819.293, 140
Trd, 4318819.493, 139
Trd, 4318819.793, 103
Trd, 4318820.743, 60
Trd, 4318821.593, 61
Trd, 4318821.843, 61
Trd, 4318824.293, 60
Trd, 4318824.393, 61
Trd, 4318824.743, 60
Trd, 4318824.893, 60
Trd, 4318825.643, 62
Trd, 4318826.643, 60
Trd, 4318826.743, 73
Trd, 4318827.943, 60
Trd, 4318828.093, 61
Trd, 4318828.893, 60
Trd, 4318829.343, 61
Trd, 4318829.643, 62
Trd, 4318829.793, 61
Trd, 4318830.143, 73
Trd, 4318830.643, 140
Trd, 4318832.193, 140
Trd, 4318832.593, 140
Trd, 4318833.793, 138
Trd, 4318834.393, 66
Trd, 4318834.643, 63
Trd, 4318835.343, 62
Trd, 4318835.693, 64
Trd, 4318835.793, 66
Trd, 4318837.593, 60
Trd, 4318838.493, 60
Trd, 4318839.343, 61
Trd, 4318839.693, 62
Trd, 4318840.293, 69
Trd, 4318840.493, 62
Trd, 4318840.893, 82
Trd, 4318841.543, 60
Trd, 4318841.793, 62
Trd, 4318843.043, 62
Trd, 4318843.693, 66
Trd, 4318843.743, 62
Trd, 4318844.043, 60
Trd, 4318845.143, 140
Trd, 4318845.193, 81
Trd, 4318846.693, 60
Trd, 4318847.593, 60
Trd, 4318848.193, 60
Trd, 4318848.393, 60
Trd, 4318849.143, 64
Trd, 4318849.393, 60
Trd, 4318850.243, 64
Trd, 4318852.143, 60
Trd, 4318852.543, 61
Trd, 4318853.243, 60
Trd, 4318853.293, 60
Trd, 4318853.443, 60
Trd, 4318853.843, 60
Trd, 4318854.893, 60
Trd, 4318855.043, 61
Trd, 4318855.893, 61
Trd, 4318857.843, 60
Trd, 4318858.643, 60
Trd, 4318859.393, 62
Trd, 4318862.143, 60
Trd, 4318862.693, 60
Trd, 4318862.793, 60
Trd, 4318862.893, 60
Trd, 4318863.943, 60
Trd, 4318864.143, 62
Trd, 4318864.643, 62
Trd, 4318865.193, 63
Trd, 4318865.743, 60
Trd, 4318866.293, 66
Trd, 4318866.793, 138
Trd, 4318868.393, 60
Trd, 4318868.643, 60
Trd, 4318868.993, 61
Trd, 4318869.793, 60
Trd, 4318870.093, 63
Trd, 4318870.143, 68
Trd, 4318870.693, 140
Trd, 4318870.843, 139
Trd, 4318872.843, 60
Trd, 4318873.093, 60
Trd, 4318873.693, 63
Trd, 4318873.943, 67
Trd, 4318873.993, 76
Trd, 4318874.693, 61
Trd, 4318875.243, 60
Trd, 4318875.843, 60
Trd, 4318876.143, 61
Trd, 4318877.143, 60
Trd, 4318877.793, 66
Trd, 4318878.443, 67
Trd, 4318879.943, 60
Trd, 4318880.443, 61
Trd, 4318880.643, 63
Trd, 4318880.993, 64
Trd, 4318881.993, 61
Trd, 4318883.243, 60
Trd, 4318883.443, 64
Trd, 4318884.543, 62
Trd, 4318884.943, 66
Trd, 4318885.693, 61
Trd, 4318886.343, 60
Trd, 4318886.393, 64
Trd, 4318886.993, 61
Trd, 4318887.643, 63
Trd, 4318888.643, 60
Trd, 4318888.893, 60
Trd, 4318888.943, 60
Trd, 4318890.543, 61
Trd, 4318890.743, 62
Trd, 4318890.893, 60
Trd, 4318892.893, 60
Trd, 4318893.393, 60
Trd, 4318893.543, 60
Trd, 4318895.143, 60
Trd, 4318895.743, 60
Trd, 4318896.143, 60
Trd, 4318896.193, 61
Trd, 4318897.193, 61
Trd, 4318897.543, 60
Trd, 4318898.393, 60
Trd, 4318898.893, 63
Trd, 4318899.293, 60
Trd, 4318899.943, 62
Trd, 4318900.293, 60
Trd, 4318900.743, 61
Trd, 4318903.193, 60
Trd, 4318903.493, 60
Trd, 4318904.043, 61
Trd, 4318904.443, 60
Trd, 4318905.543, 60
Trd, 4318905.743, 60
Trd, 4318905.893, 61
Trd, 4318906.093, 61
Trd, 4318906.693, 60
Trd, 4318906.993, 60
Trd, 4318908.193, 60
Trd, 4318908.293, 62
Trd, 4318908.343, 64
Trd, 4318909.893, 60
Trd, 4318910.893, 61
Trd, 4318910.943, 68
Trd, 4318911.243, 60
Trd, 4318911.743, 76
Trd, 4318912.143, 86
Trd, 4318913.393, 67
Trd, 4318914.543, 62
Trd, 4318914.943, 60
Trd, 4318915.443, 68
Trd, 4318916.143, 70
Trd, 4318916.593, 61
Trd, 4318916.643, 62
Trd, 4318917.093, 137
Trd, 4318918.043, 105
Trd, 4318918.143, 104
Trd, 4318918.393, 68
Trd, 4318920.243, 140
Trd, 4318920.843, 140
Trd, 4318922.393, 140
Trd, 4318922.843, 140
Trd, 4318923.393, 140
Trd, 4318923.743, 139
Trd, 4318925.543, 140
Trd, 4318925.593, 140
Trd, 4318926.243, 139
Trd, 4318926.443, 140
Trd, 4318926.543, 133
Trd, 4318927.643, 124
Trd, 4318927.993, 140
Trd, 4318928.843, 60
Trd, 4318930.143, 60
Trd, 4318930.793, 60
Trd, 4318931.943, 60
Trd, 4318933.093, 60
Trd, 4318933.243, 61
Trd, 4318933.643, 60
Trd, 4318933.793, 60
Trd, 4318934.443, 63
Trd, 4318934.693, 61
Trd, 4318934.993, 68
Trd, 4318936.593, 60
Trd, 4318936.643, 60
Trd, 4318936.743, 60
Trd, 4318938.443, 60
Trd, 4318938.593, 61
Trd, 4318939.243, 62
Trd, 4318939.393, 62
Trd, 4318939.993, 60
Trd, 4318941.593, 60
Trd, 4318941.793, 60
Trd, 4318942.093, 68
Trd, 4318943.443, 60
Trd, 4318944.493, 60
Trd, 4318944.543, 60
Trd, 4318944.643, 61
Trd, 4318945.293, 60
Trd, 4318945.643, 60
Trd, 4318946.243, 61
Trd, 4318946.543, 61
Trd, 4318947.143, 62
Trd, 4318948.043, 60
Trd, 4318948.443, 60
Trd, 4318948.693, 60
Trd, 4318948.993, 61
Trd, 4318949.893, 61
Trd, 4318950.993, 60
Trd, 4318951.343, 62
Trd, 4318951.843, 60
Trd, 4318952.143, 60
Trd, 4318953.043, 60
Trd, 4318953.093, 68
Trd, 4318953.543, 60
Trd, 4318954.443, 139
Trd, 4318954.943, 67
Trd, 4318955.493, 123
Trd, 4318956.193, 62
Trd, 4318957.193, 63
Trd, 4318958.193, 60
Trd, 4318958.293, 61
Trd, 4318958.743, 61
Trd, 4318959.043, 60
Trd, 4318959.643, 63
Trd, 4318960.293, 60
Trd, 4318960.943, 61
Trd, 4318961.543, 61
Trd, 4318962.043, 62
Trd, 4318962.893, 63
Trd, 4318963.193, 61
Trd, 4318963.393, 68
Trd, 4318964.693, 64
Trd, 4318964.793, 64
Trd, 4318966.593, 60
Trd, 4318966.693, 60
Trd, 4318967.193, 62
Trd, 4318967.793, 73
Trd, 4318968.643, 62
Trd, 4318969.443, 61
Trd, 4318970.843, 62
Trd, 4318971.093, 66
Trd, 4318971.193, 67
Trd, 4318971.393, 68
Trd, 4318971.943, 92
Trd, 4318972.943, 65
Trd, 4318974.193, 60
Trd, 4318975.093, 61
Trd, 4318975.193, 62
Trd, 4318975.843, 60
Trd, 4318976.393, 61
Trd, 4318977.243, 60
Trd, 4318977.643, 62
Trd, 4318977.893, 62
Trd, 4318978.543, 60
Trd, 4318979.043, 60
Trd, 4318979.193, 62
Trd, 4318981.243, 60
Trd, 4318982.243, 60
Trd, 4318982.343, 60
Trd, 4318982.793, 60
Trd, 4318984.193, 60
Trd, 4318984.393, 61
Trd, 4318984.943, 60
Trd, 4318985.043, 61
Trd, 4318985.443, 62
Trd, 4318985.693, 62
Trd, 4318985.993, 66
Trd, 4318986.293, 62
Trd, 4318987.293, 61
Trd, 4318988.293, 60
Trd, 4318989.093, 60
Trd, 4318989.243, 61
Trd, 4318990.043, 61
Trd, 4318990.793, 61
Trd, 4318992.593, 61
Trd, 4318992.743, 64
Trd, 4318993.093, 60
Trd, 4318994.543, 60
Trd, 4318995.043, 60
Trd, 4318996.293, 61
Trd, 4318996.543, 60
Trd, 4318996.643, 62
Trd, 4318997.043, 60
Trd, 4318997.843, 61
Trd, 4318998.193, 68
Trd, 4318998.343, 75
Trd, 4318998.543, 63
Trd, 4318999.043, 65
Trd, 4318999.343, 63
Trd, 4318999.393, 66
Trd, 4319000.143, 66
Trd, 4319000.793, 63
Trd, 4319000.993, 64
Trd, 4319002.993, 60
Trd, 4319003.443, 61
Trd, 4319004.843, 61
Trd, 4319005.293, 60
Trd, 4319005.793, 62
Trd, 4319006.493, 61
Trd, 4319007.143, 62
Trd, 4319007.243, 62
Trd, 4319008.393, 60
Trd, 4319008.443, 60
Trd, 4319008.893, 60
Trd, 4319009.943, 62
Trd, 4319010.443, 60
Trd, 4319011.043, 64
Trd, 4319011.093, 62
Trd, 4319011.343, 65
Trd, 4319012.043, 137
Trd, 4319012.543, 139
Trd, 4319012.843, 110
Trd, 4319014.093, 60
Trd, 4319014.843, 61
Trd, 4319016.093, 60
Trd, 4319016.343, 60
Trd, 4319017.243, 60
Trd, 4319017.993, 61
Trd, 4319018.693, 60
Trd, 4319019.593, 62
Trd, 4319019.793, 61
Trd, 4319019.993, 61
Trd, 4319020.243, 62
Trd, 4319020.843, 61
Trd, 4319021.493, 63
Trd, 4319021.593, 61
Trd, 4319021.793, 64
Trd, 4319022.593, 60
Trd, 4319023.893, 60
Trd, 4319024.043, 60
Trd, 4319024.793, 66
Trd, 4319025.193, 67
Trd, 4319025.443, 68
Trd, 4319026.393, 64
Trd, 4319027.693, 61
Trd, 4319028.193, 61
Trd, 4319028.293, 65
Trd, 4319028.893, 61
Trd, 4319029.893, 60
Trd, 4319030.493, 60
Trd, 4319031.443, 63
Trd, 4319032.843, 63
Trd, 4319033.193, 60
Trd, 4319034.843, 60
Trd, 4319034.993, 60
Trd, 4319035.193, 62
Trd, 4319035.443, 61
Trd, 4319036.193, 62
Trd, 4319036.343, 62
Trd, 4319036.393, 63
Trd, 4319036.593, 72
Trd, 4319037.693, 140
Trd, 4319037.793, 137
Trd, 4319038.893, 137
Trd, 4319039.343, 136
Trd, 4319039.693, 139
Trd, 4319040.643, 128
Trd, 4319041.043, 108
Trd, 4319041.993, 61
Trd, 4319042.093, 62
Trd, 4319042.343, 133
Trd, 4319045.393, 60
Trd, 4319046.543, 60
Trd, 4319046.693, 60
Trd, 4319046.893, 60
Trd, 4319047.293, 60
Trd, 4319047.443, 62
Trd, 4319047.543, 63
Trd, 4319047.993, 62
Trd, 4319049.343, 60
Trd, 4319049.393, 60
Trd, 4319050.193, 60
Trd, 4319050.593, 63
Trd, 4319051.093, 68
Trd, 4319051.843, 64
Trd, 4319051.943, 67
Trd, 4319052.593, 67
Trd, 4319055.093, 61
Trd, 4319055.693, 61
Trd, 4319055.993, 62
Trd, 4319056.393, 61
Trd, 4319056.493, 62
Trd, 4319056.693, 62
Trd, 4319057.543, 60
Trd, 4319058.893, 60
Trd, 4319060.143, 60
Trd, 4319060.343, 60
Trd, 4319061.143, 60
Trd, 4319061.593, 61
Trd, 4319062.193, 62
Trd, 4319062.993, 60
Trd, 4319063.793, 62
Trd, 4319063.893, 63
Trd, 4319066.293, 60
Trd, 4319066.343, 60
Trd, 4319066.743, 60
Trd, 4319066.993, 62
Trd, 4319067.093, 62
Trd, 4319067.293, 63
Trd, 4319068.243, 140
Trd, 4319069.443, 140
Trd, 4319069.543, 108
Trd, 4319070.493, 62
Trd, 4319070.843, 140
Trd, 4319071.143, 62
Trd, 4319072.293, 140
Trd, 4319072.443, 140
Trd, 4319072.543, 140
Trd, 4319073.493, 60
Trd, 4319073.643, 60
Trd, 4319074.393, 65
Trd, 4319075.493, 60
Trd, 4319075.543, 62
Trd, 4319075.693, 66
Trd, 4319076.943, 60
Trd, 4319077.643, 60
Trd, 4319078.293, 60
Trd, 4319078.643, 61
Trd, 4319079.193, 63
Trd, 4319080.093, 64
Trd, 4319081.293, 60
Trd, 4319082.043, 61
Trd, 4319082.443, 60
Trd, 4319082.793, 61
Trd, 4319083.543, 69
Trd, 4319083.743, 140
Trd, 4319084.393, 138
Trd, 4319085.043, 106
Trd, 4319085.193, 105
Trd, 4319085.943, 60
Trd, 4319086.493, 60
Trd, 4319086.943, 71
Trd, 4319087.593, 139
Trd, 4319089.243, 62
Trd, 4319089.793, 78
Trd, 4319090.343, 140
Trd, 4319090.743, 139
Trd, 4319091.043, 72
Trd, 4319091.443, 140
Trd, 4319091.993, 116
Trd, 4319092.943, 60
Trd, 4319093.193, 60
Trd, 4319093.843, 61
Trd, 4319094.493, 60
Trd, 4319095.543, 60
Trd, 4319095.593, 61
Trd, 4319096.793, 60
Trd, 4319097.193, 62
Trd, 4319099.843, 60
Trd, 4319100.143, 60
Trd, 4319100.443, 60
Trd, 4319101.143, 60
Trd, 4319101.743, 65
Trd, 4319101.843, 60
Trd, 4319102.643, 60
Trd, 4319103.043, 61
Trd, 4319104.493, 61
Trd, 4319105.793, 61
Trd, 4319106.043, 62
Trd, 4319107.293, 64
Trd, 4319107.343, 67
Trd, 4319107.943, 60
Trd, 4319108.043, 60
Trd, 4319109.043, 60
Trd, 4319110.243, 60
Trd, 4319110.743, 60
Trd, 4319111.143, 61
Trd, 4319111.593, 60
Trd, 4319111.743, 60
Trd, 4319111.843, 61
Trd, 4319112.643, 61
Trd, 4319113.443, 60
Trd, 4319113.993, 62
Trd, 4319114.093, 68
Trd, 4319115.593, 60
Trd, 4319116.043, 60
Trd, 4319116.693, 60
Trd, 4319117.043, 66
Trd, 4319118.343, 60
Trd, 4319118.443, 64
Trd, 4319118.593, 61
Trd, 4319119.793, 71
Trd, 4319120.943, 63
Trd, 4319122.093, 62
Trd, 4319122.193, 63
Trd, 4319122.693, 63
Trd, 4319123.743, 64
Trd, 4319124.243, 63
Trd, 4319124.543, 61
Trd, 4319125.093, 64
Trd, 4319125.593, 63
Trd, 4319126.043, 62
Trd, 4319127.743, 60
Trd, 4319127.943, 60
Trd, 4319129.793, 60
Trd, 4319130.093, 60
Trd, 4319130.943, 61
Trd, 4319131.543, 61
Trd, 4319131.643, 61
Trd, 4319132.143, 61
Trd, 4319132.793, 60
Trd, 4319134.293, 60
Trd, 4319134.743, 60
Trd, 4319135.943, 60
Trd, 4319136.143, 60
Trd, 4319136.443, 60
Trd, 4319137.743, 60
Trd, 4319137.843, 60
Trd, 4319138.343, 62
Trd, 4319140.193, 61
Trd, 4319140.393, 67
Trd, 4319141.093, 67
Trd, 4319141.143, 68
Trd, 4319142.593, 60
Trd, 4319143.043, 60
Trd, 4319143.443, 63
Trd, 4319143.643, 63
Trd, 4319144.393, 62
Trd, 4319144.643, 63
Trd, 4319146.143, 60
Trd, 4319146.843, 60
Trd, 4319147.793, 62
Trd, 4319147.943, 63
Trd, 4319148.093, 60
Trd, 4319148.543, 62
Trd, 4319149.043, 64
Trd, 4319149.793, 63
Trd, 4319150.043, 64
Trd, 4319150.093, 65
Trd, 4319151.943, 60
Trd, 4319152.243, 60
Trd, 4319152.543, 60
Trd, 4319152.693, 60
Trd, 4319154.093, 61
Trd, 4319154.143, 61
Trd, 4319154.343, 60
Trd, 4319154.743, 64
Trd, 4319155.793, 140
Trd, 4319156.243, 139
Trd, 4319156.393, 136
Trd, 4319156.693, 66
Trd, 4319158.143, 60
Trd, 4319158.343, 62
Trd, 4319159.443, 76
Trd, 4319160.093, 66
Trd, 4319160.593, 64
Trd, 4319160.793, 67
Trd, 4319162.043, 71
Trd, 4319163.093, 60
Trd, 4319163.243, 60
Trd, 4319164.093, 60
Trd, 4319165.243, 60
Trd, 4319165.843, 60
Trd, 4319166.143, 61
Trd, 4319166.743, 66
Trd, 4319167.543, 60
Trd, 4319167.843, 60
Trd, 4319169.643, 60
Trd, 4319170.143, 60
Trd, 4319170.243, 63
Trd, 4319170.693, 61
Trd, 4319171.493, 63
Trd, 4319171.793, 63
Trd, 4319172.443, 64
Trd, 4319173.443, 139
Trd, 4319173.643, 68
Trd, 4319174.293, 91
Trd, 4319174.943, 90
Trd, 4319175.043, 138
Trd, 4319175.543, 60
Trd, 4319175.893, 61
Trd, 4319177.193, 60
Trd, 4319177.343, 70
Trd, 4319179.343, 60
Trd, 4319179.443, 60
Trd, 4319179.543, 60
Trd, 4319181.343, 60
Trd, 4319181.393, 62
Trd, 4319181.543, 71
Trd, 4319181.643, 60
Trd, 4319182.593, 64
Trd, 4319182.943, 64
Trd, 4319183.843, 102
Trd, 4319184.443, 140
Trd, 4319184.593, 112
Trd, 4319185.293, 138
Trd, 4319186.043, 95
Trd, 4319186.843, 94
Trd, 4319187.093, 139
Trd, 4319187.393, 101
Trd, 4319187.593, 78
Trd, 4319188.993, 123
Trd, 4319190.043, 140
Trd, 4319190.193, 138
Trd, 4319191.593, 140
Trd, 4319193.043, 140
Trd, 4319193.793, 140
Trd, 4319194.443, 140
Trd, 4319194.893, 139
Trd, 4319194.993, 130
Trd, 4319197.843, 140
Trd, 4319198.143, 140
Trd, 4319198.493, 139
Trd, 4319199.093, 139
Trd, 4319199.343, 139
Trd, 4319200.043, 122
Trd, 4319201.243, 140
Trd, 4319202.243, 139
Trd, 4319202.543, 96
Trd, 4319203.343, 63
Trd, 4319203.643, 60
Trd, 4319203.843, 66
Trd, 4319203.893, 67
Trd, 4319204.893, 140
Trd, 4319205.443, 137
Trd, 4319205.793, 61
Trd, 4319207.093, 129
Trd, 4319207.893, 140
Trd, 4319208.243, 60
Trd, 4319208.943, 140
Trd, 4319209.843, 140
Trd, 4319210.243, 139
Trd, 4319210.493, 102
Trd, 4319210.693, 140
Trd, 4319214.493, 140
Trd, 4319214.643, 140
Trd, 4319215.093, 140
Trd, 4319215.243, 140
Trd, 4319215.343, 140
Trd, 4319217.493, 140
Trd, 4319218.643, 140
Trd, 4319218.693, 140
Trd, 4319219.543, 140
Trd, 4319219.643, 140
Trd, 4319219.943, 140
Trd, 4319220.793, 140
Trd, 4319221.393, 139
Trd, 4319221.893, 64
Trd, 4319222.193, 65
Trd, 4319222.293, 66
Trd, 4319224.143, 140
Trd, 4319224.443, 140
Trd, 4319224.793, 140
Trd, 4319224.943, 98
Trd, 4319224.993, 96
Trd, 4319225.643, 139
Trd, 4319226.143, 122
Trd, 4319227.843, 139
Trd, 4319228.443, 140
Trd, 4319228.843, 88
Trd, 4319229.143, 139
Trd, 4319229.843, 102
Trd, 4319230.543, 102
Trd, 4319230.793, 101
Trd, 4319231.593, 140
Trd, 4319231.643, 109
Trd, 4319232.593, 140
Trd, 4319233.293, 140
Trd, 4319234.243, 140
Trd, 4319234.393, 140
Trd, 4319234.843, 140
Trd, 4319235.243, 140
Trd, 4319236.343, 140
Trd, 4319236.793, 108
Trd, 4319237.643, 76
Trd, 4319238.843, 139
Trd, 4319239.843, 138
Trd, 4319239.943, 138
Trd, 4319240.443, 140
Trd, 4319241.593, 113
Trd, 4319241.893, 65
Trd, 4319242.143, 68
Trd, 4319242.893, 139
Trd, 4319243.193, 61
Trd, 4319243.393, 63
Trd, 4319243.993, 140
Trd, 4319245.243, 140
Trd, 4319245.693, 140
Trd, 4319246.043, 140
Trd, 4319246.443, 140
Trd, 4319248.093, 140
Trd, 4319249.493, 140
Trd, 4319249.693, 140
Trd, 4319250.643, 112
Trd, 4319250.993, 93
Trd, 4319251.043, 90
Trd, 4319252.293, 140
Trd, 4319252.693, 140
Trd, 4319252.793, 136
Trd, 4319253.343, 140
Trd, 4319254.493, 129
Trd, 4319255.043, 126
Trd, 4319256.143, 140
Trd, 4319256.193, 139
Trd, 4319257.143, 140
Trd, 4319258.343, 140
Trd, 4319258.793, 117
Trd, 4319259.893, 140
Trd, 4319260.193, 101
Trd, 4319261.093, 140
Trd, 4319261.693, 137
Trd, 4319263.093, 140
Trd, 4319263.543, 140
Trd, 4319264.193, 140
Trd, 4319264.743, 140
Trd, 4319265.243, 139
Trd, 4319265.793, 103
Trd, 4319266.343, 139
Trd, 4319266.743, 86
Trd, 4319267.743, 140
Trd, 4319267.793, 122
Trd, 4319269.543, 140
Trd, 4319269.843, 140
Trd, 4319270.643, 140
Trd, 4319271.743, 140
Trd, 4319272.393, 140
Trd, 4319273.493, 140
Trd, 4319274.093, 140
Trd, 4319274.493, 138
Trd, 4319275.493, 140
Trd, 4319275.943, 140
Trd, 4319276.593, 89
Trd, 4319276.993, 62
Trd, 4319279.093, 140
Trd, 4319279.193, 140
Trd, 4319280.243, 140
Trd, 4319280.293, 137
Trd, 4319280.843, 140
Trd, 4319281.293, 138
Trd, 4319281.543, 89
Trd, 4319281.793, 81
Trd, 4319282.243, 80
Trd, 4319282.743, 62
Trd, 4319283.393, 92
Trd, 4319284.593, 90
Trd, 4319286.343, 140
Trd, 4319286.593, 139
Trd, 4319286.893, 140
Trd, 4319287.243, 60
Trd, 4319287.593, 60
Trd, 4319287.843, 64
Trd, 4319288.943, 63
Trd, 4319289.593, 140
Trd, 4319289.693, 140
Trd, 4319291.393, 60
Trd, 4319292.143, 60
Trd, 4319292.193, 60
Trd, 4319292.243, 64
Trd, 4319292.693, 61
Trd, 4319294.293, 61
Trd, 4319294.443, 61
Trd, 4319295.343, 60
Trd, 4319296.043, 60
Trd, 4319296.193, 63
Trd, 4319297.443, 62
Trd, 4319298.443, 60
Trd, 4319298.993, 60
Trd, 4319299.393, 60
Trd, 4319299.593, 61
Trd, 4319300.293, 60
Trd, 4319300.343, 62
Trd, 4319300.893, 62
Trd, 4319301.443, 62
Trd, 4319301.943, 67
Trd, 4319302.543, 60
Trd, 4319304.143, 61
Trd, 4319304.593, 68
Trd, 4319304.793, 67
Trd, 4319305.193, 67
Trd, 4319306.493, 140
Trd, 4319307.093, 140
Trd, 4319307.393, 140
Trd, 4319307.443, 136
Trd, 4319307.743, 107
Trd, 4319308.693, 103
Trd, 4319310.843, 140
Trd, 4319311.593, 140
Trd, 4319311.843, 140
Trd, 4319312.393, 139
Trd, 4319312.693, 100
Trd, 4319313.543, 68
Trd, 4319314.393, 69
Trd, 4319314.743, 61
Trd, 4319315.643, 139
Trd, 4319315.993, 112
Trd, 4319316.993, 140
Trd, 4319317.293, 140
Trd, 4319318.343, 140
Trd, 4319319.343, 140
Trd, 4319319.643, 140
Trd, 4319320.743, 140
Trd, 4319322.093, 140
Trd, 4319322.243, 97
Trd, 4319322.943, 79
Trd, 4319322.993, 76
Trd, 4319323.243, 66
Trd, 4319324.093, 61
Trd, 4319324.143, 62
Trd, 4319325.143, 64
Trd, 4319325.693, 61
Trd, 4319325.843, 66
Trd, 4319327.343, 63
Trd, 4319327.493, 62
Trd, 4319328.643, 140
Trd, 4319329.843, 140
Trd, 4319330.193, 140
Trd, 4319330.293, 140
Trd, 4319331.093, 60
Trd, 4319331.343, 64
Trd, 4319331.643, 68
Trd, 4319333.343, 60
Trd, 4319333.743, 60
Trd, 4319334.443, 62
Trd, 4319334.793, 64
Trd, 4319336.543, 60
Trd, 4319336.743, 60
Trd, 4319337.443, 60
Trd, 4319337.743, 60
Trd, 4319338.293, 60
Trd, 4319338.943, 60
Trd, 4319339.543, 61
Trd, 4319340.143, 62
Trd, 4319340.393, 61
Trd, 4319340.643, 62
Trd, 4319341.243, 117
Trd, 4319341.493, 139
Trd, 4319343.093, 61
Trd, 4319343.243, 61
Trd, 4319344.243, 61
Trd, 4319344.993, 140
Trd, 4319345.293, 140
Trd, 4319345.843, 140
Trd, 4319345.943, 140
Trd, 4319346.093, 134
Trd, 4319347.493, 133
Trd, 4319349.093, 60
Trd, 4319349.143, 66
Trd, 4319350.143, 60
Trd, 4319350.543, 62
Trd, 4319351.093, 60
Trd, 4319351.493, 61
Trd, 4319352.843, 60
Trd, 4319352.993, 65
Trd, 4319353.093, 68
Trd, 4319354.943, 60
Trd, 4319355.393, 60
Trd, 4319355.793, 60
Trd, 4319356.143, 60
Trd, 4319357.643, 60
Trd, 4319357.843, 62
Trd, 4319357.893, 63
Trd, 4319358.193, 60
Trd, 4319358.743, 61
Trd, 4319359.543, 60
Trd, 4319359.693, 62
Trd, 4319360.843, 60
Trd, 4319361.143, 60
Trd, 4319362.093, 60
Trd, 4319362.943, 60
Trd, 4319362.993, 61
Trd, 4319364.143, 60
Trd, 4319364.493, 60
Trd, 4319366.443, 60
Trd, 4319366.643, 61
Trd, 4319366.843, 61
Trd, 4319367.793, 60
Trd, 4319367.893, 60
Trd, 4319368.043, 64
Trd, 4319369.043, 61
Trd, 4319370.093, 61
Trd, 4319370.143, 63
Trd, 4319371.343, 60
Trd, 4319371.493, 61
Trd, 4319371.793, 61
Trd, 4319372.443, 61
Trd, 4319372.693, 62
Trd, 4319374.093, 60
Trd, 4319374.443, 60
Trd, 4319374.493, 60
Trd, 4319375.943, 60
Trd, 4319375.993, 60
Trd, 4319377.143, 60
Trd, 4319379.693, 60
Trd, 4319380.293, 60
Trd, 4319380.893, 60
Trd, 4319380.943, 61
Trd, 4319381.143, 60
Trd, 4319381.243, 62
Trd, 4319381.893, 60
Trd, 4319382.443, 60
Trd, 4319382.643, 61
Trd, 4319383.843, 64
Trd, 4319383.993, 65
Trd, 4319384.143, 66
Trd, 4319384.793, 63
Trd, 4319386.893, 60
Trd, 4319388.443, 60
Trd, 4319388.493, 60
Trd, 4319388.843, 60
Trd, 4319389.093, 61
Trd, 4319389.343, 61
Trd, 4319390.993, 60
Trd, 4319391.743, 60
Trd, 4319392.193, 61
Trd, 4319392.243, 62
Trd, 4319393.393, 60
Trd, 4319394.043, 62
Trd, 4319394.543, 62
Trd, 4319394.693, 62
Trd, 4319394.943, 61
Trd, 4319396.743, 60
Trd, 4319397.093, 61
Trd, 4319397.943, 62
Trd, 4319398.843, 60
Trd, 4319399.093, 62
Trd, 4319399.143, 62
Trd, 4319399.293, 61
Trd, 4319399.993, 61
Trd, 4319401.493, 60
Trd, 4319402.293, 60
Trd, 4319402.343, 60
Trd, 4319402.743, 62
Trd, 4319403.693, 62
Trd, 4319404.843, 61
Trd, 4319405.643, 60
Trd, 4319405.993, 61
Trd, 4319407.093, 62
Trd, 4319407.493, 60
Trd, 4319407.793, 61
Trd, 4319408.143, 61
Trd, 4319409.993, 60
Trd, 4319410.293, 60
Trd, 4319410.493, 66
Trd, 4319412.893, 60
Trd, 4319413.293, 60
Trd, 4319413.343, 61
Trd, 4319413.693, 61
Trd, 4319414.243, 60
Trd, 4319414.543, 63
Trd, 4319414.643, 63
Trd, 4319416.193, 60
Trd, 4319416.893, 61
Trd, 4319418.243, 60
Trd, 4319418.543, 60
Trd, 4319418.793, 60
Trd, 4319419.243, 60
Trd, 4319419.743, 60
Trd, 4319420.643, 60
Trd, 4319422.093, 60
Trd, 4319422.893, 60
Trd, 4319422.943, 61
Trd, 4319423.943, 60
Trd, 4319424.143, 60
Trd, 4319424.543, 61
Trd, 4319424.993, 60
Trd, 4319425.543, 60
Trd, 4319425.593, 61
Trd, 4319426.443, 60
Trd, 4319426.593, 61
Trd, 4319427.293, 60
Trd, 4319427.443, 64
Trd, 4319429.693, 60
Trd, 4319430.343, 60
Trd, 4319430.393, 60
Trd, 4319431.543, 61
Trd, 4319431.643, 67
Trd, 4319433.743, 60
Trd, 4319433.843, 60
Trd, 4319433.893, 60
Trd, 4319434.243, 61
Trd, 4319434.643, 61
Trd, 4319434.743, 62
Trd, 4319435.743, 62
Trd, 4319435.943, 63
Trd, 4319437.843, 60
Trd, 4319438.393, 60
Trd, 4319438.943, 61
Trd, 4319439.193, 63
Trd, 4319439.643, 65
Trd, 4319441.693, 60
Trd, 4319441.793, 62
Trd, 4319442.643, 60
Trd, 4319442.793, 60
Trd, 4319442.843, 62
Trd, 4319442.893, 63
Trd, 4319443.393, 61
Trd, 4319444.693, 140
Trd, 4319444.843, 139
Trd, 4319445.143, 60
Trd, 4319445.693, 68
Trd, 4319445.893, 139
Trd, 4319448.343, 60
Trd, 4319449.593, 60
Trd, 4319449.643, 61
Trd, 4319449.743, 61
Trd, 4319451.593, 60
Trd, 4319451.693, 61
Trd, 4319451.993, 62
Trd, 4319453.643, 60
Trd, 4319453.843, 61
Trd, 4319454.493, 60
Trd, 4319454.693, 65
Trd, 4319454.743, 68
Trd, 4319455.993, 60
Trd, 4319456.543, 61
Trd, 4319456.893, 62
Trd, 4319458.043, 60
Trd, 4319458.193, 61
Trd, 4319459.693, 60
Trd, 4319460.243, 60
Trd, 4319460.343, 60
Trd, 4319460.543, 60
Trd, 4319461.493, 60
Trd, 4319462.293, 63
Trd, 4319463.093, 61
Trd, 4319463.743, 60
Trd, 4319464.893, 61
Trd, 4319464.993, 62
Trd, 4319465.243, 66
Trd, 4319466.243, 140
Trd, 4319466.693, 139
Trd, 4319467.293, 140
Trd, 4319467.393, 139
Trd, 4319467.993, 140
Trd, 4319468.443, 137
Trd, 4319470.043, 140
Trd, 4319471.993, 140
Trd, 4319472.193, 139
Trd, 4319472.443, 139
Trd, 4319472.543, 125
Trd, 4319472.993, 140
Trd, 4319473.743, 140
Trd, 4319473.943, 125
Trd, 4319475.143, 140
Trd, 4319475.293, 139
Trd, 4319476.093, 140
Trd, 4319477.143, 139
Trd, 4319478.193, 140
Trd, 4319479.693, 140
Trd, 4319479.743, 140
Trd, 4319480.243, 140
Trd, 4319480.993, 139
Trd, 4319481.593, 140
Trd, 4319482.343, 140
Trd, 4319483.543, 140
Trd, 4319484.143, 140
Trd, 4319485.393, 140
Trd, 4319485.443, 137
Trd, 4319486.393, 136
Trd, 4319486.693, 135
Trd, 4319487.193, 140
Trd, 4319487.693, 140
Trd, 4319487.743, 140
Trd, 4319488.493, 103
Trd, 4319489.943, 140
Trd, 4319490.393, 139
Trd, 4319490.443, 138
Trd, 4319490.793, 122
Trd, 4319491.793, 140
Trd, 4319492.043, 140
Trd, 4319493.293, 140
Trd, 4319493.843, 139
Trd, 4319495.043, 139
Trd, 4319495.093, 136
Trd, 4319496.893, 139
Trd, 4319497.243, 139
Trd, 4319498.343, 140
Trd, 4319498.843, 139
Trd, 4319498.943, 139
Trd, 4319499.043, 138
Trd, 4319499.143, 122
Trd, 4319500.893, 140
Trd, 4319501.343, 120
Trd, 4319501.793, 137
Trd, 4319502.493, 140
Trd, 4319503.843, 140
Trd, 4319504.593, 140
Trd, 4319505.143, 140
Trd, 4319505.643, 95
Trd, 4319505.793, 140
Trd, 4319505.843, 140
Trd, 4319506.693, 140
Trd, 4319507.443, 140
Trd, 4319507.893, 139
Trd, 4319508.743, 140
Trd, 4319509.193, 99
Trd, 4319510.243, 140
Trd, 4319510.443, 138
Trd, 4319511.843, 140
Trd, 4319512.543, 140
Trd, 4319514.543, 140
Trd, 4319515.143, 140
Trd, 4319515.293, 140
Trd, 4319515.643, 139
Trd, 4319515.843, 136
Trd, 4319517.443, 140
Trd, 4319517.543, 140
Trd, 4319517.843, 140
Trd, 4319518.743, 140
Trd, 4319518.793, 140
Trd, 4319520.793, 140
Trd, 4319521.393, 139
Trd, 4319523.043, 140
Trd, 4319523.743, 140
Trd, 4319524.693, 140
Trd, 4319525.093, 139
Trd, 4319526.393, 140
Trd, 4319526.793, 140
Trd, 4319526.993, 140
Trd, 4319528.043, 140
Trd, 4319528.193, 139
Trd, 4319528.543, 140
Trd, 4319528.593, 121
Trd, 4319530.993, 60
Trd, 4319531.493, 60
Trd, 4319532.143, 60
Trd, 4319532.343, 60
Trd, 4319532.493, 60
Trd, 4319533.243, 60
Trd, 4319533.943, 60
Trd, 4319534.343, 60
Trd, 4319535.043, 60
Trd, 4319535.993, 60
Trd, 4319536.443, 60
Trd, 4319537.293, 61
Trd, 4319538.093, 61
Trd, 4319538.193, 62
Trd, 4319538.543, 63
Trd, 4319540.293, 140
Trd, 4319540.593, 139
Trd, 4319540.693, 136
Trd, 4319541.043, 61
Trd, 4319541.543, 140
Trd, 4319542.043, 140
Trd, 4319542.093, 124
Trd, 4319542.993, 138
Trd, 4319543.993, 139
Trd, 4319544.543, 140
Trd, 4319545.893, 140
Trd, 4319546.093, 140
Trd, 4319546.143, 140
Trd, 4319546.693, 115
Trd, 4319546.993, 111
Trd, 4319548.043, 140
Trd, 4319548.143, 137
Trd, 4319549.443, 140
Trd, 4319550.193, 140
Trd, 4319551.243, 140
Trd, 4319551.343, 140
Trd, 4319551.643, 140
Trd, 4319552.543, 140
Trd, 4319553.243, 140
Trd, 4319554.043, 140
Trd, 4319554.193, 140
Trd, 4319554.993, 137
Trd, 4319555.893, 109
Trd, 4319557.043, 140
Trd, 4319557.843, 140
Trd, 4319558.093, 139
Trd, 4319559.243, 140
Trd, 4319559.443, 140
Trd, 4319559.843, 135
Trd, 4319561.893, 140
Trd, 4319562.043, 140
Trd, 4319563.143, 140
Trd, 4319563.493, 139
Trd, 4319564.243, 140
Trd, 4319564.793, 139
Trd, 4319565.193, 139
Trd, 4319565.293, 133
Trd, 4319565.643, 121
Trd, 4319566.443, 114
Trd, 4319567.943, 140
Trd, 4319568.543, 140
Trd, 4319568.893, 138
Trd, 4319569.543, 76
Trd, 4319570.993, 139
Trd, 4319571.643, 140
Trd, 4319572.443, 140
Trd, 4319572.693, 139
Trd, 4319573.893, 140
Trd, 4319574.343, 62
Trd, 4319574.443, 63
Trd, 4319574.893, 91
Trd, 4319575.943, 139
Trd, 4319577.243, 140
Trd, 4319577.493, 140
Trd, 4319577.743, 140
Trd, 4319578.793, 66
Trd, 4319579.243, 63
Trd, 4319580.243, 63
Trd, 4319580.693, 139
Trd, 4319580.893, 139
Trd, 4319581.693, 110
Trd, 4319582.293, 110
Trd, 4319583.193, 75
Trd, 4319583.843, 61
Trd, 4319584.293, 63
Trd, 4319584.393, 62
Trd, 4319584.593, 122
Trd, 4319584.943, 140
Trd, 4319586.643, 140
Trd, 4319586.793, 139
Trd, 4319586.993, 139
Trd, 4319587.843, 60
Trd, 4319588.693, 61
Trd, 4319589.543, 140
Trd, 4319589.893, 96
Trd, 4319590.143, 139
Trd, 4319590.743, 61
Trd, 4319591.093, 65
Trd, 4319593.243, 60
Trd, 4319593.343, 61
Trd, 4319594.193, 61
Trd, 4319594.743, 62
Trd, 4319595.193, 61
Trd, 4319595.343, 117
Trd, 4319595.493, 116
Trd, 4319596.243, 62
Trd, 4319596.943, 65
Trd, 4319597.243, 63
Trd, 4319597.493, 62
Trd, 4319598.793, 60
Trd, 4319600.243, 61
Trd, 4319600.643, 62
Trd, 4319600.693, 63
Trd, 4319600.943, 63
Trd, 4319601.543, 140
Trd, 4319602.243, 60
Trd, 4319602.643, 60
Trd, 4319602.993, 64
Trd, 4319603.743, 134
Trd, 4319604.993, 67
Trd, 4319605.093, 68
Trd, 4319605.393, 135
Trd, 4319606.493, 62
Trd, 4319606.893, 62
Trd, 4319607.443, 65
Trd, 4319608.993, 60
Trd, 4319610.593, 60
Trd, 4319611.043, 60
Trd, 4319611.643, 60
Trd, 4319612.193, 60
Trd, 4319612.493, 62
Trd, 4319612.593, 63
Trd, 4319613.243, 61
Trd, 4319613.993, 61
Trd, 4319615.393, 60
Trd, 4319615.593, 60
Trd, 4319616.493, 60
Trd, 4319616.693, 60
Trd, 4319617.393, 60
Trd, 4319617.993, 60
Trd, 4319618.093, 60
Trd, 4319618.343, 61
Trd, 4319619.893, 60
Trd, 4319620.393, 61
Trd, 4319620.493, 60
Trd, 4319620.793, 60
Trd, 4319621.443, 60
Trd, 4319622.093, 60
Trd, 4319622.343, 66
Trd, 4319622.443, 73
Trd, 4319623.193, 70
Trd, 4319623.643, 139
Trd, 4319624.443, 137
Trd, 4319625.743, 60
Trd, 4319625.843, 61
Trd, 4319626.243, 61
Trd, 4319627.343, 60
Trd, 4319627.393, 60
Trd, 4319627.443, 63
Trd, 4319629.243, 60
Trd, 4319629.343, 61
Trd, 4319630.893, 60
Trd, 4319631.493, 60
Trd, 4319631.593, 61
Trd, 4319631.743, 63
Trd, 4319631.993, 64
Trd, 4319632.393, 61
Trd, 4319632.843, 62
Trd, 4319632.943, 61
Trd, 4319635.593, 60
Trd, 4319635.843, 60
Trd, 4319636.293, 61
Trd, 4319636.693, 60
Trd, 4319637.043, 64
Trd, 4319638.043, 60
Trd, 4319638.943, 60
Trd, 4319638.993, 60
Trd, 4319640.043, 63
Trd, 4319640.593, 60
Trd, 4319641.593, 61
Trd, 4319642.143, 62
Trd, 4319642.843, 60
Trd, 4319643.493, 60
Trd, 4319645.093, 60
Trd, 4319646.143, 60
Trd, 4319646.243, 60
Trd, 4319647.193, 61
Trd, 4319647.993, 64
Trd, 4319648.343, 60
Trd, 4319648.693, 65
Trd, 4319650.093, 60
Trd, 4319651.243, 61
Trd, 4319651.493, 62
Trd, 4319652.543, 60
Trd, 4319653.493, 61
Trd, 4319653.793, 61
Trd, 4319654.093, 60
Trd, 4319654.443, 60
Trd, 4319655.593, 60
Trd, 4319655.793, 60
Trd, 4319656.143, 73
Trd, 4319656.743, 63
Trd, 4319658.093, 66
Trd, 4319658.593, 61
Trd, 4319658.743, 66
Trd, 4319660.493, 60
Trd, 4319660.893, 60
Trd, 4319661.293, 60
Trd, 4319663.193, 60
Trd, 4319663.393, 60
Trd, 4319663.443, 62
Trd, 4319664.043, 62
Trd, 4319664.193, 64
Trd, 4319665.943, 60
Trd, 4319666.093, 60
Trd, 4319666.843, 64
Trd, 4319667.443, 61
Trd, 4319667.893, 60
Trd, 4319668.143, 60
Trd, 4319669.493, 60
Trd, 4319669.593, 63
Trd, 4319669.743, 64
Trd, 4319669.943, 62
Trd, 4319671.243, 60
Trd, 4319671.593, 63
Trd, 4319672.293, 60
Trd, 4319672.793, 60
Trd, 4319674.943, 60
Trd, 4319675.293, 60
Trd, 4319675.493, 60
Trd, 4319675.593, 62
Trd, 4319675.793, 69
Trd, 4319676.093, 64
Trd, 4319677.343, 60
Trd, 4319679.393, 61
Trd, 4319679.893, 60
Trd, 4319680.493, 60
Trd, 4319681.343, 60
Trd, 4319681.843, 60
Trd, 4319681.993, 61
Trd, 4319682.743, 62
Trd, 4319682.793, 70
Trd, 4319683.743, 60
Trd, 4319684.893, 60
Trd, 4319686.343, 60
Trd, 4319686.943, 61
Trd, 4319687.593, 61
Trd, 4319688.093, 60
Trd, 4319688.193, 60
Trd, 4319688.993, 60
Trd, 4319689.043, 60
Trd, 4319689.793, 62
Trd, 4319689.993, 64
Trd, 4319690.843, 60
Trd, 4319691.643, 61
Trd, 4319691.743, 63
Trd, 4319693.193, 60
Trd, 4319694.393, 60
Trd, 4319695.143, 61
Trd, 4319695.293, 61
Trd, 4319695.493, 61
Trd, 4319695.943, 69
Trd, 4319696.393, 70
Trd, 4319696.493, 70
Trd, 4319698.143, 140
Trd, 4319698.343, 139
Trd, 4319698.843, 61
Trd, 4319699.193, 62
Trd, 4319699.643, 66
Trd, 4319700.143, 139
Trd, 4319702.043, 60
Trd, 4319702.293, 60
Trd, 4319702.993, 60
Trd, 4319703.443, 64
Trd, 4319703.793, 69
Trd, 4319705.893, 60
Trd, 4319706.143, 60
Trd, 4319706.193, 60
Trd, 4319706.543, 60
Trd, 4319707.343, 61
Trd, 4319707.443, 72
Trd, 4319707.993, 63
Trd, 4319708.843, 60
Trd, 4319709.293, 60
Trd, 4319709.393, 63
Trd, 4319709.743, 140
Trd, 4319709.993, 64
Trd, 4319710.443, 62
Trd, 4319711.993, 140
Trd, 4319713.293, 140
Trd, 4319713.343, 140
Trd, 4319713.393, 137
Trd, 4319714.143, 140
Trd, 4319714.443, 140
Trd, 4319715.693, 100
Trd, 4319715.743, 97
Trd, 4319716.743, 140
Trd, 4319716.893, 139
Trd, 4319717.793, 61
Trd, 4319717.993, 62
Trd, 4319718.893, 140
Trd, 4319719.293, 62
Trd, 4319719.943, 62
Trd, 4319720.943, 140
Trd, 4319723.393, 60
Trd, 4319723.543, 63
Trd, 4319723.693, 65
Trd, 4319724.443, 61
Trd, 4319724.543, 69
Trd, 4319725.443, 140
Trd, 4319725.493, 140
Trd, 4319725.793, 116
Trd, 4319726.193, 140
Trd, 4319726.993, 135
Trd, 4319727.993, 139
Trd, 4319729.093, 97
Trd, 4319729.493, 114
Trd, 4319729.543, 83
Trd, 4319730.643, 140
Trd, 4319730.693, 140
Trd, 4319731.893, 139
Trd, 4319732.343, 140
Trd, 4319732.993, 138
Trd, 4319733.393, 66
Trd, 4319734.593, 60
Trd, 4319734.993, 60
Trd, 4319735.793, 60
Trd, 4319736.543, 64
Trd, 4319738.443, 60
Trd, 4319739.093, 61
Trd, 4319740.093, 61
Trd, 4319741.143, 60
Trd, 4319741.393, 61
Trd, 4319741.643, 63
Trd, 4319742.893, 60
Trd, 4319743.143, 61
Trd, 4319743.793, 60
Trd, 4319744.493, 60
Trd, 4319744.843, 60
Trd, 4319744.943, 61
Trd, 4319745.543, 64
Trd, 4319746.343, 60
Trd, 4319746.993, 60
Trd, 4319747.393, 61
Trd, 4319747.743, 63
Trd, 4319748.243, 71
Trd, 4319748.943, 63
Trd, 4319750.693, 62
Trd, 4319751.093, 66
Trd, 4319752.143, 60
Trd, 4319753.143, 60
Trd, 4319753.543, 61
Trd, 4319753.893, 62
Trd, 4319753.943, 66
Trd, 4319754.493, 61
Trd, 4319755.243, 65
Trd, 4319755.493, 66
Trd, 4319755.543, 75
Trd, 4319755.993, 63
Trd, 4319756.693, 60
Trd, 4319757.143, 69
Trd, 4319757.943, 62
Trd, 4319758.293, 60
Trd, 4319758.643, 62
Trd, 4319759.193, 62
Trd, 4319760.093, 60
Trd, 4319760.943, 60
Trd, 4319763.093, 60
Trd, 4319763.293, 60
Trd, 4319764.193, 62
Trd, 4319765.643, 60
Trd, 4319765.743, 61
Trd, 4319765.893, 61
Trd, 4319766.743, 63
Trd, 4319766.943, 64
Trd, 4319767.093, 62
Trd, 4319767.143, 71
Trd, 4319767.693, 140
Trd, 4319768.643, 66
Trd, 4319770.843, 61
Trd, 4319770.943, 62
Trd, 4319771.343, 61
Trd, 4319771.493, 61
Trd, 4319771.793, 65
Trd, 4319772.093, 65
Trd, 4319772.343, 136
Trd, 4319772.593, 139
Trd, 4319773.693, 72
Trd, 4319774.493, 140
Trd, 4319774.893, 61
Trd, 4319775.743, 62
Trd, 4319776.443, 139
Trd, 4319776.793, 120
Trd, 4319777.143, 117
Trd, 4319778.243, 61
Trd, 4319779.143, 61
Trd, 4319779.343, 61
Trd, 4319780.293, 61
Trd, 4319780.443, 63
Trd, 4319780.493, 99
Trd, 4319781.593, 140
Trd, 4319782.443, 139
Trd, 4319784.493, 60
Trd, 4319784.993, 60
Trd, 4319785.193, 60
Trd, 4319785.543, 61
Trd, 4319785.793, 62
Trd, 4319785.893, 86
Trd, 4319787.293, 63
Trd, 4319788.393, 62
Trd, 4319788.843, 94
Trd, 4319789.493, 140
Trd, 4319789.943, 140
Trd, 4319789.993, 139
Trd, 4319790.293, 93
Trd, 4319791.743, 108
Trd, 4319792.043, 70
Trd, 4319793.243, 63
Trd, 4319794.143, 61
Trd, 4319794.293, 62
Trd, 4319794.693, 61
Trd, 4319795.093, 140
Trd, 4319795.593, 140
Trd, 4319797.043, 140
Trd, 4319797.243, 140
Trd, 4319797.293, 139
Trd, 4319797.443, 140
Trd, 4319798.243, 109
Trd, 4319798.493, 108
Trd, 4319799.093, 140
Trd, 4319800.393, 140
Trd, 4319800.793, 139
Trd, 4319800.943, 109
Trd, 4319802.143, 64
Trd, 4319803.893, 63
Trd, 4319804.093, 63
Trd, 4319804.293, 62
Trd, 4319804.643, 60
Trd, 4319804.693, 63
Trd, 4319805.993, 140
Trd, 4319806.743, 140
Trd, 4319807.143, 140
Trd, 4319807.293, 112
Trd, 4319807.793, 60
Trd, 4319808.843, 67
Trd, 4319809.143, 60
Trd, 4319809.643, 62
Trd, 4319810.143, 138
Trd, 4319810.393, 71
Trd, 4319810.943, 74
Trd, 4319812.093, 61
Trd, 4319812.643, 64
Trd, 4319813.493, 64
Trd, 4319813.943, 138
Trd, 4319814.443, 137
Trd, 4319815.443, 140
Trd, 4319815.543, 139
Trd, 4319816.843, 79
Trd, 4319817.193, 76
Trd, 4319817.543, 103
Trd, 4319817.943, 140
Trd, 4319817.993, 79
Trd, 4319819.243, 140
Trd, 4319819.743, 140
Trd, 4319820.393, 140
Trd, 4319820.843, 140
Trd, 4319823.143, 139
Trd, 4319823.243, 138
Trd, 4319823.293, 138
Trd, 4319824.493, 140
Trd, 4319826.193, 140
Trd, 4319826.993, 140
Trd, 4319827.143, 140
Trd, 4319827.343, 140
Trd, 4319827.543, 139
Trd, 4319828.143, 80
Trd, 4319829.193, 139
Trd, 4319831.143, 140
Trd, 4319832.193, 140
Trd, 4319832.493, 140
Trd, 4319832.693, 140
Trd, 4319832.893, 123
Trd, 4319832.943, 115
Trd, 4319832.993, 98
Trd, 4319834.293, 140
Trd, 4319835.993, 140
Trd, 4319836.743, 140
Trd, 4319836.993, 140
Trd, 4319837.893, 140
Trd, 4319838.443, 140
Trd, 4319839.593, 140
Trd, 4319839.743, 140
Trd, 4319840.293, 139
Trd, 4319840.393, 139
Trd, 4319840.943, 140
Trd, 4319841.543, 97
Trd, 4319842.443, 140
Trd, 4319842.993, 140
Trd, 4319843.243, 124
Trd, 4319843.393, 96
Trd, 4319844.893, 60
Trd, 4319845.093, 61
Trd, 4319845.843, 60
Trd, 4319845.893, 60
Trd, 4319846.393, 63
Trd, 4319847.443, 140
Trd, 4319847.643, 139
Trd, 4319847.993, 68
Trd, 4319848.943, 140
Trd, 4319849.143, 139
Trd, 4319849.643, 139
Trd, 4319850.493, 140
Trd, 4319851.243, 137
Trd, 4319853.243, 139
Trd, 4319853.343, 125
Trd, 4319854.193, 124
Trd, 4319854.493, 116
Trd, 4319854.593, 88
Trd, 4319855.743, 137
Trd, 4319856.493, 70
Trd, 4319856.743, 136
Trd, 4319857.093, 139
Trd, 4319857.493, 137
Trd, 4319858.443, 140
Trd, 4319858.843, 140
Trd, 4319860.843, 138
Trd, 4319861.043, 137
Trd, 4319861.543, 100
Trd, 4319861.593, 98
Trd, 4319861.643, 71
Trd, 4319862.443, 140
Trd, 4319864.543, 140
Trd, 4319865.343, 140
Trd, 4319865.943, 140
Trd, 4319866.193, 139
Trd, 4319866.743, 138
Trd, 4319867.393, 140
Trd, 4319868.943, 140
Trd, 4319869.543, 139
Trd, 4319871.593, 140
Trd, 4319871.793, 140
Trd, 4319871.893, 139
Trd, 4319872.793, 140
Trd, 4319873.143, 140
Trd, 4319873.343, 127
Trd, 4319873.593, 107
Trd, 4319874.593, 139
Trd, 4319874.643, 138
Trd, 4319875.593, 68
Trd, 4319876.193, 69
Trd, 4319876.393, 63
Trd, 4319878.093, 69
Trd, 4319878.693, 61
Trd, 4319878.893, 60
Trd, 4319879.293, 60
Trd, 4319879.943, 60
Trd, 4319881.793, 60
Trd, 4319881.943, 60
Trd, 4319882.593, 60
Trd, 4319883.743, 60
Trd, 4319883.893, 60
Trd, 4319884.193, 61
Trd, 4319884.743, 62
Trd, 4319885.393, 60
Trd, 4319885.493, 63
Trd, 4319886.643, 60
Trd, 4319886.793, 60
Trd, 4319887.343, 64
Trd, 4319887.943, 60
Trd, 4319888.393, 62
Trd, 4319889.143, 61
Trd, 4319890.943, 60
Trd, 4319891.393, 60
Trd, 4319891.443, 60
Trd, 4319891.743, 60
Trd, 4319892.243, 63
Trd, 4319892.343, 70
Trd, 4319892.543, 71
Trd, 4319892.743, 60
Trd, 4319894.793, 60
Trd, 4319895.643, 60
Trd, 4319896.043, 61
Trd, 4319897.243, 60
Trd, 4319897.993, 61
Trd, 4319898.843, 63
Trd, 4319899.493, 60
Trd, 4319899.693, 61
Trd, 4319900.793, 60
Trd, 4319900.893, 69
Trd, 4319901.393, 60
Trd, 4319901.993, 71
Trd, 4319902.143, 73
Trd, 4319903.243, 62
Trd, 4319903.643, 65
Trd, 4319903.743, 67
Trd, 4319905.043, 60
Trd, 4319906.693, 60
Trd, 4319907.093, 61
Trd, 4319907.193, 61
Trd, 4319907.443, 63
Trd, 4319908.243, 64
Trd, 4319909.643, 60
Trd, 4319910.193, 60
Trd, 4319910.643, 61
Trd, 4319910.843, 61
Trd, 4319911.643, 60
Trd, 4319911.693, 63
Trd, 4319912.743, 61
Trd, 4319913.343, 60
Trd, 4319914.193, 62
Trd, 4319914.793, 139
Trd, 4319915.743, 60
Trd, 4319916.893, 60
Trd, 4319918.293, 61
Trd, 4319918.343, 63
Trd, 4319918.743, 63
Trd, 4319919.043, 60
Trd, 4319919.443, 60
Trd, 4319920.243, 60
Trd, 4319920.843, 61
Trd, 4319921.143, 63
Trd, 4319921.793, 63
Trd, 4319922.093, 60
Trd, 4319922.343, 137
Trd, 4319923.493, 60
Trd, 4319923.693, 63
Trd, 4319923.793, 63
Trd, 4319924.793, 61
Trd, 4319926.393, 60
Trd, 4319927.593, 60
Trd, 4319927.693, 60
Trd, 4319928.043, 62
Trd, 4319928.193, 62
Trd, 4319929.043, 61
Trd, 4319930.043, 62
Trd, 4319931.293, 62
Trd, 4319931.643, 60
Trd, 4319932.293, 63
Trd, 4319933.093, 62
Trd, 4319933.193, 64
Trd, 4319933.493, 61
Trd, 4319934.293, 65
Trd, 4319934.643, 60
Trd, 4319934.743, 60
Trd, 4319935.443, 62
Trd, 4319937.493, 60
Trd, 4319937.993, 60
Trd, 4319938.793, 61
Trd, 4319940.193, 61
Trd, 4319940.393, 61
Trd, 4319940.943, 61
Trd, 4319941.343, 71
Trd, 4319942.893, 60
Trd, 4319943.993, 60
Trd, 4319945.293, 60
Trd, 4319945.843, 60
Trd, 4319946.093, 60
Trd, 4319947.293, 60
Trd, 4319947.443, 61
Trd, 4319947.693, 60
Trd, 4319948.193, 60
Trd, 4319948.943, 60
Trd, 4319949.443, 60
Trd, 4319950.543, 62
Trd, 4319950.643, 63
Trd, 4319950.743, 63
Trd, 4319951.093, 65
Trd, 4319951.893, 138
Trd, 4319952.593, 62
Trd, 4319953.643, 60
Trd, 4319954.143, 61
Trd, 4319954.993, 62
Trd, 4319955.643, 60
Trd, 4319956.543, 60
Trd, 4319957.543, 60
Trd, 4319958.743, 60
Trd, 4319958.943, 60
Trd, 4319959.543, 60
Trd, 4319961.793, 61
Trd, 4319961.843, 61
Trd, 4319961.943, 61
Trd, 4319963.393, 60
Trd, 4319963.443, 60
Trd, 4319963.693, 62
Trd, 4319964.243, 61
Trd, 4319965.643, 61
Trd, 4319965.743, 62
Trd, 4319965.993, 62
Trd, 4319967.843, 60
Trd, 4319968.093, 60
Trd, 4319968.693, 60
Trd, 4319969.393, 62
Trd, 4319970.743, 61
Trd, 4319971.693, 60
Trd, 4319972.743, 60
Trd, 4319974.343, 60
Trd, 4319975.493, 60
Trd, 4319975.693, 60
Trd, 4319976.293, 61
Trd, 4319976.643, 64
Trd, 4319977.093, 64
Trd, 4319977.143, 65
Trd, 4319977.193, 63
Trd, 4319978.143, 61
Trd, 4319978.193, 67
Trd, 4319978.843, 61
Trd, 4319979.943, 62
Trd, 4319980.043, 70
Trd, 4319981.143, 60
Trd, 4319981.293, 60
Trd, 4319981.643, 64
Trd, 4319983.143, 60
Trd, 4319983.393, 61
Trd, 4319984.893, 60
Trd, 4319985.043, 61
Trd, 4319985.293, 60
Trd, 4319986.743, 60
Trd, 4319986.793, 60
Trd, 4319986.843, 61
Trd, 4319987.343, 61
Trd, 4319987.593, 60
Trd, 4319988.043, 61
Trd, 4319988.593, 60
Trd, 4319991.093, 60
Trd, 4319991.143, 61
Trd, 4319992.093, 63
Trd, 4319992.243, 68
Trd, 4319993.293, 68
Trd, 4319993.543, 140
Trd, 4319993.743, 62
Trd, 4319995.143, 63
Trd, 4319995.193, 61
Trd, 4319995.743, 63
Trd, 4319995.943, 61
Trd, 4319996.193, 60
Trd, 4319996.493, 60
Trd, 4319998.343, 60
Trd, 4319998.393, 60
Trd, 4319998.793, 60
Trd, 4319999.093, 64
Trd, 4319999.543, 108
Trd, 4319999.793, 106
