Trd, 4317900.843, 90
Trd, 4317902.143, 91
Trd, 4317902.343, 95
Trd, 4317905.193, 92
Trd, 4317905.343, 90
Trd, 4317905.793, 90
Trd, 4317906.193, 89
Trd, 4317907.943, 90
Trd, 4317908.543, 86
Trd, 4317909.143, 88
Trd, 4317910.643, 95
Trd, 4317910.693, 88
Trd, 4317913.593, 88
Trd, 4317914.293, 95
Trd, 4317914.693, 113
Trd, 4317915.693, 105
Trd, 4317915.943, 97
Trd, 4317919.043, 99
Trd, 4317919.793, 93
Trd, 4317921.343, 98
Trd, 4317921.743, 97
Trd, 4317923.543, 95
Trd, 4317924.243, 97
Trd, 4317926.093, 92
Trd, 4317926.243, 94
Trd, 4317928.243, 94
Trd, 4317928.793, 94
Trd, 4317929.343, 94
Trd, 4317930.143, 103
Trd, 4317931.643, 95
Trd, 4317933.143, 95
Trd, 4317934.093, 92
Trd, 4317935.393, 96
Trd, 4317935.743, 95
Trd, 4317936.593, 95
Trd, 4317938.193, 95
Trd, 4317939.943, 112
Trd, 4317941.693, 96
Trd, 4317943.243, 100
Trd, 4317945.343, 97
Trd, 4317946.293, 98
Trd, 4317947.293, 97
Trd, 4317948.343, 99
Trd, 4317948.693, 99
Trd, 4317949.093, 111
Trd, 4317953.293, 102
Trd, 4317953.893, 96
Trd, 4317954.343, 101
Trd, 4317957.543, 100
Trd, 4317957.743, 96
Trd, 4317958.493, 101
Trd, 4317961.443, 99
Trd, 4317961.643, 99
Trd, 4317964.393, 98
Trd, 4317965.693, 99
Trd, 4317965.893, 98
Trd, 4317969.793, 96
Trd, 4317970.643, 97
Trd, 4317971.393, 97
Trd, 4317971.793, 96
Trd, 4317973.043, 96
Trd, 4317973.193, 95
Trd, 4317973.443, 97
Trd, 4317974.243, 106
Trd, 4317975.793, 95
Trd, 4317978.093, 97
Trd, 4317979.843, 98
Trd, 4317981.093, 97
Trd, 4317981.143, 96
Trd, 4317982.643, 96
Trd, 4317983.593, 96
Trd, 4317983.843, 97
Trd, 4317985.193, 97
Trd, 4317987.093, 95
Trd, 4317988.293, 95
Trd, 4317988.643, 95
Trd, 4317989.293, 95
Trd, 4317989.493, 94
Trd, 4317991.793, 104
Trd, 4317992.543, 111
Trd, 4317993.643, 95
Trd, 4317996.543, 99
Trd, 4317997.043, 102
Trd, 4317998.143, 98
Trd, 4317999.893, 113
Trd, 4318001.893, 99
Trd, 4318003.243, 99
Trd, 4318003.293, 100
Trd, 4318003.943, 98
Trd, 4318005.793, 99
Trd, 4318008.843, 99
Trd, 4318011.693, 98
Trd, 4318013.193, 98
Trd, 4318013.493, 97
Trd, 4318014.893, 96
Trd, 4318015.643, 97
Trd, 4318016.493, 96
Trd, 4318016.943, 95
Trd, 4318017.193, 96
Trd, 4318017.843, 98
Trd, 4318021.843, 95
Trd, 4318022.543, 95
Trd, 4318023.493, 96
Trd, 4318024.993, 93
Trd, 4318025.643, 93
Trd, 4318026.043, 93
Trd, 4318026.343, 107
Trd, 4318029.493, 95
Trd, 4318030.143, 96
Trd, 4318030.893, 95
Trd, 4318031.893, 96
Trd, 4318033.243, 94
Trd, 4318035.993, 95
Trd, 4318036.543, 94
Trd, 4318037.343, 95
Trd, 4318038.343, 97
Trd, 4318039.593, 96
Trd, 4318040.993, 94
Trd, 4318041.393, 97
Trd, 4318043.643, 93
Trd, 4318045.543, 95
Trd, 4318046.743, 94
Trd, 4318046.793, 95
Trd, 4318048.443, 95
Trd, 4318048.793, 95
Trd, 4318051.993, 95
Trd, 4318052.493, 95
Trd, 4318053.743, 95
Trd, 4318054.493, 93
Trd, 4318055.843, 100
Trd, 4318056.993, 96
Trd, 4318060.393, 96
Trd, 4318061.743, 95
Trd, 4318062.643, 95
Trd, 4318063.243, 106
Trd, 4318066.493, 99
Trd, 4318067.293, 97
Trd, 4318067.643, 96
Trd, 4318070.093, 95
Trd, 4318070.293, 97
Trd, 4318073.193, 95
Trd, 4318074.043, 96
Trd, 4318074.543, 96
Trd, 4318075.493, 95
Trd, 4318076.743, 95
Trd, 4318077.543, 96
Trd, 4318078.843, 94
Trd, 4318079.043, 96
Trd, 4318080.293, 97
Trd, 4318082.143, 95
Trd, 4318084.593, 86
Trd, 4318085.393, 92
Trd, 4318086.493, 93
Trd, 4318086.793, 91
Trd, 4318087.393, 95
Trd, 4318088.293, 94
Trd, 4318092.193, 101
Trd, 4318092.593, 96
Trd, 4318093.143, 97
Trd, 4318093.843, 95
Trd, 4318096.993, 95
Trd, 4318098.293, 96
Trd, 4318098.393, 95
Trd, 4318098.593, 97
Trd, 4318099.593, 96
Trd, 4318101.493, 95
Trd, 4318103.593, 96
Trd, 4318104.243, 97
Trd, 4318105.193, 95
Trd, 4318107.593, 95
Trd, 4318108.293, 95
Trd, 4318108.843, 97
Trd, 4318109.093, 98
Trd, 4318109.143, 94
Trd, 4318111.543, 97
Trd, 4318114.143, 95
Trd, 4318115.343, 96
Trd, 4318116.693, 95
Trd, 4318117.443, 95
Trd, 4318117.793, 94
Trd, 4318118.743, 96
Trd, 4318120.543, 95
Trd, 4318122.843, 95
Trd, 4318123.143, 94
Trd, 4318123.893, 93
Trd, 4318123.943, 94
Trd, 4318127.193, 93
Trd, 4318127.893, 94
Trd, 4318128.043, 95
Trd, 4318131.693, 94
Trd, 4318131.943, 94
Trd, 4318132.343, 92
Trd, 4318132.743, 94
Trd, 4318134.743, 93
Trd, 4318136.143, 107
Trd, 4318137.543, 91
Trd, 4318138.993, 96
Trd, 4318140.143, 95
Trd, 4318140.593, 96
Trd, 4318141.093, 96
Trd, 4318145.893, 95
Trd, 4318146.143, 93
Trd, 4318146.993, 92
Trd, 4318148.393, 95
Trd, 4318152.193, 91
Trd, 4318152.943, 95
Trd, 4318153.943, 95
Trd, 4318154.493, 95
Trd, 4318155.093, 94
Trd, 4318156.893, 95
Trd, 4318159.893, 94
Trd, 4318160.243, 94
Trd, 4318162.143, 94
Trd, 4318162.843, 95
Trd, 4318163.243, 91
Trd, 4318165.093, 93
Trd, 4318165.343, 92
Trd, 4318166.443, 93
Trd, 4318167.693, 95
Trd, 4318168.593, 91
Trd, 4318168.843, 95
Trd, 4318170.993, 94
Trd, 4318171.693, 92
Trd, 4318172.443, 94
Trd, 4318173.043, 95
Trd, 4318173.843, 94
Trd, 4318174.843, 94
Trd, 4318178.993, 92
Trd, 4318179.643, 92
Trd, 4318180.693, 93
Trd, 4318181.493, 92
Trd, 4318181.993, 93
Trd, 4318184.543, 93
Trd, 4318185.293, 92
Trd, 4318185.893, 92
Trd, 4318187.643, 92
Trd, 4318187.743, 95
Trd, 4318188.993, 90
Trd, 4318190.343, 95
Trd, 4318191.543, 94
Trd, 4318191.943, 111
Trd, 4318193.793, 102
Trd, 4318194.043, 105
Trd, 4318195.043, 104
Trd, 4318195.643, 104
Trd, 4318196.693, 102
Trd, 4318197.693, 105
Trd, 4318201.193, 102
Trd, 4318201.593, 104
Trd, 4318202.593, 98
Trd, 4318205.243, 96
Trd, 4318205.693, 98
Trd, 4318206.493, 97
Trd, 4318206.893, 97
Trd, 4318207.193, 98
Trd, 4318208.843, 99
Trd, 4318209.193, 91
Trd, 4318209.593, 95
Trd, 4318211.193, 96
Trd, 4318212.893, 95
Trd, 4318213.243, 94
Trd, 4318215.143, 94
Trd, 4318215.493, 94
Trd, 4318215.843, 86
Trd, 4318218.343, 114
Trd, 4318218.643, 110
Trd, 4318221.793, 99
Trd, 4318222.693, 98
Trd, 4318223.943, 98
Trd, 4318223.993, 98
Trd, 4318224.443, 98
Trd, 4318225.293, 86
Trd, 4318228.543, 104
Trd, 4318230.393, 98
Trd, 4318230.443, 98
Trd, 4318230.593, 97
Trd, 4318230.743, 107
Trd, 4318230.793, 95
Trd, 4318232.693, 96
Trd, 4318234.643, 88
Trd, 4318235.843, 96
Trd, 4318237.343, 96
Trd, 4318237.543, 95
Trd, 4318238.043, 96
Trd, 4318241.043, 96
Trd, 4318241.093, 96
Trd, 4318241.143, 97
Trd, 4318242.043, 94
Trd, 4318242.443, 113
Trd, 4318244.793, 99
Trd, 4318245.243, 101
Trd, 4318246.943, 99
Trd, 4318247.993, 98
Trd, 4318248.843, 99
Trd, 4318248.993, 100
Trd, 4318250.643, 101
Trd, 4318251.893, 107
Trd, 4318251.993, 99
Trd, 4318252.043, 113
Trd, 4318255.843, 104
Trd, 4318257.743, 100
Trd, 4318259.493, 100
Trd, 4318260.343, 100
Trd, 4318260.843, 98
Trd, 4318261.443, 99
Trd, 4318263.943, 97
Trd, 4318264.143, 98
Trd, 4318265.593, 98
Trd, 4318266.193, 110
Trd, 4318269.043, 98
Trd, 4318270.543, 97
Trd, 4318271.493, 97
Trd, 4318271.993, 96
Trd, 4318272.893, 95
Trd, 4318273.493, 96
Trd, 4318275.293, 94
Trd, 4318275.993, 90
Trd, 4318276.593, 91
Trd, 4318277.043, 92
Trd, 4318278.293, 91
Trd, 4318279.843, 90
Trd, 4318281.243, 90
Trd, 4318282.743, 95
Trd, 4318283.493, 91
Trd, 4318283.743, 102
Trd, 4318285.443, 94
Trd, 4318287.593, 94
Trd, 4318288.443, 93
Trd, 4318289.543, 93
Trd, 4318289.843, 95
Trd, 4318291.143, 94
Trd, 4318292.393, 94
Trd, 4318294.743, 95
Trd, 4318295.443, 95
Trd, 4318297.443, 95
Trd, 4318299.243, 95
Trd, 4318299.293, 95
Trd, 4318300.193, 97
Trd, 4318300.743, 95
Trd, 4318303.843, 97
Trd, 4318304.193, 96
Trd, 4318304.943, 96
Trd, 4318305.193, 111
Trd, 4318306.543, 113
Trd, 4318308.693, 95
Trd, 4318310.043, 94
Trd, 4318310.393, 103
Trd, 4318310.443, 109
Trd, 4318313.943, 97
Trd, 4318314.093, 98
Trd, 4318316.243, 97
Trd, 4318316.843, 97
Trd, 4318317.793, 94
Trd, 4318317.893, 98
Trd, 4318319.843, 95
Trd, 4318321.143, 109
Trd, 4318325.193, 98
Trd, 4318325.793, 99
Trd, 4318327.543, 96
Trd, 4318327.693, 95
Trd, 4318327.993, 98
Trd, 4318330.443, 97
Trd, 4318332.143, 96
Trd, 4318332.693, 95
Trd, 4318333.893, 96
Trd, 4318336.243, 95
Trd, 4318337.643, 94
Trd, 4318337.843, 95
Trd, 4318339.093, 95
Trd, 4318339.493, 105
Trd, 4318339.943, 122
Trd, 4318340.943, 100
Trd, 4318342.493, 103
Trd, 4318344.293, 103
Trd, 4318344.593, 102
Trd, 4318345.243, 104
Trd, 4318348.793, 102
Trd, 4318348.993, 101
Trd, 4318349.443, 101
Trd, 4318350.493, 102
Trd, 4318350.693, 101
Trd, 4318352.893, 112
Trd, 4318355.693, 113
Trd, 4318355.743, 104
Trd, 4318357.043, 104
Trd, 4318358.343, 104
Trd, 4318359.693, 103
Trd, 4318361.993, 104
Trd, 4318362.293, 104
Trd, 4318365.743, 103
Trd, 4318366.143, 102
Trd, 4318366.793, 95
Trd, 4318366.943, 103
Trd, 4318368.393, 102
Trd, 4318369.193, 101
Trd, 4318369.593, 103
Trd, 4318371.393, 102
Trd, 4318373.493, 104
Trd, 4318374.193, 103
Trd, 4318375.193, 103
Trd, 4318375.393, 102
Trd, 4318376.543, 101
Trd, 4318376.993, 95
Trd, 4318378.943, 100
Trd, 4318379.843, 100
Trd, 4318380.393, 105
Trd, 4318380.493, 99
Trd, 4318383.743, 100
Trd, 4318383.843, 99
Trd, 4318384.693, 100
Trd, 4318384.743, 99
Trd, 4318387.793, 96
Trd, 4318388.693, 96
Trd, 4318389.343, 97
Trd, 4318392.093, 96
Trd, 4318392.893, 97
Trd, 4318393.193, 98
Trd, 4318393.693, 95
Trd, 4318394.493, 94
Trd, 4318394.593, 98
Trd, 4318397.543, 96
Trd, 4318398.443, 96
Trd, 4318398.643, 95
Trd, 4318399.693, 97
Trd, 4318400.143, 95
Trd, 4318402.593, 96
Trd, 4318403.393, 95
Trd, 4318404.493, 96
Trd, 4318404.693, 104
Trd, 4318405.293, 100
Trd, 4318407.743, 95
Trd, 4318409.943, 97
Trd, 4318410.593, 96
Trd, 4318411.093, 97
Trd, 4318413.993, 95
Trd, 4318414.693, 96
Trd, 4318415.293, 94
Trd, 4318418.593, 95
Trd, 4318418.943, 94
Trd, 4318419.193, 96
Trd, 4318421.743, 95
Trd, 4318423.143, 95
Trd, 4318423.443, 95
Trd, 4318423.843, 94
Trd, 4318425.043, 95
Trd, 4318426.443, 96
Trd, 4318428.393, 95
Trd, 4318429.743, 93
Trd, 4318430.993, 95
Trd, 4318433.893, 95
Trd, 4318434.093, 95
Trd, 4318434.393, 95
Trd, 4318434.893, 94
Trd, 4318436.493, 95
Trd, 4318436.893, 96
Trd, 4318439.543, 95
Trd, 4318439.743, 95
Trd, 4318441.243, 96
Trd, 4318441.593, 94
Trd, 4318442.093, 96
Trd, 4318443.443, 107
Trd, 4318443.643, 97
Trd, 4318445.543, 110
Trd, 4318447.093, 113
Trd, 4318449.443, 104
Trd, 4318449.993, 103
Trd, 4318450.993, 98
Trd, 4318451.543, 86
Trd, 4318451.593, 97
Trd, 4318452.343, 103
Trd, 4318456.093, 89
Trd, 4318456.343, 85
Trd, 4318456.943, 95
Trd, 4318457.093, 90
Trd, 4318459.393, 95
Trd, 4318460.043, 94
Trd, 4318460.443, 111
Trd, 4318461.343, 109
Trd, 4318464.293, 95
Trd, 4318464.543, 96
Trd, 4318465.243, 93
Trd, 4318466.543, 97
Trd, 4318467.443, 95
Trd, 4318468.643, 96
Trd, 4318471.643, 96
Trd, 4318474.043, 95
Trd, 4318474.993, 96
Trd, 4318476.893, 95
Trd, 4318477.643, 95
Trd, 4318478.093, 96
Trd, 4318480.293, 96
Trd, 4318480.393, 96
Trd, 4318481.693, 93
Trd, 4318482.193, 96
Trd, 4318484.993, 94
Trd, 4318485.543, 95
Trd, 4318486.093, 95
Trd, 4318487.443, 94
Trd, 4318488.993, 95
Trd, 4318489.943, 95
Trd, 4318491.043, 95
Trd, 4318491.693, 94
Trd, 4318492.043, 93
Trd, 4318492.093, 105
Trd, 4318494.843, 95
Trd, 4318494.893, 98
Trd, 4318496.943, 94
Trd, 4318500.443, 95
Trd, 4318500.943, 95
Trd, 4318502.343, 94
Trd, 4318502.493, 95
Trd, 4318503.143, 94
Trd, 4318503.493, 95
Trd, 4318505.693, 97
Trd, 4318509.043, 95
Trd, 4318509.443, 95
Trd, 4318510.393, 93
Trd, 4318512.693, 95
Trd, 4318513.293, 93
Trd, 4318515.943, 93
Trd, 4318517.893, 95
Trd, 4318518.443, 102
Trd, 4318519.643, 101
Trd, 4318519.693, 100
Trd, 4318521.693, 87
Trd, 4318522.143, 90
Trd, 4318522.793, 90
Trd, 4318523.693, 93
Trd, 4318525.293, 92
Trd, 4318526.143, 93
Trd, 4318527.743, 103
Trd, 4318528.243, 95
Trd, 4318530.443, 96
Trd, 4318530.593, 107
Trd, 4318535.493, 94
Trd, 4318536.893, 97
Trd, 4318536.943, 95
Trd, 4318537.043, 107
Trd, 4318537.743, 98
Trd, 4318539.093, 112
Trd, 4318540.193, 101
Trd, 4318540.593, 120
Trd, 4318543.443, 104
Trd, 4318545.343, 103
Trd, 4318545.593, 104
Trd, 4318546.693, 104
Trd, 4318547.093, 105
Trd, 4318548.143, 103
Trd, 4318548.493, 104
Trd, 4318549.543, 102
Trd, 4318551.493, 102
Trd, 4318553.643, 103
Trd, 4318554.743, 100
Trd, 4318556.343, 103
Trd, 4318558.193, 102
Trd, 4318559.743, 100
Trd, 4318561.593, 100
Trd, 4318561.643, 99
Trd, 4318562.093, 100
Trd, 4318565.143, 98
Trd, 4318565.493, 99
Trd, 4318566.943, 97
Trd, 4318567.343, 99
Trd, 4318568.343, 98
Trd, 4318570.693, 99
Trd, 4318572.493, 103
Trd, 4318572.793, 98
Trd, 4318574.893, 97
Trd, 4318577.993, 101
Trd, 4318578.743, 100
Trd, 4318579.293, 100
Trd, 4318581.243, 100
Trd, 4318582.293, 97
Trd, 4318583.043, 100
Trd, 4318584.543, 100
Trd, 4318584.893, 97
Trd, 4318585.493, 101
Trd, 4318589.443, 99
Trd, 4318590.393, 99
Trd, 4318592.743, 96
Trd, 4318593.043, 97
Trd, 4318594.793, 97
Trd, 4318595.493, 97
Trd, 4318597.243, 96
Trd, 4318598.693, 96
Trd, 4318599.243, 94
Trd, 4318600.393, 97
Trd, 4318600.943, 97
Trd, 4318601.843, 97
Trd, 4318602.793, 96
Trd, 4318606.943, 95
Trd, 4318607.293, 96
Trd, 4318608.143, 97
Trd, 4318609.093, 98
Trd, 4318609.643, 105
Trd, 4318610.693, 95
Trd, 4318613.393, 95
Trd, 4318613.793, 94
Trd, 4318613.993, 98
Trd, 4318615.793, 98
Trd, 4318617.093, 94
Trd, 4318618.193, 98
Trd, 4318619.993, 98
Trd, 4318621.293, 104
Trd, 4318623.943, 97
Trd, 4318625.493, 100
Trd, 4318626.643, 100
Trd, 4318627.593, 98
Trd, 4318627.993, 99
Trd, 4318632.193, 99
Trd, 4318632.693, 97
Trd, 4318635.093, 99
Trd, 4318636.243, 99
Trd, 4318636.993, 97
Trd, 4318639.443, 95
Trd, 4318639.493, 98
Trd, 4318639.993, 98
Trd, 4318642.093, 98
Trd, 4318642.943, 94
Trd, 4318646.343, 95
Trd, 4318646.693, 96
Trd, 4318649.293, 96
Trd, 4318650.193, 93
Trd, 4318650.593, 96
Trd, 4318651.093, 96
Trd, 4318651.593, 93
Trd, 4318654.043, 95
Trd, 4318655.093, 95
Trd, 4318655.243, 95
Trd, 4318656.643, 95
Trd, 4318658.143, 94
Trd, 4318658.343, 95
Trd, 4318660.043, 94
Trd, 4318660.443, 92
Trd, 4318660.693, 95
Trd, 4318663.493, 95
Trd, 4318664.393, 102
Trd, 4318664.793, 113
Trd, 4318665.843, 96
Trd, 4318666.043, 97
Trd, 4318667.143, 95
Trd, 4318668.143, 97
Trd, 4318671.543, 96
Trd, 4318672.443, 95
Trd, 4318673.543, 95
Trd, 4318673.943, 113
Trd, 4318674.993, 95
Trd, 4318675.993, 98
Trd, 4318677.393, 102
Trd, 4318679.993, 97
Trd, 4318680.743, 96
Trd, 4318681.143, 98
Trd, 4318681.943, 95
Trd, 4318684.943, 97
Trd, 4318685.643, 97
Trd, 4318686.393, 96
Trd, 4318687.643, 97
Trd, 4318689.693, 97
Trd, 4318690.893, 97
Trd, 4318693.143, 99
Trd, 4318693.293, 96
Trd, 4318694.643, 97
Trd, 4318694.893, 96
Trd, 4318695.193, 98
Trd, 4318696.243, 105
Trd, 4318696.693, 95
Trd, 4318701.043, 95
Trd, 4318701.393, 95
Trd, 4318701.593, 95
Trd, 4318702.643, 95
Trd, 4318703.393, 94
Trd, 4318705.093, 95
Trd, 4318705.243, 95
Trd, 4318705.293, 96
Trd, 4318707.043, 105
Trd, 4318707.393, 100
Trd, 4318707.493, 99
Trd, 4318709.493, 112
Trd, 4318710.993, 108
Trd, 4318711.093, 100
Trd, 4318712.543, 90
Trd, 4318714.243, 100
Trd, 4318715.343, 98
Trd, 4318717.793, 97
Trd, 4318718.393, 97
Trd, 4318718.743, 98
Trd, 4318718.993, 98
Trd, 4318721.443, 101
Trd, 4318723.093, 105
Trd, 4318723.243, 99
Trd, 4318725.093, 99
Trd, 4318726.293, 99
Trd, 4318727.393, 98
Trd, 4318729.643, 101
Trd, 4318729.843, 100
Trd, 4318730.343, 100
Trd, 4318731.093, 92
Trd, 4318732.743, 105
Trd, 4318732.793, 113
Trd, 4318733.993, 101
Trd, 4318734.243, 101
Trd, 4318736.043, 100
Trd, 4318736.493, 99
Trd, 4318738.893, 99
Trd, 4318739.493, 99
Trd, 4318739.593, 108
Trd, 4318741.843, 101
Trd, 4318743.243, 100
Trd, 4318743.493, 101
Trd, 4318743.693, 113
Trd, 4318745.043, 98
Trd, 4318746.993, 101
Trd, 4318749.343, 98
Trd, 4318750.093, 100
Trd, 4318750.743, 101
Trd, 4318752.443, 99
Trd, 4318754.443, 97
Trd, 4318754.843, 97
Trd, 4318755.443, 96
Trd, 4318755.843, 100
Trd, 4318757.643, 100
Trd, 4318758.993, 100
Trd, 4318760.293, 98
Trd, 4318762.543, 98
Trd, 4318763.593, 98
Trd, 4318763.793, 97
Trd, 4318765.193, 97
Trd, 4318765.493, 95
Trd, 4318767.543, 93
Trd, 4318767.593, 95
Trd, 4318768.843, 93
Trd, 4318770.193, 95
Trd, 4318771.143, 95
Trd, 4318772.443, 95
Trd, 4318773.793, 112
Trd, 4318774.193, 112
Trd, 4318775.543, 103
Trd, 4318775.793, 95
Trd, 4318776.793, 98
Trd, 4318777.593, 100
Trd, 4318780.293, 86
Trd, 4318781.143, 94
Trd, 4318781.193, 95
Trd, 4318782.793, 95
Trd, 4318785.093, 95
Trd, 4318785.293, 94
Trd, 4318788.343, 95
Trd, 4318789.743, 95
Trd, 4318790.143, 95
Trd, 4318790.243, 93
Trd, 4318792.143, 95
Trd, 4318793.293, 95
Trd, 4318795.193, 95
Trd, 4318797.093, 93
Trd, 4318797.393, 96
Trd, 4318798.193, 95
Trd, 4318798.943, 105
Trd, 4318801.193, 96
Trd, 4318802.793, 95
Trd, 4318802.993, 95
Trd, 4318803.143, 97
Trd, 4318805.393, 95
Trd, 4318808.093, 95
Trd, 4318808.993, 94
Trd, 4318809.943, 106
Trd, 4318811.343, 96
Trd, 4318812.493, 93
Trd, 4318813.043, 93
Trd, 4318813.443, 86
Trd, 4318813.693, 95
Trd, 4318815.693, 94
Trd, 4318816.743, 93
Trd, 4318817.143, 103
Trd, 4318818.493, 94
Trd, 4318819.943, 96
Trd, 4318820.593, 97
Trd, 4318820.793, 105
Trd, 4318821.543, 112
Trd, 4318826.643, 98
Trd, 4318826.993, 98
Trd, 4318828.893, 98
Trd, 4318829.443, 97
Trd, 4318831.293, 98
Trd, 4318833.643, 98
Trd, 4318836.143, 97
Trd, 4318836.643, 96
Trd, 4318837.943, 95
Trd, 4318838.493, 95
Trd, 4318839.193, 96
Trd, 4318840.743, 95
Trd, 4318842.993, 91
Trd, 4318843.993, 92
Trd, 4318844.043, 95
Trd, 4318845.493, 91
Trd, 4318846.493, 91
Trd, 4318848.093, 91
Trd, 4318848.993, 97
Trd, 4318849.543, 96
Trd, 4318851.443, 101
Trd, 4318852.393, 95
Trd, 4318854.143, 96
Trd, 4318855.293, 95
Trd, 4318855.743, 109
Trd, 4318856.543, 95
Trd, 4318857.643, 99
Trd, 4318858.743, 97
Trd, 4318859.193, 95
Trd, 4318860.193, 99
Trd, 4318861.693, 98
Trd, 4318864.093, 96
Trd, 4318864.893, 103
Trd, 4318866.093, 99
Trd, 4318867.093, 104
Trd, 4318868.793, 95
Trd, 4318869.543, 97
Trd, 4318870.593, 97
Trd, 4318873.743, 96
Trd, 4318874.793, 95
Trd, 4318875.093, 97
Trd, 4318876.543, 97
Trd, 4318877.693, 95
Trd, 4318878.243, 96
Trd, 4318879.743, 96
Trd, 4318880.843, 95
Trd, 4318882.343, 96
Trd, 4318886.443, 95
Trd, 4318886.593, 95
Trd, 4318886.943, 95
Trd, 4318887.443, 94
Trd, 4318887.893, 93
Trd, 4318889.093, 95
Trd, 4318890.993, 95
Trd, 4318891.843, 95
Trd, 4318893.393, 95
Trd, 4318893.993, 113
Trd, 4318894.743, 93
Trd, 4318895.293, 100
Trd, 4318897.993, 92
Trd, 4318898.343, 97
Trd, 4318899.993, 97
Trd, 4318901.993, 96
Trd, 4318903.093, 95
Trd, 4318903.243, 96
Trd, 4318904.643, 96
Trd, 4318905.793, 97
Trd, 4318905.893, 108
Trd, 4318909.093, 95
Trd, 4318909.443, 94
Trd, 4318909.793, 97
Trd, 4318912.043, 93
Trd, 4318912.843, 97
Trd, 4318914.393, 96
Trd, 4318915.893, 97
Trd, 4318916.943, 95
Trd, 4318918.243, 95
Trd, 4318919.243, 96
Trd, 4318919.443, 96
Trd, 4318920.243, 107
Trd, 4318924.743, 97
Trd, 4318924.993, 96
Trd, 4318925.643, 96
Trd, 4318925.743, 95
Trd, 4318926.493, 94
Trd, 4318926.943, 93
Trd, 4318928.493, 86
Trd, 4318929.043, 88
Trd, 4318930.143, 91
Trd, 4318930.493, 89
Trd, 4318930.793, 112
Trd, 4318934.243, 97
Trd, 4318935.443, 95
Trd, 4318938.143, 95
Trd, 4318938.393, 95
Trd, 4318938.493, 96
Trd, 4318940.693, 95
Trd, 4318940.893, 95
Trd, 4318941.693, 95
Trd, 4318942.193, 95
Trd, 4318944.743, 95
Trd, 4318944.793, 112
Trd, 4318945.743, 96
Trd, 4318946.193, 106
Trd, 4318946.493, 106
Trd, 4318947.443, 96
Trd, 4318951.543, 98
Trd, 4318953.043, 98
Trd, 4318953.993, 98
Trd, 4318954.143, 99
Trd, 4318956.693, 97
Trd, 4318958.793, 96
Trd, 4318959.343, 97
Trd, 4318959.443, 98
Trd, 4318960.193, 95
Trd, 4318961.843, 97
Trd, 4318962.493, 107
Trd, 4318963.893, 96
Trd, 4318967.493, 95
Trd, 4318967.593, 96
Trd, 4318969.943, 97
Trd, 4318972.193, 95
Trd, 4318975.793, 96
Trd, 4318976.243, 96
Trd, 4318977.093, 95
Trd, 4318977.943, 96
Trd, 4318979.243, 95
Trd, 4318979.593, 95
Trd, 4318981.143, 96
Trd, 4318982.193, 96
Trd, 4318983.093, 104
Trd, 4318984.343, 94
Trd, 4318985.443, 95
Trd, 4318986.943, 96
Trd, 4318989.043, 112
Trd, 4318990.643, 99
Trd, 4318991.243, 94
Trd, 4318991.643, 99
Trd, 4318991.993, 97
Trd, 4318993.543, 98
Trd, 4318995.143, 97
Trd, 4318998.743, 94
Trd, 4318999.643, 97
Trd, 4319000.743, 97
Trd, 4319001.343, 96
Trd, 4319001.543, 96
Trd, 4319001.643, 95
Trd, 4319002.793, 95
Trd, 4319003.993, 95
Trd, 4319005.143, 95
Trd, 4319008.043, 95
Trd, 4319009.693, 96
Trd, 4319010.093, 95
Trd, 4319011.093, 95
Trd, 4319011.393, 94
Trd, 4319012.393, 105
Trd, 4319013.543, 97
Trd, 4319014.493, 111
Trd, 4319015.243, 98
Trd, 4319017.443, 98
Trd, 4319017.493, 103
Trd, 4319018.693, 113
Trd, 4319020.493, 107
Trd, 4319020.593, 102
Trd, 4319021.593, 91
Trd, 4319022.393, 91
Trd, 4319024.243, 90
Trd, 4319024.943, 89
Trd, 4319026.193, 87
Trd, 4319027.293, 89
Trd, 4319027.543, 92
Trd, 4319028.143, 95
Trd, 4319028.993, 113
Trd, 4319029.243, 95
Trd, 4319030.293, 95
Trd, 4319031.543, 96
Trd, 4319032.293, 96
Trd, 4319033.693, 96
Trd, 4319035.543, 95
Trd, 4319036.543, 94
Trd, 4319036.593, 95
Trd, 4319037.793, 95
Trd, 4319038.793, 93
Trd, 4319039.243, 95
Trd, 4319041.143, 105
Trd, 4319041.893, 97
Trd, 4319042.093, 98
Trd, 4319044.893, 98
Trd, 4319045.043, 97
Trd, 4319045.643, 113
Trd, 4319046.243, 113
Trd, 4319047.143, 103
Trd, 4319049.043, 101
Trd, 4319049.393, 103
Trd, 4319050.043, 104
Trd, 4319052.493, 100
Trd, 4319052.993, 100
Trd, 4319054.743, 100
Trd, 4319054.993, 99
Trd, 4319055.643, 100
Trd, 4319057.343, 100
Trd, 4319058.943, 100
Trd, 4319060.143, 104
Trd, 4319060.693, 99
Trd, 4319062.393, 101
Trd, 4319065.643, 100
Trd, 4319066.193, 99
Trd, 4319067.743, 98
Trd, 4319070.293, 100
Trd, 4319070.543, 100
Trd, 4319074.943, 100
Trd, 4319075.093, 100
Trd, 4319077.593, 97
Trd, 4319080.093, 99
Trd, 4319081.643, 100
Trd, 4319081.793, 103
Trd, 4319083.193, 99
Trd, 4319084.593, 100
Trd, 4319086.893, 98
Trd, 4319087.493, 95
Trd, 4319088.593, 99
Trd, 4319090.593, 97
Trd, 4319090.893, 96
Trd, 4319090.943, 99
Trd, 4319092.043, 97
Trd, 4319094.343, 97
Trd, 4319095.093, 99
Trd, 4319095.493, 99
Trd, 4319098.643, 97
Trd, 4319100.193, 97
Trd, 4319100.893, 94
Trd, 4319102.393, 95
Trd, 4319104.793, 95
Trd, 4319104.893, 96
Trd, 4319105.093, 97
Trd, 4319106.343, 96
Trd, 4319109.143, 95
Trd, 4319109.443, 96
Trd, 4319110.743, 95
Trd, 4319112.443, 95
Trd, 4319112.893, 94
Trd, 4319113.643, 96
Trd, 4319115.243, 93
Trd, 4319116.943, 92
Trd, 4319118.343, 86
Trd, 4319119.043, 87
Trd, 4319119.493, 89
Trd, 4319119.843, 89
Trd, 4319121.893, 86
Trd, 4319122.843, 95
Trd, 4319123.443, 102
Trd, 4319124.843, 95
Trd, 4319127.043, 95
Trd, 4319127.343, 95
Trd, 4319129.543, 94
Trd, 4319130.293, 95
Trd, 4319131.143, 93
Trd, 4319132.093, 111
Trd, 4319133.993, 95
Trd, 4319134.893, 95
Trd, 4319135.443, 95
Trd, 4319137.093, 94
Trd, 4319138.043, 110
Trd, 4319138.243, 94
Trd, 4319139.143, 95
Trd, 4319140.443, 96
Trd, 4319141.193, 96
Trd, 4319141.843, 95
Trd, 4319144.843, 96
Trd, 4319145.343, 96
Trd, 4319146.693, 95
Trd, 4319147.093, 95
Trd, 4319148.193, 94
Trd, 4319148.743, 111
Trd, 4319150.193, 121
Trd, 4319153.243, 96
Trd, 4319154.093, 101
Trd, 4319155.193, 98
Trd, 4319159.243, 96
Trd, 4319159.343, 97
Trd, 4319162.043, 96
Trd, 4319162.843, 95
Trd, 4319163.243, 95
Trd, 4319164.243, 94
Trd, 4319165.143, 95
Trd, 4319166.393, 95
Trd, 4319168.093, 97
Trd, 4319168.743, 98
Trd, 4319168.943, 112
Trd, 4319170.293, 99
Trd, 4319171.943, 100
Trd, 4319172.243, 102
Trd, 4319172.343, 99
Trd, 4319174.393, 103
Trd, 4319176.243, 98
Trd, 4319177.993, 97
Trd, 4319178.193, 100
Trd, 4319178.343, 100
Trd, 4319182.143, 98
Trd, 4319182.543, 96
Trd, 4319183.343, 97
Trd, 4319184.293, 96
Trd, 4319185.343, 89
Trd, 4319185.743, 93
Trd, 4319187.243, 92
Trd, 4319187.443, 91
Trd, 4319187.943, 104
Trd, 4319188.743, 91
Trd, 4319190.743, 91
Trd, 4319192.393, 91
Trd, 4319193.293, 113
Trd, 4319194.393, 90
Trd, 4319195.843, 97
Trd, 4319195.943, 95
Trd, 4319197.193, 99
Trd, 4319198.943, 96
Trd, 4319199.893, 93
Trd, 4319200.143, 95
Trd, 4319200.743, 97
Trd, 4319201.343, 95
Trd, 4319204.143, 93
Trd, 4319205.143, 95
Trd, 4319205.643, 96
Trd, 4319206.243, 96
Trd, 4319207.743, 95
Trd, 4319209.893, 93
Trd, 4319212.393, 95
Trd, 4319212.693, 94
Trd, 4319213.493, 92
Trd, 4319215.843, 93
Trd, 4319216.043, 95
Trd, 4319217.643, 94
Trd, 4319218.793, 94
Trd, 4319219.143, 113
Trd, 4319220.593, 96
Trd, 4319221.743, 106
Trd, 4319222.943, 95
Trd, 4319223.043, 97
Trd, 4319226.293, 95
Trd, 4319227.543, 96
Trd, 4319228.193, 96
Trd, 4319228.343, 94
Trd, 4319229.743, 95
Trd, 4319230.693, 95
Trd, 4319232.643, 95
Trd, 4319233.443, 95
Trd, 4319234.693, 93
Trd, 4319235.743, 95
Trd, 4319236.393, 93
Trd, 4319236.843, 95
Trd, 4319238.743, 95
Trd, 4319240.093, 95
Trd, 4319242.043, 95
Trd, 4319242.543, 95
Trd, 4319245.643, 91
Trd, 4319245.893, 95
Trd, 4319246.943, 95
Trd, 4319249.743, 95
Trd, 4319250.093, 95
Trd, 4319250.943, 95
Trd, 4319252.443, 95
Trd, 4319252.893, 92
Trd, 4319253.293, 95
Trd, 4319254.993, 94
Trd, 4319255.493, 95
Trd, 4319257.993, 93
Trd, 4319258.043, 95
Trd, 4319258.743, 95
Trd, 4319258.793, 93
Trd, 4319259.643, 96
Trd, 4319263.943, 94
Trd, 4319264.543, 95
Trd, 4319264.943, 113
Trd, 4319265.743, 95
Trd, 4319268.943, 98
Trd, 4319270.843, 97
Trd, 4319271.143, 96
Trd, 4319271.593, 97
Trd, 4319271.993, 96
Trd, 4319273.693, 96
Trd, 4319275.343, 97
Trd, 4319276.993, 96
Trd, 4319277.593, 97
Trd, 4319278.693, 97
Trd, 4319280.393, 97
Trd, 4319280.693, 97
Trd, 4319282.943, 94
Trd, 4319285.243, 97
Trd, 4319285.443, 95
Trd, 4319285.793, 95
Trd, 4319286.693, 96
Trd, 4319286.993, 105
Trd, 4319287.843, 94
Trd, 4319288.943, 98
Trd, 4319290.043, 97
Trd, 4319292.143, 97
Trd, 4319292.343, 97
Trd, 4319295.093, 96
Trd, 4319295.193, 97
Trd, 4319296.743, 94
Trd, 4319297.793, 96
Trd, 4319299.293, 96
Trd, 4319299.343, 94
Trd, 4319302.443, 95
Trd, 4319303.843, 95
Trd, 4319305.243, 95
Trd, 4319305.343, 94
Trd, 4319307.193, 97
Trd, 4319309.293, 112
Trd, 4319309.493, 113
Trd, 4319309.693, 97
Trd, 4319313.243, 98
Trd, 4319313.643, 96
Trd, 4319316.193, 98
Trd, 4319316.493, 97
Trd, 4319316.843, 113
Trd, 4319317.693, 109
Trd, 4319319.143, 104
Trd, 4319319.193, 95
Trd, 4319320.943, 100
Trd, 4319325.693, 99
Trd, 4319327.243, 100
Trd, 4319327.293, 105
Trd, 4319328.643, 98
Trd, 4319329.243, 113
Trd, 4319331.393, 116
Trd, 4319331.443, 104
Trd, 4319334.043, 104
Trd, 4319336.043, 101
Trd, 4319336.793, 103
Trd, 4319336.893, 108
Trd, 4319337.443, 97
Trd, 4319339.793, 102
Trd, 4319340.193, 101
Trd, 4319340.593, 101
Trd, 4319342.143, 102
Trd, 4319343.543, 100
Trd, 4319343.793, 102
Trd, 4319344.493, 94
Trd, 4319346.393, 103
Trd, 4319346.843, 105
Trd, 4319347.743, 102
Trd, 4319349.543, 94
Trd, 4319349.743, 97
Trd, 4319352.593, 103
Trd, 4319352.843, 96
Trd, 4319353.643, 112
Trd, 4319355.093, 106
Trd, 4319356.443, 99
Trd, 4319358.343, 99
Trd, 4319359.493, 99
Trd, 4319360.443, 99
Trd, 4319361.393, 98
Trd, 4319361.493, 95
Trd, 4319363.293, 97
Trd, 4319363.693, 99
Trd, 4319366.643, 96
Trd, 4319366.793, 97
Trd, 4319367.743, 95
Trd, 4319369.693, 97
Trd, 4319371.043, 97
Trd, 4319371.843, 97
Trd, 4319371.893, 97
Trd, 4319372.793, 94
Trd, 4319373.943, 97
Trd, 4319374.393, 104
Trd, 4319376.793, 96
Trd, 4319377.093, 97
Trd, 4319380.443, 95
Trd, 4319380.943, 96
Trd, 4319383.493, 94
Trd, 4319383.593, 95
Trd, 4319384.393, 93
Trd, 4319384.443, 96
Trd, 4319385.343, 96
Trd, 4319387.193, 96
Trd, 4319389.143, 96
Trd, 4319390.293, 97
Trd, 4319391.543, 94
Trd, 4319393.543, 96
Trd, 4319393.693, 95
Trd, 4319394.843, 96
Trd, 4319395.743, 93
Trd, 4319396.493, 112
Trd, 4319399.143, 99
Trd, 4319401.993, 100
Trd, 4319402.293, 100
Trd, 4319402.493, 110
Trd, 4319404.743, 99
Trd, 4319404.843, 97
Trd, 4319405.043, 95
Trd, 4319405.443, 100
Trd, 4319406.943, 96
Trd, 4319407.543, 97
Trd, 4319410.243, 97
Trd, 4319411.343, 104
Trd, 4319412.443, 98
Trd, 4319413.993, 97
Trd, 4319415.743, 98
Trd, 4319416.293, 100
Trd, 4319417.143, 97
Trd, 4319419.593, 97
Trd, 4319419.643, 98
Trd, 4319420.293, 95
Trd, 4319421.893, 97
Trd, 4319422.993, 97
Trd, 4319424.943, 97
Trd, 4319425.243, 98
Trd, 4319428.243, 97
Trd, 4319429.243, 95
Trd, 4319429.843, 97
Trd, 4319430.943, 98
Trd, 4319433.093, 96
Trd, 4319434.043, 97
Trd, 4319435.093, 95
Trd, 4319436.393, 96
Trd, 4319437.793, 96
Trd, 4319439.543, 96
Trd, 4319440.343, 95
Trd, 4319441.193, 95
Trd, 4319441.443, 95
Trd, 4319442.693, 94
Trd, 4319444.643, 97
Trd, 4319445.943, 94
Trd, 4319445.993, 95
Trd, 4319446.643, 93
Trd, 4319448.593, 92
Trd, 4319448.693, 94
Trd, 4319449.893, 93
Trd, 4319450.993, 94
Trd, 4319453.643, 94
Trd, 4319454.543, 93
Trd, 4319455.593, 95
Trd, 4319456.343, 95
Trd, 4319458.593, 93
Trd, 4319458.843, 94
Trd, 4319459.393, 92
Trd, 4319460.693, 95
Trd, 4319462.493, 92
Trd, 4319462.793, 93
Trd, 4319463.093, 93
Trd, 4319464.893, 93
Trd, 4319465.643, 95
Trd, 4319465.693, 105
Trd, 4319467.743, 90
Trd, 4319470.143, 93
Trd, 4319470.743, 92
Trd, 4319471.293, 92
Trd, 4319472.993, 92
Trd, 4319473.243, 93
Trd, 4319474.843, 95
Trd, 4319475.743, 91
Trd, 4319477.293, 102
Trd, 4319477.593, 113
Trd, 4319481.343, 97
Trd, 4319481.743, 101
Trd, 4319484.293, 96
Trd, 4319486.093, 97
Trd, 4319486.193, 95
Trd, 4319487.793, 97
Trd, 4319488.143, 105
Trd, 4319492.143, 96
Trd, 4319493.143, 96
Trd, 4319494.243, 95
Trd, 4319494.543, 96
Trd, 4319496.893, 94
Trd, 4319498.843, 96
Trd, 4319499.843, 96
Trd, 4319500.643, 111
Trd, 4319502.793, 98
Trd, 4319506.043, 97
Trd, 4319506.093, 95
Trd, 4319506.893, 97
Trd, 4319507.193, 112
Trd, 4319507.493, 101
Trd, 4319507.643, 97
Trd, 4319511.143, 100
Trd, 4319511.643, 101
Trd, 4319513.793, 99
Trd, 4319514.543, 101
Trd, 4319515.043, 103
Trd, 4319516.393, 100
Trd, 4319516.443, 99
Trd, 4319518.093, 107
Trd, 4319521.143, 99
Trd, 4319522.393, 100
Trd, 4319525.243, 99
Trd, 4319526.793, 98
Trd, 4319526.843, 99
Trd, 4319527.693, 97
Trd, 4319528.293, 88
Trd, 4319530.043, 97
Trd, 4319531.293, 96
Trd, 4319531.643, 97
Trd, 4319534.093, 96
Trd, 4319534.893, 97
Trd, 4319536.643, 97
Trd, 4319536.893, 96
Trd, 4319537.193, 97
Trd, 4319538.493, 96
Trd, 4319540.243, 97
Trd, 4319541.193, 95
Trd, 4319543.343, 94
Trd, 4319545.243, 96
Trd, 4319546.093, 96
Trd, 4319546.293, 96
Trd, 4319547.593, 95
Trd, 4319548.493, 94
Trd, 4319550.693, 94
Trd, 4319551.443, 94
Trd, 4319551.843, 93
Trd, 4319552.343, 92
Trd, 4319554.993, 90
Trd, 4319555.143, 91
Trd, 4319555.943, 104
Trd, 4319556.693, 93
Trd, 4319557.593, 98
Trd, 4319558.393, 96
Trd, 4319560.143, 108
Trd, 4319560.843, 96
Trd, 4319561.943, 103
Trd, 4319563.743, 104
Trd, 4319564.593, 96
Trd, 4319564.793, 109
Trd, 4319566.293, 99
Trd, 4319568.343, 99
Trd, 4319569.443, 99
Trd, 4319571.243, 97
Trd, 4319572.193, 99
Trd, 4319572.493, 99
Trd, 4319572.843, 96
Trd, 4319575.393, 97
Trd, 4319576.393, 97
Trd, 4319577.443, 96
Trd, 4319577.843, 98
Trd, 4319579.343, 103
Trd, 4319580.443, 88
Trd, 4319582.143, 94
Trd, 4319582.693, 93
Trd, 4319584.043, 95
Trd, 4319585.193, 95
Trd, 4319587.593, 95
Trd, 4319588.393, 96
Trd, 4319588.593, 95
Trd, 4319589.993, 95
Trd, 4319592.193, 92
Trd, 4319592.593, 94
Trd, 4319592.993, 92
Trd, 4319594.443, 95
Trd, 4319594.643, 113
Trd, 4319596.643, 95
Trd, 4319597.743, 95
Trd, 4319598.543, 95
Trd, 4319600.243, 95
Trd, 4319601.143, 95
Trd, 4319601.943, 96
Trd, 4319602.493, 94
Trd, 4319603.693, 93
Trd, 4319604.343, 95
Trd, 4319608.143, 95
Trd, 4319608.443, 93
Trd, 4319610.743, 95
Trd, 4319610.793, 93
Trd, 4319611.743, 95
Trd, 4319614.243, 95
Trd, 4319614.343, 95
Trd, 4319614.593, 96
Trd, 4319615.643, 93
Trd, 4319616.293, 95
Trd, 4319617.593, 97
Trd, 4319620.743, 95
Trd, 4319621.693, 95
Trd, 4319621.743, 94
Trd, 4319621.893, 95
Trd, 4319623.343, 94
Trd, 4319624.043, 95
Trd, 4319625.443, 95
Trd, 4319627.443, 95
Trd, 4319627.793, 96
Trd, 4319628.293, 96
Trd, 4319628.343, 95
Trd, 4319629.493, 94
Trd, 4319631.343, 95
Trd, 4319633.193, 95
Trd, 4319633.943, 95
Trd, 4319635.943, 95
Trd, 4319636.593, 95
Trd, 4319636.893, 113
Trd, 4319638.443, 94
Trd, 4319640.143, 101
Trd, 4319641.543, 96
Trd, 4319643.193, 93
Trd, 4319643.543, 95
Trd, 4319643.993, 95
Trd, 4319644.493, 95
Trd, 4319647.793, 95
Trd, 4319648.143, 94
Trd, 4319648.443, 95
Trd, 4319648.893, 95
Trd, 4319649.643, 93
Trd, 4319650.243, 109
Trd, 4319653.793, 94
Trd, 4319653.943, 95
Trd, 4319654.293, 97
Trd, 4319656.743, 95
Trd, 4319657.493, 95
Trd, 4319657.893, 95
Trd, 4319658.193, 92
Trd, 4319658.393, 94
Trd, 4319661.193, 92
Trd, 4319661.293, 96
Trd, 4319662.793, 95
Trd, 4319663.643, 96
Trd, 4319663.843, 103
Trd, 4319667.043, 107
Trd, 4319667.743, 96
Trd, 4319669.893, 97
Trd, 4319669.943, 98
Trd, 4319670.543, 95
Trd, 4319674.543, 97
Trd, 4319675.843, 95
Trd, 4319675.893, 95
Trd, 4319676.343, 96
Trd, 4319677.693, 95
Trd, 4319678.493, 94
Trd, 4319680.143, 95
Trd, 4319680.343, 94
Trd, 4319681.843, 95
Trd, 4319682.193, 97
Trd, 4319685.043, 95
Trd, 4319687.293, 95
Trd, 4319688.043, 95
Trd, 4319688.593, 100
Trd, 4319690.093, 95
Trd, 4319692.393, 95
Trd, 4319692.743, 95
Trd, 4319693.243, 94
Trd, 4319694.343, 106
Trd, 4319695.693, 96
Trd, 4319696.893, 90
Trd, 4319696.943, 96
Trd, 4319699.943, 95
Trd, 4319700.443, 95
Trd, 4319701.793, 96
Trd, 4319702.843, 95
Trd, 4319703.893, 109
Trd, 4319708.343, 95
Trd, 4319709.343, 96
Trd, 4319709.793, 96
Trd, 4319710.143, 94
Trd, 4319711.893, 96
Trd, 4319712.093, 98
Trd, 4319712.193, 93
Trd, 4319715.543, 95
Trd, 4319716.343, 94
Trd, 4319716.793, 97
Trd, 4319717.043, 93
Trd, 4319720.093, 95
Trd, 4319720.643, 95
Trd, 4319721.193, 95
Trd, 4319722.193, 95
Trd, 4319723.343, 95
Trd, 4319725.443, 94
Trd, 4319725.943, 95
Trd, 4319728.443, 95
Trd, 4319728.643, 94
Trd, 4319728.793, 92
Trd, 4319730.893, 95
Trd, 4319731.093, 95
Trd, 4319732.943, 95
Trd, 4319735.043, 95
Trd, 4319736.043, 100
Trd, 4319737.993, 92
Trd, 4319739.793, 95
Trd, 4319741.393, 94
Trd, 4319742.443, 95
Trd, 4319743.643, 95
Trd, 4319744.843, 95
Trd, 4319745.493, 95
Trd, 4319746.893, 102
Trd, 4319747.643, 102
Trd, 4319748.643, 99
Trd, 4319749.293, 101
Trd, 4319749.393, 100
Trd, 4319753.443, 99
Trd, 4319754.143, 99
Trd, 4319754.843, 100
Trd, 4319756.143, 102
Trd, 4319756.593, 98
Trd, 4319757.093, 100
Trd, 4319759.543, 104
Trd, 4319760.793, 99
Trd, 4319760.943, 97
Trd, 4319764.843, 99
Trd, 4319764.893, 99
Trd, 4319766.193, 99
Trd, 4319766.293, 98
Trd, 4319766.343, 99
Trd, 4319768.693, 111
Trd, 4319769.493, 99
Trd, 4319770.493, 100
Trd, 4319771.393, 99
Trd, 4319773.343, 100
Trd, 4319774.293, 101
Trd, 4319776.643, 99
Trd, 4319778.743, 100
Trd, 4319779.193, 100
Trd, 4319779.893, 99
Trd, 4319781.343, 100
Trd, 4319782.743, 108
Trd, 4319783.493, 98
Trd, 4319785.693, 101
Trd, 4319787.243, 101
Trd, 4319788.343, 97
Trd, 4319791.243, 101
Trd, 4319791.343, 102
Trd, 4319792.293, 101
Trd, 4319792.543, 102
Trd, 4319792.793, 97
Trd, 4319795.843, 99
Trd, 4319797.543, 99
Trd, 4319797.593, 100
Trd, 4319800.443, 98
Trd, 4319800.793, 97
Trd, 4319801.243, 100
Trd, 4319803.293, 96
Trd, 4319806.293, 99
Trd, 4319807.543, 97
Trd, 4319807.643, 96
Trd, 4319808.343, 98
Trd, 4319809.393, 98
Trd, 4319809.843, 107
Trd, 4319813.293, 100
Trd, 4319813.493, 97
Trd, 4319814.543, 96
Trd, 4319816.043, 95
Trd, 4319816.243, 95
Trd, 4319816.743, 94
Trd, 4319817.593, 108
Trd, 4319819.493, 96
Trd, 4319820.593, 95
Trd, 4319821.493, 95
Trd, 4319822.743, 95
Trd, 4319824.143, 93
Trd, 4319825.043, 93
Trd, 4319825.943, 95
Trd, 4319826.493, 111
Trd, 4319830.043, 93
Trd, 4319830.893, 96
Trd, 4319832.843, 95
Trd, 4319833.443, 97
Trd, 4319835.243, 94
Trd, 4319837.393, 96
Trd, 4319837.543, 96
Trd, 4319839.293, 95
Trd, 4319839.843, 96
Trd, 4319840.243, 97
Trd, 4319841.943, 110
Trd, 4319842.193, 94
Trd, 4319846.343, 97
Trd, 4319846.493, 98
Trd, 4319846.943, 95
Trd, 4319847.243, 97
Trd, 4319848.593, 97
Trd, 4319849.543, 95
Trd, 4319853.493, 97
Trd, 4319853.643, 96
Trd, 4319853.893, 97
Trd, 4319854.743, 95
Trd, 4319857.593, 96
Trd, 4319858.243, 96
Trd, 4319858.443, 97
Trd, 4319859.793, 96
Trd, 4319861.693, 97
Trd, 4319862.193, 95
Trd, 4319866.093, 94
Trd, 4319867.643, 95
Trd, 4319868.143, 95
Trd, 4319870.843, 113
Trd, 4319871.593, 99
Trd, 4319872.593, 103
Trd, 4319873.943, 99
Trd, 4319874.993, 91
Trd, 4319876.243, 95
Trd, 4319878.243, 95
Trd, 4319879.543, 96
Trd, 4319881.793, 95
Trd, 4319882.393, 96
Trd, 4319884.093, 95
Trd, 4319884.393, 95
Trd, 4319886.143, 95
Trd, 4319887.893, 96
Trd, 4319888.843, 96
Trd, 4319888.943, 97
Trd, 4319890.393, 96
Trd, 4319891.943, 92
Trd, 4319892.093, 93
Trd, 4319892.743, 94
Trd, 4319893.593, 106
Trd, 4319894.343, 113
Trd, 4319895.593, 96
Trd, 4319897.743, 96
Trd, 4319898.893, 95
Trd, 4319899.193, 98
Trd, 4319899.543, 108
Trd, 4319901.643, 94
Trd, 4319903.393, 95
Trd, 4319903.593, 94
Trd, 4319903.743, 96
Trd, 4319905.143, 96
Trd, 4319906.743, 96
Trd, 4319907.643, 96
Trd, 4319908.143, 94
Trd, 4319910.493, 96
Trd, 4319911.893, 96
Trd, 4319912.843, 95
Trd, 4319913.243, 95
Trd, 4319914.093, 95
Trd, 4319915.143, 94
Trd, 4319915.293, 113
Trd, 4319918.693, 95
Trd, 4319919.243, 94
Trd, 4319920.093, 95
Trd, 4319920.543, 95
Trd, 4319921.693, 94
Trd, 4319922.693, 93
Trd, 4319923.193, 94
Trd, 4319924.643, 95
Trd, 4319925.693, 91
Trd, 4319926.443, 91
Trd, 4319928.093, 92
Trd, 4319928.843, 91
Trd, 4319929.243, 94
Trd, 4319930.793, 104
Trd, 4319931.793, 119
Trd, 4319932.093, 98
Trd, 4319934.043, 105
Trd, 4319936.593, 103
Trd, 4319937.193, 102
Trd, 4319937.543, 105
Trd, 4319937.593, 105
Trd, 4319939.843, 98
Trd, 4319940.943, 101
Trd, 4319944.793, 100
Trd, 4319946.143, 101
Trd, 4319946.643, 101
Trd, 4319947.693, 99
Trd, 4319948.543, 98
Trd, 4319949.343, 97
Trd, 4319949.743, 97
Trd, 4319950.443, 97
Trd, 4319951.443, 93
Trd, 4319952.593, 98
Trd, 4319954.743, 100
Trd, 4319955.043, 99
Trd, 4319955.743, 107
Trd, 4319955.943, 113
Trd, 4319958.143, 95
Trd, 4319959.943, 97
Trd, 4319961.043, 99
Trd, 4319961.093, 97
Trd, 4319961.343, 96
Trd, 4319965.093, 93
Trd, 4319966.193, 107
Trd, 4319967.043, 97
Trd, 4319967.243, 97
Trd, 4319969.043, 96
Trd, 4319969.593, 96
Trd, 4319970.393, 96
Trd, 4319971.493, 97
Trd, 4319972.243, 108
Trd, 4319975.743, 97
Trd, 4319976.243, 97
Trd, 4319976.993, 98
Trd, 4319977.643, 111
Trd, 4319980.393, 99
Trd, 4319980.943, 96
Trd, 4319981.943, 101
Trd, 4319982.993, 100
Trd, 4319985.543, 97
Trd, 4319986.293, 98
Trd, 4319986.943, 97
Trd, 4319987.343, 98
Trd, 4319991.843, 97
Trd, 4319991.943, 96
Trd, 4319992.643, 96
Trd, 4319994.443, 98
Trd, 4319995.443, 95
Trd, 4319996.493, 95
Trd, 4319998.693, 112
