Trd, 4317872.093, 93
Trd, 4317872.143, 93
Trd, 4317872.843, 95
Trd, 4317875.193, 99
Trd, 4317877.693, 104
Trd, 4317878.043, 104
Trd, 4317878.893, 104
Trd, 4317879.293, 102
Trd, 4317880.743, 101
Trd, 4317882.593, 98
Trd, 4317883.043, 100
Trd, 4317885.293, 100
Trd, 4317885.643, 99
Trd, 4317885.893, 99
Trd, 4317886.793, 98
Trd, 4317887.993, 100
Trd, 4317889.193, 99
Trd, 4317890.243, 98
Trd, 4317892.693, 96
Trd, 4317893.493, 96
Trd, 4317895.193, 99
Trd, 4317895.293, 98
Trd, 4317896.893, 97
Trd, 4317897.093, 98
Trd, 4317898.043, 95
Trd, 4317899.193, 95
Trd, 4317899.493, 95
Trd, 4317902.893, 101
Trd, 4317903.893, 100
Trd, 4317904.693, 98
Trd, 4317906.693, 98
Trd, 4317907.343, 99
Trd, 4317907.443, 98
Trd, 4317909.243, 95
Trd, 4317910.343, 96
Trd, 4317911.143, 96
Trd, 4317912.393, 96
Trd, 4317912.643, 96
Trd, 4317918.993, 97
Trd, 4317919.543, 98
Trd, 4317919.843, 96
Trd, 4317922.343, 98
Trd, 4317922.593, 101
Trd, 4317924.943, 99
Trd, 4317925.293, 98
Trd, 4317929.443, 97
Trd, 4317929.693, 99
Trd, 4317930.743, 100
Trd, 4317930.943, 101
Trd, 4317932.743, 109
Trd, 4317933.493, 104
Trd, 4317934.343, 104
Trd, 4317935.293, 103
Trd, 4317936.793, 103
Trd, 4317937.843, 101
Trd, 4317939.343, 96
Trd, 4317940.043, 95
Trd, 4317940.743, 94
Trd, 4317942.493, 90
Trd, 4317942.793, 90
Trd, 4317944.043, 113
Trd, 4317946.393, 94
Trd, 4317948.843, 95
Trd, 4317949.993, 95
Trd, 4317950.043, 98
Trd, 4317952.943, 96
Trd, 4317955.793, 96
Trd, 4317955.893, 95
Trd, 4317956.293, 111
Trd, 4317959.443, 97
Trd, 4317961.193, 96
Trd, 4317962.443, 95
Trd, 4317963.543, 95
Trd, 4317964.143, 95
Trd, 4317966.643, 95
Trd, 4317968.693, 94
Trd, 4317970.693, 96
Trd, 4317971.493, 96
Trd, 4317972.443, 98
Trd, 4317974.493, 95
Trd, 4317976.643, 96
Trd, 4317976.693, 105
Trd, 4317978.293, 96
Trd, 4317978.993, 94
Trd, 4317979.243, 95
Trd, 4317979.443, 96
Trd, 4317983.193, 96
Trd, 4317984.443, 96
Trd, 4317985.643, 97
Trd, 4317986.993, 99
Trd, 4317988.893, 99
Trd, 4317989.343, 98
Trd, 4317990.743, 98
Trd, 4317993.093, 99
Trd, 4317993.343, 108
Trd, 4317996.843, 100
Trd, 4317998.543, 98
Trd, 4317999.693, 99
Trd, 4318000.193, 98
Trd, 4318000.893, 99
Trd, 4318002.143, 98
Trd, 4318002.893, 97
Trd, 4318005.793, 95
Trd, 4318006.343, 94
Trd, 4318007.543, 94
Trd, 4318008.593, 97
Trd, 4318008.893, 113
Trd, 4318009.093, 104
Trd, 4318011.443, 96
Trd, 4318011.843, 97
Trd, 4318013.393, 97
Trd, 4318014.393, 96
Trd, 4318014.943, 95
Trd, 4318016.493, 94
Trd, 4318016.543, 96
Trd, 4318019.493, 93
Trd, 4318020.343, 92
Trd, 4318021.493, 92
Trd, 4318021.843, 93
Trd, 4318023.643, 98
Trd, 4318025.343, 98
Trd, 4318025.643, 97
Trd, 4318026.793, 100
Trd, 4318031.093, 99
Trd, 4318032.093, 97
Trd, 4318032.493, 99
Trd, 4318032.543, 109
Trd, 4318034.293, 96
Trd, 4318034.693, 96
Trd, 4318035.843, 96
Trd, 4318036.243, 96
Trd, 4318037.293, 113
Trd, 4318040.643, 104
Trd, 4318041.043, 104
Trd, 4318042.043, 103
Trd, 4318042.293, 102
Trd, 4318046.143, 94
Trd, 4318046.293, 96
Trd, 4318046.543, 96
Trd, 4318047.293, 95
Trd, 4318049.843, 95
Trd, 4318049.993, 94
Trd, 4318051.893, 91
Trd, 4318053.493, 92
Trd, 4318053.693, 91
Trd, 4318053.943, 99
Trd, 4318055.693, 105
Trd, 4318059.143, 94
Trd, 4318059.543, 95
Trd, 4318061.543, 95
Trd, 4318061.693, 94
Trd, 4318062.693, 97
Trd, 4318064.043, 95
Trd, 4318064.593, 98
Trd, 4318066.843, 95
Trd, 4318067.143, 94
Trd, 4318068.443, 97
Trd, 4318069.743, 94
Trd, 4318070.243, 94
Trd, 4318072.543, 94
Trd, 4318072.893, 96
Trd, 4318075.143, 96
Trd, 4318076.793, 97
Trd, 4318078.693, 95
Trd, 4318079.643, 94
Trd, 4318080.593, 93
Trd, 4318081.393, 92
Trd, 4318084.343, 96
Trd, 4318087.543, 100
Trd, 4318088.643, 100
Trd, 4318089.993, 99
Trd, 4318091.093, 98
Trd, 4318092.343, 104
Trd, 4318093.143, 99
Trd, 4318094.593, 93
Trd, 4318094.643, 94
Trd, 4318096.143, 94
Trd, 4318097.043, 96
Trd, 4318098.243, 96
Trd, 4318099.843, 102
Trd, 4318100.793, 99
Trd, 4318103.393, 102
Trd, 4318104.643, 102
Trd, 4318106.593, 100
Trd, 4318107.643, 102
Trd, 4318109.193, 101
Trd, 4318111.293, 101
Trd, 4318111.843, 101
Trd, 4318113.243, 100
Trd, 4318113.293, 101
Trd, 4318114.443, 101
Trd, 4318116.743, 100
Trd, 4318118.643, 101
Trd, 4318121.343, 100
Trd, 4318121.693, 99
Trd, 4318122.893, 99
Trd, 4318125.193, 99
Trd, 4318126.143, 98
Trd, 4318128.993, 99
Trd, 4318129.593, 98
Trd, 4318130.643, 97
Trd, 4318131.293, 98
Trd, 4318132.193, 99
Trd, 4318135.093, 97
Trd, 4318135.443, 95
Trd, 4318136.343, 96
Trd, 4318138.193, 98
Trd, 4318139.693, 101
Trd, 4318140.543, 99
Trd, 4318141.543, 98
Trd, 4318142.943, 103
Trd, 4318145.493, 99
Trd, 4318145.943, 98
Trd, 4318147.393, 97
Trd, 4318148.593, 98
Trd, 4318149.193, 106
Trd, 4318151.693, 100
Trd, 4318152.143, 100
Trd, 4318152.993, 101
Trd, 4318154.543, 100
Trd, 4318154.843, 106
Trd, 4318158.843, 101
Trd, 4318159.493, 102
Trd, 4318160.693, 102
Trd, 4318162.643, 101
Trd, 4318162.693, 103
Trd, 4318164.093, 100
Trd, 4318165.943, 99
Trd, 4318167.043, 96
Trd, 4318169.093, 98
Trd, 4318169.743, 97
Trd, 4318171.493, 97
Trd, 4318172.443, 96
Trd, 4318174.443, 95
Trd, 4318174.643, 95
Trd, 4318175.193, 95
Trd, 4318176.443, 96
Trd, 4318178.343, 94
Trd, 4318180.743, 96
Trd, 4318182.393, 96
Trd, 4318183.743, 98
Trd, 4318183.843, 98
Trd, 4318185.793, 101
Trd, 4318186.293, 100
Trd, 4318187.093, 99
Trd, 4318189.443, 99
Trd, 4318190.043, 102
Trd, 4318191.093, 101
Trd, 4318191.593, 100
Trd, 4318193.293, 99
Trd, 4318194.743, 99
Trd, 4318197.243, 98
Trd, 4318197.693, 97
Trd, 4318197.943, 96
Trd, 4318200.043, 95
Trd, 4318200.843, 95
Trd, 4318201.793, 94
Trd, 4318202.393, 106
Trd, 4318204.893, 98
Trd, 4318205.793, 97
Trd, 4318206.243, 97
Trd, 4318207.893, 96
Trd, 4318208.143, 97
Trd, 4318208.693, 97
Trd, 4318208.943, 96
Trd, 4318212.243, 95
Trd, 4318213.243, 96
Trd, 4318214.643, 95
Trd, 4318215.543, 95
Trd, 4318217.643, 94
Trd, 4318218.643, 93
Trd, 4318219.643, 94
Trd, 4318221.393, 95
Trd, 4318221.843, 94
Trd, 4318222.843, 95
Trd, 4318224.093, 99
Trd, 4318226.443, 102
Trd, 4318227.193, 100
Trd, 4318227.543, 101
Trd, 4318230.043, 100
Trd, 4318230.893, 108
Trd, 4318231.793, 100
Trd, 4318232.443, 99
Trd, 4318233.343, 98
Trd, 4318234.893, 97
Trd, 4318236.093, 97
Trd, 4318236.893, 97
Trd, 4318238.243, 98
Trd, 4318240.093, 97
Trd, 4318242.943, 97
Trd, 4318243.793, 98
Trd, 4318245.393, 94
Trd, 4318245.943, 95
Trd, 4318248.893, 93
Trd, 4318249.293, 94
Trd, 4318249.943, 93
Trd, 4318251.293, 92
Trd, 4318251.793, 91
Trd, 4318253.243, 95
Trd, 4318254.593, 96
Trd, 4318255.843, 105
Trd, 4318257.393, 95
Trd, 4318258.993, 96
Trd, 4318260.043, 97
Trd, 4318260.443, 95
Trd, 4318260.743, 94
Trd, 4318262.693, 93
Trd, 4318265.943, 93
Trd, 4318266.843, 94
Trd, 4318268.143, 94
Trd, 4318268.593, 95
Trd, 4318269.893, 94
Trd, 4318270.343, 93
Trd, 4318272.393, 94
Trd, 4318273.243, 96
Trd, 4318275.943, 98
Trd, 4318276.193, 97
Trd, 4318276.793, 97
Trd, 4318279.943, 99
Trd, 4318281.893, 99
Trd, 4318283.093, 101
Trd, 4318283.993, 99
Trd, 4318284.543, 99
Trd, 4318285.543, 104
Trd, 4318287.143, 98
Trd, 4318288.493, 97
Trd, 4318288.593, 98
Trd, 4318290.743, 97
Trd, 4318292.993, 95
Trd, 4318293.643, 96
Trd, 4318295.193, 94
Trd, 4318295.493, 95
Trd, 4318297.893, 100
Trd, 4318298.543, 103
Trd, 4318300.693, 105
Trd, 4318302.093, 104
Trd, 4318302.843, 103
Trd, 4318303.293, 99
Trd, 4318304.043, 99
Trd, 4318304.143, 95
Trd, 4318307.443, 96
Trd, 4318308.293, 96
Trd, 4318309.793, 94
Trd, 4318310.543, 95
Trd, 4318311.143, 95
Trd, 4318312.793, 94
Trd, 4318315.793, 95
Trd, 4318315.893, 96
Trd, 4318318.093, 96
Trd, 4318319.793, 95
Trd, 4318319.893, 98
Trd, 4318321.493, 97
Trd, 4318322.143, 95
Trd, 4318322.293, 96
Trd, 4318323.943, 97
Trd, 4318326.943, 94
Trd, 4318327.043, 95
Trd, 4318328.443, 95
Trd, 4318329.343, 94
Trd, 4318329.643, 94
Trd, 4318329.893, 94
Trd, 4318331.193, 107
Trd, 4318334.193, 99
Trd, 4318334.343, 98
Trd, 4318336.943, 97
Trd, 4318338.293, 98
Trd, 4318338.943, 97
Trd, 4318341.743, 97
Trd, 4318342.793, 103
Trd, 4318344.743, 98
Trd, 4318346.893, 97
Trd, 4318347.743, 95
Trd, 4318350.243, 96
Trd, 4318351.393, 97
Trd, 4318352.493, 96
Trd, 4318353.393, 96
Trd, 4318353.493, 95
Trd, 4318354.343, 94
Trd, 4318357.143, 95
Trd, 4318357.443, 95
Trd, 4318358.693, 100
Trd, 4318360.943, 94
Trd, 4318363.143, 94
Trd, 4318363.493, 94
Trd, 4318363.893, 94
Trd, 4318367.243, 95
Trd, 4318368.593, 93
Trd, 4318369.193, 93
Trd, 4318370.393, 93
Trd, 4318371.793, 94
Trd, 4318373.793, 93
Trd, 4318374.443, 93
Trd, 4318375.143, 106
Trd, 4318377.243, 93
Trd, 4318378.993, 95
Trd, 4318379.993, 93
Trd, 4318381.343, 93
Trd, 4318383.943, 93
Trd, 4318384.893, 92
Trd, 4318386.593, 92
Trd, 4318387.643, 92
Trd, 4318388.643, 91
Trd, 4318389.643, 92
Trd, 4318389.993, 110
Trd, 4318393.443, 93
Trd, 4318393.493, 93
Trd, 4318394.643, 92
Trd, 4318394.743, 93
Trd, 4318395.943, 103
Trd, 4318399.293, 95
Trd, 4318401.293, 93
Trd, 4318403.693, 97
Trd, 4318404.243, 94
Trd, 4318405.493, 96
Trd, 4318407.993, 96
Trd, 4318409.543, 97
Trd, 4318409.893, 97
Trd, 4318410.743, 95
Trd, 4318411.043, 95
Trd, 4318411.293, 97
Trd, 4318415.943, 99
Trd, 4318416.843, 112
Trd, 4318418.643, 104
Trd, 4318419.943, 109
Trd, 4318420.093, 107
Trd, 4318420.943, 105
Trd, 4318422.293, 97
Trd, 4318422.493, 103
Trd, 4318425.443, 97
Trd, 4318425.943, 98
Trd, 4318426.493, 98
Trd, 4318427.543, 99
Trd, 4318430.243, 100
Trd, 4318431.593, 99
Trd, 4318431.993, 104
Trd, 4318433.093, 101
Trd, 4318434.343, 99
Trd, 4318436.393, 99
Trd, 4318436.893, 99
Trd, 4318438.943, 99
Trd, 4318440.493, 98
Trd, 4318441.693, 99
Trd, 4318443.393, 98
Trd, 4318443.443, 99
Trd, 4318445.343, 97
Trd, 4318447.943, 96
Trd, 4318448.743, 94
Trd, 4318448.993, 95
Trd, 4318449.993, 94
Trd, 4318453.743, 94
Trd, 4318454.743, 93
Trd, 4318455.643, 93
Trd, 4318455.743, 93
Trd, 4318460.043, 100
Trd, 4318460.793, 101
Trd, 4318461.143, 100
Trd, 4318461.193, 99
Trd, 4318461.843, 105
Trd, 4318463.693, 111
Trd, 4318465.443, 104
Trd, 4318465.543, 104
Trd, 4318465.993, 94
Trd, 4318466.043, 96
Trd, 4318468.443, 95
Trd, 4318468.643, 94
Trd, 4318469.943, 93
Trd, 4318471.143, 92
Trd, 4318472.593, 89
Trd, 4318472.743, 90
Trd, 4318474.493, 93
Trd, 4318475.193, 93
Trd, 4318475.793, 108
Trd, 4318476.543, 111
Trd, 4318478.143, 99
Trd, 4318479.843, 96
Trd, 4318480.293, 96
Trd, 4318482.293, 99
Trd, 4318483.793, 99
Trd, 4318486.443, 100
Trd, 4318486.593, 101
Trd, 4318488.993, 102
Trd, 4318490.193, 101
Trd, 4318490.793, 102
Trd, 4318492.843, 101
Trd, 4318494.193, 102
Trd, 4318495.343, 101
Trd, 4318498.093, 102
Trd, 4318498.493, 106
Trd, 4318500.243, 101
Trd, 4318502.893, 101
Trd, 4318503.343, 100
Trd, 4318503.693, 100
Trd, 4318505.093, 96
Trd, 4318505.443, 96
Trd, 4318509.693, 99
Trd, 4318509.893, 98
Trd, 4318512.393, 97
Trd, 4318512.593, 99
Trd, 4318513.743, 99
Trd, 4318515.693, 98
Trd, 4318516.843, 96
Trd, 4318518.993, 98
Trd, 4318519.643, 98
Trd, 4318521.043, 98
Trd, 4318523.343, 97
Trd, 4318524.343, 96
Trd, 4318524.743, 96
Trd, 4318526.593, 96
Trd, 4318526.743, 96
Trd, 4318528.193, 96
Trd, 4318531.193, 96
Trd, 4318532.193, 96
Trd, 4318532.393, 95
Trd, 4318532.743, 95
Trd, 4318534.843, 96
Trd, 4318536.993, 96
Trd, 4318538.093, 113
Trd, 4318539.043, 102
Trd, 4318539.143, 106
Trd, 4318539.443, 101
Trd, 4318542.693, 101
Trd, 4318544.093, 101
Trd, 4318544.743, 101
Trd, 4318545.893, 102
Trd, 4318547.743, 95
Trd, 4318548.043, 102
Trd, 4318551.293, 100
Trd, 4318551.843, 99
Trd, 4318552.393, 98
Trd, 4318554.343, 97
Trd, 4318555.293, 95
Trd, 4318555.643, 94
Trd, 4318557.193, 94
Trd, 4318558.393, 95
Trd, 4318559.843, 96
Trd, 4318560.343, 95
Trd, 4318562.493, 96
Trd, 4318562.943, 95
Trd, 4318563.143, 96
Trd, 4318565.443, 94
Trd, 4318567.193, 95
Trd, 4318567.993, 96
Trd, 4318569.093, 94
Trd, 4318571.843, 95
Trd, 4318573.593, 95
Trd, 4318574.543, 96
Trd, 4318576.143, 94
Trd, 4318576.493, 94
Trd, 4318577.593, 94
Trd, 4318578.493, 95
Trd, 4318582.043, 95
Trd, 4318583.093, 95
Trd, 4318586.993, 95
Trd, 4318587.893, 95
Trd, 4318588.743, 95
Trd, 4318589.243, 96
Trd, 4318589.993, 94
Trd, 4318590.743, 94
Trd, 4318592.693, 95
Trd, 4318593.843, 100
Trd, 4318597.093, 94
Trd, 4318597.793, 93
Trd, 4318598.343, 95
Trd, 4318599.143, 95
Trd, 4318601.843, 96
Trd, 4318603.343, 96
Trd, 4318604.043, 95
Trd, 4318604.243, 95
Trd, 4318605.043, 95
Trd, 4318605.193, 94
Trd, 4318607.493, 95
Trd, 4318607.793, 94
Trd, 4318608.493, 98
Trd, 4318610.343, 94
Trd, 4318610.693, 95
Trd, 4318611.093, 95
Trd, 4318614.693, 94
Trd, 4318614.893, 95
Trd, 4318615.543, 95
Trd, 4318618.343, 95
Trd, 4318620.043, 96
Trd, 4318623.043, 94
Trd, 4318623.443, 95
Trd, 4318623.793, 101
Trd, 4318627.343, 93
Trd, 4318627.743, 93
Trd, 4318630.443, 95
Trd, 4318630.493, 103
Trd, 4318631.743, 96
Trd, 4318632.993, 96
Trd, 4318633.343, 95
Trd, 4318637.093, 100
Trd, 4318638.493, 100
Trd, 4318638.843, 104
Trd, 4318640.643, 99
Trd, 4318640.993, 99
Trd, 4318642.893, 97
Trd, 4318644.243, 105
Trd, 4318645.093, 98
Trd, 4318647.693, 103
Trd, 4318648.543, 102
Trd, 4318650.343, 101
Trd, 4318651.593, 100
Trd, 4318653.093, 99
Trd, 4318653.293, 101
Trd, 4318654.893, 99
Trd, 4318656.143, 99
Trd, 4318660.193, 105
Trd, 4318660.693, 110
Trd, 4318662.593, 98
Trd, 4318662.743, 100
Trd, 4318664.493, 98
Trd, 4318664.893, 99
Trd, 4318665.643, 98
Trd, 4318667.643, 97
Trd, 4318667.993, 97
Trd, 4318671.243, 93
Trd, 4318671.943, 94
Trd, 4318672.243, 104
Trd, 4318674.193, 98
Trd, 4318674.593, 99
Trd, 4318676.943, 97
Trd, 4318678.043, 97
Trd, 4318678.943, 97
Trd, 4318679.093, 96
Trd, 4318680.843, 94
Trd, 4318681.943, 93
Trd, 4318682.893, 93
Trd, 4318683.343, 93
Trd, 4318685.493, 94
Trd, 4318686.693, 96
Trd, 4318686.843, 95
Trd, 4318687.193, 98
Trd, 4318690.043, 96
Trd, 4318692.243, 97
Trd, 4318692.643, 97
Trd, 4318693.243, 95
Trd, 4318695.043, 95
Trd, 4318695.343, 95
Trd, 4318696.843, 96
Trd, 4318697.043, 95
Trd, 4318700.543, 96
Trd, 4318700.743, 96
Trd, 4318702.193, 94
Trd, 4318703.343, 94
Trd, 4318705.943, 95
Trd, 4318707.043, 94
Trd, 4318707.643, 94
Trd, 4318708.743, 95
Trd, 4318708.893, 95
Trd, 4318711.643, 102
Trd, 4318711.893, 108
Trd, 4318712.793, 101
Trd, 4318714.643, 100
Trd, 4318716.593, 97
Trd, 4318718.143, 98
Trd, 4318719.043, 101
Trd, 4318720.043, 98
Trd, 4318720.543, 99
Trd, 4318721.493, 100
Trd, 4318723.893, 100
Trd, 4318725.543, 100
Trd, 4318725.893, 101
Trd, 4318727.093, 99
Trd, 4318729.293, 101
Trd, 4318730.143, 102
Trd, 4318731.293, 104
Trd, 4318732.293, 104
Trd, 4318732.593, 109
Trd, 4318734.893, 102
Trd, 4318735.793, 101
Trd, 4318736.943, 103
Trd, 4318737.093, 102
Trd, 4318738.693, 106
Trd, 4318740.493, 102
Trd, 4318743.443, 105
Trd, 4318743.643, 104
Trd, 4318746.193, 104
Trd, 4318747.693, 101
Trd, 4318748.193, 103
Trd, 4318749.693, 104
Trd, 4318750.093, 102
Trd, 4318751.893, 104
Trd, 4318752.593, 103
Trd, 4318753.193, 113
Trd, 4318754.343, 103
Trd, 4318755.993, 104
Trd, 4318756.843, 103
Trd, 4318759.843, 102
Trd, 4318760.893, 102
Trd, 4318761.393, 102
Trd, 4318761.993, 101
Trd, 4318762.493, 102
Trd, 4318765.393, 103
Trd, 4318767.043, 101
Trd, 4318768.493, 101
Trd, 4318768.593, 100
Trd, 4318770.193, 99
Trd, 4318770.993, 97
Trd, 4318771.293, 101
Trd, 4318772.693, 99
Trd, 4318774.593, 100
Trd, 4318775.543, 99
Trd, 4318777.193, 98
Trd, 4318778.743, 99
Trd, 4318779.943, 99
Trd, 4318780.743, 97
Trd, 4318781.443, 105
Trd, 4318783.593, 99
Trd, 4318784.793, 98
Trd, 4318785.693, 96
Trd, 4318787.893, 96
Trd, 4318789.743, 96
Trd, 4318792.443, 97
Trd, 4318792.693, 97
Trd, 4318794.093, 96
Trd, 4318796.293, 102
Trd, 4318797.593, 103
Trd, 4318797.693, 101
Trd, 4318798.543, 108
Trd, 4318799.143, 98
Trd, 4318801.593, 101
Trd, 4318803.843, 100
Trd, 4318804.543, 100
Trd, 4318805.143, 101
Trd, 4318805.243, 100
Trd, 4318806.593, 101
Trd, 4318808.943, 101
Trd, 4318811.443, 101
Trd, 4318811.843, 100
Trd, 4318812.243, 102
Trd, 4318814.743, 100
Trd, 4318816.443, 101
Trd, 4318817.693, 102
Trd, 4318818.393, 101
Trd, 4318818.793, 101
Trd, 4318822.493, 103
Trd, 4318823.493, 101
Trd, 4318823.743, 100
Trd, 4318826.493, 100
Trd, 4318827.993, 99
Trd, 4318828.793, 98
Trd, 4318829.243, 99
Trd, 4318830.543, 101
Trd, 4318831.443, 102
Trd, 4318832.493, 102
Trd, 4318833.143, 103
Trd, 4318835.243, 103
Trd, 4318835.693, 102
Trd, 4318836.543, 110
Trd, 4318837.843, 102
Trd, 4318839.193, 101
Trd, 4318840.893, 104
Trd, 4318841.843, 103
Trd, 4318842.493, 105
Trd, 4318842.743, 106
Trd, 4318843.843, 104
Trd, 4318845.593, 102
Trd, 4318846.443, 104
Trd, 4318847.343, 103
Trd, 4318848.943, 103
Trd, 4318849.193, 103
Trd, 4318850.093, 103
Trd, 4318851.143, 102
Trd, 4318855.143, 98
Trd, 4318855.343, 99
Trd, 4318856.243, 96
Trd, 4318856.693, 98
Trd, 4318859.343, 97
Trd, 4318861.393, 97
Trd, 4318861.593, 96
Trd, 4318862.243, 98
Trd, 4318862.643, 102
Trd, 4318866.143, 97
Trd, 4318867.093, 97
Trd, 4318867.493, 97
Trd, 4318868.643, 98
Trd, 4318870.643, 96
Trd, 4318870.943, 95
Trd, 4318872.993, 97
Trd, 4318873.143, 97
Trd, 4318874.593, 103
Trd, 4318876.793, 100
Trd, 4318877.943, 98
Trd, 4318878.643, 98
Trd, 4318879.243, 98
Trd, 4318883.143, 99
Trd, 4318884.443, 99
Trd, 4318885.443, 98
Trd, 4318885.593, 99
Trd, 4318886.593, 98
Trd, 4318889.643, 100
Trd, 4318891.143, 102
Trd, 4318891.743, 102
Trd, 4318892.443, 104
Trd, 4318893.993, 101
Trd, 4318894.043, 103
Trd, 4318894.643, 101
Trd, 4318896.093, 101
Trd, 4318898.843, 100
Trd, 4318899.493, 102
Trd, 4318903.093, 101
Trd, 4318904.143, 101
Trd, 4318904.493, 102
Trd, 4318904.543, 100
Trd, 4318905.493, 95
Trd, 4318906.243, 96
Trd, 4318907.543, 92
Trd, 4318908.893, 93
Trd, 4318909.793, 95
Trd, 4318913.143, 97
Trd, 4318913.243, 94
Trd, 4318914.543, 94
Trd, 4318915.243, 95
Trd, 4318915.843, 94
Trd, 4318916.643, 95
Trd, 4318917.043, 96
Trd, 4318921.193, 94
Trd, 4318921.293, 95
Trd, 4318921.843, 94
Trd, 4318923.393, 95
Trd, 4318925.243, 94
Trd, 4318926.193, 94
Trd, 4318926.943, 93
Trd, 4318927.843, 93
Trd, 4318930.193, 93
Trd, 4318931.693, 93
Trd, 4318933.643, 94
Trd, 4318934.043, 92
Trd, 4318934.493, 108
Trd, 4318936.793, 95
Trd, 4318937.243, 95
Trd, 4318937.543, 98
Trd, 4318939.693, 95
Trd, 4318941.693, 95
Trd, 4318943.593, 95
Trd, 4318944.743, 94
Trd, 4318945.043, 94
Trd, 4318945.293, 96
Trd, 4318947.343, 93
Trd, 4318948.093, 94
Trd, 4318950.193, 97
Trd, 4318950.443, 96
Trd, 4318951.143, 96
Trd, 4318951.293, 99
Trd, 4318954.143, 97
Trd, 4318955.393, 98
Trd, 4318955.793, 106
Trd, 4318955.893, 96
Trd, 4318958.143, 97
Trd, 4318960.943, 95
Trd, 4318961.293, 96
Trd, 4318963.993, 95
Trd, 4318964.543, 94
Trd, 4318965.343, 95
Trd, 4318966.593, 99
Trd, 4318968.593, 104
Trd, 4318969.193, 102
Trd, 4318971.543, 103
Trd, 4318972.443, 102
Trd, 4318972.843, 103
Trd, 4318973.893, 102
Trd, 4318974.793, 103
Trd, 4318975.343, 101
Trd, 4318976.493, 101
Trd, 4318979.043, 96
Trd, 4318979.993, 98
Trd, 4318980.793, 97
Trd, 4318983.543, 96
Trd, 4318984.643, 94
Trd, 4318984.743, 97
Trd, 4318985.043, 96
Trd, 4318986.293, 95
Trd, 4318988.093, 96
Trd, 4318989.293, 95
Trd, 4318990.593, 97
Trd, 4318992.493, 99
Trd, 4318993.143, 100
Trd, 4318993.693, 99
Trd, 4318993.793, 98
Trd, 4318998.493, 98
Trd, 4318999.043, 100
Trd, 4318999.693, 103
Trd, 4319001.443, 96
Trd, 4319004.343, 99
Trd, 4319004.743, 99
Trd, 4319007.943, 99
Trd, 4319008.343, 99
Trd, 4319008.743, 97
Trd, 4319011.843, 103
Trd, 4319012.443, 102
Trd, 4319013.243, 102
Trd, 4319014.193, 102
Trd, 4319014.493, 101
Trd, 4319018.443, 101
Trd, 4319018.843, 102
Trd, 4319020.093, 101
Trd, 4319021.893, 100
Trd, 4319022.843, 99
Trd, 4319024.693, 96
Trd, 4319025.493, 96
Trd, 4319027.043, 96
Trd, 4319027.593, 97
Trd, 4319028.493, 98
Trd, 4319028.543, 109
Trd, 4319031.393, 98
Trd, 4319031.943, 98
Trd, 4319034.193, 100
Trd, 4319034.493, 101
Trd, 4319035.443, 102
Trd, 4319036.793, 94
Trd, 4319037.443, 96
Trd, 4319037.743, 96
Trd, 4319037.893, 105
Trd, 4319041.743, 99
Trd, 4319042.393, 106
Trd, 4319043.543, 102
Trd, 4319044.343, 102
Trd, 4319045.493, 99
Trd, 4319047.193, 100
Trd, 4319047.893, 99
Trd, 4319049.843, 95
Trd, 4319051.693, 91
Trd, 4319051.843, 90
Trd, 4319052.593, 90
Trd, 4319053.393, 91
Trd, 4319054.593, 105
Trd, 4319057.543, 94
Trd, 4319058.693, 93
Trd, 4319061.843, 95
Trd, 4319062.143, 95
Trd, 4319064.793, 94
Trd, 4319065.943, 94
Trd, 4319067.243, 93
Trd, 4319068.143, 94
Trd, 4319070.643, 92
Trd, 4319072.193, 92
Trd, 4319073.193, 91
Trd, 4319073.793, 92
Trd, 4319074.593, 100
Trd, 4319077.143, 95
Trd, 4319079.393, 93
Trd, 4319080.693, 94
Trd, 4319081.993, 93
Trd, 4319083.193, 93
Trd, 4319084.243, 93
Trd, 4319084.843, 92
Trd, 4319085.043, 94
Trd, 4319086.893, 95
Trd, 4319090.493, 93
Trd, 4319091.743, 93
Trd, 4319093.493, 92
Trd, 4319094.793, 101
Trd, 4319095.943, 95
Trd, 4319098.693, 96
Trd, 4319099.793, 95
Trd, 4319101.543, 96
Trd, 4319102.643, 96
Trd, 4319103.993, 96
Trd, 4319104.943, 96
Trd, 4319107.343, 96
Trd, 4319108.843, 96
Trd, 4319109.343, 96
Trd, 4319110.343, 96
Trd, 4319111.293, 95
Trd, 4319112.043, 96
Trd, 4319114.043, 94
Trd, 4319114.993, 93
Trd, 4319115.093, 96
Trd, 4319117.443, 96
Trd, 4319117.843, 96
Trd, 4319119.943, 97
Trd, 4319121.343, 96
Trd, 4319122.143, 113
Trd, 4319123.243, 102
Trd, 4319124.143, 101
Trd, 4319126.893, 101
Trd, 4319127.193, 100
Trd, 4319128.543, 99
Trd, 4319130.393, 98
Trd, 4319131.393, 99
Trd, 4319132.143, 97
Trd, 4319132.243, 101
Trd, 4319134.043, 99
Trd, 4319134.193, 98
Trd, 4319137.143, 97
Trd, 4319137.643, 96
Trd, 4319138.243, 98
Trd, 4319138.943, 96
Trd, 4319140.643, 105
Trd, 4319141.793, 97
Trd, 4319143.893, 98
Trd, 4319145.543, 97
Trd, 4319147.193, 97
Trd, 4319148.243, 96
Trd, 4319149.293, 98
Trd, 4319149.793, 106
Trd, 4319152.043, 101
Trd, 4319152.893, 102
Trd, 4319155.393, 101
Trd, 4319155.743, 100
Trd, 4319157.293, 99
Trd, 4319158.343, 100
Trd, 4319159.343, 100
Trd, 4319159.493, 100
Trd, 4319161.543, 101
Trd, 4319162.493, 100
Trd, 4319163.993, 99
Trd, 4319164.443, 101
Trd, 4319167.093, 100
Trd, 4319168.043, 101
Trd, 4319168.143, 101
Trd, 4319169.143, 98
Trd, 4319170.093, 98
Trd, 4319173.193, 101
Trd, 4319173.743, 100
Trd, 4319176.343, 100
Trd, 4319177.243, 99
Trd, 4319179.143, 97
Trd, 4319180.193, 96
Trd, 4319180.743, 96
Trd, 4319182.093, 95
Trd, 4319183.043, 95
Trd, 4319184.293, 95
Trd, 4319184.393, 95
Trd, 4319184.943, 95
Trd, 4319186.143, 94
Trd, 4319187.893, 94
Trd, 4319187.993, 95
Trd, 4319191.243, 94
Trd, 4319194.343, 93
Trd, 4319194.493, 93
Trd, 4319194.693, 94
Trd, 4319196.593, 94
Trd, 4319197.043, 94
Trd, 4319198.693, 95
Trd, 4319199.843, 96
Trd, 4319200.943, 95
Trd, 4319201.993, 96
Trd, 4319202.893, 95
Trd, 4319204.543, 95
Trd, 4319206.343, 96
Trd, 4319207.343, 94
Trd, 4319210.043, 95
Trd, 4319211.643, 96
Trd, 4319213.293, 94
Trd, 4319213.593, 94
Trd, 4319215.543, 93
Trd, 4319215.893, 95
Trd, 4319217.343, 95
Trd, 4319219.643, 94
Trd, 4319220.643, 94
Trd, 4319222.443, 95
Trd, 4319224.143, 95
Trd, 4319226.643, 94
Trd, 4319227.043, 95
Trd, 4319228.943, 94
Trd, 4319230.843, 96
Trd, 4319233.693, 96
Trd, 4319234.243, 94
Trd, 4319235.593, 95
Trd, 4319237.543, 95
Trd, 4319237.643, 94
Trd, 4319240.693, 96
Trd, 4319244.293, 95
Trd, 4319245.143, 96
Trd, 4319246.143, 96
Trd, 4319246.543, 95
Trd, 4319247.593, 94
Trd, 4319249.443, 96
Trd, 4319249.543, 96
Trd, 4319252.293, 94
Trd, 4319252.643, 93
Trd, 4319254.343, 94
Trd, 4319257.793, 94
Trd, 4319258.643, 95
Trd, 4319262.793, 95
Trd, 4319264.243, 102
Trd, 4319264.943, 94
Trd, 4319267.393, 96
Trd, 4319269.693, 94
Trd, 4319270.243, 95
Trd, 4319271.793, 96
Trd, 4319272.143, 95
Trd, 4319272.543, 100
Trd, 4319274.943, 98
Trd, 4319276.993, 96
Trd, 4319277.693, 96
Trd, 4319279.893, 99
Trd, 4319280.243, 100
Trd, 4319281.843, 99
Trd, 4319282.393, 99
Trd, 4319283.643, 97
Trd, 4319284.743, 99
Trd, 4319287.793, 100
Trd, 4319288.743, 100
Trd, 4319290.593, 98
Trd, 4319291.093, 98
Trd, 4319292.193, 97
Trd, 4319292.543, 98
Trd, 4319293.793, 97
Trd, 4319294.593, 98
Trd, 4319297.093, 99
Trd, 4319297.943, 99
Trd, 4319298.393, 97
Trd, 4319299.893, 98
Trd, 4319300.393, 97
Trd, 4319300.843, 96
Trd, 4319301.693, 94
Trd, 4319303.543, 102
Trd, 4319304.943, 96
Trd, 4319305.643, 97
Trd, 4319306.943, 97
Trd, 4319308.593, 96
Trd, 4319308.743, 96
Trd, 4319309.693, 96
Trd, 4319310.743, 94
Trd, 4319311.193, 95
Trd, 4319312.743, 106
Trd, 4319314.093, 99
Trd, 4319314.793, 99
Trd, 4319316.093, 100
Trd, 4319318.443, 98
Trd, 4319319.793, 99
Trd, 4319320.693, 98
Trd, 4319322.593, 99
Trd, 4319323.043, 97
Trd, 4319325.293, 96
Trd, 4319326.093, 98
Trd, 4319327.943, 94
Trd, 4319329.093, 93
Trd, 4319330.343, 92
Trd, 4319331.293, 92
Trd, 4319331.693, 100
Trd, 4319333.593, 91
Trd, 4319333.643, 91
Trd, 4319335.443, 92
Trd, 4319336.693, 95
Trd, 4319338.743, 94
Trd, 4319339.443, 113
Trd, 4319341.743, 91
Trd, 4319341.793, 91
Trd, 4319343.243, 96
Trd, 4319344.393, 95
Trd, 4319348.793, 105
Trd, 4319349.193, 99
Trd, 4319349.743, 113
Trd, 4319352.843, 100
Trd, 4319353.343, 97
Trd, 4319354.893, 96
Trd, 4319355.543, 94
Trd, 4319355.793, 94
Trd, 4319359.043, 98
Trd, 4319359.193, 96
Trd, 4319359.843, 94
Trd, 4319360.843, 97
Trd, 4319364.843, 99
Trd, 4319365.993, 100
Trd, 4319366.743, 99
Trd, 4319367.693, 98
Trd, 4319369.693, 97
Trd, 4319369.743, 97
Trd, 4319369.843, 99
Trd, 4319373.593, 97
Trd, 4319374.043, 96
Trd, 4319374.993, 96
Trd, 4319375.643, 96
Trd, 4319377.743, 97
Trd, 4319378.543, 96
Trd, 4319379.843, 97
Trd, 4319380.793, 97
Trd, 4319384.793, 96
Trd, 4319385.293, 96
Trd, 4319385.993, 95
Trd, 4319387.143, 94
Trd, 4319388.843, 94
Trd, 4319388.993, 94
Trd, 4319391.943, 96
Trd, 4319393.943, 98
Trd, 4319394.293, 95
Trd, 4319396.993, 101
Trd, 4319397.443, 100
Trd, 4319399.043, 97
Trd, 4319401.643, 98
Trd, 4319402.593, 101
Trd, 4319404.193, 98
Trd, 4319405.693, 98
Trd, 4319406.843, 97
Trd, 4319407.643, 96
Trd, 4319408.993, 95
Trd, 4319409.543, 93
Trd, 4319411.143, 104
Trd, 4319413.243, 94
Trd, 4319414.643, 96
Trd, 4319414.993, 96
Trd, 4319415.793, 96
Trd, 4319416.343, 94
Trd, 4319416.743, 94
Trd, 4319419.543, 95
Trd, 4319422.243, 93
Trd, 4319423.243, 94
Trd, 4319423.843, 92
Trd, 4319423.893, 92
Trd, 4319424.643, 93
Trd, 4319425.993, 96
Trd, 4319427.693, 96
Trd, 4319429.193, 97
Trd, 4319432.343, 96
Trd, 4319432.643, 104
Trd, 4319433.443, 96
Trd, 4319435.043, 97
Trd, 4319437.043, 96
Trd, 4319440.143, 96
Trd, 4319440.543, 96
Trd, 4319441.893, 95
Trd, 4319443.493, 96
Trd, 4319444.093, 96
Trd, 4319444.393, 98
Trd, 4319445.443, 105
Trd, 4319448.993, 98
Trd, 4319449.693, 99
Trd, 4319451.543, 97
Trd, 4319451.993, 98
Trd, 4319452.893, 96
Trd, 4319454.293, 97
Trd, 4319456.043, 96
Trd, 4319456.693, 107
Trd, 4319459.443, 95
Trd, 4319460.243, 94
Trd, 4319460.593, 94
Trd, 4319462.343, 94
Trd, 4319462.393, 95
Trd, 4319463.393, 93
Trd, 4319464.943, 94
Trd, 4319465.143, 95
Trd, 4319467.893, 96
Trd, 4319469.093, 95
Trd, 4319471.693, 95
Trd, 4319472.293, 96
Trd, 4319474.893, 95
Trd, 4319477.093, 96
Trd, 4319478.243, 95
Trd, 4319480.393, 95
Trd, 4319480.793, 94
Trd, 4319482.143, 95
Trd, 4319482.643, 95
Trd, 4319484.793, 98
Trd, 4319486.793, 101
Trd, 4319487.543, 100
Trd, 4319489.093, 100
Trd, 4319490.293, 99
Trd, 4319491.893, 101
Trd, 4319493.693, 101
Trd, 4319494.743, 99
Trd, 4319496.643, 98
Trd, 4319498.043, 100
Trd, 4319498.643, 100
Trd, 4319502.893, 98
Trd, 4319503.593, 97
Trd, 4319505.293, 95
Trd, 4319505.793, 96
Trd, 4319508.293, 95
Trd, 4319508.593, 96
Trd, 4319509.443, 96
Trd, 4319511.593, 105
Trd, 4319514.143, 94
Trd, 4319514.543, 95
Trd, 4319515.543, 95
Trd, 4319516.993, 94
Trd, 4319519.893, 94
Trd, 4319520.743, 93
Trd, 4319521.343, 94
Trd, 4319522.593, 95
Trd, 4319523.293, 96
Trd, 4319523.943, 93
Trd, 4319526.543, 95
Trd, 4319528.343, 94
Trd, 4319530.093, 95
Trd, 4319530.943, 96
Trd, 4319532.093, 97
Trd, 4319533.343, 97
Trd, 4319535.243, 98
Trd, 4319535.393, 104
Trd, 4319539.693, 110
Trd, 4319539.943, 105
Trd, 4319540.043, 104
Trd, 4319540.593, 105
Trd, 4319542.943, 108
Trd, 4319543.193, 105
Trd, 4319543.293, 104
Trd, 4319545.043, 105
Trd, 4319545.443, 105
Trd, 4319547.993, 106
Trd, 4319549.243, 105
Trd, 4319550.093, 104
Trd, 4319550.343, 103
Trd, 4319552.243, 103
Trd, 4319552.993, 104
Trd, 4319554.693, 105
Trd, 4319554.893, 103
Trd, 4319555.693, 103
Trd, 4319557.193, 101
Trd, 4319558.243, 102
Trd, 4319559.193, 103
Trd, 4319561.193, 102
Trd, 4319561.543, 101
Trd, 4319561.793, 102
Trd, 4319563.243, 101
Trd, 4319564.943, 100
Trd, 4319565.343, 101
Trd, 4319566.043, 97
Trd, 4319566.593, 98
Trd, 4319568.993, 98
Trd, 4319570.493, 98
Trd, 4319570.943, 102
Trd, 4319574.343, 100
Trd, 4319574.943, 104
Trd, 4319575.993, 99
Trd, 4319577.293, 99
Trd, 4319578.193, 98
Trd, 4319579.843, 91
Trd, 4319579.893, 93
Trd, 4319580.743, 91
Trd, 4319581.993, 108
Trd, 4319583.993, 97
Trd, 4319584.743, 96
Trd, 4319585.193, 95
Trd, 4319585.593, 95
Trd, 4319587.793, 95
Trd, 4319589.543, 104
Trd, 4319589.843, 99
Trd, 4319592.693, 100
Trd, 4319595.993, 98
Trd, 4319596.693, 99
Trd, 4319597.743, 98
Trd, 4319598.593, 98
Trd, 4319599.143, 99
Trd, 4319601.093, 98
Trd, 4319601.893, 99
Trd, 4319603.893, 97
Trd, 4319604.543, 97
Trd, 4319605.293, 95
Trd, 4319607.243, 95
Trd, 4319607.393, 95
Trd, 4319607.543, 94
Trd, 4319609.543, 95
Trd, 4319611.043, 95
Trd, 4319611.593, 110
Trd, 4319612.843, 97
Trd, 4319613.793, 95
Trd, 4319614.493, 96
Trd, 4319615.343, 104
Trd, 4319617.643, 95
Trd, 4319618.143, 94
Trd, 4319619.443, 92
Trd, 4319620.243, 92
Trd, 4319620.643, 92
Trd, 4319621.593, 94
Trd, 4319622.593, 95
Trd, 4319623.943, 95
Trd, 4319624.593, 109
Trd, 4319627.393, 96
Trd, 4319630.343, 97
Trd, 4319631.443, 98
Trd, 4319632.243, 97
Trd, 4319632.693, 98
Trd, 4319633.943, 98
Trd, 4319634.893, 113
Trd, 4319637.093, 98
Trd, 4319638.593, 99
Trd, 4319639.443, 97
Trd, 4319640.643, 98
Trd, 4319643.693, 98
Trd, 4319645.443, 99
Trd, 4319645.743, 98
Trd, 4319648.743, 97
Trd, 4319649.843, 96
Trd, 4319650.243, 96
Trd, 4319653.043, 96
Trd, 4319653.343, 97
Trd, 4319654.843, 97
Trd, 4319656.643, 112
Trd, 4319657.793, 101
Trd, 4319658.693, 95
Trd, 4319662.143, 97
Trd, 4319662.593, 94
Trd, 4319663.393, 96
Trd, 4319665.193, 95
Trd, 4319666.693, 88
Trd, 4319667.643, 87
Trd, 4319668.093, 88
Trd, 4319669.543, 87
Trd, 4319670.993, 98
Trd, 4319673.493, 96
Trd, 4319674.393, 97
Trd, 4319676.293, 100
Trd, 4319677.043, 97
Trd, 4319678.243, 95
Trd, 4319679.793, 105
Trd, 4319680.643, 97
Trd, 4319681.693, 95
Trd, 4319682.043, 96
Trd, 4319683.893, 96
Trd, 4319686.043, 95
Trd, 4319686.243, 96
Trd, 4319686.893, 94
Trd, 4319688.593, 92
Trd, 4319689.393, 93
Trd, 4319691.143, 96
Trd, 4319692.043, 94
Trd, 4319692.293, 95
Trd, 4319694.243, 113
Trd, 4319696.743, 100
Trd, 4319696.843, 98
Trd, 4319698.543, 99
Trd, 4319699.993, 98
Trd, 4319701.443, 96
Trd, 4319702.143, 98
Trd, 4319702.343, 99
Trd, 4319703.393, 97
Trd, 4319706.893, 96
Trd, 4319707.693, 105
Trd, 4319711.493, 97
Trd, 4319712.893, 97
Trd, 4319713.893, 97
Trd, 4319716.693, 96
Trd, 4319717.743, 95
Trd, 4319719.193, 94
Trd, 4319721.343, 92
Trd, 4319721.543, 92
Trd, 4319722.093, 92
Trd, 4319723.793, 92
Trd, 4319724.693, 96
Trd, 4319726.293, 92
Trd, 4319727.043, 92
Trd, 4319728.843, 91
Trd, 4319729.343, 92
Trd, 4319732.993, 92
Trd, 4319733.443, 94
Trd, 4319735.043, 97
Trd, 4319735.093, 95
Trd, 4319735.793, 95
Trd, 4319737.093, 94
Trd, 4319738.843, 97
Trd, 4319740.693, 101
Trd, 4319741.043, 100
Trd, 4319741.493, 98
Trd, 4319745.143, 99
Trd, 4319745.643, 100
Trd, 4319745.893, 99
Trd, 4319747.843, 98
Trd, 4319748.443, 101
Trd, 4319749.443, 98
Trd, 4319750.893, 98
Trd, 4319751.993, 98
Trd, 4319753.943, 98
Trd, 4319754.693, 97
Trd, 4319755.143, 98
Trd, 4319757.743, 98
Trd, 4319759.093, 97
Trd, 4319759.843, 98
Trd, 4319760.743, 95
Trd, 4319761.893, 96
Trd, 4319762.243, 97
Trd, 4319763.743, 95
Trd, 4319766.693, 95
Trd, 4319767.593, 95
Trd, 4319768.593, 95
Trd, 4319768.843, 95
Trd, 4319769.293, 94
Trd, 4319770.793, 94
Trd, 4319774.493, 94
Trd, 4319775.193, 93
Trd, 4319775.693, 94
Trd, 4319777.893, 94
Trd, 4319778.593, 95
Trd, 4319780.443, 93
Trd, 4319780.993, 94
Trd, 4319783.193, 95
Trd, 4319784.443, 95
Trd, 4319786.593, 97
Trd, 4319788.093, 99
Trd, 4319789.393, 96
Trd, 4319790.543, 96
Trd, 4319791.443, 95
Trd, 4319792.493, 95
Trd, 4319792.843, 94
Trd, 4319794.593, 91
Trd, 4319794.893, 91
Trd, 4319796.493, 91
Trd, 4319797.093, 95
Trd, 4319799.043, 97
Trd, 4319800.493, 98
Trd, 4319800.643, 105
Trd, 4319803.643, 100
Trd, 4319805.593, 99
Trd, 4319806.993, 100
Trd, 4319808.293, 100
Trd, 4319809.143, 100
Trd, 4319809.743, 99
Trd, 4319810.743, 100
Trd, 4319811.343, 100
Trd, 4319813.443, 100
Trd, 4319815.343, 100
Trd, 4319816.243, 101
Trd, 4319817.593, 101
Trd, 4319819.293, 100
Trd, 4319820.393, 100
Trd, 4319821.593, 99
Trd, 4319823.593, 100
Trd, 4319823.693, 99
Trd, 4319825.193, 97
Trd, 4319825.693, 96
Trd, 4319826.293, 97
Trd, 4319826.893, 97
Trd, 4319828.243, 93
Trd, 4319830.093, 87
Trd, 4319830.443, 87
Trd, 4319830.693, 87
Trd, 4319832.443, 96
Trd, 4319833.243, 94
Trd, 4319834.493, 93
Trd, 4319836.143, 111
Trd, 4319838.143, 103
Trd, 4319838.193, 102
Trd, 4319841.743, 102
Trd, 4319842.243, 101
Trd, 4319842.293, 106
Trd, 4319842.743, 103
Trd, 4319845.693, 102
Trd, 4319846.293, 101
Trd, 4319848.093, 101
Trd, 4319849.393, 100
Trd, 4319851.943, 96
Trd, 4319852.043, 97
Trd, 4319853.593, 96
Trd, 4319853.743, 96
Trd, 4319854.993, 95
Trd, 4319856.493, 105
Trd, 4319858.293, 98
Trd, 4319858.743, 97
Trd, 4319860.743, 96
Trd, 4319862.093, 97
Trd, 4319862.693, 98
Trd, 4319863.543, 97
Trd, 4319866.243, 97
Trd, 4319866.393, 97
Trd, 4319866.643, 98
Trd, 4319869.143, 99
Trd, 4319870.343, 103
Trd, 4319872.793, 100
Trd, 4319874.493, 98
Trd, 4319875.693, 99
Trd, 4319876.943, 97
Trd, 4319877.593, 97
Trd, 4319877.843, 106
Trd, 4319878.043, 97
Trd, 4319881.243, 99
Trd, 4319883.293, 99
Trd, 4319883.843, 97
Trd, 4319884.843, 96
Trd, 4319885.093, 99
Trd, 4319887.793, 96
Trd, 4319888.243, 96
Trd, 4319889.793, 96
Trd, 4319890.643, 97
Trd, 4319891.793, 94
Trd, 4319894.293, 95
Trd, 4319894.693, 96
Trd, 4319895.343, 97
Trd, 4319898.093, 95
Trd, 4319898.193, 94
Trd, 4319899.543, 94
Trd, 4319901.493, 94
Trd, 4319901.693, 93
Trd, 4319903.493, 97
Trd, 4319903.943, 96
Trd, 4319905.893, 100
Trd, 4319906.443, 113
Trd, 4319907.893, 101
Trd, 4319908.593, 100
Trd, 4319909.643, 100
Trd, 4319909.943, 94
Trd, 4319910.043, 95
Trd, 4319913.293, 97
Trd, 4319914.593, 97
Trd, 4319915.993, 107
Trd, 4319919.043, 98
Trd, 4319919.093, 95
Trd, 4319920.693, 98
Trd, 4319921.193, 97
Trd, 4319921.693, 96
Trd, 4319921.893, 97
Trd, 4319924.193, 97
Trd, 4319925.693, 97
Trd, 4319926.693, 95
Trd, 4319927.043, 96
Trd, 4319928.943, 94
Trd, 4319931.993, 94
Trd, 4319932.743, 94
Trd, 4319934.893, 93
Trd, 4319935.343, 94
Trd, 4319937.743, 94
Trd, 4319937.843, 95
Trd, 4319938.543, 95
Trd, 4319941.293, 94
Trd, 4319941.493, 95
Trd, 4319941.693, 95
Trd, 4319942.393, 111
Trd, 4319943.293, 95
Trd, 4319945.293, 94
Trd, 4319946.743, 95
Trd, 4319948.593, 97
Trd, 4319950.143, 95
Trd, 4319952.093, 96
Trd, 4319953.093, 95
Trd, 4319954.393, 94
Trd, 4319955.643, 94
Trd, 4319956.543, 93
Trd, 4319958.043, 93
Trd, 4319959.993, 93
Trd, 4319960.443, 94
Trd, 4319965.293, 92
Trd, 4319966.593, 92
Trd, 4319966.743, 93
Trd, 4319969.543, 93
Trd, 4319970.393, 93
Trd, 4319973.343, 99
Trd, 4319974.193, 102
Trd, 4319974.993, 97
Trd, 4319976.193, 96
Trd, 4319979.593, 96
Trd, 4319980.243, 95
Trd, 4319980.793, 95
Trd, 4319981.893, 96
Trd, 4319982.393, 96
Trd, 4319985.043, 95
Trd, 4319987.643, 97
Trd, 4319988.793, 111
Trd, 4319990.693, 98
Trd, 4319992.393, 98
Trd, 4319993.393, 101
Trd, 4319995.143, 99
Trd, 4319997.693, 98
Trd, 4319998.293, 97
