Trd, 4317823.043, 91
Trd, 4317824.193, 91
Trd, 4317824.393, 92
Trd, 4317826.493, 91
Trd, 4317828.043, 92
Trd, 4317829.343, 92
Trd, 4317830.693, 91
Trd, 4317831.993, 90
Trd, 4317832.743, 90
Trd, 4317837.043, 89
Trd, 4317837.593, 89
Trd, 4317838.343, 89
Trd, 4317842.843, 88
Trd, 4317842.993, 89
Trd, 4317843.843, 90
Trd, 4317847.343, 91
Trd, 4317848.993, 89
Trd, 4317849.793, 88
Trd, 4317850.943, 87
Trd, 4317851.443, 87
Trd, 4317851.893, 86
Trd, 4317852.793, 87
Trd, 4317852.943, 87
Trd, 4317855.193, 87
Trd, 4317858.393, 94
Trd, 4317859.543, 93
Trd, 4317861.943, 92
Trd, 4317863.093, 92
Trd, 4317865.693, 94
Trd, 4317867.093, 95
Trd, 4317867.893, 94
Trd, 4317870.543, 94
Trd, 4317870.943, 95
Trd, 4317871.443, 94
Trd, 4317874.843, 94
Trd, 4317875.093, 93
Trd, 4317875.893, 94
Trd, 4317876.743, 93
Trd, 4317877.893, 92
Trd, 4317879.893, 92
Trd, 4317880.943, 93
Trd, 4317881.593, 92
Trd, 4317882.443, 92
Trd, 4317886.893, 92
Trd, 4317888.593, 91
Trd, 4317889.143, 91
Trd, 4317889.243, 92
Trd, 4317891.593, 92
Trd, 4317891.993, 95
Trd, 4317896.243, 92
Trd, 4317896.543, 93
Trd, 4317897.693, 92
Trd, 4317900.793, 91
Trd, 4317902.943, 90
Trd, 4317903.393, 91
Trd, 4317906.043, 91
Trd, 4317907.093, 90
Trd, 4317908.043, 90
Trd, 4317909.343, 92
Trd, 4317911.993, 90
Trd, 4317914.693, 89
Trd, 4317916.293, 89
Trd, 4317917.293, 89
Trd, 4317918.093, 88
Trd, 4317919.493, 88
Trd, 4317921.043, 91
Trd, 4317923.243, 90
Trd, 4317926.443, 91
Trd, 4317929.193, 90
Trd, 4317930.743, 90
Trd, 4317930.843, 91
Trd, 4317931.393, 89
Trd, 4317931.993, 89
Trd, 4317932.693, 89
Trd, 4317934.493, 89
Trd, 4317935.943, 89
Trd, 4317937.843, 94
Trd, 4317939.643, 88
Trd, 4317940.343, 88
Trd, 4317944.243, 88
Trd, 4317944.993, 87
Trd, 4317945.293, 87
Trd, 4317947.293, 91
Trd, 4317948.193, 88
Trd, 4317949.143, 91
Trd, 4317954.143, 89
Trd, 4317954.643, 90
Trd, 4317955.193, 89
Trd, 4317955.643, 90
Trd, 4317959.093, 93
Trd, 4317959.743, 92
Trd, 4317959.793, 93
Trd, 4317962.143, 90
Trd, 4317963.993, 94
Trd, 4317964.993, 91
Trd, 4317965.493, 91
Trd, 4317966.643, 90
Trd, 4317968.743, 90
Trd, 4317970.143, 90
Trd, 4317970.743, 94
Trd, 4317973.743, 89
Trd, 4317975.493, 89
Trd, 4317978.243, 93
Trd, 4317979.143, 90
Trd, 4317981.743, 93
Trd, 4317982.643, 93
Trd, 4317983.993, 92
Trd, 4317985.693, 93
Trd, 4317985.943, 91
Trd, 4317987.393, 90
Trd, 4317987.893, 92
Trd, 4317990.243, 90
Trd, 4317991.393, 89
Trd, 4317992.543, 90
Trd, 4317995.843, 90
Trd, 4317996.343, 91
Trd, 4317999.143, 89
Trd, 4318000.893, 89
Trd, 4318001.643, 88
Trd, 4318004.743, 88
Trd, 4318008.193, 89
Trd, 4318008.393, 95
Trd, 4318010.493, 88
Trd, 4318011.243, 89
Trd, 4318014.393, 102
Trd, 4318016.043, 96
Trd, 4318018.243, 94
Trd, 4318020.393, 94
Trd, 4318022.543, 93
Trd, 4318023.293, 93
Trd, 4318024.243, 92
Trd, 4318026.443, 91
Trd, 4318028.243, 92
Trd, 4318029.643, 90
Trd, 4318031.543, 89
Trd, 4318033.343, 96
Trd, 4318033.643, 95
Trd, 4318036.543, 95
Trd, 4318039.443, 94
Trd, 4318040.493, 94
Trd, 4318041.193, 94
Trd, 4318043.093, 93
Trd, 4318045.043, 92
Trd, 4318045.093, 95
Trd, 4318047.793, 93
Trd, 4318050.693, 92
Trd, 4318051.193, 91
Trd, 4318051.993, 95
Trd, 4318053.343, 93
Trd, 4318055.343, 95
Trd, 4318056.293, 94
Trd, 4318057.143, 93
Trd, 4318058.743, 92
Trd, 4318061.343, 91
Trd, 4318062.643, 91
Trd, 4318063.793, 91
Trd, 4318064.643, 92
Trd, 4318068.743, 92
Trd, 4318069.193, 90
Trd, 4318070.943, 89
Trd, 4318071.043, 89
Trd, 4318072.543, 89
Trd, 4318073.693, 89
Trd, 4318074.343, 88
Trd, 4318074.943, 87
Trd, 4318078.193, 87
Trd, 4318080.143, 87
Trd, 4318080.593, 86
Trd, 4318080.843, 88
Trd, 4318084.543, 86
Trd, 4318084.893, 86
Trd, 4318086.643, 86
Trd, 4318086.843, 86
Trd, 4318089.693, 85
Trd, 4318090.643, 86
Trd, 4318092.743, 88
Trd, 4318094.993, 88
Trd, 4318096.343, 87
Trd, 4318098.693, 87
Trd, 4318099.043, 87
Trd, 4318099.493, 86
Trd, 4318100.643, 86
Trd, 4318102.893, 89
Trd, 4318104.493, 89
Trd, 4318106.043, 94
Trd, 4318108.143, 91
Trd, 4318108.893, 91
Trd, 4318110.243, 91
Trd, 4318112.443, 90
Trd, 4318114.143, 89
Trd, 4318115.193, 89
Trd, 4318117.593, 89
Trd, 4318118.543, 89
Trd, 4318119.443, 88
Trd, 4318120.443, 88
Trd, 4318120.993, 87
Trd, 4318121.793, 88
Trd, 4318126.393, 91
Trd, 4318127.143, 87
Trd, 4318128.093, 88
Trd, 4318130.693, 88
Trd, 4318133.743, 91
Trd, 4318134.393, 91
Trd, 4318134.993, 92
Trd, 4318136.743, 92
Trd, 4318137.193, 92
Trd, 4318139.743, 91
Trd, 4318142.093, 90
Trd, 4318142.643, 91
Trd, 4318144.293, 90
Trd, 4318144.893, 90
Trd, 4318146.893, 89
Trd, 4318148.043, 90
Trd, 4318150.543, 98
Trd, 4318152.493, 93
Trd, 4318153.693, 94
Trd, 4318154.643, 92
Trd, 4318155.193, 92
Trd, 4318157.443, 92
Trd, 4318159.143, 94
Trd, 4318160.493, 92
Trd, 4318160.843, 91
Trd, 4318162.493, 90
Trd, 4318163.193, 90
Trd, 4318163.593, 91
Trd, 4318166.143, 91
Trd, 4318168.143, 92
Trd, 4318169.243, 91
Trd, 4318171.643, 92
Trd, 4318173.343, 93
Trd, 4318175.293, 92
Trd, 4318175.793, 91
Trd, 4318177.293, 94
Trd, 4318180.493, 93
Trd, 4318181.193, 93
Trd, 4318181.793, 92
Trd, 4318183.443, 92
Trd, 4318186.393, 91
Trd, 4318187.343, 90
Trd, 4318188.893, 92
Trd, 4318190.143, 90
Trd, 4318191.443, 89
Trd, 4318192.593, 90
Trd, 4318194.893, 89
Trd, 4318195.193, 89
Trd, 4318195.943, 90
Trd, 4318196.593, 91
Trd, 4318200.793, 90
Trd, 4318203.543, 89
Trd, 4318204.243, 89
Trd, 4318204.943, 90
Trd, 4318207.643, 94
Trd, 4318208.393, 94
Trd, 4318209.043, 93
Trd, 4318210.943, 92
Trd, 4318210.993, 95
Trd, 4318213.193, 92
Trd, 4318214.693, 94
Trd, 4318215.793, 94
Trd, 4318216.993, 92
Trd, 4318217.893, 92
Trd, 4318219.243, 91
Trd, 4318221.743, 92
Trd, 4318222.493, 92
Trd, 4318223.743, 91
Trd, 4318224.143, 92
Trd, 4318226.243, 93
Trd, 4318228.043, 90
Trd, 4318228.143, 91
Trd, 4318231.993, 95
Trd, 4318233.393, 91
Trd, 4318235.143, 93
Trd, 4318235.643, 91
Trd, 4318237.093, 91
Trd, 4318238.193, 90
Trd, 4318239.243, 91
Trd, 4318242.393, 90
Trd, 4318243.193, 89
Trd, 4318243.543, 90
Trd, 4318246.243, 90
Trd, 4318247.143, 89
Trd, 4318250.093, 89
Trd, 4318251.093, 89
Trd, 4318251.293, 90
Trd, 4318252.643, 90
Trd, 4318255.243, 90
Trd, 4318257.293, 88
Trd, 4318257.743, 88
Trd, 4318258.843, 88
Trd, 4318260.443, 87
Trd, 4318260.993, 88
Trd, 4318262.343, 86
Trd, 4318266.043, 88
Trd, 4318266.243, 90
Trd, 4318267.843, 86
Trd, 4318268.593, 86
Trd, 4318270.093, 88
Trd, 4318272.643, 87
Trd, 4318273.343, 87
Trd, 4318275.593, 88
Trd, 4318276.393, 93
Trd, 4318280.043, 90
Trd, 4318280.643, 89
Trd, 4318280.893, 88
Trd, 4318281.193, 86
Trd, 4318282.193, 88
Trd, 4318285.243, 92
Trd, 4318288.743, 92
Trd, 4318291.243, 93
Trd, 4318292.743, 92
Trd, 4318293.393, 92
Trd, 4318293.543, 92
Trd, 4318294.443, 91
Trd, 4318296.543, 95
Trd, 4318298.843, 94
Trd, 4318299.193, 94
Trd, 4318300.093, 93
Trd, 4318300.743, 93
Trd, 4318302.143, 94
Trd, 4318303.993, 92
Trd, 4318304.143, 91
Trd, 4318305.093, 92
Trd, 4318307.193, 91
Trd, 4318308.143, 91
Trd, 4318308.343, 95
Trd, 4318311.793, 90
Trd, 4318311.893, 91
Trd, 4318313.043, 89
Trd, 4318313.493, 89
Trd, 4318315.343, 89
Trd, 4318315.843, 88
Trd, 4318319.843, 92
Trd, 4318320.193, 89
Trd, 4318321.143, 95
Trd, 4318321.793, 89
Trd, 4318324.643, 94
Trd, 4318324.843, 95
Trd, 4318330.593, 94
Trd, 4318330.943, 94
Trd, 4318332.493, 93
Trd, 4318333.393, 92
Trd, 4318333.443, 92
Trd, 4318336.593, 92
Trd, 4318337.043, 92
Trd, 4318338.243, 91
Trd, 4318340.993, 92
Trd, 4318342.493, 91
Trd, 4318344.093, 89
Trd, 4318345.443, 89
Trd, 4318346.593, 90
Trd, 4318348.943, 89
Trd, 4318350.743, 89
Trd, 4318353.143, 88
Trd, 4318353.193, 88
Trd, 4318355.293, 87
Trd, 4318355.843, 88
Trd, 4318359.443, 89
Trd, 4318360.243, 89
Trd, 4318360.493, 89
Trd, 4318363.043, 89
Trd, 4318364.243, 89
Trd, 4318366.293, 88
Trd, 4318367.343, 87
Trd, 4318368.443, 86
Trd, 4318370.943, 85
Trd, 4318372.093, 86
Trd, 4318372.793, 86
Trd, 4318374.193, 86
Trd, 4318376.243, 104
Trd, 4318377.543, 103
Trd, 4318378.643, 104
Trd, 4318379.493, 101
Trd, 4318380.243, 100
Trd, 4318381.943, 99
Trd, 4318383.443, 98
Trd, 4318384.093, 99
Trd, 4318386.143, 97
Trd, 4318386.843, 96
Trd, 4318386.893, 95
Trd, 4318388.143, 96
Trd, 4318389.793, 93
Trd, 4318390.343, 93
Trd, 4318393.843, 90
Trd, 4318394.543, 93
Trd, 4318395.143, 93
Trd, 4318396.893, 93
Trd, 4318397.543, 95
Trd, 4318400.893, 96
Trd, 4318401.993, 96
Trd, 4318402.793, 95
Trd, 4318404.493, 94
Trd, 4318404.593, 94
Trd, 4318406.143, 93
Trd, 4318406.293, 93
Trd, 4318411.143, 92
Trd, 4318411.443, 93
Trd, 4318414.343, 91
Trd, 4318414.443, 91
Trd, 4318416.343, 95
Trd, 4318417.543, 92
Trd, 4318417.993, 93
Trd, 4318419.093, 94
Trd, 4318422.543, 92
Trd, 4318422.693, 93
Trd, 4318424.143, 94
Trd, 4318425.493, 95
Trd, 4318428.993, 98
Trd, 4318429.143, 96
Trd, 4318430.193, 97
Trd, 4318432.293, 98
Trd, 4318433.243, 96
Trd, 4318434.043, 95
Trd, 4318434.093, 96
Trd, 4318436.093, 94
Trd, 4318436.343, 95
Trd, 4318438.593, 94
Trd, 4318439.293, 94
Trd, 4318440.943, 93
Trd, 4318440.993, 93
Trd, 4318442.643, 93
Trd, 4318445.893, 92
Trd, 4318447.943, 93
Trd, 4318450.393, 93
Trd, 4318451.443, 92
Trd, 4318452.393, 91
Trd, 4318454.593, 91
Trd, 4318454.993, 92
Trd, 4318456.393, 92
Trd, 4318459.193, 91
Trd, 4318459.693, 91
Trd, 4318462.693, 91
Trd, 4318463.243, 92
Trd, 4318466.893, 90
Trd, 4318467.843, 92
Trd, 4318469.493, 94
Trd, 4318469.593, 92
Trd, 4318471.193, 91
Trd, 4318472.343, 92
Trd, 4318474.443, 92
Trd, 4318476.143, 92
Trd, 4318478.193, 92
Trd, 4318479.993, 90
Trd, 4318480.693, 91
Trd, 4318483.493, 91
Trd, 4318483.593, 93
Trd, 4318487.243, 90
Trd, 4318488.543, 89
Trd, 4318488.793, 90
Trd, 4318492.243, 89
Trd, 4318492.443, 89
Trd, 4318494.093, 95
Trd, 4318495.093, 89
Trd, 4318495.993, 90
Trd, 4318499.993, 89
Trd, 4318500.743, 89
Trd, 4318501.543, 88
Trd, 4318503.493, 87
Trd, 4318504.943, 87
Trd, 4318505.393, 89
Trd, 4318505.793, 88
Trd, 4318510.043, 90
Trd, 4318510.143, 88
Trd, 4318512.093, 89
Trd, 4318515.193, 93
Trd, 4318516.093, 92
Trd, 4318517.293, 92
Trd, 4318518.193, 92
Trd, 4318518.643, 93
Trd, 4318521.643, 93
Trd, 4318523.643, 93
Trd, 4318524.293, 94
Trd, 4318526.143, 94
Trd, 4318527.593, 93
Trd, 4318529.043, 93
Trd, 4318529.343, 93
Trd, 4318533.093, 94
Trd, 4318534.393, 93
Trd, 4318535.043, 92
Trd, 4318536.293, 91
Trd, 4318537.793, 93
Trd, 4318539.943, 94
Trd, 4318540.643, 93
Trd, 4318542.443, 92
Trd, 4318543.043, 92
Trd, 4318546.643, 93
Trd, 4318547.843, 92
Trd, 4318549.893, 92
Trd, 4318550.493, 94
Trd, 4318551.743, 93
Trd, 4318552.293, 92
Trd, 4318553.743, 92
Trd, 4318555.343, 93
Trd, 4318556.193, 92
Trd, 4318557.793, 91
Trd, 4318558.543, 91
Trd, 4318560.043, 89
Trd, 4318560.243, 89
Trd, 4318563.293, 93
Trd, 4318563.993, 95
Trd, 4318567.143, 93
Trd, 4318571.043, 95
Trd, 4318571.743, 95
Trd, 4318572.343, 95
Trd, 4318574.593, 94
Trd, 4318574.843, 94
Trd, 4318575.343, 93
Trd, 4318577.593, 89
Trd, 4318577.943, 91
Trd, 4318580.493, 92
Trd, 4318582.343, 93
Trd, 4318583.293, 91
Trd, 4318583.743, 91
Trd, 4318584.493, 90
Trd, 4318585.393, 89
Trd, 4318585.443, 89
Trd, 4318589.743, 94
Trd, 4318590.493, 93
Trd, 4318591.443, 92
Trd, 4318592.243, 92
Trd, 4318594.593, 92
Trd, 4318595.093, 91
Trd, 4318595.743, 92
Trd, 4318597.143, 95
Trd, 4318599.593, 91
Trd, 4318600.393, 92
Trd, 4318602.443, 92
Trd, 4318604.993, 92
Trd, 4318606.043, 92
Trd, 4318607.943, 91
Trd, 4318609.393, 91
Trd, 4318611.193, 94
Trd, 4318611.493, 92
Trd, 4318613.443, 91
Trd, 4318616.393, 91
Trd, 4318617.693, 92
Trd, 4318618.743, 92
Trd, 4318620.793, 91
Trd, 4318621.843, 92
Trd, 4318626.193, 91
Trd, 4318627.193, 91
Trd, 4318628.543, 92
Trd, 4318631.443, 90
Trd, 4318631.893, 90
Trd, 4318633.643, 90
Trd, 4318635.743, 89
Trd, 4318636.743, 89
Trd, 4318638.543, 90
Trd, 4318643.343, 89
Trd, 4318644.143, 90
Trd, 4318646.093, 90
Trd, 4318646.593, 92
Trd, 4318648.993, 90
Trd, 4318649.693, 90
Trd, 4318652.793, 90
Trd, 4318653.443, 90
Trd, 4318654.343, 89
Trd, 4318654.693, 89
Trd, 4318656.793, 89
Trd, 4318661.043, 88
Trd, 4318661.143, 88
Trd, 4318662.743, 88
Trd, 4318663.893, 87
Trd, 4318664.793, 87
Trd, 4318666.293, 88
Trd, 4318668.843, 95
Trd, 4318671.493, 92
Trd, 4318673.443, 91
Trd, 4318674.743, 91
Trd, 4318676.543, 92
Trd, 4318677.493, 91
Trd, 4318678.843, 90
Trd, 4318681.143, 89
Trd, 4318682.193, 88
Trd, 4318682.693, 89
Trd, 4318683.443, 95
Trd, 4318687.143, 89
Trd, 4318689.793, 88
Trd, 4318689.893, 88
Trd, 4318690.043, 88
Trd, 4318692.743, 88
Trd, 4318693.843, 88
Trd, 4318696.693, 87
Trd, 4318697.243, 87
Trd, 4318702.393, 87
Trd, 4318702.993, 90
Trd, 4318705.093, 88
Trd, 4318706.893, 87
Trd, 4318707.393, 87
Trd, 4318708.543, 87
Trd, 4318712.693, 87
Trd, 4318716.643, 89
Trd, 4318716.793, 90
Trd, 4318720.543, 91
Trd, 4318720.643, 91
Trd, 4318721.943, 91
Trd, 4318722.243, 91
Trd, 4318725.943, 90
Trd, 4318726.143, 90
Trd, 4318726.493, 89
Trd, 4318726.543, 90
Trd, 4318730.793, 90
Trd, 4318734.593, 89
Trd, 4318734.993, 89
Trd, 4318735.643, 88
Trd, 4318737.193, 92
Trd, 4318738.443, 92
Trd, 4318740.343, 89
Trd, 4318741.743, 89
Trd, 4318744.043, 89
Trd, 4318745.343, 88
Trd, 4318745.443, 88
Trd, 4318747.843, 86
Trd, 4318748.043, 86
Trd, 4318748.843, 87
Trd, 4318748.943, 86
Trd, 4318750.443, 95
Trd, 4318751.143, 90
Trd, 4318752.443, 94
Trd, 4318752.993, 96
Trd, 4318760.343, 97
Trd, 4318760.993, 98
Trd, 4318761.993, 96
Trd, 4318762.293, 95
Trd, 4318763.293, 94
Trd, 4318763.693, 92
Trd, 4318765.293, 92
Trd, 4318767.343, 95
Trd, 4318770.893, 99
Trd, 4318771.393, 98
Trd, 4318773.543, 98
Trd, 4318775.543, 98
Trd, 4318777.893, 98
Trd, 4318778.543, 97
Trd, 4318780.093, 94
Trd, 4318780.243, 96
Trd, 4318781.993, 101
Trd, 4318784.143, 98
Trd, 4318785.443, 97
Trd, 4318786.593, 96
Trd, 4318786.793, 96
Trd, 4318788.143, 95
Trd, 4318790.093, 95
Trd, 4318790.843, 95
Trd, 4318792.693, 94
Trd, 4318793.193, 96
Trd, 4318793.393, 95
Trd, 4318794.593, 94
Trd, 4318796.243, 94
Trd, 4318797.293, 93
Trd, 4318798.793, 94
Trd, 4318799.843, 93
Trd, 4318800.693, 92
Trd, 4318802.393, 92
Trd, 4318804.793, 91
Trd, 4318805.443, 92
Trd, 4318807.293, 91
Trd, 4318809.543, 92
Trd, 4318813.193, 93
Trd, 4318814.243, 91
Trd, 4318815.243, 91
Trd, 4318818.693, 92
Trd, 4318819.293, 92
Trd, 4318820.443, 91
Trd, 4318821.693, 90
Trd, 4318821.893, 91
Trd, 4318825.243, 91
Trd, 4318827.343, 90
Trd, 4318828.293, 89
Trd, 4318829.493, 89
Trd, 4318831.193, 89
Trd, 4318831.843, 90
Trd, 4318833.793, 89
Trd, 4318834.243, 90
Trd, 4318838.193, 89
Trd, 4318839.293, 88
Trd, 4318839.793, 90
Trd, 4318841.993, 88
Trd, 4318842.893, 87
Trd, 4318844.593, 87
Trd, 4318846.943, 87
Trd, 4318848.693, 87
Trd, 4318852.943, 87
Trd, 4318854.193, 87
Trd, 4318854.593, 88
Trd, 4318858.893, 86
Trd, 4318859.193, 87
Trd, 4318861.143, 89
Trd, 4318864.943, 86
Trd, 4318865.143, 87
Trd, 4318867.293, 85
Trd, 4318867.693, 85
Trd, 4318870.243, 85
Trd, 4318871.343, 86
Trd, 4318872.893, 85
Trd, 4318875.243, 89
Trd, 4318879.093, 91
Trd, 4318879.643, 89
Trd, 4318879.743, 88
Trd, 4318881.743, 89
Trd, 4318883.143, 89
Trd, 4318884.043, 92
Trd, 4318884.143, 88
Trd, 4318886.543, 90
Trd, 4318887.943, 90
Trd, 4318890.843, 91
Trd, 4318892.543, 94
Trd, 4318894.393, 91
Trd, 4318895.893, 90
Trd, 4318899.393, 89
Trd, 4318899.543, 89
Trd, 4318900.893, 90
Trd, 4318901.743, 91
Trd, 4318903.843, 89
Trd, 4318903.993, 90
Trd, 4318904.643, 88
Trd, 4318907.843, 87
Trd, 4318909.193, 88
Trd, 4318909.493, 87
Trd, 4318909.893, 87
Trd, 4318910.893, 95
Trd, 4318914.543, 89
Trd, 4318915.093, 88
Trd, 4318917.843, 90
Trd, 4318919.043, 89
Trd, 4318919.343, 89
Trd, 4318920.593, 89
Trd, 4318923.793, 93
Trd, 4318924.643, 92
Trd, 4318925.193, 91
Trd, 4318925.593, 91
Trd, 4318926.943, 95
Trd, 4318929.443, 101
Trd, 4318930.643, 101
Trd, 4318930.993, 101
Trd, 4318932.493, 99
Trd, 4318933.893, 99
Trd, 4318937.343, 98
Trd, 4318937.393, 98
Trd, 4318937.793, 97
Trd, 4318937.893, 98
Trd, 4318940.693, 105
Trd, 4318940.943, 104
Trd, 4318943.743, 104
Trd, 4318944.293, 104
Trd, 4318945.793, 102
Trd, 4318949.093, 97
Trd, 4318949.793, 94
Trd, 4318950.743, 95
Trd, 4318952.043, 95
Trd, 4318953.793, 98
Trd, 4318956.793, 97
Trd, 4318957.093, 100
Trd, 4318957.343, 99
Trd, 4318959.493, 97
Trd, 4318962.343, 100
Trd, 4318963.393, 100
Trd, 4318963.693, 99
Trd, 4318965.743, 98
Trd, 4318967.293, 100
Trd, 4318968.293, 102
Trd, 4318971.143, 101
Trd, 4318971.193, 101
Trd, 4318972.293, 99
Trd, 4318974.843, 102
Trd, 4318975.043, 99
Trd, 4318975.543, 100
Trd, 4318976.793, 99
Trd, 4318979.843, 101
Trd, 4318981.643, 103
Trd, 4318981.993, 103
Trd, 4318983.443, 101
Trd, 4318985.143, 100
Trd, 4318986.843, 98
Trd, 4318989.743, 98
Trd, 4318990.893, 98
Trd, 4318991.743, 97
Trd, 4318992.693, 97
Trd, 4318993.543, 97
Trd, 4318994.893, 97
Trd, 4318994.943, 96
Trd, 4318996.793, 94
Trd, 4318997.993, 95
Trd, 4318998.393, 94
Trd, 4318999.193, 95
Trd, 4319001.293, 98
Trd, 4319003.043, 97
Trd, 4319005.993, 102
Trd, 4319008.043, 100
Trd, 4319008.993, 102
Trd, 4319010.543, 101
Trd, 4319011.343, 100
Trd, 4319014.693, 101
Trd, 4319017.143, 100
Trd, 4319017.843, 100
Trd, 4319018.493, 99
Trd, 4319019.643, 100
Trd, 4319021.693, 98
Trd, 4319022.743, 98
Trd, 4319024.943, 97
Trd, 4319026.143, 96
Trd, 4319026.843, 98
Trd, 4319028.443, 97
Trd, 4319030.143, 97
Trd, 4319030.893, 97
Trd, 4319031.643, 97
Trd, 4319035.593, 95
Trd, 4319037.343, 95
Trd, 4319037.393, 94
Trd, 4319038.393, 93
Trd, 4319039.443, 92
Trd, 4319039.743, 94
Trd, 4319043.543, 94
Trd, 4319045.893, 94
Trd, 4319047.543, 93
Trd, 4319049.943, 93
Trd, 4319051.043, 92
Trd, 4319051.243, 93
Trd, 4319053.143, 92
Trd, 4319054.243, 92
Trd, 4319054.793, 92
Trd, 4319056.393, 93
Trd, 4319057.443, 95
Trd, 4319060.493, 91
Trd, 4319061.043, 92
Trd, 4319064.643, 90
Trd, 4319065.593, 90
Trd, 4319066.893, 91
Trd, 4319068.993, 90
Trd, 4319070.393, 91
Trd, 4319071.693, 90
Trd, 4319072.193, 95
Trd, 4319076.943, 94
Trd, 4319078.043, 94
Trd, 4319079.843, 93
Trd, 4319080.393, 93
Trd, 4319081.143, 92
Trd, 4319084.443, 101
Trd, 4319084.543, 101
Trd, 4319085.843, 101
Trd, 4319087.193, 103
Trd, 4319088.393, 102
Trd, 4319090.493, 101
Trd, 4319091.243, 101
Trd, 4319091.643, 101
Trd, 4319093.143, 97
Trd, 4319094.593, 103
Trd, 4319095.543, 100
Trd, 4319095.893, 98
Trd, 4319099.293, 101
Trd, 4319101.093, 99
Trd, 4319101.293, 98
Trd, 4319102.643, 98
Trd, 4319103.843, 98
Trd, 4319103.943, 99
Trd, 4319106.193, 102
Trd, 4319107.143, 99
Trd, 4319110.243, 98
Trd, 4319110.493, 99
Trd, 4319112.543, 98
Trd, 4319114.993, 98
Trd, 4319116.343, 96
Trd, 4319117.093, 94
Trd, 4319118.443, 94
Trd, 4319119.293, 95
Trd, 4319121.393, 94
Trd, 4319122.493, 93
Trd, 4319125.043, 92
Trd, 4319126.143, 91
Trd, 4319126.643, 91
Trd, 4319129.693, 91
Trd, 4319131.043, 91
Trd, 4319131.593, 91
Trd, 4319132.043, 95
Trd, 4319135.243, 92
Trd, 4319136.193, 92
Trd, 4319137.743, 94
Trd, 4319139.743, 93
Trd, 4319141.943, 93
Trd, 4319143.143, 92
Trd, 4319143.893, 91
Trd, 4319145.343, 91
Trd, 4319145.693, 91
Trd, 4319146.093, 92
Trd, 4319147.843, 93
Trd, 4319148.193, 94
Trd, 4319151.743, 95
Trd, 4319153.693, 94
Trd, 4319154.143, 94
Trd, 4319154.393, 94
Trd, 4319154.443, 95
Trd, 4319156.943, 95
Trd, 4319157.593, 94
Trd, 4319160.043, 94
Trd, 4319161.893, 93
Trd, 4319162.393, 94
Trd, 4319164.093, 93
Trd, 4319167.843, 92
Trd, 4319167.893, 92
Trd, 4319168.493, 93
Trd, 4319172.493, 94
Trd, 4319174.543, 92
Trd, 4319175.593, 94
Trd, 4319176.943, 92
Trd, 4319177.893, 92
Trd, 4319178.493, 93
Trd, 4319180.693, 95
Trd, 4319184.393, 98
Trd, 4319184.893, 97
Trd, 4319185.893, 96
Trd, 4319186.743, 94
Trd, 4319188.443, 93
Trd, 4319189.793, 94
Trd, 4319190.993, 93
Trd, 4319191.143, 95
Trd, 4319193.743, 95
Trd, 4319195.543, 94
Trd, 4319197.043, 94
Trd, 4319198.693, 95
Trd, 4319201.943, 97
Trd, 4319202.393, 96
Trd, 4319204.343, 103
Trd, 4319206.193, 99
Trd, 4319206.543, 99
Trd, 4319208.243, 95
Trd, 4319208.593, 96
Trd, 4319210.393, 96
Trd, 4319210.793, 96
Trd, 4319211.793, 95
Trd, 4319212.393, 96
Trd, 4319216.393, 101
Trd, 4319219.043, 99
Trd, 4319219.393, 100
Trd, 4319219.643, 99
Trd, 4319219.743, 98
Trd, 4319220.743, 100
Trd, 4319222.943, 98
Trd, 4319223.443, 97
Trd, 4319224.293, 96
Trd, 4319225.243, 96
Trd, 4319227.543, 96
Trd, 4319229.843, 94
Trd, 4319230.843, 94
Trd, 4319232.193, 95
Trd, 4319233.493, 94
Trd, 4319234.843, 93
Trd, 4319235.343, 93
Trd, 4319236.393, 93
Trd, 4319238.293, 94
Trd, 4319238.443, 94
Trd, 4319239.143, 95
Trd, 4319242.443, 98
Trd, 4319242.543, 97
Trd, 4319244.043, 96
Trd, 4319245.243, 98
Trd, 4319249.443, 98
Trd, 4319249.693, 98
Trd, 4319250.493, 97
Trd, 4319251.543, 96
Trd, 4319253.993, 96
Trd, 4319255.143, 94
Trd, 4319257.693, 90
Trd, 4319257.843, 92
Trd, 4319259.093, 94
Trd, 4319260.293, 92
Trd, 4319261.393, 93
Trd, 4319262.193, 93
Trd, 4319264.693, 93
Trd, 4319265.993, 92
Trd, 4319266.243, 93
Trd, 4319268.243, 92
Trd, 4319268.693, 91
Trd, 4319272.643, 92
Trd, 4319273.893, 91
Trd, 4319274.293, 90
Trd, 4319276.293, 90
Trd, 4319278.043, 90
Trd, 4319280.843, 89
Trd, 4319280.893, 89
Trd, 4319282.843, 89
Trd, 4319283.643, 90
Trd, 4319285.393, 89
Trd, 4319286.943, 90
Trd, 4319288.293, 91
Trd, 4319289.493, 92
Trd, 4319290.243, 93
Trd, 4319292.993, 92
Trd, 4319293.143, 92
Trd, 4319295.443, 91
Trd, 4319296.043, 91
Trd, 4319297.993, 89
Trd, 4319298.293, 91
Trd, 4319299.343, 90
Trd, 4319300.043, 95
Trd, 4319303.143, 92
Trd, 4319304.893, 92
Trd, 4319304.943, 93
Trd, 4319306.493, 92
Trd, 4319307.243, 93
Trd, 4319310.743, 92
Trd, 4319312.043, 91
Trd, 4319313.493, 91
Trd, 4319313.693, 91
Trd, 4319315.493, 94
Trd, 4319319.743, 93
Trd, 4319320.393, 104
Trd, 4319321.193, 97
Trd, 4319322.093, 97
Trd, 4319323.643, 97
Trd, 4319326.243, 102
Trd, 4319326.893, 101
Trd, 4319327.893, 100
Trd, 4319328.843, 100
Trd, 4319329.043, 99
Trd, 4319330.393, 98
Trd, 4319331.643, 96
Trd, 4319333.093, 96
Trd, 4319334.343, 97
Trd, 4319334.393, 98
Trd, 4319335.743, 99
Trd, 4319338.243, 98
Trd, 4319340.493, 97
Trd, 4319341.443, 97
Trd, 4319342.743, 97
Trd, 4319342.943, 96
Trd, 4319347.493, 96
Trd, 4319347.743, 96
Trd, 4319348.793, 96
Trd, 4319348.943, 97
Trd, 4319349.943, 95
Trd, 4319350.543, 96
Trd, 4319352.793, 95
Trd, 4319353.793, 94
Trd, 4319354.543, 94
Trd, 4319356.593, 94
Trd, 4319359.043, 95
Trd, 4319359.793, 94
Trd, 4319361.143, 94
Trd, 4319362.443, 93
Trd, 4319366.843, 93
Trd, 4319367.343, 92
Trd, 4319369.093, 92
Trd, 4319370.343, 92
Trd, 4319372.943, 92
Trd, 4319374.143, 91
Trd, 4319374.643, 90
Trd, 4319374.743, 90
Trd, 4319375.643, 89
Trd, 4319376.493, 95
Trd, 4319377.193, 91
Trd, 4319382.293, 92
Trd, 4319383.893, 94
Trd, 4319384.443, 92
Trd, 4319385.093, 92
Trd, 4319387.593, 91
Trd, 4319387.743, 91
Trd, 4319390.293, 89
Trd, 4319391.093, 91
Trd, 4319393.093, 94
Trd, 4319396.443, 92
Trd, 4319398.243, 91
Trd, 4319398.793, 95
Trd, 4319400.543, 92
Trd, 4319400.943, 91
Trd, 4319401.593, 92
Trd, 4319406.143, 91
Trd, 4319407.043, 92
Trd, 4319408.843, 93
Trd, 4319409.593, 93
Trd, 4319411.193, 93
Trd, 4319412.543, 93
Trd, 4319414.143, 93
Trd, 4319414.743, 92
Trd, 4319416.843, 94
Trd, 4319417.543, 93
Trd, 4319419.943, 93
Trd, 4319421.043, 92
Trd, 4319424.293, 92
Trd, 4319424.743, 92
Trd, 4319426.943, 92
Trd, 4319427.343, 91
Trd, 4319428.493, 91
Trd, 4319429.293, 91
Trd, 4319432.543, 95
Trd, 4319433.043, 94
Trd, 4319434.343, 94
Trd, 4319434.693, 93
Trd, 4319437.193, 93
Trd, 4319438.293, 92
Trd, 4319438.593, 93
Trd, 4319440.243, 92
Trd, 4319442.543, 91
Trd, 4319445.243, 91
Trd, 4319445.593, 90
Trd, 4319445.993, 91
Trd, 4319448.843, 93
Trd, 4319450.093, 91
Trd, 4319450.693, 90
Trd, 4319452.643, 91
Trd, 4319455.993, 92
Trd, 4319456.393, 91
Trd, 4319458.093, 91
Trd, 4319459.543, 91
Trd, 4319459.993, 90
Trd, 4319462.593, 89
Trd, 4319464.193, 94
Trd, 4319465.143, 91
Trd, 4319466.543, 90
Trd, 4319469.243, 89
Trd, 4319469.343, 90
Trd, 4319470.693, 93
Trd, 4319473.243, 89
Trd, 4319473.493, 90
Trd, 4319476.193, 91
Trd, 4319478.043, 88
Trd, 4319478.293, 88
Trd, 4319479.843, 87
Trd, 4319480.943, 88
Trd, 4319483.293, 87
Trd, 4319483.693, 87
Trd, 4319484.793, 87
Trd, 4319486.043, 87
Trd, 4319488.043, 87
Trd, 4319490.143, 86
Trd, 4319490.443, 86
Trd, 4319494.093, 85
Trd, 4319494.643, 85
Trd, 4319495.593, 84
Trd, 4319497.843, 87
Trd, 4319498.593, 93
Trd, 4319502.993, 89
Trd, 4319506.843, 89
Trd, 4319507.093, 88
Trd, 4319507.293, 88
Trd, 4319507.843, 92
Trd, 4319510.743, 89
Trd, 4319511.343, 89
Trd, 4319512.543, 88
Trd, 4319514.793, 91
Trd, 4319516.693, 90
Trd, 4319517.443, 90
Trd, 4319517.493, 89
Trd, 4319522.743, 89
Trd, 4319522.843, 90
Trd, 4319524.893, 89
Trd, 4319528.193, 88
Trd, 4319528.393, 88
Trd, 4319529.093, 87
Trd, 4319530.893, 90
Trd, 4319532.293, 92
Trd, 4319534.393, 91
Trd, 4319535.893, 91
Trd, 4319537.093, 90
Trd, 4319537.693, 90
Trd, 4319539.093, 93
Trd, 4319540.193, 91
Trd, 4319541.493, 92
Trd, 4319542.443, 94
Trd, 4319545.993, 94
Trd, 4319546.193, 94
Trd, 4319547.193, 94
Trd, 4319549.093, 93
Trd, 4319551.093, 92
Trd, 4319551.393, 92
Trd, 4319551.993, 93
Trd, 4319555.093, 91
Trd, 4319555.593, 91
Trd, 4319556.043, 90
Trd, 4319556.193, 91
Trd, 4319558.893, 90
Trd, 4319559.093, 90
Trd, 4319561.193, 91
Trd, 4319562.093, 91
Trd, 4319565.893, 89
Trd, 4319566.543, 89
Trd, 4319567.193, 90
Trd, 4319568.493, 88
Trd, 4319569.193, 88
Trd, 4319571.293, 92
Trd, 4319571.993, 92
Trd, 4319573.643, 95
Trd, 4319576.943, 95
Trd, 4319577.993, 94
Trd, 4319581.243, 97
Trd, 4319581.343, 97
Trd, 4319581.843, 96
Trd, 4319582.493, 94
Trd, 4319582.593, 95
Trd, 4319586.793, 95
Trd, 4319587.193, 96
Trd, 4319588.343, 95
Trd, 4319588.743, 94
Trd, 4319592.143, 94
Trd, 4319593.043, 94
Trd, 4319595.493, 94
Trd, 4319595.593, 94
Trd, 4319596.243, 94
Trd, 4319599.593, 93
Trd, 4319600.243, 95
Trd, 4319600.793, 93
Trd, 4319600.843, 94
Trd, 4319603.543, 93
Trd, 4319606.493, 93
Trd, 4319607.993, 93
Trd, 4319608.243, 92
Trd, 4319609.993, 94
Trd, 4319611.493, 91
Trd, 4319611.893, 91
Trd, 4319615.043, 90
Trd, 4319615.993, 90
Trd, 4319616.443, 91
Trd, 4319617.543, 91
Trd, 4319621.143, 91
Trd, 4319625.343, 90
Trd, 4319627.593, 90
Trd, 4319629.693, 91
Trd, 4319631.293, 90
Trd, 4319631.993, 89
Trd, 4319633.243, 90
Trd, 4319633.443, 89
Trd, 4319636.693, 89
Trd, 4319638.393, 88
Trd, 4319638.893, 89
Trd, 4319642.943, 90
Trd, 4319643.893, 89
Trd, 4319644.143, 89
Trd, 4319645.543, 87
Trd, 4319645.893, 89
Trd, 4319649.293, 95
Trd, 4319650.793, 96
Trd, 4319651.093, 95
Trd, 4319652.093, 94
Trd, 4319655.243, 94
Trd, 4319655.843, 94
Trd, 4319656.593, 98
Trd, 4319657.843, 93
Trd, 4319659.693, 92
Trd, 4319662.043, 94
Trd, 4319662.443, 95
Trd, 4319663.743, 91
Trd, 4319664.043, 92
Trd, 4319666.993, 91
Trd, 4319669.043, 91
Trd, 4319669.593, 91
Trd, 4319669.993, 92
Trd, 4319672.943, 91
Trd, 4319673.593, 90
Trd, 4319673.843, 95
Trd, 4319677.243, 89
Trd, 4319678.043, 89
Trd, 4319678.643, 89
Trd, 4319680.893, 89
Trd, 4319680.993, 88
Trd, 4319681.793, 88
Trd, 4319683.493, 88
Trd, 4319686.893, 87
Trd, 4319687.493, 87
Trd, 4319688.193, 88
Trd, 4319690.143, 87
Trd, 4319692.643, 86
Trd, 4319693.343, 87
Trd, 4319697.543, 87
Trd, 4319697.643, 87
Trd, 4319698.093, 87
Trd, 4319700.343, 87
Trd, 4319702.793, 87
Trd, 4319704.743, 86
Trd, 4319705.043, 87
Trd, 4319706.743, 86
Trd, 4319708.243, 86
Trd, 4319710.243, 86
Trd, 4319710.593, 86
Trd, 4319713.043, 89
Trd, 4319713.393, 90
Trd, 4319716.443, 89
Trd, 4319717.693, 88
Trd, 4319721.293, 90
Trd, 4319722.093, 88
Trd, 4319725.293, 91
Trd, 4319727.693, 90
Trd, 4319728.243, 90
Trd, 4319730.093, 89
Trd, 4319732.693, 95
Trd, 4319736.243, 95
Trd, 4319738.193, 97
Trd, 4319739.993, 97
Trd, 4319741.243, 96
Trd, 4319741.893, 96
Trd, 4319743.193, 95
Trd, 4319744.493, 94
Trd, 4319745.143, 95
Trd, 4319749.743, 100
Trd, 4319749.793, 98
Trd, 4319750.193, 97
Trd, 4319751.643, 96
Trd, 4319751.793, 96
Trd, 4319754.393, 94
Trd, 4319754.743, 94
Trd, 4319757.043, 96
Trd, 4319758.193, 95
Trd, 4319758.693, 95
Trd, 4319761.193, 94
Trd, 4319761.543, 94
Trd, 4319762.443, 94
Trd, 4319763.693, 92
Trd, 4319764.793, 92
Trd, 4319764.893, 92
Trd, 4319767.293, 91
Trd, 4319768.443, 90
Trd, 4319768.843, 90
Trd, 4319773.243, 93
Trd, 4319776.543, 92
Trd, 4319776.643, 94
Trd, 4319777.543, 92
Trd, 4319779.943, 95
Trd, 4319781.543, 92
Trd, 4319784.193, 95
Trd, 4319785.793, 94
Trd, 4319786.193, 94
Trd, 4319789.993, 94
Trd, 4319791.243, 93
Trd, 4319792.543, 93
Trd, 4319793.043, 93
Trd, 4319794.293, 94
Trd, 4319795.843, 94
Trd, 4319797.893, 93
Trd, 4319798.943, 92
Trd, 4319800.093, 92
Trd, 4319802.193, 91
Trd, 4319803.993, 92
Trd, 4319806.243, 93
Trd, 4319806.693, 92
Trd, 4319808.093, 91
Trd, 4319809.743, 91
Trd, 4319811.043, 91
Trd, 4319812.093, 89
Trd, 4319813.993, 92
Trd, 4319814.843, 91
Trd, 4319816.243, 95
Trd, 4319818.543, 96
Trd, 4319819.293, 96
Trd, 4319819.743, 94
Trd, 4319820.993, 94
Trd, 4319823.543, 93
Trd, 4319824.543, 93
Trd, 4319824.943, 92
Trd, 4319826.443, 92
Trd, 4319827.343, 95
Trd, 4319829.243, 92
Trd, 4319833.543, 92
Trd, 4319834.243, 91
Trd, 4319834.643, 91
Trd, 4319836.243, 91
Trd, 4319836.443, 92
Trd, 4319840.693, 90
Trd, 4319840.943, 90
Trd, 4319842.993, 90
Trd, 4319843.643, 90
Trd, 4319845.043, 91
Trd, 4319847.543, 89
Trd, 4319850.543, 89
Trd, 4319850.743, 89
Trd, 4319853.743, 88
Trd, 4319859.543, 87
Trd, 4319859.693, 88
Trd, 4319860.443, 87
Trd, 4319864.493, 91
Trd, 4319865.643, 90
Trd, 4319865.893, 90
Trd, 4319869.043, 93
Trd, 4319870.243, 93
Trd, 4319870.943, 91
Trd, 4319872.143, 91
Trd, 4319874.593, 90
Trd, 4319877.793, 90
Trd, 4319877.943, 93
Trd, 4319880.643, 90
Trd, 4319881.443, 90
Trd, 4319881.743, 92
Trd, 4319885.643, 93
Trd, 4319888.343, 92
Trd, 4319889.393, 91
Trd, 4319891.043, 90
Trd, 4319891.393, 90
Trd, 4319891.693, 91
Trd, 4319894.093, 93
Trd, 4319896.893, 92
Trd, 4319897.943, 91
Trd, 4319898.643, 91
Trd, 4319898.843, 90
Trd, 4319900.243, 93
Trd, 4319903.543, 91
Trd, 4319905.793, 93
Trd, 4319906.343, 93
Trd, 4319907.293, 91
Trd, 4319908.193, 91
Trd, 4319910.393, 90
Trd, 4319912.293, 91
Trd, 4319913.493, 90
Trd, 4319916.543, 90
Trd, 4319917.393, 90
Trd, 4319918.843, 91
Trd, 4319922.443, 91
Trd, 4319922.593, 90
Trd, 4319923.643, 90
Trd, 4319925.743, 89
Trd, 4319927.443, 88
Trd, 4319928.643, 89
Trd, 4319932.643, 92
Trd, 4319933.343, 91
Trd, 4319934.693, 91
Trd, 4319935.143, 91
Trd, 4319938.143, 94
Trd, 4319938.793, 93
Trd, 4319938.893, 95
Trd, 4319942.343, 94
Trd, 4319942.493, 94
Trd, 4319942.843, 93
Trd, 4319945.143, 91
Trd, 4319945.543, 92
Trd, 4319946.893, 92
Trd, 4319947.543, 90
Trd, 4319949.243, 91
Trd, 4319950.893, 89
Trd, 4319951.943, 87
Trd, 4319955.093, 89
Trd, 4319958.243, 89
Trd, 4319958.943, 92
Trd, 4319961.593, 90
Trd, 4319963.043, 90
Trd, 4319963.943, 89
Trd, 4319964.243, 88
Trd, 4319967.343, 91
Trd, 4319968.743, 90
Trd, 4319969.293, 91
Trd, 4319969.443, 91
Trd, 4319970.043, 90
Trd, 4319971.093, 95
Trd, 4319972.043, 94
Trd, 4319972.243, 94
Trd, 4319974.293, 93
Trd, 4319975.643, 92
Trd, 4319976.543, 92
Trd, 4319978.493, 92
Trd, 4319980.243, 91
Trd, 4319981.993, 91
Trd, 4319983.743, 91
Trd, 4319984.793, 91
Trd, 4319987.093, 91
Trd, 4319987.393, 91
Trd, 4319989.343, 94
Trd, 4319990.743, 92
Trd, 4319991.743, 91
Trd, 4319993.093, 92
Trd, 4319995.493, 91
Trd, 4319995.843, 91
Trd, 4319998.893, 91
Trd, 4319999.193, 90
Trd, 4319999.293, 91
