Trd, 4317881.793, 86
Trd, 4317882.143, 95
Trd, 4317882.493, 95
Trd, 4317883.043, 113
Trd, 4317884.093, 93
Trd, 4317886.493, 96
Trd, 4317887.693, 113
Trd, 4317887.893, 118
Trd, 4317887.943, 103
Trd, 4317888.643, 86
Trd, 4317889.743, 97
Trd, 4317892.693, 94
Trd, 4317893.643, 102
Trd, 4317896.493, 102
Trd, 4317898.193, 94
Trd, 4317899.993, 95
Trd, 4317900.393, 100
Trd, 4317903.243, 100
Trd, 4317903.993, 98
Trd, 4317904.593, 97
Trd, 4317906.293, 113
Trd, 4317906.693, 113
Trd, 4317909.393, 90
Trd, 4317912.943, 98
Trd, 4317913.893, 104
Trd, 4317916.743, 104
Trd, 4317917.243, 88
Trd, 4317920.443, 96
Trd, 4317922.843, 97
Trd, 4317924.193, 101
Trd, 4317924.243, 101
Trd, 4317925.193, 99
Trd, 4317927.593, 101
Trd, 4317928.193, 101
Trd, 4317930.193, 103
Trd, 4317930.743, 85
Trd, 4317931.693, 91
Trd, 4317934.743, 97
Trd, 4317936.793, 96
Trd, 4317937.193, 96
Trd, 4317937.793, 95
Trd, 4317938.343, 114
Trd, 4317939.693, 94
Trd, 4317941.143, 99
Trd, 4317941.693, 92
Trd, 4317943.843, 97
Trd, 4317944.593, 97
Trd, 4317946.293, 94
Trd, 4317947.793, 94
Trd, 4317949.393, 94
Trd, 4317950.393, 94
Trd, 4317950.443, 96
Trd, 4317950.793, 113
Trd, 4317952.343, 102
Trd, 4317955.243, 95
Trd, 4317956.643, 95
Trd, 4317958.343, 99
Trd, 4317959.393, 99
Trd, 4317961.443, 95
Trd, 4317962.443, 95
Trd, 4317965.593, 99
Trd, 4317966.543, 93
Trd, 4317968.393, 99
Trd, 4317969.943, 111
Trd, 4317971.793, 101
Trd, 4317972.693, 100
Trd, 4317973.643, 93
Trd, 4317974.043, 101
Trd, 4317974.793, 99
Trd, 4317976.893, 97
Trd, 4317978.443, 97
Trd, 4317979.843, 97
Trd, 4317981.443, 95
Trd, 4317981.793, 97
Trd, 4317982.093, 99
Trd, 4317982.993, 95
Trd, 4317984.743, 97
Trd, 4317985.343, 97
Trd, 4317986.493, 95
Trd, 4317988.393, 97
Trd, 4317989.843, 113
Trd, 4317992.293, 115
Trd, 4317993.593, 114
Trd, 4317993.743, 113
Trd, 4317994.343, 103
Trd, 4317996.693, 107
Trd, 4317997.843, 105
Trd, 4317998.093, 103
Trd, 4317999.843, 125
Trd, 4317999.943, 118
Trd, 4318002.193, 111
Trd, 4318003.243, 102
Trd, 4318005.793, 98
Trd, 4318006.543, 111
Trd, 4318008.893, 101
Trd, 4318009.493, 103
Trd, 4318011.993, 101
Trd, 4318013.843, 100
Trd, 4318016.443, 101
Trd, 4318016.543, 99
Trd, 4318017.893, 87
Trd, 4318018.043, 101
Trd, 4318020.343, 91
Trd, 4318022.843, 95
Trd, 4318024.043, 91
Trd, 4318025.143, 87
Trd, 4318025.943, 87
Trd, 4318026.093, 93
Trd, 4318029.143, 92
Trd, 4318031.243, 88
Trd, 4318031.293, 92
Trd, 4318032.093, 92
Trd, 4318032.193, 95
Trd, 4318034.193, 112
Trd, 4318034.943, 97
Trd, 4318038.193, 96
Trd, 4318039.243, 92
Trd, 4318040.193, 92
Trd, 4318040.243, 85
Trd, 4318040.443, 96
Trd, 4318042.293, 113
Trd, 4318043.093, 97
Trd, 4318044.043, 92
Trd, 4318048.543, 91
Trd, 4318048.943, 95
Trd, 4318049.193, 95
Trd, 4318050.343, 113
Trd, 4318054.593, 94
Trd, 4318056.793, 94
Trd, 4318057.093, 90
Trd, 4318057.343, 94
Trd, 4318058.043, 104
Trd, 4318060.243, 97
Trd, 4318062.093, 95
Trd, 4318063.143, 93
Trd, 4318063.593, 85
Trd, 4318066.543, 98
Trd, 4318069.843, 97
Trd, 4318070.493, 97
Trd, 4318071.543, 113
Trd, 4318071.943, 112
Trd, 4318072.993, 101
Trd, 4318074.243, 103
Trd, 4318075.793, 101
Trd, 4318075.893, 102
Trd, 4318077.393, 112
Trd, 4318078.093, 99
Trd, 4318079.543, 113
Trd, 4318081.493, 103
Trd, 4318084.593, 107
Trd, 4318085.393, 106
Trd, 4318085.543, 92
Trd, 4318086.443, 107
Trd, 4318089.993, 103
Trd, 4318090.893, 103
Trd, 4318093.793, 104
Trd, 4318094.443, 97
Trd, 4318096.493, 97
Trd, 4318097.193, 103
Trd, 4318098.193, 87
Trd, 4318098.693, 100
Trd, 4318101.243, 93
Trd, 4318102.743, 89
Trd, 4318103.393, 96
Trd, 4318104.043, 87
Trd, 4318107.993, 91
Trd, 4318108.693, 96
Trd, 4318108.793, 96
Trd, 4318110.343, 96
Trd, 4318111.493, 111
Trd, 4318112.043, 101
Trd, 4318114.593, 113
Trd, 4318116.193, 102
Trd, 4318116.393, 100
Trd, 4318118.393, 103
Trd, 4318122.693, 103
Trd, 4318123.643, 92
Trd, 4318123.743, 103
Trd, 4318125.643, 98
Trd, 4318126.843, 103
Trd, 4318126.893, 85
Trd, 4318130.593, 98
Trd, 4318133.643, 103
Trd, 4318135.393, 102
Trd, 4318135.743, 102
Trd, 4318137.243, 102
Trd, 4318137.743, 101
Trd, 4318138.193, 102
Trd, 4318141.543, 102
Trd, 4318141.843, 102
Trd, 4318142.593, 113
Trd, 4318144.743, 101
Trd, 4318145.293, 85
Trd, 4318145.493, 105
Trd, 4318147.243, 85
Trd, 4318151.343, 97
Trd, 4318151.693, 98
Trd, 4318151.993, 99
Trd, 4318153.693, 98
Trd, 4318154.393, 97
Trd, 4318156.093, 95
Trd, 4318156.343, 98
Trd, 4318157.043, 85
Trd, 4318160.493, 96
Trd, 4318162.243, 97
Trd, 4318162.843, 97
Trd, 4318163.593, 97
Trd, 4318164.693, 96
Trd, 4318164.893, 97
Trd, 4318166.593, 97
Trd, 4318168.493, 93
Trd, 4318170.043, 97
Trd, 4318170.343, 97
Trd, 4318170.593, 95
Trd, 4318172.093, 85
Trd, 4318172.493, 97
Trd, 4318174.643, 91
Trd, 4318175.743, 90
Trd, 4318176.343, 113
Trd, 4318177.043, 113
Trd, 4318178.243, 113
Trd, 4318178.943, 100
Trd, 4318181.043, 92
Trd, 4318182.243, 96
Trd, 4318182.543, 95
Trd, 4318182.693, 86
Trd, 4318185.543, 96
Trd, 4318187.393, 96
Trd, 4318188.443, 86
Trd, 4318189.143, 85
Trd, 4318191.143, 96
Trd, 4318191.343, 96
Trd, 4318194.243, 96
Trd, 4318194.793, 95
Trd, 4318195.743, 95
Trd, 4318197.993, 96
Trd, 4318198.493, 95
Trd, 4318199.843, 96
Trd, 4318200.543, 96
Trd, 4318201.593, 94
Trd, 4318201.843, 96
Trd, 4318203.343, 96
Trd, 4318203.593, 113
Trd, 4318204.493, 99
Trd, 4318204.593, 97
Trd, 4318209.393, 96
Trd, 4318209.743, 88
Trd, 4318209.843, 96
Trd, 4318212.293, 96
Trd, 4318212.643, 113
Trd, 4318214.693, 100
Trd, 4318215.143, 97
Trd, 4318215.643, 94
Trd, 4318216.043, 100
Trd, 4318217.093, 95
Trd, 4318219.693, 96
Trd, 4318220.193, 98
Trd, 4318220.743, 88
Trd, 4318221.743, 111
Trd, 4318222.743, 100
Trd, 4318225.643, 96
Trd, 4318226.793, 98
Trd, 4318229.093, 89
Trd, 4318229.743, 89
Trd, 4318230.593, 95
Trd, 4318231.343, 95
Trd, 4318232.393, 95
Trd, 4318233.693, 130
Trd, 4318235.343, 96
Trd, 4318235.493, 91
Trd, 4318236.543, 95
Trd, 4318236.893, 97
Trd, 4318237.393, 94
Trd, 4318238.293, 98
Trd, 4318238.493, 97
Trd, 4318241.393, 94
Trd, 4318242.043, 97
Trd, 4318243.443, 98
Trd, 4318245.193, 108
Trd, 4318245.643, 100
Trd, 4318247.443, 99
Trd, 4318248.393, 99
Trd, 4318250.643, 99
Trd, 4318252.093, 99
Trd, 4318254.143, 99
Trd, 4318254.743, 98
Trd, 4318255.493, 90
Trd, 4318259.293, 99
Trd, 4318260.843, 98
Trd, 4318261.093, 103
Trd, 4318262.043, 103
Trd, 4318262.543, 95
Trd, 4318263.143, 90
Trd, 4318263.243, 113
Trd, 4318264.293, 95
Trd, 4318266.493, 87
Trd, 4318267.393, 98
Trd, 4318268.043, 98
Trd, 4318272.093, 90
Trd, 4318273.493, 85
Trd, 4318273.693, 88
Trd, 4318276.443, 89
Trd, 4318278.143, 95
Trd, 4318279.343, 104
Trd, 4318279.743, 94
Trd, 4318283.143, 94
Trd, 4318284.493, 94
Trd, 4318284.693, 93
Trd, 4318284.743, 95
Trd, 4318287.593, 96
Trd, 4318288.643, 95
Trd, 4318288.693, 86
Trd, 4318289.493, 113
Trd, 4318290.743, 76
Trd, 4318291.643, 112
Trd, 4318292.893, 100
Trd, 4318293.943, 102
Trd, 4318295.143, 84
Trd, 4318295.743, 92
Trd, 4318299.443, 113
Trd, 4318300.593, 104
Trd, 4318300.993, 103
Trd, 4318302.043, 102
Trd, 4318302.293, 105
Trd, 4318304.293, 90
Trd, 4318304.993, 88
Trd, 4318305.393, 93
Trd, 4318305.593, 96
Trd, 4318306.543, 92
Trd, 4318306.843, 96
Trd, 4318309.993, 112
Trd, 4318310.543, 111
Trd, 4318310.893, 103
Trd, 4318312.293, 101
Trd, 4318316.393, 100
Trd, 4318316.693, 101
Trd, 4318317.293, 101
Trd, 4318318.243, 102
Trd, 4318319.043, 109
Trd, 4318320.343, 113
Trd, 4318323.143, 101
Trd, 4318323.893, 101
Trd, 4318325.193, 113
Trd, 4318325.893, 95
Trd, 4318326.593, 104
Trd, 4318327.693, 103
Trd, 4318328.693, 97
Trd, 4318328.943, 102
Trd, 4318329.993, 89
Trd, 4318333.193, 92
Trd, 4318333.393, 102
Trd, 4318337.293, 101
Trd, 4318338.143, 99
Trd, 4318339.143, 100
Trd, 4318340.093, 100
Trd, 4318341.093, 100
Trd, 4318341.593, 100
Trd, 4318341.743, 94
Trd, 4318342.843, 92
Trd, 4318345.443, 95
Trd, 4318346.343, 97
Trd, 4318348.893, 96
Trd, 4318349.343, 94
Trd, 4318349.643, 92
Trd, 4318349.843, 96
Trd, 4318354.893, 94
Trd, 4318355.843, 85
Trd, 4318356.843, 94
Trd, 4318357.293, 96
Trd, 4318358.943, 91
Trd, 4318359.243, 95
Trd, 4318360.293, 95
Trd, 4318360.993, 85
Trd, 4318361.693, 98
Trd, 4318362.193, 113
Trd, 4318365.443, 95
Trd, 4318365.693, 102
Trd, 4318366.743, 85
Trd, 4318369.393, 99
Trd, 4318371.593, 98
Trd, 4318372.193, 97
Trd, 4318373.493, 99
Trd, 4318374.193, 91
Trd, 4318376.143, 99
Trd, 4318377.193, 99
Trd, 4318377.343, 113
Trd, 4318378.143, 97
Trd, 4318379.393, 98
Trd, 4318380.243, 95
Trd, 4318381.093, 97
Trd, 4318381.693, 85
Trd, 4318383.543, 93
Trd, 4318383.893, 92
Trd, 4318384.643, 85
Trd, 4318386.343, 113
Trd, 4318387.893, 98
Trd, 4318389.593, 112
Trd, 4318391.743, 98
Trd, 4318391.793, 91
Trd, 4318393.493, 96
Trd, 4318393.543, 97
Trd, 4318394.793, 97
Trd, 4318396.193, 97
Trd, 4318397.293, 113
Trd, 4318397.493, 102
Trd, 4318398.193, 122
Trd, 4318401.643, 105
Trd, 4318402.693, 104
Trd, 4318404.343, 98
Trd, 4318405.293, 100
Trd, 4318405.443, 104
Trd, 4318407.593, 100
Trd, 4318409.243, 99
Trd, 4318410.093, 99
Trd, 4318411.143, 113
Trd, 4318412.993, 99
Trd, 4318413.543, 98
Trd, 4318416.443, 101
Trd, 4318417.043, 98
Trd, 4318417.243, 101
Trd, 4318420.893, 97
Trd, 4318421.993, 96
Trd, 4318422.343, 97
Trd, 4318422.593, 112
Trd, 4318422.943, 99
Trd, 4318423.143, 88
Trd, 4318425.443, 100
Trd, 4318429.193, 100
Trd, 4318430.293, 104
Trd, 4318431.193, 102
Trd, 4318431.593, 113
Trd, 4318433.493, 95
Trd, 4318436.693, 102
Trd, 4318437.843, 97
Trd, 4318439.143, 102
Trd, 4318440.843, 94
Trd, 4318441.143, 85
Trd, 4318444.893, 102
Trd, 4318446.593, 101
Trd, 4318447.393, 101
Trd, 4318449.343, 101
Trd, 4318449.743, 101
Trd, 4318449.893, 85
Trd, 4318450.593, 101
Trd, 4318451.993, 94
Trd, 4318452.693, 85
Trd, 4318454.043, 113
Trd, 4318454.343, 113
Trd, 4318458.543, 101
Trd, 4318459.893, 86
Trd, 4318460.593, 95
Trd, 4318460.643, 101
Trd, 4318463.043, 101
Trd, 4318463.393, 85
Trd, 4318463.493, 101
Trd, 4318463.943, 101
Trd, 4318466.343, 92
Trd, 4318468.093, 98
Trd, 4318468.343, 93
Trd, 4318469.343, 98
Trd, 4318471.443, 98
Trd, 4318474.793, 98
Trd, 4318475.593, 98
Trd, 4318476.143, 97
Trd, 4318476.393, 98
Trd, 4318479.393, 85
Trd, 4318480.043, 113
Trd, 4318480.793, 95
Trd, 4318481.393, 99
Trd, 4318484.893, 95
Trd, 4318485.993, 90
Trd, 4318487.793, 92
Trd, 4318489.093, 96
Trd, 4318489.343, 96
Trd, 4318489.993, 113
Trd, 4318490.843, 94
Trd, 4318491.793, 96
Trd, 4318494.693, 113
Trd, 4318496.043, 91
Trd, 4318496.093, 89
Trd, 4318497.243, 95
Trd, 4318499.493, 87
Trd, 4318500.243, 96
Trd, 4318502.743, 97
Trd, 4318503.043, 96
Trd, 4318504.993, 90
Trd, 4318506.543, 91
Trd, 4318507.343, 96
Trd, 4318510.793, 93
Trd, 4318510.993, 91
Trd, 4318514.093, 95
Trd, 4318514.593, 91
Trd, 4318515.343, 94
Trd, 4318518.493, 93
Trd, 4318519.143, 92
Trd, 4318519.993, 95
Trd, 4318520.743, 94
Trd, 4318521.193, 92
Trd, 4318521.393, 113
Trd, 4318522.393, 102
Trd, 4318523.943, 98
Trd, 4318526.043, 98
Trd, 4318526.293, 98
Trd, 4318526.893, 87
Trd, 4318527.993, 100
Trd, 4318530.493, 120
Trd, 4318531.093, 113
Trd, 4318533.193, 102
Trd, 4318533.543, 105
Trd, 4318534.793, 105
Trd, 4318539.693, 103
Trd, 4318541.693, 96
Trd, 4318543.043, 102
Trd, 4318543.493, 102
Trd, 4318544.743, 101
Trd, 4318545.593, 102
Trd, 4318547.693, 101
Trd, 4318551.443, 98
Trd, 4318551.493, 101
Trd, 4318553.243, 114
Trd, 4318554.143, 103
Trd, 4318554.843, 103
Trd, 4318555.493, 101
Trd, 4318556.743, 111
Trd, 4318557.393, 85
Trd, 4318559.443, 113
Trd, 4318561.643, 103
Trd, 4318564.593, 106
Trd, 4318565.243, 99
Trd, 4318567.843, 88
Trd, 4318568.843, 95
Trd, 4318568.943, 97
Trd, 4318569.793, 114
Trd, 4318570.793, 92
Trd, 4318572.393, 99
Trd, 4318572.643, 100
Trd, 4318573.043, 97
Trd, 4318574.043, 81
Trd, 4318575.093, 87
Trd, 4318575.893, 89
Trd, 4318576.093, 89
Trd, 4318577.993, 109
Trd, 4318578.243, 99
Trd, 4318581.393, 98
Trd, 4318581.443, 84
Trd, 4318582.143, 95
Trd, 4318583.843, 111
Trd, 4318584.543, 98
Trd, 4318586.243, 97
Trd, 4318587.993, 101
Trd, 4318590.643, 113
Trd, 4318591.193, 113
Trd, 4318592.743, 110
Trd, 4318592.793, 103
Trd, 4318595.693, 104
Trd, 4318597.243, 102
Trd, 4318597.343, 105
Trd, 4318602.443, 98
Trd, 4318602.493, 100
Trd, 4318602.993, 101
Trd, 4318603.143, 90
Trd, 4318603.743, 117
Trd, 4318604.493, 94
Trd, 4318605.593, 99
Trd, 4318607.943, 95
Trd, 4318608.843, 97
Trd, 4318610.793, 96
Trd, 4318611.443, 95
Trd, 4318611.643, 94
Trd, 4318612.743, 96
Trd, 4318615.343, 96
Trd, 4318617.993, 96
Trd, 4318618.143, 96
Trd, 4318619.793, 93
Trd, 4318621.443, 95
Trd, 4318621.693, 88
Trd, 4318623.293, 93
Trd, 4318623.543, 90
Trd, 4318624.243, 95
Trd, 4318625.843, 95
Trd, 4318626.443, 89
Trd, 4318627.343, 114
Trd, 4318628.693, 97
Trd, 4318628.893, 101
Trd, 4318631.193, 99
Trd, 4318632.843, 100
Trd, 4318635.143, 99
Trd, 4318635.443, 96
Trd, 4318636.593, 100
Trd, 4318638.743, 100
Trd, 4318640.293, 90
Trd, 4318641.793, 96
Trd, 4318642.393, 98
Trd, 4318643.993, 99
Trd, 4318646.243, 93
Trd, 4318646.443, 97
Trd, 4318649.093, 98
Trd, 4318649.343, 98
Trd, 4318649.893, 85
Trd, 4318652.893, 90
Trd, 4318652.993, 88
Trd, 4318654.143, 90
Trd, 4318654.843, 88
Trd, 4318657.043, 89
Trd, 4318657.843, 89
Trd, 4318659.193, 89
Trd, 4318659.243, 95
Trd, 4318659.443, 111
Trd, 4318660.343, 92
Trd, 4318660.843, 97
Trd, 4318662.693, 94
Trd, 4318663.793, 89
Trd, 4318665.593, 92
Trd, 4318665.643, 91
Trd, 4318665.743, 93
Trd, 4318666.193, 85
Trd, 4318668.293, 96
Trd, 4318668.593, 95
Trd, 4318672.243, 93
Trd, 4318672.843, 85
Trd, 4318673.193, 93
Trd, 4318674.943, 95
Trd, 4318676.293, 93
Trd, 4318676.993, 93
Trd, 4318677.843, 95
Trd, 4318678.843, 94
Trd, 4318680.543, 114
Trd, 4318681.443, 113
Trd, 4318682.393, 85
Trd, 4318683.643, 98
Trd, 4318684.393, 99
Trd, 4318687.443, 99
Trd, 4318687.993, 96
Trd, 4318688.243, 92
Trd, 4318689.443, 99
Trd, 4318689.943, 100
Trd, 4318691.743, 97
Trd, 4318692.293, 100
Trd, 4318693.643, 99
Trd, 4318694.243, 99
Trd, 4318695.943, 98
Trd, 4318696.793, 103
Trd, 4318698.093, 101
Trd, 4318699.193, 101
Trd, 4318700.343, 104
Trd, 4318700.943, 94
Trd, 4318703.243, 102
Trd, 4318703.643, 102
Trd, 4318706.693, 102
Trd, 4318707.343, 103
Trd, 4318708.893, 102
Trd, 4318710.093, 101
Trd, 4318711.793, 93
Trd, 4318712.393, 80
Trd, 4318712.793, 102
Trd, 4318715.993, 89
Trd, 4318716.093, 96
Trd, 4318717.343, 85
Trd, 4318719.343, 96
Trd, 4318719.393, 96
Trd, 4318719.793, 96
Trd, 4318720.543, 113
Trd, 4318722.443, 92
Trd, 4318723.043, 101
Trd, 4318727.493, 100
Trd, 4318728.043, 100
Trd, 4318729.543, 96
Trd, 4318731.143, 99
Trd, 4318731.543, 98
Trd, 4318731.693, 90
Trd, 4318732.743, 99
Trd, 4318734.943, 85
Trd, 4318735.093, 99
Trd, 4318736.743, 99
Trd, 4318738.993, 99
Trd, 4318739.693, 91
Trd, 4318739.743, 113
Trd, 4318743.393, 99
Trd, 4318744.443, 99
Trd, 4318744.593, 91
Trd, 4318745.193, 90
Trd, 4318746.043, 99
Trd, 4318748.893, 98
Trd, 4318750.143, 98
Trd, 4318750.943, 85
Trd, 4318751.393, 97
Trd, 4318752.943, 95
Trd, 4318753.193, 92
Trd, 4318753.743, 94
Trd, 4318755.443, 96
Trd, 4318756.893, 96
Trd, 4318756.993, 90
Trd, 4318759.693, 96
Trd, 4318760.493, 85
Trd, 4318760.993, 94
Trd, 4318762.643, 94
Trd, 4318763.193, 113
Trd, 4318764.443, 100
Trd, 4318764.843, 101
Trd, 4318766.843, 100
Trd, 4318768.343, 90
Trd, 4318770.493, 95
Trd, 4318773.893, 87
Trd, 4318775.643, 97
Trd, 4318775.893, 97
Trd, 4318776.793, 93
Trd, 4318778.543, 93
Trd, 4318780.643, 95
Trd, 4318780.693, 96
Trd, 4318781.293, 94
Trd, 4318781.993, 96
Trd, 4318784.593, 113
Trd, 4318786.143, 109
Trd, 4318787.643, 101
Trd, 4318788.993, 93
Trd, 4318790.643, 96
Trd, 4318791.193, 98
Trd, 4318792.893, 95
Trd, 4318795.443, 93
Trd, 4318795.693, 94
Trd, 4318797.893, 87
Trd, 4318799.393, 106
Trd, 4318800.893, 113
Trd, 4318801.243, 112
Trd, 4318802.043, 103
Trd, 4318804.593, 103
Trd, 4318805.793, 89
Trd, 4318806.593, 88
Trd, 4318807.393, 97
Trd, 4318808.343, 111
Trd, 4318810.593, 103
Trd, 4318811.293, 90
Trd, 4318813.693, 101
Trd, 4318813.893, 102
Trd, 4318814.443, 96
Trd, 4318818.443, 99
Trd, 4318819.693, 99
Trd, 4318821.493, 98
Trd, 4318822.343, 96
Trd, 4318823.043, 95
Trd, 4318823.243, 97
Trd, 4318824.993, 95
Trd, 4318825.743, 97
Trd, 4318827.143, 86
Trd, 4318828.643, 89
Trd, 4318829.643, 95
Trd, 4318829.993, 113
Trd, 4318831.543, 103
Trd, 4318831.693, 93
Trd, 4318835.293, 98
Trd, 4318836.643, 98
Trd, 4318837.593, 98
Trd, 4318838.343, 97
Trd, 4318839.893, 97
Trd, 4318840.843, 98
Trd, 4318841.343, 85
Trd, 4318844.593, 98
Trd, 4318845.443, 98
Trd, 4318845.693, 98
Trd, 4318847.443, 94
Trd, 4318848.743, 90
Trd, 4318850.593, 96
Trd, 4318850.993, 92
Trd, 4318853.343, 93
Trd, 4318853.893, 101
Trd, 4318854.793, 94
Trd, 4318855.343, 112
Trd, 4318857.693, 99
Trd, 4318858.493, 98
Trd, 4318860.743, 101
Trd, 4318862.343, 113
Trd, 4318863.243, 102
Trd, 4318865.943, 96
Trd, 4318866.243, 101
Trd, 4318867.193, 113
Trd, 4318868.493, 99
Trd, 4318868.593, 92
Trd, 4318871.193, 97
Trd, 4318872.093, 96
Trd, 4318874.343, 94
Trd, 4318874.543, 93
Trd, 4318875.143, 113
Trd, 4318875.743, 103
Trd, 4318877.093, 113
Trd, 4318879.793, 85
Trd, 4318882.443, 93
Trd, 4318882.593, 99
Trd, 4318883.593, 96
Trd, 4318884.593, 98
Trd, 4318886.443, 98
Trd, 4318887.993, 95
Trd, 4318889.543, 96
Trd, 4318889.843, 96
Trd, 4318891.643, 111
Trd, 4318891.843, 95
Trd, 4318893.743, 99
Trd, 4318893.943, 97
Trd, 4318897.643, 103
Trd, 4318898.993, 98
Trd, 4318899.343, 91
Trd, 4318899.493, 98
Trd, 4318899.543, 101
Trd, 4318902.143, 98
Trd, 4318902.593, 99
Trd, 4318904.293, 98
Trd, 4318905.143, 95
Trd, 4318906.543, 85
Trd, 4318907.593, 113
Trd, 4318908.843, 102
Trd, 4318909.693, 101
Trd, 4318912.593, 95
Trd, 4318914.443, 87
Trd, 4318914.493, 93
Trd, 4318914.843, 93
Trd, 4318916.043, 95
Trd, 4318916.443, 113
Trd, 4318918.293, 87
Trd, 4318919.093, 98
Trd, 4318919.693, 97
Trd, 4318921.993, 86
Trd, 4318922.093, 98
Trd, 4318923.993, 113
Trd, 4318926.793, 97
Trd, 4318927.993, 97
Trd, 4318928.393, 94
Trd, 4318929.943, 98
Trd, 4318931.443, 102
Trd, 4318933.043, 95
Trd, 4318934.843, 95
Trd, 4318935.343, 96
Trd, 4318938.093, 95
Trd, 4318940.043, 92
Trd, 4318940.093, 96
Trd, 4318940.743, 96
Trd, 4318943.743, 92
Trd, 4318945.793, 89
Trd, 4318947.193, 93
Trd, 4318948.093, 96
Trd, 4318948.443, 97
Trd, 4318948.693, 94
Trd, 4318949.443, 93
Trd, 4318952.793, 87
Trd, 4318953.193, 94
Trd, 4318955.643, 91
Trd, 4318956.493, 91
Trd, 4318956.943, 95
Trd, 4318959.493, 92
Trd, 4318959.743, 88
Trd, 4318961.593, 92
Trd, 4318962.493, 92
Trd, 4318962.993, 95
Trd, 4318963.843, 85
Trd, 4318964.793, 95
Trd, 4318965.793, 95
Trd, 4318966.343, 113
Trd, 4318967.293, 101
Trd, 4318969.093, 112
Trd, 4318969.443, 103
Trd, 4318969.843, 86
Trd, 4318973.493, 99
Trd, 4318973.793, 97
Trd, 4318974.093, 99
Trd, 4318976.443, 98
Trd, 4318978.993, 95
Trd, 4318980.043, 99
Trd, 4318980.343, 96
Trd, 4318982.993, 99
Trd, 4318983.643, 94
Trd, 4318985.143, 99
Trd, 4318986.043, 88
Trd, 4318986.943, 99
Trd, 4318987.993, 91
Trd, 4318988.093, 99
Trd, 4318990.743, 99
Trd, 4318990.943, 99
Trd, 4318992.143, 96
Trd, 4318993.943, 99
Trd, 4318994.293, 99
Trd, 4318995.543, 99
Trd, 4318995.693, 96
Trd, 4318996.043, 95
Trd, 4318997.093, 113
Trd, 4318997.593, 85
Trd, 4319000.743, 103
Trd, 4319001.093, 94
Trd, 4319003.893, 96
Trd, 4319004.743, 100
Trd, 4319004.843, 102
Trd, 4319009.093, 102
Trd, 4319009.443, 102
Trd, 4319010.743, 100
Trd, 4319013.043, 95
Trd, 4319013.843, 87
Trd, 4319015.993, 94
Trd, 4319019.693, 94
Trd, 4319019.793, 95
Trd, 4319020.193, 93
Trd, 4319020.843, 95
Trd, 4319024.043, 113
Trd, 4319024.193, 112
Trd, 4319025.193, 93
Trd, 4319025.643, 85
Trd, 4319028.243, 99
Trd, 4319030.193, 99
Trd, 4319030.943, 94
Trd, 4319033.793, 87
Trd, 4319036.343, 93
Trd, 4319036.743, 93
Trd, 4319037.743, 93
Trd, 4319040.193, 93
Trd, 4319042.093, 91
Trd, 4319043.743, 92
Trd, 4319043.993, 92
Trd, 4319044.293, 113
Trd, 4319045.793, 95
Trd, 4319047.443, 96
Trd, 4319047.843, 93
Trd, 4319048.593, 96
Trd, 4319050.193, 96
Trd, 4319052.193, 96
Trd, 4319052.643, 96
Trd, 4319053.593, 98
Trd, 4319053.943, 97
Trd, 4319055.043, 104
Trd, 4319057.693, 97
Trd, 4319058.643, 99
Trd, 4319059.743, 98
Trd, 4319062.643, 95
Trd, 4319063.343, 95
Trd, 4319063.543, 113
Trd, 4319066.043, 97
Trd, 4319068.293, 99
Trd, 4319069.793, 96
Trd, 4319069.943, 85
Trd, 4319069.993, 99
Trd, 4319073.543, 99
Trd, 4319075.293, 99
Trd, 4319077.043, 97
Trd, 4319079.243, 99
Trd, 4319079.293, 97
Trd, 4319080.493, 99
Trd, 4319081.993, 99
Trd, 4319082.143, 113
Trd, 4319083.043, 98
Trd, 4319084.693, 101
Trd, 4319086.043, 100
Trd, 4319086.893, 100
Trd, 4319088.843, 99
Trd, 4319090.443, 102
Trd, 4319090.643, 98
Trd, 4319091.793, 91
Trd, 4319092.343, 100
Trd, 4319093.693, 98
Trd, 4319093.993, 93
Trd, 4319095.243, 97
Trd, 4319095.293, 90
Trd, 4319097.143, 93
Trd, 4319097.293, 97
Trd, 4319100.943, 96
Trd, 4319102.893, 97
Trd, 4319103.543, 97
Trd, 4319104.393, 105
Trd, 4319104.643, 106
Trd, 4319106.393, 103
Trd, 4319107.843, 113
Trd, 4319109.493, 101
Trd, 4319110.493, 99
Trd, 4319113.343, 94
Trd, 4319113.393, 101
Trd, 4319115.393, 98
Trd, 4319115.693, 96
Trd, 4319115.793, 98
Trd, 4319116.443, 94
Trd, 4319119.993, 98
Trd, 4319122.543, 97
Trd, 4319122.593, 98
Trd, 4319124.143, 98
Trd, 4319124.493, 98
Trd, 4319125.393, 96
Trd, 4319128.793, 86
Trd, 4319130.543, 95
Trd, 4319131.693, 95
Trd, 4319133.693, 91
Trd, 4319135.393, 93
Trd, 4319135.543, 95
Trd, 4319135.943, 93
Trd, 4319135.993, 95
Trd, 4319137.893, 94
Trd, 4319139.943, 94
Trd, 4319140.443, 94
Trd, 4319143.293, 95
Trd, 4319144.243, 96
Trd, 4319144.293, 95
Trd, 4319145.943, 113
Trd, 4319146.493, 101
Trd, 4319146.643, 87
Trd, 4319149.193, 111
Trd, 4319150.443, 103
Trd, 4319151.843, 103
Trd, 4319153.993, 103
Trd, 4319154.443, 103
Trd, 4319156.343, 102
Trd, 4319157.993, 95
Trd, 4319158.343, 103
Trd, 4319158.893, 104
Trd, 4319161.993, 95
Trd, 4319162.393, 98
Trd, 4319163.543, 94
Trd, 4319164.443, 94
Trd, 4319165.043, 91
Trd, 4319166.343, 113
Trd, 4319168.593, 97
Trd, 4319169.343, 98
Trd, 4319171.043, 96
Trd, 4319171.543, 97
Trd, 4319173.443, 95
Trd, 4319177.493, 97
Trd, 4319178.293, 94
Trd, 4319179.093, 94
Trd, 4319179.243, 95
Trd, 4319179.693, 95
Trd, 4319179.943, 96
Trd, 4319180.493, 85
Trd, 4319181.293, 96
Trd, 4319182.043, 113
Trd, 4319185.693, 98
Trd, 4319185.743, 96
Trd, 4319186.093, 113
Trd, 4319188.443, 95
Trd, 4319190.393, 113
Trd, 4319192.793, 98
Trd, 4319194.043, 100
Trd, 4319196.543, 98
Trd, 4319197.343, 101
Trd, 4319197.793, 101
Trd, 4319202.393, 98
Trd, 4319203.893, 98
Trd, 4319205.443, 101
Trd, 4319205.743, 101
Trd, 4319206.493, 97
Trd, 4319208.593, 101
Trd, 4319209.293, 95
Trd, 4319213.343, 95
Trd, 4319213.543, 97
Trd, 4319215.693, 97
Trd, 4319217.193, 92
Trd, 4319218.343, 92
Trd, 4319218.743, 97
Trd, 4319220.693, 97
Trd, 4319221.193, 85
Trd, 4319221.843, 113
Trd, 4319225.293, 93
Trd, 4319225.643, 96
Trd, 4319225.893, 96
Trd, 4319227.743, 96
Trd, 4319230.443, 96
Trd, 4319232.593, 99
Trd, 4319232.793, 94
Trd, 4319234.893, 85
Trd, 4319235.143, 76
Trd, 4319235.543, 93
Trd, 4319237.793, 95
Trd, 4319238.243, 92
Trd, 4319238.393, 113
Trd, 4319240.343, 88
Trd, 4319241.793, 97
Trd, 4319242.393, 85
Trd, 4319244.093, 95
Trd, 4319247.593, 88
Trd, 4319248.143, 94
Trd, 4319248.343, 95
Trd, 4319248.943, 112
Trd, 4319253.843, 91
Trd, 4319254.143, 88
Trd, 4319254.793, 92
Trd, 4319256.043, 90
Trd, 4319256.443, 95
Trd, 4319258.343, 86
Trd, 4319258.893, 93
Trd, 4319259.543, 85
Trd, 4319259.793, 95
Trd, 4319262.843, 94
Trd, 4319263.543, 93
Trd, 4319265.393, 94
Trd, 4319266.343, 111
Trd, 4319267.193, 112
Trd, 4319268.293, 103
Trd, 4319268.343, 113
Trd, 4319270.843, 94
Trd, 4319272.693, 98
Trd, 4319273.193, 91
Trd, 4319273.243, 99
Trd, 4319273.893, 85
Trd, 4319274.293, 113
Trd, 4319275.143, 100
Trd, 4319277.443, 100
Trd, 4319277.843, 113
Trd, 4319278.343, 104
Trd, 4319279.393, 103
Trd, 4319281.843, 103
Trd, 4319283.443, 102
Trd, 4319284.343, 103
Trd, 4319284.493, 104
Trd, 4319285.443, 90
Trd, 4319286.093, 102
Trd, 4319287.093, 101
Trd, 4319289.293, 101
Trd, 4319290.293, 100
Trd, 4319291.493, 113
Trd, 4319292.843, 96
Trd, 4319293.643, 101
Trd, 4319294.293, 99
Trd, 4319296.293, 87
Trd, 4319297.593, 98
Trd, 4319297.743, 99
Trd, 4319300.443, 97
Trd, 4319300.743, 95
Trd, 4319302.643, 96
Trd, 4319303.293, 97
Trd, 4319303.643, 95
Trd, 4319304.093, 113
Trd, 4319304.293, 101
Trd, 4319305.393, 124
Trd, 4319307.593, 107
Trd, 4319309.493, 94
Trd, 4319311.493, 98
Trd, 4319311.793, 98
Trd, 4319312.093, 100
Trd, 4319315.093, 97
Trd, 4319316.493, 96
Trd, 4319317.343, 95
Trd, 4319317.893, 96
Trd, 4319317.993, 113
Trd, 4319318.943, 113
Trd, 4319318.993, 96
Trd, 4319320.893, 112
Trd, 4319321.393, 113
Trd, 4319321.943, 111
Trd, 4319322.543, 95
Trd, 4319325.743, 97
Trd, 4319326.643, 94
Trd, 4319326.743, 104
Trd, 4319329.643, 98
Trd, 4319330.093, 85
Trd, 4319330.643, 83
Trd, 4319332.243, 97
Trd, 4319334.293, 96
Trd, 4319336.393, 94
Trd, 4319337.043, 95
Trd, 4319337.543, 95
Trd, 4319337.743, 96
Trd, 4319339.443, 95
Trd, 4319340.343, 95
Trd, 4319341.493, 96
Trd, 4319342.293, 102
Trd, 4319343.193, 97
Trd, 4319343.993, 94
Trd, 4319345.493, 97
Trd, 4319346.493, 96
Trd, 4319347.043, 113
Trd, 4319347.743, 89
Trd, 4319350.193, 116
Trd, 4319351.543, 115
Trd, 4319352.243, 100
Trd, 4319353.093, 105
Trd, 4319354.743, 95
Trd, 4319355.693, 100
Trd, 4319358.393, 98
Trd, 4319358.593, 99
Trd, 4319360.643, 99
Trd, 4319361.293, 97
Trd, 4319361.993, 99
Trd, 4319362.843, 89
Trd, 4319363.643, 100
Trd, 4319368.343, 96
Trd, 4319368.943, 97
Trd, 4319369.043, 97
Trd, 4319369.143, 94
Trd, 4319369.993, 110
Trd, 4319371.043, 98
Trd, 4319373.693, 96
Trd, 4319374.193, 96
Trd, 4319377.543, 91
Trd, 4319378.943, 91
Trd, 4319380.293, 93
Trd, 4319381.093, 95
Trd, 4319382.993, 91
Trd, 4319383.343, 95
Trd, 4319383.793, 97
Trd, 4319384.093, 96
Trd, 4319385.143, 91
Trd, 4319387.293, 95
Trd, 4319388.893, 95
Trd, 4319390.343, 94
Trd, 4319391.193, 95
Trd, 4319392.893, 92
Trd, 4319393.743, 88
Trd, 4319395.093, 88
Trd, 4319396.993, 92
Trd, 4319397.143, 91
Trd, 4319397.543, 90
Trd, 4319400.443, 85
Trd, 4319401.343, 84
Trd, 4319402.193, 86
Trd, 4319403.793, 86
Trd, 4319406.593, 113
Trd, 4319406.893, 103
Trd, 4319407.493, 113
Trd, 4319408.193, 102
Trd, 4319408.293, 87
Trd, 4319408.993, 89
Trd, 4319411.093, 96
Trd, 4319413.693, 107
Trd, 4319414.443, 98
Trd, 4319414.593, 99
Trd, 4319414.743, 91
Trd, 4319416.343, 95
Trd, 4319417.893, 95
Trd, 4319419.193, 94
Trd, 4319419.343, 96
Trd, 4319420.743, 95
Trd, 4319423.593, 94
Trd, 4319424.193, 93
Trd, 4319425.293, 95
Trd, 4319426.893, 100
Trd, 4319429.243, 95
Trd, 4319429.543, 97
Trd, 4319433.393, 96
Trd, 4319434.543, 96
Trd, 4319435.643, 85
Trd, 4319436.943, 90
Trd, 4319437.343, 96
Trd, 4319440.443, 96
Trd, 4319440.893, 96
Trd, 4319440.943, 94
Trd, 4319443.193, 96
Trd, 4319443.793, 86
Trd, 4319445.393, 95
Trd, 4319446.043, 96
Trd, 4319446.693, 94
Trd, 4319449.593, 95
Trd, 4319450.293, 87
Trd, 4319451.093, 92
Trd, 4319451.843, 96
Trd, 4319452.043, 91
Trd, 4319452.443, 96
Trd, 4319452.993, 95
Trd, 4319456.543, 94
Trd, 4319456.793, 95
Trd, 4319458.843, 85
Trd, 4319458.943, 95
Trd, 4319460.643, 91
Trd, 4319461.693, 93
Trd, 4319462.743, 111
Trd, 4319463.143, 103
Trd, 4319464.043, 101
Trd, 4319465.143, 113
Trd, 4319466.493, 113
Trd, 4319468.593, 85
Trd, 4319470.593, 98
Trd, 4319470.743, 96
Trd, 4319474.493, 100
Trd, 4319475.343, 101
Trd, 4319476.493, 97
Trd, 4319477.293, 100
Trd, 4319477.393, 98
Trd, 4319479.693, 86
Trd, 4319480.943, 99
Trd, 4319483.193, 90
Trd, 4319485.343, 95
Trd, 4319486.643, 95
Trd, 4319487.843, 95
Trd, 4319488.143, 94
Trd, 4319488.543, 95
Trd, 4319489.243, 93
Trd, 4319489.543, 131
Trd, 4319492.593, 102
Trd, 4319493.643, 101
Trd, 4319494.393, 95
Trd, 4319495.093, 102
Trd, 4319498.743, 102
Trd, 4319500.043, 100
Trd, 4319501.043, 102
Trd, 4319503.543, 98
Trd, 4319503.643, 85
Trd, 4319505.493, 102
Trd, 4319506.743, 102
Trd, 4319507.843, 102
Trd, 4319508.293, 99
Trd, 4319508.343, 97
Trd, 4319511.993, 102
Trd, 4319512.643, 102
Trd, 4319512.843, 97
Trd, 4319513.693, 97
Trd, 4319516.793, 102
Trd, 4319519.043, 99
Trd, 4319520.443, 102
Trd, 4319521.293, 100
Trd, 4319522.193, 102
Trd, 4319522.593, 97
Trd, 4319524.793, 93
Trd, 4319525.093, 100
Trd, 4319526.443, 100
Trd, 4319527.893, 100
Trd, 4319528.693, 93
Trd, 4319531.343, 97
Trd, 4319533.393, 99
Trd, 4319534.243, 98
Trd, 4319534.393, 102
Trd, 4319534.943, 95
Trd, 4319536.843, 97
Trd, 4319538.693, 97
Trd, 4319539.643, 113
Trd, 4319539.993, 96
Trd, 4319540.293, 100
Trd, 4319544.293, 100
Trd, 4319545.143, 99
Trd, 4319546.443, 98
Trd, 4319546.643, 87
Trd, 4319547.493, 89
Trd, 4319548.093, 113
Trd, 4319549.843, 95
Trd, 4319550.443, 94
Trd, 4319550.793, 99
Trd, 4319556.093, 98
Trd, 4319556.843, 96
Trd, 4319557.093, 99
Trd, 4319557.993, 98
Trd, 4319560.643, 98
Trd, 4319561.743, 98
Trd, 4319562.193, 95
Trd, 4319563.493, 97
Trd, 4319563.543, 113
Trd, 4319564.443, 94
Trd, 4319567.093, 101
Trd, 4319567.193, 101
Trd, 4319571.443, 101
Trd, 4319573.093, 101
Trd, 4319573.993, 100
Trd, 4319574.443, 100
Trd, 4319574.643, 101
Trd, 4319578.843, 100
Trd, 4319580.443, 101
Trd, 4319581.043, 99
Trd, 4319582.393, 101
Trd, 4319584.143, 101
Trd, 4319585.543, 91
Trd, 4319586.643, 86
Trd, 4319587.593, 101
Trd, 4319588.593, 101
Trd, 4319588.743, 101
Trd, 4319592.243, 90
Trd, 4319592.343, 99
Trd, 4319592.843, 99
Trd, 4319593.893, 99
Trd, 4319594.893, 113
Trd, 4319595.143, 86
Trd, 4319599.743, 100
Trd, 4319601.243, 101
Trd, 4319602.293, 95
Trd, 4319604.543, 99
Trd, 4319605.993, 98
Trd, 4319608.543, 101
Trd, 4319609.593, 101
Trd, 4319611.143, 101
Trd, 4319612.843, 99
Trd, 4319615.693, 98
Trd, 4319615.943, 91
Trd, 4319616.543, 94
Trd, 4319617.243, 94
Trd, 4319619.293, 94
Trd, 4319620.043, 94
Trd, 4319620.893, 94
Trd, 4319622.293, 96
Trd, 4319623.493, 93
Trd, 4319627.393, 96
Trd, 4319627.593, 96
Trd, 4319627.843, 96
Trd, 4319628.993, 91
Trd, 4319630.393, 89
Trd, 4319631.643, 92
Trd, 4319633.043, 94
Trd, 4319633.593, 113
Trd, 4319633.693, 101
Trd, 4319634.243, 102
Trd, 4319634.793, 113
Trd, 4319636.343, 101
Trd, 4319638.743, 102
Trd, 4319640.093, 95
Trd, 4319642.843, 101
Trd, 4319644.593, 97
Trd, 4319645.593, 97
Trd, 4319647.243, 93
Trd, 4319648.193, 97
Trd, 4319649.193, 97
Trd, 4319649.693, 87
Trd, 4319650.093, 94
Trd, 4319651.993, 93
Trd, 4319652.943, 95
Trd, 4319654.593, 95
Trd, 4319655.043, 96
Trd, 4319656.893, 95
Trd, 4319658.943, 95
Trd, 4319659.393, 94
Trd, 4319660.793, 91
Trd, 4319662.293, 95
Trd, 4319662.843, 95
Trd, 4319663.093, 95
Trd, 4319665.393, 95
Trd, 4319665.443, 101
Trd, 4319668.043, 101
Trd, 4319668.343, 102
Trd, 4319669.543, 98
Trd, 4319670.643, 100
Trd, 4319671.193, 97
Trd, 4319672.893, 97
Trd, 4319674.693, 97
Trd, 4319674.993, 96
Trd, 4319675.993, 93
Trd, 4319676.293, 93
Trd, 4319677.393, 96
Trd, 4319680.043, 94
Trd, 4319680.743, 93
Trd, 4319681.243, 95
Trd, 4319681.643, 113
Trd, 4319684.393, 92
Trd, 4319684.543, 90
Trd, 4319684.743, 97
Trd, 4319686.793, 95
Trd, 4319688.293, 95
Trd, 4319688.593, 86
Trd, 4319690.543, 95
Trd, 4319691.593, 92
Trd, 4319691.843, 92
Trd, 4319693.793, 95
Trd, 4319694.843, 92
Trd, 4319696.793, 95
Trd, 4319697.643, 95
Trd, 4319698.793, 93
Trd, 4319700.943, 94
Trd, 4319701.043, 95
Trd, 4319702.493, 95
Trd, 4319703.243, 95
Trd, 4319705.993, 95
Trd, 4319706.093, 95
Trd, 4319707.993, 94
Trd, 4319709.943, 94
Trd, 4319709.993, 93
Trd, 4319710.293, 95
Trd, 4319712.993, 86
Trd, 4319714.493, 93
Trd, 4319715.593, 93
Trd, 4319716.693, 113
Trd, 4319717.143, 91
Trd, 4319720.093, 97
Trd, 4319720.993, 94
Trd, 4319721.443, 96
Trd, 4319721.993, 95
Trd, 4319722.693, 85
Trd, 4319723.543, 96
Trd, 4319726.993, 97
Trd, 4319727.243, 87
Trd, 4319729.293, 94
Trd, 4319730.143, 95
Trd, 4319730.643, 93
Trd, 4319732.843, 95
Trd, 4319734.243, 95
Trd, 4319734.643, 97
Trd, 4319734.743, 93
Trd, 4319734.943, 85
Trd, 4319736.393, 94
Trd, 4319738.343, 96
Trd, 4319739.193, 93
Trd, 4319739.543, 95
Trd, 4319740.393, 113
Trd, 4319744.443, 97
Trd, 4319744.593, 97
Trd, 4319745.193, 113
Trd, 4319745.543, 100
Trd, 4319745.643, 96
Trd, 4319746.093, 84
Trd, 4319749.143, 87
Trd, 4319749.493, 99
Trd, 4319750.893, 85
Trd, 4319752.893, 91
Trd, 4319753.343, 90
Trd, 4319755.043, 95
Trd, 4319756.193, 99
Trd, 4319756.743, 100
Trd, 4319756.843, 85
Trd, 4319759.293, 95
Trd, 4319760.293, 85
Trd, 4319761.543, 95
Trd, 4319762.543, 93
Trd, 4319764.343, 94
Trd, 4319765.543, 95
Trd, 4319766.093, 94
Trd, 4319768.693, 95
Trd, 4319769.593, 93
Trd, 4319772.193, 95
Trd, 4319772.293, 95
Trd, 4319772.643, 93
Trd, 4319772.793, 113
Trd, 4319774.743, 113
Trd, 4319777.743, 91
Trd, 4319777.893, 96
Trd, 4319780.843, 96
Trd, 4319781.293, 96
Trd, 4319783.343, 86
Trd, 4319784.493, 95
Trd, 4319785.543, 91
Trd, 4319785.993, 93
Trd, 4319787.543, 92
Trd, 4319789.243, 95
Trd, 4319789.543, 90
Trd, 4319790.793, 93
Trd, 4319791.643, 104
Trd, 4319794.493, 96
Trd, 4319794.943, 97
Trd, 4319795.593, 113
Trd, 4319796.843, 97
Trd, 4319798.493, 99
Trd, 4319798.693, 113
Trd, 4319799.293, 85
Trd, 4319801.193, 76
Trd, 4319802.943, 90
Trd, 4319803.643, 90
Trd, 4319804.293, 96
Trd, 4319806.343, 92
Trd, 4319807.493, 93
Trd, 4319809.243, 113
Trd, 4319809.993, 103
Trd, 4319810.343, 105
Trd, 4319813.043, 104
Trd, 4319814.393, 100
Trd, 4319814.543, 98
Trd, 4319817.193, 99
Trd, 4319817.393, 93
Trd, 4319820.393, 100
Trd, 4319821.593, 98
Trd, 4319822.243, 100
Trd, 4319823.293, 98
Trd, 4319824.093, 98
Trd, 4319824.193, 85
Trd, 4319824.743, 85
Trd, 4319826.093, 74
Trd, 4319828.243, 98
Trd, 4319828.643, 98
Trd, 4319830.943, 98
Trd, 4319831.193, 98
Trd, 4319832.293, 98
Trd, 4319832.593, 113
Trd, 4319833.493, 88
Trd, 4319834.993, 89
Trd, 4319836.343, 98
Trd, 4319838.893, 94
Trd, 4319839.593, 93
Trd, 4319840.243, 94
Trd, 4319841.793, 113
Trd, 4319843.593, 94
Trd, 4319844.593, 96
Trd, 4319845.143, 97
Trd, 4319846.993, 85
Trd, 4319848.193, 96
Trd, 4319849.793, 96
Trd, 4319851.843, 96
Trd, 4319852.893, 85
Trd, 4319853.643, 96
Trd, 4319854.093, 96
Trd, 4319854.443, 88
Trd, 4319856.743, 96
Trd, 4319857.193, 96
Trd, 4319859.443, 112
Trd, 4319859.543, 111
Trd, 4319860.093, 107
Trd, 4319861.243, 113
Trd, 4319862.143, 103
Trd, 4319863.943, 106
Trd, 4319866.893, 105
Trd, 4319868.093, 88
Trd, 4319869.293, 103
Trd, 4319871.893, 99
Trd, 4319872.293, 103
Trd, 4319873.443, 103
Trd, 4319874.643, 103
Trd, 4319875.193, 101
Trd, 4319877.443, 103
Trd, 4319878.143, 101
Trd, 4319878.293, 91
Trd, 4319882.193, 87
Trd, 4319882.793, 94
Trd, 4319883.643, 94
Trd, 4319884.693, 95
Trd, 4319885.293, 100
Trd, 4319886.093, 97
Trd, 4319887.843, 114
Trd, 4319888.743, 113
Trd, 4319889.143, 113
Trd, 4319890.043, 103
Trd, 4319890.393, 113
Trd, 4319891.693, 107
Trd, 4319892.743, 102
Trd, 4319894.793, 100
Trd, 4319895.293, 86
Trd, 4319895.643, 99
Trd, 4319897.393, 97
Trd, 4319900.093, 97
Trd, 4319901.943, 98
Trd, 4319903.043, 85
Trd, 4319903.243, 98
Trd, 4319903.843, 98
Trd, 4319906.543, 96
Trd, 4319907.043, 98
Trd, 4319910.043, 97
Trd, 4319911.693, 101
Trd, 4319912.043, 98
Trd, 4319913.343, 95
Trd, 4319913.693, 96
Trd, 4319915.093, 102
Trd, 4319916.043, 85
Trd, 4319917.543, 97
Trd, 4319918.343, 95
Trd, 4319918.993, 97
Trd, 4319920.943, 99
Trd, 4319921.793, 95
Trd, 4319921.893, 97
Trd, 4319924.843, 97
Trd, 4319925.643, 97
Trd, 4319926.143, 96
Trd, 4319927.293, 112
Trd, 4319929.643, 93
Trd, 4319931.293, 96
Trd, 4319931.943, 99
Trd, 4319935.293, 97
Trd, 4319936.493, 97
Trd, 4319937.043, 96
Trd, 4319939.093, 98
Trd, 4319940.443, 95
Trd, 4319941.443, 86
Trd, 4319942.493, 95
Trd, 4319946.293, 95
Trd, 4319946.393, 92
Trd, 4319946.493, 85
Trd, 4319947.543, 95
Trd, 4319948.243, 95
Trd, 4319948.843, 73
Trd, 4319949.293, 84
Trd, 4319951.193, 95
Trd, 4319951.293, 72
Trd, 4319952.343, 94
Trd, 4319952.943, 91
Trd, 4319954.093, 95
Trd, 4319956.743, 95
Trd, 4319957.093, 95
Trd, 4319958.193, 75
Trd, 4319958.893, 87
Trd, 4319960.743, 95
Trd, 4319960.993, 113
Trd, 4319962.643, 93
Trd, 4319962.743, 93
Trd, 4319963.693, 92
Trd, 4319965.193, 95
Trd, 4319965.293, 113
Trd, 4319966.093, 112
Trd, 4319966.643, 104
Trd, 4319968.093, 100
Trd, 4319969.393, 99
Trd, 4319973.943, 87
Trd, 4319974.193, 89
Trd, 4319974.693, 98
Trd, 4319977.043, 96
Trd, 4319977.143, 91
Trd, 4319978.443, 85
Trd, 4319981.293, 88
Trd, 4319981.343, 94
Trd, 4319984.143, 93
Trd, 4319985.143, 93
Trd, 4319985.293, 91
Trd, 4319987.893, 95
Trd, 4319988.243, 94
Trd, 4319988.943, 86
Trd, 4319989.593, 71
Trd, 4319990.243, 94
Trd, 4319991.743, 84
Trd, 4319993.943, 91
Trd, 4319996.443, 94
Trd, 4319996.493, 95
Trd, 4319997.193, 94
Trd, 4319997.943, 95
Trd, 4319999.393, 113
Trd, 4319999.893, 93
