Trd, 4317864.743, 96
Trd, 4317864.943, 96
Trd, 4317865.993, 95
Trd, 4317866.743, 95
Trd, 4317868.443, 95
Trd, 4317869.593, 95
Trd, 4317873.243, 95
Trd, 4317874.093, 94
Trd, 4317875.393, 96
Trd, 4317876.143, 96
Trd, 4317877.343, 95
Trd, 4317878.093, 96
Trd, 4317880.193, 95
Trd, 4317880.343, 95
Trd, 4317883.143, 95
Trd, 4317883.743, 95
Trd, 4317883.843, 94
Trd, 4317886.743, 98
Trd, 4317887.393, 99
Trd, 4317888.493, 95
Trd, 4317889.193, 95
Trd, 4317891.393, 95
Trd, 4317891.593, 93
Trd, 4317892.343, 93
Trd, 4317896.493, 96
Trd, 4317897.543, 97
Trd, 4317898.643, 95
Trd, 4317899.143, 96
Trd, 4317901.893, 103
Trd, 4317902.343, 101
Trd, 4317904.393, 101
Trd, 4317905.343, 101
Trd, 4317906.443, 101
Trd, 4317906.693, 100
Trd, 4317908.843, 99
Trd, 4317909.043, 99
Trd, 4317910.593, 99
Trd, 4317911.543, 98
Trd, 4317913.743, 97
Trd, 4317914.143, 97
Trd, 4317917.493, 97
Trd, 4317918.793, 95
Trd, 4317919.693, 96
Trd, 4317920.743, 97
Trd, 4317923.793, 96
Trd, 4317926.143, 95
Trd, 4317926.593, 97
Trd, 4317927.793, 95
Trd, 4317929.093, 96
Trd, 4317929.243, 95
Trd, 4317929.543, 96
Trd, 4317931.793, 94
Trd, 4317933.193, 93
Trd, 4317934.293, 94
Trd, 4317934.593, 93
Trd, 4317935.043, 92
Trd, 4317936.543, 92
Trd, 4317938.543, 93
Trd, 4317941.093, 94
Trd, 4317943.793, 99
Trd, 4317944.243, 99
Trd, 4317946.043, 98
Trd, 4317946.943, 97
Trd, 4317947.593, 96
Trd, 4317948.693, 97
Trd, 4317950.443, 96
Trd, 4317951.793, 95
Trd, 4317951.993, 95
Trd, 4317954.193, 94
Trd, 4317957.493, 97
Trd, 4317958.043, 96
Trd, 4317958.143, 96
Trd, 4317959.443, 96
Trd, 4317960.543, 98
Trd, 4317961.493, 97
Trd, 4317965.143, 97
Trd, 4317965.543, 96
Trd, 4317965.743, 96
Trd, 4317967.793, 98
Trd, 4317968.993, 98
Trd, 4317970.093, 98
Trd, 4317972.093, 95
Trd, 4317973.293, 97
Trd, 4317974.643, 96
Trd, 4317976.993, 96
Trd, 4317977.393, 95
Trd, 4317977.893, 96
Trd, 4317981.093, 95
Trd, 4317982.693, 96
Trd, 4317985.043, 96
Trd, 4317985.693, 95
Trd, 4317986.793, 95
Trd, 4317987.543, 94
Trd, 4317988.643, 94
Trd, 4317990.193, 94
Trd, 4317990.543, 95
Trd, 4317992.643, 94
Trd, 4317993.193, 95
Trd, 4317995.243, 96
Trd, 4317997.443, 96
Trd, 4317997.693, 96
Trd, 4317999.243, 98
Trd, 4318001.293, 95
Trd, 4318001.543, 95
Trd, 4318003.743, 95
Trd, 4318006.493, 95
Trd, 4318006.543, 94
Trd, 4318008.443, 95
Trd, 4318009.493, 95
Trd, 4318010.993, 97
Trd, 4318011.493, 98
Trd, 4318011.843, 95
Trd, 4318012.543, 98
Trd, 4318014.593, 96
Trd, 4318015.893, 97
Trd, 4318019.243, 98
Trd, 4318021.443, 98
Trd, 4318022.843, 98
Trd, 4318024.243, 97
Trd, 4318025.893, 98
Trd, 4318026.143, 98
Trd, 4318027.243, 98
Trd, 4318027.393, 97
Trd, 4318030.293, 91
Trd, 4318030.643, 95
Trd, 4318031.743, 95
Trd, 4318033.043, 95
Trd, 4318035.793, 95
Trd, 4318037.993, 94
Trd, 4318038.493, 95
Trd, 4318039.243, 95
Trd, 4318040.393, 95
Trd, 4318042.493, 95
Trd, 4318044.543, 95
Trd, 4318044.593, 96
Trd, 4318045.043, 95
Trd, 4318047.843, 96
Trd, 4318049.593, 96
Trd, 4318050.043, 95
Trd, 4318050.843, 95
Trd, 4318052.493, 95
Trd, 4318052.893, 94
Trd, 4318053.893, 95
Trd, 4318057.243, 94
Trd, 4318057.443, 93
Trd, 4318059.143, 93
Trd, 4318059.243, 93
Trd, 4318060.493, 93
Trd, 4318060.593, 92
Trd, 4318062.693, 95
Trd, 4318063.693, 97
Trd, 4318065.143, 96
Trd, 4318067.393, 97
Trd, 4318068.843, 96
Trd, 4318069.793, 95
Trd, 4318072.793, 97
Trd, 4318073.543, 98
Trd, 4318075.943, 97
Trd, 4318077.993, 97
Trd, 4318078.943, 96
Trd, 4318079.243, 96
Trd, 4318080.943, 95
Trd, 4318081.143, 96
Trd, 4318082.143, 96
Trd, 4318084.643, 96
Trd, 4318085.893, 96
Trd, 4318086.293, 95
Trd, 4318087.793, 95
Trd, 4318088.693, 96
Trd, 4318089.093, 94
Trd, 4318090.593, 95
Trd, 4318092.743, 95
Trd, 4318093.393, 95
Trd, 4318095.793, 95
Trd, 4318097.793, 95
Trd, 4318099.343, 95
Trd, 4318100.943, 94
Trd, 4318102.393, 95
Trd, 4318103.893, 95
Trd, 4318105.593, 95
Trd, 4318106.093, 95
Trd, 4318107.443, 94
Trd, 4318108.243, 95
Trd, 4318108.843, 93
Trd, 4318109.593, 94
Trd, 4318112.893, 94
Trd, 4318115.043, 92
Trd, 4318116.393, 95
Trd, 4318116.543, 94
Trd, 4318117.893, 94
Trd, 4318121.943, 93
Trd, 4318124.043, 94
Trd, 4318125.493, 94
Trd, 4318126.593, 93
Trd, 4318127.843, 93
Trd, 4318129.643, 94
Trd, 4318131.143, 95
Trd, 4318132.043, 96
Trd, 4318132.243, 94
Trd, 4318133.943, 97
Trd, 4318134.793, 97
Trd, 4318137.143, 95
Trd, 4318137.693, 95
Trd, 4318138.793, 98
Trd, 4318139.043, 95
Trd, 4318141.393, 89
Trd, 4318142.993, 92
Trd, 4318144.693, 93
Trd, 4318145.443, 92
Trd, 4318145.993, 94
Trd, 4318146.793, 95
Trd, 4318148.193, 95
Trd, 4318148.793, 94
Trd, 4318150.193, 94
Trd, 4318151.843, 94
Trd, 4318153.193, 95
Trd, 4318153.443, 95
Trd, 4318156.593, 95
Trd, 4318156.893, 96
Trd, 4318157.443, 94
Trd, 4318158.243, 95
Trd, 4318159.093, 95
Trd, 4318161.443, 94
Trd, 4318162.393, 96
Trd, 4318165.393, 99
Trd, 4318166.343, 98
Trd, 4318167.193, 98
Trd, 4318168.643, 97
Trd, 4318169.743, 97
Trd, 4318170.143, 98
Trd, 4318172.043, 97
Trd, 4318172.993, 96
Trd, 4318173.593, 93
Trd, 4318174.343, 87
Trd, 4318177.293, 87
Trd, 4318177.493, 86
Trd, 4318178.793, 87
Trd, 4318180.843, 90
Trd, 4318181.443, 89
Trd, 4318182.243, 89
Trd, 4318183.193, 95
Trd, 4318184.043, 95
Trd, 4318185.343, 93
Trd, 4318187.443, 95
Trd, 4318187.893, 94
Trd, 4318188.693, 93
Trd, 4318192.593, 94
Trd, 4318193.843, 93
Trd, 4318194.343, 94
Trd, 4318194.943, 93
Trd, 4318196.443, 92
Trd, 4318199.093, 93
Trd, 4318199.493, 94
Trd, 4318200.843, 94
Trd, 4318201.693, 95
Trd, 4318205.293, 99
Trd, 4318205.743, 98
Trd, 4318206.543, 97
Trd, 4318207.043, 96
Trd, 4318210.443, 96
Trd, 4318211.793, 96
Trd, 4318211.993, 96
Trd, 4318212.393, 96
Trd, 4318213.593, 87
Trd, 4318214.043, 92
Trd, 4318215.343, 93
Trd, 4318218.943, 95
Trd, 4318219.443, 95
Trd, 4318220.543, 95
Trd, 4318223.143, 97
Trd, 4318223.293, 96
Trd, 4318223.993, 96
Trd, 4318225.843, 95
Trd, 4318228.143, 96
Trd, 4318230.343, 95
Trd, 4318230.993, 95
Trd, 4318231.143, 94
Trd, 4318232.343, 95
Trd, 4318234.193, 95
Trd, 4318234.293, 94
Trd, 4318235.693, 94
Trd, 4318235.843, 86
Trd, 4318238.693, 94
Trd, 4318239.093, 92
Trd, 4318240.693, 93
Trd, 4318241.893, 93
Trd, 4318242.743, 93
Trd, 4318244.443, 93
Trd, 4318247.793, 96
Trd, 4318248.843, 97
Trd, 4318251.843, 98
Trd, 4318252.243, 97
Trd, 4318252.443, 96
Trd, 4318254.343, 97
Trd, 4318255.143, 95
Trd, 4318257.993, 96
Trd, 4318259.243, 96
Trd, 4318260.443, 96
Trd, 4318262.443, 97
Trd, 4318262.593, 96
Trd, 4318264.643, 97
Trd, 4318266.243, 96
Trd, 4318268.343, 95
Trd, 4318268.443, 95
Trd, 4318270.093, 95
Trd, 4318270.293, 94
Trd, 4318271.543, 95
Trd, 4318273.643, 97
Trd, 4318275.093, 97
Trd, 4318277.143, 97
Trd, 4318278.393, 99
Trd, 4318279.393, 96
Trd, 4318280.393, 96
Trd, 4318280.893, 96
Trd, 4318281.643, 95
Trd, 4318284.843, 90
Trd, 4318286.243, 93
Trd, 4318289.443, 92
Trd, 4318289.593, 92
Trd, 4318289.643, 91
Trd, 4318291.793, 91
Trd, 4318292.843, 91
Trd, 4318294.693, 93
Trd, 4318295.693, 95
Trd, 4318296.493, 96
Trd, 4318297.393, 96
Trd, 4318298.043, 95
Trd, 4318300.443, 100
Trd, 4318300.793, 99
Trd, 4318304.343, 98
Trd, 4318304.643, 98
Trd, 4318305.443, 96
Trd, 4318307.293, 97
Trd, 4318308.693, 97
Trd, 4318310.943, 98
Trd, 4318311.393, 97
Trd, 4318311.743, 95
Trd, 4318313.943, 95
Trd, 4318315.393, 94
Trd, 4318317.593, 95
Trd, 4318317.943, 94
Trd, 4318318.443, 94
Trd, 4318319.593, 94
Trd, 4318320.793, 95
Trd, 4318324.343, 94
Trd, 4318325.043, 92
Trd, 4318325.893, 93
Trd, 4318327.893, 94
Trd, 4318328.493, 98
Trd, 4318329.293, 97
Trd, 4318333.043, 96
Trd, 4318333.543, 96
Trd, 4318334.743, 95
Trd, 4318335.943, 96
Trd, 4318338.593, 95
Trd, 4318338.793, 94
Trd, 4318339.943, 96
Trd, 4318341.143, 96
Trd, 4318342.493, 95
Trd, 4318344.643, 95
Trd, 4318345.043, 95
Trd, 4318346.343, 96
Trd, 4318349.143, 95
Trd, 4318349.293, 94
Trd, 4318350.793, 94
Trd, 4318351.693, 95
Trd, 4318352.893, 95
Trd, 4318354.243, 95
Trd, 4318356.543, 94
Trd, 4318357.093, 96
Trd, 4318358.343, 95
Trd, 4318359.643, 94
Trd, 4318362.443, 95
Trd, 4318362.593, 94
Trd, 4318363.843, 96
Trd, 4318365.493, 98
Trd, 4318366.743, 95
Trd, 4318366.793, 94
Trd, 4318368.443, 95
Trd, 4318368.743, 95
Trd, 4318370.143, 96
Trd, 4318371.793, 95
Trd, 4318374.893, 95
Trd, 4318375.143, 95
Trd, 4318375.943, 96
Trd, 4318377.043, 96
Trd, 4318379.593, 95
Trd, 4318379.943, 94
Trd, 4318381.243, 97
Trd, 4318382.893, 96
Trd, 4318383.193, 97
Trd, 4318384.943, 96
Trd, 4318385.143, 97
Trd, 4318387.493, 95
Trd, 4318388.143, 95
Trd, 4318389.543, 95
Trd, 4318389.743, 96
Trd, 4318391.793, 95
Trd, 4318392.793, 94
Trd, 4318393.993, 95
Trd, 4318395.843, 94
Trd, 4318396.493, 94
Trd, 4318397.043, 93
Trd, 4318399.243, 94
Trd, 4318402.293, 97
Trd, 4318404.093, 97
Trd, 4318404.193, 96
Trd, 4318404.793, 97
Trd, 4318405.993, 97
Trd, 4318406.993, 96
Trd, 4318408.643, 96
Trd, 4318409.093, 97
Trd, 4318409.493, 97
Trd, 4318409.993, 95
Trd, 4318410.593, 94
Trd, 4318412.493, 96
Trd, 4318414.493, 96
Trd, 4318415.243, 95
Trd, 4318416.193, 95
Trd, 4318416.943, 94
Trd, 4318418.993, 96
Trd, 4318420.093, 96
Trd, 4318420.243, 95
Trd, 4318422.893, 96
Trd, 4318424.443, 95
Trd, 4318426.193, 95
Trd, 4318426.643, 95
Trd, 4318428.543, 96
Trd, 4318428.793, 95
Trd, 4318430.593, 95
Trd, 4318430.893, 94
Trd, 4318433.843, 93
Trd, 4318434.593, 89
Trd, 4318434.993, 89
Trd, 4318436.043, 89
Trd, 4318436.793, 88
Trd, 4318437.343, 89
Trd, 4318439.843, 98
Trd, 4318441.393, 99
Trd, 4318443.043, 100
Trd, 4318443.193, 98
Trd, 4318444.093, 98
Trd, 4318445.393, 96
Trd, 4318448.043, 97
Trd, 4318450.293, 97
Trd, 4318451.643, 96
Trd, 4318454.593, 97
Trd, 4318455.093, 97
Trd, 4318455.843, 96
Trd, 4318459.943, 96
Trd, 4318460.793, 97
Trd, 4318462.593, 97
Trd, 4318464.793, 95
Trd, 4318465.793, 95
Trd, 4318467.393, 96
Trd, 4318467.643, 95
Trd, 4318468.293, 95
Trd, 4318468.943, 94
Trd, 4318471.393, 95
Trd, 4318472.543, 96
Trd, 4318473.893, 95
Trd, 4318474.193, 95
Trd, 4318475.243, 92
Trd, 4318477.443, 93
Trd, 4318477.793, 93
Trd, 4318478.143, 92
Trd, 4318480.843, 92
Trd, 4318482.393, 94
Trd, 4318484.593, 92
Trd, 4318485.943, 93
Trd, 4318487.693, 97
Trd, 4318489.043, 97
Trd, 4318489.693, 96
Trd, 4318489.993, 95
Trd, 4318490.793, 87
Trd, 4318492.143, 86
Trd, 4318493.843, 88
Trd, 4318496.293, 89
Trd, 4318497.993, 92
Trd, 4318498.143, 91
Trd, 4318500.993, 93
Trd, 4318503.643, 94
Trd, 4318504.193, 93
Trd, 4318504.543, 93
Trd, 4318506.693, 95
Trd, 4318507.693, 95
Trd, 4318508.443, 97
Trd, 4318509.593, 96
Trd, 4318510.293, 96
Trd, 4318512.043, 95
Trd, 4318513.693, 100
Trd, 4318514.843, 100
Trd, 4318515.443, 99
Trd, 4318515.593, 98
Trd, 4318518.743, 99
Trd, 4318520.593, 98
Trd, 4318521.043, 97
Trd, 4318521.593, 98
Trd, 4318521.693, 97
Trd, 4318522.443, 97
Trd, 4318524.843, 88
Trd, 4318525.743, 93
Trd, 4318529.893, 93
Trd, 4318529.993, 92
Trd, 4318531.243, 94
Trd, 4318532.593, 93
Trd, 4318532.743, 93
Trd, 4318534.843, 93
Trd, 4318536.443, 93
Trd, 4318537.493, 92
Trd, 4318538.393, 95
Trd, 4318539.143, 95
Trd, 4318542.643, 98
Trd, 4318544.443, 100
Trd, 4318546.043, 97
Trd, 4318546.993, 100
Trd, 4318548.193, 100
Trd, 4318550.293, 99
Trd, 4318551.693, 100
Trd, 4318552.193, 99
Trd, 4318553.293, 99
Trd, 4318553.643, 99
Trd, 4318556.293, 94
Trd, 4318556.993, 88
Trd, 4318557.843, 94
Trd, 4318559.993, 97
Trd, 4318561.243, 95
Trd, 4318562.243, 95
Trd, 4318562.743, 94
Trd, 4318564.593, 93
Trd, 4318565.743, 94
Trd, 4318567.393, 94
Trd, 4318569.793, 93
Trd, 4318571.393, 92
Trd, 4318574.543, 93
Trd, 4318577.293, 93
Trd, 4318578.793, 94
Trd, 4318578.943, 93
Trd, 4318582.693, 94
Trd, 4318582.943, 93
Trd, 4318584.893, 93
Trd, 4318587.593, 99
Trd, 4318587.643, 98
Trd, 4318588.093, 96
Trd, 4318588.543, 96
Trd, 4318590.593, 95
Trd, 4318592.793, 97
Trd, 4318594.093, 96
Trd, 4318594.693, 95
Trd, 4318595.593, 96
Trd, 4318598.193, 95
Trd, 4318600.643, 94
Trd, 4318601.493, 95
Trd, 4318602.643, 95
Trd, 4318603.693, 96
Trd, 4318603.943, 94
Trd, 4318606.493, 96
Trd, 4318607.743, 96
Trd, 4318609.143, 95
Trd, 4318609.593, 95
Trd, 4318612.443, 94
Trd, 4318613.543, 95
Trd, 4318614.243, 95
Trd, 4318615.843, 94
Trd, 4318618.743, 94
Trd, 4318619.243, 94
Trd, 4318620.143, 95
Trd, 4318620.743, 94
Trd, 4318621.793, 94
Trd, 4318622.043, 93
Trd, 4318624.793, 95
Trd, 4318628.093, 94
Trd, 4318628.693, 94
Trd, 4318629.143, 93
Trd, 4318630.293, 92
Trd, 4318631.343, 87
Trd, 4318632.243, 89
Trd, 4318633.293, 90
Trd, 4318635.243, 89
Trd, 4318637.143, 90
Trd, 4318638.443, 89
Trd, 4318638.643, 88
Trd, 4318640.443, 88
Trd, 4318641.643, 90
Trd, 4318642.843, 89
Trd, 4318644.443, 90
Trd, 4318647.493, 91
Trd, 4318649.243, 93
Trd, 4318650.393, 95
Trd, 4318652.493, 97
Trd, 4318653.493, 96
Trd, 4318654.193, 95
Trd, 4318654.493, 93
Trd, 4318656.143, 94
Trd, 4318656.293, 95
Trd, 4318656.793, 94
Trd, 4318659.843, 95
Trd, 4318663.543, 95
Trd, 4318664.193, 94
Trd, 4318664.843, 94
Trd, 4318664.993, 95
Trd, 4318667.993, 93
Trd, 4318668.393, 94
Trd, 4318668.993, 93
Trd, 4318669.793, 93
Trd, 4318672.193, 98
Trd, 4318672.693, 98
Trd, 4318673.843, 97
Trd, 4318673.943, 98
Trd, 4318677.943, 99
Trd, 4318678.943, 102
Trd, 4318679.393, 103
Trd, 4318680.943, 102
Trd, 4318681.193, 102
Trd, 4318681.593, 101
Trd, 4318682.343, 100
Trd, 4318686.743, 99
Trd, 4318687.093, 98
Trd, 4318688.543, 97
Trd, 4318689.193, 98
Trd, 4318690.893, 94
Trd, 4318692.393, 94
Trd, 4318693.293, 95
Trd, 4318693.593, 95
Trd, 4318694.543, 94
Trd, 4318696.943, 95
Trd, 4318697.543, 95
Trd, 4318699.343, 96
Trd, 4318701.343, 97
Trd, 4318702.593, 98
Trd, 4318704.393, 98
Trd, 4318705.043, 97
Trd, 4318707.543, 97
Trd, 4318708.593, 96
Trd, 4318709.993, 95
Trd, 4318710.443, 96
Trd, 4318710.493, 95
Trd, 4318714.293, 99
Trd, 4318714.643, 99
Trd, 4318715.293, 99
Trd, 4318716.243, 97
Trd, 4318719.243, 98
Trd, 4318719.843, 97
Trd, 4318720.793, 97
Trd, 4318722.243, 96
Trd, 4318723.443, 97
Trd, 4318724.393, 96
Trd, 4318726.543, 98
Trd, 4318727.643, 97
Trd, 4318728.643, 98
Trd, 4318731.843, 98
Trd, 4318732.493, 97
Trd, 4318734.993, 96
Trd, 4318735.693, 98
Trd, 4318738.043, 95
Trd, 4318738.993, 95
Trd, 4318739.643, 95
Trd, 4318742.443, 95
Trd, 4318743.543, 97
Trd, 4318744.493, 98
Trd, 4318747.493, 98
Trd, 4318748.893, 98
Trd, 4318750.443, 97
Trd, 4318751.793, 96
Trd, 4318752.143, 95
Trd, 4318753.343, 95
Trd, 4318753.843, 94
Trd, 4318755.193, 95
Trd, 4318756.243, 95
Trd, 4318758.193, 94
Trd, 4318760.543, 91
Trd, 4318760.793, 91
Trd, 4318760.893, 90
Trd, 4318761.643, 91
Trd, 4318763.643, 91
Trd, 4318764.443, 93
Trd, 4318766.543, 94
Trd, 4318767.143, 94
Trd, 4318770.443, 93
Trd, 4318771.093, 93
Trd, 4318772.793, 92
Trd, 4318773.943, 92
Trd, 4318775.293, 93
Trd, 4318775.693, 92
Trd, 4318776.243, 93
Trd, 4318776.693, 93
Trd, 4318777.043, 92
Trd, 4318780.143, 93
Trd, 4318782.993, 95
Trd, 4318785.443, 99
Trd, 4318785.493, 97
Trd, 4318785.793, 95
Trd, 4318786.993, 99
Trd, 4318788.743, 97
Trd, 4318788.793, 97
Trd, 4318790.643, 96
Trd, 4318791.643, 96
Trd, 4318792.043, 97
Trd, 4318792.143, 95
Trd, 4318794.593, 95
Trd, 4318794.693, 95
Trd, 4318795.143, 94
Trd, 4318798.443, 97
Trd, 4318798.543, 96
Trd, 4318800.243, 96
Trd, 4318801.293, 95
Trd, 4318803.193, 96
Trd, 4318804.893, 95
Trd, 4318805.493, 95
Trd, 4318806.843, 95
Trd, 4318808.493, 95
Trd, 4318809.593, 95
Trd, 4318811.993, 95
Trd, 4318812.693, 96
Trd, 4318813.743, 96
Trd, 4318814.543, 95
Trd, 4318817.293, 96
Trd, 4318818.343, 96
Trd, 4318819.593, 95
Trd, 4318822.443, 94
Trd, 4318822.493, 95
Trd, 4318822.693, 94
Trd, 4318824.643, 95
Trd, 4318824.893, 95
Trd, 4318824.943, 93
Trd, 4318828.343, 94
Trd, 4318828.743, 93
Trd, 4318830.143, 95
Trd, 4318830.393, 92
Trd, 4318832.293, 95
Trd, 4318833.093, 96
Trd, 4318834.393, 98
Trd, 4318835.843, 97
Trd, 4318837.593, 100
Trd, 4318838.093, 99
Trd, 4318838.543, 97
Trd, 4318840.393, 95
Trd, 4318840.693, 96
Trd, 4318842.293, 96
Trd, 4318842.743, 96
Trd, 4318845.893, 100
Trd, 4318846.843, 100
Trd, 4318847.443, 99
Trd, 4318848.243, 100
Trd, 4318848.443, 98
Trd, 4318852.243, 99
Trd, 4318852.793, 98
Trd, 4318853.793, 98
Trd, 4318855.243, 98
Trd, 4318855.593, 97
Trd, 4318857.493, 97
Trd, 4318859.743, 96
Trd, 4318861.293, 97
Trd, 4318863.093, 97
Trd, 4318864.043, 96
Trd, 4318867.143, 98
Trd, 4318867.843, 98
Trd, 4318868.193, 97
Trd, 4318868.593, 97
Trd, 4318871.843, 97
Trd, 4318872.743, 92
Trd, 4318873.893, 92
Trd, 4318874.643, 94
Trd, 4318876.593, 95
Trd, 4318878.243, 95
Trd, 4318878.493, 95
Trd, 4318878.843, 95
Trd, 4318879.793, 95
Trd, 4318881.293, 95
Trd, 4318881.443, 94
Trd, 4318881.543, 94
Trd, 4318884.793, 93
Trd, 4318886.143, 94
Trd, 4318886.543, 94
Trd, 4318886.693, 93
Trd, 4318887.793, 92
Trd, 4318889.493, 93
Trd, 4318890.043, 94
Trd, 4318891.143, 95
Trd, 4318893.393, 94
Trd, 4318894.193, 93
Trd, 4318895.993, 94
Trd, 4318896.293, 94
Trd, 4318897.193, 95
Trd, 4318900.843, 100
Trd, 4318900.993, 99
Trd, 4318902.543, 101
Trd, 4318902.643, 99
Trd, 4318904.593, 98
Trd, 4318905.793, 91
Trd, 4318906.793, 94
Trd, 4318907.343, 95
Trd, 4318910.393, 96
Trd, 4318911.093, 96
Trd, 4318911.643, 95
Trd, 4318913.093, 96
Trd, 4318916.643, 95
Trd, 4318917.043, 94
Trd, 4318917.293, 95
Trd, 4318920.543, 95
Trd, 4318920.593, 95
Trd, 4318921.343, 95
Trd, 4318922.093, 95
Trd, 4318923.793, 96
Trd, 4318924.643, 96
Trd, 4318924.843, 95
Trd, 4318928.093, 95
Trd, 4318928.943, 97
Trd, 4318930.593, 96
Trd, 4318931.593, 97
Trd, 4318933.043, 96
Trd, 4318933.143, 96
Trd, 4318933.293, 95
Trd, 4318933.643, 95
Trd, 4318937.093, 101
Trd, 4318937.443, 101
Trd, 4318939.993, 100
Trd, 4318942.293, 100
Trd, 4318944.093, 99
Trd, 4318944.443, 98
Trd, 4318945.643, 99
Trd, 4318947.793, 98
Trd, 4318948.243, 101
Trd, 4318949.843, 100
Trd, 4318953.743, 100
Trd, 4318955.143, 100
Trd, 4318955.193, 99
Trd, 4318956.693, 100
Trd, 4318957.393, 100
Trd, 4318958.493, 99
Trd, 4318962.943, 98
Trd, 4318963.593, 97
Trd, 4318963.793, 95
Trd, 4318965.893, 97
Trd, 4318966.343, 97
Trd, 4318967.543, 96
Trd, 4318969.043, 95
Trd, 4318969.793, 95
Trd, 4318971.543, 96
Trd, 4318973.693, 96
Trd, 4318974.293, 95
Trd, 4318975.093, 94
Trd, 4318975.843, 95
Trd, 4318980.193, 96
Trd, 4318980.893, 96
Trd, 4318982.443, 95
Trd, 4318982.593, 94
Trd, 4318983.243, 94
Trd, 4318983.643, 93
Trd, 4318988.443, 94
Trd, 4318990.693, 101
Trd, 4318991.443, 99
Trd, 4318992.143, 98
Trd, 4318994.193, 100
Trd, 4318994.943, 100
Trd, 4318996.393, 93
Trd, 4318998.393, 93
Trd, 4318998.643, 95
Trd, 4319000.493, 92
Trd, 4319001.243, 94
Trd, 4319001.643, 93
Trd, 4319002.493, 92
Trd, 4319003.993, 95
Trd, 4319006.343, 94
Trd, 4319006.593, 94
Trd, 4319008.393, 93
Trd, 4319009.443, 92
Trd, 4319010.343, 92
Trd, 4319012.343, 93
Trd, 4319014.093, 94
Trd, 4319016.493, 96
Trd, 4319016.843, 98
Trd, 4319019.893, 101
Trd, 4319021.093, 100
Trd, 4319022.293, 99
Trd, 4319023.543, 99
Trd, 4319024.693, 100
Trd, 4319025.893, 102
Trd, 4319026.093, 100
Trd, 4319029.193, 99
Trd, 4319030.393, 98
Trd, 4319030.643, 98
Trd, 4319033.443, 99
Trd, 4319036.543, 99
Trd, 4319038.243, 97
Trd, 4319038.343, 97
Trd, 4319039.243, 97
Trd, 4319040.243, 98
Trd, 4319042.043, 98
Trd, 4319042.393, 98
Trd, 4319043.343, 96
Trd, 4319044.543, 96
Trd, 4319045.793, 97
Trd, 4319047.693, 96
Trd, 4319048.793, 98
Trd, 4319049.693, 97
Trd, 4319051.043, 97
Trd, 4319051.993, 96
Trd, 4319052.893, 95
Trd, 4319054.793, 96
Trd, 4319059.943, 96
Trd, 4319060.493, 95
Trd, 4319060.893, 96
Trd, 4319062.293, 95
Trd, 4319063.993, 95
Trd, 4319064.593, 96
Trd, 4319064.893, 96
Trd, 4319066.993, 98
Trd, 4319067.743, 96
Trd, 4319068.693, 95
Trd, 4319069.943, 95
Trd, 4319070.093, 96
Trd, 4319073.243, 96
Trd, 4319077.143, 95
Trd, 4319077.293, 96
Trd, 4319078.093, 96
Trd, 4319078.143, 95
Trd, 4319078.643, 96
Trd, 4319078.693, 95
Trd, 4319080.293, 96
Trd, 4319082.543, 95
Trd, 4319082.693, 96
Trd, 4319083.143, 95
Trd, 4319085.193, 94
Trd, 4319087.143, 95
Trd, 4319087.993, 95
Trd, 4319089.993, 95
Trd, 4319091.593, 94
Trd, 4319092.843, 95
Trd, 4319093.243, 95
Trd, 4319094.893, 96
Trd, 4319095.743, 95
Trd, 4319097.393, 94
Trd, 4319097.793, 93
Trd, 4319098.543, 91
Trd, 4319101.143, 95
Trd, 4319101.293, 95
Trd, 4319103.443, 98
Trd, 4319104.193, 98
Trd, 4319105.143, 98
Trd, 4319105.943, 97
Trd, 4319107.993, 98
Trd, 4319109.043, 96
Trd, 4319110.043, 96
Trd, 4319110.893, 90
Trd, 4319111.443, 93
Trd, 4319113.343, 91
Trd, 4319114.243, 91
Trd, 4319114.293, 88
Trd, 4319116.393, 87
Trd, 4319117.093, 88
Trd, 4319121.543, 92
Trd, 4319122.343, 94
Trd, 4319122.593, 92
Trd, 4319124.043, 94
Trd, 4319125.493, 94
Trd, 4319126.743, 94
Trd, 4319129.493, 95
Trd, 4319130.043, 93
Trd, 4319132.543, 95
Trd, 4319133.393, 95
Trd, 4319134.243, 95
Trd, 4319135.693, 96
Trd, 4319137.043, 95
Trd, 4319139.243, 96
Trd, 4319140.793, 95
Trd, 4319141.993, 95
Trd, 4319142.593, 96
Trd, 4319143.693, 95
Trd, 4319147.593, 94
Trd, 4319148.193, 94
Trd, 4319149.643, 94
Trd, 4319151.093, 95
Trd, 4319151.193, 94
Trd, 4319152.343, 96
Trd, 4319153.143, 95
Trd, 4319155.993, 95
Trd, 4319157.493, 95
Trd, 4319159.293, 95
Trd, 4319160.143, 95
Trd, 4319161.443, 96
Trd, 4319162.843, 96
Trd, 4319163.593, 99
Trd, 4319165.393, 99
Trd, 4319166.943, 99
Trd, 4319168.843, 98
Trd, 4319171.343, 98
Trd, 4319172.293, 97
Trd, 4319174.443, 96
Trd, 4319174.743, 98
Trd, 4319175.243, 98
Trd, 4319178.093, 97
Trd, 4319179.793, 98
Trd, 4319179.843, 97
Trd, 4319181.193, 100
Trd, 4319182.643, 102
Trd, 4319183.893, 102
Trd, 4319184.993, 101
Trd, 4319185.893, 102
Trd, 4319186.293, 102
Trd, 4319187.443, 102
Trd, 4319188.293, 101
Trd, 4319190.493, 100
Trd, 4319192.393, 94
Trd, 4319193.043, 97
Trd, 4319193.843, 97
Trd, 4319194.993, 98
Trd, 4319195.743, 98
Trd, 4319195.993, 97
Trd, 4319197.943, 96
Trd, 4319198.743, 96
Trd, 4319198.893, 95
Trd, 4319199.843, 95
Trd, 4319201.443, 94
Trd, 4319202.843, 95
Trd, 4319205.343, 95
Trd, 4319205.593, 96
Trd, 4319207.943, 97
Trd, 4319208.493, 96
Trd, 4319208.543, 95
Trd, 4319211.593, 96
Trd, 4319211.743, 96
Trd, 4319212.543, 96
Trd, 4319215.343, 96
Trd, 4319216.143, 95
Trd, 4319216.443, 95
Trd, 4319218.843, 99
Trd, 4319220.043, 101
Trd, 4319221.093, 100
Trd, 4319222.143, 99
Trd, 4319223.443, 98
Trd, 4319225.393, 100
Trd, 4319226.793, 99
Trd, 4319226.843, 98
Trd, 4319230.243, 98
Trd, 4319230.743, 98
Trd, 4319231.643, 99
Trd, 4319234.893, 97
Trd, 4319235.343, 98
Trd, 4319236.143, 98
Trd, 4319239.443, 97
Trd, 4319239.543, 96
Trd, 4319241.043, 97
Trd, 4319241.943, 97
Trd, 4319242.043, 95
Trd, 4319243.243, 87
Trd, 4319244.293, 89
Trd, 4319246.193, 90
Trd, 4319247.293, 90
Trd, 4319249.043, 90
Trd, 4319250.243, 91
Trd, 4319251.543, 91
Trd, 4319252.543, 92
Trd, 4319252.893, 90
Trd, 4319252.943, 90
Trd, 4319256.343, 92
Trd, 4319259.093, 98
Trd, 4319259.843, 99
Trd, 4319260.243, 99
Trd, 4319261.343, 98
Trd, 4319262.343, 97
Trd, 4319263.793, 99
Trd, 4319263.843, 98
Trd, 4319268.893, 97
Trd, 4319269.293, 98
Trd, 4319270.693, 99
Trd, 4319272.893, 98
Trd, 4319275.343, 98
Trd, 4319276.743, 97
Trd, 4319277.093, 96
Trd, 4319278.193, 97
Trd, 4319280.243, 97
Trd, 4319283.393, 98
Trd, 4319283.943, 97
Trd, 4319286.793, 96
Trd, 4319288.043, 95
Trd, 4319288.243, 96
Trd, 4319291.593, 95
Trd, 4319292.043, 96
Trd, 4319292.693, 95
Trd, 4319293.893, 97
Trd, 4319295.543, 96
Trd, 4319298.793, 95
Trd, 4319298.893, 95
Trd, 4319299.443, 94
Trd, 4319300.843, 94
Trd, 4319302.143, 93
Trd, 4319303.743, 95
Trd, 4319304.493, 96
Trd, 4319305.943, 96
Trd, 4319306.493, 95
Trd, 4319306.943, 95
Trd, 4319307.843, 94
Trd, 4319312.243, 96
Trd, 4319312.643, 96
Trd, 4319314.393, 98
Trd, 4319315.093, 96
Trd, 4319316.193, 96
Trd, 4319317.693, 95
Trd, 4319318.193, 95
Trd, 4319319.043, 93
Trd, 4319320.343, 93
Trd, 4319321.793, 95
Trd, 4319322.293, 94
Trd, 4319322.593, 93
Trd, 4319325.043, 99
Trd, 4319328.143, 99
Trd, 4319328.793, 96
Trd, 4319329.443, 97
Trd, 4319330.793, 98
Trd, 4319331.593, 98
Trd, 4319332.893, 98
Trd, 4319334.843, 99
Trd, 4319336.393, 98
Trd, 4319336.793, 97
Trd, 4319338.843, 98
Trd, 4319340.943, 98
Trd, 4319343.693, 97
Trd, 4319344.343, 98
Trd, 4319344.843, 97
Trd, 4319346.043, 97
Trd, 4319347.943, 97
Trd, 4319348.393, 96
Trd, 4319348.893, 96
Trd, 4319348.993, 97
Trd, 4319350.493, 95
Trd, 4319350.743, 95
Trd, 4319353.393, 88
Trd, 4319354.093, 87
Trd, 4319357.143, 100
Trd, 4319357.643, 98
Trd, 4319359.193, 97
Trd, 4319359.693, 101
Trd, 4319361.543, 101
Trd, 4319362.243, 101
Trd, 4319364.243, 101
Trd, 4319366.643, 101
Trd, 4319368.243, 100
Trd, 4319368.943, 100
Trd, 4319369.093, 100
Trd, 4319369.743, 95
Trd, 4319371.143, 94
Trd, 4319373.493, 94
Trd, 4319374.143, 95
Trd, 4319374.593, 94
Trd, 4319374.793, 93
Trd, 4319377.443, 94
Trd, 4319377.693, 92
Trd, 4319378.743, 93
Trd, 4319379.693, 95
Trd, 4319380.993, 95
Trd, 4319381.393, 95
Trd, 4319384.043, 94
Trd, 4319384.993, 94
Trd, 4319385.493, 95
Trd, 4319388.193, 100
Trd, 4319390.443, 101
Trd, 4319390.643, 99
Trd, 4319393.143, 100
Trd, 4319393.643, 100
Trd, 4319394.693, 99
Trd, 4319395.043, 100
Trd, 4319398.893, 99
Trd, 4319399.893, 98
Trd, 4319400.993, 99
Trd, 4319403.593, 100
Trd, 4319404.743, 98
Trd, 4319405.243, 97
Trd, 4319405.893, 97
Trd, 4319407.593, 98
Trd, 4319408.893, 98
Trd, 4319409.343, 97
Trd, 4319410.093, 96
Trd, 4319410.593, 95
Trd, 4319412.243, 91
Trd, 4319412.443, 96
Trd, 4319412.693, 95
Trd, 4319416.493, 96
Trd, 4319416.943, 87
Trd, 4319417.743, 92
Trd, 4319418.293, 93
Trd, 4319421.543, 92
Trd, 4319421.843, 93
Trd, 4319424.293, 96
Trd, 4319426.543, 97
Trd, 4319427.993, 97
Trd, 4319430.243, 97
Trd, 4319430.593, 97
Trd, 4319430.993, 97
Trd, 4319433.393, 100
Trd, 4319434.593, 97
Trd, 4319434.893, 99
Trd, 4319435.643, 98
Trd, 4319437.393, 101
Trd, 4319438.693, 100
Trd, 4319439.243, 99
Trd, 4319440.543, 99
Trd, 4319441.893, 99
Trd, 4319442.943, 98
Trd, 4319443.993, 90
Trd, 4319445.343, 91
Trd, 4319446.643, 90
Trd, 4319447.893, 92
Trd, 4319448.843, 90
Trd, 4319450.893, 102
Trd, 4319451.593, 102
Trd, 4319451.893, 103
Trd, 4319453.943, 102
Trd, 4319454.743, 101
Trd, 4319457.993, 101
Trd, 4319458.543, 101
Trd, 4319459.043, 100
Trd, 4319460.793, 101
Trd, 4319462.393, 99
Trd, 4319463.693, 98
Trd, 4319464.993, 95
Trd, 4319466.693, 89
Trd, 4319466.743, 91
Trd, 4319467.293, 95
Trd, 4319468.993, 94
Trd, 4319469.043, 93
Trd, 4319471.643, 96
Trd, 4319471.993, 95
Trd, 4319474.643, 95
Trd, 4319477.093, 97
Trd, 4319477.743, 96
Trd, 4319479.443, 95
Trd, 4319479.893, 95
Trd, 4319481.243, 97
Trd, 4319481.993, 96
Trd, 4319484.043, 95
Trd, 4319485.193, 95
Trd, 4319486.893, 95
Trd, 4319487.343, 95
Trd, 4319488.243, 95
Trd, 4319490.543, 94
Trd, 4319491.343, 95
Trd, 4319493.593, 94
Trd, 4319494.893, 93
Trd, 4319495.243, 94
Trd, 4319495.843, 93
Trd, 4319496.543, 92
Trd, 4319497.143, 93
Trd, 4319498.493, 97
Trd, 4319501.593, 98
Trd, 4319501.893, 96
Trd, 4319504.743, 98
Trd, 4319505.593, 96
Trd, 4319507.493, 97
Trd, 4319508.193, 95
Trd, 4319509.293, 95
Trd, 4319510.343, 94
Trd, 4319513.793, 95
Trd, 4319514.143, 94
Trd, 4319516.593, 95
Trd, 4319517.993, 95
Trd, 4319520.443, 95
Trd, 4319522.143, 95
Trd, 4319522.443, 94
Trd, 4319522.643, 93
Trd, 4319523.993, 93
Trd, 4319525.443, 94
Trd, 4319526.793, 94
Trd, 4319529.143, 94
Trd, 4319530.643, 95
Trd, 4319532.193, 95
Trd, 4319532.843, 94
Trd, 4319535.743, 93
Trd, 4319537.243, 95
Trd, 4319538.693, 94
Trd, 4319539.343, 95
Trd, 4319541.243, 94
Trd, 4319542.193, 88
Trd, 4319543.393, 88
Trd, 4319545.893, 93
Trd, 4319546.943, 93
Trd, 4319547.243, 94
Trd, 4319547.943, 93
Trd, 4319550.493, 95
Trd, 4319554.143, 97
Trd, 4319555.143, 98
Trd, 4319555.643, 97
Trd, 4319557.243, 97
Trd, 4319558.543, 98
Trd, 4319559.743, 98
Trd, 4319560.543, 97
Trd, 4319561.943, 97
Trd, 4319562.143, 96
Trd, 4319564.593, 97
Trd, 4319565.843, 102
Trd, 4319566.743, 102
Trd, 4319567.343, 100
Trd, 4319568.143, 101
Trd, 4319568.843, 95
Trd, 4319571.593, 99
Trd, 4319572.843, 99
Trd, 4319575.243, 99
Trd, 4319575.993, 99
Trd, 4319576.993, 99
Trd, 4319579.143, 98
Trd, 4319580.243, 97
Trd, 4319580.743, 96
Trd, 4319581.093, 95
Trd, 4319583.493, 95
Trd, 4319583.593, 95
Trd, 4319584.693, 94
Trd, 4319586.393, 93
Trd, 4319587.293, 93
Trd, 4319590.093, 94
Trd, 4319590.593, 92
Trd, 4319592.093, 94
Trd, 4319596.293, 94
Trd, 4319598.093, 91
Trd, 4319599.493, 93
Trd, 4319600.593, 93
Trd, 4319601.443, 92
Trd, 4319601.743, 90
Trd, 4319605.193, 91
Trd, 4319605.793, 91
Trd, 4319606.143, 91
Trd, 4319608.293, 92
Trd, 4319610.193, 94
Trd, 4319612.043, 95
Trd, 4319612.743, 96
Trd, 4319612.893, 95
Trd, 4319614.043, 96
Trd, 4319616.693, 96
Trd, 4319617.743, 95
Trd, 4319618.593, 96
Trd, 4319618.743, 95
Trd, 4319618.893, 95
Trd, 4319619.743, 88
Trd, 4319621.343, 92
Trd, 4319622.843, 92
Trd, 4319624.193, 92
Trd, 4319625.893, 92
Trd, 4319627.443, 92
Trd, 4319627.893, 93
Trd, 4319630.043, 92
Trd, 4319631.143, 93
Trd, 4319631.293, 92
Trd, 4319634.843, 96
Trd, 4319636.293, 95
Trd, 4319639.343, 97
Trd, 4319640.443, 98
Trd, 4319640.893, 98
Trd, 4319641.843, 95
Trd, 4319645.493, 99
Trd, 4319646.093, 99
Trd, 4319647.793, 97
Trd, 4319647.993, 97
Trd, 4319648.993, 96
Trd, 4319650.643, 93
Trd, 4319650.893, 95
Trd, 4319652.243, 97
Trd, 4319655.143, 97
Trd, 4319656.243, 96
Trd, 4319657.793, 96
Trd, 4319659.143, 95
Trd, 4319659.443, 96
Trd, 4319661.043, 99
Trd, 4319663.693, 96
Trd, 4319664.293, 98
Trd, 4319666.493, 98
Trd, 4319668.143, 97
Trd, 4319669.193, 98
Trd, 4319669.493, 97
Trd, 4319672.893, 96
Trd, 4319673.593, 96
Trd, 4319674.343, 96
Trd, 4319675.443, 96
Trd, 4319676.243, 95
Trd, 4319677.243, 95
Trd, 4319678.343, 95
Trd, 4319678.443, 94
Trd, 4319680.343, 95
Trd, 4319682.593, 95
Trd, 4319684.043, 94
Trd, 4319685.693, 96
Trd, 4319686.293, 94
Trd, 4319687.543, 95
Trd, 4319689.243, 97
Trd, 4319689.443, 97
Trd, 4319693.393, 97
Trd, 4319693.743, 97
Trd, 4319694.193, 96
Trd, 4319697.593, 96
Trd, 4319698.193, 95
Trd, 4319699.043, 97
Trd, 4319700.393, 96
Trd, 4319700.843, 96
Trd, 4319702.993, 95
Trd, 4319703.243, 96
Trd, 4319703.643, 95
Trd, 4319706.193, 98
Trd, 4319708.843, 96
Trd, 4319709.093, 95
Trd, 4319709.543, 95
Trd, 4319709.743, 95
Trd, 4319710.943, 95
Trd, 4319713.143, 95
Trd, 4319713.893, 97
Trd, 4319715.393, 95
Trd, 4319715.643, 96
Trd, 4319717.693, 95
Trd, 4319719.293, 95
Trd, 4319720.143, 95
Trd, 4319720.393, 94
Trd, 4319720.843, 94
Trd, 4319722.393, 95
Trd, 4319723.893, 94
Trd, 4319724.493, 95
Trd, 4319724.943, 95
Trd, 4319727.643, 94
Trd, 4319729.443, 95
Trd, 4319729.743, 95
Trd, 4319730.743, 94
Trd, 4319732.643, 95
Trd, 4319733.343, 94
Trd, 4319734.093, 93
Trd, 4319735.443, 93
Trd, 4319736.143, 92
Trd, 4319738.093, 93
Trd, 4319738.943, 92
Trd, 4319740.693, 93
Trd, 4319740.893, 93
Trd, 4319743.093, 93
Trd, 4319743.343, 93
Trd, 4319743.943, 92
Trd, 4319745.193, 93
Trd, 4319748.393, 95
Trd, 4319750.293, 97
Trd, 4319751.943, 96
Trd, 4319752.143, 96
Trd, 4319752.693, 95
Trd, 4319754.093, 96
Trd, 4319754.993, 95
Trd, 4319756.143, 95
Trd, 4319756.643, 94
Trd, 4319758.143, 95
Trd, 4319758.443, 94
Trd, 4319760.793, 92
Trd, 4319760.843, 92
Trd, 4319762.093, 93
Trd, 4319763.743, 92
Trd, 4319766.493, 97
Trd, 4319766.743, 95
Trd, 4319767.643, 96
Trd, 4319769.943, 100
Trd, 4319770.193, 101
Trd, 4319772.293, 96
Trd, 4319772.543, 96
Trd, 4319774.693, 97
Trd, 4319776.093, 96
Trd, 4319777.243, 96
Trd, 4319779.893, 97
Trd, 4319780.043, 96
Trd, 4319781.043, 95
Trd, 4319781.593, 95
Trd, 4319782.843, 94
Trd, 4319782.943, 94
Trd, 4319785.393, 86
Trd, 4319785.843, 85
Trd, 4319787.493, 91
Trd, 4319788.743, 96
Trd, 4319789.343, 96
Trd, 4319789.743, 95
Trd, 4319792.093, 95
Trd, 4319793.693, 94
Trd, 4319795.493, 97
Trd, 4319797.093, 98
Trd, 4319797.893, 96
Trd, 4319799.643, 97
Trd, 4319800.893, 97
Trd, 4319804.043, 96
Trd, 4319804.343, 97
Trd, 4319804.543, 96
Trd, 4319805.343, 95
Trd, 4319806.743, 96
Trd, 4319807.793, 95
Trd, 4319809.493, 96
Trd, 4319810.693, 96
Trd, 4319814.093, 95
Trd, 4319814.743, 96
Trd, 4319816.943, 95
Trd, 4319818.243, 96
Trd, 4319818.343, 95
Trd, 4319821.343, 95
Trd, 4319821.593, 95
Trd, 4319823.243, 94
Trd, 4319824.993, 95
Trd, 4319826.143, 93
Trd, 4319827.193, 95
Trd, 4319828.693, 93
Trd, 4319831.743, 93
Trd, 4319832.293, 93
Trd, 4319834.943, 92
Trd, 4319835.493, 92
Trd, 4319837.293, 93
Trd, 4319837.843, 93
Trd, 4319839.843, 93
Trd, 4319841.293, 93
Trd, 4319846.043, 99
Trd, 4319846.393, 99
Trd, 4319847.143, 99
Trd, 4319849.143, 101
Trd, 4319849.943, 99
Trd, 4319850.043, 98
Trd, 4319851.443, 99
Trd, 4319853.043, 99
Trd, 4319854.443, 99
Trd, 4319856.843, 104
Trd, 4319857.993, 103
Trd, 4319858.543, 104
Trd, 4319858.743, 103
Trd, 4319860.543, 102
Trd, 4319862.943, 101
Trd, 4319863.243, 102
Trd, 4319863.443, 101
Trd, 4319864.843, 87
Trd, 4319867.143, 96
Trd, 4319868.043, 94
Trd, 4319868.993, 95
Trd, 4319869.293, 95
Trd, 4319870.243, 94
Trd, 4319871.093, 95
Trd, 4319873.743, 95
Trd, 4319875.593, 96
Trd, 4319877.093, 97
Trd, 4319878.093, 98
Trd, 4319880.243, 98
Trd, 4319880.543, 98
Trd, 4319883.343, 95
Trd, 4319885.143, 93
Trd, 4319886.093, 92
Trd, 4319887.043, 93
Trd, 4319887.843, 93
Trd, 4319888.893, 95
Trd, 4319890.743, 96
Trd, 4319891.693, 96
Trd, 4319893.443, 97
Trd, 4319894.943, 96
Trd, 4319895.193, 95
Trd, 4319895.243, 96
Trd, 4319895.343, 95
Trd, 4319897.743, 96
Trd, 4319900.193, 95
Trd, 4319901.843, 97
Trd, 4319902.893, 95
Trd, 4319904.793, 96
Trd, 4319906.143, 95
Trd, 4319907.093, 95
Trd, 4319909.993, 98
Trd, 4319910.193, 97
Trd, 4319914.443, 96
Trd, 4319914.743, 96
Trd, 4319915.593, 96
Trd, 4319916.043, 95
Trd, 4319918.393, 94
Trd, 4319919.043, 94
Trd, 4319919.343, 95
Trd, 4319919.843, 94
Trd, 4319919.893, 93
Trd, 4319922.843, 88
Trd, 4319923.493, 91
Trd, 4319924.143, 94
Trd, 4319926.993, 95
Trd, 4319927.093, 94
Trd, 4319928.093, 94
Trd, 4319930.493, 93
Trd, 4319930.943, 92
Trd, 4319932.593, 91
Trd, 4319935.543, 87
Trd, 4319936.093, 89
Trd, 4319936.893, 88
Trd, 4319938.343, 91
Trd, 4319939.143, 91
Trd, 4319940.393, 89
Trd, 4319941.143, 90
Trd, 4319942.443, 90
Trd, 4319944.843, 90
Trd, 4319946.543, 90
Trd, 4319947.193, 90
Trd, 4319948.043, 89
Trd, 4319950.293, 90
Trd, 4319951.193, 92
Trd, 4319952.593, 96
Trd, 4319953.243, 97
Trd, 4319955.793, 96
Trd, 4319956.593, 95
Trd, 4319957.643, 95
Trd, 4319959.093, 94
Trd, 4319960.543, 95
Trd, 4319961.343, 95
Trd, 4319962.593, 96
Trd, 4319962.793, 95
Trd, 4319964.243, 94
Trd, 4319967.143, 100
Trd, 4319968.243, 100
Trd, 4319968.543, 99
Trd, 4319969.693, 98
Trd, 4319972.793, 100
Trd, 4319975.393, 106
Trd, 4319975.543, 105
Trd, 4319976.043, 105
Trd, 4319977.343, 103
Trd, 4319978.593, 102
Trd, 4319980.343, 103
Trd, 4319981.843, 102
Trd, 4319983.543, 101
Trd, 4319985.143, 90
Trd, 4319985.843, 91
Trd, 4319986.193, 92
Trd, 4319987.143, 90
Trd, 4319989.643, 90
Trd, 4319989.893, 87
Trd, 4319991.493, 88
Trd, 4319991.793, 89
Trd, 4319994.093, 91
Trd, 4319994.393, 90
Trd, 4319997.693, 98
Trd, 4319998.143, 98
Trd, 4319999.693, 99
Trd, 4319999.943, 97
