Trd, 4317860.293, 97
Trd, 4317861.393, 96
Trd, 4317863.793, 97
Trd, 4317864.693, 97
Trd, 4317866.693, 94
Trd, 4317869.143, 95
Trd, 4317871.693, 95
Trd, 4317873.643, 97
Trd, 4317874.043, 94
Trd, 4317875.593, 93
Trd, 4317875.793, 92
Trd, 4317878.343, 97
Trd, 4317879.093, 98
Trd, 4317880.643, 99
Trd, 4317881.343, 104
Trd, 4317882.593, 99
Trd, 4317883.693, 91
Trd, 4317884.343, 101
Trd, 4317886.393, 96
Trd, 4317888.193, 95
Trd, 4317890.643, 95
Trd, 4317891.493, 93
Trd, 4317891.843, 84
Trd, 4317893.543, 84
Trd, 4317895.493, 82
Trd, 4317895.843, 84
Trd, 4317897.993, 88
Trd, 4317899.493, 89
Trd, 4317900.243, 95
Trd, 4317901.293, 90
Trd, 4317902.793, 90
Trd, 4317903.693, 90
Trd, 4317907.543, 91
Trd, 4317908.243, 85
Trd, 4317908.893, 89
Trd, 4317909.893, 95
Trd, 4317910.143, 104
Trd, 4317911.343, 97
Trd, 4317912.543, 88
Trd, 4317912.893, 92
Trd, 4317914.643, 94
Trd, 4317919.193, 90
Trd, 4317919.393, 93
Trd, 4317919.843, 90
Trd, 4317920.093, 94
Trd, 4317922.293, 88
Trd, 4317923.293, 95
Trd, 4317924.393, 94
Trd, 4317925.143, 96
Trd, 4317926.543, 96
Trd, 4317928.543, 92
Trd, 4317929.893, 94
Trd, 4317930.743, 92
Trd, 4317930.993, 90
Trd, 4317932.843, 95
Trd, 4317933.343, 104
Trd, 4317936.093, 91
Trd, 4317937.693, 91
Trd, 4317938.793, 94
Trd, 4317942.043, 90
Trd, 4317944.493, 92
Trd, 4317945.293, 95
Trd, 4317946.493, 94
Trd, 4317947.393, 93
Trd, 4317949.093, 95
Trd, 4317949.793, 91
Trd, 4317950.093, 91
Trd, 4317953.143, 95
Trd, 4317953.543, 96
Trd, 4317955.193, 91
Trd, 4317955.843, 89
Trd, 4317957.943, 92
Trd, 4317958.093, 91
Trd, 4317959.343, 91
Trd, 4317960.943, 88
Trd, 4317962.243, 91
Trd, 4317963.193, 90
Trd, 4317964.993, 97
Trd, 4317966.693, 104
Trd, 4317968.043, 90
Trd, 4317968.443, 95
Trd, 4317968.693, 94
Trd, 4317969.743, 96
Trd, 4317969.893, 96
Trd, 4317971.593, 90
Trd, 4317971.993, 86
Trd, 4317972.043, 96
Trd, 4317972.893, 91
Trd, 4317974.693, 96
Trd, 4317976.743, 94
Trd, 4317978.093, 95
Trd, 4317981.693, 91
Trd, 4317982.193, 92
Trd, 4317984.393, 89
Trd, 4317984.743, 92
Trd, 4317985.693, 105
Trd, 4317986.593, 93
Trd, 4317988.443, 93
Trd, 4317990.043, 92
Trd, 4317992.293, 96
Trd, 4317993.343, 92
Trd, 4317993.793, 95
Trd, 4317995.943, 95
Trd, 4317996.993, 96
Trd, 4317997.943, 95
Trd, 4317998.293, 96
Trd, 4317998.493, 94
Trd, 4318000.893, 93
Trd, 4318002.493, 92
Trd, 4318002.743, 95
Trd, 4318006.043, 94
Trd, 4318006.893, 94
Trd, 4318007.543, 92
Trd, 4318008.493, 93
Trd, 4318009.943, 92
Trd, 4318010.243, 91
Trd, 4318011.943, 84
Trd, 4318014.043, 92
Trd, 4318015.993, 94
Trd, 4318016.993, 96
Trd, 4318017.843, 90
Trd, 4318020.043, 95
Trd, 4318021.643, 95
Trd, 4318024.293, 94
Trd, 4318025.893, 89
Trd, 4318026.043, 89
Trd, 4318028.093, 94
Trd, 4318028.593, 86
Trd, 4318032.193, 94
Trd, 4318032.943, 96
Trd, 4318035.193, 96
Trd, 4318035.793, 88
Trd, 4318036.993, 101
Trd, 4318037.693, 99
Trd, 4318040.593, 94
Trd, 4318041.593, 100
Trd, 4318041.643, 94
Trd, 4318042.793, 93
Trd, 4318043.443, 92
Trd, 4318045.293, 88
Trd, 4318047.143, 90
Trd, 4318047.343, 102
Trd, 4318049.843, 94
Trd, 4318051.743, 95
Trd, 4318053.143, 94
Trd, 4318053.243, 94
Trd, 4318054.693, 96
Trd, 4318056.043, 94
Trd, 4318056.843, 95
Trd, 4318057.093, 93
Trd, 4318058.193, 91
Trd, 4318059.193, 91
Trd, 4318059.293, 96
Trd, 4318060.143, 106
Trd, 4318062.843, 93
Trd, 4318064.293, 92
Trd, 4318065.093, 97
Trd, 4318066.793, 98
Trd, 4318067.343, 100
Trd, 4318067.693, 98
Trd, 4318070.193, 97
Trd, 4318071.743, 95
Trd, 4318073.243, 94
Trd, 4318073.843, 97
Trd, 4318075.993, 97
Trd, 4318076.643, 96
Trd, 4318077.193, 98
Trd, 4318078.093, 96
Trd, 4318078.643, 94
Trd, 4318081.293, 98
Trd, 4318081.893, 95
Trd, 4318084.393, 94
Trd, 4318085.843, 99
Trd, 4318086.193, 94
Trd, 4318086.493, 101
Trd, 4318089.393, 97
Trd, 4318090.693, 99
Trd, 4318090.893, 96
Trd, 4318091.593, 103
Trd, 4318093.443, 99
Trd, 4318094.743, 94
Trd, 4318096.893, 97
Trd, 4318099.043, 97
Trd, 4318100.293, 97
Trd, 4318100.393, 96
Trd, 4318100.943, 97
Trd, 4318105.743, 95
Trd, 4318106.293, 94
Trd, 4318107.793, 97
Trd, 4318108.293, 94
Trd, 4318108.943, 93
Trd, 4318111.243, 97
Trd, 4318111.993, 93
Trd, 4318114.643, 92
Trd, 4318114.843, 95
Trd, 4318115.543, 96
Trd, 4318115.943, 96
Trd, 4318119.993, 94
Trd, 4318120.243, 97
Trd, 4318120.443, 93
Trd, 4318123.843, 98
Trd, 4318127.393, 92
Trd, 4318127.993, 96
Trd, 4318129.843, 91
Trd, 4318129.893, 91
Trd, 4318131.943, 92
Trd, 4318132.293, 90
Trd, 4318134.643, 94
Trd, 4318134.843, 92
Trd, 4318136.293, 88
Trd, 4318137.293, 93
Trd, 4318138.443, 89
Trd, 4318139.993, 87
Trd, 4318141.143, 87
Trd, 4318142.993, 90
Trd, 4318144.043, 104
Trd, 4318144.993, 89
Trd, 4318148.543, 95
Trd, 4318151.693, 90
Trd, 4318151.893, 95
Trd, 4318152.843, 96
Trd, 4318152.943, 89
Trd, 4318154.343, 95
Trd, 4318156.343, 88
Trd, 4318157.893, 87
Trd, 4318159.243, 91
Trd, 4318160.493, 89
Trd, 4318161.043, 87
Trd, 4318164.343, 89
Trd, 4318167.193, 89
Trd, 4318169.843, 87
Trd, 4318169.943, 89
Trd, 4318173.593, 87
Trd, 4318173.793, 86
Trd, 4318174.043, 87
Trd, 4318177.943, 86
Trd, 4318179.093, 87
Trd, 4318180.793, 85
Trd, 4318181.443, 86
Trd, 4318182.293, 87
Trd, 4318183.093, 86
Trd, 4318184.793, 94
Trd, 4318187.443, 94
Trd, 4318189.843, 91
Trd, 4318190.393, 91
Trd, 4318191.093, 92
Trd, 4318191.343, 95
Trd, 4318191.693, 104
Trd, 4318193.893, 91
Trd, 4318195.643, 91
Trd, 4318196.143, 90
Trd, 4318198.093, 89
Trd, 4318199.093, 90
Trd, 4318200.643, 94
Trd, 4318201.443, 91
Trd, 4318202.643, 96
Trd, 4318203.193, 94
Trd, 4318203.843, 95
Trd, 4318204.143, 94
Trd, 4318208.143, 94
Trd, 4318210.543, 93
Trd, 4318212.093, 92
Trd, 4318215.443, 93
Trd, 4318215.793, 95
Trd, 4318216.143, 91
Trd, 4318216.243, 95
Trd, 4318216.393, 95
Trd, 4318219.293, 94
Trd, 4318219.893, 94
Trd, 4318221.693, 95
Trd, 4318224.293, 94
Trd, 4318225.343, 93
Trd, 4318225.843, 96
Trd, 4318226.293, 96
Trd, 4318227.643, 92
Trd, 4318229.793, 93
Trd, 4318230.393, 92
Trd, 4318231.743, 91
Trd, 4318232.243, 104
Trd, 4318233.343, 101
Trd, 4318233.393, 96
Trd, 4318235.293, 94
Trd, 4318235.693, 100
Trd, 4318238.743, 100
Trd, 4318239.643, 99
Trd, 4318240.043, 94
Trd, 4318241.293, 98
Trd, 4318246.743, 97
Trd, 4318246.943, 94
Trd, 4318247.893, 94
Trd, 4318248.843, 97
Trd, 4318250.043, 95
Trd, 4318252.993, 97
Trd, 4318253.043, 95
Trd, 4318253.243, 95
Trd, 4318254.293, 94
Trd, 4318255.143, 94
Trd, 4318258.093, 84
Trd, 4318258.693, 88
Trd, 4318258.793, 96
Trd, 4318259.993, 94
Trd, 4318262.643, 98
Trd, 4318263.793, 106
Trd, 4318265.143, 85
Trd, 4318267.893, 90
Trd, 4318269.543, 88
Trd, 4318270.143, 91
Trd, 4318270.343, 87
Trd, 4318270.493, 90
Trd, 4318274.193, 85
Trd, 4318275.043, 85
Trd, 4318275.993, 78
Trd, 4318276.443, 92
Trd, 4318277.693, 87
Trd, 4318277.843, 86
Trd, 4318279.143, 86
Trd, 4318281.993, 86
Trd, 4318284.143, 92
Trd, 4318285.493, 92
Trd, 4318286.743, 91
Trd, 4318286.993, 91
Trd, 4318287.893, 93
Trd, 4318288.443, 95
Trd, 4318291.293, 97
Trd, 4318291.793, 96
Trd, 4318292.743, 94
Trd, 4318293.193, 92
Trd, 4318293.743, 98
Trd, 4318294.693, 99
Trd, 4318296.443, 100
Trd, 4318297.193, 98
Trd, 4318298.043, 104
Trd, 4318298.743, 84
Trd, 4318300.493, 90
Trd, 4318300.993, 94
Trd, 4318302.393, 102
Trd, 4318302.993, 108
Trd, 4318304.043, 109
Trd, 4318305.093, 97
Trd, 4318307.543, 103
Trd, 4318308.893, 99
Trd, 4318311.493, 91
Trd, 4318312.593, 96
Trd, 4318312.893, 95
Trd, 4318313.243, 100
Trd, 4318314.993, 99
Trd, 4318317.293, 94
Trd, 4318317.343, 96
Trd, 4318318.843, 86
Trd, 4318319.343, 89
Trd, 4318319.393, 96
Trd, 4318321.043, 96
Trd, 4318322.543, 94
Trd, 4318323.993, 96
Trd, 4318325.943, 107
Trd, 4318327.993, 94
Trd, 4318330.293, 97
Trd, 4318331.093, 95
Trd, 4318331.693, 94
Trd, 4318334.543, 96
Trd, 4318337.493, 98
Trd, 4318341.343, 97
Trd, 4318343.143, 95
Trd, 4318344.143, 97
Trd, 4318344.493, 96
Trd, 4318346.443, 94
Trd, 4318348.593, 96
Trd, 4318349.243, 92
Trd, 4318350.043, 96
Trd, 4318350.693, 91
Trd, 4318351.793, 104
Trd, 4318352.493, 93
Trd, 4318353.593, 94
Trd, 4318354.393, 98
Trd, 4318354.493, 99
Trd, 4318356.543, 104
Trd, 4318357.143, 102
Trd, 4318360.493, 97
Trd, 4318361.893, 99
Trd, 4318362.093, 98
Trd, 4318362.193, 96
Trd, 4318365.443, 97
Trd, 4318367.593, 96
Trd, 4318369.793, 97
Trd, 4318369.943, 94
Trd, 4318370.893, 96
Trd, 4318372.393, 94
Trd, 4318373.143, 94
Trd, 4318375.093, 97
Trd, 4318377.193, 95
Trd, 4318378.793, 96
Trd, 4318378.993, 94
Trd, 4318379.193, 96
Trd, 4318381.943, 94
Trd, 4318382.043, 96
Trd, 4318382.443, 94
Trd, 4318387.743, 96
Trd, 4318388.193, 93
Trd, 4318388.993, 96
Trd, 4318390.343, 92
Trd, 4318391.143, 97
Trd, 4318393.593, 94
Trd, 4318393.843, 97
Trd, 4318394.043, 97
Trd, 4318395.293, 98
Trd, 4318397.043, 93
Trd, 4318397.143, 87
Trd, 4318398.343, 86
Trd, 4318399.093, 89
Trd, 4318399.943, 90
Trd, 4318401.093, 104
Trd, 4318401.793, 90
Trd, 4318402.843, 100
Trd, 4318405.593, 89
Trd, 4318408.343, 86
Trd, 4318408.743, 87
Trd, 4318409.093, 96
Trd, 4318410.593, 91
Trd, 4318410.743, 104
Trd, 4318411.193, 95
Trd, 4318411.843, 97
Trd, 4318412.393, 95
Trd, 4318416.093, 98
Trd, 4318417.793, 94
Trd, 4318420.543, 94
Trd, 4318422.893, 90
Trd, 4318423.643, 97
Trd, 4318425.343, 94
Trd, 4318425.643, 91
Trd, 4318427.593, 92
Trd, 4318428.743, 93
Trd, 4318429.093, 104
Trd, 4318429.993, 98
Trd, 4318431.593, 98
Trd, 4318433.243, 101
Trd, 4318434.593, 97
Trd, 4318435.693, 93
Trd, 4318437.393, 91
Trd, 4318438.193, 99
Trd, 4318438.543, 99
Trd, 4318442.743, 94
Trd, 4318443.043, 97
Trd, 4318443.993, 92
Trd, 4318448.543, 93
Trd, 4318448.743, 97
Trd, 4318451.193, 96
Trd, 4318451.793, 96
Trd, 4318452.193, 92
Trd, 4318454.393, 95
Trd, 4318455.393, 96
Trd, 4318456.743, 97
Trd, 4318458.093, 100
Trd, 4318458.293, 101
Trd, 4318458.943, 96
Trd, 4318460.893, 98
Trd, 4318463.193, 94
Trd, 4318463.793, 96
Trd, 4318464.093, 95
Trd, 4318464.793, 79
Trd, 4318465.543, 91
Trd, 4318468.193, 88
Trd, 4318468.993, 91
Trd, 4318469.743, 89
Trd, 4318473.493, 90
Trd, 4318473.943, 89
Trd, 4318474.293, 82
Trd, 4318476.843, 105
Trd, 4318477.093, 88
Trd, 4318477.443, 100
Trd, 4318479.793, 92
Trd, 4318480.943, 88
Trd, 4318481.643, 90
Trd, 4318481.943, 89
Trd, 4318484.093, 88
Trd, 4318485.393, 87
Trd, 4318486.243, 88
Trd, 4318487.493, 90
Trd, 4318487.543, 89
Trd, 4318488.543, 89
Trd, 4318490.343, 94
Trd, 4318491.793, 96
Trd, 4318493.393, 94
Trd, 4318494.393, 94
Trd, 4318496.393, 94
Trd, 4318497.243, 95
Trd, 4318498.393, 95
Trd, 4318500.393, 95
Trd, 4318500.593, 93
Trd, 4318500.993, 96
Trd, 4318503.643, 93
Trd, 4318503.843, 96
Trd, 4318505.843, 96
Trd, 4318509.043, 96
Trd, 4318510.693, 93
Trd, 4318513.043, 96
Trd, 4318513.443, 96
Trd, 4318515.993, 93
Trd, 4318516.243, 95
Trd, 4318516.293, 93
Trd, 4318518.843, 96
Trd, 4318519.143, 92
Trd, 4318519.193, 78
Trd, 4318521.443, 93
Trd, 4318522.493, 89
Trd, 4318524.393, 87
Trd, 4318524.643, 89
Trd, 4318524.893, 88
Trd, 4318526.893, 95
Trd, 4318529.593, 91
Trd, 4318529.893, 91
Trd, 4318531.893, 91
Trd, 4318532.743, 90
Trd, 4318534.193, 92
Trd, 4318534.643, 95
Trd, 4318535.593, 91
Trd, 4318537.693, 90
Trd, 4318538.643, 90
Trd, 4318539.893, 90
Trd, 4318540.093, 89
Trd, 4318540.943, 89
Trd, 4318542.493, 99
Trd, 4318543.493, 99
Trd, 4318544.693, 98
Trd, 4318547.343, 96
Trd, 4318550.243, 96
Trd, 4318550.493, 82
Trd, 4318551.143, 93
Trd, 4318556.343, 92
Trd, 4318556.393, 94
Trd, 4318556.543, 95
Trd, 4318558.593, 91
Trd, 4318561.793, 94
Trd, 4318562.343, 90
Trd, 4318562.693, 89
Trd, 4318562.993, 94
Trd, 4318563.843, 95
Trd, 4318564.193, 95
Trd, 4318566.143, 98
Trd, 4318568.443, 98
Trd, 4318569.593, 96
Trd, 4318569.643, 95
Trd, 4318570.743, 94
Trd, 4318573.243, 98
Trd, 4318573.593, 93
Trd, 4318575.543, 94
Trd, 4318576.493, 100
Trd, 4318577.393, 100
Trd, 4318579.243, 94
Trd, 4318580.143, 93
Trd, 4318580.543, 103
Trd, 4318581.893, 99
Trd, 4318584.943, 99
Trd, 4318585.043, 104
Trd, 4318585.193, 96
Trd, 4318588.093, 102
Trd, 4318588.993, 97
Trd, 4318589.143, 95
Trd, 4318590.193, 88
Trd, 4318592.893, 86
Trd, 4318594.193, 84
Trd, 4318595.943, 91
Trd, 4318596.543, 94
Trd, 4318597.093, 100
Trd, 4318597.793, 95
Trd, 4318598.843, 94
Trd, 4318599.693, 102
Trd, 4318599.843, 105
Trd, 4318601.543, 93
Trd, 4318604.743, 99
Trd, 4318605.843, 99
Trd, 4318607.143, 98
Trd, 4318608.943, 98
Trd, 4318610.493, 100
Trd, 4318611.493, 101
Trd, 4318611.993, 100
Trd, 4318614.043, 94
Trd, 4318616.093, 100
Trd, 4318616.443, 104
Trd, 4318618.543, 98
Trd, 4318620.893, 97
Trd, 4318622.193, 101
Trd, 4318622.693, 96
Trd, 4318629.243, 96
Trd, 4318630.043, 95
Trd, 4318630.143, 98
Trd, 4318631.243, 99
Trd, 4318632.793, 95
Trd, 4318634.443, 99
Trd, 4318635.443, 94
Trd, 4318636.443, 98
Trd, 4318637.243, 94
Trd, 4318638.943, 97
Trd, 4318640.343, 95
Trd, 4318641.343, 93
Trd, 4318642.293, 95
Trd, 4318642.343, 94
Trd, 4318644.443, 91
Trd, 4318645.543, 77
Trd, 4318645.793, 78
Trd, 4318646.893, 86
Trd, 4318647.043, 96
Trd, 4318648.293, 93
Trd, 4318650.343, 104
Trd, 4318651.343, 95
Trd, 4318652.393, 99
Trd, 4318652.593, 98
Trd, 4318655.843, 98
Trd, 4318659.743, 95
Trd, 4318660.093, 94
Trd, 4318660.143, 98
Trd, 4318661.543, 77
Trd, 4318661.793, 86
Trd, 4318662.593, 84
Trd, 4318662.743, 99
Trd, 4318664.243, 90
Trd, 4318666.143, 85
Trd, 4318667.793, 84
Trd, 4318668.693, 101
Trd, 4318670.393, 88
Trd, 4318672.593, 83
Trd, 4318673.043, 86
Trd, 4318673.343, 86
Trd, 4318674.343, 106
Trd, 4318678.043, 94
Trd, 4318678.143, 89
Trd, 4318678.693, 91
Trd, 4318679.143, 93
Trd, 4318680.343, 89
Trd, 4318681.293, 91
Trd, 4318685.743, 96
Trd, 4318686.393, 90
Trd, 4318686.543, 90
Trd, 4318687.493, 97
Trd, 4318689.693, 90
Trd, 4318689.743, 89
Trd, 4318690.093, 96
Trd, 4318692.393, 79
Trd, 4318693.093, 85
Trd, 4318695.293, 97
Trd, 4318696.293, 92
Trd, 4318696.893, 92
Trd, 4318697.693, 82
Trd, 4318699.443, 91
Trd, 4318700.693, 89
Trd, 4318703.193, 90
Trd, 4318703.543, 89
Trd, 4318704.193, 90
Trd, 4318707.593, 98
Trd, 4318707.643, 93
Trd, 4318708.343, 96
Trd, 4318708.393, 92
Trd, 4318714.693, 92
Trd, 4318717.143, 91
Trd, 4318717.793, 90
Trd, 4318717.893, 92
Trd, 4318719.193, 90
Trd, 4318720.293, 96
Trd, 4318721.043, 89
Trd, 4318723.693, 91
Trd, 4318724.793, 92
Trd, 4318725.143, 96
Trd, 4318725.743, 89
Trd, 4318726.193, 89
Trd, 4318730.043, 89
Trd, 4318732.043, 90
Trd, 4318733.043, 88
Trd, 4318733.493, 88
Trd, 4318733.993, 88
Trd, 4318737.793, 89
Trd, 4318738.243, 96
Trd, 4318739.093, 88
Trd, 4318740.543, 87
Trd, 4318743.143, 90
Trd, 4318744.543, 88
Trd, 4318746.193, 89
Trd, 4318746.293, 91
Trd, 4318749.743, 92
Trd, 4318751.443, 92
Trd, 4318752.343, 92
Trd, 4318753.793, 95
Trd, 4318758.693, 92
Trd, 4318758.843, 91
Trd, 4318760.093, 92
Trd, 4318762.943, 90
Trd, 4318763.043, 92
Trd, 4318763.093, 89
Trd, 4318764.943, 92
Trd, 4318767.243, 94
Trd, 4318769.793, 91
Trd, 4318770.293, 95
Trd, 4318772.643, 96
Trd, 4318774.443, 94
Trd, 4318775.793, 96
Trd, 4318776.543, 105
Trd, 4318776.843, 95
Trd, 4318777.493, 98
Trd, 4318778.543, 95
Trd, 4318779.043, 94
Trd, 4318780.993, 97
Trd, 4318782.693, 93
Trd, 4318784.793, 95
Trd, 4318785.643, 98
Trd, 4318785.943, 93
Trd, 4318787.043, 94
Trd, 4318789.943, 93
Trd, 4318790.493, 86
Trd, 4318791.193, 91
Trd, 4318791.743, 94
Trd, 4318793.993, 95
Trd, 4318794.793, 92
Trd, 4318796.793, 97
Trd, 4318797.593, 88
Trd, 4318800.043, 91
Trd, 4318801.543, 90
Trd, 4318803.143, 94
Trd, 4318805.443, 92
Trd, 4318807.093, 90
Trd, 4318807.543, 92
Trd, 4318810.593, 90
Trd, 4318811.243, 92
Trd, 4318811.393, 84
Trd, 4318811.743, 91
Trd, 4318812.343, 89
Trd, 4318814.543, 87
Trd, 4318815.243, 95
Trd, 4318817.093, 89
Trd, 4318817.593, 91
Trd, 4318818.093, 89
Trd, 4318819.143, 89
Trd, 4318820.693, 93
Trd, 4318821.193, 90
Trd, 4318822.493, 95
Trd, 4318824.293, 91
Trd, 4318825.943, 91
Trd, 4318827.293, 90
Trd, 4318827.593, 95
Trd, 4318829.593, 92
Trd, 4318830.343, 93
Trd, 4318831.943, 92
Trd, 4318834.543, 94
Trd, 4318837.543, 92
Trd, 4318838.293, 91
Trd, 4318839.443, 91
Trd, 4318839.493, 93
Trd, 4318841.893, 90
Trd, 4318843.743, 91
Trd, 4318846.393, 92
Trd, 4318847.993, 90
Trd, 4318850.593, 92
Trd, 4318851.393, 89
Trd, 4318852.193, 88
Trd, 4318852.943, 92
Trd, 4318857.293, 93
Trd, 4318859.143, 90
Trd, 4318860.543, 88
Trd, 4318862.343, 88
Trd, 4318864.543, 89
Trd, 4318864.893, 88
Trd, 4318864.943, 95
Trd, 4318865.843, 98
Trd, 4318866.543, 97
Trd, 4318866.993, 99
Trd, 4318870.793, 93
Trd, 4318871.343, 92
Trd, 4318872.643, 96
Trd, 4318876.193, 92
Trd, 4318878.193, 94
Trd, 4318879.493, 92
Trd, 4318880.793, 95
Trd, 4318882.593, 91
Trd, 4318883.243, 90
Trd, 4318886.043, 93
Trd, 4318886.743, 92
Trd, 4318887.643, 91
Trd, 4318892.643, 90
Trd, 4318893.343, 93
Trd, 4318893.993, 90
Trd, 4318896.493, 93
Trd, 4318896.693, 95
Trd, 4318896.843, 89
Trd, 4318898.843, 99
Trd, 4318899.593, 97
Trd, 4318899.643, 90
Trd, 4318903.743, 91
Trd, 4318904.693, 91
Trd, 4318905.193, 91
Trd, 4318905.493, 92
Trd, 4318906.793, 89
Trd, 4318908.643, 95
Trd, 4318910.543, 105
Trd, 4318910.993, 97
Trd, 4318911.393, 82
Trd, 4318913.043, 79
Trd, 4318914.393, 90
Trd, 4318915.343, 84
Trd, 4318918.743, 94
Trd, 4318918.993, 90
Trd, 4318919.893, 95
Trd, 4318920.543, 94
Trd, 4318921.093, 97
Trd, 4318922.343, 89
Trd, 4318924.543, 96
Trd, 4318925.393, 96
Trd, 4318928.043, 95
Trd, 4318928.843, 101
Trd, 4318929.593, 94
Trd, 4318930.293, 97
Trd, 4318931.193, 97
Trd, 4318934.293, 96
Trd, 4318937.793, 97
Trd, 4318937.893, 102
Trd, 4318939.893, 96
Trd, 4318941.943, 97
Trd, 4318943.143, 95
Trd, 4318943.193, 96
Trd, 4318945.243, 98
Trd, 4318946.493, 92
Trd, 4318947.793, 90
Trd, 4318948.593, 91
Trd, 4318949.143, 88
Trd, 4318951.343, 100
Trd, 4318951.593, 92
Trd, 4318953.443, 81
Trd, 4318955.643, 92
Trd, 4318956.393, 92
Trd, 4318956.543, 91
Trd, 4318957.793, 94
Trd, 4318959.893, 91
Trd, 4318960.543, 90
Trd, 4318961.593, 89
Trd, 4318963.143, 90
Trd, 4318963.393, 95
Trd, 4318964.943, 105
Trd, 4318965.493, 87
Trd, 4318966.193, 91
Trd, 4318969.143, 94
Trd, 4318969.293, 95
Trd, 4318970.543, 99
Trd, 4318972.393, 98
Trd, 4318974.743, 98
Trd, 4318978.043, 95
Trd, 4318979.593, 92
Trd, 4318980.443, 105
Trd, 4318980.943, 97
Trd, 4318981.293, 92
Trd, 4318984.093, 94
Trd, 4318984.493, 98
Trd, 4318986.643, 97
Trd, 4318988.243, 96
Trd, 4318991.993, 96
Trd, 4318992.293, 97
Trd, 4318992.843, 97
Trd, 4318993.343, 97
Trd, 4318993.893, 94
Trd, 4318996.193, 92
Trd, 4318997.943, 88
Trd, 4318997.993, 97
Trd, 4319000.043, 87
Trd, 4319001.893, 89
Trd, 4319002.393, 93
Trd, 4319004.693, 95
Trd, 4319004.993, 91
Trd, 4319006.143, 104
Trd, 4319007.243, 95
Trd, 4319007.443, 92
Trd, 4319011.043, 94
Trd, 4319011.943, 95
Trd, 4319015.243, 96
Trd, 4319015.543, 94
Trd, 4319015.843, 94
Trd, 4319020.143, 96
Trd, 4319020.293, 93
Trd, 4319020.393, 92
Trd, 4319021.893, 96
Trd, 4319024.593, 95
Trd, 4319024.843, 91
Trd, 4319025.093, 89
Trd, 4319026.543, 95
Trd, 4319028.793, 95
Trd, 4319028.993, 91
Trd, 4319032.093, 92
Trd, 4319032.243, 91
Trd, 4319032.793, 90
Trd, 4319034.043, 93
Trd, 4319036.793, 89
Trd, 4319038.893, 93
Trd, 4319039.943, 96
Trd, 4319040.943, 94
Trd, 4319041.443, 98
Trd, 4319042.143, 96
Trd, 4319045.143, 94
Trd, 4319045.193, 98
Trd, 4319048.343, 96
Trd, 4319050.343, 93
Trd, 4319052.243, 93
Trd, 4319058.643, 95
Trd, 4319059.793, 93
Trd, 4319059.893, 95
Trd, 4319060.393, 92
Trd, 4319063.293, 90
Trd, 4319065.093, 93
Trd, 4319066.393, 90
Trd, 4319066.793, 91
Trd, 4319067.543, 90
Trd, 4319067.643, 95
Trd, 4319068.343, 98
Trd, 4319070.293, 97
Trd, 4319072.843, 96
Trd, 4319073.493, 94
Trd, 4319075.143, 98
Trd, 4319077.393, 94
Trd, 4319078.143, 93
Trd, 4319081.343, 97
Trd, 4319081.443, 93
Trd, 4319082.243, 93
Trd, 4319085.193, 93
Trd, 4319089.243, 93
Trd, 4319089.843, 96
Trd, 4319090.243, 95
Trd, 4319091.893, 87
Trd, 4319092.243, 89
Trd, 4319092.793, 90
Trd, 4319095.943, 89
Trd, 4319096.093, 90
Trd, 4319098.193, 91
Trd, 4319099.393, 89
Trd, 4319100.293, 87
Trd, 4319100.543, 90
Trd, 4319101.193, 88
Trd, 4319103.293, 86
Trd, 4319103.943, 88
Trd, 4319105.093, 95
Trd, 4319106.093, 100
Trd, 4319106.693, 98
Trd, 4319109.593, 95
Trd, 4319109.943, 92
Trd, 4319113.843, 90
Trd, 4319114.543, 90
Trd, 4319115.843, 90
Trd, 4319115.943, 97
Trd, 4319117.143, 95
Trd, 4319117.593, 94
Trd, 4319119.693, 94
Trd, 4319121.843, 97
Trd, 4319123.143, 93
Trd, 4319123.343, 98
Trd, 4319125.943, 92
Trd, 4319127.243, 92
Trd, 4319127.643, 94
Trd, 4319129.393, 95
Trd, 4319130.293, 94
Trd, 4319131.043, 91
Trd, 4319134.093, 95
Trd, 4319134.443, 92
Trd, 4319136.643, 91
Trd, 4319137.243, 90
Trd, 4319138.443, 91
Trd, 4319139.493, 91
Trd, 4319140.793, 91
Trd, 4319146.393, 90
Trd, 4319147.143, 89
Trd, 4319148.893, 90
Trd, 4319150.693, 88
Trd, 4319150.843, 95
Trd, 4319151.943, 88
Trd, 4319152.093, 94
Trd, 4319153.693, 104
Trd, 4319154.343, 96
Trd, 4319156.943, 98
Trd, 4319157.643, 94
Trd, 4319158.293, 94
Trd, 4319158.493, 97
Trd, 4319161.093, 97
Trd, 4319163.843, 96
Trd, 4319163.993, 93
Trd, 4319166.743, 97
Trd, 4319167.093, 95
Trd, 4319168.993, 96
Trd, 4319171.043, 94
Trd, 4319171.393, 96
Trd, 4319172.043, 97
Trd, 4319174.043, 93
Trd, 4319174.393, 93
Trd, 4319175.743, 97
Trd, 4319177.543, 88
Trd, 4319177.843, 101
Trd, 4319180.443, 92
Trd, 4319181.193, 92
Trd, 4319181.393, 92
Trd, 4319183.093, 95
Trd, 4319183.893, 91
Trd, 4319185.493, 92
Trd, 4319186.693, 91
Trd, 4319187.793, 92
Trd, 4319189.193, 91
Trd, 4319190.443, 90
Trd, 4319191.893, 90
Trd, 4319192.693, 90
Trd, 4319193.143, 91
Trd, 4319193.493, 89
Trd, 4319196.543, 89
Trd, 4319198.443, 91
Trd, 4319198.493, 95
Trd, 4319200.393, 90
Trd, 4319203.093, 89
Trd, 4319203.193, 92
Trd, 4319205.943, 89
Trd, 4319207.243, 93
Trd, 4319208.493, 88
Trd, 4319209.993, 90
Trd, 4319210.443, 95
Trd, 4319212.143, 87
Trd, 4319215.443, 92
Trd, 4319215.643, 86
Trd, 4319216.993, 82
Trd, 4319217.743, 86
Trd, 4319218.143, 85
Trd, 4319218.293, 87
Trd, 4319220.143, 87
Trd, 4319220.993, 96
Trd, 4319221.093, 86
Trd, 4319221.643, 79
Trd, 4319222.443, 83
Trd, 4319223.643, 81
Trd, 4319225.693, 89
Trd, 4319226.543, 83
Trd, 4319227.693, 85
Trd, 4319228.793, 86
Trd, 4319229.543, 96
Trd, 4319230.743, 100
Trd, 4319232.843, 100
Trd, 4319232.993, 105
Trd, 4319235.593, 99
Trd, 4319235.843, 97
Trd, 4319237.143, 91
Trd, 4319237.543, 98
Trd, 4319243.043, 101
Trd, 4319243.393, 98
Trd, 4319244.743, 96
Trd, 4319245.143, 99
Trd, 4319245.493, 94
Trd, 4319249.543, 96
Trd, 4319250.043, 95
Trd, 4319250.743, 95
Trd, 4319250.993, 96
Trd, 4319251.193, 93
Trd, 4319252.943, 92
Trd, 4319254.593, 91
Trd, 4319257.543, 95
Trd, 4319259.943, 92
Trd, 4319259.993, 92
Trd, 4319261.843, 85
Trd, 4319262.043, 90
Trd, 4319262.943, 96
Trd, 4319264.393, 86
Trd, 4319264.843, 93
Trd, 4319266.643, 92
Trd, 4319266.943, 92
Trd, 4319267.543, 91
Trd, 4319269.743, 91
Trd, 4319269.943, 96
Trd, 4319270.493, 89
Trd, 4319272.293, 90
Trd, 4319272.893, 87
Trd, 4319275.243, 101
Trd, 4319276.343, 99
Trd, 4319278.693, 95
Trd, 4319278.843, 94
Trd, 4319279.043, 104
Trd, 4319279.393, 97
Trd, 4319282.793, 98
Trd, 4319283.343, 93
Trd, 4319286.293, 96
Trd, 4319286.543, 93
Trd, 4319286.993, 96
Trd, 4319287.793, 92
Trd, 4319290.343, 95
Trd, 4319291.993, 91
Trd, 4319292.343, 91
Trd, 4319293.593, 95
Trd, 4319296.793, 93
Trd, 4319297.443, 93
Trd, 4319297.943, 91
Trd, 4319302.393, 93
Trd, 4319303.043, 95
Trd, 4319303.943, 90
Trd, 4319306.343, 93
Trd, 4319306.443, 89
Trd, 4319308.193, 95
Trd, 4319309.393, 89
Trd, 4319312.343, 92
Trd, 4319313.843, 92
Trd, 4319315.243, 92
Trd, 4319315.693, 92
Trd, 4319315.893, 95
Trd, 4319319.393, 93
Trd, 4319321.543, 92
Trd, 4319321.743, 91
Trd, 4319322.543, 93
Trd, 4319325.043, 93
Trd, 4319325.643, 95
Trd, 4319326.143, 91
Trd, 4319327.743, 96
Trd, 4319329.393, 91
Trd, 4319330.243, 96
Trd, 4319332.243, 93
Trd, 4319332.593, 94
Trd, 4319334.893, 94
Trd, 4319336.143, 95
Trd, 4319336.443, 92
Trd, 4319336.493, 90
Trd, 4319338.893, 91
Trd, 4319341.143, 98
Trd, 4319342.443, 95
Trd, 4319342.793, 95
Trd, 4319342.993, 94
Trd, 4319345.043, 94
Trd, 4319347.593, 94
Trd, 4319348.543, 95
Trd, 4319348.643, 94
Trd, 4319351.793, 94
Trd, 4319352.543, 93
Trd, 4319353.093, 95
Trd, 4319354.393, 92
Trd, 4319354.793, 104
Trd, 4319355.543, 95
Trd, 4319358.743, 98
Trd, 4319360.493, 96
Trd, 4319362.293, 96
Trd, 4319363.043, 94
Trd, 4319364.193, 94
Trd, 4319365.143, 94
Trd, 4319365.543, 105
Trd, 4319367.493, 97
Trd, 4319367.943, 93
Trd, 4319369.493, 94
Trd, 4319369.743, 92
Trd, 4319371.093, 95
Trd, 4319371.843, 90
Trd, 4319373.643, 91
Trd, 4319377.793, 92
Trd, 4319380.043, 91
Trd, 4319381.093, 89
Trd, 4319381.893, 89
Trd, 4319381.943, 93
Trd, 4319385.543, 94
Trd, 4319386.943, 89
Trd, 4319387.343, 95
Trd, 4319389.543, 95
Trd, 4319390.093, 93
Trd, 4319390.343, 95
Trd, 4319391.743, 95
Trd, 4319392.493, 93
Trd, 4319394.343, 91
Trd, 4319397.093, 90
Trd, 4319398.543, 93
Trd, 4319400.293, 89
Trd, 4319400.893, 93
Trd, 4319403.793, 93
Trd, 4319403.843, 95
Trd, 4319406.893, 91
Trd, 4319408.193, 100
Trd, 4319408.893, 99
Trd, 4319409.643, 93
Trd, 4319416.043, 93
Trd, 4319416.593, 96
Trd, 4319417.293, 97
Trd, 4319418.593, 94
Trd, 4319420.343, 93
Trd, 4319422.043, 92
Trd, 4319422.693, 90
Trd, 4319422.943, 88
Trd, 4319423.943, 85
Trd, 4319425.593, 104
Trd, 4319426.893, 101
Trd, 4319428.493, 101
Trd, 4319429.543, 97
Trd, 4319429.643, 92
Trd, 4319430.193, 95
Trd, 4319432.593, 96
Trd, 4319433.193, 96
Trd, 4319433.543, 95
Trd, 4319435.143, 95
Trd, 4319437.843, 95
Trd, 4319437.993, 93
Trd, 4319440.643, 93
Trd, 4319441.543, 94
Trd, 4319441.693, 93
Trd, 4319443.543, 93
Trd, 4319445.243, 94
Trd, 4319446.243, 93
Trd, 4319446.443, 95
Trd, 4319448.293, 93
Trd, 4319448.743, 91
Trd, 4319450.693, 90
Trd, 4319450.793, 90
Trd, 4319453.843, 96
Trd, 4319455.043, 90
Trd, 4319455.493, 89
Trd, 4319457.693, 90
Trd, 4319459.393, 87
Trd, 4319460.243, 82
Trd, 4319461.043, 96
Trd, 4319461.693, 83
Trd, 4319462.493, 86
Trd, 4319463.193, 78
Trd, 4319464.793, 98
Trd, 4319464.893, 104
Trd, 4319465.693, 95
Trd, 4319466.493, 92
Trd, 4319470.093, 93
Trd, 4319470.943, 97
Trd, 4319471.243, 92
Trd, 4319473.793, 98
Trd, 4319475.043, 95
Trd, 4319477.293, 92
Trd, 4319480.343, 95
Trd, 4319482.093, 93
Trd, 4319482.543, 93
Trd, 4319483.893, 95
Trd, 4319486.693, 91
Trd, 4319487.143, 95
Trd, 4319487.343, 96
Trd, 4319487.943, 101
Trd, 4319488.943, 101
Trd, 4319489.743, 94
Trd, 4319493.143, 94
Trd, 4319494.043, 86
Trd, 4319494.193, 86
Trd, 4319494.793, 87
Trd, 4319497.343, 104
Trd, 4319498.543, 99
Trd, 4319499.193, 100
Trd, 4319500.593, 99
Trd, 4319503.293, 97
Trd, 4319503.493, 97
Trd, 4319503.843, 99
Trd, 4319505.193, 86
Trd, 4319505.943, 81
Trd, 4319507.143, 93
Trd, 4319507.943, 96
Trd, 4319508.643, 93
Trd, 4319510.793, 92
Trd, 4319512.543, 99
Trd, 4319513.543, 91
Trd, 4319515.593, 93
Trd, 4319517.043, 95
Trd, 4319517.093, 96
Trd, 4319518.943, 96
Trd, 4319521.193, 98
Trd, 4319522.493, 97
Trd, 4319522.593, 105
Trd, 4319523.093, 99
Trd, 4319523.693, 94
Trd, 4319524.593, 98
Trd, 4319524.743, 101
Trd, 4319525.093, 94
Trd, 4319527.993, 105
Trd, 4319528.643, 102
Trd, 4319529.043, 92
Trd, 4319533.743, 100
Trd, 4319533.943, 100
Trd, 4319534.043, 98
Trd, 4319534.493, 91
Trd, 4319535.693, 111
Trd, 4319540.093, 103
Trd, 4319540.643, 92
Trd, 4319541.593, 78
Trd, 4319542.093, 82
Trd, 4319542.743, 90
Trd, 4319545.243, 85
Trd, 4319545.893, 86
Trd, 4319546.393, 83
Trd, 4319549.293, 97
Trd, 4319550.993, 96
Trd, 4319551.543, 98
Trd, 4319551.793, 107
Trd, 4319551.893, 93
Trd, 4319555.843, 92
Trd, 4319555.893, 93
Trd, 4319558.443, 95
Trd, 4319558.493, 96
Trd, 4319558.643, 91
Trd, 4319560.993, 84
Trd, 4319561.893, 86
Trd, 4319562.793, 86
Trd, 4319563.493, 88
Trd, 4319563.543, 87
Trd, 4319565.843, 88
Trd, 4319567.593, 96
Trd, 4319569.343, 91
Trd, 4319571.843, 96
Trd, 4319573.093, 94
Trd, 4319573.293, 103
Trd, 4319573.593, 101
Trd, 4319575.043, 98
Trd, 4319576.143, 101
Trd, 4319579.793, 98
Trd, 4319581.543, 99
Trd, 4319581.893, 100
Trd, 4319583.493, 97
Trd, 4319584.543, 99
Trd, 4319585.343, 100
Trd, 4319585.493, 96
Trd, 4319589.743, 100
Trd, 4319590.093, 99
Trd, 4319590.943, 96
Trd, 4319591.293, 88
Trd, 4319593.293, 89
Trd, 4319595.343, 93
Trd, 4319596.593, 96
Trd, 4319596.843, 80
Trd, 4319599.643, 88
Trd, 4319600.243, 95
Trd, 4319601.243, 91
Trd, 4319601.593, 93
Trd, 4319602.393, 86
Trd, 4319603.643, 96
Trd, 4319605.143, 107
Trd, 4319607.393, 94
Trd, 4319608.443, 91
Trd, 4319608.643, 96
Trd, 4319611.443, 96
Trd, 4319612.943, 95
Trd, 4319615.443, 94
Trd, 4319617.493, 96
Trd, 4319619.343, 92
Trd, 4319621.293, 96
Trd, 4319622.493, 96
Trd, 4319623.793, 91
Trd, 4319624.093, 97
Trd, 4319626.643, 92
Trd, 4319627.543, 97
Trd, 4319627.593, 92
Trd, 4319628.443, 97
Trd, 4319628.593, 91
Trd, 4319630.593, 92
Trd, 4319632.193, 94
Trd, 4319635.143, 92
Trd, 4319636.293, 91
Trd, 4319639.093, 94
Trd, 4319640.543, 90
Trd, 4319641.043, 92
Trd, 4319641.743, 95
Trd, 4319641.943, 89
Trd, 4319643.093, 93
Trd, 4319643.943, 93
Trd, 4319644.393, 101
Trd, 4319645.293, 93
Trd, 4319646.543, 92
Trd, 4319649.793, 96
Trd, 4319650.593, 97
Trd, 4319652.293, 93
Trd, 4319654.393, 97
Trd, 4319655.143, 92
Trd, 4319656.093, 91
Trd, 4319656.493, 90
Trd, 4319658.193, 92
Trd, 4319660.093, 91
Trd, 4319661.193, 98
Trd, 4319662.793, 91
Trd, 4319663.243, 95
Trd, 4319664.043, 96
Trd, 4319666.043, 90
Trd, 4319666.293, 95
Trd, 4319667.143, 90
Trd, 4319668.043, 96
Trd, 4319668.743, 104
Trd, 4319669.593, 89
Trd, 4319672.043, 87
Trd, 4319672.143, 86
Trd, 4319673.293, 87
Trd, 4319674.493, 88
Trd, 4319675.643, 104
Trd, 4319677.343, 92
Trd, 4319677.543, 97
Trd, 4319677.643, 91
Trd, 4319682.093, 97
Trd, 4319683.143, 111
Trd, 4319685.093, 104
Trd, 4319685.193, 104
Trd, 4319688.243, 92
Trd, 4319690.393, 98
Trd, 4319691.443, 99
Trd, 4319694.943, 97
Trd, 4319695.093, 100
Trd, 4319695.643, 95
Trd, 4319697.693, 94
Trd, 4319699.843, 100
Trd, 4319700.693, 95
Trd, 4319703.293, 98
Trd, 4319707.793, 97
Trd, 4319707.893, 94
Trd, 4319708.043, 97
Trd, 4319709.293, 95
Trd, 4319709.593, 97
Trd, 4319714.393, 94
Trd, 4319714.843, 96
Trd, 4319716.943, 93
Trd, 4319719.143, 94
Trd, 4319721.343, 96
Trd, 4319721.393, 92
Trd, 4319722.043, 94
Trd, 4319723.293, 92
Trd, 4319723.593, 92
Trd, 4319724.943, 95
Trd, 4319725.343, 92
Trd, 4319727.393, 95
Trd, 4319727.443, 91
Trd, 4319728.743, 117
Trd, 4319729.393, 113
Trd, 4319730.993, 110
Trd, 4319732.743, 110
Trd, 4319733.043, 103
Trd, 4319736.443, 97
Trd, 4319736.593, 91
Trd, 4319737.143, 98
Trd, 4319738.893, 99
Trd, 4319739.993, 98
Trd, 4319742.393, 105
Trd, 4319743.093, 98
Trd, 4319744.493, 99
Trd, 4319746.493, 97
Trd, 4319746.543, 100
Trd, 4319748.993, 96
Trd, 4319750.493, 96
Trd, 4319754.143, 95
Trd, 4319755.193, 94
Trd, 4319756.143, 96
Trd, 4319756.843, 96
Trd, 4319760.843, 93
Trd, 4319760.893, 95
Trd, 4319765.543, 93
Trd, 4319767.893, 93
Trd, 4319768.493, 105
Trd, 4319768.743, 92
Trd, 4319771.593, 91
Trd, 4319772.393, 96
Trd, 4319774.093, 90
Trd, 4319774.943, 95
Trd, 4319775.543, 96
Trd, 4319776.043, 90
Trd, 4319777.043, 94
Trd, 4319778.593, 96
Trd, 4319783.293, 91
Trd, 4319784.043, 97
Trd, 4319784.643, 94
Trd, 4319785.543, 91
Trd, 4319787.543, 93
Trd, 4319789.893, 92
Trd, 4319791.093, 90
Trd, 4319791.993, 96
Trd, 4319793.143, 91
Trd, 4319796.543, 90
Trd, 4319797.093, 92
Trd, 4319797.643, 92
Trd, 4319799.643, 95
Trd, 4319800.793, 103
Trd, 4319801.543, 93
Trd, 4319802.493, 89
Trd, 4319804.393, 90
Trd, 4319807.743, 91
Trd, 4319808.043, 95
Trd, 4319810.993, 95
Trd, 4319811.043, 91
Trd, 4319814.843, 92
Trd, 4319814.993, 102
Trd, 4319815.693, 101
Trd, 4319816.943, 91
Trd, 4319818.043, 97
Trd, 4319818.493, 94
Trd, 4319819.493, 94
Trd, 4319821.043, 97
Trd, 4319821.543, 93
Trd, 4319821.593, 97
Trd, 4319822.893, 105
Trd, 4319824.593, 94
Trd, 4319827.093, 95
Trd, 4319830.443, 94
Trd, 4319831.693, 95
Trd, 4319832.293, 93
Trd, 4319832.843, 95
Trd, 4319836.793, 94
Trd, 4319837.193, 92
Trd, 4319837.493, 92
Trd, 4319837.943, 92
Trd, 4319838.043, 94
Trd, 4319839.193, 95
Trd, 4319841.343, 94
Trd, 4319841.793, 95
Trd, 4319843.343, 96
Trd, 4319845.443, 103
Trd, 4319846.143, 100
Trd, 4319849.593, 99
Trd, 4319853.743, 96
Trd, 4319853.843, 93
Trd, 4319854.343, 95
Trd, 4319855.493, 95
Trd, 4319855.593, 95
Trd, 4319856.943, 94
Trd, 4319857.443, 95
Trd, 4319857.593, 93
Trd, 4319862.443, 93
Trd, 4319862.593, 95
Trd, 4319864.693, 91
Trd, 4319866.543, 91
Trd, 4319866.743, 90
Trd, 4319867.143, 96
Trd, 4319867.593, 91
Trd, 4319868.143, 97
Trd, 4319870.843, 96
Trd, 4319872.243, 94
Trd, 4319873.043, 95
Trd, 4319873.243, 95
Trd, 4319875.143, 93
Trd, 4319876.143, 92
Trd, 4319877.243, 104
Trd, 4319880.793, 95
Trd, 4319880.893, 97
Trd, 4319883.093, 94
Trd, 4319883.943, 97
Trd, 4319884.243, 97
Trd, 4319884.843, 97
Trd, 4319885.643, 104
Trd, 4319887.843, 97
Trd, 4319888.943, 97
Trd, 4319889.993, 94
Trd, 4319892.343, 93
Trd, 4319892.643, 93
Trd, 4319892.693, 96
Trd, 4319893.693, 96
Trd, 4319894.293, 92
Trd, 4319895.793, 96
Trd, 4319900.543, 92
Trd, 4319901.643, 95
Trd, 4319902.943, 95
Trd, 4319904.093, 92
Trd, 4319905.543, 96
Trd, 4319905.893, 96
Trd, 4319906.993, 104
Trd, 4319907.993, 95
Trd, 4319912.093, 97
Trd, 4319913.943, 94
Trd, 4319914.843, 93
Trd, 4319916.693, 85
Trd, 4319916.993, 88
Trd, 4319917.843, 98
Trd, 4319919.843, 98
Trd, 4319920.493, 93
Trd, 4319923.943, 93
Trd, 4319923.993, 96
Trd, 4319924.393, 93
Trd, 4319925.943, 96
Trd, 4319926.843, 97
Trd, 4319928.293, 97
Trd, 4319929.143, 101
Trd, 4319930.443, 104
Trd, 4319931.993, 97
Trd, 4319934.693, 100
Trd, 4319936.243, 97
Trd, 4319939.693, 99
Trd, 4319940.193, 97
Trd, 4319940.343, 94
Trd, 4319940.593, 99
Trd, 4319944.893, 96
Trd, 4319945.093, 98
Trd, 4319946.993, 95
Trd, 4319948.293, 94
Trd, 4319951.693, 94
Trd, 4319951.993, 99
Trd, 4319955.493, 100
Trd, 4319956.093, 95
Trd, 4319956.193, 101
Trd, 4319956.943, 101
Trd, 4319958.393, 94
Trd, 4319963.193, 93
Trd, 4319963.543, 95
Trd, 4319963.593, 93
Trd, 4319967.693, 95
Trd, 4319968.393, 95
Trd, 4319971.493, 94
Trd, 4319971.793, 93
Trd, 4319974.193, 92
Trd, 4319974.593, 96
Trd, 4319974.843, 91
Trd, 4319976.443, 82
Trd, 4319976.693, 96
Trd, 4319977.693, 87
Trd, 4319978.343, 91
Trd, 4319978.843, 90
Trd, 4319980.993, 96
Trd, 4319981.743, 102
Trd, 4319982.343, 100
Trd, 4319983.443, 91
Trd, 4319986.993, 90
Trd, 4319989.243, 104
Trd, 4319990.793, 92
Trd, 4319991.043, 83
Trd, 4319991.893, 90
Trd, 4319992.593, 88
Trd, 4319993.343, 92
Trd, 4319994.143, 97
Trd, 4319995.443, 102
Trd, 4319997.443, 101
Trd, 4319999.443, 95
Trd, 4319999.493, 92
Trd, 4319999.643, 99
Trd, 4319999.693, 99
