Trd, 4317886.093, 100
Trd, 4317888.043, 103
Trd, 4317888.393, 103
Trd, 4317889.893, 96
Trd, 4317890.293, 99
Trd, 4317891.893, 94
Trd, 4317892.493, 106
Trd, 4317893.693, 86
Trd, 4317894.843, 99
Trd, 4317896.043, 121
Trd, 4317898.043, 110
Trd, 4317898.093, 93
Trd, 4317898.793, 104
Trd, 4317900.043, 93
Trd, 4317900.943, 96
Trd, 4317903.443, 98
Trd, 4317904.193, 94
Trd, 4317905.243, 93
Trd, 4317906.293, 106
Trd, 4317907.443, 103
Trd, 4317908.443, 113
Trd, 4317908.843, 92
Trd, 4317910.343, 103
Trd, 4317912.793, 95
Trd, 4317913.343, 93
Trd, 4317914.343, 92
Trd, 4317916.293, 91
Trd, 4317916.993, 88
Trd, 4317917.293, 83
Trd, 4317917.993, 85
Trd, 4317919.643, 94
Trd, 4317920.993, 94
Trd, 4317921.393, 88
Trd, 4317924.093, 89
Trd, 4317928.143, 84
Trd, 4317928.193, 92
Trd, 4317929.293, 90
Trd, 4317930.393, 90
Trd, 4317931.043, 90
Trd, 4317932.243, 95
Trd, 4317934.193, 93
Trd, 4317934.493, 91
Trd, 4317935.893, 93
Trd, 4317937.693, 80
Trd, 4317938.493, 84
Trd, 4317938.893, 93
Trd, 4317939.843, 121
Trd, 4317943.493, 98
Trd, 4317943.543, 113
Trd, 4317944.043, 97
Trd, 4317945.293, 101
Trd, 4317946.693, 106
Trd, 4317950.143, 100
Trd, 4317950.243, 102
Trd, 4317951.943, 99
Trd, 4317953.243, 94
Trd, 4317953.593, 101
Trd, 4317957.543, 99
Trd, 4317959.143, 101
Trd, 4317960.143, 101
Trd, 4317961.793, 99
Trd, 4317962.743, 94
Trd, 4317965.593, 97
Trd, 4317967.193, 96
Trd, 4317967.293, 101
Trd, 4317970.543, 98
Trd, 4317971.543, 95
Trd, 4317971.943, 97
Trd, 4317972.493, 105
Trd, 4317973.143, 101
Trd, 4317974.393, 97
Trd, 4317977.393, 94
Trd, 4317978.443, 100
Trd, 4317980.293, 96
Trd, 4317980.943, 99
Trd, 4317985.043, 96
Trd, 4317985.743, 95
Trd, 4317985.843, 99
Trd, 4317986.293, 100
Trd, 4317988.543, 94
Trd, 4317991.593, 98
Trd, 4317991.693, 93
Trd, 4317994.493, 93
Trd, 4317994.543, 92
Trd, 4317995.643, 95
Trd, 4317996.193, 95
Trd, 4317998.343, 92
Trd, 4317999.743, 113
Trd, 4318001.743, 92
Trd, 4318002.093, 98
Trd, 4318004.193, 91
Trd, 4318004.943, 90
Trd, 4318006.493, 97
Trd, 4318007.493, 97
Trd, 4318009.343, 90
Trd, 4318011.643, 90
Trd, 4318012.143, 90
Trd, 4318014.693, 108
Trd, 4318015.093, 103
Trd, 4318015.643, 96
Trd, 4318017.743, 99
Trd, 4318020.793, 95
Trd, 4318021.293, 94
Trd, 4318021.393, 98
Trd, 4318023.443, 98
Trd, 4318023.493, 95
Trd, 4318026.843, 91
Trd, 4318027.093, 93
Trd, 4318028.693, 77
Trd, 4318029.043, 92
Trd, 4318031.943, 82
Trd, 4318032.693, 89
Trd, 4318033.643, 114
Trd, 4318034.443, 106
Trd, 4318035.543, 91
Trd, 4318037.093, 84
Trd, 4318039.043, 98
Trd, 4318039.293, 95
Trd, 4318039.943, 100
Trd, 4318041.293, 93
Trd, 4318041.693, 112
Trd, 4318043.693, 97
Trd, 4318044.593, 100
Trd, 4318046.493, 100
Trd, 4318048.393, 112
Trd, 4318049.893, 108
Trd, 4318049.943, 101
Trd, 4318053.043, 102
Trd, 4318054.793, 103
Trd, 4318056.293, 94
Trd, 4318057.393, 100
Trd, 4318057.493, 101
Trd, 4318057.843, 102
Trd, 4318059.993, 102
Trd, 4318061.243, 102
Trd, 4318062.693, 107
Trd, 4318062.993, 124
Trd, 4318063.793, 126
Trd, 4318065.843, 110
Trd, 4318069.493, 99
Trd, 4318069.943, 109
Trd, 4318070.143, 102
Trd, 4318071.343, 101
Trd, 4318072.393, 103
Trd, 4318072.493, 94
Trd, 4318074.943, 87
Trd, 4318077.043, 87
Trd, 4318077.493, 79
Trd, 4318078.493, 79
Trd, 4318078.993, 85
Trd, 4318079.393, 84
Trd, 4318080.143, 91
Trd, 4318081.593, 86
Trd, 4318082.293, 105
Trd, 4318084.893, 87
Trd, 4318087.743, 97
Trd, 4318088.543, 84
Trd, 4318088.793, 89
Trd, 4318091.543, 112
Trd, 4318091.993, 108
Trd, 4318092.493, 100
Trd, 4318092.843, 101
Trd, 4318094.293, 91
Trd, 4318097.643, 100
Trd, 4318098.243, 98
Trd, 4318098.943, 107
Trd, 4318101.343, 93
Trd, 4318102.693, 101
Trd, 4318102.843, 95
Trd, 4318103.293, 111
Trd, 4318104.993, 78
Trd, 4318106.143, 88
Trd, 4318106.843, 86
Trd, 4318107.993, 86
Trd, 4318108.443, 87
Trd, 4318109.193, 106
Trd, 4318109.643, 113
Trd, 4318111.743, 81
Trd, 4318112.893, 83
Trd, 4318115.743, 96
Trd, 4318115.943, 95
Trd, 4318116.693, 93
Trd, 4318117.343, 90
Trd, 4318119.743, 105
Trd, 4318122.743, 92
Trd, 4318123.093, 93
Trd, 4318123.443, 94
Trd, 4318125.793, 102
Trd, 4318125.943, 113
Trd, 4318126.443, 98
Trd, 4318126.793, 91
Trd, 4318128.793, 92
Trd, 4318129.143, 91
Trd, 4318130.143, 90
Trd, 4318132.093, 90
Trd, 4318132.893, 92
Trd, 4318135.043, 90
Trd, 4318135.893, 110
Trd, 4318139.643, 89
Trd, 4318140.043, 85
Trd, 4318140.093, 89
Trd, 4318141.093, 87
Trd, 4318141.143, 87
Trd, 4318142.593, 107
Trd, 4318142.843, 113
Trd, 4318143.643, 96
Trd, 4318144.043, 96
Trd, 4318144.543, 107
Trd, 4318146.243, 105
Trd, 4318146.443, 102
Trd, 4318147.743, 98
Trd, 4318149.193, 103
Trd, 4318150.243, 110
Trd, 4318150.893, 87
Trd, 4318152.793, 115
Trd, 4318153.743, 120
Trd, 4318154.543, 113
Trd, 4318156.493, 112
Trd, 4318157.143, 124
Trd, 4318157.343, 120
Trd, 4318160.243, 103
Trd, 4318161.043, 106
Trd, 4318161.593, 107
Trd, 4318162.143, 112
Trd, 4318163.693, 103
Trd, 4318166.943, 101
Trd, 4318167.393, 100
Trd, 4318169.143, 110
Trd, 4318169.343, 120
Trd, 4318171.393, 105
Trd, 4318172.043, 103
Trd, 4318172.243, 111
Trd, 4318174.693, 102
Trd, 4318177.643, 109
Trd, 4318178.293, 91
Trd, 4318179.343, 102
Trd, 4318181.243, 99
Trd, 4318182.543, 100
Trd, 4318184.043, 92
Trd, 4318186.543, 98
Trd, 4318186.593, 94
Trd, 4318187.593, 100
Trd, 4318188.193, 79
Trd, 4318188.843, 100
Trd, 4318192.543, 107
Trd, 4318193.143, 103
Trd, 4318193.193, 113
Trd, 4318193.743, 109
Trd, 4318195.043, 101
Trd, 4318196.893, 117
Trd, 4318197.443, 103
Trd, 4318198.493, 94
Trd, 4318199.893, 101
Trd, 4318201.393, 98
Trd, 4318203.843, 103
Trd, 4318204.043, 124
Trd, 4318204.693, 105
Trd, 4318206.893, 103
Trd, 4318207.793, 103
Trd, 4318209.793, 102
Trd, 4318210.993, 94
Trd, 4318212.193, 97
Trd, 4318212.993, 104
Trd, 4318214.043, 102
Trd, 4318216.693, 99
Trd, 4318217.843, 94
Trd, 4318221.093, 97
Trd, 4318221.793, 96
Trd, 4318222.293, 102
Trd, 4318223.093, 109
Trd, 4318224.293, 113
Trd, 4318226.593, 98
Trd, 4318227.793, 101
Trd, 4318227.843, 104
Trd, 4318228.993, 107
Trd, 4318230.143, 85
Trd, 4318231.843, 91
Trd, 4318233.643, 96
Trd, 4318236.393, 100
Trd, 4318236.743, 97
Trd, 4318237.293, 118
Trd, 4318237.693, 120
Trd, 4318238.093, 112
Trd, 4318240.793, 107
Trd, 4318241.193, 94
Trd, 4318241.593, 116
Trd, 4318243.593, 111
Trd, 4318245.493, 106
Trd, 4318246.193, 103
Trd, 4318249.193, 93
Trd, 4318250.293, 88
Trd, 4318250.493, 109
Trd, 4318251.643, 103
Trd, 4318252.993, 99
Trd, 4318256.893, 99
Trd, 4318256.993, 102
Trd, 4318257.843, 97
Trd, 4318260.543, 95
Trd, 4318260.793, 102
Trd, 4318261.993, 102
Trd, 4318264.893, 98
Trd, 4318265.143, 102
Trd, 4318267.343, 102
Trd, 4318267.893, 105
Trd, 4318269.493, 101
Trd, 4318269.893, 115
Trd, 4318270.993, 107
Trd, 4318271.293, 119
Trd, 4318271.743, 94
Trd, 4318272.793, 94
Trd, 4318274.643, 94
Trd, 4318274.943, 96
Trd, 4318275.643, 116
Trd, 4318277.943, 93
Trd, 4318279.343, 117
Trd, 4318280.593, 100
Trd, 4318282.243, 100
Trd, 4318282.293, 92
Trd, 4318282.593, 117
Trd, 4318284.393, 110
Trd, 4318284.593, 94
Trd, 4318286.193, 91
Trd, 4318286.893, 86
Trd, 4318288.393, 97
Trd, 4318289.693, 95
Trd, 4318292.193, 97
Trd, 4318293.543, 96
Trd, 4318295.193, 98
Trd, 4318297.843, 97
Trd, 4318298.043, 95
Trd, 4318298.243, 106
Trd, 4318298.443, 102
Trd, 4318299.393, 102
Trd, 4318300.193, 117
Trd, 4318301.493, 111
Trd, 4318303.743, 102
Trd, 4318304.993, 108
Trd, 4318307.293, 105
Trd, 4318307.893, 102
Trd, 4318308.493, 94
Trd, 4318308.543, 105
Trd, 4318310.843, 79
Trd, 4318311.143, 91
Trd, 4318313.243, 90
Trd, 4318314.893, 90
Trd, 4318315.843, 109
Trd, 4318317.843, 93
Trd, 4318318.543, 94
Trd, 4318319.293, 95
Trd, 4318320.243, 111
Trd, 4318320.893, 103
Trd, 4318322.343, 116
Trd, 4318322.843, 103
Trd, 4318323.993, 91
Trd, 4318326.293, 108
Trd, 4318327.043, 103
Trd, 4318327.843, 109
Trd, 4318330.343, 102
Trd, 4318330.643, 101
Trd, 4318331.443, 108
Trd, 4318331.843, 110
Trd, 4318333.443, 101
Trd, 4318335.693, 80
Trd, 4318336.493, 87
Trd, 4318337.243, 114
Trd, 4318338.743, 90
Trd, 4318339.943, 89
Trd, 4318340.043, 93
Trd, 4318340.143, 87
Trd, 4318341.243, 90
Trd, 4318344.943, 87
Trd, 4318346.043, 89
Trd, 4318346.393, 101
Trd, 4318347.243, 86
Trd, 4318348.743, 89
Trd, 4318349.143, 94
Trd, 4318352.743, 95
Trd, 4318353.643, 92
Trd, 4318354.743, 92
Trd, 4318354.993, 105
Trd, 4318356.043, 103
Trd, 4318357.443, 96
Trd, 4318358.843, 98
Trd, 4318359.093, 100
Trd, 4318361.643, 114
Trd, 4318362.343, 97
Trd, 4318362.743, 95
Trd, 4318366.193, 105
Trd, 4318368.193, 96
Trd, 4318368.893, 106
Trd, 4318369.593, 104
Trd, 4318370.343, 97
Trd, 4318371.143, 94
Trd, 4318373.543, 88
Trd, 4318373.893, 88
Trd, 4318374.043, 92
Trd, 4318375.943, 93
Trd, 4318378.143, 94
Trd, 4318379.193, 92
Trd, 4318380.443, 93
Trd, 4318381.343, 113
Trd, 4318383.693, 95
Trd, 4318384.343, 98
Trd, 4318384.693, 105
Trd, 4318385.743, 94
Trd, 4318387.393, 100
Trd, 4318387.943, 93
Trd, 4318388.893, 77
Trd, 4318389.543, 91
Trd, 4318390.993, 88
Trd, 4318392.793, 88
Trd, 4318394.743, 89
Trd, 4318395.093, 87
Trd, 4318395.893, 108
Trd, 4318396.643, 102
Trd, 4318398.443, 110
Trd, 4318399.093, 105
Trd, 4318401.493, 97
Trd, 4318401.593, 102
Trd, 4318402.393, 106
Trd, 4318403.243, 81
Trd, 4318404.393, 107
Trd, 4318405.343, 98
Trd, 4318406.243, 110
Trd, 4318406.543, 101
Trd, 4318409.643, 101
Trd, 4318410.493, 94
Trd, 4318410.643, 103
Trd, 4318411.943, 83
Trd, 4318412.443, 93
Trd, 4318415.643, 79
Trd, 4318416.593, 91
Trd, 4318418.043, 87
Trd, 4318420.393, 87
Trd, 4318421.293, 84
Trd, 4318422.943, 77
Trd, 4318423.293, 86
Trd, 4318424.143, 82
Trd, 4318425.393, 90
Trd, 4318425.743, 83
Trd, 4318428.643, 86
Trd, 4318429.393, 113
Trd, 4318429.993, 91
Trd, 4318430.743, 102
Trd, 4318431.193, 103
Trd, 4318433.493, 107
Trd, 4318435.143, 101
Trd, 4318436.793, 100
Trd, 4318438.193, 99
Trd, 4318438.393, 99
Trd, 4318439.593, 91
Trd, 4318442.093, 98
Trd, 4318442.793, 99
Trd, 4318443.793, 97
Trd, 4318444.643, 111
Trd, 4318447.443, 102
Trd, 4318447.693, 99
Trd, 4318447.793, 94
Trd, 4318449.493, 103
Trd, 4318450.393, 93
Trd, 4318450.743, 104
Trd, 4318451.693, 107
Trd, 4318452.393, 105
Trd, 4318453.993, 81
Trd, 4318454.693, 113
Trd, 4318456.643, 107
Trd, 4318457.293, 99
Trd, 4318460.143, 94
Trd, 4318460.943, 104
Trd, 4318464.143, 98
Trd, 4318465.743, 97
Trd, 4318467.493, 101
Trd, 4318468.693, 114
Trd, 4318468.793, 96
Trd, 4318471.843, 95
Trd, 4318472.393, 84
Trd, 4318472.793, 102
Trd, 4318473.193, 103
Trd, 4318473.893, 100
Trd, 4318477.343, 96
Trd, 4318477.893, 93
Trd, 4318478.793, 96
Trd, 4318478.943, 97
Trd, 4318483.243, 96
Trd, 4318485.243, 98
Trd, 4318485.343, 93
Trd, 4318486.093, 94
Trd, 4318487.743, 87
Trd, 4318487.843, 105
Trd, 4318488.693, 81
Trd, 4318489.843, 87
Trd, 4318491.493, 97
Trd, 4318494.443, 96
Trd, 4318494.793, 109
Trd, 4318495.793, 94
Trd, 4318496.193, 87
Trd, 4318496.693, 92
Trd, 4318497.843, 95
Trd, 4318498.843, 104
Trd, 4318499.593, 91
Trd, 4318500.593, 86
Trd, 4318502.693, 122
Trd, 4318503.743, 99
Trd, 4318504.843, 110
Trd, 4318504.893, 100
Trd, 4318505.543, 117
Trd, 4318506.693, 116
Trd, 4318506.943, 104
Trd, 4318510.843, 103
Trd, 4318511.393, 98
Trd, 4318512.343, 93
Trd, 4318513.743, 102
Trd, 4318515.293, 101
Trd, 4318515.893, 103
Trd, 4318518.693, 101
Trd, 4318519.743, 94
Trd, 4318520.643, 102
Trd, 4318522.143, 113
Trd, 4318525.243, 103
Trd, 4318526.693, 101
Trd, 4318527.843, 102
Trd, 4318527.893, 100
Trd, 4318530.193, 99
Trd, 4318530.943, 82
Trd, 4318534.343, 103
Trd, 4318535.443, 96
Trd, 4318535.693, 106
Trd, 4318538.093, 105
Trd, 4318538.443, 102
Trd, 4318540.743, 99
Trd, 4318541.793, 93
Trd, 4318543.593, 83
Trd, 4318543.743, 92
Trd, 4318545.293, 87
Trd, 4318547.043, 87
Trd, 4318547.893, 86
Trd, 4318549.243, 115
Trd, 4318549.493, 105
Trd, 4318551.843, 111
Trd, 4318551.993, 97
Trd, 4318553.643, 109
Trd, 4318554.593, 104
Trd, 4318556.143, 112
Trd, 4318557.243, 113
Trd, 4318558.393, 103
Trd, 4318559.693, 100
Trd, 4318559.893, 93
Trd, 4318560.493, 108
Trd, 4318560.693, 79
Trd, 4318565.393, 96
Trd, 4318567.993, 89
Trd, 4318568.443, 89
Trd, 4318569.093, 88
Trd, 4318570.743, 94
Trd, 4318571.543, 90
Trd, 4318574.243, 86
Trd, 4318574.743, 90
Trd, 4318577.193, 115
Trd, 4318577.443, 97
Trd, 4318580.143, 95
Trd, 4318580.793, 97
Trd, 4318581.943, 97
Trd, 4318582.343, 94
Trd, 4318583.743, 97
Trd, 4318585.643, 97
Trd, 4318586.343, 82
Trd, 4318586.893, 88
Trd, 4318586.993, 91
Trd, 4318588.243, 98
Trd, 4318591.243, 95
Trd, 4318591.293, 109
Trd, 4318592.943, 101
Trd, 4318593.193, 94
Trd, 4318595.293, 98
Trd, 4318596.493, 97
Trd, 4318596.543, 96
Trd, 4318598.043, 104
Trd, 4318599.443, 98
Trd, 4318599.543, 101
Trd, 4318600.393, 93
Trd, 4318601.143, 120
Trd, 4318605.843, 104
Trd, 4318605.943, 94
Trd, 4318607.893, 100
Trd, 4318611.943, 99
Trd, 4318612.743, 104
Trd, 4318613.393, 97
Trd, 4318613.643, 104
Trd, 4318614.243, 104
Trd, 4318618.243, 97
Trd, 4318619.043, 96
Trd, 4318619.643, 102
Trd, 4318619.893, 102
Trd, 4318620.993, 104
Trd, 4318623.993, 97
Trd, 4318625.143, 104
Trd, 4318625.343, 96
Trd, 4318627.393, 93
Trd, 4318630.593, 103
Trd, 4318632.093, 97
Trd, 4318632.243, 103
Trd, 4318632.793, 96
Trd, 4318633.643, 116
Trd, 4318634.393, 94
Trd, 4318635.143, 118
Trd, 4318635.893, 94
Trd, 4318637.443, 111
Trd, 4318638.643, 97
Trd, 4318640.843, 102
Trd, 4318641.143, 103
Trd, 4318641.193, 99
Trd, 4318646.243, 97
Trd, 4318648.293, 104
Trd, 4318648.393, 96
Trd, 4318649.743, 96
Trd, 4318650.893, 109
Trd, 4318651.493, 117
Trd, 4318651.793, 94
Trd, 4318652.293, 113
Trd, 4318654.043, 104
Trd, 4318655.943, 102
Trd, 4318656.843, 101
Trd, 4318658.193, 104
Trd, 4318659.993, 94
Trd, 4318660.743, 97
Trd, 4318663.693, 101
Trd, 4318663.893, 99
Trd, 4318665.893, 101
Trd, 4318666.143, 101
Trd, 4318667.193, 99
Trd, 4318668.343, 98
Trd, 4318670.843, 104
Trd, 4318671.793, 97
Trd, 4318671.993, 102
Trd, 4318672.443, 115
Trd, 4318672.543, 110
Trd, 4318675.843, 108
Trd, 4318676.293, 115
Trd, 4318677.893, 103
Trd, 4318677.943, 94
Trd, 4318679.543, 111
Trd, 4318681.293, 105
Trd, 4318682.743, 101
Trd, 4318683.893, 106
Trd, 4318684.643, 104
Trd, 4318686.893, 104
Trd, 4318687.493, 107
Trd, 4318688.793, 100
Trd, 4318691.743, 102
Trd, 4318695.543, 99
Trd, 4318696.293, 101
Trd, 4318697.543, 98
Trd, 4318699.093, 101
Trd, 4318700.693, 106
Trd, 4318702.243, 94
Trd, 4318703.393, 100
Trd, 4318705.793, 102
Trd, 4318705.943, 97
Trd, 4318707.293, 107
Trd, 4318707.893, 122
Trd, 4318709.693, 107
Trd, 4318710.243, 109
Trd, 4318710.293, 105
Trd, 4318711.293, 101
Trd, 4318712.143, 93
Trd, 4318712.693, 102
Trd, 4318714.543, 97
Trd, 4318714.793, 101
Trd, 4318716.993, 99
Trd, 4318717.093, 102
Trd, 4318722.243, 99
Trd, 4318722.843, 103
Trd, 4318723.293, 99
Trd, 4318723.643, 98
Trd, 4318724.693, 104
Trd, 4318725.543, 105
Trd, 4318727.093, 107
Trd, 4318727.143, 99
Trd, 4318729.193, 99
Trd, 4318729.543, 102
Trd, 4318732.393, 97
Trd, 4318734.493, 94
Trd, 4318735.093, 97
Trd, 4318737.793, 99
Trd, 4318738.443, 97
Trd, 4318738.943, 117
Trd, 4318739.493, 96
Trd, 4318740.693, 94
Trd, 4318741.443, 96
Trd, 4318741.993, 82
Trd, 4318743.193, 90
Trd, 4318744.243, 89
Trd, 4318745.443, 100
Trd, 4318747.793, 91
Trd, 4318749.643, 88
Trd, 4318749.943, 92
Trd, 4318750.393, 87
Trd, 4318752.643, 110
Trd, 4318753.993, 92
Trd, 4318754.593, 113
Trd, 4318754.743, 91
Trd, 4318757.343, 100
Trd, 4318757.743, 93
Trd, 4318758.593, 80
Trd, 4318760.093, 83
Trd, 4318760.793, 85
Trd, 4318763.693, 97
Trd, 4318764.643, 95
Trd, 4318765.343, 90
Trd, 4318766.293, 77
Trd, 4318768.743, 94
Trd, 4318769.843, 112
Trd, 4318770.343, 113
Trd, 4318770.543, 93
Trd, 4318772.943, 95
Trd, 4318773.193, 93
Trd, 4318774.393, 81
Trd, 4318775.393, 90
Trd, 4318776.343, 90
Trd, 4318777.443, 106
Trd, 4318777.493, 87
Trd, 4318780.143, 110
Trd, 4318782.493, 98
Trd, 4318783.493, 122
Trd, 4318785.693, 103
Trd, 4318787.143, 104
Trd, 4318787.693, 100
Trd, 4318788.593, 104
Trd, 4318790.843, 99
Trd, 4318793.093, 84
Trd, 4318794.043, 94
Trd, 4318794.143, 103
Trd, 4318795.993, 101
Trd, 4318798.793, 99
Trd, 4318799.593, 94
Trd, 4318799.643, 101
Trd, 4318799.743, 105
Trd, 4318801.893, 104
Trd, 4318804.593, 103
Trd, 4318804.843, 104
Trd, 4318806.993, 104
Trd, 4318807.043, 99
Trd, 4318809.593, 107
Trd, 4318810.243, 100
Trd, 4318812.843, 99
Trd, 4318813.243, 94
Trd, 4318813.493, 102
Trd, 4318814.493, 103
Trd, 4318816.093, 97
Trd, 4318817.193, 102
Trd, 4318820.393, 98
Trd, 4318822.543, 99
Trd, 4318822.843, 102
Trd, 4318823.893, 94
Trd, 4318825.643, 105
Trd, 4318826.193, 105
Trd, 4318826.393, 99
Trd, 4318828.693, 105
Trd, 4318829.143, 101
Trd, 4318831.393, 101
Trd, 4318831.893, 105
Trd, 4318832.843, 105
Trd, 4318833.943, 94
Trd, 4318834.743, 100
Trd, 4318835.793, 92
Trd, 4318838.093, 113
Trd, 4318839.243, 91
Trd, 4318840.543, 97
Trd, 4318841.943, 96
Trd, 4318843.243, 97
Trd, 4318844.693, 99
Trd, 4318845.543, 98
Trd, 4318847.693, 94
Trd, 4318848.543, 98
Trd, 4318850.543, 115
Trd, 4318850.843, 98
Trd, 4318851.093, 81
Trd, 4318855.243, 97
Trd, 4318856.193, 97
Trd, 4318856.493, 100
Trd, 4318857.393, 100
Trd, 4318859.343, 96
Trd, 4318860.243, 94
Trd, 4318862.393, 101
Trd, 4318865.843, 98
Trd, 4318867.743, 101
Trd, 4318869.343, 101
Trd, 4318869.743, 97
Trd, 4318871.193, 101
Trd, 4318871.643, 94
Trd, 4318872.493, 101
Trd, 4318872.943, 95
Trd, 4318874.093, 109
Trd, 4318876.293, 94
Trd, 4318878.243, 100
Trd, 4318878.893, 100
Trd, 4318879.043, 95
Trd, 4318881.093, 96
Trd, 4318881.193, 100
Trd, 4318881.643, 100
Trd, 4318884.443, 97
Trd, 4318885.693, 106
Trd, 4318885.893, 98
Trd, 4318888.543, 97
Trd, 4318889.543, 98
Trd, 4318890.043, 97
Trd, 4318891.093, 94
Trd, 4318892.543, 95
Trd, 4318893.293, 95
Trd, 4318894.693, 94
Trd, 4318895.293, 115
Trd, 4318896.043, 113
Trd, 4318897.293, 104
Trd, 4318899.093, 99
Trd, 4318901.093, 93
Trd, 4318901.593, 97
Trd, 4318902.243, 84
Trd, 4318903.593, 97
Trd, 4318904.293, 88
Trd, 4318906.393, 102
Trd, 4318907.643, 111
Trd, 4318908.243, 102
Trd, 4318909.693, 101
Trd, 4318910.343, 100
Trd, 4318911.743, 93
Trd, 4318912.393, 119
Trd, 4318914.693, 104
Trd, 4318916.543, 104
Trd, 4318918.943, 99
Trd, 4318919.093, 93
Trd, 4318920.643, 100
Trd, 4318921.293, 101
Trd, 4318923.893, 99
Trd, 4318924.043, 99
Trd, 4318925.393, 100
Trd, 4318928.393, 101
Trd, 4318929.843, 101
Trd, 4318933.143, 99
Trd, 4318933.743, 98
Trd, 4318935.343, 101
Trd, 4318935.593, 102
Trd, 4318936.293, 98
Trd, 4318938.343, 101
Trd, 4318938.843, 101
Trd, 4318939.793, 97
Trd, 4318940.193, 94
Trd, 4318942.493, 116
Trd, 4318942.643, 107
Trd, 4318943.143, 93
Trd, 4318946.143, 101
Trd, 4318946.943, 100
Trd, 4318949.993, 104
Trd, 4318950.093, 106
Trd, 4318951.093, 105
Trd, 4318952.543, 106
Trd, 4318954.193, 101
Trd, 4318954.293, 105
Trd, 4318956.843, 102
Trd, 4318958.893, 101
Trd, 4318960.093, 104
Trd, 4318960.293, 105
Trd, 4318961.493, 100
Trd, 4318962.393, 105
Trd, 4318962.643, 113
Trd, 4318963.643, 100
Trd, 4318965.193, 107
Trd, 4318968.393, 106
Trd, 4318969.243, 93
Trd, 4318969.443, 106
Trd, 4318970.743, 99
Trd, 4318971.943, 93
Trd, 4318973.643, 93
Trd, 4318974.393, 89
Trd, 4318975.043, 104
Trd, 4318977.543, 107
Trd, 4318978.493, 97
Trd, 4318981.543, 96
Trd, 4318982.043, 90
Trd, 4318982.543, 82
Trd, 4318983.093, 95
Trd, 4318984.643, 95
Trd, 4318985.693, 114
Trd, 4318985.793, 96
Trd, 4318986.143, 99
Trd, 4318988.093, 93
Trd, 4318988.993, 93
Trd, 4318990.943, 119
Trd, 4318991.393, 116
Trd, 4318992.693, 109
Trd, 4318993.043, 77
Trd, 4318995.893, 94
Trd, 4318996.743, 96
Trd, 4318998.293, 96
Trd, 4318999.093, 96
Trd, 4318999.443, 77
Trd, 4319001.743, 113
Trd, 4319002.043, 94
Trd, 4319002.843, 95
Trd, 4319002.993, 99
Trd, 4319005.043, 108
Trd, 4319005.943, 98
Trd, 4319006.443, 98
Trd, 4319006.893, 94
Trd, 4319009.743, 100
Trd, 4319011.243, 98
Trd, 4319011.793, 82
Trd, 4319015.243, 90
Trd, 4319015.493, 94
Trd, 4319016.843, 91
Trd, 4319018.593, 100
Trd, 4319019.243, 104
Trd, 4319020.943, 104
Trd, 4319023.493, 106
Trd, 4319023.643, 94
Trd, 4319025.393, 117
Trd, 4319026.443, 108
Trd, 4319027.593, 107
Trd, 4319028.743, 115
Trd, 4319029.743, 103
Trd, 4319030.743, 107
Trd, 4319031.143, 94
Trd, 4319034.043, 99
Trd, 4319034.593, 117
Trd, 4319035.193, 102
Trd, 4319035.893, 101
Trd, 4319035.943, 93
Trd, 4319037.143, 101
Trd, 4319038.443, 99
Trd, 4319040.493, 94
Trd, 4319041.393, 100
Trd, 4319041.893, 115
Trd, 4319045.243, 104
Trd, 4319045.943, 104
Trd, 4319046.143, 100
Trd, 4319047.043, 102
Trd, 4319047.393, 105
Trd, 4319048.993, 101
Trd, 4319050.043, 104
Trd, 4319051.693, 99
Trd, 4319054.143, 104
Trd, 4319055.343, 104
Trd, 4319056.443, 95
Trd, 4319057.043, 94
Trd, 4319057.393, 106
Trd, 4319058.043, 113
Trd, 4319060.943, 107
Trd, 4319061.143, 96
Trd, 4319062.593, 97
Trd, 4319063.893, 99
Trd, 4319064.793, 97
Trd, 4319066.843, 99
Trd, 4319067.043, 102
Trd, 4319067.193, 115
Trd, 4319069.493, 116
Trd, 4319069.543, 122
Trd, 4319070.193, 98
Trd, 4319070.293, 93
Trd, 4319073.493, 94
Trd, 4319074.243, 101
Trd, 4319076.643, 101
Trd, 4319077.843, 99
Trd, 4319079.593, 100
Trd, 4319080.043, 100
Trd, 4319081.893, 98
Trd, 4319082.493, 95
Trd, 4319085.593, 100
Trd, 4319086.593, 94
Trd, 4319088.243, 101
Trd, 4319088.843, 98
Trd, 4319091.593, 97
Trd, 4319091.993, 101
Trd, 4319093.693, 117
Trd, 4319094.843, 104
Trd, 4319095.943, 96
Trd, 4319096.393, 103
Trd, 4319098.643, 94
Trd, 4319101.893, 98
Trd, 4319103.893, 101
Trd, 4319103.943, 107
Trd, 4319105.343, 93
Trd, 4319105.693, 94
Trd, 4319108.743, 103
Trd, 4319110.193, 95
Trd, 4319110.643, 102
Trd, 4319111.543, 94
Trd, 4319114.493, 102
Trd, 4319114.793, 100
Trd, 4319115.493, 106
Trd, 4319118.293, 99
Trd, 4319120.193, 98
Trd, 4319122.143, 97
Trd, 4319124.843, 103
Trd, 4319125.993, 103
Trd, 4319128.343, 98
Trd, 4319128.943, 94
Trd, 4319129.793, 103
Trd, 4319130.593, 97
Trd, 4319131.443, 103
Trd, 4319131.743, 96
Trd, 4319133.243, 103
Trd, 4319134.743, 107
Trd, 4319136.743, 106
Trd, 4319137.193, 94
Trd, 4319138.543, 97
Trd, 4319139.693, 96
Trd, 4319140.243, 96
Trd, 4319141.393, 104
Trd, 4319144.093, 98
Trd, 4319144.193, 116
Trd, 4319145.293, 79
Trd, 4319146.693, 104
Trd, 4319147.493, 92
Trd, 4319149.293, 101
Trd, 4319150.593, 96
Trd, 4319152.843, 100
Trd, 4319154.043, 95
Trd, 4319156.093, 95
Trd, 4319156.193, 101
Trd, 4319158.543, 94
Trd, 4319159.243, 113
Trd, 4319159.893, 118
Trd, 4319162.143, 94
Trd, 4319163.493, 94
Trd, 4319164.793, 104
Trd, 4319167.293, 100
Trd, 4319169.293, 99
Trd, 4319169.543, 104
Trd, 4319171.543, 95
Trd, 4319173.543, 94
Trd, 4319174.293, 104
Trd, 4319177.643, 94
Trd, 4319178.443, 105
Trd, 4319179.343, 93
Trd, 4319180.243, 103
Trd, 4319181.443, 103
Trd, 4319183.443, 102
Trd, 4319183.693, 94
Trd, 4319183.943, 92
Trd, 4319183.993, 106
Trd, 4319187.093, 95
Trd, 4319189.093, 100
Trd, 4319189.343, 103
Trd, 4319189.543, 103
Trd, 4319190.943, 99
Trd, 4319193.543, 103
Trd, 4319193.893, 103
Trd, 4319195.493, 100
Trd, 4319195.643, 94
Trd, 4319196.943, 98
Trd, 4319198.193, 106
Trd, 4319199.343, 122
Trd, 4319201.143, 102
Trd, 4319202.193, 101
Trd, 4319203.193, 104
Trd, 4319203.293, 99
Trd, 4319207.093, 99
Trd, 4319208.843, 103
Trd, 4319209.293, 110
Trd, 4319209.743, 106
Trd, 4319211.243, 100
Trd, 4319211.893, 81
Trd, 4319212.443, 109
Trd, 4319214.743, 120
Trd, 4319217.043, 110
Trd, 4319218.043, 102
Trd, 4319218.243, 101
Trd, 4319218.343, 111
Trd, 4319220.193, 102
Trd, 4319222.943, 106
Trd, 4319224.743, 105
Trd, 4319226.543, 102
Trd, 4319227.493, 110
Trd, 4319228.943, 107
Trd, 4319229.143, 101
Trd, 4319231.343, 93
Trd, 4319233.043, 95
Trd, 4319234.143, 114
Trd, 4319234.843, 118
Trd, 4319237.343, 112
Trd, 4319239.643, 103
Trd, 4319241.843, 94
Trd, 4319244.343, 102
Trd, 4319244.393, 102
Trd, 4319244.943, 101
Trd, 4319248.743, 102
Trd, 4319249.993, 100
Trd, 4319250.543, 98
Trd, 4319250.843, 102
Trd, 4319253.593, 102
Trd, 4319253.743, 94
Trd, 4319255.293, 89
Trd, 4319256.793, 93
Trd, 4319257.443, 92
Trd, 4319258.643, 116
Trd, 4319259.093, 89
Trd, 4319260.343, 92
Trd, 4319261.643, 107
Trd, 4319262.393, 89
Trd, 4319262.643, 109
Trd, 4319263.393, 95
Trd, 4319265.293, 97
Trd, 4319266.643, 96
Trd, 4319267.193, 115
Trd, 4319267.343, 94
Trd, 4319269.393, 77
Trd, 4319272.493, 92
Trd, 4319273.643, 93
Trd, 4319274.543, 92
Trd, 4319275.643, 94
Trd, 4319277.943, 91
Trd, 4319278.493, 91
Trd, 4319282.843, 90
Trd, 4319284.843, 89
Trd, 4319285.493, 90
Trd, 4319285.543, 86
Trd, 4319285.593, 92
Trd, 4319288.793, 94
Trd, 4319289.643, 93
Trd, 4319291.343, 104
Trd, 4319292.493, 99
Trd, 4319292.593, 97
Trd, 4319293.343, 97
Trd, 4319294.693, 99
Trd, 4319296.443, 98
Trd, 4319298.793, 103
Trd, 4319298.993, 94
Trd, 4319300.093, 101
Trd, 4319303.393, 78
Trd, 4319303.543, 86
Trd, 4319303.643, 103
Trd, 4319305.043, 88
Trd, 4319305.543, 91
Trd, 4319309.293, 86
Trd, 4319310.343, 90
Trd, 4319311.143, 80
Trd, 4319312.143, 113
Trd, 4319312.493, 90
Trd, 4319315.193, 90
Trd, 4319317.593, 90
Trd, 4319317.993, 92
Trd, 4319319.143, 89
Trd, 4319319.993, 89
Trd, 4319321.593, 111
Trd, 4319321.893, 109
Trd, 4319323.943, 108
Trd, 4319324.243, 100
Trd, 4319324.293, 93
Trd, 4319325.293, 79
Trd, 4319325.793, 87
Trd, 4319326.093, 115
Trd, 4319328.193, 93
Trd, 4319329.193, 92
Trd, 4319329.743, 93
Trd, 4319330.843, 99
Trd, 4319331.293, 105
Trd, 4319333.243, 113
Trd, 4319334.093, 103
Trd, 4319336.793, 99
Trd, 4319336.843, 102
Trd, 4319338.393, 100
Trd, 4319338.693, 82
Trd, 4319340.093, 94
Trd, 4319341.193, 99
Trd, 4319342.293, 97
Trd, 4319343.493, 95
Trd, 4319344.793, 95
Trd, 4319344.993, 95
Trd, 4319345.943, 93
Trd, 4319347.193, 94
Trd, 4319347.493, 109
Trd, 4319351.443, 100
Trd, 4319351.543, 94
Trd, 4319352.243, 92
Trd, 4319352.643, 116
Trd, 4319353.993, 103
Trd, 4319354.043, 103
Trd, 4319355.493, 102
Trd, 4319357.393, 101
Trd, 4319357.993, 91
Trd, 4319359.643, 92
Trd, 4319361.343, 102
Trd, 4319364.343, 95
Trd, 4319364.793, 101
Trd, 4319366.643, 94
Trd, 4319367.443, 93
Trd, 4319368.343, 98
Trd, 4319368.393, 98
Trd, 4319370.343, 91
Trd, 4319370.793, 90
Trd, 4319372.643, 108
Trd, 4319374.043, 103
Trd, 4319376.193, 102
Trd, 4319377.393, 106
Trd, 4319378.143, 96
Trd, 4319379.043, 94
Trd, 4319379.293, 103
Trd, 4319380.643, 90
Trd, 4319380.843, 97
Trd, 4319381.643, 91
Trd, 4319382.743, 86
Trd, 4319383.393, 104
Trd, 4319385.243, 108
Trd, 4319387.393, 94
Trd, 4319387.693, 94
Trd, 4319390.143, 110
Trd, 4319390.543, 97
Trd, 4319391.993, 98
Trd, 4319392.543, 98
Trd, 4319394.493, 96
Trd, 4319394.793, 93
Trd, 4319398.993, 98
Trd, 4319400.743, 99
Trd, 4319400.993, 97
Trd, 4319401.593, 105
Trd, 4319401.993, 100
Trd, 4319406.043, 100
Trd, 4319406.193, 108
Trd, 4319407.493, 106
Trd, 4319408.893, 104
Trd, 4319410.093, 97
Trd, 4319411.343, 115
Trd, 4319411.593, 122
Trd, 4319412.643, 100
Trd, 4319416.393, 101
Trd, 4319418.043, 105
Trd, 4319419.693, 106
Trd, 4319419.893, 100
Trd, 4319422.293, 99
Trd, 4319423.843, 97
Trd, 4319425.593, 105
Trd, 4319425.843, 94
Trd, 4319427.243, 98
Trd, 4319428.743, 97
Trd, 4319430.243, 104
Trd, 4319430.443, 96
Trd, 4319431.043, 100
Trd, 4319432.143, 99
Trd, 4319436.093, 105
Trd, 4319437.443, 104
Trd, 4319437.993, 103
Trd, 4319438.243, 99
Trd, 4319439.393, 108
Trd, 4319440.693, 99
Trd, 4319441.693, 94
Trd, 4319443.493, 115
Trd, 4319444.393, 101
Trd, 4319445.143, 98
Trd, 4319445.943, 101
Trd, 4319446.693, 94
Trd, 4319447.443, 107
Trd, 4319449.093, 99
Trd, 4319450.093, 100
Trd, 4319451.743, 99
Trd, 4319452.793, 104
Trd, 4319453.943, 95
Trd, 4319454.493, 113
Trd, 4319455.893, 114
Trd, 4319458.793, 101
Trd, 4319458.843, 103
Trd, 4319461.243, 103
Trd, 4319461.393, 101
Trd, 4319462.293, 100
Trd, 4319465.643, 103
Trd, 4319466.093, 99
Trd, 4319466.543, 102
Trd, 4319467.043, 105
Trd, 4319468.693, 94
Trd, 4319469.393, 93
Trd, 4319471.493, 102
Trd, 4319471.543, 98
Trd, 4319471.893, 96
Trd, 4319474.693, 96
Trd, 4319475.493, 96
Trd, 4319477.693, 94
Trd, 4319478.393, 113
Trd, 4319479.993, 100
Trd, 4319480.393, 95
Trd, 4319482.743, 94
Trd, 4319485.993, 94
Trd, 4319486.143, 100
Trd, 4319488.393, 100
Trd, 4319488.743, 101
Trd, 4319490.393, 99
Trd, 4319490.793, 96
Trd, 4319491.343, 96
Trd, 4319493.543, 96
Trd, 4319493.643, 93
Trd, 4319495.143, 99
Trd, 4319495.393, 94
Trd, 4319496.643, 93
Trd, 4319497.293, 105
Trd, 4319500.043, 94
Trd, 4319500.593, 93
Trd, 4319502.343, 97
Trd, 4319505.193, 106
Trd, 4319505.793, 100
Trd, 4319505.893, 114
Trd, 4319507.693, 94
Trd, 4319509.093, 98
Trd, 4319509.943, 104
Trd, 4319512.743, 104
Trd, 4319513.993, 102
Trd, 4319514.043, 106
Trd, 4319514.843, 101
Trd, 4319519.443, 100
Trd, 4319519.593, 105
Trd, 4319519.993, 100
Trd, 4319522.893, 103
Trd, 4319524.293, 99
Trd, 4319524.443, 94
Trd, 4319526.993, 103
Trd, 4319528.143, 97
Trd, 4319528.443, 94
Trd, 4319529.143, 104
Trd, 4319529.993, 95
Trd, 4319530.243, 101
Trd, 4319532.693, 87
Trd, 4319532.893, 80
Trd, 4319534.343, 87
Trd, 4319534.493, 121
Trd, 4319535.893, 101
Trd, 4319540.043, 93
Trd, 4319540.393, 93
Trd, 4319541.393, 95
Trd, 4319542.593, 95
Trd, 4319545.043, 85
Trd, 4319548.793, 91
Trd, 4319549.143, 92
Trd, 4319549.493, 94
Trd, 4319552.543, 92
Trd, 4319552.693, 90
Trd, 4319554.543, 92
Trd, 4319555.543, 99
Trd, 4319556.443, 95
Trd, 4319558.393, 96
Trd, 4319558.893, 104
Trd, 4319558.993, 93
Trd, 4319560.393, 98
Trd, 4319562.643, 98
Trd, 4319565.293, 99
Trd, 4319565.343, 94
Trd, 4319566.093, 108
Trd, 4319567.043, 106
Trd, 4319568.593, 92
Trd, 4319568.943, 115
Trd, 4319570.843, 80
Trd, 4319571.693, 86
Trd, 4319572.093, 86
Trd, 4319572.693, 90
Trd, 4319573.193, 118
Trd, 4319573.993, 86
Trd, 4319576.293, 91
Trd, 4319576.843, 91
Trd, 4319577.093, 91
Trd, 4319578.593, 92
Trd, 4319579.193, 105
Trd, 4319579.293, 91
Trd, 4319580.793, 96
Trd, 4319582.143, 94
Trd, 4319583.593, 107
Trd, 4319583.843, 114
Trd, 4319584.243, 105
Trd, 4319585.893, 106
Trd, 4319586.343, 95
Trd, 4319590.893, 101
Trd, 4319591.593, 100
Trd, 4319593.693, 93
Trd, 4319595.243, 77
Trd, 4319595.943, 89
Trd, 4319597.193, 93
Trd, 4319597.743, 103
Trd, 4319599.243, 92
Trd, 4319599.393, 94
Trd, 4319602.243, 99
Trd, 4319603.093, 97
Trd, 4319603.793, 96
Trd, 4319604.393, 96
Trd, 4319606.793, 80
Trd, 4319607.743, 83
Trd, 4319609.693, 86
Trd, 4319611.443, 85
Trd, 4319612.293, 86
Trd, 4319613.093, 113
Trd, 4319613.143, 95
Trd, 4319615.393, 106
Trd, 4319615.493, 94
Trd, 4319615.943, 77
Trd, 4319617.293, 99
Trd, 4319618.643, 98
Trd, 4319618.943, 93
Trd, 4319620.943, 89
Trd, 4319622.393, 89
Trd, 4319622.843, 90
Trd, 4319624.543, 113
Trd, 4319624.843, 116
Trd, 4319624.893, 105
Trd, 4319625.693, 89
Trd, 4319625.943, 104
Trd, 4319627.943, 117
Trd, 4319629.043, 107
Trd, 4319629.743, 105
Trd, 4319629.893, 102
Trd, 4319630.543, 106
Trd, 4319631.943, 102
Trd, 4319633.093, 101
Trd, 4319634.693, 105
Trd, 4319635.493, 100
Trd, 4319636.643, 92
Trd, 4319639.743, 102
Trd, 4319640.843, 97
Trd, 4319641.443, 95
Trd, 4319644.843, 99
Trd, 4319645.243, 115
Trd, 4319646.293, 98
Trd, 4319647.843, 97
Trd, 4319648.943, 97
Trd, 4319649.193, 100
Trd, 4319650.243, 113
Trd, 4319652.943, 96
Trd, 4319653.443, 102
Trd, 4319654.943, 102
Trd, 4319658.443, 101
Trd, 4319658.893, 95
Trd, 4319661.043, 101
Trd, 4319661.093, 104
Trd, 4319661.643, 94
Trd, 4319662.443, 93
Trd, 4319664.293, 102
Trd, 4319665.943, 103
Trd, 4319668.693, 92
Trd, 4319669.143, 92
Trd, 4319670.193, 91
Trd, 4319670.693, 97
Trd, 4319670.743, 97
Trd, 4319672.293, 90
Trd, 4319672.643, 109
Trd, 4319674.493, 100
Trd, 4319677.393, 92
Trd, 4319678.143, 91
Trd, 4319678.893, 100
Trd, 4319681.293, 98
Trd, 4319682.243, 98
Trd, 4319682.443, 91
Trd, 4319683.843, 107
Trd, 4319686.193, 105
Trd, 4319687.793, 98
Trd, 4319688.393, 111
Trd, 4319689.293, 100
Trd, 4319691.193, 99
Trd, 4319694.343, 104
Trd, 4319694.793, 98
Trd, 4319696.193, 103
Trd, 4319698.293, 110
Trd, 4319698.893, 105
Trd, 4319701.893, 102
Trd, 4319702.993, 105
Trd, 4319703.493, 104
Trd, 4319703.643, 103
Trd, 4319705.443, 103
Trd, 4319706.843, 104
Trd, 4319708.443, 94
Trd, 4319710.993, 102
Trd, 4319711.643, 104
Trd, 4319714.493, 101
Trd, 4319715.143, 104
Trd, 4319717.843, 100
Trd, 4319718.143, 99
Trd, 4319719.143, 103
Trd, 4319723.343, 97
Trd, 4319724.093, 100
Trd, 4319725.893, 100
Trd, 4319726.093, 98
Trd, 4319728.843, 97
Trd, 4319729.143, 100
Trd, 4319730.893, 110
Trd, 4319731.593, 96
Trd, 4319733.293, 103
Trd, 4319733.543, 102
Trd, 4319736.393, 94
Trd, 4319736.693, 89
Trd, 4319736.843, 109
Trd, 4319737.543, 93
Trd, 4319739.793, 95
Trd, 4319742.593, 99
Trd, 4319742.843, 95
Trd, 4319745.343, 97
Trd, 4319745.593, 94
Trd, 4319745.793, 95
Trd, 4319747.493, 95
Trd, 4319748.593, 97
Trd, 4319748.743, 93
Trd, 4319749.493, 96
Trd, 4319753.243, 93
Trd, 4319754.743, 92
Trd, 4319754.893, 94
Trd, 4319756.093, 79
Trd, 4319758.293, 105
Trd, 4319758.593, 97
Trd, 4319758.693, 78
Trd, 4319760.693, 94
Trd, 4319763.493, 107
Trd, 4319763.993, 112
Trd, 4319764.743, 101
Trd, 4319765.593, 94
Trd, 4319765.943, 102
Trd, 4319766.093, 114
Trd, 4319766.543, 80
Trd, 4319767.593, 99
Trd, 4319769.593, 93
Trd, 4319771.293, 90
Trd, 4319773.143, 90
Trd, 4319773.643, 106
Trd, 4319774.043, 96
Trd, 4319774.343, 96
Trd, 4319777.843, 94
Trd, 4319779.993, 96
Trd, 4319781.993, 95
Trd, 4319782.893, 92
Trd, 4319782.993, 96
Trd, 4319783.393, 93
Trd, 4319783.943, 109
Trd, 4319787.043, 95
Trd, 4319788.343, 97
Trd, 4319789.693, 108
Trd, 4319790.293, 96
Trd, 4319790.593, 98
Trd, 4319793.293, 104
Trd, 4319795.143, 103
Trd, 4319795.393, 116
Trd, 4319796.243, 101
Trd, 4319797.543, 105
Trd, 4319800.043, 106
Trd, 4319801.743, 102
Trd, 4319801.843, 109
Trd, 4319802.143, 101
Trd, 4319803.793, 94
Trd, 4319804.493, 101
Trd, 4319806.243, 103
Trd, 4319807.043, 107
Trd, 4319809.243, 105
Trd, 4319809.443, 103
Trd, 4319809.793, 94
Trd, 4319812.543, 112
Trd, 4319813.143, 106
Trd, 4319813.293, 99
Trd, 4319816.343, 101
Trd, 4319816.443, 92
Trd, 4319817.043, 100
Trd, 4319817.293, 96
Trd, 4319818.743, 110
Trd, 4319819.393, 99
Trd, 4319819.993, 86
Trd, 4319820.893, 87
Trd, 4319821.343, 113
Trd, 4319823.093, 77
Trd, 4319823.243, 88
Trd, 4319826.893, 88
Trd, 4319827.293, 86
Trd, 4319828.243, 88
Trd, 4319828.893, 87
Trd, 4319830.043, 88
Trd, 4319830.693, 88
Trd, 4319830.993, 88
Trd, 4319834.843, 92
Trd, 4319835.443, 91
Trd, 4319835.743, 122
Trd, 4319836.493, 90
Trd, 4319837.943, 99
Trd, 4319840.343, 94
Trd, 4319841.193, 97
Trd, 4319842.643, 99
Trd, 4319844.843, 94
Trd, 4319846.143, 98
Trd, 4319847.043, 93
Trd, 4319847.793, 98
Trd, 4319848.743, 92
Trd, 4319850.243, 110
Trd, 4319852.793, 95
Trd, 4319854.743, 97
Trd, 4319855.293, 95
Trd, 4319855.543, 88
Trd, 4319856.293, 89
Trd, 4319857.993, 90
Trd, 4319859.043, 102
Trd, 4319860.393, 101
Trd, 4319861.393, 97
Trd, 4319862.343, 97
Trd, 4319863.493, 103
Trd, 4319866.393, 94
Trd, 4319867.893, 116
Trd, 4319868.093, 111
Trd, 4319868.693, 112
Trd, 4319870.193, 109
Trd, 4319870.943, 120
Trd, 4319872.193, 119
Trd, 4319872.593, 112
Trd, 4319873.743, 114
Trd, 4319874.093, 103
Trd, 4319874.993, 99
Trd, 4319875.793, 89
Trd, 4319877.393, 86
Trd, 4319877.493, 89
Trd, 4319879.643, 98
Trd, 4319881.943, 100
Trd, 4319882.893, 94
Trd, 4319885.393, 86
Trd, 4319886.293, 85
Trd, 4319887.993, 85
Trd, 4319888.243, 89
Trd, 4319888.593, 82
Trd, 4319889.243, 86
Trd, 4319890.793, 79
Trd, 4319891.593, 79
Trd, 4319892.293, 112
Trd, 4319893.493, 93
Trd, 4319895.493, 93
Trd, 4319896.443, 91
Trd, 4319896.993, 89
Trd, 4319897.843, 87
Trd, 4319902.193, 108
Trd, 4319902.993, 92
Trd, 4319903.193, 91
Trd, 4319904.843, 95
Trd, 4319905.393, 90
Trd, 4319905.793, 91
Trd, 4319908.443, 89
Trd, 4319908.793, 90
Trd, 4319909.193, 90
Trd, 4319909.693, 87
Trd, 4319910.943, 84
Trd, 4319911.693, 82
Trd, 4319913.793, 106
Trd, 4319914.393, 83
Trd, 4319918.243, 82
Trd, 4319918.493, 81
Trd, 4319920.193, 81
Trd, 4319921.993, 79
Trd, 4319922.243, 93
Trd, 4319924.143, 82
Trd, 4319925.093, 83
Trd, 4319925.143, 86
Trd, 4319926.293, 91
Trd, 4319927.393, 85
Trd, 4319928.643, 88
Trd, 4319931.093, 96
Trd, 4319931.643, 89
Trd, 4319932.693, 92
Trd, 4319933.593, 105
Trd, 4319935.693, 113
Trd, 4319935.893, 110
Trd, 4319938.093, 91
Trd, 4319938.343, 94
Trd, 4319938.943, 96
Trd, 4319942.393, 90
Trd, 4319943.543, 94
Trd, 4319944.893, 94
Trd, 4319945.393, 97
Trd, 4319946.593, 97
Trd, 4319947.143, 109
Trd, 4319948.593, 96
Trd, 4319949.243, 94
Trd, 4319949.393, 100
Trd, 4319951.343, 95
Trd, 4319951.693, 97
Trd, 4319952.143, 101
Trd, 4319954.293, 101
Trd, 4319957.093, 101
Trd, 4319959.093, 99
Trd, 4319959.693, 93
Trd, 4319959.743, 104
Trd, 4319962.043, 99
Trd, 4319964.893, 100
Trd, 4319964.943, 101
Trd, 4319966.543, 100
Trd, 4319967.393, 102
Trd, 4319968.343, 115
Trd, 4319968.743, 103
Trd, 4319972.143, 104
Trd, 4319972.243, 105
Trd, 4319973.893, 102
Trd, 4319974.643, 103
Trd, 4319977.793, 103
Trd, 4319979.793, 104
Trd, 4319979.993, 105
Trd, 4319980.193, 101
Trd, 4319981.043, 83
Trd, 4319981.743, 98
Trd, 4319982.293, 106
Trd, 4319985.543, 99
Trd, 4319985.593, 97
Trd, 4319987.743, 104
Trd, 4319987.943, 94
Trd, 4319990.943, 108
Trd, 4319994.143, 99
Trd, 4319994.443, 97
Trd, 4319995.193, 102
Trd, 4319998.593, 98
Trd, 4319998.893, 97
Trd, 4319999.543, 101
