Trd, 4317995.643, 94
Trd, 4317996.543, 87
Trd, 4317997.043, 77
Trd, 4317997.393, 88
Trd, 4317998.243, 104
Trd, 4318001.443, 93
Trd, 4318001.743, 97
Trd, 4318003.243, 91
Trd, 4318004.093, 94
Trd, 4318004.843, 96
Trd, 4318004.943, 92
Trd, 4318006.043, 86
Trd, 4318006.893, 87
Trd, 4318007.493, 104
Trd, 4318008.043, 113
Trd, 4318008.193, 78
Trd, 4318010.643, 91
Trd, 4318011.593, 91
Trd, 4318013.643, 89
Trd, 4318014.693, 89
Trd, 4318015.593, 96
Trd, 4318015.843, 108
Trd, 4318016.043, 91
Trd, 4318016.343, 94
Trd, 4318016.993, 94
Trd, 4318017.893, 93
Trd, 4318018.893, 131
Trd, 4318019.543, 92
Trd, 4318019.943, 86
Trd, 4318020.993, 70
Trd, 4318022.093, 97
Trd, 4318022.993, 88
Trd, 4318023.193, 104
Trd, 4318026.693, 91
Trd, 4318027.093, 90
Trd, 4318028.193, 93
Trd, 4318028.593, 92
Trd, 4318029.593, 91
Trd, 4318030.293, 96
Trd, 4318030.743, 104
Trd, 4318031.793, 91
Trd, 4318032.443, 90
Trd, 4318032.593, 96
Trd, 4318035.793, 96
Trd, 4318036.293, 93
Trd, 4318036.993, 92
Trd, 4318037.993, 91
Trd, 4318038.393, 86
Trd, 4318038.993, 89
Trd, 4318040.043, 87
Trd, 4318041.943, 82
Trd, 4318042.343, 104
Trd, 4318044.393, 88
Trd, 4318046.293, 92
Trd, 4318046.893, 97
Trd, 4318047.293, 104
Trd, 4318047.843, 94
Trd, 4318048.193, 94
Trd, 4318048.543, 93
Trd, 4318049.193, 87
Trd, 4318049.943, 91
Trd, 4318051.593, 78
Trd, 4318051.943, 104
Trd, 4318052.593, 113
Trd, 4318053.593, 100
Trd, 4318054.793, 87
Trd, 4318055.493, 68
Trd, 4318056.143, 89
Trd, 4318056.193, 85
Trd, 4318059.793, 86
Trd, 4318059.993, 86
Trd, 4318060.793, 89
Trd, 4318062.343, 86
Trd, 4318064.543, 86
Trd, 4318064.943, 86
Trd, 4318066.043, 95
Trd, 4318067.493, 85
Trd, 4318068.493, 110
Trd, 4318069.743, 113
Trd, 4318070.993, 99
Trd, 4318071.043, 98
Trd, 4318071.243, 98
Trd, 4318071.343, 93
Trd, 4318073.393, 99
Trd, 4318075.093, 84
Trd, 4318075.443, 75
Trd, 4318075.843, 87
Trd, 4318076.793, 76
Trd, 4318077.843, 112
Trd, 4318078.493, 86
Trd, 4318079.093, 97
Trd, 4318079.443, 113
Trd, 4318081.493, 88
Trd, 4318081.543, 113
Trd, 4318081.643, 89
Trd, 4318083.343, 100
Trd, 4318084.193, 86
Trd, 4318085.193, 95
Trd, 4318085.593, 77
Trd, 4318085.893, 82
Trd, 4318087.643, 97
Trd, 4318088.593, 104
Trd, 4318089.443, 95
Trd, 4318091.043, 104
Trd, 4318091.793, 98
Trd, 4318092.393, 98
Trd, 4318092.643, 113
Trd, 4318093.493, 95
Trd, 4318094.043, 86
Trd, 4318094.743, 99
Trd, 4318097.143, 99
Trd, 4318097.993, 92
Trd, 4318099.893, 91
Trd, 4318100.093, 86
Trd, 4318100.393, 88
Trd, 4318101.593, 108
Trd, 4318101.743, 89
Trd, 4318104.543, 88
Trd, 4318105.493, 89
Trd, 4318106.343, 93
Trd, 4318106.743, 95
Trd, 4318108.393, 95
Trd, 4318108.493, 88
Trd, 4318109.043, 108
Trd, 4318111.493, 113
Trd, 4318111.643, 96
Trd, 4318111.793, 95
Trd, 4318113.343, 94
Trd, 4318113.643, 93
Trd, 4318115.743, 99
Trd, 4318115.893, 105
Trd, 4318115.993, 95
Trd, 4318117.543, 93
Trd, 4318118.693, 96
Trd, 4318121.643, 98
Trd, 4318121.993, 101
Trd, 4318122.043, 98
Trd, 4318122.443, 113
Trd, 4318123.243, 97
Trd, 4318123.293, 94
Trd, 4318125.193, 86
Trd, 4318125.943, 77
Trd, 4318126.443, 88
Trd, 4318127.593, 87
Trd, 4318129.243, 95
Trd, 4318129.793, 90
Trd, 4318130.443, 113
Trd, 4318131.043, 91
Trd, 4318131.543, 90
Trd, 4318132.643, 123
Trd, 4318134.643, 90
Trd, 4318136.393, 95
Trd, 4318136.443, 99
Trd, 4318138.493, 96
Trd, 4318138.593, 95
Trd, 4318138.893, 93
Trd, 4318140.193, 92
Trd, 4318140.493, 97
Trd, 4318142.993, 88
Trd, 4318143.193, 87
Trd, 4318143.943, 88
Trd, 4318144.893, 90
Trd, 4318145.693, 95
Trd, 4318146.043, 108
Trd, 4318146.443, 91
Trd, 4318147.943, 93
Trd, 4318147.993, 113
Trd, 4318149.293, 91
Trd, 4318151.193, 91
Trd, 4318152.493, 92
Trd, 4318153.393, 97
Trd, 4318153.693, 92
Trd, 4318154.893, 91
Trd, 4318155.143, 94
Trd, 4318155.493, 96
Trd, 4318157.193, 95
Trd, 4318157.543, 96
Trd, 4318158.043, 94
Trd, 4318158.143, 95
Trd, 4318160.643, 95
Trd, 4318161.893, 94
Trd, 4318162.493, 111
Trd, 4318163.843, 87
Trd, 4318164.943, 97
Trd, 4318165.493, 113
Trd, 4318165.993, 92
Trd, 4318166.493, 92
Trd, 4318167.543, 91
Trd, 4318167.593, 91
Trd, 4318170.943, 98
Trd, 4318171.443, 91
Trd, 4318172.143, 90
Trd, 4318173.743, 90
Trd, 4318175.293, 91
Trd, 4318176.443, 91
Trd, 4318177.593, 91
Trd, 4318178.393, 96
Trd, 4318179.393, 96
Trd, 4318179.693, 92
Trd, 4318179.943, 86
Trd, 4318181.593, 93
Trd, 4318183.943, 91
Trd, 4318184.493, 95
Trd, 4318185.093, 95
Trd, 4318186.143, 95
Trd, 4318187.693, 97
Trd, 4318188.893, 98
Trd, 4318189.093, 93
Trd, 4318192.143, 96
Trd, 4318193.693, 104
Trd, 4318193.743, 99
Trd, 4318194.143, 96
Trd, 4318195.443, 96
Trd, 4318195.743, 97
Trd, 4318196.393, 94
Trd, 4318196.793, 113
Trd, 4318197.793, 86
Trd, 4318197.943, 87
Trd, 4318199.293, 69
Trd, 4318199.443, 97
Trd, 4318200.543, 109
Trd, 4318200.943, 90
Trd, 4318201.643, 89
Trd, 4318202.043, 113
Trd, 4318204.593, 77
Trd, 4318205.743, 89
Trd, 4318206.543, 88
Trd, 4318207.143, 88
Trd, 4318207.743, 100
Trd, 4318209.643, 93
Trd, 4318210.643, 99
Trd, 4318211.093, 93
Trd, 4318211.243, 104
Trd, 4318213.243, 93
Trd, 4318214.843, 92
Trd, 4318215.743, 93
Trd, 4318215.993, 92
Trd, 4318216.693, 92
Trd, 4318216.943, 99
Trd, 4318217.393, 104
Trd, 4318218.643, 105
Trd, 4318218.793, 92
Trd, 4318220.293, 91
Trd, 4318221.643, 91
Trd, 4318222.993, 100
Trd, 4318223.643, 95
Trd, 4318223.943, 93
Trd, 4318225.443, 107
Trd, 4318226.543, 94
Trd, 4318228.243, 70
Trd, 4318229.543, 69
Trd, 4318229.793, 94
Trd, 4318231.243, 97
Trd, 4318232.743, 87
Trd, 4318232.993, 106
Trd, 4318233.543, 86
Trd, 4318233.593, 86
Trd, 4318234.543, 68
Trd, 4318236.693, 71
Trd, 4318239.793, 80
Trd, 4318241.743, 86
Trd, 4318241.893, 84
Trd, 4318242.243, 107
Trd, 4318242.593, 113
Trd, 4318243.143, 89
Trd, 4318245.443, 93
Trd, 4318245.993, 92
Trd, 4318246.243, 92
Trd, 4318247.193, 91
Trd, 4318249.943, 91
Trd, 4318250.243, 90
Trd, 4318250.393, 96
Trd, 4318252.143, 91
Trd, 4318252.243, 95
Trd, 4318253.643, 104
Trd, 4318254.093, 92
Trd, 4318254.743, 91
Trd, 4318255.293, 86
Trd, 4318256.793, 96
Trd, 4318259.043, 92
Trd, 4318260.643, 105
Trd, 4318261.093, 113
Trd, 4318261.793, 92
Trd, 4318262.043, 86
Trd, 4318263.543, 109
Trd, 4318264.443, 90
Trd, 4318266.443, 90
Trd, 4318266.793, 86
Trd, 4318267.043, 90
Trd, 4318268.043, 69
Trd, 4318269.193, 96
Trd, 4318271.293, 89
Trd, 4318271.843, 87
Trd, 4318273.543, 87
Trd, 4318274.093, 95
Trd, 4318274.143, 108
Trd, 4318274.193, 86
Trd, 4318275.093, 86
Trd, 4318276.943, 91
Trd, 4318277.593, 113
Trd, 4318279.143, 112
Trd, 4318279.493, 91
Trd, 4318281.193, 94
Trd, 4318281.443, 95
Trd, 4318283.493, 96
Trd, 4318284.643, 105
Trd, 4318284.693, 96
Trd, 4318285.593, 95
Trd, 4318285.643, 113
Trd, 4318285.893, 86
Trd, 4318286.843, 93
Trd, 4318288.443, 92
Trd, 4318289.493, 123
Trd, 4318290.993, 92
Trd, 4318291.193, 86
Trd, 4318292.343, 94
Trd, 4318294.393, 114
Trd, 4318294.493, 91
Trd, 4318296.143, 94
Trd, 4318296.393, 92
Trd, 4318298.143, 93
Trd, 4318301.143, 97
Trd, 4318301.193, 99
Trd, 4318302.243, 99
Trd, 4318302.543, 99
Trd, 4318302.793, 114
Trd, 4318303.693, 123
Trd, 4318304.393, 115
Trd, 4318304.543, 86
Trd, 4318306.393, 94
Trd, 4318306.543, 94
Trd, 4318308.893, 93
Trd, 4318309.193, 92
Trd, 4318309.943, 86
Trd, 4318310.593, 103
Trd, 4318313.043, 83
Trd, 4318313.193, 86
Trd, 4318314.343, 88
Trd, 4318315.493, 98
Trd, 4318316.193, 104
Trd, 4318316.743, 92
Trd, 4318317.543, 92
Trd, 4318318.043, 86
Trd, 4318319.743, 89
Trd, 4318319.843, 99
Trd, 4318320.193, 90
Trd, 4318321.843, 123
Trd, 4318323.093, 100
Trd, 4318324.243, 88
Trd, 4318326.893, 86
Trd, 4318327.193, 87
Trd, 4318328.743, 96
Trd, 4318328.793, 114
Trd, 4318328.943, 93
Trd, 4318332.193, 93
Trd, 4318332.243, 93
Trd, 4318333.443, 98
Trd, 4318333.643, 86
Trd, 4318335.343, 88
Trd, 4318335.793, 90
Trd, 4318336.243, 95
Trd, 4318338.293, 104
Trd, 4318338.993, 93
Trd, 4318339.343, 90
Trd, 4318340.093, 92
Trd, 4318340.793, 104
Trd, 4318340.993, 77
Trd, 4318342.943, 93
Trd, 4318343.793, 89
Trd, 4318345.543, 88
Trd, 4318346.543, 88
Trd, 4318347.993, 96
Trd, 4318348.643, 87
Trd, 4318348.893, 86
Trd, 4318349.243, 106
Trd, 4318350.143, 97
Trd, 4318350.843, 75
Trd, 4318353.343, 86
Trd, 4318353.443, 89
Trd, 4318354.193, 86
Trd, 4318354.593, 85
Trd, 4318354.793, 105
Trd, 4318355.543, 86
Trd, 4318355.793, 84
Trd, 4318357.343, 140
Trd, 4318358.693, 107
Trd, 4318358.993, 102
Trd, 4318359.243, 104
Trd, 4318360.293, 86
Trd, 4318360.793, 125
Trd, 4318361.743, 126
Trd, 4318363.493, 100
Trd, 4318363.693, 98
Trd, 4318364.443, 86
Trd, 4318365.393, 81
Trd, 4318366.393, 100
Trd, 4318367.743, 96
Trd, 4318368.693, 90
Trd, 4318369.293, 90
Trd, 4318371.243, 87
Trd, 4318372.243, 96
Trd, 4318372.893, 91
Trd, 4318373.143, 90
Trd, 4318373.193, 104
Trd, 4318373.843, 113
Trd, 4318374.793, 86
Trd, 4318375.593, 88
Trd, 4318376.593, 81
Trd, 4318377.443, 86
Trd, 4318377.993, 99
Trd, 4318380.443, 94
Trd, 4318381.293, 93
Trd, 4318381.593, 91
Trd, 4318382.493, 96
Trd, 4318383.743, 108
Trd, 4318384.893, 91
Trd, 4318385.143, 113
Trd, 4318387.043, 93
Trd, 4318387.143, 92
Trd, 4318387.243, 86
Trd, 4318389.093, 98
Trd, 4318391.293, 78
Trd, 4318392.643, 96
Trd, 4318393.643, 88
Trd, 4318394.143, 104
Trd, 4318394.343, 87
Trd, 4318395.443, 87
Trd, 4318396.293, 87
Trd, 4318396.743, 86
Trd, 4318397.443, 97
Trd, 4318398.443, 87
Trd, 4318398.543, 104
Trd, 4318400.543, 89
Trd, 4318401.593, 87
Trd, 4318402.743, 95
Trd, 4318403.243, 94
Trd, 4318403.693, 92
Trd, 4318403.843, 92
Trd, 4318404.343, 91
Trd, 4318405.693, 70
Trd, 4318407.543, 122
Trd, 4318408.043, 87
Trd, 4318409.493, 97
Trd, 4318410.543, 98
Trd, 4318412.193, 91
Trd, 4318413.293, 91
Trd, 4318413.593, 89
Trd, 4318414.143, 98
Trd, 4318414.993, 88
Trd, 4318416.593, 89
Trd, 4318417.743, 90
Trd, 4318418.343, 88
Trd, 4318421.293, 95
Trd, 4318422.243, 89
Trd, 4318423.043, 89
Trd, 4318424.143, 95
Trd, 4318424.443, 88
Trd, 4318424.543, 87
Trd, 4318426.593, 88
Trd, 4318426.743, 104
Trd, 4318427.043, 87
Trd, 4318427.943, 88
Trd, 4318429.793, 95
Trd, 4318430.343, 87
Trd, 4318431.393, 86
Trd, 4318431.843, 121
Trd, 4318433.293, 93
Trd, 4318435.893, 94
Trd, 4318436.293, 97
Trd, 4318438.143, 95
Trd, 4318439.493, 95
Trd, 4318440.243, 94
Trd, 4318440.393, 94
Trd, 4318440.943, 104
Trd, 4318441.043, 114
Trd, 4318441.193, 77
Trd, 4318443.193, 99
Trd, 4318443.793, 97
Trd, 4318445.343, 99
Trd, 4318445.743, 94
Trd, 4318446.493, 96
Trd, 4318446.993, 109
Trd, 4318448.493, 96
Trd, 4318449.143, 135
Trd, 4318450.043, 117
Trd, 4318450.493, 93
Trd, 4318452.443, 87
Trd, 4318452.793, 86
Trd, 4318453.193, 89
Trd, 4318453.543, 88
Trd, 4318455.843, 95
Trd, 4318456.543, 90
Trd, 4318456.943, 90
Trd, 4318457.843, 106
Trd, 4318458.043, 89
Trd, 4318461.243, 93
Trd, 4318461.343, 78
Trd, 4318461.443, 96
Trd, 4318461.593, 86
Trd, 4318464.243, 89
Trd, 4318464.543, 87
Trd, 4318465.893, 96
Trd, 4318466.343, 90
Trd, 4318467.843, 91
Trd, 4318468.143, 107
Trd, 4318469.193, 86
Trd, 4318470.543, 140
Trd, 4318470.893, 100
Trd, 4318472.193, 99
Trd, 4318472.393, 90
Trd, 4318472.693, 86
Trd, 4318473.143, 115
Trd, 4318475.943, 94
Trd, 4318476.843, 94
Trd, 4318477.343, 94
Trd, 4318478.743, 93
Trd, 4318480.493, 99
Trd, 4318481.243, 105
Trd, 4318482.193, 93
Trd, 4318482.293, 92
Trd, 4318482.643, 86
Trd, 4318483.893, 77
Trd, 4318484.093, 99
Trd, 4318485.443, 91
Trd, 4318485.843, 91
Trd, 4318486.243, 91
Trd, 4318488.143, 91
Trd, 4318489.443, 99
Trd, 4318490.993, 113
Trd, 4318492.243, 100
Trd, 4318492.293, 99
Trd, 4318492.893, 100
Trd, 4318494.443, 100
Trd, 4318495.943, 99
Trd, 4318496.043, 99
Trd, 4318496.943, 99
Trd, 4318497.793, 105
Trd, 4318498.893, 94
Trd, 4318499.143, 100
Trd, 4318499.743, 87
Trd, 4318500.093, 86
Trd, 4318500.243, 113
Trd, 4318501.743, 91
Trd, 4318502.593, 91
Trd, 4318503.793, 108
Trd, 4318504.093, 77
Trd, 4318505.093, 89
Trd, 4318506.743, 99
Trd, 4318507.993, 93
Trd, 4318508.643, 98
Trd, 4318509.043, 122
Trd, 4318510.443, 92
Trd, 4318510.543, 91
Trd, 4318514.143, 107
Trd, 4318514.443, 96
Trd, 4318515.243, 97
Trd, 4318515.443, 94
Trd, 4318515.743, 101
Trd, 4318518.843, 108
Trd, 4318519.293, 98
Trd, 4318519.343, 98
Trd, 4318520.043, 113
Trd, 4318520.293, 97
Trd, 4318521.643, 86
Trd, 4318524.143, 103
Trd, 4318524.943, 98
Trd, 4318525.743, 96
Trd, 4318526.043, 103
Trd, 4318526.343, 95
Trd, 4318527.293, 94
Trd, 4318529.493, 103
Trd, 4318530.893, 95
Trd, 4318531.543, 93
Trd, 4318531.643, 113
Trd, 4318533.393, 122
Trd, 4318533.893, 99
Trd, 4318534.393, 94
Trd, 4318535.293, 129
Trd, 4318537.043, 98
Trd, 4318538.393, 98
Trd, 4318538.593, 108
Trd, 4318538.693, 77
Trd, 4318539.943, 71
Trd, 4318541.393, 94
Trd, 4318542.243, 88
Trd, 4318544.743, 99
Trd, 4318545.543, 99
Trd, 4318546.093, 108
Trd, 4318546.393, 103
Trd, 4318548.143, 114
Trd, 4318548.193, 104
Trd, 4318548.593, 94
Trd, 4318548.993, 86
Trd, 4318549.893, 112
Trd, 4318552.193, 102
Trd, 4318553.193, 99
Trd, 4318553.443, 105
Trd, 4318555.893, 100
Trd, 4318556.193, 95
Trd, 4318557.143, 104
Trd, 4318557.293, 94
Trd, 4318558.443, 93
Trd, 4318560.993, 97
Trd, 4318561.493, 97
Trd, 4318561.993, 94
Trd, 4318563.043, 87
Trd, 4318563.093, 86
Trd, 4318563.993, 100
Trd, 4318565.243, 100
Trd, 4318566.293, 104
Trd, 4318566.643, 91
Trd, 4318568.943, 97
Trd, 4318569.143, 100
Trd, 4318569.293, 96
Trd, 4318570.293, 100
Trd, 4318571.493, 95
Trd, 4318571.943, 94
Trd, 4318575.093, 104
Trd, 4318575.443, 95
Trd, 4318575.793, 94
Trd, 4318575.893, 114
Trd, 4318577.893, 93
Trd, 4318578.993, 102
Trd, 4318579.543, 88
Trd, 4318580.843, 72
Trd, 4318581.843, 87
Trd, 4318583.543, 86
Trd, 4318584.843, 85
Trd, 4318587.393, 87
Trd, 4318588.843, 89
Trd, 4318588.993, 95
Trd, 4318590.093, 87
Trd, 4318591.543, 103
Trd, 4318592.043, 92
Trd, 4318593.193, 92
Trd, 4318593.293, 104
Trd, 4318594.093, 87
Trd, 4318594.443, 89
Trd, 4318595.793, 91
Trd, 4318596.593, 96
Trd, 4318597.843, 83
Trd, 4318598.493, 104
Trd, 4318599.843, 114
Trd, 4318600.843, 92
Trd, 4318600.943, 77
Trd, 4318603.143, 91
Trd, 4318605.193, 96
Trd, 4318605.793, 92
Trd, 4318605.843, 86
Trd, 4318607.093, 93
Trd, 4318608.243, 114
Trd, 4318609.093, 97
Trd, 4318609.293, 94
Trd, 4318609.343, 86
Trd, 4318610.143, 68
Trd, 4318611.543, 104
Trd, 4318612.243, 74
Trd, 4318613.293, 95
Trd, 4318613.543, 86
Trd, 4318616.243, 95
Trd, 4318616.493, 94
Trd, 4318617.793, 95
Trd, 4318617.893, 86
Trd, 4318620.093, 92
Trd, 4318620.393, 104
Trd, 4318620.893, 95
Trd, 4318621.443, 96
Trd, 4318622.343, 114
Trd, 4318624.143, 94
Trd, 4318626.293, 93
Trd, 4318626.493, 96
Trd, 4318626.543, 86
Trd, 4318628.543, 90
Trd, 4318629.143, 91
Trd, 4318630.943, 96
Trd, 4318631.093, 91
Trd, 4318631.993, 80
Trd, 4318633.093, 111
Trd, 4318635.393, 88
Trd, 4318636.843, 88
Trd, 4318637.493, 90
Trd, 4318637.743, 95
Trd, 4318639.093, 112
Trd, 4318639.143, 88
Trd, 4318639.443, 92
Trd, 4318639.993, 86
Trd, 4318640.843, 78
Trd, 4318641.893, 86
Trd, 4318643.893, 96
Trd, 4318645.743, 89
Trd, 4318646.443, 84
Trd, 4318648.793, 87
Trd, 4318650.143, 89
Trd, 4318650.193, 88
Trd, 4318651.143, 95
Trd, 4318652.593, 91
Trd, 4318653.043, 91
Trd, 4318653.693, 92
Trd, 4318655.943, 91
Trd, 4318656.743, 95
Trd, 4318656.843, 89
Trd, 4318658.193, 86
Trd, 4318658.393, 88
Trd, 4318658.893, 112
Trd, 4318660.443, 113
Trd, 4318661.693, 89
Trd, 4318661.993, 89
Trd, 4318663.193, 90
Trd, 4318663.893, 99
Trd, 4318666.043, 89
Trd, 4318666.143, 113
Trd, 4318666.943, 100
Trd, 4318667.343, 88
Trd, 4318668.593, 88
Trd, 4318669.043, 86
Trd, 4318670.143, 90
Trd, 4318670.993, 89
Trd, 4318671.293, 86
Trd, 4318672.493, 104
Trd, 4318673.293, 89
Trd, 4318675.143, 88
Trd, 4318676.543, 87
Trd, 4318678.243, 88
Trd, 4318678.643, 87
Trd, 4318679.443, 99
Trd, 4318679.543, 87
Trd, 4318679.593, 104
Trd, 4318682.993, 89
Trd, 4318683.593, 88
Trd, 4318684.943, 88
Trd, 4318685.193, 87
Trd, 4318685.793, 99
Trd, 4318686.193, 90
Trd, 4318687.643, 95
Trd, 4318687.893, 86
Trd, 4318690.193, 105
Trd, 4318690.293, 90
Trd, 4318691.393, 91
Trd, 4318692.343, 94
Trd, 4318694.093, 92
Trd, 4318694.293, 105
Trd, 4318694.343, 113
Trd, 4318695.993, 93
Trd, 4318697.193, 97
Trd, 4318698.093, 113
Trd, 4318698.243, 123
Trd, 4318699.393, 86
Trd, 4318699.943, 91
Trd, 4318700.693, 91
Trd, 4318700.793, 91
Trd, 4318703.843, 91
Trd, 4318705.093, 98
Trd, 4318705.343, 92
Trd, 4318705.743, 90
Trd, 4318706.193, 89
Trd, 4318708.393, 88
Trd, 4318709.493, 96
Trd, 4318710.293, 88
Trd, 4318710.893, 95
Trd, 4318711.043, 122
Trd, 4318711.443, 94
Trd, 4318713.443, 94
Trd, 4318714.243, 113
Trd, 4318714.393, 95
Trd, 4318715.793, 100
Trd, 4318717.793, 89
Trd, 4318718.543, 97
Trd, 4318718.993, 94
Trd, 4318719.793, 95
Trd, 4318720.143, 95
Trd, 4318721.093, 113
Trd, 4318722.193, 96
Trd, 4318723.843, 94
Trd, 4318724.043, 86
Trd, 4318725.593, 83
Trd, 4318725.643, 98
Trd, 4318726.143, 89
Trd, 4318726.193, 109
Trd, 4318727.143, 77
Trd, 4318727.393, 129
Trd, 4318729.143, 115
Trd, 4318729.493, 101
Trd, 4318730.793, 105
Trd, 4318731.493, 98
Trd, 4318732.643, 104
Trd, 4318732.993, 95
Trd, 4318734.143, 98
Trd, 4318735.443, 98
Trd, 4318735.893, 113
Trd, 4318736.443, 109
Trd, 4318737.593, 94
Trd, 4318737.993, 94
Trd, 4318739.293, 95
Trd, 4318741.393, 87
Trd, 4318741.693, 104
Trd, 4318743.093, 68
Trd, 4318743.443, 87
Trd, 4318743.643, 113
Trd, 4318744.293, 123
Trd, 4318745.843, 86
Trd, 4318746.543, 87
Trd, 4318747.493, 87
Trd, 4318748.593, 87
Trd, 4318748.943, 87
Trd, 4318750.443, 97
Trd, 4318752.593, 86
Trd, 4318753.343, 85
Trd, 4318754.943, 70
Trd, 4318755.043, 104
Trd, 4318757.393, 86
Trd, 4318759.093, 89
Trd, 4318760.443, 92
Trd, 4318760.943, 90
Trd, 4318761.393, 90
Trd, 4318763.143, 95
Trd, 4318763.193, 114
Trd, 4318765.093, 92
Trd, 4318766.443, 93
Trd, 4318766.893, 91
Trd, 4318766.943, 110
Trd, 4318767.443, 93
Trd, 4318768.243, 98
Trd, 4318769.043, 97
Trd, 4318769.943, 97
Trd, 4318770.093, 113
Trd, 4318772.343, 94
Trd, 4318772.693, 113
Trd, 4318773.443, 95
Trd, 4318774.593, 114
Trd, 4318775.393, 89
Trd, 4318776.693, 90
Trd, 4318776.893, 103
Trd, 4318778.593, 90
Trd, 4318780.643, 99
Trd, 4318781.993, 94
Trd, 4318782.743, 96
Trd, 4318783.343, 96
Trd, 4318783.793, 113
Trd, 4318785.693, 123
Trd, 4318785.843, 113
Trd, 4318786.343, 108
Trd, 4318787.893, 78
Trd, 4318788.543, 106
Trd, 4318789.343, 78
Trd, 4318790.793, 70
Trd, 4318792.343, 92
Trd, 4318792.743, 102
Trd, 4318793.493, 93
Trd, 4318796.243, 94
Trd, 4318796.343, 101
Trd, 4318796.993, 93
Trd, 4318798.793, 91
Trd, 4318799.643, 91
Trd, 4318800.243, 113
Trd, 4318801.193, 92
Trd, 4318801.943, 93
Trd, 4318802.243, 101
Trd, 4318802.343, 110
Trd, 4318802.543, 93
Trd, 4318804.443, 93
Trd, 4318805.793, 92
Trd, 4318806.043, 77
Trd, 4318806.543, 111
Trd, 4318807.793, 89
Trd, 4318809.993, 103
Trd, 4318811.193, 84
Trd, 4318812.343, 78
Trd, 4318813.243, 87
Trd, 4318813.693, 105
Trd, 4318813.743, 77
Trd, 4318814.793, 113
Trd, 4318815.793, 84
Trd, 4318816.493, 83
Trd, 4318819.393, 87
Trd, 4318820.343, 86
Trd, 4318820.543, 86
Trd, 4318821.143, 98
Trd, 4318823.093, 109
Trd, 4318823.893, 89
Trd, 4318824.443, 92
Trd, 4318824.693, 99
Trd, 4318824.943, 91
Trd, 4318826.093, 90
Trd, 4318826.293, 108
Trd, 4318826.593, 86
Trd, 4318828.243, 122
Trd, 4318829.693, 88
Trd, 4318829.893, 88
Trd, 4318830.043, 100
Trd, 4318830.593, 86
Trd, 4318831.743, 87
Trd, 4318834.143, 80
Trd, 4318836.393, 93
Trd, 4318837.593, 105
Trd, 4318837.643, 90
Trd, 4318838.993, 114
Trd, 4318839.343, 89
Trd, 4318839.793, 77
Trd, 4318840.293, 98
Trd, 4318841.043, 86
Trd, 4318841.243, 85
Trd, 4318842.093, 86
Trd, 4318842.693, 109
Trd, 4318843.243, 89
Trd, 4318845.743, 86
Trd, 4318845.893, 87
Trd, 4318847.493, 89
Trd, 4318847.643, 97
Trd, 4318848.943, 107
Trd, 4318849.993, 88
Trd, 4318851.843, 91
Trd, 4318852.093, 98
Trd, 4318853.893, 90
Trd, 4318854.393, 89
Trd, 4318855.043, 122
Trd, 4318856.093, 89
Trd, 4318857.093, 89
Trd, 4318857.243, 99
Trd, 4318857.293, 88
Trd, 4318858.593, 88
Trd, 4318860.243, 86
Trd, 4318860.993, 76
Trd, 4318861.043, 75
Trd, 4318863.143, 107
Trd, 4318865.143, 99
Trd, 4318865.543, 101
Trd, 4318865.993, 95
Trd, 4318866.093, 94
Trd, 4318867.143, 107
Trd, 4318867.493, 86
Trd, 4318867.593, 113
Trd, 4318869.343, 113
Trd, 4318869.443, 93
Trd, 4318869.593, 77
Trd, 4318871.943, 122
Trd, 4318873.193, 103
Trd, 4318873.243, 101
Trd, 4318874.993, 100
Trd, 4318877.093, 98
Trd, 4318877.793, 94
Trd, 4318879.093, 104
Trd, 4318879.143, 98
Trd, 4318879.743, 104
Trd, 4318881.343, 97
Trd, 4318881.493, 113
Trd, 4318883.343, 111
Trd, 4318884.243, 95
Trd, 4318884.343, 95
Trd, 4318884.943, 89
Trd, 4318886.743, 92
Trd, 4318887.143, 104
Trd, 4318887.693, 92
Trd, 4318888.743, 78
Trd, 4318888.993, 87
Trd, 4318891.043, 80
Trd, 4318892.243, 83
Trd, 4318892.593, 89
Trd, 4318892.743, 96
Trd, 4318895.093, 95
Trd, 4318895.593, 83
Trd, 4318896.493, 87
Trd, 4318896.793, 87
Trd, 4318898.743, 94
Trd, 4318899.943, 95
Trd, 4318901.793, 88
Trd, 4318902.643, 88
Trd, 4318902.793, 87
Trd, 4318904.293, 78
Trd, 4318904.943, 90
Trd, 4318904.993, 95
Trd, 4318907.793, 84
Trd, 4318908.093, 87
Trd, 4318909.393, 88
Trd, 4318909.793, 87
Trd, 4318910.093, 104
Trd, 4318910.893, 87
Trd, 4318911.893, 86
Trd, 4318913.293, 86
Trd, 4318913.443, 96
Trd, 4318915.193, 85
Trd, 4318915.943, 88
Trd, 4318916.143, 87
Trd, 4318916.443, 95
Trd, 4318918.343, 105
Trd, 4318919.193, 94
Trd, 4318920.343, 92
Trd, 4318921.943, 92
Trd, 4318922.943, 96
Trd, 4318923.043, 106
Trd, 4318924.343, 96
Trd, 4318924.393, 95
Trd, 4318925.343, 94
Trd, 4318925.643, 113
Trd, 4318927.043, 93
Trd, 4318929.693, 93
Trd, 4318929.893, 100
Trd, 4318930.343, 93
Trd, 4318932.743, 94
Trd, 4318932.843, 110
Trd, 4318934.143, 101
Trd, 4318934.543, 96
Trd, 4318935.643, 95
Trd, 4318936.093, 95
Trd, 4318936.193, 113
Trd, 4318936.343, 122
Trd, 4318936.393, 86
Trd, 4318938.393, 105
Trd, 4318940.293, 104
Trd, 4318940.643, 114
Trd, 4318940.843, 103
Trd, 4318941.093, 92
Trd, 4318943.443, 82
Trd, 4318945.043, 94
Trd, 4318945.143, 92
Trd, 4318946.243, 106
Trd, 4318946.493, 78
Trd, 4318947.843, 89
Trd, 4318949.393, 87
Trd, 4318950.343, 69
Trd, 4318951.243, 77
Trd, 4318952.543, 84
Trd, 4318953.393, 87
Trd, 4318954.993, 83
Trd, 4318956.793, 88
Trd, 4318958.543, 96
Trd, 4318959.193, 87
Trd, 4318959.393, 87
Trd, 4318959.643, 106
Trd, 4318961.443, 93
Trd, 4318963.743, 87
Trd, 4318963.993, 88
Trd, 4318964.643, 86
Trd, 4318965.793, 88
Trd, 4318966.043, 86
Trd, 4318967.793, 89
Trd, 4318968.743, 122
Trd, 4318969.193, 89
Trd, 4318969.843, 98
Trd, 4318970.843, 91
Trd, 4318971.443, 94
Trd, 4318972.943, 104
Trd, 4318974.593, 98
Trd, 4318975.793, 96
Trd, 4318976.143, 96
Trd, 4318977.393, 95
Trd, 4318977.643, 86
Trd, 4318979.043, 98
Trd, 4318979.343, 93
Trd, 4318980.193, 92
Trd, 4318980.443, 113
Trd, 4318982.593, 95
Trd, 4318983.943, 96
Trd, 4318984.193, 99
Trd, 4318984.493, 94
Trd, 4318985.943, 108
Trd, 4318987.543, 98
Trd, 4318988.443, 97
Trd, 4318989.293, 86
Trd, 4318989.993, 93
Trd, 4318990.043, 108
Trd, 4318990.643, 92
Trd, 4318990.843, 113
Trd, 4318993.793, 70
Trd, 4318994.693, 86
Trd, 4318995.843, 94
Trd, 4318996.043, 87
Trd, 4318996.793, 87
Trd, 4318997.643, 111
Trd, 4319001.543, 88
Trd, 4319001.793, 97
Trd, 4319002.293, 108
Trd, 4319003.593, 94
Trd, 4319003.843, 113
Trd, 4319004.493, 90
Trd, 4319005.243, 92
Trd, 4319007.043, 93
Trd, 4319007.943, 100
Trd, 4319008.843, 97
Trd, 4319009.693, 98
Trd, 4319010.743, 96
Trd, 4319010.993, 100
Trd, 4319013.493, 94
Trd, 4319014.193, 95
Trd, 4319014.893, 100
Trd, 4319015.993, 99
Trd, 4319016.743, 94
Trd, 4319017.043, 104
Trd, 4319018.593, 113
Trd, 4319019.693, 96
Trd, 4319020.093, 122
Trd, 4319020.243, 95
Trd, 4319020.543, 94
Trd, 4319020.893, 86
Trd, 4319022.543, 77
Trd, 4319022.943, 92
Trd, 4319024.143, 86
Trd, 4319024.743, 131
Trd, 4319025.543, 86
Trd, 4319027.543, 87
Trd, 4319029.193, 87
Trd, 4319029.393, 89
Trd, 4319029.943, 108
Trd, 4319032.643, 86
Trd, 4319033.793, 95
Trd, 4319034.743, 85
Trd, 4319035.293, 86
Trd, 4319035.493, 85
Trd, 4319036.043, 105
Trd, 4319036.793, 88
Trd, 4319039.843, 106
Trd, 4319040.193, 95
Trd, 4319040.643, 94
Trd, 4319041.743, 93
Trd, 4319042.743, 93
Trd, 4319043.043, 96
Trd, 4319043.443, 87
Trd, 4319044.693, 89
Trd, 4319046.443, 96
Trd, 4319047.143, 91
Trd, 4319048.043, 94
Trd, 4319049.293, 94
Trd, 4319049.593, 113
Trd, 4319050.843, 98
Trd, 4319051.143, 94
Trd, 4319051.943, 110
Trd, 4319052.693, 113
Trd, 4319052.993, 95
Trd, 4319053.293, 94
Trd, 4319054.243, 100
Trd, 4319058.543, 95
Trd, 4319058.643, 95
Trd, 4319058.793, 93
Trd, 4319060.143, 79
Trd, 4319060.943, 111
Trd, 4319061.593, 83
Trd, 4319062.693, 86
Trd, 4319062.943, 85
Trd, 4319063.443, 79
Trd, 4319064.443, 86
Trd, 4319065.443, 82
Trd, 4319066.843, 109
Trd, 4319068.493, 86
Trd, 4319069.543, 86
Trd, 4319070.043, 90
Trd, 4319070.343, 95
Trd, 4319070.393, 86
Trd, 4319074.343, 93
Trd, 4319074.543, 109
Trd, 4319075.093, 93
Trd, 4319075.743, 113
Trd, 4319077.093, 94
Trd, 4319077.493, 93
Trd, 4319078.343, 93
Trd, 4319079.993, 94
Trd, 4319082.093, 98
Trd, 4319082.743, 93
Trd, 4319084.643, 104
Trd, 4319084.993, 92
Trd, 4319085.593, 103
Trd, 4319088.043, 93
Trd, 4319088.793, 93
Trd, 4319089.943, 92
Trd, 4319092.093, 95
Trd, 4319092.943, 98
Trd, 4319093.093, 94
Trd, 4319093.343, 91
Trd, 4319093.743, 91
Trd, 4319094.343, 91
Trd, 4319096.293, 82
Trd, 4319096.443, 105
Trd, 4319096.643, 79
Trd, 4319097.493, 123
Trd, 4319099.543, 99
Trd, 4319100.693, 123
Trd, 4319101.643, 97
Trd, 4319102.143, 98
Trd, 4319102.593, 98
Trd, 4319104.293, 101
Trd, 4319104.893, 96
Trd, 4319106.693, 86
Trd, 4319106.793, 101
Trd, 4319107.093, 82
Trd, 4319108.693, 92
Trd, 4319109.343, 78
Trd, 4319110.193, 71
Trd, 4319111.243, 97
Trd, 4319113.793, 85
Trd, 4319114.743, 87
Trd, 4319115.593, 84
Trd, 4319116.443, 92
Trd, 4319116.543, 83
Trd, 4319118.093, 89
Trd, 4319119.443, 89
Trd, 4319120.093, 91
Trd, 4319122.093, 95
Trd, 4319122.543, 90
Trd, 4319122.993, 105
Trd, 4319123.493, 94
Trd, 4319124.843, 133
Trd, 4319125.243, 131
Trd, 4319125.593, 113
Trd, 4319127.043, 82
Trd, 4319132.393, 78
Trd, 4319132.493, 77
Trd, 4319132.543, 86
Trd, 4319133.093, 77
Trd, 4319133.893, 87
Trd, 4319134.093, 79
Trd, 4319136.393, 84
Trd, 4319137.243, 87
Trd, 4319138.793, 93
Trd, 4319139.093, 95
Trd, 4319139.293, 84
Trd, 4319139.693, 90
Trd, 4319139.743, 111
Trd, 4319142.943, 91
Trd, 4319143.293, 93
Trd, 4319144.593, 92
Trd, 4319144.893, 92
Trd, 4319145.193, 97
Trd, 4319146.143, 86
Trd, 4319146.593, 87
Trd, 4319147.793, 111
Trd, 4319152.043, 96
Trd, 4319152.593, 97
Trd, 4319153.043, 97
Trd, 4319153.693, 94
Trd, 4319154.093, 110
Trd, 4319154.693, 113
Trd, 4319154.943, 95
Trd, 4319155.143, 86
Trd, 4319156.143, 113
Trd, 4319158.093, 86
Trd, 4319158.443, 113
Trd, 4319158.643, 74
Trd, 4319160.143, 84
Trd, 4319162.543, 87
Trd, 4319163.143, 86
Trd, 4319163.493, 83
Trd, 4319164.893, 84
Trd, 4319165.243, 95
Trd, 4319165.843, 84
Trd, 4319167.843, 92
Trd, 4319170.843, 95
Trd, 4319171.043, 90
Trd, 4319171.593, 88
Trd, 4319172.643, 90
Trd, 4319172.743, 104
Trd, 4319173.093, 113
Trd, 4319174.593, 98
Trd, 4319176.043, 98
Trd, 4319176.243, 97
Trd, 4319176.693, 86
Trd, 4319176.993, 110
Trd, 4319177.943, 123
Trd, 4319181.443, 100
Trd, 4319181.843, 99
Trd, 4319183.393, 103
Trd, 4319184.093, 98
Trd, 4319184.293, 106
Trd, 4319185.493, 99
Trd, 4319187.293, 99
Trd, 4319187.443, 99
Trd, 4319188.143, 104
Trd, 4319188.293, 105
Trd, 4319189.393, 98
Trd, 4319190.093, 113
Trd, 4319190.193, 94
Trd, 4319192.293, 77
Trd, 4319192.793, 72
Trd, 4319193.143, 71
Trd, 4319194.793, 86
Trd, 4319196.393, 96
Trd, 4319197.193, 92
Trd, 4319197.593, 92
Trd, 4319199.143, 91
Trd, 4319200.143, 91
Trd, 4319201.093, 91
Trd, 4319202.543, 96
Trd, 4319203.693, 90
Trd, 4319203.843, 90
Trd, 4319204.743, 110
Trd, 4319205.143, 89
Trd, 4319206.443, 113
Trd, 4319207.493, 99
Trd, 4319207.543, 113
Trd, 4319208.043, 94
Trd, 4319208.343, 89
Trd, 4319209.693, 90
Trd, 4319210.393, 101
Trd, 4319210.743, 86
Trd, 4319212.993, 90
Trd, 4319213.243, 104
Trd, 4319213.293, 90
Trd, 4319213.743, 89
Trd, 4319215.993, 70
Trd, 4319218.593, 97
Trd, 4319220.393, 92
Trd, 4319220.993, 92
Trd, 4319222.843, 94
Trd, 4319223.543, 93
Trd, 4319225.843, 92
Trd, 4319225.893, 104
Trd, 4319225.993, 92
Trd, 4319227.843, 86
Trd, 4319228.143, 96
Trd, 4319229.543, 91
Trd, 4319229.643, 90
Trd, 4319230.793, 91
Trd, 4319231.193, 104
Trd, 4319231.843, 86
Trd, 4319232.193, 113
Trd, 4319233.543, 86
Trd, 4319234.743, 87
Trd, 4319234.793, 96
Trd, 4319236.143, 86
Trd, 4319238.543, 92
Trd, 4319239.093, 95
Trd, 4319240.243, 91
Trd, 4319240.343, 90
Trd, 4319240.993, 109
Trd, 4319241.893, 90
Trd, 4319243.243, 89
Trd, 4319244.293, 91
Trd, 4319245.993, 90
Trd, 4319246.543, 95
Trd, 4319247.043, 109
Trd, 4319247.543, 89
Trd, 4319248.293, 89
Trd, 4319249.243, 69
Trd, 4319251.993, 92
Trd, 4319253.343, 97
Trd, 4319253.893, 95
Trd, 4319254.643, 113
Trd, 4319255.893, 88
Trd, 4319257.093, 93
Trd, 4319257.143, 96
Trd, 4319258.743, 113
Trd, 4319259.143, 97
Trd, 4319259.493, 93
Trd, 4319260.343, 86
Trd, 4319261.893, 92
Trd, 4319262.143, 91
Trd, 4319263.393, 91
Trd, 4319264.293, 113
Trd, 4319264.593, 93
Trd, 4319265.243, 110
Trd, 4319265.493, 94
Trd, 4319267.143, 93
Trd, 4319267.743, 104
Trd, 4319269.593, 92
Trd, 4319271.443, 92
Trd, 4319272.343, 86
Trd, 4319272.743, 77
Trd, 4319273.943, 98
Trd, 4319274.793, 91
Trd, 4319275.793, 105
Trd, 4319275.843, 91
Trd, 4319275.893, 91
Trd, 4319278.743, 95
Trd, 4319279.243, 94
Trd, 4319280.843, 93
Trd, 4319280.943, 97
Trd, 4319281.193, 105
Trd, 4319283.043, 90
Trd, 4319284.393, 98
Trd, 4319284.543, 91
Trd, 4319285.593, 86
Trd, 4319286.043, 78
Trd, 4319286.543, 131
Trd, 4319288.743, 99
Trd, 4319289.143, 86
Trd, 4319290.393, 87
Trd, 4319291.093, 87
Trd, 4319294.143, 92
Trd, 4319294.343, 91
Trd, 4319296.743, 105
Trd, 4319297.193, 94
Trd, 4319297.943, 96
Trd, 4319298.793, 96
Trd, 4319299.343, 96
Trd, 4319299.993, 93
Trd, 4319300.743, 94
Trd, 4319300.893, 96
Trd, 4319301.493, 94
Trd, 4319301.743, 104
Trd, 4319304.993, 97
Trd, 4319305.093, 95
Trd, 4319306.543, 97
Trd, 4319307.943, 104
Trd, 4319308.443, 96
Trd, 4319308.493, 95
Trd, 4319309.193, 98
Trd, 4319310.193, 124
Trd, 4319310.393, 96
Trd, 4319311.993, 94
Trd, 4319312.693, 101
Trd, 4319312.793, 95
Trd, 4319314.743, 101
Trd, 4319314.843, 87
Trd, 4319316.043, 92
Trd, 4319317.143, 108
Trd, 4319317.593, 70
Trd, 4319318.343, 80
Trd, 4319318.593, 114
Trd, 4319320.293, 87
Trd, 4319321.693, 86
Trd, 4319322.193, 96
Trd, 4319323.243, 89
Trd, 4319324.043, 97
Trd, 4319324.743, 97
Trd, 4319324.993, 111
Trd, 4319327.793, 97
Trd, 4319328.043, 114
Trd, 4319328.493, 94
Trd, 4319329.443, 94
Trd, 4319330.043, 86
Trd, 4319330.843, 86
Trd, 4319331.443, 80
Trd, 4319332.693, 83
Trd, 4319333.193, 95
Trd, 4319334.043, 77
Trd, 4319334.143, 111
Trd, 4319336.643, 81
Trd, 4319338.043, 86
Trd, 4319338.293, 84
Trd, 4319338.693, 84
Trd, 4319339.593, 86
Trd, 4319339.693, 95
Trd, 4319340.843, 88
Trd, 4319341.443, 86
Trd, 4319344.493, 90
Trd, 4319345.793, 93
Trd, 4319346.093, 92
Trd, 4319346.693, 80
Trd, 4319347.643, 95
Trd, 4319349.193, 95
Trd, 4319349.593, 93
Trd, 4319349.643, 111
Trd, 4319350.643, 92
Trd, 4319351.243, 93
Trd, 4319352.143, 93
Trd, 4319353.843, 108
Trd, 4319354.543, 94
Trd, 4319356.743, 86
Trd, 4319357.643, 77
Trd, 4319358.193, 90
Trd, 4319360.243, 91
Trd, 4319360.343, 96
Trd, 4319362.093, 108
Trd, 4319362.493, 92
Trd, 4319363.943, 102
Trd, 4319364.243, 91
Trd, 4319364.943, 91
Trd, 4319365.493, 92
Trd, 4319367.493, 88
Trd, 4319367.543, 81
Trd, 4319369.393, 90
Trd, 4319369.843, 95
Trd, 4319372.543, 89
Trd, 4319374.393, 86
Trd, 4319375.293, 83
Trd, 4319376.493, 95
Trd, 4319377.143, 107
Trd, 4319377.543, 113
Trd, 4319377.693, 86
Trd, 4319377.893, 84
Trd, 4319378.393, 84
Trd, 4319380.643, 99
Trd, 4319381.243, 84
Trd, 4319381.293, 124
Trd, 4319383.493, 90
Trd, 4319384.043, 90
Trd, 4319385.093, 90
Trd, 4319385.843, 92
Trd, 4319386.643, 90
Trd, 4319387.793, 88
Trd, 4319389.443, 95
Trd, 4319389.843, 88
Trd, 4319390.543, 104
Trd, 4319391.443, 114
Trd, 4319392.443, 92
Trd, 4319393.443, 92
Trd, 4319393.993, 88
Trd, 4319395.893, 91
Trd, 4319397.143, 95
Trd, 4319397.443, 94
Trd, 4319397.993, 94
Trd, 4319398.693, 90
Trd, 4319398.943, 108
Trd, 4319400.443, 114
Trd, 4319401.443, 98
Trd, 4319401.543, 78
Trd, 4319402.693, 91
Trd, 4319402.843, 93
Trd, 4319404.243, 100
Trd, 4319404.493, 94
Trd, 4319405.843, 97
Trd, 4319407.893, 89
Trd, 4319407.943, 96
Trd, 4319408.243, 110
Trd, 4319408.343, 77
Trd, 4319410.293, 90
Trd, 4319410.393, 107
Trd, 4319410.793, 113
Trd, 4319410.993, 89
Trd, 4319414.493, 94
Trd, 4319415.743, 95
Trd, 4319417.043, 94
Trd, 4319417.343, 100
Trd, 4319417.493, 94
Trd, 4319417.643, 93
Trd, 4319418.493, 86
Trd, 4319419.693, 69
Trd, 4319420.443, 87
Trd, 4319422.143, 95
Trd, 4319423.843, 95
Trd, 4319424.043, 111
Trd, 4319424.293, 123
Trd, 4319425.193, 96
Trd, 4319425.893, 100
Trd, 4319426.343, 131
Trd, 4319428.043, 99
Trd, 4319428.643, 94
Trd, 4319428.893, 77
Trd, 4319430.493, 108
Trd, 4319431.143, 98
Trd, 4319432.693, 99
Trd, 4319432.943, 105
Trd, 4319433.493, 99
Trd, 4319434.643, 98
Trd, 4319436.193, 104
Trd, 4319436.593, 94
Trd, 4319436.993, 86
Trd, 4319437.593, 72
Trd, 4319438.543, 113
Trd, 4319441.043, 92
Trd, 4319441.993, 92
Trd, 4319442.343, 91
Trd, 4319442.543, 102
Trd, 4319442.893, 86
Trd, 4319443.593, 113
Trd, 4319444.693, 89
Trd, 4319446.443, 68
Trd, 4319448.093, 93
Trd, 4319448.293, 101
Trd, 4319449.293, 77
Trd, 4319452.293, 86
Trd, 4319453.393, 95
Trd, 4319454.193, 89
Trd, 4319454.493, 87
Trd, 4319454.793, 105
Trd, 4319454.843, 87
Trd, 4319456.043, 88
Trd, 4319456.293, 113
Trd, 4319457.043, 87
Trd, 4319457.243, 123
Trd, 4319459.443, 86
Trd, 4319461.743, 86
Trd, 4319461.843, 85
Trd, 4319463.093, 86
Trd, 4319463.293, 85
Trd, 4319463.593, 95
Trd, 4319466.943, 92
Trd, 4319467.093, 95
Trd, 4319467.443, 104
Trd, 4319468.593, 101
Trd, 4319469.693, 101
Trd, 4319470.843, 94
Trd, 4319470.943, 86
Trd, 4319471.193, 67
Trd, 4319471.243, 113
Trd, 4319473.843, 89
Trd, 4319473.943, 87
Trd, 4319476.043, 109
Trd, 4319478.193, 94
Trd, 4319478.343, 100
Trd, 4319479.543, 93
Trd, 4319480.193, 92
Trd, 4319481.543, 95
Trd, 4319481.843, 94
Trd, 4319482.293, 93
Trd, 4319483.793, 80
Trd, 4319484.743, 90
Trd, 4319484.943, 109
Trd, 4319485.143, 113
Trd, 4319486.693, 89
Trd, 4319487.093, 88
Trd, 4319489.443, 83
Trd, 4319490.293, 100
Trd, 4319490.843, 89
Trd, 4319491.343, 113
Trd, 4319492.743, 109
Trd, 4319493.643, 91
Trd, 4319494.893, 90
Trd, 4319495.193, 104
Trd, 4319495.993, 86
Trd, 4319496.843, 87
Trd, 4319497.393, 113
Trd, 4319497.493, 68
Trd, 4319499.093, 85
Trd, 4319500.843, 99
Trd, 4319501.593, 85
Trd, 4319503.493, 84
Trd, 4319504.593, 87
Trd, 4319504.843, 110
Trd, 4319506.993, 86
Trd, 4319507.193, 97
Trd, 4319507.893, 85
Trd, 4319508.393, 77
Trd, 4319510.193, 97
Trd, 4319510.543, 106
Trd, 4319510.843, 86
Trd, 4319511.493, 86
Trd, 4319514.643, 110
Trd, 4319515.543, 95
Trd, 4319516.493, 98
Trd, 4319516.543, 94
Trd, 4319516.843, 94
Trd, 4319518.443, 78
Trd, 4319521.143, 95
Trd, 4319521.293, 109
Trd, 4319521.593, 92
Trd, 4319522.793, 91
Trd, 4319523.443, 91
Trd, 4319523.693, 86
Trd, 4319524.143, 110
Trd, 4319525.593, 89
Trd, 4319526.393, 113
Trd, 4319527.043, 88
Trd, 4319528.093, 89
Trd, 4319528.343, 92
Trd, 4319530.793, 89
Trd, 4319531.493, 98
Trd, 4319533.093, 88
Trd, 4319534.143, 87
Trd, 4319534.343, 90
Trd, 4319535.743, 86
Trd, 4319536.293, 87
Trd, 4319536.943, 95
Trd, 4319537.093, 104
Trd, 4319537.643, 86
Trd, 4319538.893, 85
Trd, 4319539.093, 113
Trd, 4319542.743, 85
Trd, 4319545.343, 78
Trd, 4319546.243, 95
Trd, 4319546.543, 82
Trd, 4319546.893, 70
Trd, 4319548.343, 87
Trd, 4319549.043, 79
Trd, 4319549.293, 109
Trd, 4319549.993, 77
Trd, 4319550.943, 82
Trd, 4319553.343, 86
Trd, 4319553.793, 95
Trd, 4319555.143, 95
Trd, 4319555.343, 87
Trd, 4319557.493, 86
Trd, 4319559.193, 86
Trd, 4319559.243, 85
Trd, 4319560.043, 95
Trd, 4319561.393, 109
Trd, 4319562.693, 84
Trd, 4319564.043, 86
Trd, 4319564.393, 96
Trd, 4319565.693, 88
Trd, 4319565.793, 86
Trd, 4319567.393, 109
Trd, 4319568.243, 113
Trd, 4319568.693, 91
Trd, 4319568.843, 91
Trd, 4319569.643, 131
Trd, 4319570.093, 99
Trd, 4319572.893, 99
Trd, 4319573.593, 88
Trd, 4319573.693, 86
Trd, 4319574.443, 84
Trd, 4319574.793, 102
Trd, 4319576.443, 97
Trd, 4319577.393, 104
Trd, 4319578.743, 102
Trd, 4319579.493, 94
Trd, 4319579.593, 107
Trd, 4319581.743, 93
Trd, 4319582.043, 89
Trd, 4319583.293, 97
Trd, 4319583.543, 98
Trd, 4319583.943, 94
Trd, 4319584.143, 106
Trd, 4319585.393, 96
Trd, 4319585.843, 93
Trd, 4319587.743, 96
Trd, 4319590.043, 105
Trd, 4319591.493, 98
Trd, 4319591.743, 97
Trd, 4319592.793, 100
Trd, 4319593.543, 96
Trd, 4319595.143, 100
Trd, 4319595.493, 77
Trd, 4319595.793, 104
Trd, 4319596.993, 91
Trd, 4319597.593, 94
Trd, 4319597.943, 93
Trd, 4319600.493, 96
Trd, 4319600.743, 97
Trd, 4319600.993, 105
Trd, 4319601.243, 113
Trd, 4319601.793, 97
Trd, 4319602.043, 86
Trd, 4319604.543, 101
Trd, 4319605.093, 97
Trd, 4319607.093, 101
Trd, 4319607.843, 98
Trd, 4319608.393, 94
Trd, 4319609.193, 79
Trd, 4319609.243, 105
Trd, 4319610.243, 113
Trd, 4319611.243, 90
Trd, 4319611.843, 87
Trd, 4319613.243, 89
Trd, 4319613.593, 99
Trd, 4319614.043, 109
Trd, 4319614.393, 88
Trd, 4319615.893, 78
Trd, 4319616.543, 67
Trd, 4319618.543, 87
Trd, 4319619.193, 89
Trd, 4319620.293, 94
Trd, 4319620.843, 92
Trd, 4319621.493, 97
Trd, 4319623.143, 107
Trd, 4319624.743, 95
Trd, 4319624.993, 98
Trd, 4319625.243, 93
Trd, 4319625.643, 107
Trd, 4319627.343, 77
Trd, 4319627.843, 89
Trd, 4319628.143, 86
Trd, 4319628.543, 68
Trd, 4319630.093, 87
Trd, 4319630.343, 97
Trd, 4319630.593, 87
Trd, 4319634.293, 89
Trd, 4319634.493, 96
Trd, 4319634.843, 87
Trd, 4319634.943, 104
Trd, 4319636.693, 107
Trd, 4319638.443, 91
Trd, 4319638.993, 91
Trd, 4319639.393, 90
Trd, 4319639.993, 98
Trd, 4319640.293, 89
Trd, 4319643.693, 96
Trd, 4319643.843, 93
Trd, 4319644.743, 93
Trd, 4319645.043, 96
Trd, 4319645.743, 108
Trd, 4319646.393, 92
Trd, 4319647.043, 91
Trd, 4319648.393, 93
Trd, 4319649.193, 97
Trd, 4319649.293, 96
Trd, 4319651.043, 86
Trd, 4319651.443, 72
Trd, 4319652.693, 86
Trd, 4319652.993, 95
Trd, 4319654.693, 109
Trd, 4319655.393, 93
Trd, 4319655.743, 93
Trd, 4319656.093, 113
Trd, 4319656.293, 92
Trd, 4319659.593, 93
Trd, 4319660.743, 93
Trd, 4319660.993, 92
Trd, 4319661.293, 92
Trd, 4319663.893, 99
Trd, 4319664.193, 111
Trd, 4319664.743, 91
Trd, 4319665.443, 91
Trd, 4319665.493, 113
Trd, 4319665.693, 86
Trd, 4319668.743, 91
Trd, 4319669.943, 103
Trd, 4319670.193, 94
Trd, 4319670.493, 86
Trd, 4319671.643, 92
Trd, 4319671.993, 104
Trd, 4319673.243, 92
Trd, 4319674.093, 113
Trd, 4319674.193, 104
Trd, 4319674.493, 94
Trd, 4319674.993, 93
Trd, 4319676.843, 104
Trd, 4319679.443, 93
Trd, 4319680.593, 93
Trd, 4319680.993, 93
Trd, 4319681.943, 93
Trd, 4319682.243, 104
Trd, 4319683.193, 96
Trd, 4319685.043, 92
Trd, 4319685.493, 91
Trd, 4319686.343, 101
Trd, 4319689.293, 91
Trd, 4319689.393, 90
Trd, 4319690.593, 91
Trd, 4319691.293, 100
Trd, 4319691.643, 91
Trd, 4319691.793, 86
Trd, 4319693.593, 104
Trd, 4319695.943, 92
Trd, 4319696.093, 89
Trd, 4319697.393, 78
Trd, 4319697.893, 113
Trd, 4319699.593, 92
Trd, 4319700.193, 100
Trd, 4319700.543, 92
Trd, 4319702.193, 100
Trd, 4319702.243, 108
Trd, 4319703.943, 93
Trd, 4319704.193, 92
Trd, 4319706.043, 95
Trd, 4319707.243, 93
Trd, 4319707.593, 113
Trd, 4319708.843, 102
Trd, 4319709.443, 95
Trd, 4319709.943, 94
Trd, 4319710.393, 86
Trd, 4319711.193, 104
Trd, 4319712.643, 105
Trd, 4319712.893, 91
Trd, 4319713.893, 92
Trd, 4319714.893, 91
Trd, 4319716.893, 93
Trd, 4319717.343, 104
Trd, 4319718.343, 108
Trd, 4319720.193, 94
Trd, 4319721.343, 105
Trd, 4319722.543, 94
Trd, 4319722.593, 93
Trd, 4319723.193, 87
Trd, 4319723.993, 105
Trd, 4319724.193, 91
Trd, 4319725.793, 90
Trd, 4319725.893, 122
Trd, 4319726.043, 86
Trd, 4319728.193, 80
Trd, 4319728.743, 79
Trd, 4319731.093, 98
Trd, 4319731.793, 86
Trd, 4319731.893, 114
Trd, 4319732.193, 122
Trd, 4319732.743, 93
Trd, 4319733.843, 95
Trd, 4319735.593, 93
Trd, 4319737.893, 97
Trd, 4319738.543, 96
Trd, 4319739.293, 108
Trd, 4319739.743, 95
Trd, 4319740.693, 94
Trd, 4319740.893, 103
Trd, 4319741.093, 114
Trd, 4319742.443, 93
Trd, 4319742.793, 93
Trd, 4319742.943, 113
Trd, 4319744.693, 93
Trd, 4319745.793, 92
Trd, 4319747.443, 87
Trd, 4319747.793, 89
Trd, 4319748.793, 90
Trd, 4319749.893, 86
Trd, 4319750.343, 98
Trd, 4319750.543, 111
Trd, 4319753.143, 99
Trd, 4319753.493, 89
Trd, 4319753.843, 88
Trd, 4319754.493, 80
Trd, 4319757.043, 89
Trd, 4319757.093, 86
Trd, 4319757.143, 96
Trd, 4319757.643, 110
Trd, 4319757.743, 113
Trd, 4319758.893, 90
Trd, 4319759.043, 89
Trd, 4319759.343, 77
Trd, 4319761.593, 96
Trd, 4319762.993, 97
Trd, 4319763.393, 91
Trd, 4319763.943, 122
Trd, 4319764.893, 95
Trd, 4319766.543, 100
Trd, 4319766.943, 114
Trd, 4319767.343, 98
Trd, 4319767.443, 86
Trd, 4319770.093, 99
Trd, 4319771.043, 102
Trd, 4319771.593, 100
Trd, 4319771.743, 99
Trd, 4319772.543, 94
Trd, 4319773.043, 105
Trd, 4319774.393, 131
Trd, 4319775.593, 105
Trd, 4319777.243, 86
Trd, 4319778.293, 98
Trd, 4319778.993, 85
Trd, 4319779.293, 123
Trd, 4319782.093, 96
Trd, 4319782.143, 94
Trd, 4319782.793, 95
Trd, 4319783.393, 94
Trd, 4319784.643, 87
Trd, 4319784.743, 86
Trd, 4319786.093, 86
Trd, 4319787.443, 107
Trd, 4319787.743, 113
Trd, 4319790.343, 98
Trd, 4319790.393, 95
Trd, 4319791.943, 91
Trd, 4319792.593, 86
Trd, 4319792.793, 78
Trd, 4319793.743, 95
Trd, 4319794.593, 104
Trd, 4319795.193, 81
Trd, 4319796.493, 87
Trd, 4319797.643, 89
Trd, 4319797.943, 88
Trd, 4319798.343, 104
Trd, 4319798.443, 77
Trd, 4319800.493, 96
Trd, 4319801.093, 86
Trd, 4319801.943, 86
Trd, 4319803.743, 89
Trd, 4319804.193, 85
Trd, 4319804.943, 86
Trd, 4319806.193, 95
Trd, 4319807.543, 105
Trd, 4319809.443, 113
Trd, 4319810.293, 98
Trd, 4319810.593, 96
Trd, 4319812.193, 97
Trd, 4319813.543, 97
Trd, 4319813.693, 98
Trd, 4319813.793, 89
Trd, 4319814.243, 87
Trd, 4319816.543, 94
Trd, 4319818.143, 93
Trd, 4319818.543, 86
Trd, 4319819.493, 93
Trd, 4319820.393, 105
Trd, 4319821.093, 81
Trd, 4319823.243, 88
Trd, 4319823.493, 97
Trd, 4319823.943, 104
Trd, 4319824.743, 88
Trd, 4319825.843, 88
Trd, 4319827.243, 80
Trd, 4319829.993, 88
Trd, 4319831.443, 87
Trd, 4319832.193, 97
Trd, 4319832.543, 88
Trd, 4319832.843, 96
Trd, 4319833.643, 90
Trd, 4319834.993, 90
Trd, 4319835.193, 87
Trd, 4319835.293, 86
Trd, 4319837.643, 104
Trd, 4319838.493, 88
Trd, 4319841.043, 90
Trd, 4319841.243, 90
Trd, 4319842.493, 96
Trd, 4319842.643, 104
Trd, 4319842.743, 90
Trd, 4319844.293, 89
Trd, 4319844.543, 81
Trd, 4319845.443, 113
Trd, 4319845.743, 88
Trd, 4319846.043, 77
Trd, 4319848.743, 92
Trd, 4319849.843, 93
Trd, 4319850.893, 97
Trd, 4319851.893, 110
Trd, 4319852.393, 93
Trd, 4319852.893, 92
Trd, 4319853.593, 86
Trd, 4319855.193, 90
Trd, 4319857.143, 89
Trd, 4319857.693, 95
Trd, 4319858.893, 93
Trd, 4319861.443, 92
Trd, 4319861.593, 96
Trd, 4319862.393, 94
Trd, 4319862.693, 94
Trd, 4319863.743, 97
Trd, 4319864.243, 95
Trd, 4319866.543, 93
Trd, 4319868.043, 95
Trd, 4319869.193, 95
Trd, 4319869.793, 94
Trd, 4319869.943, 109
Trd, 4319870.793, 92
Trd, 4319871.543, 92
Trd, 4319872.943, 92
Trd, 4319873.193, 110
Trd, 4319873.693, 94
Trd, 4319874.393, 93
Trd, 4319875.293, 92
Trd, 4319876.243, 113
Trd, 4319876.443, 92
Trd, 4319877.193, 86
Trd, 4319879.293, 99
Trd, 4319879.343, 98
Trd, 4319881.643, 104
Trd, 4319882.043, 96
Trd, 4319883.693, 96
Trd, 4319884.843, 95
Trd, 4319885.593, 90
Trd, 4319886.493, 86
Trd, 4319886.993, 91
Trd, 4319887.043, 97
Trd, 4319887.393, 105
Trd, 4319888.943, 98
Trd, 4319890.743, 98
Trd, 4319891.143, 97
Trd, 4319892.643, 113
Trd, 4319892.843, 96
Trd, 4319893.793, 95
Trd, 4319894.693, 94
Trd, 4319894.793, 95
Trd, 4319896.993, 95
Trd, 4319897.193, 86
Trd, 4319897.493, 99
Trd, 4319897.843, 77
Trd, 4319900.143, 91
Trd, 4319900.193, 109
Trd, 4319901.043, 100
Trd, 4319902.643, 104
Trd, 4319903.093, 91
Trd, 4319903.143, 91
Trd, 4319905.243, 92
Trd, 4319906.293, 100
Trd, 4319906.643, 90
Trd, 4319906.743, 113
Trd, 4319908.443, 93
Trd, 4319908.543, 90
Trd, 4319908.893, 86
Trd, 4319909.793, 97
Trd, 4319911.443, 91
Trd, 4319911.693, 109
Trd, 4319912.693, 91
Trd, 4319914.443, 113
Trd, 4319915.543, 129
Trd, 4319916.543, 110
Trd, 4319916.843, 101
Trd, 4319919.143, 106
Trd, 4319920.693, 101
Trd, 4319921.193, 114
Trd, 4319921.593, 100
Trd, 4319921.793, 94
Trd, 4319924.043, 98
Trd, 4319924.543, 107
Trd, 4319925.443, 88
Trd, 4319925.493, 86
Trd, 4319926.793, 86
Trd, 4319928.693, 103
Trd, 4319928.843, 106
Trd, 4319930.843, 92
Trd, 4319931.243, 92
Trd, 4319933.043, 103
Trd, 4319933.843, 105
Trd, 4319934.793, 93
Trd, 4319935.943, 94
Trd, 4319937.543, 93
Trd, 4319938.293, 103
Trd, 4319939.193, 105
Trd, 4319939.593, 94
Trd, 4319940.943, 93
Trd, 4319940.993, 103
Trd, 4319941.943, 96
Trd, 4319943.293, 95
Trd, 4319944.243, 95
Trd, 4319944.843, 106
Trd, 4319947.543, 103
Trd, 4319947.643, 94
Trd, 4319948.743, 93
Trd, 4319949.093, 77
Trd, 4319950.543, 89
Trd, 4319950.993, 67
Trd, 4319951.043, 97
Trd, 4319952.093, 106
Trd, 4319953.543, 86
Trd, 4319953.893, 86
Trd, 4319957.293, 102
Trd, 4319958.793, 104
Trd, 4319958.993, 103
Trd, 4319959.043, 107
Trd, 4319959.393, 113
Trd, 4319960.043, 86
Trd, 4319960.143, 77
Trd, 4319961.243, 124
Trd, 4319961.493, 91
Trd, 4319963.393, 77
Trd, 4319963.693, 74
Trd, 4319965.693, 87
Trd, 4319966.143, 86
Trd, 4319968.393, 96
Trd, 4319968.993, 86
Trd, 4319969.043, 86
Trd, 4319969.093, 86
Trd, 4319971.293, 95
Trd, 4319971.643, 86
Trd, 4319973.093, 86
Trd, 4319974.293, 87
Trd, 4319975.293, 87
Trd, 4319975.593, 105
Trd, 4319978.293, 87
Trd, 4319978.743, 86
Trd, 4319979.693, 86
Trd, 4319980.043, 95
Trd, 4319980.593, 105
Trd, 4319980.643, 86
Trd, 4319981.593, 87
Trd, 4319982.193, 88
Trd, 4319983.993, 89
Trd, 4319985.143, 88
Trd, 4319986.843, 95
Trd, 4319987.743, 88
Trd, 4319988.743, 105
Trd, 4319989.043, 88
Trd, 4319990.093, 101
Trd, 4319990.293, 86
Trd, 4319993.793, 92
Trd, 4319994.743, 96
Trd, 4319995.443, 92
Trd, 4319995.793, 89
Trd, 4319995.893, 104
Trd, 4319996.843, 86
Trd, 4319998.043, 89
Trd, 4319998.693, 77
Trd, 4319999.893, 96
