Trd, 4317839.993, 104
Trd, 4317840.393, 102
Trd, 4317841.743, 100
Trd, 4317842.043, 103
Trd, 4317845.443, 86
Trd, 4317846.743, 98
Trd, 4317847.843, 98
Trd, 4317852.193, 95
Trd, 4317853.393, 95
Trd, 4317853.893, 98
Trd, 4317854.093, 104
Trd, 4317855.393, 101
Trd, 4317856.493, 96
Trd, 4317858.043, 111
Trd, 4317859.043, 107
Trd, 4317860.393, 103
Trd, 4317860.593, 104
Trd, 4317862.143, 98
Trd, 4317862.343, 113
Trd, 4317864.143, 95
Trd, 4317865.543, 86
Trd, 4317867.843, 111
Trd, 4317869.193, 108
Trd, 4317872.393, 106
Trd, 4317873.843, 111
Trd, 4317874.993, 107
Trd, 4317875.493, 108
Trd, 4317876.943, 104
Trd, 4317880.443, 105
Trd, 4317881.543, 108
Trd, 4317883.943, 103
Trd, 4317885.793, 104
Trd, 4317886.193, 108
Trd, 4317887.593, 108
Trd, 4317891.493, 108
Trd, 4317896.393, 104
Trd, 4317897.943, 103
Trd, 4317898.293, 107
Trd, 4317900.543, 107
Trd, 4317902.093, 104
Trd, 4317907.693, 104
Trd, 4317909.743, 105
Trd, 4317911.193, 104
Trd, 4317912.043, 95
Trd, 4317913.543, 104
Trd, 4317913.843, 100
Trd, 4317916.743, 104
Trd, 4317917.543, 101
Trd, 4317918.743, 102
Trd, 4317919.693, 100
Trd, 4317921.643, 100
Trd, 4317921.943, 101
Trd, 4317924.343, 104
Trd, 4317926.743, 102
Trd, 4317929.493, 98
Trd, 4317930.143, 103
Trd, 4317932.893, 103
Trd, 4317933.493, 98
Trd, 4317935.243, 95
Trd, 4317935.543, 103
Trd, 4317938.243, 111
Trd, 4317939.243, 111
Trd, 4317940.343, 105
Trd, 4317940.793, 105
Trd, 4317941.643, 103
Trd, 4317944.143, 103
Trd, 4317945.343, 96
Trd, 4317946.193, 105
Trd, 4317946.543, 104
Trd, 4317947.993, 92
Trd, 4317951.243, 101
Trd, 4317952.593, 101
Trd, 4317954.593, 102
Trd, 4317955.343, 102
Trd, 4317956.143, 100
Trd, 4317956.443, 95
Trd, 4317958.693, 99
Trd, 4317959.093, 99
Trd, 4317960.343, 104
Trd, 4317961.943, 103
Trd, 4317962.793, 90
Trd, 4317963.493, 96
Trd, 4317963.843, 104
Trd, 4317965.443, 86
Trd, 4317967.593, 97
Trd, 4317968.393, 104
Trd, 4317969.693, 113
Trd, 4317970.843, 113
Trd, 4317971.593, 95
Trd, 4317971.743, 90
Trd, 4317972.643, 98
Trd, 4317972.993, 77
Trd, 4317973.493, 113
Trd, 4317979.293, 100
Trd, 4317979.593, 97
Trd, 4317980.393, 101
Trd, 4317982.543, 99
Trd, 4317983.493, 96
Trd, 4317984.193, 99
Trd, 4317988.093, 99
Trd, 4317989.293, 105
Trd, 4317990.443, 104
Trd, 4317990.743, 103
Trd, 4317991.043, 113
Trd, 4317992.943, 104
Trd, 4317993.443, 106
Trd, 4317994.543, 105
Trd, 4317996.043, 105
Trd, 4317996.343, 95
Trd, 4317998.293, 89
Trd, 4317998.993, 104
Trd, 4318000.843, 98
Trd, 4318000.943, 99
Trd, 4318002.693, 99
Trd, 4318003.593, 97
Trd, 4318005.493, 96
Trd, 4318006.793, 99
Trd, 4318007.393, 104
Trd, 4318008.793, 102
Trd, 4318009.493, 103
Trd, 4318011.143, 101
Trd, 4318011.543, 104
Trd, 4318012.143, 87
Trd, 4318014.043, 105
Trd, 4318015.143, 104
Trd, 4318015.843, 113
Trd, 4318016.843, 103
Trd, 4318017.943, 87
Trd, 4318021.093, 104
Trd, 4318022.043, 105
Trd, 4318022.443, 105
Trd, 4318022.643, 113
Trd, 4318023.693, 106
Trd, 4318025.043, 99
Trd, 4318025.143, 106
Trd, 4318027.743, 103
Trd, 4318028.043, 101
Trd, 4318031.443, 97
Trd, 4318032.093, 102
Trd, 4318034.293, 103
Trd, 4318034.543, 99
Trd, 4318035.743, 98
Trd, 4318038.393, 102
Trd, 4318039.943, 95
Trd, 4318040.643, 105
Trd, 4318044.143, 99
Trd, 4318044.293, 104
Trd, 4318044.893, 103
Trd, 4318046.693, 105
Trd, 4318046.893, 85
Trd, 4318047.843, 97
Trd, 4318050.343, 104
Trd, 4318051.943, 102
Trd, 4318056.343, 103
Trd, 4318056.443, 102
Trd, 4318057.443, 102
Trd, 4318057.993, 101
Trd, 4318060.693, 112
Trd, 4318062.293, 104
Trd, 4318062.343, 95
Trd, 4318063.593, 101
Trd, 4318065.243, 104
Trd, 4318066.543, 104
Trd, 4318069.993, 103
Trd, 4318070.643, 104
Trd, 4318070.793, 105
Trd, 4318071.843, 102
Trd, 4318075.443, 104
Trd, 4318077.793, 104
Trd, 4318077.993, 101
Trd, 4318078.543, 101
Trd, 4318078.743, 105
Trd, 4318079.793, 92
Trd, 4318087.343, 105
Trd, 4318088.343, 103
Trd, 4318089.193, 106
Trd, 4318089.743, 106
Trd, 4318091.893, 103
Trd, 4318093.693, 104
Trd, 4318096.443, 106
Trd, 4318097.793, 104
Trd, 4318100.693, 104
Trd, 4318101.993, 106
Trd, 4318102.543, 104
Trd, 4318104.743, 103
Trd, 4318108.893, 106
Trd, 4318110.643, 106
Trd, 4318111.493, 104
Trd, 4318112.793, 104
Trd, 4318118.643, 106
Trd, 4318119.093, 103
Trd, 4318119.793, 104
Trd, 4318121.143, 106
Trd, 4318124.393, 103
Trd, 4318127.093, 106
Trd, 4318130.993, 104
Trd, 4318131.593, 103
Trd, 4318132.093, 102
Trd, 4318136.493, 103
Trd, 4318137.393, 105
Trd, 4318138.893, 101
Trd, 4318141.193, 105
Trd, 4318141.243, 105
Trd, 4318143.493, 101
Trd, 4318145.143, 104
Trd, 4318146.143, 101
Trd, 4318147.543, 104
Trd, 4318149.143, 104
Trd, 4318150.243, 103
Trd, 4318151.143, 95
Trd, 4318152.643, 113
Trd, 4318153.443, 103
Trd, 4318154.593, 105
Trd, 4318155.293, 104
Trd, 4318156.543, 105
Trd, 4318158.343, 104
Trd, 4318160.543, 104
Trd, 4318164.293, 105
Trd, 4318164.893, 104
Trd, 4318168.243, 104
Trd, 4318169.743, 105
Trd, 4318170.793, 105
Trd, 4318172.193, 104
Trd, 4318173.243, 104
Trd, 4318174.293, 105
Trd, 4318179.893, 105
Trd, 4318180.393, 104
Trd, 4318180.593, 103
Trd, 4318182.993, 104
Trd, 4318184.143, 105
Trd, 4318186.193, 105
Trd, 4318190.243, 104
Trd, 4318190.793, 106
Trd, 4318192.693, 103
Trd, 4318193.193, 103
Trd, 4318195.093, 105
Trd, 4318198.193, 105
Trd, 4318198.893, 104
Trd, 4318201.043, 104
Trd, 4318203.693, 105
Trd, 4318203.993, 104
Trd, 4318204.893, 106
Trd, 4318209.843, 104
Trd, 4318210.143, 106
Trd, 4318211.743, 104
Trd, 4318214.893, 104
Trd, 4318214.943, 106
Trd, 4318217.543, 103
Trd, 4318219.543, 106
Trd, 4318220.043, 104
Trd, 4318222.443, 106
Trd, 4318228.193, 105
Trd, 4318229.693, 105
Trd, 4318230.443, 106
Trd, 4318231.043, 106
Trd, 4318234.193, 104
Trd, 4318235.643, 106
Trd, 4318237.643, 104
Trd, 4318237.743, 106
Trd, 4318238.343, 104
Trd, 4318239.393, 105
Trd, 4318240.243, 104
Trd, 4318242.243, 105
Trd, 4318243.343, 104
Trd, 4318247.293, 104
Trd, 4318247.393, 103
Trd, 4318249.043, 103
Trd, 4318251.193, 113
Trd, 4318251.393, 111
Trd, 4318253.493, 110
Trd, 4318253.943, 104
Trd, 4318255.743, 113
Trd, 4318255.943, 109
Trd, 4318256.893, 101
Trd, 4318258.593, 105
Trd, 4318258.743, 109
Trd, 4318259.943, 105
Trd, 4318265.193, 105
Trd, 4318266.093, 104
Trd, 4318266.443, 103
Trd, 4318270.343, 105
Trd, 4318270.993, 102
Trd, 4318271.293, 104
Trd, 4318271.593, 102
Trd, 4318272.543, 85
Trd, 4318275.643, 101
Trd, 4318276.693, 99
Trd, 4318279.843, 98
Trd, 4318280.043, 100
Trd, 4318280.093, 105
Trd, 4318281.443, 96
Trd, 4318281.493, 101
Trd, 4318285.943, 95
Trd, 4318286.143, 101
Trd, 4318287.143, 95
Trd, 4318287.743, 100
Trd, 4318288.493, 100
Trd, 4318291.943, 100
Trd, 4318292.793, 100
Trd, 4318295.343, 104
Trd, 4318295.743, 95
Trd, 4318298.093, 105
Trd, 4318298.343, 96
Trd, 4318299.193, 95
Trd, 4318301.593, 102
Trd, 4318305.193, 97
Trd, 4318305.793, 97
Trd, 4318307.993, 95
Trd, 4318310.443, 97
Trd, 4318312.443, 98
Trd, 4318313.243, 98
Trd, 4318313.693, 104
Trd, 4318313.843, 94
Trd, 4318314.543, 95
Trd, 4318317.643, 100
Trd, 4318317.743, 100
Trd, 4318318.943, 96
Trd, 4318320.843, 104
Trd, 4318322.443, 102
Trd, 4318322.493, 102
Trd, 4318323.743, 103
Trd, 4318324.143, 104
Trd, 4318326.593, 102
Trd, 4318327.843, 100
Trd, 4318328.043, 77
Trd, 4318331.143, 84
Trd, 4318332.493, 102
Trd, 4318332.743, 105
Trd, 4318333.243, 95
Trd, 4318336.743, 100
Trd, 4318337.793, 100
Trd, 4318337.893, 104
Trd, 4318340.793, 95
Trd, 4318341.193, 103
Trd, 4318343.093, 104
Trd, 4318344.693, 102
Trd, 4318345.993, 95
Trd, 4318346.043, 102
Trd, 4318348.543, 100
Trd, 4318348.593, 102
Trd, 4318349.243, 97
Trd, 4318352.443, 99
Trd, 4318353.543, 96
Trd, 4318355.543, 98
Trd, 4318355.843, 95
Trd, 4318357.793, 103
Trd, 4318358.293, 101
Trd, 4318359.093, 105
Trd, 4318361.193, 102
Trd, 4318362.593, 102
Trd, 4318362.843, 99
Trd, 4318363.943, 95
Trd, 4318365.543, 102
Trd, 4318365.693, 102
Trd, 4318366.893, 104
Trd, 4318366.943, 95
Trd, 4318367.743, 97
Trd, 4318370.293, 113
Trd, 4318372.293, 96
Trd, 4318373.193, 100
Trd, 4318374.343, 103
Trd, 4318376.043, 95
Trd, 4318377.393, 100
Trd, 4318379.343, 99
Trd, 4318379.743, 95
Trd, 4318382.493, 94
Trd, 4318383.943, 99
Trd, 4318384.493, 101
Trd, 4318385.543, 104
Trd, 4318387.793, 105
Trd, 4318387.893, 102
Trd, 4318390.443, 104
Trd, 4318391.593, 107
Trd, 4318392.293, 113
Trd, 4318394.343, 118
Trd, 4318394.793, 117
Trd, 4318394.843, 116
Trd, 4318395.243, 95
Trd, 4318399.043, 112
Trd, 4318402.043, 112
Trd, 4318402.293, 110
Trd, 4318404.193, 107
Trd, 4318406.093, 104
Trd, 4318406.543, 103
Trd, 4318408.843, 85
Trd, 4318410.393, 93
Trd, 4318410.993, 92
Trd, 4318411.593, 95
Trd, 4318412.793, 104
Trd, 4318414.043, 105
Trd, 4318416.043, 113
Trd, 4318416.743, 107
Trd, 4318417.543, 112
Trd, 4318418.893, 102
Trd, 4318422.243, 108
Trd, 4318422.943, 105
Trd, 4318423.393, 107
Trd, 4318423.793, 109
Trd, 4318426.793, 105
Trd, 4318426.993, 106
Trd, 4318429.093, 104
Trd, 4318432.693, 104
Trd, 4318433.143, 102
Trd, 4318434.993, 100
Trd, 4318435.843, 103
Trd, 4318437.593, 104
Trd, 4318437.993, 113
Trd, 4318439.493, 103
Trd, 4318440.643, 102
Trd, 4318442.243, 102
Trd, 4318444.193, 106
Trd, 4318445.493, 104
Trd, 4318446.993, 103
Trd, 4318448.993, 102
Trd, 4318451.893, 104
Trd, 4318452.093, 105
Trd, 4318455.093, 104
Trd, 4318456.543, 102
Trd, 4318457.543, 101
Trd, 4318458.493, 93
Trd, 4318458.743, 104
Trd, 4318459.093, 104
Trd, 4318461.093, 98
Trd, 4318461.143, 104
Trd, 4318462.993, 104
Trd, 4318465.843, 103
Trd, 4318466.943, 103
Trd, 4318467.743, 98
Trd, 4318469.343, 103
Trd, 4318472.093, 104
Trd, 4318472.143, 104
Trd, 4318476.043, 97
Trd, 4318476.193, 103
Trd, 4318476.793, 96
Trd, 4318477.843, 104
Trd, 4318478.743, 105
Trd, 4318482.693, 103
Trd, 4318483.943, 102
Trd, 4318484.343, 103
Trd, 4318485.443, 103
Trd, 4318488.343, 102
Trd, 4318488.543, 98
Trd, 4318490.543, 99
Trd, 4318490.993, 103
Trd, 4318491.693, 104
Trd, 4318494.093, 103
Trd, 4318495.043, 101
Trd, 4318495.493, 104
Trd, 4318497.393, 104
Trd, 4318498.493, 101
Trd, 4318500.693, 101
Trd, 4318501.843, 100
Trd, 4318502.243, 95
Trd, 4318503.243, 85
Trd, 4318503.293, 101
Trd, 4318505.793, 102
Trd, 4318507.493, 104
Trd, 4318508.543, 102
Trd, 4318509.943, 105
Trd, 4318510.893, 104
Trd, 4318511.393, 103
Trd, 4318513.043, 102
Trd, 4318515.193, 103
Trd, 4318515.293, 102
Trd, 4318516.043, 103
Trd, 4318516.643, 104
Trd, 4318517.843, 106
Trd, 4318520.493, 104
Trd, 4318521.593, 103
Trd, 4318522.143, 105
Trd, 4318523.243, 102
Trd, 4318523.893, 104
Trd, 4318526.243, 103
Trd, 4318527.993, 102
Trd, 4318528.893, 104
Trd, 4318529.243, 103
Trd, 4318533.343, 103
Trd, 4318534.943, 102
Trd, 4318535.693, 103
Trd, 4318537.593, 104
Trd, 4318537.843, 113
Trd, 4318537.943, 102
Trd, 4318543.493, 106
Trd, 4318544.493, 104
Trd, 4318546.293, 105
Trd, 4318547.543, 95
Trd, 4318548.443, 101
Trd, 4318548.943, 103
Trd, 4318551.143, 101
Trd, 4318552.143, 104
Trd, 4318553.093, 113
Trd, 4318556.593, 102
Trd, 4318557.293, 100
Trd, 4318560.143, 100
Trd, 4318560.493, 102
Trd, 4318561.393, 99
Trd, 4318561.793, 97
Trd, 4318563.443, 95
Trd, 4318564.393, 101
Trd, 4318566.843, 101
Trd, 4318568.043, 95
Trd, 4318571.693, 100
Trd, 4318572.543, 100
Trd, 4318572.743, 95
Trd, 4318577.993, 100
Trd, 4318578.243, 97
Trd, 4318578.393, 99
Trd, 4318581.993, 97
Trd, 4318583.343, 99
Trd, 4318585.243, 99
Trd, 4318585.943, 99
Trd, 4318586.943, 96
Trd, 4318588.593, 95
Trd, 4318590.493, 109
Trd, 4318592.193, 98
Trd, 4318593.643, 95
Trd, 4318595.293, 95
Trd, 4318598.243, 103
Trd, 4318599.293, 101
Trd, 4318599.793, 100
Trd, 4318600.243, 106
Trd, 4318600.293, 104
Trd, 4318602.893, 98
Trd, 4318603.643, 95
Trd, 4318604.093, 88
Trd, 4318606.693, 93
Trd, 4318607.793, 93
Trd, 4318607.843, 106
Trd, 4318609.243, 104
Trd, 4318610.743, 103
Trd, 4318611.393, 100
Trd, 4318612.193, 104
Trd, 4318612.943, 111
Trd, 4318615.693, 111
Trd, 4318617.293, 107
Trd, 4318617.393, 104
Trd, 4318617.493, 87
Trd, 4318621.443, 101
Trd, 4318622.643, 100
Trd, 4318622.793, 105
Trd, 4318626.493, 101
Trd, 4318627.543, 105
Trd, 4318629.593, 102
Trd, 4318629.993, 104
Trd, 4318630.943, 101
Trd, 4318631.143, 104
Trd, 4318634.143, 104
Trd, 4318636.293, 101
Trd, 4318636.893, 105
Trd, 4318637.893, 103
Trd, 4318640.293, 101
Trd, 4318640.993, 104
Trd, 4318643.243, 103
Trd, 4318644.393, 102
Trd, 4318645.193, 102
Trd, 4318645.943, 104
Trd, 4318646.143, 95
Trd, 4318648.543, 104
Trd, 4318649.293, 102
Trd, 4318650.093, 103
Trd, 4318651.693, 104
Trd, 4318653.443, 112
Trd, 4318654.543, 110
Trd, 4318655.343, 108
Trd, 4318658.043, 90
Trd, 4318658.543, 104
Trd, 4318659.293, 103
Trd, 4318660.393, 103
Trd, 4318663.193, 98
Trd, 4318663.693, 103
Trd, 4318665.543, 104
Trd, 4318666.343, 103
Trd, 4318668.043, 103
Trd, 4318668.443, 102
Trd, 4318669.093, 104
Trd, 4318669.793, 113
Trd, 4318671.493, 106
Trd, 4318672.193, 104
Trd, 4318673.843, 104
Trd, 4318674.043, 104
Trd, 4318676.193, 103
Trd, 4318676.643, 106
Trd, 4318679.043, 106
Trd, 4318679.093, 104
Trd, 4318680.093, 104
Trd, 4318683.893, 103
Trd, 4318685.293, 104
Trd, 4318686.093, 104
Trd, 4318688.743, 103
Trd, 4318688.943, 102
Trd, 4318691.543, 104
Trd, 4318692.243, 104
Trd, 4318692.343, 102
Trd, 4318692.443, 95
Trd, 4318694.143, 108
Trd, 4318694.943, 105
Trd, 4318697.893, 105
Trd, 4318699.893, 105
Trd, 4318700.993, 104
Trd, 4318701.593, 106
Trd, 4318704.293, 104
Trd, 4318705.743, 105
Trd, 4318707.893, 106
Trd, 4318709.843, 104
Trd, 4318710.693, 103
Trd, 4318713.493, 106
Trd, 4318713.793, 104
Trd, 4318714.093, 104
Trd, 4318714.943, 105
Trd, 4318719.043, 105
Trd, 4318721.043, 105
Trd, 4318721.093, 104
Trd, 4318722.893, 104
Trd, 4318727.843, 105
Trd, 4318728.393, 104
Trd, 4318733.043, 105
Trd, 4318737.693, 104
Trd, 4318738.143, 105
Trd, 4318739.143, 104
Trd, 4318739.243, 103
Trd, 4318740.143, 95
Trd, 4318741.393, 105
Trd, 4318741.443, 106
Trd, 4318742.343, 106
Trd, 4318743.593, 106
Trd, 4318746.193, 106
Trd, 4318746.243, 104
Trd, 4318746.443, 103
Trd, 4318749.293, 113
Trd, 4318751.693, 104
Trd, 4318752.743, 104
Trd, 4318755.093, 105
Trd, 4318756.743, 103
Trd, 4318757.343, 105
Trd, 4318758.993, 105
Trd, 4318761.093, 104
Trd, 4318762.443, 104
Trd, 4318764.193, 103
Trd, 4318764.493, 105
Trd, 4318765.843, 104
Trd, 4318767.393, 105
Trd, 4318768.543, 101
Trd, 4318774.743, 104
Trd, 4318775.393, 102
Trd, 4318776.043, 105
Trd, 4318778.193, 101
Trd, 4318780.893, 102
Trd, 4318781.943, 99
Trd, 4318782.493, 102
Trd, 4318785.593, 103
Trd, 4318786.693, 100
Trd, 4318786.893, 102
Trd, 4318786.993, 104
Trd, 4318788.193, 99
Trd, 4318789.143, 102
Trd, 4318790.193, 99
Trd, 4318793.393, 99
Trd, 4318794.143, 95
Trd, 4318794.893, 104
Trd, 4318796.343, 104
Trd, 4318797.193, 102
Trd, 4318797.843, 103
Trd, 4318800.993, 103
Trd, 4318801.693, 103
Trd, 4318801.993, 101
Trd, 4318802.493, 99
Trd, 4318803.093, 102
Trd, 4318807.093, 98
Trd, 4318807.693, 86
Trd, 4318807.743, 104
Trd, 4318809.443, 102
Trd, 4318809.693, 113
Trd, 4318809.743, 85
Trd, 4318812.093, 113
Trd, 4318813.093, 111
Trd, 4318814.293, 114
Trd, 4318815.043, 113
Trd, 4318815.193, 112
Trd, 4318818.293, 108
Trd, 4318819.193, 108
Trd, 4318819.793, 104
Trd, 4318821.493, 110
Trd, 4318824.243, 95
Trd, 4318824.943, 102
Trd, 4318826.593, 109
Trd, 4318829.643, 106
Trd, 4318829.893, 105
Trd, 4318831.543, 104
Trd, 4318835.193, 106
Trd, 4318836.043, 106
Trd, 4318838.843, 104
Trd, 4318839.643, 104
Trd, 4318842.443, 106
Trd, 4318845.243, 102
Trd, 4318846.093, 105
Trd, 4318848.393, 103
Trd, 4318849.443, 104
Trd, 4318851.393, 103
Trd, 4318852.643, 102
Trd, 4318853.443, 104
Trd, 4318853.743, 101
Trd, 4318854.993, 103
Trd, 4318857.393, 104
Trd, 4318858.393, 89
Trd, 4318859.593, 95
Trd, 4318860.343, 95
Trd, 4318860.543, 96
Trd, 4318864.143, 96
Trd, 4318866.643, 97
Trd, 4318867.793, 104
Trd, 4318868.093, 96
Trd, 4318869.243, 96
Trd, 4318870.443, 97
Trd, 4318870.643, 95
Trd, 4318870.893, 105
Trd, 4318871.893, 113
Trd, 4318875.843, 103
Trd, 4318876.793, 104
Trd, 4318877.793, 102
Trd, 4318878.643, 104
Trd, 4318880.343, 108
Trd, 4318882.493, 103
Trd, 4318883.093, 103
Trd, 4318885.793, 106
Trd, 4318887.193, 105
Trd, 4318887.543, 104
Trd, 4318888.893, 95
Trd, 4318889.743, 113
Trd, 4318890.693, 109
Trd, 4318894.043, 108
Trd, 4318894.293, 107
Trd, 4318894.443, 104
Trd, 4318896.843, 104
Trd, 4318897.193, 95
Trd, 4318897.693, 109
Trd, 4318898.693, 95
Trd, 4318901.293, 102
Trd, 4318901.793, 101
Trd, 4318901.893, 103
Trd, 4318904.793, 100
Trd, 4318905.743, 99
Trd, 4318907.043, 105
Trd, 4318907.793, 106
Trd, 4318908.093, 98
Trd, 4318909.193, 97
Trd, 4318910.193, 103
Trd, 4318913.243, 96
Trd, 4318914.093, 103
Trd, 4318915.993, 103
Trd, 4318916.243, 103
Trd, 4318917.993, 102
Trd, 4318919.343, 100
Trd, 4318921.293, 103
Trd, 4318923.093, 103
Trd, 4318924.443, 100
Trd, 4318925.993, 102
Trd, 4318927.393, 99
Trd, 4318928.243, 104
Trd, 4318930.343, 103
Trd, 4318931.493, 100
Trd, 4318932.593, 103
Trd, 4318933.393, 113
Trd, 4318935.993, 106
Trd, 4318938.893, 106
Trd, 4318939.493, 104
Trd, 4318939.843, 103
Trd, 4318941.843, 106
Trd, 4318944.193, 104
Trd, 4318946.943, 103
Trd, 4318947.143, 106
Trd, 4318949.193, 103
Trd, 4318951.393, 104
Trd, 4318952.243, 104
Trd, 4318953.343, 106
Trd, 4318957.043, 105
Trd, 4318957.343, 103
Trd, 4318958.393, 102
Trd, 4318961.643, 105
Trd, 4318963.093, 104
Trd, 4318963.393, 101
Trd, 4318963.743, 77
Trd, 4318965.343, 99
Trd, 4318966.643, 96
Trd, 4318966.843, 95
Trd, 4318970.043, 98
Trd, 4318970.193, 97
Trd, 4318972.043, 104
Trd, 4318972.293, 113
Trd, 4318972.443, 95
Trd, 4318975.093, 102
Trd, 4318975.993, 102
Trd, 4318977.893, 100
Trd, 4318979.293, 104
Trd, 4318981.543, 103
Trd, 4318981.843, 100
Trd, 4318982.493, 103
Trd, 4318984.743, 103
Trd, 4318987.193, 103
Trd, 4318988.743, 99
Trd, 4318990.293, 97
Trd, 4318991.893, 99
Trd, 4318992.693, 95
Trd, 4318994.393, 100
Trd, 4318995.243, 99
Trd, 4318996.643, 104
Trd, 4318997.943, 103
Trd, 4318998.843, 105
Trd, 4319000.093, 103
Trd, 4319002.543, 102
Trd, 4319003.443, 102
Trd, 4319003.543, 104
Trd, 4319004.943, 84
Trd, 4319006.443, 104
Trd, 4319010.043, 97
Trd, 4319010.343, 102
Trd, 4319012.793, 101
Trd, 4319015.193, 102
Trd, 4319015.793, 101
Trd, 4319016.243, 113
Trd, 4319019.693, 100
Trd, 4319021.043, 105
Trd, 4319022.493, 95
Trd, 4319023.093, 101
Trd, 4319025.193, 105
Trd, 4319027.593, 97
Trd, 4319029.093, 101
Trd, 4319030.093, 99
Trd, 4319031.193, 95
Trd, 4319032.543, 95
Trd, 4319032.743, 101
Trd, 4319034.743, 101
Trd, 4319036.143, 92
Trd, 4319036.943, 101
Trd, 4319038.393, 104
Trd, 4319038.843, 104
Trd, 4319039.643, 104
Trd, 4319040.893, 103
Trd, 4319041.243, 95
Trd, 4319041.643, 103
Trd, 4319042.693, 85
Trd, 4319044.193, 99
Trd, 4319044.693, 104
Trd, 4319046.793, 105
Trd, 4319048.543, 104
Trd, 4319049.593, 103
Trd, 4319050.193, 113
Trd, 4319051.493, 105
Trd, 4319053.943, 105
Trd, 4319054.543, 109
Trd, 4319056.193, 103
Trd, 4319057.743, 107
Trd, 4319058.093, 103
Trd, 4319059.943, 107
Trd, 4319061.693, 105
Trd, 4319062.143, 104
Trd, 4319062.943, 106
Trd, 4319064.393, 106
Trd, 4319064.493, 104
Trd, 4319065.693, 106
Trd, 4319068.543, 107
Trd, 4319068.893, 107
Trd, 4319071.843, 106
Trd, 4319072.143, 107
Trd, 4319072.243, 105
Trd, 4319075.943, 104
Trd, 4319077.193, 104
Trd, 4319077.893, 105
Trd, 4319080.343, 105
Trd, 4319080.943, 106
Trd, 4319081.693, 104
Trd, 4319082.793, 104
Trd, 4319085.893, 106
Trd, 4319091.543, 104
Trd, 4319092.043, 104
Trd, 4319092.093, 106
Trd, 4319094.593, 106
Trd, 4319095.193, 103
Trd, 4319101.593, 103
Trd, 4319102.543, 104
Trd, 4319104.293, 103
Trd, 4319104.693, 104
Trd, 4319109.643, 104
Trd, 4319109.943, 102
Trd, 4319110.193, 104
Trd, 4319110.243, 105
Trd, 4319111.343, 84
Trd, 4319116.743, 104
Trd, 4319117.593, 98
Trd, 4319119.193, 104
Trd, 4319122.093, 104
Trd, 4319122.843, 100
Trd, 4319123.493, 104
Trd, 4319123.843, 104
Trd, 4319126.843, 104
Trd, 4319127.893, 103
Trd, 4319128.293, 104
Trd, 4319129.243, 104
Trd, 4319130.593, 104
Trd, 4319133.643, 102
Trd, 4319136.193, 99
Trd, 4319137.243, 103
Trd, 4319138.493, 104
Trd, 4319139.543, 102
Trd, 4319142.243, 101
Trd, 4319143.393, 103
Trd, 4319143.893, 103
Trd, 4319144.393, 104
Trd, 4319146.043, 95
Trd, 4319148.543, 98
Trd, 4319149.143, 103
Trd, 4319153.193, 103
Trd, 4319153.243, 100
Trd, 4319153.693, 103
Trd, 4319153.793, 97
Trd, 4319154.543, 113
Trd, 4319157.893, 102
Trd, 4319157.993, 99
Trd, 4319159.743, 104
Trd, 4319163.693, 104
Trd, 4319164.993, 103
Trd, 4319165.043, 100
Trd, 4319167.843, 97
Trd, 4319169.143, 100
Trd, 4319170.993, 101
Trd, 4319171.043, 100
Trd, 4319171.393, 99
Trd, 4319174.393, 101
Trd, 4319175.743, 103
Trd, 4319177.493, 104
Trd, 4319177.593, 103
Trd, 4319179.993, 104
Trd, 4319180.343, 103
Trd, 4319181.793, 104
Trd, 4319182.543, 104
Trd, 4319183.143, 103
Trd, 4319185.093, 102
Trd, 4319187.043, 95
Trd, 4319188.743, 103
Trd, 4319189.093, 109
Trd, 4319190.343, 105
Trd, 4319191.643, 105
Trd, 4319194.243, 106
Trd, 4319194.743, 102
Trd, 4319196.943, 103
Trd, 4319197.043, 100
Trd, 4319200.993, 104
Trd, 4319202.043, 104
Trd, 4319203.793, 101
Trd, 4319205.243, 104
Trd, 4319205.743, 99
Trd, 4319207.343, 104
Trd, 4319208.643, 99
Trd, 4319208.793, 99
Trd, 4319210.143, 103
Trd, 4319211.043, 104
Trd, 4319214.093, 98
Trd, 4319214.393, 97
Trd, 4319215.493, 102
Trd, 4319217.043, 96
Trd, 4319219.093, 96
Trd, 4319219.943, 101
Trd, 4319220.743, 105
Trd, 4319222.693, 100
Trd, 4319222.993, 95
Trd, 4319224.793, 100
Trd, 4319225.643, 100
Trd, 4319229.043, 100
Trd, 4319229.893, 94
Trd, 4319232.943, 104
Trd, 4319233.093, 112
Trd, 4319233.593, 104
Trd, 4319235.143, 103
Trd, 4319237.293, 103
Trd, 4319241.143, 103
Trd, 4319241.243, 102
Trd, 4319242.643, 101
Trd, 4319243.343, 104
Trd, 4319244.443, 102
Trd, 4319247.443, 102
Trd, 4319248.393, 100
Trd, 4319250.643, 100
Trd, 4319251.443, 69
Trd, 4319252.943, 96
Trd, 4319255.693, 96
Trd, 4319256.693, 92
Trd, 4319257.993, 96
Trd, 4319260.043, 90
Trd, 4319260.643, 96
Trd, 4319262.893, 97
Trd, 4319263.093, 91
Trd, 4319266.093, 95
Trd, 4319267.043, 95
Trd, 4319268.043, 95
Trd, 4319268.493, 100
Trd, 4319269.643, 95
Trd, 4319274.043, 95
Trd, 4319274.943, 97
Trd, 4319275.493, 104
Trd, 4319277.093, 95
Trd, 4319277.643, 97
Trd, 4319280.193, 99
Trd, 4319281.343, 97
Trd, 4319281.593, 97
Trd, 4319281.893, 104
Trd, 4319283.743, 97
Trd, 4319285.493, 103
Trd, 4319286.243, 103
Trd, 4319287.893, 78
Trd, 4319289.843, 101
Trd, 4319291.793, 104
Trd, 4319292.543, 103
Trd, 4319293.093, 101
Trd, 4319296.493, 101
Trd, 4319297.893, 104
Trd, 4319299.193, 100
Trd, 4319301.493, 101
Trd, 4319303.493, 99
Trd, 4319303.643, 104
Trd, 4319303.893, 113
Trd, 4319305.943, 98
Trd, 4319307.993, 96
Trd, 4319308.343, 101
Trd, 4319312.143, 87
Trd, 4319312.343, 97
Trd, 4319313.943, 97
Trd, 4319314.243, 113
Trd, 4319316.293, 95
Trd, 4319316.393, 95
Trd, 4319317.943, 100
Trd, 4319318.793, 94
Trd, 4319321.243, 100
Trd, 4319323.043, 94
Trd, 4319324.993, 99
Trd, 4319326.543, 100
Trd, 4319327.493, 104
Trd, 4319329.193, 113
Trd, 4319329.693, 95
Trd, 4319331.493, 103
Trd, 4319331.943, 101
Trd, 4319336.093, 104
Trd, 4319337.643, 101
Trd, 4319338.143, 103
Trd, 4319338.443, 95
Trd, 4319340.243, 99
Trd, 4319341.043, 95
Trd, 4319341.443, 110
Trd, 4319343.993, 90
Trd, 4319344.443, 99
Trd, 4319344.943, 99
Trd, 4319348.543, 97
Trd, 4319349.643, 99
Trd, 4319352.893, 97
Trd, 4319352.943, 99
Trd, 4319355.093, 99
Trd, 4319355.543, 100
Trd, 4319359.393, 104
Trd, 4319360.193, 101
Trd, 4319361.443, 101
Trd, 4319364.343, 103
Trd, 4319365.293, 98
Trd, 4319366.593, 98
Trd, 4319366.643, 95
Trd, 4319368.093, 103
Trd, 4319369.293, 97
Trd, 4319370.993, 102
Trd, 4319373.143, 103
Trd, 4319373.243, 98
Trd, 4319374.543, 103
Trd, 4319376.243, 103
Trd, 4319376.843, 97
Trd, 4319377.243, 104
Trd, 4319379.843, 97
Trd, 4319382.743, 102
Trd, 4319382.843, 104
Trd, 4319382.943, 95
Trd, 4319385.943, 103
Trd, 4319386.343, 102
Trd, 4319387.943, 96
Trd, 4319391.043, 100
Trd, 4319392.043, 104
Trd, 4319392.793, 104
Trd, 4319393.693, 105
Trd, 4319394.943, 100
Trd, 4319395.593, 95
Trd, 4319399.193, 102
Trd, 4319399.243, 102
Trd, 4319399.343, 103
Trd, 4319401.843, 103
Trd, 4319402.643, 104
Trd, 4319403.243, 100
Trd, 4319407.393, 104
Trd, 4319407.543, 104
Trd, 4319408.043, 111
Trd, 4319408.993, 107
Trd, 4319409.643, 107
Trd, 4319409.843, 85
Trd, 4319410.793, 104
Trd, 4319413.543, 103
Trd, 4319414.743, 106
Trd, 4319416.393, 104
Trd, 4319418.193, 105
Trd, 4319418.443, 103
Trd, 4319419.193, 102
Trd, 4319421.243, 105
Trd, 4319422.493, 104
Trd, 4319424.293, 105
Trd, 4319426.543, 104
Trd, 4319428.393, 100
Trd, 4319430.243, 105
Trd, 4319430.643, 102
Trd, 4319430.693, 105
Trd, 4319433.493, 101
Trd, 4319433.843, 101
Trd, 4319435.193, 104
Trd, 4319435.443, 102
Trd, 4319436.343, 104
Trd, 4319439.143, 102
Trd, 4319440.843, 113
Trd, 4319443.293, 104
Trd, 4319443.993, 103
Trd, 4319445.393, 104
Trd, 4319448.993, 102
Trd, 4319449.043, 103
Trd, 4319451.243, 100
Trd, 4319452.543, 95
Trd, 4319452.593, 85
Trd, 4319453.943, 103
Trd, 4319454.943, 104
Trd, 4319455.193, 100
Trd, 4319456.793, 103
Trd, 4319459.693, 104
Trd, 4319461.643, 104
Trd, 4319462.643, 101
Trd, 4319465.843, 104
Trd, 4319466.093, 104
Trd, 4319467.293, 100
Trd, 4319467.843, 104
Trd, 4319470.793, 98
Trd, 4319471.343, 84
Trd, 4319472.443, 104
Trd, 4319474.493, 104
Trd, 4319476.743, 104
Trd, 4319477.143, 104
Trd, 4319477.243, 99
Trd, 4319479.043, 99
Trd, 4319480.443, 100
Trd, 4319481.343, 101
Trd, 4319482.343, 101
Trd, 4319484.243, 113
Trd, 4319488.443, 98
Trd, 4319488.793, 103
Trd, 4319493.343, 97
Trd, 4319493.543, 103
Trd, 4319494.043, 97
Trd, 4319496.343, 95
Trd, 4319496.493, 101
Trd, 4319496.893, 102
Trd, 4319497.093, 102
Trd, 4319497.693, 104
Trd, 4319501.193, 102
Trd, 4319503.143, 98
Trd, 4319503.293, 102
Trd, 4319504.243, 103
Trd, 4319505.943, 103
Trd, 4319505.993, 95
Trd, 4319510.743, 99
Trd, 4319510.993, 99
Trd, 4319511.093, 97
Trd, 4319513.693, 104
Trd, 4319515.193, 103
Trd, 4319515.543, 102
Trd, 4319517.843, 105
Trd, 4319518.643, 104
Trd, 4319519.993, 106
Trd, 4319521.243, 102
Trd, 4319522.343, 105
Trd, 4319524.543, 113
Trd, 4319525.093, 112
Trd, 4319525.643, 107
Trd, 4319526.743, 110
Trd, 4319527.643, 104
Trd, 4319529.993, 105
Trd, 4319531.443, 108
Trd, 4319532.643, 108
Trd, 4319533.793, 104
Trd, 4319534.043, 112
Trd, 4319537.243, 109
Trd, 4319537.493, 109
Trd, 4319539.193, 102
Trd, 4319540.293, 112
Trd, 4319540.993, 110
Trd, 4319544.043, 96
Trd, 4319544.943, 103
Trd, 4319545.043, 85
Trd, 4319547.093, 103
Trd, 4319548.343, 103
Trd, 4319550.243, 103
Trd, 4319551.443, 104
Trd, 4319552.643, 103
Trd, 4319554.293, 89
Trd, 4319555.443, 103
Trd, 4319556.043, 101
Trd, 4319557.193, 100
Trd, 4319558.043, 104
Trd, 4319559.993, 101
Trd, 4319560.393, 99
Trd, 4319562.893, 102
Trd, 4319565.693, 103
Trd, 4319567.543, 98
Trd, 4319567.693, 97
Trd, 4319568.343, 101
Trd, 4319569.893, 101
Trd, 4319571.143, 112
Trd, 4319573.243, 102
Trd, 4319575.543, 103
Trd, 4319576.343, 104
Trd, 4319576.743, 104
Trd, 4319577.793, 105
Trd, 4319579.143, 104
Trd, 4319580.493, 113
Trd, 4319580.743, 102
Trd, 4319583.293, 102
Trd, 4319583.343, 109
Trd, 4319585.543, 106
Trd, 4319585.743, 109
Trd, 4319586.593, 104
Trd, 4319588.493, 109
Trd, 4319589.343, 95
Trd, 4319590.243, 103
Trd, 4319593.793, 103
Trd, 4319596.493, 102
Trd, 4319599.093, 103
Trd, 4319599.543, 107
Trd, 4319606.193, 107
Trd, 4319606.293, 104
Trd, 4319609.293, 105
Trd, 4319609.443, 106
Trd, 4319611.393, 106
Trd, 4319614.043, 104
Trd, 4319615.193, 105
Trd, 4319615.893, 103
Trd, 4319616.243, 106
Trd, 4319620.643, 104
Trd, 4319622.093, 105
Trd, 4319623.743, 106
Trd, 4319625.543, 101
Trd, 4319627.193, 86
Trd, 4319627.443, 102
Trd, 4319629.993, 102
Trd, 4319630.843, 104
Trd, 4319631.343, 98
Trd, 4319632.493, 102
Trd, 4319634.493, 104
Trd, 4319637.043, 95
Trd, 4319638.443, 96
Trd, 4319640.493, 94
Trd, 4319640.743, 100
Trd, 4319642.143, 102
Trd, 4319646.443, 104
Trd, 4319647.143, 102
Trd, 4319647.343, 95
Trd, 4319648.093, 103
Trd, 4319649.993, 105
Trd, 4319652.793, 103
Trd, 4319654.143, 104
Trd, 4319655.393, 103
Trd, 4319658.843, 104
Trd, 4319659.193, 104
Trd, 4319659.243, 103
Trd, 4319659.593, 105
Trd, 4319661.343, 101
Trd, 4319661.893, 100
Trd, 4319665.593, 102
Trd, 4319665.943, 103
Trd, 4319667.593, 102
Trd, 4319669.593, 103
Trd, 4319669.843, 101
Trd, 4319673.093, 102
Trd, 4319673.243, 99
Trd, 4319674.193, 95
Trd, 4319674.393, 101
Trd, 4319675.843, 104
Trd, 4319676.793, 85
Trd, 4319677.643, 89
Trd, 4319678.243, 113
Trd, 4319679.693, 89
Trd, 4319680.443, 103
Trd, 4319684.243, 100
Trd, 4319685.093, 100
Trd, 4319687.243, 97
Trd, 4319687.493, 106
Trd, 4319687.743, 97
Trd, 4319690.943, 99
Trd, 4319691.393, 100
Trd, 4319692.643, 98
Trd, 4319693.693, 95
Trd, 4319695.193, 85
Trd, 4319695.243, 100
Trd, 4319697.943, 95
Trd, 4319698.843, 95
Trd, 4319699.043, 104
Trd, 4319700.493, 104
Trd, 4319701.693, 101
Trd, 4319702.693, 100
Trd, 4319705.693, 102
Trd, 4319706.143, 104
Trd, 4319708.243, 102
Trd, 4319709.193, 102
Trd, 4319710.043, 101
Trd, 4319710.343, 104
Trd, 4319712.543, 100
Trd, 4319714.493, 104
Trd, 4319714.993, 99
Trd, 4319718.043, 102
Trd, 4319718.143, 103
Trd, 4319719.443, 99
Trd, 4319720.743, 100
Trd, 4319721.593, 99
Trd, 4319722.343, 98
Trd, 4319723.893, 100
Trd, 4319725.593, 100
Trd, 4319726.543, 104
Trd, 4319727.093, 98
Trd, 4319728.993, 100
Trd, 4319730.343, 100
Trd, 4319732.743, 101
Trd, 4319733.293, 95
Trd, 4319735.643, 104
Trd, 4319738.543, 99
Trd, 4319739.293, 99
Trd, 4319740.493, 97
Trd, 4319741.643, 95
Trd, 4319743.143, 104
Trd, 4319743.243, 100
Trd, 4319744.493, 95
Trd, 4319745.943, 105
Trd, 4319746.293, 97
Trd, 4319747.643, 85
Trd, 4319749.443, 104
Trd, 4319750.043, 106
Trd, 4319751.493, 95
Trd, 4319752.143, 102
Trd, 4319753.743, 101
Trd, 4319756.843, 101
Trd, 4319758.493, 96
Trd, 4319758.643, 101
Trd, 4319762.843, 101
Trd, 4319762.993, 96
Trd, 4319766.393, 95
Trd, 4319766.593, 101
Trd, 4319766.693, 104
Trd, 4319770.293, 95
Trd, 4319770.993, 94
Trd, 4319771.843, 99
Trd, 4319772.743, 103
Trd, 4319773.843, 104
Trd, 4319776.343, 101
Trd, 4319777.243, 104
Trd, 4319777.643, 113
Trd, 4319777.993, 106
Trd, 4319780.343, 107
Trd, 4319782.293, 107
Trd, 4319782.893, 105
Trd, 4319783.443, 88
Trd, 4319783.543, 109
Trd, 4319788.993, 105
Trd, 4319790.893, 102
Trd, 4319791.243, 105
Trd, 4319791.893, 105
Trd, 4319794.543, 104
Trd, 4319796.693, 102
Trd, 4319797.093, 101
Trd, 4319799.593, 99
Trd, 4319800.393, 103
Trd, 4319802.143, 103
Trd, 4319806.743, 101
Trd, 4319806.943, 103
Trd, 4319808.393, 100
Trd, 4319808.793, 104
Trd, 4319809.343, 103
Trd, 4319810.893, 105
Trd, 4319811.443, 102
Trd, 4319811.593, 95
Trd, 4319814.293, 113
Trd, 4319814.743, 104
Trd, 4319816.143, 104
Trd, 4319816.993, 102
Trd, 4319820.143, 104
Trd, 4319821.243, 104
Trd, 4319821.693, 106
Trd, 4319821.943, 104
Trd, 4319824.543, 105
Trd, 4319825.693, 104
Trd, 4319827.443, 106
Trd, 4319827.793, 104
Trd, 4319828.843, 104
Trd, 4319830.543, 103
Trd, 4319831.193, 104
Trd, 4319831.843, 106
Trd, 4319834.093, 105
Trd, 4319835.043, 104
Trd, 4319835.393, 104
Trd, 4319837.543, 103
Trd, 4319837.693, 105
Trd, 4319838.993, 102
Trd, 4319841.043, 88
Trd, 4319843.493, 93
Trd, 4319843.943, 95
Trd, 4319845.393, 93
Trd, 4319845.593, 104
Trd, 4319846.643, 104
Trd, 4319851.193, 113
Trd, 4319851.443, 114
Trd, 4319852.343, 106
Trd, 4319854.243, 107
Trd, 4319854.343, 104
Trd, 4319856.593, 102
Trd, 4319856.793, 104
Trd, 4319858.043, 104
Trd, 4319859.593, 92
Trd, 4319860.743, 103
Trd, 4319862.293, 103
Trd, 4319863.543, 102
Trd, 4319863.893, 100
Trd, 4319863.943, 104
Trd, 4319867.993, 103
Trd, 4319868.443, 99
Trd, 4319868.593, 97
Trd, 4319868.743, 103
Trd, 4319869.543, 104
Trd, 4319870.993, 104
Trd, 4319872.743, 97
Trd, 4319874.393, 104
Trd, 4319874.493, 104
Trd, 4319876.143, 99
Trd, 4319879.893, 101
Trd, 4319880.943, 113
Trd, 4319882.293, 113
Trd, 4319882.393, 110
Trd, 4319883.193, 111
Trd, 4319884.743, 107
Trd, 4319887.193, 108
Trd, 4319887.893, 104
Trd, 4319891.743, 108
Trd, 4319892.843, 107
Trd, 4319896.643, 104
Trd, 4319897.193, 104
Trd, 4319898.443, 108
Trd, 4319900.793, 97
Trd, 4319902.343, 104
Trd, 4319902.993, 113
Trd, 4319903.193, 101
Trd, 4319904.793, 105
Trd, 4319907.743, 105
Trd, 4319908.393, 106
Trd, 4319908.943, 103
Trd, 4319909.693, 106
Trd, 4319911.043, 102
Trd, 4319913.943, 105
Trd, 4319916.643, 104
Trd, 4319917.693, 105
Trd, 4319918.593, 104
Trd, 4319920.443, 104
Trd, 4319923.793, 105
Trd, 4319926.593, 105
Trd, 4319928.043, 104
Trd, 4319928.393, 102
Trd, 4319929.243, 105
Trd, 4319929.693, 101
Trd, 4319932.893, 105
Trd, 4319933.143, 104
Trd, 4319936.343, 105
Trd, 4319938.843, 105
Trd, 4319939.343, 105
Trd, 4319939.943, 104
Trd, 4319941.593, 103
Trd, 4319941.993, 103
Trd, 4319942.043, 105
Trd, 4319945.843, 106
Trd, 4319946.443, 104
Trd, 4319948.843, 102
Trd, 4319949.893, 104
Trd, 4319950.343, 95
Trd, 4319951.593, 104
Trd, 4319956.193, 104
Trd, 4319957.243, 103
Trd, 4319957.993, 104
Trd, 4319958.893, 102
Trd, 4319960.393, 103
Trd, 4319963.243, 104
Trd, 4319963.743, 104
Trd, 4319964.393, 101
Trd, 4319966.093, 103
Trd, 4319969.793, 102
Trd, 4319969.893, 101
Trd, 4319969.993, 102
Trd, 4319970.243, 104
Trd, 4319971.993, 104
Trd, 4319972.893, 105
Trd, 4319973.493, 104
Trd, 4319974.193, 101
Trd, 4319975.343, 104
Trd, 4319978.643, 100
Trd, 4319979.893, 104
Trd, 4319981.243, 104
Trd, 4319984.543, 104
Trd, 4319985.343, 99
Trd, 4319986.393, 97
Trd, 4319987.543, 104
Trd, 4319988.593, 96
Trd, 4319989.793, 104
Trd, 4319991.143, 104
Trd, 4319991.543, 88
Trd, 4319994.543, 104
Trd, 4319996.243, 104
Trd, 4319996.643, 101
