Trd, 4317752.643, 85
Trd, 4317754.243, 85
Trd, 4317755.293, 86
Trd, 4317756.343, 87
Trd, 4317757.643, 89
Trd, 4317759.393, 88
Trd, 4317760.893, 89
Trd, 4317762.193, 85
Trd, 4317766.843, 90
Trd, 4317768.593, 89
Trd, 4317770.843, 88
Trd, 4317771.543, 90
Trd, 4317773.893, 90
Trd, 4317775.143, 89
Trd, 4317775.643, 88
Trd, 4317780.293, 88
Trd, 4317781.493, 90
Trd, 4317786.193, 87
Trd, 4317787.943, 89
Trd, 4317788.693, 89
Trd, 4317791.343, 86
Trd, 4317793.593, 89
Trd, 4317794.943, 89
Trd, 4317796.893, 85
Trd, 4317798.193, 89
Trd, 4317799.843, 96
Trd, 4317802.143, 85
Trd, 4317803.143, 84
Trd, 4317803.193, 87
Trd, 4317804.743, 87
Trd, 4317808.743, 87
Trd, 4317811.593, 83
Trd, 4317814.043, 82
Trd, 4317815.193, 87
Trd, 4317816.193, 87
Trd, 4317818.393, 87
Trd, 4317822.893, 87
Trd, 4317822.943, 83
Trd, 4317823.243, 86
Trd, 4317824.143, 82
Trd, 4317827.043, 85
Trd, 4317830.343, 96
Trd, 4317830.893, 87
Trd, 4317831.643, 85
Trd, 4317834.493, 87
Trd, 4317834.793, 89
Trd, 4317838.543, 87
Trd, 4317839.843, 89
Trd, 4317845.543, 89
Trd, 4317847.143, 91
Trd, 4317848.993, 88
Trd, 4317853.893, 88
Trd, 4317854.193, 89
Trd, 4317854.593, 85
Trd, 4317858.693, 88
Trd, 4317858.793, 89
Trd, 4317859.293, 87
Trd, 4317862.093, 88
Trd, 4317866.743, 89
Trd, 4317867.543, 90
Trd, 4317868.293, 86
Trd, 4317872.243, 85
Trd, 4317873.243, 90
Trd, 4317873.743, 96
Trd, 4317875.893, 84
Trd, 4317877.793, 89
Trd, 4317880.043, 96
Trd, 4317881.743, 91
Trd, 4317882.343, 86
Trd, 4317884.393, 90
Trd, 4317886.443, 90
Trd, 4317887.143, 85
Trd, 4317891.993, 90
Trd, 4317894.493, 90
Trd, 4317895.043, 85
Trd, 4317897.493, 90
Trd, 4317902.843, 85
Trd, 4317905.593, 85
Trd, 4317908.093, 86
Trd, 4317909.943, 86
Trd, 4317910.893, 86
Trd, 4317913.693, 87
Trd, 4317915.193, 85
Trd, 4317916.343, 85
Trd, 4317917.243, 87
Trd, 4317919.143, 87
Trd, 4317921.843, 87
Trd, 4317924.343, 84
Trd, 4317924.393, 86
Trd, 4317925.293, 87
Trd, 4317925.793, 87
Trd, 4317928.493, 96
Trd, 4317929.343, 93
Trd, 4317929.643, 92
Trd, 4317930.493, 92
Trd, 4317930.943, 92
Trd, 4317932.693, 85
Trd, 4317934.093, 106
Trd, 4317935.843, 92
Trd, 4317936.943, 92
Trd, 4317937.243, 94
Trd, 4317939.593, 84
Trd, 4317942.543, 91
Trd, 4317946.543, 94
Trd, 4317946.993, 93
Trd, 4317947.793, 91
Trd, 4317949.393, 93
Trd, 4317954.643, 90
Trd, 4317954.943, 93
Trd, 4317956.693, 93
Trd, 4317958.043, 90
Trd, 4317960.043, 93
Trd, 4317960.593, 93
Trd, 4317961.643, 95
Trd, 4317963.393, 90
Trd, 4317965.793, 95
Trd, 4317965.893, 108
Trd, 4317968.093, 97
Trd, 4317968.743, 90
Trd, 4317972.043, 95
Trd, 4317972.243, 95
Trd, 4317974.493, 89
Trd, 4317980.243, 93
Trd, 4317981.043, 91
Trd, 4317981.643, 88
Trd, 4317984.843, 91
Trd, 4317986.443, 91
Trd, 4317990.343, 87
Trd, 4317994.393, 86
Trd, 4317995.793, 90
Trd, 4318000.693, 88
Trd, 4318000.843, 88
Trd, 4318001.743, 85
Trd, 4318003.793, 88
Trd, 4318005.543, 88
Trd, 4318006.493, 85
Trd, 4318006.943, 88
Trd, 4318007.543, 84
Trd, 4318010.493, 89
Trd, 4318012.793, 88
Trd, 4318015.793, 87
Trd, 4318016.643, 83
Trd, 4318017.493, 87
Trd, 4318020.093, 83
Trd, 4318025.793, 83
Trd, 4318031.543, 85
Trd, 4318031.943, 83
Trd, 4318032.443, 85
Trd, 4318033.493, 86
Trd, 4318035.143, 83
Trd, 4318037.943, 86
Trd, 4318038.243, 86
Trd, 4318040.493, 86
Trd, 4318042.243, 82
Trd, 4318043.293, 86
Trd, 4318045.643, 86
Trd, 4318046.693, 82
Trd, 4318051.693, 81
Trd, 4318053.043, 81
Trd, 4318053.243, 85
Trd, 4318053.543, 85
Trd, 4318060.843, 83
Trd, 4318062.693, 83
Trd, 4318062.993, 80
Trd, 4318066.393, 83
Trd, 4318066.543, 81
Trd, 4318067.343, 86
Trd, 4318070.393, 80
Trd, 4318072.943, 84
Trd, 4318073.043, 80
Trd, 4318078.843, 84
Trd, 4318080.243, 83
Trd, 4318080.993, 84
Trd, 4318086.443, 84
Trd, 4318086.593, 82
Trd, 4318089.493, 81
Trd, 4318089.643, 84
Trd, 4318090.343, 86
Trd, 4318091.393, 85
Trd, 4318095.943, 81
Trd, 4318096.043, 85
Trd, 4318096.293, 86
Trd, 4318099.493, 86
Trd, 4318102.293, 86
Trd, 4318103.493, 80
Trd, 4318105.543, 80
Trd, 4318109.343, 84
Trd, 4318109.593, 85
Trd, 4318110.693, 80
Trd, 4318114.093, 84
Trd, 4318115.193, 79
Trd, 4318115.793, 85
Trd, 4318117.293, 86
Trd, 4318118.993, 85
Trd, 4318120.143, 86
Trd, 4318120.193, 95
Trd, 4318122.693, 88
Trd, 4318127.093, 85
Trd, 4318128.093, 87
Trd, 4318128.393, 87
Trd, 4318131.093, 87
Trd, 4318133.443, 84
Trd, 4318135.793, 86
Trd, 4318137.543, 83
Trd, 4318141.243, 85
Trd, 4318141.843, 82
Trd, 4318143.393, 85
Trd, 4318145.893, 85
Trd, 4318146.543, 86
Trd, 4318147.243, 83
Trd, 4318150.243, 85
Trd, 4318151.843, 85
Trd, 4318154.643, 85
Trd, 4318154.743, 84
Trd, 4318155.643, 84
Trd, 4318157.343, 83
Trd, 4318159.843, 83
Trd, 4318161.443, 84
Trd, 4318162.343, 84
Trd, 4318162.943, 86
Trd, 4318165.043, 95
Trd, 4318166.793, 82
Trd, 4318167.243, 88
Trd, 4318168.993, 86
Trd, 4318170.393, 87
Trd, 4318174.443, 82
Trd, 4318174.743, 87
Trd, 4318177.243, 82
Trd, 4318178.793, 87
Trd, 4318181.443, 87
Trd, 4318181.943, 81
Trd, 4318182.143, 87
Trd, 4318188.493, 81
Trd, 4318189.293, 87
Trd, 4318191.593, 85
Trd, 4318193.543, 81
Trd, 4318194.493, 85
Trd, 4318195.593, 85
Trd, 4318197.293, 85
Trd, 4318197.643, 85
Trd, 4318202.043, 80
Trd, 4318205.343, 84
Trd, 4318206.143, 85
Trd, 4318206.693, 81
Trd, 4318214.643, 82
Trd, 4318214.743, 84
Trd, 4318216.093, 86
Trd, 4318217.443, 84
Trd, 4318219.593, 81
Trd, 4318222.693, 86
Trd, 4318222.893, 80
Trd, 4318224.793, 84
Trd, 4318228.993, 84
Trd, 4318229.693, 86
Trd, 4318230.093, 80
Trd, 4318231.043, 85
Trd, 4318232.343, 80
Trd, 4318232.393, 86
Trd, 4318236.493, 85
Trd, 4318238.243, 85
Trd, 4318241.293, 85
Trd, 4318241.643, 81
Trd, 4318244.143, 85
Trd, 4318246.893, 84
Trd, 4318247.793, 84
Trd, 4318248.743, 84
Trd, 4318251.093, 80
Trd, 4318252.693, 82
Trd, 4318258.893, 84
Trd, 4318260.493, 81
Trd, 4318260.643, 83
Trd, 4318264.493, 86
Trd, 4318265.043, 95
Trd, 4318265.843, 88
Trd, 4318266.943, 89
Trd, 4318267.243, 83
Trd, 4318269.843, 86
Trd, 4318270.343, 95
Trd, 4318271.443, 92
Trd, 4318271.843, 92
Trd, 4318274.943, 95
Trd, 4318274.993, 113
Trd, 4318275.693, 95
Trd, 4318277.543, 100
Trd, 4318281.143, 100
Trd, 4318282.243, 99
Trd, 4318283.693, 97
Trd, 4318286.093, 99
Trd, 4318287.993, 98
Trd, 4318290.543, 96
Trd, 4318295.393, 95
Trd, 4318301.793, 98
Trd, 4318302.143, 94
Trd, 4318303.943, 98
Trd, 4318305.693, 97
Trd, 4318306.293, 93
Trd, 4318310.393, 93
Trd, 4318311.493, 97
Trd, 4318312.243, 97
Trd, 4318316.493, 92
Trd, 4318316.693, 97
Trd, 4318317.643, 97
Trd, 4318318.943, 92
Trd, 4318324.493, 95
Trd, 4318324.543, 95
Trd, 4318327.693, 92
Trd, 4318329.443, 91
Trd, 4318331.743, 95
Trd, 4318332.393, 95
Trd, 4318338.543, 92
Trd, 4318340.693, 95
Trd, 4318342.493, 92
Trd, 4318343.193, 95
Trd, 4318346.843, 93
Trd, 4318347.343, 91
Trd, 4318351.243, 93
Trd, 4318352.043, 90
Trd, 4318355.493, 89
Trd, 4318357.343, 93
Trd, 4318360.143, 89
Trd, 4318365.093, 93
Trd, 4318365.743, 89
Trd, 4318366.993, 92
Trd, 4318368.643, 92
Trd, 4318372.193, 89
Trd, 4318376.743, 91
Trd, 4318376.893, 88
Trd, 4318378.993, 91
Trd, 4318383.643, 90
Trd, 4318385.843, 87
Trd, 4318386.193, 90
Trd, 4318386.643, 90
Trd, 4318389.393, 90
Trd, 4318395.143, 86
Trd, 4318398.643, 90
Trd, 4318399.243, 90
Trd, 4318402.543, 85
Trd, 4318404.743, 84
Trd, 4318405.893, 89
Trd, 4318406.293, 84
Trd, 4318412.443, 89
Trd, 4318412.843, 83
Trd, 4318414.043, 87
Trd, 4318415.543, 86
Trd, 4318416.843, 95
Trd, 4318419.643, 84
Trd, 4318424.293, 83
Trd, 4318424.393, 87
Trd, 4318425.493, 86
Trd, 4318426.393, 86
Trd, 4318427.043, 95
Trd, 4318427.993, 89
Trd, 4318429.243, 73
Trd, 4318431.893, 88
Trd, 4318432.993, 83
Trd, 4318433.793, 87
Trd, 4318440.593, 83
Trd, 4318441.643, 86
Trd, 4318443.043, 85
Trd, 4318443.593, 83
Trd, 4318449.593, 85
Trd, 4318451.993, 82
Trd, 4318453.493, 85
Trd, 4318454.893, 84
Trd, 4318459.343, 81
Trd, 4318460.243, 84
Trd, 4318461.693, 86
Trd, 4318464.993, 84
Trd, 4318466.393, 80
Trd, 4318467.493, 84
Trd, 4318468.943, 84
Trd, 4318469.593, 82
Trd, 4318472.943, 84
Trd, 4318473.943, 86
Trd, 4318476.293, 81
Trd, 4318480.393, 80
Trd, 4318480.893, 85
Trd, 4318480.943, 86
Trd, 4318485.243, 86
Trd, 4318485.843, 79
Trd, 4318486.193, 79
Trd, 4318487.893, 86
Trd, 4318493.593, 86
Trd, 4318494.243, 79
Trd, 4318497.343, 86
Trd, 4318498.293, 80
Trd, 4318499.143, 83
Trd, 4318503.943, 80
Trd, 4318504.593, 81
Trd, 4318507.893, 79
Trd, 4318508.193, 81
Trd, 4318509.843, 81
Trd, 4318511.143, 86
Trd, 4318512.293, 87
Trd, 4318514.693, 87
Trd, 4318515.343, 96
Trd, 4318517.243, 89
Trd, 4318518.843, 86
Trd, 4318519.293, 96
Trd, 4318524.843, 85
Trd, 4318526.043, 91
Trd, 4318527.943, 92
Trd, 4318528.643, 109
Trd, 4318529.043, 102
Trd, 4318529.793, 100
Trd, 4318530.593, 95
Trd, 4318531.393, 98
Trd, 4318534.043, 97
Trd, 4318535.143, 95
Trd, 4318537.593, 93
Trd, 4318540.043, 96
Trd, 4318542.493, 95
Trd, 4318543.693, 96
Trd, 4318544.793, 96
Trd, 4318545.093, 93
Trd, 4318548.143, 94
Trd, 4318550.193, 92
Trd, 4318552.193, 93
Trd, 4318552.593, 93
Trd, 4318554.593, 91
Trd, 4318555.093, 91
Trd, 4318556.043, 90
Trd, 4318557.993, 90
Trd, 4318560.893, 89
Trd, 4318562.043, 90
Trd, 4318562.843, 94
Trd, 4318563.693, 91
Trd, 4318566.443, 93
Trd, 4318567.443, 92
Trd, 4318569.343, 93
Trd, 4318570.893, 91
Trd, 4318570.993, 93
Trd, 4318575.043, 90
Trd, 4318581.293, 90
Trd, 4318584.043, 93
Trd, 4318585.293, 93
Trd, 4318587.943, 89
Trd, 4318588.793, 93
Trd, 4318591.143, 93
Trd, 4318592.343, 89
Trd, 4318594.343, 92
Trd, 4318595.793, 88
Trd, 4318598.193, 91
Trd, 4318599.293, 90
Trd, 4318600.493, 87
Trd, 4318602.543, 90
Trd, 4318602.693, 90
Trd, 4318603.393, 94
Trd, 4318604.043, 91
Trd, 4318607.943, 91
Trd, 4318609.643, 91
Trd, 4318609.843, 89
Trd, 4318610.143, 106
Trd, 4318611.743, 94
Trd, 4318611.843, 94
Trd, 4318616.843, 93
Trd, 4318618.193, 93
Trd, 4318618.493, 93
Trd, 4318619.293, 85
Trd, 4318621.543, 93
Trd, 4318625.093, 92
Trd, 4318625.293, 92
Trd, 4318625.643, 93
Trd, 4318626.893, 92
Trd, 4318628.443, 92
Trd, 4318630.043, 90
Trd, 4318632.043, 91
Trd, 4318634.093, 92
Trd, 4318635.093, 89
Trd, 4318641.043, 90
Trd, 4318641.843, 91
Trd, 4318644.643, 87
Trd, 4318648.093, 91
Trd, 4318648.943, 90
Trd, 4318650.093, 89
Trd, 4318650.693, 89
Trd, 4318654.143, 88
Trd, 4318654.743, 89
Trd, 4318656.193, 89
Trd, 4318657.093, 87
Trd, 4318659.393, 88
Trd, 4318660.193, 87
Trd, 4318663.293, 88
Trd, 4318664.043, 89
Trd, 4318664.243, 95
Trd, 4318664.393, 86
Trd, 4318665.843, 91
Trd, 4318668.743, 112
Trd, 4318669.493, 97
Trd, 4318671.843, 97
Trd, 4318672.393, 98
Trd, 4318673.643, 95
Trd, 4318674.993, 95
Trd, 4318677.243, 94
Trd, 4318677.643, 93
Trd, 4318682.593, 94
Trd, 4318683.993, 93
Trd, 4318684.743, 94
Trd, 4318686.443, 94
Trd, 4318690.243, 93
Trd, 4318693.593, 94
Trd, 4318694.943, 93
Trd, 4318697.543, 92
Trd, 4318698.393, 93
Trd, 4318702.793, 93
Trd, 4318705.543, 91
Trd, 4318707.493, 91
Trd, 4318709.793, 93
Trd, 4318713.393, 93
Trd, 4318714.843, 92
Trd, 4318715.543, 93
Trd, 4318715.593, 93
Trd, 4318715.993, 91
Trd, 4318724.743, 91
Trd, 4318726.193, 92
Trd, 4318727.243, 92
Trd, 4318728.743, 91
Trd, 4318729.143, 91
Trd, 4318731.893, 90
Trd, 4318732.993, 89
Trd, 4318733.443, 95
Trd, 4318733.943, 88
Trd, 4318736.093, 90
Trd, 4318738.343, 68
Trd, 4318740.793, 88
Trd, 4318742.343, 87
Trd, 4318745.293, 85
Trd, 4318748.293, 84
Trd, 4318753.443, 87
Trd, 4318754.793, 87
Trd, 4318758.243, 86
Trd, 4318759.993, 87
Trd, 4318760.893, 87
Trd, 4318761.443, 88
Trd, 4318761.793, 86
Trd, 4318765.843, 86
Trd, 4318767.693, 89
Trd, 4318768.293, 88
Trd, 4318770.493, 87
Trd, 4318770.743, 88
Trd, 4318775.443, 86
Trd, 4318778.493, 88
Trd, 4318779.343, 89
Trd, 4318781.093, 86
Trd, 4318782.543, 85
Trd, 4318783.743, 89
Trd, 4318787.243, 87
Trd, 4318789.343, 86
Trd, 4318790.043, 85
Trd, 4318795.293, 84
Trd, 4318798.393, 86
Trd, 4318798.493, 84
Trd, 4318800.093, 86
Trd, 4318803.093, 87
Trd, 4318805.743, 84
Trd, 4318806.093, 87
Trd, 4318808.293, 83
Trd, 4318809.543, 86
Trd, 4318810.343, 85
Trd, 4318815.393, 86
Trd, 4318816.493, 83
Trd, 4318819.193, 86
Trd, 4318821.493, 86
Trd, 4318822.093, 83
Trd, 4318823.593, 86
Trd, 4318824.993, 83
Trd, 4318827.493, 86
Trd, 4318828.743, 85
Trd, 4318829.893, 85
Trd, 4318830.143, 86
Trd, 4318831.393, 83
Trd, 4318833.243, 87
Trd, 4318834.993, 85
Trd, 4318837.743, 87
Trd, 4318840.593, 85
Trd, 4318840.893, 87
Trd, 4318844.343, 87
Trd, 4318845.143, 85
Trd, 4318848.293, 95
Trd, 4318850.843, 88
Trd, 4318853.943, 88
Trd, 4318855.393, 88
Trd, 4318855.443, 84
Trd, 4318857.693, 89
Trd, 4318862.093, 89
Trd, 4318862.893, 84
Trd, 4318866.493, 83
Trd, 4318866.593, 89
Trd, 4318869.493, 82
Trd, 4318873.793, 88
Trd, 4318874.543, 82
Trd, 4318876.593, 87
Trd, 4318879.443, 86
Trd, 4318880.543, 86
Trd, 4318883.093, 86
Trd, 4318883.243, 82
Trd, 4318886.293, 86
Trd, 4318887.293, 82
Trd, 4318888.543, 85
Trd, 4318889.243, 85
Trd, 4318891.693, 84
Trd, 4318895.593, 84
Trd, 4318898.043, 85
Trd, 4318900.493, 85
Trd, 4318904.893, 83
Trd, 4318907.443, 85
Trd, 4318907.543, 82
Trd, 4318912.193, 85
Trd, 4318915.243, 82
Trd, 4318915.393, 85
Trd, 4318917.543, 85
Trd, 4318917.693, 85
Trd, 4318917.743, 82
Trd, 4318923.593, 108
Trd, 4318926.243, 84
Trd, 4318927.593, 88
Trd, 4318929.393, 87
Trd, 4318929.443, 84
Trd, 4318932.743, 87
Trd, 4318934.343, 87
Trd, 4318935.743, 87
Trd, 4318936.793, 83
Trd, 4318939.093, 82
Trd, 4318941.593, 87
Trd, 4318942.793, 87
Trd, 4318944.293, 81
Trd, 4318944.943, 81
Trd, 4318947.643, 86
Trd, 4318949.493, 85
Trd, 4318952.493, 81
Trd, 4318954.243, 86
Trd, 4318955.193, 88
Trd, 4318956.043, 95
Trd, 4318956.143, 85
Trd, 4318957.593, 95
Trd, 4318958.793, 95
Trd, 4318959.843, 95
Trd, 4318960.243, 93
Trd, 4318961.793, 95
Trd, 4318962.143, 93
Trd, 4318964.143, 94
Trd, 4318964.193, 106
Trd, 4318965.943, 93
Trd, 4318972.093, 93
Trd, 4318976.343, 97
Trd, 4318977.593, 96
Trd, 4318978.493, 92
Trd, 4318982.793, 97
Trd, 4318983.943, 93
Trd, 4318984.193, 96
Trd, 4318988.543, 84
Trd, 4318990.943, 92
Trd, 4318991.193, 92
Trd, 4318993.843, 90
Trd, 4318995.393, 92
Trd, 4318995.893, 92
Trd, 4318997.993, 91
Trd, 4319001.443, 91
Trd, 4319001.993, 91
Trd, 4319002.593, 90
Trd, 4319004.393, 94
Trd, 4319005.643, 95
Trd, 4319006.793, 92
Trd, 4319008.943, 91
Trd, 4319009.293, 92
Trd, 4319010.243, 93
Trd, 4319012.043, 95
Trd, 4319013.543, 90
Trd, 4319016.343, 93
Trd, 4319016.493, 93
Trd, 4319020.093, 92
Trd, 4319020.493, 90
Trd, 4319024.793, 89
Trd, 4319027.893, 89
Trd, 4319028.443, 92
Trd, 4319031.243, 92
Trd, 4319034.443, 92
Trd, 4319035.343, 92
Trd, 4319037.293, 89
Trd, 4319038.143, 93
Trd, 4319039.343, 93
Trd, 4319042.993, 89
Trd, 4319044.993, 92
Trd, 4319052.143, 90
Trd, 4319052.893, 92
Trd, 4319053.143, 92
Trd, 4319054.443, 93
Trd, 4319054.693, 89
Trd, 4319059.043, 88
Trd, 4319060.943, 92
Trd, 4319064.643, 90
Trd, 4319064.943, 88
Trd, 4319067.193, 91
Trd, 4319068.593, 87
Trd, 4319074.593, 91
Trd, 4319075.143, 91
Trd, 4319076.143, 91
Trd, 4319077.343, 87
Trd, 4319080.543, 86
Trd, 4319085.493, 91
Trd, 4319088.043, 87
Trd, 4319089.443, 91
Trd, 4319090.293, 95
Trd, 4319092.893, 94
Trd, 4319093.693, 86
Trd, 4319100.443, 90
Trd, 4319101.443, 86
Trd, 4319103.593, 90
Trd, 4319104.793, 86
Trd, 4319106.943, 90
Trd, 4319109.143, 90
Trd, 4319111.593, 90
Trd, 4319111.993, 85
Trd, 4319115.943, 84
Trd, 4319118.593, 87
Trd, 4319119.593, 88
Trd, 4319119.643, 84
Trd, 4319122.493, 88
Trd, 4319125.293, 88
Trd, 4319125.643, 87
Trd, 4319130.393, 89
Trd, 4319130.993, 95
Trd, 4319131.693, 93
Trd, 4319131.943, 92
Trd, 4319132.393, 91
Trd, 4319135.143, 91
Trd, 4319135.243, 90
Trd, 4319135.293, 92
Trd, 4319140.443, 89
Trd, 4319142.293, 91
Trd, 4319143.943, 91
Trd, 4319147.193, 91
Trd, 4319148.193, 92
Trd, 4319151.043, 88
Trd, 4319152.593, 91
Trd, 4319154.493, 91
Trd, 4319157.493, 90
Trd, 4319159.593, 87
Trd, 4319160.593, 90
Trd, 4319163.643, 90
Trd, 4319164.243, 85
Trd, 4319166.193, 90
Trd, 4319167.293, 89
Trd, 4319170.043, 86
Trd, 4319171.743, 89
Trd, 4319175.443, 87
Trd, 4319176.343, 87
Trd, 4319176.943, 88
Trd, 4319178.493, 87
Trd, 4319179.343, 95
Trd, 4319181.843, 90
Trd, 4319183.543, 90
Trd, 4319184.893, 86
Trd, 4319188.093, 91
Trd, 4319190.493, 87
Trd, 4319193.043, 87
Trd, 4319193.693, 90
Trd, 4319194.643, 90
Trd, 4319197.143, 86
Trd, 4319197.893, 90
Trd, 4319202.493, 85
Trd, 4319203.543, 89
Trd, 4319206.593, 89
Trd, 4319209.993, 84
Trd, 4319210.793, 89
Trd, 4319213.343, 89
Trd, 4319215.243, 89
Trd, 4319217.243, 83
Trd, 4319219.493, 89
Trd, 4319221.343, 85
Trd, 4319221.843, 86
Trd, 4319223.443, 83
Trd, 4319223.943, 85
Trd, 4319226.993, 83
Trd, 4319230.993, 85
Trd, 4319232.193, 82
Trd, 4319233.943, 85
Trd, 4319238.793, 85
Trd, 4319239.493, 85
Trd, 4319240.443, 83
Trd, 4319242.193, 82
Trd, 4319242.393, 84
Trd, 4319243.893, 84
Trd, 4319245.293, 84
Trd, 4319246.843, 86
Trd, 4319248.043, 82
Trd, 4319249.293, 85
Trd, 4319251.293, 95
Trd, 4319252.393, 82
Trd, 4319252.593, 87
Trd, 4319255.943, 86
Trd, 4319256.593, 95
Trd, 4319260.943, 86
Trd, 4319261.143, 89
Trd, 4319263.493, 89
Trd, 4319265.593, 86
Trd, 4319266.743, 89
Trd, 4319268.693, 88
Trd, 4319271.193, 85
Trd, 4319274.743, 88
Trd, 4319274.843, 84
Trd, 4319276.193, 88
Trd, 4319279.643, 88
Trd, 4319279.693, 83
Trd, 4319283.443, 88
Trd, 4319284.493, 85
Trd, 4319284.693, 88
Trd, 4319286.593, 88
Trd, 4319287.043, 95
Trd, 4319290.843, 90
Trd, 4319291.493, 87
Trd, 4319291.593, 90
Trd, 4319294.393, 87
Trd, 4319296.293, 89
Trd, 4319296.843, 89
Trd, 4319300.093, 89
Trd, 4319301.743, 89
Trd, 4319302.293, 86
Trd, 4319302.743, 90
Trd, 4319305.543, 89
Trd, 4319305.693, 86
Trd, 4319307.643, 85
Trd, 4319309.843, 89
Trd, 4319315.893, 88
Trd, 4319316.093, 86
Trd, 4319318.743, 88
Trd, 4319320.643, 87
Trd, 4319322.043, 85
Trd, 4319326.393, 84
Trd, 4319326.943, 87
Trd, 4319329.693, 85
Trd, 4319331.643, 85
Trd, 4319332.793, 84
Trd, 4319333.793, 95
Trd, 4319336.293, 95
Trd, 4319336.343, 95
Trd, 4319336.743, 89
Trd, 4319337.893, 94
Trd, 4319338.593, 95
Trd, 4319340.793, 96
Trd, 4319341.643, 94
Trd, 4319341.993, 93
Trd, 4319343.743, 85
Trd, 4319343.893, 94
Trd, 4319344.693, 94
Trd, 4319348.443, 93
Trd, 4319348.943, 92
Trd, 4319349.993, 95
Trd, 4319351.293, 92
Trd, 4319355.043, 91
Trd, 4319357.693, 93
Trd, 4319358.843, 93
Trd, 4319361.493, 90
Trd, 4319361.993, 93
Trd, 4319364.443, 89
Trd, 4319367.043, 92
Trd, 4319368.343, 93
Trd, 4319372.193, 88
Trd, 4319373.293, 93
Trd, 4319375.343, 87
Trd, 4319378.243, 93
Trd, 4319380.543, 93
Trd, 4319384.143, 87
Trd, 4319384.543, 92
Trd, 4319385.143, 93
Trd, 4319387.043, 92
Trd, 4319389.443, 91
Trd, 4319391.943, 89
Trd, 4319395.643, 91
Trd, 4319396.993, 88
Trd, 4319397.593, 91
Trd, 4319399.893, 87
Trd, 4319403.143, 90
Trd, 4319404.893, 87
Trd, 4319405.743, 88
Trd, 4319407.393, 87
Trd, 4319412.043, 86
Trd, 4319414.243, 87
Trd, 4319415.143, 86
Trd, 4319415.343, 85
Trd, 4319415.693, 85
Trd, 4319416.343, 91
Trd, 4319420.293, 83
Trd, 4319420.993, 83
Trd, 4319423.293, 95
Trd, 4319424.443, 90
Trd, 4319425.093, 86
Trd, 4319429.793, 85
Trd, 4319430.093, 87
Trd, 4319430.943, 85
Trd, 4319433.143, 87
Trd, 4319435.343, 87
Trd, 4319436.143, 86
Trd, 4319439.843, 86
Trd, 4319443.093, 85
Trd, 4319443.593, 86
Trd, 4319444.743, 86
Trd, 4319446.793, 85
Trd, 4319447.843, 95
Trd, 4319449.243, 88
Trd, 4319453.243, 84
Trd, 4319456.843, 88
Trd, 4319457.393, 95
Trd, 4319457.743, 84
Trd, 4319459.993, 88
Trd, 4319460.743, 88
Trd, 4319464.443, 86
Trd, 4319464.743, 83
Trd, 4319468.343, 82
Trd, 4319470.693, 86
Trd, 4319472.493, 86
Trd, 4319475.943, 86
Trd, 4319476.093, 81
Trd, 4319479.543, 86
Trd, 4319481.043, 86
Trd, 4319481.093, 81
Trd, 4319482.493, 86
Trd, 4319485.743, 81
Trd, 4319486.343, 86
Trd, 4319488.393, 86
Trd, 4319490.043, 95
Trd, 4319492.893, 87
Trd, 4319492.993, 82
Trd, 4319494.793, 82
Trd, 4319496.393, 85
Trd, 4319499.543, 81
Trd, 4319501.143, 85
Trd, 4319501.893, 86
Trd, 4319503.043, 86
Trd, 4319506.643, 86
Trd, 4319507.493, 95
Trd, 4319510.243, 88
Trd, 4319512.643, 88
Trd, 4319512.843, 85
Trd, 4319515.993, 87
Trd, 4319516.293, 84
Trd, 4319516.493, 84
Trd, 4319517.743, 88
Trd, 4319521.993, 88
Trd, 4319523.693, 86
Trd, 4319523.993, 88
Trd, 4319526.443, 88
Trd, 4319529.843, 88
Trd, 4319530.293, 85
Trd, 4319532.793, 88
Trd, 4319535.743, 88
Trd, 4319536.043, 84
Trd, 4319539.093, 84
Trd, 4319540.943, 88
Trd, 4319541.593, 88
Trd, 4319541.993, 96
Trd, 4319548.593, 88
Trd, 4319548.893, 83
Trd, 4319550.193, 84
Trd, 4319554.143, 87
Trd, 4319556.043, 84
Trd, 4319557.893, 86
Trd, 4319566.543, 85
Trd, 4319567.493, 83
Trd, 4319568.993, 82
Trd, 4319569.793, 81
Trd, 4319572.343, 80
Trd, 4319574.743, 80
Trd, 4319575.893, 80
Trd, 4319579.793, 81
Trd, 4319580.943, 96
Trd, 4319581.143, 80
Trd, 4319582.993, 84
Trd, 4319584.593, 87
Trd, 4319588.693, 80
Trd, 4319590.243, 84
Trd, 4319591.093, 80
Trd, 4319592.643, 84
Trd, 4319593.943, 79
Trd, 4319594.393, 84
Trd, 4319596.843, 84
Trd, 4319601.093, 84
Trd, 4319601.643, 78
Trd, 4319607.043, 81
Trd, 4319608.743, 84
Trd, 4319611.093, 80
Trd, 4319613.743, 84
Trd, 4319614.643, 87
Trd, 4319615.593, 85
Trd, 4319615.893, 80
Trd, 4319619.693, 85
Trd, 4319623.043, 80
Trd, 4319625.693, 87
Trd, 4319628.243, 80
Trd, 4319631.543, 82
Trd, 4319631.743, 95
Trd, 4319632.893, 79
Trd, 4319633.393, 90
Trd, 4319633.793, 86
Trd, 4319635.793, 83
Trd, 4319636.093, 100
Trd, 4319636.693, 92
Trd, 4319639.243, 92
Trd, 4319641.843, 91
Trd, 4319643.743, 92
Trd, 4319644.593, 92
Trd, 4319645.243, 92
Trd, 4319646.293, 93
Trd, 4319648.893, 90
Trd, 4319650.993, 93
Trd, 4319651.443, 93
Trd, 4319652.243, 89
Trd, 4319658.793, 93
Trd, 4319659.343, 89
Trd, 4319665.143, 88
Trd, 4319668.843, 87
Trd, 4319671.543, 90
Trd, 4319673.243, 90
Trd, 4319674.543, 86
Trd, 4319676.343, 90
Trd, 4319676.793, 107
Trd, 4319677.693, 93
Trd, 4319677.743, 90
Trd, 4319678.243, 93
Trd, 4319680.393, 96
Trd, 4319681.793, 104
Trd, 4319681.843, 92
Trd, 4319685.293, 91
Trd, 4319685.893, 97
Trd, 4319689.993, 97
Trd, 4319691.793, 93
Trd, 4319696.843, 93
Trd, 4319700.893, 96
Trd, 4319702.693, 92
Trd, 4319703.643, 95
Trd, 4319706.993, 94
Trd, 4319708.193, 91
Trd, 4319709.693, 88
Trd, 4319710.293, 88
Trd, 4319712.243, 88
Trd, 4319712.293, 88
Trd, 4319713.693, 90
Trd, 4319714.693, 95
Trd, 4319716.193, 91
Trd, 4319716.693, 93
Trd, 4319717.543, 90
Trd, 4319720.293, 92
Trd, 4319720.843, 89
Trd, 4319724.593, 90
Trd, 4319726.943, 91
Trd, 4319727.743, 88
Trd, 4319730.643, 90
Trd, 4319734.443, 88
Trd, 4319738.993, 87
Trd, 4319743.643, 90
Trd, 4319744.843, 90
Trd, 4319746.293, 86
Trd, 4319747.843, 87
Trd, 4319748.893, 92
Trd, 4319749.643, 89
Trd, 4319752.643, 91
Trd, 4319754.993, 89
Trd, 4319756.143, 92
Trd, 4319756.443, 93
Trd, 4319760.493, 89
Trd, 4319762.493, 93
Trd, 4319762.843, 91
Trd, 4319766.793, 93
Trd, 4319768.643, 90
Trd, 4319770.093, 93
Trd, 4319770.843, 93
Trd, 4319773.743, 93
Trd, 4319775.193, 89
Trd, 4319776.693, 93
Trd, 4319780.343, 91
Trd, 4319783.043, 89
Trd, 4319783.143, 92
Trd, 4319786.243, 90
Trd, 4319786.443, 91
Trd, 4319787.843, 95
Trd, 4319791.443, 89
Trd, 4319793.293, 88
Trd, 4319795.793, 91
Trd, 4319798.643, 91
Trd, 4319799.543, 91
Trd, 4319800.543, 87
Trd, 4319804.243, 86
Trd, 4319809.193, 91
Trd, 4319811.143, 91
Trd, 4319811.793, 87
Trd, 4319812.543, 91
Trd, 4319815.943, 91
Trd, 4319817.743, 87
Trd, 4319820.243, 90
Trd, 4319821.393, 86
Trd, 4319822.093, 90
Trd, 4319824.743, 90
Trd, 4319826.343, 86
Trd, 4319827.743, 85
Trd, 4319832.243, 87
Trd, 4319832.393, 87
Trd, 4319833.193, 96
Trd, 4319834.193, 85
Trd, 4319836.493, 90
Trd, 4319840.193, 89
Trd, 4319840.993, 89
Trd, 4319842.293, 86
Trd, 4319842.943, 89
Trd, 4319845.593, 96
Trd, 4319846.693, 91
Trd, 4319849.793, 85
Trd, 4319850.843, 91
Trd, 4319851.093, 91
Trd, 4319855.243, 85
Trd, 4319859.143, 88
Trd, 4319862.293, 85
Trd, 4319863.393, 87
Trd, 4319863.593, 84
Trd, 4319868.993, 87
Trd, 4319870.993, 87
Trd, 4319872.993, 84
Trd, 4319875.593, 88
Trd, 4319875.793, 97
Trd, 4319880.493, 84
Trd, 4319882.893, 88
Trd, 4319887.243, 85
Trd, 4319887.393, 88
Trd, 4319890.293, 88
Trd, 4319890.493, 88
Trd, 4319890.693, 85
Trd, 4319891.393, 88
Trd, 4319891.493, 88
Trd, 4319897.343, 87
Trd, 4319898.943, 84
Trd, 4319899.393, 87
Trd, 4319899.843, 84
Trd, 4319906.143, 87
Trd, 4319907.243, 86
Trd, 4319907.843, 83
Trd, 4319910.943, 82
Trd, 4319910.993, 86
Trd, 4319914.143, 86
Trd, 4319919.043, 83
Trd, 4319919.493, 86
Trd, 4319922.993, 86
Trd, 4319923.893, 86
Trd, 4319924.493, 84
Trd, 4319926.293, 97
Trd, 4319927.843, 83
Trd, 4319931.843, 89
Trd, 4319932.293, 89
Trd, 4319932.593, 82
Trd, 4319935.793, 87
Trd, 4319935.943, 88
Trd, 4319936.993, 82
Trd, 4319941.993, 82
Trd, 4319946.193, 86
Trd, 4319947.293, 86
Trd, 4319948.193, 86
Trd, 4319948.393, 81
Trd, 4319950.343, 86
Trd, 4319952.393, 81
Trd, 4319956.793, 86
Trd, 4319956.993, 86
Trd, 4319958.093, 81
Trd, 4319958.793, 86
Trd, 4319960.643, 86
Trd, 4319965.493, 85
Trd, 4319967.193, 86
Trd, 4319968.393, 86
Trd, 4319968.643, 84
Trd, 4319972.743, 84
Trd, 4319973.093, 86
Trd, 4319974.193, 86
Trd, 4319976.893, 87
Trd, 4319978.493, 87
Trd, 4319979.393, 84
Trd, 4319982.743, 87
Trd, 4319982.893, 87
Trd, 4319985.843, 84
Trd, 4319986.743, 87
Trd, 4319990.743, 87
Trd, 4319991.843, 87
Trd, 4319994.893, 88
Trd, 4319995.143, 89
Trd, 4319996.243, 85
Trd, 4319996.943, 89
Trd, 4319997.393, 87
Trd, 4319998.593, 100
Trd, 4319999.743, 92
