Trd, 4317792.743, 103
Trd, 4317796.343, 95
Trd, 4317796.543, 95
Trd, 4317798.793, 95
Trd, 4317798.943, 94
Trd, 4317803.293, 93
Trd, 4317806.993, 95
Trd, 4317807.843, 92
Trd, 4317810.393, 92
Trd, 4317811.393, 95
Trd, 4317812.143, 91
Trd, 4317812.293, 100
Trd, 4317813.693, 90
Trd, 4317814.493, 91
Trd, 4317815.493, 97
Trd, 4317819.293, 96
Trd, 4317822.593, 95
Trd, 4317823.793, 95
Trd, 4317825.693, 98
Trd, 4317829.393, 94
Trd, 4317829.543, 94
Trd, 4317829.743, 97
Trd, 4317832.693, 94
Trd, 4317834.643, 93
Trd, 4317835.143, 87
Trd, 4317838.943, 91
Trd, 4317840.343, 95
Trd, 4317842.743, 95
Trd, 4317842.943, 93
Trd, 4317846.693, 98
Trd, 4317848.493, 96
Trd, 4317848.943, 94
Trd, 4317850.143, 93
Trd, 4317852.493, 104
Trd, 4317852.543, 94
Trd, 4317855.393, 100
Trd, 4317855.793, 103
Trd, 4317856.943, 102
Trd, 4317858.693, 99
Trd, 4317860.143, 102
Trd, 4317860.443, 100
Trd, 4317864.293, 101
Trd, 4317868.743, 99
Trd, 4317869.093, 99
Trd, 4317869.243, 99
Trd, 4317874.943, 101
Trd, 4317877.243, 101
Trd, 4317878.243, 99
Trd, 4317878.293, 97
Trd, 4317879.793, 97
Trd, 4317881.493, 96
Trd, 4317883.643, 99
Trd, 4317883.893, 96
Trd, 4317885.793, 96
Trd, 4317886.493, 94
Trd, 4317889.093, 95
Trd, 4317889.393, 94
Trd, 4317891.643, 101
Trd, 4317892.493, 100
Trd, 4317895.443, 99
Trd, 4317897.693, 101
Trd, 4317900.193, 97
Trd, 4317900.243, 97
Trd, 4317901.793, 97
Trd, 4317904.293, 101
Trd, 4317905.143, 99
Trd, 4317907.893, 101
Trd, 4317907.943, 100
Trd, 4317912.393, 102
Trd, 4317914.193, 99
Trd, 4317914.593, 99
Trd, 4317914.643, 97
Trd, 4317918.843, 98
Trd, 4317918.893, 97
Trd, 4317919.443, 97
Trd, 4317921.543, 96
Trd, 4317922.443, 95
Trd, 4317925.743, 104
Trd, 4317928.343, 99
Trd, 4317928.443, 98
Trd, 4317930.543, 102
Trd, 4317931.043, 96
Trd, 4317932.193, 97
Trd, 4317934.543, 97
Trd, 4317937.643, 96
Trd, 4317939.793, 95
Trd, 4317941.743, 97
Trd, 4317943.993, 96
Trd, 4317947.043, 94
Trd, 4317954.293, 100
Trd, 4317954.443, 97
Trd, 4317954.843, 97
Trd, 4317955.393, 83
Trd, 4317957.643, 101
Trd, 4317959.593, 95
Trd, 4317961.243, 101
Trd, 4317962.293, 94
Trd, 4317964.093, 93
Trd, 4317966.043, 94
Trd, 4317966.193, 94
Trd, 4317966.843, 101
Trd, 4317969.593, 104
Trd, 4317970.393, 88
Trd, 4317970.843, 93
Trd, 4317972.793, 95
Trd, 4317973.543, 87
Trd, 4317976.693, 95
Trd, 4317979.193, 98
Trd, 4317980.743, 95
Trd, 4317981.893, 98
Trd, 4317984.893, 95
Trd, 4317986.043, 95
Trd, 4317986.393, 97
Trd, 4317989.543, 96
Trd, 4317990.093, 97
Trd, 4317992.443, 95
Trd, 4317993.843, 102
Trd, 4317994.493, 98
Trd, 4317995.893, 83
Trd, 4317997.343, 93
Trd, 4317999.393, 86
Trd, 4317999.893, 90
Trd, 4318002.543, 103
Trd, 4318002.843, 93
Trd, 4318003.143, 92
Trd, 4318004.593, 104
Trd, 4318005.393, 98
Trd, 4318007.893, 101
Trd, 4318008.243, 100
Trd, 4318010.643, 101
Trd, 4318013.993, 104
Trd, 4318014.893, 99
Trd, 4318015.643, 100
Trd, 4318016.643, 93
Trd, 4318016.793, 79
Trd, 4318017.843, 95
Trd, 4318017.993, 91
Trd, 4318018.543, 100
Trd, 4318022.043, 95
Trd, 4318022.243, 94
Trd, 4318023.093, 99
Trd, 4318031.793, 98
Trd, 4318032.293, 99
Trd, 4318032.993, 96
Trd, 4318035.843, 96
Trd, 4318037.593, 98
Trd, 4318038.293, 97
Trd, 4318040.543, 89
Trd, 4318040.843, 75
Trd, 4318044.943, 93
Trd, 4318047.293, 97
Trd, 4318048.693, 97
Trd, 4318049.593, 94
Trd, 4318050.493, 95
Trd, 4318050.993, 94
Trd, 4318052.243, 94
Trd, 4318055.693, 98
Trd, 4318056.693, 94
Trd, 4318057.943, 93
Trd, 4318060.343, 93
Trd, 4318060.493, 103
Trd, 4318065.243, 100
Trd, 4318066.643, 98
Trd, 4318067.743, 97
Trd, 4318068.543, 96
Trd, 4318070.093, 96
Trd, 4318070.993, 100
Trd, 4318075.743, 96
Trd, 4318078.343, 96
Trd, 4318080.443, 100
Trd, 4318086.793, 100
Trd, 4318086.893, 96
Trd, 4318087.993, 95
Trd, 4318089.593, 101
Trd, 4318090.793, 94
Trd, 4318091.243, 95
Trd, 4318093.043, 96
Trd, 4318095.093, 104
Trd, 4318096.343, 104
Trd, 4318097.443, 104
Trd, 4318098.793, 89
Trd, 4318098.893, 86
Trd, 4318099.393, 75
Trd, 4318101.493, 87
Trd, 4318105.593, 75
Trd, 4318106.643, 98
Trd, 4318109.143, 94
Trd, 4318109.843, 92
Trd, 4318112.043, 90
Trd, 4318115.243, 93
Trd, 4318116.943, 93
Trd, 4318120.793, 92
Trd, 4318121.993, 94
Trd, 4318122.093, 92
Trd, 4318122.593, 91
Trd, 4318122.843, 96
Trd, 4318123.193, 104
Trd, 4318128.343, 90
Trd, 4318128.943, 96
Trd, 4318129.543, 100
Trd, 4318129.593, 90
Trd, 4318131.943, 89
Trd, 4318132.943, 88
Trd, 4318134.593, 90
Trd, 4318136.193, 90
Trd, 4318139.293, 89
Trd, 4318139.543, 95
Trd, 4318140.093, 89
Trd, 4318140.493, 87
Trd, 4318142.493, 89
Trd, 4318143.043, 85
Trd, 4318145.143, 89
Trd, 4318146.443, 90
Trd, 4318148.293, 96
Trd, 4318150.243, 95
Trd, 4318150.393, 90
Trd, 4318153.893, 90
Trd, 4318154.093, 90
Trd, 4318155.293, 91
Trd, 4318156.793, 84
Trd, 4318159.093, 96
Trd, 4318159.893, 104
Trd, 4318161.093, 100
Trd, 4318162.343, 90
Trd, 4318164.693, 89
Trd, 4318165.793, 97
Trd, 4318166.993, 97
Trd, 4318169.043, 98
Trd, 4318169.943, 97
Trd, 4318173.943, 96
Trd, 4318174.493, 95
Trd, 4318175.393, 94
Trd, 4318178.193, 94
Trd, 4318178.393, 96
Trd, 4318179.343, 93
Trd, 4318180.643, 93
Trd, 4318184.893, 101
Trd, 4318187.343, 98
Trd, 4318189.643, 99
Trd, 4318191.693, 95
Trd, 4318194.193, 88
Trd, 4318194.743, 83
Trd, 4318198.093, 93
Trd, 4318199.393, 92
Trd, 4318199.743, 92
Trd, 4318202.893, 93
Trd, 4318203.893, 96
Trd, 4318205.243, 92
Trd, 4318206.693, 92
Trd, 4318209.243, 94
Trd, 4318209.643, 93
Trd, 4318209.743, 92
Trd, 4318211.393, 91
Trd, 4318214.593, 100
Trd, 4318218.193, 98
Trd, 4318218.243, 97
Trd, 4318220.593, 98
Trd, 4318222.693, 97
Trd, 4318223.243, 95
Trd, 4318223.793, 95
Trd, 4318224.843, 98
Trd, 4318226.093, 95
Trd, 4318226.893, 96
Trd, 4318232.443, 94
Trd, 4318232.643, 92
Trd, 4318234.893, 92
Trd, 4318235.943, 95
Trd, 4318237.943, 96
Trd, 4318238.693, 93
Trd, 4318242.843, 96
Trd, 4318248.343, 95
Trd, 4318248.543, 103
Trd, 4318248.743, 95
Trd, 4318249.443, 95
Trd, 4318251.093, 101
Trd, 4318252.193, 97
Trd, 4318253.943, 96
Trd, 4318255.293, 94
Trd, 4318256.793, 98
Trd, 4318259.093, 97
Trd, 4318262.443, 95
Trd, 4318264.543, 95
Trd, 4318264.993, 95
Trd, 4318266.893, 104
Trd, 4318268.743, 94
Trd, 4318270.593, 93
Trd, 4318272.943, 93
Trd, 4318273.093, 97
Trd, 4318274.993, 95
Trd, 4318275.243, 93
Trd, 4318279.343, 95
Trd, 4318280.443, 95
Trd, 4318281.093, 97
Trd, 4318282.543, 95
Trd, 4318283.693, 100
Trd, 4318286.893, 98
Trd, 4318287.193, 98
Trd, 4318288.543, 97
Trd, 4318288.943, 97
Trd, 4318289.593, 84
Trd, 4318290.443, 97
Trd, 4318292.743, 92
Trd, 4318292.993, 104
Trd, 4318294.893, 94
Trd, 4318295.693, 113
Trd, 4318296.243, 95
Trd, 4318296.393, 95
Trd, 4318299.193, 82
Trd, 4318301.893, 94
Trd, 4318304.343, 94
Trd, 4318306.393, 96
Trd, 4318307.443, 94
Trd, 4318308.493, 96
Trd, 4318309.193, 96
Trd, 4318310.743, 97
Trd, 4318311.343, 98
Trd, 4318312.893, 104
Trd, 4318313.643, 104
Trd, 4318315.243, 78
Trd, 4318318.893, 104
Trd, 4318321.093, 98
Trd, 4318322.543, 97
Trd, 4318325.243, 98
Trd, 4318330.693, 99
Trd, 4318335.743, 97
Trd, 4318336.743, 97
Trd, 4318337.593, 97
Trd, 4318339.393, 98
Trd, 4318340.793, 97
Trd, 4318340.843, 85
Trd, 4318340.943, 75
Trd, 4318343.193, 94
Trd, 4318344.343, 91
Trd, 4318351.593, 92
Trd, 4318352.693, 92
Trd, 4318352.743, 98
Trd, 4318357.293, 98
Trd, 4318362.793, 96
Trd, 4318363.093, 99
Trd, 4318363.293, 94
Trd, 4318364.293, 96
Trd, 4318365.943, 94
Trd, 4318366.443, 94
Trd, 4318367.243, 86
Trd, 4318367.793, 100
Trd, 4318368.893, 96
Trd, 4318370.393, 95
Trd, 4318370.843, 87
Trd, 4318375.343, 93
Trd, 4318375.693, 92
Trd, 4318376.043, 86
Trd, 4318377.393, 90
Trd, 4318378.893, 96
Trd, 4318380.493, 97
Trd, 4318380.543, 95
Trd, 4318383.443, 104
Trd, 4318383.793, 94
Trd, 4318384.893, 93
Trd, 4318386.743, 93
Trd, 4318386.843, 101
Trd, 4318387.643, 94
Trd, 4318392.293, 95
Trd, 4318393.943, 95
Trd, 4318396.043, 100
Trd, 4318397.643, 95
Trd, 4318399.043, 94
Trd, 4318402.693, 95
Trd, 4318403.293, 104
Trd, 4318403.843, 100
Trd, 4318406.243, 100
Trd, 4318409.693, 100
Trd, 4318409.843, 101
Trd, 4318411.093, 100
Trd, 4318411.243, 98
Trd, 4318415.493, 103
Trd, 4318416.693, 100
Trd, 4318418.293, 100
Trd, 4318419.893, 103
Trd, 4318420.493, 99
Trd, 4318420.593, 99
Trd, 4318421.943, 103
Trd, 4318422.543, 88
Trd, 4318422.943, 94
Trd, 4318426.193, 97
Trd, 4318430.293, 98
Trd, 4318430.443, 103
Trd, 4318432.443, 97
Trd, 4318435.793, 97
Trd, 4318438.793, 96
Trd, 4318440.443, 96
Trd, 4318442.593, 100
Trd, 4318444.143, 95
Trd, 4318445.293, 104
Trd, 4318445.643, 96
Trd, 4318448.343, 102
Trd, 4318449.843, 102
Trd, 4318449.943, 101
Trd, 4318454.393, 100
Trd, 4318458.193, 100
Trd, 4318458.443, 100
Trd, 4318464.143, 99
Trd, 4318465.043, 98
Trd, 4318466.843, 103
Trd, 4318468.343, 98
Trd, 4318468.793, 84
Trd, 4318469.543, 92
Trd, 4318469.943, 91
Trd, 4318475.693, 96
Trd, 4318477.293, 95
Trd, 4318478.343, 96
Trd, 4318479.493, 96
Trd, 4318479.893, 93
Trd, 4318481.243, 97
Trd, 4318483.793, 95
Trd, 4318484.993, 96
Trd, 4318486.043, 95
Trd, 4318487.693, 100
Trd, 4318488.043, 100
Trd, 4318490.743, 101
Trd, 4318493.043, 99
Trd, 4318493.293, 98
Trd, 4318495.993, 97
Trd, 4318496.393, 97
Trd, 4318497.693, 81
Trd, 4318498.043, 88
Trd, 4318501.793, 98
Trd, 4318502.193, 96
Trd, 4318504.893, 99
Trd, 4318506.543, 98
Trd, 4318507.043, 102
Trd, 4318507.093, 97
Trd, 4318510.343, 99
Trd, 4318511.143, 96
Trd, 4318514.493, 99
Trd, 4318516.193, 96
Trd, 4318521.243, 96
Trd, 4318521.843, 95
Trd, 4318522.943, 98
Trd, 4318526.693, 96
Trd, 4318526.943, 96
Trd, 4318530.343, 98
Trd, 4318537.643, 97
Trd, 4318540.593, 96
Trd, 4318541.543, 97
Trd, 4318543.793, 95
Trd, 4318544.093, 94
Trd, 4318546.193, 96
Trd, 4318548.243, 96
Trd, 4318548.643, 94
Trd, 4318550.893, 93
Trd, 4318552.943, 93
Trd, 4318553.093, 93
Trd, 4318554.993, 93
Trd, 4318559.193, 96
Trd, 4318559.243, 92
Trd, 4318559.693, 92
Trd, 4318562.293, 96
Trd, 4318562.643, 92
Trd, 4318566.143, 97
Trd, 4318566.793, 94
Trd, 4318568.393, 94
Trd, 4318569.793, 99
Trd, 4318570.743, 93
Trd, 4318571.493, 93
Trd, 4318573.443, 100
Trd, 4318576.543, 92
Trd, 4318578.343, 91
Trd, 4318578.543, 97
Trd, 4318583.693, 95
Trd, 4318583.993, 96
Trd, 4318584.193, 95
Trd, 4318586.293, 95
Trd, 4318586.643, 104
Trd, 4318588.043, 96
Trd, 4318590.293, 100
Trd, 4318590.593, 96
Trd, 4318593.393, 99
Trd, 4318596.593, 99
Trd, 4318597.243, 98
Trd, 4318597.793, 96
Trd, 4318599.443, 104
Trd, 4318600.843, 99
Trd, 4318602.543, 99
Trd, 4318607.143, 104
Trd, 4318607.293, 101
Trd, 4318610.193, 103
Trd, 4318610.243, 100
Trd, 4318611.093, 113
Trd, 4318611.893, 100
Trd, 4318611.993, 99
Trd, 4318615.243, 99
Trd, 4318618.043, 99
Trd, 4318619.743, 100
Trd, 4318620.243, 98
Trd, 4318625.743, 101
Trd, 4318625.843, 97
Trd, 4318626.993, 97
Trd, 4318628.643, 98
Trd, 4318629.143, 97
Trd, 4318630.493, 97
Trd, 4318631.143, 103
Trd, 4318631.493, 95
Trd, 4318638.193, 104
Trd, 4318639.343, 99
Trd, 4318641.893, 98
Trd, 4318646.293, 98
Trd, 4318646.493, 102
Trd, 4318646.693, 98
Trd, 4318648.393, 97
Trd, 4318648.893, 97
Trd, 4318651.593, 88
Trd, 4318652.293, 96
Trd, 4318652.743, 82
Trd, 4318657.343, 93
Trd, 4318658.543, 102
Trd, 4318661.143, 98
Trd, 4318661.693, 92
Trd, 4318668.943, 97
Trd, 4318671.993, 97
Trd, 4318673.043, 96
Trd, 4318674.393, 96
Trd, 4318677.593, 98
Trd, 4318677.693, 97
Trd, 4318680.293, 96
Trd, 4318685.943, 95
Trd, 4318686.293, 97
Trd, 4318686.943, 94
Trd, 4318687.443, 94
Trd, 4318687.643, 92
Trd, 4318689.393, 104
Trd, 4318690.093, 94
Trd, 4318693.093, 107
Trd, 4318694.293, 103
Trd, 4318702.293, 102
Trd, 4318702.643, 101
Trd, 4318703.393, 99
Trd, 4318705.143, 96
Trd, 4318706.693, 98
Trd, 4318708.443, 88
Trd, 4318710.093, 99
Trd, 4318710.143, 98
Trd, 4318712.593, 98
Trd, 4318713.693, 96
Trd, 4318714.943, 99
Trd, 4318716.193, 104
Trd, 4318717.093, 97
Trd, 4318718.093, 97
Trd, 4318719.293, 104
Trd, 4318720.693, 102
Trd, 4318725.093, 102
Trd, 4318726.143, 102
Trd, 4318727.893, 101
Trd, 4318729.243, 101
Trd, 4318730.593, 100
Trd, 4318733.043, 99
Trd, 4318734.043, 98
Trd, 4318737.093, 97
Trd, 4318740.793, 98
Trd, 4318743.293, 99
Trd, 4318746.493, 98
Trd, 4318750.143, 98
Trd, 4318750.943, 97
Trd, 4318751.043, 97
Trd, 4318751.793, 96
Trd, 4318755.243, 96
Trd, 4318755.843, 95
Trd, 4318756.293, 98
Trd, 4318759.943, 96
Trd, 4318760.443, 95
Trd, 4318762.593, 99
Trd, 4318764.193, 96
Trd, 4318766.193, 104
Trd, 4318768.593, 99
Trd, 4318768.693, 85
Trd, 4318770.093, 97
Trd, 4318773.293, 97
Trd, 4318773.393, 104
Trd, 4318776.143, 98
Trd, 4318777.343, 97
Trd, 4318778.443, 104
Trd, 4318779.243, 99
Trd, 4318780.343, 98
Trd, 4318782.793, 97
Trd, 4318783.343, 96
Trd, 4318785.093, 102
Trd, 4318787.343, 95
Trd, 4318788.593, 96
Trd, 4318790.193, 96
Trd, 4318791.943, 84
Trd, 4318795.193, 99
Trd, 4318798.843, 98
Trd, 4318798.943, 94
Trd, 4318799.393, 94
Trd, 4318801.143, 93
Trd, 4318802.743, 96
Trd, 4318803.943, 91
Trd, 4318807.643, 95
Trd, 4318808.043, 93
Trd, 4318808.943, 103
Trd, 4318810.493, 100
Trd, 4318811.443, 92
Trd, 4318815.693, 95
Trd, 4318815.843, 95
Trd, 4318816.243, 100
Trd, 4318817.143, 94
Trd, 4318820.693, 100
Trd, 4318821.493, 104
Trd, 4318821.743, 99
Trd, 4318822.343, 96
Trd, 4318823.043, 97
Trd, 4318824.093, 102
Trd, 4318825.993, 103
Trd, 4318827.193, 101
Trd, 4318829.043, 101
Trd, 4318830.993, 92
Trd, 4318831.643, 96
Trd, 4318831.693, 95
Trd, 4318832.593, 97
Trd, 4318839.593, 96
Trd, 4318840.243, 96
Trd, 4318841.293, 95
Trd, 4318843.843, 96
Trd, 4318848.143, 96
Trd, 4318849.693, 95
Trd, 4318850.443, 104
Trd, 4318853.843, 94
Trd, 4318854.943, 93
Trd, 4318856.593, 96
Trd, 4318857.243, 99
Trd, 4318860.543, 95
Trd, 4318860.893, 94
Trd, 4318861.893, 94
Trd, 4318862.593, 96
Trd, 4318864.843, 95
Trd, 4318868.993, 96
Trd, 4318871.593, 95
Trd, 4318871.943, 95
Trd, 4318872.293, 94
Trd, 4318872.543, 104
Trd, 4318873.943, 74
Trd, 4318874.443, 102
Trd, 4318881.243, 93
Trd, 4318882.443, 92
Trd, 4318882.693, 92
Trd, 4318882.993, 91
Trd, 4318883.593, 95
Trd, 4318884.443, 95
Trd, 4318885.143, 104
Trd, 4318888.193, 94
Trd, 4318891.543, 93
Trd, 4318893.243, 95
Trd, 4318894.293, 92
Trd, 4318894.393, 91
Trd, 4318897.193, 96
Trd, 4318897.593, 92
Trd, 4318898.293, 90
Trd, 4318901.093, 99
Trd, 4318901.893, 94
Trd, 4318902.343, 93
Trd, 4318907.443, 92
Trd, 4318908.893, 104
Trd, 4318909.393, 92
Trd, 4318909.443, 91
Trd, 4318910.243, 91
Trd, 4318911.043, 89
Trd, 4318914.143, 93
Trd, 4318918.093, 92
Trd, 4318918.243, 95
Trd, 4318918.743, 92
Trd, 4318919.493, 91
Trd, 4318920.893, 91
Trd, 4318923.643, 92
Trd, 4318924.843, 95
Trd, 4318925.193, 91
Trd, 4318929.643, 92
Trd, 4318929.793, 90
Trd, 4318930.043, 90
Trd, 4318930.143, 89
Trd, 4318932.593, 88
Trd, 4318933.343, 92
Trd, 4318941.293, 91
Trd, 4318941.343, 89
Trd, 4318941.593, 89
Trd, 4318942.593, 95
Trd, 4318945.643, 95
Trd, 4318948.543, 95
Trd, 4318949.593, 92
Trd, 4318951.793, 104
Trd, 4318952.243, 93
Trd, 4318956.243, 95
Trd, 4318957.893, 101
Trd, 4318958.193, 94
Trd, 4318960.243, 93
Trd, 4318965.743, 92
Trd, 4318968.193, 92
Trd, 4318968.293, 104
Trd, 4318969.543, 95
Trd, 4318972.293, 95
Trd, 4318975.193, 99
Trd, 4318975.543, 96
Trd, 4318976.093, 94
Trd, 4318977.343, 93
Trd, 4318979.243, 99
Trd, 4318980.393, 98
Trd, 4318981.543, 96
Trd, 4318981.743, 100
Trd, 4318981.993, 95
Trd, 4318984.493, 108
Trd, 4318986.293, 104
Trd, 4318986.593, 88
Trd, 4318987.243, 99
Trd, 4318989.043, 99
Trd, 4318989.793, 98
Trd, 4318993.243, 97
Trd, 4318993.843, 101
Trd, 4318998.243, 97
Trd, 4318998.493, 96
Trd, 4318999.893, 100
Trd, 4319000.543, 96
Trd, 4319001.643, 105
Trd, 4319003.793, 95
Trd, 4319003.843, 95
Trd, 4319005.143, 95
Trd, 4319007.193, 96
Trd, 4319009.393, 94
Trd, 4319011.743, 96
Trd, 4319012.393, 94
Trd, 4319012.843, 93
Trd, 4319014.043, 86
Trd, 4319017.843, 98
Trd, 4319020.393, 96
Trd, 4319020.493, 93
Trd, 4319023.393, 96
Trd, 4319026.543, 95
Trd, 4319028.093, 95
Trd, 4319030.793, 94
Trd, 4319031.643, 94
Trd, 4319033.243, 98
Trd, 4319033.793, 94
Trd, 4319035.443, 95
Trd, 4319036.793, 105
Trd, 4319037.493, 96
Trd, 4319039.243, 95
Trd, 4319039.893, 80
Trd, 4319041.843, 95
Trd, 4319043.943, 97
Trd, 4319044.243, 93
Trd, 4319047.093, 91
Trd, 4319047.843, 91
Trd, 4319049.143, 92
Trd, 4319052.243, 91
Trd, 4319053.193, 90
Trd, 4319056.093, 89
Trd, 4319060.893, 91
Trd, 4319064.293, 90
Trd, 4319065.093, 89
Trd, 4319065.993, 97
Trd, 4319070.193, 92
Trd, 4319072.043, 95
Trd, 4319072.743, 92
Trd, 4319072.843, 91
Trd, 4319074.943, 98
Trd, 4319078.043, 99
Trd, 4319079.493, 92
Trd, 4319080.443, 91
Trd, 4319080.693, 91
Trd, 4319085.043, 93
Trd, 4319088.793, 92
Trd, 4319089.243, 96
Trd, 4319090.093, 87
Trd, 4319092.993, 104
Trd, 4319093.643, 96
Trd, 4319094.593, 88
Trd, 4319095.943, 93
Trd, 4319099.043, 94
Trd, 4319100.143, 94
Trd, 4319103.843, 97
Trd, 4319105.043, 96
Trd, 4319105.593, 99
Trd, 4319106.743, 94
Trd, 4319109.693, 98
Trd, 4319113.193, 96
Trd, 4319113.743, 95
Trd, 4319114.493, 101
Trd, 4319115.443, 95
Trd, 4319117.693, 104
Trd, 4319118.243, 97
Trd, 4319121.393, 96
Trd, 4319124.393, 101
Trd, 4319125.843, 93
Trd, 4319126.993, 95
Trd, 4319128.143, 95
Trd, 4319131.543, 94
Trd, 4319133.193, 93
Trd, 4319135.993, 95
Trd, 4319136.543, 93
Trd, 4319138.093, 92
Trd, 4319140.743, 94
Trd, 4319141.293, 96
Trd, 4319141.843, 83
Trd, 4319144.043, 96
Trd, 4319146.343, 97
Trd, 4319148.193, 95
Trd, 4319150.593, 93
Trd, 4319152.393, 93
Trd, 4319153.293, 95
Trd, 4319153.743, 95
Trd, 4319155.943, 104
Trd, 4319158.493, 94
Trd, 4319159.243, 95
Trd, 4319160.643, 94
Trd, 4319161.493, 95
Trd, 4319161.643, 93
Trd, 4319164.693, 92
Trd, 4319166.193, 92
Trd, 4319167.543, 93
Trd, 4319167.893, 77
Trd, 4319170.043, 92
Trd, 4319171.693, 83
Trd, 4319175.343, 94
Trd, 4319176.343, 95
Trd, 4319176.743, 95
Trd, 4319179.043, 94
Trd, 4319182.043, 95
Trd, 4319182.943, 93
Trd, 4319184.593, 101
Trd, 4319187.193, 94
Trd, 4319188.193, 93
Trd, 4319188.593, 85
Trd, 4319190.143, 99
Trd, 4319191.593, 91
Trd, 4319191.943, 104
Trd, 4319192.043, 91
Trd, 4319194.443, 89
Trd, 4319194.943, 90
Trd, 4319199.693, 94
Trd, 4319199.943, 90
Trd, 4319201.343, 97
Trd, 4319205.143, 96
Trd, 4319205.893, 103
Trd, 4319205.993, 92
Trd, 4319208.193, 94
Trd, 4319209.693, 93
Trd, 4319209.943, 93
Trd, 4319211.793, 102
Trd, 4319212.193, 94
Trd, 4319213.843, 94
Trd, 4319214.643, 93
Trd, 4319218.793, 96
Trd, 4319219.443, 99
Trd, 4319220.593, 95
Trd, 4319223.143, 96
Trd, 4319224.793, 97
Trd, 4319225.293, 104
Trd, 4319226.393, 99
Trd, 4319228.443, 100
Trd, 4319228.943, 98
Trd, 4319231.193, 98
Trd, 4319232.443, 97
Trd, 4319232.843, 100
Trd, 4319233.393, 96
Trd, 4319235.293, 96
Trd, 4319236.043, 95
Trd, 4319237.443, 98
Trd, 4319238.493, 102
Trd, 4319239.243, 95
Trd, 4319242.643, 96
Trd, 4319242.793, 87
Trd, 4319247.893, 100
Trd, 4319250.093, 97
Trd, 4319251.643, 96
Trd, 4319254.893, 96
Trd, 4319256.493, 95
Trd, 4319256.693, 95
Trd, 4319257.143, 82
Trd, 4319259.943, 91
Trd, 4319261.643, 92
Trd, 4319261.843, 94
Trd, 4319262.693, 95
Trd, 4319263.843, 99
Trd, 4319265.193, 98
Trd, 4319266.493, 96
Trd, 4319271.793, 96
Trd, 4319273.793, 95
Trd, 4319274.093, 99
Trd, 4319277.643, 95
Trd, 4319278.293, 94
Trd, 4319279.043, 94
Trd, 4319279.243, 90
Trd, 4319285.593, 95
Trd, 4319290.043, 94
Trd, 4319290.143, 93
Trd, 4319292.243, 92
Trd, 4319293.593, 99
Trd, 4319294.343, 93
Trd, 4319294.443, 92
Trd, 4319294.993, 87
Trd, 4319297.593, 92
Trd, 4319299.143, 91
Trd, 4319301.493, 91
Trd, 4319306.293, 101
Trd, 4319307.643, 91
Trd, 4319308.393, 91
Trd, 4319308.643, 95
Trd, 4319310.443, 90
Trd, 4319312.893, 95
Trd, 4319313.193, 89
Trd, 4319316.093, 91
Trd, 4319320.743, 95
Trd, 4319321.893, 95
Trd, 4319322.743, 92
Trd, 4319323.093, 96
Trd, 4319327.843, 94
Trd, 4319328.843, 96
Trd, 4319329.143, 91
Trd, 4319330.543, 90
Trd, 4319331.643, 99
Trd, 4319331.693, 98
Trd, 4319333.893, 95
Trd, 4319335.043, 94
Trd, 4319339.393, 102
Trd, 4319341.743, 102
Trd, 4319343.793, 102
Trd, 4319343.993, 104
Trd, 4319344.193, 99
Trd, 4319346.243, 103
Trd, 4319347.043, 102
Trd, 4319347.643, 101
Trd, 4319348.843, 100
Trd, 4319349.843, 104
Trd, 4319350.893, 101
Trd, 4319352.343, 102
Trd, 4319354.743, 101
Trd, 4319355.193, 101
Trd, 4319357.243, 94
Trd, 4319357.893, 80
Trd, 4319361.993, 95
Trd, 4319363.893, 94
Trd, 4319365.443, 88
Trd, 4319366.493, 91
Trd, 4319367.143, 100
Trd, 4319367.493, 95
Trd, 4319369.943, 94
Trd, 4319371.893, 96
Trd, 4319373.843, 96
Trd, 4319376.593, 101
Trd, 4319377.043, 96
Trd, 4319377.393, 82
Trd, 4319378.743, 94
Trd, 4319384.093, 98
Trd, 4319385.893, 101
Trd, 4319387.043, 98
Trd, 4319388.093, 83
Trd, 4319389.493, 93
Trd, 4319389.843, 93
Trd, 4319391.793, 93
Trd, 4319393.143, 97
Trd, 4319393.443, 97
Trd, 4319396.243, 92
Trd, 4319399.243, 98
Trd, 4319399.543, 97
Trd, 4319401.093, 94
Trd, 4319402.593, 95
Trd, 4319403.743, 81
Trd, 4319406.693, 93
Trd, 4319410.143, 92
Trd, 4319411.343, 91
Trd, 4319411.643, 91
Trd, 4319412.543, 90
Trd, 4319415.743, 93
Trd, 4319416.543, 97
Trd, 4319417.243, 97
Trd, 4319418.093, 97
Trd, 4319418.793, 97
Trd, 4319420.593, 102
Trd, 4319424.793, 95
Trd, 4319425.093, 94
Trd, 4319426.243, 103
Trd, 4319428.443, 100
Trd, 4319428.493, 96
Trd, 4319430.143, 95
Trd, 4319430.943, 98
Trd, 4319431.993, 98
Trd, 4319433.693, 97
Trd, 4319434.693, 102
Trd, 4319436.993, 104
Trd, 4319437.943, 104
Trd, 4319439.893, 106
Trd, 4319440.793, 105
Trd, 4319441.093, 104
Trd, 4319445.443, 103
Trd, 4319445.543, 104
Trd, 4319446.793, 103
Trd, 4319449.243, 102
Trd, 4319453.543, 101
Trd, 4319454.343, 101
Trd, 4319454.443, 100
Trd, 4319456.743, 100
Trd, 4319456.843, 100
Trd, 4319458.443, 93
Trd, 4319463.093, 99
Trd, 4319465.693, 97
Trd, 4319465.793, 103
Trd, 4319465.943, 97
Trd, 4319466.143, 84
Trd, 4319470.793, 96
Trd, 4319471.543, 103
Trd, 4319476.593, 97
Trd, 4319478.793, 97
Trd, 4319481.293, 100
Trd, 4319482.943, 103
Trd, 4319486.393, 104
Trd, 4319487.093, 101
Trd, 4319487.643, 101
Trd, 4319489.293, 100
Trd, 4319494.793, 104
Trd, 4319495.743, 104
Trd, 4319498.293, 99
Trd, 4319498.443, 98
Trd, 4319498.693, 98
Trd, 4319499.393, 97
Trd, 4319499.543, 97
Trd, 4319501.593, 96
Trd, 4319504.693, 96
Trd, 4319505.093, 99
Trd, 4319507.293, 97
Trd, 4319508.093, 102
Trd, 4319509.493, 96
Trd, 4319511.593, 86
Trd, 4319511.893, 94
Trd, 4319513.393, 94
Trd, 4319515.193, 95
Trd, 4319515.943, 93
Trd, 4319517.193, 86
Trd, 4319518.293, 104
Trd, 4319518.543, 79
Trd, 4319519.343, 76
Trd, 4319521.893, 93
Trd, 4319522.343, 104
Trd, 4319523.043, 97
Trd, 4319529.243, 99
Trd, 4319529.793, 101
Trd, 4319532.493, 100
Trd, 4319533.593, 98
Trd, 4319534.293, 97
Trd, 4319537.443, 100
Trd, 4319537.493, 97
Trd, 4319539.093, 97
Trd, 4319540.793, 104
Trd, 4319544.893, 92
Trd, 4319546.193, 98
Trd, 4319547.643, 95
Trd, 4319548.943, 102
Trd, 4319549.443, 98
Trd, 4319550.293, 99
Trd, 4319550.843, 98
Trd, 4319552.543, 97
Trd, 4319552.943, 104
Trd, 4319554.993, 97
Trd, 4319557.243, 104
Trd, 4319557.993, 95
Trd, 4319558.893, 114
Trd, 4319559.543, 98
Trd, 4319561.393, 84
Trd, 4319566.493, 99
Trd, 4319567.843, 98
Trd, 4319569.493, 97
Trd, 4319569.743, 104
Trd, 4319570.043, 101
Trd, 4319570.893, 97
Trd, 4319572.493, 104
Trd, 4319575.493, 96
Trd, 4319576.093, 104
Trd, 4319578.043, 100
Trd, 4319579.193, 99
Trd, 4319582.893, 99
Trd, 4319583.293, 97
Trd, 4319583.843, 98
Trd, 4319585.193, 97
Trd, 4319589.593, 98
Trd, 4319591.143, 99
Trd, 4319591.693, 96
Trd, 4319594.543, 99
Trd, 4319597.743, 97
Trd, 4319598.893, 97
Trd, 4319600.393, 96
Trd, 4319600.893, 99
Trd, 4319601.593, 95
Trd, 4319605.543, 96
Trd, 4319606.343, 95
Trd, 4319608.043, 94
Trd, 4319609.043, 94
Trd, 4319609.393, 84
Trd, 4319611.043, 93
Trd, 4319613.743, 91
Trd, 4319616.393, 99
Trd, 4319619.243, 92
Trd, 4319621.893, 91
Trd, 4319622.193, 91
Trd, 4319623.943, 97
Trd, 4319625.793, 92
Trd, 4319625.993, 104
Trd, 4319626.793, 92
Trd, 4319629.593, 95
Trd, 4319629.693, 91
Trd, 4319630.793, 80
Trd, 4319634.193, 95
Trd, 4319634.243, 90
Trd, 4319636.743, 96
Trd, 4319637.043, 104
Trd, 4319641.093, 97
Trd, 4319641.493, 98
Trd, 4319642.143, 102
Trd, 4319643.343, 97
Trd, 4319644.643, 95
Trd, 4319645.543, 94
Trd, 4319648.593, 94
Trd, 4319650.193, 86
Trd, 4319652.043, 99
Trd, 4319652.643, 95
Trd, 4319653.893, 85
Trd, 4319656.093, 96
Trd, 4319658.343, 97
Trd, 4319659.243, 96
Trd, 4319659.493, 104
Trd, 4319659.893, 95
Trd, 4319663.043, 94
Trd, 4319663.343, 85
Trd, 4319665.093, 84
Trd, 4319667.143, 99
Trd, 4319668.243, 92
Trd, 4319668.943, 96
Trd, 4319669.343, 91
Trd, 4319670.393, 90
Trd, 4319672.093, 92
Trd, 4319675.693, 93
Trd, 4319676.843, 90
Trd, 4319682.093, 89
Trd, 4319685.593, 90
Trd, 4319686.543, 88
Trd, 4319687.943, 96
Trd, 4319689.993, 103
Trd, 4319690.593, 97
Trd, 4319692.743, 98
Trd, 4319695.443, 97
Trd, 4319695.843, 97
Trd, 4319695.993, 96
Trd, 4319698.693, 100
Trd, 4319701.343, 96
Trd, 4319703.893, 86
Trd, 4319704.243, 104
Trd, 4319705.543, 92
Trd, 4319707.393, 91
Trd, 4319709.043, 98
Trd, 4319710.293, 96
Trd, 4319712.843, 97
Trd, 4319714.593, 95
Trd, 4319715.893, 102
Trd, 4319716.243, 94
Trd, 4319718.993, 95
Trd, 4319719.743, 93
Trd, 4319721.293, 92
Trd, 4319723.693, 95
Trd, 4319724.143, 92
Trd, 4319724.893, 93
Trd, 4319725.393, 92
Trd, 4319725.843, 92
Trd, 4319730.193, 91
Trd, 4319731.343, 95
Trd, 4319732.093, 91
Trd, 4319733.143, 99
Trd, 4319733.193, 93
Trd, 4319733.843, 92
Trd, 4319736.243, 92
Trd, 4319736.443, 91
Trd, 4319738.443, 87
Trd, 4319739.193, 93
Trd, 4319743.293, 92
Trd, 4319744.043, 95
Trd, 4319744.993, 91
Trd, 4319746.443, 91
Trd, 4319748.043, 91
Trd, 4319750.643, 104
Trd, 4319754.193, 99
Trd, 4319755.393, 95
Trd, 4319755.593, 92
Trd, 4319756.593, 91
Trd, 4319759.093, 98
Trd, 4319759.343, 96
Trd, 4319761.193, 96
Trd, 4319762.593, 95
Trd, 4319765.693, 95
Trd, 4319766.293, 94
Trd, 4319768.943, 93
Trd, 4319770.543, 98
Trd, 4319773.043, 93
Trd, 4319774.043, 93
Trd, 4319774.293, 88
Trd, 4319777.643, 92
Trd, 4319779.143, 95
Trd, 4319781.643, 95
Trd, 4319782.243, 94
Trd, 4319786.543, 103
Trd, 4319787.293, 99
Trd, 4319789.643, 98
Trd, 4319790.743, 102
Trd, 4319791.093, 99
Trd, 4319795.493, 98
Trd, 4319798.043, 98
Trd, 4319799.243, 102
Trd, 4319800.843, 97
Trd, 4319801.293, 96
Trd, 4319802.593, 91
Trd, 4319803.793, 85
Trd, 4319805.493, 90
Trd, 4319805.843, 89
Trd, 4319810.893, 87
Trd, 4319811.393, 87
Trd, 4319812.893, 92
Trd, 4319813.443, 90
Trd, 4319815.343, 89
Trd, 4319817.493, 91
Trd, 4319817.543, 95
Trd, 4319819.243, 91
Trd, 4319819.593, 104
Trd, 4319820.593, 95
Trd, 4319823.293, 84
Trd, 4319824.593, 91
Trd, 4319824.893, 97
Trd, 4319826.293, 92
Trd, 4319829.543, 94
Trd, 4319830.943, 96
Trd, 4319831.043, 93
Trd, 4319832.593, 97
Trd, 4319833.243, 92
Trd, 4319836.893, 98
Trd, 4319838.143, 97
Trd, 4319838.743, 102
Trd, 4319840.993, 101
Trd, 4319843.343, 100
Trd, 4319843.893, 100
Trd, 4319844.693, 96
Trd, 4319845.843, 92
Trd, 4319849.243, 95
Trd, 4319849.743, 96
Trd, 4319851.143, 95
Trd, 4319851.693, 104
Trd, 4319852.893, 94
Trd, 4319853.943, 94
Trd, 4319854.593, 99
Trd, 4319857.943, 95
Trd, 4319863.693, 95
Trd, 4319866.243, 95
Trd, 4319866.643, 100
Trd, 4319866.893, 94
Trd, 4319867.543, 89
Trd, 4319869.743, 92
Trd, 4319869.843, 91
Trd, 4319870.793, 85
Trd, 4319872.993, 91
Trd, 4319873.943, 97
Trd, 4319879.143, 98
Trd, 4319879.193, 104
Trd, 4319882.843, 95
Trd, 4319883.143, 94
Trd, 4319885.593, 95
Trd, 4319885.893, 94
Trd, 4319886.343, 93
Trd, 4319886.543, 100
Trd, 4319888.643, 95
Trd, 4319889.093, 88
Trd, 4319890.493, 93
Trd, 4319892.093, 92
Trd, 4319894.243, 92
Trd, 4319896.293, 95
Trd, 4319899.293, 104
Trd, 4319900.143, 97
Trd, 4319902.243, 86
Trd, 4319902.993, 95
Trd, 4319903.743, 96
Trd, 4319904.743, 79
Trd, 4319907.543, 94
Trd, 4319909.693, 99
Trd, 4319910.443, 100
Trd, 4319912.993, 98
Trd, 4319915.243, 98
Trd, 4319919.093, 99
Trd, 4319919.793, 97
Trd, 4319920.943, 103
Trd, 4319922.443, 102
Trd, 4319923.743, 97
Trd, 4319925.243, 89
Trd, 4319927.343, 88
Trd, 4319928.393, 92
Trd, 4319929.343, 91
Trd, 4319933.893, 94
Trd, 4319936.743, 93
Trd, 4319936.943, 92
Trd, 4319937.693, 95
Trd, 4319938.393, 91
Trd, 4319939.293, 90
Trd, 4319941.393, 104
Trd, 4319946.043, 100
Trd, 4319947.993, 99
Trd, 4319950.343, 98
Trd, 4319950.793, 96
Trd, 4319950.893, 83
Trd, 4319951.943, 104
Trd, 4319954.593, 94
Trd, 4319956.443, 95
Trd, 4319960.393, 97
Trd, 4319960.443, 94
Trd, 4319960.743, 104
Trd, 4319963.443, 105
Trd, 4319964.293, 103
Trd, 4319965.793, 102
Trd, 4319966.543, 82
Trd, 4319969.693, 96
Trd, 4319974.043, 100
Trd, 4319974.543, 99
Trd, 4319976.643, 101
Trd, 4319978.693, 98
Trd, 4319981.243, 99
Trd, 4319981.593, 104
Trd, 4319982.243, 81
Trd, 4319985.593, 104
Trd, 4319989.143, 96
Trd, 4319990.193, 94
Trd, 4319990.243, 86
Trd, 4319990.293, 76
Trd, 4319992.943, 87
Trd, 4319993.743, 95
Trd, 4319993.993, 88
Trd, 4319996.543, 88
Trd, 4319997.043, 89
Trd, 4319997.693, 75
Trd, 4319998.993, 95
