Trd, 4317880.093, 101
Trd, 4317881.643, 99
Trd, 4317882.843, 100
Trd, 4317883.093, 99
Trd, 4317884.293, 94
Trd, 4317886.943, 97
Trd, 4317886.993, 96
Trd, 4317888.993, 94
Trd, 4317890.443, 95
Trd, 4317891.793, 96
Trd, 4317892.193, 96
Trd, 4317892.493, 95
Trd, 4317893.093, 95
Trd, 4317894.993, 96
Trd, 4317895.993, 96
Trd, 4317897.793, 94
Trd, 4317899.343, 95
Trd, 4317900.493, 96
Trd, 4317901.793, 94
Trd, 4317901.893, 93
Trd, 4317905.243, 95
Trd, 4317905.443, 95
Trd, 4317907.293, 95
Trd, 4317907.743, 94
Trd, 4317909.343, 94
Trd, 4317910.093, 95
Trd, 4317910.593, 95
Trd, 4317913.293, 95
Trd, 4317914.693, 94
Trd, 4317915.343, 94
Trd, 4317916.143, 88
Trd, 4317918.993, 95
Trd, 4317919.543, 95
Trd, 4317920.693, 95
Trd, 4317921.393, 96
Trd, 4317922.643, 95
Trd, 4317923.493, 95
Trd, 4317924.743, 94
Trd, 4317926.343, 95
Trd, 4317927.193, 94
Trd, 4317927.843, 95
Trd, 4317928.193, 93
Trd, 4317932.743, 94
Trd, 4317932.943, 94
Trd, 4317933.093, 95
Trd, 4317935.243, 94
Trd, 4317935.693, 95
Trd, 4317938.443, 94
Trd, 4317941.393, 95
Trd, 4317941.893, 94
Trd, 4317942.143, 93
Trd, 4317943.143, 93
Trd, 4317944.093, 94
Trd, 4317946.543, 92
Trd, 4317948.593, 96
Trd, 4317949.043, 96
Trd, 4317950.843, 97
Trd, 4317952.293, 96
Trd, 4317954.743, 99
Trd, 4317955.393, 99
Trd, 4317956.293, 99
Trd, 4317956.543, 98
Trd, 4317957.543, 99
Trd, 4317959.443, 97
Trd, 4317960.743, 98
Trd, 4317961.993, 98
Trd, 4317962.493, 98
Trd, 4317963.843, 98
Trd, 4317964.343, 99
Trd, 4317964.593, 99
Trd, 4317965.493, 100
Trd, 4317968.243, 100
Trd, 4317968.343, 98
Trd, 4317969.693, 99
Trd, 4317969.793, 98
Trd, 4317970.793, 99
Trd, 4317972.793, 94
Trd, 4317974.593, 89
Trd, 4317975.443, 92
Trd, 4317976.693, 91
Trd, 4317978.693, 94
Trd, 4317979.193, 92
Trd, 4317979.393, 92
Trd, 4317981.393, 92
Trd, 4317981.543, 93
Trd, 4317983.043, 95
Trd, 4317984.743, 94
Trd, 4317985.293, 93
Trd, 4317986.843, 95
Trd, 4317987.293, 93
Trd, 4317989.693, 98
Trd, 4317991.193, 106
Trd, 4317991.443, 107
Trd, 4317991.743, 105
Trd, 4317992.643, 103
Trd, 4317993.793, 103
Trd, 4317995.393, 102
Trd, 4317995.593, 99
Trd, 4317997.593, 99
Trd, 4317999.093, 101
Trd, 4317999.893, 99
Trd, 4318001.193, 98
Trd, 4318001.343, 98
Trd, 4318002.493, 98
Trd, 4318004.643, 103
Trd, 4318004.993, 103
Trd, 4318005.543, 102
Trd, 4318006.293, 101
Trd, 4318007.393, 95
Trd, 4318010.793, 100
Trd, 4318011.093, 100
Trd, 4318014.193, 100
Trd, 4318014.893, 100
Trd, 4318015.243, 99
Trd, 4318016.643, 98
Trd, 4318018.243, 97
Trd, 4318018.743, 97
Trd, 4318020.543, 95
Trd, 4318021.093, 95
Trd, 4318021.243, 95
Trd, 4318022.593, 96
Trd, 4318024.343, 96
Trd, 4318025.643, 97
Trd, 4318027.243, 96
Trd, 4318028.093, 96
Trd, 4318028.493, 96
Trd, 4318028.843, 96
Trd, 4318031.893, 96
Trd, 4318032.143, 96
Trd, 4318033.993, 97
Trd, 4318034.043, 97
Trd, 4318035.293, 98
Trd, 4318037.243, 99
Trd, 4318039.093, 100
Trd, 4318040.643, 101
Trd, 4318041.043, 101
Trd, 4318042.093, 103
Trd, 4318043.243, 108
Trd, 4318043.393, 95
Trd, 4318044.893, 102
Trd, 4318047.093, 92
Trd, 4318047.543, 94
Trd, 4318049.143, 95
Trd, 4318049.193, 94
Trd, 4318050.143, 94
Trd, 4318050.443, 94
Trd, 4318052.193, 101
Trd, 4318052.493, 101
Trd, 4318053.143, 100
Trd, 4318055.093, 94
Trd, 4318056.343, 95
Trd, 4318057.393, 97
Trd, 4318057.743, 96
Trd, 4318060.943, 114
Trd, 4318061.493, 113
Trd, 4318061.743, 110
Trd, 4318062.343, 104
Trd, 4318065.093, 100
Trd, 4318065.193, 97
Trd, 4318066.793, 100
Trd, 4318067.793, 100
Trd, 4318068.343, 100
Trd, 4318068.643, 100
Trd, 4318069.543, 100
Trd, 4318070.843, 100
Trd, 4318072.843, 101
Trd, 4318075.193, 98
Trd, 4318076.093, 99
Trd, 4318076.393, 98
Trd, 4318076.593, 98
Trd, 4318078.243, 97
Trd, 4318079.743, 97
Trd, 4318079.993, 95
Trd, 4318082.593, 95
Trd, 4318084.943, 96
Trd, 4318085.393, 96
Trd, 4318085.793, 95
Trd, 4318088.493, 87
Trd, 4318090.693, 90
Trd, 4318092.193, 91
Trd, 4318092.743, 91
Trd, 4318094.393, 92
Trd, 4318096.193, 98
Trd, 4318096.393, 98
Trd, 4318097.593, 101
Trd, 4318098.743, 100
Trd, 4318100.593, 99
Trd, 4318101.093, 97
Trd, 4318101.693, 98
Trd, 4318102.493, 98
Trd, 4318103.493, 100
Trd, 4318104.493, 99
Trd, 4318106.493, 98
Trd, 4318108.743, 97
Trd, 4318110.343, 97
Trd, 4318110.993, 97
Trd, 4318111.943, 97
Trd, 4318112.693, 98
Trd, 4318115.093, 97
Trd, 4318118.143, 98
Trd, 4318118.693, 97
Trd, 4318120.293, 96
Trd, 4318121.493, 97
Trd, 4318122.743, 98
Trd, 4318123.343, 99
Trd, 4318123.593, 99
Trd, 4318123.843, 97
Trd, 4318126.243, 98
Trd, 4318127.593, 99
Trd, 4318127.693, 99
Trd, 4318128.243, 95
Trd, 4318132.693, 98
Trd, 4318132.943, 98
Trd, 4318133.093, 99
Trd, 4318134.843, 99
Trd, 4318135.093, 98
Trd, 4318136.193, 94
Trd, 4318137.893, 100
Trd, 4318139.493, 100
Trd, 4318141.793, 100
Trd, 4318141.993, 100
Trd, 4318142.993, 99
Trd, 4318146.093, 99
Trd, 4318146.343, 98
Trd, 4318147.093, 98
Trd, 4318148.643, 97
Trd, 4318149.193, 96
Trd, 4318150.943, 97
Trd, 4318151.693, 94
Trd, 4318153.193, 97
Trd, 4318154.043, 96
Trd, 4318155.893, 102
Trd, 4318157.293, 104
Trd, 4318159.093, 107
Trd, 4318160.493, 105
Trd, 4318160.543, 104
Trd, 4318161.993, 103
Trd, 4318165.693, 103
Trd, 4318166.043, 104
Trd, 4318169.943, 103
Trd, 4318170.293, 103
Trd, 4318171.643, 107
Trd, 4318172.643, 109
Trd, 4318172.843, 108
Trd, 4318174.393, 106
Trd, 4318175.393, 106
Trd, 4318177.493, 105
Trd, 4318179.543, 106
Trd, 4318179.693, 105
Trd, 4318180.143, 104
Trd, 4318181.793, 105
Trd, 4318182.243, 104
Trd, 4318183.393, 104
Trd, 4318184.443, 103
Trd, 4318185.343, 102
Trd, 4318186.693, 103
Trd, 4318188.243, 103
Trd, 4318189.843, 103
Trd, 4318190.543, 102
Trd, 4318191.743, 101
Trd, 4318193.593, 99
Trd, 4318195.893, 101
Trd, 4318197.293, 103
Trd, 4318197.493, 102
Trd, 4318198.193, 103
Trd, 4318198.743, 102
Trd, 4318201.293, 100
Trd, 4318203.343, 102
Trd, 4318204.443, 101
Trd, 4318205.393, 101
Trd, 4318206.293, 100
Trd, 4318206.593, 100
Trd, 4318208.343, 99
Trd, 4318209.293, 98
Trd, 4318209.943, 100
Trd, 4318209.993, 97
Trd, 4318212.893, 94
Trd, 4318215.193, 95
Trd, 4318215.743, 96
Trd, 4318216.793, 96
Trd, 4318216.943, 96
Trd, 4318217.043, 95
Trd, 4318217.993, 95
Trd, 4318218.543, 95
Trd, 4318220.843, 95
Trd, 4318221.393, 96
Trd, 4318222.443, 103
Trd, 4318224.193, 107
Trd, 4318224.293, 106
Trd, 4318227.943, 106
Trd, 4318228.243, 106
Trd, 4318228.943, 107
Trd, 4318230.143, 106
Trd, 4318233.443, 103
Trd, 4318234.693, 101
Trd, 4318234.843, 102
Trd, 4318236.143, 95
Trd, 4318237.893, 100
Trd, 4318238.193, 100
Trd, 4318239.743, 100
Trd, 4318240.743, 99
Trd, 4318243.443, 98
Trd, 4318245.393, 98
Trd, 4318246.543, 99
Trd, 4318247.193, 94
Trd, 4318250.593, 100
Trd, 4318250.693, 100
Trd, 4318252.693, 101
Trd, 4318253.343, 100
Trd, 4318253.943, 100
Trd, 4318254.643, 96
Trd, 4318255.593, 99
Trd, 4318257.193, 99
Trd, 4318258.543, 99
Trd, 4318258.993, 94
Trd, 4318261.493, 94
Trd, 4318262.393, 93
Trd, 4318264.343, 93
Trd, 4318264.893, 93
Trd, 4318267.043, 93
Trd, 4318267.293, 95
Trd, 4318270.093, 94
Trd, 4318271.093, 93
Trd, 4318272.943, 92
Trd, 4318273.943, 92
Trd, 4318274.643, 92
Trd, 4318275.143, 94
Trd, 4318275.943, 92
Trd, 4318277.693, 95
Trd, 4318278.193, 95
Trd, 4318279.743, 95
Trd, 4318281.743, 97
Trd, 4318282.943, 104
Trd, 4318284.443, 104
Trd, 4318286.843, 103
Trd, 4318287.643, 103
Trd, 4318290.243, 99
Trd, 4318290.443, 94
Trd, 4318291.293, 98
Trd, 4318293.943, 99
Trd, 4318294.143, 99
Trd, 4318296.443, 103
Trd, 4318296.593, 102
Trd, 4318298.293, 106
Trd, 4318298.493, 104
Trd, 4318298.643, 105
Trd, 4318299.793, 103
Trd, 4318301.143, 102
Trd, 4318304.793, 101
Trd, 4318305.993, 101
Trd, 4318306.343, 101
Trd, 4318307.693, 101
Trd, 4318308.293, 102
Trd, 4318308.643, 103
Trd, 4318311.393, 98
Trd, 4318313.793, 100
Trd, 4318313.993, 101
Trd, 4318314.843, 101
Trd, 4318316.343, 102
Trd, 4318316.543, 101
Trd, 4318316.993, 101
Trd, 4318319.643, 103
Trd, 4318320.393, 102
Trd, 4318322.893, 101
Trd, 4318323.243, 101
Trd, 4318324.593, 100
Trd, 4318325.743, 102
Trd, 4318326.243, 102
Trd, 4318327.743, 102
Trd, 4318330.443, 96
Trd, 4318330.543, 99
Trd, 4318332.543, 100
Trd, 4318334.393, 98
Trd, 4318337.243, 100
Trd, 4318337.693, 99
Trd, 4318339.743, 101
Trd, 4318342.743, 110
Trd, 4318343.043, 110
Trd, 4318343.993, 110
Trd, 4318344.743, 107
Trd, 4318345.543, 104
Trd, 4318345.743, 105
Trd, 4318347.243, 104
Trd, 4318347.693, 105
Trd, 4318348.443, 104
Trd, 4318350.043, 103
Trd, 4318351.943, 104
Trd, 4318353.193, 104
Trd, 4318353.693, 103
Trd, 4318354.143, 103
Trd, 4318358.343, 101
Trd, 4318358.743, 101
Trd, 4318358.893, 100
Trd, 4318359.193, 100
Trd, 4318361.143, 100
Trd, 4318361.293, 99
Trd, 4318363.193, 105
Trd, 4318364.793, 106
Trd, 4318364.993, 104
Trd, 4318367.843, 103
Trd, 4318368.643, 103
Trd, 4318369.843, 104
Trd, 4318370.293, 104
Trd, 4318371.843, 104
Trd, 4318372.643, 103
Trd, 4318374.293, 104
Trd, 4318374.843, 104
Trd, 4318374.943, 103
Trd, 4318377.193, 86
Trd, 4318378.193, 93
Trd, 4318378.593, 92
Trd, 4318383.243, 95
Trd, 4318383.643, 94
Trd, 4318384.493, 94
Trd, 4318385.193, 94
Trd, 4318385.443, 93
Trd, 4318387.393, 94
Trd, 4318387.693, 95
Trd, 4318388.393, 95
Trd, 4318389.693, 95
Trd, 4318391.993, 96
Trd, 4318392.093, 95
Trd, 4318393.843, 95
Trd, 4318394.493, 95
Trd, 4318395.343, 94
Trd, 4318396.493, 92
Trd, 4318397.543, 95
Trd, 4318398.493, 94
Trd, 4318400.993, 95
Trd, 4318401.443, 95
Trd, 4318401.993, 94
Trd, 4318403.693, 96
Trd, 4318405.943, 98
Trd, 4318407.393, 101
Trd, 4318407.843, 98
Trd, 4318410.043, 99
Trd, 4318410.743, 99
Trd, 4318413.893, 97
Trd, 4318415.093, 98
Trd, 4318415.243, 98
Trd, 4318415.993, 96
Trd, 4318417.943, 97
Trd, 4318420.593, 98
Trd, 4318420.743, 98
Trd, 4318421.693, 99
Trd, 4318423.093, 102
Trd, 4318423.393, 103
Trd, 4318423.493, 96
Trd, 4318424.943, 100
Trd, 4318427.443, 100
Trd, 4318429.843, 98
Trd, 4318431.643, 99
Trd, 4318432.843, 98
Trd, 4318434.593, 97
Trd, 4318435.293, 97
Trd, 4318436.443, 100
Trd, 4318437.393, 102
Trd, 4318438.643, 103
Trd, 4318439.643, 94
Trd, 4318440.393, 95
Trd, 4318441.543, 94
Trd, 4318443.593, 99
Trd, 4318444.493, 99
Trd, 4318444.943, 99
Trd, 4318445.293, 99
Trd, 4318446.893, 101
Trd, 4318448.543, 102
Trd, 4318449.793, 101
Trd, 4318450.443, 102
Trd, 4318450.893, 103
Trd, 4318452.243, 94
Trd, 4318455.043, 97
Trd, 4318455.643, 96
Trd, 4318456.043, 95
Trd, 4318458.243, 96
Trd, 4318458.693, 97
Trd, 4318459.043, 97
Trd, 4318460.243, 99
Trd, 4318461.643, 101
Trd, 4318463.693, 100
Trd, 4318464.993, 100
Trd, 4318465.893, 98
Trd, 4318469.143, 99
Trd, 4318469.593, 99
Trd, 4318469.943, 99
Trd, 4318469.993, 100
Trd, 4318472.093, 99
Trd, 4318472.593, 100
Trd, 4318474.043, 100
Trd, 4318474.093, 100
Trd, 4318477.193, 103
Trd, 4318478.243, 101
Trd, 4318479.643, 100
Trd, 4318480.293, 100
Trd, 4318480.393, 101
Trd, 4318483.893, 101
Trd, 4318485.643, 100
Trd, 4318486.043, 101
Trd, 4318486.593, 100
Trd, 4318487.943, 101
Trd, 4318488.693, 101
Trd, 4318489.593, 94
Trd, 4318492.443, 97
Trd, 4318492.793, 98
Trd, 4318493.993, 98
Trd, 4318495.143, 98
Trd, 4318496.043, 100
Trd, 4318496.343, 99
Trd, 4318498.193, 99
Trd, 4318499.193, 100
Trd, 4318499.943, 99
Trd, 4318500.243, 99
Trd, 4318501.093, 99
Trd, 4318503.343, 99
Trd, 4318503.493, 99
Trd, 4318505.143, 96
Trd, 4318507.693, 96
Trd, 4318508.943, 95
Trd, 4318510.793, 95
Trd, 4318510.843, 96
Trd, 4318511.443, 96
Trd, 4318512.643, 96
Trd, 4318513.043, 93
Trd, 4318514.593, 92
Trd, 4318516.293, 93
Trd, 4318517.193, 96
Trd, 4318517.593, 98
Trd, 4318519.343, 98
Trd, 4318519.443, 98
Trd, 4318521.593, 99
Trd, 4318523.193, 100
Trd, 4318523.793, 99
Trd, 4318526.493, 98
Trd, 4318526.843, 100
Trd, 4318527.143, 100
Trd, 4318530.243, 98
Trd, 4318530.743, 99
Trd, 4318531.093, 99
Trd, 4318532.393, 99
Trd, 4318533.793, 100
Trd, 4318534.293, 103
Trd, 4318535.543, 104
Trd, 4318536.493, 104
Trd, 4318536.943, 103
Trd, 4318538.593, 94
Trd, 4318540.543, 99
Trd, 4318540.943, 100
Trd, 4318542.193, 99
Trd, 4318543.793, 97
Trd, 4318545.193, 100
Trd, 4318545.493, 99
Trd, 4318549.593, 98
Trd, 4318550.943, 99
Trd, 4318551.243, 98
Trd, 4318553.893, 97
Trd, 4318554.793, 99
Trd, 4318555.943, 99
Trd, 4318556.793, 100
Trd, 4318557.493, 100
Trd, 4318558.193, 99
Trd, 4318558.293, 95
Trd, 4318562.343, 98
Trd, 4318562.843, 97
Trd, 4318563.493, 98
Trd, 4318565.193, 97
Trd, 4318565.793, 96
Trd, 4318567.643, 98
Trd, 4318568.393, 98
Trd, 4318570.593, 98
Trd, 4318570.993, 98
Trd, 4318571.043, 97
Trd, 4318575.493, 97
Trd, 4318575.743, 96
Trd, 4318576.993, 96
Trd, 4318578.293, 96
Trd, 4318579.893, 95
Trd, 4318581.343, 97
Trd, 4318582.593, 100
Trd, 4318583.243, 100
Trd, 4318583.843, 99
Trd, 4318585.093, 95
Trd, 4318586.693, 100
Trd, 4318587.643, 98
Trd, 4318589.093, 100
Trd, 4318589.593, 99
Trd, 4318590.843, 98
Trd, 4318595.243, 112
Trd, 4318595.493, 111
Trd, 4318596.243, 111
Trd, 4318600.993, 108
Trd, 4318601.593, 104
Trd, 4318604.843, 97
Trd, 4318604.943, 101
Trd, 4318607.043, 100
Trd, 4318608.393, 100
Trd, 4318609.043, 100
Trd, 4318611.093, 100
Trd, 4318611.243, 100
Trd, 4318613.893, 100
Trd, 4318617.693, 99
Trd, 4318618.193, 98
Trd, 4318618.793, 98
Trd, 4318620.543, 97
Trd, 4318621.443, 98
Trd, 4318621.893, 98
Trd, 4318625.893, 98
Trd, 4318626.893, 98
Trd, 4318627.893, 98
Trd, 4318628.943, 97
Trd, 4318631.193, 96
Trd, 4318632.993, 93
Trd, 4318633.743, 92
Trd, 4318634.243, 93
Trd, 4318635.593, 94
Trd, 4318636.393, 94
Trd, 4318637.393, 95
Trd, 4318637.843, 92
Trd, 4318640.943, 93
Trd, 4318642.793, 96
Trd, 4318643.593, 100
Trd, 4318643.643, 99
Trd, 4318644.393, 99
Trd, 4318646.493, 97
Trd, 4318646.893, 97
Trd, 4318648.493, 96
Trd, 4318648.693, 97
Trd, 4318651.493, 99
Trd, 4318653.293, 95
Trd, 4318653.793, 95
Trd, 4318654.193, 94
Trd, 4318655.743, 97
Trd, 4318657.593, 96
Trd, 4318657.843, 96
Trd, 4318659.293, 95
Trd, 4318660.243, 96
Trd, 4318661.843, 94
Trd, 4318662.243, 95
Trd, 4318665.343, 102
Trd, 4318667.093, 104
Trd, 4318668.293, 108
Trd, 4318669.543, 107
Trd, 4318671.443, 105
Trd, 4318672.043, 104
Trd, 4318673.393, 106
Trd, 4318674.593, 106
Trd, 4318675.293, 105
Trd, 4318676.143, 106
Trd, 4318676.293, 105
Trd, 4318677.693, 105
Trd, 4318678.793, 104
Trd, 4318679.593, 103
Trd, 4318680.743, 103
Trd, 4318681.343, 102
Trd, 4318682.793, 102
Trd, 4318683.843, 103
Trd, 4318686.743, 107
Trd, 4318687.443, 93
Trd, 4318690.693, 104
Trd, 4318691.043, 104
Trd, 4318691.643, 103
Trd, 4318693.743, 103
Trd, 4318695.243, 104
Trd, 4318696.793, 104
Trd, 4318697.993, 102
Trd, 4318699.043, 101
Trd, 4318703.093, 102
Trd, 4318703.593, 103
Trd, 4318703.743, 104
Trd, 4318706.693, 105
Trd, 4318706.843, 103
Trd, 4318711.093, 102
Trd, 4318711.593, 103
Trd, 4318712.893, 103
Trd, 4318714.343, 103
Trd, 4318714.893, 104
Trd, 4318715.493, 104
Trd, 4318716.143, 103
Trd, 4318716.693, 94
Trd, 4318719.543, 98
Trd, 4318720.343, 99
Trd, 4318720.993, 100
Trd, 4318721.743, 99
Trd, 4318723.743, 99
Trd, 4318725.193, 98
Trd, 4318727.693, 96
Trd, 4318729.393, 96
Trd, 4318729.593, 96
Trd, 4318731.393, 98
Trd, 4318731.743, 98
Trd, 4318732.043, 97
Trd, 4318734.493, 104
Trd, 4318735.893, 104
Trd, 4318736.543, 103
Trd, 4318737.243, 102
Trd, 4318739.343, 103
Trd, 4318740.243, 104
Trd, 4318741.893, 103
Trd, 4318743.443, 104
Trd, 4318743.643, 104
Trd, 4318746.943, 99
Trd, 4318747.243, 100
Trd, 4318747.493, 100
Trd, 4318747.543, 99
Trd, 4318749.893, 97
Trd, 4318750.943, 96
Trd, 4318751.893, 98
Trd, 4318753.393, 95
Trd, 4318754.243, 97
Trd, 4318754.943, 97
Trd, 4318756.893, 95
Trd, 4318757.343, 96
Trd, 4318758.343, 97
Trd, 4318759.343, 99
Trd, 4318760.043, 98
Trd, 4318761.493, 96
Trd, 4318764.393, 101
Trd, 4318765.143, 100
Trd, 4318765.943, 101
Trd, 4318767.293, 100
Trd, 4318768.793, 101
Trd, 4318769.593, 101
Trd, 4318770.643, 99
Trd, 4318771.643, 100
Trd, 4318772.743, 99
Trd, 4318774.093, 99
Trd, 4318774.643, 98
Trd, 4318776.243, 101
Trd, 4318777.993, 101
Trd, 4318780.543, 104
Trd, 4318781.143, 103
Trd, 4318781.393, 103
Trd, 4318783.693, 103
Trd, 4318785.643, 103
Trd, 4318785.893, 103
Trd, 4318786.143, 103
Trd, 4318786.693, 104
Trd, 4318787.993, 100
Trd, 4318788.693, 99
Trd, 4318789.443, 99
Trd, 4318791.293, 97
Trd, 4318791.393, 94
Trd, 4318792.793, 94
Trd, 4318793.343, 93
Trd, 4318794.543, 93
Trd, 4318796.343, 94
Trd, 4318796.543, 95
Trd, 4318798.793, 95
Trd, 4318800.343, 100
Trd, 4318803.043, 100
Trd, 4318803.843, 100
Trd, 4318804.893, 101
Trd, 4318805.543, 102
Trd, 4318806.843, 103
Trd, 4318808.893, 94
Trd, 4318809.593, 98
Trd, 4318810.443, 99
Trd, 4318811.843, 100
Trd, 4318815.343, 100
Trd, 4318816.393, 100
Trd, 4318817.193, 99
Trd, 4318819.843, 99
Trd, 4318821.193, 100
Trd, 4318821.743, 101
Trd, 4318822.443, 101
Trd, 4318822.593, 100
Trd, 4318823.143, 101
Trd, 4318826.143, 99
Trd, 4318827.243, 100
Trd, 4318828.743, 100
Trd, 4318829.393, 99
Trd, 4318829.493, 97
Trd, 4318832.643, 111
Trd, 4318832.793, 110
Trd, 4318833.593, 107
Trd, 4318834.143, 108
Trd, 4318834.993, 104
Trd, 4318835.393, 104
Trd, 4318838.643, 101
Trd, 4318839.043, 101
Trd, 4318841.043, 103
Trd, 4318841.943, 104
Trd, 4318842.793, 106
Trd, 4318844.193, 109
Trd, 4318844.643, 104
Trd, 4318845.943, 106
Trd, 4318847.743, 105
Trd, 4318850.943, 101
Trd, 4318850.993, 102
Trd, 4318851.443, 101
Trd, 4318851.693, 101
Trd, 4318855.343, 100
Trd, 4318857.293, 99
Trd, 4318858.243, 100
Trd, 4318858.293, 98
Trd, 4318860.543, 100
Trd, 4318861.693, 101
Trd, 4318863.443, 107
Trd, 4318863.743, 106
Trd, 4318865.393, 106
Trd, 4318867.693, 106
Trd, 4318868.793, 105
Trd, 4318869.993, 104
Trd, 4318870.943, 104
Trd, 4318872.143, 106
Trd, 4318873.043, 108
Trd, 4318873.793, 107
Trd, 4318875.393, 107
Trd, 4318876.343, 106
Trd, 4318877.193, 105
Trd, 4318880.443, 99
Trd, 4318880.643, 96
Trd, 4318882.043, 97
Trd, 4318882.443, 98
Trd, 4318883.243, 99
Trd, 4318885.393, 98
Trd, 4318888.043, 99
Trd, 4318888.243, 98
Trd, 4318888.593, 97
Trd, 4318891.193, 98
Trd, 4318891.343, 97
Trd, 4318893.193, 98
Trd, 4318893.343, 97
Trd, 4318894.393, 98
Trd, 4318895.643, 97
Trd, 4318898.543, 98
Trd, 4318899.593, 97
Trd, 4318902.993, 97
Trd, 4318904.843, 98
Trd, 4318905.293, 97
Trd, 4318905.743, 98
Trd, 4318906.293, 98
Trd, 4318906.493, 97
Trd, 4318908.143, 105
Trd, 4318909.293, 103
Trd, 4318911.293, 98
Trd, 4318912.493, 98
Trd, 4318913.293, 103
Trd, 4318914.443, 101
Trd, 4318915.393, 101
Trd, 4318919.343, 101
Trd, 4318920.193, 100
Trd, 4318920.343, 100
Trd, 4318922.043, 99
Trd, 4318922.493, 100
Trd, 4318924.243, 100
Trd, 4318924.943, 99
Trd, 4318925.793, 98
Trd, 4318929.643, 100
Trd, 4318929.943, 100
Trd, 4318931.543, 101
Trd, 4318932.543, 101
Trd, 4318932.943, 100
Trd, 4318936.343, 95
Trd, 4318936.443, 96
Trd, 4318938.443, 97
Trd, 4318939.993, 96
Trd, 4318941.143, 96
Trd, 4318941.893, 96
Trd, 4318943.743, 97
Trd, 4318943.993, 97
Trd, 4318945.243, 98
Trd, 4318945.343, 95
Trd, 4318948.843, 98
Trd, 4318949.593, 99
Trd, 4318951.293, 99
Trd, 4318953.243, 99
Trd, 4318954.643, 99
Trd, 4318955.293, 99
Trd, 4318955.593, 98
Trd, 4318958.643, 98
Trd, 4318959.093, 98
Trd, 4318959.793, 98
Trd, 4318961.443, 98
Trd, 4318962.343, 97
Trd, 4318964.143, 98
Trd, 4318964.293, 99
Trd, 4318965.993, 100
Trd, 4318966.443, 99
Trd, 4318968.793, 100
Trd, 4318969.243, 100
Trd, 4318970.343, 102
Trd, 4318970.543, 101
Trd, 4318973.143, 102
Trd, 4318973.493, 102
Trd, 4318973.593, 101
Trd, 4318974.693, 102
Trd, 4318976.543, 102
Trd, 4318977.543, 105
Trd, 4318978.293, 102
Trd, 4318979.293, 103
Trd, 4318980.493, 101
Trd, 4318982.193, 96
Trd, 4318983.943, 96
Trd, 4318984.493, 96
Trd, 4318985.393, 103
Trd, 4318985.593, 95
Trd, 4318989.343, 94
Trd, 4318992.093, 95
Trd, 4318992.443, 95
Trd, 4318993.243, 96
Trd, 4318993.843, 96
Trd, 4318997.043, 103
Trd, 4318998.143, 103
Trd, 4319000.243, 105
Trd, 4319001.043, 105
Trd, 4319001.243, 104
Trd, 4319003.443, 104
Trd, 4319003.643, 105
Trd, 4319005.593, 102
Trd, 4319005.643, 94
Trd, 4319008.043, 102
Trd, 4319008.893, 102
Trd, 4319010.893, 102
Trd, 4319011.193, 101
Trd, 4319011.643, 98
Trd, 4319016.093, 98
Trd, 4319017.593, 99
Trd, 4319018.893, 99
Trd, 4319019.493, 100
Trd, 4319020.643, 100
Trd, 4319021.043, 100
Trd, 4319021.793, 99
Trd, 4319024.143, 100
Trd, 4319024.543, 100
Trd, 4319027.343, 98
Trd, 4319027.793, 99
Trd, 4319029.193, 103
Trd, 4319029.493, 101
Trd, 4319031.993, 102
Trd, 4319033.943, 107
Trd, 4319034.243, 105
Trd, 4319036.243, 106
Trd, 4319036.743, 105
Trd, 4319037.343, 104
Trd, 4319037.643, 104
Trd, 4319038.393, 103
Trd, 4319041.143, 100
Trd, 4319041.443, 99
Trd, 4319042.143, 98
Trd, 4319044.343, 89
Trd, 4319046.193, 96
Trd, 4319047.693, 97
Trd, 4319049.593, 96
Trd, 4319049.743, 97
Trd, 4319050.543, 97
Trd, 4319052.043, 97
Trd, 4319052.593, 96
Trd, 4319054.143, 97
Trd, 4319055.193, 96
Trd, 4319055.343, 95
Trd, 4319058.293, 97
Trd, 4319060.393, 96
Trd, 4319061.043, 96
Trd, 4319062.993, 96
Trd, 4319063.843, 97
Trd, 4319063.993, 97
Trd, 4319066.643, 96
Trd, 4319067.793, 97
Trd, 4319068.793, 97
Trd, 4319069.443, 98
Trd, 4319070.193, 98
Trd, 4319071.343, 97
Trd, 4319074.343, 97
Trd, 4319076.393, 103
Trd, 4319076.693, 101
Trd, 4319077.593, 101
Trd, 4319079.943, 102
Trd, 4319080.593, 101
Trd, 4319082.643, 102
Trd, 4319083.643, 102
Trd, 4319085.043, 101
Trd, 4319085.693, 100
Trd, 4319086.843, 102
Trd, 4319088.693, 102
Trd, 4319091.493, 102
Trd, 4319092.143, 102
Trd, 4319094.943, 102
Trd, 4319095.093, 102
Trd, 4319095.293, 101
Trd, 4319097.193, 99
Trd, 4319098.343, 98
Trd, 4319098.593, 98
Trd, 4319100.243, 98
Trd, 4319101.243, 98
Trd, 4319102.293, 95
Trd, 4319104.693, 95
Trd, 4319105.143, 94
Trd, 4319105.293, 94
Trd, 4319108.493, 90
Trd, 4319109.043, 92
Trd, 4319111.443, 92
Trd, 4319111.743, 92
Trd, 4319112.543, 92
Trd, 4319113.693, 92
Trd, 4319115.943, 93
Trd, 4319117.543, 95
Trd, 4319119.393, 96
Trd, 4319120.793, 96
Trd, 4319121.293, 95
Trd, 4319122.493, 96
Trd, 4319125.243, 101
Trd, 4319125.593, 98
Trd, 4319126.393, 95
Trd, 4319128.593, 97
Trd, 4319129.043, 95
Trd, 4319130.893, 97
Trd, 4319132.443, 103
Trd, 4319133.493, 104
Trd, 4319135.093, 106
Trd, 4319136.643, 99
Trd, 4319136.743, 100
Trd, 4319138.443, 100
Trd, 4319139.143, 92
Trd, 4319141.493, 92
Trd, 4319141.693, 91
Trd, 4319145.643, 93
Trd, 4319146.093, 94
Trd, 4319147.643, 94
Trd, 4319148.793, 93
Trd, 4319151.143, 92
Trd, 4319151.343, 93
Trd, 4319152.893, 95
Trd, 4319153.293, 94
Trd, 4319153.893, 95
Trd, 4319155.443, 95
Trd, 4319156.193, 95
Trd, 4319157.443, 95
Trd, 4319157.893, 95
Trd, 4319160.293, 96
Trd, 4319161.043, 94
Trd, 4319163.993, 95
Trd, 4319165.493, 96
Trd, 4319165.693, 96
Trd, 4319166.543, 96
Trd, 4319167.393, 94
Trd, 4319168.293, 96
Trd, 4319169.643, 98
Trd, 4319170.493, 96
Trd, 4319171.893, 95
Trd, 4319173.743, 96
Trd, 4319174.993, 96
Trd, 4319175.143, 96
Trd, 4319176.443, 95
Trd, 4319178.143, 95
Trd, 4319179.393, 95
Trd, 4319181.343, 94
Trd, 4319182.243, 94
Trd, 4319182.543, 95
Trd, 4319184.493, 101
Trd, 4319185.993, 102
Trd, 4319187.143, 102
Trd, 4319188.893, 96
Trd, 4319189.543, 97
Trd, 4319190.943, 98
Trd, 4319193.043, 98
Trd, 4319194.243, 101
Trd, 4319194.593, 100
Trd, 4319197.043, 99
Trd, 4319198.243, 97
Trd, 4319200.043, 99
Trd, 4319200.543, 99
Trd, 4319202.193, 99
Trd, 4319202.593, 99
Trd, 4319203.593, 99
Trd, 4319204.593, 100
Trd, 4319205.493, 99
Trd, 4319206.143, 100
Trd, 4319207.093, 99
Trd, 4319208.843, 99
Trd, 4319210.043, 102
Trd, 4319211.893, 101
Trd, 4319213.293, 101
Trd, 4319213.443, 100
Trd, 4319215.493, 101
Trd, 4319217.143, 102
Trd, 4319218.493, 102
Trd, 4319218.793, 103
Trd, 4319221.393, 103
Trd, 4319221.493, 104
Trd, 4319221.543, 104
Trd, 4319224.743, 105
Trd, 4319224.893, 104
Trd, 4319226.093, 103
Trd, 4319227.743, 102
Trd, 4319228.493, 103
Trd, 4319228.893, 103
Trd, 4319230.343, 104
Trd, 4319232.743, 106
Trd, 4319234.443, 105
Trd, 4319235.643, 105
Trd, 4319237.143, 105
Trd, 4319238.393, 104
Trd, 4319239.243, 104
Trd, 4319241.443, 103
Trd, 4319242.393, 102
Trd, 4319242.843, 102
Trd, 4319243.443, 103
Trd, 4319247.543, 94
Trd, 4319250.393, 102
Trd, 4319250.793, 102
Trd, 4319251.143, 102
Trd, 4319253.193, 101
Trd, 4319253.593, 100
Trd, 4319254.193, 101
Trd, 4319255.243, 94
Trd, 4319260.493, 99
Trd, 4319260.643, 99
Trd, 4319260.793, 99
Trd, 4319260.993, 98
Trd, 4319261.443, 96
Trd, 4319263.143, 97
Trd, 4319264.543, 98
Trd, 4319265.343, 98
Trd, 4319265.793, 98
Trd, 4319267.443, 97
Trd, 4319270.743, 99
Trd, 4319271.143, 98
Trd, 4319271.793, 99
Trd, 4319272.943, 95
Trd, 4319275.043, 95
Trd, 4319275.793, 97
Trd, 4319276.993, 96
Trd, 4319278.443, 96
Trd, 4319279.543, 95
Trd, 4319281.193, 95
Trd, 4319281.793, 94
Trd, 4319283.493, 96
Trd, 4319283.993, 96
Trd, 4319287.443, 87
Trd, 4319287.643, 88
Trd, 4319288.493, 92
Trd, 4319288.593, 91
Trd, 4319291.843, 99
Trd, 4319292.443, 99
Trd, 4319294.043, 99
Trd, 4319294.443, 98
Trd, 4319296.193, 88
Trd, 4319297.243, 92
Trd, 4319298.843, 92
Trd, 4319299.143, 93
Trd, 4319300.543, 93
Trd, 4319301.043, 95
Trd, 4319302.943, 94
Trd, 4319304.943, 94
Trd, 4319306.693, 94
Trd, 4319308.193, 93
Trd, 4319311.443, 95
Trd, 4319311.893, 95
Trd, 4319313.193, 95
Trd, 4319314.593, 93
Trd, 4319315.343, 93
Trd, 4319316.043, 95
Trd, 4319316.543, 93
Trd, 4319318.293, 95
Trd, 4319320.393, 95
Trd, 4319321.093, 95
Trd, 4319322.293, 94
Trd, 4319322.793, 93
Trd, 4319325.443, 95
Trd, 4319326.293, 95
Trd, 4319327.393, 94
Trd, 4319327.493, 95
Trd, 4319328.893, 94
Trd, 4319332.443, 95
Trd, 4319332.493, 94
Trd, 4319333.143, 93
Trd, 4319334.693, 92
Trd, 4319336.143, 92
Trd, 4319337.843, 95
Trd, 4319338.243, 96
Trd, 4319341.343, 103
Trd, 4319341.693, 101
Trd, 4319341.893, 100
Trd, 4319343.393, 99
Trd, 4319343.543, 99
Trd, 4319344.743, 97
Trd, 4319347.693, 100
Trd, 4319348.743, 96
Trd, 4319349.243, 95
Trd, 4319350.093, 96
Trd, 4319350.793, 95
Trd, 4319355.743, 96
Trd, 4319355.843, 96
Trd, 4319356.593, 94
Trd, 4319358.343, 94
Trd, 4319358.443, 93
Trd, 4319361.543, 90
Trd, 4319363.543, 93
Trd, 4319364.043, 93
Trd, 4319364.793, 93
Trd, 4319365.343, 91
Trd, 4319367.943, 91
Trd, 4319368.443, 91
Trd, 4319368.743, 92
Trd, 4319370.093, 92
Trd, 4319371.193, 92
Trd, 4319373.343, 94
Trd, 4319375.743, 93
Trd, 4319376.093, 93
Trd, 4319377.093, 94
Trd, 4319378.443, 95
Trd, 4319380.243, 96
Trd, 4319380.993, 95
Trd, 4319383.843, 103
Trd, 4319384.143, 103
Trd, 4319385.293, 94
Trd, 4319385.693, 99
Trd, 4319386.143, 98
Trd, 4319390.443, 100
Trd, 4319391.243, 105
Trd, 4319392.543, 99
Trd, 4319393.343, 100
Trd, 4319393.943, 100
Trd, 4319396.293, 101
Trd, 4319396.793, 99
Trd, 4319398.293, 100
Trd, 4319399.143, 99
Trd, 4319400.443, 98
Trd, 4319402.043, 97
Trd, 4319405.543, 99
Trd, 4319409.393, 99
Trd, 4319410.043, 100
Trd, 4319410.593, 99
Trd, 4319410.643, 98
Trd, 4319411.993, 97
Trd, 4319414.593, 99
Trd, 4319415.143, 98
Trd, 4319416.243, 98
Trd, 4319418.043, 86
Trd, 4319421.543, 96
Trd, 4319421.993, 95
Trd, 4319423.143, 94
Trd, 4319424.443, 95
Trd, 4319425.643, 96
Trd, 4319426.493, 96
Trd, 4319426.793, 95
Trd, 4319428.543, 94
Trd, 4319431.893, 100
Trd, 4319432.293, 99
Trd, 4319432.593, 98
Trd, 4319434.993, 102
Trd, 4319436.093, 102
Trd, 4319437.793, 104
Trd, 4319437.893, 104
Trd, 4319440.193, 106
Trd, 4319440.343, 105
Trd, 4319442.443, 106
Trd, 4319444.843, 105
Trd, 4319445.543, 106
Trd, 4319447.643, 107
Trd, 4319448.543, 106
Trd, 4319450.743, 106
Trd, 4319451.643, 92
Trd, 4319454.143, 95
Trd, 4319454.593, 95
Trd, 4319455.093, 94
Trd, 4319455.943, 95
Trd, 4319456.493, 94
Trd, 4319457.793, 93
Trd, 4319460.043, 95
Trd, 4319461.343, 94
Trd, 4319463.143, 95
Trd, 4319463.593, 95
Trd, 4319464.093, 95
Trd, 4319466.543, 94
Trd, 4319468.843, 96
Trd, 4319469.443, 98
Trd, 4319470.793, 98
Trd, 4319471.043, 97
Trd, 4319471.143, 95
Trd, 4319473.193, 97
Trd, 4319474.193, 97
Trd, 4319474.643, 97
Trd, 4319476.043, 97
Trd, 4319476.343, 96
Trd, 4319477.693, 96
Trd, 4319478.593, 98
Trd, 4319480.443, 97
Trd, 4319482.193, 102
Trd, 4319482.343, 101
Trd, 4319484.543, 103
Trd, 4319485.443, 104
Trd, 4319486.343, 106
Trd, 4319488.543, 105
Trd, 4319489.343, 105
Trd, 4319489.893, 105
Trd, 4319490.043, 94
Trd, 4319493.143, 103
Trd, 4319493.693, 100
Trd, 4319494.143, 100
Trd, 4319495.243, 99
Trd, 4319498.043, 100
Trd, 4319498.443, 100
Trd, 4319500.243, 96
Trd, 4319502.293, 95
Trd, 4319504.543, 97
Trd, 4319505.943, 96
Trd, 4319506.343, 97
Trd, 4319506.743, 96
Trd, 4319508.343, 98
Trd, 4319509.493, 97
Trd, 4319511.743, 94
Trd, 4319513.343, 105
Trd, 4319513.793, 105
Trd, 4319514.143, 104
Trd, 4319516.893, 103
Trd, 4319517.793, 102
Trd, 4319518.443, 103
Trd, 4319519.693, 103
Trd, 4319519.943, 103
Trd, 4319521.343, 102
Trd, 4319525.693, 101
Trd, 4319527.443, 102
Trd, 4319528.843, 101
Trd, 4319530.043, 103
Trd, 4319530.193, 102
Trd, 4319533.093, 100
Trd, 4319534.793, 100
Trd, 4319535.593, 100
Trd, 4319536.443, 101
Trd, 4319539.043, 101
Trd, 4319539.193, 101
Trd, 4319540.693, 101
Trd, 4319540.743, 101
Trd, 4319541.393, 94
Trd, 4319544.093, 95
Trd, 4319545.443, 95
Trd, 4319546.193, 95
Trd, 4319547.093, 94
Trd, 4319547.693, 95
Trd, 4319549.743, 102
Trd, 4319550.993, 105
Trd, 4319552.293, 100
Trd, 4319554.693, 100
Trd, 4319555.043, 99
Trd, 4319556.343, 99
Trd, 4319556.843, 99
Trd, 4319558.493, 94
Trd, 4319559.643, 95
Trd, 4319560.243, 94
Trd, 4319561.143, 94
Trd, 4319563.643, 91
Trd, 4319565.893, 92
Trd, 4319566.743, 92
Trd, 4319567.393, 91
Trd, 4319569.643, 93
Trd, 4319569.693, 92
Trd, 4319570.743, 93
Trd, 4319572.343, 95
Trd, 4319573.443, 98
Trd, 4319574.493, 98
Trd, 4319575.593, 100
Trd, 4319575.893, 101
Trd, 4319577.193, 101
Trd, 4319577.993, 103
Trd, 4319578.993, 101
Trd, 4319580.843, 99
Trd, 4319584.543, 102
Trd, 4319586.093, 101
Trd, 4319587.093, 101
Trd, 4319587.643, 99
Trd, 4319591.043, 99
Trd, 4319591.593, 100
Trd, 4319592.243, 100
Trd, 4319593.143, 100
Trd, 4319593.343, 99
Trd, 4319595.293, 100
Trd, 4319596.143, 100
Trd, 4319596.193, 99
Trd, 4319599.443, 98
Trd, 4319600.943, 97
Trd, 4319603.293, 99
Trd, 4319603.793, 99
Trd, 4319604.393, 100
Trd, 4319604.843, 100
Trd, 4319606.943, 101
Trd, 4319608.193, 102
Trd, 4319610.443, 99
Trd, 4319611.643, 99
Trd, 4319614.543, 99
Trd, 4319615.443, 100
Trd, 4319615.743, 100
Trd, 4319617.293, 101
Trd, 4319618.143, 100
Trd, 4319620.043, 100
Trd, 4319623.043, 100
Trd, 4319624.743, 100
Trd, 4319624.993, 99
Trd, 4319626.093, 99
Trd, 4319626.743, 100
Trd, 4319628.643, 97
Trd, 4319628.743, 96
Trd, 4319629.793, 97
Trd, 4319630.093, 96
Trd, 4319631.643, 97
Trd, 4319632.443, 96
Trd, 4319634.693, 95
Trd, 4319638.393, 95
Trd, 4319639.243, 95
Trd, 4319639.693, 94
Trd, 4319640.943, 94
Trd, 4319641.593, 94
Trd, 4319643.743, 93
Trd, 4319647.743, 92
Trd, 4319647.993, 86
Trd, 4319650.693, 90
Trd, 4319650.893, 90
Trd, 4319652.593, 90
Trd, 4319654.193, 90
Trd, 4319655.643, 90
Trd, 4319655.793, 90
Trd, 4319659.193, 90
Trd, 4319661.593, 90
Trd, 4319662.043, 90
Trd, 4319662.193, 90
Trd, 4319664.493, 90
Trd, 4319665.043, 92
Trd, 4319667.293, 93
Trd, 4319667.893, 93
Trd, 4319668.093, 91
Trd, 4319669.243, 95
Trd, 4319669.693, 94
Trd, 4319672.093, 96
Trd, 4319673.843, 106
Trd, 4319675.043, 100
Trd, 4319675.143, 101
Trd, 4319677.043, 101
Trd, 4319677.493, 100
Trd, 4319679.193, 89
Trd, 4319680.243, 93
Trd, 4319680.293, 95
Trd, 4319682.243, 97
Trd, 4319684.393, 97
Trd, 4319686.093, 97
Trd, 4319686.393, 98
Trd, 4319687.193, 99
Trd, 4319689.343, 104
Trd, 4319690.093, 104
Trd, 4319690.793, 104
Trd, 4319691.943, 102
Trd, 4319694.943, 104
Trd, 4319695.343, 104
Trd, 4319696.443, 103
Trd, 4319696.893, 102
Trd, 4319697.843, 95
Trd, 4319700.043, 101
Trd, 4319700.693, 100
Trd, 4319701.393, 98
Trd, 4319702.143, 100
Trd, 4319706.143, 100
Trd, 4319706.243, 99
Trd, 4319708.243, 104
Trd, 4319709.443, 106
Trd, 4319710.143, 105
Trd, 4319712.193, 108
Trd, 4319712.993, 108
Trd, 4319713.393, 107
Trd, 4319716.643, 99
Trd, 4319716.843, 100
Trd, 4319717.143, 100
Trd, 4319720.593, 100
Trd, 4319721.193, 100
Trd, 4319721.493, 99
Trd, 4319723.193, 96
Trd, 4319724.343, 96
Trd, 4319725.143, 96
Trd, 4319725.543, 94
Trd, 4319727.693, 95
Trd, 4319728.843, 95
Trd, 4319729.743, 94
Trd, 4319732.793, 96
Trd, 4319733.143, 96
Trd, 4319733.643, 95
Trd, 4319734.543, 95
Trd, 4319736.393, 96
Trd, 4319737.943, 96
Trd, 4319739.643, 97
Trd, 4319739.943, 98
Trd, 4319743.143, 98
Trd, 4319744.493, 96
Trd, 4319745.443, 96
Trd, 4319745.893, 96
Trd, 4319746.093, 96
Trd, 4319747.743, 95
Trd, 4319748.293, 95
Trd, 4319749.143, 95
Trd, 4319749.693, 96
Trd, 4319752.393, 106
Trd, 4319754.793, 107
Trd, 4319754.843, 106
Trd, 4319755.343, 105
Trd, 4319755.443, 105
Trd, 4319755.893, 104
Trd, 4319758.493, 109
Trd, 4319758.543, 108
Trd, 4319759.043, 107
Trd, 4319760.643, 105
Trd, 4319762.843, 103
Trd, 4319763.743, 101
Trd, 4319765.793, 102
Trd, 4319765.893, 101
Trd, 4319767.093, 90
Trd, 4319769.643, 94
Trd, 4319770.893, 95
Trd, 4319771.443, 95
Trd, 4319771.793, 95
Trd, 4319774.293, 94
Trd, 4319774.643, 94
Trd, 4319776.393, 95
Trd, 4319777.443, 97
Trd, 4319778.293, 98
Trd, 4319779.743, 99
Trd, 4319780.393, 102
Trd, 4319783.093, 106
Trd, 4319784.143, 107
Trd, 4319785.543, 106
Trd, 4319786.093, 106
Trd, 4319786.893, 104
Trd, 4319787.293, 93
Trd, 4319789.793, 105
Trd, 4319790.143, 104
Trd, 4319791.943, 104
Trd, 4319794.143, 104
Trd, 4319794.793, 103
Trd, 4319798.793, 102
Trd, 4319799.293, 102
Trd, 4319800.243, 102
Trd, 4319800.543, 101
Trd, 4319802.443, 101
Trd, 4319802.593, 100
Trd, 4319803.093, 96
Trd, 4319806.493, 99
Trd, 4319806.593, 99
Trd, 4319808.993, 99
Trd, 4319809.693, 99
Trd, 4319810.493, 98
Trd, 4319813.693, 98
Trd, 4319814.693, 99
Trd, 4319815.593, 99
Trd, 4319816.143, 98
Trd, 4319819.793, 105
Trd, 4319820.243, 103
Trd, 4319821.293, 103
Trd, 4319822.393, 102
Trd, 4319822.593, 94
Trd, 4319826.493, 98
Trd, 4319827.493, 98
Trd, 4319827.743, 97
Trd, 4319829.893, 98
Trd, 4319830.393, 100
Trd, 4319830.843, 100
Trd, 4319832.693, 105
Trd, 4319833.743, 106
Trd, 4319834.343, 106
Trd, 4319834.743, 105
Trd, 4319835.793, 105
Trd, 4319837.243, 88
Trd, 4319841.743, 100
Trd, 4319842.293, 99
Trd, 4319843.293, 100
Trd, 4319843.843, 101
Trd, 4319843.943, 97
Trd, 4319847.193, 98
Trd, 4319848.443, 99
Trd, 4319848.893, 100
Trd, 4319849.093, 100
Trd, 4319852.243, 100
Trd, 4319852.743, 100
Trd, 4319853.593, 94
Trd, 4319856.293, 97
Trd, 4319857.343, 97
Trd, 4319857.993, 97
Trd, 4319858.393, 97
Trd, 4319859.093, 97
Trd, 4319860.593, 97
Trd, 4319862.443, 96
Trd, 4319862.493, 97
Trd, 4319863.993, 97
Trd, 4319865.343, 96
Trd, 4319867.893, 97
Trd, 4319868.143, 97
Trd, 4319868.943, 94
Trd, 4319870.993, 94
Trd, 4319872.143, 95
Trd, 4319872.793, 95
Trd, 4319873.243, 95
Trd, 4319874.943, 94
Trd, 4319877.043, 100
Trd, 4319877.693, 99
Trd, 4319879.393, 97
Trd, 4319880.893, 98
Trd, 4319881.593, 98
Trd, 4319883.193, 97
Trd, 4319883.743, 96
Trd, 4319884.193, 89
Trd, 4319885.443, 91
Trd, 4319888.443, 99
Trd, 4319888.893, 98
Trd, 4319890.593, 104
Trd, 4319890.743, 99
Trd, 4319893.093, 101
Trd, 4319894.093, 102
Trd, 4319895.043, 102
Trd, 4319896.693, 104
Trd, 4319897.193, 104
Trd, 4319897.643, 104
Trd, 4319898.043, 104
Trd, 4319901.093, 101
Trd, 4319901.443, 101
Trd, 4319903.043, 101
Trd, 4319904.543, 102
Trd, 4319904.793, 102
Trd, 4319906.693, 101
Trd, 4319909.193, 102
Trd, 4319909.293, 101
Trd, 4319909.693, 102
Trd, 4319909.843, 94
Trd, 4319913.243, 101
Trd, 4319914.043, 100
Trd, 4319915.993, 100
Trd, 4319918.193, 100
Trd, 4319918.693, 101
Trd, 4319921.243, 104
Trd, 4319922.993, 103
Trd, 4319923.193, 102
Trd, 4319923.643, 101
Trd, 4319924.343, 101
Trd, 4319927.043, 100
Trd, 4319927.443, 100
Trd, 4319928.443, 97
Trd, 4319930.543, 99
Trd, 4319932.343, 99
Trd, 4319932.893, 100
Trd, 4319932.993, 100
Trd, 4319937.193, 99
Trd, 4319938.493, 95
Trd, 4319939.693, 96
Trd, 4319940.493, 97
Trd, 4319942.343, 96
Trd, 4319942.743, 96
Trd, 4319943.743, 95
Trd, 4319944.093, 94
Trd, 4319944.193, 93
Trd, 4319948.393, 93
Trd, 4319948.493, 94
Trd, 4319949.193, 93
Trd, 4319950.593, 94
Trd, 4319950.843, 94
Trd, 4319952.343, 95
Trd, 4319953.443, 94
Trd, 4319954.593, 94
Trd, 4319954.943, 95
Trd, 4319957.093, 97
Trd, 4319958.193, 97
Trd, 4319960.493, 100
Trd, 4319961.193, 99
Trd, 4319962.993, 99
Trd, 4319964.543, 98
Trd, 4319964.893, 100
Trd, 4319965.293, 100
Trd, 4319967.943, 86
Trd, 4319968.993, 94
Trd, 4319969.893, 94
Trd, 4319970.143, 94
Trd, 4319972.743, 94
Trd, 4319972.893, 95
Trd, 4319973.093, 86
Trd, 4319974.843, 95
Trd, 4319975.643, 101
Trd, 4319976.093, 101
Trd, 4319977.943, 100
Trd, 4319979.243, 99
Trd, 4319981.493, 103
Trd, 4319982.193, 102
Trd, 4319983.843, 103
Trd, 4319985.043, 102
Trd, 4319987.193, 103
Trd, 4319987.443, 102
Trd, 4319989.343, 102
Trd, 4319990.543, 102
Trd, 4319990.693, 101
Trd, 4319993.793, 100
Trd, 4319995.643, 101
Trd, 4319996.343, 101
Trd, 4319998.193, 101
Trd, 4319998.443, 100
