Trd, 4317913.293, 93
Trd, 4317915.943, 90
Trd, 4317916.343, 95
Trd, 4317917.393, 92
Trd, 4317918.043, 93
Trd, 4317918.543, 95
Trd, 4317918.593, 105
Trd, 4317921.993, 100
Trd, 4317923.543, 97
Trd, 4317924.093, 96
Trd, 4317925.043, 95
Trd, 4317926.793, 97
Trd, 4317927.293, 105
Trd, 4317930.193, 99
Trd, 4317930.843, 98
Trd, 4317932.693, 97
Trd, 4317933.593, 96
Trd, 4317933.693, 97
Trd, 4317936.693, 97
Trd, 4317936.993, 96
Trd, 4317937.893, 105
Trd, 4317940.643, 97
Trd, 4317942.293, 94
Trd, 4317942.643, 95
Trd, 4317943.243, 95
Trd, 4317943.643, 95
Trd, 4317943.793, 94
Trd, 4317946.493, 89
Trd, 4317948.193, 88
Trd, 4317948.293, 90
Trd, 4317948.793, 105
Trd, 4317951.193, 98
Trd, 4317951.243, 96
Trd, 4317953.093, 110
Trd, 4317955.243, 91
Trd, 4317957.393, 100
Trd, 4317957.893, 112
Trd, 4317962.693, 100
Trd, 4317964.993, 100
Trd, 4317965.143, 98
Trd, 4317965.843, 97
Trd, 4317965.993, 98
Trd, 4317966.043, 109
Trd, 4317967.543, 104
Trd, 4317969.393, 103
Trd, 4317970.393, 104
Trd, 4317971.343, 103
Trd, 4317971.543, 104
Trd, 4317972.793, 102
Trd, 4317975.143, 99
Trd, 4317975.243, 98
Trd, 4317976.143, 97
Trd, 4317977.593, 97
Trd, 4317977.693, 97
Trd, 4317978.543, 107
Trd, 4317978.743, 95
Trd, 4317983.043, 93
Trd, 4317983.343, 93
Trd, 4317983.493, 94
Trd, 4317983.643, 92
Trd, 4317986.293, 95
Trd, 4317987.993, 96
Trd, 4317989.593, 95
Trd, 4317991.143, 96
Trd, 4317991.343, 96
Trd, 4317992.143, 106
Trd, 4317993.893, 96
Trd, 4317994.393, 98
Trd, 4317996.893, 96
Trd, 4317998.243, 97
Trd, 4317998.943, 96
Trd, 4318002.043, 97
Trd, 4318002.343, 95
Trd, 4318004.693, 87
Trd, 4318006.093, 95
Trd, 4318006.193, 97
Trd, 4318006.393, 98
Trd, 4318008.143, 111
Trd, 4318009.543, 111
Trd, 4318010.293, 98
Trd, 4318012.443, 100
Trd, 4318012.793, 97
Trd, 4318014.543, 96
Trd, 4318015.193, 96
Trd, 4318015.893, 97
Trd, 4318018.093, 104
Trd, 4318019.243, 99
Trd, 4318019.543, 99
Trd, 4318021.193, 97
Trd, 4318021.993, 97
Trd, 4318022.593, 95
Trd, 4318022.943, 98
Trd, 4318025.793, 90
Trd, 4318026.093, 89
Trd, 4318028.893, 92
Trd, 4318029.643, 93
Trd, 4318030.693, 94
Trd, 4318031.843, 95
Trd, 4318032.543, 95
Trd, 4318033.993, 95
Trd, 4318034.593, 111
Trd, 4318037.993, 97
Trd, 4318038.043, 99
Trd, 4318038.393, 105
Trd, 4318039.443, 102
Trd, 4318041.643, 102
Trd, 4318042.543, 102
Trd, 4318044.293, 105
Trd, 4318045.293, 104
Trd, 4318045.793, 105
Trd, 4318048.343, 103
Trd, 4318050.043, 98
Trd, 4318050.193, 98
Trd, 4318051.043, 97
Trd, 4318052.643, 95
Trd, 4318054.193, 95
Trd, 4318055.143, 95
Trd, 4318056.293, 86
Trd, 4318056.793, 94
Trd, 4318059.643, 90
Trd, 4318059.943, 89
Trd, 4318059.993, 85
Trd, 4318060.943, 103
Trd, 4318062.493, 97
Trd, 4318067.093, 99
Trd, 4318067.693, 99
Trd, 4318067.993, 100
Trd, 4318068.443, 105
Trd, 4318068.893, 101
Trd, 4318070.693, 103
Trd, 4318073.593, 92
Trd, 4318074.393, 93
Trd, 4318074.693, 93
Trd, 4318074.943, 93
Trd, 4318075.743, 108
Trd, 4318076.243, 95
Trd, 4318077.343, 98
Trd, 4318080.643, 95
Trd, 4318081.543, 96
Trd, 4318081.843, 96
Trd, 4318083.093, 97
Trd, 4318084.493, 104
Trd, 4318086.343, 101
Trd, 4318086.593, 113
Trd, 4318087.443, 100
Trd, 4318090.343, 98
Trd, 4318090.693, 100
Trd, 4318091.893, 97
Trd, 4318092.443, 97
Trd, 4318093.393, 98
Trd, 4318095.443, 92
Trd, 4318095.543, 91
Trd, 4318096.393, 93
Trd, 4318097.443, 93
Trd, 4318098.943, 92
Trd, 4318099.093, 76
Trd, 4318100.893, 87
Trd, 4318101.293, 93
Trd, 4318103.943, 93
Trd, 4318104.293, 104
Trd, 4318106.243, 97
Trd, 4318106.893, 96
Trd, 4318106.993, 95
Trd, 4318107.143, 95
Trd, 4318107.493, 113
Trd, 4318108.693, 105
Trd, 4318109.893, 101
Trd, 4318110.543, 94
Trd, 4318111.393, 98
Trd, 4318116.993, 89
Trd, 4318118.493, 92
Trd, 4318118.593, 92
Trd, 4318118.943, 93
Trd, 4318119.843, 95
Trd, 4318120.143, 94
Trd, 4318120.193, 111
Trd, 4318123.693, 105
Trd, 4318125.993, 101
Trd, 4318126.743, 102
Trd, 4318127.243, 100
Trd, 4318128.443, 102
Trd, 4318128.543, 102
Trd, 4318130.543, 99
Trd, 4318130.643, 102
Trd, 4318131.843, 98
Trd, 4318132.843, 113
Trd, 4318135.243, 101
Trd, 4318135.593, 101
Trd, 4318136.493, 107
Trd, 4318138.193, 100
Trd, 4318138.543, 101
Trd, 4318139.693, 102
Trd, 4318140.243, 99
Trd, 4318140.493, 102
Trd, 4318142.143, 96
Trd, 4318142.493, 96
Trd, 4318143.493, 95
Trd, 4318144.243, 94
Trd, 4318147.843, 94
Trd, 4318148.143, 94
Trd, 4318148.993, 93
Trd, 4318149.743, 94
Trd, 4318150.343, 96
Trd, 4318150.943, 96
Trd, 4318153.393, 93
Trd, 4318153.793, 92
Trd, 4318156.193, 93
Trd, 4318156.843, 93
Trd, 4318158.543, 95
Trd, 4318159.343, 96
Trd, 4318160.393, 104
Trd, 4318161.243, 113
Trd, 4318163.593, 104
Trd, 4318164.793, 101
Trd, 4318166.643, 101
Trd, 4318167.343, 101
Trd, 4318167.993, 99
Trd, 4318168.943, 96
Trd, 4318171.493, 93
Trd, 4318172.393, 93
Trd, 4318173.093, 85
Trd, 4318174.993, 94
Trd, 4318175.643, 94
Trd, 4318175.943, 95
Trd, 4318176.843, 94
Trd, 4318178.193, 95
Trd, 4318178.593, 100
Trd, 4318182.443, 96
Trd, 4318182.693, 95
Trd, 4318183.593, 113
Trd, 4318186.443, 85
Trd, 4318186.743, 100
Trd, 4318187.993, 94
Trd, 4318189.493, 96
Trd, 4318190.843, 99
Trd, 4318191.743, 110
Trd, 4318192.343, 111
Trd, 4318193.943, 105
Trd, 4318195.393, 105
Trd, 4318197.343, 89
Trd, 4318198.043, 93
Trd, 4318199.243, 90
Trd, 4318201.093, 88
Trd, 4318202.293, 99
Trd, 4318203.093, 96
Trd, 4318204.843, 95
Trd, 4318205.543, 96
Trd, 4318205.943, 95
Trd, 4318207.343, 104
Trd, 4318208.993, 102
Trd, 4318210.443, 101
Trd, 4318210.843, 101
Trd, 4318211.043, 101
Trd, 4318214.043, 99
Trd, 4318214.093, 99
Trd, 4318214.593, 100
Trd, 4318215.643, 104
Trd, 4318216.393, 99
Trd, 4318216.693, 114
Trd, 4318218.943, 100
Trd, 4318219.493, 100
Trd, 4318220.143, 101
Trd, 4318220.743, 101
Trd, 4318223.793, 101
Trd, 4318224.593, 101
Trd, 4318225.293, 101
Trd, 4318225.793, 99
Trd, 4318228.143, 100
Trd, 4318229.343, 100
Trd, 4318229.893, 100
Trd, 4318229.993, 99
Trd, 4318230.493, 95
Trd, 4318230.993, 108
Trd, 4318232.943, 103
Trd, 4318233.143, 98
Trd, 4318234.943, 107
Trd, 4318236.693, 96
Trd, 4318236.793, 106
Trd, 4318238.193, 96
Trd, 4318239.943, 98
Trd, 4318240.043, 98
Trd, 4318241.893, 98
Trd, 4318243.743, 105
Trd, 4318244.943, 100
Trd, 4318246.443, 100
Trd, 4318246.593, 101
Trd, 4318247.543, 96
Trd, 4318248.943, 102
Trd, 4318251.193, 103
Trd, 4318253.193, 100
Trd, 4318253.843, 98
Trd, 4318254.093, 99
Trd, 4318255.443, 98
Trd, 4318256.343, 88
Trd, 4318257.143, 113
Trd, 4318257.493, 115
Trd, 4318258.793, 96
Trd, 4318260.643, 99
Trd, 4318262.743, 102
Trd, 4318264.293, 99
Trd, 4318264.393, 86
Trd, 4318264.843, 100
Trd, 4318266.443, 106
Trd, 4318269.093, 100
Trd, 4318269.443, 99
Trd, 4318270.043, 109
Trd, 4318270.843, 97
Trd, 4318271.743, 104
Trd, 4318271.943, 102
Trd, 4318273.593, 103
Trd, 4318275.643, 99
Trd, 4318275.943, 100
Trd, 4318276.393, 99
Trd, 4318278.793, 99
Trd, 4318279.593, 99
Trd, 4318279.843, 95
Trd, 4318281.393, 91
Trd, 4318281.943, 91
Trd, 4318285.093, 93
Trd, 4318285.843, 92
Trd, 4318286.143, 92
Trd, 4318286.843, 92
Trd, 4318287.993, 92
Trd, 4318289.643, 95
Trd, 4318290.643, 96
Trd, 4318290.743, 103
Trd, 4318292.343, 103
Trd, 4318294.393, 104
Trd, 4318295.443, 98
Trd, 4318296.943, 102
Trd, 4318297.393, 101
Trd, 4318299.043, 92
Trd, 4318300.093, 91
Trd, 4318300.343, 115
Trd, 4318302.143, 90
Trd, 4318303.693, 94
Trd, 4318306.093, 90
Trd, 4318307.093, 90
Trd, 4318307.343, 91
Trd, 4318307.843, 92
Trd, 4318308.043, 104
Trd, 4318308.943, 90
Trd, 4318310.893, 97
Trd, 4318311.993, 97
Trd, 4318312.643, 95
Trd, 4318313.243, 97
Trd, 4318314.543, 104
Trd, 4318315.843, 99
Trd, 4318317.293, 97
Trd, 4318317.793, 95
Trd, 4318319.893, 94
Trd, 4318321.343, 95
Trd, 4318322.643, 96
Trd, 4318322.693, 94
Trd, 4318322.943, 93
Trd, 4318323.043, 96
Trd, 4318325.193, 105
Trd, 4318327.293, 102
Trd, 4318328.043, 103
Trd, 4318328.743, 104
Trd, 4318331.443, 91
Trd, 4318332.343, 96
Trd, 4318332.493, 97
Trd, 4318333.893, 95
Trd, 4318334.943, 94
Trd, 4318335.543, 94
Trd, 4318335.593, 85
Trd, 4318335.793, 105
Trd, 4318338.393, 113
Trd, 4318340.693, 99
Trd, 4318341.193, 100
Trd, 4318341.493, 99
Trd, 4318342.343, 97
Trd, 4318343.043, 105
Trd, 4318343.643, 112
Trd, 4318346.293, 108
Trd, 4318346.743, 99
Trd, 4318348.793, 104
Trd, 4318349.443, 104
Trd, 4318350.293, 105
Trd, 4318351.043, 96
Trd, 4318354.043, 97
Trd, 4318354.393, 99
Trd, 4318356.543, 95
Trd, 4318357.293, 96
Trd, 4318357.793, 106
Trd, 4318359.343, 99
Trd, 4318360.193, 98
Trd, 4318360.443, 98
Trd, 4318361.393, 98
Trd, 4318362.343, 97
Trd, 4318362.893, 104
Trd, 4318365.793, 104
Trd, 4318366.393, 103
Trd, 4318366.543, 103
Trd, 4318366.743, 109
Trd, 4318369.943, 92
Trd, 4318370.793, 107
Trd, 4318372.643, 100
Trd, 4318373.193, 100
Trd, 4318374.843, 97
Trd, 4318375.443, 97
Trd, 4318376.393, 95
Trd, 4318377.793, 95
Trd, 4318378.843, 108
Trd, 4318380.543, 95
Trd, 4318380.643, 99
Trd, 4318381.493, 100
Trd, 4318381.643, 100
Trd, 4318383.543, 103
Trd, 4318383.843, 112
Trd, 4318384.293, 97
Trd, 4318385.993, 104
Trd, 4318387.443, 95
Trd, 4318390.793, 89
Trd, 4318391.043, 92
Trd, 4318391.743, 89
Trd, 4318392.343, 95
Trd, 4318393.943, 99
Trd, 4318395.393, 110
Trd, 4318396.693, 95
Trd, 4318398.343, 90
Trd, 4318398.443, 90
Trd, 4318398.743, 89
Trd, 4318400.443, 90
Trd, 4318401.493, 93
Trd, 4318403.443, 95
Trd, 4318404.143, 93
Trd, 4318404.993, 102
Trd, 4318405.443, 103
Trd, 4318408.043, 97
Trd, 4318408.243, 96
Trd, 4318409.993, 88
Trd, 4318411.543, 95
Trd, 4318412.393, 92
Trd, 4318413.343, 90
Trd, 4318414.293, 90
Trd, 4318414.493, 90
Trd, 4318416.893, 95
Trd, 4318417.093, 94
Trd, 4318418.493, 107
Trd, 4318419.543, 94
Trd, 4318419.743, 112
Trd, 4318420.993, 109
Trd, 4318424.143, 108
Trd, 4318424.493, 101
Trd, 4318425.443, 106
Trd, 4318429.193, 98
Trd, 4318429.293, 99
Trd, 4318430.293, 95
Trd, 4318431.543, 87
Trd, 4318432.493, 90
Trd, 4318432.943, 91
Trd, 4318433.093, 92
Trd, 4318434.843, 94
Trd, 4318435.693, 95
Trd, 4318437.793, 95
Trd, 4318438.193, 104
Trd, 4318440.193, 98
Trd, 4318440.693, 99
Trd, 4318443.143, 99
Trd, 4318443.893, 106
Trd, 4318444.143, 113
Trd, 4318445.043, 99
Trd, 4318445.743, 103
Trd, 4318447.543, 98
Trd, 4318448.193, 104
Trd, 4318450.293, 101
Trd, 4318451.543, 99
Trd, 4318452.043, 98
Trd, 4318454.643, 99
Trd, 4318454.893, 100
Trd, 4318456.193, 89
Trd, 4318459.393, 96
Trd, 4318459.643, 95
Trd, 4318460.593, 96
Trd, 4318461.493, 92
Trd, 4318462.193, 101
Trd, 4318465.493, 99
Trd, 4318465.993, 98
Trd, 4318466.093, 99
Trd, 4318466.193, 99
Trd, 4318466.443, 104
Trd, 4318468.393, 112
Trd, 4318470.043, 98
Trd, 4318470.543, 99
Trd, 4318471.843, 101
Trd, 4318472.293, 86
Trd, 4318475.043, 101
Trd, 4318477.843, 95
Trd, 4318479.843, 98
Trd, 4318480.043, 106
Trd, 4318480.843, 102
Trd, 4318482.343, 103
Trd, 4318482.693, 104
Trd, 4318483.893, 113
Trd, 4318484.493, 106
Trd, 4318485.643, 108
Trd, 4318486.343, 105
Trd, 4318486.493, 104
Trd, 4318487.893, 107
Trd, 4318489.043, 107
Trd, 4318490.643, 103
Trd, 4318491.143, 86
Trd, 4318491.593, 107
Trd, 4318494.543, 114
Trd, 4318494.993, 113
Trd, 4318496.743, 105
Trd, 4318498.293, 105
Trd, 4318499.543, 104
Trd, 4318501.143, 103
Trd, 4318501.743, 102
Trd, 4318502.393, 103
Trd, 4318502.893, 101
Trd, 4318503.393, 96
Trd, 4318507.293, 100
Trd, 4318508.543, 99
Trd, 4318508.743, 95
Trd, 4318509.243, 100
Trd, 4318510.543, 98
Trd, 4318511.593, 98
Trd, 4318512.043, 100
Trd, 4318513.693, 99
Trd, 4318514.043, 99
Trd, 4318519.043, 100
Trd, 4318519.443, 100
Trd, 4318520.043, 99
Trd, 4318521.543, 99
Trd, 4318521.643, 100
Trd, 4318521.743, 110
Trd, 4318523.993, 99
Trd, 4318524.393, 98
Trd, 4318525.593, 98
Trd, 4318526.543, 98
Trd, 4318527.943, 97
Trd, 4318529.193, 98
Trd, 4318529.343, 96
Trd, 4318529.843, 105
Trd, 4318532.093, 104
Trd, 4318532.993, 102
Trd, 4318534.043, 104
Trd, 4318534.943, 106
Trd, 4318535.943, 104
Trd, 4318538.893, 104
Trd, 4318539.993, 103
Trd, 4318540.143, 104
Trd, 4318540.493, 102
Trd, 4318542.643, 103
Trd, 4318542.893, 102
Trd, 4318544.943, 111
Trd, 4318546.793, 104
Trd, 4318547.043, 104
Trd, 4318547.343, 104
Trd, 4318549.893, 113
Trd, 4318550.993, 106
Trd, 4318551.693, 110
Trd, 4318552.543, 105
Trd, 4318552.793, 104
Trd, 4318553.543, 105
Trd, 4318554.443, 85
Trd, 4318556.993, 99
Trd, 4318557.343, 100
Trd, 4318559.843, 100
Trd, 4318560.893, 101
Trd, 4318560.993, 98
Trd, 4318562.293, 98
Trd, 4318565.393, 87
Trd, 4318565.893, 97
Trd, 4318567.993, 94
Trd, 4318568.993, 95
Trd, 4318570.493, 95
Trd, 4318571.543, 96
Trd, 4318571.643, 96
Trd, 4318571.943, 113
Trd, 4318572.043, 95
Trd, 4318575.043, 102
Trd, 4318576.943, 102
Trd, 4318577.593, 104
Trd, 4318578.443, 101
Trd, 4318578.943, 106
Trd, 4318579.693, 112
Trd, 4318582.543, 100
Trd, 4318583.993, 99
Trd, 4318584.893, 98
Trd, 4318585.093, 97
Trd, 4318585.193, 95
Trd, 4318586.793, 110
Trd, 4318587.243, 88
Trd, 4318589.293, 93
Trd, 4318590.743, 94
Trd, 4318591.243, 95
Trd, 4318592.793, 96
Trd, 4318593.093, 87
Trd, 4318593.343, 104
Trd, 4318595.143, 97
Trd, 4318597.093, 97
Trd, 4318597.493, 98
Trd, 4318598.793, 95
Trd, 4318599.943, 98
Trd, 4318601.143, 98
Trd, 4318601.443, 96
Trd, 4318601.893, 104
Trd, 4318603.093, 99
Trd, 4318604.743, 97
Trd, 4318606.193, 96
Trd, 4318606.443, 95
Trd, 4318607.743, 97
Trd, 4318611.093, 99
Trd, 4318611.193, 100
Trd, 4318611.643, 99
Trd, 4318613.093, 100
Trd, 4318613.793, 101
Trd, 4318615.193, 101
Trd, 4318615.293, 99
Trd, 4318616.443, 101
Trd, 4318617.793, 112
Trd, 4318620.343, 103
Trd, 4318621.043, 102
Trd, 4318621.143, 103
Trd, 4318623.543, 96
Trd, 4318625.793, 103
Trd, 4318627.293, 101
Trd, 4318627.943, 100
Trd, 4318631.043, 88
Trd, 4318631.843, 95
Trd, 4318632.093, 96
Trd, 4318634.243, 96
Trd, 4318634.293, 96
Trd, 4318635.443, 113
Trd, 4318636.243, 104
Trd, 4318636.643, 95
Trd, 4318637.743, 104
Trd, 4318638.793, 104
Trd, 4318641.693, 106
Trd, 4318642.343, 104
Trd, 4318642.643, 91
Trd, 4318644.593, 101
Trd, 4318644.993, 102
Trd, 4318645.493, 99
Trd, 4318647.993, 97
Trd, 4318649.093, 95
Trd, 4318650.343, 94
Trd, 4318651.243, 97
Trd, 4318653.393, 98
Trd, 4318654.743, 95
Trd, 4318655.843, 94
Trd, 4318656.893, 91
Trd, 4318657.843, 93
Trd, 4318658.993, 93
Trd, 4318659.943, 93
Trd, 4318660.743, 94
Trd, 4318662.393, 94
Trd, 4318662.693, 94
Trd, 4318662.993, 95
Trd, 4318665.443, 96
Trd, 4318667.493, 96
Trd, 4318668.343, 106
Trd, 4318668.493, 111
Trd, 4318671.443, 96
Trd, 4318672.493, 97
Trd, 4318673.443, 96
Trd, 4318673.693, 97
Trd, 4318673.893, 95
Trd, 4318674.243, 113
Trd, 4318675.493, 105
Trd, 4318677.493, 101
Trd, 4318678.343, 114
Trd, 4318679.943, 99
Trd, 4318682.543, 98
Trd, 4318683.843, 98
Trd, 4318683.993, 113
Trd, 4318684.543, 96
Trd, 4318687.143, 91
Trd, 4318687.393, 92
Trd, 4318688.243, 113
Trd, 4318689.093, 107
Trd, 4318690.243, 98
Trd, 4318692.093, 97
Trd, 4318692.193, 98
Trd, 4318692.793, 91
Trd, 4318695.643, 95
Trd, 4318697.143, 93
Trd, 4318697.193, 93
Trd, 4318698.193, 93
Trd, 4318699.143, 93
Trd, 4318699.343, 94
Trd, 4318701.043, 95
Trd, 4318702.543, 91
Trd, 4318702.893, 86
Trd, 4318705.993, 93
Trd, 4318706.243, 94
Trd, 4318708.143, 93
Trd, 4318709.293, 70
Trd, 4318710.743, 80
Trd, 4318710.993, 79
Trd, 4318712.293, 105
Trd, 4318713.993, 84
Trd, 4318714.143, 88
Trd, 4318714.793, 95
Trd, 4318716.243, 91
Trd, 4318716.893, 92
Trd, 4318718.293, 95
Trd, 4318719.293, 100
Trd, 4318720.843, 95
Trd, 4318720.943, 100
Trd, 4318724.143, 101
Trd, 4318724.243, 106
Trd, 4318725.343, 101
Trd, 4318726.693, 102
Trd, 4318727.043, 101
Trd, 4318727.743, 101
Trd, 4318728.093, 102
Trd, 4318729.743, 104
Trd, 4318729.893, 113
Trd, 4318731.993, 113
Trd, 4318733.393, 114
Trd, 4318733.843, 106
Trd, 4318736.543, 107
Trd, 4318736.943, 106
Trd, 4318737.893, 106
Trd, 4318738.093, 105
Trd, 4318738.343, 107
Trd, 4318741.643, 108
Trd, 4318742.093, 94
Trd, 4318743.993, 105
Trd, 4318745.293, 108
Trd, 4318747.093, 104
Trd, 4318747.243, 106
Trd, 4318747.293, 107
Trd, 4318748.543, 95
Trd, 4318750.293, 97
Trd, 4318751.843, 102
Trd, 4318752.143, 89
Trd, 4318753.593, 98
Trd, 4318753.993, 96
Trd, 4318756.893, 94
Trd, 4318757.643, 94
Trd, 4318758.093, 95
Trd, 4318759.443, 99
Trd, 4318761.493, 95
Trd, 4318762.043, 96
Trd, 4318763.243, 87
Trd, 4318764.243, 106
Trd, 4318766.693, 105
Trd, 4318767.293, 99
Trd, 4318767.893, 100
Trd, 4318768.893, 99
Trd, 4318769.093, 98
Trd, 4318771.643, 90
Trd, 4318771.793, 94
Trd, 4318772.993, 93
Trd, 4318773.143, 91
Trd, 4318775.343, 94
Trd, 4318775.893, 94
Trd, 4318776.743, 95
Trd, 4318778.043, 94
Trd, 4318779.443, 91
Trd, 4318779.493, 93
Trd, 4318780.143, 93
Trd, 4318782.193, 95
Trd, 4318782.893, 99
Trd, 4318784.493, 113
Trd, 4318785.793, 108
Trd, 4318787.443, 105
Trd, 4318788.393, 105
Trd, 4318789.243, 105
Trd, 4318789.593, 104
Trd, 4318789.943, 107
Trd, 4318790.693, 104
Trd, 4318792.643, 104
Trd, 4318793.893, 109
Trd, 4318793.993, 110
Trd, 4318794.243, 104
Trd, 4318798.443, 98
Trd, 4318799.893, 88
Trd, 4318801.243, 94
Trd, 4318801.943, 95
Trd, 4318803.143, 96
Trd, 4318805.093, 95
Trd, 4318806.893, 84
Trd, 4318807.693, 84
Trd, 4318807.793, 86
Trd, 4318809.743, 89
Trd, 4318811.043, 95
Trd, 4318811.693, 89
Trd, 4318812.093, 95
Trd, 4318814.343, 94
Trd, 4318814.743, 96
Trd, 4318816.393, 104
Trd, 4318817.743, 95
Trd, 4318817.893, 105
Trd, 4318819.993, 102
Trd, 4318820.543, 100
Trd, 4318821.993, 102
Trd, 4318822.343, 103
Trd, 4318822.643, 100
Trd, 4318825.493, 104
Trd, 4318825.543, 110
Trd, 4318826.943, 105
Trd, 4318827.043, 104
Trd, 4318828.493, 104
Trd, 4318829.943, 104
Trd, 4318830.143, 106
Trd, 4318831.893, 104
Trd, 4318832.543, 102
Trd, 4318834.293, 98
Trd, 4318835.343, 100
Trd, 4318835.843, 98
Trd, 4318837.043, 98
Trd, 4318837.193, 99
Trd, 4318838.843, 100
Trd, 4318839.843, 95
Trd, 4318840.543, 99
Trd, 4318840.893, 99
Trd, 4318841.943, 96
Trd, 4318843.093, 97
Trd, 4318846.043, 95
Trd, 4318846.193, 96
Trd, 4318846.293, 98
Trd, 4318848.793, 98
Trd, 4318849.343, 95
Trd, 4318850.293, 99
Trd, 4318852.943, 98
Trd, 4318853.843, 97
Trd, 4318854.343, 98
Trd, 4318854.743, 95
Trd, 4318854.843, 98
Trd, 4318858.143, 99
Trd, 4318860.043, 99
Trd, 4318860.893, 98
Trd, 4318861.143, 97
Trd, 4318861.343, 99
Trd, 4318864.393, 113
Trd, 4318864.543, 112
Trd, 4318866.493, 110
Trd, 4318868.193, 106
Trd, 4318869.543, 86
Trd, 4318870.243, 100
Trd, 4318871.243, 93
Trd, 4318872.093, 87
Trd, 4318873.443, 94
Trd, 4318875.943, 94
Trd, 4318877.143, 88
Trd, 4318878.843, 94
Trd, 4318879.643, 107
Trd, 4318880.243, 99
Trd, 4318880.493, 108
Trd, 4318882.243, 96
Trd, 4318884.343, 96
Trd, 4318884.993, 96
Trd, 4318888.643, 99
Trd, 4318889.293, 99
Trd, 4318889.593, 103
Trd, 4318889.793, 98
Trd, 4318891.243, 98
Trd, 4318892.643, 97
Trd, 4318894.893, 99
Trd, 4318896.243, 102
Trd, 4318897.793, 98
Trd, 4318899.043, 99
Trd, 4318899.443, 98
Trd, 4318901.043, 85
Trd, 4318902.843, 86
Trd, 4318903.043, 88
Trd, 4318904.293, 87
Trd, 4318906.393, 92
Trd, 4318907.593, 94
Trd, 4318907.843, 94
Trd, 4318908.393, 95
Trd, 4318909.893, 94
Trd, 4318911.843, 94
Trd, 4318912.193, 94
Trd, 4318914.543, 93
Trd, 4318914.943, 95
Trd, 4318915.043, 110
Trd, 4318916.143, 114
Trd, 4318917.793, 104
Trd, 4318918.743, 103
Trd, 4318919.443, 106
Trd, 4318919.893, 120
Trd, 4318922.343, 95
Trd, 4318923.793, 97
Trd, 4318924.643, 94
Trd, 4318926.293, 89
Trd, 4318926.843, 90
Trd, 4318926.943, 90
Trd, 4318927.793, 95
Trd, 4318929.793, 96
Trd, 4318930.993, 97
Trd, 4318931.343, 105
Trd, 4318932.493, 97
Trd, 4318932.893, 110
Trd, 4318937.293, 99
Trd, 4318937.493, 100
Trd, 4318938.943, 99
Trd, 4318939.643, 96
Trd, 4318941.193, 93
Trd, 4318942.443, 91
Trd, 4318942.893, 95
Trd, 4318943.593, 91
Trd, 4318944.643, 92
Trd, 4318945.493, 92
Trd, 4318947.043, 95
Trd, 4318947.893, 93
Trd, 4318948.193, 107
Trd, 4318949.643, 86
Trd, 4318951.793, 100
Trd, 4318952.493, 104
Trd, 4318954.893, 103
Trd, 4318954.993, 102
Trd, 4318955.693, 104
Trd, 4318956.393, 99
Trd, 4318959.293, 104
Trd, 4318960.293, 103
Trd, 4318962.593, 104
Trd, 4318963.443, 102
Trd, 4318963.793, 100
Trd, 4318964.143, 104
Trd, 4318964.643, 100
Trd, 4318966.393, 101
Trd, 4318967.093, 101
Trd, 4318967.793, 99
Trd, 4318969.493, 101
Trd, 4318971.543, 101
Trd, 4318972.093, 99
Trd, 4318973.393, 100
Trd, 4318975.043, 97
Trd, 4318976.243, 95
Trd, 4318977.893, 95
Trd, 4318978.343, 108
Trd, 4318979.743, 93
Trd, 4318984.293, 96
Trd, 4318984.843, 95
Trd, 4318984.893, 96
Trd, 4318986.393, 96
Trd, 4318986.793, 107
Trd, 4318987.943, 95
Trd, 4318989.543, 95
Trd, 4318990.843, 96
Trd, 4318991.593, 112
Trd, 4318993.743, 106
Trd, 4318995.343, 102
Trd, 4318995.793, 102
Trd, 4318996.643, 102
Trd, 4318996.793, 101
Trd, 4318999.243, 101
Trd, 4318999.593, 100
Trd, 4318999.693, 107
Trd, 4319001.643, 108
Trd, 4319002.543, 86
Trd, 4319004.693, 110
Trd, 4319006.643, 105
Trd, 4319007.743, 103
Trd, 4319008.343, 104
Trd, 4319010.043, 103
Trd, 4319012.093, 104
Trd, 4319012.593, 103
Trd, 4319013.043, 103
Trd, 4319015.093, 112
Trd, 4319015.643, 107
Trd, 4319016.843, 104
Trd, 4319017.093, 107
Trd, 4319018.293, 104
Trd, 4319019.243, 107
Trd, 4319021.543, 103
Trd, 4319022.293, 105
Trd, 4319024.443, 95
Trd, 4319024.893, 98
Trd, 4319025.843, 90
Trd, 4319027.193, 96
Trd, 4319028.693, 96
Trd, 4319029.843, 96
Trd, 4319030.743, 95
Trd, 4319031.143, 96
Trd, 4319032.693, 96
Trd, 4319033.343, 103
Trd, 4319035.743, 97
Trd, 4319036.293, 96
Trd, 4319038.293, 96
Trd, 4319038.943, 98
Trd, 4319040.143, 97
Trd, 4319040.943, 95
Trd, 4319041.793, 100
Trd, 4319041.993, 106
Trd, 4319043.493, 102
Trd, 4319044.593, 107
Trd, 4319046.343, 102
Trd, 4319046.693, 103
Trd, 4319046.993, 105
Trd, 4319048.643, 103
Trd, 4319049.443, 105
Trd, 4319049.593, 87
Trd, 4319049.993, 113
Trd, 4319051.543, 96
Trd, 4319052.343, 95
Trd, 4319055.593, 93
Trd, 4319056.043, 90
Trd, 4319057.993, 92
Trd, 4319059.293, 92
Trd, 4319059.343, 90
Trd, 4319059.543, 95
Trd, 4319062.543, 95
Trd, 4319063.093, 104
Trd, 4319064.793, 98
Trd, 4319066.943, 93
Trd, 4319066.993, 92
Trd, 4319068.243, 92
Trd, 4319068.993, 91
Trd, 4319071.593, 92
Trd, 4319072.393, 94
Trd, 4319072.443, 90
Trd, 4319072.643, 95
Trd, 4319073.543, 95
Trd, 4319076.343, 91
Trd, 4319076.743, 111
Trd, 4319079.893, 96
Trd, 4319080.043, 96
Trd, 4319081.243, 97
Trd, 4319081.893, 95
Trd, 4319083.343, 96
Trd, 4319083.693, 95
Trd, 4319084.143, 104
Trd, 4319084.443, 98
Trd, 4319086.393, 93
Trd, 4319088.743, 89
Trd, 4319089.493, 104
Trd, 4319090.693, 86
Trd, 4319091.843, 89
Trd, 4319092.693, 89
Trd, 4319093.843, 89
Trd, 4319094.243, 88
Trd, 4319096.993, 86
Trd, 4319097.243, 87
Trd, 4319097.493, 88
Trd, 4319098.093, 95
Trd, 4319100.243, 94
Trd, 4319102.943, 93
Trd, 4319103.643, 90
Trd, 4319104.243, 91
Trd, 4319106.493, 94
Trd, 4319106.643, 95
Trd, 4319109.243, 104
Trd, 4319110.293, 92
Trd, 4319111.493, 100
Trd, 4319112.693, 99
Trd, 4319113.743, 99
Trd, 4319113.943, 103
Trd, 4319115.593, 101
Trd, 4319119.093, 98
Trd, 4319119.943, 97
Trd, 4319122.043, 96
Trd, 4319122.593, 95
Trd, 4319123.543, 95
Trd, 4319124.793, 95
Trd, 4319125.693, 96
Trd, 4319127.943, 98
Trd, 4319128.743, 105
Trd, 4319129.243, 107
Trd, 4319131.493, 101
Trd, 4319132.043, 99
Trd, 4319133.743, 96
Trd, 4319135.643, 94
Trd, 4319135.993, 93
Trd, 4319136.743, 95
Trd, 4319137.443, 106
Trd, 4319137.493, 94
Trd, 4319139.943, 102
Trd, 4319140.593, 102
Trd, 4319141.443, 95
Trd, 4319144.343, 94
Trd, 4319145.693, 95
Trd, 4319146.493, 106
Trd, 4319147.243, 89
Trd, 4319151.343, 95
Trd, 4319151.543, 95
Trd, 4319152.043, 94
Trd, 4319152.443, 93
Trd, 4319153.743, 91
Trd, 4319154.443, 88
Trd, 4319155.043, 85
Trd, 4319155.443, 89
Trd, 4319157.043, 96
Trd, 4319159.493, 89
Trd, 4319161.093, 89
Trd, 4319162.493, 85
Trd, 4319163.393, 84
Trd, 4319163.443, 88
Trd, 4319163.793, 96
Trd, 4319165.093, 106
Trd, 4319166.893, 99
Trd, 4319169.643, 95
Trd, 4319170.293, 96
Trd, 4319170.593, 95
Trd, 4319171.993, 94
Trd, 4319173.143, 95
Trd, 4319174.093, 87
Trd, 4319174.993, 93
Trd, 4319175.543, 114
Trd, 4319177.643, 92
Trd, 4319179.343, 95
Trd, 4319180.093, 93
Trd, 4319181.043, 93
Trd, 4319181.643, 93
Trd, 4319182.443, 94
Trd, 4319185.493, 95
Trd, 4319186.743, 112
Trd, 4319186.893, 96
Trd, 4319187.643, 104
Trd, 4319190.443, 102
Trd, 4319190.793, 103
Trd, 4319190.993, 112
Trd, 4319192.343, 101
Trd, 4319193.693, 105
Trd, 4319194.143, 100
Trd, 4319195.593, 96
Trd, 4319195.743, 95
Trd, 4319195.943, 86
Trd, 4319195.993, 107
Trd, 4319198.393, 80
Trd, 4319200.293, 86
Trd, 4319200.743, 79
Trd, 4319200.893, 86
Trd, 4319201.843, 104
Trd, 4319205.493, 91
Trd, 4319205.943, 92
Trd, 4319205.993, 92
Trd, 4319206.093, 84
Trd, 4319206.243, 95
Trd, 4319207.193, 104
Trd, 4319210.293, 98
Trd, 4319210.943, 97
Trd, 4319211.393, 95
Trd, 4319215.093, 92
Trd, 4319215.243, 96
Trd, 4319216.693, 109
Trd, 4319218.343, 106
Trd, 4319218.743, 102
Trd, 4319219.143, 113
Trd, 4319220.593, 102
Trd, 4319222.543, 105
Trd, 4319222.793, 105
Trd, 4319224.793, 105
Trd, 4319225.693, 107
Trd, 4319227.193, 112
Trd, 4319228.243, 109
Trd, 4319229.943, 108
Trd, 4319231.743, 105
Trd, 4319234.243, 101
Trd, 4319234.643, 101
Trd, 4319234.793, 95
Trd, 4319235.193, 102
Trd, 4319236.043, 101
Trd, 4319236.093, 103
Trd, 4319238.093, 95
Trd, 4319238.993, 98
Trd, 4319239.343, 89
Trd, 4319241.693, 96
Trd, 4319242.593, 96
Trd, 4319245.443, 95
Trd, 4319245.743, 94
Trd, 4319246.693, 95
Trd, 4319246.893, 96
Trd, 4319246.943, 101
Trd, 4319250.793, 96
Trd, 4319251.293, 97
Trd, 4319251.593, 96
Trd, 4319253.893, 95
Trd, 4319254.393, 100
Trd, 4319254.493, 106
Trd, 4319256.693, 87
Trd, 4319257.643, 89
Trd, 4319258.193, 89
Trd, 4319258.793, 90
Trd, 4319259.843, 90
Trd, 4319259.993, 92
Trd, 4319260.493, 95
Trd, 4319262.893, 76
Trd, 4319265.493, 94
Trd, 4319265.843, 93
Trd, 4319266.443, 95
Trd, 4319266.493, 105
Trd, 4319268.643, 96
Trd, 4319269.143, 95
Trd, 4319269.343, 97
Trd, 4319270.793, 102
Trd, 4319271.093, 104
Trd, 4319271.943, 103
Trd, 4319272.443, 111
Trd, 4319273.943, 104
Trd, 4319275.943, 109
Trd, 4319278.393, 104
Trd, 4319278.893, 105
Trd, 4319280.043, 108
Trd, 4319281.343, 104
Trd, 4319281.493, 103
Trd, 4319282.693, 87
Trd, 4319284.043, 85
Trd, 4319284.093, 101
Trd, 4319285.293, 104
Trd, 4319288.493, 100
Trd, 4319290.493, 100
Trd, 4319291.543, 98
Trd, 4319292.343, 99
Trd, 4319293.143, 99
Trd, 4319293.193, 104
Trd, 4319294.443, 102
Trd, 4319294.643, 102
Trd, 4319296.593, 103
Trd, 4319298.943, 101
Trd, 4319299.743, 100
Trd, 4319300.743, 97
Trd, 4319301.743, 96
Trd, 4319304.043, 95
Trd, 4319304.143, 85
Trd, 4319304.843, 93
Trd, 4319306.693, 92
Trd, 4319308.393, 96
Trd, 4319311.443, 95
Trd, 4319311.943, 95
Trd, 4319311.993, 94
Trd, 4319312.443, 96
Trd, 4319312.943, 106
Trd, 4319314.243, 100
Trd, 4319315.993, 110
Trd, 4319317.343, 103
Trd, 4319317.543, 107
Trd, 4319317.843, 95
Trd, 4319319.643, 104
Trd, 4319320.643, 98
Trd, 4319321.743, 97
Trd, 4319323.043, 107
Trd, 4319325.693, 99
Trd, 4319325.943, 98
Trd, 4319327.443, 96
Trd, 4319328.243, 97
Trd, 4319328.293, 96
Trd, 4319328.743, 98
Trd, 4319330.543, 104
Trd, 4319331.793, 85
Trd, 4319332.643, 99
Trd, 4319332.743, 78
Trd, 4319335.443, 90
Trd, 4319335.643, 94
Trd, 4319337.143, 97
Trd, 4319337.593, 96
Trd, 4319340.443, 95
Trd, 4319342.243, 95
Trd, 4319342.493, 95
Trd, 4319342.643, 103
Trd, 4319344.493, 113
Trd, 4319346.843, 87
Trd, 4319349.793, 94
Trd, 4319350.093, 95
Trd, 4319351.093, 94
Trd, 4319351.693, 95
Trd, 4319352.593, 87
Trd, 4319353.093, 92
Trd, 4319354.093, 95
Trd, 4319356.143, 85
Trd, 4319357.943, 89
Trd, 4319358.693, 88
Trd, 4319359.443, 95
Trd, 4319360.943, 104
Trd, 4319361.743, 100
Trd, 4319362.393, 100
Trd, 4319363.643, 100
Trd, 4319364.393, 101
Trd, 4319365.043, 86
Trd, 4319366.243, 100
Trd, 4319366.693, 99
Trd, 4319368.943, 111
Trd, 4319369.493, 113
Trd, 4319371.493, 106
Trd, 4319373.743, 105
Trd, 4319373.893, 104
Trd, 4319374.543, 106
Trd, 4319374.743, 86
Trd, 4319376.043, 108
Trd, 4319376.143, 109
Trd, 4319380.843, 106
Trd, 4319381.693, 103
Trd, 4319382.143, 106
Trd, 4319383.043, 104
Trd, 4319383.443, 104
Trd, 4319384.843, 102
Trd, 4319386.093, 103
Trd, 4319386.843, 102
Trd, 4319388.593, 90
Trd, 4319388.843, 96
Trd, 4319388.993, 114
Trd, 4319389.243, 107
Trd, 4319392.643, 101
Trd, 4319393.243, 97
Trd, 4319394.293, 101
Trd, 4319395.243, 89
Trd, 4319395.693, 96
Trd, 4319395.943, 98
Trd, 4319397.643, 107
Trd, 4319401.093, 93
Trd, 4319402.343, 94
Trd, 4319403.143, 93
Trd, 4319403.493, 95
Trd, 4319403.643, 92
Trd, 4319406.343, 96
Trd, 4319408.343, 91
Trd, 4319409.143, 93
Trd, 4319409.593, 92
Trd, 4319409.943, 93
Trd, 4319411.743, 95
Trd, 4319412.693, 94
Trd, 4319413.243, 94
Trd, 4319415.893, 100
Trd, 4319417.543, 95
Trd, 4319418.143, 95
Trd, 4319420.293, 89
Trd, 4319420.943, 89
Trd, 4319421.193, 90
Trd, 4319422.943, 90
Trd, 4319423.993, 89
Trd, 4319427.243, 96
Trd, 4319427.643, 105
Trd, 4319428.593, 99
Trd, 4319428.893, 98
Trd, 4319430.343, 103
Trd, 4319431.593, 97
Trd, 4319433.493, 96
Trd, 4319434.593, 93
Trd, 4319435.043, 93
Trd, 4319435.493, 95
Trd, 4319437.193, 96
Trd, 4319437.793, 97
Trd, 4319439.943, 99
Trd, 4319440.093, 97
Trd, 4319441.843, 102
Trd, 4319443.943, 97
Trd, 4319444.843, 99
Trd, 4319445.993, 98
Trd, 4319446.593, 97
Trd, 4319446.643, 96
Trd, 4319447.943, 112
Trd, 4319449.693, 103
Trd, 4319450.093, 102
Trd, 4319450.743, 100
Trd, 4319452.343, 99
Trd, 4319453.593, 96
Trd, 4319455.193, 96
Trd, 4319455.543, 97
Trd, 4319456.143, 95
Trd, 4319456.193, 99
Trd, 4319459.893, 92
Trd, 4319460.093, 92
Trd, 4319460.293, 92
Trd, 4319460.443, 90
Trd, 4319462.343, 95
Trd, 4319463.543, 105
Trd, 4319466.943, 95
Trd, 4319467.393, 96
Trd, 4319468.993, 97
Trd, 4319469.693, 95
Trd, 4319471.093, 106
Trd, 4319471.443, 85
Trd, 4319471.643, 101
Trd, 4319474.293, 105
Trd, 4319478.943, 99
Trd, 4319480.093, 103
Trd, 4319480.393, 102
Trd, 4319481.793, 100
Trd, 4319482.293, 99
Trd, 4319482.693, 108
Trd, 4319484.243, 105
Trd, 4319486.093, 100
Trd, 4319487.993, 100
Trd, 4319488.193, 101
Trd, 4319489.143, 101
Trd, 4319490.543, 101
Trd, 4319492.393, 102
Trd, 4319493.143, 102
Trd, 4319494.643, 100
Trd, 4319494.993, 101
Trd, 4319497.043, 93
Trd, 4319498.293, 90
Trd, 4319498.893, 87
Trd, 4319499.443, 91
Trd, 4319500.893, 99
Trd, 4319503.943, 95
Trd, 4319504.443, 97
Trd, 4319504.943, 95
Trd, 4319506.493, 95
Trd, 4319507.393, 96
Trd, 4319507.643, 84
Trd, 4319508.493, 104
Trd, 4319511.843, 96
Trd, 4319511.993, 94
Trd, 4319513.743, 95
Trd, 4319513.793, 94
Trd, 4319515.443, 95
Trd, 4319515.493, 96
Trd, 4319518.543, 98
Trd, 4319519.643, 106
Trd, 4319519.843, 113
Trd, 4319521.193, 95
Trd, 4319522.093, 94
Trd, 4319523.643, 85
Trd, 4319525.193, 93
Trd, 4319525.693, 94
Trd, 4319526.893, 92
Trd, 4319526.993, 91
Trd, 4319527.693, 95
Trd, 4319529.593, 97
Trd, 4319530.993, 98
Trd, 4319531.493, 98
Trd, 4319532.593, 101
Trd, 4319533.893, 97
Trd, 4319534.193, 96
Trd, 4319535.393, 95
Trd, 4319536.593, 96
Trd, 4319537.493, 98
Trd, 4319538.193, 88
Trd, 4319538.343, 99
Trd, 4319539.743, 95
Trd, 4319542.343, 95
Trd, 4319542.743, 95
Trd, 4319543.793, 96
Trd, 4319544.143, 96
Trd, 4319545.093, 95
Trd, 4319547.143, 94
Trd, 4319547.443, 94
Trd, 4319548.593, 95
Trd, 4319549.193, 93
Trd, 4319551.193, 100
Trd, 4319553.093, 94
Trd, 4319554.443, 94
Trd, 4319554.743, 95
Trd, 4319556.643, 98
Trd, 4319557.643, 97
Trd, 4319560.843, 95
Trd, 4319561.543, 94
Trd, 4319562.293, 95
Trd, 4319562.793, 93
Trd, 4319563.743, 105
Trd, 4319565.843, 96
Trd, 4319565.943, 95
Trd, 4319566.143, 103
Trd, 4319566.693, 96
Trd, 4319568.293, 100
Trd, 4319570.243, 101
Trd, 4319570.793, 100
Trd, 4319571.493, 101
Trd, 4319573.843, 89
Trd, 4319574.393, 89
Trd, 4319574.743, 85
Trd, 4319575.193, 89
Trd, 4319577.593, 107
Trd, 4319577.743, 122
Trd, 4319581.893, 95
Trd, 4319582.393, 94
Trd, 4319582.893, 94
Trd, 4319583.343, 93
Trd, 4319583.743, 95
Trd, 4319585.943, 95
Trd, 4319586.643, 103
Trd, 4319587.193, 89
Trd, 4319587.893, 104
Trd, 4319588.493, 114
Trd, 4319588.643, 87
Trd, 4319592.593, 95
Trd, 4319593.143, 95
Trd, 4319594.393, 95
Trd, 4319595.593, 96
Trd, 4319595.693, 97
Trd, 4319596.493, 94
Trd, 4319599.793, 95
Trd, 4319600.443, 95
Trd, 4319600.543, 95
Trd, 4319602.293, 87
Trd, 4319603.393, 104
Trd, 4319603.443, 105
Trd, 4319604.993, 95
Trd, 4319606.743, 92
Trd, 4319608.693, 88
Trd, 4319608.993, 87
Trd, 4319609.493, 88
Trd, 4319611.693, 89
Trd, 4319611.793, 89
Trd, 4319612.543, 113
Trd, 4319614.093, 101
Trd, 4319614.993, 138
Trd, 4319615.343, 112
Trd, 4319616.793, 113
Trd, 4319617.793, 105
Trd, 4319618.643, 110
Trd, 4319620.993, 105
Trd, 4319621.043, 105
Trd, 4319622.043, 107
Trd, 4319623.193, 95
Trd, 4319624.143, 104
Trd, 4319625.943, 89
Trd, 4319626.643, 101
Trd, 4319627.943, 97
Trd, 4319628.343, 99
Trd, 4319628.543, 91
Trd, 4319628.993, 104
Trd, 4319632.693, 99
Trd, 4319633.393, 98
Trd, 4319633.493, 100
Trd, 4319635.443, 102
Trd, 4319637.943, 102
Trd, 4319638.393, 101
Trd, 4319640.293, 101
Trd, 4319640.993, 102
Trd, 4319641.693, 87
Trd, 4319644.793, 91
Trd, 4319646.243, 103
Trd, 4319646.693, 90
Trd, 4319647.393, 99
Trd, 4319650.293, 97
Trd, 4319651.793, 96
Trd, 4319652.043, 97
Trd, 4319652.993, 97
Trd, 4319654.093, 98
Trd, 4319656.443, 101
Trd, 4319656.993, 100
Trd, 4319659.243, 96
Trd, 4319660.493, 99
Trd, 4319661.293, 99
Trd, 4319662.693, 98
Trd, 4319664.643, 98
Trd, 4319665.693, 98
Trd, 4319665.743, 100
Trd, 4319668.443, 99
Trd, 4319668.943, 108
Trd, 4319671.793, 104
Trd, 4319672.043, 104
Trd, 4319672.493, 104
Trd, 4319673.793, 105
Trd, 4319675.943, 103
Trd, 4319676.443, 104
Trd, 4319676.593, 103
Trd, 4319677.943, 103
Trd, 4319678.293, 104
Trd, 4319680.793, 98
Trd, 4319682.143, 97
Trd, 4319683.093, 92
Trd, 4319684.193, 92
Trd, 4319684.293, 85
Trd, 4319687.543, 88
Trd, 4319687.593, 90
Trd, 4319689.193, 90
Trd, 4319690.193, 93
Trd, 4319692.393, 95
Trd, 4319693.343, 97
Trd, 4319693.393, 111
Trd, 4319696.993, 98
Trd, 4319697.043, 100
Trd, 4319697.293, 99
Trd, 4319698.843, 100
Trd, 4319699.743, 87
Trd, 4319701.343, 112
Trd, 4319702.293, 111
Trd, 4319702.593, 96
Trd, 4319704.343, 110
Trd, 4319706.493, 108
Trd, 4319706.543, 104
Trd, 4319707.743, 104
Trd, 4319709.043, 104
Trd, 4319710.643, 105
Trd, 4319711.593, 104
Trd, 4319712.093, 104
Trd, 4319712.643, 105
Trd, 4319714.893, 103
Trd, 4319718.743, 105
Trd, 4319718.793, 93
Trd, 4319718.893, 106
Trd, 4319720.393, 101
Trd, 4319722.543, 93
Trd, 4319723.493, 93
Trd, 4319723.793, 95
Trd, 4319725.843, 110
Trd, 4319728.643, 98
Trd, 4319730.893, 100
Trd, 4319731.393, 98
Trd, 4319732.493, 103
Trd, 4319733.793, 101
Trd, 4319734.743, 102
Trd, 4319735.593, 100
Trd, 4319737.893, 102
Trd, 4319738.343, 102
Trd, 4319739.643, 99
Trd, 4319739.843, 104
Trd, 4319741.093, 108
Trd, 4319742.293, 88
Trd, 4319744.743, 97
Trd, 4319745.543, 93
Trd, 4319745.643, 89
Trd, 4319746.643, 89
Trd, 4319747.043, 88
Trd, 4319748.993, 93
Trd, 4319749.893, 93
Trd, 4319751.993, 94
Trd, 4319753.743, 92
Trd, 4319755.293, 94
Trd, 4319755.393, 105
Trd, 4319756.243, 93
Trd, 4319756.993, 98
Trd, 4319758.093, 96
Trd, 4319760.843, 96
Trd, 4319761.143, 96
Trd, 4319761.743, 96
Trd, 4319762.743, 95
Trd, 4319764.343, 102
Trd, 4319765.643, 101
Trd, 4319766.343, 101
Trd, 4319767.543, 103
Trd, 4319767.643, 104
Trd, 4319768.093, 96
Trd, 4319771.293, 101
Trd, 4319772.893, 99
Trd, 4319773.793, 99
Trd, 4319774.943, 109
Trd, 4319776.043, 95
Trd, 4319776.943, 100
Trd, 4319777.093, 102
Trd, 4319779.743, 98
Trd, 4319779.843, 95
Trd, 4319780.043, 98
Trd, 4319781.743, 96
Trd, 4319782.593, 85
Trd, 4319783.243, 100
Trd, 4319785.993, 95
Trd, 4319787.043, 96
Trd, 4319787.093, 93
Trd, 4319789.543, 95
Trd, 4319790.093, 95
Trd, 4319790.543, 96
Trd, 4319792.193, 113
Trd, 4319793.593, 105
Trd, 4319794.643, 110
Trd, 4319796.043, 106
Trd, 4319797.743, 110
Trd, 4319799.093, 101
Trd, 4319800.543, 104
Trd, 4319801.643, 104
Trd, 4319802.093, 105
Trd, 4319802.693, 105
Trd, 4319804.793, 105
Trd, 4319805.093, 104
Trd, 4319805.693, 85
Trd, 4319807.443, 88
Trd, 4319809.643, 97
Trd, 4319810.243, 103
Trd, 4319811.543, 102
Trd, 4319814.343, 105
Trd, 4319814.843, 113
Trd, 4319815.693, 101
Trd, 4319817.643, 102
Trd, 4319818.543, 102
Trd, 4319819.643, 108
Trd, 4319819.843, 96
Trd, 4319822.893, 95
Trd, 4319824.093, 91
Trd, 4319825.893, 93
Trd, 4319825.943, 98
Trd, 4319826.093, 105
Trd, 4319828.393, 96
Trd, 4319828.893, 96
Trd, 4319830.293, 96
Trd, 4319830.443, 85
Trd, 4319831.393, 93
Trd, 4319833.593, 79
Trd, 4319833.993, 96
Trd, 4319836.093, 93
Trd, 4319836.643, 93
Trd, 4319837.443, 93
Trd, 4319837.793, 107
Trd, 4319838.443, 98
Trd, 4319839.843, 95
Trd, 4319841.743, 105
Trd, 4319842.643, 103
Trd, 4319843.443, 103
Trd, 4319845.993, 102
Trd, 4319846.643, 96
Trd, 4319846.993, 98
Trd, 4319848.043, 96
Trd, 4319849.793, 96
Trd, 4319850.893, 95
Trd, 4319851.443, 97
Trd, 4319852.943, 89
Trd, 4319854.193, 92
Trd, 4319855.393, 93
Trd, 4319856.043, 94
Trd, 4319856.693, 95
Trd, 4319856.843, 92
Trd, 4319858.243, 95
Trd, 4319860.093, 92
Trd, 4319860.893, 89
Trd, 4319863.443, 102
Trd, 4319863.843, 94
Trd, 4319865.893, 95
Trd, 4319866.993, 99
Trd, 4319867.793, 99
Trd, 4319868.993, 104
Trd, 4319870.093, 98
Trd, 4319871.493, 90
Trd, 4319872.093, 89
Trd, 4319872.393, 90
Trd, 4319872.793, 91
Trd, 4319874.243, 94
Trd, 4319875.943, 94
Trd, 4319876.843, 92
Trd, 4319877.443, 92
Trd, 4319877.943, 95
Trd, 4319881.743, 103
Trd, 4319882.693, 101
Trd, 4319883.143, 99
Trd, 4319884.493, 100
Trd, 4319885.543, 106
Trd, 4319886.143, 98
Trd, 4319888.693, 103
Trd, 4319889.343, 104
Trd, 4319890.143, 99
Trd, 4319891.993, 99
Trd, 4319893.393, 98
Trd, 4319893.593, 97
Trd, 4319894.943, 100
Trd, 4319896.043, 107
Trd, 4319897.893, 100
Trd, 4319898.743, 96
Trd, 4319900.743, 101
Trd, 4319900.893, 102
Trd, 4319901.643, 99
Trd, 4319902.943, 103
Trd, 4319904.493, 102
Trd, 4319906.493, 100
Trd, 4319906.843, 105
Trd, 4319908.543, 102
Trd, 4319909.193, 101
Trd, 4319910.543, 113
Trd, 4319911.793, 113
Trd, 4319912.893, 107
Trd, 4319913.893, 106
Trd, 4319914.843, 108
Trd, 4319915.043, 104
Trd, 4319917.143, 100
Trd, 4319917.993, 102
Trd, 4319921.243, 96
Trd, 4319922.143, 97
Trd, 4319923.243, 108
Trd, 4319923.693, 101
Trd, 4319925.243, 100
Trd, 4319926.143, 98
Trd, 4319926.543, 98
Trd, 4319926.793, 99
Trd, 4319928.093, 98
Trd, 4319929.593, 97
Trd, 4319930.693, 95
Trd, 4319931.543, 96
Trd, 4319932.643, 97
Trd, 4319933.393, 88
Trd, 4319934.193, 96
Trd, 4319934.943, 95
Trd, 4319936.243, 96
Trd, 4319937.343, 105
Trd, 4319938.043, 112
Trd, 4319940.043, 98
Trd, 4319941.843, 97
Trd, 4319942.793, 98
Trd, 4319943.093, 95
Trd, 4319944.593, 98
Trd, 4319944.993, 98
Trd, 4319945.593, 77
Trd, 4319945.643, 91
Trd, 4319946.493, 88
Trd, 4319946.543, 109
Trd, 4319951.043, 94
Trd, 4319952.993, 93
Trd, 4319953.693, 94
Trd, 4319953.793, 92
Trd, 4319954.443, 95
Trd, 4319955.193, 108
Trd, 4319957.843, 101
Trd, 4319959.543, 99
Trd, 4319960.043, 97
Trd, 4319960.693, 96
Trd, 4319962.943, 95
Trd, 4319963.043, 95
Trd, 4319964.343, 88
Trd, 4319965.643, 94
Trd, 4319966.643, 95
Trd, 4319968.143, 101
Trd, 4319969.943, 95
Trd, 4319970.543, 95
Trd, 4319970.893, 95
Trd, 4319972.093, 95
Trd, 4319972.593, 104
Trd, 4319973.843, 95
Trd, 4319974.293, 97
Trd, 4319976.743, 95
Trd, 4319977.893, 93
Trd, 4319978.343, 77
Trd, 4319979.593, 92
Trd, 4319980.693, 91
Trd, 4319981.943, 90
Trd, 4319983.843, 87
Trd, 4319984.193, 88
Trd, 4319984.993, 88
Trd, 4319985.143, 86
Trd, 4319986.943, 86
Trd, 4319988.043, 93
Trd, 4319989.043, 91
Trd, 4319989.743, 91
Trd, 4319991.193, 96
Trd, 4319992.293, 105
Trd, 4319993.643, 98
Trd, 4319993.993, 99
Trd, 4319994.543, 96
Trd, 4319997.443, 99
Trd, 4319998.643, 99
