Trd, 4317811.393, 92
Trd, 4317813.293, 88
Trd, 4317817.143, 88
Trd, 4317817.493, 92
Trd, 4317820.043, 92
Trd, 4317820.993, 88
Trd, 4317822.693, 92
Trd, 4317824.143, 94
Trd, 4317824.843, 93
Trd, 4317827.043, 106
Trd, 4317827.193, 110
Trd, 4317829.143, 104
Trd, 4317829.693, 102
Trd, 4317832.243, 102
Trd, 4317833.243, 108
Trd, 4317833.493, 102
Trd, 4317834.793, 99
Trd, 4317834.893, 94
Trd, 4317838.843, 97
Trd, 4317839.243, 99
Trd, 4317841.193, 97
Trd, 4317843.543, 99
Trd, 4317843.893, 96
Trd, 4317845.293, 72
Trd, 4317847.443, 92
Trd, 4317848.493, 90
Trd, 4317849.393, 94
Trd, 4317851.093, 92
Trd, 4317852.143, 93
Trd, 4317854.343, 90
Trd, 4317855.093, 89
Trd, 4317857.693, 96
Trd, 4317858.343, 95
Trd, 4317860.143, 102
Trd, 4317860.843, 95
Trd, 4317863.193, 98
Trd, 4317863.643, 96
Trd, 4317866.243, 95
Trd, 4317867.593, 95
Trd, 4317868.443, 95
Trd, 4317868.793, 94
Trd, 4317870.443, 93
Trd, 4317870.493, 95
Trd, 4317870.943, 93
Trd, 4317873.593, 93
Trd, 4317876.243, 92
Trd, 4317877.743, 95
Trd, 4317878.643, 91
Trd, 4317880.093, 91
Trd, 4317880.943, 95
Trd, 4317882.643, 90
Trd, 4317885.443, 95
Trd, 4317886.293, 89
Trd, 4317889.643, 88
Trd, 4317891.643, 95
Trd, 4317891.793, 87
Trd, 4317894.243, 95
Trd, 4317894.993, 95
Trd, 4317895.893, 102
Trd, 4317896.293, 87
Trd, 4317898.393, 95
Trd, 4317899.243, 95
Trd, 4317900.143, 94
Trd, 4317902.843, 94
Trd, 4317904.443, 95
Trd, 4317905.193, 94
Trd, 4317907.743, 93
Trd, 4317908.543, 95
Trd, 4317914.543, 92
Trd, 4317914.643, 92
Trd, 4317915.143, 91
Trd, 4317916.443, 95
Trd, 4317918.743, 95
Trd, 4317921.543, 91
Trd, 4317924.493, 91
Trd, 4317925.393, 95
Trd, 4317930.143, 91
Trd, 4317930.343, 95
Trd, 4317930.893, 95
Trd, 4317932.743, 95
Trd, 4317935.193, 90
Trd, 4317936.293, 91
Trd, 4317936.343, 95
Trd, 4317937.993, 90
Trd, 4317941.493, 93
Trd, 4317942.643, 94
Trd, 4317943.743, 91
Trd, 4317947.393, 92
Trd, 4317947.493, 94
Trd, 4317950.293, 92
Trd, 4317951.143, 91
Trd, 4317954.493, 90
Trd, 4317955.743, 90
Trd, 4317958.093, 93
Trd, 4317962.143, 89
Trd, 4317963.193, 93
Trd, 4317963.393, 93
Trd, 4317965.193, 92
Trd, 4317965.293, 95
Trd, 4317966.243, 91
Trd, 4317969.943, 94
Trd, 4317971.043, 93
Trd, 4317972.743, 92
Trd, 4317972.943, 94
Trd, 4317974.043, 91
Trd, 4317978.243, 93
Trd, 4317980.893, 92
Trd, 4317981.793, 91
Trd, 4317987.193, 93
Trd, 4317989.993, 91
Trd, 4317990.043, 90
Trd, 4317991.593, 93
Trd, 4317992.693, 90
Trd, 4317993.393, 89
Trd, 4317995.893, 93
Trd, 4318000.643, 89
Trd, 4318000.943, 94
Trd, 4318001.943, 92
Trd, 4318001.993, 95
Trd, 4318005.243, 89
Trd, 4318010.043, 93
Trd, 4318010.343, 95
Trd, 4318010.893, 88
Trd, 4318013.343, 87
Trd, 4318014.243, 93
Trd, 4318014.943, 87
Trd, 4318017.093, 86
Trd, 4318017.293, 93
Trd, 4318017.743, 86
Trd, 4318020.193, 93
Trd, 4318022.343, 86
Trd, 4318023.443, 92
Trd, 4318025.193, 86
Trd, 4318026.743, 85
Trd, 4318026.893, 91
Trd, 4318027.843, 91
Trd, 4318033.693, 91
Trd, 4318034.993, 90
Trd, 4318036.293, 89
Trd, 4318038.043, 91
Trd, 4318039.543, 89
Trd, 4318042.843, 95
Trd, 4318044.493, 88
Trd, 4318045.743, 91
Trd, 4318047.643, 87
Trd, 4318049.843, 86
Trd, 4318050.693, 91
Trd, 4318050.793, 86
Trd, 4318055.093, 88
Trd, 4318055.643, 91
Trd, 4318057.043, 88
Trd, 4318057.943, 91
Trd, 4318060.393, 87
Trd, 4318062.493, 91
Trd, 4318063.043, 95
Trd, 4318063.193, 86
Trd, 4318064.893, 93
Trd, 4318066.043, 85
Trd, 4318067.393, 85
Trd, 4318068.343, 92
Trd, 4318072.343, 92
Trd, 4318073.293, 92
Trd, 4318073.993, 90
Trd, 4318074.843, 91
Trd, 4318075.193, 88
Trd, 4318076.743, 92
Trd, 4318076.793, 89
Trd, 4318077.193, 101
Trd, 4318078.543, 92
Trd, 4318082.593, 97
Trd, 4318082.793, 97
Trd, 4318084.093, 96
Trd, 4318084.243, 105
Trd, 4318085.093, 107
Trd, 4318085.993, 105
Trd, 4318088.393, 103
Trd, 4318089.443, 98
Trd, 4318091.393, 101
Trd, 4318092.593, 98
Trd, 4318092.643, 100
Trd, 4318094.343, 98
Trd, 4318094.743, 94
Trd, 4318095.043, 113
Trd, 4318096.843, 96
Trd, 4318097.793, 96
Trd, 4318098.393, 93
Trd, 4318100.193, 94
Trd, 4318102.543, 93
Trd, 4318103.743, 95
Trd, 4318104.293, 107
Trd, 4318106.243, 98
Trd, 4318106.693, 97
Trd, 4318108.443, 96
Trd, 4318111.243, 95
Trd, 4318111.593, 97
Trd, 4318111.743, 94
Trd, 4318114.843, 97
Trd, 4318116.043, 94
Trd, 4318116.693, 95
Trd, 4318117.343, 94
Trd, 4318119.493, 94
Trd, 4318123.193, 102
Trd, 4318123.593, 99
Trd, 4318126.543, 100
Trd, 4318127.193, 102
Trd, 4318127.593, 99
Trd, 4318133.743, 99
Trd, 4318133.793, 98
Trd, 4318135.543, 97
Trd, 4318136.443, 94
Trd, 4318139.943, 96
Trd, 4318142.393, 95
Trd, 4318142.643, 95
Trd, 4318142.993, 95
Trd, 4318143.493, 94
Trd, 4318143.893, 94
Trd, 4318145.443, 93
Trd, 4318148.293, 92
Trd, 4318148.993, 95
Trd, 4318150.443, 95
Trd, 4318154.043, 91
Trd, 4318154.543, 91
Trd, 4318155.543, 91
Trd, 4318156.493, 94
Trd, 4318157.243, 90
Trd, 4318157.893, 94
Trd, 4318160.693, 95
Trd, 4318162.193, 94
Trd, 4318162.793, 89
Trd, 4318167.493, 93
Trd, 4318169.843, 89
Trd, 4318170.893, 88
Trd, 4318171.093, 88
Trd, 4318173.043, 88
Trd, 4318175.843, 87
Trd, 4318177.593, 87
Trd, 4318179.143, 88
Trd, 4318180.343, 87
Trd, 4318180.643, 86
Trd, 4318182.893, 88
Trd, 4318185.643, 85
Trd, 4318185.943, 85
Trd, 4318188.443, 89
Trd, 4318189.943, 92
Trd, 4318190.043, 88
Trd, 4318194.193, 108
Trd, 4318194.443, 95
Trd, 4318194.743, 95
Trd, 4318194.893, 95
Trd, 4318195.043, 94
Trd, 4318195.093, 110
Trd, 4318196.293, 95
Trd, 4318198.193, 113
Trd, 4318199.543, 97
Trd, 4318199.793, 97
Trd, 4318200.593, 96
Trd, 4318200.693, 103
Trd, 4318203.043, 95
Trd, 4318204.293, 97
Trd, 4318205.443, 94
Trd, 4318206.293, 95
Trd, 4318208.343, 93
Trd, 4318209.243, 95
Trd, 4318210.593, 98
Trd, 4318211.393, 102
Trd, 4318211.443, 97
Trd, 4318213.293, 98
Trd, 4318216.143, 98
Trd, 4318218.693, 99
Trd, 4318219.343, 98
Trd, 4318220.243, 97
Trd, 4318220.493, 98
Trd, 4318221.293, 94
Trd, 4318223.093, 95
Trd, 4318223.593, 107
Trd, 4318226.243, 100
Trd, 4318226.293, 101
Trd, 4318226.393, 97
Trd, 4318231.443, 99
Trd, 4318232.093, 100
Trd, 4318235.393, 100
Trd, 4318235.543, 99
Trd, 4318236.543, 100
Trd, 4318236.843, 98
Trd, 4318237.343, 100
Trd, 4318238.293, 97
Trd, 4318239.143, 113
Trd, 4318240.393, 97
Trd, 4318241.443, 94
Trd, 4318245.043, 96
Trd, 4318245.343, 98
Trd, 4318245.743, 96
Trd, 4318247.243, 94
Trd, 4318248.143, 97
Trd, 4318251.643, 95
Trd, 4318252.093, 94
Trd, 4318254.543, 95
Trd, 4318255.343, 95
Trd, 4318255.893, 93
Trd, 4318255.943, 93
Trd, 4318259.593, 95
Trd, 4318260.793, 93
Trd, 4318262.043, 92
Trd, 4318264.493, 95
Trd, 4318266.743, 93
Trd, 4318267.093, 95
Trd, 4318267.243, 92
Trd, 4318271.143, 92
Trd, 4318274.343, 95
Trd, 4318274.793, 93
Trd, 4318276.643, 92
Trd, 4318279.343, 91
Trd, 4318280.293, 93
Trd, 4318281.093, 92
Trd, 4318283.993, 92
Trd, 4318284.243, 91
Trd, 4318285.743, 110
Trd, 4318286.293, 90
Trd, 4318288.843, 89
Trd, 4318289.343, 95
Trd, 4318290.193, 93
Trd, 4318291.493, 94
Trd, 4318291.843, 93
Trd, 4318296.743, 94
Trd, 4318297.593, 92
Trd, 4318298.693, 92
Trd, 4318298.943, 94
Trd, 4318301.393, 92
Trd, 4318301.493, 94
Trd, 4318302.943, 94
Trd, 4318306.243, 92
Trd, 4318306.343, 94
Trd, 4318307.743, 91
Trd, 4318308.843, 94
Trd, 4318310.393, 92
Trd, 4318313.843, 92
Trd, 4318316.443, 94
Trd, 4318318.743, 94
Trd, 4318320.093, 92
Trd, 4318320.293, 91
Trd, 4318320.543, 94
Trd, 4318322.943, 105
Trd, 4318323.843, 98
Trd, 4318324.643, 97
Trd, 4318326.643, 98
Trd, 4318327.793, 98
Trd, 4318329.193, 93
Trd, 4318330.343, 113
Trd, 4318333.193, 95
Trd, 4318335.393, 95
Trd, 4318336.643, 95
Trd, 4318337.843, 94
Trd, 4318339.043, 93
Trd, 4318340.793, 94
Trd, 4318342.143, 95
Trd, 4318342.943, 92
Trd, 4318344.343, 95
Trd, 4318344.793, 91
Trd, 4318349.693, 90
Trd, 4318350.293, 95
Trd, 4318353.393, 95
Trd, 4318354.893, 95
Trd, 4318358.893, 99
Trd, 4318359.393, 97
Trd, 4318359.793, 98
Trd, 4318359.943, 108
Trd, 4318361.993, 97
Trd, 4318362.543, 99
Trd, 4318366.643, 107
Trd, 4318366.743, 100
Trd, 4318366.793, 100
Trd, 4318368.293, 108
Trd, 4318368.793, 101
Trd, 4318369.243, 100
Trd, 4318370.643, 100
Trd, 4318370.943, 112
Trd, 4318374.743, 106
Trd, 4318375.093, 100
Trd, 4318377.243, 100
Trd, 4318379.443, 99
Trd, 4318380.093, 98
Trd, 4318381.543, 97
Trd, 4318383.193, 99
Trd, 4318384.193, 94
Trd, 4318385.943, 95
Trd, 4318387.943, 95
Trd, 4318389.543, 95
Trd, 4318391.143, 96
Trd, 4318392.393, 95
Trd, 4318392.493, 95
Trd, 4318392.743, 92
Trd, 4318393.343, 74
Trd, 4318396.343, 93
Trd, 4318396.943, 95
Trd, 4318397.793, 94
Trd, 4318398.643, 113
Trd, 4318400.343, 100
Trd, 4318401.693, 95
Trd, 4318404.143, 93
Trd, 4318405.893, 95
Trd, 4318409.443, 92
Trd, 4318409.643, 95
Trd, 4318410.543, 93
Trd, 4318412.493, 92
Trd, 4318416.193, 91
Trd, 4318416.493, 93
Trd, 4318418.393, 92
Trd, 4318418.743, 91
Trd, 4318420.743, 92
Trd, 4318422.893, 92
Trd, 4318424.393, 91
Trd, 4318425.443, 91
Trd, 4318427.743, 93
Trd, 4318431.393, 93
Trd, 4318431.443, 90
Trd, 4318432.443, 92
Trd, 4318436.293, 92
Trd, 4318438.293, 91
Trd, 4318439.043, 92
Trd, 4318440.193, 90
Trd, 4318440.693, 89
Trd, 4318441.893, 88
Trd, 4318443.843, 100
Trd, 4318444.243, 95
Trd, 4318445.743, 102
Trd, 4318445.793, 107
Trd, 4318445.843, 95
Trd, 4318448.643, 95
Trd, 4318450.743, 94
Trd, 4318452.193, 96
Trd, 4318453.643, 93
Trd, 4318455.543, 100
Trd, 4318456.293, 98
Trd, 4318456.343, 92
Trd, 4318457.393, 111
Trd, 4318459.493, 103
Trd, 4318459.743, 100
Trd, 4318460.443, 111
Trd, 4318463.293, 99
Trd, 4318463.843, 110
Trd, 4318464.743, 102
Trd, 4318466.993, 100
Trd, 4318467.793, 102
Trd, 4318468.393, 99
Trd, 4318469.593, 98
Trd, 4318470.543, 97
Trd, 4318471.343, 96
Trd, 4318473.193, 96
Trd, 4318473.543, 106
Trd, 4318474.543, 95
Trd, 4318476.043, 94
Trd, 4318477.543, 97
Trd, 4318481.043, 93
Trd, 4318481.343, 93
Trd, 4318482.193, 96
Trd, 4318483.893, 92
Trd, 4318486.943, 92
Trd, 4318487.943, 92
Trd, 4318488.443, 95
Trd, 4318492.893, 95
Trd, 4318492.993, 92
Trd, 4318493.793, 92
Trd, 4318494.393, 91
Trd, 4318499.643, 91
Trd, 4318501.443, 90
Trd, 4318502.543, 95
Trd, 4318504.493, 95
Trd, 4318506.993, 90
Trd, 4318507.793, 90
Trd, 4318508.993, 90
Trd, 4318511.793, 94
Trd, 4318516.993, 93
Trd, 4318517.043, 93
Trd, 4318518.893, 95
Trd, 4318519.493, 95
Trd, 4318521.493, 95
Trd, 4318523.543, 94
Trd, 4318525.943, 93
Trd, 4318528.993, 94
Trd, 4318531.643, 92
Trd, 4318534.593, 94
Trd, 4318535.993, 91
Trd, 4318538.893, 94
Trd, 4318540.093, 92
Trd, 4318540.943, 94
Trd, 4318541.993, 90
Trd, 4318545.293, 94
Trd, 4318545.943, 95
Trd, 4318547.443, 90
Trd, 4318547.893, 90
Trd, 4318550.643, 90
Trd, 4318550.693, 95
Trd, 4318552.293, 90
Trd, 4318557.593, 90
Trd, 4318558.993, 90
Trd, 4318559.193, 95
Trd, 4318559.943, 95
Trd, 4318561.543, 91
Trd, 4318566.493, 90
Trd, 4318567.593, 95
Trd, 4318571.443, 94
Trd, 4318571.493, 89
Trd, 4318571.993, 88
Trd, 4318572.493, 94
Trd, 4318574.993, 89
Trd, 4318576.943, 89
Trd, 4318577.393, 94
Trd, 4318578.143, 104
Trd, 4318580.193, 95
Trd, 4318582.643, 93
Trd, 4318586.693, 93
Trd, 4318586.743, 95
Trd, 4318587.593, 95
Trd, 4318588.943, 95
Trd, 4318590.443, 94
Trd, 4318592.493, 94
Trd, 4318595.943, 94
Trd, 4318596.493, 95
Trd, 4318597.093, 95
Trd, 4318598.093, 95
Trd, 4318598.493, 94
Trd, 4318600.293, 96
Trd, 4318600.343, 93
Trd, 4318601.893, 92
Trd, 4318603.643, 92
Trd, 4318604.243, 91
Trd, 4318606.943, 95
Trd, 4318614.343, 95
Trd, 4318614.993, 91
Trd, 4318616.193, 91
Trd, 4318619.443, 90
Trd, 4318619.893, 95
Trd, 4318621.193, 95
Trd, 4318623.593, 90
Trd, 4318624.593, 89
Trd, 4318626.743, 95
Trd, 4318627.043, 95
Trd, 4318632.343, 89
Trd, 4318634.843, 93
Trd, 4318635.293, 88
Trd, 4318637.293, 93
Trd, 4318639.243, 93
Trd, 4318639.593, 93
Trd, 4318640.043, 92
Trd, 4318640.443, 92
Trd, 4318642.093, 92
Trd, 4318643.393, 93
Trd, 4318644.043, 95
Trd, 4318645.093, 94
Trd, 4318646.293, 92
Trd, 4318649.243, 93
Trd, 4318649.293, 92
Trd, 4318649.643, 106
Trd, 4318651.693, 94
Trd, 4318652.143, 94
Trd, 4318654.493, 95
Trd, 4318655.093, 93
Trd, 4318659.543, 92
Trd, 4318659.943, 94
Trd, 4318661.193, 94
Trd, 4318662.043, 94
Trd, 4318665.593, 92
Trd, 4318666.793, 95
Trd, 4318667.493, 95
Trd, 4318667.693, 92
Trd, 4318669.243, 94
Trd, 4318674.643, 96
Trd, 4318674.893, 96
Trd, 4318676.243, 95
Trd, 4318676.593, 94
Trd, 4318676.993, 96
Trd, 4318679.593, 93
Trd, 4318682.543, 95
Trd, 4318683.043, 92
Trd, 4318685.993, 92
Trd, 4318686.393, 94
Trd, 4318686.493, 91
Trd, 4318688.393, 94
Trd, 4318689.743, 91
Trd, 4318691.743, 94
Trd, 4318693.243, 91
Trd, 4318696.193, 94
Trd, 4318696.643, 90
Trd, 4318698.343, 89
Trd, 4318700.143, 88
Trd, 4318703.043, 88
Trd, 4318703.893, 94
Trd, 4318706.993, 87
Trd, 4318707.343, 94
Trd, 4318709.943, 86
Trd, 4318710.093, 103
Trd, 4318712.843, 95
Trd, 4318714.343, 94
Trd, 4318715.043, 96
Trd, 4318716.943, 93
Trd, 4318718.443, 92
Trd, 4318719.643, 92
Trd, 4318723.243, 95
Trd, 4318724.443, 95
Trd, 4318724.693, 91
Trd, 4318725.443, 95
Trd, 4318727.493, 92
Trd, 4318729.193, 95
Trd, 4318731.443, 91
Trd, 4318731.843, 90
Trd, 4318732.593, 90
Trd, 4318734.893, 92
Trd, 4318735.293, 95
Trd, 4318736.293, 95
Trd, 4318736.993, 91
Trd, 4318738.993, 91
Trd, 4318741.293, 95
Trd, 4318742.243, 91
Trd, 4318743.743, 90
Trd, 4318749.743, 90
Trd, 4318751.093, 89
Trd, 4318753.043, 88
Trd, 4318753.593, 89
Trd, 4318756.993, 95
Trd, 4318758.343, 89
Trd, 4318761.793, 88
Trd, 4318762.493, 88
Trd, 4318763.493, 95
Trd, 4318765.993, 88
Trd, 4318767.643, 88
Trd, 4318771.043, 87
Trd, 4318771.893, 94
Trd, 4318772.593, 74
Trd, 4318773.093, 95
Trd, 4318776.943, 86
Trd, 4318777.743, 90
Trd, 4318781.993, 86
Trd, 4318784.193, 89
Trd, 4318785.643, 85
Trd, 4318787.243, 84
Trd, 4318787.743, 89
Trd, 4318790.243, 89
Trd, 4318791.093, 89
Trd, 4318792.043, 108
Trd, 4318792.593, 98
Trd, 4318792.693, 94
Trd, 4318795.093, 93
Trd, 4318796.443, 92
Trd, 4318799.343, 94
Trd, 4318799.743, 96
Trd, 4318799.943, 91
Trd, 4318801.543, 94
Trd, 4318803.593, 100
Trd, 4318804.143, 93
Trd, 4318804.443, 93
Trd, 4318806.393, 99
Trd, 4318807.043, 98
Trd, 4318807.793, 94
Trd, 4318808.643, 76
Trd, 4318813.043, 94
Trd, 4318813.143, 93
Trd, 4318814.693, 94
Trd, 4318815.293, 106
Trd, 4318816.343, 94
Trd, 4318816.443, 95
Trd, 4318820.493, 93
Trd, 4318821.493, 95
Trd, 4318822.493, 92
Trd, 4318823.193, 92
Trd, 4318825.043, 91
Trd, 4318826.343, 92
Trd, 4318826.943, 93
Trd, 4318830.293, 91
Trd, 4318831.643, 93
Trd, 4318832.043, 90
Trd, 4318833.993, 93
Trd, 4318835.943, 91
Trd, 4318836.143, 105
Trd, 4318837.343, 94
Trd, 4318839.193, 91
Trd, 4318840.443, 90
Trd, 4318841.193, 93
Trd, 4318842.493, 89
Trd, 4318846.293, 88
Trd, 4318846.843, 92
Trd, 4318847.193, 75
Trd, 4318848.093, 93
Trd, 4318849.643, 106
Trd, 4318852.243, 86
Trd, 4318854.693, 89
Trd, 4318858.193, 94
Trd, 4318858.793, 89
Trd, 4318859.393, 88
Trd, 4318860.093, 94
Trd, 4318861.943, 95
Trd, 4318866.993, 88
Trd, 4318867.943, 88
Trd, 4318868.843, 94
Trd, 4318868.943, 94
Trd, 4318871.543, 87
Trd, 4318871.943, 87
Trd, 4318873.893, 86
Trd, 4318873.943, 94
Trd, 4318874.843, 86
Trd, 4318877.843, 94
Trd, 4318880.543, 87
Trd, 4318881.443, 94
Trd, 4318881.493, 86
Trd, 4318881.593, 94
Trd, 4318887.243, 86
Trd, 4318888.493, 86
Trd, 4318888.543, 92
Trd, 4318891.643, 92
Trd, 4318893.693, 85
Trd, 4318894.643, 85
Trd, 4318896.243, 83
Trd, 4318898.543, 88
Trd, 4318902.343, 86
Trd, 4318903.343, 89
Trd, 4318905.643, 89
Trd, 4318908.093, 86
Trd, 4318910.943, 86
Trd, 4318911.693, 89
Trd, 4318912.593, 86
Trd, 4318913.793, 89
Trd, 4318914.443, 95
Trd, 4318916.093, 89
Trd, 4318917.893, 91
Trd, 4318918.293, 91
Trd, 4318920.243, 92
Trd, 4318920.443, 90
Trd, 4318925.393, 90
Trd, 4318929.893, 89
Trd, 4318930.343, 90
Trd, 4318933.393, 88
Trd, 4318934.643, 90
Trd, 4318935.393, 90
Trd, 4318938.293, 104
Trd, 4318939.943, 88
Trd, 4318941.143, 91
Trd, 4318943.143, 110
Trd, 4318947.143, 88
Trd, 4318948.193, 93
Trd, 4318950.143, 93
Trd, 4318951.493, 88
Trd, 4318955.693, 87
Trd, 4318957.793, 93
Trd, 4318958.393, 86
Trd, 4318959.293, 86
Trd, 4318960.143, 93
Trd, 4318961.793, 93
Trd, 4318962.843, 91
Trd, 4318963.843, 90
Trd, 4318966.943, 92
Trd, 4318968.443, 90
Trd, 4318969.843, 88
Trd, 4318972.543, 92
Trd, 4318973.543, 88
Trd, 4318976.543, 92
Trd, 4318977.643, 89
Trd, 4318978.143, 89
Trd, 4318978.843, 92
Trd, 4318981.643, 88
Trd, 4318984.293, 92
Trd, 4318986.293, 91
Trd, 4318986.693, 108
Trd, 4318987.293, 111
Trd, 4318988.143, 100
Trd, 4318989.293, 99
Trd, 4318989.993, 98
Trd, 4318991.693, 101
Trd, 4318992.643, 98
Trd, 4318992.943, 97
Trd, 4318993.543, 94
Trd, 4318995.543, 112
Trd, 4318998.393, 101
Trd, 4319000.143, 101
Trd, 4319000.193, 76
Trd, 4319000.943, 102
Trd, 4319007.843, 94
Trd, 4319010.943, 95
Trd, 4319011.293, 94
Trd, 4319014.743, 93
Trd, 4319015.543, 95
Trd, 4319015.843, 93
Trd, 4319016.893, 95
Trd, 4319019.793, 93
Trd, 4319020.743, 95
Trd, 4319020.943, 92
Trd, 4319022.593, 95
Trd, 4319025.193, 95
Trd, 4319025.993, 92
Trd, 4319026.893, 91
Trd, 4319027.193, 90
Trd, 4319028.643, 95
Trd, 4319032.943, 90
Trd, 4319034.093, 94
Trd, 4319034.293, 94
Trd, 4319035.543, 89
Trd, 4319038.643, 88
Trd, 4319039.743, 88
Trd, 4319047.243, 87
Trd, 4319048.393, 86
Trd, 4319048.593, 92
Trd, 4319049.043, 93
Trd, 4319049.843, 86
Trd, 4319053.993, 90
Trd, 4319054.393, 93
Trd, 4319056.543, 93
Trd, 4319058.893, 90
Trd, 4319059.643, 105
Trd, 4319060.493, 97
Trd, 4319062.643, 95
Trd, 4319064.993, 94
Trd, 4319066.193, 93
Trd, 4319068.193, 96
Trd, 4319068.943, 96
Trd, 4319069.293, 96
Trd, 4319069.493, 96
Trd, 4319071.593, 84
Trd, 4319072.393, 88
Trd, 4319073.043, 75
Trd, 4319078.143, 87
Trd, 4319079.643, 91
Trd, 4319080.293, 87
Trd, 4319086.893, 86
Trd, 4319088.143, 85
Trd, 4319089.243, 85
Trd, 4319091.193, 85
Trd, 4319091.993, 89
Trd, 4319094.193, 89
Trd, 4319097.243, 86
Trd, 4319097.343, 89
Trd, 4319098.243, 85
Trd, 4319100.643, 84
Trd, 4319101.593, 89
Trd, 4319103.793, 89
Trd, 4319105.943, 83
Trd, 4319108.543, 82
Trd, 4319111.643, 82
Trd, 4319112.393, 82
Trd, 4319112.943, 89
Trd, 4319116.093, 92
Trd, 4319117.793, 88
Trd, 4319118.743, 86
Trd, 4319120.743, 89
Trd, 4319121.443, 95
Trd, 4319123.843, 89
Trd, 4319126.643, 88
Trd, 4319129.143, 89
Trd, 4319129.493, 89
Trd, 4319130.143, 88
Trd, 4319132.943, 89
Trd, 4319134.843, 89
Trd, 4319135.993, 90
Trd, 4319136.193, 89
Trd, 4319138.193, 90
Trd, 4319139.143, 103
Trd, 4319139.243, 91
Trd, 4319140.093, 91
Trd, 4319142.293, 90
Trd, 4319142.343, 90
Trd, 4319145.943, 90
Trd, 4319146.543, 92
Trd, 4319147.243, 93
Trd, 4319151.493, 107
Trd, 4319151.743, 93
Trd, 4319153.893, 93
Trd, 4319154.993, 92
Trd, 4319156.543, 93
Trd, 4319157.643, 92
Trd, 4319157.993, 91
Trd, 4319158.543, 92
Trd, 4319161.293, 95
Trd, 4319161.993, 91
Trd, 4319162.043, 94
Trd, 4319164.043, 90
Trd, 4319165.993, 89
Trd, 4319166.993, 94
Trd, 4319168.193, 95
Trd, 4319170.443, 89
Trd, 4319173.843, 89
Trd, 4319174.543, 94
Trd, 4319175.093, 91
Trd, 4319175.193, 93
Trd, 4319178.443, 93
Trd, 4319178.993, 92
Trd, 4319181.643, 93
Trd, 4319183.893, 91
Trd, 4319185.593, 93
Trd, 4319187.193, 100
Trd, 4319187.543, 93
Trd, 4319191.893, 98
Trd, 4319193.593, 103
Trd, 4319193.893, 97
Trd, 4319194.693, 94
Trd, 4319195.593, 96
Trd, 4319197.293, 95
Trd, 4319200.243, 96
Trd, 4319200.443, 95
Trd, 4319202.143, 94
Trd, 4319204.893, 94
Trd, 4319206.043, 93
Trd, 4319209.443, 95
Trd, 4319210.593, 95
Trd, 4319210.693, 95
Trd, 4319211.143, 92
Trd, 4319213.093, 95
Trd, 4319215.943, 100
Trd, 4319217.043, 94
Trd, 4319221.493, 95
Trd, 4319223.143, 95
Trd, 4319225.243, 94
Trd, 4319227.043, 93
Trd, 4319228.093, 95
Trd, 4319230.043, 94
Trd, 4319230.593, 93
Trd, 4319231.993, 93
Trd, 4319233.043, 93
Trd, 4319237.343, 94
Trd, 4319237.893, 92
Trd, 4319238.193, 92
Trd, 4319244.443, 93
Trd, 4319244.593, 92
Trd, 4319246.343, 94
Trd, 4319246.843, 94
Trd, 4319247.243, 95
Trd, 4319247.443, 91
Trd, 4319249.743, 90
Trd, 4319250.793, 94
Trd, 4319255.093, 94
Trd, 4319256.343, 93
Trd, 4319259.943, 94
Trd, 4319260.543, 93
Trd, 4319260.743, 91
Trd, 4319262.143, 92
Trd, 4319265.243, 92
Trd, 4319267.793, 92
Trd, 4319269.293, 91
Trd, 4319271.393, 94
Trd, 4319275.343, 91
Trd, 4319275.493, 95
Trd, 4319276.693, 91
Trd, 4319280.593, 94
Trd, 4319283.693, 90
Trd, 4319283.843, 90
Trd, 4319285.393, 94
Trd, 4319285.543, 90
Trd, 4319287.793, 94
Trd, 4319289.493, 89
Trd, 4319293.493, 94
Trd, 4319293.643, 104
Trd, 4319294.343, 95
Trd, 4319294.893, 95
Trd, 4319295.343, 92
Trd, 4319297.243, 99
Trd, 4319297.943, 104
Trd, 4319299.393, 100
Trd, 4319300.793, 99
Trd, 4319301.943, 99
Trd, 4319304.543, 109
Trd, 4319304.743, 100
Trd, 4319306.293, 99
Trd, 4319309.693, 101
Trd, 4319310.043, 102
Trd, 4319311.343, 99
Trd, 4319311.643, 98
Trd, 4319312.743, 100
Trd, 4319313.893, 97
Trd, 4319314.893, 99
Trd, 4319316.093, 94
Trd, 4319321.443, 97
Trd, 4319321.593, 98
Trd, 4319323.393, 95
Trd, 4319324.143, 96
Trd, 4319326.093, 97
Trd, 4319328.493, 113
Trd, 4319328.593, 100
Trd, 4319329.343, 101
Trd, 4319331.143, 101
Trd, 4319332.193, 99
Trd, 4319332.493, 94
Trd, 4319333.243, 97
Trd, 4319335.093, 102
Trd, 4319335.443, 106
Trd, 4319336.993, 101
Trd, 4319338.443, 100
Trd, 4319341.693, 98
Trd, 4319342.843, 99
Trd, 4319343.393, 100
Trd, 4319343.443, 98
Trd, 4319347.543, 100
Trd, 4319347.993, 97
Trd, 4319349.993, 99
Trd, 4319352.493, 96
Trd, 4319353.593, 95
Trd, 4319353.693, 95
Trd, 4319355.593, 94
Trd, 4319357.743, 93
Trd, 4319358.393, 95
Trd, 4319363.043, 93
Trd, 4319363.543, 92
Trd, 4319364.093, 95
Trd, 4319367.393, 95
Trd, 4319367.543, 92
Trd, 4319367.793, 92
Trd, 4319368.093, 95
Trd, 4319370.443, 91
Trd, 4319371.143, 95
Trd, 4319372.793, 95
Trd, 4319375.043, 91
Trd, 4319375.693, 91
Trd, 4319376.893, 95
Trd, 4319377.643, 95
Trd, 4319379.193, 90
Trd, 4319379.793, 90
Trd, 4319382.893, 95
Trd, 4319384.743, 95
Trd, 4319386.193, 91
Trd, 4319387.743, 95
Trd, 4319390.943, 95
Trd, 4319391.293, 91
Trd, 4319394.343, 91
Trd, 4319396.443, 92
Trd, 4319399.493, 90
Trd, 4319401.493, 74
Trd, 4319402.443, 95
Trd, 4319403.893, 89
Trd, 4319405.743, 88
Trd, 4319407.043, 95
Trd, 4319407.393, 95
Trd, 4319411.193, 95
Trd, 4319413.193, 89
Trd, 4319416.093, 88
Trd, 4319416.543, 94
Trd, 4319418.893, 95
Trd, 4319422.643, 88
Trd, 4319424.393, 87
Trd, 4319425.193, 93
Trd, 4319425.493, 87
Trd, 4319428.043, 93
Trd, 4319429.693, 87
Trd, 4319431.143, 87
Trd, 4319431.293, 86
Trd, 4319437.043, 91
Trd, 4319439.543, 91
Trd, 4319439.593, 85
Trd, 4319440.443, 85
Trd, 4319442.243, 91
Trd, 4319443.943, 84
Trd, 4319447.043, 83
Trd, 4319448.193, 91
Trd, 4319450.393, 83
Trd, 4319453.093, 90
Trd, 4319454.393, 95
Trd, 4319455.343, 88
Trd, 4319456.293, 90
Trd, 4319458.993, 89
Trd, 4319459.243, 95
Trd, 4319462.043, 89
Trd, 4319463.893, 88
Trd, 4319464.143, 90
Trd, 4319465.243, 90
Trd, 4319468.343, 88
Trd, 4319468.393, 90
Trd, 4319469.843, 90
Trd, 4319472.793, 91
Trd, 4319473.443, 90
Trd, 4319473.993, 90
Trd, 4319475.193, 91
Trd, 4319476.093, 91
Trd, 4319476.143, 91
Trd, 4319477.493, 92
Trd, 4319480.143, 95
Trd, 4319481.393, 98
Trd, 4319482.943, 90
Trd, 4319485.593, 93
Trd, 4319486.393, 89
Trd, 4319488.693, 93
Trd, 4319491.343, 93
Trd, 4319493.443, 103
Trd, 4319493.493, 91
Trd, 4319495.543, 95
Trd, 4319495.943, 93
Trd, 4319497.193, 94
Trd, 4319497.643, 96
Trd, 4319499.093, 95
Trd, 4319499.643, 104
Trd, 4319501.643, 96
Trd, 4319502.243, 95
Trd, 4319503.393, 96
Trd, 4319504.393, 93
Trd, 4319510.443, 94
Trd, 4319510.493, 95
Trd, 4319511.093, 93
Trd, 4319512.893, 95
Trd, 4319513.243, 95
Trd, 4319516.843, 92
Trd, 4319518.843, 92
Trd, 4319518.893, 91
Trd, 4319519.993, 90
Trd, 4319520.643, 95
Trd, 4319521.843, 95
Trd, 4319522.443, 90
Trd, 4319526.243, 90
Trd, 4319530.993, 90
Trd, 4319531.643, 89
Trd, 4319531.843, 95
Trd, 4319535.043, 93
Trd, 4319536.143, 95
Trd, 4319540.193, 95
Trd, 4319540.793, 94
Trd, 4319541.143, 93
Trd, 4319543.843, 92
Trd, 4319545.343, 93
Trd, 4319545.493, 93
Trd, 4319547.293, 99
Trd, 4319549.193, 98
Trd, 4319549.793, 97
Trd, 4319550.043, 104
Trd, 4319550.293, 97
Trd, 4319552.143, 97
Trd, 4319553.143, 103
Trd, 4319553.993, 97
Trd, 4319554.493, 96
Trd, 4319557.143, 100
Trd, 4319557.293, 95
Trd, 4319560.593, 95
Trd, 4319563.293, 94
Trd, 4319564.593, 95
Trd, 4319565.693, 93
Trd, 4319567.893, 93
Trd, 4319570.293, 94
Trd, 4319572.143, 92
Trd, 4319572.843, 92
Trd, 4319574.993, 91
Trd, 4319577.343, 94
Trd, 4319578.543, 91
Trd, 4319579.343, 90
Trd, 4319581.493, 94
Trd, 4319583.943, 94
Trd, 4319585.193, 95
Trd, 4319586.743, 94
Trd, 4319586.893, 93
Trd, 4319587.093, 95
Trd, 4319588.893, 94
Trd, 4319590.793, 104
Trd, 4319590.993, 94
Trd, 4319592.043, 94
Trd, 4319597.643, 94
Trd, 4319597.693, 94
Trd, 4319600.743, 94
Trd, 4319600.843, 93
Trd, 4319601.943, 93
Trd, 4319603.443, 92
Trd, 4319605.643, 92
Trd, 4319606.093, 91
Trd, 4319608.493, 90
Trd, 4319610.243, 92
Trd, 4319610.593, 88
Trd, 4319612.643, 88
Trd, 4319612.993, 92
Trd, 4319614.143, 103
Trd, 4319615.343, 104
Trd, 4319617.143, 88
Trd, 4319619.193, 94
Trd, 4319620.493, 87
Trd, 4319622.493, 92
Trd, 4319622.643, 95
Trd, 4319623.443, 88
Trd, 4319624.943, 92
Trd, 4319625.143, 92
Trd, 4319628.143, 110
Trd, 4319628.393, 101
Trd, 4319632.293, 102
Trd, 4319632.943, 101
Trd, 4319633.193, 103
Trd, 4319634.193, 100
Trd, 4319634.693, 97
Trd, 4319636.093, 99
Trd, 4319638.343, 99
Trd, 4319638.393, 98
Trd, 4319641.893, 99
Trd, 4319643.143, 98
Trd, 4319643.943, 97
Trd, 4319645.143, 98
Trd, 4319648.943, 97
Trd, 4319649.143, 96
Trd, 4319649.893, 95
Trd, 4319650.243, 95
Trd, 4319650.443, 94
Trd, 4319653.343, 103
Trd, 4319654.293, 97
Trd, 4319656.793, 100
Trd, 4319658.843, 99
Trd, 4319659.343, 99
Trd, 4319659.443, 100
Trd, 4319661.893, 98
Trd, 4319663.343, 99
Trd, 4319664.193, 98
Trd, 4319664.993, 99
Trd, 4319665.993, 94
Trd, 4319670.393, 96
Trd, 4319670.943, 96
Trd, 4319671.593, 95
Trd, 4319673.593, 94
Trd, 4319675.443, 93
Trd, 4319676.043, 95
Trd, 4319676.293, 96
Trd, 4319678.543, 92
Trd, 4319682.193, 95
Trd, 4319683.793, 91
Trd, 4319684.243, 95
Trd, 4319685.943, 90
Trd, 4319686.943, 95
Trd, 4319689.493, 91
Trd, 4319689.543, 91
Trd, 4319690.093, 90
Trd, 4319691.693, 92
Trd, 4319694.543, 90
Trd, 4319696.193, 93
Trd, 4319698.293, 90
Trd, 4319698.693, 93
Trd, 4319703.043, 89
Trd, 4319704.243, 93
Trd, 4319705.243, 93
Trd, 4319705.393, 106
Trd, 4319706.443, 98
Trd, 4319706.493, 92
Trd, 4319707.843, 95
Trd, 4319708.193, 107
Trd, 4319710.843, 93
Trd, 4319712.693, 93
Trd, 4319715.193, 92
Trd, 4319715.243, 96
Trd, 4319716.593, 96
Trd, 4319717.593, 96
Trd, 4319718.993, 91
Trd, 4319723.493, 90
Trd, 4319723.843, 89
Trd, 4319724.643, 96
Trd, 4319728.443, 91
Trd, 4319729.143, 90
Trd, 4319730.393, 94
Trd, 4319733.143, 94
Trd, 4319733.743, 94
Trd, 4319734.043, 95
Trd, 4319736.393, 90
Trd, 4319737.743, 89
Trd, 4319738.593, 92
Trd, 4319738.693, 89
Trd, 4319739.993, 92
Trd, 4319741.143, 92
Trd, 4319743.093, 97
Trd, 4319743.543, 94
Trd, 4319745.043, 92
Trd, 4319747.743, 92
Trd, 4319748.143, 93
Trd, 4319750.193, 92
Trd, 4319750.793, 92
Trd, 4319751.193, 93
Trd, 4319751.743, 92
Trd, 4319755.893, 92
Trd, 4319755.943, 91
Trd, 4319756.293, 90
Trd, 4319758.493, 90
Trd, 4319758.793, 95
Trd, 4319760.843, 99
Trd, 4319761.043, 97
Trd, 4319762.293, 95
Trd, 4319763.043, 93
Trd, 4319766.443, 106
Trd, 4319770.693, 95
Trd, 4319771.643, 94
Trd, 4319773.743, 94
Trd, 4319774.543, 93
Trd, 4319775.693, 93
Trd, 4319776.743, 95
Trd, 4319778.443, 92
Trd, 4319780.043, 92
Trd, 4319780.593, 95
Trd, 4319783.543, 95
Trd, 4319784.143, 91
Trd, 4319787.943, 95
Trd, 4319790.693, 90
Trd, 4319791.593, 96
Trd, 4319792.243, 89
Trd, 4319793.993, 96
Trd, 4319797.293, 88
Trd, 4319797.993, 92
Trd, 4319798.143, 87
Trd, 4319799.243, 94
Trd, 4319799.743, 88
Trd, 4319801.093, 94
Trd, 4319802.143, 95
Trd, 4319803.643, 87
Trd, 4319805.793, 94
Trd, 4319806.193, 86
Trd, 4319808.993, 87
Trd, 4319809.393, 94
Trd, 4319810.243, 86
Trd, 4319811.343, 94
Trd, 4319816.743, 85
Trd, 4319819.543, 93
Trd, 4319820.193, 86
Trd, 4319820.293, 93
Trd, 4319821.443, 95
Trd, 4319822.343, 85
Trd, 4319825.143, 93
Trd, 4319825.843, 93
Trd, 4319827.393, 92
Trd, 4319831.943, 90
Trd, 4319833.843, 93
Trd, 4319834.743, 89
Trd, 4319835.843, 93
Trd, 4319839.343, 89
Trd, 4319840.993, 89
Trd, 4319844.843, 88
Trd, 4319845.893, 87
Trd, 4319847.343, 90
Trd, 4319848.993, 89
Trd, 4319851.593, 86
Trd, 4319852.243, 102
Trd, 4319853.843, 85
Trd, 4319857.043, 90
Trd, 4319857.193, 85
Trd, 4319858.493, 85
Trd, 4319859.443, 90
Trd, 4319863.343, 86
Trd, 4319863.743, 89
Trd, 4319866.543, 90
Trd, 4319867.693, 87
Trd, 4319868.893, 89
Trd, 4319869.993, 98
Trd, 4319871.893, 95
Trd, 4319874.393, 102
Trd, 4319874.643, 99
Trd, 4319874.993, 96
Trd, 4319875.093, 94
Trd, 4319875.843, 103
Trd, 4319876.293, 96
Trd, 4319877.843, 76
Trd, 4319879.743, 83
Trd, 4319881.193, 92
Trd, 4319881.343, 94
Trd, 4319882.493, 95
Trd, 4319883.293, 91
Trd, 4319883.743, 95
Trd, 4319886.543, 90
Trd, 4319888.843, 91
Trd, 4319889.193, 94
Trd, 4319889.643, 90
Trd, 4319892.593, 94
Trd, 4319896.093, 94
Trd, 4319897.893, 89
Trd, 4319898.043, 89
Trd, 4319899.393, 88
Trd, 4319900.393, 94
Trd, 4319905.043, 93
Trd, 4319905.143, 93
Trd, 4319906.193, 92
Trd, 4319907.993, 95
Trd, 4319908.643, 91
Trd, 4319909.993, 93
Trd, 4319912.343, 92
Trd, 4319912.543, 91
Trd, 4319913.443, 90
Trd, 4319915.343, 93
Trd, 4319915.743, 95
Trd, 4319917.493, 90
Trd, 4319918.143, 90
Trd, 4319918.943, 93
Trd, 4319922.693, 90
Trd, 4319923.843, 93
Trd, 4319925.393, 93
Trd, 4319925.793, 90
Trd, 4319927.043, 97
Trd, 4319928.343, 105
Trd, 4319929.093, 96
Trd, 4319930.893, 97
Trd, 4319933.543, 98
Trd, 4319934.043, 97
Trd, 4319938.493, 90
Trd, 4319938.693, 91
Trd, 4319938.743, 75
Trd, 4319940.343, 88
Trd, 4319942.543, 90
Trd, 4319944.893, 87
Trd, 4319945.493, 90
Trd, 4319945.793, 90
Trd, 4319950.393, 86
Trd, 4319950.593, 86
Trd, 4319954.343, 85
Trd, 4319956.643, 88
Trd, 4319959.043, 84
Trd, 4319962.143, 84
Trd, 4319963.893, 84
Trd, 4319964.793, 86
Trd, 4319968.943, 83
Trd, 4319969.493, 86
Trd, 4319970.843, 92
Trd, 4319972.043, 94
Trd, 4319972.193, 94
Trd, 4319974.843, 99
Trd, 4319975.593, 95
Trd, 4319976.093, 94
Trd, 4319978.693, 103
Trd, 4319980.543, 101
Trd, 4319980.693, 98
Trd, 4319982.793, 99
Trd, 4319983.493, 110
Trd, 4319984.993, 99
Trd, 4319985.643, 99
Trd, 4319988.093, 98
Trd, 4319989.543, 97
Trd, 4319991.393, 96
Trd, 4319993.393, 94
Trd, 4319995.693, 95
Trd, 4319996.843, 104
Trd, 4319998.543, 103
Trd, 4319998.943, 98
