Trd, 4317920.793, 112
Trd, 4317920.893, 103
Trd, 4317923.493, 106
Trd, 4317923.543, 102
Trd, 4317924.793, 101
Trd, 4317925.943, 92
Trd, 4317926.743, 110
Trd, 4317927.593, 105
Trd, 4317928.343, 104
Trd, 4317929.243, 100
Trd, 4317930.893, 97
Trd, 4317931.293, 112
Trd, 4317931.843, 104
Trd, 4317932.543, 101
Trd, 4317934.743, 101
Trd, 4317935.343, 100
Trd, 4317935.943, 104
Trd, 4317938.593, 87
Trd, 4317939.593, 95
Trd, 4317941.143, 96
Trd, 4317941.843, 94
Trd, 4317942.843, 92
Trd, 4317943.893, 113
Trd, 4317945.343, 91
Trd, 4317948.243, 91
Trd, 4317948.543, 101
Trd, 4317950.143, 107
Trd, 4317950.943, 102
Trd, 4317950.993, 92
Trd, 4317955.243, 98
Trd, 4317955.943, 103
Trd, 4317957.143, 104
Trd, 4317959.143, 98
Trd, 4317960.693, 104
Trd, 4317962.793, 101
Trd, 4317963.143, 114
Trd, 4317964.543, 105
Trd, 4317965.493, 103
Trd, 4317966.043, 101
Trd, 4317966.543, 94
Trd, 4317966.993, 102
Trd, 4317970.143, 97
Trd, 4317970.793, 102
Trd, 4317971.143, 104
Trd, 4317973.193, 96
Trd, 4317974.693, 111
Trd, 4317975.043, 112
Trd, 4317975.693, 106
Trd, 4317976.893, 105
Trd, 4317978.743, 106
Trd, 4317979.593, 112
Trd, 4317979.743, 103
Trd, 4317980.993, 103
Trd, 4317981.093, 102
Trd, 4317981.693, 93
Trd, 4317982.943, 96
Trd, 4317984.443, 100
Trd, 4317985.693, 108
Trd, 4317986.443, 96
Trd, 4317988.593, 112
Trd, 4317989.193, 95
Trd, 4317989.893, 102
Trd, 4317990.643, 93
Trd, 4317991.843, 92
Trd, 4317992.193, 113
Trd, 4317994.693, 104
Trd, 4317995.793, 99
Trd, 4317996.993, 97
Trd, 4317997.943, 96
Trd, 4317999.693, 100
Trd, 4318001.193, 97
Trd, 4318001.793, 113
Trd, 4318002.193, 96
Trd, 4318004.193, 104
Trd, 4318004.793, 94
Trd, 4318005.393, 94
Trd, 4318007.443, 96
Trd, 4318007.643, 95
Trd, 4318010.493, 101
Trd, 4318010.743, 94
Trd, 4318012.693, 94
Trd, 4318012.993, 102
Trd, 4318013.843, 104
Trd, 4318015.693, 95
Trd, 4318016.293, 94
Trd, 4318016.643, 84
Trd, 4318017.943, 100
Trd, 4318018.343, 88
Trd, 4318021.643, 107
Trd, 4318022.793, 108
Trd, 4318023.843, 102
Trd, 4318024.543, 101
Trd, 4318025.393, 100
Trd, 4318026.193, 103
Trd, 4318027.843, 101
Trd, 4318028.643, 113
Trd, 4318030.043, 100
Trd, 4318030.443, 101
Trd, 4318033.043, 107
Trd, 4318034.793, 102
Trd, 4318036.593, 105
Trd, 4318037.093, 101
Trd, 4318037.693, 98
Trd, 4318038.293, 113
Trd, 4318039.793, 94
Trd, 4318042.143, 96
Trd, 4318042.243, 104
Trd, 4318043.543, 110
Trd, 4318043.593, 96
Trd, 4318045.143, 96
Trd, 4318047.693, 106
Trd, 4318047.893, 98
Trd, 4318050.043, 110
Trd, 4318050.193, 113
Trd, 4318051.243, 110
Trd, 4318052.043, 109
Trd, 4318053.893, 103
Trd, 4318055.343, 113
Trd, 4318056.143, 106
Trd, 4318057.593, 104
Trd, 4318058.093, 110
Trd, 4318058.243, 114
Trd, 4318058.493, 103
Trd, 4318061.493, 103
Trd, 4318061.993, 102
Trd, 4318063.793, 103
Trd, 4318064.543, 104
Trd, 4318065.243, 114
Trd, 4318066.643, 114
Trd, 4318067.643, 102
Trd, 4318068.293, 102
Trd, 4318068.543, 102
Trd, 4318069.593, 94
Trd, 4318070.343, 102
Trd, 4318070.593, 98
Trd, 4318071.343, 97
Trd, 4318072.393, 85
Trd, 4318074.593, 97
Trd, 4318075.593, 93
Trd, 4318077.543, 94
Trd, 4318077.643, 92
Trd, 4318078.293, 108
Trd, 4318078.393, 84
Trd, 4318078.893, 80
Trd, 4318079.043, 100
Trd, 4318081.993, 111
Trd, 4318085.593, 97
Trd, 4318087.243, 90
Trd, 4318088.393, 104
Trd, 4318088.843, 85
Trd, 4318089.093, 88
Trd, 4318090.393, 84
Trd, 4318091.343, 71
Trd, 4318096.243, 87
Trd, 4318096.743, 104
Trd, 4318097.593, 81
Trd, 4318098.893, 81
Trd, 4318100.143, 98
Trd, 4318102.343, 81
Trd, 4318104.693, 88
Trd, 4318105.543, 80
Trd, 4318107.193, 79
Trd, 4318107.893, 104
Trd, 4318107.993, 78
Trd, 4318109.393, 97
Trd, 4318109.843, 89
Trd, 4318110.543, 90
Trd, 4318110.893, 89
Trd, 4318112.293, 88
Trd, 4318113.543, 109
Trd, 4318114.843, 106
Trd, 4318115.043, 90
Trd, 4318116.293, 113
Trd, 4318117.643, 103
Trd, 4318118.593, 104
Trd, 4318118.693, 95
Trd, 4318121.343, 101
Trd, 4318121.893, 101
Trd, 4318122.843, 105
Trd, 4318123.543, 103
Trd, 4318126.193, 94
Trd, 4318127.743, 111
Trd, 4318128.643, 102
Trd, 4318128.893, 102
Trd, 4318130.843, 107
Trd, 4318132.493, 103
Trd, 4318133.743, 103
Trd, 4318133.793, 103
Trd, 4318134.293, 113
Trd, 4318134.393, 102
Trd, 4318136.193, 93
Trd, 4318136.593, 118
Trd, 4318136.693, 85
Trd, 4318137.343, 85
Trd, 4318139.193, 117
Trd, 4318140.293, 114
Trd, 4318142.893, 104
Trd, 4318143.393, 104
Trd, 4318143.893, 103
Trd, 4318144.693, 102
Trd, 4318145.843, 100
Trd, 4318146.693, 117
Trd, 4318147.543, 94
Trd, 4318148.093, 117
Trd, 4318148.943, 98
Trd, 4318151.393, 96
Trd, 4318151.793, 97
Trd, 4318153.193, 104
Trd, 4318153.543, 96
Trd, 4318153.793, 104
Trd, 4318156.193, 96
Trd, 4318156.843, 94
Trd, 4318158.043, 104
Trd, 4318159.393, 97
Trd, 4318160.043, 97
Trd, 4318160.743, 104
Trd, 4318162.243, 106
Trd, 4318162.443, 118
Trd, 4318163.193, 105
Trd, 4318163.893, 101
Trd, 4318165.393, 117
Trd, 4318166.043, 111
Trd, 4318166.143, 94
Trd, 4318167.793, 117
Trd, 4318168.743, 103
Trd, 4318169.443, 99
Trd, 4318169.943, 93
Trd, 4318173.943, 97
Trd, 4318175.293, 102
Trd, 4318175.443, 96
Trd, 4318175.743, 104
Trd, 4318176.393, 112
Trd, 4318176.693, 116
Trd, 4318180.143, 107
Trd, 4318181.043, 107
Trd, 4318182.493, 110
Trd, 4318183.843, 103
Trd, 4318184.193, 94
Trd, 4318185.093, 100
Trd, 4318185.243, 107
Trd, 4318187.893, 99
Trd, 4318188.093, 113
Trd, 4318188.893, 121
Trd, 4318190.243, 104
Trd, 4318190.893, 100
Trd, 4318192.143, 104
Trd, 4318194.243, 93
Trd, 4318194.793, 91
Trd, 4318194.843, 100
Trd, 4318194.943, 84
Trd, 4318195.243, 103
Trd, 4318196.993, 92
Trd, 4318197.343, 104
Trd, 4318198.893, 94
Trd, 4318198.943, 102
Trd, 4318202.693, 94
Trd, 4318203.243, 93
Trd, 4318203.643, 100
Trd, 4318205.693, 117
Trd, 4318206.143, 105
Trd, 4318206.393, 96
Trd, 4318207.093, 93
Trd, 4318209.343, 110
Trd, 4318210.293, 107
Trd, 4318211.393, 106
Trd, 4318214.243, 105
Trd, 4318214.543, 104
Trd, 4318215.143, 107
Trd, 4318216.443, 113
Trd, 4318217.693, 118
Trd, 4318219.243, 122
Trd, 4318219.293, 120
Trd, 4318220.543, 111
Trd, 4318222.643, 102
Trd, 4318222.743, 93
Trd, 4318223.943, 86
Trd, 4318225.143, 104
Trd, 4318227.443, 102
Trd, 4318228.043, 115
Trd, 4318229.943, 102
Trd, 4318230.093, 101
Trd, 4318231.893, 103
Trd, 4318231.993, 114
Trd, 4318233.893, 101
Trd, 4318234.893, 100
Trd, 4318235.543, 100
Trd, 4318235.993, 94
Trd, 4318237.193, 90
Trd, 4318237.993, 96
Trd, 4318238.843, 87
Trd, 4318239.593, 96
Trd, 4318241.743, 88
Trd, 4318243.843, 89
Trd, 4318243.943, 93
Trd, 4318245.943, 87
Trd, 4318246.093, 87
Trd, 4318248.843, 104
Trd, 4318250.193, 107
Trd, 4318251.343, 94
Trd, 4318252.593, 100
Trd, 4318252.943, 96
Trd, 4318255.393, 100
Trd, 4318255.493, 96
Trd, 4318255.743, 94
Trd, 4318256.693, 104
Trd, 4318258.693, 97
Trd, 4318260.143, 100
Trd, 4318260.493, 100
Trd, 4318261.543, 96
Trd, 4318262.643, 104
Trd, 4318263.393, 94
Trd, 4318265.593, 101
Trd, 4318268.593, 95
Trd, 4318269.843, 104
Trd, 4318270.343, 95
Trd, 4318271.493, 94
Trd, 4318272.843, 93
Trd, 4318273.243, 102
Trd, 4318274.393, 92
Trd, 4318274.643, 98
Trd, 4318277.043, 92
Trd, 4318277.843, 94
Trd, 4318280.743, 93
Trd, 4318280.793, 113
Trd, 4318281.043, 88
Trd, 4318281.693, 121
Trd, 4318282.693, 97
Trd, 4318283.743, 108
Trd, 4318286.593, 102
Trd, 4318287.593, 98
Trd, 4318288.193, 99
Trd, 4318288.393, 92
Trd, 4318289.643, 102
Trd, 4318290.393, 108
Trd, 4318291.793, 121
Trd, 4318292.993, 100
Trd, 4318294.593, 106
Trd, 4318294.693, 99
Trd, 4318295.693, 92
Trd, 4318296.393, 85
Trd, 4318296.593, 85
Trd, 4318299.693, 104
Trd, 4318299.793, 98
Trd, 4318301.293, 98
Trd, 4318304.293, 97
Trd, 4318305.693, 101
Trd, 4318307.343, 97
Trd, 4318307.793, 104
Trd, 4318309.493, 96
Trd, 4318310.593, 96
Trd, 4318312.393, 100
Trd, 4318312.993, 122
Trd, 4318314.843, 115
Trd, 4318315.143, 111
Trd, 4318316.293, 100
Trd, 4318316.893, 106
Trd, 4318317.043, 94
Trd, 4318317.093, 107
Trd, 4318318.243, 104
Trd, 4318319.693, 106
Trd, 4318320.743, 104
Trd, 4318321.043, 102
Trd, 4318323.643, 115
Trd, 4318324.043, 115
Trd, 4318324.343, 102
Trd, 4318325.993, 101
Trd, 4318328.293, 111
Trd, 4318328.393, 93
Trd, 4318331.843, 97
Trd, 4318332.143, 97
Trd, 4318332.343, 102
Trd, 4318332.593, 97
Trd, 4318333.893, 111
Trd, 4318334.893, 95
Trd, 4318337.943, 95
Trd, 4318338.743, 102
Trd, 4318340.893, 102
Trd, 4318341.043, 94
Trd, 4318343.593, 96
Trd, 4318344.743, 104
Trd, 4318346.693, 95
Trd, 4318347.043, 101
Trd, 4318347.543, 94
Trd, 4318349.493, 98
Trd, 4318351.493, 93
Trd, 4318352.243, 93
Trd, 4318352.643, 94
Trd, 4318353.693, 98
Trd, 4318357.793, 94
Trd, 4318358.243, 94
Trd, 4318358.493, 94
Trd, 4318359.493, 84
Trd, 4318359.943, 112
Trd, 4318360.543, 113
Trd, 4318361.343, 88
Trd, 4318363.693, 87
Trd, 4318363.943, 117
Trd, 4318364.393, 97
Trd, 4318366.443, 101
Trd, 4318367.193, 116
Trd, 4318367.293, 87
Trd, 4318367.943, 122
Trd, 4318369.693, 101
Trd, 4318371.243, 108
Trd, 4318371.643, 102
Trd, 4318371.793, 108
Trd, 4318373.343, 104
Trd, 4318373.693, 104
Trd, 4318374.693, 113
Trd, 4318375.393, 119
Trd, 4318378.193, 96
Trd, 4318378.343, 91
Trd, 4318379.743, 91
Trd, 4318381.493, 104
Trd, 4318381.643, 96
Trd, 4318382.243, 84
Trd, 4318384.093, 97
Trd, 4318384.343, 104
Trd, 4318386.793, 102
Trd, 4318387.443, 102
Trd, 4318387.593, 117
Trd, 4318388.443, 100
Trd, 4318390.743, 101
Trd, 4318393.643, 104
Trd, 4318393.893, 104
Trd, 4318394.693, 102
Trd, 4318396.243, 114
Trd, 4318396.793, 102
Trd, 4318397.743, 101
Trd, 4318398.093, 114
Trd, 4318400.043, 102
Trd, 4318400.443, 97
Trd, 4318400.593, 92
Trd, 4318403.343, 98
Trd, 4318404.643, 97
Trd, 4318404.993, 96
Trd, 4318405.193, 107
Trd, 4318405.443, 122
Trd, 4318406.693, 94
Trd, 4318408.743, 93
Trd, 4318410.143, 88
Trd, 4318410.893, 85
Trd, 4318411.143, 100
Trd, 4318412.343, 117
Trd, 4318413.293, 96
Trd, 4318414.543, 118
Trd, 4318415.143, 102
Trd, 4318416.043, 90
Trd, 4318416.543, 115
Trd, 4318417.993, 123
Trd, 4318419.643, 114
Trd, 4318420.293, 112
Trd, 4318420.993, 97
Trd, 4318421.793, 85
Trd, 4318422.793, 99
Trd, 4318423.893, 100
Trd, 4318424.443, 104
Trd, 4318425.043, 92
Trd, 4318426.343, 100
Trd, 4318427.343, 99
Trd, 4318428.643, 83
Trd, 4318429.393, 93
Trd, 4318431.743, 98
Trd, 4318432.143, 104
Trd, 4318432.393, 94
Trd, 4318432.693, 92
Trd, 4318435.743, 100
Trd, 4318435.843, 96
Trd, 4318436.493, 96
Trd, 4318438.993, 100
Trd, 4318440.843, 95
Trd, 4318440.893, 95
Trd, 4318442.743, 103
Trd, 4318442.793, 93
Trd, 4318442.943, 93
Trd, 4318445.943, 113
Trd, 4318447.043, 116
Trd, 4318448.493, 105
Trd, 4318449.693, 107
Trd, 4318450.693, 104
Trd, 4318451.343, 106
Trd, 4318451.993, 117
Trd, 4318453.843, 112
Trd, 4318454.893, 103
Trd, 4318455.893, 107
Trd, 4318456.143, 93
Trd, 4318459.193, 100
Trd, 4318460.593, 101
Trd, 4318461.143, 105
Trd, 4318461.493, 101
Trd, 4318462.293, 100
Trd, 4318463.343, 105
Trd, 4318465.543, 113
Trd, 4318467.193, 104
Trd, 4318468.343, 103
Trd, 4318468.393, 93
Trd, 4318469.793, 109
Trd, 4318470.043, 97
Trd, 4318471.893, 98
Trd, 4318472.193, 92
Trd, 4318474.193, 94
Trd, 4318475.193, 104
Trd, 4318478.643, 99
Trd, 4318478.743, 95
Trd, 4318480.293, 95
Trd, 4318481.243, 101
Trd, 4318482.343, 94
Trd, 4318483.193, 104
Trd, 4318484.343, 113
Trd, 4318485.493, 93
Trd, 4318488.343, 93
Trd, 4318490.193, 101
Trd, 4318490.243, 92
Trd, 4318492.243, 103
Trd, 4318492.843, 96
Trd, 4318493.393, 100
Trd, 4318496.043, 94
Trd, 4318496.643, 94
Trd, 4318496.843, 113
Trd, 4318498.193, 120
Trd, 4318502.143, 94
Trd, 4318502.793, 97
Trd, 4318503.143, 95
Trd, 4318505.493, 99
Trd, 4318506.093, 98
Trd, 4318506.943, 98
Trd, 4318508.043, 117
Trd, 4318509.043, 97
Trd, 4318510.493, 104
Trd, 4318510.593, 94
Trd, 4318511.793, 111
Trd, 4318511.893, 96
Trd, 4318513.543, 95
Trd, 4318515.393, 96
Trd, 4318515.643, 95
Trd, 4318518.443, 96
Trd, 4318519.343, 95
Trd, 4318520.193, 101
Trd, 4318520.893, 114
Trd, 4318521.993, 99
Trd, 4318522.843, 95
Trd, 4318524.093, 102
Trd, 4318526.443, 102
Trd, 4318530.243, 101
Trd, 4318530.293, 105
Trd, 4318530.843, 101
Trd, 4318531.343, 94
Trd, 4318531.893, 85
Trd, 4318532.693, 109
Trd, 4318533.393, 89
Trd, 4318533.743, 91
Trd, 4318536.843, 91
Trd, 4318537.093, 95
Trd, 4318538.443, 85
Trd, 4318539.793, 104
Trd, 4318541.343, 95
Trd, 4318541.693, 88
Trd, 4318544.193, 87
Trd, 4318544.443, 110
Trd, 4318546.893, 92
Trd, 4318547.743, 100
Trd, 4318550.093, 113
Trd, 4318552.793, 93
Trd, 4318553.543, 93
Trd, 4318553.793, 101
Trd, 4318555.743, 92
Trd, 4318557.293, 91
Trd, 4318557.443, 98
Trd, 4318558.193, 91
Trd, 4318561.293, 91
Trd, 4318561.543, 98
Trd, 4318562.143, 94
Trd, 4318564.743, 94
Trd, 4318564.993, 99
Trd, 4318567.443, 94
Trd, 4318567.743, 99
Trd, 4318568.993, 93
Trd, 4318569.843, 93
Trd, 4318570.043, 104
Trd, 4318571.643, 95
Trd, 4318572.443, 92
Trd, 4318575.043, 100
Trd, 4318575.143, 97
Trd, 4318575.893, 100
Trd, 4318576.893, 96
Trd, 4318580.493, 95
Trd, 4318581.493, 94
Trd, 4318581.593, 99
Trd, 4318581.693, 85
Trd, 4318585.643, 99
Trd, 4318586.843, 98
Trd, 4318586.993, 97
Trd, 4318587.843, 95
Trd, 4318591.093, 105
Trd, 4318592.393, 104
Trd, 4318592.893, 103
Trd, 4318593.393, 109
Trd, 4318593.843, 94
Trd, 4318594.043, 85
Trd, 4318595.543, 94
Trd, 4318595.693, 113
Trd, 4318596.493, 105
Trd, 4318599.293, 99
Trd, 4318599.593, 99
Trd, 4318601.643, 98
Trd, 4318602.143, 103
Trd, 4318603.643, 97
Trd, 4318604.593, 94
Trd, 4318605.343, 96
Trd, 4318606.693, 102
Trd, 4318607.343, 95
Trd, 4318608.393, 94
Trd, 4318608.593, 107
Trd, 4318609.493, 112
Trd, 4318612.043, 101
Trd, 4318612.243, 113
Trd, 4318613.693, 97
Trd, 4318614.543, 98
Trd, 4318614.843, 84
Trd, 4318615.343, 104
Trd, 4318616.643, 108
Trd, 4318622.143, 93
Trd, 4318622.593, 93
Trd, 4318623.193, 93
Trd, 4318623.743, 97
Trd, 4318624.043, 104
Trd, 4318625.893, 113
Trd, 4318626.243, 99
Trd, 4318626.843, 98
Trd, 4318627.743, 104
Trd, 4318629.843, 96
Trd, 4318630.643, 115
Trd, 4318634.493, 103
Trd, 4318634.893, 104
Trd, 4318635.843, 101
Trd, 4318637.443, 101
Trd, 4318637.543, 99
Trd, 4318638.293, 104
Trd, 4318639.293, 82
Trd, 4318641.043, 99
Trd, 4318641.543, 109
Trd, 4318642.743, 98
Trd, 4318643.493, 100
Trd, 4318645.843, 112
Trd, 4318646.993, 104
Trd, 4318647.843, 103
Trd, 4318648.443, 103
Trd, 4318649.393, 102
Trd, 4318649.493, 101
Trd, 4318650.443, 113
Trd, 4318651.143, 94
Trd, 4318651.543, 83
Trd, 4318651.693, 91
Trd, 4318655.643, 102
Trd, 4318655.693, 101
Trd, 4318657.093, 101
Trd, 4318657.943, 104
Trd, 4318659.093, 106
Trd, 4318660.993, 100
Trd, 4318661.593, 114
Trd, 4318662.293, 84
Trd, 4318664.043, 90
Trd, 4318664.743, 95
Trd, 4318665.243, 99
Trd, 4318666.543, 93
Trd, 4318667.993, 106
Trd, 4318669.093, 100
Trd, 4318670.993, 112
Trd, 4318671.293, 101
Trd, 4318673.743, 101
Trd, 4318674.493, 101
Trd, 4318674.693, 105
Trd, 4318676.543, 102
Trd, 4318678.493, 101
Trd, 4318678.793, 100
Trd, 4318679.343, 106
Trd, 4318680.143, 106
Trd, 4318680.543, 106
Trd, 4318681.443, 112
Trd, 4318681.993, 99
Trd, 4318683.843, 93
Trd, 4318684.193, 95
Trd, 4318686.193, 109
Trd, 4318686.943, 104
Trd, 4318690.093, 103
Trd, 4318691.843, 104
Trd, 4318693.093, 104
Trd, 4318693.143, 102
Trd, 4318694.393, 103
Trd, 4318694.893, 102
Trd, 4318695.793, 101
Trd, 4318696.243, 113
Trd, 4318697.943, 93
Trd, 4318698.793, 98
Trd, 4318699.793, 97
Trd, 4318700.793, 99
Trd, 4318703.193, 100
Trd, 4318704.543, 104
Trd, 4318705.093, 95
Trd, 4318705.493, 94
Trd, 4318705.993, 93
Trd, 4318707.843, 113
Trd, 4318709.243, 103
Trd, 4318709.943, 106
Trd, 4318710.193, 102
Trd, 4318710.593, 102
Trd, 4318712.643, 98
Trd, 4318713.293, 101
Trd, 4318713.843, 92
Trd, 4318715.493, 97
Trd, 4318716.643, 100
Trd, 4318716.893, 104
Trd, 4318717.493, 98
Trd, 4318719.443, 102
Trd, 4318721.343, 96
Trd, 4318721.743, 96
Trd, 4318721.793, 94
Trd, 4318722.593, 114
Trd, 4318724.143, 93
Trd, 4318727.093, 85
Trd, 4318727.443, 95
Trd, 4318729.743, 92
Trd, 4318731.443, 96
Trd, 4318731.943, 91
Trd, 4318732.543, 91
Trd, 4318734.943, 91
Trd, 4318735.543, 113
Trd, 4318735.643, 99
Trd, 4318736.293, 114
Trd, 4318737.393, 90
Trd, 4318740.043, 97
Trd, 4318740.293, 89
Trd, 4318740.743, 104
Trd, 4318744.043, 94
Trd, 4318744.143, 99
Trd, 4318744.643, 93
Trd, 4318745.393, 107
Trd, 4318747.893, 110
Trd, 4318748.393, 92
Trd, 4318749.443, 91
Trd, 4318751.193, 110
Trd, 4318751.693, 99
Trd, 4318752.243, 101
Trd, 4318752.293, 98
Trd, 4318753.243, 113
Trd, 4318753.793, 107
Trd, 4318755.343, 113
Trd, 4318755.993, 106
Trd, 4318757.443, 114
Trd, 4318758.393, 103
Trd, 4318758.843, 94
Trd, 4318759.893, 107
Trd, 4318760.993, 100
Trd, 4318761.993, 107
Trd, 4318762.343, 85
Trd, 4318764.143, 80
Trd, 4318764.593, 111
Trd, 4318767.743, 101
Trd, 4318768.093, 100
Trd, 4318768.643, 113
Trd, 4318769.243, 104
Trd, 4318769.693, 82
Trd, 4318771.543, 95
Trd, 4318771.643, 108
Trd, 4318771.893, 119
Trd, 4318771.943, 89
Trd, 4318773.393, 91
Trd, 4318773.993, 118
Trd, 4318778.143, 95
Trd, 4318779.543, 94
Trd, 4318782.243, 108
Trd, 4318782.343, 119
Trd, 4318784.393, 110
Trd, 4318784.893, 105
Trd, 4318787.043, 104
Trd, 4318787.193, 104
Trd, 4318787.843, 101
Trd, 4318787.943, 102
Trd, 4318788.693, 110
Trd, 4318788.793, 104
Trd, 4318789.293, 93
Trd, 4318790.743, 104
Trd, 4318794.043, 100
Trd, 4318796.743, 103
Trd, 4318796.893, 100
Trd, 4318797.343, 99
Trd, 4318797.793, 113
Trd, 4318798.543, 93
Trd, 4318799.743, 93
Trd, 4318801.843, 102
Trd, 4318802.593, 104
Trd, 4318803.943, 97
Trd, 4318804.543, 96
Trd, 4318804.743, 94
Trd, 4318806.643, 105
Trd, 4318806.943, 105
Trd, 4318807.293, 102
Trd, 4318808.943, 112
Trd, 4318809.743, 106
Trd, 4318810.393, 103
Trd, 4318812.443, 103
Trd, 4318813.993, 103
Trd, 4318814.693, 104
Trd, 4318815.293, 102
Trd, 4318816.293, 101
Trd, 4318819.343, 101
Trd, 4318819.593, 93
Trd, 4318820.493, 97
Trd, 4318821.843, 95
Trd, 4318821.943, 104
Trd, 4318823.843, 95
Trd, 4318825.343, 101
Trd, 4318827.243, 96
Trd, 4318827.993, 95
Trd, 4318828.443, 94
Trd, 4318828.543, 113
Trd, 4318828.893, 71
Trd, 4318829.493, 104
Trd, 4318830.043, 84
Trd, 4318833.743, 86
Trd, 4318834.743, 94
Trd, 4318834.843, 85
Trd, 4318839.793, 94
Trd, 4318840.593, 104
Trd, 4318841.543, 86
Trd, 4318841.693, 86
Trd, 4318843.643, 85
Trd, 4318845.293, 98
Trd, 4318846.443, 88
Trd, 4318846.843, 104
Trd, 4318848.193, 116
Trd, 4318848.293, 88
Trd, 4318849.743, 103
Trd, 4318850.743, 103
Trd, 4318851.943, 102
Trd, 4318853.593, 101
Trd, 4318855.393, 104
Trd, 4318855.543, 106
Trd, 4318857.393, 99
Trd, 4318857.743, 99
Trd, 4318859.343, 113
Trd, 4318859.543, 101
Trd, 4318861.093, 106
Trd, 4318861.893, 105
Trd, 4318862.243, 104
Trd, 4318863.543, 108
Trd, 4318863.943, 103
Trd, 4318865.093, 108
Trd, 4318865.293, 112
Trd, 4318867.593, 107
Trd, 4318868.393, 107
Trd, 4318868.443, 102
Trd, 4318869.143, 103
Trd, 4318869.893, 93
Trd, 4318870.793, 105
Trd, 4318870.843, 99
Trd, 4318873.543, 100
Trd, 4318874.643, 106
Trd, 4318874.693, 85
Trd, 4318876.093, 90
Trd, 4318879.193, 97
Trd, 4318880.243, 93
Trd, 4318880.443, 93
Trd, 4318884.443, 94
Trd, 4318884.893, 100
Trd, 4318886.543, 94
Trd, 4318886.893, 92
Trd, 4318887.093, 91
Trd, 4318888.993, 104
Trd, 4318889.493, 92
Trd, 4318891.193, 111
Trd, 4318891.293, 113
Trd, 4318893.743, 102
Trd, 4318894.243, 102
Trd, 4318894.843, 99
Trd, 4318895.393, 92
Trd, 4318898.393, 98
Trd, 4318898.693, 97
Trd, 4318898.843, 98
Trd, 4318899.093, 97
Trd, 4318900.643, 113
Trd, 4318901.993, 96
Trd, 4318902.893, 94
Trd, 4318903.643, 106
Trd, 4318906.693, 98
Trd, 4318908.093, 102
Trd, 4318908.193, 97
Trd, 4318909.093, 104
Trd, 4318910.443, 96
Trd, 4318911.193, 106
Trd, 4318914.743, 103
Trd, 4318914.843, 101
Trd, 4318915.343, 98
Trd, 4318916.143, 95
Trd, 4318916.243, 104
Trd, 4318916.843, 96
Trd, 4318916.993, 94
Trd, 4318918.093, 93
Trd, 4318919.943, 100
Trd, 4318921.693, 94
Trd, 4318922.593, 96
Trd, 4318924.443, 94
Trd, 4318924.743, 109
Trd, 4318925.743, 110
Trd, 4318926.843, 100
Trd, 4318927.093, 93
Trd, 4318928.343, 85
Trd, 4318929.643, 102
Trd, 4318930.843, 113
Trd, 4318932.193, 118
Trd, 4318935.143, 104
Trd, 4318935.343, 104
Trd, 4318935.493, 92
Trd, 4318935.843, 83
Trd, 4318937.193, 89
Trd, 4318937.593, 110
Trd, 4318940.443, 99
Trd, 4318941.243, 102
Trd, 4318942.043, 101
Trd, 4318942.093, 108
Trd, 4318943.293, 92
Trd, 4318945.093, 98
Trd, 4318946.893, 104
Trd, 4318947.193, 96
Trd, 4318949.893, 95
Trd, 4318949.943, 95
Trd, 4318951.943, 103
Trd, 4318952.343, 94
Trd, 4318954.643, 97
Trd, 4318956.043, 98
Trd, 4318957.643, 113
Trd, 4318957.693, 102
Trd, 4318958.993, 104
Trd, 4318959.293, 113
Trd, 4318960.343, 117
Trd, 4318961.243, 102
Trd, 4318962.243, 130
Trd, 4318962.493, 118
Trd, 4318964.443, 108
Trd, 4318965.193, 92
Trd, 4318966.893, 91
Trd, 4318967.093, 104
Trd, 4318967.793, 97
Trd, 4318969.443, 85
Trd, 4318970.143, 91
Trd, 4318972.293, 104
Trd, 4318972.993, 97
Trd, 4318974.393, 95
Trd, 4318974.693, 94
Trd, 4318975.493, 84
Trd, 4318976.593, 89
Trd, 4318978.243, 95
Trd, 4318979.193, 104
Trd, 4318981.293, 89
Trd, 4318981.993, 99
Trd, 4318984.393, 88
Trd, 4318984.943, 88
Trd, 4318985.093, 100
Trd, 4318986.793, 88
Trd, 4318987.993, 103
Trd, 4318990.193, 102
Trd, 4318991.593, 95
Trd, 4318994.043, 95
Trd, 4318994.693, 94
Trd, 4318995.793, 100
Trd, 4318996.993, 104
Trd, 4318998.843, 93
Trd, 4318999.393, 114
Trd, 4318999.843, 104
Trd, 4319001.343, 103
Trd, 4319002.343, 104
Trd, 4319004.293, 104
Trd, 4319004.843, 102
Trd, 4319007.193, 101
Trd, 4319007.743, 104
Trd, 4319008.243, 101
Trd, 4319009.543, 92
Trd, 4319011.693, 104
Trd, 4319011.793, 98
Trd, 4319011.993, 98
Trd, 4319014.743, 98
Trd, 4319015.043, 98
Trd, 4319016.143, 96
Trd, 4319016.443, 100
Trd, 4319017.543, 94
Trd, 4319020.093, 111
Trd, 4319021.493, 110
Trd, 4319023.493, 104
Trd, 4319024.043, 101
Trd, 4319024.343, 82
Trd, 4319024.693, 88
Trd, 4319025.543, 77
Trd, 4319026.743, 88
Trd, 4319028.293, 86
Trd, 4319028.493, 113
Trd, 4319031.643, 98
Trd, 4319031.843, 96
Trd, 4319035.243, 97
Trd, 4319036.893, 108
Trd, 4319036.943, 97
Trd, 4319037.193, 113
Trd, 4319037.243, 96
Trd, 4319037.743, 94
Trd, 4319040.143, 93
Trd, 4319042.143, 99
Trd, 4319042.943, 93
Trd, 4319043.693, 92
Trd, 4319045.243, 91
Trd, 4319046.893, 91
Trd, 4319048.493, 90
Trd, 4319048.543, 77
Trd, 4319048.843, 99
Trd, 4319048.993, 104
Trd, 4319051.843, 92
Trd, 4319055.843, 95
Trd, 4319056.093, 91
Trd, 4319056.543, 96
Trd, 4319058.843, 104
Trd, 4319058.943, 102
Trd, 4319060.493, 113
Trd, 4319061.143, 99
Trd, 4319064.043, 106
Trd, 4319064.593, 105
Trd, 4319065.543, 104
Trd, 4319067.993, 104
Trd, 4319068.193, 103
Trd, 4319068.443, 103
Trd, 4319070.143, 102
Trd, 4319071.843, 105
Trd, 4319072.393, 112
Trd, 4319072.943, 102
Trd, 4319073.493, 103
Trd, 4319074.043, 113
Trd, 4319074.543, 99
Trd, 4319077.693, 104
Trd, 4319078.993, 105
Trd, 4319079.893, 112
Trd, 4319081.943, 107
Trd, 4319082.243, 105
Trd, 4319083.443, 93
Trd, 4319084.793, 111
Trd, 4319085.393, 106
Trd, 4319087.593, 105
Trd, 4319088.243, 105
Trd, 4319088.643, 104
Trd, 4319090.793, 103
Trd, 4319091.143, 104
Trd, 4319092.643, 103
Trd, 4319095.993, 102
Trd, 4319096.493, 102
Trd, 4319097.143, 101
Trd, 4319097.193, 105
Trd, 4319098.793, 94
Trd, 4319098.943, 85
Trd, 4319099.843, 114
Trd, 4319101.643, 100
Trd, 4319103.043, 101
Trd, 4319103.493, 103
Trd, 4319104.493, 114
Trd, 4319106.993, 102
Trd, 4319107.493, 101
Trd, 4319107.993, 93
Trd, 4319109.443, 110
Trd, 4319111.943, 100
Trd, 4319113.543, 100
Trd, 4319114.843, 114
Trd, 4319115.093, 116
Trd, 4319115.443, 113
Trd, 4319116.243, 106
Trd, 4319119.543, 106
Trd, 4319122.543, 105
Trd, 4319123.143, 103
Trd, 4319124.493, 110
Trd, 4319125.643, 103
Trd, 4319127.443, 103
Trd, 4319128.393, 101
Trd, 4319129.943, 101
Trd, 4319130.293, 122
Trd, 4319130.943, 92
Trd, 4319132.693, 107
Trd, 4319134.143, 97
Trd, 4319134.743, 97
Trd, 4319135.143, 108
Trd, 4319136.243, 108
Trd, 4319136.893, 95
Trd, 4319137.393, 81
Trd, 4319138.743, 92
Trd, 4319139.243, 109
Trd, 4319140.043, 115
Trd, 4319141.093, 96
Trd, 4319144.043, 93
Trd, 4319144.243, 100
Trd, 4319145.043, 89
Trd, 4319146.143, 92
Trd, 4319147.743, 96
Trd, 4319150.243, 98
Trd, 4319151.893, 98
Trd, 4319152.643, 96
Trd, 4319153.143, 107
Trd, 4319153.893, 111
Trd, 4319154.193, 101
Trd, 4319154.493, 115
Trd, 4319156.893, 103
Trd, 4319158.343, 100
Trd, 4319159.293, 85
Trd, 4319159.843, 73
Trd, 4319160.593, 83
Trd, 4319161.043, 86
Trd, 4319162.093, 104
Trd, 4319162.743, 83
Trd, 4319165.943, 92
Trd, 4319166.143, 88
Trd, 4319167.393, 92
Trd, 4319167.693, 93
Trd, 4319168.093, 114
Trd, 4319170.143, 105
Trd, 4319171.643, 107
Trd, 4319171.993, 104
Trd, 4319172.443, 116
Trd, 4319172.493, 102
Trd, 4319176.343, 102
Trd, 4319177.843, 104
Trd, 4319178.143, 92
Trd, 4319178.593, 80
Trd, 4319180.393, 109
Trd, 4319182.143, 96
Trd, 4319183.193, 94
Trd, 4319183.293, 112
Trd, 4319185.493, 94
Trd, 4319186.043, 95
Trd, 4319188.943, 93
Trd, 4319189.543, 101
Trd, 4319190.943, 97
Trd, 4319193.143, 92
Trd, 4319193.593, 92
Trd, 4319193.693, 111
Trd, 4319195.443, 115
Trd, 4319195.643, 97
Trd, 4319199.793, 102
Trd, 4319201.493, 104
Trd, 4319201.593, 101
Trd, 4319202.243, 100
Trd, 4319204.693, 104
Trd, 4319204.993, 98
Trd, 4319205.543, 99
Trd, 4319206.243, 94
Trd, 4319208.043, 103
Trd, 4319208.343, 104
Trd, 4319209.543, 102
Trd, 4319210.543, 102
Trd, 4319212.493, 113
Trd, 4319213.593, 115
Trd, 4319215.043, 112
Trd, 4319216.193, 111
Trd, 4319216.543, 110
Trd, 4319217.043, 124
Trd, 4319217.143, 103
Trd, 4319218.793, 112
Trd, 4319220.043, 107
Trd, 4319222.793, 112
Trd, 4319224.643, 103
Trd, 4319226.743, 107
Trd, 4319227.193, 109
Trd, 4319227.593, 106
Trd, 4319228.743, 103
Trd, 4319230.393, 104
Trd, 4319231.093, 105
Trd, 4319232.493, 106
Trd, 4319233.443, 107
Trd, 4319234.343, 107
Trd, 4319235.593, 102
Trd, 4319236.293, 106
Trd, 4319236.343, 107
Trd, 4319236.993, 99
Trd, 4319237.993, 93
Trd, 4319238.293, 92
Trd, 4319240.843, 102
Trd, 4319241.493, 96
Trd, 4319242.743, 96
Trd, 4319244.343, 104
Trd, 4319244.993, 96
Trd, 4319245.693, 110
Trd, 4319247.693, 106
Trd, 4319247.793, 95
Trd, 4319250.043, 114
Trd, 4319250.843, 94
Trd, 4319252.393, 93
Trd, 4319252.593, 92
Trd, 4319253.593, 85
Trd, 4319254.993, 107
Trd, 4319255.093, 103
Trd, 4319256.843, 109
Trd, 4319258.093, 94
Trd, 4319258.293, 96
Trd, 4319261.093, 102
Trd, 4319261.143, 98
Trd, 4319262.443, 100
Trd, 4319265.043, 102
Trd, 4319265.643, 104
Trd, 4319265.793, 100
Trd, 4319266.043, 84
Trd, 4319268.043, 89
Trd, 4319268.093, 103
Trd, 4319269.193, 84
Trd, 4319270.193, 110
Trd, 4319272.393, 102
Trd, 4319273.243, 100
Trd, 4319273.343, 94
Trd, 4319274.393, 112
Trd, 4319277.593, 101
Trd, 4319277.643, 98
Trd, 4319279.043, 109
Trd, 4319279.243, 107
Trd, 4319279.993, 93
Trd, 4319281.193, 95
Trd, 4319282.493, 89
Trd, 4319283.293, 110
Trd, 4319284.293, 113
Trd, 4319284.743, 92
Trd, 4319286.043, 84
Trd, 4319287.593, 100
Trd, 4319289.343, 96
Trd, 4319290.443, 95
Trd, 4319290.993, 100
Trd, 4319292.093, 94
Trd, 4319293.593, 98
Trd, 4319293.743, 104
Trd, 4319294.243, 93
Trd, 4319295.243, 92
Trd, 4319296.543, 91
Trd, 4319296.893, 114
Trd, 4319299.743, 91
Trd, 4319302.743, 100
Trd, 4319302.993, 96
Trd, 4319304.543, 96
Trd, 4319304.793, 113
Trd, 4319305.293, 96
Trd, 4319306.393, 95
Trd, 4319306.743, 105
Trd, 4319308.743, 97
Trd, 4319308.893, 93
Trd, 4319310.243, 100
Trd, 4319312.193, 96
Trd, 4319312.543, 104
Trd, 4319312.693, 96
Trd, 4319316.493, 110
Trd, 4319317.043, 102
Trd, 4319317.093, 98
Trd, 4319317.943, 94
Trd, 4319318.943, 96
Trd, 4319319.593, 92
Trd, 4319321.543, 105
Trd, 4319323.493, 104
Trd, 4319323.793, 101
Trd, 4319324.643, 86
Trd, 4319326.193, 105
Trd, 4319328.093, 94
Trd, 4319328.743, 98
Trd, 4319333.143, 94
Trd, 4319333.493, 94
Trd, 4319333.593, 93
Trd, 4319336.143, 93
Trd, 4319338.693, 104
Trd, 4319339.693, 101
Trd, 4319340.143, 93
Trd, 4319341.893, 107
Trd, 4319344.343, 112
Trd, 4319344.443, 92
Trd, 4319345.693, 113
Trd, 4319346.493, 91
Trd, 4319347.543, 89
Trd, 4319348.793, 101
Trd, 4319349.293, 88
Trd, 4319351.393, 90
Trd, 4319351.493, 98
Trd, 4319353.593, 91
Trd, 4319354.993, 90
Trd, 4319358.043, 112
Trd, 4319359.393, 103
Trd, 4319359.593, 89
Trd, 4319362.393, 103
Trd, 4319363.293, 100
Trd, 4319363.393, 104
Trd, 4319364.393, 99
Trd, 4319365.693, 99
Trd, 4319366.993, 98
Trd, 4319367.843, 98
Trd, 4319368.693, 103
Trd, 4319370.693, 103
Trd, 4319371.843, 110
Trd, 4319372.543, 97
Trd, 4319373.043, 97
Trd, 4319373.293, 113
Trd, 4319373.793, 104
Trd, 4319375.643, 104
Trd, 4319376.343, 121
Trd, 4319378.043, 107
Trd, 4319379.543, 103
Trd, 4319380.443, 99
Trd, 4319381.393, 102
Trd, 4319381.843, 113
Trd, 4319382.393, 114
Trd, 4319384.043, 101
Trd, 4319385.443, 105
Trd, 4319386.293, 101
Trd, 4319386.493, 100
Trd, 4319387.293, 106
Trd, 4319389.393, 100
Trd, 4319389.643, 94
Trd, 4319390.993, 114
Trd, 4319391.893, 97
Trd, 4319394.493, 97
Trd, 4319394.993, 104
Trd, 4319395.093, 96
Trd, 4319398.893, 101
Trd, 4319399.593, 98
Trd, 4319402.443, 109
Trd, 4319402.493, 97
Trd, 4319403.793, 99
Trd, 4319405.693, 100
Trd, 4319406.293, 97
Trd, 4319406.943, 97
Trd, 4319408.543, 100
Trd, 4319409.043, 98
Trd, 4319412.043, 90
Trd, 4319412.543, 89
Trd, 4319413.393, 90
Trd, 4319413.743, 114
Trd, 4319413.893, 91
Trd, 4319414.643, 90
Trd, 4319414.893, 88
Trd, 4319416.243, 87
Trd, 4319418.643, 98
Trd, 4319420.293, 102
Trd, 4319421.193, 99
Trd, 4319422.793, 98
Trd, 4319422.993, 99
Trd, 4319423.443, 104
Trd, 4319425.693, 99
Trd, 4319427.593, 98
Trd, 4319428.193, 114
Trd, 4319428.843, 98
Trd, 4319430.593, 99
Trd, 4319430.843, 102
Trd, 4319431.693, 98
Trd, 4319432.193, 100
Trd, 4319434.843, 99
Trd, 4319434.943, 98
Trd, 4319437.743, 97
Trd, 4319438.243, 97
Trd, 4319439.543, 100
Trd, 4319439.643, 104
Trd, 4319441.743, 96
Trd, 4319442.843, 111
Trd, 4319443.193, 95
Trd, 4319446.193, 94
Trd, 4319446.393, 104
Trd, 4319446.893, 93
Trd, 4319447.793, 105
Trd, 4319448.893, 100
Trd, 4319449.043, 116
Trd, 4319449.793, 102
Trd, 4319450.693, 106
Trd, 4319450.793, 92
Trd, 4319452.543, 116
Trd, 4319454.443, 106
Trd, 4319455.593, 107
Trd, 4319456.943, 108
Trd, 4319457.193, 110
Trd, 4319459.643, 106
Trd, 4319460.343, 105
Trd, 4319460.843, 104
Trd, 4319462.343, 102
Trd, 4319463.643, 113
Trd, 4319463.993, 101
Trd, 4319464.693, 101
Trd, 4319465.443, 103
Trd, 4319468.243, 104
Trd, 4319468.643, 101
Trd, 4319469.993, 101
Trd, 4319470.643, 100
Trd, 4319470.693, 94
Trd, 4319471.143, 104
Trd, 4319472.593, 96
Trd, 4319473.093, 94
Trd, 4319476.193, 105
Trd, 4319478.043, 114
Trd, 4319478.093, 104
Trd, 4319478.393, 103
Trd, 4319478.893, 122
Trd, 4319480.343, 104
Trd, 4319480.693, 85
Trd, 4319482.293, 118
Trd, 4319482.343, 97
Trd, 4319484.593, 108
Trd, 4319484.943, 100
Trd, 4319484.993, 92
Trd, 4319487.043, 92
Trd, 4319487.543, 84
Trd, 4319489.743, 104
Trd, 4319491.493, 106
Trd, 4319491.743, 117
Trd, 4319493.593, 114
Trd, 4319495.743, 103
Trd, 4319496.343, 87
Trd, 4319496.843, 98
Trd, 4319498.543, 110
Trd, 4319499.593, 103
Trd, 4319500.393, 103
Trd, 4319500.743, 102
Trd, 4319502.593, 92
Trd, 4319503.843, 104
Trd, 4319503.893, 87
Trd, 4319505.393, 93
Trd, 4319508.243, 104
Trd, 4319508.493, 94
Trd, 4319510.643, 94
Trd, 4319512.443, 104
Trd, 4319512.693, 93
Trd, 4319514.243, 104
Trd, 4319514.593, 92
Trd, 4319516.343, 101
Trd, 4319517.843, 91
Trd, 4319518.593, 90
Trd, 4319519.193, 88
Trd, 4319519.343, 85
Trd, 4319521.493, 92
Trd, 4319521.593, 104
Trd, 4319522.243, 86
Trd, 4319524.393, 113
Trd, 4319525.943, 94
Trd, 4319528.443, 101
Trd, 4319529.193, 101
Trd, 4319529.443, 98
Trd, 4319531.743, 111
Trd, 4319532.093, 99
Trd, 4319534.493, 98
Trd, 4319535.793, 98
Trd, 4319535.993, 103
Trd, 4319536.343, 97
Trd, 4319537.843, 103
Trd, 4319538.393, 96
Trd, 4319540.743, 96
Trd, 4319540.793, 103
Trd, 4319541.493, 84
Trd, 4319542.443, 94
Trd, 4319543.293, 102
Trd, 4319544.043, 104
Trd, 4319544.643, 95
Trd, 4319546.393, 95
Trd, 4319548.793, 94
Trd, 4319550.093, 110
Trd, 4319552.243, 99
Trd, 4319552.593, 105
Trd, 4319555.943, 98
Trd, 4319557.043, 97
Trd, 4319557.643, 97
Trd, 4319558.143, 104
Trd, 4319559.143, 97
Trd, 4319561.343, 97
Trd, 4319561.843, 102
Trd, 4319562.793, 105
Trd, 4319562.843, 94
Trd, 4319564.093, 100
Trd, 4319567.543, 103
Trd, 4319567.743, 104
Trd, 4319568.543, 108
Trd, 4319570.043, 104
Trd, 4319570.493, 103
Trd, 4319570.793, 84
Trd, 4319571.393, 96
Trd, 4319573.443, 91
Trd, 4319575.443, 94
Trd, 4319577.143, 90
Trd, 4319577.443, 89
Trd, 4319578.943, 93
Trd, 4319579.093, 113
Trd, 4319580.693, 99
Trd, 4319581.693, 104
Trd, 4319582.493, 92
Trd, 4319585.093, 96
Trd, 4319585.143, 92
Trd, 4319585.943, 92
Trd, 4319586.143, 96
Trd, 4319590.743, 91
Trd, 4319591.793, 96
Trd, 4319592.543, 91
Trd, 4319593.443, 111
Trd, 4319593.843, 96
Trd, 4319595.293, 102
Trd, 4319595.893, 104
Trd, 4319596.943, 103
Trd, 4319597.643, 102
Trd, 4319599.693, 102
Trd, 4319600.193, 103
Trd, 4319602.093, 101
Trd, 4319602.693, 113
Trd, 4319603.343, 100
Trd, 4319605.393, 102
Trd, 4319605.493, 94
Trd, 4319606.993, 96
Trd, 4319607.843, 95
Trd, 4319609.893, 102
Trd, 4319610.143, 104
Trd, 4319610.443, 95
Trd, 4319612.093, 103
Trd, 4319612.143, 96
Trd, 4319612.643, 95
Trd, 4319613.943, 94
Trd, 4319615.743, 104
Trd, 4319616.643, 93
Trd, 4319617.543, 94
Trd, 4319618.943, 98
Trd, 4319621.943, 94
Trd, 4319622.243, 93
Trd, 4319624.243, 93
Trd, 4319624.943, 98
Trd, 4319626.993, 120
Trd, 4319627.043, 119
Trd, 4319627.543, 109
Trd, 4319627.993, 109
Trd, 4319628.743, 116
Trd, 4319629.793, 113
Trd, 4319632.693, 107
Trd, 4319633.043, 111
Trd, 4319635.293, 103
Trd, 4319635.443, 92
Trd, 4319636.193, 100
Trd, 4319637.093, 116
Trd, 4319637.493, 98
Trd, 4319638.143, 122
Trd, 4319639.493, 116
Trd, 4319640.393, 130
Trd, 4319643.193, 105
Trd, 4319644.393, 97
Trd, 4319647.943, 112
Trd, 4319648.143, 102
Trd, 4319648.393, 94
Trd, 4319649.193, 113
Trd, 4319649.393, 97
Trd, 4319652.443, 103
Trd, 4319652.893, 114
Trd, 4319652.993, 104
Trd, 4319653.343, 104
Trd, 4319656.293, 105
Trd, 4319657.293, 105
Trd, 4319657.393, 104
Trd, 4319659.743, 101
Trd, 4319660.193, 100
Trd, 4319661.393, 100
Trd, 4319662.793, 98
Trd, 4319664.593, 107
Trd, 4319665.093, 97
Trd, 4319666.743, 101
Trd, 4319668.943, 97
Trd, 4319670.843, 97
Trd, 4319671.843, 96
Trd, 4319673.343, 94
Trd, 4319673.643, 85
Trd, 4319674.193, 99
Trd, 4319674.843, 99
Trd, 4319675.593, 101
Trd, 4319677.443, 114
Trd, 4319679.293, 107
Trd, 4319679.643, 103
Trd, 4319680.093, 105
Trd, 4319680.693, 112
Trd, 4319681.893, 113
Trd, 4319682.793, 104
Trd, 4319683.293, 94
Trd, 4319685.643, 101
Trd, 4319685.893, 100
Trd, 4319688.543, 103
Trd, 4319689.893, 100
Trd, 4319690.943, 102
Trd, 4319692.093, 107
Trd, 4319693.043, 99
Trd, 4319693.293, 99
Trd, 4319694.493, 98
Trd, 4319697.793, 103
Trd, 4319698.143, 97
Trd, 4319700.193, 104
Trd, 4319701.243, 101
Trd, 4319703.043, 96
Trd, 4319703.993, 95
Trd, 4319704.493, 94
Trd, 4319705.293, 93
Trd, 4319706.143, 99
Trd, 4319707.093, 85
Trd, 4319712.393, 104
Trd, 4319712.943, 89
Trd, 4319714.243, 96
Trd, 4319714.993, 97
Trd, 4319715.993, 89
Trd, 4319716.343, 113
Trd, 4319716.493, 114
Trd, 4319718.693, 88
Trd, 4319720.343, 87
Trd, 4319721.243, 113
Trd, 4319721.843, 102
Trd, 4319722.143, 101
Trd, 4319722.643, 94
Trd, 4319723.043, 104
Trd, 4319723.343, 85
Trd, 4319727.743, 104
Trd, 4319727.993, 96
Trd, 4319728.543, 114
Trd, 4319729.093, 94
Trd, 4319730.543, 95
Trd, 4319730.943, 106
Trd, 4319731.593, 94
Trd, 4319732.743, 96
Trd, 4319733.943, 106
Trd, 4319737.093, 96
Trd, 4319738.193, 101
Trd, 4319739.593, 99
Trd, 4319740.093, 104
Trd, 4319741.093, 98
Trd, 4319741.993, 96
Trd, 4319744.693, 99
Trd, 4319745.643, 104
Trd, 4319745.743, 96
Trd, 4319747.893, 100
Trd, 4319747.993, 109
Trd, 4319750.093, 94
Trd, 4319751.093, 115
Trd, 4319751.243, 98
Trd, 4319752.193, 105
Trd, 4319753.643, 101
Trd, 4319753.843, 93
Trd, 4319754.993, 98
Trd, 4319756.593, 101
Trd, 4319757.693, 85
Trd, 4319758.543, 95
Trd, 4319761.993, 94
Trd, 4319762.193, 96
Trd, 4319765.093, 95
Trd, 4319765.643, 94
Trd, 4319765.793, 96
Trd, 4319768.143, 94
Trd, 4319769.293, 96
Trd, 4319770.293, 93
Trd, 4319771.743, 92
Trd, 4319772.943, 96
Trd, 4319773.943, 98
Trd, 4319775.693, 92
Trd, 4319776.443, 92
Trd, 4319776.543, 97
Trd, 4319777.393, 97
Trd, 4319778.643, 97
Trd, 4319779.743, 104
Trd, 4319780.493, 97
Trd, 4319781.443, 100
Trd, 4319781.993, 114
Trd, 4319783.343, 112
Trd, 4319783.643, 105
Trd, 4319786.743, 100
Trd, 4319786.843, 94
Trd, 4319787.193, 96
Trd, 4319789.093, 84
Trd, 4319790.043, 92
Trd, 4319792.393, 96
Trd, 4319792.443, 90
Trd, 4319793.843, 104
Trd, 4319794.443, 95
Trd, 4319795.443, 97
Trd, 4319796.443, 94
Trd, 4319797.293, 93
Trd, 4319798.493, 101
Trd, 4319798.943, 111
Trd, 4319799.793, 95
Trd, 4319803.093, 98
Trd, 4319804.993, 102
Trd, 4319806.543, 96
Trd, 4319807.893, 97
Trd, 4319808.443, 95
Trd, 4319808.793, 104
Trd, 4319809.943, 94
Trd, 4319810.343, 93
Trd, 4319814.593, 99
Trd, 4319816.843, 97
Trd, 4319817.393, 97
Trd, 4319818.043, 104
Trd, 4319820.293, 101
Trd, 4319820.593, 96
Trd, 4319820.943, 96
Trd, 4319822.243, 108
Trd, 4319822.893, 94
Trd, 4319823.443, 114
Trd, 4319825.643, 94
Trd, 4319826.643, 114
Trd, 4319830.193, 99
Trd, 4319831.043, 92
Trd, 4319832.393, 92
Trd, 4319832.993, 100
Trd, 4319833.443, 93
Trd, 4319833.493, 92
Trd, 4319835.343, 91
Trd, 4319837.993, 100
Trd, 4319838.643, 92
Trd, 4319842.193, 97
Trd, 4319842.243, 92
Trd, 4319842.943, 91
Trd, 4319842.993, 104
Trd, 4319844.643, 100
Trd, 4319844.843, 90
Trd, 4319847.043, 116
Trd, 4319847.443, 89
Trd, 4319849.943, 88
Trd, 4319849.993, 104
Trd, 4319851.693, 95
Trd, 4319852.193, 98
Trd, 4319852.293, 96
Trd, 4319854.993, 96
Trd, 4319856.593, 99
Trd, 4319857.343, 104
Trd, 4319857.543, 98
Trd, 4319858.793, 97
Trd, 4319860.743, 95
Trd, 4319862.443, 100
Trd, 4319862.743, 95
Trd, 4319863.043, 108
Trd, 4319865.593, 101
Trd, 4319865.843, 99
Trd, 4319866.643, 98
Trd, 4319867.243, 106
Trd, 4319868.043, 97
Trd, 4319868.943, 94
Trd, 4319869.993, 93
Trd, 4319870.443, 103
Trd, 4319872.293, 103
Trd, 4319873.893, 101
Trd, 4319874.693, 92
Trd, 4319876.843, 104
Trd, 4319878.293, 103
Trd, 4319878.893, 104
Trd, 4319878.943, 102
Trd, 4319880.693, 101
Trd, 4319881.793, 101
Trd, 4319882.693, 114
Trd, 4319883.243, 107
Trd, 4319884.893, 107
Trd, 4319885.243, 103
Trd, 4319885.343, 85
Trd, 4319885.893, 101
Trd, 4319887.493, 97
Trd, 4319888.843, 91
Trd, 4319889.543, 94
Trd, 4319891.093, 104
Trd, 4319893.343, 101
Trd, 4319893.793, 101
Trd, 4319893.993, 101
Trd, 4319895.143, 100
Trd, 4319895.543, 99
Trd, 4319897.693, 109
Trd, 4319897.743, 97
Trd, 4319899.543, 87
Trd, 4319901.593, 102
Trd, 4319902.093, 93
Trd, 4319902.293, 93
Trd, 4319903.793, 91
Trd, 4319903.843, 104
Trd, 4319907.593, 103
Trd, 4319907.993, 100
Trd, 4319908.143, 100
Trd, 4319908.993, 104
Trd, 4319909.393, 94
Trd, 4319909.943, 97
Trd, 4319910.743, 85
Trd, 4319912.143, 71
Trd, 4319914.543, 102
Trd, 4319916.593, 97
Trd, 4319919.043, 98
Trd, 4319919.393, 104
Trd, 4319919.493, 97
Trd, 4319920.443, 94
Trd, 4319920.893, 85
Trd, 4319922.043, 90
Trd, 4319923.643, 92
Trd, 4319927.843, 92
Trd, 4319927.893, 100
Trd, 4319930.293, 112
Trd, 4319930.543, 98
Trd, 4319930.643, 97
Trd, 4319930.893, 91
Trd, 4319931.243, 104
Trd, 4319932.743, 113
Trd, 4319936.293, 106
Trd, 4319936.693, 103
Trd, 4319937.093, 107
Trd, 4319937.393, 102
Trd, 4319939.093, 116
Trd, 4319940.693, 107
Trd, 4319941.993, 93
Trd, 4319942.893, 102
Trd, 4319943.593, 106
Trd, 4319944.293, 105
Trd, 4319946.893, 102
Trd, 4319947.943, 105
Trd, 4319949.343, 114
Trd, 4319949.743, 101
Trd, 4319950.493, 100
Trd, 4319952.493, 104
Trd, 4319953.043, 113
Trd, 4319954.143, 103
Trd, 4319956.643, 121
Trd, 4319957.543, 103
Trd, 4319957.793, 102
Trd, 4319958.543, 111
Trd, 4319959.193, 102
Trd, 4319959.943, 101
Trd, 4319961.093, 112
Trd, 4319963.243, 108
Trd, 4319964.593, 107
Trd, 4319965.593, 106
Trd, 4319965.793, 84
Trd, 4319968.193, 89
Trd, 4319968.593, 109
Trd, 4319969.093, 110
Trd, 4319970.593, 94
Trd, 4319971.093, 109
Trd, 4319972.693, 106
Trd, 4319974.593, 94
Trd, 4319975.493, 93
Trd, 4319978.443, 93
Trd, 4319979.793, 93
Trd, 4319980.143, 94
Trd, 4319980.293, 92
Trd, 4319982.093, 90
Trd, 4319982.893, 92
Trd, 4319983.143, 89
Trd, 4319985.843, 100
Trd, 4319987.043, 104
Trd, 4319987.343, 100
Trd, 4319988.593, 101
Trd, 4319989.043, 101
Trd, 4319989.193, 93
Trd, 4319990.443, 113
Trd, 4319991.693, 106
Trd, 4319993.243, 105
Trd, 4319995.193, 104
Trd, 4319995.393, 106
Trd, 4319995.993, 103
Trd, 4319996.743, 101
Trd, 4319997.743, 110
