Trd, 4317831.793, 100
Trd, 4317832.143, 104
Trd, 4317833.843, 86
Trd, 4317834.293, 89
Trd, 4317835.293, 89
Trd, 4317837.243, 89
Trd, 4317838.193, 91
Trd, 4317839.693, 91
Trd, 4317840.443, 91
Trd, 4317841.593, 120
Trd, 4317846.743, 76
Trd, 4317847.543, 83
Trd, 4317848.893, 96
Trd, 4317852.793, 89
Trd, 4317853.693, 87
Trd, 4317855.793, 104
Trd, 4317856.643, 94
Trd, 4317860.293, 97
Trd, 4317860.993, 103
Trd, 4317861.943, 102
Trd, 4317862.943, 98
Trd, 4317866.943, 100
Trd, 4317867.993, 101
Trd, 4317868.543, 100
Trd, 4317870.243, 99
Trd, 4317871.093, 115
Trd, 4317873.693, 100
Trd, 4317874.593, 100
Trd, 4317875.993, 105
Trd, 4317876.843, 99
Trd, 4317879.443, 99
Trd, 4317881.843, 99
Trd, 4317881.993, 97
Trd, 4317883.593, 98
Trd, 4317883.943, 98
Trd, 4317884.493, 104
Trd, 4317887.243, 111
Trd, 4317887.293, 97
Trd, 4317888.793, 100
Trd, 4317891.443, 100
Trd, 4317892.643, 101
Trd, 4317893.593, 100
Trd, 4317893.643, 101
Trd, 4317894.793, 98
Trd, 4317898.343, 100
Trd, 4317900.243, 101
Trd, 4317900.443, 100
Trd, 4317900.843, 104
Trd, 4317901.643, 98
Trd, 4317903.243, 97
Trd, 4317904.893, 104
Trd, 4317904.943, 103
Trd, 4317906.543, 93
Trd, 4317908.893, 101
Trd, 4317911.743, 99
Trd, 4317912.143, 98
Trd, 4317914.993, 98
Trd, 4317916.943, 98
Trd, 4317918.743, 99
Trd, 4317918.843, 97
Trd, 4317919.143, 97
Trd, 4317919.693, 96
Trd, 4317922.993, 97
Trd, 4317923.493, 96
Trd, 4317925.643, 104
Trd, 4317926.043, 97
Trd, 4317926.193, 96
Trd, 4317927.343, 94
Trd, 4317928.793, 97
Trd, 4317931.043, 81
Trd, 4317933.193, 86
Trd, 4317933.793, 84
Trd, 4317935.493, 104
Trd, 4317936.843, 91
Trd, 4317941.143, 91
Trd, 4317943.293, 90
Trd, 4317945.143, 91
Trd, 4317945.443, 91
Trd, 4317951.443, 90
Trd, 4317953.493, 90
Trd, 4317953.893, 90
Trd, 4317954.243, 88
Trd, 4317955.393, 105
Trd, 4317955.843, 98
Trd, 4317956.293, 102
Trd, 4317957.593, 102
Trd, 4317960.343, 105
Trd, 4317960.543, 104
Trd, 4317961.093, 102
Trd, 4317962.393, 101
Trd, 4317962.993, 76
Trd, 4317963.643, 103
Trd, 4317967.843, 103
Trd, 4317972.643, 99
Trd, 4317976.143, 99
Trd, 4317976.743, 99
Trd, 4317977.743, 100
Trd, 4317981.243, 98
Trd, 4317982.643, 99
Trd, 4317982.843, 99
Trd, 4317983.093, 104
Trd, 4317983.893, 98
Trd, 4317985.143, 97
Trd, 4317985.393, 98
Trd, 4317988.343, 107
Trd, 4317988.943, 105
Trd, 4317989.893, 104
Trd, 4317990.193, 103
Trd, 4317992.543, 104
Trd, 4317993.093, 104
Trd, 4317994.043, 103
Trd, 4317995.893, 102
Trd, 4317996.243, 103
Trd, 4317999.193, 101
Trd, 4318000.443, 99
Trd, 4318000.793, 101
Trd, 4318001.693, 99
Trd, 4318002.793, 101
Trd, 4318004.393, 102
Trd, 4318004.793, 104
Trd, 4318007.443, 79
Trd, 4318007.643, 89
Trd, 4318007.993, 88
Trd, 4318009.193, 86
Trd, 4318009.443, 79
Trd, 4318010.643, 114
Trd, 4318013.393, 95
Trd, 4318015.593, 89
Trd, 4318016.443, 90
Trd, 4318019.343, 100
Trd, 4318020.043, 97
Trd, 4318021.793, 99
Trd, 4318024.843, 76
Trd, 4318024.943, 104
Trd, 4318027.493, 97
Trd, 4318027.643, 96
Trd, 4318029.993, 97
Trd, 4318032.693, 98
Trd, 4318033.693, 98
Trd, 4318034.793, 97
Trd, 4318034.843, 96
Trd, 4318035.793, 101
Trd, 4318037.843, 102
Trd, 4318039.343, 102
Trd, 4318039.493, 101
Trd, 4318041.093, 108
Trd, 4318043.943, 98
Trd, 4318044.943, 92
Trd, 4318046.343, 106
Trd, 4318047.493, 95
Trd, 4318047.543, 94
Trd, 4318048.493, 114
Trd, 4318055.093, 96
Trd, 4318056.243, 97
Trd, 4318056.293, 105
Trd, 4318057.043, 96
Trd, 4318058.443, 96
Trd, 4318060.343, 98
Trd, 4318060.493, 96
Trd, 4318061.943, 101
Trd, 4318063.643, 98
Trd, 4318065.293, 117
Trd, 4318066.893, 104
Trd, 4318068.443, 107
Trd, 4318068.543, 106
Trd, 4318071.393, 105
Trd, 4318072.443, 104
Trd, 4318072.693, 106
Trd, 4318074.343, 106
Trd, 4318074.643, 105
Trd, 4318075.093, 104
Trd, 4318075.993, 102
Trd, 4318079.293, 104
Trd, 4318079.893, 102
Trd, 4318079.993, 101
Trd, 4318084.443, 100
Trd, 4318085.743, 103
Trd, 4318086.043, 98
Trd, 4318086.793, 104
Trd, 4318088.693, 104
Trd, 4318089.293, 99
Trd, 4318091.393, 98
Trd, 4318092.993, 96
Trd, 4318093.643, 94
Trd, 4318095.993, 95
Trd, 4318096.043, 94
Trd, 4318096.343, 98
Trd, 4318100.893, 99
Trd, 4318101.393, 97
Trd, 4318102.293, 96
Trd, 4318103.593, 95
Trd, 4318104.843, 99
Trd, 4318107.793, 99
Trd, 4318109.743, 98
Trd, 4318110.293, 96
Trd, 4318111.093, 100
Trd, 4318111.343, 97
Trd, 4318113.443, 101
Trd, 4318115.593, 102
Trd, 4318117.193, 102
Trd, 4318117.993, 106
Trd, 4318119.543, 103
Trd, 4318121.043, 100
Trd, 4318121.143, 104
Trd, 4318122.993, 102
Trd, 4318124.243, 100
Trd, 4318125.043, 101
Trd, 4318126.393, 102
Trd, 4318126.543, 113
Trd, 4318130.693, 106
Trd, 4318130.843, 101
Trd, 4318132.543, 102
Trd, 4318134.893, 105
Trd, 4318137.193, 103
Trd, 4318138.343, 105
Trd, 4318139.793, 102
Trd, 4318140.143, 101
Trd, 4318140.793, 92
Trd, 4318141.243, 94
Trd, 4318144.293, 91
Trd, 4318145.893, 102
Trd, 4318147.193, 95
Trd, 4318148.293, 104
Trd, 4318148.593, 94
Trd, 4318151.043, 101
Trd, 4318154.543, 96
Trd, 4318154.643, 96
Trd, 4318157.443, 96
Trd, 4318158.393, 95
Trd, 4318161.443, 98
Trd, 4318162.093, 97
Trd, 4318162.543, 97
Trd, 4318163.143, 98
Trd, 4318164.193, 97
Trd, 4318165.643, 116
Trd, 4318168.243, 106
Trd, 4318168.443, 108
Trd, 4318170.743, 109
Trd, 4318171.993, 114
Trd, 4318174.293, 109
Trd, 4318174.443, 110
Trd, 4318174.743, 103
Trd, 4318176.243, 110
Trd, 4318176.343, 111
Trd, 4318176.993, 108
Trd, 4318177.143, 103
Trd, 4318180.143, 104
Trd, 4318182.993, 103
Trd, 4318183.243, 106
Trd, 4318184.143, 104
Trd, 4318187.943, 105
Trd, 4318190.193, 105
Trd, 4318190.443, 106
Trd, 4318191.293, 105
Trd, 4318193.293, 104
Trd, 4318195.393, 106
Trd, 4318195.743, 103
Trd, 4318200.343, 102
Trd, 4318200.593, 106
Trd, 4318203.193, 103
Trd, 4318205.143, 104
Trd, 4318205.343, 102
Trd, 4318208.493, 103
Trd, 4318209.793, 104
Trd, 4318209.843, 102
Trd, 4318210.893, 101
Trd, 4318213.393, 99
Trd, 4318214.693, 91
Trd, 4318216.943, 85
Trd, 4318217.693, 86
Trd, 4318217.743, 87
Trd, 4318220.593, 92
Trd, 4318221.093, 94
Trd, 4318221.193, 114
Trd, 4318221.443, 87
Trd, 4318224.893, 99
Trd, 4318225.893, 99
Trd, 4318226.593, 100
Trd, 4318227.543, 102
Trd, 4318227.843, 100
Trd, 4318228.243, 95
Trd, 4318230.243, 104
Trd, 4318233.243, 92
Trd, 4318235.243, 121
Trd, 4318236.943, 105
Trd, 4318237.543, 96
Trd, 4318237.943, 114
Trd, 4318238.193, 106
Trd, 4318240.243, 109
Trd, 4318241.693, 109
Trd, 4318244.343, 108
Trd, 4318244.493, 108
Trd, 4318244.943, 107
Trd, 4318248.343, 106
Trd, 4318248.943, 106
Trd, 4318250.343, 106
Trd, 4318250.493, 108
Trd, 4318252.293, 105
Trd, 4318252.543, 103
Trd, 4318252.643, 108
Trd, 4318255.143, 104
Trd, 4318256.093, 103
Trd, 4318257.793, 104
Trd, 4318258.943, 103
Trd, 4318261.043, 104
Trd, 4318263.893, 103
Trd, 4318264.793, 102
Trd, 4318265.693, 104
Trd, 4318266.643, 102
Trd, 4318270.643, 102
Trd, 4318271.193, 101
Trd, 4318271.493, 101
Trd, 4318274.693, 102
Trd, 4318274.843, 100
Trd, 4318276.193, 100
Trd, 4318277.893, 77
Trd, 4318278.193, 85
Trd, 4318280.993, 87
Trd, 4318282.043, 87
Trd, 4318282.993, 88
Trd, 4318283.493, 87
Trd, 4318283.893, 88
Trd, 4318285.543, 89
Trd, 4318287.593, 88
Trd, 4318289.543, 93
Trd, 4318290.143, 100
Trd, 4318290.793, 94
Trd, 4318294.693, 95
Trd, 4318295.143, 94
Trd, 4318297.093, 96
Trd, 4318299.043, 117
Trd, 4318300.243, 105
Trd, 4318302.293, 102
Trd, 4318303.893, 103
Trd, 4318304.293, 104
Trd, 4318304.743, 103
Trd, 4318306.493, 104
Trd, 4318306.643, 102
Trd, 4318307.243, 102
Trd, 4318307.793, 104
Trd, 4318309.293, 102
Trd, 4318311.493, 104
Trd, 4318312.793, 86
Trd, 4318314.043, 96
Trd, 4318316.443, 96
Trd, 4318317.993, 97
Trd, 4318318.343, 96
Trd, 4318318.693, 88
Trd, 4318320.043, 91
Trd, 4318321.093, 90
Trd, 4318322.143, 103
Trd, 4318325.043, 91
Trd, 4318325.993, 96
Trd, 4318326.043, 90
Trd, 4318329.843, 95
Trd, 4318331.193, 95
Trd, 4318333.943, 104
Trd, 4318334.243, 96
Trd, 4318338.843, 98
Trd, 4318339.693, 99
Trd, 4318344.093, 100
Trd, 4318344.343, 104
Trd, 4318345.393, 102
Trd, 4318345.743, 103
Trd, 4318349.193, 105
Trd, 4318349.743, 102
Trd, 4318351.343, 105
Trd, 4318351.593, 104
Trd, 4318355.143, 105
Trd, 4318355.693, 93
Trd, 4318358.043, 99
Trd, 4318358.543, 99
Trd, 4318359.743, 106
Trd, 4318361.193, 101
Trd, 4318363.143, 101
Trd, 4318363.793, 102
Trd, 4318364.743, 103
Trd, 4318366.343, 103
Trd, 4318366.443, 104
Trd, 4318367.543, 100
Trd, 4318369.343, 101
Trd, 4318370.593, 104
Trd, 4318370.993, 102
Trd, 4318376.543, 105
Trd, 4318379.493, 102
Trd, 4318379.543, 102
Trd, 4318379.593, 105
Trd, 4318384.843, 105
Trd, 4318386.293, 104
Trd, 4318387.443, 104
Trd, 4318388.093, 104
Trd, 4318389.543, 106
Trd, 4318391.193, 106
Trd, 4318391.943, 103
Trd, 4318392.443, 115
Trd, 4318393.693, 102
Trd, 4318398.543, 102
Trd, 4318399.143, 102
Trd, 4318399.893, 106
Trd, 4318401.043, 105
Trd, 4318402.493, 105
Trd, 4318402.893, 103
Trd, 4318404.193, 104
Trd, 4318407.843, 89
Trd, 4318409.543, 109
Trd, 4318409.643, 95
Trd, 4318411.543, 94
Trd, 4318412.343, 96
Trd, 4318413.893, 96
Trd, 4318416.843, 92
Trd, 4318416.893, 92
Trd, 4318419.343, 96
Trd, 4318419.843, 111
Trd, 4318423.543, 101
Trd, 4318423.743, 100
Trd, 4318425.043, 100
Trd, 4318426.193, 100
Trd, 4318426.993, 103
Trd, 4318432.893, 101
Trd, 4318434.043, 100
Trd, 4318435.293, 101
Trd, 4318436.543, 100
Trd, 4318437.793, 104
Trd, 4318439.143, 99
Trd, 4318441.493, 93
Trd, 4318442.443, 95
Trd, 4318443.993, 94
Trd, 4318444.343, 94
Trd, 4318445.593, 105
Trd, 4318448.593, 93
Trd, 4318453.643, 95
Trd, 4318454.043, 95
Trd, 4318455.293, 97
Trd, 4318456.193, 98
Trd, 4318456.993, 96
Trd, 4318457.193, 95
Trd, 4318462.843, 97
Trd, 4318463.693, 105
Trd, 4318464.243, 106
Trd, 4318465.043, 106
Trd, 4318465.993, 103
Trd, 4318467.843, 106
Trd, 4318469.293, 83
Trd, 4318471.093, 97
Trd, 4318471.393, 104
Trd, 4318472.493, 98
Trd, 4318473.843, 104
Trd, 4318475.243, 97
Trd, 4318476.943, 96
Trd, 4318477.343, 96
Trd, 4318478.243, 77
Trd, 4318478.393, 99
Trd, 4318479.343, 88
Trd, 4318481.793, 93
Trd, 4318483.093, 92
Trd, 4318484.093, 93
Trd, 4318485.993, 96
Trd, 4318489.993, 101
Trd, 4318490.193, 100
Trd, 4318490.793, 104
Trd, 4318493.993, 99
Trd, 4318494.543, 101
Trd, 4318497.393, 101
Trd, 4318498.393, 103
Trd, 4318498.543, 100
Trd, 4318499.493, 99
Trd, 4318502.593, 101
Trd, 4318504.443, 101
Trd, 4318504.843, 100
Trd, 4318505.843, 101
Trd, 4318507.393, 99
Trd, 4318509.443, 99
Trd, 4318511.693, 102
Trd, 4318512.993, 101
Trd, 4318515.193, 102
Trd, 4318515.843, 101
Trd, 4318516.443, 101
Trd, 4318517.493, 104
Trd, 4318517.543, 101
Trd, 4318519.493, 104
Trd, 4318521.493, 104
Trd, 4318521.593, 104
Trd, 4318521.643, 100
Trd, 4318522.993, 76
Trd, 4318524.143, 94
Trd, 4318524.693, 90
Trd, 4318530.543, 94
Trd, 4318533.843, 94
Trd, 4318534.493, 94
Trd, 4318534.843, 95
Trd, 4318536.043, 94
Trd, 4318537.793, 93
Trd, 4318539.493, 93
Trd, 4318539.743, 94
Trd, 4318539.893, 104
Trd, 4318541.643, 96
Trd, 4318542.393, 98
Trd, 4318542.593, 120
Trd, 4318545.743, 96
Trd, 4318547.293, 99
Trd, 4318550.243, 97
Trd, 4318551.343, 101
Trd, 4318552.343, 97
Trd, 4318555.093, 98
Trd, 4318555.393, 100
Trd, 4318555.943, 96
Trd, 4318558.443, 95
Trd, 4318562.343, 96
Trd, 4318562.693, 94
Trd, 4318562.943, 100
Trd, 4318566.993, 97
Trd, 4318567.343, 98
Trd, 4318568.143, 98
Trd, 4318568.793, 97
Trd, 4318569.443, 96
Trd, 4318571.843, 98
Trd, 4318573.193, 96
Trd, 4318573.843, 97
Trd, 4318574.593, 96
Trd, 4318576.943, 95
Trd, 4318577.743, 97
Trd, 4318581.743, 97
Trd, 4318582.093, 97
Trd, 4318582.343, 98
Trd, 4318583.543, 105
Trd, 4318585.043, 98
Trd, 4318585.693, 99
Trd, 4318588.193, 98
Trd, 4318588.843, 97
Trd, 4318592.943, 98
Trd, 4318592.993, 97
Trd, 4318593.443, 95
Trd, 4318594.593, 94
Trd, 4318596.693, 96
Trd, 4318597.743, 93
Trd, 4318600.943, 96
Trd, 4318602.243, 96
Trd, 4318602.843, 95
Trd, 4318604.093, 104
Trd, 4318606.093, 99
Trd, 4318606.143, 94
Trd, 4318609.093, 99
Trd, 4318610.693, 101
Trd, 4318611.943, 99
Trd, 4318612.593, 102
Trd, 4318615.893, 103
Trd, 4318618.993, 103
Trd, 4318620.393, 103
Trd, 4318622.193, 102
Trd, 4318623.143, 102
Trd, 4318623.393, 100
Trd, 4318623.793, 98
Trd, 4318625.793, 75
Trd, 4318627.043, 104
Trd, 4318628.843, 89
Trd, 4318632.843, 95
Trd, 4318633.393, 96
Trd, 4318633.493, 92
Trd, 4318634.993, 93
Trd, 4318636.343, 97
Trd, 4318639.593, 97
Trd, 4318639.893, 97
Trd, 4318640.743, 97
Trd, 4318643.193, 104
Trd, 4318644.093, 98
Trd, 4318644.643, 97
Trd, 4318646.893, 100
Trd, 4318652.543, 99
Trd, 4318653.443, 99
Trd, 4318654.243, 99
Trd, 4318654.293, 99
Trd, 4318654.543, 98
Trd, 4318655.343, 104
Trd, 4318658.543, 98
Trd, 4318665.143, 102
Trd, 4318666.793, 102
Trd, 4318667.993, 103
Trd, 4318668.893, 104
Trd, 4318669.043, 101
Trd, 4318669.743, 99
Trd, 4318671.643, 99
Trd, 4318672.493, 105
Trd, 4318675.793, 103
Trd, 4318677.893, 104
Trd, 4318677.993, 103
Trd, 4318678.693, 105
Trd, 4318679.943, 107
Trd, 4318681.693, 106
Trd, 4318682.293, 75
Trd, 4318684.043, 100
Trd, 4318684.893, 99
Trd, 4318685.743, 98
Trd, 4318687.343, 99
Trd, 4318688.193, 99
Trd, 4318690.793, 102
Trd, 4318691.043, 115
Trd, 4318692.243, 103
Trd, 4318694.943, 105
Trd, 4318696.543, 103
Trd, 4318697.043, 106
Trd, 4318699.593, 105
Trd, 4318699.843, 102
Trd, 4318700.343, 67
Trd, 4318702.943, 94
Trd, 4318703.093, 102
Trd, 4318707.293, 102
Trd, 4318707.543, 98
Trd, 4318709.843, 101
Trd, 4318709.993, 98
Trd, 4318710.593, 102
Trd, 4318712.843, 101
Trd, 4318715.293, 98
Trd, 4318717.343, 99
Trd, 4318717.693, 97
Trd, 4318721.243, 101
Trd, 4318721.943, 101
Trd, 4318726.293, 99
Trd, 4318727.493, 100
Trd, 4318731.893, 100
Trd, 4318732.743, 99
Trd, 4318733.993, 102
Trd, 4318734.693, 100
Trd, 4318735.243, 101
Trd, 4318736.793, 102
Trd, 4318737.543, 100
Trd, 4318740.493, 101
Trd, 4318742.243, 100
Trd, 4318742.393, 99
Trd, 4318742.493, 104
Trd, 4318743.493, 98
Trd, 4318746.793, 98
Trd, 4318748.243, 99
Trd, 4318748.293, 100
Trd, 4318749.243, 104
Trd, 4318750.743, 99
Trd, 4318752.843, 103
Trd, 4318753.043, 101
Trd, 4318755.843, 100
Trd, 4318756.043, 100
Trd, 4318756.093, 99
Trd, 4318759.293, 122
Trd, 4318759.993, 122
Trd, 4318760.193, 121
Trd, 4318761.693, 108
Trd, 4318762.243, 118
Trd, 4318762.743, 107
Trd, 4318765.443, 109
Trd, 4318765.943, 114
Trd, 4318767.193, 110
Trd, 4318768.993, 113
Trd, 4318770.543, 112
Trd, 4318771.743, 112
Trd, 4318773.093, 113
Trd, 4318773.343, 112
Trd, 4318774.193, 112
Trd, 4318778.643, 110
Trd, 4318779.493, 109
Trd, 4318784.393, 109
Trd, 4318784.593, 105
Trd, 4318784.693, 103
Trd, 4318785.643, 108
Trd, 4318788.943, 103
Trd, 4318789.893, 108
Trd, 4318791.543, 104
Trd, 4318792.843, 105
Trd, 4318794.543, 106
Trd, 4318796.343, 105
Trd, 4318797.793, 104
Trd, 4318798.293, 106
Trd, 4318803.443, 106
Trd, 4318803.493, 102
Trd, 4318807.393, 104
Trd, 4318807.893, 103
Trd, 4318808.643, 103
Trd, 4318808.743, 104
Trd, 4318811.793, 104
Trd, 4318812.243, 105
Trd, 4318812.543, 105
Trd, 4318814.393, 106
Trd, 4318816.893, 106
Trd, 4318817.493, 105
Trd, 4318819.393, 105
Trd, 4318820.743, 107
Trd, 4318821.843, 103
Trd, 4318825.843, 104
Trd, 4318826.193, 103
Trd, 4318827.643, 105
Trd, 4318829.593, 103
Trd, 4318831.243, 105
Trd, 4318831.593, 104
Trd, 4318832.793, 103
Trd, 4318833.393, 104
Trd, 4318833.793, 115
Trd, 4318834.693, 108
Trd, 4318835.993, 72
Trd, 4318836.943, 93
Trd, 4318837.493, 91
Trd, 4318838.793, 104
Trd, 4318845.543, 99
Trd, 4318846.293, 99
Trd, 4318846.943, 98
Trd, 4318849.343, 99
Trd, 4318850.093, 100
Trd, 4318852.643, 98
Trd, 4318854.093, 97
Trd, 4318856.593, 99
Trd, 4318857.093, 104
Trd, 4318858.343, 98
Trd, 4318860.543, 98
Trd, 4318862.043, 101
Trd, 4318863.443, 100
Trd, 4318865.493, 100
Trd, 4318866.293, 101
Trd, 4318869.893, 103
Trd, 4318871.543, 99
Trd, 4318873.043, 103
Trd, 4318874.993, 101
Trd, 4318876.093, 101
Trd, 4318876.843, 102
Trd, 4318878.793, 103
Trd, 4318880.543, 101
Trd, 4318881.843, 102
Trd, 4318882.643, 99
Trd, 4318883.493, 104
Trd, 4318889.993, 102
Trd, 4318890.893, 100
Trd, 4318892.343, 101
Trd, 4318892.643, 102
Trd, 4318893.293, 100
Trd, 4318893.443, 72
Trd, 4318896.443, 95
Trd, 4318896.643, 93
Trd, 4318899.343, 92
Trd, 4318899.443, 93
Trd, 4318899.943, 93
Trd, 4318901.193, 93
Trd, 4318902.243, 94
Trd, 4318903.943, 98
Trd, 4318905.343, 105
Trd, 4318905.943, 104
Trd, 4318906.443, 105
Trd, 4318907.793, 103
Trd, 4318907.993, 104
Trd, 4318910.993, 104
Trd, 4318911.743, 106
Trd, 4318913.543, 103
Trd, 4318914.593, 102
Trd, 4318915.943, 83
Trd, 4318918.743, 87
Trd, 4318919.043, 77
Trd, 4318919.443, 91
Trd, 4318921.043, 88
Trd, 4318924.243, 95
Trd, 4318925.593, 96
Trd, 4318925.793, 114
Trd, 4318926.993, 97
Trd, 4318928.043, 95
Trd, 4318928.743, 95
Trd, 4318930.943, 94
Trd, 4318932.743, 85
Trd, 4318935.543, 94
Trd, 4318936.343, 101
Trd, 4318937.843, 101
Trd, 4318940.093, 101
Trd, 4318940.893, 104
Trd, 4318943.143, 102
Trd, 4318943.393, 100
Trd, 4318945.243, 98
Trd, 4318948.593, 100
Trd, 4318949.193, 102
Trd, 4318950.393, 102
Trd, 4318951.593, 102
Trd, 4318951.943, 101
Trd, 4318952.293, 102
Trd, 4318955.593, 104
Trd, 4318956.893, 105
Trd, 4318956.943, 103
Trd, 4318957.693, 97
Trd, 4318959.693, 92
Trd, 4318960.293, 90
Trd, 4318961.193, 92
Trd, 4318962.243, 85
Trd, 4318962.493, 106
Trd, 4318965.193, 101
Trd, 4318966.193, 106
Trd, 4318968.643, 103
Trd, 4318970.493, 103
Trd, 4318972.243, 104
Trd, 4318972.443, 103
Trd, 4318972.943, 106
Trd, 4318973.093, 102
Trd, 4318976.693, 101
Trd, 4318978.543, 100
Trd, 4318978.993, 101
Trd, 4318982.443, 101
Trd, 4318982.743, 100
Trd, 4318983.093, 99
Trd, 4318986.093, 99
Trd, 4318988.893, 104
Trd, 4318989.343, 103
Trd, 4318989.843, 106
Trd, 4318991.643, 104
Trd, 4318992.793, 102
Trd, 4318993.943, 102
Trd, 4318994.243, 101
Trd, 4318994.443, 105
Trd, 4318996.343, 97
Trd, 4318997.643, 94
Trd, 4318998.293, 84
Trd, 4318999.893, 92
Trd, 4319000.843, 97
Trd, 4319001.043, 97
Trd, 4319002.943, 107
Trd, 4319003.293, 103
Trd, 4319004.243, 106
Trd, 4319004.643, 106
Trd, 4319005.193, 113
Trd, 4319006.643, 112
Trd, 4319007.443, 105
Trd, 4319010.193, 106
Trd, 4319010.893, 105
Trd, 4319011.693, 103
Trd, 4319012.343, 108
Trd, 4319017.393, 105
Trd, 4319017.493, 104
Trd, 4319020.643, 105
Trd, 4319021.443, 105
Trd, 4319023.043, 102
Trd, 4319023.743, 102
Trd, 4319024.893, 77
Trd, 4319025.743, 79
Trd, 4319028.693, 87
Trd, 4319030.443, 93
Trd, 4319030.843, 105
Trd, 4319031.793, 94
Trd, 4319031.993, 95
Trd, 4319034.093, 96
Trd, 4319034.243, 105
Trd, 4319034.393, 95
Trd, 4319035.993, 92
Trd, 4319039.293, 92
Trd, 4319039.893, 95
Trd, 4319041.943, 92
Trd, 4319042.643, 104
Trd, 4319043.243, 85
Trd, 4319044.943, 88
Trd, 4319046.343, 85
Trd, 4319048.593, 85
Trd, 4319051.043, 87
Trd, 4319054.243, 101
Trd, 4319054.443, 104
Trd, 4319054.493, 100
Trd, 4319054.593, 99
Trd, 4319056.193, 99
Trd, 4319057.393, 118
Trd, 4319057.443, 111
Trd, 4319058.543, 99
Trd, 4319058.893, 98
Trd, 4319063.043, 104
Trd, 4319064.393, 105
Trd, 4319065.943, 109
Trd, 4319067.793, 104
Trd, 4319070.643, 110
Trd, 4319071.043, 105
Trd, 4319071.343, 104
Trd, 4319072.043, 105
Trd, 4319077.293, 106
Trd, 4319077.743, 106
Trd, 4319077.793, 105
Trd, 4319079.293, 105
Trd, 4319080.043, 104
Trd, 4319080.443, 104
Trd, 4319082.193, 103
Trd, 4319083.493, 101
Trd, 4319084.343, 100
Trd, 4319086.393, 100
Trd, 4319086.743, 101
Trd, 4319089.743, 104
Trd, 4319089.793, 102
Trd, 4319089.843, 102
Trd, 4319092.693, 102
Trd, 4319094.643, 102
Trd, 4319094.843, 100
Trd, 4319095.893, 99
Trd, 4319097.393, 101
Trd, 4319099.393, 102
Trd, 4319099.893, 100
Trd, 4319102.793, 100
Trd, 4319103.693, 104
Trd, 4319105.393, 100
Trd, 4319107.693, 101
Trd, 4319108.243, 101
Trd, 4319110.593, 101
Trd, 4319111.043, 104
Trd, 4319113.043, 101
Trd, 4319114.443, 102
Trd, 4319115.193, 99
Trd, 4319118.793, 103
Trd, 4319119.043, 101
Trd, 4319120.143, 99
Trd, 4319120.243, 98
Trd, 4319122.243, 98
Trd, 4319123.793, 101
Trd, 4319124.293, 98
Trd, 4319125.143, 99
Trd, 4319126.093, 97
Trd, 4319127.793, 97
Trd, 4319129.093, 99
Trd, 4319129.793, 100
Trd, 4319130.943, 99
Trd, 4319134.143, 98
Trd, 4319134.643, 103
Trd, 4319135.593, 100
Trd, 4319137.043, 101
Trd, 4319137.243, 99
Trd, 4319140.443, 80
Trd, 4319142.093, 88
Trd, 4319142.993, 92
Trd, 4319146.943, 89
Trd, 4319149.443, 96
Trd, 4319149.943, 122
Trd, 4319151.443, 103
Trd, 4319152.393, 102
Trd, 4319152.893, 102
Trd, 4319153.093, 104
Trd, 4319156.793, 104
Trd, 4319158.943, 103
Trd, 4319162.043, 103
Trd, 4319164.093, 104
Trd, 4319164.293, 103
Trd, 4319165.243, 105
Trd, 4319166.893, 105
Trd, 4319167.093, 104
Trd, 4319169.393, 104
Trd, 4319170.943, 104
Trd, 4319173.793, 104
Trd, 4319174.293, 103
Trd, 4319175.543, 103
Trd, 4319177.993, 104
Trd, 4319179.093, 103
Trd, 4319179.393, 103
Trd, 4319180.993, 102
Trd, 4319182.293, 100
Trd, 4319183.943, 91
Trd, 4319184.293, 97
Trd, 4319184.993, 93
Trd, 4319187.143, 96
Trd, 4319187.793, 99
Trd, 4319189.893, 99
Trd, 4319190.393, 99
Trd, 4319192.743, 97
Trd, 4319192.893, 99
Trd, 4319194.593, 96
Trd, 4319195.243, 104
Trd, 4319195.343, 95
Trd, 4319196.943, 99
Trd, 4319198.493, 100
Trd, 4319198.793, 95
Trd, 4319199.993, 91
Trd, 4319200.843, 77
Trd, 4319204.243, 88
Trd, 4319205.693, 104
Trd, 4319209.443, 94
Trd, 4319209.543, 94
Trd, 4319211.793, 97
Trd, 4319212.943, 96
Trd, 4319213.343, 104
Trd, 4319214.793, 101
Trd, 4319215.493, 104
Trd, 4319217.143, 107
Trd, 4319217.593, 106
Trd, 4319217.693, 105
Trd, 4319218.643, 113
Trd, 4319219.343, 90
Trd, 4319221.593, 86
Trd, 4319223.793, 99
Trd, 4319223.893, 98
Trd, 4319224.493, 97
Trd, 4319228.043, 102
Trd, 4319230.893, 100
Trd, 4319234.243, 101
Trd, 4319235.493, 100
Trd, 4319235.893, 101
Trd, 4319237.593, 100
Trd, 4319240.543, 98
Trd, 4319241.393, 100
Trd, 4319241.493, 97
Trd, 4319245.893, 101
Trd, 4319247.293, 99
Trd, 4319248.443, 99
Trd, 4319249.093, 100
Trd, 4319249.543, 98
Trd, 4319251.493, 100
Trd, 4319253.043, 102
Trd, 4319253.693, 101
Trd, 4319254.293, 98
Trd, 4319257.143, 98
Trd, 4319257.293, 104
Trd, 4319258.843, 104
Trd, 4319261.193, 102
Trd, 4319262.293, 100
Trd, 4319263.193, 77
Trd, 4319263.293, 96
Trd, 4319264.543, 76
Trd, 4319266.443, 82
Trd, 4319268.643, 94
Trd, 4319270.443, 92
Trd, 4319273.643, 93
Trd, 4319276.693, 104
Trd, 4319280.043, 95
Trd, 4319280.693, 98
Trd, 4319282.943, 100
Trd, 4319284.493, 104
Trd, 4319287.243, 114
Trd, 4319287.493, 109
Trd, 4319288.193, 108
Trd, 4319288.693, 101
Trd, 4319291.193, 102
Trd, 4319293.593, 102
Trd, 4319294.643, 101
Trd, 4319297.293, 102
Trd, 4319297.643, 106
Trd, 4319300.193, 105
Trd, 4319300.243, 103
Trd, 4319301.093, 101
Trd, 4319301.743, 94
Trd, 4319303.793, 79
Trd, 4319304.793, 80
Trd, 4319306.293, 87
Trd, 4319307.193, 96
Trd, 4319308.543, 89
Trd, 4319309.093, 87
Trd, 4319309.443, 84
Trd, 4319313.893, 88
Trd, 4319314.093, 91
Trd, 4319315.593, 87
Trd, 4319316.043, 91
Trd, 4319317.393, 104
Trd, 4319321.293, 96
Trd, 4319321.493, 97
Trd, 4319322.593, 95
Trd, 4319323.893, 96
Trd, 4319327.143, 96
Trd, 4319327.443, 101
Trd, 4319329.893, 98
Trd, 4319329.943, 100
Trd, 4319331.193, 98
Trd, 4319332.043, 98
Trd, 4319332.843, 98
Trd, 4319334.543, 98
Trd, 4319335.043, 99
Trd, 4319337.943, 100
Trd, 4319338.743, 96
Trd, 4319340.593, 99
Trd, 4319341.493, 97
Trd, 4319343.093, 98
Trd, 4319345.243, 99
Trd, 4319346.793, 100
Trd, 4319348.443, 98
Trd, 4319349.343, 98
Trd, 4319350.193, 99
Trd, 4319352.993, 100
Trd, 4319353.093, 98
Trd, 4319354.943, 104
Trd, 4319356.793, 103
Trd, 4319357.293, 102
Trd, 4319357.543, 98
Trd, 4319358.993, 103
Trd, 4319361.093, 101
Trd, 4319361.443, 100
Trd, 4319364.093, 100
Trd, 4319365.843, 101
Trd, 4319366.193, 99
Trd, 4319367.393, 99
Trd, 4319368.543, 98
Trd, 4319368.793, 96
Trd, 4319371.543, 95
Trd, 4319372.943, 97
Trd, 4319373.843, 97
Trd, 4319374.893, 98
Trd, 4319376.243, 96
Trd, 4319376.443, 95
Trd, 4319378.143, 98
Trd, 4319379.643, 98
Trd, 4319382.293, 96
Trd, 4319382.893, 94
Trd, 4319382.943, 97
Trd, 4319385.143, 96
Trd, 4319385.793, 98
Trd, 4319390.393, 97
Trd, 4319392.993, 98
Trd, 4319393.493, 97
Trd, 4319394.793, 98
Trd, 4319396.143, 97
Trd, 4319396.243, 98
Trd, 4319398.843, 97
Trd, 4319400.343, 100
Trd, 4319400.743, 96
Trd, 4319402.743, 98
Trd, 4319402.893, 100
Trd, 4319406.543, 104
Trd, 4319408.393, 102
Trd, 4319409.093, 106
Trd, 4319409.543, 102
Trd, 4319409.793, 101
Trd, 4319411.843, 100
Trd, 4319412.493, 99
Trd, 4319417.593, 104
Trd, 4319417.743, 103
Trd, 4319419.893, 102
Trd, 4319420.243, 104
Trd, 4319420.943, 101
Trd, 4319422.443, 103
Trd, 4319422.843, 100
Trd, 4319427.393, 102
Trd, 4319427.493, 101
Trd, 4319429.493, 103
Trd, 4319434.793, 100
Trd, 4319435.393, 102
Trd, 4319437.743, 104
Trd, 4319438.443, 104
Trd, 4319439.493, 105
Trd, 4319440.193, 102
Trd, 4319440.243, 101
Trd, 4319441.093, 105
Trd, 4319443.843, 93
Trd, 4319444.143, 97
Trd, 4319445.443, 96
Trd, 4319448.143, 97
Trd, 4319451.243, 101
Trd, 4319451.843, 100
Trd, 4319452.743, 99
Trd, 4319455.443, 100
Trd, 4319455.643, 100
Trd, 4319455.793, 104
Trd, 4319459.443, 99
Trd, 4319462.743, 98
Trd, 4319462.793, 98
Trd, 4319462.843, 102
Trd, 4319466.443, 100
Trd, 4319466.593, 101
Trd, 4319467.293, 98
Trd, 4319467.543, 90
Trd, 4319469.193, 89
Trd, 4319471.693, 93
Trd, 4319471.993, 104
Trd, 4319473.643, 98
Trd, 4319475.943, 95
Trd, 4319479.093, 96
Trd, 4319479.193, 95
Trd, 4319482.543, 94
Trd, 4319484.843, 95
Trd, 4319485.293, 93
Trd, 4319485.743, 93
Trd, 4319487.293, 93
Trd, 4319488.493, 93
Trd, 4319489.093, 92
Trd, 4319490.893, 90
Trd, 4319493.993, 93
Trd, 4319494.143, 90
Trd, 4319496.493, 90
Trd, 4319497.093, 94
Trd, 4319499.943, 92
Trd, 4319503.043, 96
Trd, 4319503.193, 92
Trd, 4319506.493, 93
Trd, 4319506.693, 94
Trd, 4319507.743, 93
Trd, 4319514.993, 94
Trd, 4319515.293, 94
Trd, 4319516.693, 95
Trd, 4319518.293, 96
Trd, 4319520.093, 99
Trd, 4319520.193, 104
Trd, 4319520.393, 99
Trd, 4319522.343, 121
Trd, 4319523.693, 104
Trd, 4319523.943, 102
Trd, 4319525.393, 103
Trd, 4319529.093, 105
Trd, 4319529.643, 103
Trd, 4319531.593, 103
Trd, 4319533.943, 104
Trd, 4319534.693, 105
Trd, 4319536.943, 106
Trd, 4319538.693, 104
Trd, 4319541.093, 104
Trd, 4319543.493, 104
Trd, 4319543.843, 102
Trd, 4319544.243, 107
Trd, 4319545.343, 107
Trd, 4319546.143, 103
Trd, 4319548.743, 105
Trd, 4319549.243, 104
Trd, 4319549.743, 102
Trd, 4319550.743, 107
Trd, 4319552.493, 95
Trd, 4319553.693, 86
Trd, 4319555.943, 87
Trd, 4319559.243, 93
Trd, 4319560.943, 96
Trd, 4319562.143, 96
Trd, 4319562.343, 101
Trd, 4319566.093, 97
Trd, 4319569.243, 97
Trd, 4319570.493, 98
Trd, 4319572.893, 96
Trd, 4319577.893, 98
Trd, 4319579.793, 98
Trd, 4319580.643, 95
Trd, 4319583.293, 98
Trd, 4319583.943, 97
Trd, 4319588.893, 96
Trd, 4319589.143, 96
Trd, 4319589.193, 96
Trd, 4319590.143, 95
Trd, 4319591.743, 94
Trd, 4319593.593, 94
Trd, 4319594.043, 104
Trd, 4319597.343, 99
Trd, 4319597.493, 97
Trd, 4319600.993, 104
Trd, 4319601.993, 101
Trd, 4319602.593, 101
Trd, 4319606.793, 102
Trd, 4319606.843, 101
Trd, 4319607.143, 100
Trd, 4319607.693, 103
Trd, 4319610.043, 101
Trd, 4319612.143, 100
Trd, 4319612.543, 103
Trd, 4319615.143, 103
Trd, 4319619.343, 104
Trd, 4319619.793, 102
Trd, 4319624.443, 104
Trd, 4319624.793, 104
Trd, 4319625.143, 102
Trd, 4319627.093, 102
Trd, 4319630.993, 102
Trd, 4319633.743, 103
Trd, 4319633.843, 104
Trd, 4319635.043, 104
Trd, 4319637.843, 104
Trd, 4319638.143, 102
Trd, 4319640.493, 104
Trd, 4319641.293, 104
Trd, 4319642.093, 103
Trd, 4319645.093, 109
Trd, 4319645.393, 108
Trd, 4319646.443, 101
Trd, 4319646.993, 96
Trd, 4319647.043, 107
Trd, 4319649.993, 99
Trd, 4319650.793, 98
Trd, 4319654.043, 98
Trd, 4319654.593, 98
Trd, 4319654.993, 100
Trd, 4319655.293, 119
Trd, 4319657.993, 97
Trd, 4319658.643, 97
Trd, 4319658.843, 97
Trd, 4319661.893, 98
Trd, 4319664.793, 98
Trd, 4319665.543, 97
Trd, 4319667.693, 95
Trd, 4319669.793, 96
Trd, 4319670.043, 95
Trd, 4319671.443, 96
Trd, 4319672.043, 104
Trd, 4319673.593, 96
Trd, 4319676.143, 99
Trd, 4319676.393, 96
Trd, 4319676.593, 97
Trd, 4319677.693, 97
Trd, 4319679.743, 92
Trd, 4319681.193, 88
Trd, 4319681.443, 83
Trd, 4319683.393, 85
Trd, 4319685.293, 86
Trd, 4319687.893, 85
Trd, 4319689.143, 86
Trd, 4319692.343, 94
Trd, 4319692.443, 95
Trd, 4319693.043, 93
Trd, 4319693.693, 93
Trd, 4319694.043, 94
Trd, 4319699.143, 94
Trd, 4319699.243, 93
Trd, 4319699.593, 95
Trd, 4319704.393, 96
Trd, 4319704.443, 104
Trd, 4319705.343, 104
Trd, 4319705.493, 103
Trd, 4319705.693, 96
Trd, 4319707.893, 92
Trd, 4319709.093, 94
Trd, 4319710.093, 99
Trd, 4319710.243, 97
Trd, 4319712.943, 97
Trd, 4319714.193, 98
Trd, 4319715.893, 96
Trd, 4319716.693, 98
Trd, 4319717.643, 105
Trd, 4319722.793, 100
Trd, 4319723.743, 104
Trd, 4319724.793, 104
Trd, 4319725.743, 105
Trd, 4319726.143, 106
Trd, 4319727.193, 103
Trd, 4319727.343, 108
Trd, 4319731.143, 103
Trd, 4319733.293, 103
Trd, 4319734.593, 102
Trd, 4319736.193, 104
Trd, 4319739.643, 102
Trd, 4319740.543, 103
Trd, 4319741.243, 101
Trd, 4319742.493, 107
Trd, 4319743.043, 113
Trd, 4319743.993, 106
Trd, 4319746.293, 106
Trd, 4319749.493, 106
Trd, 4319749.793, 107
Trd, 4319750.143, 105
Trd, 4319750.343, 103
Trd, 4319751.793, 90
Trd, 4319752.443, 95
Trd, 4319755.643, 95
Trd, 4319755.743, 94
Trd, 4319757.243, 94
Trd, 4319758.793, 96
Trd, 4319760.393, 96
Trd, 4319762.743, 96
Trd, 4319763.593, 96
Trd, 4319767.443, 97
Trd, 4319767.643, 104
Trd, 4319771.443, 98
Trd, 4319771.893, 99
Trd, 4319772.293, 98
Trd, 4319772.393, 97
Trd, 4319775.093, 96
Trd, 4319777.193, 104
Trd, 4319781.743, 98
Trd, 4319782.293, 98
Trd, 4319785.143, 97
Trd, 4319785.343, 95
Trd, 4319790.193, 96
Trd, 4319791.343, 98
Trd, 4319791.443, 94
Trd, 4319792.143, 104
Trd, 4319793.943, 101
Trd, 4319795.293, 97
Trd, 4319796.293, 98
Trd, 4319797.243, 122
Trd, 4319798.593, 112
Trd, 4319799.643, 97
Trd, 4319801.243, 103
Trd, 4319802.393, 96
Trd, 4319804.643, 102
Trd, 4319806.493, 100
Trd, 4319807.243, 101
Trd, 4319807.393, 100
Trd, 4319811.143, 102
Trd, 4319811.593, 102
Trd, 4319812.143, 101
Trd, 4319812.993, 102
Trd, 4319813.943, 100
Trd, 4319819.643, 98
Trd, 4319819.793, 98
Trd, 4319820.743, 99
Trd, 4319821.593, 97
Trd, 4319822.793, 104
Trd, 4319822.893, 102
Trd, 4319824.843, 101
Trd, 4319825.443, 102
Trd, 4319828.693, 103
Trd, 4319828.843, 103
Trd, 4319829.743, 102
Trd, 4319831.443, 78
Trd, 4319831.843, 95
Trd, 4319834.043, 95
Trd, 4319836.243, 93
Trd, 4319838.193, 93
Trd, 4319838.443, 95
Trd, 4319841.443, 94
Trd, 4319842.093, 93
Trd, 4319842.543, 95
Trd, 4319843.643, 95
Trd, 4319846.893, 104
Trd, 4319846.943, 99
Trd, 4319848.193, 103
Trd, 4319849.193, 108
Trd, 4319849.643, 122
Trd, 4319849.793, 109
Trd, 4319850.643, 115
Trd, 4319850.743, 103
Trd, 4319853.243, 102
Trd, 4319855.393, 101
Trd, 4319856.143, 112
Trd, 4319858.393, 100
Trd, 4319861.443, 99
Trd, 4319862.793, 96
Trd, 4319863.193, 91
Trd, 4319863.293, 96
Trd, 4319865.143, 93
Trd, 4319865.293, 82
Trd, 4319868.243, 93
Trd, 4319872.043, 93
Trd, 4319874.393, 92
Trd, 4319876.893, 93
Trd, 4319879.293, 94
Trd, 4319880.493, 95
Trd, 4319880.893, 93
Trd, 4319880.993, 94
Trd, 4319883.093, 94
Trd, 4319883.793, 96
Trd, 4319883.843, 95
Trd, 4319885.343, 97
Trd, 4319886.693, 102
Trd, 4319889.793, 98
Trd, 4319892.143, 98
Trd, 4319893.443, 100
Trd, 4319894.193, 120
Trd, 4319894.893, 114
Trd, 4319895.693, 108
Trd, 4319896.393, 111
Trd, 4319897.643, 98
Trd, 4319899.643, 86
Trd, 4319902.343, 81
Trd, 4319902.843, 86
Trd, 4319903.743, 109
Trd, 4319905.943, 94
Trd, 4319907.943, 93
Trd, 4319909.043, 92
Trd, 4319910.143, 91
Trd, 4319911.543, 93
Trd, 4319912.593, 93
Trd, 4319915.993, 91
Trd, 4319917.343, 93
Trd, 4319918.243, 94
Trd, 4319918.293, 101
Trd, 4319920.193, 97
Trd, 4319922.143, 98
Trd, 4319922.593, 97
Trd, 4319924.643, 99
Trd, 4319926.593, 105
Trd, 4319927.343, 103
Trd, 4319927.543, 103
Trd, 4319928.693, 113
Trd, 4319929.793, 107
Trd, 4319932.193, 107
Trd, 4319932.843, 102
Trd, 4319933.793, 109
Trd, 4319935.643, 92
Trd, 4319936.593, 97
Trd, 4319940.893, 102
Trd, 4319941.093, 101
Trd, 4319941.893, 99
Trd, 4319943.143, 99
Trd, 4319944.343, 104
Trd, 4319945.493, 96
Trd, 4319946.643, 95
Trd, 4319946.893, 96
Trd, 4319947.493, 118
Trd, 4319947.593, 94
Trd, 4319950.843, 105
Trd, 4319953.143, 103
Trd, 4319954.643, 104
Trd, 4319955.993, 105
Trd, 4319958.143, 104
Trd, 4319960.893, 103
Trd, 4319961.893, 105
Trd, 4319962.693, 102
Trd, 4319963.343, 103
Trd, 4319963.943, 102
Trd, 4319964.393, 103
Trd, 4319966.643, 104
Trd, 4319969.043, 102
Trd, 4319970.243, 101
Trd, 4319972.193, 101
Trd, 4319973.393, 99
Trd, 4319975.543, 101
Trd, 4319976.143, 98
Trd, 4319979.743, 98
Trd, 4319980.493, 97
Trd, 4319981.243, 96
Trd, 4319982.593, 97
Trd, 4319984.443, 101
Trd, 4319987.593, 100
Trd, 4319991.593, 97
Trd, 4319991.643, 96
Trd, 4319993.093, 99
Trd, 4319993.543, 100
Trd, 4319996.093, 104
Trd, 4319996.343, 99
Trd, 4319996.793, 98
