Trd, 4317914.393, 102
Trd, 4317914.693, 102
Trd, 4317915.093, 101
Trd, 4317915.243, 91
Trd, 4317915.893, 100
Trd, 4317916.143, 84
Trd, 4317918.943, 86
Trd, 4317920.693, 99
Trd, 4317921.993, 96
Trd, 4317923.643, 94
Trd, 4317925.243, 94
Trd, 4317925.643, 94
Trd, 4317926.143, 96
Trd, 4317926.493, 105
Trd, 4317927.993, 100
Trd, 4317931.193, 94
Trd, 4317931.543, 85
Trd, 4317932.843, 90
Trd, 4317934.643, 95
Trd, 4317935.293, 95
Trd, 4317936.493, 91
Trd, 4317937.893, 95
Trd, 4317938.043, 93
Trd, 4317939.793, 93
Trd, 4317940.093, 91
Trd, 4317940.843, 95
Trd, 4317942.393, 103
Trd, 4317943.393, 97
Trd, 4317944.593, 103
Trd, 4317945.043, 101
Trd, 4317946.893, 104
Trd, 4317947.343, 87
Trd, 4317948.343, 93
Trd, 4317949.693, 100
Trd, 4317950.243, 98
Trd, 4317951.293, 105
Trd, 4317951.643, 99
Trd, 4317952.343, 98
Trd, 4317953.743, 109
Trd, 4317954.693, 95
Trd, 4317955.443, 104
Trd, 4317955.943, 108
Trd, 4317957.693, 115
Trd, 4317957.993, 109
Trd, 4317958.543, 90
Trd, 4317960.143, 94
Trd, 4317962.293, 104
Trd, 4317962.543, 102
Trd, 4317962.593, 114
Trd, 4317965.593, 102
Trd, 4317966.243, 102
Trd, 4317966.743, 85
Trd, 4317966.893, 84
Trd, 4317968.543, 92
Trd, 4317968.593, 106
Trd, 4317970.643, 110
Trd, 4317972.193, 102
Trd, 4317973.193, 81
Trd, 4317973.593, 102
Trd, 4317975.243, 101
Trd, 4317976.543, 82
Trd, 4317977.143, 89
Trd, 4317978.893, 94
Trd, 4317981.143, 97
Trd, 4317982.343, 101
Trd, 4317982.593, 94
Trd, 4317982.693, 104
Trd, 4317983.443, 97
Trd, 4317985.043, 99
Trd, 4317985.493, 98
Trd, 4317986.843, 98
Trd, 4317989.243, 98
Trd, 4317990.793, 102
Trd, 4317990.843, 98
Trd, 4317991.643, 99
Trd, 4317993.443, 100
Trd, 4317994.693, 93
Trd, 4317996.693, 101
Trd, 4317998.443, 101
Trd, 4317999.393, 96
Trd, 4318000.043, 93
Trd, 4318001.293, 95
Trd, 4318002.043, 94
Trd, 4318002.293, 102
Trd, 4318002.893, 94
Trd, 4318003.343, 104
Trd, 4318005.543, 93
Trd, 4318007.243, 88
Trd, 4318009.193, 93
Trd, 4318010.443, 96
Trd, 4318014.243, 93
Trd, 4318014.393, 92
Trd, 4318014.693, 92
Trd, 4318015.793, 95
Trd, 4318018.993, 106
Trd, 4318021.143, 98
Trd, 4318021.343, 97
Trd, 4318021.693, 97
Trd, 4318021.943, 99
Trd, 4318023.043, 99
Trd, 4318024.743, 99
Trd, 4318025.793, 94
Trd, 4318026.693, 85
Trd, 4318027.143, 92
Trd, 4318027.943, 99
Trd, 4318028.543, 92
Trd, 4318030.993, 101
Trd, 4318033.143, 94
Trd, 4318033.243, 97
Trd, 4318033.343, 107
Trd, 4318034.193, 85
Trd, 4318034.543, 118
Trd, 4318036.493, 104
Trd, 4318036.943, 101
Trd, 4318037.693, 109
Trd, 4318038.643, 102
Trd, 4318040.093, 102
Trd, 4318040.643, 104
Trd, 4318042.043, 88
Trd, 4318043.643, 92
Trd, 4318045.443, 95
Trd, 4318046.343, 94
Trd, 4318046.843, 104
Trd, 4318047.943, 85
Trd, 4318048.943, 98
Trd, 4318049.793, 103
Trd, 4318051.343, 101
Trd, 4318051.593, 106
Trd, 4318053.393, 104
Trd, 4318054.743, 101
Trd, 4318056.293, 90
Trd, 4318056.693, 87
Trd, 4318057.743, 96
Trd, 4318059.093, 96
Trd, 4318060.593, 100
Trd, 4318061.093, 99
Trd, 4318061.293, 105
Trd, 4318062.793, 86
Trd, 4318065.043, 89
Trd, 4318065.543, 97
Trd, 4318066.843, 94
Trd, 4318068.093, 93
Trd, 4318070.293, 103
Trd, 4318071.243, 89
Trd, 4318072.043, 105
Trd, 4318072.143, 99
Trd, 4318073.043, 96
Trd, 4318074.843, 91
Trd, 4318076.043, 101
Trd, 4318077.393, 98
Trd, 4318078.443, 104
Trd, 4318079.393, 102
Trd, 4318079.993, 102
Trd, 4318081.843, 104
Trd, 4318083.293, 100
Trd, 4318085.043, 109
Trd, 4318086.493, 113
Trd, 4318086.643, 106
Trd, 4318087.243, 103
Trd, 4318088.493, 91
Trd, 4318090.693, 89
Trd, 4318091.493, 96
Trd, 4318092.793, 93
Trd, 4318093.243, 85
Trd, 4318095.093, 91
Trd, 4318095.843, 77
Trd, 4318096.093, 104
Trd, 4318097.243, 95
Trd, 4318098.993, 97
Trd, 4318099.643, 98
Trd, 4318101.343, 93
Trd, 4318102.193, 110
Trd, 4318102.293, 105
Trd, 4318104.143, 108
Trd, 4318104.393, 104
Trd, 4318107.193, 103
Trd, 4318107.443, 104
Trd, 4318107.993, 104
Trd, 4318109.043, 105
Trd, 4318110.843, 104
Trd, 4318112.543, 103
Trd, 4318112.993, 104
Trd, 4318114.843, 103
Trd, 4318116.943, 102
Trd, 4318117.693, 101
Trd, 4318118.243, 101
Trd, 4318120.593, 97
Trd, 4318120.643, 77
Trd, 4318123.143, 96
Trd, 4318123.243, 94
Trd, 4318124.693, 96
Trd, 4318127.343, 96
Trd, 4318128.443, 99
Trd, 4318128.493, 95
Trd, 4318128.643, 85
Trd, 4318129.843, 93
Trd, 4318131.293, 93
Trd, 4318132.243, 94
Trd, 4318132.643, 95
Trd, 4318137.043, 103
Trd, 4318137.793, 103
Trd, 4318137.993, 103
Trd, 4318138.043, 100
Trd, 4318139.893, 102
Trd, 4318140.743, 102
Trd, 4318142.243, 87
Trd, 4318142.993, 97
Trd, 4318143.693, 95
Trd, 4318145.693, 94
Trd, 4318146.793, 96
Trd, 4318147.793, 105
Trd, 4318148.093, 95
Trd, 4318148.993, 99
Trd, 4318151.043, 99
Trd, 4318152.943, 104
Trd, 4318153.393, 102
Trd, 4318155.743, 101
Trd, 4318156.393, 102
Trd, 4318156.793, 102
Trd, 4318158.043, 101
Trd, 4318158.943, 102
Trd, 4318159.643, 103
Trd, 4318160.143, 91
Trd, 4318160.393, 85
Trd, 4318162.293, 104
Trd, 4318163.243, 103
Trd, 4318163.793, 100
Trd, 4318163.943, 103
Trd, 4318164.243, 92
Trd, 4318166.643, 95
Trd, 4318168.493, 103
Trd, 4318168.943, 104
Trd, 4318169.343, 97
Trd, 4318169.843, 102
Trd, 4318173.043, 98
Trd, 4318174.943, 102
Trd, 4318175.343, 85
Trd, 4318176.443, 98
Trd, 4318178.593, 94
Trd, 4318180.693, 103
Trd, 4318180.793, 95
Trd, 4318182.393, 100
Trd, 4318183.243, 102
Trd, 4318184.643, 98
Trd, 4318185.893, 97
Trd, 4318187.593, 96
Trd, 4318188.643, 92
Trd, 4318189.743, 94
Trd, 4318190.443, 95
Trd, 4318190.643, 105
Trd, 4318193.043, 91
Trd, 4318193.293, 105
Trd, 4318194.543, 89
Trd, 4318195.793, 95
Trd, 4318197.143, 94
Trd, 4318197.593, 89
Trd, 4318197.693, 106
Trd, 4318200.043, 101
Trd, 4318201.493, 97
Trd, 4318202.543, 90
Trd, 4318202.793, 99
Trd, 4318205.493, 99
Trd, 4318207.343, 106
Trd, 4318208.793, 103
Trd, 4318209.443, 98
Trd, 4318209.643, 84
Trd, 4318211.443, 95
Trd, 4318212.193, 89
Trd, 4318212.843, 107
Trd, 4318214.243, 102
Trd, 4318215.893, 103
Trd, 4318215.993, 100
Trd, 4318217.093, 99
Trd, 4318219.143, 89
Trd, 4318219.293, 84
Trd, 4318220.543, 95
Trd, 4318221.643, 95
Trd, 4318222.043, 93
Trd, 4318223.793, 101
Trd, 4318224.243, 98
Trd, 4318224.843, 99
Trd, 4318224.993, 105
Trd, 4318225.293, 89
Trd, 4318226.943, 85
Trd, 4318227.893, 102
Trd, 4318228.993, 104
Trd, 4318232.793, 104
Trd, 4318233.093, 87
Trd, 4318233.793, 104
Trd, 4318234.443, 94
Trd, 4318236.893, 103
Trd, 4318238.193, 103
Trd, 4318240.843, 102
Trd, 4318241.793, 94
Trd, 4318244.743, 96
Trd, 4318246.993, 97
Trd, 4318249.043, 97
Trd, 4318249.343, 96
Trd, 4318250.843, 94
Trd, 4318253.193, 98
Trd, 4318253.843, 100
Trd, 4318255.093, 97
Trd, 4318255.343, 96
Trd, 4318255.993, 100
Trd, 4318257.193, 101
Trd, 4318259.193, 93
Trd, 4318260.693, 101
Trd, 4318260.943, 105
Trd, 4318261.293, 98
Trd, 4318262.043, 92
Trd, 4318264.293, 94
Trd, 4318264.343, 103
Trd, 4318266.843, 99
Trd, 4318268.193, 96
Trd, 4318269.243, 95
Trd, 4318271.343, 94
Trd, 4318272.143, 99
Trd, 4318272.893, 98
Trd, 4318273.693, 97
Trd, 4318275.393, 98
Trd, 4318275.693, 105
Trd, 4318277.443, 103
Trd, 4318279.243, 103
Trd, 4318281.743, 105
Trd, 4318282.193, 103
Trd, 4318282.643, 105
Trd, 4318282.943, 100
Trd, 4318284.543, 101
Trd, 4318285.343, 99
Trd, 4318286.143, 103
Trd, 4318286.593, 116
Trd, 4318288.193, 85
Trd, 4318289.093, 96
Trd, 4318289.743, 105
Trd, 4318290.643, 93
Trd, 4318293.243, 96
Trd, 4318293.593, 95
Trd, 4318294.943, 95
Trd, 4318296.143, 110
Trd, 4318296.193, 100
Trd, 4318296.493, 100
Trd, 4318299.243, 109
Trd, 4318301.743, 100
Trd, 4318301.793, 91
Trd, 4318302.543, 101
Trd, 4318304.143, 99
Trd, 4318304.443, 87
Trd, 4318304.993, 108
Trd, 4318306.393, 102
Trd, 4318308.993, 102
Trd, 4318310.343, 95
Trd, 4318311.893, 95
Trd, 4318312.393, 94
Trd, 4318313.243, 97
Trd, 4318313.893, 84
Trd, 4318315.393, 100
Trd, 4318317.093, 94
Trd, 4318317.493, 84
Trd, 4318320.893, 92
Trd, 4318321.343, 92
Trd, 4318321.543, 94
Trd, 4318321.893, 95
Trd, 4318323.193, 91
Trd, 4318323.243, 90
Trd, 4318324.843, 95
Trd, 4318325.593, 93
Trd, 4318326.293, 95
Trd, 4318327.893, 97
Trd, 4318328.143, 85
Trd, 4318329.343, 107
Trd, 4318330.293, 94
Trd, 4318331.493, 103
Trd, 4318332.143, 84
Trd, 4318332.493, 107
Trd, 4318332.843, 96
Trd, 4318334.793, 100
Trd, 4318334.993, 93
Trd, 4318335.493, 94
Trd, 4318336.043, 107
Trd, 4318337.893, 103
Trd, 4318338.543, 103
Trd, 4318341.693, 100
Trd, 4318342.643, 100
Trd, 4318343.493, 87
Trd, 4318344.043, 122
Trd, 4318344.243, 110
Trd, 4318344.643, 85
Trd, 4318348.093, 110
Trd, 4318348.393, 104
Trd, 4318352.693, 105
Trd, 4318352.843, 104
Trd, 4318353.293, 104
Trd, 4318354.993, 102
Trd, 4318355.293, 95
Trd, 4318357.143, 99
Trd, 4318357.293, 100
Trd, 4318360.343, 96
Trd, 4318360.593, 100
Trd, 4318361.643, 86
Trd, 4318362.093, 101
Trd, 4318363.143, 96
Trd, 4318363.493, 104
Trd, 4318364.943, 102
Trd, 4318365.293, 96
Trd, 4318368.093, 100
Trd, 4318368.243, 99
Trd, 4318372.943, 101
Trd, 4318373.043, 101
Trd, 4318373.593, 99
Trd, 4318373.643, 101
Trd, 4318375.193, 97
Trd, 4318375.843, 92
Trd, 4318375.893, 101
Trd, 4318376.543, 91
Trd, 4318378.743, 87
Trd, 4318378.893, 89
Trd, 4318380.243, 89
Trd, 4318381.443, 92
Trd, 4318382.843, 88
Trd, 4318383.443, 105
Trd, 4318384.193, 91
Trd, 4318385.443, 93
Trd, 4318387.393, 96
Trd, 4318388.143, 86
Trd, 4318390.143, 94
Trd, 4318391.893, 92
Trd, 4318392.843, 83
Trd, 4318392.993, 95
Trd, 4318395.043, 102
Trd, 4318395.793, 106
Trd, 4318395.943, 117
Trd, 4318396.593, 101
Trd, 4318398.493, 99
Trd, 4318398.943, 105
Trd, 4318399.893, 103
Trd, 4318399.943, 98
Trd, 4318400.793, 103
Trd, 4318403.543, 100
Trd, 4318404.193, 95
Trd, 4318404.243, 97
Trd, 4318406.993, 98
Trd, 4318407.243, 97
Trd, 4318407.793, 94
Trd, 4318409.643, 102
Trd, 4318411.843, 104
Trd, 4318413.193, 100
Trd, 4318413.843, 99
Trd, 4318414.843, 99
Trd, 4318415.493, 101
Trd, 4318416.943, 106
Trd, 4318419.043, 98
Trd, 4318419.193, 83
Trd, 4318422.043, 97
Trd, 4318422.493, 96
Trd, 4318423.493, 96
Trd, 4318424.643, 100
Trd, 4318425.293, 85
Trd, 4318426.393, 98
Trd, 4318428.143, 95
Trd, 4318428.493, 106
Trd, 4318430.343, 104
Trd, 4318431.293, 105
Trd, 4318431.993, 92
Trd, 4318432.893, 84
Trd, 4318435.793, 97
Trd, 4318436.393, 98
Trd, 4318438.193, 100
Trd, 4318439.543, 91
Trd, 4318440.393, 95
Trd, 4318440.693, 96
Trd, 4318442.643, 88
Trd, 4318443.193, 93
Trd, 4318443.393, 96
Trd, 4318444.993, 102
Trd, 4318446.043, 85
Trd, 4318447.493, 97
Trd, 4318448.243, 86
Trd, 4318448.993, 98
Trd, 4318449.193, 97
Trd, 4318449.593, 91
Trd, 4318451.343, 97
Trd, 4318453.143, 98
Trd, 4318453.193, 95
Trd, 4318454.943, 98
Trd, 4318456.593, 103
Trd, 4318458.393, 98
Trd, 4318458.493, 99
Trd, 4318460.243, 106
Trd, 4318460.393, 97
Trd, 4318461.543, 103
Trd, 4318463.443, 111
Trd, 4318463.793, 106
Trd, 4318463.843, 95
Trd, 4318464.143, 92
Trd, 4318466.293, 101
Trd, 4318469.843, 101
Trd, 4318471.293, 101
Trd, 4318471.493, 106
Trd, 4318471.693, 106
Trd, 4318472.993, 99
Trd, 4318473.793, 98
Trd, 4318475.043, 105
Trd, 4318475.093, 106
Trd, 4318475.693, 98
Trd, 4318475.993, 100
Trd, 4318478.543, 99
Trd, 4318480.793, 100
Trd, 4318481.643, 98
Trd, 4318483.743, 98
Trd, 4318484.493, 99
Trd, 4318485.293, 99
Trd, 4318487.193, 98
Trd, 4318488.993, 99
Trd, 4318489.143, 106
Trd, 4318489.243, 96
Trd, 4318490.543, 99
Trd, 4318491.243, 96
Trd, 4318491.693, 87
Trd, 4318492.693, 92
Trd, 4318494.493, 104
Trd, 4318494.543, 97
Trd, 4318495.843, 100
Trd, 4318497.443, 95
Trd, 4318499.493, 97
Trd, 4318501.893, 97
Trd, 4318502.693, 100
Trd, 4318504.643, 99
Trd, 4318505.043, 104
Trd, 4318507.243, 109
Trd, 4318507.393, 104
Trd, 4318507.893, 96
Trd, 4318509.293, 109
Trd, 4318510.143, 102
Trd, 4318510.843, 93
Trd, 4318511.143, 100
Trd, 4318511.743, 110
Trd, 4318513.293, 98
Trd, 4318513.993, 92
Trd, 4318516.293, 102
Trd, 4318520.043, 102
Trd, 4318520.893, 100
Trd, 4318521.093, 103
Trd, 4318522.643, 103
Trd, 4318522.793, 104
Trd, 4318523.443, 95
Trd, 4318524.143, 98
Trd, 4318524.643, 97
Trd, 4318524.993, 105
Trd, 4318527.893, 103
Trd, 4318530.693, 100
Trd, 4318531.843, 99
Trd, 4318532.943, 96
Trd, 4318534.293, 100
Trd, 4318534.843, 97
Trd, 4318536.893, 99
Trd, 4318538.593, 101
Trd, 4318539.743, 97
Trd, 4318539.793, 101
Trd, 4318540.443, 105
Trd, 4318542.343, 99
Trd, 4318542.443, 103
Trd, 4318545.593, 106
Trd, 4318546.193, 98
Trd, 4318547.593, 105
Trd, 4318548.593, 91
Trd, 4318550.193, 94
Trd, 4318550.743, 95
Trd, 4318551.543, 96
Trd, 4318552.393, 89
Trd, 4318552.643, 104
Trd, 4318553.643, 95
Trd, 4318553.793, 94
Trd, 4318554.743, 98
Trd, 4318557.343, 96
Trd, 4318557.393, 99
Trd, 4318558.093, 95
Trd, 4318558.143, 104
Trd, 4318559.393, 85
Trd, 4318562.193, 94
Trd, 4318564.193, 95
Trd, 4318564.443, 92
Trd, 4318566.043, 94
Trd, 4318566.743, 91
Trd, 4318567.093, 95
Trd, 4318567.843, 93
Trd, 4318568.643, 95
Trd, 4318569.093, 105
Trd, 4318570.493, 98
Trd, 4318570.993, 85
Trd, 4318573.393, 93
Trd, 4318573.843, 104
Trd, 4318574.093, 93
Trd, 4318575.593, 90
Trd, 4318577.643, 93
Trd, 4318578.743, 86
Trd, 4318579.743, 88
Trd, 4318581.443, 84
Trd, 4318581.743, 110
Trd, 4318582.143, 94
Trd, 4318585.443, 105
Trd, 4318586.043, 101
Trd, 4318586.993, 101
Trd, 4318588.443, 107
Trd, 4318588.993, 100
Trd, 4318589.443, 112
Trd, 4318591.043, 105
Trd, 4318591.543, 103
Trd, 4318591.993, 91
Trd, 4318595.593, 100
Trd, 4318596.093, 83
Trd, 4318598.993, 96
Trd, 4318601.143, 94
Trd, 4318601.743, 97
Trd, 4318603.193, 102
Trd, 4318603.543, 99
Trd, 4318605.193, 97
Trd, 4318607.543, 99
Trd, 4318608.243, 98
Trd, 4318608.943, 106
Trd, 4318608.993, 95
Trd, 4318609.843, 101
Trd, 4318610.343, 97
Trd, 4318610.693, 87
Trd, 4318613.343, 102
Trd, 4318613.393, 105
Trd, 4318614.393, 102
Trd, 4318616.443, 103
Trd, 4318617.993, 105
Trd, 4318618.143, 104
Trd, 4318618.893, 113
Trd, 4318620.643, 102
Trd, 4318621.543, 106
Trd, 4318621.993, 105
Trd, 4318623.393, 91
Trd, 4318625.493, 85
Trd, 4318627.443, 93
Trd, 4318628.693, 93
Trd, 4318629.193, 95
Trd, 4318630.643, 97
Trd, 4318631.043, 93
Trd, 4318631.543, 99
Trd, 4318633.493, 91
Trd, 4318634.293, 98
Trd, 4318636.143, 96
Trd, 4318636.943, 99
Trd, 4318638.143, 95
Trd, 4318638.993, 99
Trd, 4318639.043, 85
Trd, 4318640.143, 107
Trd, 4318641.493, 95
Trd, 4318642.193, 98
Trd, 4318646.543, 94
Trd, 4318646.893, 95
Trd, 4318647.243, 97
Trd, 4318647.793, 98
Trd, 4318649.543, 95
Trd, 4318651.093, 108
Trd, 4318651.543, 104
Trd, 4318651.793, 95
Trd, 4318653.143, 103
Trd, 4318654.043, 105
Trd, 4318654.593, 104
Trd, 4318656.543, 104
Trd, 4318657.043, 97
Trd, 4318657.293, 84
Trd, 4318658.493, 90
Trd, 4318659.793, 99
Trd, 4318660.943, 99
Trd, 4318663.593, 98
Trd, 4318666.793, 99
Trd, 4318667.693, 102
Trd, 4318670.693, 98
Trd, 4318671.343, 100
Trd, 4318672.293, 93
Trd, 4318674.793, 96
Trd, 4318675.743, 96
Trd, 4318679.493, 99
Trd, 4318680.693, 100
Trd, 4318682.093, 100
Trd, 4318682.143, 96
Trd, 4318683.843, 95
Trd, 4318684.593, 107
Trd, 4318685.243, 105
Trd, 4318686.343, 105
Trd, 4318686.443, 102
Trd, 4318688.143, 102
Trd, 4318689.943, 104
Trd, 4318690.343, 95
Trd, 4318693.043, 104
Trd, 4318693.693, 103
Trd, 4318694.043, 105
Trd, 4318695.493, 101
Trd, 4318697.293, 94
Trd, 4318698.443, 89
Trd, 4318701.093, 101
Trd, 4318702.243, 97
Trd, 4318702.793, 97
Trd, 4318703.993, 97
Trd, 4318705.243, 98
Trd, 4318706.593, 96
Trd, 4318707.493, 95
Trd, 4318708.743, 85
Trd, 4318709.443, 98
Trd, 4318709.943, 98
Trd, 4318711.343, 95
Trd, 4318714.493, 94
Trd, 4318714.543, 96
Trd, 4318716.893, 92
Trd, 4318717.493, 97
Trd, 4318717.793, 92
Trd, 4318718.993, 96
Trd, 4318719.943, 93
Trd, 4318720.193, 101
Trd, 4318723.093, 95
Trd, 4318724.393, 100
Trd, 4318725.093, 102
Trd, 4318726.193, 91
Trd, 4318726.843, 101
Trd, 4318726.893, 99
Trd, 4318729.343, 92
Trd, 4318730.443, 101
Trd, 4318731.693, 102
Trd, 4318732.093, 97
Trd, 4318732.693, 92
Trd, 4318732.743, 84
Trd, 4318735.343, 97
Trd, 4318736.643, 106
Trd, 4318736.743, 116
Trd, 4318739.043, 77
Trd, 4318739.893, 103
Trd, 4318740.293, 87
Trd, 4318741.643, 89
Trd, 4318742.143, 102
Trd, 4318742.743, 104
Trd, 4318742.943, 85
Trd, 4318743.393, 77
Trd, 4318744.493, 87
Trd, 4318745.993, 103
Trd, 4318747.793, 86
Trd, 4318748.393, 102
Trd, 4318749.593, 89
Trd, 4318750.793, 97
Trd, 4318751.443, 96
Trd, 4318752.493, 95
Trd, 4318753.743, 94
Trd, 4318754.593, 97
Trd, 4318755.293, 95
Trd, 4318757.093, 97
Trd, 4318757.643, 104
Trd, 4318760.243, 104
Trd, 4318760.393, 102
Trd, 4318761.093, 100
Trd, 4318762.193, 114
Trd, 4318763.593, 89
Trd, 4318764.843, 96
Trd, 4318765.843, 96
Trd, 4318766.343, 84
Trd, 4318767.593, 93
Trd, 4318769.643, 97
Trd, 4318771.293, 103
Trd, 4318772.943, 99
Trd, 4318773.643, 103
Trd, 4318773.843, 99
Trd, 4318775.993, 98
Trd, 4318776.143, 84
Trd, 4318776.993, 96
Trd, 4318779.593, 91
Trd, 4318780.493, 96
Trd, 4318780.543, 104
Trd, 4318781.843, 91
Trd, 4318782.593, 98
Trd, 4318784.293, 77
Trd, 4318786.243, 98
Trd, 4318787.243, 90
Trd, 4318788.593, 96
Trd, 4318790.493, 95
Trd, 4318790.743, 96
Trd, 4318790.843, 95
Trd, 4318790.943, 94
Trd, 4318792.393, 93
Trd, 4318795.943, 91
Trd, 4318796.993, 95
Trd, 4318797.643, 95
Trd, 4318797.843, 111
Trd, 4318800.593, 102
Trd, 4318801.043, 102
Trd, 4318801.393, 103
Trd, 4318801.543, 109
Trd, 4318803.443, 103
Trd, 4318804.343, 103
Trd, 4318805.593, 102
Trd, 4318807.793, 101
Trd, 4318809.893, 105
Trd, 4318811.143, 102
Trd, 4318811.443, 101
Trd, 4318811.693, 100
Trd, 4318813.343, 90
Trd, 4318813.393, 85
Trd, 4318815.793, 87
Trd, 4318817.393, 93
Trd, 4318818.843, 104
Trd, 4318820.193, 104
Trd, 4318820.393, 98
Trd, 4318823.193, 97
Trd, 4318823.593, 98
Trd, 4318824.243, 99
Trd, 4318824.993, 97
Trd, 4318826.443, 102
Trd, 4318828.093, 105
Trd, 4318828.343, 102
Trd, 4318829.293, 89
Trd, 4318829.993, 84
Trd, 4318831.743, 103
Trd, 4318832.843, 98
Trd, 4318834.093, 94
Trd, 4318835.043, 93
Trd, 4318836.343, 93
Trd, 4318837.343, 98
Trd, 4318838.943, 96
Trd, 4318840.043, 102
Trd, 4318840.543, 101
Trd, 4318841.993, 104
Trd, 4318843.543, 104
Trd, 4318844.493, 83
Trd, 4318845.793, 103
Trd, 4318847.993, 101
Trd, 4318848.693, 102
Trd, 4318849.393, 98
Trd, 4318849.543, 97
Trd, 4318851.093, 96
Trd, 4318853.743, 96
Trd, 4318855.043, 95
Trd, 4318855.243, 96
Trd, 4318855.443, 95
Trd, 4318856.643, 104
Trd, 4318857.593, 101
Trd, 4318859.243, 97
Trd, 4318860.293, 90
Trd, 4318862.243, 97
Trd, 4318863.443, 103
Trd, 4318864.743, 100
Trd, 4318865.143, 98
Trd, 4318865.243, 100
Trd, 4318866.393, 98
Trd, 4318868.343, 99
Trd, 4318868.543, 98
Trd, 4318871.443, 105
Trd, 4318873.343, 99
Trd, 4318873.493, 101
Trd, 4318874.443, 98
Trd, 4318875.043, 102
Trd, 4318876.293, 96
Trd, 4318879.293, 91
Trd, 4318879.843, 102
Trd, 4318880.043, 102
Trd, 4318882.143, 97
Trd, 4318883.293, 102
Trd, 4318883.893, 102
Trd, 4318884.493, 104
Trd, 4318885.393, 103
Trd, 4318885.493, 95
Trd, 4318888.943, 103
Trd, 4318889.193, 95
Trd, 4318889.693, 96
Trd, 4318890.243, 96
Trd, 4318894.793, 97
Trd, 4318895.793, 98
Trd, 4318896.043, 96
Trd, 4318896.943, 96
Trd, 4318899.393, 90
Trd, 4318900.143, 102
Trd, 4318902.493, 95
Trd, 4318902.643, 97
Trd, 4318902.993, 98
Trd, 4318905.443, 94
Trd, 4318906.393, 101
Trd, 4318907.193, 98
Trd, 4318907.793, 97
Trd, 4318908.393, 104
Trd, 4318910.543, 79
Trd, 4318910.943, 94
Trd, 4318912.693, 85
Trd, 4318914.193, 95
Trd, 4318914.793, 101
Trd, 4318914.893, 76
Trd, 4318915.443, 99
Trd, 4318915.643, 104
Trd, 4318917.843, 97
Trd, 4318919.793, 98
Trd, 4318920.293, 96
Trd, 4318922.143, 102
Trd, 4318922.193, 105
Trd, 4318923.243, 100
Trd, 4318924.743, 102
Trd, 4318926.043, 103
Trd, 4318926.393, 97
Trd, 4318928.243, 103
Trd, 4318928.843, 100
Trd, 4318929.993, 100
Trd, 4318933.293, 101
Trd, 4318933.843, 103
Trd, 4318934.943, 98
Trd, 4318935.143, 91
Trd, 4318936.543, 105
Trd, 4318937.343, 101
Trd, 4318937.843, 85
Trd, 4318938.793, 92
Trd, 4318940.193, 105
Trd, 4318942.043, 102
Trd, 4318943.243, 101
Trd, 4318944.743, 104
Trd, 4318945.093, 103
Trd, 4318945.593, 99
Trd, 4318948.243, 98
Trd, 4318949.893, 99
Trd, 4318950.793, 105
Trd, 4318950.893, 95
Trd, 4318953.843, 100
Trd, 4318954.143, 95
Trd, 4318955.443, 99
Trd, 4318956.593, 99
Trd, 4318957.693, 96
Trd, 4318958.393, 92
Trd, 4318960.143, 89
Trd, 4318961.693, 95
Trd, 4318962.093, 96
Trd, 4318964.793, 95
Trd, 4318965.043, 92
Trd, 4318966.643, 91
Trd, 4318968.143, 95
Trd, 4318968.593, 92
Trd, 4318969.093, 85
Trd, 4318969.393, 77
Trd, 4318970.243, 95
Trd, 4318972.543, 89
Trd, 4318973.343, 104
Trd, 4318974.343, 105
Trd, 4318974.493, 97
Trd, 4318976.643, 92
Trd, 4318978.043, 94
Trd, 4318980.243, 94
Trd, 4318981.343, 95
Trd, 4318984.093, 103
Trd, 4318985.043, 99
Trd, 4318987.143, 94
Trd, 4318987.993, 96
Trd, 4318988.743, 77
Trd, 4318989.743, 106
Trd, 4318990.993, 101
Trd, 4318991.393, 94
Trd, 4318993.293, 96
Trd, 4318994.243, 86
Trd, 4318996.143, 92
Trd, 4318996.243, 96
Trd, 4318998.743, 97
Trd, 4318999.793, 96
Trd, 4319001.343, 97
Trd, 4319003.793, 97
Trd, 4319004.143, 95
Trd, 4319004.943, 98
Trd, 4319005.393, 94
Trd, 4319005.893, 93
Trd, 4319007.643, 98
Trd, 4319007.993, 94
Trd, 4319008.093, 106
Trd, 4319008.943, 85
Trd, 4319010.593, 102
Trd, 4319011.443, 101
Trd, 4319011.793, 92
Trd, 4319014.043, 101
Trd, 4319015.893, 98
Trd, 4319021.743, 97
Trd, 4319022.793, 101
Trd, 4319023.143, 105
Trd, 4319023.643, 95
Trd, 4319024.943, 108
Trd, 4319026.793, 107
Trd, 4319026.843, 95
Trd, 4319028.393, 108
Trd, 4319028.593, 106
Trd, 4319030.193, 108
Trd, 4319030.293, 106
Trd, 4319032.743, 94
Trd, 4319034.193, 102
Trd, 4319036.193, 102
Trd, 4319037.443, 101
Trd, 4319038.443, 101
Trd, 4319040.343, 103
Trd, 4319042.493, 100
Trd, 4319042.893, 118
Trd, 4319043.693, 99
Trd, 4319044.543, 102
Trd, 4319047.293, 101
Trd, 4319049.943, 100
Trd, 4319051.743, 99
Trd, 4319052.093, 102
Trd, 4319053.143, 103
Trd, 4319053.393, 103
Trd, 4319054.493, 102
Trd, 4319055.093, 101
Trd, 4319058.243, 98
Trd, 4319059.743, 99
Trd, 4319060.043, 95
Trd, 4319060.943, 104
Trd, 4319062.043, 94
Trd, 4319062.693, 108
Trd, 4319064.293, 103
Trd, 4319065.093, 105
Trd, 4319066.243, 103
Trd, 4319067.143, 103
Trd, 4319067.393, 105
Trd, 4319067.893, 95
Trd, 4319069.593, 100
Trd, 4319071.743, 103
Trd, 4319072.793, 103
Trd, 4319075.043, 101
Trd, 4319076.093, 103
Trd, 4319077.643, 102
Trd, 4319079.143, 102
Trd, 4319080.243, 90
Trd, 4319081.593, 89
Trd, 4319081.643, 95
Trd, 4319081.893, 84
Trd, 4319083.143, 85
Trd, 4319084.093, 95
Trd, 4319084.943, 103
Trd, 4319086.293, 104
Trd, 4319088.493, 99
Trd, 4319089.343, 98
Trd, 4319089.543, 104
Trd, 4319090.293, 88
Trd, 4319091.293, 99
Trd, 4319092.143, 95
Trd, 4319092.393, 94
Trd, 4319093.143, 103
Trd, 4319093.843, 84
Trd, 4319094.693, 101
Trd, 4319099.393, 101
Trd, 4319100.443, 99
Trd, 4319101.443, 104
Trd, 4319101.793, 101
Trd, 4319102.843, 102
Trd, 4319104.493, 99
Trd, 4319107.443, 90
Trd, 4319107.793, 89
Trd, 4319108.143, 77
Trd, 4319108.343, 95
Trd, 4319109.193, 82
Trd, 4319110.493, 91
Trd, 4319110.893, 96
Trd, 4319113.693, 95
Trd, 4319113.893, 102
Trd, 4319115.143, 101
Trd, 4319115.543, 104
Trd, 4319116.293, 100
Trd, 4319117.893, 98
Trd, 4319118.543, 101
Trd, 4319119.943, 98
Trd, 4319121.693, 99
Trd, 4319122.893, 98
Trd, 4319122.943, 95
Trd, 4319124.943, 98
Trd, 4319126.993, 96
Trd, 4319127.593, 100
Trd, 4319129.343, 100
Trd, 4319130.343, 96
Trd, 4319131.843, 100
Trd, 4319133.193, 92
Trd, 4319133.343, 85
Trd, 4319134.543, 98
Trd, 4319136.093, 100
Trd, 4319137.493, 100
Trd, 4319138.843, 98
Trd, 4319142.493, 100
Trd, 4319143.793, 97
Trd, 4319144.343, 95
Trd, 4319145.043, 99
Trd, 4319145.743, 87
Trd, 4319146.243, 99
Trd, 4319146.893, 94
Trd, 4319147.243, 95
Trd, 4319148.643, 89
Trd, 4319149.693, 90
Trd, 4319151.143, 95
Trd, 4319152.043, 95
Trd, 4319153.093, 97
Trd, 4319154.293, 104
Trd, 4319155.343, 104
Trd, 4319155.693, 102
Trd, 4319156.143, 103
Trd, 4319159.393, 103
Trd, 4319159.643, 101
Trd, 4319160.543, 105
Trd, 4319163.043, 103
Trd, 4319164.193, 100
Trd, 4319164.643, 98
Trd, 4319167.743, 99
Trd, 4319168.343, 103
Trd, 4319169.293, 105
Trd, 4319169.793, 106
Trd, 4319172.743, 104
Trd, 4319173.393, 102
Trd, 4319175.793, 95
Trd, 4319176.043, 93
Trd, 4319176.793, 94
Trd, 4319176.893, 95
Trd, 4319179.943, 104
Trd, 4319180.343, 105
Trd, 4319181.443, 100
Trd, 4319182.393, 93
Trd, 4319183.243, 112
Trd, 4319183.893, 108
Trd, 4319184.393, 107
Trd, 4319185.693, 108
Trd, 4319188.293, 105
Trd, 4319190.843, 103
Trd, 4319192.643, 103
Trd, 4319195.243, 107
Trd, 4319195.393, 107
Trd, 4319195.693, 110
Trd, 4319196.743, 102
Trd, 4319199.943, 104
Trd, 4319202.793, 102
Trd, 4319203.243, 104
Trd, 4319203.693, 102
Trd, 4319204.943, 102
Trd, 4319207.193, 102
Trd, 4319208.643, 101
Trd, 4319210.643, 100
Trd, 4319211.643, 102
Trd, 4319213.243, 95
Trd, 4319213.893, 90
Trd, 4319213.943, 96
Trd, 4319214.743, 100
Trd, 4319215.843, 95
Trd, 4319216.693, 97
Trd, 4319216.943, 105
Trd, 4319220.143, 97
Trd, 4319220.293, 98
Trd, 4319220.593, 95
Trd, 4319221.593, 109
Trd, 4319223.793, 102
Trd, 4319224.093, 88
Trd, 4319227.093, 75
Trd, 4319228.893, 98
Trd, 4319229.893, 104
Trd, 4319230.143, 104
Trd, 4319230.893, 99
Trd, 4319230.993, 95
Trd, 4319234.043, 100
Trd, 4319235.693, 101
Trd, 4319236.393, 100
Trd, 4319237.143, 99
Trd, 4319239.843, 101
Trd, 4319240.543, 98
Trd, 4319240.943, 101
Trd, 4319241.293, 85
Trd, 4319244.243, 95
Trd, 4319245.443, 94
Trd, 4319245.643, 100
Trd, 4319246.443, 98
Trd, 4319247.243, 94
Trd, 4319247.593, 104
Trd, 4319249.393, 101
Trd, 4319250.393, 96
Trd, 4319252.043, 96
Trd, 4319252.343, 95
Trd, 4319253.093, 93
Trd, 4319254.743, 102
Trd, 4319256.693, 97
Trd, 4319257.193, 113
Trd, 4319258.543, 91
Trd, 4319260.843, 99
Trd, 4319261.993, 97
Trd, 4319262.093, 92
Trd, 4319262.243, 93
Trd, 4319262.843, 92
Trd, 4319263.043, 99
Trd, 4319264.093, 100
Trd, 4319264.793, 84
Trd, 4319266.893, 93
Trd, 4319267.843, 98
Trd, 4319268.593, 98
Trd, 4319269.343, 99
Trd, 4319272.243, 99
Trd, 4319274.893, 103
Trd, 4319275.193, 92
Trd, 4319275.343, 85
Trd, 4319276.343, 94
Trd, 4319277.243, 102
Trd, 4319278.193, 102
Trd, 4319278.243, 93
Trd, 4319279.943, 104
Trd, 4319280.243, 92
Trd, 4319280.793, 96
Trd, 4319283.543, 101
Trd, 4319283.993, 100
Trd, 4319284.893, 104
Trd, 4319286.043, 89
Trd, 4319289.643, 100
Trd, 4319289.793, 95
Trd, 4319290.993, 103
Trd, 4319292.843, 98
Trd, 4319294.043, 97
Trd, 4319294.343, 101
Trd, 4319296.243, 96
Trd, 4319296.343, 85
Trd, 4319297.393, 96
Trd, 4319300.443, 95
Trd, 4319301.093, 90
Trd, 4319301.143, 105
Trd, 4319302.193, 99
Trd, 4319303.043, 94
Trd, 4319303.393, 103
Trd, 4319304.793, 84
Trd, 4319305.693, 74
Trd, 4319307.843, 100
Trd, 4319310.543, 100
Trd, 4319311.493, 91
Trd, 4319312.043, 84
Trd, 4319312.443, 90
Trd, 4319314.193, 100
Trd, 4319314.993, 95
Trd, 4319315.743, 104
Trd, 4319316.443, 77
Trd, 4319318.943, 97
Trd, 4319319.143, 98
Trd, 4319320.893, 95
Trd, 4319321.493, 97
Trd, 4319321.893, 96
Trd, 4319322.843, 85
Trd, 4319323.943, 96
Trd, 4319325.293, 95
Trd, 4319326.893, 97
Trd, 4319327.293, 94
Trd, 4319328.293, 93
Trd, 4319331.093, 86
Trd, 4319331.493, 90
Trd, 4319333.393, 92
Trd, 4319334.243, 95
Trd, 4319336.693, 95
Trd, 4319336.743, 104
Trd, 4319337.043, 99
Trd, 4319338.143, 108
Trd, 4319339.193, 102
Trd, 4319342.043, 103
Trd, 4319343.493, 101
Trd, 4319343.893, 102
Trd, 4319344.593, 115
Trd, 4319344.993, 95
Trd, 4319346.793, 104
Trd, 4319347.693, 102
Trd, 4319348.193, 92
Trd, 4319348.743, 95
Trd, 4319349.743, 95
Trd, 4319350.493, 99
Trd, 4319353.093, 94
Trd, 4319353.293, 97
Trd, 4319356.243, 100
Trd, 4319356.693, 99
Trd, 4319357.393, 99
Trd, 4319358.793, 98
Trd, 4319359.343, 100
Trd, 4319360.143, 97
Trd, 4319360.893, 104
Trd, 4319361.093, 92
Trd, 4319363.093, 105
Trd, 4319364.593, 101
Trd, 4319366.343, 89
Trd, 4319366.543, 94
Trd, 4319368.393, 95
Trd, 4319369.893, 103
Trd, 4319370.943, 103
Trd, 4319372.193, 102
Trd, 4319375.193, 103
Trd, 4319376.093, 104
Trd, 4319376.393, 104
Trd, 4319377.793, 98
Trd, 4319379.643, 99
Trd, 4319379.843, 97
Trd, 4319382.393, 103
Trd, 4319383.443, 104
Trd, 4319383.743, 99
Trd, 4319384.393, 85
Trd, 4319386.143, 112
Trd, 4319388.543, 103
Trd, 4319389.093, 102
Trd, 4319389.293, 96
Trd, 4319391.493, 99
Trd, 4319392.193, 101
Trd, 4319392.993, 100
Trd, 4319393.293, 99
Trd, 4319395.793, 101
Trd, 4319395.843, 99
Trd, 4319397.193, 95
Trd, 4319397.643, 96
Trd, 4319398.393, 96
Trd, 4319398.843, 100
Trd, 4319401.493, 94
Trd, 4319402.443, 98
Trd, 4319405.193, 94
Trd, 4319405.343, 91
Trd, 4319406.143, 89
Trd, 4319406.943, 84
Trd, 4319409.893, 101
Trd, 4319411.393, 95
Trd, 4319411.993, 98
Trd, 4319412.493, 97
Trd, 4319413.943, 101
Trd, 4319414.543, 83
Trd, 4319417.393, 115
Trd, 4319418.643, 104
Trd, 4319418.943, 104
Trd, 4319421.243, 107
Trd, 4319421.893, 105
Trd, 4319422.593, 110
Trd, 4319423.793, 98
Trd, 4319424.643, 101
Trd, 4319425.693, 94
Trd, 4319427.943, 102
Trd, 4319429.743, 112
Trd, 4319430.093, 112
Trd, 4319430.243, 95
Trd, 4319432.293, 110
Trd, 4319432.343, 108
Trd, 4319432.543, 109
Trd, 4319434.443, 87
Trd, 4319436.693, 102
Trd, 4319437.493, 102
Trd, 4319438.143, 97
Trd, 4319439.293, 99
Trd, 4319439.843, 98
Trd, 4319441.693, 93
Trd, 4319442.243, 87
Trd, 4319442.643, 77
Trd, 4319443.593, 95
Trd, 4319444.843, 99
Trd, 4319445.893, 101
Trd, 4319445.943, 100
Trd, 4319447.693, 100
Trd, 4319448.693, 91
Trd, 4319450.443, 98
Trd, 4319450.793, 94
Trd, 4319453.143, 98
Trd, 4319453.343, 97
Trd, 4319453.393, 108
Trd, 4319454.893, 96
Trd, 4319459.493, 96
Trd, 4319459.743, 99
Trd, 4319460.693, 93
Trd, 4319462.893, 94
Trd, 4319463.243, 96
Trd, 4319463.993, 88
Trd, 4319464.143, 77
Trd, 4319466.093, 89
Trd, 4319467.593, 90
Trd, 4319469.243, 90
Trd, 4319470.593, 95
Trd, 4319471.693, 108
Trd, 4319472.943, 106
Trd, 4319473.593, 98
Trd, 4319474.793, 103
Trd, 4319475.893, 102
Trd, 4319476.243, 102
Trd, 4319476.393, 99
Trd, 4319480.493, 100
Trd, 4319482.893, 100
Trd, 4319483.043, 102
Trd, 4319487.493, 100
Trd, 4319487.743, 102
Trd, 4319488.093, 99
Trd, 4319488.793, 98
Trd, 4319490.593, 94
Trd, 4319490.893, 95
Trd, 4319493.443, 94
Trd, 4319494.343, 95
Trd, 4319495.393, 93
Trd, 4319495.893, 87
Trd, 4319498.693, 86
Trd, 4319499.043, 87
Trd, 4319500.393, 86
Trd, 4319500.593, 85
Trd, 4319500.843, 77
Trd, 4319501.043, 79
Trd, 4319501.843, 105
Trd, 4319502.293, 98
Trd, 4319504.743, 99
Trd, 4319506.193, 95
Trd, 4319507.193, 95
Trd, 4319508.693, 95
Trd, 4319509.743, 95
Trd, 4319510.693, 103
Trd, 4319511.443, 94
Trd, 4319513.243, 96
Trd, 4319515.743, 95
Trd, 4319516.193, 97
Trd, 4319516.843, 95
Trd, 4319517.943, 100
Trd, 4319518.843, 94
Trd, 4319519.443, 91
Trd, 4319521.143, 93
Trd, 4319521.993, 97
Trd, 4319523.893, 92
Trd, 4319524.043, 97
Trd, 4319524.993, 85
Trd, 4319526.043, 97
Trd, 4319529.793, 90
Trd, 4319530.543, 93
Trd, 4319532.793, 95
Trd, 4319533.093, 96
Trd, 4319533.993, 94
Trd, 4319534.093, 95
Trd, 4319534.443, 94
Trd, 4319535.393, 95
Trd, 4319536.593, 92
Trd, 4319537.743, 104
Trd, 4319537.843, 99
Trd, 4319539.443, 97
Trd, 4319542.393, 96
Trd, 4319543.743, 90
Trd, 4319543.793, 85
Trd, 4319544.693, 98
Trd, 4319545.443, 90
Trd, 4319546.993, 92
Trd, 4319547.393, 98
Trd, 4319548.893, 96
Trd, 4319550.793, 95
Trd, 4319551.543, 92
Trd, 4319553.043, 85
Trd, 4319553.593, 93
Trd, 4319554.043, 95
Trd, 4319554.943, 94
Trd, 4319555.443, 101
Trd, 4319556.843, 93
Trd, 4319557.643, 96
Trd, 4319560.993, 96
Trd, 4319561.843, 95
Trd, 4319562.893, 94
Trd, 4319566.693, 93
Trd, 4319568.543, 97
Trd, 4319569.193, 97
Trd, 4319569.843, 97
Trd, 4319570.643, 97
Trd, 4319570.793, 95
Trd, 4319572.593, 90
Trd, 4319572.793, 85
Trd, 4319576.243, 95
Trd, 4319576.793, 96
Trd, 4319577.293, 94
Trd, 4319577.493, 96
Trd, 4319577.843, 104
Trd, 4319579.243, 98
Trd, 4319579.493, 98
Trd, 4319580.343, 85
Trd, 4319581.693, 104
Trd, 4319582.293, 85
Trd, 4319583.993, 93
Trd, 4319585.693, 104
Trd, 4319585.743, 97
Trd, 4319588.093, 99
Trd, 4319588.943, 98
Trd, 4319589.593, 97
Trd, 4319590.993, 95
Trd, 4319593.193, 98
Trd, 4319593.793, 98
Trd, 4319596.743, 99
Trd, 4319597.743, 98
Trd, 4319597.793, 92
Trd, 4319600.193, 97
Trd, 4319600.893, 91
Trd, 4319602.193, 93
Trd, 4319602.843, 85
Trd, 4319604.893, 86
Trd, 4319605.043, 85
Trd, 4319605.443, 86
Trd, 4319606.143, 83
Trd, 4319608.543, 96
Trd, 4319610.543, 92
Trd, 4319612.293, 99
Trd, 4319613.543, 99
Trd, 4319614.043, 98
Trd, 4319615.293, 92
Trd, 4319616.293, 97
Trd, 4319618.693, 96
Trd, 4319618.843, 94
Trd, 4319620.543, 98
Trd, 4319621.893, 98
Trd, 4319623.843, 96
Trd, 4319625.193, 105
Trd, 4319625.543, 96
Trd, 4319626.193, 104
Trd, 4319626.943, 95
Trd, 4319628.693, 98
Trd, 4319628.943, 102
Trd, 4319629.593, 96
Trd, 4319631.443, 98
Trd, 4319633.193, 106
Trd, 4319633.243, 102
Trd, 4319633.793, 100
Trd, 4319635.893, 100
Trd, 4319637.343, 101
Trd, 4319638.543, 105
Trd, 4319641.043, 100
Trd, 4319642.193, 104
Trd, 4319642.793, 104
Trd, 4319643.043, 93
Trd, 4319645.443, 100
Trd, 4319646.593, 94
Trd, 4319649.043, 97
Trd, 4319649.793, 95
Trd, 4319651.993, 95
Trd, 4319652.293, 85
Trd, 4319653.943, 98
Trd, 4319656.493, 100
Trd, 4319657.843, 97
Trd, 4319657.893, 94
Trd, 4319658.293, 94
Trd, 4319659.593, 98
Trd, 4319660.543, 108
Trd, 4319662.143, 104
Trd, 4319662.893, 95
Trd, 4319663.293, 91
Trd, 4319663.793, 94
Trd, 4319667.593, 99
Trd, 4319668.893, 105
Trd, 4319669.893, 99
Trd, 4319670.543, 93
Trd, 4319671.143, 98
Trd, 4319671.893, 102
Trd, 4319673.843, 98
Trd, 4319675.593, 104
Trd, 4319676.143, 100
Trd, 4319678.243, 101
Trd, 4319679.943, 106
Trd, 4319680.443, 120
Trd, 4319681.943, 103
Trd, 4319682.193, 95
Trd, 4319683.243, 90
Trd, 4319683.293, 84
Trd, 4319686.093, 95
Trd, 4319687.793, 88
Trd, 4319688.443, 95
Trd, 4319688.693, 91
Trd, 4319690.593, 104
Trd, 4319693.493, 94
Trd, 4319694.293, 97
Trd, 4319697.143, 96
Trd, 4319697.543, 97
Trd, 4319698.893, 96
Trd, 4319699.243, 97
Trd, 4319700.593, 106
Trd, 4319702.243, 105
Trd, 4319704.543, 101
Trd, 4319704.843, 105
Trd, 4319705.843, 101
Trd, 4319706.443, 92
Trd, 4319706.543, 85
Trd, 4319709.643, 104
Trd, 4319710.843, 94
Trd, 4319711.043, 94
Trd, 4319711.093, 103
Trd, 4319712.243, 94
Trd, 4319714.843, 103
Trd, 4319716.693, 92
Trd, 4319717.793, 100
Trd, 4319719.393, 95
Trd, 4319719.493, 95
Trd, 4319721.343, 100
Trd, 4319721.543, 105
Trd, 4319723.843, 97
Trd, 4319724.043, 95
Trd, 4319724.343, 92
Trd, 4319725.193, 96
Trd, 4319726.093, 97
Trd, 4319727.743, 87
Trd, 4319728.293, 107
Trd, 4319730.343, 97
Trd, 4319730.443, 94
Trd, 4319733.243, 98
Trd, 4319734.843, 98
Trd, 4319735.093, 99
Trd, 4319736.543, 98
Trd, 4319736.693, 107
Trd, 4319737.393, 97
Trd, 4319737.743, 85
Trd, 4319740.343, 96
Trd, 4319741.693, 94
Trd, 4319742.193, 84
Trd, 4319742.693, 90
Trd, 4319742.843, 95
Trd, 4319744.593, 93
Trd, 4319745.243, 96
Trd, 4319746.093, 88
Trd, 4319746.143, 85
Trd, 4319748.593, 94
Trd, 4319749.143, 103
Trd, 4319749.993, 94
Trd, 4319751.043, 107
Trd, 4319752.943, 101
Trd, 4319755.793, 98
Trd, 4319756.193, 96
Trd, 4319756.943, 101
Trd, 4319757.643, 96
Trd, 4319758.193, 86
Trd, 4319759.493, 104
Trd, 4319761.293, 91
Trd, 4319763.193, 95
Trd, 4319763.943, 96
Trd, 4319764.643, 97
Trd, 4319765.843, 94
Trd, 4319765.943, 98
Trd, 4319767.293, 97
Trd, 4319770.493, 97
Trd, 4319770.643, 99
Trd, 4319770.943, 93
Trd, 4319771.343, 94
Trd, 4319771.893, 104
Trd, 4319775.043, 108
Trd, 4319775.293, 105
Trd, 4319775.693, 95
Trd, 4319776.393, 106
Trd, 4319777.043, 97
Trd, 4319779.143, 93
Trd, 4319781.043, 98
Trd, 4319781.643, 99
Trd, 4319783.793, 99
Trd, 4319784.243, 93
Trd, 4319787.543, 99
Trd, 4319787.893, 99
Trd, 4319789.343, 99
Trd, 4319789.993, 106
Trd, 4319790.793, 98
Trd, 4319790.943, 104
Trd, 4319792.393, 103
Trd, 4319794.893, 120
Trd, 4319795.143, 110
Trd, 4319795.243, 109
Trd, 4319796.843, 110
Trd, 4319797.243, 108
Trd, 4319798.893, 107
Trd, 4319801.893, 109
Trd, 4319801.993, 102
Trd, 4319803.343, 109
Trd, 4319803.993, 103
Trd, 4319804.643, 94
Trd, 4319805.043, 81
Trd, 4319805.543, 93
Trd, 4319808.693, 102
Trd, 4319808.743, 107
Trd, 4319811.043, 101
Trd, 4319811.143, 106
Trd, 4319811.593, 100
Trd, 4319812.643, 104
Trd, 4319813.543, 106
Trd, 4319814.993, 107
Trd, 4319816.243, 107
Trd, 4319817.293, 92
Trd, 4319820.243, 99
Trd, 4319821.693, 98
Trd, 4319821.793, 101
Trd, 4319822.593, 99
Trd, 4319825.243, 108
Trd, 4319826.343, 104
Trd, 4319826.443, 122
Trd, 4319826.643, 103
Trd, 4319826.993, 92
Trd, 4319828.443, 102
Trd, 4319829.243, 104
Trd, 4319829.493, 89
Trd, 4319831.343, 95
Trd, 4319832.193, 98
Trd, 4319832.593, 97
Trd, 4319834.943, 95
Trd, 4319835.843, 95
Trd, 4319836.843, 84
Trd, 4319837.093, 98
Trd, 4319838.643, 96
Trd, 4319839.843, 100
Trd, 4319839.893, 116
Trd, 4319841.793, 99
Trd, 4319843.443, 86
Trd, 4319843.743, 92
Trd, 4319844.093, 97
Trd, 4319846.693, 103
Trd, 4319847.543, 82
Trd, 4319848.593, 98
Trd, 4319849.793, 93
Trd, 4319850.543, 94
Trd, 4319851.793, 95
Trd, 4319853.393, 94
Trd, 4319853.443, 106
Trd, 4319853.643, 93
Trd, 4319854.793, 92
Trd, 4319855.293, 92
Trd, 4319856.943, 101
Trd, 4319858.543, 88
Trd, 4319859.193, 95
Trd, 4319859.743, 104
Trd, 4319862.743, 95
Trd, 4319863.193, 94
Trd, 4319863.493, 92
Trd, 4319864.093, 94
Trd, 4319864.743, 93
Trd, 4319868.293, 98
Trd, 4319869.193, 95
Trd, 4319869.493, 92
Trd, 4319870.343, 88
Trd, 4319870.643, 95
Trd, 4319872.743, 111
Trd, 4319873.643, 108
Trd, 4319874.993, 104
Trd, 4319875.693, 103
Trd, 4319875.843, 94
Trd, 4319876.743, 99
Trd, 4319879.093, 102
Trd, 4319879.793, 103
Trd, 4319880.493, 101
Trd, 4319881.443, 102
Trd, 4319882.943, 98
Trd, 4319884.643, 100
Trd, 4319885.043, 99
Trd, 4319886.143, 104
Trd, 4319887.893, 91
Trd, 4319888.343, 93
Trd, 4319889.543, 94
Trd, 4319890.143, 93
Trd, 4319891.543, 95
Trd, 4319891.793, 95
Trd, 4319893.093, 92
Trd, 4319894.043, 81
Trd, 4319894.443, 86
Trd, 4319896.043, 84
Trd, 4319897.393, 94
Trd, 4319899.143, 91
Trd, 4319900.093, 96
Trd, 4319900.343, 77
Trd, 4319900.893, 91
Trd, 4319904.493, 96
Trd, 4319905.893, 109
Trd, 4319906.143, 106
Trd, 4319906.593, 106
Trd, 4319908.393, 103
Trd, 4319908.493, 85
Trd, 4319908.993, 77
Trd, 4319910.793, 97
Trd, 4319912.743, 97
Trd, 4319913.243, 96
Trd, 4319914.743, 87
Trd, 4319914.843, 85
Trd, 4319917.993, 95
Trd, 4319918.143, 89
Trd, 4319918.543, 96
Trd, 4319920.693, 98
Trd, 4319922.093, 106
Trd, 4319923.593, 98
Trd, 4319924.043, 98
Trd, 4319925.043, 95
Trd, 4319925.443, 106
Trd, 4319928.093, 102
Trd, 4319929.743, 104
Trd, 4319930.693, 105
Trd, 4319932.243, 103
Trd, 4319935.443, 104
Trd, 4319935.543, 102
Trd, 4319937.293, 103
Trd, 4319938.893, 98
Trd, 4319940.043, 105
Trd, 4319940.543, 100
Trd, 4319941.943, 95
Trd, 4319943.993, 104
Trd, 4319944.193, 116
Trd, 4319944.693, 103
Trd, 4319945.943, 104
Trd, 4319948.643, 104
Trd, 4319949.293, 103
Trd, 4319949.643, 106
Trd, 4319951.093, 106
Trd, 4319951.993, 94
Trd, 4319952.993, 106
Trd, 4319953.193, 104
Trd, 4319955.693, 84
Trd, 4319957.643, 97
Trd, 4319958.593, 106
Trd, 4319958.893, 96
Trd, 4319961.693, 100
Trd, 4319962.893, 106
Trd, 4319964.043, 100
Trd, 4319964.743, 99
Trd, 4319968.493, 103
Trd, 4319968.843, 99
Trd, 4319970.143, 102
Trd, 4319970.793, 101
Trd, 4319970.843, 103
Trd, 4319971.193, 98
Trd, 4319972.793, 88
Trd, 4319975.943, 96
Trd, 4319977.443, 95
Trd, 4319977.743, 94
Trd, 4319979.193, 96
Trd, 4319979.643, 95
Trd, 4319981.243, 84
Trd, 4319982.643, 86
Trd, 4319982.743, 90
Trd, 4319984.693, 96
Trd, 4319985.693, 91
Trd, 4319986.943, 104
Trd, 4319987.093, 104
Trd, 4319987.743, 105
Trd, 4319988.343, 103
Trd, 4319988.793, 103
Trd, 4319990.493, 101
Trd, 4319991.743, 98
Trd, 4319993.893, 106
Trd, 4319994.243, 100
Trd, 4319994.793, 101
Trd, 4319996.243, 93
Trd, 4319997.243, 95
Trd, 4319998.293, 97
Trd, 4319999.293, 95
