Trd, 4317866.793, 99
Trd, 4317866.843, 99
Trd, 4317867.693, 99
Trd, 4317868.793, 100
Trd, 4317869.993, 100
Trd, 4317871.843, 99
Trd, 4317872.543, 98
Trd, 4317873.593, 97
Trd, 4317876.243, 98
Trd, 4317876.343, 88
Trd, 4317880.343, 96
Trd, 4317884.343, 97
Trd, 4317884.643, 96
Trd, 4317884.743, 98
Trd, 4317885.543, 96
Trd, 4317887.743, 95
Trd, 4317887.843, 96
Trd, 4317889.593, 95
Trd, 4317890.243, 96
Trd, 4317891.143, 114
Trd, 4317894.043, 98
Trd, 4317894.693, 98
Trd, 4317900.443, 98
Trd, 4317901.143, 97
Trd, 4317901.193, 97
Trd, 4317901.793, 98
Trd, 4317903.343, 96
Trd, 4317906.143, 98
Trd, 4317906.693, 97
Trd, 4317909.643, 97
Trd, 4317909.993, 96
Trd, 4317910.043, 96
Trd, 4317911.443, 96
Trd, 4317912.093, 96
Trd, 4317913.193, 113
Trd, 4317915.193, 95
Trd, 4317915.343, 99
Trd, 4317918.193, 99
Trd, 4317919.043, 99
Trd, 4317921.193, 98
Trd, 4317922.243, 96
Trd, 4317922.793, 99
Trd, 4317923.043, 98
Trd, 4317924.843, 95
Trd, 4317927.193, 95
Trd, 4317928.093, 95
Trd, 4317928.343, 96
Trd, 4317929.343, 95
Trd, 4317931.643, 97
Trd, 4317931.993, 97
Trd, 4317933.143, 94
Trd, 4317936.943, 95
Trd, 4317937.293, 96
Trd, 4317938.343, 95
Trd, 4317939.543, 96
Trd, 4317941.193, 97
Trd, 4317943.443, 97
Trd, 4317943.743, 96
Trd, 4317944.793, 97
Trd, 4317945.593, 97
Trd, 4317947.793, 97
Trd, 4317948.193, 96
Trd, 4317948.443, 94
Trd, 4317952.393, 97
Trd, 4317954.193, 99
Trd, 4317954.243, 97
Trd, 4317959.743, 99
Trd, 4317960.443, 98
Trd, 4317960.593, 97
Trd, 4317961.393, 100
Trd, 4317962.193, 98
Trd, 4317964.243, 98
Trd, 4317965.143, 99
Trd, 4317965.393, 98
Trd, 4317967.343, 96
Trd, 4317968.493, 97
Trd, 4317969.243, 105
Trd, 4317972.643, 95
Trd, 4317972.993, 95
Trd, 4317974.593, 95
Trd, 4317975.793, 96
Trd, 4317976.643, 96
Trd, 4317977.293, 95
Trd, 4317977.943, 96
Trd, 4317980.193, 94
Trd, 4317980.793, 97
Trd, 4317982.643, 96
Trd, 4317983.843, 98
Trd, 4317984.593, 95
Trd, 4317985.143, 96
Trd, 4317988.243, 96
Trd, 4317988.443, 98
Trd, 4317991.993, 95
Trd, 4317994.193, 96
Trd, 4317996.043, 96
Trd, 4317996.843, 97
Trd, 4317998.843, 95
Trd, 4318000.293, 97
Trd, 4318001.493, 96
Trd, 4318001.643, 96
Trd, 4318003.193, 97
Trd, 4318005.443, 97
Trd, 4318005.593, 95
Trd, 4318009.143, 97
Trd, 4318009.843, 97
Trd, 4318012.493, 96
Trd, 4318013.843, 97
Trd, 4318013.993, 95
Trd, 4318016.293, 97
Trd, 4318017.443, 96
Trd, 4318019.993, 97
Trd, 4318020.193, 95
Trd, 4318020.393, 95
Trd, 4318023.943, 97
Trd, 4318024.943, 106
Trd, 4318025.893, 98
Trd, 4318028.843, 99
Trd, 4318030.093, 98
Trd, 4318030.493, 98
Trd, 4318033.593, 98
Trd, 4318036.543, 98
Trd, 4318036.643, 99
Trd, 4318038.043, 99
Trd, 4318038.193, 98
Trd, 4318039.493, 97
Trd, 4318042.043, 98
Trd, 4318043.493, 97
Trd, 4318043.593, 98
Trd, 4318045.493, 96
Trd, 4318046.893, 95
Trd, 4318047.043, 97
Trd, 4318049.643, 95
Trd, 4318050.493, 96
Trd, 4318050.693, 96
Trd, 4318051.543, 104
Trd, 4318053.293, 95
Trd, 4318053.793, 96
Trd, 4318056.793, 96
Trd, 4318057.543, 95
Trd, 4318058.543, 95
Trd, 4318059.043, 94
Trd, 4318061.193, 95
Trd, 4318061.393, 94
Trd, 4318062.493, 95
Trd, 4318062.843, 94
Trd, 4318064.143, 94
Trd, 4318067.243, 94
Trd, 4318069.043, 95
Trd, 4318069.693, 95
Trd, 4318071.793, 95
Trd, 4318072.143, 96
Trd, 4318072.543, 94
Trd, 4318075.893, 95
Trd, 4318076.393, 94
Trd, 4318077.093, 93
Trd, 4318077.193, 95
Trd, 4318079.543, 95
Trd, 4318080.643, 95
Trd, 4318081.993, 94
Trd, 4318082.643, 96
Trd, 4318084.843, 103
Trd, 4318085.793, 105
Trd, 4318086.893, 112
Trd, 4318087.043, 111
Trd, 4318087.743, 109
Trd, 4318089.643, 114
Trd, 4318089.693, 109
Trd, 4318091.093, 103
Trd, 4318091.643, 114
Trd, 4318093.043, 102
Trd, 4318093.743, 95
Trd, 4318094.443, 95
Trd, 4318095.743, 78
Trd, 4318096.393, 90
Trd, 4318099.143, 90
Trd, 4318099.743, 92
Trd, 4318101.093, 90
Trd, 4318101.693, 92
Trd, 4318102.543, 91
Trd, 4318104.343, 89
Trd, 4318105.243, 91
Trd, 4318105.393, 106
Trd, 4318107.793, 94
Trd, 4318108.393, 89
Trd, 4318109.543, 94
Trd, 4318113.593, 94
Trd, 4318113.793, 94
Trd, 4318113.943, 93
Trd, 4318114.343, 93
Trd, 4318115.493, 93
Trd, 4318115.643, 95
Trd, 4318117.443, 93
Trd, 4318119.593, 93
Trd, 4318119.743, 93
Trd, 4318122.593, 93
Trd, 4318122.743, 93
Trd, 4318123.893, 93
Trd, 4318125.343, 92
Trd, 4318125.393, 95
Trd, 4318127.843, 95
Trd, 4318129.193, 94
Trd, 4318129.293, 96
Trd, 4318130.693, 95
Trd, 4318133.243, 96
Trd, 4318134.243, 95
Trd, 4318135.793, 95
Trd, 4318137.593, 96
Trd, 4318138.143, 95
Trd, 4318139.643, 97
Trd, 4318142.093, 97
Trd, 4318142.343, 97
Trd, 4318143.693, 95
Trd, 4318145.193, 95
Trd, 4318145.593, 94
Trd, 4318147.743, 94
Trd, 4318148.893, 95
Trd, 4318150.143, 93
Trd, 4318151.293, 94
Trd, 4318151.643, 95
Trd, 4318151.893, 95
Trd, 4318152.743, 95
Trd, 4318155.043, 95
Trd, 4318158.093, 96
Trd, 4318158.643, 96
Trd, 4318161.643, 94
Trd, 4318162.943, 95
Trd, 4318163.543, 95
Trd, 4318165.993, 96
Trd, 4318167.493, 97
Trd, 4318169.693, 98
Trd, 4318170.193, 95
Trd, 4318171.593, 95
Trd, 4318172.343, 95
Trd, 4318174.243, 96
Trd, 4318174.693, 96
Trd, 4318175.393, 94
Trd, 4318175.743, 105
Trd, 4318178.543, 97
Trd, 4318179.043, 97
Trd, 4318181.593, 96
Trd, 4318183.443, 96
Trd, 4318185.343, 97
Trd, 4318187.493, 97
Trd, 4318187.843, 96
Trd, 4318189.693, 97
Trd, 4318190.893, 96
Trd, 4318192.593, 96
Trd, 4318193.493, 95
Trd, 4318194.843, 95
Trd, 4318196.193, 95
Trd, 4318196.243, 94
Trd, 4318200.543, 104
Trd, 4318202.443, 97
Trd, 4318202.693, 98
Trd, 4318202.943, 100
Trd, 4318203.543, 97
Trd, 4318206.543, 99
Trd, 4318207.093, 98
Trd, 4318207.593, 98
Trd, 4318209.593, 100
Trd, 4318212.443, 100
Trd, 4318213.193, 98
Trd, 4318214.293, 99
Trd, 4318214.843, 100
Trd, 4318217.843, 100
Trd, 4318218.793, 99
Trd, 4318219.993, 99
Trd, 4318220.993, 93
Trd, 4318221.143, 99
Trd, 4318221.743, 95
Trd, 4318222.743, 100
Trd, 4318225.893, 97
Trd, 4318226.593, 95
Trd, 4318227.843, 96
Trd, 4318230.743, 96
Trd, 4318231.443, 95
Trd, 4318231.693, 95
Trd, 4318231.793, 97
Trd, 4318233.393, 99
Trd, 4318235.943, 100
Trd, 4318235.993, 100
Trd, 4318238.093, 99
Trd, 4318238.243, 99
Trd, 4318240.093, 100
Trd, 4318240.643, 99
Trd, 4318240.943, 100
Trd, 4318243.443, 100
Trd, 4318243.743, 98
Trd, 4318246.393, 97
Trd, 4318246.693, 97
Trd, 4318247.043, 96
Trd, 4318250.293, 97
Trd, 4318250.793, 97
Trd, 4318255.293, 96
Trd, 4318256.243, 96
Trd, 4318256.493, 97
Trd, 4318258.043, 97
Trd, 4318259.993, 99
Trd, 4318260.043, 105
Trd, 4318260.393, 98
Trd, 4318263.543, 97
Trd, 4318266.143, 97
Trd, 4318266.443, 96
Trd, 4318267.343, 98
Trd, 4318268.243, 97
Trd, 4318270.093, 96
Trd, 4318271.043, 96
Trd, 4318271.593, 94
Trd, 4318273.793, 93
Trd, 4318275.493, 95
Trd, 4318275.693, 95
Trd, 4318276.743, 94
Trd, 4318279.493, 94
Trd, 4318282.593, 94
Trd, 4318282.643, 95
Trd, 4318283.093, 94
Trd, 4318285.393, 94
Trd, 4318286.043, 95
Trd, 4318288.343, 95
Trd, 4318288.943, 95
Trd, 4318289.543, 95
Trd, 4318291.043, 94
Trd, 4318291.243, 94
Trd, 4318292.243, 96
Trd, 4318293.643, 96
Trd, 4318295.793, 111
Trd, 4318296.593, 97
Trd, 4318300.443, 98
Trd, 4318300.943, 102
Trd, 4318302.143, 98
Trd, 4318302.843, 100
Trd, 4318306.093, 98
Trd, 4318306.143, 97
Trd, 4318307.093, 97
Trd, 4318307.693, 95
Trd, 4318308.693, 97
Trd, 4318310.193, 96
Trd, 4318310.293, 97
Trd, 4318311.543, 95
Trd, 4318313.543, 96
Trd, 4318315.843, 96
Trd, 4318317.243, 95
Trd, 4318317.293, 95
Trd, 4318318.943, 95
Trd, 4318319.893, 95
Trd, 4318322.693, 95
Trd, 4318323.293, 95
Trd, 4318324.043, 95
Trd, 4318325.343, 85
Trd, 4318326.793, 95
Trd, 4318327.443, 95
Trd, 4318327.943, 95
Trd, 4318330.993, 93
Trd, 4318332.243, 95
Trd, 4318332.943, 95
Trd, 4318333.043, 95
Trd, 4318333.943, 95
Trd, 4318335.043, 107
Trd, 4318335.643, 106
Trd, 4318337.243, 106
Trd, 4318337.993, 102
Trd, 4318340.743, 104
Trd, 4318340.893, 104
Trd, 4318342.443, 102
Trd, 4318342.593, 95
Trd, 4318344.943, 99
Trd, 4318345.643, 97
Trd, 4318346.343, 104
Trd, 4318349.693, 94
Trd, 4318351.243, 100
Trd, 4318353.343, 98
Trd, 4318353.743, 97
Trd, 4318354.043, 96
Trd, 4318357.393, 97
Trd, 4318358.743, 96
Trd, 4318360.393, 98
Trd, 4318362.493, 95
Trd, 4318362.593, 95
Trd, 4318362.843, 95
Trd, 4318363.543, 96
Trd, 4318365.793, 97
Trd, 4318366.393, 94
Trd, 4318367.243, 94
Trd, 4318369.493, 93
Trd, 4318370.143, 94
Trd, 4318372.143, 94
Trd, 4318373.593, 92
Trd, 4318373.643, 95
Trd, 4318376.293, 95
Trd, 4318376.443, 90
Trd, 4318377.693, 94
Trd, 4318379.943, 93
Trd, 4318380.593, 93
Trd, 4318383.643, 93
Trd, 4318383.993, 92
Trd, 4318384.793, 94
Trd, 4318386.943, 94
Trd, 4318389.643, 92
Trd, 4318392.593, 94
Trd, 4318392.793, 94
Trd, 4318393.193, 95
Trd, 4318394.643, 93
Trd, 4318395.443, 94
Trd, 4318398.693, 95
Trd, 4318398.843, 95
Trd, 4318401.093, 104
Trd, 4318402.443, 95
Trd, 4318403.493, 97
Trd, 4318406.743, 97
Trd, 4318407.243, 96
Trd, 4318408.693, 96
Trd, 4318409.593, 95
Trd, 4318410.243, 96
Trd, 4318411.793, 96
Trd, 4318412.593, 95
Trd, 4318414.293, 94
Trd, 4318414.843, 96
Trd, 4318416.243, 95
Trd, 4318416.693, 94
Trd, 4318419.843, 95
Trd, 4318420.043, 95
Trd, 4318421.943, 95
Trd, 4318423.543, 96
Trd, 4318424.443, 97
Trd, 4318424.893, 96
Trd, 4318425.643, 98
Trd, 4318426.743, 96
Trd, 4318429.443, 96
Trd, 4318429.893, 97
Trd, 4318430.193, 96
Trd, 4318432.593, 96
Trd, 4318432.943, 95
Trd, 4318434.743, 97
Trd, 4318436.993, 97
Trd, 4318439.043, 98
Trd, 4318439.343, 97
Trd, 4318439.693, 95
Trd, 4318441.293, 95
Trd, 4318441.393, 97
Trd, 4318444.543, 95
Trd, 4318445.243, 96
Trd, 4318446.243, 96
Trd, 4318446.643, 96
Trd, 4318448.243, 97
Trd, 4318449.843, 96
Trd, 4318450.293, 95
Trd, 4318452.243, 96
Trd, 4318452.543, 98
Trd, 4318457.343, 95
Trd, 4318458.093, 96
Trd, 4318458.593, 97
Trd, 4318458.743, 103
Trd, 4318461.993, 100
Trd, 4318462.793, 99
Trd, 4318463.443, 101
Trd, 4318465.393, 99
Trd, 4318467.293, 98
Trd, 4318468.493, 97
Trd, 4318470.593, 98
Trd, 4318470.643, 98
Trd, 4318470.693, 114
Trd, 4318474.293, 100
Trd, 4318476.193, 100
Trd, 4318477.243, 99
Trd, 4318479.743, 101
Trd, 4318480.343, 100
Trd, 4318482.193, 100
Trd, 4318482.993, 99
Trd, 4318483.593, 99
Trd, 4318484.743, 100
Trd, 4318485.443, 99
Trd, 4318487.593, 94
Trd, 4318489.193, 96
Trd, 4318489.993, 97
Trd, 4318491.043, 95
Trd, 4318492.143, 95
Trd, 4318494.643, 95
Trd, 4318495.143, 96
Trd, 4318496.743, 96
Trd, 4318497.543, 93
Trd, 4318497.993, 95
Trd, 4318498.293, 94
Trd, 4318500.943, 94
Trd, 4318500.993, 95
Trd, 4318502.343, 96
Trd, 4318504.893, 97
Trd, 4318505.043, 97
Trd, 4318506.343, 101
Trd, 4318506.993, 100
Trd, 4318508.743, 101
Trd, 4318509.643, 102
Trd, 4318510.943, 102
Trd, 4318511.043, 92
Trd, 4318515.143, 107
Trd, 4318515.693, 104
Trd, 4318516.893, 104
Trd, 4318517.043, 103
Trd, 4318517.193, 103
Trd, 4318519.493, 103
Trd, 4318520.143, 102
Trd, 4318522.093, 102
Trd, 4318523.043, 101
Trd, 4318525.193, 101
Trd, 4318526.993, 102
Trd, 4318527.293, 99
Trd, 4318528.443, 101
Trd, 4318530.693, 101
Trd, 4318531.693, 101
Trd, 4318532.443, 100
Trd, 4318535.743, 99
Trd, 4318536.493, 99
Trd, 4318537.093, 99
Trd, 4318537.393, 98
Trd, 4318537.943, 97
Trd, 4318540.543, 99
Trd, 4318542.243, 97
Trd, 4318546.193, 96
Trd, 4318546.443, 97
Trd, 4318546.643, 95
Trd, 4318547.393, 94
Trd, 4318550.543, 96
Trd, 4318551.243, 97
Trd, 4318552.343, 98
Trd, 4318553.043, 96
Trd, 4318553.543, 97
Trd, 4318554.143, 125
Trd, 4318558.093, 98
Trd, 4318558.643, 100
Trd, 4318561.093, 96
Trd, 4318561.743, 96
Trd, 4318565.093, 97
Trd, 4318565.593, 95
Trd, 4318567.543, 96
Trd, 4318567.593, 95
Trd, 4318569.443, 95
Trd, 4318569.743, 95
Trd, 4318570.793, 105
Trd, 4318570.943, 94
Trd, 4318573.343, 101
Trd, 4318573.493, 97
Trd, 4318574.893, 96
Trd, 4318575.643, 96
Trd, 4318577.293, 97
Trd, 4318578.543, 96
Trd, 4318580.193, 97
Trd, 4318582.543, 95
Trd, 4318582.643, 95
Trd, 4318583.593, 95
Trd, 4318583.693, 95
Trd, 4318585.493, 95
Trd, 4318586.243, 95
Trd, 4318587.193, 94
Trd, 4318589.943, 95
Trd, 4318591.143, 96
Trd, 4318592.243, 97
Trd, 4318593.193, 96
Trd, 4318595.243, 96
Trd, 4318595.393, 95
Trd, 4318597.743, 95
Trd, 4318598.343, 95
Trd, 4318598.443, 94
Trd, 4318601.943, 95
Trd, 4318602.243, 95
Trd, 4318602.343, 92
Trd, 4318603.993, 95
Trd, 4318605.443, 95
Trd, 4318606.193, 95
Trd, 4318606.943, 95
Trd, 4318607.793, 93
Trd, 4318610.243, 94
Trd, 4318611.243, 93
Trd, 4318612.093, 94
Trd, 4318612.443, 95
Trd, 4318614.443, 108
Trd, 4318617.143, 95
Trd, 4318619.393, 95
Trd, 4318619.793, 92
Trd, 4318620.393, 94
Trd, 4318622.043, 95
Trd, 4318623.343, 95
Trd, 4318624.543, 94
Trd, 4318626.593, 95
Trd, 4318627.243, 95
Trd, 4318631.043, 96
Trd, 4318632.343, 94
Trd, 4318632.893, 95
Trd, 4318633.193, 95
Trd, 4318634.193, 95
Trd, 4318634.443, 85
Trd, 4318637.093, 95
Trd, 4318638.843, 95
Trd, 4318638.993, 95
Trd, 4318639.993, 94
Trd, 4318640.993, 95
Trd, 4318642.193, 95
Trd, 4318643.643, 95
Trd, 4318644.543, 94
Trd, 4318645.743, 96
Trd, 4318647.093, 98
Trd, 4318649.093, 103
Trd, 4318649.193, 101
Trd, 4318650.043, 101
Trd, 4318650.343, 113
Trd, 4318653.093, 102
Trd, 4318654.343, 101
Trd, 4318654.893, 102
Trd, 4318655.493, 102
Trd, 4318657.943, 101
Trd, 4318659.443, 100
Trd, 4318661.343, 100
Trd, 4318662.843, 99
Trd, 4318663.343, 97
Trd, 4318665.993, 100
Trd, 4318668.793, 98
Trd, 4318669.693, 98
Trd, 4318671.343, 98
Trd, 4318673.843, 97
Trd, 4318674.393, 98
Trd, 4318675.543, 97
Trd, 4318677.343, 96
Trd, 4318678.143, 98
Trd, 4318684.793, 98
Trd, 4318684.993, 98
Trd, 4318685.393, 96
Trd, 4318690.243, 95
Trd, 4318690.693, 97
Trd, 4318692.443, 95
Trd, 4318693.293, 97
Trd, 4318693.593, 97
Trd, 4318694.843, 95
Trd, 4318695.193, 95
Trd, 4318696.243, 95
Trd, 4318699.343, 97
Trd, 4318700.343, 96
Trd, 4318701.993, 95
Trd, 4318703.643, 100
Trd, 4318704.993, 101
Trd, 4318705.143, 111
Trd, 4318709.093, 100
Trd, 4318709.643, 99
Trd, 4318709.793, 102
Trd, 4318712.093, 97
Trd, 4318713.943, 99
Trd, 4318716.043, 97
Trd, 4318716.193, 97
Trd, 4318717.293, 97
Trd, 4318717.943, 97
Trd, 4318718.293, 97
Trd, 4318719.043, 96
Trd, 4318719.193, 99
Trd, 4318720.643, 98
Trd, 4318722.693, 98
Trd, 4318723.193, 95
Trd, 4318725.043, 96
Trd, 4318728.093, 95
Trd, 4318729.443, 95
Trd, 4318729.543, 95
Trd, 4318730.093, 95
Trd, 4318731.843, 95
Trd, 4318732.393, 95
Trd, 4318733.343, 94
Trd, 4318734.493, 94
Trd, 4318735.693, 93
Trd, 4318735.843, 96
Trd, 4318737.743, 93
Trd, 4318738.443, 95
Trd, 4318741.443, 95
Trd, 4318741.643, 95
Trd, 4318743.243, 94
Trd, 4318745.843, 96
Trd, 4318746.743, 95
Trd, 4318748.243, 95
Trd, 4318748.343, 94
Trd, 4318748.843, 97
Trd, 4318750.293, 96
Trd, 4318752.743, 96
Trd, 4318753.893, 95
Trd, 4318754.743, 95
Trd, 4318756.743, 96
Trd, 4318756.843, 95
Trd, 4318757.443, 96
Trd, 4318759.393, 95
Trd, 4318760.643, 95
Trd, 4318761.143, 95
Trd, 4318762.443, 97
Trd, 4318763.393, 107
Trd, 4318764.093, 100
Trd, 4318765.543, 99
Trd, 4318765.693, 95
Trd, 4318768.343, 98
Trd, 4318768.893, 98
Trd, 4318769.843, 97
Trd, 4318771.543, 96
Trd, 4318774.093, 97
Trd, 4318774.593, 95
Trd, 4318775.893, 97
Trd, 4318779.043, 95
Trd, 4318779.143, 95
Trd, 4318781.993, 95
Trd, 4318782.293, 95
Trd, 4318784.043, 96
Trd, 4318784.743, 95
Trd, 4318785.193, 96
Trd, 4318785.893, 95
Trd, 4318789.343, 95
Trd, 4318790.043, 94
Trd, 4318790.193, 94
Trd, 4318790.943, 95
Trd, 4318793.243, 94
Trd, 4318793.693, 94
Trd, 4318795.443, 95
Trd, 4318796.243, 114
Trd, 4318799.393, 96
Trd, 4318800.793, 93
Trd, 4318801.093, 95
Trd, 4318803.493, 94
Trd, 4318804.143, 95
Trd, 4318804.543, 94
Trd, 4318804.843, 94
Trd, 4318805.693, 94
Trd, 4318807.393, 94
Trd, 4318809.343, 95
Trd, 4318809.443, 93
Trd, 4318810.293, 94
Trd, 4318810.893, 104
Trd, 4318812.943, 98
Trd, 4318814.243, 99
Trd, 4318814.343, 98
Trd, 4318814.943, 99
Trd, 4318816.143, 97
Trd, 4318817.893, 96
Trd, 4318818.393, 94
Trd, 4318819.093, 107
Trd, 4318821.793, 102
Trd, 4318822.643, 102
Trd, 4318822.843, 101
Trd, 4318825.243, 100
Trd, 4318826.193, 101
Trd, 4318827.193, 100
Trd, 4318829.843, 103
Trd, 4318831.743, 101
Trd, 4318833.393, 100
Trd, 4318833.893, 100
Trd, 4318834.543, 100
Trd, 4318835.143, 99
Trd, 4318835.693, 94
Trd, 4318838.693, 101
Trd, 4318841.543, 102
Trd, 4318841.843, 101
Trd, 4318841.993, 95
Trd, 4318842.743, 108
Trd, 4318844.693, 103
Trd, 4318846.543, 103
Trd, 4318847.043, 101
Trd, 4318848.893, 103
Trd, 4318850.043, 100
Trd, 4318850.743, 103
Trd, 4318851.343, 102
Trd, 4318854.043, 102
Trd, 4318858.593, 103
Trd, 4318859.393, 103
Trd, 4318859.443, 104
Trd, 4318859.943, 100
Trd, 4318861.343, 103
Trd, 4318862.043, 102
Trd, 4318866.093, 101
Trd, 4318866.393, 102
Trd, 4318868.393, 102
Trd, 4318868.443, 101
Trd, 4318871.093, 102
Trd, 4318871.143, 101
Trd, 4318873.593, 100
Trd, 4318873.843, 100
Trd, 4318875.693, 100
Trd, 4318875.893, 99
Trd, 4318876.093, 105
Trd, 4318880.193, 98
Trd, 4318882.093, 97
Trd, 4318882.143, 97
Trd, 4318884.443, 97
Trd, 4318885.093, 97
Trd, 4318885.593, 96
Trd, 4318886.493, 97
Trd, 4318889.393, 97
Trd, 4318889.893, 96
Trd, 4318891.193, 97
Trd, 4318894.043, 97
Trd, 4318894.743, 96
Trd, 4318895.643, 97
Trd, 4318896.293, 113
Trd, 4318897.143, 96
Trd, 4318900.193, 98
Trd, 4318902.893, 95
Trd, 4318903.093, 95
Trd, 4318904.343, 85
Trd, 4318906.293, 92
Trd, 4318906.593, 95
Trd, 4318907.843, 86
Trd, 4318908.793, 85
Trd, 4318910.993, 98
Trd, 4318911.943, 96
Trd, 4318912.343, 95
Trd, 4318912.893, 103
Trd, 4318916.343, 98
Trd, 4318917.493, 97
Trd, 4318918.543, 96
Trd, 4318919.543, 93
Trd, 4318920.543, 86
Trd, 4318920.993, 93
Trd, 4318923.393, 95
Trd, 4318925.243, 94
Trd, 4318926.043, 92
Trd, 4318927.893, 93
Trd, 4318928.843, 93
Trd, 4318930.493, 93
Trd, 4318931.043, 93
Trd, 4318932.193, 96
Trd, 4318933.393, 97
Trd, 4318933.693, 96
Trd, 4318937.243, 96
Trd, 4318938.143, 98
Trd, 4318938.493, 95
Trd, 4318940.143, 95
Trd, 4318941.743, 96
Trd, 4318944.693, 95
Trd, 4318946.193, 97
Trd, 4318948.793, 95
Trd, 4318949.643, 94
Trd, 4318950.393, 96
Trd, 4318951.343, 96
Trd, 4318955.043, 96
Trd, 4318957.193, 95
Trd, 4318958.793, 96
Trd, 4318959.893, 94
Trd, 4318959.993, 95
Trd, 4318960.593, 95
Trd, 4318960.693, 95
Trd, 4318961.693, 96
Trd, 4318962.743, 95
Trd, 4318963.493, 97
Trd, 4318964.493, 98
Trd, 4318964.643, 97
Trd, 4318966.043, 97
Trd, 4318967.443, 96
Trd, 4318970.443, 101
Trd, 4318970.793, 100
Trd, 4318972.243, 100
Trd, 4318972.793, 98
Trd, 4318974.043, 97
Trd, 4318975.393, 107
Trd, 4318976.393, 96
Trd, 4318977.593, 95
Trd, 4318977.793, 94
Trd, 4318978.643, 97
Trd, 4318981.343, 95
Trd, 4318982.493, 95
Trd, 4318983.343, 95
Trd, 4318986.843, 94
Trd, 4318987.143, 96
Trd, 4318987.993, 96
Trd, 4318989.993, 95
Trd, 4318991.493, 95
Trd, 4318993.143, 95
Trd, 4318993.243, 94
Trd, 4318995.743, 95
Trd, 4318997.243, 95
Trd, 4318997.993, 95
Trd, 4318999.993, 96
Trd, 4319001.143, 96
Trd, 4319002.493, 95
Trd, 4319004.843, 97
Trd, 4319004.993, 97
Trd, 4319005.493, 96
Trd, 4319006.093, 110
Trd, 4319007.093, 111
Trd, 4319008.793, 98
Trd, 4319009.893, 99
Trd, 4319011.243, 99
Trd, 4319013.043, 99
Trd, 4319013.243, 100
Trd, 4319016.293, 98
Trd, 4319017.743, 98
Trd, 4319018.593, 97
Trd, 4319021.593, 98
Trd, 4319022.193, 97
Trd, 4319023.043, 97
Trd, 4319026.793, 96
Trd, 4319027.693, 95
Trd, 4319027.843, 94
Trd, 4319028.343, 95
Trd, 4319030.343, 100
Trd, 4319033.593, 97
Trd, 4319034.043, 96
Trd, 4319034.393, 93
Trd, 4319034.593, 106
Trd, 4319036.193, 94
Trd, 4319037.043, 93
Trd, 4319037.143, 85
Trd, 4319038.393, 78
Trd, 4319041.993, 91
Trd, 4319042.493, 90
Trd, 4319044.043, 90
Trd, 4319044.493, 89
Trd, 4319045.893, 89
Trd, 4319046.643, 91
Trd, 4319047.393, 106
Trd, 4319049.543, 90
Trd, 4319051.943, 91
Trd, 4319052.843, 91
Trd, 4319055.543, 91
Trd, 4319057.043, 91
Trd, 4319057.293, 90
Trd, 4319058.743, 105
Trd, 4319060.993, 101
Trd, 4319061.193, 100
Trd, 4319062.443, 100
Trd, 4319063.843, 100
Trd, 4319064.993, 98
Trd, 4319065.293, 96
Trd, 4319067.443, 95
Trd, 4319067.493, 96
Trd, 4319068.993, 95
Trd, 4319069.293, 95
Trd, 4319070.193, 96
Trd, 4319071.043, 96
Trd, 4319075.143, 97
Trd, 4319076.943, 96
Trd, 4319077.543, 96
Trd, 4319077.843, 95
Trd, 4319078.043, 105
Trd, 4319080.843, 95
Trd, 4319083.843, 96
Trd, 4319084.143, 96
Trd, 4319085.093, 95
Trd, 4319086.343, 95
Trd, 4319087.293, 96
Trd, 4319087.893, 96
Trd, 4319090.043, 96
Trd, 4319090.543, 96
Trd, 4319090.643, 95
Trd, 4319093.443, 98
Trd, 4319095.593, 97
Trd, 4319097.293, 96
Trd, 4319097.743, 97
Trd, 4319099.193, 97
Trd, 4319099.393, 103
Trd, 4319099.993, 106
Trd, 4319101.143, 100
Trd, 4319101.393, 99
Trd, 4319105.093, 99
Trd, 4319106.043, 98
Trd, 4319106.143, 98
Trd, 4319109.193, 99
Trd, 4319109.893, 99
Trd, 4319110.443, 97
Trd, 4319113.343, 96
Trd, 4319113.993, 98
Trd, 4319117.293, 98
Trd, 4319118.893, 95
Trd, 4319119.543, 94
Trd, 4319122.193, 93
Trd, 4319123.393, 94
Trd, 4319123.743, 95
Trd, 4319124.093, 105
Trd, 4319126.293, 95
Trd, 4319127.893, 99
Trd, 4319128.443, 98
Trd, 4319128.993, 93
Trd, 4319130.143, 98
Trd, 4319131.693, 95
Trd, 4319132.793, 96
Trd, 4319134.893, 96
Trd, 4319135.793, 95
Trd, 4319137.093, 94
Trd, 4319137.693, 95
Trd, 4319138.743, 95
Trd, 4319140.543, 94
Trd, 4319142.243, 104
Trd, 4319142.493, 103
Trd, 4319142.643, 102
Trd, 4319144.593, 103
Trd, 4319145.343, 101
Trd, 4319146.293, 106
Trd, 4319147.943, 104
Trd, 4319150.643, 103
Trd, 4319152.993, 106
Trd, 4319153.843, 106
Trd, 4319153.893, 112
Trd, 4319154.493, 106
Trd, 4319155.093, 104
Trd, 4319157.593, 104
Trd, 4319158.893, 104
Trd, 4319162.493, 103
Trd, 4319162.593, 103
Trd, 4319162.843, 104
Trd, 4319163.893, 104
Trd, 4319164.843, 103
Trd, 4319167.193, 125
Trd, 4319171.493, 104
Trd, 4319174.393, 103
Trd, 4319174.693, 105
Trd, 4319177.593, 103
Trd, 4319178.443, 103
Trd, 4319179.793, 102
Trd, 4319180.143, 102
Trd, 4319182.843, 93
Trd, 4319182.893, 95
Trd, 4319184.543, 92
Trd, 4319186.293, 97
Trd, 4319186.643, 97
Trd, 4319187.393, 85
Trd, 4319188.643, 104
Trd, 4319190.543, 96
Trd, 4319191.793, 95
Trd, 4319192.043, 94
Trd, 4319194.193, 97
Trd, 4319195.293, 97
Trd, 4319196.093, 97
Trd, 4319196.543, 98
Trd, 4319197.193, 97
Trd, 4319197.643, 107
Trd, 4319199.543, 97
Trd, 4319201.093, 98
Trd, 4319202.793, 95
Trd, 4319204.793, 96
Trd, 4319205.293, 95
Trd, 4319205.743, 95
Trd, 4319206.143, 95
Trd, 4319206.743, 96
Trd, 4319207.343, 97
Trd, 4319209.093, 97
Trd, 4319211.293, 99
Trd, 4319214.243, 113
Trd, 4319214.843, 100
Trd, 4319216.843, 99
Trd, 4319218.793, 99
Trd, 4319219.993, 99
Trd, 4319220.693, 100
Trd, 4319222.643, 99
Trd, 4319225.543, 101
Trd, 4319225.643, 99
Trd, 4319226.993, 98
Trd, 4319227.143, 98
Trd, 4319227.793, 98
Trd, 4319228.293, 105
Trd, 4319230.043, 97
Trd, 4319230.893, 99
Trd, 4319231.043, 97
Trd, 4319234.143, 95
Trd, 4319235.643, 96
Trd, 4319236.493, 97
Trd, 4319238.993, 95
Trd, 4319239.093, 95
Trd, 4319241.893, 96
Trd, 4319242.093, 95
Trd, 4319245.543, 95
Trd, 4319246.393, 95
Trd, 4319247.543, 96
Trd, 4319248.693, 98
Trd, 4319250.543, 99
Trd, 4319251.043, 103
Trd, 4319251.593, 95
Trd, 4319252.393, 96
Trd, 4319252.993, 97
Trd, 4319255.293, 100
Trd, 4319256.193, 97
Trd, 4319258.493, 100
Trd, 4319258.543, 96
Trd, 4319259.693, 100
Trd, 4319260.993, 99
Trd, 4319262.493, 98
Trd, 4319263.793, 98
Trd, 4319264.393, 96
Trd, 4319264.643, 102
Trd, 4319268.793, 98
Trd, 4319269.193, 97
Trd, 4319270.143, 107
Trd, 4319271.993, 98
Trd, 4319272.643, 100
Trd, 4319275.743, 99
Trd, 4319277.343, 99
Trd, 4319278.143, 100
Trd, 4319278.293, 99
Trd, 4319279.793, 84
Trd, 4319280.393, 95
Trd, 4319283.293, 100
Trd, 4319284.543, 98
Trd, 4319284.993, 98
Trd, 4319287.793, 97
Trd, 4319290.143, 97
Trd, 4319290.693, 99
Trd, 4319291.343, 99
Trd, 4319292.393, 98
Trd, 4319296.143, 97
Trd, 4319296.793, 97
Trd, 4319297.293, 97
Trd, 4319297.693, 97
Trd, 4319298.043, 95
Trd, 4319300.493, 95
Trd, 4319301.093, 94
Trd, 4319301.843, 94
Trd, 4319303.693, 95
Trd, 4319305.093, 94
Trd, 4319306.893, 94
Trd, 4319308.243, 93
Trd, 4319309.143, 93
Trd, 4319310.293, 93
Trd, 4319310.843, 95
Trd, 4319312.393, 92
Trd, 4319313.493, 122
Trd, 4319315.143, 113
Trd, 4319315.693, 114
Trd, 4319316.193, 112
Trd, 4319317.893, 104
Trd, 4319318.743, 101
Trd, 4319319.193, 102
Trd, 4319322.443, 100
Trd, 4319323.143, 101
Trd, 4319323.693, 102
Trd, 4319325.593, 100
Trd, 4319326.143, 99
Trd, 4319328.493, 99
Trd, 4319328.543, 95
Trd, 4319331.193, 98
Trd, 4319331.343, 96
Trd, 4319332.443, 97
Trd, 4319334.443, 96
Trd, 4319335.093, 97
Trd, 4319335.143, 96
Trd, 4319337.743, 95
Trd, 4319340.043, 96
Trd, 4319340.093, 97
Trd, 4319340.493, 97
Trd, 4319343.193, 105
Trd, 4319343.393, 96
Trd, 4319344.743, 95
Trd, 4319348.293, 98
Trd, 4319349.693, 95
Trd, 4319350.443, 97
Trd, 4319352.743, 95
Trd, 4319353.543, 96
Trd, 4319353.943, 95
Trd, 4319354.243, 95
Trd, 4319354.393, 113
Trd, 4319355.443, 95
Trd, 4319359.693, 100
Trd, 4319361.193, 95
Trd, 4319361.543, 95
Trd, 4319362.193, 94
Trd, 4319363.643, 94
Trd, 4319365.493, 95
Trd, 4319366.093, 95
Trd, 4319367.793, 94
Trd, 4319368.093, 95
Trd, 4319368.343, 95
Trd, 4319368.843, 95
Trd, 4319371.193, 95
Trd, 4319371.393, 95
Trd, 4319373.943, 96
Trd, 4319377.593, 96
Trd, 4319378.043, 97
Trd, 4319379.193, 96
Trd, 4319379.793, 95
Trd, 4319380.693, 95
Trd, 4319381.943, 95
Trd, 4319383.443, 95
Trd, 4319383.493, 95
Trd, 4319386.743, 94
Trd, 4319387.343, 95
Trd, 4319387.493, 95
Trd, 4319390.393, 95
Trd, 4319391.493, 95
Trd, 4319391.743, 107
Trd, 4319394.593, 95
Trd, 4319395.693, 95
Trd, 4319396.943, 95
Trd, 4319397.793, 94
Trd, 4319399.093, 95
Trd, 4319401.643, 96
Trd, 4319402.543, 105
Trd, 4319404.043, 98
Trd, 4319405.793, 97
Trd, 4319406.743, 97
Trd, 4319407.043, 98
Trd, 4319408.793, 98
Trd, 4319408.993, 103
Trd, 4319410.293, 100
Trd, 4319411.693, 98
Trd, 4319412.643, 97
Trd, 4319418.793, 97
Trd, 4319418.893, 98
Trd, 4319419.693, 96
Trd, 4319420.493, 95
Trd, 4319425.493, 96
Trd, 4319425.893, 95
Trd, 4319426.493, 95
Trd, 4319427.493, 95
Trd, 4319429.643, 94
Trd, 4319431.643, 94
Trd, 4319432.643, 95
Trd, 4319436.043, 95
Trd, 4319436.193, 95
Trd, 4319437.993, 95
Trd, 4319438.043, 95
Trd, 4319438.643, 96
Trd, 4319439.743, 94
Trd, 4319442.593, 114
Trd, 4319443.493, 103
Trd, 4319443.793, 100
Trd, 4319444.843, 104
Trd, 4319444.993, 103
Trd, 4319447.293, 95
Trd, 4319447.493, 85
Trd, 4319447.643, 96
Trd, 4319448.743, 93
Trd, 4319450.343, 102
Trd, 4319451.893, 95
Trd, 4319454.393, 96
Trd, 4319455.393, 114
Trd, 4319456.693, 101
Trd, 4319456.743, 99
Trd, 4319458.543, 103
Trd, 4319459.693, 103
Trd, 4319459.993, 104
Trd, 4319461.293, 103
Trd, 4319462.493, 102
Trd, 4319464.493, 103
Trd, 4319466.293, 102
Trd, 4319466.943, 104
Trd, 4319467.093, 100
Trd, 4319469.493, 101
Trd, 4319470.393, 102
Trd, 4319472.043, 101
Trd, 4319472.493, 100
Trd, 4319472.543, 95
Trd, 4319472.993, 102
Trd, 4319477.093, 102
Trd, 4319477.993, 103
Trd, 4319479.343, 101
Trd, 4319480.393, 104
Trd, 4319481.743, 104
Trd, 4319483.493, 105
Trd, 4319485.143, 104
Trd, 4319485.693, 103
Trd, 4319487.043, 102
Trd, 4319487.293, 101
Trd, 4319491.143, 101
Trd, 4319492.893, 100
Trd, 4319493.143, 100
Trd, 4319494.743, 99
Trd, 4319497.943, 98
Trd, 4319500.493, 99
Trd, 4319500.793, 98
Trd, 4319501.943, 100
Trd, 4319502.893, 99
Trd, 4319504.593, 98
Trd, 4319505.693, 97
Trd, 4319506.493, 99
Trd, 4319508.443, 97
Trd, 4319509.343, 98
Trd, 4319511.593, 97
Trd, 4319513.693, 97
Trd, 4319516.343, 98
Trd, 4319520.393, 96
Trd, 4319522.943, 96
Trd, 4319525.293, 97
Trd, 4319526.393, 97
Trd, 4319526.843, 96
Trd, 4319528.693, 95
Trd, 4319529.193, 96
Trd, 4319529.643, 95
Trd, 4319531.993, 95
Trd, 4319533.693, 95
Trd, 4319533.993, 95
Trd, 4319535.243, 98
Trd, 4319537.993, 95
Trd, 4319538.743, 96
Trd, 4319540.343, 96
Trd, 4319541.693, 95
Trd, 4319541.793, 95
Trd, 4319544.393, 95
Trd, 4319545.793, 94
Trd, 4319546.243, 95
Trd, 4319547.493, 95
Trd, 4319551.793, 94
Trd, 4319552.393, 95
Trd, 4319552.493, 95
Trd, 4319553.093, 94
Trd, 4319553.593, 95
Trd, 4319554.093, 95
Trd, 4319556.293, 95
Trd, 4319558.493, 95
Trd, 4319561.043, 94
Trd, 4319561.393, 96
Trd, 4319562.093, 97
Trd, 4319563.343, 102
Trd, 4319563.943, 101
Trd, 4319565.893, 100
Trd, 4319567.293, 100
Trd, 4319568.443, 98
Trd, 4319570.243, 100
Trd, 4319572.943, 97
Trd, 4319574.643, 98
Trd, 4319576.843, 97
Trd, 4319577.643, 97
Trd, 4319580.293, 96
Trd, 4319581.043, 98
Trd, 4319582.543, 96
Trd, 4319583.593, 97
Trd, 4319584.693, 98
Trd, 4319586.343, 98
Trd, 4319587.993, 97
Trd, 4319590.543, 97
Trd, 4319591.393, 96
Trd, 4319593.543, 98
Trd, 4319594.243, 98
Trd, 4319595.093, 101
Trd, 4319595.493, 98
Trd, 4319595.943, 98
Trd, 4319596.243, 97
Trd, 4319600.243, 95
Trd, 4319600.843, 97
Trd, 4319601.843, 95
Trd, 4319603.043, 97
Trd, 4319603.993, 95
Trd, 4319605.443, 97
Trd, 4319607.493, 97
Trd, 4319608.743, 95
Trd, 4319609.143, 95
Trd, 4319610.293, 95
Trd, 4319612.693, 95
Trd, 4319613.693, 94
Trd, 4319615.243, 94
Trd, 4319615.893, 93
Trd, 4319616.443, 108
Trd, 4319619.093, 97
Trd, 4319619.143, 93
Trd, 4319622.993, 96
Trd, 4319623.143, 96
Trd, 4319626.143, 95
Trd, 4319626.493, 94
Trd, 4319628.293, 92
Trd, 4319628.343, 93
Trd, 4319628.843, 92
Trd, 4319629.843, 94
Trd, 4319632.943, 106
Trd, 4319632.993, 105
Trd, 4319635.343, 104
Trd, 4319635.693, 105
Trd, 4319637.793, 103
Trd, 4319637.843, 105
Trd, 4319638.993, 103
Trd, 4319640.993, 102
Trd, 4319641.443, 102
Trd, 4319642.443, 93
Trd, 4319644.243, 102
Trd, 4319644.843, 102
Trd, 4319646.893, 103
Trd, 4319647.693, 103
Trd, 4319649.093, 102
Trd, 4319651.443, 102
Trd, 4319653.693, 101
Trd, 4319654.243, 102
Trd, 4319655.243, 101
Trd, 4319655.943, 101
Trd, 4319658.043, 100
Trd, 4319658.943, 99
Trd, 4319662.143, 99
Trd, 4319662.443, 99
Trd, 4319664.643, 98
Trd, 4319664.993, 99
Trd, 4319666.993, 99
Trd, 4319669.343, 97
Trd, 4319670.143, 92
Trd, 4319673.393, 98
Trd, 4319674.143, 98
Trd, 4319675.143, 99
Trd, 4319675.593, 99
Trd, 4319678.143, 99
Trd, 4319679.843, 97
Trd, 4319680.793, 96
Trd, 4319681.293, 96
Trd, 4319681.343, 97
Trd, 4319683.743, 97
Trd, 4319684.093, 95
Trd, 4319686.343, 98
Trd, 4319687.193, 96
Trd, 4319688.143, 98
Trd, 4319689.593, 97
Trd, 4319691.043, 97
Trd, 4319691.393, 96
Trd, 4319692.993, 97
Trd, 4319697.043, 97
Trd, 4319697.443, 97
Trd, 4319698.143, 97
Trd, 4319699.793, 95
Trd, 4319700.593, 95
Trd, 4319700.793, 95
Trd, 4319702.193, 100
Trd, 4319702.693, 101
Trd, 4319702.843, 114
Trd, 4319707.143, 105
Trd, 4319707.643, 101
Trd, 4319710.893, 102
Trd, 4319711.193, 101
Trd, 4319711.643, 102
Trd, 4319711.993, 101
Trd, 4319714.193, 85
Trd, 4319714.693, 97
Trd, 4319715.893, 98
Trd, 4319718.293, 96
Trd, 4319718.593, 97
Trd, 4319719.293, 96
Trd, 4319721.293, 96
Trd, 4319722.993, 95
Trd, 4319723.393, 94
Trd, 4319727.393, 95
Trd, 4319728.493, 94
Trd, 4319729.993, 95
Trd, 4319730.193, 95
Trd, 4319730.943, 93
Trd, 4319732.893, 95
Trd, 4319732.993, 95
Trd, 4319733.093, 95
Trd, 4319734.743, 84
Trd, 4319736.493, 89
Trd, 4319738.143, 92
Trd, 4319740.093, 93
Trd, 4319741.843, 93
Trd, 4319742.243, 94
Trd, 4319742.843, 95
Trd, 4319744.143, 106
Trd, 4319745.443, 93
Trd, 4319746.343, 95
Trd, 4319748.843, 95
Trd, 4319749.543, 96
Trd, 4319749.593, 96
Trd, 4319751.743, 96
Trd, 4319752.343, 97
Trd, 4319753.693, 97
Trd, 4319754.943, 97
Trd, 4319755.443, 97
Trd, 4319758.093, 97
Trd, 4319758.543, 98
Trd, 4319759.643, 95
Trd, 4319759.943, 104
Trd, 4319761.093, 95
Trd, 4319762.743, 95
Trd, 4319763.393, 95
Trd, 4319764.193, 96
Trd, 4319765.443, 96
Trd, 4319767.043, 113
Trd, 4319768.093, 101
Trd, 4319769.643, 101
Trd, 4319770.143, 101
Trd, 4319770.993, 101
Trd, 4319772.043, 102
Trd, 4319773.443, 100
Trd, 4319774.743, 97
Trd, 4319775.843, 97
Trd, 4319776.193, 97
Trd, 4319778.493, 98
Trd, 4319780.843, 97
Trd, 4319781.043, 95
Trd, 4319781.443, 112
Trd, 4319784.793, 95
Trd, 4319787.343, 96
Trd, 4319788.343, 95
Trd, 4319790.893, 96
Trd, 4319792.593, 95
Trd, 4319793.143, 94
Trd, 4319793.243, 96
Trd, 4319795.543, 95
Trd, 4319795.593, 95
Trd, 4319796.193, 94
Trd, 4319796.893, 93
Trd, 4319797.243, 93
Trd, 4319797.993, 104
Trd, 4319798.893, 104
Trd, 4319801.593, 105
Trd, 4319801.793, 94
Trd, 4319802.393, 109
Trd, 4319805.043, 102
Trd, 4319806.343, 103
Trd, 4319807.493, 104
Trd, 4319808.793, 102
Trd, 4319809.993, 105
Trd, 4319812.743, 103
Trd, 4319812.843, 102
Trd, 4319815.193, 103
Trd, 4319815.293, 103
Trd, 4319816.993, 102
Trd, 4319817.743, 102
Trd, 4319818.193, 101
Trd, 4319818.943, 102
Trd, 4319823.793, 101
Trd, 4319824.493, 102
Trd, 4319824.843, 101
Trd, 4319827.093, 102
Trd, 4319827.993, 101
Trd, 4319828.343, 100
Trd, 4319829.943, 108
Trd, 4319830.693, 99
Trd, 4319833.843, 99
Trd, 4319834.343, 99
Trd, 4319834.793, 98
Trd, 4319835.843, 102
Trd, 4319836.143, 101
Trd, 4319837.443, 100
Trd, 4319838.793, 106
Trd, 4319839.393, 96
Trd, 4319841.743, 102
Trd, 4319843.593, 98
Trd, 4319844.293, 98
Trd, 4319844.793, 100
Trd, 4319846.393, 100
Trd, 4319848.993, 104
Trd, 4319849.343, 103
Trd, 4319850.993, 104
Trd, 4319851.493, 103
Trd, 4319852.593, 101
Trd, 4319854.343, 102
Trd, 4319856.643, 101
Trd, 4319856.743, 102
Trd, 4319856.793, 101
Trd, 4319857.093, 105
Trd, 4319859.443, 102
Trd, 4319860.343, 100
Trd, 4319864.093, 102
Trd, 4319864.993, 100
Trd, 4319865.793, 100
Trd, 4319866.443, 93
Trd, 4319869.643, 99
Trd, 4319872.743, 99
Trd, 4319872.993, 98
Trd, 4319873.343, 97
Trd, 4319875.343, 97
Trd, 4319876.693, 97
Trd, 4319877.393, 96
Trd, 4319878.143, 96
Trd, 4319878.993, 97
Trd, 4319880.243, 95
Trd, 4319882.043, 95
Trd, 4319883.793, 94
Trd, 4319884.193, 95
Trd, 4319884.943, 98
Trd, 4319885.543, 97
Trd, 4319886.093, 95
Trd, 4319886.843, 94
Trd, 4319888.143, 100
Trd, 4319888.943, 114
Trd, 4319889.643, 103
Trd, 4319889.943, 99
Trd, 4319890.793, 99
Trd, 4319894.743, 104
Trd, 4319895.243, 104
Trd, 4319896.493, 104
Trd, 4319898.293, 104
Trd, 4319898.493, 95
Trd, 4319898.543, 110
Trd, 4319902.793, 102
Trd, 4319903.243, 101
Trd, 4319904.443, 102
Trd, 4319906.593, 100
Trd, 4319907.043, 102
Trd, 4319910.493, 101
Trd, 4319911.343, 102
Trd, 4319911.593, 99
Trd, 4319914.143, 101
Trd, 4319916.293, 100
Trd, 4319916.893, 101
Trd, 4319919.393, 99
Trd, 4319922.543, 98
Trd, 4319923.893, 98
Trd, 4319923.993, 99
Trd, 4319924.793, 98
Trd, 4319925.143, 99
Trd, 4319925.243, 85
Trd, 4319927.443, 93
Trd, 4319931.843, 98
Trd, 4319932.993, 97
Trd, 4319933.443, 96
Trd, 4319935.743, 95
Trd, 4319936.993, 95
Trd, 4319937.993, 96
Trd, 4319940.093, 96
Trd, 4319942.043, 95
Trd, 4319942.443, 95
Trd, 4319943.843, 95
Trd, 4319943.893, 96
Trd, 4319945.393, 95
Trd, 4319948.543, 94
Trd, 4319949.443, 95
Trd, 4319950.143, 95
Trd, 4319950.893, 95
Trd, 4319953.293, 95
Trd, 4319954.493, 94
Trd, 4319955.393, 95
Trd, 4319955.743, 95
Trd, 4319956.993, 93
Trd, 4319958.793, 95
Trd, 4319961.743, 95
Trd, 4319962.593, 93
Trd, 4319964.693, 95
Trd, 4319964.993, 94
Trd, 4319965.443, 94
Trd, 4319967.893, 94
Trd, 4319968.943, 92
Trd, 4319970.743, 100
Trd, 4319971.043, 101
Trd, 4319971.493, 108
Trd, 4319973.393, 101
Trd, 4319976.443, 103
Trd, 4319976.843, 101
Trd, 4319976.993, 95
Trd, 4319979.343, 99
Trd, 4319979.543, 113
Trd, 4319981.143, 100
Trd, 4319981.293, 101
Trd, 4319981.493, 98
Trd, 4319984.943, 100
Trd, 4319986.043, 98
Trd, 4319987.593, 101
Trd, 4319987.943, 100
Trd, 4319990.743, 100
Trd, 4319993.793, 100
Trd, 4319997.393, 99
Trd, 4319997.543, 99
Trd, 4319998.143, 99
Trd, 4319998.293, 100
Trd, 4319998.843, 100
