Trd, 4317867.793, 101
Trd, 4317869.093, 102
Trd, 4317869.243, 115
Trd, 4317871.143, 104
Trd, 4317871.343, 101
Trd, 4317872.993, 100
Trd, 4317874.543, 104
Trd, 4317876.493, 103
Trd, 4317877.993, 100
Trd, 4317879.893, 102
Trd, 4317879.993, 99
Trd, 4317880.843, 99
Trd, 4317881.893, 104
Trd, 4317884.393, 106
Trd, 4317884.693, 98
Trd, 4317885.243, 105
Trd, 4317887.743, 103
Trd, 4317888.643, 101
Trd, 4317888.843, 113
Trd, 4317889.893, 94
Trd, 4317890.143, 95
Trd, 4317892.343, 100
Trd, 4317893.193, 99
Trd, 4317894.693, 98
Trd, 4317895.893, 101
Trd, 4317897.143, 94
Trd, 4317897.943, 112
Trd, 4317900.593, 96
Trd, 4317902.293, 96
Trd, 4317902.743, 96
Trd, 4317903.293, 98
Trd, 4317904.643, 97
Trd, 4317905.843, 96
Trd, 4317906.893, 95
Trd, 4317908.843, 96
Trd, 4317910.293, 94
Trd, 4317911.193, 104
Trd, 4317911.343, 85
Trd, 4317913.143, 94
Trd, 4317913.393, 94
Trd, 4317914.193, 100
Trd, 4317917.043, 95
Trd, 4317917.393, 94
Trd, 4317917.943, 93
Trd, 4317918.193, 96
Trd, 4317919.743, 95
Trd, 4317919.993, 85
Trd, 4317920.093, 104
Trd, 4317924.443, 96
Trd, 4317925.343, 95
Trd, 4317928.493, 94
Trd, 4317929.843, 96
Trd, 4317930.243, 96
Trd, 4317932.193, 113
Trd, 4317932.443, 99
Trd, 4317934.143, 102
Trd, 4317935.443, 101
Trd, 4317935.543, 98
Trd, 4317935.993, 104
Trd, 4317937.243, 97
Trd, 4317940.893, 99
Trd, 4317941.443, 98
Trd, 4317942.693, 99
Trd, 4317943.793, 97
Trd, 4317943.843, 100
Trd, 4317944.243, 94
Trd, 4317946.093, 96
Trd, 4317948.243, 99
Trd, 4317949.293, 96
Trd, 4317950.943, 98
Trd, 4317951.843, 95
Trd, 4317952.943, 94
Trd, 4317953.443, 96
Trd, 4317953.793, 104
Trd, 4317957.243, 97
Trd, 4317957.493, 113
Trd, 4317960.643, 95
Trd, 4317961.643, 88
Trd, 4317962.843, 92
Trd, 4317963.793, 97
Trd, 4317965.343, 96
Trd, 4317966.293, 94
Trd, 4317966.543, 97
Trd, 4317966.993, 94
Trd, 4317971.443, 96
Trd, 4317971.743, 98
Trd, 4317971.943, 93
Trd, 4317974.593, 97
Trd, 4317975.243, 97
Trd, 4317976.343, 94
Trd, 4317976.993, 96
Trd, 4317977.793, 96
Trd, 4317980.043, 96
Trd, 4317981.493, 96
Trd, 4317983.343, 95
Trd, 4317983.593, 96
Trd, 4317986.943, 96
Trd, 4317988.493, 94
Trd, 4317989.243, 95
Trd, 4317993.543, 96
Trd, 4317993.793, 93
Trd, 4317998.243, 95
Trd, 4318000.093, 98
Trd, 4318000.643, 96
Trd, 4318001.243, 94
Trd, 4318004.093, 94
Trd, 4318005.593, 95
Trd, 4318006.443, 93
Trd, 4318010.343, 95
Trd, 4318010.643, 101
Trd, 4318012.193, 98
Trd, 4318012.793, 92
Trd, 4318014.743, 96
Trd, 4318016.243, 98
Trd, 4318016.543, 97
Trd, 4318020.493, 94
Trd, 4318021.843, 97
Trd, 4318022.993, 97
Trd, 4318023.893, 94
Trd, 4318024.093, 104
Trd, 4318024.693, 93
Trd, 4318026.443, 97
Trd, 4318029.443, 94
Trd, 4318031.493, 96
Trd, 4318032.643, 96
Trd, 4318033.243, 93
Trd, 4318034.243, 97
Trd, 4318036.543, 94
Trd, 4318037.893, 94
Trd, 4318039.493, 93
Trd, 4318040.493, 96
Trd, 4318041.893, 95
Trd, 4318042.693, 92
Trd, 4318043.943, 110
Trd, 4318045.693, 91
Trd, 4318047.493, 98
Trd, 4318049.943, 97
Trd, 4318051.893, 93
Trd, 4318052.893, 95
Trd, 4318053.543, 93
Trd, 4318054.043, 97
Trd, 4318055.043, 94
Trd, 4318055.893, 92
Trd, 4318056.143, 97
Trd, 4318059.293, 92
Trd, 4318060.643, 95
Trd, 4318061.293, 92
Trd, 4318061.743, 98
Trd, 4318062.093, 85
Trd, 4318065.743, 89
Trd, 4318067.743, 95
Trd, 4318069.293, 95
Trd, 4318070.943, 95
Trd, 4318071.793, 94
Trd, 4318072.193, 101
Trd, 4318072.343, 113
Trd, 4318073.743, 100
Trd, 4318076.143, 93
Trd, 4318076.243, 95
Trd, 4318078.843, 95
Trd, 4318079.593, 96
Trd, 4318080.843, 96
Trd, 4318083.843, 105
Trd, 4318084.643, 111
Trd, 4318084.843, 101
Trd, 4318085.693, 104
Trd, 4318088.843, 102
Trd, 4318089.593, 102
Trd, 4318090.043, 103
Trd, 4318091.493, 103
Trd, 4318092.543, 101
Trd, 4318093.843, 103
Trd, 4318094.493, 94
Trd, 4318097.543, 104
Trd, 4318098.793, 102
Trd, 4318098.993, 104
Trd, 4318100.743, 103
Trd, 4318103.593, 102
Trd, 4318104.343, 101
Trd, 4318104.493, 100
Trd, 4318105.493, 104
Trd, 4318106.943, 104
Trd, 4318108.343, 94
Trd, 4318110.743, 104
Trd, 4318111.193, 85
Trd, 4318111.543, 104
Trd, 4318113.543, 103
Trd, 4318114.443, 104
Trd, 4318115.443, 99
Trd, 4318116.443, 100
Trd, 4318117.093, 102
Trd, 4318117.393, 104
Trd, 4318119.843, 103
Trd, 4318121.843, 99
Trd, 4318122.593, 70
Trd, 4318125.143, 95
Trd, 4318125.593, 103
Trd, 4318126.793, 95
Trd, 4318128.143, 98
Trd, 4318129.293, 95
Trd, 4318130.943, 95
Trd, 4318131.143, 84
Trd, 4318133.193, 99
Trd, 4318134.093, 98
Trd, 4318135.793, 92
Trd, 4318135.993, 103
Trd, 4318140.943, 98
Trd, 4318142.143, 98
Trd, 4318142.493, 98
Trd, 4318144.793, 94
Trd, 4318146.143, 112
Trd, 4318146.693, 95
Trd, 4318147.943, 95
Trd, 4318152.293, 95
Trd, 4318153.343, 94
Trd, 4318154.443, 95
Trd, 4318156.143, 95
Trd, 4318156.493, 94
Trd, 4318159.493, 96
Trd, 4318160.293, 93
Trd, 4318160.343, 104
Trd, 4318162.443, 97
Trd, 4318162.793, 96
Trd, 4318163.893, 93
Trd, 4318164.793, 97
Trd, 4318167.443, 93
Trd, 4318168.743, 95
Trd, 4318170.943, 95
Trd, 4318171.343, 92
Trd, 4318171.743, 96
Trd, 4318172.293, 92
Trd, 4318175.093, 95
Trd, 4318175.793, 93
Trd, 4318177.143, 94
Trd, 4318179.343, 95
Trd, 4318180.643, 95
Trd, 4318181.193, 100
Trd, 4318184.043, 97
Trd, 4318184.793, 94
Trd, 4318188.143, 95
Trd, 4318188.293, 95
Trd, 4318190.143, 95
Trd, 4318191.743, 94
Trd, 4318192.193, 94
Trd, 4318193.343, 96
Trd, 4318195.343, 96
Trd, 4318199.543, 95
Trd, 4318199.593, 96
Trd, 4318201.293, 95
Trd, 4318201.993, 96
Trd, 4318202.343, 102
Trd, 4318204.593, 95
Trd, 4318206.093, 97
Trd, 4318206.693, 96
Trd, 4318207.793, 94
Trd, 4318207.943, 101
Trd, 4318208.843, 98
Trd, 4318212.493, 96
Trd, 4318213.993, 96
Trd, 4318217.043, 95
Trd, 4318217.593, 94
Trd, 4318218.693, 96
Trd, 4318220.643, 95
Trd, 4318221.243, 96
Trd, 4318224.393, 96
Trd, 4318224.643, 93
Trd, 4318225.443, 95
Trd, 4318225.993, 97
Trd, 4318227.193, 104
Trd, 4318227.443, 93
Trd, 4318230.343, 92
Trd, 4318232.493, 96
Trd, 4318234.243, 92
Trd, 4318237.393, 95
Trd, 4318238.743, 95
Trd, 4318239.993, 94
Trd, 4318242.193, 96
Trd, 4318242.493, 104
Trd, 4318243.543, 99
Trd, 4318243.793, 98
Trd, 4318244.743, 98
Trd, 4318247.043, 98
Trd, 4318247.793, 100
Trd, 4318248.743, 104
Trd, 4318249.543, 99
Trd, 4318250.243, 97
Trd, 4318252.293, 96
Trd, 4318252.593, 98
Trd, 4318253.943, 98
Trd, 4318258.793, 97
Trd, 4318259.343, 98
Trd, 4318260.043, 97
Trd, 4318260.343, 94
Trd, 4318261.643, 98
Trd, 4318263.043, 98
Trd, 4318265.143, 97
Trd, 4318265.543, 96
Trd, 4318267.793, 97
Trd, 4318269.593, 97
Trd, 4318271.593, 98
Trd, 4318271.993, 111
Trd, 4318272.493, 96
Trd, 4318273.243, 96
Trd, 4318274.843, 96
Trd, 4318276.043, 95
Trd, 4318277.193, 95
Trd, 4318278.943, 95
Trd, 4318279.243, 97
Trd, 4318280.643, 94
Trd, 4318280.993, 95
Trd, 4318285.243, 100
Trd, 4318286.193, 100
Trd, 4318286.293, 109
Trd, 4318287.093, 100
Trd, 4318288.093, 105
Trd, 4318289.393, 94
Trd, 4318289.993, 95
Trd, 4318292.943, 101
Trd, 4318294.043, 102
Trd, 4318295.393, 101
Trd, 4318297.793, 101
Trd, 4318299.043, 101
Trd, 4318300.243, 104
Trd, 4318300.943, 103
Trd, 4318302.093, 113
Trd, 4318304.093, 108
Trd, 4318305.943, 101
Trd, 4318306.643, 101
Trd, 4318310.793, 105
Trd, 4318312.343, 96
Trd, 4318312.643, 98
Trd, 4318314.893, 94
Trd, 4318316.343, 99
Trd, 4318318.043, 99
Trd, 4318320.093, 98
Trd, 4318320.793, 104
Trd, 4318321.393, 113
Trd, 4318323.343, 95
Trd, 4318323.643, 94
Trd, 4318327.793, 98
Trd, 4318328.443, 97
Trd, 4318329.993, 98
Trd, 4318330.493, 97
Trd, 4318331.143, 104
Trd, 4318333.893, 98
Trd, 4318335.843, 99
Trd, 4318337.043, 97
Trd, 4318339.743, 96
Trd, 4318342.343, 95
Trd, 4318344.043, 99
Trd, 4318346.343, 98
Trd, 4318346.443, 99
Trd, 4318347.693, 96
Trd, 4318348.193, 98
Trd, 4318349.443, 99
Trd, 4318349.943, 94
Trd, 4318351.793, 98
Trd, 4318353.443, 97
Trd, 4318354.643, 98
Trd, 4318355.193, 98
Trd, 4318356.593, 97
Trd, 4318357.243, 104
Trd, 4318357.743, 96
Trd, 4318361.343, 98
Trd, 4318363.343, 95
Trd, 4318363.843, 94
Trd, 4318364.193, 99
Trd, 4318365.743, 98
Trd, 4318367.343, 96
Trd, 4318369.593, 99
Trd, 4318370.593, 99
Trd, 4318371.593, 99
Trd, 4318373.343, 97
Trd, 4318374.843, 95
Trd, 4318375.393, 95
Trd, 4318376.193, 104
Trd, 4318377.343, 95
Trd, 4318378.143, 111
Trd, 4318379.193, 102
Trd, 4318381.343, 100
Trd, 4318381.893, 103
Trd, 4318383.643, 99
Trd, 4318384.793, 99
Trd, 4318384.993, 98
Trd, 4318385.743, 104
Trd, 4318387.343, 102
Trd, 4318391.143, 103
Trd, 4318392.343, 102
Trd, 4318392.593, 102
Trd, 4318392.843, 103
Trd, 4318394.243, 100
Trd, 4318395.743, 100
Trd, 4318399.043, 103
Trd, 4318399.143, 103
Trd, 4318399.743, 100
Trd, 4318402.393, 104
Trd, 4318402.643, 100
Trd, 4318405.093, 100
Trd, 4318405.593, 100
Trd, 4318407.643, 104
Trd, 4318408.593, 99
Trd, 4318409.793, 104
Trd, 4318410.293, 103
Trd, 4318410.693, 103
Trd, 4318413.943, 104
Trd, 4318413.993, 103
Trd, 4318415.593, 103
Trd, 4318418.443, 101
Trd, 4318419.043, 101
Trd, 4318419.193, 102
Trd, 4318420.493, 100
Trd, 4318422.043, 100
Trd, 4318422.143, 99
Trd, 4318426.743, 102
Trd, 4318429.643, 99
Trd, 4318429.893, 99
Trd, 4318430.193, 98
Trd, 4318430.943, 98
Trd, 4318431.493, 102
Trd, 4318433.693, 99
Trd, 4318434.393, 99
Trd, 4318435.593, 97
Trd, 4318436.743, 99
Trd, 4318438.193, 98
Trd, 4318440.243, 97
Trd, 4318440.743, 95
Trd, 4318440.893, 94
Trd, 4318441.693, 98
Trd, 4318441.843, 104
Trd, 4318443.543, 97
Trd, 4318443.793, 94
Trd, 4318446.093, 97
Trd, 4318446.793, 97
Trd, 4318446.843, 95
Trd, 4318450.543, 97
Trd, 4318452.093, 95
Trd, 4318453.093, 97
Trd, 4318454.343, 95
Trd, 4318458.393, 96
Trd, 4318458.443, 96
Trd, 4318459.993, 94
Trd, 4318460.143, 96
Trd, 4318460.643, 97
Trd, 4318462.743, 113
Trd, 4318463.743, 96
Trd, 4318464.643, 95
Trd, 4318467.143, 95
Trd, 4318467.843, 96
Trd, 4318468.543, 95
Trd, 4318471.193, 95
Trd, 4318473.943, 95
Trd, 4318474.743, 94
Trd, 4318475.793, 95
Trd, 4318476.543, 96
Trd, 4318479.693, 95
Trd, 4318480.193, 95
Trd, 4318480.893, 103
Trd, 4318481.743, 99
Trd, 4318483.193, 99
Trd, 4318483.443, 94
Trd, 4318483.843, 77
Trd, 4318484.093, 104
Trd, 4318486.293, 95
Trd, 4318487.793, 100
Trd, 4318488.543, 112
Trd, 4318491.593, 104
Trd, 4318492.493, 103
Trd, 4318494.193, 102
Trd, 4318494.593, 92
Trd, 4318495.293, 108
Trd, 4318496.093, 96
Trd, 4318497.143, 101
Trd, 4318498.293, 102
Trd, 4318498.343, 110
Trd, 4318499.643, 102
Trd, 4318503.593, 104
Trd, 4318503.893, 101
Trd, 4318505.893, 95
Trd, 4318507.693, 97
Trd, 4318508.343, 112
Trd, 4318508.993, 99
Trd, 4318509.243, 104
Trd, 4318509.543, 94
Trd, 4318510.343, 66
Trd, 4318514.443, 96
Trd, 4318514.693, 99
Trd, 4318515.393, 94
Trd, 4318516.543, 99
Trd, 4318518.493, 101
Trd, 4318520.793, 102
Trd, 4318521.593, 96
Trd, 4318523.043, 97
Trd, 4318524.293, 100
Trd, 4318526.693, 99
Trd, 4318528.693, 98
Trd, 4318529.343, 112
Trd, 4318530.493, 102
Trd, 4318532.043, 97
Trd, 4318532.843, 99
Trd, 4318535.143, 101
Trd, 4318535.643, 98
Trd, 4318539.543, 98
Trd, 4318539.793, 102
Trd, 4318541.293, 101
Trd, 4318542.443, 98
Trd, 4318544.143, 102
Trd, 4318545.793, 101
Trd, 4318546.093, 101
Trd, 4318546.843, 97
Trd, 4318548.693, 100
Trd, 4318549.793, 99
Trd, 4318551.293, 101
Trd, 4318551.943, 98
Trd, 4318554.643, 101
Trd, 4318555.843, 101
Trd, 4318556.093, 100
Trd, 4318557.243, 98
Trd, 4318558.543, 97
Trd, 4318560.193, 94
Trd, 4318560.493, 99
Trd, 4318563.193, 99
Trd, 4318566.393, 100
Trd, 4318566.893, 99
Trd, 4318567.593, 99
Trd, 4318567.743, 104
Trd, 4318568.443, 93
Trd, 4318569.743, 92
Trd, 4318572.493, 96
Trd, 4318573.743, 98
Trd, 4318574.493, 98
Trd, 4318574.843, 94
Trd, 4318577.993, 96
Trd, 4318580.693, 95
Trd, 4318580.743, 96
Trd, 4318583.443, 96
Trd, 4318584.043, 96
Trd, 4318587.193, 94
Trd, 4318587.643, 95
Trd, 4318589.993, 95
Trd, 4318590.043, 94
Trd, 4318591.043, 93
Trd, 4318592.643, 110
Trd, 4318594.943, 100
Trd, 4318596.493, 98
Trd, 4318597.143, 97
Trd, 4318597.643, 101
Trd, 4318598.443, 98
Trd, 4318601.043, 98
Trd, 4318602.043, 113
Trd, 4318602.393, 97
Trd, 4318604.793, 107
Trd, 4318605.643, 106
Trd, 4318605.893, 120
Trd, 4318606.093, 103
Trd, 4318608.693, 102
Trd, 4318609.993, 93
Trd, 4318613.143, 104
Trd, 4318613.293, 104
Trd, 4318613.343, 103
Trd, 4318616.843, 104
Trd, 4318617.243, 103
Trd, 4318617.643, 103
Trd, 4318618.293, 102
Trd, 4318620.293, 101
Trd, 4318621.943, 104
Trd, 4318622.393, 92
Trd, 4318623.543, 102
Trd, 4318624.743, 103
Trd, 4318626.093, 100
Trd, 4318628.593, 103
Trd, 4318628.743, 104
Trd, 4318628.893, 98
Trd, 4318631.843, 99
Trd, 4318632.693, 104
Trd, 4318632.843, 100
Trd, 4318633.093, 104
Trd, 4318633.693, 98
Trd, 4318636.493, 103
Trd, 4318637.593, 98
Trd, 4318638.393, 97
Trd, 4318639.943, 97
Trd, 4318640.343, 103
Trd, 4318641.843, 94
Trd, 4318644.193, 96
Trd, 4318645.493, 96
Trd, 4318645.943, 95
Trd, 4318647.493, 96
Trd, 4318647.793, 97
Trd, 4318650.243, 96
Trd, 4318652.543, 96
Trd, 4318653.093, 96
Trd, 4318654.143, 95
Trd, 4318655.043, 118
Trd, 4318656.043, 94
Trd, 4318657.543, 95
Trd, 4318660.193, 99
Trd, 4318660.593, 98
Trd, 4318662.293, 98
Trd, 4318663.093, 101
Trd, 4318666.493, 96
Trd, 4318667.093, 95
Trd, 4318668.043, 96
Trd, 4318669.743, 94
Trd, 4318672.493, 97
Trd, 4318673.643, 105
Trd, 4318674.143, 118
Trd, 4318674.693, 103
Trd, 4318675.043, 106
Trd, 4318676.893, 104
Trd, 4318678.543, 103
Trd, 4318678.743, 106
Trd, 4318680.143, 97
Trd, 4318680.643, 101
Trd, 4318681.693, 101
Trd, 4318683.143, 84
Trd, 4318683.743, 97
Trd, 4318684.793, 99
Trd, 4318685.293, 96
Trd, 4318687.243, 104
Trd, 4318689.543, 99
Trd, 4318690.693, 97
Trd, 4318691.493, 104
Trd, 4318693.793, 97
Trd, 4318694.143, 94
Trd, 4318694.843, 96
Trd, 4318695.193, 95
Trd, 4318695.443, 100
Trd, 4318698.843, 95
Trd, 4318700.543, 98
Trd, 4318700.943, 95
Trd, 4318703.593, 96
Trd, 4318705.593, 97
Trd, 4318706.493, 98
Trd, 4318708.243, 95
Trd, 4318709.193, 95
Trd, 4318710.193, 96
Trd, 4318710.593, 104
Trd, 4318712.093, 111
Trd, 4318712.593, 94
Trd, 4318714.893, 86
Trd, 4318716.343, 95
Trd, 4318716.743, 96
Trd, 4318717.943, 94
Trd, 4318718.743, 106
Trd, 4318719.543, 113
Trd, 4318719.793, 107
Trd, 4318721.493, 105
Trd, 4318722.743, 97
Trd, 4318724.043, 96
Trd, 4318725.593, 99
Trd, 4318725.643, 100
Trd, 4318728.743, 99
Trd, 4318729.543, 94
Trd, 4318730.393, 99
Trd, 4318731.543, 95
Trd, 4318733.043, 99
Trd, 4318734.293, 99
Trd, 4318734.643, 110
Trd, 4318734.843, 98
Trd, 4318735.693, 113
Trd, 4318735.943, 98
Trd, 4318736.243, 94
Trd, 4318736.893, 105
Trd, 4318738.593, 98
Trd, 4318740.143, 103
Trd, 4318740.393, 97
Trd, 4318744.593, 103
Trd, 4318745.343, 102
Trd, 4318746.493, 99
Trd, 4318746.543, 104
Trd, 4318748.293, 98
Trd, 4318751.243, 100
Trd, 4318752.193, 104
Trd, 4318753.443, 98
Trd, 4318754.243, 98
Trd, 4318755.493, 86
Trd, 4318756.793, 94
Trd, 4318758.443, 85
Trd, 4318759.893, 94
Trd, 4318760.043, 95
Trd, 4318762.343, 94
Trd, 4318764.943, 106
Trd, 4318766.243, 103
Trd, 4318766.393, 94
Trd, 4318766.793, 108
Trd, 4318768.193, 98
Trd, 4318768.493, 105
Trd, 4318771.943, 102
Trd, 4318772.793, 99
Trd, 4318773.243, 84
Trd, 4318774.693, 97
Trd, 4318777.043, 100
Trd, 4318777.093, 100
Trd, 4318777.843, 100
Trd, 4318779.793, 99
Trd, 4318781.143, 98
Trd, 4318781.593, 95
Trd, 4318781.643, 112
Trd, 4318782.743, 93
Trd, 4318785.743, 113
Trd, 4318785.993, 100
Trd, 4318788.043, 105
Trd, 4318788.343, 100
Trd, 4318789.993, 104
Trd, 4318790.693, 103
Trd, 4318792.493, 98
Trd, 4318793.093, 97
Trd, 4318795.843, 95
Trd, 4318796.243, 94
Trd, 4318796.343, 93
Trd, 4318797.393, 104
Trd, 4318798.593, 91
Trd, 4318799.143, 102
Trd, 4318799.893, 96
Trd, 4318801.643, 104
Trd, 4318802.593, 95
Trd, 4318803.793, 97
Trd, 4318806.493, 95
Trd, 4318806.993, 99
Trd, 4318808.493, 94
Trd, 4318809.343, 96
Trd, 4318809.743, 96
Trd, 4318812.043, 92
Trd, 4318812.643, 93
Trd, 4318815.693, 93
Trd, 4318817.043, 93
Trd, 4318820.893, 100
Trd, 4318821.093, 98
Trd, 4318821.193, 111
Trd, 4318821.943, 103
Trd, 4318823.043, 98
Trd, 4318824.493, 84
Trd, 4318826.593, 105
Trd, 4318827.093, 98
Trd, 4318828.443, 98
Trd, 4318831.343, 100
Trd, 4318832.393, 99
Trd, 4318832.843, 101
Trd, 4318835.543, 100
Trd, 4318837.593, 98
Trd, 4318839.243, 100
Trd, 4318840.093, 98
Trd, 4318840.343, 97
Trd, 4318841.093, 98
Trd, 4318842.243, 96
Trd, 4318843.743, 99
Trd, 4318843.893, 96
Trd, 4318844.443, 104
Trd, 4318846.743, 96
Trd, 4318848.293, 96
Trd, 4318848.943, 97
Trd, 4318849.593, 96
Trd, 4318850.793, 96
Trd, 4318855.293, 95
Trd, 4318855.843, 97
Trd, 4318856.593, 96
Trd, 4318859.193, 97
Trd, 4318860.343, 104
Trd, 4318860.893, 96
Trd, 4318862.043, 94
Trd, 4318866.443, 96
Trd, 4318866.643, 94
Trd, 4318868.293, 92
Trd, 4318869.543, 98
Trd, 4318870.243, 96
Trd, 4318871.843, 95
Trd, 4318875.493, 96
Trd, 4318875.643, 94
Trd, 4318878.793, 95
Trd, 4318880.743, 95
Trd, 4318882.393, 95
Trd, 4318882.643, 113
Trd, 4318884.093, 93
Trd, 4318886.693, 96
Trd, 4318888.593, 95
Trd, 4318889.843, 96
Trd, 4318890.543, 97
Trd, 4318892.043, 94
Trd, 4318892.393, 95
Trd, 4318893.793, 95
Trd, 4318894.243, 104
Trd, 4318894.343, 113
Trd, 4318897.843, 99
Trd, 4318898.093, 100
Trd, 4318898.343, 98
Trd, 4318901.193, 96
Trd, 4318901.643, 96
Trd, 4318903.693, 97
Trd, 4318905.543, 98
Trd, 4318906.243, 95
Trd, 4318907.693, 96
Trd, 4318909.393, 97
Trd, 4318909.693, 94
Trd, 4318910.343, 95
Trd, 4318910.893, 96
Trd, 4318912.893, 94
Trd, 4318912.943, 94
Trd, 4318914.543, 103
Trd, 4318915.143, 97
Trd, 4318916.243, 112
Trd, 4318918.493, 101
Trd, 4318919.243, 100
Trd, 4318921.943, 100
Trd, 4318922.393, 100
Trd, 4318923.893, 100
Trd, 4318924.543, 99
Trd, 4318925.443, 93
Trd, 4318926.293, 92
Trd, 4318926.443, 86
Trd, 4318927.693, 110
Trd, 4318929.243, 98
Trd, 4318931.093, 95
Trd, 4318931.443, 92
Trd, 4318932.643, 99
Trd, 4318935.943, 98
Trd, 4318936.343, 96
Trd, 4318938.543, 96
Trd, 4318939.443, 94
Trd, 4318939.843, 96
Trd, 4318940.743, 96
Trd, 4318943.493, 96
Trd, 4318944.693, 97
Trd, 4318946.293, 96
Trd, 4318947.693, 97
Trd, 4318947.743, 94
Trd, 4318950.043, 97
Trd, 4318950.743, 99
Trd, 4318952.943, 95
Trd, 4318953.893, 97
Trd, 4318954.243, 96
Trd, 4318955.043, 95
Trd, 4318956.093, 96
Trd, 4318957.293, 113
Trd, 4318958.693, 94
Trd, 4318962.143, 97
Trd, 4318963.743, 98
Trd, 4318964.793, 100
Trd, 4318965.843, 99
Trd, 4318966.393, 97
Trd, 4318968.593, 95
Trd, 4318969.593, 95
Trd, 4318969.993, 94
Trd, 4318973.043, 94
Trd, 4318973.293, 98
Trd, 4318974.393, 97
Trd, 4318974.893, 100
Trd, 4318976.993, 101
Trd, 4318977.393, 100
Trd, 4318981.393, 98
Trd, 4318983.293, 99
Trd, 4318984.693, 99
Trd, 4318984.993, 97
Trd, 4318986.843, 96
Trd, 4318989.193, 95
Trd, 4318990.043, 97
Trd, 4318991.093, 97
Trd, 4318991.893, 95
Trd, 4318992.543, 97
Trd, 4318995.293, 99
Trd, 4318995.893, 98
Trd, 4318995.993, 96
Trd, 4318996.643, 110
Trd, 4318998.893, 99
Trd, 4319001.743, 97
Trd, 4319001.943, 101
Trd, 4319003.443, 96
Trd, 4319003.943, 103
Trd, 4319005.043, 98
Trd, 4319005.243, 96
Trd, 4319007.593, 101
Trd, 4319007.793, 104
Trd, 4319010.643, 97
Trd, 4319011.943, 97
Trd, 4319012.393, 99
Trd, 4319016.143, 97
Trd, 4319017.943, 96
Trd, 4319018.843, 95
Trd, 4319019.293, 97
Trd, 4319020.343, 94
Trd, 4319021.793, 97
Trd, 4319024.043, 99
Trd, 4319024.943, 99
Trd, 4319026.593, 99
Trd, 4319027.043, 98
Trd, 4319027.343, 104
Trd, 4319030.343, 97
Trd, 4319032.543, 99
Trd, 4319033.143, 99
Trd, 4319033.993, 99
Trd, 4319036.793, 98
Trd, 4319037.493, 97
Trd, 4319037.943, 99
Trd, 4319038.693, 104
Trd, 4319041.093, 97
Trd, 4319041.143, 99
Trd, 4319043.993, 97
Trd, 4319044.243, 95
Trd, 4319046.893, 96
Trd, 4319047.243, 97
Trd, 4319048.793, 96
Trd, 4319050.593, 104
Trd, 4319051.493, 96
Trd, 4319052.393, 98
Trd, 4319052.693, 95
Trd, 4319052.843, 99
Trd, 4319053.393, 95
Trd, 4319057.493, 96
Trd, 4319057.943, 98
Trd, 4319058.343, 94
Trd, 4319058.493, 98
Trd, 4319058.743, 94
Trd, 4319063.093, 94
Trd, 4319064.493, 95
Trd, 4319065.493, 96
Trd, 4319069.743, 95
Trd, 4319070.993, 98
Trd, 4319071.443, 97
Trd, 4319073.143, 96
Trd, 4319074.793, 98
Trd, 4319077.393, 97
Trd, 4319077.493, 95
Trd, 4319079.193, 97
Trd, 4319081.593, 95
Trd, 4319083.093, 94
Trd, 4319083.893, 97
Trd, 4319084.693, 104
Trd, 4319084.893, 93
Trd, 4319086.143, 100
Trd, 4319086.593, 95
Trd, 4319089.893, 99
Trd, 4319092.043, 100
Trd, 4319092.093, 97
Trd, 4319095.043, 98
Trd, 4319095.143, 97
Trd, 4319096.793, 96
Trd, 4319097.493, 100
Trd, 4319099.993, 96
Trd, 4319101.943, 99
Trd, 4319102.293, 99
Trd, 4319102.493, 113
Trd, 4319105.343, 106
Trd, 4319105.643, 104
Trd, 4319105.693, 105
Trd, 4319108.293, 104
Trd, 4319109.043, 105
Trd, 4319109.943, 102
Trd, 4319110.543, 95
Trd, 4319111.293, 97
Trd, 4319111.343, 104
Trd, 4319112.743, 101
Trd, 4319114.593, 113
Trd, 4319115.743, 95
Trd, 4319118.193, 98
Trd, 4319119.643, 98
Trd, 4319120.093, 98
Trd, 4319120.193, 104
Trd, 4319120.343, 97
Trd, 4319123.193, 97
Trd, 4319123.443, 99
Trd, 4319124.443, 96
Trd, 4319126.443, 95
Trd, 4319127.743, 98
Trd, 4319128.893, 97
Trd, 4319129.943, 96
Trd, 4319130.093, 93
Trd, 4319130.543, 97
Trd, 4319132.443, 97
Trd, 4319133.693, 99
Trd, 4319137.043, 99
Trd, 4319137.693, 109
Trd, 4319138.743, 98
Trd, 4319141.143, 101
Trd, 4319142.993, 98
Trd, 4319144.543, 101
Trd, 4319145.143, 96
Trd, 4319145.693, 95
Trd, 4319146.243, 101
Trd, 4319148.143, 98
Trd, 4319148.893, 101
Trd, 4319149.593, 96
Trd, 4319150.093, 94
Trd, 4319150.843, 96
Trd, 4319151.693, 94
Trd, 4319153.093, 94
Trd, 4319153.943, 92
Trd, 4319154.643, 95
Trd, 4319157.593, 95
Trd, 4319157.693, 96
Trd, 4319158.193, 97
Trd, 4319158.743, 97
Trd, 4319159.143, 96
Trd, 4319159.693, 104
Trd, 4319161.643, 95
Trd, 4319167.293, 98
Trd, 4319167.343, 97
Trd, 4319167.693, 96
Trd, 4319168.443, 104
Trd, 4319169.293, 113
Trd, 4319169.443, 95
Trd, 4319173.393, 102
Trd, 4319174.443, 95
Trd, 4319174.543, 94
Trd, 4319176.443, 96
Trd, 4319176.793, 96
Trd, 4319177.443, 104
Trd, 4319178.993, 96
Trd, 4319181.443, 100
Trd, 4319181.543, 114
Trd, 4319182.043, 94
Trd, 4319184.193, 104
Trd, 4319185.643, 100
Trd, 4319188.593, 102
Trd, 4319189.243, 101
Trd, 4319190.243, 98
Trd, 4319190.993, 100
Trd, 4319191.343, 98
Trd, 4319193.543, 98
Trd, 4319194.043, 97
Trd, 4319195.393, 94
Trd, 4319196.843, 94
Trd, 4319198.743, 93
Trd, 4319198.843, 93
Trd, 4319199.293, 104
Trd, 4319201.843, 98
Trd, 4319201.893, 99
Trd, 4319202.743, 95
Trd, 4319205.793, 97
Trd, 4319205.843, 96
Trd, 4319208.993, 96
Trd, 4319210.893, 95
Trd, 4319211.643, 96
Trd, 4319212.193, 95
Trd, 4319212.943, 94
Trd, 4319213.093, 85
Trd, 4319213.693, 114
Trd, 4319215.043, 90
Trd, 4319216.093, 104
Trd, 4319221.393, 95
Trd, 4319221.843, 95
Trd, 4319222.293, 94
Trd, 4319226.743, 96
Trd, 4319226.843, 98
Trd, 4319228.093, 104
Trd, 4319228.493, 115
Trd, 4319229.343, 95
Trd, 4319231.643, 96
Trd, 4319233.843, 104
Trd, 4319235.743, 98
Trd, 4319236.193, 98
Trd, 4319236.543, 103
Trd, 4319237.993, 103
Trd, 4319240.393, 99
Trd, 4319240.693, 97
Trd, 4319243.643, 99
Trd, 4319244.343, 100
Trd, 4319244.943, 95
Trd, 4319245.293, 100
Trd, 4319247.993, 96
Trd, 4319248.443, 98
Trd, 4319250.593, 96
Trd, 4319250.643, 98
Trd, 4319252.143, 95
Trd, 4319253.293, 115
Trd, 4319255.543, 95
Trd, 4319256.693, 94
Trd, 4319258.843, 96
Trd, 4319260.543, 95
Trd, 4319261.643, 95
Trd, 4319263.593, 94
Trd, 4319264.043, 93
Trd, 4319266.293, 104
Trd, 4319266.543, 94
Trd, 4319266.593, 93
Trd, 4319269.493, 96
Trd, 4319271.043, 95
Trd, 4319271.493, 94
Trd, 4319271.693, 122
Trd, 4319272.643, 95
Trd, 4319272.693, 117
Trd, 4319277.343, 99
Trd, 4319278.643, 102
Trd, 4319279.643, 99
Trd, 4319280.343, 101
Trd, 4319281.843, 99
Trd, 4319285.193, 99
Trd, 4319285.593, 102
Trd, 4319287.393, 102
Trd, 4319287.693, 97
Trd, 4319287.893, 97
Trd, 4319291.093, 102
Trd, 4319293.293, 102
Trd, 4319293.393, 94
Trd, 4319295.443, 100
Trd, 4319297.743, 102
Trd, 4319298.243, 100
Trd, 4319299.543, 98
Trd, 4319299.893, 102
Trd, 4319300.043, 104
Trd, 4319302.043, 98
Trd, 4319302.643, 101
Trd, 4319305.943, 100
Trd, 4319306.593, 98
Trd, 4319310.443, 98
Trd, 4319312.043, 99
Trd, 4319314.443, 103
Trd, 4319314.843, 100
Trd, 4319316.543, 98
Trd, 4319317.093, 98
Trd, 4319317.543, 94
Trd, 4319318.943, 106
Trd, 4319321.543, 103
Trd, 4319322.943, 104
Trd, 4319323.943, 102
Trd, 4319325.043, 85
Trd, 4319325.343, 104
Trd, 4319326.093, 98
Trd, 4319327.493, 96
Trd, 4319330.793, 98
Trd, 4319331.393, 97
Trd, 4319331.493, 102
Trd, 4319331.943, 94
Trd, 4319335.193, 100
Trd, 4319336.393, 97
Trd, 4319337.093, 99
Trd, 4319340.093, 96
Trd, 4319340.693, 94
Trd, 4319341.843, 96
Trd, 4319342.293, 97
Trd, 4319344.843, 98
Trd, 4319345.143, 122
Trd, 4319345.743, 84
Trd, 4319345.993, 77
Trd, 4319350.293, 95
Trd, 4319350.993, 95
Trd, 4319352.493, 96
Trd, 4319353.993, 104
Trd, 4319354.493, 94
Trd, 4319356.443, 93
Trd, 4319356.643, 97
Trd, 4319358.893, 94
Trd, 4319360.643, 93
Trd, 4319362.643, 93
Trd, 4319363.093, 94
Trd, 4319363.193, 96
Trd, 4319364.893, 95
Trd, 4319366.893, 95
Trd, 4319367.793, 104
Trd, 4319369.543, 93
Trd, 4319373.243, 96
Trd, 4319375.743, 96
Trd, 4319377.193, 94
Trd, 4319377.993, 95
Trd, 4319378.443, 97
Trd, 4319382.943, 95
Trd, 4319383.893, 96
Trd, 4319384.243, 93
Trd, 4319384.493, 96
Trd, 4319387.593, 96
Trd, 4319388.393, 95
Trd, 4319389.643, 104
Trd, 4319389.693, 94
Trd, 4319389.943, 92
Trd, 4319390.593, 95
Trd, 4319393.043, 96
Trd, 4319394.093, 94
Trd, 4319396.543, 104
Trd, 4319398.943, 97
Trd, 4319399.243, 95
Trd, 4319400.343, 97
Trd, 4319400.493, 94
Trd, 4319403.593, 97
Trd, 4319405.593, 94
Trd, 4319408.493, 97
Trd, 4319409.543, 95
Trd, 4319410.543, 96
Trd, 4319410.793, 104
Trd, 4319411.343, 120
Trd, 4319411.743, 96
Trd, 4319412.693, 100
Trd, 4319416.543, 104
Trd, 4319417.543, 109
Trd, 4319418.693, 102
Trd, 4319419.443, 102
Trd, 4319420.793, 94
Trd, 4319421.193, 99
Trd, 4319422.593, 121
Trd, 4319425.343, 98
Trd, 4319426.243, 95
Trd, 4319426.743, 94
Trd, 4319426.793, 99
Trd, 4319427.643, 91
Trd, 4319428.843, 95
Trd, 4319430.393, 95
Trd, 4319431.093, 95
Trd, 4319433.493, 93
Trd, 4319434.093, 95
Trd, 4319434.593, 110
Trd, 4319437.443, 100
Trd, 4319437.643, 99
Trd, 4319438.143, 102
Trd, 4319440.243, 98
Trd, 4319442.143, 97
Trd, 4319442.493, 97
Trd, 4319443.843, 94
Trd, 4319445.393, 96
Trd, 4319445.593, 97
Trd, 4319448.643, 97
Trd, 4319449.443, 96
Trd, 4319449.743, 97
Trd, 4319451.893, 96
Trd, 4319452.193, 97
Trd, 4319452.793, 97
Trd, 4319455.293, 96
Trd, 4319456.093, 97
Trd, 4319456.193, 104
Trd, 4319457.243, 120
Trd, 4319458.843, 96
Trd, 4319463.043, 96
Trd, 4319463.743, 95
Trd, 4319464.993, 98
Trd, 4319466.143, 94
Trd, 4319468.193, 98
Trd, 4319468.293, 104
Trd, 4319468.843, 98
Trd, 4319469.793, 95
Trd, 4319470.543, 101
Trd, 4319471.793, 117
Trd, 4319473.743, 96
Trd, 4319473.793, 95
Trd, 4319476.043, 100
Trd, 4319477.843, 96
Trd, 4319479.193, 95
Trd, 4319479.743, 94
Trd, 4319483.293, 98
Trd, 4319483.893, 95
Trd, 4319484.543, 98
Trd, 4319489.293, 98
Trd, 4319490.493, 96
Trd, 4319491.093, 98
Trd, 4319491.343, 95
Trd, 4319491.793, 95
Trd, 4319492.943, 104
Trd, 4319493.893, 92
Trd, 4319496.493, 93
Trd, 4319498.193, 97
Trd, 4319498.543, 104
Trd, 4319499.193, 94
Trd, 4319499.643, 93
Trd, 4319503.843, 97
Trd, 4319504.593, 93
Trd, 4319505.043, 104
Trd, 4319506.193, 95
Trd, 4319508.993, 96
Trd, 4319510.293, 94
Trd, 4319510.993, 104
Trd, 4319514.393, 98
Trd, 4319514.943, 94
Trd, 4319515.793, 98
Trd, 4319517.043, 94
Trd, 4319517.693, 96
Trd, 4319521.093, 95
Trd, 4319521.343, 95
Trd, 4319523.393, 93
Trd, 4319525.643, 95
Trd, 4319526.893, 96
Trd, 4319527.393, 96
Trd, 4319527.943, 95
Trd, 4319532.693, 96
Trd, 4319533.443, 94
Trd, 4319533.593, 95
Trd, 4319535.343, 96
Trd, 4319537.093, 95
Trd, 4319539.343, 97
Trd, 4319539.693, 97
Trd, 4319539.793, 104
Trd, 4319541.593, 94
Trd, 4319542.393, 100
Trd, 4319542.693, 116
Trd, 4319545.693, 102
Trd, 4319546.693, 113
Trd, 4319547.793, 105
Trd, 4319548.443, 106
Trd, 4319549.543, 96
Trd, 4319551.143, 94
Trd, 4319551.193, 104
Trd, 4319554.343, 98
Trd, 4319554.843, 101
Trd, 4319555.243, 100
Trd, 4319556.743, 101
Trd, 4319558.043, 101
Trd, 4319560.193, 93
Trd, 4319560.643, 98
Trd, 4319561.043, 97
Trd, 4319561.793, 100
Trd, 4319563.693, 99
Trd, 4319563.893, 98
Trd, 4319563.993, 101
Trd, 4319565.543, 97
Trd, 4319568.243, 98
Trd, 4319569.643, 98
Trd, 4319570.243, 100
Trd, 4319570.893, 97
Trd, 4319571.693, 112
Trd, 4319574.043, 99
Trd, 4319575.793, 106
Trd, 4319576.543, 95
Trd, 4319577.243, 98
Trd, 4319578.143, 103
Trd, 4319580.743, 97
Trd, 4319581.843, 103
Trd, 4319583.543, 102
Trd, 4319585.593, 100
Trd, 4319587.143, 98
Trd, 4319588.793, 101
Trd, 4319588.993, 103
Trd, 4319590.593, 98
Trd, 4319591.993, 104
Trd, 4319593.243, 102
Trd, 4319594.643, 99
Trd, 4319597.543, 102
Trd, 4319598.843, 103
Trd, 4319600.443, 101
Trd, 4319601.643, 103
Trd, 4319602.493, 102
Trd, 4319606.043, 103
Trd, 4319607.093, 94
Trd, 4319607.743, 95
Trd, 4319608.143, 96
Trd, 4319608.643, 104
Trd, 4319609.593, 95
Trd, 4319611.693, 94
Trd, 4319612.243, 98
Trd, 4319613.593, 99
Trd, 4319615.143, 96
Trd, 4319616.393, 97
Trd, 4319617.193, 95
Trd, 4319617.593, 97
Trd, 4319620.093, 98
Trd, 4319621.593, 102
Trd, 4319621.693, 100
Trd, 4319622.343, 104
Trd, 4319623.443, 99
Trd, 4319623.593, 100
Trd, 4319624.243, 94
Trd, 4319625.993, 96
Trd, 4319626.243, 95
Trd, 4319626.793, 97
Trd, 4319628.843, 104
Trd, 4319630.843, 96
Trd, 4319630.893, 77
Trd, 4319633.293, 101
Trd, 4319634.493, 93
Trd, 4319635.993, 98
Trd, 4319637.043, 94
Trd, 4319638.743, 104
Trd, 4319640.943, 95
Trd, 4319641.293, 99
Trd, 4319642.193, 94
Trd, 4319645.043, 99
Trd, 4319646.943, 94
Trd, 4319649.493, 93
Trd, 4319650.343, 96
Trd, 4319650.543, 92
Trd, 4319652.243, 95
Trd, 4319652.393, 95
Trd, 4319653.243, 95
Trd, 4319653.443, 114
Trd, 4319654.893, 99
Trd, 4319657.743, 94
Trd, 4319659.093, 95
Trd, 4319660.993, 104
Trd, 4319664.593, 96
Trd, 4319664.943, 94
Trd, 4319665.743, 85
Trd, 4319667.943, 96
Trd, 4319668.493, 96
Trd, 4319670.443, 100
Trd, 4319670.993, 99
Trd, 4319673.243, 98
Trd, 4319673.593, 94
Trd, 4319675.993, 97
Trd, 4319676.843, 113
Trd, 4319678.793, 111
Trd, 4319679.393, 107
Trd, 4319681.193, 107
Trd, 4319681.393, 99
Trd, 4319683.443, 104
Trd, 4319684.093, 103
Trd, 4319684.293, 102
Trd, 4319685.843, 94
Trd, 4319687.093, 101
Trd, 4319687.243, 89
Trd, 4319688.843, 96
Trd, 4319691.293, 99
Trd, 4319692.643, 96
Trd, 4319692.943, 94
Trd, 4319693.543, 95
Trd, 4319693.743, 95
Trd, 4319695.943, 95
Trd, 4319697.843, 95
Trd, 4319698.393, 112
Trd, 4319699.743, 98
Trd, 4319700.243, 96
Trd, 4319701.343, 111
Trd, 4319704.693, 102
Trd, 4319705.093, 99
Trd, 4319706.243, 103
Trd, 4319706.293, 94
Trd, 4319706.843, 97
Trd, 4319707.343, 98
Trd, 4319709.443, 85
Trd, 4319711.393, 100
Trd, 4319713.043, 100
Trd, 4319714.943, 100
Trd, 4319715.243, 104
Trd, 4319716.893, 99
Trd, 4319716.993, 99
Trd, 4319718.043, 98
Trd, 4319719.593, 98
Trd, 4319719.843, 98
Trd, 4319720.043, 97
Trd, 4319721.443, 95
Trd, 4319723.693, 111
Trd, 4319726.243, 97
Trd, 4319727.743, 98
Trd, 4319729.393, 98
Trd, 4319729.543, 97
Trd, 4319729.943, 96
Trd, 4319730.343, 95
Trd, 4319733.643, 99
Trd, 4319734.643, 98
Trd, 4319735.143, 111
Trd, 4319736.293, 109
Trd, 4319736.943, 97
Trd, 4319738.193, 108
Trd, 4319739.743, 104
Trd, 4319741.043, 99
Trd, 4319741.843, 98
Trd, 4319743.443, 100
Trd, 4319747.193, 98
Trd, 4319749.043, 104
Trd, 4319749.393, 113
Trd, 4319750.643, 102
Trd, 4319751.193, 103
Trd, 4319753.843, 102
Trd, 4319755.793, 103
Trd, 4319755.993, 102
Trd, 4319758.043, 103
Trd, 4319758.493, 102
Trd, 4319760.993, 103
Trd, 4319762.193, 101
Trd, 4319762.393, 110
Trd, 4319763.593, 94
Trd, 4319764.543, 100
Trd, 4319764.843, 84
Trd, 4319765.543, 103
Trd, 4319769.543, 101
Trd, 4319769.693, 98
Trd, 4319770.393, 103
Trd, 4319774.093, 103
Trd, 4319774.343, 103
Trd, 4319774.793, 100
Trd, 4319775.993, 97
Trd, 4319776.243, 98
Trd, 4319780.343, 103
Trd, 4319780.793, 95
Trd, 4319782.243, 97
Trd, 4319783.543, 103
Trd, 4319783.793, 104
Trd, 4319784.643, 97
Trd, 4319785.393, 83
Trd, 4319789.443, 92
Trd, 4319790.243, 94
Trd, 4319790.893, 96
Trd, 4319791.393, 92
Trd, 4319795.693, 94
Trd, 4319796.193, 94
Trd, 4319796.643, 94
Trd, 4319797.043, 104
Trd, 4319799.143, 99
Trd, 4319800.293, 93
Trd, 4319802.493, 97
Trd, 4319802.643, 96
Trd, 4319804.643, 94
Trd, 4319806.293, 94
Trd, 4319807.093, 94
Trd, 4319808.293, 97
Trd, 4319808.993, 104
Trd, 4319810.943, 94
Trd, 4319811.493, 97
Trd, 4319812.993, 97
Trd, 4319813.493, 97
Trd, 4319816.243, 94
Trd, 4319816.393, 93
Trd, 4319817.493, 97
Trd, 4319820.343, 93
Trd, 4319821.993, 95
Trd, 4319822.243, 95
Trd, 4319823.943, 93
Trd, 4319825.093, 94
Trd, 4319825.193, 95
Trd, 4319825.743, 102
Trd, 4319828.893, 100
Trd, 4319831.093, 98
Trd, 4319831.143, 97
Trd, 4319833.743, 100
Trd, 4319836.043, 98
Trd, 4319836.943, 96
Trd, 4319836.993, 93
Trd, 4319837.143, 85
Trd, 4319838.193, 110
Trd, 4319839.043, 112
Trd, 4319839.693, 98
Trd, 4319841.643, 93
Trd, 4319842.693, 97
Trd, 4319843.793, 95
Trd, 4319844.793, 97
Trd, 4319848.093, 95
Trd, 4319848.693, 94
Trd, 4319848.943, 99
Trd, 4319849.693, 98
Trd, 4319850.743, 96
Trd, 4319851.593, 94
Trd, 4319854.243, 94
Trd, 4319854.593, 96
Trd, 4319858.943, 96
Trd, 4319859.193, 93
Trd, 4319861.143, 96
Trd, 4319863.393, 96
Trd, 4319864.793, 95
Trd, 4319865.793, 94
Trd, 4319869.343, 95
Trd, 4319871.043, 93
Trd, 4319871.143, 96
Trd, 4319874.093, 96
Trd, 4319875.093, 96
Trd, 4319875.543, 94
Trd, 4319878.093, 96
Trd, 4319879.193, 95
Trd, 4319880.543, 93
Trd, 4319881.393, 93
Trd, 4319881.493, 96
Trd, 4319886.193, 96
Trd, 4319886.243, 104
Trd, 4319888.243, 96
Trd, 4319888.593, 96
Trd, 4319890.493, 96
Trd, 4319891.593, 97
Trd, 4319891.843, 112
Trd, 4319892.593, 94
Trd, 4319894.193, 95
Trd, 4319896.193, 85
Trd, 4319897.793, 95
Trd, 4319898.843, 94
Trd, 4319899.593, 92
Trd, 4319901.943, 99
Trd, 4319902.543, 99
Trd, 4319902.893, 99
Trd, 4319904.793, 104
Trd, 4319905.943, 103
Trd, 4319907.693, 101
Trd, 4319908.043, 101
Trd, 4319908.393, 100
Trd, 4319911.143, 104
Trd, 4319911.793, 102
Trd, 4319912.893, 99
Trd, 4319914.593, 100
Trd, 4319916.043, 101
Trd, 4319916.543, 100
Trd, 4319917.393, 102
Trd, 4319918.143, 99
Trd, 4319921.293, 96
Trd, 4319923.193, 99
Trd, 4319923.393, 101
Trd, 4319923.993, 97
Trd, 4319925.593, 113
Trd, 4319926.393, 101
Trd, 4319927.743, 103
Trd, 4319929.543, 102
Trd, 4319930.993, 103
Trd, 4319931.293, 101
Trd, 4319933.793, 103
Trd, 4319934.443, 110
Trd, 4319935.243, 104
Trd, 4319936.493, 103
Trd, 4319936.743, 104
Trd, 4319939.143, 104
Trd, 4319939.493, 103
Trd, 4319940.243, 103
Trd, 4319941.543, 122
Trd, 4319941.743, 102
Trd, 4319944.193, 99
Trd, 4319945.793, 99
Trd, 4319946.693, 100
Trd, 4319949.343, 100
Trd, 4319949.543, 96
Trd, 4319951.543, 97
Trd, 4319952.193, 98
Trd, 4319952.993, 98
Trd, 4319953.793, 97
Trd, 4319955.693, 94
Trd, 4319957.243, 95
Trd, 4319958.093, 94
Trd, 4319958.343, 96
Trd, 4319961.643, 111
Trd, 4319962.143, 109
Trd, 4319962.293, 112
Trd, 4319963.193, 108
Trd, 4319964.993, 111
Trd, 4319965.343, 103
Trd, 4319967.593, 106
Trd, 4319968.343, 96
Trd, 4319971.443, 102
Trd, 4319971.643, 101
Trd, 4319973.193, 99
Trd, 4319974.843, 99
Trd, 4319975.043, 104
Trd, 4319978.493, 102
Trd, 4319978.893, 100
Trd, 4319979.293, 99
Trd, 4319979.793, 97
Trd, 4319980.593, 99
Trd, 4319980.793, 85
Trd, 4319982.843, 99
Trd, 4319984.743, 92
Trd, 4319985.443, 96
Trd, 4319987.643, 97
Trd, 4319988.093, 114
Trd, 4319988.893, 105
Trd, 4319991.443, 104
Trd, 4319992.893, 102
Trd, 4319994.193, 103
Trd, 4319995.043, 95
Trd, 4319996.943, 104
Trd, 4319997.993, 102
Trd, 4319999.493, 94
