Trd, 4317937.043, 99
Trd, 4317938.293, 101
Trd, 4317938.693, 95
Trd, 4317939.893, 97
Trd, 4317941.743, 100
Trd, 4317942.143, 98
Trd, 4317943.243, 98
Trd, 4317945.343, 103
Trd, 4317945.443, 104
Trd, 4317945.593, 103
Trd, 4317946.343, 96
Trd, 4317947.693, 103
Trd, 4317948.493, 86
Trd, 4317950.593, 110
Trd, 4317951.093, 98
Trd, 4317952.443, 113
Trd, 4317953.243, 104
Trd, 4317953.793, 100
Trd, 4317954.243, 99
Trd, 4317956.593, 99
Trd, 4317956.643, 105
Trd, 4317957.993, 97
Trd, 4317959.193, 96
Trd, 4317959.693, 95
Trd, 4317961.143, 96
Trd, 4317961.393, 96
Trd, 4317963.243, 96
Trd, 4317963.343, 104
Trd, 4317965.543, 98
Trd, 4317966.193, 103
Trd, 4317966.593, 100
Trd, 4317968.393, 103
Trd, 4317968.693, 96
Trd, 4317969.543, 104
Trd, 4317971.293, 123
Trd, 4317971.743, 99
Trd, 4317973.443, 85
Trd, 4317975.243, 104
Trd, 4317976.093, 97
Trd, 4317976.743, 96
Trd, 4317977.193, 103
Trd, 4317979.943, 102
Trd, 4317980.793, 103
Trd, 4317980.893, 102
Trd, 4317984.543, 89
Trd, 4317984.993, 97
Trd, 4317985.193, 96
Trd, 4317986.943, 96
Trd, 4317987.193, 97
Trd, 4317987.543, 94
Trd, 4317987.843, 86
Trd, 4317988.293, 91
Trd, 4317991.243, 92
Trd, 4317992.493, 95
Trd, 4317992.693, 91
Trd, 4317993.043, 100
Trd, 4317997.693, 90
Trd, 4317998.193, 96
Trd, 4317998.393, 87
Trd, 4318001.743, 90
Trd, 4318004.043, 93
Trd, 4318006.343, 103
Trd, 4318007.093, 100
Trd, 4318007.193, 98
Trd, 4318007.943, 104
Trd, 4318010.243, 98
Trd, 4318011.843, 104
Trd, 4318012.293, 101
Trd, 4318013.293, 101
Trd, 4318014.493, 103
Trd, 4318015.143, 102
Trd, 4318015.993, 101
Trd, 4318018.743, 104
Trd, 4318018.993, 86
Trd, 4318020.893, 96
Trd, 4318021.343, 95
Trd, 4318022.993, 85
Trd, 4318023.643, 88
Trd, 4318024.743, 94
Trd, 4318026.043, 98
Trd, 4318026.343, 95
Trd, 4318026.793, 122
Trd, 4318027.743, 100
Trd, 4318028.093, 97
Trd, 4318029.743, 113
Trd, 4318032.043, 104
Trd, 4318035.243, 104
Trd, 4318036.143, 105
Trd, 4318037.143, 103
Trd, 4318037.243, 101
Trd, 4318038.293, 105
Trd, 4318039.693, 86
Trd, 4318040.493, 102
Trd, 4318042.843, 97
Trd, 4318043.993, 101
Trd, 4318044.943, 104
Trd, 4318045.443, 95
Trd, 4318047.343, 102
Trd, 4318047.793, 101
Trd, 4318050.293, 103
Trd, 4318050.643, 101
Trd, 4318051.343, 103
Trd, 4318052.643, 101
Trd, 4318052.843, 95
Trd, 4318053.293, 100
Trd, 4318054.743, 100
Trd, 4318057.443, 98
Trd, 4318057.993, 101
Trd, 4318058.093, 98
Trd, 4318059.093, 85
Trd, 4318059.193, 104
Trd, 4318060.443, 96
Trd, 4318061.093, 99
Trd, 4318062.693, 97
Trd, 4318065.043, 97
Trd, 4318066.693, 104
Trd, 4318066.843, 101
Trd, 4318067.193, 96
Trd, 4318068.793, 95
Trd, 4318069.943, 92
Trd, 4318070.343, 102
Trd, 4318072.193, 94
Trd, 4318073.043, 96
Trd, 4318074.293, 98
Trd, 4318074.793, 100
Trd, 4318078.493, 98
Trd, 4318078.593, 95
Trd, 4318078.693, 95
Trd, 4318079.093, 96
Trd, 4318079.593, 94
Trd, 4318082.893, 95
Trd, 4318083.993, 95
Trd, 4318084.643, 95
Trd, 4318085.543, 95
Trd, 4318086.793, 94
Trd, 4318087.693, 87
Trd, 4318090.493, 104
Trd, 4318091.243, 96
Trd, 4318091.493, 91
Trd, 4318092.843, 101
Trd, 4318093.393, 95
Trd, 4318093.593, 104
Trd, 4318096.143, 104
Trd, 4318097.143, 108
Trd, 4318097.943, 107
Trd, 4318098.143, 109
Trd, 4318098.843, 106
Trd, 4318102.043, 106
Trd, 4318102.993, 105
Trd, 4318103.693, 107
Trd, 4318104.443, 104
Trd, 4318105.143, 95
Trd, 4318105.543, 104
Trd, 4318107.543, 106
Trd, 4318108.493, 105
Trd, 4318108.893, 103
Trd, 4318109.743, 106
Trd, 4318110.193, 99
Trd, 4318112.543, 102
Trd, 4318112.943, 102
Trd, 4318115.543, 85
Trd, 4318115.993, 99
Trd, 4318116.893, 95
Trd, 4318117.993, 96
Trd, 4318118.143, 113
Trd, 4318121.293, 96
Trd, 4318122.943, 93
Trd, 4318123.193, 98
Trd, 4318124.293, 94
Trd, 4318124.743, 95
Trd, 4318128.443, 99
Trd, 4318128.893, 104
Trd, 4318129.543, 97
Trd, 4318131.243, 100
Trd, 4318131.843, 101
Trd, 4318133.493, 99
Trd, 4318133.993, 98
Trd, 4318135.143, 97
Trd, 4318137.343, 102
Trd, 4318137.943, 104
Trd, 4318138.093, 101
Trd, 4318140.193, 106
Trd, 4318140.543, 104
Trd, 4318141.193, 131
Trd, 4318142.393, 104
Trd, 4318143.493, 105
Trd, 4318144.993, 105
Trd, 4318145.543, 105
Trd, 4318147.493, 104
Trd, 4318148.993, 86
Trd, 4318149.443, 87
Trd, 4318150.893, 86
Trd, 4318150.943, 106
Trd, 4318152.493, 88
Trd, 4318153.643, 91
Trd, 4318155.543, 95
Trd, 4318157.243, 92
Trd, 4318157.393, 110
Trd, 4318157.843, 86
Trd, 4318161.843, 93
Trd, 4318162.493, 92
Trd, 4318162.993, 98
Trd, 4318163.993, 104
Trd, 4318165.443, 86
Trd, 4318165.943, 90
Trd, 4318168.093, 96
Trd, 4318168.293, 94
Trd, 4318170.043, 96
Trd, 4318171.093, 100
Trd, 4318172.743, 97
Trd, 4318173.893, 95
Trd, 4318174.143, 94
Trd, 4318174.743, 96
Trd, 4318174.793, 96
Trd, 4318176.543, 95
Trd, 4318176.893, 103
Trd, 4318178.993, 103
Trd, 4318179.743, 94
Trd, 4318181.643, 96
Trd, 4318183.393, 97
Trd, 4318184.543, 96
Trd, 4318184.843, 97
Trd, 4318185.093, 104
Trd, 4318186.643, 112
Trd, 4318188.943, 85
Trd, 4318189.043, 86
Trd, 4318189.193, 90
Trd, 4318191.093, 89
Trd, 4318192.393, 107
Trd, 4318194.843, 104
Trd, 4318196.343, 102
Trd, 4318198.093, 100
Trd, 4318199.043, 101
Trd, 4318199.743, 103
Trd, 4318199.843, 101
Trd, 4318201.893, 104
Trd, 4318202.393, 100
Trd, 4318203.093, 87
Trd, 4318204.943, 98
Trd, 4318205.193, 97
Trd, 4318205.343, 95
Trd, 4318206.143, 98
Trd, 4318207.793, 84
Trd, 4318207.993, 99
Trd, 4318209.793, 97
Trd, 4318211.193, 97
Trd, 4318211.393, 97
Trd, 4318211.593, 98
Trd, 4318213.993, 96
Trd, 4318214.943, 95
Trd, 4318215.593, 97
Trd, 4318217.243, 95
Trd, 4318217.943, 95
Trd, 4318219.193, 94
Trd, 4318220.243, 90
Trd, 4318222.243, 104
Trd, 4318223.593, 98
Trd, 4318223.643, 95
Trd, 4318225.093, 95
Trd, 4318225.393, 97
Trd, 4318226.993, 102
Trd, 4318227.993, 99
Trd, 4318228.993, 98
Trd, 4318230.343, 98
Trd, 4318230.643, 95
Trd, 4318231.693, 90
Trd, 4318231.793, 104
Trd, 4318233.193, 96
Trd, 4318233.943, 94
Trd, 4318234.993, 97
Trd, 4318235.093, 114
Trd, 4318237.193, 103
Trd, 4318239.843, 101
Trd, 4318240.143, 104
Trd, 4318241.143, 99
Trd, 4318242.793, 98
Trd, 4318243.643, 98
Trd, 4318245.343, 91
Trd, 4318246.893, 93
Trd, 4318248.143, 104
Trd, 4318248.443, 96
Trd, 4318249.443, 114
Trd, 4318250.093, 97
Trd, 4318250.643, 96
Trd, 4318252.243, 95
Trd, 4318252.793, 97
Trd, 4318253.593, 86
Trd, 4318253.693, 85
Trd, 4318254.393, 89
Trd, 4318256.393, 90
Trd, 4318257.593, 92
Trd, 4318258.643, 95
Trd, 4318260.043, 105
Trd, 4318261.643, 98
Trd, 4318261.693, 95
Trd, 4318262.793, 93
Trd, 4318263.793, 104
Trd, 4318265.143, 109
Trd, 4318266.693, 113
Trd, 4318267.393, 108
Trd, 4318268.493, 107
Trd, 4318270.243, 107
Trd, 4318271.243, 105
Trd, 4318272.093, 95
Trd, 4318272.393, 95
Trd, 4318274.543, 97
Trd, 4318274.693, 97
Trd, 4318276.543, 94
Trd, 4318277.243, 90
Trd, 4318277.443, 85
Trd, 4318277.593, 94
Trd, 4318278.993, 104
Trd, 4318279.443, 92
Trd, 4318281.593, 104
Trd, 4318281.943, 104
Trd, 4318284.443, 95
Trd, 4318286.243, 103
Trd, 4318286.743, 103
Trd, 4318287.243, 100
Trd, 4318288.243, 99
Trd, 4318291.243, 98
Trd, 4318291.543, 103
Trd, 4318291.943, 95
Trd, 4318292.593, 104
Trd, 4318293.343, 103
Trd, 4318293.743, 102
Trd, 4318295.543, 104
Trd, 4318296.193, 103
Trd, 4318296.443, 101
Trd, 4318297.243, 104
Trd, 4318297.393, 113
Trd, 4318300.293, 106
Trd, 4318302.293, 104
Trd, 4318302.893, 103
Trd, 4318303.393, 85
Trd, 4318303.743, 86
Trd, 4318304.843, 85
Trd, 4318304.893, 86
Trd, 4318305.843, 96
Trd, 4318307.943, 104
Trd, 4318310.193, 90
Trd, 4318311.093, 93
Trd, 4318312.443, 104
Trd, 4318312.543, 87
Trd, 4318313.443, 87
Trd, 4318314.693, 89
Trd, 4318316.143, 95
Trd, 4318316.943, 91
Trd, 4318319.293, 91
Trd, 4318319.593, 104
Trd, 4318320.893, 90
Trd, 4318324.343, 92
Trd, 4318324.493, 92
Trd, 4318325.043, 90
Trd, 4318325.243, 90
Trd, 4318326.293, 95
Trd, 4318327.993, 89
Trd, 4318329.643, 94
Trd, 4318331.993, 104
Trd, 4318332.493, 95
Trd, 4318333.743, 104
Trd, 4318334.793, 97
Trd, 4318335.143, 98
Trd, 4318336.193, 99
Trd, 4318336.393, 95
Trd, 4318338.043, 100
Trd, 4318338.393, 99
Trd, 4318340.893, 98
Trd, 4318341.843, 104
Trd, 4318342.843, 97
Trd, 4318343.243, 99
Trd, 4318343.493, 101
Trd, 4318343.893, 96
Trd, 4318345.793, 79
Trd, 4318347.043, 104
Trd, 4318347.893, 84
Trd, 4318348.393, 88
Trd, 4318349.493, 87
Trd, 4318350.793, 88
Trd, 4318350.943, 88
Trd, 4318351.893, 97
Trd, 4318353.293, 104
Trd, 4318353.993, 91
Trd, 4318354.893, 113
Trd, 4318355.943, 93
Trd, 4318359.143, 96
Trd, 4318360.043, 95
Trd, 4318360.543, 94
Trd, 4318360.893, 95
Trd, 4318361.643, 104
Trd, 4318362.443, 98
Trd, 4318363.493, 95
Trd, 4318365.843, 97
Trd, 4318367.043, 97
Trd, 4318367.593, 113
Trd, 4318367.693, 94
Trd, 4318369.093, 93
Trd, 4318369.143, 103
Trd, 4318372.843, 94
Trd, 4318373.293, 90
Trd, 4318374.343, 95
Trd, 4318375.993, 95
Trd, 4318376.143, 95
Trd, 4318378.193, 98
Trd, 4318378.793, 100
Trd, 4318379.243, 103
Trd, 4318380.243, 113
Trd, 4318380.493, 100
Trd, 4318382.693, 103
Trd, 4318383.893, 102
Trd, 4318383.993, 101
Trd, 4318384.093, 100
Trd, 4318386.093, 103
Trd, 4318389.143, 101
Trd, 4318389.843, 100
Trd, 4318391.143, 100
Trd, 4318391.443, 100
Trd, 4318392.643, 100
Trd, 4318394.143, 101
Trd, 4318394.893, 91
Trd, 4318396.143, 104
Trd, 4318396.393, 95
Trd, 4318399.493, 96
Trd, 4318399.793, 100
Trd, 4318400.043, 95
Trd, 4318401.043, 97
Trd, 4318403.043, 95
Trd, 4318403.743, 88
Trd, 4318404.043, 96
Trd, 4318405.343, 87
Trd, 4318407.943, 103
Trd, 4318408.743, 96
Trd, 4318409.693, 94
Trd, 4318411.793, 97
Trd, 4318411.843, 95
Trd, 4318412.793, 85
Trd, 4318415.093, 96
Trd, 4318416.093, 95
Trd, 4318417.143, 95
Trd, 4318417.393, 94
Trd, 4318417.543, 96
Trd, 4318420.193, 88
Trd, 4318420.243, 97
Trd, 4318422.993, 88
Trd, 4318423.843, 92
Trd, 4318424.643, 97
Trd, 4318424.993, 91
Trd, 4318425.543, 104
Trd, 4318428.043, 95
Trd, 4318428.693, 96
Trd, 4318428.843, 97
Trd, 4318430.993, 103
Trd, 4318434.443, 103
Trd, 4318434.993, 104
Trd, 4318435.293, 102
Trd, 4318435.793, 99
Trd, 4318436.793, 104
Trd, 4318436.943, 99
Trd, 4318438.343, 100
Trd, 4318440.393, 97
Trd, 4318441.793, 103
Trd, 4318444.593, 102
Trd, 4318444.843, 99
Trd, 4318445.143, 99
Trd, 4318446.493, 98
Trd, 4318448.043, 103
Trd, 4318448.743, 102
Trd, 4318449.793, 98
Trd, 4318451.043, 102
Trd, 4318453.443, 97
Trd, 4318453.643, 99
Trd, 4318454.343, 101
Trd, 4318456.393, 98
Trd, 4318457.443, 102
Trd, 4318457.693, 98
Trd, 4318459.093, 87
Trd, 4318459.593, 93
Trd, 4318462.043, 97
Trd, 4318462.893, 104
Trd, 4318463.293, 96
Trd, 4318464.093, 111
Trd, 4318465.843, 99
Trd, 4318467.043, 97
Trd, 4318467.543, 97
Trd, 4318467.993, 85
Trd, 4318468.893, 104
Trd, 4318469.893, 96
Trd, 4318470.443, 95
Trd, 4318474.793, 104
Trd, 4318475.593, 99
Trd, 4318475.743, 104
Trd, 4318476.043, 98
Trd, 4318476.493, 100
Trd, 4318478.093, 99
Trd, 4318478.393, 109
Trd, 4318481.093, 104
Trd, 4318482.093, 102
Trd, 4318483.593, 100
Trd, 4318483.643, 104
Trd, 4318484.243, 104
Trd, 4318485.893, 99
Trd, 4318487.143, 97
Trd, 4318489.343, 99
Trd, 4318490.143, 102
Trd, 4318490.193, 103
Trd, 4318490.343, 99
Trd, 4318492.843, 89
Trd, 4318493.993, 95
Trd, 4318494.793, 96
Trd, 4318494.843, 102
Trd, 4318497.743, 101
Trd, 4318497.993, 87
Trd, 4318499.743, 104
Trd, 4318500.493, 104
Trd, 4318501.693, 104
Trd, 4318502.143, 103
Trd, 4318502.193, 103
Trd, 4318505.193, 106
Trd, 4318505.243, 110
Trd, 4318505.543, 106
Trd, 4318505.643, 106
Trd, 4318506.793, 104
Trd, 4318508.543, 106
Trd, 4318510.793, 107
Trd, 4318512.043, 107
Trd, 4318512.643, 107
Trd, 4318514.193, 112
Trd, 4318514.793, 106
Trd, 4318515.543, 104
Trd, 4318516.143, 104
Trd, 4318519.243, 97
Trd, 4318519.393, 96
Trd, 4318521.593, 104
Trd, 4318521.743, 95
Trd, 4318522.743, 100
Trd, 4318523.743, 99
Trd, 4318525.593, 98
Trd, 4318526.493, 104
Trd, 4318526.593, 113
Trd, 4318528.143, 101
Trd, 4318528.793, 98
Trd, 4318529.643, 97
Trd, 4318530.493, 95
Trd, 4318531.843, 91
Trd, 4318532.343, 96
Trd, 4318532.443, 113
Trd, 4318533.543, 104
Trd, 4318537.243, 104
Trd, 4318537.293, 100
Trd, 4318537.443, 99
Trd, 4318538.393, 96
Trd, 4318538.993, 99
Trd, 4318539.893, 95
Trd, 4318541.493, 99
Trd, 4318544.993, 104
Trd, 4318545.693, 100
Trd, 4318545.843, 100
Trd, 4318547.443, 101
Trd, 4318548.243, 89
Trd, 4318549.243, 96
Trd, 4318549.493, 103
Trd, 4318549.593, 96
Trd, 4318549.943, 103
Trd, 4318553.393, 104
Trd, 4318553.893, 95
Trd, 4318555.393, 87
Trd, 4318557.193, 91
Trd, 4318559.043, 90
Trd, 4318559.993, 99
Trd, 4318561.543, 93
Trd, 4318561.593, 90
Trd, 4318562.643, 90
Trd, 4318564.193, 101
Trd, 4318566.343, 104
Trd, 4318567.793, 99
Trd, 4318567.893, 100
Trd, 4318568.443, 99
Trd, 4318569.093, 95
Trd, 4318570.843, 97
Trd, 4318571.043, 98
Trd, 4318571.843, 104
Trd, 4318572.143, 96
Trd, 4318574.593, 95
Trd, 4318575.593, 94
Trd, 4318576.543, 96
Trd, 4318576.643, 98
Trd, 4318578.743, 96
Trd, 4318579.643, 97
Trd, 4318579.743, 104
Trd, 4318582.193, 90
Trd, 4318582.893, 101
Trd, 4318583.943, 93
Trd, 4318585.243, 93
Trd, 4318585.393, 92
Trd, 4318587.543, 94
Trd, 4318588.093, 91
Trd, 4318588.943, 91
Trd, 4318589.843, 103
Trd, 4318590.743, 97
Trd, 4318591.293, 101
Trd, 4318591.393, 104
Trd, 4318591.443, 86
Trd, 4318593.093, 98
Trd, 4318593.293, 93
Trd, 4318596.243, 95
Trd, 4318597.243, 95
Trd, 4318597.643, 95
Trd, 4318599.393, 102
Trd, 4318599.993, 98
Trd, 4318600.093, 85
Trd, 4318601.743, 105
Trd, 4318602.043, 104
Trd, 4318603.843, 102
Trd, 4318604.393, 100
Trd, 4318605.893, 100
Trd, 4318607.043, 100
Trd, 4318607.193, 89
Trd, 4318608.843, 103
Trd, 4318611.243, 96
Trd, 4318611.593, 95
Trd, 4318612.643, 97
Trd, 4318613.293, 95
Trd, 4318613.343, 97
Trd, 4318616.243, 98
Trd, 4318617.243, 98
Trd, 4318617.393, 97
Trd, 4318618.443, 96
Trd, 4318618.843, 103
Trd, 4318619.743, 104
Trd, 4318622.043, 101
Trd, 4318622.093, 100
Trd, 4318624.243, 102
Trd, 4318625.393, 100
Trd, 4318626.693, 102
Trd, 4318627.343, 99
Trd, 4318629.843, 102
Trd, 4318630.093, 100
Trd, 4318631.093, 104
Trd, 4318632.193, 103
Trd, 4318633.743, 99
Trd, 4318634.293, 95
Trd, 4318635.443, 103
Trd, 4318636.743, 99
Trd, 4318637.193, 102
Trd, 4318638.843, 99
Trd, 4318639.643, 98
Trd, 4318640.093, 102
Trd, 4318642.643, 99
Trd, 4318643.343, 99
Trd, 4318646.593, 98
Trd, 4318646.943, 85
Trd, 4318647.343, 100
Trd, 4318648.893, 87
Trd, 4318650.893, 94
Trd, 4318651.893, 97
Trd, 4318652.443, 97
Trd, 4318653.743, 95
Trd, 4318655.343, 96
Trd, 4318656.843, 95
Trd, 4318658.243, 94
Trd, 4318658.443, 96
Trd, 4318659.093, 93
Trd, 4318660.743, 97
Trd, 4318661.793, 95
Trd, 4318663.893, 95
Trd, 4318663.943, 113
Trd, 4318666.443, 97
Trd, 4318668.143, 95
Trd, 4318668.193, 97
Trd, 4318669.043, 95
Trd, 4318669.843, 97
Trd, 4318670.743, 96
Trd, 4318672.393, 95
Trd, 4318673.843, 96
Trd, 4318674.143, 113
Trd, 4318674.443, 97
Trd, 4318676.093, 95
Trd, 4318676.793, 95
Trd, 4318676.843, 97
Trd, 4318677.243, 95
Trd, 4318680.093, 97
Trd, 4318680.843, 104
Trd, 4318681.943, 98
Trd, 4318683.493, 98
Trd, 4318684.293, 97
Trd, 4318684.843, 95
Trd, 4318685.943, 100
Trd, 4318686.643, 94
Trd, 4318689.443, 98
Trd, 4318690.443, 100
Trd, 4318691.243, 104
Trd, 4318691.943, 99
Trd, 4318692.393, 110
Trd, 4318693.443, 99
Trd, 4318694.593, 99
Trd, 4318696.843, 99
Trd, 4318699.443, 103
Trd, 4318699.793, 98
Trd, 4318699.943, 95
Trd, 4318699.993, 85
Trd, 4318700.493, 104
Trd, 4318702.543, 91
Trd, 4318703.443, 105
Trd, 4318703.843, 103
Trd, 4318705.843, 91
Trd, 4318706.093, 94
Trd, 4318706.643, 105
Trd, 4318707.643, 103
Trd, 4318710.143, 97
Trd, 4318711.243, 97
Trd, 4318713.393, 102
Trd, 4318713.793, 111
Trd, 4318715.893, 101
Trd, 4318716.943, 101
Trd, 4318717.243, 102
Trd, 4318718.043, 95
Trd, 4318720.343, 103
Trd, 4318721.943, 104
Trd, 4318724.093, 101
Trd, 4318724.293, 102
Trd, 4318725.243, 102
Trd, 4318726.193, 95
Trd, 4318726.943, 103
Trd, 4318727.393, 99
Trd, 4318729.043, 103
Trd, 4318729.193, 104
Trd, 4318731.843, 98
Trd, 4318732.743, 104
Trd, 4318733.043, 94
Trd, 4318736.043, 102
Trd, 4318736.593, 104
Trd, 4318737.643, 106
Trd, 4318738.993, 104
Trd, 4318739.593, 103
Trd, 4318740.893, 103
Trd, 4318742.843, 96
Trd, 4318743.143, 97
Trd, 4318743.443, 92
Trd, 4318743.793, 89
Trd, 4318745.743, 97
Trd, 4318747.493, 97
Trd, 4318748.193, 103
Trd, 4318748.393, 96
Trd, 4318749.093, 96
Trd, 4318753.843, 96
Trd, 4318755.393, 96
Trd, 4318756.943, 96
Trd, 4318757.143, 95
Trd, 4318757.443, 96
Trd, 4318759.143, 101
Trd, 4318760.943, 96
Trd, 4318761.093, 96
Trd, 4318761.343, 85
Trd, 4318764.043, 93
Trd, 4318764.693, 98
Trd, 4318766.293, 96
Trd, 4318768.443, 103
Trd, 4318769.293, 98
Trd, 4318771.143, 100
Trd, 4318772.993, 100
Trd, 4318773.543, 99
Trd, 4318774.043, 101
Trd, 4318776.343, 99
Trd, 4318776.693, 104
Trd, 4318777.993, 91
Trd, 4318779.693, 103
Trd, 4318781.093, 99
Trd, 4318782.093, 100
Trd, 4318782.293, 99
Trd, 4318785.143, 100
Trd, 4318785.443, 104
Trd, 4318787.093, 100
Trd, 4318787.743, 99
Trd, 4318788.443, 103
Trd, 4318789.793, 97
Trd, 4318790.493, 97
Trd, 4318791.843, 97
Trd, 4318792.393, 97
Trd, 4318792.793, 98
Trd, 4318793.493, 113
Trd, 4318795.443, 104
Trd, 4318796.893, 103
Trd, 4318797.293, 105
Trd, 4318797.643, 98
Trd, 4318797.893, 95
Trd, 4318799.343, 98
Trd, 4318800.343, 99
Trd, 4318802.293, 100
Trd, 4318802.393, 93
Trd, 4318803.543, 100
Trd, 4318803.743, 104
Trd, 4318804.093, 96
Trd, 4318806.443, 96
Trd, 4318806.543, 95
Trd, 4318808.543, 85
Trd, 4318809.843, 78
Trd, 4318811.193, 89
Trd, 4318811.543, 86
Trd, 4318813.193, 87
Trd, 4318813.943, 113
Trd, 4318814.643, 93
Trd, 4318814.893, 105
Trd, 4318816.943, 95
Trd, 4318817.843, 95
Trd, 4318819.393, 96
Trd, 4318820.893, 96
Trd, 4318821.693, 95
Trd, 4318821.793, 95
Trd, 4318822.493, 104
Trd, 4318823.243, 94
Trd, 4318823.293, 100
Trd, 4318826.743, 105
Trd, 4318827.493, 103
Trd, 4318828.343, 102
Trd, 4318829.293, 103
Trd, 4318829.943, 95
Trd, 4318831.093, 95
Trd, 4318831.843, 92
Trd, 4318832.093, 95
Trd, 4318834.693, 102
Trd, 4318835.643, 95
Trd, 4318835.843, 96
Trd, 4318836.893, 104
Trd, 4318838.043, 99
Trd, 4318841.043, 98
Trd, 4318841.443, 100
Trd, 4318843.143, 101
Trd, 4318843.293, 86
Trd, 4318843.893, 87
Trd, 4318844.193, 104
Trd, 4318845.343, 79
Trd, 4318847.493, 93
Trd, 4318848.543, 102
Trd, 4318848.693, 93
Trd, 4318850.143, 93
Trd, 4318851.043, 94
Trd, 4318851.993, 104
Trd, 4318852.043, 91
Trd, 4318853.543, 96
Trd, 4318853.693, 86
Trd, 4318854.993, 87
Trd, 4318855.643, 104
Trd, 4318858.843, 101
Trd, 4318859.443, 102
Trd, 4318861.343, 101
Trd, 4318861.793, 102
Trd, 4318862.343, 100
Trd, 4318862.393, 104
Trd, 4318864.543, 105
Trd, 4318864.793, 104
Trd, 4318866.393, 104
Trd, 4318867.543, 103
Trd, 4318869.743, 104
Trd, 4318869.793, 98
Trd, 4318870.093, 104
Trd, 4318870.493, 113
Trd, 4318871.843, 109
Trd, 4318872.393, 101
Trd, 4318873.993, 103
Trd, 4318874.393, 95
Trd, 4318874.443, 113
Trd, 4318875.843, 104
Trd, 4318875.893, 95
Trd, 4318877.493, 102
Trd, 4318878.193, 102
Trd, 4318878.843, 100
Trd, 4318879.993, 85
Trd, 4318880.643, 96
Trd, 4318883.243, 95
Trd, 4318883.793, 97
Trd, 4318885.393, 95
Trd, 4318885.893, 100
Trd, 4318886.843, 98
Trd, 4318886.893, 96
Trd, 4318887.893, 97
Trd, 4318889.343, 98
Trd, 4318890.143, 103
Trd, 4318892.893, 101
Trd, 4318894.193, 100
Trd, 4318894.543, 98
Trd, 4318897.493, 98
Trd, 4318897.943, 97
Trd, 4318898.443, 98
Trd, 4318900.043, 95
Trd, 4318900.393, 86
Trd, 4318900.693, 94
Trd, 4318901.393, 88
Trd, 4318901.543, 87
Trd, 4318902.993, 91
Trd, 4318905.193, 111
Trd, 4318907.393, 89
Trd, 4318908.493, 91
Trd, 4318909.343, 89
Trd, 4318909.993, 89
Trd, 4318910.743, 90
Trd, 4318912.293, 96
Trd, 4318914.693, 99
Trd, 4318914.743, 93
Trd, 4318916.393, 93
Trd, 4318918.793, 96
Trd, 4318919.093, 95
Trd, 4318920.543, 97
Trd, 4318923.543, 94
Trd, 4318924.393, 95
Trd, 4318925.593, 94
Trd, 4318926.093, 88
Trd, 4318927.543, 94
Trd, 4318928.243, 89
Trd, 4318928.743, 93
Trd, 4318930.393, 93
Trd, 4318931.193, 103
Trd, 4318932.943, 96
Trd, 4318933.043, 103
Trd, 4318935.693, 98
Trd, 4318937.243, 104
Trd, 4318938.643, 95
Trd, 4318939.443, 85
Trd, 4318939.843, 85
Trd, 4318940.543, 86
Trd, 4318941.993, 90
Trd, 4318942.543, 87
Trd, 4318944.993, 94
Trd, 4318946.393, 97
Trd, 4318948.193, 100
Trd, 4318948.393, 95
Trd, 4318949.493, 97
Trd, 4318949.893, 95
Trd, 4318951.943, 96
Trd, 4318952.443, 96
Trd, 4318952.593, 85
Trd, 4318952.893, 97
Trd, 4318954.443, 103
Trd, 4318955.593, 93
Trd, 4318956.943, 96
Trd, 4318956.993, 104
Trd, 4318959.093, 98
Trd, 4318959.443, 100
Trd, 4318960.393, 97
Trd, 4318961.943, 104
Trd, 4318963.943, 102
Trd, 4318964.343, 95
Trd, 4318964.843, 95
Trd, 4318965.493, 99
Trd, 4318966.493, 98
Trd, 4318968.443, 104
Trd, 4318970.743, 113
Trd, 4318971.043, 104
Trd, 4318971.393, 108
Trd, 4318972.593, 108
Trd, 4318972.893, 95
Trd, 4318974.043, 103
Trd, 4318974.993, 104
Trd, 4318975.543, 105
Trd, 4318976.043, 103
Trd, 4318977.693, 104
Trd, 4318977.993, 104
Trd, 4318979.893, 105
Trd, 4318980.693, 103
Trd, 4318981.143, 105
Trd, 4318981.943, 103
Trd, 4318984.193, 105
Trd, 4318985.043, 103
Trd, 4318985.193, 102
Trd, 4318985.493, 103
Trd, 4318987.543, 99
Trd, 4318988.293, 95
Trd, 4318989.143, 99
Trd, 4318991.543, 97
Trd, 4318992.593, 104
Trd, 4318992.843, 101
Trd, 4318992.893, 98
Trd, 4318993.593, 99
Trd, 4318995.093, 97
Trd, 4318995.993, 100
Trd, 4318997.643, 95
Trd, 4318997.793, 86
Trd, 4318999.643, 95
Trd, 4319001.693, 93
Trd, 4319001.743, 93
Trd, 4319002.693, 102
Trd, 4319004.043, 96
Trd, 4319004.143, 95
Trd, 4319004.743, 95
Trd, 4319004.893, 97
Trd, 4319007.893, 96
Trd, 4319008.193, 95
Trd, 4319008.393, 93
Trd, 4319009.393, 104
Trd, 4319012.543, 99
Trd, 4319013.943, 94
Trd, 4319014.143, 93
Trd, 4319014.543, 95
Trd, 4319016.043, 95
Trd, 4319017.643, 102
Trd, 4319019.143, 104
Trd, 4319019.293, 96
Trd, 4319019.343, 95
Trd, 4319024.093, 95
Trd, 4319024.343, 95
Trd, 4319024.593, 96
Trd, 4319025.593, 96
Trd, 4319026.343, 95
Trd, 4319027.243, 96
Trd, 4319028.443, 93
Trd, 4319028.943, 93
Trd, 4319032.693, 92
Trd, 4319033.343, 95
Trd, 4319034.393, 104
Trd, 4319035.843, 96
Trd, 4319036.493, 95
Trd, 4319037.893, 95
Trd, 4319038.793, 97
Trd, 4319038.843, 111
Trd, 4319040.493, 95
Trd, 4319041.243, 95
Trd, 4319042.843, 101
Trd, 4319043.443, 104
Trd, 4319045.043, 101
Trd, 4319045.193, 101
Trd, 4319045.293, 99
Trd, 4319045.893, 113
Trd, 4319048.443, 85
Trd, 4319050.243, 101
Trd, 4319050.643, 104
Trd, 4319050.993, 100
Trd, 4319053.093, 100
Trd, 4319053.393, 99
Trd, 4319054.893, 99
Trd, 4319054.943, 104
Trd, 4319055.093, 113
Trd, 4319058.643, 99
Trd, 4319059.443, 104
Trd, 4319060.843, 98
Trd, 4319061.693, 101
Trd, 4319062.293, 99
Trd, 4319062.593, 97
Trd, 4319064.243, 84
Trd, 4319064.943, 86
Trd, 4319065.843, 87
Trd, 4319066.743, 87
Trd, 4319067.893, 90
Trd, 4319069.093, 90
Trd, 4319070.193, 91
Trd, 4319071.293, 103
Trd, 4319073.493, 96
Trd, 4319074.193, 97
Trd, 4319075.843, 95
Trd, 4319076.193, 101
Trd, 4319077.393, 98
Trd, 4319080.343, 97
Trd, 4319081.493, 96
Trd, 4319082.143, 96
Trd, 4319082.443, 87
Trd, 4319082.693, 96
Trd, 4319084.243, 104
Trd, 4319084.593, 102
Trd, 4319085.393, 100
Trd, 4319085.693, 87
Trd, 4319085.993, 113
Trd, 4319091.043, 88
Trd, 4319091.493, 94
Trd, 4319091.543, 89
Trd, 4319092.993, 94
Trd, 4319093.593, 104
Trd, 4319095.143, 97
Trd, 4319098.093, 89
Trd, 4319099.893, 92
Trd, 4319100.243, 91
Trd, 4319101.893, 95
Trd, 4319102.993, 104
Trd, 4319105.043, 95
Trd, 4319105.493, 94
Trd, 4319106.843, 89
Trd, 4319106.993, 85
Trd, 4319108.393, 91
Trd, 4319108.643, 93
Trd, 4319110.643, 88
Trd, 4319111.443, 93
Trd, 4319115.093, 92
Trd, 4319115.543, 98
Trd, 4319116.693, 94
Trd, 4319116.893, 92
Trd, 4319117.243, 92
Trd, 4319119.593, 97
Trd, 4319120.043, 104
Trd, 4319120.593, 98
Trd, 4319122.243, 95
Trd, 4319122.843, 98
Trd, 4319124.093, 98
Trd, 4319124.143, 99
Trd, 4319125.493, 98
Trd, 4319128.593, 103
Trd, 4319129.343, 110
Trd, 4319129.593, 101
Trd, 4319130.143, 104
Trd, 4319130.543, 113
Trd, 4319132.443, 103
Trd, 4319134.193, 102
Trd, 4319134.493, 96
Trd, 4319136.393, 102
Trd, 4319136.643, 100
Trd, 4319137.843, 99
Trd, 4319139.593, 97
Trd, 4319140.343, 96
Trd, 4319141.243, 97
Trd, 4319142.443, 102
Trd, 4319142.743, 97
Trd, 4319142.793, 104
Trd, 4319143.493, 87
Trd, 4319146.743, 93
Trd, 4319147.293, 93
Trd, 4319148.293, 103
Trd, 4319148.593, 100
Trd, 4319148.893, 99
Trd, 4319149.243, 95
Trd, 4319150.743, 101
Trd, 4319151.693, 95
Trd, 4319153.893, 95
Trd, 4319154.593, 104
Trd, 4319157.843, 95
Trd, 4319158.393, 96
Trd, 4319159.393, 95
Trd, 4319162.293, 94
Trd, 4319162.543, 96
Trd, 4319163.643, 101
Trd, 4319165.243, 99
Trd, 4319165.393, 97
Trd, 4319165.943, 99
Trd, 4319166.093, 104
Trd, 4319167.093, 96
Trd, 4319170.543, 97
Trd, 4319171.693, 97
Trd, 4319172.743, 104
Trd, 4319173.293, 112
Trd, 4319173.543, 104
Trd, 4319176.243, 103
Trd, 4319176.943, 107
Trd, 4319177.443, 102
Trd, 4319179.243, 104
Trd, 4319180.293, 102
Trd, 4319183.093, 101
Trd, 4319183.543, 101
Trd, 4319184.143, 97
Trd, 4319184.193, 102
Trd, 4319184.643, 103
Trd, 4319186.293, 100
Trd, 4319186.893, 99
Trd, 4319188.843, 100
Trd, 4319190.043, 88
Trd, 4319190.143, 87
Trd, 4319190.493, 85
Trd, 4319191.293, 113
Trd, 4319192.193, 103
Trd, 4319194.443, 104
Trd, 4319194.943, 98
Trd, 4319196.243, 100
Trd, 4319196.943, 102
Trd, 4319199.093, 101
Trd, 4319199.193, 104
Trd, 4319199.343, 100
Trd, 4319201.393, 102
Trd, 4319202.643, 100
Trd, 4319203.793, 103
Trd, 4319204.643, 86
Trd, 4319206.893, 93
Trd, 4319207.043, 92
Trd, 4319209.143, 94
Trd, 4319209.693, 89
Trd, 4319210.093, 103
Trd, 4319212.643, 96
Trd, 4319212.693, 94
Trd, 4319213.343, 94
Trd, 4319213.393, 104
Trd, 4319216.693, 97
Trd, 4319217.043, 96
Trd, 4319217.343, 98
Trd, 4319219.693, 99
Trd, 4319220.193, 103
Trd, 4319220.393, 99
Trd, 4319221.943, 96
Trd, 4319221.993, 95
Trd, 4319224.043, 93
Trd, 4319224.343, 94
Trd, 4319225.893, 113
Trd, 4319227.343, 98
Trd, 4319227.693, 97
Trd, 4319230.043, 104
Trd, 4319230.693, 107
Trd, 4319231.793, 102
Trd, 4319234.043, 91
Trd, 4319235.143, 91
Trd, 4319235.693, 102
Trd, 4319236.393, 94
Trd, 4319238.043, 90
Trd, 4319238.393, 104
Trd, 4319239.693, 91
Trd, 4319241.043, 95
Trd, 4319242.493, 93
Trd, 4319243.193, 92
Trd, 4319244.193, 85
Trd, 4319244.843, 104
Trd, 4319246.093, 104
Trd, 4319246.593, 96
Trd, 4319248.743, 92
Trd, 4319249.593, 97
Trd, 4319250.443, 100
Trd, 4319251.193, 103
Trd, 4319252.843, 96
Trd, 4319253.493, 98
Trd, 4319254.293, 100
Trd, 4319255.243, 97
Trd, 4319257.243, 95
Trd, 4319258.393, 103
Trd, 4319260.493, 99
Trd, 4319260.993, 102
Trd, 4319262.393, 102
Trd, 4319262.443, 104
Trd, 4319262.843, 103
Trd, 4319263.343, 103
Trd, 4319265.043, 104
Trd, 4319266.593, 102
Trd, 4319267.993, 97
Trd, 4319269.093, 103
Trd, 4319270.793, 96
Trd, 4319271.793, 98
Trd, 4319273.093, 92
Trd, 4319273.243, 77
Trd, 4319273.743, 95
Trd, 4319276.193, 95
Trd, 4319277.043, 95
Trd, 4319278.493, 95
Trd, 4319280.493, 97
Trd, 4319280.643, 103
Trd, 4319281.093, 102
Trd, 4319282.193, 99
Trd, 4319284.243, 100
Trd, 4319284.593, 99
Trd, 4319287.043, 104
Trd, 4319287.443, 105
Trd, 4319287.843, 98
Trd, 4319288.993, 97
Trd, 4319290.643, 101
Trd, 4319290.743, 100
Trd, 4319292.293, 96
Trd, 4319293.593, 95
Trd, 4319293.793, 101
Trd, 4319295.043, 97
Trd, 4319298.243, 96
Trd, 4319299.043, 95
Trd, 4319300.093, 96
Trd, 4319300.143, 95
Trd, 4319301.643, 103
Trd, 4319302.643, 104
Trd, 4319302.743, 94
Trd, 4319304.593, 93
Trd, 4319304.693, 93
Trd, 4319305.893, 96
Trd, 4319307.793, 95
Trd, 4319308.443, 95
Trd, 4319309.143, 87
Trd, 4319311.093, 103
Trd, 4319312.643, 104
Trd, 4319312.743, 97
Trd, 4319313.243, 95
Trd, 4319314.693, 95
Trd, 4319315.193, 95
Trd, 4319315.393, 96
Trd, 4319316.643, 94
Trd, 4319318.143, 104
Trd, 4319319.643, 94
Trd, 4319321.093, 96
Trd, 4319322.693, 96
Trd, 4319323.393, 94
Trd, 4319324.643, 95
Trd, 4319324.943, 94
Trd, 4319325.793, 96
Trd, 4319327.393, 95
Trd, 4319328.543, 95
Trd, 4319328.943, 94
Trd, 4319329.843, 95
Trd, 4319331.393, 95
Trd, 4319331.843, 95
Trd, 4319332.793, 97
Trd, 4319333.693, 95
Trd, 4319333.993, 103
Trd, 4319335.743, 104
Trd, 4319336.493, 97
Trd, 4319337.493, 104
Trd, 4319337.793, 95
Trd, 4319339.943, 111
Trd, 4319340.293, 112
Trd, 4319340.943, 111
Trd, 4319342.193, 110
Trd, 4319342.593, 113
Trd, 4319342.943, 102
Trd, 4319344.343, 87
Trd, 4319344.493, 90
Trd, 4319347.093, 98
Trd, 4319347.743, 98
Trd, 4319348.343, 97
Trd, 4319349.343, 97
Trd, 4319351.643, 103
Trd, 4319352.393, 98
Trd, 4319354.093, 98
Trd, 4319355.343, 98
Trd, 4319356.143, 97
Trd, 4319356.293, 98
Trd, 4319358.993, 99
Trd, 4319360.543, 96
Trd, 4319360.693, 96
Trd, 4319363.143, 96
Trd, 4319363.543, 96
Trd, 4319364.143, 95
Trd, 4319365.243, 95
Trd, 4319366.293, 95
Trd, 4319367.993, 102
Trd, 4319369.043, 96
Trd, 4319369.743, 97
Trd, 4319369.793, 98
Trd, 4319370.943, 100
Trd, 4319372.443, 101
Trd, 4319374.293, 100
Trd, 4319374.343, 100
Trd, 4319375.893, 101
Trd, 4319376.293, 86
Trd, 4319377.943, 101
Trd, 4319378.943, 97
Trd, 4319380.293, 95
Trd, 4319382.293, 94
Trd, 4319382.693, 91
Trd, 4319383.043, 104
Trd, 4319385.543, 96
Trd, 4319386.143, 91
Trd, 4319386.643, 104
Trd, 4319387.293, 102
Trd, 4319387.993, 96
Trd, 4319389.043, 96
Trd, 4319390.043, 85
Trd, 4319390.893, 103
Trd, 4319392.243, 94
Trd, 4319392.443, 103
Trd, 4319394.493, 97
Trd, 4319395.843, 96
Trd, 4319396.193, 94
Trd, 4319397.743, 95
Trd, 4319399.693, 93
Trd, 4319400.393, 95
Trd, 4319401.643, 98
Trd, 4319403.893, 95
Trd, 4319404.893, 96
Trd, 4319405.743, 95
Trd, 4319407.343, 97
Trd, 4319409.643, 103
Trd, 4319409.693, 94
Trd, 4319412.243, 94
Trd, 4319412.843, 96
Trd, 4319413.093, 97
Trd, 4319415.243, 85
Trd, 4319416.343, 89
Trd, 4319416.643, 100
Trd, 4319417.343, 104
Trd, 4319417.593, 95
Trd, 4319418.943, 95
Trd, 4319420.443, 99
Trd, 4319420.793, 113
Trd, 4319421.243, 99
Trd, 4319423.143, 104
Trd, 4319425.293, 104
Trd, 4319427.043, 104
Trd, 4319427.693, 105
Trd, 4319428.293, 105
Trd, 4319428.893, 104
Trd, 4319430.143, 102
Trd, 4319430.243, 95
Trd, 4319430.343, 84
Trd, 4319432.543, 79
Trd, 4319432.593, 96
Trd, 4319433.493, 90
Trd, 4319434.493, 95
Trd, 4319435.343, 105
Trd, 4319436.293, 105
Trd, 4319436.493, 104
Trd, 4319437.143, 103
Trd, 4319440.343, 104
Trd, 4319440.693, 107
Trd, 4319443.343, 105
Trd, 4319443.743, 106
Trd, 4319443.793, 103
Trd, 4319444.693, 113
Trd, 4319445.693, 97
Trd, 4319447.993, 79
Trd, 4319448.993, 77
Trd, 4319450.043, 77
Trd, 4319451.143, 77
Trd, 4319453.043, 87
Trd, 4319453.293, 86
Trd, 4319454.293, 86
Trd, 4319454.393, 97
Trd, 4319455.693, 89
Trd, 4319456.343, 88
Trd, 4319456.593, 113
Trd, 4319458.393, 85
Trd, 4319459.943, 79
Trd, 4319460.493, 83
Trd, 4319461.393, 100
Trd, 4319462.543, 86
Trd, 4319463.343, 88
Trd, 4319465.093, 104
Trd, 4319465.343, 99
Trd, 4319465.643, 105
Trd, 4319468.543, 104
Trd, 4319468.743, 104
Trd, 4319469.043, 104
Trd, 4319470.093, 103
Trd, 4319470.643, 102
Trd, 4319471.793, 101
Trd, 4319473.093, 112
Trd, 4319473.743, 101
Trd, 4319476.993, 99
Trd, 4319477.393, 95
Trd, 4319478.893, 103
Trd, 4319479.943, 103
Trd, 4319481.393, 101
Trd, 4319481.543, 101
Trd, 4319482.093, 103
Trd, 4319484.093, 99
Trd, 4319485.643, 104
Trd, 4319487.743, 100
Trd, 4319487.843, 101
Trd, 4319489.643, 98
Trd, 4319490.793, 94
Trd, 4319491.443, 96
Trd, 4319491.943, 88
Trd, 4319493.243, 90
Trd, 4319493.343, 103
Trd, 4319494.843, 95
Trd, 4319494.993, 95
Trd, 4319495.543, 104
Trd, 4319495.793, 113
Trd, 4319498.693, 94
Trd, 4319500.143, 89
Trd, 4319500.393, 88
Trd, 4319501.343, 96
Trd, 4319501.943, 85
Trd, 4319504.543, 88
Trd, 4319505.843, 102
Trd, 4319507.243, 96
Trd, 4319507.343, 102
Trd, 4319508.243, 104
Trd, 4319509.193, 104
Trd, 4319509.743, 113
Trd, 4319510.193, 101
Trd, 4319510.593, 95
Trd, 4319513.743, 103
Trd, 4319513.943, 87
Trd, 4319515.643, 107
Trd, 4319516.043, 96
Trd, 4319516.843, 107
Trd, 4319517.243, 95
Trd, 4319518.243, 92
Trd, 4319519.943, 95
Trd, 4319520.743, 94
Trd, 4319521.993, 93
Trd, 4319523.893, 93
Trd, 4319525.043, 99
Trd, 4319525.493, 93
Trd, 4319525.793, 93
Trd, 4319526.393, 99
Trd, 4319527.543, 103
Trd, 4319531.043, 95
Trd, 4319532.393, 93
Trd, 4319532.543, 93
Trd, 4319533.993, 94
Trd, 4319535.043, 95
Trd, 4319535.643, 93
Trd, 4319536.493, 92
Trd, 4319537.243, 91
Trd, 4319539.493, 94
Trd, 4319541.893, 96
Trd, 4319542.143, 95
Trd, 4319543.593, 95
Trd, 4319544.193, 96
Trd, 4319544.593, 87
Trd, 4319544.693, 104
Trd, 4319546.993, 104
Trd, 4319549.693, 104
Trd, 4319550.293, 104
Trd, 4319551.243, 104
Trd, 4319551.943, 103
Trd, 4319552.393, 108
Trd, 4319552.593, 85
Trd, 4319553.743, 113
Trd, 4319553.843, 103
Trd, 4319554.743, 101
Trd, 4319556.143, 95
Trd, 4319557.393, 104
Trd, 4319560.343, 100
Trd, 4319561.293, 99
Trd, 4319562.093, 98
Trd, 4319562.243, 101
Trd, 4319563.043, 104
Trd, 4319563.743, 86
Trd, 4319566.143, 98
Trd, 4319567.243, 95
Trd, 4319567.993, 95
Trd, 4319569.793, 95
Trd, 4319570.143, 94
Trd, 4319570.193, 95
Trd, 4319572.143, 96
Trd, 4319572.743, 95
Trd, 4319573.443, 94
Trd, 4319575.143, 96
Trd, 4319575.843, 95
Trd, 4319577.693, 97
Trd, 4319580.593, 97
Trd, 4319581.093, 95
Trd, 4319581.993, 97
Trd, 4319582.643, 99
Trd, 4319582.743, 95
Trd, 4319584.343, 103
Trd, 4319584.943, 100
Trd, 4319585.843, 97
Trd, 4319587.093, 97
Trd, 4319588.743, 96
Trd, 4319589.243, 96
Trd, 4319589.593, 95
Trd, 4319590.593, 104
Trd, 4319592.193, 113
Trd, 4319593.393, 98
Trd, 4319594.143, 99
Trd, 4319594.743, 95
Trd, 4319596.743, 104
Trd, 4319598.293, 99
Trd, 4319600.393, 97
Trd, 4319601.193, 97
Trd, 4319601.443, 98
Trd, 4319601.893, 95
Trd, 4319603.143, 97
Trd, 4319605.143, 98
Trd, 4319605.243, 98
Trd, 4319606.793, 97
Trd, 4319607.643, 98
Trd, 4319608.493, 96
Trd, 4319609.193, 104
Trd, 4319609.293, 96
Trd, 4319609.493, 95
Trd, 4319611.143, 113
Trd, 4319612.343, 104
Trd, 4319613.843, 105
Trd, 4319614.493, 103
Trd, 4319615.343, 103
Trd, 4319615.743, 110
Trd, 4319616.293, 109
Trd, 4319616.493, 122
Trd, 4319617.293, 108
Trd, 4319619.593, 77
Trd, 4319620.493, 93
Trd, 4319622.843, 89
Trd, 4319623.143, 86
Trd, 4319623.993, 88
Trd, 4319625.143, 104
Trd, 4319625.893, 99
Trd, 4319626.143, 89
Trd, 4319628.293, 99
Trd, 4319628.943, 96
Trd, 4319630.043, 85
Trd, 4319632.043, 93
Trd, 4319632.693, 95
Trd, 4319633.693, 95
Trd, 4319633.943, 94
Trd, 4319634.193, 113
Trd, 4319636.443, 104
Trd, 4319636.643, 105
Trd, 4319637.043, 104
Trd, 4319637.743, 95
Trd, 4319639.193, 102
Trd, 4319640.043, 93
Trd, 4319641.593, 98
Trd, 4319642.243, 99
Trd, 4319643.343, 103
Trd, 4319643.593, 99
Trd, 4319645.193, 103
Trd, 4319645.643, 98
Trd, 4319646.643, 104
Trd, 4319648.293, 85
Trd, 4319648.543, 107
Trd, 4319649.293, 98
Trd, 4319651.043, 104
Trd, 4319652.093, 104
Trd, 4319653.393, 100
Trd, 4319653.893, 98
Trd, 4319654.693, 100
Trd, 4319654.993, 103
Trd, 4319657.993, 102
Trd, 4319659.893, 99
Trd, 4319660.143, 98
Trd, 4319661.493, 97
Trd, 4319662.793, 96
Trd, 4319664.293, 99
Trd, 4319664.743, 100
Trd, 4319666.843, 98
Trd, 4319668.043, 98
Trd, 4319668.443, 96
Trd, 4319669.393, 99
Trd, 4319670.543, 95
Trd, 4319671.593, 97
Trd, 4319672.543, 94
Trd, 4319672.693, 97
Trd, 4319674.843, 98
Trd, 4319674.893, 95
Trd, 4319676.693, 94
Trd, 4319677.943, 97
Trd, 4319678.543, 98
Trd, 4319679.043, 98
Trd, 4319681.193, 96
Trd, 4319681.743, 96
Trd, 4319681.993, 95
Trd, 4319684.043, 104
Trd, 4319685.893, 101
Trd, 4319687.793, 104
Trd, 4319688.593, 104
Trd, 4319688.743, 102
Trd, 4319690.043, 101
Trd, 4319691.643, 104
Trd, 4319692.143, 86
Trd, 4319692.543, 108
Trd, 4319693.843, 96
Trd, 4319695.843, 99
Trd, 4319698.793, 102
Trd, 4319699.343, 99
Trd, 4319699.943, 103
Trd, 4319701.493, 102
Trd, 4319701.743, 104
Trd, 4319702.093, 100
Trd, 4319704.443, 98
Trd, 4319705.693, 99
Trd, 4319707.493, 97
Trd, 4319708.693, 95
Trd, 4319709.893, 86
Trd, 4319710.543, 92
Trd, 4319711.343, 99
Trd, 4319711.443, 87
Trd, 4319713.393, 102
Trd, 4319717.043, 96
Trd, 4319717.393, 95
Trd, 4319717.643, 97
Trd, 4319718.643, 104
Trd, 4319720.093, 104
Trd, 4319722.193, 103
Trd, 4319722.393, 102
Trd, 4319724.543, 106
Trd, 4319725.193, 104
Trd, 4319725.943, 102
Trd, 4319727.193, 102
Trd, 4319729.293, 105
Trd, 4319729.343, 99
Trd, 4319730.343, 99
Trd, 4319732.643, 105
Trd, 4319733.793, 104
Trd, 4319734.543, 104
Trd, 4319734.993, 103
Trd, 4319735.943, 102
Trd, 4319737.243, 103
Trd, 4319738.293, 101
Trd, 4319739.443, 89
Trd, 4319740.643, 102
Trd, 4319740.793, 100
Trd, 4319741.743, 99
Trd, 4319744.193, 101
Trd, 4319745.993, 100
Trd, 4319746.493, 100
Trd, 4319748.743, 88
Trd, 4319749.543, 87
Trd, 4319750.593, 104
Trd, 4319754.193, 93
Trd, 4319754.693, 93
Trd, 4319755.593, 104
Trd, 4319756.043, 92
Trd, 4319756.343, 90
Trd, 4319757.493, 102
Trd, 4319757.943, 90
Trd, 4319758.843, 95
Trd, 4319760.093, 91
Trd, 4319761.843, 94
Trd, 4319761.993, 94
Trd, 4319763.593, 95
Trd, 4319766.393, 97
Trd, 4319767.543, 102
Trd, 4319767.743, 96
Trd, 4319767.993, 97
Trd, 4319768.493, 104
Trd, 4319768.843, 96
Trd, 4319768.993, 95
Trd, 4319771.493, 98
Trd, 4319774.143, 100
Trd, 4319775.093, 101
Trd, 4319775.993, 100
Trd, 4319776.643, 99
Trd, 4319776.843, 104
Trd, 4319777.293, 85
Trd, 4319778.793, 103
Trd, 4319779.543, 96
Trd, 4319781.043, 104
Trd, 4319781.143, 96
Trd, 4319783.643, 96
Trd, 4319783.793, 102
Trd, 4319783.893, 95
Trd, 4319784.093, 102
Trd, 4319786.543, 99
Trd, 4319787.943, 98
Trd, 4319789.593, 98
Trd, 4319790.643, 97
Trd, 4319791.393, 97
Trd, 4319792.343, 96
Trd, 4319793.193, 95
Trd, 4319796.493, 88
Trd, 4319796.843, 89
Trd, 4319797.593, 90
Trd, 4319797.943, 95
Trd, 4319799.143, 104
Trd, 4319800.343, 94
Trd, 4319800.943, 94
Trd, 4319802.143, 93
Trd, 4319802.393, 95
Trd, 4319803.893, 95
Trd, 4319804.993, 98
Trd, 4319805.593, 95
Trd, 4319805.843, 103
Trd, 4319805.943, 104
Trd, 4319807.493, 102
Trd, 4319809.793, 97
Trd, 4319810.043, 97
Trd, 4319811.793, 96
Trd, 4319813.193, 95
Trd, 4319813.643, 96
Trd, 4319814.193, 97
Trd, 4319817.043, 101
Trd, 4319817.343, 95
Trd, 4319818.393, 97
Trd, 4319819.343, 98
Trd, 4319819.943, 96
Trd, 4319820.343, 96
Trd, 4319821.093, 104
Trd, 4319821.543, 95
Trd, 4319825.393, 91
Trd, 4319825.643, 94
Trd, 4319825.843, 96
Trd, 4319828.443, 98
Trd, 4319828.943, 95
Trd, 4319829.093, 94
Trd, 4319830.093, 102
Trd, 4319831.393, 99
Trd, 4319832.393, 98
Trd, 4319834.393, 97
Trd, 4319835.243, 97
Trd, 4319836.393, 99
Trd, 4319836.593, 89
Trd, 4319836.893, 104
Trd, 4319840.493, 93
Trd, 4319841.693, 97
Trd, 4319842.393, 97
Trd, 4319843.243, 99
Trd, 4319843.593, 96
Trd, 4319845.693, 97
Trd, 4319846.393, 102
Trd, 4319847.743, 99
Trd, 4319848.643, 96
Trd, 4319848.943, 97
Trd, 4319851.093, 96
Trd, 4319851.443, 122
Trd, 4319851.743, 95
Trd, 4319853.243, 106
Trd, 4319853.593, 103
Trd, 4319854.593, 102
Trd, 4319855.643, 85
Trd, 4319855.743, 114
Trd, 4319857.093, 95
Trd, 4319858.693, 93
Trd, 4319859.743, 104
Trd, 4319861.893, 99
Trd, 4319863.543, 97
Trd, 4319863.643, 95
Trd, 4319864.793, 98
Trd, 4319866.293, 95
Trd, 4319867.793, 99
Trd, 4319867.893, 95
Trd, 4319868.243, 101
Trd, 4319869.093, 104
Trd, 4319869.193, 96
Trd, 4319871.393, 102
Trd, 4319871.943, 99
Trd, 4319874.293, 101
Trd, 4319874.343, 100
Trd, 4319874.843, 102
Trd, 4319875.893, 99
Trd, 4319875.993, 98
Trd, 4319878.993, 104
Trd, 4319880.093, 98
Trd, 4319880.993, 95
Trd, 4319881.993, 96
Trd, 4319882.543, 96
Trd, 4319883.643, 85
Trd, 4319887.443, 98
Trd, 4319888.043, 97
Trd, 4319888.243, 104
Trd, 4319888.493, 95
Trd, 4319890.343, 98
Trd, 4319890.643, 96
Trd, 4319890.893, 93
Trd, 4319892.593, 87
Trd, 4319892.943, 104
Trd, 4319893.593, 87
Trd, 4319896.343, 97
Trd, 4319897.243, 95
Trd, 4319898.943, 101
Trd, 4319899.693, 99
Trd, 4319900.093, 95
Trd, 4319901.293, 97
Trd, 4319901.343, 104
Trd, 4319904.293, 96
Trd, 4319904.693, 102
Trd, 4319905.993, 95
Trd, 4319907.293, 101
Trd, 4319908.893, 102
Trd, 4319909.493, 96
Trd, 4319910.243, 95
Trd, 4319911.293, 104
Trd, 4319911.543, 95
Trd, 4319911.843, 94
Trd, 4319913.843, 96
Trd, 4319916.293, 96
Trd, 4319917.893, 95
Trd, 4319918.443, 102
Trd, 4319918.993, 98
Trd, 4319919.693, 99
Trd, 4319920.443, 100
Trd, 4319920.593, 104
Trd, 4319921.293, 103
Trd, 4319922.943, 104
Trd, 4319924.343, 106
Trd, 4319924.693, 105
Trd, 4319925.693, 95
Trd, 4319926.993, 97
Trd, 4319928.043, 100
Trd, 4319928.643, 98
Trd, 4319929.543, 91
Trd, 4319930.593, 91
Trd, 4319931.643, 102
Trd, 4319932.193, 96
Trd, 4319933.143, 98
Trd, 4319936.743, 95
Trd, 4319939.593, 96
Trd, 4319939.643, 95
Trd, 4319939.843, 104
Trd, 4319940.193, 101
Trd, 4319940.643, 96
Trd, 4319943.993, 98
Trd, 4319944.443, 101
Trd, 4319945.693, 85
Trd, 4319946.643, 93
Trd, 4319947.293, 99
Trd, 4319950.393, 95
Trd, 4319950.443, 97
Trd, 4319951.593, 95
Trd, 4319952.343, 95
Trd, 4319952.943, 94
Trd, 4319954.143, 95
Trd, 4319954.543, 104
Trd, 4319957.643, 93
Trd, 4319957.793, 94
Trd, 4319958.393, 95
Trd, 4319958.643, 102
Trd, 4319959.143, 94
Trd, 4319960.343, 104
Trd, 4319961.293, 122
Trd, 4319963.793, 103
Trd, 4319964.593, 96
Trd, 4319965.443, 97
Trd, 4319966.593, 98
Trd, 4319967.743, 100
Trd, 4319968.893, 97
Trd, 4319969.893, 97
Trd, 4319972.343, 95
Trd, 4319972.693, 94
Trd, 4319974.093, 101
Trd, 4319974.793, 94
Trd, 4319975.443, 88
Trd, 4319978.193, 92
Trd, 4319979.993, 94
Trd, 4319980.743, 101
Trd, 4319981.343, 97
Trd, 4319982.543, 98
Trd, 4319982.693, 95
Trd, 4319983.443, 97
Trd, 4319983.893, 101
Trd, 4319984.893, 104
Trd, 4319987.493, 100
Trd, 4319987.643, 97
Trd, 4319989.443, 95
Trd, 4319990.643, 97
Trd, 4319991.143, 97
Trd, 4319993.043, 99
Trd, 4319993.893, 99
Trd, 4319994.743, 98
Trd, 4319995.193, 99
Trd, 4319995.693, 95
Trd, 4319998.293, 97
Trd, 4319999.493, 97
Trd, 4319999.793, 96
