Trd, 4317863.743, 104
Trd, 4317867.193, 110
Trd, 4317868.143, 109
Trd, 4317868.743, 109
Trd, 4317870.243, 105
Trd, 4317872.543, 108
Trd, 4317872.743, 107
Trd, 4317873.393, 94
Trd, 4317877.143, 95
Trd, 4317877.843, 95
Trd, 4317879.493, 92
Trd, 4317879.793, 88
Trd, 4317880.993, 91
Trd, 4317881.193, 91
Trd, 4317882.343, 93
Trd, 4317883.343, 93
Trd, 4317884.043, 93
Trd, 4317886.193, 93
Trd, 4317889.043, 98
Trd, 4317891.643, 103
Trd, 4317891.793, 103
Trd, 4317892.093, 102
Trd, 4317892.393, 101
Trd, 4317897.393, 103
Trd, 4317898.343, 104
Trd, 4317898.543, 103
Trd, 4317899.093, 102
Trd, 4317903.593, 101
Trd, 4317903.693, 100
Trd, 4317903.893, 101
Trd, 4317904.593, 101
Trd, 4317905.493, 99
Trd, 4317907.043, 101
Trd, 4317907.243, 102
Trd, 4317908.243, 102
Trd, 4317912.643, 99
Trd, 4317914.393, 98
Trd, 4317914.843, 99
Trd, 4317915.293, 100
Trd, 4317916.643, 100
Trd, 4317917.093, 102
Trd, 4317920.093, 103
Trd, 4317920.343, 102
Trd, 4317921.543, 96
Trd, 4317921.693, 95
Trd, 4317925.943, 99
Trd, 4317926.293, 98
Trd, 4317927.743, 102
Trd, 4317928.193, 103
Trd, 4317928.943, 102
Trd, 4317931.793, 102
Trd, 4317932.593, 104
Trd, 4317934.943, 103
Trd, 4317935.493, 103
Trd, 4317937.393, 106
Trd, 4317937.993, 106
Trd, 4317941.043, 111
Trd, 4317941.893, 111
Trd, 4317941.943, 110
Trd, 4317942.293, 104
Trd, 4317943.893, 111
Trd, 4317944.743, 112
Trd, 4317946.593, 111
Trd, 4317949.043, 105
Trd, 4317949.843, 105
Trd, 4317950.393, 105
Trd, 4317950.443, 104
Trd, 4317951.093, 106
Trd, 4317953.643, 100
Trd, 4317955.343, 103
Trd, 4317956.693, 96
Trd, 4317957.343, 97
Trd, 4317958.593, 97
Trd, 4317959.343, 97
Trd, 4317961.293, 99
Trd, 4317963.143, 102
Trd, 4317964.643, 101
Trd, 4317965.143, 101
Trd, 4317965.993, 102
Trd, 4317967.043, 95
Trd, 4317969.543, 99
Trd, 4317970.543, 99
Trd, 4317971.193, 99
Trd, 4317971.843, 100
Trd, 4317972.943, 99
Trd, 4317975.493, 97
Trd, 4317976.293, 98
Trd, 4317978.293, 98
Trd, 4317978.893, 96
Trd, 4317980.943, 96
Trd, 4317982.393, 97
Trd, 4317983.143, 98
Trd, 4317984.743, 96
Trd, 4317987.843, 97
Trd, 4317989.193, 99
Trd, 4317990.693, 106
Trd, 4317992.993, 107
Trd, 4317994.043, 107
Trd, 4317994.693, 108
Trd, 4317995.543, 109
Trd, 4317996.643, 110
Trd, 4317997.793, 104
Trd, 4317999.793, 98
Trd, 4318001.143, 100
Trd, 4318001.393, 101
Trd, 4318002.693, 102
Trd, 4318002.843, 102
Trd, 4318005.543, 103
Trd, 4318005.993, 103
Trd, 4318006.393, 103
Trd, 4318007.643, 102
Trd, 4318008.643, 102
Trd, 4318012.143, 100
Trd, 4318012.843, 101
Trd, 4318014.693, 105
Trd, 4318016.893, 108
Trd, 4318017.043, 107
Trd, 4318017.743, 106
Trd, 4318018.643, 105
Trd, 4318019.843, 104
Trd, 4318020.043, 95
Trd, 4318022.793, 101
Trd, 4318024.143, 100
Trd, 4318025.443, 98
Trd, 4318025.693, 99
Trd, 4318027.993, 94
Trd, 4318030.593, 96
Trd, 4318032.243, 99
Trd, 4318033.593, 103
Trd, 4318034.943, 103
Trd, 4318035.043, 101
Trd, 4318037.993, 100
Trd, 4318039.993, 106
Trd, 4318041.993, 107
Trd, 4318043.293, 106
Trd, 4318044.043, 105
Trd, 4318045.293, 87
Trd, 4318046.043, 89
Trd, 4318046.493, 90
Trd, 4318046.793, 93
Trd, 4318048.043, 96
Trd, 4318049.193, 96
Trd, 4318050.993, 95
Trd, 4318051.693, 95
Trd, 4318052.943, 96
Trd, 4318054.243, 96
Trd, 4318054.643, 95
Trd, 4318056.843, 98
Trd, 4318058.993, 97
Trd, 4318059.543, 95
Trd, 4318062.593, 95
Trd, 4318063.043, 95
Trd, 4318065.843, 98
Trd, 4318066.343, 102
Trd, 4318068.693, 103
Trd, 4318068.993, 102
Trd, 4318069.693, 102
Trd, 4318070.543, 101
Trd, 4318072.843, 101
Trd, 4318075.243, 107
Trd, 4318076.093, 108
Trd, 4318076.143, 107
Trd, 4318078.193, 108
Trd, 4318078.543, 106
Trd, 4318079.943, 107
Trd, 4318082.093, 106
Trd, 4318083.443, 105
Trd, 4318085.143, 105
Trd, 4318086.693, 107
Trd, 4318088.043, 105
Trd, 4318088.893, 105
Trd, 4318090.243, 106
Trd, 4318090.993, 104
Trd, 4318093.893, 97
Trd, 4318094.543, 96
Trd, 4318095.043, 96
Trd, 4318096.443, 97
Trd, 4318097.343, 96
Trd, 4318100.543, 94
Trd, 4318102.043, 94
Trd, 4318102.493, 94
Trd, 4318105.293, 100
Trd, 4318106.043, 102
Trd, 4318106.743, 102
Trd, 4318109.493, 100
Trd, 4318111.243, 95
Trd, 4318114.993, 107
Trd, 4318115.143, 106
Trd, 4318115.493, 105
Trd, 4318115.893, 105
Trd, 4318117.943, 99
Trd, 4318120.593, 107
Trd, 4318120.643, 106
Trd, 4318121.643, 104
Trd, 4318122.593, 105
Trd, 4318125.243, 105
Trd, 4318127.793, 104
Trd, 4318129.193, 104
Trd, 4318129.543, 104
Trd, 4318130.443, 102
Trd, 4318131.843, 96
Trd, 4318133.443, 102
Trd, 4318134.143, 101
Trd, 4318134.643, 101
Trd, 4318135.193, 99
Trd, 4318138.193, 100
Trd, 4318138.393, 99
Trd, 4318141.643, 99
Trd, 4318142.843, 97
Trd, 4318144.593, 97
Trd, 4318144.693, 96
Trd, 4318146.443, 97
Trd, 4318147.043, 98
Trd, 4318148.543, 104
Trd, 4318151.143, 105
Trd, 4318151.793, 104
Trd, 4318151.943, 105
Trd, 4318153.993, 105
Trd, 4318155.793, 107
Trd, 4318156.993, 105
Trd, 4318157.343, 104
Trd, 4318157.743, 95
Trd, 4318160.593, 99
Trd, 4318161.593, 96
Trd, 4318163.143, 99
Trd, 4318164.343, 98
Trd, 4318165.743, 97
Trd, 4318166.593, 95
Trd, 4318169.193, 96
Trd, 4318170.693, 99
Trd, 4318171.943, 100
Trd, 4318172.643, 101
Trd, 4318173.343, 104
Trd, 4318173.443, 102
Trd, 4318173.693, 99
Trd, 4318176.943, 96
Trd, 4318180.243, 102
Trd, 4318180.393, 103
Trd, 4318180.543, 102
Trd, 4318182.193, 94
Trd, 4318183.343, 100
Trd, 4318184.643, 100
Trd, 4318185.793, 99
Trd, 4318186.343, 99
Trd, 4318188.993, 106
Trd, 4318189.043, 105
Trd, 4318191.643, 103
Trd, 4318193.743, 103
Trd, 4318194.143, 105
Trd, 4318194.893, 104
Trd, 4318195.243, 106
Trd, 4318195.843, 102
Trd, 4318198.293, 100
Trd, 4318198.643, 99
Trd, 4318198.943, 96
Trd, 4318202.243, 99
Trd, 4318202.393, 99
Trd, 4318203.193, 99
Trd, 4318204.343, 97
Trd, 4318207.543, 99
Trd, 4318208.993, 97
Trd, 4318210.343, 103
Trd, 4318210.943, 102
Trd, 4318212.843, 101
Trd, 4318215.093, 104
Trd, 4318216.543, 104
Trd, 4318216.593, 103
Trd, 4318218.393, 101
Trd, 4318219.743, 100
Trd, 4318220.393, 100
Trd, 4318223.193, 104
Trd, 4318223.443, 104
Trd, 4318224.893, 106
Trd, 4318226.193, 105
Trd, 4318227.443, 104
Trd, 4318228.093, 105
Trd, 4318228.443, 104
Trd, 4318229.243, 103
Trd, 4318231.693, 101
Trd, 4318232.793, 99
Trd, 4318234.443, 102
Trd, 4318234.543, 101
Trd, 4318238.743, 99
Trd, 4318239.793, 99
Trd, 4318240.293, 99
Trd, 4318242.143, 100
Trd, 4318242.593, 98
Trd, 4318245.543, 99
Trd, 4318245.893, 99
Trd, 4318247.643, 103
Trd, 4318247.893, 104
Trd, 4318249.293, 101
Trd, 4318249.993, 101
Trd, 4318254.843, 106
Trd, 4318255.693, 104
Trd, 4318256.143, 103
Trd, 4318257.293, 95
Trd, 4318259.593, 97
Trd, 4318259.943, 96
Trd, 4318260.893, 97
Trd, 4318263.343, 98
Trd, 4318263.843, 94
Trd, 4318266.643, 104
Trd, 4318266.793, 103
Trd, 4318269.643, 108
Trd, 4318269.993, 107
Trd, 4318270.543, 107
Trd, 4318271.493, 106
Trd, 4318274.343, 105
Trd, 4318276.043, 105
Trd, 4318277.143, 105
Trd, 4318278.493, 106
Trd, 4318281.793, 106
Trd, 4318283.243, 108
Trd, 4318284.143, 108
Trd, 4318285.043, 108
Trd, 4318287.143, 104
Trd, 4318288.593, 105
Trd, 4318292.393, 101
Trd, 4318292.443, 100
Trd, 4318294.193, 103
Trd, 4318294.443, 100
Trd, 4318295.593, 100
Trd, 4318296.943, 96
Trd, 4318297.843, 100
Trd, 4318299.693, 102
Trd, 4318300.343, 104
Trd, 4318301.543, 104
Trd, 4318302.193, 103
Trd, 4318304.293, 100
Trd, 4318305.493, 100
Trd, 4318306.093, 100
Trd, 4318309.293, 98
Trd, 4318309.443, 97
Trd, 4318309.993, 97
Trd, 4318311.593, 97
Trd, 4318312.743, 98
Trd, 4318313.543, 97
Trd, 4318315.443, 99
Trd, 4318316.143, 99
Trd, 4318318.243, 102
Trd, 4318319.443, 107
Trd, 4318320.543, 111
Trd, 4318320.693, 111
Trd, 4318322.343, 113
Trd, 4318322.443, 105
Trd, 4318326.143, 101
Trd, 4318327.993, 100
Trd, 4318328.593, 101
Trd, 4318329.393, 101
Trd, 4318330.043, 100
Trd, 4318332.593, 99
Trd, 4318333.243, 100
Trd, 4318333.693, 101
Trd, 4318335.093, 101
Trd, 4318335.993, 95
Trd, 4318340.193, 99
Trd, 4318341.693, 100
Trd, 4318342.543, 99
Trd, 4318343.093, 99
Trd, 4318344.093, 99
Trd, 4318347.043, 101
Trd, 4318347.843, 102
Trd, 4318349.843, 102
Trd, 4318350.043, 101
Trd, 4318351.793, 100
Trd, 4318352.943, 102
Trd, 4318355.093, 104
Trd, 4318356.493, 106
Trd, 4318357.643, 105
Trd, 4318357.943, 104
Trd, 4318360.443, 99
Trd, 4318361.443, 99
Trd, 4318362.193, 97
Trd, 4318364.993, 103
Trd, 4318366.793, 103
Trd, 4318368.993, 103
Trd, 4318370.843, 103
Trd, 4318370.943, 102
Trd, 4318371.743, 102
Trd, 4318373.393, 101
Trd, 4318374.243, 101
Trd, 4318375.993, 94
Trd, 4318378.393, 94
Trd, 4318378.593, 94
Trd, 4318378.793, 94
Trd, 4318380.643, 91
Trd, 4318382.793, 92
Trd, 4318383.993, 91
Trd, 4318385.143, 94
Trd, 4318387.343, 102
Trd, 4318387.843, 101
Trd, 4318388.243, 100
Trd, 4318389.843, 98
Trd, 4318391.893, 100
Trd, 4318393.243, 99
Trd, 4318396.193, 104
Trd, 4318396.443, 104
Trd, 4318396.993, 103
Trd, 4318398.943, 103
Trd, 4318399.443, 102
Trd, 4318399.993, 95
Trd, 4318402.843, 96
Trd, 4318403.593, 101
Trd, 4318404.743, 101
Trd, 4318405.643, 100
Trd, 4318406.443, 94
Trd, 4318409.493, 100
Trd, 4318410.993, 102
Trd, 4318412.343, 106
Trd, 4318412.643, 106
Trd, 4318414.443, 108
Trd, 4318417.093, 108
Trd, 4318417.243, 108
Trd, 4318417.643, 107
Trd, 4318423.193, 105
Trd, 4318423.593, 104
Trd, 4318424.443, 105
Trd, 4318425.093, 101
Trd, 4318427.443, 98
Trd, 4318427.843, 98
Trd, 4318428.793, 98
Trd, 4318430.143, 98
Trd, 4318432.693, 102
Trd, 4318432.743, 101
Trd, 4318435.443, 102
Trd, 4318435.693, 101
Trd, 4318437.443, 94
Trd, 4318438.593, 97
Trd, 4318441.343, 94
Trd, 4318443.143, 95
Trd, 4318444.593, 95
Trd, 4318445.343, 99
Trd, 4318445.793, 99
Trd, 4318446.743, 98
Trd, 4318449.293, 104
Trd, 4318449.743, 104
Trd, 4318450.443, 103
Trd, 4318450.693, 103
Trd, 4318452.343, 97
Trd, 4318454.643, 98
Trd, 4318454.843, 98
Trd, 4318456.693, 97
Trd, 4318456.943, 96
Trd, 4318457.743, 97
Trd, 4318460.943, 97
Trd, 4318462.593, 97
Trd, 4318464.543, 103
Trd, 4318464.743, 103
Trd, 4318467.743, 107
Trd, 4318468.193, 105
Trd, 4318470.093, 106
Trd, 4318471.193, 104
Trd, 4318472.193, 101
Trd, 4318474.043, 96
Trd, 4318475.143, 97
Trd, 4318479.243, 101
Trd, 4318479.843, 103
Trd, 4318481.093, 103
Trd, 4318482.543, 102
Trd, 4318483.243, 100
Trd, 4318484.843, 100
Trd, 4318485.593, 101
Trd, 4318488.093, 98
Trd, 4318490.143, 101
Trd, 4318490.343, 101
Trd, 4318491.143, 103
Trd, 4318491.743, 102
Trd, 4318493.043, 103
Trd, 4318494.843, 104
Trd, 4318495.143, 95
Trd, 4318497.043, 96
Trd, 4318499.493, 101
Trd, 4318499.543, 100
Trd, 4318500.943, 99
Trd, 4318501.943, 98
Trd, 4318504.043, 96
Trd, 4318504.643, 97
Trd, 4318506.943, 97
Trd, 4318508.893, 100
Trd, 4318509.643, 99
Trd, 4318510.793, 101
Trd, 4318511.493, 101
Trd, 4318513.193, 96
Trd, 4318514.293, 97
Trd, 4318514.893, 97
Trd, 4318516.943, 98
Trd, 4318517.193, 99
Trd, 4318518.943, 100
Trd, 4318519.443, 103
Trd, 4318520.143, 104
Trd, 4318521.893, 105
Trd, 4318522.943, 104
Trd, 4318523.793, 104
Trd, 4318525.093, 102
Trd, 4318525.543, 103
Trd, 4318526.093, 103
Trd, 4318527.193, 104
Trd, 4318528.993, 110
Trd, 4318529.893, 112
Trd, 4318530.643, 112
Trd, 4318531.143, 112
Trd, 4318531.793, 110
Trd, 4318534.743, 108
Trd, 4318535.693, 107
Trd, 4318537.793, 104
Trd, 4318537.993, 102
Trd, 4318538.993, 102
Trd, 4318542.443, 96
Trd, 4318542.793, 97
Trd, 4318543.893, 97
Trd, 4318547.143, 104
Trd, 4318547.693, 103
Trd, 4318550.243, 93
Trd, 4318551.743, 91
Trd, 4318552.543, 92
Trd, 4318553.143, 92
Trd, 4318554.243, 95
Trd, 4318558.343, 104
Trd, 4318558.793, 105
Trd, 4318559.493, 105
Trd, 4318559.893, 104
Trd, 4318559.943, 104
Trd, 4318563.193, 102
Trd, 4318565.693, 102
Trd, 4318566.143, 103
Trd, 4318567.643, 103
Trd, 4318569.293, 104
Trd, 4318569.443, 103
Trd, 4318572.793, 103
Trd, 4318573.993, 102
Trd, 4318577.243, 97
Trd, 4318577.643, 98
Trd, 4318578.143, 98
Trd, 4318578.893, 98
Trd, 4318579.393, 98
Trd, 4318580.093, 94
Trd, 4318583.993, 95
Trd, 4318584.343, 93
Trd, 4318584.943, 95
Trd, 4318585.293, 94
Trd, 4318587.493, 94
Trd, 4318589.993, 103
Trd, 4318591.293, 100
Trd, 4318592.543, 102
Trd, 4318594.043, 98
Trd, 4318595.293, 99
Trd, 4318596.443, 95
Trd, 4318597.593, 95
Trd, 4318597.893, 95
Trd, 4318600.393, 101
Trd, 4318600.643, 100
Trd, 4318603.993, 105
Trd, 4318604.593, 105
Trd, 4318605.643, 104
Trd, 4318606.843, 104
Trd, 4318608.493, 105
Trd, 4318609.593, 103
Trd, 4318611.393, 101
Trd, 4318612.193, 103
Trd, 4318612.393, 103
Trd, 4318612.593, 104
Trd, 4318613.793, 94
Trd, 4318617.193, 103
Trd, 4318618.893, 107
Trd, 4318619.243, 106
Trd, 4318619.743, 105
Trd, 4318620.893, 105
Trd, 4318622.293, 106
Trd, 4318623.043, 105
Trd, 4318623.993, 104
Trd, 4318626.493, 103
Trd, 4318627.243, 102
Trd, 4318628.243, 104
Trd, 4318628.393, 104
Trd, 4318629.443, 107
Trd, 4318630.693, 108
Trd, 4318631.593, 108
Trd, 4318633.743, 107
Trd, 4318634.843, 107
Trd, 4318636.443, 104
Trd, 4318637.843, 95
Trd, 4318640.843, 104
Trd, 4318640.893, 104
Trd, 4318642.143, 106
Trd, 4318642.393, 104
Trd, 4318643.593, 105
Trd, 4318645.993, 104
Trd, 4318646.443, 104
Trd, 4318648.793, 104
Trd, 4318650.093, 104
Trd, 4318650.593, 104
Trd, 4318652.693, 96
Trd, 4318653.493, 97
Trd, 4318654.493, 98
Trd, 4318656.093, 101
Trd, 4318656.693, 103
Trd, 4318656.843, 103
Trd, 4318657.793, 102
Trd, 4318659.193, 102
Trd, 4318659.843, 102
Trd, 4318661.543, 98
Trd, 4318663.443, 99
Trd, 4318665.393, 100
Trd, 4318665.593, 100
Trd, 4318666.743, 99
Trd, 4318668.943, 98
Trd, 4318672.693, 98
Trd, 4318673.893, 98
Trd, 4318677.443, 100
Trd, 4318679.643, 103
Trd, 4318680.043, 104
Trd, 4318680.743, 103
Trd, 4318681.993, 104
Trd, 4318682.293, 104
Trd, 4318683.293, 104
Trd, 4318686.493, 98
Trd, 4318687.293, 97
Trd, 4318687.443, 98
Trd, 4318689.093, 100
Trd, 4318689.543, 100
Trd, 4318692.893, 100
Trd, 4318694.543, 100
Trd, 4318695.393, 101
Trd, 4318695.543, 99
Trd, 4318697.893, 99
Trd, 4318699.893, 98
Trd, 4318701.193, 100
Trd, 4318701.693, 100
Trd, 4318702.093, 100
Trd, 4318704.043, 103
Trd, 4318704.943, 102
Trd, 4318705.543, 101
Trd, 4318710.443, 100
Trd, 4318712.393, 103
Trd, 4318712.543, 103
Trd, 4318714.043, 99
Trd, 4318714.243, 98
Trd, 4318716.943, 95
Trd, 4318718.043, 98
Trd, 4318720.593, 99
Trd, 4318721.143, 99
Trd, 4318723.893, 100
Trd, 4318724.643, 100
Trd, 4318726.393, 101
Trd, 4318726.943, 102
Trd, 4318727.543, 100
Trd, 4318729.343, 98
Trd, 4318731.593, 97
Trd, 4318732.843, 97
Trd, 4318733.143, 98
Trd, 4318733.493, 97
Trd, 4318734.393, 93
Trd, 4318738.493, 97
Trd, 4318739.143, 98
Trd, 4318739.443, 95
Trd, 4318740.643, 96
Trd, 4318742.143, 98
Trd, 4318745.293, 98
Trd, 4318746.043, 101
Trd, 4318746.743, 97
Trd, 4318748.593, 98
Trd, 4318749.043, 98
Trd, 4318749.543, 97
Trd, 4318750.493, 99
Trd, 4318753.193, 97
Trd, 4318756.343, 96
Trd, 4318756.993, 96
Trd, 4318757.893, 95
Trd, 4318759.043, 96
Trd, 4318760.543, 98
Trd, 4318762.843, 95
Trd, 4318764.093, 96
Trd, 4318765.293, 97
Trd, 4318767.043, 95
Trd, 4318767.643, 98
Trd, 4318768.443, 98
Trd, 4318769.093, 94
Trd, 4318769.693, 94
Trd, 4318772.843, 90
Trd, 4318773.643, 88
Trd, 4318776.393, 93
Trd, 4318776.693, 94
Trd, 4318777.543, 95
Trd, 4318780.343, 100
Trd, 4318780.443, 99
Trd, 4318780.543, 97
Trd, 4318783.043, 100
Trd, 4318785.493, 103
Trd, 4318786.343, 104
Trd, 4318786.493, 104
Trd, 4318787.793, 103
Trd, 4318789.043, 96
Trd, 4318789.493, 95
Trd, 4318790.143, 95
Trd, 4318790.943, 95
Trd, 4318794.543, 102
Trd, 4318795.943, 104
Trd, 4318797.143, 107
Trd, 4318797.293, 104
Trd, 4318797.643, 105
Trd, 4318801.493, 105
Trd, 4318801.693, 105
Trd, 4318802.443, 105
Trd, 4318802.593, 104
Trd, 4318803.993, 94
Trd, 4318807.393, 102
Trd, 4318808.793, 105
Trd, 4318809.293, 104
Trd, 4318809.793, 104
Trd, 4318810.443, 103
Trd, 4318812.193, 104
Trd, 4318812.293, 104
Trd, 4318814.843, 97
Trd, 4318816.943, 101
Trd, 4318818.343, 98
Trd, 4318820.493, 96
Trd, 4318820.543, 93
Trd, 4318823.393, 97
Trd, 4318823.693, 98
Trd, 4318824.793, 100
Trd, 4318825.643, 101
Trd, 4318827.593, 100
Trd, 4318827.893, 97
Trd, 4318828.143, 98
Trd, 4318833.993, 105
Trd, 4318834.143, 104
Trd, 4318835.393, 105
Trd, 4318836.193, 105
Trd, 4318836.343, 105
Trd, 4318837.343, 104
Trd, 4318837.843, 102
Trd, 4318838.793, 94
Trd, 4318841.043, 91
Trd, 4318843.993, 101
Trd, 4318844.193, 101
Trd, 4318844.793, 102
Trd, 4318846.593, 96
Trd, 4318848.993, 99
Trd, 4318851.443, 100
Trd, 4318851.993, 101
Trd, 4318853.043, 103
Trd, 4318853.843, 103
Trd, 4318854.693, 104
Trd, 4318854.843, 102
Trd, 4318858.243, 103
Trd, 4318858.893, 105
Trd, 4318859.393, 106
Trd, 4318860.443, 105
Trd, 4318861.143, 106
Trd, 4318863.493, 105
Trd, 4318864.543, 107
Trd, 4318865.493, 105
Trd, 4318865.693, 104
Trd, 4318869.243, 100
Trd, 4318872.243, 97
Trd, 4318872.743, 98
Trd, 4318872.993, 99
Trd, 4318875.493, 96
Trd, 4318875.693, 97
Trd, 4318878.243, 97
Trd, 4318878.443, 94
Trd, 4318880.093, 96
Trd, 4318880.243, 96
Trd, 4318882.243, 94
Trd, 4318883.343, 94
Trd, 4318884.443, 94
Trd, 4318887.043, 100
Trd, 4318887.493, 101
Trd, 4318888.043, 101
Trd, 4318890.493, 101
Trd, 4318890.943, 100
Trd, 4318893.243, 100
Trd, 4318894.443, 102
Trd, 4318895.643, 103
Trd, 4318895.843, 102
Trd, 4318897.243, 95
Trd, 4318900.093, 95
Trd, 4318900.393, 94
Trd, 4318903.843, 105
Trd, 4318904.493, 104
Trd, 4318907.143, 98
Trd, 4318909.243, 102
Trd, 4318909.743, 102
Trd, 4318911.243, 104
Trd, 4318911.443, 103
Trd, 4318915.443, 107
Trd, 4318917.743, 105
Trd, 4318918.793, 104
Trd, 4318919.343, 104
Trd, 4318921.343, 103
Trd, 4318921.593, 104
Trd, 4318921.993, 105
Trd, 4318922.093, 104
Trd, 4318924.243, 108
Trd, 4318925.793, 108
Trd, 4318929.093, 102
Trd, 4318929.443, 103
Trd, 4318931.093, 108
Trd, 4318931.343, 105
Trd, 4318933.043, 106
Trd, 4318935.593, 103
Trd, 4318936.193, 104
Trd, 4318936.643, 103
Trd, 4318938.643, 100
Trd, 4318939.393, 100
Trd, 4318941.893, 105
Trd, 4318942.693, 103
Trd, 4318944.643, 99
Trd, 4318945.343, 101
Trd, 4318945.793, 101
Trd, 4318947.443, 103
Trd, 4318948.243, 103
Trd, 4318950.993, 104
Trd, 4318952.643, 109
Trd, 4318953.943, 111
Trd, 4318954.443, 111
Trd, 4318955.393, 111
Trd, 4318955.793, 95
Trd, 4318956.143, 94
Trd, 4318957.543, 86
Trd, 4318959.593, 99
Trd, 4318960.143, 96
Trd, 4318960.393, 97
Trd, 4318961.343, 98
Trd, 4318963.343, 97
Trd, 4318966.493, 103
Trd, 4318968.093, 104
Trd, 4318968.993, 104
Trd, 4318969.993, 104
Trd, 4318973.243, 101
Trd, 4318973.343, 102
Trd, 4318974.543, 103
Trd, 4318975.693, 102
Trd, 4318976.193, 101
Trd, 4318977.543, 98
Trd, 4318979.243, 98
Trd, 4318979.693, 97
Trd, 4318981.693, 98
Trd, 4318982.043, 97
Trd, 4318983.943, 97
Trd, 4318986.493, 109
Trd, 4318987.643, 108
Trd, 4318988.093, 106
Trd, 4318988.443, 104
Trd, 4318990.343, 98
Trd, 4318990.793, 100
Trd, 4318991.443, 100
Trd, 4318993.993, 98
Trd, 4318994.793, 99
Trd, 4318996.493, 99
Trd, 4318999.043, 104
Trd, 4318999.743, 102
Trd, 4319001.443, 104
Trd, 4319003.343, 103
Trd, 4319004.243, 102
Trd, 4319005.893, 103
Trd, 4319006.243, 102
Trd, 4319006.493, 102
Trd, 4319007.293, 94
Trd, 4319011.893, 102
Trd, 4319013.043, 106
Trd, 4319014.293, 105
Trd, 4319015.043, 105
Trd, 4319018.243, 98
Trd, 4319020.393, 97
Trd, 4319020.693, 97
Trd, 4319021.293, 98
Trd, 4319021.893, 98
Trd, 4319023.443, 98
Trd, 4319024.943, 98
Trd, 4319026.393, 99
Trd, 4319029.943, 103
Trd, 4319030.043, 102
Trd, 4319030.543, 103
Trd, 4319030.943, 101
Trd, 4319031.893, 102
Trd, 4319035.443, 95
Trd, 4319036.043, 99
Trd, 4319036.143, 98
Trd, 4319037.193, 97
Trd, 4319039.743, 102
Trd, 4319040.743, 100
Trd, 4319041.193, 97
Trd, 4319042.393, 100
Trd, 4319043.693, 99
Trd, 4319046.443, 104
Trd, 4319046.893, 104
Trd, 4319046.943, 102
Trd, 4319049.293, 99
Trd, 4319049.593, 99
Trd, 4319050.743, 99
Trd, 4319053.143, 96
Trd, 4319053.793, 96
Trd, 4319054.193, 97
Trd, 4319054.743, 94
Trd, 4319057.693, 102
Trd, 4319057.793, 95
Trd, 4319060.593, 100
Trd, 4319061.793, 100
Trd, 4319062.193, 101
Trd, 4319062.593, 100
Trd, 4319065.043, 99
Trd, 4319067.293, 98
Trd, 4319067.793, 99
Trd, 4319069.743, 99
Trd, 4319070.593, 98
Trd, 4319071.293, 98
Trd, 4319073.843, 97
Trd, 4319074.443, 94
Trd, 4319076.243, 98
Trd, 4319078.643, 107
Trd, 4319078.893, 107
Trd, 4319080.343, 106
Trd, 4319080.543, 107
Trd, 4319082.493, 105
Trd, 4319083.943, 98
Trd, 4319086.043, 103
Trd, 4319086.693, 105
Trd, 4319088.793, 107
Trd, 4319088.843, 105
Trd, 4319089.643, 104
Trd, 4319091.993, 106
Trd, 4319092.593, 107
Trd, 4319094.993, 110
Trd, 4319095.393, 107
Trd, 4319095.893, 106
Trd, 4319098.293, 107
Trd, 4319098.893, 106
Trd, 4319101.743, 109
Trd, 4319102.093, 108
Trd, 4319103.193, 96
Trd, 4319105.393, 101
Trd, 4319105.793, 100
Trd, 4319108.243, 102
Trd, 4319109.143, 103
Trd, 4319110.543, 100
Trd, 4319111.093, 99
Trd, 4319113.393, 97
Trd, 4319114.143, 98
Trd, 4319116.043, 94
Trd, 4319118.093, 96
Trd, 4319118.643, 96
Trd, 4319120.993, 98
Trd, 4319121.943, 98
Trd, 4319122.043, 97
Trd, 4319123.543, 99
Trd, 4319124.793, 99
Trd, 4319126.143, 99
Trd, 4319129.243, 109
Trd, 4319130.093, 109
Trd, 4319130.943, 107
Trd, 4319131.593, 104
Trd, 4319134.943, 107
Trd, 4319137.093, 102
Trd, 4319138.093, 99
Trd, 4319139.293, 101
Trd, 4319140.143, 102
Trd, 4319140.643, 104
Trd, 4319141.093, 101
Trd, 4319142.243, 102
Trd, 4319144.643, 105
Trd, 4319144.743, 106
Trd, 4319146.193, 105
Trd, 4319148.943, 107
Trd, 4319149.393, 106
Trd, 4319149.493, 104
Trd, 4319153.293, 100
Trd, 4319153.643, 101
Trd, 4319154.343, 103
Trd, 4319154.743, 101
Trd, 4319156.343, 102
Trd, 4319157.643, 104
Trd, 4319158.993, 107
Trd, 4319160.743, 104
Trd, 4319161.643, 97
Trd, 4319164.343, 106
Trd, 4319164.943, 105
Trd, 4319165.393, 105
Trd, 4319166.243, 104
Trd, 4319168.293, 103
Trd, 4319169.493, 104
Trd, 4319170.343, 104
Trd, 4319170.943, 103
Trd, 4319172.293, 104
Trd, 4319175.093, 104
Trd, 4319175.343, 105
Trd, 4319176.293, 104
Trd, 4319176.993, 94
Trd, 4319177.743, 100
Trd, 4319179.943, 100
Trd, 4319180.993, 103
Trd, 4319182.743, 105
Trd, 4319183.443, 105
Trd, 4319184.593, 105
Trd, 4319185.443, 104
Trd, 4319185.543, 105
Trd, 4319187.793, 109
Trd, 4319187.893, 108
Trd, 4319190.743, 103
Trd, 4319192.093, 101
Trd, 4319193.643, 101
Trd, 4319193.943, 101
Trd, 4319194.593, 101
Trd, 4319196.743, 102
Trd, 4319198.143, 101
Trd, 4319199.843, 99
Trd, 4319201.093, 98
Trd, 4319203.543, 100
Trd, 4319204.243, 102
Trd, 4319205.693, 105
Trd, 4319207.493, 107
Trd, 4319209.093, 105
Trd, 4319209.293, 104
Trd, 4319209.793, 104
Trd, 4319210.793, 96
Trd, 4319213.893, 100
Trd, 4319214.093, 98
Trd, 4319215.093, 98
Trd, 4319217.343, 101
Trd, 4319219.243, 106
Trd, 4319219.643, 104
Trd, 4319220.543, 100
Trd, 4319223.193, 105
Trd, 4319224.593, 109
Trd, 4319225.043, 108
Trd, 4319225.543, 111
Trd, 4319228.793, 94
Trd, 4319230.193, 103
Trd, 4319230.243, 104
Trd, 4319230.643, 102
Trd, 4319234.293, 100
Trd, 4319236.293, 100
Trd, 4319236.543, 100
Trd, 4319237.043, 100
Trd, 4319238.443, 100
Trd, 4319239.693, 98
Trd, 4319242.793, 96
Trd, 4319243.943, 97
Trd, 4319245.543, 99
Trd, 4319246.193, 96
Trd, 4319247.343, 99
Trd, 4319247.843, 99
Trd, 4319250.593, 98
Trd, 4319251.793, 98
Trd, 4319251.943, 98
Trd, 4319253.493, 98
Trd, 4319255.143, 100
Trd, 4319255.693, 99
Trd, 4319258.143, 99
Trd, 4319258.743, 103
Trd, 4319259.143, 102
Trd, 4319260.243, 100
Trd, 4319263.543, 101
Trd, 4319263.843, 94
Trd, 4319265.993, 101
Trd, 4319266.693, 102
Trd, 4319269.493, 109
Trd, 4319270.593, 110
Trd, 4319272.343, 108
Trd, 4319273.593, 108
Trd, 4319274.343, 105
Trd, 4319275.193, 104
Trd, 4319276.693, 103
Trd, 4319280.643, 97
Trd, 4319281.243, 97
Trd, 4319281.443, 97
Trd, 4319281.743, 96
Trd, 4319283.843, 96
Trd, 4319285.943, 97
Trd, 4319287.293, 99
Trd, 4319289.843, 106
Trd, 4319290.793, 104
Trd, 4319291.043, 105
Trd, 4319291.593, 102
Trd, 4319295.193, 101
Trd, 4319296.093, 102
Trd, 4319296.293, 102
Trd, 4319296.943, 102
Trd, 4319297.743, 102
Trd, 4319299.543, 104
Trd, 4319300.793, 109
Trd, 4319301.793, 107
Trd, 4319302.043, 106
Trd, 4319302.693, 105
Trd, 4319303.393, 104
Trd, 4319303.493, 86
Trd, 4319306.093, 98
Trd, 4319307.843, 98
Trd, 4319309.293, 98
Trd, 4319310.693, 97
Trd, 4319312.693, 97
Trd, 4319313.493, 96
Trd, 4319315.693, 98
Trd, 4319317.143, 100
Trd, 4319317.243, 94
Trd, 4319320.343, 104
Trd, 4319321.243, 105
Trd, 4319321.993, 104
Trd, 4319322.443, 104
Trd, 4319322.793, 103
Trd, 4319325.993, 108
Trd, 4319326.243, 107
Trd, 4319326.793, 109
Trd, 4319327.343, 107
Trd, 4319330.143, 104
Trd, 4319331.143, 106
Trd, 4319332.893, 107
Trd, 4319332.993, 106
Trd, 4319335.493, 106
Trd, 4319335.993, 106
Trd, 4319338.243, 105
Trd, 4319339.693, 104
Trd, 4319339.993, 103
Trd, 4319343.543, 101
Trd, 4319344.593, 100
Trd, 4319345.793, 91
Trd, 4319347.393, 96
Trd, 4319348.993, 100
Trd, 4319349.843, 100
Trd, 4319350.843, 95
Trd, 4319351.543, 98
Trd, 4319352.643, 98
Trd, 4319356.693, 107
Trd, 4319356.793, 105
Trd, 4319357.943, 105
Trd, 4319358.643, 107
Trd, 4319360.043, 107
Trd, 4319361.593, 104
Trd, 4319362.343, 104
Trd, 4319365.093, 96
Trd, 4319365.943, 96
Trd, 4319366.693, 95
Trd, 4319367.543, 94
Trd, 4319368.343, 94
Trd, 4319370.393, 95
Trd, 4319372.893, 97
Trd, 4319373.693, 95
Trd, 4319374.143, 97
Trd, 4319377.043, 101
Trd, 4319377.493, 103
Trd, 4319380.393, 107
Trd, 4319380.493, 106
Trd, 4319380.943, 105
Trd, 4319381.943, 104
Trd, 4319382.593, 104
Trd, 4319383.593, 97
Trd, 4319385.793, 96
Trd, 4319386.293, 97
Trd, 4319386.843, 97
Trd, 4319387.393, 97
Trd, 4319390.793, 94
Trd, 4319392.993, 95
Trd, 4319393.193, 95
Trd, 4319393.893, 94
Trd, 4319395.143, 96
Trd, 4319395.793, 95
Trd, 4319399.593, 105
Trd, 4319400.243, 105
Trd, 4319401.043, 105
Trd, 4319401.543, 103
Trd, 4319403.393, 104
Trd, 4319403.493, 94
Trd, 4319403.893, 86
Trd, 4319407.393, 92
Trd, 4319407.993, 92
Trd, 4319409.193, 92
Trd, 4319410.343, 91
Trd, 4319410.643, 92
Trd, 4319414.243, 105
Trd, 4319414.593, 105
Trd, 4319414.743, 104
Trd, 4319415.343, 104
Trd, 4319418.093, 98
Trd, 4319418.543, 98
Trd, 4319419.843, 99
Trd, 4319422.343, 101
Trd, 4319423.093, 100
Trd, 4319423.443, 99
Trd, 4319426.043, 104
Trd, 4319427.593, 108
Trd, 4319429.193, 107
Trd, 4319430.293, 107
Trd, 4319431.143, 106
Trd, 4319432.893, 102
Trd, 4319433.393, 104
Trd, 4319436.393, 105
Trd, 4319437.043, 104
Trd, 4319438.893, 108
Trd, 4319439.043, 107
Trd, 4319439.593, 110
Trd, 4319440.443, 110
Trd, 4319443.643, 108
Trd, 4319443.793, 108
Trd, 4319444.543, 108
Trd, 4319444.943, 106
Trd, 4319446.343, 86
Trd, 4319446.643, 87
Trd, 4319448.443, 88
Trd, 4319450.343, 92
Trd, 4319450.593, 93
Trd, 4319451.993, 93
Trd, 4319453.943, 93
Trd, 4319456.843, 97
Trd, 4319457.943, 100
Trd, 4319459.993, 101
Trd, 4319461.343, 101
Trd, 4319462.193, 102
Trd, 4319465.243, 106
Trd, 4319466.343, 105
Trd, 4319466.593, 104
Trd, 4319468.043, 98
Trd, 4319469.343, 99
Trd, 4319470.043, 98
Trd, 4319471.543, 95
Trd, 4319473.093, 101
Trd, 4319473.443, 100
Trd, 4319474.493, 102
Trd, 4319475.493, 104
Trd, 4319479.193, 103
Trd, 4319480.093, 102
Trd, 4319480.293, 102
Trd, 4319484.093, 100
Trd, 4319484.243, 100
Trd, 4319484.393, 98
Trd, 4319488.243, 98
Trd, 4319489.443, 96
Trd, 4319491.293, 97
Trd, 4319491.643, 96
Trd, 4319492.943, 93
Trd, 4319494.743, 93
Trd, 4319495.443, 93
Trd, 4319498.893, 94
Trd, 4319500.393, 96
Trd, 4319501.143, 96
Trd, 4319501.793, 96
Trd, 4319502.843, 97
Trd, 4319503.743, 99
Trd, 4319506.043, 104
Trd, 4319506.743, 105
Trd, 4319507.743, 107
Trd, 4319508.093, 106
Trd, 4319508.143, 105
Trd, 4319510.143, 105
Trd, 4319510.543, 104
Trd, 4319511.893, 105
Trd, 4319513.193, 105
Trd, 4319513.543, 105
Trd, 4319517.043, 104
Trd, 4319517.943, 101
Trd, 4319519.043, 102
Trd, 4319520.193, 104
Trd, 4319520.943, 103
Trd, 4319524.743, 107
Trd, 4319525.393, 105
Trd, 4319525.793, 104
Trd, 4319526.393, 103
Trd, 4319527.993, 96
Trd, 4319528.643, 96
Trd, 4319530.643, 96
Trd, 4319530.943, 97
Trd, 4319533.043, 98
Trd, 4319535.243, 100
Trd, 4319535.543, 98
Trd, 4319537.143, 99
Trd, 4319538.293, 103
Trd, 4319541.193, 106
Trd, 4319541.293, 105
Trd, 4319541.793, 106
Trd, 4319542.543, 106
Trd, 4319544.443, 107
Trd, 4319545.543, 107
Trd, 4319546.443, 107
Trd, 4319546.893, 104
Trd, 4319548.093, 88
Trd, 4319548.593, 89
Trd, 4319551.993, 99
Trd, 4319552.843, 100
Trd, 4319553.143, 99
Trd, 4319556.493, 99
Trd, 4319557.493, 97
Trd, 4319558.243, 97
Trd, 4319559.393, 97
Trd, 4319559.743, 98
Trd, 4319562.843, 101
Trd, 4319563.343, 103
Trd, 4319565.043, 106
Trd, 4319565.693, 106
Trd, 4319566.843, 106
Trd, 4319568.943, 97
Trd, 4319569.543, 96
Trd, 4319570.993, 95
Trd, 4319572.493, 96
Trd, 4319574.793, 95
Trd, 4319575.293, 96
Trd, 4319576.143, 95
Trd, 4319576.943, 91
Trd, 4319577.093, 93
Trd, 4319581.293, 95
Trd, 4319583.593, 102
Trd, 4319584.193, 104
Trd, 4319584.243, 103
Trd, 4319584.643, 102
Trd, 4319584.743, 101
Trd, 4319587.643, 105
Trd, 4319588.143, 105
Trd, 4319588.593, 104
Trd, 4319590.743, 100
Trd, 4319592.543, 102
Trd, 4319594.243, 105
Trd, 4319594.343, 104
Trd, 4319594.743, 104
Trd, 4319596.243, 104
Trd, 4319596.993, 104
Trd, 4319598.743, 104
Trd, 4319599.643, 95
Trd, 4319601.993, 95
Trd, 4319602.543, 96
Trd, 4319604.193, 98
Trd, 4319604.243, 97
Trd, 4319606.443, 101
Trd, 4319607.143, 101
Trd, 4319608.843, 94
Trd, 4319610.043, 96
Trd, 4319611.143, 88
Trd, 4319613.293, 96
Trd, 4319613.843, 94
Trd, 4319617.543, 100
Trd, 4319618.143, 99
Trd, 4319618.393, 100
Trd, 4319618.893, 100
Trd, 4319619.493, 100
Trd, 4319621.343, 104
Trd, 4319622.693, 104
Trd, 4319623.343, 103
Trd, 4319624.743, 102
Trd, 4319626.993, 99
Trd, 4319627.343, 99
Trd, 4319628.543, 101
Trd, 4319629.493, 104
Trd, 4319630.693, 105
Trd, 4319631.693, 105
Trd, 4319632.443, 104
Trd, 4319633.093, 105
Trd, 4319633.593, 104
Trd, 4319635.393, 94
Trd, 4319638.093, 96
Trd, 4319638.493, 96
Trd, 4319639.793, 97
Trd, 4319641.293, 104
Trd, 4319641.493, 103
Trd, 4319642.343, 102
Trd, 4319645.493, 105
Trd, 4319645.843, 104
Trd, 4319645.943, 104
Trd, 4319648.443, 105
Trd, 4319649.443, 106
Trd, 4319649.793, 106
Trd, 4319650.543, 105
Trd, 4319651.293, 104
Trd, 4319653.193, 99
Trd, 4319655.593, 103
Trd, 4319658.393, 107
Trd, 4319658.443, 105
Trd, 4319661.343, 97
Trd, 4319662.043, 94
Trd, 4319663.793, 99
Trd, 4319664.443, 100
Trd, 4319664.793, 100
Trd, 4319665.893, 100
Trd, 4319667.743, 95
Trd, 4319669.543, 98
Trd, 4319669.693, 97
Trd, 4319671.093, 96
Trd, 4319674.243, 98
Trd, 4319677.043, 98
Trd, 4319678.793, 102
Trd, 4319679.993, 106
Trd, 4319680.193, 104
Trd, 4319680.743, 106
Trd, 4319682.693, 104
Trd, 4319684.693, 99
Trd, 4319685.593, 98
Trd, 4319686.793, 95
Trd, 4319689.343, 99
Trd, 4319690.093, 98
Trd, 4319693.343, 107
Trd, 4319694.143, 109
Trd, 4319695.093, 108
Trd, 4319696.693, 107
Trd, 4319698.243, 104
Trd, 4319699.543, 96
Trd, 4319700.243, 97
Trd, 4319701.943, 100
Trd, 4319702.793, 103
Trd, 4319704.543, 103
Trd, 4319704.843, 104
Trd, 4319706.693, 107
Trd, 4319707.343, 104
Trd, 4319709.343, 104
Trd, 4319712.643, 98
Trd, 4319713.093, 100
Trd, 4319713.993, 100
Trd, 4319714.143, 99
Trd, 4319715.893, 102
Trd, 4319719.093, 104
Trd, 4319720.493, 105
Trd, 4319720.693, 105
Trd, 4319721.293, 106
Trd, 4319721.943, 106
Trd, 4319723.943, 108
Trd, 4319724.393, 107
Trd, 4319725.243, 105
Trd, 4319728.593, 106
Trd, 4319729.993, 107
Trd, 4319731.593, 106
Trd, 4319732.693, 106
Trd, 4319734.193, 108
Trd, 4319734.593, 107
Trd, 4319735.443, 105
Trd, 4319735.943, 94
Trd, 4319738.293, 92
Trd, 4319739.693, 98
Trd, 4319741.693, 99
Trd, 4319742.293, 99
Trd, 4319744.143, 98
Trd, 4319744.593, 98
Trd, 4319745.043, 97
Trd, 4319746.593, 99
Trd, 4319748.043, 99
Trd, 4319750.993, 108
Trd, 4319751.193, 105
Trd, 4319752.243, 106
Trd, 4319752.393, 104
Trd, 4319754.693, 98
Trd, 4319757.693, 105
Trd, 4319759.593, 106
Trd, 4319759.793, 106
Trd, 4319760.093, 105
Trd, 4319761.293, 102
Trd, 4319762.493, 97
Trd, 4319763.943, 100
Trd, 4319766.543, 99
Trd, 4319767.693, 100
Trd, 4319768.843, 100
Trd, 4319770.043, 101
Trd, 4319771.243, 102
Trd, 4319771.393, 102
Trd, 4319773.943, 98
Trd, 4319774.293, 97
Trd, 4319774.543, 98
Trd, 4319776.993, 97
Trd, 4319778.343, 97
Trd, 4319780.693, 101
Trd, 4319781.793, 102
Trd, 4319782.343, 104
Trd, 4319783.693, 104
Trd, 4319785.043, 107
Trd, 4319785.893, 107
Trd, 4319786.343, 108
Trd, 4319787.143, 107
Trd, 4319788.793, 96
Trd, 4319789.743, 96
Trd, 4319791.343, 100
Trd, 4319792.543, 102
Trd, 4319793.193, 102
Trd, 4319795.243, 101
Trd, 4319796.393, 100
Trd, 4319797.693, 97
Trd, 4319799.093, 98
Trd, 4319799.493, 98
Trd, 4319800.343, 94
Trd, 4319801.893, 95
Trd, 4319802.343, 96
Trd, 4319803.893, 97
Trd, 4319805.543, 98
Trd, 4319807.543, 101
Trd, 4319809.193, 103
Trd, 4319809.293, 103
Trd, 4319812.193, 102
Trd, 4319813.993, 104
Trd, 4319816.393, 108
Trd, 4319816.893, 107
Trd, 4319818.543, 107
Trd, 4319819.193, 106
Trd, 4319819.993, 106
Trd, 4319820.393, 107
Trd, 4319823.243, 104
Trd, 4319824.243, 102
Trd, 4319826.093, 104
Trd, 4319827.693, 106
Trd, 4319828.493, 106
Trd, 4319830.943, 103
Trd, 4319832.993, 104
Trd, 4319834.043, 109
Trd, 4319836.343, 107
Trd, 4319837.393, 106
Trd, 4319838.443, 106
Trd, 4319840.593, 105
Trd, 4319840.693, 105
Trd, 4319842.843, 95
Trd, 4319843.693, 96
Trd, 4319843.993, 97
Trd, 4319844.593, 94
Trd, 4319845.943, 95
Trd, 4319849.043, 95
Trd, 4319849.393, 96
Trd, 4319851.393, 99
Trd, 4319852.593, 98
Trd, 4319854.143, 99
Trd, 4319855.893, 100
Trd, 4319856.543, 101
Trd, 4319857.343, 102
Trd, 4319859.043, 104
Trd, 4319859.193, 104
Trd, 4319862.343, 88
Trd, 4319862.393, 89
Trd, 4319866.593, 98
Trd, 4319867.343, 97
Trd, 4319867.693, 97
Trd, 4319867.993, 95
Trd, 4319870.543, 97
Trd, 4319872.943, 97
Trd, 4319873.393, 98
Trd, 4319876.143, 105
Trd, 4319876.743, 104
Trd, 4319879.393, 103
Trd, 4319879.893, 100
Trd, 4319881.343, 103
Trd, 4319881.743, 104
Trd, 4319882.693, 104
Trd, 4319884.993, 107
Trd, 4319885.443, 107
Trd, 4319887.043, 104
Trd, 4319887.893, 105
Trd, 4319892.243, 104
Trd, 4319892.793, 104
Trd, 4319892.893, 105
Trd, 4319893.043, 104
Trd, 4319894.093, 104
Trd, 4319894.943, 95
Trd, 4319896.793, 95
Trd, 4319897.493, 94
Trd, 4319898.443, 94
Trd, 4319901.693, 93
Trd, 4319901.843, 93
Trd, 4319902.793, 95
Trd, 4319905.093, 101
Trd, 4319907.493, 105
Trd, 4319907.843, 105
Trd, 4319909.693, 96
Trd, 4319912.143, 98
Trd, 4319912.793, 98
Trd, 4319914.343, 98
Trd, 4319915.943, 99
Trd, 4319918.243, 102
Trd, 4319920.193, 103
Trd, 4319920.893, 101
Trd, 4319921.543, 101
Trd, 4319921.943, 100
Trd, 4319924.943, 98
Trd, 4319926.043, 99
Trd, 4319926.393, 100
Trd, 4319927.443, 100
Trd, 4319930.393, 106
Trd, 4319930.593, 105
Trd, 4319931.043, 104
Trd, 4319933.393, 103
Trd, 4319934.393, 103
Trd, 4319935.043, 103
Trd, 4319935.493, 103
Trd, 4319935.543, 102
Trd, 4319937.943, 102
Trd, 4319939.543, 102
Trd, 4319941.043, 103
Trd, 4319942.443, 111
Trd, 4319943.493, 112
Trd, 4319944.943, 111
Trd, 4319946.343, 113
Trd, 4319946.393, 110
Trd, 4319948.593, 95
Trd, 4319951.843, 103
Trd, 4319952.643, 103
Trd, 4319954.493, 107
Trd, 4319954.893, 108
Trd, 4319956.993, 105
Trd, 4319958.843, 101
Trd, 4319959.793, 102
Trd, 4319960.293, 101
Trd, 4319961.243, 102
Trd, 4319961.993, 100
Trd, 4319964.743, 100
Trd, 4319964.943, 100
Trd, 4319966.793, 100
Trd, 4319967.743, 100
Trd, 4319967.793, 98
Trd, 4319971.443, 108
Trd, 4319971.793, 106
Trd, 4319972.743, 106
Trd, 4319973.393, 105
Trd, 4319974.193, 105
Trd, 4319974.793, 104
Trd, 4319976.493, 103
Trd, 4319978.593, 99
Trd, 4319979.493, 100
Trd, 4319982.743, 102
Trd, 4319983.193, 101
Trd, 4319984.443, 100
Trd, 4319985.243, 100
Trd, 4319986.243, 99
Trd, 4319987.843, 98
Trd, 4319990.343, 101
Trd, 4319990.493, 101
Trd, 4319991.293, 94
Trd, 4319994.443, 96
Trd, 4319995.343, 98
Trd, 4319995.393, 97
Trd, 4319996.893, 98
Trd, 4319997.193, 97
Trd, 4319999.793, 100
