Trd, 4317883.543, 105
Trd, 4317883.993, 88
Trd, 4317884.043, 96
Trd, 4317886.393, 87
Trd, 4317887.693, 87
Trd, 4317888.593, 96
Trd, 4317889.993, 105
Trd, 4317891.243, 96
Trd, 4317891.593, 92
Trd, 4317893.193, 90
Trd, 4317893.293, 96
Trd, 4317894.793, 90
Trd, 4317895.943, 89
Trd, 4317897.093, 89
Trd, 4317897.893, 100
Trd, 4317898.943, 96
Trd, 4317900.193, 105
Trd, 4317902.243, 93
Trd, 4317903.393, 94
Trd, 4317905.843, 95
Trd, 4317906.593, 92
Trd, 4317906.943, 95
Trd, 4317907.393, 93
Trd, 4317910.243, 105
Trd, 4317911.893, 96
Trd, 4317912.493, 94
Trd, 4317913.793, 112
Trd, 4317914.743, 98
Trd, 4317915.643, 99
Trd, 4317916.093, 107
Trd, 4317916.243, 104
Trd, 4317920.043, 105
Trd, 4317921.393, 104
Trd, 4317922.193, 104
Trd, 4317923.243, 102
Trd, 4317925.093, 103
Trd, 4317925.493, 101
Trd, 4317927.343, 106
Trd, 4317928.443, 101
Trd, 4317928.493, 106
Trd, 4317929.993, 101
Trd, 4317933.193, 104
Trd, 4317933.393, 101
Trd, 4317933.793, 101
Trd, 4317935.443, 100
Trd, 4317936.693, 98
Trd, 4317937.593, 94
Trd, 4317939.343, 92
Trd, 4317939.693, 98
Trd, 4317940.443, 95
Trd, 4317940.643, 105
Trd, 4317942.643, 97
Trd, 4317942.893, 93
Trd, 4317945.193, 100
Trd, 4317946.243, 100
Trd, 4317947.343, 105
Trd, 4317947.593, 104
Trd, 4317949.443, 102
Trd, 4317949.943, 101
Trd, 4317951.293, 101
Trd, 4317953.543, 100
Trd, 4317954.193, 103
Trd, 4317954.893, 99
Trd, 4317957.343, 100
Trd, 4317957.493, 98
Trd, 4317957.643, 101
Trd, 4317959.043, 90
Trd, 4317960.043, 94
Trd, 4317960.993, 104
Trd, 4317961.893, 98
Trd, 4317962.943, 98
Trd, 4317964.793, 98
Trd, 4317967.143, 101
Trd, 4317968.893, 98
Trd, 4317969.693, 99
Trd, 4317971.643, 98
Trd, 4317973.843, 97
Trd, 4317974.493, 99
Trd, 4317974.893, 96
Trd, 4317975.093, 96
Trd, 4317975.943, 107
Trd, 4317977.693, 105
Trd, 4317977.893, 94
Trd, 4317980.043, 104
Trd, 4317981.493, 102
Trd, 4317981.943, 102
Trd, 4317982.893, 77
Trd, 4317985.343, 100
Trd, 4317985.743, 98
Trd, 4317986.893, 94
Trd, 4317989.193, 89
Trd, 4317989.693, 97
Trd, 4317989.793, 96
Trd, 4317990.793, 97
Trd, 4317991.393, 95
Trd, 4317991.743, 105
Trd, 4317991.843, 79
Trd, 4317993.243, 99
Trd, 4317998.093, 94
Trd, 4317999.143, 94
Trd, 4318000.493, 93
Trd, 4318000.843, 105
Trd, 4318002.193, 92
Trd, 4318005.993, 91
Trd, 4318006.443, 97
Trd, 4318007.543, 97
Trd, 4318008.293, 92
Trd, 4318010.793, 96
Trd, 4318011.243, 92
Trd, 4318011.743, 104
Trd, 4318013.193, 94
Trd, 4318013.743, 99
Trd, 4318015.993, 95
Trd, 4318016.543, 95
Trd, 4318016.643, 94
Trd, 4318017.643, 93
Trd, 4318018.743, 79
Trd, 4318020.493, 95
Trd, 4318021.243, 95
Trd, 4318022.043, 92
Trd, 4318022.793, 92
Trd, 4318023.043, 92
Trd, 4318024.043, 91
Trd, 4318026.343, 92
Trd, 4318026.793, 104
Trd, 4318029.143, 102
Trd, 4318030.643, 103
Trd, 4318031.393, 102
Trd, 4318032.243, 99
Trd, 4318033.793, 98
Trd, 4318034.043, 101
Trd, 4318036.393, 97
Trd, 4318037.643, 96
Trd, 4318039.693, 94
Trd, 4318040.143, 89
Trd, 4318040.343, 87
Trd, 4318041.143, 92
Trd, 4318042.393, 95
Trd, 4318043.843, 91
Trd, 4318046.043, 93
Trd, 4318046.393, 92
Trd, 4318049.293, 106
Trd, 4318049.493, 101
Trd, 4318050.243, 95
Trd, 4318050.693, 94
Trd, 4318052.893, 94
Trd, 4318054.243, 94
Trd, 4318056.443, 97
Trd, 4318056.593, 103
Trd, 4318058.193, 103
Trd, 4318060.843, 98
Trd, 4318061.943, 97
Trd, 4318063.643, 96
Trd, 4318063.693, 99
Trd, 4318063.843, 95
Trd, 4318065.543, 95
Trd, 4318065.793, 94
Trd, 4318066.243, 104
Trd, 4318068.443, 94
Trd, 4318071.043, 94
Trd, 4318072.693, 95
Trd, 4318073.193, 95
Trd, 4318076.193, 110
Trd, 4318077.493, 102
Trd, 4318077.643, 105
Trd, 4318078.093, 100
Trd, 4318079.243, 80
Trd, 4318079.793, 98
Trd, 4318081.743, 92
Trd, 4318082.493, 107
Trd, 4318082.593, 90
Trd, 4318083.443, 94
Trd, 4318084.043, 95
Trd, 4318086.493, 100
Trd, 4318086.993, 99
Trd, 4318087.643, 106
Trd, 4318091.293, 102
Trd, 4318092.093, 101
Trd, 4318092.393, 100
Trd, 4318092.743, 100
Trd, 4318094.443, 102
Trd, 4318096.043, 100
Trd, 4318096.693, 103
Trd, 4318097.343, 104
Trd, 4318099.543, 103
Trd, 4318100.293, 111
Trd, 4318100.643, 103
Trd, 4318102.393, 96
Trd, 4318103.693, 101
Trd, 4318105.143, 102
Trd, 4318105.793, 94
Trd, 4318106.943, 99
Trd, 4318108.343, 99
Trd, 4318108.793, 95
Trd, 4318109.993, 94
Trd, 4318111.493, 95
Trd, 4318112.843, 94
Trd, 4318113.693, 95
Trd, 4318114.493, 92
Trd, 4318117.943, 94
Trd, 4318118.143, 96
Trd, 4318118.693, 104
Trd, 4318119.893, 94
Trd, 4318120.843, 99
Trd, 4318123.843, 94
Trd, 4318127.193, 97
Trd, 4318127.843, 99
Trd, 4318129.093, 93
Trd, 4318130.293, 104
Trd, 4318131.443, 100
Trd, 4318131.843, 99
Trd, 4318133.943, 95
Trd, 4318135.543, 98
Trd, 4318135.893, 97
Trd, 4318135.993, 94
Trd, 4318139.093, 98
Trd, 4318139.393, 98
Trd, 4318140.093, 104
Trd, 4318142.243, 99
Trd, 4318142.943, 98
Trd, 4318144.543, 98
Trd, 4318145.643, 97
Trd, 4318145.943, 101
Trd, 4318146.793, 83
Trd, 4318147.593, 96
Trd, 4318147.843, 91
Trd, 4318148.593, 104
Trd, 4318150.243, 92
Trd, 4318151.843, 79
Trd, 4318152.493, 89
Trd, 4318153.193, 98
Trd, 4318153.693, 92
Trd, 4318154.393, 104
Trd, 4318155.393, 105
Trd, 4318156.693, 94
Trd, 4318159.543, 94
Trd, 4318161.493, 93
Trd, 4318162.293, 92
Trd, 4318163.593, 91
Trd, 4318163.993, 99
Trd, 4318164.843, 91
Trd, 4318165.543, 100
Trd, 4318166.593, 96
Trd, 4318168.593, 94
Trd, 4318170.643, 100
Trd, 4318171.093, 94
Trd, 4318171.343, 93
Trd, 4318174.743, 95
Trd, 4318176.093, 92
Trd, 4318176.443, 97
Trd, 4318176.943, 92
Trd, 4318177.743, 95
Trd, 4318178.193, 92
Trd, 4318180.543, 91
Trd, 4318180.643, 95
Trd, 4318180.693, 91
Trd, 4318183.443, 95
Trd, 4318185.043, 92
Trd, 4318186.593, 95
Trd, 4318189.093, 93
Trd, 4318189.293, 95
Trd, 4318189.743, 92
Trd, 4318191.493, 93
Trd, 4318192.193, 105
Trd, 4318193.693, 92
Trd, 4318194.593, 90
Trd, 4318195.843, 92
Trd, 4318197.443, 92
Trd, 4318197.893, 91
Trd, 4318197.993, 100
Trd, 4318198.143, 105
Trd, 4318201.293, 90
Trd, 4318204.143, 95
Trd, 4318204.293, 91
Trd, 4318206.093, 91
Trd, 4318208.843, 90
Trd, 4318209.193, 95
Trd, 4318211.093, 93
Trd, 4318212.093, 90
Trd, 4318213.393, 90
Trd, 4318214.593, 94
Trd, 4318217.093, 98
Trd, 4318218.643, 93
Trd, 4318219.993, 94
Trd, 4318221.843, 93
Trd, 4318222.243, 95
Trd, 4318223.743, 94
Trd, 4318227.093, 97
Trd, 4318229.043, 96
Trd, 4318229.143, 93
Trd, 4318229.993, 93
Trd, 4318230.343, 95
Trd, 4318230.693, 92
Trd, 4318232.393, 92
Trd, 4318232.443, 92
Trd, 4318233.893, 105
Trd, 4318239.543, 98
Trd, 4318241.493, 98
Trd, 4318242.093, 96
Trd, 4318242.843, 96
Trd, 4318243.893, 94
Trd, 4318244.593, 91
Trd, 4318245.993, 94
Trd, 4318248.543, 97
Trd, 4318248.743, 92
Trd, 4318251.293, 96
Trd, 4318252.693, 103
Trd, 4318253.493, 99
Trd, 4318254.643, 98
Trd, 4318257.193, 99
Trd, 4318258.793, 100
Trd, 4318260.943, 98
Trd, 4318261.093, 101
Trd, 4318262.493, 104
Trd, 4318263.343, 101
Trd, 4318263.793, 102
Trd, 4318267.443, 101
Trd, 4318267.743, 100
Trd, 4318272.643, 100
Trd, 4318272.943, 99
Trd, 4318273.093, 99
Trd, 4318273.343, 104
Trd, 4318274.793, 98
Trd, 4318276.843, 103
Trd, 4318280.193, 101
Trd, 4318280.343, 94
Trd, 4318281.893, 97
Trd, 4318282.243, 101
Trd, 4318282.843, 103
Trd, 4318283.843, 101
Trd, 4318287.343, 100
Trd, 4318287.493, 99
Trd, 4318289.093, 98
Trd, 4318290.743, 104
Trd, 4318291.193, 98
Trd, 4318291.693, 98
Trd, 4318293.343, 97
Trd, 4318293.993, 102
Trd, 4318295.993, 98
Trd, 4318297.443, 98
Trd, 4318298.993, 97
Trd, 4318299.093, 104
Trd, 4318299.543, 97
Trd, 4318300.543, 99
Trd, 4318300.743, 94
Trd, 4318302.443, 94
Trd, 4318304.743, 104
Trd, 4318305.493, 96
Trd, 4318305.743, 96
Trd, 4318307.593, 94
Trd, 4318309.043, 99
Trd, 4318310.493, 97
Trd, 4318310.793, 102
Trd, 4318313.443, 98
Trd, 4318313.893, 97
Trd, 4318314.443, 103
Trd, 4318315.143, 104
Trd, 4318317.943, 98
Trd, 4318318.393, 94
Trd, 4318319.593, 93
Trd, 4318319.743, 96
Trd, 4318321.943, 95
Trd, 4318322.143, 95
Trd, 4318323.593, 98
Trd, 4318323.793, 103
Trd, 4318325.843, 78
Trd, 4318326.693, 98
Trd, 4318328.443, 97
Trd, 4318330.493, 95
Trd, 4318331.593, 96
Trd, 4318332.243, 99
Trd, 4318333.343, 94
Trd, 4318335.043, 104
Trd, 4318338.043, 106
Trd, 4318338.893, 103
Trd, 4318340.543, 103
Trd, 4318340.643, 103
Trd, 4318340.993, 94
Trd, 4318341.943, 101
Trd, 4318342.043, 99
Trd, 4318343.743, 99
Trd, 4318345.743, 103
Trd, 4318347.093, 104
Trd, 4318349.293, 100
Trd, 4318349.693, 99
Trd, 4318350.593, 98
Trd, 4318352.043, 98
Trd, 4318352.343, 104
Trd, 4318352.443, 98
Trd, 4318353.993, 97
Trd, 4318356.943, 97
Trd, 4318358.793, 102
Trd, 4318360.293, 96
Trd, 4318363.493, 104
Trd, 4318364.443, 96
Trd, 4318364.843, 97
Trd, 4318366.243, 103
Trd, 4318366.843, 96
Trd, 4318367.143, 95
Trd, 4318371.143, 104
Trd, 4318371.893, 96
Trd, 4318371.993, 95
Trd, 4318373.543, 95
Trd, 4318374.393, 94
Trd, 4318376.093, 97
Trd, 4318377.243, 97
Trd, 4318377.293, 93
Trd, 4318378.643, 93
Trd, 4318380.343, 104
Trd, 4318381.243, 94
Trd, 4318383.093, 94
Trd, 4318385.293, 94
Trd, 4318385.793, 95
Trd, 4318387.543, 93
Trd, 4318387.693, 93
Trd, 4318388.393, 99
Trd, 4318390.843, 102
Trd, 4318393.143, 97
Trd, 4318394.993, 98
Trd, 4318396.643, 97
Trd, 4318397.243, 96
Trd, 4318397.943, 94
Trd, 4318399.243, 101
Trd, 4318399.593, 97
Trd, 4318400.493, 109
Trd, 4318400.593, 96
Trd, 4318400.693, 96
Trd, 4318403.843, 98
Trd, 4318405.743, 96
Trd, 4318409.393, 97
Trd, 4318409.993, 97
Trd, 4318410.493, 94
Trd, 4318412.393, 96
Trd, 4318412.743, 95
Trd, 4318414.543, 94
Trd, 4318415.143, 97
Trd, 4318415.993, 101
Trd, 4318416.143, 92
Trd, 4318419.293, 98
Trd, 4318422.593, 94
Trd, 4318422.693, 93
Trd, 4318423.493, 95
Trd, 4318426.093, 93
Trd, 4318426.993, 94
Trd, 4318427.693, 104
Trd, 4318427.943, 93
Trd, 4318429.043, 98
Trd, 4318429.743, 92
Trd, 4318431.993, 91
Trd, 4318432.793, 99
Trd, 4318434.193, 94
Trd, 4318435.243, 93
Trd, 4318435.943, 93
Trd, 4318437.693, 92
Trd, 4318438.493, 97
Trd, 4318439.893, 92
Trd, 4318441.693, 97
Trd, 4318442.893, 92
Trd, 4318444.193, 91
Trd, 4318447.093, 90
Trd, 4318447.443, 96
Trd, 4318447.593, 98
Trd, 4318449.993, 92
Trd, 4318452.843, 97
Trd, 4318453.493, 91
Trd, 4318456.143, 90
Trd, 4318456.493, 96
Trd, 4318458.093, 98
Trd, 4318458.193, 90
Trd, 4318459.543, 102
Trd, 4318461.043, 95
Trd, 4318461.443, 95
Trd, 4318461.893, 94
Trd, 4318462.493, 80
Trd, 4318463.493, 85
Trd, 4318463.893, 100
Trd, 4318466.743, 94
Trd, 4318466.993, 95
Trd, 4318470.943, 94
Trd, 4318472.293, 95
Trd, 4318473.893, 94
Trd, 4318474.043, 99
Trd, 4318477.493, 93
Trd, 4318479.293, 92
Trd, 4318479.343, 98
Trd, 4318479.993, 96
Trd, 4318482.943, 94
Trd, 4318484.493, 100
Trd, 4318484.593, 105
Trd, 4318486.093, 98
Trd, 4318486.143, 97
Trd, 4318487.193, 101
Trd, 4318487.743, 96
Trd, 4318490.293, 91
Trd, 4318491.843, 90
Trd, 4318491.893, 91
Trd, 4318493.793, 102
Trd, 4318494.043, 97
Trd, 4318494.893, 96
Trd, 4318495.643, 110
Trd, 4318497.593, 100
Trd, 4318497.743, 100
Trd, 4318500.593, 110
Trd, 4318500.743, 103
Trd, 4318501.643, 94
Trd, 4318501.993, 89
Trd, 4318503.693, 88
Trd, 4318505.793, 77
Trd, 4318506.293, 97
Trd, 4318506.643, 87
Trd, 4318507.993, 104
Trd, 4318508.293, 94
Trd, 4318509.043, 94
Trd, 4318511.343, 94
Trd, 4318512.643, 94
Trd, 4318514.743, 93
Trd, 4318516.693, 92
Trd, 4318518.393, 94
Trd, 4318518.443, 92
Trd, 4318518.743, 100
Trd, 4318520.743, 96
Trd, 4318522.143, 92
Trd, 4318523.843, 92
Trd, 4318524.093, 91
Trd, 4318524.793, 91
Trd, 4318526.443, 91
Trd, 4318527.393, 104
Trd, 4318528.043, 100
Trd, 4318528.743, 92
Trd, 4318529.393, 92
Trd, 4318531.343, 91
Trd, 4318532.743, 86
Trd, 4318533.593, 113
Trd, 4318535.143, 96
Trd, 4318535.843, 95
Trd, 4318537.743, 94
Trd, 4318537.843, 95
Trd, 4318537.893, 94
Trd, 4318539.893, 97
Trd, 4318542.493, 96
Trd, 4318543.243, 104
Trd, 4318543.893, 94
Trd, 4318545.393, 93
Trd, 4318545.543, 96
Trd, 4318546.243, 94
Trd, 4318548.093, 93
Trd, 4318549.343, 96
Trd, 4318550.193, 92
Trd, 4318550.993, 98
Trd, 4318551.043, 92
Trd, 4318552.093, 91
Trd, 4318555.343, 94
Trd, 4318556.543, 95
Trd, 4318557.343, 97
Trd, 4318558.693, 93
Trd, 4318559.693, 104
Trd, 4318561.193, 100
Trd, 4318561.693, 100
Trd, 4318563.943, 100
Trd, 4318566.693, 101
Trd, 4318567.293, 99
Trd, 4318567.943, 97
Trd, 4318570.343, 98
Trd, 4318571.043, 97
Trd, 4318572.043, 96
Trd, 4318572.543, 78
Trd, 4318574.043, 91
Trd, 4318576.443, 93
Trd, 4318577.093, 94
Trd, 4318577.593, 94
Trd, 4318579.593, 100
Trd, 4318580.793, 92
Trd, 4318581.343, 91
Trd, 4318582.293, 91
Trd, 4318582.443, 97
Trd, 4318583.943, 90
Trd, 4318584.543, 102
Trd, 4318586.893, 89
Trd, 4318588.793, 88
Trd, 4318589.593, 88
Trd, 4318590.993, 94
Trd, 4318591.993, 91
Trd, 4318592.993, 91
Trd, 4318594.293, 91
Trd, 4318595.043, 95
Trd, 4318597.493, 92
Trd, 4318599.693, 93
Trd, 4318600.393, 92
Trd, 4318601.443, 94
Trd, 4318602.043, 104
Trd, 4318602.543, 93
Trd, 4318605.993, 92
Trd, 4318606.643, 92
Trd, 4318607.593, 95
Trd, 4318609.393, 91
Trd, 4318609.693, 103
Trd, 4318609.993, 91
Trd, 4318613.243, 100
Trd, 4318613.343, 94
Trd, 4318613.393, 91
Trd, 4318618.343, 95
Trd, 4318618.993, 92
Trd, 4318619.493, 95
Trd, 4318619.793, 91
Trd, 4318622.093, 95
Trd, 4318622.143, 94
Trd, 4318625.993, 96
Trd, 4318626.843, 99
Trd, 4318627.893, 98
Trd, 4318628.293, 105
Trd, 4318631.243, 97
Trd, 4318633.293, 96
Trd, 4318634.243, 86
Trd, 4318634.393, 99
Trd, 4318635.343, 92
Trd, 4318636.993, 93
Trd, 4318639.193, 104
Trd, 4318640.693, 95
Trd, 4318641.043, 96
Trd, 4318642.343, 105
Trd, 4318644.143, 93
Trd, 4318645.143, 98
Trd, 4318646.643, 104
Trd, 4318648.193, 100
Trd, 4318648.443, 104
Trd, 4318649.493, 99
Trd, 4318652.393, 95
Trd, 4318652.643, 94
Trd, 4318654.493, 99
Trd, 4318655.143, 98
Trd, 4318655.593, 104
Trd, 4318657.043, 97
Trd, 4318659.093, 96
Trd, 4318659.793, 101
Trd, 4318659.893, 96
Trd, 4318661.193, 97
Trd, 4318661.993, 96
Trd, 4318665.843, 96
Trd, 4318668.343, 99
Trd, 4318668.893, 98
Trd, 4318671.393, 99
Trd, 4318671.693, 98
Trd, 4318672.993, 104
Trd, 4318674.993, 99
Trd, 4318676.793, 104
Trd, 4318677.993, 102
Trd, 4318679.243, 98
Trd, 4318679.343, 98
Trd, 4318680.693, 97
Trd, 4318681.493, 97
Trd, 4318682.743, 96
Trd, 4318683.343, 96
Trd, 4318686.393, 98
Trd, 4318687.543, 95
Trd, 4318687.693, 98
Trd, 4318688.243, 94
Trd, 4318691.243, 94
Trd, 4318693.943, 101
Trd, 4318694.293, 99
Trd, 4318694.743, 94
Trd, 4318696.093, 94
Trd, 4318698.543, 95
Trd, 4318698.843, 93
Trd, 4318701.543, 95
Trd, 4318701.593, 92
Trd, 4318702.943, 92
Trd, 4318704.393, 98
Trd, 4318705.843, 96
Trd, 4318710.193, 93
Trd, 4318710.393, 93
Trd, 4318710.843, 93
Trd, 4318711.043, 96
Trd, 4318713.743, 96
Trd, 4318715.593, 92
Trd, 4318716.593, 96
Trd, 4318717.993, 98
Trd, 4318718.593, 94
Trd, 4318718.793, 91
Trd, 4318722.093, 97
Trd, 4318722.193, 104
Trd, 4318723.743, 93
Trd, 4318724.643, 93
Trd, 4318724.893, 93
Trd, 4318728.293, 93
Trd, 4318730.193, 92
Trd, 4318731.093, 92
Trd, 4318731.143, 91
Trd, 4318731.593, 101
Trd, 4318733.443, 90
Trd, 4318733.793, 96
Trd, 4318734.493, 104
Trd, 4318734.893, 91
Trd, 4318737.143, 90
Trd, 4318739.643, 89
Trd, 4318739.993, 95
Trd, 4318740.293, 101
Trd, 4318740.643, 92
Trd, 4318744.443, 92
Trd, 4318744.993, 92
Trd, 4318745.293, 95
Trd, 4318749.393, 95
Trd, 4318749.543, 97
Trd, 4318750.043, 91
Trd, 4318750.443, 91
Trd, 4318751.393, 104
Trd, 4318751.793, 90
Trd, 4318752.893, 89
Trd, 4318753.343, 96
Trd, 4318753.943, 91
Trd, 4318756.893, 96
Trd, 4318756.993, 92
Trd, 4318760.043, 94
Trd, 4318761.043, 94
Trd, 4318763.043, 96
Trd, 4318764.543, 93
Trd, 4318767.293, 92
Trd, 4318768.993, 96
Trd, 4318769.643, 94
Trd, 4318771.293, 94
Trd, 4318773.293, 94
Trd, 4318773.543, 93
Trd, 4318774.343, 87
Trd, 4318775.143, 91
Trd, 4318778.493, 94
Trd, 4318779.993, 92
Trd, 4318780.993, 99
Trd, 4318781.243, 91
Trd, 4318783.443, 91
Trd, 4318784.743, 103
Trd, 4318785.143, 94
Trd, 4318786.943, 96
Trd, 4318788.543, 95
Trd, 4318789.543, 99
Trd, 4318791.143, 98
Trd, 4318791.293, 95
Trd, 4318791.443, 94
Trd, 4318793.443, 96
Trd, 4318793.643, 93
Trd, 4318794.843, 77
Trd, 4318797.593, 90
Trd, 4318799.843, 98
Trd, 4318800.043, 89
Trd, 4318801.143, 89
Trd, 4318803.043, 90
Trd, 4318805.793, 89
Trd, 4318805.843, 91
Trd, 4318807.993, 104
Trd, 4318811.093, 88
Trd, 4318811.693, 89
Trd, 4318815.743, 92
Trd, 4318816.693, 87
Trd, 4318817.443, 86
Trd, 4318820.543, 97
Trd, 4318821.043, 101
Trd, 4318821.543, 86
Trd, 4318821.643, 86
Trd, 4318823.843, 94
Trd, 4318826.443, 88
Trd, 4318827.693, 87
Trd, 4318827.993, 87
Trd, 4318828.893, 93
Trd, 4318829.443, 96
Trd, 4318831.093, 88
Trd, 4318835.743, 87
Trd, 4318836.743, 90
Trd, 4318838.043, 87
Trd, 4318838.443, 99
Trd, 4318839.693, 93
Trd, 4318840.393, 91
Trd, 4318842.393, 104
Trd, 4318843.193, 95
Trd, 4318843.643, 96
Trd, 4318845.893, 109
Trd, 4318847.343, 108
Trd, 4318848.893, 106
Trd, 4318849.343, 105
Trd, 4318851.193, 104
Trd, 4318852.143, 96
Trd, 4318853.993, 100
Trd, 4318854.843, 94
Trd, 4318855.643, 104
Trd, 4318857.243, 100
Trd, 4318857.393, 99
Trd, 4318859.343, 101
Trd, 4318859.943, 98
Trd, 4318860.743, 99
Trd, 4318861.293, 103
Trd, 4318861.343, 94
Trd, 4318865.693, 105
Trd, 4318866.643, 98
Trd, 4318867.293, 104
Trd, 4318867.493, 99
Trd, 4318871.093, 99
Trd, 4318872.243, 98
Trd, 4318873.843, 100
Trd, 4318876.543, 102
Trd, 4318876.643, 100
Trd, 4318876.743, 100
Trd, 4318879.443, 100
Trd, 4318879.993, 94
Trd, 4318882.043, 98
Trd, 4318882.743, 97
Trd, 4318883.593, 88
Trd, 4318884.443, 95
Trd, 4318886.993, 94
Trd, 4318888.093, 94
Trd, 4318888.143, 102
Trd, 4318889.993, 93
Trd, 4318890.943, 94
Trd, 4318892.343, 97
Trd, 4318892.943, 96
Trd, 4318894.793, 98
Trd, 4318896.293, 95
Trd, 4318897.593, 95
Trd, 4318901.393, 94
Trd, 4318903.593, 97
Trd, 4318903.893, 93
Trd, 4318903.993, 93
Trd, 4318906.143, 97
Trd, 4318907.993, 94
Trd, 4318908.443, 92
Trd, 4318908.743, 92
Trd, 4318909.943, 91
Trd, 4318910.293, 95
Trd, 4318911.643, 92
Trd, 4318915.293, 95
Trd, 4318916.443, 98
Trd, 4318917.293, 96
Trd, 4318918.693, 95
Trd, 4318918.943, 104
Trd, 4318920.593, 95
Trd, 4318921.693, 111
Trd, 4318924.943, 99
Trd, 4318926.193, 98
Trd, 4318927.743, 97
Trd, 4318929.093, 99
Trd, 4318929.943, 77
Trd, 4318931.043, 90
Trd, 4318931.393, 90
Trd, 4318933.443, 92
Trd, 4318934.843, 91
Trd, 4318935.743, 84
Trd, 4318937.243, 91
Trd, 4318940.693, 89
Trd, 4318941.093, 100
Trd, 4318941.843, 99
Trd, 4318942.393, 93
Trd, 4318944.943, 97
Trd, 4318945.993, 97
Trd, 4318946.043, 97
Trd, 4318948.343, 101
Trd, 4318949.643, 98
Trd, 4318950.293, 100
Trd, 4318951.593, 104
Trd, 4318952.443, 98
Trd, 4318956.743, 98
Trd, 4318957.093, 96
Trd, 4318958.193, 102
Trd, 4318958.993, 97
Trd, 4318960.643, 99
Trd, 4318960.843, 96
Trd, 4318961.143, 94
Trd, 4318961.343, 94
Trd, 4318963.843, 96
Trd, 4318964.043, 93
Trd, 4318964.743, 99
Trd, 4318966.193, 102
Trd, 4318967.593, 98
Trd, 4318967.693, 97
Trd, 4318969.193, 97
Trd, 4318970.993, 87
Trd, 4318972.293, 104
Trd, 4318972.843, 95
Trd, 4318975.493, 96
Trd, 4318976.593, 103
Trd, 4318976.693, 95
Trd, 4318977.693, 94
Trd, 4318979.143, 94
Trd, 4318980.543, 103
Trd, 4318981.793, 97
Trd, 4318981.843, 95
Trd, 4318984.293, 93
Trd, 4318984.943, 102
Trd, 4318985.043, 94
Trd, 4318985.493, 87
Trd, 4318986.593, 79
Trd, 4318988.293, 88
Trd, 4318990.743, 93
Trd, 4318991.343, 99
Trd, 4318992.043, 93
Trd, 4318995.243, 92
Trd, 4318995.843, 102
Trd, 4318998.493, 92
Trd, 4319000.293, 95
Trd, 4319000.893, 91
Trd, 4319004.193, 90
Trd, 4319004.293, 95
Trd, 4319005.143, 96
Trd, 4319005.943, 89
Trd, 4319006.243, 89
Trd, 4319006.843, 89
Trd, 4319009.093, 88
Trd, 4319010.543, 102
Trd, 4319011.343, 96
Trd, 4319011.743, 90
Trd, 4319013.343, 90
Trd, 4319013.993, 96
Trd, 4319018.743, 91
Trd, 4319019.293, 96
Trd, 4319020.493, 90
Trd, 4319023.693, 90
Trd, 4319025.143, 89
Trd, 4319025.443, 90
Trd, 4319026.243, 94
Trd, 4319027.593, 95
Trd, 4319029.793, 89
Trd, 4319031.243, 88
Trd, 4319031.643, 93
Trd, 4319032.493, 88
Trd, 4319033.493, 78
Trd, 4319034.893, 87
Trd, 4319035.493, 80
Trd, 4319035.693, 87
Trd, 4319037.393, 101
Trd, 4319041.243, 102
Trd, 4319041.643, 96
Trd, 4319041.943, 87
Trd, 4319044.643, 92
Trd, 4319045.143, 97
Trd, 4319046.593, 92
Trd, 4319049.043, 95
Trd, 4319049.843, 93
Trd, 4319051.443, 96
Trd, 4319051.543, 92
Trd, 4319053.993, 91
Trd, 4319057.243, 91
Trd, 4319058.043, 90
Trd, 4319058.193, 95
Trd, 4319060.793, 90
Trd, 4319061.093, 95
Trd, 4319062.693, 96
Trd, 4319062.743, 89
Trd, 4319064.693, 91
Trd, 4319066.593, 97
Trd, 4319067.393, 90
Trd, 4319069.943, 96
Trd, 4319070.843, 90
Trd, 4319071.343, 90
Trd, 4319072.593, 90
Trd, 4319073.343, 89
Trd, 4319074.643, 89
Trd, 4319075.743, 104
Trd, 4319078.143, 96
Trd, 4319079.243, 95
Trd, 4319080.943, 88
Trd, 4319081.943, 88
Trd, 4319082.743, 104
Trd, 4319082.893, 87
Trd, 4319086.793, 87
Trd, 4319087.593, 97
Trd, 4319088.143, 97
Trd, 4319089.193, 91
Trd, 4319090.193, 97
Trd, 4319090.943, 102
Trd, 4319091.293, 97
Trd, 4319094.143, 94
Trd, 4319094.293, 94
Trd, 4319095.493, 96
Trd, 4319095.943, 97
Trd, 4319096.943, 94
Trd, 4319099.293, 95
Trd, 4319099.993, 93
Trd, 4319101.243, 93
Trd, 4319102.843, 96
Trd, 4319102.943, 91
Trd, 4319104.393, 86
Trd, 4319104.643, 95
Trd, 4319105.193, 79
Trd, 4319106.143, 82
Trd, 4319108.393, 87
Trd, 4319108.843, 87
Trd, 4319109.593, 88
Trd, 4319112.243, 91
Trd, 4319114.393, 95
Trd, 4319114.993, 91
Trd, 4319115.693, 90
Trd, 4319118.193, 92
Trd, 4319118.443, 89
Trd, 4319120.293, 89
Trd, 4319120.393, 93
Trd, 4319121.593, 99
Trd, 4319121.793, 94
Trd, 4319124.293, 94
Trd, 4319124.693, 93
Trd, 4319126.043, 98
Trd, 4319126.743, 97
Trd, 4319128.593, 98
Trd, 4319130.793, 96
Trd, 4319130.893, 96
Trd, 4319131.693, 85
Trd, 4319132.593, 81
Trd, 4319132.743, 78
Trd, 4319134.793, 89
Trd, 4319136.193, 95
Trd, 4319136.993, 89
Trd, 4319138.593, 88
Trd, 4319143.593, 89
Trd, 4319143.643, 95
Trd, 4319143.693, 88
Trd, 4319145.093, 87
Trd, 4319146.793, 87
Trd, 4319147.143, 86
Trd, 4319148.793, 105
Trd, 4319150.443, 87
Trd, 4319151.743, 95
Trd, 4319152.843, 86
Trd, 4319152.943, 87
Trd, 4319154.843, 87
Trd, 4319156.743, 88
Trd, 4319160.243, 87
Trd, 4319160.743, 86
Trd, 4319162.443, 85
Trd, 4319163.643, 85
Trd, 4319163.943, 96
Trd, 4319166.743, 84
Trd, 4319167.743, 90
Trd, 4319168.793, 90
Trd, 4319170.643, 86
Trd, 4319172.343, 87
Trd, 4319173.393, 98
Trd, 4319174.843, 93
Trd, 4319176.343, 97
Trd, 4319178.193, 91
Trd, 4319179.243, 90
Trd, 4319180.093, 96
Trd, 4319182.293, 91
Trd, 4319183.493, 91
Trd, 4319184.493, 93
Trd, 4319185.643, 98
Trd, 4319189.393, 91
Trd, 4319190.493, 90
Trd, 4319190.593, 90
Trd, 4319192.593, 89
Trd, 4319193.493, 89
Trd, 4319195.043, 88
Trd, 4319195.093, 95
Trd, 4319198.943, 91
Trd, 4319198.993, 94
Trd, 4319199.843, 104
Trd, 4319200.993, 95
Trd, 4319203.043, 90
Trd, 4319206.443, 93
Trd, 4319207.393, 89
Trd, 4319207.743, 89
Trd, 4319207.793, 93
Trd, 4319210.943, 95
Trd, 4319213.843, 88
Trd, 4319214.743, 88
Trd, 4319214.993, 88
Trd, 4319216.093, 95
Trd, 4319216.193, 87
Trd, 4319219.043, 99
Trd, 4319219.543, 91
Trd, 4319220.593, 89
Trd, 4319223.593, 95
Trd, 4319225.893, 93
Trd, 4319226.243, 92
Trd, 4319226.693, 96
Trd, 4319226.743, 104
Trd, 4319229.493, 94
Trd, 4319229.593, 95
Trd, 4319233.093, 99
Trd, 4319233.643, 94
Trd, 4319234.243, 93
Trd, 4319236.093, 98
Trd, 4319238.043, 94
Trd, 4319239.343, 94
Trd, 4319239.893, 96
Trd, 4319239.943, 94
Trd, 4319240.443, 103
Trd, 4319243.293, 97
Trd, 4319243.793, 96
Trd, 4319246.693, 95
Trd, 4319247.143, 94
Trd, 4319247.843, 94
Trd, 4319248.993, 104
Trd, 4319249.193, 98
Trd, 4319252.943, 96
Trd, 4319253.443, 100
Trd, 4319254.393, 98
Trd, 4319254.793, 95
Trd, 4319255.443, 94
Trd, 4319256.143, 97
Trd, 4319257.943, 96
Trd, 4319258.343, 95
Trd, 4319259.143, 106
Trd, 4319260.393, 104
Trd, 4319260.693, 94
Trd, 4319262.543, 98
Trd, 4319263.943, 96
Trd, 4319265.193, 96
Trd, 4319265.443, 96
Trd, 4319265.893, 89
Trd, 4319267.743, 98
Trd, 4319268.293, 97
Trd, 4319269.043, 104
Trd, 4319269.143, 86
Trd, 4319273.193, 96
Trd, 4319275.143, 98
Trd, 4319275.793, 95
Trd, 4319277.943, 94
Trd, 4319278.043, 94
Trd, 4319278.593, 93
Trd, 4319279.793, 95
Trd, 4319281.043, 101
Trd, 4319282.243, 98
Trd, 4319282.693, 97
Trd, 4319285.943, 97
Trd, 4319286.843, 96
Trd, 4319288.693, 111
Trd, 4319289.593, 105
Trd, 4319289.643, 86
Trd, 4319291.993, 101
Trd, 4319294.893, 103
Trd, 4319294.993, 100
Trd, 4319296.043, 98
Trd, 4319298.243, 99
Trd, 4319299.443, 103
Trd, 4319300.043, 98
Trd, 4319301.993, 101
Trd, 4319302.993, 100
Trd, 4319304.143, 99
Trd, 4319305.693, 99
Trd, 4319305.893, 98
Trd, 4319307.693, 104
Trd, 4319308.093, 102
Trd, 4319309.543, 97
Trd, 4319309.643, 99
Trd, 4319310.093, 97
Trd, 4319312.243, 97
Trd, 4319314.843, 104
Trd, 4319315.143, 97
Trd, 4319316.343, 99
Trd, 4319316.893, 100
Trd, 4319320.643, 98
Trd, 4319320.793, 98
Trd, 4319321.743, 101
Trd, 4319321.793, 97
Trd, 4319325.043, 94
Trd, 4319326.393, 97
Trd, 4319327.093, 98
Trd, 4319327.243, 96
Trd, 4319328.043, 104
Trd, 4319328.293, 96
Trd, 4319329.043, 95
Trd, 4319329.643, 90
Trd, 4319330.143, 93
Trd, 4319332.143, 107
Trd, 4319334.593, 96
Trd, 4319335.443, 96
Trd, 4319335.493, 105
Trd, 4319336.043, 94
Trd, 4319336.693, 85
Trd, 4319340.543, 93
Trd, 4319342.043, 93
Trd, 4319342.843, 94
Trd, 4319343.343, 94
Trd, 4319344.143, 92
Trd, 4319345.543, 105
Trd, 4319346.993, 96
Trd, 4319348.743, 97
Trd, 4319350.943, 94
Trd, 4319352.493, 99
Trd, 4319353.593, 94
Trd, 4319356.643, 93
Trd, 4319357.843, 95
Trd, 4319358.143, 92
Trd, 4319358.443, 98
Trd, 4319359.543, 97
Trd, 4319361.343, 96
Trd, 4319361.393, 96
Trd, 4319362.293, 94
Trd, 4319364.293, 94
Trd, 4319366.043, 93
Trd, 4319366.293, 94
Trd, 4319367.243, 102
Trd, 4319367.443, 94
Trd, 4319369.093, 98
Trd, 4319369.593, 94
Trd, 4319370.243, 94
Trd, 4319371.993, 98
Trd, 4319372.443, 93
Trd, 4319373.193, 101
Trd, 4319375.293, 105
Trd, 4319376.993, 102
Trd, 4319379.293, 99
Trd, 4319379.343, 94
Trd, 4319380.543, 97
Trd, 4319384.043, 98
Trd, 4319384.143, 97
Trd, 4319385.343, 97
Trd, 4319387.143, 96
Trd, 4319387.193, 104
Trd, 4319388.043, 96
Trd, 4319390.843, 111
Trd, 4319391.693, 103
Trd, 4319391.793, 104
Trd, 4319392.543, 103
Trd, 4319395.343, 102
Trd, 4319396.043, 106
Trd, 4319397.543, 102
Trd, 4319397.793, 101
Trd, 4319399.993, 102
Trd, 4319402.243, 101
Trd, 4319402.293, 101
Trd, 4319405.643, 100
Trd, 4319407.943, 104
Trd, 4319409.093, 101
Trd, 4319409.743, 105
Trd, 4319410.243, 100
Trd, 4319413.493, 100
Trd, 4319415.543, 99
Trd, 4319416.293, 105
Trd, 4319417.093, 98
Trd, 4319419.093, 94
Trd, 4319420.443, 98
Trd, 4319421.243, 99
Trd, 4319422.293, 97
Trd, 4319422.743, 96
Trd, 4319423.343, 95
Trd, 4319424.993, 100
Trd, 4319427.293, 98
Trd, 4319427.943, 95
Trd, 4319428.743, 99
Trd, 4319429.793, 94
Trd, 4319430.743, 94
Trd, 4319432.743, 96
Trd, 4319432.893, 94
Trd, 4319433.443, 92
Trd, 4319434.643, 92
Trd, 4319435.943, 95
Trd, 4319437.493, 78
Trd, 4319438.743, 101
Trd, 4319439.293, 94
Trd, 4319439.643, 92
Trd, 4319439.893, 104
Trd, 4319442.393, 90
Trd, 4319442.893, 103
Trd, 4319444.193, 92
Trd, 4319444.693, 96
Trd, 4319444.943, 96
Trd, 4319445.693, 77
Trd, 4319448.093, 97
Trd, 4319449.843, 103
Trd, 4319449.893, 96
Trd, 4319451.693, 94
Trd, 4319452.443, 87
Trd, 4319452.543, 104
Trd, 4319455.243, 94
Trd, 4319456.193, 95
Trd, 4319456.843, 93
Trd, 4319459.293, 95
Trd, 4319459.493, 94
Trd, 4319460.943, 96
Trd, 4319461.443, 93
Trd, 4319462.443, 101
Trd, 4319462.793, 98
Trd, 4319463.643, 96
Trd, 4319467.093, 98
Trd, 4319467.493, 96
Trd, 4319467.593, 94
Trd, 4319469.893, 102
Trd, 4319472.193, 95
Trd, 4319472.493, 94
Trd, 4319474.593, 95
Trd, 4319475.443, 94
Trd, 4319477.143, 94
Trd, 4319477.743, 94
Trd, 4319478.393, 93
Trd, 4319478.743, 96
Trd, 4319479.943, 105
Trd, 4319480.243, 94
Trd, 4319480.893, 104
Trd, 4319483.543, 96
Trd, 4319486.393, 97
Trd, 4319486.643, 97
Trd, 4319487.393, 97
Trd, 4319488.443, 100
Trd, 4319492.043, 98
Trd, 4319493.093, 98
Trd, 4319493.893, 105
Trd, 4319494.043, 104
Trd, 4319495.543, 102
Trd, 4319497.143, 101
Trd, 4319498.393, 95
Trd, 4319499.493, 101
Trd, 4319500.843, 100
Trd, 4319502.893, 94
Trd, 4319504.093, 97
Trd, 4319504.393, 95
Trd, 4319505.893, 97
Trd, 4319506.243, 104
Trd, 4319508.043, 96
Trd, 4319509.543, 96
Trd, 4319509.643, 104
Trd, 4319509.743, 94
Trd, 4319511.493, 95
Trd, 4319513.743, 94
Trd, 4319516.043, 95
Trd, 4319516.693, 94
Trd, 4319516.993, 93
Trd, 4319517.443, 93
Trd, 4319518.593, 93
Trd, 4319519.243, 93
Trd, 4319519.793, 92
Trd, 4319522.143, 93
Trd, 4319522.643, 93
Trd, 4319524.193, 92
Trd, 4319525.793, 98
Trd, 4319526.343, 91
Trd, 4319530.093, 96
Trd, 4319530.543, 91
Trd, 4319530.793, 92
Trd, 4319532.843, 92
Trd, 4319535.193, 93
Trd, 4319535.693, 102
Trd, 4319535.843, 91
Trd, 4319535.893, 91
Trd, 4319537.393, 90
Trd, 4319538.493, 105
Trd, 4319540.543, 96
Trd, 4319541.093, 93
Trd, 4319541.993, 95
Trd, 4319543.043, 96
Trd, 4319544.043, 94
Trd, 4319544.393, 95
Trd, 4319548.393, 95
Trd, 4319550.043, 94
Trd, 4319551.243, 92
Trd, 4319551.293, 91
Trd, 4319553.693, 93
Trd, 4319555.443, 91
Trd, 4319557.643, 95
Trd, 4319557.793, 91
Trd, 4319558.743, 95
Trd, 4319560.743, 90
Trd, 4319561.343, 98
Trd, 4319561.443, 92
Trd, 4319562.943, 91
Trd, 4319565.093, 95
Trd, 4319566.093, 95
Trd, 4319566.793, 92
Trd, 4319569.443, 91
Trd, 4319572.193, 94
Trd, 4319573.043, 90
Trd, 4319574.193, 97
Trd, 4319574.243, 104
Trd, 4319574.493, 90
Trd, 4319575.293, 90
Trd, 4319579.243, 95
Trd, 4319579.693, 100
Trd, 4319580.093, 90
Trd, 4319582.043, 95
Trd, 4319583.293, 104
Trd, 4319584.393, 111
Trd, 4319585.293, 107
Trd, 4319585.893, 106
Trd, 4319588.293, 106
Trd, 4319588.593, 105
Trd, 4319589.343, 107
Trd, 4319591.993, 104
Trd, 4319592.643, 103
Trd, 4319594.193, 92
Trd, 4319596.243, 97
Trd, 4319596.893, 99
Trd, 4319598.643, 98
Trd, 4319601.043, 97
Trd, 4319602.143, 101
Trd, 4319603.443, 98
Trd, 4319604.293, 94
Trd, 4319604.943, 102
Trd, 4319605.193, 95
Trd, 4319605.943, 104
Trd, 4319606.143, 97
Trd, 4319608.843, 96
Trd, 4319610.143, 96
Trd, 4319610.993, 100
Trd, 4319612.693, 102
Trd, 4319614.893, 97
Trd, 4319615.493, 89
Trd, 4319616.543, 92
Trd, 4319617.343, 101
Trd, 4319618.493, 104
Trd, 4319618.893, 96
Trd, 4319619.843, 93
Trd, 4319620.543, 94
Trd, 4319625.693, 96
Trd, 4319625.943, 94
Trd, 4319627.043, 96
Trd, 4319627.843, 93
Trd, 4319629.743, 104
Trd, 4319629.993, 96
Trd, 4319630.193, 93
Trd, 4319632.593, 96
Trd, 4319635.343, 97
Trd, 4319636.443, 100
Trd, 4319636.793, 99
Trd, 4319637.343, 98
Trd, 4319642.093, 98
Trd, 4319642.293, 97
Trd, 4319642.743, 96
Trd, 4319643.343, 100
Trd, 4319645.043, 98
Trd, 4319645.893, 98
Trd, 4319647.043, 96
Trd, 4319647.893, 94
Trd, 4319648.443, 96
Trd, 4319650.643, 98
Trd, 4319651.743, 106
Trd, 4319653.593, 104
Trd, 4319653.643, 96
Trd, 4319655.943, 103
Trd, 4319656.743, 98
Trd, 4319658.193, 99
Trd, 4319659.893, 98
Trd, 4319662.293, 104
Trd, 4319663.993, 99
Trd, 4319665.143, 99
Trd, 4319666.143, 94
Trd, 4319666.993, 91
Trd, 4319667.193, 95
Trd, 4319669.693, 112
Trd, 4319670.143, 101
Trd, 4319670.293, 101
Trd, 4319671.793, 101
Trd, 4319674.393, 100
Trd, 4319674.843, 107
Trd, 4319677.593, 100
Trd, 4319678.343, 100
Trd, 4319679.043, 94
Trd, 4319680.143, 89
Trd, 4319682.293, 88
Trd, 4319683.093, 96
Trd, 4319683.643, 94
Trd, 4319684.643, 94
Trd, 4319687.393, 95
Trd, 4319689.693, 95
Trd, 4319689.943, 96
Trd, 4319690.193, 103
Trd, 4319690.293, 94
Trd, 4319690.693, 93
Trd, 4319690.943, 104
Trd, 4319694.143, 97
Trd, 4319695.293, 93
Trd, 4319698.143, 98
Trd, 4319699.243, 92
Trd, 4319699.893, 94
Trd, 4319702.493, 94
Trd, 4319702.593, 93
Trd, 4319702.743, 100
Trd, 4319702.943, 92
Trd, 4319703.493, 91
Trd, 4319705.893, 104
Trd, 4319706.793, 92
Trd, 4319707.393, 91
Trd, 4319709.193, 99
Trd, 4319709.293, 91
Trd, 4319711.043, 97
Trd, 4319713.543, 90
Trd, 4319715.793, 100
Trd, 4319716.343, 92
Trd, 4319717.393, 94
Trd, 4319719.543, 97
Trd, 4319720.043, 93
Trd, 4319721.643, 104
Trd, 4319722.593, 91
Trd, 4319723.743, 97
Trd, 4319723.893, 91
Trd, 4319724.343, 90
Trd, 4319727.343, 93
Trd, 4319727.593, 91
Trd, 4319728.843, 89
Trd, 4319729.443, 105
Trd, 4319731.193, 102
Trd, 4319733.193, 90
Trd, 4319735.643, 89
Trd, 4319736.493, 95
Trd, 4319737.593, 88
Trd, 4319740.243, 91
Trd, 4319740.493, 88
Trd, 4319741.693, 96
Trd, 4319744.443, 98
Trd, 4319744.993, 94
Trd, 4319746.293, 93
Trd, 4319747.143, 76
Trd, 4319748.293, 89
Trd, 4319748.393, 96
Trd, 4319751.943, 89
Trd, 4319752.343, 98
Trd, 4319752.943, 95
Trd, 4319754.743, 89
Trd, 4319756.193, 88
Trd, 4319758.043, 88
Trd, 4319759.293, 95
Trd, 4319760.943, 92
Trd, 4319761.693, 95
Trd, 4319763.043, 91
Trd, 4319764.093, 97
Trd, 4319764.143, 91
Trd, 4319767.293, 95
Trd, 4319769.143, 94
Trd, 4319770.293, 97
Trd, 4319771.343, 102
Trd, 4319771.743, 95
Trd, 4319772.443, 97
Trd, 4319775.193, 99
Trd, 4319775.943, 97
Trd, 4319776.243, 96
Trd, 4319778.443, 95
Trd, 4319779.193, 98
Trd, 4319779.443, 95
Trd, 4319780.293, 94
Trd, 4319782.543, 104
Trd, 4319784.093, 97
Trd, 4319784.793, 97
Trd, 4319785.143, 104
Trd, 4319785.793, 96
Trd, 4319787.093, 96
Trd, 4319789.443, 107
Trd, 4319790.743, 98
Trd, 4319792.993, 99
Trd, 4319793.043, 98
Trd, 4319795.893, 103
Trd, 4319796.443, 98
Trd, 4319799.293, 98
Trd, 4319799.493, 97
Trd, 4319799.793, 99
Trd, 4319801.143, 94
Trd, 4319802.643, 100
Trd, 4319803.893, 96
Trd, 4319804.043, 96
Trd, 4319804.693, 94
Trd, 4319806.893, 96
Trd, 4319807.243, 95
Trd, 4319808.993, 94
Trd, 4319809.643, 99
Trd, 4319811.243, 98
Trd, 4319811.893, 83
Trd, 4319812.943, 96
Trd, 4319813.293, 94
Trd, 4319813.843, 95
Trd, 4319814.743, 96
Trd, 4319815.093, 97
Trd, 4319817.443, 80
Trd, 4319819.343, 94
Trd, 4319820.193, 104
Trd, 4319821.143, 97
Trd, 4319822.243, 96
Trd, 4319823.643, 88
Trd, 4319824.993, 97
Trd, 4319825.593, 93
Trd, 4319828.493, 92
Trd, 4319828.943, 88
Trd, 4319829.193, 72
Trd, 4319829.643, 87
Trd, 4319832.993, 95
Trd, 4319835.593, 97
Trd, 4319835.943, 92
Trd, 4319836.693, 91
Trd, 4319837.043, 88
Trd, 4319839.143, 99
Trd, 4319841.193, 93
Trd, 4319841.443, 93
Trd, 4319842.193, 96
Trd, 4319842.793, 92
Trd, 4319843.793, 91
Trd, 4319846.293, 92
Trd, 4319847.193, 97
Trd, 4319848.443, 97
Trd, 4319849.743, 96
Trd, 4319851.093, 99
Trd, 4319852.293, 94
Trd, 4319852.793, 94
Trd, 4319855.193, 104
Trd, 4319856.193, 95
Trd, 4319856.343, 94
Trd, 4319859.043, 94
Trd, 4319860.943, 98
Trd, 4319862.093, 93
Trd, 4319863.243, 92
Trd, 4319864.443, 94
Trd, 4319866.543, 92
Trd, 4319867.093, 94
Trd, 4319867.593, 95
Trd, 4319871.043, 94
Trd, 4319871.693, 91
Trd, 4319873.693, 92
Trd, 4319873.743, 91
Trd, 4319873.843, 95
Trd, 4319875.593, 96
Trd, 4319876.193, 91
Trd, 4319877.793, 96
Trd, 4319878.743, 91
Trd, 4319880.043, 91
Trd, 4319880.493, 91
Trd, 4319881.793, 105
Trd, 4319885.043, 95
Trd, 4319885.243, 99
Trd, 4319889.693, 93
Trd, 4319890.593, 92
Trd, 4319891.593, 102
Trd, 4319893.993, 96
Trd, 4319895.243, 94
Trd, 4319895.993, 99
Trd, 4319898.693, 96
Trd, 4319899.443, 98
Trd, 4319899.993, 95
Trd, 4319902.093, 95
Trd, 4319905.843, 95
Trd, 4319907.743, 94
Trd, 4319908.543, 96
Trd, 4319908.943, 93
Trd, 4319910.443, 93
Trd, 4319912.643, 98
Trd, 4319913.643, 97
Trd, 4319913.843, 95
Trd, 4319914.593, 94
Trd, 4319916.293, 95
Trd, 4319916.393, 104
Trd, 4319917.043, 93
Trd, 4319918.343, 96
Trd, 4319921.543, 104
Trd, 4319922.143, 99
Trd, 4319922.293, 96
Trd, 4319923.893, 95
Trd, 4319925.143, 94
Trd, 4319927.243, 98
Trd, 4319929.393, 104
Trd, 4319930.093, 96
Trd, 4319932.493, 98
Trd, 4319934.993, 99
Trd, 4319937.393, 105
Trd, 4319938.243, 102
Trd, 4319939.193, 101
Trd, 4319939.293, 104
Trd, 4319940.443, 94
Trd, 4319943.693, 104
Trd, 4319943.743, 100
Trd, 4319944.243, 99
Trd, 4319944.893, 94
Trd, 4319947.543, 89
Trd, 4319948.593, 80
Trd, 4319949.443, 99
Trd, 4319949.643, 95
Trd, 4319951.193, 104
Trd, 4319951.643, 93
Trd, 4319952.243, 92
Trd, 4319957.443, 95
Trd, 4319958.343, 96
Trd, 4319958.393, 94
Trd, 4319959.843, 93
Trd, 4319962.093, 93
Trd, 4319963.343, 91
Trd, 4319964.243, 96
Trd, 4319964.743, 92
Trd, 4319964.843, 104
Trd, 4319965.493, 91
Trd, 4319965.893, 81
Trd, 4319967.543, 98
Trd, 4319968.643, 89
Trd, 4319968.993, 93
Trd, 4319971.293, 94
Trd, 4319971.593, 98
Trd, 4319975.443, 96
Trd, 4319975.893, 95
Trd, 4319978.943, 94
Trd, 4319979.743, 93
Trd, 4319980.693, 94
Trd, 4319980.943, 93
Trd, 4319982.143, 92
Trd, 4319983.843, 96
Trd, 4319988.193, 93
Trd, 4319988.643, 96
Trd, 4319988.693, 99
Trd, 4319990.343, 93
Trd, 4319990.443, 92
Trd, 4319991.043, 104
Trd, 4319992.043, 92
Trd, 4319993.193, 98
Trd, 4319995.493, 97
Trd, 4319997.493, 98
Trd, 4319998.143, 96
Trd, 4319998.543, 95
Trd, 4319999.043, 94
Trd, 4319999.443, 99
