Trd, 4317868.093, 100
Trd, 4317869.543, 98
Trd, 4317869.993, 98
Trd, 4317871.043, 96
Trd, 4317871.993, 100
Trd, 4317874.393, 111
Trd, 4317874.743, 104
Trd, 4317875.093, 105
Trd, 4317877.193, 105
Trd, 4317877.243, 112
Trd, 4317881.693, 104
Trd, 4317881.943, 98
Trd, 4317889.293, 103
Trd, 4317889.593, 103
Trd, 4317890.943, 102
Trd, 4317891.393, 107
Trd, 4317893.293, 94
Trd, 4317894.993, 103
Trd, 4317895.693, 102
Trd, 4317896.743, 102
Trd, 4317898.443, 107
Trd, 4317899.093, 106
Trd, 4317901.443, 106
Trd, 4317904.593, 107
Trd, 4317905.193, 106
Trd, 4317906.493, 104
Trd, 4317906.793, 96
Trd, 4317907.143, 100
Trd, 4317907.693, 94
Trd, 4317908.243, 103
Trd, 4317909.293, 93
Trd, 4317910.593, 102
Trd, 4317911.493, 99
Trd, 4317912.843, 95
Trd, 4317914.343, 93
Trd, 4317915.293, 101
Trd, 4317918.143, 103
Trd, 4317919.243, 104
Trd, 4317920.443, 97
Trd, 4317921.393, 100
Trd, 4317922.943, 99
Trd, 4317923.493, 94
Trd, 4317926.493, 97
Trd, 4317928.343, 97
Trd, 4317929.393, 97
Trd, 4317929.693, 96
Trd, 4317930.443, 97
Trd, 4317932.043, 107
Trd, 4317933.393, 98
Trd, 4317935.943, 98
Trd, 4317935.993, 102
Trd, 4317936.693, 99
Trd, 4317938.893, 103
Trd, 4317939.193, 99
Trd, 4317942.093, 94
Trd, 4317943.143, 96
Trd, 4317946.693, 96
Trd, 4317947.293, 97
Trd, 4317948.743, 98
Trd, 4317950.293, 95
Trd, 4317951.343, 94
Trd, 4317952.443, 96
Trd, 4317953.943, 93
Trd, 4317954.193, 93
Trd, 4317954.293, 96
Trd, 4317956.093, 92
Trd, 4317958.393, 96
Trd, 4317961.243, 96
Trd, 4317963.393, 97
Trd, 4317963.893, 94
Trd, 4317964.193, 98
Trd, 4317966.293, 98
Trd, 4317967.543, 96
Trd, 4317968.993, 93
Trd, 4317969.643, 103
Trd, 4317974.143, 97
Trd, 4317975.093, 95
Trd, 4317978.143, 99
Trd, 4317978.543, 104
Trd, 4317979.843, 103
Trd, 4317983.693, 98
Trd, 4317984.893, 100
Trd, 4317986.343, 94
Trd, 4317986.793, 93
Trd, 4317987.243, 85
Trd, 4317988.743, 93
Trd, 4317989.293, 98
Trd, 4317990.393, 92
Trd, 4317991.843, 97
Trd, 4317993.193, 97
Trd, 4317994.893, 97
Trd, 4317995.093, 96
Trd, 4317998.793, 93
Trd, 4317999.743, 95
Trd, 4317999.993, 96
Trd, 4318000.243, 91
Trd, 4318001.543, 88
Trd, 4318002.393, 113
Trd, 4318004.193, 91
Trd, 4318004.293, 96
Trd, 4318006.243, 97
Trd, 4318007.093, 114
Trd, 4318009.893, 102
Trd, 4318010.593, 100
Trd, 4318012.693, 101
Trd, 4318013.643, 99
Trd, 4318015.843, 111
Trd, 4318016.393, 102
Trd, 4318017.343, 109
Trd, 4318019.193, 105
Trd, 4318020.893, 103
Trd, 4318022.143, 104
Trd, 4318023.043, 113
Trd, 4318023.643, 94
Trd, 4318026.043, 100
Trd, 4318026.843, 99
Trd, 4318029.593, 103
Trd, 4318030.093, 94
Trd, 4318031.443, 96
Trd, 4318031.593, 102
Trd, 4318032.343, 96
Trd, 4318032.843, 102
Trd, 4318033.843, 93
Trd, 4318037.543, 94
Trd, 4318038.343, 101
Trd, 4318038.743, 102
Trd, 4318040.243, 93
Trd, 4318041.093, 101
Trd, 4318042.543, 100
Trd, 4318043.793, 98
Trd, 4318047.993, 112
Trd, 4318048.093, 102
Trd, 4318049.193, 105
Trd, 4318049.243, 104
Trd, 4318052.743, 107
Trd, 4318052.843, 97
Trd, 4318054.393, 102
Trd, 4318057.843, 101
Trd, 4318057.943, 93
Trd, 4318059.493, 94
Trd, 4318061.043, 95
Trd, 4318065.143, 99
Trd, 4318065.693, 100
Trd, 4318066.343, 99
Trd, 4318067.993, 94
Trd, 4318073.443, 99
Trd, 4318076.993, 99
Trd, 4318077.593, 100
Trd, 4318078.343, 102
Trd, 4318079.043, 103
Trd, 4318080.743, 101
Trd, 4318081.043, 94
Trd, 4318082.293, 100
Trd, 4318084.043, 100
Trd, 4318084.493, 99
Trd, 4318085.293, 106
Trd, 4318089.943, 104
Trd, 4318090.043, 94
Trd, 4318090.943, 104
Trd, 4318091.943, 104
Trd, 4318093.493, 102
Trd, 4318093.893, 104
Trd, 4318094.943, 118
Trd, 4318096.293, 86
Trd, 4318096.393, 100
Trd, 4318096.593, 92
Trd, 4318099.643, 83
Trd, 4318102.543, 91
Trd, 4318102.993, 96
Trd, 4318105.793, 94
Trd, 4318106.493, 98
Trd, 4318107.643, 94
Trd, 4318107.943, 97
Trd, 4318109.293, 103
Trd, 4318110.243, 113
Trd, 4318111.693, 99
Trd, 4318113.043, 97
Trd, 4318114.243, 109
Trd, 4318115.343, 94
Trd, 4318116.843, 99
Trd, 4318116.943, 95
Trd, 4318117.093, 99
Trd, 4318120.193, 112
Trd, 4318120.893, 97
Trd, 4318123.343, 94
Trd, 4318123.643, 99
Trd, 4318124.143, 100
Trd, 4318124.393, 98
Trd, 4318126.193, 97
Trd, 4318126.793, 95
Trd, 4318128.893, 99
Trd, 4318129.493, 94
Trd, 4318130.443, 88
Trd, 4318131.443, 85
Trd, 4318132.343, 99
Trd, 4318134.393, 98
Trd, 4318136.043, 93
Trd, 4318136.943, 97
Trd, 4318137.993, 98
Trd, 4318138.443, 97
Trd, 4318141.043, 97
Trd, 4318141.893, 96
Trd, 4318143.293, 96
Trd, 4318143.943, 97
Trd, 4318144.943, 95
Trd, 4318147.293, 113
Trd, 4318148.293, 104
Trd, 4318149.393, 83
Trd, 4318151.493, 97
Trd, 4318151.893, 97
Trd, 4318155.193, 96
Trd, 4318155.843, 97
Trd, 4318156.543, 94
Trd, 4318157.643, 93
Trd, 4318158.493, 95
Trd, 4318159.243, 101
Trd, 4318160.993, 96
Trd, 4318161.993, 99
Trd, 4318163.043, 98
Trd, 4318163.193, 98
Trd, 4318164.593, 98
Trd, 4318167.043, 94
Trd, 4318168.593, 81
Trd, 4318169.293, 93
Trd, 4318169.643, 93
Trd, 4318170.193, 95
Trd, 4318171.843, 96
Trd, 4318173.493, 97
Trd, 4318174.443, 99
Trd, 4318177.243, 99
Trd, 4318177.293, 99
Trd, 4318177.843, 94
Trd, 4318179.693, 105
Trd, 4318182.443, 98
Trd, 4318183.643, 94
Trd, 4318183.893, 98
Trd, 4318184.893, 103
Trd, 4318187.043, 112
Trd, 4318189.093, 109
Trd, 4318190.343, 108
Trd, 4318193.043, 108
Trd, 4318193.543, 108
Trd, 4318194.243, 107
Trd, 4318194.793, 101
Trd, 4318196.293, 112
Trd, 4318199.593, 103
Trd, 4318201.943, 111
Trd, 4318202.693, 111
Trd, 4318203.993, 104
Trd, 4318204.443, 103
Trd, 4318206.393, 94
Trd, 4318207.243, 83
Trd, 4318207.693, 103
Trd, 4318209.043, 110
Trd, 4318210.393, 101
Trd, 4318212.593, 102
Trd, 4318213.443, 104
Trd, 4318215.443, 89
Trd, 4318217.143, 101
Trd, 4318218.493, 97
Trd, 4318220.043, 100
Trd, 4318220.843, 102
Trd, 4318223.393, 97
Trd, 4318225.593, 99
Trd, 4318225.843, 98
Trd, 4318226.143, 99
Trd, 4318227.843, 104
Trd, 4318227.993, 100
Trd, 4318229.243, 98
Trd, 4318231.593, 99
Trd, 4318231.693, 100
Trd, 4318233.793, 98
Trd, 4318234.243, 101
Trd, 4318235.493, 100
Trd, 4318236.143, 100
Trd, 4318239.193, 104
Trd, 4318239.493, 109
Trd, 4318241.243, 105
Trd, 4318241.643, 105
Trd, 4318242.093, 84
Trd, 4318244.143, 99
Trd, 4318244.543, 93
Trd, 4318245.243, 96
Trd, 4318246.293, 103
Trd, 4318247.893, 97
Trd, 4318251.043, 98
Trd, 4318252.343, 97
Trd, 4318252.393, 102
Trd, 4318255.793, 97
Trd, 4318256.993, 102
Trd, 4318259.493, 96
Trd, 4318259.793, 102
Trd, 4318262.843, 99
Trd, 4318263.443, 97
Trd, 4318263.743, 100
Trd, 4318266.043, 97
Trd, 4318266.643, 96
Trd, 4318268.993, 100
Trd, 4318269.143, 94
Trd, 4318270.143, 99
Trd, 4318270.943, 93
Trd, 4318271.293, 83
Trd, 4318273.443, 99
Trd, 4318273.543, 91
Trd, 4318274.143, 97
Trd, 4318275.393, 92
Trd, 4318279.743, 94
Trd, 4318280.693, 95
Trd, 4318282.043, 91
Trd, 4318283.493, 91
Trd, 4318284.043, 97
Trd, 4318285.643, 102
Trd, 4318286.193, 97
Trd, 4318289.043, 100
Trd, 4318289.593, 98
Trd, 4318289.643, 107
Trd, 4318291.493, 97
Trd, 4318291.643, 97
Trd, 4318294.393, 105
Trd, 4318295.493, 98
Trd, 4318295.843, 97
Trd, 4318296.493, 99
Trd, 4318298.493, 99
Trd, 4318299.593, 110
Trd, 4318299.843, 98
Trd, 4318300.943, 101
Trd, 4318302.143, 105
Trd, 4318304.993, 104
Trd, 4318306.493, 105
Trd, 4318306.843, 103
Trd, 4318307.643, 104
Trd, 4318308.843, 109
Trd, 4318310.743, 104
Trd, 4318310.893, 109
Trd, 4318311.493, 103
Trd, 4318313.943, 104
Trd, 4318317.343, 103
Trd, 4318318.243, 101
Trd, 4318318.593, 101
Trd, 4318319.843, 101
Trd, 4318320.843, 102
Trd, 4318321.843, 101
Trd, 4318321.993, 91
Trd, 4318324.393, 101
Trd, 4318327.743, 103
Trd, 4318328.943, 102
Trd, 4318331.043, 98
Trd, 4318332.943, 99
Trd, 4318333.193, 101
Trd, 4318337.993, 98
Trd, 4318338.793, 100
Trd, 4318340.043, 100
Trd, 4318340.693, 97
Trd, 4318340.893, 94
Trd, 4318343.793, 95
Trd, 4318348.143, 94
Trd, 4318350.493, 94
Trd, 4318350.843, 94
Trd, 4318351.143, 96
Trd, 4318351.993, 96
Trd, 4318352.093, 94
Trd, 4318353.943, 110
Trd, 4318356.893, 111
Trd, 4318357.293, 104
Trd, 4318358.443, 101
Trd, 4318360.743, 101
Trd, 4318362.143, 111
Trd, 4318363.093, 107
Trd, 4318363.343, 105
Trd, 4318363.443, 94
Trd, 4318364.043, 109
Trd, 4318366.143, 102
Trd, 4318367.293, 101
Trd, 4318368.493, 102
Trd, 4318369.793, 94
Trd, 4318370.643, 99
Trd, 4318372.343, 99
Trd, 4318374.593, 100
Trd, 4318374.893, 98
Trd, 4318374.943, 100
Trd, 4318377.193, 97
Trd, 4318379.693, 97
Trd, 4318379.993, 94
Trd, 4318380.593, 100
Trd, 4318382.093, 101
Trd, 4318383.943, 100
Trd, 4318384.043, 95
Trd, 4318385.693, 101
Trd, 4318386.593, 94
Trd, 4318388.893, 100
Trd, 4318389.343, 98
Trd, 4318391.293, 96
Trd, 4318392.243, 95
Trd, 4318393.143, 94
Trd, 4318393.393, 96
Trd, 4318395.993, 94
Trd, 4318398.893, 103
Trd, 4318398.943, 113
Trd, 4318399.093, 100
Trd, 4318401.343, 85
Trd, 4318401.643, 87
Trd, 4318403.143, 93
Trd, 4318405.143, 92
Trd, 4318405.343, 97
Trd, 4318407.593, 91
Trd, 4318409.293, 91
Trd, 4318409.493, 93
Trd, 4318414.243, 92
Trd, 4318414.543, 93
Trd, 4318414.793, 90
Trd, 4318415.043, 95
Trd, 4318419.143, 92
Trd, 4318419.493, 95
Trd, 4318420.543, 93
Trd, 4318421.693, 90
Trd, 4318422.293, 96
Trd, 4318423.443, 113
Trd, 4318424.143, 102
Trd, 4318424.693, 91
Trd, 4318425.893, 101
Trd, 4318427.393, 81
Trd, 4318427.493, 92
Trd, 4318429.193, 103
Trd, 4318430.093, 93
Trd, 4318431.943, 106
Trd, 4318431.993, 100
Trd, 4318432.643, 91
Trd, 4318435.143, 95
Trd, 4318436.043, 93
Trd, 4318439.093, 95
Trd, 4318439.143, 94
Trd, 4318440.593, 95
Trd, 4318441.643, 96
Trd, 4318442.043, 96
Trd, 4318443.593, 113
Trd, 4318445.043, 106
Trd, 4318445.493, 102
Trd, 4318445.943, 101
Trd, 4318446.643, 115
Trd, 4318448.243, 103
Trd, 4318450.393, 111
Trd, 4318451.443, 103
Trd, 4318453.543, 104
Trd, 4318454.793, 105
Trd, 4318455.843, 105
Trd, 4318456.243, 104
Trd, 4318458.593, 106
Trd, 4318459.093, 106
Trd, 4318459.743, 106
Trd, 4318461.343, 101
Trd, 4318465.293, 103
Trd, 4318467.143, 102
Trd, 4318467.643, 101
Trd, 4318467.693, 104
Trd, 4318471.893, 104
Trd, 4318474.093, 103
Trd, 4318474.143, 102
Trd, 4318474.443, 113
Trd, 4318477.393, 105
Trd, 4318478.993, 104
Trd, 4318479.293, 102
Trd, 4318481.043, 104
Trd, 4318481.243, 101
Trd, 4318482.693, 113
Trd, 4318483.793, 101
Trd, 4318486.293, 101
Trd, 4318487.993, 104
Trd, 4318489.343, 104
Trd, 4318490.343, 103
Trd, 4318490.943, 102
Trd, 4318491.143, 89
Trd, 4318492.193, 97
Trd, 4318494.093, 103
Trd, 4318494.543, 103
Trd, 4318496.093, 100
Trd, 4318497.193, 113
Trd, 4318497.843, 109
Trd, 4318501.543, 104
Trd, 4318501.593, 103
Trd, 4318502.843, 104
Trd, 4318503.143, 94
Trd, 4318505.693, 100
Trd, 4318506.993, 104
Trd, 4318507.743, 99
Trd, 4318508.243, 103
Trd, 4318509.893, 100
Trd, 4318510.393, 113
Trd, 4318512.343, 99
Trd, 4318514.593, 98
Trd, 4318515.943, 100
Trd, 4318517.993, 100
Trd, 4318518.643, 111
Trd, 4318519.943, 103
Trd, 4318520.643, 104
Trd, 4318521.843, 103
Trd, 4318523.443, 113
Trd, 4318525.793, 103
Trd, 4318525.893, 97
Trd, 4318528.793, 99
Trd, 4318529.893, 103
Trd, 4318530.693, 99
Trd, 4318530.843, 97
Trd, 4318533.943, 97
Trd, 4318534.243, 106
Trd, 4318535.093, 101
Trd, 4318537.793, 102
Trd, 4318539.643, 98
Trd, 4318539.893, 102
Trd, 4318541.043, 104
Trd, 4318543.693, 101
Trd, 4318546.343, 113
Trd, 4318546.443, 103
Trd, 4318547.343, 107
Trd, 4318547.943, 104
Trd, 4318548.243, 104
Trd, 4318550.143, 102
Trd, 4318552.443, 100
Trd, 4318552.943, 94
Trd, 4318554.143, 100
Trd, 4318554.793, 94
Trd, 4318555.693, 113
Trd, 4318556.993, 93
Trd, 4318557.793, 99
Trd, 4318559.043, 87
Trd, 4318561.193, 121
Trd, 4318561.293, 111
Trd, 4318562.243, 113
Trd, 4318563.243, 104
Trd, 4318563.693, 101
Trd, 4318565.493, 104
Trd, 4318566.593, 98
Trd, 4318567.393, 102
Trd, 4318571.943, 94
Trd, 4318572.343, 92
Trd, 4318572.643, 102
Trd, 4318575.943, 96
Trd, 4318577.643, 100
Trd, 4318578.643, 95
Trd, 4318578.893, 100
Trd, 4318579.843, 95
Trd, 4318579.943, 85
Trd, 4318581.793, 93
Trd, 4318583.293, 100
Trd, 4318587.193, 94
Trd, 4318587.643, 97
Trd, 4318588.643, 97
Trd, 4318588.843, 98
Trd, 4318589.243, 93
Trd, 4318590.943, 99
Trd, 4318591.793, 96
Trd, 4318594.243, 94
Trd, 4318595.293, 98
Trd, 4318596.793, 107
Trd, 4318597.343, 94
Trd, 4318597.743, 100
Trd, 4318598.943, 111
Trd, 4318600.793, 101
Trd, 4318601.943, 113
Trd, 4318602.593, 101
Trd, 4318603.393, 100
Trd, 4318603.643, 94
Trd, 4318605.643, 102
Trd, 4318607.143, 97
Trd, 4318608.043, 101
Trd, 4318608.193, 106
Trd, 4318610.443, 97
Trd, 4318612.093, 99
Trd, 4318612.243, 103
Trd, 4318612.643, 94
Trd, 4318616.643, 103
Trd, 4318617.643, 99
Trd, 4318622.143, 98
Trd, 4318622.243, 99
Trd, 4318623.343, 98
Trd, 4318624.393, 94
Trd, 4318624.543, 100
Trd, 4318624.843, 100
Trd, 4318629.193, 100
Trd, 4318629.893, 95
Trd, 4318631.543, 94
Trd, 4318634.143, 92
Trd, 4318635.893, 95
Trd, 4318636.043, 93
Trd, 4318637.093, 92
Trd, 4318637.793, 94
Trd, 4318638.043, 95
Trd, 4318638.843, 91
Trd, 4318640.943, 86
Trd, 4318643.043, 94
Trd, 4318645.693, 92
Trd, 4318647.543, 94
Trd, 4318649.043, 96
Trd, 4318649.093, 91
Trd, 4318651.593, 94
Trd, 4318651.643, 93
Trd, 4318651.693, 85
Trd, 4318656.543, 94
Trd, 4318657.143, 95
Trd, 4318657.993, 93
Trd, 4318659.243, 95
Trd, 4318661.143, 94
Trd, 4318661.743, 98
Trd, 4318661.843, 96
Trd, 4318662.893, 96
Trd, 4318665.193, 95
Trd, 4318666.543, 95
Trd, 4318666.993, 96
Trd, 4318672.043, 93
Trd, 4318673.143, 109
Trd, 4318673.793, 96
Trd, 4318674.243, 97
Trd, 4318676.243, 98
Trd, 4318678.543, 94
Trd, 4318680.643, 98
Trd, 4318680.993, 95
Trd, 4318681.943, 98
Trd, 4318684.593, 94
Trd, 4318686.193, 94
Trd, 4318686.593, 99
Trd, 4318687.243, 96
Trd, 4318688.043, 109
Trd, 4318689.543, 99
Trd, 4318689.943, 121
Trd, 4318693.243, 106
Trd, 4318693.993, 106
Trd, 4318694.343, 98
Trd, 4318695.793, 84
Trd, 4318696.443, 99
Trd, 4318697.743, 96
Trd, 4318699.793, 94
Trd, 4318700.293, 99
Trd, 4318701.143, 98
Trd, 4318703.593, 95
Trd, 4318703.993, 94
Trd, 4318706.043, 97
Trd, 4318706.943, 93
Trd, 4318710.093, 97
Trd, 4318710.543, 93
Trd, 4318712.293, 97
Trd, 4318713.343, 95
Trd, 4318713.643, 92
Trd, 4318714.693, 91
Trd, 4318716.343, 103
Trd, 4318717.843, 99
Trd, 4318719.093, 99
Trd, 4318719.943, 99
Trd, 4318721.993, 100
Trd, 4318723.443, 99
Trd, 4318723.843, 108
Trd, 4318725.343, 97
Trd, 4318729.343, 97
Trd, 4318730.043, 99
Trd, 4318731.243, 98
Trd, 4318731.993, 97
Trd, 4318732.193, 98
Trd, 4318735.043, 101
Trd, 4318735.893, 100
Trd, 4318735.993, 94
Trd, 4318737.943, 96
Trd, 4318739.643, 83
Trd, 4318739.943, 89
Trd, 4318742.293, 94
Trd, 4318742.993, 92
Trd, 4318743.293, 95
Trd, 4318744.593, 102
Trd, 4318745.693, 93
Trd, 4318746.793, 95
Trd, 4318748.943, 96
Trd, 4318750.293, 98
Trd, 4318751.393, 97
Trd, 4318751.793, 102
Trd, 4318752.643, 97
Trd, 4318754.093, 99
Trd, 4318754.943, 92
Trd, 4318755.993, 105
Trd, 4318756.993, 101
Trd, 4318758.293, 100
Trd, 4318759.293, 94
Trd, 4318759.993, 113
Trd, 4318761.493, 102
Trd, 4318762.293, 93
Trd, 4318763.143, 90
Trd, 4318764.443, 99
Trd, 4318764.593, 101
Trd, 4318766.843, 104
Trd, 4318769.793, 103
Trd, 4318769.893, 104
Trd, 4318770.743, 105
Trd, 4318771.843, 113
Trd, 4318772.493, 99
Trd, 4318772.993, 94
Trd, 4318775.793, 102
Trd, 4318777.743, 104
Trd, 4318778.193, 102
Trd, 4318780.543, 101
Trd, 4318781.243, 102
Trd, 4318783.543, 100
Trd, 4318785.743, 105
Trd, 4318786.093, 101
Trd, 4318787.793, 103
Trd, 4318788.293, 103
Trd, 4318788.543, 94
Trd, 4318789.893, 94
Trd, 4318792.543, 102
Trd, 4318794.493, 102
Trd, 4318794.743, 99
Trd, 4318796.693, 102
Trd, 4318799.443, 98
Trd, 4318800.243, 102
Trd, 4318800.443, 103
Trd, 4318803.093, 102
Trd, 4318804.593, 98
Trd, 4318805.643, 94
Trd, 4318807.743, 101
Trd, 4318809.793, 100
Trd, 4318810.243, 100
Trd, 4318812.843, 99
Trd, 4318812.893, 94
Trd, 4318814.043, 95
Trd, 4318814.543, 100
Trd, 4318814.843, 100
Trd, 4318816.693, 100
Trd, 4318818.093, 101
Trd, 4318818.493, 98
Trd, 4318819.943, 104
Trd, 4318822.693, 110
Trd, 4318822.893, 110
Trd, 4318823.543, 94
Trd, 4318824.243, 100
Trd, 4318824.843, 85
Trd, 4318824.893, 104
Trd, 4318825.993, 119
Trd, 4318828.593, 116
Trd, 4318829.793, 110
Trd, 4318830.843, 105
Trd, 4318831.543, 93
Trd, 4318833.943, 105
Trd, 4318834.493, 104
Trd, 4318836.093, 98
Trd, 4318836.693, 93
Trd, 4318838.593, 103
Trd, 4318841.493, 101
Trd, 4318842.293, 101
Trd, 4318842.643, 100
Trd, 4318846.543, 104
Trd, 4318847.043, 104
Trd, 4318847.143, 113
Trd, 4318848.793, 103
Trd, 4318849.143, 108
Trd, 4318851.343, 103
Trd, 4318853.093, 101
Trd, 4318855.893, 94
Trd, 4318856.743, 98
Trd, 4318856.893, 98
Trd, 4318857.193, 100
Trd, 4318857.893, 97
Trd, 4318858.043, 113
Trd, 4318858.793, 100
Trd, 4318861.193, 97
Trd, 4318861.893, 99
Trd, 4318863.543, 98
Trd, 4318865.543, 100
Trd, 4318865.893, 99
Trd, 4318866.443, 100
Trd, 4318867.543, 98
Trd, 4318870.143, 108
Trd, 4318872.143, 94
Trd, 4318873.993, 98
Trd, 4318875.093, 100
Trd, 4318875.143, 95
Trd, 4318880.893, 94
Trd, 4318882.793, 100
Trd, 4318883.943, 95
Trd, 4318884.643, 100
Trd, 4318888.343, 102
Trd, 4318888.443, 94
Trd, 4318890.343, 98
Trd, 4318890.843, 99
Trd, 4318891.243, 95
Trd, 4318892.443, 94
Trd, 4318892.993, 88
Trd, 4318893.593, 99
Trd, 4318895.293, 102
Trd, 4318895.443, 105
Trd, 4318896.693, 92
Trd, 4318899.343, 104
Trd, 4318900.043, 83
Trd, 4318900.443, 87
Trd, 4318903.843, 95
Trd, 4318907.443, 107
Trd, 4318907.743, 107
Trd, 4318907.793, 113
Trd, 4318908.693, 94
Trd, 4318908.893, 94
Trd, 4318909.743, 99
Trd, 4318910.293, 99
Trd, 4318913.143, 115
Trd, 4318913.743, 98
Trd, 4318916.443, 100
Trd, 4318917.193, 104
Trd, 4318917.793, 110
Trd, 4318919.093, 108
Trd, 4318920.643, 106
Trd, 4318922.243, 103
Trd, 4318923.743, 105
Trd, 4318923.993, 104
Trd, 4318925.043, 106
Trd, 4318926.893, 113
Trd, 4318927.993, 101
Trd, 4318928.493, 94
Trd, 4318928.593, 99
Trd, 4318928.943, 103
Trd, 4318934.643, 98
Trd, 4318936.343, 102
Trd, 4318937.393, 94
Trd, 4318938.693, 94
Trd, 4318940.393, 100
Trd, 4318940.493, 95
Trd, 4318942.193, 94
Trd, 4318942.543, 99
Trd, 4318944.843, 97
Trd, 4318946.743, 104
Trd, 4318946.943, 94
Trd, 4318947.293, 98
Trd, 4318948.193, 98
Trd, 4318949.593, 94
Trd, 4318950.043, 98
Trd, 4318951.743, 96
Trd, 4318953.493, 97
Trd, 4318953.643, 113
Trd, 4318954.443, 94
Trd, 4318957.943, 96
Trd, 4318957.993, 103
Trd, 4318958.693, 98
Trd, 4318960.243, 76
Trd, 4318961.693, 90
Trd, 4318962.793, 99
Trd, 4318963.293, 94
Trd, 4318964.043, 97
Trd, 4318969.393, 91
Trd, 4318969.843, 96
Trd, 4318972.193, 90
Trd, 4318973.143, 95
Trd, 4318973.643, 95
Trd, 4318973.843, 90
Trd, 4318974.393, 89
Trd, 4318977.943, 95
Trd, 4318979.943, 91
Trd, 4318980.793, 89
Trd, 4318981.693, 94
Trd, 4318981.793, 88
Trd, 4318983.643, 93
Trd, 4318984.243, 96
Trd, 4318985.143, 90
Trd, 4318987.293, 101
Trd, 4318988.693, 97
Trd, 4318989.043, 108
Trd, 4318989.643, 97
Trd, 4318993.643, 100
Trd, 4318995.843, 99
Trd, 4318995.993, 99
Trd, 4318999.293, 100
Trd, 4319002.693, 98
Trd, 4319003.143, 98
Trd, 4319005.543, 97
Trd, 4319006.093, 99
Trd, 4319008.043, 97
Trd, 4319008.793, 99
Trd, 4319010.193, 94
Trd, 4319012.543, 97
Trd, 4319013.843, 97
Trd, 4319014.143, 95
Trd, 4319016.193, 95
Trd, 4319016.393, 94
Trd, 4319016.493, 98
Trd, 4319018.743, 94
Trd, 4319019.193, 98
Trd, 4319019.643, 103
Trd, 4319019.943, 98
Trd, 4319021.693, 113
Trd, 4319022.693, 106
Trd, 4319023.243, 113
Trd, 4319026.293, 109
Trd, 4319026.893, 108
Trd, 4319028.893, 107
Trd, 4319029.793, 94
Trd, 4319030.443, 105
Trd, 4319030.793, 90
Trd, 4319032.943, 98
Trd, 4319033.693, 93
Trd, 4319035.393, 100
Trd, 4319037.493, 99
Trd, 4319038.893, 99
Trd, 4319040.643, 98
Trd, 4319040.993, 101
Trd, 4319044.493, 96
Trd, 4319044.693, 101
Trd, 4319045.493, 95
Trd, 4319046.343, 100
Trd, 4319046.793, 94
Trd, 4319047.343, 100
Trd, 4319047.993, 106
Trd, 4319048.693, 103
Trd, 4319052.093, 94
Trd, 4319052.993, 85
Trd, 4319053.293, 103
Trd, 4319054.893, 93
Trd, 4319056.643, 100
Trd, 4319056.943, 95
Trd, 4319057.493, 101
Trd, 4319059.293, 101
Trd, 4319061.093, 99
Trd, 4319061.543, 121
Trd, 4319062.043, 106
Trd, 4319062.893, 99
Trd, 4319065.393, 104
Trd, 4319066.293, 115
Trd, 4319066.393, 111
Trd, 4319066.443, 94
Trd, 4319068.693, 107
Trd, 4319070.893, 105
Trd, 4319071.643, 94
Trd, 4319072.143, 98
Trd, 4319073.493, 102
Trd, 4319074.893, 103
Trd, 4319077.043, 102
Trd, 4319077.693, 104
Trd, 4319077.943, 101
Trd, 4319081.293, 100
Trd, 4319081.693, 104
Trd, 4319082.443, 104
Trd, 4319084.543, 99
Trd, 4319084.993, 104
Trd, 4319085.143, 98
Trd, 4319087.793, 105
Trd, 4319088.143, 97
Trd, 4319090.143, 99
Trd, 4319092.343, 98
Trd, 4319094.943, 98
Trd, 4319095.143, 100
Trd, 4319096.793, 99
Trd, 4319096.893, 98
Trd, 4319097.743, 95
Trd, 4319100.393, 104
Trd, 4319100.743, 113
Trd, 4319102.143, 106
Trd, 4319103.193, 106
Trd, 4319104.793, 103
Trd, 4319104.943, 102
Trd, 4319105.093, 94
Trd, 4319106.693, 96
Trd, 4319107.093, 114
Trd, 4319107.543, 113
Trd, 4319112.443, 99
Trd, 4319112.593, 107
Trd, 4319113.593, 111
Trd, 4319114.143, 100
Trd, 4319116.343, 98
Trd, 4319118.693, 106
Trd, 4319118.743, 94
Trd, 4319120.643, 99
Trd, 4319122.593, 101
Trd, 4319123.343, 101
Trd, 4319124.193, 96
Trd, 4319125.943, 105
Trd, 4319126.243, 94
Trd, 4319129.243, 99
Trd, 4319129.593, 100
Trd, 4319133.593, 100
Trd, 4319136.893, 100
Trd, 4319137.093, 99
Trd, 4319137.643, 100
Trd, 4319138.993, 98
Trd, 4319142.993, 100
Trd, 4319143.943, 98
Trd, 4319144.393, 97
Trd, 4319147.243, 96
Trd, 4319148.293, 101
Trd, 4319150.593, 103
Trd, 4319152.843, 102
Trd, 4319153.143, 94
Trd, 4319153.743, 106
Trd, 4319154.343, 106
Trd, 4319158.493, 105
Trd, 4319158.593, 104
Trd, 4319160.143, 101
Trd, 4319163.293, 102
Trd, 4319163.693, 103
Trd, 4319163.793, 101
Trd, 4319167.643, 108
Trd, 4319168.243, 104
Trd, 4319168.593, 104
Trd, 4319172.293, 102
Trd, 4319172.393, 106
Trd, 4319173.743, 99
Trd, 4319174.193, 103
Trd, 4319176.293, 96
Trd, 4319176.993, 100
Trd, 4319178.843, 98
Trd, 4319179.193, 101
Trd, 4319179.743, 94
Trd, 4319180.793, 122
Trd, 4319182.693, 94
Trd, 4319183.393, 100
Trd, 4319184.793, 87
Trd, 4319185.543, 95
Trd, 4319186.143, 100
Trd, 4319189.493, 96
Trd, 4319191.993, 94
Trd, 4319193.693, 96
Trd, 4319193.793, 96
Trd, 4319194.493, 93
Trd, 4319196.043, 113
Trd, 4319196.943, 99
Trd, 4319198.743, 94
Trd, 4319199.593, 103
Trd, 4319200.693, 102
Trd, 4319201.293, 102
Trd, 4319204.343, 104
Trd, 4319205.543, 101
Trd, 4319205.893, 101
Trd, 4319207.693, 106
Trd, 4319208.243, 101
Trd, 4319209.443, 100
Trd, 4319210.193, 98
Trd, 4319211.843, 94
Trd, 4319212.893, 113
Trd, 4319216.543, 96
Trd, 4319220.393, 101
Trd, 4319221.543, 102
Trd, 4319222.743, 104
Trd, 4319222.793, 113
Trd, 4319222.843, 103
Trd, 4319223.693, 100
Trd, 4319224.643, 94
Trd, 4319226.243, 96
Trd, 4319228.043, 99
Trd, 4319229.943, 87
Trd, 4319231.043, 98
Trd, 4319231.643, 92
Trd, 4319232.993, 84
Trd, 4319233.193, 100
Trd, 4319234.043, 107
Trd, 4319236.243, 99
Trd, 4319238.293, 99
Trd, 4319239.393, 105
Trd, 4319241.843, 104
Trd, 4319241.893, 101
Trd, 4319243.893, 104
Trd, 4319244.343, 100
Trd, 4319247.693, 102
Trd, 4319248.393, 100
Trd, 4319249.443, 104
Trd, 4319249.493, 101
Trd, 4319251.843, 101
Trd, 4319254.243, 101
Trd, 4319254.793, 94
Trd, 4319255.493, 101
Trd, 4319256.143, 102
Trd, 4319258.193, 94
Trd, 4319260.193, 101
Trd, 4319261.193, 96
Trd, 4319262.943, 102
Trd, 4319263.393, 96
Trd, 4319264.993, 107
Trd, 4319265.693, 104
Trd, 4319268.293, 97
Trd, 4319268.743, 94
Trd, 4319270.793, 97
Trd, 4319270.843, 93
Trd, 4319272.343, 106
Trd, 4319272.493, 99
Trd, 4319275.193, 103
Trd, 4319275.693, 113
Trd, 4319276.543, 83
Trd, 4319277.693, 93
Trd, 4319278.593, 120
Trd, 4319279.093, 102
Trd, 4319281.193, 115
Trd, 4319282.043, 114
Trd, 4319282.893, 94
Trd, 4319284.593, 111
Trd, 4319285.543, 88
Trd, 4319286.543, 115
Trd, 4319287.193, 91
Trd, 4319287.793, 102
Trd, 4319288.943, 83
Trd, 4319289.543, 93
Trd, 4319289.943, 83
Trd, 4319295.293, 96
Trd, 4319295.693, 109
Trd, 4319295.743, 93
Trd, 4319297.743, 96
Trd, 4319298.293, 93
Trd, 4319299.243, 94
Trd, 4319300.093, 98
Trd, 4319301.143, 97
Trd, 4319303.943, 105
Trd, 4319305.243, 98
Trd, 4319305.293, 94
Trd, 4319306.943, 100
Trd, 4319307.643, 100
Trd, 4319309.593, 103
Trd, 4319311.143, 97
Trd, 4319312.043, 103
Trd, 4319313.293, 105
Trd, 4319315.543, 105
Trd, 4319317.393, 104
Trd, 4319318.243, 103
Trd, 4319318.843, 107
Trd, 4319320.243, 89
Trd, 4319322.593, 103
Trd, 4319323.343, 98
Trd, 4319323.793, 97
Trd, 4319324.343, 102
Trd, 4319325.193, 96
Trd, 4319325.743, 94
Trd, 4319328.793, 113
Trd, 4319329.493, 98
Trd, 4319331.393, 101
Trd, 4319333.393, 103
Trd, 4319333.893, 95
Trd, 4319334.293, 94
Trd, 4319334.493, 98
Trd, 4319336.443, 106
Trd, 4319339.543, 95
Trd, 4319341.393, 95
Trd, 4319341.443, 97
Trd, 4319344.343, 94
Trd, 4319345.593, 98
Trd, 4319347.143, 100
Trd, 4319347.343, 100
Trd, 4319347.893, 100
Trd, 4319351.343, 102
Trd, 4319352.593, 98
Trd, 4319352.893, 103
Trd, 4319353.893, 106
Trd, 4319354.993, 99
Trd, 4319357.793, 98
Trd, 4319358.143, 107
Trd, 4319359.043, 89
Trd, 4319360.843, 93
Trd, 4319362.193, 111
Trd, 4319364.493, 112
Trd, 4319366.293, 102
Trd, 4319367.293, 99
Trd, 4319368.793, 102
Trd, 4319369.793, 98
Trd, 4319370.543, 93
Trd, 4319372.243, 101
Trd, 4319372.843, 101
Trd, 4319374.043, 95
Trd, 4319374.593, 101
Trd, 4319380.093, 94
Trd, 4319381.243, 98
Trd, 4319381.493, 96
Trd, 4319382.343, 99
Trd, 4319383.243, 99
Trd, 4319383.643, 95
Trd, 4319383.943, 98
Trd, 4319385.043, 94
Trd, 4319386.343, 93
Trd, 4319388.193, 96
Trd, 4319391.393, 95
Trd, 4319392.043, 95
Trd, 4319392.293, 95
Trd, 4319393.193, 96
Trd, 4319393.893, 93
Trd, 4319396.243, 97
Trd, 4319399.093, 101
Trd, 4319399.243, 100
Trd, 4319400.793, 104
Trd, 4319401.843, 103
Trd, 4319402.443, 113
Trd, 4319404.143, 103
Trd, 4319406.243, 103
Trd, 4319407.593, 97
Trd, 4319410.493, 104
Trd, 4319412.343, 101
Trd, 4319415.593, 100
Trd, 4319416.443, 99
Trd, 4319417.993, 101
Trd, 4319419.043, 98
Trd, 4319419.393, 97
Trd, 4319420.893, 94
Trd, 4319421.593, 101
Trd, 4319421.743, 101
Trd, 4319423.293, 85
Trd, 4319423.743, 101
Trd, 4319425.643, 96
Trd, 4319428.543, 97
Trd, 4319429.543, 100
Trd, 4319430.543, 110
Trd, 4319432.243, 104
Trd, 4319432.543, 102
Trd, 4319433.743, 111
Trd, 4319434.993, 107
Trd, 4319435.643, 106
Trd, 4319436.993, 94
Trd, 4319438.093, 111
Trd, 4319438.793, 109
Trd, 4319439.793, 104
Trd, 4319441.243, 96
Trd, 4319443.043, 95
Trd, 4319444.093, 101
Trd, 4319446.193, 98
Trd, 4319446.243, 99
Trd, 4319447.043, 94
Trd, 4319449.243, 96
Trd, 4319450.143, 97
Trd, 4319450.693, 84
Trd, 4319451.543, 97
Trd, 4319451.793, 91
Trd, 4319452.443, 110
Trd, 4319453.843, 105
Trd, 4319455.143, 92
Trd, 4319458.393, 95
Trd, 4319458.593, 98
Trd, 4319459.893, 91
Trd, 4319460.493, 108
Trd, 4319460.693, 107
Trd, 4319462.043, 112
Trd, 4319463.993, 108
Trd, 4319464.043, 119
Trd, 4319466.343, 109
Trd, 4319466.743, 107
Trd, 4319466.993, 93
Trd, 4319468.793, 104
Trd, 4319470.993, 104
Trd, 4319471.693, 104
Trd, 4319474.293, 105
Trd, 4319475.843, 113
Trd, 4319476.193, 83
Trd, 4319477.993, 104
Trd, 4319478.693, 97
Trd, 4319480.693, 104
Trd, 4319481.743, 97
Trd, 4319485.093, 104
Trd, 4319485.143, 96
Trd, 4319485.793, 97
Trd, 4319489.293, 96
Trd, 4319489.493, 94
Trd, 4319489.943, 103
Trd, 4319491.543, 98
Trd, 4319494.193, 105
Trd, 4319494.293, 101
Trd, 4319495.043, 101
Trd, 4319495.943, 113
Trd, 4319496.043, 108
Trd, 4319497.843, 102
Trd, 4319499.093, 103
Trd, 4319499.743, 94
Trd, 4319500.293, 109
Trd, 4319501.393, 99
Trd, 4319503.943, 99
Trd, 4319504.393, 100
Trd, 4319504.993, 100
Trd, 4319505.993, 97
Trd, 4319508.693, 106
Trd, 4319511.043, 103
Trd, 4319511.743, 102
Trd, 4319512.643, 102
Trd, 4319513.993, 101
Trd, 4319514.743, 94
Trd, 4319516.893, 102
Trd, 4319517.693, 101
Trd, 4319518.943, 100
Trd, 4319520.493, 99
Trd, 4319520.543, 94
Trd, 4319521.393, 102
Trd, 4319523.793, 102
Trd, 4319526.143, 102
Trd, 4319527.343, 102
Trd, 4319528.393, 94
Trd, 4319530.343, 102
Trd, 4319531.893, 102
Trd, 4319535.993, 102
Trd, 4319536.343, 98
Trd, 4319537.443, 103
Trd, 4319537.743, 97
Trd, 4319539.543, 93
Trd, 4319543.393, 100
Trd, 4319544.193, 100
Trd, 4319545.043, 102
Trd, 4319546.643, 113
Trd, 4319550.743, 102
Trd, 4319551.493, 100
Trd, 4319552.693, 103
Trd, 4319553.443, 102
Trd, 4319556.493, 101
Trd, 4319559.443, 99
Trd, 4319560.193, 99
Trd, 4319561.343, 100
Trd, 4319562.143, 102
Trd, 4319563.593, 94
Trd, 4319566.193, 100
Trd, 4319567.793, 100
Trd, 4319568.643, 102
Trd, 4319568.893, 97
Trd, 4319571.543, 102
Trd, 4319572.793, 101
Trd, 4319575.093, 101
Trd, 4319575.393, 100
Trd, 4319580.343, 103
Trd, 4319580.443, 99
Trd, 4319581.043, 98
Trd, 4319582.343, 101
Trd, 4319583.743, 100
Trd, 4319584.443, 99
Trd, 4319587.793, 100
Trd, 4319588.543, 113
Trd, 4319590.743, 101
Trd, 4319591.993, 100
Trd, 4319593.093, 105
Trd, 4319593.843, 100
Trd, 4319594.293, 101
Trd, 4319595.343, 113
Trd, 4319598.593, 100
Trd, 4319600.093, 104
Trd, 4319601.043, 103
Trd, 4319601.243, 94
Trd, 4319603.693, 111
Trd, 4319603.793, 109
Trd, 4319605.593, 105
Trd, 4319606.143, 100
Trd, 4319606.493, 91
Trd, 4319607.543, 89
Trd, 4319609.243, 94
Trd, 4319612.293, 100
Trd, 4319612.843, 99
Trd, 4319613.093, 94
Trd, 4319614.343, 109
Trd, 4319614.743, 93
Trd, 4319617.143, 100
Trd, 4319618.043, 105
Trd, 4319618.193, 97
Trd, 4319620.993, 97
Trd, 4319623.043, 98
Trd, 4319623.243, 96
Trd, 4319624.893, 100
Trd, 4319626.593, 97
Trd, 4319628.543, 98
Trd, 4319629.943, 97
Trd, 4319630.943, 100
Trd, 4319632.643, 98
Trd, 4319633.343, 100
Trd, 4319634.143, 99
Trd, 4319637.093, 97
Trd, 4319637.443, 99
Trd, 4319639.443, 96
Trd, 4319639.643, 100
Trd, 4319641.393, 99
Trd, 4319641.893, 94
Trd, 4319643.993, 96
Trd, 4319644.143, 99
Trd, 4319646.893, 99
Trd, 4319648.193, 94
Trd, 4319649.243, 97
Trd, 4319650.643, 103
Trd, 4319651.543, 99
Trd, 4319652.693, 99
Trd, 4319654.243, 105
Trd, 4319657.043, 98
Trd, 4319657.093, 100
Trd, 4319658.443, 94
Trd, 4319659.793, 86
Trd, 4319660.043, 93
Trd, 4319661.543, 111
Trd, 4319662.193, 101
Trd, 4319664.293, 94
Trd, 4319664.443, 101
Trd, 4319665.343, 98
Trd, 4319666.043, 108
Trd, 4319667.343, 96
Trd, 4319669.793, 101
Trd, 4319670.043, 101
Trd, 4319670.443, 94
Trd, 4319671.943, 98
Trd, 4319674.793, 100
Trd, 4319675.143, 100
Trd, 4319675.293, 113
Trd, 4319678.593, 96
Trd, 4319679.243, 95
Trd, 4319679.393, 94
Trd, 4319680.343, 101
Trd, 4319680.793, 101
Trd, 4319682.793, 95
Trd, 4319684.093, 97
Trd, 4319684.593, 95
Trd, 4319685.193, 113
Trd, 4319686.293, 94
Trd, 4319688.443, 100
Trd, 4319691.343, 94
Trd, 4319691.893, 93
Trd, 4319693.743, 100
Trd, 4319694.193, 100
Trd, 4319695.193, 100
Trd, 4319696.693, 100
Trd, 4319699.043, 112
Trd, 4319700.493, 107
Trd, 4319700.593, 104
Trd, 4319701.243, 104
Trd, 4319703.693, 105
Trd, 4319705.593, 101
Trd, 4319706.493, 103
Trd, 4319707.893, 102
Trd, 4319708.293, 103
Trd, 4319708.693, 94
Trd, 4319710.893, 103
Trd, 4319713.743, 103
Trd, 4319715.443, 102
Trd, 4319716.543, 99
Trd, 4319717.393, 102
Trd, 4319717.893, 98
Trd, 4319721.993, 103
Trd, 4319722.193, 94
Trd, 4319723.393, 102
Trd, 4319724.193, 107
Trd, 4319725.243, 76
Trd, 4319726.743, 86
Trd, 4319727.243, 90
Trd, 4319729.893, 91
Trd, 4319731.393, 93
Trd, 4319731.443, 96
Trd, 4319733.093, 119
Trd, 4319734.493, 115
Trd, 4319734.793, 109
Trd, 4319735.393, 102
Trd, 4319735.743, 101
Trd, 4319737.343, 102
Trd, 4319739.043, 101
Trd, 4319739.493, 94
Trd, 4319740.943, 98
Trd, 4319741.493, 98
Trd, 4319743.843, 101
Trd, 4319744.893, 98
Trd, 4319744.943, 101
Trd, 4319746.393, 94
Trd, 4319747.693, 103
Trd, 4319749.493, 98
Trd, 4319750.493, 94
Trd, 4319754.443, 93
Trd, 4319754.643, 85
Trd, 4319754.793, 90
Trd, 4319755.343, 100
Trd, 4319755.793, 101
Trd, 4319757.943, 103
Trd, 4319761.293, 98
Trd, 4319761.643, 100
Trd, 4319762.793, 114
Trd, 4319764.293, 94
Trd, 4319765.293, 98
Trd, 4319769.593, 98
Trd, 4319770.443, 98
Trd, 4319770.543, 97
Trd, 4319771.693, 114
Trd, 4319773.243, 105
Trd, 4319774.243, 103
Trd, 4319778.193, 95
Trd, 4319778.643, 94
Trd, 4319779.293, 90
Trd, 4319780.593, 96
Trd, 4319781.193, 94
Trd, 4319781.543, 84
Trd, 4319782.693, 92
Trd, 4319785.543, 99
Trd, 4319786.843, 98
Trd, 4319787.193, 93
Trd, 4319788.893, 96
Trd, 4319790.793, 101
Trd, 4319790.993, 94
Trd, 4319791.543, 107
Trd, 4319794.993, 102
Trd, 4319795.843, 102
Trd, 4319797.443, 94
Trd, 4319798.543, 99
Trd, 4319799.243, 98
Trd, 4319801.093, 91
Trd, 4319801.893, 97
Trd, 4319803.243, 94
Trd, 4319804.893, 93
Trd, 4319805.493, 93
Trd, 4319806.893, 96
Trd, 4319807.543, 85
Trd, 4319810.593, 94
Trd, 4319811.743, 97
Trd, 4319811.993, 104
Trd, 4319812.443, 95
Trd, 4319813.293, 94
Trd, 4319814.043, 94
Trd, 4319814.443, 102
Trd, 4319815.143, 94
Trd, 4319818.093, 95
Trd, 4319818.693, 102
Trd, 4319820.643, 101
Trd, 4319821.543, 108
Trd, 4319821.693, 113
Trd, 4319822.493, 88
Trd, 4319823.343, 110
Trd, 4319825.993, 103
Trd, 4319827.693, 100
Trd, 4319828.293, 94
Trd, 4319828.793, 97
Trd, 4319828.893, 92
Trd, 4319830.443, 94
Trd, 4319830.743, 95
Trd, 4319831.693, 88
Trd, 4319834.093, 95
Trd, 4319835.193, 96
Trd, 4319835.243, 93
Trd, 4319838.093, 96
Trd, 4319839.993, 93
Trd, 4319840.043, 96
Trd, 4319840.493, 94
Trd, 4319845.743, 100
Trd, 4319846.643, 99
Trd, 4319847.643, 99
Trd, 4319848.193, 87
Trd, 4319849.793, 96
Trd, 4319850.543, 95
Trd, 4319851.293, 99
Trd, 4319851.693, 93
Trd, 4319852.293, 102
Trd, 4319854.343, 83
Trd, 4319855.493, 104
Trd, 4319856.093, 94
Trd, 4319857.143, 96
Trd, 4319860.693, 94
Trd, 4319860.843, 83
Trd, 4319860.993, 95
Trd, 4319862.993, 92
Trd, 4319865.093, 122
Trd, 4319865.843, 113
Trd, 4319867.593, 110
Trd, 4319868.943, 106
Trd, 4319871.143, 100
Trd, 4319871.993, 96
Trd, 4319872.643, 97
Trd, 4319872.743, 100
Trd, 4319876.743, 96
Trd, 4319877.543, 97
Trd, 4319879.743, 97
Trd, 4319880.393, 94
Trd, 4319883.193, 97
Trd, 4319883.793, 94
Trd, 4319885.393, 97
Trd, 4319891.543, 94
Trd, 4319893.093, 93
Trd, 4319894.243, 93
Trd, 4319894.893, 96
Trd, 4319896.793, 96
Trd, 4319898.393, 101
Trd, 4319898.593, 101
Trd, 4319899.243, 98
Trd, 4319899.543, 109
Trd, 4319900.843, 102
Trd, 4319903.543, 86
Trd, 4319903.793, 95
Trd, 4319905.443, 85
Trd, 4319905.843, 109
Trd, 4319908.793, 99
Trd, 4319909.093, 102
Trd, 4319909.193, 107
Trd, 4319911.743, 110
Trd, 4319911.793, 109
Trd, 4319912.093, 94
Trd, 4319913.293, 99
Trd, 4319913.993, 87
Trd, 4319917.843, 99
Trd, 4319918.243, 103
Trd, 4319919.143, 94
Trd, 4319920.093, 99
Trd, 4319921.293, 98
Trd, 4319922.143, 99
Trd, 4319922.193, 104
Trd, 4319925.193, 99
Trd, 4319927.093, 94
Trd, 4319927.543, 102
Trd, 4319927.843, 102
Trd, 4319930.893, 103
Trd, 4319932.193, 94
Trd, 4319933.193, 83
Trd, 4319934.343, 103
Trd, 4319935.493, 95
Trd, 4319936.043, 100
Trd, 4319939.443, 100
Trd, 4319941.693, 100
Trd, 4319941.943, 98
Trd, 4319943.243, 110
Trd, 4319944.393, 104
Trd, 4319946.943, 106
Trd, 4319947.043, 103
Trd, 4319952.443, 103
Trd, 4319952.643, 103
Trd, 4319953.293, 103
Trd, 4319953.543, 94
Trd, 4319955.243, 99
Trd, 4319956.293, 92
Trd, 4319957.943, 95
Trd, 4319958.093, 97
Trd, 4319960.593, 95
Trd, 4319963.243, 94
Trd, 4319963.943, 93
Trd, 4319964.693, 90
Trd, 4319968.143, 91
Trd, 4319969.643, 93
Trd, 4319972.943, 102
Trd, 4319974.293, 110
Trd, 4319976.343, 105
Trd, 4319976.743, 113
Trd, 4319978.543, 113
Trd, 4319979.243, 111
Trd, 4319979.393, 98
Trd, 4319979.593, 94
Trd, 4319984.743, 101
Trd, 4319984.993, 102
Trd, 4319986.493, 101
Trd, 4319986.943, 102
Trd, 4319988.193, 100
Trd, 4319990.893, 100
Trd, 4319991.993, 99
Trd, 4319992.943, 96
Trd, 4319995.743, 100
Trd, 4319996.593, 106
Trd, 4319997.143, 101
Trd, 4319999.443, 104
