Trd, 4317837.343, 92
Trd, 4317837.693, 92
Trd, 4317839.393, 92
Trd, 4317841.193, 90
Trd, 4317843.293, 90
Trd, 4317843.893, 89
Trd, 4317844.943, 88
Trd, 4317845.593, 87
Trd, 4317846.793, 95
Trd, 4317851.943, 86
Trd, 4317852.443, 86
Trd, 4317853.243, 89
Trd, 4317855.243, 100
Trd, 4317855.293, 99
Trd, 4317857.743, 98
Trd, 4317859.093, 97
Trd, 4317861.343, 96
Trd, 4317861.793, 97
Trd, 4317863.143, 98
Trd, 4317864.943, 97
Trd, 4317867.393, 96
Trd, 4317868.393, 93
Trd, 4317869.593, 94
Trd, 4317870.393, 95
Trd, 4317871.343, 94
Trd, 4317873.193, 95
Trd, 4317873.843, 94
Trd, 4317876.743, 94
Trd, 4317877.893, 93
Trd, 4317879.343, 94
Trd, 4317880.043, 95
Trd, 4317882.643, 94
Trd, 4317883.993, 93
Trd, 4317885.093, 92
Trd, 4317885.993, 93
Trd, 4317886.593, 94
Trd, 4317889.443, 93
Trd, 4317891.093, 93
Trd, 4317891.793, 95
Trd, 4317892.893, 92
Trd, 4317893.393, 92
Trd, 4317896.443, 92
Trd, 4317897.943, 91
Trd, 4317898.993, 92
Trd, 4317899.893, 92
Trd, 4317903.493, 91
Trd, 4317904.193, 90
Trd, 4317904.693, 90
Trd, 4317905.393, 95
Trd, 4317909.093, 90
Trd, 4317910.743, 89
Trd, 4317912.543, 90
Trd, 4317913.443, 88
Trd, 4317914.843, 88
Trd, 4317916.593, 88
Trd, 4317919.693, 88
Trd, 4317920.543, 95
Trd, 4317923.143, 91
Trd, 4317924.043, 90
Trd, 4317924.643, 91
Trd, 4317926.593, 95
Trd, 4317928.693, 104
Trd, 4317928.993, 101
Trd, 4317929.193, 103
Trd, 4317931.943, 108
Trd, 4317932.743, 103
Trd, 4317934.543, 105
Trd, 4317937.243, 103
Trd, 4317939.943, 102
Trd, 4317940.243, 103
Trd, 4317942.493, 102
Trd, 4317942.793, 102
Trd, 4317944.943, 101
Trd, 4317945.993, 100
Trd, 4317947.743, 101
Trd, 4317948.743, 100
Trd, 4317949.393, 100
Trd, 4317952.343, 96
Trd, 4317952.943, 95
Trd, 4317953.043, 95
Trd, 4317956.943, 95
Trd, 4317957.043, 95
Trd, 4317957.593, 95
Trd, 4317958.343, 96
Trd, 4317960.993, 97
Trd, 4317961.343, 96
Trd, 4317963.293, 96
Trd, 4317964.293, 97
Trd, 4317966.243, 95
Trd, 4317968.743, 95
Trd, 4317971.043, 94
Trd, 4317972.843, 95
Trd, 4317974.243, 95
Trd, 4317974.893, 95
Trd, 4317975.743, 95
Trd, 4317976.593, 94
Trd, 4317977.643, 98
Trd, 4317977.943, 99
Trd, 4317981.243, 98
Trd, 4317982.143, 98
Trd, 4317983.143, 98
Trd, 4317987.643, 97
Trd, 4317987.793, 97
Trd, 4317990.643, 97
Trd, 4317992.743, 97
Trd, 4317994.943, 96
Trd, 4317997.143, 95
Trd, 4318000.593, 95
Trd, 4318001.243, 95
Trd, 4318003.993, 94
Trd, 4318005.243, 95
Trd, 4318005.293, 95
Trd, 4318007.443, 95
Trd, 4318009.093, 94
Trd, 4318009.543, 94
Trd, 4318012.293, 95
Trd, 4318014.643, 95
Trd, 4318016.393, 95
Trd, 4318018.493, 95
Trd, 4318019.893, 94
Trd, 4318019.943, 95
Trd, 4318020.093, 94
Trd, 4318023.493, 102
Trd, 4318024.693, 101
Trd, 4318025.543, 101
Trd, 4318026.743, 100
Trd, 4318027.893, 100
Trd, 4318029.543, 99
Trd, 4318030.393, 96
Trd, 4318030.993, 95
Trd, 4318032.043, 96
Trd, 4318032.543, 96
Trd, 4318037.143, 97
Trd, 4318037.243, 97
Trd, 4318037.843, 95
Trd, 4318037.893, 95
Trd, 4318038.943, 95
Trd, 4318040.193, 95
Trd, 4318040.243, 94
Trd, 4318041.293, 94
Trd, 4318042.743, 92
Trd, 4318044.243, 93
Trd, 4318045.793, 93
Trd, 4318047.493, 93
Trd, 4318049.243, 92
Trd, 4318049.543, 91
Trd, 4318050.143, 89
Trd, 4318050.393, 95
Trd, 4318052.993, 88
Trd, 4318054.693, 94
Trd, 4318055.493, 93
Trd, 4318056.443, 92
Trd, 4318057.593, 92
Trd, 4318059.793, 92
Trd, 4318062.093, 92
Trd, 4318062.493, 91
Trd, 4318064.543, 90
Trd, 4318066.743, 91
Trd, 4318067.143, 89
Trd, 4318067.643, 89
Trd, 4318068.543, 88
Trd, 4318068.593, 90
Trd, 4318071.743, 90
Trd, 4318072.693, 90
Trd, 4318072.943, 89
Trd, 4318075.393, 85
Trd, 4318076.243, 83
Trd, 4318077.143, 82
Trd, 4318077.893, 87
Trd, 4318081.443, 85
Trd, 4318083.443, 88
Trd, 4318083.693, 95
Trd, 4318084.893, 87
Trd, 4318086.793, 88
Trd, 4318087.593, 94
Trd, 4318090.643, 94
Trd, 4318090.693, 93
Trd, 4318092.893, 95
Trd, 4318094.443, 98
Trd, 4318096.343, 98
Trd, 4318096.693, 97
Trd, 4318097.543, 98
Trd, 4318099.093, 99
Trd, 4318100.093, 99
Trd, 4318102.593, 98
Trd, 4318103.843, 98
Trd, 4318105.493, 96
Trd, 4318105.893, 96
Trd, 4318106.743, 96
Trd, 4318109.093, 95
Trd, 4318109.143, 96
Trd, 4318110.043, 96
Trd, 4318111.293, 96
Trd, 4318112.543, 97
Trd, 4318114.593, 98
Trd, 4318117.243, 97
Trd, 4318120.193, 96
Trd, 4318121.143, 96
Trd, 4318121.793, 95
Trd, 4318124.043, 95
Trd, 4318124.493, 96
Trd, 4318124.993, 94
Trd, 4318125.043, 94
Trd, 4318129.693, 95
Trd, 4318130.193, 94
Trd, 4318131.243, 95
Trd, 4318133.543, 95
Trd, 4318137.093, 98
Trd, 4318138.443, 97
Trd, 4318139.393, 97
Trd, 4318140.043, 97
Trd, 4318140.643, 96
Trd, 4318140.743, 96
Trd, 4318144.043, 95
Trd, 4318145.193, 96
Trd, 4318145.343, 95
Trd, 4318147.193, 96
Trd, 4318149.943, 95
Trd, 4318150.293, 95
Trd, 4318150.843, 96
Trd, 4318151.893, 94
Trd, 4318154.993, 95
Trd, 4318155.743, 95
Trd, 4318157.243, 95
Trd, 4318158.993, 94
Trd, 4318159.643, 95
Trd, 4318160.393, 94
Trd, 4318161.943, 93
Trd, 4318163.943, 93
Trd, 4318166.043, 95
Trd, 4318166.943, 94
Trd, 4318169.743, 93
Trd, 4318170.093, 92
Trd, 4318171.293, 95
Trd, 4318172.393, 93
Trd, 4318174.493, 93
Trd, 4318174.643, 92
Trd, 4318177.343, 91
Trd, 4318177.743, 91
Trd, 4318177.793, 93
Trd, 4318178.393, 94
Trd, 4318183.293, 92
Trd, 4318185.593, 92
Trd, 4318186.193, 94
Trd, 4318187.193, 95
Trd, 4318187.743, 93
Trd, 4318190.293, 92
Trd, 4318193.693, 91
Trd, 4318194.143, 91
Trd, 4318194.243, 92
Trd, 4318194.893, 92
Trd, 4318197.193, 93
Trd, 4318197.643, 95
Trd, 4318198.393, 93
Trd, 4318199.493, 92
Trd, 4318200.643, 92
Trd, 4318202.343, 94
Trd, 4318202.993, 93
Trd, 4318203.443, 93
Trd, 4318204.693, 93
Trd, 4318207.143, 94
Trd, 4318210.043, 93
Trd, 4318211.943, 92
Trd, 4318213.193, 94
Trd, 4318214.343, 93
Trd, 4318214.743, 95
Trd, 4318215.793, 93
Trd, 4318217.343, 97
Trd, 4318218.443, 96
Trd, 4318220.093, 99
Trd, 4318220.793, 98
Trd, 4318221.693, 99
Trd, 4318222.593, 98
Trd, 4318225.643, 95
Trd, 4318226.193, 95
Trd, 4318226.443, 95
Trd, 4318227.143, 95
Trd, 4318228.943, 97
Trd, 4318232.843, 96
Trd, 4318233.443, 94
Trd, 4318236.093, 88
Trd, 4318236.493, 91
Trd, 4318238.993, 90
Trd, 4318239.843, 90
Trd, 4318240.843, 92
Trd, 4318241.343, 93
Trd, 4318241.743, 95
Trd, 4318243.093, 94
Trd, 4318246.393, 94
Trd, 4318247.043, 94
Trd, 4318248.593, 93
Trd, 4318250.043, 92
Trd, 4318250.543, 94
Trd, 4318251.643, 91
Trd, 4318253.943, 91
Trd, 4318254.643, 90
Trd, 4318256.393, 88
Trd, 4318256.793, 87
Trd, 4318259.443, 94
Trd, 4318261.093, 93
Trd, 4318262.143, 92
Trd, 4318264.643, 93
Trd, 4318266.893, 91
Trd, 4318266.993, 91
Trd, 4318268.443, 95
Trd, 4318268.993, 94
Trd, 4318270.093, 94
Trd, 4318271.943, 94
Trd, 4318273.193, 95
Trd, 4318275.593, 95
Trd, 4318276.343, 94
Trd, 4318277.643, 94
Trd, 4318279.993, 95
Trd, 4318280.243, 95
Trd, 4318281.443, 98
Trd, 4318281.743, 98
Trd, 4318283.543, 97
Trd, 4318283.743, 97
Trd, 4318286.193, 95
Trd, 4318286.343, 95
Trd, 4318290.043, 95
Trd, 4318291.643, 95
Trd, 4318291.993, 95
Trd, 4318293.943, 94
Trd, 4318294.043, 94
Trd, 4318294.243, 95
Trd, 4318297.143, 95
Trd, 4318298.143, 95
Trd, 4318299.143, 95
Trd, 4318301.243, 95
Trd, 4318301.343, 94
Trd, 4318301.393, 95
Trd, 4318303.443, 95
Trd, 4318304.143, 95
Trd, 4318306.693, 94
Trd, 4318307.393, 95
Trd, 4318311.043, 95
Trd, 4318311.743, 95
Trd, 4318312.943, 95
Trd, 4318314.793, 95
Trd, 4318317.243, 94
Trd, 4318317.743, 94
Trd, 4318318.593, 95
Trd, 4318320.043, 94
Trd, 4318322.443, 95
Trd, 4318323.293, 95
Trd, 4318326.193, 94
Trd, 4318326.843, 95
Trd, 4318328.693, 94
Trd, 4318328.893, 95
Trd, 4318331.843, 93
Trd, 4318332.893, 94
Trd, 4318333.443, 93
Trd, 4318335.493, 92
Trd, 4318336.943, 94
Trd, 4318337.693, 96
Trd, 4318338.343, 96
Trd, 4318340.243, 96
Trd, 4318341.993, 95
Trd, 4318342.893, 96
Trd, 4318346.093, 95
Trd, 4318346.743, 94
Trd, 4318348.343, 94
Trd, 4318349.143, 94
Trd, 4318349.643, 95
Trd, 4318354.293, 94
Trd, 4318354.743, 95
Trd, 4318356.893, 95
Trd, 4318357.293, 93
Trd, 4318358.593, 92
Trd, 4318359.193, 93
Trd, 4318360.143, 94
Trd, 4318360.643, 95
Trd, 4318363.293, 94
Trd, 4318363.743, 95
Trd, 4318365.743, 95
Trd, 4318366.493, 94
Trd, 4318368.393, 93
Trd, 4318368.643, 93
Trd, 4318370.243, 94
Trd, 4318370.843, 94
Trd, 4318373.393, 94
Trd, 4318375.743, 93
Trd, 4318375.793, 93
Trd, 4318379.493, 92
Trd, 4318380.593, 92
Trd, 4318381.193, 92
Trd, 4318384.543, 91
Trd, 4318384.743, 91
Trd, 4318386.643, 92
Trd, 4318386.893, 91
Trd, 4318387.693, 95
Trd, 4318389.793, 90
Trd, 4318391.493, 90
Trd, 4318392.943, 90
Trd, 4318393.043, 89
Trd, 4318395.343, 88
Trd, 4318396.143, 88
Trd, 4318397.293, 87
Trd, 4318398.243, 87
Trd, 4318398.843, 86
Trd, 4318400.693, 86
Trd, 4318402.243, 87
Trd, 4318403.193, 88
Trd, 4318405.643, 87
Trd, 4318408.293, 95
Trd, 4318409.693, 89
Trd, 4318410.343, 90
Trd, 4318411.843, 89
Trd, 4318414.543, 95
Trd, 4318414.993, 97
Trd, 4318416.843, 95
Trd, 4318417.393, 94
Trd, 4318419.893, 95
Trd, 4318420.943, 94
Trd, 4318421.243, 94
Trd, 4318423.743, 93
Trd, 4318424.693, 94
Trd, 4318425.843, 95
Trd, 4318426.493, 94
Trd, 4318426.643, 95
Trd, 4318430.343, 94
Trd, 4318430.943, 93
Trd, 4318431.893, 94
Trd, 4318432.743, 93
Trd, 4318436.643, 92
Trd, 4318437.593, 92
Trd, 4318438.343, 92
Trd, 4318439.143, 93
Trd, 4318440.643, 89
Trd, 4318441.793, 88
Trd, 4318442.343, 88
Trd, 4318442.693, 87
Trd, 4318447.393, 88
Trd, 4318447.443, 89
Trd, 4318449.243, 89
Trd, 4318451.343, 89
Trd, 4318454.243, 88
Trd, 4318454.293, 89
Trd, 4318455.643, 88
Trd, 4318456.843, 88
Trd, 4318459.493, 87
Trd, 4318459.793, 87
Trd, 4318460.843, 88
Trd, 4318461.243, 88
Trd, 4318461.943, 95
Trd, 4318464.893, 87
Trd, 4318467.743, 87
Trd, 4318468.293, 87
Trd, 4318469.243, 87
Trd, 4318469.543, 88
Trd, 4318469.893, 88
Trd, 4318472.643, 87
Trd, 4318472.693, 86
Trd, 4318473.693, 86
Trd, 4318476.843, 89
Trd, 4318476.893, 88
Trd, 4318478.693, 94
Trd, 4318479.993, 89
Trd, 4318481.693, 90
Trd, 4318485.243, 90
Trd, 4318485.693, 89
Trd, 4318486.243, 94
Trd, 4318488.343, 88
Trd, 4318488.493, 91
Trd, 4318489.893, 95
Trd, 4318492.643, 99
Trd, 4318493.243, 99
Trd, 4318493.893, 98
Trd, 4318495.943, 98
Trd, 4318497.793, 98
Trd, 4318498.043, 97
Trd, 4318498.743, 97
Trd, 4318499.693, 93
Trd, 4318500.243, 93
Trd, 4318504.193, 96
Trd, 4318504.493, 95
Trd, 4318505.143, 95
Trd, 4318507.693, 97
Trd, 4318510.793, 97
Trd, 4318511.143, 97
Trd, 4318512.393, 96
Trd, 4318515.043, 96
Trd, 4318519.493, 96
Trd, 4318520.343, 95
Trd, 4318521.343, 95
Trd, 4318521.493, 96
Trd, 4318526.093, 95
Trd, 4318526.643, 95
Trd, 4318527.343, 94
Trd, 4318531.393, 94
Trd, 4318532.293, 93
Trd, 4318533.243, 97
Trd, 4318533.393, 97
Trd, 4318534.443, 102
Trd, 4318537.293, 97
Trd, 4318538.343, 96
Trd, 4318539.643, 96
Trd, 4318540.393, 95
Trd, 4318541.193, 97
Trd, 4318543.543, 94
Trd, 4318543.993, 94
Trd, 4318545.543, 93
Trd, 4318547.393, 93
Trd, 4318549.443, 92
Trd, 4318549.893, 91
Trd, 4318550.393, 91
Trd, 4318552.493, 92
Trd, 4318553.643, 95
Trd, 4318556.043, 92
Trd, 4318556.643, 92
Trd, 4318557.043, 92
Trd, 4318558.593, 92
Trd, 4318560.643, 91
Trd, 4318560.843, 91
Trd, 4318561.943, 92
Trd, 4318562.593, 92
Trd, 4318563.343, 95
Trd, 4318565.693, 92
Trd, 4318568.143, 91
Trd, 4318569.043, 92
Trd, 4318571.993, 93
Trd, 4318574.843, 92
Trd, 4318575.343, 92
Trd, 4318575.843, 95
Trd, 4318579.843, 92
Trd, 4318580.293, 92
Trd, 4318581.243, 91
Trd, 4318581.793, 92
Trd, 4318584.443, 90
Trd, 4318584.693, 91
Trd, 4318585.943, 89
Trd, 4318589.993, 91
Trd, 4318591.693, 93
Trd, 4318593.543, 91
Trd, 4318595.293, 91
Trd, 4318596.093, 95
Trd, 4318597.493, 93
Trd, 4318598.093, 95
Trd, 4318600.893, 106
Trd, 4318601.043, 101
Trd, 4318601.543, 102
Trd, 4318603.043, 107
Trd, 4318604.243, 106
Trd, 4318606.393, 101
Trd, 4318607.043, 100
Trd, 4318607.393, 99
Trd, 4318609.193, 98
Trd, 4318610.393, 97
Trd, 4318611.793, 97
Trd, 4318613.793, 97
Trd, 4318614.843, 97
Trd, 4318617.593, 96
Trd, 4318617.643, 97
Trd, 4318619.043, 96
Trd, 4318620.793, 97
Trd, 4318623.093, 96
Trd, 4318623.943, 97
Trd, 4318626.243, 96
Trd, 4318627.343, 96
Trd, 4318628.943, 95
Trd, 4318629.743, 95
Trd, 4318630.293, 96
Trd, 4318634.793, 94
Trd, 4318635.293, 93
Trd, 4318636.993, 94
Trd, 4318637.343, 92
Trd, 4318639.793, 93
Trd, 4318642.743, 92
Trd, 4318643.243, 91
Trd, 4318643.793, 92
Trd, 4318644.643, 96
Trd, 4318644.993, 95
Trd, 4318647.043, 98
Trd, 4318649.793, 96
Trd, 4318652.243, 96
Trd, 4318653.143, 96
Trd, 4318655.393, 95
Trd, 4318657.243, 94
Trd, 4318657.493, 95
Trd, 4318660.143, 95
Trd, 4318661.743, 94
Trd, 4318662.793, 95
Trd, 4318664.943, 94
Trd, 4318666.543, 94
Trd, 4318667.443, 95
Trd, 4318668.443, 93
Trd, 4318669.693, 94
Trd, 4318670.143, 95
Trd, 4318672.693, 93
Trd, 4318674.493, 94
Trd, 4318676.693, 95
Trd, 4318678.343, 95
Trd, 4318679.193, 94
Trd, 4318680.443, 92
Trd, 4318680.593, 93
Trd, 4318681.293, 92
Trd, 4318682.343, 94
Trd, 4318683.843, 92
Trd, 4318684.043, 91
Trd, 4318685.743, 94
Trd, 4318686.943, 93
Trd, 4318689.043, 92
Trd, 4318691.893, 93
Trd, 4318693.343, 92
Trd, 4318694.293, 90
Trd, 4318695.793, 90
Trd, 4318696.593, 89
Trd, 4318698.393, 88
Trd, 4318698.443, 90
Trd, 4318701.343, 90
Trd, 4318702.043, 91
Trd, 4318705.043, 90
Trd, 4318706.293, 91
Trd, 4318707.243, 90
Trd, 4318709.893, 90
Trd, 4318710.693, 91
Trd, 4318713.443, 91
Trd, 4318714.343, 95
Trd, 4318714.593, 94
Trd, 4318716.243, 93
Trd, 4318717.843, 93
Trd, 4318720.193, 92
Trd, 4318720.793, 94
Trd, 4318721.593, 93
Trd, 4318722.943, 92
Trd, 4318724.143, 94
Trd, 4318728.343, 94
Trd, 4318730.643, 94
Trd, 4318730.693, 94
Trd, 4318731.893, 93
Trd, 4318732.593, 94
Trd, 4318732.743, 93
Trd, 4318734.043, 93
Trd, 4318736.193, 95
Trd, 4318739.093, 98
Trd, 4318740.543, 98
Trd, 4318740.643, 97
Trd, 4318740.743, 98
Trd, 4318743.943, 97
Trd, 4318744.193, 100
Trd, 4318748.543, 98
Trd, 4318750.743, 97
Trd, 4318751.143, 96
Trd, 4318752.143, 95
Trd, 4318752.393, 96
Trd, 4318753.443, 95
Trd, 4318755.693, 95
Trd, 4318756.893, 95
Trd, 4318757.193, 95
Trd, 4318758.493, 96
Trd, 4318759.743, 95
Trd, 4318761.743, 95
Trd, 4318765.043, 94
Trd, 4318765.393, 94
Trd, 4318766.593, 95
Trd, 4318766.893, 95
Trd, 4318768.743, 95
Trd, 4318769.743, 94
Trd, 4318769.843, 94
Trd, 4318771.293, 95
Trd, 4318774.843, 93
Trd, 4318775.343, 94
Trd, 4318775.743, 94
Trd, 4318777.043, 95
Trd, 4318779.193, 95
Trd, 4318780.593, 94
Trd, 4318781.843, 93
Trd, 4318784.943, 92
Trd, 4318785.243, 93
Trd, 4318787.093, 93
Trd, 4318787.843, 92
Trd, 4318789.193, 94
Trd, 4318791.593, 94
Trd, 4318791.993, 93
Trd, 4318792.943, 93
Trd, 4318795.143, 93
Trd, 4318796.543, 94
Trd, 4318798.443, 94
Trd, 4318800.993, 94
Trd, 4318801.443, 93
Trd, 4318802.793, 93
Trd, 4318804.793, 93
Trd, 4318805.393, 92
Trd, 4318805.793, 93
Trd, 4318807.193, 95
Trd, 4318809.893, 95
Trd, 4318810.843, 95
Trd, 4318812.693, 95
Trd, 4318814.443, 96
Trd, 4318815.543, 95
Trd, 4318816.393, 95
Trd, 4318818.193, 95
Trd, 4318820.693, 96
Trd, 4318822.743, 94
Trd, 4318823.243, 93
Trd, 4318824.293, 91
Trd, 4318824.993, 89
Trd, 4318825.043, 90
Trd, 4318829.093, 92
Trd, 4318829.543, 91
Trd, 4318830.293, 91
Trd, 4318832.193, 92
Trd, 4318832.543, 92
Trd, 4318833.893, 93
Trd, 4318834.743, 93
Trd, 4318836.893, 92
Trd, 4318838.393, 92
Trd, 4318839.893, 92
Trd, 4318841.493, 95
Trd, 4318842.193, 94
Trd, 4318843.493, 93
Trd, 4318845.043, 94
Trd, 4318845.393, 94
Trd, 4318848.293, 95
Trd, 4318848.493, 95
Trd, 4318850.893, 95
Trd, 4318853.693, 95
Trd, 4318853.793, 95
Trd, 4318855.593, 95
Trd, 4318855.943, 95
Trd, 4318856.493, 95
Trd, 4318859.693, 94
Trd, 4318861.843, 94
Trd, 4318862.443, 93
Trd, 4318863.143, 95
Trd, 4318864.393, 94
Trd, 4318864.693, 94
Trd, 4318866.193, 93
Trd, 4318868.543, 94
Trd, 4318870.943, 104
Trd, 4318871.093, 103
Trd, 4318871.793, 100
Trd, 4318873.343, 103
Trd, 4318875.293, 103
Trd, 4318875.943, 102
Trd, 4318877.793, 104
Trd, 4318877.943, 103
Trd, 4318880.043, 102
Trd, 4318882.043, 100
Trd, 4318883.343, 99
Trd, 4318884.093, 98
Trd, 4318885.593, 96
Trd, 4318886.293, 97
Trd, 4318888.143, 98
Trd, 4318889.343, 103
Trd, 4318889.743, 103
Trd, 4318890.843, 102
Trd, 4318893.543, 96
Trd, 4318894.093, 98
Trd, 4318895.043, 97
Trd, 4318896.343, 97
Trd, 4318897.093, 95
Trd, 4318897.593, 93
Trd, 4318898.543, 93
Trd, 4318900.943, 93
Trd, 4318903.043, 92
Trd, 4318903.093, 94
Trd, 4318904.943, 97
Trd, 4318908.093, 97
Trd, 4318909.193, 96
Trd, 4318909.743, 95
Trd, 4318909.843, 95
Trd, 4318912.343, 95
Trd, 4318915.093, 97
Trd, 4318917.443, 95
Trd, 4318917.793, 94
Trd, 4318918.843, 93
Trd, 4318919.393, 93
Trd, 4318923.543, 93
Trd, 4318923.743, 93
Trd, 4318924.643, 94
Trd, 4318925.893, 93
Trd, 4318928.393, 94
Trd, 4318929.343, 94
Trd, 4318930.193, 94
Trd, 4318932.443, 94
Trd, 4318932.943, 93
Trd, 4318933.593, 94
Trd, 4318937.343, 94
Trd, 4318938.643, 95
Trd, 4318941.943, 94
Trd, 4318942.493, 94
Trd, 4318942.743, 95
Trd, 4318944.543, 95
Trd, 4318945.193, 94
Trd, 4318945.743, 95
Trd, 4318947.743, 95
Trd, 4318948.543, 94
Trd, 4318949.293, 93
Trd, 4318951.143, 93
Trd, 4318951.743, 94
Trd, 4318954.093, 93
Trd, 4318955.093, 95
Trd, 4318956.193, 93
Trd, 4318957.993, 94
Trd, 4318958.743, 95
Trd, 4318961.393, 92
Trd, 4318962.143, 94
Trd, 4318963.243, 93
Trd, 4318965.393, 93
Trd, 4318968.343, 92
Trd, 4318969.843, 93
Trd, 4318971.043, 91
Trd, 4318971.543, 92
Trd, 4318972.693, 92
Trd, 4318974.493, 92
Trd, 4318978.993, 92
Trd, 4318979.643, 94
Trd, 4318981.043, 91
Trd, 4318981.893, 91
Trd, 4318983.243, 91
Trd, 4318986.443, 90
Trd, 4318988.493, 89
Trd, 4318988.743, 89
Trd, 4318988.843, 90
Trd, 4318989.843, 91
Trd, 4318990.893, 95
Trd, 4318992.843, 93
Trd, 4318993.543, 94
Trd, 4318994.943, 99
Trd, 4318998.143, 99
Trd, 4318998.343, 98
Trd, 4319000.543, 97
Trd, 4319002.893, 97
Trd, 4319003.493, 96
Trd, 4319007.193, 95
Trd, 4319008.643, 96
Trd, 4319010.343, 95
Trd, 4319011.493, 96
Trd, 4319011.643, 95
Trd, 4319013.843, 97
Trd, 4319015.393, 97
Trd, 4319015.693, 96
Trd, 4319020.043, 97
Trd, 4319020.893, 96
Trd, 4319021.743, 95
Trd, 4319021.893, 95
Trd, 4319022.793, 95
Trd, 4319026.193, 95
Trd, 4319026.443, 94
Trd, 4319027.343, 92
Trd, 4319028.993, 90
Trd, 4319029.793, 91
Trd, 4319029.893, 91
Trd, 4319032.493, 91
Trd, 4319033.243, 91
Trd, 4319035.793, 90
Trd, 4319036.393, 90
Trd, 4319036.443, 89
Trd, 4319038.293, 94
Trd, 4319040.493, 92
Trd, 4319042.843, 90
Trd, 4319044.643, 88
Trd, 4319045.293, 88
Trd, 4319046.193, 86
Trd, 4319047.293, 95
Trd, 4319048.993, 94
Trd, 4319049.493, 92
Trd, 4319051.393, 95
Trd, 4319052.993, 99
Trd, 4319053.593, 94
Trd, 4319056.493, 95
Trd, 4319058.993, 96
Trd, 4319060.693, 95
Trd, 4319063.793, 95
Trd, 4319064.743, 96
Trd, 4319067.143, 95
Trd, 4319068.243, 95
Trd, 4319069.543, 95
Trd, 4319071.743, 94
Trd, 4319072.143, 94
Trd, 4319076.193, 93
Trd, 4319076.543, 93
Trd, 4319077.243, 95
Trd, 4319077.843, 94
Trd, 4319079.743, 96
Trd, 4319081.543, 96
Trd, 4319082.543, 95
Trd, 4319082.893, 96
Trd, 4319084.893, 95
Trd, 4319087.493, 94
Trd, 4319087.593, 94
Trd, 4319088.443, 93
Trd, 4319089.893, 92
Trd, 4319090.893, 93
Trd, 4319091.193, 94
Trd, 4319094.243, 93
Trd, 4319094.643, 92
Trd, 4319095.493, 92
Trd, 4319097.643, 95
Trd, 4319098.943, 93
Trd, 4319101.543, 94
Trd, 4319101.943, 94
Trd, 4319103.543, 94
Trd, 4319104.493, 95
Trd, 4319107.443, 94
Trd, 4319107.593, 94
Trd, 4319108.843, 94
Trd, 4319109.243, 95
Trd, 4319110.043, 96
Trd, 4319112.243, 94
Trd, 4319113.693, 93
Trd, 4319114.343, 93
Trd, 4319114.893, 95
Trd, 4319116.443, 94
Trd, 4319117.693, 92
Trd, 4319117.943, 93
Trd, 4319121.543, 93
Trd, 4319122.743, 92
Trd, 4319124.443, 92
Trd, 4319124.943, 94
Trd, 4319126.643, 93
Trd, 4319127.793, 93
Trd, 4319129.143, 92
Trd, 4319129.993, 92
Trd, 4319132.543, 91
Trd, 4319133.393, 93
Trd, 4319134.493, 93
Trd, 4319136.443, 93
Trd, 4319137.743, 93
Trd, 4319140.343, 92
Trd, 4319140.943, 93
Trd, 4319143.593, 91
Trd, 4319144.093, 93
Trd, 4319144.893, 94
Trd, 4319146.243, 92
Trd, 4319147.643, 91
Trd, 4319149.393, 92
Trd, 4319152.393, 93
Trd, 4319153.043, 93
Trd, 4319154.793, 92
Trd, 4319157.443, 92
Trd, 4319159.193, 91
Trd, 4319162.543, 92
Trd, 4319163.843, 91
Trd, 4319166.043, 91
Trd, 4319166.093, 92
Trd, 4319168.693, 90
Trd, 4319169.143, 91
Trd, 4319171.093, 93
Trd, 4319173.643, 92
Trd, 4319174.793, 91
Trd, 4319175.343, 92
Trd, 4319176.943, 92
Trd, 4319179.693, 94
Trd, 4319182.443, 92
Trd, 4319183.543, 91
Trd, 4319184.043, 92
Trd, 4319184.093, 91
Trd, 4319185.693, 95
Trd, 4319187.693, 93
Trd, 4319189.493, 93
Trd, 4319191.343, 92
Trd, 4319192.043, 92
Trd, 4319194.193, 94
Trd, 4319194.443, 95
Trd, 4319195.093, 97
Trd, 4319196.543, 95
Trd, 4319196.643, 95
Trd, 4319200.593, 95
Trd, 4319201.293, 94
Trd, 4319202.293, 92
Trd, 4319202.543, 94
Trd, 4319203.343, 91
Trd, 4319203.943, 88
Trd, 4319208.543, 87
Trd, 4319208.993, 88
Trd, 4319209.093, 88
Trd, 4319210.193, 88
Trd, 4319211.743, 95
Trd, 4319215.043, 89
Trd, 4319215.693, 89
Trd, 4319215.743, 90
Trd, 4319217.243, 89
Trd, 4319217.793, 89
Trd, 4319218.943, 88
Trd, 4319223.093, 87
Trd, 4319226.593, 89
Trd, 4319230.493, 88
Trd, 4319230.643, 87
Trd, 4319230.743, 86
Trd, 4319232.593, 87
Trd, 4319235.043, 87
Trd, 4319236.343, 86
Trd, 4319236.743, 88
Trd, 4319238.843, 86
Trd, 4319241.343, 86
Trd, 4319241.943, 85
Trd, 4319242.143, 86
Trd, 4319244.343, 86
Trd, 4319246.593, 86
Trd, 4319247.343, 85
Trd, 4319247.943, 86
Trd, 4319250.243, 84
Trd, 4319251.243, 85
Trd, 4319251.993, 86
Trd, 4319252.143, 86
Trd, 4319254.943, 84
Trd, 4319255.993, 84
Trd, 4319258.143, 88
Trd, 4319259.943, 93
Trd, 4319260.493, 91
Trd, 4319262.443, 91
Trd, 4319263.093, 92
Trd, 4319265.493, 92
Trd, 4319268.093, 91
Trd, 4319268.193, 91
Trd, 4319270.543, 91
Trd, 4319271.293, 90
Trd, 4319271.543, 91
Trd, 4319276.293, 90
Trd, 4319277.593, 91
Trd, 4319278.243, 91
Trd, 4319278.443, 91
Trd, 4319281.393, 90
Trd, 4319282.593, 91
Trd, 4319284.343, 91
Trd, 4319287.543, 91
Trd, 4319288.493, 91
Trd, 4319288.693, 91
Trd, 4319290.193, 92
Trd, 4319292.743, 90
Trd, 4319294.793, 90
Trd, 4319296.843, 92
Trd, 4319299.943, 89
Trd, 4319300.393, 90
Trd, 4319304.293, 90
Trd, 4319305.743, 89
Trd, 4319305.843, 89
Trd, 4319307.693, 91
Trd, 4319309.443, 91
Trd, 4319310.043, 95
Trd, 4319311.793, 90
Trd, 4319312.643, 91
Trd, 4319313.593, 89
Trd, 4319315.343, 95
Trd, 4319316.943, 98
Trd, 4319317.293, 97
Trd, 4319320.293, 99
Trd, 4319321.643, 98
Trd, 4319322.443, 97
Trd, 4319324.493, 96
Trd, 4319328.493, 97
Trd, 4319329.393, 96
Trd, 4319329.593, 97
Trd, 4319330.393, 96
Trd, 4319331.393, 95
Trd, 4319332.493, 96
Trd, 4319333.543, 95
Trd, 4319334.693, 95
Trd, 4319334.743, 94
Trd, 4319336.193, 95
Trd, 4319337.493, 94
Trd, 4319338.943, 93
Trd, 4319341.493, 92
Trd, 4319342.543, 90
Trd, 4319343.293, 91
Trd, 4319346.243, 91
Trd, 4319348.043, 90
Trd, 4319348.393, 92
Trd, 4319349.443, 92
Trd, 4319351.393, 92
Trd, 4319354.293, 91
Trd, 4319357.393, 91
Trd, 4319357.543, 91
Trd, 4319358.893, 91
Trd, 4319359.293, 90
Trd, 4319362.793, 90
Trd, 4319363.993, 89
Trd, 4319364.343, 90
Trd, 4319364.893, 89
Trd, 4319366.343, 93
Trd, 4319369.793, 91
Trd, 4319370.243, 91
Trd, 4319371.193, 91
Trd, 4319373.293, 92
Trd, 4319375.493, 90
Trd, 4319376.993, 92
Trd, 4319378.443, 91
Trd, 4319378.693, 89
Trd, 4319380.943, 92
Trd, 4319381.143, 94
Trd, 4319386.043, 92
Trd, 4319386.293, 91
Trd, 4319386.843, 91
Trd, 4319389.393, 92
Trd, 4319390.043, 91
Trd, 4319391.993, 90
Trd, 4319395.093, 91
Trd, 4319395.543, 92
Trd, 4319398.043, 92
Trd, 4319399.043, 90
Trd, 4319401.293, 90
Trd, 4319402.943, 90
Trd, 4319403.243, 90
Trd, 4319405.143, 90
Trd, 4319408.443, 90
Trd, 4319410.643, 90
Trd, 4319411.193, 89
Trd, 4319411.393, 89
Trd, 4319414.143, 93
Trd, 4319417.993, 91
Trd, 4319418.343, 90
Trd, 4319418.693, 91
Trd, 4319419.743, 90
Trd, 4319420.343, 89
Trd, 4319422.143, 85
Trd, 4319422.693, 86
Trd, 4319422.993, 87
Trd, 4319425.393, 95
Trd, 4319426.893, 110
Trd, 4319427.093, 107
Trd, 4319428.693, 105
Trd, 4319429.343, 106
Trd, 4319430.843, 109
Trd, 4319431.843, 108
Trd, 4319434.093, 107
Trd, 4319437.293, 105
Trd, 4319439.093, 104
Trd, 4319440.193, 104
Trd, 4319443.093, 103
Trd, 4319443.793, 102
Trd, 4319444.843, 100
Trd, 4319445.443, 99
Trd, 4319447.143, 99
Trd, 4319447.343, 98
Trd, 4319449.793, 97
Trd, 4319453.293, 96
Trd, 4319453.793, 94
Trd, 4319454.943, 95
Trd, 4319455.593, 92
Trd, 4319456.593, 92
Trd, 4319456.943, 93
Trd, 4319460.093, 93
Trd, 4319460.893, 92
Trd, 4319463.743, 93
Trd, 4319464.893, 93
Trd, 4319466.093, 93
Trd, 4319468.243, 94
Trd, 4319469.343, 95
Trd, 4319471.443, 94
Trd, 4319471.693, 94
Trd, 4319473.643, 95
Trd, 4319474.193, 95
Trd, 4319474.893, 93
Trd, 4319475.543, 94
Trd, 4319478.443, 94
Trd, 4319479.343, 93
Trd, 4319480.043, 95
Trd, 4319480.543, 93
Trd, 4319481.543, 95
Trd, 4319482.143, 94
Trd, 4319483.443, 94
Trd, 4319489.893, 93
Trd, 4319489.943, 93
Trd, 4319490.193, 95
Trd, 4319491.443, 95
Trd, 4319494.343, 93
Trd, 4319494.393, 92
Trd, 4319495.843, 93
Trd, 4319497.093, 92
Trd, 4319497.143, 94
Trd, 4319498.493, 93
Trd, 4319504.043, 93
Trd, 4319504.793, 93
Trd, 4319504.893, 92
Trd, 4319506.543, 92
Trd, 4319507.343, 93
Trd, 4319509.493, 91
Trd, 4319509.993, 90
Trd, 4319511.893, 91
Trd, 4319513.843, 90
Trd, 4319514.893, 91
Trd, 4319517.193, 90
Trd, 4319517.843, 91
Trd, 4319518.793, 90
Trd, 4319522.943, 90
Trd, 4319523.093, 89
Trd, 4319524.093, 89
Trd, 4319528.743, 88
Trd, 4319529.043, 90
Trd, 4319530.093, 87
Trd, 4319531.743, 87
Trd, 4319532.193, 88
Trd, 4319534.993, 86
Trd, 4319536.043, 85
Trd, 4319536.093, 85
Trd, 4319536.243, 84
Trd, 4319536.693, 95
Trd, 4319537.293, 104
Trd, 4319539.143, 93
Trd, 4319539.993, 92
Trd, 4319540.743, 94
Trd, 4319542.943, 94
Trd, 4319544.243, 93
Trd, 4319546.693, 92
Trd, 4319547.793, 92
Trd, 4319547.943, 93
Trd, 4319552.893, 93
Trd, 4319553.193, 92
Trd, 4319554.643, 93
Trd, 4319555.793, 91
Trd, 4319557.793, 93
Trd, 4319560.143, 91
Trd, 4319564.293, 91
Trd, 4319564.943, 91
Trd, 4319568.243, 90
Trd, 4319569.543, 90
Trd, 4319569.993, 91
Trd, 4319573.043, 91
Trd, 4319573.743, 89
Trd, 4319574.643, 89
Trd, 4319577.093, 92
Trd, 4319578.393, 90
Trd, 4319578.793, 91
Trd, 4319580.943, 95
Trd, 4319585.043, 91
Trd, 4319585.143, 91
Trd, 4319585.293, 90
Trd, 4319587.143, 89
Trd, 4319587.543, 91
Trd, 4319590.343, 94
Trd, 4319590.843, 92
Trd, 4319591.243, 92
Trd, 4319592.143, 92
Trd, 4319593.193, 95
Trd, 4319595.043, 93
Trd, 4319598.043, 92
Trd, 4319598.093, 92
Trd, 4319598.493, 93
Trd, 4319599.593, 92
Trd, 4319599.993, 93
Trd, 4319602.643, 93
Trd, 4319603.093, 95
Trd, 4319605.943, 97
Trd, 4319606.543, 95
Trd, 4319607.993, 95
Trd, 4319608.193, 95
Trd, 4319608.893, 95
Trd, 4319609.593, 95
Trd, 4319610.143, 94
Trd, 4319610.693, 93
Trd, 4319612.343, 93
Trd, 4319616.443, 95
Trd, 4319618.193, 94
Trd, 4319618.593, 94
Trd, 4319619.793, 93
Trd, 4319620.293, 93
Trd, 4319621.493, 94
Trd, 4319624.643, 93
Trd, 4319625.043, 94
Trd, 4319628.493, 92
Trd, 4319628.943, 94
Trd, 4319632.543, 92
Trd, 4319633.893, 92
Trd, 4319633.993, 91
Trd, 4319634.243, 91
Trd, 4319634.943, 93
Trd, 4319637.543, 92
Trd, 4319638.193, 93
Trd, 4319639.743, 95
Trd, 4319640.193, 94
Trd, 4319640.543, 94
Trd, 4319643.893, 95
Trd, 4319646.143, 96
Trd, 4319647.093, 95
Trd, 4319649.643, 95
Trd, 4319650.043, 95
Trd, 4319650.643, 95
Trd, 4319652.443, 96
Trd, 4319652.943, 97
Trd, 4319654.343, 98
Trd, 4319657.243, 97
Trd, 4319657.443, 97
Trd, 4319658.293, 97
Trd, 4319660.493, 97
Trd, 4319661.243, 96
Trd, 4319662.293, 95
Trd, 4319663.043, 96
Trd, 4319666.043, 96
Trd, 4319668.143, 96
Trd, 4319668.793, 96
Trd, 4319669.293, 94
Trd, 4319670.443, 95
Trd, 4319671.993, 95
Trd, 4319672.443, 94
Trd, 4319675.993, 95
Trd, 4319677.443, 94
Trd, 4319680.243, 93
Trd, 4319680.593, 94
Trd, 4319683.243, 94
Trd, 4319683.593, 93
Trd, 4319687.943, 92
Trd, 4319690.093, 92
Trd, 4319690.243, 93
Trd, 4319691.593, 91
Trd, 4319691.793, 91
Trd, 4319691.893, 94
Trd, 4319696.193, 91
Trd, 4319697.543, 91
Trd, 4319700.993, 90
Trd, 4319703.643, 91
Trd, 4319706.743, 89
Trd, 4319706.993, 90
Trd, 4319707.493, 89
Trd, 4319710.343, 90
Trd, 4319710.993, 95
Trd, 4319712.193, 93
Trd, 4319715.193, 91
Trd, 4319717.493, 92
Trd, 4319719.743, 91
Trd, 4319719.893, 91
Trd, 4319720.093, 91
Trd, 4319720.293, 90
Trd, 4319722.393, 95
Trd, 4319724.943, 90
Trd, 4319725.093, 91
Trd, 4319729.093, 91
Trd, 4319729.293, 91
Trd, 4319731.393, 90
Trd, 4319732.893, 94
Trd, 4319734.593, 91
Trd, 4319735.293, 90
Trd, 4319735.843, 91
Trd, 4319736.843, 90
Trd, 4319738.143, 90
Trd, 4319738.293, 91
Trd, 4319740.743, 94
Trd, 4319743.843, 95
Trd, 4319745.293, 99
Trd, 4319745.343, 97
Trd, 4319749.993, 99
Trd, 4319750.043, 98
Trd, 4319750.243, 98
Trd, 4319752.093, 97
Trd, 4319752.543, 96
Trd, 4319754.893, 99
Trd, 4319756.543, 99
Trd, 4319758.193, 98
Trd, 4319760.293, 96
Trd, 4319762.093, 96
Trd, 4319763.843, 97
Trd, 4319764.093, 96
Trd, 4319766.643, 95
Trd, 4319767.693, 96
Trd, 4319768.993, 95
Trd, 4319772.943, 96
Trd, 4319772.993, 95
Trd, 4319774.293, 94
Trd, 4319774.593, 94
Trd, 4319777.293, 94
Trd, 4319777.793, 94
Trd, 4319778.593, 95
Trd, 4319779.643, 95
Trd, 4319781.743, 96
Trd, 4319782.493, 96
Trd, 4319784.843, 96
Trd, 4319785.993, 95
Trd, 4319786.243, 95
Trd, 4319786.893, 95
Trd, 4319788.093, 95
Trd, 4319789.643, 97
Trd, 4319792.043, 96
Trd, 4319792.443, 96
Trd, 4319792.893, 96
Trd, 4319798.243, 95
Trd, 4319799.293, 94
Trd, 4319800.193, 95
Trd, 4319801.193, 94
Trd, 4319804.343, 93
Trd, 4319804.493, 94
Trd, 4319805.293, 92
Trd, 4319806.043, 92
Trd, 4319806.843, 91
Trd, 4319810.143, 91
Trd, 4319810.993, 90
Trd, 4319811.493, 92
Trd, 4319812.143, 92
Trd, 4319813.943, 95
Trd, 4319815.893, 95
Trd, 4319818.043, 94
Trd, 4319819.893, 95
Trd, 4319820.443, 95
Trd, 4319822.193, 94
Trd, 4319823.443, 93
Trd, 4319823.593, 92
Trd, 4319824.243, 92
Trd, 4319826.643, 91
Trd, 4319828.843, 93
Trd, 4319830.843, 91
Trd, 4319831.643, 92
Trd, 4319834.043, 92
Trd, 4319834.193, 91
Trd, 4319835.943, 92
Trd, 4319836.893, 92
Trd, 4319839.143, 92
Trd, 4319840.843, 91
Trd, 4319842.593, 90
Trd, 4319842.793, 91
Trd, 4319844.643, 92
Trd, 4319846.393, 90
Trd, 4319848.643, 90
Trd, 4319849.293, 91
Trd, 4319852.093, 89
Trd, 4319852.443, 89
Trd, 4319856.043, 95
Trd, 4319856.343, 92
Trd, 4319858.343, 91
Trd, 4319861.093, 95
Trd, 4319861.243, 94
Trd, 4319862.093, 94
Trd, 4319863.593, 97
Trd, 4319866.093, 93
Trd, 4319866.293, 93
Trd, 4319866.493, 95
Trd, 4319868.343, 94
Trd, 4319868.843, 95
Trd, 4319871.343, 95
Trd, 4319872.343, 97
Trd, 4319874.093, 96
Trd, 4319874.643, 95
Trd, 4319876.143, 95
Trd, 4319877.643, 94
Trd, 4319877.843, 96
Trd, 4319878.893, 95
Trd, 4319880.243, 96
Trd, 4319882.543, 95
Trd, 4319882.993, 94
Trd, 4319884.593, 93
Trd, 4319885.343, 94
Trd, 4319888.493, 88
Trd, 4319888.743, 87
Trd, 4319889.293, 95
Trd, 4319889.943, 89
Trd, 4319891.693, 89
Trd, 4319894.943, 95
Trd, 4319898.893, 98
Trd, 4319898.993, 95
Trd, 4319899.393, 95
Trd, 4319900.543, 97
Trd, 4319902.043, 99
Trd, 4319903.593, 97
Trd, 4319907.043, 96
Trd, 4319909.343, 95
Trd, 4319909.793, 94
Trd, 4319910.243, 94
Trd, 4319912.643, 93
Trd, 4319912.943, 94
Trd, 4319914.993, 93
Trd, 4319915.843, 94
Trd, 4319916.893, 94
Trd, 4319918.043, 92
Trd, 4319918.293, 92
Trd, 4319921.443, 91
Trd, 4319921.493, 92
Trd, 4319924.043, 91
Trd, 4319925.393, 92
Trd, 4319926.843, 91
Trd, 4319926.943, 92
Trd, 4319928.393, 93
Trd, 4319931.893, 94
Trd, 4319933.143, 93
Trd, 4319935.243, 92
Trd, 4319935.443, 92
Trd, 4319939.143, 92
Trd, 4319939.443, 91
Trd, 4319939.493, 95
Trd, 4319942.493, 92
Trd, 4319944.893, 92
Trd, 4319946.343, 92
Trd, 4319947.693, 92
Trd, 4319949.693, 93
Trd, 4319951.643, 93
Trd, 4319952.443, 95
Trd, 4319953.043, 92
Trd, 4319954.793, 92
Trd, 4319955.243, 91
Trd, 4319955.593, 92
Trd, 4319958.243, 91
Trd, 4319958.993, 92
Trd, 4319960.093, 92
Trd, 4319961.343, 93
Trd, 4319961.793, 92
Trd, 4319965.143, 93
Trd, 4319967.743, 91
Trd, 4319969.593, 90
Trd, 4319969.893, 89
Trd, 4319971.943, 91
Trd, 4319972.693, 90
Trd, 4319972.743, 91
Trd, 4319974.343, 95
Trd, 4319978.593, 93
Trd, 4319980.593, 93
Trd, 4319980.893, 92
Trd, 4319982.693, 92
Trd, 4319983.093, 92
Trd, 4319983.743, 93
Trd, 4319985.893, 91
Trd, 4319987.043, 90
Trd, 4319989.543, 89
Trd, 4319989.843, 90
Trd, 4319990.043, 90
Trd, 4319991.943, 88
Trd, 4319993.493, 89
Trd, 4319994.643, 95
Trd, 4319997.143, 95
Trd, 4319997.293, 94
Trd, 4319999.793, 93
