Trd, 4317876.543, 96
Trd, 4317876.693, 93
Trd, 4317877.993, 96
Trd, 4317878.743, 104
Trd, 4317879.293, 95
Trd, 4317883.143, 97
Trd, 4317883.993, 96
Trd, 4317884.243, 100
Trd, 4317886.693, 95
Trd, 4317886.743, 95
Trd, 4317887.943, 96
Trd, 4317888.293, 96
Trd, 4317889.393, 95
Trd, 4317890.393, 94
Trd, 4317890.543, 94
Trd, 4317891.843, 95
Trd, 4317893.343, 95
Trd, 4317893.843, 95
Trd, 4317894.143, 94
Trd, 4317895.393, 94
Trd, 4317895.843, 108
Trd, 4317897.943, 94
Trd, 4317898.143, 94
Trd, 4317899.493, 95
Trd, 4317902.043, 96
Trd, 4317903.593, 101
Trd, 4317905.143, 95
Trd, 4317905.243, 95
Trd, 4317905.293, 95
Trd, 4317906.893, 95
Trd, 4317908.293, 103
Trd, 4317908.443, 96
Trd, 4317910.593, 98
Trd, 4317912.893, 98
Trd, 4317913.093, 96
Trd, 4317914.043, 96
Trd, 4317915.643, 96
Trd, 4317918.193, 95
Trd, 4317918.343, 94
Trd, 4317918.393, 95
Trd, 4317920.493, 96
Trd, 4317920.893, 95
Trd, 4317922.793, 97
Trd, 4317925.093, 100
Trd, 4317926.543, 104
Trd, 4317927.743, 100
Trd, 4317928.643, 99
Trd, 4317930.193, 99
Trd, 4317931.643, 96
Trd, 4317932.693, 96
Trd, 4317933.643, 96
Trd, 4317935.243, 97
Trd, 4317938.443, 96
Trd, 4317939.493, 96
Trd, 4317940.343, 95
Trd, 4317940.743, 103
Trd, 4317942.993, 95
Trd, 4317944.393, 95
Trd, 4317946.143, 94
Trd, 4317946.193, 95
Trd, 4317946.443, 96
Trd, 4317949.093, 94
Trd, 4317951.843, 93
Trd, 4317952.193, 93
Trd, 4317953.593, 94
Trd, 4317953.893, 95
Trd, 4317958.843, 104
Trd, 4317959.193, 104
Trd, 4317960.043, 104
Trd, 4317961.493, 103
Trd, 4317961.693, 104
Trd, 4317963.543, 104
Trd, 4317964.043, 103
Trd, 4317965.943, 102
Trd, 4317966.543, 105
Trd, 4317968.093, 101
Trd, 4317968.643, 101
Trd, 4317970.643, 98
Trd, 4317973.543, 100
Trd, 4317974.643, 99
Trd, 4317974.993, 99
Trd, 4317975.943, 106
Trd, 4317977.693, 98
Trd, 4317978.593, 96
Trd, 4317978.893, 99
Trd, 4317981.093, 96
Trd, 4317982.043, 96
Trd, 4317984.243, 95
Trd, 4317985.543, 85
Trd, 4317986.343, 93
Trd, 4317986.993, 93
Trd, 4317987.293, 92
Trd, 4317987.743, 95
Trd, 4317988.893, 93
Trd, 4317990.543, 92
Trd, 4317990.843, 93
Trd, 4317993.343, 92
Trd, 4317994.843, 92
Trd, 4317994.993, 91
Trd, 4317995.593, 98
Trd, 4317999.943, 103
Trd, 4318000.043, 95
Trd, 4318001.393, 97
Trd, 4318001.943, 94
Trd, 4318003.193, 97
Trd, 4318004.143, 96
Trd, 4318004.393, 95
Trd, 4318005.643, 95
Trd, 4318009.193, 94
Trd, 4318009.243, 95
Trd, 4318010.143, 93
Trd, 4318010.243, 95
Trd, 4318012.443, 95
Trd, 4318013.593, 93
Trd, 4318014.343, 92
Trd, 4318017.193, 93
Trd, 4318017.843, 93
Trd, 4318018.543, 92
Trd, 4318021.093, 94
Trd, 4318021.943, 93
Trd, 4318022.593, 103
Trd, 4318025.443, 95
Trd, 4318026.543, 96
Trd, 4318026.743, 100
Trd, 4318027.043, 95
Trd, 4318029.143, 95
Trd, 4318030.643, 96
Trd, 4318030.743, 95
Trd, 4318032.543, 94
Trd, 4318034.893, 97
Trd, 4318035.693, 97
Trd, 4318038.643, 94
Trd, 4318038.693, 94
Trd, 4318038.843, 95
Trd, 4318039.993, 95
Trd, 4318041.043, 95
Trd, 4318043.693, 95
Trd, 4318044.593, 94
Trd, 4318044.693, 95
Trd, 4318045.593, 95
Trd, 4318045.943, 94
Trd, 4318048.693, 94
Trd, 4318048.743, 94
Trd, 4318049.093, 95
Trd, 4318054.543, 93
Trd, 4318056.493, 95
Trd, 4318056.593, 95
Trd, 4318057.143, 93
Trd, 4318059.843, 94
Trd, 4318060.393, 95
Trd, 4318062.693, 94
Trd, 4318063.543, 94
Trd, 4318064.243, 93
Trd, 4318064.993, 94
Trd, 4318066.343, 93
Trd, 4318068.443, 92
Trd, 4318069.243, 94
Trd, 4318069.693, 95
Trd, 4318073.443, 94
Trd, 4318075.943, 95
Trd, 4318076.193, 95
Trd, 4318077.893, 95
Trd, 4318078.943, 93
Trd, 4318080.293, 94
Trd, 4318081.443, 93
Trd, 4318083.343, 92
Trd, 4318083.493, 93
Trd, 4318086.793, 105
Trd, 4318086.993, 95
Trd, 4318087.343, 93
Trd, 4318090.093, 95
Trd, 4318090.943, 94
Trd, 4318092.593, 93
Trd, 4318092.793, 95
Trd, 4318094.243, 94
Trd, 4318096.293, 93
Trd, 4318097.743, 92
Trd, 4318098.343, 94
Trd, 4318100.893, 93
Trd, 4318102.293, 93
Trd, 4318103.393, 93
Trd, 4318105.443, 105
Trd, 4318105.943, 95
Trd, 4318107.243, 97
Trd, 4318107.543, 97
Trd, 4318108.993, 96
Trd, 4318110.593, 95
Trd, 4318113.093, 95
Trd, 4318113.493, 97
Trd, 4318113.743, 97
Trd, 4318114.943, 96
Trd, 4318115.293, 96
Trd, 4318117.293, 95
Trd, 4318117.643, 96
Trd, 4318118.143, 96
Trd, 4318121.843, 96
Trd, 4318123.743, 104
Trd, 4318123.843, 95
Trd, 4318125.293, 97
Trd, 4318128.043, 96
Trd, 4318128.443, 97
Trd, 4318129.293, 96
Trd, 4318130.143, 97
Trd, 4318132.343, 96
Trd, 4318134.843, 95
Trd, 4318135.043, 95
Trd, 4318135.793, 94
Trd, 4318136.143, 96
Trd, 4318139.593, 95
Trd, 4318140.543, 96
Trd, 4318140.943, 95
Trd, 4318142.493, 95
Trd, 4318142.993, 94
Trd, 4318144.793, 95
Trd, 4318145.093, 94
Trd, 4318147.793, 85
Trd, 4318148.893, 95
Trd, 4318149.793, 95
Trd, 4318151.143, 93
Trd, 4318152.443, 94
Trd, 4318153.993, 94
Trd, 4318156.143, 94
Trd, 4318158.243, 92
Trd, 4318158.593, 95
Trd, 4318160.493, 95
Trd, 4318160.943, 96
Trd, 4318163.293, 108
Trd, 4318164.493, 95
Trd, 4318165.593, 93
Trd, 4318167.393, 94
Trd, 4318167.693, 105
Trd, 4318170.493, 96
Trd, 4318172.443, 94
Trd, 4318174.493, 95
Trd, 4318175.293, 94
Trd, 4318175.593, 96
Trd, 4318177.893, 95
Trd, 4318178.143, 93
Trd, 4318179.193, 95
Trd, 4318179.593, 93
Trd, 4318180.343, 95
Trd, 4318183.093, 95
Trd, 4318183.243, 93
Trd, 4318183.693, 95
Trd, 4318187.143, 94
Trd, 4318189.443, 95
Trd, 4318189.593, 95
Trd, 4318190.943, 91
Trd, 4318192.943, 94
Trd, 4318194.543, 94
Trd, 4318194.693, 92
Trd, 4318195.793, 92
Trd, 4318197.493, 93
Trd, 4318197.593, 94
Trd, 4318200.093, 95
Trd, 4318204.393, 92
Trd, 4318204.993, 94
Trd, 4318205.893, 92
Trd, 4318206.293, 94
Trd, 4318209.143, 94
Trd, 4318209.593, 93
Trd, 4318210.843, 93
Trd, 4318213.393, 92
Trd, 4318213.993, 94
Trd, 4318216.043, 94
Trd, 4318217.093, 91
Trd, 4318219.543, 91
Trd, 4318220.043, 93
Trd, 4318220.293, 95
Trd, 4318221.493, 94
Trd, 4318223.293, 93
Trd, 4318224.443, 94
Trd, 4318225.193, 88
Trd, 4318227.193, 93
Trd, 4318227.693, 92
Trd, 4318230.643, 92
Trd, 4318232.293, 95
Trd, 4318232.393, 105
Trd, 4318233.793, 94
Trd, 4318235.893, 94
Trd, 4318237.293, 93
Trd, 4318237.443, 95
Trd, 4318238.643, 92
Trd, 4318239.743, 95
Trd, 4318241.193, 95
Trd, 4318241.643, 95
Trd, 4318242.793, 95
Trd, 4318244.243, 95
Trd, 4318246.493, 95
Trd, 4318246.543, 94
Trd, 4318246.793, 95
Trd, 4318249.643, 99
Trd, 4318250.393, 95
Trd, 4318251.393, 97
Trd, 4318253.443, 98
Trd, 4318254.243, 97
Trd, 4318254.693, 96
Trd, 4318255.893, 97
Trd, 4318256.893, 96
Trd, 4318257.493, 94
Trd, 4318258.193, 95
Trd, 4318260.493, 96
Trd, 4318261.493, 96
Trd, 4318263.293, 95
Trd, 4318263.643, 85
Trd, 4318264.543, 96
Trd, 4318266.543, 96
Trd, 4318270.043, 95
Trd, 4318270.543, 96
Trd, 4318270.993, 94
Trd, 4318272.243, 95
Trd, 4318273.443, 95
Trd, 4318273.493, 94
Trd, 4318274.593, 95
Trd, 4318276.843, 93
Trd, 4318277.593, 93
Trd, 4318280.193, 92
Trd, 4318281.643, 94
Trd, 4318281.843, 95
Trd, 4318281.943, 108
Trd, 4318284.343, 97
Trd, 4318284.893, 96
Trd, 4318286.343, 98
Trd, 4318287.143, 96
Trd, 4318289.593, 95
Trd, 4318290.743, 95
Trd, 4318290.843, 96
Trd, 4318291.543, 94
Trd, 4318293.593, 96
Trd, 4318294.493, 95
Trd, 4318295.243, 94
Trd, 4318296.043, 94
Trd, 4318297.893, 93
Trd, 4318298.193, 93
Trd, 4318298.393, 106
Trd, 4318300.193, 94
Trd, 4318301.543, 92
Trd, 4318304.293, 95
Trd, 4318305.093, 96
Trd, 4318305.543, 95
Trd, 4318306.393, 95
Trd, 4318307.593, 94
Trd, 4318307.943, 94
Trd, 4318309.093, 85
Trd, 4318310.993, 95
Trd, 4318313.543, 93
Trd, 4318315.743, 94
Trd, 4318317.043, 95
Trd, 4318318.043, 93
Trd, 4318318.193, 94
Trd, 4318319.293, 93
Trd, 4318322.343, 94
Trd, 4318322.793, 102
Trd, 4318322.893, 95
Trd, 4318323.793, 99
Trd, 4318324.543, 97
Trd, 4318326.793, 95
Trd, 4318326.843, 94
Trd, 4318328.543, 94
Trd, 4318329.343, 93
Trd, 4318330.043, 93
Trd, 4318333.393, 98
Trd, 4318334.143, 97
Trd, 4318334.193, 97
Trd, 4318334.843, 104
Trd, 4318336.743, 97
Trd, 4318337.143, 96
Trd, 4318339.293, 102
Trd, 4318340.093, 96
Trd, 4318342.843, 97
Trd, 4318343.393, 96
Trd, 4318345.193, 97
Trd, 4318345.643, 96
Trd, 4318345.943, 95
Trd, 4318346.193, 97
Trd, 4318347.793, 95
Trd, 4318348.493, 95
Trd, 4318352.193, 104
Trd, 4318353.043, 102
Trd, 4318353.343, 101
Trd, 4318353.493, 101
Trd, 4318354.793, 100
Trd, 4318355.243, 99
Trd, 4318356.943, 100
Trd, 4318358.543, 99
Trd, 4318360.993, 99
Trd, 4318362.443, 101
Trd, 4318363.693, 98
Trd, 4318365.793, 98
Trd, 4318366.293, 99
Trd, 4318367.543, 97
Trd, 4318368.943, 97
Trd, 4318369.343, 98
Trd, 4318371.793, 97
Trd, 4318372.543, 96
Trd, 4318372.943, 96
Trd, 4318377.143, 96
Trd, 4318377.343, 96
Trd, 4318378.293, 95
Trd, 4318380.443, 94
Trd, 4318381.493, 94
Trd, 4318382.793, 93
Trd, 4318383.143, 93
Trd, 4318383.543, 95
Trd, 4318386.193, 93
Trd, 4318387.093, 93
Trd, 4318387.943, 93
Trd, 4318388.143, 95
Trd, 4318388.793, 92
Trd, 4318391.743, 93
Trd, 4318393.593, 102
Trd, 4318394.093, 96
Trd, 4318394.293, 95
Trd, 4318399.143, 96
Trd, 4318399.693, 95
Trd, 4318400.443, 94
Trd, 4318400.643, 94
Trd, 4318400.793, 94
Trd, 4318400.843, 95
Trd, 4318402.593, 95
Trd, 4318404.543, 95
Trd, 4318404.743, 94
Trd, 4318404.843, 96
Trd, 4318405.193, 93
Trd, 4318408.243, 108
Trd, 4318411.443, 94
Trd, 4318412.043, 95
Trd, 4318412.143, 95
Trd, 4318412.443, 93
Trd, 4318414.943, 96
Trd, 4318415.593, 95
Trd, 4318417.043, 95
Trd, 4318418.343, 96
Trd, 4318419.343, 95
Trd, 4318420.093, 95
Trd, 4318423.293, 94
Trd, 4318423.993, 94
Trd, 4318424.443, 95
Trd, 4318424.843, 95
Trd, 4318426.793, 110
Trd, 4318429.343, 97
Trd, 4318429.993, 98
Trd, 4318431.443, 97
Trd, 4318432.393, 97
Trd, 4318434.943, 96
Trd, 4318435.943, 95
Trd, 4318436.543, 97
Trd, 4318439.093, 95
Trd, 4318440.093, 96
Trd, 4318441.993, 108
Trd, 4318442.593, 95
Trd, 4318442.893, 95
Trd, 4318444.893, 96
Trd, 4318446.893, 95
Trd, 4318448.493, 94
Trd, 4318449.243, 95
Trd, 4318449.443, 95
Trd, 4318449.893, 93
Trd, 4318450.843, 94
Trd, 4318454.993, 94
Trd, 4318455.043, 94
Trd, 4318457.693, 93
Trd, 4318459.693, 95
Trd, 4318460.493, 94
Trd, 4318460.843, 101
Trd, 4318462.293, 113
Trd, 4318463.143, 100
Trd, 4318465.243, 103
Trd, 4318465.693, 102
Trd, 4318466.893, 101
Trd, 4318468.943, 99
Trd, 4318469.893, 98
Trd, 4318470.493, 97
Trd, 4318471.693, 98
Trd, 4318472.943, 97
Trd, 4318473.643, 98
Trd, 4318474.843, 97
Trd, 4318476.043, 97
Trd, 4318478.693, 96
Trd, 4318479.893, 97
Trd, 4318480.293, 96
Trd, 4318480.643, 97
Trd, 4318484.643, 95
Trd, 4318484.993, 95
Trd, 4318485.143, 95
Trd, 4318485.343, 97
Trd, 4318487.243, 97
Trd, 4318490.493, 94
Trd, 4318491.143, 97
Trd, 4318491.393, 96
Trd, 4318491.893, 95
Trd, 4318493.793, 95
Trd, 4318493.943, 94
Trd, 4318496.693, 94
Trd, 4318497.143, 93
Trd, 4318498.293, 95
Trd, 4318499.443, 107
Trd, 4318502.043, 94
Trd, 4318504.493, 94
Trd, 4318504.893, 95
Trd, 4318505.193, 92
Trd, 4318508.593, 95
Trd, 4318509.593, 91
Trd, 4318513.593, 93
Trd, 4318513.693, 90
Trd, 4318514.093, 94
Trd, 4318515.543, 95
Trd, 4318518.443, 92
Trd, 4318518.843, 90
Trd, 4318520.593, 92
Trd, 4318521.643, 92
Trd, 4318524.793, 89
Trd, 4318527.043, 92
Trd, 4318528.143, 91
Trd, 4318528.893, 91
Trd, 4318529.493, 89
Trd, 4318530.393, 88
Trd, 4318531.343, 90
Trd, 4318532.893, 89
Trd, 4318535.443, 95
Trd, 4318536.593, 92
Trd, 4318536.793, 94
Trd, 4318537.393, 91
Trd, 4318541.193, 90
Trd, 4318541.943, 105
Trd, 4318543.193, 95
Trd, 4318543.493, 94
Trd, 4318545.943, 102
Trd, 4318548.243, 98
Trd, 4318548.943, 98
Trd, 4318551.043, 97
Trd, 4318551.393, 96
Trd, 4318552.143, 101
Trd, 4318554.593, 97
Trd, 4318556.893, 98
Trd, 4318557.893, 97
Trd, 4318559.343, 96
Trd, 4318559.943, 96
Trd, 4318561.493, 97
Trd, 4318562.543, 97
Trd, 4318563.243, 95
Trd, 4318563.793, 102
Trd, 4318564.293, 96
Trd, 4318566.493, 97
Trd, 4318568.843, 96
Trd, 4318569.943, 98
Trd, 4318570.943, 97
Trd, 4318571.743, 98
Trd, 4318572.743, 97
Trd, 4318574.943, 96
Trd, 4318576.043, 96
Trd, 4318577.393, 96
Trd, 4318577.743, 106
Trd, 4318578.993, 95
Trd, 4318580.243, 115
Trd, 4318583.043, 97
Trd, 4318584.693, 97
Trd, 4318585.243, 97
Trd, 4318585.843, 96
Trd, 4318587.793, 96
Trd, 4318588.393, 95
Trd, 4318589.393, 95
Trd, 4318589.443, 95
Trd, 4318589.743, 85
Trd, 4318593.343, 96
Trd, 4318595.243, 103
Trd, 4318596.243, 95
Trd, 4318599.143, 96
Trd, 4318600.443, 97
Trd, 4318601.143, 95
Trd, 4318601.893, 95
Trd, 4318602.893, 95
Trd, 4318603.093, 96
Trd, 4318603.943, 97
Trd, 4318607.343, 94
Trd, 4318609.393, 96
Trd, 4318611.393, 95
Trd, 4318611.443, 95
Trd, 4318611.693, 97
Trd, 4318613.943, 95
Trd, 4318617.093, 95
Trd, 4318617.643, 94
Trd, 4318618.643, 112
Trd, 4318619.893, 114
Trd, 4318622.843, 98
Trd, 4318623.643, 97
Trd, 4318626.143, 100
Trd, 4318627.493, 101
Trd, 4318628.343, 98
Trd, 4318628.493, 97
Trd, 4318629.243, 101
Trd, 4318631.543, 97
Trd, 4318632.293, 97
Trd, 4318633.093, 96
Trd, 4318633.443, 96
Trd, 4318634.593, 95
Trd, 4318636.043, 95
Trd, 4318638.793, 96
Trd, 4318639.093, 95
Trd, 4318641.143, 96
Trd, 4318642.543, 96
Trd, 4318643.593, 95
Trd, 4318644.843, 95
Trd, 4318645.343, 95
Trd, 4318646.593, 96
Trd, 4318646.693, 94
Trd, 4318649.793, 93
Trd, 4318650.743, 93
Trd, 4318651.843, 95
Trd, 4318653.343, 92
Trd, 4318653.643, 94
Trd, 4318655.543, 93
Trd, 4318656.043, 95
Trd, 4318658.193, 101
Trd, 4318658.443, 94
Trd, 4318659.993, 95
Trd, 4318661.093, 95
Trd, 4318661.543, 85
Trd, 4318662.493, 94
Trd, 4318662.993, 93
Trd, 4318665.143, 95
Trd, 4318666.643, 95
Trd, 4318668.693, 96
Trd, 4318669.543, 114
Trd, 4318669.743, 96
Trd, 4318670.843, 95
Trd, 4318673.343, 95
Trd, 4318673.543, 95
Trd, 4318674.543, 95
Trd, 4318674.793, 94
Trd, 4318675.743, 94
Trd, 4318678.193, 96
Trd, 4318679.493, 105
Trd, 4318680.493, 104
Trd, 4318680.643, 97
Trd, 4318684.843, 96
Trd, 4318685.143, 96
Trd, 4318686.643, 95
Trd, 4318686.843, 97
Trd, 4318690.343, 96
Trd, 4318691.343, 95
Trd, 4318691.493, 94
Trd, 4318691.693, 94
Trd, 4318691.993, 95
Trd, 4318693.543, 96
Trd, 4318694.693, 104
Trd, 4318697.593, 96
Trd, 4318698.493, 96
Trd, 4318698.543, 95
Trd, 4318700.943, 95
Trd, 4318701.943, 95
Trd, 4318703.493, 95
Trd, 4318704.743, 95
Trd, 4318706.693, 94
Trd, 4318708.693, 96
Trd, 4318709.393, 96
Trd, 4318710.543, 95
Trd, 4318710.693, 95
Trd, 4318711.043, 95
Trd, 4318712.993, 94
Trd, 4318714.393, 95
Trd, 4318715.393, 95
Trd, 4318715.843, 95
Trd, 4318715.943, 94
Trd, 4318719.143, 94
Trd, 4318720.493, 94
Trd, 4318721.343, 95
Trd, 4318723.293, 94
Trd, 4318723.793, 93
Trd, 4318724.993, 94
Trd, 4318725.793, 93
Trd, 4318727.343, 93
Trd, 4318727.693, 92
Trd, 4318729.543, 92
Trd, 4318731.393, 95
Trd, 4318733.093, 94
Trd, 4318733.543, 101
Trd, 4318734.143, 93
Trd, 4318735.943, 95
Trd, 4318736.393, 93
Trd, 4318737.343, 85
Trd, 4318739.693, 95
Trd, 4318740.693, 113
Trd, 4318743.293, 96
Trd, 4318744.393, 100
Trd, 4318745.393, 95
Trd, 4318747.843, 94
Trd, 4318748.043, 95
Trd, 4318751.443, 95
Trd, 4318751.693, 95
Trd, 4318753.293, 94
Trd, 4318754.493, 93
Trd, 4318754.693, 94
Trd, 4318755.643, 95
Trd, 4318757.643, 95
Trd, 4318758.093, 95
Trd, 4318761.443, 99
Trd, 4318761.943, 99
Trd, 4318764.443, 105
Trd, 4318765.593, 98
Trd, 4318767.243, 96
Trd, 4318768.243, 95
Trd, 4318768.843, 96
Trd, 4318770.643, 96
Trd, 4318772.743, 109
Trd, 4318772.943, 96
Trd, 4318773.543, 120
Trd, 4318775.393, 95
Trd, 4318778.493, 97
Trd, 4318780.443, 95
Trd, 4318780.593, 98
Trd, 4318781.993, 97
Trd, 4318784.843, 96
Trd, 4318786.143, 97
Trd, 4318786.293, 96
Trd, 4318787.143, 95
Trd, 4318787.293, 108
Trd, 4318787.893, 94
Trd, 4318790.493, 94
Trd, 4318791.443, 96
Trd, 4318792.293, 95
Trd, 4318794.393, 84
Trd, 4318795.143, 95
Trd, 4318795.493, 96
Trd, 4318795.843, 95
Trd, 4318800.493, 94
Trd, 4318802.143, 95
Trd, 4318802.643, 95
Trd, 4318803.293, 95
Trd, 4318803.843, 94
Trd, 4318805.393, 95
Trd, 4318808.443, 96
Trd, 4318811.443, 94
Trd, 4318812.393, 95
Trd, 4318814.243, 94
Trd, 4318816.293, 94
Trd, 4318817.693, 95
Trd, 4318818.593, 94
Trd, 4318818.993, 96
Trd, 4318819.143, 119
Trd, 4318820.593, 96
Trd, 4318822.843, 95
Trd, 4318826.243, 95
Trd, 4318827.793, 95
Trd, 4318828.243, 95
Trd, 4318828.693, 96
Trd, 4318828.843, 96
Trd, 4318829.043, 120
Trd, 4318832.293, 97
Trd, 4318832.793, 96
Trd, 4318833.493, 96
Trd, 4318835.243, 96
Trd, 4318836.743, 98
Trd, 4318837.693, 95
Trd, 4318837.793, 95
Trd, 4318839.043, 96
Trd, 4318839.743, 95
Trd, 4318840.143, 95
Trd, 4318843.593, 95
Trd, 4318845.543, 95
Trd, 4318846.993, 94
Trd, 4318847.943, 95
Trd, 4318849.693, 96
Trd, 4318850.693, 96
Trd, 4318851.943, 96
Trd, 4318852.843, 97
Trd, 4318854.143, 95
Trd, 4318855.843, 96
Trd, 4318857.893, 95
Trd, 4318858.193, 101
Trd, 4318860.293, 96
Trd, 4318860.843, 95
Trd, 4318861.593, 96
Trd, 4318864.293, 96
Trd, 4318865.143, 102
Trd, 4318867.143, 95
Trd, 4318867.393, 96
Trd, 4318870.743, 96
Trd, 4318871.193, 95
Trd, 4318873.043, 95
Trd, 4318874.393, 94
Trd, 4318874.793, 95
Trd, 4318875.193, 94
Trd, 4318876.043, 94
Trd, 4318881.443, 95
Trd, 4318882.143, 94
Trd, 4318882.793, 96
Trd, 4318885.393, 93
Trd, 4318887.043, 93
Trd, 4318887.143, 94
Trd, 4318889.393, 93
Trd, 4318890.393, 95
Trd, 4318891.293, 93
Trd, 4318892.843, 92
Trd, 4318894.293, 93
Trd, 4318894.893, 91
Trd, 4318896.993, 104
Trd, 4318898.393, 90
Trd, 4318900.293, 93
Trd, 4318900.493, 85
Trd, 4318901.943, 88
Trd, 4318902.693, 87
Trd, 4318903.093, 88
Trd, 4318904.193, 78
Trd, 4318906.443, 94
Trd, 4318909.093, 94
Trd, 4318909.793, 95
Trd, 4318910.493, 93
Trd, 4318912.643, 95
Trd, 4318913.343, 94
Trd, 4318914.143, 101
Trd, 4318915.743, 96
Trd, 4318918.243, 93
Trd, 4318918.543, 111
Trd, 4318919.743, 95
Trd, 4318919.793, 97
Trd, 4318922.293, 94
Trd, 4318923.593, 95
Trd, 4318925.193, 95
Trd, 4318925.493, 95
Trd, 4318928.443, 96
Trd, 4318928.693, 96
Trd, 4318931.693, 101
Trd, 4318934.243, 97
Trd, 4318934.543, 95
Trd, 4318935.543, 95
Trd, 4318936.193, 95
Trd, 4318936.543, 94
Trd, 4318939.593, 95
Trd, 4318939.743, 94
Trd, 4318941.093, 93
Trd, 4318943.343, 94
Trd, 4318943.443, 93
Trd, 4318944.993, 94
Trd, 4318945.943, 95
Trd, 4318946.143, 92
Trd, 4318947.343, 93
Trd, 4318948.143, 92
Trd, 4318949.893, 94
Trd, 4318952.443, 94
Trd, 4318953.943, 95
Trd, 4318954.043, 93
Trd, 4318954.243, 101
Trd, 4318957.543, 93
Trd, 4318958.093, 93
Trd, 4318959.793, 95
Trd, 4318961.443, 95
Trd, 4318962.643, 93
Trd, 4318963.093, 95
Trd, 4318963.743, 92
Trd, 4318965.943, 94
Trd, 4318967.093, 91
Trd, 4318967.293, 94
Trd, 4318970.993, 93
Trd, 4318972.793, 92
Trd, 4318973.543, 92
Trd, 4318973.743, 92
Trd, 4318974.743, 91
Trd, 4318978.543, 92
Trd, 4318980.143, 92
Trd, 4318980.393, 91
Trd, 4318981.543, 95
Trd, 4318982.293, 92
Trd, 4318983.743, 93
Trd, 4318985.043, 95
Trd, 4318986.293, 105
Trd, 4318989.693, 96
Trd, 4318990.393, 95
Trd, 4318990.643, 95
Trd, 4318991.493, 94
Trd, 4318991.593, 85
Trd, 4318993.293, 106
Trd, 4318993.693, 95
Trd, 4318995.243, 95
Trd, 4318996.293, 93
Trd, 4318999.643, 102
Trd, 4318999.893, 95
Trd, 4319000.843, 94
Trd, 4319003.443, 93
Trd, 4319003.493, 96
Trd, 4319004.943, 96
Trd, 4319007.943, 95
Trd, 4319008.443, 94
Trd, 4319008.893, 94
Trd, 4319009.293, 85
Trd, 4319009.443, 107
Trd, 4319012.793, 93
Trd, 4319013.943, 95
Trd, 4319014.593, 95
Trd, 4319016.693, 95
Trd, 4319017.593, 96
Trd, 4319017.693, 113
Trd, 4319020.443, 96
Trd, 4319021.043, 95
Trd, 4319021.543, 95
Trd, 4319022.443, 95
Trd, 4319023.443, 95
Trd, 4319024.643, 95
Trd, 4319025.443, 95
Trd, 4319029.193, 94
Trd, 4319030.693, 95
Trd, 4319031.343, 94
Trd, 4319032.043, 95
Trd, 4319033.043, 114
Trd, 4319035.793, 93
Trd, 4319036.343, 93
Trd, 4319036.643, 95
Trd, 4319038.293, 95
Trd, 4319039.093, 95
Trd, 4319042.843, 97
Trd, 4319043.243, 95
Trd, 4319044.693, 96
Trd, 4319045.993, 95
Trd, 4319047.643, 95
Trd, 4319048.593, 95
Trd, 4319049.493, 94
Trd, 4319049.593, 95
Trd, 4319049.943, 94
Trd, 4319050.943, 77
Trd, 4319053.143, 90
Trd, 4319054.393, 95
Trd, 4319054.993, 94
Trd, 4319057.593, 94
Trd, 4319058.943, 91
Trd, 4319059.743, 90
Trd, 4319059.843, 93
Trd, 4319062.193, 93
Trd, 4319064.443, 93
Trd, 4319064.843, 92
Trd, 4319066.143, 92
Trd, 4319067.643, 93
Trd, 4319067.793, 121
Trd, 4319070.693, 105
Trd, 4319072.143, 95
Trd, 4319073.243, 96
Trd, 4319073.993, 94
Trd, 4319075.043, 94
Trd, 4319075.993, 95
Trd, 4319076.793, 93
Trd, 4319077.693, 94
Trd, 4319079.543, 95
Trd, 4319080.993, 93
Trd, 4319082.143, 93
Trd, 4319082.393, 92
Trd, 4319082.843, 92
Trd, 4319083.943, 93
Trd, 4319086.243, 91
Trd, 4319086.393, 95
Trd, 4319089.743, 95
Trd, 4319090.593, 95
Trd, 4319090.943, 100
Trd, 4319091.893, 94
Trd, 4319096.093, 95
Trd, 4319097.843, 95
Trd, 4319099.143, 95
Trd, 4319099.993, 95
Trd, 4319101.293, 107
Trd, 4319102.943, 101
Trd, 4319104.143, 100
Trd, 4319104.193, 100
Trd, 4319105.893, 100
Trd, 4319107.093, 99
Trd, 4319107.793, 100
Trd, 4319109.393, 100
Trd, 4319110.243, 99
Trd, 4319111.193, 101
Trd, 4319113.943, 100
Trd, 4319114.343, 99
Trd, 4319114.993, 98
Trd, 4319116.343, 99
Trd, 4319119.143, 99
Trd, 4319119.993, 102
Trd, 4319120.793, 98
Trd, 4319122.193, 98
Trd, 4319123.893, 97
Trd, 4319125.843, 96
Trd, 4319126.093, 96
Trd, 4319126.243, 98
Trd, 4319128.793, 96
Trd, 4319131.593, 96
Trd, 4319133.243, 95
Trd, 4319133.843, 97
Trd, 4319134.643, 95
Trd, 4319136.443, 96
Trd, 4319137.943, 96
Trd, 4319139.543, 96
Trd, 4319141.143, 95
Trd, 4319142.393, 96
Trd, 4319142.943, 95
Trd, 4319144.893, 95
Trd, 4319144.993, 117
Trd, 4319146.393, 94
Trd, 4319148.793, 97
Trd, 4319151.143, 96
Trd, 4319152.143, 95
Trd, 4319153.043, 95
Trd, 4319153.593, 96
Trd, 4319153.843, 95
Trd, 4319156.093, 95
Trd, 4319157.243, 94
Trd, 4319158.443, 95
Trd, 4319159.843, 110
Trd, 4319160.043, 95
Trd, 4319160.643, 96
Trd, 4319163.343, 97
Trd, 4319163.743, 96
Trd, 4319164.643, 97
Trd, 4319166.143, 95
Trd, 4319166.893, 97
Trd, 4319167.393, 94
Trd, 4319167.693, 97
Trd, 4319172.043, 95
Trd, 4319172.993, 95
Trd, 4319173.043, 94
Trd, 4319174.693, 94
Trd, 4319174.943, 95
Trd, 4319175.893, 94
Trd, 4319176.143, 107
Trd, 4319179.893, 95
Trd, 4319180.243, 95
Trd, 4319180.393, 94
Trd, 4319181.943, 85
Trd, 4319182.243, 95
Trd, 4319183.693, 95
Trd, 4319186.543, 95
Trd, 4319187.343, 93
Trd, 4319188.843, 95
Trd, 4319188.943, 95
Trd, 4319190.643, 95
Trd, 4319191.343, 95
Trd, 4319192.543, 116
Trd, 4319196.493, 94
Trd, 4319197.743, 95
Trd, 4319198.943, 95
Trd, 4319199.443, 95
Trd, 4319200.593, 94
Trd, 4319201.193, 95
Trd, 4319201.293, 93
Trd, 4319203.443, 95
Trd, 4319205.443, 94
Trd, 4319205.643, 94
Trd, 4319206.693, 92
Trd, 4319209.443, 93
Trd, 4319212.243, 92
Trd, 4319213.293, 93
Trd, 4319215.693, 92
Trd, 4319216.743, 92
Trd, 4319218.543, 95
Trd, 4319218.593, 85
Trd, 4319219.443, 93
Trd, 4319219.743, 107
Trd, 4319220.743, 94
Trd, 4319223.143, 111
Trd, 4319225.693, 97
Trd, 4319228.243, 96
Trd, 4319229.643, 98
Trd, 4319230.643, 98
Trd, 4319231.093, 107
Trd, 4319232.843, 96
Trd, 4319233.743, 95
Trd, 4319236.043, 96
Trd, 4319238.293, 96
Trd, 4319238.993, 97
Trd, 4319242.293, 96
Trd, 4319245.443, 95
Trd, 4319245.643, 96
Trd, 4319248.693, 95
Trd, 4319248.843, 94
Trd, 4319248.943, 95
Trd, 4319250.293, 93
Trd, 4319250.493, 107
Trd, 4319252.393, 95
Trd, 4319253.043, 95
Trd, 4319255.343, 93
Trd, 4319256.143, 92
Trd, 4319256.193, 85
Trd, 4319257.443, 106
Trd, 4319259.043, 96
Trd, 4319260.243, 95
Trd, 4319260.843, 94
Trd, 4319263.443, 93
Trd, 4319263.893, 95
Trd, 4319264.893, 95
Trd, 4319265.293, 94
Trd, 4319265.343, 92
Trd, 4319267.343, 96
Trd, 4319267.843, 97
Trd, 4319268.543, 118
Trd, 4319271.243, 98
Trd, 4319271.693, 97
Trd, 4319273.543, 100
Trd, 4319274.093, 98
Trd, 4319275.193, 97
Trd, 4319277.193, 96
Trd, 4319277.843, 95
Trd, 4319278.943, 96
Trd, 4319279.793, 95
Trd, 4319280.793, 94
Trd, 4319281.043, 106
Trd, 4319282.293, 95
Trd, 4319283.793, 95
Trd, 4319284.143, 95
Trd, 4319286.593, 95
Trd, 4319286.893, 96
Trd, 4319288.043, 107
Trd, 4319289.343, 95
Trd, 4319290.643, 95
Trd, 4319292.143, 96
Trd, 4319292.643, 96
Trd, 4319295.693, 97
Trd, 4319296.343, 97
Trd, 4319297.693, 100
Trd, 4319298.443, 95
Trd, 4319299.843, 108
Trd, 4319300.993, 97
Trd, 4319302.543, 96
Trd, 4319304.643, 98
Trd, 4319305.693, 95
Trd, 4319306.293, 96
Trd, 4319306.393, 95
Trd, 4319307.393, 96
Trd, 4319307.443, 95
Trd, 4319310.093, 95
Trd, 4319311.143, 94
Trd, 4319312.893, 93
Trd, 4319313.393, 93
Trd, 4319313.443, 95
Trd, 4319314.843, 95
Trd, 4319317.793, 95
Trd, 4319319.543, 95
Trd, 4319322.143, 95
Trd, 4319322.543, 94
Trd, 4319323.493, 94
Trd, 4319323.643, 93
Trd, 4319327.243, 95
Trd, 4319329.143, 95
Trd, 4319329.743, 94
Trd, 4319331.093, 95
Trd, 4319332.393, 104
Trd, 4319332.843, 95
Trd, 4319335.193, 105
Trd, 4319335.593, 99
Trd, 4319336.393, 100
Trd, 4319336.643, 99
Trd, 4319339.143, 99
Trd, 4319341.043, 101
Trd, 4319341.943, 100
Trd, 4319342.043, 100
Trd, 4319342.893, 99
Trd, 4319343.643, 100
Trd, 4319343.993, 106
Trd, 4319344.293, 98
Trd, 4319348.293, 99
Trd, 4319348.493, 98
Trd, 4319349.493, 97
Trd, 4319351.093, 97
Trd, 4319352.543, 96
Trd, 4319353.793, 110
Trd, 4319354.493, 98
Trd, 4319356.493, 98
Trd, 4319356.993, 95
Trd, 4319361.143, 95
Trd, 4319362.443, 95
Trd, 4319363.193, 94
Trd, 4319363.343, 95
Trd, 4319367.343, 95
Trd, 4319367.493, 93
Trd, 4319368.093, 95
Trd, 4319369.493, 94
Trd, 4319370.193, 93
Trd, 4319372.143, 95
Trd, 4319372.193, 95
Trd, 4319372.993, 93
Trd, 4319375.693, 109
Trd, 4319376.793, 94
Trd, 4319378.293, 95
Trd, 4319379.893, 95
Trd, 4319381.293, 94
Trd, 4319382.193, 93
Trd, 4319383.243, 95
Trd, 4319386.143, 95
Trd, 4319386.693, 94
Trd, 4319387.343, 95
Trd, 4319389.143, 92
Trd, 4319390.743, 95
Trd, 4319391.543, 93
Trd, 4319392.493, 95
Trd, 4319393.593, 93
Trd, 4319394.593, 93
Trd, 4319397.243, 93
Trd, 4319397.593, 92
Trd, 4319398.493, 92
Trd, 4319400.543, 91
Trd, 4319403.293, 93
Trd, 4319404.143, 90
Trd, 4319404.643, 93
Trd, 4319405.093, 95
Trd, 4319406.143, 92
Trd, 4319407.543, 93
Trd, 4319408.243, 94
Trd, 4319411.043, 94
Trd, 4319411.643, 94
Trd, 4319411.693, 92
Trd, 4319412.393, 95
Trd, 4319414.593, 100
Trd, 4319415.443, 107
Trd, 4319416.393, 101
Trd, 4319417.493, 100
Trd, 4319420.193, 99
Trd, 4319420.243, 99
Trd, 4319422.543, 95
Trd, 4319422.743, 95
Trd, 4319423.143, 95
Trd, 4319423.293, 131
Trd, 4319424.493, 90
Trd, 4319425.143, 111
Trd, 4319427.993, 99
Trd, 4319429.043, 98
Trd, 4319429.443, 97
Trd, 4319431.493, 98
Trd, 4319431.793, 99
Trd, 4319434.543, 98
Trd, 4319435.143, 97
Trd, 4319435.293, 97
Trd, 4319436.493, 95
Trd, 4319437.143, 97
Trd, 4319437.993, 96
Trd, 4319439.493, 97
Trd, 4319441.043, 97
Trd, 4319444.043, 98
Trd, 4319444.293, 103
Trd, 4319444.543, 97
Trd, 4319445.643, 97
Trd, 4319447.393, 98
Trd, 4319449.893, 98
Trd, 4319451.143, 96
Trd, 4319451.743, 97
Trd, 4319451.943, 96
Trd, 4319452.343, 97
Trd, 4319455.343, 95
Trd, 4319455.543, 96
Trd, 4319456.593, 96
Trd, 4319459.393, 98
Trd, 4319460.043, 99
Trd, 4319460.093, 95
Trd, 4319460.393, 99
Trd, 4319462.643, 97
Trd, 4319464.593, 101
Trd, 4319466.743, 99
Trd, 4319467.243, 97
Trd, 4319467.643, 96
Trd, 4319469.093, 99
Trd, 4319470.443, 99
Trd, 4319473.093, 98
Trd, 4319474.593, 96
Trd, 4319475.043, 96
Trd, 4319475.843, 97
Trd, 4319478.293, 96
Trd, 4319478.793, 97
Trd, 4319480.143, 96
Trd, 4319482.193, 95
Trd, 4319484.593, 95
Trd, 4319485.043, 96
Trd, 4319485.193, 106
Trd, 4319486.193, 97
Trd, 4319489.143, 106
Trd, 4319489.193, 101
Trd, 4319489.893, 101
Trd, 4319490.243, 100
Trd, 4319492.493, 100
Trd, 4319492.943, 100
Trd, 4319494.093, 100
Trd, 4319495.243, 101
Trd, 4319496.593, 99
Trd, 4319497.743, 99
Trd, 4319497.993, 99
Trd, 4319498.893, 98
Trd, 4319500.243, 97
Trd, 4319501.743, 98
Trd, 4319504.093, 102
Trd, 4319504.193, 101
Trd, 4319504.643, 102
Trd, 4319505.593, 102
Trd, 4319506.893, 104
Trd, 4319507.293, 101
Trd, 4319509.943, 101
Trd, 4319510.243, 114
Trd, 4319512.643, 105
Trd, 4319512.743, 100
Trd, 4319514.443, 103
Trd, 4319516.143, 101
Trd, 4319517.043, 102
Trd, 4319517.593, 92
Trd, 4319521.193, 100
Trd, 4319521.493, 99
Trd, 4319523.293, 98
Trd, 4319523.643, 100
Trd, 4319525.943, 98
Trd, 4319526.443, 98
Trd, 4319527.393, 98
Trd, 4319528.793, 98
Trd, 4319530.693, 98
Trd, 4319532.093, 97
Trd, 4319532.993, 97
Trd, 4319534.893, 97
Trd, 4319535.093, 98
Trd, 4319537.393, 96
Trd, 4319538.443, 95
Trd, 4319540.593, 95
Trd, 4319540.743, 96
Trd, 4319541.593, 94
Trd, 4319542.093, 95
Trd, 4319545.143, 94
Trd, 4319545.243, 92
Trd, 4319545.693, 95
Trd, 4319546.643, 95
Trd, 4319548.093, 95
Trd, 4319550.393, 95
Trd, 4319551.393, 104
Trd, 4319554.643, 95
Trd, 4319555.193, 96
Trd, 4319555.643, 96
Trd, 4319558.493, 95
Trd, 4319559.343, 95
Trd, 4319560.443, 94
Trd, 4319561.093, 94
Trd, 4319561.393, 95
Trd, 4319561.943, 94
Trd, 4319562.643, 127
Trd, 4319563.193, 97
Trd, 4319564.993, 93
Trd, 4319566.793, 94
Trd, 4319567.093, 95
Trd, 4319568.093, 96
Trd, 4319569.543, 94
Trd, 4319570.393, 95
Trd, 4319573.843, 95
Trd, 4319573.943, 95
Trd, 4319575.443, 105
Trd, 4319577.493, 96
Trd, 4319579.793, 97
Trd, 4319580.043, 97
Trd, 4319580.743, 97
Trd, 4319581.143, 96
Trd, 4319582.693, 95
Trd, 4319583.193, 95
Trd, 4319584.693, 94
Trd, 4319585.493, 94
Trd, 4319586.193, 85
Trd, 4319588.443, 92
Trd, 4319589.293, 94
Trd, 4319590.493, 94
Trd, 4319591.743, 101
Trd, 4319591.993, 95
Trd, 4319594.243, 96
Trd, 4319595.043, 105
Trd, 4319595.743, 96
Trd, 4319598.393, 95
Trd, 4319599.493, 96
Trd, 4319600.343, 95
Trd, 4319600.793, 94
Trd, 4319602.843, 95
Trd, 4319604.143, 94
Trd, 4319605.243, 95
Trd, 4319606.993, 95
Trd, 4319607.493, 106
Trd, 4319608.093, 94
Trd, 4319609.393, 99
Trd, 4319612.343, 94
Trd, 4319613.093, 97
Trd, 4319615.143, 95
Trd, 4319615.993, 94
Trd, 4319617.943, 94
Trd, 4319619.293, 94
Trd, 4319619.993, 93
Trd, 4319620.893, 94
Trd, 4319622.493, 94
Trd, 4319622.893, 94
Trd, 4319622.943, 95
Trd, 4319625.043, 92
Trd, 4319626.093, 94
Trd, 4319627.693, 93
Trd, 4319629.893, 95
Trd, 4319630.743, 94
Trd, 4319631.143, 94
Trd, 4319631.893, 95
Trd, 4319633.343, 95
Trd, 4319635.443, 95
Trd, 4319637.293, 97
Trd, 4319639.143, 97
Trd, 4319640.743, 98
Trd, 4319641.893, 98
Trd, 4319642.743, 97
Trd, 4319645.643, 98
Trd, 4319649.193, 98
Trd, 4319650.193, 97
Trd, 4319651.293, 96
Trd, 4319652.243, 96
Trd, 4319652.943, 96
Trd, 4319653.193, 95
Trd, 4319654.393, 94
Trd, 4319655.043, 96
Trd, 4319655.893, 95
Trd, 4319657.943, 96
Trd, 4319661.593, 95
Trd, 4319662.393, 95
Trd, 4319663.043, 94
Trd, 4319664.493, 95
Trd, 4319665.293, 95
Trd, 4319667.543, 92
Trd, 4319667.743, 94
Trd, 4319668.993, 93
Trd, 4319669.693, 91
Trd, 4319670.593, 85
Trd, 4319671.493, 93
Trd, 4319671.693, 94
Trd, 4319673.243, 91
Trd, 4319675.843, 92
Trd, 4319676.393, 104
Trd, 4319678.443, 99
Trd, 4319680.043, 99
Trd, 4319680.093, 102
Trd, 4319681.693, 98
Trd, 4319684.093, 99
Trd, 4319684.243, 98
Trd, 4319687.593, 98
Trd, 4319687.793, 97
Trd, 4319688.443, 96
Trd, 4319690.143, 95
Trd, 4319690.343, 97
Trd, 4319690.943, 96
Trd, 4319693.493, 96
Trd, 4319694.643, 95
Trd, 4319696.593, 94
Trd, 4319696.793, 94
Trd, 4319697.793, 94
Trd, 4319698.143, 93
Trd, 4319701.093, 94
Trd, 4319701.193, 94
Trd, 4319701.793, 93
Trd, 4319703.943, 99
Trd, 4319704.993, 99
Trd, 4319705.493, 100
Trd, 4319706.993, 98
Trd, 4319707.293, 98
Trd, 4319709.443, 99
Trd, 4319712.093, 99
Trd, 4319713.093, 95
Trd, 4319715.093, 99
Trd, 4319717.293, 96
Trd, 4319717.843, 97
Trd, 4319718.693, 96
Trd, 4319720.343, 97
Trd, 4319721.793, 96
Trd, 4319723.643, 96
Trd, 4319726.443, 95
Trd, 4319727.193, 95
Trd, 4319728.993, 95
Trd, 4319730.243, 96
Trd, 4319731.843, 95
Trd, 4319733.393, 95
Trd, 4319733.443, 96
Trd, 4319734.493, 95
Trd, 4319739.193, 94
Trd, 4319740.493, 95
Trd, 4319740.793, 95
Trd, 4319741.693, 95
Trd, 4319742.293, 96
Trd, 4319744.443, 96
Trd, 4319745.693, 104
Trd, 4319748.093, 95
Trd, 4319748.543, 95
Trd, 4319751.793, 94
Trd, 4319752.543, 95
Trd, 4319754.143, 95
Trd, 4319754.293, 95
Trd, 4319756.293, 97
Trd, 4319757.493, 96
Trd, 4319759.493, 104
Trd, 4319761.143, 101
Trd, 4319763.193, 100
Trd, 4319765.143, 99
Trd, 4319765.743, 98
Trd, 4319766.743, 98
Trd, 4319766.893, 97
Trd, 4319766.943, 99
Trd, 4319769.393, 97
Trd, 4319770.743, 96
Trd, 4319771.093, 96
Trd, 4319772.043, 97
Trd, 4319772.593, 95
Trd, 4319774.643, 95
Trd, 4319775.893, 95
Trd, 4319777.193, 96
Trd, 4319778.643, 95
Trd, 4319780.943, 96
Trd, 4319781.443, 96
Trd, 4319783.993, 96
Trd, 4319785.343, 95
Trd, 4319785.793, 95
Trd, 4319786.393, 94
Trd, 4319786.793, 97
Trd, 4319789.993, 98
Trd, 4319790.443, 96
Trd, 4319790.843, 95
Trd, 4319791.293, 95
Trd, 4319791.593, 95
Trd, 4319791.943, 113
Trd, 4319794.843, 95
Trd, 4319797.043, 94
Trd, 4319798.743, 95
Trd, 4319799.443, 94
Trd, 4319799.693, 95
Trd, 4319801.943, 93
Trd, 4319804.143, 94
Trd, 4319804.693, 92
Trd, 4319805.443, 94
Trd, 4319806.393, 92
Trd, 4319808.693, 92
Trd, 4319810.743, 91
Trd, 4319810.943, 94
Trd, 4319810.993, 95
Trd, 4319812.743, 94
Trd, 4319813.143, 93
Trd, 4319814.593, 111
Trd, 4319816.693, 96
Trd, 4319817.493, 108
Trd, 4319819.393, 96
Trd, 4319820.393, 96
Trd, 4319821.493, 97
Trd, 4319822.893, 95
Trd, 4319823.343, 98
Trd, 4319827.793, 97
Trd, 4319829.343, 95
Trd, 4319829.443, 96
Trd, 4319832.943, 95
Trd, 4319833.343, 96
Trd, 4319833.443, 94
Trd, 4319835.343, 95
Trd, 4319836.193, 95
Trd, 4319836.843, 93
Trd, 4319839.393, 95
Trd, 4319840.593, 95
Trd, 4319841.593, 95
Trd, 4319841.793, 94
Trd, 4319842.643, 93
Trd, 4319844.143, 94
Trd, 4319846.043, 94
Trd, 4319847.443, 94
Trd, 4319848.443, 93
Trd, 4319849.043, 94
Trd, 4319849.693, 95
Trd, 4319849.793, 93
Trd, 4319853.093, 93
Trd, 4319853.543, 94
Trd, 4319854.643, 95
Trd, 4319856.043, 94
Trd, 4319858.093, 94
Trd, 4319861.493, 95
Trd, 4319862.043, 94
Trd, 4319862.393, 94
Trd, 4319863.043, 97
Trd, 4319864.093, 93
Trd, 4319866.043, 94
Trd, 4319867.443, 95
Trd, 4319868.343, 94
Trd, 4319869.643, 95
Trd, 4319872.793, 94
Trd, 4319873.193, 95
Trd, 4319873.243, 95
Trd, 4319873.343, 94
Trd, 4319874.243, 113
Trd, 4319875.193, 94
Trd, 4319876.593, 95
Trd, 4319877.993, 95
Trd, 4319878.893, 95
Trd, 4319881.243, 95
Trd, 4319881.993, 94
Trd, 4319882.293, 94
Trd, 4319883.143, 95
Trd, 4319885.093, 95
Trd, 4319886.393, 96
Trd, 4319887.143, 96
Trd, 4319888.093, 115
Trd, 4319889.693, 100
Trd, 4319890.993, 100
Trd, 4319891.143, 101
Trd, 4319892.543, 99
Trd, 4319894.743, 102
Trd, 4319895.943, 99
Trd, 4319896.793, 98
Trd, 4319897.443, 97
Trd, 4319897.943, 95
Trd, 4319900.293, 97
Trd, 4319901.293, 95
Trd, 4319901.893, 97
Trd, 4319902.893, 95
Trd, 4319904.293, 95
Trd, 4319905.543, 95
Trd, 4319906.743, 96
Trd, 4319906.943, 94
Trd, 4319909.343, 94
Trd, 4319910.943, 95
Trd, 4319914.193, 95
Trd, 4319915.543, 95
Trd, 4319916.793, 94
Trd, 4319919.143, 93
Trd, 4319919.493, 93
Trd, 4319921.143, 93
Trd, 4319923.093, 92
Trd, 4319923.743, 93
Trd, 4319924.843, 91
Trd, 4319926.193, 95
Trd, 4319927.843, 92
Trd, 4319928.743, 93
Trd, 4319931.043, 90
Trd, 4319931.193, 90
Trd, 4319931.943, 90
Trd, 4319933.293, 104
Trd, 4319935.493, 91
Trd, 4319935.693, 90
Trd, 4319937.593, 95
Trd, 4319938.443, 92
Trd, 4319939.143, 110
Trd, 4319941.643, 93
Trd, 4319941.893, 95
Trd, 4319944.193, 92
Trd, 4319944.293, 93
Trd, 4319944.843, 92
Trd, 4319945.793, 91
Trd, 4319947.693, 95
Trd, 4319948.793, 94
Trd, 4319949.943, 96
Trd, 4319950.443, 93
Trd, 4319951.993, 92
Trd, 4319952.793, 94
Trd, 4319956.043, 94
Trd, 4319957.693, 94
Trd, 4319959.993, 93
Trd, 4319960.643, 93
Trd, 4319961.293, 94
Trd, 4319962.343, 94
Trd, 4319964.643, 95
Trd, 4319964.843, 111
Trd, 4319968.193, 99
Trd, 4319968.693, 98
Trd, 4319970.343, 101
Trd, 4319970.743, 99
Trd, 4319971.643, 95
Trd, 4319973.143, 97
Trd, 4319973.643, 98
Trd, 4319975.643, 98
Trd, 4319977.843, 98
Trd, 4319978.643, 98
Trd, 4319982.593, 101
Trd, 4319983.243, 100
Trd, 4319983.793, 100
Trd, 4319984.243, 96
Trd, 4319985.393, 98
Trd, 4319985.543, 99
Trd, 4319987.393, 99
Trd, 4319987.543, 98
Trd, 4319989.643, 97
Trd, 4319990.593, 96
Trd, 4319991.393, 95
Trd, 4319991.993, 98
Trd, 4319993.943, 97
Trd, 4319995.693, 96
Trd, 4319998.543, 95
Trd, 4319998.643, 96
