Trd, 4317809.093, 88
Trd, 4317812.693, 88
Trd, 4317814.893, 88
Trd, 4317816.643, 88
Trd, 4317818.943, 88
Trd, 4317819.293, 87
Trd, 4317820.793, 88
Trd, 4317822.593, 87
Trd, 4317822.993, 88
Trd, 4317823.143, 88
Trd, 4317825.543, 88
Trd, 4317826.243, 88
Trd, 4317827.293, 89
Trd, 4317828.143, 88
Trd, 4317828.693, 89
Trd, 4317830.243, 88
Trd, 4317835.793, 88
Trd, 4317836.793, 89
Trd, 4317838.693, 89
Trd, 4317839.343, 88
Trd, 4317841.343, 88
Trd, 4317845.243, 88
Trd, 4317846.493, 88
Trd, 4317846.843, 87
Trd, 4317846.893, 88
Trd, 4317849.143, 94
Trd, 4317852.243, 95
Trd, 4317852.393, 94
Trd, 4317853.143, 93
Trd, 4317853.893, 94
Trd, 4317854.343, 94
Trd, 4317854.443, 92
Trd, 4317857.993, 95
Trd, 4317859.593, 95
Trd, 4317860.193, 94
Trd, 4317861.343, 94
Trd, 4317865.043, 93
Trd, 4317867.093, 95
Trd, 4317867.243, 95
Trd, 4317868.343, 96
Trd, 4317868.593, 95
Trd, 4317870.693, 101
Trd, 4317872.293, 102
Trd, 4317872.343, 100
Trd, 4317873.443, 102
Trd, 4317873.693, 100
Trd, 4317875.443, 85
Trd, 4317876.193, 96
Trd, 4317877.293, 95
Trd, 4317879.893, 92
Trd, 4317880.543, 101
Trd, 4317881.593, 94
Trd, 4317883.093, 92
Trd, 4317883.643, 94
Trd, 4317885.293, 95
Trd, 4317885.943, 98
Trd, 4317886.143, 97
Trd, 4317888.393, 99
Trd, 4317888.643, 106
Trd, 4317890.093, 102
Trd, 4317891.393, 97
Trd, 4317892.593, 96
Trd, 4317894.293, 102
Trd, 4317895.093, 100
Trd, 4317896.993, 93
Trd, 4317897.643, 93
Trd, 4317900.793, 90
Trd, 4317902.493, 99
Trd, 4317902.743, 97
Trd, 4317903.443, 95
Trd, 4317905.493, 96
Trd, 4317905.693, 95
Trd, 4317908.393, 95
Trd, 4317909.693, 96
Trd, 4317910.743, 95
Trd, 4317913.193, 97
Trd, 4317913.593, 95
Trd, 4317914.793, 95
Trd, 4317915.293, 94
Trd, 4317916.643, 96
Trd, 4317917.693, 95
Trd, 4317921.993, 90
Trd, 4317922.093, 93
Trd, 4317922.143, 95
Trd, 4317922.543, 83
Trd, 4317922.643, 83
Trd, 4317924.143, 90
Trd, 4317927.893, 92
Trd, 4317929.593, 91
Trd, 4317930.293, 91
Trd, 4317930.743, 91
Trd, 4317933.993, 91
Trd, 4317935.193, 90
Trd, 4317937.943, 92
Trd, 4317939.043, 90
Trd, 4317942.493, 92
Trd, 4317942.993, 92
Trd, 4317944.193, 91
Trd, 4317946.043, 91
Trd, 4317946.193, 92
Trd, 4317949.093, 90
Trd, 4317950.393, 90
Trd, 4317951.093, 90
Trd, 4317955.293, 90
Trd, 4317957.943, 90
Trd, 4317959.943, 91
Trd, 4317960.393, 90
Trd, 4317962.293, 91
Trd, 4317964.343, 90
Trd, 4317964.693, 91
Trd, 4317966.493, 91
Trd, 4317966.793, 90
Trd, 4317968.093, 91
Trd, 4317968.993, 93
Trd, 4317971.343, 95
Trd, 4317971.643, 94
Trd, 4317972.893, 94
Trd, 4317975.643, 93
Trd, 4317976.743, 94
Trd, 4317977.743, 94
Trd, 4317979.043, 94
Trd, 4317979.843, 95
Trd, 4317979.943, 95
Trd, 4317982.143, 95
Trd, 4317983.493, 97
Trd, 4317984.143, 97
Trd, 4317984.843, 98
Trd, 4317986.543, 97
Trd, 4317988.943, 86
Trd, 4317989.043, 92
Trd, 4317989.893, 93
Trd, 4317990.543, 93
Trd, 4317993.293, 95
Trd, 4317993.593, 93
Trd, 4317993.643, 92
Trd, 4317995.143, 94
Trd, 4317997.643, 105
Trd, 4317999.243, 105
Trd, 4317999.693, 104
Trd, 4318000.643, 103
Trd, 4318001.243, 102
Trd, 4318003.193, 101
Trd, 4318004.593, 100
Trd, 4318005.243, 102
Trd, 4318008.843, 101
Trd, 4318008.993, 100
Trd, 4318010.443, 103
Trd, 4318010.943, 102
Trd, 4318014.843, 102
Trd, 4318015.093, 102
Trd, 4318015.343, 101
Trd, 4318017.993, 102
Trd, 4318018.093, 102
Trd, 4318020.093, 103
Trd, 4318021.193, 103
Trd, 4318022.243, 103
Trd, 4318024.043, 103
Trd, 4318024.793, 102
Trd, 4318027.943, 103
Trd, 4318028.643, 104
Trd, 4318029.543, 102
Trd, 4318029.743, 104
Trd, 4318032.043, 94
Trd, 4318034.743, 92
Trd, 4318035.493, 92
Trd, 4318036.143, 95
Trd, 4318036.593, 95
Trd, 4318036.943, 94
Trd, 4318038.593, 93
Trd, 4318040.693, 93
Trd, 4318041.043, 95
Trd, 4318041.343, 94
Trd, 4318042.043, 94
Trd, 4318046.393, 94
Trd, 4318048.743, 94
Trd, 4318048.993, 95
Trd, 4318052.893, 94
Trd, 4318055.543, 95
Trd, 4318058.193, 94
Trd, 4318058.843, 93
Trd, 4318059.693, 93
Trd, 4318060.243, 94
Trd, 4318062.943, 98
Trd, 4318065.293, 94
Trd, 4318065.743, 94
Trd, 4318069.893, 94
Trd, 4318072.293, 95
Trd, 4318073.593, 94
Trd, 4318076.693, 94
Trd, 4318078.593, 94
Trd, 4318081.643, 94
Trd, 4318082.043, 94
Trd, 4318085.193, 94
Trd, 4318086.493, 94
Trd, 4318086.643, 94
Trd, 4318086.893, 95
Trd, 4318088.293, 97
Trd, 4318089.193, 97
Trd, 4318091.443, 97
Trd, 4318091.993, 97
Trd, 4318094.093, 96
Trd, 4318094.643, 98
Trd, 4318094.743, 97
Trd, 4318095.993, 95
Trd, 4318098.743, 96
Trd, 4318100.143, 90
Trd, 4318101.043, 94
Trd, 4318101.993, 93
Trd, 4318103.943, 95
Trd, 4318104.543, 94
Trd, 4318106.043, 95
Trd, 4318106.793, 94
Trd, 4318107.743, 94
Trd, 4318112.143, 96
Trd, 4318112.943, 95
Trd, 4318114.743, 94
Trd, 4318116.843, 93
Trd, 4318118.643, 94
Trd, 4318121.443, 94
Trd, 4318123.193, 94
Trd, 4318123.593, 94
Trd, 4318124.493, 93
Trd, 4318127.393, 93
Trd, 4318128.743, 92
Trd, 4318128.943, 93
Trd, 4318132.943, 93
Trd, 4318133.543, 95
Trd, 4318135.393, 93
Trd, 4318136.043, 93
Trd, 4318136.393, 92
Trd, 4318138.393, 94
Trd, 4318142.393, 93
Trd, 4318143.443, 94
Trd, 4318146.643, 94
Trd, 4318147.593, 93
Trd, 4318148.593, 94
Trd, 4318152.243, 93
Trd, 4318153.143, 92
Trd, 4318153.343, 92
Trd, 4318157.493, 92
Trd, 4318159.543, 92
Trd, 4318159.993, 91
Trd, 4318162.643, 92
Trd, 4318164.743, 92
Trd, 4318165.443, 92
Trd, 4318166.443, 92
Trd, 4318168.343, 92
Trd, 4318171.743, 92
Trd, 4318173.193, 92
Trd, 4318174.443, 91
Trd, 4318174.743, 90
Trd, 4318175.043, 91
Trd, 4318178.193, 92
Trd, 4318179.993, 91
Trd, 4318181.093, 92
Trd, 4318183.243, 92
Trd, 4318187.993, 92
Trd, 4318188.893, 92
Trd, 4318191.893, 92
Trd, 4318195.443, 92
Trd, 4318195.593, 93
Trd, 4318196.943, 93
Trd, 4318197.893, 92
Trd, 4318201.593, 92
Trd, 4318204.793, 92
Trd, 4318207.393, 92
Trd, 4318208.593, 91
Trd, 4318209.693, 92
Trd, 4318214.193, 92
Trd, 4318216.043, 92
Trd, 4318216.593, 92
Trd, 4318217.943, 92
Trd, 4318219.293, 92
Trd, 4318220.793, 91
Trd, 4318224.443, 92
Trd, 4318226.993, 92
Trd, 4318227.093, 91
Trd, 4318230.343, 91
Trd, 4318231.093, 90
Trd, 4318231.843, 91
Trd, 4318235.093, 91
Trd, 4318236.093, 91
Trd, 4318237.093, 91
Trd, 4318240.893, 91
Trd, 4318242.293, 91
Trd, 4318243.043, 91
Trd, 4318243.243, 91
Trd, 4318247.593, 91
Trd, 4318248.393, 90
Trd, 4318248.593, 90
Trd, 4318251.793, 90
Trd, 4318252.593, 97
Trd, 4318257.343, 91
Trd, 4318260.793, 92
Trd, 4318263.093, 91
Trd, 4318266.943, 91
Trd, 4318267.793, 91
Trd, 4318270.843, 90
Trd, 4318272.493, 90
Trd, 4318274.043, 90
Trd, 4318274.693, 91
Trd, 4318277.593, 90
Trd, 4318278.143, 90
Trd, 4318280.343, 90
Trd, 4318283.943, 90
Trd, 4318284.043, 90
Trd, 4318284.193, 90
Trd, 4318289.943, 90
Trd, 4318290.393, 89
Trd, 4318291.593, 89
Trd, 4318295.493, 89
Trd, 4318296.193, 89
Trd, 4318298.943, 89
Trd, 4318300.243, 89
Trd, 4318302.993, 89
Trd, 4318305.243, 88
Trd, 4318307.343, 89
Trd, 4318307.493, 88
Trd, 4318308.943, 88
Trd, 4318313.893, 89
Trd, 4318315.243, 88
Trd, 4318316.943, 88
Trd, 4318318.193, 88
Trd, 4318322.943, 88
Trd, 4318322.993, 87
Trd, 4318326.043, 87
Trd, 4318326.493, 87
Trd, 4318326.893, 87
Trd, 4318329.443, 86
Trd, 4318329.493, 87
Trd, 4318331.993, 88
Trd, 4318333.593, 92
Trd, 4318334.493, 92
Trd, 4318335.043, 91
Trd, 4318336.493, 92
Trd, 4318338.643, 91
Trd, 4318339.243, 92
Trd, 4318341.793, 90
Trd, 4318342.943, 89
Trd, 4318344.393, 90
Trd, 4318345.193, 91
Trd, 4318347.593, 89
Trd, 4318350.743, 89
Trd, 4318351.193, 90
Trd, 4318354.793, 89
Trd, 4318355.993, 90
Trd, 4318356.993, 93
Trd, 4318357.843, 94
Trd, 4318358.393, 93
Trd, 4318360.493, 93
Trd, 4318363.393, 93
Trd, 4318363.543, 92
Trd, 4318364.043, 93
Trd, 4318364.943, 93
Trd, 4318365.693, 93
Trd, 4318367.143, 92
Trd, 4318367.843, 93
Trd, 4318370.293, 92
Trd, 4318371.343, 91
Trd, 4318372.293, 93
Trd, 4318374.743, 98
Trd, 4318377.743, 94
Trd, 4318378.743, 98
Trd, 4318379.193, 97
Trd, 4318380.243, 96
Trd, 4318382.043, 97
Trd, 4318384.743, 95
Trd, 4318387.143, 97
Trd, 4318387.643, 97
Trd, 4318388.943, 96
Trd, 4318389.393, 97
Trd, 4318392.993, 95
Trd, 4318394.693, 94
Trd, 4318395.443, 93
Trd, 4318397.743, 94
Trd, 4318400.093, 94
Trd, 4318403.143, 94
Trd, 4318408.143, 94
Trd, 4318408.743, 94
Trd, 4318412.593, 94
Trd, 4318412.843, 94
Trd, 4318413.393, 94
Trd, 4318416.193, 93
Trd, 4318419.543, 94
Trd, 4318420.543, 94
Trd, 4318424.543, 94
Trd, 4318424.843, 94
Trd, 4318425.293, 94
Trd, 4318428.043, 93
Trd, 4318432.593, 94
Trd, 4318433.343, 94
Trd, 4318436.643, 94
Trd, 4318437.143, 93
Trd, 4318440.793, 95
Trd, 4318441.593, 94
Trd, 4318444.993, 94
Trd, 4318445.393, 93
Trd, 4318447.843, 93
Trd, 4318448.893, 93
Trd, 4318450.193, 92
Trd, 4318452.643, 93
Trd, 4318454.493, 93
Trd, 4318454.743, 92
Trd, 4318458.443, 91
Trd, 4318458.593, 93
Trd, 4318459.643, 93
Trd, 4318462.643, 93
Trd, 4318463.343, 94
Trd, 4318469.543, 94
Trd, 4318471.843, 93
Trd, 4318474.243, 92
Trd, 4318476.593, 93
Trd, 4318478.043, 93
Trd, 4318480.743, 93
Trd, 4318482.293, 93
Trd, 4318483.293, 93
Trd, 4318484.293, 93
Trd, 4318486.243, 93
Trd, 4318487.693, 92
Trd, 4318488.593, 98
Trd, 4318493.093, 93
Trd, 4318494.143, 92
Trd, 4318496.943, 93
Trd, 4318500.443, 93
Trd, 4318502.143, 93
Trd, 4318503.193, 93
Trd, 4318504.643, 92
Trd, 4318505.043, 93
Trd, 4318505.643, 92
Trd, 4318508.443, 92
Trd, 4318509.843, 92
Trd, 4318510.793, 100
Trd, 4318515.993, 93
Trd, 4318516.443, 93
Trd, 4318521.193, 93
Trd, 4318521.693, 93
Trd, 4318524.443, 93
Trd, 4318524.693, 92
Trd, 4318525.193, 93
Trd, 4318527.643, 93
Trd, 4318531.443, 93
Trd, 4318532.293, 93
Trd, 4318533.993, 94
Trd, 4318535.243, 94
Trd, 4318535.693, 94
Trd, 4318537.743, 93
Trd, 4318539.093, 92
Trd, 4318541.793, 92
Trd, 4318542.293, 92
Trd, 4318544.943, 91
Trd, 4318545.343, 92
Trd, 4318549.543, 92
Trd, 4318550.543, 92
Trd, 4318553.293, 92
Trd, 4318554.293, 91
Trd, 4318555.193, 91
Trd, 4318557.493, 91
Trd, 4318557.643, 90
Trd, 4318562.443, 90
Trd, 4318562.893, 89
Trd, 4318565.843, 89
Trd, 4318565.943, 90
Trd, 4318569.393, 90
Trd, 4318570.443, 90
Trd, 4318572.143, 90
Trd, 4318574.143, 90
Trd, 4318575.593, 90
Trd, 4318575.993, 90
Trd, 4318578.093, 97
Trd, 4318578.343, 96
Trd, 4318578.743, 95
Trd, 4318580.893, 95
Trd, 4318584.043, 94
Trd, 4318588.143, 95
Trd, 4318589.943, 94
Trd, 4318590.193, 95
Trd, 4318590.443, 93
Trd, 4318592.043, 94
Trd, 4318592.243, 94
Trd, 4318594.743, 93
Trd, 4318597.693, 94
Trd, 4318597.743, 94
Trd, 4318601.243, 93
Trd, 4318603.393, 93
Trd, 4318604.043, 92
Trd, 4318604.593, 93
Trd, 4318607.243, 92
Trd, 4318607.493, 92
Trd, 4318610.293, 92
Trd, 4318615.093, 92
Trd, 4318616.793, 92
Trd, 4318616.893, 92
Trd, 4318617.243, 92
Trd, 4318618.793, 92
Trd, 4318623.443, 92
Trd, 4318623.593, 93
Trd, 4318625.693, 92
Trd, 4318626.193, 91
Trd, 4318626.643, 91
Trd, 4318626.793, 92
Trd, 4318629.143, 94
Trd, 4318630.293, 94
Trd, 4318631.293, 94
Trd, 4318631.393, 93
Trd, 4318634.493, 94
Trd, 4318635.743, 93
Trd, 4318639.693, 94
Trd, 4318640.743, 93
Trd, 4318642.293, 93
Trd, 4318642.543, 98
Trd, 4318647.293, 95
Trd, 4318647.943, 97
Trd, 4318647.993, 94
Trd, 4318648.843, 97
Trd, 4318650.343, 97
Trd, 4318652.093, 96
Trd, 4318652.143, 96
Trd, 4318653.093, 95
Trd, 4318655.593, 95
Trd, 4318657.543, 92
Trd, 4318658.743, 103
Trd, 4318658.993, 101
Trd, 4318662.043, 95
Trd, 4318663.843, 92
Trd, 4318664.293, 96
Trd, 4318664.643, 95
Trd, 4318665.243, 102
Trd, 4318666.293, 99
Trd, 4318667.293, 97
Trd, 4318669.243, 98
Trd, 4318670.293, 104
Trd, 4318670.743, 99
Trd, 4318671.093, 104
Trd, 4318672.093, 98
Trd, 4318674.793, 97
Trd, 4318677.593, 94
Trd, 4318678.693, 96
Trd, 4318679.543, 96
Trd, 4318679.893, 96
Trd, 4318680.993, 95
Trd, 4318681.393, 96
Trd, 4318681.793, 96
Trd, 4318684.543, 95
Trd, 4318686.043, 94
Trd, 4318686.893, 94
Trd, 4318687.293, 104
Trd, 4318688.143, 97
Trd, 4318689.293, 99
Trd, 4318692.493, 96
Trd, 4318694.093, 94
Trd, 4318694.693, 94
Trd, 4318696.093, 94
Trd, 4318697.143, 95
Trd, 4318697.543, 99
Trd, 4318698.393, 95
Trd, 4318700.343, 98
Trd, 4318700.693, 98
Trd, 4318700.993, 99
Trd, 4318703.343, 97
Trd, 4318704.493, 99
Trd, 4318705.393, 97
Trd, 4318706.793, 97
Trd, 4318708.943, 97
Trd, 4318710.143, 96
Trd, 4318712.793, 97
Trd, 4318713.943, 96
Trd, 4318716.743, 96
Trd, 4318717.543, 98
Trd, 4318721.843, 95
Trd, 4318724.843, 97
Trd, 4318725.143, 96
Trd, 4318730.143, 95
Trd, 4318730.193, 95
Trd, 4318730.693, 94
Trd, 4318732.793, 99
Trd, 4318736.243, 95
Trd, 4318737.243, 94
Trd, 4318740.443, 94
Trd, 4318740.493, 94
Trd, 4318740.643, 96
Trd, 4318745.143, 95
Trd, 4318745.343, 95
Trd, 4318747.143, 94
Trd, 4318748.393, 95
Trd, 4318750.343, 94
Trd, 4318754.743, 96
Trd, 4318755.643, 95
Trd, 4318757.543, 95
Trd, 4318758.893, 95
Trd, 4318759.443, 95
Trd, 4318762.143, 94
Trd, 4318764.243, 94
Trd, 4318764.893, 93
Trd, 4318765.443, 93
Trd, 4318767.843, 93
Trd, 4318768.643, 93
Trd, 4318771.993, 93
Trd, 4318773.743, 93
Trd, 4318774.993, 93
Trd, 4318776.793, 93
Trd, 4318779.593, 93
Trd, 4318780.293, 93
Trd, 4318782.243, 93
Trd, 4318784.043, 93
Trd, 4318784.393, 92
Trd, 4318786.243, 94
Trd, 4318789.743, 93
Trd, 4318790.243, 93
Trd, 4318795.293, 93
Trd, 4318796.393, 92
Trd, 4318800.443, 92
Trd, 4318802.193, 92
Trd, 4318802.993, 93
Trd, 4318804.143, 93
Trd, 4318806.343, 92
Trd, 4318806.743, 91
Trd, 4318807.643, 93
Trd, 4318810.293, 93
Trd, 4318811.743, 93
Trd, 4318812.093, 103
Trd, 4318812.793, 95
Trd, 4318813.893, 95
Trd, 4318814.343, 95
Trd, 4318815.893, 94
Trd, 4318816.493, 96
Trd, 4318818.343, 97
Trd, 4318821.143, 96
Trd, 4318823.793, 96
Trd, 4318825.393, 96
Trd, 4318828.493, 97
Trd, 4318832.343, 96
Trd, 4318833.243, 95
Trd, 4318833.643, 95
Trd, 4318834.493, 95
Trd, 4318834.793, 95
Trd, 4318838.793, 95
Trd, 4318843.993, 95
Trd, 4318844.293, 95
Trd, 4318844.943, 94
Trd, 4318845.893, 95
Trd, 4318849.093, 94
Trd, 4318850.043, 95
Trd, 4318855.243, 95
Trd, 4318856.193, 94
Trd, 4318856.793, 94
Trd, 4318857.143, 93
Trd, 4318862.643, 94
Trd, 4318863.193, 94
Trd, 4318863.843, 93
Trd, 4318865.043, 93
Trd, 4318868.943, 93
Trd, 4318870.493, 92
Trd, 4318873.043, 93
Trd, 4318875.543, 93
Trd, 4318876.543, 92
Trd, 4318878.493, 93
Trd, 4318880.743, 92
Trd, 4318881.193, 93
Trd, 4318883.243, 93
Trd, 4318886.643, 93
Trd, 4318887.193, 92
Trd, 4318888.293, 92
Trd, 4318888.593, 98
Trd, 4318888.843, 91
Trd, 4318890.243, 90
Trd, 4318891.393, 92
Trd, 4318894.143, 93
Trd, 4318894.243, 92
Trd, 4318895.093, 92
Trd, 4318896.143, 92
Trd, 4318901.193, 93
Trd, 4318902.443, 92
Trd, 4318904.743, 92
Trd, 4318906.143, 92
Trd, 4318906.293, 93
Trd, 4318908.643, 92
Trd, 4318911.943, 92
Trd, 4318912.243, 96
Trd, 4318915.893, 93
Trd, 4318917.143, 94
Trd, 4318921.193, 92
Trd, 4318921.543, 92
Trd, 4318925.093, 92
Trd, 4318927.093, 91
Trd, 4318928.093, 92
Trd, 4318929.943, 92
Trd, 4318932.593, 93
Trd, 4318936.943, 92
Trd, 4318940.043, 92
Trd, 4318943.293, 92
Trd, 4318943.743, 92
Trd, 4318946.243, 92
Trd, 4318950.943, 92
Trd, 4318953.543, 92
Trd, 4318955.143, 91
Trd, 4318958.043, 92
Trd, 4318959.343, 96
Trd, 4318961.293, 93
Trd, 4318963.643, 92
Trd, 4318964.593, 94
Trd, 4318965.243, 95
Trd, 4318968.593, 94
Trd, 4318971.843, 96
Trd, 4318973.693, 95
Trd, 4318976.193, 94
Trd, 4318978.543, 94
Trd, 4318978.943, 93
Trd, 4318981.493, 93
Trd, 4318982.193, 92
Trd, 4318982.343, 92
Trd, 4318984.943, 92
Trd, 4318985.643, 92
Trd, 4318987.693, 92
Trd, 4318989.243, 93
Trd, 4318992.293, 92
Trd, 4318992.343, 93
Trd, 4318996.893, 92
Trd, 4318999.593, 92
Trd, 4318999.643, 91
Trd, 4319002.143, 92
Trd, 4319003.493, 92
Trd, 4319005.193, 92
Trd, 4319006.493, 91
Trd, 4319011.043, 92
Trd, 4319012.243, 91
Trd, 4319014.393, 91
Trd, 4319015.893, 91
Trd, 4319016.543, 92
Trd, 4319021.293, 92
Trd, 4319022.193, 91
Trd, 4319023.493, 91
Trd, 4319025.343, 91
Trd, 4319027.043, 91
Trd, 4319029.793, 100
Trd, 4319031.193, 95
Trd, 4319032.393, 95
Trd, 4319033.343, 96
Trd, 4319038.043, 95
Trd, 4319039.343, 96
Trd, 4319041.093, 95
Trd, 4319041.343, 94
Trd, 4319042.993, 94
Trd, 4319045.843, 94
Trd, 4319046.943, 94
Trd, 4319047.293, 93
Trd, 4319049.093, 93
Trd, 4319051.143, 93
Trd, 4319052.693, 93
Trd, 4319053.793, 93
Trd, 4319057.143, 93
Trd, 4319058.893, 92
Trd, 4319059.093, 93
Trd, 4319061.893, 93
Trd, 4319062.693, 93
Trd, 4319064.093, 95
Trd, 4319071.943, 93
Trd, 4319072.243, 93
Trd, 4319073.093, 93
Trd, 4319073.443, 93
Trd, 4319073.893, 92
Trd, 4319075.743, 92
Trd, 4319080.143, 92
Trd, 4319081.343, 92
Trd, 4319082.493, 92
Trd, 4319086.043, 92
Trd, 4319089.343, 92
Trd, 4319089.593, 92
Trd, 4319089.843, 92
Trd, 4319090.943, 91
Trd, 4319092.443, 92
Trd, 4319094.293, 97
Trd, 4319095.243, 94
Trd, 4319096.393, 93
Trd, 4319097.343, 92
Trd, 4319100.643, 93
Trd, 4319100.793, 104
Trd, 4319101.043, 101
Trd, 4319101.693, 97
Trd, 4319104.943, 100
Trd, 4319105.193, 97
Trd, 4319106.493, 97
Trd, 4319108.643, 97
Trd, 4319110.643, 97
Trd, 4319110.893, 96
Trd, 4319111.743, 96
Trd, 4319111.793, 97
Trd, 4319116.643, 97
Trd, 4319118.693, 96
Trd, 4319122.943, 96
Trd, 4319123.493, 96
Trd, 4319123.943, 95
Trd, 4319124.243, 95
Trd, 4319125.793, 94
Trd, 4319127.943, 94
Trd, 4319128.043, 94
Trd, 4319128.543, 94
Trd, 4319130.893, 94
Trd, 4319134.043, 95
Trd, 4319136.493, 94
Trd, 4319136.793, 93
Trd, 4319137.243, 93
Trd, 4319141.693, 94
Trd, 4319143.343, 93
Trd, 4319144.243, 94
Trd, 4319145.393, 93
Trd, 4319147.843, 94
Trd, 4319147.893, 93
Trd, 4319149.443, 94
Trd, 4319151.693, 95
Trd, 4319154.543, 94
Trd, 4319157.043, 96
Trd, 4319158.393, 95
Trd, 4319160.193, 95
Trd, 4319160.443, 94
Trd, 4319163.393, 95
Trd, 4319168.593, 95
Trd, 4319168.893, 95
Trd, 4319169.343, 95
Trd, 4319170.943, 95
Trd, 4319171.493, 95
Trd, 4319171.843, 95
Trd, 4319173.693, 95
Trd, 4319175.743, 95
Trd, 4319178.093, 95
Trd, 4319182.193, 95
Trd, 4319184.743, 95
Trd, 4319185.593, 94
Trd, 4319188.293, 95
Trd, 4319189.093, 94
Trd, 4319190.693, 94
Trd, 4319193.943, 94
Trd, 4319194.293, 94
Trd, 4319194.643, 93
Trd, 4319195.343, 93
Trd, 4319196.693, 94
Trd, 4319197.193, 94
Trd, 4319200.443, 94
Trd, 4319203.393, 103
Trd, 4319203.843, 98
Trd, 4319204.293, 98
Trd, 4319205.343, 99
Trd, 4319205.743, 99
Trd, 4319207.493, 104
Trd, 4319208.993, 103
Trd, 4319210.043, 98
Trd, 4319211.893, 102
Trd, 4319212.293, 103
Trd, 4319213.143, 103
Trd, 4319214.293, 102
Trd, 4319215.743, 102
Trd, 4319217.043, 100
Trd, 4319217.243, 98
Trd, 4319219.393, 106
Trd, 4319220.193, 105
Trd, 4319220.843, 103
Trd, 4319223.343, 90
Trd, 4319224.243, 89
Trd, 4319224.743, 89
Trd, 4319225.743, 88
Trd, 4319225.943, 89
Trd, 4319226.893, 95
Trd, 4319228.893, 90
Trd, 4319230.643, 91
Trd, 4319230.843, 89
Trd, 4319231.643, 89
Trd, 4319235.093, 85
Trd, 4319235.593, 85
Trd, 4319236.343, 87
Trd, 4319237.193, 91
Trd, 4319238.543, 92
Trd, 4319240.543, 90
Trd, 4319241.043, 90
Trd, 4319242.493, 88
Trd, 4319243.343, 88
Trd, 4319244.043, 88
Trd, 4319244.893, 88
Trd, 4319244.993, 102
Trd, 4319248.193, 96
Trd, 4319248.393, 96
Trd, 4319249.743, 95
Trd, 4319251.043, 92
Trd, 4319251.593, 96
Trd, 4319253.293, 93
Trd, 4319255.443, 93
Trd, 4319255.643, 92
Trd, 4319256.643, 95
Trd, 4319257.843, 104
Trd, 4319259.743, 99
Trd, 4319260.393, 97
Trd, 4319261.043, 92
Trd, 4319264.443, 93
Trd, 4319265.693, 92
Trd, 4319266.293, 93
Trd, 4319266.843, 93
Trd, 4319268.143, 92
Trd, 4319268.343, 94
Trd, 4319270.143, 94
Trd, 4319271.393, 94
Trd, 4319274.293, 95
Trd, 4319274.443, 95
Trd, 4319275.543, 94
Trd, 4319275.993, 96
Trd, 4319277.593, 93
Trd, 4319279.893, 95
Trd, 4319281.093, 94
Trd, 4319282.793, 96
Trd, 4319285.943, 95
Trd, 4319288.243, 95
Trd, 4319291.393, 95
Trd, 4319295.093, 95
Trd, 4319297.543, 95
Trd, 4319298.693, 95
Trd, 4319301.443, 95
Trd, 4319304.843, 95
Trd, 4319307.593, 95
Trd, 4319307.993, 94
Trd, 4319309.093, 93
Trd, 4319310.893, 94
Trd, 4319313.393, 94
Trd, 4319315.293, 95
Trd, 4319317.343, 95
Trd, 4319317.693, 95
Trd, 4319321.093, 95
Trd, 4319323.793, 94
Trd, 4319327.743, 93
Trd, 4319329.443, 93
Trd, 4319331.493, 94
Trd, 4319334.093, 93
Trd, 4319335.043, 92
Trd, 4319335.243, 92
Trd, 4319336.543, 92
Trd, 4319336.893, 91
Trd, 4319337.893, 92
Trd, 4319339.243, 92
Trd, 4319339.993, 92
Trd, 4319340.693, 93
Trd, 4319341.943, 93
Trd, 4319342.343, 99
Trd, 4319343.293, 99
Trd, 4319345.643, 97
Trd, 4319346.243, 97
Trd, 4319348.243, 95
Trd, 4319351.343, 95
Trd, 4319352.343, 91
Trd, 4319352.543, 90
Trd, 4319353.343, 90
Trd, 4319353.943, 91
Trd, 4319357.743, 92
Trd, 4319357.993, 95
Trd, 4319358.093, 97
Trd, 4319358.743, 97
Trd, 4319361.343, 101
Trd, 4319362.193, 105
Trd, 4319363.193, 105
Trd, 4319363.493, 102
Trd, 4319363.993, 104
Trd, 4319367.293, 104
Trd, 4319367.943, 104
Trd, 4319370.093, 97
Trd, 4319370.193, 97
Trd, 4319371.293, 97
Trd, 4319372.293, 97
Trd, 4319374.143, 97
Trd, 4319377.043, 97
Trd, 4319378.993, 97
Trd, 4319379.293, 97
Trd, 4319381.093, 91
Trd, 4319381.343, 92
Trd, 4319381.993, 93
Trd, 4319383.493, 93
Trd, 4319386.893, 86
Trd, 4319387.493, 86
Trd, 4319387.793, 89
Trd, 4319389.243, 94
Trd, 4319389.393, 98
Trd, 4319391.893, 94
Trd, 4319392.443, 94
Trd, 4319392.793, 93
Trd, 4319396.143, 94
Trd, 4319397.793, 92
Trd, 4319400.893, 94
Trd, 4319402.443, 93
Trd, 4319403.943, 92
Trd, 4319404.193, 91
Trd, 4319405.193, 93
Trd, 4319406.643, 93
Trd, 4319406.843, 91
Trd, 4319411.743, 93
Trd, 4319413.293, 91
Trd, 4319413.693, 90
Trd, 4319416.943, 91
Trd, 4319418.943, 90
Trd, 4319419.443, 90
Trd, 4319419.493, 91
Trd, 4319419.993, 91
Trd, 4319423.543, 91
Trd, 4319425.393, 91
Trd, 4319427.443, 91
Trd, 4319428.193, 90
Trd, 4319432.893, 91
Trd, 4319434.943, 91
Trd, 4319434.993, 89
Trd, 4319436.393, 90
Trd, 4319437.493, 91
Trd, 4319437.893, 90
Trd, 4319441.493, 90
Trd, 4319444.593, 90
Trd, 4319447.093, 90
Trd, 4319449.343, 90
Trd, 4319449.493, 89
Trd, 4319450.343, 90
Trd, 4319453.593, 90
Trd, 4319455.593, 90
Trd, 4319456.443, 90
Trd, 4319456.993, 90
Trd, 4319458.243, 98
Trd, 4319461.793, 91
Trd, 4319464.743, 92
Trd, 4319466.393, 91
Trd, 4319466.993, 91
Trd, 4319470.493, 91
Trd, 4319470.993, 91
Trd, 4319472.893, 91
Trd, 4319473.693, 90
Trd, 4319475.193, 92
Trd, 4319479.893, 91
Trd, 4319480.893, 91
Trd, 4319481.143, 90
Trd, 4319482.893, 91
Trd, 4319483.893, 91
Trd, 4319485.393, 91
Trd, 4319485.843, 103
Trd, 4319486.143, 92
Trd, 4319486.993, 95
Trd, 4319489.143, 101
Trd, 4319490.093, 97
Trd, 4319490.943, 100
Trd, 4319491.843, 102
Trd, 4319493.093, 100
Trd, 4319493.743, 101
Trd, 4319495.243, 101
Trd, 4319496.743, 102
Trd, 4319497.943, 100
Trd, 4319500.043, 103
Trd, 4319500.893, 102
Trd, 4319503.793, 103
Trd, 4319504.293, 98
Trd, 4319504.893, 100
Trd, 4319507.993, 98
Trd, 4319510.243, 100
Trd, 4319510.443, 100
Trd, 4319511.793, 98
Trd, 4319514.243, 99
Trd, 4319514.943, 98
Trd, 4319516.193, 103
Trd, 4319516.893, 100
Trd, 4319518.593, 100
Trd, 4319520.643, 101
Trd, 4319521.543, 99
Trd, 4319524.043, 99
Trd, 4319524.293, 101
Trd, 4319525.693, 100
Trd, 4319526.693, 99
Trd, 4319526.843, 98
Trd, 4319528.993, 98
Trd, 4319529.993, 99
Trd, 4319531.993, 100
Trd, 4319534.643, 100
Trd, 4319536.843, 97
Trd, 4319539.493, 100
Trd, 4319543.093, 100
Trd, 4319543.943, 100
Trd, 4319545.493, 98
Trd, 4319546.193, 98
Trd, 4319547.293, 98
Trd, 4319549.293, 97
Trd, 4319551.743, 98
Trd, 4319554.393, 98
Trd, 4319555.693, 98
Trd, 4319557.143, 97
Trd, 4319559.393, 96
Trd, 4319561.193, 96
Trd, 4319562.343, 96
Trd, 4319562.393, 95
Trd, 4319562.893, 95
Trd, 4319563.393, 95
Trd, 4319566.093, 95
Trd, 4319566.943, 95
Trd, 4319569.193, 95
Trd, 4319569.893, 94
Trd, 4319572.693, 95
Trd, 4319574.493, 95
Trd, 4319576.443, 95
Trd, 4319576.543, 94
Trd, 4319578.043, 95
Trd, 4319580.043, 95
Trd, 4319583.793, 95
Trd, 4319585.043, 95
Trd, 4319590.893, 95
Trd, 4319592.793, 95
Trd, 4319595.643, 95
Trd, 4319600.943, 95
Trd, 4319603.693, 95
Trd, 4319603.743, 95
Trd, 4319606.093, 94
Trd, 4319607.093, 91
Trd, 4319607.243, 93
Trd, 4319607.493, 92
Trd, 4319610.943, 91
Trd, 4319611.293, 92
Trd, 4319613.343, 92
Trd, 4319614.043, 91
Trd, 4319614.493, 92
Trd, 4319618.693, 92
Trd, 4319623.243, 91
Trd, 4319626.143, 91
Trd, 4319626.493, 90
Trd, 4319626.943, 91
Trd, 4319628.943, 91
Trd, 4319629.343, 90
Trd, 4319630.843, 91
Trd, 4319632.343, 91
Trd, 4319634.643, 91
Trd, 4319634.943, 90
Trd, 4319636.693, 92
Trd, 4319640.543, 91
Trd, 4319640.793, 91
Trd, 4319643.793, 92
Trd, 4319644.093, 92
Trd, 4319644.543, 91
Trd, 4319647.193, 91
Trd, 4319648.343, 91
Trd, 4319651.193, 91
Trd, 4319651.243, 90
Trd, 4319653.243, 95
Trd, 4319655.043, 94
Trd, 4319655.393, 93
Trd, 4319656.543, 98
Trd, 4319656.793, 95
Trd, 4319658.193, 97
Trd, 4319660.793, 98
Trd, 4319661.593, 98
Trd, 4319662.343, 97
Trd, 4319663.943, 103
Trd, 4319665.493, 102
Trd, 4319665.543, 102
Trd, 4319667.043, 103
Trd, 4319669.693, 106
Trd, 4319669.743, 105
Trd, 4319670.793, 104
Trd, 4319673.143, 106
Trd, 4319673.893, 106
Trd, 4319674.993, 105
Trd, 4319677.893, 103
Trd, 4319681.693, 106
Trd, 4319683.443, 104
Trd, 4319684.543, 103
Trd, 4319685.043, 99
Trd, 4319685.093, 100
Trd, 4319685.593, 100
Trd, 4319689.093, 92
Trd, 4319689.393, 95
Trd, 4319690.043, 93
Trd, 4319690.993, 96
Trd, 4319691.993, 101
Trd, 4319693.443, 97
Trd, 4319693.943, 100
Trd, 4319695.893, 99
Trd, 4319698.693, 93
Trd, 4319699.643, 92
Trd, 4319700.793, 92
Trd, 4319701.543, 88
Trd, 4319702.043, 87
Trd, 4319702.593, 93
Trd, 4319704.193, 102
Trd, 4319704.793, 104
Trd, 4319705.743, 102
Trd, 4319707.393, 102
Trd, 4319707.643, 103
Trd, 4319709.543, 103
Trd, 4319710.093, 95
Trd, 4319713.843, 88
Trd, 4319713.993, 93
Trd, 4319714.593, 93
Trd, 4319715.643, 97
Trd, 4319716.143, 96
Trd, 4319716.343, 92
Trd, 4319718.793, 95
Trd, 4319719.493, 94
Trd, 4319722.243, 86
Trd, 4319722.293, 86
Trd, 4319723.293, 88
Trd, 4319724.293, 93
Trd, 4319724.543, 91
Trd, 4319725.643, 90
Trd, 4319727.143, 103
Trd, 4319728.293, 105
Trd, 4319728.343, 103
Trd, 4319729.843, 108
Trd, 4319730.043, 106
Trd, 4319731.743, 105
Trd, 4319733.393, 107
Trd, 4319733.993, 107
Trd, 4319735.493, 106
Trd, 4319736.643, 103
Trd, 4319739.193, 104
Trd, 4319740.993, 105
Trd, 4319741.043, 103
Trd, 4319742.993, 105
Trd, 4319745.693, 103
Trd, 4319746.293, 102
Trd, 4319747.243, 104
Trd, 4319748.743, 102
Trd, 4319749.393, 87
Trd, 4319750.293, 86
Trd, 4319751.743, 98
Trd, 4319752.193, 95
Trd, 4319752.693, 94
Trd, 4319755.393, 96
Trd, 4319756.193, 98
Trd, 4319757.243, 96
Trd, 4319758.193, 96
Trd, 4319759.243, 103
Trd, 4319760.293, 95
Trd, 4319763.093, 99
Trd, 4319763.343, 98
Trd, 4319764.143, 98
Trd, 4319766.193, 100
Trd, 4319766.793, 104
Trd, 4319768.593, 103
Trd, 4319770.943, 104
Trd, 4319772.243, 103
Trd, 4319773.193, 103
Trd, 4319773.793, 104
Trd, 4319774.543, 102
Trd, 4319778.693, 105
Trd, 4319779.693, 104
Trd, 4319781.293, 104
Trd, 4319782.843, 103
Trd, 4319784.243, 104
Trd, 4319785.893, 103
Trd, 4319790.493, 104
Trd, 4319790.743, 103
Trd, 4319790.793, 102
Trd, 4319794.093, 102
Trd, 4319795.093, 104
Trd, 4319795.243, 104
Trd, 4319795.993, 100
Trd, 4319798.593, 104
Trd, 4319798.743, 103
Trd, 4319800.043, 103
Trd, 4319801.143, 102
Trd, 4319803.293, 102
Trd, 4319803.893, 101
Trd, 4319804.593, 104
Trd, 4319804.893, 103
Trd, 4319805.843, 104
Trd, 4319807.543, 102
Trd, 4319808.793, 103
Trd, 4319811.943, 103
Trd, 4319812.193, 104
Trd, 4319815.093, 103
Trd, 4319815.743, 102
Trd, 4319816.743, 104
Trd, 4319816.993, 105
Trd, 4319817.943, 105
Trd, 4319820.293, 105
Trd, 4319823.543, 104
Trd, 4319825.343, 105
Trd, 4319827.243, 103
Trd, 4319827.343, 103
Trd, 4319828.443, 103
Trd, 4319829.793, 102
Trd, 4319830.143, 102
Trd, 4319831.943, 101
Trd, 4319833.493, 104
Trd, 4319834.593, 104
Trd, 4319835.843, 104
Trd, 4319836.393, 103
Trd, 4319839.943, 104
Trd, 4319840.093, 103
Trd, 4319840.893, 103
Trd, 4319842.193, 102
Trd, 4319842.643, 102
Trd, 4319842.943, 101
Trd, 4319845.343, 92
Trd, 4319845.393, 97
Trd, 4319847.443, 96
Trd, 4319849.043, 97
Trd, 4319851.243, 96
Trd, 4319852.443, 95
Trd, 4319853.893, 94
Trd, 4319854.293, 93
Trd, 4319855.593, 93
Trd, 4319856.493, 91
Trd, 4319857.543, 92
Trd, 4319860.193, 92
Trd, 4319862.543, 91
Trd, 4319863.493, 91
Trd, 4319864.093, 91
Trd, 4319864.893, 92
Trd, 4319868.343, 91
Trd, 4319869.243, 90
Trd, 4319869.743, 91
Trd, 4319871.893, 91
Trd, 4319872.093, 90
Trd, 4319874.193, 90
Trd, 4319878.543, 91
Trd, 4319880.493, 91
Trd, 4319881.743, 91
Trd, 4319884.093, 90
Trd, 4319884.793, 91
Trd, 4319885.993, 92
Trd, 4319886.543, 98
Trd, 4319887.293, 100
Trd, 4319888.943, 104
Trd, 4319889.143, 101
Trd, 4319890.943, 93
Trd, 4319891.743, 93
Trd, 4319892.843, 93
Trd, 4319895.193, 93
Trd, 4319896.843, 98
Trd, 4319897.093, 97
Trd, 4319897.693, 98
Trd, 4319899.193, 97
Trd, 4319899.793, 96
Trd, 4319901.243, 97
Trd, 4319904.543, 96
Trd, 4319906.143, 96
Trd, 4319907.193, 96
Trd, 4319908.293, 98
Trd, 4319911.743, 98
Trd, 4319914.943, 96
Trd, 4319915.443, 96
Trd, 4319915.643, 95
Trd, 4319916.943, 95
Trd, 4319918.443, 94
Trd, 4319919.893, 95
Trd, 4319923.293, 95
Trd, 4319925.693, 95
Trd, 4319927.193, 95
Trd, 4319928.443, 94
Trd, 4319931.093, 94
Trd, 4319931.943, 95
Trd, 4319936.143, 94
Trd, 4319936.943, 93
Trd, 4319937.043, 94
Trd, 4319939.793, 94
Trd, 4319941.643, 93
Trd, 4319946.593, 93
Trd, 4319946.743, 93
Trd, 4319948.693, 93
Trd, 4319951.693, 93
Trd, 4319954.743, 93
Trd, 4319955.493, 92
Trd, 4319955.543, 91
Trd, 4319958.243, 90
Trd, 4319958.943, 91
Trd, 4319959.143, 87
Trd, 4319961.143, 102
Trd, 4319961.443, 100
Trd, 4319964.043, 97
Trd, 4319964.793, 99
Trd, 4319965.843, 99
Trd, 4319967.393, 99
Trd, 4319968.893, 98
Trd, 4319969.143, 98
Trd, 4319970.893, 97
Trd, 4319973.443, 99
Trd, 4319973.543, 99
Trd, 4319973.593, 96
Trd, 4319975.693, 99
Trd, 4319977.043, 99
Trd, 4319977.793, 97
Trd, 4319978.293, 97
Trd, 4319978.493, 99
Trd, 4319980.993, 99
Trd, 4319981.743, 97
Trd, 4319983.443, 93
Trd, 4319984.193, 92
Trd, 4319984.643, 89
Trd, 4319985.743, 88
Trd, 4319986.143, 90
Trd, 4319988.443, 90
Trd, 4319990.943, 90
Trd, 4319991.543, 98
Trd, 4319992.943, 96
Trd, 4319993.443, 98
Trd, 4319993.843, 95
Trd, 4319994.493, 97
Trd, 4319996.143, 96
Trd, 4319999.293, 97
