Trd, 4317811.893, 99
Trd, 4317813.143, 100
Trd, 4317814.193, 95
Trd, 4317816.943, 85
Trd, 4317817.143, 88
Trd, 4317818.093, 89
Trd, 4317818.193, 95
Trd, 4317818.743, 97
Trd, 4317822.343, 95
Trd, 4317823.143, 96
Trd, 4317823.243, 96
Trd, 4317825.793, 95
Trd, 4317826.343, 101
Trd, 4317827.093, 101
Trd, 4317829.393, 94
Trd, 4317829.593, 97
Trd, 4317830.993, 106
Trd, 4317831.143, 100
Trd, 4317833.843, 95
Trd, 4317834.993, 91
Trd, 4317835.843, 90
Trd, 4317836.143, 88
Trd, 4317838.443, 96
Trd, 4317839.943, 91
Trd, 4317841.793, 94
Trd, 4317842.093, 95
Trd, 4317843.043, 94
Trd, 4317844.193, 90
Trd, 4317846.643, 91
Trd, 4317847.993, 92
Trd, 4317848.443, 94
Trd, 4317848.643, 95
Trd, 4317849.993, 93
Trd, 4317854.243, 94
Trd, 4317854.843, 94
Trd, 4317858.143, 91
Trd, 4317859.593, 93
Trd, 4317861.993, 95
Trd, 4317863.693, 90
Trd, 4317864.993, 95
Trd, 4317868.593, 93
Trd, 4317869.343, 95
Trd, 4317869.543, 95
Trd, 4317872.843, 95
Trd, 4317873.693, 95
Trd, 4317874.043, 103
Trd, 4317874.593, 100
Trd, 4317876.343, 97
Trd, 4317877.093, 98
Trd, 4317877.243, 113
Trd, 4317882.693, 97
Trd, 4317885.943, 101
Trd, 4317887.493, 101
Trd, 4317888.143, 101
Trd, 4317888.793, 97
Trd, 4317893.393, 97
Trd, 4317893.643, 101
Trd, 4317895.193, 100
Trd, 4317895.443, 97
Trd, 4317899.143, 100
Trd, 4317899.943, 100
Trd, 4317900.593, 98
Trd, 4317901.693, 97
Trd, 4317904.743, 99
Trd, 4317905.993, 91
Trd, 4317907.293, 94
Trd, 4317907.793, 95
Trd, 4317908.193, 95
Trd, 4317911.643, 94
Trd, 4317912.543, 95
Trd, 4317913.643, 95
Trd, 4317913.793, 94
Trd, 4317915.193, 95
Trd, 4317915.593, 86
Trd, 4317918.943, 95
Trd, 4317919.043, 95
Trd, 4317921.893, 92
Trd, 4317922.643, 86
Trd, 4317922.943, 89
Trd, 4317923.893, 95
Trd, 4317924.293, 90
Trd, 4317926.993, 89
Trd, 4317927.893, 113
Trd, 4317928.893, 103
Trd, 4317932.093, 98
Trd, 4317933.093, 91
Trd, 4317934.643, 99
Trd, 4317936.343, 94
Trd, 4317939.043, 94
Trd, 4317940.143, 96
Trd, 4317941.193, 95
Trd, 4317944.293, 94
Trd, 4317945.343, 95
Trd, 4317946.143, 93
Trd, 4317946.293, 110
Trd, 4317948.393, 105
Trd, 4317949.643, 98
Trd, 4317952.193, 99
Trd, 4317952.893, 94
Trd, 4317954.193, 98
Trd, 4317955.893, 98
Trd, 4317959.593, 97
Trd, 4317960.743, 98
Trd, 4317961.843, 98
Trd, 4317964.293, 113
Trd, 4317964.793, 96
Trd, 4317967.993, 96
Trd, 4317968.543, 99
Trd, 4317971.093, 98
Trd, 4317971.843, 103
Trd, 4317971.993, 94
Trd, 4317972.643, 114
Trd, 4317976.393, 101
Trd, 4317978.743, 98
Trd, 4317981.743, 97
Trd, 4317982.143, 101
Trd, 4317982.593, 101
Trd, 4317984.193, 101
Trd, 4317985.143, 96
Trd, 4317986.493, 95
Trd, 4317987.643, 100
Trd, 4317989.243, 96
Trd, 4317989.443, 101
Trd, 4317991.293, 100
Trd, 4317995.443, 100
Trd, 4317996.143, 97
Trd, 4317997.893, 100
Trd, 4318002.143, 100
Trd, 4318003.643, 97
Trd, 4318004.793, 96
Trd, 4318005.893, 94
Trd, 4318006.443, 100
Trd, 4318007.543, 95
Trd, 4318007.743, 100
Trd, 4318010.393, 96
Trd, 4318012.043, 97
Trd, 4318013.293, 97
Trd, 4318014.843, 96
Trd, 4318017.893, 94
Trd, 4318019.393, 96
Trd, 4318020.793, 113
Trd, 4318022.293, 94
Trd, 4318026.193, 94
Trd, 4318026.893, 99
Trd, 4318027.693, 94
Trd, 4318029.793, 99
Trd, 4318030.343, 99
Trd, 4318033.993, 93
Trd, 4318034.893, 99
Trd, 4318037.043, 100
Trd, 4318038.593, 99
Trd, 4318040.193, 103
Trd, 4318040.543, 103
Trd, 4318041.093, 102
Trd, 4318042.843, 112
Trd, 4318043.993, 105
Trd, 4318045.293, 99
Trd, 4318048.293, 100
Trd, 4318052.593, 102
Trd, 4318053.543, 105
Trd, 4318056.043, 103
Trd, 4318058.693, 105
Trd, 4318062.193, 104
Trd, 4318062.943, 100
Trd, 4318066.493, 100
Trd, 4318066.543, 93
Trd, 4318068.293, 97
Trd, 4318072.243, 100
Trd, 4318074.443, 99
Trd, 4318075.893, 100
Trd, 4318076.043, 94
Trd, 4318077.043, 100
Trd, 4318080.243, 100
Trd, 4318081.443, 95
Trd, 4318081.693, 94
Trd, 4318082.243, 95
Trd, 4318083.593, 96
Trd, 4318085.243, 110
Trd, 4318086.393, 98
Trd, 4318087.143, 95
Trd, 4318088.343, 97
Trd, 4318091.293, 96
Trd, 4318092.793, 99
Trd, 4318093.293, 99
Trd, 4318097.643, 99
Trd, 4318098.993, 99
Trd, 4318100.743, 97
Trd, 4318101.093, 95
Trd, 4318102.543, 97
Trd, 4318102.793, 98
Trd, 4318104.743, 94
Trd, 4318109.343, 98
Trd, 4318109.393, 94
Trd, 4318110.143, 98
Trd, 4318114.943, 93
Trd, 4318114.993, 96
Trd, 4318116.193, 95
Trd, 4318119.393, 94
Trd, 4318120.293, 92
Trd, 4318120.943, 103
Trd, 4318121.893, 103
Trd, 4318123.443, 99
Trd, 4318123.893, 113
Trd, 4318125.943, 105
Trd, 4318127.093, 86
Trd, 4318127.943, 94
Trd, 4318128.793, 95
Trd, 4318129.243, 81
Trd, 4318131.343, 87
Trd, 4318131.743, 87
Trd, 4318132.643, 86
Trd, 4318133.843, 85
Trd, 4318135.243, 95
Trd, 4318138.143, 84
Trd, 4318139.043, 88
Trd, 4318141.243, 89
Trd, 4318141.443, 95
Trd, 4318142.793, 87
Trd, 4318143.443, 87
Trd, 4318147.643, 86
Trd, 4318148.443, 87
Trd, 4318149.293, 87
Trd, 4318150.143, 90
Trd, 4318152.493, 95
Trd, 4318152.993, 93
Trd, 4318153.843, 93
Trd, 4318154.643, 98
Trd, 4318156.843, 102
Trd, 4318157.593, 97
Trd, 4318159.893, 97
Trd, 4318160.543, 94
Trd, 4318161.543, 103
Trd, 4318162.843, 98
Trd, 4318165.393, 101
Trd, 4318165.593, 101
Trd, 4318167.443, 100
Trd, 4318169.393, 99
Trd, 4318169.443, 101
Trd, 4318172.043, 97
Trd, 4318175.093, 97
Trd, 4318175.343, 100
Trd, 4318177.593, 100
Trd, 4318177.693, 100
Trd, 4318179.393, 100
Trd, 4318179.643, 96
Trd, 4318180.443, 94
Trd, 4318181.893, 100
Trd, 4318183.293, 94
Trd, 4318184.743, 99
Trd, 4318185.193, 94
Trd, 4318185.543, 99
Trd, 4318189.143, 99
Trd, 4318190.693, 93
Trd, 4318191.043, 99
Trd, 4318191.443, 99
Trd, 4318195.043, 95
Trd, 4318197.793, 98
Trd, 4318197.843, 98
Trd, 4318200.443, 94
Trd, 4318201.593, 95
Trd, 4318203.143, 95
Trd, 4318204.393, 96
Trd, 4318205.243, 103
Trd, 4318206.743, 97
Trd, 4318208.743, 96
Trd, 4318211.593, 97
Trd, 4318211.893, 98
Trd, 4318212.993, 96
Trd, 4318216.743, 97
Trd, 4318217.043, 95
Trd, 4318218.593, 97
Trd, 4318218.693, 97
Trd, 4318219.793, 94
Trd, 4318222.343, 93
Trd, 4318223.293, 97
Trd, 4318226.193, 97
Trd, 4318226.743, 96
Trd, 4318228.643, 96
Trd, 4318230.293, 96
Trd, 4318230.643, 93
Trd, 4318233.543, 96
Trd, 4318234.693, 95
Trd, 4318235.043, 93
Trd, 4318237.843, 93
Trd, 4318238.143, 92
Trd, 4318238.193, 95
Trd, 4318238.893, 113
Trd, 4318240.843, 97
Trd, 4318243.643, 97
Trd, 4318244.843, 99
Trd, 4318245.893, 95
Trd, 4318246.443, 97
Trd, 4318249.243, 97
Trd, 4318249.443, 98
Trd, 4318252.143, 101
Trd, 4318252.193, 113
Trd, 4318256.243, 102
Trd, 4318257.293, 99
Trd, 4318258.443, 94
Trd, 4318259.493, 98
Trd, 4318260.743, 97
Trd, 4318262.243, 94
Trd, 4318264.093, 98
Trd, 4318266.143, 96
Trd, 4318266.443, 94
Trd, 4318271.943, 96
Trd, 4318272.393, 96
Trd, 4318275.343, 95
Trd, 4318275.443, 94
Trd, 4318278.243, 96
Trd, 4318278.593, 93
Trd, 4318279.593, 95
Trd, 4318282.293, 94
Trd, 4318282.843, 94
Trd, 4318285.693, 93
Trd, 4318286.043, 94
Trd, 4318289.093, 95
Trd, 4318290.993, 93
Trd, 4318292.543, 94
Trd, 4318295.593, 94
Trd, 4318298.993, 92
Trd, 4318299.093, 94
Trd, 4318303.343, 94
Trd, 4318304.793, 94
Trd, 4318307.193, 92
Trd, 4318308.493, 92
Trd, 4318308.943, 94
Trd, 4318311.093, 93
Trd, 4318313.493, 91
Trd, 4318315.743, 95
Trd, 4318315.793, 90
Trd, 4318317.043, 92
Trd, 4318317.993, 98
Trd, 4318318.493, 95
Trd, 4318320.293, 94
Trd, 4318322.543, 95
Trd, 4318323.843, 95
Trd, 4318324.843, 101
Trd, 4318325.693, 99
Trd, 4318326.293, 95
Trd, 4318327.593, 95
Trd, 4318328.943, 98
Trd, 4318330.743, 94
Trd, 4318331.093, 93
Trd, 4318331.493, 94
Trd, 4318333.093, 113
Trd, 4318336.443, 94
Trd, 4318337.443, 96
Trd, 4318337.493, 114
Trd, 4318338.243, 101
Trd, 4318338.643, 92
Trd, 4318341.093, 93
Trd, 4318342.293, 101
Trd, 4318343.043, 96
Trd, 4318343.893, 101
Trd, 4318344.793, 102
Trd, 4318346.093, 95
Trd, 4318349.293, 101
Trd, 4318349.843, 101
Trd, 4318352.343, 94
Trd, 4318352.793, 101
Trd, 4318354.743, 101
Trd, 4318356.193, 101
Trd, 4318360.293, 101
Trd, 4318361.043, 96
Trd, 4318362.593, 93
Trd, 4318364.543, 101
Trd, 4318364.843, 101
Trd, 4318365.993, 101
Trd, 4318368.443, 97
Trd, 4318368.893, 98
Trd, 4318370.093, 110
Trd, 4318370.843, 106
Trd, 4318370.993, 97
Trd, 4318373.093, 108
Trd, 4318373.443, 106
Trd, 4318373.643, 101
Trd, 4318374.493, 99
Trd, 4318377.743, 100
Trd, 4318380.393, 104
Trd, 4318381.343, 98
Trd, 4318383.693, 97
Trd, 4318385.693, 99
Trd, 4318387.893, 97
Trd, 4318388.743, 95
Trd, 4318388.893, 94
Trd, 4318392.193, 96
Trd, 4318393.793, 93
Trd, 4318394.193, 97
Trd, 4318394.893, 93
Trd, 4318396.243, 93
Trd, 4318397.543, 95
Trd, 4318399.243, 94
Trd, 4318401.893, 95
Trd, 4318401.943, 96
Trd, 4318403.593, 96
Trd, 4318405.943, 95
Trd, 4318407.093, 93
Trd, 4318409.393, 94
Trd, 4318410.243, 95
Trd, 4318411.593, 95
Trd, 4318412.443, 92
Trd, 4318414.343, 95
Trd, 4318414.993, 99
Trd, 4318416.693, 96
Trd, 4318420.393, 105
Trd, 4318420.543, 101
Trd, 4318420.893, 104
Trd, 4318422.543, 102
Trd, 4318423.093, 100
Trd, 4318423.343, 93
Trd, 4318424.243, 101
Trd, 4318425.193, 99
Trd, 4318428.443, 105
Trd, 4318429.843, 100
Trd, 4318430.943, 100
Trd, 4318432.543, 100
Trd, 4318432.743, 94
Trd, 4318433.693, 100
Trd, 4318435.693, 101
Trd, 4318436.643, 101
Trd, 4318437.943, 80
Trd, 4318441.393, 96
Trd, 4318442.043, 96
Trd, 4318442.343, 97
Trd, 4318444.143, 98
Trd, 4318445.093, 94
Trd, 4318447.043, 97
Trd, 4318449.093, 98
Trd, 4318450.043, 98
Trd, 4318451.443, 98
Trd, 4318452.693, 97
Trd, 4318454.593, 98
Trd, 4318454.843, 97
Trd, 4318456.093, 98
Trd, 4318459.893, 98
Trd, 4318460.293, 96
Trd, 4318465.543, 94
Trd, 4318465.943, 98
Trd, 4318467.093, 95
Trd, 4318467.843, 98
Trd, 4318469.543, 98
Trd, 4318471.193, 98
Trd, 4318471.243, 95
Trd, 4318474.343, 94
Trd, 4318475.393, 97
Trd, 4318476.293, 96
Trd, 4318479.043, 96
Trd, 4318479.893, 96
Trd, 4318481.343, 94
Trd, 4318483.793, 93
Trd, 4318486.593, 94
Trd, 4318486.643, 95
Trd, 4318488.743, 92
Trd, 4318491.643, 91
Trd, 4318492.543, 94
Trd, 4318492.943, 90
Trd, 4318494.293, 94
Trd, 4318497.243, 89
Trd, 4318497.793, 94
Trd, 4318502.043, 94
Trd, 4318503.493, 94
Trd, 4318504.793, 89
Trd, 4318506.893, 94
Trd, 4318509.843, 94
Trd, 4318511.493, 88
Trd, 4318512.543, 94
Trd, 4318514.993, 87
Trd, 4318515.893, 94
Trd, 4318517.493, 95
Trd, 4318519.293, 87
Trd, 4318520.143, 94
Trd, 4318521.893, 88
Trd, 4318522.993, 93
Trd, 4318526.293, 93
Trd, 4318527.293, 92
Trd, 4318527.443, 95
Trd, 4318529.543, 97
Trd, 4318530.643, 94
Trd, 4318531.093, 95
Trd, 4318532.143, 93
Trd, 4318533.393, 95
Trd, 4318534.793, 92
Trd, 4318536.443, 95
Trd, 4318539.993, 91
Trd, 4318542.793, 90
Trd, 4318542.943, 94
Trd, 4318544.343, 93
Trd, 4318544.593, 94
Trd, 4318545.743, 105
Trd, 4318547.443, 96
Trd, 4318549.343, 99
Trd, 4318550.343, 100
Trd, 4318552.993, 98
Trd, 4318555.593, 97
Trd, 4318558.143, 97
Trd, 4318559.293, 96
Trd, 4318559.343, 97
Trd, 4318560.543, 98
Trd, 4318562.943, 95
Trd, 4318564.443, 98
Trd, 4318567.493, 98
Trd, 4318569.743, 99
Trd, 4318570.693, 96
Trd, 4318572.293, 98
Trd, 4318573.193, 99
Trd, 4318573.543, 99
Trd, 4318575.593, 94
Trd, 4318576.143, 99
Trd, 4318576.743, 99
Trd, 4318583.443, 94
Trd, 4318583.593, 98
Trd, 4318583.643, 93
Trd, 4318585.293, 98
Trd, 4318587.493, 98
Trd, 4318588.143, 96
Trd, 4318588.643, 80
Trd, 4318591.243, 98
Trd, 4318591.943, 99
Trd, 4318592.443, 94
Trd, 4318595.493, 104
Trd, 4318595.943, 93
Trd, 4318596.993, 95
Trd, 4318597.643, 102
Trd, 4318597.843, 98
Trd, 4318600.593, 96
Trd, 4318600.693, 98
Trd, 4318604.743, 102
Trd, 4318605.893, 101
Trd, 4318606.343, 108
Trd, 4318607.843, 108
Trd, 4318608.543, 104
Trd, 4318610.543, 104
Trd, 4318612.443, 104
Trd, 4318613.243, 111
Trd, 4318617.243, 106
Trd, 4318617.293, 94
Trd, 4318619.593, 107
Trd, 4318621.043, 97
Trd, 4318621.393, 102
Trd, 4318622.393, 97
Trd, 4318623.893, 102
Trd, 4318626.343, 102
Trd, 4318626.843, 114
Trd, 4318629.293, 104
Trd, 4318629.393, 94
Trd, 4318630.793, 105
Trd, 4318633.143, 100
Trd, 4318636.593, 86
Trd, 4318636.993, 98
Trd, 4318638.043, 98
Trd, 4318638.143, 104
Trd, 4318641.393, 100
Trd, 4318641.743, 101
Trd, 4318642.293, 99
Trd, 4318643.393, 82
Trd, 4318644.493, 97
Trd, 4318646.893, 93
Trd, 4318648.993, 95
Trd, 4318649.093, 95
Trd, 4318649.243, 91
Trd, 4318651.443, 108
Trd, 4318651.693, 100
Trd, 4318652.343, 84
Trd, 4318654.493, 99
Trd, 4318656.943, 101
Trd, 4318657.743, 122
Trd, 4318657.893, 111
Trd, 4318659.043, 92
Trd, 4318659.793, 103
Trd, 4318661.993, 104
Trd, 4318662.543, 105
Trd, 4318665.493, 104
Trd, 4318667.943, 103
Trd, 4318670.393, 103
Trd, 4318671.843, 102
Trd, 4318672.643, 103
Trd, 4318674.443, 101
Trd, 4318676.893, 101
Trd, 4318678.043, 102
Trd, 4318679.243, 99
Trd, 4318681.643, 102
Trd, 4318682.093, 100
Trd, 4318686.043, 101
Trd, 4318687.343, 99
Trd, 4318689.593, 98
Trd, 4318690.793, 98
Trd, 4318693.343, 100
Trd, 4318695.443, 99
Trd, 4318696.243, 98
Trd, 4318699.243, 95
Trd, 4318700.193, 93
Trd, 4318700.643, 96
Trd, 4318700.943, 95
Trd, 4318701.493, 113
Trd, 4318702.643, 114
Trd, 4318702.793, 92
Trd, 4318705.593, 102
Trd, 4318706.143, 102
Trd, 4318710.343, 94
Trd, 4318713.293, 93
Trd, 4318722.343, 97
Trd, 4318722.643, 101
Trd, 4318724.543, 101
Trd, 4318729.093, 99
Trd, 4318729.193, 94
Trd, 4318729.493, 99
Trd, 4318730.843, 94
Trd, 4318731.493, 92
Trd, 4318733.143, 94
Trd, 4318733.743, 94
Trd, 4318735.193, 93
Trd, 4318736.593, 95
Trd, 4318737.193, 91
Trd, 4318738.143, 95
Trd, 4318740.643, 95
Trd, 4318740.793, 92
Trd, 4318743.493, 101
Trd, 4318745.093, 95
Trd, 4318745.443, 114
Trd, 4318745.993, 101
Trd, 4318746.293, 92
Trd, 4318748.943, 102
Trd, 4318749.343, 102
Trd, 4318751.943, 103
Trd, 4318752.843, 106
Trd, 4318753.143, 98
Trd, 4318754.893, 102
Trd, 4318756.893, 103
Trd, 4318757.593, 104
Trd, 4318759.493, 102
Trd, 4318760.593, 103
Trd, 4318762.443, 100
Trd, 4318764.493, 99
Trd, 4318765.093, 103
Trd, 4318766.093, 103
Trd, 4318767.093, 102
Trd, 4318770.343, 102
Trd, 4318771.643, 98
Trd, 4318773.943, 102
Trd, 4318780.993, 101
Trd, 4318781.643, 101
Trd, 4318781.693, 101
Trd, 4318782.543, 101
Trd, 4318782.943, 98
Trd, 4318786.893, 101
Trd, 4318787.893, 101
Trd, 4318788.743, 96
Trd, 4318789.193, 113
Trd, 4318793.643, 98
Trd, 4318793.993, 103
Trd, 4318797.793, 103
Trd, 4318798.643, 97
Trd, 4318801.193, 96
Trd, 4318801.743, 103
Trd, 4318802.693, 103
Trd, 4318803.143, 103
Trd, 4318804.643, 101
Trd, 4318806.593, 101
Trd, 4318808.943, 102
Trd, 4318809.443, 99
Trd, 4318811.493, 97
Trd, 4318813.293, 100
Trd, 4318814.843, 101
Trd, 4318816.243, 97
Trd, 4318818.793, 99
Trd, 4318819.593, 99
Trd, 4318820.543, 98
Trd, 4318821.093, 95
Trd, 4318821.893, 99
Trd, 4318822.093, 95
Trd, 4318826.893, 94
Trd, 4318827.093, 98
Trd, 4318829.343, 93
Trd, 4318831.643, 98
Trd, 4318831.993, 98
Trd, 4318835.143, 98
Trd, 4318836.843, 96
Trd, 4318839.143, 96
Trd, 4318839.493, 98
Trd, 4318843.043, 96
Trd, 4318847.693, 96
Trd, 4318847.893, 95
Trd, 4318848.893, 96
Trd, 4318849.293, 96
Trd, 4318851.043, 96
Trd, 4318851.393, 94
Trd, 4318852.793, 93
Trd, 4318855.843, 96
Trd, 4318857.193, 91
Trd, 4318859.043, 95
Trd, 4318860.093, 92
Trd, 4318860.793, 90
Trd, 4318861.743, 95
Trd, 4318866.293, 91
Trd, 4318866.393, 93
Trd, 4318867.693, 93
Trd, 4318868.193, 95
Trd, 4318871.293, 90
Trd, 4318872.593, 112
Trd, 4318873.593, 99
Trd, 4318873.843, 113
Trd, 4318873.943, 98
Trd, 4318878.843, 102
Trd, 4318879.593, 102
Trd, 4318880.343, 99
Trd, 4318887.543, 101
Trd, 4318888.393, 98
Trd, 4318888.793, 100
Trd, 4318891.943, 99
Trd, 4318892.943, 94
Trd, 4318893.743, 98
Trd, 4318898.143, 96
Trd, 4318898.243, 98
Trd, 4318899.543, 98
Trd, 4318899.943, 99
Trd, 4318900.143, 96
Trd, 4318905.293, 99
Trd, 4318907.993, 95
Trd, 4318909.593, 99
Trd, 4318912.493, 99
Trd, 4318913.193, 94
Trd, 4318919.093, 99
Trd, 4318919.643, 93
Trd, 4318920.393, 99
Trd, 4318920.693, 93
Trd, 4318922.393, 99
Trd, 4318924.143, 92
Trd, 4318926.693, 95
Trd, 4318926.793, 96
Trd, 4318927.993, 92
Trd, 4318928.343, 96
Trd, 4318932.593, 91
Trd, 4318933.093, 100
Trd, 4318934.093, 100
Trd, 4318934.793, 113
Trd, 4318936.393, 101
Trd, 4318937.043, 101
Trd, 4318938.493, 101
Trd, 4318940.643, 100
Trd, 4318943.793, 101
Trd, 4318945.543, 99
Trd, 4318947.293, 101
Trd, 4318948.343, 98
Trd, 4318950.493, 101
Trd, 4318953.593, 101
Trd, 4318953.693, 98
Trd, 4318957.593, 101
Trd, 4318958.193, 96
Trd, 4318960.543, 101
Trd, 4318962.293, 95
Trd, 4318964.293, 100
Trd, 4318964.493, 95
Trd, 4318965.193, 100
Trd, 4318967.493, 99
Trd, 4318970.043, 94
Trd, 4318970.993, 99
Trd, 4318972.493, 93
Trd, 4318972.743, 99
Trd, 4318974.143, 99
Trd, 4318976.393, 98
Trd, 4318980.993, 92
Trd, 4318981.643, 97
Trd, 4318983.793, 97
Trd, 4318985.043, 98
Trd, 4318985.293, 97
Trd, 4318986.043, 95
Trd, 4318988.443, 98
Trd, 4318989.743, 96
Trd, 4318992.493, 96
Trd, 4318995.343, 95
Trd, 4318995.493, 95
Trd, 4318996.193, 94
Trd, 4318997.443, 93
Trd, 4318998.743, 80
Trd, 4318999.043, 88
Trd, 4318999.893, 90
Trd, 4319002.293, 95
Trd, 4319002.543, 90
Trd, 4319005.893, 94
Trd, 4319007.643, 95
Trd, 4319008.643, 93
Trd, 4319009.593, 93
Trd, 4319012.743, 93
Trd, 4319014.043, 94
Trd, 4319014.893, 94
Trd, 4319015.493, 94
Trd, 4319016.343, 96
Trd, 4319019.243, 100
Trd, 4319019.743, 106
Trd, 4319020.243, 104
Trd, 4319022.543, 100
Trd, 4319022.893, 101
Trd, 4319025.693, 97
Trd, 4319027.043, 94
Trd, 4319027.493, 95
Trd, 4319028.843, 83
Trd, 4319029.143, 93
Trd, 4319030.293, 113
Trd, 4319031.893, 98
Trd, 4319033.243, 94
Trd, 4319034.343, 80
Trd, 4319035.893, 95
Trd, 4319037.193, 95
Trd, 4319040.993, 101
Trd, 4319041.793, 113
Trd, 4319042.693, 94
Trd, 4319044.343, 100
Trd, 4319046.393, 100
Trd, 4319048.793, 100
Trd, 4319049.943, 98
Trd, 4319050.993, 100
Trd, 4319053.893, 99
Trd, 4319053.993, 96
Trd, 4319055.293, 94
Trd, 4319056.843, 88
Trd, 4319057.293, 89
Trd, 4319058.093, 105
Trd, 4319058.443, 94
Trd, 4319060.493, 98
Trd, 4319061.793, 99
Trd, 4319062.693, 96
Trd, 4319063.193, 95
Trd, 4319063.843, 98
Trd, 4319066.293, 93
Trd, 4319067.943, 98
Trd, 4319069.843, 96
Trd, 4319070.643, 97
Trd, 4319075.043, 96
Trd, 4319075.643, 98
Trd, 4319076.793, 102
Trd, 4319078.143, 98
Trd, 4319078.443, 68
Trd, 4319079.443, 101
Trd, 4319080.393, 92
Trd, 4319080.693, 97
Trd, 4319081.943, 113
Trd, 4319084.643, 108
Trd, 4319085.243, 102
Trd, 4319089.243, 98
Trd, 4319090.543, 101
Trd, 4319092.843, 99
Trd, 4319094.343, 100
Trd, 4319095.743, 100
Trd, 4319097.293, 94
Trd, 4319097.943, 99
Trd, 4319098.943, 97
Trd, 4319100.643, 96
Trd, 4319101.443, 100
Trd, 4319103.893, 94
Trd, 4319106.993, 99
Trd, 4319109.043, 99
Trd, 4319110.943, 95
Trd, 4319115.893, 99
Trd, 4319118.693, 95
Trd, 4319120.343, 99
Trd, 4319122.343, 96
Trd, 4319125.993, 99
Trd, 4319126.543, 99
Trd, 4319127.243, 109
Trd, 4319128.493, 101
Trd, 4319130.193, 101
Trd, 4319132.043, 98
Trd, 4319132.193, 101
Trd, 4319133.693, 101
Trd, 4319133.943, 97
Trd, 4319136.993, 101
Trd, 4319137.743, 101
Trd, 4319141.793, 97
Trd, 4319142.193, 97
Trd, 4319143.143, 101
Trd, 4319144.343, 100
Trd, 4319144.893, 102
Trd, 4319145.893, 96
Trd, 4319146.443, 95
Trd, 4319147.393, 102
Trd, 4319151.043, 102
Trd, 4319151.793, 99
Trd, 4319151.993, 94
Trd, 4319154.193, 102
Trd, 4319155.343, 96
Trd, 4319160.593, 96
Trd, 4319162.543, 96
Trd, 4319162.643, 95
Trd, 4319163.743, 104
Trd, 4319166.543, 109
Trd, 4319167.093, 105
Trd, 4319170.693, 101
Trd, 4319172.243, 100
Trd, 4319172.743, 101
Trd, 4319174.343, 99
Trd, 4319174.493, 100
Trd, 4319175.093, 99
Trd, 4319178.793, 103
Trd, 4319179.843, 107
Trd, 4319180.093, 106
Trd, 4319181.393, 101
Trd, 4319186.093, 102
Trd, 4319188.293, 101
Trd, 4319189.143, 102
Trd, 4319189.893, 101
Trd, 4319191.643, 102
Trd, 4319195.543, 101
Trd, 4319196.743, 101
Trd, 4319197.393, 102
Trd, 4319202.143, 100
Trd, 4319203.343, 102
Trd, 4319204.793, 102
Trd, 4319208.243, 101
Trd, 4319209.443, 102
Trd, 4319209.893, 99
Trd, 4319212.543, 102
Trd, 4319212.943, 99
Trd, 4319214.793, 101
Trd, 4319215.243, 98
Trd, 4319218.093, 101
Trd, 4319224.793, 99
Trd, 4319226.193, 98
Trd, 4319227.893, 97
Trd, 4319229.093, 99
Trd, 4319230.793, 96
Trd, 4319231.243, 99
Trd, 4319236.393, 99
Trd, 4319241.743, 95
Trd, 4319244.593, 98
Trd, 4319244.793, 98
Trd, 4319249.043, 97
Trd, 4319250.593, 94
Trd, 4319254.143, 97
Trd, 4319255.943, 94
Trd, 4319256.343, 97
Trd, 4319257.193, 97
Trd, 4319257.993, 93
Trd, 4319259.793, 92
Trd, 4319262.843, 91
Trd, 4319263.243, 97
Trd, 4319265.143, 97
Trd, 4319268.193, 97
Trd, 4319268.343, 98
Trd, 4319268.843, 95
Trd, 4319272.693, 98
Trd, 4319273.693, 94
Trd, 4319276.993, 98
Trd, 4319277.993, 98
Trd, 4319278.993, 98
Trd, 4319281.443, 98
Trd, 4319283.093, 93
Trd, 4319283.793, 98
Trd, 4319284.693, 99
Trd, 4319285.243, 102
Trd, 4319286.043, 101
Trd, 4319288.343, 94
Trd, 4319289.093, 98
Trd, 4319294.693, 94
Trd, 4319297.793, 98
Trd, 4319299.193, 98
Trd, 4319302.443, 98
Trd, 4319303.243, 94
Trd, 4319304.243, 95
Trd, 4319308.243, 94
Trd, 4319308.943, 113
Trd, 4319309.593, 98
Trd, 4319310.543, 93
Trd, 4319315.143, 93
Trd, 4319316.443, 98
Trd, 4319317.493, 98
Trd, 4319318.593, 92
Trd, 4319324.193, 96
Trd, 4319325.093, 99
Trd, 4319326.293, 102
Trd, 4319327.293, 102
Trd, 4319327.443, 98
Trd, 4319330.193, 98
Trd, 4319330.443, 113
Trd, 4319332.693, 97
Trd, 4319338.643, 97
Trd, 4319341.493, 100
Trd, 4319342.093, 97
Trd, 4319344.143, 100
Trd, 4319344.693, 100
Trd, 4319345.693, 100
Trd, 4319347.343, 100
Trd, 4319347.793, 98
Trd, 4319350.993, 94
Trd, 4319353.143, 100
Trd, 4319354.143, 100
Trd, 4319355.493, 100
Trd, 4319356.393, 96
Trd, 4319358.743, 99
Trd, 4319361.993, 95
Trd, 4319363.293, 94
Trd, 4319365.143, 99
Trd, 4319366.893, 98
Trd, 4319369.543, 98
Trd, 4319372.293, 98
Trd, 4319372.443, 93
Trd, 4319373.293, 92
Trd, 4319373.993, 98
Trd, 4319374.793, 107
Trd, 4319376.443, 107
Trd, 4319379.093, 102
Trd, 4319379.193, 98
Trd, 4319379.543, 105
Trd, 4319382.993, 103
Trd, 4319384.243, 99
Trd, 4319384.943, 98
Trd, 4319386.043, 103
Trd, 4319388.393, 101
Trd, 4319389.943, 97
Trd, 4319392.343, 101
Trd, 4319395.043, 100
Trd, 4319397.193, 96
Trd, 4319397.293, 94
Trd, 4319398.293, 100
Trd, 4319400.043, 95
Trd, 4319400.693, 100
Trd, 4319402.793, 100
Trd, 4319404.593, 99
Trd, 4319408.093, 99
Trd, 4319409.193, 99
Trd, 4319409.843, 94
Trd, 4319411.643, 95
Trd, 4319412.643, 96
Trd, 4319412.693, 96
Trd, 4319415.393, 97
Trd, 4319417.393, 99
Trd, 4319417.493, 98
Trd, 4319420.493, 114
Trd, 4319421.543, 100
Trd, 4319421.643, 105
Trd, 4319422.893, 102
Trd, 4319425.093, 100
Trd, 4319426.943, 102
Trd, 4319428.543, 99
Trd, 4319429.493, 100
Trd, 4319431.643, 94
Trd, 4319432.393, 100
Trd, 4319433.443, 97
Trd, 4319433.593, 93
Trd, 4319438.193, 96
Trd, 4319438.993, 98
Trd, 4319439.693, 93
Trd, 4319439.843, 97
Trd, 4319444.343, 96
Trd, 4319445.793, 95
Trd, 4319447.793, 96
Trd, 4319448.693, 96
Trd, 4319448.843, 92
Trd, 4319449.893, 96
Trd, 4319453.943, 94
Trd, 4319456.393, 96
Trd, 4319456.593, 96
Trd, 4319458.043, 96
Trd, 4319458.543, 122
Trd, 4319458.793, 97
Trd, 4319459.043, 106
Trd, 4319465.193, 102
Trd, 4319466.493, 99
Trd, 4319466.543, 102
Trd, 4319467.793, 102
Trd, 4319471.293, 101
Trd, 4319474.493, 101
Trd, 4319475.143, 100
Trd, 4319475.893, 102
Trd, 4319476.943, 99
Trd, 4319477.943, 101
Trd, 4319479.493, 102
Trd, 4319482.893, 98
Trd, 4319486.093, 101
Trd, 4319487.243, 101
Trd, 4319489.093, 96
Trd, 4319492.143, 101
Trd, 4319492.493, 96
Trd, 4319494.343, 102
Trd, 4319495.493, 98
Trd, 4319496.593, 97
Trd, 4319497.793, 94
Trd, 4319499.143, 94
Trd, 4319500.193, 97
Trd, 4319502.993, 102
Trd, 4319504.343, 99
Trd, 4319505.393, 100
Trd, 4319507.193, 100
Trd, 4319510.493, 99
Trd, 4319511.643, 100
Trd, 4319513.043, 100
Trd, 4319515.643, 100
Trd, 4319516.793, 100
Trd, 4319517.343, 103
Trd, 4319520.143, 95
Trd, 4319522.243, 102
Trd, 4319523.193, 103
Trd, 4319524.043, 102
Trd, 4319526.393, 94
Trd, 4319527.293, 99
Trd, 4319527.643, 101
Trd, 4319529.693, 101
Trd, 4319529.993, 100
Trd, 4319531.543, 94
Trd, 4319533.643, 98
Trd, 4319534.743, 98
Trd, 4319536.543, 102
Trd, 4319537.443, 99
Trd, 4319538.843, 99
Trd, 4319541.793, 99
Trd, 4319541.843, 100
Trd, 4319543.943, 99
Trd, 4319545.493, 105
Trd, 4319545.543, 100
Trd, 4319545.893, 117
Trd, 4319550.793, 103
Trd, 4319555.793, 102
Trd, 4319557.543, 103
Trd, 4319557.943, 101
Trd, 4319558.443, 103
Trd, 4319560.243, 100
Trd, 4319562.543, 101
Trd, 4319565.143, 101
Trd, 4319566.843, 101
Trd, 4319566.943, 100
Trd, 4319567.643, 99
Trd, 4319569.143, 96
Trd, 4319569.893, 98
Trd, 4319570.643, 96
Trd, 4319570.993, 94
Trd, 4319573.743, 96
Trd, 4319574.493, 96
Trd, 4319574.693, 96
Trd, 4319575.193, 97
Trd, 4319576.793, 102
Trd, 4319578.843, 99
Trd, 4319580.293, 98
Trd, 4319581.693, 94
Trd, 4319581.943, 98
Trd, 4319583.993, 95
Trd, 4319585.193, 93
Trd, 4319586.043, 96
Trd, 4319587.543, 96
Trd, 4319589.443, 96
Trd, 4319591.593, 96
Trd, 4319592.843, 97
Trd, 4319593.443, 97
Trd, 4319595.543, 94
Trd, 4319597.943, 96
Trd, 4319598.393, 95
Trd, 4319601.293, 96
Trd, 4319607.193, 95
Trd, 4319608.643, 95
Trd, 4319608.993, 95
Trd, 4319611.793, 94
Trd, 4319613.343, 93
Trd, 4319615.943, 92
Trd, 4319616.243, 95
Trd, 4319618.343, 95
Trd, 4319620.043, 92
Trd, 4319621.043, 95
Trd, 4319621.743, 95
Trd, 4319622.343, 93
Trd, 4319623.543, 94
Trd, 4319625.093, 118
Trd, 4319626.693, 104
Trd, 4319627.043, 102
Trd, 4319628.093, 94
Trd, 4319628.493, 101
Trd, 4319628.793, 103
Trd, 4319632.093, 105
Trd, 4319633.043, 103
Trd, 4319633.543, 94
Trd, 4319634.293, 104
Trd, 4319636.793, 99
Trd, 4319638.143, 103
Trd, 4319639.143, 102
Trd, 4319640.693, 103
Trd, 4319642.793, 97
Trd, 4319645.093, 103
Trd, 4319645.843, 103
Trd, 4319646.943, 103
Trd, 4319649.093, 108
Trd, 4319650.693, 106
Trd, 4319651.493, 103
Trd, 4319651.693, 110
Trd, 4319652.193, 110
Trd, 4319655.343, 107
Trd, 4319656.043, 105
Trd, 4319656.993, 94
Trd, 4319658.043, 105
Trd, 4319661.093, 86
Trd, 4319661.243, 91
Trd, 4319661.493, 98
Trd, 4319664.193, 111
Trd, 4319664.393, 107
Trd, 4319664.693, 115
Trd, 4319664.993, 114
Trd, 4319667.243, 107
Trd, 4319668.393, 108
Trd, 4319669.893, 94
Trd, 4319671.593, 106
Trd, 4319675.543, 105
Trd, 4319676.393, 105
Trd, 4319677.593, 106
Trd, 4319679.693, 101
Trd, 4319680.543, 101
Trd, 4319683.293, 100
Trd, 4319683.443, 99
Trd, 4319684.443, 94
Trd, 4319685.693, 101
Trd, 4319686.593, 100
Trd, 4319688.893, 113
Trd, 4319689.943, 100
Trd, 4319690.243, 104
Trd, 4319692.393, 101
Trd, 4319692.793, 101
Trd, 4319694.443, 99
Trd, 4319698.943, 101
Trd, 4319699.743, 101
Trd, 4319699.843, 98
Trd, 4319700.943, 101
Trd, 4319702.993, 100
Trd, 4319703.443, 113
Trd, 4319704.343, 105
Trd, 4319704.543, 101
Trd, 4319706.643, 101
Trd, 4319707.143, 106
Trd, 4319708.393, 94
Trd, 4319711.693, 104
Trd, 4319712.643, 102
Trd, 4319715.343, 101
Trd, 4319717.343, 105
Trd, 4319718.143, 100
Trd, 4319720.093, 107
Trd, 4319723.493, 104
Trd, 4319724.893, 101
Trd, 4319726.193, 103
Trd, 4319729.043, 100
Trd, 4319729.393, 93
Trd, 4319729.593, 103
Trd, 4319730.543, 100
Trd, 4319732.893, 100
Trd, 4319735.593, 99
Trd, 4319735.843, 100
Trd, 4319737.193, 96
Trd, 4319740.543, 100
Trd, 4319741.393, 97
Trd, 4319742.393, 97
Trd, 4319742.443, 94
Trd, 4319748.943, 100
Trd, 4319750.643, 100
Trd, 4319750.693, 101
Trd, 4319751.393, 95
Trd, 4319754.693, 100
Trd, 4319755.393, 105
Trd, 4319757.193, 101
Trd, 4319758.043, 100
Trd, 4319759.043, 100
Trd, 4319759.243, 100
Trd, 4319760.743, 100
Trd, 4319761.593, 97
Trd, 4319763.843, 94
Trd, 4319764.493, 93
Trd, 4319765.643, 95
Trd, 4319766.693, 94
Trd, 4319767.143, 85
Trd, 4319768.443, 94
Trd, 4319770.293, 98
Trd, 4319772.093, 108
Trd, 4319774.293, 100
Trd, 4319774.993, 101
Trd, 4319776.943, 94
Trd, 4319777.343, 113
Trd, 4319779.543, 129
Trd, 4319782.043, 107
Trd, 4319782.643, 99
Trd, 4319782.993, 92
Trd, 4319784.243, 90
Trd, 4319784.443, 102
Trd, 4319786.593, 95
Trd, 4319787.843, 96
Trd, 4319789.493, 96
Trd, 4319790.543, 96
Trd, 4319791.893, 96
Trd, 4319794.793, 96
Trd, 4319795.093, 94
Trd, 4319795.643, 96
Trd, 4319796.093, 95
Trd, 4319796.593, 100
Trd, 4319798.943, 97
Trd, 4319799.643, 94
Trd, 4319800.543, 94
Trd, 4319801.743, 98
Trd, 4319802.243, 94
Trd, 4319804.943, 98
Trd, 4319805.093, 97
Trd, 4319806.893, 108
Trd, 4319807.893, 104
Trd, 4319808.293, 101
Trd, 4319811.593, 101
Trd, 4319812.643, 103
Trd, 4319814.793, 99
Trd, 4319815.443, 99
Trd, 4319816.443, 93
Trd, 4319817.593, 98
Trd, 4319819.993, 102
Trd, 4319821.093, 99
Trd, 4319821.143, 100
Trd, 4319822.743, 111
Trd, 4319823.793, 92
Trd, 4319824.343, 97
Trd, 4319827.443, 97
Trd, 4319828.193, 97
Trd, 4319829.943, 97
Trd, 4319831.543, 99
Trd, 4319832.243, 99
Trd, 4319834.343, 99
Trd, 4319835.043, 99
Trd, 4319836.943, 98
Trd, 4319839.343, 99
Trd, 4319839.493, 97
Trd, 4319840.243, 96
Trd, 4319841.893, 98
Trd, 4319842.143, 107
Trd, 4319846.143, 101
Trd, 4319846.193, 101
Trd, 4319848.343, 96
Trd, 4319852.193, 99
Trd, 4319853.743, 98
Trd, 4319854.143, 99
Trd, 4319856.793, 98
Trd, 4319857.143, 97
Trd, 4319858.893, 94
Trd, 4319859.443, 87
Trd, 4319860.043, 91
Trd, 4319862.093, 91
Trd, 4319863.543, 94
Trd, 4319864.893, 72
Trd, 4319866.193, 98
Trd, 4319868.943, 92
Trd, 4319872.593, 91
Trd, 4319873.093, 92
Trd, 4319873.493, 92
Trd, 4319874.743, 102
Trd, 4319875.993, 98
Trd, 4319876.543, 96
Trd, 4319876.993, 97
Trd, 4319879.943, 96
Trd, 4319880.343, 98
Trd, 4319881.543, 113
Trd, 4319886.893, 96
Trd, 4319887.493, 101
Trd, 4319890.143, 100
Trd, 4319891.043, 97
Trd, 4319892.943, 100
Trd, 4319898.743, 95
Trd, 4319898.793, 100
Trd, 4319899.793, 96
Trd, 4319900.143, 100
Trd, 4319900.443, 94
Trd, 4319904.543, 99
Trd, 4319905.393, 99
Trd, 4319906.793, 94
Trd, 4319906.943, 99
Trd, 4319907.543, 99
Trd, 4319913.393, 94
Trd, 4319915.393, 96
Trd, 4319916.993, 93
Trd, 4319919.693, 96
Trd, 4319922.593, 96
Trd, 4319923.493, 96
Trd, 4319923.543, 92
Trd, 4319925.043, 96
Trd, 4319927.393, 95
Trd, 4319930.143, 91
Trd, 4319932.993, 91
Trd, 4319933.543, 90
Trd, 4319936.693, 94
Trd, 4319937.843, 94
Trd, 4319939.293, 95
Trd, 4319940.243, 95
Trd, 4319941.293, 96
Trd, 4319941.943, 94
Trd, 4319943.043, 93
Trd, 4319945.293, 95
Trd, 4319945.643, 95
Trd, 4319945.943, 96
Trd, 4319950.343, 95
Trd, 4319951.093, 94
Trd, 4319951.943, 92
Trd, 4319952.393, 92
Trd, 4319954.593, 94
Trd, 4319955.393, 91
Trd, 4319958.443, 93
Trd, 4319958.893, 95
Trd, 4319963.443, 93
Trd, 4319965.143, 93
Trd, 4319965.943, 90
Trd, 4319966.743, 97
Trd, 4319968.493, 96
Trd, 4319969.793, 94
Trd, 4319971.243, 97
Trd, 4319972.743, 84
Trd, 4319975.193, 97
Trd, 4319975.993, 96
Trd, 4319977.043, 98
Trd, 4319978.193, 97
Trd, 4319978.843, 94
Trd, 4319981.943, 97
Trd, 4319983.893, 95
Trd, 4319984.093, 97
Trd, 4319988.193, 96
Trd, 4319989.093, 94
Trd, 4319990.593, 95
Trd, 4319990.943, 95
Trd, 4319994.193, 95
Trd, 4319994.543, 94
Trd, 4319994.593, 95
Trd, 4319995.543, 94
Trd, 4319996.843, 94
Trd, 4319997.543, 93
Trd, 4319998.593, 95
Trd, 4319999.543, 95
