Trd, 4317861.243, 100
Trd, 4317862.393, 97
Trd, 4317863.893, 97
Trd, 4317864.843, 101
Trd, 4317866.443, 94
Trd, 4317869.393, 95
Trd, 4317869.593, 95
Trd, 4317870.493, 95
Trd, 4317871.943, 94
Trd, 4317873.893, 93
Trd, 4317874.743, 90
Trd, 4317874.943, 95
Trd, 4317876.543, 92
Trd, 4317879.043, 102
Trd, 4317879.143, 99
Trd, 4317880.693, 99
Trd, 4317882.193, 103
Trd, 4317887.493, 101
Trd, 4317889.643, 100
Trd, 4317890.493, 100
Trd, 4317892.043, 100
Trd, 4317893.193, 99
Trd, 4317895.843, 99
Trd, 4317896.443, 94
Trd, 4317897.843, 96
Trd, 4317898.943, 97
Trd, 4317900.643, 100
Trd, 4317901.243, 96
Trd, 4317902.593, 101
Trd, 4317904.693, 97
Trd, 4317905.393, 99
Trd, 4317907.693, 103
Trd, 4317910.243, 101
Trd, 4317910.793, 100
Trd, 4317911.893, 102
Trd, 4317912.693, 99
Trd, 4317913.743, 104
Trd, 4317914.743, 96
Trd, 4317915.493, 95
Trd, 4317915.693, 94
Trd, 4317916.543, 95
Trd, 4317918.493, 106
Trd, 4317922.593, 98
Trd, 4317923.243, 97
Trd, 4317923.293, 96
Trd, 4317925.793, 95
Trd, 4317925.943, 96
Trd, 4317926.043, 100
Trd, 4317928.043, 106
Trd, 4317930.443, 101
Trd, 4317932.843, 101
Trd, 4317933.593, 101
Trd, 4317935.193, 104
Trd, 4317938.243, 106
Trd, 4317938.643, 109
Trd, 4317939.693, 104
Trd, 4317939.993, 104
Trd, 4317940.743, 104
Trd, 4317941.293, 104
Trd, 4317942.693, 102
Trd, 4317944.093, 102
Trd, 4317945.093, 94
Trd, 4317946.443, 95
Trd, 4317947.043, 93
Trd, 4317949.393, 100
Trd, 4317951.193, 96
Trd, 4317951.243, 96
Trd, 4317952.643, 94
Trd, 4317954.293, 93
Trd, 4317955.043, 94
Trd, 4317955.643, 94
Trd, 4317955.993, 95
Trd, 4317958.143, 96
Trd, 4317959.943, 98
Trd, 4317960.293, 96
Trd, 4317961.393, 96
Trd, 4317961.593, 96
Trd, 4317963.793, 95
Trd, 4317964.243, 94
Trd, 4317964.443, 98
Trd, 4317966.943, 95
Trd, 4317969.043, 94
Trd, 4317970.743, 93
Trd, 4317971.443, 94
Trd, 4317971.593, 93
Trd, 4317974.543, 93
Trd, 4317974.693, 94
Trd, 4317975.793, 93
Trd, 4317976.943, 95
Trd, 4317979.893, 96
Trd, 4317981.143, 95
Trd, 4317981.493, 94
Trd, 4317984.943, 95
Trd, 4317985.193, 94
Trd, 4317986.843, 96
Trd, 4317987.693, 92
Trd, 4317988.693, 95
Trd, 4317989.893, 98
Trd, 4317991.193, 99
Trd, 4317991.393, 98
Trd, 4317992.743, 99
Trd, 4317994.293, 98
Trd, 4317997.093, 100
Trd, 4317997.743, 101
Trd, 4317998.543, 99
Trd, 4317999.993, 102
Trd, 4318001.843, 99
Trd, 4318002.493, 100
Trd, 4318002.943, 99
Trd, 4318003.893, 98
Trd, 4318004.843, 97
Trd, 4318006.743, 97
Trd, 4318007.243, 96
Trd, 4318008.793, 96
Trd, 4318011.193, 110
Trd, 4318012.993, 99
Trd, 4318014.343, 98
Trd, 4318015.293, 98
Trd, 4318016.993, 96
Trd, 4318018.593, 101
Trd, 4318021.493, 101
Trd, 4318023.143, 102
Trd, 4318023.193, 101
Trd, 4318024.493, 102
Trd, 4318026.693, 99
Trd, 4318027.543, 97
Trd, 4318027.743, 98
Trd, 4318029.193, 99
Trd, 4318030.793, 97
Trd, 4318031.493, 96
Trd, 4318032.093, 94
Trd, 4318033.043, 93
Trd, 4318034.043, 94
Trd, 4318037.393, 98
Trd, 4318038.043, 97
Trd, 4318038.843, 95
Trd, 4318039.343, 95
Trd, 4318040.343, 95
Trd, 4318041.793, 95
Trd, 4318043.843, 95
Trd, 4318046.543, 95
Trd, 4318046.693, 95
Trd, 4318046.893, 95
Trd, 4318051.093, 96
Trd, 4318051.343, 95
Trd, 4318052.143, 95
Trd, 4318052.643, 94
Trd, 4318054.043, 103
Trd, 4318055.443, 99
Trd, 4318055.693, 100
Trd, 4318058.893, 102
Trd, 4318061.993, 99
Trd, 4318063.543, 98
Trd, 4318064.193, 99
Trd, 4318064.393, 102
Trd, 4318065.793, 98
Trd, 4318068.843, 97
Trd, 4318070.593, 94
Trd, 4318070.993, 95
Trd, 4318072.343, 93
Trd, 4318072.643, 95
Trd, 4318074.193, 94
Trd, 4318074.843, 93
Trd, 4318076.443, 93
Trd, 4318078.043, 94
Trd, 4318080.943, 93
Trd, 4318082.293, 93
Trd, 4318083.693, 94
Trd, 4318083.793, 92
Trd, 4318084.643, 102
Trd, 4318088.143, 97
Trd, 4318088.393, 98
Trd, 4318090.043, 99
Trd, 4318091.543, 99
Trd, 4318094.143, 94
Trd, 4318094.193, 96
Trd, 4318096.643, 95
Trd, 4318097.643, 110
Trd, 4318099.293, 95
Trd, 4318100.493, 108
Trd, 4318102.343, 102
Trd, 4318104.343, 104
Trd, 4318104.993, 102
Trd, 4318106.493, 97
Trd, 4318107.793, 97
Trd, 4318107.843, 105
Trd, 4318111.093, 112
Trd, 4318112.243, 105
Trd, 4318112.993, 104
Trd, 4318114.493, 105
Trd, 4318117.243, 103
Trd, 4318117.543, 102
Trd, 4318119.343, 99
Trd, 4318119.943, 98
Trd, 4318121.893, 96
Trd, 4318122.793, 96
Trd, 4318124.893, 97
Trd, 4318127.743, 99
Trd, 4318127.993, 99
Trd, 4318128.293, 99
Trd, 4318128.893, 99
Trd, 4318133.893, 105
Trd, 4318134.693, 103
Trd, 4318135.243, 103
Trd, 4318136.343, 103
Trd, 4318136.643, 102
Trd, 4318139.143, 101
Trd, 4318139.993, 98
Trd, 4318140.243, 99
Trd, 4318142.743, 99
Trd, 4318145.243, 101
Trd, 4318146.643, 102
Trd, 4318147.743, 101
Trd, 4318148.543, 102
Trd, 4318149.093, 102
Trd, 4318150.793, 103
Trd, 4318152.393, 101
Trd, 4318154.343, 100
Trd, 4318154.943, 99
Trd, 4318155.243, 104
Trd, 4318158.243, 99
Trd, 4318159.093, 101
Trd, 4318160.593, 102
Trd, 4318160.843, 104
Trd, 4318161.293, 104
Trd, 4318163.693, 103
Trd, 4318165.343, 102
Trd, 4318166.393, 106
Trd, 4318169.143, 101
Trd, 4318169.893, 103
Trd, 4318172.293, 102
Trd, 4318172.593, 102
Trd, 4318175.093, 99
Trd, 4318175.843, 100
Trd, 4318178.193, 100
Trd, 4318179.993, 99
Trd, 4318180.843, 99
Trd, 4318181.493, 99
Trd, 4318183.593, 98
Trd, 4318183.743, 94
Trd, 4318184.243, 98
Trd, 4318185.343, 95
Trd, 4318187.293, 98
Trd, 4318187.343, 97
Trd, 4318188.393, 99
Trd, 4318189.193, 101
Trd, 4318191.843, 102
Trd, 4318192.093, 102
Trd, 4318193.393, 102
Trd, 4318195.693, 101
Trd, 4318197.243, 101
Trd, 4318198.943, 100
Trd, 4318199.593, 94
Trd, 4318200.543, 99
Trd, 4318201.043, 97
Trd, 4318201.593, 97
Trd, 4318202.143, 98
Trd, 4318205.043, 96
Trd, 4318205.693, 95
Trd, 4318207.593, 96
Trd, 4318209.193, 96
Trd, 4318210.393, 96
Trd, 4318211.043, 94
Trd, 4318212.443, 92
Trd, 4318213.193, 94
Trd, 4318215.943, 96
Trd, 4318216.093, 95
Trd, 4318219.993, 97
Trd, 4318220.493, 97
Trd, 4318220.793, 104
Trd, 4318224.793, 101
Trd, 4318225.293, 100
Trd, 4318226.543, 100
Trd, 4318226.793, 100
Trd, 4318226.893, 102
Trd, 4318228.943, 109
Trd, 4318231.843, 103
Trd, 4318232.693, 104
Trd, 4318233.843, 104
Trd, 4318235.643, 104
Trd, 4318236.493, 104
Trd, 4318236.843, 105
Trd, 4318237.443, 104
Trd, 4318238.443, 104
Trd, 4318240.893, 106
Trd, 4318242.993, 102
Trd, 4318243.093, 100
Trd, 4318244.493, 102
Trd, 4318245.743, 105
Trd, 4318247.593, 101
Trd, 4318248.893, 105
Trd, 4318250.543, 99
Trd, 4318251.243, 99
Trd, 4318251.993, 100
Trd, 4318252.193, 99
Trd, 4318254.693, 98
Trd, 4318255.543, 96
Trd, 4318256.293, 98
Trd, 4318258.543, 97
Trd, 4318258.743, 96
Trd, 4318263.593, 100
Trd, 4318264.293, 101
Trd, 4318265.543, 100
Trd, 4318266.493, 102
Trd, 4318267.693, 104
Trd, 4318269.993, 107
Trd, 4318270.093, 106
Trd, 4318271.943, 105
Trd, 4318272.593, 105
Trd, 4318274.893, 105
Trd, 4318274.943, 104
Trd, 4318275.693, 102
Trd, 4318276.043, 94
Trd, 4318277.143, 102
Trd, 4318277.943, 103
Trd, 4318281.493, 95
Trd, 4318281.843, 95
Trd, 4318282.493, 95
Trd, 4318283.843, 95
Trd, 4318286.893, 96
Trd, 4318287.343, 102
Trd, 4318290.893, 100
Trd, 4318291.143, 100
Trd, 4318292.043, 99
Trd, 4318292.593, 99
Trd, 4318294.593, 99
Trd, 4318294.843, 98
Trd, 4318295.343, 98
Trd, 4318296.943, 97
Trd, 4318298.593, 96
Trd, 4318300.993, 95
Trd, 4318301.343, 95
Trd, 4318304.443, 98
Trd, 4318305.043, 101
Trd, 4318308.293, 100
Trd, 4318308.743, 100
Trd, 4318310.093, 100
Trd, 4318310.593, 100
Trd, 4318311.843, 99
Trd, 4318312.593, 96
Trd, 4318314.243, 99
Trd, 4318314.743, 97
Trd, 4318318.093, 98
Trd, 4318318.743, 104
Trd, 4318319.943, 98
Trd, 4318321.593, 96
Trd, 4318323.243, 96
Trd, 4318324.293, 97
Trd, 4318325.743, 103
Trd, 4318326.393, 104
Trd, 4318326.543, 102
Trd, 4318329.043, 98
Trd, 4318329.943, 94
Trd, 4318331.343, 94
Trd, 4318332.593, 90
Trd, 4318333.493, 91
Trd, 4318334.443, 91
Trd, 4318334.543, 95
Trd, 4318337.493, 92
Trd, 4318339.243, 93
Trd, 4318339.293, 95
Trd, 4318343.293, 93
Trd, 4318344.293, 94
Trd, 4318345.293, 93
Trd, 4318346.843, 95
Trd, 4318348.093, 95
Trd, 4318349.093, 104
Trd, 4318350.993, 94
Trd, 4318352.693, 95
Trd, 4318353.993, 95
Trd, 4318354.943, 94
Trd, 4318356.043, 95
Trd, 4318358.243, 97
Trd, 4318358.293, 96
Trd, 4318360.493, 95
Trd, 4318360.543, 94
Trd, 4318362.293, 94
Trd, 4318362.593, 95
Trd, 4318362.743, 94
Trd, 4318366.543, 95
Trd, 4318367.093, 95
Trd, 4318367.593, 93
Trd, 4318368.193, 92
Trd, 4318368.643, 104
Trd, 4318372.343, 94
Trd, 4318373.643, 99
Trd, 4318374.893, 102
Trd, 4318376.193, 100
Trd, 4318377.343, 98
Trd, 4318377.493, 99
Trd, 4318378.393, 94
Trd, 4318381.693, 98
Trd, 4318382.593, 96
Trd, 4318383.543, 97
Trd, 4318384.093, 95
Trd, 4318385.343, 94
Trd, 4318387.243, 96
Trd, 4318387.743, 96
Trd, 4318389.993, 99
Trd, 4318390.593, 100
Trd, 4318392.293, 97
Trd, 4318392.893, 96
Trd, 4318393.193, 95
Trd, 4318394.593, 96
Trd, 4318397.993, 98
Trd, 4318398.843, 98
Trd, 4318399.243, 98
Trd, 4318400.043, 98
Trd, 4318401.193, 98
Trd, 4318403.893, 96
Trd, 4318404.193, 97
Trd, 4318405.843, 96
Trd, 4318406.243, 96
Trd, 4318406.293, 104
Trd, 4318407.843, 97
Trd, 4318409.843, 95
Trd, 4318412.893, 97
Trd, 4318413.193, 97
Trd, 4318413.843, 98
Trd, 4318415.843, 96
Trd, 4318416.943, 94
Trd, 4318419.643, 93
Trd, 4318420.193, 94
Trd, 4318420.293, 95
Trd, 4318422.993, 97
Trd, 4318423.243, 96
Trd, 4318424.193, 98
Trd, 4318426.143, 97
Trd, 4318426.943, 104
Trd, 4318429.693, 102
Trd, 4318429.893, 101
Trd, 4318431.943, 94
Trd, 4318432.593, 97
Trd, 4318435.843, 92
Trd, 4318436.393, 104
Trd, 4318437.193, 96
Trd, 4318437.893, 93
Trd, 4318439.643, 105
Trd, 4318440.793, 104
Trd, 4318441.343, 104
Trd, 4318443.243, 104
Trd, 4318444.143, 105
Trd, 4318444.493, 104
Trd, 4318446.493, 102
Trd, 4318447.143, 102
Trd, 4318450.393, 104
Trd, 4318451.143, 103
Trd, 4318452.243, 102
Trd, 4318455.193, 100
Trd, 4318457.543, 97
Trd, 4318457.693, 96
Trd, 4318458.093, 98
Trd, 4318460.243, 105
Trd, 4318461.543, 101
Trd, 4318463.443, 98
Trd, 4318464.243, 98
Trd, 4318464.843, 96
Trd, 4318465.743, 96
Trd, 4318467.493, 96
Trd, 4318468.243, 94
Trd, 4318469.493, 95
Trd, 4318471.593, 96
Trd, 4318473.243, 97
Trd, 4318473.993, 98
Trd, 4318474.643, 98
Trd, 4318477.293, 97
Trd, 4318477.893, 97
Trd, 4318478.343, 104
Trd, 4318481.143, 93
Trd, 4318483.043, 94
Trd, 4318483.393, 93
Trd, 4318484.443, 96
Trd, 4318485.343, 101
Trd, 4318485.843, 97
Trd, 4318487.193, 97
Trd, 4318488.093, 101
Trd, 4318488.693, 97
Trd, 4318491.293, 98
Trd, 4318491.343, 99
Trd, 4318493.893, 96
Trd, 4318493.993, 95
Trd, 4318494.043, 96
Trd, 4318496.943, 95
Trd, 4318497.543, 94
Trd, 4318498.943, 94
Trd, 4318499.343, 93
Trd, 4318499.943, 104
Trd, 4318503.843, 96
Trd, 4318504.893, 97
Trd, 4318506.293, 96
Trd, 4318506.693, 104
Trd, 4318508.543, 101
Trd, 4318510.993, 101
Trd, 4318513.343, 99
Trd, 4318513.843, 98
Trd, 4318514.393, 98
Trd, 4318515.093, 96
Trd, 4318516.543, 104
Trd, 4318518.343, 103
Trd, 4318520.943, 99
Trd, 4318522.593, 102
Trd, 4318522.943, 100
Trd, 4318524.143, 101
Trd, 4318527.643, 101
Trd, 4318528.743, 98
Trd, 4318529.493, 101
Trd, 4318531.693, 101
Trd, 4318532.393, 102
Trd, 4318532.443, 100
Trd, 4318532.743, 103
Trd, 4318535.043, 100
Trd, 4318536.343, 101
Trd, 4318536.543, 100
Trd, 4318537.443, 94
Trd, 4318538.293, 103
Trd, 4318541.193, 95
Trd, 4318541.943, 96
Trd, 4318542.393, 97
Trd, 4318545.193, 104
Trd, 4318545.293, 100
Trd, 4318546.643, 101
Trd, 4318547.743, 111
Trd, 4318550.543, 102
Trd, 4318551.843, 101
Trd, 4318554.243, 101
Trd, 4318555.093, 101
Trd, 4318555.893, 99
Trd, 4318556.643, 99
Trd, 4318558.093, 98
Trd, 4318559.743, 96
Trd, 4318559.993, 97
Trd, 4318560.243, 96
Trd, 4318562.993, 94
Trd, 4318564.893, 93
Trd, 4318565.343, 97
Trd, 4318567.593, 100
Trd, 4318567.893, 101
Trd, 4318572.193, 101
Trd, 4318572.643, 99
Trd, 4318573.343, 99
Trd, 4318573.843, 98
Trd, 4318574.993, 98
Trd, 4318576.743, 94
Trd, 4318578.843, 93
Trd, 4318579.893, 91
Trd, 4318580.243, 90
Trd, 4318584.143, 92
Trd, 4318584.993, 95
Trd, 4318586.743, 94
Trd, 4318587.843, 104
Trd, 4318590.293, 95
Trd, 4318591.193, 94
Trd, 4318592.793, 95
Trd, 4318592.893, 95
Trd, 4318594.343, 95
Trd, 4318594.893, 103
Trd, 4318596.993, 96
Trd, 4318597.743, 95
Trd, 4318599.943, 94
Trd, 4318600.843, 95
Trd, 4318602.043, 97
Trd, 4318603.393, 97
Trd, 4318603.693, 96
Trd, 4318604.093, 97
Trd, 4318606.593, 94
Trd, 4318606.693, 95
Trd, 4318608.093, 96
Trd, 4318609.543, 95
Trd, 4318610.193, 96
Trd, 4318610.343, 104
Trd, 4318613.343, 103
Trd, 4318613.743, 102
Trd, 4318614.593, 95
Trd, 4318617.443, 96
Trd, 4318618.493, 96
Trd, 4318618.643, 96
Trd, 4318620.043, 95
Trd, 4318620.293, 103
Trd, 4318623.443, 98
Trd, 4318624.793, 97
Trd, 4318625.243, 96
Trd, 4318625.843, 97
Trd, 4318626.493, 98
Trd, 4318628.143, 100
Trd, 4318629.993, 99
Trd, 4318631.743, 101
Trd, 4318633.743, 100
Trd, 4318635.843, 100
Trd, 4318636.143, 99
Trd, 4318636.293, 100
Trd, 4318639.343, 98
Trd, 4318640.443, 96
Trd, 4318641.543, 96
Trd, 4318643.443, 96
Trd, 4318643.943, 95
Trd, 4318644.793, 95
Trd, 4318647.193, 96
Trd, 4318648.943, 97
Trd, 4318649.743, 96
Trd, 4318652.093, 96
Trd, 4318653.093, 97
Trd, 4318653.193, 96
Trd, 4318655.043, 95
Trd, 4318655.493, 95
Trd, 4318655.843, 95
Trd, 4318658.743, 99
Trd, 4318658.943, 95
Trd, 4318660.793, 94
Trd, 4318662.393, 96
Trd, 4318663.093, 96
Trd, 4318664.893, 96
Trd, 4318667.193, 96
Trd, 4318667.943, 96
Trd, 4318669.443, 104
Trd, 4318672.543, 94
Trd, 4318673.993, 95
Trd, 4318674.393, 96
Trd, 4318674.443, 97
Trd, 4318674.593, 95
Trd, 4318677.043, 94
Trd, 4318677.593, 95
Trd, 4318678.193, 95
Trd, 4318679.043, 96
Trd, 4318681.243, 95
Trd, 4318683.793, 97
Trd, 4318685.243, 98
Trd, 4318685.793, 99
Trd, 4318687.193, 98
Trd, 4318687.243, 98
Trd, 4318688.093, 98
Trd, 4318689.443, 99
Trd, 4318692.143, 99
Trd, 4318692.493, 104
Trd, 4318695.543, 100
Trd, 4318696.793, 100
Trd, 4318697.043, 99
Trd, 4318697.293, 94
Trd, 4318698.843, 97
Trd, 4318700.793, 96
Trd, 4318702.743, 97
Trd, 4318703.293, 95
Trd, 4318704.093, 94
Trd, 4318704.443, 96
Trd, 4318707.343, 97
Trd, 4318707.993, 96
Trd, 4318708.843, 97
Trd, 4318710.343, 96
Trd, 4318712.893, 98
Trd, 4318713.793, 94
Trd, 4318715.593, 93
Trd, 4318718.693, 94
Trd, 4318719.243, 94
Trd, 4318719.393, 93
Trd, 4318719.543, 97
Trd, 4318723.593, 98
Trd, 4318724.393, 97
Trd, 4318725.793, 96
Trd, 4318727.293, 96
Trd, 4318729.143, 96
Trd, 4318729.493, 103
Trd, 4318732.093, 94
Trd, 4318732.743, 94
Trd, 4318735.343, 99
Trd, 4318735.793, 101
Trd, 4318737.993, 99
Trd, 4318738.393, 98
Trd, 4318738.543, 100
Trd, 4318740.193, 95
Trd, 4318740.443, 94
Trd, 4318744.743, 94
Trd, 4318746.093, 94
Trd, 4318746.143, 95
Trd, 4318746.343, 95
Trd, 4318746.993, 92
Trd, 4318748.243, 93
Trd, 4318750.843, 95
Trd, 4318752.993, 92
Trd, 4318754.693, 92
Trd, 4318755.593, 93
Trd, 4318757.343, 95
Trd, 4318758.743, 94
Trd, 4318759.593, 94
Trd, 4318762.693, 92
Trd, 4318762.843, 94
Trd, 4318764.243, 94
Trd, 4318765.293, 95
Trd, 4318767.493, 94
Trd, 4318768.343, 95
Trd, 4318768.493, 93
Trd, 4318770.493, 96
Trd, 4318771.743, 96
Trd, 4318774.443, 93
Trd, 4318774.493, 100
Trd, 4318776.343, 94
Trd, 4318778.543, 95
Trd, 4318778.743, 95
Trd, 4318780.093, 103
Trd, 4318783.043, 94
Trd, 4318785.293, 94
Trd, 4318786.093, 93
Trd, 4318786.343, 93
Trd, 4318786.393, 95
Trd, 4318788.143, 95
Trd, 4318789.793, 95
Trd, 4318791.693, 95
Trd, 4318792.793, 94
Trd, 4318794.443, 94
Trd, 4318795.893, 95
Trd, 4318796.393, 95
Trd, 4318796.893, 96
Trd, 4318798.793, 102
Trd, 4318801.193, 102
Trd, 4318801.593, 101
Trd, 4318803.443, 102
Trd, 4318805.193, 101
Trd, 4318806.343, 101
Trd, 4318808.893, 98
Trd, 4318810.793, 95
Trd, 4318811.393, 96
Trd, 4318812.893, 94
Trd, 4318813.893, 93
Trd, 4318815.993, 91
Trd, 4318817.943, 92
Trd, 4318818.343, 92
Trd, 4318818.543, 92
Trd, 4318823.143, 96
Trd, 4318823.993, 99
Trd, 4318824.493, 99
Trd, 4318825.093, 97
Trd, 4318826.543, 95
Trd, 4318826.843, 98
Trd, 4318829.843, 98
Trd, 4318830.143, 96
Trd, 4318832.743, 96
Trd, 4318834.243, 95
Trd, 4318834.893, 95
Trd, 4318836.143, 96
Trd, 4318836.193, 99
Trd, 4318838.993, 95
Trd, 4318839.993, 94
Trd, 4318842.093, 93
Trd, 4318842.793, 95
Trd, 4318843.693, 93
Trd, 4318844.743, 93
Trd, 4318846.693, 92
Trd, 4318847.943, 95
Trd, 4318849.043, 96
Trd, 4318850.193, 95
Trd, 4318850.393, 94
Trd, 4318851.243, 95
Trd, 4318854.743, 98
Trd, 4318855.043, 98
Trd, 4318856.743, 97
Trd, 4318857.893, 97
Trd, 4318857.943, 99
Trd, 4318860.293, 99
Trd, 4318862.643, 101
Trd, 4318863.543, 102
Trd, 4318864.743, 101
Trd, 4318867.943, 100
Trd, 4318868.293, 100
Trd, 4318868.893, 99
Trd, 4318869.093, 102
Trd, 4318871.493, 97
Trd, 4318872.493, 96
Trd, 4318873.693, 96
Trd, 4318873.743, 96
Trd, 4318874.143, 95
Trd, 4318876.843, 94
Trd, 4318876.943, 94
Trd, 4318877.493, 95
Trd, 4318880.743, 100
Trd, 4318882.393, 98
Trd, 4318883.043, 96
Trd, 4318884.193, 95
Trd, 4318885.143, 95
Trd, 4318885.843, 113
Trd, 4318887.193, 101
Trd, 4318890.043, 101
Trd, 4318891.393, 98
Trd, 4318891.793, 99
Trd, 4318893.243, 98
Trd, 4318894.143, 103
Trd, 4318895.543, 104
Trd, 4318896.643, 97
Trd, 4318898.943, 98
Trd, 4318899.593, 99
Trd, 4318900.743, 94
Trd, 4318901.393, 94
Trd, 4318904.193, 99
Trd, 4318906.093, 99
Trd, 4318906.893, 98
Trd, 4318908.693, 100
Trd, 4318909.843, 99
Trd, 4318911.193, 99
Trd, 4318912.743, 111
Trd, 4318913.743, 104
Trd, 4318914.343, 103
Trd, 4318916.143, 100
Trd, 4318916.393, 104
Trd, 4318918.643, 99
Trd, 4318920.143, 87
Trd, 4318923.193, 92
Trd, 4318923.543, 91
Trd, 4318923.793, 93
Trd, 4318925.343, 92
Trd, 4318926.543, 104
Trd, 4318929.293, 100
Trd, 4318929.993, 100
Trd, 4318931.893, 104
Trd, 4318932.843, 103
Trd, 4318934.293, 102
Trd, 4318935.143, 103
Trd, 4318936.243, 102
Trd, 4318939.443, 99
Trd, 4318939.693, 100
Trd, 4318939.993, 97
Trd, 4318941.443, 98
Trd, 4318942.593, 96
Trd, 4318943.093, 96
Trd, 4318944.993, 93
Trd, 4318945.593, 96
Trd, 4318947.843, 96
Trd, 4318949.543, 96
Trd, 4318950.093, 97
Trd, 4318951.793, 104
Trd, 4318955.043, 98
Trd, 4318955.543, 97
Trd, 4318956.593, 97
Trd, 4318959.493, 97
Trd, 4318959.693, 100
Trd, 4318960.393, 99
Trd, 4318960.493, 96
Trd, 4318962.843, 95
Trd, 4318963.493, 94
Trd, 4318965.643, 94
Trd, 4318967.093, 95
Trd, 4318970.093, 95
Trd, 4318971.743, 101
Trd, 4318973.193, 97
Trd, 4318973.543, 96
Trd, 4318975.493, 95
Trd, 4318977.743, 95
Trd, 4318978.043, 95
Trd, 4318978.543, 94
Trd, 4318978.793, 104
Trd, 4318981.843, 96
Trd, 4318982.543, 95
Trd, 4318984.843, 92
Trd, 4318985.093, 95
Trd, 4318988.093, 91
Trd, 4318988.743, 90
Trd, 4318989.343, 89
Trd, 4318990.393, 91
Trd, 4318994.043, 97
Trd, 4318994.993, 97
Trd, 4318996.293, 96
Trd, 4318996.393, 97
Trd, 4318997.693, 99
Trd, 4318998.943, 94
Trd, 4319000.443, 94
Trd, 4319001.043, 95
Trd, 4319003.793, 99
Trd, 4319003.993, 105
Trd, 4319007.243, 101
Trd, 4319007.943, 100
Trd, 4319008.343, 98
Trd, 4319008.443, 97
Trd, 4319011.593, 98
Trd, 4319012.343, 97
Trd, 4319013.993, 94
Trd, 4319014.093, 95
Trd, 4319016.993, 95
Trd, 4319019.343, 97
Trd, 4319020.143, 98
Trd, 4319021.643, 98
Trd, 4319023.143, 98
Trd, 4319026.143, 100
Trd, 4319027.343, 97
Trd, 4319028.493, 99
Trd, 4319029.543, 98
Trd, 4319029.943, 99
Trd, 4319031.393, 103
Trd, 4319032.243, 103
Trd, 4319034.993, 103
Trd, 4319035.393, 104
Trd, 4319036.443, 104
Trd, 4319037.093, 102
Trd, 4319038.943, 103
Trd, 4319040.293, 102
Trd, 4319041.143, 101
Trd, 4319041.943, 100
Trd, 4319042.993, 96
Trd, 4319044.743, 96
Trd, 4319046.493, 96
Trd, 4319048.893, 100
Trd, 4319050.743, 98
Trd, 4319052.643, 101
Trd, 4319054.243, 104
Trd, 4319055.043, 103
Trd, 4319055.743, 101
Trd, 4319056.093, 108
Trd, 4319057.343, 108
Trd, 4319060.743, 102
Trd, 4319062.093, 101
Trd, 4319064.693, 98
Trd, 4319066.793, 94
Trd, 4319067.243, 95
Trd, 4319067.443, 96
Trd, 4319068.043, 94
Trd, 4319068.943, 104
Trd, 4319071.943, 104
Trd, 4319072.843, 103
Trd, 4319073.993, 103
Trd, 4319075.993, 102
Trd, 4319076.893, 94
Trd, 4319078.293, 103
Trd, 4319081.943, 94
Trd, 4319082.193, 93
Trd, 4319082.293, 93
Trd, 4319085.743, 92
Trd, 4319087.543, 91
Trd, 4319087.793, 90
Trd, 4319087.843, 90
Trd, 4319088.443, 89
Trd, 4319088.543, 95
Trd, 4319090.843, 100
Trd, 4319093.093, 99
Trd, 4319093.343, 99
Trd, 4319094.393, 98
Trd, 4319097.293, 91
Trd, 4319099.093, 91
Trd, 4319099.393, 95
Trd, 4319100.343, 93
Trd, 4319102.293, 94
Trd, 4319102.793, 95
Trd, 4319104.743, 96
Trd, 4319105.293, 96
Trd, 4319105.543, 104
Trd, 4319108.393, 95
Trd, 4319110.343, 95
Trd, 4319111.193, 94
Trd, 4319111.493, 94
Trd, 4319112.193, 93
Trd, 4319114.093, 87
Trd, 4319116.443, 94
Trd, 4319116.693, 94
Trd, 4319118.393, 95
Trd, 4319119.243, 95
Trd, 4319120.193, 96
Trd, 4319121.443, 96
Trd, 4319123.043, 95
Trd, 4319123.193, 95
Trd, 4319124.443, 95
Trd, 4319125.243, 104
Trd, 4319127.793, 91
Trd, 4319128.093, 91
Trd, 4319130.343, 100
Trd, 4319130.593, 99
Trd, 4319133.243, 99
Trd, 4319133.693, 98
Trd, 4319134.543, 103
Trd, 4319135.193, 104
Trd, 4319136.343, 104
Trd, 4319136.393, 102
Trd, 4319138.843, 103
Trd, 4319140.593, 101
Trd, 4319142.143, 101
Trd, 4319142.793, 100
Trd, 4319143.943, 99
Trd, 4319145.043, 102
Trd, 4319145.693, 103
Trd, 4319147.993, 97
Trd, 4319149.343, 95
Trd, 4319149.593, 97
Trd, 4319153.443, 98
Trd, 4319154.843, 97
Trd, 4319155.243, 97
Trd, 4319155.293, 94
Trd, 4319158.543, 90
Trd, 4319158.893, 92
Trd, 4319160.293, 97
Trd, 4319163.243, 100
Trd, 4319163.343, 99
Trd, 4319163.743, 99
Trd, 4319164.693, 97
Trd, 4319166.543, 102
Trd, 4319168.043, 94
Trd, 4319169.593, 96
Trd, 4319169.743, 97
Trd, 4319172.243, 98
Trd, 4319173.743, 98
Trd, 4319173.993, 98
Trd, 4319174.143, 99
Trd, 4319175.343, 99
Trd, 4319179.743, 96
Trd, 4319180.143, 95
Trd, 4319180.493, 95
Trd, 4319182.243, 95
Trd, 4319182.693, 95
Trd, 4319183.243, 95
Trd, 4319184.893, 95
Trd, 4319186.393, 94
Trd, 4319187.593, 93
Trd, 4319190.493, 93
Trd, 4319191.443, 94
Trd, 4319192.743, 93
Trd, 4319193.993, 94
Trd, 4319196.043, 101
Trd, 4319197.743, 99
Trd, 4319197.843, 97
Trd, 4319198.193, 98
Trd, 4319201.443, 97
Trd, 4319201.743, 96
Trd, 4319202.843, 96
Trd, 4319203.043, 103
Trd, 4319204.993, 89
Trd, 4319206.443, 92
Trd, 4319206.943, 93
Trd, 4319209.643, 90
Trd, 4319210.543, 90
Trd, 4319212.493, 91
Trd, 4319214.393, 103
Trd, 4319215.143, 94
Trd, 4319216.543, 94
Trd, 4319217.143, 104
Trd, 4319219.393, 97
Trd, 4319219.943, 97
Trd, 4319221.143, 96
Trd, 4319222.993, 105
Trd, 4319223.543, 101
Trd, 4319224.243, 113
Trd, 4319229.543, 100
Trd, 4319230.393, 100
Trd, 4319230.493, 104
Trd, 4319230.843, 99
Trd, 4319233.243, 100
Trd, 4319234.193, 99
Trd, 4319236.343, 96
Trd, 4319237.093, 95
Trd, 4319237.243, 94
Trd, 4319239.843, 99
Trd, 4319241.943, 97
Trd, 4319242.943, 97
Trd, 4319245.393, 99
Trd, 4319245.993, 99
Trd, 4319246.493, 97
Trd, 4319247.493, 97
Trd, 4319248.793, 97
Trd, 4319250.793, 97
Trd, 4319253.143, 102
Trd, 4319253.893, 102
Trd, 4319255.143, 102
Trd, 4319256.143, 103
Trd, 4319257.693, 102
Trd, 4319260.843, 98
Trd, 4319261.143, 99
Trd, 4319263.243, 102
Trd, 4319263.643, 101
Trd, 4319265.843, 102
Trd, 4319267.243, 101
Trd, 4319269.593, 101
Trd, 4319269.843, 100
Trd, 4319271.443, 103
Trd, 4319272.793, 100
Trd, 4319274.493, 100
Trd, 4319274.843, 100
Trd, 4319277.943, 99
Trd, 4319278.393, 98
Trd, 4319279.543, 100
Trd, 4319281.943, 101
Trd, 4319282.643, 101
Trd, 4319284.693, 102
Trd, 4319285.743, 102
Trd, 4319285.843, 104
Trd, 4319288.993, 97
Trd, 4319290.743, 103
Trd, 4319293.693, 99
Trd, 4319293.843, 100
Trd, 4319295.543, 99
Trd, 4319296.493, 97
Trd, 4319296.943, 96
Trd, 4319299.393, 95
Trd, 4319299.893, 94
Trd, 4319301.793, 100
Trd, 4319301.843, 99
Trd, 4319303.543, 98
Trd, 4319303.693, 97
Trd, 4319305.593, 98
Trd, 4319306.543, 97
Trd, 4319307.443, 101
Trd, 4319308.543, 103
Trd, 4319311.943, 109
Trd, 4319312.693, 111
Trd, 4319313.493, 101
Trd, 4319314.343, 95
Trd, 4319315.193, 95
Trd, 4319315.993, 96
Trd, 4319319.143, 103
Trd, 4319320.893, 98
Trd, 4319322.293, 97
Trd, 4319323.943, 98
Trd, 4319324.143, 97
Trd, 4319327.193, 97
Trd, 4319328.343, 96
Trd, 4319328.593, 96
Trd, 4319330.643, 95
Trd, 4319331.693, 105
Trd, 4319332.693, 98
Trd, 4319333.943, 98
Trd, 4319336.943, 99
Trd, 4319337.093, 105
Trd, 4319337.743, 101
Trd, 4319338.943, 99
Trd, 4319341.143, 100
Trd, 4319341.493, 101
Trd, 4319344.693, 100
Trd, 4319345.043, 99
Trd, 4319345.643, 94
Trd, 4319345.893, 99
Trd, 4319349.693, 100
Trd, 4319350.593, 100
Trd, 4319351.193, 101
Trd, 4319352.693, 99
Trd, 4319355.693, 101
Trd, 4319356.293, 102
Trd, 4319356.443, 101
Trd, 4319358.043, 99
Trd, 4319358.193, 100
Trd, 4319360.293, 95
Trd, 4319361.343, 95
Trd, 4319361.493, 97
Trd, 4319363.193, 96
Trd, 4319365.343, 98
Trd, 4319365.743, 98
Trd, 4319367.543, 98
Trd, 4319369.493, 96
Trd, 4319369.993, 96
Trd, 4319371.943, 97
Trd, 4319373.743, 100
Trd, 4319375.343, 97
Trd, 4319376.193, 100
Trd, 4319376.993, 99
Trd, 4319378.843, 98
Trd, 4319382.343, 97
Trd, 4319383.043, 97
Trd, 4319384.493, 97
Trd, 4319384.593, 96
Trd, 4319387.493, 98
Trd, 4319388.943, 96
Trd, 4319390.293, 96
Trd, 4319390.593, 97
Trd, 4319392.343, 94
Trd, 4319393.143, 93
Trd, 4319393.993, 92
Trd, 4319395.343, 93
Trd, 4319395.593, 93
Trd, 4319398.943, 93
Trd, 4319399.693, 92
Trd, 4319400.843, 94
Trd, 4319403.743, 97
Trd, 4319404.193, 97
Trd, 4319404.693, 97
Trd, 4319405.443, 95
Trd, 4319405.943, 94
Trd, 4319406.093, 97
Trd, 4319410.043, 97
Trd, 4319412.693, 96
Trd, 4319413.943, 101
Trd, 4319414.093, 102
Trd, 4319416.643, 102
Trd, 4319417.593, 102
Trd, 4319418.693, 102
Trd, 4319419.343, 101
Trd, 4319419.793, 101
Trd, 4319422.043, 101
Trd, 4319422.943, 100
Trd, 4319423.193, 99
Trd, 4319425.193, 97
Trd, 4319425.893, 97
Trd, 4319428.093, 99
Trd, 4319430.893, 103
Trd, 4319432.693, 102
Trd, 4319433.843, 104
Trd, 4319434.843, 102
Trd, 4319434.893, 101
Trd, 4319435.143, 96
Trd, 4319436.493, 95
Trd, 4319436.543, 97
Trd, 4319441.443, 97
Trd, 4319441.793, 97
Trd, 4319442.143, 98
Trd, 4319445.043, 97
Trd, 4319445.443, 97
Trd, 4319445.593, 98
Trd, 4319448.593, 97
Trd, 4319450.493, 96
Trd, 4319450.643, 96
Trd, 4319451.143, 94
Trd, 4319452.343, 96
Trd, 4319454.643, 94
Trd, 4319455.843, 94
Trd, 4319456.243, 93
Trd, 4319458.693, 93
Trd, 4319458.793, 93
Trd, 4319459.893, 92
Trd, 4319461.543, 92
Trd, 4319461.643, 95
Trd, 4319462.443, 92
Trd, 4319462.543, 95
Trd, 4319465.293, 94
Trd, 4319466.193, 93
Trd, 4319467.743, 94
Trd, 4319468.743, 95
Trd, 4319469.393, 93
Trd, 4319471.393, 95
Trd, 4319472.743, 94
Trd, 4319473.143, 94
Trd, 4319474.393, 94
Trd, 4319476.243, 93
Trd, 4319476.993, 92
Trd, 4319480.443, 97
Trd, 4319481.893, 95
Trd, 4319482.093, 96
Trd, 4319483.943, 95
Trd, 4319484.593, 94
Trd, 4319486.043, 94
Trd, 4319487.193, 94
Trd, 4319490.243, 100
Trd, 4319490.543, 104
Trd, 4319492.343, 100
Trd, 4319493.743, 97
Trd, 4319494.843, 96
Trd, 4319496.043, 95
Trd, 4319496.843, 94
Trd, 4319498.543, 94
Trd, 4319499.043, 92
Trd, 4319501.343, 103
Trd, 4319501.893, 112
Trd, 4319501.993, 94
Trd, 4319505.243, 103
Trd, 4319505.493, 101
Trd, 4319508.143, 104
Trd, 4319509.093, 101
Trd, 4319509.693, 101
Trd, 4319511.743, 100
Trd, 4319512.943, 100
Trd, 4319513.143, 100
Trd, 4319514.843, 97
Trd, 4319515.493, 99
Trd, 4319518.443, 96
Trd, 4319520.193, 95
Trd, 4319521.343, 97
Trd, 4319522.343, 96
Trd, 4319522.393, 98
Trd, 4319523.593, 92
Trd, 4319524.843, 113
Trd, 4319527.193, 99
Trd, 4319527.843, 103
Trd, 4319528.393, 103
Trd, 4319529.543, 101
Trd, 4319531.643, 104
Trd, 4319533.443, 101
Trd, 4319534.343, 100
Trd, 4319534.643, 101
Trd, 4319536.443, 102
Trd, 4319537.543, 102
Trd, 4319537.843, 102
Trd, 4319538.093, 104
Trd, 4319539.943, 102
Trd, 4319542.393, 100
Trd, 4319542.993, 99
Trd, 4319544.393, 97
Trd, 4319545.293, 95
Trd, 4319548.093, 98
Trd, 4319549.143, 101
Trd, 4319549.243, 96
Trd, 4319550.893, 100
Trd, 4319553.443, 102
Trd, 4319554.193, 101
Trd, 4319555.093, 100
Trd, 4319556.693, 97
Trd, 4319557.193, 97
Trd, 4319559.093, 93
Trd, 4319559.893, 93
Trd, 4319561.793, 92
Trd, 4319562.743, 92
Trd, 4319563.193, 92
Trd, 4319563.793, 92
Trd, 4319567.243, 96
Trd, 4319568.043, 96
Trd, 4319568.343, 97
Trd, 4319570.693, 101
Trd, 4319571.793, 99
Trd, 4319572.893, 98
Trd, 4319574.543, 95
Trd, 4319575.093, 94
Trd, 4319575.493, 94
Trd, 4319575.943, 95
Trd, 4319577.843, 101
Trd, 4319581.993, 97
Trd, 4319582.493, 96
Trd, 4319584.543, 95
Trd, 4319585.393, 95
Trd, 4319586.493, 93
Trd, 4319586.893, 94
Trd, 4319589.243, 96
Trd, 4319590.893, 95
Trd, 4319591.393, 98
Trd, 4319595.193, 95
Trd, 4319595.343, 96
Trd, 4319595.643, 96
Trd, 4319597.593, 96
Trd, 4319598.293, 95
Trd, 4319598.393, 96
Trd, 4319601.793, 98
Trd, 4319603.093, 100
Trd, 4319606.193, 98
Trd, 4319607.093, 100
Trd, 4319607.893, 99
Trd, 4319608.443, 96
Trd, 4319611.793, 96
Trd, 4319612.643, 96
Trd, 4319612.693, 95
Trd, 4319614.843, 95
Trd, 4319615.243, 95
Trd, 4319615.393, 94
Trd, 4319616.893, 93
Trd, 4319619.693, 96
Trd, 4319622.543, 98
Trd, 4319622.843, 97
Trd, 4319623.493, 95
Trd, 4319625.693, 96
Trd, 4319625.843, 96
Trd, 4319626.593, 96
Trd, 4319626.693, 95
Trd, 4319626.993, 94
Trd, 4319628.193, 113
Trd, 4319629.993, 106
Trd, 4319630.493, 107
Trd, 4319630.743, 114
Trd, 4319630.993, 106
Trd, 4319635.293, 108
Trd, 4319636.343, 106
Trd, 4319637.343, 95
Trd, 4319639.943, 96
Trd, 4319641.093, 91
Trd, 4319641.493, 95
Trd, 4319647.643, 93
Trd, 4319647.943, 92
Trd, 4319649.193, 93
Trd, 4319649.943, 94
Trd, 4319650.993, 95
Trd, 4319653.243, 99
Trd, 4319654.693, 98
Trd, 4319655.593, 97
Trd, 4319657.093, 103
Trd, 4319660.493, 100
Trd, 4319661.693, 101
Trd, 4319662.643, 100
Trd, 4319663.943, 101
Trd, 4319667.293, 99
Trd, 4319667.643, 99
Trd, 4319667.893, 99
Trd, 4319669.393, 103
Trd, 4319671.243, 101
Trd, 4319672.493, 96
Trd, 4319673.643, 99
Trd, 4319674.393, 100
Trd, 4319676.843, 104
Trd, 4319677.693, 102
Trd, 4319680.793, 100
Trd, 4319681.143, 98
Trd, 4319682.343, 99
Trd, 4319683.593, 99
Trd, 4319685.693, 102
Trd, 4319686.143, 102
Trd, 4319686.543, 102
Trd, 4319686.743, 102
Trd, 4319690.393, 100
Trd, 4319691.643, 101
Trd, 4319695.093, 97
Trd, 4319695.493, 97
Trd, 4319695.843, 96
Trd, 4319699.393, 100
Trd, 4319699.743, 101
Trd, 4319700.143, 101
Trd, 4319700.643, 103
Trd, 4319702.843, 101
Trd, 4319704.293, 103
Trd, 4319704.443, 102
Trd, 4319705.593, 102
Trd, 4319707.943, 101
Trd, 4319708.443, 101
Trd, 4319708.593, 100
Trd, 4319710.693, 101
Trd, 4319710.793, 98
Trd, 4319711.093, 101
Trd, 4319714.093, 99
Trd, 4319714.543, 100
Trd, 4319718.693, 98
Trd, 4319719.043, 97
Trd, 4319720.043, 96
Trd, 4319720.243, 98
Trd, 4319722.943, 96
Trd, 4319724.143, 95
Trd, 4319725.443, 97
Trd, 4319728.393, 95
Trd, 4319728.743, 95
Trd, 4319729.693, 95
Trd, 4319730.543, 95
Trd, 4319731.043, 96
Trd, 4319732.493, 92
Trd, 4319734.843, 100
Trd, 4319736.293, 95
Trd, 4319736.643, 101
Trd, 4319739.343, 98
Trd, 4319741.343, 103
Trd, 4319742.043, 100
Trd, 4319745.693, 101
Trd, 4319747.543, 104
Trd, 4319747.593, 103
Trd, 4319751.293, 106
Trd, 4319751.943, 95
Trd, 4319752.393, 100
Trd, 4319754.643, 96
Trd, 4319754.693, 94
Trd, 4319755.643, 93
Trd, 4319756.243, 105
Trd, 4319757.443, 95
Trd, 4319759.293, 113
Trd, 4319760.343, 112
Trd, 4319761.893, 113
Trd, 4319762.593, 101
Trd, 4319765.243, 107
Trd, 4319765.593, 106
Trd, 4319767.393, 105
Trd, 4319768.393, 104
Trd, 4319769.493, 101
Trd, 4319770.543, 99
Trd, 4319771.243, 99
Trd, 4319772.143, 98
Trd, 4319773.943, 97
Trd, 4319775.293, 99
Trd, 4319775.793, 98
Trd, 4319778.193, 102
Trd, 4319778.943, 99
Trd, 4319782.143, 100
Trd, 4319782.793, 99
Trd, 4319783.643, 99
Trd, 4319783.893, 97
Trd, 4319784.143, 100
Trd, 4319787.243, 98
Trd, 4319787.993, 97
Trd, 4319789.193, 97
Trd, 4319790.193, 95
Trd, 4319793.393, 104
Trd, 4319794.543, 98
Trd, 4319795.243, 99
Trd, 4319799.143, 102
Trd, 4319800.093, 100
Trd, 4319801.343, 99
Trd, 4319802.493, 99
Trd, 4319802.543, 100
Trd, 4319804.343, 99
Trd, 4319804.543, 99
Trd, 4319804.843, 96
Trd, 4319807.793, 97
Trd, 4319811.543, 92
Trd, 4319812.143, 95
Trd, 4319813.643, 99
Trd, 4319813.793, 98
Trd, 4319815.093, 103
Trd, 4319815.843, 98
Trd, 4319818.793, 99
Trd, 4319821.093, 100
Trd, 4319821.543, 103
Trd, 4319821.893, 97
Trd, 4319824.693, 98
Trd, 4319825.393, 102
Trd, 4319828.043, 100
Trd, 4319829.693, 98
Trd, 4319831.193, 98
Trd, 4319832.193, 100
Trd, 4319833.193, 96
Trd, 4319833.793, 97
Trd, 4319835.843, 96
Trd, 4319837.293, 95
Trd, 4319837.493, 95
Trd, 4319837.743, 94
Trd, 4319837.793, 96
Trd, 4319839.793, 94
Trd, 4319840.943, 102
Trd, 4319842.193, 94
Trd, 4319844.693, 94
Trd, 4319844.743, 95
Trd, 4319848.443, 95
Trd, 4319848.943, 96
Trd, 4319851.193, 101
Trd, 4319854.693, 98
Trd, 4319855.543, 97
Trd, 4319857.543, 96
Trd, 4319858.343, 95
Trd, 4319858.543, 98
Trd, 4319859.243, 97
Trd, 4319859.293, 96
Trd, 4319862.143, 97
Trd, 4319863.843, 94
Trd, 4319864.843, 89
Trd, 4319865.243, 90
Trd, 4319865.393, 87
Trd, 4319867.593, 93
Trd, 4319868.643, 95
Trd, 4319870.943, 96
Trd, 4319872.643, 102
Trd, 4319874.843, 96
Trd, 4319875.093, 97
Trd, 4319875.993, 96
Trd, 4319879.093, 98
Trd, 4319879.743, 97
Trd, 4319880.493, 97
Trd, 4319883.393, 104
Trd, 4319883.593, 103
Trd, 4319885.693, 103
Trd, 4319887.043, 102
Trd, 4319887.593, 103
Trd, 4319887.643, 102
Trd, 4319888.993, 100
Trd, 4319889.043, 104
Trd, 4319891.793, 102
Trd, 4319892.843, 101
Trd, 4319894.093, 100
Trd, 4319896.993, 98
Trd, 4319897.543, 96
Trd, 4319898.443, 96
Trd, 4319898.743, 97
Trd, 4319901.443, 97
Trd, 4319902.093, 99
Trd, 4319902.293, 96
Trd, 4319903.143, 114
Trd, 4319907.043, 99
Trd, 4319908.493, 99
Trd, 4319908.593, 99
Trd, 4319908.943, 98
Trd, 4319910.743, 94
Trd, 4319911.093, 94
Trd, 4319912.293, 87
Trd, 4319912.393, 88
Trd, 4319913.843, 99
Trd, 4319916.193, 100
Trd, 4319919.443, 92
Trd, 4319919.893, 91
Trd, 4319920.293, 92
Trd, 4319920.793, 95
Trd, 4319924.143, 99
Trd, 4319924.893, 103
Trd, 4319926.293, 103
Trd, 4319926.693, 104
Trd, 4319927.693, 103
Trd, 4319930.143, 95
Trd, 4319930.793, 94
Trd, 4319930.893, 94
Trd, 4319932.243, 86
Trd, 4319933.543, 89
Trd, 4319935.143, 95
Trd, 4319938.193, 98
Trd, 4319938.243, 97
Trd, 4319940.093, 101
Trd, 4319941.493, 97
Trd, 4319942.843, 99
Trd, 4319943.243, 98
Trd, 4319944.793, 99
Trd, 4319947.493, 99
Trd, 4319948.193, 101
Trd, 4319949.143, 101
Trd, 4319952.293, 101
Trd, 4319954.493, 98
Trd, 4319954.593, 98
Trd, 4319956.243, 86
Trd, 4319957.343, 89
Trd, 4319960.493, 89
Trd, 4319961.043, 91
Trd, 4319962.393, 91
Trd, 4319962.993, 99
Trd, 4319966.043, 93
Trd, 4319967.343, 93
Trd, 4319968.243, 94
Trd, 4319971.943, 98
Trd, 4319972.093, 100
Trd, 4319974.993, 97
Trd, 4319975.493, 98
Trd, 4319977.143, 94
Trd, 4319978.743, 94
Trd, 4319978.893, 95
Trd, 4319979.543, 95
Trd, 4319980.393, 94
Trd, 4319981.743, 99
Trd, 4319984.143, 95
Trd, 4319984.493, 94
Trd, 4319985.493, 94
Trd, 4319988.693, 103
Trd, 4319989.643, 101
Trd, 4319990.743, 99
Trd, 4319990.893, 100
Trd, 4319992.443, 98
Trd, 4319992.943, 98
Trd, 4319994.793, 96
Trd, 4319996.193, 98
Trd, 4319997.143, 113
