Trd, 4317817.843, 88
Trd, 4317820.993, 88
Trd, 4317822.393, 90
Trd, 4317823.993, 89
Trd, 4317826.343, 88
Trd, 4317828.943, 89
Trd, 4317830.293, 90
Trd, 4317830.393, 95
Trd, 4317834.443, 91
Trd, 4317834.893, 90
Trd, 4317835.193, 90
Trd, 4317836.343, 91
Trd, 4317837.743, 91
Trd, 4317840.443, 91
Trd, 4317840.693, 90
Trd, 4317843.443, 92
Trd, 4317846.893, 91
Trd, 4317847.843, 91
Trd, 4317849.043, 91
Trd, 4317849.393, 91
Trd, 4317852.743, 91
Trd, 4317854.793, 92
Trd, 4317854.893, 92
Trd, 4317856.243, 91
Trd, 4317858.393, 91
Trd, 4317858.993, 93
Trd, 4317859.793, 92
Trd, 4317861.293, 93
Trd, 4317861.943, 94
Trd, 4317863.293, 94
Trd, 4317865.843, 94
Trd, 4317870.143, 94
Trd, 4317871.493, 94
Trd, 4317871.843, 94
Trd, 4317873.193, 94
Trd, 4317876.243, 94
Trd, 4317877.143, 94
Trd, 4317877.743, 94
Trd, 4317879.093, 94
Trd, 4317880.343, 93
Trd, 4317884.043, 91
Trd, 4317885.543, 91
Trd, 4317886.393, 91
Trd, 4317887.243, 91
Trd, 4317890.093, 91
Trd, 4317890.143, 90
Trd, 4317893.193, 91
Trd, 4317894.293, 91
Trd, 4317894.693, 91
Trd, 4317896.893, 90
Trd, 4317897.393, 90
Trd, 4317899.393, 90
Trd, 4317902.093, 91
Trd, 4317903.043, 93
Trd, 4317903.343, 93
Trd, 4317904.543, 95
Trd, 4317905.993, 94
Trd, 4317906.643, 94
Trd, 4317907.993, 113
Trd, 4317908.093, 101
Trd, 4317908.943, 102
Trd, 4317911.293, 101
Trd, 4317912.743, 100
Trd, 4317914.093, 101
Trd, 4317916.243, 101
Trd, 4317918.993, 100
Trd, 4317920.293, 100
Trd, 4317922.993, 101
Trd, 4317923.643, 102
Trd, 4317924.543, 102
Trd, 4317926.843, 102
Trd, 4317927.243, 101
Trd, 4317931.993, 102
Trd, 4317933.143, 101
Trd, 4317936.593, 102
Trd, 4317937.943, 102
Trd, 4317939.643, 101
Trd, 4317940.393, 101
Trd, 4317942.943, 102
Trd, 4317944.393, 101
Trd, 4317944.493, 100
Trd, 4317946.193, 100
Trd, 4317947.543, 99
Trd, 4317948.843, 97
Trd, 4317951.543, 95
Trd, 4317953.393, 95
Trd, 4317953.443, 95
Trd, 4317955.793, 94
Trd, 4317955.843, 94
Trd, 4317957.443, 95
Trd, 4317960.993, 95
Trd, 4317962.793, 95
Trd, 4317963.793, 95
Trd, 4317965.643, 95
Trd, 4317969.693, 95
Trd, 4317970.693, 95
Trd, 4317973.493, 95
Trd, 4317975.393, 95
Trd, 4317975.943, 95
Trd, 4317976.493, 95
Trd, 4317976.993, 96
Trd, 4317979.643, 97
Trd, 4317981.643, 98
Trd, 4317982.543, 97
Trd, 4317983.843, 97
Trd, 4317984.593, 96
Trd, 4317986.293, 97
Trd, 4317987.743, 97
Trd, 4317988.043, 97
Trd, 4317990.593, 98
Trd, 4317990.693, 98
Trd, 4317991.343, 98
Trd, 4317994.993, 100
Trd, 4317995.493, 99
Trd, 4317995.693, 99
Trd, 4317997.343, 95
Trd, 4317997.443, 96
Trd, 4317999.893, 95
Trd, 4318001.043, 95
Trd, 4318002.143, 95
Trd, 4318002.543, 95
Trd, 4318002.593, 95
Trd, 4318002.943, 96
Trd, 4318003.793, 96
Trd, 4318005.743, 97
Trd, 4318007.243, 96
Trd, 4318008.793, 96
Trd, 4318009.543, 95
Trd, 4318011.093, 95
Trd, 4318012.693, 95
Trd, 4318014.393, 95
Trd, 4318016.743, 95
Trd, 4318016.893, 94
Trd, 4318019.643, 95
Trd, 4318020.093, 95
Trd, 4318022.343, 94
Trd, 4318022.743, 94
Trd, 4318024.743, 94
Trd, 4318025.993, 94
Trd, 4318026.643, 95
Trd, 4318030.893, 95
Trd, 4318032.343, 94
Trd, 4318034.593, 95
Trd, 4318034.643, 95
Trd, 4318035.943, 95
Trd, 4318037.843, 95
Trd, 4318039.793, 95
Trd, 4318043.043, 95
Trd, 4318045.493, 95
Trd, 4318045.543, 94
Trd, 4318048.643, 95
Trd, 4318049.393, 95
Trd, 4318049.493, 94
Trd, 4318053.793, 95
Trd, 4318055.543, 95
Trd, 4318056.643, 94
Trd, 4318056.843, 95
Trd, 4318058.243, 95
Trd, 4318061.543, 94
Trd, 4318062.593, 94
Trd, 4318062.943, 94
Trd, 4318063.193, 93
Trd, 4318063.993, 93
Trd, 4318066.843, 94
Trd, 4318069.793, 92
Trd, 4318071.743, 92
Trd, 4318072.043, 92
Trd, 4318073.493, 92
Trd, 4318073.943, 93
Trd, 4318076.743, 94
Trd, 4318077.193, 94
Trd, 4318079.793, 94
Trd, 4318081.343, 101
Trd, 4318081.893, 103
Trd, 4318082.443, 103
Trd, 4318083.493, 101
Trd, 4318085.393, 118
Trd, 4318087.143, 114
Trd, 4318087.193, 113
Trd, 4318089.143, 108
Trd, 4318090.893, 108
Trd, 4318095.493, 92
Trd, 4318095.943, 95
Trd, 4318097.193, 96
Trd, 4318097.843, 97
Trd, 4318098.293, 96
Trd, 4318099.293, 96
Trd, 4318101.693, 99
Trd, 4318102.643, 99
Trd, 4318103.643, 96
Trd, 4318104.993, 97
Trd, 4318105.543, 97
Trd, 4318106.893, 94
Trd, 4318107.943, 94
Trd, 4318111.793, 93
Trd, 4318113.443, 92
Trd, 4318113.843, 93
Trd, 4318115.343, 93
Trd, 4318115.943, 94
Trd, 4318116.243, 95
Trd, 4318120.193, 93
Trd, 4318122.443, 93
Trd, 4318123.093, 93
Trd, 4318124.893, 90
Trd, 4318126.743, 90
Trd, 4318126.993, 89
Trd, 4318127.493, 88
Trd, 4318129.993, 111
Trd, 4318132.593, 91
Trd, 4318135.543, 90
Trd, 4318135.593, 90
Trd, 4318136.743, 89
Trd, 4318138.443, 85
Trd, 4318139.793, 89
Trd, 4318144.843, 86
Trd, 4318145.593, 87
Trd, 4318146.293, 87
Trd, 4318146.843, 95
Trd, 4318148.493, 88
Trd, 4318148.743, 88
Trd, 4318149.893, 88
Trd, 4318151.443, 99
Trd, 4318151.843, 97
Trd, 4318152.493, 92
Trd, 4318154.093, 95
Trd, 4318155.293, 93
Trd, 4318157.793, 106
Trd, 4318157.943, 104
Trd, 4318158.393, 100
Trd, 4318160.243, 100
Trd, 4318161.693, 100
Trd, 4318164.643, 95
Trd, 4318165.943, 96
Trd, 4318167.293, 95
Trd, 4318168.643, 96
Trd, 4318169.693, 93
Trd, 4318171.793, 94
Trd, 4318173.293, 93
Trd, 4318174.743, 93
Trd, 4318176.293, 93
Trd, 4318178.943, 91
Trd, 4318179.643, 91
Trd, 4318180.743, 95
Trd, 4318181.493, 97
Trd, 4318182.693, 95
Trd, 4318186.593, 89
Trd, 4318186.893, 89
Trd, 4318187.293, 89
Trd, 4318188.843, 89
Trd, 4318190.293, 89
Trd, 4318192.443, 90
Trd, 4318193.493, 89
Trd, 4318195.093, 99
Trd, 4318196.343, 100
Trd, 4318197.393, 98
Trd, 4318199.943, 97
Trd, 4318201.343, 94
Trd, 4318202.993, 94
Trd, 4318204.093, 94
Trd, 4318204.693, 94
Trd, 4318207.343, 94
Trd, 4318208.393, 94
Trd, 4318208.643, 94
Trd, 4318208.943, 95
Trd, 4318215.793, 95
Trd, 4318215.943, 94
Trd, 4318217.843, 95
Trd, 4318220.993, 95
Trd, 4318221.043, 95
Trd, 4318221.543, 95
Trd, 4318223.543, 95
Trd, 4318225.093, 95
Trd, 4318225.443, 95
Trd, 4318229.143, 95
Trd, 4318231.093, 95
Trd, 4318231.593, 95
Trd, 4318234.493, 95
Trd, 4318236.693, 95
Trd, 4318240.093, 95
Trd, 4318241.643, 95
Trd, 4318245.643, 95
Trd, 4318246.643, 95
Trd, 4318246.743, 95
Trd, 4318248.693, 95
Trd, 4318250.893, 95
Trd, 4318251.693, 94
Trd, 4318254.143, 94
Trd, 4318254.993, 95
Trd, 4318256.193, 95
Trd, 4318256.943, 94
Trd, 4318258.393, 95
Trd, 4318258.593, 94
Trd, 4318259.793, 93
Trd, 4318260.843, 93
Trd, 4318261.793, 93
Trd, 4318265.143, 93
Trd, 4318265.643, 93
Trd, 4318267.243, 94
Trd, 4318268.593, 93
Trd, 4318268.943, 93
Trd, 4318270.143, 95
Trd, 4318275.043, 93
Trd, 4318275.643, 93
Trd, 4318279.993, 93
Trd, 4318281.693, 92
Trd, 4318282.343, 93
Trd, 4318282.443, 93
Trd, 4318284.543, 93
Trd, 4318285.843, 95
Trd, 4318288.143, 96
Trd, 4318290.543, 95
Trd, 4318290.993, 95
Trd, 4318291.793, 95
Trd, 4318293.493, 95
Trd, 4318294.343, 95
Trd, 4318294.743, 95
Trd, 4318297.643, 95
Trd, 4318299.093, 95
Trd, 4318300.393, 94
Trd, 4318302.393, 95
Trd, 4318303.443, 95
Trd, 4318304.293, 95
Trd, 4318305.743, 95
Trd, 4318306.993, 91
Trd, 4318307.293, 92
Trd, 4318309.993, 91
Trd, 4318311.493, 91
Trd, 4318312.543, 92
Trd, 4318314.843, 92
Trd, 4318315.743, 93
Trd, 4318316.043, 93
Trd, 4318319.343, 106
Trd, 4318319.693, 101
Trd, 4318322.093, 103
Trd, 4318323.343, 104
Trd, 4318324.493, 105
Trd, 4318326.193, 104
Trd, 4318327.943, 103
Trd, 4318331.393, 96
Trd, 4318332.093, 96
Trd, 4318332.343, 96
Trd, 4318333.843, 98
Trd, 4318337.093, 98
Trd, 4318338.093, 98
Trd, 4318338.443, 98
Trd, 4318338.893, 98
Trd, 4318339.743, 97
Trd, 4318343.343, 96
Trd, 4318347.443, 95
Trd, 4318351.193, 93
Trd, 4318352.993, 88
Trd, 4318353.893, 88
Trd, 4318355.043, 88
Trd, 4318357.043, 99
Trd, 4318357.443, 93
Trd, 4318357.993, 92
Trd, 4318359.493, 93
Trd, 4318361.443, 92
Trd, 4318363.093, 90
Trd, 4318365.743, 90
Trd, 4318368.243, 91
Trd, 4318368.343, 91
Trd, 4318368.843, 91
Trd, 4318369.243, 91
Trd, 4318371.993, 91
Trd, 4318372.743, 93
Trd, 4318373.743, 95
Trd, 4318376.243, 103
Trd, 4318376.543, 102
Trd, 4318379.293, 100
Trd, 4318380.243, 95
Trd, 4318381.643, 94
Trd, 4318382.293, 94
Trd, 4318382.443, 94
Trd, 4318384.743, 95
Trd, 4318385.943, 95
Trd, 4318386.643, 95
Trd, 4318389.543, 96
Trd, 4318391.243, 96
Trd, 4318391.943, 97
Trd, 4318393.493, 95
Trd, 4318395.393, 94
Trd, 4318398.393, 94
Trd, 4318398.493, 93
Trd, 4318401.043, 94
Trd, 4318404.193, 93
Trd, 4318404.593, 94
Trd, 4318405.843, 93
Trd, 4318406.443, 93
Trd, 4318407.043, 94
Trd, 4318407.543, 94
Trd, 4318408.443, 94
Trd, 4318408.693, 94
Trd, 4318411.693, 94
Trd, 4318412.443, 94
Trd, 4318413.143, 94
Trd, 4318414.343, 94
Trd, 4318415.643, 94
Trd, 4318417.593, 94
Trd, 4318421.543, 93
Trd, 4318424.493, 94
Trd, 4318424.993, 93
Trd, 4318427.193, 94
Trd, 4318427.493, 94
Trd, 4318427.893, 95
Trd, 4318429.743, 95
Trd, 4318430.993, 97
Trd, 4318431.593, 96
Trd, 4318433.693, 96
Trd, 4318436.943, 96
Trd, 4318437.143, 96
Trd, 4318438.543, 95
Trd, 4318438.993, 94
Trd, 4318440.493, 93
Trd, 4318442.993, 93
Trd, 4318444.443, 93
Trd, 4318447.143, 93
Trd, 4318447.243, 92
Trd, 4318451.593, 93
Trd, 4318453.193, 93
Trd, 4318453.893, 93
Trd, 4318454.143, 93
Trd, 4318454.993, 93
Trd, 4318456.143, 93
Trd, 4318458.143, 93
Trd, 4318458.793, 92
Trd, 4318462.043, 93
Trd, 4318462.593, 93
Trd, 4318464.243, 95
Trd, 4318465.693, 93
Trd, 4318466.693, 95
Trd, 4318469.893, 94
Trd, 4318470.993, 94
Trd, 4318474.093, 93
Trd, 4318474.843, 94
Trd, 4318475.493, 94
Trd, 4318476.443, 94
Trd, 4318477.543, 94
Trd, 4318478.093, 93
Trd, 4318480.793, 93
Trd, 4318484.193, 92
Trd, 4318484.893, 91
Trd, 4318485.493, 93
Trd, 4318486.743, 93
Trd, 4318486.793, 95
Trd, 4318491.193, 94
Trd, 4318491.493, 94
Trd, 4318492.793, 94
Trd, 4318493.843, 95
Trd, 4318494.243, 95
Trd, 4318495.943, 95
Trd, 4318496.543, 94
Trd, 4318498.543, 94
Trd, 4318499.743, 95
Trd, 4318501.893, 95
Trd, 4318504.893, 94
Trd, 4318505.343, 95
Trd, 4318507.193, 94
Trd, 4318509.543, 94
Trd, 4318510.543, 94
Trd, 4318511.393, 94
Trd, 4318516.043, 95
Trd, 4318517.243, 95
Trd, 4318518.943, 94
Trd, 4318519.143, 94
Trd, 4318519.443, 93
Trd, 4318520.543, 95
Trd, 4318521.443, 94
Trd, 4318526.493, 94
Trd, 4318526.743, 95
Trd, 4318526.943, 95
Trd, 4318527.343, 95
Trd, 4318527.893, 95
Trd, 4318534.643, 95
Trd, 4318535.443, 95
Trd, 4318537.893, 95
Trd, 4318538.793, 94
Trd, 4318539.693, 95
Trd, 4318540.443, 95
Trd, 4318541.593, 95
Trd, 4318541.793, 95
Trd, 4318542.493, 95
Trd, 4318544.543, 95
Trd, 4318550.393, 95
Trd, 4318550.693, 95
Trd, 4318556.593, 95
Trd, 4318557.593, 95
Trd, 4318559.193, 95
Trd, 4318559.643, 94
Trd, 4318559.893, 95
Trd, 4318563.243, 95
Trd, 4318564.293, 95
Trd, 4318564.393, 94
Trd, 4318564.593, 95
Trd, 4318570.443, 95
Trd, 4318570.493, 94
Trd, 4318572.793, 94
Trd, 4318574.543, 93
Trd, 4318575.293, 94
Trd, 4318578.493, 94
Trd, 4318578.993, 94
Trd, 4318579.343, 94
Trd, 4318579.943, 94
Trd, 4318582.993, 98
Trd, 4318583.693, 99
Trd, 4318584.243, 98
Trd, 4318586.693, 104
Trd, 4318587.993, 99
Trd, 4318589.093, 100
Trd, 4318593.243, 99
Trd, 4318594.843, 98
Trd, 4318595.543, 97
Trd, 4318598.193, 97
Trd, 4318598.343, 96
Trd, 4318598.843, 99
Trd, 4318599.543, 96
Trd, 4318601.643, 97
Trd, 4318601.893, 96
Trd, 4318602.493, 96
Trd, 4318603.343, 95
Trd, 4318606.243, 89
Trd, 4318607.393, 92
Trd, 4318608.293, 91
Trd, 4318609.493, 92
Trd, 4318613.743, 92
Trd, 4318613.793, 91
Trd, 4318616.343, 92
Trd, 4318618.493, 92
Trd, 4318618.643, 92
Trd, 4318619.643, 90
Trd, 4318621.393, 89
Trd, 4318622.243, 89
Trd, 4318623.893, 89
Trd, 4318625.843, 89
Trd, 4318627.443, 88
Trd, 4318629.543, 89
Trd, 4318630.693, 89
Trd, 4318631.893, 90
Trd, 4318633.843, 90
Trd, 4318634.493, 89
Trd, 4318637.443, 89
Trd, 4318637.743, 88
Trd, 4318638.993, 88
Trd, 4318639.843, 89
Trd, 4318642.543, 88
Trd, 4318642.843, 87
Trd, 4318644.593, 89
Trd, 4318647.243, 89
Trd, 4318648.293, 89
Trd, 4318649.443, 89
Trd, 4318650.493, 89
Trd, 4318651.343, 89
Trd, 4318653.393, 89
Trd, 4318655.843, 89
Trd, 4318658.593, 89
Trd, 4318658.743, 88
Trd, 4318659.893, 89
Trd, 4318660.343, 95
Trd, 4318661.443, 90
Trd, 4318666.793, 90
Trd, 4318667.543, 90
Trd, 4318667.743, 90
Trd, 4318669.193, 98
Trd, 4318669.543, 95
Trd, 4318671.643, 96
Trd, 4318674.143, 92
Trd, 4318676.543, 92
Trd, 4318676.643, 91
Trd, 4318677.843, 92
Trd, 4318678.143, 92
Trd, 4318679.643, 92
Trd, 4318681.093, 92
Trd, 4318681.293, 95
Trd, 4318683.793, 93
Trd, 4318684.043, 94
Trd, 4318686.093, 100
Trd, 4318686.293, 95
Trd, 4318689.143, 103
Trd, 4318689.643, 103
Trd, 4318691.293, 102
Trd, 4318694.143, 101
Trd, 4318695.843, 114
Trd, 4318696.493, 107
Trd, 4318698.093, 107
Trd, 4318701.443, 106
Trd, 4318702.693, 106
Trd, 4318705.193, 105
Trd, 4318708.093, 106
Trd, 4318713.793, 105
Trd, 4318715.693, 104
Trd, 4318717.343, 103
Trd, 4318717.593, 103
Trd, 4318720.693, 97
Trd, 4318722.043, 95
Trd, 4318724.193, 96
Trd, 4318725.243, 97
Trd, 4318725.743, 97
Trd, 4318726.293, 96
Trd, 4318727.743, 95
Trd, 4318728.793, 94
Trd, 4318733.293, 95
Trd, 4318736.493, 94
Trd, 4318736.743, 93
Trd, 4318737.443, 94
Trd, 4318737.943, 93
Trd, 4318738.643, 94
Trd, 4318742.243, 92
Trd, 4318742.843, 93
Trd, 4318745.293, 93
Trd, 4318745.493, 112
Trd, 4318746.093, 97
Trd, 4318747.643, 99
Trd, 4318749.093, 97
Trd, 4318750.293, 97
Trd, 4318750.743, 96
Trd, 4318752.293, 97
Trd, 4318753.193, 96
Trd, 4318755.293, 96
Trd, 4318757.343, 97
Trd, 4318759.543, 96
Trd, 4318760.743, 97
Trd, 4318762.243, 96
Trd, 4318763.943, 97
Trd, 4318765.043, 98
Trd, 4318765.193, 99
Trd, 4318767.743, 98
Trd, 4318769.043, 98
Trd, 4318771.193, 101
Trd, 4318771.793, 98
Trd, 4318773.943, 97
Trd, 4318775.943, 98
Trd, 4318777.843, 97
Trd, 4318777.893, 97
Trd, 4318778.743, 96
Trd, 4318782.343, 93
Trd, 4318783.393, 93
Trd, 4318784.143, 93
Trd, 4318784.793, 93
Trd, 4318785.743, 93
Trd, 4318789.293, 94
Trd, 4318789.893, 94
Trd, 4318790.693, 93
Trd, 4318793.693, 93
Trd, 4318796.593, 93
Trd, 4318798.193, 93
Trd, 4318798.943, 93
Trd, 4318799.043, 92
Trd, 4318800.243, 93
Trd, 4318801.593, 93
Trd, 4318803.943, 93
Trd, 4318805.243, 94
Trd, 4318808.443, 94
Trd, 4318809.393, 93
Trd, 4318809.993, 94
Trd, 4318810.543, 95
Trd, 4318812.543, 106
Trd, 4318813.043, 103
Trd, 4318813.893, 103
Trd, 4318815.243, 101
Trd, 4318817.493, 103
Trd, 4318818.343, 103
Trd, 4318819.843, 104
Trd, 4318821.993, 109
Trd, 4318823.443, 110
Trd, 4318823.743, 108
Trd, 4318824.843, 108
Trd, 4318829.993, 89
Trd, 4318830.943, 88
Trd, 4318831.843, 88
Trd, 4318833.293, 104
Trd, 4318833.893, 100
Trd, 4318836.893, 94
Trd, 4318839.043, 93
Trd, 4318841.043, 94
Trd, 4318841.593, 94
Trd, 4318842.743, 94
Trd, 4318842.943, 93
Trd, 4318844.243, 99
Trd, 4318845.443, 99
Trd, 4318848.143, 105
Trd, 4318848.943, 104
Trd, 4318849.693, 102
Trd, 4318855.093, 90
Trd, 4318855.643, 90
Trd, 4318855.743, 91
Trd, 4318857.893, 91
Trd, 4318859.393, 91
Trd, 4318861.293, 92
Trd, 4318861.743, 107
Trd, 4318862.893, 96
Trd, 4318863.693, 96
Trd, 4318864.493, 97
Trd, 4318866.743, 93
Trd, 4318867.343, 93
Trd, 4318868.343, 93
Trd, 4318869.593, 99
Trd, 4318871.043, 104
Trd, 4318872.543, 104
Trd, 4318874.893, 107
Trd, 4318875.393, 106
Trd, 4318876.543, 110
Trd, 4318877.693, 105
Trd, 4318878.443, 105
Trd, 4318880.343, 104
Trd, 4318881.493, 103
Trd, 4318886.593, 102
Trd, 4318886.993, 103
Trd, 4318889.543, 103
Trd, 4318890.343, 103
Trd, 4318892.293, 101
Trd, 4318892.893, 102
Trd, 4318893.893, 96
Trd, 4318895.943, 95
Trd, 4318896.443, 96
Trd, 4318896.993, 106
Trd, 4318900.093, 107
Trd, 4318900.843, 108
Trd, 4318903.343, 107
Trd, 4318904.193, 107
Trd, 4318905.693, 105
Trd, 4318907.743, 106
Trd, 4318910.193, 105
Trd, 4318914.643, 95
Trd, 4318914.893, 95
Trd, 4318916.793, 95
Trd, 4318916.993, 95
Trd, 4318917.493, 95
Trd, 4318919.893, 95
Trd, 4318920.193, 95
Trd, 4318920.593, 95
Trd, 4318921.343, 96
Trd, 4318925.143, 91
Trd, 4318926.143, 94
Trd, 4318926.393, 94
Trd, 4318927.993, 93
Trd, 4318929.143, 93
Trd, 4318930.493, 94
Trd, 4318933.643, 91
Trd, 4318933.793, 91
Trd, 4318935.593, 91
Trd, 4318936.543, 91
Trd, 4318937.193, 92
Trd, 4318938.343, 92
Trd, 4318942.543, 92
Trd, 4318943.693, 98
Trd, 4318944.943, 97
Trd, 4318946.943, 97
Trd, 4318948.993, 95
Trd, 4318949.743, 95
Trd, 4318950.593, 95
Trd, 4318951.543, 95
Trd, 4318955.093, 94
Trd, 4318955.543, 94
Trd, 4318955.943, 94
Trd, 4318956.943, 100
Trd, 4318958.843, 101
Trd, 4318959.743, 102
Trd, 4318960.543, 101
Trd, 4318962.843, 100
Trd, 4318964.143, 102
Trd, 4318965.993, 102
Trd, 4318966.893, 100
Trd, 4318967.343, 100
Trd, 4318971.543, 101
Trd, 4318972.793, 99
Trd, 4318973.293, 99
Trd, 4318974.593, 98
Trd, 4318975.643, 96
Trd, 4318976.793, 97
Trd, 4318977.343, 96
Trd, 4318979.093, 102
Trd, 4318980.643, 100
Trd, 4318981.793, 99
Trd, 4318983.543, 92
Trd, 4318984.193, 96
Trd, 4318986.893, 95
Trd, 4318987.693, 94
Trd, 4318988.293, 104
Trd, 4318989.543, 96
Trd, 4318990.493, 96
Trd, 4318992.543, 93
Trd, 4318992.593, 92
Trd, 4318995.843, 92
Trd, 4318997.043, 95
Trd, 4318997.143, 93
Trd, 4319000.043, 92
Trd, 4319000.293, 91
Trd, 4319002.493, 92
Trd, 4319003.043, 92
Trd, 4319003.493, 91
Trd, 4319004.893, 92
Trd, 4319007.693, 95
Trd, 4319008.943, 94
Trd, 4319010.093, 94
Trd, 4319012.843, 92
Trd, 4319013.293, 92
Trd, 4319015.393, 92
Trd, 4319015.593, 91
Trd, 4319016.543, 92
Trd, 4319017.693, 92
Trd, 4319021.593, 90
Trd, 4319022.643, 90
Trd, 4319024.693, 89
Trd, 4319025.643, 89
Trd, 4319026.143, 89
Trd, 4319027.243, 93
Trd, 4319028.143, 90
Trd, 4319030.643, 89
Trd, 4319033.543, 90
Trd, 4319034.443, 90
Trd, 4319039.093, 90
Trd, 4319039.843, 90
Trd, 4319039.993, 89
Trd, 4319043.343, 90
Trd, 4319044.193, 91
Trd, 4319044.843, 89
Trd, 4319045.893, 91
Trd, 4319047.193, 91
Trd, 4319048.443, 95
Trd, 4319051.593, 101
Trd, 4319053.143, 93
Trd, 4319055.993, 93
Trd, 4319058.393, 93
Trd, 4319059.043, 93
Trd, 4319059.593, 93
Trd, 4319061.243, 86
Trd, 4319061.693, 86
Trd, 4319062.793, 86
Trd, 4319063.643, 87
Trd, 4319065.693, 95
Trd, 4319067.043, 95
Trd, 4319067.343, 94
Trd, 4319070.093, 106
Trd, 4319071.143, 104
Trd, 4319072.343, 104
Trd, 4319072.843, 103
Trd, 4319075.493, 102
Trd, 4319075.793, 101
Trd, 4319076.043, 102
Trd, 4319078.793, 101
Trd, 4319080.943, 96
Trd, 4319082.193, 96
Trd, 4319082.443, 95
Trd, 4319084.043, 96
Trd, 4319084.943, 102
Trd, 4319086.943, 98
Trd, 4319087.843, 98
Trd, 4319089.793, 94
Trd, 4319091.043, 93
Trd, 4319092.693, 93
Trd, 4319094.343, 93
Trd, 4319094.443, 93
Trd, 4319095.993, 93
Trd, 4319097.093, 93
Trd, 4319097.243, 93
Trd, 4319099.893, 94
Trd, 4319101.493, 93
Trd, 4319103.693, 94
Trd, 4319104.043, 93
Trd, 4319105.293, 94
Trd, 4319106.643, 94
Trd, 4319108.143, 95
Trd, 4319112.043, 95
Trd, 4319113.893, 95
Trd, 4319114.343, 95
Trd, 4319117.043, 95
Trd, 4319118.443, 95
Trd, 4319120.993, 93
Trd, 4319121.593, 93
Trd, 4319122.293, 93
Trd, 4319125.693, 93
Trd, 4319128.593, 93
Trd, 4319128.643, 93
Trd, 4319129.493, 92
Trd, 4319132.343, 93
Trd, 4319134.543, 93
Trd, 4319136.843, 93
Trd, 4319137.293, 93
Trd, 4319139.293, 93
Trd, 4319139.793, 93
Trd, 4319140.193, 93
Trd, 4319141.243, 94
Trd, 4319142.493, 95
Trd, 4319143.693, 95
Trd, 4319145.943, 95
Trd, 4319148.493, 93
Trd, 4319150.093, 92
Trd, 4319151.543, 92
Trd, 4319152.043, 92
Trd, 4319153.943, 92
Trd, 4319156.193, 92
Trd, 4319159.343, 92
Trd, 4319160.493, 92
Trd, 4319161.593, 91
Trd, 4319164.793, 92
Trd, 4319165.743, 91
Trd, 4319170.043, 91
Trd, 4319170.443, 90
Trd, 4319172.093, 90
Trd, 4319172.193, 90
Trd, 4319173.643, 91
Trd, 4319176.093, 91
Trd, 4319176.693, 91
Trd, 4319178.743, 93
Trd, 4319179.393, 92
Trd, 4319181.443, 93
Trd, 4319181.593, 92
Trd, 4319182.293, 92
Trd, 4319182.943, 111
Trd, 4319187.543, 95
Trd, 4319187.993, 95
Trd, 4319188.793, 95
Trd, 4319191.693, 93
Trd, 4319192.643, 95
Trd, 4319196.843, 94
Trd, 4319199.793, 95
Trd, 4319202.943, 95
Trd, 4319203.043, 95
Trd, 4319203.943, 95
Trd, 4319206.693, 94
Trd, 4319208.843, 94
Trd, 4319209.293, 95
Trd, 4319209.393, 95
Trd, 4319211.893, 95
Trd, 4319213.543, 95
Trd, 4319213.743, 95
Trd, 4319216.243, 95
Trd, 4319217.643, 95
Trd, 4319217.743, 94
Trd, 4319219.593, 95
Trd, 4319223.343, 95
Trd, 4319225.643, 95
Trd, 4319231.293, 94
Trd, 4319232.293, 95
Trd, 4319232.943, 95
Trd, 4319233.293, 94
Trd, 4319238.043, 94
Trd, 4319241.343, 94
Trd, 4319242.543, 95
Trd, 4319243.643, 94
Trd, 4319246.843, 94
Trd, 4319249.243, 95
Trd, 4319250.543, 95
Trd, 4319251.093, 94
Trd, 4319252.743, 95
Trd, 4319253.243, 95
Trd, 4319253.343, 95
Trd, 4319257.543, 95
Trd, 4319257.993, 95
Trd, 4319258.593, 94
Trd, 4319259.443, 94
Trd, 4319261.843, 95
Trd, 4319262.793, 95
Trd, 4319264.143, 94
Trd, 4319265.493, 95
Trd, 4319266.343, 94
Trd, 4319266.743, 94
Trd, 4319267.943, 94
Trd, 4319271.143, 92
Trd, 4319271.643, 90
Trd, 4319273.543, 92
Trd, 4319274.543, 94
Trd, 4319276.193, 100
Trd, 4319276.843, 96
Trd, 4319277.193, 108
Trd, 4319278.843, 106
Trd, 4319279.393, 105
Trd, 4319280.843, 104
Trd, 4319281.693, 105
Trd, 4319284.293, 107
Trd, 4319285.443, 108
Trd, 4319286.543, 104
Trd, 4319287.943, 104
Trd, 4319288.693, 105
Trd, 4319290.493, 104
Trd, 4319293.743, 103
Trd, 4319295.493, 102
Trd, 4319295.893, 101
Trd, 4319296.243, 101
Trd, 4319298.543, 101
Trd, 4319299.993, 101
Trd, 4319300.593, 102
Trd, 4319301.443, 103
Trd, 4319304.193, 102
Trd, 4319305.743, 99
Trd, 4319310.893, 100
Trd, 4319311.543, 99
Trd, 4319313.343, 99
Trd, 4319314.893, 99
Trd, 4319316.693, 98
Trd, 4319317.293, 97
Trd, 4319318.593, 97
Trd, 4319323.843, 95
Trd, 4319324.643, 95
Trd, 4319325.793, 95
Trd, 4319326.893, 95
Trd, 4319330.393, 95
Trd, 4319330.693, 95
Trd, 4319331.443, 95
Trd, 4319332.893, 96
Trd, 4319333.093, 96
Trd, 4319336.493, 101
Trd, 4319337.093, 98
Trd, 4319339.193, 95
Trd, 4319339.743, 96
Trd, 4319340.043, 96
Trd, 4319342.143, 93
Trd, 4319344.393, 89
Trd, 4319345.643, 82
Trd, 4319346.493, 82
Trd, 4319348.943, 82
Trd, 4319349.193, 82
Trd, 4319350.393, 82
Trd, 4319352.143, 82
Trd, 4319352.993, 91
Trd, 4319353.943, 92
Trd, 4319355.143, 94
Trd, 4319355.343, 88
Trd, 4319357.543, 92
Trd, 4319358.243, 91
Trd, 4319359.443, 92
Trd, 4319360.993, 104
Trd, 4319361.143, 100
Trd, 4319361.993, 95
Trd, 4319363.793, 98
Trd, 4319367.343, 95
Trd, 4319367.993, 95
Trd, 4319368.543, 95
Trd, 4319371.643, 94
Trd, 4319372.393, 94
Trd, 4319372.743, 94
Trd, 4319374.843, 94
Trd, 4319376.693, 95
Trd, 4319376.943, 95
Trd, 4319377.093, 95
Trd, 4319377.643, 95
Trd, 4319380.493, 101
Trd, 4319380.993, 99
Trd, 4319382.293, 99
Trd, 4319383.993, 99
Trd, 4319384.793, 98
Trd, 4319385.193, 96
Trd, 4319386.493, 95
Trd, 4319388.643, 94
Trd, 4319390.043, 95
Trd, 4319391.243, 95
Trd, 4319392.293, 102
Trd, 4319392.993, 97
Trd, 4319393.943, 98
Trd, 4319396.043, 112
Trd, 4319396.743, 102
Trd, 4319397.693, 102
Trd, 4319399.843, 104
Trd, 4319399.943, 104
Trd, 4319400.593, 104
Trd, 4319403.793, 103
Trd, 4319404.443, 98
Trd, 4319406.843, 98
Trd, 4319411.393, 95
Trd, 4319411.993, 95
Trd, 4319412.293, 95
Trd, 4319414.493, 95
Trd, 4319415.643, 95
Trd, 4319416.993, 95
Trd, 4319417.093, 95
Trd, 4319424.193, 95
Trd, 4319426.393, 95
Trd, 4319427.093, 95
Trd, 4319428.343, 95
Trd, 4319428.643, 94
Trd, 4319428.693, 94
Trd, 4319431.093, 96
Trd, 4319433.893, 96
Trd, 4319434.893, 95
Trd, 4319436.543, 95
Trd, 4319439.643, 95
Trd, 4319441.743, 95
Trd, 4319441.843, 96
Trd, 4319442.743, 95
Trd, 4319443.343, 96
Trd, 4319446.743, 93
Trd, 4319447.193, 93
Trd, 4319451.643, 91
Trd, 4319451.693, 91
Trd, 4319452.543, 90
Trd, 4319452.693, 91
Trd, 4319454.643, 89
Trd, 4319454.843, 89
Trd, 4319456.743, 92
Trd, 4319457.093, 92
Trd, 4319459.343, 96
Trd, 4319460.093, 95
Trd, 4319462.593, 98
Trd, 4319463.593, 97
Trd, 4319465.343, 99
Trd, 4319466.093, 100
Trd, 4319468.893, 93
Trd, 4319470.193, 93
Trd, 4319471.743, 93
Trd, 4319472.343, 94
Trd, 4319472.443, 94
Trd, 4319473.493, 94
Trd, 4319476.393, 94
Trd, 4319476.743, 95
Trd, 4319478.643, 95
Trd, 4319478.793, 94
Trd, 4319482.543, 94
Trd, 4319483.343, 95
Trd, 4319484.693, 94
Trd, 4319487.693, 94
Trd, 4319489.543, 94
Trd, 4319489.893, 94
Trd, 4319490.943, 93
Trd, 4319491.743, 94
Trd, 4319494.343, 101
Trd, 4319496.043, 103
Trd, 4319496.343, 102
Trd, 4319498.043, 97
Trd, 4319499.593, 96
Trd, 4319500.543, 97
Trd, 4319502.193, 96
Trd, 4319502.493, 95
Trd, 4319504.393, 96
Trd, 4319505.093, 95
Trd, 4319506.943, 95
Trd, 4319508.893, 95
Trd, 4319510.293, 95
Trd, 4319510.693, 95
Trd, 4319511.443, 95
Trd, 4319511.943, 95
Trd, 4319514.443, 95
Trd, 4319514.993, 94
Trd, 4319517.643, 94
Trd, 4319517.993, 94
Trd, 4319522.443, 94
Trd, 4319524.693, 94
Trd, 4319526.593, 94
Trd, 4319527.043, 93
Trd, 4319527.643, 94
Trd, 4319528.493, 94
Trd, 4319534.943, 94
Trd, 4319535.943, 93
Trd, 4319538.093, 93
Trd, 4319540.693, 93
Trd, 4319540.843, 92
Trd, 4319545.593, 93
Trd, 4319546.243, 93
Trd, 4319548.443, 93
Trd, 4319550.493, 93
Trd, 4319552.993, 93
Trd, 4319553.743, 92
Trd, 4319554.793, 93
Trd, 4319555.193, 95
Trd, 4319557.593, 93
Trd, 4319558.943, 93
Trd, 4319561.393, 93
Trd, 4319562.893, 93
Trd, 4319564.043, 93
Trd, 4319564.493, 93
Trd, 4319570.343, 93
Trd, 4319571.893, 93
Trd, 4319572.143, 94
Trd, 4319574.093, 93
Trd, 4319577.543, 93
Trd, 4319578.043, 92
Trd, 4319578.493, 93
Trd, 4319581.593, 93
Trd, 4319581.893, 93
Trd, 4319585.193, 93
Trd, 4319585.443, 93
Trd, 4319588.593, 93
Trd, 4319589.293, 93
Trd, 4319589.743, 93
Trd, 4319591.393, 92
Trd, 4319592.893, 93
Trd, 4319593.843, 99
Trd, 4319594.643, 99
Trd, 4319596.493, 99
Trd, 4319598.743, 97
Trd, 4319599.593, 96
Trd, 4319601.343, 93
Trd, 4319602.193, 93
Trd, 4319602.893, 93
Trd, 4319605.743, 93
Trd, 4319606.593, 93
Trd, 4319608.943, 93
Trd, 4319610.843, 93
Trd, 4319613.693, 93
Trd, 4319614.743, 93
Trd, 4319615.143, 93
Trd, 4319617.593, 93
Trd, 4319618.893, 93
Trd, 4319620.893, 93
Trd, 4319624.443, 94
Trd, 4319626.693, 95
Trd, 4319627.093, 95
Trd, 4319628.193, 93
Trd, 4319629.443, 91
Trd, 4319632.043, 90
Trd, 4319634.043, 90
Trd, 4319634.543, 90
Trd, 4319636.393, 90
Trd, 4319636.643, 89
Trd, 4319637.443, 89
Trd, 4319638.743, 90
Trd, 4319640.043, 93
Trd, 4319640.793, 93
Trd, 4319644.993, 92
Trd, 4319646.043, 92
Trd, 4319646.243, 92
Trd, 4319647.293, 92
Trd, 4319647.743, 92
Trd, 4319648.743, 92
Trd, 4319649.893, 92
Trd, 4319654.243, 92
Trd, 4319657.343, 92
Trd, 4319659.093, 92
Trd, 4319659.543, 93
Trd, 4319660.943, 93
Trd, 4319662.493, 93
Trd, 4319664.793, 93
Trd, 4319666.893, 93
Trd, 4319667.043, 93
Trd, 4319668.143, 93
Trd, 4319669.643, 93
Trd, 4319671.143, 93
Trd, 4319672.043, 94
Trd, 4319672.743, 93
Trd, 4319674.443, 93
Trd, 4319676.343, 93
Trd, 4319677.043, 92
Trd, 4319680.743, 93
Trd, 4319681.593, 93
Trd, 4319683.393, 93
Trd, 4319687.493, 94
Trd, 4319688.543, 93
Trd, 4319688.843, 93
Trd, 4319690.493, 93
Trd, 4319695.743, 93
Trd, 4319698.443, 94
Trd, 4319698.793, 94
Trd, 4319700.643, 95
Trd, 4319702.443, 94
Trd, 4319705.243, 94
Trd, 4319706.193, 94
Trd, 4319706.393, 93
Trd, 4319707.193, 94
Trd, 4319709.043, 94
Trd, 4319711.293, 94
Trd, 4319712.193, 94
Trd, 4319714.693, 94
Trd, 4319716.093, 94
Trd, 4319717.143, 95
Trd, 4319718.243, 95
Trd, 4319720.243, 94
Trd, 4319722.593, 94
Trd, 4319724.593, 94
Trd, 4319727.993, 94
Trd, 4319730.693, 93
Trd, 4319732.943, 93
Trd, 4319736.693, 93
Trd, 4319737.393, 92
Trd, 4319738.193, 93
Trd, 4319740.243, 92
Trd, 4319742.793, 92
Trd, 4319743.543, 92
Trd, 4319743.593, 92
Trd, 4319744.143, 92
Trd, 4319744.493, 92
Trd, 4319748.093, 92
Trd, 4319748.593, 92
Trd, 4319749.643, 92
Trd, 4319751.843, 93
Trd, 4319752.443, 92
Trd, 4319755.043, 94
Trd, 4319755.243, 95
Trd, 4319758.293, 93
Trd, 4319759.793, 93
Trd, 4319761.243, 93
Trd, 4319762.193, 93
Trd, 4319764.493, 93
Trd, 4319765.493, 93
Trd, 4319766.293, 94
Trd, 4319768.393, 94
Trd, 4319769.993, 94
Trd, 4319770.493, 94
Trd, 4319773.093, 94
Trd, 4319773.993, 94
Trd, 4319774.893, 93
Trd, 4319775.143, 94
Trd, 4319780.643, 94
Trd, 4319780.843, 93
Trd, 4319781.393, 93
Trd, 4319782.743, 94
Trd, 4319784.343, 93
Trd, 4319786.643, 96
Trd, 4319787.243, 98
Trd, 4319788.593, 99
Trd, 4319788.943, 98
Trd, 4319792.643, 98
Trd, 4319792.793, 99
Trd, 4319794.093, 97
Trd, 4319795.643, 97
Trd, 4319795.893, 96
Trd, 4319797.843, 97
Trd, 4319801.493, 96
Trd, 4319802.043, 97
Trd, 4319802.243, 97
Trd, 4319802.543, 97
Trd, 4319804.943, 95
Trd, 4319806.693, 94
Trd, 4319808.043, 94
Trd, 4319808.143, 94
Trd, 4319811.043, 95
Trd, 4319812.843, 95
Trd, 4319814.493, 95
Trd, 4319816.343, 95
Trd, 4319816.543, 95
Trd, 4319817.893, 95
Trd, 4319820.643, 95
Trd, 4319821.143, 95
Trd, 4319822.393, 95
Trd, 4319823.843, 94
Trd, 4319824.593, 102
Trd, 4319824.893, 102
Trd, 4319825.843, 101
Trd, 4319827.793, 100
Trd, 4319829.293, 100
Trd, 4319829.393, 99
Trd, 4319830.743, 99
Trd, 4319831.843, 100
Trd, 4319833.243, 99
Trd, 4319838.043, 93
Trd, 4319838.243, 92
Trd, 4319839.843, 92
Trd, 4319841.143, 92
Trd, 4319842.293, 92
Trd, 4319843.093, 93
Trd, 4319843.293, 93
Trd, 4319845.543, 93
Trd, 4319846.143, 96
Trd, 4319848.043, 94
Trd, 4319850.643, 101
Trd, 4319851.093, 106
Trd, 4319851.343, 100
Trd, 4319854.843, 101
Trd, 4319855.843, 100
Trd, 4319857.993, 101
Trd, 4319859.343, 101
Trd, 4319859.843, 101
Trd, 4319861.943, 101
Trd, 4319863.393, 96
Trd, 4319863.843, 96
Trd, 4319865.193, 95
Trd, 4319866.393, 95
Trd, 4319866.943, 95
Trd, 4319869.843, 96
Trd, 4319871.843, 95
Trd, 4319871.993, 94
Trd, 4319873.443, 93
Trd, 4319874.243, 93
Trd, 4319876.493, 95
Trd, 4319878.693, 94
Trd, 4319879.393, 95
Trd, 4319880.843, 95
Trd, 4319882.593, 95
Trd, 4319886.193, 95
Trd, 4319888.493, 95
Trd, 4319890.443, 95
Trd, 4319892.493, 94
Trd, 4319894.143, 95
Trd, 4319899.643, 95
Trd, 4319900.743, 94
Trd, 4319901.393, 93
Trd, 4319903.893, 94
Trd, 4319903.943, 94
Trd, 4319905.543, 94
Trd, 4319905.993, 93
Trd, 4319908.343, 96
Trd, 4319908.843, 95
Trd, 4319909.993, 95
Trd, 4319912.293, 92
Trd, 4319913.943, 92
Trd, 4319914.643, 92
Trd, 4319917.143, 92
Trd, 4319917.293, 92
Trd, 4319918.443, 94
Trd, 4319921.393, 95
Trd, 4319922.143, 95
Trd, 4319926.393, 86
Trd, 4319927.343, 86
Trd, 4319927.493, 87
Trd, 4319928.393, 88
Trd, 4319928.893, 88
Trd, 4319930.843, 105
Trd, 4319932.643, 105
Trd, 4319932.893, 105
Trd, 4319936.243, 104
Trd, 4319938.093, 98
Trd, 4319938.693, 102
Trd, 4319939.443, 101
Trd, 4319941.393, 101
Trd, 4319942.443, 100
Trd, 4319942.993, 101
Trd, 4319947.243, 101
Trd, 4319947.943, 100
Trd, 4319949.693, 93
Trd, 4319951.193, 97
Trd, 4319952.743, 96
Trd, 4319952.993, 95
Trd, 4319955.443, 93
Trd, 4319955.543, 93
Trd, 4319955.993, 93
Trd, 4319957.593, 93
Trd, 4319958.743, 95
Trd, 4319960.993, 106
Trd, 4319961.893, 103
Trd, 4319962.993, 108
Trd, 4319963.443, 107
Trd, 4319963.843, 104
Trd, 4319966.193, 105
Trd, 4319969.043, 100
Trd, 4319969.293, 103
Trd, 4319970.493, 103
Trd, 4319971.043, 102
Trd, 4319972.893, 103
Trd, 4319976.643, 103
Trd, 4319977.543, 103
Trd, 4319978.243, 103
Trd, 4319979.193, 102
Trd, 4319982.343, 103
Trd, 4319982.543, 103
Trd, 4319984.543, 103
Trd, 4319986.393, 104
Trd, 4319988.943, 103
Trd, 4319991.393, 104
Trd, 4319991.743, 103
Trd, 4319993.543, 104
Trd, 4319993.893, 104
Trd, 4319995.843, 103
Trd, 4319995.993, 103
Trd, 4319999.243, 104
