Trd, 4317871.743, 97
Trd, 4317872.043, 98
Trd, 4317873.893, 99
Trd, 4317874.293, 96
Trd, 4317876.293, 98
Trd, 4317878.193, 98
Trd, 4317878.943, 101
Trd, 4317879.493, 98
Trd, 4317880.343, 99
Trd, 4317882.943, 97
Trd, 4317883.893, 96
Trd, 4317885.543, 97
Trd, 4317888.393, 97
Trd, 4317888.643, 96
Trd, 4317889.943, 98
Trd, 4317894.843, 95
Trd, 4317895.193, 94
Trd, 4317895.893, 95
Trd, 4317899.393, 95
Trd, 4317900.793, 95
Trd, 4317900.943, 95
Trd, 4317902.043, 95
Trd, 4317904.893, 95
Trd, 4317905.193, 95
Trd, 4317907.193, 95
Trd, 4317907.693, 95
Trd, 4317910.193, 95
Trd, 4317911.243, 95
Trd, 4317911.893, 94
Trd, 4317913.243, 95
Trd, 4317914.343, 94
Trd, 4317916.093, 95
Trd, 4317918.093, 96
Trd, 4317919.693, 96
Trd, 4317919.993, 95
Trd, 4317920.243, 96
Trd, 4317920.543, 113
Trd, 4317922.393, 101
Trd, 4317922.693, 96
Trd, 4317926.593, 96
Trd, 4317927.243, 96
Trd, 4317927.893, 96
Trd, 4317928.543, 97
Trd, 4317931.043, 94
Trd, 4317932.943, 96
Trd, 4317936.143, 96
Trd, 4317936.693, 95
Trd, 4317938.343, 94
Trd, 4317940.393, 95
Trd, 4317941.693, 97
Trd, 4317943.043, 95
Trd, 4317944.543, 94
Trd, 4317945.743, 94
Trd, 4317946.943, 98
Trd, 4317948.843, 96
Trd, 4317949.143, 95
Trd, 4317949.643, 96
Trd, 4317952.043, 96
Trd, 4317954.193, 94
Trd, 4317954.743, 95
Trd, 4317954.943, 96
Trd, 4317958.843, 95
Trd, 4317959.343, 95
Trd, 4317960.793, 96
Trd, 4317961.893, 97
Trd, 4317964.093, 98
Trd, 4317965.193, 96
Trd, 4317965.593, 96
Trd, 4317968.543, 95
Trd, 4317970.543, 96
Trd, 4317971.143, 96
Trd, 4317971.693, 95
Trd, 4317972.843, 96
Trd, 4317972.943, 100
Trd, 4317973.243, 104
Trd, 4317974.143, 124
Trd, 4317978.343, 99
Trd, 4317980.343, 94
Trd, 4317981.693, 96
Trd, 4317982.043, 95
Trd, 4317984.443, 95
Trd, 4317984.493, 95
Trd, 4317984.693, 95
Trd, 4317986.293, 94
Trd, 4317987.993, 95
Trd, 4317989.543, 104
Trd, 4317991.343, 97
Trd, 4317992.593, 95
Trd, 4317992.993, 94
Trd, 4317995.443, 95
Trd, 4317996.743, 95
Trd, 4317997.843, 103
Trd, 4317997.893, 96
Trd, 4318001.143, 97
Trd, 4318001.793, 96
Trd, 4318002.393, 97
Trd, 4318005.543, 95
Trd, 4318007.293, 95
Trd, 4318007.443, 104
Trd, 4318009.943, 97
Trd, 4318011.293, 96
Trd, 4318012.343, 95
Trd, 4318013.393, 95
Trd, 4318014.393, 95
Trd, 4318015.243, 95
Trd, 4318015.693, 94
Trd, 4318017.893, 97
Trd, 4318018.193, 96
Trd, 4318020.043, 96
Trd, 4318020.943, 103
Trd, 4318024.393, 99
Trd, 4318024.943, 98
Trd, 4318025.643, 98
Trd, 4318026.993, 99
Trd, 4318027.943, 99
Trd, 4318029.643, 100
Trd, 4318029.793, 100
Trd, 4318031.343, 95
Trd, 4318032.543, 96
Trd, 4318032.693, 95
Trd, 4318034.493, 94
Trd, 4318036.593, 95
Trd, 4318039.043, 94
Trd, 4318039.193, 93
Trd, 4318039.343, 94
Trd, 4318040.593, 95
Trd, 4318043.393, 93
Trd, 4318045.693, 95
Trd, 4318046.093, 94
Trd, 4318047.193, 93
Trd, 4318049.443, 95
Trd, 4318051.093, 99
Trd, 4318052.343, 95
Trd, 4318052.943, 95
Trd, 4318053.393, 94
Trd, 4318054.343, 94
Trd, 4318054.593, 93
Trd, 4318057.293, 93
Trd, 4318057.343, 113
Trd, 4318058.943, 96
Trd, 4318061.043, 95
Trd, 4318061.543, 94
Trd, 4318063.893, 95
Trd, 4318065.793, 95
Trd, 4318066.543, 96
Trd, 4318071.393, 95
Trd, 4318071.443, 96
Trd, 4318071.743, 96
Trd, 4318072.793, 94
Trd, 4318073.593, 95
Trd, 4318073.943, 97
Trd, 4318074.043, 104
Trd, 4318078.893, 96
Trd, 4318079.243, 96
Trd, 4318080.643, 97
Trd, 4318080.993, 99
Trd, 4318083.443, 98
Trd, 4318084.543, 99
Trd, 4318085.543, 98
Trd, 4318086.543, 98
Trd, 4318089.993, 99
Trd, 4318091.543, 98
Trd, 4318093.393, 98
Trd, 4318094.043, 97
Trd, 4318095.243, 97
Trd, 4318095.843, 96
Trd, 4318097.343, 95
Trd, 4318098.343, 104
Trd, 4318099.343, 98
Trd, 4318099.943, 98
Trd, 4318102.193, 104
Trd, 4318103.393, 101
Trd, 4318104.893, 100
Trd, 4318106.093, 98
Trd, 4318106.893, 97
Trd, 4318108.793, 99
Trd, 4318111.693, 100
Trd, 4318111.993, 103
Trd, 4318112.843, 99
Trd, 4318113.643, 102
Trd, 4318116.093, 100
Trd, 4318116.293, 102
Trd, 4318118.543, 102
Trd, 4318120.743, 100
Trd, 4318121.393, 98
Trd, 4318121.893, 98
Trd, 4318123.793, 97
Trd, 4318125.843, 96
Trd, 4318127.293, 95
Trd, 4318127.443, 95
Trd, 4318128.093, 95
Trd, 4318128.643, 95
Trd, 4318129.843, 96
Trd, 4318131.443, 94
Trd, 4318134.743, 96
Trd, 4318134.793, 95
Trd, 4318135.493, 95
Trd, 4318135.943, 95
Trd, 4318136.993, 104
Trd, 4318138.943, 96
Trd, 4318139.493, 99
Trd, 4318139.993, 98
Trd, 4318140.843, 96
Trd, 4318141.443, 96
Trd, 4318142.393, 95
Trd, 4318147.993, 96
Trd, 4318149.393, 94
Trd, 4318151.543, 93
Trd, 4318152.143, 94
Trd, 4318153.443, 94
Trd, 4318155.643, 94
Trd, 4318155.793, 94
Trd, 4318156.193, 95
Trd, 4318157.793, 93
Trd, 4318159.493, 94
Trd, 4318159.593, 94
Trd, 4318161.493, 94
Trd, 4318162.043, 93
Trd, 4318164.343, 92
Trd, 4318166.243, 93
Trd, 4318168.793, 92
Trd, 4318169.343, 92
Trd, 4318171.293, 93
Trd, 4318171.343, 97
Trd, 4318172.143, 104
Trd, 4318175.343, 93
Trd, 4318175.593, 94
Trd, 4318179.543, 96
Trd, 4318182.143, 95
Trd, 4318183.143, 93
Trd, 4318183.543, 93
Trd, 4318184.143, 95
Trd, 4318185.893, 94
Trd, 4318187.343, 94
Trd, 4318187.593, 93
Trd, 4318188.893, 94
Trd, 4318189.343, 94
Trd, 4318190.493, 94
Trd, 4318191.943, 95
Trd, 4318193.543, 104
Trd, 4318194.693, 101
Trd, 4318196.043, 99
Trd, 4318197.693, 100
Trd, 4318199.443, 101
Trd, 4318199.943, 104
Trd, 4318202.493, 104
Trd, 4318204.343, 104
Trd, 4318205.293, 102
Trd, 4318206.943, 101
Trd, 4318207.843, 102
Trd, 4318210.143, 101
Trd, 4318212.493, 99
Trd, 4318213.243, 98
Trd, 4318214.193, 99
Trd, 4318215.843, 99
Trd, 4318217.393, 97
Trd, 4318217.743, 96
Trd, 4318220.593, 95
Trd, 4318221.143, 96
Trd, 4318224.443, 95
Trd, 4318226.793, 94
Trd, 4318226.893, 95
Trd, 4318227.243, 96
Trd, 4318229.143, 96
Trd, 4318231.443, 94
Trd, 4318233.793, 95
Trd, 4318235.843, 95
Trd, 4318236.143, 96
Trd, 4318238.743, 95
Trd, 4318240.293, 95
Trd, 4318240.593, 96
Trd, 4318244.943, 94
Trd, 4318244.993, 94
Trd, 4318246.243, 92
Trd, 4318246.543, 92
Trd, 4318247.143, 95
Trd, 4318248.793, 94
Trd, 4318250.443, 92
Trd, 4318251.393, 93
Trd, 4318253.793, 93
Trd, 4318254.543, 92
Trd, 4318256.393, 94
Trd, 4318259.293, 98
Trd, 4318260.393, 99
Trd, 4318260.693, 99
Trd, 4318262.293, 94
Trd, 4318264.493, 92
Trd, 4318265.093, 93
Trd, 4318266.693, 91
Trd, 4318267.443, 92
Trd, 4318268.693, 92
Trd, 4318268.793, 92
Trd, 4318269.343, 92
Trd, 4318272.193, 91
Trd, 4318274.743, 93
Trd, 4318276.943, 91
Trd, 4318277.343, 91
Trd, 4318278.743, 91
Trd, 4318279.993, 90
Trd, 4318280.493, 91
Trd, 4318281.443, 91
Trd, 4318282.793, 92
Trd, 4318283.843, 92
Trd, 4318284.243, 92
Trd, 4318284.743, 95
Trd, 4318286.293, 95
Trd, 4318289.243, 95
Trd, 4318289.943, 94
Trd, 4318291.093, 94
Trd, 4318291.393, 94
Trd, 4318292.843, 96
Trd, 4318295.593, 95
Trd, 4318296.643, 96
Trd, 4318297.393, 97
Trd, 4318298.193, 96
Trd, 4318298.393, 97
Trd, 4318301.843, 95
Trd, 4318302.243, 95
Trd, 4318303.143, 95
Trd, 4318304.843, 95
Trd, 4318305.793, 95
Trd, 4318306.293, 104
Trd, 4318307.693, 95
Trd, 4318311.393, 95
Trd, 4318312.243, 93
Trd, 4318312.393, 95
Trd, 4318313.393, 96
Trd, 4318315.643, 96
Trd, 4318318.243, 95
Trd, 4318319.243, 96
Trd, 4318319.393, 94
Trd, 4318319.943, 95
Trd, 4318320.643, 94
Trd, 4318321.943, 94
Trd, 4318322.943, 96
Trd, 4318324.643, 95
Trd, 4318325.543, 94
Trd, 4318325.593, 93
Trd, 4318326.243, 95
Trd, 4318330.143, 93
Trd, 4318331.143, 97
Trd, 4318331.993, 94
Trd, 4318332.943, 94
Trd, 4318333.743, 93
Trd, 4318335.293, 94
Trd, 4318335.943, 95
Trd, 4318336.293, 95
Trd, 4318337.043, 104
Trd, 4318341.193, 96
Trd, 4318341.293, 97
Trd, 4318343.493, 99
Trd, 4318344.293, 96
Trd, 4318344.493, 96
Trd, 4318346.043, 97
Trd, 4318348.743, 96
Trd, 4318350.193, 97
Trd, 4318350.293, 96
Trd, 4318352.193, 97
Trd, 4318352.443, 96
Trd, 4318353.393, 100
Trd, 4318355.643, 96
Trd, 4318355.893, 98
Trd, 4318356.693, 99
Trd, 4318359.243, 98
Trd, 4318361.193, 100
Trd, 4318361.343, 103
Trd, 4318365.243, 100
Trd, 4318366.093, 100
Trd, 4318367.093, 101
Trd, 4318367.743, 101
Trd, 4318369.643, 102
Trd, 4318370.543, 102
Trd, 4318370.893, 131
Trd, 4318371.993, 119
Trd, 4318373.293, 104
Trd, 4318376.293, 106
Trd, 4318376.993, 106
Trd, 4318377.193, 103
Trd, 4318379.043, 106
Trd, 4318381.443, 104
Trd, 4318383.343, 106
Trd, 4318383.843, 106
Trd, 4318386.043, 102
Trd, 4318386.543, 101
Trd, 4318386.643, 104
Trd, 4318387.393, 103
Trd, 4318390.693, 100
Trd, 4318390.843, 96
Trd, 4318392.593, 98
Trd, 4318393.243, 99
Trd, 4318395.343, 99
Trd, 4318397.293, 98
Trd, 4318399.443, 99
Trd, 4318399.643, 98
Trd, 4318402.043, 97
Trd, 4318402.343, 97
Trd, 4318403.443, 95
Trd, 4318404.593, 95
Trd, 4318405.293, 94
Trd, 4318407.443, 92
Trd, 4318407.893, 92
Trd, 4318409.093, 93
Trd, 4318411.093, 95
Trd, 4318411.493, 101
Trd, 4318414.093, 96
Trd, 4318415.943, 94
Trd, 4318416.393, 94
Trd, 4318417.543, 92
Trd, 4318418.893, 94
Trd, 4318419.443, 95
Trd, 4318419.843, 94
Trd, 4318421.243, 95
Trd, 4318422.393, 97
Trd, 4318422.643, 113
Trd, 4318425.093, 102
Trd, 4318425.343, 101
Trd, 4318427.093, 102
Trd, 4318429.643, 102
Trd, 4318430.543, 102
Trd, 4318431.093, 100
Trd, 4318432.643, 102
Trd, 4318434.193, 102
Trd, 4318434.793, 101
Trd, 4318437.943, 98
Trd, 4318439.643, 98
Trd, 4318439.943, 98
Trd, 4318440.193, 98
Trd, 4318440.593, 98
Trd, 4318440.693, 96
Trd, 4318441.043, 113
Trd, 4318441.843, 95
Trd, 4318443.893, 101
Trd, 4318446.943, 95
Trd, 4318447.143, 94
Trd, 4318448.043, 95
Trd, 4318449.493, 96
Trd, 4318450.043, 95
Trd, 4318452.193, 96
Trd, 4318452.243, 102
Trd, 4318455.293, 99
Trd, 4318455.343, 96
Trd, 4318457.443, 98
Trd, 4318459.393, 96
Trd, 4318459.993, 95
Trd, 4318460.893, 97
Trd, 4318463.893, 97
Trd, 4318464.343, 97
Trd, 4318465.193, 97
Trd, 4318465.993, 98
Trd, 4318467.543, 104
Trd, 4318468.243, 99
Trd, 4318470.443, 95
Trd, 4318471.893, 95
Trd, 4318472.193, 94
Trd, 4318473.293, 94
Trd, 4318473.643, 95
Trd, 4318475.843, 95
Trd, 4318477.543, 96
Trd, 4318478.943, 96
Trd, 4318479.443, 95
Trd, 4318481.243, 95
Trd, 4318482.043, 94
Trd, 4318482.493, 104
Trd, 4318484.943, 97
Trd, 4318486.043, 96
Trd, 4318487.293, 96
Trd, 4318487.993, 95
Trd, 4318489.043, 94
Trd, 4318489.343, 96
Trd, 4318492.243, 96
Trd, 4318492.643, 95
Trd, 4318493.893, 95
Trd, 4318497.493, 95
Trd, 4318497.693, 94
Trd, 4318498.393, 95
Trd, 4318500.943, 94
Trd, 4318502.343, 95
Trd, 4318502.493, 95
Trd, 4318504.843, 94
Trd, 4318506.293, 95
Trd, 4318506.593, 95
Trd, 4318507.043, 96
Trd, 4318509.893, 96
Trd, 4318510.943, 95
Trd, 4318511.943, 94
Trd, 4318512.543, 93
Trd, 4318512.693, 96
Trd, 4318515.843, 95
Trd, 4318516.743, 94
Trd, 4318517.943, 95
Trd, 4318520.193, 94
Trd, 4318521.243, 94
Trd, 4318521.843, 93
Trd, 4318523.093, 95
Trd, 4318524.943, 94
Trd, 4318525.493, 95
Trd, 4318527.343, 94
Trd, 4318528.243, 95
Trd, 4318530.043, 95
Trd, 4318530.943, 93
Trd, 4318531.293, 93
Trd, 4318536.093, 93
Trd, 4318536.143, 93
Trd, 4318536.193, 93
Trd, 4318536.343, 96
Trd, 4318536.893, 104
Trd, 4318540.043, 95
Trd, 4318541.093, 95
Trd, 4318541.443, 95
Trd, 4318542.743, 94
Trd, 4318543.543, 94
Trd, 4318546.643, 93
Trd, 4318546.893, 94
Trd, 4318548.593, 94
Trd, 4318551.193, 94
Trd, 4318551.893, 94
Trd, 4318554.343, 93
Trd, 4318554.593, 94
Trd, 4318556.843, 95
Trd, 4318557.643, 96
Trd, 4318559.693, 95
Trd, 4318560.143, 96
Trd, 4318560.893, 95
Trd, 4318562.293, 95
Trd, 4318563.543, 94
Trd, 4318564.693, 91
Trd, 4318565.793, 89
Trd, 4318566.193, 90
Trd, 4318567.043, 90
Trd, 4318569.743, 90
Trd, 4318571.343, 91
Trd, 4318571.843, 91
Trd, 4318573.643, 95
Trd, 4318574.993, 96
Trd, 4318575.643, 113
Trd, 4318577.243, 108
Trd, 4318578.143, 108
Trd, 4318580.293, 99
Trd, 4318580.343, 100
Trd, 4318581.743, 102
Trd, 4318582.793, 101
Trd, 4318583.093, 98
Trd, 4318585.093, 103
Trd, 4318585.343, 104
Trd, 4318586.643, 98
Trd, 4318587.993, 98
Trd, 4318588.793, 97
Trd, 4318589.543, 98
Trd, 4318591.693, 97
Trd, 4318596.843, 98
Trd, 4318597.493, 98
Trd, 4318598.543, 97
Trd, 4318598.693, 96
Trd, 4318600.143, 104
Trd, 4318600.593, 100
Trd, 4318601.293, 113
Trd, 4318603.543, 103
Trd, 4318605.943, 102
Trd, 4318607.593, 99
Trd, 4318608.443, 102
Trd, 4318609.593, 98
Trd, 4318612.843, 101
Trd, 4318613.343, 99
Trd, 4318613.943, 102
Trd, 4318616.543, 99
Trd, 4318617.943, 98
Trd, 4318618.743, 97
Trd, 4318620.993, 97
Trd, 4318621.093, 98
Trd, 4318621.493, 97
Trd, 4318623.243, 98
Trd, 4318626.193, 97
Trd, 4318627.343, 96
Trd, 4318627.643, 98
Trd, 4318628.543, 98
Trd, 4318629.693, 97
Trd, 4318630.593, 95
Trd, 4318631.893, 95
Trd, 4318632.693, 95
Trd, 4318633.093, 97
Trd, 4318635.293, 103
Trd, 4318636.093, 98
Trd, 4318637.043, 97
Trd, 4318638.743, 97
Trd, 4318640.343, 102
Trd, 4318643.693, 96
Trd, 4318644.093, 95
Trd, 4318644.593, 94
Trd, 4318645.543, 94
Trd, 4318645.643, 97
Trd, 4318647.143, 94
Trd, 4318648.093, 95
Trd, 4318649.243, 98
Trd, 4318650.293, 95
Trd, 4318652.493, 94
Trd, 4318653.293, 95
Trd, 4318655.643, 93
Trd, 4318658.293, 94
Trd, 4318658.743, 94
Trd, 4318660.643, 96
Trd, 4318662.893, 96
Trd, 4318663.043, 99
Trd, 4318665.393, 97
Trd, 4318666.793, 96
Trd, 4318667.043, 97
Trd, 4318668.393, 96
Trd, 4318671.693, 96
Trd, 4318671.943, 96
Trd, 4318672.543, 104
Trd, 4318673.293, 97
Trd, 4318675.393, 96
Trd, 4318676.693, 97
Trd, 4318677.493, 97
Trd, 4318679.793, 96
Trd, 4318680.543, 97
Trd, 4318681.743, 98
Trd, 4318681.993, 98
Trd, 4318685.693, 95
Trd, 4318686.593, 98
Trd, 4318687.943, 95
Trd, 4318688.443, 94
Trd, 4318689.743, 94
Trd, 4318691.293, 94
Trd, 4318692.343, 93
Trd, 4318692.443, 97
Trd, 4318693.743, 94
Trd, 4318699.693, 94
Trd, 4318700.093, 93
Trd, 4318700.893, 95
Trd, 4318701.143, 96
Trd, 4318701.193, 100
Trd, 4318702.293, 97
Trd, 4318704.893, 100
Trd, 4318705.843, 98
Trd, 4318706.993, 97
Trd, 4318708.543, 95
Trd, 4318709.493, 95
Trd, 4318710.193, 95
Trd, 4318710.943, 94
Trd, 4318711.043, 95
Trd, 4318712.993, 98
Trd, 4318714.793, 93
Trd, 4318714.843, 94
Trd, 4318716.343, 94
Trd, 4318717.593, 104
Trd, 4318718.443, 98
Trd, 4318721.293, 96
Trd, 4318722.093, 96
Trd, 4318722.393, 96
Trd, 4318722.543, 98
Trd, 4318722.893, 99
Trd, 4318725.293, 97
Trd, 4318725.793, 98
Trd, 4318726.893, 98
Trd, 4318727.443, 97
Trd, 4318729.743, 95
Trd, 4318730.043, 94
Trd, 4318731.143, 95
Trd, 4318733.343, 95
Trd, 4318734.593, 95
Trd, 4318736.243, 95
Trd, 4318737.043, 95
Trd, 4318738.693, 95
Trd, 4318739.243, 94
Trd, 4318740.743, 97
Trd, 4318744.343, 94
Trd, 4318744.743, 94
Trd, 4318745.493, 93
Trd, 4318746.093, 95
Trd, 4318747.793, 94
Trd, 4318748.543, 94
Trd, 4318750.443, 93
Trd, 4318753.693, 96
Trd, 4318755.493, 94
Trd, 4318756.243, 92
Trd, 4318756.693, 93
Trd, 4318756.893, 95
Trd, 4318758.093, 97
Trd, 4318758.993, 96
Trd, 4318759.793, 98
Trd, 4318760.493, 96
Trd, 4318761.743, 96
Trd, 4318765.343, 96
Trd, 4318766.093, 96
Trd, 4318766.843, 95
Trd, 4318766.893, 96
Trd, 4318767.793, 94
Trd, 4318769.643, 94
Trd, 4318771.593, 94
Trd, 4318772.343, 99
Trd, 4318772.843, 96
Trd, 4318776.543, 98
Trd, 4318777.093, 98
Trd, 4318777.143, 98
Trd, 4318778.643, 97
Trd, 4318779.293, 96
Trd, 4318780.893, 96
Trd, 4318782.343, 96
Trd, 4318782.693, 95
Trd, 4318783.143, 96
Trd, 4318787.243, 96
Trd, 4318788.693, 94
Trd, 4318789.043, 96
Trd, 4318792.143, 95
Trd, 4318792.643, 94
Trd, 4318793.543, 93
Trd, 4318794.143, 94
Trd, 4318796.193, 93
Trd, 4318797.593, 94
Trd, 4318799.343, 94
Trd, 4318799.443, 95
Trd, 4318800.443, 95
Trd, 4318800.743, 95
Trd, 4318801.493, 94
Trd, 4318801.893, 93
Trd, 4318803.443, 95
Trd, 4318803.593, 95
Trd, 4318805.643, 95
Trd, 4318806.993, 95
Trd, 4318808.093, 94
Trd, 4318810.393, 95
Trd, 4318811.243, 95
Trd, 4318811.893, 95
Trd, 4318812.293, 97
Trd, 4318814.543, 95
Trd, 4318815.593, 94
Trd, 4318816.343, 94
Trd, 4318818.143, 95
Trd, 4318818.693, 95
Trd, 4318819.043, 104
Trd, 4318819.643, 99
Trd, 4318821.393, 96
Trd, 4318822.343, 96
Trd, 4318823.143, 95
Trd, 4318823.693, 96
Trd, 4318824.243, 95
Trd, 4318827.343, 96
Trd, 4318828.593, 96
Trd, 4318829.393, 102
Trd, 4318831.493, 96
Trd, 4318831.593, 97
Trd, 4318833.793, 96
Trd, 4318835.393, 95
Trd, 4318836.843, 94
Trd, 4318836.893, 95
Trd, 4318838.243, 95
Trd, 4318840.043, 95
Trd, 4318842.793, 93
Trd, 4318843.443, 95
Trd, 4318843.743, 94
Trd, 4318843.893, 95
Trd, 4318847.843, 100
Trd, 4318847.943, 104
Trd, 4318848.443, 101
Trd, 4318849.093, 100
Trd, 4318851.393, 97
Trd, 4318851.843, 98
Trd, 4318852.293, 97
Trd, 4318852.543, 98
Trd, 4318856.043, 95
Trd, 4318856.843, 94
Trd, 4318857.543, 95
Trd, 4318858.143, 103
Trd, 4318860.593, 97
Trd, 4318860.643, 102
Trd, 4318862.693, 95
Trd, 4318864.443, 98
Trd, 4318867.943, 94
Trd, 4318868.043, 95
Trd, 4318869.243, 95
Trd, 4318870.593, 95
Trd, 4318870.893, 95
Trd, 4318872.943, 94
Trd, 4318873.543, 94
Trd, 4318873.743, 95
Trd, 4318874.843, 93
Trd, 4318875.893, 92
Trd, 4318876.393, 98
Trd, 4318878.693, 98
Trd, 4318878.943, 104
Trd, 4318880.393, 103
Trd, 4318882.743, 102
Trd, 4318883.043, 103
Trd, 4318883.493, 103
Trd, 4318884.893, 103
Trd, 4318885.943, 101
Trd, 4318888.043, 98
Trd, 4318888.343, 98
Trd, 4318889.943, 95
Trd, 4318890.193, 94
Trd, 4318891.743, 95
Trd, 4318892.393, 96
Trd, 4318894.093, 96
Trd, 4318896.893, 95
Trd, 4318898.043, 96
Trd, 4318899.643, 96
Trd, 4318900.093, 96
Trd, 4318900.443, 95
Trd, 4318902.143, 96
Trd, 4318903.343, 97
Trd, 4318903.943, 95
Trd, 4318906.593, 104
Trd, 4318908.243, 98
Trd, 4318909.943, 96
Trd, 4318912.243, 96
Trd, 4318912.493, 95
Trd, 4318912.893, 97
Trd, 4318913.093, 98
Trd, 4318914.893, 96
Trd, 4318916.343, 96
Trd, 4318917.043, 96
Trd, 4318917.693, 96
Trd, 4318917.893, 95
Trd, 4318919.243, 113
Trd, 4318921.343, 95
Trd, 4318921.643, 97
Trd, 4318923.993, 96
Trd, 4318925.793, 96
Trd, 4318926.593, 95
Trd, 4318927.293, 95
Trd, 4318928.093, 96
Trd, 4318928.693, 96
Trd, 4318930.293, 101
Trd, 4318932.593, 95
Trd, 4318933.193, 94
Trd, 4318933.343, 95
Trd, 4318937.893, 93
Trd, 4318938.343, 95
Trd, 4318939.393, 95
Trd, 4318942.643, 95
Trd, 4318943.643, 95
Trd, 4318944.393, 93
Trd, 4318944.593, 93
Trd, 4318946.343, 93
Trd, 4318946.543, 94
Trd, 4318948.993, 94
Trd, 4318951.493, 97
Trd, 4318952.493, 97
Trd, 4318952.993, 99
Trd, 4318954.243, 98
Trd, 4318956.393, 97
Trd, 4318957.043, 98
Trd, 4318958.493, 96
Trd, 4318959.093, 99
Trd, 4318960.043, 113
Trd, 4318960.343, 99
Trd, 4318961.993, 105
Trd, 4318962.393, 100
Trd, 4318964.693, 99
Trd, 4318965.443, 98
Trd, 4318966.093, 97
Trd, 4318968.243, 95
Trd, 4318968.793, 94
Trd, 4318970.243, 93
Trd, 4318970.393, 94
Trd, 4318971.543, 104
Trd, 4318971.943, 97
Trd, 4318972.343, 98
Trd, 4318972.593, 98
Trd, 4318972.893, 113
Trd, 4318974.243, 101
Trd, 4318975.793, 98
Trd, 4318976.543, 101
Trd, 4318978.543, 101
Trd, 4318979.193, 99
Trd, 4318980.543, 97
Trd, 4318981.893, 94
Trd, 4318982.893, 95
Trd, 4318985.593, 94
Trd, 4318987.043, 95
Trd, 4318988.893, 96
Trd, 4318989.743, 95
Trd, 4318990.743, 95
Trd, 4318991.193, 94
Trd, 4318992.593, 95
Trd, 4318992.993, 96
Trd, 4318995.193, 98
Trd, 4318996.493, 104
Trd, 4318997.393, 101
Trd, 4318997.493, 110
Trd, 4318999.343, 104
Trd, 4319001.443, 98
Trd, 4319003.293, 99
Trd, 4319003.543, 98
Trd, 4319003.993, 104
Trd, 4319005.993, 99
Trd, 4319007.043, 103
Trd, 4319009.693, 100
Trd, 4319011.643, 101
Trd, 4319011.743, 100
Trd, 4319011.943, 101
Trd, 4319015.043, 99
Trd, 4319016.593, 100
Trd, 4319017.793, 96
Trd, 4319018.943, 96
Trd, 4319019.593, 96
Trd, 4319019.643, 94
Trd, 4319021.693, 96
Trd, 4319025.143, 95
Trd, 4319026.643, 96
Trd, 4319027.393, 96
Trd, 4319027.543, 95
Trd, 4319028.293, 95
Trd, 4319029.043, 101
Trd, 4319031.743, 96
Trd, 4319033.393, 95
Trd, 4319034.043, 94
Trd, 4319034.093, 94
Trd, 4319035.993, 94
Trd, 4319036.843, 104
Trd, 4319038.893, 96
Trd, 4319040.043, 97
Trd, 4319040.393, 95
Trd, 4319040.943, 95
Trd, 4319041.793, 96
Trd, 4319044.793, 96
Trd, 4319045.043, 95
Trd, 4319045.393, 95
Trd, 4319047.443, 95
Trd, 4319048.693, 96
Trd, 4319050.693, 96
Trd, 4319053.543, 95
Trd, 4319053.793, 96
Trd, 4319055.393, 96
Trd, 4319056.593, 104
Trd, 4319058.593, 98
Trd, 4319059.643, 95
Trd, 4319060.043, 95
Trd, 4319063.293, 95
Trd, 4319064.743, 95
Trd, 4319064.943, 94
Trd, 4319065.993, 94
Trd, 4319066.293, 95
Trd, 4319069.643, 95
Trd, 4319070.043, 95
Trd, 4319072.643, 96
Trd, 4319072.943, 113
Trd, 4319076.393, 95
Trd, 4319078.293, 95
Trd, 4319078.443, 95
Trd, 4319078.643, 94
Trd, 4319082.543, 95
Trd, 4319083.393, 94
Trd, 4319083.893, 95
Trd, 4319084.243, 93
Trd, 4319084.593, 99
Trd, 4319087.693, 94
Trd, 4319088.943, 95
Trd, 4319090.143, 95
Trd, 4319092.393, 94
Trd, 4319092.793, 94
Trd, 4319095.143, 94
Trd, 4319095.343, 93
Trd, 4319096.093, 97
Trd, 4319098.343, 97
Trd, 4319098.543, 95
Trd, 4319100.993, 95
Trd, 4319101.893, 95
Trd, 4319102.443, 96
Trd, 4319103.693, 95
Trd, 4319103.893, 97
Trd, 4319106.693, 94
Trd, 4319107.043, 95
Trd, 4319108.093, 96
Trd, 4319108.893, 97
Trd, 4319110.893, 97
Trd, 4319111.093, 97
Trd, 4319111.793, 98
Trd, 4319113.643, 96
Trd, 4319115.993, 95
Trd, 4319118.443, 96
Trd, 4319118.693, 96
Trd, 4319119.343, 96
Trd, 4319120.843, 95
Trd, 4319123.243, 95
Trd, 4319123.643, 95
Trd, 4319123.893, 97
Trd, 4319126.343, 94
Trd, 4319126.393, 94
Trd, 4319128.343, 103
Trd, 4319132.343, 92
Trd, 4319132.843, 90
Trd, 4319134.143, 91
Trd, 4319134.443, 90
Trd, 4319134.743, 90
Trd, 4319135.943, 91
Trd, 4319136.793, 101
Trd, 4319138.293, 91
Trd, 4319138.743, 93
Trd, 4319139.293, 97
Trd, 4319141.543, 93
Trd, 4319142.493, 93
Trd, 4319143.443, 93
Trd, 4319144.293, 94
Trd, 4319146.793, 97
Trd, 4319148.043, 95
Trd, 4319148.593, 96
Trd, 4319148.793, 98
Trd, 4319151.393, 97
Trd, 4319152.393, 94
Trd, 4319152.643, 95
Trd, 4319153.593, 94
Trd, 4319156.293, 94
Trd, 4319156.493, 94
Trd, 4319157.093, 95
Trd, 4319158.893, 95
Trd, 4319161.143, 95
Trd, 4319164.043, 95
Trd, 4319164.693, 94
Trd, 4319165.893, 95
Trd, 4319167.343, 95
Trd, 4319169.143, 94
Trd, 4319169.643, 94
Trd, 4319169.893, 93
Trd, 4319170.193, 95
Trd, 4319170.693, 94
Trd, 4319173.243, 94
Trd, 4319174.943, 94
Trd, 4319175.743, 94
Trd, 4319176.743, 93
Trd, 4319177.343, 92
Trd, 4319179.393, 92
Trd, 4319179.593, 98
Trd, 4319182.693, 95
Trd, 4319184.693, 94
Trd, 4319188.343, 94
Trd, 4319188.593, 93
Trd, 4319189.243, 94
Trd, 4319189.993, 94
Trd, 4319191.093, 96
Trd, 4319193.043, 94
Trd, 4319193.243, 92
Trd, 4319193.393, 93
Trd, 4319195.343, 94
Trd, 4319196.943, 94
Trd, 4319199.743, 94
Trd, 4319200.143, 94
Trd, 4319200.193, 96
Trd, 4319200.693, 95
Trd, 4319202.743, 97
Trd, 4319203.443, 96
Trd, 4319203.743, 97
Trd, 4319204.093, 99
Trd, 4319205.943, 98
Trd, 4319206.243, 99
Trd, 4319212.043, 95
Trd, 4319212.393, 95
Trd, 4319212.893, 96
Trd, 4319213.843, 104
Trd, 4319214.043, 97
Trd, 4319217.043, 98
Trd, 4319217.543, 98
Trd, 4319218.293, 104
Trd, 4319219.443, 97
Trd, 4319220.793, 111
Trd, 4319225.343, 98
Trd, 4319225.493, 97
Trd, 4319227.143, 98
Trd, 4319227.493, 97
Trd, 4319228.893, 97
Trd, 4319229.543, 97
Trd, 4319231.343, 95
Trd, 4319231.543, 96
Trd, 4319232.643, 95
Trd, 4319235.793, 94
Trd, 4319236.193, 94
Trd, 4319236.643, 93
Trd, 4319238.043, 95
Trd, 4319241.193, 95
Trd, 4319241.843, 93
Trd, 4319244.543, 93
Trd, 4319245.843, 92
Trd, 4319246.093, 94
Trd, 4319248.693, 93
Trd, 4319249.243, 96
Trd, 4319249.443, 104
Trd, 4319250.693, 98
Trd, 4319251.893, 102
Trd, 4319252.893, 101
Trd, 4319253.693, 100
Trd, 4319254.793, 100
Trd, 4319256.793, 103
Trd, 4319257.193, 104
Trd, 4319258.143, 98
Trd, 4319260.643, 101
Trd, 4319260.843, 101
Trd, 4319261.293, 102
Trd, 4319263.093, 100
Trd, 4319264.143, 100
Trd, 4319267.093, 101
Trd, 4319267.893, 102
Trd, 4319270.643, 97
Trd, 4319271.443, 98
Trd, 4319271.993, 97
Trd, 4319273.443, 98
Trd, 4319273.643, 96
Trd, 4319274.993, 99
Trd, 4319278.093, 102
Trd, 4319278.693, 98
Trd, 4319280.343, 95
Trd, 4319280.593, 97
Trd, 4319283.093, 97
Trd, 4319284.743, 96
Trd, 4319284.993, 97
Trd, 4319285.843, 96
Trd, 4319287.843, 95
Trd, 4319288.293, 96
Trd, 4319292.693, 96
Trd, 4319295.043, 95
Trd, 4319295.243, 95
Trd, 4319295.343, 94
Trd, 4319296.793, 95
Trd, 4319299.243, 95
Trd, 4319299.543, 96
Trd, 4319301.193, 96
Trd, 4319302.643, 96
Trd, 4319304.093, 95
Trd, 4319304.393, 94
Trd, 4319304.493, 97
Trd, 4319306.393, 96
Trd, 4319309.243, 95
Trd, 4319309.343, 96
Trd, 4319311.193, 94
Trd, 4319312.543, 95
Trd, 4319315.043, 94
Trd, 4319315.093, 95
Trd, 4319316.743, 94
Trd, 4319320.643, 93
Trd, 4319321.493, 94
Trd, 4319321.743, 94
Trd, 4319323.993, 94
Trd, 4319326.543, 94
Trd, 4319327.243, 93
Trd, 4319328.493, 94
Trd, 4319330.943, 93
Trd, 4319332.843, 93
Trd, 4319332.993, 94
Trd, 4319333.743, 93
Trd, 4319335.943, 96
Trd, 4319338.343, 92
Trd, 4319338.493, 92
Trd, 4319340.243, 92
Trd, 4319340.943, 100
Trd, 4319342.443, 94
Trd, 4319344.093, 93
Trd, 4319345.343, 93
Trd, 4319345.893, 100
Trd, 4319350.793, 96
Trd, 4319351.593, 97
Trd, 4319352.743, 104
Trd, 4319353.643, 113
Trd, 4319354.093, 96
Trd, 4319354.993, 103
Trd, 4319358.043, 95
Trd, 4319358.143, 96
Trd, 4319358.543, 96
Trd, 4319361.643, 96
Trd, 4319362.793, 95
Trd, 4319366.143, 93
Trd, 4319366.243, 95
Trd, 4319366.343, 94
Trd, 4319367.093, 94
Trd, 4319368.943, 104
Trd, 4319369.993, 93
Trd, 4319372.043, 94
Trd, 4319373.193, 93
Trd, 4319378.693, 94
Trd, 4319378.743, 93
Trd, 4319381.543, 94
Trd, 4319381.843, 104
Trd, 4319383.643, 96
Trd, 4319384.443, 97
Trd, 4319385.193, 96
Trd, 4319386.993, 95
Trd, 4319388.543, 94
Trd, 4319389.443, 95
Trd, 4319389.843, 95
Trd, 4319391.543, 94
Trd, 4319392.043, 95
Trd, 4319393.993, 95
Trd, 4319396.393, 95
Trd, 4319396.593, 94
Trd, 4319397.343, 95
Trd, 4319399.343, 95
Trd, 4319399.593, 96
Trd, 4319401.143, 94
Trd, 4319402.893, 95
Trd, 4319405.093, 101
Trd, 4319405.943, 103
Trd, 4319405.993, 101
Trd, 4319407.743, 99
Trd, 4319408.943, 98
Trd, 4319410.843, 95
Trd, 4319411.693, 96
Trd, 4319412.593, 96
Trd, 4319414.293, 98
Trd, 4319415.193, 104
Trd, 4319416.093, 95
Trd, 4319417.743, 96
Trd, 4319418.043, 98
Trd, 4319420.043, 96
Trd, 4319420.743, 97
Trd, 4319424.193, 95
Trd, 4319424.293, 96
Trd, 4319426.493, 96
Trd, 4319426.943, 97
Trd, 4319427.343, 98
Trd, 4319429.343, 96
Trd, 4319430.143, 95
Trd, 4319431.593, 97
Trd, 4319434.493, 97
Trd, 4319434.893, 98
Trd, 4319435.293, 103
Trd, 4319436.193, 97
Trd, 4319437.893, 98
Trd, 4319437.943, 99
Trd, 4319439.393, 99
Trd, 4319439.893, 97
Trd, 4319440.893, 98
Trd, 4319442.793, 98
Trd, 4319442.993, 98
Trd, 4319445.443, 96
Trd, 4319445.743, 101
Trd, 4319446.243, 96
Trd, 4319448.593, 98
Trd, 4319451.343, 97
Trd, 4319452.043, 98
Trd, 4319455.093, 98
Trd, 4319455.343, 95
Trd, 4319456.493, 98
Trd, 4319456.993, 96
Trd, 4319457.643, 98
Trd, 4319458.493, 98
Trd, 4319461.893, 97
Trd, 4319463.093, 96
Trd, 4319463.343, 97
Trd, 4319465.093, 97
Trd, 4319465.793, 95
Trd, 4319466.693, 95
Trd, 4319467.843, 95
Trd, 4319468.743, 94
Trd, 4319470.993, 95
Trd, 4319473.093, 98
Trd, 4319473.943, 98
Trd, 4319475.793, 98
Trd, 4319476.893, 99
Trd, 4319476.943, 97
Trd, 4319479.543, 95
Trd, 4319479.843, 97
Trd, 4319482.893, 96
Trd, 4319483.143, 96
Trd, 4319484.343, 95
Trd, 4319484.493, 96
Trd, 4319484.593, 95
Trd, 4319488.443, 94
Trd, 4319488.743, 95
Trd, 4319490.793, 95
Trd, 4319491.743, 97
Trd, 4319493.043, 96
Trd, 4319493.443, 97
Trd, 4319495.093, 96
Trd, 4319495.643, 97
Trd, 4319498.543, 95
Trd, 4319498.993, 94
Trd, 4319499.293, 95
Trd, 4319499.343, 94
Trd, 4319499.393, 104
Trd, 4319502.643, 95
Trd, 4319503.243, 95
Trd, 4319505.843, 102
Trd, 4319506.593, 96
Trd, 4319507.543, 98
Trd, 4319510.593, 97
Trd, 4319511.693, 95
Trd, 4319512.043, 97
Trd, 4319513.593, 98
Trd, 4319514.343, 98
Trd, 4319516.243, 95
Trd, 4319517.693, 94
Trd, 4319517.893, 97
Trd, 4319518.843, 97
Trd, 4319521.243, 97
Trd, 4319523.793, 95
Trd, 4319524.343, 97
Trd, 4319525.843, 94
Trd, 4319527.793, 96
Trd, 4319528.293, 95
Trd, 4319529.443, 103
Trd, 4319531.393, 97
Trd, 4319532.393, 96
Trd, 4319534.693, 96
Trd, 4319535.493, 97
Trd, 4319535.543, 97
Trd, 4319536.093, 96
Trd, 4319536.793, 96
Trd, 4319538.393, 98
Trd, 4319538.643, 97
Trd, 4319541.093, 98
Trd, 4319542.343, 95
Trd, 4319544.893, 96
Trd, 4319545.393, 96
Trd, 4319548.593, 95
Trd, 4319549.643, 95
Trd, 4319551.143, 96
Trd, 4319551.193, 104
Trd, 4319553.443, 94
Trd, 4319554.593, 95
Trd, 4319555.593, 96
Trd, 4319557.943, 104
Trd, 4319558.393, 102
Trd, 4319558.443, 113
Trd, 4319560.643, 102
Trd, 4319560.993, 103
Trd, 4319563.443, 101
Trd, 4319564.043, 100
Trd, 4319565.443, 97
Trd, 4319566.193, 98
Trd, 4319567.843, 97
Trd, 4319568.593, 95
Trd, 4319568.893, 98
Trd, 4319570.143, 104
Trd, 4319574.043, 94
Trd, 4319574.143, 95
Trd, 4319576.543, 95
Trd, 4319577.493, 95
Trd, 4319580.193, 95
Trd, 4319580.393, 95
Trd, 4319581.143, 96
Trd, 4319583.743, 96
Trd, 4319584.843, 101
Trd, 4319586.843, 96
Trd, 4319587.593, 96
Trd, 4319587.943, 98
Trd, 4319589.393, 95
Trd, 4319590.193, 98
Trd, 4319591.143, 96
Trd, 4319592.843, 97
Trd, 4319595.243, 97
Trd, 4319597.743, 95
Trd, 4319598.343, 96
Trd, 4319598.593, 96
Trd, 4319599.143, 96
Trd, 4319600.693, 97
Trd, 4319602.093, 96
Trd, 4319606.143, 96
Trd, 4319606.443, 95
Trd, 4319607.143, 95
Trd, 4319607.243, 98
Trd, 4319607.593, 96
Trd, 4319609.443, 102
Trd, 4319611.943, 97
Trd, 4319613.793, 98
Trd, 4319615.143, 98
Trd, 4319615.443, 97
Trd, 4319616.593, 98
Trd, 4319618.293, 98
Trd, 4319619.443, 98
Trd, 4319620.193, 96
Trd, 4319620.593, 95
Trd, 4319622.143, 97
Trd, 4319622.943, 103
Trd, 4319626.493, 96
Trd, 4319627.193, 96
Trd, 4319627.393, 95
Trd, 4319627.843, 103
Trd, 4319630.743, 98
Trd, 4319631.143, 97
Trd, 4319632.893, 98
Trd, 4319634.543, 99
Trd, 4319634.943, 104
Trd, 4319636.143, 103
Trd, 4319636.943, 105
Trd, 4319638.243, 103
Trd, 4319639.193, 95
Trd, 4319640.243, 98
Trd, 4319642.443, 98
Trd, 4319643.793, 97
Trd, 4319644.643, 113
Trd, 4319645.143, 104
Trd, 4319646.143, 111
Trd, 4319649.693, 101
Trd, 4319651.043, 99
Trd, 4319652.293, 98
Trd, 4319652.343, 97
Trd, 4319653.443, 97
Trd, 4319653.643, 97
Trd, 4319656.143, 97
Trd, 4319657.443, 95
Trd, 4319658.443, 95
Trd, 4319659.493, 97
Trd, 4319661.443, 96
Trd, 4319662.493, 97
Trd, 4319664.893, 98
Trd, 4319665.243, 97
Trd, 4319665.393, 113
Trd, 4319668.693, 98
Trd, 4319669.843, 98
Trd, 4319670.443, 97
Trd, 4319673.193, 98
Trd, 4319673.593, 99
Trd, 4319676.543, 98
Trd, 4319677.093, 97
Trd, 4319678.443, 98
Trd, 4319678.493, 97
Trd, 4319681.293, 100
Trd, 4319682.043, 95
Trd, 4319685.893, 96
Trd, 4319686.243, 97
Trd, 4319687.843, 97
Trd, 4319690.643, 94
Trd, 4319690.793, 94
Trd, 4319693.493, 93
Trd, 4319695.893, 94
Trd, 4319696.043, 95
Trd, 4319696.593, 93
Trd, 4319696.743, 95
Trd, 4319701.593, 94
Trd, 4319701.993, 93
Trd, 4319702.643, 94
Trd, 4319704.993, 94
Trd, 4319707.193, 94
Trd, 4319708.043, 93
Trd, 4319709.293, 94
Trd, 4319710.193, 94
Trd, 4319710.993, 93
Trd, 4319714.643, 93
Trd, 4319714.843, 94
Trd, 4319716.593, 102
Trd, 4319718.243, 99
Trd, 4319719.393, 95
Trd, 4319721.993, 95
Trd, 4319722.243, 96
Trd, 4319722.293, 96
Trd, 4319724.593, 96
Trd, 4319726.193, 95
Trd, 4319726.243, 97
Trd, 4319727.343, 97
Trd, 4319728.293, 98
Trd, 4319729.293, 99
Trd, 4319731.543, 98
Trd, 4319732.093, 98
Trd, 4319733.643, 96
Trd, 4319735.043, 95
Trd, 4319735.293, 96
Trd, 4319736.543, 97
Trd, 4319737.243, 104
Trd, 4319741.193, 97
Trd, 4319741.793, 97
Trd, 4319744.243, 97
Trd, 4319744.393, 97
Trd, 4319744.443, 96
Trd, 4319746.293, 96
Trd, 4319746.743, 96
Trd, 4319747.593, 97
Trd, 4319748.193, 97
Trd, 4319749.743, 95
Trd, 4319751.293, 95
Trd, 4319751.443, 104
Trd, 4319752.543, 113
Trd, 4319754.493, 95
Trd, 4319756.293, 94
Trd, 4319756.593, 92
Trd, 4319757.843, 91
Trd, 4319757.893, 91
Trd, 4319758.943, 103
Trd, 4319761.593, 95
Trd, 4319764.643, 94
Trd, 4319765.093, 95
Trd, 4319766.993, 95
Trd, 4319768.193, 95
Trd, 4319768.493, 96
Trd, 4319769.243, 103
Trd, 4319772.693, 98
Trd, 4319773.543, 98
Trd, 4319775.593, 96
Trd, 4319775.993, 96
Trd, 4319777.093, 96
Trd, 4319777.843, 96
Trd, 4319777.993, 95
Trd, 4319778.543, 95
Trd, 4319780.993, 93
Trd, 4319781.543, 95
Trd, 4319783.543, 94
Trd, 4319783.893, 92
Trd, 4319784.693, 92
Trd, 4319784.793, 93
Trd, 4319789.343, 95
Trd, 4319789.893, 94
Trd, 4319790.143, 101
Trd, 4319792.193, 97
Trd, 4319794.193, 96
Trd, 4319796.793, 94
Trd, 4319797.793, 96
Trd, 4319798.293, 97
Trd, 4319801.643, 95
Trd, 4319802.593, 96
Trd, 4319805.193, 95
Trd, 4319805.793, 96
Trd, 4319805.993, 95
Trd, 4319808.393, 98
Trd, 4319810.293, 96
Trd, 4319811.893, 95
Trd, 4319812.193, 94
Trd, 4319814.243, 94
Trd, 4319814.443, 95
Trd, 4319816.593, 95
Trd, 4319817.793, 97
Trd, 4319818.543, 96
Trd, 4319819.793, 95
Trd, 4319821.243, 96
Trd, 4319821.443, 95
Trd, 4319823.043, 95
Trd, 4319826.343, 95
Trd, 4319827.193, 94
Trd, 4319827.393, 96
Trd, 4319828.193, 95
Trd, 4319829.943, 95
Trd, 4319832.393, 94
Trd, 4319833.943, 94
Trd, 4319835.993, 94
Trd, 4319836.693, 93
Trd, 4319838.643, 93
Trd, 4319839.893, 94
Trd, 4319840.193, 95
Trd, 4319842.843, 94
Trd, 4319845.143, 94
Trd, 4319846.943, 95
Trd, 4319847.443, 95
Trd, 4319848.143, 96
Trd, 4319848.343, 96
Trd, 4319851.393, 96
Trd, 4319851.893, 97
Trd, 4319852.893, 96
Trd, 4319853.543, 104
Trd, 4319854.543, 96
Trd, 4319858.693, 95
Trd, 4319859.443, 96
Trd, 4319860.793, 96
Trd, 4319861.943, 97
Trd, 4319862.993, 98
Trd, 4319863.643, 98
Trd, 4319863.743, 97
Trd, 4319863.843, 100
Trd, 4319866.293, 98
Trd, 4319869.143, 96
Trd, 4319869.243, 96
Trd, 4319869.843, 96
Trd, 4319870.893, 95
Trd, 4319871.393, 96
Trd, 4319873.193, 97
Trd, 4319873.393, 104
Trd, 4319874.993, 98
Trd, 4319877.543, 98
Trd, 4319877.943, 99
Trd, 4319879.893, 99
Trd, 4319881.093, 98
Trd, 4319881.593, 97
Trd, 4319883.443, 99
Trd, 4319884.343, 98
Trd, 4319885.043, 97
Trd, 4319887.943, 96
Trd, 4319888.593, 95
Trd, 4319888.693, 104
Trd, 4319889.143, 96
Trd, 4319891.293, 93
Trd, 4319892.493, 95
Trd, 4319892.593, 94
Trd, 4319894.343, 95
Trd, 4319897.343, 95
Trd, 4319898.893, 93
Trd, 4319899.693, 94
Trd, 4319900.893, 93
Trd, 4319901.293, 93
Trd, 4319903.093, 91
Trd, 4319904.193, 91
Trd, 4319904.293, 92
Trd, 4319906.543, 92
Trd, 4319907.793, 92
Trd, 4319908.443, 91
Trd, 4319912.143, 92
Trd, 4319912.643, 91
Trd, 4319912.893, 91
Trd, 4319914.593, 92
Trd, 4319915.893, 104
Trd, 4319916.843, 96
Trd, 4319918.543, 95
Trd, 4319918.593, 97
Trd, 4319920.793, 97
Trd, 4319921.143, 95
Trd, 4319923.143, 95
Trd, 4319924.543, 94
Trd, 4319924.643, 94
Trd, 4319925.793, 92
Trd, 4319926.043, 93
Trd, 4319926.843, 93
Trd, 4319929.943, 91
Trd, 4319930.093, 92
Trd, 4319932.093, 92
Trd, 4319934.093, 93
Trd, 4319934.243, 95
Trd, 4319937.393, 93
Trd, 4319937.693, 94
Trd, 4319938.593, 94
Trd, 4319939.443, 95
Trd, 4319943.043, 95
Trd, 4319943.093, 94
Trd, 4319943.543, 95
Trd, 4319944.293, 95
Trd, 4319945.693, 94
Trd, 4319949.643, 94
Trd, 4319949.693, 95
Trd, 4319950.593, 94
Trd, 4319951.793, 94
Trd, 4319952.643, 94
Trd, 4319953.343, 94
Trd, 4319953.443, 95
Trd, 4319955.443, 93
Trd, 4319956.943, 93
Trd, 4319959.093, 94
Trd, 4319960.443, 94
Trd, 4319961.593, 96
Trd, 4319964.193, 95
Trd, 4319965.443, 94
Trd, 4319967.093, 94
Trd, 4319968.693, 95
Trd, 4319970.543, 96
Trd, 4319973.693, 96
Trd, 4319973.893, 96
Trd, 4319975.893, 96
Trd, 4319978.043, 94
Trd, 4319979.143, 95
Trd, 4319981.693, 95
Trd, 4319983.943, 95
Trd, 4319984.343, 95
Trd, 4319984.693, 95
Trd, 4319986.993, 95
Trd, 4319987.343, 96
Trd, 4319987.893, 95
Trd, 4319989.943, 94
Trd, 4319992.843, 96
Trd, 4319994.843, 94
Trd, 4319995.693, 95
Trd, 4319995.743, 95
Trd, 4319996.643, 98
Trd, 4319996.743, 104
