Trd, 4317879.993, 93
Trd, 4317880.043, 95
Trd, 4317881.393, 93
Trd, 4317881.643, 104
Trd, 4317883.593, 96
Trd, 4317883.843, 117
Trd, 4317885.093, 101
Trd, 4317886.893, 98
Trd, 4317888.743, 97
Trd, 4317889.193, 99
Trd, 4317890.393, 98
Trd, 4317890.443, 94
Trd, 4317890.543, 120
Trd, 4317891.693, 122
Trd, 4317892.993, 98
Trd, 4317897.593, 101
Trd, 4317897.693, 102
Trd, 4317899.043, 100
Trd, 4317900.443, 100
Trd, 4317901.493, 99
Trd, 4317902.993, 99
Trd, 4317903.843, 104
Trd, 4317905.793, 101
Trd, 4317905.943, 102
Trd, 4317905.993, 101
Trd, 4317906.693, 105
Trd, 4317909.193, 101
Trd, 4317909.393, 99
Trd, 4317912.193, 94
Trd, 4317912.893, 102
Trd, 4317913.643, 102
Trd, 4317917.343, 103
Trd, 4317918.893, 104
Trd, 4317920.193, 99
Trd, 4317923.993, 101
Trd, 4317924.293, 100
Trd, 4317924.493, 99
Trd, 4317925.343, 101
Trd, 4317927.493, 100
Trd, 4317928.043, 101
Trd, 4317929.843, 98
Trd, 4317930.043, 104
Trd, 4317932.793, 98
Trd, 4317933.543, 101
Trd, 4317934.493, 101
Trd, 4317936.143, 98
Trd, 4317936.943, 97
Trd, 4317939.093, 98
Trd, 4317939.493, 98
Trd, 4317940.893, 96
Trd, 4317941.093, 95
Trd, 4317942.443, 97
Trd, 4317943.143, 95
Trd, 4317944.393, 98
Trd, 4317945.143, 95
Trd, 4317945.593, 98
Trd, 4317946.993, 94
Trd, 4317949.943, 95
Trd, 4317951.293, 93
Trd, 4317951.993, 96
Trd, 4317954.793, 96
Trd, 4317955.593, 96
Trd, 4317956.043, 96
Trd, 4317957.843, 95
Trd, 4317958.993, 94
Trd, 4317959.093, 95
Trd, 4317959.393, 93
Trd, 4317961.843, 92
Trd, 4317961.993, 95
Trd, 4317963.943, 94
Trd, 4317966.143, 92
Trd, 4317967.343, 92
Trd, 4317968.193, 92
Trd, 4317968.293, 91
Trd, 4317969.043, 91
Trd, 4317970.893, 91
Trd, 4317971.293, 95
Trd, 4317972.593, 104
Trd, 4317974.743, 90
Trd, 4317976.093, 93
Trd, 4317976.343, 93
Trd, 4317978.243, 93
Trd, 4317978.493, 95
Trd, 4317979.893, 91
Trd, 4317981.143, 91
Trd, 4317983.043, 91
Trd, 4317983.943, 90
Trd, 4317983.993, 92
Trd, 4317988.793, 92
Trd, 4317988.843, 92
Trd, 4317991.093, 90
Trd, 4317991.793, 93
Trd, 4317994.343, 93
Trd, 4317994.593, 93
Trd, 4317995.893, 95
Trd, 4317996.343, 91
Trd, 4317997.943, 90
Trd, 4317999.993, 93
Trd, 4318000.293, 92
Trd, 4318000.443, 104
Trd, 4318002.443, 96
Trd, 4318002.643, 140
Trd, 4318005.693, 101
Trd, 4318008.743, 96
Trd, 4318009.643, 96
Trd, 4318009.793, 92
Trd, 4318011.243, 96
Trd, 4318011.443, 96
Trd, 4318013.893, 96
Trd, 4318014.643, 94
Trd, 4318014.693, 96
Trd, 4318016.943, 96
Trd, 4318018.643, 96
Trd, 4318021.293, 94
Trd, 4318021.593, 94
Trd, 4318022.893, 95
Trd, 4318023.293, 93
Trd, 4318027.143, 94
Trd, 4318027.193, 94
Trd, 4318027.243, 95
Trd, 4318028.243, 95
Trd, 4318029.993, 94
Trd, 4318031.443, 95
Trd, 4318032.443, 102
Trd, 4318033.693, 95
Trd, 4318033.843, 103
Trd, 4318037.643, 95
Trd, 4318037.693, 94
Trd, 4318038.193, 95
Trd, 4318039.943, 87
Trd, 4318040.493, 92
Trd, 4318041.593, 92
Trd, 4318042.643, 91
Trd, 4318043.543, 92
Trd, 4318045.993, 92
Trd, 4318047.143, 91
Trd, 4318049.443, 92
Trd, 4318049.693, 90
Trd, 4318051.393, 92
Trd, 4318051.743, 95
Trd, 4318054.743, 90
Trd, 4318055.143, 89
Trd, 4318056.043, 91
Trd, 4318056.093, 89
Trd, 4318056.293, 118
Trd, 4318058.793, 96
Trd, 4318060.143, 90
Trd, 4318064.293, 91
Trd, 4318064.643, 92
Trd, 4318064.793, 89
Trd, 4318066.743, 94
Trd, 4318068.043, 91
Trd, 4318069.643, 93
Trd, 4318072.443, 94
Trd, 4318074.943, 94
Trd, 4318075.493, 92
Trd, 4318076.143, 93
Trd, 4318078.893, 92
Trd, 4318079.893, 90
Trd, 4318080.793, 94
Trd, 4318080.843, 95
Trd, 4318084.693, 91
Trd, 4318084.993, 92
Trd, 4318086.743, 90
Trd, 4318088.693, 92
Trd, 4318089.843, 91
Trd, 4318090.943, 91
Trd, 4318092.043, 90
Trd, 4318094.743, 90
Trd, 4318095.143, 91
Trd, 4318096.743, 95
Trd, 4318097.093, 93
Trd, 4318097.593, 93
Trd, 4318098.593, 95
Trd, 4318100.943, 92
Trd, 4318101.993, 93
Trd, 4318102.593, 94
Trd, 4318105.593, 92
Trd, 4318106.043, 95
Trd, 4318108.193, 92
Trd, 4318110.143, 93
Trd, 4318110.893, 93
Trd, 4318111.043, 91
Trd, 4318113.243, 95
Trd, 4318113.493, 104
Trd, 4318117.943, 97
Trd, 4318118.193, 94
Trd, 4318118.343, 97
Trd, 4318119.793, 97
Trd, 4318120.643, 97
Trd, 4318122.093, 93
Trd, 4318126.843, 94
Trd, 4318127.543, 96
Trd, 4318129.543, 94
Trd, 4318131.693, 95
Trd, 4318132.093, 94
Trd, 4318132.793, 93
Trd, 4318133.443, 93
Trd, 4318133.743, 93
Trd, 4318134.243, 92
Trd, 4318135.793, 95
Trd, 4318138.943, 93
Trd, 4318139.493, 94
Trd, 4318141.393, 94
Trd, 4318142.093, 93
Trd, 4318143.143, 93
Trd, 4318144.543, 94
Trd, 4318145.893, 95
Trd, 4318146.993, 94
Trd, 4318147.693, 92
Trd, 4318148.293, 96
Trd, 4318149.193, 94
Trd, 4318150.043, 85
Trd, 4318152.243, 94
Trd, 4318152.743, 95
Trd, 4318154.143, 95
Trd, 4318154.593, 94
Trd, 4318156.243, 105
Trd, 4318156.793, 98
Trd, 4318157.093, 95
Trd, 4318159.943, 96
Trd, 4318160.143, 94
Trd, 4318162.593, 95
Trd, 4318164.443, 98
Trd, 4318165.843, 95
Trd, 4318165.893, 94
Trd, 4318166.143, 94
Trd, 4318166.393, 106
Trd, 4318167.143, 119
Trd, 4318168.043, 121
Trd, 4318172.043, 106
Trd, 4318174.393, 105
Trd, 4318174.593, 98
Trd, 4318177.793, 101
Trd, 4318178.943, 102
Trd, 4318180.293, 103
Trd, 4318180.743, 102
Trd, 4318181.643, 102
Trd, 4318182.293, 100
Trd, 4318184.243, 101
Trd, 4318185.343, 102
Trd, 4318186.943, 100
Trd, 4318188.393, 101
Trd, 4318190.593, 101
Trd, 4318190.643, 99
Trd, 4318192.793, 100
Trd, 4318194.043, 100
Trd, 4318194.243, 115
Trd, 4318195.593, 99
Trd, 4318197.943, 99
Trd, 4318199.143, 99
Trd, 4318201.643, 98
Trd, 4318202.693, 99
Trd, 4318203.443, 97
Trd, 4318204.793, 99
Trd, 4318205.043, 99
Trd, 4318205.243, 99
Trd, 4318205.393, 104
Trd, 4318207.393, 98
Trd, 4318207.743, 99
Trd, 4318209.143, 99
Trd, 4318209.693, 100
Trd, 4318212.193, 97
Trd, 4318213.093, 97
Trd, 4318214.493, 94
Trd, 4318215.343, 97
Trd, 4318216.543, 97
Trd, 4318218.193, 96
Trd, 4318218.243, 96
Trd, 4318218.293, 97
Trd, 4318219.643, 94
Trd, 4318221.443, 92
Trd, 4318222.043, 93
Trd, 4318222.893, 87
Trd, 4318224.343, 92
Trd, 4318224.593, 93
Trd, 4318227.443, 92
Trd, 4318229.993, 91
Trd, 4318230.293, 92
Trd, 4318233.293, 92
Trd, 4318234.843, 92
Trd, 4318236.343, 95
Trd, 4318236.993, 90
Trd, 4318238.993, 94
Trd, 4318239.193, 100
Trd, 4318241.893, 96
Trd, 4318241.943, 90
Trd, 4318243.093, 96
Trd, 4318245.293, 89
Trd, 4318246.643, 94
Trd, 4318248.143, 94
Trd, 4318249.293, 94
Trd, 4318250.293, 93
Trd, 4318250.493, 92
Trd, 4318252.743, 93
Trd, 4318254.693, 95
Trd, 4318255.843, 103
Trd, 4318258.043, 96
Trd, 4318258.293, 95
Trd, 4318258.643, 94
Trd, 4318260.143, 95
Trd, 4318262.793, 94
Trd, 4318264.543, 95
Trd, 4318265.493, 95
Trd, 4318265.743, 95
Trd, 4318266.493, 104
Trd, 4318266.593, 133
Trd, 4318268.743, 94
Trd, 4318269.193, 106
Trd, 4318272.043, 103
Trd, 4318272.843, 102
Trd, 4318273.993, 96
Trd, 4318279.243, 96
Trd, 4318280.193, 95
Trd, 4318281.043, 97
Trd, 4318282.393, 95
Trd, 4318282.893, 96
Trd, 4318283.743, 94
Trd, 4318284.543, 96
Trd, 4318284.593, 106
Trd, 4318288.243, 98
Trd, 4318290.593, 97
Trd, 4318293.143, 98
Trd, 4318293.893, 96
Trd, 4318295.243, 96
Trd, 4318295.943, 97
Trd, 4318296.793, 95
Trd, 4318297.893, 97
Trd, 4318299.993, 97
Trd, 4318301.343, 94
Trd, 4318302.543, 93
Trd, 4318302.793, 94
Trd, 4318303.393, 95
Trd, 4318303.893, 106
Trd, 4318303.943, 122
Trd, 4318305.293, 95
Trd, 4318308.643, 95
Trd, 4318309.893, 95
Trd, 4318309.943, 94
Trd, 4318310.643, 93
Trd, 4318312.343, 95
Trd, 4318314.143, 95
Trd, 4318315.643, 95
Trd, 4318316.293, 93
Trd, 4318316.793, 105
Trd, 4318318.493, 91
Trd, 4318321.543, 95
Trd, 4318322.793, 95
Trd, 4318323.093, 96
Trd, 4318324.193, 95
Trd, 4318325.443, 94
Trd, 4318325.793, 94
Trd, 4318326.193, 96
Trd, 4318330.093, 93
Trd, 4318331.093, 95
Trd, 4318332.793, 93
Trd, 4318334.593, 93
Trd, 4318335.293, 95
Trd, 4318336.093, 92
Trd, 4318336.293, 95
Trd, 4318338.993, 92
Trd, 4318340.343, 92
Trd, 4318340.743, 93
Trd, 4318341.443, 93
Trd, 4318341.893, 91
Trd, 4318346.393, 93
Trd, 4318346.893, 90
Trd, 4318349.993, 90
Trd, 4318350.143, 91
Trd, 4318351.343, 91
Trd, 4318352.893, 94
Trd, 4318353.293, 92
Trd, 4318353.593, 89
Trd, 4318354.543, 89
Trd, 4318357.993, 88
Trd, 4318358.293, 89
Trd, 4318358.543, 95
Trd, 4318361.193, 90
Trd, 4318362.343, 90
Trd, 4318362.743, 89
Trd, 4318363.643, 94
Trd, 4318365.943, 91
Trd, 4318367.443, 95
Trd, 4318367.793, 90
Trd, 4318368.093, 106
Trd, 4318369.643, 90
Trd, 4318370.543, 97
Trd, 4318372.943, 95
Trd, 4318374.143, 90
Trd, 4318374.993, 94
Trd, 4318377.193, 94
Trd, 4318377.693, 94
Trd, 4318379.693, 94
Trd, 4318379.993, 95
Trd, 4318381.843, 94
Trd, 4318382.593, 93
Trd, 4318384.443, 92
Trd, 4318384.543, 91
Trd, 4318386.943, 88
Trd, 4318387.293, 92
Trd, 4318389.543, 92
Trd, 4318390.693, 92
Trd, 4318391.293, 92
Trd, 4318393.293, 95
Trd, 4318393.943, 107
Trd, 4318394.693, 94
Trd, 4318397.343, 95
Trd, 4318398.293, 112
Trd, 4318398.443, 94
Trd, 4318399.543, 101
Trd, 4318400.193, 104
Trd, 4318401.293, 97
Trd, 4318401.793, 101
Trd, 4318405.293, 98
Trd, 4318405.643, 97
Trd, 4318405.793, 96
Trd, 4318407.543, 97
Trd, 4318408.343, 95
Trd, 4318409.393, 95
Trd, 4318411.143, 95
Trd, 4318411.693, 96
Trd, 4318412.643, 94
Trd, 4318412.943, 104
Trd, 4318415.343, 98
Trd, 4318415.943, 95
Trd, 4318417.843, 93
Trd, 4318419.193, 97
Trd, 4318420.293, 97
Trd, 4318422.243, 96
Trd, 4318423.143, 96
Trd, 4318424.843, 95
Trd, 4318425.193, 96
Trd, 4318425.493, 95
Trd, 4318425.793, 97
Trd, 4318426.643, 94
Trd, 4318428.443, 97
Trd, 4318429.193, 96
Trd, 4318432.593, 94
Trd, 4318432.793, 95
Trd, 4318433.443, 95
Trd, 4318433.493, 94
Trd, 4318433.993, 95
Trd, 4318436.943, 93
Trd, 4318439.143, 94
Trd, 4318439.643, 95
Trd, 4318441.043, 95
Trd, 4318441.693, 92
Trd, 4318442.643, 92
Trd, 4318444.493, 93
Trd, 4318445.593, 95
Trd, 4318445.993, 93
Trd, 4318448.443, 95
Trd, 4318449.893, 103
Trd, 4318451.443, 97
Trd, 4318451.793, 96
Trd, 4318453.343, 97
Trd, 4318456.593, 97
Trd, 4318457.643, 97
Trd, 4318457.793, 98
Trd, 4318458.043, 115
Trd, 4318461.093, 96
Trd, 4318462.493, 95
Trd, 4318465.543, 98
Trd, 4318465.943, 95
Trd, 4318466.293, 98
Trd, 4318466.793, 96
Trd, 4318466.893, 105
Trd, 4318471.293, 99
Trd, 4318471.593, 99
Trd, 4318473.793, 99
Trd, 4318474.893, 98
Trd, 4318478.293, 98
Trd, 4318478.943, 99
Trd, 4318479.643, 99
Trd, 4318480.043, 96
Trd, 4318482.243, 98
Trd, 4318484.493, 98
Trd, 4318486.393, 98
Trd, 4318486.693, 97
Trd, 4318489.993, 98
Trd, 4318491.493, 98
Trd, 4318491.693, 98
Trd, 4318493.243, 96
Trd, 4318493.293, 103
Trd, 4318495.293, 100
Trd, 4318497.093, 100
Trd, 4318497.593, 101
Trd, 4318499.043, 103
Trd, 4318500.093, 101
Trd, 4318500.543, 100
Trd, 4318505.093, 101
Trd, 4318506.693, 100
Trd, 4318506.943, 99
Trd, 4318508.243, 98
Trd, 4318509.143, 100
Trd, 4318510.493, 98
Trd, 4318511.443, 98
Trd, 4318512.493, 99
Trd, 4318512.993, 99
Trd, 4318514.493, 99
Trd, 4318515.143, 98
Trd, 4318516.593, 100
Trd, 4318518.743, 99
Trd, 4318520.093, 97
Trd, 4318521.643, 96
Trd, 4318521.743, 98
Trd, 4318523.193, 98
Trd, 4318523.993, 95
Trd, 4318525.593, 98
Trd, 4318526.493, 95
Trd, 4318528.693, 95
Trd, 4318529.393, 95
Trd, 4318530.293, 96
Trd, 4318530.793, 96
Trd, 4318532.643, 96
Trd, 4318533.343, 104
Trd, 4318534.943, 94
Trd, 4318538.893, 96
Trd, 4318540.493, 97
Trd, 4318540.993, 97
Trd, 4318543.993, 97
Trd, 4318544.293, 96
Trd, 4318544.443, 97
Trd, 4318547.043, 96
Trd, 4318547.143, 95
Trd, 4318547.643, 114
Trd, 4318548.593, 100
Trd, 4318552.043, 94
Trd, 4318554.393, 95
Trd, 4318556.193, 93
Trd, 4318556.293, 96
Trd, 4318557.143, 96
Trd, 4318558.793, 96
Trd, 4318560.193, 96
Trd, 4318561.093, 103
Trd, 4318562.593, 97
Trd, 4318565.193, 97
Trd, 4318566.893, 97
Trd, 4318567.093, 98
Trd, 4318567.743, 96
Trd, 4318569.243, 97
Trd, 4318569.893, 98
Trd, 4318572.143, 96
Trd, 4318573.393, 96
Trd, 4318574.593, 94
Trd, 4318576.193, 95
Trd, 4318577.193, 96
Trd, 4318579.643, 104
Trd, 4318580.643, 106
Trd, 4318580.743, 105
Trd, 4318580.893, 122
Trd, 4318581.043, 94
Trd, 4318583.543, 101
Trd, 4318584.793, 77
Trd, 4318586.843, 97
Trd, 4318586.893, 98
Trd, 4318588.943, 96
Trd, 4318590.493, 98
Trd, 4318590.643, 98
Trd, 4318592.143, 96
Trd, 4318593.943, 96
Trd, 4318594.893, 93
Trd, 4318595.693, 95
Trd, 4318598.443, 94
Trd, 4318600.993, 92
Trd, 4318601.993, 91
Trd, 4318602.093, 94
Trd, 4318603.393, 95
Trd, 4318605.193, 95
Trd, 4318606.843, 93
Trd, 4318607.243, 93
Trd, 4318608.493, 94
Trd, 4318609.143, 94
Trd, 4318609.843, 94
Trd, 4318612.093, 97
Trd, 4318612.693, 104
Trd, 4318614.043, 98
Trd, 4318615.693, 100
Trd, 4318617.343, 103
Trd, 4318619.093, 99
Trd, 4318619.243, 98
Trd, 4318621.093, 100
Trd, 4318622.043, 98
Trd, 4318624.093, 98
Trd, 4318625.043, 97
Trd, 4318625.943, 98
Trd, 4318627.093, 98
Trd, 4318628.793, 97
Trd, 4318629.243, 98
Trd, 4318630.793, 98
Trd, 4318631.593, 99
Trd, 4318631.793, 104
Trd, 4318632.793, 98
Trd, 4318633.093, 101
Trd, 4318636.493, 94
Trd, 4318636.893, 100
Trd, 4318638.393, 99
Trd, 4318640.543, 99
Trd, 4318642.743, 97
Trd, 4318643.243, 96
Trd, 4318643.943, 96
Trd, 4318644.843, 95
Trd, 4318645.343, 99
Trd, 4318646.843, 104
Trd, 4318647.343, 117
Trd, 4318648.643, 103
Trd, 4318650.443, 95
Trd, 4318652.743, 98
Trd, 4318653.443, 94
Trd, 4318654.093, 98
Trd, 4318656.143, 94
Trd, 4318657.693, 97
Trd, 4318659.243, 97
Trd, 4318660.293, 97
Trd, 4318660.443, 93
Trd, 4318661.543, 97
Trd, 4318664.943, 97
Trd, 4318665.193, 96
Trd, 4318665.243, 94
Trd, 4318665.843, 97
Trd, 4318670.293, 94
Trd, 4318671.393, 93
Trd, 4318673.043, 94
Trd, 4318674.593, 93
Trd, 4318674.693, 95
Trd, 4318676.643, 95
Trd, 4318677.893, 94
Trd, 4318679.193, 95
Trd, 4318679.843, 94
Trd, 4318682.943, 93
Trd, 4318683.943, 95
Trd, 4318685.143, 92
Trd, 4318685.493, 95
Trd, 4318687.943, 94
Trd, 4318688.893, 93
Trd, 4318690.343, 94
Trd, 4318691.993, 92
Trd, 4318693.293, 92
Trd, 4318694.093, 95
Trd, 4318695.893, 92
Trd, 4318696.643, 92
Trd, 4318697.793, 92
Trd, 4318698.093, 95
Trd, 4318699.793, 92
Trd, 4318700.293, 105
Trd, 4318700.343, 85
Trd, 4318702.943, 100
Trd, 4318705.243, 95
Trd, 4318706.343, 96
Trd, 4318706.843, 98
Trd, 4318708.243, 96
Trd, 4318708.343, 98
Trd, 4318711.393, 96
Trd, 4318711.793, 95
Trd, 4318712.793, 95
Trd, 4318712.893, 96
Trd, 4318713.443, 96
Trd, 4318716.693, 97
Trd, 4318717.193, 95
Trd, 4318720.043, 94
Trd, 4318721.193, 95
Trd, 4318723.343, 93
Trd, 4318724.143, 95
Trd, 4318724.643, 94
Trd, 4318725.443, 95
Trd, 4318727.293, 95
Trd, 4318728.493, 95
Trd, 4318730.243, 93
Trd, 4318730.993, 95
Trd, 4318732.293, 93
Trd, 4318733.693, 94
Trd, 4318734.143, 95
Trd, 4318736.243, 95
Trd, 4318739.943, 92
Trd, 4318740.143, 93
Trd, 4318740.193, 95
Trd, 4318742.343, 95
Trd, 4318742.393, 115
Trd, 4318743.243, 94
Trd, 4318745.393, 94
Trd, 4318746.493, 95
Trd, 4318748.093, 95
Trd, 4318748.743, 95
Trd, 4318751.443, 99
Trd, 4318752.443, 101
Trd, 4318753.493, 98
Trd, 4318754.543, 99
Trd, 4318754.643, 102
Trd, 4318754.893, 94
Trd, 4318756.893, 100
Trd, 4318759.593, 99
Trd, 4318760.243, 97
Trd, 4318760.743, 94
Trd, 4318762.743, 97
Trd, 4318762.943, 95
Trd, 4318764.893, 97
Trd, 4318767.443, 94
Trd, 4318767.593, 94
Trd, 4318768.393, 95
Trd, 4318769.093, 93
Trd, 4318769.643, 102
Trd, 4318774.543, 97
Trd, 4318775.093, 96
Trd, 4318775.843, 94
Trd, 4318777.093, 103
Trd, 4318778.443, 93
Trd, 4318779.693, 93
Trd, 4318780.243, 94
Trd, 4318780.493, 94
Trd, 4318781.893, 95
Trd, 4318783.293, 95
Trd, 4318784.993, 94
Trd, 4318786.043, 94
Trd, 4318786.293, 93
Trd, 4318786.943, 92
Trd, 4318788.193, 104
Trd, 4318788.793, 95
Trd, 4318789.743, 97
Trd, 4318790.443, 94
Trd, 4318790.643, 113
Trd, 4318792.443, 102
Trd, 4318795.543, 93
Trd, 4318796.343, 97
Trd, 4318798.293, 97
Trd, 4318798.743, 97
Trd, 4318798.943, 94
Trd, 4318802.643, 96
Trd, 4318803.893, 96
Trd, 4318805.193, 96
Trd, 4318807.143, 96
Trd, 4318807.743, 77
Trd, 4318808.743, 93
Trd, 4318809.193, 92
Trd, 4318809.743, 93
Trd, 4318811.893, 83
Trd, 4318813.293, 95
Trd, 4318814.093, 93
Trd, 4318815.993, 96
Trd, 4318816.493, 104
Trd, 4318816.893, 94
Trd, 4318818.943, 95
Trd, 4318820.193, 95
Trd, 4318820.443, 95
Trd, 4318822.093, 95
Trd, 4318822.393, 94
Trd, 4318823.443, 95
Trd, 4318825.193, 93
Trd, 4318825.543, 95
Trd, 4318827.943, 94
Trd, 4318828.093, 95
Trd, 4318829.193, 95
Trd, 4318829.643, 93
Trd, 4318833.793, 92
Trd, 4318834.193, 93
Trd, 4318835.143, 91
Trd, 4318835.743, 93
Trd, 4318837.593, 95
Trd, 4318838.943, 95
Trd, 4318839.093, 91
Trd, 4318840.243, 104
Trd, 4318842.943, 97
Trd, 4318844.243, 94
Trd, 4318844.493, 97
Trd, 4318847.693, 97
Trd, 4318848.793, 97
Trd, 4318850.293, 95
Trd, 4318851.593, 96
Trd, 4318851.643, 95
Trd, 4318851.993, 95
Trd, 4318853.743, 95
Trd, 4318854.643, 102
Trd, 4318857.143, 94
Trd, 4318858.593, 95
Trd, 4318860.143, 94
Trd, 4318860.243, 95
Trd, 4318862.043, 94
Trd, 4318862.343, 95
Trd, 4318867.493, 95
Trd, 4318867.543, 94
Trd, 4318868.493, 95
Trd, 4318868.943, 95
Trd, 4318870.143, 94
Trd, 4318872.643, 95
Trd, 4318873.193, 95
Trd, 4318873.793, 91
Trd, 4318876.793, 91
Trd, 4318877.543, 91
Trd, 4318878.543, 91
Trd, 4318879.943, 95
Trd, 4318880.443, 104
Trd, 4318883.043, 92
Trd, 4318883.143, 91
Trd, 4318883.693, 94
Trd, 4318884.343, 94
Trd, 4318884.493, 90
Trd, 4318884.993, 118
Trd, 4318890.143, 91
Trd, 4318890.543, 94
Trd, 4318890.743, 92
Trd, 4318893.243, 90
Trd, 4318895.643, 90
Trd, 4318896.193, 92
Trd, 4318897.343, 95
Trd, 4318899.293, 92
Trd, 4318899.393, 90
Trd, 4318899.693, 104
Trd, 4318903.343, 94
Trd, 4318904.243, 93
Trd, 4318904.293, 94
Trd, 4318904.943, 92
Trd, 4318907.393, 92
Trd, 4318908.143, 93
Trd, 4318910.593, 90
Trd, 4318912.543, 91
Trd, 4318912.793, 91
Trd, 4318913.393, 92
Trd, 4318915.043, 93
Trd, 4318916.793, 92
Trd, 4318919.493, 89
Trd, 4318920.143, 88
Trd, 4318920.893, 77
Trd, 4318921.693, 89
Trd, 4318923.193, 88
Trd, 4318923.343, 87
Trd, 4318924.793, 90
Trd, 4318926.193, 88
Trd, 4318926.993, 88
Trd, 4318929.643, 92
Trd, 4318930.893, 89
Trd, 4318932.293, 89
Trd, 4318933.493, 88
Trd, 4318934.993, 95
Trd, 4318935.543, 92
Trd, 4318936.393, 92
Trd, 4318936.943, 104
Trd, 4318939.043, 93
Trd, 4318939.193, 94
Trd, 4318939.393, 85
Trd, 4318939.743, 116
Trd, 4318940.743, 90
Trd, 4318941.893, 99
Trd, 4318945.593, 96
Trd, 4318946.693, 93
Trd, 4318947.293, 93
Trd, 4318947.493, 95
Trd, 4318949.993, 95
Trd, 4318951.443, 95
Trd, 4318952.343, 84
Trd, 4318955.543, 95
Trd, 4318955.843, 95
Trd, 4318956.543, 96
Trd, 4318958.443, 96
Trd, 4318961.693, 95
Trd, 4318962.193, 96
Trd, 4318962.943, 96
Trd, 4318963.643, 94
Trd, 4318966.493, 95
Trd, 4318966.643, 94
Trd, 4318967.593, 94
Trd, 4318968.743, 94
Trd, 4318968.943, 94
Trd, 4318970.493, 95
Trd, 4318974.043, 94
Trd, 4318975.143, 94
Trd, 4318975.293, 93
Trd, 4318976.543, 94
Trd, 4318977.443, 95
Trd, 4318979.693, 95
Trd, 4318979.993, 95
Trd, 4318982.093, 103
Trd, 4318982.893, 104
Trd, 4318984.793, 98
Trd, 4318985.493, 94
Trd, 4318985.793, 98
Trd, 4318988.843, 98
Trd, 4318990.043, 94
Trd, 4318990.793, 95
Trd, 4318992.093, 95
Trd, 4318992.893, 105
Trd, 4318995.843, 94
Trd, 4318996.693, 94
Trd, 4318998.943, 95
Trd, 4318998.993, 96
Trd, 4319001.643, 95
Trd, 4319002.193, 95
Trd, 4319004.493, 94
Trd, 4319004.793, 93
Trd, 4319005.793, 94
Trd, 4319006.293, 93
Trd, 4319008.193, 94
Trd, 4319008.693, 95
Trd, 4319010.793, 92
Trd, 4319011.593, 93
Trd, 4319012.793, 92
Trd, 4319013.993, 93
Trd, 4319014.593, 93
Trd, 4319015.393, 91
Trd, 4319015.593, 95
Trd, 4319020.343, 91
Trd, 4319021.043, 94
Trd, 4319021.093, 93
Trd, 4319021.393, 105
Trd, 4319022.843, 94
Trd, 4319023.093, 92
Trd, 4319025.043, 95
Trd, 4319027.943, 93
Trd, 4319028.143, 92
Trd, 4319030.493, 92
Trd, 4319030.943, 91
Trd, 4319030.993, 93
Trd, 4319031.993, 105
Trd, 4319032.843, 114
Trd, 4319033.693, 93
Trd, 4319038.593, 93
Trd, 4319038.693, 94
Trd, 4319038.743, 96
Trd, 4319040.893, 96
Trd, 4319041.943, 94
Trd, 4319043.793, 93
Trd, 4319044.093, 96
Trd, 4319045.043, 105
Trd, 4319046.393, 97
Trd, 4319047.393, 97
Trd, 4319051.093, 96
Trd, 4319051.693, 95
Trd, 4319053.143, 94
Trd, 4319053.693, 96
Trd, 4319055.543, 95
Trd, 4319055.593, 96
Trd, 4319056.143, 97
Trd, 4319059.993, 95
Trd, 4319060.243, 96
Trd, 4319060.843, 95
Trd, 4319061.693, 96
Trd, 4319064.943, 105
Trd, 4319065.393, 122
Trd, 4319066.043, 95
Trd, 4319070.543, 103
Trd, 4319070.943, 101
Trd, 4319071.493, 99
Trd, 4319072.793, 102
Trd, 4319075.243, 98
Trd, 4319075.543, 101
Trd, 4319077.893, 100
Trd, 4319078.593, 99
Trd, 4319078.893, 100
Trd, 4319079.793, 99
Trd, 4319080.093, 98
Trd, 4319082.693, 99
Trd, 4319084.743, 99
Trd, 4319088.143, 98
Trd, 4319088.643, 99
Trd, 4319089.043, 97
Trd, 4319092.143, 95
Trd, 4319092.343, 78
Trd, 4319092.393, 95
Trd, 4319093.293, 91
Trd, 4319094.793, 87
Trd, 4319095.393, 88
Trd, 4319096.793, 86
Trd, 4319098.143, 104
Trd, 4319099.093, 88
Trd, 4319099.393, 97
Trd, 4319101.443, 85
Trd, 4319102.543, 101
Trd, 4319103.943, 90
Trd, 4319105.643, 94
Trd, 4319106.943, 97
Trd, 4319110.493, 90
Trd, 4319111.293, 90
Trd, 4319113.143, 90
Trd, 4319113.593, 95
Trd, 4319114.093, 93
Trd, 4319114.593, 89
Trd, 4319115.343, 104
Trd, 4319116.743, 96
Trd, 4319117.793, 96
Trd, 4319119.443, 97
Trd, 4319120.893, 96
Trd, 4319122.343, 94
Trd, 4319123.043, 96
Trd, 4319123.843, 95
Trd, 4319124.443, 94
Trd, 4319126.493, 95
Trd, 4319127.993, 95
Trd, 4319129.793, 93
Trd, 4319130.343, 95
Trd, 4319131.093, 95
Trd, 4319133.543, 93
Trd, 4319136.993, 95
Trd, 4319137.143, 95
Trd, 4319137.643, 92
Trd, 4319139.243, 93
Trd, 4319139.893, 94
Trd, 4319141.343, 92
Trd, 4319142.543, 91
Trd, 4319143.793, 93
Trd, 4319143.943, 95
Trd, 4319144.943, 95
Trd, 4319147.143, 94
Trd, 4319147.693, 85
Trd, 4319147.743, 105
Trd, 4319151.343, 91
Trd, 4319151.443, 90
Trd, 4319154.293, 91
Trd, 4319155.593, 90
Trd, 4319156.743, 89
Trd, 4319156.943, 89
Trd, 4319159.343, 95
Trd, 4319159.493, 88
Trd, 4319160.993, 90
Trd, 4319161.143, 105
Trd, 4319163.943, 94
Trd, 4319165.693, 94
Trd, 4319168.093, 93
Trd, 4319168.143, 93
Trd, 4319168.543, 92
Trd, 4319170.693, 93
Trd, 4319172.343, 93
Trd, 4319172.993, 91
Trd, 4319173.193, 103
Trd, 4319177.293, 95
Trd, 4319177.543, 95
Trd, 4319178.293, 93
Trd, 4319178.393, 95
Trd, 4319179.943, 93
Trd, 4319181.793, 93
Trd, 4319182.393, 92
Trd, 4319184.893, 94
Trd, 4319185.493, 94
Trd, 4319186.643, 94
Trd, 4319189.093, 93
Trd, 4319189.693, 94
Trd, 4319191.143, 93
Trd, 4319191.693, 92
Trd, 4319193.693, 94
Trd, 4319193.893, 95
Trd, 4319194.843, 105
Trd, 4319195.993, 98
Trd, 4319197.393, 98
Trd, 4319199.743, 97
Trd, 4319200.393, 95
Trd, 4319203.043, 98
Trd, 4319204.393, 95
Trd, 4319204.943, 98
Trd, 4319207.393, 95
Trd, 4319209.043, 96
Trd, 4319209.943, 95
Trd, 4319210.743, 94
Trd, 4319211.493, 95
Trd, 4319212.793, 95
Trd, 4319213.343, 95
Trd, 4319216.343, 93
Trd, 4319217.093, 95
Trd, 4319218.693, 95
Trd, 4319219.293, 96
Trd, 4319219.793, 105
Trd, 4319221.793, 111
Trd, 4319222.143, 113
Trd, 4319224.993, 94
Trd, 4319228.343, 95
Trd, 4319230.593, 94
Trd, 4319230.643, 95
Trd, 4319231.243, 95
Trd, 4319233.143, 93
Trd, 4319233.293, 95
Trd, 4319234.443, 95
Trd, 4319236.143, 93
Trd, 4319236.993, 95
Trd, 4319238.193, 94
Trd, 4319241.443, 95
Trd, 4319242.693, 93
Trd, 4319243.243, 93
Trd, 4319244.793, 95
Trd, 4319245.293, 92
Trd, 4319245.593, 90
Trd, 4319245.643, 93
Trd, 4319248.393, 93
Trd, 4319248.543, 95
Trd, 4319249.193, 92
Trd, 4319251.193, 104
Trd, 4319252.293, 92
Trd, 4319254.143, 91
Trd, 4319255.543, 92
Trd, 4319256.343, 95
Trd, 4319256.993, 91
Trd, 4319259.443, 93
Trd, 4319262.093, 90
Trd, 4319262.343, 92
Trd, 4319262.443, 90
Trd, 4319264.293, 91
Trd, 4319265.093, 95
Trd, 4319267.693, 90
Trd, 4319268.293, 90
Trd, 4319270.943, 91
Trd, 4319271.243, 91
Trd, 4319271.693, 95
Trd, 4319272.243, 92
Trd, 4319273.543, 90
Trd, 4319274.593, 91
Trd, 4319275.843, 92
Trd, 4319279.143, 90
Trd, 4319279.543, 95
Trd, 4319280.893, 92
Trd, 4319281.493, 106
Trd, 4319283.143, 96
Trd, 4319286.443, 94
Trd, 4319286.743, 93
Trd, 4319287.593, 94
Trd, 4319287.943, 93
Trd, 4319288.893, 93
Trd, 4319289.643, 95
Trd, 4319291.843, 92
Trd, 4319292.293, 95
Trd, 4319293.493, 92
Trd, 4319294.543, 92
Trd, 4319294.643, 93
Trd, 4319296.343, 94
Trd, 4319298.243, 95
Trd, 4319300.643, 102
Trd, 4319303.343, 91
Trd, 4319306.293, 96
Trd, 4319306.843, 93
Trd, 4319307.143, 95
Trd, 4319307.643, 95
Trd, 4319308.243, 95
Trd, 4319308.493, 104
Trd, 4319310.093, 97
Trd, 4319310.893, 99
Trd, 4319311.493, 97
Trd, 4319313.793, 99
Trd, 4319315.093, 96
Trd, 4319317.993, 97
Trd, 4319318.093, 96
Trd, 4319318.643, 97
Trd, 4319319.393, 96
Trd, 4319323.243, 97
Trd, 4319323.293, 97
Trd, 4319323.793, 105
Trd, 4319324.543, 122
Trd, 4319326.443, 96
Trd, 4319329.093, 95
Trd, 4319329.643, 94
Trd, 4319330.643, 95
Trd, 4319332.443, 95
Trd, 4319332.793, 95
Trd, 4319334.093, 95
Trd, 4319334.243, 93
Trd, 4319335.243, 106
Trd, 4319336.343, 103
Trd, 4319338.843, 103
Trd, 4319339.243, 104
Trd, 4319342.643, 100
Trd, 4319342.993, 101
Trd, 4319343.293, 100
Trd, 4319344.343, 104
Trd, 4319345.893, 99
Trd, 4319346.593, 99
Trd, 4319347.693, 96
Trd, 4319348.043, 97
Trd, 4319349.093, 96
Trd, 4319350.543, 96
Trd, 4319352.643, 95
Trd, 4319353.443, 103
Trd, 4319354.243, 94
Trd, 4319354.443, 97
Trd, 4319356.093, 97
Trd, 4319358.243, 95
Trd, 4319359.293, 98
Trd, 4319361.843, 97
Trd, 4319361.943, 98
Trd, 4319365.343, 97
Trd, 4319367.743, 96
Trd, 4319367.843, 95
Trd, 4319368.393, 94
Trd, 4319369.043, 95
Trd, 4319370.043, 93
Trd, 4319370.193, 96
Trd, 4319370.443, 85
Trd, 4319373.993, 87
Trd, 4319374.843, 90
Trd, 4319376.243, 95
Trd, 4319376.343, 95
Trd, 4319377.893, 91
Trd, 4319380.543, 93
Trd, 4319380.943, 90
Trd, 4319382.893, 94
Trd, 4319383.393, 95
Trd, 4319385.843, 93
Trd, 4319385.943, 94
Trd, 4319385.993, 93
Trd, 4319389.093, 94
Trd, 4319391.843, 93
Trd, 4319393.043, 92
Trd, 4319393.293, 93
Trd, 4319394.043, 93
Trd, 4319396.543, 91
Trd, 4319397.093, 93
Trd, 4319398.493, 94
Trd, 4319398.543, 95
Trd, 4319400.093, 101
Trd, 4319400.493, 104
Trd, 4319401.443, 113
Trd, 4319402.393, 99
Trd, 4319403.993, 95
Trd, 4319404.193, 94
Trd, 4319404.793, 95
Trd, 4319405.143, 95
Trd, 4319406.143, 104
Trd, 4319407.093, 86
Trd, 4319409.793, 92
Trd, 4319411.343, 93
Trd, 4319412.293, 92
Trd, 4319412.993, 91
Trd, 4319415.793, 92
Trd, 4319415.993, 91
Trd, 4319416.143, 92
Trd, 4319418.193, 93
Trd, 4319419.093, 95
Trd, 4319420.793, 94
Trd, 4319421.593, 94
Trd, 4319422.893, 93
Trd, 4319424.593, 94
Trd, 4319425.643, 93
Trd, 4319426.243, 94
Trd, 4319427.443, 95
Trd, 4319427.943, 94
Trd, 4319428.943, 93
Trd, 4319429.443, 102
Trd, 4319432.543, 93
Trd, 4319433.843, 95
Trd, 4319433.893, 92
Trd, 4319434.693, 95
Trd, 4319435.543, 95
Trd, 4319437.243, 104
Trd, 4319437.943, 96
Trd, 4319438.793, 95
Trd, 4319440.393, 93
Trd, 4319441.893, 96
Trd, 4319442.793, 96
Trd, 4319442.993, 92
Trd, 4319444.793, 94
Trd, 4319447.693, 95
Trd, 4319448.293, 94
Trd, 4319451.043, 95
Trd, 4319451.743, 92
Trd, 4319451.993, 95
Trd, 4319453.543, 92
Trd, 4319455.443, 93
Trd, 4319456.643, 93
Trd, 4319459.443, 94
Trd, 4319459.743, 91
Trd, 4319461.893, 101
Trd, 4319463.393, 96
Trd, 4319463.993, 95
Trd, 4319465.643, 96
Trd, 4319467.043, 97
Trd, 4319467.543, 96
Trd, 4319468.443, 97
Trd, 4319468.893, 96
Trd, 4319472.393, 95
Trd, 4319472.843, 94
Trd, 4319473.993, 94
Trd, 4319474.593, 92
Trd, 4319476.793, 95
Trd, 4319477.143, 93
Trd, 4319478.893, 93
Trd, 4319479.093, 94
Trd, 4319480.643, 92
Trd, 4319481.243, 104
Trd, 4319481.943, 96
Trd, 4319486.643, 93
Trd, 4319488.093, 93
Trd, 4319488.643, 93
Trd, 4319488.793, 93
Trd, 4319490.043, 92
Trd, 4319492.593, 85
Trd, 4319493.993, 92
Trd, 4319494.093, 93
Trd, 4319496.493, 92
Trd, 4319496.943, 92
Trd, 4319497.543, 95
Trd, 4319500.893, 91
Trd, 4319501.143, 90
Trd, 4319502.843, 91
Trd, 4319504.293, 91
Trd, 4319504.943, 91
Trd, 4319506.343, 92
Trd, 4319506.393, 93
Trd, 4319510.943, 92
Trd, 4319511.093, 90
Trd, 4319512.443, 91
Trd, 4319512.593, 90
Trd, 4319513.393, 95
Trd, 4319513.693, 105
Trd, 4319516.343, 89
Trd, 4319517.943, 94
Trd, 4319519.993, 92
Trd, 4319521.043, 94
Trd, 4319522.243, 94
Trd, 4319523.893, 92
Trd, 4319524.493, 95
Trd, 4319527.343, 94
Trd, 4319527.493, 95
Trd, 4319529.493, 92
Trd, 4319529.993, 93
Trd, 4319530.893, 91
Trd, 4319531.643, 94
Trd, 4319533.593, 92
Trd, 4319533.893, 94
Trd, 4319533.993, 94
Trd, 4319538.793, 93
Trd, 4319539.293, 91
Trd, 4319540.693, 94
Trd, 4319543.843, 95
Trd, 4319545.993, 93
Trd, 4319547.693, 93
Trd, 4319547.843, 93
Trd, 4319549.743, 93
Trd, 4319550.143, 94
Trd, 4319550.743, 92
Trd, 4319551.443, 93
Trd, 4319555.643, 93
Trd, 4319555.843, 93
Trd, 4319557.393, 92
Trd, 4319557.693, 91
Trd, 4319558.443, 95
Trd, 4319558.893, 90
Trd, 4319560.093, 106
Trd, 4319562.693, 93
Trd, 4319564.643, 92
Trd, 4319564.693, 94
Trd, 4319566.193, 93
Trd, 4319568.043, 107
Trd, 4319568.143, 91
Trd, 4319572.793, 93
Trd, 4319573.743, 94
Trd, 4319576.593, 94
Trd, 4319576.793, 93
Trd, 4319577.093, 94
Trd, 4319577.693, 95
Trd, 4319580.393, 94
Trd, 4319582.393, 94
Trd, 4319582.743, 94
Trd, 4319583.993, 92
Trd, 4319585.293, 91
Trd, 4319586.043, 85
Trd, 4319586.893, 95
Trd, 4319588.093, 94
Trd, 4319588.793, 94
Trd, 4319590.643, 94
Trd, 4319590.843, 93
Trd, 4319594.093, 94
Trd, 4319594.493, 92
Trd, 4319594.643, 106
Trd, 4319597.143, 95
Trd, 4319597.793, 96
Trd, 4319599.193, 94
Trd, 4319600.043, 96
Trd, 4319600.593, 96
Trd, 4319602.443, 93
Trd, 4319603.593, 86
Trd, 4319605.893, 92
Trd, 4319607.843, 92
Trd, 4319610.343, 92
Trd, 4319610.893, 92
Trd, 4319612.393, 95
Trd, 4319612.443, 91
Trd, 4319613.893, 104
Trd, 4319614.143, 90
Trd, 4319618.443, 91
Trd, 4319619.543, 90
Trd, 4319620.643, 92
Trd, 4319623.143, 94
Trd, 4319624.293, 92
Trd, 4319625.593, 91
Trd, 4319626.243, 94
Trd, 4319627.943, 95
Trd, 4319628.793, 92
Trd, 4319629.293, 91
Trd, 4319630.643, 92
Trd, 4319631.593, 90
Trd, 4319631.943, 95
Trd, 4319633.293, 93
Trd, 4319636.393, 102
Trd, 4319637.293, 96
Trd, 4319638.243, 90
Trd, 4319641.293, 95
Trd, 4319642.793, 93
Trd, 4319642.893, 94
Trd, 4319645.293, 90
Trd, 4319645.543, 93
Trd, 4319647.843, 93
Trd, 4319649.443, 92
Trd, 4319650.193, 90
Trd, 4319651.043, 92
Trd, 4319651.493, 91
Trd, 4319653.043, 90
Trd, 4319653.693, 95
Trd, 4319654.943, 113
Trd, 4319656.193, 89
Trd, 4319658.593, 95
Trd, 4319659.393, 94
Trd, 4319659.743, 94
Trd, 4319660.893, 95
Trd, 4319662.543, 93
Trd, 4319663.543, 92
Trd, 4319663.593, 94
Trd, 4319666.643, 90
Trd, 4319666.743, 92
Trd, 4319668.143, 92
Trd, 4319669.193, 92
Trd, 4319669.443, 94
Trd, 4319671.843, 91
Trd, 4319672.143, 95
Trd, 4319673.243, 96
Trd, 4319674.243, 95
Trd, 4319674.393, 104
Trd, 4319675.693, 114
Trd, 4319677.293, 94
Trd, 4319678.243, 100
Trd, 4319680.993, 99
Trd, 4319681.293, 104
Trd, 4319683.443, 105
Trd, 4319683.693, 102
Trd, 4319683.843, 102
Trd, 4319685.543, 101
Trd, 4319686.193, 99
Trd, 4319687.493, 97
Trd, 4319688.193, 84
Trd, 4319689.743, 77
Trd, 4319689.893, 90
Trd, 4319690.993, 96
Trd, 4319691.843, 92
Trd, 4319694.543, 92
Trd, 4319695.793, 104
Trd, 4319698.543, 97
Trd, 4319700.043, 94
Trd, 4319700.993, 92
Trd, 4319701.193, 93
Trd, 4319701.993, 94
Trd, 4319702.343, 91
Trd, 4319705.893, 94
Trd, 4319706.293, 95
Trd, 4319707.993, 96
Trd, 4319708.843, 95
Trd, 4319708.993, 95
Trd, 4319710.793, 95
Trd, 4319711.393, 94
Trd, 4319713.043, 93
Trd, 4319714.693, 95
Trd, 4319715.193, 95
Trd, 4319717.243, 93
Trd, 4319717.793, 95
Trd, 4319719.893, 100
Trd, 4319720.043, 104
Trd, 4319721.543, 116
Trd, 4319722.543, 101
Trd, 4319722.943, 106
Trd, 4319724.343, 103
Trd, 4319725.293, 107
Trd, 4319725.943, 104
Trd, 4319728.343, 106
Trd, 4319728.943, 102
Trd, 4319729.493, 104
Trd, 4319730.893, 103
Trd, 4319731.543, 105
Trd, 4319732.593, 104
Trd, 4319734.793, 104
Trd, 4319735.043, 104
Trd, 4319735.193, 102
Trd, 4319737.393, 104
Trd, 4319738.143, 103
Trd, 4319738.493, 104
Trd, 4319738.793, 84
Trd, 4319740.793, 103
Trd, 4319744.193, 101
Trd, 4319744.493, 101
Trd, 4319746.093, 101
Trd, 4319747.043, 98
Trd, 4319748.243, 100
Trd, 4319753.693, 97
Trd, 4319754.393, 99
Trd, 4319755.093, 99
Trd, 4319757.393, 98
Trd, 4319757.743, 97
Trd, 4319759.943, 97
Trd, 4319760.893, 97
Trd, 4319762.043, 98
Trd, 4319765.293, 97
Trd, 4319765.343, 97
Trd, 4319765.443, 97
Trd, 4319766.893, 96
Trd, 4319768.943, 97
Trd, 4319769.993, 96
Trd, 4319772.493, 95
Trd, 4319772.693, 95
Trd, 4319773.043, 97
Trd, 4319774.293, 97
Trd, 4319776.093, 96
Trd, 4319777.343, 96
Trd, 4319777.693, 95
Trd, 4319778.043, 97
Trd, 4319778.343, 94
Trd, 4319781.543, 96
Trd, 4319781.743, 96
Trd, 4319784.443, 97
Trd, 4319784.843, 104
Trd, 4319785.643, 99
Trd, 4319786.893, 99
Trd, 4319788.793, 99
Trd, 4319790.143, 100
Trd, 4319791.743, 98
Trd, 4319794.393, 98
Trd, 4319796.643, 100
Trd, 4319796.893, 100
Trd, 4319798.143, 98
Trd, 4319799.593, 99
Trd, 4319801.593, 98
Trd, 4319803.093, 99
Trd, 4319803.793, 98
Trd, 4319806.043, 97
Trd, 4319806.643, 97
Trd, 4319808.743, 97
Trd, 4319808.993, 97
Trd, 4319809.893, 104
Trd, 4319812.043, 97
Trd, 4319813.643, 97
Trd, 4319814.493, 98
Trd, 4319815.093, 99
Trd, 4319816.193, 96
Trd, 4319816.543, 99
Trd, 4319819.293, 98
Trd, 4319819.643, 99
Trd, 4319820.143, 95
Trd, 4319822.843, 98
Trd, 4319823.093, 101
Trd, 4319823.443, 98
Trd, 4319826.643, 97
Trd, 4319828.443, 98
Trd, 4319830.593, 97
Trd, 4319831.943, 97
Trd, 4319833.093, 97
Trd, 4319834.343, 95
Trd, 4319834.993, 98
Trd, 4319835.193, 101
Trd, 4319839.443, 99
Trd, 4319839.643, 103
Trd, 4319841.843, 99
Trd, 4319842.393, 98
Trd, 4319842.643, 100
Trd, 4319842.693, 97
Trd, 4319847.743, 99
Trd, 4319848.543, 99
Trd, 4319849.093, 99
Trd, 4319849.793, 99
Trd, 4319851.343, 98
Trd, 4319852.193, 97
Trd, 4319852.943, 98
Trd, 4319853.843, 96
Trd, 4319856.643, 98
Trd, 4319858.043, 97
Trd, 4319858.893, 96
Trd, 4319859.943, 97
Trd, 4319861.643, 97
Trd, 4319862.143, 83
Trd, 4319862.793, 98
Trd, 4319866.443, 97
Trd, 4319866.843, 96
Trd, 4319867.343, 96
Trd, 4319868.543, 94
Trd, 4319869.143, 96
Trd, 4319871.293, 94
Trd, 4319873.143, 95
Trd, 4319875.143, 96
Trd, 4319875.843, 95
Trd, 4319879.093, 95
Trd, 4319879.743, 94
Trd, 4319880.743, 93
Trd, 4319881.443, 94
Trd, 4319881.993, 95
Trd, 4319882.093, 95
Trd, 4319883.593, 92
Trd, 4319885.093, 91
Trd, 4319885.893, 104
Trd, 4319886.793, 113
Trd, 4319888.843, 102
Trd, 4319889.843, 103
Trd, 4319890.193, 95
Trd, 4319891.793, 101
Trd, 4319892.993, 104
Trd, 4319893.443, 103
Trd, 4319894.493, 102
Trd, 4319895.143, 101
Trd, 4319895.743, 103
Trd, 4319897.193, 104
Trd, 4319898.443, 100
Trd, 4319899.093, 101
Trd, 4319899.843, 100
Trd, 4319901.543, 104
Trd, 4319903.193, 100
Trd, 4319904.043, 99
Trd, 4319904.993, 99
Trd, 4319905.143, 98
Trd, 4319907.043, 117
Trd, 4319909.393, 100
Trd, 4319909.643, 101
Trd, 4319910.793, 101
Trd, 4319910.843, 94
Trd, 4319913.893, 97
Trd, 4319915.043, 97
Trd, 4319915.143, 96
Trd, 4319917.093, 97
Trd, 4319918.193, 95
Trd, 4319920.243, 95
Trd, 4319921.143, 96
Trd, 4319921.443, 94
Trd, 4319923.793, 96
Trd, 4319925.643, 96
Trd, 4319926.493, 94
Trd, 4319927.993, 96
Trd, 4319928.343, 96
Trd, 4319930.143, 102
Trd, 4319932.493, 108
Trd, 4319933.043, 104
Trd, 4319933.743, 103
Trd, 4319934.743, 113
Trd, 4319936.343, 104
Trd, 4319936.593, 106
Trd, 4319938.393, 103
Trd, 4319940.243, 103
Trd, 4319940.293, 102
Trd, 4319941.593, 101
Trd, 4319942.193, 102
Trd, 4319944.343, 102
Trd, 4319944.593, 101
Trd, 4319944.893, 94
Trd, 4319947.243, 102
Trd, 4319947.693, 104
Trd, 4319948.043, 99
Trd, 4319949.243, 102
Trd, 4319949.693, 94
Trd, 4319954.093, 97
Trd, 4319954.193, 100
Trd, 4319955.093, 99
Trd, 4319956.643, 100
Trd, 4319957.493, 103
Trd, 4319958.743, 100
Trd, 4319959.993, 101
Trd, 4319960.743, 100
Trd, 4319962.193, 102
Trd, 4319963.343, 101
Trd, 4319964.993, 99
Trd, 4319965.943, 102
Trd, 4319966.893, 97
Trd, 4319967.943, 101
Trd, 4319971.343, 104
Trd, 4319972.043, 103
Trd, 4319972.543, 102
Trd, 4319973.593, 101
Trd, 4319975.893, 103
Trd, 4319976.043, 105
Trd, 4319977.793, 100
Trd, 4319979.743, 100
Trd, 4319979.943, 99
Trd, 4319981.043, 104
Trd, 4319983.443, 94
Trd, 4319986.043, 100
Trd, 4319986.293, 99
Trd, 4319987.543, 100
Trd, 4319989.293, 98
Trd, 4319989.343, 104
Trd, 4319989.393, 117
Trd, 4319991.143, 102
Trd, 4319992.943, 100
Trd, 4319993.693, 98
Trd, 4319994.293, 101
Trd, 4319997.093, 105
Trd, 4319998.893, 100
Trd, 4319999.843, 98
