Trd, 4317822.743, 95
Trd, 4317823.993, 95
Trd, 4317824.293, 89
Trd, 4317825.893, 95
Trd, 4317827.643, 93
Trd, 4317829.293, 90
Trd, 4317830.393, 85
Trd, 4317833.043, 95
Trd, 4317837.493, 89
Trd, 4317837.543, 85
Trd, 4317839.393, 88
Trd, 4317839.443, 95
Trd, 4317843.443, 87
Trd, 4317845.393, 95
Trd, 4317846.993, 86
Trd, 4317847.643, 85
Trd, 4317849.743, 85
Trd, 4317849.993, 92
Trd, 4317850.193, 92
Trd, 4317852.193, 85
Trd, 4317855.793, 87
Trd, 4317858.093, 89
Trd, 4317859.743, 90
Trd, 4317862.093, 92
Trd, 4317865.243, 89
Trd, 4317866.893, 89
Trd, 4317867.043, 87
Trd, 4317868.793, 92
Trd, 4317869.493, 95
Trd, 4317869.793, 88
Trd, 4317870.143, 94
Trd, 4317871.443, 93
Trd, 4317871.643, 93
Trd, 4317874.643, 92
Trd, 4317874.993, 91
Trd, 4317878.293, 93
Trd, 4317880.843, 93
Trd, 4317881.193, 92
Trd, 4317883.793, 91
Trd, 4317884.793, 93
Trd, 4317885.893, 90
Trd, 4317887.643, 93
Trd, 4317888.743, 93
Trd, 4317890.093, 98
Trd, 4317890.793, 96
Trd, 4317892.043, 102
Trd, 4317893.793, 104
Trd, 4317894.643, 90
Trd, 4317895.893, 89
Trd, 4317895.993, 95
Trd, 4317896.793, 95
Trd, 4317898.093, 95
Trd, 4317898.193, 93
Trd, 4317902.193, 92
Trd, 4317903.843, 93
Trd, 4317904.293, 88
Trd, 4317904.543, 85
Trd, 4317906.193, 95
Trd, 4317907.393, 93
Trd, 4317908.643, 92
Trd, 4317911.193, 93
Trd, 4317911.593, 104
Trd, 4317912.493, 91
Trd, 4317914.293, 90
Trd, 4317916.793, 89
Trd, 4317916.893, 85
Trd, 4317920.543, 95
Trd, 4317923.643, 95
Trd, 4317923.843, 93
Trd, 4317925.043, 95
Trd, 4317925.343, 92
Trd, 4317925.643, 95
Trd, 4317927.493, 93
Trd, 4317928.693, 91
Trd, 4317930.493, 78
Trd, 4317932.343, 94
Trd, 4317933.493, 93
Trd, 4317933.843, 87
Trd, 4317935.993, 88
Trd, 4317938.293, 93
Trd, 4317941.743, 92
Trd, 4317943.093, 90
Trd, 4317944.793, 93
Trd, 4317945.243, 89
Trd, 4317945.593, 93
Trd, 4317947.193, 88
Trd, 4317950.593, 93
Trd, 4317951.793, 88
Trd, 4317954.793, 87
Trd, 4317956.443, 92
Trd, 4317957.343, 88
Trd, 4317957.943, 95
Trd, 4317959.593, 93
Trd, 4317960.693, 91
Trd, 4317963.743, 89
Trd, 4317964.693, 90
Trd, 4317965.643, 93
Trd, 4317968.993, 89
Trd, 4317969.893, 88
Trd, 4317970.443, 92
Trd, 4317970.743, 92
Trd, 4317971.743, 87
Trd, 4317975.593, 87
Trd, 4317976.643, 92
Trd, 4317978.493, 87
Trd, 4317978.593, 85
Trd, 4317981.043, 91
Trd, 4317983.343, 86
Trd, 4317984.243, 95
Trd, 4317986.493, 86
Trd, 4317987.543, 92
Trd, 4317988.793, 92
Trd, 4317991.443, 92
Trd, 4317991.893, 91
Trd, 4317995.143, 90
Trd, 4317996.643, 91
Trd, 4317997.093, 89
Trd, 4317999.293, 90
Trd, 4317999.843, 92
Trd, 4318000.843, 90
Trd, 4318003.593, 92
Trd, 4318005.543, 92
Trd, 4318005.593, 89
Trd, 4318007.343, 88
Trd, 4318008.843, 88
Trd, 4318010.693, 87
Trd, 4318012.193, 92
Trd, 4318014.543, 86
Trd, 4318014.943, 86
Trd, 4318017.893, 92
Trd, 4318020.743, 88
Trd, 4318021.643, 85
Trd, 4318022.693, 92
Trd, 4318023.593, 95
Trd, 4318025.693, 90
Trd, 4318028.243, 89
Trd, 4318029.643, 92
Trd, 4318030.643, 88
Trd, 4318033.143, 87
Trd, 4318034.143, 90
Trd, 4318036.043, 87
Trd, 4318036.193, 95
Trd, 4318036.643, 86
Trd, 4318037.843, 85
Trd, 4318039.893, 90
Trd, 4318040.443, 84
Trd, 4318041.693, 90
Trd, 4318042.843, 85
Trd, 4318043.893, 84
Trd, 4318048.293, 90
Trd, 4318049.693, 90
Trd, 4318049.893, 85
Trd, 4318053.093, 86
Trd, 4318053.443, 90
Trd, 4318053.743, 85
Trd, 4318057.843, 90
Trd, 4318058.443, 85
Trd, 4318060.293, 90
Trd, 4318060.793, 90
Trd, 4318061.193, 85
Trd, 4318062.143, 84
Trd, 4318063.593, 87
Trd, 4318065.343, 85
Trd, 4318069.543, 89
Trd, 4318071.193, 90
Trd, 4318071.993, 90
Trd, 4318072.543, 89
Trd, 4318073.243, 93
Trd, 4318075.443, 95
Trd, 4318077.043, 89
Trd, 4318078.193, 89
Trd, 4318079.893, 88
Trd, 4318080.893, 90
Trd, 4318082.543, 88
Trd, 4318085.293, 87
Trd, 4318085.393, 87
Trd, 4318085.793, 89
Trd, 4318085.993, 90
Trd, 4318088.443, 89
Trd, 4318090.943, 86
Trd, 4318092.293, 85
Trd, 4318094.343, 84
Trd, 4318095.443, 83
Trd, 4318097.693, 88
Trd, 4318098.193, 88
Trd, 4318101.893, 83
Trd, 4318102.543, 87
Trd, 4318103.243, 106
Trd, 4318104.643, 86
Trd, 4318106.043, 92
Trd, 4318107.793, 91
Trd, 4318109.893, 86
Trd, 4318111.593, 86
Trd, 4318111.643, 91
Trd, 4318112.343, 85
Trd, 4318114.893, 95
Trd, 4318115.293, 104
Trd, 4318115.843, 94
Trd, 4318116.243, 92
Trd, 4318118.743, 90
Trd, 4318119.043, 91
Trd, 4318119.843, 84
Trd, 4318121.243, 95
Trd, 4318125.243, 92
Trd, 4318128.943, 91
Trd, 4318131.443, 90
Trd, 4318133.343, 95
Trd, 4318133.843, 89
Trd, 4318134.143, 89
Trd, 4318136.293, 93
Trd, 4318136.393, 89
Trd, 4318140.993, 93
Trd, 4318141.093, 95
Trd, 4318143.243, 90
Trd, 4318144.493, 93
Trd, 4318144.993, 89
Trd, 4318145.793, 85
Trd, 4318149.543, 87
Trd, 4318149.743, 93
Trd, 4318151.043, 93
Trd, 4318152.243, 87
Trd, 4318153.293, 87
Trd, 4318155.043, 90
Trd, 4318156.743, 87
Trd, 4318158.743, 93
Trd, 4318159.693, 93
Trd, 4318161.143, 93
Trd, 4318162.293, 93
Trd, 4318164.193, 87
Trd, 4318164.393, 87
Trd, 4318166.493, 93
Trd, 4318168.293, 87
Trd, 4318169.343, 86
Trd, 4318173.443, 91
Trd, 4318174.893, 88
Trd, 4318175.593, 88
Trd, 4318177.893, 93
Trd, 4318181.293, 93
Trd, 4318183.293, 89
Trd, 4318183.643, 88
Trd, 4318185.993, 87
Trd, 4318186.193, 93
Trd, 4318187.243, 87
Trd, 4318190.443, 87
Trd, 4318190.693, 86
Trd, 4318195.393, 93
Trd, 4318197.943, 87
Trd, 4318199.493, 92
Trd, 4318199.743, 86
Trd, 4318201.743, 91
Trd, 4318204.493, 85
Trd, 4318206.093, 84
Trd, 4318206.293, 91
Trd, 4318209.243, 83
Trd, 4318209.493, 91
Trd, 4318211.043, 91
Trd, 4318211.193, 82
Trd, 4318212.043, 82
Trd, 4318214.443, 81
Trd, 4318215.043, 92
Trd, 4318218.443, 92
Trd, 4318219.243, 92
Trd, 4318219.293, 82
Trd, 4318219.693, 95
Trd, 4318220.393, 82
Trd, 4318222.843, 86
Trd, 4318224.943, 91
Trd, 4318225.243, 86
Trd, 4318226.143, 92
Trd, 4318227.443, 86
Trd, 4318229.943, 91
Trd, 4318230.143, 87
Trd, 4318230.493, 91
Trd, 4318232.893, 95
Trd, 4318234.593, 86
Trd, 4318236.843, 85
Trd, 4318238.893, 84
Trd, 4318239.143, 84
Trd, 4318240.693, 91
Trd, 4318241.043, 91
Trd, 4318243.893, 84
Trd, 4318244.093, 84
Trd, 4318245.843, 90
Trd, 4318249.193, 90
Trd, 4318249.543, 90
Trd, 4318249.943, 94
Trd, 4318250.493, 91
Trd, 4318250.543, 85
Trd, 4318252.943, 77
Trd, 4318255.293, 91
Trd, 4318256.493, 87
Trd, 4318258.893, 91
Trd, 4318260.793, 91
Trd, 4318260.943, 91
Trd, 4318261.193, 85
Trd, 4318261.943, 95
Trd, 4318263.643, 92
Trd, 4318264.393, 88
Trd, 4318264.493, 85
Trd, 4318266.293, 93
Trd, 4318268.493, 94
Trd, 4318268.943, 95
Trd, 4318269.593, 93
Trd, 4318270.243, 85
Trd, 4318271.143, 83
Trd, 4318273.293, 83
Trd, 4318274.193, 93
Trd, 4318275.443, 96
Trd, 4318275.993, 95
Trd, 4318276.243, 104
Trd, 4318277.393, 94
Trd, 4318280.493, 97
Trd, 4318280.543, 97
Trd, 4318281.143, 95
Trd, 4318285.793, 94
Trd, 4318287.543, 94
Trd, 4318289.793, 97
Trd, 4318290.093, 93
Trd, 4318291.743, 92
Trd, 4318293.243, 91
Trd, 4318296.593, 97
Trd, 4318296.993, 93
Trd, 4318300.593, 92
Trd, 4318303.293, 91
Trd, 4318304.693, 90
Trd, 4318305.943, 97
Trd, 4318306.493, 96
Trd, 4318308.043, 93
Trd, 4318312.193, 92
Trd, 4318314.043, 91
Trd, 4318314.193, 97
Trd, 4318318.443, 90
Trd, 4318320.343, 90
Trd, 4318320.843, 97
Trd, 4318321.343, 89
Trd, 4318323.493, 89
Trd, 4318325.443, 95
Trd, 4318325.693, 88
Trd, 4318326.843, 95
Trd, 4318328.893, 88
Trd, 4318329.593, 87
Trd, 4318331.143, 95
Trd, 4318333.693, 87
Trd, 4318335.093, 94
Trd, 4318335.743, 87
Trd, 4318341.843, 90
Trd, 4318343.843, 90
Trd, 4318344.493, 94
Trd, 4318345.543, 94
Trd, 4318348.193, 91
Trd, 4318349.443, 89
Trd, 4318351.643, 94
Trd, 4318353.643, 94
Trd, 4318353.893, 89
Trd, 4318357.743, 89
Trd, 4318358.743, 94
Trd, 4318359.893, 94
Trd, 4318360.793, 88
Trd, 4318361.143, 85
Trd, 4318365.593, 88
Trd, 4318367.143, 92
Trd, 4318368.543, 87
Trd, 4318369.643, 92
Trd, 4318371.143, 87
Trd, 4318371.743, 87
Trd, 4318374.143, 87
Trd, 4318375.943, 91
Trd, 4318378.543, 88
Trd, 4318380.993, 88
Trd, 4318384.393, 87
Trd, 4318385.843, 86
Trd, 4318387.093, 91
Trd, 4318388.543, 91
Trd, 4318388.943, 95
Trd, 4318390.093, 86
Trd, 4318390.393, 85
Trd, 4318392.093, 85
Trd, 4318397.193, 93
Trd, 4318397.643, 87
Trd, 4318400.143, 86
Trd, 4318402.043, 93
Trd, 4318402.943, 87
Trd, 4318405.443, 89
Trd, 4318408.743, 87
Trd, 4318409.143, 93
Trd, 4318410.843, 86
Trd, 4318412.943, 88
Trd, 4318414.343, 90
Trd, 4318414.493, 86
Trd, 4318415.093, 85
Trd, 4318417.993, 86
Trd, 4318418.493, 89
Trd, 4318419.543, 85
Trd, 4318419.793, 85
Trd, 4318420.093, 89
Trd, 4318421.593, 86
Trd, 4318422.243, 95
Trd, 4318422.443, 105
Trd, 4318424.793, 93
Trd, 4318428.143, 95
Trd, 4318430.193, 92
Trd, 4318431.793, 89
Trd, 4318432.643, 93
Trd, 4318435.543, 93
Trd, 4318435.593, 95
Trd, 4318437.393, 89
Trd, 4318440.093, 89
Trd, 4318441.993, 88
Trd, 4318442.843, 94
Trd, 4318443.893, 94
Trd, 4318445.893, 89
Trd, 4318446.643, 88
Trd, 4318447.543, 94
Trd, 4318450.243, 87
Trd, 4318450.493, 94
Trd, 4318451.093, 86
Trd, 4318451.543, 85
Trd, 4318455.843, 92
Trd, 4318457.743, 87
Trd, 4318459.993, 92
Trd, 4318460.343, 95
Trd, 4318461.143, 87
Trd, 4318463.043, 86
Trd, 4318464.743, 86
Trd, 4318467.443, 92
Trd, 4318469.543, 92
Trd, 4318470.443, 86
Trd, 4318471.543, 85
Trd, 4318473.593, 84
Trd, 4318474.343, 84
Trd, 4318476.043, 92
Trd, 4318476.493, 95
Trd, 4318478.043, 83
Trd, 4318478.693, 83
Trd, 4318480.793, 89
Trd, 4318481.793, 82
Trd, 4318481.893, 89
Trd, 4318485.093, 82
Trd, 4318487.493, 89
Trd, 4318488.643, 95
Trd, 4318490.193, 89
Trd, 4318490.393, 89
Trd, 4318491.343, 85
Trd, 4318491.793, 95
Trd, 4318492.293, 90
Trd, 4318493.043, 88
Trd, 4318495.793, 87
Trd, 4318496.843, 90
Trd, 4318497.143, 87
Trd, 4318498.143, 95
Trd, 4318499.793, 92
Trd, 4318502.043, 88
Trd, 4318502.443, 95
Trd, 4318502.543, 85
Trd, 4318503.393, 86
Trd, 4318506.693, 111
Trd, 4318508.543, 89
Trd, 4318509.443, 85
Trd, 4318511.693, 97
Trd, 4318511.843, 88
Trd, 4318514.693, 96
Trd, 4318515.943, 89
Trd, 4318518.743, 88
Trd, 4318520.293, 87
Trd, 4318521.893, 94
Trd, 4318522.243, 86
Trd, 4318524.793, 94
Trd, 4318526.893, 93
Trd, 4318527.093, 89
Trd, 4318527.543, 89
Trd, 4318530.843, 102
Trd, 4318532.093, 97
Trd, 4318532.843, 92
Trd, 4318535.593, 97
Trd, 4318537.143, 96
Trd, 4318537.493, 94
Trd, 4318537.993, 94
Trd, 4318539.293, 94
Trd, 4318539.943, 97
Trd, 4318542.443, 93
Trd, 4318543.343, 104
Trd, 4318544.093, 100
Trd, 4318544.293, 106
Trd, 4318545.443, 96
Trd, 4318547.843, 97
Trd, 4318548.343, 96
Trd, 4318550.143, 95
Trd, 4318551.393, 96
Trd, 4318553.793, 95
Trd, 4318554.243, 96
Trd, 4318556.593, 94
Trd, 4318556.743, 96
Trd, 4318557.893, 94
Trd, 4318559.493, 85
Trd, 4318561.643, 91
Trd, 4318561.743, 96
Trd, 4318561.793, 96
Trd, 4318564.893, 96
Trd, 4318565.193, 94
Trd, 4318567.543, 94
Trd, 4318569.193, 96
Trd, 4318570.443, 93
Trd, 4318572.093, 92
Trd, 4318577.093, 96
Trd, 4318578.343, 95
Trd, 4318579.493, 93
Trd, 4318581.243, 92
Trd, 4318582.593, 96
Trd, 4318584.093, 91
Trd, 4318585.293, 91
Trd, 4318586.343, 96
Trd, 4318587.843, 90
Trd, 4318589.993, 90
Trd, 4318590.593, 90
Trd, 4318593.243, 96
Trd, 4318593.743, 96
Trd, 4318593.893, 91
Trd, 4318595.193, 104
Trd, 4318595.493, 89
Trd, 4318598.293, 97
Trd, 4318600.143, 90
Trd, 4318600.743, 90
Trd, 4318601.293, 96
Trd, 4318605.543, 93
Trd, 4318605.593, 96
Trd, 4318606.343, 96
Trd, 4318608.093, 94
Trd, 4318608.343, 96
Trd, 4318610.643, 93
Trd, 4318613.243, 93
Trd, 4318615.293, 92
Trd, 4318616.793, 96
Trd, 4318618.343, 92
Trd, 4318621.093, 92
Trd, 4318623.793, 91
Trd, 4318624.993, 91
Trd, 4318625.543, 96
Trd, 4318628.293, 96
Trd, 4318632.493, 92
Trd, 4318633.993, 93
Trd, 4318634.643, 92
Trd, 4318637.143, 91
Trd, 4318637.293, 96
Trd, 4318641.493, 91
Trd, 4318641.693, 96
Trd, 4318644.693, 90
Trd, 4318646.593, 96
Trd, 4318648.343, 91
Trd, 4318649.343, 96
Trd, 4318650.343, 90
Trd, 4318650.693, 85
Trd, 4318652.643, 88
Trd, 4318656.643, 88
Trd, 4318658.893, 96
Trd, 4318660.393, 96
Trd, 4318660.543, 90
Trd, 4318661.993, 90
Trd, 4318663.293, 89
Trd, 4318667.643, 95
Trd, 4318668.043, 95
Trd, 4318668.243, 88
Trd, 4318669.693, 87
Trd, 4318671.393, 87
Trd, 4318676.643, 90
Trd, 4318677.593, 90
Trd, 4318678.193, 87
Trd, 4318678.243, 90
Trd, 4318680.843, 86
Trd, 4318681.743, 89
Trd, 4318681.893, 86
Trd, 4318682.843, 85
Trd, 4318683.093, 89
Trd, 4318685.043, 95
Trd, 4318686.843, 85
Trd, 4318687.043, 89
Trd, 4318691.243, 90
Trd, 4318692.293, 90
Trd, 4318696.393, 89
Trd, 4318697.443, 86
Trd, 4318697.693, 90
Trd, 4318698.343, 87
Trd, 4318699.243, 90
Trd, 4318700.293, 90
Trd, 4318702.143, 86
Trd, 4318703.643, 84
Trd, 4318704.293, 90
Trd, 4318705.293, 90
Trd, 4318709.043, 84
Trd, 4318709.343, 84
Trd, 4318713.743, 83
Trd, 4318714.643, 86
Trd, 4318715.443, 83
Trd, 4318717.243, 85
Trd, 4318717.393, 82
Trd, 4318718.643, 80
Trd, 4318718.943, 95
Trd, 4318721.393, 81
Trd, 4318721.493, 83
Trd, 4318722.743, 83
Trd, 4318724.543, 95
Trd, 4318724.693, 87
Trd, 4318725.043, 87
Trd, 4318727.493, 97
Trd, 4318728.893, 98
Trd, 4318729.293, 97
Trd, 4318729.393, 97
Trd, 4318730.093, 85
Trd, 4318732.293, 94
Trd, 4318733.843, 84
Trd, 4318733.893, 91
Trd, 4318734.643, 93
Trd, 4318736.693, 93
Trd, 4318738.043, 83
Trd, 4318740.893, 95
Trd, 4318742.493, 90
Trd, 4318743.393, 92
Trd, 4318743.943, 90
Trd, 4318745.243, 95
Trd, 4318745.993, 91
Trd, 4318748.293, 94
Trd, 4318750.193, 91
Trd, 4318751.043, 90
Trd, 4318752.143, 94
Trd, 4318752.693, 89
Trd, 4318754.243, 89
Trd, 4318754.343, 94
Trd, 4318756.893, 94
Trd, 4318759.493, 88
Trd, 4318759.693, 95
Trd, 4318760.043, 88
Trd, 4318763.793, 88
Trd, 4318764.493, 94
Trd, 4318765.443, 87
Trd, 4318766.593, 87
Trd, 4318766.743, 94
Trd, 4318770.593, 93
Trd, 4318770.843, 86
Trd, 4318772.793, 93
Trd, 4318773.093, 86
Trd, 4318774.543, 95
Trd, 4318776.343, 85
Trd, 4318777.843, 84
Trd, 4318778.893, 93
Trd, 4318780.343, 95
Trd, 4318780.843, 95
Trd, 4318780.943, 104
Trd, 4318782.393, 94
Trd, 4318783.043, 97
Trd, 4318783.543, 96
Trd, 4318783.793, 93
Trd, 4318784.043, 84
Trd, 4318785.293, 109
Trd, 4318787.043, 106
Trd, 4318788.593, 106
Trd, 4318788.893, 103
Trd, 4318789.993, 139
Trd, 4318790.493, 117
Trd, 4318791.043, 124
Trd, 4318792.343, 103
Trd, 4318793.643, 93
Trd, 4318796.343, 100
Trd, 4318797.743, 95
Trd, 4318801.643, 104
Trd, 4318801.843, 101
Trd, 4318803.193, 100
Trd, 4318809.093, 102
Trd, 4318809.443, 99
Trd, 4318809.693, 98
Trd, 4318816.843, 98
Trd, 4318817.043, 97
Trd, 4318817.393, 100
Trd, 4318817.993, 97
Trd, 4318818.293, 100
Trd, 4318820.843, 96
Trd, 4318824.643, 99
Trd, 4318826.843, 96
Trd, 4318828.093, 95
Trd, 4318828.743, 94
Trd, 4318832.243, 95
Trd, 4318832.943, 99
Trd, 4318833.643, 94
Trd, 4318837.293, 94
Trd, 4318838.243, 101
Trd, 4318838.643, 100
Trd, 4318840.293, 99
Trd, 4318841.093, 98
Trd, 4318844.543, 100
Trd, 4318847.843, 96
Trd, 4318849.093, 95
Trd, 4318849.593, 94
Trd, 4318849.743, 100
Trd, 4318853.693, 98
Trd, 4318853.743, 94
Trd, 4318857.293, 98
Trd, 4318857.993, 95
Trd, 4318859.143, 95
Trd, 4318860.993, 95
Trd, 4318861.843, 98
Trd, 4318863.543, 95
Trd, 4318868.193, 94
Trd, 4318868.543, 93
Trd, 4318868.693, 98
Trd, 4318870.993, 91
Trd, 4318871.643, 85
Trd, 4318874.943, 98
Trd, 4318875.993, 92
Trd, 4318876.093, 98
Trd, 4318876.543, 98
Trd, 4318880.043, 91
Trd, 4318881.743, 91
Trd, 4318883.293, 93
Trd, 4318886.643, 92
Trd, 4318887.693, 97
Trd, 4318888.143, 92
Trd, 4318891.893, 93
Trd, 4318893.693, 97
Trd, 4318894.093, 93
Trd, 4318895.893, 92
Trd, 4318896.343, 90
Trd, 4318900.893, 92
Trd, 4318901.743, 97
Trd, 4318903.993, 88
Trd, 4318906.443, 90
Trd, 4318906.943, 97
Trd, 4318909.193, 91
Trd, 4318912.743, 90
Trd, 4318914.793, 90
Trd, 4318916.293, 97
Trd, 4318916.543, 97
Trd, 4318917.493, 90
Trd, 4318920.693, 89
Trd, 4318921.043, 89
Trd, 4318923.393, 95
Trd, 4318923.893, 90
Trd, 4318925.143, 89
Trd, 4318926.843, 95
Trd, 4318928.843, 95
Trd, 4318930.193, 90
Trd, 4318931.343, 95
Trd, 4318932.693, 91
Trd, 4318936.093, 89
Trd, 4318936.493, 93
Trd, 4318937.743, 90
Trd, 4318938.343, 93
Trd, 4318945.843, 89
Trd, 4318946.143, 93
Trd, 4318946.393, 88
Trd, 4318947.243, 93
Trd, 4318947.993, 95
Trd, 4318949.093, 88
Trd, 4318950.093, 93
Trd, 4318953.143, 92
Trd, 4318953.543, 92
Trd, 4318955.793, 93
Trd, 4318956.793, 91
Trd, 4318958.643, 93
Trd, 4318958.893, 90
Trd, 4318960.393, 93
Trd, 4318960.993, 85
Trd, 4318963.893, 88
Trd, 4318965.893, 93
Trd, 4318966.743, 93
Trd, 4318968.243, 88
Trd, 4318970.543, 89
Trd, 4318971.443, 93
Trd, 4318972.543, 88
Trd, 4318974.193, 87
Trd, 4318975.143, 93
Trd, 4318975.893, 95
Trd, 4318975.993, 87
Trd, 4318979.843, 85
Trd, 4318985.793, 93
Trd, 4318986.393, 85
Trd, 4318986.643, 85
Trd, 4318988.593, 89
Trd, 4318990.893, 88
Trd, 4318992.293, 92
Trd, 4318992.643, 92
Trd, 4318994.043, 87
Trd, 4318995.543, 95
Trd, 4318996.393, 87
Trd, 4318999.493, 86
Trd, 4319000.643, 91
Trd, 4319001.543, 94
Trd, 4319002.593, 91
Trd, 4319005.393, 93
Trd, 4319006.143, 90
Trd, 4319006.443, 90
Trd, 4319007.043, 85
Trd, 4319007.743, 95
Trd, 4319009.543, 89
Trd, 4319011.043, 92
Trd, 4319011.093, 95
Trd, 4319011.693, 88
Trd, 4319012.443, 87
Trd, 4319016.693, 92
Trd, 4319018.043, 92
Trd, 4319018.293, 87
Trd, 4319019.293, 95
Trd, 4319020.193, 86
Trd, 4319023.343, 87
Trd, 4319026.343, 86
Trd, 4319027.343, 92
Trd, 4319029.093, 92
Trd, 4319029.143, 85
Trd, 4319030.343, 84
Trd, 4319033.293, 91
Trd, 4319033.493, 92
Trd, 4319035.843, 89
Trd, 4319037.543, 92
Trd, 4319039.043, 92
Trd, 4319039.743, 88
Trd, 4319040.693, 88
Trd, 4319042.893, 95
Trd, 4319045.243, 95
Trd, 4319046.843, 98
Trd, 4319047.043, 85
Trd, 4319047.243, 79
Trd, 4319049.393, 95
Trd, 4319049.943, 83
Trd, 4319051.043, 91
Trd, 4319051.893, 93
Trd, 4319054.193, 92
Trd, 4319055.143, 91
Trd, 4319057.493, 91
Trd, 4319058.493, 90
Trd, 4319058.693, 87
Trd, 4319061.543, 91
Trd, 4319064.143, 91
Trd, 4319065.643, 91
Trd, 4319065.843, 90
Trd, 4319069.143, 91
Trd, 4319070.543, 90
Trd, 4319071.743, 89
Trd, 4319074.493, 91
Trd, 4319074.893, 94
Trd, 4319075.143, 88
Trd, 4319078.043, 92
Trd, 4319078.943, 92
Trd, 4319081.343, 93
Trd, 4319082.193, 91
Trd, 4319082.593, 93
Trd, 4319085.943, 89
Trd, 4319088.843, 89
Trd, 4319088.893, 88
Trd, 4319090.643, 93
Trd, 4319093.993, 90
Trd, 4319095.643, 89
Trd, 4319098.743, 92
Trd, 4319102.093, 88
Trd, 4319102.293, 88
Trd, 4319102.893, 92
Trd, 4319104.693, 95
Trd, 4319106.093, 92
Trd, 4319106.993, 87
Trd, 4319107.543, 87
Trd, 4319111.793, 87
Trd, 4319112.093, 87
Trd, 4319113.343, 91
Trd, 4319115.493, 91
Trd, 4319116.493, 95
Trd, 4319117.293, 91
Trd, 4319119.243, 91
Trd, 4319119.543, 93
Trd, 4319120.743, 95
Trd, 4319122.493, 89
Trd, 4319124.243, 89
Trd, 4319125.193, 90
Trd, 4319127.543, 88
Trd, 4319128.743, 89
Trd, 4319132.843, 88
Trd, 4319133.093, 90
Trd, 4319134.343, 90
Trd, 4319136.043, 88
Trd, 4319137.693, 87
Trd, 4319142.193, 90
Trd, 4319143.093, 87
Trd, 4319143.493, 90
Trd, 4319143.993, 87
Trd, 4319144.843, 86
Trd, 4319148.893, 89
Trd, 4319148.993, 90
Trd, 4319149.193, 87
Trd, 4319152.443, 90
Trd, 4319153.743, 90
Trd, 4319153.793, 106
Trd, 4319154.693, 114
Trd, 4319155.493, 109
Trd, 4319155.543, 94
Trd, 4319156.793, 108
Trd, 4319158.443, 102
Trd, 4319158.593, 109
Trd, 4319160.593, 85
Trd, 4319162.693, 80
Trd, 4319163.643, 86
Trd, 4319164.593, 114
Trd, 4319164.793, 95
Trd, 4319165.443, 82
Trd, 4319169.493, 92
Trd, 4319171.343, 92
Trd, 4319172.993, 90
Trd, 4319176.243, 93
Trd, 4319176.543, 95
Trd, 4319176.593, 92
Trd, 4319178.543, 91
Trd, 4319180.343, 93
Trd, 4319181.643, 90
Trd, 4319182.743, 92
Trd, 4319183.993, 93
Trd, 4319186.043, 93
Trd, 4319187.493, 93
Trd, 4319188.093, 92
Trd, 4319191.843, 90
Trd, 4319192.093, 93
Trd, 4319192.643, 89
Trd, 4319193.143, 90
Trd, 4319195.293, 94
Trd, 4319195.593, 89
Trd, 4319197.843, 95
Trd, 4319199.893, 88
Trd, 4319202.293, 94
Trd, 4319203.843, 88
Trd, 4319204.293, 85
Trd, 4319205.993, 87
Trd, 4319208.143, 85
Trd, 4319208.743, 94
Trd, 4319210.943, 95
Trd, 4319211.443, 87
Trd, 4319212.843, 95
Trd, 4319213.293, 87
Trd, 4319217.243, 95
Trd, 4319219.393, 87
Trd, 4319220.093, 87
Trd, 4319221.793, 86
Trd, 4319222.293, 92
Trd, 4319222.493, 85
Trd, 4319224.993, 92
Trd, 4319226.243, 89
Trd, 4319227.493, 89
Trd, 4319229.043, 89
Trd, 4319229.843, 86
Trd, 4319230.443, 90
Trd, 4319230.743, 95
Trd, 4319232.543, 89
Trd, 4319234.043, 90
Trd, 4319234.643, 90
Trd, 4319235.843, 89
Trd, 4319236.893, 95
Trd, 4319237.393, 89
Trd, 4319237.443, 85
Trd, 4319241.893, 91
Trd, 4319243.143, 88
Trd, 4319247.243, 90
Trd, 4319248.043, 87
Trd, 4319248.193, 78
Trd, 4319249.693, 92
Trd, 4319251.643, 84
Trd, 4319255.143, 83
Trd, 4319255.743, 87
Trd, 4319258.043, 82
Trd, 4319258.393, 87
Trd, 4319260.643, 81
Trd, 4319261.593, 87
Trd, 4319264.693, 94
Trd, 4319264.793, 91
Trd, 4319264.893, 95
Trd, 4319265.693, 91
Trd, 4319267.293, 91
Trd, 4319269.443, 85
Trd, 4319269.743, 91
Trd, 4319271.243, 91
Trd, 4319273.393, 91
Trd, 4319274.593, 90
Trd, 4319275.943, 90
Trd, 4319280.243, 90
Trd, 4319280.543, 91
Trd, 4319282.043, 91
Trd, 4319282.293, 89
Trd, 4319283.693, 88
Trd, 4319284.243, 88
Trd, 4319285.593, 90
Trd, 4319287.993, 90
Trd, 4319288.343, 90
Trd, 4319289.943, 90
Trd, 4319290.443, 95
Trd, 4319291.693, 89
Trd, 4319292.893, 88
Trd, 4319293.243, 73
Trd, 4319296.293, 91
Trd, 4319300.243, 84
Trd, 4319300.893, 88
Trd, 4319301.793, 84
Trd, 4319303.943, 83
Trd, 4319304.893, 84
Trd, 4319306.493, 88
Trd, 4319307.893, 88
Trd, 4319308.043, 95
Trd, 4319309.443, 85
Trd, 4319311.593, 94
Trd, 4319312.243, 94
Trd, 4319312.993, 98
Trd, 4319314.293, 92
Trd, 4319315.393, 80
Trd, 4319318.043, 96
Trd, 4319319.393, 94
Trd, 4319320.293, 93
Trd, 4319321.443, 92
Trd, 4319321.593, 93
Trd, 4319321.993, 95
Trd, 4319322.343, 104
Trd, 4319323.743, 98
Trd, 4319323.943, 92
Trd, 4319325.593, 92
Trd, 4319331.243, 95
Trd, 4319332.393, 94
Trd, 4319333.693, 96
Trd, 4319334.443, 97
Trd, 4319334.993, 93
Trd, 4319339.593, 94
Trd, 4319341.043, 93
Trd, 4319342.693, 97
Trd, 4319343.443, 93
Trd, 4319344.893, 97
Trd, 4319345.243, 85
Trd, 4319346.543, 97
Trd, 4319348.893, 97
Trd, 4319349.893, 91
Trd, 4319352.293, 90
Trd, 4319357.843, 97
Trd, 4319358.543, 89
Trd, 4319359.193, 88
Trd, 4319362.243, 93
Trd, 4319365.293, 91
Trd, 4319366.043, 97
Trd, 4319367.343, 90
Trd, 4319372.043, 90
Trd, 4319372.793, 89
Trd, 4319373.193, 97
Trd, 4319374.893, 97
Trd, 4319375.543, 89
Trd, 4319378.593, 93
Trd, 4319378.643, 97
Trd, 4319379.543, 94
Trd, 4319383.643, 97
Trd, 4319384.193, 97
Trd, 4319385.843, 77
Trd, 4319386.943, 89
Trd, 4319387.193, 88
Trd, 4319389.493, 77
Trd, 4319391.593, 84
Trd, 4319392.893, 86
Trd, 4319393.543, 86
Trd, 4319393.993, 95
Trd, 4319396.893, 89
Trd, 4319397.393, 88
Trd, 4319398.993, 86
Trd, 4319401.043, 86
Trd, 4319401.293, 88
Trd, 4319402.743, 86
Trd, 4319404.593, 88
Trd, 4319405.793, 95
Trd, 4319406.393, 114
Trd, 4319406.943, 85
Trd, 4319409.593, 84
Trd, 4319412.293, 83
Trd, 4319412.643, 83
Trd, 4319414.543, 94
Trd, 4319416.543, 89
Trd, 4319417.193, 91
Trd, 4319418.743, 90
Trd, 4319422.243, 88
Trd, 4319423.193, 91
Trd, 4319423.893, 87
Trd, 4319426.243, 92
Trd, 4319426.293, 88
Trd, 4319426.393, 95
Trd, 4319426.893, 87
Trd, 4319429.493, 93
Trd, 4319430.293, 88
Trd, 4319432.193, 95
Trd, 4319434.343, 93
Trd, 4319434.893, 92
Trd, 4319437.393, 93
Trd, 4319439.243, 91
Trd, 4319439.643, 90
Trd, 4319443.693, 89
Trd, 4319445.293, 89
Trd, 4319445.543, 89
Trd, 4319445.643, 93
Trd, 4319446.893, 88
Trd, 4319449.543, 93
Trd, 4319450.543, 93
Trd, 4319450.843, 88
Trd, 4319452.843, 88
Trd, 4319453.243, 96
Trd, 4319455.293, 101
Trd, 4319455.693, 100
Trd, 4319457.893, 97
Trd, 4319458.743, 98
Trd, 4319459.293, 97
Trd, 4319459.893, 85
Trd, 4319460.193, 77
Trd, 4319463.843, 97
Trd, 4319464.093, 96
Trd, 4319465.643, 92
Trd, 4319467.243, 91
Trd, 4319467.743, 97
Trd, 4319471.543, 92
Trd, 4319472.543, 97
Trd, 4319473.243, 91
Trd, 4319474.293, 97
Trd, 4319476.893, 89
Trd, 4319477.043, 85
Trd, 4319479.743, 97
Trd, 4319480.443, 97
Trd, 4319482.993, 97
Trd, 4319483.793, 91
Trd, 4319485.143, 95
Trd, 4319485.843, 96
Trd, 4319487.193, 94
Trd, 4319494.293, 94
Trd, 4319495.093, 96
Trd, 4319495.543, 93
Trd, 4319498.793, 93
Trd, 4319499.493, 94
Trd, 4319500.643, 91
Trd, 4319500.743, 94
Trd, 4319502.743, 92
Trd, 4319503.243, 95
Trd, 4319503.693, 91
Trd, 4319503.993, 94
Trd, 4319509.193, 90
Trd, 4319511.943, 91
Trd, 4319515.893, 90
Trd, 4319518.193, 94
Trd, 4319519.593, 94
Trd, 4319521.343, 90
Trd, 4319521.693, 94
Trd, 4319522.893, 89
Trd, 4319523.893, 88
Trd, 4319525.543, 94
Trd, 4319526.143, 94
Trd, 4319528.043, 94
Trd, 4319528.893, 89
Trd, 4319529.193, 89
Trd, 4319530.293, 94
Trd, 4319532.693, 88
Trd, 4319533.343, 88
Trd, 4319534.393, 94
Trd, 4319535.443, 94
Trd, 4319537.493, 95
Trd, 4319540.143, 88
Trd, 4319540.843, 88
Trd, 4319542.593, 87
Trd, 4319544.193, 86
Trd, 4319544.293, 94
Trd, 4319548.093, 85
Trd, 4319548.643, 94
Trd, 4319549.593, 94
Trd, 4319551.493, 84
Trd, 4319552.993, 94
Trd, 4319553.493, 85
Trd, 4319556.343, 92
Trd, 4319557.643, 86
Trd, 4319559.443, 92
Trd, 4319561.493, 86
Trd, 4319561.743, 95
Trd, 4319561.843, 86
Trd, 4319563.693, 85
Trd, 4319564.693, 95
Trd, 4319566.293, 85
Trd, 4319566.793, 93
Trd, 4319569.993, 84
Trd, 4319570.543, 92
Trd, 4319572.143, 85
Trd, 4319573.043, 86
Trd, 4319573.993, 85
Trd, 4319576.343, 92
Trd, 4319579.093, 86
Trd, 4319580.493, 85
Trd, 4319581.243, 92
Trd, 4319582.443, 91
Trd, 4319583.093, 84
Trd, 4319583.143, 95
Trd, 4319585.943, 91
Trd, 4319588.943, 93
Trd, 4319589.443, 91
Trd, 4319590.543, 85
Trd, 4319594.793, 93
Trd, 4319595.993, 90
Trd, 4319598.043, 89
Trd, 4319599.093, 93
Trd, 4319601.443, 96
Trd, 4319601.743, 108
Trd, 4319602.193, 95
Trd, 4319602.993, 95
Trd, 4319606.643, 94
Trd, 4319607.843, 93
Trd, 4319608.643, 95
Trd, 4319609.493, 92
Trd, 4319611.943, 93
Trd, 4319612.693, 95
Trd, 4319613.343, 95
Trd, 4319616.893, 92
Trd, 4319617.243, 95
Trd, 4319619.143, 91
Trd, 4319621.693, 90
Trd, 4319622.443, 95
Trd, 4319623.643, 95
Trd, 4319623.793, 90
Trd, 4319625.143, 95
Trd, 4319625.843, 90
Trd, 4319627.393, 89
Trd, 4319630.193, 88
Trd, 4319633.843, 88
Trd, 4319634.143, 94
Trd, 4319636.393, 94
Trd, 4319636.993, 87
Trd, 4319639.093, 86
Trd, 4319640.593, 94
Trd, 4319642.193, 85
Trd, 4319644.193, 88
Trd, 4319645.493, 94
Trd, 4319645.943, 92
Trd, 4319648.243, 85
Trd, 4319648.293, 94
Trd, 4319654.143, 89
Trd, 4319654.393, 94
Trd, 4319654.593, 89
Trd, 4319655.043, 85
Trd, 4319659.993, 94
Trd, 4319660.093, 94
Trd, 4319662.843, 92
Trd, 4319664.393, 94
Trd, 4319664.843, 90
Trd, 4319665.893, 104
Trd, 4319668.743, 90
Trd, 4319670.843, 96
Trd, 4319670.993, 92
Trd, 4319672.243, 92
Trd, 4319675.543, 91
Trd, 4319675.793, 95
Trd, 4319677.443, 95
Trd, 4319680.593, 91
Trd, 4319680.643, 95
Trd, 4319681.543, 95
Trd, 4319682.943, 90
Trd, 4319683.693, 95
Trd, 4319685.793, 95
Trd, 4319685.843, 90
Trd, 4319688.243, 90
Trd, 4319690.043, 90
Trd, 4319694.643, 90
Trd, 4319696.043, 89
Trd, 4319699.793, 88
Trd, 4319700.743, 92
Trd, 4319702.593, 95
Trd, 4319704.193, 90
Trd, 4319709.493, 90
Trd, 4319709.743, 95
Trd, 4319710.193, 91
Trd, 4319711.843, 95
Trd, 4319714.693, 91
Trd, 4319715.443, 90
Trd, 4319718.543, 89
Trd, 4319719.493, 89
Trd, 4319721.243, 88
Trd, 4319722.393, 89
Trd, 4319722.993, 95
Trd, 4319729.193, 89
Trd, 4319729.693, 89
Trd, 4319731.243, 92
Trd, 4319732.543, 90
Trd, 4319736.293, 89
Trd, 4319738.493, 95
Trd, 4319739.143, 89
Trd, 4319739.643, 95
Trd, 4319741.643, 88
Trd, 4319743.393, 95
Trd, 4319743.893, 87
Trd, 4319744.093, 104
Trd, 4319746.593, 89
Trd, 4319749.793, 88
Trd, 4319750.893, 95
Trd, 4319753.593, 95
Trd, 4319753.693, 90
Trd, 4319753.843, 104
Trd, 4319755.493, 88
Trd, 4319757.143, 85
Trd, 4319758.843, 91
Trd, 4319760.393, 87
Trd, 4319761.993, 90
Trd, 4319762.693, 95
Trd, 4319764.993, 95
Trd, 4319765.393, 95
Trd, 4319765.893, 96
Trd, 4319767.643, 97
Trd, 4319767.693, 96
Trd, 4319767.743, 105
Trd, 4319771.093, 95
Trd, 4319771.343, 94
Trd, 4319773.093, 96
Trd, 4319775.093, 95
Trd, 4319776.493, 92
Trd, 4319777.793, 87
Trd, 4319779.543, 90
Trd, 4319780.293, 88
Trd, 4319782.093, 90
Trd, 4319783.443, 89
Trd, 4319784.393, 95
Trd, 4319786.893, 107
Trd, 4319787.843, 88
Trd, 4319788.093, 94
Trd, 4319789.593, 89
Trd, 4319790.793, 87
Trd, 4319791.893, 94
Trd, 4319794.093, 90
Trd, 4319795.443, 95
Trd, 4319796.893, 89
Trd, 4319798.043, 90
Trd, 4319800.743, 95
Trd, 4319802.893, 89
Trd, 4319804.593, 95
Trd, 4319805.493, 88
Trd, 4319806.943, 87
Trd, 4319807.793, 89
Trd, 4319809.843, 87
Trd, 4319814.393, 88
Trd, 4319815.243, 87
Trd, 4319815.993, 95
Trd, 4319818.543, 87
Trd, 4319820.893, 87
Trd, 4319821.343, 95
Trd, 4319821.593, 95
Trd, 4319823.143, 86
Trd, 4319823.243, 85
Trd, 4319825.643, 105
Trd, 4319826.993, 96
Trd, 4319828.493, 95
Trd, 4319828.843, 97
Trd, 4319828.943, 96
Trd, 4319832.943, 94
Trd, 4319835.093, 95
Trd, 4319835.743, 95
Trd, 4319837.993, 95
Trd, 4319839.693, 93
Trd, 4319840.693, 91
Trd, 4319845.593, 95
Trd, 4319847.393, 93
Trd, 4319847.443, 92
Trd, 4319848.343, 72
Trd, 4319850.193, 88
Trd, 4319855.393, 88
Trd, 4319856.943, 95
Trd, 4319857.693, 94
Trd, 4319859.593, 91
Trd, 4319859.943, 90
Trd, 4319867.543, 95
Trd, 4319867.843, 89
Trd, 4319869.793, 89
Trd, 4319870.943, 79
Trd, 4319872.243, 86
Trd, 4319872.593, 86
Trd, 4319874.493, 85
Trd, 4319875.693, 84
Trd, 4319876.043, 86
Trd, 4319876.693, 86
Trd, 4319878.293, 85
Trd, 4319879.593, 91
Trd, 4319882.193, 97
Trd, 4319882.393, 114
Trd, 4319882.593, 104
Trd, 4319882.693, 102
Trd, 4319884.643, 105
Trd, 4319884.743, 102
Trd, 4319886.043, 102
Trd, 4319886.243, 92
Trd, 4319890.293, 107
Trd, 4319890.543, 98
Trd, 4319892.443, 99
Trd, 4319893.343, 101
Trd, 4319899.593, 100
Trd, 4319900.743, 98
Trd, 4319901.793, 97
Trd, 4319902.193, 100
Trd, 4319905.293, 85
Trd, 4319905.993, 96
Trd, 4319906.243, 98
Trd, 4319906.443, 95
Trd, 4319911.093, 97
Trd, 4319912.393, 94
Trd, 4319914.643, 93
Trd, 4319915.043, 85
Trd, 4319915.743, 77
Trd, 4319916.793, 88
Trd, 4319917.293, 95
Trd, 4319917.793, 86
Trd, 4319919.243, 89
Trd, 4319920.093, 87
Trd, 4319922.393, 87
Trd, 4319922.893, 95
Trd, 4319925.293, 90
Trd, 4319926.393, 85
Trd, 4319927.393, 89
Trd, 4319929.293, 86
Trd, 4319931.043, 85
Trd, 4319932.393, 85
Trd, 4319935.643, 89
Trd, 4319938.343, 89
Trd, 4319939.543, 89
Trd, 4319940.343, 89
Trd, 4319940.993, 85
Trd, 4319941.943, 84
Trd, 4319943.593, 84
Trd, 4319944.843, 84
Trd, 4319946.693, 89
Trd, 4319949.093, 88
Trd, 4319949.193, 83
Trd, 4319951.993, 88
Trd, 4319954.043, 82
Trd, 4319954.293, 88
Trd, 4319954.543, 82
Trd, 4319956.643, 95
Trd, 4319957.043, 85
Trd, 4319958.693, 86
Trd, 4319960.943, 87
Trd, 4319962.893, 85
Trd, 4319962.943, 90
Trd, 4319964.393, 88
Trd, 4319964.843, 88
Trd, 4319965.343, 95
Trd, 4319966.493, 95
Trd, 4319967.893, 94
Trd, 4319968.293, 92
Trd, 4319969.393, 106
Trd, 4319970.793, 97
Trd, 4319971.193, 95
Trd, 4319971.543, 95
Trd, 4319972.243, 84
Trd, 4319974.243, 94
Trd, 4319974.943, 95
Trd, 4319976.493, 99
Trd, 4319978.743, 101
Trd, 4319978.993, 100
Trd, 4319979.243, 108
Trd, 4319979.543, 99
Trd, 4319981.843, 99
Trd, 4319983.493, 85
Trd, 4319984.443, 97
Trd, 4319988.843, 99
Trd, 4319989.543, 96
Trd, 4319989.743, 95
Trd, 4319991.943, 98
Trd, 4319992.893, 95
Trd, 4319994.393, 97
Trd, 4319994.893, 94
Trd, 4319997.793, 93
Trd, 4319999.493, 94
