Trd, 4317842.643, 97
Trd, 4317843.043, 90
Trd, 4317843.093, 97
Trd, 4317844.693, 113
Trd, 4317845.493, 103
Trd, 4317846.443, 101
Trd, 4317847.543, 99
Trd, 4317850.193, 99
Trd, 4317851.643, 74
Trd, 4317851.943, 90
Trd, 4317852.293, 94
Trd, 4317853.693, 96
Trd, 4317855.143, 97
Trd, 4317856.293, 99
Trd, 4317856.843, 96
Trd, 4317857.543, 106
Trd, 4317858.243, 95
Trd, 4317861.343, 97
Trd, 4317863.393, 97
Trd, 4317864.993, 97
Trd, 4317865.793, 97
Trd, 4317865.893, 96
Trd, 4317869.293, 97
Trd, 4317871.143, 94
Trd, 4317872.193, 97
Trd, 4317872.543, 97
Trd, 4317873.243, 94
Trd, 4317875.543, 97
Trd, 4317877.393, 121
Trd, 4317877.843, 106
Trd, 4317879.443, 107
Trd, 4317880.243, 96
Trd, 4317881.343, 113
Trd, 4317884.343, 105
Trd, 4317884.743, 104
Trd, 4317885.943, 96
Trd, 4317886.143, 104
Trd, 4317891.543, 103
Trd, 4317892.593, 105
Trd, 4317893.543, 99
Trd, 4317893.593, 94
Trd, 4317896.493, 103
Trd, 4317896.793, 103
Trd, 4317898.893, 101
Trd, 4317899.543, 91
Trd, 4317900.793, 97
Trd, 4317903.743, 96
Trd, 4317905.043, 97
Trd, 4317906.943, 96
Trd, 4317909.343, 95
Trd, 4317912.843, 94
Trd, 4317913.393, 96
Trd, 4317914.693, 96
Trd, 4317914.793, 93
Trd, 4317918.893, 96
Trd, 4317918.993, 93
Trd, 4317919.993, 96
Trd, 4317922.343, 92
Trd, 4317922.393, 96
Trd, 4317923.093, 96
Trd, 4317925.193, 91
Trd, 4317928.443, 94
Trd, 4317928.793, 95
Trd, 4317931.893, 95
Trd, 4317933.443, 95
Trd, 4317934.943, 95
Trd, 4317935.943, 95
Trd, 4317937.093, 93
Trd, 4317938.993, 95
Trd, 4317940.943, 95
Trd, 4317941.193, 96
Trd, 4317944.293, 94
Trd, 4317945.593, 94
Trd, 4317946.043, 95
Trd, 4317949.543, 94
Trd, 4317949.593, 93
Trd, 4317950.943, 92
Trd, 4317951.693, 95
Trd, 4317954.393, 93
Trd, 4317955.643, 93
Trd, 4317955.693, 95
Trd, 4317958.193, 104
Trd, 4317959.843, 102
Trd, 4317960.043, 103
Trd, 4317960.793, 101
Trd, 4317961.593, 112
Trd, 4317963.993, 117
Trd, 4317965.693, 111
Trd, 4317966.193, 94
Trd, 4317966.893, 110
Trd, 4317968.343, 105
Trd, 4317969.743, 101
Trd, 4317970.943, 101
Trd, 4317972.493, 94
Trd, 4317973.193, 98
Trd, 4317973.543, 97
Trd, 4317973.843, 98
Trd, 4317974.893, 97
Trd, 4317976.043, 97
Trd, 4317977.143, 119
Trd, 4317978.593, 112
Trd, 4317979.193, 107
Trd, 4317981.293, 106
Trd, 4317982.643, 104
Trd, 4317982.943, 94
Trd, 4317984.593, 97
Trd, 4317985.143, 93
Trd, 4317986.343, 108
Trd, 4317986.543, 104
Trd, 4317988.593, 104
Trd, 4317989.093, 94
Trd, 4317990.143, 105
Trd, 4317991.293, 100
Trd, 4317993.993, 96
Trd, 4317994.143, 99
Trd, 4317995.843, 98
Trd, 4317996.793, 99
Trd, 4317998.193, 98
Trd, 4317998.843, 98
Trd, 4318000.143, 97
Trd, 4318003.343, 122
Trd, 4318004.043, 112
Trd, 4318004.393, 77
Trd, 4318005.243, 100
Trd, 4318007.543, 100
Trd, 4318008.243, 99
Trd, 4318012.093, 103
Trd, 4318012.393, 105
Trd, 4318013.593, 102
Trd, 4318014.093, 102
Trd, 4318017.093, 102
Trd, 4318017.243, 101
Trd, 4318017.343, 99
Trd, 4318018.043, 94
Trd, 4318020.393, 102
Trd, 4318020.793, 113
Trd, 4318023.293, 102
Trd, 4318025.843, 102
Trd, 4318026.743, 101
Trd, 4318028.243, 103
Trd, 4318030.943, 103
Trd, 4318031.793, 101
Trd, 4318033.143, 103
Trd, 4318033.993, 103
Trd, 4318034.643, 99
Trd, 4318035.993, 103
Trd, 4318037.843, 103
Trd, 4318039.193, 99
Trd, 4318042.943, 103
Trd, 4318043.793, 99
Trd, 4318044.143, 103
Trd, 4318048.343, 102
Trd, 4318050.243, 103
Trd, 4318050.493, 100
Trd, 4318051.243, 103
Trd, 4318054.243, 102
Trd, 4318055.393, 98
Trd, 4318058.343, 102
Trd, 4318059.043, 98
Trd, 4318059.493, 101
Trd, 4318065.243, 101
Trd, 4318065.643, 97
Trd, 4318066.493, 101
Trd, 4318067.293, 101
Trd, 4318068.243, 103
Trd, 4318069.643, 103
Trd, 4318070.243, 100
Trd, 4318070.493, 101
Trd, 4318071.993, 102
Trd, 4318072.693, 96
Trd, 4318074.843, 100
Trd, 4318075.593, 99
Trd, 4318075.843, 81
Trd, 4318078.193, 100
Trd, 4318078.493, 81
Trd, 4318081.693, 95
Trd, 4318085.593, 95
Trd, 4318085.793, 94
Trd, 4318088.993, 92
Trd, 4318089.993, 94
Trd, 4318090.943, 95
Trd, 4318094.943, 95
Trd, 4318095.143, 95
Trd, 4318095.893, 91
Trd, 4318096.693, 94
Trd, 4318100.443, 101
Trd, 4318101.643, 95
Trd, 4318102.043, 97
Trd, 4318102.693, 94
Trd, 4318104.843, 90
Trd, 4318106.093, 91
Trd, 4318106.343, 102
Trd, 4318107.743, 97
Trd, 4318107.843, 96
Trd, 4318109.593, 95
Trd, 4318109.993, 115
Trd, 4318111.243, 105
Trd, 4318112.893, 104
Trd, 4318115.443, 94
Trd, 4318115.593, 100
Trd, 4318115.843, 101
Trd, 4318117.343, 100
Trd, 4318118.793, 99
Trd, 4318122.943, 98
Trd, 4318125.043, 99
Trd, 4318125.393, 97
Trd, 4318125.843, 94
Trd, 4318126.543, 98
Trd, 4318130.143, 99
Trd, 4318133.393, 98
Trd, 4318133.843, 96
Trd, 4318134.093, 98
Trd, 4318134.593, 94
Trd, 4318135.743, 98
Trd, 4318138.793, 94
Trd, 4318138.993, 98
Trd, 4318140.343, 104
Trd, 4318140.793, 93
Trd, 4318143.643, 99
Trd, 4318144.993, 93
Trd, 4318145.943, 93
Trd, 4318146.943, 98
Trd, 4318149.543, 97
Trd, 4318149.943, 92
Trd, 4318152.343, 96
Trd, 4318155.143, 96
Trd, 4318157.043, 91
Trd, 4318158.093, 96
Trd, 4318161.443, 90
Trd, 4318161.493, 96
Trd, 4318162.343, 90
Trd, 4318162.793, 96
Trd, 4318168.643, 89
Trd, 4318169.243, 92
Trd, 4318169.993, 96
Trd, 4318170.793, 89
Trd, 4318172.893, 92
Trd, 4318173.593, 94
Trd, 4318174.343, 96
Trd, 4318174.643, 115
Trd, 4318176.193, 102
Trd, 4318176.943, 104
Trd, 4318178.343, 93
Trd, 4318178.693, 116
Trd, 4318179.493, 106
Trd, 4318182.793, 98
Trd, 4318182.993, 101
Trd, 4318184.143, 98
Trd, 4318184.443, 96
Trd, 4318184.993, 107
Trd, 4318186.643, 89
Trd, 4318187.143, 102
Trd, 4318188.193, 99
Trd, 4318190.693, 100
Trd, 4318193.043, 99
Trd, 4318193.343, 98
Trd, 4318195.293, 97
Trd, 4318197.793, 95
Trd, 4318199.593, 99
Trd, 4318200.093, 99
Trd, 4318200.593, 95
Trd, 4318205.193, 96
Trd, 4318205.393, 96
Trd, 4318205.443, 99
Trd, 4318209.743, 97
Trd, 4318209.793, 98
Trd, 4318211.843, 97
Trd, 4318212.643, 98
Trd, 4318212.743, 96
Trd, 4318214.593, 98
Trd, 4318216.743, 98
Trd, 4318217.243, 99
Trd, 4318218.743, 102
Trd, 4318219.593, 94
Trd, 4318222.743, 98
Trd, 4318222.843, 97
Trd, 4318223.393, 96
Trd, 4318223.743, 98
Trd, 4318225.143, 96
Trd, 4318225.793, 103
Trd, 4318228.843, 100
Trd, 4318230.543, 97
Trd, 4318232.043, 98
Trd, 4318232.193, 99
Trd, 4318232.693, 93
Trd, 4318236.293, 103
Trd, 4318237.043, 102
Trd, 4318237.543, 94
Trd, 4318239.193, 99
Trd, 4318239.393, 93
Trd, 4318241.193, 99
Trd, 4318242.843, 108
Trd, 4318244.493, 98
Trd, 4318247.093, 98
Trd, 4318247.993, 100
Trd, 4318250.293, 101
Trd, 4318251.143, 99
Trd, 4318253.143, 99
Trd, 4318253.393, 99
Trd, 4318254.643, 97
Trd, 4318257.343, 94
Trd, 4318260.693, 99
Trd, 4318262.343, 99
Trd, 4318265.543, 99
Trd, 4318268.993, 98
Trd, 4318269.093, 99
Trd, 4318270.093, 98
Trd, 4318275.993, 98
Trd, 4318276.243, 98
Trd, 4318276.693, 96
Trd, 4318278.143, 96
Trd, 4318279.593, 98
Trd, 4318281.693, 95
Trd, 4318283.343, 94
Trd, 4318284.943, 97
Trd, 4318285.043, 98
Trd, 4318288.743, 98
Trd, 4318289.693, 98
Trd, 4318290.093, 95
Trd, 4318292.743, 96
Trd, 4318296.293, 95
Trd, 4318296.393, 96
Trd, 4318299.893, 96
Trd, 4318300.943, 96
Trd, 4318306.793, 96
Trd, 4318308.743, 94
Trd, 4318309.143, 96
Trd, 4318309.443, 96
Trd, 4318310.843, 96
Trd, 4318313.843, 93
Trd, 4318314.043, 96
Trd, 4318314.693, 96
Trd, 4318318.393, 96
Trd, 4318320.393, 96
Trd, 4318320.893, 92
Trd, 4318321.993, 96
Trd, 4318322.493, 103
Trd, 4318323.693, 98
Trd, 4318326.793, 98
Trd, 4318328.293, 91
Trd, 4318333.243, 98
Trd, 4318333.393, 97
Trd, 4318336.443, 93
Trd, 4318336.993, 94
Trd, 4318338.443, 94
Trd, 4318339.593, 95
Trd, 4318340.193, 95
Trd, 4318343.843, 95
Trd, 4318346.343, 94
Trd, 4318346.893, 95
Trd, 4318347.843, 94
Trd, 4318349.593, 95
Trd, 4318352.593, 95
Trd, 4318353.643, 95
Trd, 4318354.593, 92
Trd, 4318355.393, 95
Trd, 4318355.693, 95
Trd, 4318356.893, 102
Trd, 4318357.543, 92
Trd, 4318360.143, 95
Trd, 4318363.643, 96
Trd, 4318364.593, 96
Trd, 4318366.593, 96
Trd, 4318366.993, 107
Trd, 4318368.443, 96
Trd, 4318370.343, 98
Trd, 4318372.093, 97
Trd, 4318372.843, 96
Trd, 4318374.393, 102
Trd, 4318374.643, 98
Trd, 4318377.143, 100
Trd, 4318378.443, 98
Trd, 4318379.493, 98
Trd, 4318379.793, 94
Trd, 4318383.393, 96
Trd, 4318383.943, 86
Trd, 4318384.093, 91
Trd, 4318384.293, 92
Trd, 4318386.193, 90
Trd, 4318387.593, 87
Trd, 4318387.743, 87
Trd, 4318389.443, 96
Trd, 4318389.893, 113
Trd, 4318391.843, 107
Trd, 4318392.493, 103
Trd, 4318392.593, 98
Trd, 4318392.843, 99
Trd, 4318393.543, 67
Trd, 4318396.343, 102
Trd, 4318397.143, 103
Trd, 4318402.243, 95
Trd, 4318402.743, 95
Trd, 4318405.393, 98
Trd, 4318405.543, 99
Trd, 4318407.243, 99
Trd, 4318411.543, 99
Trd, 4318412.943, 96
Trd, 4318416.943, 95
Trd, 4318417.343, 99
Trd, 4318417.943, 99
Trd, 4318420.193, 101
Trd, 4318423.593, 99
Trd, 4318424.943, 99
Trd, 4318426.043, 98
Trd, 4318426.493, 100
Trd, 4318427.393, 95
Trd, 4318429.993, 99
Trd, 4318431.793, 98
Trd, 4318434.443, 100
Trd, 4318435.093, 96
Trd, 4318435.693, 100
Trd, 4318438.693, 99
Trd, 4318438.843, 95
Trd, 4318441.293, 99
Trd, 4318441.643, 94
Trd, 4318444.993, 99
Trd, 4318445.343, 93
Trd, 4318446.493, 111
Trd, 4318448.693, 101
Trd, 4318449.193, 101
Trd, 4318450.343, 101
Trd, 4318450.843, 100
Trd, 4318452.493, 104
Trd, 4318453.993, 115
Trd, 4318454.793, 99
Trd, 4318455.493, 89
Trd, 4318455.693, 90
Trd, 4318457.443, 103
Trd, 4318457.643, 70
Trd, 4318458.593, 95
Trd, 4318458.843, 106
Trd, 4318460.093, 92
Trd, 4318462.493, 96
Trd, 4318464.943, 96
Trd, 4318467.843, 96
Trd, 4318468.293, 96
Trd, 4318470.093, 93
Trd, 4318471.993, 95
Trd, 4318473.343, 95
Trd, 4318475.593, 91
Trd, 4318478.593, 95
Trd, 4318479.143, 92
Trd, 4318482.793, 93
Trd, 4318483.693, 93
Trd, 4318484.243, 90
Trd, 4318486.693, 95
Trd, 4318490.243, 92
Trd, 4318491.043, 92
Trd, 4318492.393, 89
Trd, 4318494.193, 93
Trd, 4318496.643, 95
Trd, 4318497.093, 92
Trd, 4318499.543, 91
Trd, 4318501.693, 95
Trd, 4318504.143, 102
Trd, 4318504.443, 109
Trd, 4318507.493, 101
Trd, 4318508.243, 102
Trd, 4318509.443, 100
Trd, 4318510.293, 100
Trd, 4318511.543, 94
Trd, 4318515.593, 98
Trd, 4318515.893, 99
Trd, 4318516.643, 100
Trd, 4318518.343, 100
Trd, 4318521.793, 97
Trd, 4318523.143, 96
Trd, 4318523.793, 100
Trd, 4318525.343, 100
Trd, 4318528.843, 100
Trd, 4318529.293, 95
Trd, 4318529.943, 98
Trd, 4318530.493, 97
Trd, 4318531.943, 102
Trd, 4318532.593, 109
Trd, 4318534.493, 101
Trd, 4318534.593, 94
Trd, 4318536.793, 103
Trd, 4318537.843, 103
Trd, 4318539.343, 102
Trd, 4318540.693, 102
Trd, 4318541.343, 102
Trd, 4318543.093, 107
Trd, 4318543.593, 102
Trd, 4318544.143, 97
Trd, 4318546.043, 94
Trd, 4318547.693, 99
Trd, 4318549.243, 100
Trd, 4318550.543, 116
Trd, 4318552.243, 110
Trd, 4318552.643, 110
Trd, 4318554.643, 106
Trd, 4318555.343, 101
Trd, 4318557.943, 102
Trd, 4318558.193, 100
Trd, 4318558.593, 101
Trd, 4318558.943, 113
Trd, 4318561.143, 94
Trd, 4318563.993, 103
Trd, 4318565.743, 103
Trd, 4318566.943, 98
Trd, 4318567.493, 103
Trd, 4318570.293, 103
Trd, 4318572.943, 98
Trd, 4318575.743, 102
Trd, 4318576.543, 102
Trd, 4318576.793, 98
Trd, 4318578.943, 102
Trd, 4318579.543, 97
Trd, 4318581.643, 96
Trd, 4318581.793, 102
Trd, 4318585.843, 102
Trd, 4318588.593, 95
Trd, 4318590.443, 103
Trd, 4318590.993, 101
Trd, 4318591.693, 103
Trd, 4318594.293, 103
Trd, 4318596.043, 103
Trd, 4318598.493, 102
Trd, 4318598.693, 99
Trd, 4318601.043, 99
Trd, 4318604.343, 102
Trd, 4318604.543, 94
Trd, 4318604.793, 102
Trd, 4318605.293, 102
Trd, 4318605.643, 108
Trd, 4318606.543, 97
Trd, 4318608.293, 94
Trd, 4318612.393, 101
Trd, 4318613.443, 101
Trd, 4318616.593, 101
Trd, 4318616.643, 99
Trd, 4318617.743, 101
Trd, 4318619.493, 97
Trd, 4318621.593, 100
Trd, 4318624.093, 98
Trd, 4318626.443, 100
Trd, 4318627.493, 97
Trd, 4318627.643, 100
Trd, 4318628.643, 96
Trd, 4318632.043, 100
Trd, 4318632.243, 95
Trd, 4318632.693, 100
Trd, 4318632.743, 76
Trd, 4318634.843, 100
Trd, 4318636.243, 100
Trd, 4318636.593, 101
Trd, 4318637.843, 91
Trd, 4318638.093, 91
Trd, 4318640.193, 98
Trd, 4318643.693, 98
Trd, 4318645.443, 96
Trd, 4318646.643, 93
Trd, 4318647.993, 96
Trd, 4318652.543, 97
Trd, 4318653.093, 96
Trd, 4318653.143, 113
Trd, 4318653.893, 102
Trd, 4318657.443, 93
Trd, 4318659.143, 95
Trd, 4318660.943, 100
Trd, 4318661.143, 114
Trd, 4318663.743, 103
Trd, 4318667.043, 95
Trd, 4318667.393, 94
Trd, 4318667.843, 99
Trd, 4318669.193, 97
Trd, 4318669.643, 98
Trd, 4318671.543, 98
Trd, 4318673.693, 99
Trd, 4318674.143, 99
Trd, 4318675.293, 97
Trd, 4318675.743, 97
Trd, 4318678.593, 98
Trd, 4318678.843, 104
Trd, 4318679.943, 104
Trd, 4318680.693, 103
Trd, 4318683.293, 103
Trd, 4318684.343, 102
Trd, 4318685.543, 103
Trd, 4318686.993, 102
Trd, 4318688.593, 101
Trd, 4318689.043, 67
Trd, 4318690.443, 109
Trd, 4318694.243, 96
Trd, 4318695.293, 95
Trd, 4318696.843, 96
Trd, 4318697.143, 94
Trd, 4318698.093, 96
Trd, 4318698.843, 106
Trd, 4318700.243, 98
Trd, 4318703.593, 97
Trd, 4318706.243, 97
Trd, 4318706.443, 94
Trd, 4318707.793, 95
Trd, 4318708.793, 96
Trd, 4318710.143, 95
Trd, 4318711.043, 95
Trd, 4318713.793, 94
Trd, 4318714.143, 95
Trd, 4318715.293, 96
Trd, 4318716.743, 104
Trd, 4318717.443, 118
Trd, 4318718.543, 94
Trd, 4318719.393, 92
Trd, 4318720.343, 98
Trd, 4318721.693, 99
Trd, 4318723.143, 99
Trd, 4318724.243, 98
Trd, 4318724.993, 99
Trd, 4318728.693, 99
Trd, 4318729.193, 94
Trd, 4318731.393, 99
Trd, 4318731.843, 96
Trd, 4318732.993, 94
Trd, 4318734.593, 99
Trd, 4318735.843, 94
Trd, 4318737.393, 99
Trd, 4318738.193, 93
Trd, 4318740.543, 99
Trd, 4318743.093, 99
Trd, 4318743.193, 95
Trd, 4318746.543, 93
Trd, 4318748.693, 95
Trd, 4318749.343, 97
Trd, 4318750.193, 94
Trd, 4318752.293, 92
Trd, 4318752.743, 96
Trd, 4318756.143, 96
Trd, 4318756.493, 96
Trd, 4318758.243, 91
Trd, 4318759.293, 100
Trd, 4318760.093, 98
Trd, 4318760.643, 98
Trd, 4318761.543, 98
Trd, 4318764.043, 97
Trd, 4318765.693, 102
Trd, 4318766.293, 100
Trd, 4318766.593, 105
Trd, 4318766.693, 94
Trd, 4318769.043, 99
Trd, 4318769.493, 101
Trd, 4318770.593, 76
Trd, 4318773.093, 104
Trd, 4318773.543, 101
Trd, 4318774.543, 98
Trd, 4318775.493, 100
Trd, 4318780.243, 98
Trd, 4318780.993, 93
Trd, 4318782.743, 98
Trd, 4318783.393, 97
Trd, 4318784.043, 93
Trd, 4318785.093, 95
Trd, 4318786.993, 94
Trd, 4318788.093, 95
Trd, 4318788.393, 98
Trd, 4318791.493, 97
Trd, 4318791.893, 94
Trd, 4318795.293, 97
Trd, 4318795.493, 97
Trd, 4318798.293, 94
Trd, 4318799.493, 94
Trd, 4318800.943, 97
Trd, 4318801.293, 93
Trd, 4318801.843, 101
Trd, 4318802.343, 93
Trd, 4318803.393, 114
Trd, 4318804.643, 105
Trd, 4318805.643, 106
Trd, 4318806.993, 104
Trd, 4318807.743, 119
Trd, 4318809.043, 98
Trd, 4318810.193, 105
Trd, 4318810.443, 106
Trd, 4318811.743, 92
Trd, 4318812.593, 110
Trd, 4318813.643, 105
Trd, 4318815.743, 101
Trd, 4318816.443, 101
Trd, 4318818.643, 101
Trd, 4318818.843, 100
Trd, 4318819.943, 101
Trd, 4318820.743, 100
Trd, 4318822.893, 94
Trd, 4318823.243, 100
Trd, 4318824.393, 101
Trd, 4318827.443, 101
Trd, 4318828.093, 100
Trd, 4318828.693, 112
Trd, 4318829.493, 116
Trd, 4318830.493, 98
Trd, 4318830.743, 94
Trd, 4318831.693, 106
Trd, 4318835.693, 97
Trd, 4318837.893, 101
Trd, 4318838.843, 101
Trd, 4318840.593, 101
Trd, 4318844.993, 98
Trd, 4318845.943, 101
Trd, 4318847.443, 99
Trd, 4318847.793, 101
Trd, 4318850.143, 109
Trd, 4318852.043, 107
Trd, 4318852.193, 103
Trd, 4318853.493, 103
Trd, 4318854.343, 103
Trd, 4318856.093, 114
Trd, 4318857.093, 82
Trd, 4318857.243, 91
Trd, 4318857.993, 91
Trd, 4318858.043, 95
Trd, 4318860.393, 92
Trd, 4318861.443, 93
Trd, 4318862.793, 93
Trd, 4318864.493, 93
Trd, 4318866.843, 93
Trd, 4318868.143, 94
Trd, 4318868.693, 95
Trd, 4318870.043, 93
Trd, 4318871.443, 98
Trd, 4318871.743, 97
Trd, 4318873.443, 103
Trd, 4318873.693, 76
Trd, 4318875.243, 91
Trd, 4318878.043, 96
Trd, 4318878.393, 98
Trd, 4318878.793, 97
Trd, 4318879.193, 94
Trd, 4318880.343, 106
Trd, 4318883.843, 95
Trd, 4318884.193, 98
Trd, 4318885.943, 98
Trd, 4318886.743, 98
Trd, 4318888.593, 94
Trd, 4318888.693, 97
Trd, 4318890.593, 96
Trd, 4318891.793, 96
Trd, 4318893.243, 93
Trd, 4318894.243, 96
Trd, 4318895.243, 92
Trd, 4318897.293, 95
Trd, 4318899.493, 91
Trd, 4318900.593, 95
Trd, 4318901.143, 96
Trd, 4318902.493, 95
Trd, 4318904.543, 95
Trd, 4318905.193, 92
Trd, 4318909.443, 95
Trd, 4318909.543, 91
Trd, 4318910.043, 95
Trd, 4318912.193, 95
Trd, 4318912.443, 91
Trd, 4318916.143, 95
Trd, 4318916.193, 108
Trd, 4318916.443, 99
Trd, 4318920.543, 97
Trd, 4318921.543, 94
Trd, 4318921.993, 97
Trd, 4318926.343, 94
Trd, 4318928.843, 96
Trd, 4318930.943, 94
Trd, 4318932.493, 93
Trd, 4318936.343, 93
Trd, 4318936.943, 93
Trd, 4318937.293, 93
Trd, 4318939.643, 93
Trd, 4318940.993, 92
Trd, 4318941.243, 92
Trd, 4318945.243, 92
Trd, 4318945.443, 94
Trd, 4318945.643, 95
Trd, 4318946.743, 95
Trd, 4318949.043, 92
Trd, 4318949.393, 91
Trd, 4318955.193, 93
Trd, 4318957.943, 93
Trd, 4318958.593, 95
Trd, 4318959.193, 96
Trd, 4318959.793, 96
Trd, 4318959.843, 94
Trd, 4318961.093, 94
Trd, 4318962.193, 94
Trd, 4318963.093, 106
Trd, 4318963.543, 99
Trd, 4318965.493, 98
Trd, 4318967.493, 94
Trd, 4318967.743, 103
Trd, 4318968.293, 100
Trd, 4318969.093, 99
Trd, 4318970.243, 73
Trd, 4318971.293, 96
Trd, 4318974.393, 96
Trd, 4318975.393, 92
Trd, 4318976.643, 91
Trd, 4318976.743, 96
Trd, 4318977.093, 89
Trd, 4318977.743, 95
Trd, 4318977.943, 96
Trd, 4318979.193, 94
Trd, 4318981.343, 89
Trd, 4318982.293, 90
Trd, 4318982.843, 95
Trd, 4318985.743, 101
Trd, 4318986.843, 94
Trd, 4318987.193, 98
Trd, 4318989.043, 97
Trd, 4318989.593, 95
Trd, 4318992.893, 95
Trd, 4318993.493, 97
Trd, 4318994.893, 96
Trd, 4318995.593, 101
Trd, 4318997.043, 94
Trd, 4318998.793, 96
Trd, 4318999.243, 97
Trd, 4319003.193, 95
Trd, 4319004.443, 95
Trd, 4319006.343, 96
Trd, 4319006.493, 103
Trd, 4319007.443, 117
Trd, 4319008.993, 99
Trd, 4319012.543, 98
Trd, 4319014.343, 98
Trd, 4319015.693, 99
Trd, 4319016.243, 99
Trd, 4319017.343, 100
Trd, 4319017.443, 94
Trd, 4319020.693, 100
Trd, 4319022.443, 100
Trd, 4319023.393, 98
Trd, 4319024.243, 101
Trd, 4319026.843, 96
Trd, 4319028.843, 100
Trd, 4319030.793, 100
Trd, 4319031.443, 100
Trd, 4319031.543, 97
Trd, 4319032.093, 121
Trd, 4319033.543, 105
Trd, 4319035.693, 104
Trd, 4319036.643, 105
Trd, 4319038.243, 103
Trd, 4319039.993, 105
Trd, 4319041.243, 104
Trd, 4319041.593, 103
Trd, 4319042.343, 104
Trd, 4319042.393, 101
Trd, 4319042.943, 119
Trd, 4319046.143, 100
Trd, 4319051.293, 105
Trd, 4319051.793, 94
Trd, 4319054.543, 97
Trd, 4319055.993, 97
Trd, 4319056.343, 96
Trd, 4319056.793, 96
Trd, 4319058.793, 95
Trd, 4319059.393, 95
Trd, 4319062.143, 95
Trd, 4319063.193, 93
Trd, 4319064.643, 92
Trd, 4319064.843, 94
Trd, 4319065.093, 95
Trd, 4319067.393, 103
Trd, 4319067.943, 99
Trd, 4319070.993, 112
Trd, 4319072.493, 109
Trd, 4319072.893, 106
Trd, 4319075.643, 119
Trd, 4319075.943, 106
Trd, 4319076.643, 105
Trd, 4319077.743, 97
Trd, 4319080.793, 101
Trd, 4319082.743, 105
Trd, 4319084.143, 94
Trd, 4319085.893, 104
Trd, 4319088.543, 100
Trd, 4319089.343, 104
Trd, 4319089.643, 104
Trd, 4319090.743, 99
Trd, 4319091.643, 104
Trd, 4319091.693, 98
Trd, 4319092.743, 94
Trd, 4319094.243, 101
Trd, 4319094.293, 97
Trd, 4319095.943, 92
Trd, 4319096.493, 92
Trd, 4319100.093, 93
Trd, 4319100.293, 92
Trd, 4319100.593, 96
Trd, 4319103.143, 110
Trd, 4319105.043, 102
Trd, 4319106.043, 103
Trd, 4319106.143, 103
Trd, 4319107.043, 106
Trd, 4319110.543, 102
Trd, 4319111.993, 103
Trd, 4319112.443, 98
Trd, 4319113.043, 103
Trd, 4319115.943, 98
Trd, 4319117.293, 96
Trd, 4319118.093, 100
Trd, 4319120.393, 101
Trd, 4319121.343, 97
Trd, 4319122.493, 100
Trd, 4319123.543, 100
Trd, 4319126.193, 96
Trd, 4319129.543, 95
Trd, 4319129.643, 96
Trd, 4319129.793, 94
Trd, 4319130.693, 96
Trd, 4319131.343, 105
Trd, 4319134.143, 97
Trd, 4319134.443, 101
Trd, 4319134.793, 93
Trd, 4319136.793, 98
Trd, 4319140.443, 98
Trd, 4319141.493, 98
Trd, 4319141.893, 97
Trd, 4319143.743, 97
Trd, 4319144.693, 96
Trd, 4319145.593, 94
Trd, 4319148.393, 97
Trd, 4319150.493, 94
Trd, 4319150.993, 96
Trd, 4319153.193, 94
Trd, 4319153.893, 96
Trd, 4319156.943, 98
Trd, 4319158.443, 96
Trd, 4319158.543, 95
Trd, 4319160.143, 94
Trd, 4319160.493, 96
Trd, 4319161.343, 94
Trd, 4319161.743, 94
Trd, 4319167.193, 95
Trd, 4319169.243, 93
Trd, 4319169.343, 95
Trd, 4319171.693, 92
Trd, 4319171.893, 94
Trd, 4319174.743, 100
Trd, 4319175.043, 97
Trd, 4319175.243, 113
Trd, 4319177.193, 98
Trd, 4319179.593, 98
Trd, 4319183.443, 97
Trd, 4319186.693, 96
Trd, 4319186.993, 98
Trd, 4319187.343, 95
Trd, 4319188.393, 93
Trd, 4319189.743, 90
Trd, 4319189.843, 67
Trd, 4319190.543, 104
Trd, 4319193.793, 90
Trd, 4319193.943, 93
Trd, 4319194.443, 97
Trd, 4319196.643, 95
Trd, 4319198.343, 100
Trd, 4319202.643, 95
Trd, 4319204.893, 94
Trd, 4319205.893, 92
Trd, 4319207.993, 94
Trd, 4319209.693, 92
Trd, 4319210.093, 94
Trd, 4319212.693, 94
Trd, 4319213.043, 92
Trd, 4319213.593, 95
Trd, 4319213.643, 121
Trd, 4319216.693, 111
Trd, 4319216.743, 103
Trd, 4319217.793, 103
Trd, 4319219.043, 100
Trd, 4319221.093, 100
Trd, 4319221.843, 99
Trd, 4319221.993, 94
Trd, 4319223.643, 100
Trd, 4319227.193, 102
Trd, 4319227.643, 113
Trd, 4319229.443, 101
Trd, 4319229.943, 93
Trd, 4319230.343, 102
Trd, 4319232.893, 101
Trd, 4319234.793, 93
Trd, 4319234.993, 96
Trd, 4319236.893, 101
Trd, 4319238.893, 102
Trd, 4319239.243, 101
Trd, 4319242.093, 100
Trd, 4319242.693, 101
Trd, 4319243.943, 120
Trd, 4319244.993, 99
Trd, 4319245.543, 103
Trd, 4319246.343, 101
Trd, 4319246.443, 101
Trd, 4319250.743, 95
Trd, 4319250.843, 94
Trd, 4319250.943, 96
Trd, 4319252.043, 96
Trd, 4319253.493, 96
Trd, 4319254.793, 95
Trd, 4319255.143, 96
Trd, 4319256.043, 95
Trd, 4319257.343, 116
Trd, 4319259.493, 99
Trd, 4319261.393, 98
Trd, 4319262.443, 99
Trd, 4319265.243, 95
Trd, 4319265.693, 99
Trd, 4319265.943, 96
Trd, 4319266.843, 94
Trd, 4319267.043, 99
Trd, 4319268.843, 99
Trd, 4319271.243, 94
Trd, 4319273.143, 94
Trd, 4319274.993, 95
Trd, 4319275.843, 95
Trd, 4319276.543, 95
Trd, 4319277.443, 113
Trd, 4319280.043, 97
Trd, 4319280.443, 97
Trd, 4319284.093, 97
Trd, 4319285.693, 97
Trd, 4319286.343, 97
Trd, 4319286.393, 97
Trd, 4319286.593, 93
Trd, 4319288.543, 96
Trd, 4319289.993, 96
Trd, 4319290.043, 92
Trd, 4319291.893, 92
Trd, 4319294.243, 92
Trd, 4319294.443, 96
Trd, 4319295.993, 96
Trd, 4319296.593, 92
Trd, 4319296.793, 96
Trd, 4319298.343, 96
Trd, 4319299.743, 91
Trd, 4319303.293, 97
Trd, 4319304.343, 90
Trd, 4319306.293, 95
Trd, 4319308.743, 94
Trd, 4319309.093, 94
Trd, 4319313.493, 94
Trd, 4319313.943, 90
Trd, 4319314.843, 92
Trd, 4319317.593, 89
Trd, 4319318.593, 92
Trd, 4319318.943, 89
Trd, 4319320.693, 92
Trd, 4319325.543, 92
Trd, 4319328.443, 90
Trd, 4319328.993, 92
Trd, 4319331.393, 91
Trd, 4319332.143, 89
Trd, 4319333.543, 91
Trd, 4319335.593, 91
Trd, 4319335.943, 95
Trd, 4319337.743, 88
Trd, 4319340.443, 87
Trd, 4319341.093, 92
Trd, 4319343.343, 95
Trd, 4319344.243, 88
Trd, 4319344.593, 88
Trd, 4319344.993, 89
Trd, 4319346.493, 92
Trd, 4319347.493, 91
Trd, 4319349.293, 96
Trd, 4319349.743, 99
Trd, 4319352.343, 113
Trd, 4319352.693, 107
Trd, 4319354.093, 102
Trd, 4319354.543, 104
Trd, 4319355.943, 98
Trd, 4319356.093, 99
Trd, 4319359.643, 99
Trd, 4319360.293, 102
Trd, 4319361.593, 106
Trd, 4319362.393, 98
Trd, 4319365.493, 101
Trd, 4319367.943, 97
Trd, 4319368.743, 94
Trd, 4319369.793, 90
Trd, 4319370.593, 100
Trd, 4319371.393, 94
Trd, 4319371.693, 100
Trd, 4319373.443, 97
Trd, 4319374.643, 120
Trd, 4319376.293, 105
Trd, 4319376.993, 93
Trd, 4319379.093, 100
Trd, 4319380.243, 95
Trd, 4319380.893, 97
Trd, 4319382.793, 96
Trd, 4319384.693, 100
Trd, 4319385.193, 99
Trd, 4319386.193, 110
Trd, 4319387.093, 99
Trd, 4319389.093, 94
Trd, 4319390.043, 99
Trd, 4319391.193, 99
Trd, 4319391.343, 94
Trd, 4319392.093, 95
Trd, 4319393.443, 94
Trd, 4319397.243, 92
Trd, 4319397.293, 96
Trd, 4319397.543, 90
Trd, 4319399.343, 91
Trd, 4319400.493, 96
Trd, 4319402.993, 105
Trd, 4319403.743, 85
Trd, 4319403.893, 94
Trd, 4319406.843, 111
Trd, 4319408.193, 106
Trd, 4319408.443, 97
Trd, 4319409.443, 103
Trd, 4319410.993, 104
Trd, 4319412.093, 99
Trd, 4319412.943, 97
Trd, 4319414.093, 93
Trd, 4319417.293, 97
Trd, 4319417.493, 93
Trd, 4319418.343, 92
Trd, 4319419.543, 95
Trd, 4319420.543, 98
Trd, 4319420.893, 97
Trd, 4319424.093, 95
Trd, 4319424.843, 98
Trd, 4319425.193, 93
Trd, 4319426.293, 93
Trd, 4319429.593, 97
Trd, 4319429.943, 99
Trd, 4319430.243, 97
Trd, 4319430.543, 114
Trd, 4319432.193, 100
Trd, 4319432.743, 99
Trd, 4319432.793, 94
Trd, 4319433.493, 99
Trd, 4319433.893, 97
Trd, 4319434.943, 111
Trd, 4319437.193, 105
Trd, 4319437.643, 104
Trd, 4319439.743, 108
Trd, 4319440.043, 107
Trd, 4319440.243, 106
Trd, 4319441.543, 118
Trd, 4319442.543, 94
Trd, 4319443.893, 92
Trd, 4319443.943, 99
Trd, 4319444.593, 95
Trd, 4319447.893, 96
Trd, 4319448.343, 96
Trd, 4319449.843, 96
Trd, 4319450.193, 96
Trd, 4319451.143, 96
Trd, 4319452.393, 96
Trd, 4319454.793, 96
Trd, 4319455.693, 95
Trd, 4319455.993, 96
Trd, 4319458.943, 94
Trd, 4319460.093, 97
Trd, 4319461.293, 97
Trd, 4319463.393, 91
Trd, 4319464.443, 70
Trd, 4319465.343, 97
Trd, 4319467.193, 87
Trd, 4319469.993, 107
Trd, 4319470.143, 99
Trd, 4319470.543, 97
Trd, 4319472.143, 93
Trd, 4319473.043, 95
Trd, 4319474.343, 117
Trd, 4319475.043, 102
Trd, 4319476.143, 101
Trd, 4319477.493, 97
Trd, 4319479.043, 96
Trd, 4319479.743, 99
Trd, 4319482.143, 98
Trd, 4319484.593, 98
Trd, 4319484.943, 100
Trd, 4319486.493, 100
Trd, 4319488.893, 99
Trd, 4319489.193, 98
Trd, 4319489.593, 100
Trd, 4319493.593, 94
Trd, 4319494.993, 98
Trd, 4319495.643, 93
Trd, 4319496.893, 96
Trd, 4319497.893, 97
Trd, 4319498.843, 97
Trd, 4319500.643, 102
Trd, 4319500.993, 94
Trd, 4319503.243, 96
Trd, 4319504.243, 97
Trd, 4319505.543, 94
Trd, 4319505.693, 95
Trd, 4319506.243, 93
Trd, 4319507.643, 94
Trd, 4319508.193, 95
Trd, 4319511.293, 94
Trd, 4319516.493, 94
Trd, 4319516.943, 95
Trd, 4319517.293, 95
Trd, 4319517.343, 96
Trd, 4319519.443, 99
Trd, 4319522.043, 95
Trd, 4319522.243, 93
Trd, 4319522.593, 77
Trd, 4319523.243, 96
Trd, 4319524.293, 96
Trd, 4319525.293, 89
Trd, 4319529.843, 99
Trd, 4319531.743, 96
Trd, 4319532.243, 97
Trd, 4319532.643, 117
Trd, 4319534.143, 102
Trd, 4319534.693, 96
Trd, 4319537.643, 95
Trd, 4319537.693, 100
Trd, 4319538.393, 94
Trd, 4319538.793, 108
Trd, 4319540.493, 96
Trd, 4319541.093, 100
Trd, 4319541.193, 100
Trd, 4319541.893, 104
Trd, 4319545.293, 101
Trd, 4319545.443, 101
Trd, 4319546.543, 101
Trd, 4319547.593, 109
Trd, 4319548.293, 105
Trd, 4319549.993, 105
Trd, 4319551.143, 103
Trd, 4319552.993, 103
Trd, 4319558.393, 102
Trd, 4319561.493, 103
Trd, 4319562.793, 101
Trd, 4319565.743, 103
Trd, 4319568.443, 101
Trd, 4319568.943, 100
Trd, 4319571.593, 100
Trd, 4319572.943, 103
Trd, 4319576.293, 99
Trd, 4319576.343, 94
Trd, 4319577.143, 103
Trd, 4319578.043, 103
Trd, 4319580.693, 101
Trd, 4319581.743, 96
Trd, 4319583.643, 96
Trd, 4319583.793, 101
Trd, 4319586.193, 94
Trd, 4319587.643, 94
Trd, 4319588.043, 101
Trd, 4319590.243, 101
Trd, 4319591.693, 93
Trd, 4319594.093, 101
Trd, 4319594.293, 101
Trd, 4319596.343, 96
Trd, 4319596.493, 101
Trd, 4319599.493, 97
Trd, 4319601.993, 99
Trd, 4319603.093, 95
Trd, 4319605.843, 99
Trd, 4319609.043, 94
Trd, 4319610.243, 93
Trd, 4319610.393, 99
Trd, 4319612.243, 99
Trd, 4319614.343, 99
Trd, 4319614.793, 99
Trd, 4319614.993, 93
Trd, 4319616.243, 99
Trd, 4319617.843, 94
Trd, 4319621.043, 93
Trd, 4319622.193, 101
Trd, 4319623.243, 99
Trd, 4319623.643, 94
Trd, 4319624.143, 99
Trd, 4319624.843, 108
Trd, 4319628.543, 94
Trd, 4319629.243, 86
Trd, 4319629.843, 92
Trd, 4319630.793, 95
Trd, 4319631.193, 93
Trd, 4319632.193, 107
Trd, 4319633.743, 98
Trd, 4319636.093, 92
Trd, 4319637.093, 95
Trd, 4319637.943, 95
Trd, 4319641.643, 92
Trd, 4319641.693, 96
Trd, 4319644.143, 95
Trd, 4319647.143, 91
Trd, 4319647.693, 93
Trd, 4319649.293, 93
Trd, 4319651.493, 95
Trd, 4319651.693, 94
Trd, 4319656.543, 93
Trd, 4319658.393, 90
Trd, 4319658.943, 92
Trd, 4319659.693, 92
Trd, 4319659.843, 89
Trd, 4319660.293, 109
Trd, 4319661.793, 96
Trd, 4319664.193, 101
Trd, 4319664.443, 112
Trd, 4319666.893, 98
Trd, 4319668.043, 101
Trd, 4319670.843, 97
Trd, 4319670.943, 97
Trd, 4319672.143, 99
Trd, 4319672.593, 115
Trd, 4319674.343, 94
Trd, 4319674.393, 102
Trd, 4319675.243, 91
Trd, 4319678.043, 95
Trd, 4319678.443, 95
Trd, 4319679.243, 100
Trd, 4319679.643, 97
Trd, 4319683.943, 98
Trd, 4319684.543, 97
Trd, 4319686.893, 101
Trd, 4319687.443, 101
Trd, 4319690.593, 99
Trd, 4319691.393, 100
Trd, 4319692.543, 100
Trd, 4319693.593, 92
Trd, 4319695.493, 95
Trd, 4319695.693, 115
Trd, 4319696.143, 70
Trd, 4319697.543, 98
Trd, 4319699.593, 94
Trd, 4319702.943, 93
Trd, 4319703.093, 94
Trd, 4319703.143, 94
Trd, 4319703.943, 95
Trd, 4319704.793, 92
Trd, 4319708.193, 94
Trd, 4319709.443, 95
Trd, 4319709.843, 95
Trd, 4319710.593, 92
Trd, 4319712.043, 94
Trd, 4319714.293, 91
Trd, 4319716.993, 94
Trd, 4319718.243, 94
Trd, 4319718.293, 90
Trd, 4319718.743, 91
Trd, 4319720.293, 95
Trd, 4319721.593, 95
Trd, 4319723.193, 90
Trd, 4319723.343, 95
Trd, 4319725.093, 94
Trd, 4319729.793, 94
Trd, 4319729.893, 94
Trd, 4319729.993, 89
Trd, 4319734.343, 94
Trd, 4319735.043, 88
Trd, 4319735.593, 94
Trd, 4319735.943, 87
Trd, 4319736.193, 95
Trd, 4319737.993, 95
Trd, 4319739.443, 95
Trd, 4319745.243, 94
Trd, 4319746.293, 94
Trd, 4319747.493, 91
Trd, 4319749.193, 94
Trd, 4319749.593, 93
Trd, 4319750.243, 94
Trd, 4319752.543, 92
Trd, 4319753.743, 92
Trd, 4319753.843, 75
Trd, 4319754.243, 95
Trd, 4319756.143, 94
Trd, 4319758.193, 95
Trd, 4319759.843, 94
Trd, 4319760.843, 91
Trd, 4319761.443, 95
Trd, 4319763.343, 91
Trd, 4319763.993, 95
Trd, 4319765.593, 95
Trd, 4319766.843, 90
Trd, 4319767.343, 90
Trd, 4319768.693, 95
Trd, 4319771.043, 94
Trd, 4319772.743, 91
Trd, 4319773.943, 91
Trd, 4319776.193, 89
Trd, 4319778.393, 93
Trd, 4319779.493, 92
Trd, 4319781.243, 94
Trd, 4319781.393, 95
Trd, 4319784.143, 93
Trd, 4319784.343, 94
Trd, 4319786.243, 99
Trd, 4319786.393, 97
Trd, 4319786.993, 100
Trd, 4319788.343, 114
Trd, 4319789.443, 101
Trd, 4319789.693, 94
Trd, 4319790.943, 104
Trd, 4319794.643, 100
Trd, 4319794.693, 101
Trd, 4319801.743, 98
Trd, 4319802.043, 99
Trd, 4319802.893, 101
Trd, 4319803.393, 101
Trd, 4319804.043, 98
Trd, 4319807.543, 97
Trd, 4319807.893, 99
Trd, 4319808.743, 98
Trd, 4319810.243, 97
Trd, 4319811.043, 98
Trd, 4319813.243, 96
Trd, 4319813.393, 94
Trd, 4319815.543, 94
Trd, 4319816.293, 98
Trd, 4319818.043, 94
Trd, 4319818.293, 98
Trd, 4319818.593, 99
Trd, 4319819.443, 99
Trd, 4319824.043, 99
Trd, 4319826.743, 94
Trd, 4319829.543, 98
Trd, 4319830.293, 95
Trd, 4319830.393, 98
Trd, 4319834.743, 98
Trd, 4319835.343, 98
Trd, 4319835.693, 94
Trd, 4319837.093, 101
Trd, 4319837.193, 100
Trd, 4319840.593, 93
Trd, 4319840.893, 94
Trd, 4319842.193, 97
Trd, 4319842.693, 97
Trd, 4319843.293, 93
Trd, 4319845.593, 86
Trd, 4319846.693, 93
Trd, 4319847.993, 114
Trd, 4319848.693, 99
Trd, 4319850.393, 98
Trd, 4319851.043, 99
Trd, 4319851.243, 102
Trd, 4319853.843, 102
Trd, 4319855.043, 101
Trd, 4319855.143, 114
Trd, 4319858.293, 102
Trd, 4319861.943, 104
Trd, 4319862.243, 104
Trd, 4319863.843, 103
Trd, 4319865.093, 104
Trd, 4319866.993, 102
Trd, 4319868.593, 104
Trd, 4319871.143, 104
Trd, 4319872.243, 101
Trd, 4319873.293, 101
Trd, 4319874.993, 104
Trd, 4319877.743, 101
Trd, 4319880.093, 103
Trd, 4319880.543, 103
Trd, 4319884.743, 99
Trd, 4319888.343, 98
Trd, 4319888.543, 102
Trd, 4319890.943, 101
Trd, 4319893.143, 97
Trd, 4319894.193, 94
Trd, 4319894.993, 100
Trd, 4319898.493, 95
Trd, 4319898.743, 100
Trd, 4319901.343, 98
Trd, 4319901.443, 99
Trd, 4319901.893, 94
Trd, 4319904.643, 94
Trd, 4319904.993, 102
Trd, 4319905.543, 108
Trd, 4319905.643, 101
Trd, 4319905.843, 97
Trd, 4319911.293, 97
Trd, 4319911.593, 98
Trd, 4319912.843, 99
Trd, 4319912.893, 94
Trd, 4319914.093, 98
Trd, 4319916.743, 97
Trd, 4319918.293, 94
Trd, 4319919.143, 97
Trd, 4319919.943, 97
Trd, 4319921.893, 94
Trd, 4319923.493, 96
Trd, 4319924.843, 97
Trd, 4319925.843, 94
Trd, 4319928.243, 97
Trd, 4319933.693, 97
Trd, 4319935.543, 97
Trd, 4319936.293, 97
Trd, 4319939.143, 97
Trd, 4319939.843, 93
Trd, 4319940.443, 93
Trd, 4319942.093, 97
Trd, 4319942.543, 92
Trd, 4319944.743, 97
Trd, 4319947.043, 93
Trd, 4319949.393, 97
Trd, 4319950.093, 97
Trd, 4319952.743, 92
Trd, 4319955.243, 93
Trd, 4319955.293, 97
Trd, 4319956.093, 97
Trd, 4319956.143, 97
Trd, 4319957.643, 91
Trd, 4319959.293, 96
Trd, 4319961.543, 91
Trd, 4319964.743, 95
Trd, 4319965.943, 94
Trd, 4319965.993, 95
Trd, 4319968.593, 103
Trd, 4319969.593, 108
Trd, 4319970.093, 105
Trd, 4319970.843, 100
Trd, 4319973.743, 101
Trd, 4319974.043, 101
Trd, 4319974.193, 94
Trd, 4319975.493, 101
Trd, 4319977.493, 97
Trd, 4319978.443, 115
Trd, 4319979.793, 104
Trd, 4319981.343, 105
Trd, 4319982.293, 103
Trd, 4319983.343, 97
Trd, 4319983.843, 94
Trd, 4319985.193, 98
Trd, 4319988.243, 96
Trd, 4319988.543, 96
Trd, 4319990.293, 104
Trd, 4319990.493, 99
Trd, 4319990.843, 100
Trd, 4319992.843, 99
Trd, 4319993.693, 94
Trd, 4319994.493, 99
Trd, 4319995.793, 99
Trd, 4319996.093, 114
Trd, 4319998.243, 96
Trd, 4319999.893, 95
