Trd, 4317869.143, 96
Trd, 4317870.743, 97
Trd, 4317872.143, 95
Trd, 4317872.693, 95
Trd, 4317872.893, 96
Trd, 4317875.693, 95
Trd, 4317877.743, 94
Trd, 4317878.293, 98
Trd, 4317879.543, 98
Trd, 4317881.443, 95
Trd, 4317883.393, 94
Trd, 4317884.143, 95
Trd, 4317886.493, 93
Trd, 4317886.693, 93
Trd, 4317889.293, 94
Trd, 4317889.743, 96
Trd, 4317889.993, 93
Trd, 4317890.193, 114
Trd, 4317890.643, 103
Trd, 4317894.093, 92
Trd, 4317895.543, 96
Trd, 4317899.643, 93
Trd, 4317899.943, 92
Trd, 4317900.943, 91
Trd, 4317902.893, 91
Trd, 4317904.393, 92
Trd, 4317905.343, 91
Trd, 4317906.993, 92
Trd, 4317907.043, 90
Trd, 4317909.443, 92
Trd, 4317910.593, 92
Trd, 4317912.143, 89
Trd, 4317912.493, 96
Trd, 4317914.843, 97
Trd, 4317916.293, 97
Trd, 4317917.143, 88
Trd, 4317918.643, 88
Trd, 4317919.493, 90
Trd, 4317921.593, 91
Trd, 4317922.143, 96
Trd, 4317922.443, 89
Trd, 4317928.693, 91
Trd, 4317928.743, 88
Trd, 4317930.393, 90
Trd, 4317932.193, 88
Trd, 4317932.993, 88
Trd, 4317933.793, 89
Trd, 4317934.343, 88
Trd, 4317936.443, 90
Trd, 4317937.193, 98
Trd, 4317939.743, 89
Trd, 4317939.893, 89
Trd, 4317940.043, 90
Trd, 4317941.243, 89
Trd, 4317943.443, 103
Trd, 4317944.043, 100
Trd, 4317946.743, 103
Trd, 4317947.493, 95
Trd, 4317949.043, 97
Trd, 4317949.593, 104
Trd, 4317949.993, 99
Trd, 4317951.893, 98
Trd, 4317953.243, 98
Trd, 4317953.393, 98
Trd, 4317954.043, 97
Trd, 4317957.243, 98
Trd, 4317957.443, 104
Trd, 4317958.093, 96
Trd, 4317960.393, 95
Trd, 4317961.593, 95
Trd, 4317962.243, 99
Trd, 4317963.993, 98
Trd, 4317966.143, 94
Trd, 4317967.643, 94
Trd, 4317969.993, 95
Trd, 4317970.743, 96
Trd, 4317971.543, 97
Trd, 4317971.743, 94
Trd, 4317974.593, 93
Trd, 4317976.943, 92
Trd, 4317977.193, 95
Trd, 4317978.493, 94
Trd, 4317979.943, 91
Trd, 4317983.093, 94
Trd, 4317983.643, 91
Trd, 4317985.143, 92
Trd, 4317985.743, 90
Trd, 4317986.743, 93
Trd, 4317989.493, 90
Trd, 4317989.993, 91
Trd, 4317992.293, 90
Trd, 4317992.443, 92
Trd, 4317994.493, 97
Trd, 4317996.543, 96
Trd, 4317997.043, 95
Trd, 4317997.493, 100
Trd, 4317998.243, 98
Trd, 4318000.193, 103
Trd, 4318001.293, 100
Trd, 4318002.143, 100
Trd, 4318003.443, 98
Trd, 4318004.343, 97
Trd, 4318005.543, 98
Trd, 4318006.193, 96
Trd, 4318006.243, 98
Trd, 4318007.293, 94
Trd, 4318008.343, 98
Trd, 4318009.243, 96
Trd, 4318009.693, 86
Trd, 4318011.993, 97
Trd, 4318014.493, 93
Trd, 4318015.343, 93
Trd, 4318016.293, 97
Trd, 4318016.643, 92
Trd, 4318017.793, 104
Trd, 4318018.393, 101
Trd, 4318018.743, 106
Trd, 4318019.293, 99
Trd, 4318023.443, 104
Trd, 4318023.793, 101
Trd, 4318024.093, 100
Trd, 4318025.143, 99
Trd, 4318025.993, 96
Trd, 4318028.693, 94
Trd, 4318030.393, 95
Trd, 4318031.343, 94
Trd, 4318032.293, 103
Trd, 4318035.793, 95
Trd, 4318036.943, 93
Trd, 4318037.093, 93
Trd, 4318037.443, 92
Trd, 4318037.943, 104
Trd, 4318039.493, 102
Trd, 4318040.593, 93
Trd, 4318041.093, 95
Trd, 4318043.193, 93
Trd, 4318044.193, 103
Trd, 4318044.893, 98
Trd, 4318046.943, 98
Trd, 4318047.193, 97
Trd, 4318047.843, 99
Trd, 4318048.643, 101
Trd, 4318050.043, 101
Trd, 4318052.543, 102
Trd, 4318054.043, 105
Trd, 4318055.093, 101
Trd, 4318056.893, 104
Trd, 4318057.993, 103
Trd, 4318058.943, 93
Trd, 4318060.443, 104
Trd, 4318060.543, 99
Trd, 4318063.143, 104
Trd, 4318063.493, 103
Trd, 4318065.343, 102
Trd, 4318065.643, 103
Trd, 4318066.943, 103
Trd, 4318070.293, 102
Trd, 4318070.493, 102
Trd, 4318071.243, 103
Trd, 4318072.743, 100
Trd, 4318073.343, 100
Trd, 4318073.993, 96
Trd, 4318074.243, 97
Trd, 4318076.993, 97
Trd, 4318077.043, 97
Trd, 4318077.143, 102
Trd, 4318080.293, 100
Trd, 4318080.593, 105
Trd, 4318081.543, 109
Trd, 4318082.693, 107
Trd, 4318084.043, 106
Trd, 4318086.443, 106
Trd, 4318086.493, 104
Trd, 4318087.243, 94
Trd, 4318087.443, 104
Trd, 4318087.743, 97
Trd, 4318088.893, 96
Trd, 4318091.043, 106
Trd, 4318091.993, 106
Trd, 4318092.193, 106
Trd, 4318093.043, 103
Trd, 4318094.893, 105
Trd, 4318096.493, 104
Trd, 4318097.193, 106
Trd, 4318098.293, 103
Trd, 4318099.843, 97
Trd, 4318100.493, 93
Trd, 4318102.093, 94
Trd, 4318102.443, 92
Trd, 4318103.493, 86
Trd, 4318104.493, 82
Trd, 4318104.893, 79
Trd, 4318105.543, 88
Trd, 4318108.343, 93
Trd, 4318111.393, 101
Trd, 4318111.893, 99
Trd, 4318111.993, 96
Trd, 4318113.193, 96
Trd, 4318113.493, 97
Trd, 4318114.443, 104
Trd, 4318116.093, 97
Trd, 4318117.743, 96
Trd, 4318118.293, 97
Trd, 4318118.993, 109
Trd, 4318121.443, 106
Trd, 4318121.543, 98
Trd, 4318122.293, 104
Trd, 4318124.443, 101
Trd, 4318125.193, 99
Trd, 4318126.343, 96
Trd, 4318128.443, 94
Trd, 4318130.293, 95
Trd, 4318130.393, 100
Trd, 4318133.893, 93
Trd, 4318134.843, 94
Trd, 4318135.593, 98
Trd, 4318136.093, 93
Trd, 4318137.493, 95
Trd, 4318140.543, 93
Trd, 4318140.893, 92
Trd, 4318142.393, 94
Trd, 4318142.843, 94
Trd, 4318143.143, 95
Trd, 4318144.343, 93
Trd, 4318145.743, 96
Trd, 4318146.293, 97
Trd, 4318149.243, 95
Trd, 4318149.693, 95
Trd, 4318150.393, 97
Trd, 4318152.493, 96
Trd, 4318154.593, 94
Trd, 4318155.293, 95
Trd, 4318155.793, 93
Trd, 4318158.693, 92
Trd, 4318159.393, 92
Trd, 4318160.243, 93
Trd, 4318164.293, 91
Trd, 4318164.643, 92
Trd, 4318164.943, 93
Trd, 4318167.243, 91
Trd, 4318167.293, 90
Trd, 4318167.693, 91
Trd, 4318169.843, 91
Trd, 4318170.593, 90
Trd, 4318173.493, 91
Trd, 4318175.543, 90
Trd, 4318175.993, 93
Trd, 4318180.493, 90
Trd, 4318181.643, 90
Trd, 4318182.293, 100
Trd, 4318183.893, 90
Trd, 4318184.243, 92
Trd, 4318185.843, 104
Trd, 4318189.093, 90
Trd, 4318190.643, 92
Trd, 4318192.143, 90
Trd, 4318193.243, 90
Trd, 4318194.643, 90
Trd, 4318195.193, 89
Trd, 4318195.793, 90
Trd, 4318196.743, 88
Trd, 4318200.193, 88
Trd, 4318200.493, 87
Trd, 4318200.543, 95
Trd, 4318203.093, 91
Trd, 4318203.743, 92
Trd, 4318203.893, 88
Trd, 4318205.743, 88
Trd, 4318208.243, 97
Trd, 4318210.093, 94
Trd, 4318212.943, 89
Trd, 4318215.093, 90
Trd, 4318215.143, 89
Trd, 4318216.243, 88
Trd, 4318216.693, 93
Trd, 4318220.993, 91
Trd, 4318221.743, 91
Trd, 4318224.493, 92
Trd, 4318225.143, 88
Trd, 4318225.443, 97
Trd, 4318227.793, 87
Trd, 4318228.343, 92
Trd, 4318230.243, 92
Trd, 4318232.243, 91
Trd, 4318234.743, 92
Trd, 4318236.943, 86
Trd, 4318238.193, 90
Trd, 4318241.243, 89
Trd, 4318242.243, 95
Trd, 4318243.093, 88
Trd, 4318243.493, 104
Trd, 4318246.043, 91
Trd, 4318248.543, 89
Trd, 4318249.393, 90
Trd, 4318249.493, 95
Trd, 4318249.543, 88
Trd, 4318252.543, 88
Trd, 4318256.293, 92
Trd, 4318257.393, 95
Trd, 4318257.593, 95
Trd, 4318260.493, 89
Trd, 4318262.143, 89
Trd, 4318262.493, 89
Trd, 4318264.493, 87
Trd, 4318265.043, 90
Trd, 4318268.843, 86
Trd, 4318269.443, 97
Trd, 4318269.893, 86
Trd, 4318272.443, 88
Trd, 4318274.343, 87
Trd, 4318275.193, 95
Trd, 4318277.993, 85
Trd, 4318279.543, 84
Trd, 4318279.643, 89
Trd, 4318284.293, 86
Trd, 4318284.343, 84
Trd, 4318285.343, 86
Trd, 4318290.243, 84
Trd, 4318293.093, 83
Trd, 4318293.293, 85
Trd, 4318294.293, 86
Trd, 4318295.193, 82
Trd, 4318296.093, 96
Trd, 4318298.393, 86
Trd, 4318300.893, 86
Trd, 4318301.393, 86
Trd, 4318301.743, 87
Trd, 4318306.093, 92
Trd, 4318306.643, 96
Trd, 4318307.343, 92
Trd, 4318307.693, 103
Trd, 4318308.543, 98
Trd, 4318309.143, 99
Trd, 4318311.143, 94
Trd, 4318312.543, 97
Trd, 4318312.793, 93
Trd, 4318313.993, 92
Trd, 4318315.343, 95
Trd, 4318316.793, 92
Trd, 4318317.143, 91
Trd, 4318318.793, 91
Trd, 4318319.193, 91
Trd, 4318319.743, 102
Trd, 4318320.743, 98
Trd, 4318321.493, 98
Trd, 4318324.843, 105
Trd, 4318325.093, 104
Trd, 4318326.743, 103
Trd, 4318327.343, 98
Trd, 4318328.893, 98
Trd, 4318329.493, 93
Trd, 4318329.643, 98
Trd, 4318330.093, 99
Trd, 4318331.193, 95
Trd, 4318333.193, 95
Trd, 4318335.393, 107
Trd, 4318336.843, 102
Trd, 4318338.543, 101
Trd, 4318338.593, 100
Trd, 4318339.293, 99
Trd, 4318339.843, 102
Trd, 4318339.943, 98
Trd, 4318341.643, 97
Trd, 4318344.293, 99
Trd, 4318344.393, 101
Trd, 4318345.993, 97
Trd, 4318346.993, 100
Trd, 4318347.893, 96
Trd, 4318352.543, 100
Trd, 4318354.093, 96
Trd, 4318354.143, 97
Trd, 4318354.243, 95
Trd, 4318355.193, 96
Trd, 4318355.493, 98
Trd, 4318355.843, 94
Trd, 4318358.043, 103
Trd, 4318359.393, 100
Trd, 4318360.143, 99
Trd, 4318360.793, 98
Trd, 4318362.643, 97
Trd, 4318363.093, 96
Trd, 4318363.143, 97
Trd, 4318364.993, 97
Trd, 4318366.443, 95
Trd, 4318366.743, 97
Trd, 4318369.743, 92
Trd, 4318369.843, 95
Trd, 4318369.893, 103
Trd, 4318371.943, 77
Trd, 4318373.343, 85
Trd, 4318373.993, 84
Trd, 4318374.143, 86
Trd, 4318374.793, 84
Trd, 4318377.043, 87
Trd, 4318378.143, 86
Trd, 4318378.543, 87
Trd, 4318382.443, 88
Trd, 4318383.443, 87
Trd, 4318385.743, 88
Trd, 4318386.343, 88
Trd, 4318388.293, 94
Trd, 4318391.843, 88
Trd, 4318392.643, 87
Trd, 4318394.143, 86
Trd, 4318394.193, 88
Trd, 4318395.193, 97
Trd, 4318397.393, 93
Trd, 4318401.493, 87
Trd, 4318402.893, 85
Trd, 4318404.043, 87
Trd, 4318405.443, 84
Trd, 4318408.593, 86
Trd, 4318409.593, 86
Trd, 4318410.943, 87
Trd, 4318411.843, 84
Trd, 4318414.043, 84
Trd, 4318414.943, 86
Trd, 4318415.843, 87
Trd, 4318415.893, 85
Trd, 4318420.643, 84
Trd, 4318420.693, 86
Trd, 4318422.293, 84
Trd, 4318423.743, 84
Trd, 4318424.843, 83
Trd, 4318425.043, 84
Trd, 4318430.343, 84
Trd, 4318430.593, 86
Trd, 4318431.543, 82
Trd, 4318434.043, 81
Trd, 4318434.443, 86
Trd, 4318436.493, 84
Trd, 4318436.643, 87
Trd, 4318436.693, 81
Trd, 4318440.793, 83
Trd, 4318442.793, 84
Trd, 4318445.143, 80
Trd, 4318446.793, 81
Trd, 4318449.093, 80
Trd, 4318451.393, 79
Trd, 4318451.443, 81
Trd, 4318454.043, 87
Trd, 4318454.443, 78
Trd, 4318456.843, 80
Trd, 4318457.993, 78
Trd, 4318460.093, 83
Trd, 4318461.193, 88
Trd, 4318464.793, 81
Trd, 4318466.693, 77
Trd, 4318470.193, 79
Trd, 4318472.093, 78
Trd, 4318473.493, 77
Trd, 4318473.893, 88
Trd, 4318475.693, 82
Trd, 4318477.643, 76
Trd, 4318480.593, 78
Trd, 4318480.643, 79
Trd, 4318482.843, 77
Trd, 4318486.193, 82
Trd, 4318486.843, 81
Trd, 4318488.243, 86
Trd, 4318493.243, 76
Trd, 4318493.793, 75
Trd, 4318494.093, 78
Trd, 4318497.343, 77
Trd, 4318498.093, 78
Trd, 4318502.593, 75
Trd, 4318503.443, 76
Trd, 4318508.793, 74
Trd, 4318509.593, 75
Trd, 4318512.193, 85
Trd, 4318514.793, 78
Trd, 4318516.243, 85
Trd, 4318516.293, 79
Trd, 4318520.493, 82
Trd, 4318521.243, 95
Trd, 4318521.793, 81
Trd, 4318524.443, 84
Trd, 4318525.343, 81
Trd, 4318526.943, 83
Trd, 4318528.043, 87
Trd, 4318532.393, 84
Trd, 4318532.543, 81
Trd, 4318534.143, 82
Trd, 4318535.943, 80
Trd, 4318536.843, 83
Trd, 4318538.143, 95
Trd, 4318538.893, 107
Trd, 4318539.093, 94
Trd, 4318540.093, 95
Trd, 4318541.493, 88
Trd, 4318543.243, 94
Trd, 4318544.693, 90
Trd, 4318545.793, 91
Trd, 4318546.893, 89
Trd, 4318548.443, 88
Trd, 4318549.293, 89
Trd, 4318551.643, 87
Trd, 4318552.843, 88
Trd, 4318554.593, 87
Trd, 4318554.943, 88
Trd, 4318555.243, 88
Trd, 4318556.243, 87
Trd, 4318561.593, 94
Trd, 4318562.343, 87
Trd, 4318562.693, 90
Trd, 4318564.943, 97
Trd, 4318566.743, 87
Trd, 4318569.343, 87
Trd, 4318570.293, 86
Trd, 4318570.443, 87
Trd, 4318573.393, 87
Trd, 4318573.443, 87
Trd, 4318575.043, 85
Trd, 4318577.093, 91
Trd, 4318578.143, 90
Trd, 4318578.293, 94
Trd, 4318581.393, 90
Trd, 4318581.593, 91
Trd, 4318581.643, 90
Trd, 4318583.193, 89
Trd, 4318583.543, 92
Trd, 4318584.643, 96
Trd, 4318585.093, 104
Trd, 4318586.793, 104
Trd, 4318587.993, 101
Trd, 4318588.293, 107
Trd, 4318589.143, 101
Trd, 4318590.593, 104
Trd, 4318593.493, 102
Trd, 4318593.643, 102
Trd, 4318595.543, 102
Trd, 4318595.993, 103
Trd, 4318597.793, 97
Trd, 4318598.243, 98
Trd, 4318600.643, 102
Trd, 4318602.593, 102
Trd, 4318604.043, 100
Trd, 4318604.993, 99
Trd, 4318606.793, 99
Trd, 4318608.893, 100
Trd, 4318609.043, 98
Trd, 4318609.993, 95
Trd, 4318610.293, 95
Trd, 4318610.643, 99
Trd, 4318612.343, 99
Trd, 4318612.493, 105
Trd, 4318614.893, 98
Trd, 4318616.293, 100
Trd, 4318617.093, 101
Trd, 4318617.793, 98
Trd, 4318618.543, 97
Trd, 4318620.443, 102
Trd, 4318622.093, 104
Trd, 4318623.593, 97
Trd, 4318623.743, 104
Trd, 4318626.993, 102
Trd, 4318628.093, 98
Trd, 4318628.743, 98
Trd, 4318630.443, 102
Trd, 4318631.643, 101
Trd, 4318633.443, 97
Trd, 4318634.693, 96
Trd, 4318637.393, 95
Trd, 4318638.893, 97
Trd, 4318639.043, 95
Trd, 4318639.293, 97
Trd, 4318640.593, 94
Trd, 4318643.843, 96
Trd, 4318644.843, 97
Trd, 4318645.343, 93
Trd, 4318646.493, 93
Trd, 4318646.843, 97
Trd, 4318650.193, 92
Trd, 4318650.343, 92
Trd, 4318652.343, 91
Trd, 4318654.593, 90
Trd, 4318654.843, 93
Trd, 4318655.893, 89
Trd, 4318656.443, 96
Trd, 4318658.843, 91
Trd, 4318660.793, 90
Trd, 4318661.093, 89
Trd, 4318662.143, 88
Trd, 4318662.643, 89
Trd, 4318663.543, 107
Trd, 4318668.893, 95
Trd, 4318669.993, 90
Trd, 4318671.843, 105
Trd, 4318672.843, 96
Trd, 4318673.143, 93
Trd, 4318673.193, 97
Trd, 4318674.843, 93
Trd, 4318676.743, 104
Trd, 4318678.493, 101
Trd, 4318680.343, 100
Trd, 4318682.443, 99
Trd, 4318682.743, 98
Trd, 4318684.293, 99
Trd, 4318684.393, 98
Trd, 4318684.943, 104
Trd, 4318685.893, 99
Trd, 4318688.043, 101
Trd, 4318688.443, 100
Trd, 4318688.543, 94
Trd, 4318689.493, 106
Trd, 4318691.143, 102
Trd, 4318691.243, 99
Trd, 4318692.343, 80
Trd, 4318692.743, 81
Trd, 4318692.893, 91
Trd, 4318695.943, 100
Trd, 4318696.243, 86
Trd, 4318697.243, 104
Trd, 4318700.393, 99
Trd, 4318701.193, 97
Trd, 4318701.493, 104
Trd, 4318703.343, 101
Trd, 4318704.043, 94
Trd, 4318705.443, 93
Trd, 4318706.643, 97
Trd, 4318708.393, 94
Trd, 4318710.293, 97
Trd, 4318711.643, 95
Trd, 4318712.743, 96
Trd, 4318714.143, 96
Trd, 4318715.293, 94
Trd, 4318716.543, 97
Trd, 4318717.393, 95
Trd, 4318719.943, 94
Trd, 4318722.843, 93
Trd, 4318724.243, 93
Trd, 4318724.543, 94
Trd, 4318724.593, 97
Trd, 4318726.093, 92
Trd, 4318727.693, 104
Trd, 4318729.293, 98
Trd, 4318729.893, 101
Trd, 4318731.393, 104
Trd, 4318734.843, 102
Trd, 4318735.093, 101
Trd, 4318735.793, 100
Trd, 4318736.593, 99
Trd, 4318736.893, 100
Trd, 4318738.293, 99
Trd, 4318739.593, 100
Trd, 4318741.543, 98
Trd, 4318743.693, 99
Trd, 4318743.743, 99
Trd, 4318744.943, 100
Trd, 4318747.593, 98
Trd, 4318748.443, 97
Trd, 4318748.943, 94
Trd, 4318750.043, 100
Trd, 4318750.143, 100
Trd, 4318752.543, 100
Trd, 4318755.293, 100
Trd, 4318755.893, 101
Trd, 4318756.893, 99
Trd, 4318759.193, 104
Trd, 4318759.593, 101
Trd, 4318760.593, 102
Trd, 4318760.943, 100
Trd, 4318762.493, 99
Trd, 4318763.693, 103
Trd, 4318765.743, 100
Trd, 4318766.243, 102
Trd, 4318767.343, 100
Trd, 4318769.343, 100
Trd, 4318770.393, 101
Trd, 4318772.143, 101
Trd, 4318772.393, 99
Trd, 4318774.743, 99
Trd, 4318774.793, 101
Trd, 4318775.343, 82
Trd, 4318777.793, 95
Trd, 4318778.643, 94
Trd, 4318780.193, 95
Trd, 4318783.093, 99
Trd, 4318783.493, 96
Trd, 4318785.243, 104
Trd, 4318786.443, 101
Trd, 4318787.143, 100
Trd, 4318789.593, 100
Trd, 4318790.193, 99
Trd, 4318791.993, 97
Trd, 4318793.093, 101
Trd, 4318796.193, 95
Trd, 4318796.793, 95
Trd, 4318797.443, 96
Trd, 4318797.693, 94
Trd, 4318797.793, 97
Trd, 4318798.893, 92
Trd, 4318800.893, 95
Trd, 4318800.993, 96
Trd, 4318803.793, 94
Trd, 4318804.793, 95
Trd, 4318807.193, 95
Trd, 4318808.043, 93
Trd, 4318808.543, 93
Trd, 4318808.593, 92
Trd, 4318810.043, 92
Trd, 4318810.143, 91
Trd, 4318811.243, 93
Trd, 4318814.193, 95
Trd, 4318815.493, 92
Trd, 4318816.393, 106
Trd, 4318819.643, 92
Trd, 4318821.443, 92
Trd, 4318823.143, 91
Trd, 4318825.193, 92
Trd, 4318825.593, 90
Trd, 4318827.993, 92
Trd, 4318828.693, 92
Trd, 4318829.293, 89
Trd, 4318831.643, 92
Trd, 4318832.093, 92
Trd, 4318833.993, 102
Trd, 4318837.143, 99
Trd, 4318838.343, 105
Trd, 4318838.643, 104
Trd, 4318839.593, 104
Trd, 4318840.493, 103
Trd, 4318841.393, 102
Trd, 4318842.893, 103
Trd, 4318843.993, 102
Trd, 4318844.943, 102
Trd, 4318845.593, 107
Trd, 4318845.643, 94
Trd, 4318846.593, 99
Trd, 4318847.543, 104
Trd, 4318848.943, 103
Trd, 4318849.393, 104
Trd, 4318851.743, 104
Trd, 4318852.793, 105
Trd, 4318853.743, 104
Trd, 4318853.793, 102
Trd, 4318855.143, 102
Trd, 4318855.943, 92
Trd, 4318856.993, 90
Trd, 4318857.543, 113
Trd, 4318859.743, 90
Trd, 4318860.793, 93
Trd, 4318861.793, 89
Trd, 4318862.393, 89
Trd, 4318862.943, 104
Trd, 4318864.893, 95
Trd, 4318867.043, 96
Trd, 4318867.543, 103
Trd, 4318868.193, 94
Trd, 4318871.293, 93
Trd, 4318873.393, 93
Trd, 4318873.493, 96
Trd, 4318873.543, 97
Trd, 4318876.843, 92
Trd, 4318877.093, 92
Trd, 4318878.143, 91
Trd, 4318878.543, 92
Trd, 4318879.943, 103
Trd, 4318881.593, 97
Trd, 4318882.593, 97
Trd, 4318884.793, 94
Trd, 4318884.943, 96
Trd, 4318885.543, 95
Trd, 4318888.793, 94
Trd, 4318889.793, 94
Trd, 4318890.593, 95
Trd, 4318891.593, 94
Trd, 4318892.043, 95
Trd, 4318893.643, 104
Trd, 4318894.643, 101
Trd, 4318895.793, 101
Trd, 4318896.643, 101
Trd, 4318897.393, 97
Trd, 4318898.593, 97
Trd, 4318898.993, 97
Trd, 4318901.243, 99
Trd, 4318902.093, 102
Trd, 4318903.743, 101
Trd, 4318903.943, 105
Trd, 4318904.993, 104
Trd, 4318905.993, 103
Trd, 4318907.843, 99
Trd, 4318908.993, 100
Trd, 4318909.193, 99
Trd, 4318911.293, 100
Trd, 4318911.643, 99
Trd, 4318911.743, 100
Trd, 4318913.943, 99
Trd, 4318914.493, 101
Trd, 4318916.743, 100
Trd, 4318917.493, 101
Trd, 4318918.743, 98
Trd, 4318919.943, 101
Trd, 4318923.193, 97
Trd, 4318923.793, 95
Trd, 4318923.893, 94
Trd, 4318925.343, 96
Trd, 4318925.793, 96
Trd, 4318927.943, 95
Trd, 4318928.643, 104
Trd, 4318930.443, 94
Trd, 4318932.943, 94
Trd, 4318933.893, 93
Trd, 4318934.143, 95
Trd, 4318934.393, 96
Trd, 4318935.243, 93
Trd, 4318937.243, 95
Trd, 4318940.043, 93
Trd, 4318940.143, 94
Trd, 4318942.993, 92
Trd, 4318943.143, 95
Trd, 4318945.343, 97
Trd, 4318945.943, 98
Trd, 4318947.043, 103
Trd, 4318947.743, 100
Trd, 4318947.993, 100
Trd, 4318948.943, 100
Trd, 4318951.393, 103
Trd, 4318951.743, 99
Trd, 4318952.993, 100
Trd, 4318955.093, 102
Trd, 4318957.743, 100
Trd, 4318958.243, 99
Trd, 4318959.943, 99
Trd, 4318960.543, 100
Trd, 4318961.293, 100
Trd, 4318962.243, 99
Trd, 4318963.843, 97
Trd, 4318965.093, 112
Trd, 4318965.643, 96
Trd, 4318966.793, 97
Trd, 4318968.743, 99
Trd, 4318970.243, 98
Trd, 4318970.943, 96
Trd, 4318972.393, 98
Trd, 4318973.143, 96
Trd, 4318974.143, 95
Trd, 4318974.793, 96
Trd, 4318976.693, 94
Trd, 4318977.493, 93
Trd, 4318978.043, 119
Trd, 4318978.343, 93
Trd, 4318980.843, 102
Trd, 4318981.843, 104
Trd, 4318981.993, 103
Trd, 4318983.293, 98
Trd, 4318984.443, 97
Trd, 4318985.393, 98
Trd, 4318987.043, 98
Trd, 4318988.693, 105
Trd, 4318989.143, 97
Trd, 4318992.043, 100
Trd, 4318992.593, 99
Trd, 4318993.493, 86
Trd, 4318994.343, 83
Trd, 4318994.393, 87
Trd, 4318996.093, 94
Trd, 4318998.193, 92
Trd, 4318998.443, 91
Trd, 4318998.593, 95
Trd, 4319001.493, 90
Trd, 4319001.693, 93
Trd, 4319004.843, 95
Trd, 4319006.143, 95
Trd, 4319008.143, 95
Trd, 4319008.843, 96
Trd, 4319010.643, 90
Trd, 4319013.393, 94
Trd, 4319014.843, 90
Trd, 4319014.993, 95
Trd, 4319020.093, 92
Trd, 4319021.043, 90
Trd, 4319022.493, 90
Trd, 4319023.343, 89
Trd, 4319023.443, 90
Trd, 4319024.293, 89
Trd, 4319024.343, 90
Trd, 4319028.293, 88
Trd, 4319029.343, 90
Trd, 4319030.843, 104
Trd, 4319031.243, 96
Trd, 4319031.743, 97
Trd, 4319034.543, 98
Trd, 4319035.193, 95
Trd, 4319035.293, 99
Trd, 4319037.143, 94
Trd, 4319038.793, 93
Trd, 4319039.543, 97
Trd, 4319041.393, 95
Trd, 4319043.093, 93
Trd, 4319044.693, 92
Trd, 4319045.693, 93
Trd, 4319047.643, 92
Trd, 4319048.193, 92
Trd, 4319048.493, 91
Trd, 4319049.743, 92
Trd, 4319050.543, 101
Trd, 4319051.593, 90
Trd, 4319053.393, 89
Trd, 4319054.343, 100
Trd, 4319054.393, 102
Trd, 4319055.093, 104
Trd, 4319056.943, 99
Trd, 4319059.993, 100
Trd, 4319061.993, 102
Trd, 4319062.043, 103
Trd, 4319063.493, 100
Trd, 4319065.693, 102
Trd, 4319066.593, 99
Trd, 4319066.943, 98
Trd, 4319068.043, 102
Trd, 4319068.793, 97
Trd, 4319070.893, 102
Trd, 4319073.693, 98
Trd, 4319076.343, 97
Trd, 4319076.443, 96
Trd, 4319076.793, 96
Trd, 4319077.643, 94
Trd, 4319078.243, 104
Trd, 4319080.543, 96
Trd, 4319081.843, 97
Trd, 4319081.893, 92
Trd, 4319082.393, 97
Trd, 4319083.493, 96
Trd, 4319084.043, 96
Trd, 4319086.493, 97
Trd, 4319087.693, 94
Trd, 4319089.093, 104
Trd, 4319089.893, 103
Trd, 4319091.543, 102
Trd, 4319093.543, 102
Trd, 4319094.793, 101
Trd, 4319095.943, 102
Trd, 4319098.093, 100
Trd, 4319098.643, 102
Trd, 4319100.993, 99
Trd, 4319101.293, 98
Trd, 4319102.893, 99
Trd, 4319103.093, 98
Trd, 4319104.193, 97
Trd, 4319104.843, 96
Trd, 4319106.543, 99
Trd, 4319107.243, 98
Trd, 4319107.543, 97
Trd, 4319109.343, 96
Trd, 4319109.993, 95
Trd, 4319111.743, 104
Trd, 4319114.793, 104
Trd, 4319115.543, 113
Trd, 4319116.943, 103
Trd, 4319117.443, 94
Trd, 4319118.493, 98
Trd, 4319119.693, 96
Trd, 4319120.993, 97
Trd, 4319122.493, 96
Trd, 4319123.543, 97
Trd, 4319123.693, 95
Trd, 4319126.093, 102
Trd, 4319127.593, 95
Trd, 4319127.793, 98
Trd, 4319128.743, 96
Trd, 4319131.043, 95
Trd, 4319131.643, 96
Trd, 4319133.143, 95
Trd, 4319136.143, 94
Trd, 4319136.393, 95
Trd, 4319136.943, 94
Trd, 4319139.493, 94
Trd, 4319142.243, 91
Trd, 4319142.993, 92
Trd, 4319144.143, 91
Trd, 4319144.843, 91
Trd, 4319145.043, 94
Trd, 4319145.643, 91
Trd, 4319148.593, 93
Trd, 4319149.243, 96
Trd, 4319152.993, 91
Trd, 4319153.043, 91
Trd, 4319153.093, 94
Trd, 4319153.493, 94
Trd, 4319155.443, 91
Trd, 4319157.143, 95
Trd, 4319158.243, 94
Trd, 4319160.893, 90
Trd, 4319163.043, 93
Trd, 4319164.743, 89
Trd, 4319165.293, 93
Trd, 4319165.943, 93
Trd, 4319168.243, 93
Trd, 4319172.593, 96
Trd, 4319173.243, 93
Trd, 4319175.643, 90
Trd, 4319176.543, 92
Trd, 4319179.343, 90
Trd, 4319179.693, 91
Trd, 4319183.543, 90
Trd, 4319183.793, 92
Trd, 4319186.443, 89
Trd, 4319189.443, 88
Trd, 4319189.493, 88
Trd, 4319189.843, 91
Trd, 4319190.343, 87
Trd, 4319191.143, 106
Trd, 4319191.493, 105
Trd, 4319192.643, 105
Trd, 4319194.643, 104
Trd, 4319195.593, 104
Trd, 4319196.443, 104
Trd, 4319196.893, 103
Trd, 4319197.493, 103
Trd, 4319199.393, 104
Trd, 4319200.243, 100
Trd, 4319202.143, 95
Trd, 4319202.293, 98
Trd, 4319204.243, 98
Trd, 4319204.343, 97
Trd, 4319206.893, 98
Trd, 4319208.043, 96
Trd, 4319209.093, 95
Trd, 4319210.393, 95
Trd, 4319212.443, 99
Trd, 4319213.093, 105
Trd, 4319213.393, 104
Trd, 4319214.643, 94
Trd, 4319216.093, 91
Trd, 4319217.543, 96
Trd, 4319218.093, 95
Trd, 4319220.243, 99
Trd, 4319221.593, 96
Trd, 4319222.993, 86
Trd, 4319223.343, 85
Trd, 4319224.943, 98
Trd, 4319225.643, 88
Trd, 4319225.893, 91
Trd, 4319226.093, 103
Trd, 4319227.593, 92
Trd, 4319229.943, 97
Trd, 4319231.293, 95
Trd, 4319231.643, 94
Trd, 4319234.343, 104
Trd, 4319234.443, 101
Trd, 4319237.693, 101
Trd, 4319237.843, 102
Trd, 4319237.993, 98
Trd, 4319239.643, 101
Trd, 4319240.543, 98
Trd, 4319240.993, 96
Trd, 4319242.043, 100
Trd, 4319242.693, 119
Trd, 4319244.693, 104
Trd, 4319245.743, 104
Trd, 4319246.243, 102
Trd, 4319248.593, 99
Trd, 4319248.743, 100
Trd, 4319248.793, 103
Trd, 4319252.943, 101
Trd, 4319253.643, 103
Trd, 4319255.243, 102
Trd, 4319255.293, 102
Trd, 4319255.793, 103
Trd, 4319257.993, 102
Trd, 4319259.593, 101
Trd, 4319260.193, 102
Trd, 4319260.443, 103
Trd, 4319262.793, 104
Trd, 4319263.393, 101
Trd, 4319265.543, 100
Trd, 4319265.643, 100
Trd, 4319266.493, 99
Trd, 4319267.593, 98
Trd, 4319269.543, 96
Trd, 4319272.043, 95
Trd, 4319273.443, 104
Trd, 4319274.543, 102
Trd, 4319276.193, 101
Trd, 4319277.143, 101
Trd, 4319278.743, 94
Trd, 4319279.043, 97
Trd, 4319282.743, 84
Trd, 4319283.343, 91
Trd, 4319283.493, 92
Trd, 4319283.743, 87
Trd, 4319285.293, 92
Trd, 4319286.843, 96
Trd, 4319290.443, 91
Trd, 4319290.543, 93
Trd, 4319290.943, 103
Trd, 4319291.993, 96
Trd, 4319292.343, 94
Trd, 4319292.543, 103
Trd, 4319293.193, 102
Trd, 4319294.443, 95
Trd, 4319296.293, 96
Trd, 4319297.343, 95
Trd, 4319299.793, 101
Trd, 4319300.243, 94
Trd, 4319300.343, 97
Trd, 4319303.043, 96
Trd, 4319304.593, 95
Trd, 4319305.893, 95
Trd, 4319307.743, 94
Trd, 4319308.243, 95
Trd, 4319310.143, 79
Trd, 4319310.293, 95
Trd, 4319312.693, 88
Trd, 4319315.693, 87
Trd, 4319316.193, 86
Trd, 4319316.493, 87
Trd, 4319317.843, 95
Trd, 4319320.343, 103
Trd, 4319321.943, 94
Trd, 4319323.543, 96
Trd, 4319325.043, 93
Trd, 4319325.593, 93
Trd, 4319326.643, 93
Trd, 4319327.343, 96
Trd, 4319328.543, 92
Trd, 4319328.993, 103
Trd, 4319330.643, 103
Trd, 4319332.443, 99
Trd, 4319332.793, 99
Trd, 4319334.843, 94
Trd, 4319335.293, 109
Trd, 4319337.043, 104
Trd, 4319339.243, 102
Trd, 4319339.293, 100
Trd, 4319340.743, 100
Trd, 4319341.793, 101
Trd, 4319342.193, 99
Trd, 4319343.043, 101
Trd, 4319344.143, 93
Trd, 4319344.593, 98
Trd, 4319347.643, 96
Trd, 4319349.093, 96
Trd, 4319349.743, 95
Trd, 4319351.843, 95
Trd, 4319352.743, 96
Trd, 4319354.243, 96
Trd, 4319358.893, 95
Trd, 4319359.643, 94
Trd, 4319360.743, 95
Trd, 4319362.493, 94
Trd, 4319362.793, 93
Trd, 4319363.893, 95
Trd, 4319364.893, 92
Trd, 4319365.043, 95
Trd, 4319368.893, 93
Trd, 4319369.993, 92
Trd, 4319370.543, 94
Trd, 4319373.393, 91
Trd, 4319374.643, 93
Trd, 4319377.143, 92
Trd, 4319378.793, 92
Trd, 4319379.943, 94
Trd, 4319381.793, 91
Trd, 4319384.043, 90
Trd, 4319385.243, 91
Trd, 4319386.343, 91
Trd, 4319387.243, 89
Trd, 4319387.543, 90
Trd, 4319388.893, 89
Trd, 4319390.643, 88
Trd, 4319392.143, 89
Trd, 4319392.243, 88
Trd, 4319394.093, 90
Trd, 4319395.143, 87
Trd, 4319397.743, 97
Trd, 4319398.393, 101
Trd, 4319399.093, 96
Trd, 4319399.943, 98
Trd, 4319400.643, 95
Trd, 4319401.693, 94
Trd, 4319402.593, 94
Trd, 4319403.593, 99
Trd, 4319404.143, 93
Trd, 4319405.893, 97
Trd, 4319406.393, 98
Trd, 4319409.243, 100
Trd, 4319409.343, 101
Trd, 4319410.993, 98
Trd, 4319411.943, 98
Trd, 4319412.793, 99
Trd, 4319413.143, 93
Trd, 4319414.493, 104
Trd, 4319416.193, 102
Trd, 4319416.293, 113
Trd, 4319417.643, 104
Trd, 4319418.193, 104
Trd, 4319418.793, 102
Trd, 4319420.693, 92
Trd, 4319421.593, 80
Trd, 4319421.793, 88
Trd, 4319422.143, 87
Trd, 4319423.393, 95
Trd, 4319424.993, 92
Trd, 4319426.443, 92
Trd, 4319428.643, 104
Trd, 4319428.993, 96
Trd, 4319429.643, 96
Trd, 4319432.093, 95
Trd, 4319433.493, 96
Trd, 4319433.943, 94
Trd, 4319435.043, 93
Trd, 4319436.393, 95
Trd, 4319440.343, 95
Trd, 4319440.993, 92
Trd, 4319441.743, 97
Trd, 4319441.793, 92
Trd, 4319445.843, 91
Trd, 4319445.943, 93
Trd, 4319446.543, 91
Trd, 4319447.443, 90
Trd, 4319450.043, 90
Trd, 4319452.493, 92
Trd, 4319452.743, 95
Trd, 4319454.893, 89
Trd, 4319456.293, 100
Trd, 4319457.443, 94
Trd, 4319458.343, 94
Trd, 4319459.743, 92
Trd, 4319461.093, 114
Trd, 4319462.843, 93
Trd, 4319463.493, 90
Trd, 4319464.693, 90
Trd, 4319466.843, 92
Trd, 4319467.743, 93
Trd, 4319470.593, 89
Trd, 4319471.543, 88
Trd, 4319473.843, 89
Trd, 4319476.093, 89
Trd, 4319476.743, 88
Trd, 4319478.443, 87
Trd, 4319479.393, 88
Trd, 4319479.493, 97
Trd, 4319479.993, 86
Trd, 4319482.843, 100
Trd, 4319483.443, 92
Trd, 4319484.593, 93
Trd, 4319486.343, 93
Trd, 4319488.793, 93
Trd, 4319489.493, 92
Trd, 4319489.893, 96
Trd, 4319492.043, 92
Trd, 4319494.493, 93
Trd, 4319494.893, 91
Trd, 4319496.943, 91
Trd, 4319497.393, 92
Trd, 4319499.193, 90
Trd, 4319499.643, 91
Trd, 4319499.793, 90
Trd, 4319500.793, 100
Trd, 4319501.843, 95
Trd, 4319503.493, 108
Trd, 4319504.443, 90
Trd, 4319507.493, 90
Trd, 4319507.993, 95
Trd, 4319510.193, 95
Trd, 4319511.993, 97
Trd, 4319513.593, 97
Trd, 4319513.793, 103
Trd, 4319515.543, 96
Trd, 4319517.593, 95
Trd, 4319518.593, 104
Trd, 4319519.193, 102
Trd, 4319519.243, 108
Trd, 4319521.543, 101
Trd, 4319523.243, 104
Trd, 4319524.543, 101
Trd, 4319524.593, 80
Trd, 4319527.643, 97
Trd, 4319528.193, 101
Trd, 4319529.293, 96
Trd, 4319531.243, 97
Trd, 4319532.443, 97
Trd, 4319532.543, 96
Trd, 4319532.843, 104
Trd, 4319534.293, 102
Trd, 4319534.893, 101
Trd, 4319535.593, 99
Trd, 4319537.593, 101
Trd, 4319538.493, 97
Trd, 4319543.043, 97
Trd, 4319543.093, 96
Trd, 4319543.243, 99
Trd, 4319545.093, 99
Trd, 4319545.993, 94
Trd, 4319547.093, 99
Trd, 4319548.693, 100
Trd, 4319549.393, 99
Trd, 4319552.643, 95
Trd, 4319553.993, 95
Trd, 4319554.843, 94
Trd, 4319554.993, 95
Trd, 4319556.343, 93
Trd, 4319557.843, 94
Trd, 4319559.943, 96
Trd, 4319561.843, 94
Trd, 4319565.793, 93
Trd, 4319567.493, 94
Trd, 4319567.743, 93
Trd, 4319569.243, 95
Trd, 4319572.243, 94
Trd, 4319572.493, 92
Trd, 4319572.993, 93
Trd, 4319574.293, 99
Trd, 4319575.293, 91
Trd, 4319577.743, 93
Trd, 4319578.993, 94
Trd, 4319581.043, 91
Trd, 4319581.993, 91
Trd, 4319582.343, 90
Trd, 4319585.393, 90
Trd, 4319586.843, 93
Trd, 4319587.543, 93
Trd, 4319591.343, 90
Trd, 4319592.293, 89
Trd, 4319592.543, 90
Trd, 4319594.593, 89
Trd, 4319595.643, 90
Trd, 4319598.243, 91
Trd, 4319600.193, 88
Trd, 4319600.993, 91
Trd, 4319603.593, 91
Trd, 4319603.893, 91
Trd, 4319604.693, 105
Trd, 4319606.743, 97
Trd, 4319608.243, 97
Trd, 4319608.993, 96
Trd, 4319609.943, 98
Trd, 4319610.243, 94
Trd, 4319610.343, 108
Trd, 4319611.243, 102
Trd, 4319612.893, 94
Trd, 4319615.493, 76
Trd, 4319615.943, 76
Trd, 4319616.293, 80
Trd, 4319618.293, 86
Trd, 4319621.443, 97
Trd, 4319621.543, 94
Trd, 4319621.793, 93
Trd, 4319622.643, 108
Trd, 4319624.793, 98
Trd, 4319624.993, 93
Trd, 4319627.893, 96
Trd, 4319629.443, 96
Trd, 4319630.143, 93
Trd, 4319632.493, 95
Trd, 4319633.793, 92
Trd, 4319636.593, 104
Trd, 4319637.193, 109
Trd, 4319638.693, 100
Trd, 4319639.893, 101
Trd, 4319640.193, 104
Trd, 4319641.743, 102
Trd, 4319642.943, 101
Trd, 4319643.643, 104
Trd, 4319644.743, 104
Trd, 4319645.093, 100
Trd, 4319646.843, 104
Trd, 4319647.543, 103
Trd, 4319649.643, 100
Trd, 4319650.193, 100
Trd, 4319651.643, 99
Trd, 4319653.143, 99
Trd, 4319654.243, 99
Trd, 4319654.393, 98
Trd, 4319656.593, 107
Trd, 4319658.143, 102
Trd, 4319658.643, 97
Trd, 4319661.093, 102
Trd, 4319661.593, 96
Trd, 4319665.693, 98
Trd, 4319666.543, 104
Trd, 4319666.643, 97
Trd, 4319667.293, 99
Trd, 4319668.493, 104
Trd, 4319670.743, 104
Trd, 4319671.543, 104
Trd, 4319673.143, 101
Trd, 4319673.943, 102
Trd, 4319674.443, 102
Trd, 4319675.293, 101
Trd, 4319677.293, 106
Trd, 4319681.593, 100
Trd, 4319682.443, 101
Trd, 4319682.493, 101
Trd, 4319683.093, 99
Trd, 4319683.343, 99
Trd, 4319686.243, 98
Trd, 4319687.143, 97
Trd, 4319688.593, 96
Trd, 4319689.393, 97
Trd, 4319690.843, 98
Trd, 4319691.743, 94
Trd, 4319692.093, 99
Trd, 4319693.193, 104
Trd, 4319694.443, 97
Trd, 4319695.693, 97
Trd, 4319696.343, 96
Trd, 4319696.943, 93
Trd, 4319697.843, 104
Trd, 4319699.643, 97
Trd, 4319701.243, 97
Trd, 4319701.643, 104
Trd, 4319702.443, 96
Trd, 4319705.693, 96
Trd, 4319705.893, 95
Trd, 4319707.143, 94
Trd, 4319707.243, 96
Trd, 4319709.593, 94
Trd, 4319709.693, 94
Trd, 4319710.493, 95
Trd, 4319712.143, 93
Trd, 4319712.293, 95
Trd, 4319716.443, 92
Trd, 4319716.943, 90
Trd, 4319718.243, 91
Trd, 4319718.393, 103
Trd, 4319719.843, 101
Trd, 4319720.943, 100
Trd, 4319723.743, 104
Trd, 4319724.043, 99
Trd, 4319724.993, 101
Trd, 4319725.343, 99
Trd, 4319727.743, 99
Trd, 4319728.343, 103
Trd, 4319728.843, 101
Trd, 4319729.343, 102
Trd, 4319730.443, 102
Trd, 4319731.343, 100
Trd, 4319735.193, 100
Trd, 4319735.543, 100
Trd, 4319736.293, 99
Trd, 4319736.393, 100
Trd, 4319737.843, 98
Trd, 4319738.643, 80
Trd, 4319739.443, 99
Trd, 4319742.293, 99
Trd, 4319743.543, 99
Trd, 4319743.893, 96
Trd, 4319746.643, 95
Trd, 4319747.593, 96
Trd, 4319750.243, 95
Trd, 4319751.543, 94
Trd, 4319751.993, 94
Trd, 4319752.693, 94
Trd, 4319755.393, 94
Trd, 4319755.693, 95
Trd, 4319755.793, 93
Trd, 4319756.143, 104
Trd, 4319757.593, 99
Trd, 4319758.793, 98
Trd, 4319759.593, 97
Trd, 4319760.193, 100
Trd, 4319762.243, 99
Trd, 4319763.143, 97
Trd, 4319764.843, 95
Trd, 4319766.093, 95
Trd, 4319766.143, 94
Trd, 4319769.943, 93
Trd, 4319770.293, 94
Trd, 4319770.693, 112
Trd, 4319771.193, 98
Trd, 4319772.543, 97
Trd, 4319773.743, 97
Trd, 4319774.243, 102
Trd, 4319774.293, 93
Trd, 4319774.643, 103
Trd, 4319778.293, 99
Trd, 4319778.693, 98
Trd, 4319779.043, 100
Trd, 4319779.393, 96
Trd, 4319781.143, 95
Trd, 4319781.693, 101
Trd, 4319782.693, 95
Trd, 4319784.893, 94
Trd, 4319786.093, 88
Trd, 4319786.543, 94
Trd, 4319789.843, 90
Trd, 4319789.893, 91
Trd, 4319791.743, 95
Trd, 4319794.043, 89
Trd, 4319794.143, 92
Trd, 4319795.993, 93
Trd, 4319796.693, 94
Trd, 4319798.093, 94
Trd, 4319799.343, 94
Trd, 4319801.193, 93
Trd, 4319801.493, 93
Trd, 4319801.993, 96
Trd, 4319806.643, 92
Trd, 4319806.893, 95
Trd, 4319807.893, 92
Trd, 4319809.193, 84
Trd, 4319810.143, 90
Trd, 4319810.543, 93
Trd, 4319811.193, 89
Trd, 4319812.693, 97
Trd, 4319813.493, 81
Trd, 4319815.093, 85
Trd, 4319817.193, 84
Trd, 4319819.243, 86
Trd, 4319819.893, 95
Trd, 4319820.943, 78
Trd, 4319821.343, 81
Trd, 4319822.943, 89
Trd, 4319823.343, 102
Trd, 4319823.843, 87
Trd, 4319826.743, 91
Trd, 4319826.793, 93
Trd, 4319827.693, 99
Trd, 4319828.643, 99
Trd, 4319829.843, 97
Trd, 4319830.643, 99
Trd, 4319831.893, 98
Trd, 4319832.393, 99
Trd, 4319834.043, 106
Trd, 4319834.293, 97
Trd, 4319834.593, 94
Trd, 4319836.243, 103
Trd, 4319838.193, 99
Trd, 4319840.693, 100
Trd, 4319842.243, 97
Trd, 4319843.243, 99
Trd, 4319844.793, 97
Trd, 4319845.543, 96
Trd, 4319846.743, 97
Trd, 4319847.343, 97
Trd, 4319848.443, 99
Trd, 4319849.943, 96
Trd, 4319850.243, 96
Trd, 4319851.443, 96
Trd, 4319851.593, 97
Trd, 4319853.743, 95
Trd, 4319855.443, 94
Trd, 4319856.443, 85
Trd, 4319857.943, 97
Trd, 4319858.193, 95
Trd, 4319858.293, 113
Trd, 4319860.393, 104
Trd, 4319861.693, 103
Trd, 4319862.893, 101
Trd, 4319863.143, 102
Trd, 4319864.493, 103
Trd, 4319866.543, 104
Trd, 4319866.693, 103
Trd, 4319868.093, 86
Trd, 4319868.343, 111
Trd, 4319869.793, 104
Trd, 4319870.243, 103
Trd, 4319871.343, 102
Trd, 4319873.093, 101
Trd, 4319873.393, 119
Trd, 4319873.493, 94
Trd, 4319875.843, 98
Trd, 4319875.893, 98
Trd, 4319877.543, 81
Trd, 4319879.743, 92
Trd, 4319880.593, 90
Trd, 4319882.193, 89
Trd, 4319882.993, 91
Trd, 4319883.393, 95
Trd, 4319887.693, 90
Trd, 4319888.143, 93
Trd, 4319889.193, 94
Trd, 4319890.893, 95
Trd, 4319892.693, 97
Trd, 4319894.693, 92
Trd, 4319897.743, 91
Trd, 4319898.143, 93
Trd, 4319898.343, 94
Trd, 4319898.693, 90
Trd, 4319902.693, 89
Trd, 4319903.643, 93
Trd, 4319906.993, 91
Trd, 4319907.693, 92
Trd, 4319907.843, 90
Trd, 4319909.193, 90
Trd, 4319913.093, 91
Trd, 4319913.693, 91
Trd, 4319915.293, 95
Trd, 4319917.943, 98
Trd, 4319918.143, 93
Trd, 4319922.093, 95
Trd, 4319922.743, 93
Trd, 4319924.243, 94
Trd, 4319924.393, 92
Trd, 4319925.643, 92
Trd, 4319926.493, 96
Trd, 4319927.893, 104
Trd, 4319928.343, 97
Trd, 4319930.293, 98
Trd, 4319932.193, 97
Trd, 4319933.443, 96
Trd, 4319933.843, 98
Trd, 4319934.793, 95
Trd, 4319936.793, 96
Trd, 4319938.393, 94
Trd, 4319939.793, 97
Trd, 4319942.443, 97
Trd, 4319942.793, 104
Trd, 4319944.393, 100
Trd, 4319944.893, 99
Trd, 4319945.993, 104
Trd, 4319947.093, 103
Trd, 4319947.993, 104
Trd, 4319950.193, 101
Trd, 4319951.593, 104
Trd, 4319952.843, 100
Trd, 4319954.743, 104
Trd, 4319955.343, 98
Trd, 4319957.293, 99
Trd, 4319958.493, 98
Trd, 4319959.043, 98
Trd, 4319959.943, 96
Trd, 4319961.093, 96
Trd, 4319963.743, 94
Trd, 4319964.393, 93
Trd, 4319965.143, 97
Trd, 4319967.393, 96
Trd, 4319968.543, 93
Trd, 4319968.793, 94
Trd, 4319969.843, 94
Trd, 4319971.193, 100
Trd, 4319973.693, 92
Trd, 4319974.193, 93
Trd, 4319974.993, 94
Trd, 4319977.493, 92
Trd, 4319979.043, 95
Trd, 4319980.493, 94
Trd, 4319980.743, 92
Trd, 4319982.293, 92
Trd, 4319985.193, 93
Trd, 4319987.543, 92
Trd, 4319989.443, 91
Trd, 4319989.593, 92
Trd, 4319989.893, 94
Trd, 4319991.343, 94
Trd, 4319991.743, 100
Trd, 4319994.143, 92
Trd, 4319997.843, 92
Trd, 4319998.343, 91
