Trd, 4317897.143, 112
Trd, 4317897.193, 91
Trd, 4317898.643, 110
Trd, 4317899.443, 107
Trd, 4317899.843, 95
Trd, 4317903.193, 96
Trd, 4317903.893, 96
Trd, 4317905.343, 95
Trd, 4317906.643, 95
Trd, 4317907.143, 95
Trd, 4317909.093, 95
Trd, 4317910.143, 97
Trd, 4317912.093, 94
Trd, 4317913.643, 99
Trd, 4317914.693, 89
Trd, 4317915.193, 89
Trd, 4317916.543, 95
Trd, 4317918.443, 90
Trd, 4317919.043, 94
Trd, 4317920.293, 93
Trd, 4317921.393, 101
Trd, 4317921.443, 108
Trd, 4317923.443, 98
Trd, 4317926.643, 95
Trd, 4317928.893, 96
Trd, 4317929.793, 94
Trd, 4317929.993, 96
Trd, 4317930.893, 97
Trd, 4317932.043, 95
Trd, 4317934.193, 96
Trd, 4317934.543, 94
Trd, 4317934.643, 107
Trd, 4317936.243, 97
Trd, 4317936.893, 106
Trd, 4317937.693, 99
Trd, 4317939.293, 95
Trd, 4317941.343, 92
Trd, 4317942.893, 88
Trd, 4317942.993, 88
Trd, 4317943.243, 88
Trd, 4317945.343, 91
Trd, 4317945.593, 98
Trd, 4317946.043, 86
Trd, 4317947.143, 107
Trd, 4317949.893, 92
Trd, 4317950.293, 92
Trd, 4317951.343, 90
Trd, 4317953.293, 92
Trd, 4317954.543, 99
Trd, 4317955.393, 90
Trd, 4317955.893, 89
Trd, 4317958.443, 93
Trd, 4317958.893, 95
Trd, 4317958.993, 96
Trd, 4317961.643, 103
Trd, 4317964.693, 96
Trd, 4317964.793, 96
Trd, 4317965.543, 97
Trd, 4317965.743, 100
Trd, 4317966.943, 101
Trd, 4317969.843, 96
Trd, 4317970.543, 86
Trd, 4317972.593, 91
Trd, 4317973.043, 90
Trd, 4317973.393, 93
Trd, 4317975.293, 91
Trd, 4317976.593, 89
Trd, 4317977.043, 94
Trd, 4317977.143, 107
Trd, 4317978.043, 86
Trd, 4317979.543, 96
Trd, 4317979.593, 112
Trd, 4317981.743, 101
Trd, 4317984.743, 114
Trd, 4317986.093, 102
Trd, 4317986.343, 106
Trd, 4317988.343, 102
Trd, 4317989.143, 105
Trd, 4317991.093, 101
Trd, 4317992.293, 100
Trd, 4317993.193, 99
Trd, 4317995.393, 97
Trd, 4317995.743, 95
Trd, 4317997.393, 88
Trd, 4317997.993, 97
Trd, 4317999.243, 92
Trd, 4317999.493, 95
Trd, 4318001.543, 92
Trd, 4318001.693, 92
Trd, 4318001.893, 104
Trd, 4318004.943, 102
Trd, 4318006.743, 98
Trd, 4318008.293, 95
Trd, 4318009.893, 96
Trd, 4318011.543, 95
Trd, 4318012.043, 94
Trd, 4318012.743, 96
Trd, 4318014.693, 96
Trd, 4318016.443, 96
Trd, 4318016.543, 95
Trd, 4318017.643, 98
Trd, 4318018.493, 97
Trd, 4318020.093, 105
Trd, 4318021.343, 101
Trd, 4318022.593, 95
Trd, 4318023.693, 101
Trd, 4318025.243, 101
Trd, 4318025.443, 96
Trd, 4318027.793, 100
Trd, 4318029.093, 95
Trd, 4318030.343, 91
Trd, 4318031.043, 91
Trd, 4318032.243, 90
Trd, 4318033.593, 92
Trd, 4318034.843, 95
Trd, 4318035.543, 101
Trd, 4318036.943, 95
Trd, 4318039.193, 94
Trd, 4318040.593, 93
Trd, 4318040.693, 93
Trd, 4318041.193, 92
Trd, 4318042.143, 96
Trd, 4318042.943, 106
Trd, 4318043.893, 99
Trd, 4318044.393, 95
Trd, 4318047.243, 99
Trd, 4318047.743, 93
Trd, 4318049.443, 97
Trd, 4318050.943, 95
Trd, 4318053.043, 94
Trd, 4318053.593, 95
Trd, 4318054.043, 93
Trd, 4318054.593, 94
Trd, 4318055.643, 104
Trd, 4318057.293, 94
Trd, 4318058.543, 98
Trd, 4318061.543, 96
Trd, 4318061.593, 98
Trd, 4318064.343, 94
Trd, 4318064.893, 94
Trd, 4318064.993, 95
Trd, 4318065.443, 96
Trd, 4318066.893, 99
Trd, 4318068.893, 98
Trd, 4318069.143, 96
Trd, 4318070.793, 95
Trd, 4318071.143, 97
Trd, 4318072.543, 97
Trd, 4318074.443, 95
Trd, 4318076.393, 96
Trd, 4318077.743, 96
Trd, 4318079.743, 95
Trd, 4318080.793, 96
Trd, 4318082.393, 96
Trd, 4318084.643, 96
Trd, 4318084.693, 94
Trd, 4318085.543, 95
Trd, 4318086.093, 97
Trd, 4318086.493, 104
Trd, 4318087.393, 94
Trd, 4318091.843, 94
Trd, 4318093.043, 94
Trd, 4318093.293, 97
Trd, 4318093.993, 97
Trd, 4318096.743, 93
Trd, 4318098.243, 93
Trd, 4318098.293, 95
Trd, 4318099.393, 91
Trd, 4318102.343, 94
Trd, 4318103.793, 94
Trd, 4318105.393, 93
Trd, 4318105.693, 91
Trd, 4318106.493, 87
Trd, 4318108.843, 90
Trd, 4318109.793, 89
Trd, 4318110.043, 99
Trd, 4318112.143, 92
Trd, 4318113.493, 95
Trd, 4318114.093, 90
Trd, 4318116.193, 96
Trd, 4318116.843, 93
Trd, 4318117.393, 98
Trd, 4318120.293, 94
Trd, 4318121.293, 93
Trd, 4318122.493, 98
Trd, 4318122.593, 104
Trd, 4318123.943, 109
Trd, 4318124.643, 105
Trd, 4318125.843, 100
Trd, 4318127.043, 99
Trd, 4318127.443, 105
Trd, 4318130.543, 96
Trd, 4318130.993, 97
Trd, 4318132.843, 96
Trd, 4318133.393, 114
Trd, 4318136.493, 95
Trd, 4318137.443, 91
Trd, 4318137.993, 95
Trd, 4318138.493, 95
Trd, 4318139.893, 93
Trd, 4318140.293, 92
Trd, 4318142.293, 91
Trd, 4318142.493, 92
Trd, 4318143.443, 95
Trd, 4318146.143, 94
Trd, 4318148.393, 94
Trd, 4318148.843, 94
Trd, 4318149.193, 96
Trd, 4318149.743, 94
Trd, 4318150.293, 97
Trd, 4318154.193, 95
Trd, 4318154.943, 95
Trd, 4318155.693, 95
Trd, 4318156.443, 99
Trd, 4318156.993, 104
Trd, 4318157.693, 101
Trd, 4318160.643, 101
Trd, 4318161.293, 105
Trd, 4318163.793, 112
Trd, 4318163.993, 106
Trd, 4318164.693, 99
Trd, 4318167.343, 99
Trd, 4318167.743, 96
Trd, 4318168.543, 97
Trd, 4318170.893, 101
Trd, 4318172.193, 99
Trd, 4318173.043, 105
Trd, 4318174.593, 97
Trd, 4318176.593, 100
Trd, 4318176.743, 98
Trd, 4318178.343, 101
Trd, 4318179.393, 97
Trd, 4318180.043, 94
Trd, 4318181.193, 91
Trd, 4318182.393, 93
Trd, 4318184.093, 93
Trd, 4318184.343, 94
Trd, 4318185.293, 104
Trd, 4318185.743, 100
Trd, 4318186.543, 101
Trd, 4318188.593, 100
Trd, 4318191.243, 99
Trd, 4318193.343, 98
Trd, 4318193.743, 97
Trd, 4318194.193, 98
Trd, 4318195.093, 96
Trd, 4318195.993, 106
Trd, 4318196.893, 113
Trd, 4318196.943, 96
Trd, 4318197.993, 105
Trd, 4318199.893, 95
Trd, 4318201.693, 93
Trd, 4318202.343, 94
Trd, 4318203.343, 94
Trd, 4318204.093, 95
Trd, 4318206.043, 95
Trd, 4318206.193, 92
Trd, 4318206.743, 100
Trd, 4318207.843, 104
Trd, 4318208.243, 113
Trd, 4318209.143, 101
Trd, 4318210.843, 96
Trd, 4318212.243, 93
Trd, 4318212.843, 95
Trd, 4318213.793, 96
Trd, 4318216.093, 94
Trd, 4318216.143, 95
Trd, 4318218.443, 108
Trd, 4318219.743, 101
Trd, 4318220.743, 95
Trd, 4318221.393, 95
Trd, 4318222.943, 98
Trd, 4318223.593, 96
Trd, 4318225.093, 97
Trd, 4318225.893, 95
Trd, 4318227.043, 94
Trd, 4318228.243, 93
Trd, 4318229.493, 90
Trd, 4318229.893, 91
Trd, 4318230.593, 99
Trd, 4318233.543, 88
Trd, 4318233.693, 91
Trd, 4318234.143, 96
Trd, 4318234.943, 94
Trd, 4318236.693, 98
Trd, 4318238.043, 95
Trd, 4318238.793, 97
Trd, 4318240.693, 97
Trd, 4318240.793, 113
Trd, 4318242.843, 93
Trd, 4318243.093, 94
Trd, 4318244.043, 103
Trd, 4318244.393, 98
Trd, 4318245.243, 95
Trd, 4318246.243, 96
Trd, 4318248.393, 94
Trd, 4318249.193, 102
Trd, 4318251.643, 95
Trd, 4318251.943, 95
Trd, 4318252.643, 96
Trd, 4318255.743, 93
Trd, 4318255.943, 95
Trd, 4318256.243, 93
Trd, 4318256.643, 95
Trd, 4318256.893, 104
Trd, 4318260.193, 100
Trd, 4318260.593, 95
Trd, 4318260.843, 93
Trd, 4318260.993, 102
Trd, 4318262.493, 101
Trd, 4318262.643, 104
Trd, 4318265.143, 103
Trd, 4318266.593, 95
Trd, 4318266.693, 94
Trd, 4318266.893, 100
Trd, 4318271.943, 98
Trd, 4318272.793, 95
Trd, 4318274.543, 96
Trd, 4318275.193, 95
Trd, 4318275.643, 96
Trd, 4318279.443, 95
Trd, 4318280.743, 94
Trd, 4318280.793, 95
Trd, 4318281.243, 97
Trd, 4318281.493, 93
Trd, 4318281.943, 104
Trd, 4318284.043, 101
Trd, 4318285.593, 92
Trd, 4318286.643, 93
Trd, 4318287.643, 95
Trd, 4318288.093, 104
Trd, 4318289.493, 101
Trd, 4318289.743, 101
Trd, 4318292.043, 100
Trd, 4318293.093, 99
Trd, 4318296.193, 100
Trd, 4318296.693, 98
Trd, 4318297.743, 94
Trd, 4318298.593, 94
Trd, 4318300.643, 96
Trd, 4318302.443, 95
Trd, 4318303.243, 98
Trd, 4318306.643, 98
Trd, 4318307.443, 100
Trd, 4318309.293, 97
Trd, 4318309.993, 97
Trd, 4318310.393, 96
Trd, 4318312.493, 97
Trd, 4318312.543, 97
Trd, 4318313.343, 94
Trd, 4318313.843, 98
Trd, 4318316.393, 96
Trd, 4318317.143, 101
Trd, 4318317.443, 95
Trd, 4318320.393, 93
Trd, 4318321.093, 96
Trd, 4318323.093, 96
Trd, 4318324.043, 95
Trd, 4318325.643, 91
Trd, 4318325.793, 94
Trd, 4318327.043, 93
Trd, 4318329.043, 92
Trd, 4318329.643, 92
Trd, 4318329.993, 92
Trd, 4318332.193, 92
Trd, 4318333.393, 93
Trd, 4318333.543, 92
Trd, 4318336.293, 89
Trd, 4318336.793, 89
Trd, 4318336.993, 92
Trd, 4318338.143, 96
Trd, 4318339.543, 109
Trd, 4318342.443, 100
Trd, 4318342.743, 101
Trd, 4318342.793, 97
Trd, 4318343.793, 105
Trd, 4318347.343, 97
Trd, 4318348.343, 96
Trd, 4318350.393, 92
Trd, 4318350.443, 93
Trd, 4318352.443, 100
Trd, 4318352.993, 95
Trd, 4318353.393, 104
Trd, 4318355.593, 89
Trd, 4318356.343, 88
Trd, 4318356.843, 89
Trd, 4318358.693, 90
Trd, 4318362.243, 92
Trd, 4318363.293, 92
Trd, 4318363.743, 91
Trd, 4318364.193, 96
Trd, 4318366.743, 93
Trd, 4318368.093, 94
Trd, 4318369.093, 91
Trd, 4318369.793, 95
Trd, 4318372.643, 93
Trd, 4318373.943, 93
Trd, 4318375.593, 92
Trd, 4318377.743, 91
Trd, 4318377.793, 92
Trd, 4318378.443, 93
Trd, 4318379.243, 98
Trd, 4318380.693, 92
Trd, 4318381.843, 94
Trd, 4318382.593, 92
Trd, 4318383.193, 92
Trd, 4318386.243, 93
Trd, 4318387.043, 100
Trd, 4318387.393, 93
Trd, 4318388.343, 104
Trd, 4318392.293, 98
Trd, 4318393.393, 99
Trd, 4318393.593, 95
Trd, 4318394.593, 104
Trd, 4318395.943, 99
Trd, 4318396.793, 96
Trd, 4318397.943, 95
Trd, 4318398.393, 94
Trd, 4318400.793, 93
Trd, 4318401.793, 95
Trd, 4318403.743, 92
Trd, 4318404.743, 95
Trd, 4318408.093, 96
Trd, 4318410.243, 97
Trd, 4318410.393, 97
Trd, 4318411.643, 94
Trd, 4318413.243, 93
Trd, 4318413.293, 95
Trd, 4318413.743, 96
Trd, 4318415.443, 90
Trd, 4318416.093, 90
Trd, 4318417.393, 87
Trd, 4318418.143, 92
Trd, 4318418.943, 88
Trd, 4318419.443, 90
Trd, 4318421.143, 89
Trd, 4318421.993, 99
Trd, 4318424.043, 92
Trd, 4318424.793, 94
Trd, 4318425.093, 98
Trd, 4318428.943, 95
Trd, 4318429.193, 95
Trd, 4318430.643, 85
Trd, 4318431.243, 86
Trd, 4318433.693, 90
Trd, 4318434.543, 91
Trd, 4318436.193, 94
Trd, 4318436.493, 88
Trd, 4318437.693, 93
Trd, 4318437.993, 88
Trd, 4318438.043, 96
Trd, 4318441.643, 91
Trd, 4318441.843, 92
Trd, 4318443.543, 91
Trd, 4318444.993, 86
Trd, 4318447.343, 88
Trd, 4318447.743, 89
Trd, 4318448.443, 86
Trd, 4318450.093, 85
Trd, 4318450.293, 88
Trd, 4318450.393, 100
Trd, 4318453.343, 86
Trd, 4318454.343, 86
Trd, 4318455.543, 87
Trd, 4318455.893, 94
Trd, 4318458.143, 98
Trd, 4318460.943, 92
Trd, 4318461.393, 92
Trd, 4318462.343, 91
Trd, 4318462.493, 90
Trd, 4318465.693, 91
Trd, 4318466.393, 90
Trd, 4318466.493, 93
Trd, 4318468.543, 89
Trd, 4318469.493, 92
Trd, 4318472.193, 99
Trd, 4318473.593, 95
Trd, 4318474.443, 92
Trd, 4318475.393, 89
Trd, 4318476.093, 96
Trd, 4318478.943, 89
Trd, 4318479.693, 92
Trd, 4318480.793, 90
Trd, 4318481.243, 90
Trd, 4318482.243, 89
Trd, 4318483.093, 98
Trd, 4318484.693, 92
Trd, 4318485.793, 101
Trd, 4318486.493, 96
Trd, 4318487.043, 104
Trd, 4318488.643, 97
Trd, 4318489.143, 100
Trd, 4318490.293, 96
Trd, 4318491.243, 104
Trd, 4318493.993, 95
Trd, 4318494.543, 94
Trd, 4318495.243, 96
Trd, 4318497.843, 93
Trd, 4318499.043, 94
Trd, 4318501.093, 94
Trd, 4318501.443, 95
Trd, 4318501.693, 93
Trd, 4318501.793, 105
Trd, 4318502.693, 100
Trd, 4318505.393, 95
Trd, 4318506.193, 95
Trd, 4318509.943, 94
Trd, 4318512.043, 96
Trd, 4318512.593, 96
Trd, 4318512.893, 96
Trd, 4318516.443, 96
Trd, 4318516.543, 96
Trd, 4318517.793, 95
Trd, 4318519.393, 96
Trd, 4318521.643, 95
Trd, 4318522.743, 96
Trd, 4318522.893, 96
Trd, 4318523.293, 93
Trd, 4318526.593, 95
Trd, 4318526.943, 95
Trd, 4318529.393, 94
Trd, 4318529.543, 95
Trd, 4318529.593, 96
Trd, 4318532.893, 95
Trd, 4318533.193, 95
Trd, 4318534.293, 110
Trd, 4318537.993, 103
Trd, 4318539.993, 102
Trd, 4318542.343, 86
Trd, 4318542.393, 95
Trd, 4318544.643, 94
Trd, 4318545.443, 101
Trd, 4318546.743, 103
Trd, 4318546.793, 93
Trd, 4318546.943, 104
Trd, 4318547.793, 97
Trd, 4318548.843, 103
Trd, 4318549.993, 97
Trd, 4318551.693, 101
Trd, 4318552.443, 95
Trd, 4318553.343, 100
Trd, 4318553.893, 94
Trd, 4318554.793, 104
Trd, 4318555.943, 105
Trd, 4318559.393, 96
Trd, 4318562.343, 100
Trd, 4318563.143, 101
Trd, 4318564.093, 99
Trd, 4318564.743, 101
Trd, 4318565.143, 99
Trd, 4318568.143, 101
Trd, 4318568.293, 101
Trd, 4318568.443, 98
Trd, 4318570.293, 97
Trd, 4318572.543, 101
Trd, 4318573.443, 99
Trd, 4318575.243, 98
Trd, 4318576.943, 96
Trd, 4318576.993, 97
Trd, 4318577.593, 95
Trd, 4318579.043, 98
Trd, 4318580.693, 94
Trd, 4318582.543, 95
Trd, 4318582.793, 97
Trd, 4318584.893, 97
Trd, 4318585.343, 98
Trd, 4318585.543, 95
Trd, 4318587.643, 94
Trd, 4318587.843, 97
Trd, 4318589.143, 103
Trd, 4318591.943, 97
Trd, 4318593.443, 97
Trd, 4318594.943, 97
Trd, 4318596.443, 93
Trd, 4318597.143, 95
Trd, 4318597.743, 97
Trd, 4318602.343, 95
Trd, 4318602.843, 95
Trd, 4318603.993, 95
Trd, 4318605.043, 97
Trd, 4318607.043, 94
Trd, 4318607.993, 96
Trd, 4318608.793, 94
Trd, 4318609.343, 95
Trd, 4318611.893, 94
Trd, 4318612.293, 98
Trd, 4318613.193, 106
Trd, 4318615.543, 102
Trd, 4318616.093, 95
Trd, 4318617.793, 97
Trd, 4318618.443, 105
Trd, 4318620.493, 93
Trd, 4318620.643, 95
Trd, 4318622.143, 94
Trd, 4318622.793, 93
Trd, 4318622.843, 95
Trd, 4318623.593, 92
Trd, 4318625.843, 94
Trd, 4318626.193, 93
Trd, 4318626.293, 106
Trd, 4318628.493, 104
Trd, 4318628.593, 107
Trd, 4318628.943, 104
Trd, 4318631.043, 102
Trd, 4318632.793, 95
Trd, 4318632.843, 96
Trd, 4318634.893, 96
Trd, 4318636.793, 94
Trd, 4318636.943, 93
Trd, 4318638.043, 93
Trd, 4318638.343, 95
Trd, 4318638.593, 96
Trd, 4318641.943, 94
Trd, 4318642.143, 96
Trd, 4318642.543, 96
Trd, 4318642.993, 97
Trd, 4318645.493, 95
Trd, 4318646.143, 87
Trd, 4318648.143, 113
Trd, 4318648.743, 99
Trd, 4318651.193, 99
Trd, 4318653.093, 98
Trd, 4318654.643, 97
Trd, 4318654.843, 100
Trd, 4318654.943, 100
Trd, 4318657.043, 96
Trd, 4318657.443, 94
Trd, 4318658.543, 94
Trd, 4318659.793, 95
Trd, 4318662.493, 94
Trd, 4318662.793, 95
Trd, 4318663.743, 93
Trd, 4318665.193, 94
Trd, 4318666.593, 106
Trd, 4318667.493, 89
Trd, 4318668.693, 93
Trd, 4318669.943, 96
Trd, 4318670.893, 92
Trd, 4318674.343, 91
Trd, 4318675.293, 93
Trd, 4318675.743, 88
Trd, 4318677.093, 88
Trd, 4318678.343, 89
Trd, 4318678.643, 107
Trd, 4318679.743, 95
Trd, 4318680.293, 103
Trd, 4318684.493, 86
Trd, 4318684.693, 87
Trd, 4318686.843, 88
Trd, 4318688.993, 92
Trd, 4318689.243, 88
Trd, 4318690.743, 95
Trd, 4318690.793, 104
Trd, 4318692.193, 96
Trd, 4318694.693, 88
Trd, 4318696.893, 92
Trd, 4318697.293, 87
Trd, 4318697.393, 88
Trd, 4318699.993, 88
Trd, 4318701.343, 89
Trd, 4318702.493, 86
Trd, 4318702.793, 98
Trd, 4318702.943, 104
Trd, 4318704.843, 85
Trd, 4318705.743, 87
Trd, 4318708.543, 83
Trd, 4318708.943, 84
Trd, 4318709.293, 95
Trd, 4318709.693, 104
Trd, 4318710.943, 95
Trd, 4318712.843, 103
Trd, 4318712.893, 104
Trd, 4318713.943, 96
Trd, 4318714.043, 101
Trd, 4318715.643, 113
Trd, 4318719.693, 95
Trd, 4318722.143, 96
Trd, 4318722.193, 95
Trd, 4318722.793, 95
Trd, 4318723.043, 96
Trd, 4318723.643, 96
Trd, 4318726.693, 87
Trd, 4318727.293, 97
Trd, 4318728.543, 90
Trd, 4318729.493, 105
Trd, 4318730.593, 94
Trd, 4318732.443, 95
Trd, 4318735.293, 93
Trd, 4318735.643, 94
Trd, 4318736.843, 95
Trd, 4318737.143, 92
Trd, 4318738.443, 103
Trd, 4318740.043, 98
Trd, 4318742.293, 95
Trd, 4318742.443, 95
Trd, 4318742.943, 97
Trd, 4318743.493, 105
Trd, 4318744.793, 94
Trd, 4318746.143, 101
Trd, 4318748.093, 97
Trd, 4318748.843, 98
Trd, 4318750.343, 96
Trd, 4318750.493, 99
Trd, 4318755.493, 99
Trd, 4318756.443, 97
Trd, 4318756.543, 96
Trd, 4318756.893, 98
Trd, 4318757.243, 105
Trd, 4318758.793, 93
Trd, 4318760.093, 94
Trd, 4318760.743, 95
Trd, 4318761.193, 97
Trd, 4318761.643, 96
Trd, 4318762.343, 88
Trd, 4318762.493, 93
Trd, 4318763.743, 91
Trd, 4318767.043, 93
Trd, 4318767.593, 103
Trd, 4318768.893, 97
Trd, 4318770.893, 94
Trd, 4318771.493, 97
Trd, 4318773.143, 96
Trd, 4318775.293, 95
Trd, 4318775.993, 105
Trd, 4318776.593, 99
Trd, 4318777.593, 98
Trd, 4318777.693, 99
Trd, 4318779.593, 111
Trd, 4318780.343, 95
Trd, 4318780.493, 102
Trd, 4318782.643, 95
Trd, 4318783.643, 100
Trd, 4318784.093, 112
Trd, 4318784.243, 96
Trd, 4318784.393, 101
Trd, 4318786.593, 93
Trd, 4318787.593, 95
Trd, 4318790.943, 96
Trd, 4318791.143, 98
Trd, 4318791.843, 100
Trd, 4318792.643, 99
Trd, 4318795.843, 94
Trd, 4318797.543, 92
Trd, 4318798.543, 94
Trd, 4318798.993, 93
Trd, 4318799.593, 95
Trd, 4318801.743, 92
Trd, 4318802.043, 94
Trd, 4318804.243, 91
Trd, 4318804.643, 93
Trd, 4318805.293, 93
Trd, 4318808.493, 93
Trd, 4318808.793, 99
Trd, 4318810.193, 95
Trd, 4318811.193, 96
Trd, 4318811.943, 95
Trd, 4318812.543, 90
Trd, 4318812.793, 98
Trd, 4318814.393, 113
Trd, 4318816.743, 100
Trd, 4318817.443, 99
Trd, 4318818.293, 111
Trd, 4318820.393, 102
Trd, 4318822.643, 97
Trd, 4318822.943, 97
Trd, 4318823.743, 94
Trd, 4318825.343, 87
Trd, 4318826.643, 88
Trd, 4318827.643, 95
Trd, 4318827.743, 92
Trd, 4318830.843, 89
Trd, 4318831.443, 89
Trd, 4318832.743, 95
Trd, 4318834.793, 90
Trd, 4318834.893, 86
Trd, 4318836.593, 85
Trd, 4318836.643, 86
Trd, 4318837.493, 87
Trd, 4318839.393, 87
Trd, 4318839.793, 95
Trd, 4318840.093, 92
Trd, 4318841.593, 99
Trd, 4318842.993, 95
Trd, 4318843.143, 96
Trd, 4318846.493, 90
Trd, 4318847.293, 94
Trd, 4318848.443, 95
Trd, 4318849.293, 95
Trd, 4318849.643, 109
Trd, 4318850.843, 102
Trd, 4318852.143, 108
Trd, 4318854.893, 101
Trd, 4318856.193, 100
Trd, 4318856.443, 95
Trd, 4318857.493, 98
Trd, 4318858.193, 100
Trd, 4318860.693, 100
Trd, 4318861.793, 96
Trd, 4318864.393, 99
Trd, 4318865.293, 97
Trd, 4318865.743, 98
Trd, 4318866.493, 96
Trd, 4318866.843, 95
Trd, 4318868.843, 97
Trd, 4318869.693, 98
Trd, 4318869.893, 95
Trd, 4318871.843, 98
Trd, 4318872.843, 95
Trd, 4318874.043, 96
Trd, 4318875.193, 94
Trd, 4318877.193, 95
Trd, 4318878.393, 97
Trd, 4318878.493, 104
Trd, 4318879.793, 110
Trd, 4318881.943, 99
Trd, 4318882.843, 98
Trd, 4318882.993, 95
Trd, 4318884.093, 95
Trd, 4318886.393, 95
Trd, 4318886.993, 92
Trd, 4318888.743, 84
Trd, 4318889.043, 85
Trd, 4318889.993, 97
Trd, 4318890.893, 104
Trd, 4318893.243, 94
Trd, 4318893.793, 95
Trd, 4318894.643, 94
Trd, 4318894.943, 95
Trd, 4318895.943, 94
Trd, 4318896.993, 99
Trd, 4318899.593, 93
Trd, 4318900.743, 95
Trd, 4318900.943, 95
Trd, 4318901.093, 104
Trd, 4318902.343, 105
Trd, 4318902.893, 103
Trd, 4318904.643, 99
Trd, 4318905.243, 97
Trd, 4318906.543, 96
Trd, 4318907.493, 97
Trd, 4318907.643, 98
Trd, 4318908.243, 104
Trd, 4318910.843, 94
Trd, 4318910.993, 101
Trd, 4318914.393, 98
Trd, 4318914.693, 97
Trd, 4318915.743, 94
Trd, 4318916.493, 95
Trd, 4318917.493, 93
Trd, 4318918.793, 104
Trd, 4318921.143, 96
Trd, 4318921.493, 97
Trd, 4318923.843, 95
Trd, 4318926.743, 95
Trd, 4318928.593, 94
Trd, 4318928.893, 94
Trd, 4318930.793, 95
Trd, 4318932.743, 95
Trd, 4318933.643, 93
Trd, 4318934.743, 94
Trd, 4318935.443, 92
Trd, 4318935.793, 105
Trd, 4318936.543, 91
Trd, 4318937.393, 98
Trd, 4318939.393, 98
Trd, 4318941.343, 95
Trd, 4318941.593, 95
Trd, 4318944.293, 105
Trd, 4318945.143, 109
Trd, 4318947.593, 103
Trd, 4318947.943, 99
Trd, 4318949.093, 103
Trd, 4318949.343, 111
Trd, 4318951.743, 107
Trd, 4318952.943, 101
Trd, 4318954.543, 100
Trd, 4318955.243, 98
Trd, 4318955.993, 95
Trd, 4318957.343, 98
Trd, 4318958.493, 102
Trd, 4318960.793, 99
Trd, 4318962.093, 97
Trd, 4318962.793, 96
Trd, 4318964.043, 93
Trd, 4318965.293, 97
Trd, 4318965.593, 99
Trd, 4318967.293, 93
Trd, 4318968.643, 92
Trd, 4318969.093, 102
Trd, 4318969.793, 88
Trd, 4318970.443, 88
Trd, 4318972.393, 105
Trd, 4318973.093, 92
Trd, 4318975.693, 95
Trd, 4318975.993, 92
Trd, 4318976.193, 93
Trd, 4318977.443, 93
Trd, 4318979.493, 96
Trd, 4318980.643, 94
Trd, 4318980.893, 95
Trd, 4318980.993, 93
Trd, 4318981.693, 104
Trd, 4318983.243, 92
Trd, 4318983.443, 88
Trd, 4318985.143, 87
Trd, 4318985.243, 88
Trd, 4318987.793, 87
Trd, 4318988.393, 87
Trd, 4318989.043, 96
Trd, 4318990.243, 88
Trd, 4318991.343, 89
Trd, 4318992.393, 92
Trd, 4318993.943, 98
Trd, 4318995.843, 93
Trd, 4318998.743, 89
Trd, 4318999.493, 91
Trd, 4318999.543, 104
Trd, 4319000.943, 113
Trd, 4319003.293, 105
Trd, 4319005.143, 101
Trd, 4319005.843, 98
Trd, 4319007.093, 101
Trd, 4319007.593, 96
Trd, 4319008.193, 101
Trd, 4319008.943, 86
Trd, 4319010.193, 98
Trd, 4319012.543, 93
Trd, 4319014.343, 96
Trd, 4319014.443, 95
Trd, 4319014.743, 102
Trd, 4319015.293, 113
Trd, 4319018.193, 98
Trd, 4319018.993, 101
Trd, 4319020.043, 97
Trd, 4319021.443, 95
Trd, 4319021.743, 99
Trd, 4319024.143, 90
Trd, 4319025.043, 97
Trd, 4319025.443, 94
Trd, 4319026.443, 95
Trd, 4319028.393, 104
Trd, 4319029.593, 94
Trd, 4319030.493, 93
Trd, 4319031.543, 91
Trd, 4319031.993, 92
Trd, 4319034.593, 93
Trd, 4319035.543, 94
Trd, 4319037.943, 93
Trd, 4319038.693, 95
Trd, 4319039.243, 92
Trd, 4319040.393, 95
Trd, 4319042.693, 95
Trd, 4319043.843, 92
Trd, 4319044.243, 94
Trd, 4319044.843, 94
Trd, 4319048.143, 106
Trd, 4319049.443, 113
Trd, 4319049.593, 101
Trd, 4319050.693, 102
Trd, 4319050.943, 94
Trd, 4319053.293, 100
Trd, 4319053.793, 86
Trd, 4319054.993, 95
Trd, 4319055.793, 96
Trd, 4319056.693, 112
Trd, 4319057.293, 97
Trd, 4319057.943, 111
Trd, 4319060.193, 100
Trd, 4319060.343, 93
Trd, 4319061.143, 100
Trd, 4319061.843, 98
Trd, 4319062.243, 98
Trd, 4319064.493, 98
Trd, 4319064.743, 106
Trd, 4319067.093, 97
Trd, 4319067.593, 118
Trd, 4319068.293, 100
Trd, 4319068.793, 96
Trd, 4319073.093, 99
Trd, 4319073.493, 98
Trd, 4319074.743, 97
Trd, 4319075.893, 96
Trd, 4319075.943, 96
Trd, 4319078.093, 95
Trd, 4319080.443, 97
Trd, 4319080.543, 94
Trd, 4319081.343, 98
Trd, 4319083.093, 97
Trd, 4319084.693, 102
Trd, 4319085.243, 96
Trd, 4319087.793, 100
Trd, 4319089.043, 101
Trd, 4319089.793, 98
Trd, 4319092.843, 94
Trd, 4319093.743, 96
Trd, 4319094.643, 95
Trd, 4319094.793, 98
Trd, 4319095.893, 94
Trd, 4319096.143, 94
Trd, 4319099.043, 93
Trd, 4319100.543, 94
Trd, 4319100.643, 95
Trd, 4319101.393, 95
Trd, 4319104.393, 95
Trd, 4319105.943, 96
Trd, 4319107.293, 94
Trd, 4319107.443, 95
Trd, 4319108.493, 93
Trd, 4319109.543, 95
Trd, 4319112.893, 95
Trd, 4319113.643, 97
Trd, 4319114.093, 93
Trd, 4319117.643, 95
Trd, 4319117.843, 95
Trd, 4319118.393, 103
Trd, 4319120.793, 92
Trd, 4319121.143, 97
Trd, 4319124.243, 95
Trd, 4319124.443, 94
Trd, 4319125.643, 93
Trd, 4319125.843, 94
Trd, 4319127.193, 98
Trd, 4319128.243, 95
Trd, 4319128.743, 104
Trd, 4319130.093, 94
Trd, 4319132.143, 98
Trd, 4319133.743, 96
Trd, 4319136.143, 96
Trd, 4319137.393, 94
Trd, 4319138.743, 95
Trd, 4319141.693, 96
Trd, 4319142.093, 95
Trd, 4319143.243, 95
Trd, 4319144.593, 94
Trd, 4319145.793, 94
Trd, 4319145.943, 95
Trd, 4319146.193, 104
Trd, 4319149.843, 99
Trd, 4319150.093, 93
Trd, 4319150.293, 101
Trd, 4319153.143, 100
Trd, 4319154.543, 98
Trd, 4319154.843, 106
Trd, 4319157.693, 101
Trd, 4319157.993, 101
Trd, 4319159.993, 97
Trd, 4319160.193, 99
Trd, 4319160.893, 97
Trd, 4319161.193, 106
Trd, 4319162.043, 99
Trd, 4319163.443, 101
Trd, 4319163.993, 99
Trd, 4319168.143, 103
Trd, 4319168.543, 99
Trd, 4319168.993, 98
Trd, 4319169.593, 102
Trd, 4319172.043, 86
Trd, 4319172.643, 94
Trd, 4319173.243, 104
Trd, 4319173.543, 106
Trd, 4319174.893, 100
Trd, 4319175.993, 96
Trd, 4319176.093, 100
Trd, 4319176.443, 95
Trd, 4319178.193, 107
Trd, 4319180.743, 100
Trd, 4319181.493, 97
Trd, 4319182.193, 100
Trd, 4319182.293, 101
Trd, 4319183.743, 100
Trd, 4319185.243, 101
Trd, 4319185.543, 98
Trd, 4319186.943, 100
Trd, 4319188.793, 96
Trd, 4319190.893, 97
Trd, 4319191.393, 95
Trd, 4319191.743, 96
Trd, 4319194.043, 94
Trd, 4319195.243, 96
Trd, 4319196.343, 96
Trd, 4319198.943, 94
Trd, 4319199.293, 94
Trd, 4319200.743, 93
Trd, 4319201.593, 94
Trd, 4319201.893, 96
Trd, 4319202.143, 104
Trd, 4319205.343, 97
Trd, 4319206.243, 94
Trd, 4319207.243, 94
Trd, 4319208.493, 94
Trd, 4319208.543, 93
Trd, 4319208.943, 93
Trd, 4319210.443, 93
Trd, 4319212.243, 95
Trd, 4319212.793, 95
Trd, 4319214.793, 95
Trd, 4319215.193, 106
Trd, 4319217.743, 98
Trd, 4319218.893, 95
Trd, 4319220.243, 92
Trd, 4319220.793, 92
Trd, 4319222.093, 92
Trd, 4319223.093, 95
Trd, 4319223.493, 91
Trd, 4319227.493, 94
Trd, 4319228.493, 94
Trd, 4319229.243, 92
Trd, 4319229.443, 87
Trd, 4319230.193, 101
Trd, 4319232.143, 96
Trd, 4319233.343, 94
Trd, 4319233.543, 97
Trd, 4319234.993, 94
Trd, 4319239.543, 91
Trd, 4319240.293, 95
Trd, 4319240.593, 92
Trd, 4319241.193, 94
Trd, 4319242.043, 92
Trd, 4319242.543, 94
Trd, 4319243.893, 93
Trd, 4319244.893, 93
Trd, 4319245.393, 95
Trd, 4319246.393, 92
Trd, 4319247.093, 92
Trd, 4319247.393, 93
Trd, 4319247.443, 105
Trd, 4319250.743, 95
Trd, 4319250.843, 91
Trd, 4319251.793, 98
Trd, 4319252.943, 106
Trd, 4319253.593, 90
Trd, 4319255.343, 99
Trd, 4319256.243, 99
Trd, 4319257.993, 99
Trd, 4319260.843, 95
Trd, 4319263.493, 98
Trd, 4319264.743, 94
Trd, 4319266.793, 95
Trd, 4319267.143, 97
Trd, 4319268.593, 97
Trd, 4319269.493, 105
Trd, 4319271.243, 96
Trd, 4319272.043, 99
Trd, 4319272.943, 98
Trd, 4319274.943, 98
Trd, 4319275.593, 95
Trd, 4319278.843, 92
Trd, 4319279.393, 98
Trd, 4319279.543, 96
Trd, 4319281.193, 93
Trd, 4319282.193, 94
Trd, 4319284.343, 94
Trd, 4319286.343, 95
Trd, 4319287.643, 95
Trd, 4319288.193, 97
Trd, 4319288.743, 95
Trd, 4319289.893, 111
Trd, 4319290.343, 93
Trd, 4319291.343, 98
Trd, 4319291.993, 97
Trd, 4319294.343, 91
Trd, 4319296.493, 95
Trd, 4319296.743, 96
Trd, 4319299.093, 94
Trd, 4319301.393, 95
Trd, 4319301.743, 95
Trd, 4319302.143, 98
Trd, 4319304.593, 93
Trd, 4319305.843, 95
Trd, 4319306.993, 95
Trd, 4319307.093, 96
Trd, 4319310.293, 94
Trd, 4319310.393, 95
Trd, 4319311.743, 96
Trd, 4319313.543, 94
Trd, 4319314.843, 96
Trd, 4319314.943, 93
Trd, 4319317.093, 95
Trd, 4319318.443, 94
Trd, 4319319.343, 94
Trd, 4319322.093, 92
Trd, 4319322.243, 95
Trd, 4319324.743, 95
Trd, 4319324.793, 104
Trd, 4319326.243, 105
Trd, 4319327.293, 101
Trd, 4319327.443, 94
Trd, 4319328.843, 95
Trd, 4319328.943, 102
Trd, 4319329.743, 95
Trd, 4319331.893, 97
Trd, 4319333.593, 94
Trd, 4319334.993, 94
Trd, 4319335.643, 94
Trd, 4319336.643, 93
Trd, 4319338.943, 107
Trd, 4319339.293, 96
Trd, 4319340.693, 94
Trd, 4319341.943, 93
Trd, 4319342.843, 92
Trd, 4319343.093, 93
Trd, 4319344.343, 95
Trd, 4319345.893, 94
Trd, 4319347.093, 95
Trd, 4319348.993, 93
Trd, 4319349.043, 101
Trd, 4319355.143, 95
Trd, 4319355.393, 94
Trd, 4319355.843, 93
Trd, 4319357.543, 93
Trd, 4319357.743, 95
Trd, 4319358.743, 94
Trd, 4319359.443, 107
Trd, 4319361.143, 95
Trd, 4319363.793, 95
Trd, 4319365.593, 94
Trd, 4319366.693, 95
Trd, 4319367.293, 95
Trd, 4319367.693, 94
Trd, 4319368.643, 95
Trd, 4319370.193, 94
Trd, 4319370.843, 95
Trd, 4319371.193, 93
Trd, 4319371.943, 108
Trd, 4319375.093, 98
Trd, 4319375.643, 92
Trd, 4319376.243, 95
Trd, 4319378.343, 95
Trd, 4319379.093, 96
Trd, 4319379.943, 97
Trd, 4319380.043, 92
Trd, 4319383.193, 96
Trd, 4319383.943, 96
Trd, 4319385.943, 88
Trd, 4319386.243, 97
Trd, 4319387.193, 106
Trd, 4319387.693, 103
Trd, 4319388.743, 97
Trd, 4319390.543, 96
Trd, 4319390.693, 100
Trd, 4319393.193, 96
Trd, 4319393.743, 97
Trd, 4319393.893, 99
Trd, 4319394.293, 93
Trd, 4319395.643, 98
Trd, 4319396.693, 108
Trd, 4319397.943, 107
Trd, 4319398.543, 104
Trd, 4319399.743, 103
Trd, 4319400.793, 108
Trd, 4319402.043, 102
Trd, 4319402.993, 102
Trd, 4319405.243, 98
Trd, 4319405.593, 98
Trd, 4319406.193, 99
Trd, 4319406.293, 103
Trd, 4319410.293, 97
Trd, 4319410.743, 95
Trd, 4319411.393, 94
Trd, 4319412.943, 94
Trd, 4319413.743, 96
Trd, 4319414.743, 102
Trd, 4319418.093, 99
Trd, 4319418.543, 97
Trd, 4319419.693, 95
Trd, 4319420.093, 97
Trd, 4319420.293, 108
Trd, 4319423.043, 96
Trd, 4319424.593, 95
Trd, 4319425.243, 96
Trd, 4319425.993, 96
Trd, 4319427.293, 93
Trd, 4319430.293, 94
Trd, 4319431.843, 93
Trd, 4319432.443, 92
Trd, 4319432.893, 95
Trd, 4319436.643, 94
Trd, 4319437.693, 93
Trd, 4319438.143, 86
Trd, 4319439.443, 105
Trd, 4319439.693, 97
Trd, 4319440.343, 98
Trd, 4319441.993, 95
Trd, 4319443.293, 99
Trd, 4319443.843, 97
Trd, 4319445.193, 96
Trd, 4319445.693, 95
Trd, 4319445.743, 115
Trd, 4319446.793, 97
Trd, 4319449.693, 95
Trd, 4319450.543, 94
Trd, 4319450.793, 92
Trd, 4319451.093, 91
Trd, 4319451.643, 92
Trd, 4319452.993, 95
Trd, 4319453.793, 92
Trd, 4319456.843, 100
Trd, 4319458.043, 95
Trd, 4319459.043, 95
Trd, 4319459.443, 91
Trd, 4319461.643, 101
Trd, 4319462.693, 98
Trd, 4319464.193, 95
Trd, 4319464.793, 96
Trd, 4319465.343, 93
Trd, 4319466.143, 93
Trd, 4319467.293, 91
Trd, 4319467.593, 91
Trd, 4319469.793, 107
Trd, 4319470.443, 109
Trd, 4319472.043, 107
Trd, 4319472.193, 93
Trd, 4319473.393, 98
Trd, 4319477.493, 101
Trd, 4319477.793, 102
Trd, 4319479.393, 100
Trd, 4319480.843, 94
Trd, 4319481.293, 97
Trd, 4319482.593, 87
Trd, 4319483.343, 94
Trd, 4319484.993, 91
Trd, 4319485.743, 95
Trd, 4319487.193, 104
Trd, 4319488.793, 110
Trd, 4319489.143, 106
Trd, 4319490.693, 101
Trd, 4319490.943, 104
Trd, 4319494.443, 102
Trd, 4319495.643, 100
Trd, 4319495.843, 99
Trd, 4319495.943, 101
Trd, 4319498.093, 95
Trd, 4319498.493, 97
Trd, 4319499.393, 100
Trd, 4319499.943, 95
Trd, 4319500.743, 96
Trd, 4319503.493, 104
Trd, 4319506.243, 97
Trd, 4319506.493, 98
Trd, 4319509.143, 98
Trd, 4319509.443, 98
Trd, 4319510.193, 96
Trd, 4319510.693, 105
Trd, 4319511.793, 94
Trd, 4319513.543, 96
Trd, 4319514.593, 95
Trd, 4319515.443, 95
Trd, 4319516.443, 95
Trd, 4319518.093, 94
Trd, 4319518.693, 94
Trd, 4319518.943, 95
Trd, 4319520.193, 95
Trd, 4319522.443, 96
Trd, 4319525.843, 94
Trd, 4319526.643, 95
Trd, 4319527.243, 94
Trd, 4319527.643, 93
Trd, 4319528.993, 93
Trd, 4319529.543, 95
Trd, 4319529.943, 92
Trd, 4319531.343, 103
Trd, 4319533.443, 96
Trd, 4319535.243, 95
Trd, 4319536.093, 96
Trd, 4319537.993, 95
Trd, 4319540.043, 96
Trd, 4319540.593, 102
Trd, 4319541.043, 93
Trd, 4319544.193, 99
Trd, 4319544.693, 97
Trd, 4319545.793, 99
Trd, 4319548.593, 94
Trd, 4319550.293, 94
Trd, 4319550.393, 94
Trd, 4319550.993, 95
Trd, 4319552.243, 97
Trd, 4319552.793, 104
Trd, 4319553.693, 98
Trd, 4319555.843, 93
Trd, 4319557.493, 97
Trd, 4319557.943, 95
Trd, 4319559.293, 93
Trd, 4319560.293, 92
Trd, 4319560.943, 92
Trd, 4319561.593, 94
Trd, 4319562.643, 93
Trd, 4319563.693, 95
Trd, 4319565.093, 104
Trd, 4319565.943, 113
Trd, 4319566.893, 103
Trd, 4319568.343, 103
Trd, 4319568.643, 102
Trd, 4319569.293, 102
Trd, 4319571.543, 102
Trd, 4319572.393, 102
Trd, 4319572.443, 104
Trd, 4319576.643, 101
Trd, 4319576.793, 86
Trd, 4319577.543, 104
Trd, 4319579.593, 100
Trd, 4319580.243, 98
Trd, 4319580.743, 97
Trd, 4319581.743, 104
Trd, 4319582.993, 112
Trd, 4319583.943, 95
Trd, 4319585.293, 95
Trd, 4319585.893, 90
Trd, 4319587.843, 96
Trd, 4319589.043, 94
Trd, 4319589.693, 92
Trd, 4319590.043, 93
Trd, 4319591.693, 93
Trd, 4319592.993, 93
Trd, 4319594.643, 92
Trd, 4319596.893, 93
Trd, 4319597.393, 94
Trd, 4319598.093, 88
Trd, 4319598.393, 98
Trd, 4319601.093, 91
Trd, 4319602.293, 93
Trd, 4319603.193, 92
Trd, 4319604.443, 91
Trd, 4319604.693, 93
Trd, 4319605.993, 91
Trd, 4319606.493, 93
Trd, 4319608.543, 87
Trd, 4319609.343, 101
Trd, 4319609.693, 104
Trd, 4319609.893, 114
Trd, 4319612.893, 95
Trd, 4319615.593, 92
Trd, 4319616.043, 91
Trd, 4319616.643, 92
Trd, 4319618.243, 91
Trd, 4319619.793, 91
Trd, 4319620.993, 87
Trd, 4319622.043, 104
Trd, 4319624.993, 88
Trd, 4319626.043, 91
Trd, 4319627.693, 92
Trd, 4319627.793, 89
Trd, 4319628.193, 95
Trd, 4319630.043, 97
Trd, 4319631.743, 95
Trd, 4319633.293, 102
Trd, 4319633.493, 104
Trd, 4319634.993, 94
Trd, 4319636.093, 105
Trd, 4319637.343, 102
Trd, 4319637.943, 103
Trd, 4319638.793, 98
Trd, 4319641.043, 96
Trd, 4319642.993, 90
Trd, 4319643.593, 95
Trd, 4319643.693, 95
Trd, 4319645.443, 95
Trd, 4319646.593, 94
Trd, 4319646.893, 95
Trd, 4319647.843, 97
Trd, 4319651.243, 94
Trd, 4319653.343, 94
Trd, 4319654.593, 93
Trd, 4319654.943, 92
Trd, 4319655.593, 92
Trd, 4319655.993, 105
Trd, 4319657.993, 95
Trd, 4319659.243, 95
Trd, 4319659.643, 95
Trd, 4319663.593, 94
Trd, 4319664.093, 95
Trd, 4319664.693, 96
Trd, 4319665.643, 101
Trd, 4319666.493, 100
Trd, 4319668.643, 93
Trd, 4319669.743, 92
Trd, 4319670.993, 105
Trd, 4319673.843, 95
Trd, 4319674.943, 97
Trd, 4319674.993, 97
Trd, 4319676.043, 106
Trd, 4319678.193, 94
Trd, 4319681.643, 95
Trd, 4319682.743, 94
Trd, 4319684.043, 89
Trd, 4319684.193, 95
Trd, 4319685.143, 95
Trd, 4319685.893, 104
Trd, 4319687.493, 98
Trd, 4319687.943, 87
Trd, 4319689.443, 90
Trd, 4319690.743, 94
Trd, 4319692.443, 92
Trd, 4319692.893, 102
Trd, 4319694.743, 97
Trd, 4319695.693, 97
Trd, 4319697.843, 93
Trd, 4319698.093, 94
Trd, 4319698.943, 96
Trd, 4319701.643, 93
Trd, 4319702.643, 92
Trd, 4319702.943, 93
Trd, 4319703.643, 92
Trd, 4319704.743, 90
Trd, 4319705.493, 89
Trd, 4319707.693, 88
Trd, 4319708.393, 87
Trd, 4319709.643, 86
Trd, 4319709.793, 88
Trd, 4319710.993, 87
Trd, 4319712.993, 94
Trd, 4319713.793, 98
Trd, 4319714.143, 105
Trd, 4319715.343, 98
Trd, 4319717.743, 93
Trd, 4319720.643, 95
Trd, 4319721.843, 97
Trd, 4319723.243, 96
Trd, 4319725.893, 93
Trd, 4319726.093, 95
Trd, 4319727.943, 95
Trd, 4319728.543, 93
Trd, 4319729.443, 95
Trd, 4319730.243, 104
Trd, 4319733.543, 96
Trd, 4319733.843, 97
Trd, 4319734.493, 97
Trd, 4319735.343, 95
Trd, 4319737.293, 94
Trd, 4319737.593, 93
Trd, 4319739.243, 95
Trd, 4319739.843, 99
Trd, 4319740.143, 92
Trd, 4319740.393, 105
Trd, 4319743.243, 95
Trd, 4319743.943, 99
Trd, 4319746.243, 96
Trd, 4319748.293, 95
Trd, 4319748.493, 94
Trd, 4319749.693, 93
Trd, 4319752.243, 94
Trd, 4319752.743, 98
Trd, 4319753.743, 96
Trd, 4319754.993, 93
Trd, 4319756.243, 96
Trd, 4319757.443, 91
Trd, 4319760.393, 92
Trd, 4319761.143, 92
Trd, 4319761.393, 92
Trd, 4319761.543, 95
Trd, 4319764.693, 93
Trd, 4319764.793, 105
Trd, 4319766.843, 98
Trd, 4319767.893, 96
Trd, 4319770.843, 95
Trd, 4319771.043, 95
Trd, 4319772.043, 94
Trd, 4319773.293, 94
Trd, 4319773.843, 94
Trd, 4319774.443, 106
Trd, 4319775.043, 100
Trd, 4319775.343, 100
Trd, 4319777.143, 93
Trd, 4319778.693, 98
Trd, 4319779.843, 97
Trd, 4319781.993, 96
Trd, 4319782.093, 98
Trd, 4319783.643, 106
Trd, 4319783.943, 95
Trd, 4319786.343, 94
Trd, 4319786.643, 98
Trd, 4319787.493, 96
Trd, 4319788.593, 94
Trd, 4319789.143, 93
Trd, 4319790.943, 90
Trd, 4319791.493, 90
Trd, 4319792.593, 85
Trd, 4319793.593, 96
Trd, 4319795.393, 86
Trd, 4319796.443, 90
Trd, 4319797.493, 104
Trd, 4319798.593, 106
Trd, 4319800.343, 95
Trd, 4319801.493, 96
Trd, 4319802.743, 96
Trd, 4319805.093, 96
Trd, 4319806.643, 95
Trd, 4319807.393, 94
Trd, 4319808.443, 96
Trd, 4319810.043, 94
Trd, 4319810.593, 96
Trd, 4319810.993, 97
Trd, 4319812.843, 93
Trd, 4319814.843, 93
Trd, 4319815.543, 95
Trd, 4319819.643, 94
Trd, 4319819.943, 93
Trd, 4319820.143, 94
Trd, 4319820.793, 93
Trd, 4319822.043, 93
Trd, 4319825.393, 92
Trd, 4319826.443, 94
Trd, 4319827.143, 94
Trd, 4319827.993, 97
Trd, 4319828.243, 95
Trd, 4319829.943, 95
Trd, 4319830.293, 92
Trd, 4319834.493, 92
Trd, 4319834.693, 92
Trd, 4319835.693, 94
Trd, 4319836.143, 102
Trd, 4319836.393, 91
Trd, 4319839.443, 96
Trd, 4319842.093, 98
Trd, 4319843.093, 95
Trd, 4319843.843, 107
Trd, 4319844.893, 94
Trd, 4319845.343, 96
Trd, 4319846.143, 98
Trd, 4319846.843, 99
Trd, 4319851.293, 98
Trd, 4319852.143, 99
Trd, 4319852.693, 94
Trd, 4319854.393, 94
Trd, 4319854.693, 93
Trd, 4319854.843, 100
Trd, 4319856.043, 96
Trd, 4319856.543, 87
Trd, 4319860.543, 86
Trd, 4319860.693, 89
Trd, 4319860.943, 88
Trd, 4319861.443, 92
Trd, 4319862.943, 98
Trd, 4319863.443, 104
Trd, 4319865.043, 114
Trd, 4319867.093, 95
Trd, 4319867.893, 95
Trd, 4319868.693, 96
Trd, 4319869.343, 96
Trd, 4319870.093, 94
Trd, 4319871.643, 96
Trd, 4319872.193, 103
Trd, 4319872.243, 104
Trd, 4319875.243, 97
Trd, 4319876.493, 96
Trd, 4319878.193, 97
Trd, 4319878.843, 98
Trd, 4319880.993, 98
Trd, 4319881.693, 95
Trd, 4319883.093, 86
Trd, 4319883.493, 84
Trd, 4319883.593, 85
Trd, 4319885.143, 86
Trd, 4319885.543, 99
Trd, 4319886.293, 105
Trd, 4319890.493, 91
Trd, 4319891.093, 90
Trd, 4319891.243, 91
Trd, 4319893.093, 89
Trd, 4319893.143, 92
Trd, 4319894.643, 93
Trd, 4319894.793, 103
Trd, 4319896.393, 95
Trd, 4319896.443, 96
Trd, 4319897.093, 113
Trd, 4319898.543, 103
Trd, 4319899.793, 103
Trd, 4319901.443, 103
Trd, 4319902.293, 105
Trd, 4319904.443, 102
Trd, 4319905.143, 101
Trd, 4319907.843, 99
Trd, 4319908.543, 99
Trd, 4319908.793, 99
Trd, 4319909.143, 100
Trd, 4319910.743, 105
Trd, 4319911.393, 107
Trd, 4319914.793, 100
Trd, 4319915.343, 98
Trd, 4319917.643, 97
Trd, 4319918.843, 98
Trd, 4319919.343, 96
Trd, 4319919.543, 97
Trd, 4319921.293, 95
Trd, 4319921.943, 95
Trd, 4319925.143, 95
Trd, 4319926.043, 94
Trd, 4319926.943, 94
Trd, 4319928.443, 104
Trd, 4319928.693, 122
Trd, 4319929.593, 95
Trd, 4319929.693, 99
Trd, 4319933.693, 99
Trd, 4319934.243, 97
Trd, 4319934.593, 96
Trd, 4319936.643, 99
Trd, 4319937.793, 95
Trd, 4319938.643, 97
Trd, 4319940.343, 95
Trd, 4319940.643, 100
Trd, 4319942.593, 97
Trd, 4319943.793, 98
Trd, 4319944.393, 96
Trd, 4319947.143, 95
Trd, 4319947.843, 93
Trd, 4319948.543, 93
Trd, 4319949.843, 91
Trd, 4319949.943, 93
Trd, 4319951.193, 92
Trd, 4319951.993, 107
Trd, 4319952.743, 89
Trd, 4319952.943, 113
Trd, 4319955.843, 90
Trd, 4319956.843, 90
Trd, 4319959.093, 88
Trd, 4319959.493, 111
Trd, 4319959.843, 96
Trd, 4319961.193, 94
Trd, 4319961.793, 93
Trd, 4319963.493, 95
Trd, 4319964.493, 93
Trd, 4319964.643, 111
Trd, 4319966.593, 97
Trd, 4319968.543, 100
Trd, 4319969.243, 96
Trd, 4319970.393, 105
Trd, 4319971.043, 111
Trd, 4319973.243, 101
Trd, 4319973.693, 104
Trd, 4319974.343, 104
Trd, 4319975.893, 102
Trd, 4319978.443, 100
Trd, 4319978.743, 100
Trd, 4319979.193, 101
Trd, 4319980.693, 100
Trd, 4319980.943, 94
Trd, 4319982.343, 94
Trd, 4319983.343, 93
Trd, 4319985.543, 93
Trd, 4319986.143, 95
Trd, 4319986.693, 94
Trd, 4319989.293, 94
Trd, 4319990.043, 94
Trd, 4319990.943, 95
Trd, 4319993.243, 97
Trd, 4319994.643, 99
Trd, 4319994.993, 104
Trd, 4319996.293, 94
Trd, 4319997.343, 95
Trd, 4319998.743, 95
Trd, 4319999.193, 95
Trd, 4319999.993, 94
