Trd, 4317913.043, 99
Trd, 4317914.593, 95
Trd, 4317914.643, 99
Trd, 4317914.843, 102
Trd, 4317916.393, 96
Trd, 4317918.893, 98
Trd, 4317919.443, 98
Trd, 4317920.393, 97
Trd, 4317920.693, 95
Trd, 4317921.243, 113
Trd, 4317922.893, 95
Trd, 4317924.243, 103
Trd, 4317927.093, 95
Trd, 4317927.343, 97
Trd, 4317929.393, 94
Trd, 4317929.893, 97
Trd, 4317931.493, 93
Trd, 4317932.143, 95
Trd, 4317932.343, 96
Trd, 4317932.993, 103
Trd, 4317937.193, 92
Trd, 4317937.243, 92
Trd, 4317937.993, 95
Trd, 4317938.243, 92
Trd, 4317940.043, 95
Trd, 4317941.643, 93
Trd, 4317942.443, 92
Trd, 4317943.193, 95
Trd, 4317943.293, 104
Trd, 4317945.443, 91
Trd, 4317947.343, 91
Trd, 4317947.993, 96
Trd, 4317949.593, 96
Trd, 4317950.643, 98
Trd, 4317950.943, 96
Trd, 4317952.693, 90
Trd, 4317954.343, 95
Trd, 4317955.643, 104
Trd, 4317957.043, 96
Trd, 4317958.293, 89
Trd, 4317960.743, 94
Trd, 4317961.493, 94
Trd, 4317962.193, 94
Trd, 4317963.043, 94
Trd, 4317963.493, 95
Trd, 4317965.093, 88
Trd, 4317968.143, 94
Trd, 4317968.693, 87
Trd, 4317970.693, 93
Trd, 4317971.243, 98
Trd, 4317972.643, 92
Trd, 4317972.993, 86
Trd, 4317975.743, 93
Trd, 4317975.793, 104
Trd, 4317979.493, 90
Trd, 4317979.893, 87
Trd, 4317980.293, 91
Trd, 4317980.793, 103
Trd, 4317982.843, 92
Trd, 4317983.493, 91
Trd, 4317986.143, 103
Trd, 4317986.443, 87
Trd, 4317986.593, 97
Trd, 4317988.893, 94
Trd, 4317989.793, 93
Trd, 4317992.493, 94
Trd, 4317993.193, 90
Trd, 4317996.143, 89
Trd, 4317996.243, 91
Trd, 4317996.943, 91
Trd, 4317997.743, 91
Trd, 4317999.843, 91
Trd, 4318001.043, 91
Trd, 4318001.193, 88
Trd, 4318004.043, 87
Trd, 4318004.243, 89
Trd, 4318004.693, 87
Trd, 4318004.893, 96
Trd, 4318008.093, 91
Trd, 4318008.543, 86
Trd, 4318009.593, 99
Trd, 4318011.293, 92
Trd, 4318012.593, 104
Trd, 4318013.043, 114
Trd, 4318013.793, 96
Trd, 4318014.793, 94
Trd, 4318014.993, 95
Trd, 4318016.443, 92
Trd, 4318016.593, 105
Trd, 4318018.993, 92
Trd, 4318020.343, 103
Trd, 4318021.143, 105
Trd, 4318021.343, 110
Trd, 4318024.343, 102
Trd, 4318024.693, 101
Trd, 4318026.493, 97
Trd, 4318026.993, 97
Trd, 4318028.443, 97
Trd, 4318029.993, 104
Trd, 4318030.993, 91
Trd, 4318031.343, 104
Trd, 4318032.493, 96
Trd, 4318035.143, 96
Trd, 4318035.343, 95
Trd, 4318035.643, 97
Trd, 4318037.943, 97
Trd, 4318039.543, 98
Trd, 4318041.493, 94
Trd, 4318042.243, 94
Trd, 4318042.593, 97
Trd, 4318042.943, 86
Trd, 4318043.393, 95
Trd, 4318045.543, 94
Trd, 4318045.943, 97
Trd, 4318048.043, 98
Trd, 4318048.443, 96
Trd, 4318049.493, 98
Trd, 4318050.143, 93
Trd, 4318051.243, 102
Trd, 4318052.593, 98
Trd, 4318055.243, 100
Trd, 4318056.293, 96
Trd, 4318057.143, 97
Trd, 4318057.843, 114
Trd, 4318058.143, 92
Trd, 4318060.143, 95
Trd, 4318060.543, 94
Trd, 4318061.743, 94
Trd, 4318064.093, 93
Trd, 4318064.143, 91
Trd, 4318064.643, 94
Trd, 4318067.193, 93
Trd, 4318068.243, 93
Trd, 4318068.543, 95
Trd, 4318068.743, 92
Trd, 4318070.293, 91
Trd, 4318071.243, 92
Trd, 4318072.243, 95
Trd, 4318073.593, 93
Trd, 4318075.893, 91
Trd, 4318077.043, 92
Trd, 4318077.893, 94
Trd, 4318078.343, 91
Trd, 4318079.243, 99
Trd, 4318081.293, 92
Trd, 4318082.293, 104
Trd, 4318087.993, 92
Trd, 4318088.043, 93
Trd, 4318088.593, 90
Trd, 4318089.043, 95
Trd, 4318090.193, 93
Trd, 4318090.293, 89
Trd, 4318092.743, 93
Trd, 4318093.443, 101
Trd, 4318095.443, 96
Trd, 4318095.793, 102
Trd, 4318096.593, 90
Trd, 4318100.493, 95
Trd, 4318100.843, 89
Trd, 4318102.143, 93
Trd, 4318103.693, 92
Trd, 4318105.093, 95
Trd, 4318107.893, 88
Trd, 4318108.943, 89
Trd, 4318109.443, 89
Trd, 4318111.393, 90
Trd, 4318111.493, 97
Trd, 4318111.793, 87
Trd, 4318112.043, 115
Trd, 4318115.293, 96
Trd, 4318115.843, 105
Trd, 4318116.493, 104
Trd, 4318118.243, 103
Trd, 4318118.343, 103
Trd, 4318119.043, 104
Trd, 4318120.743, 100
Trd, 4318120.793, 105
Trd, 4318122.493, 114
Trd, 4318123.093, 105
Trd, 4318123.493, 104
Trd, 4318124.693, 107
Trd, 4318125.343, 113
Trd, 4318127.093, 107
Trd, 4318127.843, 107
Trd, 4318129.693, 104
Trd, 4318130.893, 105
Trd, 4318132.193, 104
Trd, 4318132.293, 105
Trd, 4318133.943, 93
Trd, 4318134.243, 99
Trd, 4318135.343, 99
Trd, 4318137.493, 98
Trd, 4318137.843, 99
Trd, 4318138.143, 100
Trd, 4318138.193, 92
Trd, 4318140.193, 100
Trd, 4318140.293, 92
Trd, 4318141.743, 98
Trd, 4318142.693, 104
Trd, 4318144.143, 95
Trd, 4318144.243, 95
Trd, 4318146.193, 95
Trd, 4318148.993, 94
Trd, 4318149.793, 93
Trd, 4318150.343, 94
Trd, 4318151.243, 93
Trd, 4318153.043, 91
Trd, 4318153.693, 91
Trd, 4318154.393, 91
Trd, 4318154.493, 104
Trd, 4318157.543, 86
Trd, 4318157.693, 92
Trd, 4318158.043, 92
Trd, 4318160.143, 92
Trd, 4318160.243, 88
Trd, 4318163.893, 91
Trd, 4318163.943, 95
Trd, 4318167.493, 91
Trd, 4318168.343, 92
Trd, 4318169.793, 88
Trd, 4318171.043, 92
Trd, 4318171.693, 97
Trd, 4318172.393, 88
Trd, 4318172.893, 94
Trd, 4318174.993, 102
Trd, 4318176.093, 88
Trd, 4318177.893, 94
Trd, 4318179.843, 92
Trd, 4318181.293, 102
Trd, 4318181.693, 88
Trd, 4318185.493, 95
Trd, 4318186.693, 90
Trd, 4318187.293, 95
Trd, 4318188.293, 95
Trd, 4318191.243, 90
Trd, 4318191.693, 93
Trd, 4318191.743, 93
Trd, 4318193.043, 94
Trd, 4318193.543, 97
Trd, 4318196.543, 96
Trd, 4318198.793, 95
Trd, 4318200.893, 92
Trd, 4318201.543, 89
Trd, 4318201.893, 89
Trd, 4318202.443, 92
Trd, 4318205.193, 89
Trd, 4318205.243, 92
Trd, 4318205.593, 90
Trd, 4318208.293, 90
Trd, 4318209.893, 91
Trd, 4318210.343, 95
Trd, 4318210.593, 104
Trd, 4318211.143, 93
Trd, 4318211.643, 104
Trd, 4318212.093, 100
Trd, 4318213.443, 103
Trd, 4318213.593, 114
Trd, 4318215.543, 104
Trd, 4318215.593, 102
Trd, 4318217.693, 99
Trd, 4318218.093, 100
Trd, 4318219.643, 100
Trd, 4318220.493, 99
Trd, 4318220.993, 95
Trd, 4318223.293, 98
Trd, 4318223.893, 98
Trd, 4318225.093, 96
Trd, 4318225.493, 95
Trd, 4318227.743, 101
Trd, 4318227.893, 86
Trd, 4318229.493, 95
Trd, 4318230.743, 91
Trd, 4318231.293, 97
Trd, 4318234.143, 90
Trd, 4318234.743, 93
Trd, 4318234.893, 89
Trd, 4318236.643, 93
Trd, 4318237.743, 97
Trd, 4318240.893, 93
Trd, 4318240.943, 90
Trd, 4318241.443, 95
Trd, 4318242.043, 104
Trd, 4318244.093, 104
Trd, 4318244.893, 101
Trd, 4318245.343, 102
Trd, 4318246.243, 94
Trd, 4318247.443, 97
Trd, 4318248.743, 99
Trd, 4318250.143, 103
Trd, 4318251.893, 97
Trd, 4318252.043, 101
Trd, 4318254.043, 99
Trd, 4318254.493, 97
Trd, 4318254.993, 98
Trd, 4318255.043, 96
Trd, 4318256.343, 95
Trd, 4318259.343, 94
Trd, 4318259.593, 95
Trd, 4318260.393, 93
Trd, 4318261.843, 96
Trd, 4318263.193, 104
Trd, 4318263.693, 114
Trd, 4318267.343, 92
Trd, 4318268.693, 95
Trd, 4318268.993, 96
Trd, 4318269.443, 97
Trd, 4318270.693, 96
Trd, 4318272.393, 96
Trd, 4318272.843, 91
Trd, 4318273.643, 91
Trd, 4318275.843, 96
Trd, 4318275.893, 104
Trd, 4318277.443, 95
Trd, 4318278.943, 93
Trd, 4318279.943, 96
Trd, 4318280.393, 76
Trd, 4318281.593, 96
Trd, 4318281.693, 99
Trd, 4318283.343, 86
Trd, 4318283.943, 101
Trd, 4318285.693, 97
Trd, 4318286.443, 93
Trd, 4318288.443, 97
Trd, 4318290.493, 91
Trd, 4318290.743, 96
Trd, 4318295.143, 92
Trd, 4318295.543, 90
Trd, 4318295.943, 92
Trd, 4318297.893, 92
Trd, 4318298.393, 92
Trd, 4318300.243, 89
Trd, 4318300.493, 104
Trd, 4318302.593, 94
Trd, 4318304.493, 93
Trd, 4318305.343, 94
Trd, 4318305.593, 95
Trd, 4318307.843, 93
Trd, 4318309.343, 93
Trd, 4318309.393, 93
Trd, 4318309.493, 101
Trd, 4318311.693, 91
Trd, 4318313.443, 100
Trd, 4318315.643, 93
Trd, 4318316.943, 90
Trd, 4318317.043, 93
Trd, 4318318.993, 96
Trd, 4318319.993, 104
Trd, 4318322.843, 95
Trd, 4318322.943, 93
Trd, 4318326.293, 92
Trd, 4318327.093, 91
Trd, 4318327.693, 93
Trd, 4318328.943, 103
Trd, 4318329.843, 92
Trd, 4318330.293, 104
Trd, 4318331.493, 96
Trd, 4318332.093, 96
Trd, 4318333.643, 96
Trd, 4318334.193, 96
Trd, 4318335.143, 95
Trd, 4318336.993, 96
Trd, 4318339.393, 94
Trd, 4318341.593, 95
Trd, 4318341.793, 95
Trd, 4318342.243, 93
Trd, 4318343.593, 95
Trd, 4318343.743, 95
Trd, 4318347.043, 91
Trd, 4318349.543, 94
Trd, 4318350.193, 99
Trd, 4318350.343, 104
Trd, 4318352.543, 90
Trd, 4318354.043, 91
Trd, 4318356.243, 91
Trd, 4318356.793, 91
Trd, 4318357.693, 88
Trd, 4318357.843, 91
Trd, 4318362.093, 88
Trd, 4318362.393, 90
Trd, 4318362.643, 91
Trd, 4318362.743, 91
Trd, 4318365.093, 94
Trd, 4318366.543, 92
Trd, 4318367.593, 91
Trd, 4318368.543, 90
Trd, 4318368.843, 97
Trd, 4318370.393, 91
Trd, 4318371.093, 88
Trd, 4318372.993, 104
Trd, 4318373.743, 96
Trd, 4318374.343, 91
Trd, 4318376.343, 95
Trd, 4318377.643, 97
Trd, 4318378.543, 103
Trd, 4318380.893, 96
Trd, 4318381.743, 94
Trd, 4318383.343, 93
Trd, 4318384.143, 93
Trd, 4318384.843, 99
Trd, 4318385.993, 95
Trd, 4318388.093, 95
Trd, 4318389.143, 92
Trd, 4318389.493, 95
Trd, 4318391.493, 95
Trd, 4318393.843, 91
Trd, 4318394.893, 94
Trd, 4318395.193, 94
Trd, 4318396.843, 91
Trd, 4318397.643, 95
Trd, 4318398.593, 96
Trd, 4318401.393, 92
Trd, 4318401.493, 91
Trd, 4318403.993, 91
Trd, 4318406.343, 91
Trd, 4318407.143, 91
Trd, 4318407.743, 90
Trd, 4318408.593, 91
Trd, 4318409.393, 96
Trd, 4318411.393, 92
Trd, 4318411.693, 91
Trd, 4318413.143, 93
Trd, 4318414.393, 104
Trd, 4318414.793, 121
Trd, 4318419.043, 105
Trd, 4318419.193, 104
Trd, 4318419.543, 102
Trd, 4318420.093, 100
Trd, 4318421.093, 104
Trd, 4318422.343, 100
Trd, 4318422.393, 114
Trd, 4318425.393, 104
Trd, 4318425.643, 102
Trd, 4318427.793, 96
Trd, 4318427.893, 99
Trd, 4318428.193, 91
Trd, 4318430.043, 97
Trd, 4318433.293, 98
Trd, 4318433.443, 96
Trd, 4318433.543, 98
Trd, 4318434.293, 104
Trd, 4318435.193, 99
Trd, 4318436.993, 98
Trd, 4318437.193, 93
Trd, 4318438.493, 98
Trd, 4318439.543, 91
Trd, 4318441.293, 98
Trd, 4318442.393, 92
Trd, 4318442.543, 98
Trd, 4318444.193, 104
Trd, 4318446.143, 96
Trd, 4318447.793, 96
Trd, 4318449.043, 95
Trd, 4318451.743, 94
Trd, 4318453.193, 95
Trd, 4318453.393, 95
Trd, 4318453.643, 96
Trd, 4318455.443, 94
Trd, 4318457.343, 95
Trd, 4318458.743, 94
Trd, 4318459.293, 95
Trd, 4318459.643, 114
Trd, 4318461.093, 93
Trd, 4318461.143, 105
Trd, 4318461.643, 98
Trd, 4318462.543, 98
Trd, 4318463.343, 92
Trd, 4318465.343, 98
Trd, 4318466.893, 103
Trd, 4318468.143, 99
Trd, 4318468.643, 104
Trd, 4318468.693, 91
Trd, 4318472.993, 94
Trd, 4318473.343, 93
Trd, 4318473.443, 91
Trd, 4318474.793, 95
Trd, 4318475.493, 93
Trd, 4318478.443, 92
Trd, 4318479.043, 96
Trd, 4318481.193, 101
Trd, 4318481.243, 114
Trd, 4318483.443, 98
Trd, 4318485.693, 96
Trd, 4318485.893, 97
Trd, 4318487.693, 96
Trd, 4318487.993, 97
Trd, 4318488.843, 96
Trd, 4318488.993, 94
Trd, 4318489.693, 104
Trd, 4318493.593, 86
Trd, 4318495.743, 93
Trd, 4318496.193, 94
Trd, 4318496.243, 95
Trd, 4318498.143, 98
Trd, 4318500.693, 93
Trd, 4318500.793, 91
Trd, 4318502.143, 94
Trd, 4318504.993, 91
Trd, 4318506.043, 90
Trd, 4318506.243, 104
Trd, 4318506.793, 98
Trd, 4318508.093, 95
Trd, 4318508.493, 97
Trd, 4318508.943, 90
Trd, 4318509.543, 104
Trd, 4318513.043, 89
Trd, 4318513.743, 90
Trd, 4318514.443, 91
Trd, 4318515.043, 90
Trd, 4318518.343, 91
Trd, 4318519.493, 91
Trd, 4318519.793, 101
Trd, 4318520.093, 86
Trd, 4318520.693, 89
Trd, 4318521.793, 90
Trd, 4318523.443, 92
Trd, 4318525.493, 92
Trd, 4318526.993, 89
Trd, 4318527.643, 95
Trd, 4318528.893, 93
Trd, 4318529.943, 107
Trd, 4318531.893, 104
Trd, 4318532.643, 99
Trd, 4318533.093, 99
Trd, 4318533.743, 113
Trd, 4318534.993, 105
Trd, 4318535.393, 100
Trd, 4318535.443, 93
Trd, 4318537.743, 104
Trd, 4318538.193, 103
Trd, 4318538.593, 100
Trd, 4318539.043, 97
Trd, 4318540.643, 101
Trd, 4318542.143, 101
Trd, 4318543.243, 93
Trd, 4318544.243, 97
Trd, 4318546.593, 97
Trd, 4318547.093, 95
Trd, 4318548.093, 95
Trd, 4318548.943, 95
Trd, 4318549.243, 93
Trd, 4318551.843, 94
Trd, 4318551.993, 93
Trd, 4318555.043, 93
Trd, 4318555.143, 92
Trd, 4318555.543, 91
Trd, 4318556.593, 95
Trd, 4318557.693, 104
Trd, 4318558.043, 89
Trd, 4318559.543, 94
Trd, 4318560.393, 94
Trd, 4318561.693, 95
Trd, 4318561.793, 89
Trd, 4318563.443, 88
Trd, 4318566.143, 92
Trd, 4318567.193, 92
Trd, 4318567.443, 92
Trd, 4318570.343, 92
Trd, 4318571.593, 92
Trd, 4318572.743, 97
Trd, 4318573.643, 87
Trd, 4318574.743, 93
Trd, 4318575.743, 86
Trd, 4318576.243, 92
Trd, 4318577.393, 92
Trd, 4318577.793, 96
Trd, 4318578.893, 87
Trd, 4318581.143, 94
Trd, 4318581.693, 104
Trd, 4318583.393, 90
Trd, 4318584.693, 91
Trd, 4318585.593, 93
Trd, 4318586.193, 104
Trd, 4318587.843, 95
Trd, 4318588.893, 91
Trd, 4318589.993, 93
Trd, 4318590.693, 91
Trd, 4318591.593, 92
Trd, 4318592.993, 98
Trd, 4318593.593, 93
Trd, 4318595.193, 103
Trd, 4318595.443, 94
Trd, 4318597.643, 104
Trd, 4318597.693, 91
Trd, 4318599.293, 97
Trd, 4318602.593, 101
Trd, 4318603.193, 90
Trd, 4318605.093, 93
Trd, 4318607.493, 92
Trd, 4318607.743, 92
Trd, 4318608.143, 90
Trd, 4318608.643, 90
Trd, 4318609.693, 92
Trd, 4318610.543, 104
Trd, 4318610.843, 101
Trd, 4318612.943, 95
Trd, 4318613.193, 94
Trd, 4318613.493, 103
Trd, 4318613.993, 99
Trd, 4318614.843, 98
Trd, 4318615.743, 104
Trd, 4318616.593, 114
Trd, 4318617.443, 104
Trd, 4318620.293, 99
Trd, 4318623.193, 105
Trd, 4318623.393, 104
Trd, 4318623.793, 100
Trd, 4318624.293, 105
Trd, 4318625.093, 93
Trd, 4318626.343, 98
Trd, 4318626.643, 100
Trd, 4318627.393, 105
Trd, 4318628.843, 98
Trd, 4318629.743, 100
Trd, 4318630.743, 86
Trd, 4318632.143, 97
Trd, 4318632.843, 94
Trd, 4318633.543, 104
Trd, 4318634.393, 95
Trd, 4318634.643, 122
Trd, 4318636.093, 106
Trd, 4318636.493, 93
Trd, 4318637.693, 104
Trd, 4318638.393, 103
Trd, 4318639.393, 103
Trd, 4318639.993, 106
Trd, 4318643.743, 104
Trd, 4318644.593, 103
Trd, 4318644.643, 105
Trd, 4318646.693, 103
Trd, 4318646.743, 102
Trd, 4318647.293, 92
Trd, 4318648.093, 102
Trd, 4318649.643, 94
Trd, 4318651.293, 97
Trd, 4318651.643, 95
Trd, 4318652.793, 97
Trd, 4318652.993, 104
Trd, 4318654.493, 95
Trd, 4318656.493, 94
Trd, 4318656.743, 95
Trd, 4318658.043, 94
Trd, 4318658.443, 95
Trd, 4318660.393, 90
Trd, 4318660.543, 92
Trd, 4318661.643, 104
Trd, 4318662.243, 107
Trd, 4318664.293, 111
Trd, 4318665.093, 102
Trd, 4318665.993, 101
Trd, 4318666.343, 86
Trd, 4318668.843, 98
Trd, 4318669.143, 98
Trd, 4318669.193, 95
Trd, 4318670.193, 98
Trd, 4318671.293, 98
Trd, 4318671.943, 103
Trd, 4318672.093, 104
Trd, 4318675.043, 96
Trd, 4318675.143, 94
Trd, 4318675.643, 98
Trd, 4318677.193, 101
Trd, 4318679.443, 93
Trd, 4318679.743, 94
Trd, 4318681.493, 94
Trd, 4318682.593, 95
Trd, 4318683.443, 93
Trd, 4318683.693, 94
Trd, 4318684.843, 95
Trd, 4318686.143, 104
Trd, 4318686.693, 92
Trd, 4318688.643, 91
Trd, 4318689.293, 95
Trd, 4318690.793, 93
Trd, 4318691.643, 91
Trd, 4318692.343, 92
Trd, 4318694.193, 96
Trd, 4318695.843, 90
Trd, 4318695.943, 90
Trd, 4318696.993, 89
Trd, 4318698.243, 92
Trd, 4318698.293, 93
Trd, 4318699.293, 97
Trd, 4318701.743, 89
Trd, 4318702.393, 88
Trd, 4318703.193, 89
Trd, 4318704.093, 90
Trd, 4318706.593, 89
Trd, 4318707.893, 89
Trd, 4318709.293, 87
Trd, 4318710.643, 100
Trd, 4318712.343, 95
Trd, 4318713.493, 96
Trd, 4318713.943, 86
Trd, 4318716.043, 92
Trd, 4318717.543, 94
Trd, 4318719.443, 92
Trd, 4318719.993, 91
Trd, 4318720.243, 91
Trd, 4318720.993, 93
Trd, 4318721.293, 96
Trd, 4318722.843, 93
Trd, 4318724.693, 93
Trd, 4318724.793, 91
Trd, 4318725.843, 102
Trd, 4318729.893, 94
Trd, 4318730.743, 90
Trd, 4318731.693, 94
Trd, 4318732.093, 93
Trd, 4318733.343, 94
Trd, 4318735.143, 98
Trd, 4318736.343, 92
Trd, 4318736.393, 90
Trd, 4318739.193, 93
Trd, 4318741.493, 100
Trd, 4318741.643, 90
Trd, 4318743.543, 95
Trd, 4318743.943, 89
Trd, 4318744.393, 104
Trd, 4318746.893, 88
Trd, 4318747.993, 92
Trd, 4318748.793, 87
Trd, 4318749.093, 95
Trd, 4318751.043, 89
Trd, 4318752.693, 86
Trd, 4318752.943, 88
Trd, 4318754.193, 103
Trd, 4318754.893, 113
Trd, 4318756.143, 96
Trd, 4318758.043, 94
Trd, 4318758.193, 96
Trd, 4318759.443, 105
Trd, 4318760.343, 97
Trd, 4318761.543, 94
Trd, 4318762.643, 101
Trd, 4318762.943, 113
Trd, 4318763.293, 122
Trd, 4318764.743, 95
Trd, 4318766.243, 97
Trd, 4318766.893, 95
Trd, 4318769.543, 97
Trd, 4318770.343, 104
Trd, 4318770.743, 94
Trd, 4318772.743, 97
Trd, 4318773.243, 93
Trd, 4318775.593, 94
Trd, 4318775.743, 95
Trd, 4318777.593, 92
Trd, 4318777.893, 93
Trd, 4318778.993, 94
Trd, 4318779.743, 96
Trd, 4318780.893, 96
Trd, 4318782.243, 103
Trd, 4318782.793, 106
Trd, 4318784.193, 104
Trd, 4318784.943, 103
Trd, 4318785.443, 104
Trd, 4318786.343, 113
Trd, 4318786.793, 86
Trd, 4318787.893, 120
Trd, 4318790.393, 92
Trd, 4318790.943, 94
Trd, 4318791.693, 100
Trd, 4318792.843, 99
Trd, 4318795.143, 96
Trd, 4318797.093, 94
Trd, 4318797.843, 93
Trd, 4318798.743, 94
Trd, 4318800.543, 94
Trd, 4318801.343, 93
Trd, 4318801.643, 96
Trd, 4318802.393, 93
Trd, 4318802.843, 94
Trd, 4318803.293, 86
Trd, 4318804.393, 97
Trd, 4318807.393, 94
Trd, 4318808.193, 94
Trd, 4318808.693, 104
Trd, 4318809.443, 117
Trd, 4318810.243, 98
Trd, 4318813.843, 91
Trd, 4318814.143, 93
Trd, 4318814.943, 91
Trd, 4318815.693, 95
Trd, 4318817.243, 93
Trd, 4318818.293, 103
Trd, 4318818.443, 104
Trd, 4318820.243, 92
Trd, 4318820.493, 104
Trd, 4318821.393, 102
Trd, 4318824.393, 104
Trd, 4318825.393, 95
Trd, 4318827.193, 91
Trd, 4318828.143, 92
Trd, 4318829.243, 92
Trd, 4318829.543, 90
Trd, 4318831.393, 91
Trd, 4318832.493, 90
Trd, 4318833.993, 89
Trd, 4318834.293, 89
Trd, 4318837.093, 90
Trd, 4318837.743, 89
Trd, 4318837.893, 98
Trd, 4318838.093, 104
Trd, 4318839.943, 88
Trd, 4318841.593, 96
Trd, 4318841.943, 96
Trd, 4318842.643, 98
Trd, 4318845.643, 91
Trd, 4318846.243, 92
Trd, 4318847.443, 87
Trd, 4318848.093, 92
Trd, 4318848.343, 104
Trd, 4318849.693, 86
Trd, 4318851.043, 103
Trd, 4318851.343, 97
Trd, 4318853.193, 98
Trd, 4318853.593, 95
Trd, 4318854.543, 97
Trd, 4318855.243, 76
Trd, 4318856.993, 93
Trd, 4318857.743, 94
Trd, 4318859.093, 93
Trd, 4318862.243, 92
Trd, 4318863.143, 92
Trd, 4318863.193, 88
Trd, 4318866.543, 90
Trd, 4318867.743, 90
Trd, 4318868.243, 88
Trd, 4318869.893, 95
Trd, 4318870.243, 104
Trd, 4318870.943, 113
Trd, 4318873.443, 88
Trd, 4318874.393, 92
Trd, 4318876.093, 88
Trd, 4318878.293, 101
Trd, 4318878.843, 92
Trd, 4318880.743, 87
Trd, 4318881.443, 87
Trd, 4318881.743, 86
Trd, 4318881.793, 99
Trd, 4318883.943, 90
Trd, 4318884.543, 89
Trd, 4318885.593, 105
Trd, 4318888.343, 95
Trd, 4318888.593, 86
Trd, 4318889.393, 92
Trd, 4318889.593, 93
Trd, 4318890.093, 92
Trd, 4318891.943, 94
Trd, 4318892.293, 95
Trd, 4318894.993, 91
Trd, 4318895.093, 93
Trd, 4318895.893, 96
Trd, 4318897.543, 92
Trd, 4318898.843, 95
Trd, 4318899.143, 104
Trd, 4318899.643, 122
Trd, 4318900.993, 93
Trd, 4318903.043, 106
Trd, 4318904.243, 96
Trd, 4318906.543, 96
Trd, 4318907.343, 97
Trd, 4318907.993, 96
Trd, 4318908.493, 96
Trd, 4318910.993, 94
Trd, 4318911.793, 93
Trd, 4318912.343, 93
Trd, 4318913.143, 89
Trd, 4318914.043, 91
Trd, 4318914.393, 86
Trd, 4318917.443, 90
Trd, 4318917.743, 104
Trd, 4318919.443, 92
Trd, 4318920.143, 103
Trd, 4318924.743, 87
Trd, 4318925.293, 92
Trd, 4318926.043, 99
Trd, 4318926.693, 95
Trd, 4318928.393, 88
Trd, 4318930.543, 98
Trd, 4318930.793, 104
Trd, 4318931.443, 104
Trd, 4318931.943, 105
Trd, 4318932.893, 116
Trd, 4318934.643, 105
Trd, 4318935.393, 108
Trd, 4318936.593, 105
Trd, 4318937.893, 104
Trd, 4318939.043, 94
Trd, 4318940.293, 102
Trd, 4318940.493, 104
Trd, 4318942.193, 94
Trd, 4318942.893, 105
Trd, 4318944.093, 112
Trd, 4318944.543, 104
Trd, 4318946.093, 106
Trd, 4318946.443, 103
Trd, 4318947.643, 103
Trd, 4318947.693, 104
Trd, 4318949.093, 93
Trd, 4318949.893, 104
Trd, 4318950.793, 86
Trd, 4318952.443, 95
Trd, 4318954.443, 101
Trd, 4318955.393, 97
Trd, 4318956.343, 96
Trd, 4318956.493, 97
Trd, 4318959.493, 93
Trd, 4318959.943, 92
Trd, 4318960.293, 94
Trd, 4318960.593, 95
Trd, 4318961.893, 100
Trd, 4318963.093, 101
Trd, 4318964.443, 91
Trd, 4318964.943, 96
Trd, 4318965.693, 103
Trd, 4318968.443, 97
Trd, 4318969.243, 95
Trd, 4318970.593, 99
Trd, 4318973.043, 89
Trd, 4318973.143, 96
Trd, 4318975.893, 104
Trd, 4318977.393, 99
Trd, 4318977.943, 88
Trd, 4318980.243, 93
Trd, 4318980.893, 93
Trd, 4318982.893, 93
Trd, 4318983.743, 98
Trd, 4318985.893, 90
Trd, 4318986.293, 89
Trd, 4318987.743, 92
Trd, 4318991.343, 89
Trd, 4318991.693, 89
Trd, 4318993.993, 88
Trd, 4318994.993, 90
Trd, 4318995.143, 102
Trd, 4318996.043, 102
Trd, 4318998.343, 92
Trd, 4318998.893, 92
Trd, 4319000.043, 93
Trd, 4319001.193, 87
Trd, 4319001.743, 96
Trd, 4319003.793, 91
Trd, 4319005.793, 91
Trd, 4319006.043, 92
Trd, 4319006.543, 95
Trd, 4319006.843, 90
Trd, 4319007.943, 95
Trd, 4319009.893, 93
Trd, 4319010.093, 97
Trd, 4319012.093, 92
Trd, 4319013.793, 93
Trd, 4319015.093, 93
Trd, 4319015.293, 92
Trd, 4319016.593, 96
Trd, 4319019.293, 94
Trd, 4319019.893, 93
Trd, 4319020.543, 97
Trd, 4319020.743, 97
Trd, 4319021.943, 122
Trd, 4319022.493, 117
Trd, 4319022.993, 101
Trd, 4319024.943, 102
Trd, 4319026.143, 100
Trd, 4319026.643, 91
Trd, 4319027.193, 101
Trd, 4319028.943, 100
Trd, 4319029.993, 97
Trd, 4319030.893, 104
Trd, 4319031.793, 103
Trd, 4319033.693, 94
Trd, 4319034.993, 97
Trd, 4319035.093, 96
Trd, 4319036.243, 96
Trd, 4319038.443, 104
Trd, 4319039.543, 110
Trd, 4319040.693, 94
Trd, 4319040.793, 105
Trd, 4319041.043, 102
Trd, 4319043.093, 99
Trd, 4319043.593, 99
Trd, 4319046.843, 96
Trd, 4319048.193, 93
Trd, 4319048.393, 95
Trd, 4319049.943, 95
Trd, 4319051.893, 95
Trd, 4319052.443, 92
Trd, 4319053.343, 93
Trd, 4319055.043, 91
Trd, 4319055.243, 97
Trd, 4319055.493, 104
Trd, 4319058.043, 90
Trd, 4319058.543, 99
Trd, 4319059.543, 96
Trd, 4319060.243, 96
Trd, 4319065.493, 92
Trd, 4319065.893, 92
Trd, 4319066.293, 94
Trd, 4319066.443, 101
Trd, 4319066.793, 95
Trd, 4319068.293, 91
Trd, 4319069.193, 91
Trd, 4319069.893, 102
Trd, 4319072.493, 90
Trd, 4319072.993, 94
Trd, 4319073.343, 104
Trd, 4319074.343, 90
Trd, 4319074.443, 95
Trd, 4319076.643, 94
Trd, 4319079.443, 90
Trd, 4319079.993, 90
Trd, 4319082.743, 90
Trd, 4319083.143, 90
Trd, 4319083.243, 91
Trd, 4319085.543, 91
Trd, 4319086.293, 89
Trd, 4319087.293, 92
Trd, 4319090.493, 94
Trd, 4319092.093, 91
Trd, 4319093.843, 91
Trd, 4319094.743, 90
Trd, 4319095.643, 90
Trd, 4319096.343, 113
Trd, 4319096.943, 98
Trd, 4319099.543, 95
Trd, 4319099.593, 104
Trd, 4319099.793, 99
Trd, 4319101.343, 120
Trd, 4319104.343, 94
Trd, 4319106.193, 95
Trd, 4319106.343, 96
Trd, 4319108.093, 93
Trd, 4319108.343, 104
Trd, 4319110.343, 94
Trd, 4319110.643, 95
Trd, 4319111.543, 96
Trd, 4319114.043, 92
Trd, 4319115.243, 92
Trd, 4319116.843, 92
Trd, 4319117.393, 92
Trd, 4319119.343, 95
Trd, 4319120.393, 103
Trd, 4319120.743, 100
Trd, 4319121.493, 115
Trd, 4319121.793, 99
Trd, 4319124.193, 104
Trd, 4319125.793, 99
Trd, 4319126.693, 101
Trd, 4319127.743, 101
Trd, 4319127.993, 94
Trd, 4319128.343, 104
Trd, 4319129.543, 102
Trd, 4319130.493, 97
Trd, 4319131.693, 104
Trd, 4319131.993, 86
Trd, 4319134.243, 90
Trd, 4319134.643, 91
Trd, 4319135.643, 91
Trd, 4319136.443, 94
Trd, 4319138.843, 94
Trd, 4319140.093, 95
Trd, 4319140.893, 94
Trd, 4319141.093, 104
Trd, 4319144.343, 96
Trd, 4319145.343, 90
Trd, 4319147.143, 99
Trd, 4319148.393, 95
Trd, 4319149.093, 95
Trd, 4319150.493, 90
Trd, 4319151.593, 94
Trd, 4319152.593, 93
Trd, 4319152.893, 94
Trd, 4319154.643, 95
Trd, 4319159.093, 90
Trd, 4319159.593, 93
Trd, 4319159.693, 93
Trd, 4319160.693, 95
Trd, 4319163.693, 92
Trd, 4319164.093, 92
Trd, 4319164.293, 89
Trd, 4319164.543, 88
Trd, 4319165.143, 92
Trd, 4319167.143, 91
Trd, 4319169.993, 89
Trd, 4319171.743, 95
Trd, 4319173.293, 91
Trd, 4319173.893, 92
Trd, 4319174.343, 104
Trd, 4319174.443, 90
Trd, 4319174.493, 115
Trd, 4319177.793, 89
Trd, 4319178.943, 94
Trd, 4319179.343, 93
Trd, 4319180.993, 90
Trd, 4319181.193, 96
Trd, 4319181.943, 88
Trd, 4319183.293, 93
Trd, 4319185.493, 87
Trd, 4319187.143, 91
Trd, 4319188.893, 90
Trd, 4319190.093, 90
Trd, 4319190.793, 91
Trd, 4319192.493, 91
Trd, 4319193.293, 86
Trd, 4319193.643, 95
Trd, 4319196.843, 90
Trd, 4319196.993, 91
Trd, 4319197.043, 114
Trd, 4319198.593, 99
Trd, 4319200.293, 95
Trd, 4319201.793, 94
Trd, 4319202.293, 95
Trd, 4319202.393, 93
Trd, 4319203.493, 104
Trd, 4319203.543, 114
Trd, 4319204.393, 98
Trd, 4319205.193, 104
Trd, 4319206.893, 99
Trd, 4319208.343, 95
Trd, 4319209.593, 93
Trd, 4319210.143, 96
Trd, 4319210.843, 97
Trd, 4319213.343, 95
Trd, 4319214.393, 94
Trd, 4319214.743, 93
Trd, 4319217.143, 92
Trd, 4319217.693, 95
Trd, 4319218.843, 93
Trd, 4319219.593, 104
Trd, 4319220.443, 92
Trd, 4319221.993, 88
Trd, 4319222.043, 94
Trd, 4319223.393, 99
Trd, 4319223.493, 115
Trd, 4319226.143, 99
Trd, 4319226.693, 94
Trd, 4319230.143, 95
Trd, 4319230.243, 98
Trd, 4319230.843, 95
Trd, 4319231.293, 97
Trd, 4319231.443, 99
Trd, 4319232.143, 93
Trd, 4319233.343, 96
Trd, 4319236.793, 95
Trd, 4319237.593, 94
Trd, 4319238.643, 93
Trd, 4319239.893, 95
Trd, 4319242.693, 95
Trd, 4319242.793, 92
Trd, 4319245.243, 100
Trd, 4319245.693, 93
Trd, 4319246.243, 108
Trd, 4319248.393, 104
Trd, 4319249.993, 91
Trd, 4319250.293, 92
Trd, 4319250.493, 96
Trd, 4319252.743, 95
Trd, 4319253.693, 97
Trd, 4319254.043, 104
Trd, 4319254.843, 90
Trd, 4319259.193, 93
Trd, 4319259.243, 95
Trd, 4319260.993, 89
Trd, 4319261.093, 92
Trd, 4319261.243, 93
Trd, 4319263.493, 91
Trd, 4319264.093, 90
Trd, 4319266.693, 89
Trd, 4319267.443, 88
Trd, 4319268.593, 88
Trd, 4319270.193, 88
Trd, 4319270.493, 95
Trd, 4319270.943, 90
Trd, 4319272.043, 98
Trd, 4319272.543, 103
Trd, 4319273.343, 104
Trd, 4319274.493, 86
Trd, 4319276.943, 86
Trd, 4319281.093, 92
Trd, 4319281.743, 92
Trd, 4319283.443, 93
Trd, 4319285.093, 92
Trd, 4319286.893, 87
Trd, 4319287.893, 87
Trd, 4319287.943, 91
Trd, 4319289.243, 90
Trd, 4319290.143, 98
Trd, 4319290.643, 104
Trd, 4319292.493, 92
Trd, 4319292.943, 99
Trd, 4319292.993, 86
Trd, 4319295.393, 95
Trd, 4319299.093, 94
Trd, 4319299.893, 94
Trd, 4319301.793, 95
Trd, 4319302.343, 87
Trd, 4319305.093, 94
Trd, 4319305.943, 97
Trd, 4319305.993, 86
Trd, 4319306.993, 116
Trd, 4319308.643, 92
Trd, 4319309.193, 97
Trd, 4319310.793, 104
Trd, 4319310.893, 103
Trd, 4319311.193, 98
Trd, 4319313.693, 97
Trd, 4319314.093, 101
Trd, 4319314.693, 95
Trd, 4319317.043, 100
Trd, 4319317.843, 101
Trd, 4319319.443, 104
Trd, 4319320.093, 115
Trd, 4319320.693, 95
Trd, 4319323.443, 95
Trd, 4319323.943, 100
Trd, 4319324.793, 94
Trd, 4319325.443, 97
Trd, 4319325.493, 101
Trd, 4319329.243, 94
Trd, 4319329.993, 96
Trd, 4319330.043, 96
Trd, 4319331.893, 96
Trd, 4319334.093, 97
Trd, 4319334.443, 96
Trd, 4319334.993, 104
Trd, 4319335.893, 95
Trd, 4319338.643, 97
Trd, 4319340.343, 95
Trd, 4319342.043, 96
Trd, 4319342.143, 94
Trd, 4319344.193, 96
Trd, 4319346.243, 97
Trd, 4319347.243, 94
Trd, 4319348.293, 95
Trd, 4319348.593, 96
Trd, 4319349.443, 94
Trd, 4319349.743, 94
Trd, 4319350.893, 93
Trd, 4319352.493, 99
Trd, 4319354.143, 96
Trd, 4319354.593, 96
Trd, 4319355.293, 94
Trd, 4319358.743, 99
Trd, 4319359.093, 104
Trd, 4319359.193, 115
Trd, 4319361.193, 100
Trd, 4319361.993, 94
Trd, 4319363.093, 105
Trd, 4319363.743, 100
Trd, 4319364.693, 99
Trd, 4319366.143, 97
Trd, 4319367.193, 103
Trd, 4319367.643, 93
Trd, 4319368.293, 99
Trd, 4319369.643, 99
Trd, 4319372.243, 96
Trd, 4319372.393, 99
Trd, 4319372.793, 104
Trd, 4319373.593, 98
Trd, 4319374.443, 96
Trd, 4319375.593, 95
Trd, 4319375.993, 95
Trd, 4319377.093, 96
Trd, 4319377.843, 97
Trd, 4319378.993, 104
Trd, 4319380.293, 103
Trd, 4319382.593, 93
Trd, 4319382.643, 95
Trd, 4319384.843, 94
Trd, 4319385.293, 94
Trd, 4319387.843, 94
Trd, 4319388.293, 93
Trd, 4319389.093, 92
Trd, 4319389.693, 97
Trd, 4319389.993, 104
Trd, 4319390.193, 92
Trd, 4319392.543, 97
Trd, 4319394.943, 95
Trd, 4319395.343, 100
Trd, 4319396.943, 99
Trd, 4319398.943, 96
Trd, 4319399.393, 104
Trd, 4319399.543, 95
Trd, 4319400.193, 131
Trd, 4319401.743, 101
Trd, 4319403.843, 95
Trd, 4319405.043, 94
Trd, 4319405.393, 95
Trd, 4319406.693, 95
Trd, 4319409.543, 95
Trd, 4319411.493, 96
Trd, 4319411.643, 93
Trd, 4319412.093, 95
Trd, 4319414.643, 96
Trd, 4319415.693, 103
Trd, 4319416.293, 103
Trd, 4319419.493, 96
Trd, 4319421.093, 95
Trd, 4319421.193, 95
Trd, 4319422.693, 95
Trd, 4319423.893, 92
Trd, 4319425.793, 97
Trd, 4319426.243, 95
Trd, 4319426.443, 97
Trd, 4319429.543, 97
Trd, 4319429.843, 98
Trd, 4319430.143, 96
Trd, 4319430.343, 104
Trd, 4319432.393, 97
Trd, 4319432.943, 96
Trd, 4319433.293, 99
Trd, 4319435.193, 99
Trd, 4319436.143, 96
Trd, 4319437.743, 95
Trd, 4319438.493, 94
Trd, 4319439.043, 94
Trd, 4319440.043, 93
Trd, 4319440.243, 92
Trd, 4319441.043, 104
Trd, 4319442.693, 95
Trd, 4319445.943, 93
Trd, 4319446.743, 90
Trd, 4319448.543, 93
Trd, 4319449.443, 94
Trd, 4319450.293, 95
Trd, 4319452.543, 94
Trd, 4319452.643, 104
Trd, 4319454.843, 95
Trd, 4319455.193, 99
Trd, 4319456.693, 94
Trd, 4319457.693, 95
Trd, 4319458.593, 96
Trd, 4319459.643, 95
Trd, 4319460.593, 104
Trd, 4319461.943, 94
Trd, 4319462.493, 94
Trd, 4319463.043, 104
Trd, 4319464.343, 99
Trd, 4319465.193, 96
Trd, 4319465.443, 113
Trd, 4319466.393, 99
Trd, 4319468.193, 113
Trd, 4319469.143, 104
Trd, 4319469.743, 100
Trd, 4319470.493, 99
Trd, 4319471.443, 98
Trd, 4319471.943, 98
Trd, 4319473.843, 96
Trd, 4319475.393, 95
Trd, 4319475.943, 96
Trd, 4319476.993, 96
Trd, 4319478.193, 69
Trd, 4319479.943, 96
Trd, 4319480.243, 96
Trd, 4319482.943, 91
Trd, 4319483.043, 97
Trd, 4319483.543, 103
Trd, 4319485.793, 97
Trd, 4319488.493, 95
Trd, 4319489.193, 95
Trd, 4319489.793, 91
Trd, 4319492.693, 90
Trd, 4319494.843, 91
Trd, 4319495.143, 92
Trd, 4319496.343, 95
Trd, 4319497.593, 93
Trd, 4319497.643, 90
Trd, 4319499.493, 92
Trd, 4319501.693, 89
Trd, 4319502.293, 88
Trd, 4319503.293, 90
Trd, 4319503.543, 104
Trd, 4319504.243, 108
Trd, 4319508.593, 91
Trd, 4319508.743, 89
Trd, 4319510.943, 91
Trd, 4319511.043, 95
Trd, 4319513.243, 103
Trd, 4319514.143, 113
Trd, 4319515.693, 104
Trd, 4319516.093, 104
Trd, 4319516.293, 101
Trd, 4319517.093, 104
Trd, 4319517.143, 93
Trd, 4319518.593, 98
Trd, 4319520.093, 104
Trd, 4319520.193, 98
Trd, 4319522.443, 97
Trd, 4319523.393, 110
Trd, 4319523.993, 104
Trd, 4319525.543, 94
Trd, 4319526.443, 96
Trd, 4319528.193, 93
Trd, 4319528.243, 94
Trd, 4319529.793, 92
Trd, 4319530.443, 99
Trd, 4319531.093, 104
Trd, 4319532.843, 95
Trd, 4319533.293, 105
Trd, 4319536.543, 98
Trd, 4319537.743, 93
Trd, 4319538.793, 96
Trd, 4319541.643, 93
Trd, 4319541.943, 95
Trd, 4319542.493, 104
Trd, 4319543.093, 99
Trd, 4319544.143, 104
Trd, 4319544.193, 113
Trd, 4319545.993, 96
Trd, 4319547.593, 96
Trd, 4319549.243, 95
Trd, 4319550.293, 94
Trd, 4319550.543, 97
Trd, 4319553.893, 95
Trd, 4319553.943, 96
Trd, 4319555.343, 96
Trd, 4319556.543, 94
Trd, 4319556.793, 96
Trd, 4319556.893, 94
Trd, 4319558.643, 94
Trd, 4319558.843, 95
Trd, 4319559.693, 94
Trd, 4319562.693, 104
Trd, 4319562.793, 106
Trd, 4319563.493, 94
Trd, 4319564.143, 97
Trd, 4319565.793, 94
Trd, 4319567.743, 95
Trd, 4319568.993, 92
Trd, 4319569.693, 93
Trd, 4319572.243, 93
Trd, 4319574.293, 91
Trd, 4319576.043, 93
Trd, 4319576.093, 93
Trd, 4319577.143, 96
Trd, 4319578.843, 95
Trd, 4319581.943, 90
Trd, 4319582.093, 93
Trd, 4319583.793, 92
Trd, 4319584.243, 90
Trd, 4319584.943, 113
Trd, 4319585.193, 102
Trd, 4319587.093, 98
Trd, 4319589.043, 96
Trd, 4319589.593, 94
Trd, 4319589.843, 96
Trd, 4319589.943, 100
Trd, 4319593.043, 91
Trd, 4319593.393, 92
Trd, 4319595.093, 91
Trd, 4319597.493, 92
Trd, 4319597.593, 95
Trd, 4319598.343, 98
Trd, 4319598.993, 95
Trd, 4319600.343, 95
Trd, 4319602.443, 94
Trd, 4319602.793, 95
Trd, 4319602.943, 86
Trd, 4319603.743, 104
Trd, 4319604.243, 90
Trd, 4319605.493, 98
Trd, 4319606.643, 94
Trd, 4319608.043, 94
Trd, 4319610.043, 94
Trd, 4319610.593, 95
Trd, 4319611.993, 94
Trd, 4319612.643, 96
Trd, 4319613.093, 89
Trd, 4319614.693, 99
Trd, 4319616.043, 104
Trd, 4319617.593, 97
Trd, 4319618.393, 103
Trd, 4319618.443, 94
Trd, 4319620.743, 99
Trd, 4319621.793, 97
Trd, 4319622.043, 96
Trd, 4319622.343, 97
Trd, 4319625.243, 97
Trd, 4319626.743, 96
Trd, 4319626.943, 95
Trd, 4319627.893, 97
Trd, 4319629.043, 94
Trd, 4319629.343, 96
Trd, 4319631.093, 104
Trd, 4319633.493, 95
Trd, 4319635.743, 92
Trd, 4319636.243, 92
Trd, 4319636.643, 94
Trd, 4319638.443, 94
Trd, 4319639.043, 97
Trd, 4319640.443, 94
Trd, 4319640.593, 92
Trd, 4319642.393, 94
Trd, 4319643.443, 99
Trd, 4319644.193, 103
Trd, 4319644.893, 104
Trd, 4319646.443, 100
Trd, 4319647.593, 97
Trd, 4319648.143, 96
Trd, 4319649.293, 97
Trd, 4319652.093, 97
Trd, 4319652.343, 100
Trd, 4319653.843, 95
Trd, 4319654.643, 103
Trd, 4319656.893, 99
Trd, 4319659.193, 99
Trd, 4319659.343, 94
Trd, 4319659.593, 100
Trd, 4319660.343, 95
Trd, 4319663.993, 94
Trd, 4319665.893, 98
Trd, 4319666.093, 104
Trd, 4319666.343, 93
Trd, 4319666.793, 113
Trd, 4319668.293, 100
Trd, 4319669.493, 97
Trd, 4319672.143, 96
Trd, 4319672.343, 97
Trd, 4319672.943, 93
Trd, 4319673.593, 98
Trd, 4319675.393, 113
Trd, 4319675.543, 100
Trd, 4319676.843, 113
Trd, 4319677.543, 104
Trd, 4319677.843, 108
Trd, 4319678.443, 104
Trd, 4319680.343, 102
Trd, 4319681.343, 104
Trd, 4319681.893, 103
Trd, 4319682.693, 102
Trd, 4319683.843, 104
Trd, 4319684.843, 93
Trd, 4319687.093, 100
Trd, 4319687.493, 102
Trd, 4319687.993, 98
Trd, 4319688.243, 104
Trd, 4319688.993, 97
Trd, 4319691.443, 98
Trd, 4319691.643, 98
Trd, 4319693.843, 98
Trd, 4319694.543, 96
Trd, 4319696.343, 98
Trd, 4319698.043, 94
Trd, 4319698.643, 95
Trd, 4319698.893, 97
Trd, 4319702.493, 95
Trd, 4319702.893, 93
Trd, 4319703.193, 95
Trd, 4319703.793, 95
Trd, 4319705.143, 93
Trd, 4319705.993, 92
Trd, 4319706.443, 92
Trd, 4319706.843, 112
Trd, 4319709.893, 105
Trd, 4319710.293, 104
Trd, 4319710.343, 100
Trd, 4319712.943, 97
Trd, 4319713.143, 97
Trd, 4319713.893, 104
Trd, 4319714.693, 94
Trd, 4319715.293, 98
Trd, 4319716.893, 95
Trd, 4319717.443, 98
Trd, 4319719.743, 95
Trd, 4319720.293, 97
Trd, 4319720.693, 97
Trd, 4319721.193, 97
Trd, 4319721.943, 93
Trd, 4319722.243, 100
Trd, 4319723.993, 101
Trd, 4319725.843, 98
Trd, 4319727.593, 94
Trd, 4319728.893, 96
Trd, 4319730.343, 96
Trd, 4319733.043, 93
Trd, 4319733.543, 94
Trd, 4319734.693, 95
Trd, 4319734.743, 92
Trd, 4319735.093, 96
Trd, 4319738.593, 90
Trd, 4319739.893, 92
Trd, 4319741.243, 93
Trd, 4319742.193, 93
Trd, 4319742.643, 96
Trd, 4319742.843, 104
Trd, 4319744.743, 103
Trd, 4319745.143, 103
Trd, 4319745.493, 102
Trd, 4319747.343, 104
Trd, 4319748.843, 98
Trd, 4319749.043, 99
Trd, 4319750.693, 98
Trd, 4319750.743, 103
Trd, 4319751.643, 89
Trd, 4319753.493, 95
Trd, 4319753.843, 93
Trd, 4319754.193, 104
Trd, 4319756.493, 97
Trd, 4319758.693, 94
Trd, 4319759.093, 96
Trd, 4319759.293, 96
Trd, 4319759.493, 98
Trd, 4319761.543, 94
Trd, 4319762.693, 97
Trd, 4319766.893, 94
Trd, 4319767.843, 94
Trd, 4319767.893, 104
Trd, 4319769.293, 101
Trd, 4319771.543, 100
Trd, 4319772.143, 100
Trd, 4319772.193, 101
Trd, 4319774.043, 99
Trd, 4319774.743, 104
Trd, 4319776.243, 99
Trd, 4319776.843, 96
Trd, 4319777.793, 96
Trd, 4319778.243, 97
Trd, 4319780.893, 74
Trd, 4319781.543, 89
Trd, 4319782.193, 90
Trd, 4319783.693, 87
Trd, 4319784.043, 96
Trd, 4319786.343, 86
Trd, 4319786.643, 91
Trd, 4319787.743, 91
Trd, 4319787.943, 104
Trd, 4319790.693, 96
Trd, 4319791.193, 92
Trd, 4319791.293, 86
Trd, 4319791.493, 93
Trd, 4319792.393, 88
Trd, 4319793.843, 104
Trd, 4319794.243, 94
Trd, 4319795.693, 114
Trd, 4319798.193, 87
Trd, 4319799.343, 94
Trd, 4319800.393, 94
Trd, 4319800.743, 94
Trd, 4319802.443, 96
Trd, 4319803.893, 104
Trd, 4319805.143, 102
Trd, 4319805.493, 101
Trd, 4319805.893, 102
Trd, 4319806.893, 103
Trd, 4319808.143, 93
Trd, 4319809.993, 95
Trd, 4319810.543, 95
Trd, 4319811.543, 103
Trd, 4319813.193, 94
Trd, 4319813.243, 96
Trd, 4319813.443, 104
Trd, 4319813.643, 114
Trd, 4319814.393, 92
Trd, 4319816.793, 94
Trd, 4319817.643, 93
Trd, 4319818.343, 94
Trd, 4319820.043, 99
Trd, 4319821.193, 97
Trd, 4319822.343, 92
Trd, 4319822.893, 91
Trd, 4319824.693, 95
Trd, 4319825.093, 97
Trd, 4319827.643, 93
Trd, 4319827.943, 90
Trd, 4319828.043, 94
Trd, 4319830.193, 92
Trd, 4319831.743, 92
Trd, 4319833.893, 89
Trd, 4319835.043, 92
Trd, 4319836.693, 92
Trd, 4319837.243, 93
Trd, 4319838.193, 109
Trd, 4319840.193, 93
Trd, 4319840.543, 94
Trd, 4319842.343, 89
Trd, 4319842.743, 93
Trd, 4319843.643, 89
Trd, 4319844.893, 93
Trd, 4319847.693, 93
Trd, 4319848.293, 94
Trd, 4319848.343, 89
Trd, 4319851.793, 97
Trd, 4319853.293, 93
Trd, 4319853.793, 104
Trd, 4319854.543, 94
Trd, 4319855.343, 89
Trd, 4319859.193, 94
Trd, 4319859.643, 94
Trd, 4319860.143, 96
Trd, 4319861.593, 104
Trd, 4319861.643, 88
Trd, 4319862.793, 95
Trd, 4319864.243, 96
Trd, 4319864.393, 109
Trd, 4319866.443, 94
Trd, 4319866.543, 95
Trd, 4319868.043, 95
Trd, 4319868.193, 93
Trd, 4319868.693, 93
Trd, 4319869.993, 104
Trd, 4319871.343, 93
Trd, 4319871.693, 94
Trd, 4319873.093, 93
Trd, 4319874.393, 92
Trd, 4319875.993, 101
Trd, 4319877.293, 91
Trd, 4319878.893, 104
Trd, 4319880.693, 93
Trd, 4319881.343, 91
Trd, 4319881.493, 92
Trd, 4319882.643, 90
Trd, 4319882.743, 96
Trd, 4319886.093, 91
Trd, 4319888.093, 91
Trd, 4319888.193, 96
Trd, 4319888.393, 88
Trd, 4319889.093, 88
Trd, 4319890.043, 104
Trd, 4319890.243, 100
Trd, 4319890.293, 104
Trd, 4319892.693, 96
Trd, 4319894.743, 94
Trd, 4319895.393, 104
Trd, 4319895.993, 97
Trd, 4319898.493, 98
Trd, 4319899.393, 102
Trd, 4319901.843, 96
Trd, 4319901.993, 100
Trd, 4319902.143, 96
Trd, 4319903.493, 98
Trd, 4319905.093, 104
Trd, 4319906.993, 111
Trd, 4319907.493, 106
Trd, 4319907.893, 106
Trd, 4319909.293, 102
Trd, 4319909.493, 93
Trd, 4319909.843, 95
Trd, 4319910.693, 121
Trd, 4319911.043, 92
Trd, 4319914.843, 104
Trd, 4319915.593, 102
Trd, 4319917.493, 100
Trd, 4319919.193, 98
Trd, 4319919.343, 103
Trd, 4319919.493, 96
Trd, 4319920.693, 95
Trd, 4319921.943, 98
Trd, 4319922.893, 98
Trd, 4319925.293, 95
Trd, 4319926.793, 100
Trd, 4319927.743, 97
Trd, 4319929.043, 97
Trd, 4319931.943, 97
Trd, 4319932.043, 104
Trd, 4319934.393, 96
Trd, 4319936.293, 95
Trd, 4319937.693, 96
Trd, 4319938.893, 94
Trd, 4319939.693, 95
Trd, 4319939.843, 95
Trd, 4319942.693, 95
Trd, 4319942.843, 94
Trd, 4319944.443, 96
Trd, 4319945.793, 93
Trd, 4319945.993, 93
Trd, 4319946.043, 98
Trd, 4319948.843, 95
Trd, 4319949.143, 104
Trd, 4319951.043, 92
Trd, 4319951.693, 98
Trd, 4319953.993, 95
Trd, 4319954.243, 97
Trd, 4319955.843, 95
Trd, 4319957.193, 92
Trd, 4319957.793, 92
Trd, 4319958.643, 91
Trd, 4319959.243, 99
Trd, 4319963.143, 94
Trd, 4319963.993, 94
Trd, 4319964.743, 95
Trd, 4319966.143, 90
Trd, 4319966.693, 96
Trd, 4319967.343, 97
Trd, 4319969.343, 90
Trd, 4319970.093, 88
Trd, 4319970.743, 93
Trd, 4319972.943, 96
Trd, 4319973.393, 87
Trd, 4319973.843, 104
Trd, 4319974.343, 104
Trd, 4319976.493, 105
Trd, 4319976.643, 104
Trd, 4319977.043, 98
Trd, 4319977.943, 104
Trd, 4319978.093, 112
Trd, 4319979.093, 86
Trd, 4319980.593, 104
Trd, 4319981.243, 113
Trd, 4319982.393, 107
Trd, 4319982.693, 100
Trd, 4319985.243, 104
Trd, 4319985.593, 99
Trd, 4319986.593, 98
Trd, 4319986.993, 105
Trd, 4319987.543, 132
Trd, 4319990.043, 103
Trd, 4319992.293, 100
Trd, 4319992.693, 101
Trd, 4319992.793, 103
Trd, 4319993.343, 94
Trd, 4319993.893, 97
Trd, 4319996.393, 86
Trd, 4319996.793, 102
Trd, 4319997.743, 97
Trd, 4319999.893, 101
