Trd, 4317907.043, 104
Trd, 4317907.893, 86
Trd, 4317909.093, 82
Trd, 4317910.293, 77
Trd, 4317911.343, 78
Trd, 4317912.743, 98
Trd, 4317913.043, 99
Trd, 4317914.093, 104
Trd, 4317915.493, 105
Trd, 4317915.543, 77
Trd, 4317916.693, 104
Trd, 4317920.293, 104
Trd, 4317921.243, 90
Trd, 4317924.793, 128
Trd, 4317925.093, 122
Trd, 4317925.143, 126
Trd, 4317925.193, 107
Trd, 4317927.443, 111
Trd, 4317927.693, 112
Trd, 4317928.343, 102
Trd, 4317930.393, 77
Trd, 4317932.093, 84
Trd, 4317932.143, 112
Trd, 4317932.943, 97
Trd, 4317933.393, 139
Trd, 4317935.543, 110
Trd, 4317935.793, 109
Trd, 4317936.843, 104
Trd, 4317937.493, 77
Trd, 4317938.093, 115
Trd, 4317939.343, 103
Trd, 4317940.293, 110
Trd, 4317942.543, 103
Trd, 4317943.443, 114
Trd, 4317943.643, 113
Trd, 4317946.493, 87
Trd, 4317946.743, 98
Trd, 4317946.943, 100
Trd, 4317948.593, 102
Trd, 4317951.343, 109
Trd, 4317953.193, 115
Trd, 4317953.493, 111
Trd, 4317953.693, 107
Trd, 4317953.793, 104
Trd, 4317956.843, 131
Trd, 4317958.043, 98
Trd, 4317959.193, 96
Trd, 4317959.693, 98
Trd, 4317961.243, 86
Trd, 4317962.993, 91
Trd, 4317963.743, 105
Trd, 4317963.943, 85
Trd, 4317965.343, 107
Trd, 4317966.393, 131
Trd, 4317966.493, 112
Trd, 4317968.393, 131
Trd, 4317970.093, 90
Trd, 4317970.343, 84
Trd, 4317971.593, 104
Trd, 4317973.243, 78
Trd, 4317974.993, 122
Trd, 4317975.243, 114
Trd, 4317977.843, 119
Trd, 4317978.543, 107
Trd, 4317979.543, 107
Trd, 4317979.943, 118
Trd, 4317981.293, 105
Trd, 4317983.193, 85
Trd, 4317983.793, 77
Trd, 4317984.493, 112
Trd, 4317985.143, 109
Trd, 4317985.193, 121
Trd, 4317986.793, 117
Trd, 4317988.443, 93
Trd, 4317989.543, 103
Trd, 4317990.393, 77
Trd, 4317992.743, 104
Trd, 4317994.993, 94
Trd, 4317995.943, 99
Trd, 4317996.243, 108
Trd, 4317996.293, 98
Trd, 4317997.393, 101
Trd, 4317998.693, 100
Trd, 4317998.843, 120
Trd, 4318000.193, 102
Trd, 4318000.443, 88
Trd, 4318001.093, 115
Trd, 4318001.693, 83
Trd, 4318001.993, 119
Trd, 4318004.193, 82
Trd, 4318006.443, 95
Trd, 4318008.893, 93
Trd, 4318009.193, 95
Trd, 4318009.343, 104
Trd, 4318009.393, 124
Trd, 4318012.593, 104
Trd, 4318012.993, 123
Trd, 4318015.543, 95
Trd, 4318015.943, 106
Trd, 4318016.493, 95
Trd, 4318016.593, 93
Trd, 4318019.193, 106
Trd, 4318019.293, 87
Trd, 4318019.493, 81
Trd, 4318021.793, 103
Trd, 4318022.793, 103
Trd, 4318023.293, 85
Trd, 4318024.143, 86
Trd, 4318024.993, 110
Trd, 4318026.643, 94
Trd, 4318028.343, 95
Trd, 4318029.443, 106
Trd, 4318031.743, 80
Trd, 4318033.243, 73
Trd, 4318033.393, 77
Trd, 4318033.543, 95
Trd, 4318035.343, 79
Trd, 4318035.993, 97
Trd, 4318036.043, 98
Trd, 4318040.693, 97
Trd, 4318040.993, 96
Trd, 4318041.193, 106
Trd, 4318042.893, 111
Trd, 4318043.193, 105
Trd, 4318046.293, 115
Trd, 4318046.943, 114
Trd, 4318047.893, 108
Trd, 4318047.993, 104
Trd, 4318048.893, 122
Trd, 4318048.993, 77
Trd, 4318050.993, 93
Trd, 4318052.943, 106
Trd, 4318053.243, 107
Trd, 4318054.893, 94
Trd, 4318056.093, 104
Trd, 4318056.193, 106
Trd, 4318057.443, 77
Trd, 4318058.943, 107
Trd, 4318061.643, 96
Trd, 4318061.893, 104
Trd, 4318062.193, 119
Trd, 4318063.743, 101
Trd, 4318065.543, 121
Trd, 4318065.793, 123
Trd, 4318068.293, 95
Trd, 4318068.693, 104
Trd, 4318069.693, 95
Trd, 4318070.443, 95
Trd, 4318071.393, 103
Trd, 4318072.243, 79
Trd, 4318072.943, 91
Trd, 4318073.893, 76
Trd, 4318074.143, 102
Trd, 4318076.543, 104
Trd, 4318078.193, 103
Trd, 4318079.543, 109
Trd, 4318080.393, 81
Trd, 4318080.643, 78
Trd, 4318083.043, 112
Trd, 4318083.843, 117
Trd, 4318084.293, 86
Trd, 4318085.393, 104
Trd, 4318085.943, 106
Trd, 4318088.093, 121
Trd, 4318088.193, 80
Trd, 4318089.643, 122
Trd, 4318092.193, 107
Trd, 4318093.393, 102
Trd, 4318093.843, 104
Trd, 4318094.493, 118
Trd, 4318094.993, 102
Trd, 4318095.293, 119
Trd, 4318096.943, 77
Trd, 4318098.793, 114
Trd, 4318099.243, 122
Trd, 4318102.543, 106
Trd, 4318102.943, 120
Trd, 4318103.443, 105
Trd, 4318105.143, 104
Trd, 4318105.443, 121
Trd, 4318105.843, 131
Trd, 4318106.843, 80
Trd, 4318108.793, 84
Trd, 4318108.943, 102
Trd, 4318111.143, 109
Trd, 4318114.243, 117
Trd, 4318114.343, 87
Trd, 4318115.143, 129
Trd, 4318116.943, 89
Trd, 4318117.093, 96
Trd, 4318119.293, 86
Trd, 4318121.343, 77
Trd, 4318122.993, 96
Trd, 4318123.643, 106
Trd, 4318125.393, 126
Trd, 4318125.443, 111
Trd, 4318127.593, 112
Trd, 4318127.843, 84
Trd, 4318128.393, 118
Trd, 4318131.843, 81
Trd, 4318132.093, 79
Trd, 4318132.443, 123
Trd, 4318133.343, 107
Trd, 4318134.793, 104
Trd, 4318135.943, 108
Trd, 4318136.843, 99
Trd, 4318139.143, 110
Trd, 4318140.143, 87
Trd, 4318140.843, 104
Trd, 4318141.393, 87
Trd, 4318142.743, 108
Trd, 4318144.443, 86
Trd, 4318147.993, 100
Trd, 4318149.343, 104
Trd, 4318150.043, 100
Trd, 4318150.693, 113
Trd, 4318151.243, 124
Trd, 4318152.593, 101
Trd, 4318153.493, 93
Trd, 4318154.793, 98
Trd, 4318154.893, 75
Trd, 4318155.493, 104
Trd, 4318157.343, 87
Trd, 4318158.993, 102
Trd, 4318160.543, 100
Trd, 4318161.143, 104
Trd, 4318163.843, 106
Trd, 4318164.993, 113
Trd, 4318165.943, 111
Trd, 4318167.093, 104
Trd, 4318167.393, 113
Trd, 4318168.193, 79
Trd, 4318168.393, 104
Trd, 4318171.893, 103
Trd, 4318172.543, 102
Trd, 4318172.993, 104
Trd, 4318173.543, 110
Trd, 4318174.643, 103
Trd, 4318175.193, 116
Trd, 4318176.143, 101
Trd, 4318177.143, 113
Trd, 4318180.043, 90
Trd, 4318180.193, 120
Trd, 4318182.643, 92
Trd, 4318183.243, 129
Trd, 4318185.243, 119
Trd, 4318186.943, 140
Trd, 4318187.843, 93
Trd, 4318189.593, 127
Trd, 4318190.293, 109
Trd, 4318191.243, 95
Trd, 4318192.393, 99
Trd, 4318193.543, 122
Trd, 4318194.193, 95
Trd, 4318196.093, 77
Trd, 4318197.293, 104
Trd, 4318197.993, 112
Trd, 4318198.543, 110
Trd, 4318200.143, 93
Trd, 4318201.843, 83
Trd, 4318204.493, 104
Trd, 4318205.743, 105
Trd, 4318207.193, 101
Trd, 4318207.243, 97
Trd, 4318208.543, 99
Trd, 4318210.493, 111
Trd, 4318210.543, 124
Trd, 4318211.143, 105
Trd, 4318213.793, 105
Trd, 4318214.393, 94
Trd, 4318216.993, 89
Trd, 4318217.443, 91
Trd, 4318219.693, 104
Trd, 4318221.493, 103
Trd, 4318222.093, 90
Trd, 4318222.693, 105
Trd, 4318225.243, 96
Trd, 4318225.343, 98
Trd, 4318226.193, 104
Trd, 4318226.893, 107
Trd, 4318228.893, 122
Trd, 4318229.293, 82
Trd, 4318231.193, 101
Trd, 4318232.043, 108
Trd, 4318233.993, 89
Trd, 4318234.393, 89
Trd, 4318237.693, 95
Trd, 4318238.193, 138
Trd, 4318239.093, 94
Trd, 4318240.543, 102
Trd, 4318241.593, 93
Trd, 4318241.793, 98
Trd, 4318242.743, 91
Trd, 4318244.793, 107
Trd, 4318245.343, 108
Trd, 4318245.943, 80
Trd, 4318247.243, 108
Trd, 4318248.243, 106
Trd, 4318248.493, 111
Trd, 4318250.143, 124
Trd, 4318250.593, 92
Trd, 4318253.943, 102
Trd, 4318254.143, 76
Trd, 4318254.493, 108
Trd, 4318255.443, 96
Trd, 4318255.493, 122
Trd, 4318257.143, 102
Trd, 4318258.343, 122
Trd, 4318259.393, 84
Trd, 4318259.993, 108
Trd, 4318260.743, 104
Trd, 4318262.393, 106
Trd, 4318262.793, 75
Trd, 4318264.993, 88
Trd, 4318265.043, 108
Trd, 4318265.493, 84
Trd, 4318267.943, 126
Trd, 4318268.993, 103
Trd, 4318269.093, 75
Trd, 4318271.293, 98
Trd, 4318271.943, 85
Trd, 4318272.393, 105
Trd, 4318272.743, 71
Trd, 4318277.143, 108
Trd, 4318278.143, 104
Trd, 4318279.543, 101
Trd, 4318280.693, 105
Trd, 4318280.943, 117
Trd, 4318281.943, 80
Trd, 4318282.043, 129
Trd, 4318282.293, 85
Trd, 4318283.343, 77
Trd, 4318284.443, 113
Trd, 4318286.793, 112
Trd, 4318288.643, 121
Trd, 4318290.043, 111
Trd, 4318290.593, 105
Trd, 4318290.643, 104
Trd, 4318292.343, 113
Trd, 4318292.993, 104
Trd, 4318293.043, 114
Trd, 4318293.893, 104
Trd, 4318295.043, 68
Trd, 4318295.543, 91
Trd, 4318296.493, 93
Trd, 4318298.143, 124
Trd, 4318298.743, 107
Trd, 4318303.043, 95
Trd, 4318304.293, 110
Trd, 4318306.543, 101
Trd, 4318306.843, 105
Trd, 4318307.343, 113
Trd, 4318308.393, 82
Trd, 4318311.343, 103
Trd, 4318311.593, 104
Trd, 4318312.143, 84
Trd, 4318312.193, 79
Trd, 4318314.093, 101
Trd, 4318314.593, 103
Trd, 4318316.543, 104
Trd, 4318318.043, 100
Trd, 4318318.193, 101
Trd, 4318318.343, 107
Trd, 4318318.743, 79
Trd, 4318319.593, 78
Trd, 4318321.643, 116
Trd, 4318322.343, 110
Trd, 4318322.943, 120
Trd, 4318323.243, 104
Trd, 4318326.643, 103
Trd, 4318326.793, 79
Trd, 4318327.243, 103
Trd, 4318328.493, 103
Trd, 4318329.343, 86
Trd, 4318330.193, 104
Trd, 4318330.343, 77
Trd, 4318334.343, 99
Trd, 4318334.743, 117
Trd, 4318335.043, 112
Trd, 4318335.243, 100
Trd, 4318338.593, 86
Trd, 4318338.893, 104
Trd, 4318340.193, 106
Trd, 4318341.193, 109
Trd, 4318342.743, 100
Trd, 4318343.593, 106
Trd, 4318343.843, 100
Trd, 4318343.993, 104
Trd, 4318344.993, 113
Trd, 4318346.443, 116
Trd, 4318346.693, 87
Trd, 4318348.443, 126
Trd, 4318351.443, 104
Trd, 4318351.693, 101
Trd, 4318352.193, 119
Trd, 4318352.243, 80
Trd, 4318354.743, 107
Trd, 4318355.743, 87
Trd, 4318356.793, 91
Trd, 4318358.043, 94
Trd, 4318358.143, 95
Trd, 4318358.243, 111
Trd, 4318359.493, 131
Trd, 4318361.793, 84
Trd, 4318362.243, 89
Trd, 4318363.493, 87
Trd, 4318363.593, 93
Trd, 4318364.643, 82
Trd, 4318366.343, 91
Trd, 4318368.543, 104
Trd, 4318368.643, 93
Trd, 4318369.443, 104
Trd, 4318370.393, 87
Trd, 4318370.793, 102
Trd, 4318373.293, 97
Trd, 4318375.543, 79
Trd, 4318375.593, 77
Trd, 4318376.993, 103
Trd, 4318378.193, 103
Trd, 4318379.243, 104
Trd, 4318379.343, 78
Trd, 4318380.743, 105
Trd, 4318381.393, 77
Trd, 4318382.793, 77
Trd, 4318386.193, 112
Trd, 4318386.443, 88
Trd, 4318389.293, 109
Trd, 4318389.343, 111
Trd, 4318390.943, 110
Trd, 4318391.493, 122
Trd, 4318393.393, 101
Trd, 4318394.993, 122
Trd, 4318396.743, 124
Trd, 4318397.493, 104
Trd, 4318399.593, 102
Trd, 4318400.043, 114
Trd, 4318400.443, 77
Trd, 4318401.093, 77
Trd, 4318403.543, 104
Trd, 4318404.343, 103
Trd, 4318404.693, 104
Trd, 4318405.743, 103
Trd, 4318406.893, 98
Trd, 4318408.393, 107
Trd, 4318409.943, 97
Trd, 4318412.593, 92
Trd, 4318412.843, 103
Trd, 4318413.443, 91
Trd, 4318414.543, 104
Trd, 4318415.093, 105
Trd, 4318416.993, 138
Trd, 4318420.043, 105
Trd, 4318420.393, 88
Trd, 4318423.693, 106
Trd, 4318424.843, 87
Trd, 4318426.193, 104
Trd, 4318427.193, 104
Trd, 4318427.443, 108
Trd, 4318428.243, 98
Trd, 4318430.243, 103
Trd, 4318432.293, 118
Trd, 4318432.443, 101
Trd, 4318433.643, 118
Trd, 4318433.843, 113
Trd, 4318436.743, 105
Trd, 4318437.393, 104
Trd, 4318437.793, 110
Trd, 4318437.893, 104
Trd, 4318438.893, 133
Trd, 4318440.093, 78
Trd, 4318441.093, 74
Trd, 4318443.593, 104
Trd, 4318445.143, 138
Trd, 4318446.643, 122
Trd, 4318447.043, 87
Trd, 4318448.943, 114
Trd, 4318449.993, 124
Trd, 4318450.093, 108
Trd, 4318451.243, 107
Trd, 4318453.743, 95
Trd, 4318454.343, 80
Trd, 4318456.793, 95
Trd, 4318457.193, 97
Trd, 4318458.243, 131
Trd, 4318459.393, 82
Trd, 4318460.393, 104
Trd, 4318461.743, 79
Trd, 4318463.043, 94
Trd, 4318464.343, 130
Trd, 4318465.393, 118
Trd, 4318466.143, 108
Trd, 4318468.293, 140
Trd, 4318469.843, 99
Trd, 4318470.393, 80
Trd, 4318472.093, 79
Trd, 4318472.443, 83
Trd, 4318472.493, 95
Trd, 4318474.343, 95
Trd, 4318476.143, 99
Trd, 4318477.743, 101
Trd, 4318477.793, 104
Trd, 4318478.243, 94
Trd, 4318480.643, 88
Trd, 4318480.893, 103
Trd, 4318481.693, 103
Trd, 4318483.393, 87
Trd, 4318485.643, 104
Trd, 4318486.093, 89
Trd, 4318488.343, 93
Trd, 4318489.043, 98
Trd, 4318489.193, 83
Trd, 4318489.993, 104
Trd, 4318491.693, 115
Trd, 4318493.643, 85
Trd, 4318493.843, 78
Trd, 4318494.843, 109
Trd, 4318497.093, 107
Trd, 4318497.793, 83
Trd, 4318500.893, 102
Trd, 4318502.243, 104
Trd, 4318503.443, 97
Trd, 4318503.943, 77
Trd, 4318504.043, 119
Trd, 4318506.093, 131
Trd, 4318507.043, 105
Trd, 4318507.843, 128
Trd, 4318508.143, 107
Trd, 4318508.993, 100
Trd, 4318512.593, 113
Trd, 4318514.493, 90
Trd, 4318514.643, 78
Trd, 4318515.743, 80
Trd, 4318516.793, 122
Trd, 4318517.793, 97
Trd, 4318519.193, 121
Trd, 4318520.543, 109
Trd, 4318522.193, 104
Trd, 4318524.193, 88
Trd, 4318525.693, 100
Trd, 4318527.593, 94
Trd, 4318529.293, 95
Trd, 4318530.443, 96
Trd, 4318530.543, 80
Trd, 4318530.943, 108
Trd, 4318535.993, 99
Trd, 4318536.543, 113
Trd, 4318536.893, 113
Trd, 4318537.743, 99
Trd, 4318539.393, 99
Trd, 4318539.793, 104
Trd, 4318540.893, 102
Trd, 4318541.343, 99
Trd, 4318542.893, 111
Trd, 4318544.493, 78
Trd, 4318545.243, 110
Trd, 4318546.193, 109
Trd, 4318548.393, 125
Trd, 4318548.693, 92
Trd, 4318550.893, 122
Trd, 4318551.043, 112
Trd, 4318551.643, 128
Trd, 4318552.393, 106
Trd, 4318553.543, 104
Trd, 4318555.243, 140
Trd, 4318556.493, 127
Trd, 4318557.343, 113
Trd, 4318557.743, 113
Trd, 4318558.643, 105
Trd, 4318559.593, 112
Trd, 4318561.543, 90
Trd, 4318564.693, 97
Trd, 4318565.143, 92
Trd, 4318566.943, 103
Trd, 4318569.893, 101
Trd, 4318570.543, 100
Trd, 4318571.193, 101
Trd, 4318572.643, 68
Trd, 4318573.793, 125
Trd, 4318573.843, 131
Trd, 4318575.743, 81
Trd, 4318577.693, 100
Trd, 4318578.443, 69
Trd, 4318578.793, 100
Trd, 4318579.043, 110
Trd, 4318581.143, 101
Trd, 4318581.743, 72
Trd, 4318586.993, 93
Trd, 4318587.593, 95
Trd, 4318588.643, 77
Trd, 4318588.993, 71
Trd, 4318589.143, 108
Trd, 4318589.593, 127
Trd, 4318589.843, 130
Trd, 4318592.443, 127
Trd, 4318593.443, 116
Trd, 4318597.543, 101
Trd, 4318597.993, 102
Trd, 4318598.193, 98
Trd, 4318598.393, 97
Trd, 4318599.093, 82
Trd, 4318601.193, 74
Trd, 4318602.693, 109
Trd, 4318603.843, 90
Trd, 4318606.243, 103
Trd, 4318608.143, 81
Trd, 4318608.243, 98
Trd, 4318608.843, 104
Trd, 4318609.893, 82
Trd, 4318611.993, 117
Trd, 4318612.343, 109
Trd, 4318613.443, 96
Trd, 4318614.143, 118
Trd, 4318616.293, 123
Trd, 4318616.443, 98
Trd, 4318618.493, 124
Trd, 4318618.843, 82
Trd, 4318619.343, 81
Trd, 4318623.093, 90
Trd, 4318623.893, 121
Trd, 4318624.893, 104
Trd, 4318625.343, 103
Trd, 4318627.293, 77
Trd, 4318628.143, 95
Trd, 4318629.143, 104
Trd, 4318630.293, 111
Trd, 4318631.043, 99
Trd, 4318631.143, 98
Trd, 4318632.193, 104
Trd, 4318633.693, 111
Trd, 4318635.193, 102
Trd, 4318638.043, 102
Trd, 4318638.193, 104
Trd, 4318639.143, 138
Trd, 4318640.993, 106
Trd, 4318642.143, 98
Trd, 4318643.543, 103
Trd, 4318643.593, 105
Trd, 4318643.993, 78
Trd, 4318645.693, 110
Trd, 4318646.593, 77
Trd, 4318648.493, 92
Trd, 4318648.993, 128
Trd, 4318650.243, 129
Trd, 4318650.493, 104
Trd, 4318653.393, 105
Trd, 4318654.093, 104
Trd, 4318656.043, 94
Trd, 4318658.593, 95
Trd, 4318659.943, 86
Trd, 4318660.243, 105
Trd, 4318660.693, 85
Trd, 4318662.743, 130
Trd, 4318663.443, 133
Trd, 4318664.743, 97
Trd, 4318667.043, 101
Trd, 4318667.193, 100
Trd, 4318669.743, 109
Trd, 4318670.843, 104
Trd, 4318671.243, 105
Trd, 4318671.693, 129
Trd, 4318674.443, 95
Trd, 4318674.643, 108
Trd, 4318675.143, 122
Trd, 4318675.643, 92
Trd, 4318676.443, 112
Trd, 4318677.493, 121
Trd, 4318679.293, 109
Trd, 4318679.443, 104
Trd, 4318681.943, 88
Trd, 4318682.443, 99
Trd, 4318683.443, 104
Trd, 4318683.943, 109
Trd, 4318686.343, 114
Trd, 4318688.943, 112
Trd, 4318689.243, 97
Trd, 4318689.443, 96
Trd, 4318691.393, 122
Trd, 4318692.493, 132
Trd, 4318692.593, 103
Trd, 4318692.993, 104
Trd, 4318696.543, 81
Trd, 4318697.793, 100
Trd, 4318697.893, 106
Trd, 4318700.093, 86
Trd, 4318702.293, 88
Trd, 4318702.943, 99
Trd, 4318703.693, 100
Trd, 4318704.643, 108
Trd, 4318708.943, 106
Trd, 4318708.993, 108
Trd, 4318710.193, 113
Trd, 4318710.293, 88
Trd, 4318711.043, 122
Trd, 4318711.843, 77
Trd, 4318713.843, 106
Trd, 4318715.493, 128
Trd, 4318717.193, 125
Trd, 4318717.793, 88
Trd, 4318718.643, 88
Trd, 4318721.093, 110
Trd, 4318723.693, 130
Trd, 4318724.243, 126
Trd, 4318725.143, 113
Trd, 4318726.393, 122
Trd, 4318728.193, 91
Trd, 4318728.393, 95
Trd, 4318731.593, 101
Trd, 4318731.743, 99
Trd, 4318735.443, 104
Trd, 4318736.243, 88
Trd, 4318737.393, 106
Trd, 4318738.893, 107
Trd, 4318738.993, 121
Trd, 4318743.793, 104
Trd, 4318744.243, 103
Trd, 4318744.593, 77
Trd, 4318746.043, 104
Trd, 4318746.493, 104
Trd, 4318749.043, 113
Trd, 4318749.093, 126
Trd, 4318750.543, 92
Trd, 4318751.293, 77
Trd, 4318751.793, 89
Trd, 4318754.043, 91
Trd, 4318754.243, 95
Trd, 4318754.393, 92
Trd, 4318754.843, 115
Trd, 4318755.743, 105
Trd, 4318756.343, 78
Trd, 4318758.343, 100
Trd, 4318760.343, 101
Trd, 4318761.393, 91
Trd, 4318761.593, 109
Trd, 4318763.043, 140
Trd, 4318763.743, 82
Trd, 4318766.343, 87
Trd, 4318767.193, 105
Trd, 4318767.543, 109
Trd, 4318767.643, 93
Trd, 4318770.393, 103
Trd, 4318771.643, 100
Trd, 4318773.993, 106
Trd, 4318774.893, 121
Trd, 4318775.243, 95
Trd, 4318775.293, 122
Trd, 4318776.643, 97
Trd, 4318777.093, 87
Trd, 4318780.393, 87
Trd, 4318780.843, 98
Trd, 4318781.993, 99
Trd, 4318782.243, 105
Trd, 4318782.593, 83
Trd, 4318784.743, 104
Trd, 4318786.243, 131
Trd, 4318786.693, 108
Trd, 4318787.943, 104
Trd, 4318788.193, 82
Trd, 4318789.393, 131
Trd, 4318790.993, 139
Trd, 4318791.043, 122
Trd, 4318791.193, 104
Trd, 4318792.843, 110
Trd, 4318793.643, 77
Trd, 4318794.243, 99
Trd, 4318796.193, 131
Trd, 4318797.743, 105
Trd, 4318798.143, 105
Trd, 4318798.543, 108
Trd, 4318800.293, 108
Trd, 4318800.393, 114
Trd, 4318801.593, 137
Trd, 4318802.843, 133
Trd, 4318803.193, 93
Trd, 4318804.443, 110
Trd, 4318804.893, 123
Trd, 4318806.043, 104
Trd, 4318809.643, 83
Trd, 4318810.043, 84
Trd, 4318810.843, 83
Trd, 4318811.643, 94
Trd, 4318812.243, 105
Trd, 4318815.343, 109
Trd, 4318815.443, 111
Trd, 4318816.643, 104
Trd, 4318818.643, 121
Trd, 4318819.043, 122
Trd, 4318819.493, 104
Trd, 4318820.643, 92
Trd, 4318822.093, 87
Trd, 4318823.143, 108
Trd, 4318824.643, 117
Trd, 4318825.993, 109
Trd, 4318827.093, 93
Trd, 4318827.243, 90
Trd, 4318828.243, 140
Trd, 4318829.493, 131
Trd, 4318830.843, 95
Trd, 4318832.143, 100
Trd, 4318832.643, 100
Trd, 4318832.743, 77
Trd, 4318834.593, 104
Trd, 4318834.893, 90
Trd, 4318835.193, 129
Trd, 4318837.943, 113
Trd, 4318839.443, 109
Trd, 4318839.893, 120
Trd, 4318840.293, 107
Trd, 4318841.893, 102
Trd, 4318842.993, 93
Trd, 4318843.493, 105
Trd, 4318844.893, 85
Trd, 4318845.893, 122
Trd, 4318847.893, 118
Trd, 4318848.443, 82
Trd, 4318851.093, 91
Trd, 4318851.693, 105
Trd, 4318853.193, 94
Trd, 4318853.393, 107
Trd, 4318856.893, 102
Trd, 4318856.943, 105
Trd, 4318857.243, 98
Trd, 4318857.993, 98
Trd, 4318858.893, 130
Trd, 4318861.443, 104
Trd, 4318861.993, 106
Trd, 4318863.043, 118
Trd, 4318864.743, 107
Trd, 4318865.143, 97
Trd, 4318866.643, 102
Trd, 4318870.243, 103
Trd, 4318871.843, 101
Trd, 4318871.893, 104
Trd, 4318872.693, 131
Trd, 4318873.893, 97
Trd, 4318874.843, 86
Trd, 4318875.893, 128
Trd, 4318876.693, 92
Trd, 4318881.043, 101
Trd, 4318881.343, 90
Trd, 4318882.493, 90
Trd, 4318882.843, 103
Trd, 4318884.593, 109
Trd, 4318885.793, 103
Trd, 4318887.543, 102
Trd, 4318888.293, 102
Trd, 4318888.593, 99
Trd, 4318889.293, 104
Trd, 4318889.643, 101
Trd, 4318892.943, 104
Trd, 4318894.443, 93
Trd, 4318895.243, 105
Trd, 4318895.443, 114
Trd, 4318896.043, 90
Trd, 4318897.793, 80
Trd, 4318898.343, 81
Trd, 4318898.393, 95
Trd, 4318900.493, 115
Trd, 4318901.143, 122
Trd, 4318901.343, 104
Trd, 4318904.343, 109
Trd, 4318905.243, 107
Trd, 4318905.393, 116
Trd, 4318905.593, 127
Trd, 4318905.943, 104
Trd, 4318909.493, 101
Trd, 4318910.643, 80
Trd, 4318911.093, 101
Trd, 4318913.143, 121
Trd, 4318913.743, 90
Trd, 4318916.293, 98
Trd, 4318917.393, 95
Trd, 4318918.093, 91
Trd, 4318918.193, 95
Trd, 4318918.293, 75
Trd, 4318919.843, 75
Trd, 4318920.643, 109
Trd, 4318920.693, 111
Trd, 4318921.293, 77
Trd, 4318921.943, 109
Trd, 4318924.293, 104
Trd, 4318928.493, 108
Trd, 4318928.693, 119
Trd, 4318929.693, 104
Trd, 4318930.993, 110
Trd, 4318932.143, 106
Trd, 4318932.943, 117
Trd, 4318934.793, 111
Trd, 4318935.143, 114
Trd, 4318936.943, 92
Trd, 4318938.893, 128
Trd, 4318939.343, 94
Trd, 4318939.693, 97
Trd, 4318942.493, 104
Trd, 4318944.543, 85
Trd, 4318944.593, 77
Trd, 4318945.193, 103
Trd, 4318945.243, 104
Trd, 4318946.743, 86
Trd, 4318947.293, 94
Trd, 4318949.743, 95
Trd, 4318950.993, 91
Trd, 4318953.143, 106
Trd, 4318953.243, 112
Trd, 4318955.043, 83
Trd, 4318956.943, 83
Trd, 4318957.243, 113
Trd, 4318958.043, 127
Trd, 4318958.643, 78
Trd, 4318961.493, 108
Trd, 4318961.593, 80
Trd, 4318962.293, 140
Trd, 4318963.393, 105
Trd, 4318964.193, 96
Trd, 4318965.893, 81
Trd, 4318969.443, 112
Trd, 4318970.343, 105
Trd, 4318971.593, 105
Trd, 4318972.443, 104
Trd, 4318973.443, 112
Trd, 4318974.443, 106
Trd, 4318975.293, 126
Trd, 4318975.593, 105
Trd, 4318976.543, 104
Trd, 4318978.293, 116
Trd, 4318979.043, 104
Trd, 4318979.393, 80
Trd, 4318981.993, 97
Trd, 4318984.243, 96
Trd, 4318985.793, 95
Trd, 4318986.593, 95
Trd, 4318986.743, 96
Trd, 4318987.243, 81
Trd, 4318988.743, 77
Trd, 4318990.643, 105
Trd, 4318991.243, 111
Trd, 4318992.293, 91
Trd, 4318992.443, 76
Trd, 4318993.543, 110
Trd, 4318995.993, 108
Trd, 4318998.143, 98
Trd, 4318999.943, 109
Trd, 4319000.593, 104
Trd, 4319000.643, 91
Trd, 4319001.143, 89
Trd, 4319002.193, 106
Trd, 4319002.743, 107
Trd, 4319003.643, 94
Trd, 4319007.143, 84
Trd, 4319009.193, 85
Trd, 4319010.743, 72
Trd, 4319010.943, 101
Trd, 4319011.043, 108
Trd, 4319012.543, 84
Trd, 4319012.693, 114
Trd, 4319014.943, 82
Trd, 4319015.143, 110
Trd, 4319015.543, 111
Trd, 4319016.743, 79
Trd, 4319017.743, 120
Trd, 4319020.343, 104
Trd, 4319021.343, 84
Trd, 4319021.443, 103
Trd, 4319023.643, 103
Trd, 4319025.093, 84
Trd, 4319025.593, 115
Trd, 4319025.893, 135
Trd, 4319026.093, 79
Trd, 4319027.743, 106
Trd, 4319030.093, 93
Trd, 4319031.443, 84
Trd, 4319031.693, 93
Trd, 4319032.393, 96
Trd, 4319032.743, 95
Trd, 4319034.793, 98
Trd, 4319035.193, 105
Trd, 4319036.143, 124
Trd, 4319039.043, 110
Trd, 4319040.243, 98
Trd, 4319040.443, 99
Trd, 4319040.543, 97
Trd, 4319044.043, 102
Trd, 4319044.693, 95
Trd, 4319044.743, 106
Trd, 4319045.243, 91
Trd, 4319050.843, 83
Trd, 4319051.343, 104
Trd, 4319051.943, 119
Trd, 4319051.993, 85
Trd, 4319054.043, 113
Trd, 4319054.393, 115
Trd, 4319056.543, 114
Trd, 4319057.543, 106
Trd, 4319059.643, 131
Trd, 4319061.193, 122
Trd, 4319062.243, 113
Trd, 4319062.843, 123
Trd, 4319063.943, 103
Trd, 4319064.793, 90
Trd, 4319064.943, 84
Trd, 4319065.693, 105
Trd, 4319065.993, 131
Trd, 4319068.043, 124
Trd, 4319068.593, 124
Trd, 4319071.593, 99
Trd, 4319072.443, 106
Trd, 4319073.393, 82
Trd, 4319073.993, 104
Trd, 4319076.393, 70
Trd, 4319077.943, 93
Trd, 4319078.293, 106
Trd, 4319078.793, 131
Trd, 4319079.543, 130
Trd, 4319080.843, 96
Trd, 4319082.693, 90
Trd, 4319082.793, 103
Trd, 4319086.693, 79
Trd, 4319087.293, 98
Trd, 4319088.143, 104
Trd, 4319088.793, 105
Trd, 4319088.993, 81
Trd, 4319089.893, 138
Trd, 4319090.593, 112
Trd, 4319092.993, 90
Trd, 4319094.643, 98
Trd, 4319095.543, 90
Trd, 4319095.693, 89
Trd, 4319096.593, 99
Trd, 4319098.543, 105
Trd, 4319099.893, 125
Trd, 4319100.343, 94
Trd, 4319100.693, 85
Trd, 4319101.293, 100
Trd, 4319105.493, 86
Trd, 4319105.693, 108
Trd, 4319105.943, 85
Trd, 4319109.093, 110
Trd, 4319109.493, 111
Trd, 4319110.893, 113
Trd, 4319113.543, 100
Trd, 4319113.593, 87
Trd, 4319115.093, 100
Trd, 4319115.993, 104
Trd, 4319117.293, 79
Trd, 4319117.393, 103
Trd, 4319121.493, 101
Trd, 4319122.193, 103
Trd, 4319123.793, 104
Trd, 4319123.893, 100
Trd, 4319125.143, 101
Trd, 4319127.143, 100
Trd, 4319129.093, 105
Trd, 4319129.143, 106
Trd, 4319131.343, 86
Trd, 4319132.393, 113
Trd, 4319134.143, 127
Trd, 4319135.343, 130
Trd, 4319135.443, 122
Trd, 4319137.143, 138
Trd, 4319137.443, 128
Trd, 4319138.693, 140
Trd, 4319138.943, 105
Trd, 4319141.893, 108
Trd, 4319143.393, 108
Trd, 4319143.643, 114
Trd, 4319144.743, 104
Trd, 4319145.993, 122
Trd, 4319146.793, 77
Trd, 4319148.143, 80
Trd, 4319149.793, 80
Trd, 4319152.943, 104
Trd, 4319153.043, 95
Trd, 4319153.093, 94
Trd, 4319154.693, 103
Trd, 4319155.293, 105
Trd, 4319156.243, 108
Trd, 4319158.943, 85
Trd, 4319159.193, 107
Trd, 4319160.493, 86
Trd, 4319160.643, 91
Trd, 4319161.193, 77
Trd, 4319163.143, 116
Trd, 4319163.293, 117
Trd, 4319163.343, 111
Trd, 4319164.343, 77
Trd, 4319165.793, 96
Trd, 4319166.243, 129
Trd, 4319168.893, 113
Trd, 4319169.343, 122
Trd, 4319169.743, 112
Trd, 4319170.343, 62
Trd, 4319171.843, 93
Trd, 4319172.143, 95
Trd, 4319172.893, 105
Trd, 4319174.193, 90
Trd, 4319176.993, 107
Trd, 4319177.393, 123
Trd, 4319179.843, 99
Trd, 4319180.493, 121
Trd, 4319182.043, 97
Trd, 4319182.243, 102
Trd, 4319184.043, 107
Trd, 4319186.193, 99
Trd, 4319188.293, 109
Trd, 4319188.443, 109
Trd, 4319188.943, 117
Trd, 4319189.243, 104
Trd, 4319191.793, 108
Trd, 4319192.443, 104
Trd, 4319193.093, 91
Trd, 4319195.593, 77
Trd, 4319196.443, 105
Trd, 4319197.043, 104
Trd, 4319197.243, 103
Trd, 4319197.743, 117
Trd, 4319198.593, 102
Trd, 4319204.043, 102
Trd, 4319204.593, 104
Trd, 4319204.693, 92
Trd, 4319204.893, 104
Trd, 4319205.493, 90
Trd, 4319205.743, 89
Trd, 4319208.393, 128
Trd, 4319209.693, 107
Trd, 4319211.693, 102
Trd, 4319213.793, 87
Trd, 4319213.843, 100
Trd, 4319214.043, 104
Trd, 4319214.343, 104
Trd, 4319217.643, 94
Trd, 4319218.193, 95
Trd, 4319219.043, 88
Trd, 4319220.343, 106
Trd, 4319222.843, 85
Trd, 4319225.093, 93
Trd, 4319225.443, 95
Trd, 4319225.593, 109
Trd, 4319226.193, 85
Trd, 4319228.243, 100
Trd, 4319228.593, 100
Trd, 4319228.843, 99
Trd, 4319229.293, 103
Trd, 4319231.043, 110
Trd, 4319232.643, 71
Trd, 4319233.093, 122
Trd, 4319234.293, 76
Trd, 4319236.093, 122
Trd, 4319237.543, 102
Trd, 4319238.693, 110
Trd, 4319239.443, 111
Trd, 4319239.743, 105
Trd, 4319241.743, 104
Trd, 4319243.543, 120
Trd, 4319244.943, 110
Trd, 4319245.143, 104
Trd, 4319246.493, 121
Trd, 4319249.393, 90
Trd, 4319250.193, 80
Trd, 4319250.593, 95
Trd, 4319250.793, 108
Trd, 4319253.643, 140
Trd, 4319254.043, 88
Trd, 4319255.243, 131
Trd, 4319255.443, 107
Trd, 4319258.043, 86
Trd, 4319258.343, 120
Trd, 4319260.093, 104
Trd, 4319261.193, 125
Trd, 4319263.643, 122
Trd, 4319265.143, 83
Trd, 4319265.293, 82
Trd, 4319266.693, 84
Trd, 4319267.143, 99
Trd, 4319268.243, 104
Trd, 4319270.243, 89
Trd, 4319270.293, 95
Trd, 4319271.243, 108
Trd, 4319272.393, 94
Trd, 4319273.293, 99
Trd, 4319274.093, 82
Trd, 4319274.793, 107
Trd, 4319278.093, 104
Trd, 4319278.893, 118
Trd, 4319279.343, 93
Trd, 4319281.593, 123
Trd, 4319281.843, 128
Trd, 4319281.993, 107
Trd, 4319282.293, 104
Trd, 4319282.743, 89
Trd, 4319284.443, 113
Trd, 4319285.893, 93
Trd, 4319289.893, 104
Trd, 4319290.043, 105
Trd, 4319290.243, 122
Trd, 4319292.043, 98
Trd, 4319293.993, 86
Trd, 4319297.393, 104
Trd, 4319298.693, 91
Trd, 4319299.243, 103
Trd, 4319299.443, 80
Trd, 4319301.343, 102
Trd, 4319303.393, 91
Trd, 4319304.793, 104
Trd, 4319308.443, 101
Trd, 4319308.843, 108
Trd, 4319311.193, 102
Trd, 4319314.593, 106
Trd, 4319314.693, 117
Trd, 4319314.793, 122
Trd, 4319314.993, 99
Trd, 4319316.943, 96
Trd, 4319317.293, 105
Trd, 4319319.143, 102
Trd, 4319319.993, 77
Trd, 4319320.843, 94
Trd, 4319322.143, 107
Trd, 4319323.493, 104
Trd, 4319324.443, 77
Trd, 4319324.493, 71
Trd, 4319325.893, 108
Trd, 4319328.243, 113
Trd, 4319328.893, 94
Trd, 4319329.343, 93
Trd, 4319331.593, 108
Trd, 4319333.043, 113
Trd, 4319333.443, 95
Trd, 4319333.993, 130
Trd, 4319336.493, 95
Trd, 4319336.543, 116
Trd, 4319337.743, 107
Trd, 4319338.193, 104
Trd, 4319339.343, 139
Trd, 4319341.693, 113
Trd, 4319341.843, 114
Trd, 4319343.343, 108
Trd, 4319344.743, 94
Trd, 4319345.043, 86
Trd, 4319346.743, 124
Trd, 4319348.443, 104
Trd, 4319348.743, 127
Trd, 4319349.043, 122
Trd, 4319351.293, 123
Trd, 4319352.193, 95
Trd, 4319356.493, 106
Trd, 4319356.543, 105
Trd, 4319358.143, 105
Trd, 4319359.293, 100
Trd, 4319359.743, 105
Trd, 4319360.993, 78
Trd, 4319362.893, 102
Trd, 4319364.293, 100
Trd, 4319365.693, 105
Trd, 4319367.793, 104
Trd, 4319367.943, 105
Trd, 4319367.993, 89
Trd, 4319368.843, 89
Trd, 4319370.943, 98
Trd, 4319371.493, 97
Trd, 4319371.593, 104
Trd, 4319373.143, 131
Trd, 4319373.643, 122
Trd, 4319375.093, 95
Trd, 4319375.693, 135
Trd, 4319377.793, 129
Trd, 4319378.843, 109
Trd, 4319380.243, 107
Trd, 4319383.693, 104
Trd, 4319383.893, 104
Trd, 4319384.493, 77
Trd, 4319385.143, 77
Trd, 4319385.593, 78
Trd, 4319387.993, 104
Trd, 4319389.643, 76
Trd, 4319391.643, 108
Trd, 4319393.293, 127
Trd, 4319393.543, 87
Trd, 4319394.143, 104
Trd, 4319395.143, 128
Trd, 4319396.993, 88
Trd, 4319397.893, 127
Trd, 4319400.293, 102
Trd, 4319402.593, 104
Trd, 4319403.243, 102
Trd, 4319405.693, 104
Trd, 4319405.793, 105
Trd, 4319408.343, 106
Trd, 4319408.943, 105
Trd, 4319409.393, 78
Trd, 4319410.293, 77
Trd, 4319410.743, 123
Trd, 4319413.043, 95
Trd, 4319413.443, 110
Trd, 4319414.993, 129
Trd, 4319415.293, 85
Trd, 4319418.593, 94
Trd, 4319418.893, 98
Trd, 4319419.543, 101
Trd, 4319420.293, 88
Trd, 4319420.893, 78
Trd, 4319422.943, 104
Trd, 4319423.293, 96
Trd, 4319424.993, 105
Trd, 4319426.493, 91
Trd, 4319428.043, 103
Trd, 4319429.293, 103
Trd, 4319433.093, 87
Trd, 4319434.043, 96
Trd, 4319434.243, 97
Trd, 4319434.693, 83
Trd, 4319435.893, 103
Trd, 4319437.143, 125
Trd, 4319438.343, 80
Trd, 4319438.843, 79
Trd, 4319439.443, 112
Trd, 4319441.193, 131
Trd, 4319442.193, 94
Trd, 4319442.943, 116
Trd, 4319443.543, 94
Trd, 4319445.093, 89
Trd, 4319445.243, 104
Trd, 4319445.443, 116
Trd, 4319446.543, 85
Trd, 4319447.293, 111
Trd, 4319448.443, 130
Trd, 4319449.843, 122
Trd, 4319449.943, 104
Trd, 4319451.193, 77
Trd, 4319451.393, 112
Trd, 4319452.043, 85
Trd, 4319453.443, 106
Trd, 4319453.693, 108
Trd, 4319456.743, 104
Trd, 4319457.543, 121
Trd, 4319458.843, 93
Trd, 4319459.943, 90
Trd, 4319460.793, 113
Trd, 4319463.043, 111
Trd, 4319463.793, 90
Trd, 4319465.193, 93
Trd, 4319466.793, 77
Trd, 4319467.943, 120
Trd, 4319468.493, 65
Trd, 4319469.793, 90
Trd, 4319470.043, 91
Trd, 4319471.443, 137
Trd, 4319471.743, 109
Trd, 4319472.843, 61
Trd, 4319472.893, 77
Trd, 4319474.843, 95
Trd, 4319475.443, 87
Trd, 4319479.793, 92
Trd, 4319479.943, 91
Trd, 4319480.343, 95
Trd, 4319480.893, 105
Trd, 4319480.993, 123
Trd, 4319482.393, 88
Trd, 4319483.543, 111
Trd, 4319484.443, 101
Trd, 4319486.493, 125
Trd, 4319489.193, 102
Trd, 4319489.243, 103
Trd, 4319489.293, 104
Trd, 4319490.243, 101
Trd, 4319490.293, 99
Trd, 4319492.243, 97
Trd, 4319493.943, 90
Trd, 4319495.893, 125
Trd, 4319496.343, 122
Trd, 4319497.343, 126
Trd, 4319497.843, 108
Trd, 4319498.993, 78
Trd, 4319500.493, 105
Trd, 4319500.793, 106
Trd, 4319501.493, 121
Trd, 4319503.293, 120
Trd, 4319504.243, 97
Trd, 4319505.193, 96
Trd, 4319506.593, 79
Trd, 4319508.243, 104
Trd, 4319508.593, 110
Trd, 4319509.593, 119
Trd, 4319511.143, 77
Trd, 4319512.593, 106
Trd, 4319513.443, 112
Trd, 4319515.243, 92
Trd, 4319515.843, 78
Trd, 4319516.343, 77
Trd, 4319517.893, 110
Trd, 4319517.943, 134
Trd, 4319519.793, 84
Trd, 4319522.343, 126
Trd, 4319522.443, 122
Trd, 4319522.593, 104
Trd, 4319524.893, 111
Trd, 4319525.193, 117
Trd, 4319525.793, 104
Trd, 4319526.293, 95
Trd, 4319527.343, 106
Trd, 4319528.993, 113
Trd, 4319529.093, 111
Trd, 4319531.043, 104
Trd, 4319533.193, 110
Trd, 4319534.593, 117
Trd, 4319537.093, 104
Trd, 4319537.993, 107
Trd, 4319539.893, 109
Trd, 4319540.743, 104
Trd, 4319541.393, 85
Trd, 4319541.743, 105
Trd, 4319544.393, 104
Trd, 4319545.043, 80
Trd, 4319547.193, 94
Trd, 4319547.393, 103
Trd, 4319548.343, 110
Trd, 4319548.743, 79
Trd, 4319550.393, 119
Trd, 4319551.843, 104
Trd, 4319553.343, 125
Trd, 4319553.943, 127
Trd, 4319553.993, 101
Trd, 4319555.943, 101
Trd, 4319556.793, 94
Trd, 4319557.493, 100
Trd, 4319558.893, 106
Trd, 4319559.643, 94
Trd, 4319561.743, 104
Trd, 4319562.793, 107
Trd, 4319563.093, 100
Trd, 4319565.293, 99
Trd, 4319566.143, 106
Trd, 4319566.293, 110
Trd, 4319569.043, 104
Trd, 4319569.693, 80
Trd, 4319570.543, 128
Trd, 4319571.143, 119
Trd, 4319572.993, 93
Trd, 4319575.743, 93
Trd, 4319576.893, 118
Trd, 4319576.943, 119
Trd, 4319577.493, 113
Trd, 4319578.543, 106
Trd, 4319580.093, 83
Trd, 4319580.993, 121
Trd, 4319582.093, 111
Trd, 4319585.543, 98
Trd, 4319586.893, 106
Trd, 4319588.543, 99
Trd, 4319588.693, 98
Trd, 4319588.743, 107
Trd, 4319589.243, 106
Trd, 4319590.943, 140
Trd, 4319593.843, 119
Trd, 4319596.243, 122
Trd, 4319596.443, 106
Trd, 4319599.243, 105
Trd, 4319599.993, 104
Trd, 4319600.493, 116
Trd, 4319602.793, 104
Trd, 4319604.243, 102
Trd, 4319605.393, 96
Trd, 4319606.293, 87
Trd, 4319606.543, 78
Trd, 4319606.893, 102
Trd, 4319610.943, 95
Trd, 4319611.543, 79
Trd, 4319612.443, 96
Trd, 4319613.093, 109
Trd, 4319614.043, 126
Trd, 4319615.643, 88
Trd, 4319615.993, 79
Trd, 4319616.093, 105
Trd, 4319618.093, 79
Trd, 4319619.143, 124
Trd, 4319620.443, 126
Trd, 4319622.043, 108
Trd, 4319624.843, 95
Trd, 4319625.543, 76
Trd, 4319628.143, 100
Trd, 4319630.293, 102
Trd, 4319631.443, 104
Trd, 4319633.243, 101
Trd, 4319634.093, 101
Trd, 4319634.243, 102
Trd, 4319635.393, 140
Trd, 4319636.993, 106
Trd, 4319637.793, 128
Trd, 4319639.743, 125
Trd, 4319639.993, 104
Trd, 4319642.243, 106
Trd, 4319642.393, 107
Trd, 4319643.343, 104
Trd, 4319644.543, 77
Trd, 4319647.343, 102
Trd, 4319649.243, 102
Trd, 4319649.843, 108
Trd, 4319653.793, 89
Trd, 4319653.993, 89
Trd, 4319654.143, 97
Trd, 4319654.443, 98
Trd, 4319655.693, 109
Trd, 4319656.743, 109
Trd, 4319657.143, 85
Trd, 4319658.443, 102
Trd, 4319660.893, 107
Trd, 4319662.143, 128
Trd, 4319662.693, 94
Trd, 4319663.393, 108
Trd, 4319665.943, 98
Trd, 4319667.793, 103
Trd, 4319668.943, 102
Trd, 4319669.193, 85
Trd, 4319669.543, 105
Trd, 4319670.793, 88
Trd, 4319672.993, 106
Trd, 4319673.443, 112
Trd, 4319674.193, 83
Trd, 4319675.293, 126
Trd, 4319676.343, 120
Trd, 4319679.443, 95
Trd, 4319679.693, 83
Trd, 4319680.443, 95
Trd, 4319681.093, 95
Trd, 4319681.243, 85
Trd, 4319682.293, 105
Trd, 4319683.043, 136
Trd, 4319687.943, 104
Trd, 4319689.443, 103
Trd, 4319689.643, 125
Trd, 4319690.193, 101
Trd, 4319690.693, 77
Trd, 4319690.893, 107
Trd, 4319692.143, 109
Trd, 4319695.643, 92
Trd, 4319695.893, 87
Trd, 4319696.443, 109
Trd, 4319696.893, 107
Trd, 4319697.093, 113
Trd, 4319698.593, 94
Trd, 4319699.743, 130
Trd, 4319700.393, 123
Trd, 4319702.643, 105
Trd, 4319703.593, 104
Trd, 4319704.143, 106
Trd, 4319704.193, 81
Trd, 4319706.693, 79
Trd, 4319707.693, 94
Trd, 4319707.743, 95
Trd, 4319708.843, 107
Trd, 4319709.843, 140
Trd, 4319711.143, 84
Trd, 4319712.343, 97
Trd, 4319713.943, 98
Trd, 4319714.993, 109
Trd, 4319715.393, 108
Trd, 4319718.193, 102
Trd, 4319718.493, 80
Trd, 4319719.893, 108
Trd, 4319720.493, 104
Trd, 4319721.493, 70
Trd, 4319722.043, 113
Trd, 4319722.493, 128
Trd, 4319725.743, 100
Trd, 4319726.143, 100
Trd, 4319726.393, 118
Trd, 4319727.093, 78
Trd, 4319728.393, 86
Trd, 4319731.793, 84
Trd, 4319732.493, 103
Trd, 4319734.743, 89
Trd, 4319735.193, 95
Trd, 4319735.693, 110
Trd, 4319737.293, 97
Trd, 4319737.593, 98
Trd, 4319738.643, 108
Trd, 4319742.343, 110
Trd, 4319742.993, 95
Trd, 4319744.493, 77
Trd, 4319745.043, 77
Trd, 4319745.793, 81
Trd, 4319747.243, 106
Trd, 4319749.243, 95
Trd, 4319750.343, 85
Trd, 4319751.693, 110
Trd, 4319752.393, 111
Trd, 4319753.643, 88
Trd, 4319754.893, 125
Trd, 4319755.293, 127
Trd, 4319756.493, 81
Trd, 4319757.993, 82
Trd, 4319758.443, 93
Trd, 4319759.893, 104
Trd, 4319761.493, 105
Trd, 4319763.143, 104
Trd, 4319763.543, 120
Trd, 4319763.593, 77
Trd, 4319764.693, 103
Trd, 4319765.493, 76
Trd, 4319766.243, 104
Trd, 4319767.993, 133
Trd, 4319768.243, 94
Trd, 4319771.393, 105
Trd, 4319773.343, 112
Trd, 4319774.543, 121
Trd, 4319776.393, 111
Trd, 4319776.693, 89
Trd, 4319777.643, 105
Trd, 4319780.093, 128
Trd, 4319780.943, 105
Trd, 4319781.593, 100
Trd, 4319781.893, 119
Trd, 4319783.393, 94
Trd, 4319783.843, 92
Trd, 4319783.943, 125
Trd, 4319787.443, 117
Trd, 4319787.593, 122
Trd, 4319789.043, 115
Trd, 4319790.993, 105
Trd, 4319792.993, 103
Trd, 4319793.093, 87
Trd, 4319793.793, 102
Trd, 4319795.443, 103
Trd, 4319796.943, 104
Trd, 4319797.243, 82
Trd, 4319797.543, 105
Trd, 4319799.093, 106
Trd, 4319800.943, 102
Trd, 4319802.043, 99
Trd, 4319802.743, 89
Trd, 4319804.643, 109
Trd, 4319806.043, 113
Trd, 4319806.943, 103
Trd, 4319809.793, 104
Trd, 4319809.893, 90
Trd, 4319810.293, 107
Trd, 4319811.743, 104
Trd, 4319814.343, 93
Trd, 4319815.993, 101
Trd, 4319816.943, 129
Trd, 4319816.993, 122
Trd, 4319817.693, 136
Trd, 4319819.943, 88
Trd, 4319819.993, 105
Trd, 4319821.843, 79
Trd, 4319822.443, 100
Trd, 4319822.543, 78
Trd, 4319822.693, 110
Trd, 4319826.143, 102
Trd, 4319827.043, 81
Trd, 4319828.543, 104
Trd, 4319829.443, 79
Trd, 4319830.093, 102
Trd, 4319831.043, 104
Trd, 4319834.743, 108
Trd, 4319836.043, 106
Trd, 4319836.743, 98
Trd, 4319836.993, 96
Trd, 4319838.443, 108
Trd, 4319841.843, 115
Trd, 4319842.093, 101
Trd, 4319842.193, 99
Trd, 4319844.093, 83
Trd, 4319844.843, 103
Trd, 4319845.843, 102
Trd, 4319846.743, 102
Trd, 4319850.193, 97
Trd, 4319851.343, 77
Trd, 4319851.843, 102
Trd, 4319852.643, 103
Trd, 4319852.743, 109
Trd, 4319852.943, 96
Trd, 4319856.443, 115
Trd, 4319856.793, 106
Trd, 4319857.693, 118
Trd, 4319857.993, 81
Trd, 4319859.643, 110
Trd, 4319861.243, 131
Trd, 4319862.543, 113
Trd, 4319862.793, 91
Trd, 4319863.493, 87
Trd, 4319863.693, 117
Trd, 4319867.493, 95
Trd, 4319867.543, 103
Trd, 4319869.343, 101
Trd, 4319870.293, 95
Trd, 4319870.343, 94
Trd, 4319873.043, 100
Trd, 4319874.493, 104
Trd, 4319874.943, 118
Trd, 4319877.843, 123
Trd, 4319878.293, 122
Trd, 4319878.943, 103
Trd, 4319879.443, 125
Trd, 4319882.743, 106
Trd, 4319882.793, 91
Trd, 4319883.843, 124
Trd, 4319884.093, 108
Trd, 4319885.593, 78
Trd, 4319886.793, 85
Trd, 4319888.143, 107
Trd, 4319888.393, 129
Trd, 4319890.893, 85
Trd, 4319891.943, 89
Trd, 4319892.893, 95
Trd, 4319893.243, 94
Trd, 4319895.443, 71
Trd, 4319897.143, 103
Trd, 4319897.343, 109
Trd, 4319899.893, 87
Trd, 4319900.443, 111
Trd, 4319900.493, 111
Trd, 4319902.693, 120
Trd, 4319905.643, 90
Trd, 4319906.493, 103
Trd, 4319907.843, 103
Trd, 4319909.743, 105
Trd, 4319910.193, 104
Trd, 4319911.493, 97
Trd, 4319913.093, 78
Trd, 4319913.693, 102
Trd, 4319914.693, 108
Trd, 4319915.193, 108
Trd, 4319916.543, 105
Trd, 4319916.593, 92
Trd, 4319918.393, 87
Trd, 4319921.893, 112
Trd, 4319922.843, 94
Trd, 4319923.393, 95
Trd, 4319923.843, 92
Trd, 4319924.243, 95
Trd, 4319925.293, 95
Trd, 4319925.943, 118
Trd, 4319926.993, 126
Trd, 4319928.343, 111
Trd, 4319929.143, 88
Trd, 4319930.793, 117
Trd, 4319932.493, 104
Trd, 4319932.793, 98
Trd, 4319933.843, 96
Trd, 4319935.443, 98
Trd, 4319935.493, 100
Trd, 4319936.393, 94
Trd, 4319937.443, 107
Trd, 4319939.193, 77
Trd, 4319939.793, 103
Trd, 4319941.593, 105
Trd, 4319942.343, 99
Trd, 4319942.393, 115
Trd, 4319943.793, 92
Trd, 4319945.243, 84
Trd, 4319946.543, 97
Trd, 4319946.643, 99
Trd, 4319947.443, 105
Trd, 4319948.093, 119
Trd, 4319951.993, 107
Trd, 4319952.493, 108
Trd, 4319952.593, 85
Trd, 4319954.743, 103
Trd, 4319956.293, 90
Trd, 4319956.593, 89
Trd, 4319957.743, 102
Trd, 4319959.593, 102
Trd, 4319960.093, 92
Trd, 4319962.543, 79
Trd, 4319962.693, 105
Trd, 4319963.493, 113
Trd, 4319965.143, 124
Trd, 4319968.343, 103
Trd, 4319968.893, 94
Trd, 4319971.143, 91
Trd, 4319972.843, 110
Trd, 4319975.643, 106
Trd, 4319976.693, 77
Trd, 4319977.243, 106
Trd, 4319978.843, 87
Trd, 4319979.643, 113
Trd, 4319980.093, 121
Trd, 4319980.493, 78
Trd, 4319982.043, 127
Trd, 4319985.243, 109
Trd, 4319987.793, 106
Trd, 4319987.993, 101
Trd, 4319989.643, 106
Trd, 4319989.993, 79
Trd, 4319990.893, 106
Trd, 4319991.043, 116
Trd, 4319992.093, 86
Trd, 4319992.643, 123
Trd, 4319992.693, 92
Trd, 4319994.443, 102
Trd, 4319996.393, 82
Trd, 4319997.543, 103
Trd, 4319997.643, 104
