Trd, 4317899.543, 96
Trd, 4317901.343, 93
Trd, 4317903.243, 101
Trd, 4317903.693, 87
Trd, 4317906.793, 100
Trd, 4317907.943, 108
Trd, 4317908.393, 110
Trd, 4317908.743, 95
Trd, 4317909.093, 83
Trd, 4317913.293, 106
Trd, 4317913.543, 91
Trd, 4317913.943, 89
Trd, 4317913.993, 86
Trd, 4317914.693, 106
Trd, 4317914.943, 84
Trd, 4317916.943, 89
Trd, 4317917.493, 104
Trd, 4317920.393, 123
Trd, 4317920.693, 122
Trd, 4317922.093, 95
Trd, 4317922.193, 86
Trd, 4317924.643, 114
Trd, 4317924.893, 114
Trd, 4317926.243, 114
Trd, 4317927.043, 109
Trd, 4317928.943, 108
Trd, 4317930.243, 104
Trd, 4317930.993, 88
Trd, 4317931.293, 81
Trd, 4317932.543, 86
Trd, 4317933.293, 99
Trd, 4317933.543, 104
Trd, 4317937.193, 85
Trd, 4317937.543, 110
Trd, 4317940.443, 103
Trd, 4317940.893, 88
Trd, 4317942.443, 91
Trd, 4317943.093, 89
Trd, 4317946.693, 93
Trd, 4317946.743, 85
Trd, 4317948.543, 87
Trd, 4317948.993, 95
Trd, 4317950.543, 94
Trd, 4317950.943, 100
Trd, 4317951.293, 93
Trd, 4317952.293, 93
Trd, 4317953.593, 94
Trd, 4317954.943, 103
Trd, 4317956.793, 95
Trd, 4317960.593, 97
Trd, 4317961.393, 97
Trd, 4317961.543, 110
Trd, 4317962.693, 87
Trd, 4317964.593, 106
Trd, 4317965.393, 93
Trd, 4317966.243, 107
Trd, 4317966.993, 97
Trd, 4317967.343, 107
Trd, 4317968.593, 92
Trd, 4317969.343, 85
Trd, 4317970.493, 110
Trd, 4317970.993, 112
Trd, 4317973.893, 90
Trd, 4317974.493, 110
Trd, 4317975.693, 91
Trd, 4317976.343, 113
Trd, 4317977.543, 99
Trd, 4317977.643, 92
Trd, 4317977.993, 109
Trd, 4317981.143, 96
Trd, 4317981.493, 108
Trd, 4317981.893, 88
Trd, 4317984.943, 90
Trd, 4317985.243, 84
Trd, 4317985.843, 99
Trd, 4317987.393, 102
Trd, 4317987.643, 87
Trd, 4317989.893, 115
Trd, 4317990.343, 82
Trd, 4317993.093, 107
Trd, 4317994.393, 108
Trd, 4317994.943, 107
Trd, 4317995.393, 97
Trd, 4317997.043, 96
Trd, 4317997.843, 114
Trd, 4317999.343, 95
Trd, 4318001.593, 90
Trd, 4318002.193, 95
Trd, 4318002.693, 123
Trd, 4318003.093, 121
Trd, 4318005.543, 111
Trd, 4318007.343, 114
Trd, 4318007.893, 112
Trd, 4318010.393, 95
Trd, 4318011.043, 107
Trd, 4318012.843, 102
Trd, 4318013.693, 104
Trd, 4318013.843, 101
Trd, 4318016.893, 105
Trd, 4318018.743, 105
Trd, 4318019.093, 102
Trd, 4318020.793, 92
Trd, 4318021.143, 89
Trd, 4318022.093, 89
Trd, 4318022.193, 95
Trd, 4318025.643, 88
Trd, 4318025.893, 87
Trd, 4318026.343, 95
Trd, 4318027.193, 86
Trd, 4318028.993, 80
Trd, 4318030.393, 86
Trd, 4318030.893, 83
Trd, 4318031.443, 82
Trd, 4318031.643, 95
Trd, 4318033.443, 79
Trd, 4318034.643, 78
Trd, 4318034.893, 86
Trd, 4318035.893, 104
Trd, 4318038.493, 103
Trd, 4318040.193, 104
Trd, 4318041.893, 125
Trd, 4318043.243, 124
Trd, 4318043.943, 122
Trd, 4318044.043, 110
Trd, 4318046.243, 103
Trd, 4318047.493, 110
Trd, 4318048.043, 112
Trd, 4318048.493, 100
Trd, 4318049.993, 105
Trd, 4318050.393, 86
Trd, 4318051.943, 87
Trd, 4318052.493, 87
Trd, 4318053.393, 125
Trd, 4318054.243, 122
Trd, 4318054.893, 123
Trd, 4318056.493, 122
Trd, 4318057.243, 111
Trd, 4318059.443, 106
Trd, 4318059.943, 95
Trd, 4318063.193, 123
Trd, 4318063.593, 122
Trd, 4318064.093, 95
Trd, 4318064.693, 93
Trd, 4318065.343, 116
Trd, 4318067.543, 115
Trd, 4318068.443, 115
Trd, 4318068.543, 114
Trd, 4318070.443, 109
Trd, 4318071.293, 109
Trd, 4318072.243, 110
Trd, 4318073.493, 111
Trd, 4318073.593, 87
Trd, 4318074.993, 95
Trd, 4318075.393, 88
Trd, 4318076.393, 93
Trd, 4318077.343, 87
Trd, 4318079.693, 86
Trd, 4318081.643, 94
Trd, 4318082.043, 88
Trd, 4318083.493, 83
Trd, 4318084.643, 95
Trd, 4318086.343, 95
Trd, 4318086.393, 102
Trd, 4318087.543, 100
Trd, 4318088.593, 91
Trd, 4318088.943, 94
Trd, 4318090.543, 108
Trd, 4318091.793, 101
Trd, 4318092.793, 113
Trd, 4318095.093, 99
Trd, 4318095.443, 119
Trd, 4318097.343, 98
Trd, 4318097.943, 95
Trd, 4318099.943, 92
Trd, 4318101.493, 119
Trd, 4318102.243, 92
Trd, 4318102.293, 91
Trd, 4318105.193, 81
Trd, 4318106.393, 121
Trd, 4318107.793, 123
Trd, 4318109.043, 122
Trd, 4318111.793, 114
Trd, 4318112.093, 103
Trd, 4318112.543, 114
Trd, 4318113.893, 100
Trd, 4318114.143, 99
Trd, 4318116.993, 87
Trd, 4318117.493, 87
Trd, 4318118.343, 103
Trd, 4318119.943, 103
Trd, 4318121.443, 103
Trd, 4318121.593, 104
Trd, 4318122.343, 104
Trd, 4318122.743, 86
Trd, 4318124.543, 89
Trd, 4318125.993, 120
Trd, 4318127.743, 113
Trd, 4318129.543, 105
Trd, 4318130.493, 110
Trd, 4318130.543, 105
Trd, 4318131.943, 95
Trd, 4318132.893, 90
Trd, 4318132.943, 104
Trd, 4318134.593, 94
Trd, 4318136.093, 104
Trd, 4318136.243, 112
Trd, 4318138.243, 110
Trd, 4318139.543, 99
Trd, 4318139.843, 98
Trd, 4318142.443, 109
Trd, 4318142.643, 95
Trd, 4318143.993, 90
Trd, 4318145.793, 125
Trd, 4318147.393, 122
Trd, 4318148.293, 95
Trd, 4318148.993, 94
Trd, 4318151.193, 116
Trd, 4318151.843, 115
Trd, 4318151.943, 113
Trd, 4318153.143, 103
Trd, 4318155.393, 112
Trd, 4318156.093, 122
Trd, 4318156.643, 96
Trd, 4318158.543, 95
Trd, 4318160.193, 112
Trd, 4318162.893, 110
Trd, 4318164.143, 107
Trd, 4318164.493, 95
Trd, 4318165.543, 77
Trd, 4318166.743, 86
Trd, 4318166.943, 103
Trd, 4318169.743, 123
Trd, 4318170.943, 124
Trd, 4318172.643, 113
Trd, 4318174.793, 112
Trd, 4318176.293, 95
Trd, 4318176.443, 108
Trd, 4318179.293, 103
Trd, 4318180.993, 101
Trd, 4318181.593, 103
Trd, 4318182.593, 102
Trd, 4318183.693, 96
Trd, 4318184.143, 95
Trd, 4318187.293, 103
Trd, 4318187.643, 87
Trd, 4318188.243, 85
Trd, 4318188.793, 103
Trd, 4318191.593, 103
Trd, 4318192.243, 91
Trd, 4318193.093, 121
Trd, 4318195.193, 96
Trd, 4318195.793, 95
Trd, 4318198.543, 104
Trd, 4318198.643, 112
Trd, 4318199.893, 103
Trd, 4318201.443, 102
Trd, 4318203.593, 122
Trd, 4318204.143, 96
Trd, 4318204.793, 97
Trd, 4318207.643, 113
Trd, 4318208.193, 101
Trd, 4318210.243, 115
Trd, 4318211.143, 114
Trd, 4318212.143, 113
Trd, 4318213.843, 109
Trd, 4318215.693, 121
Trd, 4318216.193, 96
Trd, 4318218.393, 113
Trd, 4318219.693, 111
Trd, 4318220.243, 113
Trd, 4318220.743, 91
Trd, 4318222.443, 119
Trd, 4318224.743, 95
Trd, 4318226.243, 112
Trd, 4318226.743, 105
Trd, 4318227.093, 94
Trd, 4318228.143, 110
Trd, 4318229.143, 109
Trd, 4318230.943, 124
Trd, 4318232.793, 124
Trd, 4318234.143, 122
Trd, 4318234.693, 102
Trd, 4318234.843, 98
Trd, 4318235.743, 120
Trd, 4318236.493, 120
Trd, 4318239.493, 119
Trd, 4318241.143, 106
Trd, 4318242.093, 96
Trd, 4318243.143, 96
Trd, 4318243.443, 112
Trd, 4318246.493, 83
Trd, 4318246.643, 81
Trd, 4318247.343, 110
Trd, 4318247.743, 97
Trd, 4318248.593, 95
Trd, 4318249.743, 107
Trd, 4318251.293, 96
Trd, 4318254.843, 107
Trd, 4318255.243, 109
Trd, 4318255.643, 106
Trd, 4318256.443, 99
Trd, 4318257.793, 108
Trd, 4318258.443, 95
Trd, 4318259.843, 96
Trd, 4318262.093, 122
Trd, 4318264.743, 111
Trd, 4318264.843, 105
Trd, 4318268.143, 128
Trd, 4318269.193, 126
Trd, 4318270.243, 122
Trd, 4318270.543, 95
Trd, 4318270.993, 87
Trd, 4318275.093, 115
Trd, 4318275.643, 114
Trd, 4318277.093, 115
Trd, 4318278.543, 121
Trd, 4318280.743, 104
Trd, 4318281.093, 104
Trd, 4318284.243, 107
Trd, 4318284.743, 97
Trd, 4318286.293, 88
Trd, 4318286.643, 86
Trd, 4318287.993, 86
Trd, 4318288.393, 100
Trd, 4318290.643, 88
Trd, 4318291.343, 99
Trd, 4318291.443, 104
Trd, 4318291.593, 89
Trd, 4318293.643, 110
Trd, 4318294.093, 108
Trd, 4318297.543, 115
Trd, 4318298.793, 96
Trd, 4318299.993, 95
Trd, 4318301.243, 121
Trd, 4318303.043, 121
Trd, 4318304.043, 106
Trd, 4318305.943, 107
Trd, 4318306.443, 106
Trd, 4318307.643, 104
Trd, 4318311.393, 123
Trd, 4318311.543, 122
Trd, 4318311.693, 111
Trd, 4318312.743, 88
Trd, 4318313.043, 87
Trd, 4318314.543, 115
Trd, 4318314.893, 88
Trd, 4318316.543, 86
Trd, 4318320.143, 105
Trd, 4318320.343, 82
Trd, 4318320.493, 107
Trd, 4318321.793, 94
Trd, 4318322.393, 106
Trd, 4318326.543, 100
Trd, 4318327.093, 118
Trd, 4318327.743, 91
Trd, 4318327.893, 86
Trd, 4318329.093, 114
Trd, 4318329.243, 79
Trd, 4318330.893, 95
Trd, 4318331.443, 112
Trd, 4318332.493, 99
Trd, 4318333.993, 114
Trd, 4318335.393, 122
Trd, 4318335.893, 111
Trd, 4318338.643, 103
Trd, 4318340.043, 105
Trd, 4318340.193, 95
Trd, 4318340.343, 110
Trd, 4318342.543, 108
Trd, 4318343.393, 109
Trd, 4318344.693, 113
Trd, 4318344.993, 122
Trd, 4318347.193, 114
Trd, 4318349.343, 113
Trd, 4318349.543, 114
Trd, 4318351.093, 95
Trd, 4318352.893, 114
Trd, 4318354.093, 106
Trd, 4318357.393, 107
Trd, 4318357.843, 108
Trd, 4318358.143, 105
Trd, 4318358.393, 96
Trd, 4318359.243, 105
Trd, 4318359.843, 102
Trd, 4318360.343, 105
Trd, 4318360.693, 106
Trd, 4318361.943, 95
Trd, 4318363.393, 86
Trd, 4318363.993, 87
Trd, 4318367.143, 100
Trd, 4318368.593, 98
Trd, 4318369.843, 116
Trd, 4318370.243, 98
Trd, 4318371.543, 87
Trd, 4318373.093, 86
Trd, 4318374.243, 87
Trd, 4318374.543, 104
Trd, 4318376.493, 103
Trd, 4318376.743, 95
Trd, 4318378.343, 86
Trd, 4318379.043, 90
Trd, 4318380.043, 93
Trd, 4318381.393, 94
Trd, 4318384.643, 124
Trd, 4318384.893, 122
Trd, 4318386.193, 95
Trd, 4318387.143, 113
Trd, 4318389.793, 122
Trd, 4318391.343, 122
Trd, 4318391.543, 112
Trd, 4318394.343, 117
Trd, 4318394.943, 116
Trd, 4318397.243, 112
Trd, 4318398.643, 112
Trd, 4318398.843, 113
Trd, 4318398.943, 114
Trd, 4318399.343, 95
Trd, 4318401.443, 113
Trd, 4318401.843, 114
Trd, 4318403.093, 113
Trd, 4318403.693, 114
Trd, 4318407.243, 98
Trd, 4318407.693, 117
Trd, 4318408.343, 95
Trd, 4318408.993, 89
Trd, 4318409.893, 111
Trd, 4318411.843, 109
Trd, 4318412.043, 114
Trd, 4318413.743, 101
Trd, 4318415.493, 96
Trd, 4318415.643, 95
Trd, 4318417.693, 97
Trd, 4318417.943, 88
Trd, 4318421.343, 89
Trd, 4318421.643, 114
Trd, 4318422.043, 92
Trd, 4318423.493, 117
Trd, 4318425.293, 95
Trd, 4318425.493, 85
Trd, 4318426.443, 89
Trd, 4318428.243, 88
Trd, 4318428.743, 121
Trd, 4318431.193, 105
Trd, 4318432.593, 95
Trd, 4318434.693, 98
Trd, 4318435.143, 102
Trd, 4318436.193, 102
Trd, 4318436.643, 103
Trd, 4318437.093, 102
Trd, 4318438.043, 118
Trd, 4318438.693, 103
Trd, 4318439.893, 87
Trd, 4318442.693, 112
Trd, 4318444.943, 115
Trd, 4318445.543, 114
Trd, 4318447.193, 124
Trd, 4318447.343, 123
Trd, 4318448.243, 121
Trd, 4318448.743, 95
Trd, 4318449.193, 88
Trd, 4318452.143, 94
Trd, 4318452.793, 111
Trd, 4318453.293, 86
Trd, 4318455.293, 113
Trd, 4318456.943, 113
Trd, 4318457.443, 112
Trd, 4318458.043, 109
Trd, 4318460.243, 121
Trd, 4318461.743, 93
Trd, 4318465.093, 96
Trd, 4318465.343, 95
Trd, 4318465.993, 97
Trd, 4318467.293, 102
Trd, 4318467.543, 103
Trd, 4318468.143, 99
Trd, 4318468.243, 95
Trd, 4318469.893, 89
Trd, 4318470.043, 103
Trd, 4318471.693, 88
Trd, 4318472.043, 85
Trd, 4318473.193, 103
Trd, 4318473.343, 98
Trd, 4318475.043, 100
Trd, 4318475.943, 102
Trd, 4318477.193, 90
Trd, 4318477.443, 89
Trd, 4318479.193, 90
Trd, 4318482.993, 92
Trd, 4318483.093, 100
Trd, 4318484.343, 87
Trd, 4318484.693, 101
Trd, 4318485.743, 87
Trd, 4318486.343, 113
Trd, 4318488.793, 98
Trd, 4318489.043, 109
Trd, 4318489.443, 122
Trd, 4318492.643, 123
Trd, 4318492.943, 123
Trd, 4318493.343, 121
Trd, 4318493.643, 95
Trd, 4318497.193, 101
Trd, 4318498.043, 120
Trd, 4318498.893, 105
Trd, 4318499.093, 96
Trd, 4318503.043, 110
Trd, 4318503.543, 109
Trd, 4318504.243, 110
Trd, 4318504.343, 96
Trd, 4318505.493, 95
Trd, 4318507.343, 87
Trd, 4318509.193, 119
Trd, 4318509.693, 122
Trd, 4318510.993, 105
Trd, 4318515.093, 125
Trd, 4318515.993, 123
Trd, 4318516.593, 121
Trd, 4318517.743, 87
Trd, 4318518.993, 102
Trd, 4318520.643, 109
Trd, 4318521.943, 110
Trd, 4318522.543, 106
Trd, 4318523.443, 106
Trd, 4318523.543, 96
Trd, 4318526.543, 92
Trd, 4318526.593, 100
Trd, 4318529.593, 104
Trd, 4318531.693, 97
Trd, 4318532.093, 97
Trd, 4318532.643, 93
Trd, 4318532.843, 104
Trd, 4318535.393, 60
Trd, 4318535.493, 70
Trd, 4318536.693, 77
Trd, 4318538.193, 87
Trd, 4318540.293, 123
Trd, 4318540.343, 122
Trd, 4318541.843, 95
Trd, 4318543.343, 109
Trd, 4318544.343, 120
Trd, 4318545.093, 93
Trd, 4318546.993, 99
Trd, 4318549.143, 99
Trd, 4318549.993, 122
Trd, 4318552.193, 103
Trd, 4318553.893, 103
Trd, 4318554.093, 97
Trd, 4318554.943, 97
Trd, 4318557.443, 112
Trd, 4318558.343, 99
Trd, 4318559.743, 98
Trd, 4318560.643, 105
Trd, 4318563.593, 114
Trd, 4318564.293, 123
Trd, 4318564.793, 122
Trd, 4318565.843, 114
Trd, 4318567.893, 106
Trd, 4318569.693, 110
Trd, 4318569.743, 115
Trd, 4318570.943, 98
Trd, 4318572.793, 98
Trd, 4318573.243, 95
Trd, 4318573.393, 85
Trd, 4318575.243, 109
Trd, 4318576.443, 106
Trd, 4318579.693, 100
Trd, 4318579.843, 99
Trd, 4318580.193, 95
Trd, 4318580.443, 99
Trd, 4318581.193, 104
Trd, 4318581.443, 76
Trd, 4318583.743, 86
Trd, 4318584.543, 86
Trd, 4318585.193, 104
Trd, 4318586.893, 120
Trd, 4318588.343, 103
Trd, 4318589.543, 121
Trd, 4318590.593, 90
Trd, 4318590.843, 112
Trd, 4318594.193, 92
Trd, 4318597.743, 99
Trd, 4318598.743, 121
Trd, 4318599.543, 113
Trd, 4318600.143, 122
Trd, 4318604.393, 109
Trd, 4318604.793, 108
Trd, 4318606.443, 96
Trd, 4318606.743, 106
Trd, 4318606.993, 109
Trd, 4318607.043, 95
Trd, 4318609.793, 116
Trd, 4318610.343, 101
Trd, 4318610.493, 95
Trd, 4318611.843, 111
Trd, 4318612.843, 90
Trd, 4318615.243, 122
Trd, 4318617.743, 92
Trd, 4318618.343, 102
Trd, 4318618.393, 87
Trd, 4318620.843, 101
Trd, 4318620.943, 100
Trd, 4318622.893, 101
Trd, 4318623.843, 101
Trd, 4318623.993, 93
Trd, 4318624.143, 121
Trd, 4318624.443, 105
Trd, 4318626.843, 106
Trd, 4318626.993, 93
Trd, 4318631.243, 110
Trd, 4318631.993, 111
Trd, 4318632.243, 110
Trd, 4318633.443, 109
Trd, 4318634.043, 109
Trd, 4318634.443, 95
Trd, 4318636.993, 86
Trd, 4318638.893, 81
Trd, 4318639.043, 92
Trd, 4318639.493, 88
Trd, 4318641.193, 92
Trd, 4318642.743, 94
Trd, 4318643.243, 94
Trd, 4318643.393, 95
Trd, 4318644.893, 121
Trd, 4318647.243, 122
Trd, 4318648.043, 123
Trd, 4318648.443, 122
Trd, 4318648.593, 109
Trd, 4318649.943, 96
Trd, 4318651.143, 95
Trd, 4318651.343, 121
Trd, 4318652.893, 77
Trd, 4318653.143, 88
Trd, 4318655.693, 91
Trd, 4318655.793, 109
Trd, 4318656.893, 108
Trd, 4318659.693, 95
Trd, 4318660.593, 102
Trd, 4318661.993, 96
Trd, 4318662.493, 85
Trd, 4318662.793, 96
Trd, 4318666.043, 95
Trd, 4318666.893, 106
Trd, 4318667.943, 110
Trd, 4318670.393, 102
Trd, 4318670.493, 96
Trd, 4318672.843, 102
Trd, 4318672.893, 105
Trd, 4318673.743, 98
Trd, 4318675.093, 87
Trd, 4318675.593, 88
Trd, 4318677.843, 109
Trd, 4318678.093, 108
Trd, 4318679.193, 109
Trd, 4318680.193, 96
Trd, 4318682.593, 102
Trd, 4318682.843, 86
Trd, 4318684.593, 86
Trd, 4318685.643, 104
Trd, 4318686.593, 113
Trd, 4318688.293, 96
Trd, 4318688.743, 96
Trd, 4318689.393, 120
Trd, 4318690.993, 97
Trd, 4318694.693, 103
Trd, 4318695.943, 110
Trd, 4318695.993, 109
Trd, 4318696.393, 109
Trd, 4318696.443, 95
Trd, 4318698.593, 123
Trd, 4318699.193, 121
Trd, 4318699.393, 110
Trd, 4318699.693, 95
Trd, 4318704.193, 109
Trd, 4318704.343, 95
Trd, 4318704.993, 95
Trd, 4318705.293, 86
Trd, 4318706.793, 73
Trd, 4318706.843, 95
Trd, 4318708.443, 61
Trd, 4318709.193, 91
Trd, 4318710.443, 103
Trd, 4318712.743, 78
Trd, 4318714.143, 104
Trd, 4318716.793, 93
Trd, 4318716.993, 92
Trd, 4318717.593, 91
Trd, 4318718.193, 95
Trd, 4318719.893, 122
Trd, 4318721.593, 86
Trd, 4318722.793, 89
Trd, 4318725.143, 87
Trd, 4318725.393, 95
Trd, 4318726.243, 95
Trd, 4318726.793, 94
Trd, 4318729.843, 89
Trd, 4318729.993, 113
Trd, 4318730.593, 110
Trd, 4318730.893, 88
Trd, 4318733.793, 113
Trd, 4318734.193, 112
Trd, 4318736.143, 88
Trd, 4318737.343, 90
Trd, 4318737.893, 90
Trd, 4318738.143, 94
Trd, 4318738.493, 86
Trd, 4318741.743, 101
Trd, 4318742.843, 90
Trd, 4318743.443, 102
Trd, 4318744.743, 103
Trd, 4318745.593, 95
Trd, 4318746.993, 95
Trd, 4318747.993, 114
Trd, 4318749.093, 113
Trd, 4318749.643, 95
Trd, 4318751.143, 87
Trd, 4318754.243, 116
Trd, 4318754.293, 115
Trd, 4318755.843, 109
Trd, 4318757.243, 121
Trd, 4318757.593, 109
Trd, 4318759.193, 114
Trd, 4318762.243, 112
Trd, 4318763.243, 85
Trd, 4318764.143, 86
Trd, 4318764.293, 80
Trd, 4318766.443, 95
Trd, 4318767.393, 94
Trd, 4318770.293, 100
Trd, 4318770.793, 92
Trd, 4318771.143, 101
Trd, 4318771.993, 93
Trd, 4318772.593, 94
Trd, 4318772.643, 93
Trd, 4318774.393, 75
Trd, 4318776.743, 123
Trd, 4318776.993, 121
Trd, 4318779.893, 112
Trd, 4318782.043, 87
Trd, 4318782.543, 88
Trd, 4318782.593, 115
Trd, 4318783.693, 86
Trd, 4318784.093, 114
Trd, 4318784.693, 115
Trd, 4318790.293, 111
Trd, 4318790.393, 112
Trd, 4318790.443, 107
Trd, 4318790.793, 101
Trd, 4318793.343, 107
Trd, 4318793.793, 95
Trd, 4318794.193, 88
Trd, 4318795.593, 104
Trd, 4318796.843, 89
Trd, 4318797.793, 92
Trd, 4318798.043, 91
Trd, 4318799.693, 102
Trd, 4318800.293, 104
Trd, 4318800.443, 87
Trd, 4318800.843, 86
Trd, 4318805.743, 127
Trd, 4318806.343, 122
Trd, 4318806.393, 112
Trd, 4318811.543, 96
Trd, 4318812.043, 101
Trd, 4318812.343, 104
Trd, 4318813.093, 95
Trd, 4318814.093, 97
Trd, 4318814.593, 96
Trd, 4318815.743, 112
Trd, 4318816.943, 109
Trd, 4318818.393, 87
Trd, 4318818.643, 111
Trd, 4318821.493, 108
Trd, 4318822.843, 106
Trd, 4318823.043, 103
Trd, 4318823.393, 95
Trd, 4318826.143, 126
Trd, 4318826.793, 122
Trd, 4318827.343, 101
Trd, 4318830.143, 115
Trd, 4318830.843, 103
Trd, 4318831.293, 103
Trd, 4318833.393, 95
Trd, 4318833.593, 111
Trd, 4318834.393, 101
Trd, 4318835.543, 78
Trd, 4318836.243, 77
Trd, 4318836.943, 95
Trd, 4318838.943, 103
Trd, 4318838.993, 91
Trd, 4318839.543, 115
Trd, 4318842.293, 99
Trd, 4318844.293, 101
Trd, 4318846.043, 99
Trd, 4318847.143, 94
Trd, 4318848.393, 116
Trd, 4318850.443, 121
Trd, 4318850.793, 110
Trd, 4318851.193, 95
Trd, 4318857.043, 92
Trd, 4318857.743, 98
Trd, 4318858.093, 98
Trd, 4318860.143, 123
Trd, 4318861.343, 122
Trd, 4318862.143, 123
Trd, 4318863.193, 122
Trd, 4318863.643, 103
Trd, 4318864.493, 97
Trd, 4318867.043, 90
Trd, 4318868.793, 95
Trd, 4318869.343, 105
Trd, 4318870.043, 86
Trd, 4318871.493, 101
Trd, 4318871.643, 102
Trd, 4318872.043, 97
Trd, 4318873.393, 110
Trd, 4318874.643, 102
Trd, 4318874.843, 101
Trd, 4318875.143, 96
Trd, 4318878.943, 121
Trd, 4318880.393, 96
Trd, 4318880.843, 87
Trd, 4318882.543, 112
Trd, 4318882.693, 111
Trd, 4318883.593, 112
Trd, 4318883.893, 101
Trd, 4318884.793, 112
Trd, 4318885.693, 91
Trd, 4318885.993, 82
Trd, 4318890.643, 106
Trd, 4318890.993, 103
Trd, 4318891.343, 95
Trd, 4318892.043, 109
Trd, 4318894.843, 88
Trd, 4318896.393, 112
Trd, 4318897.393, 112
Trd, 4318898.543, 102
Trd, 4318899.043, 95
Trd, 4318901.043, 107
Trd, 4318903.193, 101
Trd, 4318903.693, 84
Trd, 4318904.743, 87
Trd, 4318905.043, 104
Trd, 4318907.293, 85
Trd, 4318907.443, 95
Trd, 4318908.343, 89
Trd, 4318909.843, 91
Trd, 4318911.343, 94
Trd, 4318914.143, 101
Trd, 4318914.343, 95
Trd, 4318914.493, 94
Trd, 4318915.843, 97
Trd, 4318915.943, 93
Trd, 4318917.443, 102
Trd, 4318919.043, 97
Trd, 4318920.043, 113
Trd, 4318921.493, 97
Trd, 4318923.893, 111
Trd, 4318924.493, 110
Trd, 4318924.593, 95
Trd, 4318925.343, 109
Trd, 4318925.593, 77
Trd, 4318927.893, 110
Trd, 4318928.493, 108
Trd, 4318929.443, 118
Trd, 4318932.843, 115
Trd, 4318933.143, 97
Trd, 4318934.493, 95
Trd, 4318934.893, 83
Trd, 4318934.943, 111
Trd, 4318937.743, 118
Trd, 4318938.593, 122
Trd, 4318939.293, 120
Trd, 4318941.993, 117
Trd, 4318942.443, 95
Trd, 4318942.693, 112
Trd, 4318945.543, 91
Trd, 4318946.093, 103
Trd, 4318946.343, 91
Trd, 4318948.043, 103
Trd, 4318949.843, 95
Trd, 4318950.843, 86
Trd, 4318951.593, 96
Trd, 4318951.693, 97
Trd, 4318952.693, 89
Trd, 4318953.343, 91
Trd, 4318956.943, 99
Trd, 4318957.193, 95
Trd, 4318959.693, 117
Trd, 4318959.743, 110
Trd, 4318959.943, 86
Trd, 4318960.543, 87
Trd, 4318963.443, 113
Trd, 4318963.893, 99
Trd, 4318966.143, 114
Trd, 4318966.443, 116
Trd, 4318968.893, 111
Trd, 4318968.993, 104
Trd, 4318971.793, 93
Trd, 4318972.993, 95
Trd, 4318973.793, 91
Trd, 4318974.793, 105
Trd, 4318978.393, 103
Trd, 4318978.943, 104
Trd, 4318979.643, 100
Trd, 4318981.043, 99
Trd, 4318981.193, 86
Trd, 4318982.293, 103
Trd, 4318983.393, 92
Trd, 4318986.043, 111
Trd, 4318987.243, 107
Trd, 4318987.443, 109
Trd, 4318988.243, 105
Trd, 4318990.693, 82
Trd, 4318991.993, 87
Trd, 4318992.543, 91
Trd, 4318993.843, 92
Trd, 4318994.843, 91
Trd, 4318994.943, 95
Trd, 4318995.143, 84
Trd, 4318999.343, 114
Trd, 4318999.593, 113
Trd, 4319000.443, 111
Trd, 4319000.943, 118
Trd, 4319001.943, 96
Trd, 4319004.243, 97
Trd, 4319005.243, 112
Trd, 4319006.393, 104
Trd, 4319009.793, 104
Trd, 4319010.693, 105
Trd, 4319010.793, 103
Trd, 4319011.193, 102
Trd, 4319011.843, 95
Trd, 4319013.543, 85
Trd, 4319014.943, 105
Trd, 4319015.593, 89
Trd, 4319016.143, 90
Trd, 4319018.893, 122
Trd, 4319019.343, 121
Trd, 4319021.393, 122
Trd, 4319021.443, 107
Trd, 4319023.093, 95
Trd, 4319023.893, 114
Trd, 4319025.843, 108
Trd, 4319027.793, 106
Trd, 4319028.093, 122
Trd, 4319028.543, 95
Trd, 4319029.993, 86
Trd, 4319032.793, 95
Trd, 4319033.893, 103
Trd, 4319035.143, 123
Trd, 4319035.693, 122
Trd, 4319035.893, 100
Trd, 4319038.593, 95
Trd, 4319040.593, 85
Trd, 4319040.943, 89
Trd, 4319041.493, 90
Trd, 4319042.243, 104
Trd, 4319043.693, 103
Trd, 4319045.593, 109
Trd, 4319047.093, 99
Trd, 4319048.143, 121
Trd, 4319049.943, 95
Trd, 4319049.993, 114
Trd, 4319053.643, 104
Trd, 4319054.343, 111
Trd, 4319056.243, 118
Trd, 4319057.743, 94
Trd, 4319058.243, 112
Trd, 4319058.543, 93
Trd, 4319061.543, 106
Trd, 4319064.143, 106
Trd, 4319064.243, 100
Trd, 4319064.293, 113
Trd, 4319064.843, 95
Trd, 4319067.593, 90
Trd, 4319069.293, 123
Trd, 4319069.643, 122
Trd, 4319071.043, 110
Trd, 4319075.893, 101
Trd, 4319076.743, 101
Trd, 4319077.193, 107
Trd, 4319077.943, 107
Trd, 4319078.743, 85
Trd, 4319078.793, 92
Trd, 4319081.793, 103
Trd, 4319082.193, 104
Trd, 4319082.643, 106
Trd, 4319083.143, 95
Trd, 4319083.993, 87
Trd, 4319084.993, 111
Trd, 4319085.493, 95
Trd, 4319086.793, 115
Trd, 4319088.393, 88
Trd, 4319091.793, 96
Trd, 4319092.093, 95
Trd, 4319093.443, 122
Trd, 4319094.893, 121
Trd, 4319095.093, 113
Trd, 4319095.393, 101
Trd, 4319095.843, 100
Trd, 4319098.393, 122
Trd, 4319099.493, 86
Trd, 4319102.843, 92
Trd, 4319104.143, 91
Trd, 4319104.693, 90
Trd, 4319105.743, 99
Trd, 4319107.493, 122
Trd, 4319107.693, 93
Trd, 4319107.843, 91
Trd, 4319108.443, 91
Trd, 4319110.643, 122
Trd, 4319111.943, 103
Trd, 4319114.893, 112
Trd, 4319115.143, 111
Trd, 4319116.743, 111
Trd, 4319119.743, 101
Trd, 4319120.543, 102
Trd, 4319121.993, 100
Trd, 4319122.343, 101
Trd, 4319122.943, 104
Trd, 4319123.393, 99
Trd, 4319124.193, 95
Trd, 4319125.443, 111
Trd, 4319126.993, 92
Trd, 4319128.443, 107
Trd, 4319128.593, 95
Trd, 4319129.693, 97
Trd, 4319131.093, 104
Trd, 4319131.243, 102
Trd, 4319131.743, 98
Trd, 4319132.493, 102
Trd, 4319134.193, 96
Trd, 4319137.293, 104
Trd, 4319137.843, 110
Trd, 4319138.593, 112
Trd, 4319140.643, 115
Trd, 4319140.893, 95
Trd, 4319141.343, 88
Trd, 4319143.443, 112
Trd, 4319144.443, 122
Trd, 4319147.193, 112
Trd, 4319147.643, 88
Trd, 4319147.893, 88
Trd, 4319149.393, 122
Trd, 4319149.743, 87
Trd, 4319151.743, 110
Trd, 4319153.043, 114
Trd, 4319155.393, 109
Trd, 4319157.693, 111
Trd, 4319158.943, 114
Trd, 4319158.993, 122
Trd, 4319159.743, 110
Trd, 4319161.843, 86
Trd, 4319162.143, 79
Trd, 4319162.893, 89
Trd, 4319166.443, 100
Trd, 4319166.693, 93
Trd, 4319167.343, 85
Trd, 4319167.743, 85
Trd, 4319170.493, 98
Trd, 4319171.243, 99
Trd, 4319171.543, 93
Trd, 4319173.143, 86
Trd, 4319174.493, 81
Trd, 4319174.893, 88
Trd, 4319177.743, 86
Trd, 4319178.743, 88
Trd, 4319179.143, 94
Trd, 4319180.543, 123
Trd, 4319181.043, 122
Trd, 4319182.743, 121
Trd, 4319183.043, 96
Trd, 4319185.243, 115
Trd, 4319186.343, 107
Trd, 4319188.893, 104
Trd, 4319189.893, 103
Trd, 4319190.193, 103
Trd, 4319191.143, 88
Trd, 4319192.143, 89
Trd, 4319192.543, 112
Trd, 4319193.443, 85
Trd, 4319193.643, 114
Trd, 4319196.643, 107
Trd, 4319198.293, 87
Trd, 4319198.843, 102
Trd, 4319199.493, 95
Trd, 4319200.343, 86
Trd, 4319201.943, 91
Trd, 4319202.693, 91
Trd, 4319204.793, 117
Trd, 4319205.093, 104
Trd, 4319206.093, 94
Trd, 4319206.693, 89
Trd, 4319209.393, 88
Trd, 4319210.093, 91
Trd, 4319210.343, 88
Trd, 4319211.893, 91
Trd, 4319212.443, 103
Trd, 4319212.593, 104
Trd, 4319213.843, 89
Trd, 4319215.993, 88
Trd, 4319216.843, 88
Trd, 4319217.393, 103
Trd, 4319218.443, 89
Trd, 4319219.493, 104
Trd, 4319222.093, 122
Trd, 4319222.843, 121
Trd, 4319223.743, 86
Trd, 4319223.993, 97
Trd, 4319225.443, 71
Trd, 4319229.143, 114
Trd, 4319229.343, 113
Trd, 4319229.643, 113
Trd, 4319229.743, 115
Trd, 4319230.793, 95
Trd, 4319230.843, 86
Trd, 4319233.643, 68
Trd, 4319234.293, 119
Trd, 4319235.993, 112
Trd, 4319237.043, 101
Trd, 4319237.593, 96
Trd, 4319239.643, 115
Trd, 4319239.943, 104
Trd, 4319241.993, 111
Trd, 4319244.143, 101
Trd, 4319245.893, 106
Trd, 4319246.693, 100
Trd, 4319246.943, 110
Trd, 4319250.793, 108
Trd, 4319251.043, 107
Trd, 4319251.093, 100
Trd, 4319251.343, 98
Trd, 4319251.693, 95
Trd, 4319253.543, 96
Trd, 4319254.293, 103
Trd, 4319255.493, 95
Trd, 4319257.843, 100
Trd, 4319258.243, 97
Trd, 4319259.843, 98
Trd, 4319260.093, 88
Trd, 4319260.993, 77
Trd, 4319261.543, 69
Trd, 4319262.593, 121
Trd, 4319263.493, 86
Trd, 4319264.843, 120
Trd, 4319265.343, 120
Trd, 4319269.243, 114
Trd, 4319270.193, 113
Trd, 4319270.493, 114
Trd, 4319270.743, 95
Trd, 4319272.143, 114
Trd, 4319273.043, 116
Trd, 4319274.293, 122
Trd, 4319274.693, 109
Trd, 4319276.243, 97
Trd, 4319277.443, 95
Trd, 4319277.993, 114
Trd, 4319279.193, 104
Trd, 4319282.793, 115
Trd, 4319283.243, 91
Trd, 4319285.193, 114
Trd, 4319285.543, 109
Trd, 4319285.743, 113
Trd, 4319288.093, 100
Trd, 4319289.293, 98
Trd, 4319290.643, 101
Trd, 4319291.043, 104
Trd, 4319292.943, 89
Trd, 4319293.243, 87
Trd, 4319294.993, 87
Trd, 4319295.793, 91
Trd, 4319295.843, 87
Trd, 4319296.343, 95
Trd, 4319296.643, 98
Trd, 4319298.293, 113
Trd, 4319300.143, 88
Trd, 4319301.493, 88
Trd, 4319301.643, 87
Trd, 4319302.643, 101
Trd, 4319304.093, 103
Trd, 4319304.743, 95
Trd, 4319305.293, 102
Trd, 4319306.143, 104
Trd, 4319309.643, 102
Trd, 4319310.093, 114
Trd, 4319311.093, 102
Trd, 4319313.443, 104
Trd, 4319313.593, 108
Trd, 4319313.643, 109
Trd, 4319313.843, 95
Trd, 4319313.943, 95
Trd, 4319316.793, 86
Trd, 4319318.993, 122
Trd, 4319321.293, 116
Trd, 4319322.293, 116
Trd, 4319322.793, 105
Trd, 4319323.393, 95
Trd, 4319324.893, 87
Trd, 4319326.443, 86
Trd, 4319329.843, 125
Trd, 4319331.043, 122
Trd, 4319331.543, 83
Trd, 4319333.293, 89
Trd, 4319333.893, 87
Trd, 4319337.093, 103
Trd, 4319337.193, 111
Trd, 4319337.343, 102
Trd, 4319338.943, 100
Trd, 4319339.443, 95
Trd, 4319341.943, 109
Trd, 4319343.143, 120
Trd, 4319345.393, 123
Trd, 4319346.593, 121
Trd, 4319347.193, 114
Trd, 4319347.593, 102
Trd, 4319349.593, 104
Trd, 4319349.993, 120
Trd, 4319351.293, 101
Trd, 4319352.343, 92
Trd, 4319353.743, 96
Trd, 4319356.043, 95
Trd, 4319358.593, 85
Trd, 4319359.243, 122
Trd, 4319359.793, 121
Trd, 4319360.893, 118
Trd, 4319361.943, 88
Trd, 4319363.593, 97
Trd, 4319363.993, 113
Trd, 4319364.993, 95
Trd, 4319366.693, 103
Trd, 4319368.493, 104
Trd, 4319368.543, 90
Trd, 4319368.643, 86
Trd, 4319369.243, 105
Trd, 4319372.993, 124
Trd, 4319373.743, 110
Trd, 4319375.793, 122
Trd, 4319376.043, 120
Trd, 4319378.293, 111
Trd, 4319379.043, 112
Trd, 4319379.243, 111
Trd, 4319380.093, 100
Trd, 4319381.893, 112
Trd, 4319382.193, 113
Trd, 4319382.243, 107
Trd, 4319384.343, 100
Trd, 4319387.393, 126
Trd, 4319388.943, 122
Trd, 4319389.043, 105
Trd, 4319392.543, 105
Trd, 4319392.743, 95
Trd, 4319393.243, 111
Trd, 4319393.643, 114
Trd, 4319394.793, 89
Trd, 4319395.143, 113
Trd, 4319395.743, 104
Trd, 4319397.693, 87
Trd, 4319400.143, 89
Trd, 4319401.143, 93
Trd, 4319401.193, 87
Trd, 4319402.743, 86
Trd, 4319404.743, 82
Trd, 4319405.693, 114
Trd, 4319407.143, 87
Trd, 4319409.743, 102
Trd, 4319410.193, 104
Trd, 4319410.393, 87
Trd, 4319410.843, 86
Trd, 4319411.243, 77
Trd, 4319412.093, 70
Trd, 4319415.893, 112
Trd, 4319416.293, 111
Trd, 4319417.093, 96
Trd, 4319418.493, 114
Trd, 4319418.843, 105
Trd, 4319421.843, 104
Trd, 4319422.893, 105
Trd, 4319423.193, 106
Trd, 4319424.393, 104
Trd, 4319424.793, 95
Trd, 4319425.943, 89
Trd, 4319426.393, 105
Trd, 4319428.193, 104
Trd, 4319428.693, 95
Trd, 4319432.643, 87
Trd, 4319433.893, 86
Trd, 4319434.393, 102
Trd, 4319435.193, 88
Trd, 4319435.893, 88
Trd, 4319435.943, 104
Trd, 4319436.093, 86
Trd, 4319437.943, 102
Trd, 4319439.993, 115
Trd, 4319441.093, 109
Trd, 4319441.943, 107
Trd, 4319442.643, 95
Trd, 4319443.143, 107
Trd, 4319445.143, 99
Trd, 4319446.193, 93
Trd, 4319447.243, 98
Trd, 4319448.893, 92
Trd, 4319449.143, 102
Trd, 4319450.993, 93
Trd, 4319452.193, 97
Trd, 4319452.943, 93
Trd, 4319453.793, 102
Trd, 4319454.843, 95
Trd, 4319459.093, 124
Trd, 4319459.193, 120
Trd, 4319462.493, 109
Trd, 4319462.743, 108
Trd, 4319463.943, 117
Trd, 4319464.243, 85
Trd, 4319467.343, 117
Trd, 4319467.943, 110
Trd, 4319470.493, 103
Trd, 4319472.093, 105
Trd, 4319472.293, 95
Trd, 4319475.793, 114
Trd, 4319476.243, 113
Trd, 4319477.893, 105
Trd, 4319479.193, 121
Trd, 4319480.643, 122
Trd, 4319482.393, 113
Trd, 4319484.693, 111
Trd, 4319484.993, 112
Trd, 4319485.443, 95
Trd, 4319485.593, 89
Trd, 4319486.093, 86
Trd, 4319487.243, 111
Trd, 4319487.843, 112
Trd, 4319488.693, 98
Trd, 4319490.093, 79
Trd, 4319491.993, 121
Trd, 4319493.043, 120
Trd, 4319493.393, 95
Trd, 4319495.943, 95
Trd, 4319496.193, 112
Trd, 4319497.293, 110
Trd, 4319497.993, 96
Trd, 4319498.843, 95
Trd, 4319500.243, 115
Trd, 4319503.643, 116
Trd, 4319503.743, 118
Trd, 4319505.293, 117
Trd, 4319507.643, 112
Trd, 4319509.293, 102
Trd, 4319509.893, 101
Trd, 4319510.443, 85
Trd, 4319510.543, 112
Trd, 4319511.493, 77
Trd, 4319511.943, 72
Trd, 4319513.643, 86
Trd, 4319514.093, 102
Trd, 4319517.093, 102
Trd, 4319517.543, 104
Trd, 4319518.193, 97
Trd, 4319519.743, 110
Trd, 4319520.893, 109
Trd, 4319523.193, 111
Trd, 4319523.893, 100
Trd, 4319524.393, 84
Trd, 4319526.693, 87
Trd, 4319526.843, 104
Trd, 4319527.893, 87
Trd, 4319528.043, 84
Trd, 4319529.693, 101
Trd, 4319530.143, 104
Trd, 4319531.393, 86
Trd, 4319532.093, 116
Trd, 4319534.143, 87
Trd, 4319534.943, 87
Trd, 4319538.543, 106
Trd, 4319539.193, 109
Trd, 4319540.293, 109
Trd, 4319540.443, 105
Trd, 4319541.543, 94
Trd, 4319543.443, 85
Trd, 4319544.243, 79
Trd, 4319545.393, 110
Trd, 4319546.243, 123
Trd, 4319547.593, 122
Trd, 4319550.993, 108
Trd, 4319551.043, 120
Trd, 4319552.943, 111
Trd, 4319553.193, 106
Trd, 4319554.343, 107
Trd, 4319554.593, 95
Trd, 4319556.893, 87
Trd, 4319557.043, 95
Trd, 4319559.593, 100
Trd, 4319559.893, 100
Trd, 4319561.293, 124
Trd, 4319562.443, 122
Trd, 4319562.943, 106
Trd, 4319565.843, 112
Trd, 4319566.793, 112
Trd, 4319568.543, 113
Trd, 4319569.243, 113
Trd, 4319571.093, 107
Trd, 4319571.643, 100
Trd, 4319571.793, 107
Trd, 4319572.793, 95
Trd, 4319575.093, 93
Trd, 4319575.193, 90
Trd, 4319575.643, 111
Trd, 4319577.743, 102
Trd, 4319579.193, 100
Trd, 4319580.543, 100
Trd, 4319581.143, 100
Trd, 4319581.493, 102
Trd, 4319582.743, 86
Trd, 4319583.593, 104
Trd, 4319584.993, 81
Trd, 4319585.843, 88
Trd, 4319587.093, 86
Trd, 4319587.593, 89
Trd, 4319588.343, 95
Trd, 4319590.243, 92
Trd, 4319590.293, 90
Trd, 4319592.243, 89
Trd, 4319593.093, 88
Trd, 4319594.593, 103
Trd, 4319596.693, 103
Trd, 4319597.393, 96
Trd, 4319597.793, 95
Trd, 4319599.293, 87
Trd, 4319600.293, 90
Trd, 4319601.043, 87
Trd, 4319602.893, 93
Trd, 4319603.493, 104
Trd, 4319605.043, 123
Trd, 4319605.793, 122
Trd, 4319607.493, 108
Trd, 4319610.193, 109
Trd, 4319611.793, 109
Trd, 4319614.243, 124
Trd, 4319614.643, 122
Trd, 4319616.743, 108
Trd, 4319618.043, 121
Trd, 4319618.643, 103
Trd, 4319621.943, 102
Trd, 4319623.343, 112
Trd, 4319623.993, 111
Trd, 4319624.593, 104
Trd, 4319625.993, 99
Trd, 4319628.543, 102
Trd, 4319628.843, 113
Trd, 4319629.493, 112
Trd, 4319633.243, 100
Trd, 4319633.593, 99
Trd, 4319634.493, 112
Trd, 4319635.093, 95
Trd, 4319635.343, 86
Trd, 4319636.743, 113
Trd, 4319636.893, 79
Trd, 4319639.793, 111
Trd, 4319641.393, 108
Trd, 4319641.493, 109
Trd, 4319641.593, 102
Trd, 4319642.243, 96
Trd, 4319646.543, 121
Trd, 4319647.143, 119
Trd, 4319648.093, 106
Trd, 4319648.793, 101
Trd, 4319649.143, 98
Trd, 4319650.043, 95
Trd, 4319651.943, 117
Trd, 4319655.143, 107
Trd, 4319657.093, 111
Trd, 4319657.143, 110
Trd, 4319657.993, 96
Trd, 4319658.293, 95
Trd, 4319659.843, 122
Trd, 4319660.893, 121
Trd, 4319662.593, 95
Trd, 4319663.543, 94
Trd, 4319663.993, 81
Trd, 4319665.693, 109
Trd, 4319667.243, 109
Trd, 4319667.593, 110
Trd, 4319668.143, 110
Trd, 4319671.093, 111
Trd, 4319671.743, 107
Trd, 4319671.993, 119
Trd, 4319672.743, 95
Trd, 4319674.843, 113
Trd, 4319676.443, 112
Trd, 4319676.943, 110
Trd, 4319677.993, 95
Trd, 4319678.393, 109
Trd, 4319680.093, 104
Trd, 4319682.743, 98
Trd, 4319683.193, 96
Trd, 4319683.493, 103
Trd, 4319685.643, 95
Trd, 4319685.943, 103
Trd, 4319686.993, 92
Trd, 4319688.993, 90
Trd, 4319691.093, 111
Trd, 4319691.843, 111
Trd, 4319693.493, 104
Trd, 4319695.043, 122
Trd, 4319697.843, 121
Trd, 4319697.993, 107
Trd, 4319698.743, 103
Trd, 4319699.393, 104
Trd, 4319702.543, 109
Trd, 4319702.843, 109
Trd, 4319703.393, 108
Trd, 4319703.843, 86
Trd, 4319704.043, 108
Trd, 4319705.293, 99
Trd, 4319706.343, 86
Trd, 4319707.343, 84
Trd, 4319708.943, 94
Trd, 4319709.693, 104
Trd, 4319710.443, 90
Trd, 4319712.543, 112
Trd, 4319712.943, 107
Trd, 4319714.393, 112
Trd, 4319717.193, 93
Trd, 4319718.293, 102
Trd, 4319719.043, 95
Trd, 4319720.293, 97
Trd, 4319720.793, 98
Trd, 4319721.793, 97
Trd, 4319722.443, 95
Trd, 4319723.193, 85
Trd, 4319723.943, 95
Trd, 4319724.793, 124
Trd, 4319725.793, 121
Trd, 4319727.943, 111
Trd, 4319728.043, 95
Trd, 4319729.193, 86
Trd, 4319729.543, 104
Trd, 4319732.093, 95
Trd, 4319733.043, 91
Trd, 4319733.093, 118
Trd, 4319735.593, 111
Trd, 4319738.193, 121
Trd, 4319739.843, 108
Trd, 4319741.043, 107
Trd, 4319741.143, 86
Trd, 4319741.943, 87
Trd, 4319742.793, 89
Trd, 4319744.693, 101
Trd, 4319746.643, 87
Trd, 4319747.343, 103
Trd, 4319748.343, 99
Trd, 4319750.293, 95
Trd, 4319751.143, 95
Trd, 4319751.193, 93
Trd, 4319751.943, 87
Trd, 4319756.143, 103
Trd, 4319756.343, 117
Trd, 4319756.893, 103
Trd, 4319757.793, 114
Trd, 4319759.743, 110
Trd, 4319760.293, 101
Trd, 4319761.093, 95
Trd, 4319761.693, 91
Trd, 4319763.493, 88
Trd, 4319765.943, 98
Trd, 4319766.143, 100
Trd, 4319766.693, 98
Trd, 4319767.193, 87
Trd, 4319767.443, 104
Trd, 4319768.543, 98
Trd, 4319771.243, 121
Trd, 4319772.043, 120
Trd, 4319774.643, 104
Trd, 4319775.043, 95
Trd, 4319775.443, 109
Trd, 4319776.443, 98
Trd, 4319780.043, 115
Trd, 4319780.743, 109
Trd, 4319782.093, 88
Trd, 4319782.393, 89
Trd, 4319782.443, 87
Trd, 4319783.393, 113
Trd, 4319784.993, 87
Trd, 4319786.243, 113
Trd, 4319789.293, 115
Trd, 4319789.493, 120
Trd, 4319789.793, 113
Trd, 4319789.993, 87
Trd, 4319793.743, 100
Trd, 4319794.043, 91
Trd, 4319795.293, 92
Trd, 4319795.693, 101
Trd, 4319797.893, 100
Trd, 4319798.443, 92
Trd, 4319799.593, 103
Trd, 4319799.793, 104
Trd, 4319801.693, 95
Trd, 4319802.143, 95
Trd, 4319803.843, 115
Trd, 4319805.543, 91
Trd, 4319807.543, 108
Trd, 4319808.793, 109
Trd, 4319810.043, 95
Trd, 4319811.243, 110
Trd, 4319812.693, 107
Trd, 4319812.993, 90
Trd, 4319814.093, 104
Trd, 4319814.893, 95
Trd, 4319817.893, 122
Trd, 4319818.593, 99
Trd, 4319820.393, 91
Trd, 4319822.143, 122
Trd, 4319823.243, 96
Trd, 4319824.893, 111
Trd, 4319825.343, 95
Trd, 4319826.493, 121
Trd, 4319829.543, 110
Trd, 4319831.043, 102
Trd, 4319831.293, 100
Trd, 4319831.893, 122
Trd, 4319834.793, 113
Trd, 4319836.543, 105
Trd, 4319837.293, 112
Trd, 4319837.443, 113
Trd, 4319837.993, 97
Trd, 4319840.193, 97
Trd, 4319841.043, 109
Trd, 4319841.193, 95
Trd, 4319842.543, 110
Trd, 4319843.393, 105
Trd, 4319843.893, 89
Trd, 4319845.243, 85
Trd, 4319846.443, 106
Trd, 4319848.443, 124
Trd, 4319849.393, 122
Trd, 4319851.793, 111
Trd, 4319852.343, 110
Trd, 4319854.043, 122
Trd, 4319856.243, 111
Trd, 4319856.943, 104
Trd, 4319858.343, 96
Trd, 4319861.693, 99
Trd, 4319862.243, 103
Trd, 4319863.143, 103
Trd, 4319863.593, 96
Trd, 4319863.993, 96
Trd, 4319865.143, 104
Trd, 4319866.943, 105
Trd, 4319869.293, 87
Trd, 4319869.493, 85
Trd, 4319871.093, 85
Trd, 4319871.593, 103
Trd, 4319873.693, 80
Trd, 4319875.193, 85
Trd, 4319875.343, 86
Trd, 4319875.493, 78
Trd, 4319877.593, 80
Trd, 4319877.693, 100
Trd, 4319878.393, 79
Trd, 4319879.043, 100
Trd, 4319880.293, 86
Trd, 4319883.243, 99
Trd, 4319883.793, 100
Trd, 4319883.843, 83
Trd, 4319887.843, 102
Trd, 4319888.343, 97
Trd, 4319888.443, 95
Trd, 4319889.043, 94
Trd, 4319890.993, 99
Trd, 4319891.593, 97
Trd, 4319893.093, 98
Trd, 4319894.943, 96
Trd, 4319895.943, 122
Trd, 4319896.593, 113
Trd, 4319897.643, 105
Trd, 4319901.143, 112
Trd, 4319901.193, 111
Trd, 4319901.393, 106
Trd, 4319901.893, 114
Trd, 4319903.093, 102
Trd, 4319906.293, 96
Trd, 4319906.493, 96
Trd, 4319906.543, 108
Trd, 4319906.993, 109
Trd, 4319907.293, 100
Trd, 4319910.293, 99
Trd, 4319910.643, 97
Trd, 4319912.393, 125
Trd, 4319912.543, 121
Trd, 4319914.643, 122
Trd, 4319917.543, 113
Trd, 4319918.093, 100
Trd, 4319918.643, 95
Trd, 4319920.943, 86
Trd, 4319921.593, 98
Trd, 4319921.893, 92
Trd, 4319923.143, 103
Trd, 4319924.943, 103
Trd, 4319925.243, 93
Trd, 4319925.643, 91
Trd, 4319927.343, 88
Trd, 4319927.543, 86
Trd, 4319927.643, 102
Trd, 4319929.543, 112
Trd, 4319932.543, 104
Trd, 4319932.843, 95
Trd, 4319933.293, 105
Trd, 4319934.243, 100
Trd, 4319934.343, 95
Trd, 4319935.843, 91
Trd, 4319936.793, 90
Trd, 4319937.993, 93
Trd, 4319938.443, 95
Trd, 4319939.793, 104
Trd, 4319940.543, 94
Trd, 4319940.743, 94
Trd, 4319942.093, 96
Trd, 4319945.543, 124
Trd, 4319946.893, 119
Trd, 4319947.193, 122
Trd, 4319949.043, 104
Trd, 4319949.143, 122
Trd, 4319950.043, 120
Trd, 4319951.893, 96
Trd, 4319953.443, 102
Trd, 4319955.693, 96
Trd, 4319955.993, 122
Trd, 4319958.243, 107
Trd, 4319958.893, 95
Trd, 4319959.943, 86
Trd, 4319963.543, 115
Trd, 4319964.393, 123
Trd, 4319966.243, 122
Trd, 4319968.143, 110
Trd, 4319969.043, 99
Trd, 4319970.593, 111
Trd, 4319971.293, 111
Trd, 4319972.393, 103
Trd, 4319976.543, 129
Trd, 4319976.843, 128
Trd, 4319978.293, 122
Trd, 4319979.093, 110
Trd, 4319980.093, 97
Trd, 4319980.243, 95
Trd, 4319981.693, 86
Trd, 4319983.093, 110
Trd, 4319984.793, 111
Trd, 4319985.543, 103
Trd, 4319986.043, 95
Trd, 4319987.293, 113
Trd, 4319988.543, 104
Trd, 4319989.443, 95
Trd, 4319990.943, 109
Trd, 4319990.993, 107
Trd, 4319991.943, 87
Trd, 4319994.093, 89
Trd, 4319994.143, 85
Trd, 4319994.543, 103
Trd, 4319995.493, 103
Trd, 4319997.493, 122
Trd, 4319997.693, 95
Trd, 4319999.693, 90
