Trd, 4317966.093, 62
Trd, 4317966.593, 86
Trd, 4317969.243, 78
Trd, 4317969.593, 73
Trd, 4317971.843, 94
Trd, 4317972.493, 83
Trd, 4317972.943, 86
Trd, 4317975.443, 91
Trd, 4317975.593, 90
Trd, 4317977.493, 82
Trd, 4317978.993, 96
Trd, 4317979.943, 107
Trd, 4317980.993, 90
Trd, 4317981.293, 86
Trd, 4317982.743, 97
Trd, 4317983.393, 81
Trd, 4317985.193, 87
Trd, 4317985.543, 87
Trd, 4317985.793, 96
Trd, 4317987.193, 97
Trd, 4317987.643, 111
Trd, 4317988.293, 122
Trd, 4317989.593, 98
Trd, 4317991.393, 96
Trd, 4317991.743, 95
Trd, 4317992.043, 86
Trd, 4317992.193, 105
Trd, 4317993.643, 95
Trd, 4317995.643, 96
Trd, 4317995.893, 80
Trd, 4317996.693, 81
Trd, 4317997.193, 83
Trd, 4317999.843, 103
Trd, 4318000.143, 98
Trd, 4318000.543, 97
Trd, 4318001.143, 94
Trd, 4318001.343, 113
Trd, 4318001.393, 86
Trd, 4318002.293, 70
Trd, 4318003.693, 70
Trd, 4318004.593, 129
Trd, 4318006.593, 113
Trd, 4318008.693, 106
Trd, 4318010.193, 103
Trd, 4318011.093, 122
Trd, 4318011.543, 98
Trd, 4318012.593, 113
Trd, 4318013.093, 98
Trd, 4318014.543, 100
Trd, 4318014.643, 98
Trd, 4318015.243, 97
Trd, 4318016.193, 95
Trd, 4318018.343, 98
Trd, 4318019.693, 100
Trd, 4318020.693, 105
Trd, 4318020.993, 104
Trd, 4318021.543, 106
Trd, 4318021.643, 122
Trd, 4318021.843, 86
Trd, 4318023.843, 97
Trd, 4318024.243, 132
Trd, 4318025.143, 95
Trd, 4318025.893, 107
Trd, 4318028.293, 87
Trd, 4318029.093, 94
Trd, 4318029.593, 97
Trd, 4318030.293, 86
Trd, 4318031.343, 87
Trd, 4318032.593, 90
Trd, 4318032.643, 99
Trd, 4318036.893, 101
Trd, 4318037.143, 86
Trd, 4318038.393, 89
Trd, 4318038.643, 88
Trd, 4318039.343, 104
Trd, 4318039.693, 95
Trd, 4318041.443, 95
Trd, 4318042.093, 95
Trd, 4318043.043, 96
Trd, 4318044.343, 99
Trd, 4318044.743, 100
Trd, 4318045.593, 100
Trd, 4318047.493, 104
Trd, 4318047.793, 105
Trd, 4318049.393, 96
Trd, 4318051.243, 98
Trd, 4318051.393, 104
Trd, 4318051.693, 96
Trd, 4318052.343, 86
Trd, 4318054.093, 108
Trd, 4318055.193, 95
Trd, 4318056.393, 95
Trd, 4318056.543, 102
Trd, 4318057.843, 107
Trd, 4318060.493, 102
Trd, 4318061.543, 102
Trd, 4318061.743, 110
Trd, 4318062.543, 95
Trd, 4318062.943, 86
Trd, 4318063.993, 97
Trd, 4318066.293, 114
Trd, 4318067.843, 114
Trd, 4318068.993, 95
Trd, 4318069.893, 86
Trd, 4318070.693, 113
Trd, 4318071.443, 68
Trd, 4318072.193, 105
Trd, 4318076.593, 66
Trd, 4318077.493, 78
Trd, 4318077.643, 62
Trd, 4318078.543, 82
Trd, 4318078.893, 97
Trd, 4318081.043, 75
Trd, 4318083.043, 94
Trd, 4318083.343, 110
Trd, 4318083.793, 112
Trd, 4318085.293, 87
Trd, 4318086.693, 104
Trd, 4318087.893, 99
Trd, 4318088.093, 98
Trd, 4318088.893, 96
Trd, 4318089.643, 95
Trd, 4318089.793, 86
Trd, 4318091.893, 97
Trd, 4318093.093, 96
Trd, 4318094.293, 111
Trd, 4318096.043, 63
Trd, 4318097.393, 95
Trd, 4318097.593, 92
Trd, 4318097.843, 112
Trd, 4318098.743, 113
Trd, 4318099.093, 90
Trd, 4318100.643, 93
Trd, 4318102.243, 112
Trd, 4318102.543, 105
Trd, 4318104.593, 95
Trd, 4318106.393, 62
Trd, 4318107.793, 79
Trd, 4318108.343, 106
Trd, 4318110.443, 96
Trd, 4318110.493, 77
Trd, 4318112.093, 79
Trd, 4318113.793, 84
Trd, 4318114.293, 94
Trd, 4318115.143, 95
Trd, 4318116.043, 97
Trd, 4318117.393, 86
Trd, 4318118.443, 81
Trd, 4318119.843, 104
Trd, 4318120.193, 85
Trd, 4318121.693, 91
Trd, 4318121.843, 95
Trd, 4318123.093, 90
Trd, 4318123.693, 98
Trd, 4318125.093, 82
Trd, 4318127.143, 86
Trd, 4318127.593, 83
Trd, 4318128.143, 104
Trd, 4318128.293, 116
Trd, 4318131.193, 112
Trd, 4318132.643, 96
Trd, 4318132.793, 95
Trd, 4318133.343, 113
Trd, 4318134.643, 95
Trd, 4318134.693, 102
Trd, 4318134.993, 94
Trd, 4318136.043, 138
Trd, 4318137.793, 95
Trd, 4318139.143, 88
Trd, 4318140.293, 91
Trd, 4318141.143, 103
Trd, 4318141.243, 92
Trd, 4318142.093, 106
Trd, 4318142.393, 93
Trd, 4318143.843, 95
Trd, 4318144.643, 94
Trd, 4318145.793, 114
Trd, 4318146.293, 113
Trd, 4318146.943, 99
Trd, 4318147.443, 88
Trd, 4318148.643, 95
Trd, 4318149.943, 90
Trd, 4318151.493, 98
Trd, 4318151.993, 95
Trd, 4318152.493, 105
Trd, 4318152.993, 107
Trd, 4318154.393, 100
Trd, 4318155.143, 94
Trd, 4318156.843, 77
Trd, 4318158.493, 60
Trd, 4318160.893, 78
Trd, 4318162.543, 112
Trd, 4318163.143, 76
Trd, 4318164.093, 87
Trd, 4318165.193, 116
Trd, 4318167.743, 90
Trd, 4318168.193, 91
Trd, 4318168.593, 95
Trd, 4318169.393, 115
Trd, 4318169.993, 112
Trd, 4318170.243, 104
Trd, 4318173.293, 102
Trd, 4318173.343, 106
Trd, 4318173.793, 100
Trd, 4318173.893, 105
Trd, 4318177.343, 103
Trd, 4318179.143, 95
Trd, 4318179.343, 104
Trd, 4318180.643, 88
Trd, 4318181.693, 91
Trd, 4318183.493, 110
Trd, 4318184.393, 92
Trd, 4318185.693, 81
Trd, 4318185.793, 102
Trd, 4318185.843, 80
Trd, 4318188.343, 98
Trd, 4318188.743, 115
Trd, 4318189.093, 96
Trd, 4318189.393, 96
Trd, 4318191.843, 97
Trd, 4318192.493, 95
Trd, 4318193.543, 101
Trd, 4318193.793, 87
Trd, 4318196.043, 102
Trd, 4318196.993, 89
Trd, 4318197.093, 90
Trd, 4318197.993, 84
Trd, 4318200.443, 102
Trd, 4318200.693, 104
Trd, 4318201.093, 93
Trd, 4318201.543, 90
Trd, 4318201.693, 86
Trd, 4318203.593, 102
Trd, 4318206.193, 87
Trd, 4318206.693, 82
Trd, 4318207.443, 89
Trd, 4318209.393, 96
Trd, 4318211.043, 87
Trd, 4318211.693, 88
Trd, 4318213.593, 88
Trd, 4318213.743, 106
Trd, 4318214.543, 113
Trd, 4318215.843, 95
Trd, 4318216.743, 106
Trd, 4318217.193, 94
Trd, 4318218.193, 113
Trd, 4318219.993, 113
Trd, 4318221.193, 113
Trd, 4318221.443, 113
Trd, 4318223.243, 129
Trd, 4318223.993, 115
Trd, 4318225.593, 115
Trd, 4318226.393, 111
Trd, 4318226.693, 104
Trd, 4318227.293, 127
Trd, 4318227.893, 92
Trd, 4318228.593, 86
Trd, 4318230.543, 96
Trd, 4318230.993, 110
Trd, 4318231.443, 105
Trd, 4318233.243, 139
Trd, 4318234.793, 112
Trd, 4318236.493, 113
Trd, 4318236.593, 123
Trd, 4318236.943, 112
Trd, 4318237.943, 104
Trd, 4318239.143, 97
Trd, 4318241.043, 101
Trd, 4318241.143, 100
Trd, 4318241.193, 106
Trd, 4318242.143, 112
Trd, 4318243.893, 97
Trd, 4318243.943, 96
Trd, 4318244.943, 113
Trd, 4318245.143, 95
Trd, 4318246.193, 87
Trd, 4318247.393, 88
Trd, 4318249.143, 95
Trd, 4318249.193, 102
Trd, 4318250.993, 82
Trd, 4318251.943, 86
Trd, 4318254.643, 97
Trd, 4318255.093, 97
Trd, 4318255.343, 102
Trd, 4318255.943, 131
Trd, 4318256.893, 95
Trd, 4318257.693, 100
Trd, 4318257.993, 88
Trd, 4318259.743, 111
Trd, 4318260.493, 78
Trd, 4318261.543, 77
Trd, 4318263.143, 106
Trd, 4318263.193, 121
Trd, 4318263.293, 96
Trd, 4318265.093, 96
Trd, 4318265.293, 94
Trd, 4318267.693, 98
Trd, 4318268.493, 96
Trd, 4318269.693, 95
Trd, 4318270.643, 90
Trd, 4318271.293, 86
Trd, 4318272.743, 102
Trd, 4318273.093, 107
Trd, 4318276.543, 70
Trd, 4318276.593, 86
Trd, 4318278.393, 85
Trd, 4318279.743, 66
Trd, 4318281.043, 86
Trd, 4318281.693, 70
Trd, 4318282.993, 81
Trd, 4318285.193, 97
Trd, 4318285.743, 100
Trd, 4318285.993, 103
Trd, 4318287.343, 95
Trd, 4318289.293, 106
Trd, 4318290.393, 94
Trd, 4318291.143, 95
Trd, 4318291.443, 92
Trd, 4318293.043, 91
Trd, 4318295.943, 93
Trd, 4318296.243, 95
Trd, 4318296.493, 90
Trd, 4318296.843, 122
Trd, 4318299.093, 112
Trd, 4318299.593, 89
Trd, 4318300.293, 95
Trd, 4318303.193, 98
Trd, 4318304.293, 96
Trd, 4318305.043, 95
Trd, 4318305.793, 100
Trd, 4318306.693, 93
Trd, 4318307.443, 102
Trd, 4318308.493, 97
Trd, 4318308.743, 97
Trd, 4318309.393, 94
Trd, 4318311.093, 109
Trd, 4318312.243, 112
Trd, 4318313.693, 97
Trd, 4318314.493, 113
Trd, 4318314.693, 86
Trd, 4318316.793, 120
Trd, 4318317.943, 98
Trd, 4318318.743, 104
Trd, 4318318.943, 95
Trd, 4318320.043, 89
Trd, 4318322.493, 97
Trd, 4318324.143, 102
Trd, 4318324.293, 113
Trd, 4318324.943, 103
Trd, 4318327.143, 105
Trd, 4318327.693, 99
Trd, 4318329.193, 103
Trd, 4318329.593, 102
Trd, 4318330.143, 134
Trd, 4318332.943, 111
Trd, 4318332.993, 99
Trd, 4318333.493, 97
Trd, 4318334.243, 95
Trd, 4318336.593, 99
Trd, 4318337.993, 98
Trd, 4318338.343, 120
Trd, 4318338.743, 113
Trd, 4318339.093, 112
Trd, 4318340.193, 104
Trd, 4318340.893, 86
Trd, 4318343.843, 113
Trd, 4318343.893, 101
Trd, 4318344.293, 105
Trd, 4318344.843, 102
Trd, 4318346.443, 115
Trd, 4318347.293, 114
Trd, 4318347.943, 113
Trd, 4318349.043, 105
Trd, 4318350.393, 110
Trd, 4318350.693, 109
Trd, 4318351.143, 95
Trd, 4318351.893, 120
Trd, 4318353.843, 113
Trd, 4318354.143, 104
Trd, 4318355.343, 113
Trd, 4318356.143, 86
Trd, 4318357.593, 106
Trd, 4318357.643, 97
Trd, 4318359.743, 122
Trd, 4318359.993, 97
Trd, 4318360.893, 96
Trd, 4318363.093, 96
Trd, 4318363.643, 95
Trd, 4318365.043, 96
Trd, 4318365.143, 94
Trd, 4318365.343, 102
Trd, 4318365.393, 122
Trd, 4318367.943, 89
Trd, 4318368.843, 89
Trd, 4318371.293, 100
Trd, 4318371.643, 93
Trd, 4318372.693, 93
Trd, 4318373.743, 101
Trd, 4318375.093, 99
Trd, 4318376.643, 99
Trd, 4318378.593, 96
Trd, 4318378.943, 95
Trd, 4318379.243, 97
Trd, 4318380.793, 106
Trd, 4318380.943, 90
Trd, 4318381.643, 95
Trd, 4318382.593, 88
Trd, 4318384.143, 115
Trd, 4318385.543, 113
Trd, 4318387.443, 113
Trd, 4318388.593, 123
Trd, 4318389.393, 98
Trd, 4318390.443, 95
Trd, 4318391.793, 97
Trd, 4318391.943, 90
Trd, 4318392.243, 86
Trd, 4318394.343, 84
Trd, 4318394.693, 104
Trd, 4318395.193, 100
Trd, 4318395.693, 79
Trd, 4318398.093, 113
Trd, 4318398.943, 94
Trd, 4318399.593, 87
Trd, 4318400.043, 122
Trd, 4318401.443, 99
Trd, 4318401.543, 100
Trd, 4318402.543, 97
Trd, 4318404.493, 95
Trd, 4318404.593, 104
Trd, 4318404.843, 108
Trd, 4318406.693, 89
Trd, 4318407.493, 121
Trd, 4318407.543, 95
Trd, 4318409.893, 95
Trd, 4318410.593, 105
Trd, 4318412.693, 96
Trd, 4318413.093, 88
Trd, 4318414.243, 104
Trd, 4318416.343, 89
Trd, 4318417.493, 94
Trd, 4318417.993, 95
Trd, 4318418.993, 96
Trd, 4318419.343, 108
Trd, 4318420.293, 113
Trd, 4318421.193, 89
Trd, 4318422.443, 79
Trd, 4318423.693, 73
Trd, 4318424.643, 95
Trd, 4318425.393, 126
Trd, 4318426.293, 96
Trd, 4318427.643, 79
Trd, 4318427.843, 79
Trd, 4318428.893, 101
Trd, 4318430.293, 104
Trd, 4318430.893, 97
Trd, 4318431.343, 94
Trd, 4318433.543, 117
Trd, 4318435.293, 113
Trd, 4318436.593, 104
Trd, 4318437.243, 91
Trd, 4318439.043, 93
Trd, 4318439.093, 92
Trd, 4318440.193, 99
Trd, 4318443.643, 97
Trd, 4318444.043, 105
Trd, 4318444.143, 107
Trd, 4318444.393, 99
Trd, 4318445.193, 95
Trd, 4318446.043, 98
Trd, 4318447.693, 96
Trd, 4318447.893, 95
Trd, 4318448.393, 86
Trd, 4318448.593, 122
Trd, 4318449.293, 78
Trd, 4318451.693, 104
Trd, 4318452.543, 83
Trd, 4318453.343, 83
Trd, 4318455.543, 103
Trd, 4318455.593, 81
Trd, 4318455.843, 79
Trd, 4318457.093, 95
Trd, 4318459.593, 94
Trd, 4318460.043, 97
Trd, 4318460.093, 95
Trd, 4318460.843, 86
Trd, 4318461.143, 111
Trd, 4318463.743, 94
Trd, 4318465.493, 90
Trd, 4318465.993, 95
Trd, 4318466.793, 107
Trd, 4318467.293, 108
Trd, 4318469.093, 97
Trd, 4318469.843, 96
Trd, 4318470.493, 96
Trd, 4318470.693, 122
Trd, 4318473.393, 98
Trd, 4318473.643, 97
Trd, 4318474.193, 108
Trd, 4318474.893, 86
Trd, 4318475.943, 134
Trd, 4318476.593, 97
Trd, 4318477.143, 95
Trd, 4318478.243, 90
Trd, 4318480.593, 98
Trd, 4318480.743, 104
Trd, 4318481.393, 97
Trd, 4318481.743, 95
Trd, 4318482.543, 88
Trd, 4318483.143, 87
Trd, 4318484.393, 108
Trd, 4318486.093, 99
Trd, 4318486.943, 110
Trd, 4318488.043, 85
Trd, 4318488.493, 84
Trd, 4318490.143, 94
Trd, 4318492.343, 114
Trd, 4318493.343, 124
Trd, 4318493.443, 113
Trd, 4318493.543, 104
Trd, 4318494.543, 86
Trd, 4318496.443, 111
Trd, 4318496.643, 132
Trd, 4318498.293, 114
Trd, 4318499.493, 116
Trd, 4318500.743, 111
Trd, 4318502.043, 99
Trd, 4318502.993, 111
Trd, 4318504.643, 104
Trd, 4318505.143, 105
Trd, 4318505.793, 102
Trd, 4318507.293, 100
Trd, 4318507.743, 122
Trd, 4318508.443, 100
Trd, 4318508.543, 99
Trd, 4318509.793, 108
Trd, 4318512.293, 95
Trd, 4318513.593, 107
Trd, 4318514.143, 95
Trd, 4318514.743, 90
Trd, 4318516.343, 107
Trd, 4318517.093, 95
Trd, 4318517.243, 93
Trd, 4318517.893, 112
Trd, 4318518.193, 95
Trd, 4318521.243, 102
Trd, 4318521.793, 98
Trd, 4318522.143, 97
Trd, 4318522.893, 95
Trd, 4318523.193, 86
Trd, 4318524.493, 102
Trd, 4318525.293, 96
Trd, 4318526.043, 107
Trd, 4318527.343, 108
Trd, 4318527.743, 102
Trd, 4318529.893, 113
Trd, 4318530.393, 103
Trd, 4318531.543, 97
Trd, 4318531.993, 97
Trd, 4318533.643, 95
Trd, 4318534.843, 92
Trd, 4318536.343, 102
Trd, 4318536.393, 105
Trd, 4318538.643, 98
Trd, 4318538.793, 101
Trd, 4318538.943, 97
Trd, 4318539.943, 91
Trd, 4318540.493, 109
Trd, 4318541.193, 93
Trd, 4318543.993, 86
Trd, 4318544.043, 93
Trd, 4318544.543, 77
Trd, 4318544.943, 95
Trd, 4318546.093, 108
Trd, 4318547.443, 97
Trd, 4318548.593, 96
Trd, 4318550.043, 104
Trd, 4318550.843, 90
Trd, 4318552.393, 95
Trd, 4318552.543, 93
Trd, 4318552.893, 92
Trd, 4318553.043, 107
Trd, 4318555.093, 136
Trd, 4318555.443, 87
Trd, 4318556.543, 80
Trd, 4318557.193, 96
Trd, 4318559.493, 97
Trd, 4318560.493, 100
Trd, 4318561.293, 100
Trd, 4318561.993, 116
Trd, 4318562.193, 99
Trd, 4318563.993, 95
Trd, 4318565.243, 94
Trd, 4318566.443, 96
Trd, 4318566.893, 104
Trd, 4318568.743, 114
Trd, 4318569.193, 122
Trd, 4318569.393, 113
Trd, 4318569.793, 100
Trd, 4318570.543, 90
Trd, 4318571.493, 86
Trd, 4318573.443, 94
Trd, 4318575.093, 89
Trd, 4318575.593, 103
Trd, 4318577.093, 95
Trd, 4318578.143, 93
Trd, 4318579.193, 97
Trd, 4318582.493, 100
Trd, 4318582.993, 99
Trd, 4318583.343, 96
Trd, 4318583.693, 101
Trd, 4318583.943, 107
Trd, 4318584.343, 96
Trd, 4318585.243, 94
Trd, 4318586.293, 77
Trd, 4318588.893, 98
Trd, 4318589.043, 94
Trd, 4318590.193, 104
Trd, 4318590.793, 122
Trd, 4318591.243, 87
Trd, 4318593.043, 88
Trd, 4318594.193, 93
Trd, 4318595.193, 79
Trd, 4318596.293, 78
Trd, 4318598.093, 99
Trd, 4318598.843, 81
Trd, 4318599.643, 104
Trd, 4318600.493, 79
Trd, 4318603.693, 98
Trd, 4318604.143, 95
Trd, 4318605.643, 98
Trd, 4318606.843, 94
Trd, 4318606.893, 93
Trd, 4318607.393, 107
Trd, 4318607.993, 87
Trd, 4318608.293, 88
Trd, 4318610.843, 86
Trd, 4318611.093, 108
Trd, 4318611.293, 86
Trd, 4318612.093, 79
Trd, 4318613.793, 93
Trd, 4318614.193, 85
Trd, 4318617.343, 91
Trd, 4318617.593, 89
Trd, 4318619.093, 95
Trd, 4318619.343, 100
Trd, 4318619.693, 86
Trd, 4318621.143, 113
Trd, 4318622.993, 104
Trd, 4318624.143, 101
Trd, 4318624.493, 98
Trd, 4318625.793, 97
Trd, 4318626.743, 97
Trd, 4318627.293, 108
Trd, 4318628.743, 106
Trd, 4318629.493, 99
Trd, 4318629.793, 98
Trd, 4318630.893, 97
Trd, 4318633.043, 113
Trd, 4318633.093, 133
Trd, 4318635.543, 115
Trd, 4318636.043, 114
Trd, 4318636.143, 113
Trd, 4318637.243, 96
Trd, 4318637.693, 94
Trd, 4318638.643, 78
Trd, 4318639.143, 96
Trd, 4318641.493, 107
Trd, 4318643.243, 97
Trd, 4318643.793, 95
Trd, 4318644.293, 129
Trd, 4318644.593, 112
Trd, 4318645.693, 93
Trd, 4318646.143, 92
Trd, 4318647.943, 92
Trd, 4318648.843, 107
Trd, 4318648.943, 109
Trd, 4318649.493, 94
Trd, 4318652.143, 99
Trd, 4318653.893, 133
Trd, 4318654.193, 115
Trd, 4318654.693, 113
Trd, 4318654.793, 104
Trd, 4318655.343, 94
Trd, 4318656.043, 86
Trd, 4318657.143, 97
Trd, 4318659.643, 100
Trd, 4318660.343, 101
Trd, 4318660.393, 102
Trd, 4318661.893, 104
Trd, 4318661.993, 122
Trd, 4318665.443, 113
Trd, 4318665.793, 93
Trd, 4318667.893, 91
Trd, 4318668.243, 123
Trd, 4318668.543, 113
Trd, 4318668.643, 90
Trd, 4318671.143, 96
Trd, 4318672.243, 101
Trd, 4318672.443, 95
Trd, 4318673.143, 112
Trd, 4318673.343, 95
Trd, 4318677.493, 84
Trd, 4318677.993, 82
Trd, 4318679.443, 93
Trd, 4318679.743, 95
Trd, 4318680.493, 87
Trd, 4318680.593, 108
Trd, 4318681.193, 77
Trd, 4318682.493, 102
Trd, 4318682.643, 90
Trd, 4318684.893, 113
Trd, 4318684.993, 112
Trd, 4318686.393, 111
Trd, 4318687.793, 96
Trd, 4318687.993, 110
Trd, 4318690.143, 96
Trd, 4318690.493, 98
Trd, 4318690.643, 95
Trd, 4318691.743, 87
Trd, 4318691.843, 131
Trd, 4318693.043, 86
Trd, 4318696.193, 99
Trd, 4318696.243, 98
Trd, 4318698.393, 103
Trd, 4318699.393, 99
Trd, 4318699.743, 97
Trd, 4318700.143, 104
Trd, 4318700.793, 104
Trd, 4318701.193, 95
Trd, 4318703.443, 92
Trd, 4318704.043, 92
Trd, 4318705.143, 99
Trd, 4318705.843, 94
Trd, 4318706.143, 93
Trd, 4318706.543, 104
Trd, 4318707.293, 87
Trd, 4318707.493, 86
Trd, 4318710.043, 113
Trd, 4318711.743, 104
Trd, 4318712.043, 105
Trd, 4318712.893, 106
Trd, 4318713.143, 104
Trd, 4318714.843, 96
Trd, 4318716.193, 87
Trd, 4318716.393, 95
Trd, 4318716.693, 122
Trd, 4318718.143, 93
Trd, 4318720.243, 96
Trd, 4318721.293, 88
Trd, 4318723.343, 98
Trd, 4318723.493, 97
Trd, 4318724.343, 99
Trd, 4318724.593, 96
Trd, 4318725.493, 95
Trd, 4318725.543, 106
Trd, 4318726.643, 122
Trd, 4318727.843, 73
Trd, 4318728.243, 107
Trd, 4318730.143, 99
Trd, 4318730.243, 97
Trd, 4318730.543, 95
Trd, 4318731.743, 113
Trd, 4318735.343, 96
Trd, 4318735.793, 96
Trd, 4318735.943, 100
Trd, 4318737.693, 102
Trd, 4318738.293, 97
Trd, 4318738.543, 95
Trd, 4318739.693, 96
Trd, 4318742.093, 99
Trd, 4318742.393, 99
Trd, 4318743.993, 81
Trd, 4318745.093, 78
Trd, 4318745.343, 108
Trd, 4318746.443, 96
Trd, 4318747.443, 95
Trd, 4318748.243, 87
Trd, 4318748.543, 104
Trd, 4318751.693, 105
Trd, 4318751.793, 102
Trd, 4318752.443, 101
Trd, 4318753.093, 113
Trd, 4318753.693, 95
Trd, 4318754.243, 132
Trd, 4318755.143, 94
Trd, 4318758.093, 81
Trd, 4318758.193, 78
Trd, 4318758.443, 100
Trd, 4318761.143, 102
Trd, 4318763.193, 95
Trd, 4318764.693, 104
Trd, 4318765.343, 97
Trd, 4318766.093, 106
Trd, 4318766.743, 97
Trd, 4318766.893, 96
Trd, 4318768.143, 95
Trd, 4318768.343, 122
Trd, 4318769.143, 68
Trd, 4318769.993, 113
Trd, 4318772.193, 96
Trd, 4318772.343, 110
Trd, 4318773.793, 95
Trd, 4318773.893, 86
Trd, 4318775.743, 78
Trd, 4318776.893, 79
Trd, 4318777.793, 113
Trd, 4318779.193, 94
Trd, 4318780.943, 89
Trd, 4318781.093, 100
Trd, 4318781.643, 104
Trd, 4318781.743, 87
Trd, 4318781.943, 127
Trd, 4318785.993, 96
Trd, 4318786.093, 110
Trd, 4318787.293, 98
Trd, 4318787.693, 95
Trd, 4318790.093, 90
Trd, 4318790.893, 95
Trd, 4318791.293, 95
Trd, 4318792.243, 109
Trd, 4318792.993, 96
Trd, 4318793.743, 95
Trd, 4318794.193, 86
Trd, 4318794.643, 105
Trd, 4318796.743, 113
Trd, 4318797.443, 82
Trd, 4318797.643, 81
Trd, 4318799.443, 124
Trd, 4318800.893, 76
Trd, 4318801.743, 109
Trd, 4318803.943, 86
Trd, 4318805.693, 106
Trd, 4318805.893, 88
Trd, 4318807.443, 80
Trd, 4318808.943, 100
Trd, 4318809.343, 96
Trd, 4318809.843, 96
Trd, 4318810.793, 101
Trd, 4318811.493, 99
Trd, 4318812.493, 107
Trd, 4318813.593, 95
Trd, 4318813.893, 96
Trd, 4318815.543, 95
Trd, 4318817.243, 93
Trd, 4318817.843, 96
Trd, 4318818.243, 97
Trd, 4318819.443, 114
Trd, 4318819.843, 112
Trd, 4318821.093, 95
Trd, 4318822.993, 95
Trd, 4318824.493, 98
Trd, 4318824.593, 97
Trd, 4318826.543, 113
Trd, 4318826.743, 111
Trd, 4318827.193, 110
Trd, 4318828.343, 95
Trd, 4318829.293, 121
Trd, 4318830.643, 87
Trd, 4318832.143, 113
Trd, 4318832.843, 113
Trd, 4318833.393, 113
Trd, 4318834.543, 95
Trd, 4318835.443, 95
Trd, 4318836.893, 106
Trd, 4318837.743, 94
Trd, 4318838.693, 94
Trd, 4318839.193, 87
Trd, 4318842.793, 105
Trd, 4318842.893, 96
Trd, 4318843.843, 111
Trd, 4318845.143, 98
Trd, 4318845.493, 97
Trd, 4318845.893, 120
Trd, 4318846.093, 95
Trd, 4318847.693, 94
Trd, 4318847.943, 113
Trd, 4318850.243, 96
Trd, 4318851.443, 98
Trd, 4318851.793, 97
Trd, 4318852.493, 95
Trd, 4318852.693, 106
Trd, 4318854.443, 113
Trd, 4318856.193, 99
Trd, 4318857.893, 102
Trd, 4318858.643, 114
Trd, 4318860.993, 96
Trd, 4318862.043, 96
Trd, 4318862.293, 105
Trd, 4318862.593, 95
Trd, 4318862.793, 105
Trd, 4318862.993, 86
Trd, 4318865.493, 113
Trd, 4318865.543, 104
Trd, 4318867.293, 96
Trd, 4318869.093, 95
Trd, 4318869.243, 86
Trd, 4318870.593, 110
Trd, 4318872.093, 100
Trd, 4318873.043, 86
Trd, 4318873.443, 95
Trd, 4318875.493, 109
Trd, 4318876.993, 100
Trd, 4318877.443, 103
Trd, 4318879.443, 104
Trd, 4318879.593, 101
Trd, 4318880.093, 112
Trd, 4318880.743, 97
Trd, 4318882.993, 86
Trd, 4318883.343, 68
Trd, 4318884.243, 91
Trd, 4318884.693, 61
Trd, 4318885.043, 79
Trd, 4318885.593, 96
Trd, 4318889.143, 96
Trd, 4318889.843, 97
Trd, 4318890.043, 95
Trd, 4318890.143, 104
Trd, 4318891.793, 114
Trd, 4318892.893, 113
Trd, 4318893.493, 114
Trd, 4318894.093, 134
Trd, 4318896.093, 106
Trd, 4318897.493, 113
Trd, 4318897.993, 104
Trd, 4318899.293, 97
Trd, 4318899.693, 86
Trd, 4318901.243, 97
Trd, 4318903.143, 98
Trd, 4318903.493, 98
Trd, 4318903.643, 95
Trd, 4318904.243, 108
Trd, 4318905.693, 99
Trd, 4318905.843, 86
Trd, 4318908.943, 99
Trd, 4318909.443, 113
Trd, 4318909.593, 97
Trd, 4318910.443, 118
Trd, 4318911.793, 97
Trd, 4318912.893, 110
Trd, 4318914.443, 101
Trd, 4318914.543, 100
Trd, 4318915.143, 127
Trd, 4318916.093, 86
Trd, 4318917.693, 73
Trd, 4318917.993, 86
Trd, 4318918.993, 78
Trd, 4318920.593, 98
Trd, 4318921.543, 94
Trd, 4318921.793, 106
Trd, 4318924.793, 96
Trd, 4318925.343, 96
Trd, 4318926.043, 94
Trd, 4318927.993, 96
Trd, 4318928.093, 89
Trd, 4318929.093, 91
Trd, 4318931.843, 104
Trd, 4318931.893, 100
Trd, 4318932.343, 96
Trd, 4318935.043, 110
Trd, 4318935.693, 95
Trd, 4318936.543, 105
Trd, 4318937.043, 132
Trd, 4318937.593, 82
Trd, 4318938.193, 95
Trd, 4318938.943, 86
Trd, 4318940.393, 100
Trd, 4318941.443, 86
Trd, 4318941.793, 83
Trd, 4318943.393, 106
Trd, 4318944.943, 107
Trd, 4318945.543, 107
Trd, 4318946.193, 106
Trd, 4318947.043, 86
Trd, 4318947.843, 112
Trd, 4318949.593, 99
Trd, 4318950.493, 98
Trd, 4318951.143, 86
Trd, 4318952.393, 96
Trd, 4318952.693, 96
Trd, 4318953.093, 96
Trd, 4318955.393, 104
Trd, 4318956.693, 94
Trd, 4318958.743, 130
Trd, 4318959.043, 112
Trd, 4318959.793, 104
Trd, 4318961.193, 96
Trd, 4318961.843, 87
Trd, 4318963.743, 91
Trd, 4318964.493, 93
Trd, 4318964.993, 128
Trd, 4318967.593, 97
Trd, 4318967.893, 104
Trd, 4318968.743, 104
Trd, 4318968.793, 97
Trd, 4318970.393, 96
Trd, 4318971.893, 95
Trd, 4318972.093, 94
Trd, 4318974.493, 96
Trd, 4318974.893, 86
Trd, 4318975.493, 105
Trd, 4318976.243, 108
Trd, 4318979.193, 98
Trd, 4318979.493, 105
Trd, 4318979.543, 96
Trd, 4318980.793, 94
Trd, 4318981.043, 95
Trd, 4318982.343, 95
Trd, 4318982.443, 104
Trd, 4318983.793, 118
Trd, 4318984.243, 81
Trd, 4318984.893, 77
Trd, 4318987.193, 86
Trd, 4318987.293, 89
Trd, 4318988.443, 61
Trd, 4318988.743, 84
Trd, 4318991.593, 96
Trd, 4318993.193, 79
Trd, 4318993.393, 104
Trd, 4318993.893, 81
Trd, 4318996.043, 95
Trd, 4318996.193, 96
Trd, 4318996.693, 95
Trd, 4319000.143, 85
Trd, 4319000.193, 96
Trd, 4319000.843, 92
Trd, 4319001.493, 104
Trd, 4319001.693, 107
Trd, 4319002.443, 82
Trd, 4319002.543, 79
Trd, 4319005.593, 98
Trd, 4319007.143, 113
Trd, 4319007.243, 114
Trd, 4319007.393, 113
Trd, 4319009.093, 95
Trd, 4319009.393, 98
Trd, 4319010.943, 96
Trd, 4319011.193, 94
Trd, 4319012.243, 87
Trd, 4319012.293, 86
Trd, 4319014.643, 92
Trd, 4319015.093, 107
Trd, 4319015.293, 78
Trd, 4319016.293, 111
Trd, 4319018.393, 90
Trd, 4319018.693, 87
Trd, 4319019.793, 90
Trd, 4319020.893, 107
Trd, 4319021.443, 100
Trd, 4319023.243, 95
Trd, 4319024.693, 102
Trd, 4319025.593, 101
Trd, 4319026.593, 103
Trd, 4319026.643, 105
Trd, 4319027.043, 131
Trd, 4319027.193, 95
Trd, 4319029.693, 88
Trd, 4319031.343, 87
Trd, 4319031.743, 86
Trd, 4319032.193, 98
Trd, 4319034.643, 100
Trd, 4319034.893, 101
Trd, 4319035.443, 104
Trd, 4319036.043, 130
Trd, 4319036.093, 101
Trd, 4319036.343, 93
Trd, 4319038.543, 98
Trd, 4319038.643, 109
Trd, 4319039.293, 98
Trd, 4319041.493, 112
Trd, 4319042.943, 105
Trd, 4319043.293, 104
Trd, 4319044.343, 112
Trd, 4319044.843, 95
Trd, 4319045.443, 86
Trd, 4319047.343, 112
Trd, 4319048.743, 101
Trd, 4319049.743, 94
Trd, 4319052.043, 106
Trd, 4319052.243, 95
Trd, 4319052.543, 95
Trd, 4319052.743, 114
Trd, 4319053.843, 114
Trd, 4319054.443, 113
Trd, 4319056.193, 95
Trd, 4319056.243, 95
Trd, 4319058.493, 102
Trd, 4319059.543, 105
Trd, 4319060.593, 86
Trd, 4319062.493, 94
Trd, 4319063.293, 82
Trd, 4319064.793, 81
Trd, 4319065.243, 96
Trd, 4319066.293, 105
Trd, 4319066.543, 96
Trd, 4319068.393, 99
Trd, 4319069.793, 96
Trd, 4319069.843, 79
Trd, 4319070.993, 99
Trd, 4319073.493, 99
Trd, 4319074.393, 109
Trd, 4319074.443, 95
Trd, 4319074.943, 88
Trd, 4319076.143, 95
Trd, 4319077.593, 104
Trd, 4319078.043, 90
Trd, 4319078.493, 90
Trd, 4319080.843, 118
Trd, 4319081.443, 116
Trd, 4319082.643, 116
Trd, 4319082.793, 113
Trd, 4319084.443, 133
Trd, 4319084.793, 112
Trd, 4319084.943, 105
Trd, 4319084.993, 104
Trd, 4319088.193, 98
Trd, 4319088.943, 96
Trd, 4319089.443, 127
Trd, 4319091.193, 97
Trd, 4319093.093, 81
Trd, 4319093.743, 86
Trd, 4319094.393, 86
Trd, 4319095.793, 98
Trd, 4319096.143, 99
Trd, 4319097.543, 96
Trd, 4319098.093, 96
Trd, 4319098.743, 86
Trd, 4319100.043, 98
Trd, 4319101.193, 107
Trd, 4319102.093, 122
Trd, 4319103.293, 109
Trd, 4319104.443, 134
Trd, 4319104.943, 104
Trd, 4319105.043, 95
Trd, 4319105.493, 87
Trd, 4319107.543, 95
Trd, 4319108.843, 95
Trd, 4319109.293, 105
Trd, 4319111.043, 86
Trd, 4319111.793, 108
Trd, 4319112.993, 97
Trd, 4319113.443, 96
Trd, 4319114.393, 97
Trd, 4319114.443, 95
Trd, 4319116.243, 81
Trd, 4319117.443, 86
Trd, 4319119.243, 95
Trd, 4319119.393, 86
Trd, 4319120.143, 87
Trd, 4319122.743, 94
Trd, 4319122.993, 98
Trd, 4319123.293, 109
Trd, 4319123.993, 95
Trd, 4319125.993, 131
Trd, 4319127.193, 95
Trd, 4319129.043, 97
Trd, 4319129.843, 86
Trd, 4319130.843, 87
Trd, 4319132.243, 96
Trd, 4319133.593, 99
Trd, 4319135.043, 99
Trd, 4319135.193, 104
Trd, 4319135.293, 98
Trd, 4319136.193, 111
Trd, 4319137.893, 99
Trd, 4319138.243, 95
Trd, 4319139.693, 112
Trd, 4319141.193, 97
Trd, 4319141.743, 94
Trd, 4319141.893, 93
Trd, 4319145.443, 95
Trd, 4319146.193, 97
Trd, 4319146.393, 104
Trd, 4319147.643, 102
Trd, 4319150.193, 99
Trd, 4319150.243, 97
Trd, 4319152.743, 102
Trd, 4319153.843, 100
Trd, 4319154.243, 105
Trd, 4319154.393, 110
Trd, 4319154.543, 95
Trd, 4319156.093, 86
Trd, 4319156.793, 95
Trd, 4319158.143, 84
Trd, 4319160.143, 93
Trd, 4319160.343, 100
Trd, 4319161.743, 84
Trd, 4319161.893, 83
Trd, 4319163.293, 102
Trd, 4319164.893, 95
Trd, 4319167.793, 101
Trd, 4319168.293, 100
Trd, 4319168.343, 92
Trd, 4319169.843, 96
Trd, 4319170.843, 99
Trd, 4319172.243, 102
Trd, 4319172.393, 101
Trd, 4319173.693, 103
Trd, 4319173.893, 105
Trd, 4319175.593, 95
Trd, 4319176.043, 104
Trd, 4319177.193, 104
Trd, 4319178.343, 95
Trd, 4319179.393, 95
Trd, 4319180.293, 96
Trd, 4319181.193, 96
Trd, 4319181.243, 106
Trd, 4319182.343, 86
Trd, 4319183.293, 96
Trd, 4319183.993, 96
Trd, 4319185.643, 105
Trd, 4319185.893, 122
Trd, 4319186.093, 97
Trd, 4319187.693, 96
Trd, 4319188.393, 95
Trd, 4319188.743, 106
Trd, 4319189.493, 86
Trd, 4319190.693, 83
Trd, 4319192.743, 97
Trd, 4319193.843, 99
Trd, 4319195.393, 103
Trd, 4319196.043, 93
Trd, 4319196.293, 87
Trd, 4319199.143, 86
Trd, 4319199.193, 88
Trd, 4319202.243, 86
Trd, 4319203.143, 92
Trd, 4319203.393, 77
Trd, 4319203.693, 68
Trd, 4319204.893, 95
Trd, 4319206.393, 102
Trd, 4319209.543, 61
Trd, 4319210.393, 86
Trd, 4319210.693, 79
Trd, 4319211.843, 78
Trd, 4319212.743, 95
Trd, 4319215.093, 81
Trd, 4319216.243, 95
Trd, 4319217.493, 81
Trd, 4319217.793, 81
Trd, 4319218.543, 95
Trd, 4319218.743, 82
Trd, 4319221.293, 99
Trd, 4319222.243, 100
Trd, 4319222.843, 95
Trd, 4319223.343, 110
Trd, 4319225.293, 133
Trd, 4319225.743, 97
Trd, 4319225.943, 96
Trd, 4319227.043, 106
Trd, 4319229.043, 99
Trd, 4319229.293, 107
Trd, 4319229.543, 98
Trd, 4319230.393, 96
Trd, 4319230.693, 95
Trd, 4319230.793, 105
Trd, 4319231.843, 77
Trd, 4319234.393, 98
Trd, 4319235.343, 100
Trd, 4319236.143, 96
Trd, 4319236.243, 102
Trd, 4319236.393, 94
Trd, 4319236.643, 105
Trd, 4319238.193, 111
Trd, 4319238.943, 84
Trd, 4319239.843, 95
Trd, 4319241.793, 97
Trd, 4319241.893, 102
Trd, 4319243.543, 98
Trd, 4319243.593, 97
Trd, 4319245.193, 104
Trd, 4319246.843, 98
Trd, 4319249.293, 95
Trd, 4319250.143, 109
Trd, 4319250.743, 122
Trd, 4319252.193, 95
Trd, 4319252.793, 109
Trd, 4319253.343, 122
Trd, 4319253.993, 98
Trd, 4319254.293, 86
Trd, 4319256.193, 95
Trd, 4319256.243, 77
Trd, 4319258.543, 113
Trd, 4319260.543, 106
Trd, 4319260.693, 105
Trd, 4319261.793, 96
Trd, 4319262.093, 94
Trd, 4319262.793, 132
Trd, 4319263.593, 134
Trd, 4319263.643, 95
Trd, 4319264.093, 112
Trd, 4319267.143, 90
Trd, 4319269.643, 97
Trd, 4319270.443, 99
Trd, 4319270.743, 95
Trd, 4319271.093, 95
Trd, 4319272.143, 93
Trd, 4319272.643, 95
Trd, 4319272.793, 95
Trd, 4319276.943, 104
Trd, 4319277.093, 104
Trd, 4319277.593, 84
Trd, 4319279.343, 96
Trd, 4319280.143, 96
Trd, 4319280.343, 96
Trd, 4319281.893, 104
Trd, 4319281.993, 97
Trd, 4319282.493, 96
Trd, 4319283.043, 113
Trd, 4319286.893, 101
Trd, 4319287.843, 100
Trd, 4319287.993, 108
Trd, 4319288.943, 95
Trd, 4319289.943, 104
Trd, 4319291.393, 86
Trd, 4319291.493, 85
Trd, 4319292.943, 91
Trd, 4319293.893, 71
Trd, 4319294.493, 73
Trd, 4319294.593, 102
Trd, 4319294.843, 77
Trd, 4319296.643, 78
Trd, 4319298.643, 78
Trd, 4319299.093, 102
Trd, 4319299.693, 95
Trd, 4319301.043, 110
Trd, 4319301.493, 95
Trd, 4319301.943, 94
Trd, 4319304.793, 91
Trd, 4319305.193, 90
Trd, 4319306.493, 91
Trd, 4319306.593, 72
Trd, 4319307.443, 95
Trd, 4319307.543, 106
Trd, 4319308.243, 72
Trd, 4319309.493, 120
Trd, 4319309.993, 74
Trd, 4319311.443, 101
Trd, 4319312.043, 97
Trd, 4319313.793, 105
Trd, 4319314.143, 92
Trd, 4319314.443, 91
Trd, 4319316.893, 94
Trd, 4319317.243, 91
Trd, 4319317.893, 79
Trd, 4319319.793, 98
Trd, 4319320.343, 82
Trd, 4319321.093, 104
Trd, 4319321.843, 78
Trd, 4319323.493, 86
Trd, 4319324.243, 75
Trd, 4319326.143, 102
Trd, 4319327.043, 84
Trd, 4319327.743, 83
Trd, 4319328.593, 82
Trd, 4319329.743, 96
Trd, 4319329.843, 95
Trd, 4319330.243, 107
Trd, 4319330.293, 122
Trd, 4319332.643, 84
Trd, 4319336.043, 96
Trd, 4319336.693, 97
Trd, 4319337.393, 98
Trd, 4319339.093, 115
Trd, 4319340.143, 113
Trd, 4319340.643, 122
Trd, 4319341.343, 109
Trd, 4319343.193, 96
Trd, 4319344.193, 96
Trd, 4319344.643, 126
Trd, 4319346.293, 113
Trd, 4319346.493, 104
Trd, 4319346.743, 95
Trd, 4319348.443, 106
Trd, 4319349.943, 89
Trd, 4319350.193, 96
Trd, 4319352.043, 99
Trd, 4319352.943, 100
Trd, 4319354.243, 108
Trd, 4319355.193, 80
Trd, 4319357.593, 97
Trd, 4319358.443, 94
Trd, 4319358.943, 105
Trd, 4319358.993, 109
Trd, 4319359.543, 95
Trd, 4319359.943, 131
Trd, 4319360.343, 93
Trd, 4319360.943, 88
Trd, 4319361.543, 86
Trd, 4319365.493, 99
Trd, 4319367.043, 97
Trd, 4319367.243, 102
Trd, 4319367.843, 102
Trd, 4319369.543, 110
Trd, 4319370.543, 104
Trd, 4319371.493, 107
Trd, 4319372.343, 107
Trd, 4319373.343, 105
Trd, 4319374.343, 104
Trd, 4319376.343, 113
Trd, 4319376.493, 96
Trd, 4319376.693, 118
Trd, 4319377.093, 95
Trd, 4319377.393, 78
Trd, 4319379.193, 96
Trd, 4319379.243, 95
Trd, 4319379.643, 131
Trd, 4319380.193, 107
Trd, 4319382.193, 87
Trd, 4319383.343, 95
Trd, 4319384.943, 88
Trd, 4319386.143, 93
Trd, 4319386.193, 95
Trd, 4319387.143, 89
Trd, 4319388.043, 89
Trd, 4319389.093, 81
Trd, 4319389.343, 98
Trd, 4319389.593, 79
Trd, 4319390.143, 79
Trd, 4319392.693, 95
Trd, 4319394.243, 82
Trd, 4319394.993, 95
Trd, 4319395.643, 95
Trd, 4319397.093, 79
Trd, 4319397.893, 86
Trd, 4319398.393, 109
Trd, 4319399.243, 132
Trd, 4319399.493, 79
Trd, 4319400.293, 78
Trd, 4319401.343, 78
Trd, 4319403.393, 95
Trd, 4319403.843, 95
Trd, 4319404.393, 104
Trd, 4319405.043, 105
Trd, 4319405.143, 95
Trd, 4319406.343, 95
Trd, 4319408.243, 97
Trd, 4319408.943, 96
Trd, 4319410.943, 111
Trd, 4319411.593, 110
Trd, 4319412.793, 97
Trd, 4319412.893, 119
Trd, 4319415.243, 95
Trd, 4319416.243, 100
Trd, 4319416.293, 122
Trd, 4319417.293, 97
Trd, 4319417.993, 96
Trd, 4319418.043, 95
Trd, 4319418.543, 93
Trd, 4319421.643, 95
Trd, 4319422.093, 83
Trd, 4319422.193, 82
Trd, 4319423.693, 95
Trd, 4319424.893, 105
Trd, 4319424.943, 82
Trd, 4319425.493, 132
Trd, 4319426.093, 104
Trd, 4319427.243, 80
Trd, 4319429.093, 80
Trd, 4319429.243, 86
Trd, 4319430.143, 122
Trd, 4319431.943, 77
Trd, 4319432.093, 79
Trd, 4319434.143, 85
Trd, 4319434.793, 86
Trd, 4319435.143, 86
Trd, 4319435.893, 100
Trd, 4319436.443, 95
Trd, 4319437.293, 112
Trd, 4319440.093, 103
Trd, 4319440.443, 104
Trd, 4319440.843, 98
Trd, 4319442.343, 113
Trd, 4319442.743, 139
Trd, 4319446.143, 90
Trd, 4319446.593, 96
Trd, 4319446.693, 95
Trd, 4319447.943, 94
Trd, 4319448.943, 92
Trd, 4319449.443, 107
Trd, 4319450.693, 70
Trd, 4319453.543, 79
Trd, 4319453.593, 86
Trd, 4319454.943, 95
Trd, 4319455.243, 79
Trd, 4319455.743, 133
Trd, 4319456.743, 98
Trd, 4319457.193, 98
Trd, 4319459.843, 105
Trd, 4319460.093, 95
Trd, 4319461.443, 96
Trd, 4319462.543, 96
Trd, 4319463.293, 122
Trd, 4319463.343, 113
Trd, 4319463.593, 104
Trd, 4319465.593, 96
Trd, 4319465.993, 95
Trd, 4319467.143, 86
Trd, 4319467.643, 101
Trd, 4319470.643, 103
Trd, 4319470.693, 97
Trd, 4319472.293, 99
Trd, 4319473.493, 99
Trd, 4319474.593, 102
Trd, 4319474.643, 99
Trd, 4319474.693, 86
Trd, 4319475.393, 115
Trd, 4319476.643, 132
Trd, 4319476.993, 113
Trd, 4319477.593, 93
Trd, 4319478.093, 78
Trd, 4319480.643, 116
Trd, 4319481.343, 114
Trd, 4319483.093, 126
Trd, 4319483.193, 113
Trd, 4319483.343, 104
Trd, 4319484.543, 77
Trd, 4319486.843, 93
Trd, 4319488.293, 68
Trd, 4319489.643, 61
Trd, 4319490.793, 77
Trd, 4319491.393, 86
Trd, 4319492.843, 82
Trd, 4319493.093, 101
Trd, 4319493.493, 110
Trd, 4319494.493, 85
Trd, 4319494.943, 84
Trd, 4319496.393, 84
Trd, 4319497.493, 95
Trd, 4319497.743, 85
Trd, 4319499.543, 96
Trd, 4319499.743, 111
Trd, 4319502.443, 113
Trd, 4319503.843, 122
Trd, 4319503.943, 100
Trd, 4319506.143, 102
Trd, 4319507.043, 101
Trd, 4319508.443, 96
Trd, 4319509.743, 104
Trd, 4319510.343, 96
Trd, 4319511.043, 108
Trd, 4319512.943, 100
Trd, 4319514.293, 103
Trd, 4319514.393, 101
Trd, 4319514.793, 133
Trd, 4319516.893, 101
Trd, 4319518.193, 103
Trd, 4319519.693, 107
Trd, 4319520.593, 105
Trd, 4319521.243, 104
Trd, 4319521.343, 126
Trd, 4319521.593, 94
Trd, 4319524.443, 113
Trd, 4319524.643, 104
Trd, 4319525.693, 99
Trd, 4319525.743, 98
Trd, 4319526.793, 113
Trd, 4319527.793, 97
Trd, 4319528.143, 94
Trd, 4319529.543, 95
Trd, 4319530.243, 96
Trd, 4319531.543, 105
Trd, 4319532.043, 122
Trd, 4319532.843, 98
Trd, 4319533.743, 130
Trd, 4319536.393, 98
Trd, 4319536.643, 98
Trd, 4319537.193, 99
Trd, 4319538.143, 101
Trd, 4319538.993, 104
Trd, 4319539.743, 102
Trd, 4319541.243, 105
Trd, 4319542.593, 94
Trd, 4319544.543, 98
Trd, 4319544.643, 98
Trd, 4319545.443, 98
Trd, 4319546.143, 122
Trd, 4319548.093, 112
Trd, 4319548.293, 135
Trd, 4319549.793, 96
Trd, 4319550.693, 98
Trd, 4319550.893, 95
Trd, 4319551.343, 96
Trd, 4319553.693, 96
Trd, 4319553.793, 110
Trd, 4319554.743, 95
Trd, 4319557.693, 78
Trd, 4319558.793, 94
Trd, 4319559.343, 79
Trd, 4319560.193, 81
Trd, 4319560.693, 96
Trd, 4319562.393, 99
Trd, 4319563.243, 99
Trd, 4319564.443, 100
Trd, 4319564.643, 98
Trd, 4319565.043, 95
Trd, 4319565.643, 105
Trd, 4319566.943, 113
Trd, 4319569.143, 108
Trd, 4319570.343, 107
Trd, 4319571.743, 105
Trd, 4319572.043, 104
Trd, 4319572.543, 119
Trd, 4319572.843, 113
Trd, 4319573.593, 95
Trd, 4319574.893, 73
Trd, 4319577.093, 78
Trd, 4319577.593, 78
Trd, 4319577.943, 108
Trd, 4319578.293, 122
Trd, 4319580.093, 83
Trd, 4319581.093, 95
Trd, 4319581.393, 107
Trd, 4319583.693, 98
Trd, 4319584.693, 105
Trd, 4319585.293, 97
Trd, 4319586.343, 95
Trd, 4319587.143, 106
Trd, 4319588.143, 85
Trd, 4319588.993, 98
Trd, 4319590.143, 87
Trd, 4319590.243, 86
Trd, 4319591.143, 97
Trd, 4319591.993, 79
Trd, 4319593.393, 73
Trd, 4319594.943, 97
Trd, 4319595.243, 98
Trd, 4319595.493, 93
Trd, 4319596.443, 111
Trd, 4319599.443, 122
Trd, 4319599.643, 97
Trd, 4319600.443, 96
Trd, 4319601.393, 97
Trd, 4319602.543, 96
Trd, 4319602.693, 101
Trd, 4319605.093, 95
Trd, 4319605.193, 107
Trd, 4319606.993, 95
Trd, 4319608.143, 115
Trd, 4319608.243, 114
Trd, 4319609.443, 113
Trd, 4319609.493, 104
Trd, 4319609.893, 93
Trd, 4319610.793, 99
Trd, 4319612.193, 113
Trd, 4319614.293, 94
Trd, 4319615.843, 94
Trd, 4319616.593, 97
Trd, 4319616.743, 96
Trd, 4319617.143, 95
Trd, 4319618.843, 120
Trd, 4319619.643, 112
Trd, 4319620.543, 95
Trd, 4319621.593, 88
Trd, 4319623.243, 113
Trd, 4319623.993, 112
Trd, 4319624.193, 129
Trd, 4319624.993, 106
Trd, 4319627.643, 97
Trd, 4319628.593, 97
Trd, 4319628.943, 98
Trd, 4319629.593, 98
Trd, 4319630.743, 97
Trd, 4319631.893, 106
Trd, 4319632.143, 92
Trd, 4319634.193, 77
Trd, 4319635.643, 93
Trd, 4319636.843, 98
Trd, 4319638.493, 98
Trd, 4319638.593, 96
Trd, 4319638.693, 104
Trd, 4319638.893, 95
Trd, 4319640.593, 87
Trd, 4319641.343, 95
Trd, 4319641.743, 86
Trd, 4319642.693, 95
Trd, 4319645.793, 88
Trd, 4319646.393, 89
Trd, 4319646.443, 87
Trd, 4319646.893, 93
Trd, 4319647.693, 97
Trd, 4319650.943, 96
Trd, 4319651.193, 104
Trd, 4319651.993, 95
Trd, 4319652.143, 122
Trd, 4319652.643, 86
Trd, 4319653.043, 96
Trd, 4319654.593, 95
Trd, 4319655.743, 86
Trd, 4319656.593, 103
Trd, 4319657.693, 97
Trd, 4319657.943, 93
Trd, 4319659.343, 104
Trd, 4319659.893, 77
Trd, 4319660.143, 76
Trd, 4319661.893, 96
Trd, 4319662.093, 95
Trd, 4319663.093, 131
Trd, 4319664.843, 106
Trd, 4319665.693, 83
Trd, 4319666.293, 104
Trd, 4319668.093, 93
Trd, 4319670.393, 96
Trd, 4319670.543, 95
Trd, 4319670.843, 93
Trd, 4319671.093, 93
Trd, 4319674.293, 81
Trd, 4319674.543, 95
Trd, 4319676.393, 96
Trd, 4319676.443, 95
Trd, 4319676.493, 104
Trd, 4319676.893, 95
Trd, 4319677.243, 94
Trd, 4319679.243, 113
Trd, 4319680.993, 88
Trd, 4319682.843, 96
Trd, 4319684.093, 113
Trd, 4319684.143, 104
Trd, 4319684.593, 130
Trd, 4319684.793, 93
Trd, 4319687.993, 97
Trd, 4319688.443, 96
Trd, 4319688.543, 97
Trd, 4319688.693, 94
Trd, 4319689.943, 104
Trd, 4319691.893, 98
Trd, 4319692.293, 96
Trd, 4319693.593, 95
Trd, 4319694.693, 116
Trd, 4319695.393, 113
Trd, 4319695.593, 113
Trd, 4319695.793, 112
Trd, 4319697.443, 96
Trd, 4319698.443, 134
Trd, 4319699.943, 95
Trd, 4319701.043, 113
Trd, 4319701.993, 104
Trd, 4319703.793, 102
Trd, 4319704.843, 95
Trd, 4319706.443, 80
Trd, 4319707.393, 77
Trd, 4319708.393, 95
Trd, 4319708.843, 104
Trd, 4319709.743, 83
Trd, 4319709.893, 107
Trd, 4319710.843, 99
Trd, 4319711.443, 86
Trd, 4319713.543, 95
Trd, 4319714.493, 92
Trd, 4319714.943, 91
Trd, 4319715.793, 103
Trd, 4319718.893, 92
Trd, 4319718.993, 98
Trd, 4319721.343, 99
Trd, 4319721.443, 94
Trd, 4319721.643, 95
Trd, 4319722.343, 86
Trd, 4319723.043, 103
Trd, 4319723.993, 72
Trd, 4319724.093, 81
Trd, 4319726.943, 79
Trd, 4319728.843, 89
Trd, 4319729.093, 104
Trd, 4319730.043, 130
Trd, 4319730.693, 98
Trd, 4319730.943, 99
Trd, 4319731.243, 97
Trd, 4319731.693, 96
Trd, 4319733.543, 113
Trd, 4319737.993, 95
Trd, 4319739.143, 98
Trd, 4319739.193, 96
Trd, 4319740.143, 97
Trd, 4319741.143, 112
Trd, 4319742.443, 97
Trd, 4319744.893, 97
Trd, 4319744.943, 95
Trd, 4319745.393, 95
Trd, 4319746.143, 109
Trd, 4319746.493, 113
Trd, 4319747.543, 87
Trd, 4319747.893, 112
Trd, 4319747.943, 78
Trd, 4319750.893, 64
Trd, 4319751.493, 98
Trd, 4319752.193, 104
Trd, 4319755.443, 63
Trd, 4319757.443, 78
Trd, 4319758.493, 77
Trd, 4319760.543, 82
Trd, 4319760.643, 95
Trd, 4319762.343, 98
Trd, 4319762.443, 95
Trd, 4319764.143, 95
Trd, 4319765.743, 104
Trd, 4319765.993, 91
Trd, 4319766.143, 90
Trd, 4319767.693, 131
Trd, 4319767.943, 114
Trd, 4319768.943, 115
Trd, 4319768.993, 112
Trd, 4319770.093, 80
Trd, 4319772.243, 94
Trd, 4319772.643, 95
Trd, 4319773.443, 113
Trd, 4319773.943, 140
Trd, 4319774.493, 122
Trd, 4319775.693, 104
Trd, 4319776.693, 95
Trd, 4319777.193, 79
Trd, 4319777.743, 77
Trd, 4319781.293, 69
Trd, 4319781.393, 88
Trd, 4319781.593, 95
Trd, 4319783.243, 65
Trd, 4319785.393, 77
Trd, 4319786.693, 86
Trd, 4319787.193, 103
Trd, 4319787.643, 80
Trd, 4319788.893, 96
Trd, 4319789.543, 87
Trd, 4319791.293, 95
Trd, 4319793.093, 84
Trd, 4319793.743, 100
Trd, 4319795.443, 104
Trd, 4319795.943, 93
Trd, 4319797.443, 94
Trd, 4319797.493, 93
Trd, 4319797.893, 98
Trd, 4319800.093, 94
Trd, 4319800.193, 81
Trd, 4319801.343, 95
Trd, 4319803.993, 100
Trd, 4319804.793, 93
Trd, 4319805.493, 109
Trd, 4319806.093, 89
Trd, 4319809.293, 97
Trd, 4319810.493, 101
Trd, 4319810.593, 102
Trd, 4319811.493, 98
Trd, 4319812.293, 97
Trd, 4319813.943, 95
Trd, 4319814.993, 105
Trd, 4319815.393, 86
Trd, 4319816.193, 77
Trd, 4319817.393, 82
Trd, 4319818.043, 100
Trd, 4319819.243, 83
Trd, 4319820.193, 100
Trd, 4319820.643, 95
Trd, 4319822.493, 87
Trd, 4319824.743, 98
Trd, 4319825.793, 112
Trd, 4319826.093, 95
Trd, 4319826.693, 95
Trd, 4319826.943, 92
Trd, 4319827.793, 88
Trd, 4319828.793, 97
Trd, 4319829.193, 104
Trd, 4319830.293, 99
Trd, 4319831.343, 98
Trd, 4319832.593, 96
Trd, 4319832.843, 121
Trd, 4319834.293, 95
Trd, 4319834.343, 111
Trd, 4319834.693, 77
Trd, 4319836.493, 74
Trd, 4319838.093, 97
Trd, 4319840.193, 116
Trd, 4319841.293, 115
Trd, 4319842.043, 113
Trd, 4319843.593, 96
Trd, 4319846.743, 98
Trd, 4319847.793, 103
Trd, 4319847.943, 104
Trd, 4319847.993, 98
Trd, 4319848.743, 95
Trd, 4319849.043, 120
Trd, 4319850.243, 95
Trd, 4319851.943, 81
Trd, 4319852.343, 78
Trd, 4319853.593, 96
Trd, 4319853.693, 110
Trd, 4319855.243, 84
Trd, 4319856.193, 86
Trd, 4319856.793, 86
Trd, 4319860.043, 112
Trd, 4319860.343, 104
Trd, 4319861.593, 122
Trd, 4319862.293, 98
Trd, 4319862.593, 95
Trd, 4319863.393, 113
Trd, 4319864.993, 98
Trd, 4319867.293, 98
Trd, 4319867.543, 100
Trd, 4319868.193, 96
Trd, 4319869.243, 97
Trd, 4319869.693, 95
Trd, 4319870.843, 105
Trd, 4319873.243, 105
Trd, 4319873.943, 98
Trd, 4319874.343, 121
Trd, 4319874.843, 98
Trd, 4319875.693, 97
Trd, 4319876.093, 109
Trd, 4319878.293, 96
Trd, 4319879.293, 99
Trd, 4319880.993, 122
Trd, 4319881.643, 116
Trd, 4319882.793, 115
Trd, 4319884.443, 112
Trd, 4319885.293, 121
Trd, 4319886.593, 113
Trd, 4319886.643, 95
Trd, 4319887.143, 96
Trd, 4319887.393, 93
Trd, 4319889.793, 110
Trd, 4319891.743, 97
Trd, 4319892.293, 96
Trd, 4319893.093, 101
Trd, 4319893.693, 96
Trd, 4319895.343, 95
Trd, 4319895.843, 88
Trd, 4319896.643, 89
Trd, 4319897.693, 91
Trd, 4319897.793, 96
Trd, 4319898.193, 106
Trd, 4319900.543, 94
Trd, 4319902.843, 92
Trd, 4319903.193, 107
Trd, 4319903.593, 96
Trd, 4319904.143, 94
Trd, 4319905.193, 109
Trd, 4319905.843, 98
Trd, 4319907.943, 97
Trd, 4319908.043, 105
Trd, 4319909.443, 97
Trd, 4319909.793, 96
Trd, 4319910.393, 95
Trd, 4319912.043, 96
Trd, 4319912.843, 95
Trd, 4319913.193, 105
Trd, 4319915.143, 96
Trd, 4319915.693, 72
Trd, 4319917.343, 113
Trd, 4319919.343, 115
Trd, 4319920.193, 77
Trd, 4319920.693, 68
Trd, 4319922.793, 83
Trd, 4319923.543, 85
Trd, 4319924.593, 91
Trd, 4319925.243, 86
Trd, 4319926.093, 95
Trd, 4319926.593, 88
Trd, 4319927.593, 105
Trd, 4319932.293, 87
Trd, 4319932.393, 94
Trd, 4319933.193, 96
Trd, 4319933.643, 117
Trd, 4319935.093, 89
Trd, 4319938.243, 100
Trd, 4319938.443, 103
Trd, 4319938.993, 107
Trd, 4319939.643, 97
Trd, 4319940.443, 97
Trd, 4319941.393, 96
Trd, 4319944.343, 105
Trd, 4319944.793, 105
Trd, 4319945.893, 112
Trd, 4319946.393, 104
Trd, 4319946.693, 88
Trd, 4319948.493, 111
Trd, 4319950.343, 106
Trd, 4319951.043, 102
Trd, 4319953.093, 95
Trd, 4319953.443, 103
Trd, 4319953.993, 113
Trd, 4319955.443, 99
Trd, 4319956.493, 102
Trd, 4319958.493, 110
Trd, 4319959.593, 104
Trd, 4319959.743, 95
Trd, 4319960.093, 86
Trd, 4319960.293, 77
Trd, 4319961.843, 113
Trd, 4319962.843, 106
Trd, 4319964.693, 80
Trd, 4319966.143, 85
Trd, 4319966.843, 98
Trd, 4319968.643, 94
Trd, 4319969.143, 91
Trd, 4319969.643, 88
Trd, 4319972.343, 100
Trd, 4319972.943, 101
Trd, 4319972.993, 107
Trd, 4319973.743, 95
Trd, 4319973.793, 86
Trd, 4319975.643, 75
Trd, 4319977.593, 77
Trd, 4319979.193, 62
Trd, 4319980.893, 86
Trd, 4319982.043, 63
Trd, 4319983.143, 76
Trd, 4319983.843, 104
Trd, 4319985.593, 83
Trd, 4319986.193, 82
Trd, 4319987.743, 95
Trd, 4319989.293, 99
Trd, 4319989.493, 99
Trd, 4319990.193, 97
Trd, 4319990.793, 104
Trd, 4319991.043, 95
Trd, 4319992.343, 113
Trd, 4319992.843, 88
Trd, 4319993.343, 86
Trd, 4319994.343, 80
Trd, 4319994.843, 86
Trd, 4319997.043, 82
Trd, 4319997.093, 104
Trd, 4319998.193, 119
Trd, 4319998.993, 77
Trd, 4319999.443, 95
