Trd, 4317886.443, 113
Trd, 4317887.343, 114
Trd, 4317889.943, 80
Trd, 4317892.093, 98
Trd, 4317893.643, 90
Trd, 4317895.243, 119
Trd, 4317895.793, 136
Trd, 4317897.543, 109
Trd, 4317898.993, 113
Trd, 4317900.243, 129
Trd, 4317900.343, 82
Trd, 4317902.093, 105
Trd, 4317903.043, 106
Trd, 4317905.793, 115
Trd, 4317908.443, 122
Trd, 4317908.693, 113
Trd, 4317910.243, 121
Trd, 4317912.093, 90
Trd, 4317913.193, 102
Trd, 4317915.043, 100
Trd, 4317915.393, 113
Trd, 4317918.193, 84
Trd, 4317918.493, 100
Trd, 4317919.743, 92
Trd, 4317920.243, 95
Trd, 4317921.693, 112
Trd, 4317922.143, 113
Trd, 4317923.893, 113
Trd, 4317926.343, 84
Trd, 4317926.543, 85
Trd, 4317927.393, 93
Trd, 4317927.693, 121
Trd, 4317928.743, 104
Trd, 4317929.193, 94
Trd, 4317931.293, 90
Trd, 4317933.543, 105
Trd, 4317934.943, 113
Trd, 4317935.293, 96
Trd, 4317937.593, 113
Trd, 4317938.643, 113
Trd, 4317939.743, 92
Trd, 4317940.443, 95
Trd, 4317940.893, 93
Trd, 4317941.093, 109
Trd, 4317941.993, 87
Trd, 4317945.543, 96
Trd, 4317946.543, 92
Trd, 4317947.943, 83
Trd, 4317948.593, 139
Trd, 4317950.693, 113
Trd, 4317950.743, 104
Trd, 4317953.093, 112
Trd, 4317954.293, 113
Trd, 4317954.893, 93
Trd, 4317955.893, 95
Trd, 4317957.893, 106
Trd, 4317958.143, 139
Trd, 4317958.743, 90
Trd, 4317960.943, 110
Trd, 4317961.243, 103
Trd, 4317962.043, 85
Trd, 4317962.343, 107
Trd, 4317963.743, 100
Trd, 4317963.943, 101
Trd, 4317965.093, 113
Trd, 4317966.943, 112
Trd, 4317967.243, 121
Trd, 4317970.493, 95
Trd, 4317970.543, 109
Trd, 4317971.843, 118
Trd, 4317974.393, 100
Trd, 4317974.493, 84
Trd, 4317975.743, 113
Trd, 4317978.093, 97
Trd, 4317980.743, 115
Trd, 4317981.893, 123
Trd, 4317982.243, 109
Trd, 4317982.843, 133
Trd, 4317983.793, 112
Trd, 4317985.893, 96
Trd, 4317987.043, 86
Trd, 4317987.143, 113
Trd, 4317988.793, 111
Trd, 4317990.393, 113
Trd, 4317991.643, 91
Trd, 4317992.193, 88
Trd, 4317992.443, 100
Trd, 4317992.493, 87
Trd, 4317994.193, 109
Trd, 4317996.143, 110
Trd, 4317998.443, 93
Trd, 4317999.043, 112
Trd, 4317999.843, 140
Trd, 4318000.493, 104
Trd, 4318001.593, 91
Trd, 4318005.093, 110
Trd, 4318005.893, 108
Trd, 4318006.193, 113
Trd, 4318006.893, 104
Trd, 4318006.993, 131
Trd, 4318008.243, 90
Trd, 4318011.893, 113
Trd, 4318015.243, 125
Trd, 4318015.293, 120
Trd, 4318015.843, 111
Trd, 4318017.893, 98
Trd, 4318018.443, 85
Trd, 4318019.193, 86
Trd, 4318021.043, 139
Trd, 4318021.193, 113
Trd, 4318024.343, 91
Trd, 4318025.093, 85
Trd, 4318025.193, 111
Trd, 4318026.693, 136
Trd, 4318027.943, 103
Trd, 4318030.093, 121
Trd, 4318031.743, 94
Trd, 4318033.293, 107
Trd, 4318033.843, 123
Trd, 4318034.893, 77
Trd, 4318035.593, 98
Trd, 4318036.993, 121
Trd, 4318037.193, 118
Trd, 4318037.693, 119
Trd, 4318038.043, 104
Trd, 4318040.743, 103
Trd, 4318042.693, 122
Trd, 4318042.993, 85
Trd, 4318043.143, 125
Trd, 4318044.343, 87
Trd, 4318048.243, 113
Trd, 4318049.143, 93
Trd, 4318049.643, 113
Trd, 4318051.193, 140
Trd, 4318051.493, 100
Trd, 4318053.093, 95
Trd, 4318054.943, 127
Trd, 4318054.993, 94
Trd, 4318057.193, 113
Trd, 4318058.043, 114
Trd, 4318060.143, 113
Trd, 4318060.743, 115
Trd, 4318061.893, 92
Trd, 4318064.343, 117
Trd, 4318064.493, 110
Trd, 4318066.393, 98
Trd, 4318068.043, 109
Trd, 4318068.793, 86
Trd, 4318069.243, 108
Trd, 4318070.343, 70
Trd, 4318072.843, 112
Trd, 4318073.293, 120
Trd, 4318074.543, 97
Trd, 4318077.393, 98
Trd, 4318078.493, 85
Trd, 4318078.543, 89
Trd, 4318081.043, 90
Trd, 4318082.443, 113
Trd, 4318084.193, 113
Trd, 4318084.293, 90
Trd, 4318085.193, 92
Trd, 4318086.143, 113
Trd, 4318086.643, 140
Trd, 4318088.943, 108
Trd, 4318090.443, 99
Trd, 4318090.643, 120
Trd, 4318092.193, 116
Trd, 4318092.493, 94
Trd, 4318093.343, 100
Trd, 4318093.943, 114
Trd, 4318095.693, 82
Trd, 4318095.893, 93
Trd, 4318097.343, 113
Trd, 4318099.043, 95
Trd, 4318099.543, 87
Trd, 4318101.043, 133
Trd, 4318101.193, 91
Trd, 4318103.693, 122
Trd, 4318104.443, 107
Trd, 4318106.143, 103
Trd, 4318107.093, 102
Trd, 4318109.193, 95
Trd, 4318110.793, 111
Trd, 4318113.193, 128
Trd, 4318113.393, 112
Trd, 4318116.543, 98
Trd, 4318117.193, 113
Trd, 4318117.643, 101
Trd, 4318118.393, 140
Trd, 4318120.093, 120
Trd, 4318120.543, 105
Trd, 4318121.293, 112
Trd, 4318122.693, 115
Trd, 4318124.693, 98
Trd, 4318125.893, 102
Trd, 4318126.443, 99
Trd, 4318128.293, 83
Trd, 4318130.343, 93
Trd, 4318130.443, 113
Trd, 4318131.843, 95
Trd, 4318132.843, 139
Trd, 4318137.243, 112
Trd, 4318138.093, 123
Trd, 4318138.543, 116
Trd, 4318141.093, 87
Trd, 4318141.893, 92
Trd, 4318143.643, 113
Trd, 4318145.343, 112
Trd, 4318148.143, 113
Trd, 4318149.393, 116
Trd, 4318151.493, 99
Trd, 4318153.393, 113
Trd, 4318154.343, 119
Trd, 4318155.643, 103
Trd, 4318155.893, 87
Trd, 4318156.793, 108
Trd, 4318157.743, 108
Trd, 4318159.543, 113
Trd, 4318160.443, 101
Trd, 4318162.143, 85
Trd, 4318163.593, 94
Trd, 4318163.943, 95
Trd, 4318164.993, 90
Trd, 4318167.293, 112
Trd, 4318167.943, 108
Trd, 4318169.693, 108
Trd, 4318170.893, 101
Trd, 4318172.393, 130
Trd, 4318173.093, 113
Trd, 4318173.593, 114
Trd, 4318175.543, 103
Trd, 4318178.093, 106
Trd, 4318180.143, 113
Trd, 4318180.593, 92
Trd, 4318183.593, 113
Trd, 4318184.693, 111
Trd, 4318184.843, 109
Trd, 4318186.293, 92
Trd, 4318186.843, 109
Trd, 4318187.093, 77
Trd, 4318187.143, 102
Trd, 4318188.493, 88
Trd, 4318189.943, 112
Trd, 4318191.943, 89
Trd, 4318192.093, 113
Trd, 4318193.093, 97
Trd, 4318194.243, 94
Trd, 4318194.993, 85
Trd, 4318196.993, 105
Trd, 4318197.793, 85
Trd, 4318199.893, 97
Trd, 4318200.093, 98
Trd, 4318200.893, 96
Trd, 4318201.393, 82
Trd, 4318201.443, 113
Trd, 4318202.843, 101
Trd, 4318205.143, 90
Trd, 4318205.243, 105
Trd, 4318205.443, 107
Trd, 4318206.593, 112
Trd, 4318208.193, 111
Trd, 4318209.643, 77
Trd, 4318210.743, 113
Trd, 4318211.043, 127
Trd, 4318213.293, 112
Trd, 4318213.893, 122
Trd, 4318217.493, 98
Trd, 4318220.293, 113
Trd, 4318222.393, 94
Trd, 4318222.443, 98
Trd, 4318224.293, 91
Trd, 4318224.443, 102
Trd, 4318225.493, 109
Trd, 4318227.143, 130
Trd, 4318228.643, 104
Trd, 4318229.893, 92
Trd, 4318230.243, 110
Trd, 4318232.243, 91
Trd, 4318232.743, 86
Trd, 4318232.843, 113
Trd, 4318235.843, 104
Trd, 4318239.493, 89
Trd, 4318240.643, 86
Trd, 4318241.193, 89
Trd, 4318242.693, 102
Trd, 4318246.193, 113
Trd, 4318247.043, 122
Trd, 4318250.793, 93
Trd, 4318250.993, 94
Trd, 4318251.193, 104
Trd, 4318251.243, 93
Trd, 4318251.393, 113
Trd, 4318253.493, 99
Trd, 4318254.493, 136
Trd, 4318255.043, 83
Trd, 4318257.543, 74
Trd, 4318258.293, 77
Trd, 4318258.493, 104
Trd, 4318259.143, 131
Trd, 4318262.093, 100
Trd, 4318263.743, 106
Trd, 4318263.993, 96
Trd, 4318264.743, 94
Trd, 4318266.543, 114
Trd, 4318266.693, 95
Trd, 4318266.793, 81
Trd, 4318268.143, 79
Trd, 4318269.743, 125
Trd, 4318272.793, 114
Trd, 4318273.193, 119
Trd, 4318273.393, 104
Trd, 4318275.343, 103
Trd, 4318275.793, 83
Trd, 4318276.243, 130
Trd, 4318279.843, 83
Trd, 4318280.743, 99
Trd, 4318281.293, 107
Trd, 4318281.393, 108
Trd, 4318282.843, 77
Trd, 4318283.393, 112
Trd, 4318285.443, 112
Trd, 4318287.293, 104
Trd, 4318287.643, 97
Trd, 4318288.043, 112
Trd, 4318289.693, 113
Trd, 4318291.893, 97
Trd, 4318291.993, 98
Trd, 4318295.293, 86
Trd, 4318295.593, 83
Trd, 4318296.443, 109
Trd, 4318298.293, 113
Trd, 4318299.543, 78
Trd, 4318299.993, 122
Trd, 4318300.093, 131
Trd, 4318301.393, 104
Trd, 4318301.793, 91
Trd, 4318303.243, 83
Trd, 4318303.543, 106
Trd, 4318305.293, 135
Trd, 4318307.143, 112
Trd, 4318307.243, 85
Trd, 4318311.593, 88
Trd, 4318312.893, 107
Trd, 4318312.993, 107
Trd, 4318313.043, 77
Trd, 4318313.993, 85
Trd, 4318315.143, 86
Trd, 4318317.193, 87
Trd, 4318317.443, 113
Trd, 4318319.093, 112
Trd, 4318319.893, 97
Trd, 4318321.893, 91
Trd, 4318321.993, 97
Trd, 4318323.293, 103
Trd, 4318323.393, 106
Trd, 4318325.743, 105
Trd, 4318326.743, 122
Trd, 4318328.193, 138
Trd, 4318331.793, 113
Trd, 4318332.543, 112
Trd, 4318335.743, 85
Trd, 4318335.843, 88
Trd, 4318337.293, 99
Trd, 4318338.043, 96
Trd, 4318338.993, 113
Trd, 4318339.593, 108
Trd, 4318341.293, 119
Trd, 4318341.593, 95
Trd, 4318342.743, 96
Trd, 4318343.093, 113
Trd, 4318344.243, 97
Trd, 4318347.543, 95
Trd, 4318348.393, 124
Trd, 4318350.393, 125
Trd, 4318350.993, 113
Trd, 4318351.793, 139
Trd, 4318353.693, 84
Trd, 4318354.293, 113
Trd, 4318355.393, 112
Trd, 4318358.643, 106
Trd, 4318358.843, 109
Trd, 4318360.243, 77
Trd, 4318360.993, 107
Trd, 4318361.293, 113
Trd, 4318362.793, 94
Trd, 4318363.993, 113
Trd, 4318364.593, 111
Trd, 4318367.093, 88
Trd, 4318368.543, 94
Trd, 4318369.243, 113
Trd, 4318370.843, 114
Trd, 4318371.643, 88
Trd, 4318371.993, 89
Trd, 4318376.843, 116
Trd, 4318377.493, 112
Trd, 4318380.443, 110
Trd, 4318380.693, 112
Trd, 4318381.543, 113
Trd, 4318382.343, 93
Trd, 4318383.143, 86
Trd, 4318383.193, 110
Trd, 4318383.943, 130
Trd, 4318387.943, 112
Trd, 4318388.643, 107
Trd, 4318389.743, 113
Trd, 4318390.343, 90
Trd, 4318392.193, 89
Trd, 4318392.493, 93
Trd, 4318392.843, 95
Trd, 4318394.743, 103
Trd, 4318396.393, 107
Trd, 4318398.393, 113
Trd, 4318398.543, 113
Trd, 4318400.493, 91
Trd, 4318400.893, 95
Trd, 4318400.943, 89
Trd, 4318401.293, 96
Trd, 4318401.843, 112
Trd, 4318402.993, 105
Trd, 4318404.243, 101
Trd, 4318405.843, 113
Trd, 4318406.293, 138
Trd, 4318407.643, 112
Trd, 4318412.143, 83
Trd, 4318412.943, 88
Trd, 4318414.643, 75
Trd, 4318414.793, 104
Trd, 4318415.493, 111
Trd, 4318416.843, 138
Trd, 4318418.343, 107
Trd, 4318419.193, 108
Trd, 4318419.843, 86
Trd, 4318421.993, 94
Trd, 4318422.493, 96
Trd, 4318422.943, 140
Trd, 4318425.043, 110
Trd, 4318426.293, 113
Trd, 4318429.393, 85
Trd, 4318429.743, 86
Trd, 4318430.193, 93
Trd, 4318431.993, 101
Trd, 4318432.043, 72
Trd, 4318433.443, 82
Trd, 4318434.893, 113
Trd, 4318435.943, 100
Trd, 4318437.743, 95
Trd, 4318437.843, 114
Trd, 4318438.493, 77
Trd, 4318438.843, 131
Trd, 4318439.743, 89
Trd, 4318441.493, 96
Trd, 4318441.543, 111
Trd, 4318442.643, 95
Trd, 4318444.343, 122
Trd, 4318448.143, 109
Trd, 4318449.143, 113
Trd, 4318449.493, 109
Trd, 4318451.393, 77
Trd, 4318452.893, 139
Trd, 4318452.943, 103
Trd, 4318455.493, 101
Trd, 4318455.593, 95
Trd, 4318456.043, 113
Trd, 4318456.193, 140
Trd, 4318458.543, 113
Trd, 4318458.593, 81
Trd, 4318460.193, 108
Trd, 4318462.243, 111
Trd, 4318464.143, 86
Trd, 4318464.243, 104
Trd, 4318465.643, 93
Trd, 4318468.393, 87
Trd, 4318468.843, 103
Trd, 4318469.043, 113
Trd, 4318471.293, 112
Trd, 4318473.193, 107
Trd, 4318473.993, 88
Trd, 4318475.243, 113
Trd, 4318476.443, 113
Trd, 4318477.093, 123
Trd, 4318478.393, 116
Trd, 4318478.643, 112
Trd, 4318481.143, 120
Trd, 4318483.243, 100
Trd, 4318484.243, 112
Trd, 4318484.443, 94
Trd, 4318485.343, 113
Trd, 4318485.843, 82
Trd, 4318490.993, 110
Trd, 4318491.143, 113
Trd, 4318491.893, 100
Trd, 4318492.343, 113
Trd, 4318492.793, 77
Trd, 4318497.643, 98
Trd, 4318498.643, 86
Trd, 4318498.693, 97
Trd, 4318499.093, 114
Trd, 4318499.793, 98
Trd, 4318502.893, 105
Trd, 4318503.393, 94
Trd, 4318504.043, 113
Trd, 4318504.543, 96
Trd, 4318506.493, 88
Trd, 4318507.693, 90
Trd, 4318509.193, 110
Trd, 4318509.843, 137
Trd, 4318511.943, 113
Trd, 4318512.393, 108
Trd, 4318513.543, 89
Trd, 4318515.093, 140
Trd, 4318516.143, 100
Trd, 4318516.343, 113
Trd, 4318518.693, 108
Trd, 4318518.843, 109
Trd, 4318519.093, 97
Trd, 4318522.393, 74
Trd, 4318524.393, 104
Trd, 4318524.493, 103
Trd, 4318524.693, 102
Trd, 4318525.193, 120
Trd, 4318527.193, 86
Trd, 4318527.243, 93
Trd, 4318530.993, 113
Trd, 4318531.543, 129
Trd, 4318532.143, 77
Trd, 4318533.293, 87
Trd, 4318534.043, 91
Trd, 4318535.693, 113
Trd, 4318537.643, 110
Trd, 4318538.343, 112
Trd, 4318539.343, 113
Trd, 4318539.943, 80
Trd, 4318540.943, 96
Trd, 4318542.493, 113
Trd, 4318544.443, 113
Trd, 4318546.543, 108
Trd, 4318547.793, 96
Trd, 4318548.043, 95
Trd, 4318549.793, 95
Trd, 4318549.943, 88
Trd, 4318550.193, 115
Trd, 4318551.493, 111
Trd, 4318552.043, 92
Trd, 4318555.343, 109
Trd, 4318556.043, 104
Trd, 4318556.093, 86
Trd, 4318556.393, 97
Trd, 4318558.193, 103
Trd, 4318559.693, 86
Trd, 4318559.893, 110
Trd, 4318560.943, 111
Trd, 4318562.543, 95
Trd, 4318562.643, 129
Trd, 4318562.793, 130
Trd, 4318563.993, 94
Trd, 4318566.093, 85
Trd, 4318567.293, 112
Trd, 4318568.993, 91
Trd, 4318569.543, 96
Trd, 4318570.693, 82
Trd, 4318571.143, 86
Trd, 4318571.643, 139
Trd, 4318574.393, 140
Trd, 4318576.643, 121
Trd, 4318578.193, 113
Trd, 4318579.393, 89
Trd, 4318579.543, 104
Trd, 4318581.293, 91
Trd, 4318582.543, 116
Trd, 4318585.143, 83
Trd, 4318585.543, 105
Trd, 4318585.743, 108
Trd, 4318586.093, 92
Trd, 4318587.743, 99
Trd, 4318592.743, 105
Trd, 4318592.793, 104
Trd, 4318593.093, 127
Trd, 4318594.643, 112
Trd, 4318598.343, 108
Trd, 4318598.843, 125
Trd, 4318600.393, 120
Trd, 4318600.493, 97
Trd, 4318602.343, 120
Trd, 4318602.693, 116
Trd, 4318605.843, 134
Trd, 4318606.743, 113
Trd, 4318606.893, 102
Trd, 4318608.893, 91
Trd, 4318610.693, 119
Trd, 4318611.593, 113
Trd, 4318615.043, 108
Trd, 4318615.343, 84
Trd, 4318615.693, 113
Trd, 4318617.393, 77
Trd, 4318618.743, 93
Trd, 4318618.943, 113
Trd, 4318619.143, 115
Trd, 4318620.793, 113
Trd, 4318623.343, 112
Trd, 4318624.393, 97
Trd, 4318626.243, 109
Trd, 4318628.193, 83
Trd, 4318628.743, 90
Trd, 4318629.643, 113
Trd, 4318631.193, 78
Trd, 4318631.743, 139
Trd, 4318633.443, 101
Trd, 4318634.593, 127
Trd, 4318635.843, 88
Trd, 4318636.193, 81
Trd, 4318639.143, 94
Trd, 4318639.993, 98
Trd, 4318640.693, 112
Trd, 4318641.343, 94
Trd, 4318641.493, 82
Trd, 4318645.593, 112
Trd, 4318645.943, 113
Trd, 4318648.043, 122
Trd, 4318648.543, 107
Trd, 4318650.243, 84
Trd, 4318650.493, 86
Trd, 4318650.743, 113
Trd, 4318652.693, 105
Trd, 4318655.643, 75
Trd, 4318656.293, 93
Trd, 4318658.543, 132
Trd, 4318658.593, 103
Trd, 4318661.993, 120
Trd, 4318662.293, 123
Trd, 4318662.993, 111
Trd, 4318664.743, 109
Trd, 4318666.243, 96
Trd, 4318667.793, 117
Trd, 4318667.993, 120
Trd, 4318670.043, 113
Trd, 4318670.293, 124
Trd, 4318671.893, 117
Trd, 4318672.443, 97
Trd, 4318675.193, 102
Trd, 4318676.493, 97
Trd, 4318678.093, 112
Trd, 4318678.793, 84
Trd, 4318679.193, 113
Trd, 4318680.243, 110
Trd, 4318681.693, 83
Trd, 4318682.093, 107
Trd, 4318683.393, 77
Trd, 4318684.293, 106
Trd, 4318684.493, 113
Trd, 4318685.943, 100
Trd, 4318687.843, 84
Trd, 4318689.393, 94
Trd, 4318691.643, 84
Trd, 4318692.643, 84
Trd, 4318693.443, 89
Trd, 4318694.493, 94
Trd, 4318696.093, 100
Trd, 4318696.193, 113
Trd, 4318697.043, 90
Trd, 4318700.793, 105
Trd, 4318701.793, 102
Trd, 4318703.393, 111
Trd, 4318705.193, 79
Trd, 4318705.543, 94
Trd, 4318706.343, 112
Trd, 4318707.243, 95
Trd, 4318709.193, 87
Trd, 4318711.293, 109
Trd, 4318711.743, 110
Trd, 4318712.843, 113
Trd, 4318712.893, 92
Trd, 4318715.843, 79
Trd, 4318716.443, 104
Trd, 4318717.493, 111
Trd, 4318720.243, 121
Trd, 4318721.243, 120
Trd, 4318722.343, 119
Trd, 4318724.293, 111
Trd, 4318725.843, 118
Trd, 4318726.043, 81
Trd, 4318726.593, 82
Trd, 4318727.243, 77
Trd, 4318728.343, 92
Trd, 4318731.943, 115
Trd, 4318733.043, 112
Trd, 4318733.193, 111
Trd, 4318734.943, 121
Trd, 4318736.743, 115
Trd, 4318739.193, 110
Trd, 4318739.943, 102
Trd, 4318740.293, 86
Trd, 4318742.293, 113
Trd, 4318744.793, 77
Trd, 4318746.643, 87
Trd, 4318748.193, 113
Trd, 4318748.943, 109
Trd, 4318749.093, 91
Trd, 4318751.243, 117
Trd, 4318752.393, 81
Trd, 4318752.743, 77
Trd, 4318753.443, 106
Trd, 4318754.693, 103
Trd, 4318754.793, 104
Trd, 4318755.343, 128
Trd, 4318755.643, 85
Trd, 4318758.343, 96
Trd, 4318758.593, 113
Trd, 4318759.943, 89
Trd, 4318763.643, 106
Trd, 4318764.593, 94
Trd, 4318765.543, 110
Trd, 4318767.093, 116
Trd, 4318767.143, 121
Trd, 4318767.443, 94
Trd, 4318768.943, 94
Trd, 4318769.043, 83
Trd, 4318772.843, 113
Trd, 4318773.543, 113
Trd, 4318773.593, 94
Trd, 4318774.443, 113
Trd, 4318775.643, 99
Trd, 4318777.093, 94
Trd, 4318779.043, 94
Trd, 4318780.593, 77
Trd, 4318781.293, 125
Trd, 4318782.393, 107
Trd, 4318784.193, 116
Trd, 4318784.293, 112
Trd, 4318784.643, 87
Trd, 4318785.943, 137
Trd, 4318789.543, 92
Trd, 4318791.543, 99
Trd, 4318791.943, 104
Trd, 4318792.193, 112
Trd, 4318793.943, 110
Trd, 4318794.393, 95
Trd, 4318794.693, 87
Trd, 4318796.693, 80
Trd, 4318797.343, 83
Trd, 4318798.643, 113
Trd, 4318800.243, 121
Trd, 4318803.793, 109
Trd, 4318804.743, 91
Trd, 4318805.143, 100
Trd, 4318807.143, 95
Trd, 4318807.343, 89
Trd, 4318807.393, 94
Trd, 4318809.693, 124
Trd, 4318811.993, 119
Trd, 4318812.093, 113
Trd, 4318812.593, 88
Trd, 4318815.293, 92
Trd, 4318816.093, 112
Trd, 4318816.143, 123
Trd, 4318819.293, 89
Trd, 4318820.693, 89
Trd, 4318822.343, 113
Trd, 4318822.393, 123
Trd, 4318823.843, 109
Trd, 4318825.543, 114
Trd, 4318827.743, 103
Trd, 4318827.893, 104
Trd, 4318828.143, 83
Trd, 4318830.143, 107
Trd, 4318831.343, 109
Trd, 4318833.043, 97
Trd, 4318834.093, 106
Trd, 4318834.193, 113
Trd, 4318834.293, 104
Trd, 4318835.093, 77
Trd, 4318836.443, 122
Trd, 4318838.043, 102
Trd, 4318839.343, 112
Trd, 4318840.693, 88
Trd, 4318842.943, 98
Trd, 4318843.943, 112
Trd, 4318844.793, 113
Trd, 4318847.243, 138
Trd, 4318848.393, 115
Trd, 4318848.943, 87
Trd, 4318851.243, 99
Trd, 4318851.693, 133
Trd, 4318853.343, 112
Trd, 4318854.443, 117
Trd, 4318856.143, 95
Trd, 4318858.343, 97
Trd, 4318858.393, 106
Trd, 4318859.093, 113
Trd, 4318860.393, 98
Trd, 4318863.293, 101
Trd, 4318863.893, 112
Trd, 4318865.343, 85
Trd, 4318865.893, 97
Trd, 4318867.843, 85
Trd, 4318868.743, 106
Trd, 4318870.893, 112
Trd, 4318871.943, 113
Trd, 4318872.093, 97
Trd, 4318872.993, 140
Trd, 4318875.843, 96
Trd, 4318877.043, 121
Trd, 4318877.843, 114
Trd, 4318878.093, 112
Trd, 4318878.893, 95
Trd, 4318880.643, 99
Trd, 4318881.943, 93
Trd, 4318882.243, 99
Trd, 4318882.743, 92
Trd, 4318883.543, 113
Trd, 4318885.793, 95
Trd, 4318885.993, 116
Trd, 4318886.593, 99
Trd, 4318888.043, 136
Trd, 4318888.743, 102
Trd, 4318890.343, 139
Trd, 4318892.043, 112
Trd, 4318893.393, 113
Trd, 4318894.143, 103
Trd, 4318894.593, 139
Trd, 4318895.693, 92
Trd, 4318896.493, 83
Trd, 4318898.443, 93
Trd, 4318898.643, 98
Trd, 4318899.593, 86
Trd, 4318900.843, 95
Trd, 4318901.643, 91
Trd, 4318904.093, 113
Trd, 4318904.493, 86
Trd, 4318906.693, 106
Trd, 4318907.043, 110
Trd, 4318907.743, 77
Trd, 4318908.343, 109
Trd, 4318909.443, 113
Trd, 4318912.043, 113
Trd, 4318912.543, 100
Trd, 4318914.693, 122
Trd, 4318915.693, 113
Trd, 4318915.893, 94
Trd, 4318916.593, 125
Trd, 4318917.543, 112
Trd, 4318918.743, 117
Trd, 4318919.543, 113
Trd, 4318920.593, 128
Trd, 4318923.343, 112
Trd, 4318925.093, 113
Trd, 4318926.043, 77
Trd, 4318927.343, 92
Trd, 4318928.243, 118
Trd, 4318929.593, 116
Trd, 4318929.893, 80
Trd, 4318931.143, 138
Trd, 4318933.243, 112
Trd, 4318933.743, 112
Trd, 4318935.393, 72
Trd, 4318936.893, 113
Trd, 4318937.193, 77
Trd, 4318938.293, 112
Trd, 4318939.393, 97
Trd, 4318939.493, 95
Trd, 4318941.943, 135
Trd, 4318943.243, 113
Trd, 4318944.243, 117
Trd, 4318944.743, 102
Trd, 4318946.993, 85
Trd, 4318947.143, 113
Trd, 4318948.643, 106
Trd, 4318949.443, 95
Trd, 4318950.093, 97
Trd, 4318950.643, 104
Trd, 4318951.643, 97
Trd, 4318951.693, 112
Trd, 4318953.993, 113
Trd, 4318955.643, 103
Trd, 4318956.593, 105
Trd, 4318956.793, 94
Trd, 4318957.393, 105
Trd, 4318957.943, 99
Trd, 4318960.293, 83
Trd, 4318961.743, 96
Trd, 4318961.943, 101
Trd, 4318964.393, 114
Trd, 4318966.593, 113
Trd, 4318967.243, 110
Trd, 4318969.743, 88
Trd, 4318970.993, 89
Trd, 4318971.493, 105
Trd, 4318971.743, 106
Trd, 4318974.393, 95
Trd, 4318975.793, 102
Trd, 4318976.093, 77
Trd, 4318976.743, 95
Trd, 4318977.443, 112
Trd, 4318980.393, 86
Trd, 4318980.993, 112
Trd, 4318981.893, 135
Trd, 4318982.843, 113
Trd, 4318983.693, 98
Trd, 4318986.193, 114
Trd, 4318987.743, 111
Trd, 4318989.093, 106
Trd, 4318991.493, 88
Trd, 4318992.893, 113
Trd, 4318995.743, 88
Trd, 4318996.393, 88
Trd, 4318996.943, 104
Trd, 4318998.793, 95
Trd, 4318999.943, 124
Trd, 4319000.343, 102
Trd, 4319001.293, 107
Trd, 4319002.293, 131
Trd, 4319004.543, 110
Trd, 4319005.543, 86
Trd, 4319006.093, 104
Trd, 4319007.243, 82
Trd, 4319007.493, 128
Trd, 4319010.843, 103
Trd, 4319011.043, 85
Trd, 4319011.643, 94
Trd, 4319012.143, 112
Trd, 4319012.393, 113
Trd, 4319013.443, 105
Trd, 4319016.993, 86
Trd, 4319017.293, 91
Trd, 4319020.493, 109
Trd, 4319021.793, 100
Trd, 4319022.993, 109
Trd, 4319023.493, 113
Trd, 4319024.843, 123
Trd, 4319025.743, 86
Trd, 4319029.593, 120
Trd, 4319029.893, 111
Trd, 4319030.043, 133
Trd, 4319030.743, 78
Trd, 4319031.893, 86
Trd, 4319034.493, 124
Trd, 4319035.193, 113
Trd, 4319037.293, 130
Trd, 4319037.443, 90
Trd, 4319040.493, 88
Trd, 4319040.993, 110
Trd, 4319042.543, 100
Trd, 4319043.843, 115
Trd, 4319044.993, 114
Trd, 4319046.443, 94
Trd, 4319046.493, 113
Trd, 4319047.343, 106
Trd, 4319047.843, 89
Trd, 4319048.443, 137
Trd, 4319052.343, 101
Trd, 4319053.093, 117
Trd, 4319054.443, 112
Trd, 4319055.693, 102
Trd, 4319056.343, 114
Trd, 4319057.043, 114
Trd, 4319058.293, 97
Trd, 4319059.643, 90
Trd, 4319060.443, 83
Trd, 4319061.643, 92
Trd, 4319062.893, 136
Trd, 4319066.893, 114
Trd, 4319068.143, 113
Trd, 4319068.643, 89
Trd, 4319070.393, 111
Trd, 4319070.893, 114
Trd, 4319073.493, 77
Trd, 4319075.543, 82
Trd, 4319076.793, 91
Trd, 4319076.943, 92
Trd, 4319077.443, 97
Trd, 4319079.643, 104
Trd, 4319081.243, 116
Trd, 4319081.843, 78
Trd, 4319084.043, 114
Trd, 4319084.693, 138
Trd, 4319086.593, 95
Trd, 4319087.593, 140
Trd, 4319089.993, 117
Trd, 4319090.043, 119
Trd, 4319093.193, 113
Trd, 4319094.093, 115
Trd, 4319094.343, 100
Trd, 4319096.593, 89
Trd, 4319097.093, 92
Trd, 4319098.843, 80
Trd, 4319100.393, 110
Trd, 4319100.693, 97
Trd, 4319100.793, 113
Trd, 4319102.293, 115
Trd, 4319104.143, 77
Trd, 4319104.543, 86
Trd, 4319105.693, 99
Trd, 4319108.043, 77
Trd, 4319108.343, 96
Trd, 4319109.843, 112
Trd, 4319110.093, 112
Trd, 4319113.493, 116
Trd, 4319113.693, 110
Trd, 4319113.993, 92
Trd, 4319115.543, 120
Trd, 4319117.443, 110
Trd, 4319118.643, 99
Trd, 4319119.793, 113
Trd, 4319122.043, 89
Trd, 4319122.343, 109
Trd, 4319125.043, 113
Trd, 4319125.143, 103
Trd, 4319127.293, 95
Trd, 4319129.193, 109
Trd, 4319131.493, 111
Trd, 4319131.643, 97
Trd, 4319132.643, 113
Trd, 4319133.843, 113
Trd, 4319137.193, 97
Trd, 4319138.143, 82
Trd, 4319139.243, 113
Trd, 4319139.993, 91
Trd, 4319140.343, 113
Trd, 4319144.343, 84
Trd, 4319144.443, 85
Trd, 4319148.393, 81
Trd, 4319148.443, 100
Trd, 4319150.843, 98
Trd, 4319152.893, 74
Trd, 4319154.293, 106
Trd, 4319155.293, 93
Trd, 4319155.393, 113
Trd, 4319155.943, 105
Trd, 4319157.393, 91
Trd, 4319158.143, 113
Trd, 4319159.343, 103
Trd, 4319159.543, 110
Trd, 4319161.193, 84
Trd, 4319162.543, 113
Trd, 4319163.743, 116
Trd, 4319164.243, 86
Trd, 4319165.493, 95
Trd, 4319166.943, 109
Trd, 4319166.993, 112
Trd, 4319167.693, 140
Trd, 4319172.243, 85
Trd, 4319172.593, 101
Trd, 4319173.093, 103
Trd, 4319175.043, 112
Trd, 4319175.193, 95
Trd, 4319175.443, 113
Trd, 4319175.993, 104
Trd, 4319176.793, 133
Trd, 4319179.793, 112
Trd, 4319180.143, 86
Trd, 4319180.243, 113
Trd, 4319180.493, 101
Trd, 4319182.943, 92
Trd, 4319183.643, 93
Trd, 4319184.193, 111
Trd, 4319185.143, 99
Trd, 4319185.493, 113
Trd, 4319187.943, 97
Trd, 4319189.543, 111
Trd, 4319190.593, 82
Trd, 4319193.393, 91
Trd, 4319193.743, 79
Trd, 4319194.343, 98
Trd, 4319195.143, 113
Trd, 4319196.193, 91
Trd, 4319196.443, 93
Trd, 4319197.993, 113
Trd, 4319198.343, 112
Trd, 4319202.243, 92
Trd, 4319202.293, 101
Trd, 4319204.343, 111
Trd, 4319205.493, 74
Trd, 4319205.543, 77
Trd, 4319205.843, 113
Trd, 4319208.793, 113
Trd, 4319210.343, 113
Trd, 4319210.793, 109
Trd, 4319212.893, 90
Trd, 4319214.143, 74
Trd, 4319215.893, 106
Trd, 4319216.493, 96
Trd, 4319217.743, 89
Trd, 4319218.293, 89
Trd, 4319218.593, 90
Trd, 4319219.643, 96
Trd, 4319221.843, 123
Trd, 4319221.943, 108
Trd, 4319223.493, 103
Trd, 4319227.993, 90
Trd, 4319228.843, 101
Trd, 4319229.243, 110
Trd, 4319230.043, 113
Trd, 4319231.793, 107
Trd, 4319235.793, 86
Trd, 4319236.593, 92
Trd, 4319237.243, 101
Trd, 4319237.493, 102
Trd, 4319237.693, 107
Trd, 4319238.993, 110
Trd, 4319241.793, 104
Trd, 4319241.843, 110
Trd, 4319244.593, 94
Trd, 4319244.943, 113
Trd, 4319245.393, 129
Trd, 4319245.943, 90
Trd, 4319246.543, 106
Trd, 4319248.743, 90
Trd, 4319251.093, 110
Trd, 4319252.043, 113
Trd, 4319255.543, 90
Trd, 4319256.243, 100
Trd, 4319256.493, 103
Trd, 4319256.543, 96
Trd, 4319257.893, 125
Trd, 4319258.293, 106
Trd, 4319261.943, 80
Trd, 4319262.493, 81
Trd, 4319262.543, 89
Trd, 4319262.643, 101
Trd, 4319263.393, 130
Trd, 4319264.293, 97
Trd, 4319266.193, 84
Trd, 4319266.543, 105
Trd, 4319267.193, 120
Trd, 4319267.993, 95
Trd, 4319268.493, 131
Trd, 4319269.143, 82
Trd, 4319271.593, 107
Trd, 4319274.893, 113
Trd, 4319275.943, 90
Trd, 4319276.293, 93
Trd, 4319276.543, 108
Trd, 4319278.643, 124
Trd, 4319279.993, 92
Trd, 4319280.293, 118
Trd, 4319281.993, 96
Trd, 4319282.743, 97
Trd, 4319284.093, 113
Trd, 4319284.393, 99
Trd, 4319286.593, 91
Trd, 4319286.893, 91
Trd, 4319287.493, 127
Trd, 4319289.243, 101
Trd, 4319291.593, 89
Trd, 4319291.893, 77
Trd, 4319292.293, 113
Trd, 4319293.393, 120
Trd, 4319293.993, 127
Trd, 4319294.293, 95
Trd, 4319296.393, 112
Trd, 4319298.443, 109
Trd, 4319299.593, 104
Trd, 4319301.543, 113
Trd, 4319301.943, 94
Trd, 4319303.543, 111
Trd, 4319305.293, 113
Trd, 4319305.343, 114
Trd, 4319311.043, 88
Trd, 4319311.343, 101
Trd, 4319313.093, 100
Trd, 4319313.443, 102
Trd, 4319314.043, 99
Trd, 4319314.793, 94
Trd, 4319317.043, 139
Trd, 4319319.293, 98
Trd, 4319319.643, 95
Trd, 4319320.743, 113
Trd, 4319321.793, 69
Trd, 4319323.643, 113
Trd, 4319324.643, 113
Trd, 4319324.793, 88
Trd, 4319326.193, 105
Trd, 4319326.743, 111
Trd, 4319329.243, 77
Trd, 4319331.343, 91
Trd, 4319331.693, 92
Trd, 4319332.343, 96
Trd, 4319335.293, 139
Trd, 4319335.393, 114
Trd, 4319337.543, 112
Trd, 4319337.693, 117
Trd, 4319339.543, 119
Trd, 4319340.793, 77
Trd, 4319341.143, 99
Trd, 4319342.393, 87
Trd, 4319342.443, 96
Trd, 4319343.993, 88
Trd, 4319346.493, 90
Trd, 4319347.993, 100
Trd, 4319350.193, 98
Trd, 4319351.843, 77
Trd, 4319351.993, 77
Trd, 4319352.043, 104
Trd, 4319352.893, 75
Trd, 4319353.793, 113
Trd, 4319355.993, 85
Trd, 4319356.043, 123
Trd, 4319357.593, 77
Trd, 4319358.093, 94
Trd, 4319360.093, 83
Trd, 4319361.843, 108
Trd, 4319362.043, 112
Trd, 4319363.193, 126
Trd, 4319364.043, 95
Trd, 4319364.843, 85
Trd, 4319366.843, 104
Trd, 4319370.293, 118
Trd, 4319371.443, 113
Trd, 4319372.443, 96
Trd, 4319374.893, 95
Trd, 4319376.143, 107
Trd, 4319377.243, 115
Trd, 4319378.343, 110
Trd, 4319380.593, 95
Trd, 4319382.393, 112
Trd, 4319383.293, 87
Trd, 4319386.143, 88
Trd, 4319386.793, 98
Trd, 4319388.543, 108
Trd, 4319388.743, 104
Trd, 4319388.893, 90
Trd, 4319390.993, 111
Trd, 4319391.193, 77
Trd, 4319392.743, 122
Trd, 4319393.743, 113
Trd, 4319394.093, 123
Trd, 4319394.893, 100
Trd, 4319396.343, 105
Trd, 4319397.743, 90
Trd, 4319398.843, 113
Trd, 4319399.493, 139
Trd, 4319402.393, 108
Trd, 4319402.443, 99
Trd, 4319404.343, 100
Trd, 4319404.393, 102
Trd, 4319405.293, 113
Trd, 4319408.343, 119
Trd, 4319408.793, 77
Trd, 4319409.843, 123
Trd, 4319410.793, 92
Trd, 4319411.143, 103
Trd, 4319411.893, 69
Trd, 4319413.743, 101
Trd, 4319414.793, 134
Trd, 4319415.593, 84
Trd, 4319418.143, 112
Trd, 4319419.143, 88
Trd, 4319421.843, 85
Trd, 4319422.793, 89
Trd, 4319422.893, 113
Trd, 4319426.643, 90
Trd, 4319427.343, 139
Trd, 4319428.043, 112
Trd, 4319430.243, 115
Trd, 4319431.793, 130
Trd, 4319432.293, 90
Trd, 4319432.643, 120
Trd, 4319433.793, 99
Trd, 4319437.843, 112
Trd, 4319438.493, 128
Trd, 4319438.543, 93
Trd, 4319440.243, 109
Trd, 4319440.743, 86
Trd, 4319442.543, 86
Trd, 4319443.543, 113
Trd, 4319444.093, 81
Trd, 4319445.043, 140
Trd, 4319447.793, 89
Trd, 4319448.543, 108
Trd, 4319449.293, 71
Trd, 4319451.443, 118
Trd, 4319452.343, 113
Trd, 4319454.093, 86
Trd, 4319454.243, 86
Trd, 4319456.193, 115
Trd, 4319456.393, 116
Trd, 4319457.193, 113
Trd, 4319457.443, 122
Trd, 4319459.243, 111
Trd, 4319461.643, 83
Trd, 4319463.193, 111
Trd, 4319464.293, 125
Trd, 4319464.793, 98
Trd, 4319467.243, 114
Trd, 4319467.943, 107
Trd, 4319468.743, 119
Trd, 4319471.093, 138
Trd, 4319472.293, 117
Trd, 4319472.543, 112
Trd, 4319473.643, 125
Trd, 4319475.243, 81
Trd, 4319476.293, 107
Trd, 4319479.943, 94
Trd, 4319480.443, 90
Trd, 4319480.993, 95
Trd, 4319481.943, 104
Trd, 4319484.193, 89
Trd, 4319484.543, 78
Trd, 4319485.143, 112
Trd, 4319487.993, 96
Trd, 4319488.193, 113
Trd, 4319490.093, 96
Trd, 4319491.393, 113
Trd, 4319493.793, 110
Trd, 4319494.493, 97
Trd, 4319495.943, 113
Trd, 4319496.493, 104
Trd, 4319497.493, 125
Trd, 4319499.093, 122
Trd, 4319500.893, 113
Trd, 4319501.243, 83
Trd, 4319502.393, 127
Trd, 4319503.893, 113
Trd, 4319504.143, 74
Trd, 4319504.443, 136
Trd, 4319506.843, 79
Trd, 4319508.443, 113
Trd, 4319510.893, 140
Trd, 4319511.143, 138
Trd, 4319511.443, 96
Trd, 4319513.293, 113
Trd, 4319513.593, 86
Trd, 4319516.343, 98
Trd, 4319517.443, 99
Trd, 4319518.293, 95
Trd, 4319519.643, 119
Trd, 4319520.443, 95
Trd, 4319521.643, 100
Trd, 4319521.843, 113
Trd, 4319522.793, 92
Trd, 4319523.993, 93
Trd, 4319525.893, 119
Trd, 4319525.943, 87
Trd, 4319526.243, 85
Trd, 4319528.843, 140
Trd, 4319531.243, 113
Trd, 4319532.443, 117
Trd, 4319533.443, 113
Trd, 4319535.243, 78
Trd, 4319535.693, 113
Trd, 4319537.143, 77
Trd, 4319539.793, 99
Trd, 4319539.843, 108
Trd, 4319541.043, 99
Trd, 4319541.543, 98
Trd, 4319545.743, 91
Trd, 4319546.293, 101
Trd, 4319548.943, 110
Trd, 4319549.643, 92
Trd, 4319551.143, 98
Trd, 4319552.793, 99
Trd, 4319553.593, 113
Trd, 4319554.743, 109
Trd, 4319555.393, 131
Trd, 4319556.393, 89
Trd, 4319557.493, 78
Trd, 4319557.593, 91
Trd, 4319559.943, 112
Trd, 4319560.543, 108
Trd, 4319561.843, 117
Trd, 4319563.593, 113
Trd, 4319563.893, 89
Trd, 4319565.493, 102
Trd, 4319567.393, 88
Trd, 4319567.743, 89
Trd, 4319568.293, 119
Trd, 4319570.143, 112
Trd, 4319572.443, 101
Trd, 4319573.943, 77
Trd, 4319574.993, 92
Trd, 4319575.593, 99
Trd, 4319577.243, 113
Trd, 4319580.143, 113
Trd, 4319581.543, 111
Trd, 4319581.793, 123
Trd, 4319582.093, 84
Trd, 4319584.293, 90
Trd, 4319586.093, 95
Trd, 4319586.343, 78
Trd, 4319587.693, 91
Trd, 4319588.493, 108
Trd, 4319591.293, 131
Trd, 4319592.343, 119
Trd, 4319592.743, 113
Trd, 4319595.043, 94
Trd, 4319597.143, 115
Trd, 4319597.943, 112
Trd, 4319598.593, 96
Trd, 4319601.093, 86
Trd, 4319601.493, 87
Trd, 4319602.643, 101
Trd, 4319602.843, 83
Trd, 4319603.793, 105
Trd, 4319604.193, 97
Trd, 4319605.743, 95
Trd, 4319606.043, 113
Trd, 4319609.893, 94
Trd, 4319610.043, 109
Trd, 4319610.793, 111
Trd, 4319611.693, 91
Trd, 4319612.843, 102
Trd, 4319614.143, 86
Trd, 4319616.193, 98
Trd, 4319616.743, 113
Trd, 4319619.793, 116
Trd, 4319620.693, 113
Trd, 4319621.243, 95
Trd, 4319622.743, 87
Trd, 4319623.293, 88
Trd, 4319626.493, 84
Trd, 4319626.593, 102
Trd, 4319627.793, 97
Trd, 4319628.843, 101
Trd, 4319629.993, 112
Trd, 4319630.943, 113
Trd, 4319632.043, 114
Trd, 4319632.093, 94
Trd, 4319632.793, 99
Trd, 4319635.193, 91
Trd, 4319637.443, 106
Trd, 4319637.943, 99
Trd, 4319640.193, 94
Trd, 4319642.043, 108
Trd, 4319642.093, 136
Trd, 4319643.043, 122
Trd, 4319643.493, 113
Trd, 4319644.393, 98
Trd, 4319644.693, 113
Trd, 4319646.343, 82
Trd, 4319648.243, 99
Trd, 4319648.693, 101
Trd, 4319649.243, 112
Trd, 4319651.343, 83
Trd, 4319652.993, 79
Trd, 4319653.493, 93
Trd, 4319653.743, 100
Trd, 4319654.843, 103
Trd, 4319655.343, 113
Trd, 4319658.443, 120
Trd, 4319659.893, 109
Trd, 4319661.043, 119
Trd, 4319661.343, 113
Trd, 4319664.143, 86
Trd, 4319664.543, 106
Trd, 4319665.543, 113
Trd, 4319665.843, 83
Trd, 4319666.893, 113
Trd, 4319669.293, 96
Trd, 4319669.343, 88
Trd, 4319669.443, 97
Trd, 4319672.843, 87
Trd, 4319674.343, 100
Trd, 4319675.193, 112
Trd, 4319676.493, 111
Trd, 4319677.493, 102
Trd, 4319680.293, 104
Trd, 4319681.043, 111
Trd, 4319682.243, 86
Trd, 4319684.993, 107
Trd, 4319686.043, 113
Trd, 4319686.743, 96
Trd, 4319688.743, 112
Trd, 4319689.043, 101
Trd, 4319689.643, 112
Trd, 4319690.043, 98
Trd, 4319690.093, 113
Trd, 4319692.443, 116
Trd, 4319694.943, 112
Trd, 4319695.043, 104
Trd, 4319696.843, 97
Trd, 4319697.093, 78
Trd, 4319697.493, 113
Trd, 4319697.743, 77
Trd, 4319698.843, 74
Trd, 4319700.293, 113
Trd, 4319701.893, 116
Trd, 4319704.043, 113
Trd, 4319706.543, 113
Trd, 4319706.893, 95
Trd, 4319709.893, 95
Trd, 4319710.893, 139
Trd, 4319713.893, 136
Trd, 4319714.743, 115
Trd, 4319715.993, 103
Trd, 4319717.043, 103
Trd, 4319717.743, 112
Trd, 4319717.893, 114
Trd, 4319720.093, 112
Trd, 4319720.243, 116
Trd, 4319722.843, 113
Trd, 4319723.393, 95
Trd, 4319723.943, 99
Trd, 4319724.893, 93
Trd, 4319725.593, 118
Trd, 4319726.393, 113
Trd, 4319727.443, 112
Trd, 4319730.343, 115
Trd, 4319732.293, 112
Trd, 4319733.243, 88
Trd, 4319733.643, 119
Trd, 4319733.743, 87
Trd, 4319734.743, 99
Trd, 4319736.193, 119
Trd, 4319738.343, 101
Trd, 4319738.943, 129
Trd, 4319742.643, 121
Trd, 4319743.343, 113
Trd, 4319744.493, 96
Trd, 4319747.043, 88
Trd, 4319747.843, 89
Trd, 4319749.343, 113
Trd, 4319751.293, 116
Trd, 4319751.993, 86
Trd, 4319752.443, 98
Trd, 4319753.693, 103
Trd, 4319754.093, 88
Trd, 4319754.693, 111
Trd, 4319754.993, 110
Trd, 4319756.293, 105
Trd, 4319759.243, 111
Trd, 4319759.743, 113
Trd, 4319760.293, 95
Trd, 4319761.643, 99
Trd, 4319762.143, 118
Trd, 4319764.393, 82
Trd, 4319764.443, 97
Trd, 4319768.643, 108
Trd, 4319770.343, 113
Trd, 4319770.593, 111
Trd, 4319770.793, 108
Trd, 4319771.743, 112
Trd, 4319771.793, 113
Trd, 4319771.843, 88
Trd, 4319775.093, 95
Trd, 4319775.943, 90
Trd, 4319778.143, 124
Trd, 4319780.393, 112
Trd, 4319781.293, 105
Trd, 4319782.193, 77
Trd, 4319785.043, 79
Trd, 4319785.393, 89
Trd, 4319785.443, 99
Trd, 4319785.743, 113
Trd, 4319787.443, 92
Trd, 4319787.543, 107
Trd, 4319789.343, 94
Trd, 4319789.993, 106
Trd, 4319792.043, 121
Trd, 4319793.393, 122
Trd, 4319794.793, 114
Trd, 4319795.793, 79
Trd, 4319796.793, 87
Trd, 4319797.093, 89
Trd, 4319798.593, 113
Trd, 4319798.943, 108
Trd, 4319800.593, 100
Trd, 4319802.893, 93
Trd, 4319803.643, 98
Trd, 4319803.843, 109
Trd, 4319804.243, 88
Trd, 4319808.043, 138
Trd, 4319811.193, 87
Trd, 4319811.843, 93
Trd, 4319812.043, 106
Trd, 4319813.943, 113
Trd, 4319813.993, 113
Trd, 4319814.693, 100
Trd, 4319816.293, 82
Trd, 4319816.393, 84
Trd, 4319818.693, 94
Trd, 4319819.793, 110
Trd, 4319819.843, 112
Trd, 4319820.593, 96
Trd, 4319822.443, 83
Trd, 4319823.993, 109
Trd, 4319824.243, 85
Trd, 4319826.243, 111
Trd, 4319826.493, 93
Trd, 4319827.593, 111
Trd, 4319830.943, 98
Trd, 4319831.443, 98
Trd, 4319832.343, 99
Trd, 4319832.943, 113
Trd, 4319834.343, 113
Trd, 4319834.993, 113
Trd, 4319837.593, 94
Trd, 4319838.043, 99
Trd, 4319838.593, 91
Trd, 4319840.143, 99
Trd, 4319841.143, 102
Trd, 4319841.893, 121
Trd, 4319843.743, 140
Trd, 4319844.393, 89
Trd, 4319846.593, 109
Trd, 4319848.493, 92
Trd, 4319848.643, 113
Trd, 4319849.743, 108
Trd, 4319850.293, 86
Trd, 4319851.293, 85
Trd, 4319851.793, 98
Trd, 4319853.643, 91
Trd, 4319854.643, 111
Trd, 4319856.293, 112
Trd, 4319857.343, 113
Trd, 4319858.293, 99
Trd, 4319858.793, 96
Trd, 4319860.843, 98
Trd, 4319864.543, 107
Trd, 4319866.093, 111
Trd, 4319867.843, 111
Trd, 4319868.093, 112
Trd, 4319869.843, 87
Trd, 4319870.093, 80
Trd, 4319871.493, 86
Trd, 4319872.393, 93
Trd, 4319873.293, 113
Trd, 4319873.893, 139
Trd, 4319874.993, 92
Trd, 4319876.343, 119
Trd, 4319878.393, 98
Trd, 4319879.043, 84
Trd, 4319879.293, 124
Trd, 4319882.093, 112
Trd, 4319883.343, 113
Trd, 4319884.143, 93
Trd, 4319885.693, 104
Trd, 4319886.293, 113
Trd, 4319886.643, 112
Trd, 4319889.743, 103
Trd, 4319891.643, 110
Trd, 4319892.293, 104
Trd, 4319893.893, 124
Trd, 4319896.943, 115
Trd, 4319897.143, 86
Trd, 4319898.243, 112
Trd, 4319901.093, 99
Trd, 4319901.193, 102
Trd, 4319901.893, 113
Trd, 4319903.043, 132
Trd, 4319904.093, 94
Trd, 4319906.843, 129
Trd, 4319907.043, 118
Trd, 4319907.543, 93
Trd, 4319908.843, 113
Trd, 4319911.493, 94
Trd, 4319912.243, 113
Trd, 4319912.343, 131
Trd, 4319914.543, 116
Trd, 4319915.193, 102
Trd, 4319916.743, 125
Trd, 4319917.843, 97
Trd, 4319919.193, 111
Trd, 4319920.443, 113
Trd, 4319921.593, 89
Trd, 4319923.993, 92
Trd, 4319924.793, 96
Trd, 4319924.893, 109
Trd, 4319927.193, 103
Trd, 4319929.143, 83
Trd, 4319930.243, 77
Trd, 4319930.693, 87
Trd, 4319931.443, 134
Trd, 4319933.693, 111
Trd, 4319935.843, 96
Trd, 4319936.643, 92
Trd, 4319938.043, 112
Trd, 4319940.993, 113
Trd, 4319941.443, 86
Trd, 4319943.393, 95
Trd, 4319944.143, 79
Trd, 4319944.843, 82
Trd, 4319945.043, 83
Trd, 4319945.743, 127
Trd, 4319948.793, 109
Trd, 4319949.693, 105
Trd, 4319950.193, 94
Trd, 4319953.043, 102
Trd, 4319953.543, 111
Trd, 4319954.443, 99
Trd, 4319956.143, 111
Trd, 4319957.143, 103
Trd, 4319959.193, 113
Trd, 4319961.043, 116
Trd, 4319961.093, 112
Trd, 4319962.693, 110
Trd, 4319964.543, 120
Trd, 4319965.243, 108
Trd, 4319965.993, 95
Trd, 4319967.193, 69
Trd, 4319967.643, 114
Trd, 4319968.493, 75
Trd, 4319969.643, 94
Trd, 4319971.943, 106
Trd, 4319971.993, 89
Trd, 4319973.293, 113
Trd, 4319973.493, 117
Trd, 4319975.643, 88
Trd, 4319977.443, 87
Trd, 4319977.493, 107
Trd, 4319979.543, 112
Trd, 4319982.443, 113
Trd, 4319984.493, 96
Trd, 4319985.443, 113
Trd, 4319986.393, 97
Trd, 4319987.693, 122
Trd, 4319990.643, 124
Trd, 4319991.393, 119
Trd, 4319993.343, 113
Trd, 4319995.793, 103
Trd, 4319997.293, 91
Trd, 4319997.743, 111
Trd, 4319999.793, 71
