Trd, 4317918.343, 86
Trd, 4317919.743, 86
Trd, 4317920.343, 96
Trd, 4317920.393, 98
Trd, 4317920.493, 104
Trd, 4317921.293, 104
Trd, 4317922.643, 105
Trd, 4317924.543, 94
Trd, 4317925.043, 90
Trd, 4317926.143, 96
Trd, 4317927.443, 95
Trd, 4317927.843, 95
Trd, 4317928.843, 93
Trd, 4317930.143, 99
Trd, 4317930.993, 115
Trd, 4317933.643, 97
Trd, 4317934.743, 113
Trd, 4317935.743, 104
Trd, 4317938.593, 96
Trd, 4317939.143, 98
Trd, 4317939.543, 96
Trd, 4317940.443, 96
Trd, 4317940.693, 99
Trd, 4317941.843, 121
Trd, 4317943.143, 97
Trd, 4317943.893, 104
Trd, 4317944.493, 97
Trd, 4317946.143, 113
Trd, 4317946.293, 121
Trd, 4317947.443, 119
Trd, 4317951.043, 87
Trd, 4317951.493, 88
Trd, 4317953.743, 88
Trd, 4317953.793, 90
Trd, 4317955.293, 91
Trd, 4317955.643, 92
Trd, 4317957.793, 100
Trd, 4317959.143, 101
Trd, 4317960.493, 97
Trd, 4317961.043, 97
Trd, 4317961.543, 102
Trd, 4317961.643, 105
Trd, 4317962.543, 121
Trd, 4317963.693, 95
Trd, 4317965.793, 94
Trd, 4317967.293, 87
Trd, 4317967.393, 93
Trd, 4317970.743, 94
Trd, 4317972.893, 95
Trd, 4317973.493, 89
Trd, 4317976.143, 93
Trd, 4317976.393, 90
Trd, 4317977.043, 94
Trd, 4317977.193, 98
Trd, 4317979.793, 103
Trd, 4317981.643, 101
Trd, 4317982.843, 104
Trd, 4317984.093, 103
Trd, 4317984.193, 100
Trd, 4317984.793, 104
Trd, 4317985.843, 113
Trd, 4317986.143, 105
Trd, 4317986.493, 104
Trd, 4317987.093, 116
Trd, 4317989.993, 109
Trd, 4317990.843, 116
Trd, 4317991.893, 115
Trd, 4317992.193, 107
Trd, 4317994.043, 106
Trd, 4317995.143, 116
Trd, 4317995.443, 88
Trd, 4317996.793, 101
Trd, 4317997.643, 103
Trd, 4317999.393, 87
Trd, 4318000.893, 103
Trd, 4318002.993, 94
Trd, 4318005.243, 96
Trd, 4318005.593, 95
Trd, 4318006.393, 104
Trd, 4318006.643, 104
Trd, 4318007.793, 122
Trd, 4318009.743, 122
Trd, 4318010.343, 114
Trd, 4318011.843, 113
Trd, 4318012.543, 104
Trd, 4318013.543, 121
Trd, 4318014.093, 111
Trd, 4318015.243, 104
Trd, 4318017.493, 118
Trd, 4318018.093, 119
Trd, 4318019.093, 99
Trd, 4318019.493, 119
Trd, 4318022.743, 104
Trd, 4318022.893, 105
Trd, 4318023.043, 96
Trd, 4318025.293, 102
Trd, 4318028.143, 89
Trd, 4318028.343, 90
Trd, 4318028.893, 91
Trd, 4318030.043, 86
Trd, 4318032.243, 91
Trd, 4318033.093, 94
Trd, 4318033.893, 95
Trd, 4318035.593, 109
Trd, 4318036.893, 103
Trd, 4318037.593, 102
Trd, 4318037.943, 106
Trd, 4318038.193, 107
Trd, 4318041.393, 113
Trd, 4318041.943, 122
Trd, 4318043.093, 95
Trd, 4318044.493, 91
Trd, 4318046.293, 97
Trd, 4318046.893, 97
Trd, 4318047.293, 97
Trd, 4318047.843, 96
Trd, 4318050.193, 103
Trd, 4318051.993, 112
Trd, 4318052.793, 99
Trd, 4318053.893, 97
Trd, 4318054.493, 103
Trd, 4318055.593, 113
Trd, 4318057.493, 104
Trd, 4318059.243, 106
Trd, 4318059.743, 115
Trd, 4318060.143, 112
Trd, 4318061.643, 133
Trd, 4318062.043, 131
Trd, 4318065.643, 98
Trd, 4318066.743, 131
Trd, 4318067.943, 121
Trd, 4318067.993, 117
Trd, 4318068.843, 131
Trd, 4318071.193, 113
Trd, 4318072.093, 120
Trd, 4318074.343, 121
Trd, 4318074.693, 113
Trd, 4318075.343, 119
Trd, 4318077.693, 105
Trd, 4318078.493, 104
Trd, 4318079.443, 106
Trd, 4318079.643, 98
Trd, 4318080.143, 111
Trd, 4318084.043, 84
Trd, 4318086.143, 88
Trd, 4318086.243, 86
Trd, 4318087.393, 102
Trd, 4318088.693, 99
Trd, 4318089.243, 98
Trd, 4318090.293, 106
Trd, 4318093.443, 98
Trd, 4318093.993, 98
Trd, 4318094.343, 99
Trd, 4318094.993, 98
Trd, 4318095.243, 104
Trd, 4318096.393, 105
Trd, 4318098.893, 89
Trd, 4318099.043, 95
Trd, 4318099.743, 95
Trd, 4318102.893, 96
Trd, 4318103.093, 95
Trd, 4318103.793, 94
Trd, 4318104.743, 88
Trd, 4318104.893, 91
Trd, 4318105.393, 91
Trd, 4318107.693, 103
Trd, 4318108.593, 95
Trd, 4318109.343, 105
Trd, 4318109.843, 94
Trd, 4318110.443, 104
Trd, 4318111.693, 105
Trd, 4318114.143, 96
Trd, 4318114.293, 96
Trd, 4318115.243, 94
Trd, 4318115.343, 95
Trd, 4318115.943, 93
Trd, 4318116.243, 113
Trd, 4318116.693, 100
Trd, 4318119.043, 105
Trd, 4318120.943, 95
Trd, 4318122.793, 94
Trd, 4318123.343, 89
Trd, 4318126.743, 91
Trd, 4318128.193, 90
Trd, 4318128.443, 91
Trd, 4318129.293, 95
Trd, 4318129.593, 91
Trd, 4318131.743, 90
Trd, 4318131.793, 91
Trd, 4318134.493, 91
Trd, 4318135.943, 94
Trd, 4318137.293, 95
Trd, 4318137.493, 96
Trd, 4318138.793, 121
Trd, 4318139.143, 98
Trd, 4318139.843, 97
Trd, 4318140.593, 104
Trd, 4318143.293, 102
Trd, 4318143.593, 102
Trd, 4318143.943, 105
Trd, 4318146.393, 109
Trd, 4318146.643, 95
Trd, 4318147.843, 104
Trd, 4318148.043, 105
Trd, 4318149.143, 106
Trd, 4318151.993, 108
Trd, 4318152.743, 104
Trd, 4318154.193, 117
Trd, 4318154.493, 100
Trd, 4318155.493, 114
Trd, 4318155.643, 113
Trd, 4318156.843, 122
Trd, 4318157.343, 123
Trd, 4318159.343, 88
Trd, 4318160.843, 92
Trd, 4318162.193, 94
Trd, 4318162.493, 95
Trd, 4318163.393, 104
Trd, 4318164.193, 105
Trd, 4318165.043, 115
Trd, 4318167.343, 88
Trd, 4318168.943, 90
Trd, 4318170.093, 90
Trd, 4318171.393, 90
Trd, 4318171.943, 109
Trd, 4318173.543, 97
Trd, 4318174.543, 94
Trd, 4318175.843, 96
Trd, 4318178.343, 97
Trd, 4318178.943, 100
Trd, 4318180.093, 103
Trd, 4318181.593, 105
Trd, 4318183.393, 100
Trd, 4318183.743, 104
Trd, 4318186.243, 100
Trd, 4318186.343, 104
Trd, 4318188.993, 91
Trd, 4318189.193, 93
Trd, 4318189.493, 95
Trd, 4318189.743, 94
Trd, 4318190.693, 108
Trd, 4318192.643, 99
Trd, 4318192.743, 101
Trd, 4318194.043, 106
Trd, 4318196.143, 99
Trd, 4318198.293, 104
Trd, 4318198.643, 100
Trd, 4318200.343, 103
Trd, 4318200.443, 108
Trd, 4318200.643, 111
Trd, 4318200.993, 108
Trd, 4318203.243, 122
Trd, 4318203.643, 104
Trd, 4318206.293, 100
Trd, 4318207.393, 99
Trd, 4318207.993, 98
Trd, 4318208.293, 99
Trd, 4318209.143, 95
Trd, 4318210.543, 87
Trd, 4318212.093, 94
Trd, 4318213.943, 104
Trd, 4318214.693, 87
Trd, 4318214.743, 99
Trd, 4318215.943, 110
Trd, 4318219.143, 121
Trd, 4318219.293, 113
Trd, 4318219.493, 122
Trd, 4318220.893, 104
Trd, 4318222.243, 122
Trd, 4318223.143, 106
Trd, 4318224.343, 97
Trd, 4318226.843, 98
Trd, 4318228.343, 98
Trd, 4318229.093, 104
Trd, 4318230.793, 105
Trd, 4318231.793, 95
Trd, 4318232.543, 97
Trd, 4318232.943, 91
Trd, 4318234.743, 101
Trd, 4318237.143, 100
Trd, 4318237.543, 94
Trd, 4318238.743, 101
Trd, 4318240.593, 104
Trd, 4318242.293, 99
Trd, 4318242.843, 121
Trd, 4318243.643, 114
Trd, 4318243.693, 98
Trd, 4318244.193, 95
Trd, 4318246.993, 113
Trd, 4318247.243, 113
Trd, 4318249.993, 100
Trd, 4318251.693, 93
Trd, 4318251.993, 94
Trd, 4318252.043, 98
Trd, 4318253.193, 105
Trd, 4318253.443, 93
Trd, 4318254.593, 113
Trd, 4318257.993, 114
Trd, 4318258.793, 113
Trd, 4318260.593, 91
Trd, 4318261.093, 92
Trd, 4318261.243, 95
Trd, 4318262.543, 121
Trd, 4318264.493, 117
Trd, 4318265.943, 113
Trd, 4318266.593, 99
Trd, 4318267.643, 96
Trd, 4318268.693, 96
Trd, 4318269.343, 108
Trd, 4318270.493, 122
Trd, 4318270.993, 120
Trd, 4318272.743, 87
Trd, 4318275.443, 91
Trd, 4318275.743, 90
Trd, 4318275.843, 87
Trd, 4318275.993, 102
Trd, 4318277.993, 101
Trd, 4318278.793, 101
Trd, 4318278.843, 94
Trd, 4318279.143, 109
Trd, 4318282.193, 95
Trd, 4318285.143, 96
Trd, 4318285.993, 88
Trd, 4318286.993, 91
Trd, 4318287.243, 92
Trd, 4318288.543, 87
Trd, 4318290.643, 93
Trd, 4318291.343, 96
Trd, 4318293.093, 102
Trd, 4318293.643, 101
Trd, 4318294.193, 105
Trd, 4318295.543, 92
Trd, 4318296.043, 93
Trd, 4318297.243, 97
Trd, 4318297.693, 87
Trd, 4318298.793, 106
Trd, 4318301.493, 99
Trd, 4318303.393, 91
Trd, 4318303.793, 108
Trd, 4318305.293, 94
Trd, 4318305.393, 95
Trd, 4318306.143, 106
Trd, 4318306.193, 94
Trd, 4318307.893, 118
Trd, 4318309.143, 128
Trd, 4318311.443, 113
Trd, 4318311.593, 104
Trd, 4318311.993, 97
Trd, 4318313.043, 111
Trd, 4318313.643, 112
Trd, 4318314.543, 95
Trd, 4318315.443, 110
Trd, 4318319.243, 93
Trd, 4318319.593, 93
Trd, 4318321.093, 91
Trd, 4318321.543, 91
Trd, 4318322.393, 92
Trd, 4318322.693, 96
Trd, 4318324.343, 104
Trd, 4318326.343, 97
Trd, 4318326.543, 95
Trd, 4318326.893, 104
Trd, 4318326.993, 118
Trd, 4318329.693, 106
Trd, 4318330.593, 96
Trd, 4318331.543, 97
Trd, 4318332.443, 92
Trd, 4318334.793, 89
Trd, 4318335.793, 96
Trd, 4318336.193, 106
Trd, 4318338.143, 97
Trd, 4318338.543, 98
Trd, 4318341.843, 96
Trd, 4318342.593, 100
Trd, 4318343.393, 92
Trd, 4318343.943, 97
Trd, 4318346.193, 92
Trd, 4318346.343, 95
Trd, 4318347.543, 91
Trd, 4318348.093, 93
Trd, 4318351.143, 90
Trd, 4318352.943, 86
Trd, 4318353.193, 87
Trd, 4318354.193, 88
Trd, 4318354.293, 98
Trd, 4318355.293, 88
Trd, 4318356.243, 122
Trd, 4318357.893, 122
Trd, 4318358.293, 122
Trd, 4318358.493, 113
Trd, 4318360.243, 89
Trd, 4318360.893, 113
Trd, 4318362.243, 119
Trd, 4318363.893, 92
Trd, 4318365.793, 102
Trd, 4318367.293, 103
Trd, 4318370.993, 91
Trd, 4318372.043, 91
Trd, 4318372.493, 91
Trd, 4318373.193, 91
Trd, 4318373.243, 102
Trd, 4318376.343, 93
Trd, 4318376.993, 91
Trd, 4318377.643, 89
Trd, 4318377.693, 91
Trd, 4318378.093, 96
Trd, 4318379.243, 105
Trd, 4318382.293, 99
Trd, 4318383.293, 86
Trd, 4318383.393, 86
Trd, 4318384.243, 95
Trd, 4318387.043, 96
Trd, 4318387.543, 94
Trd, 4318389.643, 89
Trd, 4318390.393, 88
Trd, 4318390.643, 87
Trd, 4318390.993, 87
Trd, 4318392.193, 131
Trd, 4318393.093, 115
Trd, 4318393.293, 123
Trd, 4318396.493, 93
Trd, 4318396.643, 94
Trd, 4318397.093, 93
Trd, 4318397.593, 93
Trd, 4318398.093, 108
Trd, 4318398.793, 95
Trd, 4318399.593, 93
Trd, 4318401.743, 94
Trd, 4318404.043, 101
Trd, 4318404.143, 97
Trd, 4318404.593, 113
Trd, 4318405.993, 120
Trd, 4318406.993, 113
Trd, 4318409.293, 120
Trd, 4318410.493, 118
Trd, 4318410.643, 112
Trd, 4318410.743, 104
Trd, 4318411.093, 88
Trd, 4318413.643, 104
Trd, 4318414.493, 104
Trd, 4318415.043, 109
Trd, 4318417.793, 113
Trd, 4318420.793, 88
Trd, 4318421.093, 97
Trd, 4318421.793, 99
Trd, 4318421.993, 102
Trd, 4318422.843, 97
Trd, 4318424.143, 93
Trd, 4318425.093, 93
Trd, 4318426.693, 91
Trd, 4318429.843, 85
Trd, 4318431.993, 90
Trd, 4318432.843, 86
Trd, 4318433.843, 87
Trd, 4318434.993, 94
Trd, 4318435.243, 95
Trd, 4318437.043, 105
Trd, 4318438.293, 103
Trd, 4318439.643, 95
Trd, 4318439.693, 102
Trd, 4318440.793, 96
Trd, 4318442.243, 98
Trd, 4318442.893, 98
Trd, 4318445.143, 96
Trd, 4318445.193, 99
Trd, 4318445.843, 104
Trd, 4318447.593, 103
Trd, 4318448.243, 104
Trd, 4318448.443, 103
Trd, 4318450.493, 90
Trd, 4318450.843, 90
Trd, 4318452.943, 95
Trd, 4318453.593, 103
Trd, 4318454.943, 93
Trd, 4318455.043, 101
Trd, 4318456.693, 94
Trd, 4318457.043, 93
Trd, 4318457.643, 96
Trd, 4318458.793, 87
Trd, 4318459.043, 106
Trd, 4318462.993, 85
Trd, 4318463.993, 85
Trd, 4318464.143, 87
Trd, 4318465.743, 98
Trd, 4318466.643, 104
Trd, 4318468.593, 99
Trd, 4318469.143, 98
Trd, 4318470.293, 98
Trd, 4318471.443, 97
Trd, 4318472.443, 94
Trd, 4318473.343, 100
Trd, 4318477.343, 88
Trd, 4318477.793, 87
Trd, 4318477.843, 96
Trd, 4318478.143, 123
Trd, 4318478.393, 88
Trd, 4318479.043, 112
Trd, 4318481.143, 98
Trd, 4318482.293, 99
Trd, 4318482.993, 96
Trd, 4318483.943, 96
Trd, 4318484.293, 96
Trd, 4318485.843, 119
Trd, 4318487.293, 113
Trd, 4318487.993, 104
Trd, 4318489.693, 103
Trd, 4318491.093, 105
Trd, 4318492.193, 104
Trd, 4318493.743, 98
Trd, 4318495.293, 102
Trd, 4318495.643, 98
Trd, 4318496.693, 101
Trd, 4318497.243, 86
Trd, 4318498.943, 92
Trd, 4318499.393, 105
Trd, 4318501.393, 91
Trd, 4318503.293, 95
Trd, 4318503.343, 95
Trd, 4318506.543, 98
Trd, 4318506.843, 97
Trd, 4318507.693, 101
Trd, 4318508.743, 100
Trd, 4318509.043, 97
Trd, 4318511.043, 105
Trd, 4318513.293, 102
Trd, 4318513.693, 102
Trd, 4318514.393, 97
Trd, 4318515.043, 96
Trd, 4318516.893, 122
Trd, 4318517.743, 126
Trd, 4318518.093, 89
Trd, 4318520.293, 124
Trd, 4318520.343, 113
Trd, 4318522.893, 100
Trd, 4318523.293, 103
Trd, 4318525.243, 122
Trd, 4318525.943, 114
Trd, 4318526.693, 113
Trd, 4318528.543, 109
Trd, 4318528.643, 104
Trd, 4318530.993, 103
Trd, 4318532.193, 102
Trd, 4318532.543, 107
Trd, 4318533.093, 91
Trd, 4318533.393, 94
Trd, 4318535.593, 123
Trd, 4318537.343, 109
Trd, 4318538.293, 100
Trd, 4318540.743, 92
Trd, 4318542.143, 94
Trd, 4318542.743, 93
Trd, 4318543.943, 105
Trd, 4318544.393, 106
Trd, 4318545.243, 101
Trd, 4318548.293, 102
Trd, 4318549.593, 107
Trd, 4318552.193, 104
Trd, 4318552.443, 106
Trd, 4318553.993, 105
Trd, 4318554.243, 104
Trd, 4318554.293, 108
Trd, 4318556.743, 122
Trd, 4318559.293, 96
Trd, 4318559.593, 101
Trd, 4318561.493, 100
Trd, 4318561.793, 101
Trd, 4318562.393, 89
Trd, 4318563.493, 111
Trd, 4318563.693, 86
Trd, 4318564.993, 122
Trd, 4318566.143, 106
Trd, 4318568.243, 119
Trd, 4318568.493, 102
Trd, 4318568.893, 97
Trd, 4318569.893, 104
Trd, 4318572.393, 94
Trd, 4318574.793, 113
Trd, 4318575.543, 105
Trd, 4318578.693, 99
Trd, 4318578.793, 108
Trd, 4318579.493, 110
Trd, 4318581.793, 104
Trd, 4318582.293, 102
Trd, 4318582.393, 103
Trd, 4318583.293, 98
Trd, 4318584.143, 98
Trd, 4318585.843, 98
Trd, 4318589.293, 91
Trd, 4318589.743, 97
Trd, 4318591.043, 95
Trd, 4318593.743, 85
Trd, 4318595.143, 92
Trd, 4318596.493, 92
Trd, 4318597.793, 91
Trd, 4318599.243, 90
Trd, 4318600.943, 97
Trd, 4318601.543, 97
Trd, 4318602.543, 93
Trd, 4318603.093, 94
Trd, 4318604.243, 95
Trd, 4318605.343, 119
Trd, 4318605.943, 113
Trd, 4318608.493, 96
Trd, 4318609.543, 96
Trd, 4318609.893, 94
Trd, 4318611.243, 112
Trd, 4318611.393, 121
Trd, 4318614.193, 91
Trd, 4318614.493, 90
Trd, 4318614.693, 92
Trd, 4318617.243, 96
Trd, 4318617.443, 107
Trd, 4318618.493, 122
Trd, 4318620.993, 107
Trd, 4318621.393, 119
Trd, 4318622.993, 118
Trd, 4318623.693, 113
Trd, 4318624.993, 97
Trd, 4318625.593, 123
Trd, 4318626.943, 113
Trd, 4318627.993, 122
Trd, 4318628.393, 122
Trd, 4318630.643, 87
Trd, 4318631.193, 99
Trd, 4318631.243, 101
Trd, 4318636.193, 88
Trd, 4318636.693, 90
Trd, 4318636.893, 101
Trd, 4318636.943, 88
Trd, 4318639.193, 94
Trd, 4318639.543, 95
Trd, 4318641.343, 102
Trd, 4318643.043, 100
Trd, 4318644.793, 85
Trd, 4318645.293, 86
Trd, 4318646.543, 105
Trd, 4318649.043, 119
Trd, 4318649.143, 113
Trd, 4318652.193, 100
Trd, 4318653.193, 103
Trd, 4318653.393, 97
Trd, 4318654.643, 104
Trd, 4318655.193, 96
Trd, 4318656.943, 104
Trd, 4318657.243, 96
Trd, 4318659.343, 111
Trd, 4318663.693, 89
Trd, 4318663.943, 98
Trd, 4318664.143, 98
Trd, 4318665.993, 102
Trd, 4318667.593, 110
Trd, 4318669.093, 96
Trd, 4318669.693, 106
Trd, 4318670.693, 114
Trd, 4318673.093, 113
Trd, 4318673.193, 122
Trd, 4318673.993, 125
Trd, 4318674.393, 105
Trd, 4318675.593, 104
Trd, 4318677.593, 113
Trd, 4318679.243, 104
Trd, 4318679.493, 104
Trd, 4318679.893, 105
Trd, 4318681.993, 113
Trd, 4318682.493, 94
Trd, 4318683.543, 119
Trd, 4318683.993, 95
Trd, 4318686.193, 99
Trd, 4318687.443, 102
Trd, 4318688.743, 95
Trd, 4318691.743, 95
Trd, 4318692.843, 91
Trd, 4318692.893, 96
Trd, 4318694.493, 99
Trd, 4318698.043, 91
Trd, 4318698.443, 92
Trd, 4318700.093, 102
Trd, 4318700.293, 105
Trd, 4318700.393, 90
Trd, 4318701.993, 96
Trd, 4318703.293, 102
Trd, 4318703.593, 96
Trd, 4318705.043, 95
Trd, 4318705.493, 96
Trd, 4318706.893, 101
Trd, 4318709.843, 105
Trd, 4318709.993, 105
Trd, 4318711.143, 105
Trd, 4318711.493, 105
Trd, 4318711.543, 104
Trd, 4318711.593, 95
Trd, 4318712.593, 87
Trd, 4318714.343, 95
Trd, 4318714.943, 100
Trd, 4318715.343, 104
Trd, 4318718.093, 113
Trd, 4318718.593, 113
Trd, 4318719.193, 120
Trd, 4318721.943, 95
Trd, 4318723.243, 112
Trd, 4318724.193, 111
Trd, 4318724.943, 90
Trd, 4318725.643, 101
Trd, 4318726.593, 103
Trd, 4318727.043, 103
Trd, 4318729.493, 105
Trd, 4318730.443, 98
Trd, 4318731.093, 98
Trd, 4318731.343, 105
Trd, 4318734.643, 97
Trd, 4318735.393, 86
Trd, 4318737.143, 91
Trd, 4318737.243, 91
Trd, 4318737.343, 95
Trd, 4318737.793, 97
Trd, 4318739.993, 122
Trd, 4318741.293, 113
Trd, 4318741.943, 113
Trd, 4318742.343, 104
Trd, 4318744.793, 91
Trd, 4318745.243, 95
Trd, 4318747.543, 99
Trd, 4318748.343, 96
Trd, 4318748.743, 95
Trd, 4318750.193, 102
Trd, 4318750.543, 114
Trd, 4318751.593, 96
Trd, 4318753.293, 111
Trd, 4318753.843, 120
Trd, 4318754.843, 119
Trd, 4318757.093, 90
Trd, 4318758.443, 94
Trd, 4318761.743, 96
Trd, 4318761.793, 100
Trd, 4318762.793, 98
Trd, 4318764.893, 97
Trd, 4318765.193, 96
Trd, 4318765.843, 97
Trd, 4318767.393, 97
Trd, 4318768.993, 96
Trd, 4318769.143, 99
Trd, 4318770.093, 96
Trd, 4318771.143, 97
Trd, 4318772.043, 97
Trd, 4318776.193, 95
Trd, 4318776.793, 93
Trd, 4318776.893, 96
Trd, 4318778.643, 93
Trd, 4318780.743, 90
Trd, 4318781.543, 86
Trd, 4318782.043, 87
Trd, 4318782.443, 104
Trd, 4318783.393, 107
Trd, 4318785.593, 86
Trd, 4318785.843, 109
Trd, 4318788.443, 98
Trd, 4318789.493, 93
Trd, 4318790.343, 95
Trd, 4318790.493, 95
Trd, 4318792.143, 106
Trd, 4318792.643, 120
Trd, 4318793.243, 96
Trd, 4318795.393, 121
Trd, 4318797.343, 115
Trd, 4318797.743, 113
Trd, 4318798.993, 100
Trd, 4318799.243, 95
Trd, 4318799.343, 115
Trd, 4318801.793, 108
Trd, 4318803.443, 93
Trd, 4318803.993, 94
Trd, 4318805.393, 95
Trd, 4318805.743, 123
Trd, 4318806.943, 107
Trd, 4318807.993, 121
Trd, 4318808.893, 85
Trd, 4318809.393, 86
Trd, 4318811.643, 89
Trd, 4318811.843, 92
Trd, 4318814.443, 95
Trd, 4318814.943, 106
Trd, 4318815.793, 86
Trd, 4318815.943, 95
Trd, 4318817.793, 115
Trd, 4318819.843, 112
Trd, 4318820.043, 115
Trd, 4318821.243, 119
Trd, 4318823.493, 99
Trd, 4318823.543, 97
Trd, 4318824.193, 103
Trd, 4318826.393, 100
Trd, 4318826.593, 97
Trd, 4318828.843, 97
Trd, 4318830.893, 95
Trd, 4318831.243, 97
Trd, 4318831.293, 104
Trd, 4318831.943, 108
Trd, 4318832.343, 96
Trd, 4318832.543, 86
Trd, 4318833.743, 126
Trd, 4318836.743, 84
Trd, 4318837.443, 86
Trd, 4318837.843, 86
Trd, 4318838.093, 87
Trd, 4318838.493, 107
Trd, 4318840.393, 131
Trd, 4318841.993, 98
Trd, 4318843.143, 101
Trd, 4318843.493, 86
Trd, 4318845.043, 85
Trd, 4318845.443, 85
Trd, 4318847.243, 83
Trd, 4318849.043, 86
Trd, 4318849.993, 99
Trd, 4318851.293, 106
Trd, 4318854.043, 106
Trd, 4318854.693, 103
Trd, 4318854.993, 101
Trd, 4318857.593, 102
Trd, 4318858.243, 98
Trd, 4318859.393, 98
Trd, 4318860.143, 97
Trd, 4318860.443, 97
Trd, 4318861.493, 98
Trd, 4318862.343, 102
Trd, 4318862.493, 99
Trd, 4318866.293, 105
Trd, 4318866.343, 107
Trd, 4318868.293, 98
Trd, 4318868.643, 118
Trd, 4318869.543, 95
Trd, 4318869.693, 119
Trd, 4318871.643, 105
Trd, 4318873.143, 106
Trd, 4318875.393, 95
Trd, 4318876.243, 92
Trd, 4318877.193, 93
Trd, 4318877.443, 93
Trd, 4318878.843, 97
Trd, 4318879.343, 111
Trd, 4318881.093, 104
Trd, 4318881.743, 105
Trd, 4318884.043, 91
Trd, 4318884.343, 92
Trd, 4318886.543, 98
Trd, 4318887.293, 103
Trd, 4318887.743, 92
Trd, 4318889.943, 95
Trd, 4318890.543, 101
Trd, 4318891.143, 102
Trd, 4318891.793, 104
Trd, 4318893.643, 89
Trd, 4318896.343, 84
Trd, 4318897.643, 101
Trd, 4318898.093, 86
Trd, 4318898.693, 101
Trd, 4318900.043, 95
Trd, 4318900.093, 92
Trd, 4318900.793, 104
Trd, 4318901.743, 107
Trd, 4318902.843, 104
Trd, 4318904.493, 97
Trd, 4318905.043, 100
Trd, 4318907.193, 113
Trd, 4318907.793, 113
Trd, 4318908.493, 104
Trd, 4318910.693, 103
Trd, 4318911.193, 100
Trd, 4318911.643, 95
Trd, 4318912.643, 101
Trd, 4318913.443, 104
Trd, 4318916.043, 86
Trd, 4318916.343, 87
Trd, 4318917.643, 91
Trd, 4318920.593, 89
Trd, 4318920.693, 95
Trd, 4318921.943, 89
Trd, 4318923.243, 103
Trd, 4318923.843, 104
Trd, 4318925.093, 103
Trd, 4318928.993, 102
Trd, 4318929.243, 103
Trd, 4318929.843, 101
Trd, 4318929.893, 100
Trd, 4318932.493, 106
Trd, 4318932.593, 128
Trd, 4318934.243, 123
Trd, 4318936.043, 123
Trd, 4318936.293, 121
Trd, 4318937.493, 124
Trd, 4318938.593, 117
Trd, 4318939.493, 111
Trd, 4318941.443, 104
Trd, 4318941.643, 119
Trd, 4318941.793, 95
Trd, 4318943.093, 122
Trd, 4318943.393, 121
Trd, 4318945.193, 112
Trd, 4318946.743, 110
Trd, 4318948.293, 107
Trd, 4318948.593, 106
Trd, 4318949.593, 107
Trd, 4318951.143, 96
Trd, 4318952.143, 105
Trd, 4318953.943, 120
Trd, 4318954.543, 107
Trd, 4318956.893, 111
Trd, 4318957.893, 95
Trd, 4318958.193, 97
Trd, 4318958.743, 108
Trd, 4318959.143, 97
Trd, 4318962.593, 95
Trd, 4318963.593, 101
Trd, 4318963.993, 102
Trd, 4318964.393, 96
Trd, 4318964.443, 97
Trd, 4318965.643, 104
Trd, 4318965.693, 95
Trd, 4318966.443, 105
Trd, 4318972.643, 99
Trd, 4318972.993, 100
Trd, 4318973.143, 97
Trd, 4318973.943, 95
Trd, 4318975.743, 100
Trd, 4318976.043, 101
Trd, 4318977.293, 91
Trd, 4318979.543, 102
Trd, 4318980.643, 95
Trd, 4318981.093, 99
Trd, 4318981.693, 102
Trd, 4318981.893, 97
Trd, 4318983.793, 87
Trd, 4318985.893, 95
Trd, 4318986.293, 98
Trd, 4318987.693, 112
Trd, 4318989.193, 92
Trd, 4318989.543, 105
Trd, 4318990.893, 95
Trd, 4318991.243, 92
Trd, 4318993.843, 94
Trd, 4318994.193, 95
Trd, 4318995.493, 105
Trd, 4318996.393, 96
Trd, 4318998.543, 95
Trd, 4318999.293, 95
Trd, 4318999.643, 87
Trd, 4319002.093, 104
Trd, 4319004.643, 113
Trd, 4319005.843, 122
Trd, 4319006.343, 112
Trd, 4319007.593, 131
Trd, 4319010.593, 133
Trd, 4319010.643, 131
Trd, 4319010.993, 122
Trd, 4319011.543, 105
Trd, 4319012.293, 95
Trd, 4319013.443, 119
Trd, 4319014.243, 88
Trd, 4319015.843, 94
Trd, 4319016.243, 95
Trd, 4319017.743, 122
Trd, 4319018.643, 94
Trd, 4319018.943, 113
Trd, 4319020.693, 99
Trd, 4319021.043, 108
Trd, 4319022.643, 100
Trd, 4319022.843, 100
Trd, 4319022.943, 99
Trd, 4319026.393, 96
Trd, 4319027.243, 87
Trd, 4319028.093, 86
Trd, 4319028.493, 85
Trd, 4319028.943, 112
Trd, 4319029.293, 113
Trd, 4319031.043, 123
Trd, 4319031.243, 122
Trd, 4319033.593, 106
Trd, 4319035.343, 95
Trd, 4319035.993, 96
Trd, 4319036.293, 92
Trd, 4319039.093, 102
Trd, 4319040.843, 99
Trd, 4319041.593, 97
Trd, 4319041.893, 97
Trd, 4319042.443, 95
Trd, 4319043.193, 97
Trd, 4319044.493, 104
Trd, 4319045.743, 101
Trd, 4319046.993, 100
Trd, 4319048.343, 97
Trd, 4319048.993, 107
Trd, 4319049.143, 96
Trd, 4319049.443, 99
Trd, 4319050.793, 122
Trd, 4319053.943, 102
Trd, 4319055.093, 100
Trd, 4319057.093, 96
Trd, 4319057.893, 95
Trd, 4319058.843, 93
Trd, 4319058.943, 94
Trd, 4319061.343, 100
Trd, 4319062.493, 114
Trd, 4319062.893, 110
Trd, 4319064.243, 120
Trd, 4319065.293, 122
Trd, 4319068.143, 115
Trd, 4319068.843, 104
Trd, 4319070.893, 107
Trd, 4319071.543, 108
Trd, 4319072.393, 109
Trd, 4319072.443, 100
Trd, 4319073.843, 122
Trd, 4319076.093, 104
Trd, 4319076.343, 97
Trd, 4319076.843, 96
Trd, 4319078.793, 131
Trd, 4319080.743, 122
Trd, 4319081.793, 131
Trd, 4319082.093, 113
Trd, 4319083.393, 105
Trd, 4319084.843, 105
Trd, 4319086.743, 112
Trd, 4319086.943, 104
Trd, 4319089.143, 122
Trd, 4319089.293, 119
Trd, 4319090.493, 111
Trd, 4319092.993, 132
Trd, 4319093.243, 131
Trd, 4319093.843, 103
Trd, 4319094.593, 104
Trd, 4319096.693, 121
Trd, 4319097.743, 123
Trd, 4319098.193, 122
Trd, 4319098.343, 113
Trd, 4319102.043, 99
Trd, 4319102.393, 121
Trd, 4319103.493, 102
Trd, 4319103.893, 97
Trd, 4319104.293, 106
Trd, 4319104.493, 95
Trd, 4319105.093, 111
Trd, 4319107.993, 103
Trd, 4319108.693, 96
Trd, 4319110.743, 94
Trd, 4319111.243, 94
Trd, 4319111.993, 96
Trd, 4319113.193, 90
Trd, 4319113.343, 91
Trd, 4319115.143, 112
Trd, 4319115.943, 104
Trd, 4319116.543, 95
Trd, 4319117.643, 120
Trd, 4319121.043, 82
Trd, 4319121.193, 83
Trd, 4319122.443, 88
Trd, 4319123.493, 99
Trd, 4319125.893, 94
Trd, 4319126.793, 95
Trd, 4319128.393, 96
Trd, 4319128.843, 91
Trd, 4319130.293, 100
Trd, 4319130.393, 106
Trd, 4319132.893, 89
Trd, 4319133.543, 89
Trd, 4319133.943, 89
Trd, 4319134.943, 90
Trd, 4319135.243, 103
Trd, 4319138.243, 92
Trd, 4319138.943, 93
Trd, 4319141.243, 93
Trd, 4319143.643, 88
Trd, 4319143.793, 89
Trd, 4319144.093, 90
Trd, 4319144.593, 90
Trd, 4319145.843, 104
Trd, 4319146.393, 98
Trd, 4319146.443, 97
Trd, 4319147.593, 116
Trd, 4319150.143, 113
Trd, 4319150.893, 113
Trd, 4319151.193, 113
Trd, 4319153.343, 108
Trd, 4319153.593, 111
Trd, 4319153.643, 99
Trd, 4319155.993, 113
Trd, 4319156.543, 120
Trd, 4319156.893, 97
Trd, 4319157.493, 119
Trd, 4319160.943, 94
Trd, 4319161.543, 96
Trd, 4319161.843, 95
Trd, 4319163.243, 107
Trd, 4319165.543, 89
Trd, 4319166.193, 103
Trd, 4319166.293, 105
Trd, 4319167.193, 88
Trd, 4319167.793, 95
Trd, 4319170.393, 93
Trd, 4319170.693, 92
Trd, 4319170.993, 99
Trd, 4319172.093, 104
Trd, 4319173.593, 94
Trd, 4319175.593, 96
Trd, 4319176.093, 98
Trd, 4319176.793, 96
Trd, 4319177.493, 97
Trd, 4319179.293, 98
Trd, 4319179.393, 102
Trd, 4319180.243, 122
Trd, 4319180.293, 96
Trd, 4319183.143, 131
Trd, 4319183.693, 110
Trd, 4319185.843, 113
Trd, 4319187.093, 114
Trd, 4319187.493, 105
Trd, 4319187.643, 117
Trd, 4319187.943, 96
Trd, 4319189.443, 112
Trd, 4319192.293, 91
Trd, 4319192.843, 91
Trd, 4319192.943, 86
Trd, 4319193.093, 98
Trd, 4319196.293, 95
Trd, 4319199.193, 87
Trd, 4319200.043, 88
Trd, 4319200.893, 91
Trd, 4319202.343, 91
Trd, 4319203.243, 96
Trd, 4319203.693, 110
Trd, 4319205.843, 88
Trd, 4319206.193, 88
Trd, 4319206.593, 86
Trd, 4319206.643, 125
Trd, 4319207.993, 107
Trd, 4319210.393, 93
Trd, 4319210.493, 95
Trd, 4319213.643, 92
Trd, 4319214.043, 93
Trd, 4319214.443, 93
Trd, 4319215.293, 95
Trd, 4319215.943, 87
Trd, 4319216.643, 104
Trd, 4319218.293, 103
Trd, 4319220.093, 105
Trd, 4319222.043, 86
Trd, 4319223.343, 93
Trd, 4319225.643, 93
Trd, 4319225.843, 95
Trd, 4319226.243, 92
Trd, 4319227.243, 89
Trd, 4319227.293, 93
Trd, 4319230.543, 105
Trd, 4319231.593, 97
Trd, 4319232.843, 104
Trd, 4319232.943, 96
Trd, 4319234.493, 97
Trd, 4319234.943, 95
Trd, 4319236.543, 94
Trd, 4319237.043, 104
Trd, 4319239.443, 93
Trd, 4319239.843, 95
Trd, 4319240.543, 93
Trd, 4319243.743, 128
Trd, 4319243.993, 113
Trd, 4319245.043, 104
Trd, 4319245.943, 118
Trd, 4319247.593, 118
Trd, 4319248.993, 121
Trd, 4319249.843, 114
Trd, 4319250.593, 113
Trd, 4319251.343, 121
Trd, 4319253.443, 103
Trd, 4319253.943, 112
Trd, 4319254.843, 96
Trd, 4319255.443, 96
Trd, 4319257.493, 103
Trd, 4319258.093, 87
Trd, 4319260.193, 94
Trd, 4319261.643, 96
Trd, 4319262.493, 98
Trd, 4319263.143, 95
Trd, 4319265.693, 106
Trd, 4319266.093, 88
Trd, 4319268.093, 94
Trd, 4319268.443, 96
Trd, 4319268.793, 95
Trd, 4319269.093, 95
Trd, 4319269.893, 99
Trd, 4319271.693, 109
Trd, 4319275.243, 93
Trd, 4319275.693, 84
Trd, 4319275.893, 85
Trd, 4319276.143, 97
Trd, 4319277.593, 97
Trd, 4319279.643, 91
Trd, 4319280.693, 96
Trd, 4319280.793, 104
Trd, 4319282.993, 98
Trd, 4319283.693, 114
Trd, 4319284.493, 96
Trd, 4319285.393, 107
Trd, 4319285.643, 107
Trd, 4319290.543, 93
Trd, 4319290.943, 86
Trd, 4319291.793, 94
Trd, 4319291.993, 88
Trd, 4319293.293, 99
Trd, 4319293.643, 104
Trd, 4319295.243, 94
Trd, 4319296.043, 95
Trd, 4319296.693, 96
Trd, 4319297.993, 105
Trd, 4319299.393, 126
Trd, 4319300.743, 114
Trd, 4319302.593, 113
Trd, 4319303.143, 104
Trd, 4319304.943, 104
Trd, 4319306.943, 123
Trd, 4319306.993, 122
Trd, 4319307.343, 104
Trd, 4319310.093, 113
Trd, 4319311.143, 102
Trd, 4319311.193, 104
Trd, 4319311.443, 109
Trd, 4319314.693, 100
Trd, 4319315.393, 102
Trd, 4319315.443, 105
Trd, 4319317.143, 111
Trd, 4319318.393, 117
Trd, 4319319.743, 108
Trd, 4319321.393, 92
Trd, 4319321.843, 91
Trd, 4319322.143, 127
Trd, 4319325.543, 92
Trd, 4319325.943, 89
Trd, 4319326.743, 95
Trd, 4319326.843, 96
Trd, 4319327.143, 98
Trd, 4319328.643, 105
Trd, 4319329.943, 88
Trd, 4319330.493, 97
Trd, 4319330.543, 123
Trd, 4319335.393, 93
Trd, 4319335.843, 104
Trd, 4319337.393, 101
Trd, 4319337.643, 102
Trd, 4319339.043, 95
Trd, 4319340.643, 97
Trd, 4319340.843, 98
Trd, 4319340.943, 96
Trd, 4319342.743, 106
Trd, 4319344.393, 108
Trd, 4319345.393, 101
Trd, 4319347.393, 95
Trd, 4319348.093, 95
Trd, 4319349.093, 91
Trd, 4319349.643, 90
Trd, 4319350.343, 91
Trd, 4319352.193, 99
Trd, 4319352.293, 113
Trd, 4319354.543, 119
Trd, 4319354.743, 96
Trd, 4319355.293, 96
Trd, 4319356.843, 104
Trd, 4319358.843, 118
Trd, 4319360.293, 88
Trd, 4319363.543, 92
Trd, 4319363.743, 94
Trd, 4319364.293, 91
Trd, 4319365.393, 96
Trd, 4319365.943, 107
Trd, 4319368.043, 95
Trd, 4319369.643, 104
Trd, 4319370.393, 99
Trd, 4319372.893, 113
Trd, 4319373.293, 87
Trd, 4319376.243, 106
Trd, 4319376.293, 108
Trd, 4319377.043, 106
Trd, 4319377.793, 85
Trd, 4319379.593, 85
Trd, 4319379.643, 86
Trd, 4319381.543, 93
Trd, 4319382.593, 94
Trd, 4319382.893, 104
Trd, 4319384.243, 115
Trd, 4319385.143, 94
Trd, 4319385.993, 122
Trd, 4319386.943, 95
Trd, 4319387.493, 87
Trd, 4319392.993, 89
Trd, 4319393.493, 94
Trd, 4319393.793, 97
Trd, 4319395.143, 95
Trd, 4319395.443, 96
Trd, 4319396.293, 96
Trd, 4319396.393, 113
Trd, 4319397.743, 95
Trd, 4319399.243, 114
Trd, 4319400.743, 104
Trd, 4319402.893, 113
Trd, 4319403.343, 115
Trd, 4319403.843, 116
Trd, 4319404.993, 97
Trd, 4319406.593, 122
Trd, 4319408.743, 113
Trd, 4319410.293, 113
Trd, 4319410.443, 116
Trd, 4319411.643, 113
Trd, 4319412.843, 120
Trd, 4319414.493, 100
Trd, 4319415.943, 95
Trd, 4319416.193, 102
Trd, 4319416.943, 96
Trd, 4319419.543, 103
Trd, 4319421.543, 104
Trd, 4319421.993, 122
Trd, 4319422.193, 91
Trd, 4319425.443, 92
Trd, 4319425.643, 93
Trd, 4319427.443, 95
Trd, 4319428.043, 97
Trd, 4319430.593, 89
Trd, 4319432.243, 90
Trd, 4319432.493, 89
Trd, 4319432.793, 121
Trd, 4319434.443, 87
Trd, 4319434.843, 106
Trd, 4319435.443, 107
Trd, 4319437.693, 102
Trd, 4319438.593, 96
Trd, 4319438.893, 98
Trd, 4319439.493, 100
Trd, 4319440.793, 110
Trd, 4319442.893, 105
Trd, 4319443.243, 97
Trd, 4319443.843, 104
Trd, 4319444.993, 98
Trd, 4319445.793, 96
Trd, 4319446.993, 104
Trd, 4319448.193, 122
Trd, 4319450.593, 90
Trd, 4319451.193, 90
Trd, 4319451.543, 91
Trd, 4319453.893, 104
Trd, 4319455.043, 96
Trd, 4319455.293, 101
Trd, 4319455.793, 107
Trd, 4319459.043, 97
Trd, 4319459.293, 92
Trd, 4319461.693, 94
Trd, 4319463.443, 87
Trd, 4319463.693, 88
Trd, 4319464.493, 88
Trd, 4319465.093, 95
Trd, 4319466.243, 104
Trd, 4319467.193, 87
Trd, 4319467.493, 119
Trd, 4319470.293, 103
Trd, 4319471.043, 101
Trd, 4319472.293, 95
Trd, 4319473.093, 95
Trd, 4319474.193, 106
Trd, 4319475.193, 97
Trd, 4319475.393, 96
Trd, 4319476.743, 118
Trd, 4319478.943, 112
Trd, 4319480.693, 103
Trd, 4319481.093, 103
Trd, 4319481.693, 101
Trd, 4319482.843, 104
Trd, 4319484.743, 112
Trd, 4319485.343, 103
Trd, 4319487.193, 87
Trd, 4319489.893, 95
Trd, 4319490.743, 106
Trd, 4319491.193, 102
Trd, 4319491.693, 102
Trd, 4319492.993, 101
Trd, 4319493.743, 102
Trd, 4319494.343, 103
Trd, 4319494.843, 104
Trd, 4319496.193, 97
Trd, 4319497.543, 103
Trd, 4319497.743, 98
Trd, 4319498.193, 125
Trd, 4319499.843, 113
Trd, 4319500.093, 104
Trd, 4319501.793, 87
Trd, 4319504.343, 93
Trd, 4319505.043, 95
Trd, 4319507.643, 96
Trd, 4319507.993, 105
Trd, 4319509.593, 96
Trd, 4319510.393, 96
Trd, 4319510.693, 101
Trd, 4319513.243, 122
Trd, 4319515.843, 104
Trd, 4319515.993, 105
Trd, 4319516.193, 103
Trd, 4319517.093, 123
Trd, 4319517.493, 102
Trd, 4319519.843, 97
Trd, 4319519.893, 106
Trd, 4319520.043, 96
Trd, 4319522.693, 113
Trd, 4319524.793, 109
Trd, 4319525.743, 109
Trd, 4319527.893, 95
Trd, 4319529.593, 88
Trd, 4319529.693, 103
Trd, 4319530.293, 107
Trd, 4319532.243, 93
Trd, 4319533.643, 94
Trd, 4319533.993, 96
Trd, 4319534.793, 96
Trd, 4319536.343, 106
Trd, 4319537.093, 98
Trd, 4319540.343, 98
Trd, 4319541.043, 98
Trd, 4319541.643, 122
Trd, 4319543.893, 100
Trd, 4319544.693, 100
Trd, 4319545.643, 105
Trd, 4319545.843, 106
Trd, 4319546.593, 102
Trd, 4319547.043, 95
Trd, 4319549.843, 98
Trd, 4319551.293, 94
Trd, 4319552.243, 95
Trd, 4319553.293, 110
Trd, 4319554.493, 110
Trd, 4319556.743, 95
Trd, 4319557.243, 95
Trd, 4319557.393, 100
Trd, 4319558.593, 94
Trd, 4319559.693, 94
Trd, 4319559.843, 95
Trd, 4319560.293, 111
Trd, 4319561.993, 114
Trd, 4319562.793, 101
Trd, 4319562.843, 99
Trd, 4319563.443, 103
Trd, 4319565.193, 100
Trd, 4319566.393, 100
Trd, 4319567.893, 99
Trd, 4319568.043, 97
Trd, 4319571.543, 89
Trd, 4319571.793, 95
Trd, 4319574.143, 97
Trd, 4319574.243, 108
Trd, 4319575.043, 113
Trd, 4319576.393, 122
Trd, 4319577.143, 115
Trd, 4319581.393, 118
Trd, 4319581.593, 119
Trd, 4319581.843, 120
Trd, 4319582.893, 113
Trd, 4319586.743, 107
Trd, 4319586.793, 102
Trd, 4319586.893, 109
Trd, 4319587.493, 107
Trd, 4319587.693, 100
Trd, 4319590.493, 129
Trd, 4319591.243, 113
Trd, 4319593.093, 118
Trd, 4319594.743, 104
Trd, 4319595.743, 86
Trd, 4319595.993, 87
Trd, 4319599.093, 99
Trd, 4319600.743, 97
Trd, 4319601.593, 95
Trd, 4319602.743, 102
Trd, 4319604.143, 97
Trd, 4319604.443, 96
Trd, 4319605.093, 102
Trd, 4319607.093, 97
Trd, 4319607.943, 105
Trd, 4319609.393, 104
Trd, 4319610.293, 94
Trd, 4319612.443, 103
Trd, 4319612.493, 97
Trd, 4319613.393, 102
Trd, 4319613.743, 103
Trd, 4319613.843, 98
Trd, 4319614.293, 103
Trd, 4319619.993, 95
Trd, 4319620.793, 95
Trd, 4319621.443, 94
Trd, 4319621.693, 104
Trd, 4319624.293, 119
Trd, 4319624.843, 112
Trd, 4319625.143, 121
Trd, 4319628.543, 95
Trd, 4319629.343, 101
Trd, 4319630.793, 102
Trd, 4319632.493, 93
Trd, 4319633.693, 100
Trd, 4319633.793, 96
Trd, 4319634.593, 103
Trd, 4319637.543, 95
Trd, 4319638.293, 96
Trd, 4319639.143, 95
Trd, 4319640.693, 96
Trd, 4319641.543, 96
Trd, 4319641.793, 96
Trd, 4319642.443, 104
Trd, 4319643.593, 122
Trd, 4319645.243, 89
Trd, 4319646.643, 90
Trd, 4319647.243, 96
Trd, 4319647.893, 103
Trd, 4319647.943, 104
Trd, 4319650.243, 131
Trd, 4319652.693, 93
Trd, 4319653.143, 95
Trd, 4319653.993, 105
Trd, 4319654.943, 94
Trd, 4319655.893, 95
Trd, 4319656.193, 95
Trd, 4319657.093, 97
Trd, 4319657.643, 97
Trd, 4319661.443, 105
Trd, 4319661.793, 106
Trd, 4319663.043, 102
Trd, 4319663.893, 104
Trd, 4319664.543, 95
Trd, 4319665.593, 102
Trd, 4319666.943, 102
Trd, 4319669.293, 88
Trd, 4319669.793, 105
Trd, 4319671.043, 93
Trd, 4319671.843, 110
Trd, 4319673.143, 114
Trd, 4319673.443, 112
Trd, 4319674.893, 117
Trd, 4319676.443, 114
Trd, 4319676.643, 113
Trd, 4319676.793, 115
Trd, 4319679.593, 92
Trd, 4319680.193, 107
Trd, 4319682.293, 113
Trd, 4319683.993, 111
Trd, 4319685.893, 99
Trd, 4319686.443, 103
Trd, 4319686.493, 104
Trd, 4319687.043, 107
Trd, 4319689.593, 102
Trd, 4319691.443, 100
Trd, 4319691.743, 98
Trd, 4319694.143, 93
Trd, 4319694.543, 92
Trd, 4319695.943, 91
Trd, 4319696.393, 96
Trd, 4319698.743, 103
Trd, 4319699.043, 97
Trd, 4319699.793, 103
Trd, 4319700.193, 95
Trd, 4319701.943, 103
Trd, 4319703.743, 103
Trd, 4319704.543, 95
Trd, 4319704.993, 104
Trd, 4319707.443, 100
Trd, 4319708.193, 102
Trd, 4319709.593, 100
Trd, 4319710.043, 95
Trd, 4319710.693, 101
Trd, 4319711.393, 102
Trd, 4319711.893, 96
Trd, 4319712.293, 95
Trd, 4319712.943, 95
Trd, 4319717.493, 100
Trd, 4319717.793, 102
Trd, 4319718.793, 104
Trd, 4319720.643, 98
Trd, 4319721.443, 97
Trd, 4319722.543, 88
Trd, 4319723.643, 87
Trd, 4319724.393, 86
Trd, 4319724.443, 87
Trd, 4319725.543, 95
Trd, 4319725.693, 103
Trd, 4319727.843, 101
Trd, 4319729.543, 99
Trd, 4319730.293, 88
Trd, 4319731.193, 113
Trd, 4319733.843, 98
Trd, 4319733.893, 119
Trd, 4319735.243, 116
Trd, 4319736.393, 99
Trd, 4319738.093, 109
Trd, 4319738.793, 92
Trd, 4319739.493, 120
Trd, 4319741.243, 98
Trd, 4319742.293, 99
Trd, 4319742.793, 96
Trd, 4319743.493, 103
Trd, 4319744.143, 107
Trd, 4319746.043, 105
Trd, 4319750.393, 91
Trd, 4319751.043, 95
Trd, 4319751.593, 107
Trd, 4319751.643, 113
Trd, 4319753.043, 93
Trd, 4319754.093, 97
Trd, 4319755.693, 104
Trd, 4319757.293, 98
Trd, 4319758.243, 99
Trd, 4319758.643, 99
Trd, 4319759.743, 100
Trd, 4319760.443, 100
Trd, 4319761.443, 101
Trd, 4319762.193, 97
Trd, 4319765.093, 96
Trd, 4319766.143, 98
Trd, 4319766.393, 100
Trd, 4319766.793, 95
Trd, 4319767.143, 120
Trd, 4319768.643, 96
Trd, 4319770.243, 113
Trd, 4319771.343, 103
Trd, 4319772.543, 116
Trd, 4319773.843, 113
Trd, 4319774.843, 93
Trd, 4319775.343, 93
Trd, 4319776.043, 93
Trd, 4319776.993, 85
Trd, 4319779.793, 119
Trd, 4319780.443, 96
Trd, 4319780.993, 97
Trd, 4319781.393, 118
Trd, 4319782.243, 88
Trd, 4319782.693, 87
Trd, 4319783.043, 89
Trd, 4319785.043, 107
Trd, 4319785.693, 94
Trd, 4319786.293, 95
Trd, 4319787.443, 85
Trd, 4319789.343, 84
Trd, 4319791.143, 87
Trd, 4319791.593, 88
Trd, 4319792.043, 100
Trd, 4319793.243, 99
Trd, 4319793.543, 91
Trd, 4319793.693, 98
Trd, 4319795.193, 131
Trd, 4319795.343, 104
Trd, 4319797.243, 122
Trd, 4319799.393, 113
Trd, 4319800.793, 98
Trd, 4319803.993, 108
Trd, 4319805.593, 94
Trd, 4319805.793, 95
Trd, 4319806.493, 94
Trd, 4319807.193, 93
Trd, 4319807.943, 86
Trd, 4319808.193, 98
Trd, 4319809.193, 100
Trd, 4319811.843, 105
Trd, 4319812.993, 93
Trd, 4319813.243, 89
Trd, 4319813.643, 94
Trd, 4319815.743, 96
Trd, 4319818.043, 101
Trd, 4319818.993, 100
Trd, 4319819.093, 101
Trd, 4319819.293, 104
Trd, 4319819.993, 99
Trd, 4319821.943, 99
Trd, 4319823.993, 93
Trd, 4319824.693, 92
Trd, 4319826.493, 95
Trd, 4319827.543, 96
Trd, 4319827.593, 95
Trd, 4319827.693, 97
Trd, 4319827.793, 105
Trd, 4319831.593, 87
Trd, 4319832.193, 86
Trd, 4319833.043, 89
Trd, 4319834.293, 94
Trd, 4319834.393, 96
Trd, 4319836.493, 99
Trd, 4319837.493, 94
Trd, 4319839.943, 96
Trd, 4319840.193, 109
Trd, 4319841.343, 113
Trd, 4319841.943, 96
Trd, 4319842.343, 111
Trd, 4319844.243, 94
Trd, 4319845.093, 94
Trd, 4319845.543, 95
Trd, 4319847.543, 93
Trd, 4319848.493, 95
Trd, 4319849.343, 102
Trd, 4319850.443, 95
Trd, 4319851.293, 95
Trd, 4319852.593, 95
Trd, 4319854.343, 86
Trd, 4319854.393, 95
Trd, 4319856.693, 97
Trd, 4319857.693, 98
Trd, 4319859.693, 95
Trd, 4319860.793, 111
Trd, 4319860.893, 113
Trd, 4319861.793, 94
Trd, 4319864.643, 96
Trd, 4319865.243, 92
Trd, 4319865.493, 91
Trd, 4319865.843, 94
Trd, 4319866.543, 121
Trd, 4319868.893, 90
Trd, 4319871.493, 113
Trd, 4319872.343, 93
Trd, 4319872.993, 93
Trd, 4319873.293, 95
Trd, 4319873.593, 102
Trd, 4319876.243, 101
Trd, 4319877.193, 95
Trd, 4319878.343, 98
Trd, 4319881.243, 100
Trd, 4319881.443, 86
Trd, 4319881.593, 102
Trd, 4319882.593, 110
Trd, 4319883.243, 96
Trd, 4319884.493, 95
Trd, 4319887.093, 96
Trd, 4319887.143, 89
Trd, 4319887.843, 96
Trd, 4319888.543, 112
Trd, 4319890.193, 106
Trd, 4319890.643, 98
Trd, 4319893.393, 94
Trd, 4319894.043, 95
Trd, 4319894.943, 100
Trd, 4319895.743, 98
Trd, 4319895.843, 95
Trd, 4319896.993, 105
Trd, 4319897.793, 96
Trd, 4319901.293, 112
Trd, 4319902.043, 97
Trd, 4319902.543, 106
Trd, 4319903.693, 96
Trd, 4319904.243, 97
Trd, 4319906.143, 88
Trd, 4319906.593, 97
Trd, 4319908.243, 95
Trd, 4319909.143, 94
Trd, 4319911.343, 93
Trd, 4319911.993, 93
Trd, 4319912.443, 92
Trd, 4319912.543, 101
Trd, 4319913.943, 95
Trd, 4319914.443, 107
Trd, 4319916.893, 86
Trd, 4319917.743, 89
Trd, 4319919.743, 89
Trd, 4319921.893, 101
Trd, 4319922.193, 97
Trd, 4319922.593, 101
Trd, 4319924.543, 98
Trd, 4319925.343, 99
Trd, 4319925.993, 105
Trd, 4319927.093, 106
Trd, 4319928.193, 97
Trd, 4319929.493, 98
Trd, 4319931.193, 98
Trd, 4319931.293, 123
Trd, 4319932.993, 98
Trd, 4319933.293, 104
Trd, 4319934.943, 99
Trd, 4319935.843, 107
Trd, 4319938.493, 101
Trd, 4319940.243, 93
Trd, 4319940.993, 93
Trd, 4319942.743, 91
Trd, 4319942.793, 93
Trd, 4319943.343, 94
Trd, 4319944.143, 104
Trd, 4319946.643, 122
Trd, 4319946.793, 104
Trd, 4319947.743, 112
Trd, 4319948.393, 113
Trd, 4319950.493, 102
Trd, 4319951.943, 94
Trd, 4319952.493, 94
Trd, 4319953.843, 94
Trd, 4319953.993, 93
Trd, 4319955.043, 92
Trd, 4319958.193, 96
Trd, 4319958.393, 93
Trd, 4319960.193, 90
Trd, 4319960.393, 92
Trd, 4319961.643, 92
Trd, 4319963.293, 93
Trd, 4319963.943, 95
Trd, 4319964.143, 89
Trd, 4319965.343, 91
Trd, 4319966.043, 96
Trd, 4319966.293, 122
Trd, 4319966.593, 113
Trd, 4319970.493, 98
Trd, 4319971.293, 97
Trd, 4319973.943, 87
Trd, 4319974.243, 87
Trd, 4319974.443, 88
Trd, 4319975.593, 93
Trd, 4319976.443, 88
Trd, 4319976.843, 95
Trd, 4319977.293, 97
Trd, 4319980.693, 91
Trd, 4319981.943, 105
Trd, 4319984.143, 94
Trd, 4319984.543, 95
Trd, 4319985.293, 95
Trd, 4319986.593, 94
Trd, 4319988.143, 98
Trd, 4319988.793, 96
Trd, 4319989.043, 91
Trd, 4319991.093, 108
Trd, 4319993.243, 89
Trd, 4319993.343, 104
Trd, 4319997.193, 102
Trd, 4319997.493, 95
Trd, 4319999.293, 97
