Trd, 4317870.193, 96
Trd, 4317870.893, 96
Trd, 4317871.343, 97
Trd, 4317871.843, 97
Trd, 4317872.993, 77
Trd, 4317874.843, 81
Trd, 4317874.893, 115
Trd, 4317877.043, 88
Trd, 4317880.143, 95
Trd, 4317881.243, 112
Trd, 4317886.043, 108
Trd, 4317886.443, 108
Trd, 4317887.243, 104
Trd, 4317887.943, 79
Trd, 4317889.443, 84
Trd, 4317889.743, 83
Trd, 4317891.543, 85
Trd, 4317892.343, 89
Trd, 4317895.343, 101
Trd, 4317896.543, 100
Trd, 4317897.643, 86
Trd, 4317897.893, 84
Trd, 4317901.043, 88
Trd, 4317902.743, 91
Trd, 4317904.543, 82
Trd, 4317905.293, 86
Trd, 4317908.243, 92
Trd, 4317909.293, 95
Trd, 4317911.193, 96
Trd, 4317912.843, 94
Trd, 4317913.293, 95
Trd, 4317914.593, 97
Trd, 4317915.543, 99
Trd, 4317915.743, 104
Trd, 4317916.393, 100
Trd, 4317916.843, 99
Trd, 4317921.143, 107
Trd, 4317921.493, 112
Trd, 4317923.093, 107
Trd, 4317924.043, 107
Trd, 4317924.443, 108
Trd, 4317924.843, 108
Trd, 4317925.493, 105
Trd, 4317926.293, 104
Trd, 4317927.843, 87
Trd, 4317931.043, 91
Trd, 4317933.193, 95
Trd, 4317933.293, 94
Trd, 4317934.093, 95
Trd, 4317935.243, 99
Trd, 4317935.443, 101
Trd, 4317936.943, 99
Trd, 4317938.193, 99
Trd, 4317939.343, 100
Trd, 4317941.393, 88
Trd, 4317942.843, 92
Trd, 4317944.643, 98
Trd, 4317945.643, 98
Trd, 4317946.893, 100
Trd, 4317947.093, 98
Trd, 4317950.093, 102
Trd, 4317950.193, 102
Trd, 4317950.693, 112
Trd, 4317951.393, 111
Trd, 4317953.043, 109
Trd, 4317953.393, 110
Trd, 4317954.093, 96
Trd, 4317957.093, 103
Trd, 4317958.993, 104
Trd, 4317960.093, 105
Trd, 4317960.543, 104
Trd, 4317961.493, 77
Trd, 4317964.043, 83
Trd, 4317965.693, 90
Trd, 4317966.393, 91
Trd, 4317966.993, 95
Trd, 4317969.093, 99
Trd, 4317969.393, 95
Trd, 4317970.593, 99
Trd, 4317971.443, 83
Trd, 4317974.643, 93
Trd, 4317976.093, 94
Trd, 4317976.193, 93
Trd, 4317977.393, 95
Trd, 4317980.193, 97
Trd, 4317980.643, 94
Trd, 4317980.893, 92
Trd, 4317981.843, 95
Trd, 4317984.893, 90
Trd, 4317987.543, 100
Trd, 4317987.693, 98
Trd, 4317987.993, 102
Trd, 4317988.193, 100
Trd, 4317990.193, 99
Trd, 4317990.843, 96
Trd, 4317991.793, 98
Trd, 4317991.893, 104
Trd, 4317994.293, 106
Trd, 4317995.993, 110
Trd, 4317997.043, 110
Trd, 4317997.293, 109
Trd, 4317998.093, 108
Trd, 4317999.393, 104
Trd, 4317999.793, 96
Trd, 4318003.743, 88
Trd, 4318007.243, 96
Trd, 4318008.393, 100
Trd, 4318008.743, 99
Trd, 4318009.443, 99
Trd, 4318011.443, 99
Trd, 4318011.743, 104
Trd, 4318012.193, 120
Trd, 4318014.593, 101
Trd, 4318015.243, 104
Trd, 4318017.543, 107
Trd, 4318018.093, 106
Trd, 4318020.243, 98
Trd, 4318021.693, 97
Trd, 4318022.293, 96
Trd, 4318023.493, 95
Trd, 4318025.943, 88
Trd, 4318028.093, 90
Trd, 4318028.543, 95
Trd, 4318031.093, 84
Trd, 4318032.143, 86
Trd, 4318035.043, 98
Trd, 4318036.343, 95
Trd, 4318036.743, 95
Trd, 4318037.443, 95
Trd, 4318037.943, 78
Trd, 4318039.143, 87
Trd, 4318039.193, 81
Trd, 4318043.643, 85
Trd, 4318043.943, 85
Trd, 4318046.693, 95
Trd, 4318047.543, 91
Trd, 4318047.643, 90
Trd, 4318049.943, 96
Trd, 4318051.843, 95
Trd, 4318053.543, 101
Trd, 4318057.693, 89
Trd, 4318058.693, 95
Trd, 4318059.493, 95
Trd, 4318059.543, 94
Trd, 4318060.543, 95
Trd, 4318061.343, 77
Trd, 4318061.543, 96
Trd, 4318062.843, 96
Trd, 4318065.893, 84
Trd, 4318066.193, 78
Trd, 4318068.993, 89
Trd, 4318069.343, 90
Trd, 4318069.943, 92
Trd, 4318071.593, 91
Trd, 4318071.993, 93
Trd, 4318074.593, 89
Trd, 4318074.643, 91
Trd, 4318075.043, 88
Trd, 4318077.593, 89
Trd, 4318077.793, 89
Trd, 4318081.043, 86
Trd, 4318082.043, 89
Trd, 4318082.643, 91
Trd, 4318083.443, 80
Trd, 4318084.793, 89
Trd, 4318088.393, 96
Trd, 4318089.643, 95
Trd, 4318089.943, 96
Trd, 4318092.893, 88
Trd, 4318093.493, 104
Trd, 4318094.093, 91
Trd, 4318096.093, 95
Trd, 4318097.443, 97
Trd, 4318098.243, 98
Trd, 4318098.393, 99
Trd, 4318098.843, 100
Trd, 4318100.443, 104
Trd, 4318101.343, 99
Trd, 4318103.993, 106
Trd, 4318105.293, 105
Trd, 4318105.593, 105
Trd, 4318105.993, 105
Trd, 4318106.843, 104
Trd, 4318108.593, 97
Trd, 4318109.943, 117
Trd, 4318112.093, 80
Trd, 4318113.943, 85
Trd, 4318116.693, 88
Trd, 4318117.543, 90
Trd, 4318118.743, 90
Trd, 4318119.243, 91
Trd, 4318120.893, 80
Trd, 4318123.143, 87
Trd, 4318123.693, 88
Trd, 4318124.993, 88
Trd, 4318125.343, 88
Trd, 4318125.593, 87
Trd, 4318128.043, 88
Trd, 4318131.343, 85
Trd, 4318131.543, 85
Trd, 4318132.843, 86
Trd, 4318135.293, 91
Trd, 4318135.593, 92
Trd, 4318136.543, 94
Trd, 4318139.743, 86
Trd, 4318139.793, 93
Trd, 4318140.993, 95
Trd, 4318141.543, 112
Trd, 4318143.293, 99
Trd, 4318144.993, 103
Trd, 4318147.293, 104
Trd, 4318147.543, 105
Trd, 4318148.443, 105
Trd, 4318149.493, 93
Trd, 4318152.943, 88
Trd, 4318153.143, 87
Trd, 4318153.493, 95
Trd, 4318156.543, 92
Trd, 4318157.643, 94
Trd, 4318158.043, 95
Trd, 4318158.243, 100
Trd, 4318159.043, 96
Trd, 4318161.343, 112
Trd, 4318162.193, 101
Trd, 4318163.543, 101
Trd, 4318163.843, 101
Trd, 4318164.643, 76
Trd, 4318167.443, 88
Trd, 4318169.643, 103
Trd, 4318171.043, 99
Trd, 4318171.743, 99
Trd, 4318173.443, 102
Trd, 4318175.393, 104
Trd, 4318176.343, 105
Trd, 4318177.443, 106
Trd, 4318179.293, 98
Trd, 4318181.043, 102
Trd, 4318181.443, 101
Trd, 4318184.843, 91
Trd, 4318186.243, 89
Trd, 4318186.393, 88
Trd, 4318186.693, 90
Trd, 4318187.493, 95
Trd, 4318189.193, 77
Trd, 4318190.293, 103
Trd, 4318191.693, 77
Trd, 4318194.743, 94
Trd, 4318195.593, 97
Trd, 4318196.593, 97
Trd, 4318197.843, 95
Trd, 4318200.043, 82
Trd, 4318200.143, 104
Trd, 4318201.343, 86
Trd, 4318201.743, 88
Trd, 4318202.543, 89
Trd, 4318203.143, 87
Trd, 4318203.343, 111
Trd, 4318207.543, 91
Trd, 4318208.593, 96
Trd, 4318210.593, 101
Trd, 4318211.193, 100
Trd, 4318212.293, 100
Trd, 4318212.443, 104
Trd, 4318214.593, 104
Trd, 4318215.593, 104
Trd, 4318215.843, 104
Trd, 4318216.093, 95
Trd, 4318219.443, 85
Trd, 4318220.543, 91
Trd, 4318221.293, 92
Trd, 4318223.443, 100
Trd, 4318223.993, 101
Trd, 4318224.943, 100
Trd, 4318225.643, 101
Trd, 4318225.843, 100
Trd, 4318229.793, 88
Trd, 4318230.543, 88
Trd, 4318230.743, 90
Trd, 4318231.493, 95
Trd, 4318233.593, 97
Trd, 4318234.093, 97
Trd, 4318234.243, 96
Trd, 4318235.993, 97
Trd, 4318236.843, 97
Trd, 4318238.543, 122
Trd, 4318239.793, 97
Trd, 4318240.693, 97
Trd, 4318244.343, 105
Trd, 4318245.043, 107
Trd, 4318245.493, 105
Trd, 4318246.093, 105
Trd, 4318247.743, 87
Trd, 4318249.143, 82
Trd, 4318252.243, 87
Trd, 4318255.143, 86
Trd, 4318256.693, 92
Trd, 4318257.143, 94
Trd, 4318257.343, 95
Trd, 4318257.643, 93
Trd, 4318258.393, 104
Trd, 4318259.643, 95
Trd, 4318261.693, 102
Trd, 4318261.843, 102
Trd, 4318262.193, 102
Trd, 4318263.693, 104
Trd, 4318263.993, 104
Trd, 4318265.893, 104
Trd, 4318265.993, 111
Trd, 4318268.543, 105
Trd, 4318269.793, 103
Trd, 4318271.243, 104
Trd, 4318272.093, 105
Trd, 4318272.893, 104
Trd, 4318274.893, 101
Trd, 4318275.243, 102
Trd, 4318275.543, 101
Trd, 4318277.293, 92
Trd, 4318278.893, 87
Trd, 4318280.693, 94
Trd, 4318281.393, 97
Trd, 4318282.643, 102
Trd, 4318283.593, 103
Trd, 4318284.793, 104
Trd, 4318284.993, 103
Trd, 4318286.543, 97
Trd, 4318288.143, 100
Trd, 4318288.243, 100
Trd, 4318289.693, 104
Trd, 4318290.243, 104
Trd, 4318291.343, 104
Trd, 4318294.193, 106
Trd, 4318294.293, 119
Trd, 4318297.043, 110
Trd, 4318297.243, 109
Trd, 4318297.593, 109
Trd, 4318300.893, 111
Trd, 4318302.093, 99
Trd, 4318302.543, 98
Trd, 4318303.393, 102
Trd, 4318306.593, 76
Trd, 4318309.493, 83
Trd, 4318309.943, 83
Trd, 4318310.393, 86
Trd, 4318312.243, 84
Trd, 4318314.043, 101
Trd, 4318316.843, 102
Trd, 4318317.543, 103
Trd, 4318319.343, 103
Trd, 4318319.893, 102
Trd, 4318321.843, 86
Trd, 4318323.843, 97
Trd, 4318324.143, 98
Trd, 4318325.843, 101
Trd, 4318326.093, 97
Trd, 4318326.843, 96
Trd, 4318329.493, 100
Trd, 4318329.593, 101
Trd, 4318330.993, 82
Trd, 4318331.393, 84
Trd, 4318334.293, 84
Trd, 4318336.343, 85
Trd, 4318336.793, 86
Trd, 4318337.893, 89
Trd, 4318338.343, 104
Trd, 4318338.943, 90
Trd, 4318341.243, 79
Trd, 4318342.093, 109
Trd, 4318346.143, 93
Trd, 4318346.893, 94
Trd, 4318347.993, 94
Trd, 4318348.143, 92
Trd, 4318348.343, 96
Trd, 4318350.043, 83
Trd, 4318350.993, 85
Trd, 4318351.843, 87
Trd, 4318356.193, 93
Trd, 4318357.043, 94
Trd, 4318357.693, 93
Trd, 4318358.243, 88
Trd, 4318360.193, 102
Trd, 4318361.393, 83
Trd, 4318361.843, 86
Trd, 4318363.443, 90
Trd, 4318363.643, 92
Trd, 4318364.543, 88
Trd, 4318366.943, 83
Trd, 4318367.693, 84
Trd, 4318369.993, 84
Trd, 4318371.093, 90
Trd, 4318372.843, 107
Trd, 4318373.393, 96
Trd, 4318375.193, 103
Trd, 4318377.443, 107
Trd, 4318378.093, 105
Trd, 4318378.593, 111
Trd, 4318379.843, 105
Trd, 4318383.043, 86
Trd, 4318383.793, 97
Trd, 4318385.143, 90
Trd, 4318386.543, 91
Trd, 4318387.143, 99
Trd, 4318389.693, 99
Trd, 4318389.943, 98
Trd, 4318390.893, 98
Trd, 4318391.143, 99
Trd, 4318393.793, 104
Trd, 4318394.393, 105
Trd, 4318394.743, 104
Trd, 4318396.143, 108
Trd, 4318398.993, 103
Trd, 4318402.143, 113
Trd, 4318402.443, 113
Trd, 4318404.043, 112
Trd, 4318404.693, 104
Trd, 4318405.443, 97
Trd, 4318406.493, 96
Trd, 4318409.093, 101
Trd, 4318411.343, 91
Trd, 4318413.093, 101
Trd, 4318413.793, 96
Trd, 4318414.793, 97
Trd, 4318416.393, 112
Trd, 4318417.543, 97
Trd, 4318419.793, 101
Trd, 4318420.343, 103
Trd, 4318420.593, 104
Trd, 4318421.343, 96
Trd, 4318423.393, 99
Trd, 4318425.043, 99
Trd, 4318425.543, 100
Trd, 4318426.693, 97
Trd, 4318426.993, 97
Trd, 4318429.393, 101
Trd, 4318430.943, 101
Trd, 4318431.693, 100
Trd, 4318433.843, 98
Trd, 4318434.843, 86
Trd, 4318436.343, 90
Trd, 4318436.943, 101
Trd, 4318437.993, 94
Trd, 4318438.943, 96
Trd, 4318440.593, 99
Trd, 4318441.443, 103
Trd, 4318444.493, 99
Trd, 4318445.243, 86
Trd, 4318446.543, 86
Trd, 4318446.943, 85
Trd, 4318448.893, 86
Trd, 4318449.493, 95
Trd, 4318450.543, 95
Trd, 4318452.493, 96
Trd, 4318453.693, 96
Trd, 4318454.643, 96
Trd, 4318454.893, 96
Trd, 4318457.343, 84
Trd, 4318457.393, 93
Trd, 4318461.043, 96
Trd, 4318461.093, 95
Trd, 4318463.043, 97
Trd, 4318464.993, 93
Trd, 4318465.443, 93
Trd, 4318466.193, 93
Trd, 4318466.243, 94
Trd, 4318470.793, 87
Trd, 4318471.243, 88
Trd, 4318472.843, 91
Trd, 4318473.393, 92
Trd, 4318473.843, 104
Trd, 4318475.893, 95
Trd, 4318476.293, 96
Trd, 4318477.493, 95
Trd, 4318480.193, 106
Trd, 4318481.793, 101
Trd, 4318482.093, 102
Trd, 4318483.393, 99
Trd, 4318483.693, 95
Trd, 4318483.843, 99
Trd, 4318486.843, 86
Trd, 4318488.793, 101
Trd, 4318489.243, 89
Trd, 4318490.443, 91
Trd, 4318493.543, 106
Trd, 4318493.793, 106
Trd, 4318493.993, 106
Trd, 4318494.793, 106
Trd, 4318495.043, 104
Trd, 4318496.743, 79
Trd, 4318500.093, 87
Trd, 4318500.343, 88
Trd, 4318504.743, 104
Trd, 4318505.693, 106
Trd, 4318506.043, 104
Trd, 4318506.543, 95
Trd, 4318507.743, 77
Trd, 4318508.243, 106
Trd, 4318512.143, 85
Trd, 4318513.593, 88
Trd, 4318513.693, 89
Trd, 4318515.493, 88
Trd, 4318517.893, 91
Trd, 4318518.843, 93
Trd, 4318520.443, 104
Trd, 4318521.843, 106
Trd, 4318522.543, 108
Trd, 4318522.943, 106
Trd, 4318524.843, 110
Trd, 4318525.643, 106
Trd, 4318526.043, 108
Trd, 4318526.893, 107
Trd, 4318527.243, 108
Trd, 4318529.893, 104
Trd, 4318533.493, 98
Trd, 4318533.893, 98
Trd, 4318534.143, 97
Trd, 4318536.643, 104
Trd, 4318538.093, 103
Trd, 4318539.143, 86
Trd, 4318540.993, 84
Trd, 4318542.993, 88
Trd, 4318543.993, 90
Trd, 4318544.543, 92
Trd, 4318545.643, 93
Trd, 4318547.343, 95
Trd, 4318548.093, 104
Trd, 4318549.543, 103
Trd, 4318552.243, 105
Trd, 4318553.043, 95
Trd, 4318553.543, 92
Trd, 4318555.643, 95
Trd, 4318556.243, 90
Trd, 4318558.843, 97
Trd, 4318559.693, 106
Trd, 4318559.893, 97
Trd, 4318562.643, 97
Trd, 4318565.943, 101
Trd, 4318566.793, 101
Trd, 4318568.343, 103
Trd, 4318568.793, 102
Trd, 4318571.343, 101
Trd, 4318572.443, 105
Trd, 4318573.393, 106
Trd, 4318573.793, 105
Trd, 4318575.893, 115
Trd, 4318577.093, 85
Trd, 4318577.993, 83
Trd, 4318579.793, 86
Trd, 4318582.043, 93
Trd, 4318582.843, 97
Trd, 4318583.543, 98
Trd, 4318583.843, 98
Trd, 4318586.193, 97
Trd, 4318589.443, 95
Trd, 4318589.893, 95
Trd, 4318590.393, 97
Trd, 4318590.543, 95
Trd, 4318592.143, 122
Trd, 4318594.443, 85
Trd, 4318596.093, 114
Trd, 4318598.243, 101
Trd, 4318599.643, 103
Trd, 4318600.043, 104
Trd, 4318601.543, 97
Trd, 4318601.893, 96
Trd, 4318603.993, 97
Trd, 4318605.293, 84
Trd, 4318606.493, 87
Trd, 4318609.593, 96
Trd, 4318611.093, 90
Trd, 4318612.043, 91
Trd, 4318613.393, 94
Trd, 4318614.693, 95
Trd, 4318615.493, 105
Trd, 4318619.143, 97
Trd, 4318619.193, 96
Trd, 4318620.093, 98
Trd, 4318621.343, 100
Trd, 4318622.293, 95
Trd, 4318622.793, 96
Trd, 4318625.393, 94
Trd, 4318625.893, 93
Trd, 4318628.493, 101
Trd, 4318629.743, 101
Trd, 4318631.593, 103
Trd, 4318633.093, 102
Trd, 4318633.343, 102
Trd, 4318633.993, 103
Trd, 4318635.293, 99
Trd, 4318635.643, 112
Trd, 4318635.993, 100
Trd, 4318637.443, 96
Trd, 4318640.043, 103
Trd, 4318640.843, 103
Trd, 4318640.993, 109
Trd, 4318642.643, 106
Trd, 4318644.393, 103
Trd, 4318644.443, 100
Trd, 4318647.943, 85
Trd, 4318648.293, 87
Trd, 4318648.493, 86
Trd, 4318650.293, 90
Trd, 4318650.993, 89
Trd, 4318651.943, 113
Trd, 4318655.993, 93
Trd, 4318656.343, 109
Trd, 4318658.193, 100
Trd, 4318658.893, 104
Trd, 4318659.643, 104
Trd, 4318660.043, 105
Trd, 4318660.293, 101
Trd, 4318660.743, 96
Trd, 4318663.543, 114
Trd, 4318667.793, 102
Trd, 4318667.943, 96
Trd, 4318668.493, 95
Trd, 4318669.393, 99
Trd, 4318669.893, 100
Trd, 4318672.693, 104
Trd, 4318675.293, 108
Trd, 4318675.393, 109
Trd, 4318675.593, 104
Trd, 4318678.593, 88
Trd, 4318680.143, 90
Trd, 4318680.793, 103
Trd, 4318682.143, 100
Trd, 4318682.743, 101
Trd, 4318683.093, 101
Trd, 4318683.143, 95
Trd, 4318685.843, 99
Trd, 4318689.293, 94
Trd, 4318689.593, 93
Trd, 4318690.693, 96
Trd, 4318690.793, 97
Trd, 4318691.293, 94
Trd, 4318692.793, 79
Trd, 4318694.343, 101
Trd, 4318697.693, 93
Trd, 4318697.993, 94
Trd, 4318698.343, 95
Trd, 4318699.893, 101
Trd, 4318701.243, 107
Trd, 4318702.393, 106
Trd, 4318702.693, 105
Trd, 4318703.143, 106
Trd, 4318705.193, 95
Trd, 4318707.143, 94
Trd, 4318707.643, 90
Trd, 4318707.993, 122
Trd, 4318711.043, 84
Trd, 4318711.693, 85
Trd, 4318712.793, 86
Trd, 4318713.243, 99
Trd, 4318716.243, 88
Trd, 4318717.493, 89
Trd, 4318718.443, 93
Trd, 4318720.043, 94
Trd, 4318720.543, 113
Trd, 4318724.543, 108
Trd, 4318725.093, 107
Trd, 4318726.643, 79
Trd, 4318727.193, 87
Trd, 4318728.393, 82
Trd, 4318731.143, 84
Trd, 4318732.643, 87
Trd, 4318733.443, 87
Trd, 4318735.243, 93
Trd, 4318736.193, 94
Trd, 4318736.543, 95
Trd, 4318740.293, 101
Trd, 4318741.243, 105
Trd, 4318741.843, 99
Trd, 4318743.043, 104
Trd, 4318743.143, 97
Trd, 4318744.593, 100
Trd, 4318745.243, 99
Trd, 4318746.093, 97
Trd, 4318747.693, 82
Trd, 4318751.543, 85
Trd, 4318751.893, 86
Trd, 4318754.243, 89
Trd, 4318755.393, 92
Trd, 4318757.143, 99
Trd, 4318758.043, 96
Trd, 4318758.343, 95
Trd, 4318761.343, 82
Trd, 4318762.443, 87
Trd, 4318763.393, 104
Trd, 4318764.293, 94
Trd, 4318765.793, 98
Trd, 4318768.393, 99
Trd, 4318768.743, 101
Trd, 4318769.743, 103
Trd, 4318769.793, 102
Trd, 4318771.743, 78
Trd, 4318773.343, 85
Trd, 4318775.543, 90
Trd, 4318776.893, 92
Trd, 4318777.893, 94
Trd, 4318778.093, 95
Trd, 4318779.543, 102
Trd, 4318779.743, 102
Trd, 4318780.593, 80
Trd, 4318781.593, 87
Trd, 4318783.393, 112
Trd, 4318785.643, 84
Trd, 4318786.043, 83
Trd, 4318789.393, 86
Trd, 4318789.693, 86
Trd, 4318791.343, 90
Trd, 4318793.143, 92
Trd, 4318795.943, 85
Trd, 4318796.393, 85
Trd, 4318797.093, 86
Trd, 4318797.493, 87
Trd, 4318800.093, 94
Trd, 4318800.543, 95
Trd, 4318800.893, 104
Trd, 4318801.043, 97
Trd, 4318801.443, 95
Trd, 4318804.643, 110
Trd, 4318805.193, 104
Trd, 4318807.693, 111
Trd, 4318810.143, 108
Trd, 4318810.443, 107
Trd, 4318810.593, 108
Trd, 4318811.943, 107
Trd, 4318812.043, 104
Trd, 4318814.643, 104
Trd, 4318814.893, 102
Trd, 4318816.593, 102
Trd, 4318817.193, 112
Trd, 4318820.093, 107
Trd, 4318820.293, 79
Trd, 4318824.393, 86
Trd, 4318824.693, 86
Trd, 4318825.643, 93
Trd, 4318827.593, 95
Trd, 4318827.843, 95
Trd, 4318828.943, 99
Trd, 4318829.593, 98
Trd, 4318833.843, 91
Trd, 4318834.043, 92
Trd, 4318834.343, 93
Trd, 4318834.643, 93
Trd, 4318837.093, 109
Trd, 4318838.793, 106
Trd, 4318839.093, 105
Trd, 4318840.443, 106
Trd, 4318840.643, 104
Trd, 4318841.343, 112
Trd, 4318842.693, 78
Trd, 4318846.043, 112
Trd, 4318846.793, 92
Trd, 4318847.843, 93
Trd, 4318848.793, 95
Trd, 4318849.593, 97
Trd, 4318850.543, 98
Trd, 4318851.193, 104
Trd, 4318852.193, 98
Trd, 4318853.243, 95
Trd, 4318857.143, 98
Trd, 4318858.243, 105
Trd, 4318858.743, 101
Trd, 4318859.393, 98
Trd, 4318860.493, 98
Trd, 4318861.843, 96
Trd, 4318863.493, 103
Trd, 4318867.143, 100
Trd, 4318867.893, 100
Trd, 4318868.193, 101
Trd, 4318869.493, 91
Trd, 4318870.793, 104
Trd, 4318871.843, 97
Trd, 4318871.893, 96
Trd, 4318876.293, 90
Trd, 4318876.993, 91
Trd, 4318877.143, 90
Trd, 4318878.793, 92
Trd, 4318879.293, 86
Trd, 4318879.993, 92
Trd, 4318880.293, 87
Trd, 4318882.293, 95
Trd, 4318885.793, 104
Trd, 4318886.493, 99
Trd, 4318887.943, 97
Trd, 4318888.843, 98
Trd, 4318891.093, 96
Trd, 4318892.093, 97
Trd, 4318892.143, 98
Trd, 4318893.043, 97
Trd, 4318894.343, 96
Trd, 4318898.143, 95
Trd, 4318898.393, 96
Trd, 4318898.693, 97
Trd, 4318898.843, 104
Trd, 4318901.543, 117
Trd, 4318902.343, 104
Trd, 4318903.643, 81
Trd, 4318907.893, 100
Trd, 4318908.143, 100
Trd, 4318908.393, 100
Trd, 4318908.643, 110
Trd, 4318911.993, 106
Trd, 4318912.093, 95
Trd, 4318914.143, 102
Trd, 4318914.243, 86
Trd, 4318915.143, 88
Trd, 4318916.193, 87
Trd, 4318917.443, 90
Trd, 4318918.243, 95
Trd, 4318919.243, 94
Trd, 4318921.343, 96
Trd, 4318923.243, 99
Trd, 4318923.743, 81
Trd, 4318925.393, 87
Trd, 4318926.843, 92
Trd, 4318927.643, 95
Trd, 4318930.193, 98
Trd, 4318930.443, 95
Trd, 4318931.593, 102
Trd, 4318934.593, 92
Trd, 4318936.943, 98
Trd, 4318938.743, 100
Trd, 4318938.843, 99
Trd, 4318941.443, 100
Trd, 4318941.543, 101
Trd, 4318941.643, 99
Trd, 4318942.493, 104
Trd, 4318945.693, 103
Trd, 4318945.993, 103
Trd, 4318946.243, 102
Trd, 4318949.093, 96
Trd, 4318949.793, 98
Trd, 4318950.393, 78
Trd, 4318952.643, 87
Trd, 4318953.693, 103
Trd, 4318956.343, 102
Trd, 4318956.693, 102
Trd, 4318956.843, 100
Trd, 4318957.793, 104
Trd, 4318959.493, 84
Trd, 4318960.843, 85
Trd, 4318961.443, 83
Trd, 4318963.243, 86
Trd, 4318965.093, 91
Trd, 4318966.443, 121
Trd, 4318967.243, 106
Trd, 4318969.043, 110
Trd, 4318969.093, 109
Trd, 4318973.093, 100
Trd, 4318973.843, 103
Trd, 4318974.393, 99
Trd, 4318975.443, 102
Trd, 4318977.693, 102
Trd, 4318977.793, 82
Trd, 4318978.443, 86
Trd, 4318981.543, 95
Trd, 4318981.943, 96
Trd, 4318984.343, 100
Trd, 4318984.543, 99
Trd, 4318986.643, 103
Trd, 4318987.393, 103
Trd, 4318987.993, 102
Trd, 4318988.643, 101
Trd, 4318991.393, 87
Trd, 4318991.843, 88
Trd, 4318992.893, 87
Trd, 4318998.143, 98
Trd, 4318998.193, 99
Trd, 4318998.993, 96
Trd, 4318999.043, 100
Trd, 4318999.843, 96
Trd, 4319002.893, 95
Trd, 4319004.893, 92
Trd, 4319007.043, 93
Trd, 4319007.143, 94
Trd, 4319008.043, 95
Trd, 4319009.993, 90
Trd, 4319011.293, 86
Trd, 4319012.193, 87
Trd, 4319015.443, 86
Trd, 4319015.743, 87
Trd, 4319016.393, 94
Trd, 4319016.743, 90
Trd, 4319018.243, 95
Trd, 4319018.343, 94
Trd, 4319019.543, 92
Trd, 4319022.743, 84
Trd, 4319023.393, 94
Trd, 4319026.543, 93
Trd, 4319027.043, 90
Trd, 4319028.993, 91
Trd, 4319029.493, 91
Trd, 4319031.243, 96
Trd, 4319031.843, 103
Trd, 4319032.493, 101
Trd, 4319033.443, 99
Trd, 4319033.493, 100
Trd, 4319035.643, 101
Trd, 4319035.743, 101
Trd, 4319036.343, 104
Trd, 4319038.443, 122
Trd, 4319038.993, 106
Trd, 4319042.593, 89
Trd, 4319043.943, 95
Trd, 4319046.543, 98
Trd, 4319047.593, 99
Trd, 4319047.693, 101
Trd, 4319051.043, 107
Trd, 4319051.093, 106
Trd, 4319051.243, 104
Trd, 4319053.843, 98
Trd, 4319054.243, 99
Trd, 4319057.443, 100
Trd, 4319058.393, 84
Trd, 4319059.143, 87
Trd, 4319059.293, 88
Trd, 4319060.693, 95
Trd, 4319061.343, 96
Trd, 4319065.193, 103
Trd, 4319065.843, 98
Trd, 4319066.043, 97
Trd, 4319067.593, 99
Trd, 4319068.893, 100
Trd, 4319068.943, 99
Trd, 4319073.893, 85
Trd, 4319074.893, 88
Trd, 4319075.343, 89
Trd, 4319076.393, 87
Trd, 4319079.393, 95
Trd, 4319079.593, 92
Trd, 4319080.043, 96
Trd, 4319081.093, 91
Trd, 4319083.743, 89
Trd, 4319083.943, 103
Trd, 4319085.343, 80
Trd, 4319090.443, 91
Trd, 4319090.543, 95
Trd, 4319091.243, 93
Trd, 4319092.893, 97
Trd, 4319093.643, 96
Trd, 4319094.543, 98
Trd, 4319097.093, 85
Trd, 4319098.393, 98
Trd, 4319099.193, 87
Trd, 4319100.793, 102
Trd, 4319101.843, 94
Trd, 4319103.743, 100
Trd, 4319104.143, 102
Trd, 4319104.893, 100
Trd, 4319106.443, 104
Trd, 4319108.393, 108
Trd, 4319110.443, 105
Trd, 4319110.543, 104
Trd, 4319111.893, 103
Trd, 4319113.193, 100
Trd, 4319113.443, 100
Trd, 4319113.893, 99
Trd, 4319114.893, 111
Trd, 4319116.293, 102
Trd, 4319118.643, 107
Trd, 4319118.843, 106
Trd, 4319118.993, 107
Trd, 4319120.093, 95
Trd, 4319120.243, 77
Trd, 4319123.693, 117
Trd, 4319127.493, 97
Trd, 4319128.793, 99
Trd, 4319128.993, 101
Trd, 4319129.693, 103
Trd, 4319130.293, 103
Trd, 4319132.893, 102
Trd, 4319133.793, 122
Trd, 4319137.693, 112
Trd, 4319139.043, 106
Trd, 4319139.893, 107
Trd, 4319141.343, 104
Trd, 4319141.443, 95
Trd, 4319142.743, 79
Trd, 4319143.643, 103
Trd, 4319147.043, 98
Trd, 4319147.843, 101
Trd, 4319148.193, 100
Trd, 4319149.243, 97
Trd, 4319150.143, 97
Trd, 4319152.543, 99
Trd, 4319153.043, 97
Trd, 4319155.043, 109
Trd, 4319155.193, 89
Trd, 4319156.493, 108
Trd, 4319157.293, 95
Trd, 4319160.743, 103
Trd, 4319160.893, 113
Trd, 4319160.993, 103
Trd, 4319162.843, 95
Trd, 4319166.843, 86
Trd, 4319167.493, 87
Trd, 4319168.443, 97
Trd, 4319172.393, 98
Trd, 4319172.643, 99
Trd, 4319172.743, 98
Trd, 4319172.943, 99
Trd, 4319173.693, 80
Trd, 4319176.693, 80
Trd, 4319177.343, 85
Trd, 4319179.293, 86
Trd, 4319180.143, 87
Trd, 4319181.893, 94
Trd, 4319183.543, 101
Trd, 4319183.993, 103
Trd, 4319184.093, 102
Trd, 4319185.543, 103
Trd, 4319186.693, 102
Trd, 4319187.593, 104
Trd, 4319189.393, 106
Trd, 4319189.443, 104
Trd, 4319192.943, 106
Trd, 4319193.493, 106
Trd, 4319193.793, 104
Trd, 4319194.793, 106
Trd, 4319197.543, 81
Trd, 4319198.493, 87
Trd, 4319199.093, 102
Trd, 4319201.493, 93
Trd, 4319201.943, 95
Trd, 4319203.193, 95
Trd, 4319203.493, 94
Trd, 4319204.043, 96
Trd, 4319205.093, 95
Trd, 4319205.693, 96
Trd, 4319206.193, 86
Trd, 4319208.943, 86
Trd, 4319211.143, 94
Trd, 4319212.193, 94
Trd, 4319212.443, 93
Trd, 4319214.793, 91
Trd, 4319215.893, 93
Trd, 4319216.343, 95
Trd, 4319219.693, 103
Trd, 4319219.843, 101
Trd, 4319220.393, 102
Trd, 4319220.943, 105
Trd, 4319223.793, 106
Trd, 4319224.193, 99
Trd, 4319225.793, 99
Trd, 4319226.093, 96
Trd, 4319227.593, 97
Trd, 4319227.693, 98
Trd, 4319229.193, 97
Trd, 4319232.593, 87
Trd, 4319234.643, 95
Trd, 4319234.993, 97
Trd, 4319236.193, 102
Trd, 4319237.143, 102
Trd, 4319241.343, 99
Trd, 4319241.493, 95
Trd, 4319245.043, 94
Trd, 4319245.493, 88
Trd, 4319246.743, 92
Trd, 4319250.443, 106
Trd, 4319250.693, 106
Trd, 4319250.993, 107
Trd, 4319251.293, 108
Trd, 4319251.493, 95
Trd, 4319251.743, 113
Trd, 4319253.493, 81
Trd, 4319257.943, 93
Trd, 4319259.593, 100
Trd, 4319260.193, 99
Trd, 4319261.043, 100
Trd, 4319261.943, 100
Trd, 4319262.043, 99
Trd, 4319262.543, 95
Trd, 4319265.193, 101
Trd, 4319267.943, 97
Trd, 4319268.293, 95
Trd, 4319268.843, 95
Trd, 4319269.593, 96
Trd, 4319271.093, 97
Trd, 4319271.693, 113
Trd, 4319272.393, 99
Trd, 4319275.193, 103
Trd, 4319277.693, 109
Trd, 4319278.193, 107
Trd, 4319278.393, 95
Trd, 4319279.943, 104
Trd, 4319283.343, 96
Trd, 4319283.493, 96
Trd, 4319284.493, 96
Trd, 4319284.743, 104
Trd, 4319287.393, 101
Trd, 4319287.493, 102
Trd, 4319288.143, 104
Trd, 4319290.793, 87
Trd, 4319292.293, 89
Trd, 4319293.543, 104
Trd, 4319294.943, 92
Trd, 4319296.893, 97
Trd, 4319297.193, 92
Trd, 4319298.543, 95
Trd, 4319300.693, 93
Trd, 4319302.193, 98
Trd, 4319302.393, 97
Trd, 4319302.843, 97
Trd, 4319305.343, 98
Trd, 4319309.393, 86
Trd, 4319310.743, 92
Trd, 4319311.993, 94
Trd, 4319312.293, 95
Trd, 4319312.543, 91
Trd, 4319313.843, 90
Trd, 4319316.493, 97
Trd, 4319316.743, 97
Trd, 4319317.943, 101
Trd, 4319317.993, 98
Trd, 4319321.793, 95
Trd, 4319321.943, 94
Trd, 4319323.043, 96
Trd, 4319323.893, 102
Trd, 4319324.593, 77
Trd, 4319327.393, 89
Trd, 4319329.143, 82
Trd, 4319331.993, 93
Trd, 4319332.443, 95
Trd, 4319332.493, 104
Trd, 4319333.893, 94
Trd, 4319334.543, 93
Trd, 4319336.343, 79
Trd, 4319338.443, 81
Trd, 4319339.943, 86
Trd, 4319340.093, 87
Trd, 4319341.793, 91
Trd, 4319343.993, 104
Trd, 4319344.443, 93
Trd, 4319347.393, 104
Trd, 4319347.743, 104
Trd, 4319348.143, 103
Trd, 4319352.193, 95
Trd, 4319352.843, 96
Trd, 4319353.143, 96
Trd, 4319354.243, 98
Trd, 4319354.693, 98
Trd, 4319355.743, 97
Trd, 4319357.543, 100
Trd, 4319358.543, 87
Trd, 4319359.643, 84
Trd, 4319362.743, 88
Trd, 4319362.893, 91
Trd, 4319363.643, 89
Trd, 4319365.493, 93
Trd, 4319365.793, 90
Trd, 4319366.193, 95
Trd, 4319369.493, 95
Trd, 4319369.593, 94
Trd, 4319371.793, 84
Trd, 4319373.343, 97
Trd, 4319374.743, 97
Trd, 4319375.993, 99
Trd, 4319376.693, 101
Trd, 4319377.443, 102
Trd, 4319378.293, 103
Trd, 4319378.793, 103
Trd, 4319381.293, 80
Trd, 4319383.193, 83
Trd, 4319383.743, 83
Trd, 4319384.243, 87
Trd, 4319385.343, 87
Trd, 4319388.293, 97
Trd, 4319388.343, 99
Trd, 4319389.293, 98
Trd, 4319389.493, 98
Trd, 4319390.993, 104
Trd, 4319392.343, 103
Trd, 4319393.543, 104
Trd, 4319395.843, 104
Trd, 4319397.543, 104
Trd, 4319398.093, 102
Trd, 4319398.393, 101
Trd, 4319399.893, 102
Trd, 4319402.993, 87
Trd, 4319403.143, 86
Trd, 4319404.143, 89
Trd, 4319404.543, 86
Trd, 4319407.793, 82
Trd, 4319407.943, 83
Trd, 4319409.043, 95
Trd, 4319410.543, 88
Trd, 4319411.893, 102
Trd, 4319413.743, 99
Trd, 4319414.243, 98
Trd, 4319415.993, 97
Trd, 4319416.643, 97
Trd, 4319418.243, 117
Trd, 4319418.593, 101
Trd, 4319420.993, 109
Trd, 4319421.193, 95
Trd, 4319421.843, 79
Trd, 4319425.743, 97
Trd, 4319425.993, 99
Trd, 4319427.543, 98
Trd, 4319428.893, 101
Trd, 4319429.993, 97
Trd, 4319430.293, 95
Trd, 4319432.893, 99
Trd, 4319433.843, 89
Trd, 4319435.593, 94
Trd, 4319436.293, 93
Trd, 4319436.943, 95
Trd, 4319438.093, 93
Trd, 4319440.193, 97
Trd, 4319440.493, 96
Trd, 4319442.343, 101
Trd, 4319442.543, 101
Trd, 4319442.943, 101
Trd, 4319446.143, 106
Trd, 4319447.993, 92
Trd, 4319448.643, 94
Trd, 4319449.293, 102
Trd, 4319450.493, 104
Trd, 4319451.293, 110
Trd, 4319451.793, 106
Trd, 4319452.993, 108
Trd, 4319453.443, 107
Trd, 4319454.743, 88
Trd, 4319455.443, 87
Trd, 4319457.993, 97
Trd, 4319460.093, 88
Trd, 4319461.093, 93
Trd, 4319462.943, 110
Trd, 4319463.543, 95
Trd, 4319465.793, 85
Trd, 4319468.493, 94
Trd, 4319469.293, 96
Trd, 4319469.543, 97
Trd, 4319471.243, 99
Trd, 4319472.343, 101
Trd, 4319473.293, 100
Trd, 4319474.843, 100
Trd, 4319475.693, 102
Trd, 4319476.993, 98
Trd, 4319477.943, 95
Trd, 4319479.593, 92
Trd, 4319480.343, 88
Trd, 4319481.243, 91
Trd, 4319482.043, 93
Trd, 4319482.693, 101
Trd, 4319483.443, 79
Trd, 4319487.793, 88
Trd, 4319488.243, 87
Trd, 4319488.643, 84
Trd, 4319489.343, 88
Trd, 4319490.993, 108
Trd, 4319494.493, 102
Trd, 4319494.793, 101
Trd, 4319495.143, 102
Trd, 4319495.843, 101
Trd, 4319496.443, 96
Trd, 4319497.043, 104
Trd, 4319500.543, 101
Trd, 4319502.543, 110
Trd, 4319503.493, 104
Trd, 4319504.843, 106
Trd, 4319505.693, 105
Trd, 4319506.793, 85
Trd, 4319508.593, 87
Trd, 4319509.343, 87
Trd, 4319510.693, 95
Trd, 4319510.843, 90
Trd, 4319511.743, 91
Trd, 4319513.043, 95
Trd, 4319513.943, 121
Trd, 4319515.943, 105
Trd, 4319516.893, 104
Trd, 4319519.393, 99
Trd, 4319519.443, 108
Trd, 4319524.443, 95
Trd, 4319524.593, 96
Trd, 4319524.643, 95
Trd, 4319525.693, 97
Trd, 4319526.693, 95
Trd, 4319527.693, 122
Trd, 4319528.093, 101
Trd, 4319530.393, 101
Trd, 4319534.993, 104
Trd, 4319535.593, 104
Trd, 4319535.943, 103
Trd, 4319536.593, 107
Trd, 4319536.693, 95
Trd, 4319538.793, 86
Trd, 4319539.193, 81
Trd, 4319540.243, 87
Trd, 4319542.743, 92
Trd, 4319543.893, 95
Trd, 4319544.693, 103
Trd, 4319545.043, 97
Trd, 4319545.393, 95
Trd, 4319548.693, 101
Trd, 4319549.043, 101
Trd, 4319550.593, 79
Trd, 4319551.893, 103
Trd, 4319553.343, 87
Trd, 4319554.393, 89
Trd, 4319556.093, 91
Trd, 4319556.993, 101
Trd, 4319559.493, 102
Trd, 4319559.943, 100
Trd, 4319560.743, 101
Trd, 4319561.843, 97
Trd, 4319563.043, 99
Trd, 4319564.093, 100
Trd, 4319564.393, 99
Trd, 4319566.743, 112
Trd, 4319569.743, 93
Trd, 4319570.993, 101
Trd, 4319571.243, 102
Trd, 4319571.693, 101
Trd, 4319571.893, 102
Trd, 4319576.243, 89
Trd, 4319576.843, 83
Trd, 4319580.093, 91
Trd, 4319580.393, 91
Trd, 4319582.743, 93
Trd, 4319582.893, 92
Trd, 4319582.943, 88
Trd, 4319583.643, 102
Trd, 4319584.593, 89
Trd, 4319584.993, 90
Trd, 4319589.293, 99
Trd, 4319589.543, 99
Trd, 4319589.993, 98
Trd, 4319593.643, 91
Trd, 4319593.743, 102
Trd, 4319595.443, 95
Trd, 4319595.493, 95
Trd, 4319596.393, 92
Trd, 4319598.943, 85
Trd, 4319599.993, 84
Trd, 4319602.243, 88
Trd, 4319602.793, 95
Trd, 4319603.643, 92
Trd, 4319606.143, 98
Trd, 4319607.193, 100
Trd, 4319607.793, 98
Trd, 4319608.643, 100
Trd, 4319609.093, 99
Trd, 4319609.193, 100
Trd, 4319610.293, 95
Trd, 4319613.143, 101
Trd, 4319613.593, 87
Trd, 4319615.493, 93
Trd, 4319617.643, 99
Trd, 4319618.093, 99
Trd, 4319619.193, 99
Trd, 4319619.693, 97
Trd, 4319620.143, 97
Trd, 4319621.443, 96
Trd, 4319621.993, 103
Trd, 4319625.093, 116
Trd, 4319626.093, 100
Trd, 4319628.193, 98
Trd, 4319630.043, 102
Trd, 4319630.293, 102
Trd, 4319631.293, 95
Trd, 4319632.393, 100
Trd, 4319634.793, 88
Trd, 4319635.743, 89
Trd, 4319638.893, 95
Trd, 4319639.243, 104
Trd, 4319640.493, 97
Trd, 4319641.993, 106
Trd, 4319643.293, 105
Trd, 4319643.593, 104
Trd, 4319643.993, 105
Trd, 4319645.643, 106
Trd, 4319649.693, 95
Trd, 4319649.743, 96
Trd, 4319650.193, 113
Trd, 4319650.593, 93
Trd, 4319653.643, 102
Trd, 4319654.693, 98
Trd, 4319654.993, 100
Trd, 4319655.393, 99
Trd, 4319657.193, 97
Trd, 4319658.093, 99
Trd, 4319659.043, 98
Trd, 4319660.243, 102
Trd, 4319661.043, 80
Trd, 4319662.193, 103
Trd, 4319664.343, 89
Trd, 4319666.893, 113
Trd, 4319669.093, 106
Trd, 4319669.543, 102
Trd, 4319672.393, 105
Trd, 4319672.693, 105
Trd, 4319673.543, 98
Trd, 4319674.393, 103
Trd, 4319674.593, 98
Trd, 4319677.143, 100
Trd, 4319677.793, 103
Trd, 4319679.443, 109
Trd, 4319680.293, 106
Trd, 4319681.243, 106
Trd, 4319681.643, 97
Trd, 4319683.593, 96
Trd, 4319686.993, 102
Trd, 4319687.193, 109
Trd, 4319688.543, 105
Trd, 4319688.693, 104
Trd, 4319689.593, 105
Trd, 4319690.443, 104
Trd, 4319692.543, 99
Trd, 4319692.793, 97
Trd, 4319695.043, 82
Trd, 4319698.893, 93
Trd, 4319699.543, 92
Trd, 4319700.043, 95
Trd, 4319700.893, 95
Trd, 4319702.543, 102
Trd, 4319703.243, 100
Trd, 4319704.843, 95
Trd, 4319706.393, 85
Trd, 4319707.643, 86
Trd, 4319709.793, 86
Trd, 4319711.993, 103
Trd, 4319712.043, 93
Trd, 4319714.893, 97
Trd, 4319717.993, 79
Trd, 4319719.543, 87
Trd, 4319720.293, 87
Trd, 4319720.693, 87
Trd, 4319720.743, 95
Trd, 4319721.793, 111
Trd, 4319723.193, 85
Trd, 4319726.243, 86
Trd, 4319726.293, 95
Trd, 4319728.793, 91
Trd, 4319729.893, 93
Trd, 4319729.993, 93
Trd, 4319731.993, 102
Trd, 4319732.143, 102
Trd, 4319732.743, 98
Trd, 4319734.443, 103
Trd, 4319736.593, 81
Trd, 4319737.193, 102
Trd, 4319739.693, 85
Trd, 4319740.593, 87
Trd, 4319741.543, 89
Trd, 4319744.593, 97
Trd, 4319745.093, 86
Trd, 4319746.943, 103
Trd, 4319747.743, 89
Trd, 4319748.993, 90
Trd, 4319752.643, 86
Trd, 4319754.193, 93
Trd, 4319755.893, 93
Trd, 4319756.293, 77
Trd, 4319757.743, 94
Trd, 4319759.243, 79
Trd, 4319761.343, 93
Trd, 4319761.543, 92
Trd, 4319762.443, 92
Trd, 4319762.993, 90
Trd, 4319766.593, 90
Trd, 4319767.743, 92
Trd, 4319768.293, 95
Trd, 4319768.693, 93
Trd, 4319769.893, 84
Trd, 4319769.943, 121
Trd, 4319772.443, 96
Trd, 4319773.943, 114
Trd, 4319776.143, 107
Trd, 4319776.443, 107
Trd, 4319776.543, 106
Trd, 4319777.693, 107
Trd, 4319778.593, 104
Trd, 4319781.793, 96
Trd, 4319781.843, 95
Trd, 4319782.243, 94
Trd, 4319782.693, 95
Trd, 4319783.043, 94
Trd, 4319785.943, 91
Trd, 4319786.843, 93
Trd, 4319789.593, 100
Trd, 4319789.793, 100
Trd, 4319789.893, 98
Trd, 4319790.993, 97
Trd, 4319792.643, 99
Trd, 4319793.693, 105
Trd, 4319794.393, 104
Trd, 4319797.193, 104
Trd, 4319797.843, 97
Trd, 4319799.243, 97
Trd, 4319800.393, 95
Trd, 4319802.143, 95
Trd, 4319802.443, 79
Trd, 4319805.843, 93
Trd, 4319806.743, 85
Trd, 4319808.243, 86
Trd, 4319809.093, 94
Trd, 4319810.193, 88
Trd, 4319812.593, 93
Trd, 4319815.143, 98
Trd, 4319815.743, 99
Trd, 4319817.543, 123
Trd, 4319817.993, 121
Trd, 4319818.793, 113
Trd, 4319819.793, 106
Trd, 4319822.593, 108
Trd, 4319823.193, 109
Trd, 4319823.743, 109
Trd, 4319825.093, 99
Trd, 4319828.293, 87
Trd, 4319831.343, 103
Trd, 4319831.493, 103
Trd, 4319831.993, 103
Trd, 4319832.643, 103
Trd, 4319832.893, 104
Trd, 4319835.593, 79
Trd, 4319837.143, 84
Trd, 4319837.843, 86
Trd, 4319839.393, 86
Trd, 4319840.743, 92
Trd, 4319841.493, 111
Trd, 4319842.143, 93
Trd, 4319843.543, 92
Trd, 4319844.493, 100
Trd, 4319845.743, 101
Trd, 4319847.493, 78
Trd, 4319850.043, 87
Trd, 4319850.643, 88
Trd, 4319851.043, 90
Trd, 4319852.593, 101
Trd, 4319852.643, 95
Trd, 4319855.243, 100
Trd, 4319855.393, 99
Trd, 4319855.843, 104
Trd, 4319858.893, 85
Trd, 4319860.043, 85
Trd, 4319860.543, 86
Trd, 4319862.443, 78
Trd, 4319864.593, 82
Trd, 4319865.143, 81
Trd, 4319866.743, 83
Trd, 4319867.993, 88
Trd, 4319868.443, 87
Trd, 4319869.193, 87
Trd, 4319869.493, 103
Trd, 4319872.043, 98
Trd, 4319873.143, 93
Trd, 4319873.943, 104
Trd, 4319876.793, 103
Trd, 4319877.293, 97
Trd, 4319879.543, 103
Trd, 4319881.343, 103
Trd, 4319881.443, 103
Trd, 4319881.543, 102
Trd, 4319883.543, 96
Trd, 4319886.293, 98
Trd, 4319887.143, 100
Trd, 4319887.743, 97
Trd, 4319892.543, 106
Trd, 4319892.893, 101
Trd, 4319893.293, 102
Trd, 4319894.193, 96
Trd, 4319894.493, 96
Trd, 4319895.243, 96
Trd, 4319896.893, 98
Trd, 4319899.493, 105
Trd, 4319899.993, 104
Trd, 4319900.343, 103
Trd, 4319900.643, 105
Trd, 4319900.693, 95
Trd, 4319906.593, 99
Trd, 4319906.843, 113
Trd, 4319908.743, 101
Trd, 4319910.593, 104
Trd, 4319910.743, 106
Trd, 4319911.543, 102
Trd, 4319913.743, 100
Trd, 4319914.493, 95
Trd, 4319917.393, 92
Trd, 4319917.643, 93
Trd, 4319918.343, 93
Trd, 4319920.093, 102
Trd, 4319921.843, 98
Trd, 4319924.943, 92
Trd, 4319925.243, 92
Trd, 4319925.543, 92
Trd, 4319927.143, 91
Trd, 4319928.193, 107
Trd, 4319929.643, 95
Trd, 4319929.793, 95
Trd, 4319931.243, 93
Trd, 4319933.043, 94
Trd, 4319933.793, 91
Trd, 4319934.143, 91
Trd, 4319934.393, 91
Trd, 4319936.443, 93
Trd, 4319936.743, 95
Trd, 4319938.543, 98
Trd, 4319941.743, 85
Trd, 4319942.443, 87
Trd, 4319942.693, 95
Trd, 4319943.743, 88
Trd, 4319947.093, 98
Trd, 4319947.343, 98
Trd, 4319947.643, 97
Trd, 4319948.693, 97
Trd, 4319950.443, 86
Trd, 4319950.693, 104
Trd, 4319952.593, 79
Trd, 4319954.543, 84
Trd, 4319955.443, 84
Trd, 4319957.793, 92
Trd, 4319959.793, 94
Trd, 4319960.243, 95
Trd, 4319961.243, 94
Trd, 4319963.793, 85
Trd, 4319964.293, 87
Trd, 4319964.643, 103
Trd, 4319964.943, 85
Trd, 4319969.143, 107
Trd, 4319969.943, 104
Trd, 4319970.193, 101
Trd, 4319970.693, 100
Trd, 4319971.593, 99
Trd, 4319972.093, 97
Trd, 4319972.943, 98
Trd, 4319975.743, 94
Trd, 4319975.793, 93
Trd, 4319977.493, 94
Trd, 4319978.243, 95
Trd, 4319978.293, 94
Trd, 4319980.993, 98
Trd, 4319982.243, 100
Trd, 4319982.643, 99
Trd, 4319982.993, 113
Trd, 4319985.943, 107
Trd, 4319986.043, 104
Trd, 4319986.893, 95
Trd, 4319987.393, 112
Trd, 4319990.793, 85
Trd, 4319993.393, 101
Trd, 4319995.743, 103
Trd, 4319995.993, 102
Trd, 4319997.343, 102
Trd, 4319997.893, 102
Trd, 4319998.093, 95
