Trd, 4317956.893, 122
Trd, 4317957.743, 113
Trd, 4317958.793, 112
Trd, 4317958.993, 104
Trd, 4317959.693, 96
Trd, 4317960.143, 115
Trd, 4317960.443, 122
Trd, 4317960.493, 95
Trd, 4317961.543, 103
Trd, 4317962.693, 130
Trd, 4317963.543, 91
Trd, 4317964.093, 90
Trd, 4317964.293, 113
Trd, 4317966.493, 120
Trd, 4317970.443, 88
Trd, 4317970.493, 95
Trd, 4317970.743, 87
Trd, 4317973.543, 90
Trd, 4317973.743, 104
Trd, 4317974.293, 109
Trd, 4317974.493, 77
Trd, 4317975.543, 77
Trd, 4317978.193, 86
Trd, 4317978.393, 95
Trd, 4317979.393, 87
Trd, 4317981.493, 94
Trd, 4317981.943, 95
Trd, 4317982.943, 94
Trd, 4317983.043, 106
Trd, 4317986.193, 104
Trd, 4317986.493, 93
Trd, 4317987.693, 104
Trd, 4317987.843, 93
Trd, 4317988.493, 115
Trd, 4317989.293, 95
Trd, 4317991.343, 127
Trd, 4317991.693, 128
Trd, 4317991.743, 89
Trd, 4317992.893, 112
Trd, 4317993.843, 89
Trd, 4317994.893, 111
Trd, 4317995.743, 115
Trd, 4317996.593, 93
Trd, 4317998.343, 67
Trd, 4317999.793, 74
Trd, 4318001.343, 79
Trd, 4318003.143, 91
Trd, 4318003.993, 85
Trd, 4318004.493, 95
Trd, 4318004.843, 89
Trd, 4318004.893, 88
Trd, 4318006.493, 113
Trd, 4318008.293, 77
Trd, 4318008.593, 84
Trd, 4318009.593, 115
Trd, 4318009.893, 64
Trd, 4318011.593, 118
Trd, 4318013.193, 98
Trd, 4318014.943, 95
Trd, 4318016.293, 76
Trd, 4318016.893, 74
Trd, 4318018.293, 91
Trd, 4318018.593, 104
Trd, 4318019.643, 115
Trd, 4318021.793, 85
Trd, 4318021.843, 87
Trd, 4318022.193, 83
Trd, 4318024.093, 122
Trd, 4318025.743, 104
Trd, 4318026.993, 96
Trd, 4318027.893, 88
Trd, 4318028.393, 86
Trd, 4318029.943, 86
Trd, 4318030.393, 95
Trd, 4318030.943, 101
Trd, 4318032.043, 81
Trd, 4318034.293, 103
Trd, 4318034.593, 90
Trd, 4318034.993, 105
Trd, 4318036.643, 94
Trd, 4318037.043, 113
Trd, 4318037.843, 103
Trd, 4318038.143, 115
Trd, 4318038.643, 131
Trd, 4318039.193, 66
Trd, 4318041.693, 71
Trd, 4318044.943, 87
Trd, 4318046.043, 103
Trd, 4318046.643, 89
Trd, 4318046.693, 104
Trd, 4318047.793, 91
Trd, 4318049.093, 92
Trd, 4318049.293, 115
Trd, 4318050.243, 117
Trd, 4318052.493, 102
Trd, 4318052.693, 100
Trd, 4318053.893, 86
Trd, 4318055.143, 109
Trd, 4318055.793, 118
Trd, 4318056.943, 116
Trd, 4318058.743, 91
Trd, 4318059.293, 123
Trd, 4318059.443, 118
Trd, 4318060.493, 113
Trd, 4318060.793, 95
Trd, 4318060.943, 121
Trd, 4318062.843, 92
Trd, 4318063.193, 63
Trd, 4318065.743, 113
Trd, 4318066.093, 87
Trd, 4318068.293, 102
Trd, 4318069.943, 88
Trd, 4318070.093, 89
Trd, 4318071.093, 90
Trd, 4318072.143, 104
Trd, 4318072.443, 113
Trd, 4318073.743, 90
Trd, 4318073.893, 96
Trd, 4318074.143, 86
Trd, 4318074.643, 120
Trd, 4318076.843, 95
Trd, 4318077.543, 77
Trd, 4318078.793, 89
Trd, 4318079.343, 113
Trd, 4318079.843, 86
Trd, 4318081.293, 86
Trd, 4318082.793, 110
Trd, 4318084.193, 90
Trd, 4318084.543, 90
Trd, 4318086.343, 87
Trd, 4318087.593, 115
Trd, 4318088.243, 118
Trd, 4318089.493, 116
Trd, 4318089.793, 64
Trd, 4318091.693, 72
Trd, 4318092.343, 95
Trd, 4318093.193, 112
Trd, 4318093.793, 114
Trd, 4318095.993, 80
Trd, 4318098.043, 85
Trd, 4318098.443, 86
Trd, 4318098.493, 85
Trd, 4318098.693, 95
Trd, 4318099.593, 117
Trd, 4318101.643, 89
Trd, 4318102.293, 89
Trd, 4318102.343, 104
Trd, 4318102.593, 105
Trd, 4318105.543, 90
Trd, 4318105.593, 119
Trd, 4318105.793, 88
Trd, 4318108.893, 113
Trd, 4318110.443, 99
Trd, 4318110.993, 84
Trd, 4318112.193, 111
Trd, 4318113.193, 87
Trd, 4318114.893, 101
Trd, 4318115.043, 104
Trd, 4318116.243, 80
Trd, 4318119.193, 81
Trd, 4318119.393, 90
Trd, 4318121.043, 83
Trd, 4318121.643, 86
Trd, 4318122.743, 95
Trd, 4318122.893, 83
Trd, 4318124.843, 81
Trd, 4318125.943, 115
Trd, 4318126.843, 85
Trd, 4318129.543, 87
Trd, 4318130.493, 95
Trd, 4318131.093, 113
Trd, 4318132.043, 107
Trd, 4318133.593, 95
Trd, 4318133.793, 86
Trd, 4318135.643, 83
Trd, 4318136.193, 76
Trd, 4318137.393, 86
Trd, 4318138.293, 82
Trd, 4318139.993, 97
Trd, 4318140.393, 104
Trd, 4318141.293, 90
Trd, 4318143.643, 88
Trd, 4318144.893, 71
Trd, 4318145.043, 109
Trd, 4318145.193, 109
Trd, 4318145.593, 63
Trd, 4318146.343, 113
Trd, 4318146.843, 78
Trd, 4318149.243, 119
Trd, 4318150.693, 118
Trd, 4318151.393, 87
Trd, 4318151.593, 68
Trd, 4318151.693, 73
Trd, 4318156.093, 103
Trd, 4318156.643, 104
Trd, 4318157.143, 91
Trd, 4318157.193, 90
Trd, 4318160.843, 111
Trd, 4318160.993, 114
Trd, 4318161.643, 95
Trd, 4318163.443, 122
Trd, 4318164.093, 88
Trd, 4318164.943, 86
Trd, 4318166.693, 95
Trd, 4318166.943, 78
Trd, 4318167.943, 94
Trd, 4318169.243, 78
Trd, 4318170.043, 104
Trd, 4318171.843, 87
Trd, 4318173.193, 86
Trd, 4318173.443, 85
Trd, 4318175.143, 96
Trd, 4318175.493, 91
Trd, 4318178.643, 96
Trd, 4318178.893, 103
Trd, 4318179.443, 72
Trd, 4318181.943, 89
Trd, 4318182.143, 104
Trd, 4318182.743, 86
Trd, 4318184.793, 75
Trd, 4318184.993, 96
Trd, 4318185.743, 102
Trd, 4318185.993, 76
Trd, 4318187.193, 121
Trd, 4318188.293, 113
Trd, 4318188.943, 104
Trd, 4318190.693, 106
Trd, 4318191.493, 106
Trd, 4318191.793, 99
Trd, 4318192.943, 95
Trd, 4318193.943, 110
Trd, 4318195.093, 94
Trd, 4318197.093, 95
Trd, 4318197.543, 120
Trd, 4318198.643, 89
Trd, 4318198.693, 86
Trd, 4318199.143, 121
Trd, 4318200.843, 65
Trd, 4318203.993, 75
Trd, 4318204.093, 86
Trd, 4318204.743, 79
Trd, 4318207.643, 76
Trd, 4318208.393, 77
Trd, 4318209.143, 109
Trd, 4318210.593, 86
Trd, 4318210.793, 111
Trd, 4318213.493, 86
Trd, 4318215.093, 95
Trd, 4318216.243, 103
Trd, 4318216.443, 96
Trd, 4318216.743, 104
Trd, 4318217.093, 95
Trd, 4318217.543, 90
Trd, 4318218.243, 86
Trd, 4318219.943, 89
Trd, 4318220.643, 80
Trd, 4318221.193, 111
Trd, 4318222.093, 83
Trd, 4318223.543, 104
Trd, 4318223.843, 87
Trd, 4318225.243, 92
Trd, 4318225.493, 122
Trd, 4318226.443, 93
Trd, 4318227.593, 92
Trd, 4318228.793, 82
Trd, 4318230.193, 110
Trd, 4318230.393, 108
Trd, 4318230.593, 82
Trd, 4318231.293, 119
Trd, 4318231.893, 121
Trd, 4318232.993, 104
Trd, 4318233.893, 63
Trd, 4318236.243, 86
Trd, 4318236.493, 75
Trd, 4318237.443, 121
Trd, 4318238.893, 113
Trd, 4318239.143, 79
Trd, 4318241.943, 79
Trd, 4318243.043, 109
Trd, 4318244.093, 113
Trd, 4318245.643, 64
Trd, 4318246.293, 69
Trd, 4318247.143, 95
Trd, 4318248.743, 130
Trd, 4318249.593, 86
Trd, 4318251.193, 78
Trd, 4318251.993, 77
Trd, 4318252.443, 113
Trd, 4318254.193, 80
Trd, 4318256.693, 90
Trd, 4318257.193, 88
Trd, 4318257.393, 95
Trd, 4318258.643, 78
Trd, 4318259.443, 87
Trd, 4318261.543, 109
Trd, 4318263.543, 96
Trd, 4318264.593, 96
Trd, 4318264.993, 116
Trd, 4318266.193, 122
Trd, 4318266.843, 95
Trd, 4318267.093, 86
Trd, 4318268.293, 91
Trd, 4318269.443, 103
Trd, 4318271.243, 80
Trd, 4318271.443, 114
Trd, 4318273.443, 85
Trd, 4318274.443, 86
Trd, 4318274.793, 113
Trd, 4318275.843, 108
Trd, 4318277.343, 89
Trd, 4318277.393, 104
Trd, 4318278.593, 116
Trd, 4318278.793, 91
Trd, 4318279.293, 89
Trd, 4318279.343, 122
Trd, 4318281.793, 121
Trd, 4318282.193, 95
Trd, 4318283.743, 86
Trd, 4318284.043, 119
Trd, 4318285.993, 87
Trd, 4318286.893, 122
Trd, 4318287.693, 115
Trd, 4318287.993, 113
Trd, 4318288.993, 97
Trd, 4318289.143, 87
Trd, 4318289.343, 71
Trd, 4318292.793, 104
Trd, 4318294.093, 98
Trd, 4318294.193, 109
Trd, 4318294.943, 89
Trd, 4318297.243, 91
Trd, 4318298.193, 108
Trd, 4318298.893, 73
Trd, 4318299.143, 72
Trd, 4318299.693, 88
Trd, 4318302.593, 95
Trd, 4318303.443, 80
Trd, 4318303.643, 113
Trd, 4318304.543, 121
Trd, 4318306.193, 113
Trd, 4318306.593, 114
Trd, 4318307.543, 85
Trd, 4318308.493, 85
Trd, 4318310.693, 86
Trd, 4318312.293, 86
Trd, 4318312.593, 84
Trd, 4318313.443, 85
Trd, 4318316.043, 87
Trd, 4318316.343, 100
Trd, 4318316.493, 86
Trd, 4318317.793, 104
Trd, 4318317.943, 89
Trd, 4318318.993, 98
Trd, 4318319.393, 97
Trd, 4318319.593, 114
Trd, 4318321.893, 122
Trd, 4318322.893, 93
Trd, 4318323.493, 122
Trd, 4318325.443, 97
Trd, 4318326.143, 95
Trd, 4318328.043, 89
Trd, 4318329.893, 90
Trd, 4318330.543, 102
Trd, 4318330.993, 110
Trd, 4318331.293, 102
Trd, 4318331.993, 93
Trd, 4318333.393, 112
Trd, 4318333.593, 122
Trd, 4318334.793, 132
Trd, 4318336.593, 90
Trd, 4318337.193, 110
Trd, 4318338.193, 92
Trd, 4318338.793, 86
Trd, 4318339.993, 76
Trd, 4318340.893, 87
Trd, 4318342.093, 95
Trd, 4318342.343, 80
Trd, 4318345.493, 112
Trd, 4318345.893, 122
Trd, 4318346.543, 86
Trd, 4318347.643, 87
Trd, 4318348.043, 116
Trd, 4318348.093, 87
Trd, 4318349.193, 86
Trd, 4318349.643, 112
Trd, 4318353.143, 90
Trd, 4318353.593, 81
Trd, 4318353.643, 86
Trd, 4318355.243, 87
Trd, 4318355.843, 86
Trd, 4318357.443, 77
Trd, 4318359.343, 103
Trd, 4318359.543, 94
Trd, 4318360.193, 104
Trd, 4318360.793, 88
Trd, 4318362.243, 76
Trd, 4318362.343, 106
Trd, 4318363.943, 73
Trd, 4318364.593, 66
Trd, 4318365.143, 87
Trd, 4318366.643, 95
Trd, 4318368.743, 92
Trd, 4318369.843, 93
Trd, 4318371.093, 87
Trd, 4318371.493, 95
Trd, 4318372.043, 86
Trd, 4318373.443, 98
Trd, 4318373.943, 119
Trd, 4318375.393, 70
Trd, 4318377.793, 71
Trd, 4318378.393, 114
Trd, 4318379.493, 89
Trd, 4318380.043, 74
Trd, 4318381.543, 112
Trd, 4318383.093, 96
Trd, 4318383.543, 95
Trd, 4318384.443, 107
Trd, 4318385.593, 85
Trd, 4318387.193, 112
Trd, 4318387.293, 86
Trd, 4318388.943, 74
Trd, 4318389.593, 92
Trd, 4318389.693, 95
Trd, 4318392.093, 79
Trd, 4318392.643, 105
Trd, 4318395.343, 83
Trd, 4318396.093, 87
Trd, 4318396.493, 85
Trd, 4318397.193, 95
Trd, 4318398.243, 98
Trd, 4318399.543, 88
Trd, 4318399.693, 106
Trd, 4318401.043, 112
Trd, 4318402.543, 92
Trd, 4318402.743, 86
Trd, 4318404.743, 85
Trd, 4318405.143, 88
Trd, 4318407.593, 92
Trd, 4318408.493, 94
Trd, 4318408.643, 95
Trd, 4318409.343, 95
Trd, 4318409.643, 86
Trd, 4318409.793, 99
Trd, 4318413.193, 68
Trd, 4318414.593, 96
Trd, 4318414.843, 118
Trd, 4318416.543, 105
Trd, 4318417.193, 115
Trd, 4318419.343, 94
Trd, 4318419.493, 113
Trd, 4318419.593, 93
Trd, 4318419.843, 92
Trd, 4318419.943, 114
Trd, 4318420.793, 122
Trd, 4318421.193, 115
Trd, 4318421.593, 88
Trd, 4318422.843, 86
Trd, 4318424.693, 68
Trd, 4318425.493, 115
Trd, 4318426.043, 117
Trd, 4318426.843, 76
Trd, 4318428.993, 89
Trd, 4318430.843, 89
Trd, 4318431.693, 88
Trd, 4318432.043, 87
Trd, 4318433.793, 103
Trd, 4318433.893, 104
Trd, 4318435.593, 88
Trd, 4318435.993, 103
Trd, 4318436.143, 114
Trd, 4318436.693, 121
Trd, 4318437.843, 88
Trd, 4318440.893, 70
Trd, 4318441.693, 76
Trd, 4318441.893, 116
Trd, 4318442.243, 98
Trd, 4318443.243, 65
Trd, 4318445.343, 75
Trd, 4318445.893, 88
Trd, 4318446.743, 76
Trd, 4318448.843, 95
Trd, 4318449.593, 71
Trd, 4318454.843, 76
Trd, 4318454.943, 110
Trd, 4318455.043, 71
Trd, 4318456.443, 84
Trd, 4318456.593, 108
Trd, 4318457.143, 122
Trd, 4318457.493, 78
Trd, 4318458.193, 113
Trd, 4318458.493, 114
Trd, 4318461.993, 88
Trd, 4318463.043, 90
Trd, 4318463.343, 90
Trd, 4318463.943, 88
Trd, 4318463.993, 91
Trd, 4318466.243, 117
Trd, 4318468.193, 76
Trd, 4318468.343, 92
Trd, 4318468.993, 122
Trd, 4318469.843, 119
Trd, 4318470.643, 77
Trd, 4318472.593, 81
Trd, 4318474.293, 117
Trd, 4318475.143, 97
Trd, 4318475.793, 89
Trd, 4318476.543, 118
Trd, 4318476.643, 86
Trd, 4318477.543, 121
Trd, 4318478.643, 87
Trd, 4318480.193, 88
Trd, 4318481.843, 95
Trd, 4318483.393, 97
Trd, 4318484.643, 98
Trd, 4318485.493, 122
Trd, 4318485.943, 80
Trd, 4318486.193, 70
Trd, 4318486.993, 113
Trd, 4318489.343, 93
Trd, 4318489.993, 73
Trd, 4318491.743, 89
Trd, 4318493.543, 84
Trd, 4318495.793, 102
Trd, 4318496.893, 104
Trd, 4318497.393, 102
Trd, 4318497.493, 100
Trd, 4318500.493, 115
Trd, 4318500.843, 99
Trd, 4318501.093, 86
Trd, 4318501.193, 101
Trd, 4318501.243, 122
Trd, 4318502.293, 104
Trd, 4318502.593, 124
Trd, 4318504.393, 81
Trd, 4318506.543, 113
Trd, 4318507.143, 114
Trd, 4318507.193, 88
Trd, 4318509.543, 97
Trd, 4318509.743, 91
Trd, 4318509.843, 104
Trd, 4318510.843, 93
Trd, 4318512.393, 117
Trd, 4318512.993, 121
Trd, 4318514.593, 89
Trd, 4318515.143, 86
Trd, 4318517.343, 92
Trd, 4318517.793, 84
Trd, 4318518.943, 85
Trd, 4318520.193, 95
Trd, 4318521.143, 89
Trd, 4318521.193, 88
Trd, 4318522.293, 111
Trd, 4318523.943, 88
Trd, 4318524.593, 101
Trd, 4318526.743, 89
Trd, 4318527.243, 104
Trd, 4318528.193, 88
Trd, 4318530.393, 95
Trd, 4318530.443, 119
Trd, 4318531.043, 95
Trd, 4318531.743, 90
Trd, 4318531.793, 95
Trd, 4318532.343, 122
Trd, 4318533.443, 136
Trd, 4318535.943, 93
Trd, 4318536.243, 74
Trd, 4318537.443, 72
Trd, 4318538.043, 62
Trd, 4318539.943, 122
Trd, 4318540.393, 134
Trd, 4318542.893, 73
Trd, 4318543.193, 95
Trd, 4318544.293, 77
Trd, 4318545.693, 76
Trd, 4318547.293, 82
Trd, 4318548.243, 87
Trd, 4318548.943, 104
Trd, 4318549.543, 88
Trd, 4318549.693, 116
Trd, 4318549.943, 117
Trd, 4318551.393, 89
Trd, 4318551.943, 87
Trd, 4318552.993, 90
Trd, 4318554.093, 64
Trd, 4318554.543, 112
Trd, 4318557.893, 87
Trd, 4318558.893, 121
Trd, 4318561.043, 134
Trd, 4318561.243, 97
Trd, 4318562.543, 122
Trd, 4318563.043, 113
Trd, 4318563.343, 113
Trd, 4318563.793, 87
Trd, 4318565.143, 90
Trd, 4318565.293, 114
Trd, 4318565.993, 121
Trd, 4318567.743, 86
Trd, 4318568.993, 106
Trd, 4318569.593, 123
Trd, 4318569.993, 89
Trd, 4318571.993, 77
Trd, 4318572.993, 86
Trd, 4318573.143, 79
Trd, 4318574.443, 88
Trd, 4318575.393, 102
Trd, 4318575.593, 83
Trd, 4318578.443, 86
Trd, 4318579.343, 112
Trd, 4318580.143, 95
Trd, 4318580.443, 115
Trd, 4318581.493, 121
Trd, 4318582.693, 121
Trd, 4318585.393, 93
Trd, 4318586.943, 117
Trd, 4318587.693, 113
Trd, 4318587.843, 95
Trd, 4318588.243, 94
Trd, 4318588.493, 117
Trd, 4318591.393, 82
Trd, 4318591.543, 87
Trd, 4318593.343, 87
Trd, 4318593.543, 103
Trd, 4318594.493, 86
Trd, 4318594.893, 86
Trd, 4318595.243, 104
Trd, 4318596.493, 87
Trd, 4318597.193, 113
Trd, 4318600.043, 86
Trd, 4318602.493, 117
Trd, 4318602.793, 121
Trd, 4318603.443, 97
Trd, 4318604.343, 97
Trd, 4318604.643, 120
Trd, 4318604.993, 122
Trd, 4318605.093, 95
Trd, 4318606.493, 140
Trd, 4318609.193, 129
Trd, 4318609.793, 113
Trd, 4318610.343, 68
Trd, 4318611.043, 128
Trd, 4318612.693, 88
Trd, 4318613.393, 104
Trd, 4318613.443, 81
Trd, 4318614.893, 89
Trd, 4318615.593, 111
Trd, 4318616.443, 92
Trd, 4318617.793, 94
Trd, 4318617.843, 93
Trd, 4318618.793, 118
Trd, 4318619.143, 131
Trd, 4318621.493, 97
Trd, 4318621.993, 112
Trd, 4318623.393, 99
Trd, 4318623.543, 87
Trd, 4318623.743, 119
Trd, 4318625.593, 121
Trd, 4318626.293, 87
Trd, 4318628.043, 87
Trd, 4318628.793, 77
Trd, 4318629.093, 113
Trd, 4318630.793, 80
Trd, 4318631.493, 117
Trd, 4318634.293, 87
Trd, 4318635.293, 86
Trd, 4318635.793, 117
Trd, 4318638.243, 103
Trd, 4318638.843, 90
Trd, 4318639.043, 87
Trd, 4318639.193, 86
Trd, 4318643.093, 86
Trd, 4318643.493, 87
Trd, 4318644.193, 95
Trd, 4318644.993, 113
Trd, 4318645.543, 89
Trd, 4318645.593, 115
Trd, 4318646.743, 63
Trd, 4318647.593, 116
Trd, 4318649.043, 133
Trd, 4318649.193, 70
Trd, 4318650.593, 72
Trd, 4318650.643, 116
Trd, 4318651.993, 137
Trd, 4318652.343, 74
Trd, 4318654.343, 93
Trd, 4318655.393, 103
Trd, 4318656.443, 120
Trd, 4318658.993, 86
Trd, 4318659.093, 85
Trd, 4318659.343, 113
Trd, 4318659.893, 85
Trd, 4318663.893, 87
Trd, 4318664.193, 86
Trd, 4318664.293, 113
Trd, 4318664.343, 114
Trd, 4318666.743, 68
Trd, 4318667.043, 102
Trd, 4318667.293, 117
Trd, 4318667.743, 68
Trd, 4318670.393, 86
Trd, 4318671.343, 80
Trd, 4318672.693, 95
Trd, 4318673.793, 96
Trd, 4318674.443, 87
Trd, 4318675.143, 87
Trd, 4318675.793, 86
Trd, 4318677.243, 87
Trd, 4318677.843, 95
Trd, 4318678.593, 79
Trd, 4318679.493, 115
Trd, 4318679.993, 86
Trd, 4318680.793, 117
Trd, 4318683.043, 89
Trd, 4318683.293, 88
Trd, 4318685.293, 101
Trd, 4318685.743, 104
Trd, 4318686.193, 93
Trd, 4318687.293, 93
Trd, 4318687.893, 89
Trd, 4318689.943, 88
Trd, 4318691.793, 86
Trd, 4318692.093, 97
Trd, 4318693.143, 78
Trd, 4318693.193, 90
Trd, 4318697.293, 101
Trd, 4318698.043, 88
Trd, 4318698.243, 87
Trd, 4318698.493, 104
Trd, 4318701.343, 93
Trd, 4318702.543, 109
Trd, 4318703.493, 111
Trd, 4318704.193, 97
Trd, 4318704.493, 87
Trd, 4318705.543, 113
Trd, 4318706.493, 120
Trd, 4318707.393, 121
Trd, 4318709.843, 108
Trd, 4318710.193, 104
Trd, 4318711.043, 114
Trd, 4318711.093, 95
Trd, 4318711.443, 115
Trd, 4318712.493, 94
Trd, 4318712.693, 73
Trd, 4318715.543, 94
Trd, 4318716.593, 110
Trd, 4318717.243, 112
Trd, 4318717.693, 96
Trd, 4318718.943, 95
Trd, 4318719.643, 113
Trd, 4318720.393, 115
Trd, 4318720.743, 79
Trd, 4318723.543, 86
Trd, 4318724.843, 80
Trd, 4318725.293, 65
Trd, 4318725.543, 95
Trd, 4318726.443, 63
Trd, 4318726.643, 113
Trd, 4318727.093, 122
Trd, 4318729.793, 113
Trd, 4318731.743, 91
Trd, 4318732.193, 88
Trd, 4318732.593, 86
Trd, 4318733.843, 95
Trd, 4318735.193, 88
Trd, 4318735.793, 103
Trd, 4318737.193, 75
Trd, 4318738.193, 78
Trd, 4318738.293, 87
Trd, 4318739.043, 113
Trd, 4318740.543, 104
Trd, 4318742.243, 106
Trd, 4318742.843, 70
Trd, 4318745.393, 113
Trd, 4318745.493, 114
Trd, 4318745.543, 82
Trd, 4318746.093, 92
Trd, 4318747.043, 129
Trd, 4318748.443, 74
Trd, 4318748.493, 117
Trd, 4318750.943, 123
Trd, 4318752.093, 97
Trd, 4318752.793, 95
Trd, 4318753.043, 88
Trd, 4318753.543, 116
Trd, 4318754.243, 78
Trd, 4318756.493, 95
Trd, 4318758.943, 104
Trd, 4318760.243, 109
Trd, 4318760.943, 89
Trd, 4318761.243, 89
Trd, 4318761.893, 120
Trd, 4318763.143, 90
Trd, 4318763.893, 117
Trd, 4318763.943, 87
Trd, 4318764.993, 74
Trd, 4318766.343, 122
Trd, 4318767.093, 125
Trd, 4318769.693, 118
Trd, 4318770.043, 95
Trd, 4318770.693, 119
Trd, 4318771.393, 114
Trd, 4318772.243, 99
Trd, 4318773.593, 133
Trd, 4318774.143, 97
Trd, 4318774.543, 95
Trd, 4318776.243, 110
Trd, 4318776.893, 88
Trd, 4318778.143, 88
Trd, 4318779.493, 95
Trd, 4318780.443, 80
Trd, 4318780.743, 79
Trd, 4318782.143, 106
Trd, 4318782.443, 108
Trd, 4318785.443, 103
Trd, 4318785.593, 104
Trd, 4318785.943, 104
Trd, 4318787.343, 118
Trd, 4318788.143, 96
Trd, 4318789.393, 88
Trd, 4318789.893, 89
Trd, 4318790.793, 88
Trd, 4318792.243, 103
Trd, 4318792.393, 107
Trd, 4318794.393, 69
Trd, 4318794.743, 113
Trd, 4318795.393, 80
Trd, 4318796.043, 71
Trd, 4318797.093, 113
Trd, 4318799.943, 112
Trd, 4318800.843, 113
Trd, 4318801.093, 84
Trd, 4318802.493, 108
Trd, 4318803.243, 109
Trd, 4318803.643, 86
Trd, 4318804.143, 120
Trd, 4318805.393, 118
Trd, 4318805.843, 104
Trd, 4318808.893, 86
Trd, 4318810.493, 85
Trd, 4318811.543, 95
Trd, 4318813.193, 91
Trd, 4318813.693, 102
Trd, 4318814.143, 87
Trd, 4318817.143, 97
Trd, 4318817.193, 89
Trd, 4318817.243, 104
Trd, 4318818.893, 108
Trd, 4318819.093, 122
Trd, 4318820.843, 94
Trd, 4318821.143, 121
Trd, 4318822.893, 96
Trd, 4318823.293, 98
Trd, 4318823.993, 114
Trd, 4318826.793, 97
Trd, 4318829.093, 123
Trd, 4318829.793, 122
Trd, 4318829.893, 121
Trd, 4318830.543, 104
Trd, 4318831.643, 90
Trd, 4318834.543, 112
Trd, 4318836.143, 104
Trd, 4318836.293, 95
Trd, 4318837.343, 89
Trd, 4318837.743, 109
Trd, 4318838.943, 92
Trd, 4318839.843, 113
Trd, 4318840.793, 91
Trd, 4318840.993, 91
Trd, 4318841.943, 100
Trd, 4318842.793, 87
Trd, 4318844.093, 104
Trd, 4318844.643, 90
Trd, 4318845.493, 89
Trd, 4318845.543, 86
Trd, 4318847.343, 116
Trd, 4318850.293, 110
Trd, 4318851.543, 80
Trd, 4318852.643, 81
Trd, 4318853.243, 92
Trd, 4318853.843, 114
Trd, 4318855.793, 101
Trd, 4318856.993, 104
Trd, 4318857.643, 115
Trd, 4318857.793, 95
Trd, 4318858.643, 86
Trd, 4318858.843, 75
Trd, 4318859.543, 113
Trd, 4318859.793, 63
Trd, 4318864.093, 80
Trd, 4318864.193, 79
Trd, 4318864.543, 86
Trd, 4318865.143, 96
Trd, 4318866.593, 77
Trd, 4318869.993, 97
Trd, 4318870.143, 98
Trd, 4318870.693, 95
Trd, 4318871.893, 89
Trd, 4318873.143, 104
Trd, 4318873.743, 113
Trd, 4318877.043, 95
Trd, 4318877.093, 125
Trd, 4318877.693, 120
Trd, 4318877.993, 95
Trd, 4318878.543, 114
Trd, 4318880.193, 96
Trd, 4318880.593, 113
Trd, 4318881.293, 88
Trd, 4318883.293, 109
Trd, 4318883.393, 119
Trd, 4318884.143, 117
Trd, 4318884.293, 92
Trd, 4318884.893, 92
Trd, 4318884.993, 121
Trd, 4318888.143, 86
Trd, 4318890.093, 81
Trd, 4318891.843, 90
Trd, 4318895.443, 102
Trd, 4318895.643, 99
Trd, 4318896.143, 97
Trd, 4318897.193, 116
Trd, 4318898.443, 122
Trd, 4318898.543, 133
Trd, 4318899.193, 99
Trd, 4318899.293, 95
Trd, 4318901.543, 130
Trd, 4318902.593, 86
Trd, 4318902.893, 126
Trd, 4318903.793, 74
Trd, 4318904.143, 117
Trd, 4318906.393, 90
Trd, 4318906.693, 110
Trd, 4318907.743, 84
Trd, 4318908.393, 83
Trd, 4318909.793, 112
Trd, 4318910.493, 90
Trd, 4318912.093, 116
Trd, 4318912.493, 87
Trd, 4318914.643, 87
Trd, 4318914.793, 89
Trd, 4318914.893, 114
Trd, 4318915.993, 122
Trd, 4318916.393, 86
Trd, 4318919.143, 119
Trd, 4318920.293, 113
Trd, 4318920.993, 113
Trd, 4318921.693, 113
Trd, 4318922.193, 121
Trd, 4318922.393, 105
Trd, 4318922.643, 104
Trd, 4318925.443, 104
Trd, 4318926.093, 95
Trd, 4318926.643, 117
Trd, 4318927.843, 121
Trd, 4318928.943, 87
Trd, 4318931.293, 80
Trd, 4318931.893, 86
Trd, 4318931.993, 95
Trd, 4318934.043, 88
Trd, 4318934.843, 112
Trd, 4318934.893, 113
Trd, 4318936.043, 89
Trd, 4318936.993, 88
Trd, 4318937.093, 95
Trd, 4318938.943, 114
Trd, 4318939.193, 71
Trd, 4318940.293, 72
Trd, 4318940.393, 71
Trd, 4318942.943, 86
Trd, 4318943.643, 95
Trd, 4318944.343, 81
Trd, 4318945.893, 104
Trd, 4318946.443, 85
Trd, 4318947.543, 86
Trd, 4318948.093, 92
Trd, 4318948.643, 110
Trd, 4318950.793, 107
Trd, 4318952.943, 93
Trd, 4318953.343, 93
Trd, 4318954.193, 109
Trd, 4318955.293, 89
Trd, 4318955.343, 108
Trd, 4318956.243, 109
Trd, 4318956.643, 88
Trd, 4318957.493, 87
Trd, 4318958.093, 122
Trd, 4318958.743, 118
Trd, 4318958.943, 87
Trd, 4318962.393, 101
Trd, 4318962.843, 114
Trd, 4318964.993, 95
Trd, 4318965.343, 66
Trd, 4318966.443, 63
Trd, 4318968.243, 89
Trd, 4318968.443, 72
Trd, 4318968.593, 95
Trd, 4318970.143, 122
Trd, 4318970.393, 131
Trd, 4318972.493, 122
Trd, 4318972.843, 121
Trd, 4318973.143, 104
Trd, 4318976.393, 101
Trd, 4318977.843, 114
Trd, 4318978.843, 90
Trd, 4318980.143, 90
Trd, 4318980.593, 110
Trd, 4318981.043, 88
Trd, 4318981.843, 111
Trd, 4318984.293, 73
Trd, 4318984.493, 78
Trd, 4318987.043, 90
Trd, 4318988.743, 110
Trd, 4318989.743, 88
Trd, 4318991.643, 92
Trd, 4318992.743, 90
Trd, 4318992.793, 87
Trd, 4318993.993, 87
Trd, 4318995.643, 88
Trd, 4318995.893, 95
Trd, 4318996.543, 86
Trd, 4318997.593, 84
Trd, 4319000.743, 72
Trd, 4319002.243, 115
Trd, 4319003.943, 122
Trd, 4319004.193, 124
Trd, 4319005.693, 95
Trd, 4319006.243, 87
Trd, 4319006.693, 116
Trd, 4319007.843, 120
Trd, 4319009.443, 111
Trd, 4319010.093, 122
Trd, 4319011.393, 90
Trd, 4319012.193, 87
Trd, 4319013.693, 86
Trd, 4319013.793, 128
Trd, 4319013.893, 76
Trd, 4319014.643, 117
Trd, 4319014.743, 77
Trd, 4319017.193, 93
Trd, 4319018.493, 81
Trd, 4319018.743, 101
Trd, 4319019.843, 116
Trd, 4319021.443, 88
Trd, 4319021.493, 87
Trd, 4319021.993, 98
Trd, 4319024.943, 92
Trd, 4319025.493, 121
Trd, 4319026.493, 122
Trd, 4319026.693, 92
Trd, 4319028.943, 92
Trd, 4319029.943, 111
Trd, 4319030.193, 92
Trd, 4319031.693, 114
Trd, 4319032.693, 113
Trd, 4319034.093, 124
Trd, 4319034.393, 96
Trd, 4319034.793, 95
Trd, 4319035.193, 73
Trd, 4319035.293, 132
Trd, 4319038.893, 112
Trd, 4319039.093, 113
Trd, 4319040.043, 78
Trd, 4319040.743, 134
Trd, 4319041.943, 118
Trd, 4319042.943, 116
Trd, 4319043.743, 122
Trd, 4319046.243, 108
Trd, 4319046.293, 104
Trd, 4319046.393, 95
Trd, 4319047.093, 115
Trd, 4319049.293, 113
Trd, 4319050.193, 73
Trd, 4319051.593, 114
Trd, 4319052.193, 76
Trd, 4319053.293, 87
Trd, 4319054.193, 118
Trd, 4319056.493, 82
Trd, 4319057.243, 86
Trd, 4319057.393, 83
Trd, 4319058.693, 104
Trd, 4319059.493, 88
Trd, 4319059.593, 115
Trd, 4319061.593, 112
Trd, 4319062.493, 94
Trd, 4319063.393, 96
Trd, 4319063.893, 87
Trd, 4319064.993, 121
Trd, 4319067.443, 87
Trd, 4319067.593, 86
Trd, 4319068.493, 86
Trd, 4319069.193, 90
Trd, 4319070.093, 95
Trd, 4319070.893, 94
Trd, 4319071.843, 91
Trd, 4319072.143, 90
Trd, 4319072.443, 115
Trd, 4319072.843, 121
Trd, 4319075.343, 139
Trd, 4319076.793, 91
Trd, 4319077.293, 114
Trd, 4319077.443, 91
Trd, 4319078.643, 104
Trd, 4319080.243, 98
Trd, 4319080.493, 118
Trd, 4319081.643, 72
Trd, 4319082.993, 113
Trd, 4319083.343, 88
Trd, 4319085.593, 77
Trd, 4319086.993, 90
Trd, 4319087.543, 95
Trd, 4319089.393, 88
Trd, 4319090.143, 89
Trd, 4319091.093, 89
Trd, 4319093.343, 101
Trd, 4319093.493, 104
Trd, 4319095.493, 78
Trd, 4319096.443, 88
Trd, 4319096.643, 81
Trd, 4319098.293, 84
Trd, 4319098.643, 95
Trd, 4319099.293, 83
Trd, 4319099.393, 104
Trd, 4319101.493, 111
Trd, 4319102.293, 78
Trd, 4319103.493, 90
Trd, 4319103.543, 104
Trd, 4319105.643, 87
Trd, 4319106.243, 86
Trd, 4319108.143, 99
Trd, 4319108.693, 111
Trd, 4319109.293, 122
Trd, 4319111.043, 110
Trd, 4319111.543, 104
Trd, 4319112.093, 95
Trd, 4319115.843, 78
Trd, 4319115.993, 108
Trd, 4319116.393, 79
Trd, 4319117.293, 90
Trd, 4319119.493, 80
Trd, 4319120.043, 110
Trd, 4319121.493, 87
Trd, 4319122.893, 81
Trd, 4319124.343, 116
Trd, 4319125.543, 94
Trd, 4319125.893, 100
Trd, 4319126.393, 85
Trd, 4319127.893, 87
Trd, 4319128.693, 113
Trd, 4319130.643, 91
Trd, 4319132.943, 113
Trd, 4319132.993, 114
Trd, 4319134.093, 95
Trd, 4319134.743, 120
Trd, 4319134.843, 95
Trd, 4319136.493, 78
Trd, 4319138.343, 113
Trd, 4319138.593, 86
Trd, 4319139.243, 122
Trd, 4319139.893, 98
Trd, 4319140.943, 76
Trd, 4319141.893, 114
Trd, 4319143.193, 89
Trd, 4319144.243, 84
Trd, 4319144.943, 80
Trd, 4319146.443, 82
Trd, 4319148.493, 80
Trd, 4319149.843, 87
Trd, 4319149.893, 95
Trd, 4319150.893, 86
Trd, 4319152.093, 114
Trd, 4319152.643, 88
Trd, 4319154.243, 90
Trd, 4319154.993, 71
Trd, 4319156.793, 87
Trd, 4319157.393, 82
Trd, 4319159.643, 88
Trd, 4319160.043, 90
Trd, 4319160.093, 95
Trd, 4319161.943, 69
Trd, 4319164.193, 81
Trd, 4319164.843, 89
Trd, 4319165.593, 104
Trd, 4319165.643, 75
Trd, 4319170.143, 84
Trd, 4319171.443, 95
Trd, 4319172.093, 89
Trd, 4319172.543, 104
Trd, 4319174.193, 94
Trd, 4319174.293, 122
Trd, 4319174.493, 99
Trd, 4319175.643, 96
Trd, 4319176.143, 95
Trd, 4319176.593, 136
Trd, 4319178.693, 121
Trd, 4319181.193, 106
Trd, 4319181.443, 104
Trd, 4319181.693, 111
Trd, 4319181.843, 112
Trd, 4319184.493, 99
Trd, 4319184.743, 116
Trd, 4319185.593, 112
Trd, 4319185.643, 95
Trd, 4319187.043, 88
Trd, 4319187.143, 122
Trd, 4319189.293, 122
Trd, 4319189.843, 113
Trd, 4319191.393, 97
Trd, 4319192.193, 95
Trd, 4319192.843, 112
Trd, 4319193.093, 113
Trd, 4319195.693, 91
Trd, 4319196.143, 119
Trd, 4319196.343, 122
Trd, 4319197.543, 94
Trd, 4319198.293, 87
Trd, 4319199.193, 125
Trd, 4319200.843, 123
Trd, 4319202.493, 75
Trd, 4319202.793, 86
Trd, 4319203.343, 67
Trd, 4319204.493, 95
Trd, 4319204.693, 126
Trd, 4319206.043, 115
Trd, 4319207.593, 75
Trd, 4319207.643, 95
Trd, 4319211.493, 85
Trd, 4319211.793, 87
Trd, 4319213.393, 87
Trd, 4319213.643, 86
Trd, 4319214.443, 96
Trd, 4319217.693, 116
Trd, 4319218.093, 73
Trd, 4319220.443, 92
Trd, 4319220.943, 114
Trd, 4319223.093, 87
Trd, 4319223.343, 103
Trd, 4319223.593, 104
Trd, 4319224.693, 85
Trd, 4319227.793, 79
Trd, 4319229.343, 112
Trd, 4319230.393, 85
Trd, 4319230.693, 111
Trd, 4319231.043, 113
Trd, 4319231.593, 86
Trd, 4319233.143, 76
Trd, 4319236.093, 114
Trd, 4319236.393, 86
Trd, 4319236.493, 86
Trd, 4319237.593, 91
Trd, 4319238.393, 115
Trd, 4319238.493, 91
Trd, 4319240.843, 116
Trd, 4319243.043, 98
Trd, 4319243.143, 114
Trd, 4319243.543, 96
Trd, 4319243.643, 116
Trd, 4319245.693, 88
Trd, 4319246.643, 112
Trd, 4319246.993, 113
Trd, 4319247.343, 114
Trd, 4319248.193, 88
Trd, 4319249.443, 89
Trd, 4319250.293, 89
Trd, 4319250.893, 88
Trd, 4319252.193, 107
Trd, 4319253.193, 114
Trd, 4319254.293, 74
Trd, 4319256.143, 77
Trd, 4319257.943, 84
Trd, 4319258.393, 82
Trd, 4319260.043, 86
Trd, 4319262.043, 87
Trd, 4319263.493, 95
Trd, 4319263.543, 82
Trd, 4319263.593, 81
Trd, 4319265.743, 91
Trd, 4319267.343, 95
Trd, 4319268.543, 105
Trd, 4319270.093, 105
Trd, 4319270.693, 74
Trd, 4319271.743, 69
Trd, 4319272.243, 95
Trd, 4319272.693, 114
Trd, 4319274.293, 90
Trd, 4319274.593, 80
Trd, 4319275.343, 104
Trd, 4319277.593, 85
Trd, 4319277.793, 105
Trd, 4319278.043, 113
Trd, 4319278.343, 122
Trd, 4319278.793, 85
Trd, 4319282.893, 83
Trd, 4319283.393, 91
Trd, 4319284.843, 114
Trd, 4319284.893, 115
Trd, 4319285.843, 87
Trd, 4319285.993, 86
Trd, 4319287.643, 89
Trd, 4319288.093, 121
Trd, 4319289.293, 88
Trd, 4319289.843, 87
Trd, 4319291.543, 90
Trd, 4319291.593, 113
Trd, 4319292.343, 88
Trd, 4319293.893, 119
Trd, 4319294.693, 88
Trd, 4319295.493, 117
Trd, 4319296.443, 113
Trd, 4319296.493, 113
Trd, 4319298.793, 88
Trd, 4319298.843, 119
Trd, 4319299.543, 88
Trd, 4319300.493, 86
Trd, 4319302.593, 116
Trd, 4319302.843, 117
Trd, 4319304.293, 122
Trd, 4319304.593, 76
Trd, 4319307.643, 86
Trd, 4319308.843, 95
Trd, 4319309.043, 80
Trd, 4319310.793, 113
Trd, 4319312.243, 90
Trd, 4319312.493, 90
Trd, 4319312.593, 114
Trd, 4319312.943, 118
Trd, 4319313.443, 88
Trd, 4319314.443, 88
Trd, 4319316.743, 108
Trd, 4319316.893, 107
Trd, 4319319.643, 76
Trd, 4319319.793, 100
Trd, 4319319.943, 104
Trd, 4319321.293, 81
Trd, 4319321.443, 91
Trd, 4319325.343, 94
Trd, 4319326.593, 94
Trd, 4319328.543, 110
Trd, 4319329.043, 115
Trd, 4319329.593, 97
Trd, 4319331.193, 96
Trd, 4319331.493, 116
Trd, 4319332.043, 91
Trd, 4319333.443, 92
Trd, 4319333.693, 92
Trd, 4319334.243, 95
Trd, 4319335.043, 93
Trd, 4319336.443, 95
Trd, 4319337.593, 119
Trd, 4319338.693, 95
Trd, 4319339.443, 90
Trd, 4319339.593, 104
Trd, 4319340.043, 87
Trd, 4319340.493, 86
Trd, 4319342.693, 109
Trd, 4319342.843, 72
Trd, 4319345.243, 84
Trd, 4319345.293, 83
Trd, 4319347.093, 88
Trd, 4319347.943, 95
Trd, 4319350.943, 95
Trd, 4319351.693, 96
Trd, 4319352.343, 104
Trd, 4319352.593, 95
Trd, 4319352.893, 86
Trd, 4319352.993, 113
Trd, 4319353.393, 75
Trd, 4319353.843, 122
Trd, 4319357.243, 84
Trd, 4319357.543, 87
Trd, 4319357.993, 95
Trd, 4319359.343, 76
Trd, 4319359.893, 77
Trd, 4319360.093, 95
Trd, 4319360.293, 76
Trd, 4319361.743, 75
Trd, 4319362.993, 100
Trd, 4319364.393, 80
Trd, 4319365.193, 80
Trd, 4319365.293, 119
Trd, 4319365.893, 89
Trd, 4319367.743, 71
Trd, 4319369.143, 74
Trd, 4319369.243, 102
Trd, 4319369.343, 72
Trd, 4319370.093, 112
Trd, 4319370.743, 119
Trd, 4319372.493, 89
Trd, 4319374.293, 90
Trd, 4319374.393, 89
Trd, 4319376.043, 117
Trd, 4319376.643, 122
Trd, 4319377.593, 76
Trd, 4319379.493, 121
Trd, 4319380.193, 113
Trd, 4319381.393, 79
Trd, 4319382.093, 86
Trd, 4319384.293, 84
Trd, 4319386.293, 112
Trd, 4319386.793, 93
Trd, 4319387.043, 92
Trd, 4319388.593, 113
Trd, 4319389.543, 115
Trd, 4319389.693, 86
Trd, 4319392.693, 95
Trd, 4319393.143, 88
Trd, 4319393.593, 75
Trd, 4319395.043, 87
Trd, 4319395.893, 102
Trd, 4319396.693, 103
Trd, 4319397.543, 90
Trd, 4319398.143, 91
Trd, 4319400.993, 78
Trd, 4319401.343, 89
Trd, 4319403.793, 81
Trd, 4319404.093, 115
Trd, 4319404.643, 85
Trd, 4319404.693, 95
Trd, 4319405.743, 120
Trd, 4319405.943, 89
Trd, 4319407.143, 80
Trd, 4319408.843, 85
Trd, 4319410.043, 113
Trd, 4319411.993, 83
Trd, 4319413.443, 102
Trd, 4319413.493, 77
Trd, 4319414.043, 88
Trd, 4319416.893, 87
Trd, 4319417.293, 99
Trd, 4319417.643, 104
Trd, 4319418.143, 89
Trd, 4319418.343, 87
Trd, 4319418.843, 102
Trd, 4319421.793, 122
Trd, 4319421.893, 127
Trd, 4319422.593, 127
Trd, 4319422.743, 104
Trd, 4319423.843, 95
Trd, 4319424.143, 86
Trd, 4319424.643, 113
Trd, 4319427.343, 88
Trd, 4319428.043, 106
Trd, 4319429.543, 122
Trd, 4319431.193, 112
Trd, 4319431.493, 88
Trd, 4319431.993, 89
Trd, 4319434.543, 86
Trd, 4319435.243, 95
Trd, 4319437.693, 73
Trd, 4319439.393, 80
Trd, 4319440.993, 89
Trd, 4319441.293, 104
Trd, 4319442.243, 112
Trd, 4319442.993, 114
Trd, 4319443.443, 89
Trd, 4319444.593, 93
Trd, 4319444.793, 92
Trd, 4319446.893, 119
Trd, 4319447.443, 95
Trd, 4319448.093, 86
Trd, 4319449.343, 115
Trd, 4319450.393, 77
Trd, 4319451.593, 121
Trd, 4319452.043, 122
Trd, 4319452.993, 95
Trd, 4319453.193, 81
Trd, 4319455.093, 93
Trd, 4319455.993, 95
Trd, 4319456.293, 92
Trd, 4319457.093, 86
Trd, 4319459.143, 109
Trd, 4319459.843, 108
Trd, 4319461.443, 82
Trd, 4319462.043, 84
Trd, 4319462.593, 92
Trd, 4319462.743, 113
Trd, 4319464.643, 89
Trd, 4319464.993, 117
Trd, 4319467.893, 89
Trd, 4319469.593, 109
Trd, 4319470.543, 95
Trd, 4319470.743, 94
Trd, 4319472.193, 112
Trd, 4319472.693, 113
Trd, 4319473.443, 88
Trd, 4319474.643, 86
Trd, 4319475.093, 62
Trd, 4319475.343, 102
Trd, 4319477.543, 86
Trd, 4319477.643, 104
Trd, 4319477.693, 76
Trd, 4319479.643, 120
Trd, 4319480.543, 104
Trd, 4319482.793, 112
Trd, 4319482.893, 97
Trd, 4319484.593, 86
Trd, 4319485.643, 118
Trd, 4319486.193, 78
Trd, 4319487.993, 79
Trd, 4319489.443, 86
Trd, 4319490.943, 84
Trd, 4319491.743, 95
Trd, 4319492.243, 86
Trd, 4319492.393, 116
Trd, 4319493.393, 122
Trd, 4319494.843, 92
Trd, 4319495.793, 90
Trd, 4319498.843, 88
Trd, 4319498.893, 110
Trd, 4319499.293, 111
Trd, 4319499.993, 79
Trd, 4319500.543, 77
Trd, 4319502.943, 114
Trd, 4319504.693, 112
Trd, 4319505.593, 87
Trd, 4319505.843, 87
Trd, 4319507.193, 90
Trd, 4319507.293, 89
Trd, 4319507.343, 104
Trd, 4319508.293, 121
Trd, 4319509.243, 121
Trd, 4319510.593, 90
Trd, 4319512.093, 97
Trd, 4319513.743, 83
Trd, 4319513.843, 118
Trd, 4319516.043, 96
Trd, 4319516.493, 95
Trd, 4319517.293, 109
Trd, 4319517.343, 93
Trd, 4319518.343, 115
Trd, 4319519.043, 87
Trd, 4319521.743, 86
Trd, 4319522.693, 81
Trd, 4319523.193, 121
Trd, 4319524.443, 82
Trd, 4319525.493, 121
Trd, 4319526.393, 87
Trd, 4319526.693, 86
Trd, 4319527.793, 116
Trd, 4319528.793, 67
Trd, 4319530.343, 95
Trd, 4319531.643, 95
Trd, 4319532.693, 79
Trd, 4319532.943, 78
Trd, 4319533.943, 77
Trd, 4319534.543, 113
Trd, 4319535.043, 61
Trd, 4319535.243, 116
Trd, 4319537.193, 87
Trd, 4319538.143, 120
Trd, 4319538.793, 79
Trd, 4319540.493, 122
Trd, 4319542.693, 88
Trd, 4319544.043, 86
Trd, 4319545.543, 90
Trd, 4319545.643, 86
Trd, 4319546.143, 95
Trd, 4319546.943, 84
Trd, 4319548.093, 104
Trd, 4319548.693, 114
Trd, 4319550.143, 83
Trd, 4319550.443, 122
Trd, 4319551.593, 83
Trd, 4319551.893, 95
Trd, 4319552.993, 116
Trd, 4319555.943, 88
Trd, 4319556.393, 88
Trd, 4319558.843, 91
Trd, 4319559.893, 95
Trd, 4319560.293, 104
Trd, 4319560.593, 97
Trd, 4319560.993, 89
Trd, 4319561.943, 88
Trd, 4319564.393, 109
Trd, 4319565.493, 90
Trd, 4319565.693, 110
Trd, 4319566.093, 94
Trd, 4319566.943, 90
Trd, 4319568.243, 86
Trd, 4319570.593, 72
Trd, 4319572.143, 107
Trd, 4319572.893, 78
Trd, 4319574.643, 83
Trd, 4319574.793, 105
Trd, 4319575.143, 112
Trd, 4319575.293, 115
Trd, 4319577.343, 117
Trd, 4319577.993, 96
Trd, 4319578.343, 119
Trd, 4319580.893, 120
Trd, 4319581.243, 93
Trd, 4319581.543, 122
Trd, 4319582.443, 92
Trd, 4319583.993, 91
Trd, 4319585.393, 88
Trd, 4319585.793, 87
Trd, 4319586.293, 95
Trd, 4319588.093, 118
Trd, 4319589.193, 62
Trd, 4319589.793, 90
Trd, 4319590.593, 119
Trd, 4319592.093, 78
Trd, 4319592.793, 116
Trd, 4319594.193, 80
Trd, 4319595.543, 92
Trd, 4319598.493, 94
Trd, 4319598.593, 93
Trd, 4319599.643, 114
Trd, 4319599.743, 101
Trd, 4319602.143, 113
Trd, 4319604.593, 110
Trd, 4319605.493, 109
Trd, 4319605.743, 113
Trd, 4319606.843, 96
Trd, 4319607.493, 96
Trd, 4319608.393, 95
Trd, 4319608.743, 73
Trd, 4319611.293, 95
Trd, 4319611.893, 81
Trd, 4319611.993, 96
Trd, 4319612.943, 104
Trd, 4319614.543, 107
Trd, 4319616.143, 86
Trd, 4319616.643, 87
Trd, 4319616.793, 122
Trd, 4319617.743, 86
Trd, 4319619.643, 92
Trd, 4319620.343, 92
Trd, 4319621.993, 115
Trd, 4319623.343, 104
Trd, 4319623.393, 126
Trd, 4319625.093, 124
Trd, 4319625.393, 89
Trd, 4319626.143, 122
Trd, 4319627.943, 114
Trd, 4319628.243, 113
Trd, 4319629.743, 96
Trd, 4319630.043, 119
Trd, 4319630.843, 95
Trd, 4319632.293, 117
Trd, 4319633.243, 79
Trd, 4319633.493, 78
Trd, 4319635.293, 65
Trd, 4319636.293, 122
Trd, 4319637.593, 92
Trd, 4319638.693, 70
Trd, 4319640.043, 79
Trd, 4319641.193, 75
Trd, 4319641.293, 101
Trd, 4319641.593, 104
Trd, 4319641.893, 122
Trd, 4319644.143, 101
Trd, 4319644.793, 102
Trd, 4319645.893, 89
Trd, 4319646.393, 81
Trd, 4319646.593, 81
Trd, 4319649.793, 85
Trd, 4319650.243, 101
Trd, 4319650.893, 90
Trd, 4319651.793, 88
Trd, 4319653.193, 91
Trd, 4319655.393, 111
Trd, 4319655.593, 96
Trd, 4319655.743, 95
Trd, 4319656.793, 88
Trd, 4319658.443, 95
Trd, 4319659.393, 97
Trd, 4319661.393, 113
Trd, 4319662.943, 95
Trd, 4319663.193, 95
Trd, 4319663.993, 95
Trd, 4319664.643, 86
Trd, 4319665.743, 111
Trd, 4319668.343, 83
Trd, 4319668.943, 87
Trd, 4319669.343, 88
Trd, 4319670.393, 115
Trd, 4319671.043, 91
Trd, 4319671.843, 90
Trd, 4319673.443, 89
Trd, 4319674.193, 104
Trd, 4319674.993, 113
Trd, 4319676.293, 89
Trd, 4319677.493, 119
Trd, 4319678.143, 110
Trd, 4319679.643, 119
Trd, 4319681.393, 112
Trd, 4319683.043, 100
Trd, 4319683.443, 95
Trd, 4319684.793, 91
Trd, 4319685.043, 89
Trd, 4319685.293, 110
Trd, 4319689.093, 109
Trd, 4319689.593, 94
Trd, 4319689.943, 111
Trd, 4319690.893, 97
Trd, 4319692.043, 88
Trd, 4319692.293, 87
Trd, 4319694.593, 90
Trd, 4319695.593, 113
Trd, 4319696.493, 87
Trd, 4319696.943, 105
Trd, 4319697.993, 113
Trd, 4319698.843, 87
Trd, 4319701.343, 113
Trd, 4319703.743, 103
Trd, 4319703.893, 116
Trd, 4319706.493, 83
Trd, 4319707.043, 79
Trd, 4319707.793, 87
Trd, 4319708.043, 79
Trd, 4319709.743, 102
Trd, 4319710.393, 88
Trd, 4319712.093, 89
Trd, 4319712.943, 75
Trd, 4319713.143, 72
Trd, 4319717.443, 114
Trd, 4319717.493, 82
Trd, 4319718.543, 84
Trd, 4319718.843, 111
Trd, 4319722.343, 100
Trd, 4319722.743, 94
Trd, 4319723.193, 91
Trd, 4319723.543, 104
Trd, 4319724.693, 94
Trd, 4319726.643, 107
Trd, 4319726.743, 86
Trd, 4319727.193, 109
Trd, 4319728.593, 87
Trd, 4319730.243, 114
Trd, 4319731.243, 87
Trd, 4319731.593, 86
Trd, 4319731.843, 104
Trd, 4319732.643, 121
Trd, 4319733.343, 88
Trd, 4319734.993, 130
Trd, 4319735.143, 99
Trd, 4319737.243, 95
Trd, 4319737.843, 91
Trd, 4319739.143, 113
Trd, 4319741.643, 93
Trd, 4319741.743, 104
Trd, 4319743.093, 93
Trd, 4319743.393, 93
Trd, 4319744.693, 122
Trd, 4319746.143, 113
Trd, 4319747.843, 108
Trd, 4319748.443, 116
Trd, 4319749.293, 108
Trd, 4319749.343, 95
Trd, 4319750.343, 87
Trd, 4319752.993, 71
Trd, 4319754.443, 98
Trd, 4319754.893, 99
Trd, 4319757.643, 78
Trd, 4319758.593, 88
Trd, 4319758.993, 104
Trd, 4319761.943, 93
Trd, 4319762.043, 97
Trd, 4319762.693, 88
Trd, 4319762.843, 87
Trd, 4319764.893, 93
Trd, 4319765.293, 111
Trd, 4319765.693, 91
Trd, 4319768.693, 89
Trd, 4319768.943, 95
Trd, 4319769.193, 115
Trd, 4319769.393, 105
Trd, 4319769.643, 96
Trd, 4319770.143, 95
Trd, 4319771.593, 69
Trd, 4319771.793, 104
Trd, 4319773.843, 62
Trd, 4319774.543, 86
Trd, 4319776.843, 90
Trd, 4319777.093, 112
Trd, 4319777.843, 89
Trd, 4319778.943, 113
Trd, 4319779.293, 89
Trd, 4319780.143, 90
Trd, 4319781.043, 119
Trd, 4319781.743, 116
Trd, 4319782.143, 87
Trd, 4319783.693, 113
Trd, 4319785.193, 70
Trd, 4319785.793, 67
Trd, 4319786.243, 104
Trd, 4319786.793, 75
Trd, 4319787.043, 122
Trd, 4319788.693, 121
Trd, 4319789.393, 129
Trd, 4319790.593, 104
Trd, 4319791.093, 95
Trd, 4319791.143, 86
Trd, 4319794.793, 86
Trd, 4319795.243, 83
Trd, 4319795.793, 95
Trd, 4319796.993, 86
Trd, 4319797.093, 86
Trd, 4319798.143, 88
Trd, 4319799.243, 103
Trd, 4319801.693, 117
Trd, 4319802.643, 85
Trd, 4319803.093, 117
Trd, 4319803.243, 80
Trd, 4319804.043, 114
Trd, 4319807.293, 78
Trd, 4319807.993, 86
Trd, 4319808.343, 104
Trd, 4319810.393, 87
Trd, 4319811.443, 86
Trd, 4319812.443, 95
Trd, 4319813.343, 92
Trd, 4319813.493, 104
Trd, 4319814.743, 82
Trd, 4319815.193, 121
Trd, 4319815.893, 86
Trd, 4319817.043, 88
Trd, 4319818.243, 88
Trd, 4319818.993, 116
Trd, 4319820.143, 113
Trd, 4319821.343, 91
Trd, 4319822.943, 118
Trd, 4319823.193, 78
Trd, 4319825.643, 76
Trd, 4319826.043, 117
Trd, 4319826.693, 120
Trd, 4319828.293, 104
Trd, 4319829.393, 89
Trd, 4319830.043, 120
Trd, 4319830.193, 88
Trd, 4319831.543, 89
Trd, 4319833.043, 90
Trd, 4319833.243, 114
Trd, 4319833.993, 90
Trd, 4319834.243, 120
Trd, 4319834.793, 70
Trd, 4319840.343, 89
Trd, 4319840.993, 114
Trd, 4319841.193, 91
Trd, 4319842.043, 119
Trd, 4319842.493, 87
Trd, 4319843.793, 87
Trd, 4319844.743, 114
Trd, 4319845.493, 117
Trd, 4319846.793, 88
Trd, 4319847.843, 107
Trd, 4319848.643, 88
Trd, 4319851.143, 80
Trd, 4319851.943, 87
Trd, 4319852.143, 104
Trd, 4319852.643, 121
Trd, 4319853.793, 88
Trd, 4319855.043, 121
Trd, 4319856.193, 91
Trd, 4319857.743, 116
Trd, 4319858.443, 95
Trd, 4319858.793, 94
Trd, 4319859.643, 116
Trd, 4319861.243, 94
Trd, 4319861.643, 115
Trd, 4319862.143, 87
Trd, 4319862.443, 86
Trd, 4319864.743, 77
Trd, 4319868.443, 87
Trd, 4319868.593, 105
Trd, 4319868.993, 79
Trd, 4319870.293, 96
Trd, 4319870.943, 83
Trd, 4319871.443, 107
Trd, 4319872.593, 88
Trd, 4319874.193, 116
Trd, 4319874.343, 77
Trd, 4319876.643, 90
Trd, 4319876.843, 79
Trd, 4319878.343, 116
Trd, 4319881.043, 114
Trd, 4319881.393, 93
Trd, 4319881.593, 92
Trd, 4319883.293, 110
Trd, 4319883.443, 111
Trd, 4319884.143, 97
Trd, 4319884.993, 97
Trd, 4319885.093, 120
Trd, 4319886.043, 95
Trd, 4319886.093, 86
Trd, 4319888.643, 104
Trd, 4319888.793, 98
Trd, 4319889.993, 118
Trd, 4319890.193, 86
Trd, 4319891.043, 122
Trd, 4319891.393, 113
Trd, 4319895.243, 93
Trd, 4319897.143, 122
Trd, 4319899.093, 99
Trd, 4319899.293, 96
Trd, 4319899.543, 118
Trd, 4319899.793, 119
Trd, 4319899.943, 95
Trd, 4319900.593, 86
Trd, 4319901.943, 119
Trd, 4319903.493, 74
Trd, 4319904.543, 125
Trd, 4319904.943, 122
Trd, 4319905.043, 104
Trd, 4319909.443, 86
Trd, 4319909.693, 86
Trd, 4319912.543, 104
Trd, 4319913.093, 114
Trd, 4319913.743, 93
Trd, 4319915.143, 92
Trd, 4319915.843, 118
Trd, 4319917.243, 119
Trd, 4319918.893, 106
Trd, 4319919.243, 104
Trd, 4319919.343, 95
Trd, 4319920.543, 112
Trd, 4319922.393, 93
Trd, 4319923.893, 96
Trd, 4319924.343, 118
Trd, 4319926.393, 88
Trd, 4319926.443, 116
Trd, 4319927.193, 121
Trd, 4319928.343, 75
Trd, 4319929.093, 74
Trd, 4319929.493, 95
Trd, 4319931.393, 82
Trd, 4319931.443, 81
Trd, 4319932.743, 89
Trd, 4319934.193, 95
Trd, 4319934.943, 104
Trd, 4319935.193, 77
Trd, 4319936.293, 108
Trd, 4319936.843, 78
Trd, 4319937.093, 119
Trd, 4319940.393, 95
Trd, 4319941.043, 99
Trd, 4319941.143, 85
Trd, 4319941.843, 86
Trd, 4319942.143, 85
Trd, 4319943.843, 112
Trd, 4319945.193, 91
Trd, 4319945.443, 114
Trd, 4319946.193, 117
Trd, 4319948.543, 94
Trd, 4319949.843, 95
Trd, 4319950.593, 96
Trd, 4319950.843, 117
Trd, 4319953.093, 95
Trd, 4319953.443, 113
Trd, 4319954.693, 78
Trd, 4319956.243, 111
Trd, 4319957.443, 97
Trd, 4319957.743, 113
Trd, 4319958.393, 87
Trd, 4319960.293, 86
Trd, 4319961.643, 72
Trd, 4319963.343, 98
Trd, 4319964.493, 104
Trd, 4319965.643, 98
Trd, 4319965.993, 86
Trd, 4319966.843, 70
Trd, 4319967.793, 87
Trd, 4319968.243, 109
Trd, 4319970.593, 83
Trd, 4319971.593, 84
Trd, 4319973.093, 86
Trd, 4319975.593, 104
Trd, 4319975.793, 115
Trd, 4319975.943, 122
Trd, 4319976.243, 95
Trd, 4319978.993, 96
Trd, 4319979.293, 95
Trd, 4319979.493, 107
Trd, 4319979.943, 76
Trd, 4319982.293, 91
Trd, 4319982.493, 95
Trd, 4319983.343, 80
Trd, 4319984.193, 80
Trd, 4319988.193, 107
Trd, 4319988.493, 90
Trd, 4319988.793, 90
Trd, 4319990.443, 86
Trd, 4319990.943, 108
Trd, 4319991.593, 108
Trd, 4319993.643, 89
Trd, 4319994.093, 82
Trd, 4319995.593, 102
Trd, 4319997.343, 79
Trd, 4319997.943, 103
Trd, 4319999.493, 113
