Trd, 4317854.193, 108
Trd, 4317855.093, 108
Trd, 4317855.643, 115
Trd, 4317856.743, 104
Trd, 4317856.793, 95
Trd, 4317858.693, 106
Trd, 4317859.293, 108
Trd, 4317862.193, 112
Trd, 4317862.693, 112
Trd, 4317863.693, 104
Trd, 4317866.493, 100
Trd, 4317867.343, 109
Trd, 4317867.843, 97
Trd, 4317868.193, 95
Trd, 4317870.493, 121
Trd, 4317873.043, 115
Trd, 4317873.343, 113
Trd, 4317877.593, 88
Trd, 4317878.093, 98
Trd, 4317879.243, 90
Trd, 4317879.893, 104
Trd, 4317883.493, 101
Trd, 4317884.143, 100
Trd, 4317885.243, 95
Trd, 4317886.693, 107
Trd, 4317887.993, 105
Trd, 4317889.043, 104
Trd, 4317890.493, 95
Trd, 4317892.443, 82
Trd, 4317893.143, 128
Trd, 4317894.543, 112
Trd, 4317895.643, 112
Trd, 4317896.993, 106
Trd, 4317897.143, 105
Trd, 4317900.643, 104
Trd, 4317901.493, 109
Trd, 4317905.043, 102
Trd, 4317905.593, 101
Trd, 4317906.443, 120
Trd, 4317906.693, 104
Trd, 4317908.093, 105
Trd, 4317911.443, 95
Trd, 4317911.893, 94
Trd, 4317912.043, 96
Trd, 4317913.093, 104
Trd, 4317913.443, 108
Trd, 4317915.093, 119
Trd, 4317915.543, 80
Trd, 4317916.193, 86
Trd, 4317917.543, 114
Trd, 4317919.243, 93
Trd, 4317923.143, 98
Trd, 4317923.643, 95
Trd, 4317924.643, 118
Trd, 4317925.643, 94
Trd, 4317927.293, 107
Trd, 4317927.943, 104
Trd, 4317929.443, 113
Trd, 4317931.693, 99
Trd, 4317932.693, 96
Trd, 4317935.193, 99
Trd, 4317935.993, 111
Trd, 4317937.843, 96
Trd, 4317938.343, 77
Trd, 4317939.743, 101
Trd, 4317941.093, 104
Trd, 4317943.843, 106
Trd, 4317945.343, 105
Trd, 4317945.693, 96
Trd, 4317945.943, 95
Trd, 4317948.643, 91
Trd, 4317951.043, 105
Trd, 4317951.293, 91
Trd, 4317952.393, 101
Trd, 4317954.193, 89
Trd, 4317954.793, 104
Trd, 4317955.443, 90
Trd, 4317955.993, 104
Trd, 4317959.143, 102
Trd, 4317959.943, 96
Trd, 4317960.193, 104
Trd, 4317960.393, 95
Trd, 4317962.793, 83
Trd, 4317963.943, 85
Trd, 4317964.443, 104
Trd, 4317965.393, 84
Trd, 4317966.393, 100
Trd, 4317966.993, 96
Trd, 4317968.143, 85
Trd, 4317972.443, 103
Trd, 4317973.743, 102
Trd, 4317975.093, 103
Trd, 4317975.393, 96
Trd, 4317976.793, 96
Trd, 4317977.643, 96
Trd, 4317978.343, 77
Trd, 4317979.343, 104
Trd, 4317981.393, 109
Trd, 4317982.643, 105
Trd, 4317983.343, 79
Trd, 4317984.993, 78
Trd, 4317985.693, 104
Trd, 4317988.093, 92
Trd, 4317989.593, 105
Trd, 4317990.593, 95
Trd, 4317991.493, 96
Trd, 4317993.543, 98
Trd, 4317995.343, 112
Trd, 4317998.543, 101
Trd, 4317999.093, 105
Trd, 4317999.943, 100
Trd, 4318000.243, 100
Trd, 4318000.743, 101
Trd, 4318002.143, 103
Trd, 4318002.793, 95
Trd, 4318004.093, 118
Trd, 4318007.443, 117
Trd, 4318007.843, 116
Trd, 4318009.843, 109
Trd, 4318010.943, 104
Trd, 4318011.143, 81
Trd, 4318012.793, 101
Trd, 4318013.593, 77
Trd, 4318016.543, 84
Trd, 4318018.393, 89
Trd, 4318018.893, 104
Trd, 4318021.593, 109
Trd, 4318022.893, 94
Trd, 4318024.093, 95
Trd, 4318028.493, 113
Trd, 4318029.093, 112
Trd, 4318029.793, 112
Trd, 4318031.393, 104
Trd, 4318031.993, 104
Trd, 4318033.043, 107
Trd, 4318034.493, 105
Trd, 4318035.893, 112
Trd, 4318036.593, 126
Trd, 4318040.293, 113
Trd, 4318040.693, 113
Trd, 4318040.843, 104
Trd, 4318045.343, 104
Trd, 4318045.693, 96
Trd, 4318048.493, 113
Trd, 4318049.193, 113
Trd, 4318050.843, 98
Trd, 4318051.643, 96
Trd, 4318053.393, 98
Trd, 4318054.843, 99
Trd, 4318056.643, 98
Trd, 4318056.693, 93
Trd, 4318062.093, 87
Trd, 4318062.643, 95
Trd, 4318062.893, 87
Trd, 4318062.943, 86
Trd, 4318066.143, 95
Trd, 4318067.543, 104
Trd, 4318069.393, 105
Trd, 4318070.043, 94
Trd, 4318070.393, 94
Trd, 4318072.293, 95
Trd, 4318072.993, 104
Trd, 4318074.843, 82
Trd, 4318075.643, 79
Trd, 4318077.643, 100
Trd, 4318080.643, 88
Trd, 4318082.443, 94
Trd, 4318083.043, 94
Trd, 4318084.543, 101
Trd, 4318085.493, 120
Trd, 4318086.043, 108
Trd, 4318087.793, 97
Trd, 4318089.543, 102
Trd, 4318090.643, 108
Trd, 4318091.693, 112
Trd, 4318092.693, 104
Trd, 4318092.943, 103
Trd, 4318094.193, 124
Trd, 4318095.143, 110
Trd, 4318095.593, 109
Trd, 4318095.643, 95
Trd, 4318098.143, 113
Trd, 4318099.193, 81
Trd, 4318100.343, 80
Trd, 4318102.643, 100
Trd, 4318105.093, 104
Trd, 4318106.093, 87
Trd, 4318107.343, 112
Trd, 4318109.343, 93
Trd, 4318110.493, 92
Trd, 4318112.543, 107
Trd, 4318112.743, 84
Trd, 4318115.643, 96
Trd, 4318117.393, 98
Trd, 4318118.343, 104
Trd, 4318121.143, 100
Trd, 4318122.443, 102
Trd, 4318123.293, 106
Trd, 4318124.543, 96
Trd, 4318125.843, 122
Trd, 4318126.993, 111
Trd, 4318127.943, 104
Trd, 4318128.693, 96
Trd, 4318129.543, 96
Trd, 4318129.793, 95
Trd, 4318132.393, 95
Trd, 4318134.893, 99
Trd, 4318137.793, 98
Trd, 4318138.593, 122
Trd, 4318141.593, 109
Trd, 4318141.943, 105
Trd, 4318142.843, 104
Trd, 4318142.893, 103
Trd, 4318143.343, 95
Trd, 4318146.993, 97
Trd, 4318147.943, 98
Trd, 4318148.543, 125
Trd, 4318148.643, 95
Trd, 4318149.643, 96
Trd, 4318150.793, 69
Trd, 4318153.493, 104
Trd, 4318154.443, 89
Trd, 4318155.743, 92
Trd, 4318157.093, 100
Trd, 4318157.693, 112
Trd, 4318157.943, 94
Trd, 4318159.343, 94
Trd, 4318162.043, 109
Trd, 4318163.043, 109
Trd, 4318163.493, 106
Trd, 4318165.143, 107
Trd, 4318166.443, 99
Trd, 4318169.893, 101
Trd, 4318170.443, 102
Trd, 4318171.393, 105
Trd, 4318171.993, 104
Trd, 4318173.193, 104
Trd, 4318174.643, 105
Trd, 4318176.693, 117
Trd, 4318178.643, 114
Trd, 4318179.043, 113
Trd, 4318179.243, 106
Trd, 4318179.993, 97
Trd, 4318180.493, 98
Trd, 4318182.093, 104
Trd, 4318183.693, 99
Trd, 4318185.243, 98
Trd, 4318185.643, 96
Trd, 4318185.893, 95
Trd, 4318187.143, 99
Trd, 4318190.093, 103
Trd, 4318190.243, 102
Trd, 4318191.793, 102
Trd, 4318192.043, 97
Trd, 4318193.893, 101
Trd, 4318195.143, 106
Trd, 4318196.043, 107
Trd, 4318197.093, 113
Trd, 4318200.443, 101
Trd, 4318200.693, 101
Trd, 4318202.443, 98
Trd, 4318203.143, 96
Trd, 4318203.943, 101
Trd, 4318204.293, 104
Trd, 4318204.693, 101
Trd, 4318207.893, 106
Trd, 4318207.993, 104
Trd, 4318209.643, 111
Trd, 4318209.743, 95
Trd, 4318210.943, 73
Trd, 4318211.593, 91
Trd, 4318213.043, 85
Trd, 4318216.893, 94
Trd, 4318217.243, 92
Trd, 4318220.493, 98
Trd, 4318220.693, 90
Trd, 4318222.443, 113
Trd, 4318222.543, 100
Trd, 4318222.693, 114
Trd, 4318223.993, 101
Trd, 4318225.343, 96
Trd, 4318227.393, 97
Trd, 4318230.843, 120
Trd, 4318231.493, 120
Trd, 4318232.793, 110
Trd, 4318233.293, 109
Trd, 4318234.193, 122
Trd, 4318234.743, 104
Trd, 4318239.293, 99
Trd, 4318239.393, 97
Trd, 4318239.643, 96
Trd, 4318240.893, 115
Trd, 4318243.593, 98
Trd, 4318246.093, 102
Trd, 4318246.343, 100
Trd, 4318246.443, 99
Trd, 4318247.443, 95
Trd, 4318251.793, 105
Trd, 4318252.743, 104
Trd, 4318256.643, 109
Trd, 4318256.993, 108
Trd, 4318258.693, 106
Trd, 4318259.593, 113
Trd, 4318259.793, 97
Trd, 4318263.693, 107
Trd, 4318264.693, 108
Trd, 4318265.493, 104
Trd, 4318266.843, 104
Trd, 4318267.943, 112
Trd, 4318269.143, 113
Trd, 4318270.793, 84
Trd, 4318274.743, 114
Trd, 4318275.443, 104
Trd, 4318276.593, 102
Trd, 4318276.743, 95
Trd, 4318278.043, 74
Trd, 4318278.443, 78
Trd, 4318278.943, 104
Trd, 4318281.243, 94
Trd, 4318282.343, 97
Trd, 4318283.943, 98
Trd, 4318285.143, 99
Trd, 4318286.293, 125
Trd, 4318286.943, 98
Trd, 4318287.393, 95
Trd, 4318289.193, 101
Trd, 4318290.943, 82
Trd, 4318293.143, 126
Trd, 4318293.343, 132
Trd, 4318293.993, 107
Trd, 4318294.393, 104
Trd, 4318298.843, 105
Trd, 4318299.243, 103
Trd, 4318300.243, 103
Trd, 4318302.193, 101
Trd, 4318302.293, 95
Trd, 4318302.443, 104
Trd, 4318303.793, 92
Trd, 4318305.493, 80
Trd, 4318307.643, 87
Trd, 4318311.093, 107
Trd, 4318311.643, 97
Trd, 4318312.243, 112
Trd, 4318312.393, 95
Trd, 4318313.393, 96
Trd, 4318315.793, 102
Trd, 4318317.693, 104
Trd, 4318320.143, 109
Trd, 4318320.493, 108
Trd, 4318321.693, 110
Trd, 4318322.293, 95
Trd, 4318325.143, 104
Trd, 4318326.043, 113
Trd, 4318326.343, 122
Trd, 4318326.643, 113
Trd, 4318327.343, 104
Trd, 4318328.643, 97
Trd, 4318330.493, 98
Trd, 4318333.943, 103
Trd, 4318334.593, 103
Trd, 4318334.743, 101
Trd, 4318334.943, 95
Trd, 4318336.443, 104
Trd, 4318339.093, 102
Trd, 4318341.993, 98
Trd, 4318342.893, 97
Trd, 4318343.143, 104
Trd, 4318344.643, 106
Trd, 4318345.293, 102
Trd, 4318345.643, 99
Trd, 4318348.343, 123
Trd, 4318349.493, 122
Trd, 4318351.143, 112
Trd, 4318352.043, 104
Trd, 4318356.043, 105
Trd, 4318357.293, 108
Trd, 4318358.643, 101
Trd, 4318359.643, 100
Trd, 4318360.543, 100
Trd, 4318363.593, 86
Trd, 4318364.243, 77
Trd, 4318364.693, 101
Trd, 4318365.593, 79
Trd, 4318370.093, 99
Trd, 4318372.193, 96
Trd, 4318373.843, 121
Trd, 4318374.543, 100
Trd, 4318374.793, 98
Trd, 4318377.443, 101
Trd, 4318377.993, 104
Trd, 4318379.843, 111
Trd, 4318381.793, 108
Trd, 4318383.193, 108
Trd, 4318384.293, 113
Trd, 4318386.143, 105
Trd, 4318387.543, 106
Trd, 4318388.343, 104
Trd, 4318388.843, 95
Trd, 4318389.693, 111
Trd, 4318390.543, 73
Trd, 4318391.243, 95
Trd, 4318393.693, 106
Trd, 4318395.293, 108
Trd, 4318396.143, 105
Trd, 4318397.743, 111
Trd, 4318399.693, 105
Trd, 4318400.843, 112
Trd, 4318401.493, 104
Trd, 4318402.943, 102
Trd, 4318403.193, 102
Trd, 4318403.993, 95
Trd, 4318405.743, 97
Trd, 4318407.043, 77
Trd, 4318408.993, 83
Trd, 4318409.443, 79
Trd, 4318410.093, 104
Trd, 4318411.543, 78
Trd, 4318414.193, 95
Trd, 4318414.393, 94
Trd, 4318416.593, 95
Trd, 4318416.793, 104
Trd, 4318418.143, 80
Trd, 4318420.593, 85
Trd, 4318421.193, 83
Trd, 4318422.293, 102
Trd, 4318423.643, 96
Trd, 4318424.393, 95
Trd, 4318424.543, 105
Trd, 4318427.293, 99
Trd, 4318427.693, 98
Trd, 4318429.293, 98
Trd, 4318429.893, 95
Trd, 4318432.143, 109
Trd, 4318435.693, 82
Trd, 4318435.893, 83
Trd, 4318438.193, 93
Trd, 4318439.093, 92
Trd, 4318439.293, 91
Trd, 4318440.943, 95
Trd, 4318442.593, 94
Trd, 4318442.793, 104
Trd, 4318443.993, 95
Trd, 4318445.743, 123
Trd, 4318446.093, 98
Trd, 4318446.443, 97
Trd, 4318448.743, 80
Trd, 4318450.143, 102
Trd, 4318450.793, 103
Trd, 4318454.293, 92
Trd, 4318455.443, 108
Trd, 4318455.843, 104
Trd, 4318459.393, 104
Trd, 4318460.743, 99
Trd, 4318461.093, 120
Trd, 4318462.693, 103
Trd, 4318463.093, 95
Trd, 4318464.993, 118
Trd, 4318466.693, 120
Trd, 4318467.143, 104
Trd, 4318468.643, 104
Trd, 4318471.643, 102
Trd, 4318473.943, 96
Trd, 4318474.693, 88
Trd, 4318476.543, 104
Trd, 4318477.043, 103
Trd, 4318477.893, 82
Trd, 4318479.493, 121
Trd, 4318480.943, 77
Trd, 4318484.843, 102
Trd, 4318485.943, 99
Trd, 4318486.093, 99
Trd, 4318486.293, 83
Trd, 4318487.343, 104
Trd, 4318488.643, 86
Trd, 4318491.493, 108
Trd, 4318494.093, 104
Trd, 4318494.393, 104
Trd, 4318495.443, 86
Trd, 4318495.543, 104
Trd, 4318496.693, 98
Trd, 4318496.793, 104
Trd, 4318498.893, 84
Trd, 4318500.893, 113
Trd, 4318502.543, 101
Trd, 4318503.093, 103
Trd, 4318504.393, 97
Trd, 4318504.793, 104
Trd, 4318507.743, 104
Trd, 4318508.193, 102
Trd, 4318508.743, 126
Trd, 4318509.193, 95
Trd, 4318510.193, 76
Trd, 4318513.043, 88
Trd, 4318514.943, 104
Trd, 4318515.093, 98
Trd, 4318515.493, 91
Trd, 4318516.843, 111
Trd, 4318519.943, 112
Trd, 4318521.943, 86
Trd, 4318522.343, 108
Trd, 4318526.093, 95
Trd, 4318526.143, 104
Trd, 4318526.993, 96
Trd, 4318527.593, 107
Trd, 4318529.243, 102
Trd, 4318530.593, 101
Trd, 4318531.443, 111
Trd, 4318532.693, 102
Trd, 4318533.893, 96
Trd, 4318536.543, 98
Trd, 4318537.593, 104
Trd, 4318539.943, 92
Trd, 4318540.643, 104
Trd, 4318541.793, 90
Trd, 4318544.293, 90
Trd, 4318544.443, 104
Trd, 4318545.643, 109
Trd, 4318546.043, 93
Trd, 4318549.593, 99
Trd, 4318549.743, 95
Trd, 4318553.643, 94
Trd, 4318553.793, 99
Trd, 4318556.393, 103
Trd, 4318557.393, 103
Trd, 4318558.393, 121
Trd, 4318558.893, 109
Trd, 4318559.343, 108
Trd, 4318559.693, 95
Trd, 4318562.343, 104
Trd, 4318563.443, 95
Trd, 4318565.543, 112
Trd, 4318567.643, 98
Trd, 4318569.143, 97
Trd, 4318572.943, 109
Trd, 4318573.393, 105
Trd, 4318573.743, 104
Trd, 4318574.743, 96
Trd, 4318576.593, 97
Trd, 4318576.843, 95
Trd, 4318578.993, 126
Trd, 4318579.243, 124
Trd, 4318581.943, 111
Trd, 4318586.293, 101
Trd, 4318587.093, 104
Trd, 4318588.193, 99
Trd, 4318589.493, 106
Trd, 4318589.993, 112
Trd, 4318597.943, 108
Trd, 4318598.043, 104
Trd, 4318600.443, 105
Trd, 4318601.343, 106
Trd, 4318601.393, 104
Trd, 4318601.593, 99
Trd, 4318606.243, 98
Trd, 4318606.693, 105
Trd, 4318608.593, 96
Trd, 4318610.843, 93
Trd, 4318612.643, 97
Trd, 4318613.743, 113
Trd, 4318614.443, 108
Trd, 4318614.493, 107
Trd, 4318616.893, 99
Trd, 4318617.393, 100
Trd, 4318618.643, 100
Trd, 4318620.393, 102
Trd, 4318620.593, 96
Trd, 4318621.093, 95
Trd, 4318624.243, 77
Trd, 4318627.593, 91
Trd, 4318627.993, 101
Trd, 4318629.643, 104
Trd, 4318630.043, 102
Trd, 4318630.443, 101
Trd, 4318633.643, 113
Trd, 4318634.043, 104
Trd, 4318636.743, 101
Trd, 4318637.893, 111
Trd, 4318640.693, 104
Trd, 4318641.243, 97
Trd, 4318643.593, 99
Trd, 4318645.543, 106
Trd, 4318646.843, 120
Trd, 4318649.143, 108
Trd, 4318649.843, 107
Trd, 4318650.693, 106
Trd, 4318651.043, 104
Trd, 4318651.693, 95
Trd, 4318652.443, 99
Trd, 4318655.993, 84
Trd, 4318656.493, 88
Trd, 4318658.243, 105
Trd, 4318659.643, 105
Trd, 4318661.343, 106
Trd, 4318662.943, 106
Trd, 4318665.293, 112
Trd, 4318665.993, 105
Trd, 4318666.693, 104
Trd, 4318669.943, 87
Trd, 4318671.043, 92
Trd, 4318672.643, 102
Trd, 4318672.693, 95
Trd, 4318675.243, 91
Trd, 4318676.643, 95
Trd, 4318677.693, 96
Trd, 4318678.243, 99
Trd, 4318681.343, 107
Trd, 4318684.143, 108
Trd, 4318684.443, 111
Trd, 4318686.643, 123
Trd, 4318688.293, 111
Trd, 4318690.793, 105
Trd, 4318691.643, 106
Trd, 4318692.743, 110
Trd, 4318693.743, 104
Trd, 4318694.993, 100
Trd, 4318696.593, 110
Trd, 4318698.593, 95
Trd, 4318699.093, 94
Trd, 4318700.443, 103
Trd, 4318703.593, 106
Trd, 4318704.643, 104
Trd, 4318705.043, 95
Trd, 4318706.443, 104
Trd, 4318706.693, 99
Trd, 4318710.093, 109
Trd, 4318711.193, 98
Trd, 4318712.143, 99
Trd, 4318713.093, 104
Trd, 4318713.643, 99
Trd, 4318713.843, 105
Trd, 4318714.243, 98
Trd, 4318718.943, 114
Trd, 4318719.693, 105
Trd, 4318720.193, 105
Trd, 4318720.593, 104
Trd, 4318720.843, 95
Trd, 4318724.393, 114
Trd, 4318724.993, 113
Trd, 4318726.843, 99
Trd, 4318726.943, 96
Trd, 4318727.743, 125
Trd, 4318729.093, 86
Trd, 4318732.693, 104
Trd, 4318732.843, 105
Trd, 4318733.093, 98
Trd, 4318734.293, 78
Trd, 4318735.193, 78
Trd, 4318737.293, 79
Trd, 4318737.343, 77
Trd, 4318740.743, 104
Trd, 4318743.393, 101
Trd, 4318745.943, 111
Trd, 4318745.993, 105
Trd, 4318747.543, 131
Trd, 4318750.643, 137
Trd, 4318751.793, 106
Trd, 4318752.193, 111
Trd, 4318752.343, 95
Trd, 4318755.643, 89
Trd, 4318756.343, 88
Trd, 4318757.743, 104
Trd, 4318760.543, 79
Trd, 4318760.593, 103
Trd, 4318762.543, 78
Trd, 4318764.543, 95
Trd, 4318765.793, 101
Trd, 4318766.043, 104
Trd, 4318766.843, 95
Trd, 4318767.743, 92
Trd, 4318770.693, 97
Trd, 4318771.093, 95
Trd, 4318773.393, 79
Trd, 4318774.193, 98
Trd, 4318776.743, 115
Trd, 4318777.143, 113
Trd, 4318778.443, 108
Trd, 4318779.243, 106
Trd, 4318781.043, 95
Trd, 4318784.693, 128
Trd, 4318784.743, 122
Trd, 4318786.443, 100
Trd, 4318786.943, 88
Trd, 4318787.693, 89
Trd, 4318789.543, 104
Trd, 4318789.993, 113
Trd, 4318792.893, 100
Trd, 4318793.643, 103
Trd, 4318795.443, 97
Trd, 4318795.893, 69
Trd, 4318796.993, 109
Trd, 4318797.293, 107
Trd, 4318798.593, 103
Trd, 4318800.243, 103
Trd, 4318800.843, 102
Trd, 4318800.943, 102
Trd, 4318802.343, 77
Trd, 4318802.843, 87
Trd, 4318804.093, 104
Trd, 4318807.793, 83
Trd, 4318809.493, 85
Trd, 4318811.893, 95
Trd, 4318815.143, 104
Trd, 4318815.693, 96
Trd, 4318815.843, 95
Trd, 4318815.893, 104
Trd, 4318816.393, 96
Trd, 4318818.593, 101
Trd, 4318820.743, 123
Trd, 4318820.843, 104
Trd, 4318821.543, 96
Trd, 4318822.243, 96
Trd, 4318822.843, 95
Trd, 4318824.593, 104
Trd, 4318824.743, 96
Trd, 4318826.543, 78
Trd, 4318828.893, 80
Trd, 4318828.943, 79
Trd, 4318830.743, 104
Trd, 4318830.893, 90
Trd, 4318833.543, 96
Trd, 4318833.893, 84
Trd, 4318836.043, 92
Trd, 4318836.793, 107
Trd, 4318837.193, 109
Trd, 4318838.543, 104
Trd, 4318839.843, 115
Trd, 4318841.793, 108
Trd, 4318844.243, 111
Trd, 4318845.643, 111
Trd, 4318846.593, 95
Trd, 4318847.393, 95
Trd, 4318850.443, 94
Trd, 4318850.693, 104
Trd, 4318851.693, 110
Trd, 4318852.343, 99
Trd, 4318853.693, 96
Trd, 4318856.043, 121
Trd, 4318856.143, 104
Trd, 4318858.493, 109
Trd, 4318858.643, 104
Trd, 4318859.743, 98
Trd, 4318860.643, 96
Trd, 4318863.293, 125
Trd, 4318865.693, 106
Trd, 4318866.593, 95
Trd, 4318868.443, 92
Trd, 4318868.893, 104
Trd, 4318869.793, 93
Trd, 4318870.043, 101
Trd, 4318873.993, 81
Trd, 4318875.343, 98
Trd, 4318877.043, 124
Trd, 4318878.193, 104
Trd, 4318879.993, 98
Trd, 4318881.693, 103
Trd, 4318882.543, 98
Trd, 4318883.743, 104
Trd, 4318883.993, 95
Trd, 4318885.843, 75
Trd, 4318890.843, 84
Trd, 4318893.943, 102
Trd, 4318894.443, 84
Trd, 4318895.293, 86
Trd, 4318896.543, 87
Trd, 4318898.243, 89
Trd, 4318899.893, 113
Trd, 4318900.693, 113
Trd, 4318901.243, 128
Trd, 4318904.293, 113
Trd, 4318907.243, 113
Trd, 4318908.793, 106
Trd, 4318908.843, 104
Trd, 4318910.343, 109
Trd, 4318913.393, 84
Trd, 4318914.143, 86
Trd, 4318914.393, 85
Trd, 4318914.743, 99
Trd, 4318915.393, 89
Trd, 4318916.493, 90
Trd, 4318919.643, 101
Trd, 4318920.893, 106
Trd, 4318922.643, 100
Trd, 4318923.643, 102
Trd, 4318924.543, 99
Trd, 4318925.493, 95
Trd, 4318925.693, 104
Trd, 4318927.743, 112
Trd, 4318927.943, 105
Trd, 4318928.643, 104
Trd, 4318930.943, 90
Trd, 4318933.793, 99
Trd, 4318935.043, 99
Trd, 4318936.493, 98
Trd, 4318937.093, 111
Trd, 4318938.743, 101
Trd, 4318939.043, 102
Trd, 4318941.293, 109
Trd, 4318941.743, 107
Trd, 4318946.243, 82
Trd, 4318948.743, 91
Trd, 4318949.243, 90
Trd, 4318952.493, 104
Trd, 4318953.643, 107
Trd, 4318955.843, 109
Trd, 4318956.093, 103
Trd, 4318957.793, 75
Trd, 4318958.893, 104
Trd, 4318962.843, 87
Trd, 4318964.393, 91
Trd, 4318964.843, 104
Trd, 4318965.443, 92
Trd, 4318967.843, 84
Trd, 4318968.943, 85
Trd, 4318970.343, 92
Trd, 4318971.593, 112
Trd, 4318974.243, 113
Trd, 4318974.443, 113
Trd, 4318976.193, 84
Trd, 4318979.043, 87
Trd, 4318980.393, 98
Trd, 4318981.493, 108
Trd, 4318981.593, 104
Trd, 4318981.743, 83
Trd, 4318982.943, 80
Trd, 4318985.443, 105
Trd, 4318985.943, 105
Trd, 4318988.193, 104
Trd, 4318988.393, 95
Trd, 4318991.193, 88
Trd, 4318993.243, 94
Trd, 4318993.893, 104
Trd, 4318996.293, 97
Trd, 4318998.543, 95
Trd, 4318999.693, 85
Trd, 4319003.893, 113
Trd, 4319004.043, 108
Trd, 4319005.893, 104
Trd, 4319005.993, 95
Trd, 4319007.443, 81
Trd, 4319007.493, 109
Trd, 4319008.143, 84
Trd, 4319010.243, 88
Trd, 4319011.593, 105
Trd, 4319012.593, 105
Trd, 4319012.743, 104
Trd, 4319014.893, 100
Trd, 4319016.143, 104
Trd, 4319016.443, 88
Trd, 4319019.393, 89
Trd, 4319021.243, 97
Trd, 4319021.943, 96
Trd, 4319024.443, 102
Trd, 4319026.143, 99
Trd, 4319026.743, 106
Trd, 4319027.193, 107
Trd, 4319028.193, 107
Trd, 4319028.793, 104
Trd, 4319030.193, 95
Trd, 4319031.843, 73
Trd, 4319031.993, 86
Trd, 4319037.193, 97
Trd, 4319037.943, 100
Trd, 4319038.193, 97
Trd, 4319038.393, 95
Trd, 4319038.843, 94
Trd, 4319040.693, 102
Trd, 4319041.593, 102
Trd, 4319042.193, 79
Trd, 4319044.243, 126
Trd, 4319045.743, 113
Trd, 4319046.293, 113
Trd, 4319047.093, 112
Trd, 4319049.493, 96
Trd, 4319052.693, 104
Trd, 4319052.793, 104
Trd, 4319052.843, 103
Trd, 4319053.793, 95
Trd, 4319054.043, 113
Trd, 4319058.143, 99
Trd, 4319059.443, 111
Trd, 4319060.393, 109
Trd, 4319061.393, 104
Trd, 4319063.443, 98
Trd, 4319063.593, 97
Trd, 4319065.743, 102
Trd, 4319068.893, 104
Trd, 4319070.943, 127
Trd, 4319072.293, 98
Trd, 4319072.893, 97
Trd, 4319076.193, 106
Trd, 4319077.143, 107
Trd, 4319077.943, 105
Trd, 4319078.043, 104
Trd, 4319079.043, 100
Trd, 4319079.793, 100
Trd, 4319081.093, 102
Trd, 4319081.643, 95
Trd, 4319081.893, 90
Trd, 4319082.393, 112
Trd, 4319085.493, 72
Trd, 4319086.293, 100
Trd, 4319088.343, 115
Trd, 4319088.393, 114
Trd, 4319088.543, 112
Trd, 4319090.893, 86
Trd, 4319092.443, 87
Trd, 4319093.043, 86
Trd, 4319093.843, 86
Trd, 4319096.743, 79
Trd, 4319098.293, 104
Trd, 4319099.493, 110
Trd, 4319099.943, 110
Trd, 4319100.743, 105
Trd, 4319101.293, 114
Trd, 4319103.693, 100
Trd, 4319105.393, 96
Trd, 4319107.343, 108
Trd, 4319107.843, 104
Trd, 4319108.893, 102
Trd, 4319110.693, 107
Trd, 4319113.493, 113
Trd, 4319114.293, 115
Trd, 4319115.743, 111
Trd, 4319116.893, 112
Trd, 4319117.643, 111
Trd, 4319118.143, 111
Trd, 4319121.993, 112
Trd, 4319123.243, 114
Trd, 4319123.393, 113
Trd, 4319124.943, 107
Trd, 4319127.743, 101
Trd, 4319127.843, 100
Trd, 4319129.993, 101
Trd, 4319130.543, 98
Trd, 4319132.843, 78
Trd, 4319133.293, 78
Trd, 4319135.343, 108
Trd, 4319135.843, 104
Trd, 4319137.643, 105
Trd, 4319139.943, 96
Trd, 4319141.393, 102
Trd, 4319143.143, 99
Trd, 4319143.843, 99
Trd, 4319144.043, 96
Trd, 4319145.293, 122
Trd, 4319145.743, 95
Trd, 4319147.443, 76
Trd, 4319149.193, 108
Trd, 4319151.043, 94
Trd, 4319151.393, 104
Trd, 4319152.243, 95
Trd, 4319152.543, 94
Trd, 4319153.843, 95
Trd, 4319155.093, 94
Trd, 4319156.593, 95
Trd, 4319156.993, 95
Trd, 4319157.843, 78
Trd, 4319157.993, 104
Trd, 4319158.793, 103
Trd, 4319158.943, 102
Trd, 4319162.343, 83
Trd, 4319162.943, 85
Trd, 4319167.043, 98
Trd, 4319167.143, 97
Trd, 4319169.543, 95
Trd, 4319170.843, 94
Trd, 4319171.343, 117
Trd, 4319171.493, 93
Trd, 4319171.893, 92
Trd, 4319173.893, 96
Trd, 4319176.493, 92
Trd, 4319177.093, 91
Trd, 4319177.193, 91
Trd, 4319177.343, 109
Trd, 4319179.193, 98
Trd, 4319182.043, 91
Trd, 4319184.343, 97
Trd, 4319185.093, 96
Trd, 4319185.343, 95
Trd, 4319186.693, 88
Trd, 4319187.493, 94
Trd, 4319188.343, 80
Trd, 4319189.343, 97
Trd, 4319192.993, 72
Trd, 4319193.293, 79
Trd, 4319195.143, 104
Trd, 4319197.193, 95
Trd, 4319199.743, 110
Trd, 4319199.943, 110
Trd, 4319200.943, 104
Trd, 4319203.493, 109
Trd, 4319204.493, 113
Trd, 4319205.093, 95
Trd, 4319205.143, 79
Trd, 4319206.793, 79
Trd, 4319209.993, 110
Trd, 4319210.443, 101
Trd, 4319210.543, 100
Trd, 4319211.843, 99
Trd, 4319213.193, 123
Trd, 4319214.093, 96
Trd, 4319216.243, 106
Trd, 4319216.493, 96
Trd, 4319218.393, 124
Trd, 4319219.893, 103
Trd, 4319221.543, 103
Trd, 4319221.593, 95
Trd, 4319223.143, 80
Trd, 4319224.593, 133
Trd, 4319225.043, 123
Trd, 4319225.443, 122
Trd, 4319226.393, 87
Trd, 4319227.293, 85
Trd, 4319227.593, 111
Trd, 4319230.143, 104
Trd, 4319232.543, 108
Trd, 4319233.893, 103
Trd, 4319235.043, 104
Trd, 4319235.243, 101
Trd, 4319235.843, 122
Trd, 4319237.743, 80
Trd, 4319238.893, 119
Trd, 4319240.093, 106
Trd, 4319240.393, 104
Trd, 4319241.193, 116
Trd, 4319242.493, 111
Trd, 4319243.693, 76
Trd, 4319247.693, 112
Trd, 4319247.993, 104
Trd, 4319249.043, 99
Trd, 4319252.993, 102
Trd, 4319254.143, 99
Trd, 4319256.093, 102
Trd, 4319256.843, 114
Trd, 4319257.093, 115
Trd, 4319257.843, 113
Trd, 4319259.543, 104
Trd, 4319259.593, 95
Trd, 4319260.593, 100
Trd, 4319260.743, 87
Trd, 4319264.593, 112
Trd, 4319264.843, 108
Trd, 4319266.143, 95
Trd, 4319268.193, 92
Trd, 4319270.093, 92
Trd, 4319271.943, 98
Trd, 4319272.493, 97
Trd, 4319274.543, 100
Trd, 4319275.643, 104
Trd, 4319276.543, 109
Trd, 4319278.093, 116
Trd, 4319278.243, 110
Trd, 4319278.693, 110
Trd, 4319280.243, 104
Trd, 4319280.793, 88
Trd, 4319283.843, 94
Trd, 4319286.093, 99
Trd, 4319286.643, 104
Trd, 4319287.443, 102
Trd, 4319289.093, 112
Trd, 4319293.693, 104
Trd, 4319294.593, 89
Trd, 4319296.793, 96
Trd, 4319296.843, 101
Trd, 4319300.543, 79
Trd, 4319301.943, 104
Trd, 4319303.443, 91
Trd, 4319304.143, 90
Trd, 4319305.393, 91
Trd, 4319305.843, 91
Trd, 4319306.093, 112
Trd, 4319309.093, 107
Trd, 4319309.143, 96
Trd, 4319309.943, 95
Trd, 4319312.143, 85
Trd, 4319312.543, 99
Trd, 4319314.493, 90
Trd, 4319315.743, 96
Trd, 4319318.043, 98
Trd, 4319318.893, 98
Trd, 4319319.893, 98
Trd, 4319320.293, 94
Trd, 4319321.293, 110
Trd, 4319323.643, 115
Trd, 4319324.743, 95
Trd, 4319326.093, 98
Trd, 4319327.443, 96
Trd, 4319327.893, 95
Trd, 4319330.643, 103
Trd, 4319331.043, 104
Trd, 4319332.793, 98
Trd, 4319335.743, 95
Trd, 4319335.793, 104
Trd, 4319335.993, 96
Trd, 4319337.593, 78
Trd, 4319339.493, 82
Trd, 4319341.143, 84
Trd, 4319343.443, 89
Trd, 4319343.593, 96
Trd, 4319344.343, 102
Trd, 4319344.893, 104
Trd, 4319345.443, 108
Trd, 4319347.143, 99
Trd, 4319349.443, 98
Trd, 4319351.593, 104
Trd, 4319352.343, 98
Trd, 4319354.543, 103
Trd, 4319355.343, 95
Trd, 4319356.393, 86
Trd, 4319357.593, 108
Trd, 4319359.993, 96
Trd, 4319360.143, 91
Trd, 4319361.043, 113
Trd, 4319363.543, 98
Trd, 4319364.893, 101
Trd, 4319365.243, 100
Trd, 4319366.243, 104
Trd, 4319368.443, 107
Trd, 4319370.393, 97
Trd, 4319370.493, 95
Trd, 4319372.193, 80
Trd, 4319373.093, 104
Trd, 4319375.343, 84
Trd, 4319376.443, 82
Trd, 4319378.743, 98
Trd, 4319379.743, 104
Trd, 4319379.843, 112
Trd, 4319381.043, 105
Trd, 4319382.193, 105
Trd, 4319384.893, 100
Trd, 4319387.943, 112
Trd, 4319388.093, 121
Trd, 4319389.293, 104
Trd, 4319389.693, 96
Trd, 4319392.643, 104
Trd, 4319392.943, 101
Trd, 4319394.343, 107
Trd, 4319395.693, 103
Trd, 4319395.743, 102
Trd, 4319399.543, 86
Trd, 4319400.043, 82
Trd, 4319403.693, 102
Trd, 4319405.193, 87
Trd, 4319407.143, 107
Trd, 4319408.243, 95
Trd, 4319410.443, 95
Trd, 4319411.293, 102
Trd, 4319411.943, 106
Trd, 4319412.493, 102
Trd, 4319413.243, 100
Trd, 4319415.343, 98
Trd, 4319416.093, 104
Trd, 4319416.893, 100
Trd, 4319417.693, 95
Trd, 4319421.043, 81
Trd, 4319421.993, 104
Trd, 4319423.993, 92
Trd, 4319425.493, 100
Trd, 4319425.743, 94
Trd, 4319427.293, 117
Trd, 4319427.743, 96
Trd, 4319431.193, 100
Trd, 4319431.943, 96
Trd, 4319434.443, 101
Trd, 4319435.143, 101
Trd, 4319435.643, 97
Trd, 4319435.893, 95
Trd, 4319436.443, 104
Trd, 4319437.943, 128
Trd, 4319438.593, 104
Trd, 4319441.143, 107
Trd, 4319442.043, 100
Trd, 4319443.193, 132
Trd, 4319445.593, 104
Trd, 4319446.843, 104
Trd, 4319446.893, 103
Trd, 4319449.743, 106
Trd, 4319451.143, 118
Trd, 4319451.843, 104
Trd, 4319454.843, 113
Trd, 4319454.943, 104
Trd, 4319456.593, 103
Trd, 4319457.293, 102
Trd, 4319458.993, 96
Trd, 4319460.443, 87
Trd, 4319461.393, 91
Trd, 4319462.943, 118
Trd, 4319464.143, 106
Trd, 4319464.743, 107
Trd, 4319465.493, 104
Trd, 4319467.993, 105
Trd, 4319470.093, 113
Trd, 4319470.793, 89
Trd, 4319473.393, 108
Trd, 4319474.993, 104
Trd, 4319477.093, 96
Trd, 4319477.743, 108
Trd, 4319480.093, 101
Trd, 4319480.343, 99
Trd, 4319481.443, 98
Trd, 4319481.943, 97
Trd, 4319483.493, 112
Trd, 4319485.893, 105
Trd, 4319486.143, 105
Trd, 4319491.493, 89
Trd, 4319491.793, 122
Trd, 4319494.743, 114
Trd, 4319495.193, 111
Trd, 4319496.293, 106
Trd, 4319496.643, 94
Trd, 4319497.943, 83
Trd, 4319500.543, 103
Trd, 4319501.593, 91
Trd, 4319501.693, 90
Trd, 4319503.943, 96
Trd, 4319505.093, 109
Trd, 4319506.093, 96
Trd, 4319506.643, 102
Trd, 4319507.443, 101
Trd, 4319511.243, 101
Trd, 4319512.643, 99
Trd, 4319513.193, 96
Trd, 4319514.543, 108
Trd, 4319515.643, 113
Trd, 4319518.643, 102
Trd, 4319518.993, 101
Trd, 4319520.543, 96
Trd, 4319522.193, 112
Trd, 4319523.043, 95
Trd, 4319524.493, 98
Trd, 4319526.743, 91
Trd, 4319529.093, 94
Trd, 4319529.493, 98
Trd, 4319530.493, 96
Trd, 4319532.543, 102
Trd, 4319534.443, 104
Trd, 4319535.293, 95
Trd, 4319536.693, 111
Trd, 4319537.293, 80
Trd, 4319537.493, 81
Trd, 4319540.443, 95
Trd, 4319541.043, 95
Trd, 4319542.293, 104
Trd, 4319542.943, 100
Trd, 4319546.143, 110
Trd, 4319546.193, 109
Trd, 4319546.593, 104
Trd, 4319548.193, 105
Trd, 4319548.593, 97
Trd, 4319550.843, 113
Trd, 4319551.193, 112
Trd, 4319552.543, 105
Trd, 4319553.193, 95
Trd, 4319556.193, 89
Trd, 4319557.293, 85
Trd, 4319558.643, 89
Trd, 4319560.543, 108
Trd, 4319561.993, 92
Trd, 4319562.993, 101
Trd, 4319565.393, 78
Trd, 4319566.293, 80
Trd, 4319569.193, 84
Trd, 4319572.743, 125
Trd, 4319573.243, 98
Trd, 4319573.693, 113
Trd, 4319576.043, 111
Trd, 4319576.143, 105
Trd, 4319576.943, 95
Trd, 4319578.793, 109
Trd, 4319578.943, 107
Trd, 4319580.393, 100
Trd, 4319581.643, 76
Trd, 4319583.793, 87
Trd, 4319584.043, 82
Trd, 4319589.293, 123
Trd, 4319591.143, 97
Trd, 4319591.493, 95
Trd, 4319591.693, 93
Trd, 4319593.593, 109
Trd, 4319594.593, 86
Trd, 4319596.143, 91
Trd, 4319598.193, 101
Trd, 4319600.943, 110
Trd, 4319601.343, 104
Trd, 4319603.443, 108
Trd, 4319605.943, 112
Trd, 4319606.043, 111
Trd, 4319606.143, 104
Trd, 4319606.943, 104
Trd, 4319610.193, 113
Trd, 4319611.543, 111
Trd, 4319612.793, 96
Trd, 4319613.193, 110
Trd, 4319614.893, 99
Trd, 4319615.593, 108
Trd, 4319616.143, 105
Trd, 4319616.643, 98
Trd, 4319620.693, 104
Trd, 4319621.793, 100
Trd, 4319622.893, 99
Trd, 4319624.843, 105
Trd, 4319627.593, 111
Trd, 4319627.643, 110
Trd, 4319632.843, 105
Trd, 4319633.493, 104
Trd, 4319633.743, 98
Trd, 4319634.543, 96
Trd, 4319636.543, 101
Trd, 4319637.193, 98
Trd, 4319637.893, 104
Trd, 4319638.793, 97
Trd, 4319640.743, 98
Trd, 4319642.743, 104
Trd, 4319642.793, 99
Trd, 4319643.543, 118
Trd, 4319646.693, 95
Trd, 4319647.243, 77
Trd, 4319648.293, 98
Trd, 4319651.393, 94
Trd, 4319651.693, 95
Trd, 4319653.093, 93
Trd, 4319654.493, 104
Trd, 4319654.793, 103
Trd, 4319656.393, 83
Trd, 4319656.943, 104
Trd, 4319660.143, 84
Trd, 4319663.143, 92
Trd, 4319663.393, 93
Trd, 4319663.993, 99
Trd, 4319665.293, 94
Trd, 4319666.243, 94
Trd, 4319667.693, 104
Trd, 4319668.193, 97
Trd, 4319671.393, 102
Trd, 4319672.643, 113
Trd, 4319673.093, 112
Trd, 4319673.143, 85
Trd, 4319675.893, 103
Trd, 4319676.043, 102
Trd, 4319679.093, 82
Trd, 4319681.493, 96
Trd, 4319681.693, 95
Trd, 4319686.293, 106
Trd, 4319688.693, 107
Trd, 4319690.493, 109
Trd, 4319691.293, 113
Trd, 4319693.043, 106
Trd, 4319693.093, 105
Trd, 4319693.743, 104
Trd, 4319695.343, 98
Trd, 4319695.693, 109
Trd, 4319696.393, 95
Trd, 4319696.643, 75
Trd, 4319699.143, 89
Trd, 4319703.143, 104
Trd, 4319703.393, 90
Trd, 4319703.793, 130
Trd, 4319705.343, 97
Trd, 4319705.443, 95
Trd, 4319707.793, 99
Trd, 4319708.543, 99
Trd, 4319709.893, 96
Trd, 4319710.243, 95
Trd, 4319711.293, 105
Trd, 4319711.593, 94
Trd, 4319712.543, 76
Trd, 4319714.543, 83
Trd, 4319718.143, 113
Trd, 4319720.243, 108
Trd, 4319720.293, 106
Trd, 4319720.593, 104
Trd, 4319724.543, 107
Trd, 4319724.743, 105
Trd, 4319724.843, 104
Trd, 4319726.693, 103
Trd, 4319728.393, 104
Trd, 4319728.493, 80
Trd, 4319730.593, 85
Trd, 4319732.693, 83
Trd, 4319733.993, 112
Trd, 4319734.593, 96
Trd, 4319736.543, 97
Trd, 4319737.743, 98
Trd, 4319737.793, 95
Trd, 4319738.293, 94
Trd, 4319742.593, 99
Trd, 4319743.593, 103
Trd, 4319743.843, 97
Trd, 4319744.993, 96
Trd, 4319746.793, 105
Trd, 4319748.943, 104
Trd, 4319750.243, 105
Trd, 4319751.293, 97
Trd, 4319752.443, 118
Trd, 4319752.593, 96
Trd, 4319753.593, 77
Trd, 4319755.143, 71
Trd, 4319757.493, 93
Trd, 4319758.043, 95
Trd, 4319759.493, 111
Trd, 4319760.493, 111
Trd, 4319760.893, 110
Trd, 4319764.493, 110
Trd, 4319764.893, 104
Trd, 4319764.943, 95
Trd, 4319765.943, 100
Trd, 4319768.693, 88
Trd, 4319770.493, 92
Trd, 4319770.843, 109
Trd, 4319771.043, 92
Trd, 4319772.693, 93
Trd, 4319773.193, 89
Trd, 4319774.093, 116
Trd, 4319776.193, 94
Trd, 4319778.243, 113
Trd, 4319779.443, 114
Trd, 4319781.193, 106
Trd, 4319782.743, 108
Trd, 4319783.393, 109
Trd, 4319783.643, 97
Trd, 4319783.843, 95
Trd, 4319788.743, 78
Trd, 4319788.843, 87
Trd, 4319790.943, 111
Trd, 4319791.143, 110
Trd, 4319792.543, 108
Trd, 4319793.293, 108
Trd, 4319796.643, 123
Trd, 4319796.993, 109
Trd, 4319798.493, 110
Trd, 4319798.993, 110
Trd, 4319799.943, 104
Trd, 4319801.493, 96
Trd, 4319802.493, 94
Trd, 4319802.993, 104
Trd, 4319804.093, 107
Trd, 4319805.243, 108
Trd, 4319806.193, 104
Trd, 4319809.643, 80
Trd, 4319809.843, 89
Trd, 4319810.293, 88
Trd, 4319812.793, 102
Trd, 4319813.793, 92
Trd, 4319816.443, 101
Trd, 4319816.493, 100
Trd, 4319817.793, 104
Trd, 4319818.393, 97
Trd, 4319819.593, 95
Trd, 4319821.243, 104
Trd, 4319823.393, 106
Trd, 4319824.443, 98
Trd, 4319825.743, 112
Trd, 4319826.093, 98
Trd, 4319826.493, 106
Trd, 4319830.943, 77
Trd, 4319832.393, 109
Trd, 4319832.793, 109
Trd, 4319833.143, 107
Trd, 4319834.843, 77
Trd, 4319836.843, 96
Trd, 4319837.243, 113
Trd, 4319838.393, 97
Trd, 4319839.393, 77
Trd, 4319841.093, 80
Trd, 4319844.393, 104
Trd, 4319846.243, 111
Trd, 4319846.943, 110
Trd, 4319847.793, 110
Trd, 4319848.793, 112
Trd, 4319848.843, 104
Trd, 4319849.543, 109
Trd, 4319853.093, 95
Trd, 4319854.543, 99
Trd, 4319857.193, 104
Trd, 4319857.693, 101
Trd, 4319858.593, 113
Trd, 4319861.093, 107
Trd, 4319861.243, 105
Trd, 4319861.343, 104
Trd, 4319864.743, 102
Trd, 4319865.293, 103
Trd, 4319866.043, 95
Trd, 4319868.443, 79
Trd, 4319868.943, 104
Trd, 4319870.143, 75
Trd, 4319870.793, 98
Trd, 4319871.843, 77
Trd, 4319873.693, 82
Trd, 4319874.143, 112
Trd, 4319874.993, 96
Trd, 4319877.243, 113
Trd, 4319877.293, 117
Trd, 4319878.393, 112
Trd, 4319878.593, 110
Trd, 4319880.793, 105
Trd, 4319882.793, 99
Trd, 4319883.893, 115
Trd, 4319884.193, 104
Trd, 4319885.093, 96
Trd, 4319886.793, 109
Trd, 4319888.193, 95
Trd, 4319891.093, 104
Trd, 4319891.793, 105
Trd, 4319892.093, 102
Trd, 4319893.343, 102
Trd, 4319894.093, 105
Trd, 4319895.893, 79
Trd, 4319896.293, 111
Trd, 4319897.493, 113
Trd, 4319900.093, 98
Trd, 4319901.443, 100
Trd, 4319904.243, 129
Trd, 4319904.443, 112
Trd, 4319906.543, 107
Trd, 4319907.543, 98
Trd, 4319908.243, 99
Trd, 4319909.793, 103
Trd, 4319910.293, 97
Trd, 4319910.843, 100
Trd, 4319911.943, 97
Trd, 4319916.493, 115
Trd, 4319917.193, 98
Trd, 4319918.043, 96
Trd, 4319919.593, 96
Trd, 4319922.893, 104
Trd, 4319923.343, 100
Trd, 4319923.643, 95
Trd, 4319926.043, 102
Trd, 4319927.843, 102
Trd, 4319928.643, 101
Trd, 4319932.243, 96
Trd, 4319933.943, 97
Trd, 4319934.993, 82
Trd, 4319935.843, 83
Trd, 4319937.043, 90
Trd, 4319941.893, 112
Trd, 4319942.993, 111
Trd, 4319943.893, 110
Trd, 4319944.243, 97
Trd, 4319945.043, 97
Trd, 4319946.243, 112
Trd, 4319948.343, 99
Trd, 4319948.593, 85
Trd, 4319948.943, 84
Trd, 4319951.993, 85
Trd, 4319952.043, 113
Trd, 4319952.993, 86
Trd, 4319957.343, 119
Trd, 4319957.393, 104
Trd, 4319957.643, 94
Trd, 4319960.493, 103
Trd, 4319961.443, 101
Trd, 4319963.643, 104
Trd, 4319963.743, 95
Trd, 4319963.943, 109
Trd, 4319964.743, 75
Trd, 4319965.993, 78
Trd, 4319967.543, 102
Trd, 4319967.593, 79
Trd, 4319971.643, 105
Trd, 4319971.843, 112
Trd, 4319972.143, 104
Trd, 4319976.043, 92
Trd, 4319976.543, 92
Trd, 4319978.843, 113
Trd, 4319979.843, 97
Trd, 4319980.193, 103
Trd, 4319980.493, 97
Trd, 4319983.893, 98
Trd, 4319985.343, 97
Trd, 4319986.093, 95
Trd, 4319986.193, 104
Trd, 4319986.293, 103
Trd, 4319986.993, 95
Trd, 4319987.843, 77
Trd, 4319991.393, 86
Trd, 4319992.443, 89
Trd, 4319993.643, 102
Trd, 4319994.393, 101
Trd, 4319997.393, 97
Trd, 4319998.143, 97
Trd, 4319998.643, 95
