Trd, 4317886.393, 98
Trd, 4317887.093, 96
Trd, 4317887.943, 96
Trd, 4317888.243, 96
Trd, 4317889.143, 97
Trd, 4317892.343, 95
Trd, 4317893.643, 110
Trd, 4317895.043, 97
Trd, 4317896.793, 99
Trd, 4317899.143, 99
Trd, 4317900.643, 100
Trd, 4317900.793, 101
Trd, 4317900.993, 102
Trd, 4317902.093, 102
Trd, 4317902.143, 100
Trd, 4317905.293, 96
Trd, 4317907.293, 100
Trd, 4317908.393, 102
Trd, 4317908.843, 101
Trd, 4317910.993, 98
Trd, 4317912.093, 96
Trd, 4317913.843, 97
Trd, 4317914.043, 97
Trd, 4317916.393, 95
Trd, 4317917.243, 97
Trd, 4317917.493, 87
Trd, 4317920.793, 89
Trd, 4317920.943, 94
Trd, 4317921.193, 89
Trd, 4317923.243, 92
Trd, 4317924.143, 94
Trd, 4317924.843, 94
Trd, 4317926.493, 98
Trd, 4317927.243, 96
Trd, 4317927.493, 95
Trd, 4317927.743, 95
Trd, 4317929.093, 89
Trd, 4317930.243, 100
Trd, 4317930.293, 88
Trd, 4317933.143, 111
Trd, 4317933.643, 94
Trd, 4317935.743, 101
Trd, 4317937.293, 103
Trd, 4317937.993, 104
Trd, 4317939.643, 101
Trd, 4317941.293, 99
Trd, 4317942.093, 100
Trd, 4317943.193, 99
Trd, 4317943.993, 98
Trd, 4317945.643, 98
Trd, 4317945.943, 98
Trd, 4317945.993, 95
Trd, 4317948.543, 95
Trd, 4317949.593, 102
Trd, 4317949.943, 94
Trd, 4317950.243, 94
Trd, 4317953.643, 100
Trd, 4317953.793, 99
Trd, 4317954.993, 99
Trd, 4317955.393, 104
Trd, 4317956.043, 99
Trd, 4317959.543, 106
Trd, 4317959.693, 106
Trd, 4317959.943, 104
Trd, 4317960.193, 103
Trd, 4317961.393, 86
Trd, 4317961.593, 101
Trd, 4317964.793, 98
Trd, 4317965.993, 89
Trd, 4317967.443, 96
Trd, 4317968.343, 103
Trd, 4317969.343, 101
Trd, 4317970.393, 102
Trd, 4317971.243, 104
Trd, 4317973.943, 111
Trd, 4317974.193, 111
Trd, 4317974.543, 110
Trd, 4317976.293, 113
Trd, 4317978.343, 101
Trd, 4317979.143, 99
Trd, 4317982.093, 101
Trd, 4317982.243, 107
Trd, 4317984.593, 97
Trd, 4317985.243, 99
Trd, 4317985.843, 100
Trd, 4317987.243, 96
Trd, 4317987.343, 105
Trd, 4317987.543, 95
Trd, 4317988.693, 103
Trd, 4317991.993, 99
Trd, 4317992.993, 100
Trd, 4317993.993, 104
Trd, 4317995.293, 108
Trd, 4317995.893, 107
Trd, 4317996.243, 106
Trd, 4317997.543, 107
Trd, 4317998.193, 105
Trd, 4317999.493, 105
Trd, 4318001.243, 92
Trd, 4318002.343, 94
Trd, 4318002.693, 104
Trd, 4318005.393, 100
Trd, 4318005.443, 90
Trd, 4318007.993, 97
Trd, 4318008.443, 97
Trd, 4318008.943, 97
Trd, 4318008.993, 96
Trd, 4318012.043, 100
Trd, 4318012.493, 100
Trd, 4318012.643, 101
Trd, 4318014.343, 100
Trd, 4318016.743, 100
Trd, 4318017.393, 100
Trd, 4318018.193, 99
Trd, 4318018.843, 97
Trd, 4318021.093, 91
Trd, 4318021.943, 94
Trd, 4318022.793, 95
Trd, 4318022.843, 94
Trd, 4318024.643, 79
Trd, 4318027.843, 96
Trd, 4318027.893, 90
Trd, 4318029.193, 96
Trd, 4318029.393, 96
Trd, 4318030.093, 96
Trd, 4318030.543, 95
Trd, 4318035.143, 95
Trd, 4318035.693, 96
Trd, 4318036.243, 94
Trd, 4318037.093, 94
Trd, 4318038.443, 95
Trd, 4318040.493, 98
Trd, 4318040.943, 99
Trd, 4318041.943, 98
Trd, 4318042.143, 104
Trd, 4318044.793, 104
Trd, 4318046.543, 97
Trd, 4318046.643, 98
Trd, 4318047.643, 96
Trd, 4318048.893, 97
Trd, 4318050.993, 94
Trd, 4318051.343, 95
Trd, 4318051.843, 94
Trd, 4318053.093, 94
Trd, 4318053.843, 85
Trd, 4318056.843, 91
Trd, 4318057.093, 97
Trd, 4318058.143, 97
Trd, 4318058.443, 98
Trd, 4318059.843, 95
Trd, 4318060.293, 88
Trd, 4318061.493, 97
Trd, 4318064.943, 96
Trd, 4318065.343, 97
Trd, 4318066.443, 86
Trd, 4318069.243, 82
Trd, 4318070.793, 85
Trd, 4318071.443, 81
Trd, 4318074.043, 82
Trd, 4318075.193, 86
Trd, 4318076.693, 88
Trd, 4318077.593, 90
Trd, 4318080.443, 98
Trd, 4318081.143, 98
Trd, 4318081.993, 104
Trd, 4318082.993, 97
Trd, 4318083.943, 98
Trd, 4318084.293, 96
Trd, 4318086.943, 95
Trd, 4318088.293, 95
Trd, 4318090.593, 87
Trd, 4318091.843, 86
Trd, 4318092.943, 88
Trd, 4318093.293, 90
Trd, 4318095.543, 91
Trd, 4318096.793, 92
Trd, 4318097.143, 95
Trd, 4318098.643, 94
Trd, 4318098.893, 101
Trd, 4318101.843, 101
Trd, 4318101.943, 101
Trd, 4318103.743, 100
Trd, 4318105.893, 101
Trd, 4318106.293, 101
Trd, 4318107.893, 100
Trd, 4318108.143, 101
Trd, 4318109.693, 101
Trd, 4318111.143, 92
Trd, 4318113.093, 97
Trd, 4318114.193, 98
Trd, 4318114.543, 98
Trd, 4318114.643, 99
Trd, 4318116.743, 89
Trd, 4318118.443, 96
Trd, 4318118.893, 91
Trd, 4318122.243, 88
Trd, 4318122.393, 89
Trd, 4318122.443, 95
Trd, 4318123.493, 92
Trd, 4318125.793, 95
Trd, 4318126.493, 98
Trd, 4318127.743, 97
Trd, 4318127.943, 96
Trd, 4318129.943, 101
Trd, 4318131.293, 104
Trd, 4318133.343, 99
Trd, 4318134.743, 100
Trd, 4318136.693, 101
Trd, 4318137.693, 100
Trd, 4318137.893, 86
Trd, 4318139.993, 86
Trd, 4318143.093, 92
Trd, 4318143.343, 92
Trd, 4318143.793, 93
Trd, 4318144.143, 91
Trd, 4318146.493, 92
Trd, 4318147.493, 92
Trd, 4318147.793, 95
Trd, 4318150.343, 100
Trd, 4318150.393, 95
Trd, 4318151.393, 87
Trd, 4318152.593, 112
Trd, 4318155.693, 103
Trd, 4318156.243, 100
Trd, 4318156.543, 101
Trd, 4318158.443, 95
Trd, 4318159.943, 98
Trd, 4318160.393, 98
Trd, 4318161.493, 93
Trd, 4318162.143, 96
Trd, 4318163.743, 96
Trd, 4318164.993, 103
Trd, 4318166.643, 104
Trd, 4318169.343, 106
Trd, 4318170.093, 107
Trd, 4318171.143, 106
Trd, 4318171.493, 107
Trd, 4318171.643, 105
Trd, 4318172.493, 104
Trd, 4318174.143, 95
Trd, 4318175.643, 91
Trd, 4318176.093, 103
Trd, 4318179.543, 106
Trd, 4318182.193, 97
Trd, 4318183.293, 100
Trd, 4318183.893, 99
Trd, 4318184.943, 101
Trd, 4318185.943, 103
Trd, 4318187.293, 103
Trd, 4318187.443, 103
Trd, 4318188.643, 95
Trd, 4318189.843, 97
Trd, 4318190.643, 94
Trd, 4318191.693, 94
Trd, 4318192.593, 107
Trd, 4318195.843, 105
Trd, 4318196.143, 104
Trd, 4318196.443, 104
Trd, 4318196.693, 105
Trd, 4318196.993, 104
Trd, 4318199.343, 107
Trd, 4318200.493, 94
Trd, 4318202.443, 99
Trd, 4318202.543, 98
Trd, 4318202.943, 99
Trd, 4318203.343, 99
Trd, 4318206.343, 100
Trd, 4318206.943, 101
Trd, 4318207.643, 101
Trd, 4318208.093, 95
Trd, 4318208.943, 87
Trd, 4318212.043, 97
Trd, 4318212.643, 96
Trd, 4318213.493, 91
Trd, 4318214.743, 110
Trd, 4318215.143, 90
Trd, 4318216.593, 90
Trd, 4318218.993, 105
Trd, 4318219.593, 99
Trd, 4318221.743, 103
Trd, 4318222.093, 105
Trd, 4318222.443, 104
Trd, 4318223.443, 86
Trd, 4318224.593, 107
Trd, 4318228.393, 95
Trd, 4318229.643, 96
Trd, 4318232.293, 100
Trd, 4318232.843, 100
Trd, 4318233.043, 97
Trd, 4318235.443, 98
Trd, 4318236.093, 97
Trd, 4318237.193, 97
Trd, 4318237.443, 98
Trd, 4318238.593, 95
Trd, 4318240.993, 94
Trd, 4318243.443, 103
Trd, 4318244.343, 105
Trd, 4318245.843, 107
Trd, 4318245.993, 106
Trd, 4318246.243, 110
Trd, 4318247.643, 102
Trd, 4318248.993, 105
Trd, 4318250.593, 105
Trd, 4318251.693, 104
Trd, 4318252.593, 104
Trd, 4318252.943, 96
Trd, 4318253.893, 96
Trd, 4318254.493, 85
Trd, 4318257.593, 112
Trd, 4318258.043, 92
Trd, 4318260.543, 98
Trd, 4318261.193, 102
Trd, 4318262.993, 101
Trd, 4318263.293, 100
Trd, 4318263.743, 98
Trd, 4318265.043, 99
Trd, 4318266.293, 101
Trd, 4318267.193, 95
Trd, 4318268.493, 121
Trd, 4318270.643, 112
Trd, 4318271.543, 101
Trd, 4318272.343, 103
Trd, 4318273.793, 103
Trd, 4318275.743, 97
Trd, 4318276.743, 98
Trd, 4318277.043, 100
Trd, 4318277.843, 102
Trd, 4318279.843, 114
Trd, 4318281.693, 100
Trd, 4318283.543, 103
Trd, 4318284.743, 104
Trd, 4318286.093, 95
Trd, 4318286.993, 100
Trd, 4318289.043, 93
Trd, 4318290.543, 96
Trd, 4318291.093, 95
Trd, 4318293.593, 101
Trd, 4318294.343, 109
Trd, 4318295.593, 108
Trd, 4318296.293, 107
Trd, 4318298.443, 96
Trd, 4318299.343, 103
Trd, 4318299.693, 98
Trd, 4318300.343, 96
Trd, 4318304.243, 104
Trd, 4318306.843, 104
Trd, 4318307.043, 105
Trd, 4318307.543, 104
Trd, 4318308.843, 102
Trd, 4318311.293, 109
Trd, 4318311.343, 104
Trd, 4318311.793, 104
Trd, 4318313.993, 91
Trd, 4318315.943, 99
Trd, 4318316.543, 103
Trd, 4318317.443, 103
Trd, 4318320.093, 108
Trd, 4318320.343, 107
Trd, 4318320.593, 105
Trd, 4318320.643, 104
Trd, 4318323.193, 100
Trd, 4318323.643, 101
Trd, 4318325.343, 101
Trd, 4318326.993, 89
Trd, 4318328.193, 106
Trd, 4318330.043, 103
Trd, 4318330.543, 103
Trd, 4318331.093, 102
Trd, 4318332.893, 93
Trd, 4318334.493, 97
Trd, 4318335.093, 95
Trd, 4318336.193, 88
Trd, 4318336.243, 96
Trd, 4318340.843, 105
Trd, 4318341.543, 102
Trd, 4318341.893, 102
Trd, 4318342.443, 102
Trd, 4318346.093, 98
Trd, 4318347.243, 94
Trd, 4318348.343, 93
Trd, 4318348.793, 94
Trd, 4318348.843, 93
Trd, 4318349.343, 93
Trd, 4318350.043, 94
Trd, 4318354.643, 94
Trd, 4318355.043, 95
Trd, 4318357.093, 102
Trd, 4318357.543, 113
Trd, 4318361.043, 106
Trd, 4318361.193, 104
Trd, 4318361.593, 104
Trd, 4318362.093, 95
Trd, 4318365.093, 91
Trd, 4318365.193, 100
Trd, 4318367.693, 93
Trd, 4318370.543, 107
Trd, 4318370.993, 97
Trd, 4318372.643, 100
Trd, 4318372.893, 99
Trd, 4318374.793, 100
Trd, 4318375.393, 99
Trd, 4318375.593, 95
Trd, 4318377.393, 108
Trd, 4318379.043, 94
Trd, 4318380.793, 101
Trd, 4318381.543, 101
Trd, 4318382.443, 102
Trd, 4318382.893, 101
Trd, 4318383.743, 88
Trd, 4318385.893, 101
Trd, 4318387.993, 100
Trd, 4318388.843, 99
Trd, 4318389.143, 96
Trd, 4318390.293, 97
Trd, 4318392.143, 100
Trd, 4318392.593, 100
Trd, 4318392.843, 100
Trd, 4318393.093, 95
Trd, 4318393.993, 88
Trd, 4318396.243, 102
Trd, 4318396.343, 90
Trd, 4318398.343, 97
Trd, 4318399.643, 99
Trd, 4318400.543, 102
Trd, 4318403.193, 98
Trd, 4318403.643, 96
Trd, 4318403.943, 96
Trd, 4318407.393, 96
Trd, 4318408.643, 97
Trd, 4318408.993, 96
Trd, 4318410.393, 97
Trd, 4318411.293, 95
Trd, 4318411.543, 86
Trd, 4318412.243, 103
Trd, 4318413.743, 101
Trd, 4318414.593, 80
Trd, 4318415.243, 79
Trd, 4318417.843, 86
Trd, 4318417.943, 103
Trd, 4318422.343, 95
Trd, 4318424.593, 101
Trd, 4318424.893, 102
Trd, 4318425.143, 102
Trd, 4318426.393, 101
Trd, 4318426.493, 96
Trd, 4318428.493, 100
Trd, 4318429.743, 100
Trd, 4318429.893, 98
Trd, 4318431.293, 104
Trd, 4318431.743, 89
Trd, 4318434.193, 93
Trd, 4318436.693, 100
Trd, 4318437.293, 101
Trd, 4318437.443, 101
Trd, 4318437.943, 99
Trd, 4318439.443, 102
Trd, 4318441.543, 96
Trd, 4318443.843, 103
Trd, 4318444.543, 104
Trd, 4318445.543, 106
Trd, 4318447.943, 104
Trd, 4318447.993, 105
Trd, 4318449.293, 102
Trd, 4318449.993, 100
Trd, 4318450.443, 101
Trd, 4318450.793, 84
Trd, 4318451.043, 104
Trd, 4318455.243, 96
Trd, 4318455.943, 100
Trd, 4318456.793, 100
Trd, 4318458.093, 113
Trd, 4318459.293, 101
Trd, 4318461.893, 105
Trd, 4318462.043, 105
Trd, 4318462.593, 105
Trd, 4318464.343, 105
Trd, 4318465.393, 104
Trd, 4318465.893, 97
Trd, 4318467.093, 96
Trd, 4318467.643, 104
Trd, 4318468.543, 102
Trd, 4318471.393, 96
Trd, 4318471.643, 104
Trd, 4318475.043, 100
Trd, 4318476.693, 101
Trd, 4318477.943, 102
Trd, 4318479.293, 106
Trd, 4318480.143, 107
Trd, 4318482.043, 100
Trd, 4318482.093, 103
Trd, 4318482.543, 84
Trd, 4318483.793, 103
Trd, 4318485.343, 77
Trd, 4318487.243, 80
Trd, 4318490.443, 90
Trd, 4318490.943, 91
Trd, 4318491.293, 95
Trd, 4318493.343, 95
Trd, 4318494.743, 86
Trd, 4318495.293, 79
Trd, 4318496.743, 82
Trd, 4318497.143, 83
Trd, 4318498.043, 82
Trd, 4318498.693, 104
Trd, 4318501.943, 91
Trd, 4318504.793, 98
Trd, 4318505.493, 100
Trd, 4318505.793, 103
Trd, 4318506.243, 101
Trd, 4318506.393, 102
Trd, 4318508.893, 99
Trd, 4318509.643, 99
Trd, 4318510.643, 96
Trd, 4318510.943, 97
Trd, 4318511.693, 87
Trd, 4318514.893, 91
Trd, 4318515.293, 91
Trd, 4318516.093, 99
Trd, 4318518.093, 95
Trd, 4318518.243, 94
Trd, 4318519.093, 96
Trd, 4318520.343, 104
Trd, 4318523.043, 106
Trd, 4318523.393, 104
Trd, 4318524.993, 113
Trd, 4318526.943, 105
Trd, 4318527.093, 104
Trd, 4318527.793, 105
Trd, 4318528.493, 104
Trd, 4318530.043, 116
Trd, 4318532.143, 106
Trd, 4318534.643, 106
Trd, 4318536.493, 105
Trd, 4318537.293, 96
Trd, 4318537.643, 105
Trd, 4318541.743, 107
Trd, 4318542.543, 107
Trd, 4318543.143, 106
Trd, 4318543.543, 108
Trd, 4318546.293, 92
Trd, 4318547.793, 97
Trd, 4318549.443, 102
Trd, 4318549.693, 100
Trd, 4318550.743, 119
Trd, 4318552.843, 98
Trd, 4318553.593, 111
Trd, 4318556.643, 105
Trd, 4318556.993, 95
Trd, 4318557.743, 113
Trd, 4318558.993, 89
Trd, 4318563.043, 100
Trd, 4318563.343, 101
Trd, 4318563.793, 98
Trd, 4318565.043, 101
Trd, 4318566.993, 94
Trd, 4318567.743, 95
Trd, 4318567.893, 97
Trd, 4318569.393, 99
Trd, 4318570.643, 111
Trd, 4318571.893, 100
Trd, 4318573.743, 103
Trd, 4318573.793, 104
Trd, 4318575.143, 104
Trd, 4318576.743, 104
Trd, 4318578.943, 100
Trd, 4318579.043, 94
Trd, 4318579.943, 96
Trd, 4318582.143, 103
Trd, 4318582.743, 101
Trd, 4318585.043, 103
Trd, 4318586.393, 106
Trd, 4318586.793, 106
Trd, 4318587.393, 111
Trd, 4318590.343, 103
Trd, 4318590.393, 101
Trd, 4318591.693, 105
Trd, 4318592.393, 100
Trd, 4318593.893, 111
Trd, 4318594.843, 95
Trd, 4318598.893, 91
Trd, 4318599.993, 94
Trd, 4318600.093, 92
Trd, 4318601.993, 91
Trd, 4318603.093, 93
Trd, 4318604.393, 95
Trd, 4318607.593, 100
Trd, 4318607.793, 99
Trd, 4318608.993, 102
Trd, 4318609.693, 101
Trd, 4318611.143, 98
Trd, 4318612.993, 111
Trd, 4318613.993, 103
Trd, 4318614.743, 106
Trd, 4318615.243, 106
Trd, 4318615.893, 85
Trd, 4318618.193, 108
Trd, 4318618.293, 88
Trd, 4318620.043, 108
Trd, 4318620.943, 94
Trd, 4318624.593, 101
Trd, 4318626.543, 104
Trd, 4318626.843, 103
Trd, 4318627.193, 104
Trd, 4318628.693, 106
Trd, 4318628.943, 110
Trd, 4318630.893, 107
Trd, 4318632.293, 96
Trd, 4318632.993, 104
Trd, 4318635.743, 92
Trd, 4318636.043, 98
Trd, 4318637.243, 96
Trd, 4318637.793, 97
Trd, 4318639.543, 101
Trd, 4318640.943, 101
Trd, 4318642.243, 104
Trd, 4318643.393, 101
Trd, 4318644.243, 102
Trd, 4318646.343, 103
Trd, 4318647.693, 99
Trd, 4318648.743, 99
Trd, 4318650.193, 100
Trd, 4318650.843, 103
Trd, 4318651.243, 102
Trd, 4318652.593, 103
Trd, 4318653.193, 113
Trd, 4318653.393, 96
Trd, 4318654.943, 97
Trd, 4318657.043, 97
Trd, 4318659.143, 107
Trd, 4318660.293, 100
Trd, 4318660.543, 99
Trd, 4318661.243, 101
Trd, 4318661.343, 99
Trd, 4318663.793, 97
Trd, 4318665.593, 105
Trd, 4318667.543, 101
Trd, 4318669.293, 97
Trd, 4318669.543, 96
Trd, 4318671.893, 94
Trd, 4318673.243, 94
Trd, 4318673.593, 95
Trd, 4318674.243, 91
Trd, 4318674.593, 86
Trd, 4318676.893, 99
Trd, 4318680.393, 93
Trd, 4318681.493, 97
Trd, 4318681.793, 97
Trd, 4318681.893, 96
Trd, 4318683.043, 69
Trd, 4318683.093, 98
Trd, 4318686.143, 85
Trd, 4318688.493, 93
Trd, 4318688.743, 95
Trd, 4318689.043, 104
Trd, 4318689.893, 95
Trd, 4318691.993, 105
Trd, 4318693.393, 100
Trd, 4318694.093, 99
Trd, 4318694.393, 98
Trd, 4318697.843, 93
Trd, 4318698.493, 94
Trd, 4318699.093, 95
Trd, 4318700.493, 95
Trd, 4318701.243, 96
Trd, 4318703.093, 99
Trd, 4318704.593, 100
Trd, 4318704.843, 100
Trd, 4318705.243, 99
Trd, 4318705.543, 95
Trd, 4318707.343, 95
Trd, 4318708.593, 95
Trd, 4318708.943, 96
Trd, 4318709.543, 95
Trd, 4318710.543, 95
Trd, 4318712.443, 101
Trd, 4318713.493, 103
Trd, 4318713.693, 104
Trd, 4318713.843, 115
Trd, 4318714.293, 103
Trd, 4318714.843, 87
Trd, 4318716.693, 127
Trd, 4318717.043, 89
Trd, 4318718.243, 85
Trd, 4318723.743, 96
Trd, 4318724.293, 95
Trd, 4318724.493, 95
Trd, 4318724.843, 114
Trd, 4318726.793, 109
Trd, 4318727.593, 95
Trd, 4318729.043, 86
Trd, 4318729.693, 86
Trd, 4318731.393, 92
Trd, 4318731.543, 92
Trd, 4318732.543, 92
Trd, 4318732.643, 92
Trd, 4318733.193, 95
Trd, 4318735.943, 87
Trd, 4318737.793, 100
Trd, 4318738.893, 98
Trd, 4318739.793, 98
Trd, 4318740.693, 96
Trd, 4318741.443, 96
Trd, 4318741.843, 96
Trd, 4318741.893, 95
Trd, 4318743.393, 113
Trd, 4318744.193, 87
Trd, 4318750.743, 105
Trd, 4318751.143, 103
Trd, 4318751.343, 107
Trd, 4318752.543, 103
Trd, 4318753.243, 109
Trd, 4318753.893, 89
Trd, 4318756.643, 91
Trd, 4318759.493, 95
Trd, 4318759.593, 94
Trd, 4318760.693, 93
Trd, 4318762.893, 96
Trd, 4318763.843, 95
Trd, 4318765.793, 100
Trd, 4318766.243, 100
Trd, 4318766.793, 95
Trd, 4318767.793, 98
Trd, 4318769.543, 95
Trd, 4318770.243, 98
Trd, 4318772.243, 113
Trd, 4318772.793, 104
Trd, 4318774.093, 104
Trd, 4318776.493, 98
Trd, 4318776.993, 88
Trd, 4318777.543, 95
Trd, 4318779.393, 91
Trd, 4318781.293, 93
Trd, 4318781.643, 94
Trd, 4318781.793, 94
Trd, 4318782.693, 94
Trd, 4318783.193, 104
Trd, 4318784.743, 98
Trd, 4318785.243, 100
Trd, 4318787.193, 102
Trd, 4318787.693, 101
Trd, 4318788.943, 85
Trd, 4318790.343, 103
Trd, 4318792.393, 91
Trd, 4318792.893, 91
Trd, 4318794.043, 94
Trd, 4318794.193, 95
Trd, 4318794.693, 94
Trd, 4318798.593, 103
Trd, 4318799.743, 106
Trd, 4318800.193, 105
Trd, 4318800.493, 106
Trd, 4318800.543, 104
Trd, 4318800.793, 107
Trd, 4318804.893, 92
Trd, 4318805.143, 101
Trd, 4318806.393, 90
Trd, 4318808.143, 103
Trd, 4318810.193, 98
Trd, 4318811.293, 99
Trd, 4318811.593, 100
Trd, 4318812.143, 98
Trd, 4318814.343, 100
Trd, 4318815.793, 98
Trd, 4318817.543, 101
Trd, 4318818.843, 105
Trd, 4318819.393, 104
Trd, 4318820.093, 104
Trd, 4318820.443, 113
Trd, 4318821.693, 104
Trd, 4318822.843, 97
Trd, 4318824.243, 101
Trd, 4318825.493, 101
Trd, 4318826.293, 88
Trd, 4318826.393, 102
Trd, 4318828.543, 116
Trd, 4318831.593, 87
Trd, 4318833.293, 97
Trd, 4318834.343, 104
Trd, 4318835.443, 103
Trd, 4318836.043, 101
Trd, 4318836.393, 100
Trd, 4318837.643, 87
Trd, 4318840.593, 94
Trd, 4318840.843, 95
Trd, 4318841.293, 96
Trd, 4318842.193, 95
Trd, 4318844.943, 115
Trd, 4318846.693, 106
Trd, 4318848.293, 108
Trd, 4318849.143, 107
Trd, 4318849.793, 108
Trd, 4318851.243, 104
Trd, 4318854.193, 89
Trd, 4318855.493, 101
Trd, 4318856.543, 91
Trd, 4318857.293, 99
Trd, 4318857.743, 95
Trd, 4318858.543, 97
Trd, 4318859.443, 100
Trd, 4318860.193, 102
Trd, 4318860.943, 102
Trd, 4318861.293, 104
Trd, 4318863.543, 102
Trd, 4318864.243, 97
Trd, 4318864.893, 95
Trd, 4318865.693, 111
Trd, 4318869.293, 98
Trd, 4318871.243, 100
Trd, 4318871.493, 100
Trd, 4318872.743, 97
Trd, 4318873.443, 102
Trd, 4318874.843, 101
Trd, 4318876.293, 99
Trd, 4318877.793, 103
Trd, 4318878.443, 103
Trd, 4318879.793, 109
Trd, 4318882.543, 112
Trd, 4318882.693, 111
Trd, 4318882.993, 111
Trd, 4318883.793, 110
Trd, 4318884.093, 95
Trd, 4318886.193, 107
Trd, 4318887.693, 94
Trd, 4318889.943, 99
Trd, 4318891.193, 98
Trd, 4318891.643, 98
Trd, 4318891.893, 96
Trd, 4318893.793, 101
Trd, 4318894.793, 96
Trd, 4318896.243, 71
Trd, 4318897.293, 101
Trd, 4318899.193, 93
Trd, 4318901.593, 91
Trd, 4318904.043, 93
Trd, 4318904.393, 92
Trd, 4318905.143, 98
Trd, 4318906.493, 104
Trd, 4318907.243, 88
Trd, 4318910.843, 97
Trd, 4318912.293, 105
Trd, 4318913.193, 104
Trd, 4318914.293, 95
Trd, 4318915.893, 86
Trd, 4318916.843, 91
Trd, 4318918.043, 102
Trd, 4318921.093, 100
Trd, 4318922.843, 102
Trd, 4318922.943, 100
Trd, 4318924.893, 98
Trd, 4318926.243, 80
Trd, 4318927.943, 107
Trd, 4318928.393, 78
Trd, 4318931.643, 102
Trd, 4318934.343, 99
Trd, 4318934.543, 100
Trd, 4318935.093, 100
Trd, 4318935.843, 96
Trd, 4318938.593, 106
Trd, 4318938.793, 96
Trd, 4318940.593, 97
Trd, 4318941.043, 104
Trd, 4318942.193, 101
Trd, 4318942.793, 103
Trd, 4318943.443, 104
Trd, 4318943.693, 95
Trd, 4318947.093, 87
Trd, 4318947.943, 87
Trd, 4318950.843, 104
Trd, 4318951.943, 97
Trd, 4318952.293, 103
Trd, 4318953.893, 99
Trd, 4318956.593, 99
Trd, 4318957.243, 99
Trd, 4318958.193, 100
Trd, 4318960.043, 101
Trd, 4318961.093, 101
Trd, 4318964.643, 108
Trd, 4318965.393, 105
Trd, 4318965.843, 104
Trd, 4318966.443, 106
Trd, 4318966.643, 104
Trd, 4318967.093, 104
Trd, 4318967.443, 103
Trd, 4318971.093, 96
Trd, 4318971.493, 97
Trd, 4318973.093, 104
Trd, 4318973.293, 103
Trd, 4318974.243, 86
Trd, 4318976.693, 79
Trd, 4318980.043, 103
Trd, 4318980.443, 89
Trd, 4318982.893, 94
Trd, 4318983.793, 96
Trd, 4318984.143, 96
Trd, 4318984.393, 95
Trd, 4318984.543, 96
Trd, 4318984.793, 87
Trd, 4318985.793, 86
Trd, 4318989.643, 112
Trd, 4318989.793, 94
Trd, 4318992.793, 105
Trd, 4318993.643, 105
Trd, 4318995.043, 105
Trd, 4318995.293, 104
Trd, 4318995.743, 96
Trd, 4318996.993, 99
Trd, 4318997.043, 98
Trd, 4318998.843, 98
Trd, 4318999.393, 98
Trd, 4319002.643, 106
Trd, 4319003.443, 106
Trd, 4319004.793, 104
Trd, 4319005.043, 104
Trd, 4319007.593, 116
Trd, 4319010.243, 101
Trd, 4319010.393, 100
Trd, 4319010.743, 96
Trd, 4319011.793, 96
Trd, 4319015.193, 98
Trd, 4319015.393, 99
Trd, 4319016.693, 99
Trd, 4319016.843, 86
Trd, 4319020.443, 97
Trd, 4319021.493, 88
Trd, 4319022.543, 93
Trd, 4319023.143, 95
Trd, 4319024.043, 95
Trd, 4319024.893, 116
Trd, 4319025.943, 99
Trd, 4319030.693, 100
Trd, 4319030.793, 99
Trd, 4319031.393, 101
Trd, 4319031.793, 100
Trd, 4319032.993, 97
Trd, 4319033.093, 99
Trd, 4319035.293, 100
Trd, 4319035.743, 99
Trd, 4319040.093, 95
Trd, 4319040.493, 96
Trd, 4319040.893, 95
Trd, 4319040.943, 104
Trd, 4319043.193, 90
Trd, 4319044.093, 107
Trd, 4319045.243, 89
Trd, 4319047.443, 100
Trd, 4319048.443, 99
Trd, 4319049.893, 96
Trd, 4319050.093, 97
Trd, 4319050.593, 86
Trd, 4319053.543, 90
Trd, 4319053.743, 92
Trd, 4319055.593, 96
Trd, 4319056.293, 97
Trd, 4319056.443, 95
Trd, 4319056.843, 96
Trd, 4319057.343, 97
Trd, 4319060.043, 90
Trd, 4319062.093, 101
Trd, 4319064.093, 106
Trd, 4319065.643, 107
Trd, 4319067.593, 90
Trd, 4319069.643, 95
Trd, 4319069.793, 95
Trd, 4319069.893, 96
Trd, 4319070.343, 93
Trd, 4319071.893, 97
Trd, 4319071.993, 102
Trd, 4319074.543, 100
Trd, 4319077.243, 100
Trd, 4319077.693, 96
Trd, 4319079.643, 101
Trd, 4319080.843, 100
Trd, 4319081.593, 103
Trd, 4319081.893, 99
Trd, 4319084.243, 102
Trd, 4319084.543, 103
Trd, 4319085.943, 116
Trd, 4319087.643, 111
Trd, 4319087.843, 110
Trd, 4319088.643, 95
Trd, 4319088.793, 114
Trd, 4319089.243, 84
Trd, 4319092.193, 89
Trd, 4319093.243, 93
Trd, 4319096.143, 101
Trd, 4319096.393, 99
Trd, 4319096.443, 98
Trd, 4319098.043, 101
Trd, 4319100.143, 113
Trd, 4319100.693, 109
Trd, 4319101.543, 111
Trd, 4319103.293, 96
Trd, 4319105.343, 104
Trd, 4319106.543, 103
Trd, 4319107.093, 97
Trd, 4319108.393, 107
Trd, 4319110.143, 101
Trd, 4319111.043, 106
Trd, 4319111.743, 107
Trd, 4319112.143, 116
Trd, 4319114.393, 107
Trd, 4319117.243, 115
Trd, 4319117.543, 115
Trd, 4319118.443, 114
Trd, 4319118.493, 113
Trd, 4319118.793, 104
Trd, 4319122.343, 99
Trd, 4319122.493, 100
Trd, 4319123.743, 98
Trd, 4319124.993, 104
Trd, 4319126.493, 97
Trd, 4319128.793, 86
Trd, 4319130.993, 90
Trd, 4319131.543, 93
Trd, 4319133.543, 98
Trd, 4319133.943, 96
Trd, 4319135.693, 95
Trd, 4319136.543, 104
Trd, 4319137.593, 98
Trd, 4319138.593, 97
Trd, 4319141.043, 103
Trd, 4319141.393, 100
Trd, 4319142.943, 87
Trd, 4319145.893, 96
Trd, 4319146.943, 98
Trd, 4319148.743, 99
Trd, 4319149.943, 99
Trd, 4319150.393, 109
Trd, 4319153.343, 99
Trd, 4319153.893, 97
Trd, 4319155.543, 101
Trd, 4319156.293, 103
Trd, 4319156.743, 99
Trd, 4319159.693, 98
Trd, 4319160.343, 96
Trd, 4319160.843, 97
Trd, 4319163.093, 100
Trd, 4319163.943, 90
Trd, 4319166.243, 97
Trd, 4319166.943, 96
Trd, 4319168.743, 104
Trd, 4319169.343, 98
Trd, 4319170.443, 100
Trd, 4319171.243, 95
Trd, 4319174.293, 101
Trd, 4319174.843, 102
Trd, 4319174.893, 103
Trd, 4319175.193, 101
Trd, 4319176.443, 103
Trd, 4319176.743, 104
Trd, 4319179.343, 105
Trd, 4319179.793, 104
Trd, 4319180.693, 95
Trd, 4319180.793, 86
Trd, 4319183.243, 98
Trd, 4319185.193, 94
Trd, 4319185.543, 93
Trd, 4319185.593, 92
Trd, 4319186.543, 91
Trd, 4319191.393, 106
Trd, 4319191.743, 107
Trd, 4319191.893, 115
Trd, 4319194.193, 96
Trd, 4319194.743, 86
Trd, 4319199.643, 104
Trd, 4319199.993, 88
Trd, 4319200.393, 89
Trd, 4319200.443, 102
Trd, 4319204.393, 99
Trd, 4319206.443, 97
Trd, 4319207.143, 97
Trd, 4319207.743, 99
Trd, 4319208.893, 100
Trd, 4319210.193, 101
Trd, 4319210.243, 99
Trd, 4319212.143, 114
Trd, 4319214.193, 107
Trd, 4319214.693, 106
Trd, 4319217.143, 103
Trd, 4319218.743, 102
Trd, 4319219.393, 95
Trd, 4319220.243, 102
Trd, 4319222.693, 93
Trd, 4319223.993, 95
Trd, 4319224.393, 94
Trd, 4319224.693, 94
Trd, 4319225.443, 93
Trd, 4319225.643, 92
Trd, 4319228.643, 92
Trd, 4319229.693, 95
Trd, 4319229.843, 119
Trd, 4319230.543, 95
Trd, 4319232.893, 98
Trd, 4319234.193, 99
Trd, 4319234.943, 104
Trd, 4319234.993, 103
Trd, 4319236.893, 113
Trd, 4319237.943, 89
Trd, 4319239.493, 92
Trd, 4319240.643, 100
Trd, 4319241.893, 97
Trd, 4319242.093, 96
Trd, 4319243.143, 97
Trd, 4319244.893, 102
Trd, 4319244.993, 104
Trd, 4319245.493, 99
Trd, 4319248.043, 99
Trd, 4319249.893, 99
Trd, 4319249.993, 107
Trd, 4319252.943, 104
Trd, 4319253.093, 104
Trd, 4319253.293, 108
Trd, 4319253.343, 95
Trd, 4319255.693, 89
Trd, 4319256.993, 92
Trd, 4319257.143, 91
Trd, 4319260.143, 100
Trd, 4319260.743, 103
Trd, 4319261.043, 104
Trd, 4319262.693, 105
Trd, 4319263.493, 125
Trd, 4319263.893, 107
Trd, 4319265.843, 106
Trd, 4319266.793, 105
Trd, 4319267.193, 105
Trd, 4319270.443, 108
Trd, 4319270.743, 107
Trd, 4319271.193, 88
Trd, 4319271.843, 87
Trd, 4319275.343, 79
Trd, 4319277.043, 88
Trd, 4319277.143, 90
Trd, 4319278.743, 92
Trd, 4319279.693, 93
Trd, 4319283.343, 105
Trd, 4319284.293, 96
Trd, 4319285.693, 99
Trd, 4319287.443, 97
Trd, 4319287.643, 99
Trd, 4319288.843, 97
Trd, 4319289.593, 96
Trd, 4319291.093, 96
Trd, 4319291.143, 97
Trd, 4319292.143, 96
Trd, 4319292.643, 85
Trd, 4319294.143, 71
Trd, 4319294.643, 77
Trd, 4319295.293, 75
Trd, 4319297.993, 86
Trd, 4319298.243, 87
Trd, 4319301.043, 98
Trd, 4319301.193, 100
Trd, 4319304.093, 102
Trd, 4319304.293, 104
Trd, 4319304.793, 100
Trd, 4319305.143, 99
Trd, 4319310.743, 96
Trd, 4319312.143, 104
Trd, 4319312.193, 103
Trd, 4319312.393, 103
Trd, 4319314.493, 97
Trd, 4319315.743, 91
Trd, 4319317.443, 109
Trd, 4319318.443, 97
Trd, 4319320.743, 103
Trd, 4319320.793, 108
Trd, 4319321.293, 101
Trd, 4319324.993, 94
Trd, 4319325.193, 95
Trd, 4319325.993, 97
Trd, 4319327.243, 97
Trd, 4319327.493, 95
Trd, 4319328.543, 94
Trd, 4319329.393, 96
Trd, 4319334.143, 100
Trd, 4319334.743, 99
Trd, 4319334.993, 98
Trd, 4319335.693, 96
Trd, 4319335.843, 95
Trd, 4319336.443, 96
Trd, 4319339.843, 93
Trd, 4319340.593, 106
Trd, 4319340.943, 97
Trd, 4319344.093, 97
Trd, 4319345.493, 104
Trd, 4319347.343, 91
Trd, 4319349.093, 97
Trd, 4319349.743, 98
Trd, 4319350.143, 98
Trd, 4319350.293, 97
Trd, 4319353.093, 101
Trd, 4319353.193, 93
Trd, 4319353.993, 117
Trd, 4319355.143, 93
Trd, 4319355.843, 94
Trd, 4319360.743, 105
Trd, 4319360.993, 106
Trd, 4319361.893, 106
Trd, 4319362.043, 105
Trd, 4319364.693, 102
Trd, 4319365.343, 95
Trd, 4319366.143, 77
Trd, 4319370.043, 97
Trd, 4319370.343, 98
Trd, 4319370.793, 104
Trd, 4319373.143, 103
Trd, 4319374.893, 104
Trd, 4319375.693, 103
Trd, 4319377.093, 92
Trd, 4319377.743, 109
Trd, 4319377.993, 94
Trd, 4319381.343, 103
Trd, 4319381.643, 104
Trd, 4319381.793, 103
Trd, 4319382.193, 102
Trd, 4319382.943, 95
Trd, 4319385.843, 111
Trd, 4319386.543, 95
Trd, 4319388.693, 95
Trd, 4319390.843, 102
Trd, 4319391.093, 103
Trd, 4319393.393, 102
Trd, 4319393.843, 95
Trd, 4319396.193, 93
Trd, 4319397.193, 95
Trd, 4319397.393, 94
Trd, 4319397.493, 104
Trd, 4319397.593, 86
Trd, 4319399.793, 110
Trd, 4319401.243, 84
Trd, 4319401.893, 83
Trd, 4319403.843, 91
Trd, 4319404.193, 90
Trd, 4319405.043, 95
Trd, 4319405.293, 89
Trd, 4319407.043, 92
Trd, 4319409.093, 95
Trd, 4319409.443, 95
Trd, 4319410.043, 96
Trd, 4319413.793, 104
Trd, 4319414.643, 103
Trd, 4319415.643, 96
Trd, 4319415.843, 101
Trd, 4319418.243, 100
Trd, 4319419.193, 99
Trd, 4319422.193, 96
Trd, 4319422.393, 99
Trd, 4319423.843, 97
Trd, 4319424.243, 96
Trd, 4319424.693, 83
Trd, 4319429.293, 103
Trd, 4319430.293, 98
Trd, 4319430.893, 101
Trd, 4319431.093, 117
Trd, 4319432.193, 104
Trd, 4319433.743, 104
Trd, 4319436.143, 102
Trd, 4319438.843, 99
Trd, 4319439.893, 101
Trd, 4319440.593, 99
Trd, 4319440.743, 98
Trd, 4319442.043, 88
Trd, 4319442.193, 98
Trd, 4319444.943, 95
Trd, 4319446.293, 96
Trd, 4319448.393, 97
Trd, 4319449.043, 106
Trd, 4319452.043, 98
Trd, 4319452.593, 98
Trd, 4319453.593, 96
Trd, 4319455.393, 96
Trd, 4319455.443, 95
Trd, 4319456.143, 87
Trd, 4319457.843, 96
Trd, 4319458.643, 104
Trd, 4319460.343, 95
Trd, 4319462.693, 106
Trd, 4319463.443, 103
Trd, 4319464.093, 103
Trd, 4319465.043, 103
Trd, 4319465.593, 101
Trd, 4319466.543, 95
Trd, 4319467.743, 103
Trd, 4319470.693, 100
Trd, 4319470.793, 97
Trd, 4319471.893, 99
Trd, 4319473.393, 112
Trd, 4319475.993, 106
Trd, 4319476.143, 107
Trd, 4319476.743, 107
Trd, 4319479.143, 105
Trd, 4319479.693, 103
Trd, 4319481.843, 118
Trd, 4319483.243, 114
Trd, 4319484.143, 112
Trd, 4319484.843, 112
Trd, 4319485.143, 111
Trd, 4319486.493, 104
Trd, 4319487.543, 97
Trd, 4319488.893, 101
Trd, 4319489.943, 100
Trd, 4319490.293, 100
Trd, 4319492.743, 92
Trd, 4319493.393, 92
Trd, 4319494.193, 95
Trd, 4319494.843, 90
Trd, 4319495.343, 88
Trd, 4319498.343, 102
Trd, 4319498.993, 91
Trd, 4319501.143, 99
Trd, 4319504.093, 105
Trd, 4319504.743, 108
Trd, 4319505.543, 109
Trd, 4319505.593, 110
Trd, 4319507.143, 109
Trd, 4319508.393, 88
Trd, 4319511.993, 100
Trd, 4319512.543, 100
Trd, 4319512.943, 100
Trd, 4319514.993, 84
Trd, 4319516.893, 88
Trd, 4319518.143, 91
Trd, 4319518.893, 92
Trd, 4319519.243, 95
Trd, 4319519.643, 92
Trd, 4319521.543, 102
Trd, 4319522.093, 103
Trd, 4319524.693, 110
Trd, 4319527.793, 103
Trd, 4319527.843, 102
Trd, 4319529.043, 99
Trd, 4319529.943, 95
Trd, 4319531.443, 92
Trd, 4319531.493, 93
Trd, 4319532.443, 93
Trd, 4319533.743, 104
Trd, 4319535.643, 96
Trd, 4319539.143, 100
Trd, 4319539.743, 101
Trd, 4319540.243, 101
Trd, 4319540.643, 100
Trd, 4319541.143, 102
Trd, 4319542.593, 87
Trd, 4319542.893, 86
Trd, 4319546.493, 93
Trd, 4319547.093, 101
Trd, 4319548.893, 99
Trd, 4319548.993, 98
Trd, 4319549.293, 101
Trd, 4319552.143, 102
Trd, 4319553.443, 103
Trd, 4319555.643, 107
Trd, 4319555.843, 106
Trd, 4319556.043, 107
Trd, 4319558.693, 105
Trd, 4319559.493, 105
Trd, 4319560.093, 106
Trd, 4319560.693, 109
Trd, 4319562.543, 95
Trd, 4319562.593, 86
Trd, 4319563.693, 104
Trd, 4319566.993, 86
Trd, 4319568.043, 100
Trd, 4319570.343, 102
Trd, 4319570.493, 103
Trd, 4319570.543, 102
Trd, 4319573.943, 80
Trd, 4319574.843, 78
Trd, 4319575.943, 80
Trd, 4319576.643, 83
Trd, 4319577.593, 86
Trd, 4319577.793, 95
Trd, 4319581.493, 96
Trd, 4319581.743, 96
Trd, 4319582.193, 96
Trd, 4319584.693, 97
Trd, 4319585.743, 97
Trd, 4319586.093, 97
Trd, 4319586.343, 96
Trd, 4319587.493, 97
Trd, 4319590.193, 89
Trd, 4319592.043, 87
Trd, 4319592.993, 88
Trd, 4319593.043, 88
Trd, 4319593.243, 104
Trd, 4319594.193, 113
Trd, 4319594.693, 91
Trd, 4319598.443, 97
Trd, 4319598.893, 97
Trd, 4319599.743, 97
Trd, 4319599.793, 95
Trd, 4319600.593, 97
Trd, 4319601.893, 90
Trd, 4319604.093, 105
Trd, 4319606.643, 97
Trd, 4319606.843, 96
Trd, 4319607.343, 97
Trd, 4319607.593, 96
Trd, 4319608.043, 95
Trd, 4319610.643, 113
Trd, 4319611.593, 95
Trd, 4319611.943, 93
Trd, 4319615.143, 98
Trd, 4319615.743, 97
Trd, 4319616.193, 96
Trd, 4319617.093, 95
Trd, 4319617.543, 98
Trd, 4319619.193, 103
Trd, 4319619.343, 91
Trd, 4319620.193, 87
Trd, 4319625.293, 102
Trd, 4319625.543, 100
Trd, 4319626.493, 102
Trd, 4319627.543, 102
Trd, 4319628.893, 95
Trd, 4319629.143, 82
Trd, 4319631.543, 90
Trd, 4319632.343, 92
Trd, 4319632.693, 92
Trd, 4319634.093, 95
Trd, 4319634.893, 97
Trd, 4319636.843, 99
Trd, 4319639.543, 96
Trd, 4319639.743, 95
Trd, 4319641.293, 86
Trd, 4319643.243, 114
Trd, 4319647.443, 99
Trd, 4319647.793, 98
Trd, 4319647.893, 96
Trd, 4319648.743, 95
Trd, 4319649.493, 95
Trd, 4319651.443, 104
Trd, 4319651.643, 91
Trd, 4319653.493, 92
Trd, 4319654.943, 106
Trd, 4319657.443, 100
Trd, 4319657.793, 99
Trd, 4319657.993, 85
Trd, 4319660.493, 72
Trd, 4319662.343, 79
Trd, 4319662.393, 86
Trd, 4319664.793, 98
Trd, 4319665.243, 98
Trd, 4319665.893, 90
Trd, 4319668.743, 103
Trd, 4319669.243, 101
Trd, 4319671.393, 102
Trd, 4319672.943, 97
Trd, 4319673.343, 96
Trd, 4319675.243, 110
Trd, 4319677.693, 103
Trd, 4319678.143, 95
Trd, 4319678.693, 103
Trd, 4319679.493, 87
Trd, 4319681.043, 89
Trd, 4319683.293, 99
Trd, 4319684.343, 98
Trd, 4319684.693, 99
Trd, 4319686.443, 103
Trd, 4319686.593, 101
Trd, 4319688.193, 101
Trd, 4319688.993, 95
Trd, 4319691.293, 107
Trd, 4319691.493, 91
Trd, 4319693.943, 101
Trd, 4319694.793, 101
Trd, 4319696.693, 101
Trd, 4319696.793, 98
Trd, 4319698.743, 102
Trd, 4319699.143, 102
Trd, 4319700.593, 110
Trd, 4319703.293, 107
Trd, 4319703.493, 105
Trd, 4319704.843, 87
Trd, 4319704.993, 87
Trd, 4319708.593, 100
Trd, 4319708.893, 98
Trd, 4319709.693, 101
Trd, 4319710.393, 101
Trd, 4319711.493, 102
Trd, 4319711.993, 97
Trd, 4319714.593, 100
Trd, 4319715.293, 100
Trd, 4319715.593, 104
Trd, 4319720.493, 103
Trd, 4319720.693, 104
Trd, 4319721.793, 105
Trd, 4319722.543, 102
Trd, 4319723.543, 97
Trd, 4319725.643, 89
Trd, 4319726.393, 101
Trd, 4319727.743, 97
Trd, 4319728.593, 98
Trd, 4319730.543, 101
Trd, 4319731.193, 103
Trd, 4319733.193, 100
Trd, 4319733.693, 99
Trd, 4319733.893, 100
Trd, 4319735.543, 100
Trd, 4319736.343, 99
Trd, 4319738.993, 97
Trd, 4319740.893, 99
Trd, 4319741.143, 98
Trd, 4319742.243, 100
Trd, 4319742.743, 98
Trd, 4319743.693, 101
Trd, 4319745.793, 101
Trd, 4319747.993, 91
Trd, 4319748.443, 88
Trd, 4319751.643, 97
Trd, 4319751.993, 97
Trd, 4319752.943, 112
Trd, 4319755.043, 106
Trd, 4319755.543, 109
Trd, 4319755.893, 106
Trd, 4319757.243, 97
Trd, 4319759.393, 104
Trd, 4319760.243, 104
Trd, 4319761.893, 96
Trd, 4319764.343, 99
Trd, 4319765.843, 98
Trd, 4319765.893, 97
Trd, 4319766.743, 97
Trd, 4319768.393, 95
Trd, 4319770.443, 92
Trd, 4319770.693, 86
Trd, 4319773.193, 90
Trd, 4319774.143, 90
Trd, 4319774.743, 95
Trd, 4319776.043, 100
Trd, 4319777.243, 100
Trd, 4319778.243, 110
Trd, 4319779.693, 102
Trd, 4319780.893, 104
Trd, 4319781.543, 103
Trd, 4319782.693, 103
Trd, 4319783.693, 95
Trd, 4319784.693, 101
Trd, 4319786.093, 89
Trd, 4319787.293, 90
Trd, 4319789.643, 98
Trd, 4319790.243, 101
Trd, 4319791.893, 110
Trd, 4319792.193, 110
Trd, 4319793.293, 107
Trd, 4319794.043, 105
Trd, 4319794.293, 106
Trd, 4319794.543, 105
Trd, 4319799.443, 104
Trd, 4319799.493, 97
Trd, 4319801.643, 96
Trd, 4319802.193, 97
Trd, 4319802.443, 98
Trd, 4319802.593, 97
Trd, 4319803.593, 100
Trd, 4319806.943, 102
Trd, 4319807.743, 102
Trd, 4319808.743, 106
Trd, 4319809.243, 104
Trd, 4319811.243, 92
Trd, 4319812.443, 102
Trd, 4319814.193, 101
Trd, 4319814.643, 99
Trd, 4319815.743, 99
Trd, 4319817.543, 98
Trd, 4319820.043, 98
Trd, 4319820.143, 96
Trd, 4319821.093, 98
Trd, 4319823.693, 101
Trd, 4319824.443, 95
Trd, 4319826.493, 97
Trd, 4319827.093, 98
Trd, 4319830.343, 104
Trd, 4319831.593, 104
Trd, 4319832.843, 104
Trd, 4319834.843, 99
Trd, 4319835.093, 100
Trd, 4319837.593, 105
Trd, 4319838.143, 113
Trd, 4319838.243, 104
Trd, 4319838.793, 95
Trd, 4319843.543, 94
Trd, 4319845.093, 98
Trd, 4319845.743, 98
Trd, 4319846.143, 113
Trd, 4319849.543, 104
Trd, 4319850.793, 106
Trd, 4319851.893, 121
Trd, 4319852.093, 105
Trd, 4319852.943, 121
Trd, 4319854.393, 106
Trd, 4319855.743, 88
Trd, 4319857.993, 99
Trd, 4319858.893, 99
Trd, 4319860.143, 102
Trd, 4319860.393, 101
Trd, 4319860.893, 104
Trd, 4319862.693, 97
Trd, 4319864.543, 107
Trd, 4319865.093, 101
Trd, 4319868.443, 97
Trd, 4319870.593, 105
Trd, 4319872.093, 107
Trd, 4319873.743, 92
Trd, 4319876.793, 99
Trd, 4319877.543, 100
Trd, 4319878.343, 103
Trd, 4319879.043, 103
Trd, 4319879.543, 102
Trd, 4319880.293, 118
Trd, 4319883.043, 101
Trd, 4319883.893, 99
Trd, 4319885.343, 100
Trd, 4319885.593, 101
Trd, 4319886.443, 98
Trd, 4319887.643, 99
Trd, 4319887.693, 98
Trd, 4319889.393, 98
Trd, 4319890.093, 98
Trd, 4319891.293, 89
Trd, 4319892.593, 111
Trd, 4319893.593, 88
Trd, 4319893.993, 88
Trd, 4319895.193, 89
Trd, 4319895.593, 106
Trd, 4319897.443, 88
Trd, 4319899.993, 94
Trd, 4319900.893, 86
Trd, 4319901.443, 72
Trd, 4319903.493, 91
Trd, 4319903.743, 95
Trd, 4319906.493, 98
Trd, 4319906.643, 97
Trd, 4319907.893, 107
Trd, 4319909.493, 100
Trd, 4319909.843, 101
Trd, 4319910.143, 102
Trd, 4319910.593, 99
Trd, 4319911.893, 96
Trd, 4319915.493, 106
Trd, 4319915.843, 105
Trd, 4319916.293, 108
Trd, 4319917.343, 95
Trd, 4319919.443, 89
Trd, 4319922.443, 98
Trd, 4319923.093, 98
Trd, 4319923.193, 98
Trd, 4319923.293, 99
Trd, 4319924.793, 96
Trd, 4319925.743, 103
Trd, 4319929.743, 98
Trd, 4319930.993, 97
Trd, 4319931.443, 97
Trd, 4319935.243, 107
Trd, 4319935.343, 104
Trd, 4319935.793, 104
Trd, 4319936.093, 86
Trd, 4319939.193, 90
Trd, 4319939.943, 99
Trd, 4319942.043, 105
Trd, 4319942.993, 105
Trd, 4319943.443, 105
Trd, 4319943.493, 103
Trd, 4319943.893, 106
Trd, 4319944.443, 95
Trd, 4319947.493, 92
Trd, 4319948.893, 103
Trd, 4319951.493, 101
Trd, 4319951.743, 101
Trd, 4319952.893, 101
Trd, 4319953.693, 102
Trd, 4319953.993, 101
Trd, 4319954.693, 102
Trd, 4319956.593, 101
Trd, 4319957.443, 101
Trd, 4319957.793, 101
Trd, 4319959.743, 102
Trd, 4319962.193, 102
Trd, 4319964.193, 94
Trd, 4319964.293, 91
Trd, 4319965.093, 93
Trd, 4319966.143, 87
Trd, 4319968.143, 91
Trd, 4319970.643, 94
Trd, 4319970.893, 92
Trd, 4319971.943, 88
Trd, 4319973.693, 95
Trd, 4319975.243, 84
Trd, 4319975.343, 85
Trd, 4319977.093, 86
Trd, 4319978.643, 92
Trd, 4319979.343, 94
Trd, 4319981.443, 96
Trd, 4319981.743, 95
Trd, 4319984.143, 96
Trd, 4319984.593, 95
Trd, 4319985.243, 96
Trd, 4319987.143, 101
Trd, 4319989.243, 99
Trd, 4319989.643, 95
Trd, 4319990.243, 94
Trd, 4319990.393, 100
Trd, 4319992.543, 94
Trd, 4319993.143, 93
Trd, 4319995.093, 95
Trd, 4319996.393, 97
Trd, 4319998.343, 94
Trd, 4319998.643, 95
