Trd, 4317890.693, 105
Trd, 4317892.593, 105
Trd, 4317894.243, 106
Trd, 4317896.193, 103
Trd, 4317896.743, 103
Trd, 4317896.943, 86
Trd, 4317898.643, 81
Trd, 4317899.793, 87
Trd, 4317900.743, 85
Trd, 4317901.493, 75
Trd, 4317901.693, 86
Trd, 4317903.393, 92
Trd, 4317905.743, 92
Trd, 4317907.743, 68
Trd, 4317908.343, 85
Trd, 4317908.393, 86
Trd, 4317908.643, 95
Trd, 4317911.493, 93
Trd, 4317913.443, 89
Trd, 4317914.193, 100
Trd, 4317914.443, 100
Trd, 4317914.843, 86
Trd, 4317916.343, 83
Trd, 4317917.143, 88
Trd, 4317917.543, 93
Trd, 4317918.693, 72
Trd, 4317923.393, 88
Trd, 4317923.443, 92
Trd, 4317925.493, 87
Trd, 4317926.543, 84
Trd, 4317927.393, 104
Trd, 4317927.743, 105
Trd, 4317928.393, 86
Trd, 4317929.593, 108
Trd, 4317930.693, 119
Trd, 4317933.393, 106
Trd, 4317935.093, 109
Trd, 4317935.443, 109
Trd, 4317935.493, 104
Trd, 4317938.593, 96
Trd, 4317940.043, 86
Trd, 4317940.943, 90
Trd, 4317941.643, 110
Trd, 4317941.943, 104
Trd, 4317945.943, 101
Trd, 4317947.743, 101
Trd, 4317948.893, 101
Trd, 4317949.793, 100
Trd, 4317950.443, 86
Trd, 4317950.593, 87
Trd, 4317954.093, 70
Trd, 4317954.293, 82
Trd, 4317954.643, 84
Trd, 4317957.293, 84
Trd, 4317958.243, 85
Trd, 4317959.843, 86
Trd, 4317961.243, 86
Trd, 4317961.943, 93
Trd, 4317962.843, 111
Trd, 4317963.393, 105
Trd, 4317963.693, 104
Trd, 4317965.193, 109
Trd, 4317971.243, 94
Trd, 4317971.293, 95
Trd, 4317971.393, 79
Trd, 4317972.793, 101
Trd, 4317974.243, 87
Trd, 4317974.343, 86
Trd, 4317976.893, 88
Trd, 4317979.343, 84
Trd, 4317981.243, 76
Trd, 4317982.393, 75
Trd, 4317983.143, 75
Trd, 4317983.743, 77
Trd, 4317985.343, 86
Trd, 4317987.243, 86
Trd, 4317987.643, 89
Trd, 4317988.843, 103
Trd, 4317989.343, 87
Trd, 4317990.243, 104
Trd, 4317992.743, 85
Trd, 4317992.893, 86
Trd, 4317996.093, 104
Trd, 4317996.393, 104
Trd, 4317997.143, 104
Trd, 4317998.843, 87
Trd, 4317999.043, 103
Trd, 4318001.893, 86
Trd, 4318002.793, 98
Trd, 4318003.743, 71
Trd, 4318004.193, 71
Trd, 4318005.743, 87
Trd, 4318007.043, 92
Trd, 4318007.393, 85
Trd, 4318008.593, 86
Trd, 4318009.943, 112
Trd, 4318011.443, 93
Trd, 4318013.043, 72
Trd, 4318014.893, 89
Trd, 4318016.543, 107
Trd, 4318019.193, 106
Trd, 4318020.893, 102
Trd, 4318021.593, 90
Trd, 4318022.793, 102
Trd, 4318024.743, 105
Trd, 4318025.393, 103
Trd, 4318025.593, 105
Trd, 4318026.743, 89
Trd, 4318026.893, 88
Trd, 4318030.193, 104
Trd, 4318030.293, 86
Trd, 4318031.193, 102
Trd, 4318033.443, 98
Trd, 4318034.143, 90
Trd, 4318034.993, 86
Trd, 4318035.943, 88
Trd, 4318039.043, 89
Trd, 4318041.093, 89
Trd, 4318041.893, 89
Trd, 4318042.293, 70
Trd, 4318044.743, 69
Trd, 4318045.343, 94
Trd, 4318045.593, 95
Trd, 4318047.693, 85
Trd, 4318048.193, 95
Trd, 4318048.943, 84
Trd, 4318052.343, 93
Trd, 4318052.593, 103
Trd, 4318053.743, 104
Trd, 4318056.143, 86
Trd, 4318059.243, 91
Trd, 4318059.743, 92
Trd, 4318060.343, 95
Trd, 4318061.743, 88
Trd, 4318062.393, 86
Trd, 4318062.743, 89
Trd, 4318065.543, 102
Trd, 4318066.193, 102
Trd, 4318066.343, 93
Trd, 4318066.393, 76
Trd, 4318068.243, 109
Trd, 4318069.643, 111
Trd, 4318071.443, 103
Trd, 4318073.193, 113
Trd, 4318073.743, 112
Trd, 4318075.193, 106
Trd, 4318075.843, 112
Trd, 4318077.143, 106
Trd, 4318078.593, 105
Trd, 4318078.693, 104
Trd, 4318082.993, 101
Trd, 4318083.193, 104
Trd, 4318083.943, 91
Trd, 4318085.293, 95
Trd, 4318087.543, 106
Trd, 4318087.643, 104
Trd, 4318087.993, 107
Trd, 4318090.093, 86
Trd, 4318090.443, 86
Trd, 4318091.293, 104
Trd, 4318094.943, 96
Trd, 4318095.893, 88
Trd, 4318098.293, 93
Trd, 4318098.943, 93
Trd, 4318099.193, 89
Trd, 4318101.193, 93
Trd, 4318101.543, 95
Trd, 4318101.943, 86
Trd, 4318102.443, 116
Trd, 4318103.993, 68
Trd, 4318104.793, 100
Trd, 4318104.993, 90
Trd, 4318108.193, 98
Trd, 4318111.393, 92
Trd, 4318111.543, 99
Trd, 4318112.393, 99
Trd, 4318115.193, 89
Trd, 4318115.593, 98
Trd, 4318116.593, 88
Trd, 4318116.693, 99
Trd, 4318118.143, 104
Trd, 4318119.443, 86
Trd, 4318120.943, 89
Trd, 4318121.693, 76
Trd, 4318122.793, 85
Trd, 4318123.393, 86
Trd, 4318124.393, 79
Trd, 4318124.643, 95
Trd, 4318126.293, 107
Trd, 4318126.943, 104
Trd, 4318132.493, 76
Trd, 4318132.793, 77
Trd, 4318132.893, 78
Trd, 4318133.743, 99
Trd, 4318134.293, 90
Trd, 4318134.443, 104
Trd, 4318136.093, 83
Trd, 4318136.993, 97
Trd, 4318139.293, 102
Trd, 4318140.543, 88
Trd, 4318141.643, 94
Trd, 4318143.293, 95
Trd, 4318143.343, 107
Trd, 4318144.293, 103
Trd, 4318144.593, 118
Trd, 4318145.093, 95
Trd, 4318146.143, 78
Trd, 4318146.443, 111
Trd, 4318149.343, 104
Trd, 4318150.693, 87
Trd, 4318152.743, 103
Trd, 4318154.143, 92
Trd, 4318154.543, 102
Trd, 4318156.343, 104
Trd, 4318156.543, 102
Trd, 4318156.593, 117
Trd, 4318159.643, 85
Trd, 4318159.743, 85
Trd, 4318161.943, 94
Trd, 4318162.893, 92
Trd, 4318163.793, 103
Trd, 4318164.593, 104
Trd, 4318166.393, 94
Trd, 4318169.543, 101
Trd, 4318170.143, 95
Trd, 4318172.343, 88
Trd, 4318172.643, 96
Trd, 4318174.493, 108
Trd, 4318175.193, 105
Trd, 4318175.543, 104
Trd, 4318177.943, 86
Trd, 4318178.543, 76
Trd, 4318178.743, 86
Trd, 4318180.343, 94
Trd, 4318181.893, 92
Trd, 4318185.543, 87
Trd, 4318186.193, 80
Trd, 4318187.543, 85
Trd, 4318189.043, 84
Trd, 4318189.943, 95
Trd, 4318190.643, 105
Trd, 4318194.093, 100
Trd, 4318195.093, 104
Trd, 4318195.593, 87
Trd, 4318195.993, 69
Trd, 4318196.293, 103
Trd, 4318197.293, 103
Trd, 4318199.743, 87
Trd, 4318201.243, 86
Trd, 4318203.743, 105
Trd, 4318204.243, 106
Trd, 4318204.743, 106
Trd, 4318206.393, 107
Trd, 4318206.893, 104
Trd, 4318207.993, 93
Trd, 4318209.693, 111
Trd, 4318211.393, 90
Trd, 4318211.843, 109
Trd, 4318213.193, 102
Trd, 4318213.493, 95
Trd, 4318213.743, 104
Trd, 4318217.343, 104
Trd, 4318218.643, 95
Trd, 4318218.743, 87
Trd, 4318221.443, 102
Trd, 4318221.843, 96
Trd, 4318223.243, 106
Trd, 4318224.043, 70
Trd, 4318224.893, 107
Trd, 4318226.793, 84
Trd, 4318228.993, 72
Trd, 4318230.293, 80
Trd, 4318231.443, 79
Trd, 4318232.593, 87
Trd, 4318232.993, 95
Trd, 4318235.643, 84
Trd, 4318236.043, 86
Trd, 4318236.843, 86
Trd, 4318238.393, 110
Trd, 4318239.193, 103
Trd, 4318239.643, 106
Trd, 4318240.693, 71
Trd, 4318242.943, 94
Trd, 4318244.443, 103
Trd, 4318245.193, 104
Trd, 4318245.793, 103
Trd, 4318246.693, 86
Trd, 4318247.493, 114
Trd, 4318249.543, 85
Trd, 4318250.093, 94
Trd, 4318250.793, 94
Trd, 4318253.943, 95
Trd, 4318255.693, 86
Trd, 4318255.793, 105
Trd, 4318256.793, 69
Trd, 4318258.543, 104
Trd, 4318259.893, 104
Trd, 4318261.143, 87
Trd, 4318261.943, 86
Trd, 4318264.943, 84
Trd, 4318267.043, 89
Trd, 4318268.243, 87
Trd, 4318270.593, 101
Trd, 4318271.193, 101
Trd, 4318271.743, 72
Trd, 4318272.943, 113
Trd, 4318273.543, 113
Trd, 4318273.843, 104
Trd, 4318275.143, 113
Trd, 4318277.443, 105
Trd, 4318279.743, 86
Trd, 4318279.943, 86
Trd, 4318280.193, 88
Trd, 4318280.943, 115
Trd, 4318281.943, 110
Trd, 4318283.143, 113
Trd, 4318284.093, 104
Trd, 4318284.943, 81
Trd, 4318290.343, 102
Trd, 4318290.643, 104
Trd, 4318291.143, 86
Trd, 4318291.543, 88
Trd, 4318294.493, 103
Trd, 4318294.543, 115
Trd, 4318297.143, 109
Trd, 4318297.293, 102
Trd, 4318298.043, 89
Trd, 4318299.093, 84
Trd, 4318299.343, 92
Trd, 4318299.793, 94
Trd, 4318300.943, 87
Trd, 4318305.093, 79
Trd, 4318305.743, 90
Trd, 4318306.393, 94
Trd, 4318307.693, 104
Trd, 4318307.993, 87
Trd, 4318308.543, 98
Trd, 4318312.393, 106
Trd, 4318313.243, 106
Trd, 4318313.993, 101
Trd, 4318314.043, 86
Trd, 4318314.893, 104
Trd, 4318316.743, 85
Trd, 4318317.143, 87
Trd, 4318318.293, 106
Trd, 4318319.593, 105
Trd, 4318320.643, 105
Trd, 4318322.343, 113
Trd, 4318322.843, 107
Trd, 4318322.943, 103
Trd, 4318325.843, 102
Trd, 4318327.443, 91
Trd, 4318327.793, 102
Trd, 4318327.843, 86
Trd, 4318328.043, 107
Trd, 4318331.093, 107
Trd, 4318331.793, 87
Trd, 4318332.693, 89
Trd, 4318336.543, 106
Trd, 4318336.793, 104
Trd, 4318337.643, 104
Trd, 4318337.693, 107
Trd, 4318338.643, 104
Trd, 4318340.743, 109
Trd, 4318340.993, 116
Trd, 4318342.243, 90
Trd, 4318342.943, 87
Trd, 4318344.743, 86
Trd, 4318345.093, 92
Trd, 4318345.843, 86
Trd, 4318346.793, 104
Trd, 4318349.743, 88
Trd, 4318349.943, 89
Trd, 4318353.293, 104
Trd, 4318354.793, 97
Trd, 4318356.393, 105
Trd, 4318357.393, 105
Trd, 4318357.543, 90
Trd, 4318357.743, 85
Trd, 4318359.143, 111
Trd, 4318361.043, 105
Trd, 4318361.993, 104
Trd, 4318363.693, 114
Trd, 4318366.043, 83
Trd, 4318366.493, 70
Trd, 4318367.093, 102
Trd, 4318368.093, 104
Trd, 4318371.643, 96
Trd, 4318372.643, 77
Trd, 4318373.693, 88
Trd, 4318373.793, 96
Trd, 4318374.893, 86
Trd, 4318375.643, 82
Trd, 4318376.893, 116
Trd, 4318378.843, 108
Trd, 4318379.643, 97
Trd, 4318382.693, 106
Trd, 4318382.943, 106
Trd, 4318382.993, 104
Trd, 4318385.643, 90
Trd, 4318386.993, 88
Trd, 4318387.293, 89
Trd, 4318388.093, 98
Trd, 4318389.343, 99
Trd, 4318393.493, 89
Trd, 4318394.043, 103
Trd, 4318394.393, 103
Trd, 4318395.593, 104
Trd, 4318396.493, 92
Trd, 4318397.793, 113
Trd, 4318399.943, 90
Trd, 4318401.593, 102
Trd, 4318401.743, 103
Trd, 4318402.093, 87
Trd, 4318405.193, 86
Trd, 4318405.643, 101
Trd, 4318407.593, 104
Trd, 4318409.193, 86
Trd, 4318409.993, 87
Trd, 4318410.993, 93
Trd, 4318412.693, 93
Trd, 4318413.143, 80
Trd, 4318415.293, 71
Trd, 4318416.343, 85
Trd, 4318416.793, 95
Trd, 4318418.093, 104
Trd, 4318421.893, 102
Trd, 4318422.493, 102
Trd, 4318423.093, 106
Trd, 4318423.243, 88
Trd, 4318425.393, 102
Trd, 4318427.393, 103
Trd, 4318428.393, 107
Trd, 4318428.693, 90
Trd, 4318430.543, 77
Trd, 4318431.043, 105
Trd, 4318431.643, 104
Trd, 4318433.543, 92
Trd, 4318434.193, 105
Trd, 4318435.593, 105
Trd, 4318435.943, 105
Trd, 4318438.243, 107
Trd, 4318439.393, 111
Trd, 4318439.443, 102
Trd, 4318440.493, 109
Trd, 4318441.643, 109
Trd, 4318441.943, 91
Trd, 4318444.493, 111
Trd, 4318447.093, 106
Trd, 4318448.893, 104
Trd, 4318448.943, 105
Trd, 4318449.693, 86
Trd, 4318450.293, 86
Trd, 4318451.593, 87
Trd, 4318452.393, 85
Trd, 4318452.943, 85
Trd, 4318454.943, 90
Trd, 4318456.043, 95
Trd, 4318456.593, 114
Trd, 4318459.893, 105
Trd, 4318460.393, 104
Trd, 4318460.993, 86
Trd, 4318461.143, 106
Trd, 4318463.493, 83
Trd, 4318464.343, 83
Trd, 4318468.893, 86
Trd, 4318469.343, 85
Trd, 4318469.393, 90
Trd, 4318470.743, 70
Trd, 4318472.393, 106
Trd, 4318474.493, 101
Trd, 4318475.593, 88
Trd, 4318476.243, 101
Trd, 4318477.893, 82
Trd, 4318478.643, 101
Trd, 4318478.893, 102
Trd, 4318481.293, 102
Trd, 4318482.093, 86
Trd, 4318483.043, 90
Trd, 4318484.393, 89
Trd, 4318485.093, 71
Trd, 4318486.043, 104
Trd, 4318487.093, 101
Trd, 4318487.393, 71
Trd, 4318491.393, 101
Trd, 4318494.093, 87
Trd, 4318495.143, 90
Trd, 4318496.393, 102
Trd, 4318497.093, 88
Trd, 4318497.543, 89
Trd, 4318499.893, 118
Trd, 4318500.643, 119
Trd, 4318501.893, 105
Trd, 4318503.093, 105
Trd, 4318504.343, 103
Trd, 4318506.793, 93
Trd, 4318507.693, 87
Trd, 4318508.293, 85
Trd, 4318511.143, 95
Trd, 4318514.443, 101
Trd, 4318515.393, 88
Trd, 4318515.593, 86
Trd, 4318516.493, 101
Trd, 4318518.893, 104
Trd, 4318519.393, 104
Trd, 4318519.593, 104
Trd, 4318522.143, 97
Trd, 4318522.793, 104
Trd, 4318524.643, 102
Trd, 4318526.793, 86
Trd, 4318527.093, 96
Trd, 4318527.743, 95
Trd, 4318529.343, 91
Trd, 4318529.993, 79
Trd, 4318533.943, 100
Trd, 4318534.543, 86
Trd, 4318537.243, 86
Trd, 4318537.443, 87
Trd, 4318539.193, 72
Trd, 4318540.193, 106
Trd, 4318542.193, 94
Trd, 4318543.943, 104
Trd, 4318545.243, 107
Trd, 4318545.893, 106
Trd, 4318546.843, 104
Trd, 4318547.843, 104
Trd, 4318548.143, 103
Trd, 4318549.343, 104
Trd, 4318549.543, 86
Trd, 4318549.593, 117
Trd, 4318553.343, 99
Trd, 4318554.643, 86
Trd, 4318554.893, 81
Trd, 4318557.143, 94
Trd, 4318558.593, 86
Trd, 4318560.893, 104
Trd, 4318563.443, 80
Trd, 4318564.743, 78
Trd, 4318565.193, 92
Trd, 4318566.193, 79
Trd, 4318566.743, 93
Trd, 4318570.543, 90
Trd, 4318571.643, 92
Trd, 4318575.343, 109
Trd, 4318577.093, 104
Trd, 4318577.893, 105
Trd, 4318578.193, 104
Trd, 4318581.243, 99
Trd, 4318582.893, 100
Trd, 4318584.343, 98
Trd, 4318584.543, 86
Trd, 4318584.643, 97
Trd, 4318585.593, 112
Trd, 4318586.093, 82
Trd, 4318588.243, 104
Trd, 4318588.543, 94
Trd, 4318591.543, 104
Trd, 4318592.843, 103
Trd, 4318594.193, 99
Trd, 4318596.043, 90
Trd, 4318598.193, 73
Trd, 4318598.543, 77
Trd, 4318598.593, 78
Trd, 4318599.643, 95
Trd, 4318600.093, 90
Trd, 4318602.643, 110
Trd, 4318604.093, 79
Trd, 4318606.093, 101
Trd, 4318606.693, 86
Trd, 4318606.993, 103
Trd, 4318607.893, 87
Trd, 4318609.843, 88
Trd, 4318610.593, 107
Trd, 4318610.843, 105
Trd, 4318613.343, 104
Trd, 4318613.893, 103
Trd, 4318615.693, 87
Trd, 4318616.243, 82
Trd, 4318616.943, 100
Trd, 4318617.343, 100
Trd, 4318620.193, 98
Trd, 4318622.193, 95
Trd, 4318623.143, 95
Trd, 4318623.693, 95
Trd, 4318624.043, 87
Trd, 4318626.293, 104
Trd, 4318627.093, 102
Trd, 4318628.143, 95
Trd, 4318629.793, 96
Trd, 4318630.343, 94
Trd, 4318633.693, 104
Trd, 4318633.793, 104
Trd, 4318634.743, 99
Trd, 4318636.893, 88
Trd, 4318637.293, 123
Trd, 4318638.243, 102
Trd, 4318639.293, 107
Trd, 4318639.893, 89
Trd, 4318641.993, 103
Trd, 4318642.893, 111
Trd, 4318647.093, 89
Trd, 4318647.493, 96
Trd, 4318647.643, 97
Trd, 4318649.243, 98
Trd, 4318649.293, 95
Trd, 4318652.793, 103
Trd, 4318654.043, 88
Trd, 4318654.393, 101
Trd, 4318655.793, 107
Trd, 4318656.893, 104
Trd, 4318657.293, 110
Trd, 4318657.693, 87
Trd, 4318660.793, 82
Trd, 4318660.843, 83
Trd, 4318662.343, 89
Trd, 4318663.493, 96
Trd, 4318664.343, 94
Trd, 4318665.443, 95
Trd, 4318667.593, 89
Trd, 4318667.743, 102
Trd, 4318668.793, 72
Trd, 4318670.843, 71
Trd, 4318671.743, 88
Trd, 4318672.893, 98
Trd, 4318673.093, 99
Trd, 4318674.493, 104
Trd, 4318677.693, 104
Trd, 4318679.943, 106
Trd, 4318679.993, 86
Trd, 4318680.243, 111
Trd, 4318682.843, 106
Trd, 4318683.343, 102
Trd, 4318684.243, 92
Trd, 4318686.893, 112
Trd, 4318688.843, 104
Trd, 4318690.143, 98
Trd, 4318690.543, 112
Trd, 4318692.393, 89
Trd, 4318692.643, 105
Trd, 4318695.543, 102
Trd, 4318696.393, 96
Trd, 4318696.743, 77
Trd, 4318697.443, 103
Trd, 4318699.093, 100
Trd, 4318700.643, 90
Trd, 4318700.843, 89
Trd, 4318703.343, 108
Trd, 4318704.043, 101
Trd, 4318705.793, 91
Trd, 4318706.593, 68
Trd, 4318707.493, 94
Trd, 4318708.093, 87
Trd, 4318708.993, 95
Trd, 4318711.743, 87
Trd, 4318711.843, 86
Trd, 4318713.143, 99
Trd, 4318715.043, 104
Trd, 4318716.693, 104
Trd, 4318718.743, 87
Trd, 4318719.893, 87
Trd, 4318721.043, 71
Trd, 4318722.343, 88
Trd, 4318722.493, 72
Trd, 4318722.843, 95
Trd, 4318725.493, 109
Trd, 4318725.993, 111
Trd, 4318729.193, 102
Trd, 4318729.293, 107
Trd, 4318729.443, 91
Trd, 4318730.393, 106
Trd, 4318731.343, 86
Trd, 4318734.493, 96
Trd, 4318734.593, 100
Trd, 4318735.393, 101
Trd, 4318736.293, 104
Trd, 4318738.493, 89
Trd, 4318740.293, 104
Trd, 4318741.293, 86
Trd, 4318743.093, 102
Trd, 4318745.793, 87
Trd, 4318746.443, 100
Trd, 4318746.693, 100
Trd, 4318747.143, 105
Trd, 4318748.093, 116
Trd, 4318750.093, 70
Trd, 4318751.093, 86
Trd, 4318751.343, 87
Trd, 4318753.093, 85
Trd, 4318755.493, 85
Trd, 4318757.043, 80
Trd, 4318758.443, 88
Trd, 4318758.643, 89
Trd, 4318759.643, 78
Trd, 4318761.193, 88
Trd, 4318761.243, 89
Trd, 4318762.643, 91
Trd, 4318762.943, 103
Trd, 4318765.543, 93
Trd, 4318766.193, 89
Trd, 4318766.993, 102
Trd, 4318769.293, 95
Trd, 4318770.143, 94
Trd, 4318770.393, 96
Trd, 4318772.443, 87
Trd, 4318775.143, 102
Trd, 4318775.743, 89
Trd, 4318775.893, 95
Trd, 4318776.043, 86
Trd, 4318778.393, 98
Trd, 4318778.593, 99
Trd, 4318780.093, 104
Trd, 4318780.343, 87
Trd, 4318780.943, 116
Trd, 4318781.193, 84
Trd, 4318783.893, 112
Trd, 4318786.143, 106
Trd, 4318786.493, 72
Trd, 4318787.593, 97
Trd, 4318787.693, 97
Trd, 4318790.493, 84
Trd, 4318790.593, 74
Trd, 4318790.643, 86
Trd, 4318792.143, 92
Trd, 4318793.343, 102
Trd, 4318794.643, 91
Trd, 4318796.543, 95
Trd, 4318798.193, 81
Trd, 4318799.493, 99
Trd, 4318800.693, 97
Trd, 4318803.043, 72
Trd, 4318803.143, 96
Trd, 4318804.493, 70
Trd, 4318804.943, 86
Trd, 4318807.543, 82
Trd, 4318807.743, 83
Trd, 4318808.943, 88
Trd, 4318811.893, 105
Trd, 4318812.743, 105
Trd, 4318812.893, 103
Trd, 4318814.993, 101
Trd, 4318816.743, 84
Trd, 4318817.293, 85
Trd, 4318817.493, 88
Trd, 4318819.093, 90
Trd, 4318819.743, 88
Trd, 4318820.193, 89
Trd, 4318821.143, 89
Trd, 4318822.743, 104
Trd, 4318824.543, 109
Trd, 4318825.593, 91
Trd, 4318826.293, 104
Trd, 4318826.693, 106
Trd, 4318828.643, 88
Trd, 4318831.593, 100
Trd, 4318831.943, 102
Trd, 4318832.493, 86
Trd, 4318833.943, 88
Trd, 4318834.393, 68
Trd, 4318836.443, 91
Trd, 4318836.843, 91
Trd, 4318838.143, 92
Trd, 4318840.143, 90
Trd, 4318840.593, 89
Trd, 4318842.043, 97
Trd, 4318842.293, 84
Trd, 4318842.543, 104
Trd, 4318843.793, 108
Trd, 4318844.843, 85
Trd, 4318846.493, 110
Trd, 4318846.843, 111
Trd, 4318847.543, 105
Trd, 4318849.443, 100
Trd, 4318850.293, 102
Trd, 4318853.743, 93
Trd, 4318854.493, 95
Trd, 4318854.793, 95
Trd, 4318857.043, 83
Trd, 4318857.443, 94
Trd, 4318860.993, 93
Trd, 4318861.393, 89
Trd, 4318863.293, 89
Trd, 4318864.293, 93
Trd, 4318864.543, 95
Trd, 4318866.643, 87
Trd, 4318866.843, 69
Trd, 4318869.543, 85
Trd, 4318870.443, 94
Trd, 4318870.893, 79
Trd, 4318871.943, 88
Trd, 4318871.993, 89
Trd, 4318874.443, 95
Trd, 4318874.693, 105
Trd, 4318875.593, 105
Trd, 4318877.293, 104
Trd, 4318877.543, 86
Trd, 4318877.993, 113
Trd, 4318878.843, 113
Trd, 4318880.493, 100
Trd, 4318880.793, 88
Trd, 4318882.193, 103
Trd, 4318883.743, 103
Trd, 4318884.593, 81
Trd, 4318886.943, 79
Trd, 4318889.293, 87
Trd, 4318890.093, 88
Trd, 4318892.043, 106
Trd, 4318892.093, 108
Trd, 4318893.043, 105
Trd, 4318893.893, 104
Trd, 4318894.493, 103
Trd, 4318896.093, 99
Trd, 4318898.193, 84
Trd, 4318898.693, 87
Trd, 4318899.793, 97
Trd, 4318901.043, 109
Trd, 4318902.393, 96
Trd, 4318904.143, 103
Trd, 4318905.193, 115
Trd, 4318905.293, 104
Trd, 4318905.893, 89
Trd, 4318906.993, 86
Trd, 4318907.593, 110
Trd, 4318909.543, 111
Trd, 4318910.943, 103
Trd, 4318913.793, 104
Trd, 4318913.993, 104
Trd, 4318915.443, 103
Trd, 4318916.943, 107
Trd, 4318917.843, 87
Trd, 4318918.493, 86
Trd, 4318919.343, 104
Trd, 4318920.043, 107
Trd, 4318920.793, 107
Trd, 4318921.093, 106
Trd, 4318921.943, 104
Trd, 4318924.343, 80
Trd, 4318925.093, 101
Trd, 4318926.193, 109
Trd, 4318926.643, 104
Trd, 4318931.093, 93
Trd, 4318931.293, 101
Trd, 4318931.443, 90
Trd, 4318931.943, 96
Trd, 4318935.243, 99
Trd, 4318935.693, 93
Trd, 4318937.243, 87
Trd, 4318938.543, 100
Trd, 4318939.593, 103
Trd, 4318941.243, 72
Trd, 4318944.843, 92
Trd, 4318945.093, 93
Trd, 4318945.143, 94
Trd, 4318946.243, 95
Trd, 4318946.443, 104
Trd, 4318946.693, 90
Trd, 4318949.793, 88
Trd, 4318950.593, 68
Trd, 4318950.943, 95
Trd, 4318951.393, 95
Trd, 4318953.593, 105
Trd, 4318954.043, 87
Trd, 4318956.293, 104
Trd, 4318956.593, 104
Trd, 4318956.793, 105
Trd, 4318958.493, 104
Trd, 4318959.243, 113
Trd, 4318959.293, 86
Trd, 4318960.293, 117
Trd, 4318962.843, 108
Trd, 4318963.643, 104
Trd, 4318964.493, 105
Trd, 4318964.543, 104
Trd, 4318964.693, 86
Trd, 4318966.293, 90
Trd, 4318967.593, 100
Trd, 4318968.193, 108
Trd, 4318970.043, 87
Trd, 4318971.593, 107
Trd, 4318972.043, 107
Trd, 4318973.193, 104
Trd, 4318975.393, 86
Trd, 4318977.043, 85
Trd, 4318979.393, 104
Trd, 4318979.593, 103
Trd, 4318980.443, 104
Trd, 4318980.693, 88
Trd, 4318981.993, 89
Trd, 4318983.043, 100
Trd, 4318985.693, 106
Trd, 4318985.943, 107
Trd, 4318987.993, 91
Trd, 4318989.093, 101
Trd, 4318989.543, 99
Trd, 4318991.193, 95
Trd, 4318991.643, 88
Trd, 4318992.843, 106
Trd, 4318993.443, 103
Trd, 4318994.793, 91
Trd, 4318996.793, 106
Trd, 4318997.843, 104
Trd, 4318999.643, 90
Trd, 4318999.943, 100
Trd, 4319002.343, 102
Trd, 4319002.693, 103
Trd, 4319004.893, 92
Trd, 4319006.543, 94
Trd, 4319006.743, 70
Trd, 4319007.443, 95
Trd, 4319008.743, 74
Trd, 4319008.793, 104
Trd, 4319008.893, 110
Trd, 4319011.643, 90
Trd, 4319011.743, 93
Trd, 4319013.993, 94
Trd, 4319015.743, 104
Trd, 4319015.793, 96
Trd, 4319018.043, 104
Trd, 4319018.693, 104
Trd, 4319018.943, 71
Trd, 4319021.893, 93
Trd, 4319022.043, 106
Trd, 4319023.043, 90
Trd, 4319023.143, 87
Trd, 4319026.043, 98
Trd, 4319026.843, 96
Trd, 4319029.293, 105
Trd, 4319029.843, 104
Trd, 4319030.193, 88
Trd, 4319030.893, 102
Trd, 4319033.693, 100
Trd, 4319035.743, 103
Trd, 4319037.443, 101
Trd, 4319039.693, 77
Trd, 4319041.193, 74
Trd, 4319042.093, 70
Trd, 4319042.293, 77
Trd, 4319042.343, 90
Trd, 4319042.993, 95
Trd, 4319044.193, 93
Trd, 4319047.493, 105
Trd, 4319050.593, 102
Trd, 4319051.443, 76
Trd, 4319053.293, 99
Trd, 4319054.143, 93
Trd, 4319055.393, 95
Trd, 4319057.093, 86
Trd, 4319057.143, 93
Trd, 4319057.343, 106
Trd, 4319058.593, 68
Trd, 4319059.893, 119
Trd, 4319060.843, 104
Trd, 4319065.593, 104
Trd, 4319066.393, 88
Trd, 4319067.643, 101
Trd, 4319067.993, 103
Trd, 4319069.593, 94
Trd, 4319069.743, 107
Trd, 4319070.443, 104
Trd, 4319072.093, 104
Trd, 4319074.193, 108
Trd, 4319074.743, 88
Trd, 4319078.193, 105
Trd, 4319078.693, 103
Trd, 4319079.593, 71
Trd, 4319081.393, 91
Trd, 4319082.193, 104
Trd, 4319083.243, 86
Trd, 4319085.543, 107
Trd, 4319085.693, 88
Trd, 4319087.443, 103
Trd, 4319088.093, 103
Trd, 4319089.343, 77
Trd, 4319090.343, 109
Trd, 4319092.843, 88
Trd, 4319095.193, 104
Trd, 4319096.043, 93
Trd, 4319097.643, 98
Trd, 4319097.843, 87
Trd, 4319098.993, 70
Trd, 4319099.343, 71
Trd, 4319100.043, 94
Trd, 4319102.743, 93
Trd, 4319103.193, 94
Trd, 4319104.993, 90
Trd, 4319106.643, 94
Trd, 4319107.343, 83
Trd, 4319107.643, 95
Trd, 4319110.443, 87
Trd, 4319111.393, 102
Trd, 4319111.893, 103
Trd, 4319112.793, 108
Trd, 4319113.893, 106
Trd, 4319115.743, 105
Trd, 4319116.643, 104
Trd, 4319117.393, 94
Trd, 4319118.093, 94
Trd, 4319118.593, 102
Trd, 4319120.593, 86
Trd, 4319121.743, 95
Trd, 4319123.793, 94
Trd, 4319124.343, 101
Trd, 4319125.243, 99
Trd, 4319127.093, 86
Trd, 4319127.393, 103
Trd, 4319127.743, 112
Trd, 4319129.893, 105
Trd, 4319132.543, 90
Trd, 4319133.193, 94
Trd, 4319133.343, 91
Trd, 4319136.343, 96
Trd, 4319136.493, 97
Trd, 4319136.743, 93
Trd, 4319140.543, 71
Trd, 4319141.093, 77
Trd, 4319141.643, 87
Trd, 4319143.043, 103
Trd, 4319143.793, 89
Trd, 4319146.893, 72
Trd, 4319147.793, 81
Trd, 4319148.243, 82
Trd, 4319148.593, 93
Trd, 4319151.393, 78
Trd, 4319151.643, 86
Trd, 4319152.143, 95
Trd, 4319155.043, 98
Trd, 4319156.393, 101
Trd, 4319156.893, 95
Trd, 4319157.643, 101
Trd, 4319159.393, 103
Trd, 4319159.593, 104
Trd, 4319159.893, 93
Trd, 4319160.693, 92
Trd, 4319160.893, 102
Trd, 4319162.643, 98
Trd, 4319164.143, 98
Trd, 4319164.893, 99
Trd, 4319166.993, 96
Trd, 4319167.093, 86
Trd, 4319168.393, 75
Trd, 4319171.293, 95
Trd, 4319173.843, 92
Trd, 4319175.143, 82
Trd, 4319175.743, 92
Trd, 4319176.343, 95
Trd, 4319177.443, 113
Trd, 4319178.443, 120
Trd, 4319178.493, 93
Trd, 4319179.243, 104
Trd, 4319181.493, 94
Trd, 4319183.043, 104
Trd, 4319183.543, 90
Trd, 4319183.893, 114
Trd, 4319185.543, 104
Trd, 4319186.443, 102
Trd, 4319187.843, 107
Trd, 4319188.393, 89
Trd, 4319189.193, 104
Trd, 4319190.993, 103
Trd, 4319191.993, 88
Trd, 4319195.443, 92
Trd, 4319196.043, 91
Trd, 4319196.843, 88
Trd, 4319197.543, 95
Trd, 4319197.843, 114
Trd, 4319197.893, 77
Trd, 4319200.143, 86
Trd, 4319200.543, 87
Trd, 4319201.693, 94
Trd, 4319203.043, 88
Trd, 4319203.393, 95
Trd, 4319205.443, 87
Trd, 4319205.943, 105
Trd, 4319208.893, 89
Trd, 4319210.143, 77
Trd, 4319210.543, 99
Trd, 4319211.693, 106
Trd, 4319212.943, 104
Trd, 4319213.543, 99
Trd, 4319214.043, 98
Trd, 4319214.793, 105
Trd, 4319216.993, 107
Trd, 4319218.293, 105
Trd, 4319218.543, 102
Trd, 4319218.693, 106
Trd, 4319219.993, 105
Trd, 4319220.243, 104
Trd, 4319221.743, 111
Trd, 4319222.043, 90
Trd, 4319227.193, 83
Trd, 4319227.293, 89
Trd, 4319228.493, 95
Trd, 4319229.543, 106
Trd, 4319231.643, 87
Trd, 4319232.143, 103
Trd, 4319233.093, 103
Trd, 4319236.943, 95
Trd, 4319237.643, 89
Trd, 4319238.593, 102
Trd, 4319238.843, 101
Trd, 4319239.143, 105
Trd, 4319239.843, 104
Trd, 4319244.043, 101
Trd, 4319244.443, 103
Trd, 4319244.843, 101
Trd, 4319245.743, 101
Trd, 4319247.093, 101
Trd, 4319249.693, 104
Trd, 4319251.043, 91
Trd, 4319254.493, 99
Trd, 4319255.193, 98
Trd, 4319255.443, 101
Trd, 4319256.043, 86
Trd, 4319256.343, 102
Trd, 4319257.193, 72
Trd, 4319260.593, 102
Trd, 4319261.493, 98
Trd, 4319262.243, 98
Trd, 4319262.343, 106
Trd, 4319262.443, 113
Trd, 4319264.193, 91
Trd, 4319266.793, 86
Trd, 4319268.043, 85
Trd, 4319268.143, 86
Trd, 4319268.343, 87
Trd, 4319269.093, 104
Trd, 4319270.493, 102
Trd, 4319272.943, 100
Trd, 4319276.693, 81
Trd, 4319276.843, 95
Trd, 4319280.093, 94
Trd, 4319280.843, 90
Trd, 4319281.643, 86
Trd, 4319281.893, 88
Trd, 4319283.143, 75
Trd, 4319283.993, 95
Trd, 4319285.793, 91
Trd, 4319286.043, 95
Trd, 4319290.093, 98
Trd, 4319290.643, 99
Trd, 4319290.693, 100
Trd, 4319290.793, 93
Trd, 4319291.793, 86
Trd, 4319292.243, 86
Trd, 4319292.443, 104
Trd, 4319294.743, 85
Trd, 4319296.243, 72
Trd, 4319296.943, 84
Trd, 4319297.393, 85
Trd, 4319297.893, 92
Trd, 4319298.093, 71
Trd, 4319298.543, 94
Trd, 4319303.943, 87
Trd, 4319304.993, 80
Trd, 4319305.443, 92
Trd, 4319305.793, 96
Trd, 4319305.843, 108
Trd, 4319309.993, 105
Trd, 4319310.543, 99
Trd, 4319310.593, 88
Trd, 4319312.943, 100
Trd, 4319314.493, 75
Trd, 4319316.343, 94
Trd, 4319317.243, 98
Trd, 4319320.493, 102
Trd, 4319322.043, 97
Trd, 4319322.193, 101
Trd, 4319323.193, 86
Trd, 4319323.393, 71
Trd, 4319326.343, 90
Trd, 4319327.243, 87
Trd, 4319328.593, 105
Trd, 4319328.693, 106
Trd, 4319329.893, 108
Trd, 4319329.943, 104
Trd, 4319330.893, 88
Trd, 4319332.743, 103
Trd, 4319333.643, 105
Trd, 4319334.893, 69
Trd, 4319335.493, 104
Trd, 4319336.843, 102
Trd, 4319338.693, 101
Trd, 4319339.593, 86
Trd, 4319339.643, 85
Trd, 4319342.393, 97
Trd, 4319342.543, 98
Trd, 4319343.143, 76
Trd, 4319345.843, 100
Trd, 4319346.143, 88
Trd, 4319347.043, 105
Trd, 4319347.543, 121
Trd, 4319347.693, 129
Trd, 4319348.693, 87
Trd, 4319350.093, 110
Trd, 4319351.093, 105
Trd, 4319352.443, 104
Trd, 4319352.693, 104
Trd, 4319354.443, 102
Trd, 4319356.693, 101
Trd, 4319357.193, 86
Trd, 4319358.393, 86
Trd, 4319361.143, 99
Trd, 4319362.543, 91
Trd, 4319363.093, 89
Trd, 4319364.343, 99
Trd, 4319365.093, 100
Trd, 4319365.193, 88
Trd, 4319367.193, 101
Trd, 4319367.993, 98
Trd, 4319368.893, 103
Trd, 4319370.143, 104
Trd, 4319370.193, 86
Trd, 4319373.293, 102
Trd, 4319373.993, 97
Trd, 4319374.093, 101
Trd, 4319374.543, 86
Trd, 4319375.793, 104
Trd, 4319379.093, 100
Trd, 4319380.543, 98
Trd, 4319382.343, 93
Trd, 4319382.593, 95
Trd, 4319383.093, 95
Trd, 4319385.243, 89
Trd, 4319386.293, 88
Trd, 4319386.793, 86
Trd, 4319389.193, 103
Trd, 4319389.943, 107
Trd, 4319390.943, 104
Trd, 4319393.243, 101
Trd, 4319394.593, 102
Trd, 4319395.393, 95
Trd, 4319396.343, 88
Trd, 4319397.543, 86
Trd, 4319400.393, 89
Trd, 4319403.093, 90
Trd, 4319404.993, 94
Trd, 4319405.443, 86
Trd, 4319406.293, 89
Trd, 4319406.543, 103
Trd, 4319407.093, 111
Trd, 4319409.293, 105
Trd, 4319411.493, 104
Trd, 4319414.343, 100
Trd, 4319414.493, 101
Trd, 4319414.593, 87
Trd, 4319414.743, 105
Trd, 4319415.543, 111
Trd, 4319416.793, 75
Trd, 4319420.893, 91
Trd, 4319421.193, 98
Trd, 4319422.493, 87
Trd, 4319424.243, 101
Trd, 4319425.343, 86
Trd, 4319426.543, 92
Trd, 4319429.193, 101
Trd, 4319430.593, 89
Trd, 4319431.843, 92
Trd, 4319432.843, 95
Trd, 4319433.393, 70
Trd, 4319433.493, 97
Trd, 4319434.393, 104
Trd, 4319436.593, 113
Trd, 4319436.693, 104
Trd, 4319437.443, 69
Trd, 4319439.943, 109
Trd, 4319441.693, 92
Trd, 4319442.943, 105
Trd, 4319443.293, 107
Trd, 4319444.143, 105
Trd, 4319444.243, 104
Trd, 4319445.893, 109
Trd, 4319446.593, 94
Trd, 4319448.943, 104
Trd, 4319449.893, 101
Trd, 4319450.293, 103
Trd, 4319451.343, 89
Trd, 4319454.693, 86
Trd, 4319454.943, 98
Trd, 4319456.593, 107
Trd, 4319457.393, 105
Trd, 4319457.743, 104
Trd, 4319458.093, 86
Trd, 4319460.643, 100
Trd, 4319461.293, 104
Trd, 4319464.443, 86
Trd, 4319465.093, 87
Trd, 4319465.743, 89
Trd, 4319467.043, 69
Trd, 4319467.543, 87
Trd, 4319468.943, 87
Trd, 4319469.093, 95
Trd, 4319473.993, 104
Trd, 4319475.243, 105
Trd, 4319475.493, 103
Trd, 4319475.643, 105
Trd, 4319476.293, 112
Trd, 4319480.093, 98
Trd, 4319480.243, 99
Trd, 4319480.993, 94
Trd, 4319482.793, 104
Trd, 4319482.993, 102
Trd, 4319484.243, 100
Trd, 4319484.843, 104
Trd, 4319487.593, 83
Trd, 4319488.193, 104
Trd, 4319489.093, 95
Trd, 4319490.293, 92
Trd, 4319490.543, 86
Trd, 4319494.043, 104
Trd, 4319495.593, 87
Trd, 4319496.693, 107
Trd, 4319498.693, 92
Trd, 4319498.893, 104
Trd, 4319501.543, 96
Trd, 4319502.143, 99
Trd, 4319502.643, 81
Trd, 4319502.793, 98
Trd, 4319505.343, 89
Trd, 4319505.543, 95
Trd, 4319506.843, 95
Trd, 4319507.443, 87
Trd, 4319508.793, 105
Trd, 4319509.743, 97
Trd, 4319512.193, 95
Trd, 4319513.093, 97
Trd, 4319515.193, 92
Trd, 4319516.893, 91
Trd, 4319516.993, 92
Trd, 4319517.693, 95
Trd, 4319520.243, 93
Trd, 4319520.793, 104
Trd, 4319521.693, 94
Trd, 4319521.793, 93
Trd, 4319522.243, 103
Trd, 4319523.193, 104
Trd, 4319525.993, 100
Trd, 4319526.493, 101
Trd, 4319526.843, 111
Trd, 4319527.893, 90
Trd, 4319530.743, 108
Trd, 4319531.593, 82
Trd, 4319534.043, 105
Trd, 4319534.743, 104
Trd, 4319536.593, 74
Trd, 4319538.993, 87
Trd, 4319539.243, 87
Trd, 4319539.793, 88
Trd, 4319541.393, 103
Trd, 4319541.893, 104
Trd, 4319542.193, 90
Trd, 4319544.093, 98
Trd, 4319546.543, 98
Trd, 4319547.143, 99
Trd, 4319548.943, 100
Trd, 4319549.093, 95
Trd, 4319550.643, 90
Trd, 4319553.543, 87
Trd, 4319553.843, 90
Trd, 4319555.093, 95
Trd, 4319559.393, 78
Trd, 4319561.243, 89
Trd, 4319562.993, 87
Trd, 4319563.443, 87
Trd, 4319564.093, 86
Trd, 4319566.093, 105
Trd, 4319566.793, 95
Trd, 4319566.943, 89
Trd, 4319567.693, 103
Trd, 4319568.293, 103
Trd, 4319568.993, 104
Trd, 4319571.393, 104
Trd, 4319572.143, 77
Trd, 4319572.193, 103
Trd, 4319572.843, 87
Trd, 4319574.743, 81
Trd, 4319575.093, 95
Trd, 4319578.393, 102
Trd, 4319579.593, 99
Trd, 4319580.293, 89
Trd, 4319581.643, 91
Trd, 4319582.393, 92
Trd, 4319582.543, 114
Trd, 4319584.143, 104
Trd, 4319584.243, 94
Trd, 4319584.593, 104
Trd, 4319584.743, 92
Trd, 4319589.693, 95
Trd, 4319590.293, 105
Trd, 4319592.843, 90
Trd, 4319594.693, 89
Trd, 4319595.093, 91
Trd, 4319595.193, 95
Trd, 4319595.843, 105
Trd, 4319596.443, 104
Trd, 4319601.143, 82
Trd, 4319601.393, 83
Trd, 4319601.843, 74
Trd, 4319602.193, 87
Trd, 4319603.743, 74
Trd, 4319606.343, 83
Trd, 4319607.343, 86
Trd, 4319609.293, 104
Trd, 4319610.343, 89
Trd, 4319612.243, 87
Trd, 4319612.293, 102
Trd, 4319612.793, 103
Trd, 4319615.793, 96
Trd, 4319616.093, 103
Trd, 4319617.093, 95
Trd, 4319617.393, 103
Trd, 4319618.143, 86
Trd, 4319620.443, 92
Trd, 4319621.743, 108
Trd, 4319623.793, 107
Trd, 4319624.443, 110
Trd, 4319625.993, 110
Trd, 4319626.693, 99
Trd, 4319628.143, 104
Trd, 4319630.643, 112
Trd, 4319631.643, 107
Trd, 4319632.743, 105
Trd, 4319634.443, 103
Trd, 4319635.793, 103
Trd, 4319636.393, 104
Trd, 4319638.193, 97
Trd, 4319638.393, 102
Trd, 4319638.943, 117
Trd, 4319641.693, 94
Trd, 4319641.843, 97
Trd, 4319643.693, 91
Trd, 4319645.093, 96
Trd, 4319645.243, 104
Trd, 4319645.943, 89
Trd, 4319647.293, 112
Trd, 4319650.393, 108
Trd, 4319652.243, 92
Trd, 4319652.743, 86
Trd, 4319655.293, 94
Trd, 4319655.443, 120
Trd, 4319657.443, 109
Trd, 4319658.143, 88
Trd, 4319659.543, 103
Trd, 4319660.943, 88
Trd, 4319662.443, 103
Trd, 4319663.243, 104
Trd, 4319663.893, 106
Trd, 4319664.943, 98
Trd, 4319666.343, 105
Trd, 4319666.993, 104
Trd, 4319668.493, 103
Trd, 4319670.743, 76
Trd, 4319671.843, 83
Trd, 4319672.193, 84
Trd, 4319673.543, 88
Trd, 4319675.393, 104
Trd, 4319676.543, 96
Trd, 4319678.943, 71
Trd, 4319679.143, 101
Trd, 4319680.993, 101
Trd, 4319681.893, 93
Trd, 4319682.593, 94
Trd, 4319683.543, 71
Trd, 4319686.393, 101
Trd, 4319686.543, 79
Trd, 4319689.393, 81
Trd, 4319689.493, 82
Trd, 4319691.743, 88
Trd, 4319693.243, 84
Trd, 4319694.093, 90
Trd, 4319694.893, 88
Trd, 4319694.993, 89
Trd, 4319695.743, 95
Trd, 4319697.643, 88
Trd, 4319698.493, 104
Trd, 4319700.943, 85
Trd, 4319703.193, 80
Trd, 4319703.693, 84
Trd, 4319704.493, 94
Trd, 4319706.593, 94
Trd, 4319707.893, 92
Trd, 4319708.243, 88
Trd, 4319708.393, 95
Trd, 4319710.393, 87
Trd, 4319711.643, 101
Trd, 4319712.693, 104
Trd, 4319714.343, 99
Trd, 4319716.043, 91
Trd, 4319719.143, 90
Trd, 4319720.443, 91
Trd, 4319722.043, 102
Trd, 4319722.743, 103
Trd, 4319724.143, 120
Trd, 4319724.243, 122
Trd, 4319724.593, 113
Trd, 4319724.943, 101
Trd, 4319725.693, 86
Trd, 4319726.243, 106
Trd, 4319729.193, 137
Trd, 4319734.043, 86
Trd, 4319735.143, 116
Trd, 4319735.493, 113
Trd, 4319735.643, 104
Trd, 4319736.943, 83
Trd, 4319737.693, 107
Trd, 4319739.043, 105
Trd, 4319740.143, 104
Trd, 4319741.143, 84
Trd, 4319741.593, 88
Trd, 4319742.193, 95
Trd, 4319743.343, 92
Trd, 4319745.293, 94
Trd, 4319745.643, 103
Trd, 4319746.743, 96
Trd, 4319746.943, 103
Trd, 4319749.843, 94
Trd, 4319749.893, 104
Trd, 4319752.193, 104
Trd, 4319752.693, 104
Trd, 4319754.143, 101
Trd, 4319754.493, 86
Trd, 4319756.093, 93
Trd, 4319756.993, 100
Trd, 4319758.843, 86
Trd, 4319759.443, 91
Trd, 4319759.893, 93
Trd, 4319760.743, 94
Trd, 4319760.943, 95
Trd, 4319762.293, 91
Trd, 4319764.993, 103
Trd, 4319765.343, 88
Trd, 4319768.493, 88
Trd, 4319769.543, 92
Trd, 4319770.043, 98
Trd, 4319771.393, 96
Trd, 4319772.793, 95
Trd, 4319773.043, 110
Trd, 4319774.443, 113
Trd, 4319775.093, 88
Trd, 4319776.493, 71
Trd, 4319777.093, 70
Trd, 4319777.743, 104
Trd, 4319778.093, 93
Trd, 4319780.293, 100
Trd, 4319784.193, 108
Trd, 4319786.593, 90
Trd, 4319787.143, 91
Trd, 4319789.993, 103
Trd, 4319790.093, 106
Trd, 4319790.343, 107
Trd, 4319792.893, 85
Trd, 4319793.593, 102
Trd, 4319794.993, 82
Trd, 4319795.343, 102
Trd, 4319796.343, 104
Trd, 4319797.093, 103
Trd, 4319798.993, 103
Trd, 4319800.343, 90
Trd, 4319801.543, 91
Trd, 4319802.093, 93
Trd, 4319802.693, 95
Trd, 4319803.043, 104
Trd, 4319804.293, 105
Trd, 4319804.943, 87
Trd, 4319806.243, 114
Trd, 4319806.843, 88
Trd, 4319809.293, 101
Trd, 4319809.593, 102
Trd, 4319812.243, 72
Trd, 4319814.943, 86
Trd, 4319815.393, 87
Trd, 4319816.043, 85
Trd, 4319816.193, 95
Trd, 4319817.093, 104
Trd, 4319817.593, 88
Trd, 4319818.243, 85
Trd, 4319818.843, 95
Trd, 4319820.143, 113
Trd, 4319822.893, 107
Trd, 4319823.043, 114
Trd, 4319824.843, 101
Trd, 4319824.993, 82
Trd, 4319825.643, 101
Trd, 4319828.343, 89
Trd, 4319828.643, 95
Trd, 4319829.543, 81
Trd, 4319831.043, 96
Trd, 4319831.393, 105
Trd, 4319834.443, 88
Trd, 4319835.343, 97
Trd, 4319835.543, 98
Trd, 4319837.493, 95
Trd, 4319840.143, 86
Trd, 4319841.243, 84
Trd, 4319841.393, 86
Trd, 4319841.893, 78
Trd, 4319842.893, 87
Trd, 4319843.993, 104
Trd, 4319847.293, 109
Trd, 4319848.293, 89
Trd, 4319848.843, 99
Trd, 4319850.543, 89
Trd, 4319851.093, 92
Trd, 4319852.743, 86
Trd, 4319853.243, 104
Trd, 4319854.193, 104
Trd, 4319855.593, 104
Trd, 4319856.143, 105
Trd, 4319856.743, 96
Trd, 4319859.693, 101
Trd, 4319859.893, 103
Trd, 4319861.393, 87
Trd, 4319862.693, 95
Trd, 4319863.093, 86
Trd, 4319864.393, 105
Trd, 4319865.293, 104
Trd, 4319865.693, 103
Trd, 4319867.593, 80
Trd, 4319868.893, 78
Trd, 4319870.193, 104
Trd, 4319872.643, 88
Trd, 4319874.043, 104
Trd, 4319874.393, 105
Trd, 4319876.143, 87
Trd, 4319876.393, 116
Trd, 4319876.743, 86
Trd, 4319879.843, 87
Trd, 4319880.943, 89
Trd, 4319883.543, 86
Trd, 4319883.743, 100
Trd, 4319885.043, 98
Trd, 4319885.193, 99
Trd, 4319885.943, 112
Trd, 4319886.993, 89
Trd, 4319890.043, 103
Trd, 4319890.443, 111
Trd, 4319890.593, 86
Trd, 4319891.643, 69
Trd, 4319896.043, 90
Trd, 4319896.693, 76
Trd, 4319896.843, 86
Trd, 4319899.243, 104
Trd, 4319902.093, 86
Trd, 4319902.693, 86
Trd, 4319902.743, 86
Trd, 4319904.893, 87
Trd, 4319905.193, 86
Trd, 4319907.343, 103
Trd, 4319907.943, 106
Trd, 4319909.693, 104
Trd, 4319910.693, 98
Trd, 4319912.943, 99
Trd, 4319913.393, 99
Trd, 4319914.593, 103
Trd, 4319915.293, 88
Trd, 4319917.693, 105
Trd, 4319917.843, 86
Trd, 4319919.143, 102
Trd, 4319919.693, 101
Trd, 4319920.943, 102
Trd, 4319922.643, 90
Trd, 4319923.743, 101
Trd, 4319924.893, 97
Trd, 4319926.043, 86
Trd, 4319927.643, 103
Trd, 4319928.293, 105
Trd, 4319931.693, 110
Trd, 4319931.793, 109
Trd, 4319932.693, 86
Trd, 4319934.393, 105
Trd, 4319934.643, 104
Trd, 4319936.243, 103
Trd, 4319936.793, 108
Trd, 4319939.043, 88
Trd, 4319939.193, 104
Trd, 4319941.043, 88
Trd, 4319942.143, 103
Trd, 4319942.593, 103
Trd, 4319945.843, 98
Trd, 4319946.743, 86
Trd, 4319947.693, 100
Trd, 4319948.093, 81
Trd, 4319950.593, 111
Trd, 4319952.643, 95
Trd, 4319953.193, 104
Trd, 4319953.443, 104
Trd, 4319953.943, 104
Trd, 4319956.293, 101
Trd, 4319957.393, 109
Trd, 4319959.343, 71
Trd, 4319960.643, 85
Trd, 4319962.443, 73
Trd, 4319962.593, 74
Trd, 4319962.943, 90
Trd, 4319963.293, 95
Trd, 4319965.193, 84
Trd, 4319965.243, 90
Trd, 4319965.593, 108
Trd, 4319969.043, 88
Trd, 4319969.843, 88
Trd, 4319970.043, 83
Trd, 4319972.393, 86
Trd, 4319973.143, 71
Trd, 4319973.243, 86
Trd, 4319975.793, 91
Trd, 4319976.993, 116
Trd, 4319977.293, 109
Trd, 4319978.193, 117
Trd, 4319979.143, 71
Trd, 4319981.693, 87
Trd, 4319982.593, 91
Trd, 4319982.793, 73
Trd, 4319983.493, 125
Trd, 4319984.843, 103
Trd, 4319986.443, 86
Trd, 4319986.993, 86
Trd, 4319987.143, 104
Trd, 4319993.443, 87
Trd, 4319994.243, 72
Trd, 4319994.743, 85
Trd, 4319994.793, 88
Trd, 4319995.693, 105
Trd, 4319997.093, 103
