Trd, 4317856.743, 77
Trd, 4317858.543, 94
Trd, 4317858.993, 105
Trd, 4317860.143, 99
Trd, 4317860.343, 122
Trd, 4317861.943, 105
Trd, 4317864.193, 67
Trd, 4317865.593, 77
Trd, 4317865.993, 92
Trd, 4317867.993, 95
Trd, 4317870.243, 67
Trd, 4317870.443, 80
Trd, 4317874.693, 77
Trd, 4317875.493, 104
Trd, 4317877.043, 76
Trd, 4317878.893, 79
Trd, 4317880.093, 78
Trd, 4317881.193, 114
Trd, 4317883.693, 82
Trd, 4317883.943, 116
Trd, 4317887.493, 104
Trd, 4317887.643, 113
Trd, 4317889.493, 114
Trd, 4317889.543, 99
Trd, 4317890.743, 123
Trd, 4317893.243, 111
Trd, 4317893.493, 117
Trd, 4317894.943, 99
Trd, 4317896.793, 80
Trd, 4317897.743, 61
Trd, 4317900.643, 85
Trd, 4317905.043, 79
Trd, 4317905.343, 81
Trd, 4317907.343, 95
Trd, 4317907.443, 83
Trd, 4317907.593, 105
Trd, 4317909.743, 88
Trd, 4317911.393, 87
Trd, 4317912.043, 114
Trd, 4317912.993, 80
Trd, 4317915.893, 100
Trd, 4317916.643, 90
Trd, 4317916.893, 97
Trd, 4317919.793, 112
Trd, 4317920.143, 119
Trd, 4317920.543, 83
Trd, 4317921.293, 113
Trd, 4317923.193, 80
Trd, 4317923.643, 72
Trd, 4317927.193, 87
Trd, 4317928.643, 95
Trd, 4317929.293, 76
Trd, 4317933.343, 80
Trd, 4317935.093, 96
Trd, 4317936.643, 94
Trd, 4317936.693, 92
Trd, 4317937.993, 77
Trd, 4317938.393, 75
Trd, 4317938.893, 94
Trd, 4317941.793, 114
Trd, 4317942.393, 114
Trd, 4317942.643, 76
Trd, 4317944.943, 90
Trd, 4317946.493, 97
Trd, 4317951.293, 83
Trd, 4317951.743, 103
Trd, 4317952.893, 93
Trd, 4317953.193, 108
Trd, 4317954.193, 90
Trd, 4317954.793, 80
Trd, 4317954.893, 77
Trd, 4317955.493, 108
Trd, 4317958.243, 98
Trd, 4317959.643, 111
Trd, 4317959.743, 77
Trd, 4317960.743, 115
Trd, 4317962.093, 104
Trd, 4317962.743, 109
Trd, 4317966.043, 71
Trd, 4317967.843, 79
Trd, 4317968.843, 72
Trd, 4317972.093, 97
Trd, 4317973.143, 95
Trd, 4317973.193, 93
Trd, 4317973.343, 101
Trd, 4317975.743, 68
Trd, 4317976.093, 97
Trd, 4317977.743, 98
Trd, 4317979.743, 108
Trd, 4317979.793, 104
Trd, 4317980.743, 102
Trd, 4317981.493, 110
Trd, 4317982.343, 70
Trd, 4317984.343, 81
Trd, 4317985.843, 113
Trd, 4317986.393, 104
Trd, 4317987.193, 85
Trd, 4317988.293, 111
Trd, 4317989.243, 114
Trd, 4317991.393, 69
Trd, 4317992.043, 109
Trd, 4317993.293, 78
Trd, 4317994.493, 71
Trd, 4317996.543, 106
Trd, 4317997.943, 101
Trd, 4317998.793, 103
Trd, 4317999.793, 98
Trd, 4318001.393, 97
Trd, 4318002.293, 96
Trd, 4318005.093, 84
Trd, 4318005.393, 110
Trd, 4318007.193, 81
Trd, 4318008.393, 84
Trd, 4318009.693, 92
Trd, 4318009.843, 95
Trd, 4318010.993, 87
Trd, 4318011.043, 86
Trd, 4318011.743, 123
Trd, 4318014.893, 99
Trd, 4318016.843, 85
Trd, 4318017.043, 115
Trd, 4318018.343, 101
Trd, 4318018.593, 103
Trd, 4318019.893, 99
Trd, 4318021.943, 87
Trd, 4318022.143, 91
Trd, 4318025.993, 95
Trd, 4318027.143, 108
Trd, 4318027.443, 93
Trd, 4318027.643, 96
Trd, 4318031.443, 111
Trd, 4318036.093, 106
Trd, 4318036.393, 112
Trd, 4318036.993, 116
Trd, 4318039.543, 104
Trd, 4318040.543, 117
Trd, 4318041.243, 83
Trd, 4318042.143, 83
Trd, 4318042.693, 117
Trd, 4318044.393, 77
Trd, 4318046.993, 107
Trd, 4318047.693, 88
Trd, 4318047.943, 117
Trd, 4318048.293, 104
Trd, 4318048.643, 103
Trd, 4318051.143, 105
Trd, 4318051.293, 82
Trd, 4318054.443, 106
Trd, 4318054.543, 115
Trd, 4318055.043, 112
Trd, 4318056.993, 108
Trd, 4318059.943, 110
Trd, 4318061.143, 79
Trd, 4318062.343, 67
Trd, 4318062.593, 97
Trd, 4318063.793, 129
Trd, 4318065.143, 77
Trd, 4318065.593, 104
Trd, 4318065.993, 72
Trd, 4318067.843, 111
Trd, 4318069.343, 114
Trd, 4318069.743, 114
Trd, 4318072.543, 95
Trd, 4318072.843, 101
Trd, 4318073.243, 102
Trd, 4318073.593, 93
Trd, 4318075.543, 83
Trd, 4318076.193, 113
Trd, 4318079.993, 79
Trd, 4318082.043, 81
Trd, 4318082.393, 95
Trd, 4318084.293, 84
Trd, 4318085.793, 110
Trd, 4318086.443, 104
Trd, 4318087.093, 81
Trd, 4318088.993, 84
Trd, 4318089.693, 87
Trd, 4318089.793, 116
Trd, 4318093.593, 105
Trd, 4318093.793, 104
Trd, 4318094.743, 94
Trd, 4318095.343, 111
Trd, 4318096.743, 78
Trd, 4318097.293, 92
Trd, 4318097.843, 83
Trd, 4318100.343, 82
Trd, 4318101.243, 95
Trd, 4318102.543, 88
Trd, 4318102.943, 81
Trd, 4318103.643, 114
Trd, 4318107.243, 86
Trd, 4318107.493, 82
Trd, 4318110.543, 100
Trd, 4318111.993, 93
Trd, 4318113.643, 121
Trd, 4318114.093, 89
Trd, 4318117.693, 95
Trd, 4318118.993, 97
Trd, 4318119.143, 92
Trd, 4318121.193, 105
Trd, 4318122.493, 68
Trd, 4318122.593, 98
Trd, 4318126.193, 117
Trd, 4318126.243, 112
Trd, 4318128.643, 93
Trd, 4318129.243, 93
Trd, 4318130.343, 87
Trd, 4318130.643, 109
Trd, 4318131.193, 108
Trd, 4318131.893, 77
Trd, 4318134.443, 95
Trd, 4318136.593, 122
Trd, 4318138.593, 110
Trd, 4318139.743, 110
Trd, 4318140.443, 72
Trd, 4318140.493, 114
Trd, 4318144.593, 77
Trd, 4318144.943, 95
Trd, 4318146.193, 66
Trd, 4318148.793, 69
Trd, 4318150.793, 95
Trd, 4318151.293, 104
Trd, 4318152.443, 70
Trd, 4318154.593, 106
Trd, 4318154.643, 65
Trd, 4318156.643, 115
Trd, 4318157.293, 81
Trd, 4318158.143, 78
Trd, 4318161.743, 99
Trd, 4318163.443, 78
Trd, 4318165.743, 103
Trd, 4318165.843, 108
Trd, 4318167.543, 111
Trd, 4318167.893, 91
Trd, 4318170.643, 95
Trd, 4318171.793, 91
Trd, 4318171.843, 71
Trd, 4318172.443, 104
Trd, 4318175.843, 111
Trd, 4318175.893, 109
Trd, 4318179.093, 106
Trd, 4318180.943, 104
Trd, 4318182.093, 105
Trd, 4318184.293, 109
Trd, 4318184.943, 113
Trd, 4318185.193, 76
Trd, 4318187.193, 98
Trd, 4318187.443, 112
Trd, 4318188.443, 110
Trd, 4318190.293, 104
Trd, 4318191.443, 104
Trd, 4318193.743, 72
Trd, 4318193.793, 89
Trd, 4318195.243, 107
Trd, 4318196.243, 90
Trd, 4318196.493, 112
Trd, 4318198.043, 85
Trd, 4318199.793, 85
Trd, 4318200.893, 105
Trd, 4318203.943, 89
Trd, 4318203.993, 113
Trd, 4318204.543, 85
Trd, 4318204.643, 84
Trd, 4318208.293, 106
Trd, 4318209.543, 88
Trd, 4318210.393, 104
Trd, 4318212.193, 107
Trd, 4318213.093, 109
Trd, 4318213.393, 88
Trd, 4318213.593, 86
Trd, 4318215.493, 110
Trd, 4318216.143, 79
Trd, 4318216.193, 121
Trd, 4318218.893, 77
Trd, 4318220.543, 92
Trd, 4318221.293, 79
Trd, 4318224.393, 72
Trd, 4318224.743, 112
Trd, 4318226.593, 95
Trd, 4318228.693, 108
Trd, 4318230.293, 99
Trd, 4318230.743, 94
Trd, 4318232.543, 107
Trd, 4318233.243, 78
Trd, 4318234.493, 67
Trd, 4318236.843, 78
Trd, 4318237.593, 113
Trd, 4318237.993, 109
Trd, 4318240.793, 74
Trd, 4318242.043, 95
Trd, 4318242.643, 109
Trd, 4318243.193, 89
Trd, 4318248.643, 86
Trd, 4318250.243, 95
Trd, 4318250.893, 90
Trd, 4318253.193, 60
Trd, 4318254.293, 88
Trd, 4318254.793, 95
Trd, 4318256.093, 114
Trd, 4318257.793, 115
Trd, 4318259.143, 71
Trd, 4318261.843, 83
Trd, 4318263.993, 83
Trd, 4318265.093, 90
Trd, 4318265.393, 95
Trd, 4318266.293, 85
Trd, 4318267.493, 113
Trd, 4318268.143, 89
Trd, 4318270.993, 78
Trd, 4318273.193, 104
Trd, 4318273.943, 99
Trd, 4318274.643, 103
Trd, 4318274.743, 100
Trd, 4318279.143, 107
Trd, 4318279.693, 104
Trd, 4318281.493, 81
Trd, 4318282.943, 75
Trd, 4318284.243, 79
Trd, 4318285.143, 89
Trd, 4318285.743, 95
Trd, 4318291.643, 112
Trd, 4318292.443, 102
Trd, 4318292.793, 88
Trd, 4318293.293, 98
Trd, 4318295.093, 90
Trd, 4318296.693, 99
Trd, 4318297.143, 79
Trd, 4318297.343, 102
Trd, 4318298.193, 83
Trd, 4318298.243, 80
Trd, 4318301.093, 95
Trd, 4318304.143, 78
Trd, 4318307.443, 118
Trd, 4318307.493, 113
Trd, 4318307.843, 113
Trd, 4318309.593, 105
Trd, 4318310.493, 104
Trd, 4318312.043, 107
Trd, 4318313.943, 92
Trd, 4318315.693, 113
Trd, 4318317.193, 100
Trd, 4318317.893, 80
Trd, 4318320.393, 71
Trd, 4318320.643, 76
Trd, 4318320.693, 115
Trd, 4318323.043, 82
Trd, 4318323.443, 89
Trd, 4318323.843, 81
Trd, 4318326.493, 105
Trd, 4318327.293, 86
Trd, 4318328.343, 119
Trd, 4318328.743, 74
Trd, 4318331.193, 80
Trd, 4318333.243, 82
Trd, 4318334.543, 81
Trd, 4318335.843, 92
Trd, 4318336.643, 102
Trd, 4318336.843, 101
Trd, 4318337.343, 115
Trd, 4318337.743, 129
Trd, 4318341.693, 109
Trd, 4318343.293, 69
Trd, 4318346.193, 88
Trd, 4318348.343, 104
Trd, 4318348.393, 103
Trd, 4318349.293, 113
Trd, 4318351.643, 87
Trd, 4318352.793, 104
Trd, 4318353.143, 78
Trd, 4318354.143, 111
Trd, 4318356.343, 77
Trd, 4318358.843, 86
Trd, 4318358.993, 101
Trd, 4318360.993, 114
Trd, 4318361.493, 86
Trd, 4318363.043, 106
Trd, 4318363.793, 71
Trd, 4318364.593, 65
Trd, 4318369.093, 78
Trd, 4318369.343, 87
Trd, 4318369.393, 95
Trd, 4318371.643, 81
Trd, 4318371.843, 78
Trd, 4318373.193, 110
Trd, 4318373.393, 78
Trd, 4318376.343, 111
Trd, 4318376.493, 113
Trd, 4318376.643, 104
Trd, 4318377.443, 109
Trd, 4318377.543, 83
Trd, 4318380.943, 81
Trd, 4318381.743, 81
Trd, 4318381.793, 95
Trd, 4318384.243, 124
Trd, 4318385.993, 105
Trd, 4318388.393, 71
Trd, 4318389.893, 63
Trd, 4318390.843, 78
Trd, 4318393.443, 110
Trd, 4318394.193, 98
Trd, 4318396.243, 100
Trd, 4318396.793, 114
Trd, 4318398.943, 94
Trd, 4318400.343, 104
Trd, 4318402.543, 115
Trd, 4318404.293, 104
Trd, 4318404.843, 123
Trd, 4318405.543, 101
Trd, 4318406.093, 99
Trd, 4318408.493, 77
Trd, 4318410.893, 62
Trd, 4318411.343, 106
Trd, 4318412.793, 90
Trd, 4318412.843, 87
Trd, 4318416.893, 106
Trd, 4318417.743, 107
Trd, 4318418.893, 111
Trd, 4318419.893, 104
Trd, 4318420.443, 103
Trd, 4318421.493, 80
Trd, 4318422.493, 77
Trd, 4318423.843, 97
Trd, 4318424.743, 106
Trd, 4318426.193, 64
Trd, 4318428.643, 77
Trd, 4318428.743, 106
Trd, 4318433.243, 81
Trd, 4318434.493, 95
Trd, 4318434.693, 83
Trd, 4318434.893, 95
Trd, 4318436.243, 108
Trd, 4318439.493, 62
Trd, 4318439.793, 77
Trd, 4318440.093, 91
Trd, 4318440.393, 95
Trd, 4318441.343, 123
Trd, 4318442.993, 78
Trd, 4318445.443, 111
Trd, 4318445.843, 83
Trd, 4318446.593, 81
Trd, 4318447.193, 74
Trd, 4318448.543, 109
Trd, 4318451.143, 109
Trd, 4318451.293, 108
Trd, 4318452.393, 77
Trd, 4318452.943, 114
Trd, 4318453.193, 72
Trd, 4318455.893, 107
Trd, 4318458.393, 95
Trd, 4318460.093, 91
Trd, 4318460.293, 80
Trd, 4318461.793, 100
Trd, 4318463.143, 109
Trd, 4318463.243, 87
Trd, 4318464.893, 98
Trd, 4318466.043, 90
Trd, 4318467.493, 101
Trd, 4318470.793, 80
Trd, 4318471.093, 104
Trd, 4318471.643, 79
Trd, 4318473.843, 95
Trd, 4318475.093, 108
Trd, 4318475.293, 91
Trd, 4318476.193, 114
Trd, 4318477.343, 108
Trd, 4318478.693, 105
Trd, 4318481.793, 109
Trd, 4318485.893, 102
Trd, 4318487.093, 107
Trd, 4318487.193, 104
Trd, 4318489.593, 104
Trd, 4318490.543, 104
Trd, 4318490.793, 84
Trd, 4318491.193, 104
Trd, 4318492.693, 80
Trd, 4318492.943, 118
Trd, 4318493.993, 81
Trd, 4318497.793, 88
Trd, 4318497.993, 87
Trd, 4318498.993, 90
Trd, 4318499.743, 72
Trd, 4318501.043, 109
Trd, 4318503.493, 79
Trd, 4318503.993, 95
Trd, 4318505.043, 114
Trd, 4318506.243, 73
Trd, 4318507.393, 92
Trd, 4318509.243, 72
Trd, 4318510.293, 104
Trd, 4318512.443, 96
Trd, 4318512.543, 119
Trd, 4318513.893, 112
Trd, 4318515.943, 77
Trd, 4318516.093, 76
Trd, 4318519.193, 81
Trd, 4318519.843, 81
Trd, 4318520.493, 95
Trd, 4318522.493, 121
Trd, 4318523.943, 79
Trd, 4318524.693, 69
Trd, 4318529.493, 113
Trd, 4318529.793, 89
Trd, 4318533.043, 80
Trd, 4318533.543, 79
Trd, 4318534.093, 77
Trd, 4318534.193, 95
Trd, 4318534.343, 74
Trd, 4318538.443, 90
Trd, 4318541.243, 81
Trd, 4318541.293, 95
Trd, 4318543.443, 77
Trd, 4318544.243, 68
Trd, 4318545.593, 103
Trd, 4318548.693, 94
Trd, 4318549.493, 89
Trd, 4318550.243, 109
Trd, 4318550.993, 101
Trd, 4318555.243, 104
Trd, 4318555.543, 114
Trd, 4318556.493, 82
Trd, 4318557.443, 124
Trd, 4318558.593, 104
Trd, 4318562.243, 102
Trd, 4318562.693, 78
Trd, 4318562.993, 123
Trd, 4318565.043, 102
Trd, 4318565.593, 94
Trd, 4318567.293, 66
Trd, 4318569.993, 95
Trd, 4318570.193, 72
Trd, 4318570.243, 113
Trd, 4318573.743, 82
Trd, 4318575.893, 78
Trd, 4318577.543, 105
Trd, 4318578.443, 107
Trd, 4318578.793, 99
Trd, 4318580.193, 107
Trd, 4318580.743, 92
Trd, 4318585.593, 86
Trd, 4318587.243, 105
Trd, 4318588.443, 90
Trd, 4318588.743, 91
Trd, 4318591.993, 89
Trd, 4318593.493, 104
Trd, 4318594.193, 105
Trd, 4318594.393, 103
Trd, 4318595.443, 111
Trd, 4318596.193, 90
Trd, 4318596.443, 113
Trd, 4318597.143, 77
Trd, 4318597.843, 64
Trd, 4318599.093, 64
Trd, 4318600.343, 81
Trd, 4318602.243, 103
Trd, 4318602.443, 85
Trd, 4318603.043, 87
Trd, 4318603.593, 85
Trd, 4318607.943, 106
Trd, 4318608.443, 104
Trd, 4318609.193, 90
Trd, 4318609.293, 113
Trd, 4318610.593, 115
Trd, 4318611.193, 72
Trd, 4318616.093, 115
Trd, 4318616.543, 95
Trd, 4318619.793, 80
Trd, 4318620.943, 82
Trd, 4318621.843, 92
Trd, 4318622.893, 101
Trd, 4318624.643, 80
Trd, 4318624.843, 95
Trd, 4318625.693, 65
Trd, 4318628.193, 105
Trd, 4318629.343, 104
Trd, 4318630.393, 97
Trd, 4318630.643, 95
Trd, 4318630.843, 113
Trd, 4318634.143, 79
Trd, 4318635.993, 74
Trd, 4318639.243, 83
Trd, 4318639.443, 95
Trd, 4318640.843, 83
Trd, 4318643.043, 110
Trd, 4318644.143, 107
Trd, 4318644.293, 106
Trd, 4318644.443, 125
Trd, 4318645.693, 91
Trd, 4318646.893, 94
Trd, 4318649.593, 101
Trd, 4318650.993, 79
Trd, 4318653.343, 95
Trd, 4318654.943, 110
Trd, 4318655.043, 104
Trd, 4318656.393, 106
Trd, 4318658.643, 81
Trd, 4318659.993, 88
Trd, 4318660.293, 108
Trd, 4318661.843, 83
Trd, 4318662.593, 106
Trd, 4318664.393, 74
Trd, 4318665.043, 114
Trd, 4318666.093, 109
Trd, 4318668.093, 112
Trd, 4318669.543, 105
Trd, 4318672.143, 104
Trd, 4318674.243, 85
Trd, 4318674.493, 110
Trd, 4318675.043, 77
Trd, 4318676.543, 64
Trd, 4318678.593, 109
Trd, 4318678.693, 100
Trd, 4318679.243, 115
Trd, 4318680.643, 108
Trd, 4318681.993, 83
Trd, 4318684.393, 97
Trd, 4318685.693, 113
Trd, 4318685.843, 116
Trd, 4318687.443, 78
Trd, 4318688.093, 81
Trd, 4318690.743, 88
Trd, 4318693.143, 83
Trd, 4318694.943, 88
Trd, 4318696.293, 105
Trd, 4318697.493, 113
Trd, 4318698.693, 84
Trd, 4318700.043, 87
Trd, 4318700.493, 95
Trd, 4318703.643, 67
Trd, 4318704.493, 92
Trd, 4318705.693, 112
Trd, 4318706.243, 110
Trd, 4318708.143, 102
Trd, 4318710.143, 114
Trd, 4318711.593, 84
Trd, 4318712.043, 113
Trd, 4318713.343, 83
Trd, 4318714.843, 113
Trd, 4318715.943, 106
Trd, 4318717.193, 76
Trd, 4318718.093, 117
Trd, 4318719.143, 114
Trd, 4318719.843, 104
Trd, 4318720.843, 101
Trd, 4318721.643, 77
Trd, 4318721.993, 103
Trd, 4318724.693, 78
Trd, 4318725.493, 95
Trd, 4318727.743, 77
Trd, 4318730.343, 66
Trd, 4318730.443, 115
Trd, 4318733.143, 104
Trd, 4318735.193, 105
Trd, 4318736.443, 107
Trd, 4318736.793, 104
Trd, 4318737.293, 116
Trd, 4318738.393, 70
Trd, 4318739.193, 79
Trd, 4318739.443, 107
Trd, 4318740.993, 101
Trd, 4318741.893, 63
Trd, 4318745.843, 94
Trd, 4318746.393, 82
Trd, 4318746.943, 95
Trd, 4318747.543, 113
Trd, 4318748.343, 114
Trd, 4318749.893, 106
Trd, 4318749.943, 104
Trd, 4318751.443, 77
Trd, 4318754.193, 104
Trd, 4318754.243, 124
Trd, 4318755.793, 94
Trd, 4318757.043, 100
Trd, 4318760.843, 109
Trd, 4318761.243, 86
Trd, 4318762.143, 80
Trd, 4318764.843, 111
Trd, 4318765.343, 89
Trd, 4318766.343, 98
Trd, 4318767.093, 93
Trd, 4318769.393, 86
Trd, 4318769.493, 85
Trd, 4318770.893, 103
Trd, 4318773.793, 107
Trd, 4318774.093, 97
Trd, 4318775.043, 96
Trd, 4318775.993, 78
Trd, 4318777.743, 113
Trd, 4318778.243, 64
Trd, 4318782.643, 69
Trd, 4318783.643, 78
Trd, 4318784.743, 102
Trd, 4318785.093, 118
Trd, 4318785.493, 75
Trd, 4318788.893, 112
Trd, 4318789.493, 96
Trd, 4318789.793, 94
Trd, 4318790.443, 97
Trd, 4318794.593, 79
Trd, 4318794.893, 117
Trd, 4318795.543, 78
Trd, 4318797.093, 77
Trd, 4318798.543, 84
Trd, 4318802.343, 85
Trd, 4318802.793, 105
Trd, 4318805.093, 87
Trd, 4318806.643, 116
Trd, 4318807.543, 83
Trd, 4318809.943, 102
Trd, 4318810.593, 95
Trd, 4318810.643, 112
Trd, 4318810.743, 113
Trd, 4318814.943, 103
Trd, 4318815.143, 100
Trd, 4318816.743, 107
Trd, 4318818.193, 74
Trd, 4318819.143, 83
Trd, 4318819.193, 114
Trd, 4318820.643, 65
Trd, 4318823.493, 78
Trd, 4318825.593, 112
Trd, 4318826.843, 107
Trd, 4318826.993, 104
Trd, 4318827.993, 109
Trd, 4318829.293, 107
Trd, 4318830.593, 77
Trd, 4318832.893, 88
Trd, 4318835.443, 76
Trd, 4318839.143, 80
Trd, 4318839.243, 95
Trd, 4318840.943, 90
Trd, 4318841.693, 87
Trd, 4318842.843, 95
Trd, 4318843.293, 61
Trd, 4318843.943, 119
Trd, 4318845.593, 79
Trd, 4318850.393, 78
Trd, 4318851.693, 112
Trd, 4318852.093, 113
Trd, 4318855.643, 95
Trd, 4318856.693, 92
Trd, 4318857.793, 95
Trd, 4318859.543, 114
Trd, 4318860.193, 89
Trd, 4318860.293, 108
Trd, 4318864.393, 101
Trd, 4318864.743, 113
Trd, 4318865.643, 102
Trd, 4318866.043, 105
Trd, 4318867.743, 87
Trd, 4318868.493, 103
Trd, 4318868.843, 101
Trd, 4318870.793, 102
Trd, 4318871.143, 104
Trd, 4318871.543, 69
Trd, 4318874.093, 88
Trd, 4318875.493, 77
Trd, 4318876.343, 104
Trd, 4318876.843, 104
Trd, 4318879.393, 106
Trd, 4318879.743, 89
Trd, 4318881.893, 77
Trd, 4318882.543, 86
Trd, 4318883.893, 111
Trd, 4318884.493, 110
Trd, 4318886.993, 120
Trd, 4318888.743, 89
Trd, 4318888.993, 76
Trd, 4318890.093, 106
Trd, 4318890.993, 107
Trd, 4318891.493, 122
Trd, 4318892.943, 111
Trd, 4318894.943, 108
Trd, 4318898.543, 80
Trd, 4318898.843, 80
Trd, 4318899.543, 102
Trd, 4318901.543, 74
Trd, 4318902.093, 111
Trd, 4318904.043, 66
Trd, 4318908.093, 108
Trd, 4318909.143, 109
Trd, 4318909.543, 104
Trd, 4318909.793, 102
Trd, 4318911.343, 105
Trd, 4318912.493, 83
Trd, 4318912.543, 82
Trd, 4318912.593, 107
Trd, 4318915.393, 87
Trd, 4318916.993, 95
Trd, 4318918.493, 71
Trd, 4318918.843, 77
Trd, 4318920.393, 99
Trd, 4318921.993, 114
Trd, 4318923.943, 110
Trd, 4318924.843, 79
Trd, 4318927.443, 93
Trd, 4318927.493, 105
Trd, 4318928.243, 80
Trd, 4318929.443, 86
Trd, 4318932.493, 85
Trd, 4318932.993, 110
Trd, 4318934.993, 83
Trd, 4318938.343, 81
Trd, 4318938.743, 78
Trd, 4318938.793, 87
Trd, 4318940.343, 95
Trd, 4318942.043, 81
Trd, 4318945.043, 111
Trd, 4318945.193, 82
Trd, 4318946.193, 67
Trd, 4318946.343, 99
Trd, 4318949.593, 89
Trd, 4318950.693, 91
Trd, 4318951.543, 93
Trd, 4318953.193, 102
Trd, 4318954.693, 107
Trd, 4318955.593, 108
Trd, 4318955.743, 98
Trd, 4318956.593, 86
Trd, 4318957.843, 101
Trd, 4318958.893, 104
Trd, 4318959.393, 108
Trd, 4318961.593, 88
Trd, 4318962.193, 101
Trd, 4318965.893, 91
Trd, 4318966.143, 84
Trd, 4318970.243, 102
Trd, 4318970.293, 115
Trd, 4318970.443, 97
Trd, 4318971.393, 114
Trd, 4318971.893, 128
Trd, 4318974.193, 80
Trd, 4318974.443, 79
Trd, 4318977.293, 69
Trd, 4318977.793, 74
Trd, 4318978.193, 95
Trd, 4318979.043, 77
Trd, 4318983.943, 100
Trd, 4318984.143, 114
Trd, 4318984.443, 93
Trd, 4318987.593, 85
Trd, 4318988.393, 85
Trd, 4318988.493, 119
Trd, 4318991.443, 104
Trd, 4318993.093, 118
Trd, 4318995.043, 80
Trd, 4318996.993, 91
Trd, 4318998.093, 111
Trd, 4318999.743, 113
Trd, 4319000.393, 103
Trd, 4319002.743, 105
Trd, 4319003.743, 107
Trd, 4319004.943, 90
Trd, 4319005.093, 111
Trd, 4319006.993, 115
Trd, 4319007.093, 79
Trd, 4319008.593, 79
Trd, 4319010.043, 77
Trd, 4319010.393, 95
Trd, 4319011.693, 110
Trd, 4319013.943, 90
Trd, 4319014.043, 114
Trd, 4319014.943, 82
Trd, 4319017.043, 80
Trd, 4319017.593, 80
Trd, 4319019.043, 79
Trd, 4319019.543, 100
Trd, 4319023.643, 77
Trd, 4319024.143, 86
Trd, 4319025.043, 76
Trd, 4319025.293, 80
Trd, 4319026.043, 95
Trd, 4319026.943, 109
Trd, 4319028.693, 101
Trd, 4319029.593, 99
Trd, 4319031.743, 100
Trd, 4319033.243, 77
Trd, 4319033.493, 70
Trd, 4319036.243, 86
Trd, 4319037.143, 107
Trd, 4319038.493, 105
Trd, 4319039.543, 104
Trd, 4319040.193, 115
Trd, 4319040.243, 115
Trd, 4319041.893, 69
Trd, 4319043.593, 96
Trd, 4319044.593, 67
Trd, 4319047.543, 105
Trd, 4319049.393, 105
Trd, 4319049.443, 114
Trd, 4319050.093, 110
Trd, 4319050.493, 79
Trd, 4319050.993, 89
Trd, 4319053.193, 112
Trd, 4319053.993, 101
Trd, 4319055.443, 80
Trd, 4319056.993, 110
Trd, 4319058.543, 113
Trd, 4319060.243, 106
Trd, 4319061.793, 83
Trd, 4319062.793, 95
Trd, 4319065.443, 112
Trd, 4319065.543, 106
Trd, 4319066.193, 86
Trd, 4319066.843, 104
Trd, 4319068.443, 78
Trd, 4319069.093, 114
Trd, 4319069.293, 67
Trd, 4319071.543, 78
Trd, 4319075.043, 84
Trd, 4319076.993, 79
Trd, 4319077.593, 92
Trd, 4319080.543, 83
Trd, 4319081.143, 99
Trd, 4319081.443, 72
Trd, 4319082.693, 113
Trd, 4319084.443, 81
Trd, 4319086.343, 87
Trd, 4319089.193, 105
Trd, 4319091.093, 114
Trd, 4319091.143, 82
Trd, 4319092.493, 88
Trd, 4319092.743, 92
Trd, 4319094.693, 76
Trd, 4319095.493, 80
Trd, 4319095.643, 113
Trd, 4319097.693, 105
Trd, 4319099.293, 104
Trd, 4319100.193, 105
Trd, 4319100.443, 113
Trd, 4319101.043, 80
Trd, 4319103.543, 69
Trd, 4319106.193, 77
Trd, 4319106.493, 95
Trd, 4319108.243, 94
Trd, 4319108.293, 107
Trd, 4319109.943, 103
Trd, 4319112.293, 96
Trd, 4319114.393, 78
Trd, 4319114.693, 109
Trd, 4319116.143, 80
Trd, 4319118.493, 111
Trd, 4319118.843, 105
Trd, 4319120.443, 90
Trd, 4319120.543, 96
Trd, 4319123.743, 111
Trd, 4319124.493, 81
Trd, 4319126.293, 80
Trd, 4319127.443, 91
Trd, 4319128.143, 96
Trd, 4319130.043, 112
Trd, 4319132.393, 115
Trd, 4319133.093, 76
Trd, 4319133.193, 90
Trd, 4319134.143, 76
Trd, 4319135.643, 77
Trd, 4319136.693, 107
Trd, 4319138.393, 116
Trd, 4319138.593, 112
Trd, 4319139.393, 104
Trd, 4319140.093, 121
Trd, 4319141.293, 79
Trd, 4319141.393, 77
Trd, 4319142.843, 79
Trd, 4319147.443, 105
Trd, 4319147.793, 107
Trd, 4319149.243, 105
Trd, 4319149.393, 104
Trd, 4319149.693, 78
Trd, 4319151.193, 70
Trd, 4319151.993, 113
Trd, 4319152.793, 131
Trd, 4319152.993, 130
Trd, 4319154.543, 112
Trd, 4319155.493, 104
Trd, 4319158.493, 110
Trd, 4319159.043, 113
Trd, 4319159.093, 84
Trd, 4319161.543, 109
Trd, 4319162.093, 71
Trd, 4319162.743, 80
Trd, 4319164.343, 106
Trd, 4319164.893, 79
Trd, 4319165.243, 88
Trd, 4319165.493, 70
Trd, 4319165.893, 113
Trd, 4319171.143, 107
Trd, 4319171.593, 105
Trd, 4319171.793, 79
Trd, 4319172.893, 113
Trd, 4319173.343, 116
Trd, 4319174.643, 104
Trd, 4319180.743, 112
Trd, 4319182.193, 79
Trd, 4319182.743, 87
Trd, 4319182.893, 114
Trd, 4319186.293, 95
Trd, 4319187.043, 83
Trd, 4319188.793, 108
Trd, 4319191.743, 104
Trd, 4319192.543, 102
Trd, 4319192.893, 111
Trd, 4319194.993, 90
Trd, 4319195.593, 91
Trd, 4319197.443, 113
Trd, 4319198.243, 115
Trd, 4319198.993, 79
Trd, 4319201.693, 100
Trd, 4319202.643, 115
Trd, 4319203.693, 80
Trd, 4319205.043, 115
Trd, 4319206.193, 90
Trd, 4319206.293, 112
Trd, 4319210.243, 76
Trd, 4319211.243, 105
Trd, 4319212.043, 104
Trd, 4319213.443, 104
Trd, 4319214.743, 80
Trd, 4319215.443, 113
Trd, 4319217.893, 117
Trd, 4319220.643, 80
Trd, 4319221.243, 72
Trd, 4319224.793, 91
Trd, 4319225.143, 102
Trd, 4319225.543, 116
Trd, 4319227.093, 69
Trd, 4319227.643, 91
Trd, 4319230.343, 70
Trd, 4319230.393, 77
Trd, 4319230.793, 95
Trd, 4319234.943, 79
Trd, 4319235.443, 95
Trd, 4319236.643, 85
Trd, 4319237.693, 89
Trd, 4319239.293, 122
Trd, 4319241.643, 86
Trd, 4319243.743, 126
Trd, 4319245.243, 104
Trd, 4319245.393, 101
Trd, 4319249.343, 115
Trd, 4319250.393, 108
Trd, 4319251.343, 114
Trd, 4319251.743, 104
Trd, 4319254.593, 108
Trd, 4319256.193, 104
Trd, 4319256.443, 104
Trd, 4319259.593, 109
Trd, 4319261.093, 105
Trd, 4319261.393, 104
Trd, 4319261.693, 108
Trd, 4319262.943, 76
Trd, 4319264.543, 79
Trd, 4319267.243, 103
Trd, 4319268.443, 99
Trd, 4319269.743, 112
Trd, 4319270.993, 78
Trd, 4319273.543, 114
Trd, 4319274.493, 89
Trd, 4319276.993, 110
Trd, 4319277.643, 113
Trd, 4319277.943, 109
Trd, 4319278.743, 99
Trd, 4319279.443, 125
Trd, 4319279.793, 97
Trd, 4319282.843, 103
Trd, 4319283.693, 87
Trd, 4319283.843, 111
Trd, 4319287.143, 108
Trd, 4319288.043, 110
Trd, 4319288.643, 87
Trd, 4319288.693, 70
Trd, 4319289.943, 131
Trd, 4319292.243, 104
Trd, 4319293.593, 93
Trd, 4319295.693, 77
Trd, 4319295.893, 111
Trd, 4319297.693, 81
Trd, 4319301.843, 78
Trd, 4319301.893, 95
Trd, 4319302.043, 121
Trd, 4319302.643, 78
Trd, 4319303.343, 100
Trd, 4319304.993, 112
Trd, 4319305.143, 104
Trd, 4319307.543, 79
Trd, 4319307.593, 74
Trd, 4319311.643, 112
Trd, 4319311.693, 78
Trd, 4319313.393, 111
Trd, 4319313.743, 78
Trd, 4319315.343, 111
Trd, 4319317.743, 75
Trd, 4319320.093, 80
Trd, 4319321.843, 81
Trd, 4319322.693, 92
Trd, 4319325.093, 71
Trd, 4319326.293, 99
Trd, 4319327.643, 101
Trd, 4319329.293, 85
Trd, 4319331.743, 113
Trd, 4319332.393, 104
Trd, 4319332.593, 71
Trd, 4319333.493, 112
Trd, 4319334.043, 86
Trd, 4319337.143, 108
Trd, 4319338.443, 83
Trd, 4319340.593, 92
Trd, 4319340.643, 107
Trd, 4319342.093, 83
Trd, 4319344.593, 92
Trd, 4319344.843, 73
Trd, 4319347.043, 108
Trd, 4319348.193, 108
Trd, 4319348.843, 118
Trd, 4319349.343, 104
Trd, 4319352.243, 80
Trd, 4319353.143, 94
Trd, 4319354.593, 95
Trd, 4319357.693, 93
Trd, 4319357.893, 92
Trd, 4319358.443, 88
Trd, 4319359.093, 114
Trd, 4319360.193, 80
Trd, 4319362.743, 91
Trd, 4319363.543, 88
Trd, 4319363.893, 106
Trd, 4319367.493, 97
Trd, 4319368.393, 98
Trd, 4319369.493, 103
Trd, 4319370.043, 102
Trd, 4319370.693, 108
Trd, 4319373.743, 106
Trd, 4319374.443, 100
Trd, 4319377.043, 86
Trd, 4319377.593, 84
Trd, 4319377.993, 103
Trd, 4319379.643, 111
Trd, 4319379.693, 113
Trd, 4319383.443, 85
Trd, 4319383.593, 84
Trd, 4319385.043, 80
Trd, 4319386.493, 116
Trd, 4319386.693, 121
Trd, 4319388.393, 98
Trd, 4319388.893, 94
Trd, 4319392.593, 75
Trd, 4319392.643, 91
Trd, 4319393.743, 111
Trd, 4319395.543, 106
Trd, 4319396.143, 104
Trd, 4319397.093, 92
Trd, 4319397.143, 103
Trd, 4319397.193, 90
Trd, 4319399.393, 95
Trd, 4319399.643, 77
Trd, 4319401.543, 86
Trd, 4319404.093, 88
Trd, 4319405.293, 90
Trd, 4319406.493, 105
Trd, 4319407.393, 68
Trd, 4319408.693, 78
Trd, 4319411.143, 114
Trd, 4319411.693, 104
Trd, 4319412.293, 113
Trd, 4319412.543, 101
Trd, 4319417.393, 93
Trd, 4319418.093, 64
Trd, 4319419.493, 98
Trd, 4319419.893, 118
Trd, 4319420.493, 104
Trd, 4319420.843, 106
Trd, 4319422.443, 108
Trd, 4319424.293, 104
Trd, 4319424.693, 96
Trd, 4319427.243, 81
Trd, 4319427.543, 117
Trd, 4319429.893, 81
Trd, 4319430.093, 86
Trd, 4319430.693, 105
Trd, 4319431.343, 105
Trd, 4319431.693, 69
Trd, 4319433.543, 91
Trd, 4319437.943, 88
Trd, 4319439.193, 72
Trd, 4319440.043, 95
Trd, 4319441.093, 91
Trd, 4319444.193, 116
Trd, 4319444.843, 113
Trd, 4319445.443, 106
Trd, 4319447.393, 104
Trd, 4319448.543, 63
Trd, 4319449.343, 116
Trd, 4319450.143, 61
Trd, 4319450.693, 114
Trd, 4319452.993, 95
Trd, 4319455.043, 81
Trd, 4319455.743, 101
Trd, 4319456.143, 90
Trd, 4319456.443, 88
Trd, 4319462.693, 88
Trd, 4319463.193, 99
Trd, 4319465.443, 84
Trd, 4319466.143, 105
Trd, 4319466.743, 106
Trd, 4319470.793, 91
Trd, 4319472.093, 95
Trd, 4319473.093, 78
Trd, 4319475.393, 102
Trd, 4319475.893, 100
Trd, 4319476.343, 106
Trd, 4319477.793, 69
Trd, 4319479.093, 111
Trd, 4319480.293, 77
Trd, 4319481.343, 103
Trd, 4319481.943, 115
Trd, 4319482.043, 78
Trd, 4319483.993, 78
Trd, 4319485.993, 110
Trd, 4319487.943, 105
Trd, 4319489.243, 123
Trd, 4319489.943, 113
Trd, 4319490.043, 101
Trd, 4319491.293, 78
Trd, 4319491.793, 111
Trd, 4319492.943, 78
Trd, 4319494.793, 122
Trd, 4319496.093, 73
Trd, 4319499.493, 114
Trd, 4319499.693, 113
Trd, 4319500.243, 78
Trd, 4319500.693, 78
Trd, 4319501.743, 90
Trd, 4319505.743, 113
Trd, 4319506.143, 68
Trd, 4319506.643, 116
Trd, 4319508.843, 107
Trd, 4319508.943, 73
Trd, 4319509.043, 116
Trd, 4319509.943, 106
Trd, 4319512.943, 79
Trd, 4319515.443, 64
Trd, 4319516.143, 89
Trd, 4319517.393, 105
Trd, 4319518.293, 95
Trd, 4319519.793, 104
Trd, 4319522.493, 104
Trd, 4319524.743, 106
Trd, 4319525.343, 92
Trd, 4319525.643, 119
Trd, 4319527.043, 80
Trd, 4319529.593, 105
Trd, 4319530.393, 104
Trd, 4319531.643, 92
Trd, 4319532.343, 95
Trd, 4319533.393, 77
Trd, 4319535.443, 81
Trd, 4319535.643, 124
Trd, 4319537.893, 108
Trd, 4319538.743, 112
Trd, 4319539.693, 114
Trd, 4319541.443, 109
Trd, 4319544.543, 115
Trd, 4319544.693, 112
Trd, 4319545.543, 104
Trd, 4319547.793, 113
Trd, 4319549.493, 90
Trd, 4319551.093, 88
Trd, 4319551.793, 91
Trd, 4319551.893, 110
Trd, 4319555.543, 107
Trd, 4319555.993, 77
Trd, 4319557.143, 92
Trd, 4319557.943, 101
Trd, 4319559.893, 83
Trd, 4319560.193, 110
Trd, 4319561.843, 70
Trd, 4319562.593, 112
Trd, 4319565.543, 84
Trd, 4319566.293, 73
Trd, 4319568.243, 82
Trd, 4319570.943, 109
Trd, 4319572.043, 111
Trd, 4319572.593, 110
Trd, 4319573.593, 72
Trd, 4319575.793, 93
Trd, 4319577.443, 114
Trd, 4319578.043, 93
Trd, 4319578.743, 88
Trd, 4319579.393, 120
Trd, 4319579.843, 78
Trd, 4319580.743, 72
Trd, 4319584.743, 77
Trd, 4319587.593, 91
Trd, 4319588.543, 79
Trd, 4319591.093, 79
Trd, 4319591.993, 95
Trd, 4319593.643, 82
Trd, 4319594.493, 105
Trd, 4319595.793, 106
Trd, 4319596.343, 97
Trd, 4319597.843, 69
Trd, 4319599.393, 89
Trd, 4319601.893, 101
Trd, 4319602.943, 112
Trd, 4319603.493, 81
Trd, 4319604.193, 108
Trd, 4319608.293, 118
Trd, 4319608.593, 86
Trd, 4319611.443, 115
Trd, 4319611.593, 112
Trd, 4319612.843, 89
Trd, 4319615.893, 66
Trd, 4319617.593, 97
Trd, 4319619.493, 103
Trd, 4319619.943, 96
Trd, 4319620.643, 103
Trd, 4319621.143, 115
Trd, 4319621.793, 118
Trd, 4319623.093, 67
Trd, 4319627.443, 115
Trd, 4319628.643, 105
Trd, 4319628.893, 105
Trd, 4319631.993, 115
Trd, 4319632.893, 79
Trd, 4319633.293, 76
Trd, 4319635.243, 107
Trd, 4319635.993, 106
Trd, 4319638.193, 102
Trd, 4319638.543, 80
Trd, 4319638.843, 106
Trd, 4319641.493, 87
Trd, 4319642.393, 96
Trd, 4319643.293, 97
Trd, 4319646.693, 101
Trd, 4319646.843, 117
Trd, 4319647.493, 84
Trd, 4319647.743, 85
Trd, 4319650.893, 80
Trd, 4319651.443, 77
Trd, 4319652.843, 95
Trd, 4319654.143, 77
Trd, 4319654.843, 91
Trd, 4319656.193, 66
Trd, 4319657.493, 106
Trd, 4319658.943, 79
Trd, 4319660.543, 67
Trd, 4319663.293, 79
Trd, 4319664.393, 95
Trd, 4319664.543, 104
Trd, 4319666.493, 101
Trd, 4319667.293, 99
Trd, 4319667.793, 109
Trd, 4319669.243, 78
Trd, 4319669.693, 121
Trd, 4319670.743, 100
Trd, 4319672.293, 94
Trd, 4319672.693, 95
Trd, 4319676.493, 89
Trd, 4319677.793, 123
Trd, 4319679.993, 105
Trd, 4319681.743, 106
Trd, 4319682.343, 110
Trd, 4319684.343, 116
Trd, 4319685.543, 85
Trd, 4319685.793, 112
Trd, 4319686.193, 115
Trd, 4319687.093, 84
Trd, 4319691.143, 104
Trd, 4319691.493, 106
Trd, 4319695.143, 95
Trd, 4319695.743, 96
Trd, 4319696.393, 93
Trd, 4319697.193, 113
Trd, 4319700.793, 105
Trd, 4319700.943, 106
Trd, 4319701.043, 104
Trd, 4319702.893, 77
Trd, 4319703.693, 92
Trd, 4319703.793, 95
Trd, 4319708.243, 82
Trd, 4319708.743, 109
Trd, 4319709.793, 113
Trd, 4319710.943, 82
Trd, 4319713.243, 84
Trd, 4319713.393, 83
Trd, 4319715.443, 77
Trd, 4319715.893, 95
Trd, 4319717.193, 117
Trd, 4319718.893, 96
Trd, 4319719.943, 85
Trd, 4319721.543, 104
Trd, 4319723.043, 81
Trd, 4319725.243, 95
Trd, 4319726.393, 80
Trd, 4319728.293, 77
Trd, 4319728.643, 95
Trd, 4319729.343, 75
Trd, 4319730.493, 118
Trd, 4319732.593, 91
Trd, 4319733.543, 83
Trd, 4319734.993, 76
Trd, 4319735.593, 116
Trd, 4319737.593, 91
Trd, 4319738.293, 90
Trd, 4319740.243, 89
Trd, 4319740.293, 110
Trd, 4319742.143, 99
Trd, 4319742.243, 116
Trd, 4319746.743, 83
Trd, 4319747.393, 79
Trd, 4319748.093, 101
Trd, 4319749.743, 91
Trd, 4319750.243, 115
Trd, 4319752.743, 89
Trd, 4319754.993, 96
Trd, 4319755.943, 100
Trd, 4319756.243, 116
Trd, 4319758.843, 74
Trd, 4319761.343, 77
Trd, 4319763.743, 79
Trd, 4319764.643, 70
Trd, 4319767.743, 95
Trd, 4319768.493, 115
Trd, 4319769.243, 78
Trd, 4319769.793, 89
Trd, 4319770.743, 80
Trd, 4319771.393, 126
Trd, 4319771.793, 70
Trd, 4319774.343, 104
Trd, 4319776.343, 78
Trd, 4319777.693, 62
Trd, 4319779.893, 78
Trd, 4319780.543, 95
Trd, 4319781.293, 80
Trd, 4319782.093, 113
Trd, 4319783.143, 109
Trd, 4319783.443, 81
Trd, 4319785.643, 97
Trd, 4319787.843, 102
Trd, 4319788.493, 101
Trd, 4319790.293, 87
Trd, 4319791.893, 114
Trd, 4319792.493, 84
Trd, 4319795.243, 85
Trd, 4319797.643, 89
Trd, 4319798.143, 117
Trd, 4319798.793, 88
Trd, 4319801.243, 69
Trd, 4319804.793, 104
Trd, 4319804.943, 109
Trd, 4319807.793, 91
Trd, 4319807.943, 113
Trd, 4319808.393, 90
Trd, 4319808.543, 81
Trd, 4319812.543, 79
Trd, 4319813.443, 107
Trd, 4319814.343, 109
Trd, 4319815.343, 105
Trd, 4319817.243, 108
Trd, 4319819.193, 110
Trd, 4319819.793, 108
Trd, 4319821.693, 123
Trd, 4319821.943, 107
Trd, 4319822.643, 104
Trd, 4319824.493, 78
Trd, 4319826.543, 79
Trd, 4319827.743, 104
Trd, 4319829.293, 83
Trd, 4319831.143, 74
Trd, 4319832.293, 113
Trd, 4319833.843, 121
Trd, 4319834.943, 106
Trd, 4319838.643, 108
Trd, 4319838.743, 107
Trd, 4319840.243, 104
Trd, 4319842.293, 113
Trd, 4319843.493, 79
Trd, 4319843.793, 95
Trd, 4319845.493, 111
Trd, 4319846.393, 77
Trd, 4319846.743, 117
Trd, 4319847.493, 81
Trd, 4319850.843, 95
Trd, 4319851.393, 75
Trd, 4319851.993, 87
Trd, 4319854.043, 89
Trd, 4319854.093, 69
Trd, 4319855.193, 106
Trd, 4319858.293, 91
Trd, 4319860.993, 79
Trd, 4319862.343, 95
Trd, 4319864.743, 81
Trd, 4319866.643, 94
Trd, 4319868.643, 112
Trd, 4319869.743, 112
Trd, 4319870.043, 113
Trd, 4319871.493, 106
Trd, 4319872.193, 80
Trd, 4319875.943, 61
Trd, 4319876.843, 83
Trd, 4319877.193, 111
Trd, 4319878.243, 94
Trd, 4319880.343, 95
Trd, 4319881.693, 112
Trd, 4319882.993, 66
Trd, 4319884.043, 95
Trd, 4319885.243, 96
Trd, 4319887.643, 76
Trd, 4319887.793, 83
Trd, 4319889.743, 107
Trd, 4319890.543, 114
Trd, 4319892.843, 83
Trd, 4319894.393, 84
Trd, 4319895.543, 95
Trd, 4319896.243, 114
Trd, 4319896.543, 113
Trd, 4319898.843, 75
Trd, 4319901.143, 96
Trd, 4319901.743, 107
Trd, 4319902.443, 113
Trd, 4319903.393, 97
Trd, 4319904.443, 102
Trd, 4319905.093, 65
Trd, 4319908.393, 76
Trd, 4319908.793, 77
Trd, 4319909.893, 95
Trd, 4319912.743, 99
Trd, 4319913.743, 79
Trd, 4319914.493, 98
Trd, 4319915.743, 95
Trd, 4319916.543, 114
Trd, 4319917.443, 91
Trd, 4319917.993, 116
Trd, 4319919.493, 104
Trd, 4319920.493, 78
Trd, 4319920.593, 83
Trd, 4319925.893, 101
Trd, 4319926.143, 109
Trd, 4319926.293, 99
Trd, 4319928.043, 78
Trd, 4319929.293, 91
Trd, 4319930.093, 107
Trd, 4319930.893, 125
Trd, 4319932.243, 73
Trd, 4319934.793, 78
Trd, 4319935.343, 95
Trd, 4319936.643, 66
Trd, 4319937.443, 114
Trd, 4319939.093, 104
Trd, 4319940.243, 86
Trd, 4319942.793, 91
Trd, 4319944.293, 108
Trd, 4319944.693, 81
Trd, 4319944.943, 118
Trd, 4319948.293, 80
Trd, 4319948.393, 73
Trd, 4319951.643, 96
Trd, 4319954.243, 100
Trd, 4319954.343, 98
Trd, 4319954.843, 112
Trd, 4319955.893, 77
Trd, 4319957.043, 74
Trd, 4319958.993, 93
Trd, 4319959.793, 86
Trd, 4319961.143, 117
Trd, 4319963.543, 107
Trd, 4319963.943, 104
Trd, 4319964.943, 99
Trd, 4319966.093, 106
Trd, 4319967.393, 116
Trd, 4319968.093, 83
Trd, 4319970.393, 79
Trd, 4319971.493, 76
Trd, 4319972.043, 87
Trd, 4319974.793, 77
Trd, 4319974.893, 95
Trd, 4319977.793, 112
Trd, 4319979.743, 102
Trd, 4319979.893, 99
Trd, 4319980.243, 77
Trd, 4319982.593, 80
Trd, 4319984.993, 103
Trd, 4319985.543, 116
Trd, 4319986.193, 97
Trd, 4319986.793, 76
Trd, 4319988.743, 78
Trd, 4319988.843, 110
Trd, 4319991.243, 114
Trd, 4319991.293, 104
Trd, 4319991.993, 107
Trd, 4319992.093, 116
Trd, 4319993.193, 66
Trd, 4319993.993, 109
Trd, 4319995.493, 80
Trd, 4319995.943, 75
Trd, 4319997.193, 104
