Trd, 4317945.193, 108
Trd, 4317945.343, 104
Trd, 4317945.793, 111
Trd, 4317945.843, 95
Trd, 4317947.493, 88
Trd, 4317949.843, 113
Trd, 4317952.093, 104
Trd, 4317954.093, 95
Trd, 4317954.343, 109
Trd, 4317955.243, 110
Trd, 4317957.043, 104
Trd, 4317959.443, 98
Trd, 4317959.543, 99
Trd, 4317961.543, 97
Trd, 4317962.343, 119
Trd, 4317964.343, 87
Trd, 4317964.843, 87
Trd, 4317966.493, 86
Trd, 4317967.043, 109
Trd, 4317968.743, 90
Trd, 4317970.093, 90
Trd, 4317970.543, 93
Trd, 4317972.343, 95
Trd, 4317974.093, 86
Trd, 4317975.193, 101
Trd, 4317975.293, 104
Trd, 4317975.543, 114
Trd, 4317978.093, 73
Trd, 4317978.393, 85
Trd, 4317978.593, 87
Trd, 4317980.643, 95
Trd, 4317981.793, 94
Trd, 4317982.293, 94
Trd, 4317982.443, 95
Trd, 4317982.893, 95
Trd, 4317984.893, 86
Trd, 4317986.193, 103
Trd, 4317986.593, 104
Trd, 4317987.993, 122
Trd, 4317990.643, 96
Trd, 4317991.093, 97
Trd, 4317991.143, 95
Trd, 4317992.193, 95
Trd, 4317992.943, 102
Trd, 4317994.193, 107
Trd, 4317994.293, 102
Trd, 4317994.343, 118
Trd, 4317995.593, 122
Trd, 4317997.393, 105
Trd, 4317998.093, 99
Trd, 4318001.643, 107
Trd, 4318002.493, 96
Trd, 4318002.993, 117
Trd, 4318005.593, 89
Trd, 4318005.643, 68
Trd, 4318005.993, 98
Trd, 4318007.743, 102
Trd, 4318009.693, 96
Trd, 4318011.593, 89
Trd, 4318012.143, 90
Trd, 4318012.793, 101
Trd, 4318013.293, 89
Trd, 4318014.243, 86
Trd, 4318017.243, 98
Trd, 4318019.043, 100
Trd, 4318019.793, 98
Trd, 4318021.043, 96
Trd, 4318021.443, 95
Trd, 4318022.643, 88
Trd, 4318024.793, 89
Trd, 4318025.193, 95
Trd, 4318027.793, 95
Trd, 4318028.193, 96
Trd, 4318029.443, 112
Trd, 4318029.743, 113
Trd, 4318030.243, 95
Trd, 4318030.443, 96
Trd, 4318031.593, 86
Trd, 4318033.993, 86
Trd, 4318034.543, 104
Trd, 4318036.043, 86
Trd, 4318036.293, 88
Trd, 4318039.193, 89
Trd, 4318039.993, 76
Trd, 4318040.293, 93
Trd, 4318042.693, 97
Trd, 4318043.393, 97
Trd, 4318044.043, 101
Trd, 4318044.693, 103
Trd, 4318046.243, 93
Trd, 4318046.893, 94
Trd, 4318048.243, 93
Trd, 4318048.393, 95
Trd, 4318049.243, 69
Trd, 4318049.793, 98
Trd, 4318050.193, 102
Trd, 4318052.643, 93
Trd, 4318052.693, 111
Trd, 4318053.343, 113
Trd, 4318054.143, 104
Trd, 4318056.193, 99
Trd, 4318056.443, 98
Trd, 4318058.893, 104
Trd, 4318059.393, 106
Trd, 4318060.043, 106
Trd, 4318060.743, 86
Trd, 4318061.943, 86
Trd, 4318063.693, 103
Trd, 4318064.043, 96
Trd, 4318065.793, 104
Trd, 4318067.543, 95
Trd, 4318067.843, 100
Trd, 4318070.143, 88
Trd, 4318071.143, 89
Trd, 4318072.393, 98
Trd, 4318073.343, 89
Trd, 4318074.543, 95
Trd, 4318076.093, 110
Trd, 4318076.243, 96
Trd, 4318076.893, 111
Trd, 4318078.793, 129
Trd, 4318079.193, 113
Trd, 4318080.543, 112
Trd, 4318081.393, 113
Trd, 4318083.243, 95
Trd, 4318084.443, 91
Trd, 4318085.593, 91
Trd, 4318085.843, 102
Trd, 4318086.343, 104
Trd, 4318088.443, 107
Trd, 4318089.793, 104
Trd, 4318090.093, 86
Trd, 4318090.343, 104
Trd, 4318094.643, 92
Trd, 4318096.293, 95
Trd, 4318096.843, 96
Trd, 4318097.543, 96
Trd, 4318097.693, 95
Trd, 4318099.593, 104
Trd, 4318101.443, 96
Trd, 4318102.393, 97
Trd, 4318102.743, 102
Trd, 4318105.243, 88
Trd, 4318105.493, 97
Trd, 4318105.843, 98
Trd, 4318106.193, 85
Trd, 4318106.293, 104
Trd, 4318106.943, 115
Trd, 4318108.493, 116
Trd, 4318111.043, 99
Trd, 4318112.293, 91
Trd, 4318114.643, 94
Trd, 4318115.193, 91
Trd, 4318117.293, 88
Trd, 4318117.393, 92
Trd, 4318118.443, 94
Trd, 4318118.693, 96
Trd, 4318120.693, 116
Trd, 4318121.893, 97
Trd, 4318122.893, 115
Trd, 4318122.993, 103
Trd, 4318123.093, 97
Trd, 4318125.543, 87
Trd, 4318127.393, 97
Trd, 4318128.093, 104
Trd, 4318128.643, 105
Trd, 4318129.843, 92
Trd, 4318130.093, 103
Trd, 4318131.843, 94
Trd, 4318132.793, 94
Trd, 4318134.343, 101
Trd, 4318135.143, 87
Trd, 4318135.543, 103
Trd, 4318136.443, 86
Trd, 4318138.243, 99
Trd, 4318139.343, 109
Trd, 4318141.043, 87
Trd, 4318141.793, 108
Trd, 4318142.543, 122
Trd, 4318144.043, 95
Trd, 4318144.493, 96
Trd, 4318144.543, 95
Trd, 4318147.143, 102
Trd, 4318147.393, 88
Trd, 4318147.493, 103
Trd, 4318149.793, 88
Trd, 4318150.043, 104
Trd, 4318152.393, 88
Trd, 4318154.093, 94
Trd, 4318154.393, 91
Trd, 4318154.693, 95
Trd, 4318155.193, 104
Trd, 4318155.543, 104
Trd, 4318155.793, 129
Trd, 4318156.743, 88
Trd, 4318158.643, 88
Trd, 4318158.993, 87
Trd, 4318159.693, 87
Trd, 4318160.293, 86
Trd, 4318163.243, 116
Trd, 4318164.193, 104
Trd, 4318164.543, 96
Trd, 4318165.443, 95
Trd, 4318166.243, 115
Trd, 4318166.293, 105
Trd, 4318167.743, 110
Trd, 4318169.293, 104
Trd, 4318172.193, 95
Trd, 4318173.193, 90
Trd, 4318174.093, 94
Trd, 4318174.493, 94
Trd, 4318174.693, 96
Trd, 4318176.443, 114
Trd, 4318176.643, 117
Trd, 4318177.893, 99
Trd, 4318178.043, 95
Trd, 4318180.643, 104
Trd, 4318183.143, 110
Trd, 4318183.293, 106
Trd, 4318184.793, 109
Trd, 4318184.893, 110
Trd, 4318186.143, 105
Trd, 4318189.043, 112
Trd, 4318189.293, 104
Trd, 4318191.093, 121
Trd, 4318191.393, 107
Trd, 4318191.643, 121
Trd, 4318191.743, 102
Trd, 4318192.643, 101
Trd, 4318193.793, 130
Trd, 4318197.443, 106
Trd, 4318197.493, 104
Trd, 4318197.593, 104
Trd, 4318199.943, 88
Trd, 4318200.843, 89
Trd, 4318201.643, 89
Trd, 4318201.893, 95
Trd, 4318203.693, 86
Trd, 4318203.993, 87
Trd, 4318205.943, 108
Trd, 4318206.643, 114
Trd, 4318207.143, 104
Trd, 4318208.943, 98
Trd, 4318211.043, 104
Trd, 4318212.243, 104
Trd, 4318212.643, 99
Trd, 4318213.793, 103
Trd, 4318215.593, 103
Trd, 4318215.643, 98
Trd, 4318216.193, 96
Trd, 4318216.343, 104
Trd, 4318218.043, 114
Trd, 4318218.143, 86
Trd, 4318218.593, 69
Trd, 4318221.443, 95
Trd, 4318222.043, 102
Trd, 4318223.843, 85
Trd, 4318225.993, 91
Trd, 4318226.693, 91
Trd, 4318227.243, 89
Trd, 4318228.093, 93
Trd, 4318228.643, 95
Trd, 4318229.993, 100
Trd, 4318232.493, 97
Trd, 4318234.093, 98
Trd, 4318234.993, 116
Trd, 4318235.243, 118
Trd, 4318235.893, 105
Trd, 4318238.693, 111
Trd, 4318239.393, 108
Trd, 4318239.443, 109
Trd, 4318239.493, 107
Trd, 4318239.643, 104
Trd, 4318240.643, 95
Trd, 4318242.593, 113
Trd, 4318243.043, 86
Trd, 4318245.993, 94
Trd, 4318247.743, 104
Trd, 4318249.843, 96
Trd, 4318250.443, 96
Trd, 4318250.593, 97
Trd, 4318251.643, 97
Trd, 4318251.993, 95
Trd, 4318252.843, 104
Trd, 4318253.693, 90
Trd, 4318254.593, 122
Trd, 4318255.193, 122
Trd, 4318258.243, 90
Trd, 4318259.543, 87
Trd, 4318259.843, 91
Trd, 4318261.543, 91
Trd, 4318262.743, 95
Trd, 4318263.393, 104
Trd, 4318263.493, 114
Trd, 4318265.193, 96
Trd, 4318268.493, 104
Trd, 4318269.243, 95
Trd, 4318269.843, 85
Trd, 4318271.143, 89
Trd, 4318271.893, 95
Trd, 4318273.693, 99
Trd, 4318274.493, 86
Trd, 4318275.393, 112
Trd, 4318276.693, 88
Trd, 4318277.993, 101
Trd, 4318278.493, 104
Trd, 4318280.593, 87
Trd, 4318282.493, 90
Trd, 4318282.943, 96
Trd, 4318283.143, 91
Trd, 4318284.143, 94
Trd, 4318284.793, 95
Trd, 4318285.393, 90
Trd, 4318286.843, 86
Trd, 4318288.443, 86
Trd, 4318290.743, 96
Trd, 4318291.593, 93
Trd, 4318292.593, 95
Trd, 4318293.693, 92
Trd, 4318293.743, 94
Trd, 4318293.843, 95
Trd, 4318294.293, 91
Trd, 4318296.193, 108
Trd, 4318298.543, 96
Trd, 4318298.593, 95
Trd, 4318299.843, 113
Trd, 4318300.043, 102
Trd, 4318300.293, 100
Trd, 4318302.093, 104
Trd, 4318303.693, 90
Trd, 4318305.043, 96
Trd, 4318307.293, 94
Trd, 4318308.443, 91
Trd, 4318310.093, 94
Trd, 4318310.293, 93
Trd, 4318310.593, 95
Trd, 4318312.843, 90
Trd, 4318313.943, 89
Trd, 4318314.343, 101
Trd, 4318315.343, 90
Trd, 4318315.593, 107
Trd, 4318315.643, 113
Trd, 4318318.493, 92
Trd, 4318319.393, 87
Trd, 4318320.293, 98
Trd, 4318320.543, 104
Trd, 4318322.543, 109
Trd, 4318322.843, 89
Trd, 4318324.093, 116
Trd, 4318325.493, 121
Trd, 4318325.843, 94
Trd, 4318327.093, 97
Trd, 4318328.343, 104
Trd, 4318328.643, 112
Trd, 4318333.043, 100
Trd, 4318333.493, 109
Trd, 4318334.743, 103
Trd, 4318334.843, 102
Trd, 4318335.893, 109
Trd, 4318336.443, 96
Trd, 4318336.743, 115
Trd, 4318340.243, 98
Trd, 4318340.843, 104
Trd, 4318341.893, 110
Trd, 4318342.943, 96
Trd, 4318343.743, 101
Trd, 4318345.693, 103
Trd, 4318345.993, 104
Trd, 4318347.243, 101
Trd, 4318349.643, 116
Trd, 4318349.693, 104
Trd, 4318350.393, 98
Trd, 4318350.543, 115
Trd, 4318354.243, 92
Trd, 4318354.993, 90
Trd, 4318356.843, 97
Trd, 4318358.493, 87
Trd, 4318359.943, 88
Trd, 4318360.343, 89
Trd, 4318361.393, 90
Trd, 4318363.193, 91
Trd, 4318363.643, 103
Trd, 4318366.143, 87
Trd, 4318367.043, 89
Trd, 4318367.593, 100
Trd, 4318369.593, 110
Trd, 4318370.493, 110
Trd, 4318371.243, 92
Trd, 4318371.393, 100
Trd, 4318371.643, 108
Trd, 4318375.043, 99
Trd, 4318375.143, 100
Trd, 4318375.693, 100
Trd, 4318376.643, 103
Trd, 4318379.343, 104
Trd, 4318379.493, 108
Trd, 4318379.743, 98
Trd, 4318380.193, 84
Trd, 4318380.993, 100
Trd, 4318384.643, 105
Trd, 4318384.743, 100
Trd, 4318386.343, 90
Trd, 4318386.743, 104
Trd, 4318387.243, 121
Trd, 4318390.093, 105
Trd, 4318391.293, 104
Trd, 4318392.793, 103
Trd, 4318392.893, 104
Trd, 4318393.443, 103
Trd, 4318394.643, 95
Trd, 4318396.593, 91
Trd, 4318397.393, 92
Trd, 4318397.493, 104
Trd, 4318400.243, 98
Trd, 4318400.293, 104
Trd, 4318400.993, 96
Trd, 4318402.043, 86
Trd, 4318404.393, 84
Trd, 4318405.793, 84
Trd, 4318406.493, 94
Trd, 4318408.093, 86
Trd, 4318409.193, 85
Trd, 4318409.293, 81
Trd, 4318410.643, 81
Trd, 4318410.893, 84
Trd, 4318411.093, 88
Trd, 4318411.143, 95
Trd, 4318412.293, 104
Trd, 4318416.243, 94
Trd, 4318416.643, 86
Trd, 4318417.093, 102
Trd, 4318417.693, 103
Trd, 4318420.493, 70
Trd, 4318421.943, 104
Trd, 4318422.443, 87
Trd, 4318425.893, 92
Trd, 4318425.943, 104
Trd, 4318426.693, 94
Trd, 4318427.093, 94
Trd, 4318427.343, 95
Trd, 4318429.093, 100
Trd, 4318431.893, 106
Trd, 4318432.093, 104
Trd, 4318432.743, 123
Trd, 4318435.393, 68
Trd, 4318435.743, 75
Trd, 4318436.893, 96
Trd, 4318437.093, 97
Trd, 4318439.293, 89
Trd, 4318439.943, 104
Trd, 4318440.343, 91
Trd, 4318442.593, 102
Trd, 4318442.693, 101
Trd, 4318444.643, 109
Trd, 4318445.143, 111
Trd, 4318446.843, 96
Trd, 4318448.243, 89
Trd, 4318449.393, 89
Trd, 4318449.993, 93
Trd, 4318450.343, 95
Trd, 4318451.993, 96
Trd, 4318452.043, 98
Trd, 4318454.543, 95
Trd, 4318454.593, 86
Trd, 4318454.693, 102
Trd, 4318458.043, 91
Trd, 4318458.343, 92
Trd, 4318458.793, 113
Trd, 4318459.343, 101
Trd, 4318460.793, 95
Trd, 4318462.293, 99
Trd, 4318463.043, 97
Trd, 4318463.293, 98
Trd, 4318463.643, 85
Trd, 4318464.693, 104
Trd, 4318466.843, 85
Trd, 4318469.843, 83
Trd, 4318470.943, 89
Trd, 4318470.993, 88
Trd, 4318471.543, 104
Trd, 4318471.793, 114
Trd, 4318473.243, 130
Trd, 4318474.193, 104
Trd, 4318475.493, 96
Trd, 4318476.493, 96
Trd, 4318476.743, 97
Trd, 4318476.993, 95
Trd, 4318478.493, 95
Trd, 4318479.843, 91
Trd, 4318481.243, 90
Trd, 4318481.443, 93
Trd, 4318481.593, 101
Trd, 4318482.743, 104
Trd, 4318484.893, 86
Trd, 4318485.093, 78
Trd, 4318487.443, 90
Trd, 4318488.793, 90
Trd, 4318488.943, 91
Trd, 4318488.993, 88
Trd, 4318489.893, 86
Trd, 4318491.393, 86
Trd, 4318491.643, 94
Trd, 4318491.943, 94
Trd, 4318495.393, 87
Trd, 4318496.093, 98
Trd, 4318497.943, 112
Trd, 4318498.343, 95
Trd, 4318499.593, 111
Trd, 4318500.193, 95
Trd, 4318502.593, 92
Trd, 4318503.193, 95
Trd, 4318503.693, 95
Trd, 4318504.543, 101
Trd, 4318505.993, 87
Trd, 4318506.293, 107
Trd, 4318509.343, 92
Trd, 4318509.693, 94
Trd, 4318510.043, 87
Trd, 4318510.343, 95
Trd, 4318512.693, 104
Trd, 4318513.793, 97
Trd, 4318514.393, 107
Trd, 4318515.293, 90
Trd, 4318515.643, 107
Trd, 4318517.393, 115
Trd, 4318518.143, 92
Trd, 4318518.643, 103
Trd, 4318521.543, 113
Trd, 4318522.893, 103
Trd, 4318523.293, 102
Trd, 4318523.843, 113
Trd, 4318524.693, 111
Trd, 4318524.843, 104
Trd, 4318528.443, 95
Trd, 4318529.043, 89
Trd, 4318530.893, 105
Trd, 4318531.343, 106
Trd, 4318531.893, 106
Trd, 4318532.043, 103
Trd, 4318534.993, 92
Trd, 4318535.543, 104
Trd, 4318536.293, 104
Trd, 4318537.043, 100
Trd, 4318537.693, 90
Trd, 4318539.693, 95
Trd, 4318539.893, 104
Trd, 4318540.643, 95
Trd, 4318541.143, 86
Trd, 4318541.993, 103
Trd, 4318544.393, 94
Trd, 4318544.443, 68
Trd, 4318545.693, 89
Trd, 4318546.843, 100
Trd, 4318547.693, 104
Trd, 4318549.043, 113
Trd, 4318549.143, 91
Trd, 4318550.893, 131
Trd, 4318552.993, 104
Trd, 4318553.143, 94
Trd, 4318553.943, 96
Trd, 4318555.343, 94
Trd, 4318555.893, 95
Trd, 4318556.743, 91
Trd, 4318556.993, 102
Trd, 4318557.593, 102
Trd, 4318558.893, 93
Trd, 4318559.943, 95
Trd, 4318560.643, 98
Trd, 4318561.793, 104
Trd, 4318562.393, 87
Trd, 4318565.343, 94
Trd, 4318566.093, 94
Trd, 4318567.293, 87
Trd, 4318567.843, 96
Trd, 4318569.443, 96
Trd, 4318569.493, 104
Trd, 4318570.543, 95
Trd, 4318572.643, 99
Trd, 4318572.943, 104
Trd, 4318573.143, 104
Trd, 4318573.193, 98
Trd, 4318574.643, 87
Trd, 4318575.443, 114
Trd, 4318575.643, 86
Trd, 4318577.493, 113
Trd, 4318578.243, 111
Trd, 4318580.543, 103
Trd, 4318581.343, 99
Trd, 4318581.993, 90
Trd, 4318584.293, 102
Trd, 4318584.743, 104
Trd, 4318585.793, 118
Trd, 4318586.293, 102
Trd, 4318587.443, 101
Trd, 4318587.593, 95
Trd, 4318588.943, 131
Trd, 4318590.043, 127
Trd, 4318590.993, 104
Trd, 4318591.243, 95
Trd, 4318594.443, 96
Trd, 4318594.543, 95
Trd, 4318594.593, 109
Trd, 4318594.893, 117
Trd, 4318595.993, 94
Trd, 4318598.593, 122
Trd, 4318599.343, 123
Trd, 4318599.943, 104
Trd, 4318601.543, 121
Trd, 4318602.143, 113
Trd, 4318603.093, 104
Trd, 4318603.793, 86
Trd, 4318604.793, 88
Trd, 4318605.893, 87
Trd, 4318607.593, 91
Trd, 4318608.543, 94
Trd, 4318609.743, 95
Trd, 4318610.043, 94
Trd, 4318611.193, 86
Trd, 4318612.093, 101
Trd, 4318612.293, 102
Trd, 4318614.743, 86
Trd, 4318615.943, 88
Trd, 4318616.893, 86
Trd, 4318617.743, 87
Trd, 4318618.543, 93
Trd, 4318619.293, 92
Trd, 4318621.493, 95
Trd, 4318621.843, 97
Trd, 4318622.443, 97
Trd, 4318623.643, 88
Trd, 4318625.743, 87
Trd, 4318627.443, 103
Trd, 4318627.943, 90
Trd, 4318628.343, 115
Trd, 4318631.043, 94
Trd, 4318631.293, 95
Trd, 4318632.093, 95
Trd, 4318632.293, 102
Trd, 4318633.693, 112
Trd, 4318634.943, 88
Trd, 4318635.193, 95
Trd, 4318635.343, 88
Trd, 4318635.843, 111
Trd, 4318636.043, 113
Trd, 4318639.693, 97
Trd, 4318640.593, 95
Trd, 4318641.243, 108
Trd, 4318641.493, 113
Trd, 4318643.993, 106
Trd, 4318644.043, 104
Trd, 4318644.843, 88
Trd, 4318647.043, 122
Trd, 4318647.393, 113
Trd, 4318649.043, 111
Trd, 4318650.143, 104
Trd, 4318651.143, 99
Trd, 4318654.093, 101
Trd, 4318654.243, 99
Trd, 4318655.043, 99
Trd, 4318655.293, 95
Trd, 4318655.843, 114
Trd, 4318658.643, 93
Trd, 4318659.693, 92
Trd, 4318660.043, 93
Trd, 4318661.093, 91
Trd, 4318661.993, 112
Trd, 4318663.943, 120
Trd, 4318664.243, 108
Trd, 4318665.093, 108
Trd, 4318665.743, 99
Trd, 4318666.943, 105
Trd, 4318666.993, 104
Trd, 4318667.393, 114
Trd, 4318668.943, 112
Trd, 4318670.643, 113
Trd, 4318671.543, 107
Trd, 4318672.993, 106
Trd, 4318673.143, 115
Trd, 4318674.643, 103
Trd, 4318675.593, 114
Trd, 4318678.443, 104
Trd, 4318679.743, 108
Trd, 4318680.493, 96
Trd, 4318681.143, 97
Trd, 4318681.293, 94
Trd, 4318682.793, 99
Trd, 4318685.743, 104
Trd, 4318685.843, 101
Trd, 4318688.443, 95
Trd, 4318689.293, 93
Trd, 4318689.643, 94
Trd, 4318689.793, 93
Trd, 4318689.943, 104
Trd, 4318690.693, 115
Trd, 4318691.343, 104
Trd, 4318693.143, 66
Trd, 4318696.093, 92
Trd, 4318696.793, 94
Trd, 4318697.843, 89
Trd, 4318698.493, 98
Trd, 4318700.293, 93
Trd, 4318700.793, 94
Trd, 4318700.993, 104
Trd, 4318701.343, 98
Trd, 4318703.793, 89
Trd, 4318706.393, 112
Trd, 4318707.093, 104
Trd, 4318708.193, 88
Trd, 4318708.993, 122
Trd, 4318709.843, 96
Trd, 4318712.143, 95
Trd, 4318712.593, 94
Trd, 4318714.093, 95
Trd, 4318714.893, 95
Trd, 4318715.993, 98
Trd, 4318717.493, 105
Trd, 4318718.993, 106
Trd, 4318719.643, 107
Trd, 4318720.193, 107
Trd, 4318720.743, 108
Trd, 4318723.593, 102
Trd, 4318723.943, 109
Trd, 4318724.793, 87
Trd, 4318727.643, 95
Trd, 4318727.743, 104
Trd, 4318728.343, 114
Trd, 4318730.543, 96
Trd, 4318730.693, 113
Trd, 4318732.943, 100
Trd, 4318734.993, 104
Trd, 4318735.193, 97
Trd, 4318736.093, 107
Trd, 4318736.993, 103
Trd, 4318737.443, 105
Trd, 4318737.943, 107
Trd, 4318738.943, 117
Trd, 4318739.643, 103
Trd, 4318740.843, 102
Trd, 4318742.743, 95
Trd, 4318745.593, 87
Trd, 4318746.193, 89
Trd, 4318746.493, 100
Trd, 4318746.743, 104
Trd, 4318747.393, 92
Trd, 4318749.243, 111
Trd, 4318750.443, 119
Trd, 4318750.793, 91
Trd, 4318751.343, 96
Trd, 4318751.893, 104
Trd, 4318752.193, 90
Trd, 4318755.193, 113
Trd, 4318755.243, 106
Trd, 4318755.493, 103
Trd, 4318757.943, 104
Trd, 4318758.193, 105
Trd, 4318758.743, 124
Trd, 4318759.743, 105
Trd, 4318760.643, 102
Trd, 4318762.743, 114
Trd, 4318763.393, 89
Trd, 4318763.893, 122
Trd, 4318765.543, 104
Trd, 4318767.193, 96
Trd, 4318767.443, 96
Trd, 4318768.193, 85
Trd, 4318768.793, 115
Trd, 4318769.793, 114
Trd, 4318772.143, 97
Trd, 4318773.243, 104
Trd, 4318776.293, 97
Trd, 4318776.443, 101
Trd, 4318777.243, 95
Trd, 4318778.193, 101
Trd, 4318780.143, 101
Trd, 4318780.193, 94
Trd, 4318781.943, 112
Trd, 4318785.543, 106
Trd, 4318786.243, 104
Trd, 4318786.343, 107
Trd, 4318786.493, 104
Trd, 4318786.843, 86
Trd, 4318788.043, 106
Trd, 4318788.593, 113
Trd, 4318790.043, 105
Trd, 4318790.293, 104
Trd, 4318790.343, 113
Trd, 4318790.943, 96
Trd, 4318794.443, 99
Trd, 4318795.993, 100
Trd, 4318796.343, 102
Trd, 4318796.643, 98
Trd, 4318797.243, 104
Trd, 4318798.643, 86
Trd, 4318799.543, 87
Trd, 4318800.943, 98
Trd, 4318801.193, 75
Trd, 4318801.843, 102
Trd, 4318802.193, 104
Trd, 4318805.743, 100
Trd, 4318805.793, 113
Trd, 4318806.443, 103
Trd, 4318806.793, 111
Trd, 4318807.343, 100
Trd, 4318808.093, 109
Trd, 4318808.493, 102
Trd, 4318810.043, 95
Trd, 4318811.643, 95
Trd, 4318812.593, 98
Trd, 4318813.393, 95
Trd, 4318813.543, 101
Trd, 4318816.043, 95
Trd, 4318817.143, 108
Trd, 4318818.443, 105
Trd, 4318819.693, 117
Trd, 4318822.043, 109
Trd, 4318822.143, 108
Trd, 4318823.243, 95
Trd, 4318824.293, 105
Trd, 4318826.193, 104
Trd, 4318826.293, 105
Trd, 4318827.393, 96
Trd, 4318828.243, 122
Trd, 4318830.293, 112
Trd, 4318832.593, 108
Trd, 4318832.793, 107
Trd, 4318833.243, 104
Trd, 4318834.893, 96
Trd, 4318835.943, 88
Trd, 4318836.743, 103
Trd, 4318838.143, 95
Trd, 4318839.493, 101
Trd, 4318841.343, 100
Trd, 4318841.693, 99
Trd, 4318842.893, 95
Trd, 4318843.093, 86
Trd, 4318843.793, 114
Trd, 4318845.643, 107
Trd, 4318846.593, 107
Trd, 4318848.293, 111
Trd, 4318849.543, 105
Trd, 4318850.243, 109
Trd, 4318851.543, 106
Trd, 4318852.243, 104
Trd, 4318853.193, 105
Trd, 4318856.293, 111
Trd, 4318856.543, 113
Trd, 4318858.443, 104
Trd, 4318858.543, 103
Trd, 4318858.693, 100
Trd, 4318860.843, 88
Trd, 4318862.343, 105
Trd, 4318863.293, 107
Trd, 4318863.793, 107
Trd, 4318864.893, 102
Trd, 4318866.343, 100
Trd, 4318866.643, 120
Trd, 4318868.293, 105
Trd, 4318868.493, 105
Trd, 4318868.743, 104
Trd, 4318871.393, 97
Trd, 4318871.643, 105
Trd, 4318872.393, 104
Trd, 4318873.743, 104
Trd, 4318873.893, 104
Trd, 4318875.643, 86
Trd, 4318876.543, 98
Trd, 4318876.843, 104
Trd, 4318880.793, 83
Trd, 4318881.093, 82
Trd, 4318882.043, 88
Trd, 4318883.243, 122
Trd, 4318883.743, 89
Trd, 4318883.943, 88
Trd, 4318884.643, 98
Trd, 4318886.943, 95
Trd, 4318887.293, 90
Trd, 4318888.043, 114
Trd, 4318889.093, 93
Trd, 4318891.243, 87
Trd, 4318892.043, 105
Trd, 4318892.543, 103
Trd, 4318893.143, 103
Trd, 4318893.643, 104
Trd, 4318894.843, 87
Trd, 4318895.043, 110
Trd, 4318896.243, 86
Trd, 4318897.093, 103
Trd, 4318900.043, 100
Trd, 4318900.793, 96
Trd, 4318900.993, 97
Trd, 4318902.043, 87
Trd, 4318902.143, 86
Trd, 4318904.493, 111
Trd, 4318906.593, 91
Trd, 4318906.643, 109
Trd, 4318907.593, 95
Trd, 4318908.543, 86
Trd, 4318910.343, 105
Trd, 4318912.593, 91
Trd, 4318913.193, 92
Trd, 4318913.543, 92
Trd, 4318913.793, 97
Trd, 4318913.893, 89
Trd, 4318915.543, 86
Trd, 4318916.793, 62
Trd, 4318919.593, 104
Trd, 4318919.943, 113
Trd, 4318920.693, 98
Trd, 4318923.793, 107
Trd, 4318924.443, 105
Trd, 4318925.143, 108
Trd, 4318925.493, 103
Trd, 4318925.593, 95
Trd, 4318926.693, 112
Trd, 4318928.293, 91
Trd, 4318929.643, 104
Trd, 4318930.793, 104
Trd, 4318933.143, 103
Trd, 4318933.393, 120
Trd, 4318933.693, 118
Trd, 4318934.093, 103
Trd, 4318934.343, 96
Trd, 4318935.143, 95
Trd, 4318936.943, 95
Trd, 4318937.143, 118
Trd, 4318940.293, 103
Trd, 4318940.393, 92
Trd, 4318942.093, 89
Trd, 4318944.043, 97
Trd, 4318944.193, 92
Trd, 4318945.743, 103
Trd, 4318945.893, 95
Trd, 4318946.293, 104
Trd, 4318947.093, 91
Trd, 4318949.243, 90
Trd, 4318950.343, 91
Trd, 4318952.443, 93
Trd, 4318953.243, 96
Trd, 4318953.293, 103
Trd, 4318954.443, 95
Trd, 4318956.593, 99
Trd, 4318959.093, 98
Trd, 4318959.643, 95
Trd, 4318960.143, 99
Trd, 4318960.343, 93
Trd, 4318960.793, 92
Trd, 4318962.743, 120
Trd, 4318964.893, 92
Trd, 4318966.293, 94
Trd, 4318966.693, 94
Trd, 4318967.443, 96
Trd, 4318968.793, 96
Trd, 4318969.693, 104
Trd, 4318970.393, 99
Trd, 4318970.993, 95
Trd, 4318971.243, 117
Trd, 4318973.493, 109
Trd, 4318974.193, 121
Trd, 4318975.793, 106
Trd, 4318976.643, 111
Trd, 4318977.293, 103
Trd, 4318977.843, 112
Trd, 4318979.793, 106
Trd, 4318981.843, 105
Trd, 4318982.343, 104
Trd, 4318982.893, 109
Trd, 4318983.443, 98
Trd, 4318985.043, 113
Trd, 4318985.593, 104
Trd, 4318986.693, 114
Trd, 4318988.343, 104
Trd, 4318989.793, 108
Trd, 4318990.293, 105
Trd, 4318990.743, 104
Trd, 4318991.993, 107
Trd, 4318994.343, 94
Trd, 4318994.643, 92
Trd, 4318995.893, 94
Trd, 4318996.593, 104
Trd, 4318997.493, 91
Trd, 4318997.743, 85
Trd, 4318998.593, 97
Trd, 4318999.993, 103
Trd, 4319001.943, 89
Trd, 4319002.343, 88
Trd, 4319004.493, 96
Trd, 4319004.643, 108
Trd, 4319005.343, 116
Trd, 4319008.743, 103
Trd, 4319009.143, 112
Trd, 4319009.643, 103
Trd, 4319011.443, 90
Trd, 4319012.143, 104
Trd, 4319013.493, 110
Trd, 4319013.943, 91
Trd, 4319016.743, 94
Trd, 4319017.493, 94
Trd, 4319017.993, 103
Trd, 4319018.943, 101
Trd, 4319019.743, 103
Trd, 4319020.293, 88
Trd, 4319020.843, 87
Trd, 4319022.593, 122
Trd, 4319023.893, 104
Trd, 4319025.343, 109
Trd, 4319025.743, 110
Trd, 4319025.893, 107
Trd, 4319026.393, 95
Trd, 4319027.143, 112
Trd, 4319029.093, 85
Trd, 4319029.543, 108
Trd, 4319031.043, 104
Trd, 4319031.993, 87
Trd, 4319034.293, 106
Trd, 4319034.743, 104
Trd, 4319035.493, 104
Trd, 4319035.743, 114
Trd, 4319036.143, 95
Trd, 4319037.493, 115
Trd, 4319038.593, 95
Trd, 4319041.643, 103
Trd, 4319041.693, 112
Trd, 4319041.993, 113
Trd, 4319042.043, 100
Trd, 4319043.193, 114
Trd, 4319044.043, 102
Trd, 4319045.243, 102
Trd, 4319045.993, 102
Trd, 4319046.693, 104
Trd, 4319046.993, 88
Trd, 4319047.793, 114
Trd, 4319050.243, 104
Trd, 4319050.743, 89
Trd, 4319053.343, 95
Trd, 4319054.293, 96
Trd, 4319054.643, 109
Trd, 4319056.343, 86
Trd, 4319056.543, 95
Trd, 4319056.943, 69
Trd, 4319057.693, 102
Trd, 4319059.743, 88
Trd, 4319060.143, 111
Trd, 4319060.443, 105
Trd, 4319061.393, 110
Trd, 4319063.343, 106
Trd, 4319063.493, 102
Trd, 4319064.393, 101
Trd, 4319065.693, 95
Trd, 4319066.493, 104
Trd, 4319066.693, 115
Trd, 4319068.293, 97
Trd, 4319069.843, 102
Trd, 4319070.893, 114
Trd, 4319071.593, 114
Trd, 4319071.793, 99
Trd, 4319074.543, 98
Trd, 4319075.593, 95
Trd, 4319076.143, 97
Trd, 4319076.243, 104
Trd, 4319076.543, 68
Trd, 4319077.993, 104
Trd, 4319080.943, 111
Trd, 4319082.443, 111
Trd, 4319082.593, 113
Trd, 4319083.793, 104
Trd, 4319084.393, 103
Trd, 4319085.693, 109
Trd, 4319086.693, 94
Trd, 4319086.993, 97
Trd, 4319087.793, 94
Trd, 4319089.593, 104
Trd, 4319090.643, 86
Trd, 4319091.693, 104
Trd, 4319092.193, 110
Trd, 4319094.243, 95
Trd, 4319095.493, 76
Trd, 4319097.443, 87
Trd, 4319099.143, 99
Trd, 4319099.243, 100
Trd, 4319099.543, 89
Trd, 4319099.693, 104
Trd, 4319100.493, 88
Trd, 4319101.843, 102
Trd, 4319104.393, 119
Trd, 4319105.793, 100
Trd, 4319106.243, 104
Trd, 4319108.493, 99
Trd, 4319109.643, 98
Trd, 4319109.793, 86
Trd, 4319110.993, 87
Trd, 4319112.893, 89
Trd, 4319113.343, 93
Trd, 4319113.643, 95
Trd, 4319114.493, 89
Trd, 4319116.193, 89
Trd, 4319116.393, 91
Trd, 4319116.893, 92
Trd, 4319117.093, 95
Trd, 4319119.493, 92
Trd, 4319120.393, 91
Trd, 4319121.093, 100
Trd, 4319122.493, 97
Trd, 4319123.443, 98
Trd, 4319125.493, 98
Trd, 4319126.593, 101
Trd, 4319127.393, 95
Trd, 4319129.693, 103
Trd, 4319131.143, 93
Trd, 4319132.343, 92
Trd, 4319132.943, 101
Trd, 4319133.593, 97
Trd, 4319133.743, 114
Trd, 4319135.343, 100
Trd, 4319136.043, 95
Trd, 4319136.343, 88
Trd, 4319136.993, 96
Trd, 4319137.843, 89
Trd, 4319142.043, 104
Trd, 4319142.243, 96
Trd, 4319142.493, 103
Trd, 4319143.793, 115
Trd, 4319143.843, 95
Trd, 4319145.043, 100
Trd, 4319145.443, 88
Trd, 4319146.443, 115
Trd, 4319148.143, 103
Trd, 4319149.293, 93
Trd, 4319149.893, 91
Trd, 4319150.943, 94
Trd, 4319151.793, 101
Trd, 4319152.343, 101
Trd, 4319155.043, 96
Trd, 4319155.593, 103
Trd, 4319155.893, 97
Trd, 4319157.243, 116
Trd, 4319159.043, 118
Trd, 4319161.043, 113
Trd, 4319161.343, 104
Trd, 4319162.993, 95
Trd, 4319164.293, 98
Trd, 4319164.843, 103
Trd, 4319166.643, 102
Trd, 4319168.293, 99
Trd, 4319169.243, 95
Trd, 4319169.293, 94
Trd, 4319170.093, 101
Trd, 4319171.493, 69
Trd, 4319171.943, 88
Trd, 4319173.143, 88
Trd, 4319173.393, 96
Trd, 4319173.493, 104
Trd, 4319176.693, 104
Trd, 4319178.843, 91
Trd, 4319179.143, 103
Trd, 4319180.893, 94
Trd, 4319181.343, 86
Trd, 4319182.443, 96
Trd, 4319183.093, 96
Trd, 4319184.843, 102
Trd, 4319185.443, 93
Trd, 4319186.493, 94
Trd, 4319186.743, 104
Trd, 4319187.293, 115
Trd, 4319190.193, 101
Trd, 4319191.243, 107
Trd, 4319192.593, 101
Trd, 4319193.643, 104
Trd, 4319194.193, 99
Trd, 4319196.093, 95
Trd, 4319197.893, 104
Trd, 4319199.243, 95
Trd, 4319200.143, 98
Trd, 4319201.143, 96
Trd, 4319201.293, 97
Trd, 4319201.593, 97
Trd, 4319201.693, 104
Trd, 4319205.193, 90
Trd, 4319205.793, 100
Trd, 4319205.893, 101
Trd, 4319206.793, 89
Trd, 4319206.993, 102
Trd, 4319207.243, 112
Trd, 4319209.493, 90
Trd, 4319211.293, 103
Trd, 4319211.893, 111
Trd, 4319212.593, 103
Trd, 4319214.743, 116
Trd, 4319216.893, 104
Trd, 4319217.993, 104
Trd, 4319218.843, 105
Trd, 4319220.293, 102
Trd, 4319220.843, 109
Trd, 4319222.593, 102
Trd, 4319222.643, 88
Trd, 4319223.543, 103
Trd, 4319225.643, 100
Trd, 4319225.693, 90
Trd, 4319226.643, 95
Trd, 4319227.393, 89
Trd, 4319227.743, 100
Trd, 4319230.593, 93
Trd, 4319231.443, 93
Trd, 4319231.943, 94
Trd, 4319232.593, 95
Trd, 4319233.143, 95
Trd, 4319235.643, 108
Trd, 4319236.843, 109
Trd, 4319237.493, 104
Trd, 4319238.993, 98
Trd, 4319240.743, 95
Trd, 4319241.093, 99
Trd, 4319242.443, 95
Trd, 4319243.893, 100
Trd, 4319244.193, 101
Trd, 4319245.043, 99
Trd, 4319245.393, 104
Trd, 4319246.293, 87
Trd, 4319248.293, 95
Trd, 4319249.193, 87
Trd, 4319251.143, 100
Trd, 4319251.893, 102
Trd, 4319252.893, 88
Trd, 4319254.393, 101
Trd, 4319254.743, 87
Trd, 4319254.793, 103
Trd, 4319254.943, 104
Trd, 4319257.243, 95
Trd, 4319257.293, 68
Trd, 4319257.693, 105
Trd, 4319258.893, 113
Trd, 4319261.843, 96
Trd, 4319262.243, 95
Trd, 4319263.943, 109
Trd, 4319264.093, 89
Trd, 4319264.293, 110
Trd, 4319266.093, 104
Trd, 4319268.293, 109
Trd, 4319268.893, 88
Trd, 4319269.693, 108
Trd, 4319270.893, 105
Trd, 4319271.593, 104
Trd, 4319272.693, 120
Trd, 4319272.793, 122
Trd, 4319274.143, 103
Trd, 4319274.693, 95
Trd, 4319275.793, 90
Trd, 4319278.643, 95
Trd, 4319280.193, 97
Trd, 4319281.093, 101
Trd, 4319281.193, 98
Trd, 4319281.343, 103
Trd, 4319282.243, 104
Trd, 4319283.843, 121
Trd, 4319284.893, 98
Trd, 4319285.193, 86
Trd, 4319285.893, 113
Trd, 4319287.443, 112
Trd, 4319290.093, 87
Trd, 4319291.643, 96
Trd, 4319291.793, 90
Trd, 4319293.843, 93
Trd, 4319293.893, 92
Trd, 4319294.393, 95
Trd, 4319297.043, 106
Trd, 4319297.443, 103
Trd, 4319299.393, 89
Trd, 4319300.043, 116
Trd, 4319300.293, 120
Trd, 4319300.493, 104
Trd, 4319301.743, 120
Trd, 4319302.493, 131
Trd, 4319303.443, 98
Trd, 4319304.643, 122
Trd, 4319305.543, 101
Trd, 4319306.893, 104
Trd, 4319309.343, 86
Trd, 4319310.543, 85
Trd, 4319312.543, 83
Trd, 4319312.693, 85
Trd, 4319313.393, 88
Trd, 4319313.893, 100
Trd, 4319313.943, 78
Trd, 4319314.793, 96
Trd, 4319315.443, 104
Trd, 4319317.343, 84
Trd, 4319317.793, 86
Trd, 4319318.743, 104
Trd, 4319318.843, 85
Trd, 4319320.643, 92
Trd, 4319320.793, 89
Trd, 4319323.193, 96
Trd, 4319325.343, 99
Trd, 4319326.293, 102
Trd, 4319327.043, 102
Trd, 4319327.093, 109
Trd, 4319328.693, 100
Trd, 4319329.293, 113
Trd, 4319330.443, 88
Trd, 4319331.593, 111
Trd, 4319332.293, 104
Trd, 4319335.843, 103
Trd, 4319336.043, 102
Trd, 4319336.243, 116
Trd, 4319336.643, 117
Trd, 4319339.143, 105
Trd, 4319339.343, 104
Trd, 4319339.743, 112
Trd, 4319341.543, 112
Trd, 4319341.893, 96
Trd, 4319341.943, 95
Trd, 4319343.993, 104
Trd, 4319345.093, 103
Trd, 4319345.343, 108
Trd, 4319346.743, 107
Trd, 4319347.993, 107
Trd, 4319348.543, 98
Trd, 4319350.843, 95
Trd, 4319353.143, 105
Trd, 4319354.143, 105
Trd, 4319355.693, 102
Trd, 4319355.943, 104
Trd, 4319357.693, 121
Trd, 4319358.493, 124
Trd, 4319359.043, 104
Trd, 4319359.493, 97
Trd, 4319360.993, 99
Trd, 4319362.643, 102
Trd, 4319363.493, 102
Trd, 4319364.393, 96
Trd, 4319364.643, 95
Trd, 4319365.643, 95
Trd, 4319365.943, 113
Trd, 4319370.243, 93
Trd, 4319370.593, 93
Trd, 4319371.393, 96
Trd, 4319372.093, 95
Trd, 4319372.743, 104
Trd, 4319373.243, 115
Trd, 4319373.343, 92
Trd, 4319375.193, 122
Trd, 4319375.643, 88
Trd, 4319376.493, 123
Trd, 4319377.293, 87
Trd, 4319377.893, 97
Trd, 4319379.243, 116
Trd, 4319381.793, 90
Trd, 4319382.443, 86
Trd, 4319384.443, 85
Trd, 4319384.593, 73
Trd, 4319385.393, 94
Trd, 4319385.543, 104
Trd, 4319386.443, 91
Trd, 4319390.043, 88
Trd, 4319390.643, 89
Trd, 4319391.393, 89
Trd, 4319393.293, 92
Trd, 4319394.693, 95
Trd, 4319395.943, 98
Trd, 4319395.993, 88
Trd, 4319396.293, 99
Trd, 4319397.093, 91
Trd, 4319397.993, 98
Trd, 4319400.743, 101
Trd, 4319401.293, 113
Trd, 4319402.043, 92
Trd, 4319402.143, 117
Trd, 4319402.643, 93
Trd, 4319405.343, 91
Trd, 4319405.843, 93
Trd, 4319407.743, 92
Trd, 4319408.293, 96
Trd, 4319410.293, 94
Trd, 4319413.193, 107
Trd, 4319413.393, 93
Trd, 4319413.843, 107
Trd, 4319414.043, 104
Trd, 4319415.543, 114
Trd, 4319416.243, 99
Trd, 4319417.093, 103
Trd, 4319418.093, 87
Trd, 4319420.393, 89
Trd, 4319420.493, 96
Trd, 4319420.793, 97
Trd, 4319423.393, 94
Trd, 4319424.393, 96
Trd, 4319424.693, 93
Trd, 4319424.893, 116
Trd, 4319426.943, 95
Trd, 4319429.143, 104
Trd, 4319429.293, 114
Trd, 4319430.043, 96
Trd, 4319431.893, 106
Trd, 4319432.493, 105
Trd, 4319432.693, 106
Trd, 4319433.743, 106
Trd, 4319434.493, 103
Trd, 4319435.143, 95
Trd, 4319437.343, 91
Trd, 4319437.443, 108
Trd, 4319438.443, 108
Trd, 4319439.593, 95
Trd, 4319440.243, 99
Trd, 4319442.493, 93
Trd, 4319443.143, 94
Trd, 4319444.343, 100
Trd, 4319444.393, 113
Trd, 4319444.543, 93
Trd, 4319446.093, 95
Trd, 4319447.093, 89
Trd, 4319448.093, 103
Trd, 4319448.543, 117
Trd, 4319449.193, 87
Trd, 4319449.793, 89
Trd, 4319450.893, 94
Trd, 4319451.743, 92
Trd, 4319452.943, 104
Trd, 4319453.143, 95
Trd, 4319454.843, 99
Trd, 4319456.793, 108
Trd, 4319456.893, 107
Trd, 4319457.393, 113
Trd, 4319459.093, 103
Trd, 4319460.493, 86
Trd, 4319460.893, 89
Trd, 4319462.543, 102
Trd, 4319463.243, 95
Trd, 4319463.593, 97
Trd, 4319465.043, 104
Trd, 4319465.343, 112
Trd, 4319465.493, 100
Trd, 4319469.493, 114
Trd, 4319471.043, 111
Trd, 4319471.193, 113
Trd, 4319471.793, 105
Trd, 4319472.743, 95
Trd, 4319473.393, 104
Trd, 4319474.193, 88
Trd, 4319477.443, 94
Trd, 4319478.043, 98
Trd, 4319478.193, 95
Trd, 4319479.993, 102
Trd, 4319480.693, 104
Trd, 4319481.693, 89
Trd, 4319484.693, 92
Trd, 4319485.293, 92
Trd, 4319485.343, 96
Trd, 4319485.793, 103
Trd, 4319486.143, 104
Trd, 4319487.143, 92
Trd, 4319488.343, 104
Trd, 4319488.693, 95
Trd, 4319490.043, 109
Trd, 4319492.093, 105
Trd, 4319493.193, 106
Trd, 4319493.643, 104
Trd, 4319494.493, 113
Trd, 4319494.943, 96
Trd, 4319495.743, 121
Trd, 4319497.343, 122
Trd, 4319498.343, 89
Trd, 4319499.393, 100
Trd, 4319499.743, 88
Trd, 4319504.493, 87
Trd, 4319504.593, 86
Trd, 4319505.043, 99
Trd, 4319505.343, 103
Trd, 4319506.993, 94
Trd, 4319507.543, 94
Trd, 4319508.443, 95
Trd, 4319509.993, 88
Trd, 4319510.893, 86
Trd, 4319510.943, 88
Trd, 4319513.493, 106
Trd, 4319513.793, 92
Trd, 4319513.843, 91
Trd, 4319515.443, 114
Trd, 4319518.043, 105
Trd, 4319519.093, 112
Trd, 4319519.293, 114
Trd, 4319521.293, 107
Trd, 4319521.693, 106
Trd, 4319522.743, 95
Trd, 4319523.443, 94
Trd, 4319526.393, 91
Trd, 4319526.793, 92
Trd, 4319526.943, 104
Trd, 4319527.593, 113
Trd, 4319528.593, 88
Trd, 4319530.293, 95
Trd, 4319532.143, 97
Trd, 4319533.393, 101
Trd, 4319533.543, 104
Trd, 4319536.043, 105
Trd, 4319536.893, 104
Trd, 4319538.143, 97
Trd, 4319538.893, 115
Trd, 4319541.293, 110
Trd, 4319541.443, 107
Trd, 4319542.293, 88
Trd, 4319542.993, 112
Trd, 4319543.743, 112
Trd, 4319546.543, 106
Trd, 4319546.593, 105
Trd, 4319546.793, 104
Trd, 4319547.593, 111
Trd, 4319549.893, 101
Trd, 4319549.943, 112
Trd, 4319549.993, 96
Trd, 4319550.493, 95
Trd, 4319553.193, 86
Trd, 4319554.393, 86
Trd, 4319555.243, 88
Trd, 4319555.743, 96
Trd, 4319556.193, 97
Trd, 4319556.893, 88
Trd, 4319559.493, 99
Trd, 4319559.893, 104
Trd, 4319562.193, 105
Trd, 4319564.193, 106
Trd, 4319564.293, 104
Trd, 4319564.543, 110
Trd, 4319565.643, 113
Trd, 4319566.343, 86
Trd, 4319567.143, 78
Trd, 4319567.543, 85
Trd, 4319567.943, 68
Trd, 4319569.143, 83
Trd, 4319569.493, 95
Trd, 4319570.243, 103
Trd, 4319572.093, 95
Trd, 4319573.793, 89
Trd, 4319574.093, 87
Trd, 4319575.293, 88
Trd, 4319575.743, 96
Trd, 4319576.493, 95
Trd, 4319576.793, 104
Trd, 4319578.443, 90
Trd, 4319580.193, 100
Trd, 4319580.843, 87
Trd, 4319580.893, 116
Trd, 4319583.043, 104
Trd, 4319584.693, 88
Trd, 4319585.893, 115
Trd, 4319587.343, 106
Trd, 4319587.393, 103
Trd, 4319588.093, 112
Trd, 4319589.393, 117
Trd, 4319591.443, 88
Trd, 4319592.193, 86
Trd, 4319593.093, 87
Trd, 4319593.643, 97
Trd, 4319593.743, 86
Trd, 4319594.843, 98
Trd, 4319596.293, 102
Trd, 4319596.893, 88
Trd, 4319600.543, 107
Trd, 4319600.793, 106
Trd, 4319600.893, 104
Trd, 4319601.693, 107
Trd, 4319603.243, 87
Trd, 4319603.493, 96
Trd, 4319603.593, 68
Trd, 4319604.593, 95
Trd, 4319605.293, 115
Trd, 4319607.593, 103
Trd, 4319608.093, 91
Trd, 4319609.843, 95
Trd, 4319610.993, 85
Trd, 4319611.493, 100
Trd, 4319612.143, 104
Trd, 4319614.393, 86
Trd, 4319614.493, 90
Trd, 4319615.693, 92
Trd, 4319616.943, 93
Trd, 4319617.343, 72
Trd, 4319618.493, 89
Trd, 4319619.043, 95
Trd, 4319619.793, 91
Trd, 4319623.293, 115
Trd, 4319623.443, 97
Trd, 4319623.593, 116
Trd, 4319625.293, 94
Trd, 4319625.443, 98
Trd, 4319627.143, 111
Trd, 4319627.343, 103
Trd, 4319628.993, 107
Trd, 4319630.143, 105
Trd, 4319631.193, 104
Trd, 4319631.393, 112
Trd, 4319632.493, 96
Trd, 4319634.943, 88
Trd, 4319636.243, 100
Trd, 4319636.743, 92
Trd, 4319636.843, 104
Trd, 4319639.543, 97
Trd, 4319639.793, 104
Trd, 4319640.693, 95
Trd, 4319641.493, 101
Trd, 4319642.593, 109
Trd, 4319643.693, 90
Trd, 4319644.843, 87
Trd, 4319646.443, 104
Trd, 4319646.643, 103
Trd, 4319647.393, 86
Trd, 4319648.693, 101
Trd, 4319649.743, 103
Trd, 4319651.793, 89
Trd, 4319653.593, 96
Trd, 4319654.993, 97
Trd, 4319655.243, 100
Trd, 4319656.243, 104
Trd, 4319658.643, 99
Trd, 4319659.093, 95
Trd, 4319659.943, 108
Trd, 4319661.243, 98
Trd, 4319662.393, 113
Trd, 4319663.243, 97
Trd, 4319666.643, 113
Trd, 4319666.843, 93
Trd, 4319669.843, 91
Trd, 4319670.893, 97
Trd, 4319671.343, 98
Trd, 4319672.843, 95
Trd, 4319674.043, 95
Trd, 4319674.343, 94
Trd, 4319674.793, 102
Trd, 4319674.843, 86
Trd, 4319676.893, 100
Trd, 4319677.493, 101
Trd, 4319679.793, 90
Trd, 4319680.793, 94
Trd, 4319682.443, 104
Trd, 4319682.543, 113
Trd, 4319683.893, 120
Trd, 4319684.093, 100
Trd, 4319685.893, 100
Trd, 4319688.143, 95
Trd, 4319689.893, 89
Trd, 4319690.143, 88
Trd, 4319690.493, 88
Trd, 4319691.943, 93
Trd, 4319693.643, 91
Trd, 4319694.243, 95
Trd, 4319695.743, 99
Trd, 4319698.193, 91
Trd, 4319698.543, 95
Trd, 4319699.143, 95
Trd, 4319699.243, 91
Trd, 4319700.643, 95
Trd, 4319701.143, 104
Trd, 4319702.443, 87
Trd, 4319703.743, 90
Trd, 4319704.543, 95
Trd, 4319705.743, 111
Trd, 4319706.393, 92
Trd, 4319707.743, 95
Trd, 4319708.943, 104
Trd, 4319708.993, 104
Trd, 4319709.743, 96
Trd, 4319710.493, 96
Trd, 4319710.743, 116
Trd, 4319711.893, 86
Trd, 4319714.193, 82
Trd, 4319716.493, 86
Trd, 4319716.543, 88
Trd, 4319717.093, 85
Trd, 4319717.293, 102
Trd, 4319720.843, 98
Trd, 4319720.943, 99
Trd, 4319721.793, 113
Trd, 4319723.793, 99
Trd, 4319723.943, 98
Trd, 4319724.643, 121
Trd, 4319726.193, 95
Trd, 4319727.193, 88
Trd, 4319728.143, 86
Trd, 4319728.543, 104
Trd, 4319729.443, 113
Trd, 4319729.693, 85
Trd, 4319732.193, 93
Trd, 4319733.443, 100
Trd, 4319734.243, 94
Trd, 4319734.593, 95
Trd, 4319734.843, 104
Trd, 4319735.243, 95
Trd, 4319735.343, 113
Trd, 4319736.543, 89
Trd, 4319737.593, 87
Trd, 4319739.693, 89
Trd, 4319740.043, 90
Trd, 4319740.643, 86
Trd, 4319741.493, 104
Trd, 4319743.093, 95
Trd, 4319744.793, 88
Trd, 4319745.093, 87
Trd, 4319745.943, 85
Trd, 4319746.543, 93
Trd, 4319747.643, 98
Trd, 4319749.643, 87
Trd, 4319752.843, 92
Trd, 4319753.143, 92
Trd, 4319753.543, 92
Trd, 4319755.193, 98
Trd, 4319757.693, 101
Trd, 4319758.293, 96
Trd, 4319759.643, 95
Trd, 4319759.893, 112
Trd, 4319760.743, 116
Trd, 4319763.043, 123
Trd, 4319763.143, 122
Trd, 4319764.393, 113
Trd, 4319764.443, 124
Trd, 4319766.293, 105
Trd, 4319766.943, 105
Trd, 4319769.193, 88
Trd, 4319770.443, 110
Trd, 4319771.293, 107
Trd, 4319771.443, 110
Trd, 4319771.993, 113
Trd, 4319772.093, 108
Trd, 4319774.243, 110
Trd, 4319774.493, 108
Trd, 4319776.143, 96
Trd, 4319777.443, 87
Trd, 4319777.543, 109
Trd, 4319778.193, 87
Trd, 4319779.343, 104
Trd, 4319780.943, 104
Trd, 4319782.093, 103
Trd, 4319782.493, 100
Trd, 4319783.693, 116
Trd, 4319785.743, 95
Trd, 4319786.443, 90
Trd, 4319786.893, 91
Trd, 4319787.993, 87
Trd, 4319789.893, 110
Trd, 4319791.843, 122
Trd, 4319791.993, 107
Trd, 4319792.943, 122
Trd, 4319793.893, 106
Trd, 4319794.143, 102
Trd, 4319795.993, 104
Trd, 4319797.593, 110
Trd, 4319799.693, 105
Trd, 4319801.143, 106
Trd, 4319801.193, 107
Trd, 4319801.693, 108
Trd, 4319802.343, 104
Trd, 4319802.593, 95
Trd, 4319803.893, 86
Trd, 4319804.043, 119
Trd, 4319807.593, 91
Trd, 4319807.993, 94
Trd, 4319809.693, 93
Trd, 4319810.143, 95
Trd, 4319810.243, 93
Trd, 4319810.943, 104
Trd, 4319812.193, 87
Trd, 4319814.793, 111
Trd, 4319814.843, 90
Trd, 4319815.493, 110
Trd, 4319816.343, 104
Trd, 4319820.393, 97
Trd, 4319820.693, 113
Trd, 4319820.943, 94
Trd, 4319821.543, 115
Trd, 4319821.743, 104
Trd, 4319822.993, 104
Trd, 4319823.343, 120
Trd, 4319825.043, 95
Trd, 4319825.893, 91
Trd, 4319826.993, 91
Trd, 4319828.243, 91
Trd, 4319831.343, 105
Trd, 4319831.943, 105
Trd, 4319832.593, 105
Trd, 4319833.443, 109
Trd, 4319833.593, 104
Trd, 4319834.793, 86
Trd, 4319835.243, 86
Trd, 4319835.643, 87
Trd, 4319837.143, 114
Trd, 4319837.843, 104
Trd, 4319841.943, 111
Trd, 4319842.443, 105
Trd, 4319842.543, 104
Trd, 4319843.093, 114
Trd, 4319843.543, 120
Trd, 4319844.643, 101
Trd, 4319846.293, 92
Trd, 4319847.943, 111
Trd, 4319848.443, 113
Trd, 4319849.193, 95
Trd, 4319849.443, 88
Trd, 4319851.243, 93
Trd, 4319853.293, 86
Trd, 4319853.343, 88
Trd, 4319853.493, 96
Trd, 4319855.093, 89
Trd, 4319856.943, 90
Trd, 4319857.943, 102
Trd, 4319858.993, 99
Trd, 4319859.243, 91
Trd, 4319860.543, 85
Trd, 4319861.243, 95
Trd, 4319864.293, 96
Trd, 4319864.893, 102
Trd, 4319866.093, 88
Trd, 4319866.143, 104
Trd, 4319866.343, 86
Trd, 4319869.443, 106
Trd, 4319871.093, 114
Trd, 4319871.343, 108
Trd, 4319871.943, 130
Trd, 4319872.293, 129
Trd, 4319873.693, 96
Trd, 4319874.193, 96
Trd, 4319876.393, 96
Trd, 4319877.143, 108
Trd, 4319878.593, 87
Trd, 4319878.893, 96
Trd, 4319880.293, 87
Trd, 4319880.843, 87
Trd, 4319881.493, 86
Trd, 4319882.593, 118
Trd, 4319883.293, 98
Trd, 4319885.893, 84
Trd, 4319886.043, 86
Trd, 4319886.543, 75
Trd, 4319887.143, 103
Trd, 4319887.643, 104
Trd, 4319889.543, 78
Trd, 4319890.393, 97
Trd, 4319892.443, 96
Trd, 4319893.493, 85
Trd, 4319893.743, 102
Trd, 4319894.293, 96
Trd, 4319896.093, 104
Trd, 4319897.943, 94
Trd, 4319898.493, 94
Trd, 4319899.293, 92
Trd, 4319900.043, 95
Trd, 4319901.143, 91
Trd, 4319902.143, 104
Trd, 4319903.343, 112
Trd, 4319903.793, 125
Trd, 4319904.243, 91
Trd, 4319907.193, 99
Trd, 4319907.793, 92
Trd, 4319908.643, 95
Trd, 4319909.043, 93
Trd, 4319909.343, 97
Trd, 4319909.793, 104
Trd, 4319910.243, 94
Trd, 4319911.293, 88
Trd, 4319914.543, 108
Trd, 4319915.093, 108
Trd, 4319915.443, 107
Trd, 4319915.993, 104
Trd, 4319916.743, 86
Trd, 4319917.293, 104
Trd, 4319919.243, 90
Trd, 4319919.893, 88
Trd, 4319920.693, 104
Trd, 4319922.143, 104
Trd, 4319922.293, 116
Trd, 4319922.393, 104
Trd, 4319924.693, 120
Trd, 4319925.793, 113
Trd, 4319926.393, 117
Trd, 4319928.743, 104
Trd, 4319929.443, 106
Trd, 4319929.743, 100
Trd, 4319930.143, 99
Trd, 4319930.443, 95
Trd, 4319930.993, 86
Trd, 4319932.343, 104
Trd, 4319933.693, 98
Trd, 4319935.043, 88
Trd, 4319935.293, 91
Trd, 4319937.643, 94
Trd, 4319938.943, 96
Trd, 4319941.093, 103
Trd, 4319941.693, 104
Trd, 4319942.593, 93
Trd, 4319943.393, 93
Trd, 4319943.893, 95
Trd, 4319945.393, 95
Trd, 4319945.543, 87
Trd, 4319949.043, 108
Trd, 4319949.343, 93
Trd, 4319949.393, 116
Trd, 4319950.843, 123
Trd, 4319953.043, 105
Trd, 4319953.843, 118
Trd, 4319953.993, 95
Trd, 4319955.093, 88
Trd, 4319955.393, 88
Trd, 4319956.143, 86
Trd, 4319957.443, 97
Trd, 4319958.293, 104
Trd, 4319960.243, 88
Trd, 4319960.443, 90
Trd, 4319962.893, 97
Trd, 4319962.993, 115
Trd, 4319963.643, 93
Trd, 4319964.993, 122
Trd, 4319965.843, 113
Trd, 4319967.593, 97
Trd, 4319968.493, 95
Trd, 4319968.843, 110
Trd, 4319971.193, 111
Trd, 4319971.593, 110
Trd, 4319971.793, 106
Trd, 4319973.193, 107
Trd, 4319974.643, 105
Trd, 4319975.493, 104
Trd, 4319975.693, 95
Trd, 4319975.893, 107
Trd, 4319976.743, 86
Trd, 4319978.643, 94
Trd, 4319979.343, 87
Trd, 4319981.993, 93
Trd, 4319982.193, 104
Trd, 4319983.543, 85
Trd, 4319984.843, 92
Trd, 4319985.743, 104
Trd, 4319986.593, 87
Trd, 4319987.993, 92
Trd, 4319989.093, 93
Trd, 4319989.393, 92
Trd, 4319990.493, 93
Trd, 4319990.693, 95
Trd, 4319991.343, 118
Trd, 4319991.543, 91
Trd, 4319994.043, 93
Trd, 4319995.393, 101
Trd, 4319997.293, 94
Trd, 4319997.493, 93
Trd, 4319999.243, 93
