Trd, 4317907.943, 87
Trd, 4317911.443, 100
Trd, 4317912.393, 97
Trd, 4317913.943, 95
Trd, 4317915.243, 89
Trd, 4317915.493, 95
Trd, 4317917.643, 93
Trd, 4317918.593, 95
Trd, 4317918.693, 120
Trd, 4317919.693, 122
Trd, 4317920.593, 93
Trd, 4317921.443, 88
Trd, 4317924.143, 105
Trd, 4317924.293, 104
Trd, 4317924.443, 91
Trd, 4317926.493, 113
Trd, 4317927.293, 132
Trd, 4317929.843, 99
Trd, 4317930.943, 103
Trd, 4317931.193, 101
Trd, 4317933.193, 107
Trd, 4317934.243, 95
Trd, 4317935.193, 103
Trd, 4317936.193, 95
Trd, 4317938.993, 100
Trd, 4317939.343, 99
Trd, 4317940.743, 100
Trd, 4317940.843, 114
Trd, 4317941.493, 119
Trd, 4317941.893, 96
Trd, 4317943.993, 99
Trd, 4317944.693, 100
Trd, 4317948.293, 97
Trd, 4317949.093, 101
Trd, 4317949.993, 95
Trd, 4317950.493, 101
Trd, 4317951.343, 102
Trd, 4317951.843, 105
Trd, 4317954.793, 98
Trd, 4317955.343, 97
Trd, 4317955.643, 105
Trd, 4317956.743, 93
Trd, 4317960.393, 70
Trd, 4317960.893, 96
Trd, 4317962.393, 85
Trd, 4317963.143, 88
Trd, 4317964.193, 79
Trd, 4317968.393, 100
Trd, 4317969.143, 103
Trd, 4317969.193, 95
Trd, 4317970.243, 103
Trd, 4317972.993, 95
Trd, 4317973.243, 96
Trd, 4317974.043, 99
Trd, 4317975.643, 94
Trd, 4317976.193, 95
Trd, 4317978.443, 87
Trd, 4317979.093, 94
Trd, 4317979.343, 102
Trd, 4317980.693, 107
Trd, 4317981.593, 105
Trd, 4317982.343, 91
Trd, 4317982.793, 112
Trd, 4317985.243, 95
Trd, 4317985.943, 104
Trd, 4317988.243, 96
Trd, 4317990.093, 99
Trd, 4317990.193, 100
Trd, 4317991.293, 97
Trd, 4317993.393, 96
Trd, 4317994.893, 91
Trd, 4317995.043, 92
Trd, 4317996.143, 114
Trd, 4317996.343, 72
Trd, 4317997.543, 69
Trd, 4317997.643, 94
Trd, 4318000.243, 87
Trd, 4318000.493, 90
Trd, 4318003.143, 101
Trd, 4318005.543, 97
Trd, 4318005.643, 102
Trd, 4318006.693, 96
Trd, 4318006.993, 117
Trd, 4318007.143, 95
Trd, 4318010.293, 100
Trd, 4318010.593, 100
Trd, 4318011.493, 116
Trd, 4318011.793, 96
Trd, 4318013.093, 88
Trd, 4318015.843, 97
Trd, 4318016.193, 98
Trd, 4318018.143, 96
Trd, 4318018.693, 98
Trd, 4318019.643, 104
Trd, 4318019.943, 96
Trd, 4318021.393, 95
Trd, 4318022.943, 113
Trd, 4318023.143, 113
Trd, 4318025.543, 117
Trd, 4318028.043, 96
Trd, 4318028.193, 103
Trd, 4318030.243, 103
Trd, 4318030.893, 98
Trd, 4318031.943, 95
Trd, 4318032.293, 98
Trd, 4318034.593, 95
Trd, 4318035.293, 96
Trd, 4318035.343, 109
Trd, 4318036.193, 113
Trd, 4318036.393, 96
Trd, 4318037.493, 95
Trd, 4318037.843, 119
Trd, 4318039.093, 135
Trd, 4318039.843, 86
Trd, 4318042.443, 85
Trd, 4318042.643, 85
Trd, 4318043.243, 95
Trd, 4318044.143, 94
Trd, 4318044.993, 100
Trd, 4318046.493, 70
Trd, 4318048.093, 98
Trd, 4318049.393, 72
Trd, 4318050.243, 105
Trd, 4318051.493, 85
Trd, 4318053.393, 84
Trd, 4318053.893, 84
Trd, 4318055.293, 84
Trd, 4318056.393, 89
Trd, 4318057.043, 88
Trd, 4318057.093, 93
Trd, 4318058.893, 95
Trd, 4318060.193, 104
Trd, 4318061.343, 96
Trd, 4318061.843, 94
Trd, 4318062.493, 106
Trd, 4318062.993, 107
Trd, 4318063.893, 103
Trd, 4318064.693, 96
Trd, 4318065.293, 105
Trd, 4318067.443, 94
Trd, 4318068.943, 95
Trd, 4318070.693, 101
Trd, 4318071.493, 101
Trd, 4318074.093, 107
Trd, 4318075.043, 99
Trd, 4318075.243, 105
Trd, 4318076.543, 96
Trd, 4318077.293, 86
Trd, 4318077.443, 87
Trd, 4318081.843, 101
Trd, 4318082.043, 99
Trd, 4318083.893, 95
Trd, 4318084.793, 101
Trd, 4318085.043, 94
Trd, 4318085.143, 102
Trd, 4318085.343, 93
Trd, 4318088.443, 104
Trd, 4318092.443, 98
Trd, 4318092.843, 99
Trd, 4318093.343, 99
Trd, 4318093.393, 106
Trd, 4318094.743, 95
Trd, 4318095.693, 87
Trd, 4318096.693, 106
Trd, 4318099.643, 83
Trd, 4318101.693, 86
Trd, 4318101.893, 79
Trd, 4318103.343, 94
Trd, 4318104.293, 95
Trd, 4318104.693, 98
Trd, 4318104.943, 111
Trd, 4318106.643, 113
Trd, 4318109.243, 94
Trd, 4318110.043, 105
Trd, 4318112.593, 104
Trd, 4318115.243, 101
Trd, 4318115.543, 98
Trd, 4318115.643, 97
Trd, 4318116.793, 96
Trd, 4318118.493, 106
Trd, 4318118.793, 95
Trd, 4318119.643, 88
Trd, 4318119.843, 89
Trd, 4318121.193, 93
Trd, 4318124.243, 91
Trd, 4318126.493, 95
Trd, 4318126.643, 101
Trd, 4318128.343, 95
Trd, 4318129.093, 96
Trd, 4318129.943, 95
Trd, 4318130.893, 72
Trd, 4318131.893, 86
Trd, 4318134.893, 77
Trd, 4318135.043, 94
Trd, 4318135.143, 96
Trd, 4318137.093, 88
Trd, 4318138.293, 105
Trd, 4318140.493, 103
Trd, 4318141.393, 89
Trd, 4318142.943, 86
Trd, 4318146.643, 102
Trd, 4318147.493, 99
Trd, 4318148.093, 97
Trd, 4318148.643, 95
Trd, 4318149.993, 86
Trd, 4318150.393, 99
Trd, 4318151.343, 105
Trd, 4318154.693, 122
Trd, 4318154.743, 113
Trd, 4318155.993, 115
Trd, 4318156.343, 104
Trd, 4318158.543, 115
Trd, 4318159.593, 101
Trd, 4318161.843, 105
Trd, 4318162.093, 104
Trd, 4318162.643, 105
Trd, 4318162.743, 98
Trd, 4318162.993, 110
Trd, 4318165.043, 87
Trd, 4318165.993, 93
Trd, 4318167.093, 106
Trd, 4318167.593, 94
Trd, 4318168.543, 103
Trd, 4318170.943, 99
Trd, 4318171.143, 104
Trd, 4318175.093, 102
Trd, 4318175.893, 100
Trd, 4318175.993, 93
Trd, 4318176.393, 102
Trd, 4318177.293, 105
Trd, 4318178.193, 97
Trd, 4318179.393, 97
Trd, 4318180.543, 95
Trd, 4318181.043, 96
Trd, 4318182.443, 87
Trd, 4318183.743, 86
Trd, 4318183.793, 107
Trd, 4318186.893, 97
Trd, 4318187.493, 98
Trd, 4318187.543, 99
Trd, 4318189.243, 95
Trd, 4318190.143, 104
Trd, 4318191.743, 88
Trd, 4318191.793, 86
Trd, 4318192.393, 113
Trd, 4318197.143, 98
Trd, 4318197.693, 96
Trd, 4318197.843, 97
Trd, 4318199.343, 95
Trd, 4318199.493, 98
Trd, 4318199.743, 117
Trd, 4318202.043, 87
Trd, 4318204.043, 85
Trd, 4318204.843, 85
Trd, 4318205.043, 85
Trd, 4318205.343, 86
Trd, 4318205.443, 119
Trd, 4318209.343, 94
Trd, 4318209.493, 94
Trd, 4318210.793, 95
Trd, 4318212.943, 97
Trd, 4318213.043, 96
Trd, 4318213.343, 99
Trd, 4318214.993, 113
Trd, 4318215.093, 99
Trd, 4318216.993, 103
Trd, 4318218.593, 88
Trd, 4318219.743, 98
Trd, 4318220.093, 92
Trd, 4318221.443, 95
Trd, 4318224.343, 94
Trd, 4318224.693, 93
Trd, 4318224.793, 95
Trd, 4318225.193, 86
Trd, 4318225.493, 104
Trd, 4318226.843, 105
Trd, 4318226.893, 113
Trd, 4318228.843, 84
Trd, 4318229.843, 77
Trd, 4318230.743, 83
Trd, 4318230.793, 94
Trd, 4318233.543, 92
Trd, 4318234.043, 105
Trd, 4318235.493, 95
Trd, 4318235.693, 86
Trd, 4318237.593, 111
Trd, 4318238.043, 88
Trd, 4318238.893, 106
Trd, 4318242.393, 99
Trd, 4318244.393, 97
Trd, 4318246.643, 101
Trd, 4318247.243, 101
Trd, 4318247.343, 94
Trd, 4318248.643, 86
Trd, 4318250.743, 95
Trd, 4318250.993, 106
Trd, 4318251.643, 108
Trd, 4318255.043, 95
Trd, 4318255.543, 97
Trd, 4318256.293, 94
Trd, 4318256.843, 95
Trd, 4318257.493, 95
Trd, 4318259.143, 88
Trd, 4318259.543, 79
Trd, 4318261.043, 98
Trd, 4318262.743, 100
Trd, 4318263.593, 78
Trd, 4318264.943, 94
Trd, 4318265.193, 102
Trd, 4318266.493, 111
Trd, 4318270.093, 104
Trd, 4318270.643, 106
Trd, 4318271.093, 105
Trd, 4318271.843, 90
Trd, 4318272.993, 95
Trd, 4318275.643, 97
Trd, 4318275.743, 97
Trd, 4318276.243, 98
Trd, 4318278.043, 98
Trd, 4318278.343, 113
Trd, 4318280.443, 95
Trd, 4318281.593, 96
Trd, 4318281.893, 100
Trd, 4318282.343, 100
Trd, 4318282.643, 95
Trd, 4318284.893, 106
Trd, 4318286.143, 90
Trd, 4318287.943, 100
Trd, 4318289.043, 86
Trd, 4318289.793, 98
Trd, 4318290.543, 99
Trd, 4318292.993, 105
Trd, 4318294.193, 104
Trd, 4318295.343, 105
Trd, 4318297.193, 100
Trd, 4318297.593, 113
Trd, 4318299.493, 112
Trd, 4318302.793, 97
Trd, 4318303.243, 96
Trd, 4318304.643, 95
Trd, 4318305.143, 96
Trd, 4318306.243, 88
Trd, 4318307.543, 90
Trd, 4318309.193, 91
Trd, 4318310.043, 105
Trd, 4318311.093, 103
Trd, 4318311.993, 70
Trd, 4318313.043, 102
Trd, 4318314.143, 101
Trd, 4318315.593, 102
Trd, 4318315.643, 101
Trd, 4318316.493, 106
Trd, 4318317.743, 92
Trd, 4318317.843, 111
Trd, 4318321.293, 95
Trd, 4318322.443, 98
Trd, 4318323.093, 102
Trd, 4318323.493, 105
Trd, 4318323.843, 88
Trd, 4318325.143, 87
Trd, 4318325.693, 106
Trd, 4318326.843, 91
Trd, 4318327.743, 90
Trd, 4318328.993, 90
Trd, 4318331.043, 95
Trd, 4318331.243, 112
Trd, 4318332.793, 95
Trd, 4318333.543, 95
Trd, 4318333.893, 115
Trd, 4318334.193, 117
Trd, 4318334.393, 93
Trd, 4318335.593, 95
Trd, 4318337.393, 112
Trd, 4318339.543, 104
Trd, 4318340.193, 98
Trd, 4318341.893, 99
Trd, 4318343.193, 112
Trd, 4318345.343, 107
Trd, 4318346.693, 102
Trd, 4318347.843, 115
Trd, 4318349.093, 113
Trd, 4318349.443, 102
Trd, 4318350.143, 127
Trd, 4318350.643, 104
Trd, 4318351.543, 98
Trd, 4318352.643, 95
Trd, 4318354.893, 122
Trd, 4318356.093, 120
Trd, 4318358.543, 97
Trd, 4318358.743, 109
Trd, 4318359.043, 97
Trd, 4318360.943, 97
Trd, 4318362.293, 101
Trd, 4318363.493, 95
Trd, 4318364.343, 101
Trd, 4318366.393, 94
Trd, 4318368.343, 103
Trd, 4318368.543, 90
Trd, 4318369.393, 104
Trd, 4318370.643, 104
Trd, 4318371.193, 93
Trd, 4318371.343, 92
Trd, 4318371.993, 110
Trd, 4318373.843, 107
Trd, 4318374.943, 99
Trd, 4318376.043, 104
Trd, 4318378.893, 102
Trd, 4318378.993, 101
Trd, 4318379.893, 101
Trd, 4318382.093, 99
Trd, 4318383.043, 99
Trd, 4318383.693, 95
Trd, 4318384.393, 70
Trd, 4318385.543, 70
Trd, 4318386.293, 105
Trd, 4318388.193, 100
Trd, 4318388.893, 111
Trd, 4318391.093, 110
Trd, 4318391.993, 105
Trd, 4318392.793, 106
Trd, 4318392.993, 104
Trd, 4318393.493, 93
Trd, 4318395.993, 87
Trd, 4318396.193, 95
Trd, 4318396.243, 96
Trd, 4318396.543, 73
Trd, 4318399.343, 101
Trd, 4318400.393, 99
Trd, 4318400.893, 88
Trd, 4318403.143, 89
Trd, 4318403.393, 94
Trd, 4318404.793, 103
Trd, 4318405.293, 107
Trd, 4318406.193, 87
Trd, 4318408.693, 104
Trd, 4318409.493, 106
Trd, 4318411.743, 97
Trd, 4318412.993, 98
Trd, 4318413.093, 97
Trd, 4318413.293, 100
Trd, 4318415.743, 98
Trd, 4318416.043, 95
Trd, 4318418.643, 87
Trd, 4318419.143, 87
Trd, 4318421.093, 87
Trd, 4318421.943, 87
Trd, 4318422.143, 111
Trd, 4318426.243, 87
Trd, 4318426.393, 86
Trd, 4318427.443, 87
Trd, 4318428.043, 105
Trd, 4318428.093, 86
Trd, 4318430.293, 110
Trd, 4318431.193, 102
Trd, 4318431.493, 102
Trd, 4318432.093, 109
Trd, 4318433.493, 104
Trd, 4318436.443, 102
Trd, 4318437.593, 109
Trd, 4318437.643, 97
Trd, 4318439.743, 98
Trd, 4318440.293, 96
Trd, 4318440.843, 97
Trd, 4318443.093, 95
Trd, 4318443.693, 122
Trd, 4318443.993, 126
Trd, 4318447.643, 97
Trd, 4318448.443, 95
Trd, 4318448.843, 95
Trd, 4318450.793, 107
Trd, 4318452.243, 96
Trd, 4318452.493, 112
Trd, 4318453.593, 113
Trd, 4318455.843, 113
Trd, 4318456.643, 96
Trd, 4318458.293, 112
Trd, 4318458.893, 96
Trd, 4318459.793, 101
Trd, 4318460.843, 97
Trd, 4318462.893, 94
Trd, 4318463.043, 74
Trd, 4318465.843, 93
Trd, 4318466.793, 79
Trd, 4318467.393, 92
Trd, 4318467.443, 104
Trd, 4318469.943, 95
Trd, 4318472.943, 101
Trd, 4318474.043, 70
Trd, 4318474.843, 87
Trd, 4318475.843, 90
Trd, 4318476.243, 94
Trd, 4318479.143, 96
Trd, 4318479.593, 100
Trd, 4318480.643, 97
Trd, 4318481.043, 97
Trd, 4318481.593, 96
Trd, 4318483.043, 95
Trd, 4318484.143, 105
Trd, 4318486.793, 103
Trd, 4318487.943, 104
Trd, 4318489.343, 105
Trd, 4318489.443, 112
Trd, 4318491.193, 96
Trd, 4318492.243, 95
Trd, 4318492.843, 103
Trd, 4318493.493, 104
Trd, 4318494.343, 95
Trd, 4318497.293, 97
Trd, 4318497.593, 86
Trd, 4318499.843, 96
Trd, 4318500.893, 98
Trd, 4318501.843, 97
Trd, 4318502.593, 97
Trd, 4318503.193, 97
Trd, 4318503.793, 104
Trd, 4318505.543, 103
Trd, 4318506.893, 96
Trd, 4318508.693, 98
Trd, 4318508.843, 105
Trd, 4318510.543, 104
Trd, 4318511.593, 95
Trd, 4318512.943, 98
Trd, 4318513.843, 97
Trd, 4318514.493, 96
Trd, 4318514.893, 95
Trd, 4318517.693, 95
Trd, 4318518.143, 87
Trd, 4318519.043, 106
Trd, 4318519.543, 88
Trd, 4318521.093, 107
Trd, 4318522.793, 90
Trd, 4318524.543, 103
Trd, 4318526.043, 98
Trd, 4318526.593, 105
Trd, 4318528.293, 109
Trd, 4318529.893, 101
Trd, 4318529.993, 100
Trd, 4318533.143, 96
Trd, 4318535.043, 104
Trd, 4318535.543, 111
Trd, 4318538.843, 104
Trd, 4318539.293, 103
Trd, 4318539.443, 112
Trd, 4318541.593, 101
Trd, 4318541.943, 99
Trd, 4318542.043, 106
Trd, 4318542.693, 107
Trd, 4318542.793, 95
Trd, 4318546.343, 121
Trd, 4318548.143, 113
Trd, 4318551.093, 107
Trd, 4318551.143, 105
Trd, 4318551.643, 109
Trd, 4318552.243, 95
Trd, 4318553.843, 102
Trd, 4318554.293, 139
Trd, 4318555.593, 104
Trd, 4318557.143, 104
Trd, 4318557.243, 103
Trd, 4318557.293, 76
Trd, 4318559.543, 102
Trd, 4318561.593, 97
Trd, 4318562.543, 115
Trd, 4318562.943, 96
Trd, 4318563.893, 103
Trd, 4318566.543, 98
Trd, 4318567.843, 106
Trd, 4318568.243, 100
Trd, 4318568.993, 106
Trd, 4318571.743, 101
Trd, 4318571.943, 104
Trd, 4318572.943, 100
Trd, 4318573.093, 94
Trd, 4318573.493, 102
Trd, 4318575.943, 74
Trd, 4318576.593, 107
Trd, 4318578.493, 85
Trd, 4318579.143, 85
Trd, 4318581.693, 84
Trd, 4318582.393, 85
Trd, 4318582.793, 95
Trd, 4318584.243, 86
Trd, 4318585.043, 87
Trd, 4318587.343, 102
Trd, 4318588.193, 87
Trd, 4318589.543, 89
Trd, 4318589.993, 90
Trd, 4318590.693, 90
Trd, 4318592.093, 79
Trd, 4318593.693, 88
Trd, 4318595.643, 85
Trd, 4318596.143, 85
Trd, 4318596.743, 95
Trd, 4318596.843, 85
Trd, 4318597.043, 107
Trd, 4318597.943, 91
Trd, 4318599.493, 119
Trd, 4318599.893, 77
Trd, 4318602.843, 100
Trd, 4318603.243, 99
Trd, 4318603.743, 109
Trd, 4318607.093, 97
Trd, 4318607.343, 100
Trd, 4318608.393, 95
Trd, 4318610.143, 95
Trd, 4318611.843, 86
Trd, 4318612.693, 87
Trd, 4318612.743, 95
Trd, 4318613.543, 106
Trd, 4318614.643, 87
Trd, 4318615.143, 86
Trd, 4318616.043, 139
Trd, 4318618.143, 109
Trd, 4318618.243, 95
Trd, 4318620.193, 84
Trd, 4318620.593, 122
Trd, 4318622.993, 122
Trd, 4318623.293, 113
Trd, 4318623.493, 104
Trd, 4318625.043, 98
Trd, 4318628.093, 96
Trd, 4318629.343, 96
Trd, 4318631.693, 86
Trd, 4318633.043, 96
Trd, 4318633.193, 99
Trd, 4318633.843, 101
Trd, 4318635.043, 101
Trd, 4318636.243, 95
Trd, 4318636.543, 103
Trd, 4318636.793, 105
Trd, 4318637.143, 113
Trd, 4318639.693, 112
Trd, 4318639.943, 101
Trd, 4318640.543, 102
Trd, 4318642.343, 111
Trd, 4318642.893, 110
Trd, 4318646.293, 103
Trd, 4318647.143, 106
Trd, 4318648.993, 104
Trd, 4318649.293, 86
Trd, 4318650.993, 84
Trd, 4318651.043, 85
Trd, 4318651.143, 87
Trd, 4318652.393, 78
Trd, 4318653.843, 105
Trd, 4318656.543, 107
Trd, 4318657.043, 81
Trd, 4318657.743, 94
Trd, 4318659.643, 102
Trd, 4318660.643, 100
Trd, 4318662.043, 101
Trd, 4318663.693, 101
Trd, 4318665.243, 99
Trd, 4318666.343, 95
Trd, 4318666.393, 96
Trd, 4318666.793, 97
Trd, 4318668.993, 88
Trd, 4318669.793, 87
Trd, 4318671.343, 69
Trd, 4318673.293, 93
Trd, 4318673.643, 95
Trd, 4318675.393, 92
Trd, 4318676.143, 102
Trd, 4318678.193, 102
Trd, 4318678.893, 100
Trd, 4318678.943, 95
Trd, 4318679.793, 113
Trd, 4318680.193, 104
Trd, 4318683.093, 92
Trd, 4318683.193, 95
Trd, 4318684.543, 94
Trd, 4318684.943, 88
Trd, 4318686.193, 104
Trd, 4318687.643, 104
Trd, 4318687.893, 97
Trd, 4318688.843, 96
Trd, 4318690.293, 95
Trd, 4318693.193, 97
Trd, 4318693.693, 86
Trd, 4318694.393, 99
Trd, 4318696.143, 102
Trd, 4318698.093, 106
Trd, 4318698.143, 107
Trd, 4318699.993, 95
Trd, 4318701.343, 105
Trd, 4318701.993, 97
Trd, 4318704.993, 100
Trd, 4318705.493, 106
Trd, 4318705.793, 107
Trd, 4318708.143, 103
Trd, 4318709.843, 102
Trd, 4318710.793, 102
Trd, 4318712.043, 96
Trd, 4318713.143, 97
Trd, 4318713.843, 102
Trd, 4318715.093, 93
Trd, 4318716.693, 103
Trd, 4318718.343, 90
Trd, 4318718.693, 102
Trd, 4318719.843, 103
Trd, 4318721.993, 96
Trd, 4318723.093, 109
Trd, 4318725.443, 99
Trd, 4318726.243, 100
Trd, 4318726.893, 107
Trd, 4318729.043, 98
Trd, 4318730.093, 103
Trd, 4318730.493, 95
Trd, 4318730.543, 105
Trd, 4318733.543, 95
Trd, 4318734.443, 91
Trd, 4318735.093, 72
Trd, 4318735.693, 88
Trd, 4318736.693, 95
Trd, 4318737.043, 109
Trd, 4318739.793, 78
Trd, 4318740.493, 83
Trd, 4318741.993, 80
Trd, 4318743.493, 89
Trd, 4318743.643, 95
Trd, 4318746.293, 86
Trd, 4318746.793, 87
Trd, 4318747.693, 106
Trd, 4318748.843, 78
Trd, 4318750.093, 87
Trd, 4318751.743, 87
Trd, 4318752.393, 89
Trd, 4318754.193, 79
Trd, 4318755.293, 89
Trd, 4318756.593, 108
Trd, 4318758.093, 119
Trd, 4318758.843, 87
Trd, 4318760.143, 83
Trd, 4318762.093, 95
Trd, 4318762.443, 90
Trd, 4318763.593, 102
Trd, 4318765.143, 103
Trd, 4318765.393, 97
Trd, 4318767.693, 98
Trd, 4318768.243, 95
Trd, 4318769.293, 100
Trd, 4318769.643, 103
Trd, 4318772.043, 101
Trd, 4318772.643, 103
Trd, 4318773.893, 104
Trd, 4318774.243, 95
Trd, 4318776.743, 95
Trd, 4318777.943, 95
Trd, 4318778.043, 97
Trd, 4318778.543, 70
Trd, 4318779.443, 93
Trd, 4318782.043, 98
Trd, 4318782.943, 96
Trd, 4318783.393, 108
Trd, 4318784.143, 97
Trd, 4318785.543, 106
Trd, 4318785.593, 94
Trd, 4318787.293, 115
Trd, 4318787.543, 86
Trd, 4318788.743, 128
Trd, 4318791.893, 102
Trd, 4318792.543, 101
Trd, 4318794.743, 95
Trd, 4318794.793, 96
Trd, 4318796.993, 86
Trd, 4318797.293, 105
Trd, 4318799.743, 87
Trd, 4318800.543, 95
Trd, 4318801.043, 107
Trd, 4318801.443, 117
Trd, 4318803.343, 113
Trd, 4318805.843, 102
Trd, 4318805.893, 106
Trd, 4318805.993, 107
Trd, 4318806.043, 101
Trd, 4318807.293, 108
Trd, 4318809.143, 87
Trd, 4318809.693, 94
Trd, 4318810.743, 112
Trd, 4318814.443, 111
Trd, 4318814.493, 112
Trd, 4318817.343, 89
Trd, 4318817.643, 90
Trd, 4318817.793, 88
Trd, 4318817.893, 95
Trd, 4318818.493, 120
Trd, 4318819.543, 86
Trd, 4318820.593, 104
Trd, 4318820.843, 68
Trd, 4318823.543, 101
Trd, 4318824.193, 82
Trd, 4318826.093, 97
Trd, 4318827.293, 97
Trd, 4318828.093, 97
Trd, 4318828.893, 99
Trd, 4318829.393, 95
Trd, 4318829.743, 106
Trd, 4318831.893, 94
Trd, 4318832.343, 95
Trd, 4318835.943, 99
Trd, 4318836.693, 100
Trd, 4318837.743, 94
Trd, 4318840.093, 100
Trd, 4318840.743, 95
Trd, 4318841.293, 95
Trd, 4318844.193, 96
Trd, 4318846.143, 96
Trd, 4318846.393, 95
Trd, 4318848.293, 99
Trd, 4318850.593, 101
Trd, 4318852.243, 104
Trd, 4318853.243, 106
Trd, 4318854.093, 104
Trd, 4318855.043, 106
Trd, 4318856.693, 101
Trd, 4318856.993, 95
Trd, 4318857.443, 118
Trd, 4318858.793, 88
Trd, 4318860.343, 88
Trd, 4318862.243, 100
Trd, 4318863.443, 98
Trd, 4318864.443, 95
Trd, 4318865.393, 88
Trd, 4318866.543, 77
Trd, 4318866.843, 94
Trd, 4318867.043, 95
Trd, 4318867.243, 108
Trd, 4318868.893, 86
Trd, 4318870.293, 120
Trd, 4318871.843, 95
Trd, 4318871.893, 112
Trd, 4318874.293, 106
Trd, 4318875.043, 105
Trd, 4318875.093, 94
Trd, 4318876.243, 105
Trd, 4318878.893, 95
Trd, 4318879.693, 104
Trd, 4318880.093, 95
Trd, 4318881.343, 93
Trd, 4318882.743, 104
Trd, 4318885.743, 93
Trd, 4318887.793, 105
Trd, 4318888.443, 101
Trd, 4318888.643, 109
Trd, 4318889.493, 103
Trd, 4318892.543, 104
Trd, 4318894.093, 104
Trd, 4318894.243, 105
Trd, 4318894.543, 103
Trd, 4318894.993, 131
Trd, 4318896.593, 95
Trd, 4318897.193, 106
Trd, 4318897.843, 87
Trd, 4318898.343, 95
Trd, 4318900.443, 97
Trd, 4318901.043, 111
Trd, 4318901.843, 106
Trd, 4318902.693, 97
Trd, 4318904.743, 111
Trd, 4318906.243, 104
Trd, 4318906.943, 103
Trd, 4318909.393, 102
Trd, 4318909.493, 103
Trd, 4318911.293, 97
Trd, 4318911.543, 94
Trd, 4318911.993, 103
Trd, 4318915.593, 97
Trd, 4318915.693, 106
Trd, 4318917.293, 100
Trd, 4318918.193, 105
Trd, 4318920.693, 109
Trd, 4318923.043, 98
Trd, 4318924.093, 103
Trd, 4318925.043, 101
Trd, 4318926.293, 99
Trd, 4318927.093, 113
Trd, 4318928.393, 96
Trd, 4318929.943, 89
Trd, 4318930.843, 88
Trd, 4318931.743, 89
Trd, 4318933.693, 103
Trd, 4318933.843, 104
Trd, 4318935.643, 71
Trd, 4318935.893, 86
Trd, 4318938.593, 99
Trd, 4318939.243, 98
Trd, 4318940.193, 96
Trd, 4318941.043, 95
Trd, 4318943.193, 96
Trd, 4318943.493, 95
Trd, 4318943.593, 104
Trd, 4318944.493, 106
Trd, 4318945.093, 93
Trd, 4318946.593, 91
Trd, 4318946.743, 113
Trd, 4318950.643, 106
Trd, 4318951.143, 100
Trd, 4318951.443, 109
Trd, 4318954.093, 103
Trd, 4318954.893, 105
Trd, 4318956.943, 104
Trd, 4318957.593, 98
Trd, 4318957.993, 104
Trd, 4318959.043, 99
Trd, 4318959.793, 94
Trd, 4318960.643, 93
Trd, 4318961.093, 94
Trd, 4318962.543, 95
Trd, 4318964.343, 95
Trd, 4318965.443, 97
Trd, 4318967.143, 99
Trd, 4318967.243, 105
Trd, 4318967.743, 98
Trd, 4318968.443, 104
Trd, 4318968.843, 104
Trd, 4318970.743, 96
Trd, 4318973.793, 113
Trd, 4318975.643, 102
Trd, 4318976.443, 96
Trd, 4318977.593, 100
Trd, 4318978.893, 99
Trd, 4318980.093, 95
Trd, 4318980.593, 98
Trd, 4318981.693, 89
Trd, 4318981.843, 95
Trd, 4318983.593, 97
Trd, 4318985.393, 91
Trd, 4318985.443, 95
Trd, 4318986.943, 97
Trd, 4318986.993, 95
Trd, 4318987.093, 98
Trd, 4318989.593, 116
Trd, 4318989.943, 132
Trd, 4318990.943, 94
Trd, 4318991.943, 104
Trd, 4318992.943, 95
Trd, 4318994.043, 96
Trd, 4318994.643, 100
Trd, 4318996.793, 96
Trd, 4318997.493, 102
Trd, 4318998.943, 96
Trd, 4318999.093, 100
Trd, 4319000.143, 98
Trd, 4319002.343, 97
Trd, 4319004.043, 94
Trd, 4319004.543, 83
Trd, 4319005.993, 98
Trd, 4319007.893, 94
Trd, 4319008.093, 96
Trd, 4319009.193, 107
Trd, 4319011.043, 83
Trd, 4319012.043, 84
Trd, 4319013.193, 91
Trd, 4319013.343, 87
Trd, 4319014.043, 105
Trd, 4319015.193, 62
Trd, 4319017.143, 110
Trd, 4319017.493, 69
Trd, 4319018.993, 87
Trd, 4319021.043, 106
Trd, 4319022.343, 104
Trd, 4319022.393, 107
Trd, 4319023.393, 117
Trd, 4319024.093, 96
Trd, 4319026.293, 108
Trd, 4319027.743, 97
Trd, 4319027.893, 104
Trd, 4319029.243, 95
Trd, 4319030.843, 107
Trd, 4319033.043, 97
Trd, 4319034.143, 101
Trd, 4319034.843, 96
Trd, 4319036.543, 97
Trd, 4319037.893, 104
Trd, 4319038.143, 104
Trd, 4319039.543, 95
Trd, 4319042.193, 92
Trd, 4319042.693, 93
Trd, 4319043.193, 92
Trd, 4319044.293, 86
Trd, 4319045.743, 91
Trd, 4319046.193, 94
Trd, 4319048.293, 86
Trd, 4319048.793, 95
Trd, 4319050.593, 95
Trd, 4319052.243, 89
Trd, 4319052.993, 95
Trd, 4319056.443, 90
Trd, 4319056.493, 93
Trd, 4319056.743, 89
Trd, 4319056.943, 95
Trd, 4319057.993, 112
Trd, 4319058.293, 94
Trd, 4319059.243, 87
Trd, 4319061.043, 102
Trd, 4319063.193, 86
Trd, 4319064.293, 89
Trd, 4319064.843, 91
Trd, 4319066.793, 98
Trd, 4319066.893, 107
Trd, 4319067.493, 109
Trd, 4319068.843, 110
Trd, 4319070.993, 99
Trd, 4319071.643, 108
Trd, 4319073.943, 98
Trd, 4319074.793, 97
Trd, 4319075.343, 98
Trd, 4319075.943, 105
Trd, 4319076.193, 93
Trd, 4319078.393, 88
Trd, 4319079.693, 107
Trd, 4319080.593, 112
Trd, 4319081.243, 115
Trd, 4319082.493, 95
Trd, 4319082.893, 104
Trd, 4319084.493, 85
Trd, 4319084.843, 88
Trd, 4319086.493, 122
Trd, 4319089.043, 121
Trd, 4319089.293, 95
Trd, 4319092.743, 98
Trd, 4319092.993, 93
Trd, 4319096.293, 89
Trd, 4319096.893, 91
Trd, 4319097.843, 91
Trd, 4319098.243, 91
Trd, 4319098.943, 91
Trd, 4319099.093, 95
Trd, 4319100.293, 113
Trd, 4319100.743, 114
Trd, 4319102.043, 95
Trd, 4319104.443, 71
Trd, 4319106.943, 97
Trd, 4319107.043, 98
Trd, 4319107.593, 95
Trd, 4319108.343, 118
Trd, 4319110.243, 85
Trd, 4319111.243, 97
Trd, 4319111.393, 103
Trd, 4319111.943, 104
Trd, 4319114.993, 98
Trd, 4319117.643, 100
Trd, 4319118.943, 97
Trd, 4319120.543, 95
Trd, 4319121.243, 97
Trd, 4319123.143, 93
Trd, 4319123.793, 94
Trd, 4319123.843, 95
Trd, 4319126.143, 108
Trd, 4319126.493, 102
Trd, 4319127.643, 115
Trd, 4319128.893, 110
Trd, 4319129.243, 115
Trd, 4319131.643, 98
Trd, 4319131.843, 95
Trd, 4319133.643, 94
Trd, 4319133.743, 109
Trd, 4319135.543, 91
Trd, 4319136.643, 108
Trd, 4319138.843, 100
Trd, 4319139.443, 95
Trd, 4319140.993, 88
Trd, 4319142.243, 99
Trd, 4319143.293, 102
Trd, 4319145.643, 103
Trd, 4319145.693, 104
Trd, 4319146.843, 110
Trd, 4319148.293, 95
Trd, 4319148.543, 94
Trd, 4319150.443, 108
Trd, 4319152.893, 97
Trd, 4319153.643, 97
Trd, 4319154.043, 96
Trd, 4319155.743, 106
Trd, 4319156.643, 106
Trd, 4319157.393, 115
Trd, 4319159.443, 104
Trd, 4319160.993, 109
Trd, 4319163.293, 102
Trd, 4319163.943, 98
Trd, 4319165.743, 96
Trd, 4319166.243, 94
Trd, 4319166.343, 95
Trd, 4319166.543, 90
Trd, 4319168.343, 78
Trd, 4319170.643, 80
Trd, 4319170.993, 101
Trd, 4319173.043, 94
Trd, 4319175.643, 102
Trd, 4319175.743, 88
Trd, 4319175.993, 103
Trd, 4319176.443, 88
Trd, 4319177.293, 103
Trd, 4319180.293, 100
Trd, 4319180.393, 99
Trd, 4319180.743, 86
Trd, 4319181.243, 99
Trd, 4319182.393, 105
Trd, 4319184.493, 107
Trd, 4319186.243, 98
Trd, 4319186.293, 99
Trd, 4319186.843, 99
Trd, 4319187.393, 99
Trd, 4319189.393, 86
Trd, 4319189.943, 112
Trd, 4319192.443, 103
Trd, 4319192.843, 96
Trd, 4319193.743, 108
Trd, 4319195.043, 100
Trd, 4319195.893, 113
Trd, 4319197.393, 101
Trd, 4319199.293, 105
Trd, 4319199.393, 95
Trd, 4319202.493, 107
Trd, 4319203.243, 95
Trd, 4319205.043, 95
Trd, 4319205.143, 106
Trd, 4319206.693, 95
Trd, 4319206.843, 103
Trd, 4319209.843, 106
Trd, 4319210.343, 115
Trd, 4319210.893, 95
Trd, 4319211.393, 104
Trd, 4319213.993, 96
Trd, 4319215.143, 106
Trd, 4319215.243, 98
Trd, 4319216.043, 105
Trd, 4319217.443, 101
Trd, 4319218.593, 98
Trd, 4319219.093, 97
Trd, 4319220.093, 87
Trd, 4319221.293, 103
Trd, 4319222.643, 109
Trd, 4319222.943, 97
Trd, 4319225.093, 95
Trd, 4319225.793, 103
Trd, 4319226.643, 77
Trd, 4319228.543, 95
Trd, 4319229.393, 94
Trd, 4319230.693, 94
Trd, 4319232.143, 92
Trd, 4319234.093, 93
Trd, 4319234.743, 104
Trd, 4319235.743, 93
Trd, 4319236.043, 104
Trd, 4319237.043, 88
Trd, 4319237.843, 105
Trd, 4319238.943, 95
Trd, 4319239.693, 104
Trd, 4319242.993, 98
Trd, 4319244.843, 103
Trd, 4319245.093, 99
Trd, 4319245.993, 105
Trd, 4319247.793, 103
Trd, 4319247.843, 98
Trd, 4319248.893, 107
Trd, 4319249.593, 115
Trd, 4319251.093, 96
Trd, 4319253.093, 99
Trd, 4319253.693, 98
Trd, 4319253.943, 96
Trd, 4319255.343, 99
Trd, 4319256.743, 86
Trd, 4319256.943, 92
Trd, 4319257.293, 68
Trd, 4319259.193, 101
Trd, 4319259.493, 99
Trd, 4319261.393, 96
Trd, 4319261.743, 108
Trd, 4319264.593, 103
Trd, 4319265.643, 101
Trd, 4319266.043, 98
Trd, 4319267.293, 96
Trd, 4319269.143, 104
Trd, 4319269.193, 100
Trd, 4319269.343, 86
Trd, 4319273.593, 86
Trd, 4319275.093, 106
Trd, 4319275.193, 95
Trd, 4319277.093, 108
Trd, 4319278.093, 103
Trd, 4319281.343, 93
Trd, 4319281.693, 93
Trd, 4319282.143, 91
Trd, 4319282.293, 95
Trd, 4319283.493, 95
Trd, 4319284.093, 87
Trd, 4319285.093, 99
Trd, 4319285.743, 100
Trd, 4319286.643, 105
Trd, 4319288.443, 104
Trd, 4319288.943, 113
Trd, 4319290.793, 107
Trd, 4319292.343, 95
Trd, 4319292.993, 117
Trd, 4319293.593, 124
Trd, 4319295.793, 102
Trd, 4319296.043, 94
Trd, 4319298.793, 90
Trd, 4319299.193, 93
Trd, 4319299.593, 86
Trd, 4319300.543, 86
Trd, 4319302.643, 92
Trd, 4319303.093, 72
Trd, 4319305.793, 89
Trd, 4319306.543, 87
Trd, 4319309.943, 99
Trd, 4319310.543, 92
Trd, 4319311.193, 102
Trd, 4319311.643, 88
Trd, 4319313.143, 106
Trd, 4319314.693, 112
Trd, 4319315.143, 95
Trd, 4319316.443, 93
Trd, 4319317.593, 103
Trd, 4319319.543, 92
Trd, 4319320.393, 102
Trd, 4319323.793, 85
Trd, 4319326.593, 79
Trd, 4319326.693, 82
Trd, 4319327.993, 81
Trd, 4319328.343, 85
Trd, 4319329.043, 88
Trd, 4319331.093, 87
Trd, 4319332.593, 94
Trd, 4319332.943, 95
Trd, 4319334.943, 79
Trd, 4319335.143, 87
Trd, 4319336.043, 105
Trd, 4319336.693, 116
Trd, 4319337.743, 107
Trd, 4319338.493, 86
Trd, 4319339.143, 106
Trd, 4319342.693, 98
Trd, 4319342.993, 92
Trd, 4319346.193, 91
Trd, 4319346.693, 90
Trd, 4319346.893, 89
Trd, 4319347.993, 94
Trd, 4319348.043, 95
Trd, 4319349.293, 93
Trd, 4319349.543, 92
Trd, 4319349.793, 113
Trd, 4319352.593, 97
Trd, 4319353.543, 112
Trd, 4319354.693, 103
Trd, 4319356.043, 100
Trd, 4319359.493, 86
Trd, 4319359.643, 87
Trd, 4319360.043, 72
Trd, 4319362.943, 98
Trd, 4319363.443, 98
Trd, 4319364.293, 95
Trd, 4319366.793, 95
Trd, 4319367.893, 91
Trd, 4319368.443, 105
Trd, 4319369.243, 95
Trd, 4319371.193, 110
Trd, 4319371.793, 92
Trd, 4319372.593, 89
Trd, 4319374.243, 103
Trd, 4319375.343, 89
Trd, 4319375.693, 95
Trd, 4319376.093, 101
Trd, 4319376.393, 104
Trd, 4319378.093, 67
Trd, 4319379.793, 102
Trd, 4319380.493, 95
Trd, 4319380.593, 105
Trd, 4319383.443, 97
Trd, 4319386.393, 92
Trd, 4319386.993, 101
Trd, 4319387.243, 92
Trd, 4319390.093, 97
Trd, 4319390.443, 97
Trd, 4319390.643, 95
Trd, 4319391.343, 96
Trd, 4319393.343, 93
Trd, 4319394.743, 112
Trd, 4319394.943, 113
Trd, 4319395.193, 86
Trd, 4319398.493, 86
Trd, 4319398.693, 85
Trd, 4319398.993, 86
Trd, 4319400.543, 97
Trd, 4319402.643, 105
Trd, 4319403.843, 98
Trd, 4319405.343, 99
Trd, 4319406.393, 103
Trd, 4319407.293, 103
Trd, 4319407.543, 105
Trd, 4319409.193, 101
Trd, 4319410.593, 95
Trd, 4319411.593, 110
Trd, 4319412.793, 115
Trd, 4319414.293, 96
Trd, 4319414.743, 104
Trd, 4319415.143, 117
Trd, 4319417.543, 88
Trd, 4319419.693, 97
Trd, 4319420.043, 96
Trd, 4319421.393, 96
Trd, 4319421.793, 97
Trd, 4319422.643, 104
Trd, 4319424.343, 97
Trd, 4319426.693, 99
Trd, 4319427.043, 94
Trd, 4319427.543, 116
Trd, 4319428.343, 106
Trd, 4319429.093, 72
Trd, 4319432.093, 115
Trd, 4319432.393, 98
Trd, 4319434.743, 116
Trd, 4319435.043, 98
Trd, 4319436.843, 97
Trd, 4319438.443, 96
Trd, 4319438.743, 95
Trd, 4319438.843, 86
Trd, 4319439.043, 99
Trd, 4319442.193, 94
Trd, 4319444.543, 85
Trd, 4319444.593, 86
Trd, 4319445.793, 88
Trd, 4319446.843, 93
Trd, 4319448.243, 89
Trd, 4319448.293, 102
Trd, 4319450.793, 102
Trd, 4319452.193, 104
Trd, 4319452.693, 91
Trd, 4319453.843, 86
Trd, 4319454.093, 103
Trd, 4319455.943, 95
Trd, 4319458.093, 100
Trd, 4319458.243, 101
Trd, 4319460.993, 104
Trd, 4319461.393, 99
Trd, 4319461.793, 97
Trd, 4319462.343, 105
Trd, 4319464.793, 110
Trd, 4319467.543, 96
Trd, 4319468.393, 95
Trd, 4319468.493, 105
Trd, 4319469.343, 106
Trd, 4319470.743, 95
Trd, 4319473.243, 100
Trd, 4319474.343, 100
Trd, 4319474.593, 101
Trd, 4319475.593, 113
Trd, 4319475.993, 100
Trd, 4319476.243, 115
Trd, 4319478.443, 97
Trd, 4319481.093, 97
Trd, 4319481.193, 100
Trd, 4319481.393, 110
Trd, 4319483.243, 93
Trd, 4319484.243, 95
Trd, 4319485.743, 103
Trd, 4319488.143, 97
Trd, 4319489.993, 97
Trd, 4319490.543, 100
Trd, 4319491.043, 111
Trd, 4319492.743, 97
Trd, 4319493.793, 100
Trd, 4319493.993, 94
Trd, 4319496.943, 94
Trd, 4319499.443, 99
Trd, 4319499.793, 98
Trd, 4319500.393, 104
Trd, 4319500.693, 99
Trd, 4319501.693, 96
Trd, 4319503.043, 135
Trd, 4319504.143, 111
Trd, 4319504.443, 92
Trd, 4319505.043, 104
Trd, 4319507.943, 96
Trd, 4319509.243, 109
Trd, 4319510.943, 109
Trd, 4319511.593, 96
Trd, 4319512.793, 105
Trd, 4319513.393, 97
Trd, 4319514.843, 93
Trd, 4319515.343, 105
Trd, 4319517.243, 89
Trd, 4319518.643, 98
Trd, 4319519.143, 90
Trd, 4319519.993, 97
Trd, 4319522.943, 103
Trd, 4319523.393, 102
Trd, 4319523.743, 103
Trd, 4319524.793, 102
Trd, 4319526.643, 95
Trd, 4319527.493, 104
Trd, 4319528.293, 95
Trd, 4319531.243, 99
Trd, 4319531.593, 100
Trd, 4319532.343, 105
Trd, 4319533.143, 115
Trd, 4319533.343, 95
Trd, 4319535.143, 89
Trd, 4319536.593, 110
Trd, 4319537.193, 112
Trd, 4319541.043, 99
Trd, 4319541.293, 99
Trd, 4319541.543, 98
Trd, 4319541.793, 95
Trd, 4319543.143, 90
Trd, 4319544.343, 102
Trd, 4319545.643, 103
Trd, 4319546.893, 103
Trd, 4319549.143, 104
Trd, 4319549.443, 113
Trd, 4319551.043, 104
Trd, 4319552.093, 96
Trd, 4319555.643, 103
Trd, 4319555.943, 96
Trd, 4319556.893, 99
Trd, 4319557.443, 101
Trd, 4319558.843, 97
Trd, 4319559.693, 94
Trd, 4319561.293, 102
Trd, 4319561.843, 102
Trd, 4319562.393, 96
Trd, 4319563.993, 97
Trd, 4319565.593, 97
Trd, 4319565.993, 94
Trd, 4319567.693, 108
Trd, 4319569.343, 113
Trd, 4319569.843, 88
Trd, 4319571.543, 88
Trd, 4319574.843, 96
Trd, 4319577.043, 91
Trd, 4319577.193, 92
Trd, 4319578.643, 91
Trd, 4319579.593, 95
Trd, 4319579.893, 92
Trd, 4319582.643, 86
Trd, 4319583.043, 87
Trd, 4319584.543, 104
Trd, 4319585.993, 99
Trd, 4319586.743, 99
Trd, 4319588.143, 104
Trd, 4319589.243, 94
Trd, 4319589.993, 86
Trd, 4319590.743, 94
Trd, 4319591.543, 94
Trd, 4319592.893, 95
Trd, 4319595.043, 91
Trd, 4319595.893, 107
Trd, 4319596.093, 111
Trd, 4319596.143, 89
Trd, 4319597.343, 134
Trd, 4319598.093, 95
Trd, 4319600.193, 104
Trd, 4319600.693, 77
Trd, 4319602.193, 108
Trd, 4319602.643, 116
Trd, 4319604.643, 95
Trd, 4319604.843, 103
Trd, 4319605.193, 93
Trd, 4319606.643, 104
Trd, 4319607.293, 101
Trd, 4319607.343, 102
Trd, 4319610.243, 112
Trd, 4319611.743, 116
Trd, 4319613.193, 104
Trd, 4319614.293, 96
Trd, 4319615.643, 98
Trd, 4319616.543, 97
Trd, 4319617.093, 104
Trd, 4319617.893, 110
Trd, 4319620.043, 95
Trd, 4319620.493, 86
Trd, 4319620.993, 101
Trd, 4319621.493, 104
Trd, 4319622.943, 103
Trd, 4319625.043, 98
Trd, 4319627.093, 102
Trd, 4319627.593, 104
Trd, 4319627.993, 119
Trd, 4319628.893, 97
Trd, 4319629.843, 121
Trd, 4319631.443, 133
Trd, 4319632.143, 106
Trd, 4319634.693, 100
Trd, 4319635.993, 101
Trd, 4319636.493, 107
Trd, 4319637.243, 108
Trd, 4319639.093, 96
Trd, 4319641.443, 96
Trd, 4319641.743, 99
Trd, 4319642.293, 98
Trd, 4319643.443, 104
Trd, 4319644.493, 100
Trd, 4319645.743, 96
Trd, 4319648.143, 97
Trd, 4319648.243, 97
Trd, 4319648.993, 99
Trd, 4319650.143, 95
Trd, 4319650.343, 88
Trd, 4319652.743, 100
Trd, 4319653.593, 99
Trd, 4319655.893, 104
Trd, 4319656.093, 98
Trd, 4319656.943, 95
Trd, 4319657.993, 113
Trd, 4319659.643, 100
Trd, 4319659.943, 100
Trd, 4319660.443, 101
Trd, 4319662.693, 101
Trd, 4319662.893, 106
Trd, 4319663.993, 96
Trd, 4319664.743, 105
Trd, 4319664.943, 106
Trd, 4319666.043, 95
Trd, 4319666.793, 91
Trd, 4319670.443, 100
Trd, 4319670.793, 91
Trd, 4319671.793, 87
Trd, 4319671.993, 99
Trd, 4319673.943, 94
Trd, 4319674.893, 94
Trd, 4319675.993, 96
Trd, 4319676.643, 101
Trd, 4319677.393, 70
Trd, 4319678.543, 98
Trd, 4319680.243, 97
Trd, 4319681.793, 108
Trd, 4319682.843, 81
Trd, 4319683.993, 102
Trd, 4319684.793, 95
Trd, 4319686.943, 100
Trd, 4319687.143, 98
Trd, 4319688.593, 101
Trd, 4319690.093, 101
Trd, 4319691.243, 94
Trd, 4319691.543, 95
Trd, 4319692.643, 95
Trd, 4319694.843, 90
Trd, 4319696.093, 96
Trd, 4319697.143, 95
Trd, 4319699.393, 99
Trd, 4319699.793, 100
Trd, 4319700.743, 103
Trd, 4319703.493, 96
Trd, 4319703.593, 110
Trd, 4319703.793, 95
Trd, 4319705.093, 110
Trd, 4319705.693, 95
Trd, 4319707.743, 99
Trd, 4319708.893, 94
Trd, 4319709.343, 95
Trd, 4319709.843, 94
Trd, 4319711.743, 106
Trd, 4319713.743, 96
Trd, 4319713.993, 95
Trd, 4319714.343, 104
Trd, 4319715.193, 104
Trd, 4319717.593, 105
Trd, 4319720.693, 98
Trd, 4319721.243, 109
Trd, 4319722.093, 93
Trd, 4319723.693, 103
Trd, 4319723.893, 97
Trd, 4319724.043, 96
Trd, 4319725.793, 97
Trd, 4319727.093, 95
Trd, 4319727.743, 96
Trd, 4319731.243, 102
Trd, 4319732.143, 101
Trd, 4319733.293, 95
Trd, 4319733.743, 96
Trd, 4319734.743, 97
Trd, 4319734.893, 89
Trd, 4319737.043, 95
Trd, 4319737.243, 86
Trd, 4319740.343, 101
Trd, 4319740.443, 102
Trd, 4319741.143, 101
Trd, 4319741.643, 122
Trd, 4319742.693, 112
Trd, 4319744.443, 99
Trd, 4319746.043, 96
Trd, 4319747.793, 122
Trd, 4319750.093, 109
Trd, 4319750.293, 110
Trd, 4319750.643, 108
Trd, 4319751.243, 104
Trd, 4319752.093, 106
Trd, 4319754.843, 101
Trd, 4319756.543, 99
Trd, 4319756.993, 97
Trd, 4319758.843, 86
Trd, 4319759.643, 68
Trd, 4319759.893, 95
Trd, 4319760.243, 96
Trd, 4319762.643, 97
Trd, 4319762.943, 95
Trd, 4319764.293, 100
Trd, 4319765.943, 107
Trd, 4319767.243, 102
Trd, 4319768.193, 104
Trd, 4319769.143, 106
Trd, 4319772.693, 101
Trd, 4319773.143, 101
Trd, 4319773.943, 105
Trd, 4319774.343, 100
Trd, 4319774.643, 98
Trd, 4319777.593, 114
Trd, 4319779.493, 98
Trd, 4319779.843, 97
Trd, 4319780.343, 99
Trd, 4319781.743, 105
Trd, 4319783.793, 98
Trd, 4319784.493, 108
Trd, 4319785.843, 88
Trd, 4319786.893, 93
Trd, 4319789.443, 92
Trd, 4319790.443, 94
Trd, 4319791.843, 93
Trd, 4319791.943, 92
Trd, 4319792.143, 95
Trd, 4319792.793, 107
Trd, 4319793.843, 121
Trd, 4319795.043, 65
Trd, 4319795.943, 91
Trd, 4319796.443, 119
Trd, 4319797.493, 71
Trd, 4319798.243, 112
Trd, 4319799.593, 105
Trd, 4319802.143, 104
Trd, 4319803.793, 106
Trd, 4319805.893, 100
Trd, 4319806.693, 95
Trd, 4319806.943, 97
Trd, 4319808.093, 97
Trd, 4319808.693, 104
Trd, 4319809.193, 86
Trd, 4319812.593, 91
Trd, 4319813.593, 93
Trd, 4319813.793, 88
Trd, 4319814.093, 80
Trd, 4319814.393, 94
Trd, 4319816.193, 87
Trd, 4319819.243, 103
Trd, 4319820.543, 104
Trd, 4319821.643, 98
Trd, 4319822.193, 95
Trd, 4319822.743, 96
Trd, 4319824.093, 98
Trd, 4319825.593, 122
Trd, 4319826.693, 86
Trd, 4319829.393, 100
Trd, 4319829.593, 102
Trd, 4319830.293, 94
Trd, 4319831.343, 118
Trd, 4319831.643, 138
Trd, 4319832.943, 93
Trd, 4319833.193, 92
Trd, 4319834.043, 108
Trd, 4319836.493, 121
Trd, 4319837.643, 109
Trd, 4319840.743, 103
Trd, 4319841.543, 105
Trd, 4319841.693, 104
Trd, 4319841.843, 108
Trd, 4319842.693, 94
Trd, 4319844.093, 86
Trd, 4319844.793, 108
Trd, 4319844.943, 110
Trd, 4319848.243, 95
Trd, 4319848.543, 95
Trd, 4319849.993, 91
Trd, 4319850.193, 92
Trd, 4319850.593, 96
Trd, 4319852.943, 97
Trd, 4319855.043, 117
Trd, 4319856.143, 95
Trd, 4319857.143, 115
Trd, 4319860.643, 83
Trd, 4319861.193, 95
Trd, 4319862.843, 86
Trd, 4319862.993, 81
Trd, 4319864.643, 89
Trd, 4319865.043, 94
Trd, 4319865.593, 106
Trd, 4319865.743, 110
Trd, 4319867.743, 121
Trd, 4319870.993, 109
Trd, 4319871.743, 94
Trd, 4319872.193, 88
Trd, 4319872.543, 86
Trd, 4319874.793, 89
Trd, 4319876.093, 89
Trd, 4319876.593, 95
Trd, 4319878.093, 89
Trd, 4319879.643, 101
Trd, 4319880.693, 100
Trd, 4319882.393, 94
Trd, 4319883.193, 90
Trd, 4319884.143, 93
Trd, 4319885.343, 91
Trd, 4319885.493, 94
Trd, 4319886.443, 103
Trd, 4319887.393, 94
Trd, 4319892.393, 100
Trd, 4319892.743, 103
Trd, 4319893.843, 97
Trd, 4319894.393, 95
Trd, 4319895.243, 92
Trd, 4319895.643, 90
Trd, 4319898.493, 88
Trd, 4319899.693, 92
Trd, 4319900.743, 90
Trd, 4319901.493, 95
Trd, 4319901.593, 87
Trd, 4319904.943, 98
Trd, 4319905.443, 100
Trd, 4319905.643, 97
Trd, 4319907.393, 94
Trd, 4319907.443, 105
Trd, 4319909.293, 102
Trd, 4319909.643, 87
Trd, 4319909.943, 101
Trd, 4319910.443, 94
Trd, 4319911.143, 99
Trd, 4319911.393, 119
Trd, 4319915.393, 105
Trd, 4319915.593, 106
Trd, 4319917.693, 99
Trd, 4319919.543, 95
Trd, 4319920.643, 86
Trd, 4319922.943, 82
Trd, 4319923.243, 94
Trd, 4319924.343, 94
Trd, 4319927.593, 89
Trd, 4319927.743, 81
Trd, 4319929.893, 87
Trd, 4319930.043, 87
Trd, 4319930.493, 95
Trd, 4319931.043, 84
Trd, 4319932.693, 101
Trd, 4319934.393, 104
Trd, 4319935.343, 117
Trd, 4319935.793, 99
Trd, 4319938.043, 122
Trd, 4319938.593, 119
Trd, 4319940.893, 108
Trd, 4319941.893, 105
Trd, 4319942.243, 97
Trd, 4319942.593, 109
Trd, 4319943.943, 94
Trd, 4319947.193, 105
Trd, 4319947.993, 112
Trd, 4319950.243, 96
Trd, 4319950.493, 97
Trd, 4319951.693, 107
Trd, 4319953.443, 105
Trd, 4319956.543, 98
Trd, 4319957.443, 102
Trd, 4319958.143, 99
Trd, 4319958.993, 102
Trd, 4319960.043, 116
Trd, 4319960.643, 102
Trd, 4319961.093, 104
Trd, 4319961.543, 114
Trd, 4319964.093, 104
Trd, 4319964.893, 94
Trd, 4319966.743, 111
Trd, 4319967.643, 101
Trd, 4319967.743, 114
Trd, 4319967.893, 86
Trd, 4319970.893, 126
Trd, 4319974.093, 99
Trd, 4319974.793, 99
Trd, 4319975.743, 100
Trd, 4319975.993, 94
Trd, 4319976.443, 94
Trd, 4319977.493, 69
Trd, 4319979.393, 92
Trd, 4319980.543, 95
Trd, 4319981.093, 112
Trd, 4319982.343, 108
Trd, 4319983.893, 97
Trd, 4319984.693, 86
Trd, 4319986.143, 95
Trd, 4319987.293, 96
Trd, 4319990.043, 88
Trd, 4319990.243, 94
Trd, 4319991.043, 95
Trd, 4319993.593, 117
Trd, 4319994.843, 82
Trd, 4319995.993, 100
Trd, 4319996.993, 95
Trd, 4319998.093, 95
Trd, 4319998.143, 96
Trd, 4319998.193, 86
