Trd, 4317885.393, 112
Trd, 4317887.093, 116
Trd, 4317887.693, 87
Trd, 4317889.343, 104
Trd, 4317891.843, 104
Trd, 4317891.993, 98
Trd, 4317893.143, 86
Trd, 4317894.593, 95
Trd, 4317894.643, 104
Trd, 4317897.543, 124
Trd, 4317897.893, 122
Trd, 4317898.743, 122
Trd, 4317899.193, 104
Trd, 4317900.543, 94
Trd, 4317903.043, 105
Trd, 4317904.693, 98
Trd, 4317905.093, 98
Trd, 4317905.293, 101
Trd, 4317906.593, 99
Trd, 4317909.793, 103
Trd, 4317910.743, 102
Trd, 4317911.143, 113
Trd, 4317913.643, 102
Trd, 4317914.793, 100
Trd, 4317915.143, 96
Trd, 4317915.993, 100
Trd, 4317918.343, 104
Trd, 4317919.643, 101
Trd, 4317919.793, 102
Trd, 4317921.293, 99
Trd, 4317921.543, 103
Trd, 4317922.143, 95
Trd, 4317923.693, 102
Trd, 4317923.943, 99
Trd, 4317924.043, 114
Trd, 4317925.443, 103
Trd, 4317926.393, 90
Trd, 4317926.593, 100
Trd, 4317927.093, 98
Trd, 4317930.193, 85
Trd, 4317931.743, 106
Trd, 4317933.543, 104
Trd, 4317933.693, 103
Trd, 4317935.993, 104
Trd, 4317938.093, 95
Trd, 4317939.293, 96
Trd, 4317941.393, 95
Trd, 4317942.843, 97
Trd, 4317944.593, 104
Trd, 4317946.493, 95
Trd, 4317947.243, 118
Trd, 4317948.293, 104
Trd, 4317948.993, 91
Trd, 4317951.043, 111
Trd, 4317951.543, 111
Trd, 4317951.693, 102
Trd, 4317952.493, 85
Trd, 4317954.993, 120
Trd, 4317956.593, 89
Trd, 4317957.143, 84
Trd, 4317957.443, 96
Trd, 4317959.093, 100
Trd, 4317960.043, 103
Trd, 4317961.943, 116
Trd, 4317962.943, 115
Trd, 4317963.393, 125
Trd, 4317965.993, 101
Trd, 4317966.293, 98
Trd, 4317966.543, 99
Trd, 4317968.343, 123
Trd, 4317970.643, 100
Trd, 4317973.743, 102
Trd, 4317975.393, 101
Trd, 4317975.793, 116
Trd, 4317977.143, 101
Trd, 4317977.493, 102
Trd, 4317977.543, 104
Trd, 4317979.743, 101
Trd, 4317981.293, 102
Trd, 4317981.443, 100
Trd, 4317981.593, 104
Trd, 4317982.193, 86
Trd, 4317983.593, 102
Trd, 4317985.393, 101
Trd, 4317987.243, 99
Trd, 4317987.643, 95
Trd, 4317988.243, 104
Trd, 4317988.393, 118
Trd, 4317991.693, 96
Trd, 4317992.643, 86
Trd, 4317992.993, 96
Trd, 4317993.643, 85
Trd, 4317995.293, 98
Trd, 4317996.193, 97
Trd, 4317997.993, 95
Trd, 4317998.443, 84
Trd, 4317999.043, 100
Trd, 4318000.593, 99
Trd, 4318001.843, 99
Trd, 4318001.893, 86
Trd, 4318002.493, 104
Trd, 4318003.393, 106
Trd, 4318004.893, 102
Trd, 4318006.893, 100
Trd, 4318009.243, 107
Trd, 4318009.643, 100
Trd, 4318011.693, 96
Trd, 4318012.493, 98
Trd, 4318015.543, 96
Trd, 4318015.593, 93
Trd, 4318018.443, 111
Trd, 4318019.093, 102
Trd, 4318021.293, 121
Trd, 4318022.343, 96
Trd, 4318025.493, 109
Trd, 4318025.543, 95
Trd, 4318025.943, 96
Trd, 4318027.693, 106
Trd, 4318028.793, 107
Trd, 4318031.393, 121
Trd, 4318032.143, 89
Trd, 4318033.143, 95
Trd, 4318034.093, 95
Trd, 4318035.093, 85
Trd, 4318036.943, 99
Trd, 4318038.443, 99
Trd, 4318038.693, 101
Trd, 4318039.493, 99
Trd, 4318040.243, 95
Trd, 4318043.443, 105
Trd, 4318043.543, 110
Trd, 4318044.593, 101
Trd, 4318046.043, 103
Trd, 4318048.093, 114
Trd, 4318049.693, 110
Trd, 4318050.393, 109
Trd, 4318052.043, 99
Trd, 4318052.343, 98
Trd, 4318053.243, 95
Trd, 4318055.443, 85
Trd, 4318055.843, 96
Trd, 4318056.293, 97
Trd, 4318058.243, 97
Trd, 4318058.993, 112
Trd, 4318061.043, 88
Trd, 4318061.243, 104
Trd, 4318063.943, 93
Trd, 4318065.093, 83
Trd, 4318067.193, 97
Trd, 4318067.393, 98
Trd, 4318070.143, 110
Trd, 4318070.643, 99
Trd, 4318072.393, 98
Trd, 4318072.543, 110
Trd, 4318073.543, 110
Trd, 4318074.193, 84
Trd, 4318074.893, 122
Trd, 4318078.643, 93
Trd, 4318079.893, 95
Trd, 4318080.693, 94
Trd, 4318080.793, 95
Trd, 4318082.543, 110
Trd, 4318085.093, 97
Trd, 4318086.493, 104
Trd, 4318086.843, 104
Trd, 4318087.343, 118
Trd, 4318088.143, 94
Trd, 4318089.193, 83
Trd, 4318089.443, 122
Trd, 4318090.043, 124
Trd, 4318090.143, 78
Trd, 4318094.593, 86
Trd, 4318095.193, 98
Trd, 4318096.293, 86
Trd, 4318096.593, 96
Trd, 4318099.443, 93
Trd, 4318099.793, 104
Trd, 4318102.243, 86
Trd, 4318102.793, 91
Trd, 4318103.043, 95
Trd, 4318105.043, 111
Trd, 4318106.543, 101
Trd, 4318106.993, 111
Trd, 4318107.643, 95
Trd, 4318108.143, 94
Trd, 4318110.343, 91
Trd, 4318111.543, 102
Trd, 4318111.993, 112
Trd, 4318114.093, 114
Trd, 4318116.593, 100
Trd, 4318116.993, 100
Trd, 4318120.643, 106
Trd, 4318121.493, 95
Trd, 4318121.543, 100
Trd, 4318122.443, 98
Trd, 4318124.593, 98
Trd, 4318126.443, 98
Trd, 4318127.543, 112
Trd, 4318128.543, 121
Trd, 4318129.593, 117
Trd, 4318129.893, 95
Trd, 4318130.493, 91
Trd, 4318133.443, 93
Trd, 4318134.293, 92
Trd, 4318135.043, 98
Trd, 4318136.593, 102
Trd, 4318138.743, 94
Trd, 4318139.543, 95
Trd, 4318140.243, 92
Trd, 4318141.843, 104
Trd, 4318144.643, 104
Trd, 4318144.893, 111
Trd, 4318145.593, 113
Trd, 4318148.393, 102
Trd, 4318148.943, 104
Trd, 4318149.493, 102
Trd, 4318151.993, 95
Trd, 4318152.593, 86
Trd, 4318153.893, 85
Trd, 4318154.843, 89
Trd, 4318155.593, 90
Trd, 4318156.193, 86
Trd, 4318158.243, 92
Trd, 4318158.743, 92
Trd, 4318159.093, 101
Trd, 4318160.343, 104
Trd, 4318162.293, 92
Trd, 4318163.043, 122
Trd, 4318163.993, 84
Trd, 4318164.893, 93
Trd, 4318165.493, 94
Trd, 4318166.793, 87
Trd, 4318170.393, 94
Trd, 4318171.793, 101
Trd, 4318171.993, 99
Trd, 4318172.043, 95
Trd, 4318172.143, 104
Trd, 4318176.643, 91
Trd, 4318177.293, 107
Trd, 4318180.043, 122
Trd, 4318181.743, 121
Trd, 4318182.493, 116
Trd, 4318182.793, 105
Trd, 4318183.193, 100
Trd, 4318184.643, 99
Trd, 4318186.293, 95
Trd, 4318186.693, 112
Trd, 4318188.343, 95
Trd, 4318188.743, 96
Trd, 4318188.893, 92
Trd, 4318190.243, 84
Trd, 4318192.743, 112
Trd, 4318193.393, 97
Trd, 4318193.593, 94
Trd, 4318195.243, 102
Trd, 4318196.993, 95
Trd, 4318198.393, 86
Trd, 4318199.593, 99
Trd, 4318200.243, 86
Trd, 4318200.743, 101
Trd, 4318202.443, 115
Trd, 4318203.893, 99
Trd, 4318205.643, 82
Trd, 4318207.743, 95
Trd, 4318208.443, 95
Trd, 4318209.793, 94
Trd, 4318209.993, 103
Trd, 4318211.943, 92
Trd, 4318212.593, 87
Trd, 4318212.793, 94
Trd, 4318214.893, 101
Trd, 4318216.893, 101
Trd, 4318217.493, 111
Trd, 4318218.043, 121
Trd, 4318219.893, 88
Trd, 4318222.143, 98
Trd, 4318224.293, 108
Trd, 4318224.393, 112
Trd, 4318225.993, 98
Trd, 4318228.193, 107
Trd, 4318228.293, 100
Trd, 4318229.843, 102
Trd, 4318230.593, 96
Trd, 4318231.543, 105
Trd, 4318233.343, 104
Trd, 4318235.343, 104
Trd, 4318236.593, 95
Trd, 4318237.093, 95
Trd, 4318237.343, 124
Trd, 4318239.743, 101
Trd, 4318241.893, 103
Trd, 4318242.143, 101
Trd, 4318242.643, 103
Trd, 4318243.893, 103
Trd, 4318244.443, 116
Trd, 4318244.793, 82
Trd, 4318248.493, 96
Trd, 4318249.393, 89
Trd, 4318249.643, 101
Trd, 4318251.693, 94
Trd, 4318254.043, 98
Trd, 4318254.743, 88
Trd, 4318255.293, 87
Trd, 4318256.293, 86
Trd, 4318256.993, 88
Trd, 4318257.993, 106
Trd, 4318259.093, 122
Trd, 4318259.793, 106
Trd, 4318259.893, 104
Trd, 4318263.143, 105
Trd, 4318264.343, 86
Trd, 4318265.543, 102
Trd, 4318267.593, 77
Trd, 4318270.193, 106
Trd, 4318271.043, 107
Trd, 4318271.243, 101
Trd, 4318272.193, 86
Trd, 4318275.643, 97
Trd, 4318277.193, 95
Trd, 4318278.143, 137
Trd, 4318278.443, 122
Trd, 4318279.143, 104
Trd, 4318282.593, 113
Trd, 4318282.743, 99
Trd, 4318284.293, 100
Trd, 4318284.793, 104
Trd, 4318285.993, 95
Trd, 4318289.293, 109
Trd, 4318289.493, 99
Trd, 4318292.293, 113
Trd, 4318292.643, 89
Trd, 4318293.993, 93
Trd, 4318296.293, 98
Trd, 4318296.793, 94
Trd, 4318296.943, 100
Trd, 4318300.993, 101
Trd, 4318301.493, 109
Trd, 4318302.693, 103
Trd, 4318302.943, 106
Trd, 4318303.593, 100
Trd, 4318303.643, 101
Trd, 4318307.593, 105
Trd, 4318307.743, 104
Trd, 4318308.793, 102
Trd, 4318309.543, 100
Trd, 4318310.593, 100
Trd, 4318311.493, 103
Trd, 4318313.343, 95
Trd, 4318316.243, 89
Trd, 4318317.643, 90
Trd, 4318317.943, 91
Trd, 4318321.293, 86
Trd, 4318321.643, 100
Trd, 4318325.843, 89
Trd, 4318326.593, 97
Trd, 4318326.793, 98
Trd, 4318327.393, 100
Trd, 4318329.693, 114
Trd, 4318329.893, 89
Trd, 4318332.293, 112
Trd, 4318332.893, 95
Trd, 4318333.443, 117
Trd, 4318336.193, 101
Trd, 4318336.443, 98
Trd, 4318336.793, 114
Trd, 4318338.543, 109
Trd, 4318340.193, 102
Trd, 4318340.793, 101
Trd, 4318341.843, 86
Trd, 4318343.043, 99
Trd, 4318344.593, 104
Trd, 4318345.943, 96
Trd, 4318348.393, 96
Trd, 4318351.993, 104
Trd, 4318352.143, 105
Trd, 4318352.343, 101
Trd, 4318354.193, 104
Trd, 4318354.393, 100
Trd, 4318355.293, 103
Trd, 4318358.093, 97
Trd, 4318358.393, 87
Trd, 4318359.643, 102
Trd, 4318362.093, 95
Trd, 4318363.343, 96
Trd, 4318364.093, 127
Trd, 4318366.543, 99
Trd, 4318367.943, 104
Trd, 4318368.493, 89
Trd, 4318371.193, 99
Trd, 4318371.443, 100
Trd, 4318371.993, 88
Trd, 4318372.293, 94
Trd, 4318373.493, 95
Trd, 4318374.743, 128
Trd, 4318376.293, 117
Trd, 4318376.693, 96
Trd, 4318377.443, 86
Trd, 4318379.243, 110
Trd, 4318381.393, 105
Trd, 4318381.443, 109
Trd, 4318382.193, 103
Trd, 4318383.993, 111
Trd, 4318385.593, 98
Trd, 4318388.843, 90
Trd, 4318389.043, 88
Trd, 4318389.693, 103
Trd, 4318391.593, 103
Trd, 4318393.943, 86
Trd, 4318394.593, 100
Trd, 4318395.843, 89
Trd, 4318396.043, 90
Trd, 4318396.193, 113
Trd, 4318396.343, 121
Trd, 4318399.243, 96
Trd, 4318400.493, 92
Trd, 4318402.443, 114
Trd, 4318402.493, 86
Trd, 4318402.793, 116
Trd, 4318406.243, 117
Trd, 4318406.443, 104
Trd, 4318409.443, 108
Trd, 4318411.043, 101
Trd, 4318413.493, 103
Trd, 4318414.193, 100
Trd, 4318414.493, 104
Trd, 4318414.543, 86
Trd, 4318416.593, 92
Trd, 4318419.293, 95
Trd, 4318420.493, 104
Trd, 4318420.693, 104
Trd, 4318422.343, 103
Trd, 4318422.743, 102
Trd, 4318423.743, 100
Trd, 4318424.543, 91
Trd, 4318426.893, 94
Trd, 4318427.043, 103
Trd, 4318430.093, 102
Trd, 4318432.293, 111
Trd, 4318432.543, 96
Trd, 4318433.043, 110
Trd, 4318435.693, 92
Trd, 4318436.643, 98
Trd, 4318437.293, 104
Trd, 4318437.993, 86
Trd, 4318440.193, 99
Trd, 4318440.993, 100
Trd, 4318442.493, 104
Trd, 4318442.893, 92
Trd, 4318444.693, 99
Trd, 4318447.493, 125
Trd, 4318448.043, 94
Trd, 4318448.143, 95
Trd, 4318449.243, 104
Trd, 4318451.343, 88
Trd, 4318454.093, 96
Trd, 4318454.843, 96
Trd, 4318455.043, 97
Trd, 4318456.793, 101
Trd, 4318457.043, 86
Trd, 4318457.243, 86
Trd, 4318459.743, 117
Trd, 4318460.743, 114
Trd, 4318461.643, 93
Trd, 4318464.043, 113
Trd, 4318465.343, 113
Trd, 4318465.843, 95
Trd, 4318469.293, 106
Trd, 4318469.843, 122
Trd, 4318470.893, 109
Trd, 4318471.193, 106
Trd, 4318471.393, 98
Trd, 4318471.943, 121
Trd, 4318475.293, 103
Trd, 4318475.893, 117
Trd, 4318476.593, 116
Trd, 4318478.543, 117
Trd, 4318480.643, 104
Trd, 4318482.693, 96
Trd, 4318482.893, 111
Trd, 4318483.843, 113
Trd, 4318485.843, 91
Trd, 4318486.693, 99
Trd, 4318486.943, 86
Trd, 4318489.393, 98
Trd, 4318489.743, 109
Trd, 4318490.193, 96
Trd, 4318490.293, 111
Trd, 4318491.843, 86
Trd, 4318493.693, 108
Trd, 4318495.993, 95
Trd, 4318496.743, 103
Trd, 4318498.643, 101
Trd, 4318498.993, 101
Trd, 4318499.493, 98
Trd, 4318500.943, 100
Trd, 4318504.593, 110
Trd, 4318505.843, 102
Trd, 4318506.793, 95
Trd, 4318507.943, 102
Trd, 4318508.243, 100
Trd, 4318509.843, 103
Trd, 4318510.743, 110
Trd, 4318513.143, 104
Trd, 4318514.143, 104
Trd, 4318514.843, 99
Trd, 4318515.143, 100
Trd, 4318516.293, 104
Trd, 4318519.343, 99
Trd, 4318520.043, 100
Trd, 4318520.093, 95
Trd, 4318520.193, 104
Trd, 4318522.193, 96
Trd, 4318523.393, 113
Trd, 4318525.543, 103
Trd, 4318525.793, 101
Trd, 4318527.693, 96
Trd, 4318528.893, 98
Trd, 4318531.293, 93
Trd, 4318532.043, 97
Trd, 4318533.193, 100
Trd, 4318533.893, 89
Trd, 4318534.243, 104
Trd, 4318535.943, 96
Trd, 4318537.693, 96
Trd, 4318539.343, 113
Trd, 4318539.793, 87
Trd, 4318542.643, 95
Trd, 4318544.043, 95
Trd, 4318544.693, 90
Trd, 4318545.093, 95
Trd, 4318547.443, 104
Trd, 4318548.493, 96
Trd, 4318549.543, 96
Trd, 4318551.993, 95
Trd, 4318552.643, 93
Trd, 4318553.393, 103
Trd, 4318553.943, 86
Trd, 4318554.793, 112
Trd, 4318555.643, 121
Trd, 4318559.043, 90
Trd, 4318559.093, 94
Trd, 4318559.793, 100
Trd, 4318562.743, 93
Trd, 4318562.943, 116
Trd, 4318563.693, 122
Trd, 4318565.293, 94
Trd, 4318565.743, 95
Trd, 4318570.993, 94
Trd, 4318571.493, 93
Trd, 4318572.043, 94
Trd, 4318572.943, 94
Trd, 4318573.443, 95
Trd, 4318574.843, 103
Trd, 4318575.193, 86
Trd, 4318577.343, 105
Trd, 4318579.293, 108
Trd, 4318579.693, 101
Trd, 4318582.243, 99
Trd, 4318582.843, 115
Trd, 4318585.343, 105
Trd, 4318585.743, 105
Trd, 4318585.893, 85
Trd, 4318588.093, 93
Trd, 4318589.193, 94
Trd, 4318589.743, 89
Trd, 4318592.543, 91
Trd, 4318592.843, 94
Trd, 4318594.093, 86
Trd, 4318594.243, 103
Trd, 4318595.443, 100
Trd, 4318597.343, 100
Trd, 4318599.193, 110
Trd, 4318599.593, 89
Trd, 4318601.293, 95
Trd, 4318602.343, 102
Trd, 4318605.793, 96
Trd, 4318606.593, 95
Trd, 4318608.043, 92
Trd, 4318608.143, 102
Trd, 4318608.493, 116
Trd, 4318609.993, 122
Trd, 4318611.593, 99
Trd, 4318614.693, 104
Trd, 4318615.193, 98
Trd, 4318615.243, 113
Trd, 4318616.643, 90
Trd, 4318619.493, 96
Trd, 4318619.543, 97
Trd, 4318620.143, 98
Trd, 4318620.993, 99
Trd, 4318621.643, 94
Trd, 4318626.043, 101
Trd, 4318627.743, 97
Trd, 4318628.593, 103
Trd, 4318628.893, 103
Trd, 4318629.943, 122
Trd, 4318630.193, 123
Trd, 4318630.393, 121
Trd, 4318631.143, 110
Trd, 4318632.443, 102
Trd, 4318634.843, 103
Trd, 4318637.143, 103
Trd, 4318638.143, 119
Trd, 4318639.593, 96
Trd, 4318641.293, 88
Trd, 4318642.893, 96
Trd, 4318643.543, 109
Trd, 4318643.643, 112
Trd, 4318648.443, 107
Trd, 4318649.793, 105
Trd, 4318650.643, 97
Trd, 4318651.093, 95
Trd, 4318652.743, 88
Trd, 4318653.993, 108
Trd, 4318655.843, 99
Trd, 4318657.643, 99
Trd, 4318659.093, 101
Trd, 4318659.293, 104
Trd, 4318659.393, 100
Trd, 4318659.943, 121
Trd, 4318662.993, 91
Trd, 4318664.443, 93
Trd, 4318664.493, 95
Trd, 4318666.893, 103
Trd, 4318668.793, 99
Trd, 4318669.543, 91
Trd, 4318669.693, 98
Trd, 4318672.243, 97
Trd, 4318672.643, 101
Trd, 4318672.943, 89
Trd, 4318676.193, 80
Trd, 4318676.693, 86
Trd, 4318680.593, 94
Trd, 4318680.743, 89
Trd, 4318682.143, 94
Trd, 4318683.443, 97
Trd, 4318685.143, 86
Trd, 4318685.543, 109
Trd, 4318685.743, 111
Trd, 4318686.593, 83
Trd, 4318690.443, 95
Trd, 4318692.393, 92
Trd, 4318694.393, 104
Trd, 4318698.043, 100
Trd, 4318698.243, 104
Trd, 4318701.193, 102
Trd, 4318701.793, 94
Trd, 4318703.193, 91
Trd, 4318703.543, 95
Trd, 4318703.693, 86
Trd, 4318705.893, 97
Trd, 4318706.143, 96
Trd, 4318707.793, 102
Trd, 4318709.843, 102
Trd, 4318710.743, 94
Trd, 4318712.643, 101
Trd, 4318713.493, 104
Trd, 4318715.493, 87
Trd, 4318715.743, 91
Trd, 4318717.343, 88
Trd, 4318718.743, 97
Trd, 4318719.693, 89
Trd, 4318719.843, 113
Trd, 4318721.943, 114
Trd, 4318722.343, 125
Trd, 4318724.093, 94
Trd, 4318726.043, 91
Trd, 4318728.693, 96
Trd, 4318729.643, 101
Trd, 4318731.593, 101
Trd, 4318731.693, 88
Trd, 4318733.443, 85
Trd, 4318733.793, 97
Trd, 4318733.943, 98
Trd, 4318737.243, 104
Trd, 4318737.293, 115
Trd, 4318738.093, 113
Trd, 4318739.193, 98
Trd, 4318741.693, 104
Trd, 4318742.343, 112
Trd, 4318743.643, 86
Trd, 4318746.393, 108
Trd, 4318747.393, 102
Trd, 4318748.493, 90
Trd, 4318749.893, 102
Trd, 4318750.943, 103
Trd, 4318753.343, 90
Trd, 4318753.493, 116
Trd, 4318753.993, 122
Trd, 4318754.793, 95
Trd, 4318756.793, 87
Trd, 4318759.543, 99
Trd, 4318759.843, 110
Trd, 4318760.543, 98
Trd, 4318761.593, 92
Trd, 4318763.293, 101
Trd, 4318764.393, 101
Trd, 4318764.693, 114
Trd, 4318766.543, 104
Trd, 4318766.793, 103
Trd, 4318767.893, 92
Trd, 4318768.343, 102
Trd, 4318771.443, 122
Trd, 4318773.193, 101
Trd, 4318775.593, 102
Trd, 4318775.693, 104
Trd, 4318775.843, 105
Trd, 4318776.593, 101
Trd, 4318779.543, 103
Trd, 4318780.343, 121
Trd, 4318783.743, 110
Trd, 4318786.343, 113
Trd, 4318786.543, 101
Trd, 4318787.643, 101
Trd, 4318789.193, 102
Trd, 4318790.843, 106
Trd, 4318791.693, 126
Trd, 4318793.043, 131
Trd, 4318794.593, 103
Trd, 4318795.193, 102
Trd, 4318797.093, 86
Trd, 4318797.793, 98
Trd, 4318798.793, 96
Trd, 4318799.743, 104
Trd, 4318800.593, 119
Trd, 4318800.643, 89
Trd, 4318804.243, 84
Trd, 4318804.543, 106
Trd, 4318805.293, 95
Trd, 4318806.293, 99
Trd, 4318808.243, 121
Trd, 4318809.643, 88
Trd, 4318811.643, 92
Trd, 4318812.293, 96
Trd, 4318813.093, 91
Trd, 4318813.693, 83
Trd, 4318815.143, 101
Trd, 4318817.343, 100
Trd, 4318817.543, 101
Trd, 4318818.143, 91
Trd, 4318819.043, 96
Trd, 4318819.243, 104
Trd, 4318821.293, 101
Trd, 4318822.943, 91
Trd, 4318824.043, 94
Trd, 4318827.043, 101
Trd, 4318827.493, 97
Trd, 4318827.793, 104
Trd, 4318828.343, 114
Trd, 4318829.143, 120
Trd, 4318829.693, 100
Trd, 4318833.943, 92
Trd, 4318834.843, 90
Trd, 4318836.743, 99
Trd, 4318837.393, 100
Trd, 4318837.493, 96
Trd, 4318840.793, 118
Trd, 4318841.093, 101
Trd, 4318841.443, 97
Trd, 4318843.143, 92
Trd, 4318843.893, 86
Trd, 4318844.393, 94
Trd, 4318846.043, 94
Trd, 4318848.043, 93
Trd, 4318848.143, 95
Trd, 4318850.243, 119
Trd, 4318850.843, 86
Trd, 4318852.943, 101
Trd, 4318855.793, 108
Trd, 4318856.243, 104
Trd, 4318858.093, 102
Trd, 4318860.143, 91
Trd, 4318860.993, 122
Trd, 4318861.793, 107
Trd, 4318862.193, 106
Trd, 4318862.443, 119
Trd, 4318865.843, 102
Trd, 4318865.993, 108
Trd, 4318868.743, 107
Trd, 4318869.043, 102
Trd, 4318871.193, 106
Trd, 4318873.693, 97
Trd, 4318873.893, 97
Trd, 4318874.043, 94
Trd, 4318874.843, 106
Trd, 4318875.793, 107
Trd, 4318877.943, 95
Trd, 4318877.993, 93
Trd, 4318879.143, 97
Trd, 4318879.243, 91
Trd, 4318880.493, 104
Trd, 4318881.593, 95
Trd, 4318884.143, 101
Trd, 4318884.243, 102
Trd, 4318885.843, 87
Trd, 4318886.543, 117
Trd, 4318888.943, 96
Trd, 4318889.693, 97
Trd, 4318890.693, 92
Trd, 4318893.443, 94
Trd, 4318893.643, 96
Trd, 4318895.893, 97
Trd, 4318895.993, 85
Trd, 4318898.043, 101
Trd, 4318900.793, 87
Trd, 4318901.743, 100
Trd, 4318902.543, 104
Trd, 4318903.343, 105
Trd, 4318905.793, 93
Trd, 4318906.193, 106
Trd, 4318906.693, 95
Trd, 4318907.493, 86
Trd, 4318909.093, 86
Trd, 4318912.993, 102
Trd, 4318913.793, 101
Trd, 4318914.343, 102
Trd, 4318914.893, 104
Trd, 4318915.393, 99
Trd, 4318916.493, 97
Trd, 4318916.593, 113
Trd, 4318920.493, 87
Trd, 4318920.643, 92
Trd, 4318922.293, 94
Trd, 4318922.443, 104
Trd, 4318923.693, 103
Trd, 4318925.843, 92
Trd, 4318926.943, 104
Trd, 4318927.093, 88
Trd, 4318928.093, 86
Trd, 4318928.993, 97
Trd, 4318929.893, 95
Trd, 4318930.393, 105
Trd, 4318934.243, 84
Trd, 4318934.593, 112
Trd, 4318935.843, 87
Trd, 4318936.843, 108
Trd, 4318937.143, 102
Trd, 4318939.593, 106
Trd, 4318941.893, 97
Trd, 4318941.943, 87
Trd, 4318943.043, 97
Trd, 4318943.643, 101
Trd, 4318946.693, 103
Trd, 4318948.193, 95
Trd, 4318948.743, 96
Trd, 4318949.143, 100
Trd, 4318951.193, 113
Trd, 4318954.343, 99
Trd, 4318954.393, 97
Trd, 4318955.043, 108
Trd, 4318955.643, 103
Trd, 4318957.293, 91
Trd, 4318958.293, 97
Trd, 4318961.643, 102
Trd, 4318963.243, 112
Trd, 4318965.193, 102
Trd, 4318966.243, 103
Trd, 4318966.743, 104
Trd, 4318967.293, 95
Trd, 4318967.443, 103
Trd, 4318970.193, 114
Trd, 4318973.193, 113
Trd, 4318973.793, 104
Trd, 4318973.893, 89
Trd, 4318974.893, 111
Trd, 4318976.043, 87
Trd, 4318976.993, 106
Trd, 4318977.093, 108
Trd, 4318978.343, 92
Trd, 4318979.993, 85
Trd, 4318980.493, 93
Trd, 4318981.543, 77
Trd, 4318982.243, 96
Trd, 4318982.643, 95
Trd, 4318985.243, 93
Trd, 4318985.443, 84
Trd, 4318986.493, 96
Trd, 4318988.543, 87
Trd, 4318990.243, 101
Trd, 4318992.443, 104
Trd, 4318993.843, 103
Trd, 4318994.293, 122
Trd, 4318994.793, 110
Trd, 4318995.293, 132
Trd, 4318997.193, 81
Trd, 4318999.593, 95
Trd, 4319000.843, 94
Trd, 4319000.993, 95
Trd, 4319003.243, 102
Trd, 4319003.843, 98
Trd, 4319003.943, 103
Trd, 4319005.543, 118
Trd, 4319006.043, 84
Trd, 4319007.143, 115
Trd, 4319007.193, 122
Trd, 4319011.343, 88
Trd, 4319011.743, 86
Trd, 4319013.043, 91
Trd, 4319013.343, 97
Trd, 4319013.793, 89
Trd, 4319014.543, 104
Trd, 4319016.643, 96
Trd, 4319019.543, 105
Trd, 4319020.043, 93
Trd, 4319020.143, 109
Trd, 4319021.093, 96
Trd, 4319022.043, 121
Trd, 4319023.843, 112
Trd, 4319025.743, 96
Trd, 4319026.443, 96
Trd, 4319026.693, 86
Trd, 4319029.343, 118
Trd, 4319031.193, 103
Trd, 4319031.543, 86
Trd, 4319034.093, 110
Trd, 4319035.243, 108
Trd, 4319036.193, 96
Trd, 4319037.043, 108
Trd, 4319038.943, 85
Trd, 4319039.443, 79
Trd, 4319040.243, 115
Trd, 4319040.943, 80
Trd, 4319042.943, 94
Trd, 4319044.743, 92
Trd, 4319045.543, 95
Trd, 4319045.593, 86
Trd, 4319047.293, 88
Trd, 4319047.843, 121
Trd, 4319051.943, 107
Trd, 4319052.743, 111
Trd, 4319052.893, 113
Trd, 4319056.443, 109
Trd, 4319057.393, 108
Trd, 4319057.693, 106
Trd, 4319058.693, 97
Trd, 4319059.743, 115
Trd, 4319059.843, 116
Trd, 4319060.893, 94
Trd, 4319062.593, 78
Trd, 4319065.043, 91
Trd, 4319065.193, 93
Trd, 4319066.193, 104
Trd, 4319067.243, 98
Trd, 4319068.443, 88
Trd, 4319070.143, 91
Trd, 4319070.193, 121
Trd, 4319073.393, 95
Trd, 4319075.493, 104
Trd, 4319075.943, 93
Trd, 4319078.043, 88
Trd, 4319078.693, 115
Trd, 4319080.043, 101
Trd, 4319080.643, 89
Trd, 4319084.143, 95
Trd, 4319085.393, 94
Trd, 4319086.743, 97
Trd, 4319087.693, 96
Trd, 4319088.393, 89
Trd, 4319092.293, 107
Trd, 4319092.893, 107
Trd, 4319093.543, 102
Trd, 4319093.993, 114
Trd, 4319096.743, 105
Trd, 4319098.193, 98
Trd, 4319099.343, 103
Trd, 4319099.543, 106
Trd, 4319101.843, 115
Trd, 4319105.293, 94
Trd, 4319106.093, 93
Trd, 4319106.743, 91
Trd, 4319107.543, 93
Trd, 4319107.593, 95
Trd, 4319109.643, 104
Trd, 4319109.793, 122
Trd, 4319112.593, 99
Trd, 4319112.743, 86
Trd, 4319113.343, 104
Trd, 4319115.193, 99
Trd, 4319116.193, 79
Trd, 4319117.643, 97
Trd, 4319119.793, 95
Trd, 4319120.743, 97
Trd, 4319121.593, 92
Trd, 4319123.143, 97
Trd, 4319124.393, 95
Trd, 4319125.343, 104
Trd, 4319126.393, 106
Trd, 4319126.743, 93
Trd, 4319129.743, 95
Trd, 4319130.343, 86
Trd, 4319131.043, 101
Trd, 4319131.143, 102
Trd, 4319133.593, 92
Trd, 4319134.843, 91
Trd, 4319135.393, 101
Trd, 4319137.393, 103
Trd, 4319137.743, 91
Trd, 4319138.093, 98
Trd, 4319139.643, 108
Trd, 4319142.243, 104
Trd, 4319143.093, 104
Trd, 4319143.393, 104
Trd, 4319143.643, 107
Trd, 4319144.243, 112
Trd, 4319145.043, 86
Trd, 4319146.343, 121
Trd, 4319149.293, 117
Trd, 4319149.643, 101
Trd, 4319150.493, 118
Trd, 4319152.893, 104
Trd, 4319154.543, 104
Trd, 4319156.743, 103
Trd, 4319156.993, 86
Trd, 4319157.543, 83
Trd, 4319159.493, 96
Trd, 4319160.643, 110
Trd, 4319160.893, 111
Trd, 4319161.243, 94
Trd, 4319163.293, 86
Trd, 4319163.393, 94
Trd, 4319164.793, 94
Trd, 4319165.243, 95
Trd, 4319168.643, 91
Trd, 4319169.343, 92
Trd, 4319170.043, 103
Trd, 4319170.443, 102
Trd, 4319170.743, 89
Trd, 4319171.143, 104
Trd, 4319172.643, 85
Trd, 4319172.793, 99
Trd, 4319174.693, 97
Trd, 4319174.793, 104
Trd, 4319177.843, 114
Trd, 4319178.843, 105
Trd, 4319179.343, 104
Trd, 4319179.793, 102
Trd, 4319183.293, 95
Trd, 4319184.293, 106
Trd, 4319184.743, 105
Trd, 4319185.993, 118
Trd, 4319186.843, 94
Trd, 4319187.143, 104
Trd, 4319188.393, 99
Trd, 4319190.993, 89
Trd, 4319191.743, 96
Trd, 4319192.043, 98
Trd, 4319192.793, 89
Trd, 4319194.543, 102
Trd, 4319196.243, 103
Trd, 4319198.443, 103
Trd, 4319199.143, 86
Trd, 4319199.393, 102
Trd, 4319199.843, 104
Trd, 4319200.693, 113
Trd, 4319201.893, 116
Trd, 4319201.993, 86
Trd, 4319205.443, 95
Trd, 4319206.543, 95
Trd, 4319207.143, 89
Trd, 4319207.493, 101
Trd, 4319207.943, 122
Trd, 4319210.293, 97
Trd, 4319214.293, 95
Trd, 4319214.593, 93
Trd, 4319216.293, 97
Trd, 4319218.043, 101
Trd, 4319218.393, 108
Trd, 4319219.693, 109
Trd, 4319221.943, 102
Trd, 4319222.543, 117
Trd, 4319222.593, 98
Trd, 4319222.993, 86
Trd, 4319225.943, 104
Trd, 4319226.093, 97
Trd, 4319227.293, 100
Trd, 4319229.093, 115
Trd, 4319229.243, 117
Trd, 4319232.493, 102
Trd, 4319232.943, 100
Trd, 4319233.643, 109
Trd, 4319234.093, 108
Trd, 4319236.443, 95
Trd, 4319237.943, 95
Trd, 4319240.693, 93
Trd, 4319241.093, 93
Trd, 4319242.243, 102
Trd, 4319244.643, 108
Trd, 4319244.893, 108
Trd, 4319247.893, 96
Trd, 4319249.693, 93
Trd, 4319251.793, 97
Trd, 4319252.043, 113
Trd, 4319252.843, 101
Trd, 4319253.343, 99
Trd, 4319254.143, 86
Trd, 4319256.893, 86
Trd, 4319257.343, 103
Trd, 4319258.043, 96
Trd, 4319259.593, 107
Trd, 4319261.493, 122
Trd, 4319265.043, 106
Trd, 4319265.193, 116
Trd, 4319265.443, 86
Trd, 4319266.893, 100
Trd, 4319268.193, 95
Trd, 4319270.393, 98
Trd, 4319270.543, 97
Trd, 4319271.593, 100
Trd, 4319273.043, 114
Trd, 4319273.943, 99
Trd, 4319276.393, 106
Trd, 4319276.793, 98
Trd, 4319277.143, 103
Trd, 4319280.493, 109
Trd, 4319280.743, 101
Trd, 4319283.493, 105
Trd, 4319283.593, 101
Trd, 4319284.093, 106
Trd, 4319287.393, 104
Trd, 4319288.193, 103
Trd, 4319288.743, 113
Trd, 4319289.993, 99
Trd, 4319291.993, 114
Trd, 4319292.143, 123
Trd, 4319296.093, 104
Trd, 4319297.443, 105
Trd, 4319298.943, 108
Trd, 4319299.593, 95
Trd, 4319300.743, 85
Trd, 4319301.943, 106
Trd, 4319302.943, 116
Trd, 4319306.243, 104
Trd, 4319307.543, 101
Trd, 4319308.643, 105
Trd, 4319310.293, 97
Trd, 4319310.743, 102
Trd, 4319311.443, 100
Trd, 4319312.843, 90
Trd, 4319313.993, 97
Trd, 4319314.943, 98
Trd, 4319315.543, 89
Trd, 4319316.793, 87
Trd, 4319317.243, 122
Trd, 4319319.193, 116
Trd, 4319321.143, 103
Trd, 4319321.293, 100
Trd, 4319321.743, 86
Trd, 4319322.643, 105
Trd, 4319322.793, 106
Trd, 4319325.543, 97
Trd, 4319325.943, 94
Trd, 4319326.593, 113
Trd, 4319326.843, 86
Trd, 4319328.843, 119
Trd, 4319330.493, 101
Trd, 4319330.643, 98
Trd, 4319332.693, 113
Trd, 4319334.643, 92
Trd, 4319336.043, 103
Trd, 4319337.843, 100
Trd, 4319338.243, 90
Trd, 4319338.593, 116
Trd, 4319340.243, 101
Trd, 4319344.493, 109
Trd, 4319345.743, 101
Trd, 4319347.593, 98
Trd, 4319347.843, 99
Trd, 4319348.443, 88
Trd, 4319350.943, 87
Trd, 4319351.743, 108
Trd, 4319353.893, 109
Trd, 4319354.643, 115
Trd, 4319354.993, 108
Trd, 4319355.993, 112
Trd, 4319358.143, 103
Trd, 4319360.393, 111
Trd, 4319360.843, 112
Trd, 4319362.293, 102
Trd, 4319363.143, 97
Trd, 4319365.093, 95
Trd, 4319366.593, 96
Trd, 4319366.943, 86
Trd, 4319368.793, 102
Trd, 4319368.843, 103
Trd, 4319370.793, 100
Trd, 4319371.193, 104
Trd, 4319371.593, 95
Trd, 4319374.343, 117
Trd, 4319375.843, 123
Trd, 4319377.343, 104
Trd, 4319377.843, 102
Trd, 4319381.743, 92
Trd, 4319382.243, 92
Trd, 4319382.393, 89
Trd, 4319382.743, 104
Trd, 4319384.143, 115
Trd, 4319386.043, 88
Trd, 4319387.443, 93
Trd, 4319389.043, 96
Trd, 4319390.543, 104
Trd, 4319391.093, 113
Trd, 4319392.643, 102
Trd, 4319393.843, 95
Trd, 4319397.393, 103
Trd, 4319397.743, 113
Trd, 4319397.943, 118
Trd, 4319398.143, 98
Trd, 4319399.143, 120
Trd, 4319400.043, 96
Trd, 4319401.543, 121
Trd, 4319403.243, 104
Trd, 4319404.493, 105
Trd, 4319406.343, 100
Trd, 4319409.393, 96
Trd, 4319409.843, 97
Trd, 4319410.493, 103
Trd, 4319411.243, 104
Trd, 4319412.993, 102
Trd, 4319414.793, 103
Trd, 4319417.093, 92
Trd, 4319417.643, 91
Trd, 4319418.093, 103
Trd, 4319418.543, 89
Trd, 4319419.993, 102
Trd, 4319421.943, 96
Trd, 4319422.843, 90
Trd, 4319423.293, 104
Trd, 4319426.343, 92
Trd, 4319426.643, 89
Trd, 4319426.943, 101
Trd, 4319429.393, 94
Trd, 4319430.893, 98
Trd, 4319431.493, 96
Trd, 4319432.943, 101
Trd, 4319436.093, 94
Trd, 4319438.693, 120
Trd, 4319439.693, 107
Trd, 4319441.193, 97
Trd, 4319442.543, 112
Trd, 4319443.443, 97
Trd, 4319443.493, 113
Trd, 4319445.743, 99
Trd, 4319446.493, 85
Trd, 4319447.493, 77
Trd, 4319447.993, 105
Trd, 4319449.743, 83
Trd, 4319450.093, 86
Trd, 4319450.543, 124
Trd, 4319453.593, 122
Trd, 4319454.593, 91
Trd, 4319455.243, 94
Trd, 4319456.343, 85
Trd, 4319456.643, 95
Trd, 4319457.243, 94
Trd, 4319459.743, 90
Trd, 4319460.743, 96
Trd, 4319462.043, 87
Trd, 4319462.793, 104
Trd, 4319463.443, 100
Trd, 4319464.293, 86
Trd, 4319467.543, 86
Trd, 4319468.493, 110
Trd, 4319469.243, 116
Trd, 4319470.443, 105
Trd, 4319472.943, 109
Trd, 4319473.193, 102
Trd, 4319475.493, 108
Trd, 4319476.843, 86
Trd, 4319477.293, 97
Trd, 4319478.793, 95
Trd, 4319480.343, 104
Trd, 4319481.943, 89
Trd, 4319483.043, 95
Trd, 4319484.093, 93
Trd, 4319484.193, 85
Trd, 4319485.443, 95
Trd, 4319486.493, 104
Trd, 4319487.643, 84
Trd, 4319490.843, 97
Trd, 4319491.293, 103
Trd, 4319491.893, 102
Trd, 4319492.143, 101
Trd, 4319493.593, 102
Trd, 4319495.493, 101
Trd, 4319495.893, 103
Trd, 4319496.393, 86
Trd, 4319499.493, 78
Trd, 4319499.543, 79
Trd, 4319499.643, 104
Trd, 4319500.793, 93
Trd, 4319502.043, 95
Trd, 4319503.443, 116
Trd, 4319504.393, 78
Trd, 4319505.893, 94
Trd, 4319506.843, 100
Trd, 4319509.143, 94
Trd, 4319512.043, 91
Trd, 4319512.793, 90
Trd, 4319512.893, 104
Trd, 4319514.593, 102
Trd, 4319515.093, 104
Trd, 4319516.643, 114
Trd, 4319518.593, 88
Trd, 4319521.243, 113
Trd, 4319522.293, 96
Trd, 4319522.643, 111
Trd, 4319523.643, 93
Trd, 4319523.993, 86
Trd, 4319524.343, 108
Trd, 4319525.943, 98
Trd, 4319526.793, 95
Trd, 4319529.943, 85
Trd, 4319530.193, 98
Trd, 4319532.043, 103
Trd, 4319532.243, 104
Trd, 4319533.593, 110
Trd, 4319533.743, 101
Trd, 4319534.993, 86
Trd, 4319536.743, 93
Trd, 4319537.293, 98
Trd, 4319538.143, 104
Trd, 4319540.993, 91
Trd, 4319541.493, 93
Trd, 4319541.543, 94
Trd, 4319542.743, 95
Trd, 4319546.843, 99
Trd, 4319547.043, 104
Trd, 4319547.893, 93
Trd, 4319548.293, 89
Trd, 4319550.943, 119
Trd, 4319551.493, 102
Trd, 4319554.343, 99
Trd, 4319554.943, 101
Trd, 4319555.793, 90
Trd, 4319556.243, 103
Trd, 4319557.843, 102
Trd, 4319560.243, 92
Trd, 4319561.843, 89
Trd, 4319562.643, 99
Trd, 4319564.293, 101
Trd, 4319565.843, 87
Trd, 4319566.293, 86
Trd, 4319566.893, 93
Trd, 4319567.093, 95
Trd, 4319567.393, 104
Trd, 4319570.243, 105
Trd, 4319570.543, 102
Trd, 4319572.943, 99
Trd, 4319573.093, 101
Trd, 4319573.843, 97
Trd, 4319575.493, 104
Trd, 4319576.893, 101
Trd, 4319577.193, 100
Trd, 4319577.543, 113
Trd, 4319578.693, 122
Trd, 4319578.843, 126
Trd, 4319580.943, 102
Trd, 4319582.243, 100
Trd, 4319583.343, 114
Trd, 4319585.793, 85
Trd, 4319585.993, 114
Trd, 4319587.193, 102
Trd, 4319587.693, 86
Trd, 4319590.443, 105
Trd, 4319590.593, 104
Trd, 4319591.693, 100
Trd, 4319592.243, 97
Trd, 4319592.593, 98
Trd, 4319596.693, 113
Trd, 4319596.743, 104
Trd, 4319596.893, 113
Trd, 4319597.393, 102
Trd, 4319597.543, 92
Trd, 4319598.843, 86
Trd, 4319599.143, 112
Trd, 4319600.843, 122
Trd, 4319602.093, 106
Trd, 4319604.743, 95
Trd, 4319605.893, 114
Trd, 4319606.643, 116
Trd, 4319606.943, 94
Trd, 4319609.043, 93
Trd, 4319610.443, 91
Trd, 4319611.993, 92
Trd, 4319612.193, 84
Trd, 4319612.443, 99
Trd, 4319614.943, 98
Trd, 4319615.543, 99
Trd, 4319616.093, 84
Trd, 4319616.893, 100
Trd, 4319617.743, 104
Trd, 4319619.093, 86
Trd, 4319621.593, 104
Trd, 4319622.243, 104
Trd, 4319623.493, 105
Trd, 4319624.843, 117
Trd, 4319625.943, 117
Trd, 4319626.843, 90
Trd, 4319628.943, 98
Trd, 4319631.093, 92
Trd, 4319632.343, 89
Trd, 4319632.393, 91
Trd, 4319633.093, 97
Trd, 4319635.443, 93
Trd, 4319635.593, 92
Trd, 4319635.743, 122
Trd, 4319638.393, 95
Trd, 4319639.143, 96
Trd, 4319641.293, 93
Trd, 4319642.043, 97
Trd, 4319645.843, 105
Trd, 4319647.893, 105
Trd, 4319648.093, 99
Trd, 4319648.543, 101
Trd, 4319650.143, 95
Trd, 4319650.343, 85
Trd, 4319650.693, 104
Trd, 4319651.143, 122
Trd, 4319652.993, 100
Trd, 4319657.243, 95
Trd, 4319657.593, 96
Trd, 4319657.943, 96
Trd, 4319658.693, 101
Trd, 4319660.143, 98
Trd, 4319662.493, 97
Trd, 4319664.043, 104
Trd, 4319664.093, 97
Trd, 4319665.193, 86
Trd, 4319665.943, 95
Trd, 4319666.393, 97
Trd, 4319668.243, 98
Trd, 4319669.043, 96
Trd, 4319669.693, 94
Trd, 4319670.343, 86
Trd, 4319671.993, 112
Trd, 4319672.243, 83
Trd, 4319674.093, 97
Trd, 4319675.293, 106
Trd, 4319676.943, 104
Trd, 4319679.143, 107
Trd, 4319679.943, 113
Trd, 4319680.143, 105
Trd, 4319682.893, 107
Trd, 4319683.793, 101
Trd, 4319684.193, 100
Trd, 4319685.693, 101
Trd, 4319686.243, 103
Trd, 4319686.293, 80
Trd, 4319689.743, 110
Trd, 4319691.643, 104
Trd, 4319691.893, 120
Trd, 4319693.593, 114
Trd, 4319695.393, 93
Trd, 4319697.643, 95
Trd, 4319699.293, 94
Trd, 4319699.693, 88
Trd, 4319701.193, 94
Trd, 4319701.943, 94
Trd, 4319703.793, 97
Trd, 4319704.793, 90
Trd, 4319705.093, 102
Trd, 4319705.493, 116
Trd, 4319708.393, 99
Trd, 4319710.293, 96
Trd, 4319710.343, 97
Trd, 4319710.543, 92
Trd, 4319713.343, 101
Trd, 4319713.693, 100
Trd, 4319713.893, 104
Trd, 4319715.393, 86
Trd, 4319716.293, 90
Trd, 4319716.793, 116
Trd, 4319717.843, 86
Trd, 4319719.493, 92
Trd, 4319720.143, 93
Trd, 4319721.243, 96
Trd, 4319722.193, 95
Trd, 4319722.543, 104
Trd, 4319725.643, 114
Trd, 4319725.743, 100
Trd, 4319727.943, 100
Trd, 4319729.793, 97
Trd, 4319731.293, 100
Trd, 4319731.693, 98
Trd, 4319732.293, 99
Trd, 4319734.143, 99
Trd, 4319734.443, 103
Trd, 4319736.093, 94
Trd, 4319736.143, 104
Trd, 4319736.743, 116
Trd, 4319737.543, 93
Trd, 4319738.493, 120
Trd, 4319738.543, 85
Trd, 4319739.593, 96
Trd, 4319742.993, 98
Trd, 4319743.693, 94
Trd, 4319744.193, 107
Trd, 4319744.843, 107
Trd, 4319746.443, 101
Trd, 4319747.943, 112
Trd, 4319750.443, 107
Trd, 4319752.743, 95
Trd, 4319754.943, 97
Trd, 4319755.343, 95
Trd, 4319756.493, 91
Trd, 4319757.793, 119
Trd, 4319759.193, 92
Trd, 4319759.393, 116
Trd, 4319760.593, 94
Trd, 4319761.093, 95
Trd, 4319762.843, 118
Trd, 4319764.993, 110
Trd, 4319767.143, 97
Trd, 4319767.193, 96
Trd, 4319769.843, 96
Trd, 4319769.993, 99
Trd, 4319771.193, 95
Trd, 4319771.643, 103
Trd, 4319772.243, 104
Trd, 4319775.943, 100
Trd, 4319776.293, 99
Trd, 4319776.393, 99
Trd, 4319777.593, 106
Trd, 4319778.443, 88
Trd, 4319779.643, 105
Trd, 4319780.343, 97
Trd, 4319780.893, 86
Trd, 4319782.093, 104
Trd, 4319782.293, 105
Trd, 4319783.893, 114
Trd, 4319785.093, 86
Trd, 4319785.993, 94
Trd, 4319787.793, 99
Trd, 4319788.793, 89
Trd, 4319789.493, 86
Trd, 4319790.393, 91
Trd, 4319791.693, 93
Trd, 4319793.193, 90
Trd, 4319793.593, 92
Trd, 4319795.593, 89
Trd, 4319795.643, 95
Trd, 4319797.143, 88
Trd, 4319797.493, 95
Trd, 4319799.293, 97
Trd, 4319799.693, 103
Trd, 4319801.293, 120
Trd, 4319801.743, 85
Trd, 4319802.843, 76
Trd, 4319804.643, 87
Trd, 4319805.093, 95
Trd, 4319806.093, 95
Trd, 4319807.143, 94
Trd, 4319808.693, 95
Trd, 4319810.393, 103
Trd, 4319810.993, 118
Trd, 4319811.493, 96
Trd, 4319813.243, 117
Trd, 4319814.193, 118
Trd, 4319814.743, 103
Trd, 4319818.543, 87
Trd, 4319820.243, 95
Trd, 4319820.643, 96
Trd, 4319823.193, 102
Trd, 4319824.343, 92
Trd, 4319825.793, 115
Trd, 4319826.093, 115
Trd, 4319826.393, 100
Trd, 4319827.743, 91
Trd, 4319829.943, 93
Trd, 4319830.643, 89
Trd, 4319830.993, 95
Trd, 4319834.393, 87
Trd, 4319834.543, 118
Trd, 4319834.993, 118
Trd, 4319836.993, 121
Trd, 4319837.693, 95
Trd, 4319839.443, 103
Trd, 4319840.293, 119
Trd, 4319843.143, 114
Trd, 4319844.343, 95
Trd, 4319845.143, 92
Trd, 4319845.343, 104
Trd, 4319847.893, 94
Trd, 4319848.243, 95
Trd, 4319850.993, 96
Trd, 4319851.143, 95
Trd, 4319852.243, 95
Trd, 4319852.993, 95
Trd, 4319856.143, 95
Trd, 4319856.543, 97
Trd, 4319858.443, 100
Trd, 4319860.843, 95
Trd, 4319861.943, 94
Trd, 4319862.743, 94
Trd, 4319863.043, 89
Trd, 4319863.093, 95
Trd, 4319864.443, 104
Trd, 4319866.143, 123
Trd, 4319866.293, 122
Trd, 4319866.493, 85
Trd, 4319867.643, 101
Trd, 4319868.143, 83
Trd, 4319870.093, 106
Trd, 4319871.393, 76
Trd, 4319872.493, 81
Trd, 4319873.193, 86
Trd, 4319873.793, 104
Trd, 4319874.643, 87
Trd, 4319876.843, 104
Trd, 4319878.243, 107
Trd, 4319881.493, 104
Trd, 4319882.893, 99
Trd, 4319883.943, 87
Trd, 4319884.393, 93
Trd, 4319885.943, 97
Trd, 4319886.193, 104
Trd, 4319886.643, 115
Trd, 4319886.943, 95
Trd, 4319889.793, 113
Trd, 4319892.193, 112
Trd, 4319892.893, 100
Trd, 4319894.243, 92
Trd, 4319895.543, 95
Trd, 4319896.193, 90
Trd, 4319896.443, 104
Trd, 4319900.393, 104
Trd, 4319901.193, 104
Trd, 4319902.043, 103
Trd, 4319902.893, 102
Trd, 4319904.893, 90
Trd, 4319906.093, 116
Trd, 4319906.943, 120
Trd, 4319910.093, 99
Trd, 4319910.543, 86
Trd, 4319912.343, 98
Trd, 4319912.943, 104
Trd, 4319914.143, 112
Trd, 4319916.643, 95
Trd, 4319916.793, 94
Trd, 4319920.643, 97
Trd, 4319921.293, 102
Trd, 4319923.493, 99
Trd, 4319926.043, 101
Trd, 4319928.043, 84
Trd, 4319928.343, 98
Trd, 4319929.593, 104
Trd, 4319931.743, 92
Trd, 4319933.493, 89
Trd, 4319933.543, 90
Trd, 4319933.593, 104
Trd, 4319935.543, 97
Trd, 4319935.843, 86
Trd, 4319937.343, 87
Trd, 4319937.993, 97
Trd, 4319938.893, 130
Trd, 4319939.593, 86
Trd, 4319942.193, 99
Trd, 4319942.443, 113
Trd, 4319943.643, 101
Trd, 4319945.143, 109
Trd, 4319948.093, 100
Trd, 4319948.343, 105
Trd, 4319949.643, 103
Trd, 4319949.743, 92
Trd, 4319951.693, 86
Trd, 4319952.493, 101
Trd, 4319953.143, 83
Trd, 4319956.243, 99
Trd, 4319956.343, 99
Trd, 4319956.393, 88
Trd, 4319956.443, 100
Trd, 4319958.293, 87
Trd, 4319960.893, 93
Trd, 4319963.893, 93
Trd, 4319963.993, 94
Trd, 4319964.443, 90
Trd, 4319965.143, 96
Trd, 4319966.143, 102
Trd, 4319966.343, 86
Trd, 4319968.443, 87
Trd, 4319970.343, 90
Trd, 4319970.643, 94
Trd, 4319972.743, 96
Trd, 4319972.843, 90
Trd, 4319973.643, 96
Trd, 4319973.893, 97
Trd, 4319978.343, 94
Trd, 4319979.193, 94
Trd, 4319980.393, 94
Trd, 4319981.493, 98
Trd, 4319981.593, 90
Trd, 4319981.893, 99
Trd, 4319985.093, 93
Trd, 4319985.643, 90
Trd, 4319985.793, 89
Trd, 4319987.843, 86
Trd, 4319987.993, 94
Trd, 4319989.143, 104
Trd, 4319991.943, 97
Trd, 4319992.443, 99
Trd, 4319993.193, 87
Trd, 4319994.193, 107
Trd, 4319995.643, 106
Trd, 4319995.993, 92
Trd, 4319997.093, 93
Trd, 4319997.393, 104
Trd, 4319997.993, 117
