Trd, 4317911.893, 110
Trd, 4317913.393, 104
Trd, 4317913.743, 95
Trd, 4317915.793, 104
Trd, 4317916.643, 95
Trd, 4317918.243, 98
Trd, 4317919.443, 100
Trd, 4317921.893, 103
Trd, 4317923.243, 103
Trd, 4317923.343, 104
Trd, 4317923.393, 102
Trd, 4317924.543, 96
Trd, 4317925.743, 95
Trd, 4317926.093, 94
Trd, 4317926.543, 88
Trd, 4317927.343, 87
Trd, 4317928.693, 112
Trd, 4317931.993, 97
Trd, 4317933.543, 104
Trd, 4317933.643, 94
Trd, 4317934.243, 77
Trd, 4317937.943, 86
Trd, 4317938.393, 86
Trd, 4317939.693, 95
Trd, 4317940.393, 97
Trd, 4317940.893, 97
Trd, 4317941.993, 98
Trd, 4317943.793, 101
Trd, 4317944.543, 100
Trd, 4317946.443, 98
Trd, 4317947.593, 101
Trd, 4317948.043, 102
Trd, 4317948.493, 110
Trd, 4317948.793, 100
Trd, 4317953.043, 102
Trd, 4317953.593, 103
Trd, 4317954.293, 103
Trd, 4317955.193, 102
Trd, 4317956.293, 104
Trd, 4317958.193, 98
Trd, 4317958.893, 86
Trd, 4317959.243, 103
Trd, 4317960.693, 78
Trd, 4317961.993, 81
Trd, 4317965.943, 99
Trd, 4317966.343, 100
Trd, 4317966.843, 97
Trd, 4317966.993, 96
Trd, 4317968.693, 98
Trd, 4317968.843, 101
Trd, 4317970.143, 100
Trd, 4317971.593, 95
Trd, 4317973.893, 104
Trd, 4317974.343, 93
Trd, 4317975.843, 100
Trd, 4317976.193, 99
Trd, 4317978.093, 95
Trd, 4317978.343, 94
Trd, 4317978.743, 96
Trd, 4317980.643, 95
Trd, 4317981.393, 105
Trd, 4317982.743, 99
Trd, 4317983.643, 95
Trd, 4317984.143, 94
Trd, 4317986.193, 109
Trd, 4317987.743, 109
Trd, 4317989.543, 97
Trd, 4317989.943, 97
Trd, 4317992.193, 104
Trd, 4317992.493, 105
Trd, 4317992.943, 107
Trd, 4317993.943, 104
Trd, 4317996.743, 98
Trd, 4317997.243, 99
Trd, 4317997.793, 86
Trd, 4317998.643, 95
Trd, 4318000.593, 86
Trd, 4318004.093, 95
Trd, 4318005.943, 97
Trd, 4318006.343, 96
Trd, 4318006.443, 109
Trd, 4318006.543, 95
Trd, 4318008.343, 116
Trd, 4318009.393, 101
Trd, 4318009.943, 103
Trd, 4318010.493, 101
Trd, 4318012.393, 95
Trd, 4318014.243, 98
Trd, 4318015.093, 95
Trd, 4318017.143, 94
Trd, 4318018.443, 92
Trd, 4318019.243, 91
Trd, 4318020.943, 112
Trd, 4318022.943, 98
Trd, 4318023.193, 93
Trd, 4318024.243, 104
Trd, 4318027.143, 96
Trd, 4318027.243, 96
Trd, 4318027.643, 95
Trd, 4318028.493, 95
Trd, 4318029.693, 105
Trd, 4318030.293, 96
Trd, 4318031.093, 94
Trd, 4318032.543, 87
Trd, 4318034.493, 102
Trd, 4318037.093, 104
Trd, 4318037.893, 104
Trd, 4318038.093, 104
Trd, 4318038.343, 95
Trd, 4318042.543, 96
Trd, 4318042.843, 94
Trd, 4318044.493, 104
Trd, 4318045.193, 98
Trd, 4318045.793, 97
Trd, 4318045.893, 95
Trd, 4318046.093, 104
Trd, 4318048.793, 95
Trd, 4318049.093, 89
Trd, 4318049.293, 97
Trd, 4318051.743, 87
Trd, 4318053.743, 90
Trd, 4318054.993, 98
Trd, 4318055.293, 91
Trd, 4318056.643, 90
Trd, 4318058.043, 99
Trd, 4318058.593, 116
Trd, 4318060.143, 108
Trd, 4318060.243, 106
Trd, 4318062.493, 87
Trd, 4318062.643, 89
Trd, 4318062.993, 86
Trd, 4318066.943, 95
Trd, 4318067.793, 98
Trd, 4318067.893, 97
Trd, 4318069.043, 99
Trd, 4318069.093, 100
Trd, 4318069.993, 99
Trd, 4318071.643, 103
Trd, 4318072.993, 104
Trd, 4318073.743, 104
Trd, 4318074.243, 103
Trd, 4318074.693, 106
Trd, 4318075.243, 94
Trd, 4318078.043, 96
Trd, 4318080.093, 102
Trd, 4318081.193, 95
Trd, 4318081.643, 86
Trd, 4318084.043, 95
Trd, 4318085.193, 98
Trd, 4318086.093, 93
Trd, 4318086.593, 96
Trd, 4318087.943, 100
Trd, 4318089.893, 105
Trd, 4318090.493, 106
Trd, 4318090.893, 122
Trd, 4318091.893, 109
Trd, 4318092.943, 109
Trd, 4318093.143, 107
Trd, 4318094.943, 95
Trd, 4318095.443, 107
Trd, 4318096.193, 90
Trd, 4318098.193, 94
Trd, 4318100.443, 105
Trd, 4318101.193, 98
Trd, 4318102.293, 101
Trd, 4318104.343, 107
Trd, 4318105.193, 114
Trd, 4318105.743, 108
Trd, 4318108.393, 107
Trd, 4318108.493, 105
Trd, 4318109.543, 106
Trd, 4318109.993, 105
Trd, 4318111.443, 104
Trd, 4318113.643, 99
Trd, 4318113.843, 100
Trd, 4318115.143, 104
Trd, 4318116.093, 109
Trd, 4318116.793, 107
Trd, 4318117.943, 104
Trd, 4318118.893, 95
Trd, 4318120.693, 95
Trd, 4318122.243, 97
Trd, 4318124.043, 100
Trd, 4318124.993, 102
Trd, 4318125.593, 102
Trd, 4318126.593, 104
Trd, 4318127.343, 102
Trd, 4318128.293, 113
Trd, 4318128.643, 98
Trd, 4318130.193, 87
Trd, 4318132.343, 94
Trd, 4318134.143, 99
Trd, 4318134.843, 96
Trd, 4318135.293, 103
Trd, 4318137.243, 97
Trd, 4318138.643, 97
Trd, 4318139.143, 92
Trd, 4318139.543, 86
Trd, 4318140.843, 109
Trd, 4318141.343, 82
Trd, 4318141.393, 79
Trd, 4318144.693, 100
Trd, 4318144.843, 100
Trd, 4318146.343, 100
Trd, 4318147.143, 102
Trd, 4318148.943, 104
Trd, 4318149.493, 104
Trd, 4318150.793, 102
Trd, 4318151.543, 100
Trd, 4318151.693, 98
Trd, 4318152.043, 103
Trd, 4318154.193, 100
Trd, 4318155.493, 103
Trd, 4318156.143, 103
Trd, 4318156.993, 95
Trd, 4318158.943, 98
Trd, 4318159.943, 99
Trd, 4318159.993, 97
Trd, 4318160.643, 101
Trd, 4318162.093, 99
Trd, 4318164.743, 103
Trd, 4318164.893, 105
Trd, 4318165.293, 101
Trd, 4318166.093, 96
Trd, 4318167.743, 97
Trd, 4318168.693, 95
Trd, 4318169.043, 108
Trd, 4318170.543, 97
Trd, 4318171.343, 96
Trd, 4318172.593, 97
Trd, 4318174.743, 103
Trd, 4318178.043, 105
Trd, 4318178.643, 105
Trd, 4318179.343, 115
Trd, 4318180.193, 106
Trd, 4318180.443, 105
Trd, 4318181.443, 93
Trd, 4318182.243, 97
Trd, 4318184.293, 97
Trd, 4318184.993, 101
Trd, 4318185.593, 88
Trd, 4318186.043, 87
Trd, 4318186.893, 96
Trd, 4318188.043, 95
Trd, 4318188.093, 94
Trd, 4318191.693, 93
Trd, 4318192.043, 90
Trd, 4318193.143, 89
Trd, 4318193.493, 113
Trd, 4318195.243, 95
Trd, 4318196.493, 93
Trd, 4318197.593, 113
Trd, 4318198.693, 84
Trd, 4318201.943, 103
Trd, 4318202.093, 102
Trd, 4318202.643, 102
Trd, 4318202.843, 109
Trd, 4318203.943, 98
Trd, 4318206.543, 100
Trd, 4318207.543, 97
Trd, 4318209.243, 105
Trd, 4318211.443, 101
Trd, 4318211.643, 102
Trd, 4318212.943, 103
Trd, 4318214.243, 96
Trd, 4318215.743, 95
Trd, 4318216.743, 104
Trd, 4318218.793, 96
Trd, 4318219.793, 93
Trd, 4318221.993, 97
Trd, 4318222.243, 101
Trd, 4318223.393, 96
Trd, 4318225.043, 93
Trd, 4318225.493, 79
Trd, 4318226.893, 95
Trd, 4318230.243, 93
Trd, 4318230.643, 92
Trd, 4318231.193, 93
Trd, 4318231.793, 104
Trd, 4318233.743, 99
Trd, 4318234.643, 114
Trd, 4318234.893, 100
Trd, 4318236.943, 104
Trd, 4318237.143, 102
Trd, 4318239.443, 108
Trd, 4318239.843, 104
Trd, 4318240.743, 108
Trd, 4318241.643, 106
Trd, 4318241.743, 122
Trd, 4318242.293, 106
Trd, 4318244.693, 99
Trd, 4318246.393, 104
Trd, 4318246.993, 102
Trd, 4318248.393, 98
Trd, 4318248.543, 107
Trd, 4318248.843, 95
Trd, 4318252.993, 109
Trd, 4318253.493, 107
Trd, 4318253.743, 104
Trd, 4318254.693, 88
Trd, 4318256.293, 101
Trd, 4318258.043, 112
Trd, 4318259.643, 104
Trd, 4318261.293, 107
Trd, 4318261.393, 104
Trd, 4318262.943, 96
Trd, 4318263.793, 108
Trd, 4318264.243, 97
Trd, 4318266.043, 96
Trd, 4318266.293, 92
Trd, 4318268.743, 104
Trd, 4318269.993, 104
Trd, 4318270.143, 103
Trd, 4318271.043, 103
Trd, 4318271.243, 102
Trd, 4318271.593, 95
Trd, 4318272.043, 86
Trd, 4318273.993, 114
Trd, 4318276.493, 97
Trd, 4318276.793, 97
Trd, 4318277.143, 98
Trd, 4318279.093, 106
Trd, 4318280.543, 103
Trd, 4318282.093, 108
Trd, 4318282.793, 108
Trd, 4318282.943, 105
Trd, 4318284.493, 106
Trd, 4318287.093, 102
Trd, 4318287.743, 101
Trd, 4318288.493, 117
Trd, 4318289.393, 100
Trd, 4318289.943, 101
Trd, 4318293.693, 119
Trd, 4318293.793, 109
Trd, 4318294.493, 108
Trd, 4318296.443, 106
Trd, 4318296.893, 94
Trd, 4318298.393, 87
Trd, 4318298.893, 78
Trd, 4318300.093, 94
Trd, 4318302.793, 106
Trd, 4318303.493, 98
Trd, 4318303.993, 104
Trd, 4318305.293, 96
Trd, 4318308.743, 106
Trd, 4318308.893, 105
Trd, 4318309.643, 103
Trd, 4318311.593, 97
Trd, 4318312.393, 95
Trd, 4318312.693, 99
Trd, 4318314.093, 89
Trd, 4318317.593, 95
Trd, 4318317.843, 96
Trd, 4318318.093, 95
Trd, 4318318.143, 95
Trd, 4318318.743, 91
Trd, 4318319.693, 105
Trd, 4318321.143, 97
Trd, 4318324.243, 98
Trd, 4318325.093, 100
Trd, 4318326.993, 106
Trd, 4318327.693, 105
Trd, 4318328.293, 105
Trd, 4318328.793, 104
Trd, 4318329.093, 106
Trd, 4318331.393, 95
Trd, 4318334.243, 105
Trd, 4318334.293, 98
Trd, 4318335.493, 95
Trd, 4318337.593, 95
Trd, 4318338.643, 96
Trd, 4318338.943, 95
Trd, 4318338.993, 86
Trd, 4318340.393, 97
Trd, 4318341.393, 97
Trd, 4318341.793, 114
Trd, 4318344.243, 105
Trd, 4318344.493, 100
Trd, 4318345.043, 95
Trd, 4318347.193, 98
Trd, 4318348.393, 97
Trd, 4318350.693, 102
Trd, 4318350.893, 105
Trd, 4318351.593, 103
Trd, 4318353.243, 104
Trd, 4318355.443, 102
Trd, 4318355.893, 102
Trd, 4318356.393, 104
Trd, 4318357.143, 104
Trd, 4318357.293, 94
Trd, 4318358.043, 86
Trd, 4318358.343, 115
Trd, 4318359.243, 78
Trd, 4318361.343, 77
Trd, 4318362.043, 112
Trd, 4318363.993, 100
Trd, 4318364.593, 102
Trd, 4318365.343, 102
Trd, 4318365.793, 96
Trd, 4318366.643, 114
Trd, 4318366.993, 96
Trd, 4318370.043, 96
Trd, 4318370.093, 103
Trd, 4318370.593, 96
Trd, 4318373.743, 98
Trd, 4318375.393, 100
Trd, 4318376.743, 97
Trd, 4318377.093, 97
Trd, 4318377.343, 99
Trd, 4318378.293, 94
Trd, 4318380.593, 96
Trd, 4318381.993, 102
Trd, 4318383.443, 100
Trd, 4318383.793, 102
Trd, 4318385.493, 107
Trd, 4318386.893, 106
Trd, 4318387.293, 104
Trd, 4318388.243, 104
Trd, 4318390.693, 101
Trd, 4318390.843, 101
Trd, 4318391.543, 96
Trd, 4318392.793, 93
Trd, 4318392.993, 115
Trd, 4318393.243, 86
Trd, 4318394.793, 96
Trd, 4318394.943, 95
Trd, 4318398.493, 119
Trd, 4318398.593, 101
Trd, 4318399.593, 107
Trd, 4318402.143, 95
Trd, 4318402.243, 94
Trd, 4318402.643, 102
Trd, 4318404.293, 97
Trd, 4318406.643, 102
Trd, 4318406.743, 99
Trd, 4318408.093, 94
Trd, 4318408.993, 89
Trd, 4318410.493, 93
Trd, 4318412.493, 97
Trd, 4318412.693, 96
Trd, 4318413.443, 98
Trd, 4318413.843, 112
Trd, 4318415.043, 116
Trd, 4318415.243, 100
Trd, 4318418.793, 105
Trd, 4318419.143, 105
Trd, 4318419.243, 104
Trd, 4318419.993, 104
Trd, 4318420.243, 105
Trd, 4318420.293, 103
Trd, 4318423.493, 104
Trd, 4318423.543, 104
Trd, 4318425.793, 96
Trd, 4318426.793, 95
Trd, 4318428.093, 94
Trd, 4318428.943, 86
Trd, 4318431.143, 98
Trd, 4318431.243, 99
Trd, 4318431.493, 99
Trd, 4318432.993, 104
Trd, 4318434.443, 101
Trd, 4318435.093, 94
Trd, 4318437.043, 110
Trd, 4318437.993, 104
Trd, 4318438.793, 103
Trd, 4318438.943, 101
Trd, 4318441.243, 94
Trd, 4318443.843, 85
Trd, 4318444.193, 86
Trd, 4318445.543, 102
Trd, 4318446.343, 91
Trd, 4318446.743, 91
Trd, 4318449.993, 102
Trd, 4318450.693, 103
Trd, 4318451.093, 103
Trd, 4318452.693, 96
Trd, 4318453.793, 95
Trd, 4318454.943, 98
Trd, 4318455.543, 94
Trd, 4318456.643, 103
Trd, 4318456.893, 88
Trd, 4318461.093, 99
Trd, 4318461.443, 105
Trd, 4318463.093, 102
Trd, 4318463.793, 100
Trd, 4318465.043, 96
Trd, 4318466.193, 96
Trd, 4318468.143, 94
Trd, 4318469.193, 85
Trd, 4318470.693, 105
Trd, 4318471.293, 106
Trd, 4318473.343, 99
Trd, 4318474.493, 99
Trd, 4318475.643, 102
Trd, 4318476.543, 96
Trd, 4318478.643, 96
Trd, 4318481.243, 96
Trd, 4318481.643, 96
Trd, 4318483.243, 97
Trd, 4318483.593, 98
Trd, 4318484.193, 98
Trd, 4318489.393, 105
Trd, 4318489.743, 104
Trd, 4318490.243, 103
Trd, 4318493.043, 99
Trd, 4318493.643, 106
Trd, 4318494.743, 95
Trd, 4318496.343, 97
Trd, 4318496.393, 96
Trd, 4318496.793, 96
Trd, 4318498.393, 101
Trd, 4318498.793, 102
Trd, 4318501.543, 104
Trd, 4318502.443, 104
Trd, 4318502.593, 103
Trd, 4318503.093, 102
Trd, 4318504.043, 95
Trd, 4318506.093, 103
Trd, 4318507.193, 92
Trd, 4318508.193, 107
Trd, 4318508.643, 94
Trd, 4318510.343, 100
Trd, 4318512.843, 102
Trd, 4318513.143, 102
Trd, 4318515.343, 104
Trd, 4318515.593, 98
Trd, 4318517.943, 99
Trd, 4318519.493, 104
Trd, 4318520.243, 96
Trd, 4318520.893, 103
Trd, 4318521.893, 97
Trd, 4318522.893, 104
Trd, 4318524.193, 99
Trd, 4318524.343, 93
Trd, 4318527.893, 80
Trd, 4318528.793, 83
Trd, 4318529.143, 84
Trd, 4318530.143, 95
Trd, 4318532.293, 86
Trd, 4318533.143, 109
Trd, 4318534.443, 85
Trd, 4318536.693, 99
Trd, 4318537.693, 99
Trd, 4318538.643, 97
Trd, 4318542.193, 98
Trd, 4318542.593, 101
Trd, 4318544.143, 104
Trd, 4318546.143, 105
Trd, 4318546.993, 104
Trd, 4318547.443, 105
Trd, 4318547.543, 104
Trd, 4318548.293, 95
Trd, 4318549.243, 94
Trd, 4318549.343, 109
Trd, 4318553.043, 75
Trd, 4318554.493, 95
Trd, 4318554.543, 82
Trd, 4318555.543, 86
Trd, 4318555.693, 84
Trd, 4318557.593, 103
Trd, 4318559.143, 100
Trd, 4318559.793, 100
Trd, 4318561.543, 104
Trd, 4318561.893, 105
Trd, 4318564.093, 96
Trd, 4318564.793, 95
Trd, 4318566.893, 95
Trd, 4318568.143, 105
Trd, 4318569.493, 101
Trd, 4318570.493, 104
Trd, 4318570.943, 102
Trd, 4318571.843, 102
Trd, 4318573.493, 103
Trd, 4318573.543, 86
Trd, 4318573.793, 77
Trd, 4318575.543, 108
Trd, 4318577.443, 106
Trd, 4318578.093, 106
Trd, 4318578.543, 104
Trd, 4318579.093, 113
Trd, 4318579.693, 105
Trd, 4318582.393, 96
Trd, 4318584.743, 103
Trd, 4318585.393, 103
Trd, 4318585.693, 98
Trd, 4318585.793, 113
Trd, 4318586.643, 99
Trd, 4318588.943, 98
Trd, 4318589.143, 93
Trd, 4318590.143, 87
Trd, 4318590.193, 86
Trd, 4318591.043, 103
Trd, 4318593.243, 83
Trd, 4318595.793, 101
Trd, 4318596.143, 102
Trd, 4318597.343, 110
Trd, 4318597.543, 101
Trd, 4318598.543, 96
Trd, 4318599.893, 95
Trd, 4318602.293, 100
Trd, 4318602.743, 101
Trd, 4318603.643, 103
Trd, 4318604.393, 103
Trd, 4318605.193, 104
Trd, 4318606.593, 96
Trd, 4318607.443, 95
Trd, 4318608.543, 87
Trd, 4318609.143, 105
Trd, 4318611.443, 109
Trd, 4318612.293, 97
Trd, 4318612.343, 96
Trd, 4318613.393, 96
Trd, 4318614.343, 112
Trd, 4318614.493, 96
Trd, 4318617.143, 98
Trd, 4318618.943, 101
Trd, 4318620.843, 104
Trd, 4318621.993, 100
Trd, 4318622.143, 99
Trd, 4318622.643, 104
Trd, 4318623.593, 98
Trd, 4318624.393, 111
Trd, 4318626.843, 95
Trd, 4318628.243, 101
Trd, 4318629.643, 100
Trd, 4318630.293, 103
Trd, 4318630.943, 101
Trd, 4318631.643, 101
Trd, 4318634.743, 96
Trd, 4318635.793, 86
Trd, 4318638.243, 99
Trd, 4318639.093, 99
Trd, 4318639.143, 97
Trd, 4318640.443, 87
Trd, 4318640.543, 86
Trd, 4318643.193, 105
Trd, 4318643.743, 100
Trd, 4318646.093, 103
Trd, 4318646.343, 101
Trd, 4318646.643, 100
Trd, 4318648.143, 104
Trd, 4318649.243, 105
Trd, 4318649.993, 106
Trd, 4318650.093, 105
Trd, 4318653.643, 100
Trd, 4318653.793, 110
Trd, 4318655.143, 100
Trd, 4318655.693, 95
Trd, 4318656.893, 86
Trd, 4318656.993, 117
Trd, 4318657.893, 78
Trd, 4318661.793, 97
Trd, 4318662.143, 97
Trd, 4318663.193, 96
Trd, 4318663.493, 109
Trd, 4318663.993, 96
Trd, 4318664.993, 104
Trd, 4318665.743, 95
Trd, 4318666.143, 86
Trd, 4318668.293, 86
Trd, 4318670.143, 94
Trd, 4318671.943, 98
Trd, 4318672.443, 99
Trd, 4318673.793, 98
Trd, 4318674.943, 100
Trd, 4318676.443, 103
Trd, 4318678.743, 102
Trd, 4318679.943, 104
Trd, 4318680.343, 104
Trd, 4318681.093, 104
Trd, 4318681.393, 104
Trd, 4318684.143, 78
Trd, 4318685.143, 99
Trd, 4318686.443, 109
Trd, 4318687.643, 95
Trd, 4318688.143, 89
Trd, 4318688.243, 86
Trd, 4318691.393, 98
Trd, 4318691.843, 99
Trd, 4318692.693, 99
Trd, 4318694.643, 99
Trd, 4318695.293, 99
Trd, 4318695.493, 98
Trd, 4318696.693, 101
Trd, 4318697.543, 96
Trd, 4318699.193, 95
Trd, 4318701.693, 96
Trd, 4318701.743, 94
Trd, 4318702.643, 98
Trd, 4318702.793, 106
Trd, 4318703.543, 98
Trd, 4318705.693, 100
Trd, 4318706.943, 101
Trd, 4318707.493, 101
Trd, 4318708.143, 69
Trd, 4318710.343, 80
Trd, 4318710.693, 86
Trd, 4318712.093, 97
Trd, 4318714.143, 102
Trd, 4318714.893, 100
Trd, 4318715.293, 100
Trd, 4318716.743, 97
Trd, 4318719.743, 97
Trd, 4318719.893, 95
Trd, 4318721.093, 87
Trd, 4318721.693, 104
Trd, 4318722.893, 95
Trd, 4318724.043, 91
Trd, 4318726.693, 99
Trd, 4318728.593, 100
Trd, 4318729.043, 101
Trd, 4318729.943, 100
Trd, 4318731.093, 101
Trd, 4318732.643, 93
Trd, 4318733.043, 86
Trd, 4318734.393, 103
Trd, 4318735.893, 94
Trd, 4318737.943, 96
Trd, 4318738.143, 94
Trd, 4318740.243, 110
Trd, 4318740.643, 93
Trd, 4318742.743, 98
Trd, 4318743.993, 99
Trd, 4318745.593, 104
Trd, 4318746.093, 100
Trd, 4318746.793, 101
Trd, 4318747.243, 99
Trd, 4318749.343, 101
Trd, 4318750.143, 96
Trd, 4318752.343, 98
Trd, 4318752.693, 104
Trd, 4318752.843, 97
Trd, 4318754.093, 96
Trd, 4318756.493, 109
Trd, 4318756.893, 100
Trd, 4318758.793, 101
Trd, 4318760.243, 99
Trd, 4318761.543, 96
Trd, 4318762.143, 96
Trd, 4318762.893, 95
Trd, 4318763.943, 105
Trd, 4318764.493, 96
Trd, 4318765.793, 100
Trd, 4318767.543, 104
Trd, 4318768.593, 109
Trd, 4318769.493, 104
Trd, 4318770.743, 93
Trd, 4318772.943, 110
Trd, 4318773.243, 90
Trd, 4318776.043, 100
Trd, 4318776.993, 102
Trd, 4318777.943, 101
Trd, 4318778.293, 102
Trd, 4318780.193, 105
Trd, 4318780.993, 104
Trd, 4318781.993, 95
Trd, 4318782.693, 89
Trd, 4318784.143, 86
Trd, 4318784.493, 111
Trd, 4318784.993, 79
Trd, 4318789.643, 99
Trd, 4318790.043, 98
Trd, 4318790.143, 95
Trd, 4318790.843, 87
Trd, 4318791.043, 101
Trd, 4318795.493, 101
Trd, 4318796.493, 101
Trd, 4318796.943, 101
Trd, 4318797.343, 102
Trd, 4318797.743, 104
Trd, 4318797.793, 95
Trd, 4318798.293, 86
Trd, 4318799.143, 79
Trd, 4318800.843, 101
Trd, 4318801.093, 103
Trd, 4318803.393, 104
Trd, 4318804.393, 105
Trd, 4318804.693, 104
Trd, 4318806.093, 110
Trd, 4318806.143, 108
Trd, 4318806.993, 105
Trd, 4318807.493, 112
Trd, 4318810.093, 99
Trd, 4318810.143, 98
Trd, 4318810.393, 95
Trd, 4318810.893, 104
Trd, 4318814.743, 80
Trd, 4318815.543, 82
Trd, 4318817.043, 97
Trd, 4318817.343, 104
Trd, 4318818.943, 98
Trd, 4318819.143, 97
Trd, 4318820.193, 112
Trd, 4318820.793, 98
Trd, 4318823.093, 101
Trd, 4318824.343, 104
Trd, 4318825.393, 94
Trd, 4318829.293, 101
Trd, 4318830.243, 108
Trd, 4318831.993, 103
Trd, 4318832.043, 99
Trd, 4318833.843, 97
Trd, 4318834.243, 95
Trd, 4318836.593, 97
Trd, 4318836.893, 96
Trd, 4318836.993, 95
Trd, 4318837.643, 109
Trd, 4318838.343, 77
Trd, 4318839.293, 115
Trd, 4318841.443, 83
Trd, 4318841.943, 81
Trd, 4318842.793, 84
Trd, 4318845.893, 92
Trd, 4318846.143, 95
Trd, 4318847.693, 95
Trd, 4318847.993, 95
Trd, 4318848.543, 96
Trd, 4318848.793, 112
Trd, 4318848.893, 95
Trd, 4318850.593, 91
Trd, 4318852.743, 78
Trd, 4318856.193, 89
Trd, 4318856.593, 78
Trd, 4318857.743, 82
Trd, 4318858.093, 95
Trd, 4318859.093, 95
Trd, 4318860.393, 91
Trd, 4318861.593, 114
Trd, 4318861.893, 94
Trd, 4318862.143, 91
Trd, 4318864.643, 101
Trd, 4318865.693, 104
Trd, 4318865.843, 103
Trd, 4318868.243, 99
Trd, 4318870.743, 97
Trd, 4318870.893, 111
Trd, 4318871.643, 98
Trd, 4318873.393, 101
Trd, 4318873.693, 99
Trd, 4318876.693, 104
Trd, 4318878.143, 103
Trd, 4318879.193, 105
Trd, 4318879.743, 105
Trd, 4318879.893, 95
Trd, 4318881.743, 86
Trd, 4318882.343, 80
Trd, 4318883.443, 110
Trd, 4318884.243, 98
Trd, 4318884.643, 98
Trd, 4318887.293, 100
Trd, 4318887.393, 99
Trd, 4318887.793, 102
Trd, 4318889.943, 101
Trd, 4318890.943, 95
Trd, 4318893.643, 101
Trd, 4318894.093, 100
Trd, 4318894.543, 96
Trd, 4318896.093, 98
Trd, 4318896.643, 103
Trd, 4318896.743, 94
Trd, 4318899.643, 92
Trd, 4318901.143, 104
Trd, 4318901.993, 98
Trd, 4318902.793, 99
Trd, 4318904.143, 99
Trd, 4318904.843, 98
Trd, 4318906.193, 95
Trd, 4318906.993, 104
Trd, 4318909.193, 102
Trd, 4318909.893, 102
Trd, 4318910.693, 105
Trd, 4318911.293, 103
Trd, 4318911.743, 98
Trd, 4318914.093, 100
Trd, 4318915.043, 103
Trd, 4318915.193, 103
Trd, 4318916.443, 105
Trd, 4318916.693, 97
Trd, 4318916.843, 96
Trd, 4318919.893, 96
Trd, 4318921.193, 100
Trd, 4318922.893, 96
Trd, 4318923.643, 96
Trd, 4318925.493, 104
Trd, 4318926.543, 105
Trd, 4318926.693, 104
Trd, 4318927.843, 116
Trd, 4318929.443, 102
Trd, 4318931.993, 110
Trd, 4318932.543, 109
Trd, 4318933.543, 107
Trd, 4318933.643, 104
Trd, 4318934.893, 86
Trd, 4318935.993, 94
Trd, 4318937.893, 99
Trd, 4318938.293, 86
Trd, 4318939.393, 88
Trd, 4318941.693, 103
Trd, 4318942.393, 93
Trd, 4318945.143, 100
Trd, 4318945.393, 97
Trd, 4318947.243, 101
Trd, 4318948.243, 100
Trd, 4318948.793, 100
Trd, 4318948.993, 99
Trd, 4318949.193, 117
Trd, 4318949.493, 95
Trd, 4318951.493, 71
Trd, 4318953.643, 80
Trd, 4318954.443, 97
Trd, 4318956.793, 103
Trd, 4318957.843, 103
Trd, 4318959.343, 104
Trd, 4318960.093, 97
Trd, 4318961.493, 104
Trd, 4318963.493, 106
Trd, 4318964.643, 112
Trd, 4318965.293, 108
Trd, 4318966.293, 106
Trd, 4318966.543, 112
Trd, 4318966.943, 106
Trd, 4318968.443, 105
Trd, 4318971.693, 102
Trd, 4318971.843, 100
Trd, 4318972.993, 100
Trd, 4318974.893, 102
Trd, 4318975.193, 102
Trd, 4318976.293, 104
Trd, 4318978.243, 81
Trd, 4318979.793, 110
Trd, 4318980.593, 77
Trd, 4318982.893, 85
Trd, 4318983.243, 84
Trd, 4318984.293, 103
Trd, 4318986.743, 103
Trd, 4318987.293, 98
Trd, 4318989.643, 101
Trd, 4318990.093, 102
Trd, 4318990.643, 98
Trd, 4318991.393, 107
Trd, 4318992.493, 112
Trd, 4318994.293, 98
Trd, 4318995.893, 98
Trd, 4318997.993, 105
Trd, 4318998.143, 101
Trd, 4318998.843, 101
Trd, 4319001.893, 103
Trd, 4319002.893, 104
Trd, 4319004.593, 96
Trd, 4319005.043, 86
Trd, 4319005.293, 101
Trd, 4319007.243, 101
Trd, 4319007.993, 113
Trd, 4319008.343, 102
Trd, 4319008.743, 94
Trd, 4319010.543, 93
Trd, 4319013.343, 90
Trd, 4319013.493, 101
Trd, 4319014.493, 88
Trd, 4319014.693, 86
Trd, 4319016.943, 99
Trd, 4319018.393, 98
Trd, 4319020.543, 101
Trd, 4319021.093, 101
Trd, 4319021.293, 100
Trd, 4319023.193, 97
Trd, 4319025.793, 96
Trd, 4319026.043, 95
Trd, 4319027.493, 71
Trd, 4319027.893, 68
Trd, 4319029.893, 75
Trd, 4319031.493, 100
Trd, 4319031.843, 100
Trd, 4319032.443, 100
Trd, 4319033.043, 97
Trd, 4319033.843, 107
Trd, 4319035.243, 98
Trd, 4319035.943, 96
Trd, 4319038.743, 98
Trd, 4319039.343, 99
Trd, 4319040.393, 98
Trd, 4319041.343, 93
Trd, 4319042.593, 103
Trd, 4319045.893, 101
Trd, 4319045.943, 100
Trd, 4319045.993, 93
Trd, 4319047.393, 80
Trd, 4319048.643, 90
Trd, 4319048.743, 89
Trd, 4319048.893, 102
Trd, 4319049.943, 83
Trd, 4319053.093, 90
Trd, 4319054.643, 94
Trd, 4319055.093, 92
Trd, 4319056.193, 105
Trd, 4319058.943, 102
Trd, 4319059.043, 99
Trd, 4319062.143, 106
Trd, 4319062.343, 105
Trd, 4319063.243, 110
Trd, 4319063.293, 108
Trd, 4319065.743, 97
Trd, 4319067.093, 114
Trd, 4319069.243, 101
Trd, 4319070.193, 104
Trd, 4319070.543, 95
Trd, 4319071.693, 90
Trd, 4319074.643, 97
Trd, 4319075.493, 98
Trd, 4319075.793, 97
Trd, 4319076.193, 89
Trd, 4319076.293, 100
Trd, 4319078.693, 97
Trd, 4319080.393, 101
Trd, 4319081.293, 100
Trd, 4319081.743, 96
Trd, 4319082.443, 104
Trd, 4319083.093, 96
Trd, 4319084.543, 95
Trd, 4319086.793, 97
Trd, 4319086.893, 104
Trd, 4319088.493, 100
Trd, 4319088.693, 103
Trd, 4319089.743, 102
Trd, 4319092.143, 97
Trd, 4319092.893, 95
Trd, 4319094.043, 98
Trd, 4319094.693, 91
Trd, 4319096.493, 95
Trd, 4319097.293, 95
Trd, 4319097.793, 95
Trd, 4319100.093, 105
Trd, 4319100.743, 101
Trd, 4319100.943, 100
Trd, 4319102.643, 97
Trd, 4319103.543, 98
Trd, 4319107.393, 102
Trd, 4319107.543, 106
Trd, 4319108.093, 104
Trd, 4319109.243, 104
Trd, 4319110.293, 106
Trd, 4319112.293, 94
Trd, 4319113.543, 86
Trd, 4319113.893, 98
Trd, 4319115.393, 98
Trd, 4319116.593, 98
Trd, 4319117.143, 98
Trd, 4319118.443, 98
Trd, 4319119.393, 100
Trd, 4319121.043, 102
Trd, 4319121.193, 103
Trd, 4319121.593, 101
Trd, 4319122.343, 108
Trd, 4319123.593, 97
Trd, 4319123.743, 94
Trd, 4319125.493, 122
Trd, 4319126.393, 91
Trd, 4319128.443, 99
Trd, 4319129.393, 101
Trd, 4319130.393, 101
Trd, 4319132.443, 113
Trd, 4319132.893, 104
Trd, 4319133.243, 104
Trd, 4319136.943, 101
Trd, 4319137.043, 100
Trd, 4319137.793, 105
Trd, 4319139.593, 100
Trd, 4319141.243, 100
Trd, 4319141.593, 99
Trd, 4319143.143, 99
Trd, 4319143.243, 111
Trd, 4319145.593, 99
Trd, 4319145.693, 93
Trd, 4319145.943, 86
Trd, 4319146.243, 115
Trd, 4319149.843, 99
Trd, 4319152.093, 103
Trd, 4319152.843, 95
Trd, 4319153.443, 98
Trd, 4319153.493, 94
Trd, 4319154.593, 97
Trd, 4319155.193, 95
Trd, 4319159.243, 103
Trd, 4319159.543, 102
Trd, 4319159.643, 104
Trd, 4319160.843, 103
Trd, 4319161.643, 105
Trd, 4319162.543, 104
Trd, 4319163.243, 105
Trd, 4319165.143, 119
Trd, 4319165.193, 95
Trd, 4319167.143, 79
Trd, 4319167.543, 77
Trd, 4319169.443, 78
Trd, 4319169.993, 102
Trd, 4319172.343, 89
Trd, 4319174.093, 93
Trd, 4319175.493, 95
Trd, 4319176.393, 101
Trd, 4319176.593, 95
Trd, 4319178.743, 103
Trd, 4319179.343, 105
Trd, 4319180.843, 101
Trd, 4319182.293, 113
Trd, 4319182.593, 99
Trd, 4319184.543, 97
Trd, 4319186.493, 99
Trd, 4319186.743, 95
Trd, 4319188.543, 107
Trd, 4319189.543, 92
Trd, 4319191.543, 101
Trd, 4319192.793, 107
Trd, 4319192.843, 103
Trd, 4319192.893, 102
Trd, 4319195.343, 101
Trd, 4319197.893, 103
Trd, 4319199.143, 104
Trd, 4319199.293, 94
Trd, 4319201.843, 102
Trd, 4319204.693, 103
Trd, 4319205.193, 106
Trd, 4319205.343, 104
Trd, 4319205.993, 104
Trd, 4319206.093, 102
Trd, 4319206.993, 116
Trd, 4319208.493, 101
Trd, 4319210.443, 103
Trd, 4319210.693, 102
Trd, 4319213.543, 87
Trd, 4319214.093, 110
Trd, 4319214.793, 96
Trd, 4319215.093, 95
Trd, 4319218.293, 105
Trd, 4319218.343, 101
Trd, 4319218.543, 101
Trd, 4319220.493, 86
Trd, 4319220.543, 77
Trd, 4319222.493, 99
Trd, 4319225.143, 100
Trd, 4319226.493, 100
Trd, 4319228.293, 105
Trd, 4319229.443, 95
Trd, 4319231.293, 99
Trd, 4319231.693, 102
Trd, 4319231.843, 98
Trd, 4319232.093, 98
Trd, 4319233.043, 94
Trd, 4319236.343, 102
Trd, 4319236.643, 102
Trd, 4319237.093, 101
Trd, 4319238.843, 96
Trd, 4319239.193, 113
Trd, 4319240.143, 96
Trd, 4319240.943, 88
Trd, 4319242.793, 98
Trd, 4319244.743, 100
Trd, 4319245.193, 98
Trd, 4319246.343, 101
Trd, 4319247.743, 102
Trd, 4319248.393, 96
Trd, 4319250.843, 100
Trd, 4319252.043, 102
Trd, 4319252.443, 101
Trd, 4319252.843, 94
Trd, 4319252.993, 95
Trd, 4319254.893, 113
Trd, 4319256.393, 81
Trd, 4319256.943, 113
Trd, 4319259.243, 105
Trd, 4319259.543, 102
Trd, 4319261.193, 102
Trd, 4319262.793, 120
Trd, 4319266.693, 100
Trd, 4319267.293, 108
Trd, 4319267.993, 102
Trd, 4319268.043, 100
Trd, 4319268.193, 94
Trd, 4319275.043, 108
Trd, 4319275.743, 108
Trd, 4319276.193, 108
Trd, 4319276.243, 113
Trd, 4319276.493, 104
Trd, 4319277.143, 95
Trd, 4319277.793, 87
Trd, 4319279.443, 87
Trd, 4319280.743, 112
Trd, 4319281.293, 95
Trd, 4319283.793, 102
Trd, 4319283.893, 99
Trd, 4319284.593, 114
Trd, 4319287.193, 103
Trd, 4319289.543, 105
Trd, 4319290.893, 104
Trd, 4319291.043, 94
Trd, 4319291.393, 77
Trd, 4319292.993, 76
Trd, 4319294.143, 102
Trd, 4319294.643, 96
Trd, 4319295.993, 98
Trd, 4319296.193, 98
Trd, 4319296.643, 95
Trd, 4319297.943, 86
Trd, 4319299.193, 81
Trd, 4319300.293, 104
Trd, 4319300.393, 83
Trd, 4319301.193, 104
Trd, 4319303.593, 102
Trd, 4319304.293, 116
Trd, 4319306.443, 77
Trd, 4319307.943, 77
Trd, 4319308.043, 86
Trd, 4319309.943, 84
Trd, 4319310.843, 87
Trd, 4319311.293, 86
Trd, 4319311.393, 95
Trd, 4319314.943, 99
Trd, 4319315.643, 106
Trd, 4319315.843, 105
Trd, 4319316.093, 116
Trd, 4319316.143, 104
Trd, 4319316.543, 100
Trd, 4319319.493, 96
Trd, 4319319.843, 97
Trd, 4319322.043, 104
Trd, 4319322.893, 101
Trd, 4319323.143, 101
Trd, 4319323.393, 95
Trd, 4319324.943, 86
Trd, 4319325.343, 100
Trd, 4319327.893, 104
Trd, 4319331.093, 105
Trd, 4319331.493, 104
Trd, 4319331.893, 113
Trd, 4319332.043, 95
Trd, 4319332.543, 77
Trd, 4319334.993, 80
Trd, 4319335.343, 121
Trd, 4319336.493, 84
Trd, 4319336.943, 83
Trd, 4319339.293, 94
Trd, 4319339.543, 103
Trd, 4319342.543, 95
Trd, 4319343.643, 98
Trd, 4319343.943, 96
Trd, 4319344.493, 95
Trd, 4319344.693, 86
Trd, 4319345.543, 96
Trd, 4319346.393, 96
Trd, 4319346.793, 104
Trd, 4319347.243, 96
Trd, 4319349.043, 118
Trd, 4319350.693, 98
Trd, 4319351.643, 100
Trd, 4319353.243, 98
Trd, 4319353.493, 96
Trd, 4319353.843, 95
Trd, 4319355.643, 100
Trd, 4319355.893, 79
Trd, 4319358.693, 95
Trd, 4319358.793, 95
Trd, 4319361.643, 100
Trd, 4319362.743, 101
Trd, 4319363.743, 101
Trd, 4319363.943, 102
Trd, 4319365.243, 104
Trd, 4319367.493, 103
Trd, 4319367.743, 98
Trd, 4319368.393, 97
Trd, 4319368.743, 95
Trd, 4319368.793, 110
Trd, 4319371.043, 97
Trd, 4319373.143, 101
Trd, 4319374.593, 98
Trd, 4319376.643, 100
Trd, 4319377.093, 100
Trd, 4319377.493, 100
Trd, 4319378.993, 105
Trd, 4319380.393, 104
Trd, 4319380.843, 102
Trd, 4319381.243, 101
Trd, 4319383.793, 96
Trd, 4319384.693, 96
Trd, 4319387.543, 99
Trd, 4319388.643, 104
Trd, 4319391.043, 101
Trd, 4319391.593, 100
Trd, 4319393.343, 95
Trd, 4319394.243, 90
Trd, 4319395.893, 96
Trd, 4319396.193, 96
Trd, 4319396.543, 96
Trd, 4319397.393, 103
Trd, 4319400.143, 96
Trd, 4319400.443, 95
Trd, 4319402.493, 98
Trd, 4319402.643, 96
Trd, 4319403.243, 95
Trd, 4319403.993, 97
Trd, 4319406.143, 96
Trd, 4319406.243, 95
Trd, 4319406.443, 105
Trd, 4319408.693, 92
Trd, 4319408.943, 91
Trd, 4319410.693, 102
Trd, 4319412.743, 96
Trd, 4319413.743, 95
Trd, 4319416.793, 93
Trd, 4319417.993, 103
Trd, 4319418.943, 104
Trd, 4319418.993, 102
Trd, 4319419.143, 100
Trd, 4319422.093, 96
Trd, 4319422.943, 97
Trd, 4319425.293, 97
Trd, 4319425.443, 95
Trd, 4319425.543, 101
Trd, 4319426.843, 88
Trd, 4319429.393, 94
Trd, 4319429.993, 78
Trd, 4319432.143, 108
Trd, 4319432.343, 84
Trd, 4319432.843, 85
Trd, 4319433.843, 83
Trd, 4319436.093, 101
Trd, 4319438.793, 92
Trd, 4319440.693, 97
Trd, 4319440.993, 96
Trd, 4319441.693, 95
Trd, 4319442.293, 105
Trd, 4319444.193, 94
Trd, 4319444.393, 93
Trd, 4319444.743, 87
Trd, 4319445.393, 86
Trd, 4319446.393, 108
Trd, 4319448.243, 95
Trd, 4319449.343, 91
Trd, 4319450.543, 92
Trd, 4319450.893, 90
Trd, 4319451.393, 86
Trd, 4319454.293, 94
Trd, 4319455.743, 99
Trd, 4319457.043, 97
Trd, 4319457.093, 96
Trd, 4319460.143, 99
Trd, 4319460.693, 86
Trd, 4319461.943, 96
Trd, 4319462.443, 96
Trd, 4319462.843, 95
Trd, 4319467.293, 108
Trd, 4319468.043, 110
Trd, 4319468.743, 113
Trd, 4319468.993, 109
Trd, 4319470.143, 105
Trd, 4319471.743, 105
Trd, 4319474.043, 104
Trd, 4319474.093, 102
Trd, 4319475.293, 104
Trd, 4319476.593, 95
Trd, 4319478.143, 90
Trd, 4319478.893, 95
Trd, 4319480.443, 99
Trd, 4319480.993, 97
Trd, 4319484.693, 106
Trd, 4319485.143, 116
Trd, 4319485.193, 105
Trd, 4319486.543, 105
Trd, 4319486.943, 104
Trd, 4319491.143, 110
Trd, 4319492.093, 106
Trd, 4319492.293, 105
Trd, 4319493.993, 105
Trd, 4319494.093, 104
Trd, 4319494.543, 78
Trd, 4319495.793, 118
Trd, 4319497.443, 122
Trd, 4319497.793, 96
Trd, 4319498.143, 95
Trd, 4319499.893, 92
Trd, 4319502.643, 102
Trd, 4319502.843, 101
Trd, 4319506.443, 104
Trd, 4319506.593, 106
Trd, 4319506.893, 102
Trd, 4319507.493, 97
Trd, 4319508.743, 95
Trd, 4319510.243, 103
Trd, 4319511.093, 95
Trd, 4319513.693, 102
Trd, 4319514.043, 101
Trd, 4319515.293, 100
Trd, 4319515.593, 98
Trd, 4319516.543, 102
Trd, 4319517.743, 98
Trd, 4319518.093, 113
Trd, 4319520.293, 101
Trd, 4319520.543, 102
Trd, 4319521.693, 102
Trd, 4319522.943, 94
Trd, 4319523.843, 102
Trd, 4319525.993, 101
Trd, 4319526.143, 100
Trd, 4319526.393, 95
Trd, 4319526.443, 86
Trd, 4319531.493, 94
Trd, 4319531.743, 87
Trd, 4319531.893, 96
Trd, 4319532.243, 87
Trd, 4319533.643, 95
Trd, 4319533.993, 106
Trd, 4319537.393, 108
Trd, 4319537.943, 109
Trd, 4319538.043, 108
Trd, 4319540.493, 113
Trd, 4319541.043, 113
Trd, 4319541.543, 87
Trd, 4319542.243, 95
Trd, 4319544.343, 100
Trd, 4319544.443, 100
Trd, 4319545.793, 101
Trd, 4319546.293, 98
Trd, 4319547.193, 94
Trd, 4319548.443, 91
Trd, 4319549.043, 113
Trd, 4319549.543, 87
Trd, 4319549.993, 86
Trd, 4319553.593, 101
Trd, 4319555.093, 98
Trd, 4319555.893, 99
Trd, 4319556.693, 100
Trd, 4319557.393, 101
Trd, 4319558.193, 101
Trd, 4319560.243, 94
Trd, 4319561.693, 93
Trd, 4319563.993, 99
Trd, 4319564.293, 98
Trd, 4319564.493, 94
Trd, 4319564.543, 86
Trd, 4319566.193, 102
Trd, 4319570.243, 89
Trd, 4319570.793, 101
Trd, 4319571.793, 96
Trd, 4319572.143, 96
Trd, 4319573.393, 100
Trd, 4319573.743, 100
Trd, 4319574.443, 98
Trd, 4319575.143, 88
Trd, 4319576.193, 99
Trd, 4319579.343, 106
Trd, 4319579.843, 114
Trd, 4319580.943, 106
Trd, 4319581.443, 105
Trd, 4319582.393, 104
Trd, 4319585.043, 100
Trd, 4319586.243, 103
Trd, 4319586.593, 101
Trd, 4319587.243, 98
Trd, 4319588.943, 99
Trd, 4319590.293, 96
Trd, 4319590.893, 97
Trd, 4319590.943, 96
Trd, 4319593.843, 100
Trd, 4319594.243, 100
Trd, 4319595.443, 104
Trd, 4319597.443, 102
Trd, 4319597.543, 100
Trd, 4319599.343, 102
Trd, 4319600.343, 94
Trd, 4319602.393, 90
Trd, 4319602.493, 88
Trd, 4319603.543, 89
Trd, 4319604.393, 89
Trd, 4319604.693, 93
Trd, 4319607.243, 94
Trd, 4319609.343, 100
Trd, 4319610.393, 100
Trd, 4319611.243, 97
Trd, 4319612.443, 94
Trd, 4319612.943, 86
Trd, 4319613.293, 104
Trd, 4319615.793, 86
Trd, 4319617.093, 97
Trd, 4319618.543, 95
Trd, 4319618.643, 106
Trd, 4319621.093, 86
Trd, 4319622.043, 72
Trd, 4319625.443, 86
Trd, 4319626.093, 98
Trd, 4319626.843, 109
Trd, 4319626.943, 100
Trd, 4319628.043, 102
Trd, 4319629.043, 107
Trd, 4319630.193, 103
Trd, 4319631.143, 104
Trd, 4319632.293, 107
Trd, 4319633.143, 95
Trd, 4319634.243, 86
Trd, 4319635.793, 73
Trd, 4319636.243, 95
Trd, 4319639.043, 83
Trd, 4319641.343, 91
Trd, 4319641.643, 92
Trd, 4319642.293, 89
Trd, 4319642.693, 98
Trd, 4319646.093, 100
Trd, 4319646.443, 96
Trd, 4319646.693, 95
Trd, 4319648.243, 96
Trd, 4319648.943, 95
Trd, 4319649.893, 89
Trd, 4319650.393, 94
Trd, 4319651.193, 88
Trd, 4319653.443, 83
Trd, 4319655.043, 100
Trd, 4319655.243, 99
Trd, 4319655.643, 98
Trd, 4319657.793, 102
Trd, 4319657.843, 101
Trd, 4319658.293, 95
Trd, 4319658.393, 104
Trd, 4319660.043, 114
Trd, 4319660.443, 89
Trd, 4319662.393, 96
Trd, 4319664.943, 99
Trd, 4319666.393, 97
Trd, 4319667.343, 96
Trd, 4319668.393, 100
Trd, 4319668.943, 101
Trd, 4319670.743, 102
Trd, 4319671.343, 103
Trd, 4319671.743, 102
Trd, 4319673.543, 102
Trd, 4319674.443, 96
Trd, 4319676.543, 106
Trd, 4319677.093, 97
Trd, 4319677.343, 95
Trd, 4319679.993, 87
Trd, 4319682.643, 102
Trd, 4319683.843, 103
Trd, 4319684.793, 103
Trd, 4319684.993, 100
Trd, 4319686.043, 99
Trd, 4319686.393, 104
Trd, 4319687.643, 98
Trd, 4319687.793, 97
Trd, 4319690.793, 119
Trd, 4319691.443, 99
Trd, 4319693.043, 97
Trd, 4319693.893, 95
Trd, 4319696.643, 96
Trd, 4319699.243, 101
Trd, 4319699.393, 99
Trd, 4319699.543, 102
Trd, 4319701.143, 101
Trd, 4319702.793, 100
Trd, 4319704.343, 99
Trd, 4319705.093, 100
Trd, 4319705.843, 101
Trd, 4319706.393, 101
Trd, 4319708.793, 105
Trd, 4319709.793, 113
Trd, 4319710.343, 94
Trd, 4319712.693, 106
Trd, 4319712.893, 95
Trd, 4319715.143, 99
Trd, 4319717.643, 100
Trd, 4319718.143, 99
Trd, 4319718.743, 87
Trd, 4319719.893, 86
Trd, 4319720.093, 79
Trd, 4319720.593, 106
Trd, 4319722.443, 95
Trd, 4319723.693, 102
Trd, 4319725.293, 85
Trd, 4319728.043, 94
Trd, 4319728.143, 93
Trd, 4319728.393, 102
Trd, 4319729.493, 92
Trd, 4319730.943, 100
Trd, 4319731.943, 101
Trd, 4319733.893, 100
Trd, 4319734.943, 104
Trd, 4319737.743, 104
Trd, 4319738.143, 93
Trd, 4319738.343, 111
Trd, 4319740.243, 90
Trd, 4319740.543, 90
Trd, 4319743.243, 93
Trd, 4319743.493, 87
Trd, 4319744.243, 106
Trd, 4319744.443, 87
Trd, 4319748.843, 104
Trd, 4319749.543, 107
Trd, 4319750.093, 107
Trd, 4319750.943, 106
Trd, 4319750.993, 104
Trd, 4319751.443, 86
Trd, 4319754.393, 110
Trd, 4319754.893, 95
Trd, 4319756.193, 100
Trd, 4319756.643, 103
Trd, 4319756.843, 103
Trd, 4319758.993, 100
Trd, 4319759.393, 102
Trd, 4319759.593, 95
Trd, 4319764.093, 101
Trd, 4319764.743, 100
Trd, 4319766.643, 105
Trd, 4319767.193, 106
Trd, 4319767.793, 116
Trd, 4319769.143, 99
Trd, 4319771.243, 100
Trd, 4319771.943, 100
Trd, 4319772.493, 103
Trd, 4319773.193, 101
Trd, 4319774.043, 104
Trd, 4319774.243, 95
Trd, 4319775.693, 90
Trd, 4319778.093, 101
Trd, 4319778.893, 103
Trd, 4319780.193, 102
Trd, 4319780.543, 103
Trd, 4319781.343, 105
Trd, 4319781.993, 106
Trd, 4319782.993, 106
Trd, 4319783.293, 114
Trd, 4319783.493, 104
Trd, 4319786.593, 102
Trd, 4319788.143, 104
Trd, 4319790.293, 107
Trd, 4319791.243, 100
Trd, 4319792.543, 100
Trd, 4319792.643, 99
Trd, 4319794.093, 99
Trd, 4319794.693, 99
Trd, 4319795.893, 101
Trd, 4319796.693, 102
Trd, 4319798.093, 104
Trd, 4319799.293, 96
Trd, 4319801.543, 97
Trd, 4319801.893, 95
Trd, 4319802.143, 86
Trd, 4319802.643, 108
Trd, 4319803.693, 83
Trd, 4319805.193, 112
Trd, 4319805.743, 88
Trd, 4319809.743, 98
Trd, 4319810.093, 97
Trd, 4319810.593, 98
Trd, 4319810.743, 112
Trd, 4319811.193, 98
Trd, 4319811.243, 95
Trd, 4319814.093, 79
Trd, 4319815.893, 101
Trd, 4319817.043, 99
Trd, 4319817.193, 98
Trd, 4319817.743, 105
Trd, 4319818.543, 94
Trd, 4319822.243, 81
Trd, 4319824.093, 89
Trd, 4319825.943, 91
Trd, 4319826.393, 92
Trd, 4319827.393, 112
Trd, 4319827.643, 92
Trd, 4319829.943, 95
Trd, 4319831.093, 98
Trd, 4319831.193, 104
Trd, 4319832.893, 95
Trd, 4319833.293, 103
Trd, 4319833.743, 97
Trd, 4319836.893, 96
Trd, 4319838.493, 104
Trd, 4319839.443, 105
Trd, 4319840.093, 105
Trd, 4319840.593, 104
Trd, 4319840.643, 104
Trd, 4319841.943, 93
Trd, 4319843.893, 109
Trd, 4319845.293, 96
Trd, 4319847.093, 96
Trd, 4319848.443, 99
Trd, 4319848.793, 86
Trd, 4319850.393, 98
Trd, 4319851.243, 99
Trd, 4319853.743, 103
Trd, 4319853.943, 102
Trd, 4319854.743, 111
Trd, 4319856.043, 102
Trd, 4319857.093, 100
Trd, 4319858.993, 101
Trd, 4319859.893, 100
Trd, 4319860.793, 103
Trd, 4319862.743, 103
Trd, 4319865.143, 106
Trd, 4319865.443, 105
Trd, 4319865.743, 104
Trd, 4319867.993, 103
Trd, 4319868.343, 98
Trd, 4319870.393, 101
Trd, 4319870.443, 100
Trd, 4319871.043, 99
Trd, 4319871.543, 101
Trd, 4319871.893, 96
Trd, 4319872.943, 86
Trd, 4319873.843, 79
Trd, 4319876.093, 83
Trd, 4319876.493, 103
Trd, 4319877.093, 85
Trd, 4319878.893, 106
Trd, 4319879.243, 90
Trd, 4319882.393, 96
Trd, 4319882.543, 95
Trd, 4319884.093, 90
Trd, 4319886.443, 94
Trd, 4319886.643, 92
Trd, 4319886.943, 92
Trd, 4319887.293, 95
Trd, 4319889.743, 92
Trd, 4319891.693, 98
Trd, 4319892.893, 112
Trd, 4319895.043, 101
Trd, 4319895.193, 100
Trd, 4319895.643, 102
Trd, 4319898.943, 103
Trd, 4319899.043, 98
Trd, 4319899.643, 113
Trd, 4319899.743, 98
Trd, 4319901.193, 100
Trd, 4319903.693, 98
Trd, 4319904.793, 98
Trd, 4319906.943, 97
Trd, 4319908.793, 95
Trd, 4319909.743, 97
Trd, 4319910.393, 99
Trd, 4319912.143, 95
Trd, 4319913.093, 78
Trd, 4319913.443, 110
Trd, 4319914.243, 80
Trd, 4319916.993, 82
Trd, 4319917.193, 81
Trd, 4319919.843, 79
Trd, 4319920.093, 77
Trd, 4319920.293, 95
Trd, 4319921.143, 118
Trd, 4319922.693, 88
Trd, 4319923.693, 94
Trd, 4319924.743, 93
Trd, 4319925.743, 98
Trd, 4319926.393, 98
Trd, 4319927.243, 98
Trd, 4319928.293, 107
Trd, 4319928.893, 98
Trd, 4319929.943, 97
Trd, 4319932.043, 98
Trd, 4319933.193, 101
Trd, 4319934.593, 100
Trd, 4319934.693, 99
Trd, 4319935.843, 133
Trd, 4319935.893, 96
Trd, 4319935.943, 95
Trd, 4319936.793, 86
Trd, 4319940.593, 101
Trd, 4319942.343, 105
Trd, 4319942.693, 103
Trd, 4319943.493, 112
Trd, 4319944.193, 105
Trd, 4319945.043, 104
Trd, 4319945.743, 79
Trd, 4319946.343, 113
Trd, 4319947.593, 80
Trd, 4319948.193, 81
Trd, 4319949.593, 84
Trd, 4319951.093, 104
Trd, 4319951.593, 94
Trd, 4319952.393, 94
Trd, 4319955.593, 93
Trd, 4319955.843, 86
Trd, 4319956.493, 69
Trd, 4319957.943, 73
Trd, 4319960.043, 96
Trd, 4319960.443, 105
Trd, 4319962.193, 100
Trd, 4319963.243, 97
Trd, 4319965.143, 100
Trd, 4319965.243, 99
Trd, 4319967.993, 103
Trd, 4319968.193, 104
Trd, 4319968.243, 102
Trd, 4319969.793, 104
Trd, 4319970.543, 97
Trd, 4319970.643, 95
Trd, 4319972.443, 105
Trd, 4319973.043, 99
Trd, 4319977.493, 108
Trd, 4319978.093, 107
Trd, 4319978.943, 107
Trd, 4319980.593, 104
Trd, 4319984.143, 102
Trd, 4319984.393, 103
Trd, 4319985.893, 104
Trd, 4319986.093, 103
Trd, 4319986.593, 100
Trd, 4319987.593, 93
Trd, 4319988.293, 87
Trd, 4319988.993, 101
Trd, 4319990.643, 93
Trd, 4319992.393, 97
Trd, 4319993.043, 94
Trd, 4319994.493, 98
Trd, 4319996.693, 94
Trd, 4319996.743, 88
Trd, 4319997.693, 88
Trd, 4319998.343, 88
