Trd, 4318004.243, 79
Trd, 4318006.693, 114
Trd, 4318006.843, 115
Trd, 4318008.793, 122
Trd, 4318008.893, 113
Trd, 4318009.343, 122
Trd, 4318010.693, 113
Trd, 4318012.143, 106
Trd, 4318014.043, 110
Trd, 4318014.443, 104
Trd, 4318015.193, 86
Trd, 4318016.593, 106
Trd, 4318016.843, 108
Trd, 4318018.243, 112
Trd, 4318020.343, 112
Trd, 4318020.643, 104
Trd, 4318021.393, 113
Trd, 4318021.543, 114
Trd, 4318021.693, 95
Trd, 4318023.493, 103
Trd, 4318024.243, 110
Trd, 4318026.143, 110
Trd, 4318026.443, 111
Trd, 4318026.743, 132
Trd, 4318026.943, 96
Trd, 4318026.993, 90
Trd, 4318028.193, 86
Trd, 4318029.193, 112
Trd, 4318031.043, 98
Trd, 4318031.743, 94
Trd, 4318032.893, 95
Trd, 4318033.643, 104
Trd, 4318034.393, 129
Trd, 4318035.043, 122
Trd, 4318036.443, 96
Trd, 4318037.393, 84
Trd, 4318038.493, 96
Trd, 4318039.943, 99
Trd, 4318040.043, 104
Trd, 4318041.143, 110
Trd, 4318042.043, 96
Trd, 4318043.393, 80
Trd, 4318044.143, 91
Trd, 4318046.643, 82
Trd, 4318047.393, 98
Trd, 4318047.543, 99
Trd, 4318047.643, 104
Trd, 4318049.243, 92
Trd, 4318049.693, 92
Trd, 4318049.893, 111
Trd, 4318050.393, 102
Trd, 4318051.943, 80
Trd, 4318052.893, 104
Trd, 4318055.293, 110
Trd, 4318056.643, 104
Trd, 4318056.743, 82
Trd, 4318057.043, 104
Trd, 4318057.293, 109
Trd, 4318058.393, 113
Trd, 4318059.693, 94
Trd, 4318059.743, 95
Trd, 4318061.393, 122
Trd, 4318061.943, 103
Trd, 4318062.843, 86
Trd, 4318065.093, 116
Trd, 4318066.293, 111
Trd, 4318067.143, 104
Trd, 4318067.393, 95
Trd, 4318068.243, 96
Trd, 4318070.593, 98
Trd, 4318071.343, 98
Trd, 4318072.443, 81
Trd, 4318072.593, 88
Trd, 4318072.843, 102
Trd, 4318074.493, 87
Trd, 4318075.343, 100
Trd, 4318076.243, 103
Trd, 4318076.293, 104
Trd, 4318077.443, 104
Trd, 4318080.593, 104
Trd, 4318081.093, 100
Trd, 4318082.393, 101
Trd, 4318082.843, 89
Trd, 4318083.593, 91
Trd, 4318083.893, 92
Trd, 4318085.193, 122
Trd, 4318087.943, 123
Trd, 4318088.293, 103
Trd, 4318088.593, 122
Trd, 4318088.743, 125
Trd, 4318089.093, 95
Trd, 4318090.943, 96
Trd, 4318092.643, 78
Trd, 4318093.243, 104
Trd, 4318093.893, 97
Trd, 4318094.493, 84
Trd, 4318094.843, 77
Trd, 4318096.093, 108
Trd, 4318096.843, 112
Trd, 4318097.093, 132
Trd, 4318098.943, 104
Trd, 4318101.543, 113
Trd, 4318102.143, 104
Trd, 4318102.793, 95
Trd, 4318102.893, 113
Trd, 4318103.393, 86
Trd, 4318103.743, 113
Trd, 4318104.393, 122
Trd, 4318104.593, 131
Trd, 4318107.293, 139
Trd, 4318108.343, 113
Trd, 4318108.393, 104
Trd, 4318109.893, 133
Trd, 4318111.693, 112
Trd, 4318113.593, 126
Trd, 4318113.993, 104
Trd, 4318115.943, 113
Trd, 4318117.443, 122
Trd, 4318118.093, 121
Trd, 4318118.893, 121
Trd, 4318119.043, 103
Trd, 4318119.693, 113
Trd, 4318120.143, 95
Trd, 4318120.393, 132
Trd, 4318121.143, 86
Trd, 4318123.143, 117
Trd, 4318123.793, 118
Trd, 4318124.593, 103
Trd, 4318125.743, 111
Trd, 4318126.393, 120
Trd, 4318127.593, 120
Trd, 4318127.643, 104
Trd, 4318130.293, 120
Trd, 4318130.843, 95
Trd, 4318131.843, 118
Trd, 4318133.143, 116
Trd, 4318133.193, 119
Trd, 4318135.443, 113
Trd, 4318135.493, 121
Trd, 4318137.893, 89
Trd, 4318138.393, 97
Trd, 4318139.143, 104
Trd, 4318140.393, 78
Trd, 4318140.443, 123
Trd, 4318140.943, 125
Trd, 4318141.943, 125
Trd, 4318143.043, 122
Trd, 4318144.693, 117
Trd, 4318145.443, 113
Trd, 4318145.993, 121
Trd, 4318146.343, 103
Trd, 4318147.943, 95
Trd, 4318149.643, 112
Trd, 4318149.793, 117
Trd, 4318150.043, 117
Trd, 4318151.793, 113
Trd, 4318152.443, 122
Trd, 4318153.243, 120
Trd, 4318153.793, 86
Trd, 4318155.743, 101
Trd, 4318156.043, 102
Trd, 4318156.743, 122
Trd, 4318157.693, 120
Trd, 4318159.443, 100
Trd, 4318159.643, 95
Trd, 4318161.193, 113
Trd, 4318161.593, 95
Trd, 4318162.793, 109
Trd, 4318164.093, 98
Trd, 4318165.043, 102
Trd, 4318165.743, 113
Trd, 4318167.293, 113
Trd, 4318167.543, 123
Trd, 4318169.493, 113
Trd, 4318169.893, 122
Trd, 4318170.343, 103
Trd, 4318170.893, 122
Trd, 4318172.943, 113
Trd, 4318173.143, 104
Trd, 4318174.393, 115
Trd, 4318174.843, 115
Trd, 4318175.943, 95
Trd, 4318177.593, 100
Trd, 4318177.843, 104
Trd, 4318177.893, 86
Trd, 4318178.193, 113
Trd, 4318178.543, 122
Trd, 4318179.993, 134
Trd, 4318181.193, 104
Trd, 4318181.493, 95
Trd, 4318181.693, 122
Trd, 4318184.743, 101
Trd, 4318186.193, 88
Trd, 4318186.393, 114
Trd, 4318186.943, 113
Trd, 4318187.193, 114
Trd, 4318188.143, 115
Trd, 4318189.593, 111
Trd, 4318190.293, 104
Trd, 4318193.393, 104
Trd, 4318193.793, 92
Trd, 4318194.293, 89
Trd, 4318194.943, 97
Trd, 4318195.143, 99
Trd, 4318196.143, 111
Trd, 4318196.593, 113
Trd, 4318196.843, 86
Trd, 4318197.793, 95
Trd, 4318198.143, 125
Trd, 4318199.093, 120
Trd, 4318200.093, 121
Trd, 4318201.043, 81
Trd, 4318201.893, 93
Trd, 4318202.293, 100
Trd, 4318203.543, 98
Trd, 4318204.043, 111
Trd, 4318205.243, 94
Trd, 4318205.993, 96
Trd, 4318206.843, 80
Trd, 4318208.093, 97
Trd, 4318208.343, 77
Trd, 4318209.843, 110
Trd, 4318210.643, 110
Trd, 4318210.993, 119
Trd, 4318212.343, 117
Trd, 4318213.493, 118
Trd, 4318213.643, 101
Trd, 4318213.943, 96
Trd, 4318215.343, 95
Trd, 4318216.943, 120
Trd, 4318217.693, 120
Trd, 4318220.143, 111
Trd, 4318220.993, 113
Trd, 4318221.843, 95
Trd, 4318222.493, 107
Trd, 4318222.793, 103
Trd, 4318222.993, 106
Trd, 4318224.193, 104
Trd, 4318225.193, 107
Trd, 4318225.443, 113
Trd, 4318226.243, 95
Trd, 4318227.143, 101
Trd, 4318228.043, 83
Trd, 4318228.593, 117
Trd, 4318229.643, 101
Trd, 4318230.543, 101
Trd, 4318231.593, 95
Trd, 4318232.693, 104
Trd, 4318234.643, 102
Trd, 4318235.443, 103
Trd, 4318235.993, 104
Trd, 4318236.693, 88
Trd, 4318236.993, 113
Trd, 4318237.943, 101
Trd, 4318239.193, 86
Trd, 4318239.593, 77
Trd, 4318239.643, 95
Trd, 4318241.293, 102
Trd, 4318242.393, 101
Trd, 4318244.243, 76
Trd, 4318244.443, 78
Trd, 4318246.293, 104
Trd, 4318246.993, 87
Trd, 4318247.293, 120
Trd, 4318248.293, 134
Trd, 4318248.493, 131
Trd, 4318249.893, 97
Trd, 4318250.593, 103
Trd, 4318252.193, 119
Trd, 4318252.793, 87
Trd, 4318254.443, 116
Trd, 4318254.593, 118
Trd, 4318255.343, 112
Trd, 4318258.093, 99
Trd, 4318258.193, 113
Trd, 4318260.793, 90
Trd, 4318261.343, 87
Trd, 4318261.993, 90
Trd, 4318262.493, 86
Trd, 4318262.693, 95
Trd, 4318263.393, 103
Trd, 4318263.693, 104
Trd, 4318263.893, 113
Trd, 4318266.043, 75
Trd, 4318266.943, 91
Trd, 4318267.643, 73
Trd, 4318268.343, 88
Trd, 4318270.193, 90
Trd, 4318270.343, 95
Trd, 4318270.443, 104
Trd, 4318272.743, 111
Trd, 4318273.043, 112
Trd, 4318274.193, 112
Trd, 4318274.543, 104
Trd, 4318276.193, 104
Trd, 4318277.743, 95
Trd, 4318277.793, 117
Trd, 4318278.143, 119
Trd, 4318278.193, 86
Trd, 4318278.743, 77
Trd, 4318279.943, 95
Trd, 4318280.493, 123
Trd, 4318284.243, 115
Trd, 4318285.143, 113
Trd, 4318285.193, 104
Trd, 4318285.743, 97
Trd, 4318286.243, 112
Trd, 4318287.243, 88
Trd, 4318287.743, 111
Trd, 4318290.493, 118
Trd, 4318290.743, 104
Trd, 4318292.643, 115
Trd, 4318292.843, 115
Trd, 4318293.693, 113
Trd, 4318294.193, 114
Trd, 4318296.193, 110
Trd, 4318296.893, 103
Trd, 4318297.543, 89
Trd, 4318297.893, 86
Trd, 4318298.393, 96
Trd, 4318298.793, 96
Trd, 4318298.893, 97
Trd, 4318300.793, 78
Trd, 4318302.343, 83
Trd, 4318303.543, 103
Trd, 4318304.493, 99
Trd, 4318305.643, 104
Trd, 4318307.443, 108
Trd, 4318308.193, 104
Trd, 4318308.493, 95
Trd, 4318310.243, 113
Trd, 4318311.443, 113
Trd, 4318312.043, 119
Trd, 4318313.143, 103
Trd, 4318313.943, 118
Trd, 4318314.293, 89
Trd, 4318314.543, 120
Trd, 4318314.793, 122
Trd, 4318314.893, 86
Trd, 4318315.293, 100
Trd, 4318318.043, 134
Trd, 4318321.043, 104
Trd, 4318321.343, 124
Trd, 4318322.843, 113
Trd, 4318322.993, 115
Trd, 4318323.743, 121
Trd, 4318323.943, 104
Trd, 4318324.643, 95
Trd, 4318325.143, 94
Trd, 4318325.393, 95
Trd, 4318326.043, 104
Trd, 4318327.293, 121
Trd, 4318329.693, 125
Trd, 4318329.743, 103
Trd, 4318331.593, 124
Trd, 4318332.193, 121
Trd, 4318332.843, 110
Trd, 4318333.193, 95
Trd, 4318336.343, 112
Trd, 4318336.643, 104
Trd, 4318337.143, 111
Trd, 4318337.943, 110
Trd, 4318338.093, 111
Trd, 4318339.743, 104
Trd, 4318340.593, 96
Trd, 4318340.693, 87
Trd, 4318341.243, 109
Trd, 4318343.343, 105
Trd, 4318344.093, 120
Trd, 4318345.293, 113
Trd, 4318346.893, 102
Trd, 4318346.993, 116
Trd, 4318348.843, 94
Trd, 4318349.193, 104
Trd, 4318350.893, 88
Trd, 4318351.893, 113
Trd, 4318352.943, 81
Trd, 4318353.693, 96
Trd, 4318354.093, 98
Trd, 4318354.593, 104
Trd, 4318356.143, 110
Trd, 4318356.643, 104
Trd, 4318357.593, 86
Trd, 4318357.993, 110
Trd, 4318358.743, 69
Trd, 4318359.493, 71
Trd, 4318359.593, 111
Trd, 4318360.743, 95
Trd, 4318360.993, 113
Trd, 4318362.543, 121
Trd, 4318364.343, 119
Trd, 4318364.543, 113
Trd, 4318365.293, 120
Trd, 4318365.393, 131
Trd, 4318368.343, 113
Trd, 4318368.543, 102
Trd, 4318368.793, 113
Trd, 4318369.493, 86
Trd, 4318371.093, 109
Trd, 4318372.043, 101
Trd, 4318372.593, 105
Trd, 4318374.043, 90
Trd, 4318374.993, 104
Trd, 4318376.293, 117
Trd, 4318376.893, 78
Trd, 4318379.093, 77
Trd, 4318379.943, 79
Trd, 4318379.993, 79
Trd, 4318381.193, 90
Trd, 4318381.643, 89
Trd, 4318384.193, 72
Trd, 4318384.343, 96
Trd, 4318385.843, 84
Trd, 4318385.893, 112
Trd, 4318386.243, 112
Trd, 4318389.493, 94
Trd, 4318389.793, 98
Trd, 4318389.893, 80
Trd, 4318390.143, 123
Trd, 4318392.443, 122
Trd, 4318392.843, 113
Trd, 4318393.543, 101
Trd, 4318397.293, 82
Trd, 4318397.343, 83
Trd, 4318398.043, 86
Trd, 4318398.093, 82
Trd, 4318398.943, 97
Trd, 4318399.093, 103
Trd, 4318399.793, 104
Trd, 4318401.293, 113
Trd, 4318402.543, 87
Trd, 4318404.293, 101
Trd, 4318404.593, 101
Trd, 4318404.793, 104
Trd, 4318404.943, 83
Trd, 4318405.793, 123
Trd, 4318406.993, 103
Trd, 4318407.393, 104
Trd, 4318409.193, 88
Trd, 4318409.343, 114
Trd, 4318410.543, 94
Trd, 4318411.593, 92
Trd, 4318414.043, 94
Trd, 4318414.543, 97
Trd, 4318414.893, 104
Trd, 4318415.043, 86
Trd, 4318416.193, 111
Trd, 4318416.493, 78
Trd, 4318417.393, 104
Trd, 4318417.843, 93
Trd, 4318420.493, 95
Trd, 4318421.193, 96
Trd, 4318421.393, 104
Trd, 4318421.643, 105
Trd, 4318424.243, 104
Trd, 4318424.493, 121
Trd, 4318426.493, 87
Trd, 4318426.743, 94
Trd, 4318427.493, 96
Trd, 4318427.993, 104
Trd, 4318428.443, 127
Trd, 4318429.293, 113
Trd, 4318430.993, 95
Trd, 4318431.143, 100
Trd, 4318433.043, 122
Trd, 4318433.793, 126
Trd, 4318434.343, 95
Trd, 4318434.943, 123
Trd, 4318435.793, 122
Trd, 4318437.693, 119
Trd, 4318438.943, 111
Trd, 4318440.343, 95
Trd, 4318440.693, 104
Trd, 4318441.143, 87
Trd, 4318441.643, 103
Trd, 4318443.943, 104
Trd, 4318444.493, 122
Trd, 4318445.193, 123
Trd, 4318447.093, 113
Trd, 4318447.293, 113
Trd, 4318447.643, 117
Trd, 4318449.043, 104
Trd, 4318449.643, 100
Trd, 4318450.143, 95
Trd, 4318450.243, 86
Trd, 4318450.343, 122
Trd, 4318453.293, 79
Trd, 4318453.843, 81
Trd, 4318455.043, 86
Trd, 4318455.493, 95
Trd, 4318455.843, 104
Trd, 4318456.493, 113
Trd, 4318456.993, 103
Trd, 4318457.243, 113
Trd, 4318459.893, 122
Trd, 4318460.593, 126
Trd, 4318461.093, 113
Trd, 4318464.043, 113
Trd, 4318464.193, 104
Trd, 4318464.743, 97
Trd, 4318465.093, 103
Trd, 4318465.143, 104
Trd, 4318466.793, 112
Trd, 4318468.543, 108
Trd, 4318470.143, 102
Trd, 4318470.193, 107
Trd, 4318471.143, 95
Trd, 4318471.543, 99
Trd, 4318472.593, 100
Trd, 4318474.293, 112
Trd, 4318474.543, 113
Trd, 4318475.593, 113
Trd, 4318475.743, 120
Trd, 4318476.993, 85
Trd, 4318477.193, 124
Trd, 4318477.493, 96
Trd, 4318478.743, 113
Trd, 4318480.993, 103
Trd, 4318482.343, 96
Trd, 4318483.193, 107
Trd, 4318483.943, 86
Trd, 4318485.093, 111
Trd, 4318486.693, 103
Trd, 4318488.093, 84
Trd, 4318488.243, 110
Trd, 4318488.543, 113
Trd, 4318489.043, 78
Trd, 4318490.393, 92
Trd, 4318491.243, 104
Trd, 4318491.443, 81
Trd, 4318494.043, 117
Trd, 4318494.793, 118
Trd, 4318495.443, 102
Trd, 4318497.543, 118
Trd, 4318498.443, 113
Trd, 4318498.743, 103
Trd, 4318499.143, 120
Trd, 4318500.543, 85
Trd, 4318501.193, 131
Trd, 4318502.393, 122
Trd, 4318502.943, 100
Trd, 4318503.643, 126
Trd, 4318506.893, 91
Trd, 4318507.243, 96
Trd, 4318508.093, 99
Trd, 4318508.693, 104
Trd, 4318509.793, 95
Trd, 4318510.593, 97
Trd, 4318511.293, 98
Trd, 4318512.993, 98
Trd, 4318513.043, 104
Trd, 4318513.543, 84
Trd, 4318515.193, 109
Trd, 4318515.743, 95
Trd, 4318515.993, 98
Trd, 4318517.543, 96
Trd, 4318518.093, 97
Trd, 4318518.793, 102
Trd, 4318520.443, 77
Trd, 4318520.693, 107
Trd, 4318522.393, 112
Trd, 4318523.593, 128
Trd, 4318525.143, 128
Trd, 4318527.543, 104
Trd, 4318528.193, 99
Trd, 4318528.743, 95
Trd, 4318529.293, 83
Trd, 4318530.593, 86
Trd, 4318531.693, 102
Trd, 4318531.793, 104
Trd, 4318533.093, 106
Trd, 4318533.343, 104
Trd, 4318533.943, 95
Trd, 4318534.793, 86
Trd, 4318535.293, 97
Trd, 4318535.993, 111
Trd, 4318537.393, 108
Trd, 4318538.943, 107
Trd, 4318539.243, 104
Trd, 4318539.543, 113
Trd, 4318540.043, 96
Trd, 4318542.243, 103
Trd, 4318542.693, 119
Trd, 4318544.143, 95
Trd, 4318544.193, 86
Trd, 4318545.793, 110
Trd, 4318545.893, 112
Trd, 4318546.843, 90
Trd, 4318547.293, 113
Trd, 4318548.843, 104
Trd, 4318550.143, 126
Trd, 4318550.593, 126
Trd, 4318551.243, 122
Trd, 4318553.243, 113
Trd, 4318553.843, 96
Trd, 4318554.643, 101
Trd, 4318554.793, 102
Trd, 4318555.493, 95
Trd, 4318555.543, 104
Trd, 4318555.843, 86
Trd, 4318557.643, 130
Trd, 4318559.343, 104
Trd, 4318560.643, 122
Trd, 4318561.243, 123
Trd, 4318562.443, 123
Trd, 4318564.493, 120
Trd, 4318564.993, 112
Trd, 4318565.343, 121
Trd, 4318566.293, 85
Trd, 4318567.293, 118
Trd, 4318568.793, 84
Trd, 4318568.843, 96
Trd, 4318571.743, 93
Trd, 4318573.093, 102
Trd, 4318573.593, 85
Trd, 4318574.543, 84
Trd, 4318575.243, 104
Trd, 4318575.493, 104
Trd, 4318576.593, 95
Trd, 4318576.793, 96
Trd, 4318577.943, 89
Trd, 4318578.843, 99
Trd, 4318579.193, 86
Trd, 4318580.193, 100
Trd, 4318580.493, 102
Trd, 4318580.693, 78
Trd, 4318582.343, 104
Trd, 4318582.893, 113
Trd, 4318584.743, 120
Trd, 4318584.893, 102
Trd, 4318587.443, 113
Trd, 4318587.593, 120
Trd, 4318587.993, 86
Trd, 4318588.293, 122
Trd, 4318589.643, 121
Trd, 4318589.893, 125
Trd, 4318591.493, 122
Trd, 4318591.793, 112
Trd, 4318592.493, 95
Trd, 4318594.343, 109
Trd, 4318594.543, 117
Trd, 4318596.043, 116
Trd, 4318596.543, 104
Trd, 4318597.493, 116
Trd, 4318600.743, 111
Trd, 4318601.493, 103
Trd, 4318601.843, 86
Trd, 4318602.493, 110
Trd, 4318603.793, 111
Trd, 4318604.393, 79
Trd, 4318604.643, 110
Trd, 4318605.043, 122
Trd, 4318606.993, 81
Trd, 4318608.043, 99
Trd, 4318609.343, 102
Trd, 4318610.393, 78
Trd, 4318611.643, 86
Trd, 4318612.743, 97
Trd, 4318613.343, 97
Trd, 4318613.543, 104
Trd, 4318614.743, 100
Trd, 4318615.843, 101
Trd, 4318617.243, 93
Trd, 4318618.543, 106
Trd, 4318619.043, 109
Trd, 4318619.143, 110
Trd, 4318619.893, 113
Trd, 4318620.593, 92
Trd, 4318620.993, 104
Trd, 4318623.393, 113
Trd, 4318623.843, 112
Trd, 4318627.043, 102
Trd, 4318627.893, 95
Trd, 4318628.343, 96
Trd, 4318628.843, 101
Trd, 4318629.943, 104
Trd, 4318630.693, 111
Trd, 4318631.793, 111
Trd, 4318632.843, 104
Trd, 4318633.643, 95
Trd, 4318634.193, 113
Trd, 4318634.743, 121
Trd, 4318635.193, 126
Trd, 4318636.693, 95
Trd, 4318638.943, 110
Trd, 4318639.093, 77
Trd, 4318639.593, 90
Trd, 4318641.793, 92
Trd, 4318641.993, 95
Trd, 4318642.143, 113
Trd, 4318642.743, 113
Trd, 4318645.543, 103
Trd, 4318645.643, 121
Trd, 4318646.393, 95
Trd, 4318646.893, 77
Trd, 4318647.393, 118
Trd, 4318647.793, 113
Trd, 4318648.893, 118
Trd, 4318649.993, 102
Trd, 4318650.093, 123
Trd, 4318650.643, 71
Trd, 4318653.293, 116
Trd, 4318653.693, 115
Trd, 4318654.593, 113
Trd, 4318655.043, 104
Trd, 4318656.193, 112
Trd, 4318657.143, 114
Trd, 4318657.943, 89
Trd, 4318659.493, 101
Trd, 4318659.693, 102
Trd, 4318660.493, 104
Trd, 4318660.893, 95
Trd, 4318661.943, 71
Trd, 4318662.043, 110
Trd, 4318664.343, 106
Trd, 4318666.093, 86
Trd, 4318666.343, 91
Trd, 4318667.643, 73
Trd, 4318667.743, 97
Trd, 4318669.743, 100
Trd, 4318670.493, 101
Trd, 4318670.693, 75
Trd, 4318671.393, 80
Trd, 4318671.893, 103
Trd, 4318673.343, 98
Trd, 4318674.193, 101
Trd, 4318674.843, 78
Trd, 4318677.543, 81
Trd, 4318678.593, 94
Trd, 4318678.943, 97
Trd, 4318679.493, 78
Trd, 4318679.793, 104
Trd, 4318680.993, 134
Trd, 4318682.493, 113
Trd, 4318683.243, 86
Trd, 4318683.643, 126
Trd, 4318685.193, 121
Trd, 4318685.293, 104
Trd, 4318687.293, 121
Trd, 4318688.343, 117
Trd, 4318688.693, 112
Trd, 4318688.993, 95
Trd, 4318691.293, 99
Trd, 4318692.993, 89
Trd, 4318693.393, 93
Trd, 4318693.543, 99
Trd, 4318694.243, 103
Trd, 4318694.793, 104
Trd, 4318695.293, 111
Trd, 4318696.443, 111
Trd, 4318696.643, 77
Trd, 4318697.843, 95
Trd, 4318698.193, 96
Trd, 4318699.393, 112
Trd, 4318700.493, 129
Trd, 4318702.393, 117
Trd, 4318703.043, 97
Trd, 4318703.293, 115
Trd, 4318704.943, 113
Trd, 4318705.543, 102
Trd, 4318706.893, 114
Trd, 4318706.943, 101
Trd, 4318708.193, 116
Trd, 4318708.893, 114
Trd, 4318709.443, 113
Trd, 4318710.493, 112
Trd, 4318711.793, 81
Trd, 4318712.793, 80
Trd, 4318715.443, 96
Trd, 4318715.493, 98
Trd, 4318716.943, 77
Trd, 4318717.393, 93
Trd, 4318717.593, 78
Trd, 4318717.843, 101
Trd, 4318720.493, 113
Trd, 4318721.893, 121
Trd, 4318722.743, 113
Trd, 4318723.093, 123
Trd, 4318723.443, 104
Trd, 4318724.193, 122
Trd, 4318725.993, 122
Trd, 4318726.743, 104
Trd, 4318728.093, 118
Trd, 4318728.393, 81
Trd, 4318729.643, 112
Trd, 4318730.643, 113
Trd, 4318732.743, 109
Trd, 4318733.243, 104
Trd, 4318733.593, 109
Trd, 4318734.243, 109
Trd, 4318734.943, 104
Trd, 4318735.143, 95
Trd, 4318735.443, 108
Trd, 4318737.843, 79
Trd, 4318738.143, 102
Trd, 4318739.143, 70
Trd, 4318739.193, 100
Trd, 4318739.543, 101
Trd, 4318742.493, 119
Trd, 4318743.893, 112
Trd, 4318744.293, 104
Trd, 4318745.843, 116
Trd, 4318746.993, 104
Trd, 4318747.393, 116
Trd, 4318747.943, 125
Trd, 4318748.543, 95
Trd, 4318750.693, 113
Trd, 4318751.393, 125
Trd, 4318751.693, 122
Trd, 4318753.993, 119
Trd, 4318754.693, 104
Trd, 4318754.943, 95
Trd, 4318755.543, 117
Trd, 4318756.743, 117
Trd, 4318757.643, 122
Trd, 4318760.143, 113
Trd, 4318760.443, 104
Trd, 4318760.943, 97
Trd, 4318761.593, 86
Trd, 4318761.893, 104
Trd, 4318763.393, 104
Trd, 4318765.343, 94
Trd, 4318765.493, 95
Trd, 4318766.693, 119
Trd, 4318767.993, 122
Trd, 4318768.243, 96
Trd, 4318769.743, 113
Trd, 4318770.943, 120
Trd, 4318771.193, 122
Trd, 4318773.543, 103
Trd, 4318773.943, 102
Trd, 4318776.043, 110
Trd, 4318776.243, 111
Trd, 4318777.843, 112
Trd, 4318779.293, 92
Trd, 4318779.443, 95
Trd, 4318781.643, 87
Trd, 4318782.093, 96
Trd, 4318782.493, 104
Trd, 4318783.143, 86
Trd, 4318783.643, 120
Trd, 4318784.143, 122
Trd, 4318787.243, 112
Trd, 4318787.693, 104
Trd, 4318788.143, 95
Trd, 4318788.343, 112
Trd, 4318789.143, 86
Trd, 4318789.293, 111
Trd, 4318791.293, 94
Trd, 4318792.243, 102
Trd, 4318792.393, 104
Trd, 4318793.193, 104
Trd, 4318793.443, 71
Trd, 4318794.243, 113
Trd, 4318795.093, 104
Trd, 4318796.143, 121
Trd, 4318797.293, 107
Trd, 4318797.993, 117
Trd, 4318798.043, 95
Trd, 4318799.393, 118
Trd, 4318800.643, 104
Trd, 4318801.693, 94
Trd, 4318801.943, 95
Trd, 4318803.243, 87
Trd, 4318804.893, 92
Trd, 4318805.243, 99
Trd, 4318805.593, 104
Trd, 4318807.093, 122
Trd, 4318807.343, 121
Trd, 4318807.443, 78
Trd, 4318810.143, 110
Trd, 4318810.193, 104
Trd, 4318811.043, 119
Trd, 4318812.143, 95
Trd, 4318812.643, 86
Trd, 4318813.193, 113
Trd, 4318814.043, 112
Trd, 4318816.093, 102
Trd, 4318816.743, 108
Trd, 4318817.193, 110
Trd, 4318817.443, 80
Trd, 4318817.743, 111
Trd, 4318819.143, 113
Trd, 4318819.543, 85
Trd, 4318821.743, 104
Trd, 4318821.993, 95
Trd, 4318822.043, 107
Trd, 4318822.843, 108
Trd, 4318823.643, 119
Trd, 4318827.143, 116
Trd, 4318828.143, 100
Trd, 4318828.443, 98
Trd, 4318828.993, 95
Trd, 4318829.343, 104
Trd, 4318829.493, 86
Trd, 4318831.393, 112
Trd, 4318831.993, 114
Trd, 4318833.193, 111
Trd, 4318833.693, 104
Trd, 4318835.143, 95
Trd, 4318835.543, 115
Trd, 4318836.193, 116
Trd, 4318838.143, 109
Trd, 4318839.343, 109
Trd, 4318839.593, 104
Trd, 4318840.093, 110
Trd, 4318840.143, 113
Trd, 4318840.243, 95
Trd, 4318843.193, 122
Trd, 4318843.443, 104
Trd, 4318845.993, 89
Trd, 4318846.093, 86
Trd, 4318846.593, 111
Trd, 4318848.143, 104
Trd, 4318848.293, 105
Trd, 4318848.443, 106
Trd, 4318850.743, 113
Trd, 4318851.643, 112
Trd, 4318852.093, 113
Trd, 4318853.143, 101
Trd, 4318853.793, 112
Trd, 4318854.343, 104
Trd, 4318855.943, 121
Trd, 4318858.393, 119
Trd, 4318858.693, 113
Trd, 4318859.293, 118
Trd, 4318859.743, 86
Trd, 4318860.643, 97
Trd, 4318860.943, 104
Trd, 4318861.643, 113
Trd, 4318863.143, 122
Trd, 4318863.593, 70
Trd, 4318864.643, 120
Trd, 4318865.393, 104
Trd, 4318866.093, 116
Trd, 4318867.143, 113
Trd, 4318868.343, 113
Trd, 4318868.643, 86
Trd, 4318869.343, 113
Trd, 4318869.493, 121
Trd, 4318871.343, 104
Trd, 4318872.143, 122
Trd, 4318872.293, 86
Trd, 4318874.193, 111
Trd, 4318875.193, 96
Trd, 4318876.543, 104
Trd, 4318877.793, 87
Trd, 4318878.943, 108
Trd, 4318879.343, 111
Trd, 4318879.793, 104
Trd, 4318880.493, 121
Trd, 4318880.943, 86
Trd, 4318881.493, 123
Trd, 4318881.693, 113
Trd, 4318883.543, 93
Trd, 4318883.843, 69
Trd, 4318884.543, 96
Trd, 4318885.893, 101
Trd, 4318886.693, 104
Trd, 4318887.143, 113
Trd, 4318888.143, 103
Trd, 4318889.043, 116
Trd, 4318891.093, 86
Trd, 4318891.593, 103
Trd, 4318893.193, 90
Trd, 4318893.243, 101
Trd, 4318894.043, 86
Trd, 4318894.443, 103
Trd, 4318894.843, 113
Trd, 4318895.893, 122
Trd, 4318897.343, 93
Trd, 4318898.193, 96
Trd, 4318898.993, 83
Trd, 4318899.193, 104
Trd, 4318901.843, 85
Trd, 4318901.993, 86
Trd, 4318902.643, 102
Trd, 4318905.093, 97
Trd, 4318905.193, 104
Trd, 4318906.293, 112
Trd, 4318906.693, 97
Trd, 4318908.243, 104
Trd, 4318908.693, 82
Trd, 4318908.893, 113
Trd, 4318909.243, 77
Trd, 4318910.493, 131
Trd, 4318911.893, 97
Trd, 4318911.943, 123
Trd, 4318914.293, 122
Trd, 4318916.093, 104
Trd, 4318916.893, 95
Trd, 4318917.343, 86
Trd, 4318917.493, 113
Trd, 4318918.593, 113
Trd, 4318919.393, 122
Trd, 4318920.193, 95
Trd, 4318920.943, 122
Trd, 4318923.693, 96
Trd, 4318924.493, 100
Trd, 4318924.643, 113
Trd, 4318925.793, 121
Trd, 4318925.943, 104
Trd, 4318926.793, 121
Trd, 4318928.593, 117
Trd, 4318929.393, 112
Trd, 4318929.593, 118
Trd, 4318930.493, 95
Trd, 4318931.943, 95
Trd, 4318932.093, 100
Trd, 4318932.393, 87
Trd, 4318934.593, 122
Trd, 4318935.443, 113
Trd, 4318935.893, 123
Trd, 4318937.493, 121
Trd, 4318937.843, 111
Trd, 4318939.243, 122
Trd, 4318941.593, 117
Trd, 4318943.243, 96
Trd, 4318944.543, 104
Trd, 4318945.043, 113
Trd, 4318945.143, 112
Trd, 4318945.993, 112
Trd, 4318946.243, 89
Trd, 4318947.793, 96
Trd, 4318950.443, 113
Trd, 4318951.843, 113
Trd, 4318952.693, 103
Trd, 4318953.443, 110
Trd, 4318954.443, 95
Trd, 4318956.343, 94
Trd, 4318956.593, 101
Trd, 4318956.943, 113
Trd, 4318957.693, 90
Trd, 4318959.193, 103
Trd, 4318960.393, 120
Trd, 4318963.143, 118
Trd, 4318963.393, 113
Trd, 4318963.943, 104
Trd, 4318964.443, 96
Trd, 4318965.243, 122
Trd, 4318966.093, 123
Trd, 4318967.993, 113
Trd, 4318969.343, 116
Trd, 4318969.993, 104
Trd, 4318970.043, 116
Trd, 4318971.443, 86
Trd, 4318973.043, 107
Trd, 4318974.043, 107
Trd, 4318974.193, 108
Trd, 4318974.993, 103
Trd, 4318976.043, 84
Trd, 4318976.893, 121
Trd, 4318979.043, 121
Trd, 4318979.293, 112
Trd, 4318980.193, 122
Trd, 4318982.543, 113
Trd, 4318982.893, 115
Trd, 4318984.143, 113
Trd, 4318985.443, 111
Trd, 4318985.993, 104
Trd, 4318986.443, 105
Trd, 4318986.843, 105
Trd, 4318986.943, 95
Trd, 4318989.093, 103
Trd, 4318989.143, 104
Trd, 4318989.393, 113
Trd, 4318989.693, 86
Trd, 4318990.943, 122
Trd, 4318991.693, 130
Trd, 4318993.393, 71
Trd, 4318993.643, 85
Trd, 4318994.243, 86
Trd, 4318994.943, 103
Trd, 4318996.643, 74
Trd, 4318997.243, 104
Trd, 4318998.093, 99
Trd, 4319000.093, 131
Trd, 4319001.293, 104
Trd, 4319001.493, 105
Trd, 4319002.393, 95
Trd, 4319003.243, 112
Trd, 4319003.343, 113
Trd, 4319003.893, 79
Trd, 4319004.793, 88
Trd, 4319006.593, 96
Trd, 4319009.243, 114
Trd, 4319009.943, 113
Trd, 4319010.043, 104
Trd, 4319011.343, 101
Trd, 4319012.243, 95
Trd, 4319012.993, 102
Trd, 4319013.043, 103
Trd, 4319014.893, 101
Trd, 4319015.443, 104
Trd, 4319015.793, 94
Trd, 4319018.643, 88
Trd, 4319018.843, 108
Trd, 4319019.143, 86
Trd, 4319019.293, 129
Trd, 4319021.793, 113
Trd, 4319023.043, 113
Trd, 4319023.293, 115
Trd, 4319024.793, 79
Trd, 4319025.343, 111
Trd, 4319025.493, 112
Trd, 4319027.243, 78
Trd, 4319027.293, 95
Trd, 4319027.543, 96
Trd, 4319028.593, 104
Trd, 4319030.843, 87
Trd, 4319031.343, 95
Trd, 4319032.443, 90
Trd, 4319032.693, 91
Trd, 4319033.243, 104
Trd, 4319035.043, 131
Trd, 4319035.593, 84
Trd, 4319036.493, 115
Trd, 4319037.043, 99
Trd, 4319038.793, 113
Trd, 4319039.743, 118
Trd, 4319040.343, 104
Trd, 4319040.593, 119
Trd, 4319041.193, 95
Trd, 4319042.093, 120
Trd, 4319043.593, 104
Trd, 4319045.743, 98
Trd, 4319046.143, 104
Trd, 4319046.593, 91
Trd, 4319046.993, 112
Trd, 4319047.693, 113
Trd, 4319048.093, 103
Trd, 4319048.243, 122
Trd, 4319049.993, 111
Trd, 4319052.343, 115
Trd, 4319052.743, 115
Trd, 4319052.943, 87
Trd, 4319054.393, 87
Trd, 4319055.093, 93
Trd, 4319055.993, 94
Trd, 4319056.893, 95
Trd, 4319059.543, 108
Trd, 4319060.993, 111
Trd, 4319061.243, 113
Trd, 4319062.093, 125
Trd, 4319062.343, 100
Trd, 4319063.443, 95
Trd, 4319065.043, 104
Trd, 4319065.343, 105
Trd, 4319066.243, 75
Trd, 4319067.193, 120
Trd, 4319067.243, 122
Trd, 4319067.843, 121
Trd, 4319069.243, 120
Trd, 4319069.493, 104
Trd, 4319070.993, 120
Trd, 4319071.843, 110
Trd, 4319072.843, 87
Trd, 4319075.293, 93
Trd, 4319075.493, 86
Trd, 4319075.793, 94
Trd, 4319076.743, 99
Trd, 4319077.193, 106
Trd, 4319079.843, 113
Trd, 4319080.193, 103
Trd, 4319080.793, 116
Trd, 4319081.243, 116
Trd, 4319082.743, 112
Trd, 4319084.943, 91
Trd, 4319085.043, 96
Trd, 4319086.193, 104
Trd, 4319086.343, 86
Trd, 4319087.643, 104
Trd, 4319087.693, 113
Trd, 4319088.243, 98
Trd, 4319089.493, 85
Trd, 4319090.343, 86
Trd, 4319090.693, 96
Trd, 4319091.143, 104
Trd, 4319091.943, 121
Trd, 4319093.343, 90
Trd, 4319094.493, 110
Trd, 4319095.193, 118
Trd, 4319096.793, 104
Trd, 4319098.143, 111
Trd, 4319098.693, 95
Trd, 4319099.093, 111
Trd, 4319099.143, 86
Trd, 4319099.643, 113
Trd, 4319101.193, 121
Trd, 4319101.443, 121
Trd, 4319101.993, 123
Trd, 4319102.393, 104
Trd, 4319103.043, 124
Trd, 4319104.893, 93
Trd, 4319105.893, 86
Trd, 4319105.943, 96
Trd, 4319106.543, 96
Trd, 4319107.593, 101
Trd, 4319110.193, 83
Trd, 4319110.493, 105
Trd, 4319111.043, 104
Trd, 4319112.543, 83
Trd, 4319113.293, 94
Trd, 4319113.843, 96
Trd, 4319114.493, 112
Trd, 4319114.843, 112
Trd, 4319115.543, 84
Trd, 4319117.593, 112
Trd, 4319118.343, 101
Trd, 4319120.043, 118
Trd, 4319121.893, 114
Trd, 4319122.043, 111
Trd, 4319123.093, 104
Trd, 4319123.443, 111
Trd, 4319123.643, 95
Trd, 4319124.593, 131
Trd, 4319124.943, 106
Trd, 4319125.543, 104
Trd, 4319126.843, 112
Trd, 4319126.893, 113
Trd, 4319129.193, 84
Trd, 4319129.643, 76
Trd, 4319130.543, 98
Trd, 4319131.793, 97
Trd, 4319134.543, 80
Trd, 4319134.943, 97
Trd, 4319135.293, 104
Trd, 4319135.943, 112
Trd, 4319137.193, 110
Trd, 4319139.293, 103
Trd, 4319139.443, 108
Trd, 4319139.793, 112
Trd, 4319140.743, 112
Trd, 4319141.193, 113
Trd, 4319141.443, 122
Trd, 4319142.443, 95
Trd, 4319144.643, 100
Trd, 4319146.743, 122
Trd, 4319146.793, 78
Trd, 4319147.093, 96
Trd, 4319148.493, 86
Trd, 4319149.043, 112
Trd, 4319150.743, 103
Trd, 4319150.993, 116
Trd, 4319151.193, 113
Trd, 4319152.543, 114
Trd, 4319153.043, 95
Trd, 4319153.293, 112
Trd, 4319155.443, 108
Trd, 4319155.593, 87
Trd, 4319156.143, 109
Trd, 4319157.743, 108
Trd, 4319158.293, 104
Trd, 4319158.343, 109
Trd, 4319161.243, 98
Trd, 4319161.593, 100
Trd, 4319162.743, 88
Trd, 4319162.793, 100
Trd, 4319163.443, 98
Trd, 4319163.893, 86
Trd, 4319165.643, 111
Trd, 4319167.193, 74
Trd, 4319167.643, 100
Trd, 4319170.043, 92
Trd, 4319170.443, 95
Trd, 4319170.793, 95
Trd, 4319171.843, 72
Trd, 4319172.243, 104
Trd, 4319174.093, 121
Trd, 4319174.193, 113
Trd, 4319175.893, 112
Trd, 4319177.593, 95
Trd, 4319177.793, 118
Trd, 4319178.093, 118
Trd, 4319179.543, 104
Trd, 4319180.293, 121
Trd, 4319181.143, 118
Trd, 4319181.693, 119
Trd, 4319181.793, 104
Trd, 4319182.843, 119
Trd, 4319182.943, 88
Trd, 4319184.143, 89
Trd, 4319185.793, 106
Trd, 4319186.643, 129
Trd, 4319188.093, 113
Trd, 4319189.543, 121
Trd, 4319190.393, 120
Trd, 4319191.643, 101
Trd, 4319192.043, 102
Trd, 4319192.343, 101
Trd, 4319194.293, 107
Trd, 4319196.193, 102
Trd, 4319196.793, 94
Trd, 4319197.193, 95
Trd, 4319197.643, 112
Trd, 4319198.743, 88
Trd, 4319199.543, 113
Trd, 4319199.593, 122
Trd, 4319200.993, 122
Trd, 4319202.943, 121
Trd, 4319204.143, 119
Trd, 4319204.893, 103
Trd, 4319205.743, 114
Trd, 4319206.443, 110
Trd, 4319207.943, 104
Trd, 4319208.443, 100
Trd, 4319209.343, 99
Trd, 4319212.193, 120
Trd, 4319212.843, 112
Trd, 4319213.893, 115
Trd, 4319214.693, 104
Trd, 4319215.643, 113
Trd, 4319215.693, 112
Trd, 4319216.643, 87
Trd, 4319216.743, 88
Trd, 4319219.493, 94
Trd, 4319220.743, 107
Trd, 4319221.593, 112
Trd, 4319222.493, 102
Trd, 4319223.393, 91
Trd, 4319223.643, 113
Trd, 4319224.093, 77
Trd, 4319224.893, 122
Trd, 4319226.143, 118
Trd, 4319227.493, 123
Trd, 4319227.893, 104
Trd, 4319230.793, 94
Trd, 4319231.443, 101
Trd, 4319232.643, 104
Trd, 4319233.393, 113
Trd, 4319233.943, 102
Trd, 4319234.893, 113
Trd, 4319236.893, 104
Trd, 4319237.093, 115
Trd, 4319238.243, 109
Trd, 4319239.393, 112
Trd, 4319240.193, 98
Trd, 4319240.893, 113
Trd, 4319241.743, 92
Trd, 4319243.093, 86
Trd, 4319243.543, 116
Trd, 4319245.393, 94
Trd, 4319246.843, 94
Trd, 4319247.993, 70
Trd, 4319248.643, 96
Trd, 4319248.843, 103
Trd, 4319248.993, 104
Trd, 4319249.143, 113
Trd, 4319250.993, 109
Trd, 4319252.043, 115
Trd, 4319254.443, 91
Trd, 4319254.843, 93
Trd, 4319255.393, 94
Trd, 4319255.543, 95
Trd, 4319256.093, 79
Trd, 4319258.193, 103
Trd, 4319258.643, 72
Trd, 4319260.593, 113
Trd, 4319261.543, 122
Trd, 4319262.593, 120
Trd, 4319263.993, 117
Trd, 4319264.243, 112
Trd, 4319264.393, 104
Trd, 4319265.443, 118
Trd, 4319267.443, 118
Trd, 4319268.443, 121
Trd, 4319269.643, 87
Trd, 4319270.243, 113
Trd, 4319271.193, 113
Trd, 4319271.293, 86
Trd, 4319272.493, 104
Trd, 4319272.893, 114
Trd, 4319274.593, 122
Trd, 4319275.393, 122
Trd, 4319275.693, 113
Trd, 4319276.593, 95
Trd, 4319277.393, 121
Trd, 4319277.593, 121
Trd, 4319278.193, 86
Trd, 4319280.093, 113
Trd, 4319281.343, 113
Trd, 4319282.043, 117
Trd, 4319282.793, 103
Trd, 4319285.043, 119
Trd, 4319285.393, 104
Trd, 4319286.393, 118
Trd, 4319287.093, 113
Trd, 4319289.693, 112
Trd, 4319289.993, 104
Trd, 4319290.243, 113
Trd, 4319291.043, 112
Trd, 4319292.143, 121
Trd, 4319293.493, 104
Trd, 4319293.993, 95
Trd, 4319294.293, 86
Trd, 4319295.043, 95
Trd, 4319296.493, 114
Trd, 4319296.943, 113
Trd, 4319298.543, 107
Trd, 4319298.643, 108
Trd, 4319299.493, 87
Trd, 4319300.343, 86
Trd, 4319300.693, 123
Trd, 4319300.993, 122
Trd, 4319301.693, 113
Trd, 4319302.293, 103
Trd, 4319303.193, 118
Trd, 4319304.643, 113
Trd, 4319305.943, 113
Trd, 4319305.993, 95
Trd, 4319306.843, 104
Trd, 4319307.843, 111
Trd, 4319309.693, 92
Trd, 4319310.093, 86
Trd, 4319310.343, 111
Trd, 4319311.643, 112
Trd, 4319311.793, 104
Trd, 4319312.793, 112
Trd, 4319313.043, 112
Trd, 4319313.343, 126
Trd, 4319315.743, 92
Trd, 4319316.093, 103
Trd, 4319316.543, 104
Trd, 4319317.793, 95
Trd, 4319317.893, 87
Trd, 4319319.293, 127
Trd, 4319320.943, 113
Trd, 4319321.893, 127
Trd, 4319323.043, 103
Trd, 4319324.493, 122
Trd, 4319325.343, 86
Trd, 4319325.543, 96
Trd, 4319326.793, 113
Trd, 4319326.993, 113
Trd, 4319328.093, 96
Trd, 4319329.593, 107
Trd, 4319330.993, 104
Trd, 4319331.443, 104
Trd, 4319331.543, 77
Trd, 4319332.993, 104
Trd, 4319333.993, 100
Trd, 4319334.693, 123
Trd, 4319336.793, 82
Trd, 4319337.193, 113
Trd, 4319338.143, 113
Trd, 4319338.843, 113
Trd, 4319338.943, 113
Trd, 4319339.443, 101
Trd, 4319339.743, 116
Trd, 4319340.043, 82
Trd, 4319342.843, 110
Trd, 4319342.893, 112
Trd, 4319343.443, 80
Trd, 4319344.743, 103
Trd, 4319346.193, 112
Trd, 4319346.743, 117
Trd, 4319347.543, 115
Trd, 4319347.893, 116
Trd, 4319349.343, 79
Trd, 4319350.843, 126
Trd, 4319351.243, 78
Trd, 4319351.393, 94
Trd, 4319351.943, 96
Trd, 4319352.193, 104
Trd, 4319352.893, 113
Trd, 4319353.793, 126
Trd, 4319356.293, 131
Trd, 4319357.343, 96
Trd, 4319357.393, 83
Trd, 4319357.543, 97
Trd, 4319359.993, 93
Trd, 4319360.393, 104
Trd, 4319360.443, 113
Trd, 4319360.893, 72
Trd, 4319362.493, 91
Trd, 4319364.643, 82
Trd, 4319365.293, 90
Trd, 4319365.393, 101
Trd, 4319365.643, 103
Trd, 4319365.943, 71
Trd, 4319365.993, 104
Trd, 4319369.293, 95
Trd, 4319369.993, 103
Trd, 4319370.593, 101
Trd, 4319371.693, 95
Trd, 4319372.343, 130
Trd, 4319372.943, 130
Trd, 4319373.493, 122
Trd, 4319374.843, 96
Trd, 4319375.593, 95
Trd, 4319376.843, 112
Trd, 4319378.593, 96
Trd, 4319378.843, 86
Trd, 4319378.893, 104
Trd, 4319379.843, 86
Trd, 4319381.443, 95
Trd, 4319383.143, 97
Trd, 4319383.393, 99
Trd, 4319384.393, 85
Trd, 4319384.593, 89
Trd, 4319386.243, 95
Trd, 4319386.393, 104
Trd, 4319386.993, 112
Trd, 4319388.343, 112
Trd, 4319389.643, 85
Trd, 4319390.493, 101
Trd, 4319390.893, 96
Trd, 4319391.693, 86
Trd, 4319391.843, 101
Trd, 4319391.943, 113
Trd, 4319395.243, 111
Trd, 4319395.343, 112
Trd, 4319395.843, 104
Trd, 4319396.443, 113
Trd, 4319397.843, 104
Trd, 4319398.843, 87
Trd, 4319399.843, 87
Trd, 4319399.943, 110
Trd, 4319400.443, 77
Trd, 4319400.743, 111
Trd, 4319402.093, 95
Trd, 4319402.543, 95
Trd, 4319402.793, 112
Trd, 4319404.343, 123
Trd, 4319406.243, 89
Trd, 4319407.743, 104
Trd, 4319407.893, 100
Trd, 4319408.993, 104
Trd, 4319411.143, 96
Trd, 4319411.743, 97
Trd, 4319411.843, 104
Trd, 4319412.093, 86
Trd, 4319413.443, 112
Trd, 4319414.493, 113
Trd, 4319416.193, 124
Trd, 4319417.143, 125
Trd, 4319417.993, 122
Trd, 4319418.643, 111
Trd, 4319419.293, 121
Trd, 4319420.193, 95
Trd, 4319421.243, 104
Trd, 4319421.693, 131
Trd, 4319422.893, 131
Trd, 4319424.543, 95
Trd, 4319425.243, 72
Trd, 4319425.993, 96
Trd, 4319427.143, 104
Trd, 4319427.543, 77
Trd, 4319428.143, 104
Trd, 4319429.493, 85
Trd, 4319430.543, 70
Trd, 4319431.443, 87
Trd, 4319432.093, 86
Trd, 4319432.993, 112
Trd, 4319434.243, 125
Trd, 4319434.743, 74
Trd, 4319434.943, 94
Trd, 4319435.493, 101
Trd, 4319437.393, 98
Trd, 4319437.443, 120
Trd, 4319438.093, 103
Trd, 4319439.593, 114
Trd, 4319441.143, 81
Trd, 4319442.443, 79
Trd, 4319442.693, 111
Trd, 4319443.943, 97
Trd, 4319444.293, 111
Trd, 4319444.593, 122
Trd, 4319444.843, 138
Trd, 4319445.793, 119
Trd, 4319446.943, 95
Trd, 4319447.343, 121
Trd, 4319449.993, 110
Trd, 4319450.143, 73
Trd, 4319450.643, 107
Trd, 4319451.393, 110
Trd, 4319452.043, 78
Trd, 4319452.343, 77
Trd, 4319452.793, 106
Trd, 4319453.393, 96
Trd, 4319454.293, 106
Trd, 4319457.443, 88
Trd, 4319458.893, 93
Trd, 4319459.543, 98
Trd, 4319459.693, 80
Trd, 4319459.793, 104
Trd, 4319460.743, 111
Trd, 4319463.543, 102
Trd, 4319463.643, 109
Trd, 4319464.793, 108
Trd, 4319465.143, 87
Trd, 4319465.343, 110
Trd, 4319467.243, 108
Trd, 4319467.443, 104
Trd, 4319467.743, 131
Trd, 4319469.593, 118
Trd, 4319469.943, 110
Trd, 4319470.093, 120
Trd, 4319470.343, 77
Trd, 4319472.193, 120
Trd, 4319472.543, 126
Trd, 4319473.193, 104
Trd, 4319475.593, 99
Trd, 4319477.793, 113
Trd, 4319477.893, 114
Trd, 4319478.893, 69
Trd, 4319479.243, 78
Trd, 4319480.393, 97
Trd, 4319481.593, 98
Trd, 4319481.993, 104
Trd, 4319483.743, 102
Trd, 4319485.093, 102
Trd, 4319485.743, 97
Trd, 4319487.543, 82
Trd, 4319488.543, 84
Trd, 4319488.643, 86
Trd, 4319489.193, 74
Trd, 4319492.443, 79
Trd, 4319492.943, 99
Trd, 4319494.343, 102
Trd, 4319494.743, 78
Trd, 4319496.643, 94
Trd, 4319496.893, 96
Trd, 4319497.043, 104
Trd, 4319498.293, 111
Trd, 4319499.343, 111
Trd, 4319500.143, 77
Trd, 4319500.443, 104
Trd, 4319500.793, 113
Trd, 4319501.143, 125
Trd, 4319502.593, 86
Trd, 4319502.993, 138
Trd, 4319504.493, 127
Trd, 4319504.843, 95
Trd, 4319505.743, 78
Trd, 4319507.343, 115
Trd, 4319507.943, 119
Trd, 4319508.893, 104
Trd, 4319509.943, 112
Trd, 4319510.743, 114
Trd, 4319510.993, 104
Trd, 4319513.143, 106
Trd, 4319513.893, 108
Trd, 4319514.443, 128
Trd, 4319514.893, 104
Trd, 4319515.743, 86
Trd, 4319516.243, 128
Trd, 4319516.693, 113
Trd, 4319518.343, 126
Trd, 4319518.793, 102
Trd, 4319520.493, 118
Trd, 4319522.393, 97
Trd, 4319522.943, 95
Trd, 4319523.893, 109
Trd, 4319525.643, 103
Trd, 4319525.993, 87
Trd, 4319526.393, 103
Trd, 4319527.143, 113
Trd, 4319528.243, 119
Trd, 4319528.443, 113
Trd, 4319528.893, 119
Trd, 4319529.743, 117
Trd, 4319530.593, 113
Trd, 4319530.643, 95
Trd, 4319532.493, 99
Trd, 4319533.593, 117
Trd, 4319536.043, 127
Trd, 4319536.593, 121
Trd, 4319536.743, 86
Trd, 4319538.343, 119
Trd, 4319538.993, 120
Trd, 4319539.443, 112
Trd, 4319539.843, 104
Trd, 4319540.693, 130
Trd, 4319541.093, 95
Trd, 4319542.243, 77
Trd, 4319542.693, 104
Trd, 4319543.643, 127
Trd, 4319544.843, 92
Trd, 4319547.143, 103
Trd, 4319547.743, 95
Trd, 4319547.893, 77
Trd, 4319547.943, 106
Trd, 4319547.993, 107
Trd, 4319548.393, 113
Trd, 4319549.393, 133
Trd, 4319551.343, 122
Trd, 4319552.443, 104
Trd, 4319554.143, 102
Trd, 4319555.243, 95
Trd, 4319555.343, 113
Trd, 4319556.993, 82
Trd, 4319557.093, 120
Trd, 4319557.493, 121
Trd, 4319558.543, 121
Trd, 4319559.493, 113
Trd, 4319561.693, 76
Trd, 4319562.843, 73
Trd, 4319562.943, 95
Trd, 4319563.843, 93
Trd, 4319564.543, 95
Trd, 4319564.943, 95
Trd, 4319567.193, 83
Trd, 4319569.593, 96
Trd, 4319569.693, 110
Trd, 4319570.393, 104
Trd, 4319571.493, 104
Trd, 4319572.393, 82
Trd, 4319573.743, 127
Trd, 4319574.693, 122
Trd, 4319575.093, 112
Trd, 4319576.093, 123
Trd, 4319577.143, 81
Trd, 4319579.293, 85
Trd, 4319579.343, 86
Trd, 4319580.243, 97
Trd, 4319581.793, 98
Trd, 4319581.993, 83
Trd, 4319583.143, 98
Trd, 4319583.543, 111
Trd, 4319585.193, 104
Trd, 4319585.593, 111
Trd, 4319586.243, 113
Trd, 4319586.293, 95
Trd, 4319589.343, 113
Trd, 4319589.543, 114
Trd, 4319589.593, 103
Trd, 4319592.743, 107
Trd, 4319592.943, 108
Trd, 4319593.743, 108
Trd, 4319593.843, 87
Trd, 4319594.643, 108
Trd, 4319594.943, 113
Trd, 4319598.343, 112
Trd, 4319599.043, 111
Trd, 4319600.343, 112
Trd, 4319601.393, 103
Trd, 4319602.993, 95
Trd, 4319603.743, 87
Trd, 4319604.743, 89
Trd, 4319604.993, 104
Trd, 4319605.743, 68
Trd, 4319605.893, 96
Trd, 4319607.943, 110
Trd, 4319608.493, 112
Trd, 4319608.993, 109
Trd, 4319609.643, 109
Trd, 4319610.043, 95
Trd, 4319611.643, 80
Trd, 4319612.493, 95
Trd, 4319613.443, 104
Trd, 4319613.943, 107
Trd, 4319616.643, 93
Trd, 4319616.843, 93
Trd, 4319616.993, 104
Trd, 4319618.093, 104
Trd, 4319619.893, 120
Trd, 4319620.693, 118
Trd, 4319621.593, 101
Trd, 4319621.643, 119
Trd, 4319622.543, 95
Trd, 4319624.093, 107
Trd, 4319625.243, 130
Trd, 4319625.943, 113
Trd, 4319625.993, 95
Trd, 4319626.993, 128
Trd, 4319627.943, 89
Trd, 4319629.593, 122
Trd, 4319631.343, 103
Trd, 4319631.943, 97
Trd, 4319633.043, 112
Trd, 4319633.243, 119
Trd, 4319633.343, 120
Trd, 4319635.193, 103
Trd, 4319635.993, 119
Trd, 4319636.743, 119
Trd, 4319638.543, 116
Trd, 4319638.593, 89
Trd, 4319638.693, 113
Trd, 4319638.993, 117
Trd, 4319640.393, 117
Trd, 4319641.343, 86
Trd, 4319641.843, 99
Trd, 4319643.693, 69
Trd, 4319644.243, 95
Trd, 4319644.943, 112
Trd, 4319646.393, 109
Trd, 4319646.793, 103
Trd, 4319647.843, 113
Trd, 4319648.393, 122
Trd, 4319648.843, 92
Trd, 4319650.743, 122
Trd, 4319651.993, 86
Trd, 4319652.193, 79
Trd, 4319652.243, 87
Trd, 4319652.893, 123
Trd, 4319656.093, 111
Trd, 4319656.543, 85
Trd, 4319656.743, 84
Trd, 4319657.493, 104
Trd, 4319658.893, 107
Trd, 4319658.943, 108
Trd, 4319659.493, 80
Trd, 4319659.543, 113
Trd, 4319660.843, 79
Trd, 4319662.343, 122
Trd, 4319663.193, 127
Trd, 4319664.043, 125
Trd, 4319665.943, 113
Trd, 4319667.093, 116
Trd, 4319667.993, 115
Trd, 4319668.943, 95
Trd, 4319669.443, 97
Trd, 4319669.893, 111
Trd, 4319671.193, 103
Trd, 4319671.843, 91
Trd, 4319672.293, 86
Trd, 4319673.043, 105
Trd, 4319675.193, 110
Trd, 4319676.143, 69
Trd, 4319676.343, 82
Trd, 4319677.043, 80
Trd, 4319677.593, 122
Trd, 4319679.493, 100
Trd, 4319681.293, 96
Trd, 4319681.993, 103
Trd, 4319682.143, 104
Trd, 4319683.443, 79
Trd, 4319683.643, 99
Trd, 4319684.393, 95
Trd, 4319685.093, 88
Trd, 4319686.793, 82
Trd, 4319686.893, 112
Trd, 4319688.143, 111
Trd, 4319688.443, 122
Trd, 4319688.643, 122
Trd, 4319691.443, 78
Trd, 4319691.643, 105
Trd, 4319692.293, 78
Trd, 4319693.343, 112
Trd, 4319694.043, 102
Trd, 4319694.193, 115
Trd, 4319695.643, 95
Trd, 4319696.493, 113
Trd, 4319697.043, 77
Trd, 4319697.793, 130
Trd, 4319699.293, 122
Trd, 4319700.843, 116
Trd, 4319702.393, 113
Trd, 4319703.943, 112
Trd, 4319704.943, 112
Trd, 4319706.143, 104
Trd, 4319707.193, 111
Trd, 4319707.743, 110
Trd, 4319708.993, 104
Trd, 4319709.143, 110
Trd, 4319709.643, 95
Trd, 4319709.993, 112
Trd, 4319710.443, 111
Trd, 4319713.343, 85
Trd, 4319713.543, 102
Trd, 4319713.843, 92
Trd, 4319715.343, 95
Trd, 4319715.643, 97
Trd, 4319715.993, 104
Trd, 4319716.043, 77
Trd, 4319717.343, 93
Trd, 4319717.543, 96
Trd, 4319722.593, 91
Trd, 4319723.493, 79
Trd, 4319723.593, 91
Trd, 4319723.743, 96
Trd, 4319723.793, 104
Trd, 4319724.443, 123
Trd, 4319727.193, 95
Trd, 4319727.243, 119
Trd, 4319728.043, 112
Trd, 4319730.043, 100
Trd, 4319730.543, 104
Trd, 4319731.493, 99
Trd, 4319732.043, 113
Trd, 4319733.843, 88
Trd, 4319734.543, 89
Trd, 4319735.293, 94
Trd, 4319735.543, 104
Trd, 4319735.893, 79
Trd, 4319736.443, 113
Trd, 4319737.343, 69
Trd, 4319738.193, 113
Trd, 4319739.093, 117
Trd, 4319740.943, 103
Trd, 4319741.493, 112
Trd, 4319742.443, 111
Trd, 4319743.693, 95
Trd, 4319744.343, 124
Trd, 4319744.593, 128
Trd, 4319747.493, 68
Trd, 4319748.493, 68
Trd, 4319748.843, 86
Trd, 4319749.693, 103
Trd, 4319750.093, 104
Trd, 4319751.443, 96
Trd, 4319751.593, 103
Trd, 4319752.843, 82
Trd, 4319753.743, 104
Trd, 4319754.293, 111
Trd, 4319755.393, 110
Trd, 4319756.043, 110
Trd, 4319759.193, 85
Trd, 4319759.343, 96
Trd, 4319760.843, 70
Trd, 4319760.993, 95
Trd, 4319761.793, 103
Trd, 4319763.293, 103
Trd, 4319763.493, 104
Trd, 4319763.693, 104
Trd, 4319765.993, 104
Trd, 4319766.493, 117
Trd, 4319766.543, 95
Trd, 4319768.043, 113
Trd, 4319769.843, 111
Trd, 4319770.593, 102
Trd, 4319771.593, 81
Trd, 4319772.393, 78
Trd, 4319773.443, 84
Trd, 4319773.643, 86
Trd, 4319774.143, 99
Trd, 4319774.543, 80
Trd, 4319776.043, 104
Trd, 4319776.093, 113
Trd, 4319776.993, 122
Trd, 4319777.943, 107
Trd, 4319779.743, 101
Trd, 4319779.793, 86
Trd, 4319779.993, 112
Trd, 4319780.743, 112
Trd, 4319781.643, 112
Trd, 4319782.543, 112
Trd, 4319783.243, 113
Trd, 4319783.293, 71
Trd, 4319785.843, 94
Trd, 4319786.243, 104
Trd, 4319787.893, 100
Trd, 4319789.593, 81
Trd, 4319789.743, 104
Trd, 4319790.043, 104
Trd, 4319790.393, 80
Trd, 4319791.593, 94
Trd, 4319791.843, 95
Trd, 4319793.493, 113
Trd, 4319794.293, 71
Trd, 4319794.793, 112
Trd, 4319796.343, 120
Trd, 4319797.843, 99
Trd, 4319798.643, 121
Trd, 4319800.793, 121
Trd, 4319801.343, 121
Trd, 4319802.393, 110
Trd, 4319803.143, 116
Trd, 4319803.393, 103
Trd, 4319804.043, 86
Trd, 4319804.843, 113
Trd, 4319805.693, 112
Trd, 4319805.893, 81
Trd, 4319806.643, 97
Trd, 4319806.943, 79
Trd, 4319808.393, 105
Trd, 4319808.843, 104
Trd, 4319809.243, 104
Trd, 4319810.793, 96
Trd, 4319811.293, 97
Trd, 4319812.693, 105
Trd, 4319814.493, 81
Trd, 4319815.243, 83
Trd, 4319815.993, 86
Trd, 4319816.893, 95
Trd, 4319816.993, 81
Trd, 4319817.843, 122
Trd, 4319818.743, 113
Trd, 4319819.593, 120
Trd, 4319821.093, 120
Trd, 4319821.493, 103
Trd, 4319822.843, 86
Trd, 4319823.093, 111
Trd, 4319823.693, 109
Trd, 4319824.893, 104
Trd, 4319825.843, 77
Trd, 4319826.193, 94
Trd, 4319826.643, 103
Trd, 4319827.943, 104
Trd, 4319829.493, 112
Trd, 4319830.093, 113
Trd, 4319831.793, 118
Trd, 4319831.893, 111
Trd, 4319832.293, 95
Trd, 4319832.843, 97
Trd, 4319834.743, 121
Trd, 4319836.443, 100
Trd, 4319837.393, 112
Trd, 4319837.443, 117
Trd, 4319837.543, 135
Trd, 4319837.593, 95
Trd, 4319839.093, 111
Trd, 4319840.493, 104
Trd, 4319841.193, 122
Trd, 4319843.443, 82
Trd, 4319843.643, 96
Trd, 4319844.343, 95
Trd, 4319844.893, 98
Trd, 4319845.193, 82
Trd, 4319847.243, 126
Trd, 4319848.793, 121
Trd, 4319850.693, 116
Trd, 4319850.893, 117
Trd, 4319852.093, 111
Trd, 4319852.293, 115
Trd, 4319852.493, 95
Trd, 4319854.743, 120
Trd, 4319855.493, 121
Trd, 4319856.343, 127
Trd, 4319857.943, 104
Trd, 4319859.093, 98
Trd, 4319859.293, 95
Trd, 4319859.443, 103
Trd, 4319860.793, 104
Trd, 4319861.593, 120
Trd, 4319863.443, 112
Trd, 4319863.693, 118
Trd, 4319864.993, 116
Trd, 4319866.193, 117
Trd, 4319866.443, 104
Trd, 4319867.793, 120
Trd, 4319868.893, 112
Trd, 4319869.043, 124
Trd, 4319871.543, 93
Trd, 4319873.993, 104
Trd, 4319874.643, 106
Trd, 4319874.693, 107
Trd, 4319875.893, 103
Trd, 4319876.143, 96
Trd, 4319876.193, 86
Trd, 4319877.093, 113
Trd, 4319880.693, 95
Trd, 4319880.793, 96
Trd, 4319882.243, 117
Trd, 4319882.843, 121
Trd, 4319883.343, 111
Trd, 4319884.693, 86
Trd, 4319886.193, 87
Trd, 4319886.293, 101
Trd, 4319886.593, 83
Trd, 4319888.193, 102
Trd, 4319888.643, 113
Trd, 4319889.543, 97
Trd, 4319889.893, 123
Trd, 4319890.193, 86
Trd, 4319891.093, 131
Trd, 4319892.343, 122
Trd, 4319894.693, 130
Trd, 4319895.093, 113
Trd, 4319895.843, 123
Trd, 4319896.943, 104
Trd, 4319898.593, 119
Trd, 4319898.843, 112
Trd, 4319899.393, 118
Trd, 4319901.643, 99
Trd, 4319901.843, 99
Trd, 4319902.543, 90
Trd, 4319902.993, 95
Trd, 4319903.743, 112
Trd, 4319904.193, 86
Trd, 4319906.343, 98
Trd, 4319907.043, 99
Trd, 4319907.793, 104
Trd, 4319908.743, 78
Trd, 4319909.393, 75
Trd, 4319910.793, 77
Trd, 4319911.243, 104
Trd, 4319912.143, 113
Trd, 4319913.143, 113
Trd, 4319914.993, 110
Trd, 4319915.093, 112
Trd, 4319916.243, 92
Trd, 4319917.493, 108
Trd, 4319918.593, 105
Trd, 4319918.943, 104
Trd, 4319919.143, 95
Trd, 4319920.243, 111
Trd, 4319920.293, 113
Trd, 4319921.593, 101
Trd, 4319921.893, 125
Trd, 4319923.443, 113
Trd, 4319923.943, 123
Trd, 4319925.293, 98
Trd, 4319925.343, 79
Trd, 4319926.593, 96
Trd, 4319929.593, 95
Trd, 4319929.693, 104
Trd, 4319929.743, 113
Trd, 4319930.193, 87
Trd, 4319930.843, 86
Trd, 4319931.243, 99
Trd, 4319933.643, 128
Trd, 4319934.643, 92
Trd, 4319935.243, 93
Trd, 4319936.593, 121
Trd, 4319936.993, 69
Trd, 4319938.643, 90
Trd, 4319940.243, 81
Trd, 4319941.643, 80
Trd, 4319943.143, 94
Trd, 4319943.443, 95
Trd, 4319943.843, 101
Trd, 4319944.993, 96
Trd, 4319945.543, 101
Trd, 4319945.743, 104
Trd, 4319947.143, 86
Trd, 4319949.493, 113
Trd, 4319950.243, 86
Trd, 4319950.893, 105
Trd, 4319952.743, 103
Trd, 4319953.193, 83
Trd, 4319953.943, 97
Trd, 4319954.493, 103
Trd, 4319954.743, 85
Trd, 4319955.343, 105
Trd, 4319955.643, 86
Trd, 4319956.393, 95
Trd, 4319956.443, 122
Trd, 4319959.943, 113
Trd, 4319962.843, 108
Trd, 4319963.043, 104
Trd, 4319963.293, 111
Trd, 4319963.393, 113
Trd, 4319964.393, 95
Trd, 4319965.193, 104
Trd, 4319966.793, 122
Trd, 4319967.393, 113
Trd, 4319968.543, 129
Trd, 4319969.193, 103
Trd, 4319970.943, 97
Trd, 4319971.243, 95
Trd, 4319971.843, 103
Trd, 4319972.393, 112
Trd, 4319972.893, 79
Trd, 4319975.443, 109
Trd, 4319976.093, 104
Trd, 4319976.743, 108
Trd, 4319976.843, 110
Trd, 4319978.443, 111
Trd, 4319979.593, 104
Trd, 4319980.043, 112
Trd, 4319980.493, 98
Trd, 4319981.093, 112
Trd, 4319982.343, 86
Trd, 4319983.593, 99
Trd, 4319983.793, 113
Trd, 4319984.343, 127
Trd, 4319986.493, 84
Trd, 4319987.043, 86
Trd, 4319988.543, 90
Trd, 4319989.093, 100
Trd, 4319990.543, 99
Trd, 4319990.593, 100
Trd, 4319991.393, 78
Trd, 4319994.543, 82
Trd, 4319994.743, 73
Trd, 4319995.693, 91
Trd, 4319995.993, 93
Trd, 4319997.343, 76
Trd, 4319998.243, 96
Trd, 4319998.293, 104
Trd, 4319998.393, 113
Trd, 4319998.793, 126
