Trd, 4317874.693, 107
Trd, 4317877.143, 107
Trd, 4317878.543, 109
Trd, 4317879.443, 110
Trd, 4317879.843, 110
Trd, 4317880.493, 110
Trd, 4317880.543, 111
Trd, 4317882.643, 95
Trd, 4317883.593, 87
Trd, 4317886.393, 91
Trd, 4317886.943, 91
Trd, 4317887.593, 106
Trd, 4317889.293, 97
Trd, 4317891.043, 97
Trd, 4317891.143, 95
Trd, 4317891.993, 93
Trd, 4317897.193, 96
Trd, 4317898.693, 98
Trd, 4317899.593, 108
Trd, 4317900.093, 102
Trd, 4317902.043, 97
Trd, 4317903.043, 100
Trd, 4317903.893, 98
Trd, 4317906.193, 99
Trd, 4317906.393, 100
Trd, 4317907.393, 97
Trd, 4317907.693, 95
Trd, 4317909.893, 95
Trd, 4317910.893, 96
Trd, 4317911.793, 98
Trd, 4317913.643, 111
Trd, 4317914.993, 90
Trd, 4317915.643, 88
Trd, 4317916.193, 88
Trd, 4317917.243, 88
Trd, 4317919.893, 93
Trd, 4317921.393, 98
Trd, 4317923.093, 103
Trd, 4317923.593, 102
Trd, 4317924.543, 104
Trd, 4317927.093, 102
Trd, 4317927.843, 103
Trd, 4317928.443, 105
Trd, 4317928.493, 108
Trd, 4317929.343, 104
Trd, 4317930.743, 110
Trd, 4317932.893, 95
Trd, 4317934.443, 97
Trd, 4317935.593, 98
Trd, 4317936.993, 97
Trd, 4317937.343, 96
Trd, 4317939.343, 92
Trd, 4317939.543, 89
Trd, 4317939.993, 104
Trd, 4317941.043, 121
Trd, 4317941.793, 77
Trd, 4317944.593, 84
Trd, 4317945.843, 89
Trd, 4317948.493, 93
Trd, 4317950.593, 99
Trd, 4317951.893, 101
Trd, 4317951.943, 100
Trd, 4317953.993, 98
Trd, 4317955.143, 101
Trd, 4317955.943, 105
Trd, 4317957.393, 100
Trd, 4317957.493, 99
Trd, 4317957.793, 95
Trd, 4317960.493, 100
Trd, 4317961.193, 94
Trd, 4317962.393, 99
Trd, 4317963.743, 106
Trd, 4317963.893, 98
Trd, 4317965.793, 103
Trd, 4317966.043, 102
Trd, 4317969.443, 113
Trd, 4317970.393, 99
Trd, 4317971.493, 100
Trd, 4317972.093, 100
Trd, 4317972.493, 101
Trd, 4317973.493, 102
Trd, 4317975.893, 91
Trd, 4317976.693, 90
Trd, 4317977.243, 87
Trd, 4317977.743, 87
Trd, 4317977.793, 100
Trd, 4317983.743, 99
Trd, 4317984.393, 99
Trd, 4317984.493, 97
Trd, 4317986.243, 100
Trd, 4317986.743, 99
Trd, 4317986.843, 109
Trd, 4317986.893, 95
Trd, 4317987.393, 122
Trd, 4317989.243, 89
Trd, 4317994.343, 92
Trd, 4317995.893, 103
Trd, 4317996.493, 101
Trd, 4317997.743, 104
Trd, 4317997.943, 104
Trd, 4318001.293, 100
Trd, 4318001.843, 104
Trd, 4318002.043, 101
Trd, 4318003.543, 101
Trd, 4318005.143, 97
Trd, 4318006.543, 100
Trd, 4318006.843, 99
Trd, 4318009.993, 103
Trd, 4318010.943, 103
Trd, 4318011.693, 104
Trd, 4318013.893, 107
Trd, 4318014.643, 104
Trd, 4318015.643, 97
Trd, 4318015.993, 95
Trd, 4318016.793, 104
Trd, 4318018.443, 92
Trd, 4318018.743, 91
Trd, 4318019.893, 108
Trd, 4318020.993, 97
Trd, 4318022.543, 97
Trd, 4318022.893, 113
Trd, 4318024.043, 96
Trd, 4318026.593, 105
Trd, 4318026.893, 106
Trd, 4318027.293, 104
Trd, 4318029.393, 104
Trd, 4318029.643, 74
Trd, 4318030.843, 81
Trd, 4318034.143, 94
Trd, 4318034.893, 93
Trd, 4318035.393, 95
Trd, 4318036.093, 100
Trd, 4318038.843, 101
Trd, 4318039.493, 101
Trd, 4318040.543, 109
Trd, 4318041.143, 95
Trd, 4318043.043, 115
Trd, 4318043.393, 86
Trd, 4318047.093, 77
Trd, 4318048.043, 83
Trd, 4318048.893, 87
Trd, 4318049.793, 85
Trd, 4318053.293, 87
Trd, 4318055.893, 99
Trd, 4318057.593, 107
Trd, 4318058.743, 125
Trd, 4318060.443, 108
Trd, 4318061.293, 106
Trd, 4318061.793, 105
Trd, 4318062.793, 105
Trd, 4318063.743, 95
Trd, 4318065.493, 88
Trd, 4318066.043, 103
Trd, 4318069.143, 96
Trd, 4318069.643, 95
Trd, 4318071.193, 96
Trd, 4318072.493, 95
Trd, 4318073.693, 94
Trd, 4318074.143, 95
Trd, 4318076.193, 98
Trd, 4318076.693, 105
Trd, 4318077.543, 101
Trd, 4318079.393, 104
Trd, 4318080.293, 104
Trd, 4318080.393, 103
Trd, 4318081.843, 93
Trd, 4318082.043, 105
Trd, 4318085.793, 110
Trd, 4318086.243, 110
Trd, 4318086.793, 110
Trd, 4318087.193, 104
Trd, 4318087.943, 131
Trd, 4318089.893, 102
Trd, 4318091.193, 90
Trd, 4318092.643, 96
Trd, 4318095.593, 101
Trd, 4318095.843, 100
Trd, 4318098.443, 101
Trd, 4318098.843, 101
Trd, 4318099.943, 97
Trd, 4318100.743, 96
Trd, 4318102.393, 96
Trd, 4318103.193, 102
Trd, 4318106.443, 104
Trd, 4318107.193, 101
Trd, 4318108.043, 100
Trd, 4318109.743, 100
Trd, 4318109.943, 99
Trd, 4318111.043, 89
Trd, 4318111.993, 114
Trd, 4318112.693, 91
Trd, 4318113.593, 91
Trd, 4318116.493, 96
Trd, 4318116.993, 98
Trd, 4318117.343, 97
Trd, 4318118.843, 113
Trd, 4318119.843, 122
Trd, 4318120.493, 97
Trd, 4318123.143, 95
Trd, 4318123.693, 97
Trd, 4318126.193, 104
Trd, 4318127.943, 102
Trd, 4318131.143, 100
Trd, 4318131.293, 102
Trd, 4318131.443, 99
Trd, 4318132.393, 99
Trd, 4318132.643, 86
Trd, 4318132.743, 103
Trd, 4318136.093, 87
Trd, 4318136.493, 100
Trd, 4318138.443, 96
Trd, 4318139.493, 98
Trd, 4318139.793, 97
Trd, 4318140.143, 96
Trd, 4318140.193, 105
Trd, 4318141.093, 96
Trd, 4318147.493, 98
Trd, 4318148.693, 102
Trd, 4318149.243, 100
Trd, 4318150.243, 98
Trd, 4318151.493, 91
Trd, 4318152.543, 93
Trd, 4318153.443, 95
Trd, 4318153.743, 94
Trd, 4318154.693, 107
Trd, 4318156.193, 96
Trd, 4318156.543, 95
Trd, 4318157.243, 87
Trd, 4318160.593, 99
Trd, 4318163.743, 101
Trd, 4318164.143, 103
Trd, 4318164.443, 100
Trd, 4318167.243, 106
Trd, 4318167.993, 117
Trd, 4318168.293, 107
Trd, 4318168.993, 106
Trd, 4318170.243, 108
Trd, 4318170.843, 107
Trd, 4318172.943, 97
Trd, 4318174.243, 109
Trd, 4318175.993, 101
Trd, 4318176.193, 101
Trd, 4318178.443, 105
Trd, 4318179.743, 104
Trd, 4318179.893, 113
Trd, 4318180.693, 111
Trd, 4318181.693, 106
Trd, 4318183.243, 95
Trd, 4318184.643, 90
Trd, 4318185.443, 91
Trd, 4318187.793, 95
Trd, 4318188.893, 99
Trd, 4318189.693, 101
Trd, 4318190.243, 100
Trd, 4318190.593, 105
Trd, 4318191.743, 96
Trd, 4318193.543, 111
Trd, 4318194.543, 90
Trd, 4318195.793, 92
Trd, 4318196.843, 103
Trd, 4318197.243, 96
Trd, 4318200.243, 101
Trd, 4318200.443, 98
Trd, 4318201.893, 92
Trd, 4318202.493, 106
Trd, 4318203.093, 94
Trd, 4318207.843, 104
Trd, 4318208.093, 101
Trd, 4318208.593, 102
Trd, 4318211.193, 104
Trd, 4318211.893, 105
Trd, 4318213.293, 96
Trd, 4318214.693, 72
Trd, 4318218.093, 82
Trd, 4318219.593, 98
Trd, 4318223.893, 97
Trd, 4318224.843, 96
Trd, 4318225.593, 97
Trd, 4318225.643, 96
Trd, 4318225.693, 95
Trd, 4318226.143, 104
Trd, 4318226.943, 68
Trd, 4318230.743, 102
Trd, 4318232.593, 86
Trd, 4318232.943, 87
Trd, 4318233.293, 86
Trd, 4318234.043, 84
Trd, 4318235.343, 73
Trd, 4318235.543, 72
Trd, 4318238.643, 86
Trd, 4318239.143, 83
Trd, 4318241.793, 94
Trd, 4318243.893, 101
Trd, 4318244.493, 102
Trd, 4318246.843, 104
Trd, 4318248.743, 107
Trd, 4318249.543, 105
Trd, 4318249.693, 95
Trd, 4318249.793, 86
Trd, 4318250.543, 109
Trd, 4318253.993, 82
Trd, 4318254.793, 86
Trd, 4318255.893, 90
Trd, 4318256.593, 104
Trd, 4318259.343, 105
Trd, 4318259.893, 105
Trd, 4318260.893, 106
Trd, 4318262.293, 97
Trd, 4318262.943, 87
Trd, 4318263.543, 86
Trd, 4318263.843, 102
Trd, 4318267.693, 87
Trd, 4318268.243, 89
Trd, 4318272.093, 100
Trd, 4318272.693, 101
Trd, 4318273.093, 101
Trd, 4318274.793, 90
Trd, 4318275.543, 106
Trd, 4318277.543, 99
Trd, 4318277.843, 99
Trd, 4318278.593, 98
Trd, 4318278.693, 99
Trd, 4318279.343, 117
Trd, 4318279.943, 96
Trd, 4318285.693, 105
Trd, 4318285.993, 105
Trd, 4318286.293, 104
Trd, 4318286.943, 106
Trd, 4318287.743, 105
Trd, 4318288.843, 87
Trd, 4318290.043, 87
Trd, 4318290.993, 101
Trd, 4318293.143, 95
Trd, 4318293.943, 101
Trd, 4318294.243, 93
Trd, 4318297.643, 96
Trd, 4318298.343, 96
Trd, 4318299.943, 97
Trd, 4318300.843, 95
Trd, 4318301.143, 87
Trd, 4318302.643, 89
Trd, 4318304.093, 104
Trd, 4318307.393, 105
Trd, 4318307.943, 104
Trd, 4318308.843, 104
Trd, 4318310.193, 111
Trd, 4318310.543, 111
Trd, 4318311.893, 115
Trd, 4318311.943, 113
Trd, 4318314.943, 99
Trd, 4318316.443, 102
Trd, 4318317.093, 101
Trd, 4318319.043, 104
Trd, 4318319.143, 103
Trd, 4318320.143, 103
Trd, 4318322.643, 100
Trd, 4318323.993, 97
Trd, 4318324.443, 87
Trd, 4318325.093, 103
Trd, 4318326.843, 91
Trd, 4318329.593, 94
Trd, 4318330.093, 93
Trd, 4318333.143, 91
Trd, 4318334.443, 86
Trd, 4318335.293, 88
Trd, 4318337.093, 103
Trd, 4318338.143, 98
Trd, 4318339.343, 97
Trd, 4318340.643, 102
Trd, 4318341.293, 99
Trd, 4318342.743, 105
Trd, 4318342.793, 95
Trd, 4318345.293, 104
Trd, 4318346.093, 78
Trd, 4318348.043, 87
Trd, 4318348.893, 87
Trd, 4318350.943, 91
Trd, 4318352.993, 98
Trd, 4318355.293, 97
Trd, 4318355.593, 97
Trd, 4318356.093, 95
Trd, 4318358.093, 75
Trd, 4318358.543, 77
Trd, 4318359.193, 76
Trd, 4318363.193, 89
Trd, 4318363.493, 90
Trd, 4318365.393, 94
Trd, 4318366.893, 96
Trd, 4318367.443, 97
Trd, 4318370.593, 103
Trd, 4318370.793, 103
Trd, 4318371.693, 103
Trd, 4318373.093, 98
Trd, 4318374.543, 90
Trd, 4318376.043, 92
Trd, 4318376.893, 104
Trd, 4318379.193, 95
Trd, 4318381.643, 101
Trd, 4318382.143, 101
Trd, 4318382.693, 111
Trd, 4318382.743, 101
Trd, 4318386.293, 98
Trd, 4318386.843, 95
Trd, 4318388.843, 108
Trd, 4318389.643, 76
Trd, 4318390.743, 104
Trd, 4318391.943, 80
Trd, 4318393.593, 88
Trd, 4318395.343, 95
Trd, 4318396.143, 96
Trd, 4318396.793, 105
Trd, 4318397.593, 96
Trd, 4318402.443, 96
Trd, 4318402.993, 103
Trd, 4318404.193, 97
Trd, 4318405.343, 100
Trd, 4318405.393, 97
Trd, 4318406.143, 87
Trd, 4318406.543, 106
Trd, 4318411.593, 88
Trd, 4318412.693, 89
Trd, 4318415.293, 99
Trd, 4318416.493, 100
Trd, 4318417.143, 102
Trd, 4318417.643, 104
Trd, 4318418.643, 104
Trd, 4318420.143, 104
Trd, 4318422.943, 91
Trd, 4318423.093, 94
Trd, 4318423.793, 95
Trd, 4318424.793, 97
Trd, 4318426.743, 102
Trd, 4318426.893, 102
Trd, 4318426.993, 101
Trd, 4318429.943, 109
Trd, 4318430.043, 108
Trd, 4318430.793, 106
Trd, 4318433.193, 99
Trd, 4318433.393, 114
Trd, 4318434.543, 104
Trd, 4318435.293, 103
Trd, 4318436.743, 104
Trd, 4318439.343, 103
Trd, 4318440.243, 94
Trd, 4318441.843, 97
Trd, 4318443.843, 98
Trd, 4318444.143, 98
Trd, 4318444.893, 97
Trd, 4318445.243, 110
Trd, 4318445.443, 96
Trd, 4318446.393, 96
Trd, 4318447.543, 95
Trd, 4318449.843, 103
Trd, 4318450.993, 97
Trd, 4318451.893, 103
Trd, 4318452.443, 100
Trd, 4318453.993, 102
Trd, 4318454.893, 102
Trd, 4318457.043, 100
Trd, 4318458.293, 100
Trd, 4318460.343, 102
Trd, 4318462.343, 105
Trd, 4318463.143, 101
Trd, 4318465.693, 103
Trd, 4318465.793, 101
Trd, 4318466.143, 101
Trd, 4318466.493, 95
Trd, 4318467.443, 88
Trd, 4318468.643, 100
Trd, 4318472.093, 85
Trd, 4318473.743, 87
Trd, 4318474.393, 94
Trd, 4318475.743, 95
Trd, 4318478.193, 98
Trd, 4318480.243, 101
Trd, 4318480.843, 109
Trd, 4318481.343, 104
Trd, 4318481.743, 103
Trd, 4318484.743, 93
Trd, 4318486.893, 100
Trd, 4318487.093, 99
Trd, 4318487.193, 95
Trd, 4318490.043, 95
Trd, 4318491.293, 77
Trd, 4318492.493, 95
Trd, 4318492.993, 81
Trd, 4318494.443, 88
Trd, 4318496.993, 94
Trd, 4318497.643, 94
Trd, 4318498.343, 100
Trd, 4318500.243, 98
Trd, 4318500.493, 98
Trd, 4318502.593, 101
Trd, 4318503.943, 95
Trd, 4318504.193, 102
Trd, 4318507.793, 86
Trd, 4318510.193, 95
Trd, 4318510.943, 95
Trd, 4318511.293, 93
Trd, 4318512.543, 90
Trd, 4318513.143, 106
Trd, 4318513.343, 87
Trd, 4318515.593, 90
Trd, 4318516.193, 90
Trd, 4318518.443, 93
Trd, 4318519.043, 95
Trd, 4318519.193, 95
Trd, 4318521.093, 99
Trd, 4318521.643, 106
Trd, 4318523.243, 102
Trd, 4318524.193, 112
Trd, 4318524.793, 95
Trd, 4318524.843, 86
Trd, 4318530.743, 93
Trd, 4318531.143, 93
Trd, 4318531.293, 91
Trd, 4318532.443, 94
Trd, 4318533.543, 95
Trd, 4318534.843, 88
Trd, 4318536.043, 93
Trd, 4318536.343, 92
Trd, 4318538.343, 95
Trd, 4318539.293, 98
Trd, 4318541.343, 101
Trd, 4318542.243, 104
Trd, 4318544.193, 104
Trd, 4318545.093, 106
Trd, 4318545.243, 106
Trd, 4318546.143, 104
Trd, 4318548.343, 98
Trd, 4318548.493, 106
Trd, 4318549.793, 98
Trd, 4318553.693, 102
Trd, 4318555.143, 106
Trd, 4318555.993, 111
Trd, 4318556.543, 105
Trd, 4318556.743, 104
Trd, 4318559.343, 97
Trd, 4318560.393, 98
Trd, 4318562.593, 99
Trd, 4318563.293, 85
Trd, 4318564.643, 92
Trd, 4318567.343, 103
Trd, 4318567.643, 97
Trd, 4318569.993, 100
Trd, 4318570.493, 98
Trd, 4318572.543, 98
Trd, 4318573.643, 90
Trd, 4318576.843, 95
Trd, 4318577.193, 94
Trd, 4318577.493, 96
Trd, 4318577.593, 93
Trd, 4318578.993, 96
Trd, 4318579.093, 95
Trd, 4318581.693, 101
Trd, 4318582.443, 102
Trd, 4318582.943, 101
Trd, 4318586.593, 98
Trd, 4318587.243, 98
Trd, 4318587.543, 98
Trd, 4318588.493, 99
Trd, 4318588.743, 106
Trd, 4318588.793, 98
Trd, 4318591.843, 102
Trd, 4318592.543, 111
Trd, 4318593.343, 107
Trd, 4318594.943, 96
Trd, 4318598.193, 94
Trd, 4318598.843, 94
Trd, 4318599.493, 95
Trd, 4318600.043, 97
Trd, 4318601.593, 98
Trd, 4318601.793, 98
Trd, 4318603.893, 104
Trd, 4318604.093, 95
Trd, 4318605.893, 115
Trd, 4318608.293, 93
Trd, 4318608.993, 93
Trd, 4318611.093, 97
Trd, 4318611.493, 93
Trd, 4318613.543, 99
Trd, 4318613.993, 98
Trd, 4318615.743, 98
Trd, 4318616.993, 120
Trd, 4318617.343, 96
Trd, 4318618.893, 97
Trd, 4318619.093, 105
Trd, 4318620.693, 99
Trd, 4318621.893, 96
Trd, 4318622.693, 98
Trd, 4318623.593, 97
Trd, 4318623.943, 96
Trd, 4318624.793, 86
Trd, 4318627.143, 86
Trd, 4318630.543, 87
Trd, 4318630.743, 88
Trd, 4318632.493, 95
Trd, 4318633.143, 94
Trd, 4318634.743, 94
Trd, 4318635.943, 97
Trd, 4318636.493, 96
Trd, 4318637.443, 96
Trd, 4318638.493, 96
Trd, 4318639.143, 96
Trd, 4318639.443, 95
Trd, 4318640.743, 69
Trd, 4318644.243, 84
Trd, 4318646.143, 95
Trd, 4318647.493, 91
Trd, 4318649.643, 97
Trd, 4318650.143, 98
Trd, 4318652.243, 99
Trd, 4318652.893, 87
Trd, 4318654.043, 115
Trd, 4318655.493, 110
Trd, 4318657.143, 87
Trd, 4318661.343, 102
Trd, 4318662.393, 104
Trd, 4318663.193, 112
Trd, 4318663.593, 95
Trd, 4318668.893, 82
Trd, 4318669.143, 84
Trd, 4318673.893, 97
Trd, 4318674.143, 98
Trd, 4318674.293, 97
Trd, 4318674.543, 95
Trd, 4318674.843, 99
Trd, 4318675.493, 108
Trd, 4318676.743, 99
Trd, 4318678.143, 97
Trd, 4318678.993, 97
Trd, 4318681.693, 99
Trd, 4318681.993, 100
Trd, 4318682.593, 101
Trd, 4318685.243, 103
Trd, 4318686.293, 101
Trd, 4318687.643, 102
Trd, 4318690.043, 101
Trd, 4318691.193, 120
Trd, 4318691.843, 103
Trd, 4318693.493, 107
Trd, 4318693.993, 107
Trd, 4318694.543, 109
Trd, 4318697.193, 108
Trd, 4318698.243, 98
Trd, 4318700.193, 101
Trd, 4318704.443, 90
Trd, 4318704.793, 90
Trd, 4318706.193, 92
Trd, 4318706.393, 93
Trd, 4318706.793, 104
Trd, 4318707.093, 91
Trd, 4318708.343, 115
Trd, 4318708.543, 87
Trd, 4318711.993, 98
Trd, 4318713.043, 100
Trd, 4318713.143, 102
Trd, 4318713.993, 104
Trd, 4318714.143, 102
Trd, 4318715.793, 105
Trd, 4318716.593, 102
Trd, 4318717.943, 98
Trd, 4318720.043, 102
Trd, 4318721.543, 103
Trd, 4318722.143, 104
Trd, 4318722.343, 105
Trd, 4318723.143, 106
Trd, 4318724.643, 105
Trd, 4318726.293, 104
Trd, 4318727.843, 107
Trd, 4318729.593, 84
Trd, 4318731.293, 93
Trd, 4318731.393, 94
Trd, 4318731.743, 94
Trd, 4318733.793, 95
Trd, 4318735.243, 103
Trd, 4318735.793, 105
Trd, 4318737.543, 104
Trd, 4318738.393, 104
Trd, 4318738.493, 105
Trd, 4318739.043, 95
Trd, 4318740.843, 86
Trd, 4318742.293, 73
Trd, 4318745.143, 85
Trd, 4318746.093, 86
Trd, 4318747.593, 87
Trd, 4318748.843, 88
Trd, 4318751.443, 92
Trd, 4318751.493, 105
Trd, 4318751.993, 121
Trd, 4318755.543, 106
Trd, 4318755.893, 106
Trd, 4318756.143, 104
Trd, 4318756.893, 98
Trd, 4318758.143, 89
Trd, 4318759.693, 91
Trd, 4318760.993, 104
Trd, 4318762.643, 93
Trd, 4318764.643, 94
Trd, 4318765.093, 100
Trd, 4318765.243, 94
Trd, 4318767.393, 102
Trd, 4318767.743, 103
Trd, 4318768.093, 102
Trd, 4318768.293, 102
Trd, 4318770.543, 87
Trd, 4318774.393, 94
Trd, 4318776.293, 90
Trd, 4318776.843, 89
Trd, 4318779.193, 97
Trd, 4318779.493, 96
Trd, 4318781.793, 107
Trd, 4318782.993, 106
Trd, 4318783.893, 106
Trd, 4318784.193, 105
Trd, 4318784.793, 103
Trd, 4318786.293, 102
Trd, 4318787.043, 103
Trd, 4318788.043, 103
Trd, 4318788.593, 102
Trd, 4318789.893, 89
Trd, 4318791.893, 90
Trd, 4318792.693, 73
Trd, 4318793.643, 109
Trd, 4318795.443, 84
Trd, 4318796.093, 85
Trd, 4318797.293, 87
Trd, 4318797.643, 86
Trd, 4318799.493, 89
Trd, 4318800.593, 94
Trd, 4318801.243, 111
Trd, 4318802.493, 96
Trd, 4318803.193, 97
Trd, 4318803.893, 95
Trd, 4318807.443, 98
Trd, 4318808.643, 99
Trd, 4318809.093, 100
Trd, 4318810.493, 89
Trd, 4318811.743, 99
Trd, 4318811.893, 91
Trd, 4318813.093, 95
Trd, 4318814.243, 97
Trd, 4318815.443, 96
Trd, 4318816.143, 95
Trd, 4318817.593, 104
Trd, 4318819.743, 102
Trd, 4318819.943, 101
Trd, 4318820.593, 100
Trd, 4318823.393, 99
Trd, 4318826.143, 111
Trd, 4318826.293, 110
Trd, 4318826.943, 109
Trd, 4318828.693, 108
Trd, 4318829.693, 104
Trd, 4318830.893, 105
Trd, 4318831.393, 98
Trd, 4318832.193, 88
Trd, 4318833.843, 100
Trd, 4318834.243, 92
Trd, 4318834.443, 90
Trd, 4318838.493, 100
Trd, 4318838.593, 106
Trd, 4318838.993, 100
Trd, 4318841.943, 103
Trd, 4318842.493, 95
Trd, 4318843.443, 91
Trd, 4318847.193, 83
Trd, 4318847.893, 95
Trd, 4318849.793, 94
Trd, 4318849.943, 92
Trd, 4318851.293, 103
Trd, 4318854.993, 105
Trd, 4318855.893, 105
Trd, 4318855.943, 123
Trd, 4318857.993, 98
Trd, 4318858.643, 98
Trd, 4318858.893, 96
Trd, 4318859.993, 113
Trd, 4318861.343, 89
Trd, 4318863.193, 90
Trd, 4318864.643, 102
Trd, 4318867.193, 100
Trd, 4318867.243, 99
Trd, 4318868.893, 92
Trd, 4318870.193, 94
Trd, 4318870.393, 95
Trd, 4318871.343, 95
Trd, 4318873.343, 96
Trd, 4318874.343, 98
Trd, 4318875.943, 100
Trd, 4318876.243, 99
Trd, 4318877.993, 101
Trd, 4318880.093, 121
Trd, 4318880.493, 99
Trd, 4318881.543, 101
Trd, 4318881.743, 95
Trd, 4318883.743, 77
Trd, 4318887.243, 87
Trd, 4318888.293, 94
Trd, 4318888.643, 113
Trd, 4318889.393, 95
Trd, 4318890.643, 111
Trd, 4318891.043, 99
Trd, 4318894.143, 106
Trd, 4318894.393, 106
Trd, 4318895.843, 108
Trd, 4318896.293, 107
Trd, 4318897.943, 98
Trd, 4318898.343, 108
Trd, 4318899.493, 98
Trd, 4318900.393, 109
Trd, 4318903.593, 99
Trd, 4318904.093, 99
Trd, 4318904.893, 88
Trd, 4318906.843, 92
Trd, 4318907.843, 95
Trd, 4318908.643, 95
Trd, 4318909.043, 94
Trd, 4318910.093, 97
Trd, 4318911.343, 99
Trd, 4318912.393, 103
Trd, 4318913.543, 79
Trd, 4318918.093, 92
Trd, 4318918.143, 100
Trd, 4318918.443, 88
Trd, 4318920.043, 88
Trd, 4318922.443, 96
Trd, 4318922.693, 96
Trd, 4318922.793, 95
Trd, 4318923.093, 97
Trd, 4318925.493, 98
Trd, 4318925.593, 105
Trd, 4318925.793, 96
Trd, 4318928.443, 96
Trd, 4318931.293, 102
Trd, 4318931.343, 108
Trd, 4318931.643, 101
Trd, 4318936.343, 101
Trd, 4318938.093, 102
Trd, 4318938.593, 98
Trd, 4318939.893, 100
Trd, 4318940.843, 99
Trd, 4318941.643, 87
Trd, 4318943.693, 125
Trd, 4318943.743, 94
Trd, 4318945.793, 106
Trd, 4318945.993, 94
Trd, 4318946.293, 94
Trd, 4318947.993, 94
Trd, 4318950.993, 101
Trd, 4318952.343, 105
Trd, 4318953.443, 107
Trd, 4318954.243, 106
Trd, 4318955.393, 96
Trd, 4318955.893, 95
Trd, 4318956.393, 88
Trd, 4318957.493, 107
Trd, 4318959.593, 90
Trd, 4318959.993, 90
Trd, 4318961.293, 95
Trd, 4318963.143, 106
Trd, 4318965.343, 78
Trd, 4318965.393, 77
Trd, 4318966.043, 78
Trd, 4318968.393, 85
Trd, 4318970.093, 91
Trd, 4318970.193, 92
Trd, 4318970.743, 95
Trd, 4318971.043, 93
Trd, 4318971.493, 93
Trd, 4318974.993, 105
Trd, 4318975.143, 104
Trd, 4318975.393, 106
Trd, 4318975.743, 104
Trd, 4318978.243, 101
Trd, 4318980.193, 113
Trd, 4318981.243, 101
Trd, 4318982.543, 102
Trd, 4318983.143, 100
Trd, 4318986.743, 104
Trd, 4318986.893, 104
Trd, 4318987.093, 103
Trd, 4318987.243, 95
Trd, 4318990.393, 104
Trd, 4318994.193, 91
Trd, 4318994.493, 91
Trd, 4318995.093, 93
Trd, 4318995.393, 95
Trd, 4318996.043, 94
Trd, 4318997.643, 108
Trd, 4318998.243, 92
Trd, 4318999.793, 93
Trd, 4319001.543, 103
Trd, 4319001.693, 102
Trd, 4319003.043, 103
Trd, 4319003.543, 102
Trd, 4319004.343, 103
Trd, 4319006.343, 89
Trd, 4319006.543, 118
Trd, 4319007.943, 114
Trd, 4319011.143, 92
Trd, 4319011.843, 93
Trd, 4319012.193, 92
Trd, 4319014.393, 94
Trd, 4319014.593, 95
Trd, 4319015.793, 96
Trd, 4319016.143, 95
Trd, 4319016.343, 95
Trd, 4319018.993, 86
Trd, 4319020.093, 83
Trd, 4319021.843, 90
Trd, 4319022.593, 94
Trd, 4319022.843, 94
Trd, 4319023.993, 93
Trd, 4319025.343, 106
Trd, 4319029.593, 104
Trd, 4319030.043, 105
Trd, 4319030.093, 104
Trd, 4319030.943, 101
Trd, 4319031.293, 100
Trd, 4319033.193, 96
Trd, 4319034.843, 107
Trd, 4319037.243, 99
Trd, 4319038.893, 104
Trd, 4319040.143, 106
Trd, 4319041.043, 106
Trd, 4319041.943, 105
Trd, 4319042.393, 104
Trd, 4319042.743, 125
Trd, 4319042.943, 125
Trd, 4319043.593, 97
Trd, 4319045.093, 87
Trd, 4319047.643, 92
Trd, 4319047.743, 91
Trd, 4319051.043, 94
Trd, 4319051.143, 95
Trd, 4319051.793, 94
Trd, 4319055.143, 102
Trd, 4319056.793, 99
Trd, 4319056.843, 95
Trd, 4319057.143, 86
Trd, 4319060.193, 76
Trd, 4319060.843, 78
Trd, 4319063.243, 85
Trd, 4319063.793, 85
Trd, 4319066.293, 89
Trd, 4319068.243, 91
Trd, 4319069.343, 95
Trd, 4319070.093, 94
Trd, 4319071.393, 96
Trd, 4319071.743, 95
Trd, 4319072.243, 106
Trd, 4319072.493, 95
Trd, 4319074.043, 92
Trd, 4319076.593, 104
Trd, 4319077.243, 97
Trd, 4319077.593, 98
Trd, 4319082.193, 100
Trd, 4319083.443, 100
Trd, 4319083.993, 102
Trd, 4319086.393, 102
Trd, 4319087.043, 104
Trd, 4319087.843, 105
Trd, 4319088.393, 104
Trd, 4319092.443, 104
Trd, 4319093.393, 84
Trd, 4319094.743, 89
Trd, 4319096.493, 89
Trd, 4319098.393, 97
Trd, 4319100.443, 104
Trd, 4319100.843, 102
Trd, 4319101.943, 104
Trd, 4319103.693, 105
Trd, 4319104.043, 104
Trd, 4319105.843, 118
Trd, 4319106.343, 100
Trd, 4319107.593, 102
Trd, 4319109.343, 103
Trd, 4319111.043, 102
Trd, 4319111.993, 103
Trd, 4319112.743, 99
Trd, 4319114.443, 105
Trd, 4319116.293, 78
Trd, 4319118.043, 85
Trd, 4319119.093, 89
Trd, 4319120.693, 95
Trd, 4319122.193, 104
Trd, 4319122.293, 98
Trd, 4319122.893, 88
Trd, 4319124.293, 91
Trd, 4319128.143, 103
Trd, 4319128.293, 97
Trd, 4319128.343, 95
Trd, 4319129.543, 89
Trd, 4319131.793, 96
Trd, 4319133.343, 97
Trd, 4319133.643, 98
Trd, 4319135.843, 104
Trd, 4319136.593, 104
Trd, 4319137.643, 125
Trd, 4319138.543, 110
Trd, 4319139.143, 110
Trd, 4319141.843, 113
Trd, 4319142.593, 112
Trd, 4319144.043, 114
Trd, 4319144.243, 104
Trd, 4319144.543, 113
Trd, 4319144.693, 95
Trd, 4319148.893, 99
Trd, 4319150.393, 97
Trd, 4319152.643, 102
Trd, 4319154.293, 102
Trd, 4319156.143, 104
Trd, 4319156.543, 105
Trd, 4319157.043, 69
Trd, 4319157.543, 104
Trd, 4319160.093, 114
Trd, 4319162.893, 103
Trd, 4319162.993, 90
Trd, 4319163.543, 89
Trd, 4319164.093, 88
Trd, 4319164.893, 100
Trd, 4319167.193, 102
Trd, 4319168.593, 105
Trd, 4319169.193, 104
Trd, 4319171.743, 94
Trd, 4319172.343, 93
Trd, 4319174.993, 97
Trd, 4319175.593, 103
Trd, 4319177.243, 105
Trd, 4319177.493, 102
Trd, 4319180.143, 95
Trd, 4319181.643, 95
Trd, 4319182.893, 97
Trd, 4319184.943, 102
Trd, 4319185.593, 101
Trd, 4319187.293, 104
Trd, 4319187.893, 103
Trd, 4319188.093, 95
Trd, 4319188.243, 105
Trd, 4319192.093, 91
Trd, 4319192.493, 93
Trd, 4319194.043, 89
Trd, 4319194.893, 90
Trd, 4319195.993, 94
Trd, 4319198.043, 94
Trd, 4319198.443, 95
Trd, 4319200.293, 103
Trd, 4319201.243, 98
Trd, 4319204.343, 103
Trd, 4319206.493, 99
Trd, 4319207.243, 101
Trd, 4319207.293, 100
Trd, 4319210.743, 105
Trd, 4319211.593, 105
Trd, 4319212.693, 105
Trd, 4319213.093, 120
Trd, 4319215.143, 102
Trd, 4319217.143, 103
Trd, 4319217.693, 95
Trd, 4319219.043, 105
Trd, 4319221.793, 88
Trd, 4319222.093, 88
Trd, 4319223.743, 106
Trd, 4319225.043, 91
Trd, 4319226.793, 107
Trd, 4319228.543, 104
Trd, 4319230.093, 102
Trd, 4319230.493, 104
Trd, 4319230.593, 103
Trd, 4319231.143, 107
Trd, 4319231.593, 95
Trd, 4319234.693, 98
Trd, 4319235.193, 97
Trd, 4319236.843, 97
Trd, 4319238.743, 101
Trd, 4319238.843, 98
Trd, 4319240.393, 103
Trd, 4319242.843, 100
Trd, 4319242.943, 99
Trd, 4319244.093, 104
Trd, 4319247.593, 106
Trd, 4319248.793, 106
Trd, 4319249.543, 105
Trd, 4319249.593, 126
Trd, 4319250.343, 96
Trd, 4319250.943, 96
Trd, 4319252.993, 110
Trd, 4319254.193, 102
Trd, 4319257.093, 108
Trd, 4319257.543, 109
Trd, 4319257.893, 109
Trd, 4319258.093, 123
Trd, 4319262.593, 103
Trd, 4319263.943, 104
Trd, 4319264.593, 104
Trd, 4319266.093, 88
Trd, 4319269.193, 95
Trd, 4319269.643, 95
Trd, 4319271.393, 81
Trd, 4319273.843, 88
Trd, 4319274.943, 89
Trd, 4319275.443, 89
Trd, 4319276.343, 91
Trd, 4319276.543, 95
Trd, 4319277.593, 89
Trd, 4319278.643, 89
Trd, 4319281.743, 98
Trd, 4319281.893, 97
Trd, 4319282.843, 96
Trd, 4319284.143, 97
Trd, 4319286.843, 103
Trd, 4319286.943, 104
Trd, 4319287.843, 103
Trd, 4319288.843, 100
Trd, 4319291.393, 96
Trd, 4319292.143, 113
Trd, 4319292.743, 101
Trd, 4319292.843, 100
Trd, 4319293.593, 86
Trd, 4319295.943, 78
Trd, 4319298.643, 103
Trd, 4319298.993, 93
Trd, 4319300.343, 95
Trd, 4319302.443, 99
Trd, 4319304.793, 112
Trd, 4319305.793, 113
Trd, 4319306.243, 115
Trd, 4319306.343, 112
Trd, 4319307.243, 108
Trd, 4319311.193, 109
Trd, 4319311.393, 109
Trd, 4319311.743, 95
Trd, 4319312.893, 88
Trd, 4319312.993, 86
Trd, 4319313.643, 117
Trd, 4319315.093, 76
Trd, 4319315.793, 80
Trd, 4319318.043, 88
Trd, 4319319.093, 90
Trd, 4319319.993, 106
Trd, 4319320.393, 93
Trd, 4319323.393, 97
Trd, 4319325.643, 100
Trd, 4319327.843, 100
Trd, 4319327.943, 98
Trd, 4319328.093, 97
Trd, 4319330.143, 104
Trd, 4319330.193, 110
Trd, 4319331.593, 104
Trd, 4319333.443, 107
Trd, 4319334.843, 107
Trd, 4319335.243, 107
Trd, 4319336.443, 108
Trd, 4319338.493, 72
Trd, 4319341.243, 87
Trd, 4319341.593, 82
Trd, 4319343.493, 91
Trd, 4319345.293, 89
Trd, 4319347.793, 95
Trd, 4319348.343, 103
Trd, 4319349.643, 102
Trd, 4319350.143, 99
Trd, 4319351.093, 98
Trd, 4319351.593, 98
Trd, 4319352.093, 100
Trd, 4319355.743, 110
Trd, 4319356.043, 112
Trd, 4319356.143, 111
Trd, 4319356.993, 104
Trd, 4319357.343, 122
Trd, 4319357.993, 68
Trd, 4319360.993, 79
Trd, 4319362.343, 87
Trd, 4319363.893, 90
Trd, 4319367.493, 98
Trd, 4319368.643, 101
Trd, 4319368.993, 101
Trd, 4319369.193, 107
Trd, 4319370.193, 89
Trd, 4319371.793, 91
Trd, 4319374.743, 97
Trd, 4319375.343, 103
Trd, 4319376.843, 102
Trd, 4319376.993, 101
Trd, 4319380.693, 100
Trd, 4319381.443, 100
Trd, 4319382.593, 98
Trd, 4319382.793, 95
Trd, 4319385.043, 72
Trd, 4319388.443, 103
Trd, 4319389.093, 91
Trd, 4319390.043, 103
Trd, 4319390.143, 94
Trd, 4319391.943, 95
Trd, 4319394.543, 101
Trd, 4319395.193, 106
Trd, 4319397.343, 107
Trd, 4319397.593, 106
Trd, 4319397.793, 86
Trd, 4319400.843, 82
Trd, 4319402.043, 93
Trd, 4319402.393, 87
Trd, 4319405.293, 93
Trd, 4319408.243, 97
Trd, 4319408.493, 107
Trd, 4319408.843, 98
Trd, 4319409.993, 98
Trd, 4319411.693, 104
Trd, 4319412.993, 112
Trd, 4319414.543, 105
Trd, 4319415.243, 113
Trd, 4319416.993, 103
Trd, 4319419.543, 79
Trd, 4319420.043, 80
Trd, 4319420.543, 82
Trd, 4319420.643, 88
Trd, 4319421.593, 84
Trd, 4319424.193, 88
Trd, 4319426.143, 93
Trd, 4319428.193, 104
Trd, 4319428.443, 103
Trd, 4319430.643, 107
Trd, 4319432.443, 110
Trd, 4319433.693, 113
Trd, 4319433.893, 112
Trd, 4319434.093, 110
Trd, 4319435.293, 95
Trd, 4319437.143, 115
Trd, 4319437.243, 95
Trd, 4319437.843, 97
Trd, 4319440.593, 104
Trd, 4319443.043, 106
Trd, 4319443.093, 104
Trd, 4319445.843, 110
Trd, 4319445.943, 112
Trd, 4319446.743, 108
Trd, 4319448.193, 110
Trd, 4319448.443, 109
Trd, 4319450.893, 109
Trd, 4319451.093, 106
Trd, 4319453.843, 89
Trd, 4319456.593, 92
Trd, 4319458.493, 100
Trd, 4319459.593, 106
Trd, 4319460.593, 107
Trd, 4319461.793, 106
Trd, 4319462.793, 110
Trd, 4319463.043, 107
Trd, 4319464.793, 96
Trd, 4319466.843, 98
Trd, 4319466.893, 97
Trd, 4319467.193, 103
Trd, 4319467.943, 95
Trd, 4319471.193, 79
Trd, 4319474.193, 90
Trd, 4319475.493, 102
Trd, 4319476.393, 99
Trd, 4319476.693, 100
Trd, 4319477.843, 118
Trd, 4319479.493, 107
Trd, 4319480.593, 108
Trd, 4319480.943, 96
Trd, 4319481.543, 97
Trd, 4319483.543, 103
Trd, 4319484.693, 116
Trd, 4319484.793, 105
Trd, 4319487.193, 108
Trd, 4319489.593, 92
Trd, 4319490.143, 97
Trd, 4319490.743, 94
Trd, 4319490.843, 94
Trd, 4319492.643, 107
Trd, 4319496.043, 103
Trd, 4319497.243, 104
Trd, 4319497.493, 102
Trd, 4319497.943, 104
Trd, 4319498.993, 95
Trd, 4319500.293, 90
Trd, 4319500.943, 89
Trd, 4319502.293, 96
Trd, 4319502.543, 95
Trd, 4319502.843, 94
Trd, 4319503.993, 114
Trd, 4319506.693, 103
Trd, 4319506.993, 102
Trd, 4319508.593, 106
Trd, 4319509.993, 106
Trd, 4319511.643, 110
Trd, 4319511.743, 109
Trd, 4319513.243, 109
Trd, 4319514.193, 96
Trd, 4319515.493, 98
Trd, 4319517.243, 100
Trd, 4319518.943, 101
Trd, 4319520.793, 110
Trd, 4319521.643, 104
Trd, 4319522.793, 106
Trd, 4319525.393, 100
Trd, 4319525.743, 99
Trd, 4319526.343, 99
Trd, 4319528.293, 97
Trd, 4319528.493, 95
Trd, 4319528.793, 88
Trd, 4319530.543, 90
Trd, 4319531.843, 117
Trd, 4319531.943, 93
Trd, 4319535.043, 101
Trd, 4319535.193, 101
Trd, 4319535.493, 103
Trd, 4319536.743, 105
Trd, 4319540.543, 103
Trd, 4319540.843, 103
Trd, 4319541.343, 103
Trd, 4319543.843, 77
Trd, 4319544.143, 102
Trd, 4319546.143, 89
Trd, 4319546.343, 88
Trd, 4319548.343, 93
Trd, 4319548.893, 94
Trd, 4319549.093, 95
Trd, 4319550.143, 95
Trd, 4319551.393, 98
Trd, 4319553.343, 101
Trd, 4319554.643, 99
Trd, 4319556.393, 113
Trd, 4319557.943, 106
Trd, 4319558.043, 107
Trd, 4319558.543, 106
Trd, 4319561.243, 109
Trd, 4319561.393, 110
Trd, 4319564.943, 104
Trd, 4319565.543, 105
Trd, 4319565.593, 102
Trd, 4319567.143, 97
Trd, 4319568.593, 100
Trd, 4319571.243, 121
Trd, 4319572.193, 107
Trd, 4319572.443, 104
Trd, 4319575.093, 92
Trd, 4319575.493, 103
Trd, 4319575.543, 90
Trd, 4319577.493, 91
Trd, 4319579.793, 92
Trd, 4319580.593, 91
Trd, 4319581.593, 102
Trd, 4319582.743, 91
Trd, 4319584.643, 92
Trd, 4319585.693, 117
Trd, 4319586.643, 91
Trd, 4319587.693, 89
Trd, 4319588.893, 93
Trd, 4319589.843, 95
Trd, 4319590.193, 96
Trd, 4319590.243, 95
Trd, 4319591.743, 115
Trd, 4319595.743, 89
Trd, 4319597.043, 81
Trd, 4319598.193, 86
Trd, 4319598.393, 85
Trd, 4319598.743, 85
Trd, 4319600.943, 88
Trd, 4319602.343, 81
Trd, 4319605.793, 97
Trd, 4319605.843, 96
Trd, 4319607.143, 96
Trd, 4319607.293, 104
Trd, 4319609.243, 99
Trd, 4319611.643, 88
Trd, 4319612.993, 99
Trd, 4319613.393, 91
Trd, 4319615.193, 95
Trd, 4319615.293, 94
Trd, 4319618.593, 104
Trd, 4319619.193, 103
Trd, 4319619.343, 102
Trd, 4319620.293, 101
Trd, 4319621.293, 105
Trd, 4319623.393, 114
Trd, 4319624.193, 97
Trd, 4319626.743, 101
Trd, 4319628.543, 106
Trd, 4319628.643, 105
Trd, 4319629.293, 108
Trd, 4319629.493, 104
Trd, 4319630.593, 105
Trd, 4319631.793, 106
Trd, 4319634.043, 72
Trd, 4319638.343, 87
Trd, 4319638.593, 88
Trd, 4319639.493, 95
Trd, 4319640.043, 105
Trd, 4319640.743, 97
Trd, 4319641.293, 94
Trd, 4319645.343, 103
Trd, 4319646.693, 101
Trd, 4319647.593, 95
Trd, 4319648.293, 86
Trd, 4319649.493, 97
Trd, 4319651.993, 79
Trd, 4319653.793, 90
Trd, 4319654.493, 95
Trd, 4319656.793, 93
Trd, 4319657.343, 93
Trd, 4319658.943, 80
Trd, 4319661.343, 87
Trd, 4319662.493, 88
Trd, 4319662.543, 95
Trd, 4319665.143, 94
Trd, 4319666.543, 95
Trd, 4319666.943, 95
Trd, 4319671.643, 98
Trd, 4319672.743, 89
Trd, 4319673.343, 92
Trd, 4319674.643, 97
Trd, 4319675.193, 104
Trd, 4319675.243, 99
Trd, 4319677.493, 102
Trd, 4319680.943, 112
Trd, 4319681.143, 117
Trd, 4319682.343, 104
Trd, 4319683.693, 98
Trd, 4319685.743, 103
Trd, 4319686.393, 104
Trd, 4319687.093, 104
Trd, 4319688.743, 88
Trd, 4319691.693, 92
Trd, 4319693.093, 96
Trd, 4319693.843, 96
Trd, 4319694.293, 113
Trd, 4319696.743, 104
Trd, 4319697.493, 104
Trd, 4319698.293, 95
Trd, 4319698.393, 86
Trd, 4319700.493, 113
Trd, 4319702.443, 118
Trd, 4319704.743, 92
Trd, 4319705.393, 97
Trd, 4319706.043, 108
Trd, 4319708.793, 105
Trd, 4319709.643, 107
Trd, 4319709.993, 106
Trd, 4319710.993, 104
Trd, 4319713.943, 102
Trd, 4319714.243, 102
Trd, 4319714.643, 104
Trd, 4319715.443, 95
Trd, 4319716.943, 89
Trd, 4319718.693, 93
Trd, 4319718.793, 114
Trd, 4319719.543, 93
Trd, 4319720.843, 88
Trd, 4319721.643, 86
Trd, 4319724.893, 105
Trd, 4319725.243, 77
Trd, 4319727.493, 106
Trd, 4319728.643, 89
Trd, 4319731.393, 91
Trd, 4319732.993, 92
Trd, 4319734.443, 95
Trd, 4319735.243, 99
Trd, 4319736.593, 98
Trd, 4319737.693, 101
Trd, 4319739.293, 115
Trd, 4319739.643, 111
Trd, 4319740.243, 110
Trd, 4319740.393, 107
Trd, 4319740.893, 108
Trd, 4319741.393, 100
Trd, 4319743.293, 100
Trd, 4319744.243, 100
Trd, 4319748.893, 103
Trd, 4319749.393, 102
Trd, 4319749.893, 102
Trd, 4319751.543, 102
Trd, 4319752.043, 115
Trd, 4319753.343, 109
Trd, 4319753.693, 90
Trd, 4319754.493, 86
Trd, 4319759.293, 93
Trd, 4319760.893, 97
Trd, 4319761.043, 98
Trd, 4319763.043, 102
Trd, 4319763.743, 103
Trd, 4319764.143, 103
Trd, 4319764.943, 104
Trd, 4319766.393, 113
Trd, 4319768.443, 111
Trd, 4319769.593, 107
Trd, 4319769.643, 104
Trd, 4319770.293, 97
Trd, 4319774.393, 75
Trd, 4319775.793, 82
Trd, 4319776.043, 86
Trd, 4319780.543, 106
Trd, 4319780.893, 106
Trd, 4319781.193, 104
Trd, 4319781.543, 103
Trd, 4319784.343, 76
Trd, 4319784.843, 100
Trd, 4319787.843, 96
Trd, 4319789.143, 93
Trd, 4319790.593, 93
Trd, 4319791.443, 93
Trd, 4319794.293, 91
Trd, 4319794.593, 90
Trd, 4319794.793, 92
Trd, 4319797.243, 93
Trd, 4319797.543, 93
Trd, 4319798.993, 106
Trd, 4319799.293, 93
Trd, 4319804.643, 90
Trd, 4319806.043, 92
Trd, 4319807.243, 95
Trd, 4319807.943, 107
Trd, 4319808.293, 90
Trd, 4319809.793, 111
Trd, 4319810.643, 94
Trd, 4319812.493, 97
Trd, 4319813.443, 97
Trd, 4319814.843, 110
Trd, 4319816.093, 100
Trd, 4319816.193, 99
Trd, 4319820.243, 93
Trd, 4319822.193, 94
Trd, 4319822.293, 95
Trd, 4319823.843, 97
Trd, 4319824.243, 97
Trd, 4319825.343, 89
Trd, 4319825.693, 112
Trd, 4319827.043, 93
Trd, 4319828.393, 92
Trd, 4319829.993, 92
Trd, 4319832.043, 97
Trd, 4319832.893, 98
Trd, 4319834.793, 102
Trd, 4319834.943, 104
Trd, 4319835.193, 101
Trd, 4319836.593, 96
Trd, 4319837.493, 97
Trd, 4319837.693, 95
Trd, 4319842.093, 99
Trd, 4319842.143, 89
Trd, 4319843.893, 100
Trd, 4319845.143, 97
Trd, 4319845.893, 97
Trd, 4319847.093, 99
Trd, 4319848.393, 98
Trd, 4319849.943, 95
Trd, 4319852.793, 99
Trd, 4319853.093, 100
Trd, 4319853.143, 99
Trd, 4319853.543, 98
Trd, 4319854.443, 98
Trd, 4319854.843, 99
Trd, 4319857.943, 95
Trd, 4319858.893, 100
Trd, 4319859.393, 100
Trd, 4319860.543, 102
Trd, 4319861.443, 92
Trd, 4319864.143, 98
Trd, 4319864.993, 96
Trd, 4319866.593, 96
Trd, 4319867.743, 97
Trd, 4319868.293, 97
Trd, 4319868.693, 97
Trd, 4319872.743, 84
Trd, 4319872.793, 94
Trd, 4319875.443, 95
Trd, 4319875.693, 95
Trd, 4319877.193, 99
Trd, 4319877.443, 105
Trd, 4319879.293, 105
Trd, 4319880.093, 104
Trd, 4319882.043, 104
Trd, 4319882.393, 100
Trd, 4319883.543, 101
Trd, 4319885.293, 101
Trd, 4319887.743, 99
Trd, 4319887.843, 101
Trd, 4319889.693, 99
Trd, 4319890.193, 99
Trd, 4319890.893, 99
Trd, 4319891.843, 108
Trd, 4319891.893, 98
Trd, 4319892.093, 87
Trd, 4319896.943, 98
Trd, 4319897.993, 101
Trd, 4319898.543, 98
Trd, 4319898.993, 100
Trd, 4319901.143, 101
Trd, 4319903.043, 105
Trd, 4319903.243, 105
Trd, 4319905.093, 108
Trd, 4319905.743, 107
Trd, 4319906.443, 107
Trd, 4319906.743, 87
Trd, 4319908.843, 92
Trd, 4319909.343, 98
Trd, 4319912.693, 101
Trd, 4319913.393, 103
Trd, 4319914.193, 100
Trd, 4319916.043, 72
Trd, 4319918.043, 84
Trd, 4319918.743, 87
Trd, 4319921.543, 95
Trd, 4319923.893, 102
Trd, 4319923.993, 101
Trd, 4319925.043, 95
Trd, 4319928.693, 89
Trd, 4319928.743, 100
Trd, 4319930.593, 103
Trd, 4319932.643, 105
Trd, 4319933.593, 106
Trd, 4319933.743, 104
Trd, 4319935.543, 89
Trd, 4319937.993, 86
Trd, 4319938.543, 87
Trd, 4319940.493, 95
Trd, 4319941.093, 95
Trd, 4319942.593, 96
Trd, 4319942.643, 95
Trd, 4319944.043, 95
Trd, 4319944.943, 97
Trd, 4319946.243, 100
Trd, 4319947.843, 123
Trd, 4319949.493, 106
Trd, 4319951.143, 106
Trd, 4319951.493, 104
Trd, 4319952.293, 90
Trd, 4319953.993, 109
Trd, 4319956.093, 100
Trd, 4319957.043, 99
Trd, 4319957.393, 98
Trd, 4319957.793, 105
Trd, 4319958.843, 87
Trd, 4319959.543, 88
Trd, 4319961.493, 89
Trd, 4319963.293, 97
Trd, 4319965.393, 104
Trd, 4319965.793, 104
Trd, 4319967.543, 105
Trd, 4319968.843, 86
Trd, 4319968.993, 103
Trd, 4319971.893, 80
Trd, 4319974.043, 88
Trd, 4319974.743, 98
Trd, 4319975.793, 97
Trd, 4319976.543, 97
Trd, 4319978.793, 102
Trd, 4319979.643, 104
Trd, 4319980.393, 103
Trd, 4319981.343, 118
Trd, 4319981.393, 102
Trd, 4319984.943, 100
Trd, 4319986.243, 102
Trd, 4319986.943, 104
Trd, 4319989.643, 107
Trd, 4319990.593, 111
Trd, 4319990.893, 109
Trd, 4319991.043, 108
Trd, 4319992.043, 71
Trd, 4319995.493, 86
Trd, 4319996.293, 111
Trd, 4319998.143, 98
Trd, 4319998.993, 100
