Trd, 4317875.693, 109
Trd, 4317876.243, 78
Trd, 4317877.193, 113
Trd, 4317879.843, 103
Trd, 4317883.343, 96
Trd, 4317883.443, 97
Trd, 4317883.593, 96
Trd, 4317886.143, 99
Trd, 4317887.193, 96
Trd, 4317887.993, 97
Trd, 4317888.293, 98
Trd, 4317890.193, 98
Trd, 4317890.693, 108
Trd, 4317893.043, 104
Trd, 4317895.343, 106
Trd, 4317896.093, 91
Trd, 4317898.043, 105
Trd, 4317900.693, 103
Trd, 4317900.993, 102
Trd, 4317901.593, 103
Trd, 4317902.193, 104
Trd, 4317903.243, 111
Trd, 4317903.843, 107
Trd, 4317904.593, 96
Trd, 4317907.443, 84
Trd, 4317907.843, 99
Trd, 4317908.893, 99
Trd, 4317910.493, 96
Trd, 4317911.993, 93
Trd, 4317912.043, 92
Trd, 4317912.243, 95
Trd, 4317915.343, 107
Trd, 4317916.143, 105
Trd, 4317917.593, 107
Trd, 4317919.643, 104
Trd, 4317919.893, 95
Trd, 4317920.843, 111
Trd, 4317922.043, 84
Trd, 4317922.093, 110
Trd, 4317926.543, 93
Trd, 4317926.843, 94
Trd, 4317929.443, 100
Trd, 4317929.493, 101
Trd, 4317929.843, 99
Trd, 4317931.693, 102
Trd, 4317932.643, 101
Trd, 4317933.193, 101
Trd, 4317935.393, 90
Trd, 4317936.193, 110
Trd, 4317936.243, 111
Trd, 4317938.793, 100
Trd, 4317939.993, 101
Trd, 4317940.793, 101
Trd, 4317941.093, 95
Trd, 4317944.693, 99
Trd, 4317944.793, 99
Trd, 4317945.193, 100
Trd, 4317947.793, 108
Trd, 4317948.643, 113
Trd, 4317950.993, 100
Trd, 4317951.193, 97
Trd, 4317951.343, 100
Trd, 4317955.293, 105
Trd, 4317955.443, 104
Trd, 4317956.043, 103
Trd, 4317957.343, 113
Trd, 4317960.293, 101
Trd, 4317960.843, 100
Trd, 4317961.393, 100
Trd, 4317961.843, 102
Trd, 4317963.293, 98
Trd, 4317964.093, 103
Trd, 4317965.043, 102
Trd, 4317965.293, 102
Trd, 4317966.343, 104
Trd, 4317969.993, 83
Trd, 4317970.993, 104
Trd, 4317972.693, 101
Trd, 4317974.593, 98
Trd, 4317974.993, 99
Trd, 4317976.093, 106
Trd, 4317976.543, 116
Trd, 4317977.643, 104
Trd, 4317978.493, 103
Trd, 4317981.443, 112
Trd, 4317982.393, 106
Trd, 4317983.443, 106
Trd, 4317985.393, 101
Trd, 4317985.593, 100
Trd, 4317986.693, 101
Trd, 4317988.293, 104
Trd, 4317988.943, 104
Trd, 4317990.193, 103
Trd, 4317990.593, 108
Trd, 4317991.293, 81
Trd, 4317994.993, 93
Trd, 4317996.243, 84
Trd, 4317996.943, 104
Trd, 4317997.343, 111
Trd, 4318001.243, 95
Trd, 4318001.293, 103
Trd, 4318003.243, 98
Trd, 4318003.643, 104
Trd, 4318005.593, 101
Trd, 4318006.593, 102
Trd, 4318007.593, 103
Trd, 4318009.443, 87
Trd, 4318011.043, 98
Trd, 4318011.593, 97
Trd, 4318012.243, 107
Trd, 4318013.643, 113
Trd, 4318015.143, 102
Trd, 4318017.193, 106
Trd, 4318018.543, 104
Trd, 4318019.793, 104
Trd, 4318020.243, 104
Trd, 4318023.593, 105
Trd, 4318024.793, 105
Trd, 4318025.443, 104
Trd, 4318025.993, 88
Trd, 4318027.193, 106
Trd, 4318028.193, 77
Trd, 4318032.293, 95
Trd, 4318032.793, 94
Trd, 4318033.643, 96
Trd, 4318033.693, 95
Trd, 4318034.143, 95
Trd, 4318034.943, 104
Trd, 4318037.293, 101
Trd, 4318037.693, 99
Trd, 4318039.343, 96
Trd, 4318041.793, 102
Trd, 4318041.943, 103
Trd, 4318042.743, 103
Trd, 4318043.093, 102
Trd, 4318046.243, 99
Trd, 4318047.693, 95
Trd, 4318049.493, 102
Trd, 4318050.343, 97
Trd, 4318050.943, 100
Trd, 4318051.993, 99
Trd, 4318053.943, 103
Trd, 4318055.593, 110
Trd, 4318055.743, 104
Trd, 4318057.293, 111
Trd, 4318057.843, 104
Trd, 4318058.343, 104
Trd, 4318060.343, 95
Trd, 4318063.243, 85
Trd, 4318064.343, 98
Trd, 4318065.943, 96
Trd, 4318067.243, 113
Trd, 4318067.993, 103
Trd, 4318069.093, 106
Trd, 4318071.543, 115
Trd, 4318073.343, 106
Trd, 4318074.143, 105
Trd, 4318074.243, 104
Trd, 4318074.893, 95
Trd, 4318075.743, 104
Trd, 4318078.493, 102
Trd, 4318080.143, 87
Trd, 4318080.543, 99
Trd, 4318081.093, 101
Trd, 4318083.493, 97
Trd, 4318085.493, 99
Trd, 4318087.993, 93
Trd, 4318089.593, 96
Trd, 4318091.543, 94
Trd, 4318091.993, 93
Trd, 4318093.043, 94
Trd, 4318096.943, 100
Trd, 4318097.293, 101
Trd, 4318097.443, 102
Trd, 4318097.643, 103
Trd, 4318098.843, 107
Trd, 4318101.193, 98
Trd, 4318103.343, 100
Trd, 4318103.893, 98
Trd, 4318104.043, 99
Trd, 4318104.343, 95
Trd, 4318106.543, 104
Trd, 4318108.493, 102
Trd, 4318111.293, 97
Trd, 4318111.593, 96
Trd, 4318112.443, 98
Trd, 4318113.743, 103
Trd, 4318113.793, 97
Trd, 4318115.243, 101
Trd, 4318116.293, 101
Trd, 4318118.793, 101
Trd, 4318120.643, 105
Trd, 4318121.143, 106
Trd, 4318121.543, 97
Trd, 4318122.943, 110
Trd, 4318124.443, 102
Trd, 4318124.943, 101
Trd, 4318125.343, 95
Trd, 4318127.493, 102
Trd, 4318131.743, 92
Trd, 4318132.393, 96
Trd, 4318132.493, 90
Trd, 4318137.393, 86
Trd, 4318137.593, 84
Trd, 4318138.793, 87
Trd, 4318140.593, 92
Trd, 4318141.293, 95
Trd, 4318142.693, 122
Trd, 4318143.293, 124
Trd, 4318143.443, 95
Trd, 4318146.543, 88
Trd, 4318148.093, 108
Trd, 4318148.443, 108
Trd, 4318150.693, 103
Trd, 4318151.543, 106
Trd, 4318152.043, 107
Trd, 4318152.143, 118
Trd, 4318152.693, 108
Trd, 4318155.443, 102
Trd, 4318156.143, 99
Trd, 4318157.843, 102
Trd, 4318158.443, 102
Trd, 4318160.443, 104
Trd, 4318160.943, 108
Trd, 4318161.193, 109
Trd, 4318162.143, 112
Trd, 4318162.643, 95
Trd, 4318166.193, 115
Trd, 4318166.593, 113
Trd, 4318166.793, 117
Trd, 4318167.543, 104
Trd, 4318170.893, 101
Trd, 4318172.343, 97
Trd, 4318173.043, 97
Trd, 4318173.543, 96
Trd, 4318174.443, 95
Trd, 4318174.943, 106
Trd, 4318175.343, 77
Trd, 4318176.843, 108
Trd, 4318177.843, 120
Trd, 4318183.193, 94
Trd, 4318183.843, 95
Trd, 4318184.093, 94
Trd, 4318184.943, 94
Trd, 4318185.893, 100
Trd, 4318188.443, 96
Trd, 4318189.893, 90
Trd, 4318191.043, 106
Trd, 4318192.693, 88
Trd, 4318193.393, 105
Trd, 4318194.993, 102
Trd, 4318197.243, 101
Trd, 4318197.343, 106
Trd, 4318199.193, 99
Trd, 4318200.843, 77
Trd, 4318203.143, 93
Trd, 4318205.693, 88
Trd, 4318206.243, 91
Trd, 4318207.293, 94
Trd, 4318207.493, 95
Trd, 4318208.293, 92
Trd, 4318209.643, 105
Trd, 4318210.893, 104
Trd, 4318212.643, 84
Trd, 4318214.493, 95
Trd, 4318216.593, 94
Trd, 4318217.893, 92
Trd, 4318220.443, 104
Trd, 4318221.043, 96
Trd, 4318223.243, 98
Trd, 4318223.543, 96
Trd, 4318223.593, 98
Trd, 4318224.093, 104
Trd, 4318228.743, 95
Trd, 4318230.693, 88
Trd, 4318230.943, 88
Trd, 4318231.093, 95
Trd, 4318231.193, 122
Trd, 4318232.243, 114
Trd, 4318234.243, 86
Trd, 4318237.193, 99
Trd, 4318240.093, 97
Trd, 4318241.193, 67
Trd, 4318242.843, 78
Trd, 4318243.593, 94
Trd, 4318244.293, 93
Trd, 4318246.043, 107
Trd, 4318249.093, 92
Trd, 4318249.193, 98
Trd, 4318251.193, 99
Trd, 4318252.243, 98
Trd, 4318252.743, 105
Trd, 4318255.793, 115
Trd, 4318257.443, 107
Trd, 4318258.293, 108
Trd, 4318259.093, 109
Trd, 4318260.293, 97
Trd, 4318261.993, 108
Trd, 4318264.043, 106
Trd, 4318265.793, 106
Trd, 4318266.493, 95
Trd, 4318266.693, 106
Trd, 4318268.043, 106
Trd, 4318268.993, 116
Trd, 4318271.643, 102
Trd, 4318272.093, 94
Trd, 4318273.043, 102
Trd, 4318274.043, 105
Trd, 4318275.393, 102
Trd, 4318276.043, 103
Trd, 4318276.243, 102
Trd, 4318279.843, 103
Trd, 4318280.193, 97
Trd, 4318281.343, 100
Trd, 4318282.443, 98
Trd, 4318282.643, 98
Trd, 4318282.743, 99
Trd, 4318285.543, 101
Trd, 4318285.743, 101
Trd, 4318286.343, 100
Trd, 4318287.293, 96
Trd, 4318289.743, 79
Trd, 4318291.343, 98
Trd, 4318293.493, 99
Trd, 4318293.993, 102
Trd, 4318294.143, 104
Trd, 4318295.343, 107
Trd, 4318296.443, 94
Trd, 4318298.793, 104
Trd, 4318299.043, 105
Trd, 4318300.993, 83
Trd, 4318304.543, 94
Trd, 4318304.843, 94
Trd, 4318305.093, 95
Trd, 4318305.243, 107
Trd, 4318306.293, 93
Trd, 4318308.543, 81
Trd, 4318310.893, 102
Trd, 4318312.743, 93
Trd, 4318314.343, 92
Trd, 4318314.793, 93
Trd, 4318315.593, 92
Trd, 4318316.943, 92
Trd, 4318319.343, 91
Trd, 4318319.443, 92
Trd, 4318320.593, 85
Trd, 4318323.943, 89
Trd, 4318325.993, 89
Trd, 4318327.093, 88
Trd, 4318328.443, 87
Trd, 4318328.743, 91
Trd, 4318329.393, 95
Trd, 4318330.143, 105
Trd, 4318334.743, 102
Trd, 4318335.143, 102
Trd, 4318336.593, 102
Trd, 4318337.143, 101
Trd, 4318340.543, 87
Trd, 4318342.993, 84
Trd, 4318343.543, 86
Trd, 4318343.793, 85
Trd, 4318345.243, 85
Trd, 4318345.293, 94
Trd, 4318345.443, 104
Trd, 4318351.193, 98
Trd, 4318351.843, 98
Trd, 4318352.193, 97
Trd, 4318352.543, 98
Trd, 4318353.043, 101
Trd, 4318353.893, 96
Trd, 4318354.693, 114
Trd, 4318355.393, 117
Trd, 4318358.543, 104
Trd, 4318359.193, 104
Trd, 4318359.543, 103
Trd, 4318362.943, 94
Trd, 4318363.593, 94
Trd, 4318364.043, 108
Trd, 4318365.093, 92
Trd, 4318366.443, 96
Trd, 4318366.943, 96
Trd, 4318367.293, 96
Trd, 4318367.493, 95
Trd, 4318368.743, 92
Trd, 4318371.693, 94
Trd, 4318372.193, 93
Trd, 4318374.243, 95
Trd, 4318375.443, 92
Trd, 4318376.593, 99
Trd, 4318377.643, 96
Trd, 4318378.643, 97
Trd, 4318379.943, 96
Trd, 4318382.543, 80
Trd, 4318383.093, 98
Trd, 4318385.143, 95
Trd, 4318385.293, 96
Trd, 4318385.893, 80
Trd, 4318387.093, 102
Trd, 4318390.993, 96
Trd, 4318391.293, 105
Trd, 4318391.843, 98
Trd, 4318393.443, 100
Trd, 4318396.443, 97
Trd, 4318397.043, 103
Trd, 4318398.593, 98
Trd, 4318399.393, 97
Trd, 4318399.893, 97
Trd, 4318400.293, 95
Trd, 4318400.943, 106
Trd, 4318401.843, 104
Trd, 4318406.193, 99
Trd, 4318407.993, 97
Trd, 4318409.143, 99
Trd, 4318409.293, 98
Trd, 4318412.743, 100
Trd, 4318412.893, 104
Trd, 4318413.943, 105
Trd, 4318414.493, 104
Trd, 4318415.493, 104
Trd, 4318417.293, 103
Trd, 4318417.543, 95
Trd, 4318418.793, 103
Trd, 4318419.643, 103
Trd, 4318420.743, 85
Trd, 4318424.243, 95
Trd, 4318425.793, 87
Trd, 4318427.243, 93
Trd, 4318427.943, 94
Trd, 4318428.843, 109
Trd, 4318429.943, 106
Trd, 4318431.343, 113
Trd, 4318432.593, 95
Trd, 4318435.093, 100
Trd, 4318435.193, 101
Trd, 4318436.143, 101
Trd, 4318439.243, 97
Trd, 4318439.443, 97
Trd, 4318440.293, 98
Trd, 4318441.093, 95
Trd, 4318442.543, 103
Trd, 4318443.743, 103
Trd, 4318445.793, 97
Trd, 4318446.793, 85
Trd, 4318448.793, 103
Trd, 4318450.643, 100
Trd, 4318452.493, 102
Trd, 4318453.293, 102
Trd, 4318453.743, 103
Trd, 4318455.093, 104
Trd, 4318455.293, 107
Trd, 4318457.993, 116
Trd, 4318460.343, 108
Trd, 4318461.593, 98
Trd, 4318463.693, 101
Trd, 4318464.493, 101
Trd, 4318467.043, 113
Trd, 4318467.143, 98
Trd, 4318469.043, 114
Trd, 4318470.243, 102
Trd, 4318470.893, 102
Trd, 4318473.693, 103
Trd, 4318475.043, 96
Trd, 4318475.393, 101
Trd, 4318475.593, 101
Trd, 4318477.393, 105
Trd, 4318478.793, 105
Trd, 4318480.593, 109
Trd, 4318480.893, 98
Trd, 4318482.493, 103
Trd, 4318483.893, 102
Trd, 4318483.943, 98
Trd, 4318485.343, 96
Trd, 4318485.693, 97
Trd, 4318487.693, 105
Trd, 4318490.193, 103
Trd, 4318490.593, 87
Trd, 4318493.693, 95
Trd, 4318494.093, 95
Trd, 4318494.543, 96
Trd, 4318496.793, 107
Trd, 4318496.993, 121
Trd, 4318498.593, 103
Trd, 4318499.393, 77
Trd, 4318501.043, 108
Trd, 4318503.243, 106
Trd, 4318503.543, 78
Trd, 4318506.293, 94
Trd, 4318507.043, 90
Trd, 4318507.243, 91
Trd, 4318507.893, 95
Trd, 4318507.943, 94
Trd, 4318510.593, 104
Trd, 4318510.843, 104
Trd, 4318510.943, 105
Trd, 4318512.493, 80
Trd, 4318512.893, 106
Trd, 4318514.743, 114
Trd, 4318517.093, 102
Trd, 4318518.093, 101
Trd, 4318519.343, 98
Trd, 4318520.843, 95
Trd, 4318522.693, 97
Trd, 4318524.143, 93
Trd, 4318524.193, 92
Trd, 4318524.443, 95
Trd, 4318526.143, 94
Trd, 4318526.943, 93
Trd, 4318529.293, 82
Trd, 4318529.893, 97
Trd, 4318530.993, 105
Trd, 4318533.493, 104
Trd, 4318535.743, 92
Trd, 4318537.093, 96
Trd, 4318537.193, 98
Trd, 4318537.693, 95
Trd, 4318538.243, 97
Trd, 4318538.693, 103
Trd, 4318540.593, 99
Trd, 4318541.393, 99
Trd, 4318543.143, 98
Trd, 4318543.593, 99
Trd, 4318544.743, 100
Trd, 4318544.993, 95
Trd, 4318546.593, 96
Trd, 4318547.393, 97
Trd, 4318550.443, 96
Trd, 4318550.993, 88
Trd, 4318552.193, 94
Trd, 4318552.793, 92
Trd, 4318554.393, 94
Trd, 4318555.143, 95
Trd, 4318556.993, 99
Trd, 4318557.443, 98
Trd, 4318557.843, 99
Trd, 4318558.893, 102
Trd, 4318561.593, 102
Trd, 4318562.043, 101
Trd, 4318563.493, 95
Trd, 4318566.543, 100
Trd, 4318567.493, 102
Trd, 4318568.793, 96
Trd, 4318568.993, 104
Trd, 4318571.443, 99
Trd, 4318573.993, 104
Trd, 4318576.593, 98
Trd, 4318578.043, 97
Trd, 4318578.093, 95
Trd, 4318578.293, 99
Trd, 4318581.343, 101
Trd, 4318581.593, 101
Trd, 4318582.493, 88
Trd, 4318586.843, 96
Trd, 4318587.193, 96
Trd, 4318587.493, 95
Trd, 4318587.843, 97
Trd, 4318587.893, 116
Trd, 4318591.093, 105
Trd, 4318591.793, 98
Trd, 4318592.293, 97
Trd, 4318594.143, 98
Trd, 4318594.343, 100
Trd, 4318595.143, 98
Trd, 4318595.243, 99
Trd, 4318597.943, 90
Trd, 4318600.293, 95
Trd, 4318600.993, 93
Trd, 4318603.343, 97
Trd, 4318603.493, 97
Trd, 4318604.143, 97
Trd, 4318606.543, 97
Trd, 4318606.643, 99
Trd, 4318607.093, 95
Trd, 4318608.593, 77
Trd, 4318609.293, 105
Trd, 4318610.793, 104
Trd, 4318612.643, 101
Trd, 4318615.943, 96
Trd, 4318616.343, 95
Trd, 4318616.693, 95
Trd, 4318616.793, 97
Trd, 4318617.943, 120
Trd, 4318618.393, 82
Trd, 4318619.993, 103
Trd, 4318621.443, 80
Trd, 4318623.243, 100
Trd, 4318625.443, 101
Trd, 4318625.993, 99
Trd, 4318626.343, 90
Trd, 4318628.243, 94
Trd, 4318631.143, 89
Trd, 4318631.293, 90
Trd, 4318632.043, 90
Trd, 4318633.243, 91
Trd, 4318634.893, 89
Trd, 4318635.993, 86
Trd, 4318638.243, 84
Trd, 4318638.693, 83
Trd, 4318639.243, 84
Trd, 4318639.293, 82
Trd, 4318640.243, 83
Trd, 4318640.593, 83
Trd, 4318643.943, 93
Trd, 4318645.093, 104
Trd, 4318646.043, 104
Trd, 4318649.193, 106
Trd, 4318649.343, 104
Trd, 4318651.143, 105
Trd, 4318652.293, 105
Trd, 4318653.293, 89
Trd, 4318655.493, 102
Trd, 4318655.743, 103
Trd, 4318658.293, 104
Trd, 4318660.193, 106
Trd, 4318660.893, 106
Trd, 4318661.543, 104
Trd, 4318663.493, 99
Trd, 4318664.493, 100
Trd, 4318664.593, 101
Trd, 4318666.343, 99
Trd, 4318666.943, 98
Trd, 4318667.443, 81
Trd, 4318671.893, 92
Trd, 4318673.543, 90
Trd, 4318673.593, 92
Trd, 4318678.293, 97
Trd, 4318679.093, 99
Trd, 4318679.543, 97
Trd, 4318682.293, 102
Trd, 4318682.593, 103
Trd, 4318684.293, 102
Trd, 4318684.643, 103
Trd, 4318685.593, 104
Trd, 4318686.343, 102
Trd, 4318688.743, 104
Trd, 4318689.443, 99
Trd, 4318689.893, 112
Trd, 4318691.593, 98
Trd, 4318693.343, 98
Trd, 4318694.143, 97
Trd, 4318694.343, 97
Trd, 4318696.043, 95
Trd, 4318698.193, 94
Trd, 4318698.943, 84
Trd, 4318699.993, 105
Trd, 4318700.343, 105
Trd, 4318701.893, 104
Trd, 4318704.843, 98
Trd, 4318706.793, 100
Trd, 4318706.993, 101
Trd, 4318707.093, 100
Trd, 4318707.443, 103
Trd, 4318708.193, 107
Trd, 4318712.743, 100
Trd, 4318713.143, 104
Trd, 4318713.543, 104
Trd, 4318716.543, 95
Trd, 4318718.743, 91
Trd, 4318720.543, 87
Trd, 4318720.843, 94
Trd, 4318721.793, 94
Trd, 4318721.993, 88
Trd, 4318724.143, 106
Trd, 4318727.343, 102
Trd, 4318729.243, 99
Trd, 4318729.643, 96
Trd, 4318730.843, 105
Trd, 4318731.293, 100
Trd, 4318731.743, 103
Trd, 4318734.343, 103
Trd, 4318735.693, 99
Trd, 4318736.043, 101
Trd, 4318736.193, 114
Trd, 4318738.693, 106
Trd, 4318738.793, 100
Trd, 4318740.893, 99
Trd, 4318741.793, 100
Trd, 4318742.443, 102
Trd, 4318742.893, 100
Trd, 4318744.693, 95
Trd, 4318745.143, 96
Trd, 4318746.543, 110
Trd, 4318749.143, 87
Trd, 4318749.693, 105
Trd, 4318750.293, 106
Trd, 4318753.693, 105
Trd, 4318754.343, 117
Trd, 4318754.643, 95
Trd, 4318757.393, 110
Trd, 4318761.393, 103
Trd, 4318761.643, 95
Trd, 4318762.893, 98
Trd, 4318763.193, 98
Trd, 4318763.743, 93
Trd, 4318765.393, 100
Trd, 4318767.493, 105
Trd, 4318768.043, 108
Trd, 4318769.993, 88
Trd, 4318771.543, 102
Trd, 4318771.743, 91
Trd, 4318775.293, 98
Trd, 4318776.193, 98
Trd, 4318776.993, 97
Trd, 4318778.393, 84
Trd, 4318778.943, 104
Trd, 4318782.193, 98
Trd, 4318784.843, 101
Trd, 4318784.943, 114
Trd, 4318786.843, 119
Trd, 4318787.393, 106
Trd, 4318788.093, 115
Trd, 4318789.193, 112
Trd, 4318789.543, 107
Trd, 4318791.243, 98
Trd, 4318791.893, 98
Trd, 4318793.143, 97
Trd, 4318794.943, 96
Trd, 4318795.443, 96
Trd, 4318796.143, 97
Trd, 4318796.493, 106
Trd, 4318798.093, 114
Trd, 4318799.993, 112
Trd, 4318801.043, 106
Trd, 4318802.443, 106
Trd, 4318803.643, 95
Trd, 4318804.093, 105
Trd, 4318806.593, 101
Trd, 4318808.543, 94
Trd, 4318809.093, 94
Trd, 4318809.143, 93
Trd, 4318810.043, 121
Trd, 4318811.993, 116
Trd, 4318812.793, 116
Trd, 4318813.793, 82
Trd, 4318815.643, 98
Trd, 4318817.843, 94
Trd, 4318819.043, 93
Trd, 4318819.493, 95
Trd, 4318819.943, 96
Trd, 4318820.643, 111
Trd, 4318822.943, 102
Trd, 4318824.643, 101
Trd, 4318826.243, 98
Trd, 4318827.243, 101
Trd, 4318828.343, 97
Trd, 4318828.843, 97
Trd, 4318829.593, 98
Trd, 4318831.093, 98
Trd, 4318832.393, 100
Trd, 4318833.793, 100
Trd, 4318833.843, 101
Trd, 4318834.393, 113
Trd, 4318836.593, 100
Trd, 4318837.143, 100
Trd, 4318840.493, 99
Trd, 4318840.843, 100
Trd, 4318841.593, 111
Trd, 4318841.843, 112
Trd, 4318842.393, 102
Trd, 4318845.293, 104
Trd, 4318845.943, 88
Trd, 4318846.993, 104
Trd, 4318848.443, 95
Trd, 4318848.793, 95
Trd, 4318850.093, 95
Trd, 4318851.743, 95
Trd, 4318854.043, 102
Trd, 4318855.343, 99
Trd, 4318855.843, 98
Trd, 4318858.943, 92
Trd, 4318859.343, 104
Trd, 4318862.043, 98
Trd, 4318862.593, 97
Trd, 4318862.643, 95
Trd, 4318862.843, 97
Trd, 4318866.293, 85
Trd, 4318867.093, 90
Trd, 4318867.493, 92
Trd, 4318870.193, 100
Trd, 4318872.043, 102
Trd, 4318872.393, 102
Trd, 4318872.493, 107
Trd, 4318873.493, 105
Trd, 4318875.693, 104
Trd, 4318876.993, 107
Trd, 4318878.993, 90
Trd, 4318881.493, 102
Trd, 4318881.843, 110
Trd, 4318885.743, 110
Trd, 4318885.893, 111
Trd, 4318886.343, 108
Trd, 4318887.943, 106
Trd, 4318888.743, 106
Trd, 4318890.143, 105
Trd, 4318890.243, 104
Trd, 4318892.993, 100
Trd, 4318893.243, 102
Trd, 4318896.343, 92
Trd, 4318896.893, 89
Trd, 4318896.943, 93
Trd, 4318899.493, 103
Trd, 4318901.143, 88
Trd, 4318901.243, 100
Trd, 4318903.993, 94
Trd, 4318904.543, 94
Trd, 4318905.043, 94
Trd, 4318906.493, 95
Trd, 4318906.693, 115
Trd, 4318907.793, 109
Trd, 4318907.843, 96
Trd, 4318909.343, 103
Trd, 4318910.593, 102
Trd, 4318911.093, 100
Trd, 4318911.643, 100
Trd, 4318913.493, 99
Trd, 4318914.443, 99
Trd, 4318918.843, 85
Trd, 4318919.043, 90
Trd, 4318919.793, 117
Trd, 4318919.943, 89
Trd, 4318920.693, 116
Trd, 4318921.443, 116
Trd, 4318924.543, 97
Trd, 4318924.993, 101
Trd, 4318925.643, 99
Trd, 4318926.593, 101
Trd, 4318930.293, 96
Trd, 4318930.393, 96
Trd, 4318931.343, 95
Trd, 4318931.743, 107
Trd, 4318931.943, 112
Trd, 4318935.993, 90
Trd, 4318936.743, 99
Trd, 4318939.643, 99
Trd, 4318940.293, 97
Trd, 4318940.643, 98
Trd, 4318941.543, 99
Trd, 4318943.193, 100
Trd, 4318943.643, 100
Trd, 4318944.893, 100
Trd, 4318945.743, 101
Trd, 4318947.043, 111
Trd, 4318947.743, 104
Trd, 4318948.843, 79
Trd, 4318949.393, 104
Trd, 4318953.643, 97
Trd, 4318953.743, 98
Trd, 4318954.643, 98
Trd, 4318955.693, 112
Trd, 4318957.243, 102
Trd, 4318957.693, 104
Trd, 4318958.443, 113
Trd, 4318960.043, 101
Trd, 4318961.893, 98
Trd, 4318962.343, 97
Trd, 4318962.943, 96
Trd, 4318963.643, 96
Trd, 4318963.993, 77
Trd, 4318964.493, 104
Trd, 4318966.143, 105
Trd, 4318967.543, 80
Trd, 4318967.593, 108
Trd, 4318970.593, 102
Trd, 4318972.443, 95
Trd, 4318972.993, 95
Trd, 4318974.443, 77
Trd, 4318974.993, 106
Trd, 4318978.093, 79
Trd, 4318978.993, 98
Trd, 4318979.293, 97
Trd, 4318984.493, 100
Trd, 4318984.893, 100
Trd, 4318985.443, 99
Trd, 4318985.643, 99
Trd, 4318985.793, 100
Trd, 4318985.893, 95
Trd, 4318986.643, 104
Trd, 4318989.943, 100
Trd, 4318990.893, 87
Trd, 4318992.043, 99
Trd, 4318992.393, 100
Trd, 4318992.493, 91
Trd, 4318994.943, 92
Trd, 4318995.443, 94
Trd, 4318996.293, 95
Trd, 4318997.293, 101
Trd, 4318997.693, 95
Trd, 4319000.393, 96
Trd, 4319000.593, 96
Trd, 4319000.893, 97
Trd, 4319002.693, 114
Trd, 4319004.343, 100
Trd, 4319004.393, 101
Trd, 4319008.293, 93
Trd, 4319008.643, 95
Trd, 4319009.293, 105
Trd, 4319011.293, 100
Trd, 4319012.643, 98
Trd, 4319013.243, 98
Trd, 4319013.543, 98
Trd, 4319014.593, 104
Trd, 4319015.493, 97
Trd, 4319018.643, 99
Trd, 4319021.143, 92
Trd, 4319021.593, 88
Trd, 4319022.493, 92
Trd, 4319022.993, 92
Trd, 4319023.843, 93
Trd, 4319023.893, 114
Trd, 4319025.243, 121
Trd, 4319025.693, 78
Trd, 4319031.493, 96
Trd, 4319031.643, 96
Trd, 4319031.793, 97
Trd, 4319032.543, 90
Trd, 4319033.243, 101
Trd, 4319035.643, 99
Trd, 4319036.693, 98
Trd, 4319037.093, 93
Trd, 4319039.543, 113
Trd, 4319039.793, 104
Trd, 4319041.343, 101
Trd, 4319044.743, 101
Trd, 4319044.893, 102
Trd, 4319044.993, 103
Trd, 4319045.393, 97
Trd, 4319049.293, 100
Trd, 4319051.093, 102
Trd, 4319051.943, 101
Trd, 4319052.643, 101
Trd, 4319053.543, 100
Trd, 4319053.793, 95
Trd, 4319053.993, 101
Trd, 4319054.943, 119
Trd, 4319060.693, 90
Trd, 4319060.743, 92
Trd, 4319061.843, 94
Trd, 4319062.393, 93
Trd, 4319063.293, 93
Trd, 4319063.643, 93
Trd, 4319064.493, 105
Trd, 4319066.593, 99
Trd, 4319069.343, 96
Trd, 4319070.193, 97
Trd, 4319071.543, 97
Trd, 4319071.843, 80
Trd, 4319072.893, 110
Trd, 4319073.493, 114
Trd, 4319075.843, 95
Trd, 4319078.393, 103
Trd, 4319080.043, 104
Trd, 4319080.693, 103
Trd, 4319081.043, 103
Trd, 4319082.593, 76
Trd, 4319082.893, 101
Trd, 4319085.343, 104
Trd, 4319087.643, 102
Trd, 4319090.293, 96
Trd, 4319090.593, 93
Trd, 4319091.743, 92
Trd, 4319092.643, 92
Trd, 4319094.643, 90
Trd, 4319094.943, 95
Trd, 4319095.643, 88
Trd, 4319097.643, 91
Trd, 4319097.993, 90
Trd, 4319100.793, 80
Trd, 4319101.443, 80
Trd, 4319102.093, 86
Trd, 4319102.743, 80
Trd, 4319104.343, 93
Trd, 4319104.843, 82
Trd, 4319110.093, 99
Trd, 4319110.743, 105
Trd, 4319111.643, 118
Trd, 4319113.343, 100
Trd, 4319114.743, 109
Trd, 4319116.793, 102
Trd, 4319117.493, 103
Trd, 4319118.393, 96
Trd, 4319120.393, 98
Trd, 4319121.193, 100
Trd, 4319121.943, 102
Trd, 4319122.743, 101
Trd, 4319124.343, 99
Trd, 4319125.093, 98
Trd, 4319125.893, 97
Trd, 4319126.493, 97
Trd, 4319128.893, 102
Trd, 4319130.043, 104
Trd, 4319130.243, 107
Trd, 4319131.643, 106
Trd, 4319133.743, 106
Trd, 4319134.893, 107
Trd, 4319135.043, 112
Trd, 4319135.443, 118
Trd, 4319137.043, 105
Trd, 4319141.593, 101
Trd, 4319141.693, 101
Trd, 4319142.043, 103
Trd, 4319142.493, 99
Trd, 4319144.343, 101
Trd, 4319144.793, 97
Trd, 4319145.993, 98
Trd, 4319146.293, 100
Trd, 4319148.293, 101
Trd, 4319149.643, 104
Trd, 4319151.043, 104
Trd, 4319151.093, 108
Trd, 4319151.693, 104
Trd, 4319152.843, 114
Trd, 4319156.743, 104
Trd, 4319157.043, 103
Trd, 4319159.293, 98
Trd, 4319160.143, 103
Trd, 4319160.293, 104
Trd, 4319160.743, 99
Trd, 4319160.993, 113
Trd, 4319163.793, 103
Trd, 4319165.193, 97
Trd, 4319166.593, 96
Trd, 4319166.743, 97
Trd, 4319167.143, 78
Trd, 4319169.593, 104
Trd, 4319170.693, 111
Trd, 4319171.843, 91
Trd, 4319172.493, 106
Trd, 4319174.393, 105
Trd, 4319175.793, 105
Trd, 4319175.993, 106
Trd, 4319178.443, 107
Trd, 4319178.993, 107
Trd, 4319180.193, 105
Trd, 4319181.443, 97
Trd, 4319182.993, 100
Trd, 4319183.993, 99
Trd, 4319185.943, 100
Trd, 4319186.093, 101
Trd, 4319187.043, 95
Trd, 4319189.043, 104
Trd, 4319191.293, 101
Trd, 4319192.543, 102
Trd, 4319192.943, 102
Trd, 4319195.943, 99
Trd, 4319196.543, 105
Trd, 4319197.093, 98
Trd, 4319198.643, 97
Trd, 4319199.143, 96
Trd, 4319199.193, 97
Trd, 4319200.243, 95
Trd, 4319203.093, 106
Trd, 4319204.343, 87
Trd, 4319207.293, 102
Trd, 4319208.943, 100
Trd, 4319210.193, 101
Trd, 4319210.693, 103
Trd, 4319210.943, 100
Trd, 4319213.943, 100
Trd, 4319214.293, 101
Trd, 4319215.293, 102
Trd, 4319217.943, 97
Trd, 4319218.693, 95
Trd, 4319219.493, 94
Trd, 4319219.743, 95
Trd, 4319220.843, 84
Trd, 4319221.943, 105
Trd, 4319225.393, 101
Trd, 4319225.693, 101
Trd, 4319226.643, 100
Trd, 4319227.143, 101
Trd, 4319228.943, 97
Trd, 4319230.143, 97
Trd, 4319230.493, 96
Trd, 4319230.743, 108
Trd, 4319230.843, 95
Trd, 4319231.493, 114
Trd, 4319233.443, 84
Trd, 4319235.193, 122
Trd, 4319238.593, 104
Trd, 4319239.043, 103
Trd, 4319240.293, 99
Trd, 4319240.543, 99
Trd, 4319243.543, 105
Trd, 4319246.043, 84
Trd, 4319246.743, 83
Trd, 4319248.243, 83
Trd, 4319248.943, 84
Trd, 4319249.343, 117
Trd, 4319250.543, 104
Trd, 4319251.743, 86
Trd, 4319254.843, 109
Trd, 4319255.543, 97
Trd, 4319256.843, 102
Trd, 4319257.193, 103
Trd, 4319257.843, 102
Trd, 4319258.593, 102
Trd, 4319260.493, 101
Trd, 4319263.243, 93
Trd, 4319264.343, 92
Trd, 4319265.693, 94
Trd, 4319265.993, 95
Trd, 4319266.093, 104
Trd, 4319266.343, 93
Trd, 4319267.943, 106
Trd, 4319271.993, 101
Trd, 4319272.343, 87
Trd, 4319274.893, 113
Trd, 4319276.243, 109
Trd, 4319276.593, 104
Trd, 4319278.443, 105
Trd, 4319279.393, 105
Trd, 4319281.593, 111
Trd, 4319281.993, 112
Trd, 4319282.643, 104
Trd, 4319284.543, 95
Trd, 4319285.393, 118
Trd, 4319287.343, 90
Trd, 4319287.543, 112
Trd, 4319290.693, 108
Trd, 4319292.743, 101
Trd, 4319294.493, 97
Trd, 4319294.993, 96
Trd, 4319295.793, 96
Trd, 4319296.243, 96
Trd, 4319297.293, 97
Trd, 4319298.393, 96
Trd, 4319299.693, 110
Trd, 4319300.443, 108
Trd, 4319302.643, 108
Trd, 4319304.993, 98
Trd, 4319306.243, 93
Trd, 4319306.793, 94
Trd, 4319307.093, 95
Trd, 4319308.143, 90
Trd, 4319308.393, 91
Trd, 4319309.893, 91
Trd, 4319310.793, 117
Trd, 4319313.193, 106
Trd, 4319315.643, 105
Trd, 4319315.793, 88
Trd, 4319317.243, 100
Trd, 4319318.293, 98
Trd, 4319318.793, 112
Trd, 4319318.843, 116
Trd, 4319321.193, 102
Trd, 4319323.343, 106
Trd, 4319325.343, 100
Trd, 4319325.543, 101
Trd, 4319325.893, 99
Trd, 4319327.893, 100
Trd, 4319330.993, 92
Trd, 4319331.543, 90
Trd, 4319332.443, 90
Trd, 4319333.493, 84
Trd, 4319335.893, 86
Trd, 4319336.143, 85
Trd, 4319336.893, 85
Trd, 4319337.793, 94
Trd, 4319340.093, 96
Trd, 4319341.093, 96
Trd, 4319341.493, 97
Trd, 4319342.743, 94
Trd, 4319343.843, 95
Trd, 4319344.593, 82
Trd, 4319345.993, 104
Trd, 4319348.743, 93
Trd, 4319349.843, 107
Trd, 4319352.493, 101
Trd, 4319353.243, 100
Trd, 4319354.243, 101
Trd, 4319354.493, 106
Trd, 4319355.443, 102
Trd, 4319355.743, 113
Trd, 4319360.393, 101
Trd, 4319360.743, 100
Trd, 4319361.493, 103
Trd, 4319362.393, 100
Trd, 4319362.543, 101
Trd, 4319364.493, 108
Trd, 4319364.593, 95
Trd, 4319368.193, 111
Trd, 4319371.043, 96
Trd, 4319371.193, 97
Trd, 4319371.243, 100
Trd, 4319372.993, 97
Trd, 4319374.743, 96
Trd, 4319375.243, 98
Trd, 4319375.993, 98
Trd, 4319378.143, 80
Trd, 4319381.443, 83
Trd, 4319381.543, 90
Trd, 4319383.543, 86
Trd, 4319383.743, 89
Trd, 4319386.243, 91
Trd, 4319388.143, 78
Trd, 4319389.593, 89
Trd, 4319390.593, 81
Trd, 4319390.793, 79
Trd, 4319393.543, 92
Trd, 4319395.693, 91
Trd, 4319396.593, 90
Trd, 4319397.193, 89
Trd, 4319399.593, 88
Trd, 4319399.843, 76
Trd, 4319400.543, 95
Trd, 4319403.393, 101
Trd, 4319403.893, 79
Trd, 4319404.593, 103
Trd, 4319407.093, 87
Trd, 4319408.493, 94
Trd, 4319408.943, 94
Trd, 4319409.093, 95
Trd, 4319411.243, 103
Trd, 4319411.443, 97
Trd, 4319413.643, 97
Trd, 4319414.443, 106
Trd, 4319415.293, 104
Trd, 4319415.493, 116
Trd, 4319420.143, 103
Trd, 4319420.393, 102
Trd, 4319420.643, 101
Trd, 4319423.093, 112
Trd, 4319424.593, 116
Trd, 4319425.693, 105
Trd, 4319427.743, 106
Trd, 4319428.143, 108
Trd, 4319428.343, 105
Trd, 4319429.943, 96
Trd, 4319433.143, 107
Trd, 4319433.993, 105
Trd, 4319435.493, 101
Trd, 4319435.643, 99
Trd, 4319436.343, 99
Trd, 4319437.043, 99
Trd, 4319437.843, 117
Trd, 4319442.993, 96
Trd, 4319443.493, 98
Trd, 4319444.743, 103
Trd, 4319446.093, 103
Trd, 4319447.293, 102
Trd, 4319448.993, 95
Trd, 4319449.393, 103
Trd, 4319450.343, 103
Trd, 4319451.543, 69
Trd, 4319454.943, 97
Trd, 4319455.543, 97
Trd, 4319458.443, 86
Trd, 4319459.093, 102
Trd, 4319461.143, 100
Trd, 4319461.343, 96
Trd, 4319462.143, 108
Trd, 4319464.443, 105
Trd, 4319464.893, 106
Trd, 4319465.693, 102
Trd, 4319467.843, 103
Trd, 4319468.843, 117
Trd, 4319469.243, 104
Trd, 4319472.243, 122
Trd, 4319472.443, 106
Trd, 4319474.043, 114
Trd, 4319475.093, 101
Trd, 4319477.793, 103
Trd, 4319479.093, 102
Trd, 4319481.293, 99
Trd, 4319483.493, 95
Trd, 4319483.743, 99
Trd, 4319485.093, 97
Trd, 4319486.243, 107
Trd, 4319487.893, 100
Trd, 4319488.243, 99
Trd, 4319489.293, 97
Trd, 4319490.193, 97
Trd, 4319490.693, 96
Trd, 4319492.643, 97
Trd, 4319495.443, 91
Trd, 4319495.693, 97
Trd, 4319496.343, 94
Trd, 4319496.643, 94
Trd, 4319499.293, 92
Trd, 4319502.343, 93
Trd, 4319502.793, 90
Trd, 4319504.243, 93
Trd, 4319505.043, 92
Trd, 4319505.143, 92
Trd, 4319505.693, 93
Trd, 4319508.093, 108
Trd, 4319508.893, 105
Trd, 4319510.943, 101
Trd, 4319514.043, 107
Trd, 4319514.193, 107
Trd, 4319514.893, 106
Trd, 4319515.293, 107
Trd, 4319515.343, 104
Trd, 4319520.643, 89
Trd, 4319521.043, 100
Trd, 4319522.993, 100
Trd, 4319523.043, 101
Trd, 4319523.893, 103
Trd, 4319524.243, 104
Trd, 4319525.293, 105
Trd, 4319526.343, 104
Trd, 4319529.793, 103
Trd, 4319529.943, 103
Trd, 4319530.343, 103
Trd, 4319531.193, 103
Trd, 4319532.593, 104
Trd, 4319533.043, 95
Trd, 4319534.393, 112
Trd, 4319538.843, 95
Trd, 4319539.343, 96
Trd, 4319539.993, 96
Trd, 4319540.543, 95
Trd, 4319540.843, 96
Trd, 4319543.493, 99
Trd, 4319544.043, 97
Trd, 4319544.143, 98
Trd, 4319545.743, 77
Trd, 4319548.293, 90
Trd, 4319548.743, 78
Trd, 4319548.993, 91
Trd, 4319552.243, 102
Trd, 4319554.843, 83
Trd, 4319556.843, 97
Trd, 4319557.493, 96
Trd, 4319560.143, 102
Trd, 4319560.293, 103
Trd, 4319560.643, 102
Trd, 4319561.743, 96
Trd, 4319563.643, 103
Trd, 4319565.543, 102
Trd, 4319566.093, 102
Trd, 4319566.593, 104
Trd, 4319568.043, 99
Trd, 4319568.293, 108
Trd, 4319570.543, 95
Trd, 4319571.493, 117
Trd, 4319572.743, 83
Trd, 4319575.193, 99
Trd, 4319575.543, 99
Trd, 4319577.343, 98
Trd, 4319577.493, 99
Trd, 4319579.193, 101
Trd, 4319580.893, 98
Trd, 4319581.493, 80
Trd, 4319583.443, 95
Trd, 4319586.193, 98
Trd, 4319586.393, 98
Trd, 4319586.843, 98
Trd, 4319586.943, 95
Trd, 4319586.993, 113
Trd, 4319591.793, 100
Trd, 4319592.993, 99
Trd, 4319593.243, 92
Trd, 4319594.493, 95
Trd, 4319594.593, 96
Trd, 4319595.293, 98
Trd, 4319596.943, 106
Trd, 4319598.443, 104
Trd, 4319598.543, 105
Trd, 4319599.193, 104
Trd, 4319600.893, 101
Trd, 4319601.793, 102
Trd, 4319601.843, 105
Trd, 4319602.193, 99
Trd, 4319605.043, 110
Trd, 4319606.543, 99
Trd, 4319606.993, 98
Trd, 4319607.343, 99
Trd, 4319608.393, 96
Trd, 4319609.393, 96
Trd, 4319613.093, 96
Trd, 4319614.643, 92
Trd, 4319614.993, 93
Trd, 4319615.043, 95
Trd, 4319616.543, 94
Trd, 4319617.693, 97
Trd, 4319619.243, 107
Trd, 4319619.293, 108
Trd, 4319622.543, 103
Trd, 4319623.443, 104
Trd, 4319623.643, 105
Trd, 4319627.043, 102
Trd, 4319627.893, 100
Trd, 4319628.143, 99
Trd, 4319628.343, 100
Trd, 4319630.393, 81
Trd, 4319631.843, 100
Trd, 4319633.493, 98
Trd, 4319634.943, 98
Trd, 4319635.043, 95
Trd, 4319636.843, 107
Trd, 4319640.943, 103
Trd, 4319641.143, 102
Trd, 4319641.243, 104
Trd, 4319644.143, 103
Trd, 4319645.593, 99
Trd, 4319645.643, 102
Trd, 4319646.743, 101
Trd, 4319647.743, 102
Trd, 4319648.793, 101
Trd, 4319648.993, 103
Trd, 4319649.643, 102
Trd, 4319649.893, 95
Trd, 4319650.843, 113
Trd, 4319655.543, 105
Trd, 4319657.643, 102
Trd, 4319658.043, 95
Trd, 4319659.993, 98
Trd, 4319660.843, 98
Trd, 4319661.843, 97
Trd, 4319661.893, 103
Trd, 4319666.393, 85
Trd, 4319666.593, 99
Trd, 4319669.093, 94
Trd, 4319670.343, 90
Trd, 4319670.893, 92
Trd, 4319671.793, 92
Trd, 4319672.643, 102
Trd, 4319676.293, 96
Trd, 4319676.893, 100
Trd, 4319676.943, 101
Trd, 4319678.093, 95
Trd, 4319681.643, 107
Trd, 4319683.143, 84
Trd, 4319684.293, 107
Trd, 4319685.243, 109
Trd, 4319687.643, 106
Trd, 4319688.443, 103
Trd, 4319688.793, 102
Trd, 4319690.843, 100
Trd, 4319690.893, 105
Trd, 4319693.893, 103
Trd, 4319694.393, 103
Trd, 4319694.993, 103
Trd, 4319696.643, 102
Trd, 4319696.693, 96
Trd, 4319698.843, 99
Trd, 4319699.293, 100
Trd, 4319700.593, 98
Trd, 4319700.943, 99
Trd, 4319701.593, 95
Trd, 4319703.993, 104
Trd, 4319705.693, 104
Trd, 4319707.043, 95
Trd, 4319708.693, 98
Trd, 4319708.993, 97
Trd, 4319709.743, 95
Trd, 4319710.143, 98
Trd, 4319713.643, 103
Trd, 4319714.143, 102
Trd, 4319714.543, 103
Trd, 4319714.893, 103
Trd, 4319715.143, 102
Trd, 4319717.993, 103
Trd, 4319719.843, 84
Trd, 4319720.993, 96
Trd, 4319722.643, 96
Trd, 4319722.993, 97
Trd, 4319724.243, 98
Trd, 4319725.393, 102
Trd, 4319726.143, 99
Trd, 4319727.543, 95
Trd, 4319727.793, 77
Trd, 4319728.493, 96
Trd, 4319729.343, 105
Trd, 4319730.693, 108
Trd, 4319730.893, 109
Trd, 4319731.893, 83
Trd, 4319731.993, 117
Trd, 4319736.543, 101
Trd, 4319736.943, 102
Trd, 4319737.543, 101
Trd, 4319739.043, 100
Trd, 4319744.043, 86
Trd, 4319744.093, 87
Trd, 4319744.343, 91
Trd, 4319745.393, 91
Trd, 4319746.593, 103
Trd, 4319748.643, 103
Trd, 4319750.393, 98
Trd, 4319751.293, 99
Trd, 4319751.743, 104
Trd, 4319752.143, 100
Trd, 4319754.043, 97
Trd, 4319756.093, 98
Trd, 4319756.293, 100
Trd, 4319758.093, 98
Trd, 4319759.943, 93
Trd, 4319760.543, 95
Trd, 4319763.143, 102
Trd, 4319763.493, 113
Trd, 4319765.393, 104
Trd, 4319765.843, 103
Trd, 4319766.193, 103
Trd, 4319769.343, 88
Trd, 4319770.193, 97
Trd, 4319770.643, 97
Trd, 4319771.593, 104
Trd, 4319773.193, 106
Trd, 4319773.743, 103
Trd, 4319776.843, 102
Trd, 4319777.493, 99
Trd, 4319778.893, 96
Trd, 4319779.093, 96
Trd, 4319780.593, 99
Trd, 4319781.293, 103
Trd, 4319783.543, 98
Trd, 4319783.693, 99
Trd, 4319786.143, 94
Trd, 4319787.793, 93
Trd, 4319788.843, 96
Trd, 4319789.043, 97
Trd, 4319789.243, 102
Trd, 4319793.443, 83
Trd, 4319794.393, 100
Trd, 4319797.193, 94
Trd, 4319797.793, 97
Trd, 4319797.993, 89
Trd, 4319799.393, 95
Trd, 4319800.443, 96
Trd, 4319801.643, 103
Trd, 4319801.893, 104
Trd, 4319804.593, 81
Trd, 4319804.993, 101
Trd, 4319807.243, 96
Trd, 4319808.843, 84
Trd, 4319808.993, 96
Trd, 4319812.843, 100
Trd, 4319812.993, 96
Trd, 4319814.493, 97
Trd, 4319815.393, 115
Trd, 4319818.143, 106
Trd, 4319818.643, 106
Trd, 4319819.643, 103
Trd, 4319821.193, 81
Trd, 4319823.043, 94
Trd, 4319825.793, 93
Trd, 4319826.243, 94
Trd, 4319826.693, 95
Trd, 4319827.143, 93
Trd, 4319828.943, 113
Trd, 4319830.593, 105
Trd, 4319833.593, 96
Trd, 4319834.743, 87
Trd, 4319835.943, 91
Trd, 4319836.393, 91
Trd, 4319836.743, 95
Trd, 4319838.443, 77
Trd, 4319842.143, 87
Trd, 4319842.593, 87
Trd, 4319843.043, 88
Trd, 4319843.743, 90
Trd, 4319845.043, 89
Trd, 4319847.993, 98
Trd, 4319848.243, 98
Trd, 4319848.593, 98
Trd, 4319848.993, 98
Trd, 4319850.343, 106
Trd, 4319851.593, 108
Trd, 4319853.843, 110
Trd, 4319854.043, 100
Trd, 4319855.143, 108
Trd, 4319857.793, 99
Trd, 4319858.943, 104
Trd, 4319860.293, 105
Trd, 4319865.643, 90
Trd, 4319865.793, 91
Trd, 4319866.143, 92
Trd, 4319866.743, 92
Trd, 4319868.243, 91
Trd, 4319868.543, 94
Trd, 4319869.443, 95
Trd, 4319870.493, 103
Trd, 4319875.343, 91
Trd, 4319875.993, 91
Trd, 4319877.643, 91
Trd, 4319878.093, 92
Trd, 4319879.393, 80
Trd, 4319879.993, 95
Trd, 4319884.343, 100
Trd, 4319884.843, 101
Trd, 4319887.643, 96
Trd, 4319888.193, 95
Trd, 4319888.543, 96
Trd, 4319889.143, 97
Trd, 4319889.593, 106
Trd, 4319890.943, 112
Trd, 4319894.693, 107
Trd, 4319898.043, 105
Trd, 4319898.593, 84
Trd, 4319898.743, 106
Trd, 4319898.793, 110
Trd, 4319900.093, 84
Trd, 4319901.743, 102
Trd, 4319907.143, 106
Trd, 4319907.543, 107
Trd, 4319908.893, 97
Trd, 4319910.643, 102
Trd, 4319912.293, 103
Trd, 4319913.843, 96
Trd, 4319914.243, 100
Trd, 4319914.943, 99
Trd, 4319915.743, 99
Trd, 4319918.393, 99
Trd, 4319919.493, 98
Trd, 4319919.593, 95
Trd, 4319920.943, 78
Trd, 4319921.443, 105
Trd, 4319925.143, 93
Trd, 4319925.743, 94
Trd, 4319926.843, 95
Trd, 4319927.143, 96
Trd, 4319928.593, 108
Trd, 4319930.143, 98
Trd, 4319930.743, 100
Trd, 4319932.993, 84
Trd, 4319934.193, 108
Trd, 4319935.893, 103
Trd, 4319937.243, 97
Trd, 4319937.393, 96
Trd, 4319937.843, 95
Trd, 4319940.343, 104
Trd, 4319940.593, 105
Trd, 4319944.193, 83
Trd, 4319945.393, 100
Trd, 4319947.343, 93
Trd, 4319947.893, 90
Trd, 4319950.143, 93
Trd, 4319950.443, 93
Trd, 4319950.993, 95
Trd, 4319951.093, 91
Trd, 4319951.193, 112
Trd, 4319951.893, 112
Trd, 4319955.343, 87
Trd, 4319957.443, 101
Trd, 4319959.643, 99
Trd, 4319960.093, 99
Trd, 4319960.743, 99
Trd, 4319961.893, 103
Trd, 4319963.293, 103
Trd, 4319963.593, 103
Trd, 4319963.793, 106
Trd, 4319965.693, 113
Trd, 4319966.193, 110
Trd, 4319969.543, 99
Trd, 4319970.243, 97
Trd, 4319971.193, 73
Trd, 4319971.543, 85
Trd, 4319973.193, 83
Trd, 4319977.293, 88
Trd, 4319977.493, 88
Trd, 4319978.343, 94
Trd, 4319980.893, 92
Trd, 4319982.043, 95
Trd, 4319982.793, 106
Trd, 4319984.943, 111
Trd, 4319985.893, 102
Trd, 4319986.993, 105
Trd, 4319988.743, 97
Trd, 4319988.793, 101
Trd, 4319991.693, 101
Trd, 4319991.943, 110
Trd, 4319994.143, 103
Trd, 4319995.093, 104
Trd, 4319995.493, 103
Trd, 4319998.143, 113
Trd, 4319998.243, 115
Trd, 4319998.593, 115
Trd, 4319999.393, 113
Trd, 4319999.543, 112
