Trd, 4317922.793, 88
Trd, 4317924.293, 101
Trd, 4317924.843, 93
Trd, 4317926.593, 97
Trd, 4317926.693, 96
Trd, 4317926.793, 104
Trd, 4317929.093, 97
Trd, 4317929.993, 97
Trd, 4317930.193, 105
Trd, 4317930.543, 95
Trd, 4317930.743, 78
Trd, 4317932.693, 122
Trd, 4317935.193, 72
Trd, 4317935.543, 80
Trd, 4317935.743, 123
Trd, 4317937.743, 96
Trd, 4317938.243, 91
Trd, 4317939.243, 94
Trd, 4317939.443, 96
Trd, 4317942.093, 101
Trd, 4317942.443, 99
Trd, 4317942.793, 101
Trd, 4317943.793, 102
Trd, 4317943.943, 99
Trd, 4317945.693, 104
Trd, 4317947.193, 97
Trd, 4317947.293, 98
Trd, 4317949.993, 99
Trd, 4317950.043, 79
Trd, 4317950.543, 103
Trd, 4317952.443, 104
Trd, 4317952.543, 84
Trd, 4317953.043, 103
Trd, 4317955.693, 119
Trd, 4317955.743, 89
Trd, 4317956.643, 92
Trd, 4317957.943, 92
Trd, 4317959.743, 95
Trd, 4317961.343, 106
Trd, 4317962.343, 97
Trd, 4317962.743, 106
Trd, 4317963.143, 95
Trd, 4317964.243, 112
Trd, 4317965.293, 100
Trd, 4317966.093, 125
Trd, 4317967.543, 99
Trd, 4317968.693, 95
Trd, 4317969.393, 121
Trd, 4317971.593, 86
Trd, 4317972.893, 95
Trd, 4317973.243, 88
Trd, 4317975.843, 118
Trd, 4317976.193, 90
Trd, 4317977.043, 101
Trd, 4317977.893, 96
Trd, 4317978.493, 98
Trd, 4317978.793, 96
Trd, 4317979.143, 104
Trd, 4317983.893, 102
Trd, 4317984.943, 103
Trd, 4317985.243, 99
Trd, 4317986.793, 99
Trd, 4317987.143, 104
Trd, 4317988.243, 97
Trd, 4317989.643, 80
Trd, 4317990.093, 120
Trd, 4317991.843, 85
Trd, 4317992.643, 117
Trd, 4317992.993, 83
Trd, 4317995.093, 102
Trd, 4317998.493, 93
Trd, 4317998.993, 93
Trd, 4317999.643, 96
Trd, 4318000.393, 95
Trd, 4318001.843, 97
Trd, 4318001.993, 95
Trd, 4318002.643, 104
Trd, 4318005.243, 94
Trd, 4318005.693, 89
Trd, 4318007.343, 90
Trd, 4318007.993, 103
Trd, 4318009.193, 94
Trd, 4318009.743, 93
Trd, 4318009.843, 98
Trd, 4318012.693, 105
Trd, 4318013.043, 99
Trd, 4318013.693, 97
Trd, 4318014.393, 96
Trd, 4318015.843, 97
Trd, 4318016.493, 96
Trd, 4318017.693, 96
Trd, 4318018.943, 100
Trd, 4318019.293, 68
Trd, 4318019.743, 104
Trd, 4318023.393, 94
Trd, 4318023.493, 97
Trd, 4318025.093, 101
Trd, 4318026.093, 102
Trd, 4318026.943, 103
Trd, 4318027.643, 118
Trd, 4318027.843, 119
Trd, 4318029.343, 107
Trd, 4318030.343, 104
Trd, 4318030.743, 86
Trd, 4318034.843, 84
Trd, 4318035.143, 93
Trd, 4318036.843, 87
Trd, 4318036.943, 86
Trd, 4318037.393, 97
Trd, 4318038.443, 104
Trd, 4318039.243, 122
Trd, 4318040.393, 94
Trd, 4318040.893, 95
Trd, 4318043.443, 100
Trd, 4318043.493, 99
Trd, 4318045.093, 98
Trd, 4318045.443, 126
Trd, 4318045.993, 95
Trd, 4318046.143, 132
Trd, 4318047.143, 84
Trd, 4318048.343, 85
Trd, 4318049.593, 87
Trd, 4318051.393, 86
Trd, 4318052.543, 95
Trd, 4318053.243, 104
Trd, 4318054.343, 86
Trd, 4318056.193, 94
Trd, 4318057.743, 101
Trd, 4318059.093, 97
Trd, 4318059.793, 96
Trd, 4318060.293, 92
Trd, 4318060.893, 102
Trd, 4318061.643, 96
Trd, 4318064.093, 88
Trd, 4318064.193, 122
Trd, 4318065.043, 89
Trd, 4318067.393, 130
Trd, 4318068.393, 96
Trd, 4318068.743, 86
Trd, 4318070.193, 91
Trd, 4318072.043, 95
Trd, 4318075.293, 102
Trd, 4318075.593, 102
Trd, 4318076.243, 95
Trd, 4318076.293, 114
Trd, 4318076.593, 116
Trd, 4318078.843, 76
Trd, 4318079.493, 122
Trd, 4318080.043, 74
Trd, 4318080.643, 75
Trd, 4318084.343, 94
Trd, 4318084.443, 96
Trd, 4318085.293, 93
Trd, 4318086.943, 95
Trd, 4318088.143, 82
Trd, 4318092.643, 91
Trd, 4318093.243, 90
Trd, 4318093.443, 99
Trd, 4318094.493, 102
Trd, 4318096.043, 92
Trd, 4318096.943, 118
Trd, 4318097.643, 97
Trd, 4318097.993, 96
Trd, 4318099.693, 113
Trd, 4318099.843, 98
Trd, 4318100.743, 129
Trd, 4318101.493, 95
Trd, 4318101.743, 78
Trd, 4318104.693, 93
Trd, 4318105.593, 88
Trd, 4318108.493, 90
Trd, 4318109.293, 85
Trd, 4318110.093, 90
Trd, 4318111.543, 99
Trd, 4318113.093, 101
Trd, 4318113.343, 98
Trd, 4318115.443, 102
Trd, 4318115.493, 81
Trd, 4318116.843, 102
Trd, 4318117.643, 126
Trd, 4318119.293, 95
Trd, 4318120.293, 91
Trd, 4318122.693, 95
Trd, 4318123.493, 103
Trd, 4318123.843, 95
Trd, 4318125.193, 120
Trd, 4318125.293, 121
Trd, 4318128.043, 85
Trd, 4318129.193, 86
Trd, 4318130.693, 95
Trd, 4318131.543, 91
Trd, 4318131.793, 86
Trd, 4318134.243, 92
Trd, 4318135.393, 103
Trd, 4318136.993, 121
Trd, 4318138.143, 101
Trd, 4318138.343, 97
Trd, 4318140.143, 97
Trd, 4318141.343, 97
Trd, 4318141.693, 98
Trd, 4318142.393, 97
Trd, 4318144.693, 96
Trd, 4318147.143, 90
Trd, 4318148.693, 86
Trd, 4318148.993, 112
Trd, 4318150.493, 82
Trd, 4318150.693, 87
Trd, 4318152.593, 87
Trd, 4318152.693, 95
Trd, 4318154.843, 77
Trd, 4318155.993, 96
Trd, 4318156.393, 75
Trd, 4318156.893, 74
Trd, 4318158.193, 94
Trd, 4318161.293, 82
Trd, 4318161.843, 104
Trd, 4318161.943, 80
Trd, 4318163.743, 85
Trd, 4318163.893, 104
Trd, 4318165.193, 120
Trd, 4318167.893, 120
Trd, 4318168.343, 97
Trd, 4318169.743, 100
Trd, 4318171.743, 102
Trd, 4318173.593, 96
Trd, 4318173.793, 95
Trd, 4318174.243, 117
Trd, 4318174.293, 122
Trd, 4318176.843, 94
Trd, 4318177.293, 90
Trd, 4318180.643, 94
Trd, 4318180.793, 96
Trd, 4318181.043, 94
Trd, 4318182.243, 98
Trd, 4318182.693, 120
Trd, 4318182.793, 95
Trd, 4318183.993, 121
Trd, 4318185.593, 124
Trd, 4318186.693, 98
Trd, 4318187.843, 93
Trd, 4318189.343, 95
Trd, 4318192.393, 103
Trd, 4318192.793, 119
Trd, 4318193.943, 105
Trd, 4318195.543, 88
Trd, 4318196.143, 100
Trd, 4318198.193, 101
Trd, 4318198.993, 96
Trd, 4318199.093, 95
Trd, 4318200.343, 95
Trd, 4318200.993, 95
Trd, 4318202.693, 95
Trd, 4318203.143, 85
Trd, 4318205.043, 95
Trd, 4318205.393, 92
Trd, 4318207.343, 93
Trd, 4318208.043, 95
Trd, 4318209.243, 77
Trd, 4318210.743, 103
Trd, 4318213.443, 83
Trd, 4318213.643, 99
Trd, 4318215.093, 79
Trd, 4318215.493, 78
Trd, 4318218.543, 95
Trd, 4318218.643, 95
Trd, 4318219.343, 95
Trd, 4318219.393, 94
Trd, 4318221.343, 94
Trd, 4318221.643, 95
Trd, 4318222.643, 104
Trd, 4318223.793, 99
Trd, 4318224.693, 100
Trd, 4318224.993, 98
Trd, 4318228.243, 119
Trd, 4318228.793, 95
Trd, 4318229.093, 78
Trd, 4318230.793, 96
Trd, 4318234.093, 93
Trd, 4318234.243, 98
Trd, 4318234.993, 95
Trd, 4318235.493, 96
Trd, 4318236.243, 96
Trd, 4318239.343, 84
Trd, 4318240.093, 102
Trd, 4318240.943, 88
Trd, 4318242.243, 104
Trd, 4318243.593, 98
Trd, 4318244.043, 97
Trd, 4318245.243, 98
Trd, 4318246.243, 99
Trd, 4318246.343, 95
Trd, 4318247.043, 121
Trd, 4318248.443, 89
Trd, 4318250.343, 92
Trd, 4318250.593, 120
Trd, 4318250.993, 121
Trd, 4318252.143, 95
Trd, 4318252.343, 128
Trd, 4318253.543, 95
Trd, 4318253.843, 77
Trd, 4318255.593, 100
Trd, 4318256.393, 122
Trd, 4318260.243, 93
Trd, 4318261.243, 91
Trd, 4318261.393, 91
Trd, 4318262.593, 90
Trd, 4318264.993, 94
Trd, 4318265.243, 87
Trd, 4318265.693, 88
Trd, 4318266.493, 103
Trd, 4318266.943, 125
Trd, 4318268.643, 95
Trd, 4318271.243, 96
Trd, 4318271.593, 93
Trd, 4318272.493, 86
Trd, 4318275.143, 81
Trd, 4318275.893, 73
Trd, 4318277.593, 92
Trd, 4318277.843, 78
Trd, 4318279.293, 96
Trd, 4318279.943, 95
Trd, 4318281.143, 93
Trd, 4318282.193, 94
Trd, 4318282.843, 96
Trd, 4318284.093, 122
Trd, 4318284.493, 81
Trd, 4318284.993, 81
Trd, 4318285.193, 77
Trd, 4318287.893, 134
Trd, 4318288.193, 131
Trd, 4318290.493, 130
Trd, 4318291.343, 105
Trd, 4318291.543, 104
Trd, 4318291.693, 95
Trd, 4318292.393, 77
Trd, 4318294.043, 118
Trd, 4318297.143, 89
Trd, 4318298.793, 102
Trd, 4318299.193, 98
Trd, 4318300.493, 94
Trd, 4318300.843, 93
Trd, 4318301.393, 77
Trd, 4318303.243, 102
Trd, 4318303.993, 78
Trd, 4318305.793, 85
Trd, 4318306.493, 117
Trd, 4318310.643, 96
Trd, 4318310.943, 91
Trd, 4318312.993, 99
Trd, 4318313.343, 104
Trd, 4318313.443, 99
Trd, 4318315.143, 101
Trd, 4318315.993, 95
Trd, 4318317.543, 112
Trd, 4318319.293, 90
Trd, 4318320.343, 93
Trd, 4318321.043, 98
Trd, 4318322.893, 121
Trd, 4318323.893, 121
Trd, 4318324.243, 95
Trd, 4318327.743, 82
Trd, 4318328.943, 95
Trd, 4318330.143, 94
Trd, 4318332.793, 94
Trd, 4318332.943, 91
Trd, 4318333.343, 104
Trd, 4318334.793, 129
Trd, 4318335.043, 86
Trd, 4318335.843, 126
Trd, 4318336.293, 86
Trd, 4318340.093, 93
Trd, 4318341.293, 102
Trd, 4318342.043, 95
Trd, 4318343.993, 102
Trd, 4318345.393, 101
Trd, 4318346.743, 127
Trd, 4318347.693, 103
Trd, 4318348.893, 95
Trd, 4318349.993, 82
Trd, 4318352.393, 91
Trd, 4318352.493, 90
Trd, 4318352.993, 120
Trd, 4318354.343, 96
Trd, 4318355.043, 94
Trd, 4318356.893, 95
Trd, 4318356.993, 96
Trd, 4318357.993, 104
Trd, 4318358.343, 85
Trd, 4318359.493, 82
Trd, 4318359.743, 99
Trd, 4318363.793, 122
Trd, 4318363.843, 86
Trd, 4318364.493, 122
Trd, 4318366.693, 95
Trd, 4318367.343, 104
Trd, 4318367.843, 96
Trd, 4318368.593, 97
Trd, 4318372.093, 92
Trd, 4318372.893, 86
Trd, 4318373.543, 85
Trd, 4318373.643, 97
Trd, 4318375.693, 97
Trd, 4318378.393, 103
Trd, 4318378.743, 92
Trd, 4318378.843, 91
Trd, 4318380.043, 93
Trd, 4318380.793, 94
Trd, 4318381.793, 93
Trd, 4318383.943, 94
Trd, 4318385.943, 95
Trd, 4318387.093, 96
Trd, 4318387.543, 103
Trd, 4318388.093, 96
Trd, 4318388.543, 95
Trd, 4318389.793, 99
Trd, 4318391.343, 79
Trd, 4318394.093, 91
Trd, 4318394.843, 88
Trd, 4318396.843, 79
Trd, 4318397.543, 132
Trd, 4318398.893, 87
Trd, 4318399.193, 124
Trd, 4318400.793, 95
Trd, 4318400.843, 92
Trd, 4318402.743, 98
Trd, 4318404.143, 111
Trd, 4318404.593, 100
Trd, 4318406.793, 117
Trd, 4318406.943, 102
Trd, 4318408.243, 96
Trd, 4318408.893, 77
Trd, 4318409.293, 99
Trd, 4318409.643, 73
Trd, 4318410.843, 75
Trd, 4318411.343, 104
Trd, 4318413.293, 105
Trd, 4318415.143, 97
Trd, 4318415.643, 87
Trd, 4318416.693, 88
Trd, 4318417.693, 99
Trd, 4318420.743, 103
Trd, 4318421.243, 88
Trd, 4318421.493, 87
Trd, 4318423.143, 78
Trd, 4318423.893, 95
Trd, 4318426.643, 87
Trd, 4318427.493, 118
Trd, 4318428.893, 129
Trd, 4318429.743, 96
Trd, 4318429.793, 95
Trd, 4318430.743, 95
Trd, 4318433.793, 97
Trd, 4318434.393, 100
Trd, 4318434.643, 98
Trd, 4318434.793, 77
Trd, 4318437.493, 104
Trd, 4318438.743, 95
Trd, 4318439.943, 99
Trd, 4318440.443, 121
Trd, 4318441.143, 101
Trd, 4318441.443, 100
Trd, 4318441.793, 122
Trd, 4318441.993, 95
Trd, 4318442.143, 130
Trd, 4318445.243, 97
Trd, 4318446.243, 88
Trd, 4318448.743, 93
Trd, 4318449.843, 91
Trd, 4318450.843, 93
Trd, 4318451.143, 92
Trd, 4318452.893, 94
Trd, 4318454.793, 99
Trd, 4318454.843, 86
Trd, 4318458.143, 77
Trd, 4318459.493, 97
Trd, 4318460.543, 88
Trd, 4318461.143, 88
Trd, 4318461.393, 101
Trd, 4318463.393, 89
Trd, 4318465.593, 94
Trd, 4318466.243, 87
Trd, 4318467.593, 98
Trd, 4318470.793, 103
Trd, 4318470.943, 104
Trd, 4318470.993, 102
Trd, 4318471.893, 100
Trd, 4318472.243, 125
Trd, 4318473.643, 98
Trd, 4318475.693, 120
Trd, 4318475.743, 99
Trd, 4318475.793, 98
Trd, 4318476.343, 95
Trd, 4318478.343, 121
Trd, 4318478.743, 79
Trd, 4318479.243, 97
Trd, 4318483.493, 90
Trd, 4318483.693, 95
Trd, 4318485.043, 97
Trd, 4318485.943, 92
Trd, 4318486.593, 95
Trd, 4318488.193, 98
Trd, 4318488.593, 98
Trd, 4318489.043, 99
Trd, 4318490.443, 95
Trd, 4318491.593, 128
Trd, 4318491.993, 80
Trd, 4318493.743, 102
Trd, 4318494.993, 90
Trd, 4318495.893, 93
Trd, 4318497.093, 93
Trd, 4318499.543, 96
Trd, 4318499.643, 98
Trd, 4318499.743, 95
Trd, 4318501.143, 104
Trd, 4318503.093, 81
Trd, 4318503.593, 110
Trd, 4318505.843, 113
Trd, 4318506.293, 97
Trd, 4318508.693, 119
Trd, 4318508.993, 96
Trd, 4318509.743, 95
Trd, 4318510.293, 77
Trd, 4318510.543, 120
Trd, 4318513.193, 95
Trd, 4318514.243, 124
Trd, 4318514.993, 81
Trd, 4318515.243, 80
Trd, 4318516.343, 80
Trd, 4318517.093, 76
Trd, 4318518.193, 71
Trd, 4318519.443, 96
Trd, 4318524.393, 86
Trd, 4318524.493, 85
Trd, 4318524.843, 95
Trd, 4318526.293, 104
Trd, 4318526.693, 97
Trd, 4318529.093, 109
Trd, 4318529.643, 101
Trd, 4318530.793, 96
Trd, 4318531.393, 95
Trd, 4318532.243, 111
Trd, 4318532.993, 85
Trd, 4318535.893, 95
Trd, 4318536.943, 98
Trd, 4318537.643, 104
Trd, 4318537.843, 90
Trd, 4318537.893, 89
Trd, 4318540.893, 95
Trd, 4318542.243, 131
Trd, 4318542.393, 132
Trd, 4318542.493, 99
Trd, 4318546.343, 99
Trd, 4318547.143, 122
Trd, 4318547.793, 98
Trd, 4318548.443, 95
Trd, 4318551.693, 82
Trd, 4318552.043, 114
Trd, 4318553.293, 122
Trd, 4318553.343, 85
Trd, 4318555.493, 105
Trd, 4318556.893, 91
Trd, 4318557.893, 107
Trd, 4318558.343, 92
Trd, 4318561.393, 93
Trd, 4318562.093, 103
Trd, 4318562.793, 93
Trd, 4318563.193, 104
Trd, 4318565.093, 95
Trd, 4318565.343, 96
Trd, 4318566.693, 104
Trd, 4318567.493, 103
Trd, 4318567.593, 102
Trd, 4318568.743, 97
Trd, 4318569.793, 106
Trd, 4318570.693, 118
Trd, 4318571.543, 86
Trd, 4318572.843, 89
Trd, 4318575.893, 97
Trd, 4318576.293, 111
Trd, 4318577.293, 98
Trd, 4318578.543, 114
Trd, 4318578.993, 95
Trd, 4318579.793, 101
Trd, 4318580.543, 81
Trd, 4318580.893, 80
Trd, 4318582.043, 122
Trd, 4318584.393, 123
Trd, 4318585.243, 85
Trd, 4318586.243, 85
Trd, 4318587.293, 96
Trd, 4318589.043, 99
Trd, 4318589.293, 87
Trd, 4318591.193, 95
Trd, 4318591.793, 90
Trd, 4318592.343, 91
Trd, 4318593.943, 102
Trd, 4318594.993, 97
Trd, 4318595.343, 122
Trd, 4318598.243, 101
Trd, 4318598.693, 100
Trd, 4318598.743, 114
Trd, 4318599.893, 129
Trd, 4318600.143, 100
Trd, 4318600.343, 77
Trd, 4318600.793, 84
Trd, 4318607.193, 74
Trd, 4318607.493, 86
Trd, 4318609.093, 79
Trd, 4318609.343, 104
Trd, 4318609.843, 101
Trd, 4318612.593, 90
Trd, 4318613.943, 91
Trd, 4318614.493, 98
Trd, 4318616.243, 121
Trd, 4318616.943, 104
Trd, 4318617.093, 98
Trd, 4318617.243, 95
Trd, 4318618.743, 90
Trd, 4318618.943, 125
Trd, 4318619.043, 89
Trd, 4318620.643, 84
Trd, 4318620.843, 96
Trd, 4318622.343, 84
Trd, 4318624.943, 88
Trd, 4318626.893, 96
Trd, 4318628.243, 95
Trd, 4318628.293, 92
Trd, 4318632.693, 103
Trd, 4318632.843, 104
Trd, 4318633.643, 123
Trd, 4318633.993, 103
Trd, 4318634.843, 95
Trd, 4318634.943, 104
Trd, 4318635.493, 78
Trd, 4318636.243, 130
Trd, 4318639.893, 94
Trd, 4318643.643, 93
Trd, 4318643.793, 95
Trd, 4318644.043, 116
Trd, 4318645.493, 98
Trd, 4318645.543, 95
Trd, 4318646.993, 82
Trd, 4318649.393, 109
Trd, 4318650.343, 109
Trd, 4318650.443, 93
Trd, 4318651.293, 125
Trd, 4318652.093, 130
Trd, 4318653.593, 98
Trd, 4318654.743, 101
Trd, 4318655.943, 104
Trd, 4318656.143, 103
Trd, 4318656.193, 129
Trd, 4318656.393, 71
Trd, 4318659.893, 123
Trd, 4318660.893, 84
Trd, 4318662.543, 112
Trd, 4318663.843, 92
Trd, 4318664.943, 111
Trd, 4318665.643, 96
Trd, 4318667.293, 121
Trd, 4318667.793, 96
Trd, 4318668.393, 82
Trd, 4318669.393, 94
Trd, 4318669.693, 82
Trd, 4318669.743, 81
Trd, 4318671.543, 80
Trd, 4318672.643, 95
Trd, 4318672.843, 96
Trd, 4318675.043, 87
Trd, 4318675.143, 126
Trd, 4318677.443, 92
Trd, 4318678.443, 95
Trd, 4318679.593, 96
Trd, 4318680.643, 96
Trd, 4318680.843, 95
Trd, 4318682.293, 77
Trd, 4318683.943, 68
Trd, 4318684.643, 86
Trd, 4318685.243, 68
Trd, 4318686.843, 123
Trd, 4318688.593, 76
Trd, 4318689.793, 100
Trd, 4318692.293, 89
Trd, 4318692.393, 86
Trd, 4318693.493, 68
Trd, 4318694.043, 86
Trd, 4318696.843, 82
Trd, 4318696.943, 81
Trd, 4318698.393, 82
Trd, 4318698.943, 96
Trd, 4318700.293, 97
Trd, 4318702.693, 93
Trd, 4318703.043, 82
Trd, 4318704.693, 100
Trd, 4318705.543, 83
Trd, 4318705.743, 81
Trd, 4318707.843, 98
Trd, 4318708.093, 85
Trd, 4318709.493, 85
Trd, 4318709.693, 85
Trd, 4318711.043, 100
Trd, 4318712.293, 94
Trd, 4318712.993, 94
Trd, 4318713.543, 104
Trd, 4318714.493, 122
Trd, 4318714.593, 95
Trd, 4318717.343, 95
Trd, 4318718.243, 90
Trd, 4318719.543, 91
Trd, 4318719.893, 101
Trd, 4318720.743, 94
Trd, 4318723.193, 101
Trd, 4318723.543, 98
Trd, 4318724.543, 79
Trd, 4318724.743, 104
Trd, 4318724.943, 131
Trd, 4318729.493, 86
Trd, 4318730.493, 96
Trd, 4318730.643, 84
Trd, 4318730.993, 95
Trd, 4318734.543, 80
Trd, 4318735.193, 90
Trd, 4318735.343, 79
Trd, 4318736.393, 99
Trd, 4318737.043, 84
Trd, 4318738.393, 84
Trd, 4318740.143, 90
Trd, 4318740.693, 96
Trd, 4318740.943, 113
Trd, 4318741.643, 94
Trd, 4318743.243, 98
Trd, 4318743.843, 98
Trd, 4318743.993, 99
Trd, 4318745.843, 128
Trd, 4318746.343, 122
Trd, 4318748.393, 105
Trd, 4318749.543, 124
Trd, 4318749.693, 95
Trd, 4318751.043, 129
Trd, 4318753.493, 92
Trd, 4318754.343, 105
Trd, 4318755.643, 95
Trd, 4318755.793, 123
Trd, 4318757.143, 98
Trd, 4318758.143, 99
Trd, 4318758.393, 121
Trd, 4318758.793, 99
Trd, 4318760.543, 80
Trd, 4318762.193, 81
Trd, 4318764.543, 95
Trd, 4318765.743, 86
Trd, 4318766.293, 87
Trd, 4318767.193, 104
Trd, 4318767.243, 126
Trd, 4318768.393, 132
Trd, 4318770.293, 94
Trd, 4318770.343, 93
Trd, 4318773.693, 95
Trd, 4318776.093, 87
Trd, 4318776.393, 95
Trd, 4318776.943, 87
Trd, 4318778.143, 102
Trd, 4318778.243, 122
Trd, 4318778.893, 80
Trd, 4318781.293, 88
Trd, 4318781.943, 87
Trd, 4318784.193, 80
Trd, 4318785.893, 84
Trd, 4318786.993, 96
Trd, 4318787.843, 93
Trd, 4318788.393, 91
Trd, 4318789.293, 96
Trd, 4318789.743, 93
Trd, 4318789.993, 104
Trd, 4318791.293, 95
Trd, 4318792.493, 125
Trd, 4318793.743, 97
Trd, 4318794.993, 140
Trd, 4318795.843, 97
Trd, 4318798.693, 99
Trd, 4318798.793, 104
Trd, 4318799.893, 100
Trd, 4318800.943, 83
Trd, 4318801.143, 112
Trd, 4318802.593, 87
Trd, 4318804.043, 90
Trd, 4318805.243, 121
Trd, 4318805.343, 122
Trd, 4318809.143, 98
Trd, 4318810.393, 96
Trd, 4318810.793, 95
Trd, 4318811.493, 79
Trd, 4318811.793, 123
Trd, 4318812.943, 113
Trd, 4318815.293, 84
Trd, 4318815.443, 80
Trd, 4318819.493, 94
Trd, 4318819.993, 89
Trd, 4318820.243, 110
Trd, 4318823.243, 96
Trd, 4318824.193, 98
Trd, 4318825.143, 99
Trd, 4318827.643, 99
Trd, 4318828.343, 103
Trd, 4318828.993, 85
Trd, 4318829.743, 104
Trd, 4318831.343, 81
Trd, 4318833.043, 83
Trd, 4318834.443, 85
Trd, 4318836.093, 94
Trd, 4318837.343, 85
Trd, 4318837.643, 125
Trd, 4318838.143, 84
Trd, 4318838.493, 83
Trd, 4318841.443, 94
Trd, 4318841.843, 98
Trd, 4318842.993, 87
Trd, 4318844.293, 86
Trd, 4318845.593, 86
Trd, 4318846.043, 95
Trd, 4318848.143, 94
Trd, 4318848.993, 85
Trd, 4318850.043, 102
Trd, 4318851.743, 90
Trd, 4318852.143, 88
Trd, 4318853.393, 86
Trd, 4318854.143, 97
Trd, 4318855.393, 104
Trd, 4318856.093, 85
Trd, 4318857.743, 91
Trd, 4318857.843, 121
Trd, 4318860.143, 98
Trd, 4318861.493, 97
Trd, 4318861.593, 96
Trd, 4318862.143, 101
Trd, 4318862.843, 96
Trd, 4318863.143, 116
Trd, 4318865.343, 68
Trd, 4318866.243, 82
Trd, 4318866.393, 107
Trd, 4318866.693, 110
Trd, 4318867.393, 70
Trd, 4318869.543, 122
Trd, 4318869.693, 76
Trd, 4318872.243, 77
Trd, 4318874.543, 97
Trd, 4318876.793, 93
Trd, 4318877.593, 97
Trd, 4318878.793, 96
Trd, 4318879.443, 115
Trd, 4318879.793, 95
Trd, 4318883.043, 96
Trd, 4318884.343, 95
Trd, 4318884.843, 104
Trd, 4318885.143, 96
Trd, 4318886.893, 99
Trd, 4318888.243, 100
Trd, 4318888.543, 98
Trd, 4318888.843, 95
Trd, 4318889.443, 94
Trd, 4318891.943, 78
Trd, 4318893.793, 104
Trd, 4318894.443, 85
Trd, 4318896.143, 84
Trd, 4318897.943, 90
Trd, 4318898.643, 103
Trd, 4318899.393, 91
Trd, 4318899.543, 92
Trd, 4318899.843, 103
Trd, 4318901.743, 82
Trd, 4318902.393, 102
Trd, 4318903.393, 104
Trd, 4318904.393, 99
Trd, 4318905.693, 123
Trd, 4318905.743, 89
Trd, 4318906.293, 90
Trd, 4318907.493, 88
Trd, 4318910.893, 71
Trd, 4318910.993, 92
Trd, 4318911.893, 73
Trd, 4318915.043, 95
Trd, 4318916.193, 103
Trd, 4318916.943, 104
Trd, 4318917.643, 98
Trd, 4318919.143, 73
Trd, 4318920.893, 69
Trd, 4318922.093, 73
Trd, 4318923.593, 84
Trd, 4318924.843, 90
Trd, 4318925.293, 94
Trd, 4318927.343, 103
Trd, 4318929.593, 100
Trd, 4318929.743, 93
Trd, 4318931.993, 97
Trd, 4318932.593, 98
Trd, 4318933.043, 84
Trd, 4318933.843, 104
Trd, 4318934.993, 77
Trd, 4318936.543, 95
Trd, 4318937.093, 86
Trd, 4318937.543, 83
Trd, 4318940.943, 90
Trd, 4318942.343, 92
Trd, 4318942.843, 92
Trd, 4318944.193, 104
Trd, 4318945.243, 95
Trd, 4318946.143, 130
Trd, 4318946.243, 96
Trd, 4318946.643, 95
Trd, 4318947.993, 123
Trd, 4318948.293, 79
Trd, 4318950.043, 78
Trd, 4318950.093, 125
Trd, 4318951.893, 77
Trd, 4318953.093, 67
Trd, 4318953.943, 125
Trd, 4318956.293, 84
Trd, 4318957.093, 84
Trd, 4318957.243, 94
Trd, 4318959.593, 94
Trd, 4318960.243, 83
Trd, 4318961.643, 104
Trd, 4318962.443, 96
Trd, 4318964.993, 93
Trd, 4318965.243, 94
Trd, 4318965.443, 93
Trd, 4318965.943, 92
Trd, 4318967.093, 66
Trd, 4318967.943, 72
Trd, 4318968.743, 97
Trd, 4318971.543, 89
Trd, 4318974.493, 75
Trd, 4318975.043, 86
Trd, 4318977.743, 97
Trd, 4318978.893, 98
Trd, 4318979.443, 98
Trd, 4318979.643, 104
Trd, 4318980.593, 99
Trd, 4318981.443, 100
Trd, 4318983.543, 121
Trd, 4318984.743, 130
Trd, 4318985.493, 122
Trd, 4318986.493, 106
Trd, 4318987.193, 129
Trd, 4318989.343, 106
Trd, 4318989.493, 132
Trd, 4318990.893, 96
Trd, 4318992.243, 95
Trd, 4318993.393, 88
Trd, 4318994.443, 86
Trd, 4318995.593, 89
Trd, 4318998.143, 95
Trd, 4318998.393, 94
Trd, 4318999.143, 122
Trd, 4318999.743, 99
Trd, 4319000.893, 126
Trd, 4319001.843, 93
Trd, 4319004.643, 95
Trd, 4319005.043, 80
Trd, 4319005.593, 103
Trd, 4319006.093, 80
Trd, 4319008.093, 90
Trd, 4319009.143, 108
Trd, 4319009.593, 81
Trd, 4319011.093, 80
Trd, 4319011.843, 84
Trd, 4319012.643, 100
Trd, 4319012.993, 105
Trd, 4319016.193, 93
Trd, 4319017.093, 94
Trd, 4319019.243, 115
Trd, 4319019.543, 101
Trd, 4319020.243, 101
Trd, 4319020.843, 115
Trd, 4319021.593, 86
Trd, 4319022.293, 104
Trd, 4319025.143, 77
Trd, 4319026.543, 78
Trd, 4319026.843, 93
Trd, 4319029.193, 88
Trd, 4319029.343, 88
Trd, 4319030.293, 95
Trd, 4319030.743, 104
Trd, 4319031.193, 89
Trd, 4319033.643, 93
Trd, 4319034.693, 90
Trd, 4319034.993, 96
Trd, 4319036.293, 95
Trd, 4319038.643, 131
Trd, 4319039.393, 99
Trd, 4319039.743, 133
Trd, 4319039.943, 96
Trd, 4319041.443, 87
Trd, 4319042.993, 81
Trd, 4319043.993, 129
Trd, 4319044.143, 77
Trd, 4319046.193, 87
Trd, 4319048.043, 88
Trd, 4319048.643, 77
Trd, 4319048.693, 93
Trd, 4319050.243, 78
Trd, 4319052.593, 96
Trd, 4319053.243, 104
Trd, 4319054.593, 91
Trd, 4319054.843, 93
Trd, 4319056.493, 95
Trd, 4319056.593, 94
Trd, 4319058.143, 94
Trd, 4319058.793, 116
Trd, 4319059.843, 96
Trd, 4319061.743, 101
Trd, 4319061.893, 98
Trd, 4319062.143, 95
Trd, 4319064.543, 114
Trd, 4319065.443, 79
Trd, 4319065.693, 66
Trd, 4319065.793, 86
Trd, 4319069.493, 82
Trd, 4319070.743, 82
Trd, 4319071.343, 95
Trd, 4319072.793, 99
Trd, 4319074.093, 91
Trd, 4319074.593, 91
Trd, 4319075.993, 95
Trd, 4319077.743, 98
Trd, 4319077.893, 97
Trd, 4319080.093, 100
Trd, 4319080.743, 98
Trd, 4319080.993, 96
Trd, 4319081.143, 115
Trd, 4319082.243, 81
Trd, 4319083.393, 86
Trd, 4319084.593, 116
Trd, 4319086.293, 97
Trd, 4319087.543, 101
Trd, 4319089.093, 100
Trd, 4319091.043, 79
Trd, 4319091.543, 93
Trd, 4319092.793, 85
Trd, 4319095.443, 88
Trd, 4319095.943, 97
Trd, 4319097.393, 101
Trd, 4319097.993, 104
Trd, 4319098.393, 95
Trd, 4319099.543, 105
Trd, 4319100.193, 80
Trd, 4319102.843, 88
Trd, 4319102.893, 99
Trd, 4319104.943, 95
Trd, 4319105.143, 102
Trd, 4319106.543, 89
Trd, 4319108.643, 90
Trd, 4319109.443, 86
Trd, 4319109.793, 94
Trd, 4319110.243, 139
Trd, 4319110.893, 84
Trd, 4319113.493, 94
Trd, 4319114.643, 99
Trd, 4319115.043, 126
Trd, 4319115.293, 128
Trd, 4319115.843, 132
Trd, 4319116.693, 104
Trd, 4319118.343, 104
Trd, 4319118.843, 104
Trd, 4319120.693, 120
Trd, 4319121.143, 96
Trd, 4319121.493, 80
Trd, 4319121.793, 122
Trd, 4319123.343, 80
Trd, 4319125.443, 96
Trd, 4319127.493, 129
Trd, 4319127.793, 88
Trd, 4319128.443, 88
Trd, 4319129.543, 86
Trd, 4319130.243, 88
Trd, 4319130.843, 120
Trd, 4319131.093, 88
Trd, 4319133.343, 120
Trd, 4319134.743, 122
Trd, 4319134.993, 88
Trd, 4319137.743, 98
Trd, 4319138.393, 97
Trd, 4319138.543, 126
Trd, 4319138.743, 96
Trd, 4319139.643, 95
Trd, 4319143.393, 97
Trd, 4319143.793, 100
Trd, 4319143.843, 104
Trd, 4319143.893, 97
Trd, 4319144.043, 95
Trd, 4319144.643, 124
Trd, 4319146.393, 80
Trd, 4319147.243, 100
Trd, 4319149.293, 89
Trd, 4319150.493, 96
Trd, 4319150.993, 97
Trd, 4319151.793, 98
Trd, 4319152.143, 91
Trd, 4319154.443, 104
Trd, 4319155.893, 88
Trd, 4319157.943, 88
Trd, 4319158.593, 91
Trd, 4319159.293, 89
Trd, 4319159.893, 98
Trd, 4319161.543, 92
Trd, 4319161.593, 91
Trd, 4319163.143, 124
Trd, 4319163.593, 123
Trd, 4319166.943, 95
Trd, 4319167.593, 89
Trd, 4319168.693, 97
Trd, 4319170.643, 86
Trd, 4319170.793, 96
Trd, 4319172.893, 90
Trd, 4319174.093, 93
Trd, 4319176.293, 95
Trd, 4319176.443, 99
Trd, 4319177.793, 96
Trd, 4319180.943, 92
Trd, 4319181.193, 81
Trd, 4319182.243, 97
Trd, 4319183.143, 88
Trd, 4319184.343, 122
Trd, 4319186.243, 94
Trd, 4319186.793, 95
Trd, 4319187.143, 95
Trd, 4319187.493, 109
Trd, 4319189.443, 68
Trd, 4319191.293, 86
Trd, 4319191.893, 85
Trd, 4319193.743, 79
Trd, 4319193.893, 98
Trd, 4319195.293, 103
Trd, 4319195.693, 81
Trd, 4319196.693, 86
Trd, 4319198.193, 132
Trd, 4319200.693, 102
Trd, 4319202.693, 120
Trd, 4319204.843, 104
Trd, 4319204.943, 103
Trd, 4319205.793, 97
Trd, 4319205.843, 95
Trd, 4319206.943, 97
Trd, 4319208.243, 79
Trd, 4319208.593, 78
Trd, 4319210.843, 95
Trd, 4319211.843, 96
Trd, 4319212.343, 84
Trd, 4319215.543, 96
Trd, 4319216.393, 98
Trd, 4319216.443, 104
Trd, 4319216.493, 123
Trd, 4319217.993, 95
Trd, 4319218.593, 78
Trd, 4319219.993, 128
Trd, 4319222.493, 82
Trd, 4319224.193, 87
Trd, 4319224.743, 93
Trd, 4319225.193, 87
Trd, 4319226.543, 95
Trd, 4319226.793, 79
Trd, 4319227.793, 101
Trd, 4319230.343, 100
Trd, 4319230.743, 90
Trd, 4319231.093, 119
Trd, 4319232.293, 99
Trd, 4319234.193, 82
Trd, 4319235.543, 81
Trd, 4319235.793, 103
Trd, 4319239.193, 90
Trd, 4319239.393, 88
Trd, 4319241.393, 91
Trd, 4319242.693, 96
Trd, 4319243.043, 94
Trd, 4319243.193, 78
Trd, 4319244.843, 97
Trd, 4319245.093, 104
Trd, 4319246.843, 127
Trd, 4319247.643, 92
Trd, 4319249.743, 109
Trd, 4319251.293, 86
Trd, 4319253.993, 97
Trd, 4319254.493, 96
Trd, 4319254.543, 95
Trd, 4319255.693, 120
Trd, 4319256.293, 120
Trd, 4319256.793, 85
Trd, 4319257.993, 91
Trd, 4319258.393, 124
Trd, 4319260.693, 94
Trd, 4319261.543, 96
Trd, 4319261.593, 95
Trd, 4319263.193, 89
Trd, 4319264.593, 99
Trd, 4319264.643, 77
Trd, 4319265.943, 104
Trd, 4319267.343, 66
Trd, 4319270.393, 96
Trd, 4319271.293, 103
Trd, 4319271.893, 104
Trd, 4319272.343, 94
Trd, 4319274.143, 95
Trd, 4319274.193, 84
Trd, 4319274.843, 118
Trd, 4319276.793, 72
Trd, 4319277.843, 101
Trd, 4319280.593, 95
Trd, 4319282.843, 103
Trd, 4319283.143, 95
Trd, 4319284.743, 103
Trd, 4319285.493, 128
Trd, 4319285.793, 102
Trd, 4319287.393, 100
Trd, 4319289.593, 95
Trd, 4319290.243, 83
Trd, 4319291.143, 96
Trd, 4319292.543, 122
Trd, 4319293.093, 131
Trd, 4319294.493, 97
Trd, 4319297.643, 99
Trd, 4319297.943, 97
Trd, 4319298.043, 100
Trd, 4319298.293, 95
Trd, 4319298.743, 77
Trd, 4319300.293, 104
Trd, 4319300.993, 80
Trd, 4319305.643, 116
Trd, 4319306.143, 89
Trd, 4319306.243, 121
Trd, 4319306.593, 89
Trd, 4319308.743, 88
Trd, 4319309.443, 97
Trd, 4319309.743, 88
Trd, 4319311.043, 79
Trd, 4319311.343, 98
Trd, 4319313.493, 102
Trd, 4319315.893, 84
Trd, 4319317.093, 88
Trd, 4319317.293, 102
Trd, 4319319.243, 88
Trd, 4319320.343, 93
Trd, 4319321.093, 98
Trd, 4319321.493, 85
Trd, 4319323.843, 88
Trd, 4319324.643, 90
Trd, 4319326.793, 97
Trd, 4319327.193, 101
Trd, 4319327.743, 100
Trd, 4319328.443, 98
Trd, 4319328.993, 97
Trd, 4319329.193, 95
Trd, 4319329.593, 77
Trd, 4319329.743, 104
Trd, 4319332.493, 117
Trd, 4319333.793, 90
Trd, 4319335.043, 91
Trd, 4319336.393, 115
Trd, 4319336.693, 116
Trd, 4319340.193, 99
Trd, 4319340.343, 99
Trd, 4319340.693, 98
Trd, 4319341.543, 95
Trd, 4319341.793, 121
Trd, 4319342.693, 123
Trd, 4319343.343, 123
Trd, 4319345.543, 99
Trd, 4319347.993, 95
Trd, 4319349.093, 95
Trd, 4319349.543, 94
Trd, 4319349.743, 101
Trd, 4319350.743, 103
Trd, 4319351.493, 96
Trd, 4319354.143, 90
Trd, 4319354.593, 89
Trd, 4319356.993, 98
Trd, 4319357.943, 95
Trd, 4319358.343, 93
Trd, 4319360.243, 96
Trd, 4319360.543, 96
Trd, 4319361.443, 108
Trd, 4319363.193, 99
Trd, 4319364.643, 123
Trd, 4319365.293, 95
Trd, 4319367.543, 127
Trd, 4319367.893, 87
Trd, 4319368.043, 98
Trd, 4319370.943, 100
Trd, 4319372.343, 96
Trd, 4319372.643, 96
Trd, 4319372.743, 95
Trd, 4319373.243, 122
Trd, 4319373.793, 96
Trd, 4319374.243, 120
Trd, 4319377.293, 121
Trd, 4319377.393, 99
Trd, 4319378.443, 102
Trd, 4319379.393, 101
Trd, 4319381.343, 89
Trd, 4319381.393, 118
Trd, 4319382.293, 123
Trd, 4319382.843, 78
Trd, 4319383.643, 80
Trd, 4319386.443, 85
Trd, 4319387.293, 101
Trd, 4319390.743, 92
Trd, 4319391.043, 97
Trd, 4319392.293, 98
Trd, 4319393.693, 88
Trd, 4319393.993, 86
Trd, 4319394.143, 104
Trd, 4319394.893, 130
Trd, 4319394.993, 79
Trd, 4319397.243, 89
Trd, 4319397.393, 104
Trd, 4319398.043, 92
Trd, 4319400.043, 94
Trd, 4319403.643, 92
Trd, 4319403.743, 91
Trd, 4319403.943, 95
Trd, 4319404.593, 79
Trd, 4319405.143, 97
Trd, 4319405.393, 122
Trd, 4319407.593, 88
Trd, 4319408.843, 88
Trd, 4319411.393, 88
Trd, 4319411.943, 94
Trd, 4319413.793, 94
Trd, 4319414.243, 97
Trd, 4319414.343, 104
Trd, 4319415.993, 98
Trd, 4319416.393, 125
Trd, 4319416.543, 97
Trd, 4319417.393, 96
Trd, 4319419.293, 96
Trd, 4319419.393, 95
Trd, 4319420.093, 118
Trd, 4319422.693, 82
Trd, 4319423.493, 101
Trd, 4319425.543, 91
Trd, 4319426.493, 91
Trd, 4319427.093, 94
Trd, 4319428.243, 95
Trd, 4319428.693, 96
Trd, 4319430.243, 104
Trd, 4319430.993, 135
Trd, 4319431.993, 139
Trd, 4319432.043, 104
Trd, 4319434.443, 87
Trd, 4319435.743, 90
Trd, 4319436.193, 104
Trd, 4319437.893, 98
Trd, 4319438.243, 121
Trd, 4319438.293, 96
Trd, 4319440.193, 124
Trd, 4319440.643, 87
Trd, 4319440.993, 88
Trd, 4319441.243, 123
Trd, 4319442.193, 89
Trd, 4319445.493, 84
Trd, 4319446.443, 93
Trd, 4319449.293, 96
Trd, 4319449.343, 95
Trd, 4319450.943, 117
Trd, 4319454.193, 83
Trd, 4319454.693, 82
Trd, 4319455.243, 94
Trd, 4319456.543, 96
Trd, 4319457.343, 88
Trd, 4319457.843, 86
Trd, 4319458.493, 102
Trd, 4319463.043, 99
Trd, 4319463.193, 126
Trd, 4319463.443, 99
Trd, 4319463.493, 96
Trd, 4319463.593, 94
Trd, 4319464.193, 127
Trd, 4319467.343, 75
Trd, 4319467.943, 129
Trd, 4319469.193, 86
Trd, 4319469.593, 95
Trd, 4319470.493, 104
Trd, 4319472.643, 93
Trd, 4319473.093, 93
Trd, 4319475.643, 105
Trd, 4319477.793, 99
Trd, 4319478.143, 102
Trd, 4319478.593, 100
Trd, 4319479.293, 95
Trd, 4319481.543, 87
Trd, 4319483.493, 79
Trd, 4319483.743, 88
Trd, 4319485.793, 96
Trd, 4319485.993, 88
Trd, 4319487.993, 102
Trd, 4319490.043, 97
Trd, 4319490.443, 96
Trd, 4319490.693, 97
Trd, 4319490.893, 134
Trd, 4319491.443, 131
Trd, 4319494.843, 103
Trd, 4319494.893, 122
Trd, 4319496.393, 104
Trd, 4319496.943, 131
Trd, 4319497.243, 102
Trd, 4319499.193, 96
Trd, 4319499.443, 95
Trd, 4319500.393, 126
Trd, 4319501.043, 80
Trd, 4319501.793, 131
Trd, 4319502.743, 128
Trd, 4319503.793, 90
Trd, 4319504.593, 90
Trd, 4319506.343, 103
Trd, 4319508.243, 98
Trd, 4319508.643, 96
Trd, 4319509.743, 96
Trd, 4319510.543, 99
Trd, 4319511.043, 77
Trd, 4319511.293, 64
Trd, 4319512.793, 121
Trd, 4319514.243, 74
Trd, 4319515.293, 121
Trd, 4319517.843, 84
Trd, 4319518.143, 93
Trd, 4319519.193, 87
Trd, 4319520.743, 97
Trd, 4319522.143, 96
Trd, 4319522.293, 104
Trd, 4319524.643, 98
Trd, 4319524.893, 95
Trd, 4319526.093, 104
Trd, 4319526.643, 80
Trd, 4319526.893, 96
Trd, 4319528.693, 85
Trd, 4319528.843, 86
Trd, 4319529.093, 95
Trd, 4319530.493, 87
Trd, 4319531.893, 83
Trd, 4319533.293, 103
Trd, 4319535.243, 79
Trd, 4319536.243, 120
Trd, 4319536.993, 82
Trd, 4319537.093, 81
Trd, 4319539.543, 122
Trd, 4319541.193, 96
Trd, 4319542.293, 95
Trd, 4319542.343, 122
Trd, 4319542.543, 95
Trd, 4319545.543, 97
Trd, 4319546.243, 96
Trd, 4319546.343, 95
Trd, 4319547.143, 101
Trd, 4319548.093, 80
Trd, 4319549.343, 68
Trd, 4319552.043, 74
Trd, 4319552.793, 120
Trd, 4319553.693, 98
Trd, 4319555.293, 104
Trd, 4319556.643, 91
Trd, 4319559.093, 119
Trd, 4319559.743, 104
Trd, 4319560.393, 95
Trd, 4319560.493, 137
Trd, 4319562.193, 79
Trd, 4319564.643, 117
Trd, 4319566.243, 94
Trd, 4319566.693, 94
Trd, 4319566.843, 99
Trd, 4319568.743, 102
Trd, 4319570.343, 130
Trd, 4319571.743, 106
Trd, 4319572.093, 104
Trd, 4319573.743, 98
Trd, 4319574.343, 97
Trd, 4319574.493, 119
Trd, 4319575.343, 96
Trd, 4319575.543, 115
Trd, 4319575.893, 95
Trd, 4319578.643, 128
Trd, 4319579.993, 95
Trd, 4319580.293, 95
Trd, 4319581.343, 93
Trd, 4319582.043, 95
Trd, 4319582.593, 93
Trd, 4319587.043, 93
Trd, 4319587.843, 98
Trd, 4319587.943, 93
Trd, 4319588.743, 126
Trd, 4319588.893, 94
Trd, 4319591.343, 128
Trd, 4319591.893, 96
Trd, 4319593.393, 123
Trd, 4319595.643, 97
Trd, 4319596.043, 95
Trd, 4319597.343, 87
Trd, 4319597.643, 77
Trd, 4319599.943, 86
Trd, 4319601.143, 98
Trd, 4319603.393, 83
Trd, 4319604.443, 84
Trd, 4319605.043, 86
Trd, 4319605.643, 77
Trd, 4319606.593, 81
Trd, 4319610.293, 93
Trd, 4319611.943, 95
Trd, 4319612.093, 85
Trd, 4319614.193, 94
Trd, 4319614.693, 94
Trd, 4319615.693, 95
Trd, 4319617.043, 98
Trd, 4319617.743, 98
Trd, 4319619.143, 94
Trd, 4319620.243, 72
Trd, 4319621.893, 89
Trd, 4319622.893, 92
Trd, 4319623.193, 98
Trd, 4319624.293, 96
Trd, 4319624.943, 95
Trd, 4319625.493, 79
Trd, 4319625.643, 80
Trd, 4319625.993, 104
Trd, 4319629.743, 97
Trd, 4319631.443, 89
Trd, 4319631.993, 90
Trd, 4319632.393, 101
Trd, 4319633.643, 116
Trd, 4319635.593, 98
Trd, 4319636.043, 104
Trd, 4319638.543, 103
Trd, 4319639.143, 122
Trd, 4319639.643, 122
Trd, 4319640.993, 103
Trd, 4319641.293, 102
Trd, 4319643.493, 88
Trd, 4319644.293, 102
Trd, 4319644.843, 90
Trd, 4319646.243, 79
Trd, 4319647.193, 100
Trd, 4319647.793, 81
Trd, 4319650.193, 95
Trd, 4319652.243, 95
Trd, 4319652.293, 91
Trd, 4319652.493, 90
Trd, 4319653.793, 102
Trd, 4319655.043, 99
Trd, 4319656.393, 82
Trd, 4319657.643, 87
Trd, 4319659.543, 123
Trd, 4319659.793, 88
Trd, 4319660.693, 88
Trd, 4319663.143, 106
Trd, 4319663.693, 106
Trd, 4319665.493, 95
Trd, 4319666.193, 97
Trd, 4319668.543, 98
Trd, 4319668.943, 97
Trd, 4319669.143, 104
Trd, 4319671.143, 77
Trd, 4319672.693, 94
Trd, 4319672.793, 90
Trd, 4319674.193, 97
Trd, 4319676.843, 110
Trd, 4319677.193, 100
Trd, 4319677.443, 124
Trd, 4319679.243, 105
Trd, 4319680.443, 104
Trd, 4319682.343, 96
Trd, 4319683.043, 85
Trd, 4319683.443, 86
Trd, 4319684.043, 98
Trd, 4319686.893, 97
Trd, 4319686.993, 90
Trd, 4319687.343, 102
Trd, 4319688.493, 108
Trd, 4319692.443, 95
Trd, 4319692.993, 86
Trd, 4319693.093, 85
Trd, 4319693.893, 96
Trd, 4319696.443, 98
Trd, 4319698.043, 99
Trd, 4319698.943, 99
Trd, 4319699.243, 104
Trd, 4319699.943, 100
Trd, 4319700.443, 96
Trd, 4319701.393, 95
Trd, 4319702.843, 97
Trd, 4319704.743, 104
Trd, 4319704.993, 122
Trd, 4319705.393, 91
Trd, 4319707.193, 94
Trd, 4319707.543, 95
Trd, 4319709.093, 97
Trd, 4319710.943, 98
Trd, 4319711.343, 100
Trd, 4319712.393, 98
Trd, 4319713.293, 99
Trd, 4319713.643, 103
Trd, 4319714.343, 95
Trd, 4319719.793, 90
Trd, 4319720.393, 90
Trd, 4319721.143, 94
Trd, 4319721.193, 89
Trd, 4319721.743, 96
Trd, 4319722.293, 82
Trd, 4319725.343, 89
Trd, 4319725.443, 104
Trd, 4319726.143, 90
Trd, 4319726.343, 99
Trd, 4319727.893, 121
Trd, 4319730.243, 98
Trd, 4319730.993, 115
Trd, 4319731.243, 122
Trd, 4319731.493, 99
Trd, 4319731.993, 95
Trd, 4319733.393, 79
Trd, 4319736.843, 96
Trd, 4319737.443, 96
Trd, 4319738.893, 107
Trd, 4319739.293, 86
Trd, 4319741.793, 94
Trd, 4319742.893, 86
Trd, 4319743.093, 85
Trd, 4319745.343, 92
Trd, 4319745.543, 86
Trd, 4319746.993, 95
Trd, 4319747.993, 91
Trd, 4319748.993, 104
Trd, 4319749.943, 94
Trd, 4319751.193, 95
Trd, 4319752.193, 94
Trd, 4319752.543, 94
Trd, 4319752.593, 95
Trd, 4319754.693, 85
Trd, 4319755.743, 99
Trd, 4319756.193, 104
Trd, 4319757.993, 87
Trd, 4319758.843, 94
Trd, 4319758.943, 85
Trd, 4319762.643, 100
Trd, 4319763.393, 93
Trd, 4319764.843, 104
Trd, 4319765.293, 96
Trd, 4319766.343, 85
Trd, 4319768.393, 93
Trd, 4319770.193, 104
Trd, 4319770.243, 87
Trd, 4319770.443, 86
Trd, 4319772.043, 95
Trd, 4319773.993, 131
Trd, 4319774.243, 91
Trd, 4319775.043, 92
Trd, 4319777.243, 93
Trd, 4319777.643, 100
Trd, 4319779.393, 96
Trd, 4319781.043, 97
Trd, 4319781.693, 97
Trd, 4319781.793, 101
Trd, 4319782.393, 97
Trd, 4319784.093, 95
Trd, 4319786.043, 98
Trd, 4319786.293, 120
Trd, 4319787.193, 90
Trd, 4319788.743, 92
Trd, 4319788.843, 96
Trd, 4319789.943, 92
Trd, 4319791.593, 121
Trd, 4319792.793, 85
Trd, 4319796.293, 88
Trd, 4319796.693, 98
Trd, 4319797.643, 94
Trd, 4319798.393, 103
Trd, 4319799.093, 103
Trd, 4319800.193, 79
Trd, 4319800.293, 121
Trd, 4319800.743, 78
Trd, 4319803.293, 92
Trd, 4319806.043, 93
Trd, 4319806.643, 96
Trd, 4319806.793, 104
Trd, 4319806.993, 95
Trd, 4319807.643, 95
Trd, 4319809.443, 123
Trd, 4319812.143, 91
Trd, 4319812.243, 97
Trd, 4319812.393, 89
Trd, 4319813.143, 104
Trd, 4319815.193, 84
Trd, 4319815.593, 82
Trd, 4319818.193, 82
Trd, 4319818.443, 81
Trd, 4319818.843, 86
Trd, 4319824.893, 97
Trd, 4319825.843, 98
Trd, 4319826.743, 98
Trd, 4319827.193, 122
Trd, 4319827.993, 98
Trd, 4319828.993, 96
Trd, 4319829.343, 103
Trd, 4319830.443, 95
Trd, 4319831.393, 108
Trd, 4319831.843, 87
Trd, 4319831.893, 86
Trd, 4319835.343, 130
Trd, 4319835.993, 124
Trd, 4319837.793, 102
Trd, 4319838.493, 101
Trd, 4319838.843, 121
Trd, 4319839.393, 89
Trd, 4319840.093, 88
Trd, 4319840.293, 96
Trd, 4319841.793, 86
Trd, 4319844.693, 97
Trd, 4319845.593, 88
Trd, 4319845.643, 98
Trd, 4319847.643, 79
Trd, 4319849.293, 68
Trd, 4319849.393, 63
Trd, 4319850.543, 123
Trd, 4319851.943, 97
Trd, 4319853.943, 102
Trd, 4319854.643, 95
Trd, 4319854.943, 94
Trd, 4319855.843, 95
Trd, 4319856.593, 104
Trd, 4319856.743, 99
Trd, 4319858.343, 84
Trd, 4319860.343, 79
Trd, 4319860.993, 122
Trd, 4319861.593, 138
Trd, 4319862.493, 105
Trd, 4319865.043, 86
Trd, 4319865.743, 97
Trd, 4319867.043, 85
Trd, 4319867.093, 114
Trd, 4319869.143, 83
Trd, 4319871.843, 95
Trd, 4319872.393, 93
Trd, 4319873.093, 94
Trd, 4319873.293, 104
Trd, 4319875.643, 97
Trd, 4319875.743, 96
Trd, 4319875.793, 116
Trd, 4319875.943, 122
Trd, 4319876.893, 95
Trd, 4319877.343, 70
Trd, 4319878.293, 86
Trd, 4319880.843, 76
Trd, 4319882.593, 88
Trd, 4319882.793, 96
Trd, 4319883.443, 91
Trd, 4319884.393, 91
Trd, 4319887.043, 82
Trd, 4319887.143, 95
Trd, 4319888.193, 96
Trd, 4319889.043, 87
Trd, 4319890.693, 84
Trd, 4319892.543, 111
Trd, 4319892.893, 113
Trd, 4319893.893, 86
Trd, 4319896.393, 90
Trd, 4319896.893, 92
Trd, 4319898.043, 96
Trd, 4319898.643, 104
Trd, 4319899.443, 95
Trd, 4319900.293, 96
Trd, 4319902.493, 85
Trd, 4319902.993, 86
Trd, 4319903.493, 96
Trd, 4319904.243, 88
Trd, 4319904.743, 87
Trd, 4319906.143, 81
Trd, 4319906.993, 116
Trd, 4319907.743, 122
Trd, 4319910.743, 94
Trd, 4319911.593, 84
Trd, 4319911.893, 83
Trd, 4319912.093, 94
Trd, 4319913.593, 95
Trd, 4319914.543, 104
Trd, 4319915.893, 90
Trd, 4319916.043, 91
Trd, 4319916.993, 96
Trd, 4319920.493, 98
Trd, 4319921.293, 85
Trd, 4319921.643, 114
Trd, 4319922.143, 116
Trd, 4319922.643, 85
Trd, 4319926.893, 95
Trd, 4319927.243, 81
Trd, 4319927.893, 84
Trd, 4319928.293, 98
Trd, 4319929.343, 94
Trd, 4319932.543, 95
Trd, 4319932.693, 96
Trd, 4319933.143, 103
Trd, 4319933.393, 96
Trd, 4319935.793, 102
Trd, 4319937.143, 103
Trd, 4319938.243, 102
Trd, 4319938.393, 104
Trd, 4319938.993, 98
Trd, 4319941.493, 104
Trd, 4319942.143, 96
Trd, 4319942.693, 95
Trd, 4319943.493, 86
Trd, 4319944.193, 97
Trd, 4319945.443, 120
Trd, 4319947.543, 87
Trd, 4319947.993, 85
Trd, 4319949.143, 77
Trd, 4319951.143, 94
Trd, 4319951.493, 96
Trd, 4319953.293, 92
Trd, 4319954.043, 114
Trd, 4319955.793, 95
Trd, 4319956.293, 95
Trd, 4319956.593, 113
Trd, 4319957.493, 93
Trd, 4319958.093, 122
Trd, 4319958.743, 94
Trd, 4319961.893, 87
Trd, 4319963.443, 92
Trd, 4319963.843, 104
Trd, 4319964.593, 96
Trd, 4319965.043, 120
Trd, 4319965.293, 94
Trd, 4319966.893, 96
Trd, 4319968.793, 95
Trd, 4319969.993, 90
Trd, 4319972.193, 95
Trd, 4319972.793, 93
Trd, 4319974.543, 96
Trd, 4319974.993, 104
Trd, 4319976.293, 87
Trd, 4319976.793, 112
Trd, 4319977.243, 115
Trd, 4319978.543, 91
Trd, 4319981.043, 96
Trd, 4319981.193, 103
Trd, 4319982.943, 102
Trd, 4319984.693, 98
Trd, 4319984.893, 95
Trd, 4319985.993, 96
Trd, 4319987.343, 90
Trd, 4319987.693, 90
Trd, 4319988.093, 124
Trd, 4319989.193, 96
Trd, 4319991.443, 121
Trd, 4319993.243, 103
Trd, 4319993.593, 119
Trd, 4319993.943, 95
Trd, 4319995.643, 88
Trd, 4319997.693, 88
Trd, 4319999.393, 92
