Trd, 4317896.493, 101
Trd, 4317897.193, 109
Trd, 4317897.243, 75
Trd, 4317898.643, 114
Trd, 4317900.393, 117
Trd, 4317901.693, 113
Trd, 4317903.093, 105
Trd, 4317904.443, 106
Trd, 4317905.193, 106
Trd, 4317907.193, 105
Trd, 4317907.793, 112
Trd, 4317907.943, 104
Trd, 4317909.693, 112
Trd, 4317910.393, 122
Trd, 4317910.543, 104
Trd, 4317912.043, 114
Trd, 4317912.843, 93
Trd, 4317913.343, 86
Trd, 4317914.243, 113
Trd, 4317916.343, 114
Trd, 4317917.293, 85
Trd, 4317917.343, 114
Trd, 4317919.093, 113
Trd, 4317919.943, 104
Trd, 4317923.243, 122
Trd, 4317924.593, 86
Trd, 4317925.193, 95
Trd, 4317925.443, 95
Trd, 4317926.043, 88
Trd, 4317926.293, 104
Trd, 4317927.493, 76
Trd, 4317928.143, 83
Trd, 4317930.543, 95
Trd, 4317930.793, 74
Trd, 4317931.343, 104
Trd, 4317933.193, 76
Trd, 4317936.093, 112
Trd, 4317936.843, 87
Trd, 4317937.793, 86
Trd, 4317937.993, 112
Trd, 4317940.393, 113
Trd, 4317940.993, 112
Trd, 4317941.993, 89
Trd, 4317942.943, 79
Trd, 4317945.443, 71
Trd, 4317946.143, 101
Trd, 4317946.643, 104
Trd, 4317947.493, 72
Trd, 4317951.243, 87
Trd, 4317951.893, 104
Trd, 4317952.743, 86
Trd, 4317952.993, 106
Trd, 4317957.093, 94
Trd, 4317958.293, 115
Trd, 4317959.743, 115
Trd, 4317961.343, 114
Trd, 4317961.593, 122
Trd, 4317963.043, 114
Trd, 4317965.693, 111
Trd, 4317965.893, 113
Trd, 4317968.393, 98
Trd, 4317969.943, 113
Trd, 4317970.243, 88
Trd, 4317971.993, 90
Trd, 4317973.393, 100
Trd, 4317973.693, 101
Trd, 4317974.243, 104
Trd, 4317975.393, 87
Trd, 4317976.643, 113
Trd, 4317978.043, 79
Trd, 4317979.293, 97
Trd, 4317980.943, 104
Trd, 4317981.043, 81
Trd, 4317981.393, 94
Trd, 4317983.293, 77
Trd, 4317984.743, 94
Trd, 4317985.943, 111
Trd, 4317986.293, 112
Trd, 4317988.193, 90
Trd, 4317989.393, 100
Trd, 4317990.943, 106
Trd, 4317991.293, 87
Trd, 4317992.443, 87
Trd, 4317995.743, 111
Trd, 4317996.193, 106
Trd, 4317997.243, 109
Trd, 4317997.643, 89
Trd, 4317997.693, 88
Trd, 4318000.643, 114
Trd, 4318000.693, 113
Trd, 4318003.193, 77
Trd, 4318003.393, 121
Trd, 4318004.493, 109
Trd, 4318006.443, 83
Trd, 4318006.793, 81
Trd, 4318010.343, 95
Trd, 4318011.393, 88
Trd, 4318012.543, 92
Trd, 4318013.143, 87
Trd, 4318013.593, 95
Trd, 4318014.243, 78
Trd, 4318017.393, 99
Trd, 4318018.293, 98
Trd, 4318022.893, 103
Trd, 4318023.643, 104
Trd, 4318025.143, 99
Trd, 4318027.443, 114
Trd, 4318028.993, 80
Trd, 4318030.593, 85
Trd, 4318030.793, 104
Trd, 4318030.893, 84
Trd, 4318033.893, 75
Trd, 4318036.343, 95
Trd, 4318039.043, 90
Trd, 4318039.393, 95
Trd, 4318039.593, 78
Trd, 4318041.993, 104
Trd, 4318042.043, 76
Trd, 4318042.643, 111
Trd, 4318042.743, 74
Trd, 4318044.443, 123
Trd, 4318045.343, 82
Trd, 4318047.543, 111
Trd, 4318050.293, 112
Trd, 4318052.043, 91
Trd, 4318052.293, 88
Trd, 4318052.593, 87
Trd, 4318053.793, 87
Trd, 4318053.893, 105
Trd, 4318055.293, 74
Trd, 4318057.193, 103
Trd, 4318059.193, 92
Trd, 4318061.043, 104
Trd, 4318062.493, 86
Trd, 4318063.743, 86
Trd, 4318064.093, 95
Trd, 4318065.993, 95
Trd, 4318066.093, 117
Trd, 4318066.193, 88
Trd, 4318069.943, 104
Trd, 4318070.193, 113
Trd, 4318071.043, 113
Trd, 4318073.843, 98
Trd, 4318074.043, 100
Trd, 4318074.193, 86
Trd, 4318076.943, 115
Trd, 4318079.193, 88
Trd, 4318079.443, 95
Trd, 4318079.693, 82
Trd, 4318080.493, 83
Trd, 4318081.343, 104
Trd, 4318082.193, 109
Trd, 4318083.143, 90
Trd, 4318084.443, 78
Trd, 4318084.743, 77
Trd, 4318086.543, 85
Trd, 4318089.493, 110
Trd, 4318089.643, 103
Trd, 4318093.393, 96
Trd, 4318093.443, 98
Trd, 4318093.743, 104
Trd, 4318095.093, 96
Trd, 4318096.093, 115
Trd, 4318096.243, 113
Trd, 4318097.543, 98
Trd, 4318098.893, 109
Trd, 4318099.643, 87
Trd, 4318100.693, 112
Trd, 4318102.043, 75
Trd, 4318103.443, 95
Trd, 4318103.543, 104
Trd, 4318103.793, 80
Trd, 4318104.243, 83
Trd, 4318105.393, 76
Trd, 4318107.643, 109
Trd, 4318110.093, 81
Trd, 4318111.193, 89
Trd, 4318111.243, 102
Trd, 4318113.693, 87
Trd, 4318113.743, 104
Trd, 4318113.793, 85
Trd, 4318115.743, 81
Trd, 4318116.693, 79
Trd, 4318117.393, 95
Trd, 4318118.393, 86
Trd, 4318120.343, 93
Trd, 4318121.393, 112
Trd, 4318123.493, 72
Trd, 4318124.143, 113
Trd, 4318124.293, 112
Trd, 4318124.893, 117
Trd, 4318125.493, 77
Trd, 4318128.093, 113
Trd, 4318128.243, 104
Trd, 4318129.393, 110
Trd, 4318129.843, 86
Trd, 4318130.093, 114
Trd, 4318132.743, 69
Trd, 4318133.393, 89
Trd, 4318133.893, 114
Trd, 4318136.693, 79
Trd, 4318137.493, 113
Trd, 4318138.593, 84
Trd, 4318142.193, 104
Trd, 4318143.143, 110
Trd, 4318143.843, 94
Trd, 4318144.193, 113
Trd, 4318146.193, 91
Trd, 4318147.943, 101
Trd, 4318148.343, 104
Trd, 4318149.693, 91
Trd, 4318150.393, 98
Trd, 4318150.593, 86
Trd, 4318151.793, 98
Trd, 4318154.693, 86
Trd, 4318154.893, 104
Trd, 4318157.793, 92
Trd, 4318159.943, 112
Trd, 4318160.293, 87
Trd, 4318161.743, 75
Trd, 4318162.743, 77
Trd, 4318163.143, 70
Trd, 4318164.143, 95
Trd, 4318165.743, 69
Trd, 4318167.593, 71
Trd, 4318169.693, 74
Trd, 4318171.093, 87
Trd, 4318172.093, 101
Trd, 4318173.543, 79
Trd, 4318174.393, 99
Trd, 4318175.893, 94
Trd, 4318176.393, 101
Trd, 4318177.043, 95
Trd, 4318179.293, 80
Trd, 4318179.593, 104
Trd, 4318180.293, 105
Trd, 4318181.793, 83
Trd, 4318183.043, 96
Trd, 4318184.243, 87
Trd, 4318184.643, 104
Trd, 4318185.193, 86
Trd, 4318185.293, 116
Trd, 4318186.193, 113
Trd, 4318187.343, 120
Trd, 4318188.443, 105
Trd, 4318190.143, 82
Trd, 4318194.743, 97
Trd, 4318195.243, 94
Trd, 4318196.093, 102
Trd, 4318196.143, 85
Trd, 4318197.243, 109
Trd, 4318198.043, 86
Trd, 4318199.343, 88
Trd, 4318200.393, 87
Trd, 4318200.593, 109
Trd, 4318202.593, 94
Trd, 4318203.543, 109
Trd, 4318204.443, 109
Trd, 4318204.993, 87
Trd, 4318205.393, 83
Trd, 4318207.443, 115
Trd, 4318207.493, 113
Trd, 4318207.693, 104
Trd, 4318207.943, 86
Trd, 4318208.793, 124
Trd, 4318211.143, 102
Trd, 4318213.643, 112
Trd, 4318214.493, 111
Trd, 4318214.743, 111
Trd, 4318214.993, 104
Trd, 4318218.743, 109
Trd, 4318219.843, 85
Trd, 4318220.293, 100
Trd, 4318220.993, 84
Trd, 4318222.743, 114
Trd, 4318225.643, 110
Trd, 4318225.743, 116
Trd, 4318225.843, 90
Trd, 4318226.243, 90
Trd, 4318226.943, 87
Trd, 4318228.193, 87
Trd, 4318228.843, 86
Trd, 4318230.293, 110
Trd, 4318230.943, 87
Trd, 4318231.293, 75
Trd, 4318232.093, 77
Trd, 4318234.593, 71
Trd, 4318236.493, 100
Trd, 4318236.893, 101
Trd, 4318237.593, 104
Trd, 4318239.543, 77
Trd, 4318240.993, 91
Trd, 4318242.343, 113
Trd, 4318243.193, 91
Trd, 4318243.393, 90
Trd, 4318244.493, 86
Trd, 4318246.293, 128
Trd, 4318246.443, 123
Trd, 4318249.293, 78
Trd, 4318250.493, 83
Trd, 4318251.893, 95
Trd, 4318254.843, 88
Trd, 4318256.593, 89
Trd, 4318257.593, 86
Trd, 4318257.743, 96
Trd, 4318259.793, 104
Trd, 4318260.493, 95
Trd, 4318261.943, 89
Trd, 4318264.043, 83
Trd, 4318264.593, 83
Trd, 4318265.443, 95
Trd, 4318266.893, 84
Trd, 4318266.943, 95
Trd, 4318267.343, 104
Trd, 4318271.193, 84
Trd, 4318271.893, 97
Trd, 4318272.743, 84
Trd, 4318274.243, 108
Trd, 4318274.393, 87
Trd, 4318275.543, 108
Trd, 4318275.943, 89
Trd, 4318276.843, 76
Trd, 4318276.993, 107
Trd, 4318278.693, 88
Trd, 4318280.143, 112
Trd, 4318280.743, 88
Trd, 4318282.493, 87
Trd, 4318282.843, 86
Trd, 4318285.493, 105
Trd, 4318287.393, 112
Trd, 4318287.543, 113
Trd, 4318288.093, 118
Trd, 4318288.893, 100
Trd, 4318289.793, 104
Trd, 4318290.093, 99
Trd, 4318290.793, 120
Trd, 4318291.943, 73
Trd, 4318294.093, 95
Trd, 4318294.293, 79
Trd, 4318294.693, 97
Trd, 4318296.793, 88
Trd, 4318298.043, 92
Trd, 4318299.343, 83
Trd, 4318301.443, 86
Trd, 4318301.693, 100
Trd, 4318302.293, 108
Trd, 4318302.343, 86
Trd, 4318302.493, 112
Trd, 4318304.943, 114
Trd, 4318306.293, 113
Trd, 4318307.043, 90
Trd, 4318307.293, 87
Trd, 4318307.843, 78
Trd, 4318309.743, 95
Trd, 4318311.293, 98
Trd, 4318313.093, 89
Trd, 4318313.593, 90
Trd, 4318314.143, 104
Trd, 4318316.293, 90
Trd, 4318317.993, 104
Trd, 4318319.343, 113
Trd, 4318319.493, 86
Trd, 4318320.693, 102
Trd, 4318321.443, 90
Trd, 4318323.243, 80
Trd, 4318323.943, 108
Trd, 4318324.443, 77
Trd, 4318326.243, 89
Trd, 4318327.793, 68
Trd, 4318330.743, 114
Trd, 4318331.043, 107
Trd, 4318331.943, 111
Trd, 4318333.043, 94
Trd, 4318333.393, 94
Trd, 4318333.693, 76
Trd, 4318334.843, 109
Trd, 4318337.793, 83
Trd, 4318339.343, 89
Trd, 4318340.243, 95
Trd, 4318340.443, 74
Trd, 4318342.443, 104
Trd, 4318343.043, 77
Trd, 4318345.393, 75
Trd, 4318346.343, 94
Trd, 4318347.143, 104
Trd, 4318347.293, 111
Trd, 4318348.493, 117
Trd, 4318349.393, 104
Trd, 4318349.643, 119
Trd, 4318351.593, 114
Trd, 4318351.943, 111
Trd, 4318355.893, 103
Trd, 4318357.093, 113
Trd, 4318357.143, 106
Trd, 4318357.543, 105
Trd, 4318358.443, 104
Trd, 4318361.493, 83
Trd, 4318362.943, 81
Trd, 4318364.193, 80
Trd, 4318364.293, 75
Trd, 4318366.393, 103
Trd, 4318366.643, 96
Trd, 4318369.993, 104
Trd, 4318370.343, 109
Trd, 4318370.443, 120
Trd, 4318372.293, 89
Trd, 4318373.093, 86
Trd, 4318374.893, 113
Trd, 4318376.243, 98
Trd, 4318376.643, 82
Trd, 4318378.293, 95
Trd, 4318379.343, 95
Trd, 4318379.393, 89
Trd, 4318381.793, 98
Trd, 4318383.443, 76
Trd, 4318383.643, 81
Trd, 4318387.093, 83
Trd, 4318387.293, 104
Trd, 4318388.593, 83
Trd, 4318388.893, 81
Trd, 4318389.193, 109
Trd, 4318391.493, 99
Trd, 4318392.593, 88
Trd, 4318394.893, 103
Trd, 4318395.243, 88
Trd, 4318397.493, 89
Trd, 4318398.143, 86
Trd, 4318399.093, 103
Trd, 4318399.643, 102
Trd, 4318401.743, 102
Trd, 4318403.093, 120
Trd, 4318403.493, 98
Trd, 4318404.693, 95
Trd, 4318405.943, 92
Trd, 4318406.293, 86
Trd, 4318406.943, 104
Trd, 4318410.643, 116
Trd, 4318411.893, 111
Trd, 4318412.443, 104
Trd, 4318412.993, 117
Trd, 4318414.243, 73
Trd, 4318417.043, 77
Trd, 4318419.793, 82
Trd, 4318420.043, 95
Trd, 4318420.743, 79
Trd, 4318422.593, 89
Trd, 4318423.693, 86
Trd, 4318425.193, 95
Trd, 4318425.643, 89
Trd, 4318427.193, 89
Trd, 4318427.493, 86
Trd, 4318428.793, 102
Trd, 4318431.243, 100
Trd, 4318431.843, 83
Trd, 4318432.443, 102
Trd, 4318433.993, 82
Trd, 4318434.993, 104
Trd, 4318436.143, 82
Trd, 4318437.593, 113
Trd, 4318438.543, 97
Trd, 4318439.593, 86
Trd, 4318442.193, 86
Trd, 4318442.643, 95
Trd, 4318444.493, 73
Trd, 4318446.743, 76
Trd, 4318450.893, 86
Trd, 4318451.243, 100
Trd, 4318452.243, 104
Trd, 4318452.493, 85
Trd, 4318454.093, 110
Trd, 4318454.793, 99
Trd, 4318456.743, 88
Trd, 4318457.443, 113
Trd, 4318457.893, 78
Trd, 4318458.893, 113
Trd, 4318461.993, 94
Trd, 4318462.043, 93
Trd, 4318462.143, 107
Trd, 4318462.693, 107
Trd, 4318463.543, 110
Trd, 4318465.543, 94
Trd, 4318465.793, 86
Trd, 4318466.543, 77
Trd, 4318469.843, 114
Trd, 4318469.993, 87
Trd, 4318472.993, 113
Trd, 4318473.443, 104
Trd, 4318475.143, 90
Trd, 4318475.943, 95
Trd, 4318476.393, 88
Trd, 4318477.743, 86
Trd, 4318479.193, 125
Trd, 4318481.243, 112
Trd, 4318481.693, 100
Trd, 4318482.793, 112
Trd, 4318484.993, 111
Trd, 4318487.493, 95
Trd, 4318487.643, 90
Trd, 4318489.443, 113
Trd, 4318492.493, 93
Trd, 4318492.893, 91
Trd, 4318493.793, 113
Trd, 4318494.443, 113
Trd, 4318495.243, 118
Trd, 4318495.343, 115
Trd, 4318495.593, 119
Trd, 4318495.893, 86
Trd, 4318498.293, 83
Trd, 4318499.043, 81
Trd, 4318500.893, 120
Trd, 4318501.143, 113
Trd, 4318503.143, 86
Trd, 4318506.043, 83
Trd, 4318506.493, 125
Trd, 4318507.693, 118
Trd, 4318510.043, 113
Trd, 4318510.943, 109
Trd, 4318511.943, 107
Trd, 4318513.543, 111
Trd, 4318514.743, 75
Trd, 4318515.043, 74
Trd, 4318515.193, 94
Trd, 4318516.843, 129
Trd, 4318518.043, 101
Trd, 4318519.943, 110
Trd, 4318521.743, 86
Trd, 4318522.793, 89
Trd, 4318523.043, 114
Trd, 4318524.493, 87
Trd, 4318524.993, 74
Trd, 4318525.243, 95
Trd, 4318528.643, 92
Trd, 4318528.843, 77
Trd, 4318533.243, 95
Trd, 4318535.693, 89
Trd, 4318536.043, 95
Trd, 4318538.193, 104
Trd, 4318538.393, 103
Trd, 4318539.243, 92
Trd, 4318539.643, 105
Trd, 4318539.793, 86
Trd, 4318542.443, 110
Trd, 4318544.893, 94
Trd, 4318546.093, 108
Trd, 4318546.193, 109
Trd, 4318547.293, 113
Trd, 4318547.693, 87
Trd, 4318548.893, 86
Trd, 4318549.643, 112
Trd, 4318552.293, 85
Trd, 4318554.443, 110
Trd, 4318556.093, 106
Trd, 4318556.493, 104
Trd, 4318557.143, 104
Trd, 4318557.643, 90
Trd, 4318561.193, 104
Trd, 4318561.393, 88
Trd, 4318562.893, 104
Trd, 4318563.643, 105
Trd, 4318564.193, 87
Trd, 4318568.443, 104
Trd, 4318570.393, 99
Trd, 4318571.693, 97
Trd, 4318572.293, 100
Trd, 4318573.393, 89
Trd, 4318575.843, 90
Trd, 4318576.593, 89
Trd, 4318576.793, 112
Trd, 4318577.193, 87
Trd, 4318578.243, 95
Trd, 4318579.393, 112
Trd, 4318582.043, 73
Trd, 4318583.193, 98
Trd, 4318584.243, 76
Trd, 4318585.893, 81
Trd, 4318586.893, 105
Trd, 4318588.343, 104
Trd, 4318588.793, 89
Trd, 4318592.443, 89
Trd, 4318592.793, 91
Trd, 4318592.843, 108
Trd, 4318593.893, 111
Trd, 4318594.043, 104
Trd, 4318595.193, 78
Trd, 4318595.243, 79
Trd, 4318597.593, 112
Trd, 4318598.243, 112
Trd, 4318600.193, 108
Trd, 4318601.043, 110
Trd, 4318602.143, 78
Trd, 4318602.193, 116
Trd, 4318604.543, 80
Trd, 4318604.643, 86
Trd, 4318606.343, 95
Trd, 4318607.193, 77
Trd, 4318608.843, 76
Trd, 4318610.893, 72
Trd, 4318612.443, 71
Trd, 4318612.843, 93
Trd, 4318613.243, 73
Trd, 4318616.893, 79
Trd, 4318617.693, 82
Trd, 4318617.893, 95
Trd, 4318618.643, 104
Trd, 4318619.093, 83
Trd, 4318619.293, 112
Trd, 4318622.743, 84
Trd, 4318622.893, 79
Trd, 4318625.843, 104
Trd, 4318626.243, 94
Trd, 4318627.093, 103
Trd, 4318627.643, 91
Trd, 4318629.343, 115
Trd, 4318629.443, 113
Trd, 4318630.643, 112
Trd, 4318631.493, 122
Trd, 4318632.343, 99
Trd, 4318633.093, 113
Trd, 4318634.693, 112
Trd, 4318636.893, 77
Trd, 4318638.593, 93
Trd, 4318639.543, 89
Trd, 4318640.393, 86
Trd, 4318640.693, 74
Trd, 4318642.793, 71
Trd, 4318643.243, 101
Trd, 4318643.843, 104
Trd, 4318647.093, 89
Trd, 4318647.493, 87
Trd, 4318649.543, 108
Trd, 4318650.793, 113
Trd, 4318652.893, 111
Trd, 4318654.243, 88
Trd, 4318654.643, 88
Trd, 4318655.343, 121
Trd, 4318657.093, 106
Trd, 4318658.643, 112
Trd, 4318659.093, 104
Trd, 4318659.693, 110
Trd, 4318662.343, 83
Trd, 4318663.543, 85
Trd, 4318664.043, 104
Trd, 4318665.993, 115
Trd, 4318666.693, 106
Trd, 4318667.193, 86
Trd, 4318669.043, 95
Trd, 4318669.743, 79
Trd, 4318670.293, 74
Trd, 4318670.443, 104
Trd, 4318673.393, 90
Trd, 4318674.543, 91
Trd, 4318676.593, 95
Trd, 4318676.843, 104
Trd, 4318679.693, 89
Trd, 4318680.343, 81
Trd, 4318680.393, 78
Trd, 4318681.693, 109
Trd, 4318682.393, 78
Trd, 4318682.893, 83
Trd, 4318683.943, 111
Trd, 4318685.743, 113
Trd, 4318686.393, 78
Trd, 4318688.293, 93
Trd, 4318690.093, 96
Trd, 4318691.443, 86
Trd, 4318692.643, 83
Trd, 4318693.493, 96
Trd, 4318694.843, 111
Trd, 4318696.093, 74
Trd, 4318698.493, 79
Trd, 4318699.993, 92
Trd, 4318700.743, 100
Trd, 4318701.693, 101
Trd, 4318703.643, 114
Trd, 4318703.693, 116
Trd, 4318704.143, 112
Trd, 4318706.643, 96
Trd, 4318707.393, 84
Trd, 4318708.793, 115
Trd, 4318709.593, 114
Trd, 4318711.343, 112
Trd, 4318712.643, 104
Trd, 4318712.793, 86
Trd, 4318713.243, 86
Trd, 4318714.243, 107
Trd, 4318718.093, 113
Trd, 4318719.893, 104
Trd, 4318720.593, 113
Trd, 4318720.743, 113
Trd, 4318722.843, 111
Trd, 4318724.843, 88
Trd, 4318724.893, 115
Trd, 4318727.643, 93
Trd, 4318728.193, 92
Trd, 4318728.343, 75
Trd, 4318728.443, 118
Trd, 4318729.743, 113
Trd, 4318731.393, 95
Trd, 4318732.143, 115
Trd, 4318732.393, 113
Trd, 4318734.093, 86
Trd, 4318735.893, 111
Trd, 4318736.443, 111
Trd, 4318741.093, 110
Trd, 4318741.143, 111
Trd, 4318741.443, 100
Trd, 4318741.943, 99
Trd, 4318742.643, 99
Trd, 4318745.693, 110
Trd, 4318748.093, 108
Trd, 4318751.243, 100
Trd, 4318752.093, 111
Trd, 4318752.243, 93
Trd, 4318752.693, 113
Trd, 4318754.743, 94
Trd, 4318756.093, 94
Trd, 4318756.543, 84
Trd, 4318757.593, 113
Trd, 4318759.743, 110
Trd, 4318760.443, 83
Trd, 4318763.793, 99
Trd, 4318763.943, 106
Trd, 4318764.093, 93
Trd, 4318764.693, 114
Trd, 4318765.343, 116
Trd, 4318765.593, 113
Trd, 4318767.893, 119
Trd, 4318768.943, 104
Trd, 4318770.393, 112
Trd, 4318770.443, 86
Trd, 4318772.793, 88
Trd, 4318773.193, 81
Trd, 4318773.443, 95
Trd, 4318775.193, 124
Trd, 4318777.643, 120
Trd, 4318778.143, 110
Trd, 4318778.243, 104
Trd, 4318780.843, 87
Trd, 4318781.143, 86
Trd, 4318781.693, 122
Trd, 4318782.043, 103
Trd, 4318782.843, 81
Trd, 4318784.743, 112
Trd, 4318787.143, 112
Trd, 4318787.243, 100
Trd, 4318787.493, 86
Trd, 4318790.393, 95
Trd, 4318791.743, 105
Trd, 4318792.393, 82
Trd, 4318792.543, 82
Trd, 4318792.793, 113
Trd, 4318796.293, 79
Trd, 4318796.843, 112
Trd, 4318798.843, 79
Trd, 4318802.143, 95
Trd, 4318802.993, 113
Trd, 4318804.993, 89
Trd, 4318805.293, 88
Trd, 4318807.543, 110
Trd, 4318808.693, 105
Trd, 4318809.043, 104
Trd, 4318810.843, 102
Trd, 4318811.643, 104
Trd, 4318812.593, 125
Trd, 4318812.743, 112
Trd, 4318813.143, 81
Trd, 4318813.743, 121
Trd, 4318814.743, 89
Trd, 4318816.493, 74
Trd, 4318817.043, 73
Trd, 4318818.243, 73
Trd, 4318818.393, 71
Trd, 4318820.493, 104
Trd, 4318822.893, 87
Trd, 4318825.243, 94
Trd, 4318825.293, 95
Trd, 4318825.893, 104
Trd, 4318826.743, 89
Trd, 4318827.243, 111
Trd, 4318827.893, 87
Trd, 4318829.743, 113
Trd, 4318830.393, 114
Trd, 4318833.093, 100
Trd, 4318833.593, 94
Trd, 4318834.293, 93
Trd, 4318835.393, 93
Trd, 4318835.743, 76
Trd, 4318836.793, 112
Trd, 4318838.843, 109
Trd, 4318841.793, 101
Trd, 4318842.793, 95
Trd, 4318846.193, 103
Trd, 4318848.043, 101
Trd, 4318848.543, 108
Trd, 4318849.543, 101
Trd, 4318853.043, 94
Trd, 4318853.343, 90
Trd, 4318853.793, 76
Trd, 4318854.493, 95
Trd, 4318856.193, 74
Trd, 4318856.593, 75
Trd, 4318857.343, 96
Trd, 4318857.543, 110
Trd, 4318860.443, 79
Trd, 4318861.543, 79
Trd, 4318862.943, 86
Trd, 4318863.043, 95
Trd, 4318863.543, 80
Trd, 4318864.043, 113
Trd, 4318864.643, 78
Trd, 4318866.143, 86
Trd, 4318867.493, 101
Trd, 4318868.643, 109
Trd, 4318868.693, 87
Trd, 4318869.543, 87
Trd, 4318873.643, 111
Trd, 4318875.043, 112
Trd, 4318875.243, 86
Trd, 4318876.493, 104
Trd, 4318876.693, 113
Trd, 4318878.493, 104
Trd, 4318878.743, 122
Trd, 4318880.793, 101
Trd, 4318881.343, 111
Trd, 4318881.493, 80
Trd, 4318881.643, 77
Trd, 4318886.393, 111
Trd, 4318886.693, 99
Trd, 4318887.843, 108
Trd, 4318888.293, 119
Trd, 4318888.593, 75
Trd, 4318890.193, 82
Trd, 4318891.143, 94
Trd, 4318893.593, 109
Trd, 4318894.193, 103
Trd, 4318894.743, 111
Trd, 4318896.193, 105
Trd, 4318896.543, 109
Trd, 4318897.493, 119
Trd, 4318898.543, 87
Trd, 4318900.593, 89
Trd, 4318901.343, 105
Trd, 4318902.443, 107
Trd, 4318903.693, 102
Trd, 4318904.343, 79
Trd, 4318907.493, 70
Trd, 4318908.543, 95
Trd, 4318908.993, 104
Trd, 4318909.143, 93
Trd, 4318911.693, 122
Trd, 4318912.443, 119
Trd, 4318914.343, 113
Trd, 4318914.393, 104
Trd, 4318914.493, 87
Trd, 4318915.093, 91
Trd, 4318915.693, 86
Trd, 4318917.043, 114
Trd, 4318918.443, 120
Trd, 4318918.543, 113
Trd, 4318919.093, 104
Trd, 4318919.993, 112
Trd, 4318921.093, 97
Trd, 4318922.793, 84
Trd, 4318924.593, 97
Trd, 4318926.043, 83
Trd, 4318928.243, 89
Trd, 4318929.293, 80
Trd, 4318929.743, 101
Trd, 4318932.393, 91
Trd, 4318932.943, 95
Trd, 4318933.343, 88
Trd, 4318933.993, 87
Trd, 4318935.893, 119
Trd, 4318936.093, 123
Trd, 4318938.593, 104
Trd, 4318938.643, 91
Trd, 4318939.593, 90
Trd, 4318940.143, 86
Trd, 4318941.043, 83
Trd, 4318942.193, 103
Trd, 4318943.993, 80
Trd, 4318945.993, 107
Trd, 4318947.243, 106
Trd, 4318947.943, 113
Trd, 4318948.243, 99
Trd, 4318948.493, 86
Trd, 4318950.943, 97
Trd, 4318951.143, 97
Trd, 4318955.543, 95
Trd, 4318956.043, 88
Trd, 4318956.993, 104
Trd, 4318957.593, 88
Trd, 4318959.743, 106
Trd, 4318960.193, 104
Trd, 4318960.393, 112
Trd, 4318961.493, 105
Trd, 4318964.043, 111
Trd, 4318965.743, 89
Trd, 4318966.243, 86
Trd, 4318966.943, 117
Trd, 4318969.143, 82
Trd, 4318969.993, 107
Trd, 4318971.243, 86
Trd, 4318971.493, 83
Trd, 4318972.743, 104
Trd, 4318973.893, 104
Trd, 4318975.943, 114
Trd, 4318975.993, 113
Trd, 4318976.793, 122
Trd, 4318978.993, 94
Trd, 4318979.843, 82
Trd, 4318981.843, 92
Trd, 4318982.643, 87
Trd, 4318986.043, 89
Trd, 4318986.293, 100
Trd, 4318987.093, 87
Trd, 4318987.893, 86
Trd, 4318988.893, 109
Trd, 4318992.293, 81
Trd, 4318993.543, 95
Trd, 4318994.993, 104
Trd, 4318996.043, 85
Trd, 4318998.793, 114
Trd, 4318999.043, 113
Trd, 4319001.443, 104
Trd, 4319003.743, 87
Trd, 4319004.193, 86
Trd, 4319005.043, 95
Trd, 4319008.243, 85
Trd, 4319009.093, 96
Trd, 4319009.443, 103
Trd, 4319010.243, 87
Trd, 4319012.393, 87
Trd, 4319012.993, 101
Trd, 4319013.593, 72
Trd, 4319016.193, 87
Trd, 4319016.593, 89
Trd, 4319020.943, 102
Trd, 4319021.193, 95
Trd, 4319021.943, 104
Trd, 4319023.093, 111
Trd, 4319023.293, 110
Trd, 4319023.943, 97
Trd, 4319026.093, 96
Trd, 4319027.993, 96
Trd, 4319028.143, 86
Trd, 4319028.643, 106
Trd, 4319030.243, 105
Trd, 4319033.043, 89
Trd, 4319034.743, 96
Trd, 4319034.943, 92
Trd, 4319035.093, 103
Trd, 4319035.343, 105
Trd, 4319039.243, 104
Trd, 4319039.393, 112
Trd, 4319041.693, 111
Trd, 4319041.793, 104
Trd, 4319043.243, 112
Trd, 4319043.993, 96
Trd, 4319045.193, 105
Trd, 4319046.843, 88
Trd, 4319047.343, 98
Trd, 4319048.843, 106
Trd, 4319049.343, 104
Trd, 4319049.443, 108
Trd, 4319052.593, 87
Trd, 4319052.743, 86
Trd, 4319052.893, 102
Trd, 4319053.493, 104
Trd, 4319056.543, 88
Trd, 4319058.193, 96
Trd, 4319058.843, 84
Trd, 4319059.543, 81
Trd, 4319062.043, 83
Trd, 4319064.043, 87
Trd, 4319064.243, 108
Trd, 4319066.143, 86
Trd, 4319067.643, 94
Trd, 4319070.443, 104
Trd, 4319070.593, 92
Trd, 4319071.943, 113
Trd, 4319072.793, 112
Trd, 4319074.393, 93
Trd, 4319075.343, 113
Trd, 4319077.043, 97
Trd, 4319077.393, 87
Trd, 4319078.093, 104
Trd, 4319078.443, 86
Trd, 4319080.443, 77
Trd, 4319081.993, 85
Trd, 4319082.893, 104
Trd, 4319084.293, 117
Trd, 4319085.443, 86
Trd, 4319085.693, 89
Trd, 4319086.143, 95
Trd, 4319087.443, 113
Trd, 4319088.793, 82
Trd, 4319090.293, 107
Trd, 4319092.093, 96
Trd, 4319092.193, 97
Trd, 4319094.793, 91
Trd, 4319095.243, 87
Trd, 4319096.543, 81
Trd, 4319098.543, 95
Trd, 4319099.943, 104
Trd, 4319101.993, 86
Trd, 4319103.643, 87
Trd, 4319104.343, 86
Trd, 4319104.793, 74
Trd, 4319108.743, 94
Trd, 4319109.243, 88
Trd, 4319110.743, 107
Trd, 4319112.543, 91
Trd, 4319112.893, 91
Trd, 4319112.943, 112
Trd, 4319113.693, 86
Trd, 4319114.093, 75
Trd, 4319117.293, 90
Trd, 4319117.393, 106
Trd, 4319118.743, 90
Trd, 4319119.343, 91
Trd, 4319119.943, 115
Trd, 4319120.193, 113
Trd, 4319120.593, 122
Trd, 4319122.993, 113
Trd, 4319124.443, 119
Trd, 4319125.893, 105
Trd, 4319126.443, 104
Trd, 4319126.893, 103
Trd, 4319129.393, 88
Trd, 4319130.093, 104
Trd, 4319130.543, 92
Trd, 4319132.993, 83
Trd, 4319134.043, 113
Trd, 4319134.543, 104
Trd, 4319136.143, 112
Trd, 4319138.293, 101
Trd, 4319139.543, 87
Trd, 4319140.243, 78
Trd, 4319142.143, 95
Trd, 4319143.543, 91
Trd, 4319143.943, 95
Trd, 4319145.243, 93
Trd, 4319145.443, 90
Trd, 4319147.993, 87
Trd, 4319149.143, 103
Trd, 4319150.043, 98
Trd, 4319150.593, 104
Trd, 4319150.943, 86
Trd, 4319152.393, 95
Trd, 4319155.893, 95
Trd, 4319157.143, 104
Trd, 4319158.293, 91
Trd, 4319159.893, 91
Trd, 4319160.743, 110
Trd, 4319161.043, 75
Trd, 4319163.093, 75
Trd, 4319163.793, 112
Trd, 4319164.993, 110
Trd, 4319166.143, 113
Trd, 4319166.293, 104
Trd, 4319171.293, 95
Trd, 4319171.393, 94
Trd, 4319172.893, 83
Trd, 4319172.993, 73
Trd, 4319174.243, 92
Trd, 4319175.493, 111
Trd, 4319177.093, 103
Trd, 4319179.893, 98
Trd, 4319181.143, 117
Trd, 4319181.743, 103
Trd, 4319183.243, 119
Trd, 4319183.693, 102
Trd, 4319184.093, 101
Trd, 4319184.843, 86
Trd, 4319185.243, 87
Trd, 4319186.293, 113
Trd, 4319187.993, 116
Trd, 4319189.443, 104
Trd, 4319189.993, 107
Trd, 4319190.143, 87
Trd, 4319190.843, 94
Trd, 4319191.543, 87
Trd, 4319192.593, 80
Trd, 4319194.893, 99
Trd, 4319198.093, 91
Trd, 4319200.343, 97
Trd, 4319200.943, 95
Trd, 4319201.593, 98
Trd, 4319202.843, 88
Trd, 4319203.143, 94
Trd, 4319205.793, 104
Trd, 4319206.193, 87
Trd, 4319208.743, 112
Trd, 4319210.693, 99
Trd, 4319210.743, 98
Trd, 4319211.393, 107
Trd, 4319211.543, 86
Trd, 4319213.743, 98
Trd, 4319215.143, 94
Trd, 4319216.043, 78
Trd, 4319217.143, 95
Trd, 4319218.143, 111
Trd, 4319219.793, 95
Trd, 4319220.293, 79
Trd, 4319221.143, 110
Trd, 4319223.843, 115
Trd, 4319224.693, 113
Trd, 4319225.093, 104
Trd, 4319225.893, 107
Trd, 4319226.093, 108
Trd, 4319226.793, 130
Trd, 4319229.393, 77
Trd, 4319231.043, 84
Trd, 4319231.743, 85
Trd, 4319232.093, 78
Trd, 4319233.643, 95
Trd, 4319234.043, 80
Trd, 4319235.093, 101
Trd, 4319239.643, 94
Trd, 4319240.693, 87
Trd, 4319241.643, 89
Trd, 4319242.393, 93
Trd, 4319242.443, 95
Trd, 4319242.643, 104
Trd, 4319246.293, 95
Trd, 4319247.143, 110
Trd, 4319247.543, 94
Trd, 4319248.243, 89
Trd, 4319249.193, 91
Trd, 4319249.843, 90
Trd, 4319254.243, 105
Trd, 4319254.943, 110
Trd, 4319255.343, 112
Trd, 4319255.743, 104
Trd, 4319257.743, 92
Trd, 4319261.193, 103
Trd, 4319261.343, 111
Trd, 4319261.593, 112
Trd, 4319262.943, 97
Trd, 4319263.243, 96
Trd, 4319263.743, 107
Trd, 4319264.593, 113
Trd, 4319264.793, 87
Trd, 4319266.643, 89
Trd, 4319266.793, 86
Trd, 4319267.843, 78
Trd, 4319268.793, 112
Trd, 4319269.493, 112
Trd, 4319271.793, 109
Trd, 4319272.243, 106
Trd, 4319273.093, 104
Trd, 4319275.693, 95
Trd, 4319276.593, 102
Trd, 4319279.243, 108
Trd, 4319279.343, 111
Trd, 4319282.443, 89
Trd, 4319283.543, 105
Trd, 4319284.043, 111
Trd, 4319287.093, 112
Trd, 4319287.343, 115
Trd, 4319288.143, 112
Trd, 4319288.293, 104
Trd, 4319289.093, 96
Trd, 4319289.193, 86
Trd, 4319290.193, 115
Trd, 4319291.643, 104
Trd, 4319292.743, 112
Trd, 4319293.443, 118
Trd, 4319295.393, 114
Trd, 4319295.843, 113
Trd, 4319297.493, 113
Trd, 4319298.993, 113
Trd, 4319301.843, 110
Trd, 4319302.343, 113
Trd, 4319302.793, 110
Trd, 4319303.143, 104
Trd, 4319305.143, 111
Trd, 4319305.443, 98
Trd, 4319305.643, 97
Trd, 4319307.693, 87
Trd, 4319308.793, 87
Trd, 4319309.443, 102
Trd, 4319312.243, 79
Trd, 4319313.993, 93
Trd, 4319315.843, 86
Trd, 4319316.193, 86
Trd, 4319319.493, 113
Trd, 4319320.893, 105
Trd, 4319321.793, 112
Trd, 4319322.993, 104
Trd, 4319323.893, 103
Trd, 4319324.193, 102
Trd, 4319327.943, 98
Trd, 4319328.843, 90
Trd, 4319330.043, 113
Trd, 4319330.443, 103
Trd, 4319332.143, 86
Trd, 4319333.293, 80
Trd, 4319333.593, 95
Trd, 4319333.943, 74
Trd, 4319335.543, 121
Trd, 4319337.093, 112
Trd, 4319337.243, 104
Trd, 4319337.893, 93
Trd, 4319339.743, 91
Trd, 4319340.193, 89
Trd, 4319343.543, 113
Trd, 4319343.643, 86
Trd, 4319344.593, 87
Trd, 4319346.543, 104
Trd, 4319347.143, 112
Trd, 4319349.743, 89
Trd, 4319350.443, 86
Trd, 4319351.793, 79
Trd, 4319352.293, 78
Trd, 4319354.143, 94
Trd, 4319354.443, 81
Trd, 4319354.893, 103
Trd, 4319356.543, 86
Trd, 4319357.393, 86
Trd, 4319358.793, 101
Trd, 4319358.893, 104
Trd, 4319359.393, 105
Trd, 4319362.543, 81
Trd, 4319363.043, 95
Trd, 4319363.393, 102
Trd, 4319365.493, 111
Trd, 4319366.193, 88
Trd, 4319366.443, 113
Trd, 4319368.593, 114
Trd, 4319369.643, 113
Trd, 4319370.343, 86
Trd, 4319371.543, 77
Trd, 4319374.593, 89
Trd, 4319376.493, 91
Trd, 4319377.193, 90
Trd, 4319377.593, 104
Trd, 4319377.743, 91
Trd, 4319378.543, 89
Trd, 4319379.093, 109
Trd, 4319379.693, 96
Trd, 4319380.493, 127
Trd, 4319381.093, 90
Trd, 4319383.443, 88
Trd, 4319386.243, 90
Trd, 4319386.693, 94
Trd, 4319387.893, 96
Trd, 4319389.243, 80
Trd, 4319389.943, 104
Trd, 4319391.143, 119
Trd, 4319392.543, 112
Trd, 4319393.143, 105
Trd, 4319393.993, 87
Trd, 4319394.493, 83
Trd, 4319395.093, 84
Trd, 4319395.793, 100
Trd, 4319398.343, 81
Trd, 4319400.043, 84
Trd, 4319403.043, 100
Trd, 4319403.143, 91
Trd, 4319403.393, 86
Trd, 4319404.493, 104
Trd, 4319406.543, 110
Trd, 4319408.643, 83
Trd, 4319409.093, 92
Trd, 4319409.243, 113
Trd, 4319410.493, 84
Trd, 4319412.543, 91
Trd, 4319412.593, 97
Trd, 4319414.493, 103
Trd, 4319414.693, 103
Trd, 4319415.543, 104
Trd, 4319417.093, 113
Trd, 4319417.343, 112
Trd, 4319418.843, 105
Trd, 4319420.493, 111
Trd, 4319421.693, 87
Trd, 4319421.993, 109
Trd, 4319423.343, 79
Trd, 4319426.493, 75
Trd, 4319428.243, 105
Trd, 4319428.293, 112
Trd, 4319429.893, 113
Trd, 4319431.043, 112
Trd, 4319431.243, 80
Trd, 4319433.093, 106
Trd, 4319434.793, 113
Trd, 4319436.693, 112
Trd, 4319437.843, 88
Trd, 4319438.493, 111
Trd, 4319438.693, 112
Trd, 4319441.093, 88
Trd, 4319441.493, 87
Trd, 4319442.893, 114
Trd, 4319443.893, 113
Trd, 4319444.293, 104
Trd, 4319445.343, 87
Trd, 4319446.393, 117
Trd, 4319446.993, 86
Trd, 4319447.793, 89
Trd, 4319448.743, 113
Trd, 4319449.843, 114
Trd, 4319453.193, 86
Trd, 4319453.393, 113
Trd, 4319455.443, 106
Trd, 4319456.043, 106
Trd, 4319458.193, 89
Trd, 4319459.093, 75
Trd, 4319461.943, 93
Trd, 4319462.943, 95
Trd, 4319463.943, 86
Trd, 4319464.093, 86
Trd, 4319464.393, 108
Trd, 4319465.243, 102
Trd, 4319465.593, 93
Trd, 4319466.493, 74
Trd, 4319467.593, 93
Trd, 4319468.693, 113
Trd, 4319469.993, 86
Trd, 4319472.793, 86
Trd, 4319473.143, 112
Trd, 4319473.743, 76
Trd, 4319474.343, 90
Trd, 4319475.243, 114
Trd, 4319475.743, 78
Trd, 4319477.643, 111
Trd, 4319479.193, 102
Trd, 4319479.293, 84
Trd, 4319481.443, 109
Trd, 4319481.893, 112
Trd, 4319482.593, 95
Trd, 4319484.193, 81
Trd, 4319487.943, 103
Trd, 4319487.993, 89
Trd, 4319489.243, 90
Trd, 4319490.493, 91
Trd, 4319491.143, 103
Trd, 4319491.743, 86
Trd, 4319493.493, 95
Trd, 4319493.543, 97
Trd, 4319498.893, 99
Trd, 4319500.543, 106
Trd, 4319500.743, 100
Trd, 4319500.943, 98
Trd, 4319504.243, 92
Trd, 4319504.393, 91
Trd, 4319506.393, 97
Trd, 4319506.493, 104
Trd, 4319507.593, 97
Trd, 4319509.893, 96
Trd, 4319511.843, 120
Trd, 4319512.093, 96
Trd, 4319514.593, 113
Trd, 4319515.443, 87
Trd, 4319517.893, 113
Trd, 4319518.943, 123
Trd, 4319520.443, 101
Trd, 4319521.343, 112
Trd, 4319525.093, 108
Trd, 4319525.243, 91
Trd, 4319526.793, 109
Trd, 4319527.643, 86
Trd, 4319531.693, 83
Trd, 4319533.193, 86
Trd, 4319533.293, 103
Trd, 4319534.393, 88
Trd, 4319534.843, 88
Trd, 4319535.993, 86
Trd, 4319537.593, 116
Trd, 4319537.793, 114
Trd, 4319538.843, 112
Trd, 4319540.343, 104
Trd, 4319540.743, 96
Trd, 4319545.093, 106
Trd, 4319545.243, 108
Trd, 4319545.293, 82
Trd, 4319546.043, 81
Trd, 4319547.343, 83
Trd, 4319548.693, 108
Trd, 4319549.443, 87
Trd, 4319550.843, 103
Trd, 4319550.993, 87
Trd, 4319551.843, 104
Trd, 4319553.643, 89
Trd, 4319554.493, 89
Trd, 4319555.243, 92
Trd, 4319559.893, 91
Trd, 4319561.493, 92
Trd, 4319561.893, 77
Trd, 4319562.593, 104
Trd, 4319564.193, 77
Trd, 4319566.293, 90
Trd, 4319566.643, 97
Trd, 4319567.643, 75
Trd, 4319567.943, 68
Trd, 4319568.243, 104
Trd, 4319568.493, 112
Trd, 4319570.143, 122
Trd, 4319572.993, 88
Trd, 4319574.093, 90
Trd, 4319575.093, 124
Trd, 4319577.743, 89
Trd, 4319580.543, 89
Trd, 4319581.543, 70
Trd, 4319581.743, 101
Trd, 4319584.993, 94
Trd, 4319585.993, 98
Trd, 4319586.743, 98
Trd, 4319587.693, 98
Trd, 4319587.943, 101
Trd, 4319589.443, 103
Trd, 4319589.843, 90
Trd, 4319590.593, 104
Trd, 4319591.543, 88
Trd, 4319592.143, 95
Trd, 4319594.593, 74
Trd, 4319597.243, 124
Trd, 4319597.493, 114
Trd, 4319597.893, 113
Trd, 4319599.543, 78
Trd, 4319599.643, 77
Trd, 4319600.743, 103
Trd, 4319601.243, 99
Trd, 4319602.343, 103
Trd, 4319604.243, 75
Trd, 4319605.843, 115
Trd, 4319606.243, 113
Trd, 4319607.493, 110
Trd, 4319608.293, 115
Trd, 4319609.543, 104
Trd, 4319611.193, 111
Trd, 4319611.643, 87
Trd, 4319613.493, 80
Trd, 4319614.193, 95
Trd, 4319614.893, 76
Trd, 4319615.843, 102
Trd, 4319617.143, 101
Trd, 4319618.093, 112
Trd, 4319618.693, 115
Trd, 4319619.543, 119
Trd, 4319620.843, 104
Trd, 4319622.093, 115
Trd, 4319622.343, 114
Trd, 4319622.393, 104
Trd, 4319626.143, 113
Trd, 4319626.443, 113
Trd, 4319627.643, 105
Trd, 4319628.693, 115
Trd, 4319628.743, 113
Trd, 4319628.843, 104
Trd, 4319629.993, 74
Trd, 4319631.593, 79
Trd, 4319632.393, 121
Trd, 4319633.343, 114
Trd, 4319633.543, 113
Trd, 4319636.693, 112
Trd, 4319637.043, 106
Trd, 4319637.293, 86
Trd, 4319639.293, 111
Trd, 4319641.493, 93
Trd, 4319641.893, 111
Trd, 4319642.893, 110
Trd, 4319645.643, 115
Trd, 4319646.293, 107
Trd, 4319647.393, 105
Trd, 4319648.093, 104
Trd, 4319649.443, 103
Trd, 4319649.793, 109
Trd, 4319651.993, 111
Trd, 4319653.193, 84
Trd, 4319653.643, 109
Trd, 4319657.543, 89
Trd, 4319657.893, 88
Trd, 4319658.643, 88
Trd, 4319659.593, 88
Trd, 4319660.193, 95
Trd, 4319661.043, 92
Trd, 4319661.343, 88
Trd, 4319664.543, 97
Trd, 4319665.093, 104
Trd, 4319665.393, 80
Trd, 4319668.193, 104
Trd, 4319668.293, 86
Trd, 4319670.393, 86
Trd, 4319672.543, 117
Trd, 4319672.693, 118
Trd, 4319673.193, 114
Trd, 4319674.543, 112
Trd, 4319675.493, 79
Trd, 4319676.643, 108
Trd, 4319678.543, 79
Trd, 4319679.293, 113
Trd, 4319679.393, 115
Trd, 4319680.393, 113
Trd, 4319680.893, 75
Trd, 4319682.143, 84
Trd, 4319682.593, 95
Trd, 4319685.993, 91
Trd, 4319687.693, 95
Trd, 4319689.143, 89
Trd, 4319690.593, 91
Trd, 4319690.943, 86
Trd, 4319692.693, 84
Trd, 4319693.593, 95
Trd, 4319696.493, 104
Trd, 4319696.943, 95
Trd, 4319697.643, 97
Trd, 4319698.843, 105
Trd, 4319700.143, 93
Trd, 4319700.493, 95
Trd, 4319700.643, 86
Trd, 4319703.443, 77
Trd, 4319706.693, 108
Trd, 4319707.393, 99
Trd, 4319707.793, 115
Trd, 4319707.893, 88
Trd, 4319709.493, 76
Trd, 4319711.793, 79
Trd, 4319712.493, 96
Trd, 4319712.943, 104
Trd, 4319715.443, 113
Trd, 4319715.593, 112
Trd, 4319716.643, 111
Trd, 4319718.193, 104
Trd, 4319719.343, 106
Trd, 4319719.443, 87
Trd, 4319720.743, 112
Trd, 4319722.493, 90
Trd, 4319722.593, 117
Trd, 4319722.843, 86
Trd, 4319726.043, 113
Trd, 4319727.543, 104
Trd, 4319728.493, 86
Trd, 4319730.293, 113
Trd, 4319730.593, 91
Trd, 4319731.593, 112
Trd, 4319731.893, 80
Trd, 4319735.943, 85
Trd, 4319735.993, 107
Trd, 4319737.193, 96
Trd, 4319738.693, 111
Trd, 4319740.793, 77
Trd, 4319742.643, 117
Trd, 4319743.193, 109
Trd, 4319743.793, 106
Trd, 4319744.443, 104
Trd, 4319746.593, 80
Trd, 4319747.693, 103
Trd, 4319748.993, 82
Trd, 4319749.143, 97
Trd, 4319750.943, 104
Trd, 4319751.693, 100
Trd, 4319751.943, 101
Trd, 4319754.543, 104
Trd, 4319755.343, 98
Trd, 4319755.943, 87
Trd, 4319758.543, 108
Trd, 4319758.843, 103
Trd, 4319759.643, 102
Trd, 4319760.543, 113
Trd, 4319761.543, 102
Trd, 4319764.793, 90
Trd, 4319765.243, 89
Trd, 4319766.093, 104
Trd, 4319768.643, 114
Trd, 4319768.843, 124
Trd, 4319769.543, 112
Trd, 4319771.593, 111
Trd, 4319773.593, 107
Trd, 4319773.993, 80
Trd, 4319775.143, 89
Trd, 4319776.193, 103
Trd, 4319778.693, 106
Trd, 4319778.943, 90
Trd, 4319780.193, 108
Trd, 4319781.543, 112
Trd, 4319781.643, 117
Trd, 4319782.343, 111
Trd, 4319784.143, 77
Trd, 4319786.243, 114
Trd, 4319786.643, 112
Trd, 4319786.793, 108
Trd, 4319787.993, 91
Trd, 4319790.643, 95
Trd, 4319791.293, 94
Trd, 4319792.093, 104
Trd, 4319792.843, 114
Trd, 4319794.793, 113
Trd, 4319796.443, 104
Trd, 4319796.743, 86
Trd, 4319796.843, 95
Trd, 4319799.093, 82
Trd, 4319799.293, 98
Trd, 4319801.743, 96
Trd, 4319804.393, 93
Trd, 4319806.043, 94
Trd, 4319806.343, 107
Trd, 4319807.193, 108
Trd, 4319807.643, 101
Trd, 4319808.743, 111
Trd, 4319809.293, 87
Trd, 4319812.193, 113
Trd, 4319812.443, 88
Trd, 4319813.843, 113
Trd, 4319817.043, 91
Trd, 4319817.193, 81
Trd, 4319818.343, 112
Trd, 4319818.743, 111
Trd, 4319821.443, 87
Trd, 4319821.943, 86
Trd, 4319823.243, 74
Trd, 4319824.693, 100
Trd, 4319825.443, 88
Trd, 4319826.143, 105
Trd, 4319827.093, 96
Trd, 4319829.743, 79
Trd, 4319831.793, 104
Trd, 4319832.093, 88
Trd, 4319832.393, 112
Trd, 4319832.643, 81
Trd, 4319833.443, 81
Trd, 4319834.843, 93
Trd, 4319837.493, 104
Trd, 4319837.593, 83
Trd, 4319839.093, 102
Trd, 4319840.043, 112
Trd, 4319840.543, 111
Trd, 4319842.743, 91
Trd, 4319842.793, 95
Trd, 4319844.593, 91
Trd, 4319844.893, 86
Trd, 4319845.293, 97
Trd, 4319846.243, 104
Trd, 4319849.493, 104
Trd, 4319851.943, 81
Trd, 4319853.043, 103
Trd, 4319854.143, 83
Trd, 4319854.943, 104
Trd, 4319854.993, 81
Trd, 4319856.993, 88
Trd, 4319859.243, 69
Trd, 4319859.893, 68
Trd, 4319861.443, 126
Trd, 4319861.893, 104
Trd, 4319863.693, 71
Trd, 4319868.593, 93
Trd, 4319869.343, 102
Trd, 4319869.693, 91
Trd, 4319870.493, 101
Trd, 4319872.093, 90
Trd, 4319873.993, 84
Trd, 4319876.443, 80
Trd, 4319876.993, 85
Trd, 4319877.593, 104
Trd, 4319878.543, 113
Trd, 4319878.793, 79
Trd, 4319880.443, 110
Trd, 4319880.943, 76
Trd, 4319883.843, 92
Trd, 4319884.793, 112
Trd, 4319887.493, 97
Trd, 4319889.943, 100
Trd, 4319890.293, 103
Trd, 4319890.893, 98
Trd, 4319892.493, 114
Trd, 4319893.043, 113
Trd, 4319893.893, 98
Trd, 4319895.593, 85
Trd, 4319896.943, 82
Trd, 4319898.943, 104
Trd, 4319899.143, 105
Trd, 4319899.743, 92
Trd, 4319901.593, 91
Trd, 4319903.543, 111
Trd, 4319904.593, 114
Trd, 4319905.843, 91
Trd, 4319907.343, 109
Trd, 4319908.843, 108
Trd, 4319910.143, 97
Trd, 4319911.443, 106
Trd, 4319911.943, 100
Trd, 4319912.443, 94
Trd, 4319914.893, 106
Trd, 4319916.543, 94
Trd, 4319916.593, 92
Trd, 4319919.043, 104
Trd, 4319920.293, 113
Trd, 4319921.043, 88
Trd, 4319922.493, 88
Trd, 4319923.643, 124
Trd, 4319923.943, 112
Trd, 4319926.493, 84
Trd, 4319927.093, 82
Trd, 4319928.043, 97
Trd, 4319928.293, 101
Trd, 4319928.693, 80
Trd, 4319928.993, 75
Trd, 4319930.943, 104
Trd, 4319932.393, 95
Trd, 4319933.293, 95
Trd, 4319934.343, 108
Trd, 4319934.693, 108
Trd, 4319938.143, 88
Trd, 4319938.293, 91
Trd, 4319939.693, 109
Trd, 4319941.693, 108
Trd, 4319942.343, 93
Trd, 4319943.243, 87
Trd, 4319944.243, 95
Trd, 4319947.993, 107
Trd, 4319948.443, 90
Trd, 4319949.443, 104
Trd, 4319950.343, 103
Trd, 4319952.893, 86
Trd, 4319954.543, 95
Trd, 4319955.543, 96
Trd, 4319956.043, 93
Trd, 4319956.193, 113
Trd, 4319957.593, 114
Trd, 4319957.893, 95
Trd, 4319958.443, 75
Trd, 4319958.943, 83
Trd, 4319960.293, 64
Trd, 4319962.993, 86
Trd, 4319965.893, 83
Trd, 4319966.243, 95
Trd, 4319966.893, 99
Trd, 4319969.043, 91
Trd, 4319971.393, 87
Trd, 4319971.793, 86
Trd, 4319973.143, 104
Trd, 4319974.293, 112
Trd, 4319975.843, 71
Trd, 4319976.143, 113
Trd, 4319976.343, 86
Trd, 4319981.343, 79
Trd, 4319981.843, 103
Trd, 4319981.893, 92
Trd, 4319982.693, 86
Trd, 4319983.143, 104
Trd, 4319984.143, 81
Trd, 4319986.543, 121
Trd, 4319987.993, 113
Trd, 4319988.093, 113
Trd, 4319992.043, 96
Trd, 4319992.093, 99
Trd, 4319992.643, 97
Trd, 4319994.493, 100
Trd, 4319995.643, 100
Trd, 4319997.543, 113
Trd, 4319998.393, 116
Trd, 4319999.093, 100
