Trd, 4317768.793, 88
Trd, 4317770.193, 91
Trd, 4317773.343, 94
Trd, 4317775.543, 100
Trd, 4317775.793, 99
Trd, 4317776.143, 104
Trd, 4317778.393, 94
Trd, 4317779.743, 91
Trd, 4317781.193, 104
Trd, 4317785.843, 97
Trd, 4317786.293, 105
Trd, 4317786.843, 105
Trd, 4317787.593, 85
Trd, 4317790.793, 80
Trd, 4317794.143, 97
Trd, 4317795.743, 93
Trd, 4317795.793, 88
Trd, 4317805.843, 98
Trd, 4317809.443, 95
Trd, 4317812.293, 96
Trd, 4317812.993, 86
Trd, 4317814.493, 105
Trd, 4317817.193, 96
Trd, 4317818.043, 94
Trd, 4317818.143, 87
Trd, 4317820.343, 109
Trd, 4317821.093, 100
Trd, 4317822.293, 104
Trd, 4317823.943, 86
Trd, 4317830.143, 100
Trd, 4317835.043, 100
Trd, 4317835.693, 97
Trd, 4317836.343, 97
Trd, 4317839.843, 83
Trd, 4317842.993, 92
Trd, 4317843.493, 96
Trd, 4317844.693, 89
Trd, 4317844.893, 87
Trd, 4317845.843, 104
Trd, 4317848.993, 89
Trd, 4317853.143, 98
Trd, 4317854.943, 99
Trd, 4317855.243, 89
Trd, 4317858.293, 101
Trd, 4317858.743, 86
Trd, 4317860.843, 89
Trd, 4317862.143, 84
Trd, 4317866.843, 94
Trd, 4317870.643, 93
Trd, 4317871.493, 96
Trd, 4317875.743, 98
Trd, 4317875.793, 100
Trd, 4317877.943, 101
Trd, 4317879.393, 96
Trd, 4317880.493, 96
Trd, 4317884.043, 98
Trd, 4317886.243, 97
Trd, 4317888.693, 101
Trd, 4317894.093, 100
Trd, 4317894.343, 104
Trd, 4317895.493, 103
Trd, 4317896.293, 102
Trd, 4317897.593, 94
Trd, 4317901.043, 105
Trd, 4317901.093, 108
Trd, 4317902.093, 106
Trd, 4317906.243, 98
Trd, 4317907.593, 92
Trd, 4317911.343, 94
Trd, 4317912.993, 97
Trd, 4317915.593, 98
Trd, 4317916.893, 87
Trd, 4317918.693, 88
Trd, 4317918.893, 86
Trd, 4317921.293, 102
Trd, 4317923.543, 95
Trd, 4317924.893, 92
Trd, 4317925.093, 91
Trd, 4317927.843, 100
Trd, 4317929.493, 91
Trd, 4317930.093, 91
Trd, 4317931.343, 88
Trd, 4317932.843, 100
Trd, 4317933.143, 99
Trd, 4317936.943, 92
Trd, 4317937.993, 88
Trd, 4317938.643, 97
Trd, 4317938.743, 84
Trd, 4317940.443, 102
Trd, 4317942.743, 93
Trd, 4317944.793, 94
Trd, 4317945.993, 91
Trd, 4317947.693, 106
Trd, 4317950.393, 105
Trd, 4317951.343, 106
Trd, 4317953.793, 87
Trd, 4317953.843, 98
Trd, 4317956.593, 87
Trd, 4317958.943, 98
Trd, 4317959.193, 96
Trd, 4317960.543, 96
Trd, 4317963.143, 95
Trd, 4317965.143, 94
Trd, 4317969.393, 106
Trd, 4317970.193, 101
Trd, 4317971.693, 99
Trd, 4317971.843, 88
Trd, 4317974.843, 105
Trd, 4317975.093, 104
Trd, 4317977.343, 102
Trd, 4317980.493, 101
Trd, 4317983.493, 102
Trd, 4317986.243, 98
Trd, 4317986.343, 95
Trd, 4317988.093, 96
Trd, 4317990.643, 95
Trd, 4317991.693, 92
Trd, 4317994.443, 100
Trd, 4317995.193, 104
Trd, 4317996.893, 100
Trd, 4317997.743, 105
Trd, 4317998.293, 100
Trd, 4317999.393, 98
Trd, 4318001.843, 105
Trd, 4318002.043, 89
Trd, 4318005.943, 88
Trd, 4318008.143, 94
Trd, 4318017.143, 82
Trd, 4318018.193, 86
Trd, 4318021.043, 100
Trd, 4318023.193, 98
Trd, 4318023.743, 106
Trd, 4318024.693, 97
Trd, 4318027.893, 103
Trd, 4318028.093, 93
Trd, 4318030.443, 100
Trd, 4318031.743, 100
Trd, 4318033.993, 99
Trd, 4318035.843, 100
Trd, 4318036.093, 82
Trd, 4318037.393, 77
Trd, 4318038.493, 78
Trd, 4318038.693, 95
Trd, 4318042.793, 103
Trd, 4318044.543, 98
Trd, 4318045.293, 98
Trd, 4318045.743, 93
Trd, 4318047.493, 92
Trd, 4318050.593, 103
Trd, 4318051.493, 103
Trd, 4318052.593, 95
Trd, 4318053.243, 85
Trd, 4318055.243, 104
Trd, 4318055.893, 93
Trd, 4318057.593, 94
Trd, 4318058.043, 99
Trd, 4318062.643, 94
Trd, 4318064.193, 92
Trd, 4318064.243, 92
Trd, 4318064.943, 99
Trd, 4318066.543, 81
Trd, 4318068.043, 103
Trd, 4318071.793, 110
Trd, 4318072.893, 94
Trd, 4318075.543, 96
Trd, 4318076.943, 96
Trd, 4318077.793, 109
Trd, 4318078.593, 97
Trd, 4318081.543, 82
Trd, 4318085.943, 95
Trd, 4318087.443, 100
Trd, 4318090.193, 84
Trd, 4318091.143, 105
Trd, 4318091.793, 99
Trd, 4318093.993, 97
Trd, 4318094.993, 97
Trd, 4318098.093, 92
Trd, 4318098.793, 108
Trd, 4318099.493, 108
Trd, 4318100.143, 90
Trd, 4318101.243, 103
Trd, 4318101.943, 84
Trd, 4318103.243, 103
Trd, 4318108.943, 96
Trd, 4318111.143, 105
Trd, 4318111.193, 107
Trd, 4318111.643, 106
Trd, 4318111.993, 104
Trd, 4318114.243, 99
Trd, 4318118.293, 89
Trd, 4318118.593, 100
Trd, 4318119.343, 91
Trd, 4318122.293, 101
Trd, 4318123.493, 106
Trd, 4318124.593, 105
Trd, 4318124.793, 104
Trd, 4318129.243, 88
Trd, 4318130.543, 85
Trd, 4318131.643, 84
Trd, 4318132.943, 98
Trd, 4318136.843, 98
Trd, 4318143.193, 98
Trd, 4318143.643, 99
Trd, 4318144.993, 96
Trd, 4318145.343, 86
Trd, 4318146.043, 93
Trd, 4318149.593, 98
Trd, 4318150.493, 109
Trd, 4318151.143, 107
Trd, 4318154.593, 94
Trd, 4318157.393, 96
Trd, 4318158.593, 96
Trd, 4318159.293, 95
Trd, 4318159.843, 77
Trd, 4318163.043, 104
Trd, 4318165.443, 107
Trd, 4318166.143, 107
Trd, 4318166.393, 106
Trd, 4318171.643, 105
Trd, 4318172.343, 107
Trd, 4318174.693, 108
Trd, 4318176.143, 86
Trd, 4318181.143, 95
Trd, 4318183.743, 81
Trd, 4318184.193, 94
Trd, 4318186.393, 96
Trd, 4318187.093, 83
Trd, 4318187.443, 82
Trd, 4318190.143, 100
Trd, 4318190.743, 99
Trd, 4318193.893, 100
Trd, 4318195.893, 103
Trd, 4318196.093, 98
Trd, 4318197.293, 104
Trd, 4318198.293, 103
Trd, 4318202.093, 95
Trd, 4318204.443, 92
Trd, 4318205.893, 103
Trd, 4318205.943, 102
Trd, 4318206.193, 90
Trd, 4318206.993, 78
Trd, 4318213.193, 99
Trd, 4318214.943, 101
Trd, 4318215.293, 100
Trd, 4318216.943, 85
Trd, 4318220.143, 86
Trd, 4318220.243, 83
Trd, 4318222.643, 82
Trd, 4318225.243, 98
Trd, 4318226.443, 81
Trd, 4318228.343, 95
Trd, 4318228.793, 92
Trd, 4318231.793, 96
Trd, 4318232.193, 82
Trd, 4318232.643, 83
Trd, 4318235.693, 95
Trd, 4318235.793, 104
Trd, 4318237.943, 108
Trd, 4318238.343, 107
Trd, 4318238.843, 106
Trd, 4318243.543, 89
Trd, 4318244.393, 85
Trd, 4318246.093, 98
Trd, 4318246.993, 106
Trd, 4318248.143, 101
Trd, 4318249.443, 104
Trd, 4318251.093, 91
Trd, 4318256.593, 95
Trd, 4318257.243, 94
Trd, 4318259.293, 84
Trd, 4318261.743, 87
Trd, 4318264.093, 105
Trd, 4318266.393, 104
Trd, 4318267.443, 106
Trd, 4318267.793, 77
Trd, 4318269.643, 86
Trd, 4318270.643, 105
Trd, 4318271.293, 103
Trd, 4318274.393, 87
Trd, 4318276.943, 94
Trd, 4318277.093, 86
Trd, 4318282.443, 95
Trd, 4318282.893, 93
Trd, 4318283.943, 94
Trd, 4318290.193, 104
Trd, 4318290.993, 86
Trd, 4318293.293, 99
Trd, 4318297.543, 105
Trd, 4318299.793, 100
Trd, 4318301.843, 101
Trd, 4318304.343, 102
Trd, 4318306.443, 104
Trd, 4318307.093, 102
Trd, 4318309.343, 90
Trd, 4318311.193, 90
Trd, 4318311.293, 118
Trd, 4318316.893, 105
Trd, 4318317.743, 100
Trd, 4318319.843, 81
Trd, 4318321.043, 95
Trd, 4318322.993, 107
Trd, 4318324.193, 88
Trd, 4318324.893, 104
Trd, 4318329.293, 101
Trd, 4318330.043, 93
Trd, 4318330.793, 86
Trd, 4318333.943, 97
Trd, 4318334.643, 97
Trd, 4318336.543, 109
Trd, 4318337.543, 111
Trd, 4318337.893, 92
Trd, 4318340.693, 101
Trd, 4318343.393, 100
Trd, 4318347.093, 97
Trd, 4318347.893, 88
Trd, 4318351.043, 96
Trd, 4318352.343, 85
Trd, 4318355.743, 97
Trd, 4318356.143, 99
Trd, 4318358.043, 97
Trd, 4318359.543, 92
Trd, 4318362.043, 96
Trd, 4318362.343, 105
Trd, 4318365.043, 99
Trd, 4318368.043, 98
Trd, 4318370.943, 96
Trd, 4318371.043, 95
Trd, 4318371.093, 98
Trd, 4318375.393, 95
Trd, 4318378.043, 95
Trd, 4318378.143, 95
Trd, 4318379.243, 94
Trd, 4318379.293, 97
Trd, 4318381.093, 89
Trd, 4318384.543, 83
Trd, 4318387.393, 101
Trd, 4318388.293, 99
Trd, 4318388.793, 100
Trd, 4318390.843, 95
Trd, 4318391.693, 89
Trd, 4318394.793, 93
Trd, 4318394.893, 95
Trd, 4318395.993, 90
Trd, 4318401.493, 94
Trd, 4318401.893, 104
Trd, 4318403.443, 103
Trd, 4318405.293, 94
Trd, 4318406.743, 94
Trd, 4318407.493, 94
Trd, 4318408.993, 101
Trd, 4318409.093, 98
Trd, 4318409.493, 103
Trd, 4318413.393, 91
Trd, 4318415.493, 96
Trd, 4318416.343, 92
Trd, 4318417.393, 85
Trd, 4318419.093, 81
Trd, 4318422.193, 105
Trd, 4318424.743, 101
Trd, 4318424.793, 100
Trd, 4318425.543, 82
Trd, 4318429.693, 83
Trd, 4318433.793, 93
Trd, 4318436.443, 101
Trd, 4318436.743, 99
Trd, 4318437.343, 99
Trd, 4318437.793, 92
Trd, 4318441.743, 88
Trd, 4318442.093, 99
Trd, 4318446.043, 94
Trd, 4318446.693, 84
Trd, 4318447.443, 88
Trd, 4318451.443, 99
Trd, 4318452.643, 93
Trd, 4318452.993, 97
Trd, 4318454.143, 102
Trd, 4318456.343, 92
Trd, 4318458.693, 102
Trd, 4318462.143, 93
Trd, 4318462.743, 99
Trd, 4318466.543, 97
Trd, 4318466.693, 96
Trd, 4318468.193, 96
Trd, 4318468.593, 100
Trd, 4318469.593, 91
Trd, 4318470.743, 93
Trd, 4318473.243, 105
Trd, 4318474.443, 105
Trd, 4318479.243, 85
Trd, 4318480.393, 97
Trd, 4318484.143, 97
Trd, 4318485.043, 88
Trd, 4318489.793, 102
Trd, 4318491.193, 104
Trd, 4318491.793, 85
Trd, 4318492.093, 104
Trd, 4318493.443, 89
Trd, 4318494.343, 101
Trd, 4318494.593, 102
Trd, 4318498.243, 87
Trd, 4318500.643, 94
Trd, 4318502.043, 101
Trd, 4318504.543, 93
Trd, 4318504.643, 89
Trd, 4318506.543, 102
Trd, 4318508.493, 92
Trd, 4318508.793, 105
Trd, 4318509.443, 99
Trd, 4318513.443, 103
Trd, 4318513.643, 100
Trd, 4318516.143, 101
Trd, 4318516.893, 93
Trd, 4318520.043, 94
Trd, 4318520.943, 94
Trd, 4318524.293, 103
Trd, 4318525.243, 97
Trd, 4318525.293, 85
Trd, 4318530.193, 108
Trd, 4318531.343, 107
Trd, 4318534.443, 104
Trd, 4318535.793, 96
Trd, 4318537.843, 104
Trd, 4318537.893, 103
Trd, 4318540.193, 97
Trd, 4318540.593, 83
Trd, 4318543.243, 95
Trd, 4318543.793, 103
Trd, 4318548.243, 86
Trd, 4318549.543, 86
Trd, 4318554.793, 97
Trd, 4318557.643, 103
Trd, 4318557.793, 99
Trd, 4318557.943, 96
Trd, 4318559.093, 105
Trd, 4318559.643, 104
Trd, 4318560.743, 80
Trd, 4318561.843, 106
Trd, 4318563.193, 79
Trd, 4318563.943, 85
Trd, 4318565.693, 86
Trd, 4318566.643, 105
Trd, 4318570.243, 94
Trd, 4318570.743, 108
Trd, 4318572.593, 96
Trd, 4318575.043, 92
Trd, 4318577.343, 96
Trd, 4318577.543, 100
Trd, 4318578.043, 95
Trd, 4318579.143, 95
Trd, 4318580.343, 99
Trd, 4318582.243, 99
Trd, 4318585.343, 102
Trd, 4318587.643, 104
Trd, 4318587.793, 85
Trd, 4318589.593, 90
Trd, 4318593.243, 92
Trd, 4318593.793, 93
Trd, 4318597.593, 88
Trd, 4318599.193, 91
Trd, 4318604.243, 98
Trd, 4318605.443, 102
Trd, 4318606.643, 96
Trd, 4318606.743, 93
Trd, 4318609.793, 99
Trd, 4318613.293, 100
Trd, 4318617.693, 88
Trd, 4318619.043, 88
Trd, 4318621.143, 80
Trd, 4318623.543, 89
Trd, 4318623.843, 97
Trd, 4318624.593, 104
Trd, 4318626.293, 92
Trd, 4318630.043, 101
Trd, 4318634.093, 103
Trd, 4318634.643, 99
Trd, 4318634.843, 87
Trd, 4318637.993, 90
Trd, 4318640.143, 100
Trd, 4318640.793, 100
Trd, 4318645.393, 88
Trd, 4318647.493, 92
Trd, 4318647.943, 85
Trd, 4318650.443, 88
Trd, 4318653.743, 86
Trd, 4318653.993, 88
Trd, 4318657.093, 97
Trd, 4318658.743, 104
Trd, 4318658.843, 100
Trd, 4318660.993, 89
Trd, 4318662.643, 92
Trd, 4318664.743, 93
Trd, 4318666.443, 86
Trd, 4318666.693, 77
Trd, 4318668.743, 96
Trd, 4318669.243, 107
Trd, 4318672.293, 95
Trd, 4318674.543, 98
Trd, 4318676.693, 102
Trd, 4318677.343, 92
Trd, 4318678.093, 80
Trd, 4318680.993, 98
Trd, 4318681.793, 93
Trd, 4318682.143, 111
Trd, 4318684.393, 86
Trd, 4318685.743, 90
Trd, 4318688.693, 93
Trd, 4318689.493, 102
Trd, 4318690.393, 107
Trd, 4318695.543, 100
Trd, 4318696.643, 100
Trd, 4318697.093, 82
Trd, 4318699.193, 82
Trd, 4318702.993, 104
Trd, 4318704.093, 101
Trd, 4318707.293, 104
Trd, 4318708.093, 105
Trd, 4318708.943, 80
Trd, 4318710.393, 102
Trd, 4318711.993, 97
Trd, 4318712.243, 96
Trd, 4318713.393, 100
Trd, 4318713.593, 106
Trd, 4318720.043, 94
Trd, 4318720.693, 93
Trd, 4318723.443, 95
Trd, 4318725.743, 92
Trd, 4318726.143, 95
Trd, 4318729.843, 101
Trd, 4318729.943, 77
Trd, 4318730.893, 92
Trd, 4318732.743, 105
Trd, 4318736.193, 94
Trd, 4318736.293, 90
Trd, 4318737.943, 98
Trd, 4318739.393, 101
Trd, 4318739.543, 100
Trd, 4318741.393, 86
Trd, 4318742.643, 113
Trd, 4318744.893, 87
Trd, 4318746.493, 102
Trd, 4318749.743, 104
Trd, 4318754.243, 100
Trd, 4318754.493, 97
Trd, 4318754.793, 84
Trd, 4318757.593, 93
Trd, 4318761.943, 103
Trd, 4318763.543, 92
Trd, 4318768.293, 106
Trd, 4318769.043, 103
Trd, 4318773.743, 103
Trd, 4318775.843, 102
Trd, 4318775.993, 101
Trd, 4318779.843, 87
Trd, 4318781.393, 88
Trd, 4318783.993, 92
Trd, 4318786.243, 93
Trd, 4318786.743, 99
Trd, 4318788.843, 99
Trd, 4318790.343, 93
Trd, 4318790.743, 93
Trd, 4318791.243, 99
Trd, 4318793.293, 94
Trd, 4318795.343, 105
Trd, 4318795.743, 104
Trd, 4318799.893, 103
Trd, 4318800.993, 102
Trd, 4318804.193, 89
Trd, 4318804.843, 100
Trd, 4318806.193, 103
Trd, 4318808.493, 85
Trd, 4318810.593, 102
Trd, 4318811.993, 102
Trd, 4318813.393, 101
Trd, 4318813.893, 100
Trd, 4318814.993, 87
Trd, 4318819.093, 97
Trd, 4318820.243, 103
Trd, 4318820.493, 90
Trd, 4318823.243, 103
Trd, 4318824.443, 84
Trd, 4318825.593, 85
Trd, 4318827.993, 102
Trd, 4318828.943, 104
Trd, 4318831.393, 95
Trd, 4318831.893, 96
Trd, 4318834.343, 99
Trd, 4318836.943, 103
Trd, 4318838.843, 102
Trd, 4318840.393, 65
Trd, 4318846.093, 97
Trd, 4318846.243, 94
Trd, 4318846.893, 91
Trd, 4318849.593, 85
Trd, 4318850.543, 91
Trd, 4318853.893, 108
Trd, 4318854.643, 109
Trd, 4318856.093, 110
Trd, 4318856.393, 109
Trd, 4318856.993, 80
Trd, 4318860.893, 98
Trd, 4318862.493, 91
Trd, 4318863.093, 95
Trd, 4318863.543, 111
Trd, 4318866.793, 98
Trd, 4318869.743, 92
Trd, 4318870.043, 102
Trd, 4318870.543, 87
Trd, 4318872.593, 78
Trd, 4318874.993, 94
Trd, 4318875.643, 82
Trd, 4318877.493, 87
Trd, 4318877.893, 88
Trd, 4318878.593, 86
Trd, 4318882.143, 108
Trd, 4318882.893, 105
Trd, 4318884.593, 102
Trd, 4318884.743, 98
Trd, 4318888.743, 89
Trd, 4318889.593, 99
Trd, 4318890.643, 87
Trd, 4318890.943, 99
Trd, 4318893.593, 102
Trd, 4318897.443, 98
Trd, 4318897.893, 94
Trd, 4318898.943, 97
Trd, 4318900.043, 94
Trd, 4318902.443, 77
Trd, 4318902.993, 100
Trd, 4318903.943, 102
Trd, 4318908.093, 101
Trd, 4318909.493, 99
Trd, 4318911.393, 97
Trd, 4318913.693, 99
Trd, 4318918.743, 93
Trd, 4318919.643, 87
Trd, 4318919.693, 86
Trd, 4318922.043, 86
Trd, 4318924.143, 92
Trd, 4318924.343, 89
Trd, 4318925.543, 84
Trd, 4318926.493, 101
Trd, 4318927.893, 104
Trd, 4318928.343, 91
Trd, 4318931.443, 97
Trd, 4318932.043, 95
Trd, 4318932.793, 95
Trd, 4318937.593, 98
Trd, 4318939.193, 95
Trd, 4318939.593, 96
Trd, 4318940.693, 96
Trd, 4318945.043, 96
Trd, 4318945.443, 90
Trd, 4318945.543, 85
Trd, 4318947.443, 105
Trd, 4318948.493, 94
Trd, 4318952.943, 98
Trd, 4318954.743, 89
Trd, 4318956.143, 93
Trd, 4318958.693, 93
Trd, 4318959.243, 97
Trd, 4318961.643, 92
Trd, 4318962.693, 87
Trd, 4318967.093, 90
Trd, 4318967.943, 105
Trd, 4318969.693, 103
Trd, 4318971.843, 97
Trd, 4318975.043, 104
Trd, 4318975.593, 96
Trd, 4318975.893, 97
Trd, 4318976.643, 105
Trd, 4318980.443, 93
Trd, 4318980.993, 91
Trd, 4318984.143, 103
Trd, 4318985.343, 103
Trd, 4318986.093, 104
Trd, 4318987.793, 104
Trd, 4318988.043, 91
Trd, 4318992.243, 93
Trd, 4318994.943, 89
Trd, 4318996.093, 85
Trd, 4318996.343, 85
Trd, 4318997.193, 85
Trd, 4319000.043, 89
Trd, 4319004.593, 93
Trd, 4319006.993, 105
Trd, 4319007.343, 102
Trd, 4319008.543, 102
Trd, 4319009.743, 93
Trd, 4319011.543, 108
Trd, 4319011.593, 103
Trd, 4319013.393, 85
Trd, 4319016.193, 85
Trd, 4319018.343, 97
Trd, 4319018.593, 95
Trd, 4319020.193, 95
Trd, 4319020.293, 80
Trd, 4319020.493, 96
Trd, 4319022.643, 77
Trd, 4319028.493, 106
Trd, 4319030.143, 104
Trd, 4319031.093, 104
Trd, 4319031.393, 86
Trd, 4319034.343, 99
Trd, 4319035.543, 83
Trd, 4319037.693, 81
Trd, 4319039.893, 83
Trd, 4319041.643, 96
Trd, 4319042.843, 86
Trd, 4319044.343, 87
Trd, 4319047.643, 96
Trd, 4319048.743, 97
Trd, 4319050.393, 105
Trd, 4319051.743, 99
Trd, 4319052.593, 96
Trd, 4319056.693, 103
Trd, 4319056.943, 95
Trd, 4319058.843, 96
Trd, 4319059.943, 95
Trd, 4319061.393, 87
Trd, 4319066.043, 101
Trd, 4319069.543, 111
Trd, 4319070.293, 108
Trd, 4319070.693, 105
Trd, 4319070.993, 92
Trd, 4319071.493, 111
Trd, 4319073.343, 82
Trd, 4319074.443, 104
Trd, 4319077.693, 99
Trd, 4319078.693, 89
Trd, 4319078.743, 86
Trd, 4319084.593, 93
Trd, 4319088.443, 105
Trd, 4319091.343, 99
Trd, 4319092.493, 104
Trd, 4319094.743, 103
Trd, 4319099.043, 96
Trd, 4319099.893, 103
Trd, 4319101.443, 95
Trd, 4319102.843, 96
Trd, 4319106.143, 102
Trd, 4319109.793, 107
Trd, 4319112.343, 87
Trd, 4319115.193, 108
Trd, 4319115.843, 110
Trd, 4319116.743, 106
Trd, 4319116.843, 105
Trd, 4319117.743, 94
Trd, 4319120.443, 104
Trd, 4319122.593, 106
Trd, 4319123.143, 106
Trd, 4319125.393, 101
Trd, 4319129.093, 103
Trd, 4319129.293, 102
Trd, 4319131.743, 102
Trd, 4319132.643, 105
Trd, 4319133.493, 105
Trd, 4319135.093, 91
Trd, 4319136.293, 90
Trd, 4319137.743, 86
Trd, 4319138.443, 93
Trd, 4319139.293, 112
Trd, 4319141.493, 81
Trd, 4319145.393, 100
Trd, 4319147.493, 102
Trd, 4319148.893, 95
Trd, 4319149.393, 103
Trd, 4319149.893, 106
Trd, 4319150.143, 106
Trd, 4319150.493, 79
Trd, 4319154.193, 85
Trd, 4319154.243, 85
Trd, 4319158.393, 101
Trd, 4319158.543, 87
Trd, 4319159.343, 97
Trd, 4319161.093, 104
Trd, 4319164.043, 100
Trd, 4319164.193, 80
Trd, 4319165.193, 103
Trd, 4319170.543, 101
Trd, 4319170.593, 100
Trd, 4319173.443, 90
Trd, 4319178.143, 103
Trd, 4319178.243, 102
Trd, 4319178.543, 99
Trd, 4319183.093, 96
Trd, 4319184.343, 93
Trd, 4319184.843, 91
Trd, 4319187.543, 92
Trd, 4319188.343, 103
Trd, 4319191.143, 85
Trd, 4319194.343, 93
Trd, 4319194.693, 91
Trd, 4319195.643, 101
Trd, 4319197.093, 112
Trd, 4319198.943, 106
Trd, 4319199.193, 99
Trd, 4319200.593, 91
Trd, 4319201.193, 100
Trd, 4319203.143, 101
Trd, 4319204.343, 104
Trd, 4319205.193, 101
Trd, 4319205.893, 85
Trd, 4319207.893, 98
Trd, 4319209.543, 85
Trd, 4319211.643, 89
Trd, 4319212.143, 88
Trd, 4319212.493, 88
Trd, 4319213.343, 88
Trd, 4319216.143, 100
Trd, 4319220.993, 104
Trd, 4319221.843, 94
Trd, 4319222.643, 95
Trd, 4319225.093, 86
Trd, 4319226.443, 85
Trd, 4319228.593, 86
Trd, 4319229.693, 90
Trd, 4319229.793, 87
Trd, 4319231.293, 73
Trd, 4319231.843, 86
Trd, 4319231.893, 89
Trd, 4319232.343, 102
Trd, 4319234.243, 90
Trd, 4319240.443, 101
Trd, 4319240.743, 96
Trd, 4319241.143, 77
Trd, 4319242.893, 95
Trd, 4319244.543, 97
Trd, 4319245.093, 87
Trd, 4319248.543, 86
Trd, 4319250.243, 94
Trd, 4319250.843, 98
Trd, 4319252.843, 94
Trd, 4319255.743, 102
Trd, 4319257.393, 113
Trd, 4319257.593, 112
Trd, 4319258.943, 92
Trd, 4319260.293, 102
Trd, 4319261.443, 90
Trd, 4319262.243, 98
Trd, 4319263.943, 91
Trd, 4319266.693, 98
Trd, 4319267.443, 97
Trd, 4319267.943, 104
Trd, 4319268.943, 97
Trd, 4319273.843, 97
Trd, 4319274.393, 96
Trd, 4319275.893, 106
Trd, 4319277.493, 85
Trd, 4319277.943, 85
Trd, 4319280.843, 106
Trd, 4319282.543, 104
Trd, 4319283.543, 103
Trd, 4319283.943, 86
Trd, 4319286.693, 97
Trd, 4319287.593, 97
Trd, 4319290.043, 97
Trd, 4319291.043, 100
Trd, 4319294.243, 110
Trd, 4319296.193, 87
Trd, 4319302.343, 96
Trd, 4319303.193, 96
Trd, 4319303.793, 101
Trd, 4319308.193, 97
Trd, 4319310.193, 88
Trd, 4319311.293, 86
Trd, 4319314.493, 94
Trd, 4319314.843, 87
Trd, 4319317.693, 94
Trd, 4319318.693, 86
Trd, 4319321.293, 100
Trd, 4319323.293, 105
Trd, 4319324.643, 90
Trd, 4319324.693, 96
Trd, 4319326.293, 93
Trd, 4319327.293, 82
Trd, 4319328.193, 101
Trd, 4319329.243, 92
Trd, 4319331.893, 87
Trd, 4319334.793, 89
Trd, 4319335.693, 79
Trd, 4319336.393, 86
Trd, 4319336.793, 83
Trd, 4319344.493, 105
Trd, 4319345.693, 103
Trd, 4319348.693, 96
Trd, 4319349.943, 86
Trd, 4319352.193, 106
Trd, 4319353.643, 105
Trd, 4319353.743, 110
Trd, 4319357.893, 90
Trd, 4319359.293, 99
Trd, 4319359.643, 88
Trd, 4319360.543, 103
Trd, 4319362.543, 97
Trd, 4319363.843, 99
Trd, 4319364.393, 111
Trd, 4319365.093, 116
Trd, 4319369.143, 98
Trd, 4319370.493, 97
Trd, 4319373.693, 99
Trd, 4319374.143, 87
Trd, 4319378.493, 89
Trd, 4319379.143, 101
Trd, 4319384.393, 97
Trd, 4319385.043, 95
Trd, 4319385.293, 92
Trd, 4319386.793, 91
Trd, 4319387.793, 86
Trd, 4319388.193, 85
Trd, 4319390.943, 86
Trd, 4319392.793, 99
Trd, 4319395.193, 101
Trd, 4319396.093, 89
Trd, 4319397.093, 97
Trd, 4319399.143, 86
Trd, 4319400.743, 93
Trd, 4319402.243, 97
Trd, 4319406.993, 86
Trd, 4319407.093, 103
Trd, 4319408.393, 88
Trd, 4319414.093, 100
Trd, 4319417.493, 98
Trd, 4319419.593, 98
Trd, 4319422.243, 93
Trd, 4319422.793, 100
Trd, 4319424.843, 97
Trd, 4319425.743, 97
Trd, 4319429.243, 98
Trd, 4319429.793, 93
Trd, 4319433.493, 103
Trd, 4319433.993, 102
Trd, 4319437.093, 103
Trd, 4319437.893, 105
Trd, 4319439.093, 102
Trd, 4319440.643, 96
Trd, 4319443.293, 93
Trd, 4319444.193, 98
Trd, 4319447.093, 90
Trd, 4319448.243, 85
Trd, 4319448.943, 92
Trd, 4319450.043, 92
Trd, 4319454.593, 86
Trd, 4319454.943, 93
Trd, 4319456.743, 103
Trd, 4319457.743, 87
Trd, 4319460.193, 95
Trd, 4319461.893, 114
Trd, 4319466.143, 94
Trd, 4319470.493, 98
Trd, 4319471.143, 99
Trd, 4319471.193, 87
Trd, 4319472.543, 90
Trd, 4319473.843, 88
Trd, 4319476.993, 97
Trd, 4319477.093, 96
Trd, 4319480.143, 84
Trd, 4319481.643, 82
Trd, 4319483.243, 98
Trd, 4319484.493, 92
Trd, 4319486.993, 91
Trd, 4319489.143, 95
Trd, 4319490.893, 105
Trd, 4319493.343, 100
Trd, 4319494.843, 101
Trd, 4319495.943, 87
Trd, 4319496.543, 86
Trd, 4319497.293, 80
Trd, 4319501.843, 99
Trd, 4319505.443, 102
Trd, 4319506.393, 99
Trd, 4319506.843, 101
Trd, 4319506.993, 97
Trd, 4319507.643, 95
Trd, 4319508.593, 88
Trd, 4319508.743, 98
Trd, 4319512.543, 88
Trd, 4319514.343, 118
Trd, 4319515.843, 101
Trd, 4319518.893, 89
Trd, 4319521.243, 96
Trd, 4319523.543, 99
Trd, 4319524.043, 84
Trd, 4319525.893, 95
Trd, 4319528.393, 95
Trd, 4319530.043, 96
Trd, 4319530.443, 93
Trd, 4319532.693, 85
Trd, 4319534.093, 85
Trd, 4319535.593, 94
Trd, 4319537.243, 102
Trd, 4319541.543, 99
Trd, 4319542.693, 91
Trd, 4319543.343, 95
Trd, 4319545.593, 95
Trd, 4319547.343, 97
Trd, 4319548.643, 86
Trd, 4319548.943, 102
Trd, 4319550.943, 103
Trd, 4319551.443, 90
Trd, 4319555.893, 101
Trd, 4319556.843, 101
Trd, 4319557.493, 100
Trd, 4319560.443, 91
Trd, 4319560.793, 94
Trd, 4319561.593, 96
Trd, 4319564.893, 96
Trd, 4319566.793, 88
Trd, 4319566.993, 97
Trd, 4319570.293, 97
Trd, 4319571.343, 94
Trd, 4319571.793, 83
Trd, 4319572.393, 102
Trd, 4319572.943, 100
Trd, 4319577.593, 91
Trd, 4319579.343, 92
Trd, 4319580.943, 104
Trd, 4319582.593, 94
Trd, 4319584.943, 94
Trd, 4319587.593, 103
Trd, 4319590.193, 103
Trd, 4319591.393, 96
Trd, 4319593.943, 101
Trd, 4319594.193, 86
Trd, 4319596.843, 98
Trd, 4319598.193, 87
Trd, 4319598.643, 89
Trd, 4319599.243, 90
Trd, 4319601.243, 113
Trd, 4319601.343, 105
Trd, 4319604.443, 108
Trd, 4319605.893, 107
Trd, 4319608.093, 116
Trd, 4319608.993, 97
Trd, 4319611.343, 104
Trd, 4319614.943, 89
Trd, 4319615.543, 89
Trd, 4319618.443, 86
Trd, 4319618.593, 105
Trd, 4319619.243, 92
Trd, 4319622.393, 106
Trd, 4319622.793, 106
Trd, 4319624.943, 83
Trd, 4319625.443, 80
Trd, 4319629.543, 97
Trd, 4319634.793, 103
Trd, 4319635.043, 92
Trd, 4319635.743, 95
Trd, 4319637.293, 101
Trd, 4319639.943, 103
Trd, 4319640.293, 104
Trd, 4319640.443, 83
Trd, 4319641.993, 85
Trd, 4319645.143, 90
Trd, 4319647.993, 105
Trd, 4319649.343, 102
Trd, 4319651.243, 103
Trd, 4319653.793, 103
Trd, 4319655.343, 92
Trd, 4319658.093, 106
Trd, 4319659.493, 86
Trd, 4319659.993, 85
Trd, 4319661.943, 97
Trd, 4319663.093, 111
Trd, 4319663.243, 109
Trd, 4319663.793, 100
Trd, 4319667.593, 88
Trd, 4319669.743, 103
Trd, 4319670.093, 102
Trd, 4319673.793, 89
Trd, 4319676.593, 101
Trd, 4319678.243, 102
Trd, 4319680.243, 84
Trd, 4319680.493, 80
Trd, 4319683.093, 94
Trd, 4319685.043, 103
Trd, 4319685.993, 97
Trd, 4319687.343, 95
Trd, 4319691.343, 92
Trd, 4319691.693, 94
Trd, 4319699.843, 102
Trd, 4319700.793, 101
Trd, 4319702.393, 102
Trd, 4319702.593, 99
Trd, 4319702.643, 87
Trd, 4319704.593, 95
Trd, 4319709.893, 95
Trd, 4319710.793, 96
Trd, 4319711.343, 89
Trd, 4319712.693, 104
Trd, 4319714.393, 96
Trd, 4319714.493, 95
Trd, 4319717.893, 92
Trd, 4319718.943, 93
Trd, 4319720.493, 104
Trd, 4319722.743, 89
Trd, 4319724.293, 90
Trd, 4319724.343, 88
Trd, 4319725.843, 102
Trd, 4319727.193, 96
Trd, 4319729.793, 100
Trd, 4319732.843, 99
Trd, 4319735.643, 101
Trd, 4319736.193, 93
Trd, 4319738.843, 92
Trd, 4319738.993, 89
Trd, 4319740.343, 116
Trd, 4319741.793, 95
Trd, 4319745.693, 99
Trd, 4319746.843, 102
Trd, 4319747.693, 90
Trd, 4319754.893, 91
Trd, 4319755.393, 92
Trd, 4319761.093, 99
Trd, 4319761.993, 100
Trd, 4319762.293, 96
Trd, 4319762.793, 86
Trd, 4319763.143, 104
Trd, 4319766.893, 97
Trd, 4319767.893, 96
Trd, 4319767.993, 95
Trd, 4319772.393, 100
Trd, 4319779.143, 91
Trd, 4319779.243, 93
Trd, 4319779.843, 94
Trd, 4319781.543, 90
Trd, 4319783.643, 101
Trd, 4319785.293, 99
Trd, 4319786.593, 90
Trd, 4319789.043, 90
Trd, 4319792.093, 99
Trd, 4319795.943, 94
Trd, 4319796.443, 97
Trd, 4319797.443, 94
Trd, 4319798.243, 90
Trd, 4319800.443, 105
Trd, 4319800.643, 97
Trd, 4319801.243, 96
Trd, 4319804.393, 86
Trd, 4319806.893, 104
Trd, 4319806.943, 106
Trd, 4319809.193, 98
Trd, 4319809.743, 98
Trd, 4319810.843, 100
Trd, 4319813.543, 84
Trd, 4319818.243, 96
Trd, 4319822.593, 85
Trd, 4319825.243, 105
Trd, 4319826.993, 103
Trd, 4319828.043, 93
Trd, 4319829.543, 94
Trd, 4319831.143, 103
Trd, 4319831.243, 104
Trd, 4319831.643, 90
Trd, 4319833.343, 95
Trd, 4319837.793, 97
Trd, 4319837.993, 96
Trd, 4319839.193, 98
Trd, 4319840.643, 95
Trd, 4319842.043, 91
Trd, 4319843.993, 101
Trd, 4319845.593, 92
Trd, 4319847.743, 96
Trd, 4319848.493, 100
Trd, 4319851.043, 93
Trd, 4319851.993, 95
Trd, 4319853.543, 95
Trd, 4319856.643, 101
Trd, 4319856.793, 99
Trd, 4319857.293, 93
Trd, 4319860.593, 97
Trd, 4319861.943, 86
Trd, 4319862.243, 84
Trd, 4319864.293, 98
Trd, 4319865.443, 99
Trd, 4319870.043, 104
Trd, 4319873.543, 90
Trd, 4319873.843, 91
Trd, 4319875.843, 103
Trd, 4319876.393, 89
Trd, 4319876.493, 89
Trd, 4319879.843, 92
Trd, 4319882.443, 94
Trd, 4319883.443, 96
Trd, 4319886.743, 90
Trd, 4319888.243, 95
Trd, 4319888.343, 94
Trd, 4319890.893, 94
Trd, 4319891.693, 95
Trd, 4319893.543, 102
Trd, 4319894.593, 98
Trd, 4319897.143, 96
Trd, 4319897.593, 97
Trd, 4319902.593, 94
Trd, 4319904.893, 93
Trd, 4319907.443, 101
Trd, 4319908.543, 96
Trd, 4319910.593, 88
Trd, 4319910.693, 86
Trd, 4319914.743, 95
Trd, 4319917.243, 96
Trd, 4319917.443, 95
Trd, 4319920.593, 93
Trd, 4319921.543, 91
Trd, 4319922.243, 100
Trd, 4319924.143, 93
Trd, 4319930.643, 98
Trd, 4319934.293, 96
Trd, 4319934.943, 97
Trd, 4319937.093, 102
Trd, 4319937.243, 93
Trd, 4319938.843, 91
Trd, 4319939.993, 86
Trd, 4319941.393, 96
Trd, 4319942.243, 84
Trd, 4319944.093, 92
Trd, 4319944.843, 86
Trd, 4319949.443, 95
Trd, 4319951.693, 88
Trd, 4319951.743, 79
Trd, 4319952.143, 80
Trd, 4319957.893, 91
Trd, 4319958.143, 90
Trd, 4319959.843, 87
Trd, 4319960.843, 97
Trd, 4319963.293, 103
Trd, 4319964.543, 103
Trd, 4319965.293, 95
Trd, 4319966.343, 78
Trd, 4319967.143, 96
Trd, 4319970.393, 108
Trd, 4319972.543, 104
Trd, 4319973.643, 98
Trd, 4319978.893, 92
Trd, 4319980.943, 86
Trd, 4319985.093, 96
Trd, 4319986.243, 102
Trd, 4319986.293, 101
Trd, 4319989.843, 83
Trd, 4319990.343, 89
Trd, 4319995.293, 95
Trd, 4319996.393, 95
Trd, 4319997.293, 103
Trd, 4319998.943, 104
Trd, 4319999.243, 97
