Trd, 4317947.293, 112
Trd, 4317947.843, 104
Trd, 4317948.143, 130
Trd, 4317948.543, 119
Trd, 4317950.693, 100
Trd, 4317950.793, 95
Trd, 4317951.843, 83
Trd, 4317952.143, 77
Trd, 4317952.893, 99
Trd, 4317954.593, 95
Trd, 4317955.443, 104
Trd, 4317957.093, 85
Trd, 4317957.393, 120
Trd, 4317960.293, 93
Trd, 4317960.493, 97
Trd, 4317960.643, 99
Trd, 4317961.093, 92
Trd, 4317962.643, 117
Trd, 4317962.893, 94
Trd, 4317963.893, 113
Trd, 4317964.593, 79
Trd, 4317967.893, 95
Trd, 4317969.143, 101
Trd, 4317971.043, 108
Trd, 4317971.143, 87
Trd, 4317972.543, 90
Trd, 4317973.393, 114
Trd, 4317974.993, 113
Trd, 4317975.493, 104
Trd, 4317977.243, 94
Trd, 4317977.343, 95
Trd, 4317977.943, 86
Trd, 4317978.943, 114
Trd, 4317979.493, 94
Trd, 4317981.093, 128
Trd, 4317981.393, 112
Trd, 4317984.293, 109
Trd, 4317985.293, 108
Trd, 4317986.443, 118
Trd, 4317987.093, 113
Trd, 4317987.693, 104
Trd, 4317988.993, 68
Trd, 4317990.493, 81
Trd, 4317990.693, 86
Trd, 4317991.243, 95
Trd, 4317992.043, 104
Trd, 4317992.093, 84
Trd, 4317994.393, 84
Trd, 4317995.143, 85
Trd, 4317995.243, 104
Trd, 4317996.293, 96
Trd, 4317996.643, 80
Trd, 4317997.093, 118
Trd, 4317998.643, 68
Trd, 4317999.493, 127
Trd, 4318001.843, 98
Trd, 4318002.993, 104
Trd, 4318003.543, 113
Trd, 4318006.343, 104
Trd, 4318007.843, 101
Trd, 4318008.443, 104
Trd, 4318008.543, 107
Trd, 4318008.993, 95
Trd, 4318009.493, 81
Trd, 4318010.093, 132
Trd, 4318011.393, 80
Trd, 4318012.543, 104
Trd, 4318013.093, 125
Trd, 4318013.793, 83
Trd, 4318015.193, 82
Trd, 4318016.893, 97
Trd, 4318016.943, 77
Trd, 4318020.293, 77
Trd, 4318020.443, 76
Trd, 4318020.593, 86
Trd, 4318022.843, 96
Trd, 4318024.293, 78
Trd, 4318025.893, 77
Trd, 4318026.343, 91
Trd, 4318026.793, 104
Trd, 4318029.043, 125
Trd, 4318029.093, 122
Trd, 4318029.793, 113
Trd, 4318031.043, 121
Trd, 4318031.193, 112
Trd, 4318033.743, 105
Trd, 4318034.243, 114
Trd, 4318034.493, 113
Trd, 4318036.193, 128
Trd, 4318036.493, 97
Trd, 4318037.743, 129
Trd, 4318038.193, 96
Trd, 4318040.343, 128
Trd, 4318040.543, 95
Trd, 4318041.193, 77
Trd, 4318041.793, 77
Trd, 4318042.993, 131
Trd, 4318043.543, 111
Trd, 4318043.843, 112
Trd, 4318046.643, 115
Trd, 4318048.943, 114
Trd, 4318049.293, 113
Trd, 4318051.843, 113
Trd, 4318052.693, 113
Trd, 4318052.893, 128
Trd, 4318053.293, 104
Trd, 4318054.793, 130
Trd, 4318056.293, 113
Trd, 4318057.493, 99
Trd, 4318058.093, 104
Trd, 4318059.093, 112
Trd, 4318059.643, 95
Trd, 4318061.843, 89
Trd, 4318063.043, 85
Trd, 4318063.493, 116
Trd, 4318065.793, 104
Trd, 4318066.143, 127
Trd, 4318067.893, 114
Trd, 4318068.143, 113
Trd, 4318069.043, 96
Trd, 4318070.393, 123
Trd, 4318070.843, 129
Trd, 4318071.793, 97
Trd, 4318072.893, 113
Trd, 4318073.943, 78
Trd, 4318074.343, 121
Trd, 4318075.093, 79
Trd, 4318077.543, 94
Trd, 4318078.493, 79
Trd, 4318079.043, 96
Trd, 4318080.093, 95
Trd, 4318081.143, 86
Trd, 4318082.393, 104
Trd, 4318084.393, 101
Trd, 4318084.593, 104
Trd, 4318084.793, 89
Trd, 4318087.593, 114
Trd, 4318087.793, 113
Trd, 4318089.893, 104
Trd, 4318090.893, 113
Trd, 4318091.343, 124
Trd, 4318093.543, 99
Trd, 4318093.943, 98
Trd, 4318095.743, 96
Trd, 4318096.193, 131
Trd, 4318096.943, 131
Trd, 4318098.193, 96
Trd, 4318098.493, 80
Trd, 4318100.093, 81
Trd, 4318100.193, 93
Trd, 4318100.243, 80
Trd, 4318101.643, 113
Trd, 4318102.693, 85
Trd, 4318103.193, 125
Trd, 4318104.643, 92
Trd, 4318107.643, 85
Trd, 4318107.793, 95
Trd, 4318108.393, 104
Trd, 4318109.843, 111
Trd, 4318109.893, 91
Trd, 4318111.543, 128
Trd, 4318112.393, 79
Trd, 4318113.593, 121
Trd, 4318116.343, 87
Trd, 4318116.643, 101
Trd, 4318118.743, 85
Trd, 4318119.293, 96
Trd, 4318120.243, 101
Trd, 4318121.343, 131
Trd, 4318121.393, 114
Trd, 4318121.793, 113
Trd, 4318124.793, 113
Trd, 4318126.793, 96
Trd, 4318128.343, 101
Trd, 4318129.043, 91
Trd, 4318129.893, 89
Trd, 4318130.793, 102
Trd, 4318131.493, 105
Trd, 4318132.443, 85
Trd, 4318132.643, 106
Trd, 4318133.943, 77
Trd, 4318134.043, 95
Trd, 4318135.393, 86
Trd, 4318136.893, 106
Trd, 4318138.293, 114
Trd, 4318138.793, 113
Trd, 4318140.093, 129
Trd, 4318141.993, 104
Trd, 4318143.443, 112
Trd, 4318144.693, 121
Trd, 4318145.143, 132
Trd, 4318145.543, 105
Trd, 4318146.143, 104
Trd, 4318147.993, 127
Trd, 4318149.343, 122
Trd, 4318150.293, 95
Trd, 4318150.493, 97
Trd, 4318152.643, 80
Trd, 4318153.743, 95
Trd, 4318154.093, 82
Trd, 4318154.343, 126
Trd, 4318155.193, 82
Trd, 4318155.293, 136
Trd, 4318156.143, 100
Trd, 4318157.193, 83
Trd, 4318157.543, 77
Trd, 4318162.243, 127
Trd, 4318162.343, 131
Trd, 4318163.193, 122
Trd, 4318163.943, 111
Trd, 4318166.343, 98
Trd, 4318168.043, 114
Trd, 4318168.343, 89
Trd, 4318168.643, 86
Trd, 4318169.693, 98
Trd, 4318171.043, 108
Trd, 4318171.343, 79
Trd, 4318172.543, 96
Trd, 4318173.343, 86
Trd, 4318175.143, 113
Trd, 4318176.193, 88
Trd, 4318176.393, 128
Trd, 4318177.893, 114
Trd, 4318178.393, 115
Trd, 4318179.443, 118
Trd, 4318180.743, 114
Trd, 4318182.793, 113
Trd, 4318183.243, 117
Trd, 4318184.693, 113
Trd, 4318185.843, 104
Trd, 4318186.093, 117
Trd, 4318186.293, 95
Trd, 4318189.443, 113
Trd, 4318190.093, 86
Trd, 4318191.043, 113
Trd, 4318191.193, 86
Trd, 4318192.393, 97
Trd, 4318193.043, 104
Trd, 4318194.443, 80
Trd, 4318196.743, 117
Trd, 4318197.743, 88
Trd, 4318197.893, 121
Trd, 4318199.743, 98
Trd, 4318200.093, 84
Trd, 4318201.143, 126
Trd, 4318202.343, 113
Trd, 4318203.493, 126
Trd, 4318204.393, 81
Trd, 4318205.543, 113
Trd, 4318206.693, 78
Trd, 4318207.643, 113
Trd, 4318209.443, 111
Trd, 4318209.493, 95
Trd, 4318209.743, 114
Trd, 4318210.593, 78
Trd, 4318212.093, 78
Trd, 4318213.143, 75
Trd, 4318215.143, 100
Trd, 4318215.843, 83
Trd, 4318216.093, 86
Trd, 4318216.793, 85
Trd, 4318218.493, 131
Trd, 4318220.493, 113
Trd, 4318221.643, 114
Trd, 4318222.143, 111
Trd, 4318222.493, 133
Trd, 4318222.993, 104
Trd, 4318224.243, 78
Trd, 4318225.743, 103
Trd, 4318226.093, 77
Trd, 4318227.143, 77
Trd, 4318227.343, 102
Trd, 4318228.393, 83
Trd, 4318229.143, 104
Trd, 4318231.593, 91
Trd, 4318231.943, 87
Trd, 4318233.043, 91
Trd, 4318233.293, 81
Trd, 4318236.093, 77
Trd, 4318236.193, 104
Trd, 4318238.343, 78
Trd, 4318241.143, 92
Trd, 4318241.443, 80
Trd, 4318241.543, 95
Trd, 4318241.893, 97
Trd, 4318242.893, 104
Trd, 4318243.193, 77
Trd, 4318244.343, 112
Trd, 4318244.643, 95
Trd, 4318247.293, 104
Trd, 4318249.293, 95
Trd, 4318249.743, 113
Trd, 4318249.843, 133
Trd, 4318249.893, 77
Trd, 4318251.543, 131
Trd, 4318253.493, 97
Trd, 4318255.993, 113
Trd, 4318256.143, 112
Trd, 4318256.443, 117
Trd, 4318257.193, 104
Trd, 4318258.443, 112
Trd, 4318258.843, 111
Trd, 4318259.643, 96
Trd, 4318261.043, 129
Trd, 4318262.593, 113
Trd, 4318263.693, 79
Trd, 4318264.993, 79
Trd, 4318265.293, 104
Trd, 4318268.643, 102
Trd, 4318269.143, 85
Trd, 4318270.443, 101
Trd, 4318270.593, 100
Trd, 4318272.043, 95
Trd, 4318272.593, 81
Trd, 4318273.643, 104
Trd, 4318274.143, 80
Trd, 4318275.293, 128
Trd, 4318276.043, 112
Trd, 4318276.093, 104
Trd, 4318278.743, 113
Trd, 4318279.493, 87
Trd, 4318280.443, 129
Trd, 4318283.093, 103
Trd, 4318284.543, 127
Trd, 4318285.893, 98
Trd, 4318286.243, 97
Trd, 4318286.293, 95
Trd, 4318287.593, 115
Trd, 4318287.793, 135
Trd, 4318290.093, 78
Trd, 4318290.943, 80
Trd, 4318293.093, 86
Trd, 4318293.243, 85
Trd, 4318293.493, 76
Trd, 4318293.943, 95
Trd, 4318295.143, 85
Trd, 4318295.643, 104
Trd, 4318297.793, 84
Trd, 4318298.593, 82
Trd, 4318298.643, 76
Trd, 4318300.493, 89
Trd, 4318301.543, 80
Trd, 4318301.693, 99
Trd, 4318302.443, 100
Trd, 4318302.743, 89
Trd, 4318305.293, 130
Trd, 4318305.893, 79
Trd, 4318306.693, 86
Trd, 4318308.193, 85
Trd, 4318309.393, 138
Trd, 4318309.993, 95
Trd, 4318311.093, 94
Trd, 4318312.293, 99
Trd, 4318313.493, 113
Trd, 4318316.593, 88
Trd, 4318317.593, 88
Trd, 4318318.593, 91
Trd, 4318318.643, 104
Trd, 4318319.293, 90
Trd, 4318319.543, 101
Trd, 4318319.743, 89
Trd, 4318320.643, 89
Trd, 4318323.943, 86
Trd, 4318324.393, 75
Trd, 4318327.393, 70
Trd, 4318327.443, 83
Trd, 4318327.693, 86
Trd, 4318327.743, 132
Trd, 4318328.493, 96
Trd, 4318329.643, 77
Trd, 4318331.643, 100
Trd, 4318332.143, 104
Trd, 4318332.993, 83
Trd, 4318333.643, 83
Trd, 4318334.843, 71
Trd, 4318337.043, 98
Trd, 4318337.643, 103
Trd, 4318337.943, 104
Trd, 4318339.493, 112
Trd, 4318339.543, 95
Trd, 4318341.293, 77
Trd, 4318341.693, 127
Trd, 4318343.993, 98
Trd, 4318344.043, 119
Trd, 4318346.393, 114
Trd, 4318346.893, 82
Trd, 4318349.493, 124
Trd, 4318350.793, 112
Trd, 4318350.993, 86
Trd, 4318351.143, 85
Trd, 4318353.193, 120
Trd, 4318354.243, 99
Trd, 4318356.093, 120
Trd, 4318357.193, 113
Trd, 4318357.293, 104
Trd, 4318359.743, 93
Trd, 4318360.393, 98
Trd, 4318362.243, 99
Trd, 4318362.693, 98
Trd, 4318363.193, 95
Trd, 4318364.093, 113
Trd, 4318364.843, 128
Trd, 4318367.943, 113
Trd, 4318369.293, 106
Trd, 4318370.143, 113
Trd, 4318371.243, 95
Trd, 4318372.543, 85
Trd, 4318373.693, 109
Trd, 4318373.793, 110
Trd, 4318374.693, 85
Trd, 4318375.093, 118
Trd, 4318376.043, 98
Trd, 4318376.693, 81
Trd, 4318378.143, 129
Trd, 4318378.293, 104
Trd, 4318379.393, 86
Trd, 4318380.343, 80
Trd, 4318380.993, 119
Trd, 4318384.543, 99
Trd, 4318384.793, 90
Trd, 4318385.193, 99
Trd, 4318385.243, 104
Trd, 4318387.143, 123
Trd, 4318387.843, 80
Trd, 4318388.193, 80
Trd, 4318388.443, 85
Trd, 4318390.493, 82
Trd, 4318391.443, 83
Trd, 4318393.543, 95
Trd, 4318393.693, 98
Trd, 4318395.893, 79
Trd, 4318396.043, 127
Trd, 4318396.393, 77
Trd, 4318399.043, 93
Trd, 4318400.293, 95
Trd, 4318402.043, 100
Trd, 4318402.543, 104
Trd, 4318402.793, 78
Trd, 4318403.443, 77
Trd, 4318405.593, 72
Trd, 4318407.343, 125
Trd, 4318407.843, 86
Trd, 4318407.993, 77
Trd, 4318409.343, 104
Trd, 4318410.643, 88
Trd, 4318410.993, 111
Trd, 4318412.043, 104
Trd, 4318412.343, 89
Trd, 4318412.943, 89
Trd, 4318415.193, 113
Trd, 4318417.143, 126
Trd, 4318418.343, 108
Trd, 4318418.893, 104
Trd, 4318419.243, 125
Trd, 4318419.893, 77
Trd, 4318421.043, 131
Trd, 4318421.593, 114
Trd, 4318422.243, 112
Trd, 4318423.543, 114
Trd, 4318425.143, 107
Trd, 4318427.043, 114
Trd, 4318429.093, 113
Trd, 4318429.193, 104
Trd, 4318429.243, 123
Trd, 4318431.893, 113
Trd, 4318432.743, 127
Trd, 4318433.793, 88
Trd, 4318434.743, 98
Trd, 4318435.543, 122
Trd, 4318436.693, 81
Trd, 4318437.893, 131
Trd, 4318438.493, 132
Trd, 4318439.393, 85
Trd, 4318439.593, 78
Trd, 4318439.893, 113
Trd, 4318440.993, 82
Trd, 4318443.243, 116
Trd, 4318443.393, 113
Trd, 4318443.993, 82
Trd, 4318447.293, 95
Trd, 4318447.443, 89
Trd, 4318449.343, 91
Trd, 4318449.543, 90
Trd, 4318449.643, 94
Trd, 4318449.693, 101
Trd, 4318449.943, 104
Trd, 4318452.643, 99
Trd, 4318453.743, 81
Trd, 4318454.493, 81
Trd, 4318454.943, 82
Trd, 4318455.893, 86
Trd, 4318456.393, 80
Trd, 4318456.943, 83
Trd, 4318458.793, 93
Trd, 4318459.743, 82
Trd, 4318460.793, 97
Trd, 4318461.343, 104
Trd, 4318461.393, 86
Trd, 4318463.943, 113
Trd, 4318465.943, 89
Trd, 4318467.093, 94
Trd, 4318467.743, 93
Trd, 4318467.993, 127
Trd, 4318468.243, 86
Trd, 4318468.893, 96
Trd, 4318472.743, 114
Trd, 4318473.393, 113
Trd, 4318475.793, 121
Trd, 4318476.043, 113
Trd, 4318476.193, 95
Trd, 4318476.343, 87
Trd, 4318479.243, 129
Trd, 4318479.443, 112
Trd, 4318479.993, 104
Trd, 4318481.543, 116
Trd, 4318482.343, 98
Trd, 4318482.643, 98
Trd, 4318483.043, 118
Trd, 4318484.493, 83
Trd, 4318486.143, 82
Trd, 4318487.393, 125
Trd, 4318488.343, 116
Trd, 4318489.143, 95
Trd, 4318491.143, 113
Trd, 4318491.743, 104
Trd, 4318493.193, 94
Trd, 4318493.643, 95
Trd, 4318494.143, 82
Trd, 4318494.993, 132
Trd, 4318495.043, 78
Trd, 4318496.543, 91
Trd, 4318497.943, 130
Trd, 4318498.843, 95
Trd, 4318499.893, 111
Trd, 4318500.043, 85
Trd, 4318500.893, 112
Trd, 4318501.143, 103
Trd, 4318502.743, 132
Trd, 4318504.743, 113
Trd, 4318505.043, 95
Trd, 4318507.243, 82
Trd, 4318507.843, 80
Trd, 4318508.243, 95
Trd, 4318510.193, 101
Trd, 4318510.893, 86
Trd, 4318511.693, 104
Trd, 4318513.193, 87
Trd, 4318514.043, 79
Trd, 4318515.393, 78
Trd, 4318515.893, 96
Trd, 4318516.543, 95
Trd, 4318518.343, 103
Trd, 4318518.843, 131
Trd, 4318519.693, 84
Trd, 4318521.393, 113
Trd, 4318521.693, 89
Trd, 4318521.993, 131
Trd, 4318525.093, 95
Trd, 4318525.793, 105
Trd, 4318526.843, 113
Trd, 4318527.693, 113
Trd, 4318529.693, 121
Trd, 4318529.793, 104
Trd, 4318529.993, 98
Trd, 4318531.793, 124
Trd, 4318531.943, 125
Trd, 4318532.143, 97
Trd, 4318534.193, 95
Trd, 4318535.393, 113
Trd, 4318536.043, 97
Trd, 4318537.593, 96
Trd, 4318539.093, 110
Trd, 4318540.543, 97
Trd, 4318541.143, 89
Trd, 4318541.393, 111
Trd, 4318542.193, 83
Trd, 4318542.843, 124
Trd, 4318542.993, 113
Trd, 4318544.293, 125
Trd, 4318544.943, 117
Trd, 4318547.093, 96
Trd, 4318547.543, 95
Trd, 4318549.243, 78
Trd, 4318550.643, 86
Trd, 4318552.043, 97
Trd, 4318552.193, 104
Trd, 4318552.493, 79
Trd, 4318553.293, 79
Trd, 4318553.993, 81
Trd, 4318555.043, 79
Trd, 4318557.293, 124
Trd, 4318557.393, 122
Trd, 4318557.643, 134
Trd, 4318558.793, 81
Trd, 4318559.343, 102
Trd, 4318562.793, 117
Trd, 4318563.343, 112
Trd, 4318563.743, 105
Trd, 4318564.243, 104
Trd, 4318566.693, 127
Trd, 4318567.643, 98
Trd, 4318569.393, 111
Trd, 4318570.243, 113
Trd, 4318570.843, 104
Trd, 4318571.593, 95
Trd, 4318572.093, 113
Trd, 4318572.593, 78
Trd, 4318572.943, 99
Trd, 4318574.043, 122
Trd, 4318574.293, 82
Trd, 4318576.643, 128
Trd, 4318577.693, 86
Trd, 4318579.343, 109
Trd, 4318580.643, 127
Trd, 4318581.943, 133
Trd, 4318582.143, 92
Trd, 4318583.343, 94
Trd, 4318584.843, 81
Trd, 4318585.193, 80
Trd, 4318585.543, 96
Trd, 4318587.043, 68
Trd, 4318587.793, 104
Trd, 4318589.743, 100
Trd, 4318591.593, 78
Trd, 4318592.243, 93
Trd, 4318593.243, 96
Trd, 4318594.093, 104
Trd, 4318596.143, 95
Trd, 4318597.293, 100
Trd, 4318597.893, 96
Trd, 4318597.993, 113
Trd, 4318598.193, 131
Trd, 4318598.593, 100
Trd, 4318600.993, 125
Trd, 4318601.693, 113
Trd, 4318602.243, 104
Trd, 4318603.593, 86
Trd, 4318606.043, 96
Trd, 4318607.343, 103
Trd, 4318607.543, 104
Trd, 4318608.043, 105
Trd, 4318608.393, 89
Trd, 4318608.743, 85
Trd, 4318610.393, 100
Trd, 4318610.993, 82
Trd, 4318612.893, 119
Trd, 4318613.393, 90
Trd, 4318614.093, 115
Trd, 4318615.343, 89
Trd, 4318615.643, 62
Trd, 4318617.493, 94
Trd, 4318618.743, 114
Trd, 4318619.143, 113
Trd, 4318620.443, 104
Trd, 4318621.393, 107
Trd, 4318621.993, 96
Trd, 4318622.243, 77
Trd, 4318623.293, 125
Trd, 4318624.993, 115
Trd, 4318625.393, 104
Trd, 4318625.643, 108
Trd, 4318626.843, 70
Trd, 4318627.293, 72
Trd, 4318630.493, 118
Trd, 4318630.793, 114
Trd, 4318631.093, 120
Trd, 4318632.543, 113
Trd, 4318633.643, 96
Trd, 4318634.293, 95
Trd, 4318636.043, 112
Trd, 4318637.243, 87
Trd, 4318637.543, 87
Trd, 4318638.293, 112
Trd, 4318639.643, 131
Trd, 4318639.743, 113
Trd, 4318642.143, 113
Trd, 4318643.493, 112
Trd, 4318644.043, 98
Trd, 4318645.693, 95
Trd, 4318646.393, 81
Trd, 4318647.843, 85
Trd, 4318648.943, 103
Trd, 4318649.843, 88
Trd, 4318651.593, 90
Trd, 4318653.593, 117
Trd, 4318654.893, 116
Trd, 4318655.093, 113
Trd, 4318655.243, 118
Trd, 4318656.393, 112
Trd, 4318658.593, 96
Trd, 4318660.043, 89
Trd, 4318660.193, 77
Trd, 4318660.693, 95
Trd, 4318662.793, 77
Trd, 4318663.043, 76
Trd, 4318665.093, 119
Trd, 4318666.443, 111
Trd, 4318666.743, 121
Trd, 4318668.093, 106
Trd, 4318668.793, 96
Trd, 4318669.943, 86
Trd, 4318670.943, 91
Trd, 4318672.043, 95
Trd, 4318672.593, 99
Trd, 4318673.793, 77
Trd, 4318674.443, 113
Trd, 4318676.593, 77
Trd, 4318677.443, 74
Trd, 4318678.143, 112
Trd, 4318679.543, 78
Trd, 4318681.943, 104
Trd, 4318682.393, 94
Trd, 4318682.793, 97
Trd, 4318683.493, 103
Trd, 4318685.393, 94
Trd, 4318686.143, 104
Trd, 4318686.443, 94
Trd, 4318686.893, 79
Trd, 4318690.293, 95
Trd, 4318691.293, 116
Trd, 4318692.043, 112
Trd, 4318692.493, 112
Trd, 4318694.493, 104
Trd, 4318695.493, 118
Trd, 4318695.743, 84
Trd, 4318696.843, 113
Trd, 4318697.843, 97
Trd, 4318699.643, 80
Trd, 4318701.243, 129
Trd, 4318701.393, 82
Trd, 4318702.743, 113
Trd, 4318704.993, 99
Trd, 4318706.143, 97
Trd, 4318707.093, 103
Trd, 4318707.143, 104
Trd, 4318707.943, 96
Trd, 4318710.143, 98
Trd, 4318710.193, 95
Trd, 4318711.293, 114
Trd, 4318711.793, 75
Trd, 4318713.693, 95
Trd, 4318714.293, 86
Trd, 4318714.393, 85
Trd, 4318714.793, 98
Trd, 4318715.643, 113
Trd, 4318717.293, 81
Trd, 4318718.643, 111
Trd, 4318718.993, 94
Trd, 4318720.393, 83
Trd, 4318722.993, 98
Trd, 4318723.293, 98
Trd, 4318724.793, 84
Trd, 4318725.593, 81
Trd, 4318725.643, 104
Trd, 4318727.593, 79
Trd, 4318727.793, 135
Trd, 4318729.993, 80
Trd, 4318730.143, 97
Trd, 4318733.543, 105
Trd, 4318733.643, 104
Trd, 4318733.693, 111
Trd, 4318733.943, 95
Trd, 4318734.743, 113
Trd, 4318735.593, 134
Trd, 4318737.043, 135
Trd, 4318738.243, 76
Trd, 4318739.443, 119
Trd, 4318739.843, 115
Trd, 4318741.393, 114
Trd, 4318741.643, 117
Trd, 4318742.643, 113
Trd, 4318744.493, 108
Trd, 4318745.493, 97
Trd, 4318746.693, 95
Trd, 4318749.243, 93
Trd, 4318749.693, 104
Trd, 4318750.593, 90
Trd, 4318752.243, 113
Trd, 4318753.793, 85
Trd, 4318754.443, 89
Trd, 4318756.993, 100
Trd, 4318757.343, 86
Trd, 4318757.993, 131
Trd, 4318760.343, 113
Trd, 4318760.993, 114
Trd, 4318761.393, 104
Trd, 4318762.393, 97
Trd, 4318762.543, 95
Trd, 4318763.193, 118
Trd, 4318763.643, 84
Trd, 4318764.743, 139
Trd, 4318766.193, 95
Trd, 4318767.143, 95
Trd, 4318769.293, 110
Trd, 4318769.493, 123
Trd, 4318770.443, 113
Trd, 4318772.143, 89
Trd, 4318772.693, 103
Trd, 4318774.293, 94
Trd, 4318774.943, 105
Trd, 4318776.243, 80
Trd, 4318777.243, 126
Trd, 4318777.643, 84
Trd, 4318779.643, 114
Trd, 4318779.943, 84
Trd, 4318780.743, 133
Trd, 4318781.293, 113
Trd, 4318783.093, 81
Trd, 4318784.593, 130
Trd, 4318785.843, 77
Trd, 4318786.643, 86
Trd, 4318786.843, 86
Trd, 4318789.243, 101
Trd, 4318791.443, 115
Trd, 4318792.093, 126
Trd, 4318792.593, 128
Trd, 4318792.893, 113
Trd, 4318793.843, 113
Trd, 4318796.093, 102
Trd, 4318796.443, 114
Trd, 4318796.843, 81
Trd, 4318797.693, 87
Trd, 4318797.943, 129
Trd, 4318799.693, 108
Trd, 4318801.143, 76
Trd, 4318802.943, 91
Trd, 4318803.843, 95
Trd, 4318804.393, 81
Trd, 4318804.943, 80
Trd, 4318805.943, 102
Trd, 4318809.293, 84
Trd, 4318810.593, 88
Trd, 4318811.243, 86
Trd, 4318812.143, 94
Trd, 4318813.393, 96
Trd, 4318813.443, 104
Trd, 4318815.093, 81
Trd, 4318815.743, 79
Trd, 4318816.843, 78
Trd, 4318817.293, 95
Trd, 4318818.343, 97
Trd, 4318820.743, 81
Trd, 4318820.993, 80
Trd, 4318821.043, 84
Trd, 4318822.793, 101
Trd, 4318824.993, 77
Trd, 4318825.343, 103
Trd, 4318827.143, 89
Trd, 4318827.243, 88
Trd, 4318828.143, 96
Trd, 4318829.793, 132
Trd, 4318830.193, 130
Trd, 4318830.993, 82
Trd, 4318831.143, 96
Trd, 4318831.493, 81
Trd, 4318833.693, 113
Trd, 4318835.543, 84
Trd, 4318838.043, 99
Trd, 4318838.093, 88
Trd, 4318838.343, 103
Trd, 4318839.793, 104
Trd, 4318839.993, 100
Trd, 4318843.193, 123
Trd, 4318843.593, 87
Trd, 4318844.193, 91
Trd, 4318845.193, 86
Trd, 4318845.593, 83
Trd, 4318848.743, 82
Trd, 4318850.493, 90
Trd, 4318850.593, 103
Trd, 4318851.993, 85
Trd, 4318852.943, 76
Trd, 4318853.393, 96
Trd, 4318855.543, 69
Trd, 4318855.843, 70
Trd, 4318857.143, 82
Trd, 4318858.843, 104
Trd, 4318860.893, 114
Trd, 4318861.743, 113
Trd, 4318862.993, 129
Trd, 4318863.293, 79
Trd, 4318863.993, 85
Trd, 4318865.043, 86
Trd, 4318865.393, 84
Trd, 4318866.943, 128
Trd, 4318867.343, 113
Trd, 4318867.493, 84
Trd, 4318871.093, 117
Trd, 4318871.293, 122
Trd, 4318872.043, 113
Trd, 4318872.843, 97
Trd, 4318873.043, 96
Trd, 4318874.243, 95
Trd, 4318875.043, 78
Trd, 4318875.993, 79
Trd, 4318877.593, 97
Trd, 4318877.643, 80
Trd, 4318879.343, 131
Trd, 4318879.593, 119
Trd, 4318880.643, 132
Trd, 4318881.693, 82
Trd, 4318884.843, 116
Trd, 4318884.943, 121
Trd, 4318885.093, 114
Trd, 4318885.793, 120
Trd, 4318885.893, 113
Trd, 4318888.243, 99
Trd, 4318889.543, 97
Trd, 4318892.593, 93
Trd, 4318893.043, 94
Trd, 4318893.443, 104
Trd, 4318895.193, 100
Trd, 4318895.843, 97
Trd, 4318896.843, 96
Trd, 4318896.943, 77
Trd, 4318897.043, 104
Trd, 4318897.243, 70
Trd, 4318900.793, 124
Trd, 4318902.393, 103
Trd, 4318904.293, 101
Trd, 4318904.443, 111
Trd, 4318906.543, 102
Trd, 4318908.343, 109
Trd, 4318909.193, 122
Trd, 4318913.493, 129
Trd, 4318913.593, 95
Trd, 4318913.993, 112
Trd, 4318914.293, 95
Trd, 4318915.843, 114
Trd, 4318917.193, 113
Trd, 4318918.393, 95
Trd, 4318920.043, 102
Trd, 4318921.743, 104
Trd, 4318922.993, 88
Trd, 4318923.593, 87
Trd, 4318923.993, 107
Trd, 4318928.193, 113
Trd, 4318929.043, 121
Trd, 4318929.593, 96
Trd, 4318929.693, 95
Trd, 4318930.493, 96
Trd, 4318932.243, 140
Trd, 4318934.393, 101
Trd, 4318935.943, 90
Trd, 4318936.843, 94
Trd, 4318936.993, 93
Trd, 4318937.893, 78
Trd, 4318937.993, 101
Trd, 4318940.093, 80
Trd, 4318940.743, 86
Trd, 4318941.093, 104
Trd, 4318941.143, 75
Trd, 4318943.693, 138
Trd, 4318944.943, 119
Trd, 4318945.593, 105
Trd, 4318946.443, 104
Trd, 4318948.043, 97
Trd, 4318948.593, 102
Trd, 4318950.043, 118
Trd, 4318951.443, 113
Trd, 4318952.193, 95
Trd, 4318953.043, 96
Trd, 4318953.693, 77
Trd, 4318953.793, 127
Trd, 4318954.893, 79
Trd, 4318955.293, 104
Trd, 4318956.343, 77
Trd, 4318957.243, 72
Trd, 4318958.043, 113
Trd, 4318959.343, 113
Trd, 4318960.043, 104
Trd, 4318960.743, 95
Trd, 4318960.943, 123
Trd, 4318961.993, 122
Trd, 4318963.243, 96
Trd, 4318964.193, 77
Trd, 4318965.943, 114
Trd, 4318966.093, 113
Trd, 4318968.393, 119
Trd, 4318969.543, 115
Trd, 4318970.943, 111
Trd, 4318972.193, 104
Trd, 4318973.143, 113
Trd, 4318975.593, 90
Trd, 4318976.093, 99
Trd, 4318976.593, 89
Trd, 4318976.843, 88
Trd, 4318978.143, 92
Trd, 4318978.493, 92
Trd, 4318979.143, 95
Trd, 4318979.993, 94
Trd, 4318980.893, 97
Trd, 4318981.443, 96
Trd, 4318984.043, 124
Trd, 4318984.593, 85
Trd, 4318985.143, 95
Trd, 4318986.293, 88
Trd, 4318987.843, 130
Trd, 4318988.693, 113
Trd, 4318989.993, 82
Trd, 4318990.793, 129
Trd, 4318991.443, 87
Trd, 4318993.043, 90
Trd, 4318994.643, 99
Trd, 4318995.993, 102
Trd, 4318996.793, 84
Trd, 4318998.993, 113
Trd, 4318999.493, 95
Trd, 4319001.293, 96
Trd, 4319001.793, 100
Trd, 4319002.643, 101
Trd, 4319004.093, 115
Trd, 4319006.093, 120
Trd, 4319006.293, 113
Trd, 4319006.393, 112
Trd, 4319007.543, 95
Trd, 4319010.443, 106
Trd, 4319012.343, 84
Trd, 4319012.943, 81
Trd, 4319013.343, 82
Trd, 4319013.443, 99
Trd, 4319014.993, 82
Trd, 4319017.593, 111
Trd, 4319019.493, 110
Trd, 4319019.993, 80
Trd, 4319020.793, 104
Trd, 4319020.893, 106
Trd, 4319021.493, 106
Trd, 4319022.443, 104
Trd, 4319024.143, 130
Trd, 4319025.293, 114
Trd, 4319025.543, 113
Trd, 4319025.593, 77
Trd, 4319030.293, 125
Trd, 4319030.393, 114
Trd, 4319031.293, 112
Trd, 4319031.593, 104
Trd, 4319032.043, 95
Trd, 4319034.643, 94
Trd, 4319035.743, 125
Trd, 4319035.893, 112
Trd, 4319037.593, 111
Trd, 4319038.143, 106
Trd, 4319038.643, 112
Trd, 4319039.193, 104
Trd, 4319040.393, 130
Trd, 4319042.093, 127
Trd, 4319042.493, 113
Trd, 4319043.093, 105
Trd, 4319043.893, 137
Trd, 4319044.093, 104
Trd, 4319049.193, 127
Trd, 4319049.393, 95
Trd, 4319050.443, 70
Trd, 4319051.943, 78
Trd, 4319052.293, 86
Trd, 4319052.543, 97
Trd, 4319054.043, 80
Trd, 4319055.843, 113
Trd, 4319057.993, 113
Trd, 4319058.743, 86
Trd, 4319059.943, 80
Trd, 4319060.493, 86
Trd, 4319062.693, 100
Trd, 4319063.543, 104
Trd, 4319065.543, 86
Trd, 4319066.493, 87
Trd, 4319067.393, 96
Trd, 4319067.543, 89
Trd, 4319068.093, 77
Trd, 4319068.143, 90
Trd, 4319068.293, 97
Trd, 4319071.893, 71
Trd, 4319072.643, 86
Trd, 4319073.243, 104
Trd, 4319074.243, 86
Trd, 4319076.643, 97
Trd, 4319077.493, 80
Trd, 4319077.993, 104
Trd, 4319078.543, 86
Trd, 4319079.293, 103
Trd, 4319080.843, 85
Trd, 4319081.093, 99
Trd, 4319082.943, 85
Trd, 4319083.743, 128
Trd, 4319085.643, 113
Trd, 4319085.993, 108
Trd, 4319086.543, 122
Trd, 4319086.793, 77
Trd, 4319088.443, 102
Trd, 4319088.543, 100
Trd, 4319091.393, 99
Trd, 4319091.893, 90
Trd, 4319091.943, 88
Trd, 4319093.493, 139
Trd, 4319095.443, 129
Trd, 4319096.993, 96
Trd, 4319097.743, 97
Trd, 4319098.293, 104
Trd, 4319099.593, 94
Trd, 4319100.193, 91
Trd, 4319101.893, 81
Trd, 4319102.843, 104
Trd, 4319103.543, 86
Trd, 4319104.493, 94
Trd, 4319104.743, 87
Trd, 4319105.543, 88
Trd, 4319105.643, 103
Trd, 4319106.393, 87
Trd, 4319108.143, 96
Trd, 4319109.643, 98
Trd, 4319111.043, 95
Trd, 4319111.193, 119
Trd, 4319112.343, 132
Trd, 4319113.243, 77
Trd, 4319114.943, 79
Trd, 4319115.643, 86
Trd, 4319117.543, 78
Trd, 4319117.743, 78
Trd, 4319119.343, 122
Trd, 4319119.943, 114
Trd, 4319120.243, 113
Trd, 4319122.243, 112
Trd, 4319123.743, 102
Trd, 4319125.293, 82
Trd, 4319125.793, 80
Trd, 4319126.243, 99
Trd, 4319127.843, 99
Trd, 4319129.293, 114
Trd, 4319130.743, 113
Trd, 4319131.243, 134
Trd, 4319131.343, 104
Trd, 4319131.393, 77
Trd, 4319132.693, 96
Trd, 4319135.443, 94
Trd, 4319135.843, 96
Trd, 4319136.193, 87
Trd, 4319138.193, 71
Trd, 4319141.293, 84
Trd, 4319141.993, 97
Trd, 4319142.843, 88
Trd, 4319143.293, 89
Trd, 4319143.693, 88
Trd, 4319145.293, 93
Trd, 4319145.843, 102
Trd, 4319146.693, 104
Trd, 4319148.343, 113
Trd, 4319148.443, 105
Trd, 4319149.893, 104
Trd, 4319152.343, 79
Trd, 4319152.393, 101
Trd, 4319153.593, 78
Trd, 4319154.143, 103
Trd, 4319154.393, 130
Trd, 4319154.593, 80
Trd, 4319158.043, 106
Trd, 4319158.643, 104
Trd, 4319158.943, 112
Trd, 4319159.693, 122
Trd, 4319159.893, 95
Trd, 4319160.193, 139
Trd, 4319161.843, 95
Trd, 4319162.443, 101
Trd, 4319164.793, 82
Trd, 4319165.543, 103
Trd, 4319165.893, 104
Trd, 4319165.943, 79
Trd, 4319166.443, 81
Trd, 4319166.943, 78
Trd, 4319169.743, 82
Trd, 4319170.643, 97
Trd, 4319172.343, 130
Trd, 4319172.743, 98
Trd, 4319173.993, 122
Trd, 4319175.793, 120
Trd, 4319176.943, 107
Trd, 4319177.443, 104
Trd, 4319179.343, 94
Trd, 4319179.593, 95
Trd, 4319180.243, 100
Trd, 4319182.393, 86
Trd, 4319182.493, 88
Trd, 4319183.243, 85
Trd, 4319186.143, 87
Trd, 4319186.243, 130
Trd, 4319187.443, 79
Trd, 4319187.843, 95
Trd, 4319190.093, 131
Trd, 4319190.543, 113
Trd, 4319192.543, 130
Trd, 4319192.593, 122
Trd, 4319194.293, 113
Trd, 4319194.793, 104
Trd, 4319194.893, 95
Trd, 4319196.993, 106
Trd, 4319199.493, 101
Trd, 4319199.893, 102
Trd, 4319200.443, 92
Trd, 4319200.643, 92
Trd, 4319200.743, 77
Trd, 4319201.243, 140
Trd, 4319203.443, 127
Trd, 4319204.593, 112
Trd, 4319205.593, 110
Trd, 4319206.743, 97
Trd, 4319206.843, 95
Trd, 4319207.093, 81
Trd, 4319209.693, 85
Trd, 4319211.793, 101
Trd, 4319211.893, 104
Trd, 4319213.543, 91
Trd, 4319215.293, 91
Trd, 4319215.693, 94
Trd, 4319215.993, 77
Trd, 4319216.043, 96
Trd, 4319216.293, 102
Trd, 4319218.243, 70
Trd, 4319220.343, 82
Trd, 4319222.443, 100
Trd, 4319223.243, 113
Trd, 4319224.643, 116
Trd, 4319225.693, 97
Trd, 4319227.193, 118
Trd, 4319227.643, 115
Trd, 4319227.843, 122
Trd, 4319230.093, 115
Trd, 4319232.743, 113
Trd, 4319233.193, 105
Trd, 4319233.393, 104
Trd, 4319234.793, 118
Trd, 4319235.093, 87
Trd, 4319237.543, 79
Trd, 4319239.443, 80
Trd, 4319240.393, 92
Trd, 4319241.543, 91
Trd, 4319241.893, 96
Trd, 4319242.193, 99
Trd, 4319244.243, 102
Trd, 4319244.543, 93
Trd, 4319246.243, 101
Trd, 4319247.993, 114
Trd, 4319250.593, 110
Trd, 4319251.393, 132
Trd, 4319252.443, 96
Trd, 4319252.793, 95
Trd, 4319253.443, 78
Trd, 4319254.993, 120
Trd, 4319257.893, 114
Trd, 4319258.243, 117
Trd, 4319259.193, 95
Trd, 4319259.993, 99
Trd, 4319262.693, 78
Trd, 4319262.893, 95
Trd, 4319263.943, 79
Trd, 4319265.293, 77
Trd, 4319265.393, 86
Trd, 4319267.793, 71
Trd, 4319267.993, 74
Trd, 4319268.143, 86
Trd, 4319268.593, 98
Trd, 4319270.993, 77
Trd, 4319272.293, 82
Trd, 4319272.543, 96
Trd, 4319275.743, 81
Trd, 4319275.793, 81
Trd, 4319276.693, 112
Trd, 4319277.143, 112
Trd, 4319277.443, 114
Trd, 4319280.293, 114
Trd, 4319281.243, 112
Trd, 4319281.593, 104
Trd, 4319282.393, 111
Trd, 4319282.543, 95
Trd, 4319283.443, 132
Trd, 4319284.843, 76
Trd, 4319286.543, 80
Trd, 4319287.493, 113
Trd, 4319289.293, 78
Trd, 4319291.493, 83
Trd, 4319291.743, 98
Trd, 4319292.043, 104
Trd, 4319292.943, 85
Trd, 4319293.693, 109
Trd, 4319295.143, 79
Trd, 4319295.643, 86
Trd, 4319298.143, 95
Trd, 4319299.343, 95
Trd, 4319300.493, 104
Trd, 4319300.793, 81
Trd, 4319301.193, 80
Trd, 4319301.443, 77
Trd, 4319303.293, 77
Trd, 4319305.693, 113
Trd, 4319305.993, 112
Trd, 4319306.393, 104
Trd, 4319307.643, 120
Trd, 4319308.893, 98
Trd, 4319309.493, 131
Trd, 4319309.643, 80
Trd, 4319310.943, 108
Trd, 4319312.443, 86
Trd, 4319313.993, 79
Trd, 4319314.993, 86
Trd, 4319315.793, 81
Trd, 4319315.993, 104
Trd, 4319316.843, 97
Trd, 4319317.843, 85
Trd, 4319317.993, 110
Trd, 4319319.693, 113
Trd, 4319320.693, 104
Trd, 4319321.993, 118
Trd, 4319323.293, 100
Trd, 4319324.993, 104
Trd, 4319327.643, 121
Trd, 4319327.893, 113
Trd, 4319328.143, 106
Trd, 4319329.293, 126
Trd, 4319330.943, 95
Trd, 4319332.893, 114
Trd, 4319333.893, 129
Trd, 4319335.043, 113
Trd, 4319336.243, 104
Trd, 4319336.393, 107
Trd, 4319338.643, 82
Trd, 4319338.943, 86
Trd, 4319341.243, 86
Trd, 4319342.243, 86
Trd, 4319342.443, 85
Trd, 4319342.893, 93
Trd, 4319344.293, 77
Trd, 4319344.343, 95
Trd, 4319345.593, 77
Trd, 4319345.743, 104
Trd, 4319349.393, 84
Trd, 4319350.893, 113
Trd, 4319351.593, 77
Trd, 4319352.243, 129
Trd, 4319352.343, 122
Trd, 4319355.443, 104
Trd, 4319356.293, 103
Trd, 4319356.743, 78
Trd, 4319358.043, 118
Trd, 4319359.143, 113
Trd, 4319360.093, 116
Trd, 4319360.293, 106
Trd, 4319362.493, 110
Trd, 4319362.893, 104
Trd, 4319363.543, 96
Trd, 4319364.993, 117
Trd, 4319366.593, 113
Trd, 4319367.293, 114
Trd, 4319367.743, 113
Trd, 4319368.243, 113
Trd, 4319369.043, 104
Trd, 4319370.393, 100
Trd, 4319370.493, 97
Trd, 4319372.243, 121
Trd, 4319373.393, 120
Trd, 4319373.743, 113
Trd, 4319375.143, 127
Trd, 4319375.343, 95
Trd, 4319378.743, 82
Trd, 4319379.443, 94
Trd, 4319380.443, 96
Trd, 4319380.843, 88
Trd, 4319383.843, 81
Trd, 4319384.543, 129
Trd, 4319384.593, 84
Trd, 4319385.193, 97
Trd, 4319388.093, 121
Trd, 4319388.193, 113
Trd, 4319388.793, 104
Trd, 4319389.043, 95
Trd, 4319389.143, 83
Trd, 4319392.443, 112
Trd, 4319394.693, 137
Trd, 4319395.193, 127
Trd, 4319395.343, 112
Trd, 4319395.793, 133
Trd, 4319396.793, 120
Trd, 4319397.843, 104
Trd, 4319398.093, 95
Trd, 4319399.893, 124
Trd, 4319400.143, 116
Trd, 4319403.093, 114
Trd, 4319403.493, 112
Trd, 4319405.143, 104
Trd, 4319406.643, 95
Trd, 4319406.843, 96
Trd, 4319408.143, 103
Trd, 4319409.643, 96
Trd, 4319411.143, 96
Trd, 4319411.543, 133
Trd, 4319412.543, 112
Trd, 4319412.743, 95
Trd, 4319415.093, 129
Trd, 4319416.143, 104
Trd, 4319416.643, 97
Trd, 4319418.343, 139
Trd, 4319419.893, 104
Trd, 4319419.993, 132
Trd, 4319420.743, 98
Trd, 4319420.943, 83
Trd, 4319422.143, 114
Trd, 4319425.643, 114
Trd, 4319426.493, 113
Trd, 4319428.593, 115
Trd, 4319429.193, 96
Trd, 4319430.343, 118
Trd, 4319430.493, 77
Trd, 4319431.243, 113
Trd, 4319433.993, 85
Trd, 4319434.843, 96
Trd, 4319434.943, 97
Trd, 4319437.843, 95
Trd, 4319439.393, 87
Trd, 4319440.593, 97
Trd, 4319440.693, 86
Trd, 4319441.243, 86
Trd, 4319441.943, 104
Trd, 4319445.093, 113
Trd, 4319445.143, 104
Trd, 4319447.893, 120
Trd, 4319448.043, 134
Trd, 4319448.643, 112
Trd, 4319449.493, 112
Trd, 4319450.893, 89
Trd, 4319452.743, 83
Trd, 4319452.943, 95
Trd, 4319454.493, 114
Trd, 4319455.043, 113
Trd, 4319455.493, 116
Trd, 4319456.993, 81
Trd, 4319457.193, 80
Trd, 4319459.093, 94
Trd, 4319459.443, 95
Trd, 4319460.543, 81
Trd, 4319460.843, 82
Trd, 4319463.393, 84
Trd, 4319464.043, 97
Trd, 4319465.543, 126
Trd, 4319466.643, 85
Trd, 4319467.193, 106
Trd, 4319467.893, 98
Trd, 4319469.193, 95
Trd, 4319472.043, 97
Trd, 4319472.093, 95
Trd, 4319472.443, 95
Trd, 4319476.593, 113
Trd, 4319476.793, 119
Trd, 4319478.093, 104
Trd, 4319479.093, 113
Trd, 4319479.393, 118
Trd, 4319480.893, 95
Trd, 4319481.093, 99
Trd, 4319482.593, 84
Trd, 4319482.743, 131
Trd, 4319484.093, 78
Trd, 4319485.693, 93
Trd, 4319485.743, 84
Trd, 4319486.543, 99
Trd, 4319486.643, 104
Trd, 4319488.693, 83
Trd, 4319488.943, 82
Trd, 4319491.743, 82
Trd, 4319493.993, 104
Trd, 4319494.293, 82
Trd, 4319495.393, 83
Trd, 4319496.393, 82
Trd, 4319496.543, 94
Trd, 4319496.893, 95
Trd, 4319499.343, 83
Trd, 4319500.393, 86
Trd, 4319502.193, 97
Trd, 4319505.593, 114
Trd, 4319505.793, 124
Trd, 4319505.993, 113
Trd, 4319506.743, 111
Trd, 4319506.893, 104
Trd, 4319506.993, 124
Trd, 4319507.543, 95
Trd, 4319510.693, 103
Trd, 4319511.593, 103
Trd, 4319511.943, 104
Trd, 4319512.993, 92
Trd, 4319513.593, 96
Trd, 4319514.393, 91
Trd, 4319516.043, 86
Trd, 4319516.843, 102
Trd, 4319517.393, 80
Trd, 4319520.893, 117
Trd, 4319521.143, 113
Trd, 4319522.143, 99
Trd, 4319522.643, 97
Trd, 4319522.743, 96
Trd, 4319524.393, 101
Trd, 4319524.693, 96
Trd, 4319525.993, 97
Trd, 4319526.043, 104
Trd, 4319527.593, 139
Trd, 4319528.293, 122
Trd, 4319528.893, 113
Trd, 4319530.043, 112
Trd, 4319532.093, 104
Trd, 4319533.793, 128
Trd, 4319534.793, 99
Trd, 4319536.743, 122
Trd, 4319536.793, 132
Trd, 4319537.743, 113
Trd, 4319538.993, 104
Trd, 4319539.743, 113
Trd, 4319541.343, 106
Trd, 4319541.543, 96
Trd, 4319543.243, 104
Trd, 4319543.543, 97
Trd, 4319543.743, 75
Trd, 4319543.793, 105
Trd, 4319546.743, 89
Trd, 4319547.593, 99
Trd, 4319548.243, 86
Trd, 4319549.793, 122
Trd, 4319551.293, 92
Trd, 4319551.793, 125
Trd, 4319552.543, 80
Trd, 4319553.043, 77
Trd, 4319554.093, 96
Trd, 4319555.043, 99
Trd, 4319557.293, 94
Trd, 4319557.393, 79
Trd, 4319559.393, 95
Trd, 4319559.643, 104
Trd, 4319561.343, 129
Trd, 4319562.393, 78
Trd, 4319564.193, 77
Trd, 4319564.843, 98
Trd, 4319565.293, 79
Trd, 4319566.093, 94
Trd, 4319566.493, 77
Trd, 4319566.743, 101
Trd, 4319569.893, 84
Trd, 4319571.143, 98
Trd, 4319571.393, 84
Trd, 4319572.593, 99
Trd, 4319572.643, 102
Trd, 4319572.893, 104
Trd, 4319573.293, 86
Trd, 4319576.143, 130
Trd, 4319576.593, 83
Trd, 4319576.893, 84
Trd, 4319577.743, 95
Trd, 4319578.843, 104
Trd, 4319580.193, 113
Trd, 4319580.693, 102
Trd, 4319581.393, 95
Trd, 4319583.343, 111
Trd, 4319583.793, 111
Trd, 4319583.843, 85
Trd, 4319584.193, 74
Trd, 4319584.893, 132
Trd, 4319586.243, 77
Trd, 4319586.343, 93
Trd, 4319587.093, 102
Trd, 4319588.543, 78
Trd, 4319591.093, 98
Trd, 4319591.243, 86
Trd, 4319593.243, 96
Trd, 4319593.743, 130
Trd, 4319596.093, 125
Trd, 4319597.943, 118
Trd, 4319598.343, 122
Trd, 4319600.243, 113
Trd, 4319601.193, 97
Trd, 4319601.393, 129
Trd, 4319601.643, 131
Trd, 4319602.793, 113
Trd, 4319602.893, 104
Trd, 4319606.243, 124
Trd, 4319606.493, 115
Trd, 4319610.043, 111
Trd, 4319610.093, 104
Trd, 4319611.443, 128
Trd, 4319612.293, 83
Trd, 4319613.743, 103
Trd, 4319614.693, 87
Trd, 4319615.293, 77
Trd, 4319615.643, 76
Trd, 4319616.043, 104
Trd, 4319616.393, 140
Trd, 4319619.143, 84
Trd, 4319619.493, 99
Trd, 4319619.593, 104
Trd, 4319622.043, 86
Trd, 4319622.493, 95
Trd, 4319623.193, 99
Trd, 4319625.143, 117
Trd, 4319626.293, 111
Trd, 4319626.393, 110
Trd, 4319628.043, 117
Trd, 4319628.443, 104
Trd, 4319629.543, 95
Trd, 4319631.843, 121
Trd, 4319633.293, 96
Trd, 4319633.693, 103
Trd, 4319633.793, 82
Trd, 4319636.643, 78
Trd, 4319636.793, 77
Trd, 4319637.093, 95
Trd, 4319637.743, 100
Trd, 4319638.393, 71
Trd, 4319638.843, 131
Trd, 4319639.993, 138
Trd, 4319640.843, 70
Trd, 4319641.393, 102
Trd, 4319644.743, 86
Trd, 4319646.493, 104
Trd, 4319647.543, 91
Trd, 4319648.093, 129
Trd, 4319648.843, 122
Trd, 4319649.443, 104
Trd, 4319650.693, 118
Trd, 4319650.793, 126
Trd, 4319652.043, 77
Trd, 4319655.093, 85
Trd, 4319656.093, 113
Trd, 4319656.443, 82
Trd, 4319657.643, 83
Trd, 4319658.843, 114
Trd, 4319658.993, 120
Trd, 4319661.193, 79
Trd, 4319662.543, 80
Trd, 4319662.943, 86
Trd, 4319662.993, 78
Trd, 4319665.893, 103
Trd, 4319666.243, 87
Trd, 4319667.043, 104
Trd, 4319668.243, 80
Trd, 4319670.993, 84
Trd, 4319671.293, 83
Trd, 4319671.543, 108
Trd, 4319673.343, 83
Trd, 4319674.193, 83
Trd, 4319675.143, 105
Trd, 4319675.493, 85
Trd, 4319675.893, 111
Trd, 4319676.943, 116
Trd, 4319677.643, 131
Trd, 4319679.943, 106
Trd, 4319680.243, 136
Trd, 4319681.193, 104
Trd, 4319681.393, 107
Trd, 4319683.243, 81
Trd, 4319684.393, 94
Trd, 4319685.793, 78
Trd, 4319689.243, 102
Trd, 4319689.543, 78
Trd, 4319690.593, 100
Trd, 4319691.943, 87
Trd, 4319693.293, 89
Trd, 4319695.843, 95
Trd, 4319696.843, 91
Trd, 4319697.093, 85
Trd, 4319697.843, 91
Trd, 4319698.043, 77
Trd, 4319698.643, 85
Trd, 4319699.893, 104
Trd, 4319702.093, 79
Trd, 4319703.043, 79
Trd, 4319703.493, 78
Trd, 4319704.243, 135
Trd, 4319705.643, 113
Trd, 4319707.093, 96
Trd, 4319707.643, 98
Trd, 4319709.343, 113
Trd, 4319709.593, 104
Trd, 4319711.943, 77
Trd, 4319712.093, 111
Trd, 4319714.093, 96
Trd, 4319714.193, 79
Trd, 4319716.843, 122
Trd, 4319717.843, 110
Trd, 4319718.443, 126
Trd, 4319720.343, 94
Trd, 4319720.893, 99
Trd, 4319720.943, 93
Trd, 4319722.643, 120
Trd, 4319723.643, 99
Trd, 4319724.743, 83
Trd, 4319726.493, 114
Trd, 4319728.693, 113
Trd, 4319729.243, 104
Trd, 4319730.943, 95
Trd, 4319730.993, 78
Trd, 4319731.293, 117
Trd, 4319732.843, 126
Trd, 4319733.893, 93
Trd, 4319735.043, 124
Trd, 4319735.843, 114
Trd, 4319737.193, 95
Trd, 4319737.643, 95
Trd, 4319738.543, 101
Trd, 4319739.193, 94
Trd, 4319741.493, 98
Trd, 4319741.793, 122
Trd, 4319742.943, 95
Trd, 4319744.793, 82
Trd, 4319746.093, 123
Trd, 4319746.343, 113
Trd, 4319746.893, 100
Trd, 4319747.393, 95
Trd, 4319747.493, 77
Trd, 4319748.593, 70
Trd, 4319751.893, 129
Trd, 4319753.443, 118
Trd, 4319753.543, 112
Trd, 4319754.493, 96
Trd, 4319754.743, 95
Trd, 4319754.943, 120
Trd, 4319755.893, 127
Trd, 4319757.343, 110
Trd, 4319759.843, 88
Trd, 4319760.743, 94
Trd, 4319761.943, 89
Trd, 4319762.593, 91
Trd, 4319764.243, 116
Trd, 4319765.243, 94
Trd, 4319765.293, 93
Trd, 4319766.343, 115
Trd, 4319766.793, 116
Trd, 4319766.893, 113
Trd, 4319767.943, 97
Trd, 4319769.943, 82
Trd, 4319770.543, 76
Trd, 4319772.743, 95
Trd, 4319774.243, 86
Trd, 4319774.993, 96
Trd, 4319775.393, 70
Trd, 4319775.593, 104
Trd, 4319776.843, 80
Trd, 4319777.993, 95
Trd, 4319780.143, 126
Trd, 4319781.143, 114
Trd, 4319782.643, 95
Trd, 4319783.593, 116
Trd, 4319784.393, 113
Trd, 4319785.093, 123
Trd, 4319789.043, 111
Trd, 4319789.093, 106
Trd, 4319789.593, 104
Trd, 4319791.143, 113
Trd, 4319791.343, 88
Trd, 4319791.743, 115
Trd, 4319792.693, 83
Trd, 4319793.693, 112
Trd, 4319794.343, 96
Trd, 4319799.293, 88
Trd, 4319800.893, 113
Trd, 4319801.043, 89
Trd, 4319802.093, 93
Trd, 4319803.493, 82
Trd, 4319804.593, 88
Trd, 4319805.093, 79
Trd, 4319805.693, 89
Trd, 4319807.793, 92
Trd, 4319808.243, 104
Trd, 4319810.443, 98
Trd, 4319810.943, 90
Trd, 4319812.293, 113
Trd, 4319814.093, 104
Trd, 4319815.093, 86
Trd, 4319816.493, 123
Trd, 4319816.893, 112
Trd, 4319817.193, 88
Trd, 4319819.093, 89
Trd, 4319820.593, 88
Trd, 4319821.993, 92
Trd, 4319822.043, 78
Trd, 4319822.843, 95
Trd, 4319823.093, 104
Trd, 4319823.343, 77
Trd, 4319825.443, 78
Trd, 4319826.843, 94
Trd, 4319826.893, 76
Trd, 4319829.293, 96
Trd, 4319831.143, 98
Trd, 4319832.543, 95
Trd, 4319833.243, 95
Trd, 4319834.543, 100
Trd, 4319835.543, 81
Trd, 4319835.693, 97
Trd, 4319836.443, 104
Trd, 4319837.393, 126
Trd, 4319838.543, 101
Trd, 4319839.993, 92
Trd, 4319840.743, 117
Trd, 4319841.393, 130
Trd, 4319842.993, 98
Trd, 4319843.393, 95
Trd, 4319847.193, 84
Trd, 4319847.343, 86
Trd, 4319848.293, 85
Trd, 4319848.843, 104
Trd, 4319849.643, 123
Trd, 4319850.343, 95
Trd, 4319850.893, 86
Trd, 4319853.793, 104
Trd, 4319855.393, 124
Trd, 4319855.643, 113
Trd, 4319855.843, 103
Trd, 4319856.593, 84
Trd, 4319857.843, 77
Trd, 4319858.493, 139
Trd, 4319859.143, 104
Trd, 4319862.643, 123
Trd, 4319863.543, 96
Trd, 4319863.943, 121
Trd, 4319864.493, 110
Trd, 4319865.493, 78
Trd, 4319867.193, 77
Trd, 4319869.743, 95
Trd, 4319870.443, 104
Trd, 4319871.943, 81
Trd, 4319873.193, 81
Trd, 4319873.343, 94
Trd, 4319873.843, 80
Trd, 4319876.193, 85
Trd, 4319877.343, 80
Trd, 4319877.943, 93
Trd, 4319881.543, 88
Trd, 4319882.193, 104
Trd, 4319882.393, 89
Trd, 4319884.943, 116
Trd, 4319885.293, 113
Trd, 4319887.593, 106
Trd, 4319888.243, 116
Trd, 4319889.093, 106
Trd, 4319889.393, 104
Trd, 4319891.693, 116
Trd, 4319891.893, 116
Trd, 4319892.443, 113
Trd, 4319893.043, 104
Trd, 4319893.143, 95
Trd, 4319895.193, 86
Trd, 4319895.393, 92
Trd, 4319897.243, 81
Trd, 4319897.493, 101
Trd, 4319898.093, 82
Trd, 4319898.443, 104
Trd, 4319900.393, 111
Trd, 4319901.993, 116
Trd, 4319902.343, 113
Trd, 4319904.643, 92
Trd, 4319905.593, 90
Trd, 4319905.793, 89
Trd, 4319907.243, 79
Trd, 4319907.693, 95
Trd, 4319909.793, 100
Trd, 4319910.993, 104
Trd, 4319911.893, 86
Trd, 4319913.543, 124
Trd, 4319913.793, 128
Trd, 4319914.893, 89
Trd, 4319915.743, 78
Trd, 4319918.293, 83
Trd, 4319918.393, 96
Trd, 4319918.743, 82
Trd, 4319919.543, 78
Trd, 4319919.593, 104
Trd, 4319921.143, 81
Trd, 4319922.143, 81
Trd, 4319923.693, 102
Trd, 4319924.343, 100
Trd, 4319925.443, 97
Trd, 4319925.493, 104
Trd, 4319927.293, 101
Trd, 4319927.793, 140
Trd, 4319929.243, 78
Trd, 4319931.143, 112
Trd, 4319933.543, 113
Trd, 4319933.843, 87
Trd, 4319934.893, 88
Trd, 4319936.143, 77
Trd, 4319936.393, 96
Trd, 4319938.943, 82
Trd, 4319939.343, 103
Trd, 4319941.793, 113
Trd, 4319941.943, 113
Trd, 4319942.343, 95
Trd, 4319943.743, 84
Trd, 4319944.593, 80
Trd, 4319945.343, 109
Trd, 4319946.743, 105
Trd, 4319947.593, 113
Trd, 4319950.093, 119
Trd, 4319950.493, 103
Trd, 4319952.343, 109
Trd, 4319952.443, 112
Trd, 4319953.043, 105
Trd, 4319954.343, 104
Trd, 4319955.093, 95
Trd, 4319955.393, 129
Trd, 4319955.493, 77
Trd, 4319959.293, 124
Trd, 4319959.393, 122
Trd, 4319960.493, 98
Trd, 4319962.293, 126
Trd, 4319962.343, 118
Trd, 4319962.443, 113
Trd, 4319964.893, 105
Trd, 4319965.593, 104
Trd, 4319966.543, 98
Trd, 4319966.693, 127
Trd, 4319968.643, 96
Trd, 4319970.243, 126
Trd, 4319970.293, 122
Trd, 4319970.793, 112
Trd, 4319974.993, 94
Trd, 4319975.443, 99
Trd, 4319976.093, 93
Trd, 4319976.693, 99
Trd, 4319978.993, 109
Trd, 4319979.843, 98
Trd, 4319980.143, 96
Trd, 4319980.243, 97
Trd, 4319981.393, 97
Trd, 4319982.543, 116
Trd, 4319982.993, 113
Trd, 4319985.893, 120
Trd, 4319986.743, 97
Trd, 4319987.043, 95
Trd, 4319988.193, 121
Trd, 4319988.293, 77
Trd, 4319990.093, 113
Trd, 4319990.593, 112
Trd, 4319991.093, 77
Trd, 4319991.993, 113
Trd, 4319992.893, 121
Trd, 4319994.943, 82
Trd, 4319995.093, 81
Trd, 4319996.743, 78
Trd, 4319997.843, 86
Trd, 4319999.043, 79
