Trd, 4317852.043, 95
Trd, 4317852.443, 95
Trd, 4317853.193, 95
Trd, 4317854.193, 96
Trd, 4317855.893, 99
Trd, 4317856.793, 98
Trd, 4317856.893, 96
Trd, 4317858.193, 96
Trd, 4317858.293, 95
Trd, 4317861.293, 87
Trd, 4317861.643, 87
Trd, 4317864.693, 93
Trd, 4317865.193, 93
Trd, 4317865.993, 96
Trd, 4317868.843, 100
Trd, 4317869.343, 99
Trd, 4317869.493, 97
Trd, 4317872.093, 101
Trd, 4317873.493, 105
Trd, 4317874.993, 104
Trd, 4317878.143, 107
Trd, 4317878.943, 108
Trd, 4317879.393, 106
Trd, 4317881.343, 108
Trd, 4317881.493, 107
Trd, 4317882.043, 104
Trd, 4317882.593, 72
Trd, 4317883.193, 70
Trd, 4317883.693, 72
Trd, 4317886.443, 81
Trd, 4317888.493, 88
Trd, 4317889.893, 94
Trd, 4317890.493, 96
Trd, 4317892.793, 100
Trd, 4317894.443, 105
Trd, 4317895.743, 106
Trd, 4317895.793, 104
Trd, 4317898.843, 82
Trd, 4317899.843, 83
Trd, 4317900.543, 83
Trd, 4317903.543, 94
Trd, 4317903.943, 94
Trd, 4317904.843, 95
Trd, 4317907.543, 98
Trd, 4317908.843, 96
Trd, 4317911.293, 101
Trd, 4317912.343, 102
Trd, 4317913.643, 103
Trd, 4317914.093, 98
Trd, 4317915.193, 98
Trd, 4317916.193, 97
Trd, 4317919.993, 91
Trd, 4317920.143, 90
Trd, 4317920.993, 91
Trd, 4317924.143, 93
Trd, 4317924.593, 92
Trd, 4317927.743, 76
Trd, 4317928.293, 81
Trd, 4317928.843, 82
Trd, 4317931.643, 90
Trd, 4317932.993, 92
Trd, 4317933.093, 89
Trd, 4317934.893, 93
Trd, 4317935.343, 94
Trd, 4317935.743, 95
Trd, 4317936.843, 98
Trd, 4317938.043, 104
Trd, 4317938.943, 104
Trd, 4317939.593, 96
Trd, 4317940.143, 95
Trd, 4317940.943, 84
Trd, 4317943.243, 78
Trd, 4317946.343, 101
Trd, 4317946.643, 102
Trd, 4317947.293, 104
Trd, 4317949.543, 110
Trd, 4317950.093, 109
Trd, 4317950.143, 104
Trd, 4317951.093, 95
Trd, 4317952.843, 88
Trd, 4317953.993, 93
Trd, 4317954.843, 95
Trd, 4317955.693, 95
Trd, 4317955.943, 96
Trd, 4317956.343, 95
Trd, 4317958.493, 79
Trd, 4317962.143, 88
Trd, 4317963.943, 95
Trd, 4317964.593, 95
Trd, 4317966.643, 70
Trd, 4317969.443, 80
Trd, 4317970.893, 83
Trd, 4317971.743, 86
Trd, 4317973.343, 88
Trd, 4317974.893, 93
Trd, 4317975.493, 96
Trd, 4317977.643, 93
Trd, 4317979.343, 94
Trd, 4317980.743, 71
Trd, 4317984.343, 89
Trd, 4317985.493, 95
Trd, 4317985.743, 95
Trd, 4317987.393, 96
Trd, 4317989.493, 95
Trd, 4317991.993, 79
Trd, 4317995.093, 94
Trd, 4317995.593, 96
Trd, 4317996.593, 99
Trd, 4317998.143, 105
Trd, 4317998.593, 104
Trd, 4318000.043, 109
Trd, 4318001.693, 112
Trd, 4318003.693, 112
Trd, 4318003.793, 111
Trd, 4318006.393, 103
Trd, 4318006.443, 102
Trd, 4318007.743, 102
Trd, 4318009.693, 103
Trd, 4318010.443, 104
Trd, 4318011.293, 96
Trd, 4318012.293, 98
Trd, 4318013.243, 97
Trd, 4318013.343, 95
Trd, 4318014.143, 73
Trd, 4318018.993, 86
Trd, 4318019.193, 85
Trd, 4318020.293, 91
Trd, 4318023.293, 103
Trd, 4318023.343, 102
Trd, 4318024.043, 103
Trd, 4318024.993, 104
Trd, 4318026.343, 106
Trd, 4318027.193, 103
Trd, 4318028.093, 105
Trd, 4318030.193, 109
Trd, 4318030.243, 108
Trd, 4318032.243, 86
Trd, 4318034.343, 82
Trd, 4318035.293, 86
Trd, 4318036.443, 95
Trd, 4318037.943, 103
Trd, 4318038.043, 101
Trd, 4318038.743, 102
Trd, 4318039.143, 100
Trd, 4318043.143, 89
Trd, 4318045.443, 96
Trd, 4318046.843, 99
Trd, 4318047.993, 102
Trd, 4318048.293, 101
Trd, 4318048.343, 100
Trd, 4318052.093, 73
Trd, 4318053.093, 79
Trd, 4318056.043, 85
Trd, 4318057.193, 94
Trd, 4318058.543, 96
Trd, 4318058.593, 94
Trd, 4318059.393, 95
Trd, 4318060.643, 86
Trd, 4318066.243, 94
Trd, 4318066.693, 93
Trd, 4318066.893, 92
Trd, 4318069.843, 95
Trd, 4318070.693, 98
Trd, 4318071.343, 99
Trd, 4318071.543, 98
Trd, 4318074.193, 100
Trd, 4318075.093, 100
Trd, 4318076.343, 99
Trd, 4318076.893, 101
Trd, 4318077.343, 100
Trd, 4318078.243, 97
Trd, 4318080.143, 101
Trd, 4318080.643, 102
Trd, 4318081.943, 72
Trd, 4318082.393, 73
Trd, 4318086.293, 89
Trd, 4318088.143, 98
Trd, 4318088.643, 95
Trd, 4318089.393, 68
Trd, 4318092.093, 76
Trd, 4318093.193, 77
Trd, 4318096.493, 100
Trd, 4318096.843, 101
Trd, 4318096.943, 100
Trd, 4318098.793, 99
Trd, 4318100.243, 104
Trd, 4318102.693, 108
Trd, 4318103.743, 109
Trd, 4318104.043, 106
Trd, 4318104.443, 104
Trd, 4318105.093, 71
Trd, 4318107.593, 78
Trd, 4318107.893, 79
Trd, 4318108.793, 81
Trd, 4318111.143, 86
Trd, 4318111.693, 87
Trd, 4318112.843, 91
Trd, 4318114.593, 94
Trd, 4318116.543, 97
Trd, 4318116.643, 96
Trd, 4318118.143, 98
Trd, 4318119.693, 105
Trd, 4318120.293, 105
Trd, 4318120.993, 104
Trd, 4318122.643, 107
Trd, 4318124.443, 115
Trd, 4318124.893, 113
Trd, 4318125.193, 113
Trd, 4318126.193, 115
Trd, 4318126.493, 104
Trd, 4318130.293, 106
Trd, 4318131.793, 107
Trd, 4318133.093, 108
Trd, 4318134.343, 109
Trd, 4318134.893, 110
Trd, 4318135.343, 110
Trd, 4318136.043, 96
Trd, 4318138.743, 104
Trd, 4318139.443, 105
Trd, 4318140.093, 103
Trd, 4318142.343, 87
Trd, 4318142.843, 85
Trd, 4318144.643, 87
Trd, 4318147.393, 99
Trd, 4318149.243, 104
Trd, 4318149.543, 105
Trd, 4318149.943, 101
Trd, 4318152.643, 100
Trd, 4318154.443, 104
Trd, 4318154.943, 104
Trd, 4318156.693, 81
Trd, 4318158.943, 90
Trd, 4318159.793, 96
Trd, 4318161.093, 97
Trd, 4318162.493, 99
Trd, 4318164.943, 105
Trd, 4318165.843, 108
Trd, 4318166.143, 108
Trd, 4318167.143, 104
Trd, 4318168.193, 100
Trd, 4318169.343, 102
Trd, 4318171.243, 104
Trd, 4318171.543, 104
Trd, 4318172.643, 105
Trd, 4318174.143, 99
Trd, 4318175.493, 101
Trd, 4318175.843, 101
Trd, 4318178.493, 104
Trd, 4318179.343, 96
Trd, 4318182.693, 103
Trd, 4318182.743, 100
Trd, 4318183.743, 95
Trd, 4318185.643, 80
Trd, 4318189.193, 84
Trd, 4318189.443, 85
Trd, 4318191.043, 87
Trd, 4318192.743, 90
Trd, 4318194.243, 95
Trd, 4318195.143, 97
Trd, 4318195.393, 97
Trd, 4318197.543, 100
Trd, 4318198.843, 99
Trd, 4318199.593, 97
Trd, 4318201.043, 77
Trd, 4318202.593, 85
Trd, 4318204.993, 96
Trd, 4318206.143, 99
Trd, 4318206.393, 98
Trd, 4318208.093, 99
Trd, 4318208.193, 98
Trd, 4318208.993, 100
Trd, 4318210.493, 99
Trd, 4318214.693, 90
Trd, 4318215.193, 93
Trd, 4318216.243, 93
Trd, 4318218.493, 96
Trd, 4318219.093, 98
Trd, 4318219.693, 99
Trd, 4318220.593, 100
Trd, 4318221.193, 99
Trd, 4318225.093, 88
Trd, 4318226.943, 93
Trd, 4318227.143, 92
Trd, 4318228.493, 97
Trd, 4318228.743, 96
Trd, 4318230.693, 98
Trd, 4318231.093, 97
Trd, 4318231.143, 95
Trd, 4318233.643, 85
Trd, 4318234.743, 88
Trd, 4318236.893, 96
Trd, 4318238.043, 100
Trd, 4318238.443, 100
Trd, 4318239.943, 98
Trd, 4318241.693, 104
Trd, 4318241.943, 88
Trd, 4318244.543, 95
Trd, 4318247.993, 106
Trd, 4318248.443, 106
Trd, 4318249.893, 105
Trd, 4318250.443, 105
Trd, 4318251.143, 105
Trd, 4318252.493, 95
Trd, 4318255.543, 81
Trd, 4318258.393, 96
Trd, 4318260.043, 99
Trd, 4318260.193, 98
Trd, 4318260.393, 86
Trd, 4318262.943, 97
Trd, 4318263.993, 98
Trd, 4318264.343, 98
Trd, 4318265.043, 98
Trd, 4318266.843, 99
Trd, 4318270.093, 108
Trd, 4318270.543, 109
Trd, 4318270.843, 108
Trd, 4318270.943, 104
Trd, 4318271.993, 69
Trd, 4318273.993, 91
Trd, 4318274.043, 89
Trd, 4318277.093, 98
Trd, 4318277.143, 97
Trd, 4318280.843, 98
Trd, 4318281.493, 102
Trd, 4318281.643, 100
Trd, 4318282.093, 99
Trd, 4318287.493, 86
Trd, 4318287.993, 88
Trd, 4318289.893, 95
Trd, 4318290.193, 94
Trd, 4318292.593, 96
Trd, 4318293.343, 97
Trd, 4318293.643, 94
Trd, 4318296.743, 98
Trd, 4318297.093, 98
Trd, 4318297.143, 97
Trd, 4318299.093, 102
Trd, 4318301.193, 103
Trd, 4318301.743, 102
Trd, 4318302.243, 102
Trd, 4318304.143, 102
Trd, 4318305.643, 98
Trd, 4318306.493, 100
Trd, 4318307.343, 101
Trd, 4318307.393, 100
Trd, 4318311.693, 107
Trd, 4318312.293, 107
Trd, 4318313.593, 110
Trd, 4318314.993, 111
Trd, 4318315.143, 110
Trd, 4318315.943, 107
Trd, 4318315.993, 104
Trd, 4318317.793, 76
Trd, 4318321.243, 84
Trd, 4318323.043, 93
Trd, 4318323.843, 95
Trd, 4318324.693, 96
Trd, 4318324.793, 95
Trd, 4318325.193, 68
Trd, 4318330.493, 94
Trd, 4318331.193, 95
Trd, 4318331.693, 98
Trd, 4318333.443, 104
Trd, 4318333.843, 105
Trd, 4318335.743, 105
Trd, 4318336.893, 106
Trd, 4318337.993, 108
Trd, 4318338.493, 104
Trd, 4318340.393, 105
Trd, 4318340.543, 106
Trd, 4318340.743, 104
Trd, 4318342.393, 106
Trd, 4318345.843, 82
Trd, 4318346.743, 84
Trd, 4318350.043, 96
Trd, 4318351.643, 95
Trd, 4318353.543, 101
Trd, 4318354.093, 102
Trd, 4318355.993, 103
Trd, 4318357.543, 97
Trd, 4318358.643, 99
Trd, 4318358.993, 98
Trd, 4318359.093, 97
Trd, 4318361.443, 100
Trd, 4318361.493, 98
Trd, 4318362.243, 99
Trd, 4318362.593, 99
Trd, 4318363.293, 95
Trd, 4318365.443, 90
Trd, 4318367.443, 96
Trd, 4318367.843, 97
Trd, 4318369.593, 100
Trd, 4318369.893, 101
Trd, 4318371.493, 104
Trd, 4318372.043, 104
Trd, 4318373.193, 102
Trd, 4318373.493, 101
Trd, 4318377.843, 111
Trd, 4318378.493, 110
Trd, 4318379.593, 109
Trd, 4318379.843, 108
Trd, 4318381.093, 106
Trd, 4318381.793, 104
Trd, 4318382.093, 96
Trd, 4318386.893, 90
Trd, 4318388.743, 97
Trd, 4318389.593, 98
Trd, 4318390.143, 97
Trd, 4318390.843, 97
Trd, 4318391.793, 96
Trd, 4318394.393, 98
Trd, 4318397.193, 105
Trd, 4318397.343, 104
Trd, 4318397.643, 102
Trd, 4318399.893, 72
Trd, 4318400.493, 86
Trd, 4318401.043, 78
Trd, 4318405.493, 96
Trd, 4318406.193, 98
Trd, 4318406.693, 98
Trd, 4318410.293, 103
Trd, 4318411.293, 103
Trd, 4318413.143, 102
Trd, 4318414.043, 104
Trd, 4318415.193, 107
Trd, 4318415.593, 106
Trd, 4318416.093, 96
Trd, 4318417.193, 77
Trd, 4318422.343, 89
Trd, 4318422.993, 90
Trd, 4318425.693, 95
Trd, 4318426.893, 96
Trd, 4318427.043, 95
Trd, 4318429.493, 86
Trd, 4318431.593, 93
Trd, 4318432.093, 92
Trd, 4318433.843, 70
Trd, 4318436.193, 88
Trd, 4318438.443, 97
Trd, 4318438.643, 95
Trd, 4318438.793, 95
Trd, 4318442.143, 96
Trd, 4318442.293, 94
Trd, 4318442.693, 93
Trd, 4318444.543, 94
Trd, 4318447.293, 99
Trd, 4318448.293, 99
Trd, 4318448.343, 98
Trd, 4318451.043, 100
Trd, 4318451.893, 100
Trd, 4318452.793, 98
Trd, 4318456.843, 93
Trd, 4318457.643, 96
Trd, 4318458.293, 97
Trd, 4318459.693, 99
Trd, 4318460.343, 101
Trd, 4318461.193, 103
Trd, 4318462.993, 98
Trd, 4318464.043, 99
Trd, 4318464.543, 98
Trd, 4318467.343, 98
Trd, 4318467.943, 96
Trd, 4318468.943, 98
Trd, 4318469.543, 97
Trd, 4318470.943, 98
Trd, 4318472.143, 103
Trd, 4318473.393, 105
Trd, 4318473.543, 103
Trd, 4318473.743, 95
Trd, 4318477.893, 91
Trd, 4318479.143, 91
Trd, 4318482.293, 80
Trd, 4318485.993, 88
Trd, 4318487.343, 92
Trd, 4318487.543, 93
Trd, 4318488.293, 95
Trd, 4318488.793, 95
Trd, 4318488.843, 94
Trd, 4318494.243, 87
Trd, 4318494.893, 90
Trd, 4318495.393, 92
Trd, 4318497.043, 92
Trd, 4318500.793, 76
Trd, 4318501.943, 71
Trd, 4318504.143, 77
Trd, 4318504.393, 78
Trd, 4318505.293, 82
Trd, 4318507.443, 94
Trd, 4318508.043, 97
Trd, 4318508.743, 100
Trd, 4318511.743, 103
Trd, 4318512.343, 101
Trd, 4318513.993, 104
Trd, 4318515.143, 105
Trd, 4318515.343, 105
Trd, 4318515.893, 104
Trd, 4318516.893, 95
Trd, 4318519.693, 83
Trd, 4318519.843, 82
Trd, 4318523.643, 90
Trd, 4318523.793, 89
Trd, 4318525.543, 92
Trd, 4318530.243, 96
Trd, 4318531.643, 101
Trd, 4318532.243, 102
Trd, 4318532.943, 102
Trd, 4318533.243, 97
Trd, 4318536.043, 95
Trd, 4318537.343, 102
Trd, 4318538.743, 108
Trd, 4318539.193, 107
Trd, 4318539.693, 108
Trd, 4318541.243, 81
Trd, 4318544.993, 105
Trd, 4318545.393, 106
Trd, 4318546.893, 107
Trd, 4318547.393, 109
Trd, 4318550.193, 117
Trd, 4318550.393, 116
Trd, 4318550.993, 113
Trd, 4318551.893, 96
Trd, 4318553.693, 102
Trd, 4318554.593, 102
Trd, 4318555.193, 99
Trd, 4318558.193, 101
Trd, 4318558.293, 99
Trd, 4318561.993, 85
Trd, 4318564.793, 98
Trd, 4318565.143, 98
Trd, 4318566.093, 97
Trd, 4318566.843, 95
Trd, 4318569.543, 77
Trd, 4318573.143, 96
Trd, 4318573.993, 99
Trd, 4318574.493, 99
Trd, 4318574.843, 100
Trd, 4318575.393, 102
Trd, 4318578.243, 107
Trd, 4318578.793, 108
Trd, 4318578.843, 107
Trd, 4318580.143, 104
Trd, 4318581.843, 86
Trd, 4318585.493, 97
Trd, 4318587.543, 103
Trd, 4318587.743, 102
Trd, 4318587.993, 97
Trd, 4318588.593, 96
Trd, 4318590.643, 99
Trd, 4318591.793, 102
Trd, 4318592.393, 101
Trd, 4318595.093, 107
Trd, 4318595.293, 105
Trd, 4318596.693, 106
Trd, 4318598.343, 105
Trd, 4318598.643, 106
Trd, 4318598.993, 104
Trd, 4318601.693, 98
Trd, 4318603.543, 101
Trd, 4318604.143, 104
Trd, 4318605.193, 104
Trd, 4318606.743, 104
Trd, 4318607.143, 106
Trd, 4318608.743, 105
Trd, 4318611.693, 73
Trd, 4318612.193, 75
Trd, 4318614.893, 81
Trd, 4318615.743, 83
Trd, 4318616.993, 86
Trd, 4318619.243, 95
Trd, 4318620.343, 97
Trd, 4318622.393, 77
Trd, 4318622.443, 79
Trd, 4318623.693, 86
Trd, 4318624.293, 87
Trd, 4318625.543, 89
Trd, 4318627.593, 97
Trd, 4318628.993, 102
Trd, 4318629.843, 104
Trd, 4318630.093, 104
Trd, 4318630.393, 103
Trd, 4318631.243, 95
Trd, 4318633.593, 90
Trd, 4318634.993, 99
Trd, 4318636.393, 98
Trd, 4318637.843, 95
Trd, 4318641.343, 84
Trd, 4318643.093, 90
Trd, 4318643.193, 89
Trd, 4318644.543, 92
Trd, 4318644.893, 91
Trd, 4318645.393, 92
Trd, 4318649.093, 90
Trd, 4318652.343, 98
Trd, 4318652.693, 97
Trd, 4318653.243, 97
Trd, 4318654.143, 98
Trd, 4318654.393, 96
Trd, 4318656.343, 88
Trd, 4318660.093, 95
Trd, 4318660.643, 96
Trd, 4318660.743, 95
Trd, 4318661.893, 95
Trd, 4318662.843, 95
Trd, 4318663.693, 96
Trd, 4318666.243, 95
Trd, 4318667.093, 94
Trd, 4318668.693, 100
Trd, 4318669.343, 100
Trd, 4318671.493, 101
Trd, 4318672.543, 96
Trd, 4318672.843, 95
Trd, 4318674.243, 71
Trd, 4318676.293, 81
Trd, 4318678.593, 89
Trd, 4318678.643, 88
Trd, 4318679.593, 90
Trd, 4318680.793, 95
Trd, 4318682.193, 98
Trd, 4318683.743, 99
Trd, 4318684.543, 102
Trd, 4318686.243, 99
Trd, 4318687.493, 99
Trd, 4318688.743, 72
Trd, 4318690.693, 89
Trd, 4318693.043, 93
Trd, 4318693.443, 95
Trd, 4318695.543, 104
Trd, 4318697.393, 104
Trd, 4318698.343, 103
Trd, 4318699.043, 103
Trd, 4318699.993, 108
Trd, 4318700.793, 107
Trd, 4318702.143, 104
Trd, 4318702.993, 107
Trd, 4318705.443, 111
Trd, 4318705.543, 107
Trd, 4318706.493, 106
Trd, 4318706.743, 105
Trd, 4318707.743, 104
Trd, 4318709.093, 78
Trd, 4318711.343, 77
Trd, 4318712.843, 81
Trd, 4318716.243, 84
Trd, 4318717.993, 88
Trd, 4318719.843, 95
Trd, 4318720.843, 99
Trd, 4318721.493, 101
Trd, 4318721.793, 100
Trd, 4318724.743, 106
Trd, 4318725.893, 106
Trd, 4318726.143, 106
Trd, 4318726.893, 106
Trd, 4318726.993, 95
Trd, 4318728.093, 90
Trd, 4318732.643, 101
Trd, 4318732.793, 101
Trd, 4318733.093, 102
Trd, 4318734.993, 105
Trd, 4318735.443, 104
Trd, 4318735.793, 102
Trd, 4318736.043, 95
Trd, 4318737.643, 85
Trd, 4318740.843, 96
Trd, 4318743.143, 101
Trd, 4318743.343, 102
Trd, 4318743.843, 101
Trd, 4318744.393, 101
Trd, 4318746.543, 108
Trd, 4318747.843, 111
Trd, 4318749.493, 105
Trd, 4318750.593, 107
Trd, 4318751.843, 105
Trd, 4318752.393, 105
Trd, 4318752.593, 104
Trd, 4318754.543, 100
Trd, 4318755.243, 104
Trd, 4318760.093, 98
Trd, 4318760.643, 99
Trd, 4318760.993, 99
Trd, 4318761.293, 100
Trd, 4318762.793, 102
Trd, 4318764.193, 96
Trd, 4318764.293, 95
Trd, 4318767.393, 84
Trd, 4318768.643, 85
Trd, 4318772.143, 94
Trd, 4318772.893, 96
Trd, 4318774.943, 101
Trd, 4318776.393, 104
Trd, 4318776.443, 103
Trd, 4318776.643, 102
Trd, 4318780.543, 93
Trd, 4318780.843, 94
Trd, 4318781.143, 94
Trd, 4318781.693, 95
Trd, 4318782.393, 98
Trd, 4318785.493, 99
Trd, 4318786.393, 103
Trd, 4318786.893, 105
Trd, 4318787.143, 103
Trd, 4318788.993, 106
Trd, 4318789.393, 105
Trd, 4318790.043, 95
Trd, 4318790.793, 72
Trd, 4318797.143, 95
Trd, 4318797.743, 98
Trd, 4318798.093, 98
Trd, 4318798.493, 96
Trd, 4318800.743, 104
Trd, 4318801.693, 107
Trd, 4318802.243, 106
Trd, 4318802.393, 104
Trd, 4318802.993, 77
Trd, 4318804.143, 79
Trd, 4318809.643, 96
Trd, 4318810.193, 99
Trd, 4318810.493, 98
Trd, 4318811.043, 98
Trd, 4318811.393, 97
Trd, 4318815.743, 107
Trd, 4318817.143, 112
Trd, 4318817.293, 109
Trd, 4318817.843, 105
Trd, 4318819.043, 104
Trd, 4318820.593, 95
Trd, 4318824.643, 91
Trd, 4318825.693, 87
Trd, 4318827.093, 87
Trd, 4318827.593, 88
Trd, 4318828.893, 88
Trd, 4318833.343, 89
Trd, 4318833.743, 90
Trd, 4318834.143, 89
Trd, 4318837.493, 93
Trd, 4318839.943, 97
Trd, 4318840.843, 101
Trd, 4318841.393, 100
Trd, 4318841.593, 99
Trd, 4318843.293, 107
Trd, 4318843.693, 107
Trd, 4318845.193, 99
Trd, 4318845.343, 99
Trd, 4318847.843, 79
Trd, 4318848.143, 78
Trd, 4318850.793, 87
Trd, 4318851.343, 91
Trd, 4318853.043, 96
Trd, 4318853.393, 97
Trd, 4318854.643, 102
Trd, 4318855.993, 104
Trd, 4318856.543, 105
Trd, 4318857.143, 107
Trd, 4318857.493, 107
Trd, 4318858.693, 106
Trd, 4318859.143, 105
Trd, 4318862.193, 107
Trd, 4318862.843, 105
Trd, 4318865.443, 106
Trd, 4318866.043, 106
Trd, 4318866.293, 106
Trd, 4318867.193, 104
Trd, 4318869.443, 98
Trd, 4318870.543, 99
Trd, 4318871.793, 98
Trd, 4318872.043, 97
Trd, 4318874.943, 104
Trd, 4318875.493, 105
Trd, 4318876.143, 106
Trd, 4318877.543, 106
Trd, 4318878.643, 106
Trd, 4318878.693, 105
Trd, 4318879.793, 104
Trd, 4318882.343, 97
Trd, 4318883.743, 101
Trd, 4318885.393, 102
Trd, 4318887.743, 103
Trd, 4318888.043, 104
Trd, 4318888.093, 103
Trd, 4318888.693, 96
Trd, 4318892.893, 86
Trd, 4318893.193, 87
Trd, 4318896.043, 95
Trd, 4318896.343, 96
Trd, 4318896.443, 94
Trd, 4318897.693, 89
Trd, 4318899.093, 79
Trd, 4318901.943, 90
Trd, 4318902.893, 93
Trd, 4318903.843, 94
Trd, 4318905.193, 97
Trd, 4318907.193, 101
Trd, 4318907.793, 102
Trd, 4318908.543, 103
Trd, 4318909.143, 104
Trd, 4318910.343, 105
Trd, 4318911.443, 100
Trd, 4318912.143, 100
Trd, 4318912.493, 99
Trd, 4318915.943, 95
Trd, 4318916.093, 96
Trd, 4318916.793, 98
Trd, 4318917.593, 95
Trd, 4318919.093, 86
Trd, 4318921.093, 69
Trd, 4318922.793, 69
Trd, 4318926.243, 76
Trd, 4318928.793, 85
Trd, 4318930.093, 92
Trd, 4318932.393, 95
Trd, 4318932.893, 97
Trd, 4318933.493, 96
Trd, 4318935.093, 96
Trd, 4318936.943, 100
Trd, 4318938.543, 103
Trd, 4318939.243, 102
Trd, 4318939.943, 101
Trd, 4318943.943, 79
Trd, 4318944.093, 81
Trd, 4318946.143, 92
Trd, 4318947.393, 92
Trd, 4318947.843, 95
Trd, 4318948.743, 99
Trd, 4318949.443, 101
Trd, 4318951.593, 102
Trd, 4318952.793, 106
Trd, 4318954.693, 108
Trd, 4318956.293, 106
Trd, 4318957.543, 104
Trd, 4318958.893, 97
Trd, 4318959.743, 99
Trd, 4318962.043, 104
Trd, 4318962.793, 104
Trd, 4318963.493, 104
Trd, 4318965.443, 86
Trd, 4318969.693, 102
Trd, 4318970.693, 104
Trd, 4318970.743, 102
Trd, 4318971.093, 100
Trd, 4318973.943, 100
Trd, 4318975.193, 101
Trd, 4318976.043, 101
Trd, 4318976.193, 100
Trd, 4318977.993, 82
Trd, 4318981.793, 91
Trd, 4318983.093, 91
Trd, 4318984.343, 95
Trd, 4318984.443, 94
Trd, 4318986.893, 80
Trd, 4318990.693, 93
Trd, 4318991.643, 98
Trd, 4318991.793, 95
Trd, 4318993.843, 97
Trd, 4318994.543, 99
Trd, 4318994.743, 98
Trd, 4318996.043, 100
Trd, 4318997.393, 104
Trd, 4318997.843, 103
Trd, 4318998.643, 96
Trd, 4319001.493, 102
Trd, 4319001.793, 100
Trd, 4319004.593, 93
Trd, 4319005.143, 94
Trd, 4319006.293, 95
Trd, 4319008.193, 103
Trd, 4319008.593, 105
Trd, 4319009.093, 105
Trd, 4319010.893, 108
Trd, 4319011.193, 107
Trd, 4319011.443, 104
Trd, 4319013.293, 95
Trd, 4319019.643, 94
Trd, 4319021.393, 101
Trd, 4319021.493, 101
Trd, 4319021.943, 100
Trd, 4319023.843, 104
Trd, 4319024.943, 103
Trd, 4319027.393, 108
Trd, 4319027.743, 108
Trd, 4319028.043, 107
Trd, 4319029.793, 95
Trd, 4319032.143, 78
Trd, 4319033.143, 85
Trd, 4319036.243, 94
Trd, 4319036.943, 95
Trd, 4319039.193, 98
Trd, 4319041.143, 104
Trd, 4319041.343, 103
Trd, 4319042.043, 103
Trd, 4319043.393, 104
Trd, 4319044.193, 96
Trd, 4319044.393, 85
Trd, 4319044.843, 69
Trd, 4319048.793, 81
Trd, 4319051.593, 95
Trd, 4319051.893, 96
Trd, 4319052.843, 96
Trd, 4319053.643, 100
Trd, 4319055.343, 102
Trd, 4319056.443, 103
Trd, 4319056.943, 103
Trd, 4319060.043, 101
Trd, 4319061.193, 105
Trd, 4319061.793, 108
Trd, 4319062.493, 106
Trd, 4319064.443, 98
Trd, 4319067.143, 87
Trd, 4319067.793, 92
Trd, 4319069.643, 103
Trd, 4319070.443, 105
Trd, 4319071.193, 97
Trd, 4319074.293, 104
Trd, 4319074.443, 103
Trd, 4319074.543, 101
Trd, 4319074.793, 95
Trd, 4319078.943, 93
Trd, 4319079.693, 94
Trd, 4319082.993, 97
Trd, 4319084.343, 102
Trd, 4319084.393, 101
Trd, 4319085.593, 101
Trd, 4319085.643, 100
Trd, 4319087.943, 103
Trd, 4319089.493, 104
Trd, 4319089.693, 103
Trd, 4319092.843, 102
Trd, 4319094.193, 103
Trd, 4319094.343, 95
Trd, 4319096.343, 81
Trd, 4319100.593, 94
Trd, 4319100.743, 94
Trd, 4319102.493, 98
Trd, 4319103.093, 99
Trd, 4319104.393, 101
Trd, 4319105.693, 102
Trd, 4319107.293, 81
Trd, 4319109.293, 95
Trd, 4319109.393, 96
Trd, 4319111.043, 105
Trd, 4319111.643, 107
Trd, 4319111.943, 105
Trd, 4319113.893, 87
Trd, 4319115.243, 73
Trd, 4319118.443, 78
Trd, 4319121.893, 94
Trd, 4319122.343, 96
Trd, 4319122.443, 95
Trd, 4319122.493, 94
Trd, 4319126.493, 99
Trd, 4319127.693, 100
Trd, 4319128.043, 99
Trd, 4319128.443, 98
Trd, 4319129.043, 95
Trd, 4319133.793, 95
Trd, 4319133.893, 95
Trd, 4319134.393, 95
Trd, 4319136.143, 105
Trd, 4319136.393, 103
Trd, 4319136.543, 102
Trd, 4319138.893, 69
Trd, 4319141.543, 75
Trd, 4319142.393, 79
Trd, 4319146.443, 93
Trd, 4319147.293, 96
Trd, 4319148.593, 102
Trd, 4319148.793, 101
Trd, 4319149.493, 103
Trd, 4319149.943, 103
Trd, 4319151.243, 104
Trd, 4319151.643, 103
Trd, 4319152.243, 95
Trd, 4319158.493, 86
Trd, 4319158.943, 85
Trd, 4319159.393, 87
Trd, 4319160.993, 92
Trd, 4319162.443, 95
Trd, 4319163.243, 99
Trd, 4319165.243, 105
Trd, 4319166.793, 104
Trd, 4319168.843, 94
Trd, 4319170.543, 97
Trd, 4319170.943, 95
Trd, 4319172.193, 95
Trd, 4319174.393, 99
Trd, 4319175.693, 100
Trd, 4319178.643, 100
Trd, 4319179.243, 101
Trd, 4319179.343, 100
Trd, 4319180.393, 95
Trd, 4319184.493, 89
Trd, 4319185.593, 95
Trd, 4319185.743, 95
Trd, 4319187.043, 97
Trd, 4319189.093, 104
Trd, 4319189.143, 98
Trd, 4319192.043, 100
Trd, 4319192.893, 99
Trd, 4319195.593, 88
Trd, 4319195.743, 87
Trd, 4319199.093, 80
Trd, 4319201.193, 87
Trd, 4319203.343, 96
Trd, 4319204.243, 97
Trd, 4319204.393, 96
Trd, 4319207.243, 68
Trd, 4319209.343, 77
Trd, 4319211.943, 85
Trd, 4319213.443, 88
Trd, 4319215.093, 92
Trd, 4319215.843, 94
Trd, 4319216.993, 94
Trd, 4319217.293, 94
Trd, 4319217.343, 93
Trd, 4319223.143, 94
Trd, 4319224.993, 101
Trd, 4319226.543, 105
Trd, 4319227.793, 106
Trd, 4319227.943, 105
Trd, 4319230.593, 107
Trd, 4319231.393, 105
Trd, 4319232.393, 87
Trd, 4319233.193, 89
Trd, 4319234.743, 97
Trd, 4319237.093, 103
Trd, 4319237.293, 102
Trd, 4319237.543, 100
Trd, 4319239.693, 81
Trd, 4319242.293, 88
Trd, 4319244.143, 93
Trd, 4319245.143, 95
Trd, 4319245.543, 95
Trd, 4319247.493, 96
Trd, 4319248.593, 95
Trd, 4319249.043, 93
Trd, 4319250.443, 81
Trd, 4319252.343, 85
Trd, 4319253.843, 92
Trd, 4319255.343, 96
Trd, 4319255.943, 99
Trd, 4319257.043, 101
Trd, 4319257.493, 104
Trd, 4319258.243, 104
Trd, 4319258.343, 103
Trd, 4319261.843, 96
Trd, 4319262.793, 99
Trd, 4319264.593, 103
Trd, 4319265.243, 102
Trd, 4319268.893, 87
Trd, 4319270.993, 91
Trd, 4319272.243, 97
Trd, 4319273.143, 103
Trd, 4319273.593, 104
Trd, 4319274.243, 106
Trd, 4319276.543, 108
Trd, 4319277.343, 110
Trd, 4319279.293, 111
Trd, 4319280.443, 115
Trd, 4319281.543, 114
Trd, 4319281.843, 113
Trd, 4319282.193, 104
Trd, 4319283.843, 99
Trd, 4319284.793, 97
Trd, 4319288.593, 72
Trd, 4319290.293, 73
Trd, 4319291.393, 79
Trd, 4319294.593, 96
Trd, 4319295.743, 100
Trd, 4319295.993, 99
Trd, 4319297.593, 103
Trd, 4319299.093, 107
Trd, 4319299.243, 105
Trd, 4319302.143, 92
Trd, 4319303.093, 96
Trd, 4319304.543, 98
Trd, 4319305.793, 100
Trd, 4319307.193, 102
Trd, 4319309.093, 106
Trd, 4319310.043, 107
Trd, 4319310.693, 107
Trd, 4319311.093, 106
Trd, 4319312.343, 97
Trd, 4319313.793, 98
Trd, 4319314.793, 100
Trd, 4319317.293, 104
Trd, 4319317.543, 103
Trd, 4319321.693, 97
Trd, 4319323.243, 101
Trd, 4319324.443, 103
Trd, 4319324.593, 100
Trd, 4319325.493, 97
Trd, 4319326.643, 100
Trd, 4319326.793, 100
Trd, 4319327.393, 99
Trd, 4319327.493, 95
Trd, 4319331.343, 92
Trd, 4319332.593, 96
Trd, 4319333.093, 97
Trd, 4319334.643, 101
Trd, 4319336.243, 103
Trd, 4319336.793, 104
Trd, 4319337.443, 106
Trd, 4319339.593, 113
Trd, 4319340.043, 110
Trd, 4319340.593, 108
Trd, 4319340.943, 95
Trd, 4319343.243, 90
Trd, 4319343.693, 90
Trd, 4319344.043, 91
Trd, 4319348.143, 97
Trd, 4319348.243, 95
Trd, 4319349.393, 104
Trd, 4319351.643, 105
Trd, 4319352.293, 104
Trd, 4319353.793, 101
Trd, 4319355.793, 102
Trd, 4319356.993, 103
Trd, 4319357.143, 102
Trd, 4319358.443, 85
Trd, 4319360.293, 81
Trd, 4319360.893, 77
Trd, 4319361.693, 78
Trd, 4319362.993, 81
Trd, 4319365.443, 84
Trd, 4319368.143, 93
Trd, 4319369.443, 98
Trd, 4319369.693, 97
Trd, 4319369.943, 96
Trd, 4319371.043, 97
Trd, 4319371.543, 96
Trd, 4319373.143, 98
Trd, 4319374.393, 87
Trd, 4319376.493, 88
Trd, 4319378.793, 93
Trd, 4319379.243, 94
Trd, 4319379.343, 96
Trd, 4319380.893, 103
Trd, 4319383.743, 95
Trd, 4319386.243, 98
Trd, 4319387.543, 84
Trd, 4319388.743, 85
Trd, 4319390.543, 92
Trd, 4319392.193, 93
Trd, 4319392.643, 96
Trd, 4319396.293, 86
Trd, 4319396.593, 87
Trd, 4319399.043, 96
Trd, 4319400.493, 96
Trd, 4319401.643, 97
Trd, 4319402.543, 97
Trd, 4319402.843, 96
Trd, 4319406.493, 99
Trd, 4319406.943, 99
Trd, 4319406.993, 98
Trd, 4319410.693, 102
Trd, 4319411.143, 102
Trd, 4319413.293, 104
Trd, 4319413.743, 103
Trd, 4319414.343, 100
Trd, 4319415.493, 99
Trd, 4319418.193, 103
Trd, 4319419.243, 107
Trd, 4319419.493, 108
Trd, 4319419.593, 108
Trd, 4319419.743, 106
Trd, 4319424.493, 81
Trd, 4319425.343, 83
Trd, 4319426.543, 92
Trd, 4319427.293, 94
Trd, 4319429.043, 99
Trd, 4319430.993, 102
Trd, 4319431.943, 101
Trd, 4319433.943, 100
Trd, 4319435.643, 105
Trd, 4319435.893, 106
Trd, 4319436.193, 106
Trd, 4319436.743, 107
Trd, 4319437.093, 107
Trd, 4319439.443, 107
Trd, 4319440.093, 105
Trd, 4319442.343, 96
Trd, 4319444.693, 100
Trd, 4319446.443, 108
Trd, 4319446.543, 105
Trd, 4319448.943, 107
Trd, 4319448.993, 106
Trd, 4319449.243, 95
Trd, 4319450.993, 79
Trd, 4319455.993, 99
Trd, 4319456.093, 97
Trd, 4319456.143, 94
Trd, 4319456.343, 92
Trd, 4319458.443, 73
Trd, 4319462.543, 87
Trd, 4319463.443, 91
Trd, 4319463.643, 94
Trd, 4319464.893, 96
Trd, 4319465.493, 95
Trd, 4319467.043, 96
Trd, 4319467.993, 101
Trd, 4319468.693, 104
Trd, 4319469.343, 102
Trd, 4319472.193, 87
Trd, 4319472.793, 87
Trd, 4319476.193, 96
Trd, 4319477.093, 96
Trd, 4319477.693, 96
Trd, 4319479.393, 100
Trd, 4319481.943, 96
Trd, 4319483.943, 95
Trd, 4319487.343, 94
Trd, 4319487.793, 94
Trd, 4319488.693, 95
Trd, 4319490.493, 97
Trd, 4319491.693, 97
Trd, 4319493.793, 100
Trd, 4319495.293, 80
Trd, 4319499.243, 86
Trd, 4319500.543, 90
Trd, 4319501.993, 94
Trd, 4319502.393, 96
Trd, 4319503.743, 96
Trd, 4319504.893, 97
Trd, 4319506.893, 100
Trd, 4319510.493, 102
Trd, 4319510.593, 100
Trd, 4319511.693, 98
Trd, 4319512.043, 99
Trd, 4319512.593, 101
Trd, 4319513.243, 101
Trd, 4319519.393, 95
Trd, 4319519.693, 96
Trd, 4319520.593, 96
Trd, 4319521.743, 96
Trd, 4319523.393, 95
Trd, 4319524.293, 86
Trd, 4319524.443, 85
Trd, 4319529.293, 96
Trd, 4319529.893, 98
Trd, 4319530.243, 95
Trd, 4319531.893, 96
Trd, 4319533.043, 100
Trd, 4319533.593, 101
Trd, 4319535.243, 104
Trd, 4319537.543, 72
Trd, 4319538.643, 76
Trd, 4319540.093, 84
Trd, 4319542.843, 95
Trd, 4319543.493, 96
Trd, 4319543.643, 96
Trd, 4319545.193, 100
Trd, 4319547.493, 100
Trd, 4319550.643, 104
Trd, 4319550.893, 103
Trd, 4319552.343, 102
Trd, 4319552.393, 100
Trd, 4319555.493, 102
Trd, 4319556.043, 104
Trd, 4319557.093, 95
Trd, 4319557.293, 72
Trd, 4319558.843, 73
Trd, 4319564.693, 92
Trd, 4319565.793, 95
Trd, 4319566.243, 95
Trd, 4319566.993, 99
Trd, 4319568.393, 100
Trd, 4319569.043, 100
Trd, 4319569.643, 101
Trd, 4319570.443, 95
Trd, 4319572.293, 86
Trd, 4319575.643, 93
Trd, 4319578.043, 98
Trd, 4319578.543, 99
Trd, 4319578.943, 99
Trd, 4319581.393, 101
Trd, 4319582.343, 99
Trd, 4319583.443, 95
Trd, 4319586.293, 79
Trd, 4319589.493, 88
Trd, 4319591.943, 101
Trd, 4319592.793, 103
Trd, 4319593.893, 107
Trd, 4319594.543, 106
Trd, 4319595.443, 105
Trd, 4319598.343, 113
Trd, 4319598.443, 112
Trd, 4319599.243, 104
Trd, 4319601.443, 78
Trd, 4319601.893, 72
Trd, 4319602.993, 75
Trd, 4319605.193, 81
Trd, 4319606.493, 88
Trd, 4319607.893, 94
Trd, 4319608.493, 97
Trd, 4319610.043, 100
Trd, 4319610.843, 104
Trd, 4319611.043, 102
Trd, 4319612.393, 101
Trd, 4319613.993, 99
Trd, 4319614.343, 100
Trd, 4319614.793, 102
Trd, 4319616.193, 104
Trd, 4319617.793, 106
Trd, 4319617.993, 105
Trd, 4319621.293, 96
Trd, 4319621.343, 95
Trd, 4319624.743, 73
Trd, 4319625.493, 78
Trd, 4319628.843, 92
Trd, 4319629.243, 95
Trd, 4319632.443, 77
Trd, 4319636.043, 97
Trd, 4319637.443, 97
Trd, 4319637.693, 97
Trd, 4319639.993, 86
Trd, 4319640.293, 84
Trd, 4319643.593, 94
Trd, 4319644.393, 96
Trd, 4319647.193, 106
Trd, 4319648.093, 104
Trd, 4319648.393, 104
Trd, 4319648.643, 103
Trd, 4319649.293, 103
Trd, 4319650.693, 105
Trd, 4319650.843, 96
Trd, 4319652.243, 96
Trd, 4319652.543, 95
Trd, 4319654.543, 72
Trd, 4319659.443, 95
Trd, 4319661.143, 102
Trd, 4319661.193, 101
Trd, 4319661.693, 100
Trd, 4319665.393, 107
Trd, 4319667.643, 110
Trd, 4319667.743, 109
Trd, 4319669.643, 105
Trd, 4319669.743, 104
Trd, 4319673.243, 85
Trd, 4319674.193, 87
Trd, 4319675.843, 96
Trd, 4319676.043, 95
Trd, 4319676.543, 94
Trd, 4319678.243, 90
Trd, 4319680.393, 79
Trd, 4319684.443, 89
Trd, 4319684.993, 92
Trd, 4319685.993, 96
Trd, 4319686.493, 96
Trd, 4319686.843, 96
Trd, 4319687.793, 95
Trd, 4319691.243, 102
Trd, 4319691.893, 100
Trd, 4319693.893, 86
Trd, 4319694.843, 89
Trd, 4319696.743, 92
Trd, 4319697.693, 95
Trd, 4319698.793, 97
Trd, 4319700.543, 101
Trd, 4319701.543, 102
Trd, 4319702.193, 104
Trd, 4319703.643, 105
Trd, 4319704.743, 105
Trd, 4319706.543, 95
Trd, 4319710.143, 95
Trd, 4319710.443, 96
Trd, 4319712.193, 99
Trd, 4319714.193, 106
Trd, 4319714.443, 105
Trd, 4319715.393, 104
Trd, 4319716.543, 98
Trd, 4319718.593, 101
Trd, 4319719.043, 103
Trd, 4319721.293, 97
Trd, 4319722.643, 97
Trd, 4319723.893, 100
Trd, 4319728.193, 79
Trd, 4319730.043, 86
Trd, 4319730.843, 88
Trd, 4319731.593, 90
Trd, 4319735.143, 100
Trd, 4319735.743, 101
Trd, 4319736.293, 102
Trd, 4319736.743, 103
Trd, 4319738.143, 99
Trd, 4319739.743, 100
Trd, 4319739.843, 96
Trd, 4319743.743, 92
Trd, 4319744.443, 95
Trd, 4319744.693, 95
Trd, 4319744.793, 94
Trd, 4319747.543, 101
Trd, 4319749.043, 104
Trd, 4319750.143, 103
Trd, 4319750.243, 96
Trd, 4319750.993, 97
Trd, 4319752.193, 100
Trd, 4319753.043, 104
Trd, 4319754.043, 96
Trd, 4319756.443, 97
Trd, 4319757.393, 100
Trd, 4319760.693, 103
Trd, 4319760.843, 102
Trd, 4319762.043, 106
Trd, 4319762.193, 105
Trd, 4319762.593, 105
Trd, 4319766.393, 77
Trd, 4319766.743, 76
Trd, 4319767.193, 77
Trd, 4319769.843, 93
Trd, 4319770.193, 93
Trd, 4319771.443, 96
Trd, 4319772.643, 83
Trd, 4319776.093, 95
Trd, 4319776.243, 94
Trd, 4319776.343, 92
Trd, 4319776.943, 93
Trd, 4319781.193, 87
Trd, 4319782.643, 100
Trd, 4319783.143, 102
Trd, 4319783.893, 104
Trd, 4319784.743, 106
Trd, 4319786.993, 111
Trd, 4319789.193, 116
Trd, 4319789.743, 111
Trd, 4319791.243, 104
Trd, 4319791.393, 95
Trd, 4319791.743, 69
Trd, 4319794.843, 79
Trd, 4319795.093, 80
Trd, 4319798.843, 97
Trd, 4319800.093, 100
Trd, 4319800.243, 99
Trd, 4319801.693, 97
Trd, 4319802.143, 95
Trd, 4319803.943, 74
Trd, 4319805.193, 81
Trd, 4319809.143, 94
Trd, 4319809.443, 93
Trd, 4319810.393, 95
Trd, 4319810.793, 96
Trd, 4319811.193, 95
Trd, 4319813.743, 87
Trd, 4319814.693, 86
Trd, 4319817.393, 81
Trd, 4319818.643, 88
Trd, 4319819.693, 89
Trd, 4319821.743, 93
Trd, 4319823.593, 95
Trd, 4319823.943, 95
Trd, 4319824.843, 98
Trd, 4319825.593, 98
Trd, 4319827.043, 97
Trd, 4319827.993, 99
Trd, 4319829.893, 95
Trd, 4319835.343, 94
Trd, 4319835.743, 97
Trd, 4319836.193, 96
Trd, 4319837.143, 98
Trd, 4319837.693, 96
Trd, 4319838.593, 96
Trd, 4319840.043, 96
Trd, 4319840.693, 97
Trd, 4319843.143, 79
Trd, 4319845.293, 85
Trd, 4319846.593, 91
Trd, 4319849.343, 100
Trd, 4319849.443, 98
Trd, 4319849.593, 95
Trd, 4319849.993, 92
Trd, 4319853.693, 95
Trd, 4319853.843, 97
Trd, 4319855.593, 104
Trd, 4319855.693, 103
Trd, 4319856.593, 102
Trd, 4319857.243, 100
Trd, 4319859.593, 75
Trd, 4319861.443, 76
Trd, 4319861.893, 78
Trd, 4319866.243, 91
Trd, 4319867.493, 94
Trd, 4319868.243, 97
Trd, 4319869.043, 98
Trd, 4319873.143, 105
Trd, 4319873.793, 107
Trd, 4319874.143, 107
Trd, 4319875.793, 105
Trd, 4319876.243, 106
Trd, 4319876.293, 105
Trd, 4319878.543, 98
Trd, 4319878.643, 95
Trd, 4319880.193, 78
Trd, 4319882.543, 79
Trd, 4319885.193, 94
Trd, 4319886.643, 101
Trd, 4319887.393, 96
Trd, 4319888.393, 96
Trd, 4319890.993, 99
Trd, 4319892.943, 106
Trd, 4319893.093, 105
Trd, 4319895.043, 104
Trd, 4319895.243, 102
Trd, 4319896.793, 103
Trd, 4319897.093, 104
Trd, 4319898.293, 105
Trd, 4319898.843, 104
Trd, 4319899.743, 96
Trd, 4319900.943, 97
Trd, 4319901.693, 96
Trd, 4319904.293, 97
Trd, 4319905.843, 102
Trd, 4319905.893, 100
Trd, 4319906.343, 97
Trd, 4319908.943, 101
Trd, 4319909.943, 103
Trd, 4319910.493, 101
Trd, 4319912.393, 102
Trd, 4319913.743, 102
Trd, 4319915.143, 100
Trd, 4319917.493, 99
Trd, 4319918.393, 101
Trd, 4319918.993, 101
Trd, 4319919.993, 101
Trd, 4319920.143, 95
Trd, 4319923.593, 87
Trd, 4319925.643, 96
Trd, 4319926.993, 99
Trd, 4319931.193, 92
Trd, 4319931.943, 95
Trd, 4319932.643, 95
Trd, 4319933.143, 96
Trd, 4319934.993, 100
Trd, 4319937.443, 100
Trd, 4319937.643, 100
Trd, 4319938.843, 96
Trd, 4319939.893, 98
Trd, 4319939.943, 97
Trd, 4319942.543, 103
Trd, 4319943.893, 103
Trd, 4319946.193, 106
Trd, 4319946.243, 104
Trd, 4319951.793, 91
Trd, 4319951.993, 90
Trd, 4319952.393, 89
Trd, 4319956.293, 76
Trd, 4319957.893, 90
Trd, 4319959.343, 95
Trd, 4319961.393, 100
Trd, 4319962.193, 105
Trd, 4319963.643, 108
Trd, 4319965.093, 109
Trd, 4319965.393, 106
Trd, 4319966.443, 78
Trd, 4319969.193, 82
Trd, 4319970.393, 84
Trd, 4319972.393, 94
Trd, 4319973.943, 100
Trd, 4319974.143, 99
Trd, 4319975.543, 96
Trd, 4319976.043, 95
Trd, 4319977.043, 96
Trd, 4319982.343, 94
Trd, 4319984.293, 100
Trd, 4319984.893, 102
Trd, 4319985.193, 103
Trd, 4319986.693, 102
Trd, 4319989.943, 95
Trd, 4319989.993, 94
Trd, 4319991.393, 95
Trd, 4319991.893, 95
Trd, 4319992.343, 96
Trd, 4319992.793, 95
Trd, 4319993.793, 96
Trd, 4319995.443, 100
Trd, 4319995.893, 99
Trd, 4319999.543, 102
Trd, 4319999.743, 101
