Trd, 4317887.493, 86
Trd, 4317887.593, 98
Trd, 4317890.693, 137
Trd, 4317890.793, 115
Trd, 4317890.893, 113
Trd, 4317892.793, 131
Trd, 4317893.043, 98
Trd, 4317896.143, 89
Trd, 4317897.943, 87
Trd, 4317900.543, 89
Trd, 4317902.093, 88
Trd, 4317902.143, 86
Trd, 4317902.543, 96
Trd, 4317903.043, 128
Trd, 4317903.493, 100
Trd, 4317905.593, 86
Trd, 4317906.243, 130
Trd, 4317908.643, 73
Trd, 4317908.893, 89
Trd, 4317910.093, 140
Trd, 4317910.193, 113
Trd, 4317910.493, 79
Trd, 4317913.293, 87
Trd, 4317914.143, 94
Trd, 4317914.793, 98
Trd, 4317916.893, 102
Trd, 4317918.393, 88
Trd, 4317919.443, 100
Trd, 4317921.493, 86
Trd, 4317921.793, 80
Trd, 4317921.893, 91
Trd, 4317923.743, 103
Trd, 4317924.543, 102
Trd, 4317925.243, 101
Trd, 4317927.343, 88
Trd, 4317928.193, 95
Trd, 4317930.393, 105
Trd, 4317930.943, 85
Trd, 4317932.593, 118
Trd, 4317933.943, 131
Trd, 4317934.493, 90
Trd, 4317934.843, 108
Trd, 4317936.093, 87
Trd, 4317936.743, 98
Trd, 4317939.243, 131
Trd, 4317942.843, 95
Trd, 4317943.943, 88
Trd, 4317944.993, 112
Trd, 4317945.943, 86
Trd, 4317946.643, 86
Trd, 4317947.293, 131
Trd, 4317948.843, 122
Trd, 4317949.443, 91
Trd, 4317949.743, 86
Trd, 4317950.643, 88
Trd, 4317951.993, 128
Trd, 4317954.793, 87
Trd, 4317954.993, 114
Trd, 4317958.893, 90
Trd, 4317959.643, 81
Trd, 4317959.793, 95
Trd, 4317963.343, 95
Trd, 4317963.593, 99
Trd, 4317964.693, 101
Trd, 4317967.143, 87
Trd, 4317967.693, 140
Trd, 4317969.343, 130
Trd, 4317969.943, 88
Trd, 4317970.093, 87
Trd, 4317971.093, 104
Trd, 4317971.893, 86
Trd, 4317975.043, 79
Trd, 4317976.543, 101
Trd, 4317976.793, 78
Trd, 4317977.443, 90
Trd, 4317980.093, 89
Trd, 4317982.043, 69
Trd, 4317983.293, 75
Trd, 4317983.543, 98
Trd, 4317985.493, 88
Trd, 4317986.143, 96
Trd, 4317986.543, 112
Trd, 4317986.943, 89
Trd, 4317987.443, 118
Trd, 4317987.543, 91
Trd, 4317989.243, 88
Trd, 4317992.193, 100
Trd, 4317992.943, 86
Trd, 4317996.593, 84
Trd, 4317997.043, 86
Trd, 4317997.343, 86
Trd, 4317998.693, 114
Trd, 4318000.543, 105
Trd, 4318000.843, 100
Trd, 4318001.143, 86
Trd, 4318002.093, 104
Trd, 4318002.243, 109
Trd, 4318004.843, 78
Trd, 4318007.343, 95
Trd, 4318007.393, 84
Trd, 4318008.243, 130
Trd, 4318008.743, 89
Trd, 4318011.093, 87
Trd, 4318011.393, 95
Trd, 4318012.143, 97
Trd, 4318014.043, 97
Trd, 4318014.893, 94
Trd, 4318014.993, 116
Trd, 4318015.293, 93
Trd, 4318016.393, 86
Trd, 4318017.843, 77
Trd, 4318018.493, 96
Trd, 4318019.043, 117
Trd, 4318021.143, 80
Trd, 4318023.943, 90
Trd, 4318024.243, 129
Trd, 4318025.693, 80
Trd, 4318026.293, 86
Trd, 4318026.943, 95
Trd, 4318027.343, 115
Trd, 4318029.493, 90
Trd, 4318030.093, 93
Trd, 4318030.193, 96
Trd, 4318031.493, 92
Trd, 4318033.393, 131
Trd, 4318033.693, 87
Trd, 4318034.793, 100
Trd, 4318036.093, 81
Trd, 4318039.793, 100
Trd, 4318040.643, 91
Trd, 4318042.543, 89
Trd, 4318042.643, 86
Trd, 4318043.443, 126
Trd, 4318044.543, 90
Trd, 4318044.643, 86
Trd, 4318044.993, 131
Trd, 4318045.893, 136
Trd, 4318048.143, 133
Trd, 4318048.243, 97
Trd, 4318048.993, 96
Trd, 4318051.293, 90
Trd, 4318051.343, 104
Trd, 4318053.493, 88
Trd, 4318053.693, 113
Trd, 4318053.993, 86
Trd, 4318055.993, 99
Trd, 4318058.093, 95
Trd, 4318058.593, 87
Trd, 4318058.693, 86
Trd, 4318060.593, 98
Trd, 4318061.093, 119
Trd, 4318061.343, 97
Trd, 4318063.793, 133
Trd, 4318064.143, 92
Trd, 4318067.393, 86
Trd, 4318067.543, 96
Trd, 4318069.943, 89
Trd, 4318070.743, 99
Trd, 4318071.593, 96
Trd, 4318072.293, 106
Trd, 4318073.743, 129
Trd, 4318075.493, 91
Trd, 4318077.843, 101
Trd, 4318078.743, 125
Trd, 4318082.643, 94
Trd, 4318083.293, 86
Trd, 4318084.143, 99
Trd, 4318084.493, 138
Trd, 4318084.693, 96
Trd, 4318085.493, 93
Trd, 4318087.843, 136
Trd, 4318088.843, 131
Trd, 4318091.493, 92
Trd, 4318091.643, 90
Trd, 4318092.993, 87
Trd, 4318093.043, 105
Trd, 4318093.943, 115
Trd, 4318094.743, 86
Trd, 4318096.243, 87
Trd, 4318096.743, 107
Trd, 4318098.893, 90
Trd, 4318100.693, 86
Trd, 4318101.293, 96
Trd, 4318101.743, 102
Trd, 4318102.393, 130
Trd, 4318103.793, 79
Trd, 4318106.093, 106
Trd, 4318107.193, 88
Trd, 4318107.493, 97
Trd, 4318109.393, 104
Trd, 4318109.643, 105
Trd, 4318112.243, 80
Trd, 4318113.043, 84
Trd, 4318114.593, 88
Trd, 4318115.443, 101
Trd, 4318115.743, 94
Trd, 4318118.543, 80
Trd, 4318119.343, 96
Trd, 4318120.343, 96
Trd, 4318124.443, 96
Trd, 4318125.393, 92
Trd, 4318127.193, 80
Trd, 4318127.793, 101
Trd, 4318128.393, 103
Trd, 4318129.993, 73
Trd, 4318131.343, 137
Trd, 4318131.593, 110
Trd, 4318132.243, 98
Trd, 4318133.993, 88
Trd, 4318137.943, 90
Trd, 4318137.993, 97
Trd, 4318138.493, 109
Trd, 4318138.793, 80
Trd, 4318140.593, 130
Trd, 4318141.093, 83
Trd, 4318141.493, 139
Trd, 4318143.143, 104
Trd, 4318144.143, 86
Trd, 4318145.993, 137
Trd, 4318146.843, 128
Trd, 4318147.993, 96
Trd, 4318148.343, 95
Trd, 4318150.643, 98
Trd, 4318151.843, 88
Trd, 4318152.593, 86
Trd, 4318154.993, 86
Trd, 4318155.043, 96
Trd, 4318155.193, 122
Trd, 4318155.843, 129
Trd, 4318158.343, 101
Trd, 4318163.043, 90
Trd, 4318165.393, 77
Trd, 4318166.093, 93
Trd, 4318167.643, 72
Trd, 4318168.593, 111
Trd, 4318170.593, 81
Trd, 4318173.443, 87
Trd, 4318173.993, 96
Trd, 4318174.093, 84
Trd, 4318174.643, 105
Trd, 4318176.143, 116
Trd, 4318176.443, 74
Trd, 4318177.993, 119
Trd, 4318179.743, 90
Trd, 4318179.793, 95
Trd, 4318180.893, 87
Trd, 4318184.343, 92
Trd, 4318184.593, 102
Trd, 4318186.993, 104
Trd, 4318187.093, 113
Trd, 4318187.293, 87
Trd, 4318188.743, 79
Trd, 4318189.793, 96
Trd, 4318190.093, 102
Trd, 4318191.443, 132
Trd, 4318192.293, 129
Trd, 4318192.643, 113
Trd, 4318194.693, 128
Trd, 4318195.943, 93
Trd, 4318198.093, 103
Trd, 4318199.543, 86
Trd, 4318201.243, 128
Trd, 4318201.743, 140
Trd, 4318202.843, 95
Trd, 4318204.343, 103
Trd, 4318205.543, 111
Trd, 4318206.293, 96
Trd, 4318208.093, 96
Trd, 4318210.443, 91
Trd, 4318212.743, 96
Trd, 4318215.393, 96
Trd, 4318215.843, 94
Trd, 4318216.643, 95
Trd, 4318216.893, 134
Trd, 4318217.743, 107
Trd, 4318220.243, 83
Trd, 4318221.593, 87
Trd, 4318222.143, 87
Trd, 4318222.743, 139
Trd, 4318223.993, 86
Trd, 4318226.043, 94
Trd, 4318226.593, 86
Trd, 4318228.143, 122
Trd, 4318229.043, 86
Trd, 4318229.293, 130
Trd, 4318229.593, 118
Trd, 4318230.893, 88
Trd, 4318231.743, 87
Trd, 4318232.843, 86
Trd, 4318236.293, 139
Trd, 4318236.643, 125
Trd, 4318237.343, 113
Trd, 4318237.793, 96
Trd, 4318239.143, 99
Trd, 4318239.843, 133
Trd, 4318240.793, 98
Trd, 4318242.293, 131
Trd, 4318242.793, 86
Trd, 4318243.193, 94
Trd, 4318248.593, 79
Trd, 4318249.443, 87
Trd, 4318249.843, 80
Trd, 4318250.293, 105
Trd, 4318250.793, 102
Trd, 4318255.193, 118
Trd, 4318255.243, 103
Trd, 4318256.093, 129
Trd, 4318257.193, 95
Trd, 4318261.143, 103
Trd, 4318261.343, 128
Trd, 4318262.093, 123
Trd, 4318262.793, 98
Trd, 4318262.943, 86
Trd, 4318263.743, 100
Trd, 4318263.993, 86
Trd, 4318266.243, 79
Trd, 4318266.493, 135
Trd, 4318267.593, 89
Trd, 4318268.543, 96
Trd, 4318271.543, 129
Trd, 4318271.643, 109
Trd, 4318272.993, 109
Trd, 4318274.743, 130
Trd, 4318277.343, 105
Trd, 4318277.693, 101
Trd, 4318279.843, 124
Trd, 4318280.443, 94
Trd, 4318282.993, 100
Trd, 4318283.943, 104
Trd, 4318284.543, 90
Trd, 4318286.643, 90
Trd, 4318287.043, 96
Trd, 4318287.893, 108
Trd, 4318289.143, 90
Trd, 4318290.643, 75
Trd, 4318292.393, 95
Trd, 4318292.743, 97
Trd, 4318293.543, 74
Trd, 4318293.893, 132
Trd, 4318296.093, 86
Trd, 4318296.493, 96
Trd, 4318298.393, 100
Trd, 4318299.093, 115
Trd, 4318301.393, 89
Trd, 4318305.093, 86
Trd, 4318307.143, 86
Trd, 4318308.143, 88
Trd, 4318308.193, 88
Trd, 4318308.893, 95
Trd, 4318309.593, 125
Trd, 4318311.143, 87
Trd, 4318313.493, 96
Trd, 4318313.693, 120
Trd, 4318314.893, 100
Trd, 4318315.793, 105
Trd, 4318318.193, 99
Trd, 4318319.943, 98
Trd, 4318320.993, 116
Trd, 4318321.193, 89
Trd, 4318322.543, 95
Trd, 4318324.143, 77
Trd, 4318324.343, 106
Trd, 4318328.743, 87
Trd, 4318329.643, 129
Trd, 4318329.943, 113
Trd, 4318330.493, 104
Trd, 4318332.943, 101
Trd, 4318332.993, 86
Trd, 4318333.993, 139
Trd, 4318335.593, 131
Trd, 4318335.843, 100
Trd, 4318337.793, 114
Trd, 4318339.893, 95
Trd, 4318342.293, 97
Trd, 4318343.443, 92
Trd, 4318343.993, 89
Trd, 4318344.293, 100
Trd, 4318345.743, 105
Trd, 4318347.693, 128
Trd, 4318348.093, 96
Trd, 4318348.793, 140
Trd, 4318348.943, 86
Trd, 4318349.543, 108
Trd, 4318349.893, 98
Trd, 4318350.743, 130
Trd, 4318351.593, 88
Trd, 4318352.143, 140
Trd, 4318354.643, 97
Trd, 4318355.543, 106
Trd, 4318356.993, 96
Trd, 4318357.743, 89
Trd, 4318358.493, 91
Trd, 4318358.593, 96
Trd, 4318361.193, 92
Trd, 4318361.743, 97
Trd, 4318364.793, 86
Trd, 4318366.093, 86
Trd, 4318366.593, 94
Trd, 4318367.093, 72
Trd, 4318368.293, 87
Trd, 4318370.093, 104
Trd, 4318371.293, 104
Trd, 4318371.393, 122
Trd, 4318371.543, 103
Trd, 4318372.193, 86
Trd, 4318373.893, 103
Trd, 4318375.393, 112
Trd, 4318376.593, 140
Trd, 4318377.243, 100
Trd, 4318380.493, 87
Trd, 4318380.893, 124
Trd, 4318381.593, 90
Trd, 4318383.843, 106
Trd, 4318385.493, 86
Trd, 4318386.643, 80
Trd, 4318387.293, 92
Trd, 4318387.393, 95
Trd, 4318387.443, 100
Trd, 4318390.593, 86
Trd, 4318391.043, 88
Trd, 4318392.193, 98
Trd, 4318392.693, 96
Trd, 4318394.793, 137
Trd, 4318395.293, 76
Trd, 4318398.093, 97
Trd, 4318398.343, 79
Trd, 4318398.643, 91
Trd, 4318398.843, 77
Trd, 4318399.843, 92
Trd, 4318400.293, 104
Trd, 4318400.893, 96
Trd, 4318404.543, 97
Trd, 4318405.043, 95
Trd, 4318405.193, 86
Trd, 4318407.393, 81
Trd, 4318408.043, 98
Trd, 4318408.143, 84
Trd, 4318410.093, 88
Trd, 4318412.643, 83
Trd, 4318412.893, 86
Trd, 4318412.943, 98
Trd, 4318416.993, 88
Trd, 4318420.193, 93
Trd, 4318420.543, 95
Trd, 4318421.843, 96
Trd, 4318422.343, 86
Trd, 4318424.843, 99
Trd, 4318424.943, 96
Trd, 4318425.693, 95
Trd, 4318427.993, 105
Trd, 4318429.043, 86
Trd, 4318429.243, 123
Trd, 4318430.193, 92
Trd, 4318431.443, 86
Trd, 4318432.743, 140
Trd, 4318432.943, 96
Trd, 4318433.943, 95
Trd, 4318437.743, 102
Trd, 4318437.843, 87
Trd, 4318439.193, 111
Trd, 4318439.443, 86
Trd, 4318442.243, 92
Trd, 4318442.293, 122
Trd, 4318442.943, 88
Trd, 4318445.243, 89
Trd, 4318445.393, 75
Trd, 4318446.393, 77
Trd, 4318446.693, 96
Trd, 4318450.193, 85
Trd, 4318450.443, 90
Trd, 4318452.843, 96
Trd, 4318453.443, 82
Trd, 4318453.843, 72
Trd, 4318458.943, 89
Trd, 4318460.243, 91
Trd, 4318460.393, 98
Trd, 4318463.843, 82
Trd, 4318464.843, 96
Trd, 4318466.293, 104
Trd, 4318467.043, 98
Trd, 4318468.843, 94
Trd, 4318469.343, 87
Trd, 4318469.643, 86
Trd, 4318469.693, 81
Trd, 4318470.793, 98
Trd, 4318472.543, 140
Trd, 4318473.343, 91
Trd, 4318473.993, 96
Trd, 4318474.093, 87
Trd, 4318475.093, 104
Trd, 4318478.393, 129
Trd, 4318479.193, 113
Trd, 4318479.693, 93
Trd, 4318481.293, 86
Trd, 4318482.093, 86
Trd, 4318483.543, 96
Trd, 4318484.943, 135
Trd, 4318486.243, 130
Trd, 4318487.193, 136
Trd, 4318487.743, 86
Trd, 4318488.843, 86
Trd, 4318490.493, 131
Trd, 4318491.043, 101
Trd, 4318491.993, 113
Trd, 4318492.493, 86
Trd, 4318493.393, 97
Trd, 4318493.793, 127
Trd, 4318494.293, 102
Trd, 4318500.143, 82
Trd, 4318500.743, 78
Trd, 4318502.543, 94
Trd, 4318502.793, 100
Trd, 4318503.443, 102
Trd, 4318504.193, 129
Trd, 4318507.093, 97
Trd, 4318508.443, 91
Trd, 4318509.443, 97
Trd, 4318510.893, 88
Trd, 4318511.193, 88
Trd, 4318512.293, 89
Trd, 4318512.993, 113
Trd, 4318514.643, 94
Trd, 4318514.993, 104
Trd, 4318518.493, 101
Trd, 4318520.193, 96
Trd, 4318521.643, 119
Trd, 4318522.293, 97
Trd, 4318523.193, 88
Trd, 4318526.343, 98
Trd, 4318527.943, 104
Trd, 4318528.243, 102
Trd, 4318528.643, 89
Trd, 4318530.743, 96
Trd, 4318532.343, 130
Trd, 4318534.093, 113
Trd, 4318534.293, 125
Trd, 4318534.393, 140
Trd, 4318535.943, 87
Trd, 4318536.043, 86
Trd, 4318537.043, 84
Trd, 4318537.143, 97
Trd, 4318540.743, 93
Trd, 4318541.593, 104
Trd, 4318541.843, 86
Trd, 4318542.793, 76
Trd, 4318543.293, 83
Trd, 4318545.443, 87
Trd, 4318545.593, 97
Trd, 4318549.543, 130
Trd, 4318549.793, 110
Trd, 4318549.843, 119
Trd, 4318550.643, 90
Trd, 4318552.343, 97
Trd, 4318555.893, 84
Trd, 4318556.843, 86
Trd, 4318557.793, 99
Trd, 4318557.943, 101
Trd, 4318558.393, 138
Trd, 4318561.193, 131
Trd, 4318561.243, 113
Trd, 4318563.643, 77
Trd, 4318564.843, 75
Trd, 4318566.693, 89
Trd, 4318567.143, 87
Trd, 4318571.443, 97
Trd, 4318573.043, 110
Trd, 4318576.043, 95
Trd, 4318576.593, 103
Trd, 4318577.293, 108
Trd, 4318577.843, 87
Trd, 4318578.943, 91
Trd, 4318579.343, 86
Trd, 4318579.993, 138
Trd, 4318583.743, 82
Trd, 4318584.093, 86
Trd, 4318584.393, 96
Trd, 4318584.743, 84
Trd, 4318586.443, 83
Trd, 4318589.343, 87
Trd, 4318590.793, 95
Trd, 4318590.843, 87
Trd, 4318591.143, 86
Trd, 4318593.043, 93
Trd, 4318593.093, 131
Trd, 4318594.593, 90
Trd, 4318595.443, 103
Trd, 4318597.593, 133
Trd, 4318598.693, 117
Trd, 4318599.393, 86
Trd, 4318599.593, 109
Trd, 4318599.943, 108
Trd, 4318601.243, 130
Trd, 4318603.193, 95
Trd, 4318605.243, 86
Trd, 4318605.793, 104
Trd, 4318606.493, 131
Trd, 4318607.143, 102
Trd, 4318608.443, 86
Trd, 4318609.793, 87
Trd, 4318609.943, 86
Trd, 4318610.193, 98
Trd, 4318611.443, 77
Trd, 4318612.293, 95
Trd, 4318613.943, 128
Trd, 4318615.743, 95
Trd, 4318616.293, 78
Trd, 4318616.593, 77
Trd, 4318617.093, 91
Trd, 4318617.943, 105
Trd, 4318620.693, 80
Trd, 4318622.343, 81
Trd, 4318623.543, 87
Trd, 4318625.943, 84
Trd, 4318626.143, 98
Trd, 4318628.193, 87
Trd, 4318628.793, 131
Trd, 4318629.393, 87
Trd, 4318630.593, 140
Trd, 4318632.093, 74
Trd, 4318633.743, 90
Trd, 4318636.793, 104
Trd, 4318636.943, 99
Trd, 4318636.993, 104
Trd, 4318638.893, 88
Trd, 4318641.593, 86
Trd, 4318642.243, 95
Trd, 4318642.743, 97
Trd, 4318643.143, 81
Trd, 4318643.543, 102
Trd, 4318647.043, 92
Trd, 4318647.243, 82
Trd, 4318647.493, 81
Trd, 4318647.543, 99
Trd, 4318652.693, 84
Trd, 4318652.743, 88
Trd, 4318653.343, 131
Trd, 4318654.093, 92
Trd, 4318655.493, 131
Trd, 4318658.293, 96
Trd, 4318658.493, 96
Trd, 4318661.593, 88
Trd, 4318661.893, 79
Trd, 4318662.243, 103
Trd, 4318665.043, 96
Trd, 4318665.243, 95
Trd, 4318666.893, 105
Trd, 4318667.493, 132
Trd, 4318668.993, 103
Trd, 4318669.143, 100
Trd, 4318669.193, 88
Trd, 4318669.843, 108
Trd, 4318671.143, 129
Trd, 4318673.993, 88
Trd, 4318674.193, 139
Trd, 4318674.293, 86
Trd, 4318674.743, 97
Trd, 4318676.193, 77
Trd, 4318677.293, 92
Trd, 4318677.893, 97
Trd, 4318680.393, 106
Trd, 4318681.393, 86
Trd, 4318687.393, 130
Trd, 4318688.143, 92
Trd, 4318688.493, 86
Trd, 4318688.693, 98
Trd, 4318689.443, 103
Trd, 4318691.643, 105
Trd, 4318692.043, 124
Trd, 4318692.443, 88
Trd, 4318694.893, 106
Trd, 4318695.343, 131
Trd, 4318695.493, 86
Trd, 4318696.893, 95
Trd, 4318701.793, 121
Trd, 4318702.793, 132
Trd, 4318703.193, 104
Trd, 4318703.743, 101
Trd, 4318705.743, 95
Trd, 4318707.343, 87
Trd, 4318708.193, 97
Trd, 4318709.743, 89
Trd, 4318709.943, 128
Trd, 4318713.443, 99
Trd, 4318713.893, 115
Trd, 4318714.793, 99
Trd, 4318715.093, 105
Trd, 4318716.393, 140
Trd, 4318716.643, 130
Trd, 4318717.143, 88
Trd, 4318720.143, 76
Trd, 4318722.993, 86
Trd, 4318723.693, 136
Trd, 4318723.743, 131
Trd, 4318724.043, 95
Trd, 4318725.093, 86
Trd, 4318728.243, 103
Trd, 4318728.593, 133
Trd, 4318730.193, 78
Trd, 4318733.343, 86
Trd, 4318733.393, 107
Trd, 4318734.943, 70
Trd, 4318735.843, 95
Trd, 4318737.643, 98
Trd, 4318740.793, 108
Trd, 4318742.043, 86
Trd, 4318742.493, 140
Trd, 4318742.843, 99
Trd, 4318743.993, 93
Trd, 4318745.043, 91
Trd, 4318746.943, 106
Trd, 4318748.443, 95
Trd, 4318749.943, 100
Trd, 4318753.393, 105
Trd, 4318753.693, 86
Trd, 4318754.893, 93
Trd, 4318755.293, 101
Trd, 4318757.143, 119
Trd, 4318760.143, 96
Trd, 4318761.293, 82
Trd, 4318761.393, 81
Trd, 4318761.693, 86
Trd, 4318763.693, 91
Trd, 4318763.993, 114
Trd, 4318764.243, 82
Trd, 4318765.393, 86
Trd, 4318766.043, 95
Trd, 4318768.743, 107
Trd, 4318768.943, 130
Trd, 4318771.693, 117
Trd, 4318771.793, 109
Trd, 4318774.043, 93
Trd, 4318774.393, 105
Trd, 4318775.293, 89
Trd, 4318775.693, 124
Trd, 4318776.543, 102
Trd, 4318778.293, 87
Trd, 4318779.393, 131
Trd, 4318781.993, 104
Trd, 4318783.243, 103
Trd, 4318783.493, 102
Trd, 4318785.793, 89
Trd, 4318786.943, 104
Trd, 4318788.643, 100
Trd, 4318789.143, 96
Trd, 4318790.193, 118
Trd, 4318790.993, 87
Trd, 4318792.843, 138
Trd, 4318794.243, 73
Trd, 4318796.093, 87
Trd, 4318797.093, 102
Trd, 4318797.943, 112
Trd, 4318800.193, 86
Trd, 4318800.993, 87
Trd, 4318802.093, 86
Trd, 4318805.093, 96
Trd, 4318806.693, 86
Trd, 4318807.193, 91
Trd, 4318807.443, 102
Trd, 4318808.743, 139
Trd, 4318809.893, 104
Trd, 4318810.543, 99
Trd, 4318811.643, 131
Trd, 4318812.693, 113
Trd, 4318814.893, 86
Trd, 4318816.193, 139
Trd, 4318816.293, 105
Trd, 4318817.343, 131
Trd, 4318817.693, 89
Trd, 4318818.343, 129
Trd, 4318821.693, 96
Trd, 4318821.993, 91
Trd, 4318824.493, 121
Trd, 4318826.093, 131
Trd, 4318826.393, 98
Trd, 4318827.343, 110
Trd, 4318828.393, 86
Trd, 4318829.193, 87
Trd, 4318830.093, 88
Trd, 4318830.693, 135
Trd, 4318833.993, 94
Trd, 4318835.243, 115
Trd, 4318836.893, 95
Trd, 4318837.793, 98
Trd, 4318841.243, 87
Trd, 4318841.743, 110
Trd, 4318842.293, 95
Trd, 4318842.543, 86
Trd, 4318844.093, 102
Trd, 4318845.193, 88
Trd, 4318847.793, 88
Trd, 4318847.843, 95
Trd, 4318849.943, 98
Trd, 4318850.193, 87
Trd, 4318851.893, 130
Trd, 4318852.643, 91
Trd, 4318853.343, 86
Trd, 4318854.993, 87
Trd, 4318856.443, 96
Trd, 4318856.993, 95
Trd, 4318857.993, 130
Trd, 4318860.043, 95
Trd, 4318860.743, 127
Trd, 4318862.443, 83
Trd, 4318863.743, 81
Trd, 4318865.693, 87
Trd, 4318868.243, 93
Trd, 4318868.543, 95
Trd, 4318869.793, 77
Trd, 4318870.793, 86
Trd, 4318870.843, 96
Trd, 4318873.343, 106
Trd, 4318874.943, 103
Trd, 4318876.093, 91
Trd, 4318877.643, 124
Trd, 4318878.793, 83
Trd, 4318879.893, 87
Trd, 4318879.943, 98
Trd, 4318882.643, 100
Trd, 4318882.893, 102
Trd, 4318883.393, 117
Trd, 4318883.443, 86
Trd, 4318885.543, 140
Trd, 4318887.093, 88
Trd, 4318887.193, 87
Trd, 4318889.593, 88
Trd, 4318889.793, 89
Trd, 4318890.993, 98
Trd, 4318895.393, 95
Trd, 4318895.593, 96
Trd, 4318898.693, 87
Trd, 4318898.893, 100
Trd, 4318900.843, 111
Trd, 4318901.043, 105
Trd, 4318901.543, 99
Trd, 4318902.693, 86
Trd, 4318903.243, 107
Trd, 4318904.293, 93
Trd, 4318905.243, 102
Trd, 4318905.943, 131
Trd, 4318907.393, 87
Trd, 4318908.793, 93
Trd, 4318909.943, 100
Trd, 4318911.393, 86
Trd, 4318913.643, 97
Trd, 4318913.693, 96
Trd, 4318914.293, 100
Trd, 4318916.193, 95
Trd, 4318918.193, 97
Trd, 4318919.593, 117
Trd, 4318919.793, 102
Trd, 4318922.443, 140
Trd, 4318922.943, 113
Trd, 4318925.243, 114
Trd, 4318926.843, 88
Trd, 4318927.943, 95
Trd, 4318928.143, 94
Trd, 4318928.593, 86
Trd, 4318929.543, 98
Trd, 4318933.543, 95
Trd, 4318936.443, 91
Trd, 4318936.943, 93
Trd, 4318936.993, 99
Trd, 4318938.343, 95
Trd, 4318938.843, 92
Trd, 4318939.143, 78
Trd, 4318939.543, 120
Trd, 4318942.193, 86
Trd, 4318942.643, 95
Trd, 4318943.493, 78
Trd, 4318943.893, 86
Trd, 4318946.693, 89
Trd, 4318948.193, 127
Trd, 4318949.643, 98
Trd, 4318949.843, 75
Trd, 4318951.243, 90
Trd, 4318952.443, 131
Trd, 4318953.493, 80
Trd, 4318955.343, 106
Trd, 4318957.593, 95
Trd, 4318958.143, 129
Trd, 4318959.393, 108
Trd, 4318960.043, 87
Trd, 4318961.893, 86
Trd, 4318965.443, 98
Trd, 4318965.543, 104
Trd, 4318966.293, 99
Trd, 4318967.393, 96
Trd, 4318967.693, 95
Trd, 4318971.893, 86
Trd, 4318972.543, 90
Trd, 4318973.743, 89
Trd, 4318974.693, 132
Trd, 4318975.543, 96
Trd, 4318975.893, 86
Trd, 4318976.343, 86
Trd, 4318978.443, 99
Trd, 4318980.743, 91
Trd, 4318982.993, 90
Trd, 4318983.393, 87
Trd, 4318984.243, 94
Trd, 4318984.443, 106
Trd, 4318986.543, 139
Trd, 4318987.193, 70
Trd, 4318988.243, 94
Trd, 4318989.693, 89
Trd, 4318990.893, 125
Trd, 4318993.443, 95
Trd, 4318994.243, 90
Trd, 4318994.693, 115
Trd, 4318996.093, 87
Trd, 4318996.593, 128
Trd, 4318997.543, 89
Trd, 4318999.693, 131
Trd, 4319000.493, 113
Trd, 4319000.593, 92
Trd, 4319002.643, 98
Trd, 4319005.443, 103
Trd, 4319005.493, 93
Trd, 4319008.743, 98
Trd, 4319010.393, 88
Trd, 4319010.943, 121
Trd, 4319011.143, 86
Trd, 4319011.443, 81
Trd, 4319011.893, 140
Trd, 4319012.943, 101
Trd, 4319015.043, 89
Trd, 4319015.143, 136
Trd, 4319016.643, 83
Trd, 4319016.893, 95
Trd, 4319017.293, 82
Trd, 4319020.343, 90
Trd, 4319020.743, 91
Trd, 4319020.843, 95
Trd, 4319022.593, 106
Trd, 4319024.293, 118
Trd, 4319027.243, 87
Trd, 4319028.393, 95
Trd, 4319028.943, 86
Trd, 4319029.643, 100
Trd, 4319031.743, 104
Trd, 4319032.693, 116
Trd, 4319033.243, 87
Trd, 4319036.043, 86
Trd, 4319036.193, 88
Trd, 4319040.293, 94
Trd, 4319040.343, 86
Trd, 4319040.393, 99
Trd, 4319040.943, 107
Trd, 4319041.743, 86
Trd, 4319042.693, 126
Trd, 4319042.743, 94
Trd, 4319043.343, 128
Trd, 4319045.593, 79
Trd, 4319046.493, 86
Trd, 4319047.393, 93
Trd, 4319049.593, 97
Trd, 4319050.193, 111
Trd, 4319051.493, 79
Trd, 4319051.893, 104
Trd, 4319054.743, 93
Trd, 4319057.043, 83
Trd, 4319057.843, 89
Trd, 4319058.443, 102
Trd, 4319058.593, 84
Trd, 4319060.093, 140
Trd, 4319061.243, 89
Trd, 4319061.593, 132
Trd, 4319063.043, 117
Trd, 4319064.393, 131
Trd, 4319064.493, 101
Trd, 4319067.293, 97
Trd, 4319068.493, 88
Trd, 4319070.943, 93
Trd, 4319071.543, 88
Trd, 4319071.643, 113
Trd, 4319074.793, 90
Trd, 4319076.243, 98
Trd, 4319077.493, 101
Trd, 4319077.793, 119
Trd, 4319079.743, 91
Trd, 4319081.143, 126
Trd, 4319082.043, 113
Trd, 4319084.143, 93
Trd, 4319084.993, 102
Trd, 4319085.643, 99
Trd, 4319086.343, 99
Trd, 4319088.093, 89
Trd, 4319088.793, 139
Trd, 4319091.793, 86
Trd, 4319092.343, 83
Trd, 4319092.443, 90
Trd, 4319095.993, 94
Trd, 4319097.793, 86
Trd, 4319097.943, 95
Trd, 4319098.393, 122
Trd, 4319100.643, 97
Trd, 4319102.093, 72
Trd, 4319104.043, 77
Trd, 4319105.293, 96
Trd, 4319106.393, 96
Trd, 4319107.043, 124
Trd, 4319107.943, 87
Trd, 4319108.243, 106
Trd, 4319108.943, 88
Trd, 4319109.743, 90
Trd, 4319111.943, 87
Trd, 4319112.143, 91
Trd, 4319114.693, 90
Trd, 4319116.243, 97
Trd, 4319116.693, 86
Trd, 4319117.443, 120
Trd, 4319118.543, 137
Trd, 4319119.543, 91
Trd, 4319119.993, 86
Trd, 4319120.793, 86
Trd, 4319121.293, 96
Trd, 4319121.393, 82
Trd, 4319124.093, 137
Trd, 4319124.643, 90
Trd, 4319125.543, 130
Trd, 4319127.993, 97
Trd, 4319130.243, 99
Trd, 4319131.243, 101
Trd, 4319132.293, 91
Trd, 4319133.343, 94
Trd, 4319133.443, 86
Trd, 4319134.043, 78
Trd, 4319134.493, 73
Trd, 4319137.893, 95
Trd, 4319138.193, 86
Trd, 4319138.643, 96
Trd, 4319139.043, 101
Trd, 4319139.343, 105
Trd, 4319140.193, 89
Trd, 4319141.143, 128
Trd, 4319142.793, 80
Trd, 4319147.243, 79
Trd, 4319147.943, 113
Trd, 4319148.743, 88
Trd, 4319149.093, 115
Trd, 4319151.093, 86
Trd, 4319151.893, 96
Trd, 4319152.793, 130
Trd, 4319154.093, 86
Trd, 4319154.893, 82
Trd, 4319156.943, 140
Trd, 4319157.293, 111
Trd, 4319158.393, 131
Trd, 4319159.743, 95
Trd, 4319160.743, 86
Trd, 4319163.493, 91
Trd, 4319165.743, 87
Trd, 4319165.793, 98
Trd, 4319166.143, 86
Trd, 4319168.193, 135
Trd, 4319169.143, 129
Trd, 4319170.343, 88
Trd, 4319170.593, 100
Trd, 4319171.643, 86
Trd, 4319173.043, 94
Trd, 4319174.293, 90
Trd, 4319175.093, 99
Trd, 4319176.193, 109
Trd, 4319176.793, 88
Trd, 4319177.443, 86
Trd, 4319178.893, 100
Trd, 4319178.993, 79
Trd, 4319181.893, 95
Trd, 4319183.493, 69
Trd, 4319183.593, 107
Trd, 4319185.593, 93
Trd, 4319187.343, 88
Trd, 4319189.643, 115
Trd, 4319190.643, 84
Trd, 4319191.993, 94
Trd, 4319193.093, 107
Trd, 4319194.043, 129
Trd, 4319194.643, 99
Trd, 4319196.443, 96
Trd, 4319197.593, 86
Trd, 4319199.293, 86
Trd, 4319199.843, 83
Trd, 4319201.043, 80
Trd, 4319203.443, 98
Trd, 4319204.643, 116
Trd, 4319205.043, 95
Trd, 4319206.043, 130
Trd, 4319206.893, 104
Trd, 4319207.943, 93
Trd, 4319208.493, 88
Trd, 4319209.793, 112
Trd, 4319210.043, 89
Trd, 4319210.393, 86
Trd, 4319211.743, 114
Trd, 4319214.093, 95
Trd, 4319216.143, 113
Trd, 4319217.143, 131
Trd, 4319218.993, 86
Trd, 4319219.143, 90
Trd, 4319221.293, 128
Trd, 4319222.643, 92
Trd, 4319222.693, 98
Trd, 4319224.993, 99
Trd, 4319225.543, 80
Trd, 4319226.493, 96
Trd, 4319226.593, 76
Trd, 4319229.193, 106
Trd, 4319231.393, 86
Trd, 4319232.993, 86
Trd, 4319234.293, 98
Trd, 4319235.793, 87
Trd, 4319236.593, 129
Trd, 4319237.593, 132
Trd, 4319239.793, 87
Trd, 4319241.343, 96
Trd, 4319241.393, 86
Trd, 4319242.093, 79
Trd, 4319244.293, 114
Trd, 4319244.743, 130
Trd, 4319245.693, 93
Trd, 4319248.443, 88
Trd, 4319248.543, 126
Trd, 4319253.093, 90
Trd, 4319253.643, 98
Trd, 4319254.693, 128
Trd, 4319255.643, 86
Trd, 4319256.593, 117
Trd, 4319257.793, 110
Trd, 4319259.143, 86
Trd, 4319261.893, 136
Trd, 4319262.743, 78
Trd, 4319263.443, 101
Trd, 4319266.043, 100
Trd, 4319266.343, 127
Trd, 4319268.093, 102
Trd, 4319269.443, 101
Trd, 4319269.993, 100
Trd, 4319271.043, 86
Trd, 4319272.043, 97
Trd, 4319272.243, 102
Trd, 4319274.343, 89
Trd, 4319274.693, 131
Trd, 4319275.343, 129
Trd, 4319276.793, 102
Trd, 4319276.893, 98
Trd, 4319279.343, 90
Trd, 4319279.843, 83
Trd, 4319281.093, 99
Trd, 4319282.293, 109
Trd, 4319282.893, 86
Trd, 4319284.093, 100
Trd, 4319286.243, 81
Trd, 4319286.793, 125
Trd, 4319287.543, 102
Trd, 4319288.693, 126
Trd, 4319289.243, 96
Trd, 4319292.193, 100
Trd, 4319293.243, 115
Trd, 4319294.393, 137
Trd, 4319294.743, 103
Trd, 4319296.143, 130
Trd, 4319298.393, 87
Trd, 4319300.343, 90
Trd, 4319301.643, 95
Trd, 4319305.793, 87
Trd, 4319306.493, 85
Trd, 4319306.843, 88
Trd, 4319307.193, 84
Trd, 4319309.943, 92
Trd, 4319310.093, 87
Trd, 4319310.343, 96
Trd, 4319310.593, 139
Trd, 4319313.743, 88
Trd, 4319314.543, 96
Trd, 4319316.043, 99
Trd, 4319318.443, 98
Trd, 4319319.493, 98
Trd, 4319321.843, 139
Trd, 4319322.093, 130
Trd, 4319323.093, 113
Trd, 4319325.993, 87
Trd, 4319327.443, 131
Trd, 4319327.693, 86
Trd, 4319328.393, 139
Trd, 4319329.343, 140
Trd, 4319330.043, 113
Trd, 4319333.443, 106
Trd, 4319333.643, 125
Trd, 4319335.243, 93
Trd, 4319335.543, 86
Trd, 4319335.593, 96
Trd, 4319337.993, 102
Trd, 4319340.193, 88
Trd, 4319340.643, 91
Trd, 4319342.143, 86
Trd, 4319344.093, 73
Trd, 4319344.443, 93
Trd, 4319345.943, 110
Trd, 4319347.943, 95
Trd, 4319348.543, 82
Trd, 4319348.643, 125
Trd, 4319349.493, 83
Trd, 4319353.093, 70
Trd, 4319354.493, 86
Trd, 4319357.643, 95
Trd, 4319358.193, 104
Trd, 4319358.293, 128
Trd, 4319360.593, 86
Trd, 4319361.143, 102
Trd, 4319361.893, 83
Trd, 4319363.743, 109
Trd, 4319364.493, 99
Trd, 4319366.643, 115
Trd, 4319367.993, 86
Trd, 4319368.743, 88
Trd, 4319370.543, 86
Trd, 4319371.693, 106
Trd, 4319376.143, 77
Trd, 4319376.643, 73
Trd, 4319378.443, 93
Trd, 4319378.593, 90
Trd, 4319378.843, 96
Trd, 4319379.693, 140
Trd, 4319381.543, 91
Trd, 4319383.743, 90
Trd, 4319383.943, 100
Trd, 4319384.443, 140
Trd, 4319386.193, 89
Trd, 4319387.043, 131
Trd, 4319389.693, 98
Trd, 4319390.943, 87
Trd, 4319391.193, 92
Trd, 4319393.943, 124
Trd, 4319395.043, 138
Trd, 4319395.993, 88
Trd, 4319397.043, 92
Trd, 4319400.693, 90
Trd, 4319401.793, 94
Trd, 4319402.093, 88
Trd, 4319404.143, 87
Trd, 4319404.493, 116
Trd, 4319406.443, 92
Trd, 4319406.743, 104
Trd, 4319408.593, 95
Trd, 4319410.793, 89
Trd, 4319411.043, 88
Trd, 4319413.793, 96
Trd, 4319414.343, 88
Trd, 4319417.193, 97
Trd, 4319418.843, 87
Trd, 4319419.393, 110
Trd, 4319419.893, 120
Trd, 4319420.443, 86
Trd, 4319423.443, 86
Trd, 4319423.693, 96
Trd, 4319424.493, 111
Trd, 4319424.593, 122
Trd, 4319426.093, 81
Trd, 4319426.943, 99
Trd, 4319428.293, 131
Trd, 4319429.893, 113
Trd, 4319433.793, 130
Trd, 4319433.843, 113
Trd, 4319433.893, 94
Trd, 4319434.993, 138
Trd, 4319436.243, 133
Trd, 4319437.043, 103
Trd, 4319439.743, 95
Trd, 4319441.343, 92
Trd, 4319441.893, 99
Trd, 4319442.093, 108
Trd, 4319443.143, 86
Trd, 4319443.793, 138
Trd, 4319445.943, 96
Trd, 4319448.193, 91
Trd, 4319448.693, 100
Trd, 4319449.993, 88
Trd, 4319453.343, 95
Trd, 4319454.493, 82
Trd, 4319455.143, 100
Trd, 4319456.193, 130
Trd, 4319458.643, 88
Trd, 4319459.643, 140
Trd, 4319461.043, 117
Trd, 4319461.343, 96
Trd, 4319462.043, 93
Trd, 4319463.143, 86
Trd, 4319464.043, 88
Trd, 4319464.693, 131
Trd, 4319466.743, 82
Trd, 4319467.043, 102
Trd, 4319467.943, 96
Trd, 4319468.043, 104
Trd, 4319469.493, 121
Trd, 4319470.793, 97
Trd, 4319474.993, 89
Trd, 4319475.043, 87
Trd, 4319475.343, 95
Trd, 4319476.543, 137
Trd, 4319478.493, 89
Trd, 4319480.593, 98
Trd, 4319483.043, 95
Trd, 4319484.593, 113
Trd, 4319485.643, 103
Trd, 4319486.293, 81
Trd, 4319486.793, 89
Trd, 4319487.443, 116
Trd, 4319488.443, 129
Trd, 4319488.993, 113
Trd, 4319490.343, 111
Trd, 4319493.643, 97
Trd, 4319494.043, 105
Trd, 4319494.293, 86
Trd, 4319496.343, 140
Trd, 4319496.643, 130
Trd, 4319498.643, 94
Trd, 4319499.793, 87
Trd, 4319499.943, 130
Trd, 4319503.243, 107
Trd, 4319503.443, 137
Trd, 4319504.543, 130
Trd, 4319505.493, 104
Trd, 4319507.443, 112
Trd, 4319507.693, 89
Trd, 4319508.493, 106
Trd, 4319509.243, 129
Trd, 4319511.293, 102
Trd, 4319512.393, 99
Trd, 4319512.793, 93
Trd, 4319513.893, 96
Trd, 4319516.843, 88
Trd, 4319519.843, 100
Trd, 4319520.193, 129
Trd, 4319520.393, 99
Trd, 4319521.893, 124
Trd, 4319522.443, 97
Trd, 4319524.293, 86
Trd, 4319525.843, 95
Trd, 4319526.293, 98
Trd, 4319527.543, 86
Trd, 4319528.893, 92
Trd, 4319529.193, 88
Trd, 4319529.693, 80
Trd, 4319531.793, 95
Trd, 4319531.943, 86
Trd, 4319533.643, 69
Trd, 4319534.243, 81
Trd, 4319536.693, 92
Trd, 4319537.393, 95
Trd, 4319538.793, 67
Trd, 4319540.193, 92
Trd, 4319541.543, 87
Trd, 4319541.693, 121
Trd, 4319542.693, 86
Trd, 4319548.843, 95
Trd, 4319549.493, 117
Trd, 4319551.193, 102
Trd, 4319552.343, 130
Trd, 4319554.093, 95
Trd, 4319554.543, 99
Trd, 4319557.393, 81
Trd, 4319557.793, 86
Trd, 4319559.693, 95
Trd, 4319560.643, 82
Trd, 4319562.743, 130
Trd, 4319564.093, 92
Trd, 4319564.143, 123
Trd, 4319564.893, 99
Trd, 4319567.843, 95
Trd, 4319568.393, 73
Trd, 4319570.343, 115
Trd, 4319572.843, 91
Trd, 4319573.843, 131
Trd, 4319574.543, 89
Trd, 4319576.843, 101
Trd, 4319577.643, 89
Trd, 4319578.943, 100
Trd, 4319581.093, 96
Trd, 4319581.893, 86
Trd, 4319582.743, 133
Trd, 4319583.493, 96
Trd, 4319583.993, 126
Trd, 4319586.493, 98
Trd, 4319588.193, 102
Trd, 4319588.943, 87
Trd, 4319589.443, 87
Trd, 4319590.643, 88
Trd, 4319591.243, 86
Trd, 4319592.343, 96
Trd, 4319595.793, 88
Trd, 4319596.993, 81
Trd, 4319597.243, 101
Trd, 4319599.593, 113
Trd, 4319600.093, 113
Trd, 4319600.493, 131
Trd, 4319600.843, 96
Trd, 4319601.193, 86
Trd, 4319603.093, 90
Trd, 4319606.293, 97
Trd, 4319607.243, 79
Trd, 4319607.643, 122
Trd, 4319608.343, 132
Trd, 4319609.443, 120
Trd, 4319609.993, 80
Trd, 4319612.993, 88
Trd, 4319616.093, 87
Trd, 4319616.543, 87
Trd, 4319616.893, 96
Trd, 4319619.193, 98
Trd, 4319619.843, 104
Trd, 4319620.393, 112
Trd, 4319621.693, 87
Trd, 4319624.293, 91
Trd, 4319625.893, 83
Trd, 4319627.043, 100
Trd, 4319627.243, 109
Trd, 4319628.493, 131
Trd, 4319629.993, 89
Trd, 4319631.043, 140
Trd, 4319631.293, 86
Trd, 4319631.943, 82
Trd, 4319632.593, 112
Trd, 4319634.093, 131
Trd, 4319634.893, 104
Trd, 4319635.443, 125
Trd, 4319635.993, 103
Trd, 4319636.543, 102
Trd, 4319637.093, 86
Trd, 4319640.993, 107
Trd, 4319641.743, 98
Trd, 4319643.643, 97
Trd, 4319645.143, 89
Trd, 4319645.443, 102
Trd, 4319647.343, 104
Trd, 4319648.243, 120
Trd, 4319650.193, 87
Trd, 4319651.043, 86
Trd, 4319651.493, 100
Trd, 4319653.843, 130
Trd, 4319654.343, 130
Trd, 4319656.093, 109
Trd, 4319656.193, 100
Trd, 4319659.443, 100
Trd, 4319661.093, 90
Trd, 4319661.843, 87
Trd, 4319662.193, 86
Trd, 4319667.343, 99
Trd, 4319667.993, 128
Trd, 4319668.493, 85
Trd, 4319669.643, 85
Trd, 4319670.493, 80
Trd, 4319670.843, 90
Trd, 4319671.693, 95
Trd, 4319672.593, 103
Trd, 4319675.043, 66
Trd, 4319675.193, 70
Trd, 4319676.243, 86
Trd, 4319678.093, 113
Trd, 4319678.393, 113
Trd, 4319679.443, 90
Trd, 4319679.893, 140
Trd, 4319680.643, 82
Trd, 4319683.443, 86
Trd, 4319684.293, 104
Trd, 4319684.943, 131
Trd, 4319689.093, 98
Trd, 4319689.393, 86
Trd, 4319689.743, 97
Trd, 4319691.343, 95
Trd, 4319691.543, 96
Trd, 4319695.443, 87
Trd, 4319695.843, 100
Trd, 4319696.143, 86
Trd, 4319698.193, 87
Trd, 4319700.393, 95
Trd, 4319702.193, 87
Trd, 4319702.593, 96
Trd, 4319702.693, 104
Trd, 4319704.143, 87
Trd, 4319705.543, 134
Trd, 4319708.843, 94
Trd, 4319708.993, 103
Trd, 4319709.293, 87
Trd, 4319710.643, 97
Trd, 4319712.393, 108
Trd, 4319714.543, 107
Trd, 4319715.193, 130
Trd, 4319715.493, 91
Trd, 4319715.993, 100
Trd, 4319717.243, 90
Trd, 4319717.693, 96
Trd, 4319719.943, 102
Trd, 4319719.993, 133
Trd, 4319721.393, 87
Trd, 4319721.593, 112
Trd, 4319723.243, 102
Trd, 4319723.543, 86
Trd, 4319726.293, 128
Trd, 4319727.543, 122
Trd, 4319728.843, 129
Trd, 4319729.293, 102
Trd, 4319730.893, 87
Trd, 4319731.443, 86
Trd, 4319732.643, 82
Trd, 4319733.843, 99
Trd, 4319734.243, 115
Trd, 4319735.443, 85
Trd, 4319739.693, 91
Trd, 4319739.893, 93
Trd, 4319740.093, 90
Trd, 4319740.143, 96
Trd, 4319740.893, 85
Trd, 4319742.143, 130
Trd, 4319742.893, 101
Trd, 4319746.043, 86
Trd, 4319746.793, 88
Trd, 4319747.693, 75
Trd, 4319748.343, 86
Trd, 4319750.993, 102
Trd, 4319751.243, 126
Trd, 4319752.893, 131
Trd, 4319753.793, 101
Trd, 4319756.893, 140
Trd, 4319756.993, 130
Trd, 4319757.143, 113
Trd, 4319757.343, 103
Trd, 4319757.743, 133
Trd, 4319759.193, 95
Trd, 4319761.343, 84
Trd, 4319762.543, 86
Trd, 4319763.493, 86
Trd, 4319766.143, 86
Trd, 4319766.193, 85
Trd, 4319768.793, 96
Trd, 4319770.893, 87
Trd, 4319771.093, 89
Trd, 4319772.343, 105
Trd, 4319772.793, 87
Trd, 4319775.043, 129
Trd, 4319776.343, 101
Trd, 4319778.093, 90
Trd, 4319778.693, 127
Trd, 4319781.293, 97
Trd, 4319781.443, 83
Trd, 4319781.643, 126
Trd, 4319784.343, 103
Trd, 4319785.293, 131
Trd, 4319786.093, 87
Trd, 4319788.843, 88
Trd, 4319789.743, 86
Trd, 4319789.893, 97
Trd, 4319790.543, 136
Trd, 4319790.743, 97
Trd, 4319793.543, 79
Trd, 4319795.843, 87
Trd, 4319796.793, 87
Trd, 4319797.843, 89
Trd, 4319799.393, 102
Trd, 4319800.293, 84
Trd, 4319802.243, 88
Trd, 4319803.793, 137
Trd, 4319806.343, 111
Trd, 4319806.543, 100
Trd, 4319807.543, 91
Trd, 4319808.343, 83
Trd, 4319809.593, 95
Trd, 4319810.993, 137
Trd, 4319811.743, 113
Trd, 4319815.043, 88
Trd, 4319815.493, 95
Trd, 4319817.143, 77
Trd, 4319817.393, 123
Trd, 4319818.443, 121
Trd, 4319820.193, 109
Trd, 4319821.293, 139
Trd, 4319821.393, 107
Trd, 4319822.343, 103
Trd, 4319825.543, 89
Trd, 4319826.043, 124
Trd, 4319826.243, 124
Trd, 4319827.343, 93
Trd, 4319828.493, 129
Trd, 4319829.043, 73
Trd, 4319831.393, 90
Trd, 4319831.493, 100
Trd, 4319833.393, 85
Trd, 4319834.793, 130
Trd, 4319835.443, 86
Trd, 4319835.693, 86
Trd, 4319838.143, 91
Trd, 4319840.543, 91
Trd, 4319841.593, 96
Trd, 4319841.893, 74
Trd, 4319845.243, 84
Trd, 4319845.443, 89
Trd, 4319845.893, 131
Trd, 4319849.743, 94
Trd, 4319850.643, 91
Trd, 4319852.743, 107
Trd, 4319855.343, 97
Trd, 4319855.943, 86
Trd, 4319856.543, 104
Trd, 4319858.093, 92
Trd, 4319859.443, 127
Trd, 4319859.893, 95
Trd, 4319862.393, 88
Trd, 4319862.593, 125
Trd, 4319865.143, 97
Trd, 4319867.693, 101
Trd, 4319867.793, 86
Trd, 4319868.793, 92
Trd, 4319868.943, 127
Trd, 4319872.193, 91
Trd, 4319872.893, 88
Trd, 4319873.193, 96
Trd, 4319875.493, 100
Trd, 4319876.743, 86
Trd, 4319876.793, 120
Trd, 4319879.493, 74
Trd, 4319880.643, 90
Trd, 4319882.243, 102
Trd, 4319882.993, 139
Trd, 4319884.593, 75
Trd, 4319886.293, 100
Trd, 4319886.943, 140
Trd, 4319888.643, 131
Trd, 4319888.993, 113
Trd, 4319890.593, 103
Trd, 4319891.093, 140
Trd, 4319892.343, 87
Trd, 4319893.643, 130
Trd, 4319895.743, 95
Trd, 4319896.943, 90
Trd, 4319897.593, 86
Trd, 4319897.743, 106
Trd, 4319899.693, 76
Trd, 4319901.393, 92
Trd, 4319904.143, 95
Trd, 4319904.893, 86
Trd, 4319906.193, 95
Trd, 4319906.293, 94
Trd, 4319908.693, 120
Trd, 4319908.743, 89
Trd, 4319910.743, 75
Trd, 4319911.593, 92
Trd, 4319912.743, 71
Trd, 4319913.843, 95
Trd, 4319914.393, 104
Trd, 4319915.993, 92
Trd, 4319917.693, 137
Trd, 4319919.293, 99
Trd, 4319920.393, 95
Trd, 4319922.543, 80
Trd, 4319922.693, 86
Trd, 4319924.193, 104
Trd, 4319924.643, 115
Trd, 4319927.093, 107
Trd, 4319929.643, 80
Trd, 4319930.393, 90
Trd, 4319932.793, 100
Trd, 4319933.343, 130
Trd, 4319934.343, 86
Trd, 4319936.643, 85
Trd, 4319937.093, 138
Trd, 4319938.493, 131
Trd, 4319939.893, 102
Trd, 4319942.243, 99
Trd, 4319942.393, 134
Trd, 4319942.593, 88
Trd, 4319943.943, 126
Trd, 4319947.043, 113
Trd, 4319947.793, 90
Trd, 4319949.993, 86
Trd, 4319952.793, 95
Trd, 4319952.943, 85
Trd, 4319954.793, 130
Trd, 4319955.043, 131
Trd, 4319955.293, 90
Trd, 4319956.293, 86
Trd, 4319957.843, 80
Trd, 4319959.993, 96
Trd, 4319962.793, 105
Trd, 4319963.193, 80
Trd, 4319963.993, 95
Trd, 4319965.693, 113
Trd, 4319968.393, 88
Trd, 4319970.343, 88
Trd, 4319971.243, 87
Trd, 4319971.843, 97
Trd, 4319974.643, 99
Trd, 4319975.143, 90
Trd, 4319975.393, 82
Trd, 4319977.493, 84
Trd, 4319978.843, 86
Trd, 4319979.543, 95
Trd, 4319979.593, 88
Trd, 4319979.843, 118
Trd, 4319980.593, 102
Trd, 4319983.493, 99
Trd, 4319986.343, 105
Trd, 4319987.543, 86
Trd, 4319988.693, 101
Trd, 4319988.993, 119
Trd, 4319990.043, 88
Trd, 4319990.393, 81
Trd, 4319991.143, 99
Trd, 4319993.193, 130
Trd, 4319995.643, 88
Trd, 4319996.093, 132
Trd, 4319997.593, 101
Trd, 4319998.643, 98
Trd, 4319999.093, 86
Trd, 4319999.593, 140
