Trd, 4317948.593, 92
Trd, 4317950.943, 95
Trd, 4317952.643, 95
Trd, 4317952.743, 86
Trd, 4317954.293, 113
Trd, 4317954.443, 95
Trd, 4317954.943, 122
Trd, 4317955.443, 132
Trd, 4317956.493, 104
Trd, 4317957.843, 122
Trd, 4317959.893, 130
Trd, 4317959.943, 106
Trd, 4317961.493, 105
Trd, 4317963.293, 122
Trd, 4317963.543, 96
Trd, 4317963.943, 132
Trd, 4317964.143, 95
Trd, 4317965.643, 87
Trd, 4317967.043, 88
Trd, 4317967.443, 106
Trd, 4317969.043, 89
Trd, 4317970.943, 95
Trd, 4317971.943, 96
Trd, 4317972.043, 95
Trd, 4317972.893, 110
Trd, 4317973.693, 113
Trd, 4317974.093, 99
Trd, 4317974.943, 86
Trd, 4317977.243, 77
Trd, 4317977.593, 95
Trd, 4317979.843, 80
Trd, 4317980.743, 81
Trd, 4317981.343, 80
Trd, 4317983.343, 88
Trd, 4317985.743, 90
Trd, 4317986.043, 102
Trd, 4317986.093, 88
Trd, 4317986.893, 86
Trd, 4317989.043, 140
Trd, 4317990.943, 123
Trd, 4317991.643, 122
Trd, 4317991.993, 113
Trd, 4317992.393, 95
Trd, 4317992.793, 77
Trd, 4317995.143, 122
Trd, 4317995.543, 105
Trd, 4317996.343, 106
Trd, 4317997.093, 126
Trd, 4317997.743, 104
Trd, 4317998.743, 95
Trd, 4317999.743, 78
Trd, 4318001.893, 122
Trd, 4318002.843, 105
Trd, 4318003.493, 104
Trd, 4318004.493, 96
Trd, 4318005.043, 95
Trd, 4318005.793, 122
Trd, 4318006.743, 84
Trd, 4318006.843, 127
Trd, 4318008.293, 87
Trd, 4318009.293, 88
Trd, 4318011.443, 140
Trd, 4318013.643, 131
Trd, 4318013.793, 113
Trd, 4318014.693, 88
Trd, 4318016.343, 87
Trd, 4318016.693, 96
Trd, 4318016.993, 87
Trd, 4318017.793, 113
Trd, 4318019.243, 87
Trd, 4318019.493, 116
Trd, 4318020.743, 77
Trd, 4318024.793, 78
Trd, 4318025.993, 82
Trd, 4318026.743, 98
Trd, 4318026.843, 107
Trd, 4318027.543, 82
Trd, 4318028.693, 113
Trd, 4318028.743, 83
Trd, 4318031.043, 74
Trd, 4318031.143, 72
Trd, 4318032.343, 79
Trd, 4318034.293, 96
Trd, 4318034.943, 84
Trd, 4318035.393, 87
Trd, 4318035.693, 88
Trd, 4318036.593, 99
Trd, 4318039.093, 97
Trd, 4318039.143, 96
Trd, 4318040.043, 95
Trd, 4318041.293, 140
Trd, 4318043.343, 113
Trd, 4318044.243, 121
Trd, 4318046.293, 103
Trd, 4318046.543, 92
Trd, 4318048.443, 114
Trd, 4318048.693, 94
Trd, 4318050.793, 98
Trd, 4318050.943, 95
Trd, 4318051.093, 95
Trd, 4318051.243, 107
Trd, 4318052.793, 89
Trd, 4318053.793, 90
Trd, 4318054.493, 97
Trd, 4318056.493, 124
Trd, 4318056.893, 122
Trd, 4318058.143, 113
Trd, 4318059.543, 106
Trd, 4318060.643, 104
Trd, 4318060.943, 95
Trd, 4318062.643, 120
Trd, 4318063.493, 129
Trd, 4318064.893, 90
Trd, 4318065.493, 112
Trd, 4318067.493, 94
Trd, 4318067.693, 94
Trd, 4318067.793, 130
Trd, 4318069.143, 121
Trd, 4318069.243, 94
Trd, 4318069.643, 130
Trd, 4318070.593, 84
Trd, 4318073.093, 86
Trd, 4318073.293, 86
Trd, 4318075.243, 89
Trd, 4318076.393, 91
Trd, 4318076.843, 99
Trd, 4318077.343, 106
Trd, 4318079.643, 98
Trd, 4318080.643, 99
Trd, 4318082.043, 122
Trd, 4318082.693, 126
Trd, 4318083.693, 100
Trd, 4318084.093, 99
Trd, 4318084.143, 104
Trd, 4318084.493, 122
Trd, 4318086.093, 88
Trd, 4318088.593, 91
Trd, 4318090.343, 92
Trd, 4318091.093, 93
Trd, 4318092.743, 97
Trd, 4318094.293, 97
Trd, 4318094.543, 113
Trd, 4318097.343, 118
Trd, 4318097.393, 100
Trd, 4318098.093, 100
Trd, 4318098.543, 96
Trd, 4318101.143, 92
Trd, 4318101.743, 90
Trd, 4318103.443, 96
Trd, 4318104.193, 106
Trd, 4318104.543, 94
Trd, 4318105.943, 94
Trd, 4318107.493, 122
Trd, 4318107.593, 113
Trd, 4318109.843, 89
Trd, 4318110.243, 129
Trd, 4318111.393, 123
Trd, 4318112.093, 122
Trd, 4318113.543, 113
Trd, 4318115.393, 85
Trd, 4318115.643, 85
Trd, 4318118.893, 77
Trd, 4318118.993, 95
Trd, 4318119.693, 100
Trd, 4318121.443, 80
Trd, 4318121.843, 91
Trd, 4318122.893, 83
Trd, 4318122.993, 97
Trd, 4318123.743, 81
Trd, 4318125.943, 113
Trd, 4318126.343, 114
Trd, 4318128.543, 89
Trd, 4318128.843, 88
Trd, 4318130.193, 92
Trd, 4318130.293, 91
Trd, 4318131.093, 93
Trd, 4318131.243, 90
Trd, 4318133.393, 131
Trd, 4318133.743, 117
Trd, 4318135.393, 101
Trd, 4318135.593, 91
Trd, 4318136.543, 86
Trd, 4318137.793, 121
Trd, 4318140.443, 92
Trd, 4318141.143, 94
Trd, 4318142.143, 95
Trd, 4318143.343, 121
Trd, 4318144.893, 128
Trd, 4318145.143, 94
Trd, 4318145.893, 78
Trd, 4318147.693, 86
Trd, 4318147.893, 88
Trd, 4318150.193, 78
Trd, 4318151.343, 95
Trd, 4318151.543, 84
Trd, 4318153.193, 89
Trd, 4318154.593, 89
Trd, 4318155.543, 106
Trd, 4318156.493, 91
Trd, 4318158.443, 122
Trd, 4318158.493, 104
Trd, 4318160.393, 98
Trd, 4318162.043, 88
Trd, 4318162.993, 87
Trd, 4318165.043, 89
Trd, 4318167.443, 87
Trd, 4318167.493, 96
Trd, 4318168.743, 113
Trd, 4318169.443, 94
Trd, 4318170.343, 115
Trd, 4318170.593, 140
Trd, 4318170.943, 114
Trd, 4318171.443, 113
Trd, 4318173.993, 131
Trd, 4318174.043, 77
Trd, 4318176.343, 89
Trd, 4318178.143, 105
Trd, 4318178.643, 113
Trd, 4318179.143, 92
Trd, 4318179.343, 87
Trd, 4318182.293, 86
Trd, 4318184.243, 91
Trd, 4318184.443, 95
Trd, 4318184.643, 90
Trd, 4318185.493, 107
Trd, 4318186.993, 140
Trd, 4318187.043, 119
Trd, 4318188.793, 113
Trd, 4318191.893, 122
Trd, 4318192.593, 97
Trd, 4318193.593, 91
Trd, 4318194.543, 113
Trd, 4318195.143, 94
Trd, 4318198.043, 140
Trd, 4318198.593, 131
Trd, 4318199.043, 122
Trd, 4318199.393, 114
Trd, 4318200.093, 113
Trd, 4318200.393, 104
Trd, 4318201.043, 85
Trd, 4318203.093, 121
Trd, 4318203.893, 128
Trd, 4318205.343, 96
Trd, 4318205.743, 78
Trd, 4318207.793, 87
Trd, 4318207.843, 94
Trd, 4318208.643, 133
Trd, 4318209.843, 88
Trd, 4318211.543, 96
Trd, 4318211.743, 93
Trd, 4318212.943, 97
Trd, 4318213.093, 87
Trd, 4318215.843, 105
Trd, 4318216.943, 98
Trd, 4318216.993, 95
Trd, 4318217.943, 109
Trd, 4318220.043, 105
Trd, 4318220.643, 95
Trd, 4318223.643, 103
Trd, 4318224.293, 102
Trd, 4318224.593, 113
Trd, 4318224.793, 114
Trd, 4318225.943, 105
Trd, 4318226.093, 95
Trd, 4318227.393, 113
Trd, 4318228.143, 87
Trd, 4318228.443, 88
Trd, 4318230.193, 100
Trd, 4318231.243, 87
Trd, 4318232.043, 96
Trd, 4318234.193, 98
Trd, 4318234.393, 97
Trd, 4318234.543, 95
Trd, 4318234.843, 106
Trd, 4318236.343, 121
Trd, 4318236.593, 89
Trd, 4318236.893, 88
Trd, 4318238.493, 91
Trd, 4318239.093, 92
Trd, 4318239.593, 112
Trd, 4318241.943, 114
Trd, 4318242.643, 99
Trd, 4318242.943, 97
Trd, 4318244.193, 95
Trd, 4318244.943, 108
Trd, 4318245.993, 68
Trd, 4318247.093, 86
Trd, 4318247.193, 77
Trd, 4318249.443, 86
Trd, 4318251.643, 91
Trd, 4318254.293, 113
Trd, 4318254.543, 95
Trd, 4318255.293, 121
Trd, 4318255.393, 113
Trd, 4318256.893, 100
Trd, 4318257.043, 99
Trd, 4318258.093, 88
Trd, 4318259.293, 88
Trd, 4318260.893, 108
Trd, 4318261.843, 91
Trd, 4318262.643, 96
Trd, 4318263.743, 94
Trd, 4318264.843, 93
Trd, 4318267.843, 129
Trd, 4318268.843, 134
Trd, 4318269.343, 101
Trd, 4318269.893, 86
Trd, 4318271.743, 84
Trd, 4318272.243, 86
Trd, 4318272.343, 84
Trd, 4318275.743, 97
Trd, 4318276.043, 138
Trd, 4318277.593, 101
Trd, 4318277.943, 132
Trd, 4318278.593, 102
Trd, 4318279.743, 102
Trd, 4318280.893, 119
Trd, 4318281.993, 97
Trd, 4318282.393, 95
Trd, 4318283.843, 122
Trd, 4318285.643, 86
Trd, 4318286.593, 97
Trd, 4318286.893, 90
Trd, 4318288.793, 94
Trd, 4318289.093, 89
Trd, 4318290.443, 102
Trd, 4318291.093, 99
Trd, 4318293.443, 95
Trd, 4318294.243, 113
Trd, 4318295.143, 95
Trd, 4318295.443, 94
Trd, 4318296.843, 78
Trd, 4318297.343, 113
Trd, 4318298.093, 86
Trd, 4318300.493, 86
Trd, 4318300.893, 98
Trd, 4318301.543, 87
Trd, 4318301.643, 86
Trd, 4318302.943, 79
Trd, 4318303.343, 122
Trd, 4318305.493, 101
Trd, 4318306.843, 91
Trd, 4318307.343, 90
Trd, 4318311.943, 122
Trd, 4318312.093, 118
Trd, 4318312.843, 113
Trd, 4318313.043, 104
Trd, 4318313.893, 124
Trd, 4318315.393, 86
Trd, 4318315.443, 95
Trd, 4318315.993, 87
Trd, 4318316.393, 106
Trd, 4318318.093, 113
Trd, 4318318.893, 91
Trd, 4318319.443, 101
Trd, 4318322.743, 99
Trd, 4318323.093, 98
Trd, 4318324.893, 121
Trd, 4318325.193, 96
Trd, 4318326.043, 96
Trd, 4318326.093, 95
Trd, 4318328.593, 131
Trd, 4318330.493, 122
Trd, 4318330.643, 113
Trd, 4318331.343, 96
Trd, 4318332.193, 95
Trd, 4318333.393, 85
Trd, 4318335.643, 121
Trd, 4318337.843, 98
Trd, 4318338.343, 97
Trd, 4318338.843, 95
Trd, 4318339.543, 114
Trd, 4318341.793, 92
Trd, 4318343.043, 121
Trd, 4318343.293, 136
Trd, 4318343.893, 112
Trd, 4318345.643, 86
Trd, 4318346.143, 136
Trd, 4318347.293, 80
Trd, 4318349.443, 86
Trd, 4318349.643, 79
Trd, 4318349.993, 79
Trd, 4318351.493, 87
Trd, 4318352.343, 87
Trd, 4318353.843, 87
Trd, 4318354.293, 89
Trd, 4318355.043, 97
Trd, 4318356.293, 91
Trd, 4318358.243, 96
Trd, 4318358.393, 113
Trd, 4318359.043, 123
Trd, 4318359.743, 122
Trd, 4318361.493, 89
Trd, 4318362.843, 131
Trd, 4318363.643, 93
Trd, 4318365.143, 94
Trd, 4318365.593, 87
Trd, 4318368.393, 102
Trd, 4318368.443, 106
Trd, 4318369.143, 96
Trd, 4318370.993, 100
Trd, 4318373.043, 102
Trd, 4318373.243, 99
Trd, 4318373.443, 95
Trd, 4318373.593, 86
Trd, 4318375.593, 97
Trd, 4318377.993, 91
Trd, 4318378.893, 139
Trd, 4318378.993, 90
Trd, 4318379.593, 93
Trd, 4318380.343, 102
Trd, 4318382.193, 88
Trd, 4318383.243, 87
Trd, 4318385.493, 90
Trd, 4318386.343, 113
Trd, 4318387.143, 91
Trd, 4318387.343, 90
Trd, 4318387.843, 86
Trd, 4318390.293, 96
Trd, 4318390.843, 86
Trd, 4318392.793, 122
Trd, 4318393.943, 121
Trd, 4318394.143, 113
Trd, 4318396.593, 135
Trd, 4318396.993, 118
Trd, 4318398.743, 108
Trd, 4318400.343, 108
Trd, 4318400.793, 104
Trd, 4318401.243, 121
Trd, 4318401.643, 136
Trd, 4318401.693, 97
Trd, 4318403.993, 97
Trd, 4318406.493, 88
Trd, 4318406.593, 95
Trd, 4318408.093, 89
Trd, 4318408.393, 88
Trd, 4318410.093, 96
Trd, 4318410.293, 107
Trd, 4318410.793, 78
Trd, 4318413.193, 125
Trd, 4318415.593, 122
Trd, 4318416.193, 113
Trd, 4318418.143, 122
Trd, 4318418.293, 131
Trd, 4318418.893, 121
Trd, 4318418.943, 113
Trd, 4318419.443, 104
Trd, 4318420.693, 98
Trd, 4318421.443, 95
Trd, 4318422.443, 136
Trd, 4318422.843, 122
Trd, 4318424.993, 132
Trd, 4318425.593, 90
Trd, 4318428.493, 96
Trd, 4318428.793, 94
Trd, 4318429.493, 86
Trd, 4318429.993, 97
Trd, 4318430.743, 83
Trd, 4318432.943, 96
Trd, 4318433.593, 89
Trd, 4318433.843, 96
Trd, 4318437.843, 96
Trd, 4318438.993, 96
Trd, 4318439.543, 95
Trd, 4318439.843, 98
Trd, 4318440.093, 113
Trd, 4318441.743, 133
Trd, 4318442.143, 122
Trd, 4318442.293, 94
Trd, 4318445.343, 97
Trd, 4318445.993, 97
Trd, 4318447.443, 98
Trd, 4318448.493, 95
Trd, 4318448.993, 106
Trd, 4318449.093, 87
Trd, 4318450.343, 88
Trd, 4318450.693, 133
Trd, 4318451.243, 86
Trd, 4318452.793, 82
Trd, 4318454.443, 92
Trd, 4318455.293, 90
Trd, 4318455.843, 106
Trd, 4318456.193, 89
Trd, 4318458.043, 107
Trd, 4318458.993, 98
Trd, 4318459.643, 97
Trd, 4318460.443, 95
Trd, 4318461.293, 90
Trd, 4318461.843, 122
Trd, 4318462.493, 92
Trd, 4318463.793, 93
Trd, 4318466.243, 100
Trd, 4318466.293, 106
Trd, 4318466.893, 85
Trd, 4318470.443, 93
Trd, 4318470.543, 95
Trd, 4318470.693, 93
Trd, 4318472.293, 114
Trd, 4318472.343, 95
Trd, 4318473.243, 97
Trd, 4318474.343, 98
Trd, 4318474.393, 96
Trd, 4318474.643, 118
Trd, 4318477.543, 94
Trd, 4318478.593, 133
Trd, 4318478.743, 122
Trd, 4318479.243, 113
Trd, 4318480.793, 89
Trd, 4318482.443, 96
Trd, 4318483.143, 96
Trd, 4318484.493, 98
Trd, 4318485.093, 96
Trd, 4318485.243, 95
Trd, 4318485.893, 134
Trd, 4318487.593, 124
Trd, 4318488.543, 122
Trd, 4318488.593, 136
Trd, 4318490.693, 90
Trd, 4318491.393, 90
Trd, 4318491.893, 106
Trd, 4318494.443, 113
Trd, 4318495.993, 90
Trd, 4318497.493, 92
Trd, 4318497.543, 86
Trd, 4318498.993, 88
Trd, 4318499.093, 87
Trd, 4318499.643, 95
Trd, 4318500.293, 107
Trd, 4318500.593, 90
Trd, 4318503.443, 95
Trd, 4318503.843, 95
Trd, 4318504.543, 94
Trd, 4318504.743, 113
Trd, 4318505.293, 84
Trd, 4318506.443, 122
Trd, 4318507.543, 132
Trd, 4318508.343, 79
Trd, 4318509.643, 79
Trd, 4318511.493, 75
Trd, 4318512.193, 77
Trd, 4318512.293, 89
Trd, 4318513.343, 99
Trd, 4318515.843, 89
Trd, 4318516.643, 88
Trd, 4318516.893, 106
Trd, 4318517.543, 88
Trd, 4318518.543, 122
Trd, 4318519.843, 114
Trd, 4318520.893, 106
Trd, 4318520.993, 132
Trd, 4318521.043, 104
Trd, 4318522.443, 85
Trd, 4318523.143, 107
Trd, 4318525.393, 134
Trd, 4318526.293, 88
Trd, 4318528.193, 93
Trd, 4318528.443, 91
Trd, 4318529.993, 88
Trd, 4318530.243, 99
Trd, 4318532.743, 138
Trd, 4318533.693, 131
Trd, 4318535.343, 95
Trd, 4318537.043, 122
Trd, 4318537.793, 113
Trd, 4318539.343, 86
Trd, 4318540.943, 86
Trd, 4318541.993, 96
Trd, 4318542.693, 91
Trd, 4318543.293, 95
Trd, 4318544.793, 93
Trd, 4318545.643, 92
Trd, 4318546.393, 86
Trd, 4318547.293, 109
Trd, 4318549.593, 95
Trd, 4318550.343, 93
Trd, 4318551.443, 130
Trd, 4318552.043, 96
Trd, 4318552.893, 97
Trd, 4318553.593, 122
Trd, 4318553.893, 95
Trd, 4318553.993, 94
Trd, 4318557.193, 90
Trd, 4318559.143, 95
Trd, 4318559.343, 94
Trd, 4318560.993, 98
Trd, 4318561.943, 108
Trd, 4318562.893, 94
Trd, 4318563.243, 110
Trd, 4318564.243, 98
Trd, 4318565.993, 97
Trd, 4318566.243, 86
Trd, 4318566.843, 106
Trd, 4318567.993, 83
Trd, 4318568.993, 113
Trd, 4318569.343, 81
Trd, 4318571.343, 86
Trd, 4318571.793, 84
Trd, 4318572.643, 98
Trd, 4318573.643, 107
Trd, 4318574.993, 89
Trd, 4318575.143, 98
Trd, 4318575.643, 90
Trd, 4318577.743, 91
Trd, 4318577.993, 113
Trd, 4318578.443, 88
Trd, 4318578.943, 86
Trd, 4318580.543, 87
Trd, 4318582.343, 101
Trd, 4318582.843, 85
Trd, 4318584.543, 97
Trd, 4318585.593, 86
Trd, 4318586.293, 73
Trd, 4318586.693, 80
Trd, 4318588.443, 81
Trd, 4318588.893, 86
Trd, 4318590.793, 89
Trd, 4318591.643, 98
Trd, 4318592.293, 93
Trd, 4318594.993, 92
Trd, 4318596.143, 96
Trd, 4318597.643, 103
Trd, 4318598.643, 98
Trd, 4318599.693, 98
Trd, 4318599.993, 83
Trd, 4318600.643, 79
Trd, 4318601.493, 140
Trd, 4318602.943, 122
Trd, 4318605.143, 116
Trd, 4318605.743, 106
Trd, 4318606.993, 122
Trd, 4318609.143, 93
Trd, 4318609.443, 92
Trd, 4318609.793, 99
Trd, 4318610.693, 84
Trd, 4318611.143, 87
Trd, 4318611.893, 108
Trd, 4318612.893, 80
Trd, 4318613.343, 79
Trd, 4318614.093, 85
Trd, 4318617.643, 96
Trd, 4318618.193, 89
Trd, 4318618.493, 107
Trd, 4318619.443, 94
Trd, 4318619.643, 95
Trd, 4318619.993, 113
Trd, 4318621.693, 121
Trd, 4318623.143, 101
Trd, 4318625.543, 131
Trd, 4318626.093, 122
Trd, 4318626.293, 87
Trd, 4318626.693, 86
Trd, 4318629.493, 94
Trd, 4318630.893, 96
Trd, 4318630.993, 94
Trd, 4318631.143, 106
Trd, 4318631.193, 86
Trd, 4318633.893, 99
Trd, 4318633.993, 89
Trd, 4318634.793, 93
Trd, 4318636.193, 100
Trd, 4318636.893, 96
Trd, 4318637.443, 96
Trd, 4318639.893, 122
Trd, 4318640.793, 122
Trd, 4318642.993, 113
Trd, 4318643.493, 104
Trd, 4318644.093, 122
Trd, 4318644.393, 128
Trd, 4318647.143, 88
Trd, 4318648.343, 96
Trd, 4318648.943, 97
Trd, 4318650.793, 105
Trd, 4318651.343, 104
Trd, 4318651.893, 104
Trd, 4318653.893, 95
Trd, 4318655.043, 107
Trd, 4318656.143, 91
Trd, 4318657.193, 122
Trd, 4318657.593, 132
Trd, 4318657.643, 105
Trd, 4318659.193, 104
Trd, 4318659.343, 95
Trd, 4318662.393, 123
Trd, 4318663.193, 122
Trd, 4318664.493, 102
Trd, 4318664.993, 98
Trd, 4318667.093, 132
Trd, 4318668.343, 122
Trd, 4318668.643, 114
Trd, 4318669.343, 113
Trd, 4318670.443, 96
Trd, 4318670.593, 131
Trd, 4318670.943, 95
Trd, 4318671.843, 95
Trd, 4318673.793, 89
Trd, 4318675.693, 96
Trd, 4318676.793, 131
Trd, 4318677.393, 97
Trd, 4318677.843, 98
Trd, 4318679.743, 122
Trd, 4318680.893, 88
Trd, 4318683.093, 99
Trd, 4318683.893, 107
Trd, 4318684.093, 96
Trd, 4318685.193, 96
Trd, 4318687.193, 104
Trd, 4318687.893, 97
Trd, 4318689.143, 113
Trd, 4318690.393, 86
Trd, 4318691.193, 81
Trd, 4318692.643, 122
Trd, 4318694.243, 130
Trd, 4318695.593, 91
Trd, 4318696.443, 92
Trd, 4318697.143, 97
Trd, 4318697.293, 88
Trd, 4318698.343, 93
Trd, 4318699.893, 98
Trd, 4318699.943, 97
Trd, 4318703.893, 125
Trd, 4318703.943, 120
Trd, 4318704.493, 113
Trd, 4318705.743, 104
Trd, 4318706.243, 107
Trd, 4318708.343, 91
Trd, 4318708.993, 95
Trd, 4318709.043, 92
Trd, 4318710.243, 91
Trd, 4318711.243, 128
Trd, 4318713.393, 99
Trd, 4318713.493, 98
Trd, 4318713.793, 96
Trd, 4318715.243, 107
Trd, 4318715.793, 95
Trd, 4318719.343, 88
Trd, 4318719.593, 90
Trd, 4318720.293, 90
Trd, 4318720.343, 109
Trd, 4318721.243, 95
Trd, 4318723.843, 95
Trd, 4318723.893, 94
Trd, 4318725.593, 95
Trd, 4318728.893, 101
Trd, 4318729.393, 113
Trd, 4318729.543, 114
Trd, 4318730.343, 103
Trd, 4318730.543, 101
Trd, 4318731.143, 95
Trd, 4318732.343, 107
Trd, 4318736.043, 122
Trd, 4318736.193, 122
Trd, 4318736.293, 101
Trd, 4318738.393, 96
Trd, 4318739.593, 122
Trd, 4318740.343, 124
Trd, 4318740.993, 113
Trd, 4318742.793, 94
Trd, 4318744.693, 128
Trd, 4318745.543, 100
Trd, 4318745.693, 98
Trd, 4318745.943, 99
Trd, 4318746.293, 87
Trd, 4318749.243, 90
Trd, 4318751.093, 124
Trd, 4318751.293, 127
Trd, 4318751.343, 122
Trd, 4318751.693, 104
Trd, 4318751.993, 95
Trd, 4318752.243, 86
Trd, 4318752.843, 129
Trd, 4318755.393, 97
Trd, 4318756.493, 94
Trd, 4318756.593, 93
Trd, 4318757.093, 108
Trd, 4318757.693, 92
Trd, 4318759.593, 87
Trd, 4318760.643, 98
Trd, 4318762.093, 97
Trd, 4318762.193, 89
Trd, 4318763.893, 86
Trd, 4318765.293, 87
Trd, 4318766.543, 114
Trd, 4318767.993, 95
Trd, 4318768.093, 91
Trd, 4318770.293, 89
Trd, 4318770.593, 98
Trd, 4318770.943, 113
Trd, 4318771.093, 93
Trd, 4318771.593, 92
Trd, 4318773.043, 122
Trd, 4318774.643, 93
Trd, 4318775.443, 87
Trd, 4318776.693, 108
Trd, 4318778.043, 93
Trd, 4318778.293, 92
Trd, 4318779.093, 114
Trd, 4318781.343, 95
Trd, 4318782.343, 107
Trd, 4318782.443, 95
Trd, 4318784.843, 122
Trd, 4318785.393, 104
Trd, 4318785.643, 139
Trd, 4318787.043, 89
Trd, 4318788.043, 90
Trd, 4318788.993, 86
Trd, 4318792.093, 93
Trd, 4318794.043, 96
Trd, 4318795.143, 96
Trd, 4318795.393, 139
Trd, 4318795.593, 95
Trd, 4318796.443, 86
Trd, 4318798.693, 137
Trd, 4318800.043, 120
Trd, 4318800.793, 78
Trd, 4318803.293, 88
Trd, 4318804.893, 93
Trd, 4318805.393, 96
Trd, 4318805.943, 98
Trd, 4318806.193, 97
Trd, 4318806.843, 95
Trd, 4318807.393, 109
Trd, 4318809.243, 121
Trd, 4318809.343, 95
Trd, 4318810.343, 132
Trd, 4318811.343, 91
Trd, 4318812.993, 121
Trd, 4318813.693, 140
Trd, 4318816.543, 109
Trd, 4318817.943, 106
Trd, 4318818.393, 101
Trd, 4318819.693, 120
Trd, 4318820.593, 104
Trd, 4318823.793, 95
Trd, 4318825.543, 98
Trd, 4318825.943, 130
Trd, 4318826.043, 97
Trd, 4318826.343, 97
Trd, 4318828.743, 113
Trd, 4318829.393, 115
Trd, 4318830.293, 95
Trd, 4318830.943, 86
Trd, 4318833.743, 92
Trd, 4318834.793, 82
Trd, 4318835.293, 80
Trd, 4318837.643, 92
Trd, 4318839.043, 87
Trd, 4318841.543, 98
Trd, 4318842.343, 98
Trd, 4318843.243, 97
Trd, 4318843.993, 140
Trd, 4318844.443, 122
Trd, 4318845.893, 116
Trd, 4318846.243, 95
Trd, 4318848.193, 89
Trd, 4318848.693, 130
Trd, 4318849.393, 91
Trd, 4318850.893, 94
Trd, 4318851.543, 95
Trd, 4318853.543, 95
Trd, 4318854.993, 121
Trd, 4318855.043, 135
Trd, 4318856.093, 123
Trd, 4318858.693, 122
Trd, 4318858.743, 113
Trd, 4318859.793, 96
Trd, 4318861.293, 139
Trd, 4318862.293, 92
Trd, 4318863.943, 97
Trd, 4318866.043, 101
Trd, 4318867.993, 121
Trd, 4318869.443, 90
Trd, 4318870.043, 90
Trd, 4318870.243, 116
Trd, 4318871.393, 89
Trd, 4318873.843, 92
Trd, 4318874.493, 104
Trd, 4318875.343, 91
Trd, 4318876.743, 86
Trd, 4318877.943, 136
Trd, 4318880.293, 95
Trd, 4318880.793, 88
Trd, 4318881.443, 88
Trd, 4318882.193, 90
Trd, 4318882.893, 89
Trd, 4318885.993, 104
Trd, 4318887.393, 121
Trd, 4318888.193, 113
Trd, 4318888.993, 104
Trd, 4318890.543, 96
Trd, 4318891.293, 95
Trd, 4318892.993, 130
Trd, 4318893.943, 117
Trd, 4318894.243, 113
Trd, 4318894.393, 104
Trd, 4318896.293, 96
Trd, 4318896.493, 96
Trd, 4318896.743, 114
Trd, 4318897.893, 115
Trd, 4318898.043, 96
Trd, 4318899.893, 88
Trd, 4318900.393, 114
Trd, 4318901.643, 98
Trd, 4318902.993, 89
Trd, 4318903.693, 88
Trd, 4318904.243, 87
Trd, 4318906.343, 80
Trd, 4318906.943, 79
Trd, 4318908.443, 95
Trd, 4318908.793, 113
Trd, 4318909.193, 86
Trd, 4318909.843, 87
Trd, 4318912.393, 137
Trd, 4318912.893, 104
Trd, 4318913.843, 97
Trd, 4318914.093, 96
Trd, 4318914.993, 121
Trd, 4318915.343, 104
Trd, 4318918.593, 122
Trd, 4318918.643, 103
Trd, 4318919.743, 99
Trd, 4318920.743, 122
Trd, 4318921.993, 102
Trd, 4318922.243, 102
Trd, 4318922.443, 134
Trd, 4318924.343, 97
Trd, 4318925.593, 97
Trd, 4318926.293, 97
Trd, 4318926.343, 96
Trd, 4318927.093, 139
Trd, 4318928.143, 95
Trd, 4318929.043, 95
Trd, 4318929.543, 86
Trd, 4318930.543, 79
Trd, 4318931.193, 95
Trd, 4318934.843, 108
Trd, 4318935.643, 80
Trd, 4318937.793, 86
Trd, 4318937.943, 85
Trd, 4318937.993, 86
Trd, 4318939.943, 94
Trd, 4318940.493, 96
Trd, 4318940.643, 93
Trd, 4318941.093, 106
Trd, 4318942.543, 86
Trd, 4318943.993, 83
Trd, 4318944.743, 88
Trd, 4318944.893, 106
Trd, 4318945.793, 86
Trd, 4318946.343, 99
Trd, 4318949.393, 109
Trd, 4318949.443, 96
Trd, 4318949.593, 95
Trd, 4318952.793, 103
Trd, 4318952.993, 82
Trd, 4318953.893, 106
Trd, 4318954.343, 89
Trd, 4318956.743, 97
Trd, 4318956.993, 96
Trd, 4318957.293, 112
Trd, 4318958.493, 95
Trd, 4318958.993, 87
Trd, 4318959.693, 113
Trd, 4318961.443, 87
Trd, 4318961.793, 114
Trd, 4318962.493, 116
Trd, 4318963.543, 90
Trd, 4318964.793, 92
Trd, 4318965.893, 92
Trd, 4318966.893, 94
Trd, 4318968.093, 96
Trd, 4318968.493, 95
Trd, 4318970.443, 99
Trd, 4318971.543, 113
Trd, 4318972.743, 95
Trd, 4318973.693, 92
Trd, 4318974.093, 91
Trd, 4318974.443, 86
Trd, 4318975.043, 115
Trd, 4318975.843, 135
Trd, 4318978.043, 74
Trd, 4318978.793, 89
Trd, 4318981.143, 96
Trd, 4318982.143, 106
Trd, 4318982.743, 103
Trd, 4318983.343, 100
Trd, 4318983.443, 99
Trd, 4318984.593, 86
Trd, 4318986.493, 88
Trd, 4318988.043, 82
Trd, 4318990.443, 90
Trd, 4318991.743, 107
Trd, 4318992.243, 104
Trd, 4318994.493, 98
Trd, 4318994.543, 95
Trd, 4318995.043, 84
Trd, 4318997.093, 77
Trd, 4318997.643, 92
Trd, 4318999.793, 86
Trd, 4319000.793, 88
Trd, 4319001.393, 103
Trd, 4319002.193, 113
Trd, 4319003.093, 90
Trd, 4319003.593, 90
Trd, 4319006.393, 103
Trd, 4319006.593, 91
Trd, 4319007.593, 93
Trd, 4319008.743, 122
Trd, 4319009.943, 96
Trd, 4319010.443, 96
Trd, 4319014.193, 138
Trd, 4319015.193, 113
Trd, 4319015.793, 104
Trd, 4319015.843, 130
Trd, 4319015.993, 95
Trd, 4319018.343, 113
Trd, 4319019.093, 86
Trd, 4319019.643, 95
Trd, 4319021.393, 88
Trd, 4319023.443, 90
Trd, 4319024.843, 94
Trd, 4319024.943, 91
Trd, 4319025.243, 113
Trd, 4319026.443, 86
Trd, 4319027.043, 116
Trd, 4319027.393, 77
Trd, 4319028.743, 86
Trd, 4319030.693, 83
Trd, 4319031.443, 104
Trd, 4319033.793, 87
Trd, 4319034.693, 89
Trd, 4319035.643, 98
Trd, 4319037.193, 93
Trd, 4319038.043, 113
Trd, 4319038.593, 98
Trd, 4319038.743, 97
Trd, 4319038.843, 95
Trd, 4319039.593, 115
Trd, 4319040.343, 87
Trd, 4319040.843, 98
Trd, 4319041.993, 90
Trd, 4319042.093, 89
Trd, 4319044.243, 86
Trd, 4319045.143, 86
Trd, 4319046.393, 109
Trd, 4319047.093, 110
Trd, 4319047.693, 93
Trd, 4319049.193, 93
Trd, 4319050.343, 95
Trd, 4319051.843, 122
Trd, 4319052.543, 106
Trd, 4319053.243, 120
Trd, 4319053.943, 96
Trd, 4319054.093, 86
Trd, 4319055.143, 129
Trd, 4319058.043, 132
Trd, 4319058.243, 92
Trd, 4319059.493, 99
Trd, 4319059.893, 96
Trd, 4319061.593, 96
Trd, 4319062.343, 96
Trd, 4319063.593, 123
Trd, 4319064.493, 122
Trd, 4319064.993, 95
Trd, 4319065.393, 86
Trd, 4319067.793, 95
Trd, 4319067.943, 107
Trd, 4319068.343, 83
Trd, 4319070.243, 140
Trd, 4319070.943, 105
Trd, 4319073.893, 107
Trd, 4319074.343, 104
Trd, 4319074.843, 88
Trd, 4319075.243, 130
Trd, 4319075.643, 86
Trd, 4319077.343, 70
Trd, 4319078.793, 95
Trd, 4319079.143, 74
Trd, 4319082.143, 87
Trd, 4319082.493, 131
Trd, 4319083.243, 87
Trd, 4319083.743, 88
Trd, 4319085.643, 95
Trd, 4319086.043, 94
Trd, 4319086.643, 93
Trd, 4319086.943, 100
Trd, 4319087.443, 84
Trd, 4319090.093, 121
Trd, 4319090.293, 104
Trd, 4319090.693, 131
Trd, 4319091.293, 98
Trd, 4319093.893, 125
Trd, 4319094.143, 122
Trd, 4319096.643, 102
Trd, 4319097.093, 134
Trd, 4319097.243, 104
Trd, 4319098.343, 103
Trd, 4319099.093, 133
Trd, 4319099.243, 120
Trd, 4319100.193, 87
Trd, 4319100.243, 86
Trd, 4319100.993, 122
Trd, 4319105.693, 92
Trd, 4319106.993, 106
Trd, 4319107.793, 95
Trd, 4319108.043, 94
Trd, 4319108.193, 113
Trd, 4319108.343, 132
Trd, 4319108.593, 94
Trd, 4319110.643, 105
Trd, 4319110.893, 100
Trd, 4319112.893, 95
Trd, 4319113.443, 86
Trd, 4319113.693, 85
Trd, 4319116.293, 87
Trd, 4319116.393, 89
Trd, 4319116.843, 86
Trd, 4319118.243, 108
Trd, 4319118.893, 113
Trd, 4319119.593, 91
Trd, 4319121.143, 99
Trd, 4319121.843, 95
Trd, 4319123.743, 86
Trd, 4319123.793, 85
Trd, 4319124.643, 80
Trd, 4319126.593, 95
Trd, 4319128.993, 94
Trd, 4319129.393, 84
Trd, 4319129.843, 106
Trd, 4319131.393, 89
Trd, 4319131.693, 88
Trd, 4319131.893, 113
Trd, 4319132.193, 99
Trd, 4319132.493, 88
Trd, 4319134.993, 131
Trd, 4319137.093, 126
Trd, 4319137.293, 122
Trd, 4319138.593, 107
Trd, 4319138.993, 105
Trd, 4319141.893, 100
Trd, 4319142.293, 95
Trd, 4319143.043, 122
Trd, 4319143.193, 122
Trd, 4319145.193, 86
Trd, 4319146.343, 95
Trd, 4319147.843, 87
Trd, 4319148.743, 87
Trd, 4319149.543, 115
Trd, 4319150.043, 92
Trd, 4319151.593, 133
Trd, 4319151.893, 97
Trd, 4319152.743, 94
Trd, 4319153.043, 96
Trd, 4319154.443, 86
Trd, 4319155.693, 78
Trd, 4319157.193, 76
Trd, 4319157.393, 98
Trd, 4319158.143, 87
Trd, 4319158.293, 113
Trd, 4319158.543, 87
Trd, 4319163.193, 122
Trd, 4319163.693, 104
Trd, 4319163.793, 98
Trd, 4319164.893, 87
Trd, 4319165.543, 90
Trd, 4319167.743, 95
Trd, 4319168.693, 92
Trd, 4319170.243, 92
Trd, 4319171.493, 110
Trd, 4319172.693, 86
Trd, 4319173.543, 80
Trd, 4319174.393, 106
Trd, 4319174.793, 83
Trd, 4319175.493, 85
Trd, 4319176.043, 109
Trd, 4319177.193, 90
Trd, 4319178.243, 97
Trd, 4319179.493, 95
Trd, 4319180.093, 94
Trd, 4319181.743, 140
Trd, 4319183.693, 98
Trd, 4319184.043, 94
Trd, 4319186.243, 122
Trd, 4319186.493, 113
Trd, 4319187.043, 93
Trd, 4319189.093, 88
Trd, 4319190.493, 128
Trd, 4319191.743, 94
Trd, 4319192.243, 88
Trd, 4319194.343, 95
Trd, 4319194.693, 98
Trd, 4319196.393, 102
Trd, 4319196.493, 106
Trd, 4319198.043, 104
Trd, 4319198.293, 102
Trd, 4319199.393, 87
Trd, 4319200.343, 95
Trd, 4319201.393, 91
Trd, 4319201.443, 113
Trd, 4319201.793, 114
Trd, 4319204.293, 96
Trd, 4319205.943, 98
Trd, 4319207.293, 111
Trd, 4319208.693, 97
Trd, 4319209.593, 96
Trd, 4319211.093, 99
Trd, 4319212.043, 113
Trd, 4319212.493, 100
Trd, 4319213.043, 100
Trd, 4319215.743, 122
Trd, 4319215.943, 132
Trd, 4319216.943, 138
Trd, 4319217.293, 121
Trd, 4319218.393, 95
Trd, 4319220.393, 89
Trd, 4319220.443, 96
Trd, 4319220.793, 87
Trd, 4319221.293, 88
Trd, 4319221.693, 106
Trd, 4319223.343, 121
Trd, 4319223.443, 89
Trd, 4319224.143, 90
Trd, 4319228.143, 98
Trd, 4319228.593, 133
Trd, 4319228.743, 96
Trd, 4319229.393, 95
Trd, 4319230.893, 122
Trd, 4319232.143, 79
Trd, 4319233.793, 81
Trd, 4319234.143, 74
Trd, 4319236.443, 90
Trd, 4319236.743, 99
Trd, 4319237.993, 92
Trd, 4319238.443, 100
Trd, 4319238.543, 91
Trd, 4319240.243, 91
Trd, 4319241.793, 90
Trd, 4319243.593, 96
Trd, 4319243.893, 95
Trd, 4319245.043, 96
Trd, 4319246.293, 109
Trd, 4319247.493, 113
Trd, 4319248.093, 97
Trd, 4319249.193, 87
Trd, 4319251.243, 86
Trd, 4319251.643, 95
Trd, 4319251.693, 86
Trd, 4319252.843, 77
Trd, 4319253.943, 75
Trd, 4319256.193, 82
Trd, 4319256.693, 82
Trd, 4319258.243, 97
Trd, 4319259.143, 102
Trd, 4319259.193, 86
Trd, 4319260.993, 92
Trd, 4319261.543, 93
Trd, 4319263.293, 97
Trd, 4319264.343, 101
Trd, 4319265.793, 113
Trd, 4319266.343, 100
Trd, 4319267.093, 100
Trd, 4319267.593, 95
Trd, 4319268.143, 96
Trd, 4319269.993, 91
Trd, 4319270.943, 93
Trd, 4319272.343, 117
Trd, 4319272.593, 95
Trd, 4319273.393, 95
Trd, 4319275.143, 121
Trd, 4319275.643, 104
Trd, 4319277.643, 121
Trd, 4319279.743, 131
Trd, 4319280.243, 122
Trd, 4319280.893, 114
Trd, 4319282.043, 113
Trd, 4319283.243, 121
Trd, 4319284.143, 104
Trd, 4319284.643, 95
Trd, 4319285.393, 85
Trd, 4319286.443, 98
Trd, 4319288.943, 84
Trd, 4319289.043, 82
Trd, 4319289.093, 95
Trd, 4319291.443, 108
Trd, 4319292.043, 87
Trd, 4319292.293, 86
Trd, 4319294.243, 86
Trd, 4319295.243, 80
Trd, 4319296.993, 122
Trd, 4319297.843, 97
Trd, 4319298.543, 97
Trd, 4319299.343, 97
Trd, 4319301.393, 102
Trd, 4319301.493, 97
Trd, 4319302.743, 97
Trd, 4319304.793, 95
Trd, 4319305.293, 109
Trd, 4319305.643, 89
Trd, 4319305.693, 113
Trd, 4319305.793, 89
Trd, 4319306.643, 88
Trd, 4319307.493, 86
Trd, 4319308.043, 134
Trd, 4319311.193, 79
Trd, 4319311.593, 86
Trd, 4319312.093, 97
Trd, 4319313.943, 88
Trd, 4319314.243, 113
Trd, 4319316.243, 95
Trd, 4319316.293, 89
Trd, 4319316.993, 90
Trd, 4319318.393, 90
Trd, 4319318.743, 89
Trd, 4319319.843, 89
Trd, 4319320.243, 88
Trd, 4319320.643, 107
Trd, 4319321.843, 114
Trd, 4319323.793, 118
Trd, 4319325.643, 93
Trd, 4319328.943, 95
Trd, 4319329.193, 93
Trd, 4319329.293, 90
Trd, 4319329.993, 90
Trd, 4319332.643, 109
Trd, 4319333.793, 92
Trd, 4319335.393, 113
Trd, 4319336.243, 100
Trd, 4319336.493, 96
Trd, 4319337.993, 91
Trd, 4319338.143, 138
Trd, 4319338.993, 92
Trd, 4319340.243, 101
Trd, 4319341.743, 89
Trd, 4319342.743, 88
Trd, 4319345.093, 94
Trd, 4319346.943, 121
Trd, 4319347.043, 120
Trd, 4319347.693, 135
Trd, 4319347.743, 113
Trd, 4319349.093, 87
Trd, 4319349.493, 139
Trd, 4319350.043, 121
Trd, 4319350.843, 86
Trd, 4319353.193, 87
Trd, 4319353.843, 95
Trd, 4319354.593, 86
Trd, 4319355.143, 86
Trd, 4319355.343, 99
Trd, 4319355.643, 78
Trd, 4319359.293, 72
Trd, 4319360.493, 77
Trd, 4319362.943, 95
Trd, 4319364.493, 86
Trd, 4319364.943, 100
Trd, 4319365.993, 86
Trd, 4319367.093, 108
Trd, 4319367.593, 81
Trd, 4319368.293, 80
Trd, 4319370.443, 113
Trd, 4319371.193, 89
Trd, 4319371.543, 82
Trd, 4319374.293, 95
Trd, 4319375.443, 96
Trd, 4319375.843, 95
Trd, 4319377.493, 101
Trd, 4319377.643, 92
Trd, 4319377.793, 107
Trd, 4319380.343, 95
Trd, 4319381.893, 98
Trd, 4319382.293, 106
Trd, 4319382.893, 98
Trd, 4319383.693, 87
Trd, 4319384.443, 113
Trd, 4319385.443, 88
Trd, 4319387.293, 96
Trd, 4319387.793, 87
Trd, 4319389.243, 87
Trd, 4319390.393, 94
Trd, 4319390.493, 88
Trd, 4319393.743, 96
Trd, 4319393.793, 106
Trd, 4319394.893, 96
Trd, 4319396.093, 96
Trd, 4319396.143, 131
Trd, 4319398.143, 122
Trd, 4319399.843, 93
Trd, 4319401.993, 121
Trd, 4319403.593, 131
Trd, 4319403.843, 132
Trd, 4319404.493, 114
Trd, 4319404.943, 113
Trd, 4319405.293, 122
Trd, 4319405.393, 104
Trd, 4319408.143, 103
Trd, 4319409.543, 102
Trd, 4319412.543, 95
Trd, 4319414.193, 106
Trd, 4319414.643, 101
Trd, 4319415.643, 102
Trd, 4319415.693, 140
Trd, 4319416.943, 83
Trd, 4319417.643, 83
Trd, 4319420.193, 121
Trd, 4319420.593, 86
Trd, 4319422.693, 92
Trd, 4319423.843, 122
Trd, 4319423.893, 104
Trd, 4319424.593, 93
Trd, 4319424.643, 103
Trd, 4319427.593, 91
Trd, 4319427.793, 95
Trd, 4319428.293, 106
Trd, 4319430.893, 121
Trd, 4319431.193, 95
Trd, 4319431.743, 86
Trd, 4319434.893, 106
Trd, 4319435.193, 113
Trd, 4319435.743, 86
Trd, 4319435.793, 80
Trd, 4319438.443, 93
Trd, 4319440.093, 106
Trd, 4319440.993, 100
Trd, 4319442.893, 101
Trd, 4319444.093, 121
Trd, 4319445.093, 122
Trd, 4319445.593, 114
Trd, 4319446.393, 113
Trd, 4319447.443, 97
Trd, 4319448.893, 113
Trd, 4319449.193, 98
Trd, 4319450.593, 96
Trd, 4319451.593, 95
Trd, 4319452.043, 87
Trd, 4319453.293, 88
Trd, 4319453.393, 85
Trd, 4319455.343, 69
Trd, 4319457.393, 114
Trd, 4319458.193, 80
Trd, 4319459.143, 85
Trd, 4319459.193, 90
Trd, 4319461.693, 87
Trd, 4319462.593, 90
Trd, 4319463.593, 92
Trd, 4319464.293, 106
Trd, 4319466.043, 95
Trd, 4319466.343, 109
Trd, 4319466.443, 94
Trd, 4319469.943, 97
Trd, 4319470.393, 98
Trd, 4319470.543, 113
Trd, 4319471.043, 116
Trd, 4319471.743, 98
Trd, 4319473.843, 99
Trd, 4319475.643, 132
Trd, 4319476.143, 113
Trd, 4319477.243, 104
Trd, 4319477.643, 98
Trd, 4319478.143, 136
Trd, 4319481.593, 90
Trd, 4319481.993, 90
Trd, 4319483.193, 99
Trd, 4319483.443, 90
Trd, 4319484.743, 113
Trd, 4319486.093, 95
Trd, 4319487.443, 78
Trd, 4319488.793, 96
Trd, 4319490.043, 109
Trd, 4319491.493, 129
Trd, 4319491.643, 91
Trd, 4319493.593, 97
Trd, 4319494.643, 97
Trd, 4319496.043, 122
Trd, 4319496.343, 95
Trd, 4319497.393, 89
Trd, 4319498.393, 96
Trd, 4319498.443, 113
Trd, 4319499.943, 91
Trd, 4319500.993, 87
Trd, 4319502.093, 86
Trd, 4319502.343, 78
Trd, 4319504.593, 90
Trd, 4319505.343, 85
Trd, 4319506.993, 95
Trd, 4319508.543, 93
Trd, 4319509.243, 111
Trd, 4319510.493, 113
Trd, 4319510.893, 95
Trd, 4319511.493, 97
Trd, 4319511.893, 96
Trd, 4319512.493, 95
Trd, 4319512.593, 115
Trd, 4319515.743, 91
Trd, 4319517.643, 95
Trd, 4319518.593, 113
Trd, 4319519.193, 95
Trd, 4319519.743, 96
Trd, 4319521.193, 120
Trd, 4319522.943, 89
Trd, 4319524.393, 87
Trd, 4319525.893, 102
Trd, 4319526.093, 107
Trd, 4319527.043, 87
Trd, 4319527.943, 87
Trd, 4319528.343, 88
Trd, 4319529.943, 113
Trd, 4319530.743, 97
Trd, 4319530.943, 92
Trd, 4319533.193, 95
Trd, 4319534.543, 96
Trd, 4319534.893, 98
Trd, 4319535.743, 136
Trd, 4319536.243, 88
Trd, 4319538.593, 90
Trd, 4319540.193, 90
Trd, 4319541.393, 94
Trd, 4319544.143, 120
Trd, 4319544.993, 121
Trd, 4319545.843, 132
Trd, 4319546.343, 116
Trd, 4319547.443, 113
Trd, 4319547.493, 86
Trd, 4319548.993, 80
Trd, 4319549.493, 90
Trd, 4319550.343, 81
Trd, 4319552.443, 113
Trd, 4319552.593, 86
Trd, 4319554.443, 98
Trd, 4319555.143, 98
Trd, 4319555.443, 92
Trd, 4319557.243, 92
Trd, 4319558.393, 93
Trd, 4319560.543, 88
Trd, 4319561.843, 91
Trd, 4319561.993, 98
Trd, 4319562.043, 113
Trd, 4319564.693, 104
Trd, 4319566.393, 105
Trd, 4319566.593, 104
Trd, 4319567.293, 104
Trd, 4319567.843, 95
Trd, 4319568.343, 86
Trd, 4319568.843, 87
Trd, 4319570.993, 97
Trd, 4319571.943, 84
Trd, 4319573.743, 132
Trd, 4319574.743, 121
Trd, 4319575.593, 105
Trd, 4319576.143, 134
Trd, 4319576.493, 96
Trd, 4319577.193, 97
Trd, 4319578.943, 98
Trd, 4319579.493, 96
Trd, 4319580.043, 95
Trd, 4319581.243, 140
Trd, 4319583.293, 104
Trd, 4319583.843, 97
Trd, 4319584.993, 122
Trd, 4319585.643, 132
Trd, 4319587.443, 101
Trd, 4319588.893, 104
Trd, 4319589.593, 104
Trd, 4319590.743, 133
Trd, 4319591.043, 105
Trd, 4319591.843, 104
Trd, 4319593.343, 97
Trd, 4319593.643, 96
Trd, 4319594.043, 95
Trd, 4319596.243, 125
Trd, 4319597.643, 132
Trd, 4319598.243, 122
Trd, 4319599.093, 105
Trd, 4319599.493, 104
Trd, 4319599.993, 134
Trd, 4319603.093, 103
Trd, 4319603.743, 90
Trd, 4319603.993, 87
Trd, 4319604.993, 120
Trd, 4319605.743, 96
Trd, 4319608.843, 107
Trd, 4319609.193, 97
Trd, 4319609.693, 97
Trd, 4319611.493, 121
Trd, 4319611.593, 95
Trd, 4319613.043, 86
Trd, 4319614.593, 81
Trd, 4319616.293, 86
Trd, 4319617.793, 88
Trd, 4319618.343, 113
Trd, 4319619.893, 98
Trd, 4319620.393, 107
Trd, 4319622.993, 93
Trd, 4319623.193, 86
Trd, 4319623.393, 78
Trd, 4319624.243, 80
Trd, 4319626.143, 109
Trd, 4319626.493, 90
Trd, 4319627.543, 89
Trd, 4319627.593, 95
Trd, 4319628.093, 88
Trd, 4319629.543, 113
Trd, 4319630.793, 90
Trd, 4319631.893, 89
Trd, 4319632.093, 86
Trd, 4319632.443, 77
Trd, 4319633.993, 92
Trd, 4319635.743, 74
Trd, 4319639.093, 85
Trd, 4319641.793, 108
Trd, 4319642.143, 113
Trd, 4319642.293, 95
Trd, 4319642.843, 140
Trd, 4319643.343, 93
Trd, 4319645.093, 82
Trd, 4319645.493, 109
Trd, 4319645.843, 82
Trd, 4319646.243, 87
Trd, 4319647.943, 88
Trd, 4319648.643, 77
Trd, 4319651.093, 87
Trd, 4319651.143, 73
Trd, 4319652.443, 129
Trd, 4319654.393, 87
Trd, 4319654.743, 87
Trd, 4319656.393, 88
Trd, 4319656.443, 97
Trd, 4319657.043, 86
Trd, 4319658.993, 91
Trd, 4319659.743, 113
Trd, 4319661.543, 132
Trd, 4319661.943, 89
Trd, 4319662.993, 92
Trd, 4319663.293, 86
Trd, 4319665.693, 95
Trd, 4319665.743, 106
Trd, 4319666.193, 95
Trd, 4319667.343, 95
Trd, 4319667.543, 120
Trd, 4319667.943, 78
Trd, 4319671.543, 118
Trd, 4319672.443, 132
Trd, 4319673.143, 82
Trd, 4319675.293, 94
Trd, 4319675.343, 91
Trd, 4319676.693, 89
Trd, 4319678.193, 95
Trd, 4319678.493, 95
Trd, 4319679.593, 106
Trd, 4319680.643, 113
Trd, 4319681.193, 105
Trd, 4319681.893, 102
Trd, 4319682.993, 101
Trd, 4319683.943, 95
Trd, 4319686.093, 98
Trd, 4319686.193, 86
Trd, 4319688.893, 91
Trd, 4319689.693, 113
Trd, 4319689.993, 92
Trd, 4319691.393, 93
Trd, 4319692.443, 92
Trd, 4319692.493, 94
Trd, 4319694.693, 122
Trd, 4319695.543, 86
Trd, 4319696.943, 120
Trd, 4319697.193, 113
Trd, 4319698.643, 99
Trd, 4319701.193, 127
Trd, 4319701.493, 104
Trd, 4319702.293, 122
Trd, 4319703.093, 107
Trd, 4319703.843, 140
Trd, 4319704.493, 108
Trd, 4319704.793, 96
Trd, 4319706.193, 95
Trd, 4319708.193, 121
Trd, 4319709.393, 139
Trd, 4319711.193, 110
Trd, 4319711.943, 116
Trd, 4319713.343, 115
Trd, 4319714.343, 114
Trd, 4319715.243, 104
Trd, 4319715.393, 95
Trd, 4319716.643, 114
Trd, 4319716.843, 86
Trd, 4319718.193, 118
Trd, 4319719.593, 86
Trd, 4319721.193, 88
Trd, 4319723.843, 96
Trd, 4319723.943, 93
Trd, 4319724.693, 96
Trd, 4319725.093, 95
Trd, 4319727.343, 100
Trd, 4319727.943, 93
Trd, 4319729.093, 97
Trd, 4319729.393, 95
Trd, 4319730.643, 113
Trd, 4319731.293, 116
Trd, 4319731.843, 132
Trd, 4319732.443, 101
Trd, 4319732.543, 100
Trd, 4319732.893, 77
Trd, 4319735.593, 121
Trd, 4319737.493, 122
Trd, 4319738.543, 99
Trd, 4319739.043, 98
Trd, 4319739.593, 132
Trd, 4319739.843, 95
Trd, 4319742.893, 134
Trd, 4319743.743, 119
Trd, 4319743.943, 113
Trd, 4319744.543, 105
Trd, 4319745.493, 95
Trd, 4319747.893, 86
Trd, 4319748.243, 113
Trd, 4319750.193, 80
Trd, 4319750.943, 83
Trd, 4319751.543, 87
Trd, 4319752.643, 82
Trd, 4319753.743, 90
Trd, 4319753.843, 100
Trd, 4319755.443, 99
Trd, 4319756.193, 92
Trd, 4319757.943, 96
Trd, 4319758.043, 93
Trd, 4319758.643, 85
Trd, 4319759.593, 90
Trd, 4319761.643, 100
Trd, 4319762.693, 113
Trd, 4319763.943, 92
Trd, 4319765.043, 101
Trd, 4319765.593, 93
Trd, 4319766.893, 113
Trd, 4319767.593, 102
Trd, 4319767.843, 100
Trd, 4319768.693, 99
Trd, 4319769.693, 95
Trd, 4319772.243, 123
Trd, 4319772.793, 122
Trd, 4319772.993, 113
Trd, 4319773.893, 104
Trd, 4319774.443, 127
Trd, 4319774.493, 122
Trd, 4319778.043, 123
Trd, 4319778.493, 121
Trd, 4319779.643, 113
Trd, 4319779.793, 131
Trd, 4319780.843, 104
Trd, 4319780.993, 96
Trd, 4319783.743, 79
Trd, 4319785.943, 95
Trd, 4319786.793, 91
Trd, 4319787.143, 91
Trd, 4319788.743, 97
Trd, 4319788.793, 95
Trd, 4319789.093, 113
Trd, 4319790.593, 68
Trd, 4319791.743, 86
Trd, 4319792.393, 107
Trd, 4319792.793, 70
Trd, 4319794.343, 139
Trd, 4319795.943, 89
Trd, 4319796.043, 86
Trd, 4319797.393, 74
Trd, 4319798.093, 97
Trd, 4319799.443, 98
Trd, 4319799.543, 89
Trd, 4319800.793, 91
Trd, 4319801.243, 90
Trd, 4319802.293, 94
Trd, 4319803.543, 114
Trd, 4319805.493, 97
Trd, 4319806.143, 96
Trd, 4319806.293, 95
Trd, 4319806.843, 127
Trd, 4319807.143, 86
Trd, 4319808.793, 94
Trd, 4319811.343, 86
Trd, 4319812.493, 81
Trd, 4319812.893, 104
Trd, 4319816.293, 99
Trd, 4319816.743, 106
Trd, 4319817.243, 113
Trd, 4319817.693, 92
Trd, 4319817.993, 91
Trd, 4319818.393, 90
Trd, 4319820.843, 90
Trd, 4319821.993, 91
Trd, 4319823.443, 103
Trd, 4319823.543, 91
Trd, 4319824.593, 91
Trd, 4319825.943, 90
Trd, 4319826.493, 95
Trd, 4319827.293, 113
Trd, 4319830.043, 121
Trd, 4319831.143, 98
Trd, 4319832.943, 98
Trd, 4319833.443, 97
Trd, 4319833.743, 113
Trd, 4319834.693, 95
Trd, 4319835.693, 86
Trd, 4319835.993, 113
Trd, 4319836.943, 70
Trd, 4319839.193, 101
Trd, 4319839.793, 78
Trd, 4319842.543, 84
Trd, 4319842.993, 86
Trd, 4319844.093, 85
Trd, 4319844.343, 99
Trd, 4319845.593, 113
Trd, 4319846.193, 114
Trd, 4319847.143, 91
Trd, 4319847.693, 89
Trd, 4319851.193, 92
Trd, 4319852.243, 123
Trd, 4319852.443, 122
Trd, 4319852.693, 92
Trd, 4319853.043, 129
Trd, 4319853.143, 91
Trd, 4319854.443, 86
Trd, 4319856.993, 93
Trd, 4319857.743, 139
Trd, 4319858.243, 123
Trd, 4319860.393, 140
Trd, 4319861.093, 122
Trd, 4319862.793, 115
Trd, 4319862.843, 104
Trd, 4319864.993, 98
Trd, 4319865.193, 86
Trd, 4319867.043, 128
Trd, 4319867.693, 117
Trd, 4319868.143, 104
Trd, 4319868.893, 86
Trd, 4319869.493, 84
Trd, 4319870.543, 89
Trd, 4319873.093, 100
Trd, 4319873.943, 108
Trd, 4319876.443, 87
Trd, 4319876.843, 106
Trd, 4319877.143, 88
Trd, 4319880.043, 97
Trd, 4319881.193, 96
Trd, 4319882.393, 95
Trd, 4319882.793, 96
Trd, 4319882.843, 86
Trd, 4319884.243, 89
Trd, 4319885.043, 81
Trd, 4319885.243, 113
Trd, 4319888.593, 89
Trd, 4319888.943, 88
Trd, 4319890.293, 107
Trd, 4319890.893, 92
Trd, 4319892.093, 90
Trd, 4319892.993, 89
Trd, 4319894.143, 98
Trd, 4319894.893, 108
Trd, 4319896.543, 83
Trd, 4319896.893, 98
Trd, 4319899.043, 91
Trd, 4319899.343, 90
Trd, 4319901.743, 98
Trd, 4319901.943, 91
Trd, 4319902.293, 86
Trd, 4319903.493, 78
Trd, 4319903.893, 107
Trd, 4319904.193, 77
Trd, 4319905.193, 131
Trd, 4319908.643, 77
Trd, 4319908.743, 92
Trd, 4319910.593, 91
Trd, 4319912.043, 92
Trd, 4319912.093, 98
Trd, 4319912.193, 92
Trd, 4319913.393, 96
Trd, 4319913.443, 93
Trd, 4319914.093, 106
Trd, 4319915.843, 89
Trd, 4319916.343, 86
Trd, 4319917.943, 95
Trd, 4319917.993, 80
Trd, 4319918.493, 113
Trd, 4319919.193, 79
Trd, 4319919.843, 138
Trd, 4319921.593, 82
Trd, 4319921.643, 93
Trd, 4319925.543, 95
Trd, 4319925.993, 96
Trd, 4319926.643, 87
Trd, 4319927.093, 108
Trd, 4319927.193, 113
Trd, 4319928.043, 87
Trd, 4319930.343, 89
Trd, 4319933.693, 124
Trd, 4319934.193, 122
Trd, 4319934.343, 104
Trd, 4319935.293, 89
Trd, 4319935.843, 89
Trd, 4319936.643, 95
Trd, 4319936.993, 107
Trd, 4319938.043, 108
Trd, 4319938.243, 93
Trd, 4319939.543, 93
Trd, 4319941.093, 89
Trd, 4319941.443, 106
Trd, 4319941.793, 89
Trd, 4319944.243, 88
Trd, 4319945.893, 91
Trd, 4319947.193, 96
Trd, 4319947.643, 106
Trd, 4319947.843, 96
Trd, 4319948.893, 122
Trd, 4319949.193, 95
Trd, 4319949.993, 85
Trd, 4319953.093, 88
Trd, 4319953.443, 109
Trd, 4319954.093, 136
Trd, 4319954.443, 87
Trd, 4319954.993, 87
Trd, 4319955.043, 86
Trd, 4319957.243, 88
Trd, 4319957.793, 88
Trd, 4319960.243, 123
Trd, 4319960.693, 122
Trd, 4319961.093, 87
Trd, 4319962.243, 89
Trd, 4319962.493, 127
Trd, 4319965.743, 98
Trd, 4319966.893, 135
Trd, 4319968.843, 103
Trd, 4319969.193, 101
Trd, 4319970.043, 88
Trd, 4319970.643, 87
Trd, 4319971.643, 79
Trd, 4319971.743, 106
Trd, 4319973.243, 85
Trd, 4319974.943, 93
Trd, 4319976.843, 107
Trd, 4319978.243, 96
Trd, 4319978.493, 93
Trd, 4319979.743, 96
Trd, 4319980.493, 88
Trd, 4319982.593, 94
Trd, 4319982.743, 94
Trd, 4319983.193, 92
Trd, 4319984.893, 93
Trd, 4319986.243, 97
Trd, 4319987.093, 106
Trd, 4319987.793, 86
Trd, 4319989.093, 95
Trd, 4319989.793, 81
Trd, 4319991.443, 106
Trd, 4319991.593, 84
Trd, 4319993.893, 86
Trd, 4319993.993, 84
Trd, 4319995.393, 95
Trd, 4319998.193, 98
Trd, 4319998.393, 91
Trd, 4319998.843, 116
