Trd, 4317882.993, 87
Trd, 4317884.693, 90
Trd, 4317885.693, 93
Trd, 4317887.093, 102
Trd, 4317888.343, 95
Trd, 4317889.493, 97
Trd, 4317890.043, 95
Trd, 4317892.593, 87
Trd, 4317893.093, 114
Trd, 4317893.743, 89
Trd, 4317894.293, 86
Trd, 4317897.493, 102
Trd, 4317898.143, 94
Trd, 4317898.293, 112
Trd, 4317898.693, 93
Trd, 4317899.543, 93
Trd, 4317900.243, 110
Trd, 4317900.793, 86
Trd, 4317902.993, 87
Trd, 4317903.793, 87
Trd, 4317904.793, 89
Trd, 4317906.793, 87
Trd, 4317907.293, 95
Trd, 4317907.393, 122
Trd, 4317908.743, 88
Trd, 4317910.193, 81
Trd, 4317913.093, 89
Trd, 4317913.493, 86
Trd, 4317916.843, 92
Trd, 4317917.193, 92
Trd, 4317917.593, 91
Trd, 4317919.193, 104
Trd, 4317919.893, 91
Trd, 4317920.193, 86
Trd, 4317921.843, 109
Trd, 4317922.093, 100
Trd, 4317922.793, 80
Trd, 4317925.543, 80
Trd, 4317927.243, 86
Trd, 4317929.793, 94
Trd, 4317931.493, 94
Trd, 4317932.793, 87
Trd, 4317933.043, 86
Trd, 4317933.393, 112
Trd, 4317934.993, 84
Trd, 4317936.093, 108
Trd, 4317937.443, 101
Trd, 4317938.493, 110
Trd, 4317939.143, 101
Trd, 4317940.293, 85
Trd, 4317942.543, 84
Trd, 4317942.743, 84
Trd, 4317945.743, 90
Trd, 4317946.343, 89
Trd, 4317946.693, 104
Trd, 4317947.793, 86
Trd, 4317947.893, 83
Trd, 4317952.193, 87
Trd, 4317952.293, 88
Trd, 4317953.643, 106
Trd, 4317954.993, 88
Trd, 4317956.443, 113
Trd, 4317957.543, 100
Trd, 4317958.843, 96
Trd, 4317959.443, 95
Trd, 4317959.943, 88
Trd, 4317961.293, 76
Trd, 4317961.843, 105
Trd, 4317966.043, 80
Trd, 4317967.593, 80
Trd, 4317969.543, 87
Trd, 4317970.943, 95
Trd, 4317972.343, 92
Trd, 4317973.693, 93
Trd, 4317975.093, 110
Trd, 4317976.493, 92
Trd, 4317976.543, 87
Trd, 4317977.543, 117
Trd, 4317978.743, 88
Trd, 4317980.893, 88
Trd, 4317982.093, 86
Trd, 4317982.193, 76
Trd, 4317984.593, 78
Trd, 4317984.743, 88
Trd, 4317985.593, 95
Trd, 4317986.943, 84
Trd, 4317988.043, 89
Trd, 4317988.843, 95
Trd, 4317990.043, 87
Trd, 4317991.243, 79
Trd, 4317991.643, 85
Trd, 4317995.343, 83
Trd, 4317996.443, 81
Trd, 4317997.393, 83
Trd, 4317997.743, 90
Trd, 4317999.343, 88
Trd, 4318000.293, 95
Trd, 4318001.543, 88
Trd, 4318001.993, 88
Trd, 4318002.343, 94
Trd, 4318003.743, 104
Trd, 4318004.843, 89
Trd, 4318007.643, 92
Trd, 4318009.243, 105
Trd, 4318009.893, 110
Trd, 4318010.893, 97
Trd, 4318012.043, 92
Trd, 4318013.843, 88
Trd, 4318015.743, 92
Trd, 4318016.093, 87
Trd, 4318016.493, 103
Trd, 4318018.093, 104
Trd, 4318018.693, 91
Trd, 4318018.793, 90
Trd, 4318019.593, 89
Trd, 4318020.293, 101
Trd, 4318023.043, 91
Trd, 4318023.743, 88
Trd, 4318025.693, 109
Trd, 4318025.943, 87
Trd, 4318026.843, 88
Trd, 4318027.743, 110
Trd, 4318030.293, 94
Trd, 4318031.893, 88
Trd, 4318032.393, 90
Trd, 4318034.993, 90
Trd, 4318035.793, 88
Trd, 4318037.243, 103
Trd, 4318037.593, 104
Trd, 4318037.843, 88
Trd, 4318039.893, 90
Trd, 4318040.643, 87
Trd, 4318040.743, 88
Trd, 4318040.893, 86
Trd, 4318044.143, 102
Trd, 4318044.893, 96
Trd, 4318047.943, 80
Trd, 4318048.693, 78
Trd, 4318050.743, 83
Trd, 4318052.143, 90
Trd, 4318052.393, 95
Trd, 4318052.443, 88
Trd, 4318054.843, 77
Trd, 4318056.493, 100
Trd, 4318057.743, 83
Trd, 4318058.843, 82
Trd, 4318062.643, 88
Trd, 4318063.243, 89
Trd, 4318064.543, 99
Trd, 4318066.193, 90
Trd, 4318068.143, 89
Trd, 4318068.493, 88
Trd, 4318069.793, 87
Trd, 4318070.493, 95
Trd, 4318071.943, 92
Trd, 4318071.993, 115
Trd, 4318072.093, 86
Trd, 4318074.693, 79
Trd, 4318077.043, 111
Trd, 4318078.393, 85
Trd, 4318080.293, 104
Trd, 4318080.693, 95
Trd, 4318080.893, 90
Trd, 4318083.443, 85
Trd, 4318085.093, 88
Trd, 4318085.143, 115
Trd, 4318085.793, 86
Trd, 4318088.743, 95
Trd, 4318089.843, 104
Trd, 4318092.593, 103
Trd, 4318092.843, 101
Trd, 4318093.843, 101
Trd, 4318094.693, 97
Trd, 4318094.843, 95
Trd, 4318097.143, 93
Trd, 4318098.593, 113
Trd, 4318099.693, 89
Trd, 4318100.543, 89
Trd, 4318100.643, 87
Trd, 4318103.743, 89
Trd, 4318104.193, 104
Trd, 4318105.493, 101
Trd, 4318107.243, 99
Trd, 4318109.343, 95
Trd, 4318110.043, 106
Trd, 4318110.243, 94
Trd, 4318113.793, 93
Trd, 4318114.043, 92
Trd, 4318114.293, 90
Trd, 4318115.093, 86
Trd, 4318118.143, 101
Trd, 4318118.593, 85
Trd, 4318119.143, 96
Trd, 4318120.343, 87
Trd, 4318120.693, 82
Trd, 4318122.243, 99
Trd, 4318125.893, 93
Trd, 4318126.243, 92
Trd, 4318128.893, 101
Trd, 4318129.993, 103
Trd, 4318130.643, 116
Trd, 4318130.693, 101
Trd, 4318132.243, 86
Trd, 4318132.993, 77
Trd, 4318135.243, 91
Trd, 4318136.593, 86
Trd, 4318137.593, 85
Trd, 4318138.643, 87
Trd, 4318140.043, 88
Trd, 4318140.493, 86
Trd, 4318142.843, 93
Trd, 4318144.643, 109
Trd, 4318145.643, 78
Trd, 4318146.143, 96
Trd, 4318147.743, 104
Trd, 4318148.893, 90
Trd, 4318150.193, 104
Trd, 4318151.643, 86
Trd, 4318154.143, 94
Trd, 4318155.143, 95
Trd, 4318156.843, 95
Trd, 4318157.193, 86
Trd, 4318160.243, 95
Trd, 4318160.493, 104
Trd, 4318161.993, 98
Trd, 4318162.443, 112
Trd, 4318163.243, 99
Trd, 4318163.393, 97
Trd, 4318165.843, 95
Trd, 4318167.793, 107
Trd, 4318167.943, 99
Trd, 4318168.593, 109
Trd, 4318170.043, 103
Trd, 4318172.943, 103
Trd, 4318173.393, 98
Trd, 4318174.193, 119
Trd, 4318174.393, 95
Trd, 4318175.243, 68
Trd, 4318176.743, 78
Trd, 4318177.293, 88
Trd, 4318178.743, 101
Trd, 4318179.793, 88
Trd, 4318181.493, 86
Trd, 4318183.193, 77
Trd, 4318185.043, 95
Trd, 4318185.493, 80
Trd, 4318185.693, 79
Trd, 4318186.143, 92
Trd, 4318186.593, 80
Trd, 4318186.843, 87
Trd, 4318190.793, 95
Trd, 4318191.143, 94
Trd, 4318192.493, 95
Trd, 4318193.943, 68
Trd, 4318194.543, 102
Trd, 4318195.193, 77
Trd, 4318197.993, 74
Trd, 4318198.443, 77
Trd, 4318200.743, 81
Trd, 4318200.943, 89
Trd, 4318202.043, 82
Trd, 4318204.193, 90
Trd, 4318204.743, 95
Trd, 4318206.743, 107
Trd, 4318207.293, 88
Trd, 4318209.093, 95
Trd, 4318210.493, 91
Trd, 4318210.943, 90
Trd, 4318212.893, 92
Trd, 4318214.543, 93
Trd, 4318215.593, 93
Trd, 4318216.543, 112
Trd, 4318217.193, 86
Trd, 4318219.593, 108
Trd, 4318223.093, 88
Trd, 4318223.143, 94
Trd, 4318225.093, 87
Trd, 4318225.993, 104
Trd, 4318227.843, 89
Trd, 4318228.443, 91
Trd, 4318228.543, 95
Trd, 4318232.443, 89
Trd, 4318234.393, 89
Trd, 4318234.793, 89
Trd, 4318235.893, 90
Trd, 4318235.943, 95
Trd, 4318237.443, 85
Trd, 4318239.893, 108
Trd, 4318239.943, 77
Trd, 4318242.493, 85
Trd, 4318243.593, 83
Trd, 4318245.593, 103
Trd, 4318246.343, 104
Trd, 4318246.893, 92
Trd, 4318248.243, 93
Trd, 4318251.593, 107
Trd, 4318252.343, 104
Trd, 4318252.843, 115
Trd, 4318253.443, 97
Trd, 4318254.293, 86
Trd, 4318255.943, 83
Trd, 4318258.043, 102
Trd, 4318258.143, 85
Trd, 4318259.693, 88
Trd, 4318260.493, 87
Trd, 4318263.193, 101
Trd, 4318263.843, 104
Trd, 4318264.793, 104
Trd, 4318267.293, 78
Trd, 4318270.593, 89
Trd, 4318271.943, 89
Trd, 4318273.543, 89
Trd, 4318274.143, 95
Trd, 4318274.843, 87
Trd, 4318275.093, 86
Trd, 4318278.793, 95
Trd, 4318281.843, 81
Trd, 4318283.443, 84
Trd, 4318285.393, 86
Trd, 4318286.643, 103
Trd, 4318290.943, 100
Trd, 4318291.593, 99
Trd, 4318292.093, 96
Trd, 4318292.543, 114
Trd, 4318293.543, 86
Trd, 4318294.943, 115
Trd, 4318297.643, 86
Trd, 4318300.043, 120
Trd, 4318300.943, 98
Trd, 4318301.193, 97
Trd, 4318301.593, 95
Trd, 4318302.193, 86
Trd, 4318304.243, 81
Trd, 4318305.343, 88
Trd, 4318307.743, 96
Trd, 4318308.693, 96
Trd, 4318311.043, 109
Trd, 4318311.143, 111
Trd, 4318311.443, 104
Trd, 4318311.493, 103
Trd, 4318313.093, 87
Trd, 4318314.143, 78
Trd, 4318317.293, 86
Trd, 4318317.443, 116
Trd, 4318319.743, 87
Trd, 4318320.343, 94
Trd, 4318321.693, 92
Trd, 4318323.143, 93
Trd, 4318323.693, 89
Trd, 4318325.293, 90
Trd, 4318325.543, 86
Trd, 4318327.793, 86
Trd, 4318328.543, 81
Trd, 4318328.893, 97
Trd, 4318330.393, 98
Trd, 4318331.943, 89
Trd, 4318332.893, 88
Trd, 4318333.543, 102
Trd, 4318334.043, 88
Trd, 4318337.293, 88
Trd, 4318338.593, 89
Trd, 4318339.093, 95
Trd, 4318340.593, 109
Trd, 4318341.093, 93
Trd, 4318341.993, 90
Trd, 4318344.543, 96
Trd, 4318345.193, 95
Trd, 4318346.093, 95
Trd, 4318346.893, 103
Trd, 4318347.343, 95
Trd, 4318348.543, 97
Trd, 4318348.943, 104
Trd, 4318352.893, 77
Trd, 4318353.543, 77
Trd, 4318356.143, 82
Trd, 4318357.443, 95
Trd, 4318358.293, 91
Trd, 4318359.193, 104
Trd, 4318359.443, 90
Trd, 4318361.993, 95
Trd, 4318362.843, 91
Trd, 4318366.743, 113
Trd, 4318366.843, 89
Trd, 4318367.843, 87
Trd, 4318368.543, 89
Trd, 4318369.093, 87
Trd, 4318372.993, 83
Trd, 4318373.193, 84
Trd, 4318373.293, 83
Trd, 4318373.843, 91
Trd, 4318376.393, 96
Trd, 4318376.593, 95
Trd, 4318377.493, 93
Trd, 4318377.893, 86
Trd, 4318378.593, 101
Trd, 4318382.143, 86
Trd, 4318382.643, 82
Trd, 4318383.593, 83
Trd, 4318384.143, 83
Trd, 4318384.343, 113
Trd, 4318385.843, 71
Trd, 4318387.743, 110
Trd, 4318390.043, 92
Trd, 4318390.293, 91
Trd, 4318391.943, 93
Trd, 4318393.693, 93
Trd, 4318395.243, 93
Trd, 4318397.093, 113
Trd, 4318397.843, 88
Trd, 4318398.543, 122
Trd, 4318399.743, 93
Trd, 4318400.193, 91
Trd, 4318402.693, 96
Trd, 4318404.693, 98
Trd, 4318405.143, 110
Trd, 4318406.843, 107
Trd, 4318407.143, 95
Trd, 4318407.443, 91
Trd, 4318409.043, 70
Trd, 4318411.443, 77
Trd, 4318411.643, 104
Trd, 4318413.593, 97
Trd, 4318413.743, 95
Trd, 4318415.143, 78
Trd, 4318415.593, 78
Trd, 4318417.643, 94
Trd, 4318418.043, 95
Trd, 4318418.543, 82
Trd, 4318420.393, 83
Trd, 4318421.593, 103
Trd, 4318422.743, 122
Trd, 4318423.393, 90
Trd, 4318425.193, 92
Trd, 4318426.143, 111
Trd, 4318426.393, 90
Trd, 4318429.193, 109
Trd, 4318429.493, 98
Trd, 4318430.143, 86
Trd, 4318431.343, 87
Trd, 4318432.393, 81
Trd, 4318432.993, 95
Trd, 4318433.693, 81
Trd, 4318434.843, 99
Trd, 4318437.193, 113
Trd, 4318437.343, 112
Trd, 4318438.743, 98
Trd, 4318438.793, 97
Trd, 4318440.693, 95
Trd, 4318443.793, 84
Trd, 4318444.643, 84
Trd, 4318444.693, 95
Trd, 4318445.043, 84
Trd, 4318446.093, 94
Trd, 4318446.943, 86
Trd, 4318448.343, 86
Trd, 4318449.693, 88
Trd, 4318450.493, 95
Trd, 4318452.743, 80
Trd, 4318454.443, 83
Trd, 4318454.943, 82
Trd, 4318457.743, 90
Trd, 4318459.393, 89
Trd, 4318459.943, 89
Trd, 4318461.393, 90
Trd, 4318461.843, 87
Trd, 4318462.943, 88
Trd, 4318463.693, 104
Trd, 4318463.893, 86
Trd, 4318466.243, 89
Trd, 4318466.943, 120
Trd, 4318469.643, 95
Trd, 4318469.943, 95
Trd, 4318470.643, 93
Trd, 4318471.043, 92
Trd, 4318472.293, 86
Trd, 4318472.793, 82
Trd, 4318473.293, 116
Trd, 4318476.693, 86
Trd, 4318479.293, 104
Trd, 4318480.343, 87
Trd, 4318480.493, 86
Trd, 4318480.843, 90
Trd, 4318482.193, 89
Trd, 4318482.293, 114
Trd, 4318483.793, 85
Trd, 4318485.043, 78
Trd, 4318489.343, 85
Trd, 4318490.043, 86
Trd, 4318490.293, 90
Trd, 4318491.143, 95
Trd, 4318494.343, 96
Trd, 4318494.393, 95
Trd, 4318496.093, 98
Trd, 4318496.693, 110
Trd, 4318497.793, 97
Trd, 4318498.593, 86
Trd, 4318501.543, 95
Trd, 4318501.793, 95
Trd, 4318501.993, 92
Trd, 4318502.893, 114
Trd, 4318503.193, 92
Trd, 4318505.343, 95
Trd, 4318507.043, 110
Trd, 4318507.343, 108
Trd, 4318509.593, 106
Trd, 4318509.743, 102
Trd, 4318509.893, 95
Trd, 4318512.493, 90
Trd, 4318513.543, 86
Trd, 4318514.343, 104
Trd, 4318516.193, 84
Trd, 4318517.893, 109
Trd, 4318519.993, 114
Trd, 4318520.193, 105
Trd, 4318521.793, 104
Trd, 4318521.943, 95
Trd, 4318523.443, 88
Trd, 4318523.843, 87
Trd, 4318524.343, 104
Trd, 4318524.943, 87
Trd, 4318530.393, 78
Trd, 4318530.593, 89
Trd, 4318530.743, 78
Trd, 4318532.393, 81
Trd, 4318535.243, 92
Trd, 4318535.693, 90
Trd, 4318535.993, 102
Trd, 4318537.643, 89
Trd, 4318538.993, 116
Trd, 4318540.943, 92
Trd, 4318541.993, 92
Trd, 4318542.243, 91
Trd, 4318542.843, 85
Trd, 4318543.143, 77
Trd, 4318545.043, 96
Trd, 4318547.543, 87
Trd, 4318548.043, 106
Trd, 4318549.943, 89
Trd, 4318550.293, 91
Trd, 4318552.193, 87
Trd, 4318553.243, 87
Trd, 4318554.793, 91
Trd, 4318556.193, 90
Trd, 4318556.743, 95
Trd, 4318557.143, 88
Trd, 4318560.343, 95
Trd, 4318561.143, 100
Trd, 4318561.943, 96
Trd, 4318562.093, 101
Trd, 4318562.293, 95
Trd, 4318562.693, 90
Trd, 4318566.593, 92
Trd, 4318567.193, 91
Trd, 4318567.693, 117
Trd, 4318569.193, 104
Trd, 4318571.143, 112
Trd, 4318572.543, 97
Trd, 4318572.793, 95
Trd, 4318573.743, 86
Trd, 4318575.543, 86
Trd, 4318576.143, 114
Trd, 4318576.893, 106
Trd, 4318580.343, 93
Trd, 4318581.343, 91
Trd, 4318581.543, 94
Trd, 4318583.043, 93
Trd, 4318583.193, 92
Trd, 4318586.243, 95
Trd, 4318587.843, 79
Trd, 4318587.993, 78
Trd, 4318589.893, 84
Trd, 4318590.243, 95
Trd, 4318590.843, 86
Trd, 4318593.443, 87
Trd, 4318593.893, 99
Trd, 4318594.443, 86
Trd, 4318595.893, 103
Trd, 4318597.593, 95
Trd, 4318597.743, 94
Trd, 4318599.893, 92
Trd, 4318600.043, 89
Trd, 4318603.043, 90
Trd, 4318603.243, 89
Trd, 4318603.793, 95
Trd, 4318603.893, 104
Trd, 4318604.543, 119
Trd, 4318605.143, 87
Trd, 4318606.193, 87
Trd, 4318608.093, 112
Trd, 4318608.143, 90
Trd, 4318610.493, 88
Trd, 4318611.043, 113
Trd, 4318613.143, 96
Trd, 4318614.343, 93
Trd, 4318616.593, 71
Trd, 4318617.293, 70
Trd, 4318617.493, 82
Trd, 4318618.093, 95
Trd, 4318619.893, 105
Trd, 4318621.693, 76
Trd, 4318625.243, 84
Trd, 4318625.943, 87
Trd, 4318627.743, 88
Trd, 4318628.393, 94
Trd, 4318629.993, 90
Trd, 4318630.493, 86
Trd, 4318631.993, 95
Trd, 4318632.443, 83
Trd, 4318636.093, 90
Trd, 4318636.643, 92
Trd, 4318639.693, 93
Trd, 4318640.043, 92
Trd, 4318640.493, 95
Trd, 4318641.393, 95
Trd, 4318641.493, 94
Trd, 4318642.443, 104
Trd, 4318642.693, 94
Trd, 4318643.443, 91
Trd, 4318643.493, 86
Trd, 4318644.393, 110
Trd, 4318645.643, 68
Trd, 4318650.393, 86
Trd, 4318650.493, 86
Trd, 4318653.443, 94
Trd, 4318654.193, 95
Trd, 4318655.043, 95
Trd, 4318655.243, 112
Trd, 4318655.793, 89
Trd, 4318656.493, 81
Trd, 4318657.943, 113
Trd, 4318658.443, 79
Trd, 4318660.143, 79
Trd, 4318661.593, 88
Trd, 4318662.343, 114
Trd, 4318664.643, 91
Trd, 4318665.093, 87
Trd, 4318665.243, 86
Trd, 4318666.743, 78
Trd, 4318667.793, 110
Trd, 4318671.493, 82
Trd, 4318671.843, 90
Trd, 4318673.193, 102
Trd, 4318674.743, 96
Trd, 4318675.843, 95
Trd, 4318675.993, 95
Trd, 4318676.543, 92
Trd, 4318679.293, 101
Trd, 4318680.143, 94
Trd, 4318682.043, 96
Trd, 4318683.893, 108
Trd, 4318685.643, 79
Trd, 4318688.493, 86
Trd, 4318688.843, 87
Trd, 4318689.043, 84
Trd, 4318689.093, 95
Trd, 4318690.093, 83
Trd, 4318691.343, 104
Trd, 4318693.293, 75
Trd, 4318695.593, 77
Trd, 4318697.343, 78
Trd, 4318699.643, 88
Trd, 4318700.343, 95
Trd, 4318700.743, 86
Trd, 4318704.193, 97
Trd, 4318705.093, 99
Trd, 4318706.693, 96
Trd, 4318706.993, 113
Trd, 4318707.493, 97
Trd, 4318711.993, 98
Trd, 4318712.193, 97
Trd, 4318712.293, 95
Trd, 4318713.593, 86
Trd, 4318716.143, 78
Trd, 4318717.043, 100
Trd, 4318720.593, 90
Trd, 4318720.943, 90
Trd, 4318721.143, 89
Trd, 4318722.093, 87
Trd, 4318723.343, 88
Trd, 4318723.543, 87
Trd, 4318724.793, 103
Trd, 4318729.193, 88
Trd, 4318730.343, 93
Trd, 4318730.793, 90
Trd, 4318731.243, 86
Trd, 4318731.743, 95
Trd, 4318732.143, 82
Trd, 4318734.493, 79
Trd, 4318737.593, 87
Trd, 4318737.843, 87
Trd, 4318738.143, 86
Trd, 4318739.193, 92
Trd, 4318744.243, 102
Trd, 4318745.093, 101
Trd, 4318745.893, 103
Trd, 4318746.143, 98
Trd, 4318747.243, 95
Trd, 4318748.643, 90
Trd, 4318749.643, 104
Trd, 4318750.293, 93
Trd, 4318752.543, 89
Trd, 4318753.493, 92
Trd, 4318753.993, 91
Trd, 4318754.143, 90
Trd, 4318758.243, 93
Trd, 4318759.193, 93
Trd, 4318760.643, 95
Trd, 4318761.143, 93
Trd, 4318763.593, 95
Trd, 4318764.443, 102
Trd, 4318764.943, 101
Trd, 4318766.543, 100
Trd, 4318767.343, 105
Trd, 4318767.793, 88
Trd, 4318770.393, 75
Trd, 4318771.543, 81
Trd, 4318771.693, 77
Trd, 4318771.793, 95
Trd, 4318773.393, 98
Trd, 4318775.843, 89
Trd, 4318776.293, 96
Trd, 4318777.093, 88
Trd, 4318779.143, 104
Trd, 4318780.393, 91
Trd, 4318781.043, 95
Trd, 4318781.543, 107
Trd, 4318781.943, 94
Trd, 4318784.293, 90
Trd, 4318785.343, 89
Trd, 4318785.593, 86
Trd, 4318787.493, 87
Trd, 4318788.443, 102
Trd, 4318789.043, 85
Trd, 4318791.093, 87
Trd, 4318792.643, 104
Trd, 4318794.493, 99
Trd, 4318795.893, 95
Trd, 4318796.893, 92
Trd, 4318797.043, 88
Trd, 4318797.393, 86
Trd, 4318798.643, 71
Trd, 4318800.493, 101
Trd, 4318803.343, 90
Trd, 4318803.893, 89
Trd, 4318804.693, 114
Trd, 4318807.493, 90
Trd, 4318808.443, 90
Trd, 4318808.993, 104
Trd, 4318810.493, 91
Trd, 4318811.243, 92
Trd, 4318812.243, 121
Trd, 4318813.093, 79
Trd, 4318815.143, 97
Trd, 4318815.193, 88
Trd, 4318816.693, 115
Trd, 4318818.793, 83
Trd, 4318821.043, 77
Trd, 4318823.243, 95
Trd, 4318824.293, 87
Trd, 4318825.493, 88
Trd, 4318826.543, 83
Trd, 4318828.593, 99
Trd, 4318830.693, 104
Trd, 4318832.343, 89
Trd, 4318832.543, 88
Trd, 4318832.593, 84
Trd, 4318834.193, 88
Trd, 4318834.893, 83
Trd, 4318835.943, 114
Trd, 4318836.793, 74
Trd, 4318839.943, 86
Trd, 4318840.043, 85
Trd, 4318841.043, 90
Trd, 4318841.743, 85
Trd, 4318842.893, 95
Trd, 4318843.443, 89
Trd, 4318844.193, 89
Trd, 4318844.743, 88
Trd, 4318846.193, 87
Trd, 4318848.393, 112
Trd, 4318849.343, 92
Trd, 4318852.343, 105
Trd, 4318852.993, 95
Trd, 4318853.643, 87
Trd, 4318854.343, 88
Trd, 4318854.393, 86
Trd, 4318856.343, 88
Trd, 4318857.243, 82
Trd, 4318859.093, 92
Trd, 4318859.243, 103
Trd, 4318862.543, 86
Trd, 4318863.443, 93
Trd, 4318865.143, 89
Trd, 4318866.593, 89
Trd, 4318867.343, 89
Trd, 4318867.493, 88
Trd, 4318867.743, 84
Trd, 4318871.093, 95
Trd, 4318871.593, 99
Trd, 4318872.393, 95
Trd, 4318873.643, 94
Trd, 4318874.943, 95
Trd, 4318876.893, 86
Trd, 4318877.443, 83
Trd, 4318877.843, 80
Trd, 4318878.593, 95
Trd, 4318881.743, 91
Trd, 4318882.343, 93
Trd, 4318882.793, 104
Trd, 4318884.643, 88
Trd, 4318884.843, 111
Trd, 4318885.543, 87
Trd, 4318886.843, 92
Trd, 4318889.743, 95
Trd, 4318890.243, 92
Trd, 4318890.493, 87
Trd, 4318892.593, 87
Trd, 4318893.393, 104
Trd, 4318895.443, 90
Trd, 4318899.243, 93
Trd, 4318899.343, 92
Trd, 4318899.693, 104
Trd, 4318900.843, 90
Trd, 4318901.393, 86
Trd, 4318902.943, 99
Trd, 4318903.293, 86
Trd, 4318904.443, 86
Trd, 4318905.793, 104
Trd, 4318907.143, 111
Trd, 4318907.393, 85
Trd, 4318909.993, 87
Trd, 4318912.893, 84
Trd, 4318913.543, 86
Trd, 4318914.393, 101
Trd, 4318915.593, 108
Trd, 4318916.593, 104
Trd, 4318919.443, 102
Trd, 4318919.493, 104
Trd, 4318920.993, 94
Trd, 4318921.343, 87
Trd, 4318921.393, 86
Trd, 4318924.243, 73
Trd, 4318924.593, 91
Trd, 4318925.693, 105
Trd, 4318927.643, 86
Trd, 4318927.943, 83
Trd, 4318930.793, 86
Trd, 4318933.543, 95
Trd, 4318934.543, 93
Trd, 4318935.193, 94
Trd, 4318935.593, 86
Trd, 4318937.293, 85
Trd, 4318938.893, 73
Trd, 4318940.993, 80
Trd, 4318941.143, 91
Trd, 4318941.393, 79
Trd, 4318944.143, 82
Trd, 4318945.293, 90
Trd, 4318947.593, 81
Trd, 4318950.193, 89
Trd, 4318950.693, 87
Trd, 4318951.693, 95
Trd, 4318952.293, 91
Trd, 4318955.143, 95
Trd, 4318955.643, 89
Trd, 4318955.993, 88
Trd, 4318957.593, 111
Trd, 4318958.293, 94
Trd, 4318960.843, 86
Trd, 4318963.143, 75
Trd, 4318963.793, 92
Trd, 4318965.493, 83
Trd, 4318966.643, 86
Trd, 4318967.993, 86
Trd, 4318968.893, 87
Trd, 4318970.193, 86
Trd, 4318971.193, 103
Trd, 4318972.743, 95
Trd, 4318975.343, 80
Trd, 4318976.293, 81
Trd, 4318977.993, 86
Trd, 4318979.143, 95
Trd, 4318980.093, 91
Trd, 4318980.393, 89
Trd, 4318980.693, 86
Trd, 4318980.793, 104
Trd, 4318982.293, 88
Trd, 4318982.393, 90
Trd, 4318983.793, 87
Trd, 4318987.443, 90
Trd, 4318989.543, 104
Trd, 4318990.743, 95
Trd, 4318991.743, 94
Trd, 4318992.793, 90
Trd, 4318994.243, 95
Trd, 4318995.443, 91
Trd, 4318996.193, 91
Trd, 4318997.293, 103
Trd, 4318997.343, 88
Trd, 4319001.293, 93
Trd, 4319001.743, 93
Trd, 4319001.843, 92
Trd, 4319002.243, 95
Trd, 4319004.643, 90
Trd, 4319007.193, 99
Trd, 4319007.943, 93
Trd, 4319008.043, 89
Trd, 4319011.943, 89
Trd, 4319015.093, 88
Trd, 4319016.143, 87
Trd, 4319016.393, 104
Trd, 4319016.943, 89
Trd, 4319018.193, 108
Trd, 4319019.643, 94
Trd, 4319021.493, 93
Trd, 4319021.943, 90
Trd, 4319022.393, 88
Trd, 4319023.043, 79
Trd, 4319025.093, 87
Trd, 4319026.943, 95
Trd, 4319027.343, 98
Trd, 4319028.343, 95
Trd, 4319029.143, 86
Trd, 4319030.093, 108
Trd, 4319031.593, 78
Trd, 4319035.343, 89
Trd, 4319035.943, 89
Trd, 4319036.893, 103
Trd, 4319038.793, 88
Trd, 4319039.043, 102
Trd, 4319039.393, 88
Trd, 4319042.843, 83
Trd, 4319042.993, 86
Trd, 4319044.143, 86
Trd, 4319044.393, 84
Trd, 4319045.993, 101
Trd, 4319047.643, 85
Trd, 4319049.293, 88
Trd, 4319049.543, 104
Trd, 4319051.643, 91
Trd, 4319053.893, 95
Trd, 4319054.093, 95
Trd, 4319055.743, 83
Trd, 4319055.943, 92
Trd, 4319056.993, 83
Trd, 4319057.793, 107
Trd, 4319058.443, 86
Trd, 4319059.443, 84
Trd, 4319062.743, 87
Trd, 4319064.243, 89
Trd, 4319064.493, 86
Trd, 4319064.543, 84
Trd, 4319064.943, 95
Trd, 4319067.693, 99
Trd, 4319068.193, 112
Trd, 4319068.593, 95
Trd, 4319071.393, 78
Trd, 4319072.493, 86
Trd, 4319072.743, 82
Trd, 4319075.393, 84
Trd, 4319075.893, 84
Trd, 4319075.943, 86
Trd, 4319077.443, 84
Trd, 4319077.643, 80
Trd, 4319081.143, 83
Trd, 4319082.143, 84
Trd, 4319082.793, 103
Trd, 4319084.593, 86
Trd, 4319085.393, 84
Trd, 4319087.593, 85
Trd, 4319087.893, 84
Trd, 4319089.043, 101
Trd, 4319089.093, 85
Trd, 4319092.193, 93
Trd, 4319092.493, 93
Trd, 4319094.643, 93
Trd, 4319094.993, 99
Trd, 4319095.343, 92
Trd, 4319098.393, 80
Trd, 4319098.743, 89
Trd, 4319100.393, 86
Trd, 4319101.793, 89
Trd, 4319103.043, 89
Trd, 4319104.643, 95
Trd, 4319104.793, 88
Trd, 4319106.843, 91
Trd, 4319108.743, 90
Trd, 4319109.243, 91
Trd, 4319110.143, 104
Trd, 4319111.643, 93
Trd, 4319112.393, 91
Trd, 4319113.243, 88
Trd, 4319116.043, 86
Trd, 4319116.593, 82
Trd, 4319117.493, 90
Trd, 4319119.193, 95
Trd, 4319120.093, 95
Trd, 4319123.343, 78
Trd, 4319123.943, 81
Trd, 4319125.943, 86
Trd, 4319127.843, 95
Trd, 4319128.143, 113
Trd, 4319129.993, 88
Trd, 4319130.193, 88
Trd, 4319131.043, 86
Trd, 4319133.093, 113
Trd, 4319133.593, 85
Trd, 4319134.643, 115
Trd, 4319135.393, 76
Trd, 4319138.193, 103
Trd, 4319140.943, 85
Trd, 4319141.093, 87
Trd, 4319142.393, 89
Trd, 4319142.643, 95
Trd, 4319142.693, 90
Trd, 4319147.393, 91
Trd, 4319147.893, 90
Trd, 4319148.193, 72
Trd, 4319150.543, 85
Trd, 4319151.643, 87
Trd, 4319151.693, 87
Trd, 4319152.243, 102
Trd, 4319153.843, 88
Trd, 4319155.493, 95
Trd, 4319156.893, 112
Trd, 4319157.943, 97
Trd, 4319158.993, 95
Trd, 4319159.843, 113
Trd, 4319160.493, 94
Trd, 4319161.243, 89
Trd, 4319162.243, 80
Trd, 4319165.543, 83
Trd, 4319165.843, 82
Trd, 4319167.043, 92
Trd, 4319167.393, 95
Trd, 4319170.243, 91
Trd, 4319171.143, 95
Trd, 4319171.543, 88
Trd, 4319172.993, 87
Trd, 4319176.793, 81
Trd, 4319178.443, 83
Trd, 4319178.843, 102
Trd, 4319181.743, 90
Trd, 4319181.893, 89
Trd, 4319185.193, 86
Trd, 4319185.743, 79
Trd, 4319186.943, 95
Trd, 4319187.793, 79
Trd, 4319190.043, 77
Trd, 4319190.393, 75
Trd, 4319192.243, 86
Trd, 4319192.543, 84
Trd, 4319192.943, 83
Trd, 4319195.293, 85
Trd, 4319195.543, 101
Trd, 4319197.443, 92
Trd, 4319197.543, 84
Trd, 4319198.493, 86
Trd, 4319201.043, 69
Trd, 4319201.393, 93
Trd, 4319202.943, 79
Trd, 4319205.143, 86
Trd, 4319205.193, 84
Trd, 4319205.243, 95
Trd, 4319205.743, 82
Trd, 4319207.543, 95
Trd, 4319207.793, 74
Trd, 4319211.093, 86
Trd, 4319214.443, 87
Trd, 4319215.593, 88
Trd, 4319215.643, 86
Trd, 4319216.093, 86
Trd, 4319216.743, 95
Trd, 4319217.293, 74
Trd, 4319218.093, 69
Trd, 4319218.443, 111
Trd, 4319222.943, 86
Trd, 4319223.043, 84
Trd, 4319223.343, 95
Trd, 4319225.993, 89
Trd, 4319226.143, 89
Trd, 4319226.793, 90
Trd, 4319227.243, 80
Trd, 4319227.693, 104
Trd, 4319227.893, 68
Trd, 4319230.943, 86
Trd, 4319232.243, 86
Trd, 4319233.143, 109
Trd, 4319235.043, 87
Trd, 4319236.643, 91
Trd, 4319237.893, 93
Trd, 4319238.743, 88
Trd, 4319238.843, 105
Trd, 4319240.593, 91
Trd, 4319240.893, 89
Trd, 4319241.243, 86
Trd, 4319245.393, 88
Trd, 4319246.243, 90
Trd, 4319246.493, 95
Trd, 4319246.943, 91
Trd, 4319247.393, 90
Trd, 4319248.743, 89
Trd, 4319249.943, 112
Trd, 4319251.393, 112
Trd, 4319252.243, 86
Trd, 4319254.343, 86
Trd, 4319255.093, 78
Trd, 4319257.543, 87
Trd, 4319258.993, 95
Trd, 4319259.543, 95
Trd, 4319260.243, 112
Trd, 4319261.643, 71
Trd, 4319263.143, 81
Trd, 4319264.593, 77
Trd, 4319265.693, 86
Trd, 4319266.193, 79
Trd, 4319267.093, 83
Trd, 4319269.893, 75
Trd, 4319273.343, 77
Trd, 4319275.393, 81
Trd, 4319275.893, 86
Trd, 4319276.443, 81
Trd, 4319277.093, 104
Trd, 4319277.993, 111
Trd, 4319278.093, 93
Trd, 4319278.693, 92
Trd, 4319280.043, 91
Trd, 4319282.093, 91
Trd, 4319285.843, 102
Trd, 4319285.893, 101
Trd, 4319285.943, 98
Trd, 4319286.293, 116
Trd, 4319286.643, 95
Trd, 4319288.593, 86
Trd, 4319289.493, 82
Trd, 4319291.993, 104
Trd, 4319293.793, 80
Trd, 4319295.043, 83
Trd, 4319295.393, 80
Trd, 4319295.993, 87
Trd, 4319297.143, 83
Trd, 4319300.843, 85
Trd, 4319301.843, 89
Trd, 4319302.743, 92
Trd, 4319303.143, 92
Trd, 4319303.843, 92
Trd, 4319304.743, 103
Trd, 4319307.443, 115
Trd, 4319308.393, 87
Trd, 4319308.443, 85
Trd, 4319308.493, 75
Trd, 4319309.943, 116
Trd, 4319311.993, 77
Trd, 4319315.643, 90
Trd, 4319315.843, 90
Trd, 4319316.543, 87
Trd, 4319316.843, 86
Trd, 4319320.293, 92
Trd, 4319322.193, 89
Trd, 4319322.343, 86
Trd, 4319322.543, 88
Trd, 4319325.743, 87
Trd, 4319327.893, 89
Trd, 4319328.443, 86
Trd, 4319328.843, 102
Trd, 4319330.143, 88
Trd, 4319330.243, 87
Trd, 4319331.343, 113
Trd, 4319332.493, 84
Trd, 4319333.093, 83
Trd, 4319334.493, 77
Trd, 4319337.593, 92
Trd, 4319339.093, 95
Trd, 4319339.743, 89
Trd, 4319340.843, 94
Trd, 4319340.943, 90
Trd, 4319343.943, 96
Trd, 4319345.193, 100
Trd, 4319345.793, 95
Trd, 4319347.693, 87
Trd, 4319349.043, 88
Trd, 4319349.543, 86
Trd, 4319351.993, 91
Trd, 4319353.143, 112
Trd, 4319355.043, 79
Trd, 4319355.093, 117
Trd, 4319355.243, 116
Trd, 4319356.043, 85
Trd, 4319356.793, 86
Trd, 4319357.293, 98
Trd, 4319358.893, 83
Trd, 4319362.643, 96
Trd, 4319363.043, 95
Trd, 4319363.243, 109
Trd, 4319364.643, 98
Trd, 4319364.693, 96
Trd, 4319368.643, 71
Trd, 4319370.693, 74
Trd, 4319370.743, 103
Trd, 4319371.843, 74
Trd, 4319373.243, 89
Trd, 4319374.193, 89
Trd, 4319374.893, 86
Trd, 4319376.743, 86
Trd, 4319379.343, 86
Trd, 4319379.493, 95
Trd, 4319380.843, 87
Trd, 4319381.643, 86
Trd, 4319382.893, 81
Trd, 4319384.943, 88
Trd, 4319385.793, 85
Trd, 4319385.943, 84
Trd, 4319392.093, 95
Trd, 4319392.293, 94
Trd, 4319392.593, 93
Trd, 4319394.343, 118
Trd, 4319394.443, 92
Trd, 4319397.093, 95
Trd, 4319397.543, 92
Trd, 4319397.793, 92
Trd, 4319400.543, 73
Trd, 4319402.943, 81
Trd, 4319404.543, 85
Trd, 4319405.093, 87
Trd, 4319405.343, 86
Trd, 4319405.743, 95
Trd, 4319408.993, 91
Trd, 4319410.193, 91
Trd, 4319411.693, 104
Trd, 4319411.843, 88
Trd, 4319412.743, 90
Trd, 4319413.093, 88
Trd, 4319416.193, 81
Trd, 4319417.443, 68
Trd, 4319417.793, 88
Trd, 4319419.993, 78
Trd, 4319421.243, 82
Trd, 4319422.993, 96
Trd, 4319423.343, 97
Trd, 4319424.843, 104
Trd, 4319427.693, 84
Trd, 4319428.143, 83
Trd, 4319428.543, 86
Trd, 4319431.343, 104
Trd, 4319432.893, 86
Trd, 4319434.043, 88
Trd, 4319434.443, 83
Trd, 4319435.943, 107
Trd, 4319436.943, 95
Trd, 4319437.343, 95
Trd, 4319441.293, 88
Trd, 4319442.043, 87
Trd, 4319443.193, 95
Trd, 4319444.143, 87
Trd, 4319445.943, 89
Trd, 4319447.693, 86
Trd, 4319448.893, 112
Trd, 4319450.893, 81
Trd, 4319452.243, 88
Trd, 4319452.643, 84
Trd, 4319455.193, 86
Trd, 4319456.493, 98
Trd, 4319458.993, 93
Trd, 4319459.593, 86
Trd, 4319460.293, 79
Trd, 4319461.443, 77
Trd, 4319462.493, 95
Trd, 4319464.793, 90
Trd, 4319466.193, 91
Trd, 4319466.293, 90
Trd, 4319467.543, 88
Trd, 4319468.243, 100
Trd, 4319470.543, 90
Trd, 4319471.593, 96
Trd, 4319471.893, 84
Trd, 4319474.193, 83
Trd, 4319475.443, 87
Trd, 4319477.643, 89
Trd, 4319478.193, 96
Trd, 4319478.743, 88
Trd, 4319479.743, 86
Trd, 4319480.443, 88
Trd, 4319480.993, 102
Trd, 4319482.343, 72
Trd, 4319483.943, 78
Trd, 4319485.993, 88
Trd, 4319486.643, 84
Trd, 4319488.143, 95
Trd, 4319489.993, 73
Trd, 4319491.043, 78
Trd, 4319493.143, 95
Trd, 4319493.743, 87
Trd, 4319494.093, 104
Trd, 4319494.943, 87
Trd, 4319496.143, 86
Trd, 4319498.293, 104
Trd, 4319498.393, 108
Trd, 4319498.493, 110
Trd, 4319498.943, 86
Trd, 4319501.293, 98
Trd, 4319502.493, 96
Trd, 4319503.593, 96
Trd, 4319504.193, 95
Trd, 4319504.993, 87
Trd, 4319505.693, 113
Trd, 4319506.243, 86
Trd, 4319508.143, 113
Trd, 4319509.043, 110
Trd, 4319511.293, 79
Trd, 4319512.493, 93
Trd, 4319513.093, 87
Trd, 4319514.443, 89
Trd, 4319516.843, 97
Trd, 4319518.793, 108
Trd, 4319519.743, 99
Trd, 4319520.243, 95
Trd, 4319520.393, 95
Trd, 4319522.043, 104
Trd, 4319523.543, 114
Trd, 4319524.343, 78
Trd, 4319525.493, 80
Trd, 4319526.993, 83
Trd, 4319527.893, 104
Trd, 4319528.443, 83
Trd, 4319531.343, 84
Trd, 4319532.493, 83
Trd, 4319534.943, 88
Trd, 4319535.243, 90
Trd, 4319536.493, 79
Trd, 4319539.043, 83
Trd, 4319539.993, 80
Trd, 4319541.693, 95
Trd, 4319543.593, 95
Trd, 4319544.993, 95
Trd, 4319545.243, 93
Trd, 4319546.243, 86
Trd, 4319548.343, 113
Trd, 4319550.043, 76
Trd, 4319551.543, 81
Trd, 4319552.893, 88
Trd, 4319553.343, 87
Trd, 4319554.093, 103
Trd, 4319554.543, 86
Trd, 4319558.193, 104
Trd, 4319559.693, 87
Trd, 4319559.993, 88
Trd, 4319561.643, 86
Trd, 4319563.143, 80
Trd, 4319564.093, 78
Trd, 4319566.293, 83
Trd, 4319568.343, 85
Trd, 4319570.193, 86
Trd, 4319570.443, 87
Trd, 4319570.643, 95
Trd, 4319570.693, 86
Trd, 4319572.543, 95
Trd, 4319574.343, 103
Trd, 4319575.293, 87
Trd, 4319575.743, 87
Trd, 4319579.293, 89
Trd, 4319581.293, 93
Trd, 4319581.593, 84
Trd, 4319583.293, 97
Trd, 4319584.693, 94
Trd, 4319585.193, 103
Trd, 4319586.093, 92
Trd, 4319588.393, 93
Trd, 4319588.643, 93
Trd, 4319588.793, 92
Trd, 4319590.193, 102
Trd, 4319590.343, 86
Trd, 4319590.543, 86
Trd, 4319591.443, 104
Trd, 4319594.293, 84
Trd, 4319595.643, 89
Trd, 4319596.843, 77
Trd, 4319597.293, 113
Trd, 4319598.143, 74
Trd, 4319600.843, 76
Trd, 4319601.693, 79
Trd, 4319602.943, 79
Trd, 4319603.243, 87
Trd, 4319604.493, 84
Trd, 4319606.193, 75
Trd, 4319607.793, 89
Trd, 4319608.143, 81
Trd, 4319610.743, 122
Trd, 4319612.343, 85
Trd, 4319612.693, 84
Trd, 4319614.643, 88
Trd, 4319617.693, 86
Trd, 4319617.993, 104
Trd, 4319619.193, 86
Trd, 4319619.593, 86
Trd, 4319620.593, 85
Trd, 4319621.143, 87
Trd, 4319623.493, 102
Trd, 4319624.193, 79
Trd, 4319627.143, 95
Trd, 4319628.743, 88
Trd, 4319630.443, 90
Trd, 4319630.743, 90
Trd, 4319631.843, 108
Trd, 4319633.293, 106
Trd, 4319635.143, 91
Trd, 4319636.543, 84
Trd, 4319636.743, 103
Trd, 4319636.943, 86
Trd, 4319638.593, 111
Trd, 4319638.693, 90
Trd, 4319639.693, 91
Trd, 4319640.693, 89
Trd, 4319644.293, 112
Trd, 4319644.893, 88
Trd, 4319645.493, 92
Trd, 4319647.393, 87
Trd, 4319648.143, 87
Trd, 4319650.043, 105
Trd, 4319650.343, 87
Trd, 4319653.693, 87
Trd, 4319655.093, 86
Trd, 4319655.193, 89
Trd, 4319657.993, 77
Trd, 4319659.293, 74
Trd, 4319660.043, 88
Trd, 4319664.043, 91
Trd, 4319664.493, 82
Trd, 4319667.243, 97
Trd, 4319667.443, 88
Trd, 4319669.143, 106
Trd, 4319669.293, 104
Trd, 4319669.643, 84
Trd, 4319671.643, 111
Trd, 4319672.493, 80
Trd, 4319674.593, 84
Trd, 4319676.143, 86
Trd, 4319676.243, 85
Trd, 4319678.843, 90
Trd, 4319678.993, 103
Trd, 4319679.493, 89
Trd, 4319680.843, 114
Trd, 4319681.543, 94
Trd, 4319682.893, 93
Trd, 4319684.193, 112
Trd, 4319684.693, 91
Trd, 4319686.643, 91
Trd, 4319688.193, 112
Trd, 4319688.493, 93
Trd, 4319688.843, 93
Trd, 4319690.343, 86
Trd, 4319693.143, 79
Trd, 4319694.343, 80
Trd, 4319695.193, 92
Trd, 4319695.843, 78
Trd, 4319696.843, 101
Trd, 4319697.793, 121
Trd, 4319700.943, 81
Trd, 4319701.643, 82
Trd, 4319703.443, 83
Trd, 4319704.943, 116
Trd, 4319705.893, 94
Trd, 4319705.943, 120
Trd, 4319706.243, 93
Trd, 4319707.993, 101
Trd, 4319708.693, 90
Trd, 4319708.843, 89
Trd, 4319712.643, 86
Trd, 4319713.993, 71
Trd, 4319714.193, 90
Trd, 4319716.893, 107
Trd, 4319720.043, 104
Trd, 4319720.193, 102
Trd, 4319720.293, 97
Trd, 4319720.443, 105
Trd, 4319722.993, 98
Trd, 4319723.843, 95
Trd, 4319725.243, 90
Trd, 4319726.993, 86
Trd, 4319728.093, 71
Trd, 4319730.043, 103
Trd, 4319731.593, 91
Trd, 4319731.743, 81
Trd, 4319733.143, 81
Trd, 4319733.493, 77
Trd, 4319738.843, 87
Trd, 4319739.143, 86
Trd, 4319740.343, 86
Trd, 4319741.193, 102
Trd, 4319742.093, 88
Trd, 4319742.193, 85
Trd, 4319743.693, 111
Trd, 4319746.693, 88
Trd, 4319748.043, 93
Trd, 4319748.293, 92
Trd, 4319749.993, 91
Trd, 4319750.843, 106
Trd, 4319752.743, 86
Trd, 4319753.393, 97
Trd, 4319753.743, 104
Trd, 4319754.793, 82
Trd, 4319755.143, 83
Trd, 4319757.143, 95
Trd, 4319757.243, 92
Trd, 4319758.343, 96
Trd, 4319760.493, 90
Trd, 4319763.893, 105
Trd, 4319764.093, 104
Trd, 4319764.493, 99
Trd, 4319764.643, 108
Trd, 4319767.343, 88
Trd, 4319767.743, 86
Trd, 4319768.143, 86
Trd, 4319769.343, 78
Trd, 4319769.943, 121
Trd, 4319774.093, 84
Trd, 4319775.393, 84
Trd, 4319775.643, 87
Trd, 4319776.193, 89
Trd, 4319776.343, 95
Trd, 4319777.943, 89
Trd, 4319778.943, 90
Trd, 4319779.043, 89
Trd, 4319781.143, 100
Trd, 4319781.743, 86
Trd, 4319784.343, 85
Trd, 4319784.843, 82
Trd, 4319787.843, 75
Trd, 4319789.593, 81
Trd, 4319790.343, 79
Trd, 4319791.443, 92
Trd, 4319792.543, 85
Trd, 4319794.093, 87
Trd, 4319794.843, 93
Trd, 4319795.443, 102
Trd, 4319797.743, 89
Trd, 4319798.893, 109
Trd, 4319799.043, 106
Trd, 4319799.143, 112
Trd, 4319801.593, 98
Trd, 4319804.343, 93
Trd, 4319804.843, 108
Trd, 4319805.893, 88
Trd, 4319806.293, 86
Trd, 4319808.943, 106
Trd, 4319809.243, 89
Trd, 4319809.393, 85
Trd, 4319809.543, 81
Trd, 4319812.843, 87
Trd, 4319813.443, 87
Trd, 4319816.893, 89
Trd, 4319817.393, 91
Trd, 4319818.143, 95
Trd, 4319818.593, 95
Trd, 4319818.693, 89
Trd, 4319819.193, 113
Trd, 4319819.893, 86
Trd, 4319822.943, 100
Trd, 4319825.443, 106
Trd, 4319825.793, 103
Trd, 4319826.743, 96
Trd, 4319827.543, 104
Trd, 4319829.043, 108
Trd, 4319830.143, 101
Trd, 4319832.693, 102
Trd, 4319833.693, 109
Trd, 4319834.193, 100
Trd, 4319835.793, 106
Trd, 4319837.843, 104
Trd, 4319838.243, 96
Trd, 4319838.543, 87
Trd, 4319838.793, 86
Trd, 4319841.493, 70
Trd, 4319841.693, 103
Trd, 4319842.993, 86
Trd, 4319844.943, 86
Trd, 4319846.443, 93
Trd, 4319848.793, 102
Trd, 4319848.993, 91
Trd, 4319849.343, 92
Trd, 4319849.993, 90
Trd, 4319850.593, 104
Trd, 4319853.793, 89
Trd, 4319854.243, 111
Trd, 4319857.293, 91
Trd, 4319857.443, 90
Trd, 4319857.893, 100
Trd, 4319858.493, 86
Trd, 4319859.843, 89
Trd, 4319862.743, 90
Trd, 4319864.143, 82
Trd, 4319864.643, 107
Trd, 4319867.743, 87
Trd, 4319868.743, 91
Trd, 4319869.393, 88
Trd, 4319870.143, 88
Trd, 4319873.093, 94
Trd, 4319875.343, 95
Trd, 4319877.143, 95
Trd, 4319877.393, 95
Trd, 4319878.243, 101
Trd, 4319879.843, 86
Trd, 4319881.593, 89
Trd, 4319881.993, 91
Trd, 4319884.293, 91
Trd, 4319884.643, 105
Trd, 4319886.343, 91
Trd, 4319886.393, 90
Trd, 4319886.743, 114
Trd, 4319888.593, 90
Trd, 4319889.843, 67
Trd, 4319893.843, 85
Trd, 4319894.643, 86
Trd, 4319896.743, 90
Trd, 4319897.093, 88
Trd, 4319898.943, 98
Trd, 4319899.393, 89
Trd, 4319899.493, 86
Trd, 4319903.693, 96
Trd, 4319903.743, 97
Trd, 4319904.343, 122
Trd, 4319905.043, 97
Trd, 4319905.443, 99
Trd, 4319906.593, 96
Trd, 4319907.643, 95
Trd, 4319910.243, 86
Trd, 4319912.043, 88
Trd, 4319912.493, 102
Trd, 4319913.543, 104
Trd, 4319915.393, 86
Trd, 4319917.293, 91
Trd, 4319917.443, 84
Trd, 4319920.293, 89
Trd, 4319920.693, 88
Trd, 4319920.943, 86
Trd, 4319921.593, 95
Trd, 4319922.843, 112
Trd, 4319923.093, 88
Trd, 4319925.493, 67
Trd, 4319926.443, 89
Trd, 4319927.393, 88
Trd, 4319929.093, 87
Trd, 4319930.143, 95
Trd, 4319931.393, 91
Trd, 4319933.643, 88
Trd, 4319933.893, 102
Trd, 4319934.043, 87
Trd, 4319937.393, 84
Trd, 4319937.793, 85
Trd, 4319938.643, 86
Trd, 4319941.843, 89
Trd, 4319942.493, 85
Trd, 4319944.693, 88
Trd, 4319945.443, 87
Trd, 4319947.243, 86
Trd, 4319949.043, 114
Trd, 4319950.343, 95
Trd, 4319950.993, 95
Trd, 4319951.643, 95
Trd, 4319951.943, 87
Trd, 4319952.393, 104
Trd, 4319954.593, 82
Trd, 4319956.693, 89
Trd, 4319958.243, 90
Trd, 4319958.293, 95
Trd, 4319959.193, 104
Trd, 4319960.143, 95
Trd, 4319962.643, 95
Trd, 4319963.293, 109
Trd, 4319965.143, 92
Trd, 4319965.343, 91
Trd, 4319965.743, 88
Trd, 4319966.743, 83
Trd, 4319970.093, 87
Trd, 4319970.293, 87
Trd, 4319970.643, 103
Trd, 4319971.343, 86
Trd, 4319974.143, 96
Trd, 4319975.393, 97
Trd, 4319976.043, 113
Trd, 4319979.843, 77
Trd, 4319980.093, 76
Trd, 4319980.743, 95
Trd, 4319980.843, 78
Trd, 4319981.643, 71
Trd, 4319982.893, 72
Trd, 4319988.193, 79
Trd, 4319988.443, 92
Trd, 4319988.793, 78
Trd, 4319989.343, 95
Trd, 4319992.893, 86
Trd, 4319993.393, 86
Trd, 4319994.443, 86
Trd, 4319994.843, 91
Trd, 4319997.093, 87
Trd, 4319997.343, 85
