Trd, 4317982.493, 111
Trd, 4317983.143, 88
Trd, 4317983.393, 77
Trd, 4317984.243, 81
Trd, 4317985.343, 68
Trd, 4317987.993, 78
Trd, 4317990.393, 89
Trd, 4317991.043, 95
Trd, 4317991.393, 88
Trd, 4317991.843, 90
Trd, 4317992.243, 88
Trd, 4317993.143, 103
Trd, 4317993.643, 87
Trd, 4317994.243, 113
Trd, 4317994.793, 88
Trd, 4317995.093, 87
Trd, 4317996.393, 131
Trd, 4317997.493, 87
Trd, 4317999.543, 87
Trd, 4318002.193, 87
Trd, 4318002.293, 95
Trd, 4318002.843, 97
Trd, 4318002.893, 87
Trd, 4318005.693, 87
Trd, 4318006.443, 86
Trd, 4318006.493, 113
Trd, 4318006.593, 77
Trd, 4318008.393, 71
Trd, 4318009.043, 87
Trd, 4318009.193, 107
Trd, 4318011.993, 97
Trd, 4318012.893, 97
Trd, 4318013.093, 110
Trd, 4318013.693, 96
Trd, 4318015.243, 103
Trd, 4318015.893, 89
Trd, 4318017.693, 80
Trd, 4318018.843, 82
Trd, 4318020.043, 86
Trd, 4318021.993, 104
Trd, 4318023.493, 88
Trd, 4318024.093, 91
Trd, 4318025.643, 95
Trd, 4318026.143, 104
Trd, 4318026.743, 113
Trd, 4318027.493, 92
Trd, 4318028.393, 88
Trd, 4318028.993, 114
Trd, 4318029.593, 114
Trd, 4318030.443, 113
Trd, 4318031.343, 87
Trd, 4318032.293, 108
Trd, 4318034.093, 86
Trd, 4318034.793, 86
Trd, 4318036.393, 104
Trd, 4318036.943, 94
Trd, 4318036.993, 89
Trd, 4318037.643, 89
Trd, 4318038.443, 89
Trd, 4318040.243, 102
Trd, 4318042.043, 85
Trd, 4318042.293, 86
Trd, 4318042.643, 113
Trd, 4318043.343, 122
Trd, 4318044.793, 88
Trd, 4318045.043, 85
Trd, 4318046.843, 110
Trd, 4318048.643, 90
Trd, 4318049.793, 94
Trd, 4318050.093, 92
Trd, 4318050.393, 113
Trd, 4318051.293, 92
Trd, 4318051.593, 92
Trd, 4318051.943, 110
Trd, 4318053.143, 114
Trd, 4318053.893, 86
Trd, 4318055.993, 76
Trd, 4318057.643, 87
Trd, 4318057.943, 79
Trd, 4318059.043, 81
Trd, 4318060.143, 112
Trd, 4318062.043, 86
Trd, 4318064.343, 95
Trd, 4318065.543, 94
Trd, 4318065.643, 94
Trd, 4318066.943, 102
Trd, 4318067.543, 97
Trd, 4318069.743, 96
Trd, 4318069.993, 105
Trd, 4318070.743, 97
Trd, 4318071.793, 113
Trd, 4318072.643, 98
Trd, 4318073.893, 97
Trd, 4318074.093, 85
Trd, 4318075.993, 103
Trd, 4318076.243, 84
Trd, 4318077.043, 84
Trd, 4318077.793, 91
Trd, 4318078.193, 113
Trd, 4318080.993, 94
Trd, 4318081.293, 94
Trd, 4318081.893, 93
Trd, 4318082.593, 95
Trd, 4318083.543, 87
Trd, 4318084.443, 104
Trd, 4318086.343, 88
Trd, 4318086.943, 88
Trd, 4318087.143, 84
Trd, 4318089.343, 86
Trd, 4318092.093, 92
Trd, 4318092.293, 91
Trd, 4318092.543, 91
Trd, 4318093.243, 95
Trd, 4318093.593, 113
Trd, 4318095.393, 103
Trd, 4318096.343, 86
Trd, 4318098.093, 86
Trd, 4318099.593, 88
Trd, 4318100.043, 90
Trd, 4318100.943, 108
Trd, 4318102.893, 100
Trd, 4318104.243, 95
Trd, 4318104.343, 116
Trd, 4318105.543, 87
Trd, 4318106.093, 131
Trd, 4318107.043, 104
Trd, 4318107.443, 88
Trd, 4318107.643, 85
Trd, 4318111.093, 84
Trd, 4318111.443, 86
Trd, 4318112.293, 87
Trd, 4318112.843, 104
Trd, 4318113.443, 104
Trd, 4318114.793, 87
Trd, 4318115.443, 88
Trd, 4318116.693, 89
Trd, 4318118.093, 113
Trd, 4318118.793, 87
Trd, 4318119.093, 86
Trd, 4318119.493, 104
Trd, 4318122.043, 86
Trd, 4318122.193, 104
Trd, 4318122.543, 81
Trd, 4318124.493, 85
Trd, 4318125.193, 84
Trd, 4318126.593, 90
Trd, 4318128.293, 83
Trd, 4318130.743, 106
Trd, 4318130.993, 88
Trd, 4318131.593, 87
Trd, 4318132.243, 112
Trd, 4318132.643, 87
Trd, 4318133.343, 86
Trd, 4318135.193, 114
Trd, 4318136.343, 112
Trd, 4318136.593, 88
Trd, 4318136.693, 78
Trd, 4318136.793, 77
Trd, 4318139.443, 94
Trd, 4318139.943, 105
Trd, 4318139.993, 92
Trd, 4318140.643, 92
Trd, 4318141.843, 103
Trd, 4318145.993, 99
Trd, 4318146.343, 87
Trd, 4318147.693, 86
Trd, 4318148.393, 86
Trd, 4318151.143, 104
Trd, 4318151.593, 108
Trd, 4318153.093, 90
Trd, 4318153.543, 86
Trd, 4318154.943, 88
Trd, 4318155.693, 77
Trd, 4318156.093, 91
Trd, 4318156.543, 95
Trd, 4318156.793, 113
Trd, 4318158.493, 86
Trd, 4318159.143, 79
Trd, 4318160.093, 78
Trd, 4318162.343, 80
Trd, 4318163.243, 75
Trd, 4318164.043, 86
Trd, 4318164.993, 95
Trd, 4318165.593, 113
Trd, 4318166.343, 89
Trd, 4318168.343, 92
Trd, 4318168.593, 106
Trd, 4318169.543, 86
Trd, 4318170.193, 81
Trd, 4318171.043, 85
Trd, 4318171.193, 95
Trd, 4318174.193, 88
Trd, 4318174.743, 88
Trd, 4318175.043, 95
Trd, 4318176.743, 95
Trd, 4318177.143, 87
Trd, 4318177.693, 87
Trd, 4318179.343, 105
Trd, 4318180.043, 91
Trd, 4318180.943, 121
Trd, 4318182.493, 113
Trd, 4318184.343, 92
Trd, 4318184.443, 92
Trd, 4318186.893, 98
Trd, 4318187.493, 96
Trd, 4318187.893, 96
Trd, 4318188.793, 113
Trd, 4318189.993, 88
Trd, 4318190.793, 77
Trd, 4318192.393, 104
Trd, 4318193.593, 108
Trd, 4318194.843, 131
Trd, 4318195.393, 98
Trd, 4318195.543, 97
Trd, 4318196.093, 93
Trd, 4318199.493, 138
Trd, 4318199.843, 131
Trd, 4318200.843, 113
Trd, 4318202.293, 113
Trd, 4318202.343, 113
Trd, 4318203.593, 105
Trd, 4318205.043, 96
Trd, 4318206.543, 89
Trd, 4318207.293, 90
Trd, 4318207.843, 86
Trd, 4318210.143, 91
Trd, 4318210.743, 95
Trd, 4318211.643, 89
Trd, 4318211.993, 113
Trd, 4318213.493, 93
Trd, 4318213.693, 90
Trd, 4318214.393, 68
Trd, 4318215.443, 78
Trd, 4318215.693, 110
Trd, 4318218.593, 86
Trd, 4318220.093, 86
Trd, 4318220.293, 80
Trd, 4318220.593, 81
Trd, 4318220.893, 95
Trd, 4318221.643, 81
Trd, 4318222.943, 77
Trd, 4318225.643, 103
Trd, 4318225.893, 106
Trd, 4318226.343, 89
Trd, 4318226.443, 88
Trd, 4318227.443, 121
Trd, 4318227.643, 72
Trd, 4318228.943, 113
Trd, 4318231.543, 98
Trd, 4318233.493, 98
Trd, 4318233.943, 105
Trd, 4318234.893, 79
Trd, 4318234.993, 113
Trd, 4318236.093, 80
Trd, 4318238.743, 91
Trd, 4318239.143, 91
Trd, 4318239.593, 86
Trd, 4318241.093, 102
Trd, 4318241.343, 104
Trd, 4318243.043, 85
Trd, 4318243.243, 83
Trd, 4318243.943, 85
Trd, 4318244.893, 86
Trd, 4318245.343, 112
Trd, 4318245.443, 113
Trd, 4318247.943, 80
Trd, 4318248.093, 107
Trd, 4318248.343, 68
Trd, 4318250.443, 89
Trd, 4318250.843, 72
Trd, 4318253.193, 85
Trd, 4318254.343, 91
Trd, 4318254.393, 84
Trd, 4318255.243, 82
Trd, 4318255.593, 95
Trd, 4318257.193, 104
Trd, 4318258.693, 82
Trd, 4318260.293, 74
Trd, 4318260.843, 79
Trd, 4318260.893, 95
Trd, 4318262.543, 77
Trd, 4318263.543, 86
Trd, 4318263.993, 90
Trd, 4318264.643, 95
Trd, 4318265.543, 78
Trd, 4318268.143, 87
Trd, 4318268.843, 110
Trd, 4318269.043, 89
Trd, 4318270.193, 86
Trd, 4318271.643, 86
Trd, 4318272.193, 105
Trd, 4318272.693, 113
Trd, 4318273.543, 85
Trd, 4318275.043, 87
Trd, 4318275.193, 86
Trd, 4318275.843, 105
Trd, 4318276.643, 86
Trd, 4318278.143, 104
Trd, 4318278.793, 88
Trd, 4318278.993, 112
Trd, 4318279.043, 86
Trd, 4318280.793, 88
Trd, 4318281.993, 91
Trd, 4318283.893, 106
Trd, 4318284.993, 112
Trd, 4318286.243, 98
Trd, 4318286.343, 95
Trd, 4318287.443, 88
Trd, 4318288.043, 88
Trd, 4318290.093, 91
Trd, 4318292.193, 95
Trd, 4318292.293, 104
Trd, 4318293.493, 98
Trd, 4318295.143, 98
Trd, 4318295.343, 97
Trd, 4318295.843, 112
Trd, 4318296.493, 107
Trd, 4318297.643, 96
Trd, 4318298.493, 113
Trd, 4318299.093, 112
Trd, 4318300.343, 122
Trd, 4318302.193, 105
Trd, 4318303.793, 106
Trd, 4318304.243, 95
Trd, 4318304.643, 113
Trd, 4318305.643, 88
Trd, 4318306.193, 86
Trd, 4318308.343, 91
Trd, 4318308.843, 89
Trd, 4318310.693, 89
Trd, 4318310.993, 111
Trd, 4318313.043, 91
Trd, 4318313.693, 88
Trd, 4318314.093, 77
Trd, 4318314.243, 107
Trd, 4318316.143, 90
Trd, 4318316.643, 120
Trd, 4318317.393, 112
Trd, 4318317.993, 110
Trd, 4318320.443, 99
Trd, 4318321.193, 104
Trd, 4318321.543, 103
Trd, 4318321.843, 104
Trd, 4318321.893, 95
Trd, 4318324.593, 85
Trd, 4318325.793, 111
Trd, 4318326.393, 113
Trd, 4318327.593, 104
Trd, 4318328.393, 97
Trd, 4318329.093, 96
Trd, 4318329.143, 95
Trd, 4318330.743, 113
Trd, 4318331.743, 86
Trd, 4318332.843, 89
Trd, 4318332.993, 110
Trd, 4318334.593, 88
Trd, 4318337.293, 105
Trd, 4318337.493, 113
Trd, 4318337.843, 93
Trd, 4318337.943, 91
Trd, 4318338.343, 113
Trd, 4318338.693, 87
Trd, 4318343.043, 104
Trd, 4318343.343, 98
Trd, 4318344.143, 103
Trd, 4318344.293, 97
Trd, 4318345.393, 99
Trd, 4318345.993, 98
Trd, 4318347.593, 110
Trd, 4318347.943, 98
Trd, 4318348.693, 95
Trd, 4318350.493, 86
Trd, 4318351.043, 69
Trd, 4318351.643, 77
Trd, 4318352.593, 104
Trd, 4318353.793, 119
Trd, 4318353.943, 89
Trd, 4318355.543, 92
Trd, 4318357.893, 96
Trd, 4318358.493, 90
Trd, 4318359.093, 101
Trd, 4318359.493, 94
Trd, 4318360.043, 113
Trd, 4318361.693, 95
Trd, 4318362.543, 102
Trd, 4318362.893, 89
Trd, 4318364.143, 105
Trd, 4318364.343, 88
Trd, 4318365.993, 86
Trd, 4318366.543, 69
Trd, 4318368.593, 92
Trd, 4318369.343, 76
Trd, 4318369.643, 95
Trd, 4318371.993, 83
Trd, 4318372.193, 87
Trd, 4318373.143, 85
Trd, 4318375.493, 92
Trd, 4318375.893, 109
Trd, 4318376.393, 92
Trd, 4318377.593, 92
Trd, 4318378.843, 105
Trd, 4318379.443, 89
Trd, 4318380.243, 86
Trd, 4318381.443, 86
Trd, 4318381.893, 78
Trd, 4318383.743, 75
Trd, 4318384.343, 105
Trd, 4318385.593, 108
Trd, 4318388.493, 86
Trd, 4318388.643, 86
Trd, 4318391.193, 86
Trd, 4318391.843, 87
Trd, 4318391.993, 104
Trd, 4318394.093, 119
Trd, 4318394.593, 119
Trd, 4318395.243, 114
Trd, 4318396.543, 112
Trd, 4318397.543, 89
Trd, 4318398.043, 106
Trd, 4318401.093, 94
Trd, 4318401.393, 86
Trd, 4318403.043, 85
Trd, 4318403.143, 104
Trd, 4318404.843, 90
Trd, 4318405.943, 113
Trd, 4318405.993, 92
Trd, 4318407.893, 115
Trd, 4318408.543, 114
Trd, 4318408.843, 112
Trd, 4318410.293, 95
Trd, 4318413.493, 88
Trd, 4318414.243, 102
Trd, 4318414.393, 88
Trd, 4318415.093, 89
Trd, 4318415.193, 104
Trd, 4318415.843, 87
Trd, 4318415.993, 86
Trd, 4318416.943, 67
Trd, 4318419.093, 77
Trd, 4318419.743, 95
Trd, 4318420.143, 120
Trd, 4318422.543, 69
Trd, 4318422.643, 78
Trd, 4318424.393, 75
Trd, 4318425.593, 95
Trd, 4318425.693, 105
Trd, 4318425.843, 84
Trd, 4318426.643, 87
Trd, 4318426.843, 84
Trd, 4318427.393, 77
Trd, 4318430.743, 92
Trd, 4318431.393, 105
Trd, 4318431.693, 95
Trd, 4318431.893, 106
Trd, 4318432.093, 95
Trd, 4318434.993, 89
Trd, 4318435.543, 90
Trd, 4318436.193, 105
Trd, 4318437.193, 91
Trd, 4318437.943, 90
Trd, 4318438.393, 117
Trd, 4318440.193, 93
Trd, 4318441.693, 99
Trd, 4318441.743, 97
Trd, 4318442.193, 105
Trd, 4318443.193, 133
Trd, 4318444.793, 97
Trd, 4318444.843, 95
Trd, 4318445.543, 86
Trd, 4318447.043, 83
Trd, 4318448.443, 105
Trd, 4318449.443, 89
Trd, 4318449.993, 91
Trd, 4318450.693, 106
Trd, 4318451.543, 91
Trd, 4318452.143, 87
Trd, 4318452.643, 92
Trd, 4318454.593, 122
Trd, 4318456.343, 96
Trd, 4318457.693, 98
Trd, 4318458.143, 96
Trd, 4318458.393, 95
Trd, 4318459.643, 104
Trd, 4318459.993, 88
Trd, 4318461.393, 103
Trd, 4318462.443, 90
Trd, 4318462.543, 113
Trd, 4318462.793, 77
Trd, 4318464.343, 87
Trd, 4318466.893, 92
Trd, 4318467.493, 110
Trd, 4318467.693, 90
Trd, 4318467.843, 113
Trd, 4318468.693, 89
Trd, 4318471.193, 93
Trd, 4318471.993, 86
Trd, 4318472.693, 80
Trd, 4318474.343, 85
Trd, 4318475.343, 96
Trd, 4318475.643, 87
Trd, 4318476.793, 113
Trd, 4318476.993, 88
Trd, 4318478.143, 89
Trd, 4318478.743, 107
Trd, 4318479.593, 90
Trd, 4318479.843, 86
Trd, 4318482.893, 86
Trd, 4318484.193, 95
Trd, 4318484.343, 78
Trd, 4318485.143, 80
Trd, 4318485.543, 78
Trd, 4318486.443, 87
Trd, 4318487.593, 89
Trd, 4318487.943, 113
Trd, 4318490.143, 89
Trd, 4318491.943, 106
Trd, 4318492.993, 93
Trd, 4318493.943, 95
Trd, 4318493.993, 94
Trd, 4318496.893, 117
Trd, 4318497.593, 115
Trd, 4318498.093, 113
Trd, 4318498.743, 95
Trd, 4318499.343, 113
Trd, 4318501.893, 121
Trd, 4318502.793, 95
Trd, 4318502.843, 94
Trd, 4318504.493, 113
Trd, 4318506.443, 93
Trd, 4318506.793, 94
Trd, 4318506.893, 97
Trd, 4318507.443, 93
Trd, 4318507.943, 102
Trd, 4318507.993, 92
Trd, 4318508.343, 105
Trd, 4318509.643, 92
Trd, 4318510.943, 98
Trd, 4318513.193, 98
Trd, 4318513.993, 96
Trd, 4318514.843, 113
Trd, 4318515.543, 89
Trd, 4318516.193, 88
Trd, 4318517.193, 104
Trd, 4318517.643, 89
Trd, 4318520.443, 93
Trd, 4318520.993, 94
Trd, 4318521.393, 93
Trd, 4318521.943, 121
Trd, 4318523.093, 115
Trd, 4318523.243, 113
Trd, 4318524.893, 116
Trd, 4318525.893, 87
Trd, 4318526.143, 112
Trd, 4318528.193, 105
Trd, 4318529.243, 95
Trd, 4318530.143, 94
Trd, 4318530.393, 110
Trd, 4318530.993, 93
Trd, 4318532.143, 97
Trd, 4318532.643, 93
Trd, 4318534.743, 86
Trd, 4318536.343, 110
Trd, 4318537.043, 96
Trd, 4318537.343, 112
Trd, 4318537.643, 95
Trd, 4318537.793, 113
Trd, 4318537.893, 94
Trd, 4318538.543, 122
Trd, 4318538.893, 95
Trd, 4318541.843, 89
Trd, 4318542.393, 89
Trd, 4318545.493, 106
Trd, 4318545.943, 100
Trd, 4318546.243, 96
Trd, 4318546.393, 107
Trd, 4318547.693, 98
Trd, 4318547.793, 96
Trd, 4318548.543, 95
Trd, 4318548.993, 113
Trd, 4318549.343, 91
Trd, 4318552.093, 87
Trd, 4318552.443, 88
Trd, 4318554.693, 89
Trd, 4318557.343, 98
Trd, 4318558.443, 109
Trd, 4318558.893, 107
Trd, 4318558.943, 97
Trd, 4318559.693, 112
Trd, 4318560.343, 86
Trd, 4318563.093, 82
Trd, 4318563.193, 80
Trd, 4318563.593, 79
Trd, 4318563.893, 78
Trd, 4318565.443, 107
Trd, 4318567.593, 71
Trd, 4318568.293, 86
Trd, 4318568.443, 89
Trd, 4318568.593, 95
Trd, 4318572.193, 84
Trd, 4318572.243, 89
Trd, 4318573.343, 86
Trd, 4318573.743, 88
Trd, 4318574.893, 112
Trd, 4318575.643, 104
Trd, 4318577.993, 92
Trd, 4318578.293, 91
Trd, 4318579.343, 89
Trd, 4318579.543, 87
Trd, 4318579.743, 121
Trd, 4318580.243, 122
Trd, 4318581.343, 113
Trd, 4318581.743, 112
Trd, 4318582.943, 86
Trd, 4318586.093, 87
Trd, 4318586.193, 120
Trd, 4318587.093, 107
Trd, 4318587.793, 90
Trd, 4318588.143, 89
Trd, 4318589.043, 86
Trd, 4318589.593, 90
Trd, 4318591.343, 79
Trd, 4318591.993, 86
Trd, 4318593.143, 90
Trd, 4318593.793, 90
Trd, 4318595.793, 90
Trd, 4318597.043, 103
Trd, 4318597.343, 89
Trd, 4318597.643, 104
Trd, 4318598.343, 88
Trd, 4318598.593, 86
Trd, 4318600.693, 113
Trd, 4318601.293, 104
Trd, 4318601.793, 95
Trd, 4318602.193, 116
Trd, 4318605.343, 89
Trd, 4318606.243, 120
Trd, 4318607.043, 93
Trd, 4318607.793, 113
Trd, 4318607.893, 93
Trd, 4318609.493, 87
Trd, 4318611.343, 104
Trd, 4318611.993, 112
Trd, 4318612.243, 88
Trd, 4318614.293, 89
Trd, 4318614.793, 90
Trd, 4318615.143, 88
Trd, 4318615.793, 91
Trd, 4318616.993, 85
Trd, 4318619.343, 89
Trd, 4318621.693, 83
Trd, 4318621.893, 104
Trd, 4318621.993, 86
Trd, 4318622.893, 108
Trd, 4318623.643, 88
Trd, 4318624.293, 91
Trd, 4318626.393, 110
Trd, 4318627.643, 98
Trd, 4318627.943, 98
Trd, 4318628.693, 113
Trd, 4318628.743, 95
Trd, 4318632.493, 91
Trd, 4318633.243, 87
Trd, 4318633.743, 107
Trd, 4318634.393, 88
Trd, 4318634.643, 87
Trd, 4318635.643, 82
Trd, 4318638.343, 105
Trd, 4318638.643, 89
Trd, 4318639.093, 87
Trd, 4318639.693, 90
Trd, 4318640.593, 105
Trd, 4318640.793, 89
Trd, 4318640.843, 88
Trd, 4318642.693, 86
Trd, 4318643.893, 84
Trd, 4318645.243, 73
Trd, 4318646.793, 74
Trd, 4318648.243, 93
Trd, 4318648.343, 95
Trd, 4318648.943, 78
Trd, 4318650.693, 86
Trd, 4318651.793, 87
Trd, 4318653.043, 110
Trd, 4318654.143, 90
Trd, 4318654.293, 89
Trd, 4318656.693, 87
Trd, 4318656.993, 107
Trd, 4318657.443, 111
Trd, 4318657.593, 92
Trd, 4318657.793, 87
Trd, 4318658.993, 109
Trd, 4318660.643, 92
Trd, 4318661.643, 104
Trd, 4318662.343, 88
Trd, 4318662.993, 87
Trd, 4318664.993, 90
Trd, 4318665.293, 112
Trd, 4318666.293, 89
Trd, 4318666.643, 86
Trd, 4318667.943, 82
Trd, 4318668.293, 111
Trd, 4318668.643, 79
Trd, 4318668.843, 113
Trd, 4318669.943, 77
Trd, 4318671.243, 104
Trd, 4318672.843, 74
Trd, 4318673.743, 74
Trd, 4318674.843, 86
Trd, 4318675.543, 95
Trd, 4318675.643, 70
Trd, 4318676.893, 79
Trd, 4318678.243, 108
Trd, 4318679.793, 81
Trd, 4318680.193, 80
Trd, 4318681.193, 90
Trd, 4318681.393, 77
Trd, 4318683.593, 89
Trd, 4318685.293, 88
Trd, 4318687.493, 94
Trd, 4318687.643, 112
Trd, 4318688.193, 107
Trd, 4318688.243, 94
Trd, 4318689.143, 96
Trd, 4318689.793, 95
Trd, 4318693.043, 98
Trd, 4318693.693, 104
Trd, 4318693.943, 86
Trd, 4318694.943, 89
Trd, 4318695.143, 90
Trd, 4318696.093, 91
Trd, 4318697.443, 91
Trd, 4318697.743, 105
Trd, 4318699.343, 88
Trd, 4318699.743, 113
Trd, 4318699.793, 87
Trd, 4318700.743, 122
Trd, 4318701.443, 90
Trd, 4318702.593, 89
Trd, 4318703.343, 86
Trd, 4318705.693, 88
Trd, 4318707.993, 79
Trd, 4318709.443, 80
Trd, 4318710.443, 81
Trd, 4318710.743, 87
Trd, 4318710.993, 112
Trd, 4318711.843, 82
Trd, 4318712.543, 113
Trd, 4318713.693, 113
Trd, 4318714.243, 104
Trd, 4318714.543, 78
Trd, 4318718.043, 102
Trd, 4318719.443, 92
Trd, 4318719.593, 92
Trd, 4318719.743, 92
Trd, 4318720.593, 107
Trd, 4318721.593, 109
Trd, 4318722.043, 95
Trd, 4318722.493, 86
Trd, 4318723.443, 72
Trd, 4318724.543, 80
Trd, 4318725.143, 95
Trd, 4318726.093, 86
Trd, 4318728.793, 83
Trd, 4318728.893, 81
Trd, 4318729.843, 100
Trd, 4318730.643, 113
Trd, 4318732.593, 88
Trd, 4318733.293, 82
Trd, 4318734.143, 78
Trd, 4318734.393, 78
Trd, 4318736.393, 94
Trd, 4318737.343, 95
Trd, 4318737.393, 94
Trd, 4318737.543, 86
Trd, 4318738.343, 109
Trd, 4318740.293, 87
Trd, 4318742.893, 101
Trd, 4318743.093, 88
Trd, 4318743.193, 87
Trd, 4318744.043, 89
Trd, 4318746.543, 102
Trd, 4318747.043, 95
Trd, 4318747.243, 96
Trd, 4318747.993, 93
Trd, 4318748.393, 105
Trd, 4318750.193, 113
Trd, 4318751.843, 95
Trd, 4318753.743, 104
Trd, 4318754.393, 88
Trd, 4318755.093, 86
Trd, 4318755.493, 87
Trd, 4318756.593, 106
Trd, 4318758.093, 79
Trd, 4318760.693, 82
Trd, 4318760.993, 81
Trd, 4318761.543, 87
Trd, 4318761.643, 95
Trd, 4318762.593, 86
Trd, 4318762.843, 110
Trd, 4318763.393, 113
Trd, 4318764.343, 78
Trd, 4318765.693, 87
Trd, 4318767.193, 107
Trd, 4318767.743, 89
Trd, 4318768.443, 86
Trd, 4318769.643, 83
Trd, 4318769.893, 81
Trd, 4318771.693, 90
Trd, 4318772.443, 111
Trd, 4318772.943, 90
Trd, 4318773.043, 86
Trd, 4318774.443, 104
Trd, 4318774.743, 68
Trd, 4318775.793, 72
Trd, 4318777.343, 86
Trd, 4318779.393, 113
Trd, 4318781.043, 106
Trd, 4318781.793, 86
Trd, 4318782.043, 83
Trd, 4318783.843, 90
Trd, 4318784.093, 110
Trd, 4318785.643, 95
Trd, 4318786.593, 113
Trd, 4318787.943, 100
Trd, 4318788.343, 97
Trd, 4318788.693, 113
Trd, 4318788.893, 95
Trd, 4318789.243, 122
Trd, 4318789.893, 88
Trd, 4318790.393, 85
Trd, 4318795.243, 84
Trd, 4318795.943, 87
Trd, 4318796.193, 95
Trd, 4318797.193, 90
Trd, 4318798.093, 90
Trd, 4318800.643, 115
Trd, 4318801.043, 113
Trd, 4318802.543, 95
Trd, 4318802.943, 117
Trd, 4318803.093, 88
Trd, 4318803.293, 87
Trd, 4318803.643, 85
Trd, 4318805.393, 80
Trd, 4318805.793, 105
Trd, 4318807.043, 82
Trd, 4318807.243, 109
Trd, 4318810.293, 90
Trd, 4318810.643, 104
Trd, 4318811.543, 77
Trd, 4318813.443, 84
Trd, 4318813.543, 86
Trd, 4318813.843, 106
Trd, 4318815.243, 106
Trd, 4318816.493, 105
Trd, 4318817.943, 91
Trd, 4318818.093, 113
Trd, 4318818.643, 91
Trd, 4318818.743, 86
Trd, 4318819.693, 113
Trd, 4318821.543, 69
Trd, 4318824.943, 104
Trd, 4318826.193, 112
Trd, 4318826.793, 100
Trd, 4318827.243, 99
Trd, 4318827.593, 95
Trd, 4318829.043, 90
Trd, 4318829.793, 87
Trd, 4318831.193, 112
Trd, 4318831.443, 85
Trd, 4318832.243, 87
Trd, 4318833.543, 105
Trd, 4318833.893, 89
Trd, 4318834.593, 77
Trd, 4318835.393, 88
Trd, 4318836.743, 69
Trd, 4318837.693, 71
Trd, 4318839.293, 95
Trd, 4318839.393, 72
Trd, 4318839.943, 75
Trd, 4318840.043, 109
Trd, 4318843.693, 92
Trd, 4318843.843, 91
Trd, 4318845.043, 106
Trd, 4318845.443, 90
Trd, 4318846.343, 86
Trd, 4318848.193, 84
Trd, 4318848.743, 109
Trd, 4318850.193, 87
Trd, 4318850.643, 107
Trd, 4318852.443, 79
Trd, 4318854.693, 87
Trd, 4318855.793, 89
Trd, 4318857.493, 89
Trd, 4318858.043, 88
Trd, 4318858.293, 104
Trd, 4318860.293, 91
Trd, 4318860.693, 90
Trd, 4318860.943, 86
Trd, 4318862.093, 95
Trd, 4318862.843, 77
Trd, 4318864.393, 86
Trd, 4318866.193, 87
Trd, 4318866.543, 77
Trd, 4318867.143, 79
Trd, 4318869.493, 104
Trd, 4318869.843, 94
Trd, 4318872.243, 99
Trd, 4318872.393, 110
Trd, 4318873.643, 100
Trd, 4318874.243, 79
Trd, 4318875.593, 113
Trd, 4318876.343, 90
Trd, 4318876.943, 122
Trd, 4318877.393, 95
Trd, 4318877.643, 94
Trd, 4318879.443, 86
Trd, 4318880.243, 113
Trd, 4318880.443, 86
Trd, 4318883.793, 80
Trd, 4318885.743, 104
Trd, 4318885.893, 104
Trd, 4318886.243, 84
Trd, 4318886.843, 82
Trd, 4318886.943, 87
Trd, 4318887.893, 87
Trd, 4318889.343, 88
Trd, 4318891.293, 102
Trd, 4318891.443, 88
Trd, 4318893.143, 91
Trd, 4318894.693, 96
Trd, 4318894.743, 94
Trd, 4318895.643, 113
Trd, 4318897.093, 114
Trd, 4318897.493, 113
Trd, 4318898.743, 113
Trd, 4318898.943, 104
Trd, 4318899.143, 82
Trd, 4318900.743, 86
Trd, 4318900.993, 85
Trd, 4318902.893, 88
Trd, 4318904.043, 109
Trd, 4318905.493, 91
Trd, 4318907.043, 89
Trd, 4318908.843, 111
Trd, 4318908.893, 113
Trd, 4318909.243, 92
Trd, 4318910.193, 94
Trd, 4318912.543, 104
Trd, 4318912.843, 97
Trd, 4318913.143, 96
Trd, 4318914.693, 98
Trd, 4318915.243, 105
Trd, 4318915.593, 106
Trd, 4318917.093, 99
Trd, 4318918.093, 104
Trd, 4318920.293, 101
Trd, 4318920.393, 100
Trd, 4318921.593, 95
Trd, 4318921.643, 109
Trd, 4318923.293, 110
Trd, 4318923.793, 91
Trd, 4318924.193, 90
Trd, 4318925.143, 89
Trd, 4318925.393, 113
Trd, 4318925.693, 86
Trd, 4318926.793, 79
Trd, 4318929.243, 87
Trd, 4318929.493, 90
Trd, 4318930.843, 95
Trd, 4318932.293, 87
Trd, 4318932.493, 86
Trd, 4318933.043, 107
Trd, 4318933.443, 82
Trd, 4318937.193, 84
Trd, 4318937.243, 86
Trd, 4318939.043, 87
Trd, 4318940.293, 95
Trd, 4318940.693, 89
Trd, 4318941.243, 89
Trd, 4318941.893, 104
Trd, 4318942.543, 77
Trd, 4318944.143, 70
Trd, 4318944.643, 111
Trd, 4318944.743, 85
Trd, 4318948.693, 87
Trd, 4318949.293, 95
Trd, 4318949.443, 91
Trd, 4318949.693, 89
Trd, 4318950.193, 113
Trd, 4318950.493, 87
Trd, 4318950.543, 113
Trd, 4318952.943, 86
Trd, 4318952.993, 85
Trd, 4318954.443, 90
Trd, 4318955.693, 88
Trd, 4318955.793, 86
Trd, 4318957.193, 112
Trd, 4318958.793, 82
Trd, 4318958.993, 105
Trd, 4318959.493, 82
Trd, 4318960.143, 80
Trd, 4318962.243, 119
Trd, 4318963.043, 88
Trd, 4318963.443, 89
Trd, 4318964.343, 113
Trd, 4318965.543, 113
Trd, 4318968.243, 93
Trd, 4318969.543, 93
Trd, 4318970.243, 100
Trd, 4318970.343, 93
Trd, 4318970.543, 113
Trd, 4318970.793, 86
Trd, 4318972.443, 71
Trd, 4318974.043, 74
Trd, 4318975.043, 79
Trd, 4318976.193, 92
Trd, 4318976.393, 83
Trd, 4318979.593, 98
Trd, 4318979.743, 105
Trd, 4318979.893, 97
Trd, 4318980.843, 96
Trd, 4318982.143, 100
Trd, 4318982.543, 99
Trd, 4318984.043, 122
Trd, 4318984.343, 86
Trd, 4318985.093, 113
Trd, 4318986.293, 113
Trd, 4318988.043, 84
Trd, 4318989.093, 92
Trd, 4318991.843, 98
Trd, 4318993.343, 103
Trd, 4318993.743, 105
Trd, 4318994.143, 113
Trd, 4318994.693, 104
Trd, 4318995.493, 102
Trd, 4318995.743, 86
Trd, 4318996.843, 80
Trd, 4318998.343, 94
Trd, 4318999.443, 87
Trd, 4318999.943, 87
Trd, 4319000.793, 87
Trd, 4319001.393, 105
Trd, 4319004.393, 104
Trd, 4319004.993, 93
Trd, 4319005.493, 112
Trd, 4319005.593, 86
Trd, 4319006.043, 87
Trd, 4319006.793, 87
Trd, 4319008.193, 85
Trd, 4319008.243, 104
Trd, 4319008.943, 113
Trd, 4319010.593, 84
Trd, 4319012.993, 86
Trd, 4319013.193, 95
Trd, 4319013.743, 85
Trd, 4319014.493, 87
Trd, 4319015.493, 88
Trd, 4319016.993, 102
Trd, 4319017.093, 105
Trd, 4319017.993, 77
Trd, 4319018.643, 69
Trd, 4319018.993, 87
Trd, 4319021.593, 77
Trd, 4319022.743, 86
Trd, 4319023.993, 101
Trd, 4319024.143, 85
Trd, 4319024.893, 85
Trd, 4319026.643, 113
Trd, 4319027.143, 125
Trd, 4319028.593, 110
Trd, 4319028.943, 105
Trd, 4319029.493, 86
Trd, 4319032.543, 79
Trd, 4319034.193, 84
Trd, 4319034.443, 84
Trd, 4319036.143, 91
Trd, 4319036.193, 105
Trd, 4319037.193, 89
Trd, 4319037.343, 77
Trd, 4319040.343, 74
Trd, 4319040.493, 84
Trd, 4319040.743, 86
Trd, 4319043.193, 90
Trd, 4319044.443, 87
Trd, 4319044.893, 86
Trd, 4319045.843, 95
Trd, 4319047.393, 89
Trd, 4319049.043, 85
Trd, 4319050.843, 104
Trd, 4319051.743, 117
Trd, 4319051.793, 116
Trd, 4319052.593, 113
Trd, 4319053.293, 87
Trd, 4319054.343, 87
Trd, 4319054.593, 105
Trd, 4319055.893, 90
Trd, 4319057.493, 95
Trd, 4319059.093, 109
Trd, 4319059.343, 100
Trd, 4319060.793, 101
Trd, 4319061.643, 91
Trd, 4319062.193, 89
Trd, 4319063.693, 91
Trd, 4319065.343, 94
Trd, 4319065.443, 93
Trd, 4319066.043, 92
Trd, 4319066.143, 109
Trd, 4319068.993, 84
Trd, 4319069.793, 88
Trd, 4319071.943, 90
Trd, 4319072.243, 88
Trd, 4319072.743, 87
Trd, 4319074.393, 91
Trd, 4319074.543, 103
Trd, 4319075.243, 113
Trd, 4319076.043, 92
Trd, 4319076.293, 90
Trd, 4319077.793, 82
Trd, 4319077.943, 103
Trd, 4319078.943, 105
Trd, 4319079.793, 68
Trd, 4319079.843, 78
Trd, 4319081.743, 120
Trd, 4319084.893, 95
Trd, 4319085.793, 93
Trd, 4319086.643, 87
Trd, 4319086.893, 86
Trd, 4319088.293, 87
Trd, 4319089.043, 91
Trd, 4319089.643, 88
Trd, 4319090.793, 106
Trd, 4319092.043, 88
Trd, 4319092.143, 86
Trd, 4319095.343, 73
Trd, 4319096.343, 91
Trd, 4319097.793, 79
Trd, 4319098.143, 85
Trd, 4319098.443, 82
Trd, 4319099.193, 104
Trd, 4319101.043, 88
Trd, 4319101.493, 89
Trd, 4319102.893, 88
Trd, 4319104.493, 86
Trd, 4319105.093, 105
Trd, 4319105.143, 86
Trd, 4319105.243, 105
Trd, 4319105.943, 85
Trd, 4319108.193, 104
Trd, 4319108.343, 74
Trd, 4319109.993, 111
Trd, 4319110.493, 80
Trd, 4319111.243, 86
Trd, 4319111.893, 70
Trd, 4319113.593, 109
Trd, 4319114.343, 75
Trd, 4319115.043, 75
Trd, 4319115.343, 113
Trd, 4319116.843, 86
Trd, 4319117.493, 117
Trd, 4319118.493, 81
Trd, 4319119.743, 114
Trd, 4319119.843, 118
Trd, 4319120.793, 113
Trd, 4319121.593, 91
Trd, 4319122.193, 91
Trd, 4319122.593, 90
Trd, 4319124.893, 92
Trd, 4319125.143, 91
Trd, 4319125.343, 106
Trd, 4319125.643, 91
Trd, 4319128.143, 90
Trd, 4319128.743, 88
Trd, 4319128.843, 113
Trd, 4319129.493, 86
Trd, 4319131.693, 101
Trd, 4319133.143, 92
Trd, 4319133.193, 91
Trd, 4319133.593, 86
Trd, 4319135.543, 86
Trd, 4319135.643, 101
Trd, 4319137.793, 106
Trd, 4319138.193, 84
Trd, 4319138.393, 83
Trd, 4319138.493, 113
Trd, 4319139.043, 82
Trd, 4319141.693, 92
Trd, 4319142.543, 93
Trd, 4319142.793, 111
Trd, 4319143.743, 112
Trd, 4319144.143, 94
Trd, 4319145.643, 89
Trd, 4319146.443, 113
Trd, 4319146.993, 91
Trd, 4319147.743, 90
Trd, 4319149.593, 108
Trd, 4319151.193, 101
Trd, 4319151.593, 100
Trd, 4319153.043, 102
Trd, 4319153.743, 111
Trd, 4319154.243, 121
Trd, 4319155.493, 98
Trd, 4319156.293, 97
Trd, 4319157.193, 87
Trd, 4319159.343, 112
Trd, 4319160.093, 95
Trd, 4319160.543, 107
Trd, 4319162.543, 108
Trd, 4319162.793, 90
Trd, 4319163.743, 88
Trd, 4319163.843, 85
Trd, 4319165.143, 113
Trd, 4319166.143, 87
Trd, 4319167.593, 124
Trd, 4319168.843, 93
Trd, 4319169.793, 94
Trd, 4319170.593, 86
Trd, 4319170.993, 69
Trd, 4319172.043, 112
Trd, 4319172.693, 113
Trd, 4319174.743, 99
Trd, 4319175.543, 102
Trd, 4319176.193, 101
Trd, 4319176.993, 103
Trd, 4319177.743, 105
Trd, 4319179.543, 96
Trd, 4319179.693, 95
Trd, 4319182.393, 115
Trd, 4319183.393, 117
Trd, 4319183.643, 117
Trd, 4319183.793, 111
Trd, 4319184.743, 88
Trd, 4319185.543, 112
Trd, 4319186.693, 89
Trd, 4319189.093, 104
Trd, 4319189.893, 94
Trd, 4319190.543, 91
Trd, 4319190.993, 89
Trd, 4319192.343, 95
Trd, 4319193.543, 111
Trd, 4319193.693, 93
Trd, 4319196.293, 98
Trd, 4319196.543, 96
Trd, 4319197.293, 95
Trd, 4319198.343, 106
Trd, 4319198.493, 87
Trd, 4319198.543, 113
Trd, 4319199.393, 78
Trd, 4319201.443, 87
Trd, 4319201.543, 117
Trd, 4319201.893, 87
Trd, 4319204.443, 110
Trd, 4319205.893, 88
Trd, 4319206.143, 107
Trd, 4319206.343, 88
Trd, 4319207.043, 87
Trd, 4319207.993, 121
Trd, 4319208.643, 88
Trd, 4319212.993, 95
Trd, 4319213.593, 89
Trd, 4319214.093, 120
Trd, 4319214.193, 89
Trd, 4319214.493, 77
Trd, 4319216.043, 90
Trd, 4319216.593, 86
Trd, 4319218.643, 109
Trd, 4319219.343, 94
Trd, 4319220.293, 109
Trd, 4319221.243, 94
Trd, 4319221.593, 94
Trd, 4319222.393, 93
Trd, 4319222.843, 90
Trd, 4319224.543, 88
Trd, 4319225.693, 106
Trd, 4319227.243, 92
Trd, 4319228.343, 85
Trd, 4319228.393, 86
Trd, 4319228.443, 95
Trd, 4319230.443, 72
Trd, 4319230.793, 111
Trd, 4319232.093, 121
Trd, 4319232.493, 114
Trd, 4319233.543, 112
Trd, 4319235.793, 90
Trd, 4319236.093, 113
Trd, 4319236.693, 91
Trd, 4319236.893, 86
Trd, 4319237.843, 87
Trd, 4319238.293, 86
Trd, 4319238.393, 114
Trd, 4319241.743, 95
Trd, 4319242.343, 79
Trd, 4319243.943, 89
Trd, 4319245.043, 108
Trd, 4319245.243, 93
Trd, 4319245.393, 90
Trd, 4319247.593, 90
Trd, 4319248.893, 89
Trd, 4319250.893, 94
Trd, 4319251.593, 94
Trd, 4319251.843, 93
Trd, 4319252.343, 104
Trd, 4319253.193, 87
Trd, 4319254.793, 118
Trd, 4319256.793, 113
Trd, 4319257.293, 119
Trd, 4319259.193, 114
Trd, 4319259.643, 113
Trd, 4319259.893, 104
Trd, 4319260.993, 95
Trd, 4319261.993, 107
Trd, 4319262.193, 108
Trd, 4319263.243, 95
Trd, 4319264.893, 97
Trd, 4319265.043, 86
Trd, 4319265.693, 126
Trd, 4319267.043, 90
Trd, 4319268.543, 86
Trd, 4319269.193, 86
Trd, 4319269.693, 87
Trd, 4319272.243, 87
Trd, 4319272.943, 108
Trd, 4319274.593, 94
Trd, 4319276.393, 110
Trd, 4319276.793, 95
Trd, 4319277.393, 108
Trd, 4319277.893, 95
Trd, 4319279.193, 99
Trd, 4319279.743, 104
Trd, 4319280.493, 99
Trd, 4319280.793, 97
Trd, 4319280.993, 89
Trd, 4319282.793, 87
Trd, 4319283.993, 93
Trd, 4319284.743, 87
Trd, 4319286.093, 91
Trd, 4319287.293, 101
Trd, 4319287.943, 108
Trd, 4319288.743, 94
Trd, 4319290.193, 86
Trd, 4319291.393, 77
Trd, 4319292.743, 112
Trd, 4319293.893, 117
Trd, 4319295.493, 104
Trd, 4319295.543, 95
Trd, 4319298.393, 100
Trd, 4319299.493, 96
Trd, 4319300.043, 110
Trd, 4319301.443, 96
Trd, 4319302.443, 101
Trd, 4319302.843, 97
Trd, 4319304.093, 95
Trd, 4319306.443, 90
Trd, 4319306.743, 103
Trd, 4319307.143, 93
Trd, 4319309.993, 105
Trd, 4319310.143, 105
Trd, 4319311.293, 111
Trd, 4319312.493, 119
Trd, 4319312.693, 106
Trd, 4319312.793, 120
Trd, 4319312.843, 104
Trd, 4319314.043, 95
Trd, 4319315.893, 90
Trd, 4319318.043, 92
Trd, 4319318.293, 104
Trd, 4319319.543, 92
Trd, 4319320.743, 94
Trd, 4319321.293, 96
Trd, 4319322.493, 113
Trd, 4319322.543, 95
Trd, 4319322.893, 94
Trd, 4319323.093, 117
Trd, 4319323.893, 86
Trd, 4319324.643, 131
Trd, 4319326.743, 88
Trd, 4319327.643, 89
Trd, 4319328.243, 95
Trd, 4319329.993, 113
Trd, 4319330.043, 89
Trd, 4319331.093, 92
Trd, 4319331.843, 95
Trd, 4319332.393, 94
Trd, 4319332.993, 91
Trd, 4319334.243, 106
Trd, 4319335.493, 86
Trd, 4319336.893, 86
Trd, 4319338.043, 87
Trd, 4319338.493, 105
Trd, 4319338.543, 85
Trd, 4319340.243, 81
Trd, 4319340.293, 80
Trd, 4319342.043, 113
Trd, 4319342.743, 87
Trd, 4319344.193, 103
Trd, 4319344.893, 105
Trd, 4319344.993, 87
Trd, 4319345.643, 88
Trd, 4319346.043, 86
Trd, 4319349.543, 80
Trd, 4319350.743, 81
Trd, 4319351.093, 89
Trd, 4319351.143, 95
Trd, 4319351.593, 82
Trd, 4319353.743, 106
Trd, 4319354.243, 89
Trd, 4319355.693, 93
Trd, 4319356.543, 80
Trd, 4319358.143, 86
Trd, 4319358.993, 105
Trd, 4319360.843, 88
Trd, 4319360.993, 86
Trd, 4319361.193, 104
Trd, 4319362.393, 86
Trd, 4319365.743, 92
Trd, 4319366.493, 92
Trd, 4319367.293, 108
Trd, 4319367.743, 88
Trd, 4319368.493, 109
Trd, 4319369.093, 112
Trd, 4319369.243, 87
Trd, 4319370.593, 85
Trd, 4319371.593, 121
Trd, 4319373.243, 88
Trd, 4319373.293, 87
Trd, 4319376.943, 95
Trd, 4319377.693, 93
Trd, 4319378.243, 94
Trd, 4319378.693, 91
Trd, 4319378.893, 109
Trd, 4319379.393, 113
Trd, 4319381.143, 97
Trd, 4319381.843, 96
Trd, 4319382.693, 93
Trd, 4319384.793, 86
Trd, 4319386.743, 90
Trd, 4319386.943, 95
Trd, 4319387.843, 106
Trd, 4319388.193, 86
Trd, 4319388.343, 85
Trd, 4319390.393, 81
Trd, 4319391.343, 121
Trd, 4319392.943, 86
Trd, 4319394.093, 93
Trd, 4319394.343, 85
Trd, 4319394.493, 84
Trd, 4319394.593, 105
Trd, 4319396.293, 79
Trd, 4319397.693, 104
Trd, 4319399.393, 92
Trd, 4319400.243, 94
Trd, 4319401.593, 112
Trd, 4319402.893, 106
Trd, 4319403.443, 96
Trd, 4319403.643, 95
Trd, 4319406.043, 89
Trd, 4319407.043, 88
Trd, 4319407.143, 93
Trd, 4319408.593, 70
Trd, 4319408.893, 95
Trd, 4319409.293, 104
Trd, 4319411.743, 90
Trd, 4319413.243, 90
Trd, 4319413.693, 109
Trd, 4319413.943, 92
Trd, 4319414.443, 86
Trd, 4319415.043, 78
Trd, 4319417.393, 110
Trd, 4319418.393, 86
Trd, 4319418.643, 107
Trd, 4319419.893, 90
Trd, 4319420.893, 92
Trd, 4319421.843, 90
Trd, 4319422.293, 85
Trd, 4319423.143, 105
Trd, 4319423.843, 86
Trd, 4319424.143, 95
Trd, 4319424.293, 83
Trd, 4319425.643, 82
Trd, 4319426.993, 72
Trd, 4319427.893, 78
Trd, 4319429.093, 95
Trd, 4319430.343, 93
Trd, 4319431.943, 88
Trd, 4319432.643, 88
Trd, 4319434.243, 88
Trd, 4319434.443, 103
Trd, 4319435.043, 89
Trd, 4319435.393, 106
Trd, 4319435.943, 89
Trd, 4319437.593, 102
Trd, 4319438.893, 87
Trd, 4319439.393, 87
Trd, 4319439.543, 86
Trd, 4319440.093, 113
Trd, 4319440.393, 80
Trd, 4319441.643, 122
Trd, 4319442.093, 88
Trd, 4319442.743, 87
Trd, 4319443.793, 87
Trd, 4319445.693, 91
Trd, 4319446.143, 90
Trd, 4319447.643, 87
Trd, 4319449.243, 90
Trd, 4319449.543, 111
Trd, 4319450.943, 119
Trd, 4319451.943, 95
Trd, 4319452.093, 78
Trd, 4319453.243, 88
Trd, 4319454.293, 104
Trd, 4319455.443, 87
Trd, 4319455.693, 86
Trd, 4319457.243, 86
Trd, 4319458.693, 107
Trd, 4319458.843, 84
Trd, 4319460.293, 121
Trd, 4319460.693, 87
Trd, 4319461.943, 90
Trd, 4319462.593, 89
Trd, 4319463.393, 87
Trd, 4319463.743, 95
Trd, 4319464.443, 86
Trd, 4319466.043, 108
Trd, 4319467.993, 91
Trd, 4319468.393, 86
Trd, 4319468.443, 68
Trd, 4319469.393, 87
Trd, 4319472.843, 78
Trd, 4319473.643, 109
Trd, 4319474.793, 89
Trd, 4319474.943, 90
Trd, 4319475.643, 90
Trd, 4319477.043, 91
Trd, 4319478.543, 90
Trd, 4319478.993, 111
Trd, 4319481.043, 94
Trd, 4319481.093, 93
Trd, 4319482.443, 106
Trd, 4319482.693, 88
Trd, 4319483.393, 112
Trd, 4319483.743, 88
Trd, 4319484.093, 112
Trd, 4319485.943, 88
Trd, 4319486.143, 121
Trd, 4319488.843, 91
Trd, 4319489.643, 104
Trd, 4319489.743, 89
Trd, 4319490.093, 88
Trd, 4319490.393, 85
Trd, 4319492.493, 82
Trd, 4319492.893, 113
Trd, 4319495.493, 88
Trd, 4319496.193, 90
Trd, 4319496.493, 88
Trd, 4319496.743, 108
Trd, 4319497.593, 113
Trd, 4319499.043, 88
Trd, 4319501.893, 94
Trd, 4319502.043, 91
Trd, 4319503.093, 111
Trd, 4319503.593, 90
Trd, 4319505.043, 111
Trd, 4319505.643, 92
Trd, 4319508.793, 90
Trd, 4319509.043, 92
Trd, 4319510.143, 91
Trd, 4319511.493, 104
Trd, 4319511.743, 93
Trd, 4319512.243, 107
Trd, 4319512.843, 92
Trd, 4319513.943, 89
Trd, 4319514.993, 86
Trd, 4319515.343, 112
Trd, 4319517.843, 77
Trd, 4319519.193, 111
Trd, 4319520.893, 90
Trd, 4319521.143, 113
Trd, 4319521.243, 91
Trd, 4319521.293, 90
Trd, 4319522.743, 89
Trd, 4319522.793, 87
Trd, 4319523.143, 85
Trd, 4319524.943, 112
Trd, 4319525.393, 106
Trd, 4319526.893, 75
Trd, 4319527.743, 85
Trd, 4319527.943, 85
Trd, 4319528.843, 124
Trd, 4319529.743, 62
Trd, 4319531.643, 87
Trd, 4319533.643, 78
Trd, 4319535.393, 93
Trd, 4319535.943, 91
Trd, 4319536.093, 88
Trd, 4319536.243, 105
Trd, 4319536.393, 108
Trd, 4319537.643, 86
Trd, 4319539.543, 86
Trd, 4319540.693, 83
Trd, 4319541.043, 95
Trd, 4319541.143, 107
Trd, 4319542.093, 85
Trd, 4319543.043, 77
Trd, 4319544.343, 88
Trd, 4319544.643, 87
Trd, 4319545.293, 109
Trd, 4319546.093, 113
Trd, 4319548.343, 86
Trd, 4319549.343, 87
Trd, 4319549.693, 79
Trd, 4319550.043, 78
Trd, 4319551.593, 109
Trd, 4319552.693, 87
Trd, 4319553.943, 88
Trd, 4319555.943, 112
Trd, 4319557.343, 120
Trd, 4319557.593, 94
Trd, 4319558.593, 99
Trd, 4319559.593, 113
Trd, 4319561.893, 104
Trd, 4319562.043, 102
Trd, 4319562.143, 112
Trd, 4319562.393, 96
Trd, 4319562.993, 87
Trd, 4319565.393, 87
Trd, 4319566.943, 120
Trd, 4319568.243, 89
Trd, 4319569.643, 87
Trd, 4319569.893, 86
Trd, 4319572.293, 85
Trd, 4319572.393, 83
Trd, 4319572.443, 86
Trd, 4319572.893, 95
Trd, 4319573.543, 113
Trd, 4319576.843, 93
Trd, 4319577.343, 85
Trd, 4319578.743, 82
Trd, 4319579.343, 96
Trd, 4319580.593, 87
Trd, 4319581.643, 88
Trd, 4319582.293, 88
Trd, 4319582.393, 89
Trd, 4319584.043, 95
Trd, 4319584.943, 93
Trd, 4319585.593, 87
Trd, 4319585.743, 106
Trd, 4319585.793, 113
Trd, 4319587.393, 87
Trd, 4319587.993, 87
Trd, 4319588.693, 87
Trd, 4319590.343, 91
Trd, 4319591.993, 113
Trd, 4319592.943, 106
Trd, 4319594.143, 123
Trd, 4319596.393, 113
Trd, 4319596.493, 111
Trd, 4319596.643, 104
Trd, 4319597.843, 87
Trd, 4319597.993, 117
Trd, 4319598.893, 86
Trd, 4319599.343, 95
Trd, 4319601.193, 84
Trd, 4319601.993, 112
Trd, 4319602.593, 113
Trd, 4319602.993, 104
Trd, 4319604.093, 113
Trd, 4319605.593, 122
Trd, 4319605.793, 87
Trd, 4319605.993, 86
Trd, 4319607.843, 80
Trd, 4319608.743, 105
Trd, 4319609.193, 78
Trd, 4319610.843, 85
Trd, 4319613.143, 80
Trd, 4319613.193, 79
Trd, 4319615.543, 86
Trd, 4319615.793, 95
Trd, 4319618.043, 92
Trd, 4319618.593, 93
Trd, 4319621.143, 103
Trd, 4319621.393, 113
Trd, 4319621.443, 112
Trd, 4319622.343, 103
Trd, 4319623.143, 95
Trd, 4319623.243, 86
Trd, 4319623.943, 78
Trd, 4319624.743, 118
Trd, 4319627.043, 87
Trd, 4319627.843, 89
Trd, 4319628.293, 88
Trd, 4319628.493, 104
Trd, 4319629.393, 109
Trd, 4319631.193, 89
Trd, 4319631.293, 112
Trd, 4319632.143, 88
Trd, 4319633.393, 88
Trd, 4319633.643, 88
Trd, 4319634.993, 107
Trd, 4319635.043, 84
Trd, 4319635.743, 64
Trd, 4319639.143, 77
Trd, 4319639.243, 78
Trd, 4319640.193, 105
Trd, 4319641.993, 88
Trd, 4319642.393, 107
Trd, 4319642.843, 113
Trd, 4319642.993, 87
Trd, 4319644.243, 93
Trd, 4319646.043, 131
Trd, 4319647.043, 99
Trd, 4319647.193, 98
Trd, 4319648.143, 95
Trd, 4319650.293, 101
Trd, 4319650.643, 85
Trd, 4319650.943, 80
Trd, 4319651.493, 104
Trd, 4319653.393, 87
Trd, 4319654.343, 112
Trd, 4319654.493, 89
Trd, 4319655.993, 90
Trd, 4319656.943, 122
Trd, 4319657.943, 87
Trd, 4319658.493, 89
Trd, 4319659.393, 89
Trd, 4319660.243, 90
Trd, 4319662.743, 111
Trd, 4319662.993, 97
Trd, 4319663.593, 97
Trd, 4319664.193, 104
Trd, 4319664.243, 95
Trd, 4319665.393, 86
Trd, 4319667.493, 90
Trd, 4319668.993, 99
Trd, 4319669.193, 90
Trd, 4319669.593, 102
Trd, 4319669.993, 78
Trd, 4319671.793, 104
Trd, 4319673.743, 90
Trd, 4319674.143, 88
Trd, 4319674.243, 103
Trd, 4319674.743, 89
Trd, 4319678.693, 96
Trd, 4319678.943, 102
Trd, 4319679.493, 96
Trd, 4319679.593, 104
Trd, 4319680.193, 95
Trd, 4319680.593, 112
Trd, 4319680.893, 86
Trd, 4319681.743, 77
Trd, 4319683.243, 89
Trd, 4319683.393, 92
Trd, 4319684.593, 89
Trd, 4319686.893, 91
Trd, 4319687.543, 88
Trd, 4319688.543, 105
Trd, 4319688.793, 112
Trd, 4319689.493, 89
Trd, 4319690.743, 89
Trd, 4319692.293, 106
Trd, 4319693.243, 91
Trd, 4319694.093, 112
Trd, 4319694.843, 90
Trd, 4319695.393, 85
Trd, 4319696.193, 78
Trd, 4319698.943, 88
Trd, 4319699.293, 88
Trd, 4319700.093, 95
Trd, 4319700.243, 110
Trd, 4319700.493, 87
Trd, 4319702.243, 88
Trd, 4319704.543, 113
Trd, 4319704.643, 95
Trd, 4319704.693, 88
Trd, 4319704.843, 113
Trd, 4319706.643, 85
Trd, 4319706.893, 116
Trd, 4319708.093, 92
Trd, 4319708.643, 112
Trd, 4319710.293, 94
Trd, 4319710.443, 93
Trd, 4319712.243, 104
Trd, 4319712.543, 110
Trd, 4319712.943, 91
Trd, 4319714.243, 91
Trd, 4319714.493, 90
Trd, 4319716.493, 87
Trd, 4319716.793, 107
Trd, 4319718.593, 89
Trd, 4319718.793, 87
Trd, 4319719.193, 86
Trd, 4319720.493, 106
Trd, 4319721.243, 115
Trd, 4319723.493, 88
Trd, 4319723.743, 86
Trd, 4319724.743, 107
Trd, 4319725.393, 80
Trd, 4319726.543, 81
Trd, 4319727.693, 83
Trd, 4319728.143, 95
Trd, 4319729.093, 86
Trd, 4319729.143, 107
Trd, 4319729.193, 84
Trd, 4319730.443, 112
Trd, 4319733.443, 97
Trd, 4319733.993, 97
Trd, 4319734.243, 96
Trd, 4319734.593, 105
Trd, 4319735.643, 88
Trd, 4319736.043, 86
Trd, 4319736.593, 107
Trd, 4319738.843, 85
Trd, 4319739.343, 85
Trd, 4319739.993, 89
Trd, 4319743.393, 92
Trd, 4319744.593, 93
Trd, 4319744.793, 91
Trd, 4319745.993, 99
Trd, 4319746.843, 107
Trd, 4319746.893, 93
Trd, 4319748.443, 112
Trd, 4319748.493, 102
Trd, 4319748.743, 99
Trd, 4319750.393, 90
Trd, 4319751.893, 87
Trd, 4319752.443, 86
Trd, 4319752.493, 103
Trd, 4319752.543, 85
Trd, 4319753.393, 105
Trd, 4319756.343, 91
Trd, 4319757.793, 91
Trd, 4319757.843, 90
Trd, 4319758.643, 113
Trd, 4319759.143, 87
Trd, 4319760.393, 87
Trd, 4319761.393, 104
Trd, 4319762.243, 105
Trd, 4319762.643, 88
Trd, 4319763.343, 87
Trd, 4319763.793, 113
Trd, 4319764.643, 86
Trd, 4319765.393, 79
Trd, 4319766.643, 106
Trd, 4319767.893, 80
Trd, 4319768.643, 82
Trd, 4319769.193, 105
Trd, 4319771.043, 90
Trd, 4319771.593, 92
Trd, 4319771.893, 90
Trd, 4319772.893, 86
Trd, 4319773.843, 112
Trd, 4319774.293, 87
Trd, 4319775.393, 117
Trd, 4319776.393, 93
Trd, 4319777.243, 88
Trd, 4319778.593, 89
Trd, 4319780.043, 91
Trd, 4319780.643, 126
Trd, 4319781.093, 93
Trd, 4319781.193, 113
Trd, 4319782.743, 122
Trd, 4319783.043, 95
Trd, 4319784.843, 89
Trd, 4319785.743, 87
Trd, 4319787.443, 100
Trd, 4319788.693, 96
Trd, 4319789.643, 104
Trd, 4319790.943, 97
Trd, 4319790.993, 96
Trd, 4319792.593, 86
Trd, 4319793.393, 104
Trd, 4319794.693, 133
Trd, 4319797.393, 102
Trd, 4319797.993, 102
Trd, 4319798.243, 100
Trd, 4319799.143, 104
Trd, 4319799.543, 96
Trd, 4319799.593, 95
Trd, 4319801.543, 95
Trd, 4319802.343, 78
Trd, 4319802.943, 87
Trd, 4319803.943, 113
Trd, 4319805.493, 82
Trd, 4319805.993, 79
Trd, 4319806.293, 86
Trd, 4319807.943, 90
Trd, 4319808.643, 89
Trd, 4319809.243, 89
Trd, 4319809.393, 86
Trd, 4319811.643, 102
Trd, 4319812.743, 77
Trd, 4319814.543, 104
Trd, 4319815.043, 93
Trd, 4319815.443, 122
Trd, 4319815.593, 92
Trd, 4319816.243, 92
Trd, 4319819.343, 91
Trd, 4319819.693, 104
Trd, 4319820.793, 92
Trd, 4319820.893, 91
Trd, 4319821.593, 104
Trd, 4319821.943, 88
Trd, 4319823.593, 86
Trd, 4319824.443, 79
Trd, 4319824.693, 77
Trd, 4319825.643, 82
Trd, 4319827.643, 118
Trd, 4319828.243, 90
Trd, 4319832.343, 96
Trd, 4319832.693, 101
Trd, 4319832.893, 95
Trd, 4319833.193, 95
Trd, 4319834.943, 91
Trd, 4319835.643, 105
Trd, 4319836.543, 107
Trd, 4319836.593, 91
Trd, 4319836.993, 90
Trd, 4319838.243, 87
Trd, 4319838.943, 89
Trd, 4319840.043, 112
Trd, 4319840.393, 113
Trd, 4319841.493, 86
Trd, 4319844.093, 92
Trd, 4319845.093, 95
Trd, 4319845.543, 87
Trd, 4319846.093, 113
Trd, 4319846.193, 86
Trd, 4319846.243, 77
Trd, 4319847.293, 112
Trd, 4319849.593, 132
Trd, 4319850.143, 80
Trd, 4319850.643, 81
Trd, 4319852.593, 90
Trd, 4319853.243, 88
Trd, 4319853.293, 87
Trd, 4319854.893, 87
Trd, 4319855.843, 104
Trd, 4319856.193, 86
Trd, 4319857.543, 119
Trd, 4319857.793, 86
Trd, 4319859.043, 73
Trd, 4319861.843, 77
Trd, 4319862.243, 83
Trd, 4319863.843, 86
Trd, 4319865.393, 102
Trd, 4319865.493, 104
Trd, 4319865.543, 89
Trd, 4319867.293, 94
Trd, 4319867.793, 94
Trd, 4319868.893, 92
Trd, 4319868.993, 77
Trd, 4319869.343, 112
Trd, 4319870.893, 113
Trd, 4319873.093, 108
Trd, 4319873.543, 108
Trd, 4319873.893, 104
Trd, 4319874.593, 96
Trd, 4319875.793, 96
Trd, 4319876.893, 113
Trd, 4319877.943, 104
Trd, 4319879.343, 87
Trd, 4319879.643, 89
Trd, 4319880.443, 89
Trd, 4319881.343, 89
Trd, 4319881.943, 110
Trd, 4319882.893, 122
Trd, 4319883.443, 90
Trd, 4319884.093, 86
Trd, 4319886.993, 73
Trd, 4319887.393, 86
Trd, 4319887.643, 95
Trd, 4319888.943, 86
Trd, 4319889.443, 83
Trd, 4319890.343, 85
Trd, 4319891.193, 91
Trd, 4319892.843, 90
Trd, 4319893.893, 99
Trd, 4319894.793, 108
Trd, 4319896.443, 96
Trd, 4319896.993, 102
Trd, 4319898.243, 98
Trd, 4319898.543, 98
Trd, 4319898.643, 96
Trd, 4319900.493, 86
Trd, 4319901.043, 87
Trd, 4319901.993, 87
Trd, 4319903.193, 92
Trd, 4319903.893, 91
Trd, 4319904.243, 109
Trd, 4319905.293, 113
Trd, 4319905.843, 137
Trd, 4319907.043, 90
Trd, 4319908.343, 92
Trd, 4319908.743, 91
Trd, 4319909.343, 104
Trd, 4319910.543, 88
Trd, 4319911.943, 89
Trd, 4319911.993, 104
Trd, 4319913.043, 86
Trd, 4319914.393, 81
Trd, 4319916.493, 88
Trd, 4319917.643, 113
Trd, 4319918.093, 122
Trd, 4319919.593, 97
Trd, 4319919.643, 96
Trd, 4319920.243, 93
Trd, 4319920.493, 92
Trd, 4319920.843, 97
Trd, 4319921.693, 87
Trd, 4319921.893, 89
Trd, 4319924.243, 90
Trd, 4319925.993, 85
Trd, 4319926.343, 71
Trd, 4319926.693, 113
Trd, 4319927.143, 113
Trd, 4319927.743, 113
Trd, 4319930.343, 95
Trd, 4319930.793, 113
Trd, 4319931.693, 92
Trd, 4319932.343, 95
Trd, 4319934.293, 98
Trd, 4319935.093, 87
Trd, 4319935.193, 109
Trd, 4319935.993, 87
Trd, 4319936.143, 85
Trd, 4319939.593, 115
Trd, 4319940.993, 113
Trd, 4319941.143, 95
Trd, 4319942.793, 90
Trd, 4319943.243, 90
Trd, 4319943.593, 104
Trd, 4319945.193, 104
Trd, 4319945.243, 90
Trd, 4319945.743, 87
Trd, 4319947.543, 88
Trd, 4319948.693, 91
Trd, 4319949.543, 95
Trd, 4319951.393, 104
Trd, 4319951.643, 96
Trd, 4319952.593, 88
Trd, 4319953.693, 87
Trd, 4319954.143, 106
Trd, 4319955.293, 89
Trd, 4319956.943, 106
Trd, 4319957.943, 95
Trd, 4319958.443, 112
Trd, 4319958.843, 95
Trd, 4319958.943, 95
Trd, 4319959.243, 94
Trd, 4319959.993, 86
Trd, 4319961.543, 111
Trd, 4319963.243, 87
Trd, 4319964.043, 88
Trd, 4319964.943, 89
Trd, 4319965.793, 103
Trd, 4319968.043, 104
Trd, 4319968.093, 97
Trd, 4319969.643, 96
Trd, 4319969.993, 95
Trd, 4319971.293, 86
Trd, 4319971.443, 85
Trd, 4319971.793, 111
Trd, 4319972.643, 68
Trd, 4319974.193, 90
Trd, 4319976.443, 112
Trd, 4319978.143, 93
Trd, 4319978.643, 87
Trd, 4319978.993, 86
Trd, 4319979.443, 90
Trd, 4319979.693, 95
Trd, 4319981.343, 77
Trd, 4319981.643, 105
Trd, 4319983.343, 122
Trd, 4319983.643, 89
Trd, 4319985.743, 93
Trd, 4319986.893, 95
Trd, 4319987.243, 93
Trd, 4319987.693, 104
Trd, 4319987.993, 92
Trd, 4319989.193, 89
Trd, 4319989.693, 87
Trd, 4319991.543, 104
Trd, 4319991.743, 87
Trd, 4319991.843, 105
Trd, 4319992.093, 86
Trd, 4319993.743, 77
Trd, 4319995.093, 90
Trd, 4319995.543, 108
Trd, 4319997.043, 89
Trd, 4319997.093, 84
Trd, 4319999.443, 82
