Trd, 4317956.593, 86
Trd, 4317957.693, 101
Trd, 4317958.543, 104
Trd, 4317959.243, 84
Trd, 4317960.043, 86
Trd, 4317961.143, 87
Trd, 4317961.993, 88
Trd, 4317962.193, 103
Trd, 4317962.743, 104
Trd, 4317963.543, 113
Trd, 4317964.493, 88
Trd, 4317966.243, 83
Trd, 4317968.393, 93
Trd, 4317969.743, 88
Trd, 4317970.693, 96
Trd, 4317970.943, 104
Trd, 4317971.343, 92
Trd, 4317972.043, 91
Trd, 4317972.143, 116
Trd, 4317973.893, 88
Trd, 4317974.093, 101
Trd, 4317974.143, 87
Trd, 4317976.443, 111
Trd, 4317977.743, 88
Trd, 4317979.143, 97
Trd, 4317979.593, 99
Trd, 4317981.743, 91
Trd, 4317982.993, 97
Trd, 4317985.493, 107
Trd, 4317985.693, 100
Trd, 4317986.493, 102
Trd, 4317987.093, 100
Trd, 4317987.143, 104
Trd, 4317987.543, 95
Trd, 4317990.193, 92
Trd, 4317990.393, 85
Trd, 4317990.643, 100
Trd, 4317992.293, 85
Trd, 4317993.143, 87
Trd, 4317994.943, 88
Trd, 4317996.793, 96
Trd, 4317997.143, 98
Trd, 4317997.543, 89
Trd, 4318001.393, 88
Trd, 4318001.693, 88
Trd, 4318001.893, 96
Trd, 4318002.593, 93
Trd, 4318003.343, 88
Trd, 4318004.793, 102
Trd, 4318005.743, 90
Trd, 4318006.293, 92
Trd, 4318006.743, 115
Trd, 4318008.793, 116
Trd, 4318010.093, 115
Trd, 4318010.743, 113
Trd, 4318011.043, 104
Trd, 4318013.043, 120
Trd, 4318013.243, 112
Trd, 4318015.193, 114
Trd, 4318015.693, 104
Trd, 4318016.893, 95
Trd, 4318017.093, 108
Trd, 4318018.093, 107
Trd, 4318018.393, 80
Trd, 4318019.893, 87
Trd, 4318021.693, 85
Trd, 4318024.393, 93
Trd, 4318025.543, 95
Trd, 4318025.643, 94
Trd, 4318025.693, 113
Trd, 4318026.393, 120
Trd, 4318027.243, 113
Trd, 4318028.643, 96
Trd, 4318029.743, 121
Trd, 4318030.543, 96
Trd, 4318031.493, 95
Trd, 4318032.043, 86
Trd, 4318033.343, 81
Trd, 4318033.993, 119
Trd, 4318037.343, 63
Trd, 4318038.243, 88
Trd, 4318038.943, 87
Trd, 4318040.543, 89
Trd, 4318040.893, 115
Trd, 4318042.143, 133
Trd, 4318042.843, 112
Trd, 4318043.743, 104
Trd, 4318045.093, 121
Trd, 4318045.493, 113
Trd, 4318048.293, 109
Trd, 4318049.443, 103
Trd, 4318049.643, 109
Trd, 4318050.043, 112
Trd, 4318050.443, 103
Trd, 4318050.993, 116
Trd, 4318051.643, 95
Trd, 4318053.693, 60
Trd, 4318055.543, 75
Trd, 4318056.293, 78
Trd, 4318057.193, 100
Trd, 4318059.943, 78
Trd, 4318060.493, 83
Trd, 4318062.993, 88
Trd, 4318063.643, 84
Trd, 4318064.443, 104
Trd, 4318065.443, 110
Trd, 4318066.343, 104
Trd, 4318066.493, 118
Trd, 4318068.043, 101
Trd, 4318068.093, 100
Trd, 4318069.693, 113
Trd, 4318070.143, 97
Trd, 4318070.393, 81
Trd, 4318071.743, 112
Trd, 4318072.643, 112
Trd, 4318073.243, 95
Trd, 4318075.243, 94
Trd, 4318075.293, 93
Trd, 4318076.493, 94
Trd, 4318077.043, 106
Trd, 4318078.843, 118
Trd, 4318079.193, 99
Trd, 4318080.593, 87
Trd, 4318080.993, 87
Trd, 4318081.143, 95
Trd, 4318083.593, 102
Trd, 4318085.493, 90
Trd, 4318085.643, 101
Trd, 4318086.393, 90
Trd, 4318087.993, 100
Trd, 4318088.293, 89
Trd, 4318088.443, 104
Trd, 4318088.643, 100
Trd, 4318088.993, 77
Trd, 4318089.943, 114
Trd, 4318092.593, 94
Trd, 4318093.893, 94
Trd, 4318094.743, 116
Trd, 4318095.293, 96
Trd, 4318096.993, 88
Trd, 4318097.943, 113
Trd, 4318098.143, 97
Trd, 4318098.193, 95
Trd, 4318098.393, 119
Trd, 4318101.143, 86
Trd, 4318101.293, 97
Trd, 4318101.343, 85
Trd, 4318103.293, 80
Trd, 4318106.143, 98
Trd, 4318107.643, 86
Trd, 4318107.893, 88
Trd, 4318108.193, 86
Trd, 4318109.693, 105
Trd, 4318110.543, 97
Trd, 4318111.493, 95
Trd, 4318112.243, 103
Trd, 4318112.893, 84
Trd, 4318113.043, 87
Trd, 4318114.343, 100
Trd, 4318114.393, 104
Trd, 4318116.543, 84
Trd, 4318118.493, 92
Trd, 4318119.143, 86
Trd, 4318121.043, 121
Trd, 4318122.193, 92
Trd, 4318123.393, 97
Trd, 4318124.593, 121
Trd, 4318125.793, 96
Trd, 4318126.793, 96
Trd, 4318128.343, 122
Trd, 4318129.293, 112
Trd, 4318129.893, 95
Trd, 4318131.293, 87
Trd, 4318133.943, 112
Trd, 4318134.843, 122
Trd, 4318135.743, 123
Trd, 4318137.393, 110
Trd, 4318137.693, 87
Trd, 4318138.993, 114
Trd, 4318139.193, 112
Trd, 4318140.693, 109
Trd, 4318141.493, 108
Trd, 4318143.243, 95
Trd, 4318144.093, 110
Trd, 4318144.443, 93
Trd, 4318145.043, 92
Trd, 4318146.793, 80
Trd, 4318147.643, 113
Trd, 4318149.743, 89
Trd, 4318149.843, 96
Trd, 4318150.993, 84
Trd, 4318151.843, 99
Trd, 4318151.893, 83
Trd, 4318155.293, 114
Trd, 4318155.593, 95
Trd, 4318156.943, 124
Trd, 4318157.793, 95
Trd, 4318158.893, 115
Trd, 4318159.593, 104
Trd, 4318160.193, 83
Trd, 4318160.343, 98
Trd, 4318163.593, 124
Trd, 4318164.843, 136
Trd, 4318165.193, 122
Trd, 4318166.243, 113
Trd, 4318166.693, 86
Trd, 4318167.093, 77
Trd, 4318167.593, 113
Trd, 4318170.143, 106
Trd, 4318171.393, 96
Trd, 4318172.393, 101
Trd, 4318172.743, 96
Trd, 4318173.093, 95
Trd, 4318173.743, 85
Trd, 4318173.843, 104
Trd, 4318175.393, 121
Trd, 4318176.643, 96
Trd, 4318178.693, 121
Trd, 4318178.943, 115
Trd, 4318180.743, 113
Trd, 4318181.543, 86
Trd, 4318182.743, 115
Trd, 4318183.993, 113
Trd, 4318184.493, 83
Trd, 4318185.793, 86
Trd, 4318186.493, 82
Trd, 4318187.443, 98
Trd, 4318189.043, 96
Trd, 4318189.743, 91
Trd, 4318190.493, 101
Trd, 4318192.593, 91
Trd, 4318193.843, 86
Trd, 4318194.943, 93
Trd, 4318195.193, 95
Trd, 4318195.243, 89
Trd, 4318196.543, 91
Trd, 4318197.493, 91
Trd, 4318198.643, 101
Trd, 4318199.693, 112
Trd, 4318202.293, 84
Trd, 4318202.943, 83
Trd, 4318203.493, 93
Trd, 4318204.393, 119
Trd, 4318205.493, 110
Trd, 4318207.393, 85
Trd, 4318207.543, 86
Trd, 4318209.193, 93
Trd, 4318211.143, 96
Trd, 4318211.343, 87
Trd, 4318211.493, 104
Trd, 4318211.643, 85
Trd, 4318212.843, 110
Trd, 4318214.343, 93
Trd, 4318216.293, 101
Trd, 4318217.193, 84
Trd, 4318218.243, 85
Trd, 4318220.393, 97
Trd, 4318220.643, 86
Trd, 4318221.293, 104
Trd, 4318221.543, 79
Trd, 4318222.493, 86
Trd, 4318224.793, 89
Trd, 4318225.893, 92
Trd, 4318227.693, 89
Trd, 4318229.393, 93
Trd, 4318230.143, 94
Trd, 4318230.793, 95
Trd, 4318231.843, 112
Trd, 4318232.443, 85
Trd, 4318234.843, 90
Trd, 4318235.043, 93
Trd, 4318235.543, 91
Trd, 4318235.743, 104
Trd, 4318236.193, 90
Trd, 4318236.893, 112
Trd, 4318238.993, 92
Trd, 4318241.043, 102
Trd, 4318241.143, 95
Trd, 4318241.393, 96
Trd, 4318241.543, 74
Trd, 4318241.643, 104
Trd, 4318245.793, 80
Trd, 4318245.893, 88
Trd, 4318247.493, 88
Trd, 4318248.243, 89
Trd, 4318248.743, 104
Trd, 4318249.543, 91
Trd, 4318251.893, 95
Trd, 4318252.293, 89
Trd, 4318252.393, 113
Trd, 4318252.993, 102
Trd, 4318255.293, 89
Trd, 4318256.093, 90
Trd, 4318256.543, 114
Trd, 4318257.793, 79
Trd, 4318259.343, 117
Trd, 4318259.743, 107
Trd, 4318261.543, 113
Trd, 4318262.493, 124
Trd, 4318262.643, 104
Trd, 4318264.143, 98
Trd, 4318264.793, 124
Trd, 4318265.043, 97
Trd, 4318266.593, 122
Trd, 4318266.893, 113
Trd, 4318268.593, 112
Trd, 4318268.793, 116
Trd, 4318269.843, 97
Trd, 4318271.193, 98
Trd, 4318271.893, 85
Trd, 4318272.293, 103
Trd, 4318275.743, 88
Trd, 4318276.343, 88
Trd, 4318276.443, 96
Trd, 4318277.493, 113
Trd, 4318278.843, 79
Trd, 4318279.443, 112
Trd, 4318279.943, 111
Trd, 4318283.193, 90
Trd, 4318283.693, 102
Trd, 4318284.543, 77
Trd, 4318286.893, 85
Trd, 4318288.593, 81
Trd, 4318288.893, 83
Trd, 4318289.093, 103
Trd, 4318290.193, 94
Trd, 4318290.443, 97
Trd, 4318291.343, 83
Trd, 4318293.193, 122
Trd, 4318293.693, 114
Trd, 4318294.793, 113
Trd, 4318295.943, 94
Trd, 4318298.543, 91
Trd, 4318299.543, 97
Trd, 4318299.793, 93
Trd, 4318301.843, 84
Trd, 4318302.843, 99
Trd, 4318303.193, 104
Trd, 4318303.943, 134
Trd, 4318306.043, 89
Trd, 4318306.993, 112
Trd, 4318307.293, 89
Trd, 4318307.993, 95
Trd, 4318309.793, 88
Trd, 4318309.843, 94
Trd, 4318312.043, 91
Trd, 4318312.243, 85
Trd, 4318313.693, 85
Trd, 4318314.893, 83
Trd, 4318315.343, 77
Trd, 4318315.843, 95
Trd, 4318317.643, 86
Trd, 4318318.143, 102
Trd, 4318318.893, 104
Trd, 4318320.443, 91
Trd, 4318321.193, 110
Trd, 4318321.993, 93
Trd, 4318322.043, 91
Trd, 4318323.593, 96
Trd, 4318325.643, 89
Trd, 4318325.893, 112
Trd, 4318326.793, 81
Trd, 4318327.343, 111
Trd, 4318328.643, 113
Trd, 4318329.093, 116
Trd, 4318329.543, 61
Trd, 4318331.493, 86
Trd, 4318333.993, 94
Trd, 4318334.743, 87
Trd, 4318335.993, 105
Trd, 4318336.593, 87
Trd, 4318338.293, 89
Trd, 4318338.993, 87
Trd, 4318340.693, 85
Trd, 4318343.343, 80
Trd, 4318343.543, 93
Trd, 4318343.693, 94
Trd, 4318344.293, 77
Trd, 4318349.093, 88
Trd, 4318349.743, 89
Trd, 4318349.793, 99
Trd, 4318349.893, 88
Trd, 4318350.243, 104
Trd, 4318352.093, 100
Trd, 4318353.143, 90
Trd, 4318354.243, 86
Trd, 4318354.443, 83
Trd, 4318357.843, 86
Trd, 4318358.793, 86
Trd, 4318358.843, 87
Trd, 4318359.093, 84
Trd, 4318360.593, 104
Trd, 4318361.893, 93
Trd, 4318362.343, 92
Trd, 4318363.393, 91
Trd, 4318363.743, 90
Trd, 4318365.143, 95
Trd, 4318368.043, 99
Trd, 4318368.443, 104
Trd, 4318368.893, 91
Trd, 4318369.243, 92
Trd, 4318369.393, 89
Trd, 4318369.993, 77
Trd, 4318372.493, 113
Trd, 4318372.893, 104
Trd, 4318373.193, 95
Trd, 4318373.893, 113
Trd, 4318374.893, 126
Trd, 4318375.393, 120
Trd, 4318375.743, 93
Trd, 4318377.393, 85
Trd, 4318377.643, 87
Trd, 4318380.093, 112
Trd, 4318381.743, 111
Trd, 4318383.493, 104
Trd, 4318384.443, 97
Trd, 4318385.093, 112
Trd, 4318386.193, 115
Trd, 4318386.593, 97
Trd, 4318387.493, 113
Trd, 4318390.193, 122
Trd, 4318391.193, 108
Trd, 4318391.393, 104
Trd, 4318393.443, 112
Trd, 4318396.243, 106
Trd, 4318396.543, 83
Trd, 4318396.643, 107
Trd, 4318397.643, 81
Trd, 4318399.493, 96
Trd, 4318400.293, 87
Trd, 4318401.093, 84
Trd, 4318402.243, 96
Trd, 4318402.443, 104
Trd, 4318403.493, 90
Trd, 4318404.693, 111
Trd, 4318406.243, 92
Trd, 4318407.243, 112
Trd, 4318408.643, 87
Trd, 4318408.743, 88
Trd, 4318409.293, 78
Trd, 4318412.543, 86
Trd, 4318412.593, 95
Trd, 4318414.243, 86
Trd, 4318414.893, 100
Trd, 4318415.193, 104
Trd, 4318415.493, 84
Trd, 4318416.093, 111
Trd, 4318418.943, 90
Trd, 4318419.693, 91
Trd, 4318420.593, 95
Trd, 4318421.043, 95
Trd, 4318423.093, 111
Trd, 4318423.393, 111
Trd, 4318424.293, 104
Trd, 4318425.793, 95
Trd, 4318426.393, 85
Trd, 4318428.143, 115
Trd, 4318428.343, 116
Trd, 4318429.643, 113
Trd, 4318429.993, 96
Trd, 4318430.293, 113
Trd, 4318430.543, 95
Trd, 4318432.693, 129
Trd, 4318433.993, 122
Trd, 4318434.743, 104
Trd, 4318436.493, 95
Trd, 4318436.993, 81
Trd, 4318438.093, 113
Trd, 4318438.743, 78
Trd, 4318439.193, 77
Trd, 4318441.193, 89
Trd, 4318443.343, 63
Trd, 4318443.393, 87
Trd, 4318443.443, 112
Trd, 4318444.393, 78
Trd, 4318447.493, 96
Trd, 4318448.293, 80
Trd, 4318448.393, 90
Trd, 4318448.443, 78
Trd, 4318451.293, 89
Trd, 4318452.143, 96
Trd, 4318453.743, 93
Trd, 4318454.343, 98
Trd, 4318455.343, 95
Trd, 4318455.643, 104
Trd, 4318456.693, 112
Trd, 4318458.843, 122
Trd, 4318458.993, 104
Trd, 4318460.443, 80
Trd, 4318461.993, 86
Trd, 4318462.943, 96
Trd, 4318463.543, 82
Trd, 4318464.393, 91
Trd, 4318468.793, 93
Trd, 4318469.243, 97
Trd, 4318469.893, 98
Trd, 4318469.943, 114
Trd, 4318470.193, 92
Trd, 4318470.543, 85
Trd, 4318472.593, 109
Trd, 4318474.043, 122
Trd, 4318476.643, 65
Trd, 4318477.243, 85
Trd, 4318478.393, 91
Trd, 4318479.143, 71
Trd, 4318481.393, 79
Trd, 4318482.093, 75
Trd, 4318482.593, 96
Trd, 4318483.343, 104
Trd, 4318484.043, 112
Trd, 4318484.943, 105
Trd, 4318487.393, 112
Trd, 4318488.593, 105
Trd, 4318489.493, 104
Trd, 4318490.993, 80
Trd, 4318491.443, 111
Trd, 4318491.743, 85
Trd, 4318491.843, 113
Trd, 4318493.493, 86
Trd, 4318494.043, 112
Trd, 4318494.393, 104
Trd, 4318495.343, 77
Trd, 4318496.943, 108
Trd, 4318498.443, 114
Trd, 4318498.693, 112
Trd, 4318498.743, 105
Trd, 4318499.193, 95
Trd, 4318500.993, 98
Trd, 4318503.543, 84
Trd, 4318504.843, 102
Trd, 4318505.343, 114
Trd, 4318506.593, 121
Trd, 4318507.543, 114
Trd, 4318507.743, 109
Trd, 4318511.093, 113
Trd, 4318511.343, 96
Trd, 4318511.393, 113
Trd, 4318511.443, 95
Trd, 4318512.693, 122
Trd, 4318513.243, 86
Trd, 4318516.143, 112
Trd, 4318516.393, 96
Trd, 4318518.043, 98
Trd, 4318518.093, 97
Trd, 4318518.793, 112
Trd, 4318519.143, 113
Trd, 4318519.643, 88
Trd, 4318520.843, 101
Trd, 4318523.593, 122
Trd, 4318524.343, 94
Trd, 4318524.643, 87
Trd, 4318527.493, 91
Trd, 4318527.943, 103
Trd, 4318528.993, 113
Trd, 4318530.543, 113
Trd, 4318531.243, 95
Trd, 4318533.893, 91
Trd, 4318534.343, 90
Trd, 4318535.693, 92
Trd, 4318535.943, 104
Trd, 4318536.543, 108
Trd, 4318538.193, 78
Trd, 4318539.693, 102
Trd, 4318540.893, 95
Trd, 4318542.743, 87
Trd, 4318543.143, 104
Trd, 4318543.193, 87
Trd, 4318544.043, 84
Trd, 4318544.393, 112
Trd, 4318545.993, 111
Trd, 4318546.843, 120
Trd, 4318549.243, 111
Trd, 4318550.293, 97
Trd, 4318551.243, 87
Trd, 4318552.143, 88
Trd, 4318552.293, 89
Trd, 4318552.843, 87
Trd, 4318554.643, 93
Trd, 4318556.543, 88
Trd, 4318557.343, 88
Trd, 4318558.193, 90
Trd, 4318558.593, 90
Trd, 4318559.143, 97
Trd, 4318559.193, 104
Trd, 4318559.993, 78
Trd, 4318561.193, 111
Trd, 4318563.943, 110
Trd, 4318564.793, 83
Trd, 4318564.993, 81
Trd, 4318566.193, 86
Trd, 4318567.593, 97
Trd, 4318567.743, 90
Trd, 4318568.943, 104
Trd, 4318569.593, 87
Trd, 4318571.643, 105
Trd, 4318572.093, 112
Trd, 4318573.443, 111
Trd, 4318573.743, 95
Trd, 4318573.843, 115
Trd, 4318573.943, 85
Trd, 4318576.343, 81
Trd, 4318577.143, 95
Trd, 4318578.293, 101
Trd, 4318578.393, 96
Trd, 4318579.293, 104
Trd, 4318580.393, 113
Trd, 4318581.093, 93
Trd, 4318581.743, 93
Trd, 4318582.643, 77
Trd, 4318583.443, 113
Trd, 4318584.343, 96
Trd, 4318584.593, 83
Trd, 4318588.643, 88
Trd, 4318588.743, 95
Trd, 4318588.943, 104
Trd, 4318589.143, 87
Trd, 4318591.993, 102
Trd, 4318592.093, 91
Trd, 4318592.143, 104
Trd, 4318593.043, 92
Trd, 4318595.843, 85
Trd, 4318596.643, 115
Trd, 4318597.943, 86
Trd, 4318598.193, 100
Trd, 4318599.543, 87
Trd, 4318600.443, 101
Trd, 4318600.843, 112
Trd, 4318604.543, 90
Trd, 4318604.593, 88
Trd, 4318605.543, 78
Trd, 4318606.493, 104
Trd, 4318607.243, 88
Trd, 4318607.693, 113
Trd, 4318610.043, 86
Trd, 4318610.793, 87
Trd, 4318612.343, 101
Trd, 4318613.093, 86
Trd, 4318613.993, 86
Trd, 4318614.293, 96
Trd, 4318615.093, 86
Trd, 4318615.143, 104
Trd, 4318616.443, 79
Trd, 4318617.193, 112
Trd, 4318619.043, 110
Trd, 4318621.043, 123
Trd, 4318621.493, 97
Trd, 4318621.793, 97
Trd, 4318623.493, 122
Trd, 4318624.893, 86
Trd, 4318626.643, 86
Trd, 4318626.793, 92
Trd, 4318627.843, 86
Trd, 4318629.243, 94
Trd, 4318629.943, 97
Trd, 4318631.593, 86
Trd, 4318633.493, 89
Trd, 4318633.943, 88
Trd, 4318634.043, 87
Trd, 4318634.993, 95
Trd, 4318635.243, 98
Trd, 4318637.293, 122
Trd, 4318638.093, 122
Trd, 4318638.243, 113
Trd, 4318639.193, 95
Trd, 4318642.143, 90
Trd, 4318642.193, 96
Trd, 4318642.993, 104
Trd, 4318643.243, 88
Trd, 4318643.893, 112
Trd, 4318646.743, 91
Trd, 4318647.443, 91
Trd, 4318647.743, 94
Trd, 4318648.343, 95
Trd, 4318648.943, 95
Trd, 4318651.493, 93
Trd, 4318651.943, 112
Trd, 4318652.193, 85
Trd, 4318652.643, 113
Trd, 4318653.343, 78
Trd, 4318655.443, 96
Trd, 4318656.193, 117
Trd, 4318657.143, 115
Trd, 4318658.493, 113
Trd, 4318658.593, 104
Trd, 4318659.893, 86
Trd, 4318661.093, 79
Trd, 4318662.793, 86
Trd, 4318663.193, 97
Trd, 4318663.493, 104
Trd, 4318664.693, 82
Trd, 4318666.343, 113
Trd, 4318668.143, 89
Trd, 4318668.743, 110
Trd, 4318668.943, 90
Trd, 4318670.793, 79
Trd, 4318671.593, 96
Trd, 4318672.143, 85
Trd, 4318672.793, 92
Trd, 4318673.743, 101
Trd, 4318675.843, 120
Trd, 4318677.093, 121
Trd, 4318677.293, 115
Trd, 4318678.343, 112
Trd, 4318680.443, 106
Trd, 4318681.293, 122
Trd, 4318682.293, 104
Trd, 4318683.593, 95
Trd, 4318683.643, 84
Trd, 4318684.343, 95
Trd, 4318686.893, 109
Trd, 4318687.143, 104
Trd, 4318688.143, 131
Trd, 4318688.393, 130
Trd, 4318689.343, 121
Trd, 4318689.843, 113
Trd, 4318690.393, 104
Trd, 4318692.193, 112
Trd, 4318692.743, 83
Trd, 4318694.143, 98
Trd, 4318696.843, 77
Trd, 4318698.193, 88
Trd, 4318699.043, 70
Trd, 4318701.293, 102
Trd, 4318701.693, 92
Trd, 4318702.743, 101
Trd, 4318703.493, 104
Trd, 4318705.093, 114
Trd, 4318706.893, 83
Trd, 4318708.143, 85
Trd, 4318708.443, 83
Trd, 4318709.293, 87
Trd, 4318710.443, 80
Trd, 4318711.093, 85
Trd, 4318711.193, 97
Trd, 4318712.893, 97
Trd, 4318714.293, 86
Trd, 4318715.593, 87
Trd, 4318718.843, 107
Trd, 4318719.493, 94
Trd, 4318720.343, 108
Trd, 4318720.543, 119
Trd, 4318721.143, 92
Trd, 4318721.593, 114
Trd, 4318723.043, 112
Trd, 4318723.293, 104
Trd, 4318726.143, 90
Trd, 4318726.343, 87
Trd, 4318727.093, 85
Trd, 4318728.543, 113
Trd, 4318730.043, 121
Trd, 4318731.193, 83
Trd, 4318731.343, 112
Trd, 4318731.793, 86
Trd, 4318732.693, 99
Trd, 4318734.993, 87
Trd, 4318735.143, 87
Trd, 4318735.493, 104
Trd, 4318737.693, 95
Trd, 4318738.443, 91
Trd, 4318739.093, 88
Trd, 4318741.243, 96
Trd, 4318742.493, 94
Trd, 4318743.293, 87
Trd, 4318743.593, 90
Trd, 4318743.943, 86
Trd, 4318745.893, 95
Trd, 4318745.943, 104
Trd, 4318747.643, 71
Trd, 4318748.543, 115
Trd, 4318749.393, 85
Trd, 4318750.093, 85
Trd, 4318753.843, 84
Trd, 4318753.993, 83
Trd, 4318754.143, 82
Trd, 4318755.993, 98
Trd, 4318756.143, 87
Trd, 4318756.593, 85
Trd, 4318757.593, 104
Trd, 4318760.043, 69
Trd, 4318761.243, 86
Trd, 4318763.243, 94
Trd, 4318764.793, 79
Trd, 4318766.943, 85
Trd, 4318767.893, 83
Trd, 4318767.943, 98
Trd, 4318769.143, 100
Trd, 4318769.193, 104
Trd, 4318770.293, 113
Trd, 4318771.293, 96
Trd, 4318774.243, 108
Trd, 4318774.743, 100
Trd, 4318776.093, 97
Trd, 4318776.193, 89
Trd, 4318777.943, 93
Trd, 4318778.893, 94
Trd, 4318779.693, 113
Trd, 4318780.593, 94
Trd, 4318781.293, 104
Trd, 4318782.293, 92
Trd, 4318783.243, 95
Trd, 4318783.943, 95
Trd, 4318784.043, 104
Trd, 4318785.543, 101
Trd, 4318786.043, 100
Trd, 4318786.093, 84
Trd, 4318787.743, 100
Trd, 4318788.343, 101
Trd, 4318788.843, 82
Trd, 4318789.993, 113
Trd, 4318791.543, 85
Trd, 4318791.793, 86
Trd, 4318793.543, 83
Trd, 4318793.743, 96
Trd, 4318795.343, 114
Trd, 4318795.943, 113
Trd, 4318797.443, 85
Trd, 4318798.943, 89
Trd, 4318799.993, 87
Trd, 4318800.293, 97
Trd, 4318800.793, 74
Trd, 4318803.793, 114
Trd, 4318804.843, 86
Trd, 4318805.493, 80
Trd, 4318805.993, 123
Trd, 4318806.643, 122
Trd, 4318807.093, 104
Trd, 4318809.443, 112
Trd, 4318810.343, 77
Trd, 4318812.093, 89
Trd, 4318812.193, 95
Trd, 4318814.193, 79
Trd, 4318815.643, 112
Trd, 4318815.793, 113
Trd, 4318816.143, 120
Trd, 4318816.343, 119
Trd, 4318820.143, 90
Trd, 4318820.493, 91
Trd, 4318821.093, 97
Trd, 4318821.743, 118
Trd, 4318824.293, 86
Trd, 4318824.743, 83
Trd, 4318825.243, 96
Trd, 4318825.393, 84
Trd, 4318826.143, 84
Trd, 4318829.343, 80
Trd, 4318829.743, 97
Trd, 4318830.343, 103
Trd, 4318830.543, 104
Trd, 4318832.743, 95
Trd, 4318832.893, 95
Trd, 4318833.043, 92
Trd, 4318834.493, 113
Trd, 4318837.793, 85
Trd, 4318838.843, 102
Trd, 4318838.893, 84
Trd, 4318839.343, 105
Trd, 4318839.593, 84
Trd, 4318842.593, 93
Trd, 4318842.643, 102
Trd, 4318845.693, 99
Trd, 4318845.743, 98
Trd, 4318846.443, 95
Trd, 4318846.793, 104
Trd, 4318846.943, 89
Trd, 4318848.093, 113
Trd, 4318849.443, 86
Trd, 4318849.543, 90
Trd, 4318852.693, 105
Trd, 4318854.193, 87
Trd, 4318854.543, 85
Trd, 4318855.043, 86
Trd, 4318855.593, 87
Trd, 4318857.193, 108
Trd, 4318857.993, 96
Trd, 4318859.893, 81
Trd, 4318862.343, 88
Trd, 4318863.293, 88
Trd, 4318863.343, 87
Trd, 4318863.443, 104
Trd, 4318865.193, 95
Trd, 4318865.293, 113
Trd, 4318865.493, 91
Trd, 4318866.843, 99
Trd, 4318868.293, 99
Trd, 4318869.293, 98
Trd, 4318869.693, 95
Trd, 4318870.093, 86
Trd, 4318871.943, 61
Trd, 4318873.293, 86
Trd, 4318874.193, 87
Trd, 4318877.643, 97
Trd, 4318878.393, 87
Trd, 4318878.643, 85
Trd, 4318878.893, 85
Trd, 4318879.243, 104
Trd, 4318880.693, 118
Trd, 4318881.043, 84
Trd, 4318883.993, 85
Trd, 4318885.343, 95
Trd, 4318885.493, 94
Trd, 4318885.793, 106
Trd, 4318886.093, 113
Trd, 4318888.193, 117
Trd, 4318888.443, 113
Trd, 4318889.393, 95
Trd, 4318889.543, 82
Trd, 4318890.543, 123
Trd, 4318892.143, 87
Trd, 4318893.493, 89
Trd, 4318897.393, 92
Trd, 4318897.693, 94
Trd, 4318897.793, 91
Trd, 4318898.143, 98
Trd, 4318899.193, 86
Trd, 4318900.743, 98
Trd, 4318901.143, 86
Trd, 4318902.193, 113
Trd, 4318903.793, 110
Trd, 4318904.243, 86
Trd, 4318905.693, 87
Trd, 4318905.943, 110
Trd, 4318907.143, 88
Trd, 4318907.793, 122
Trd, 4318910.343, 89
Trd, 4318910.693, 88
Trd, 4318912.193, 113
Trd, 4318913.143, 112
Trd, 4318913.293, 91
Trd, 4318913.893, 87
Trd, 4318914.693, 87
Trd, 4318915.793, 105
Trd, 4318916.843, 84
Trd, 4318917.493, 100
Trd, 4318919.393, 86
Trd, 4318919.593, 99
Trd, 4318921.343, 84
Trd, 4318923.193, 96
Trd, 4318923.743, 87
Trd, 4318924.693, 103
Trd, 4318926.443, 82
Trd, 4318927.493, 83
Trd, 4318927.543, 86
Trd, 4318927.993, 100
Trd, 4318929.843, 60
Trd, 4318931.343, 86
Trd, 4318932.743, 87
Trd, 4318933.543, 87
Trd, 4318934.443, 97
Trd, 4318935.543, 103
Trd, 4318936.143, 77
Trd, 4318936.593, 104
Trd, 4318937.193, 113
Trd, 4318937.543, 86
Trd, 4318941.243, 102
Trd, 4318941.643, 88
Trd, 4318943.243, 90
Trd, 4318944.043, 85
Trd, 4318944.293, 100
Trd, 4318946.843, 98
Trd, 4318947.193, 104
Trd, 4318947.543, 92
Trd, 4318947.643, 87
Trd, 4318948.393, 96
Trd, 4318951.493, 83
Trd, 4318952.443, 80
Trd, 4318952.893, 80
Trd, 4318954.193, 95
Trd, 4318955.593, 94
Trd, 4318956.643, 112
Trd, 4318957.393, 91
Trd, 4318957.643, 105
Trd, 4318958.443, 112
Trd, 4318960.543, 92
Trd, 4318962.393, 95
Trd, 4318963.043, 95
Trd, 4318963.593, 96
Trd, 4318963.693, 95
Trd, 4318965.293, 111
Trd, 4318966.993, 91
Trd, 4318967.993, 108
Trd, 4318969.043, 88
Trd, 4318969.693, 87
Trd, 4318970.343, 91
Trd, 4318972.693, 86
Trd, 4318974.143, 87
Trd, 4318975.093, 89
Trd, 4318975.543, 86
Trd, 4318976.093, 100
Trd, 4318976.843, 83
Trd, 4318978.943, 63
Trd, 4318979.043, 95
Trd, 4318979.143, 100
Trd, 4318981.493, 70
Trd, 4318982.843, 82
Trd, 4318984.293, 87
Trd, 4318985.093, 97
Trd, 4318986.093, 88
Trd, 4318986.643, 95
Trd, 4318986.993, 91
Trd, 4318988.343, 104
Trd, 4318988.793, 113
Trd, 4318988.943, 93
Trd, 4318992.943, 88
Trd, 4318993.243, 91
Trd, 4318994.793, 94
Trd, 4318995.393, 90
Trd, 4318995.893, 95
Trd, 4318996.043, 113
Trd, 4318996.593, 121
Trd, 4318997.043, 84
Trd, 4318999.043, 82
Trd, 4319000.193, 80
Trd, 4319000.643, 84
Trd, 4319000.743, 89
Trd, 4319002.543, 111
Trd, 4319003.393, 78
Trd, 4319004.993, 80
Trd, 4319005.793, 83
Trd, 4319006.343, 82
Trd, 4319006.743, 86
Trd, 4319006.943, 99
Trd, 4319008.043, 90
Trd, 4319009.093, 103
Trd, 4319009.893, 91
Trd, 4319010.643, 96
Trd, 4319012.243, 104
Trd, 4319013.293, 111
Trd, 4319013.343, 110
Trd, 4319015.293, 113
Trd, 4319015.793, 104
Trd, 4319017.043, 95
Trd, 4319019.393, 83
Trd, 4319019.443, 85
Trd, 4319019.793, 99
Trd, 4319021.443, 89
Trd, 4319024.093, 89
Trd, 4319024.493, 90
Trd, 4319024.593, 88
Trd, 4319024.843, 86
Trd, 4319026.193, 95
Trd, 4319026.893, 103
Trd, 4319027.143, 104
Trd, 4319031.443, 60
Trd, 4319031.543, 78
Trd, 4319032.993, 92
Trd, 4319033.443, 95
Trd, 4319033.893, 68
Trd, 4319035.793, 90
Trd, 4319037.493, 104
Trd, 4319037.743, 105
Trd, 4319038.093, 87
Trd, 4319038.443, 83
Trd, 4319038.993, 76
Trd, 4319042.093, 89
Trd, 4319043.393, 90
Trd, 4319045.143, 88
Trd, 4319045.343, 78
Trd, 4319046.343, 87
Trd, 4319046.543, 92
Trd, 4319047.293, 96
Trd, 4319049.843, 85
Trd, 4319050.443, 86
Trd, 4319050.743, 97
Trd, 4319051.593, 86
Trd, 4319051.893, 77
Trd, 4319054.593, 76
Trd, 4319055.243, 77
Trd, 4319055.293, 86
Trd, 4319057.093, 85
Trd, 4319058.543, 86
Trd, 4319059.543, 87
Trd, 4319060.043, 97
Trd, 4319063.193, 104
Trd, 4319063.643, 85
Trd, 4319064.943, 95
Trd, 4319065.493, 81
Trd, 4319065.543, 104
Trd, 4319069.343, 86
Trd, 4319069.443, 86
Trd, 4319070.043, 84
Trd, 4319070.843, 82
Trd, 4319071.093, 86
Trd, 4319071.943, 131
Trd, 4319072.793, 122
Trd, 4319073.443, 117
Trd, 4319074.143, 113
Trd, 4319076.693, 92
Trd, 4319077.093, 91
Trd, 4319080.993, 92
Trd, 4319081.143, 83
Trd, 4319082.393, 88
Trd, 4319082.943, 82
Trd, 4319083.793, 96
Trd, 4319086.143, 109
Trd, 4319086.443, 95
Trd, 4319087.143, 88
Trd, 4319089.893, 92
Trd, 4319090.043, 104
Trd, 4319091.443, 91
Trd, 4319091.543, 90
Trd, 4319092.043, 98
Trd, 4319092.693, 112
Trd, 4319094.043, 84
Trd, 4319095.993, 90
Trd, 4319097.593, 96
Trd, 4319099.243, 94
Trd, 4319100.393, 96
Trd, 4319100.493, 95
Trd, 4319101.843, 84
Trd, 4319103.193, 122
Trd, 4319103.493, 112
Trd, 4319103.643, 113
Trd, 4319105.743, 88
Trd, 4319106.943, 83
Trd, 4319107.843, 105
Trd, 4319109.343, 86
Trd, 4319111.593, 83
Trd, 4319111.893, 80
Trd, 4319111.993, 97
Trd, 4319112.543, 90
Trd, 4319113.193, 104
Trd, 4319115.593, 78
Trd, 4319116.443, 98
Trd, 4319117.443, 67
Trd, 4319119.843, 86
Trd, 4319121.643, 75
Trd, 4319122.693, 102
Trd, 4319123.493, 86
Trd, 4319124.193, 116
Trd, 4319125.643, 86
Trd, 4319127.343, 89
Trd, 4319127.843, 93
Trd, 4319129.043, 102
Trd, 4319129.093, 87
Trd, 4319129.393, 104
Trd, 4319129.993, 113
Trd, 4319130.343, 86
Trd, 4319131.993, 101
Trd, 4319133.143, 95
Trd, 4319134.843, 104
Trd, 4319135.243, 113
Trd, 4319135.643, 115
Trd, 4319136.943, 90
Trd, 4319137.143, 89
Trd, 4319137.493, 82
Trd, 4319141.943, 102
Trd, 4319142.893, 101
Trd, 4319143.443, 87
Trd, 4319143.543, 86
Trd, 4319143.843, 86
Trd, 4319144.043, 104
Trd, 4319146.243, 114
Trd, 4319147.193, 115
Trd, 4319148.043, 113
Trd, 4319149.693, 98
Trd, 4319150.493, 95
Trd, 4319151.543, 83
Trd, 4319151.793, 106
Trd, 4319152.893, 87
Trd, 4319152.943, 104
Trd, 4319153.443, 100
Trd, 4319154.343, 83
Trd, 4319154.993, 114
Trd, 4319157.643, 71
Trd, 4319158.393, 83
Trd, 4319159.543, 86
Trd, 4319160.643, 98
Trd, 4319160.993, 84
Trd, 4319161.993, 80
Trd, 4319162.343, 79
Trd, 4319162.593, 86
Trd, 4319165.143, 109
Trd, 4319166.493, 90
Trd, 4319167.193, 104
Trd, 4319167.443, 105
Trd, 4319168.393, 89
Trd, 4319169.443, 92
Trd, 4319170.193, 92
Trd, 4319171.343, 83
Trd, 4319171.393, 116
Trd, 4319173.643, 90
Trd, 4319174.243, 113
Trd, 4319176.443, 97
Trd, 4319176.493, 109
Trd, 4319176.993, 96
Trd, 4319179.093, 112
Trd, 4319180.993, 86
Trd, 4319181.443, 111
Trd, 4319182.893, 111
Trd, 4319183.293, 104
Trd, 4319184.493, 88
Trd, 4319185.193, 96
Trd, 4319185.293, 90
Trd, 4319186.793, 91
Trd, 4319186.893, 112
Trd, 4319189.943, 86
Trd, 4319190.443, 87
Trd, 4319191.793, 88
Trd, 4319192.193, 86
Trd, 4319192.343, 95
Trd, 4319192.893, 86
Trd, 4319195.293, 98
Trd, 4319197.843, 85
Trd, 4319198.343, 84
Trd, 4319199.193, 96
Trd, 4319199.693, 103
Trd, 4319201.643, 89
Trd, 4319202.143, 100
Trd, 4319202.193, 85
Trd, 4319203.593, 65
Trd, 4319204.693, 82
Trd, 4319205.443, 89
Trd, 4319208.343, 86
Trd, 4319208.743, 89
Trd, 4319209.943, 78
Trd, 4319209.993, 64
Trd, 4319210.443, 95
Trd, 4319212.493, 104
Trd, 4319212.743, 90
Trd, 4319215.643, 95
Trd, 4319215.893, 104
Trd, 4319216.293, 93
Trd, 4319216.493, 112
Trd, 4319216.593, 92
Trd, 4319219.043, 85
Trd, 4319220.543, 95
Trd, 4319221.593, 93
Trd, 4319221.643, 110
Trd, 4319223.343, 111
Trd, 4319223.493, 113
Trd, 4319224.493, 122
Trd, 4319224.543, 107
Trd, 4319225.543, 104
Trd, 4319227.393, 112
Trd, 4319227.943, 92
Trd, 4319228.243, 113
Trd, 4319228.343, 82
Trd, 4319230.293, 81
Trd, 4319232.793, 122
Trd, 4319232.893, 101
Trd, 4319233.293, 87
Trd, 4319234.643, 112
Trd, 4319236.393, 119
Trd, 4319237.193, 113
Trd, 4319237.393, 96
Trd, 4319238.393, 95
Trd, 4319239.643, 112
Trd, 4319241.593, 105
Trd, 4319242.543, 115
Trd, 4319244.843, 98
Trd, 4319244.943, 86
Trd, 4319245.593, 77
Trd, 4319245.793, 96
Trd, 4319245.843, 110
Trd, 4319248.843, 113
Trd, 4319248.893, 112
Trd, 4319249.893, 113
Trd, 4319250.193, 97
Trd, 4319251.693, 95
Trd, 4319252.693, 118
Trd, 4319253.743, 95
Trd, 4319254.193, 87
Trd, 4319256.293, 95
Trd, 4319259.143, 100
Trd, 4319259.343, 98
Trd, 4319260.143, 106
Trd, 4319260.193, 109
Trd, 4319262.393, 87
Trd, 4319263.043, 95
Trd, 4319263.543, 99
Trd, 4319264.943, 102
Trd, 4319265.543, 82
Trd, 4319267.343, 101
Trd, 4319268.493, 104
Trd, 4319270.693, 113
Trd, 4319270.843, 95
Trd, 4319271.443, 94
Trd, 4319272.743, 85
Trd, 4319274.093, 84
Trd, 4319274.693, 88
Trd, 4319275.043, 104
Trd, 4319278.393, 79
Trd, 4319281.343, 88
Trd, 4319281.793, 89
Trd, 4319282.143, 104
Trd, 4319282.493, 88
Trd, 4319283.343, 88
Trd, 4319284.843, 104
Trd, 4319284.993, 91
Trd, 4319289.143, 96
Trd, 4319289.993, 96
Trd, 4319290.443, 113
Trd, 4319291.243, 96
Trd, 4319291.493, 95
Trd, 4319292.943, 133
Trd, 4319293.793, 86
Trd, 4319294.843, 113
Trd, 4319295.293, 87
Trd, 4319295.793, 121
Trd, 4319297.293, 91
Trd, 4319297.593, 87
Trd, 4319297.943, 85
Trd, 4319299.493, 113
Trd, 4319300.843, 82
Trd, 4319301.293, 84
Trd, 4319302.943, 85
Trd, 4319304.443, 83
Trd, 4319304.693, 84
Trd, 4319307.243, 99
Trd, 4319308.343, 103
Trd, 4319309.443, 124
Trd, 4319311.343, 95
Trd, 4319311.393, 94
Trd, 4319312.043, 113
Trd, 4319312.893, 101
Trd, 4319314.643, 112
Trd, 4319315.393, 93
Trd, 4319318.643, 96
Trd, 4319318.743, 95
Trd, 4319318.793, 105
Trd, 4319319.593, 96
Trd, 4319320.643, 105
Trd, 4319320.793, 106
Trd, 4319322.293, 104
Trd, 4319322.443, 103
Trd, 4319324.093, 130
Trd, 4319325.043, 111
Trd, 4319326.193, 122
Trd, 4319326.343, 121
Trd, 4319327.443, 104
Trd, 4319328.793, 111
Trd, 4319331.243, 115
Trd, 4319332.043, 87
Trd, 4319332.443, 81
Trd, 4319332.643, 113
Trd, 4319333.293, 78
Trd, 4319335.193, 102
Trd, 4319336.493, 91
Trd, 4319336.843, 122
Trd, 4319337.443, 119
Trd, 4319339.443, 95
Trd, 4319341.343, 123
Trd, 4319341.643, 121
Trd, 4319341.943, 114
Trd, 4319342.143, 113
Trd, 4319344.543, 106
Trd, 4319346.443, 112
Trd, 4319347.493, 114
Trd, 4319348.293, 122
Trd, 4319349.243, 96
Trd, 4319349.743, 95
Trd, 4319349.943, 121
Trd, 4319350.843, 113
Trd, 4319352.393, 90
Trd, 4319354.993, 94
Trd, 4319356.093, 94
Trd, 4319356.193, 93
Trd, 4319356.993, 90
Trd, 4319357.343, 104
Trd, 4319358.743, 98
Trd, 4319359.743, 104
Trd, 4319360.293, 89
Trd, 4319361.393, 117
Trd, 4319362.243, 79
Trd, 4319363.593, 80
Trd, 4319364.793, 84
Trd, 4319366.943, 86
Trd, 4319367.043, 87
Trd, 4319367.643, 94
Trd, 4319367.793, 81
Trd, 4319368.943, 86
Trd, 4319369.043, 104
Trd, 4319370.543, 110
Trd, 4319370.793, 111
Trd, 4319372.543, 95
Trd, 4319373.243, 95
Trd, 4319374.893, 90
Trd, 4319374.993, 104
Trd, 4319375.843, 90
Trd, 4319378.393, 86
Trd, 4319379.143, 104
Trd, 4319379.543, 117
Trd, 4319380.943, 113
Trd, 4319381.543, 112
Trd, 4319381.843, 113
Trd, 4319382.493, 104
Trd, 4319383.593, 121
Trd, 4319386.243, 81
Trd, 4319388.443, 84
Trd, 4319389.243, 97
Trd, 4319389.843, 87
Trd, 4319390.393, 88
Trd, 4319390.843, 96
Trd, 4319393.193, 99
Trd, 4319393.393, 104
Trd, 4319393.543, 88
Trd, 4319394.743, 98
Trd, 4319398.143, 88
Trd, 4319398.943, 86
Trd, 4319399.193, 99
Trd, 4319399.693, 115
Trd, 4319401.893, 96
Trd, 4319403.043, 87
Trd, 4319403.493, 88
Trd, 4319404.243, 86
Trd, 4319404.993, 86
Trd, 4319405.043, 102
Trd, 4319405.293, 104
Trd, 4319407.993, 85
Trd, 4319408.193, 92
Trd, 4319409.293, 102
Trd, 4319409.943, 115
Trd, 4319410.993, 91
Trd, 4319411.293, 91
Trd, 4319411.393, 80
Trd, 4319416.193, 93
Trd, 4319417.293, 92
Trd, 4319417.743, 91
Trd, 4319418.393, 92
Trd, 4319418.643, 98
Trd, 4319419.343, 90
Trd, 4319419.393, 104
Trd, 4319420.593, 88
Trd, 4319421.393, 113
Trd, 4319422.893, 117
Trd, 4319423.493, 100
Trd, 4319424.743, 89
Trd, 4319424.943, 86
Trd, 4319426.993, 88
Trd, 4319427.743, 101
Trd, 4319430.293, 114
Trd, 4319431.193, 91
Trd, 4319433.743, 98
Trd, 4319434.493, 99
Trd, 4319434.893, 95
Trd, 4319435.143, 95
Trd, 4319435.693, 94
Trd, 4319438.143, 109
Trd, 4319438.843, 96
Trd, 4319439.093, 95
Trd, 4319439.743, 86
Trd, 4319440.543, 105
Trd, 4319441.493, 105
Trd, 4319442.343, 86
Trd, 4319442.693, 86
Trd, 4319444.243, 86
Trd, 4319444.343, 88
Trd, 4319446.593, 76
Trd, 4319448.343, 87
Trd, 4319449.993, 98
Trd, 4319450.543, 86
Trd, 4319451.543, 113
Trd, 4319453.743, 105
Trd, 4319453.993, 104
Trd, 4319455.993, 95
Trd, 4319456.493, 110
Trd, 4319456.693, 92
Trd, 4319458.993, 90
Trd, 4319460.143, 90
Trd, 4319460.243, 97
Trd, 4319460.793, 110
Trd, 4319461.543, 89
Trd, 4319464.043, 101
Trd, 4319464.493, 91
Trd, 4319464.693, 90
Trd, 4319465.193, 103
Trd, 4319465.643, 86
Trd, 4319468.043, 79
Trd, 4319469.893, 87
Trd, 4319470.193, 99
Trd, 4319470.743, 114
Trd, 4319470.993, 90
Trd, 4319473.643, 111
Trd, 4319474.493, 111
Trd, 4319475.143, 96
Trd, 4319475.243, 124
Trd, 4319476.143, 95
Trd, 4319478.693, 78
Trd, 4319479.243, 78
Trd, 4319479.493, 121
Trd, 4319480.243, 112
Trd, 4319480.993, 85
Trd, 4319482.243, 87
Trd, 4319483.243, 96
Trd, 4319484.993, 114
Trd, 4319485.293, 113
Trd, 4319486.293, 98
Trd, 4319487.943, 113
Trd, 4319488.693, 113
Trd, 4319489.743, 95
Trd, 4319491.943, 91
Trd, 4319493.693, 119
Trd, 4319493.993, 122
Trd, 4319495.143, 112
Trd, 4319495.543, 104
Trd, 4319496.793, 97
Trd, 4319498.143, 112
Trd, 4319498.443, 77
Trd, 4319499.593, 111
Trd, 4319501.943, 88
Trd, 4319502.443, 95
Trd, 4319503.743, 90
Trd, 4319503.793, 88
Trd, 4319504.193, 101
Trd, 4319504.243, 104
Trd, 4319508.293, 82
Trd, 4319509.943, 92
Trd, 4319510.943, 89
Trd, 4319511.943, 87
Trd, 4319513.343, 83
Trd, 4319513.543, 101
Trd, 4319513.743, 82
Trd, 4319514.543, 113
Trd, 4319516.043, 113
Trd, 4319517.693, 96
Trd, 4319518.143, 97
Trd, 4319519.743, 124
Trd, 4319520.143, 122
Trd, 4319520.593, 95
Trd, 4319521.993, 89
Trd, 4319522.293, 77
Trd, 4319523.293, 81
Trd, 4319523.693, 104
Trd, 4319525.743, 87
Trd, 4319526.443, 89
Trd, 4319528.493, 86
Trd, 4319529.193, 90
Trd, 4319530.843, 92
Trd, 4319532.143, 95
Trd, 4319533.543, 96
Trd, 4319533.793, 93
Trd, 4319536.493, 86
Trd, 4319537.143, 88
Trd, 4319537.543, 97
Trd, 4319537.943, 103
Trd, 4319539.093, 77
Trd, 4319539.393, 91
Trd, 4319541.843, 91
Trd, 4319543.043, 91
Trd, 4319545.693, 93
Trd, 4319546.043, 93
Trd, 4319546.193, 104
Trd, 4319547.443, 93
Trd, 4319548.443, 101
Trd, 4319550.093, 87
Trd, 4319551.193, 94
Trd, 4319552.493, 92
Trd, 4319552.993, 99
Trd, 4319553.893, 93
Trd, 4319555.793, 87
Trd, 4319556.193, 103
Trd, 4319557.943, 84
Trd, 4319558.543, 103
Trd, 4319559.093, 99
Trd, 4319561.093, 88
Trd, 4319561.993, 86
Trd, 4319562.443, 84
Trd, 4319564.043, 86
Trd, 4319564.243, 78
Trd, 4319565.193, 102
Trd, 4319565.543, 84
Trd, 4319566.343, 116
Trd, 4319567.743, 105
Trd, 4319569.043, 86
Trd, 4319569.143, 113
Trd, 4319570.793, 94
Trd, 4319571.643, 87
Trd, 4319572.143, 90
Trd, 4319574.093, 90
Trd, 4319574.543, 88
Trd, 4319577.643, 90
Trd, 4319577.743, 104
Trd, 4319578.193, 113
Trd, 4319578.693, 95
Trd, 4319578.843, 91
Trd, 4319579.443, 77
Trd, 4319581.043, 115
Trd, 4319581.543, 113
Trd, 4319582.593, 112
Trd, 4319582.693, 113
Trd, 4319583.093, 104
Trd, 4319583.793, 68
Trd, 4319585.043, 121
Trd, 4319585.243, 104
Trd, 4319587.443, 115
Trd, 4319587.743, 113
Trd, 4319588.893, 87
Trd, 4319591.043, 111
Trd, 4319591.193, 80
Trd, 4319592.893, 111
Trd, 4319593.943, 94
Trd, 4319594.693, 97
Trd, 4319594.993, 84
Trd, 4319596.093, 112
Trd, 4319596.893, 86
Trd, 4319598.343, 87
Trd, 4319600.843, 88
Trd, 4319601.493, 99
Trd, 4319602.293, 104
Trd, 4319602.443, 118
Trd, 4319602.593, 84
Trd, 4319603.843, 80
Trd, 4319604.643, 104
Trd, 4319607.393, 84
Trd, 4319608.293, 102
Trd, 4319608.993, 88
Trd, 4319611.693, 132
Trd, 4319612.343, 89
Trd, 4319612.493, 85
Trd, 4319612.943, 96
Trd, 4319614.143, 97
Trd, 4319615.293, 87
Trd, 4319615.493, 104
Trd, 4319616.493, 113
Trd, 4319617.243, 86
Trd, 4319618.093, 87
Trd, 4319620.693, 122
Trd, 4319621.693, 95
Trd, 4319622.143, 85
Trd, 4319624.693, 89
Trd, 4319625.793, 91
Trd, 4319626.593, 91
Trd, 4319626.743, 96
Trd, 4319628.293, 111
Trd, 4319628.643, 111
Trd, 4319629.343, 93
Trd, 4319630.593, 113
Trd, 4319630.993, 77
Trd, 4319632.843, 115
Trd, 4319633.043, 115
Trd, 4319634.143, 104
Trd, 4319635.393, 93
Trd, 4319636.543, 93
Trd, 4319636.943, 91
Trd, 4319637.543, 96
Trd, 4319640.093, 86
Trd, 4319640.643, 77
Trd, 4319643.793, 76
Trd, 4319644.093, 77
Trd, 4319646.843, 83
Trd, 4319647.093, 99
Trd, 4319648.693, 86
Trd, 4319651.043, 90
Trd, 4319651.143, 89
Trd, 4319651.393, 88
Trd, 4319652.093, 110
Trd, 4319653.243, 122
Trd, 4319656.643, 87
Trd, 4319656.793, 86
Trd, 4319657.793, 87
Trd, 4319657.843, 104
Trd, 4319658.393, 96
Trd, 4319659.343, 83
Trd, 4319659.793, 116
Trd, 4319659.943, 79
Trd, 4319661.043, 64
Trd, 4319663.593, 122
Trd, 4319664.093, 105
Trd, 4319665.293, 121
Trd, 4319667.343, 105
Trd, 4319667.493, 104
Trd, 4319668.893, 113
Trd, 4319670.443, 113
Trd, 4319670.593, 95
Trd, 4319671.293, 86
Trd, 4319672.343, 110
Trd, 4319672.543, 113
Trd, 4319675.143, 91
Trd, 4319675.693, 92
Trd, 4319676.493, 103
Trd, 4319677.393, 121
Trd, 4319677.943, 95
Trd, 4319679.143, 95
Trd, 4319679.793, 113
Trd, 4319683.143, 87
Trd, 4319684.093, 87
Trd, 4319684.543, 87
Trd, 4319684.993, 87
Trd, 4319686.693, 85
Trd, 4319686.993, 92
Trd, 4319687.243, 96
Trd, 4319690.193, 88
Trd, 4319691.593, 90
Trd, 4319692.493, 96
Trd, 4319693.193, 88
Trd, 4319693.243, 104
Trd, 4319694.943, 112
Trd, 4319695.143, 104
Trd, 4319695.843, 87
Trd, 4319697.843, 116
Trd, 4319698.293, 86
Trd, 4319699.143, 77
Trd, 4319699.443, 95
Trd, 4319701.043, 91
Trd, 4319703.793, 117
Trd, 4319703.843, 112
Trd, 4319704.143, 104
Trd, 4319704.643, 118
Trd, 4319705.943, 123
Trd, 4319706.143, 95
Trd, 4319708.143, 112
Trd, 4319708.743, 93
Trd, 4319709.343, 82
Trd, 4319711.893, 86
Trd, 4319712.293, 95
Trd, 4319713.893, 95
Trd, 4319715.143, 91
Trd, 4319716.043, 91
Trd, 4319716.643, 105
Trd, 4319717.943, 77
Trd, 4319718.043, 87
Trd, 4319719.993, 84
Trd, 4319721.593, 119
Trd, 4319722.343, 113
Trd, 4319723.493, 104
Trd, 4319725.943, 89
Trd, 4319725.993, 99
Trd, 4319726.393, 104
Trd, 4319727.093, 87
Trd, 4319727.993, 99
Trd, 4319729.743, 87
Trd, 4319730.343, 86
Trd, 4319731.993, 81
Trd, 4319732.643, 98
Trd, 4319735.043, 85
Trd, 4319735.493, 86
Trd, 4319737.093, 99
Trd, 4319738.543, 93
Trd, 4319738.743, 93
Trd, 4319739.193, 112
Trd, 4319740.043, 112
Trd, 4319741.293, 82
Trd, 4319742.043, 111
Trd, 4319742.493, 87
Trd, 4319744.343, 87
Trd, 4319744.793, 95
Trd, 4319747.693, 94
Trd, 4319748.193, 95
Trd, 4319750.093, 88
Trd, 4319752.193, 88
Trd, 4319752.943, 104
Trd, 4319754.693, 99
Trd, 4319755.143, 86
Trd, 4319756.493, 83
Trd, 4319757.593, 87
Trd, 4319758.093, 85
Trd, 4319758.793, 96
Trd, 4319758.943, 104
Trd, 4319759.443, 84
Trd, 4319761.643, 85
Trd, 4319762.093, 86
Trd, 4319762.993, 97
Trd, 4319763.593, 90
Trd, 4319763.943, 89
Trd, 4319763.993, 101
Trd, 4319764.893, 104
Trd, 4319766.743, 91
Trd, 4319767.493, 111
Trd, 4319767.943, 82
Trd, 4319769.893, 81
Trd, 4319770.943, 86
Trd, 4319771.793, 89
Trd, 4319772.143, 105
Trd, 4319772.843, 87
Trd, 4319775.393, 95
Trd, 4319776.643, 96
Trd, 4319776.693, 91
Trd, 4319776.943, 99
Trd, 4319778.843, 84
Trd, 4319778.993, 104
Trd, 4319780.043, 79
Trd, 4319781.543, 96
Trd, 4319782.693, 86
Trd, 4319782.743, 103
Trd, 4319783.693, 87
Trd, 4319784.143, 104
Trd, 4319785.243, 90
Trd, 4319785.793, 95
Trd, 4319786.893, 112
Trd, 4319787.943, 120
Trd, 4319789.793, 93
Trd, 4319790.493, 93
Trd, 4319791.443, 84
Trd, 4319793.993, 103
Trd, 4319794.193, 83
Trd, 4319795.543, 88
Trd, 4319795.843, 118
Trd, 4319797.443, 87
Trd, 4319798.343, 104
Trd, 4319798.593, 84
Trd, 4319798.743, 99
Trd, 4319801.693, 84
Trd, 4319802.193, 91
Trd, 4319802.443, 71
Trd, 4319804.943, 68
Trd, 4319805.443, 96
Trd, 4319805.943, 85
Trd, 4319808.693, 96
Trd, 4319809.143, 90
Trd, 4319811.143, 104
Trd, 4319812.893, 95
Trd, 4319813.043, 94
Trd, 4319813.193, 89
Trd, 4319813.393, 111
Trd, 4319813.893, 115
Trd, 4319816.243, 95
Trd, 4319817.143, 87
Trd, 4319819.593, 87
Trd, 4319820.743, 86
Trd, 4319820.843, 84
Trd, 4319821.993, 87
Trd, 4319825.593, 115
Trd, 4319826.143, 113
Trd, 4319826.543, 104
Trd, 4319827.043, 85
Trd, 4319828.593, 66
Trd, 4319829.793, 86
Trd, 4319831.243, 86
Trd, 4319832.943, 77
Trd, 4319834.343, 93
Trd, 4319834.543, 100
Trd, 4319836.693, 112
Trd, 4319836.843, 77
Trd, 4319839.993, 76
Trd, 4319840.193, 79
Trd, 4319842.393, 78
Trd, 4319842.993, 93
Trd, 4319844.593, 89
Trd, 4319845.193, 90
Trd, 4319846.743, 92
Trd, 4319846.843, 90
Trd, 4319847.993, 93
Trd, 4319848.043, 99
Trd, 4319851.593, 94
Trd, 4319851.843, 104
Trd, 4319852.143, 85
Trd, 4319852.943, 100
Trd, 4319852.993, 104
Trd, 4319854.043, 114
Trd, 4319854.243, 113
Trd, 4319856.843, 95
Trd, 4319857.943, 91
Trd, 4319858.143, 92
Trd, 4319858.393, 90
Trd, 4319862.843, 99
Trd, 4319863.043, 99
Trd, 4319863.093, 104
Trd, 4319863.643, 95
Trd, 4319864.043, 109
Trd, 4319864.243, 111
Trd, 4319866.043, 89
Trd, 4319866.593, 89
Trd, 4319866.843, 87
Trd, 4319869.293, 89
Trd, 4319871.343, 88
Trd, 4319871.843, 93
Trd, 4319872.143, 87
Trd, 4319872.743, 96
Trd, 4319873.243, 104
Trd, 4319874.843, 82
Trd, 4319875.493, 83
Trd, 4319878.643, 86
Trd, 4319879.693, 122
Trd, 4319880.193, 111
Trd, 4319881.993, 89
Trd, 4319883.143, 79
Trd, 4319883.643, 86
Trd, 4319884.493, 88
Trd, 4319886.393, 104
Trd, 4319888.343, 94
Trd, 4319888.943, 87
Trd, 4319889.093, 86
Trd, 4319889.693, 86
Trd, 4319889.743, 97
Trd, 4319890.893, 77
Trd, 4319891.343, 114
Trd, 4319891.893, 122
Trd, 4319892.443, 113
Trd, 4319894.743, 113
Trd, 4319895.893, 89
Trd, 4319898.493, 82
Trd, 4319898.993, 93
Trd, 4319899.043, 96
Trd, 4319899.243, 86
Trd, 4319901.993, 90
Trd, 4319902.243, 91
Trd, 4319903.593, 95
Trd, 4319903.643, 90
Trd, 4319904.843, 91
Trd, 4319905.393, 100
Trd, 4319905.793, 90
Trd, 4319908.543, 97
Trd, 4319908.643, 88
Trd, 4319909.093, 103
Trd, 4319910.843, 86
Trd, 4319911.793, 86
Trd, 4319912.043, 85
Trd, 4319913.343, 77
Trd, 4319914.793, 98
Trd, 4319916.643, 92
Trd, 4319917.143, 94
Trd, 4319917.343, 96
Trd, 4319917.593, 90
Trd, 4319918.943, 87
Trd, 4319920.343, 100
Trd, 4319922.643, 96
Trd, 4319923.093, 110
Trd, 4319923.593, 90
Trd, 4319924.993, 90
Trd, 4319925.643, 111
Trd, 4319925.693, 88
Trd, 4319926.693, 112
Trd, 4319927.993, 86
Trd, 4319928.143, 86
Trd, 4319930.043, 88
Trd, 4319930.443, 99
Trd, 4319931.743, 93
Trd, 4319932.193, 113
Trd, 4319933.393, 92
Trd, 4319933.843, 96
Trd, 4319935.643, 102
Trd, 4319935.793, 88
Trd, 4319936.743, 113
Trd, 4319937.643, 106
Trd, 4319939.943, 87
Trd, 4319941.493, 88
Trd, 4319942.143, 89
Trd, 4319943.243, 112
Trd, 4319943.743, 95
Trd, 4319944.193, 114
Trd, 4319945.093, 113
Trd, 4319945.843, 95
Trd, 4319946.743, 113
Trd, 4319947.643, 89
Trd, 4319948.343, 111
Trd, 4319949.943, 92
Trd, 4319950.643, 92
Trd, 4319950.893, 97
Trd, 4319953.043, 85
Trd, 4319953.893, 90
Trd, 4319954.643, 116
Trd, 4319957.243, 91
Trd, 4319957.943, 100
Trd, 4319958.843, 91
Trd, 4319959.393, 82
Trd, 4319961.393, 110
Trd, 4319962.343, 83
Trd, 4319963.443, 79
Trd, 4319963.893, 90
Trd, 4319965.593, 77
Trd, 4319966.943, 89
Trd, 4319966.993, 97
Trd, 4319968.743, 80
Trd, 4319969.293, 86
Trd, 4319971.193, 88
Trd, 4319971.943, 92
Trd, 4319972.793, 112
Trd, 4319973.393, 90
Trd, 4319974.393, 90
Trd, 4319975.693, 87
Trd, 4319978.543, 93
Trd, 4319979.243, 91
Trd, 4319979.343, 95
Trd, 4319979.943, 87
Trd, 4319980.693, 103
Trd, 4319982.443, 88
Trd, 4319982.593, 89
Trd, 4319982.993, 88
Trd, 4319986.843, 98
Trd, 4319987.243, 93
Trd, 4319987.493, 101
Trd, 4319987.593, 93
Trd, 4319989.243, 93
Trd, 4319991.043, 89
Trd, 4319991.093, 112
Trd, 4319994.043, 92
Trd, 4319995.043, 86
Trd, 4319995.443, 95
Trd, 4319995.543, 104
Trd, 4319997.143, 86
Trd, 4319998.743, 80
