Trd, 4317863.743, 95
Trd, 4317864.643, 100
Trd, 4317864.693, 98
Trd, 4317865.993, 103
Trd, 4317866.293, 102
Trd, 4317870.193, 105
Trd, 4317870.943, 104
Trd, 4317872.593, 112
Trd, 4317873.993, 109
Trd, 4317876.943, 90
Trd, 4317877.493, 91
Trd, 4317879.043, 101
Trd, 4317879.143, 101
Trd, 4317880.843, 99
Trd, 4317881.893, 95
Trd, 4317883.493, 99
Trd, 4317883.843, 98
Trd, 4317885.843, 94
Trd, 4317887.543, 97
Trd, 4317887.893, 97
Trd, 4317888.593, 94
Trd, 4317889.743, 95
Trd, 4317892.793, 95
Trd, 4317893.243, 90
Trd, 4317893.893, 96
Trd, 4317894.643, 91
Trd, 4317896.143, 91
Trd, 4317896.393, 94
Trd, 4317896.993, 88
Trd, 4317901.693, 99
Trd, 4317902.293, 99
Trd, 4317902.943, 99
Trd, 4317903.643, 98
Trd, 4317904.393, 96
Trd, 4317907.043, 104
Trd, 4317908.693, 86
Trd, 4317909.493, 82
Trd, 4317910.793, 87
Trd, 4317911.343, 87
Trd, 4317912.393, 88
Trd, 4317913.643, 88
Trd, 4317913.843, 95
Trd, 4317917.443, 98
Trd, 4317919.193, 99
Trd, 4317920.643, 106
Trd, 4317923.393, 101
Trd, 4317923.593, 104
Trd, 4317924.893, 103
Trd, 4317925.143, 102
Trd, 4317928.193, 102
Trd, 4317929.093, 101
Trd, 4317929.743, 101
Trd, 4317930.393, 101
Trd, 4317933.043, 94
Trd, 4317933.943, 95
Trd, 4317934.143, 95
Trd, 4317935.193, 96
Trd, 4317936.843, 103
Trd, 4317939.943, 102
Trd, 4317940.243, 94
Trd, 4317941.543, 97
Trd, 4317942.293, 88
Trd, 4317944.443, 87
Trd, 4317946.593, 93
Trd, 4317946.643, 94
Trd, 4317946.743, 93
Trd, 4317947.393, 94
Trd, 4317950.943, 93
Trd, 4317951.193, 93
Trd, 4317952.293, 93
Trd, 4317953.393, 104
Trd, 4317955.993, 98
Trd, 4317958.093, 97
Trd, 4317958.393, 98
Trd, 4317958.493, 95
Trd, 4317959.893, 103
Trd, 4317960.293, 95
Trd, 4317962.593, 79
Trd, 4317963.443, 103
Trd, 4317966.343, 90
Trd, 4317969.693, 96
Trd, 4317970.793, 104
Trd, 4317972.393, 98
Trd, 4317972.993, 99
Trd, 4317974.943, 98
Trd, 4317975.593, 105
Trd, 4317976.243, 97
Trd, 4317978.643, 100
Trd, 4317978.943, 99
Trd, 4317979.343, 97
Trd, 4317980.793, 99
Trd, 4317982.593, 101
Trd, 4317982.693, 101
Trd, 4317984.493, 103
Trd, 4317985.343, 99
Trd, 4317986.493, 99
Trd, 4317986.543, 96
Trd, 4317987.543, 87
Trd, 4317988.393, 88
Trd, 4317989.643, 77
Trd, 4317993.543, 85
Trd, 4317994.493, 86
Trd, 4317996.343, 103
Trd, 4317996.543, 98
Trd, 4317998.993, 99
Trd, 4318000.643, 95
Trd, 4318001.343, 108
Trd, 4318001.993, 95
Trd, 4318005.093, 88
Trd, 4318007.643, 93
Trd, 4318007.743, 93
Trd, 4318008.793, 95
Trd, 4318009.343, 103
Trd, 4318010.293, 86
Trd, 4318012.143, 88
Trd, 4318012.543, 89
Trd, 4318013.943, 95
Trd, 4318014.093, 86
Trd, 4318015.943, 96
Trd, 4318019.593, 103
Trd, 4318019.793, 95
Trd, 4318019.843, 86
Trd, 4318020.293, 103
Trd, 4318023.293, 99
Trd, 4318025.643, 93
Trd, 4318025.793, 93
Trd, 4318025.843, 92
Trd, 4318026.493, 92
Trd, 4318028.143, 95
Trd, 4318029.543, 91
Trd, 4318030.043, 103
Trd, 4318032.693, 96
Trd, 4318035.093, 99
Trd, 4318036.143, 97
Trd, 4318037.193, 98
Trd, 4318039.093, 97
Trd, 4318040.093, 95
Trd, 4318040.543, 96
Trd, 4318042.043, 89
Trd, 4318042.793, 102
Trd, 4318042.843, 103
Trd, 4318043.843, 103
Trd, 4318044.793, 114
Trd, 4318046.843, 103
Trd, 4318048.193, 95
Trd, 4318051.793, 109
Trd, 4318052.843, 90
Trd, 4318054.943, 100
Trd, 4318055.593, 104
Trd, 4318055.893, 93
Trd, 4318056.043, 93
Trd, 4318059.243, 96
Trd, 4318060.993, 104
Trd, 4318062.343, 100
Trd, 4318064.393, 104
Trd, 4318064.643, 104
Trd, 4318065.193, 104
Trd, 4318066.293, 95
Trd, 4318066.943, 96
Trd, 4318069.243, 101
Trd, 4318072.493, 81
Trd, 4318072.643, 88
Trd, 4318073.393, 86
Trd, 4318074.843, 102
Trd, 4318077.493, 96
Trd, 4318079.043, 101
Trd, 4318079.443, 96
Trd, 4318081.693, 101
Trd, 4318082.243, 96
Trd, 4318083.043, 96
Trd, 4318083.843, 97
Trd, 4318083.943, 104
Trd, 4318086.243, 99
Trd, 4318086.743, 100
Trd, 4318089.543, 99
Trd, 4318089.643, 78
Trd, 4318091.393, 92
Trd, 4318091.593, 102
Trd, 4318096.743, 94
Trd, 4318097.293, 93
Trd, 4318098.143, 95
Trd, 4318098.393, 93
Trd, 4318098.493, 86
Trd, 4318102.093, 102
Trd, 4318103.493, 84
Trd, 4318103.543, 86
Trd, 4318104.793, 95
Trd, 4318104.843, 104
Trd, 4318107.093, 87
Trd, 4318108.193, 87
Trd, 4318108.943, 86
Trd, 4318109.093, 86
Trd, 4318112.893, 90
Trd, 4318114.193, 93
Trd, 4318114.543, 94
Trd, 4318115.293, 95
Trd, 4318116.543, 101
Trd, 4318118.443, 97
Trd, 4318119.093, 86
Trd, 4318119.143, 99
Trd, 4318120.343, 73
Trd, 4318122.593, 114
Trd, 4318127.993, 94
Trd, 4318128.443, 94
Trd, 4318128.993, 94
Trd, 4318129.143, 95
Trd, 4318131.093, 91
Trd, 4318133.593, 94
Trd, 4318134.843, 92
Trd, 4318136.093, 95
Trd, 4318136.393, 95
Trd, 4318136.893, 95
Trd, 4318137.143, 95
Trd, 4318141.193, 88
Trd, 4318142.793, 93
Trd, 4318143.793, 97
Trd, 4318144.293, 96
Trd, 4318144.843, 94
Trd, 4318145.443, 103
Trd, 4318148.243, 99
Trd, 4318150.593, 95
Trd, 4318153.393, 101
Trd, 4318154.493, 97
Trd, 4318155.893, 97
Trd, 4318156.243, 97
Trd, 4318156.393, 96
Trd, 4318157.143, 95
Trd, 4318157.193, 96
Trd, 4318157.643, 86
Trd, 4318162.393, 85
Trd, 4318163.143, 86
Trd, 4318164.793, 90
Trd, 4318165.593, 88
Trd, 4318166.293, 95
Trd, 4318169.993, 88
Trd, 4318170.593, 88
Trd, 4318173.843, 89
Trd, 4318173.893, 89
Trd, 4318174.443, 95
Trd, 4318175.543, 77
Trd, 4318177.843, 71
Trd, 4318179.193, 84
Trd, 4318181.643, 88
Trd, 4318182.493, 89
Trd, 4318183.043, 89
Trd, 4318185.443, 90
Trd, 4318188.143, 95
Trd, 4318188.393, 101
Trd, 4318190.543, 100
Trd, 4318191.343, 97
Trd, 4318193.393, 102
Trd, 4318195.893, 88
Trd, 4318195.943, 86
Trd, 4318196.293, 94
Trd, 4318197.593, 94
Trd, 4318199.043, 95
Trd, 4318199.193, 94
Trd, 4318201.793, 107
Trd, 4318202.643, 95
Trd, 4318204.493, 93
Trd, 4318206.443, 96
Trd, 4318206.643, 97
Trd, 4318207.593, 96
Trd, 4318210.543, 92
Trd, 4318211.843, 94
Trd, 4318212.043, 91
Trd, 4318212.243, 95
Trd, 4318213.293, 92
Trd, 4318215.943, 95
Trd, 4318217.893, 95
Trd, 4318218.693, 100
Trd, 4318219.493, 96
Trd, 4318220.393, 95
Trd, 4318221.293, 95
Trd, 4318221.843, 94
Trd, 4318222.493, 103
Trd, 4318224.843, 87
Trd, 4318229.143, 95
Trd, 4318229.793, 101
Trd, 4318230.943, 100
Trd, 4318231.443, 98
Trd, 4318233.143, 104
Trd, 4318234.793, 97
Trd, 4318237.093, 95
Trd, 4318238.293, 88
Trd, 4318240.343, 99
Trd, 4318242.493, 99
Trd, 4318246.093, 96
Trd, 4318246.943, 95
Trd, 4318249.793, 89
Trd, 4318250.343, 94
Trd, 4318250.593, 94
Trd, 4318252.093, 98
Trd, 4318252.743, 101
Trd, 4318255.143, 89
Trd, 4318255.193, 101
Trd, 4318257.793, 91
Trd, 4318257.943, 113
Trd, 4318259.243, 86
Trd, 4318262.793, 80
Trd, 4318265.043, 92
Trd, 4318265.943, 103
Trd, 4318267.343, 95
Trd, 4318267.843, 97
Trd, 4318268.793, 102
Trd, 4318270.843, 99
Trd, 4318271.343, 99
Trd, 4318274.593, 106
Trd, 4318275.493, 104
Trd, 4318276.043, 102
Trd, 4318276.093, 97
Trd, 4318277.443, 89
Trd, 4318279.543, 89
Trd, 4318281.543, 104
Trd, 4318282.693, 103
Trd, 4318283.293, 87
Trd, 4318285.443, 91
Trd, 4318286.843, 94
Trd, 4318287.693, 91
Trd, 4318289.493, 92
Trd, 4318290.293, 93
Trd, 4318291.743, 94
Trd, 4318294.143, 80
Trd, 4318296.043, 89
Trd, 4318296.343, 95
Trd, 4318298.043, 95
Trd, 4318299.593, 107
Trd, 4318299.793, 94
Trd, 4318302.393, 104
Trd, 4318303.443, 102
Trd, 4318305.093, 86
Trd, 4318306.493, 93
Trd, 4318308.593, 96
Trd, 4318309.643, 96
Trd, 4318310.043, 96
Trd, 4318310.643, 94
Trd, 4318310.793, 95
Trd, 4318313.693, 93
Trd, 4318315.543, 105
Trd, 4318316.393, 95
Trd, 4318319.593, 99
Trd, 4318320.043, 99
Trd, 4318320.993, 95
Trd, 4318321.243, 95
Trd, 4318321.843, 87
Trd, 4318325.843, 92
Trd, 4318325.893, 91
Trd, 4318326.093, 91
Trd, 4318327.043, 93
Trd, 4318329.493, 101
Trd, 4318332.093, 95
Trd, 4318332.993, 95
Trd, 4318333.593, 98
Trd, 4318335.543, 97
Trd, 4318336.793, 96
Trd, 4318339.093, 101
Trd, 4318339.193, 102
Trd, 4318340.643, 97
Trd, 4318343.343, 81
Trd, 4318344.993, 84
Trd, 4318346.893, 103
Trd, 4318348.643, 93
Trd, 4318348.843, 91
Trd, 4318351.793, 94
Trd, 4318351.843, 96
Trd, 4318354.443, 99
Trd, 4318357.643, 102
Trd, 4318358.443, 99
Trd, 4318358.893, 98
Trd, 4318360.643, 91
Trd, 4318361.093, 95
Trd, 4318361.343, 92
Trd, 4318363.543, 94
Trd, 4318363.743, 93
Trd, 4318365.193, 95
Trd, 4318366.093, 97
Trd, 4318366.543, 104
Trd, 4318370.843, 113
Trd, 4318372.343, 104
Trd, 4318372.743, 95
Trd, 4318375.393, 102
Trd, 4318376.143, 101
Trd, 4318377.043, 101
Trd, 4318378.543, 101
Trd, 4318379.593, 99
Trd, 4318380.293, 100
Trd, 4318380.693, 101
Trd, 4318382.093, 95
Trd, 4318383.793, 97
Trd, 4318387.093, 96
Trd, 4318387.643, 96
Trd, 4318388.093, 102
Trd, 4318390.693, 97
Trd, 4318392.243, 96
Trd, 4318392.593, 96
Trd, 4318392.743, 98
Trd, 4318393.043, 95
Trd, 4318396.093, 96
Trd, 4318397.093, 96
Trd, 4318397.143, 103
Trd, 4318399.893, 100
Trd, 4318401.243, 98
Trd, 4318402.243, 100
Trd, 4318403.093, 96
Trd, 4318403.893, 98
Trd, 4318404.043, 96
Trd, 4318405.293, 97
Trd, 4318407.293, 102
Trd, 4318409.243, 106
Trd, 4318409.543, 106
Trd, 4318410.893, 105
Trd, 4318411.293, 105
Trd, 4318413.943, 89
Trd, 4318414.743, 107
Trd, 4318415.243, 91
Trd, 4318416.493, 101
Trd, 4318417.993, 96
Trd, 4318420.143, 96
Trd, 4318421.693, 96
Trd, 4318422.393, 96
Trd, 4318424.343, 113
Trd, 4318425.593, 112
Trd, 4318426.643, 101
Trd, 4318428.993, 102
Trd, 4318429.193, 90
Trd, 4318429.743, 87
Trd, 4318431.693, 95
Trd, 4318431.793, 96
Trd, 4318433.193, 87
Trd, 4318434.793, 86
Trd, 4318437.443, 92
Trd, 4318438.093, 92
Trd, 4318440.043, 91
Trd, 4318440.743, 92
Trd, 4318441.243, 88
Trd, 4318442.043, 87
Trd, 4318443.393, 100
Trd, 4318445.543, 98
Trd, 4318446.043, 97
Trd, 4318447.043, 104
Trd, 4318448.243, 119
Trd, 4318449.243, 98
Trd, 4318452.243, 114
Trd, 4318452.643, 107
Trd, 4318455.893, 97
Trd, 4318458.293, 100
Trd, 4318459.593, 100
Trd, 4318459.793, 101
Trd, 4318462.343, 99
Trd, 4318462.543, 100
Trd, 4318463.243, 98
Trd, 4318463.743, 102
Trd, 4318464.643, 116
Trd, 4318466.743, 111
Trd, 4318467.443, 103
Trd, 4318470.093, 100
Trd, 4318470.243, 95
Trd, 4318470.643, 99
Trd, 4318471.693, 87
Trd, 4318473.743, 98
Trd, 4318476.943, 84
Trd, 4318477.993, 81
Trd, 4318478.493, 83
Trd, 4318478.943, 93
Trd, 4318481.293, 79
Trd, 4318482.143, 92
Trd, 4318484.593, 85
Trd, 4318485.243, 86
Trd, 4318487.693, 91
Trd, 4318488.793, 94
Trd, 4318491.643, 94
Trd, 4318491.693, 93
Trd, 4318492.793, 108
Trd, 4318493.143, 105
Trd, 4318495.143, 104
Trd, 4318498.043, 104
Trd, 4318498.443, 104
Trd, 4318498.743, 95
Trd, 4318499.443, 87
Trd, 4318502.343, 103
Trd, 4318503.593, 102
Trd, 4318504.193, 103
Trd, 4318505.393, 96
Trd, 4318507.743, 94
Trd, 4318507.843, 89
Trd, 4318509.043, 88
Trd, 4318511.493, 89
Trd, 4318512.243, 90
Trd, 4318513.293, 92
Trd, 4318513.993, 95
Trd, 4318516.143, 95
Trd, 4318516.693, 97
Trd, 4318517.343, 96
Trd, 4318518.293, 110
Trd, 4318520.643, 95
Trd, 4318520.743, 88
Trd, 4318523.643, 91
Trd, 4318523.693, 90
Trd, 4318525.293, 92
Trd, 4318525.893, 77
Trd, 4318529.293, 95
Trd, 4318529.743, 85
Trd, 4318531.643, 89
Trd, 4318534.043, 90
Trd, 4318534.493, 86
Trd, 4318535.893, 103
Trd, 4318536.943, 95
Trd, 4318538.943, 93
Trd, 4318539.093, 92
Trd, 4318541.193, 95
Trd, 4318543.693, 102
Trd, 4318544.343, 104
Trd, 4318545.943, 99
Trd, 4318547.343, 98
Trd, 4318548.543, 95
Trd, 4318550.343, 96
Trd, 4318550.643, 96
Trd, 4318551.743, 96
Trd, 4318553.993, 94
Trd, 4318555.943, 95
Trd, 4318556.443, 96
Trd, 4318556.693, 106
Trd, 4318558.793, 100
Trd, 4318559.193, 100
Trd, 4318559.893, 87
Trd, 4318561.593, 87
Trd, 4318563.393, 93
Trd, 4318564.693, 92
Trd, 4318565.343, 88
Trd, 4318569.043, 93
Trd, 4318571.093, 94
Trd, 4318572.793, 100
Trd, 4318574.343, 97
Trd, 4318576.143, 99
Trd, 4318577.093, 97
Trd, 4318577.993, 98
Trd, 4318579.493, 98
Trd, 4318581.093, 95
Trd, 4318582.943, 89
Trd, 4318584.293, 86
Trd, 4318585.093, 94
Trd, 4318588.293, 88
Trd, 4318588.593, 90
Trd, 4318589.193, 91
Trd, 4318590.743, 94
Trd, 4318592.143, 112
Trd, 4318592.493, 86
Trd, 4318594.943, 95
Trd, 4318595.193, 112
Trd, 4318596.093, 95
Trd, 4318599.243, 98
Trd, 4318601.143, 103
Trd, 4318601.743, 103
Trd, 4318602.093, 102
Trd, 4318602.693, 104
Trd, 4318604.793, 104
Trd, 4318604.843, 103
Trd, 4318605.693, 111
Trd, 4318609.393, 110
Trd, 4318611.493, 109
Trd, 4318611.893, 95
Trd, 4318611.943, 110
Trd, 4318612.493, 96
Trd, 4318615.843, 97
Trd, 4318616.043, 104
Trd, 4318616.193, 97
Trd, 4318621.093, 107
Trd, 4318621.393, 107
Trd, 4318621.943, 96
Trd, 4318622.793, 95
Trd, 4318623.543, 98
Trd, 4318624.293, 98
Trd, 4318626.743, 95
Trd, 4318628.243, 95
Trd, 4318631.293, 98
Trd, 4318631.393, 96
Trd, 4318633.093, 98
Trd, 4318633.943, 98
Trd, 4318634.143, 99
Trd, 4318635.443, 95
Trd, 4318636.043, 81
Trd, 4318638.143, 105
Trd, 4318639.593, 101
Trd, 4318639.893, 101
Trd, 4318641.943, 91
Trd, 4318642.793, 89
Trd, 4318642.893, 111
Trd, 4318646.293, 101
Trd, 4318646.343, 97
Trd, 4318648.043, 103
Trd, 4318648.943, 102
Trd, 4318649.743, 104
Trd, 4318651.843, 88
Trd, 4318652.893, 112
Trd, 4318652.943, 87
Trd, 4318656.493, 93
Trd, 4318658.043, 94
Trd, 4318658.093, 101
Trd, 4318658.893, 101
Trd, 4318660.593, 98
Trd, 4318661.493, 97
Trd, 4318661.993, 96
Trd, 4318663.593, 97
Trd, 4318665.643, 97
Trd, 4318666.193, 95
Trd, 4318669.743, 95
Trd, 4318669.793, 104
Trd, 4318673.193, 92
Trd, 4318674.293, 93
Trd, 4318675.743, 94
Trd, 4318676.293, 94
Trd, 4318678.243, 87
Trd, 4318680.793, 98
Trd, 4318680.843, 95
Trd, 4318682.443, 98
Trd, 4318684.093, 87
Trd, 4318684.693, 99
Trd, 4318685.043, 86
Trd, 4318687.993, 100
Trd, 4318689.143, 94
Trd, 4318689.443, 94
Trd, 4318689.593, 95
Trd, 4318689.943, 98
Trd, 4318691.893, 99
Trd, 4318694.293, 98
Trd, 4318696.243, 100
Trd, 4318698.193, 85
Trd, 4318700.493, 91
Trd, 4318700.543, 90
Trd, 4318700.893, 88
Trd, 4318701.793, 95
Trd, 4318703.143, 88
Trd, 4318705.293, 92
Trd, 4318707.543, 103
Trd, 4318707.593, 103
Trd, 4318709.093, 98
Trd, 4318710.543, 97
Trd, 4318710.793, 95
Trd, 4318711.193, 100
Trd, 4318714.143, 86
Trd, 4318716.493, 93
Trd, 4318717.793, 95
Trd, 4318717.843, 95
Trd, 4318718.093, 95
Trd, 4318718.743, 95
Trd, 4318719.593, 104
Trd, 4318720.043, 97
Trd, 4318721.043, 97
Trd, 4318721.893, 111
Trd, 4318724.643, 102
Trd, 4318724.793, 101
Trd, 4318727.793, 90
Trd, 4318730.193, 96
Trd, 4318731.143, 96
Trd, 4318731.443, 96
Trd, 4318732.943, 104
Trd, 4318735.393, 111
Trd, 4318735.593, 96
Trd, 4318739.193, 104
Trd, 4318739.943, 103
Trd, 4318740.843, 97
Trd, 4318742.293, 98
Trd, 4318743.443, 100
Trd, 4318744.093, 97
Trd, 4318745.993, 97
Trd, 4318746.593, 95
Trd, 4318746.743, 97
Trd, 4318749.443, 90
Trd, 4318749.943, 91
Trd, 4318750.743, 93
Trd, 4318754.093, 95
Trd, 4318754.993, 96
Trd, 4318755.243, 99
Trd, 4318758.243, 91
Trd, 4318759.593, 90
Trd, 4318760.393, 95
Trd, 4318763.743, 93
Trd, 4318764.293, 94
Trd, 4318764.543, 95
Trd, 4318768.543, 97
Trd, 4318768.843, 109
Trd, 4318771.043, 102
Trd, 4318771.993, 104
Trd, 4318772.543, 98
Trd, 4318773.643, 96
Trd, 4318776.293, 97
Trd, 4318776.493, 96
Trd, 4318777.643, 96
Trd, 4318778.293, 102
Trd, 4318780.443, 92
Trd, 4318782.893, 98
Trd, 4318784.393, 97
Trd, 4318785.593, 95
Trd, 4318785.893, 110
Trd, 4318789.543, 94
Trd, 4318791.693, 92
Trd, 4318792.343, 89
Trd, 4318792.843, 89
Trd, 4318793.493, 88
Trd, 4318794.343, 93
Trd, 4318797.893, 102
Trd, 4318799.993, 102
Trd, 4318801.093, 100
Trd, 4318802.143, 87
Trd, 4318802.893, 104
Trd, 4318804.243, 88
Trd, 4318804.893, 87
Trd, 4318808.143, 92
Trd, 4318810.093, 96
Trd, 4318810.193, 97
Trd, 4318811.543, 97
Trd, 4318814.093, 98
Trd, 4318814.993, 95
Trd, 4318815.443, 97
Trd, 4318815.743, 95
Trd, 4318819.893, 102
Trd, 4318821.493, 94
Trd, 4318822.693, 102
Trd, 4318824.443, 101
Trd, 4318824.943, 100
Trd, 4318826.093, 99
Trd, 4318826.793, 96
Trd, 4318827.593, 99
Trd, 4318828.193, 99
Trd, 4318828.993, 103
Trd, 4318829.943, 95
Trd, 4318833.793, 103
Trd, 4318835.043, 102
Trd, 4318835.393, 102
Trd, 4318836.143, 103
Trd, 4318836.393, 104
Trd, 4318836.493, 86
Trd, 4318839.943, 94
Trd, 4318840.843, 107
Trd, 4318841.693, 91
Trd, 4318845.843, 97
Trd, 4318846.143, 93
Trd, 4318846.693, 94
Trd, 4318846.843, 93
Trd, 4318847.693, 94
Trd, 4318848.393, 95
Trd, 4318849.943, 96
Trd, 4318850.443, 115
Trd, 4318851.693, 103
Trd, 4318853.643, 110
Trd, 4318854.093, 110
Trd, 4318855.743, 104
Trd, 4318855.793, 105
Trd, 4318856.843, 104
Trd, 4318860.343, 103
Trd, 4318860.843, 102
Trd, 4318861.143, 104
Trd, 4318861.193, 104
Trd, 4318863.393, 95
Trd, 4318864.593, 111
Trd, 4318867.193, 95
Trd, 4318868.293, 87
Trd, 4318869.493, 87
Trd, 4318871.143, 90
Trd, 4318872.043, 91
Trd, 4318872.143, 95
Trd, 4318876.143, 98
Trd, 4318878.793, 101
Trd, 4318878.993, 100
Trd, 4318879.093, 101
Trd, 4318880.793, 95
Trd, 4318882.893, 92
Trd, 4318883.443, 93
Trd, 4318883.693, 93
Trd, 4318884.743, 91
Trd, 4318888.143, 93
Trd, 4318888.493, 88
Trd, 4318890.543, 88
Trd, 4318891.043, 89
Trd, 4318891.543, 88
Trd, 4318892.943, 92
Trd, 4318896.393, 99
Trd, 4318897.543, 100
Trd, 4318897.843, 98
Trd, 4318898.693, 109
Trd, 4318901.243, 102
Trd, 4318902.493, 104
Trd, 4318903.493, 91
Trd, 4318905.243, 96
Trd, 4318906.293, 94
Trd, 4318907.443, 93
Trd, 4318910.093, 87
Trd, 4318910.243, 87
Trd, 4318913.093, 91
Trd, 4318913.693, 85
Trd, 4318914.793, 86
Trd, 4318915.743, 86
Trd, 4318916.443, 95
Trd, 4318918.193, 87
Trd, 4318921.743, 94
Trd, 4318922.393, 94
Trd, 4318922.843, 95
Trd, 4318923.193, 93
Trd, 4318924.843, 91
Trd, 4318927.643, 89
Trd, 4318929.243, 96
Trd, 4318929.293, 97
Trd, 4318929.943, 98
Trd, 4318933.993, 103
Trd, 4318934.243, 103
Trd, 4318934.393, 106
Trd, 4318935.293, 102
Trd, 4318935.493, 103
Trd, 4318935.643, 86
Trd, 4318940.393, 96
Trd, 4318940.743, 96
Trd, 4318940.993, 95
Trd, 4318942.843, 95
Trd, 4318943.093, 117
Trd, 4318945.193, 89
Trd, 4318947.443, 93
Trd, 4318947.843, 93
Trd, 4318949.743, 97
Trd, 4318949.843, 98
Trd, 4318952.043, 90
Trd, 4318952.493, 99
Trd, 4318955.593, 93
Trd, 4318956.493, 95
Trd, 4318958.693, 89
Trd, 4318959.393, 89
Trd, 4318960.143, 115
Trd, 4318962.093, 107
Trd, 4318964.843, 94
Trd, 4318965.343, 94
Trd, 4318965.493, 104
Trd, 4318965.643, 106
Trd, 4318967.593, 89
Trd, 4318969.243, 97
Trd, 4318972.943, 96
Trd, 4318973.493, 95
Trd, 4318974.443, 94
Trd, 4318976.493, 100
Trd, 4318978.143, 99
Trd, 4318979.343, 100
Trd, 4318980.893, 100
Trd, 4318981.543, 97
Trd, 4318981.793, 95
Trd, 4318984.993, 99
Trd, 4318985.143, 90
Trd, 4318988.393, 99
Trd, 4318988.943, 100
Trd, 4318989.093, 99
Trd, 4318989.743, 98
Trd, 4318995.043, 86
Trd, 4318995.493, 85
Trd, 4318995.743, 88
Trd, 4318997.243, 95
Trd, 4318997.793, 104
Trd, 4318997.943, 86
Trd, 4319001.793, 82
Trd, 4319002.343, 86
Trd, 4319002.443, 87
Trd, 4319004.543, 93
Trd, 4319006.043, 96
Trd, 4319007.593, 93
Trd, 4319008.593, 91
Trd, 4319008.893, 94
Trd, 4319009.443, 90
Trd, 4319012.743, 108
Trd, 4319013.643, 93
Trd, 4319014.843, 93
Trd, 4319018.743, 89
Trd, 4319019.293, 98
Trd, 4319020.943, 96
Trd, 4319021.193, 95
Trd, 4319021.693, 96
Trd, 4319023.293, 96
Trd, 4319024.993, 103
Trd, 4319025.993, 83
Trd, 4319026.993, 86
Trd, 4319027.143, 86
Trd, 4319027.743, 87
Trd, 4319028.793, 89
Trd, 4319034.393, 95
Trd, 4319034.493, 94
Trd, 4319035.393, 96
Trd, 4319035.743, 94
Trd, 4319037.343, 94
Trd, 4319037.393, 95
Trd, 4319039.993, 79
Trd, 4319041.943, 102
Trd, 4319046.093, 95
Trd, 4319046.243, 96
Trd, 4319046.343, 95
Trd, 4319046.393, 104
Trd, 4319050.543, 98
Trd, 4319050.693, 97
Trd, 4319050.843, 101
Trd, 4319051.093, 97
Trd, 4319052.393, 86
Trd, 4319053.343, 99
Trd, 4319055.443, 81
Trd, 4319056.143, 81
Trd, 4319057.493, 90
Trd, 4319059.643, 88
Trd, 4319062.543, 95
Trd, 4319064.693, 91
Trd, 4319065.493, 92
Trd, 4319065.543, 91
Trd, 4319066.643, 90
Trd, 4319068.043, 90
Trd, 4319068.293, 95
Trd, 4319068.793, 89
Trd, 4319073.093, 87
Trd, 4319073.443, 97
Trd, 4319075.643, 94
Trd, 4319075.743, 93
Trd, 4319077.043, 94
Trd, 4319077.893, 95
Trd, 4319080.643, 95
Trd, 4319081.793, 95
Trd, 4319081.843, 96
Trd, 4319081.893, 95
Trd, 4319082.493, 86
Trd, 4319082.843, 122
Trd, 4319085.943, 82
Trd, 4319086.043, 92
Trd, 4319089.393, 88
Trd, 4319090.793, 93
Trd, 4319091.893, 94
Trd, 4319092.893, 93
Trd, 4319096.393, 93
Trd, 4319096.493, 95
Trd, 4319096.793, 93
Trd, 4319097.493, 92
Trd, 4319098.493, 89
Trd, 4319098.943, 86
Trd, 4319102.343, 92
Trd, 4319103.593, 91
Trd, 4319103.643, 92
Trd, 4319104.293, 104
Trd, 4319105.143, 99
Trd, 4319105.543, 98
Trd, 4319109.443, 105
Trd, 4319109.543, 103
Trd, 4319111.493, 99
Trd, 4319112.693, 104
Trd, 4319113.043, 97
Trd, 4319115.293, 100
Trd, 4319117.343, 106
Trd, 4319117.743, 104
Trd, 4319118.093, 103
Trd, 4319118.243, 100
Trd, 4319121.343, 98
Trd, 4319121.393, 98
Trd, 4319121.443, 99
Trd, 4319123.493, 96
Trd, 4319125.243, 101
Trd, 4319126.893, 90
Trd, 4319129.443, 90
Trd, 4319129.593, 91
Trd, 4319129.643, 95
Trd, 4319130.193, 90
Trd, 4319130.993, 102
Trd, 4319131.843, 91
Trd, 4319135.243, 86
Trd, 4319139.593, 98
Trd, 4319139.843, 99
Trd, 4319139.893, 100
Trd, 4319140.343, 96
Trd, 4319142.493, 98
Trd, 4319142.843, 99
Trd, 4319143.043, 86
Trd, 4319144.743, 88
Trd, 4319144.843, 95
Trd, 4319146.393, 81
Trd, 4319149.743, 87
Trd, 4319149.793, 89
Trd, 4319152.793, 85
Trd, 4319152.943, 83
Trd, 4319152.993, 86
Trd, 4319156.393, 90
Trd, 4319156.893, 90
Trd, 4319157.943, 104
Trd, 4319158.643, 86
Trd, 4319160.293, 87
Trd, 4319161.243, 88
Trd, 4319161.293, 90
Trd, 4319162.293, 121
Trd, 4319163.793, 95
Trd, 4319164.393, 93
Trd, 4319166.993, 85
Trd, 4319168.193, 88
Trd, 4319168.593, 98
Trd, 4319172.193, 90
Trd, 4319172.993, 94
Trd, 4319174.393, 96
Trd, 4319175.393, 100
Trd, 4319177.193, 98
Trd, 4319179.243, 87
Trd, 4319179.843, 96
Trd, 4319180.093, 88
Trd, 4319181.343, 87
Trd, 4319183.993, 89
Trd, 4319184.893, 88
Trd, 4319185.243, 105
Trd, 4319186.943, 103
Trd, 4319187.993, 90
Trd, 4319188.093, 104
Trd, 4319190.843, 97
Trd, 4319192.243, 97
Trd, 4319193.043, 96
Trd, 4319195.293, 91
Trd, 4319196.143, 101
Trd, 4319196.393, 103
Trd, 4319196.793, 93
Trd, 4319199.943, 96
Trd, 4319200.793, 103
Trd, 4319203.143, 93
Trd, 4319205.343, 95
Trd, 4319205.693, 95
Trd, 4319206.793, 77
Trd, 4319208.193, 92
Trd, 4319210.993, 86
Trd, 4319211.393, 89
Trd, 4319212.543, 93
Trd, 4319213.043, 91
Trd, 4319214.893, 91
Trd, 4319216.493, 91
Trd, 4319216.943, 91
Trd, 4319219.993, 87
Trd, 4319220.143, 86
Trd, 4319220.543, 98
Trd, 4319223.743, 95
Trd, 4319223.943, 80
Trd, 4319225.593, 84
Trd, 4319227.093, 80
Trd, 4319229.593, 91
Trd, 4319229.793, 90
Trd, 4319231.093, 94
Trd, 4319231.543, 88
Trd, 4319233.693, 95
Trd, 4319236.343, 83
Trd, 4319237.393, 95
Trd, 4319238.393, 87
Trd, 4319240.743, 102
Trd, 4319242.243, 111
Trd, 4319242.943, 103
Trd, 4319244.993, 98
Trd, 4319245.893, 97
Trd, 4319246.193, 101
Trd, 4319246.993, 102
Trd, 4319250.793, 97
Trd, 4319251.093, 96
Trd, 4319251.393, 99
Trd, 4319251.493, 95
Trd, 4319253.443, 96
Trd, 4319255.243, 95
Trd, 4319256.493, 100
Trd, 4319257.343, 96
Trd, 4319260.193, 86
Trd, 4319263.043, 86
Trd, 4319263.843, 85
Trd, 4319264.243, 88
Trd, 4319267.193, 95
Trd, 4319269.943, 95
Trd, 4319270.793, 96
Trd, 4319271.443, 96
Trd, 4319271.493, 100
Trd, 4319271.593, 104
Trd, 4319272.743, 98
Trd, 4319273.693, 95
Trd, 4319273.793, 116
Trd, 4319278.593, 105
Trd, 4319279.043, 95
Trd, 4319279.893, 98
Trd, 4319284.243, 93
Trd, 4319285.443, 93
Trd, 4319285.593, 95
Trd, 4319285.843, 86
Trd, 4319289.293, 90
Trd, 4319289.443, 91
Trd, 4319291.843, 89
Trd, 4319295.193, 103
Trd, 4319295.543, 97
Trd, 4319296.693, 98
Trd, 4319297.193, 98
Trd, 4319298.593, 96
Trd, 4319299.243, 95
Trd, 4319301.043, 87
Trd, 4319301.743, 88
Trd, 4319304.293, 91
Trd, 4319304.493, 90
Trd, 4319305.943, 87
Trd, 4319308.693, 87
Trd, 4319308.743, 82
Trd, 4319308.843, 88
Trd, 4319310.993, 92
Trd, 4319312.943, 93
Trd, 4319315.093, 93
Trd, 4319317.043, 95
Trd, 4319317.343, 97
Trd, 4319317.593, 98
Trd, 4319319.393, 99
Trd, 4319320.343, 99
Trd, 4319320.593, 98
Trd, 4319320.993, 98
Trd, 4319323.193, 95
Trd, 4319323.393, 95
Trd, 4319324.243, 94
Trd, 4319328.543, 101
Trd, 4319329.593, 88
Trd, 4319331.943, 93
Trd, 4319332.243, 94
Trd, 4319332.393, 92
Trd, 4319335.243, 94
Trd, 4319335.443, 95
Trd, 4319336.993, 122
Trd, 4319337.893, 95
Trd, 4319339.093, 101
Trd, 4319341.493, 88
Trd, 4319341.993, 86
Trd, 4319343.393, 89
Trd, 4319343.943, 95
Trd, 4319344.343, 77
Trd, 4319347.343, 87
Trd, 4319348.643, 87
Trd, 4319348.843, 86
Trd, 4319349.693, 88
Trd, 4319351.893, 93
Trd, 4319355.043, 104
Trd, 4319355.743, 105
Trd, 4319356.093, 104
Trd, 4319356.543, 113
Trd, 4319356.593, 104
Trd, 4319357.193, 88
Trd, 4319358.193, 86
Trd, 4319362.793, 83
Trd, 4319363.193, 93
Trd, 4319364.843, 93
Trd, 4319367.093, 91
Trd, 4319368.093, 91
Trd, 4319371.843, 92
Trd, 4319372.043, 94
Trd, 4319372.943, 95
Trd, 4319373.093, 93
Trd, 4319373.193, 86
Trd, 4319373.393, 104
Trd, 4319376.793, 94
Trd, 4319377.393, 93
Trd, 4319377.593, 93
Trd, 4319379.293, 91
Trd, 4319379.793, 94
Trd, 4319381.493, 90
Trd, 4319381.943, 90
Trd, 4319385.243, 93
Trd, 4319387.243, 93
Trd, 4319387.693, 92
Trd, 4319387.743, 95
Trd, 4319387.993, 89
Trd, 4319391.743, 95
Trd, 4319391.793, 97
Trd, 4319393.693, 96
Trd, 4319394.843, 95
Trd, 4319396.893, 95
Trd, 4319397.743, 96
Trd, 4319397.793, 93
Trd, 4319400.593, 97
Trd, 4319400.943, 97
Trd, 4319402.243, 87
Trd, 4319405.743, 84
Trd, 4319406.343, 84
Trd, 4319407.043, 85
Trd, 4319407.643, 86
Trd, 4319409.843, 87
Trd, 4319410.893, 89
Trd, 4319410.943, 86
Trd, 4319412.593, 92
Trd, 4319412.693, 95
Trd, 4319413.493, 123
Trd, 4319415.593, 98
Trd, 4319416.143, 111
Trd, 4319419.443, 103
Trd, 4319420.393, 105
Trd, 4319421.343, 103
Trd, 4319421.843, 95
Trd, 4319423.893, 102
Trd, 4319426.793, 102
Trd, 4319427.843, 95
Trd, 4319428.793, 88
Trd, 4319429.443, 97
Trd, 4319430.043, 87
Trd, 4319430.693, 96
Trd, 4319433.893, 101
Trd, 4319434.043, 91
Trd, 4319436.693, 99
Trd, 4319437.143, 95
Trd, 4319439.693, 100
Trd, 4319439.793, 98
Trd, 4319441.143, 98
Trd, 4319441.793, 95
Trd, 4319442.043, 86
Trd, 4319444.343, 102
Trd, 4319446.843, 97
Trd, 4319447.543, 93
Trd, 4319448.093, 94
Trd, 4319449.793, 95
Trd, 4319451.093, 98
Trd, 4319452.393, 113
Trd, 4319454.243, 99
Trd, 4319457.443, 106
Trd, 4319458.043, 105
Trd, 4319458.443, 87
Trd, 4319460.393, 102
Trd, 4319463.393, 94
Trd, 4319463.593, 93
Trd, 4319464.343, 99
Trd, 4319465.593, 91
Trd, 4319468.093, 95
Trd, 4319469.443, 103
Trd, 4319471.893, 96
Trd, 4319472.543, 96
Trd, 4319472.693, 97
Trd, 4319474.843, 87
Trd, 4319475.043, 88
Trd, 4319476.793, 77
Trd, 4319478.193, 76
Trd, 4319478.693, 93
Trd, 4319481.593, 95
Trd, 4319482.093, 86
Trd, 4319485.143, 95
Trd, 4319485.893, 92
Trd, 4319487.443, 95
Trd, 4319487.793, 94
Trd, 4319489.643, 97
Trd, 4319492.843, 98
Trd, 4319493.593, 98
Trd, 4319494.543, 95
Trd, 4319494.693, 95
Trd, 4319495.793, 89
Trd, 4319500.143, 85
Trd, 4319500.743, 92
Trd, 4319502.293, 88
Trd, 4319502.693, 88
Trd, 4319502.893, 90
Trd, 4319503.293, 88
Trd, 4319506.193, 92
Trd, 4319506.443, 88
Trd, 4319509.693, 95
Trd, 4319512.393, 96
Trd, 4319512.743, 95
Trd, 4319514.393, 95
Trd, 4319515.093, 95
Trd, 4319516.643, 77
Trd, 4319520.493, 93
Trd, 4319520.543, 102
Trd, 4319523.393, 96
Trd, 4319524.193, 100
Trd, 4319526.143, 91
Trd, 4319527.193, 92
Trd, 4319527.743, 93
Trd, 4319529.843, 93
Trd, 4319530.593, 90
Trd, 4319531.593, 91
Trd, 4319531.693, 95
Trd, 4319532.043, 93
Trd, 4319533.243, 103
Trd, 4319537.043, 95
Trd, 4319538.593, 96
Trd, 4319539.443, 95
Trd, 4319539.693, 95
Trd, 4319540.543, 104
Trd, 4319543.093, 81
Trd, 4319543.843, 87
Trd, 4319546.243, 93
Trd, 4319549.443, 98
Trd, 4319549.593, 99
Trd, 4319549.743, 98
Trd, 4319552.143, 118
Trd, 4319552.193, 95
Trd, 4319554.743, 121
Trd, 4319556.143, 115
Trd, 4319556.393, 114
Trd, 4319557.443, 95
Trd, 4319557.793, 95
Trd, 4319560.343, 111
Trd, 4319562.993, 103
Trd, 4319563.843, 103
Trd, 4319564.043, 104
Trd, 4319566.993, 106
Trd, 4319567.193, 106
Trd, 4319567.293, 106
Trd, 4319568.893, 96
Trd, 4319570.393, 102
Trd, 4319573.493, 101
Trd, 4319574.243, 101
Trd, 4319574.893, 100
Trd, 4319576.043, 85
Trd, 4319576.993, 86
Trd, 4319577.943, 88
Trd, 4319579.643, 90
Trd, 4319580.243, 89
Trd, 4319580.443, 81
Trd, 4319584.793, 87
Trd, 4319584.893, 104
Trd, 4319585.493, 87
Trd, 4319587.143, 89
Trd, 4319590.693, 102
Trd, 4319591.043, 102
Trd, 4319592.243, 101
Trd, 4319592.943, 101
Trd, 4319593.093, 78
Trd, 4319596.693, 95
Trd, 4319597.643, 88
Trd, 4319601.343, 94
Trd, 4319601.993, 95
Trd, 4319602.193, 93
Trd, 4319603.693, 96
Trd, 4319605.093, 95
Trd, 4319605.843, 97
Trd, 4319606.843, 96
Trd, 4319607.043, 100
Trd, 4319608.393, 95
Trd, 4319609.243, 98
Trd, 4319613.543, 110
Trd, 4319615.443, 99
Trd, 4319615.643, 104
Trd, 4319617.393, 102
Trd, 4319617.493, 97
Trd, 4319618.493, 103
Trd, 4319619.993, 99
Trd, 4319621.743, 88
Trd, 4319623.393, 90
Trd, 4319624.493, 91
Trd, 4319626.443, 94
Trd, 4319627.743, 93
Trd, 4319627.943, 93
Trd, 4319629.693, 95
Trd, 4319629.843, 103
Trd, 4319633.443, 104
Trd, 4319634.093, 96
Trd, 4319634.543, 96
Trd, 4319637.493, 90
Trd, 4319637.843, 101
Trd, 4319639.593, 96
Trd, 4319641.093, 94
Trd, 4319641.293, 94
Trd, 4319642.443, 81
Trd, 4319644.493, 100
Trd, 4319647.143, 98
Trd, 4319647.693, 99
Trd, 4319648.293, 98
Trd, 4319649.743, 96
Trd, 4319649.943, 95
Trd, 4319650.293, 108
Trd, 4319652.043, 89
Trd, 4319655.293, 93
Trd, 4319656.143, 94
Trd, 4319657.593, 90
Trd, 4319657.993, 86
Trd, 4319661.843, 89
Trd, 4319663.143, 90
Trd, 4319663.293, 88
Trd, 4319664.243, 93
Trd, 4319666.593, 95
Trd, 4319669.543, 98
Trd, 4319669.643, 98
Trd, 4319670.143, 104
Trd, 4319671.693, 117
Trd, 4319672.843, 87
Trd, 4319674.493, 93
Trd, 4319674.693, 94
Trd, 4319677.293, 89
Trd, 4319677.843, 91
Trd, 4319679.343, 90
Trd, 4319681.393, 95
Trd, 4319682.243, 96
Trd, 4319684.293, 94
Trd, 4319684.493, 95
Trd, 4319684.643, 96
Trd, 4319685.993, 93
Trd, 4319692.243, 101
Trd, 4319692.593, 101
Trd, 4319693.643, 102
Trd, 4319694.593, 99
Trd, 4319694.743, 95
Trd, 4319694.843, 95
Trd, 4319696.743, 111
Trd, 4319698.743, 89
Trd, 4319702.743, 97
Trd, 4319703.493, 96
Trd, 4319704.043, 96
Trd, 4319704.543, 95
Trd, 4319704.843, 99
Trd, 4319705.993, 118
Trd, 4319707.043, 92
Trd, 4319710.443, 88
Trd, 4319712.593, 92
Trd, 4319712.893, 91
Trd, 4319713.343, 99
Trd, 4319717.143, 92
Trd, 4319717.243, 94
Trd, 4319719.443, 100
Trd, 4319720.993, 97
Trd, 4319722.093, 88
Trd, 4319724.493, 89
Trd, 4319724.743, 90
Trd, 4319725.543, 87
Trd, 4319726.543, 102
Trd, 4319729.043, 91
Trd, 4319729.143, 89
Trd, 4319729.743, 86
Trd, 4319732.993, 86
Trd, 4319734.943, 90
Trd, 4319735.793, 92
Trd, 4319736.043, 92
Trd, 4319737.043, 94
Trd, 4319737.193, 95
Trd, 4319739.993, 98
Trd, 4319740.793, 98
Trd, 4319743.143, 116
Trd, 4319743.293, 98
Trd, 4319744.443, 98
Trd, 4319748.043, 98
Trd, 4319749.643, 96
Trd, 4319750.943, 98
Trd, 4319752.293, 99
Trd, 4319753.343, 97
Trd, 4319754.693, 95
Trd, 4319754.793, 99
Trd, 4319755.393, 101
Trd, 4319758.093, 92
Trd, 4319758.743, 92
Trd, 4319760.493, 85
Trd, 4319761.693, 86
Trd, 4319762.093, 89
Trd, 4319762.793, 86
Trd, 4319763.043, 95
Trd, 4319766.193, 113
Trd, 4319770.093, 95
Trd, 4319770.393, 106
Trd, 4319771.093, 92
Trd, 4319773.343, 98
Trd, 4319773.793, 99
Trd, 4319773.943, 98
Trd, 4319775.143, 97
Trd, 4319775.643, 98
Trd, 4319777.943, 99
Trd, 4319778.343, 112
Trd, 4319781.693, 101
Trd, 4319782.093, 99
Trd, 4319782.543, 101
Trd, 4319784.193, 96
Trd, 4319784.693, 96
Trd, 4319785.343, 95
Trd, 4319786.593, 87
Trd, 4319788.093, 91
Trd, 4319790.743, 107
Trd, 4319792.643, 101
Trd, 4319793.093, 103
Trd, 4319793.243, 102
Trd, 4319795.193, 102
Trd, 4319797.343, 100
Trd, 4319799.243, 86
Trd, 4319799.593, 100
Trd, 4319800.243, 102
Trd, 4319802.593, 81
Trd, 4319803.143, 82
Trd, 4319803.943, 86
Trd, 4319806.193, 86
Trd, 4319808.893, 90
Trd, 4319810.393, 97
Trd, 4319811.543, 93
Trd, 4319812.643, 93
Trd, 4319813.643, 95
Trd, 4319815.793, 88
Trd, 4319817.843, 89
Trd, 4319819.093, 87
Trd, 4319819.443, 88
Trd, 4319820.593, 91
Trd, 4319822.343, 93
Trd, 4319823.643, 94
Trd, 4319824.493, 95
Trd, 4319824.743, 94
Trd, 4319824.793, 94
Trd, 4319829.293, 92
Trd, 4319829.593, 101
Trd, 4319831.193, 94
Trd, 4319833.893, 96
Trd, 4319834.443, 96
Trd, 4319835.393, 95
Trd, 4319837.343, 95
Trd, 4319837.543, 96
Trd, 4319838.343, 95
Trd, 4319838.893, 86
Trd, 4319841.343, 103
Trd, 4319843.543, 84
Trd, 4319845.493, 88
Trd, 4319845.543, 90
Trd, 4319846.593, 88
Trd, 4319850.043, 82
Trd, 4319850.593, 87
Trd, 4319850.843, 82
Trd, 4319855.343, 88
Trd, 4319856.193, 87
Trd, 4319856.243, 87
Trd, 4319857.143, 86
Trd, 4319858.193, 87
Trd, 4319858.993, 80
Trd, 4319860.293, 112
Trd, 4319862.793, 106
Trd, 4319863.593, 106
Trd, 4319864.343, 105
Trd, 4319866.443, 87
Trd, 4319866.893, 90
Trd, 4319868.243, 88
Trd, 4319869.543, 101
Trd, 4319872.193, 95
Trd, 4319872.843, 96
Trd, 4319873.043, 94
Trd, 4319873.193, 104
Trd, 4319876.893, 109
Trd, 4319878.243, 97
Trd, 4319878.843, 96
Trd, 4319880.593, 88
Trd, 4319883.143, 95
Trd, 4319883.243, 94
Trd, 4319883.693, 95
Trd, 4319884.193, 96
Trd, 4319885.143, 97
Trd, 4319888.143, 98
Trd, 4319889.443, 99
Trd, 4319889.493, 95
Trd, 4319890.193, 86
Trd, 4319890.643, 99
Trd, 4319895.243, 89
Trd, 4319896.743, 92
Trd, 4319897.443, 91
Trd, 4319898.993, 91
Trd, 4319899.693, 95
Trd, 4319901.143, 103
Trd, 4319902.143, 91
Trd, 4319903.043, 94
Trd, 4319903.843, 80
Trd, 4319905.393, 86
Trd, 4319907.793, 91
Trd, 4319910.943, 95
Trd, 4319911.093, 95
Trd, 4319911.143, 104
Trd, 4319912.193, 102
Trd, 4319915.943, 91
Trd, 4319916.493, 91
Trd, 4319916.693, 92
Trd, 4319918.043, 91
Trd, 4319918.743, 95
Trd, 4319919.343, 127
Trd, 4319923.093, 93
Trd, 4319924.443, 95
Trd, 4319924.493, 98
Trd, 4319924.893, 96
Trd, 4319926.393, 97
Trd, 4319927.743, 97
Trd, 4319928.093, 95
Trd, 4319930.093, 98
Trd, 4319931.243, 126
Trd, 4319931.393, 94
Trd, 4319932.193, 87
Trd, 4319936.793, 93
Trd, 4319937.443, 101
Trd, 4319939.143, 97
Trd, 4319940.343, 96
Trd, 4319940.943, 98
Trd, 4319941.193, 96
Trd, 4319942.893, 95
Trd, 4319943.043, 95
Trd, 4319944.593, 82
Trd, 4319948.043, 86
Trd, 4319949.493, 97
Trd, 4319950.193, 97
Trd, 4319951.343, 95
Trd, 4319952.643, 94
Trd, 4319953.243, 92
Trd, 4319954.593, 92
Trd, 4319955.043, 92
Trd, 4319956.643, 94
Trd, 4319959.193, 94
Trd, 4319959.893, 121
Trd, 4319960.893, 93
Trd, 4319961.043, 118
Trd, 4319964.343, 102
Trd, 4319965.543, 100
Trd, 4319965.643, 100
Trd, 4319966.343, 99
Trd, 4319967.143, 101
Trd, 4319969.243, 98
Trd, 4319969.593, 95
Trd, 4319971.543, 89
Trd, 4319975.393, 95
Trd, 4319975.493, 96
Trd, 4319975.743, 94
Trd, 4319977.243, 93
Trd, 4319977.843, 95
Trd, 4319978.593, 87
Trd, 4319978.693, 86
Trd, 4319980.193, 102
Trd, 4319982.693, 107
Trd, 4319985.343, 89
Trd, 4319986.093, 91
Trd, 4319987.443, 88
Trd, 4319987.743, 89
Trd, 4319991.593, 96
Trd, 4319992.293, 95
Trd, 4319993.543, 100
Trd, 4319994.543, 95
Trd, 4319995.693, 97
Trd, 4319996.843, 95
Trd, 4319999.193, 87
Trd, 4319999.393, 87
Trd, 4319999.793, 87
