Trd, 4317878.043, 87
Trd, 4317878.643, 95
Trd, 4317880.393, 97
Trd, 4317880.593, 104
Trd, 4317880.793, 89
Trd, 4317883.943, 105
Trd, 4317884.143, 104
Trd, 4317887.643, 82
Trd, 4317888.293, 82
Trd, 4317891.343, 89
Trd, 4317893.093, 88
Trd, 4317894.093, 95
Trd, 4317894.543, 82
Trd, 4317895.343, 115
Trd, 4317898.043, 127
Trd, 4317898.243, 113
Trd, 4317898.643, 90
Trd, 4317899.593, 103
Trd, 4317901.543, 102
Trd, 4317902.743, 111
Trd, 4317903.093, 106
Trd, 4317903.693, 86
Trd, 4317904.693, 83
Trd, 4317906.443, 88
Trd, 4317906.743, 84
Trd, 4317907.893, 105
Trd, 4317911.043, 91
Trd, 4317911.143, 95
Trd, 4317911.543, 127
Trd, 4317912.443, 86
Trd, 4317914.993, 86
Trd, 4317915.543, 108
Trd, 4317918.693, 113
Trd, 4317920.793, 94
Trd, 4317922.993, 99
Trd, 4317923.043, 86
Trd, 4317926.643, 99
Trd, 4317927.043, 114
Trd, 4317927.343, 123
Trd, 4317927.943, 92
Trd, 4317930.393, 131
Trd, 4317930.743, 112
Trd, 4317931.493, 96
Trd, 4317933.993, 114
Trd, 4317934.443, 87
Trd, 4317937.843, 104
Trd, 4317939.443, 123
Trd, 4317941.493, 80
Trd, 4317943.143, 86
Trd, 4317944.343, 89
Trd, 4317945.143, 103
Trd, 4317945.893, 103
Trd, 4317946.943, 95
Trd, 4317948.643, 112
Trd, 4317949.143, 86
Trd, 4317953.843, 131
Trd, 4317954.593, 113
Trd, 4317954.993, 91
Trd, 4317957.793, 86
Trd, 4317959.743, 95
Trd, 4317959.893, 105
Trd, 4317960.243, 86
Trd, 4317960.793, 84
Trd, 4317961.193, 78
Trd, 4317962.643, 84
Trd, 4317963.493, 96
Trd, 4317966.043, 82
Trd, 4317970.243, 94
Trd, 4317971.093, 91
Trd, 4317971.893, 93
Trd, 4317972.693, 95
Trd, 4317974.393, 99
Trd, 4317974.843, 105
Trd, 4317976.093, 87
Trd, 4317976.893, 101
Trd, 4317977.893, 100
Trd, 4317979.993, 90
Trd, 4317980.143, 86
Trd, 4317982.593, 104
Trd, 4317982.743, 90
Trd, 4317984.343, 64
Trd, 4317987.493, 112
Trd, 4317988.193, 115
Trd, 4317988.393, 110
Trd, 4317989.393, 109
Trd, 4317992.193, 115
Trd, 4317993.843, 113
Trd, 4317994.643, 86
Trd, 4317996.293, 131
Trd, 4317996.743, 95
Trd, 4317996.793, 95
Trd, 4317996.843, 77
Trd, 4318000.193, 86
Trd, 4318000.593, 95
Trd, 4318001.293, 93
Trd, 4318002.593, 94
Trd, 4318003.843, 85
Trd, 4318004.293, 84
Trd, 4318006.193, 104
Trd, 4318007.243, 108
Trd, 4318008.693, 84
Trd, 4318010.543, 105
Trd, 4318011.443, 86
Trd, 4318013.593, 105
Trd, 4318014.493, 92
Trd, 4318015.243, 86
Trd, 4318015.793, 115
Trd, 4318016.693, 80
Trd, 4318018.443, 114
Trd, 4318018.493, 93
Trd, 4318021.093, 86
Trd, 4318021.443, 126
Trd, 4318022.243, 121
Trd, 4318023.793, 96
Trd, 4318025.643, 87
Trd, 4318026.843, 83
Trd, 4318027.493, 105
Trd, 4318027.993, 112
Trd, 4318028.043, 89
Trd, 4318029.143, 92
Trd, 4318031.493, 109
Trd, 4318032.693, 91
Trd, 4318034.293, 107
Trd, 4318035.643, 91
Trd, 4318036.093, 91
Trd, 4318037.893, 97
Trd, 4318039.193, 86
Trd, 4318039.843, 86
Trd, 4318039.893, 106
Trd, 4318042.193, 106
Trd, 4318044.193, 95
Trd, 4318045.043, 127
Trd, 4318045.543, 87
Trd, 4318046.393, 110
Trd, 4318047.193, 90
Trd, 4318047.793, 95
Trd, 4318048.943, 89
Trd, 4318050.143, 115
Trd, 4318054.043, 88
Trd, 4318054.193, 86
Trd, 4318055.043, 102
Trd, 4318055.143, 93
Trd, 4318056.393, 106
Trd, 4318057.843, 118
Trd, 4318057.943, 104
Trd, 4318060.443, 118
Trd, 4318061.793, 78
Trd, 4318062.043, 86
Trd, 4318062.793, 92
Trd, 4318064.443, 106
Trd, 4318064.793, 108
Trd, 4318067.843, 120
Trd, 4318068.443, 97
Trd, 4318068.743, 96
Trd, 4318069.443, 93
Trd, 4318070.343, 133
Trd, 4318072.543, 88
Trd, 4318072.743, 86
Trd, 4318073.643, 78
Trd, 4318074.493, 86
Trd, 4318075.343, 95
Trd, 4318077.293, 120
Trd, 4318079.593, 107
Trd, 4318080.043, 92
Trd, 4318080.643, 88
Trd, 4318082.543, 129
Trd, 4318086.093, 121
Trd, 4318086.343, 114
Trd, 4318086.493, 107
Trd, 4318086.643, 107
Trd, 4318088.843, 92
Trd, 4318089.043, 78
Trd, 4318089.693, 95
Trd, 4318091.893, 96
Trd, 4318091.943, 97
Trd, 4318093.093, 106
Trd, 4318095.793, 87
Trd, 4318095.893, 110
Trd, 4318098.593, 133
Trd, 4318100.743, 103
Trd, 4318103.043, 85
Trd, 4318103.593, 95
Trd, 4318104.643, 106
Trd, 4318106.543, 94
Trd, 4318106.593, 108
Trd, 4318107.693, 113
Trd, 4318109.093, 86
Trd, 4318111.143, 85
Trd, 4318112.793, 89
Trd, 4318114.743, 103
Trd, 4318115.943, 96
Trd, 4318116.493, 86
Trd, 4318117.693, 102
Trd, 4318118.743, 109
Trd, 4318122.343, 110
Trd, 4318123.493, 79
Trd, 4318123.543, 89
Trd, 4318127.693, 91
Trd, 4318128.493, 85
Trd, 4318130.093, 88
Trd, 4318130.243, 83
Trd, 4318131.593, 93
Trd, 4318133.293, 84
Trd, 4318133.543, 106
Trd, 4318135.193, 86
Trd, 4318137.193, 110
Trd, 4318137.543, 88
Trd, 4318139.193, 99
Trd, 4318140.743, 104
Trd, 4318141.143, 99
Trd, 4318141.243, 104
Trd, 4318142.643, 104
Trd, 4318143.043, 102
Trd, 4318143.893, 105
Trd, 4318146.493, 87
Trd, 4318146.893, 86
Trd, 4318150.743, 78
Trd, 4318151.143, 77
Trd, 4318151.493, 88
Trd, 4318152.643, 95
Trd, 4318153.243, 98
Trd, 4318154.893, 90
Trd, 4318158.393, 104
Trd, 4318159.643, 117
Trd, 4318159.943, 93
Trd, 4318160.343, 85
Trd, 4318160.943, 77
Trd, 4318162.643, 107
Trd, 4318164.443, 100
Trd, 4318167.343, 101
Trd, 4318168.343, 105
Trd, 4318169.393, 94
Trd, 4318170.293, 99
Trd, 4318171.193, 108
Trd, 4318171.643, 79
Trd, 4318172.293, 107
Trd, 4318177.343, 108
Trd, 4318177.493, 131
Trd, 4318177.693, 135
Trd, 4318179.493, 86
Trd, 4318181.643, 97
Trd, 4318181.693, 81
Trd, 4318183.443, 87
Trd, 4318185.643, 88
Trd, 4318186.993, 87
Trd, 4318187.693, 86
Trd, 4318188.693, 89
Trd, 4318190.393, 101
Trd, 4318190.893, 109
Trd, 4318191.493, 96
Trd, 4318192.043, 86
Trd, 4318194.243, 94
Trd, 4318194.293, 88
Trd, 4318195.093, 103
Trd, 4318196.343, 119
Trd, 4318198.243, 89
Trd, 4318200.343, 89
Trd, 4318201.143, 125
Trd, 4318204.193, 90
Trd, 4318205.243, 80
Trd, 4318205.493, 79
Trd, 4318207.093, 89
Trd, 4318207.243, 94
Trd, 4318208.843, 95
Trd, 4318210.393, 90
Trd, 4318211.593, 88
Trd, 4318213.043, 94
Trd, 4318213.543, 107
Trd, 4318217.943, 132
Trd, 4318219.543, 117
Trd, 4318220.143, 95
Trd, 4318221.243, 86
Trd, 4318222.243, 91
Trd, 4318223.443, 99
Trd, 4318223.993, 103
Trd, 4318226.093, 106
Trd, 4318227.293, 88
Trd, 4318227.993, 93
Trd, 4318229.343, 89
Trd, 4318229.493, 105
Trd, 4318231.043, 86
Trd, 4318231.443, 129
Trd, 4318232.093, 83
Trd, 4318233.243, 94
Trd, 4318235.993, 95
Trd, 4318236.493, 131
Trd, 4318237.543, 110
Trd, 4318237.593, 100
Trd, 4318238.243, 86
Trd, 4318241.543, 83
Trd, 4318241.943, 87
Trd, 4318243.793, 104
Trd, 4318246.193, 99
Trd, 4318247.243, 87
Trd, 4318248.793, 103
Trd, 4318250.693, 88
Trd, 4318251.393, 119
Trd, 4318251.793, 95
Trd, 4318252.293, 94
Trd, 4318254.393, 96
Trd, 4318255.293, 119
Trd, 4318256.043, 88
Trd, 4318256.343, 86
Trd, 4318259.443, 94
Trd, 4318259.493, 131
Trd, 4318259.993, 93
Trd, 4318261.743, 94
Trd, 4318263.843, 104
Trd, 4318264.593, 79
Trd, 4318264.693, 77
Trd, 4318266.743, 96
Trd, 4318268.893, 105
Trd, 4318270.343, 102
Trd, 4318270.993, 84
Trd, 4318273.343, 113
Trd, 4318275.043, 84
Trd, 4318276.243, 113
Trd, 4318276.493, 97
Trd, 4318276.793, 94
Trd, 4318278.643, 111
Trd, 4318281.943, 103
Trd, 4318282.293, 95
Trd, 4318282.693, 86
Trd, 4318283.493, 94
Trd, 4318285.443, 107
Trd, 4318285.843, 90
Trd, 4318286.743, 106
Trd, 4318287.193, 85
Trd, 4318288.243, 85
Trd, 4318289.493, 136
Trd, 4318291.893, 81
Trd, 4318291.943, 87
Trd, 4318293.293, 115
Trd, 4318293.893, 113
Trd, 4318294.643, 133
Trd, 4318295.043, 86
Trd, 4318297.793, 100
Trd, 4318300.493, 105
Trd, 4318303.793, 100
Trd, 4318304.243, 104
Trd, 4318306.293, 102
Trd, 4318306.793, 110
Trd, 4318310.093, 102
Trd, 4318311.093, 92
Trd, 4318311.343, 89
Trd, 4318311.593, 104
Trd, 4318313.243, 113
Trd, 4318313.893, 93
Trd, 4318315.043, 102
Trd, 4318316.043, 132
Trd, 4318319.443, 87
Trd, 4318319.693, 84
Trd, 4318319.893, 103
Trd, 4318321.193, 99
Trd, 4318322.393, 90
Trd, 4318324.243, 92
Trd, 4318324.393, 90
Trd, 4318326.043, 116
Trd, 4318327.293, 81
Trd, 4318329.193, 95
Trd, 4318329.593, 115
Trd, 4318331.043, 107
Trd, 4318331.093, 88
Trd, 4318333.443, 94
Trd, 4318334.843, 123
Trd, 4318335.693, 90
Trd, 4318336.393, 92
Trd, 4318336.543, 105
Trd, 4318336.693, 91
Trd, 4318340.643, 94
Trd, 4318343.243, 104
Trd, 4318345.343, 107
Trd, 4318345.843, 100
Trd, 4318347.493, 113
Trd, 4318348.393, 78
Trd, 4318349.643, 76
Trd, 4318350.793, 89
Trd, 4318351.493, 90
Trd, 4318353.293, 92
Trd, 4318354.393, 104
Trd, 4318355.443, 102
Trd, 4318356.093, 86
Trd, 4318356.443, 81
Trd, 4318357.543, 77
Trd, 4318358.293, 99
Trd, 4318358.493, 93
Trd, 4318359.193, 130
Trd, 4318359.743, 77
Trd, 4318362.943, 93
Trd, 4318363.943, 97
Trd, 4318364.543, 107
Trd, 4318366.143, 119
Trd, 4318366.893, 88
Trd, 4318366.993, 112
Trd, 4318371.243, 107
Trd, 4318372.043, 96
Trd, 4318372.193, 90
Trd, 4318373.093, 78
Trd, 4318374.443, 99
Trd, 4318376.343, 98
Trd, 4318377.493, 110
Trd, 4318378.793, 120
Trd, 4318378.943, 88
Trd, 4318380.443, 86
Trd, 4318381.393, 118
Trd, 4318381.543, 78
Trd, 4318383.243, 81
Trd, 4318384.443, 91
Trd, 4318385.943, 118
Trd, 4318386.693, 108
Trd, 4318386.793, 106
Trd, 4318389.143, 92
Trd, 4318389.943, 104
Trd, 4318391.843, 86
Trd, 4318393.843, 86
Trd, 4318394.943, 95
Trd, 4318395.643, 84
Trd, 4318399.043, 95
Trd, 4318400.593, 106
Trd, 4318401.943, 108
Trd, 4318403.593, 115
Trd, 4318404.043, 121
Trd, 4318406.443, 100
Trd, 4318406.943, 110
Trd, 4318407.943, 87
Trd, 4318408.643, 89
Trd, 4318409.493, 79
Trd, 4318410.293, 77
Trd, 4318414.543, 102
Trd, 4318414.793, 110
Trd, 4318416.793, 95
Trd, 4318417.743, 110
Trd, 4318418.093, 103
Trd, 4318419.593, 129
Trd, 4318421.043, 113
Trd, 4318423.093, 95
Trd, 4318423.993, 96
Trd, 4318425.193, 88
Trd, 4318426.293, 94
Trd, 4318427.343, 94
Trd, 4318427.643, 87
Trd, 4318430.043, 130
Trd, 4318430.443, 113
Trd, 4318432.543, 98
Trd, 4318433.543, 91
Trd, 4318435.143, 104
Trd, 4318435.743, 106
Trd, 4318437.793, 126
Trd, 4318438.093, 87
Trd, 4318439.693, 95
Trd, 4318440.693, 86
Trd, 4318442.193, 93
Trd, 4318442.343, 86
Trd, 4318442.993, 86
Trd, 4318444.243, 104
Trd, 4318444.993, 91
Trd, 4318446.343, 88
Trd, 4318447.843, 100
Trd, 4318448.443, 113
Trd, 4318452.243, 96
Trd, 4318452.393, 86
Trd, 4318454.193, 88
Trd, 4318455.493, 95
Trd, 4318456.893, 115
Trd, 4318459.243, 96
Trd, 4318460.793, 78
Trd, 4318460.993, 95
Trd, 4318462.493, 96
Trd, 4318462.593, 100
Trd, 4318462.693, 95
Trd, 4318463.943, 61
Trd, 4318464.993, 129
Trd, 4318469.243, 89
Trd, 4318470.293, 104
Trd, 4318470.493, 89
Trd, 4318471.943, 134
Trd, 4318472.543, 102
Trd, 4318474.443, 106
Trd, 4318474.743, 124
Trd, 4318475.143, 86
Trd, 4318475.593, 77
Trd, 4318475.693, 88
Trd, 4318478.443, 79
Trd, 4318479.093, 65
Trd, 4318479.843, 107
Trd, 4318481.843, 86
Trd, 4318482.293, 85
Trd, 4318483.693, 88
Trd, 4318484.693, 86
Trd, 4318486.043, 94
Trd, 4318486.493, 95
Trd, 4318488.243, 107
Trd, 4318489.743, 102
Trd, 4318489.893, 90
Trd, 4318491.993, 85
Trd, 4318493.643, 85
Trd, 4318493.993, 91
Trd, 4318494.443, 86
Trd, 4318495.993, 95
Trd, 4318499.043, 105
Trd, 4318500.043, 104
Trd, 4318502.393, 85
Trd, 4318503.943, 93
Trd, 4318504.593, 104
Trd, 4318504.743, 106
Trd, 4318505.543, 99
Trd, 4318506.143, 108
Trd, 4318508.793, 86
Trd, 4318509.893, 86
Trd, 4318510.143, 89
Trd, 4318510.643, 77
Trd, 4318513.643, 87
Trd, 4318513.993, 115
Trd, 4318514.893, 99
Trd, 4318515.493, 117
Trd, 4318515.743, 86
Trd, 4318516.493, 115
Trd, 4318518.043, 69
Trd, 4318519.343, 69
Trd, 4318519.693, 88
Trd, 4318522.493, 115
Trd, 4318522.643, 113
Trd, 4318525.793, 131
Trd, 4318526.993, 96
Trd, 4318528.893, 95
Trd, 4318529.343, 86
Trd, 4318530.843, 76
Trd, 4318531.143, 87
Trd, 4318532.893, 104
Trd, 4318533.293, 117
Trd, 4318534.493, 87
Trd, 4318534.743, 110
Trd, 4318536.093, 85
Trd, 4318537.693, 101
Trd, 4318538.193, 87
Trd, 4318540.793, 97
Trd, 4318540.993, 105
Trd, 4318542.793, 87
Trd, 4318546.093, 83
Trd, 4318547.193, 85
Trd, 4318547.243, 95
Trd, 4318547.743, 104
Trd, 4318548.093, 77
Trd, 4318550.743, 88
Trd, 4318552.593, 115
Trd, 4318553.543, 87
Trd, 4318553.593, 86
Trd, 4318555.193, 101
Trd, 4318555.593, 104
Trd, 4318556.343, 106
Trd, 4318558.593, 92
Trd, 4318560.143, 97
Trd, 4318560.243, 86
Trd, 4318560.643, 77
Trd, 4318562.843, 95
Trd, 4318563.993, 88
Trd, 4318564.493, 88
Trd, 4318566.643, 95
Trd, 4318567.343, 85
Trd, 4318568.993, 92
Trd, 4318570.443, 104
Trd, 4318570.493, 87
Trd, 4318572.093, 89
Trd, 4318572.193, 95
Trd, 4318573.643, 116
Trd, 4318575.143, 86
Trd, 4318575.943, 111
Trd, 4318576.543, 93
Trd, 4318579.143, 88
Trd, 4318580.243, 100
Trd, 4318581.343, 94
Trd, 4318582.293, 101
Trd, 4318582.443, 104
Trd, 4318586.493, 107
Trd, 4318586.843, 106
Trd, 4318587.143, 94
Trd, 4318587.943, 93
Trd, 4318589.693, 92
Trd, 4318590.443, 89
Trd, 4318590.693, 103
Trd, 4318591.893, 93
Trd, 4318592.743, 104
Trd, 4318593.693, 88
Trd, 4318597.143, 87
Trd, 4318597.293, 95
Trd, 4318597.493, 86
Trd, 4318600.343, 100
Trd, 4318602.543, 125
Trd, 4318602.593, 95
Trd, 4318603.143, 93
Trd, 4318604.693, 110
Trd, 4318605.243, 78
Trd, 4318608.393, 88
Trd, 4318609.393, 86
Trd, 4318611.393, 89
Trd, 4318612.893, 88
Trd, 4318614.143, 106
Trd, 4318614.243, 94
Trd, 4318616.793, 113
Trd, 4318618.793, 74
Trd, 4318618.943, 89
Trd, 4318620.343, 104
Trd, 4318620.443, 86
Trd, 4318623.893, 115
Trd, 4318625.043, 99
Trd, 4318626.993, 105
Trd, 4318627.293, 86
Trd, 4318629.493, 120
Trd, 4318630.893, 109
Trd, 4318631.393, 86
Trd, 4318631.493, 76
Trd, 4318634.743, 108
Trd, 4318634.893, 107
Trd, 4318634.993, 88
Trd, 4318635.393, 102
Trd, 4318635.493, 79
Trd, 4318639.193, 89
Trd, 4318639.643, 95
Trd, 4318641.393, 90
Trd, 4318641.793, 111
Trd, 4318642.343, 89
Trd, 4318646.243, 106
Trd, 4318649.143, 95
Trd, 4318650.093, 102
Trd, 4318650.943, 86
Trd, 4318651.293, 99
Trd, 4318654.593, 105
Trd, 4318654.843, 94
Trd, 4318655.893, 111
Trd, 4318656.693, 91
Trd, 4318657.993, 126
Trd, 4318659.843, 85
Trd, 4318663.343, 79
Trd, 4318663.393, 96
Trd, 4318663.893, 109
Trd, 4318665.743, 119
Trd, 4318666.243, 88
Trd, 4318667.693, 92
Trd, 4318670.993, 114
Trd, 4318671.193, 78
Trd, 4318671.743, 111
Trd, 4318674.043, 102
Trd, 4318675.693, 113
Trd, 4318676.543, 82
Trd, 4318678.293, 89
Trd, 4318679.543, 107
Trd, 4318681.643, 100
Trd, 4318682.493, 112
Trd, 4318683.393, 87
Trd, 4318683.693, 114
Trd, 4318685.593, 89
Trd, 4318686.393, 86
Trd, 4318687.843, 95
Trd, 4318688.443, 122
Trd, 4318689.493, 87
Trd, 4318690.193, 138
Trd, 4318690.793, 77
Trd, 4318694.343, 89
Trd, 4318695.393, 111
Trd, 4318697.593, 98
Trd, 4318699.093, 92
Trd, 4318699.243, 87
Trd, 4318700.393, 95
Trd, 4318702.693, 92
Trd, 4318704.593, 101
Trd, 4318706.143, 91
Trd, 4318708.143, 98
Trd, 4318709.393, 95
Trd, 4318711.543, 102
Trd, 4318712.193, 104
Trd, 4318714.743, 91
Trd, 4318715.993, 97
Trd, 4318718.143, 111
Trd, 4318720.593, 90
Trd, 4318721.643, 101
Trd, 4318723.493, 97
Trd, 4318724.643, 87
Trd, 4318725.243, 87
Trd, 4318726.943, 105
Trd, 4318727.893, 96
Trd, 4318729.343, 88
Trd, 4318729.443, 80
Trd, 4318732.393, 98
Trd, 4318732.443, 101
Trd, 4318734.843, 95
Trd, 4318736.043, 119
Trd, 4318736.643, 86
Trd, 4318739.443, 95
Trd, 4318739.693, 95
Trd, 4318740.343, 84
Trd, 4318740.543, 83
Trd, 4318741.443, 85
Trd, 4318742.193, 111
Trd, 4318746.093, 106
Trd, 4318747.093, 101
Trd, 4318747.793, 86
Trd, 4318748.743, 85
Trd, 4318749.793, 113
Trd, 4318754.893, 109
Trd, 4318755.793, 112
Trd, 4318756.043, 87
Trd, 4318756.393, 92
Trd, 4318758.343, 86
Trd, 4318760.293, 105
Trd, 4318760.443, 97
Trd, 4318760.743, 87
Trd, 4318761.993, 89
Trd, 4318762.393, 87
Trd, 4318764.393, 109
Trd, 4318765.343, 77
Trd, 4318765.393, 79
Trd, 4318766.093, 115
Trd, 4318766.943, 110
Trd, 4318769.593, 97
Trd, 4318770.343, 94
Trd, 4318771.693, 121
Trd, 4318771.843, 109
Trd, 4318774.893, 102
Trd, 4318774.943, 96
Trd, 4318778.893, 87
Trd, 4318779.843, 86
Trd, 4318779.993, 76
Trd, 4318781.793, 110
Trd, 4318783.693, 81
Trd, 4318783.943, 104
Trd, 4318785.543, 100
Trd, 4318786.943, 103
Trd, 4318787.093, 104
Trd, 4318789.593, 91
Trd, 4318790.593, 115
Trd, 4318791.393, 86
Trd, 4318792.193, 87
Trd, 4318794.443, 107
Trd, 4318795.593, 92
Trd, 4318796.243, 85
Trd, 4318798.193, 99
Trd, 4318799.093, 102
Trd, 4318800.743, 104
Trd, 4318802.093, 105
Trd, 4318803.743, 100
Trd, 4318805.793, 94
Trd, 4318807.193, 104
Trd, 4318808.193, 102
Trd, 4318811.393, 116
Trd, 4318813.143, 83
Trd, 4318813.743, 89
Trd, 4318814.393, 95
Trd, 4318815.543, 88
Trd, 4318816.243, 83
Trd, 4318816.543, 92
Trd, 4318818.143, 104
Trd, 4318821.043, 86
Trd, 4318821.143, 102
Trd, 4318822.093, 108
Trd, 4318824.093, 89
Trd, 4318825.143, 95
Trd, 4318827.593, 86
Trd, 4318828.893, 86
Trd, 4318829.943, 85
Trd, 4318831.843, 86
Trd, 4318832.893, 104
Trd, 4318833.693, 90
Trd, 4318833.893, 95
Trd, 4318834.343, 87
Trd, 4318835.393, 109
Trd, 4318839.243, 109
Trd, 4318841.793, 91
Trd, 4318842.093, 108
Trd, 4318842.543, 105
Trd, 4318842.743, 90
Trd, 4318843.793, 86
Trd, 4318844.293, 110
Trd, 4318846.193, 140
Trd, 4318847.093, 125
Trd, 4318847.743, 113
Trd, 4318850.093, 85
Trd, 4318850.493, 88
Trd, 4318850.593, 95
Trd, 4318851.693, 88
Trd, 4318855.043, 89
Trd, 4318855.443, 77
Trd, 4318855.793, 109
Trd, 4318858.193, 102
Trd, 4318858.493, 93
Trd, 4318859.993, 104
Trd, 4318861.243, 88
Trd, 4318863.093, 87
Trd, 4318865.043, 109
Trd, 4318865.243, 89
Trd, 4318867.943, 97
Trd, 4318868.393, 105
Trd, 4318868.543, 95
Trd, 4318868.643, 95
Trd, 4318870.143, 86
Trd, 4318870.943, 95
Trd, 4318871.593, 111
Trd, 4318873.643, 82
Trd, 4318874.893, 100
Trd, 4318875.693, 109
Trd, 4318878.593, 122
Trd, 4318879.293, 93
Trd, 4318882.043, 92
Trd, 4318883.043, 93
Trd, 4318883.593, 83
Trd, 4318884.243, 95
Trd, 4318884.643, 107
Trd, 4318886.843, 95
Trd, 4318888.443, 95
Trd, 4318889.243, 96
Trd, 4318891.693, 98
Trd, 4318893.943, 86
Trd, 4318894.543, 105
Trd, 4318895.543, 113
Trd, 4318896.843, 101
Trd, 4318897.193, 99
Trd, 4318897.293, 106
Trd, 4318897.543, 86
Trd, 4318900.093, 91
Trd, 4318904.143, 97
Trd, 4318904.193, 95
Trd, 4318904.543, 86
Trd, 4318905.193, 111
Trd, 4318907.393, 95
Trd, 4318907.443, 87
Trd, 4318908.693, 117
Trd, 4318911.743, 93
Trd, 4318912.043, 87
Trd, 4318912.543, 102
Trd, 4318913.543, 99
Trd, 4318913.593, 100
Trd, 4318916.843, 88
Trd, 4318918.293, 102
Trd, 4318919.443, 99
Trd, 4318921.243, 110
Trd, 4318923.343, 127
Trd, 4318924.743, 97
Trd, 4318925.693, 83
Trd, 4318927.793, 91
Trd, 4318929.493, 93
Trd, 4318929.593, 95
Trd, 4318929.643, 86
Trd, 4318930.243, 106
Trd, 4318934.543, 89
Trd, 4318934.643, 95
Trd, 4318934.843, 104
Trd, 4318935.893, 85
Trd, 4318936.593, 93
Trd, 4318937.743, 92
Trd, 4318938.693, 90
Trd, 4318941.293, 91
Trd, 4318942.443, 104
Trd, 4318943.443, 90
Trd, 4318944.693, 78
Trd, 4318946.043, 103
Trd, 4318947.993, 92
Trd, 4318948.393, 91
Trd, 4318948.893, 110
Trd, 4318949.743, 91
Trd, 4318951.593, 118
Trd, 4318955.043, 114
Trd, 4318955.393, 95
Trd, 4318955.593, 88
Trd, 4318956.843, 89
Trd, 4318958.093, 114
Trd, 4318958.643, 113
Trd, 4318960.193, 89
Trd, 4318962.493, 97
Trd, 4318963.743, 94
Trd, 4318965.743, 103
Trd, 4318967.643, 120
Trd, 4318969.243, 104
Trd, 4318969.593, 103
Trd, 4318971.143, 92
Trd, 4318971.393, 93
Trd, 4318971.593, 116
Trd, 4318972.393, 87
Trd, 4318973.943, 91
Trd, 4318977.043, 92
Trd, 4318978.143, 90
Trd, 4318978.193, 100
Trd, 4318979.393, 92
Trd, 4318982.743, 103
Trd, 4318982.843, 90
Trd, 4318983.843, 103
Trd, 4318984.693, 102
Trd, 4318986.293, 96
Trd, 4318987.193, 89
Trd, 4318989.943, 88
Trd, 4318992.193, 105
Trd, 4318995.343, 100
Trd, 4318995.393, 97
Trd, 4318995.593, 96
Trd, 4318995.743, 92
Trd, 4318998.043, 86
Trd, 4318998.843, 88
Trd, 4319000.143, 89
Trd, 4319000.393, 103
Trd, 4319001.893, 106
Trd, 4319003.793, 105
Trd, 4319003.893, 106
Trd, 4319004.893, 105
Trd, 4319005.943, 103
Trd, 4319009.143, 95
Trd, 4319009.243, 94
Trd, 4319010.593, 106
Trd, 4319011.093, 86
Trd, 4319011.293, 104
Trd, 4319012.993, 80
Trd, 4319015.393, 91
Trd, 4319015.843, 91
Trd, 4319016.693, 95
Trd, 4319017.443, 104
Trd, 4319017.843, 90
Trd, 4319018.043, 107
Trd, 4319020.343, 89
Trd, 4319024.393, 88
Trd, 4319025.493, 107
Trd, 4319025.643, 92
Trd, 4319026.793, 130
Trd, 4319027.143, 103
Trd, 4319027.743, 86
Trd, 4319031.093, 134
Trd, 4319031.493, 106
Trd, 4319032.793, 108
Trd, 4319036.293, 89
Trd, 4319037.893, 110
Trd, 4319040.493, 104
Trd, 4319041.093, 108
Trd, 4319042.193, 99
Trd, 4319042.693, 92
Trd, 4319043.443, 86
Trd, 4319045.243, 115
Trd, 4319046.243, 98
Trd, 4319048.343, 108
Trd, 4319048.393, 86
Trd, 4319051.343, 98
Trd, 4319052.393, 100
Trd, 4319053.543, 95
Trd, 4319055.193, 95
Trd, 4319057.193, 104
Trd, 4319057.343, 87
Trd, 4319058.343, 94
Trd, 4319058.793, 79
Trd, 4319063.093, 119
Trd, 4319064.293, 88
Trd, 4319065.193, 95
Trd, 4319065.893, 107
Trd, 4319069.093, 104
Trd, 4319069.743, 99
Trd, 4319070.593, 105
Trd, 4319072.393, 83
Trd, 4319072.593, 67
Trd, 4319073.843, 114
Trd, 4319075.293, 115
Trd, 4319076.393, 106
Trd, 4319077.493, 86
Trd, 4319078.043, 83
Trd, 4319080.343, 106
Trd, 4319081.093, 97
Trd, 4319081.343, 106
Trd, 4319083.243, 86
Trd, 4319086.343, 89
Trd, 4319086.543, 90
Trd, 4319087.343, 118
Trd, 4319087.843, 103
Trd, 4319089.943, 89
Trd, 4319091.093, 107
Trd, 4319092.743, 110
Trd, 4319096.143, 86
Trd, 4319097.993, 113
Trd, 4319098.643, 91
Trd, 4319100.943, 95
Trd, 4319101.843, 99
Trd, 4319104.643, 99
Trd, 4319105.843, 114
Trd, 4319106.443, 97
Trd, 4319106.543, 116
Trd, 4319108.543, 97
Trd, 4319109.393, 98
Trd, 4319110.443, 102
Trd, 4319111.843, 105
Trd, 4319113.243, 98
Trd, 4319115.293, 98
Trd, 4319115.343, 108
Trd, 4319115.493, 87
Trd, 4319116.293, 120
Trd, 4319117.043, 113
Trd, 4319118.893, 94
Trd, 4319122.043, 113
Trd, 4319122.893, 86
Trd, 4319123.343, 118
Trd, 4319124.543, 104
Trd, 4319124.843, 103
Trd, 4319125.593, 111
Trd, 4319126.243, 99
Trd, 4319131.243, 107
Trd, 4319131.393, 125
Trd, 4319131.893, 104
Trd, 4319133.943, 96
Trd, 4319134.343, 127
Trd, 4319136.743, 86
Trd, 4319137.293, 96
Trd, 4319140.293, 94
Trd, 4319141.343, 98
Trd, 4319142.843, 92
Trd, 4319144.343, 90
Trd, 4319147.393, 90
Trd, 4319148.093, 86
Trd, 4319148.593, 106
Trd, 4319150.443, 87
Trd, 4319150.843, 100
Trd, 4319152.093, 87
Trd, 4319152.793, 76
Trd, 4319155.343, 107
Trd, 4319155.693, 108
Trd, 4319157.393, 87
Trd, 4319157.793, 85
Trd, 4319159.493, 120
Trd, 4319160.993, 106
Trd, 4319161.193, 104
Trd, 4319163.143, 91
Trd, 4319166.043, 93
Trd, 4319166.943, 92
Trd, 4319168.043, 87
Trd, 4319168.543, 118
Trd, 4319170.643, 89
Trd, 4319171.093, 119
Trd, 4319174.143, 104
Trd, 4319175.793, 95
Trd, 4319177.193, 101
Trd, 4319177.643, 98
Trd, 4319178.043, 103
Trd, 4319178.193, 104
Trd, 4319179.943, 86
Trd, 4319181.393, 86
Trd, 4319183.593, 93
Trd, 4319183.743, 95
Trd, 4319184.843, 87
Trd, 4319185.343, 103
Trd, 4319187.293, 120
Trd, 4319188.643, 113
Trd, 4319189.343, 107
Trd, 4319189.743, 103
Trd, 4319191.093, 100
Trd, 4319191.393, 116
Trd, 4319191.643, 86
Trd, 4319193.193, 91
Trd, 4319194.193, 135
Trd, 4319197.593, 115
Trd, 4319198.543, 113
Trd, 4319198.893, 101
Trd, 4319199.593, 92
Trd, 4319200.293, 86
Trd, 4319200.893, 101
Trd, 4319202.393, 88
Trd, 4319203.643, 121
Trd, 4319205.443, 122
Trd, 4319205.843, 113
Trd, 4319209.043, 83
Trd, 4319210.193, 98
Trd, 4319211.343, 113
Trd, 4319211.743, 96
Trd, 4319212.943, 119
Trd, 4319215.193, 89
Trd, 4319216.693, 95
Trd, 4319217.843, 99
Trd, 4319219.143, 90
Trd, 4319219.643, 89
Trd, 4319220.543, 109
Trd, 4319221.743, 116
Trd, 4319221.843, 111
Trd, 4319224.443, 97
Trd, 4319226.343, 108
Trd, 4319226.993, 113
Trd, 4319228.043, 93
Trd, 4319228.643, 82
Trd, 4319230.143, 84
Trd, 4319230.743, 127
Trd, 4319230.993, 119
Trd, 4319233.243, 101
Trd, 4319233.843, 103
Trd, 4319234.343, 110
Trd, 4319236.393, 87
Trd, 4319237.093, 100
Trd, 4319237.793, 90
Trd, 4319239.943, 114
Trd, 4319240.593, 86
Trd, 4319241.843, 97
Trd, 4319242.793, 116
Trd, 4319245.393, 87
Trd, 4319245.793, 87
Trd, 4319246.193, 95
Trd, 4319246.493, 86
Trd, 4319246.593, 85
Trd, 4319248.043, 77
Trd, 4319249.343, 89
Trd, 4319251.193, 102
Trd, 4319251.593, 104
Trd, 4319251.743, 89
Trd, 4319255.343, 94
Trd, 4319255.493, 90
Trd, 4319257.693, 102
Trd, 4319257.793, 103
Trd, 4319258.843, 92
Trd, 4319262.643, 94
Trd, 4319262.793, 111
Trd, 4319264.843, 108
Trd, 4319266.093, 95
Trd, 4319267.093, 104
Trd, 4319267.393, 103
Trd, 4319267.793, 111
Trd, 4319269.743, 93
Trd, 4319271.943, 78
Trd, 4319272.793, 122
Trd, 4319274.893, 88
Trd, 4319276.043, 103
Trd, 4319277.293, 86
Trd, 4319278.393, 88
Trd, 4319279.843, 138
Trd, 4319282.343, 113
Trd, 4319283.393, 87
Trd, 4319283.493, 89
Trd, 4319284.643, 81
Trd, 4319285.943, 101
Trd, 4319286.443, 113
Trd, 4319287.643, 128
Trd, 4319288.693, 116
Trd, 4319290.093, 118
Trd, 4319290.343, 86
Trd, 4319293.443, 96
Trd, 4319294.993, 87
Trd, 4319295.193, 108
Trd, 4319295.943, 113
Trd, 4319296.993, 82
Trd, 4319298.593, 88
Trd, 4319298.843, 108
Trd, 4319301.293, 94
Trd, 4319302.493, 87
Trd, 4319303.193, 86
Trd, 4319304.993, 112
Trd, 4319305.943, 90
Trd, 4319306.393, 86
Trd, 4319307.893, 90
Trd, 4319308.293, 88
Trd, 4319309.293, 95
Trd, 4319309.993, 113
Trd, 4319310.643, 78
Trd, 4319313.243, 78
Trd, 4319315.143, 93
Trd, 4319316.093, 111
Trd, 4319317.193, 105
Trd, 4319318.093, 122
Trd, 4319318.593, 101
Trd, 4319318.743, 86
Trd, 4319321.143, 114
Trd, 4319321.443, 113
Trd, 4319323.393, 80
Trd, 4319324.393, 86
Trd, 4319325.993, 88
Trd, 4319328.743, 77
Trd, 4319330.093, 91
Trd, 4319330.493, 87
Trd, 4319332.593, 95
Trd, 4319333.393, 104
Trd, 4319333.543, 99
Trd, 4319335.243, 117
Trd, 4319335.293, 78
Trd, 4319336.293, 89
Trd, 4319340.243, 82
Trd, 4319340.493, 89
Trd, 4319340.543, 95
Trd, 4319341.243, 102
Trd, 4319341.943, 78
Trd, 4319346.493, 102
Trd, 4319346.693, 98
Trd, 4319346.843, 106
Trd, 4319347.493, 95
Trd, 4319349.293, 103
Trd, 4319349.643, 86
Trd, 4319352.593, 98
Trd, 4319353.093, 107
Trd, 4319354.993, 77
Trd, 4319357.293, 90
Trd, 4319357.443, 65
Trd, 4319360.943, 95
Trd, 4319361.493, 84
Trd, 4319361.893, 83
Trd, 4319364.343, 104
Trd, 4319364.493, 90
Trd, 4319365.343, 104
Trd, 4319366.043, 95
Trd, 4319366.693, 95
Trd, 4319367.243, 89
Trd, 4319368.293, 87
Trd, 4319370.393, 100
Trd, 4319371.543, 99
Trd, 4319371.843, 95
Trd, 4319372.693, 108
Trd, 4319373.443, 86
Trd, 4319375.343, 95
Trd, 4319380.043, 88
Trd, 4319380.493, 95
Trd, 4319381.043, 88
Trd, 4319381.443, 92
Trd, 4319383.793, 85
Trd, 4319383.993, 104
Trd, 4319384.693, 87
Trd, 4319387.093, 91
Trd, 4319388.143, 89
Trd, 4319391.343, 106
Trd, 4319391.893, 111
Trd, 4319393.693, 94
Trd, 4319394.193, 93
Trd, 4319397.193, 90
Trd, 4319397.643, 93
Trd, 4319398.043, 95
Trd, 4319398.593, 82
Trd, 4319400.393, 80
Trd, 4319401.743, 106
Trd, 4319402.343, 107
Trd, 4319402.743, 100
Trd, 4319403.543, 86
Trd, 4319403.593, 85
Trd, 4319407.543, 87
Trd, 4319407.643, 104
Trd, 4319408.393, 81
Trd, 4319410.493, 86
Trd, 4319411.993, 107
Trd, 4319412.593, 88
Trd, 4319413.843, 85
Trd, 4319415.243, 97
Trd, 4319418.143, 91
Trd, 4319418.893, 131
Trd, 4319420.043, 90
Trd, 4319420.243, 106
Trd, 4319421.643, 116
Trd, 4319423.593, 113
Trd, 4319424.543, 108
Trd, 4319424.893, 87
Trd, 4319426.393, 110
Trd, 4319429.593, 102
Trd, 4319430.093, 109
Trd, 4319430.143, 118
Trd, 4319432.693, 89
Trd, 4319433.193, 86
Trd, 4319434.943, 113
Trd, 4319435.743, 94
Trd, 4319436.493, 86
Trd, 4319438.243, 89
Trd, 4319442.043, 100
Trd, 4319442.193, 104
Trd, 4319443.043, 88
Trd, 4319444.943, 94
Trd, 4319447.443, 91
Trd, 4319448.343, 113
Trd, 4319448.393, 119
Trd, 4319448.443, 94
Trd, 4319451.693, 102
Trd, 4319452.493, 85
Trd, 4319454.293, 104
Trd, 4319455.143, 87
Trd, 4319456.593, 101
Trd, 4319458.943, 104
Trd, 4319459.993, 108
Trd, 4319460.593, 94
Trd, 4319461.743, 108
Trd, 4319463.743, 98
Trd, 4319464.193, 99
Trd, 4319465.243, 99
Trd, 4319465.693, 104
Trd, 4319467.193, 98
Trd, 4319468.343, 86
Trd, 4319469.993, 120
Trd, 4319470.343, 134
Trd, 4319474.993, 139
Trd, 4319475.543, 95
Trd, 4319475.593, 82
Trd, 4319475.743, 78
Trd, 4319477.493, 97
Trd, 4319478.943, 93
Trd, 4319481.243, 97
Trd, 4319483.043, 117
Trd, 4319483.343, 88
Trd, 4319485.393, 102
Trd, 4319485.593, 92
Trd, 4319486.843, 90
Trd, 4319487.343, 122
Trd, 4319488.093, 86
Trd, 4319493.643, 118
Trd, 4319495.693, 106
Trd, 4319496.093, 90
Trd, 4319498.443, 106
Trd, 4319499.293, 112
Trd, 4319500.443, 108
Trd, 4319500.543, 96
Trd, 4319501.593, 99
Trd, 4319504.843, 87
Trd, 4319506.343, 93
Trd, 4319507.243, 95
Trd, 4319508.193, 108
Trd, 4319509.643, 100
Trd, 4319510.943, 121
Trd, 4319512.043, 88
Trd, 4319513.493, 79
Trd, 4319513.643, 114
Trd, 4319514.843, 80
Trd, 4319518.293, 95
Trd, 4319519.593, 96
Trd, 4319520.193, 95
Trd, 4319520.843, 91
Trd, 4319521.893, 95
Trd, 4319522.243, 95
Trd, 4319523.343, 97
Trd, 4319524.193, 90
Trd, 4319528.193, 100
Trd, 4319529.943, 114
Trd, 4319529.993, 87
Trd, 4319530.093, 86
Trd, 4319531.493, 83
Trd, 4319534.543, 110
Trd, 4319534.693, 100
Trd, 4319535.343, 98
Trd, 4319538.293, 127
Trd, 4319538.993, 106
Trd, 4319540.693, 89
Trd, 4319540.893, 86
Trd, 4319542.893, 77
Trd, 4319543.293, 100
Trd, 4319544.793, 82
Trd, 4319545.343, 113
Trd, 4319546.743, 89
Trd, 4319547.943, 90
Trd, 4319551.893, 91
Trd, 4319553.043, 87
Trd, 4319553.493, 95
Trd, 4319554.043, 86
Trd, 4319554.893, 88
Trd, 4319555.893, 107
Trd, 4319558.943, 87
Trd, 4319559.393, 91
Trd, 4319560.643, 105
Trd, 4319562.043, 86
Trd, 4319562.643, 89
Trd, 4319565.343, 89
Trd, 4319566.443, 104
Trd, 4319569.293, 89
Trd, 4319570.643, 95
Trd, 4319570.943, 86
Trd, 4319572.293, 103
Trd, 4319573.243, 90
Trd, 4319574.293, 95
Trd, 4319575.293, 109
Trd, 4319576.393, 103
Trd, 4319579.593, 103
Trd, 4319579.893, 119
Trd, 4319581.743, 104
Trd, 4319582.493, 112
Trd, 4319582.593, 89
Trd, 4319585.693, 86
Trd, 4319585.993, 83
Trd, 4319586.643, 95
Trd, 4319587.143, 120
Trd, 4319588.893, 97
Trd, 4319591.243, 104
Trd, 4319592.143, 88
Trd, 4319593.593, 72
Trd, 4319594.643, 88
Trd, 4319596.543, 86
Trd, 4319597.993, 87
Trd, 4319599.343, 95
Trd, 4319599.743, 80
Trd, 4319599.843, 78
Trd, 4319600.793, 105
Trd, 4319601.793, 96
Trd, 4319602.493, 113
Trd, 4319603.243, 113
Trd, 4319605.793, 116
Trd, 4319606.493, 103
Trd, 4319608.393, 102
Trd, 4319609.043, 102
Trd, 4319609.343, 101
Trd, 4319612.893, 104
Trd, 4319613.993, 127
Trd, 4319615.643, 91
Trd, 4319616.243, 102
Trd, 4319616.743, 78
Trd, 4319619.493, 100
Trd, 4319621.443, 120
Trd, 4319621.693, 98
Trd, 4319623.243, 86
Trd, 4319624.793, 89
Trd, 4319625.043, 104
Trd, 4319629.193, 100
Trd, 4319629.293, 97
Trd, 4319631.443, 105
Trd, 4319632.243, 106
Trd, 4319632.593, 101
Trd, 4319634.593, 87
Trd, 4319635.193, 82
Trd, 4319636.543, 86
Trd, 4319636.593, 84
Trd, 4319638.943, 95
Trd, 4319639.343, 120
Trd, 4319641.043, 88
Trd, 4319643.393, 100
Trd, 4319644.243, 96
Trd, 4319645.543, 101
Trd, 4319646.043, 86
Trd, 4319646.443, 85
Trd, 4319648.543, 103
Trd, 4319649.143, 117
Trd, 4319649.443, 96
Trd, 4319651.593, 86
Trd, 4319654.193, 109
Trd, 4319654.493, 108
Trd, 4319655.543, 77
Trd, 4319657.343, 97
Trd, 4319657.743, 96
Trd, 4319658.743, 107
Trd, 4319659.393, 100
Trd, 4319661.043, 122
Trd, 4319664.493, 93
Trd, 4319665.243, 100
Trd, 4319665.443, 92
Trd, 4319668.493, 91
Trd, 4319669.593, 86
Trd, 4319672.443, 105
Trd, 4319673.743, 91
Trd, 4319675.593, 93
Trd, 4319675.743, 89
Trd, 4319679.293, 86
Trd, 4319680.743, 80
Trd, 4319682.143, 84
Trd, 4319682.393, 95
Trd, 4319685.193, 84
Trd, 4319685.293, 111
Trd, 4319685.343, 77
Trd, 4319686.493, 96
Trd, 4319689.693, 86
Trd, 4319691.193, 88
Trd, 4319691.743, 89
Trd, 4319693.993, 86
Trd, 4319694.193, 86
Trd, 4319698.593, 106
Trd, 4319699.293, 94
Trd, 4319699.493, 90
Trd, 4319703.843, 86
Trd, 4319704.393, 83
Trd, 4319704.893, 97
Trd, 4319705.843, 108
Trd, 4319706.793, 112
Trd, 4319706.943, 94
Trd, 4319708.443, 81
Trd, 4319709.693, 86
Trd, 4319711.043, 92
Trd, 4319711.493, 107
Trd, 4319711.943, 106
Trd, 4319713.243, 109
Trd, 4319713.493, 88
Trd, 4319716.043, 86
Trd, 4319716.193, 94
Trd, 4319716.893, 102
Trd, 4319719.443, 99
Trd, 4319719.843, 76
Trd, 4319722.193, 105
Trd, 4319722.443, 87
Trd, 4319725.993, 104
Trd, 4319726.643, 98
Trd, 4319728.293, 104
Trd, 4319730.143, 106
Trd, 4319731.343, 87
Trd, 4319731.393, 86
Trd, 4319731.493, 83
Trd, 4319733.493, 104
Trd, 4319734.243, 106
Trd, 4319737.293, 86
Trd, 4319738.693, 83
Trd, 4319741.443, 102
Trd, 4319742.393, 110
Trd, 4319743.193, 95
Trd, 4319744.393, 99
Trd, 4319744.893, 93
Trd, 4319745.393, 91
Trd, 4319745.843, 116
Trd, 4319746.643, 109
Trd, 4319747.443, 92
Trd, 4319747.793, 119
Trd, 4319749.093, 87
Trd, 4319750.843, 92
Trd, 4319751.493, 96
Trd, 4319751.893, 86
Trd, 4319752.893, 102
Trd, 4319754.243, 77
Trd, 4319754.343, 108
Trd, 4319755.493, 89
Trd, 4319756.243, 106
Trd, 4319758.793, 88
Trd, 4319758.893, 86
Trd, 4319759.193, 77
Trd, 4319759.393, 105
Trd, 4319761.993, 101
Trd, 4319762.243, 87
Trd, 4319765.493, 86
Trd, 4319766.343, 88
Trd, 4319767.093, 88
Trd, 4319767.743, 95
Trd, 4319768.543, 90
Trd, 4319770.493, 84
Trd, 4319771.743, 102
Trd, 4319771.943, 112
Trd, 4319774.043, 82
Trd, 4319774.893, 101
Trd, 4319775.793, 96
Trd, 4319777.243, 104
Trd, 4319777.543, 95
Trd, 4319777.793, 116
Trd, 4319778.143, 86
Trd, 4319779.443, 120
Trd, 4319781.243, 101
Trd, 4319785.743, 113
Trd, 4319785.793, 115
Trd, 4319786.993, 94
Trd, 4319787.993, 86
Trd, 4319788.293, 78
Trd, 4319789.543, 111
Trd, 4319790.993, 85
Trd, 4319793.943, 88
Trd, 4319794.193, 87
Trd, 4319794.243, 86
Trd, 4319795.843, 109
Trd, 4319796.193, 98
Trd, 4319798.443, 113
Trd, 4319800.743, 104
Trd, 4319800.893, 116
Trd, 4319802.343, 88
Trd, 4319802.743, 88
Trd, 4319803.793, 88
Trd, 4319806.293, 87
Trd, 4319806.743, 104
Trd, 4319808.393, 95
Trd, 4319810.593, 93
Trd, 4319810.693, 89
Trd, 4319811.543, 104
Trd, 4319814.043, 105
Trd, 4319816.693, 107
Trd, 4319817.793, 94
Trd, 4319819.693, 104
Trd, 4319820.193, 86
Trd, 4319821.943, 89
Trd, 4319823.393, 95
Trd, 4319823.943, 124
Trd, 4319826.743, 95
Trd, 4319827.693, 103
Trd, 4319827.893, 91
Trd, 4319829.193, 110
Trd, 4319831.193, 93
Trd, 4319831.243, 105
Trd, 4319833.843, 106
Trd, 4319834.943, 87
Trd, 4319839.243, 95
Trd, 4319842.193, 101
Trd, 4319843.143, 86
Trd, 4319843.493, 91
Trd, 4319844.643, 111
Trd, 4319847.493, 118
Trd, 4319847.793, 99
Trd, 4319848.393, 92
Trd, 4319850.993, 86
Trd, 4319853.093, 95
Trd, 4319853.293, 90
Trd, 4319853.443, 88
Trd, 4319854.243, 88
Trd, 4319855.743, 87
Trd, 4319856.293, 95
Trd, 4319861.193, 89
Trd, 4319863.193, 102
Trd, 4319863.893, 104
Trd, 4319864.943, 92
Trd, 4319867.843, 104
Trd, 4319868.343, 81
Trd, 4319869.243, 89
Trd, 4319871.693, 95
Trd, 4319872.793, 91
Trd, 4319874.243, 95
Trd, 4319875.443, 115
Trd, 4319878.743, 94
Trd, 4319879.693, 102
Trd, 4319880.293, 105
Trd, 4319881.593, 109
Trd, 4319882.293, 91
Trd, 4319883.943, 86
Trd, 4319886.843, 108
Trd, 4319887.793, 102
Trd, 4319888.893, 103
Trd, 4319890.593, 106
Trd, 4319891.143, 77
Trd, 4319892.593, 82
Trd, 4319893.093, 86
Trd, 4319893.193, 95
Trd, 4319894.343, 120
Trd, 4319894.743, 88
Trd, 4319895.393, 86
Trd, 4319897.443, 105
Trd, 4319900.843, 91
Trd, 4319902.843, 95
Trd, 4319903.293, 94
Trd, 4319904.443, 100
Trd, 4319904.543, 96
Trd, 4319905.093, 93
Trd, 4319906.943, 113
Trd, 4319911.293, 112
Trd, 4319911.343, 93
Trd, 4319913.193, 113
Trd, 4319915.493, 105
Trd, 4319916.843, 89
Trd, 4319919.143, 86
Trd, 4319919.243, 95
Trd, 4319919.743, 74
Trd, 4319920.293, 104
Trd, 4319921.043, 97
Trd, 4319922.843, 80
Trd, 4319924.043, 92
Trd, 4319925.993, 84
Trd, 4319927.093, 86
Trd, 4319927.443, 86
Trd, 4319928.943, 95
Trd, 4319931.193, 99
Trd, 4319931.993, 86
Trd, 4319932.043, 92
Trd, 4319934.243, 89
Trd, 4319934.343, 118
Trd, 4319936.693, 82
Trd, 4319938.793, 120
Trd, 4319939.843, 78
Trd, 4319940.893, 82
Trd, 4319941.993, 92
Trd, 4319943.243, 95
Trd, 4319944.593, 113
Trd, 4319945.793, 102
Trd, 4319946.743, 77
Trd, 4319946.793, 118
Trd, 4319947.593, 94
Trd, 4319948.693, 86
Trd, 4319950.993, 103
Trd, 4319953.243, 76
Trd, 4319954.093, 89
Trd, 4319956.293, 83
Trd, 4319956.843, 100
Trd, 4319959.643, 97
Trd, 4319959.693, 98
Trd, 4319961.143, 111
Trd, 4319962.543, 106
Trd, 4319966.193, 93
Trd, 4319966.343, 95
Trd, 4319968.443, 106
Trd, 4319968.693, 95
Trd, 4319969.043, 86
Trd, 4319969.093, 98
Trd, 4319971.693, 87
Trd, 4319973.043, 84
Trd, 4319975.143, 83
Trd, 4319976.343, 86
Trd, 4319976.493, 83
Trd, 4319978.043, 87
Trd, 4319980.143, 122
Trd, 4319980.543, 126
Trd, 4319981.643, 87
Trd, 4319982.743, 102
Trd, 4319983.843, 120
Trd, 4319986.843, 110
Trd, 4319988.543, 101
Trd, 4319988.693, 93
Trd, 4319990.043, 92
Trd, 4319993.443, 106
Trd, 4319994.543, 102
Trd, 4319997.043, 98
Trd, 4319998.393, 88
