Trd, 4317887.343, 107
Trd, 4317887.743, 113
Trd, 4317887.843, 116
Trd, 4317888.693, 113
Trd, 4317890.543, 121
Trd, 4317891.043, 104
Trd, 4317892.943, 108
Trd, 4317893.093, 110
Trd, 4317895.243, 96
Trd, 4317895.793, 97
Trd, 4317895.893, 98
Trd, 4317896.493, 86
Trd, 4317897.093, 112
Trd, 4317902.143, 111
Trd, 4317902.893, 103
Trd, 4317903.643, 100
Trd, 4317903.893, 95
Trd, 4317905.543, 109
Trd, 4317906.543, 84
Trd, 4317906.843, 113
Trd, 4317908.893, 122
Trd, 4317909.293, 128
Trd, 4317911.793, 124
Trd, 4317913.293, 83
Trd, 4317914.693, 120
Trd, 4317915.693, 89
Trd, 4317918.343, 86
Trd, 4317918.743, 111
Trd, 4317919.693, 89
Trd, 4317920.643, 105
Trd, 4317921.043, 113
Trd, 4317922.443, 101
Trd, 4317923.543, 85
Trd, 4317928.243, 87
Trd, 4317928.443, 93
Trd, 4317929.993, 112
Trd, 4317930.243, 112
Trd, 4317932.993, 109
Trd, 4317933.293, 111
Trd, 4317934.043, 137
Trd, 4317934.643, 121
Trd, 4317935.393, 96
Trd, 4317937.043, 120
Trd, 4317937.693, 113
Trd, 4317938.143, 108
Trd, 4317938.793, 121
Trd, 4317940.693, 104
Trd, 4317941.043, 125
Trd, 4317942.243, 95
Trd, 4317945.293, 119
Trd, 4317945.943, 120
Trd, 4317946.643, 104
Trd, 4317949.743, 106
Trd, 4317950.543, 89
Trd, 4317950.693, 110
Trd, 4317952.593, 86
Trd, 4317952.893, 109
Trd, 4317953.093, 113
Trd, 4317956.393, 100
Trd, 4317956.493, 115
Trd, 4317956.543, 117
Trd, 4317959.793, 111
Trd, 4317961.243, 93
Trd, 4317961.593, 112
Trd, 4317962.643, 103
Trd, 4317963.043, 97
Trd, 4317965.643, 97
Trd, 4317967.443, 111
Trd, 4317967.593, 83
Trd, 4317967.993, 88
Trd, 4317968.443, 90
Trd, 4317972.143, 86
Trd, 4317973.843, 95
Trd, 4317974.343, 109
Trd, 4317974.493, 113
Trd, 4317975.743, 88
Trd, 4317976.193, 88
Trd, 4317978.393, 110
Trd, 4317980.343, 122
Trd, 4317981.143, 129
Trd, 4317982.293, 115
Trd, 4317983.043, 123
Trd, 4317984.443, 104
Trd, 4317985.743, 126
Trd, 4317986.293, 125
Trd, 4317989.193, 82
Trd, 4317989.593, 101
Trd, 4317990.493, 110
Trd, 4317991.343, 110
Trd, 4317993.393, 102
Trd, 4317994.143, 106
Trd, 4317995.843, 106
Trd, 4317996.843, 109
Trd, 4317997.043, 100
Trd, 4317998.243, 96
Trd, 4317999.743, 109
Trd, 4318000.443, 110
Trd, 4318001.243, 113
Trd, 4318002.293, 120
Trd, 4318002.743, 110
Trd, 4318003.143, 104
Trd, 4318003.343, 120
Trd, 4318008.243, 90
Trd, 4318008.293, 91
Trd, 4318009.493, 113
Trd, 4318010.193, 97
Trd, 4318012.693, 89
Trd, 4318013.443, 83
Trd, 4318013.493, 86
Trd, 4318014.843, 95
Trd, 4318018.443, 99
Trd, 4318019.393, 106
Trd, 4318020.793, 95
Trd, 4318021.543, 109
Trd, 4318023.293, 108
Trd, 4318026.143, 103
Trd, 4318026.543, 96
Trd, 4318026.693, 99
Trd, 4318026.793, 95
Trd, 4318027.443, 106
Trd, 4318027.993, 105
Trd, 4318028.393, 87
Trd, 4318028.843, 110
Trd, 4318032.793, 106
Trd, 4318033.143, 114
Trd, 4318034.593, 111
Trd, 4318035.993, 121
Trd, 4318036.543, 95
Trd, 4318037.643, 118
Trd, 4318039.343, 111
Trd, 4318041.293, 94
Trd, 4318042.043, 94
Trd, 4318042.443, 95
Trd, 4318043.493, 118
Trd, 4318045.693, 108
Trd, 4318046.043, 87
Trd, 4318046.493, 78
Trd, 4318049.343, 104
Trd, 4318049.943, 86
Trd, 4318051.693, 95
Trd, 4318051.893, 96
Trd, 4318053.143, 94
Trd, 4318054.443, 97
Trd, 4318054.793, 120
Trd, 4318057.993, 122
Trd, 4318059.043, 112
Trd, 4318061.843, 104
Trd, 4318063.643, 101
Trd, 4318063.743, 102
Trd, 4318066.193, 95
Trd, 4318066.693, 96
Trd, 4318067.593, 112
Trd, 4318068.543, 97
Trd, 4318068.743, 77
Trd, 4318070.093, 105
Trd, 4318071.793, 86
Trd, 4318072.743, 102
Trd, 4318073.693, 106
Trd, 4318074.493, 113
Trd, 4318075.993, 89
Trd, 4318077.243, 96
Trd, 4318079.943, 95
Trd, 4318081.793, 126
Trd, 4318083.643, 126
Trd, 4318084.343, 104
Trd, 4318086.893, 116
Trd, 4318087.293, 90
Trd, 4318089.093, 116
Trd, 4318089.143, 117
Trd, 4318090.043, 104
Trd, 4318092.593, 111
Trd, 4318093.143, 84
Trd, 4318093.543, 95
Trd, 4318094.593, 100
Trd, 4318095.543, 97
Trd, 4318095.843, 87
Trd, 4318096.343, 101
Trd, 4318097.443, 87
Trd, 4318098.743, 112
Trd, 4318101.843, 107
Trd, 4318103.143, 106
Trd, 4318104.043, 107
Trd, 4318104.243, 104
Trd, 4318104.843, 108
Trd, 4318107.393, 99
Trd, 4318108.143, 86
Trd, 4318108.943, 102
Trd, 4318111.043, 101
Trd, 4318111.893, 136
Trd, 4318113.293, 108
Trd, 4318113.443, 107
Trd, 4318114.743, 120
Trd, 4318115.393, 117
Trd, 4318118.393, 94
Trd, 4318119.193, 110
Trd, 4318119.643, 113
Trd, 4318122.343, 90
Trd, 4318123.443, 98
Trd, 4318123.693, 101
Trd, 4318125.443, 98
Trd, 4318126.343, 98
Trd, 4318128.293, 95
Trd, 4318129.093, 130
Trd, 4318131.143, 106
Trd, 4318131.193, 77
Trd, 4318131.693, 86
Trd, 4318135.343, 101
Trd, 4318136.293, 95
Trd, 4318136.393, 101
Trd, 4318136.643, 113
Trd, 4318137.993, 104
Trd, 4318138.593, 102
Trd, 4318141.543, 106
Trd, 4318143.593, 125
Trd, 4318144.893, 109
Trd, 4318144.943, 95
Trd, 4318145.043, 77
Trd, 4318147.143, 115
Trd, 4318149.243, 113
Trd, 4318150.343, 105
Trd, 4318150.943, 110
Trd, 4318151.143, 95
Trd, 4318152.443, 93
Trd, 4318154.793, 99
Trd, 4318155.643, 100
Trd, 4318156.843, 87
Trd, 4318157.993, 95
Trd, 4318158.993, 95
Trd, 4318160.993, 129
Trd, 4318162.493, 99
Trd, 4318162.793, 121
Trd, 4318164.093, 79
Trd, 4318164.543, 102
Trd, 4318166.043, 93
Trd, 4318166.943, 95
Trd, 4318168.143, 83
Trd, 4318168.593, 122
Trd, 4318172.743, 140
Trd, 4318172.993, 129
Trd, 4318174.893, 116
Trd, 4318177.893, 112
Trd, 4318178.343, 118
Trd, 4318178.443, 96
Trd, 4318181.093, 113
Trd, 4318181.993, 95
Trd, 4318182.293, 111
Trd, 4318182.993, 116
Trd, 4318185.243, 95
Trd, 4318186.293, 119
Trd, 4318189.043, 103
Trd, 4318190.943, 77
Trd, 4318191.843, 101
Trd, 4318192.843, 101
Trd, 4318193.493, 95
Trd, 4318194.543, 113
Trd, 4318197.343, 90
Trd, 4318199.393, 90
Trd, 4318199.493, 91
Trd, 4318200.993, 95
Trd, 4318201.443, 88
Trd, 4318203.343, 103
Trd, 4318204.193, 109
Trd, 4318205.493, 118
Trd, 4318205.593, 92
Trd, 4318207.593, 95
Trd, 4318207.793, 117
Trd, 4318208.843, 131
Trd, 4318210.793, 108
Trd, 4318212.543, 109
Trd, 4318214.293, 105
Trd, 4318216.043, 95
Trd, 4318216.093, 102
Trd, 4318217.243, 105
Trd, 4318217.793, 113
Trd, 4318218.143, 112
Trd, 4318219.943, 97
Trd, 4318223.493, 121
Trd, 4318223.893, 121
Trd, 4318224.993, 118
Trd, 4318225.043, 108
Trd, 4318226.943, 95
Trd, 4318227.093, 109
Trd, 4318229.793, 98
Trd, 4318230.693, 99
Trd, 4318232.193, 97
Trd, 4318233.243, 95
Trd, 4318234.443, 97
Trd, 4318234.693, 98
Trd, 4318235.693, 86
Trd, 4318236.093, 106
Trd, 4318236.843, 110
Trd, 4318237.393, 109
Trd, 4318240.193, 113
Trd, 4318241.343, 93
Trd, 4318243.593, 113
Trd, 4318243.843, 121
Trd, 4318245.343, 109
Trd, 4318246.443, 105
Trd, 4318247.143, 91
Trd, 4318248.843, 103
Trd, 4318249.243, 90
Trd, 4318249.443, 111
Trd, 4318250.443, 92
Trd, 4318251.693, 82
Trd, 4318252.543, 94
Trd, 4318256.943, 107
Trd, 4318258.943, 105
Trd, 4318259.443, 98
Trd, 4318260.143, 103
Trd, 4318260.843, 104
Trd, 4318261.243, 110
Trd, 4318266.143, 87
Trd, 4318266.743, 90
Trd, 4318267.493, 90
Trd, 4318268.043, 95
Trd, 4318268.343, 112
Trd, 4318270.193, 85
Trd, 4318271.043, 92
Trd, 4318272.993, 98
Trd, 4318274.743, 86
Trd, 4318275.143, 106
Trd, 4318277.993, 95
Trd, 4318278.293, 103
Trd, 4318278.593, 87
Trd, 4318279.243, 100
Trd, 4318281.843, 85
Trd, 4318283.843, 95
Trd, 4318286.693, 84
Trd, 4318287.193, 83
Trd, 4318287.843, 84
Trd, 4318288.793, 95
Trd, 4318289.693, 111
Trd, 4318290.743, 111
Trd, 4318292.343, 118
Trd, 4318294.393, 95
Trd, 4318296.643, 103
Trd, 4318296.843, 111
Trd, 4318297.493, 111
Trd, 4318298.093, 109
Trd, 4318301.143, 84
Trd, 4318301.643, 90
Trd, 4318303.143, 89
Trd, 4318303.443, 91
Trd, 4318304.493, 97
Trd, 4318307.393, 93
Trd, 4318307.893, 103
Trd, 4318309.043, 90
Trd, 4318309.193, 82
Trd, 4318312.193, 95
Trd, 4318312.393, 95
Trd, 4318314.843, 99
Trd, 4318316.893, 101
Trd, 4318317.593, 95
Trd, 4318318.143, 100
Trd, 4318318.243, 100
Trd, 4318320.093, 111
Trd, 4318320.443, 113
Trd, 4318321.643, 97
Trd, 4318322.943, 125
Trd, 4318325.593, 112
Trd, 4318326.843, 110
Trd, 4318328.043, 104
Trd, 4318328.743, 108
Trd, 4318332.293, 103
Trd, 4318332.743, 97
Trd, 4318334.393, 109
Trd, 4318334.743, 113
Trd, 4318337.693, 113
Trd, 4318338.093, 96
Trd, 4318338.493, 95
Trd, 4318338.643, 110
Trd, 4318339.793, 78
Trd, 4318340.443, 106
Trd, 4318341.743, 104
Trd, 4318341.843, 105
Trd, 4318344.493, 95
Trd, 4318345.193, 116
Trd, 4318345.693, 125
Trd, 4318348.493, 113
Trd, 4318349.993, 101
Trd, 4318350.893, 90
Trd, 4318351.993, 92
Trd, 4318353.093, 107
Trd, 4318356.743, 117
Trd, 4318357.293, 118
Trd, 4318358.993, 102
Trd, 4318359.943, 95
Trd, 4318360.743, 81
Trd, 4318362.143, 98
Trd, 4318362.493, 101
Trd, 4318363.693, 112
Trd, 4318364.543, 72
Trd, 4318364.643, 71
Trd, 4318364.793, 113
Trd, 4318368.143, 95
Trd, 4318369.843, 109
Trd, 4318371.443, 103
Trd, 4318372.543, 128
Trd, 4318373.343, 96
Trd, 4318374.643, 95
Trd, 4318375.293, 115
Trd, 4318375.893, 117
Trd, 4318376.693, 116
Trd, 4318378.793, 110
Trd, 4318379.193, 104
Trd, 4318379.993, 113
Trd, 4318382.793, 102
Trd, 4318384.393, 97
Trd, 4318385.743, 78
Trd, 4318386.343, 95
Trd, 4318387.343, 102
Trd, 4318388.543, 100
Trd, 4318388.743, 102
Trd, 4318391.393, 85
Trd, 4318391.943, 119
Trd, 4318394.493, 111
Trd, 4318395.243, 113
Trd, 4318395.793, 113
Trd, 4318397.893, 104
Trd, 4318398.393, 121
Trd, 4318399.743, 95
Trd, 4318400.993, 102
Trd, 4318402.093, 102
Trd, 4318404.493, 104
Trd, 4318406.043, 77
Trd, 4318407.793, 106
Trd, 4318407.843, 107
Trd, 4318410.443, 102
Trd, 4318411.743, 101
Trd, 4318414.243, 98
Trd, 4318414.493, 100
Trd, 4318415.743, 99
Trd, 4318416.293, 100
Trd, 4318417.393, 95
Trd, 4318418.843, 78
Trd, 4318419.893, 98
Trd, 4318420.443, 98
Trd, 4318421.143, 97
Trd, 4318422.793, 108
Trd, 4318423.343, 91
Trd, 4318423.943, 103
Trd, 4318425.543, 105
Trd, 4318426.443, 107
Trd, 4318427.293, 104
Trd, 4318428.993, 77
Trd, 4318430.943, 114
Trd, 4318433.293, 95
Trd, 4318433.643, 113
Trd, 4318433.693, 113
Trd, 4318436.393, 95
Trd, 4318436.993, 93
Trd, 4318438.593, 93
Trd, 4318438.743, 108
Trd, 4318441.293, 102
Trd, 4318441.643, 102
Trd, 4318442.343, 87
Trd, 4318442.993, 113
Trd, 4318446.393, 108
Trd, 4318448.793, 95
Trd, 4318449.093, 95
Trd, 4318449.393, 96
Trd, 4318449.643, 97
Trd, 4318450.993, 96
Trd, 4318451.193, 108
Trd, 4318452.193, 81
Trd, 4318452.393, 106
Trd, 4318454.193, 112
Trd, 4318454.293, 113
Trd, 4318456.293, 86
Trd, 4318459.043, 89
Trd, 4318460.193, 78
Trd, 4318460.943, 90
Trd, 4318461.493, 95
Trd, 4318462.493, 111
Trd, 4318462.893, 112
Trd, 4318463.043, 108
Trd, 4318463.343, 129
Trd, 4318463.943, 109
Trd, 4318464.643, 104
Trd, 4318467.493, 139
Trd, 4318467.693, 95
Trd, 4318469.743, 126
Trd, 4318473.693, 119
Trd, 4318474.543, 104
Trd, 4318475.393, 95
Trd, 4318476.243, 101
Trd, 4318476.393, 113
Trd, 4318479.093, 118
Trd, 4318479.293, 99
Trd, 4318479.543, 84
Trd, 4318480.393, 118
Trd, 4318481.643, 113
Trd, 4318482.293, 119
Trd, 4318484.293, 87
Trd, 4318485.343, 106
Trd, 4318488.643, 119
Trd, 4318489.993, 104
Trd, 4318490.643, 113
Trd, 4318491.093, 113
Trd, 4318493.143, 89
Trd, 4318493.993, 110
Trd, 4318496.143, 90
Trd, 4318496.593, 101
Trd, 4318497.843, 100
Trd, 4318498.593, 100
Trd, 4318498.893, 74
Trd, 4318500.793, 109
Trd, 4318502.493, 114
Trd, 4318505.193, 104
Trd, 4318508.543, 105
Trd, 4318509.743, 97
Trd, 4318509.793, 106
Trd, 4318510.093, 107
Trd, 4318510.843, 113
Trd, 4318511.293, 95
Trd, 4318511.943, 122
Trd, 4318513.643, 109
Trd, 4318514.443, 93
Trd, 4318517.693, 87
Trd, 4318517.893, 88
Trd, 4318518.793, 95
Trd, 4318519.093, 113
Trd, 4318520.293, 130
Trd, 4318522.093, 100
Trd, 4318526.093, 103
Trd, 4318526.693, 93
Trd, 4318527.443, 82
Trd, 4318528.243, 94
Trd, 4318530.593, 103
Trd, 4318532.243, 113
Trd, 4318535.093, 109
Trd, 4318536.343, 104
Trd, 4318536.593, 97
Trd, 4318538.693, 113
Trd, 4318540.743, 133
Trd, 4318541.593, 104
Trd, 4318542.293, 112
Trd, 4318545.493, 102
Trd, 4318546.943, 105
Trd, 4318548.093, 104
Trd, 4318549.543, 97
Trd, 4318550.243, 101
Trd, 4318550.443, 104
Trd, 4318551.893, 111
Trd, 4318552.343, 112
Trd, 4318555.243, 95
Trd, 4318556.393, 95
Trd, 4318556.543, 102
Trd, 4318557.493, 82
Trd, 4318559.093, 87
Trd, 4318559.793, 82
Trd, 4318560.293, 89
Trd, 4318561.393, 113
Trd, 4318562.343, 125
Trd, 4318564.543, 115
Trd, 4318564.893, 104
Trd, 4318566.993, 107
Trd, 4318568.093, 107
Trd, 4318570.443, 99
Trd, 4318571.043, 95
Trd, 4318571.293, 101
Trd, 4318572.743, 102
Trd, 4318574.443, 99
Trd, 4318574.493, 102
Trd, 4318575.543, 101
Trd, 4318576.943, 110
Trd, 4318580.343, 97
Trd, 4318581.393, 102
Trd, 4318582.143, 97
Trd, 4318582.543, 101
Trd, 4318584.943, 87
Trd, 4318585.143, 95
Trd, 4318585.293, 113
Trd, 4318587.443, 124
Trd, 4318587.743, 104
Trd, 4318587.993, 130
Trd, 4318589.243, 118
Trd, 4318589.543, 95
Trd, 4318593.243, 127
Trd, 4318595.143, 104
Trd, 4318596.643, 123
Trd, 4318596.793, 95
Trd, 4318598.243, 114
Trd, 4318601.793, 103
Trd, 4318602.693, 84
Trd, 4318602.893, 98
Trd, 4318603.093, 100
Trd, 4318603.893, 118
Trd, 4318606.543, 129
Trd, 4318607.243, 128
Trd, 4318608.343, 97
Trd, 4318609.993, 104
Trd, 4318610.593, 104
Trd, 4318612.043, 95
Trd, 4318612.943, 103
Trd, 4318613.293, 111
Trd, 4318615.043, 113
Trd, 4318616.993, 87
Trd, 4318617.393, 89
Trd, 4318619.143, 86
Trd, 4318619.343, 95
Trd, 4318622.693, 92
Trd, 4318625.243, 92
Trd, 4318626.443, 110
Trd, 4318626.793, 92
Trd, 4318627.393, 91
Trd, 4318630.443, 100
Trd, 4318631.493, 104
Trd, 4318634.043, 98
Trd, 4318634.443, 112
Trd, 4318634.543, 86
Trd, 4318635.193, 113
Trd, 4318639.193, 119
Trd, 4318640.743, 80
Trd, 4318642.343, 111
Trd, 4318645.143, 98
Trd, 4318645.343, 93
Trd, 4318645.393, 99
Trd, 4318646.343, 94
Trd, 4318647.393, 112
Trd, 4318650.193, 110
Trd, 4318650.693, 112
Trd, 4318651.143, 104
Trd, 4318651.243, 112
Trd, 4318653.593, 96
Trd, 4318654.643, 96
Trd, 4318654.693, 95
Trd, 4318657.443, 113
Trd, 4318658.543, 112
Trd, 4318661.893, 102
Trd, 4318663.743, 89
Trd, 4318664.293, 107
Trd, 4318665.343, 106
Trd, 4318668.243, 99
Trd, 4318668.293, 82
Trd, 4318670.193, 104
Trd, 4318670.393, 105
Trd, 4318672.043, 104
Trd, 4318672.343, 89
Trd, 4318672.893, 103
Trd, 4318673.643, 104
Trd, 4318677.743, 89
Trd, 4318677.943, 90
Trd, 4318679.393, 102
Trd, 4318680.793, 100
Trd, 4318681.843, 100
Trd, 4318682.443, 93
Trd, 4318685.393, 100
Trd, 4318686.193, 111
Trd, 4318687.193, 111
Trd, 4318689.343, 135
Trd, 4318690.243, 121
Trd, 4318690.993, 104
Trd, 4318691.143, 112
Trd, 4318693.443, 108
Trd, 4318695.143, 117
Trd, 4318695.243, 118
Trd, 4318695.993, 86
Trd, 4318698.793, 91
Trd, 4318699.843, 95
Trd, 4318700.143, 111
Trd, 4318700.293, 85
Trd, 4318701.993, 132
Trd, 4318703.693, 100
Trd, 4318705.493, 94
Trd, 4318705.943, 94
Trd, 4318706.193, 100
Trd, 4318707.343, 94
Trd, 4318707.443, 112
Trd, 4318709.743, 107
Trd, 4318710.593, 107
Trd, 4318710.993, 96
Trd, 4318711.493, 111
Trd, 4318711.693, 95
Trd, 4318712.043, 113
Trd, 4318717.943, 124
Trd, 4318718.893, 96
Trd, 4318720.343, 97
Trd, 4318720.443, 121
Trd, 4318720.793, 122
Trd, 4318723.193, 95
Trd, 4318723.493, 96
Trd, 4318725.293, 120
Trd, 4318726.293, 122
Trd, 4318726.743, 90
Trd, 4318727.793, 98
Trd, 4318729.943, 104
Trd, 4318731.293, 114
Trd, 4318731.443, 84
Trd, 4318731.493, 115
Trd, 4318733.043, 110
Trd, 4318735.793, 99
Trd, 4318736.343, 107
Trd, 4318736.943, 101
Trd, 4318737.493, 107
Trd, 4318738.343, 113
Trd, 4318739.293, 104
Trd, 4318741.243, 95
Trd, 4318743.793, 104
Trd, 4318744.293, 122
Trd, 4318744.793, 79
Trd, 4318746.793, 124
Trd, 4318747.393, 125
Trd, 4318748.243, 101
Trd, 4318750.093, 97
Trd, 4318752.493, 123
Trd, 4318754.993, 117
Trd, 4318755.293, 97
Trd, 4318755.543, 95
Trd, 4318756.293, 111
Trd, 4318760.443, 109
Trd, 4318760.893, 112
Trd, 4318761.893, 96
Trd, 4318762.793, 111
Trd, 4318763.743, 104
Trd, 4318764.193, 116
Trd, 4318765.043, 90
Trd, 4318766.793, 108
Trd, 4318769.043, 95
Trd, 4318769.193, 105
Trd, 4318769.543, 106
Trd, 4318770.793, 110
Trd, 4318772.043, 103
Trd, 4318773.343, 96
Trd, 4318775.293, 106
Trd, 4318775.443, 95
Trd, 4318775.743, 107
Trd, 4318777.043, 109
Trd, 4318777.843, 113
Trd, 4318778.893, 93
Trd, 4318779.993, 127
Trd, 4318781.293, 104
Trd, 4318782.943, 95
Trd, 4318784.293, 104
Trd, 4318785.043, 103
Trd, 4318785.993, 68
Trd, 4318787.643, 99
Trd, 4318787.743, 103
Trd, 4318788.593, 113
Trd, 4318789.943, 105
Trd, 4318791.643, 95
Trd, 4318791.943, 107
Trd, 4318792.093, 107
Trd, 4318795.743, 110
Trd, 4318797.843, 90
Trd, 4318798.793, 110
Trd, 4318799.043, 110
Trd, 4318801.143, 95
Trd, 4318802.743, 104
Trd, 4318803.843, 100
Trd, 4318805.393, 98
Trd, 4318805.693, 101
Trd, 4318805.793, 95
Trd, 4318806.643, 112
Trd, 4318806.843, 113
Trd, 4318809.443, 95
Trd, 4318809.993, 120
Trd, 4318810.543, 89
Trd, 4318812.893, 99
Trd, 4318814.143, 111
Trd, 4318815.893, 92
Trd, 4318817.043, 100
Trd, 4318818.943, 111
Trd, 4318820.643, 99
Trd, 4318821.393, 78
Trd, 4318822.443, 106
Trd, 4318822.993, 108
Trd, 4318823.693, 108
Trd, 4318825.243, 108
Trd, 4318826.693, 97
Trd, 4318827.643, 96
Trd, 4318828.143, 92
Trd, 4318828.243, 97
Trd, 4318829.593, 107
Trd, 4318829.643, 123
Trd, 4318831.043, 77
Trd, 4318833.443, 113
Trd, 4318835.843, 78
Trd, 4318836.193, 104
Trd, 4318838.243, 110
Trd, 4318839.543, 91
Trd, 4318841.593, 109
Trd, 4318844.843, 107
Trd, 4318845.143, 83
Trd, 4318845.193, 113
Trd, 4318846.193, 102
Trd, 4318851.293, 108
Trd, 4318852.093, 112
Trd, 4318852.543, 111
Trd, 4318853.843, 106
Trd, 4318855.493, 104
Trd, 4318855.893, 112
Trd, 4318858.493, 109
Trd, 4318858.993, 110
Trd, 4318859.543, 118
Trd, 4318859.643, 112
Trd, 4318862.743, 109
Trd, 4318863.293, 95
Trd, 4318863.643, 108
Trd, 4318865.293, 110
Trd, 4318867.293, 113
Trd, 4318869.793, 113
Trd, 4318869.993, 95
Trd, 4318871.043, 122
Trd, 4318871.193, 80
Trd, 4318875.143, 85
Trd, 4318875.293, 86
Trd, 4318879.693, 104
Trd, 4318880.543, 89
Trd, 4318880.943, 95
Trd, 4318884.593, 89
Trd, 4318884.793, 95
Trd, 4318886.143, 113
Trd, 4318887.443, 88
Trd, 4318887.643, 110
Trd, 4318891.093, 105
Trd, 4318891.943, 103
Trd, 4318893.593, 95
Trd, 4318894.443, 101
Trd, 4318894.593, 104
Trd, 4318895.343, 99
Trd, 4318895.843, 78
Trd, 4318896.043, 104
Trd, 4318898.543, 104
Trd, 4318898.893, 105
Trd, 4318900.193, 87
Trd, 4318902.243, 107
Trd, 4318902.643, 104
Trd, 4318903.343, 112
Trd, 4318904.043, 104
Trd, 4318904.843, 112
Trd, 4318905.043, 95
Trd, 4318905.893, 105
Trd, 4318906.643, 113
Trd, 4318909.893, 82
Trd, 4318910.943, 81
Trd, 4318911.443, 83
Trd, 4318911.643, 86
Trd, 4318912.743, 85
Trd, 4318912.793, 86
Trd, 4318913.093, 95
Trd, 4318917.093, 127
Trd, 4318917.393, 131
Trd, 4318918.193, 107
Trd, 4318918.893, 95
Trd, 4318921.893, 78
Trd, 4318922.543, 107
Trd, 4318924.293, 109
Trd, 4318925.543, 111
Trd, 4318928.393, 106
Trd, 4318929.143, 104
Trd, 4318930.693, 87
Trd, 4318931.243, 108
Trd, 4318931.493, 108
Trd, 4318934.343, 104
Trd, 4318938.293, 94
Trd, 4318938.593, 88
Trd, 4318939.043, 95
Trd, 4318940.043, 88
Trd, 4318940.493, 108
Trd, 4318940.543, 111
Trd, 4318942.443, 110
Trd, 4318944.093, 110
Trd, 4318945.343, 100
Trd, 4318946.343, 88
Trd, 4318947.793, 114
Trd, 4318948.293, 121
Trd, 4318950.393, 109
Trd, 4318951.043, 107
Trd, 4318951.393, 89
Trd, 4318951.893, 101
Trd, 4318952.043, 107
Trd, 4318953.543, 108
Trd, 4318955.193, 109
Trd, 4318958.843, 86
Trd, 4318960.143, 90
Trd, 4318960.293, 98
Trd, 4318960.393, 99
Trd, 4318962.043, 112
Trd, 4318962.193, 113
Trd, 4318963.043, 105
Trd, 4318968.843, 98
Trd, 4318969.293, 104
Trd, 4318969.643, 105
Trd, 4318970.193, 106
Trd, 4318971.393, 112
Trd, 4318973.993, 81
Trd, 4318974.043, 100
Trd, 4318977.043, 99
Trd, 4318977.793, 93
Trd, 4318978.193, 95
Trd, 4318979.343, 99
Trd, 4318979.693, 113
Trd, 4318980.193, 96
Trd, 4318982.943, 108
Trd, 4318983.643, 95
Trd, 4318984.043, 116
Trd, 4318987.293, 110
Trd, 4318987.993, 95
Trd, 4318989.243, 109
Trd, 4318990.443, 100
Trd, 4318992.493, 98
Trd, 4318992.543, 113
Trd, 4318994.793, 111
Trd, 4318997.293, 105
Trd, 4318998.293, 104
Trd, 4318998.593, 105
Trd, 4318998.843, 99
Trd, 4319000.143, 113
Trd, 4319002.043, 122
Trd, 4319003.493, 104
Trd, 4319003.593, 106
Trd, 4319004.843, 106
Trd, 4319006.193, 112
Trd, 4319008.843, 87
Trd, 4319010.193, 109
Trd, 4319012.043, 94
Trd, 4319012.743, 95
Trd, 4319015.243, 100
Trd, 4319015.543, 110
Trd, 4319016.843, 100
Trd, 4319018.793, 100
Trd, 4319019.043, 113
Trd, 4319022.043, 100
Trd, 4319022.393, 113
Trd, 4319022.443, 95
Trd, 4319025.193, 111
Trd, 4319025.893, 110
Trd, 4319025.943, 77
Trd, 4319026.493, 113
Trd, 4319027.393, 138
Trd, 4319029.393, 124
Trd, 4319029.643, 101
Trd, 4319032.043, 115
Trd, 4319032.543, 104
Trd, 4319033.493, 95
Trd, 4319036.393, 95
Trd, 4319036.643, 96
Trd, 4319036.843, 109
Trd, 4319037.393, 85
Trd, 4319038.293, 112
Trd, 4319039.143, 111
Trd, 4319039.793, 111
Trd, 4319039.893, 113
Trd, 4319040.043, 79
Trd, 4319042.593, 117
Trd, 4319043.193, 124
Trd, 4319048.243, 96
Trd, 4319048.443, 95
Trd, 4319049.493, 109
Trd, 4319049.843, 108
Trd, 4319050.843, 118
Trd, 4319053.143, 95
Trd, 4319054.593, 116
Trd, 4319056.693, 111
Trd, 4319057.893, 103
Trd, 4319060.443, 96
Trd, 4319061.743, 100
Trd, 4319061.993, 91
Trd, 4319064.143, 98
Trd, 4319065.193, 98
Trd, 4319065.943, 93
Trd, 4319066.193, 95
Trd, 4319068.643, 110
Trd, 4319070.543, 114
Trd, 4319071.243, 90
Trd, 4319073.043, 107
Trd, 4319073.493, 104
Trd, 4319076.543, 105
Trd, 4319077.993, 110
Trd, 4319078.043, 95
Trd, 4319080.343, 95
Trd, 4319080.793, 109
Trd, 4319081.243, 110
Trd, 4319084.243, 126
Trd, 4319084.593, 112
Trd, 4319087.893, 121
Trd, 4319088.393, 105
Trd, 4319089.343, 95
Trd, 4319090.093, 116
Trd, 4319093.293, 112
Trd, 4319093.543, 113
Trd, 4319093.693, 100
Trd, 4319097.193, 98
Trd, 4319097.693, 104
Trd, 4319097.993, 95
Trd, 4319098.293, 103
Trd, 4319099.093, 102
Trd, 4319099.793, 125
Trd, 4319100.893, 102
Trd, 4319103.793, 95
Trd, 4319104.793, 95
Trd, 4319105.193, 98
Trd, 4319107.643, 110
Trd, 4319108.443, 140
Trd, 4319109.143, 104
Trd, 4319110.393, 138
Trd, 4319110.443, 114
Trd, 4319111.093, 129
Trd, 4319117.343, 97
Trd, 4319117.493, 95
Trd, 4319117.843, 108
Trd, 4319119.343, 103
Trd, 4319119.843, 113
Trd, 4319121.593, 85
Trd, 4319122.143, 91
Trd, 4319122.743, 95
Trd, 4319124.343, 131
Trd, 4319126.893, 125
Trd, 4319128.293, 104
Trd, 4319128.543, 114
Trd, 4319128.693, 115
Trd, 4319131.543, 88
Trd, 4319132.743, 88
Trd, 4319134.743, 99
Trd, 4319135.043, 89
Trd, 4319135.693, 99
Trd, 4319135.743, 113
Trd, 4319139.093, 106
Trd, 4319139.293, 121
Trd, 4319140.343, 120
Trd, 4319142.393, 120
Trd, 4319144.543, 109
Trd, 4319145.443, 106
Trd, 4319146.493, 108
Trd, 4319148.343, 104
Trd, 4319149.143, 102
Trd, 4319149.193, 106
Trd, 4319151.943, 108
Trd, 4319152.593, 113
Trd, 4319155.893, 97
Trd, 4319157.943, 100
Trd, 4319158.293, 95
Trd, 4319158.943, 99
Trd, 4319160.343, 92
Trd, 4319161.293, 97
Trd, 4319161.343, 98
Trd, 4319161.693, 113
Trd, 4319162.893, 102
Trd, 4319165.993, 94
Trd, 4319167.243, 117
Trd, 4319167.343, 95
Trd, 4319168.343, 116
Trd, 4319170.293, 98
Trd, 4319171.493, 114
Trd, 4319174.393, 92
Trd, 4319176.593, 93
Trd, 4319177.043, 103
Trd, 4319177.893, 101
Trd, 4319178.693, 103
Trd, 4319180.143, 111
Trd, 4319181.543, 85
Trd, 4319184.493, 104
Trd, 4319185.443, 102
Trd, 4319185.643, 104
Trd, 4319185.743, 110
Trd, 4319186.293, 105
Trd, 4319186.493, 113
Trd, 4319187.343, 102
Trd, 4319193.193, 100
Trd, 4319193.493, 95
Trd, 4319193.543, 100
Trd, 4319194.743, 99
Trd, 4319197.943, 98
Trd, 4319197.993, 105
Trd, 4319199.443, 114
Trd, 4319200.843, 97
Trd, 4319201.443, 101
Trd, 4319201.893, 104
Trd, 4319203.043, 112
Trd, 4319207.443, 107
Trd, 4319208.093, 92
Trd, 4319209.343, 110
Trd, 4319209.493, 78
Trd, 4319212.393, 106
Trd, 4319212.643, 109
Trd, 4319214.393, 113
Trd, 4319214.843, 108
Trd, 4319216.593, 95
Trd, 4319219.143, 111
Trd, 4319219.843, 105
Trd, 4319223.743, 105
Trd, 4319223.993, 106
Trd, 4319224.093, 78
Trd, 4319227.993, 89
Trd, 4319228.243, 80
Trd, 4319228.743, 90
Trd, 4319230.643, 95
Trd, 4319230.843, 94
Trd, 4319231.893, 68
Trd, 4319232.843, 94
Trd, 4319234.443, 108
Trd, 4319236.093, 106
Trd, 4319237.393, 98
Trd, 4319237.893, 97
Trd, 4319237.943, 84
Trd, 4319238.893, 101
Trd, 4319241.293, 97
Trd, 4319241.493, 99
Trd, 4319242.593, 79
Trd, 4319243.743, 138
Trd, 4319246.043, 95
Trd, 4319246.493, 99
Trd, 4319246.593, 101
Trd, 4319248.443, 82
Trd, 4319249.593, 95
Trd, 4319250.393, 110
Trd, 4319251.993, 83
Trd, 4319254.193, 104
Trd, 4319256.593, 104
Trd, 4319256.693, 100
Trd, 4319257.843, 120
Trd, 4319258.743, 117
Trd, 4319261.393, 104
Trd, 4319262.743, 107
Trd, 4319262.793, 108
Trd, 4319264.393, 98
Trd, 4319265.893, 109
Trd, 4319266.693, 106
Trd, 4319266.743, 107
Trd, 4319270.643, 98
Trd, 4319271.743, 83
Trd, 4319271.893, 101
Trd, 4319272.993, 101
Trd, 4319273.093, 102
Trd, 4319274.593, 110
Trd, 4319275.393, 113
Trd, 4319275.643, 99
Trd, 4319277.893, 104
Trd, 4319279.443, 114
Trd, 4319281.693, 104
Trd, 4319283.843, 107
Trd, 4319283.993, 95
Trd, 4319284.043, 108
Trd, 4319285.043, 109
Trd, 4319286.943, 100
Trd, 4319288.043, 113
Trd, 4319288.143, 115
Trd, 4319290.193, 96
Trd, 4319291.143, 140
Trd, 4319292.893, 106
Trd, 4319295.143, 103
Trd, 4319295.293, 95
Trd, 4319295.993, 108
Trd, 4319296.443, 109
Trd, 4319298.693, 139
Trd, 4319298.793, 120
Trd, 4319299.743, 95
Trd, 4319300.843, 119
Trd, 4319300.893, 109
Trd, 4319303.343, 117
Trd, 4319303.443, 118
Trd, 4319304.843, 83
Trd, 4319306.793, 94
Trd, 4319309.093, 110
Trd, 4319309.243, 82
Trd, 4319312.193, 95
Trd, 4319313.243, 95
Trd, 4319313.593, 98
Trd, 4319315.443, 97
Trd, 4319316.793, 81
Trd, 4319317.293, 95
Trd, 4319317.393, 95
Trd, 4319320.393, 90
Trd, 4319321.793, 87
Trd, 4319323.143, 88
Trd, 4319323.293, 93
Trd, 4319323.943, 95
Trd, 4319324.293, 110
Trd, 4319326.543, 103
Trd, 4319326.643, 104
Trd, 4319328.143, 118
Trd, 4319330.643, 101
Trd, 4319331.743, 101
Trd, 4319332.443, 99
Trd, 4319333.043, 113
Trd, 4319333.643, 104
Trd, 4319335.643, 82
Trd, 4319336.643, 117
Trd, 4319339.393, 101
Trd, 4319339.643, 102
Trd, 4319339.943, 109
Trd, 4319341.493, 78
Trd, 4319342.593, 108
Trd, 4319342.993, 108
Trd, 4319344.093, 111
Trd, 4319346.593, 108
Trd, 4319347.393, 95
Trd, 4319348.143, 94
Trd, 4319348.493, 106
Trd, 4319350.143, 95
Trd, 4319353.793, 94
Trd, 4319353.943, 95
Trd, 4319355.193, 90
Trd, 4319356.243, 92
Trd, 4319358.043, 91
Trd, 4319358.343, 95
Trd, 4319361.293, 116
Trd, 4319362.993, 83
Trd, 4319363.043, 95
Trd, 4319364.143, 95
Trd, 4319364.693, 112
Trd, 4319365.743, 81
Trd, 4319366.043, 121
Trd, 4319369.193, 122
Trd, 4319371.693, 113
Trd, 4319372.693, 101
Trd, 4319373.343, 94
Trd, 4319373.743, 128
Trd, 4319375.493, 118
Trd, 4319377.893, 111
Trd, 4319379.443, 111
Trd, 4319379.593, 91
Trd, 4319381.493, 108
Trd, 4319382.443, 104
Trd, 4319383.093, 95
Trd, 4319383.343, 107
Trd, 4319383.543, 84
Trd, 4319387.193, 91
Trd, 4319387.293, 104
Trd, 4319389.093, 110
Trd, 4319392.643, 100
Trd, 4319393.393, 98
Trd, 4319394.693, 107
Trd, 4319394.893, 95
Trd, 4319398.193, 98
Trd, 4319398.843, 91
Trd, 4319399.593, 88
Trd, 4319399.793, 113
Trd, 4319401.593, 123
Trd, 4319403.843, 104
Trd, 4319404.143, 107
Trd, 4319404.993, 112
Trd, 4319407.093, 115
Trd, 4319409.893, 96
Trd, 4319412.993, 97
Trd, 4319413.043, 99
Trd, 4319414.643, 106
Trd, 4319415.843, 88
Trd, 4319416.943, 103
Trd, 4319417.493, 102
Trd, 4319417.593, 79
Trd, 4319419.693, 104
Trd, 4319421.343, 109
Trd, 4319421.793, 90
Trd, 4319424.393, 99
Trd, 4319425.193, 98
Trd, 4319425.393, 95
Trd, 4319426.093, 99
Trd, 4319427.893, 122
Trd, 4319429.743, 111
Trd, 4319430.793, 81
Trd, 4319431.643, 102
Trd, 4319433.843, 111
Trd, 4319436.343, 110
Trd, 4319437.893, 97
Trd, 4319438.893, 129
Trd, 4319439.843, 116
Trd, 4319440.143, 129
Trd, 4319440.693, 126
Trd, 4319442.143, 85
Trd, 4319444.593, 104
Trd, 4319445.093, 104
Trd, 4319449.143, 93
Trd, 4319449.743, 87
Trd, 4319450.343, 96
Trd, 4319450.593, 86
Trd, 4319451.243, 102
Trd, 4319452.043, 108
Trd, 4319452.693, 94
Trd, 4319458.143, 94
Trd, 4319458.243, 103
Trd, 4319459.043, 102
Trd, 4319461.893, 95
Trd, 4319462.393, 96
Trd, 4319464.243, 91
Trd, 4319465.193, 94
Trd, 4319465.693, 113
Trd, 4319466.593, 83
Trd, 4319467.043, 101
Trd, 4319468.093, 100
Trd, 4319469.793, 100
Trd, 4319471.943, 131
Trd, 4319473.993, 117
Trd, 4319474.543, 126
Trd, 4319476.743, 121
Trd, 4319478.093, 96
Trd, 4319478.493, 119
Trd, 4319481.243, 96
Trd, 4319481.743, 95
Trd, 4319482.243, 111
Trd, 4319484.293, 91
Trd, 4319484.593, 81
Trd, 4319487.093, 110
Trd, 4319487.943, 111
Trd, 4319488.493, 113
Trd, 4319490.743, 130
Trd, 4319490.843, 87
Trd, 4319492.593, 99
Trd, 4319493.243, 119
Trd, 4319494.843, 110
Trd, 4319497.143, 101
Trd, 4319499.843, 104
Trd, 4319499.943, 112
Trd, 4319502.593, 99
Trd, 4319503.543, 104
Trd, 4319505.643, 109
Trd, 4319505.743, 113
Trd, 4319506.193, 95
Trd, 4319506.493, 124
Trd, 4319508.443, 80
Trd, 4319509.543, 98
Trd, 4319510.643, 97
Trd, 4319512.143, 94
Trd, 4319513.743, 92
Trd, 4319513.943, 89
Trd, 4319514.443, 95
Trd, 4319516.743, 94
Trd, 4319519.143, 85
Trd, 4319519.643, 126
Trd, 4319519.743, 102
Trd, 4319520.443, 127
Trd, 4319523.943, 90
Trd, 4319524.993, 90
Trd, 4319525.193, 95
Trd, 4319525.943, 140
Trd, 4319526.943, 112
Trd, 4319527.093, 85
Trd, 4319529.193, 125
Trd, 4319531.193, 101
Trd, 4319531.443, 121
Trd, 4319532.293, 102
Trd, 4319534.143, 111
Trd, 4319535.293, 104
Trd, 4319535.843, 96
Trd, 4319537.843, 110
Trd, 4319538.693, 97
Trd, 4319541.343, 107
Trd, 4319541.843, 113
Trd, 4319543.243, 121
Trd, 4319543.793, 99
Trd, 4319544.243, 130
Trd, 4319545.793, 98
Trd, 4319546.893, 118
Trd, 4319548.393, 103
Trd, 4319548.793, 90
Trd, 4319549.943, 110
Trd, 4319551.443, 112
Trd, 4319554.043, 98
Trd, 4319554.493, 101
Trd, 4319555.193, 100
Trd, 4319555.743, 102
Trd, 4319559.043, 93
Trd, 4319561.693, 125
Trd, 4319561.993, 94
Trd, 4319562.693, 123
Trd, 4319563.943, 103
Trd, 4319565.993, 79
Trd, 4319566.393, 106
Trd, 4319566.593, 106
Trd, 4319568.093, 106
Trd, 4319569.393, 111
Trd, 4319570.893, 118
Trd, 4319572.243, 97
Trd, 4319573.293, 109
Trd, 4319575.793, 93
Trd, 4319576.443, 94
Trd, 4319577.043, 98
Trd, 4319578.243, 130
Trd, 4319579.093, 113
Trd, 4319579.493, 126
Trd, 4319581.293, 110
Trd, 4319581.643, 137
Trd, 4319583.793, 130
Trd, 4319586.443, 97
Trd, 4319587.993, 108
Trd, 4319588.893, 102
Trd, 4319591.543, 100
Trd, 4319591.593, 97
Trd, 4319593.293, 94
Trd, 4319594.443, 101
Trd, 4319595.243, 112
Trd, 4319597.043, 90
Trd, 4319598.293, 81
Trd, 4319598.343, 119
Trd, 4319599.443, 113
Trd, 4319600.093, 95
Trd, 4319601.893, 107
Trd, 4319604.493, 124
Trd, 4319605.193, 107
Trd, 4319608.343, 111
Trd, 4319608.393, 112
Trd, 4319609.093, 104
Trd, 4319609.793, 103
Trd, 4319610.643, 101
Trd, 4319612.843, 113
Trd, 4319613.243, 133
Trd, 4319614.193, 86
Trd, 4319617.993, 128
Trd, 4319623.093, 125
Trd, 4319623.243, 109
Trd, 4319623.443, 104
Trd, 4319624.093, 123
Trd, 4319625.393, 117
Trd, 4319627.493, 114
Trd, 4319627.843, 113
Trd, 4319628.543, 114
Trd, 4319630.043, 97
Trd, 4319630.643, 111
Trd, 4319631.143, 113
Trd, 4319634.643, 91
Trd, 4319635.093, 95
Trd, 4319637.143, 91
Trd, 4319637.443, 104
Trd, 4319637.593, 125
Trd, 4319638.243, 91
Trd, 4319641.243, 128
Trd, 4319641.693, 86
Trd, 4319644.243, 139
Trd, 4319647.243, 125
Trd, 4319647.543, 124
Trd, 4319647.843, 113
Trd, 4319648.393, 104
Trd, 4319649.043, 83
Trd, 4319650.443, 99
Trd, 4319650.943, 108
Trd, 4319655.543, 87
Trd, 4319656.593, 82
Trd, 4319657.643, 112
Trd, 4319658.143, 112
Trd, 4319660.693, 120
Trd, 4319662.943, 97
Trd, 4319662.993, 95
Trd, 4319664.293, 102
Trd, 4319665.043, 95
Trd, 4319665.393, 108
Trd, 4319665.643, 111
Trd, 4319667.093, 108
Trd, 4319670.443, 98
Trd, 4319673.843, 108
Trd, 4319674.093, 98
Trd, 4319674.593, 109
Trd, 4319674.843, 110
Trd, 4319675.443, 95
Trd, 4319677.993, 108
Trd, 4319679.043, 89
Trd, 4319679.393, 111
Trd, 4319681.793, 110
Trd, 4319682.093, 111
Trd, 4319682.893, 83
Trd, 4319683.443, 95
Trd, 4319684.243, 109
Trd, 4319685.843, 103
Trd, 4319687.043, 106
Trd, 4319688.643, 121
Trd, 4319691.093, 105
Trd, 4319691.143, 97
Trd, 4319691.243, 106
Trd, 4319691.693, 95
Trd, 4319694.293, 108
Trd, 4319695.793, 98
Trd, 4319697.393, 99
Trd, 4319698.643, 99
Trd, 4319698.693, 96
Trd, 4319700.043, 98
Trd, 4319700.093, 100
Trd, 4319700.943, 100
Trd, 4319703.793, 105
Trd, 4319705.193, 96
Trd, 4319705.243, 106
Trd, 4319708.293, 108
Trd, 4319708.543, 108
Trd, 4319708.793, 107
Trd, 4319709.043, 113
Trd, 4319709.243, 99
Trd, 4319709.643, 81
Trd, 4319712.493, 107
Trd, 4319713.843, 104
Trd, 4319713.993, 106
Trd, 4319715.543, 112
Trd, 4319717.543, 108
Trd, 4319718.293, 104
Trd, 4319719.443, 108
Trd, 4319720.093, 95
Trd, 4319720.743, 130
Trd, 4319723.543, 112
Trd, 4319724.993, 94
Trd, 4319725.043, 82
Trd, 4319725.093, 109
Trd, 4319726.493, 123
Trd, 4319727.393, 72
Trd, 4319729.593, 111
Trd, 4319733.443, 109
Trd, 4319734.793, 96
Trd, 4319734.843, 107
Trd, 4319736.343, 110
Trd, 4319736.393, 113
Trd, 4319736.893, 84
Trd, 4319737.443, 129
Trd, 4319740.343, 124
Trd, 4319741.293, 91
Trd, 4319742.993, 117
Trd, 4319745.543, 97
Trd, 4319746.493, 99
Trd, 4319747.093, 101
Trd, 4319748.143, 102
Trd, 4319749.543, 112
Trd, 4319749.943, 91
Trd, 4319750.593, 112
Trd, 4319751.843, 113
Trd, 4319753.043, 83
Trd, 4319753.443, 86
Trd, 4319755.193, 107
Trd, 4319758.993, 90
Trd, 4319759.493, 89
Trd, 4319760.393, 95
Trd, 4319760.643, 95
Trd, 4319762.343, 86
Trd, 4319764.143, 95
Trd, 4319764.443, 88
Trd, 4319764.843, 95
Trd, 4319765.793, 104
Trd, 4319766.443, 87
Trd, 4319770.693, 104
Trd, 4319771.243, 97
Trd, 4319772.343, 102
Trd, 4319772.593, 113
Trd, 4319775.193, 93
Trd, 4319775.793, 116
Trd, 4319777.493, 114
Trd, 4319777.993, 123
Trd, 4319779.793, 109
Trd, 4319780.593, 95
Trd, 4319784.643, 97
Trd, 4319784.893, 104
Trd, 4319786.443, 77
Trd, 4319786.693, 106
Trd, 4319787.093, 98
Trd, 4319788.793, 106
Trd, 4319790.143, 107
Trd, 4319791.643, 112
Trd, 4319792.393, 104
Trd, 4319795.543, 107
Trd, 4319796.243, 105
Trd, 4319798.093, 100
Trd, 4319800.293, 78
Trd, 4319800.593, 93
Trd, 4319802.593, 92
Trd, 4319802.793, 95
Trd, 4319805.593, 95
Trd, 4319807.643, 95
Trd, 4319809.593, 94
Trd, 4319809.943, 93
Trd, 4319810.443, 93
Trd, 4319810.543, 113
Trd, 4319812.193, 112
Trd, 4319814.093, 101
Trd, 4319814.343, 129
Trd, 4319815.593, 119
Trd, 4319818.443, 88
Trd, 4319819.143, 113
Trd, 4319820.943, 102
Trd, 4319822.093, 108
Trd, 4319822.193, 96
Trd, 4319822.293, 109
Trd, 4319822.743, 86
Trd, 4319823.043, 77
Trd, 4319823.143, 95
Trd, 4319825.043, 102
Trd, 4319827.143, 100
Trd, 4319827.543, 101
Trd, 4319830.143, 112
Trd, 4319830.193, 113
Trd, 4319831.643, 101
Trd, 4319831.943, 77
Trd, 4319832.943, 77
Trd, 4319834.443, 115
Trd, 4319835.243, 114
Trd, 4319836.343, 104
Trd, 4319836.643, 113
Trd, 4319838.143, 112
Trd, 4319841.143, 122
Trd, 4319842.843, 90
Trd, 4319843.193, 89
Trd, 4319844.143, 104
Trd, 4319844.743, 89
Trd, 4319844.943, 105
Trd, 4319846.093, 112
Trd, 4319848.793, 99
Trd, 4319849.643, 104
Trd, 4319852.643, 103
Trd, 4319852.793, 105
Trd, 4319852.943, 112
Trd, 4319857.293, 131
Trd, 4319858.143, 109
Trd, 4319858.443, 129
Trd, 4319858.793, 104
Trd, 4319860.243, 95
Trd, 4319862.243, 95
Trd, 4319862.843, 95
Trd, 4319862.943, 84
Trd, 4319864.143, 113
Trd, 4319866.243, 115
Trd, 4319867.393, 104
Trd, 4319867.993, 95
Trd, 4319871.693, 121
Trd, 4319872.093, 104
Trd, 4319872.193, 87
Trd, 4319873.493, 100
Trd, 4319875.043, 86
Trd, 4319875.893, 95
Trd, 4319876.793, 95
Trd, 4319877.543, 127
Trd, 4319880.893, 113
Trd, 4319881.593, 117
Trd, 4319882.543, 97
Trd, 4319883.493, 106
Trd, 4319884.643, 103
Trd, 4319885.343, 104
Trd, 4319886.693, 78
Trd, 4319887.993, 139
Trd, 4319888.643, 129
Trd, 4319889.893, 89
Trd, 4319892.293, 118
Trd, 4319893.043, 109
Trd, 4319894.093, 114
Trd, 4319894.843, 114
Trd, 4319895.993, 100
Trd, 4319897.543, 100
Trd, 4319901.043, 99
Trd, 4319901.493, 95
Trd, 4319901.993, 101
Trd, 4319903.393, 97
Trd, 4319903.893, 100
Trd, 4319904.393, 88
Trd, 4319906.193, 127
Trd, 4319907.243, 134
Trd, 4319910.393, 131
Trd, 4319910.943, 130
Trd, 4319911.293, 104
Trd, 4319912.643, 96
Trd, 4319915.143, 111
Trd, 4319916.293, 78
Trd, 4319916.643, 110
Trd, 4319918.593, 110
Trd, 4319919.293, 112
Trd, 4319921.793, 104
Trd, 4319923.093, 112
Trd, 4319924.293, 123
Trd, 4319925.093, 122
Trd, 4319927.493, 109
Trd, 4319927.693, 96
Trd, 4319929.343, 105
Trd, 4319930.893, 106
Trd, 4319931.043, 109
Trd, 4319933.393, 96
Trd, 4319937.043, 95
Trd, 4319937.343, 87
Trd, 4319937.543, 113
Trd, 4319938.843, 97
Trd, 4319940.143, 99
Trd, 4319941.143, 86
Trd, 4319941.243, 99
Trd, 4319942.993, 129
Trd, 4319946.343, 125
Trd, 4319947.593, 86
Trd, 4319948.243, 115
Trd, 4319948.993, 86
Trd, 4319950.693, 112
Trd, 4319951.843, 112
Trd, 4319953.793, 97
Trd, 4319954.093, 95
Trd, 4319954.543, 95
Trd, 4319955.393, 113
Trd, 4319955.743, 83
Trd, 4319956.093, 126
Trd, 4319958.543, 122
Trd, 4319959.743, 104
Trd, 4319960.643, 104
Trd, 4319960.893, 95
Trd, 4319963.543, 109
Trd, 4319965.193, 89
Trd, 4319967.243, 105
Trd, 4319968.793, 110
Trd, 4319969.243, 112
Trd, 4319970.693, 102
Trd, 4319971.743, 86
Trd, 4319973.043, 101
Trd, 4319974.893, 105
Trd, 4319975.143, 113
Trd, 4319976.493, 111
Trd, 4319977.943, 125
Trd, 4319978.693, 99
Trd, 4319980.193, 106
Trd, 4319981.543, 107
Trd, 4319983.293, 103
Trd, 4319984.793, 95
Trd, 4319985.693, 77
Trd, 4319985.843, 97
Trd, 4319986.043, 98
Trd, 4319989.643, 109
Trd, 4319990.293, 109
Trd, 4319991.643, 108
Trd, 4319993.093, 108
Trd, 4319993.493, 112
Trd, 4319993.893, 90
Trd, 4319995.343, 120
Trd, 4319996.493, 121
Trd, 4319996.543, 96
Trd, 4319997.093, 101
