Trd, 4317862.543, 97
Trd, 4317865.143, 99
Trd, 4317866.643, 85
Trd, 4317866.793, 103
Trd, 4317867.093, 83
Trd, 4317870.043, 98
Trd, 4317870.893, 99
Trd, 4317872.493, 98
Trd, 4317876.393, 82
Trd, 4317877.993, 83
Trd, 4317878.493, 86
Trd, 4317881.093, 94
Trd, 4317881.143, 92
Trd, 4317881.543, 95
Trd, 4317884.993, 104
Trd, 4317886.293, 100
Trd, 4317887.543, 95
Trd, 4317888.043, 95
Trd, 4317889.193, 94
Trd, 4317891.943, 96
Trd, 4317892.193, 104
Trd, 4317894.193, 102
Trd, 4317898.743, 103
Trd, 4317898.843, 96
Trd, 4317899.143, 96
Trd, 4317902.343, 99
Trd, 4317903.693, 89
Trd, 4317904.843, 97
Trd, 4317908.143, 91
Trd, 4317908.543, 91
Trd, 4317908.693, 95
Trd, 4317911.243, 93
Trd, 4317911.293, 89
Trd, 4317911.993, 93
Trd, 4317913.243, 94
Trd, 4317914.143, 81
Trd, 4317916.743, 94
Trd, 4317917.693, 95
Trd, 4317918.893, 95
Trd, 4317920.543, 100
Trd, 4317920.943, 91
Trd, 4317921.893, 113
Trd, 4317922.193, 88
Trd, 4317927.343, 92
Trd, 4317927.493, 93
Trd, 4317928.243, 100
Trd, 4317931.343, 107
Trd, 4317931.543, 100
Trd, 4317936.293, 97
Trd, 4317936.593, 98
Trd, 4317938.893, 101
Trd, 4317940.243, 104
Trd, 4317940.593, 105
Trd, 4317940.893, 104
Trd, 4317941.643, 82
Trd, 4317941.943, 110
Trd, 4317943.043, 82
Trd, 4317945.893, 91
Trd, 4317949.393, 97
Trd, 4317949.543, 98
Trd, 4317950.093, 93
Trd, 4317950.893, 104
Trd, 4317951.293, 96
Trd, 4317951.893, 93
Trd, 4317953.343, 102
Trd, 4317954.693, 90
Trd, 4317957.343, 97
Trd, 4317958.293, 96
Trd, 4317959.893, 100
Trd, 4317961.693, 90
Trd, 4317963.393, 95
Trd, 4317964.243, 95
Trd, 4317964.893, 89
Trd, 4317968.993, 96
Trd, 4317969.293, 100
Trd, 4317969.743, 94
Trd, 4317970.493, 87
Trd, 4317972.093, 96
Trd, 4317973.593, 89
Trd, 4317976.493, 102
Trd, 4317977.193, 96
Trd, 4317977.393, 107
Trd, 4317977.643, 96
Trd, 4317980.743, 88
Trd, 4317981.293, 101
Trd, 4317981.843, 105
Trd, 4317982.143, 89
Trd, 4317985.843, 97
Trd, 4317987.093, 108
Trd, 4317988.893, 103
Trd, 4317990.293, 104
Trd, 4317991.393, 104
Trd, 4317993.793, 82
Trd, 4317993.993, 93
Trd, 4317995.243, 115
Trd, 4317996.343, 105
Trd, 4317997.893, 106
Trd, 4317999.493, 104
Trd, 4318000.043, 114
Trd, 4318004.743, 92
Trd, 4318006.343, 98
Trd, 4318007.043, 103
Trd, 4318007.143, 95
Trd, 4318010.843, 90
Trd, 4318011.093, 85
Trd, 4318011.193, 84
Trd, 4318011.893, 92
Trd, 4318013.593, 89
Trd, 4318015.493, 83
Trd, 4318016.093, 96
Trd, 4318018.493, 101
Trd, 4318020.243, 91
Trd, 4318022.093, 98
Trd, 4318023.543, 92
Trd, 4318026.043, 97
Trd, 4318028.443, 103
Trd, 4318029.793, 105
Trd, 4318029.893, 104
Trd, 4318031.093, 104
Trd, 4318032.093, 86
Trd, 4318035.443, 92
Trd, 4318035.693, 104
Trd, 4318036.393, 93
Trd, 4318039.393, 93
Trd, 4318040.543, 95
Trd, 4318041.993, 97
Trd, 4318044.293, 90
Trd, 4318046.843, 99
Trd, 4318047.343, 102
Trd, 4318047.743, 94
Trd, 4318049.693, 96
Trd, 4318051.843, 91
Trd, 4318052.243, 90
Trd, 4318052.493, 93
Trd, 4318054.493, 90
Trd, 4318056.793, 95
Trd, 4318057.143, 94
Trd, 4318057.743, 86
Trd, 4318058.343, 99
Trd, 4318059.693, 85
Trd, 4318059.893, 87
Trd, 4318062.093, 103
Trd, 4318063.793, 101
Trd, 4318065.143, 103
Trd, 4318065.193, 100
Trd, 4318067.393, 95
Trd, 4318067.493, 87
Trd, 4318070.143, 98
Trd, 4318071.993, 97
Trd, 4318072.943, 107
Trd, 4318074.193, 98
Trd, 4318076.193, 100
Trd, 4318077.343, 74
Trd, 4318078.543, 81
Trd, 4318078.943, 82
Trd, 4318079.243, 95
Trd, 4318080.343, 93
Trd, 4318082.693, 109
Trd, 4318084.343, 95
Trd, 4318086.493, 106
Trd, 4318088.443, 102
Trd, 4318090.143, 103
Trd, 4318090.193, 100
Trd, 4318091.543, 86
Trd, 4318091.893, 80
Trd, 4318093.143, 101
Trd, 4318094.193, 97
Trd, 4318097.793, 95
Trd, 4318097.843, 90
Trd, 4318099.543, 91
Trd, 4318100.593, 94
Trd, 4318100.993, 86
Trd, 4318102.643, 91
Trd, 4318105.943, 95
Trd, 4318106.593, 104
Trd, 4318107.193, 97
Trd, 4318108.743, 98
Trd, 4318108.843, 99
Trd, 4318109.643, 100
Trd, 4318110.643, 113
Trd, 4318113.343, 102
Trd, 4318115.393, 91
Trd, 4318115.543, 92
Trd, 4318116.293, 83
Trd, 4318119.143, 93
Trd, 4318120.593, 98
Trd, 4318121.093, 104
Trd, 4318122.543, 100
Trd, 4318123.643, 100
Trd, 4318124.493, 112
Trd, 4318126.093, 105
Trd, 4318127.143, 94
Trd, 4318131.343, 92
Trd, 4318132.393, 98
Trd, 4318133.843, 98
Trd, 4318134.643, 96
Trd, 4318135.843, 87
Trd, 4318138.893, 104
Trd, 4318139.493, 95
Trd, 4318140.793, 106
Trd, 4318141.943, 105
Trd, 4318145.693, 104
Trd, 4318146.493, 97
Trd, 4318146.893, 98
Trd, 4318147.393, 95
Trd, 4318148.443, 96
Trd, 4318151.043, 98
Trd, 4318153.393, 83
Trd, 4318154.143, 90
Trd, 4318155.193, 90
Trd, 4318156.393, 89
Trd, 4318157.343, 97
Trd, 4318158.843, 91
Trd, 4318161.793, 95
Trd, 4318162.143, 87
Trd, 4318164.393, 93
Trd, 4318166.743, 97
Trd, 4318167.193, 98
Trd, 4318167.493, 114
Trd, 4318167.843, 122
Trd, 4318168.493, 92
Trd, 4318169.893, 101
Trd, 4318173.493, 93
Trd, 4318174.343, 96
Trd, 4318174.893, 97
Trd, 4318175.143, 95
Trd, 4318175.593, 113
Trd, 4318179.543, 77
Trd, 4318179.593, 78
Trd, 4318182.543, 104
Trd, 4318183.093, 88
Trd, 4318184.793, 87
Trd, 4318185.543, 81
Trd, 4318187.493, 111
Trd, 4318191.693, 97
Trd, 4318191.743, 97
Trd, 4318191.893, 96
Trd, 4318193.793, 96
Trd, 4318197.293, 94
Trd, 4318198.843, 93
Trd, 4318199.093, 88
Trd, 4318200.143, 81
Trd, 4318202.293, 111
Trd, 4318202.643, 104
Trd, 4318204.643, 104
Trd, 4318205.943, 78
Trd, 4318206.893, 79
Trd, 4318207.743, 99
Trd, 4318209.743, 97
Trd, 4318211.743, 94
Trd, 4318212.293, 100
Trd, 4318212.593, 92
Trd, 4318213.593, 100
Trd, 4318215.043, 90
Trd, 4318216.543, 99
Trd, 4318218.443, 92
Trd, 4318220.393, 91
Trd, 4318220.543, 91
Trd, 4318221.343, 92
Trd, 4318222.993, 94
Trd, 4318223.993, 96
Trd, 4318225.343, 96
Trd, 4318227.093, 104
Trd, 4318229.743, 77
Trd, 4318230.793, 84
Trd, 4318231.243, 86
Trd, 4318232.193, 93
Trd, 4318232.643, 95
Trd, 4318234.293, 109
Trd, 4318235.243, 97
Trd, 4318238.043, 89
Trd, 4318238.193, 88
Trd, 4318238.493, 86
Trd, 4318240.693, 86
Trd, 4318241.193, 88
Trd, 4318243.043, 85
Trd, 4318245.543, 93
Trd, 4318245.993, 94
Trd, 4318247.343, 96
Trd, 4318247.493, 102
Trd, 4318249.993, 103
Trd, 4318250.843, 104
Trd, 4318251.043, 104
Trd, 4318253.643, 101
Trd, 4318255.043, 92
Trd, 4318255.293, 97
Trd, 4318258.243, 101
Trd, 4318258.343, 99
Trd, 4318259.893, 97
Trd, 4318261.043, 104
Trd, 4318261.093, 87
Trd, 4318261.593, 106
Trd, 4318262.493, 91
Trd, 4318264.543, 88
Trd, 4318267.543, 101
Trd, 4318268.593, 92
Trd, 4318270.593, 93
Trd, 4318270.843, 104
Trd, 4318271.193, 106
Trd, 4318272.943, 88
Trd, 4318273.993, 109
Trd, 4318276.493, 112
Trd, 4318276.743, 112
Trd, 4318277.493, 111
Trd, 4318278.193, 104
Trd, 4318278.343, 119
Trd, 4318281.243, 103
Trd, 4318281.943, 97
Trd, 4318282.793, 96
Trd, 4318284.293, 98
Trd, 4318286.993, 95
Trd, 4318288.243, 99
Trd, 4318288.493, 96
Trd, 4318288.643, 110
Trd, 4318288.843, 95
Trd, 4318290.343, 99
Trd, 4318294.893, 97
Trd, 4318295.543, 99
Trd, 4318295.843, 106
Trd, 4318296.743, 115
Trd, 4318297.043, 98
Trd, 4318298.343, 87
Trd, 4318299.343, 81
Trd, 4318299.593, 79
Trd, 4318301.593, 109
Trd, 4318304.393, 78
Trd, 4318304.543, 83
Trd, 4318304.993, 94
Trd, 4318305.593, 78
Trd, 4318307.593, 78
Trd, 4318308.043, 95
Trd, 4318311.693, 94
Trd, 4318311.893, 95
Trd, 4318313.243, 91
Trd, 4318315.243, 96
Trd, 4318315.943, 97
Trd, 4318317.293, 98
Trd, 4318317.893, 95
Trd, 4318318.293, 100
Trd, 4318319.193, 86
Trd, 4318321.793, 93
Trd, 4318324.343, 96
Trd, 4318325.943, 109
Trd, 4318326.493, 104
Trd, 4318329.093, 103
Trd, 4318329.393, 104
Trd, 4318330.443, 101
Trd, 4318331.543, 106
Trd, 4318331.593, 87
Trd, 4318334.493, 78
Trd, 4318336.643, 108
Trd, 4318337.443, 109
Trd, 4318338.193, 100
Trd, 4318338.393, 100
Trd, 4318338.593, 99
Trd, 4318341.143, 86
Trd, 4318343.493, 100
Trd, 4318345.743, 101
Trd, 4318346.093, 100
Trd, 4318346.893, 103
Trd, 4318347.193, 103
Trd, 4318347.493, 105
Trd, 4318348.593, 104
Trd, 4318350.493, 114
Trd, 4318351.593, 111
Trd, 4318353.043, 107
Trd, 4318353.093, 106
Trd, 4318354.343, 104
Trd, 4318354.993, 88
Trd, 4318357.193, 113
Trd, 4318358.193, 78
Trd, 4318358.543, 99
Trd, 4318359.443, 100
Trd, 4318361.693, 90
Trd, 4318363.943, 94
Trd, 4318364.843, 92
Trd, 4318364.893, 93
Trd, 4318366.193, 88
Trd, 4318368.993, 94
Trd, 4318369.843, 94
Trd, 4318370.793, 88
Trd, 4318373.893, 97
Trd, 4318376.493, 100
Trd, 4318376.593, 95
Trd, 4318378.543, 99
Trd, 4318379.043, 95
Trd, 4318379.593, 78
Trd, 4318380.043, 98
Trd, 4318380.343, 98
Trd, 4318384.243, 98
Trd, 4318384.993, 95
Trd, 4318386.343, 96
Trd, 4318386.443, 97
Trd, 4318388.443, 101
Trd, 4318388.493, 100
Trd, 4318391.193, 100
Trd, 4318391.343, 90
Trd, 4318391.943, 90
Trd, 4318394.243, 89
Trd, 4318394.893, 106
Trd, 4318397.443, 94
Trd, 4318398.093, 95
Trd, 4318399.743, 94
Trd, 4318403.243, 101
Trd, 4318403.993, 103
Trd, 4318404.943, 92
Trd, 4318406.393, 100
Trd, 4318407.493, 81
Trd, 4318407.593, 105
Trd, 4318409.693, 95
Trd, 4318411.793, 93
Trd, 4318412.993, 94
Trd, 4318413.693, 104
Trd, 4318414.843, 96
Trd, 4318415.043, 125
Trd, 4318416.443, 97
Trd, 4318419.343, 89
Trd, 4318420.443, 93
Trd, 4318421.643, 92
Trd, 4318422.993, 93
Trd, 4318424.743, 86
Trd, 4318427.143, 103
Trd, 4318428.443, 94
Trd, 4318428.643, 95
Trd, 4318429.893, 93
Trd, 4318430.743, 88
Trd, 4318431.493, 129
Trd, 4318433.843, 102
Trd, 4318436.393, 96
Trd, 4318437.043, 97
Trd, 4318437.593, 97
Trd, 4318439.843, 98
Trd, 4318441.043, 100
Trd, 4318441.493, 105
Trd, 4318441.943, 114
Trd, 4318442.643, 101
Trd, 4318443.543, 105
Trd, 4318445.293, 110
Trd, 4318446.793, 104
Trd, 4318447.393, 107
Trd, 4318448.393, 89
Trd, 4318450.043, 109
Trd, 4318452.543, 90
Trd, 4318453.593, 85
Trd, 4318453.843, 77
Trd, 4318455.143, 86
Trd, 4318458.043, 89
Trd, 4318458.793, 94
Trd, 4318459.543, 93
Trd, 4318459.893, 86
Trd, 4318460.443, 95
Trd, 4318461.143, 95
Trd, 4318462.593, 105
Trd, 4318462.743, 95
Trd, 4318463.343, 125
Trd, 4318463.743, 92
Trd, 4318466.793, 90
Trd, 4318467.243, 98
Trd, 4318469.043, 91
Trd, 4318470.593, 89
Trd, 4318472.193, 93
Trd, 4318472.643, 93
Trd, 4318475.943, 99
Trd, 4318476.543, 101
Trd, 4318476.643, 110
Trd, 4318476.693, 98
Trd, 4318478.043, 70
Trd, 4318479.093, 98
Trd, 4318479.543, 92
Trd, 4318480.393, 92
Trd, 4318484.993, 86
Trd, 4318485.443, 85
Trd, 4318486.093, 87
Trd, 4318486.243, 94
Trd, 4318488.493, 92
Trd, 4318488.743, 98
Trd, 4318490.743, 98
Trd, 4318492.443, 100
Trd, 4318493.943, 102
Trd, 4318493.993, 98
Trd, 4318495.993, 90
Trd, 4318497.093, 97
Trd, 4318500.693, 97
Trd, 4318500.943, 99
Trd, 4318501.543, 108
Trd, 4318502.093, 113
Trd, 4318502.593, 101
Trd, 4318503.543, 101
Trd, 4318505.693, 95
Trd, 4318507.993, 92
Trd, 4318508.343, 95
Trd, 4318510.143, 95
Trd, 4318510.493, 109
Trd, 4318512.293, 104
Trd, 4318513.143, 88
Trd, 4318515.543, 98
Trd, 4318515.643, 87
Trd, 4318516.743, 103
Trd, 4318518.893, 101
Trd, 4318519.443, 90
Trd, 4318519.893, 95
Trd, 4318521.143, 91
Trd, 4318521.843, 86
Trd, 4318523.193, 98
Trd, 4318524.143, 98
Trd, 4318524.443, 95
Trd, 4318525.693, 95
Trd, 4318527.143, 103
Trd, 4318528.143, 99
Trd, 4318529.493, 86
Trd, 4318529.843, 104
Trd, 4318534.193, 100
Trd, 4318534.393, 101
Trd, 4318535.143, 95
Trd, 4318536.493, 104
Trd, 4318537.593, 81
Trd, 4318538.893, 102
Trd, 4318540.593, 87
Trd, 4318541.493, 105
Trd, 4318544.593, 96
Trd, 4318545.643, 102
Trd, 4318545.793, 99
Trd, 4318546.843, 94
Trd, 4318547.593, 98
Trd, 4318547.843, 93
Trd, 4318551.393, 90
Trd, 4318551.593, 93
Trd, 4318552.093, 92
Trd, 4318552.543, 90
Trd, 4318553.943, 91
Trd, 4318555.093, 91
Trd, 4318556.193, 104
Trd, 4318556.293, 105
Trd, 4318556.443, 86
Trd, 4318558.093, 86
Trd, 4318561.343, 95
Trd, 4318562.143, 91
Trd, 4318562.743, 106
Trd, 4318564.593, 96
Trd, 4318564.693, 98
Trd, 4318565.843, 87
Trd, 4318568.343, 103
Trd, 4318569.993, 104
Trd, 4318570.043, 104
Trd, 4318570.343, 103
Trd, 4318572.843, 92
Trd, 4318574.193, 86
Trd, 4318575.143, 108
Trd, 4318576.893, 86
Trd, 4318578.543, 96
Trd, 4318579.593, 101
Trd, 4318580.643, 88
Trd, 4318584.343, 99
Trd, 4318585.443, 99
Trd, 4318585.543, 112
Trd, 4318585.793, 98
Trd, 4318586.243, 118
Trd, 4318590.643, 91
Trd, 4318590.893, 87
Trd, 4318592.643, 91
Trd, 4318595.443, 86
Trd, 4318596.893, 102
Trd, 4318597.493, 100
Trd, 4318599.793, 89
Trd, 4318601.843, 87
Trd, 4318603.393, 94
Trd, 4318603.543, 102
Trd, 4318605.443, 96
Trd, 4318607.643, 108
Trd, 4318607.793, 102
Trd, 4318608.143, 86
Trd, 4318608.893, 104
Trd, 4318609.543, 80
Trd, 4318610.093, 109
Trd, 4318613.393, 90
Trd, 4318613.593, 89
Trd, 4318614.443, 89
Trd, 4318616.793, 95
Trd, 4318616.943, 95
Trd, 4318617.593, 104
Trd, 4318617.993, 123
Trd, 4318619.143, 112
Trd, 4318620.893, 104
Trd, 4318621.893, 94
Trd, 4318623.843, 92
Trd, 4318625.193, 101
Trd, 4318625.743, 100
Trd, 4318625.793, 86
Trd, 4318628.893, 96
Trd, 4318630.143, 85
Trd, 4318630.893, 92
Trd, 4318631.343, 95
Trd, 4318632.543, 90
Trd, 4318633.243, 106
Trd, 4318635.343, 97
Trd, 4318635.693, 96
Trd, 4318639.593, 96
Trd, 4318640.393, 96
Trd, 4318641.143, 96
Trd, 4318642.193, 113
Trd, 4318643.093, 98
Trd, 4318646.793, 93
Trd, 4318647.143, 102
Trd, 4318648.493, 93
Trd, 4318649.043, 94
Trd, 4318650.143, 95
Trd, 4318650.943, 94
Trd, 4318654.743, 93
Trd, 4318655.393, 93
Trd, 4318656.643, 95
Trd, 4318657.043, 98
Trd, 4318657.093, 93
Trd, 4318659.193, 97
Trd, 4318661.393, 103
Trd, 4318662.043, 104
Trd, 4318662.593, 103
Trd, 4318663.493, 105
Trd, 4318663.893, 86
Trd, 4318666.693, 98
Trd, 4318668.143, 82
Trd, 4318669.143, 85
Trd, 4318671.643, 89
Trd, 4318672.393, 102
Trd, 4318673.043, 100
Trd, 4318673.193, 100
Trd, 4318673.293, 97
Trd, 4318676.893, 94
Trd, 4318677.743, 97
Trd, 4318679.593, 96
Trd, 4318680.293, 97
Trd, 4318680.393, 97
Trd, 4318682.443, 94
Trd, 4318684.243, 104
Trd, 4318684.793, 91
Trd, 4318685.393, 105
Trd, 4318687.193, 99
Trd, 4318687.493, 96
Trd, 4318689.243, 98
Trd, 4318689.993, 106
Trd, 4318690.193, 97
Trd, 4318692.643, 87
Trd, 4318693.843, 96
Trd, 4318695.143, 88
Trd, 4318695.593, 93
Trd, 4318696.593, 93
Trd, 4318697.693, 81
Trd, 4318701.793, 107
Trd, 4318704.093, 105
Trd, 4318704.393, 103
Trd, 4318707.093, 90
Trd, 4318707.193, 91
Trd, 4318708.493, 98
Trd, 4318708.843, 90
Trd, 4318709.243, 88
Trd, 4318713.793, 88
Trd, 4318713.943, 96
Trd, 4318716.093, 89
Trd, 4318717.293, 94
Trd, 4318717.543, 90
Trd, 4318719.293, 94
Trd, 4318719.543, 93
Trd, 4318720.293, 93
Trd, 4318723.543, 105
Trd, 4318724.193, 102
Trd, 4318724.543, 98
Trd, 4318725.393, 99
Trd, 4318727.043, 110
Trd, 4318727.243, 97
Trd, 4318731.693, 96
Trd, 4318732.943, 93
Trd, 4318733.743, 95
Trd, 4318734.493, 104
Trd, 4318735.643, 94
Trd, 4318738.343, 95
Trd, 4318740.443, 96
Trd, 4318740.593, 99
Trd, 4318740.943, 94
Trd, 4318743.643, 113
Trd, 4318743.843, 104
Trd, 4318745.893, 105
Trd, 4318747.193, 106
Trd, 4318747.243, 86
Trd, 4318748.343, 107
Trd, 4318750.743, 93
Trd, 4318752.343, 82
Trd, 4318753.543, 86
Trd, 4318755.343, 95
Trd, 4318755.593, 110
Trd, 4318759.393, 98
Trd, 4318761.193, 82
Trd, 4318762.043, 100
Trd, 4318762.143, 86
Trd, 4318762.943, 106
Trd, 4318768.893, 97
Trd, 4318769.143, 99
Trd, 4318770.343, 98
Trd, 4318771.443, 99
Trd, 4318772.143, 103
Trd, 4318776.793, 93
Trd, 4318776.893, 92
Trd, 4318777.043, 86
Trd, 4318777.343, 77
Trd, 4318779.893, 83
Trd, 4318781.943, 83
Trd, 4318782.143, 86
Trd, 4318782.893, 101
Trd, 4318786.693, 97
Trd, 4318787.243, 95
Trd, 4318787.543, 87
Trd, 4318789.943, 98
Trd, 4318790.443, 92
Trd, 4318791.243, 95
Trd, 4318792.893, 95
Trd, 4318794.893, 114
Trd, 4318796.193, 98
Trd, 4318796.593, 97
Trd, 4318798.143, 102
Trd, 4318798.643, 102
Trd, 4318798.993, 101
Trd, 4318799.093, 78
Trd, 4318800.643, 98
Trd, 4318801.743, 81
Trd, 4318805.893, 94
Trd, 4318806.093, 93
Trd, 4318806.543, 95
Trd, 4318806.593, 93
Trd, 4318807.593, 108
Trd, 4318807.793, 86
Trd, 4318808.993, 103
Trd, 4318812.393, 98
Trd, 4318813.793, 94
Trd, 4318815.443, 93
Trd, 4318816.443, 94
Trd, 4318816.693, 85
Trd, 4318818.143, 98
Trd, 4318820.993, 93
Trd, 4318821.543, 87
Trd, 4318822.143, 93
Trd, 4318823.693, 89
Trd, 4318825.743, 79
Trd, 4318828.243, 86
Trd, 4318829.543, 94
Trd, 4318829.693, 95
Trd, 4318832.193, 99
Trd, 4318833.793, 102
Trd, 4318836.043, 100
Trd, 4318836.993, 86
Trd, 4318838.493, 95
Trd, 4318839.743, 90
Trd, 4318842.193, 96
Trd, 4318842.393, 96
Trd, 4318845.393, 98
Trd, 4318846.593, 98
Trd, 4318847.543, 103
Trd, 4318848.543, 102
Trd, 4318849.443, 104
Trd, 4318851.243, 88
Trd, 4318853.743, 93
Trd, 4318854.343, 92
Trd, 4318855.693, 89
Trd, 4318856.493, 100
Trd, 4318858.593, 102
Trd, 4318859.193, 97
Trd, 4318861.893, 93
Trd, 4318863.343, 91
Trd, 4318864.843, 90
Trd, 4318866.193, 95
Trd, 4318867.793, 92
Trd, 4318868.293, 95
Trd, 4318869.143, 96
Trd, 4318871.893, 116
Trd, 4318873.743, 90
Trd, 4318874.793, 87
Trd, 4318875.043, 86
Trd, 4318875.493, 96
Trd, 4318877.293, 96
Trd, 4318879.793, 105
Trd, 4318881.193, 108
Trd, 4318881.493, 109
Trd, 4318882.943, 104
Trd, 4318884.093, 104
Trd, 4318884.243, 104
Trd, 4318884.843, 86
Trd, 4318886.443, 80
Trd, 4318887.793, 96
Trd, 4318890.443, 90
Trd, 4318890.693, 94
Trd, 4318890.743, 87
Trd, 4318892.943, 89
Trd, 4318895.243, 95
Trd, 4318895.793, 94
Trd, 4318899.543, 90
Trd, 4318901.893, 97
Trd, 4318902.593, 96
Trd, 4318904.093, 95
Trd, 4318904.193, 104
Trd, 4318906.643, 89
Trd, 4318909.493, 92
Trd, 4318910.193, 101
Trd, 4318913.493, 92
Trd, 4318914.043, 94
Trd, 4318914.193, 90
Trd, 4318916.043, 98
Trd, 4318916.093, 86
Trd, 4318917.293, 77
Trd, 4318919.993, 94
Trd, 4318922.193, 92
Trd, 4318922.243, 96
Trd, 4318925.093, 100
Trd, 4318925.193, 100
Trd, 4318927.143, 105
Trd, 4318927.543, 101
Trd, 4318928.993, 101
Trd, 4318930.243, 89
Trd, 4318931.443, 89
Trd, 4318932.593, 95
Trd, 4318934.393, 95
Trd, 4318936.443, 100
Trd, 4318939.293, 100
Trd, 4318940.893, 99
Trd, 4318941.293, 100
Trd, 4318941.693, 98
Trd, 4318943.893, 100
Trd, 4318945.643, 109
Trd, 4318946.043, 95
Trd, 4318947.043, 92
Trd, 4318948.143, 86
Trd, 4318948.643, 105
Trd, 4318948.793, 114
Trd, 4318951.893, 86
Trd, 4318952.243, 99
Trd, 4318954.743, 98
Trd, 4318955.193, 98
Trd, 4318955.543, 95
Trd, 4318959.343, 97
Trd, 4318959.793, 98
Trd, 4318959.843, 97
Trd, 4318960.043, 99
Trd, 4318960.093, 94
Trd, 4318961.743, 96
Trd, 4318961.793, 97
Trd, 4318963.643, 97
Trd, 4318963.893, 88
Trd, 4318968.893, 94
Trd, 4318969.993, 94
Trd, 4318970.343, 95
Trd, 4318970.993, 95
Trd, 4318971.693, 92
Trd, 4318972.793, 86
Trd, 4318974.793, 94
Trd, 4318977.943, 89
Trd, 4318978.793, 100
Trd, 4318980.193, 101
Trd, 4318982.243, 104
Trd, 4318984.043, 90
Trd, 4318984.843, 97
Trd, 4318985.893, 98
Trd, 4318985.993, 95
Trd, 4318986.543, 106
Trd, 4318988.843, 86
Trd, 4318990.093, 85
Trd, 4318990.943, 85
Trd, 4318991.243, 86
Trd, 4318992.493, 93
Trd, 4318994.393, 93
Trd, 4318994.643, 93
Trd, 4318995.743, 93
Trd, 4318995.793, 105
Trd, 4318997.993, 90
Trd, 4318998.793, 93
Trd, 4319000.193, 95
Trd, 4319001.243, 91
Trd, 4319002.493, 92
Trd, 4319003.393, 93
Trd, 4319004.393, 93
Trd, 4319004.793, 104
Trd, 4319007.193, 99
Trd, 4319008.943, 103
Trd, 4319010.693, 92
Trd, 4319013.193, 103
Trd, 4319015.443, 103
Trd, 4319015.743, 104
Trd, 4319016.243, 108
Trd, 4319016.543, 102
Trd, 4319017.593, 91
Trd, 4319018.893, 114
Trd, 4319022.293, 94
Trd, 4319022.593, 95
Trd, 4319023.643, 98
Trd, 4319026.893, 102
Trd, 4319027.543, 102
Trd, 4319028.093, 102
Trd, 4319029.043, 105
Trd, 4319029.943, 104
Trd, 4319032.443, 103
Trd, 4319033.443, 81
Trd, 4319034.893, 86
Trd, 4319036.243, 88
Trd, 4319037.993, 97
Trd, 4319039.093, 97
Trd, 4319039.843, 97
Trd, 4319040.793, 106
Trd, 4319042.193, 113
Trd, 4319044.543, 104
Trd, 4319046.843, 100
Trd, 4319047.793, 108
Trd, 4319048.293, 103
Trd, 4319051.943, 93
Trd, 4319053.593, 93
Trd, 4319053.893, 95
Trd, 4319056.093, 92
Trd, 4319059.393, 91
Trd, 4319060.493, 92
Trd, 4319063.293, 89
Trd, 4319063.743, 90
Trd, 4319064.243, 108
Trd, 4319066.193, 92
Trd, 4319066.243, 91
Trd, 4319066.743, 77
Trd, 4319070.493, 98
Trd, 4319073.343, 98
Trd, 4319073.443, 100
Trd, 4319075.993, 97
Trd, 4319077.043, 97
Trd, 4319078.143, 82
Trd, 4319079.843, 91
Trd, 4319080.343, 89
Trd, 4319082.043, 87
Trd, 4319082.443, 89
Trd, 4319085.043, 94
Trd, 4319086.043, 100
Trd, 4319086.743, 102
Trd, 4319087.143, 104
Trd, 4319088.943, 109
Trd, 4319090.993, 104
Trd, 4319091.943, 109
Trd, 4319094.543, 104
Trd, 4319095.093, 88
Trd, 4319095.693, 105
Trd, 4319096.343, 97
Trd, 4319097.593, 89
Trd, 4319098.543, 77
Trd, 4319099.743, 102
Trd, 4319100.893, 87
Trd, 4319105.043, 100
Trd, 4319105.143, 99
Trd, 4319105.193, 96
Trd, 4319106.493, 106
Trd, 4319108.493, 95
Trd, 4319110.993, 94
Trd, 4319112.993, 95
Trd, 4319113.093, 96
Trd, 4319113.143, 97
Trd, 4319114.493, 97
Trd, 4319115.943, 97
Trd, 4319116.143, 97
Trd, 4319117.443, 97
Trd, 4319118.093, 86
Trd, 4319120.493, 105
Trd, 4319122.893, 108
Trd, 4319122.993, 107
Trd, 4319123.493, 107
Trd, 4319123.793, 104
Trd, 4319124.443, 97
Trd, 4319125.093, 105
Trd, 4319125.543, 86
Trd, 4319129.543, 82
Trd, 4319129.743, 86
Trd, 4319132.793, 88
Trd, 4319133.493, 88
Trd, 4319134.443, 99
Trd, 4319137.043, 98
Trd, 4319137.543, 98
Trd, 4319137.793, 103
Trd, 4319137.943, 104
Trd, 4319139.393, 91
Trd, 4319140.893, 124
Trd, 4319142.143, 91
Trd, 4319145.193, 103
Trd, 4319146.443, 96
Trd, 4319146.793, 102
Trd, 4319147.593, 98
Trd, 4319148.193, 97
Trd, 4319150.343, 84
Trd, 4319151.593, 80
Trd, 4319151.843, 96
Trd, 4319156.743, 89
Trd, 4319157.193, 98
Trd, 4319158.043, 98
Trd, 4319159.393, 100
Trd, 4319160.093, 99
Trd, 4319160.543, 86
Trd, 4319162.443, 77
Trd, 4319164.393, 91
Trd, 4319164.993, 97
Trd, 4319166.693, 89
Trd, 4319166.943, 97
Trd, 4319169.093, 95
Trd, 4319169.343, 92
Trd, 4319170.793, 93
Trd, 4319170.943, 107
Trd, 4319171.143, 95
Trd, 4319175.443, 95
Trd, 4319176.243, 90
Trd, 4319176.993, 94
Trd, 4319178.243, 97
Trd, 4319181.393, 87
Trd, 4319182.093, 92
Trd, 4319185.043, 84
Trd, 4319187.243, 87
Trd, 4319190.343, 97
Trd, 4319190.743, 98
Trd, 4319192.593, 101
Trd, 4319194.743, 90
Trd, 4319195.793, 107
Trd, 4319197.493, 95
Trd, 4319198.343, 111
Trd, 4319198.493, 99
Trd, 4319200.243, 106
Trd, 4319201.593, 103
Trd, 4319202.393, 96
Trd, 4319203.593, 92
Trd, 4319203.893, 88
Trd, 4319205.893, 96
Trd, 4319207.543, 91
Trd, 4319207.893, 91
Trd, 4319208.543, 93
Trd, 4319210.243, 93
Trd, 4319211.443, 93
Trd, 4319212.343, 92
Trd, 4319212.443, 113
Trd, 4319215.143, 95
Trd, 4319215.693, 100
Trd, 4319216.143, 97
Trd, 4319216.293, 111
Trd, 4319216.943, 86
Trd, 4319219.843, 79
Trd, 4319220.393, 86
Trd, 4319222.093, 87
Trd, 4319224.493, 97
Trd, 4319226.343, 99
Trd, 4319227.243, 96
Trd, 4319227.443, 96
Trd, 4319227.493, 100
Trd, 4319228.043, 86
Trd, 4319230.893, 95
Trd, 4319231.293, 104
Trd, 4319232.343, 95
Trd, 4319233.943, 115
Trd, 4319234.643, 97
Trd, 4319236.043, 121
Trd, 4319238.543, 99
Trd, 4319239.293, 99
Trd, 4319240.443, 86
Trd, 4319241.493, 106
Trd, 4319243.293, 88
Trd, 4319243.993, 107
Trd, 4319244.093, 104
Trd, 4319247.443, 93
Trd, 4319249.543, 95
Trd, 4319250.243, 96
Trd, 4319251.943, 98
Trd, 4319252.743, 95
Trd, 4319253.043, 86
Trd, 4319255.293, 109
Trd, 4319255.393, 78
Trd, 4319259.493, 85
Trd, 4319261.193, 91
Trd, 4319261.243, 95
Trd, 4319263.893, 92
Trd, 4319264.193, 88
Trd, 4319264.243, 102
Trd, 4319266.743, 100
Trd, 4319267.143, 100
Trd, 4319267.443, 100
Trd, 4319269.193, 101
Trd, 4319272.843, 96
Trd, 4319272.993, 95
Trd, 4319275.293, 77
Trd, 4319275.793, 97
Trd, 4319277.393, 101
Trd, 4319277.843, 99
Trd, 4319278.443, 99
Trd, 4319278.693, 100
Trd, 4319279.843, 101
Trd, 4319280.443, 88
Trd, 4319281.693, 108
Trd, 4319285.743, 92
Trd, 4319286.493, 89
Trd, 4319286.593, 89
Trd, 4319287.143, 101
Trd, 4319287.543, 101
Trd, 4319288.743, 101
Trd, 4319289.943, 100
Trd, 4319291.193, 91
Trd, 4319292.443, 107
Trd, 4319294.793, 88
Trd, 4319295.593, 106
Trd, 4319298.943, 87
Trd, 4319300.343, 92
Trd, 4319301.793, 90
Trd, 4319302.043, 95
Trd, 4319303.743, 94
Trd, 4319305.843, 106
Trd, 4319307.193, 95
Trd, 4319307.343, 98
Trd, 4319309.493, 102
Trd, 4319311.893, 97
Trd, 4319312.793, 97
Trd, 4319313.743, 106
Trd, 4319314.243, 98
Trd, 4319315.693, 111
Trd, 4319317.393, 86
Trd, 4319317.893, 78
Trd, 4319321.443, 93
Trd, 4319323.043, 90
Trd, 4319324.343, 93
Trd, 4319324.643, 107
Trd, 4319326.093, 95
Trd, 4319326.993, 94
Trd, 4319327.693, 94
Trd, 4319329.893, 120
Trd, 4319332.393, 80
Trd, 4319332.943, 94
Trd, 4319333.943, 95
Trd, 4319335.743, 93
Trd, 4319335.793, 92
Trd, 4319336.443, 77
Trd, 4319338.493, 93
Trd, 4319341.343, 86
Trd, 4319341.543, 86
Trd, 4319341.843, 103
Trd, 4319342.393, 104
Trd, 4319344.893, 96
Trd, 4319345.193, 96
Trd, 4319345.843, 94
Trd, 4319346.643, 89
Trd, 4319350.293, 94
Trd, 4319350.393, 95
Trd, 4319353.043, 112
Trd, 4319353.143, 99
Trd, 4319353.593, 96
Trd, 4319354.993, 113
Trd, 4319356.143, 96
Trd, 4319358.143, 87
Trd, 4319359.443, 104
Trd, 4319360.193, 98
Trd, 4319360.343, 112
Trd, 4319360.993, 95
Trd, 4319361.643, 97
Trd, 4319363.743, 120
Trd, 4319364.243, 78
Trd, 4319368.193, 86
Trd, 4319368.943, 89
Trd, 4319372.293, 94
Trd, 4319373.143, 99
Trd, 4319373.843, 106
Trd, 4319375.843, 92
Trd, 4319376.893, 93
Trd, 4319378.493, 96
Trd, 4319378.743, 97
Trd, 4319379.893, 97
Trd, 4319382.643, 111
Trd, 4319382.893, 110
Trd, 4319382.993, 117
Trd, 4319383.243, 109
Trd, 4319383.743, 91
Trd, 4319385.443, 103
Trd, 4319387.293, 105
Trd, 4319390.793, 94
Trd, 4319390.993, 94
Trd, 4319392.643, 93
Trd, 4319393.793, 88
Trd, 4319394.793, 104
Trd, 4319397.043, 106
Trd, 4319397.543, 107
Trd, 4319398.193, 111
Trd, 4319398.393, 104
Trd, 4319398.993, 112
Trd, 4319400.843, 91
Trd, 4319401.293, 112
Trd, 4319403.993, 100
Trd, 4319407.193, 89
Trd, 4319407.643, 105
Trd, 4319409.593, 97
Trd, 4319411.193, 102
Trd, 4319411.493, 98
Trd, 4319412.893, 101
Trd, 4319414.043, 105
Trd, 4319415.043, 86
Trd, 4319417.293, 88
Trd, 4319418.543, 119
Trd, 4319421.993, 97
Trd, 4319422.293, 96
Trd, 4319424.843, 93
Trd, 4319425.693, 103
Trd, 4319425.843, 104
Trd, 4319426.293, 93
Trd, 4319428.493, 95
Trd, 4319429.643, 97
Trd, 4319429.943, 109
Trd, 4319431.543, 96
Trd, 4319433.893, 101
Trd, 4319434.593, 101
Trd, 4319435.043, 101
Trd, 4319435.843, 108
Trd, 4319439.143, 95
Trd, 4319440.193, 95
Trd, 4319441.143, 95
Trd, 4319441.693, 104
Trd, 4319441.843, 109
Trd, 4319446.043, 89
Trd, 4319447.043, 104
Trd, 4319449.443, 101
Trd, 4319450.193, 101
Trd, 4319450.443, 100
Trd, 4319452.793, 84
Trd, 4319453.493, 104
Trd, 4319455.093, 83
Trd, 4319456.393, 86
Trd, 4319457.843, 99
Trd, 4319459.493, 95
Trd, 4319460.243, 93
Trd, 4319461.793, 97
Trd, 4319462.693, 104
Trd, 4319465.343, 87
Trd, 4319466.743, 93
Trd, 4319469.793, 97
Trd, 4319469.893, 99
Trd, 4319470.643, 100
Trd, 4319470.993, 98
Trd, 4319472.243, 114
Trd, 4319475.243, 95
Trd, 4319475.343, 96
Trd, 4319476.243, 97
Trd, 4319476.443, 97
Trd, 4319478.193, 88
Trd, 4319480.643, 105
Trd, 4319483.193, 90
Trd, 4319484.293, 93
Trd, 4319485.793, 93
Trd, 4319488.043, 90
Trd, 4319488.293, 101
Trd, 4319489.193, 94
Trd, 4319490.443, 94
Trd, 4319491.093, 105
Trd, 4319494.493, 97
Trd, 4319494.593, 92
Trd, 4319496.443, 101
Trd, 4319499.043, 93
Trd, 4319500.443, 98
Trd, 4319502.243, 97
Trd, 4319503.293, 95
Trd, 4319504.593, 95
Trd, 4319505.043, 97
Trd, 4319507.193, 101
Trd, 4319507.493, 101
Trd, 4319507.943, 103
Trd, 4319508.643, 88
Trd, 4319510.993, 103
Trd, 4319511.693, 96
Trd, 4319512.893, 95
Trd, 4319513.793, 95
Trd, 4319516.193, 101
Trd, 4319517.493, 101
Trd, 4319519.043, 95
Trd, 4319520.443, 87
Trd, 4319520.843, 94
Trd, 4319521.193, 95
Trd, 4319523.393, 81
Trd, 4319523.943, 81
Trd, 4319525.393, 81
Trd, 4319527.543, 86
Trd, 4319528.793, 86
Trd, 4319529.593, 88
Trd, 4319532.843, 95
Trd, 4319533.543, 108
Trd, 4319534.293, 96
Trd, 4319534.593, 116
Trd, 4319535.843, 100
Trd, 4319536.243, 99
Trd, 4319537.093, 100
Trd, 4319539.143, 115
Trd, 4319539.743, 80
Trd, 4319541.343, 82
Trd, 4319541.893, 111
Trd, 4319543.893, 106
Trd, 4319545.343, 96
Trd, 4319545.843, 78
Trd, 4319547.443, 81
Trd, 4319547.643, 85
Trd, 4319550.293, 79
Trd, 4319551.593, 94
Trd, 4319553.393, 95
Trd, 4319553.743, 92
Trd, 4319555.193, 88
Trd, 4319555.493, 86
Trd, 4319557.593, 94
Trd, 4319558.443, 94
Trd, 4319559.593, 89
Trd, 4319561.793, 104
Trd, 4319562.143, 95
Trd, 4319562.943, 97
Trd, 4319566.843, 103
Trd, 4319568.043, 108
Trd, 4319568.593, 104
Trd, 4319569.743, 84
Trd, 4319569.843, 83
Trd, 4319570.243, 86
Trd, 4319571.193, 87
Trd, 4319572.643, 96
Trd, 4319575.593, 87
Trd, 4319575.843, 108
Trd, 4319579.143, 95
Trd, 4319579.393, 94
Trd, 4319580.393, 95
Trd, 4319581.443, 100
Trd, 4319582.643, 108
Trd, 4319585.143, 99
Trd, 4319585.593, 99
Trd, 4319586.393, 88
Trd, 4319590.493, 92
Trd, 4319590.643, 92
Trd, 4319591.993, 94
Trd, 4319593.393, 107
Trd, 4319594.093, 100
Trd, 4319594.793, 99
Trd, 4319597.443, 91
Trd, 4319597.993, 90
Trd, 4319598.093, 95
Trd, 4319601.743, 96
Trd, 4319603.193, 106
Trd, 4319603.993, 101
Trd, 4319607.043, 109
Trd, 4319607.843, 110
Trd, 4319608.343, 104
Trd, 4319611.193, 104
Trd, 4319611.443, 104
Trd, 4319612.243, 106
Trd, 4319612.443, 114
Trd, 4319613.293, 103
Trd, 4319613.593, 86
Trd, 4319616.143, 96
Trd, 4319616.843, 97
Trd, 4319618.693, 102
Trd, 4319621.043, 103
Trd, 4319621.393, 105
Trd, 4319622.093, 96
Trd, 4319624.443, 95
Trd, 4319626.293, 96
Trd, 4319627.843, 96
Trd, 4319628.593, 93
Trd, 4319630.593, 95
Trd, 4319631.093, 95
Trd, 4319631.493, 88
Trd, 4319635.793, 88
Trd, 4319636.643, 90
Trd, 4319637.393, 91
Trd, 4319637.743, 99
Trd, 4319638.993, 90
Trd, 4319640.443, 86
Trd, 4319643.643, 79
Trd, 4319644.643, 81
Trd, 4319644.993, 98
Trd, 4319647.693, 101
Trd, 4319647.893, 101
Trd, 4319648.643, 100
Trd, 4319648.893, 104
Trd, 4319650.243, 104
Trd, 4319654.143, 105
Trd, 4319654.543, 104
Trd, 4319655.743, 102
Trd, 4319657.993, 101
Trd, 4319658.143, 103
Trd, 4319659.293, 93
Trd, 4319661.543, 96
Trd, 4319662.393, 96
Trd, 4319662.643, 95
Trd, 4319664.243, 98
Trd, 4319665.743, 97
Trd, 4319670.393, 96
Trd, 4319671.193, 93
Trd, 4319672.043, 106
Trd, 4319672.143, 92
Trd, 4319672.393, 87
Trd, 4319674.893, 82
Trd, 4319675.493, 83
Trd, 4319678.543, 86
Trd, 4319680.193, 93
Trd, 4319681.943, 88
Trd, 4319682.793, 94
Trd, 4319683.343, 96
Trd, 4319684.493, 91
Trd, 4319687.543, 104
Trd, 4319687.843, 99
Trd, 4319687.893, 96
Trd, 4319689.643, 73
Trd, 4319690.043, 103
Trd, 4319694.993, 95
Trd, 4319695.893, 88
Trd, 4319697.043, 92
Trd, 4319697.843, 92
Trd, 4319698.093, 93
Trd, 4319699.543, 89
Trd, 4319700.193, 86
Trd, 4319700.743, 101
Trd, 4319701.993, 77
Trd, 4319702.143, 110
Trd, 4319705.593, 94
Trd, 4319707.143, 95
Trd, 4319707.393, 94
Trd, 4319711.493, 92
Trd, 4319713.393, 92
Trd, 4319714.443, 92
Trd, 4319714.593, 96
Trd, 4319716.893, 90
Trd, 4319717.043, 86
Trd, 4319719.343, 100
Trd, 4319719.493, 96
Trd, 4319722.143, 98
Trd, 4319723.343, 97
Trd, 4319723.943, 105
Trd, 4319725.143, 86
Trd, 4319725.493, 95
Trd, 4319728.093, 86
Trd, 4319728.193, 106
Trd, 4319729.543, 93
Trd, 4319731.893, 75
Trd, 4319732.793, 83
Trd, 4319734.193, 86
Trd, 4319736.393, 87
Trd, 4319736.793, 97
Trd, 4319739.393, 95
Trd, 4319741.293, 99
Trd, 4319741.693, 103
Trd, 4319743.543, 101
Trd, 4319743.643, 87
Trd, 4319746.193, 89
Trd, 4319747.893, 91
Trd, 4319749.293, 94
Trd, 4319750.443, 94
Trd, 4319751.743, 95
Trd, 4319754.243, 94
Trd, 4319755.643, 86
Trd, 4319756.093, 97
Trd, 4319758.643, 85
Trd, 4319759.243, 83
Trd, 4319760.293, 98
Trd, 4319761.893, 97
Trd, 4319762.693, 91
Trd, 4319765.343, 103
Trd, 4319766.393, 96
Trd, 4319767.393, 91
Trd, 4319768.143, 95
Trd, 4319770.243, 95
Trd, 4319771.943, 99
Trd, 4319773.343, 100
Trd, 4319775.043, 94
Trd, 4319776.193, 92
Trd, 4319779.193, 94
Trd, 4319779.343, 99
Trd, 4319781.893, 100
Trd, 4319782.743, 122
Trd, 4319782.993, 104
Trd, 4319784.793, 108
Trd, 4319786.093, 107
Trd, 4319788.543, 90
Trd, 4319789.993, 87
Trd, 4319790.643, 104
Trd, 4319791.993, 98
Trd, 4319792.343, 90
Trd, 4319793.593, 95
Trd, 4319795.243, 99
Trd, 4319795.843, 100
Trd, 4319796.293, 99
Trd, 4319799.493, 100
Trd, 4319801.393, 95
Trd, 4319802.643, 94
Trd, 4319803.443, 92
Trd, 4319805.243, 96
Trd, 4319806.693, 96
Trd, 4319807.943, 100
Trd, 4319808.293, 99
Trd, 4319811.093, 101
Trd, 4319811.793, 102
Trd, 4319811.993, 104
Trd, 4319813.843, 95
Trd, 4319814.993, 131
Trd, 4319815.293, 98
Trd, 4319818.443, 105
Trd, 4319819.043, 104
Trd, 4319819.993, 86
Trd, 4319821.043, 116
Trd, 4319823.743, 92
Trd, 4319823.943, 107
Trd, 4319825.843, 95
Trd, 4319827.043, 94
Trd, 4319830.393, 90
Trd, 4319832.493, 93
Trd, 4319832.693, 91
Trd, 4319833.193, 86
Trd, 4319833.693, 96
Trd, 4319837.293, 101
Trd, 4319838.593, 102
Trd, 4319839.093, 94
Trd, 4319840.093, 94
Trd, 4319843.043, 97
Trd, 4319845.693, 91
Trd, 4319845.793, 98
Trd, 4319846.093, 90
Trd, 4319848.443, 95
Trd, 4319850.443, 96
Trd, 4319850.743, 94
Trd, 4319852.093, 97
Trd, 4319853.243, 113
Trd, 4319853.843, 78
Trd, 4319858.143, 93
Trd, 4319858.943, 92
Trd, 4319859.543, 85
Trd, 4319862.243, 93
Trd, 4319863.093, 92
Trd, 4319865.893, 93
Trd, 4319868.293, 104
Trd, 4319868.593, 103
Trd, 4319868.993, 103
Trd, 4319870.393, 94
Trd, 4319871.443, 98
Trd, 4319872.393, 99
Trd, 4319874.743, 103
Trd, 4319874.843, 105
Trd, 4319875.893, 104
Trd, 4319876.293, 104
Trd, 4319877.693, 87
Trd, 4319880.243, 99
Trd, 4319881.143, 103
Trd, 4319882.643, 95
Trd, 4319883.243, 91
Trd, 4319885.993, 93
Trd, 4319888.243, 91
Trd, 4319888.943, 91
Trd, 4319890.243, 101
Trd, 4319893.343, 103
Trd, 4319893.743, 102
Trd, 4319893.993, 101
Trd, 4319895.393, 91
Trd, 4319899.393, 97
Trd, 4319899.643, 97
Trd, 4319901.293, 97
Trd, 4319902.993, 97
Trd, 4319903.443, 102
Trd, 4319904.993, 113
Trd, 4319906.193, 104
Trd, 4319906.993, 105
Trd, 4319907.743, 86
Trd, 4319910.143, 103
Trd, 4319911.293, 87
Trd, 4319911.843, 100
Trd, 4319916.143, 99
Trd, 4319916.743, 102
Trd, 4319916.793, 99
Trd, 4319917.293, 98
Trd, 4319918.993, 77
Trd, 4319919.993, 82
Trd, 4319921.893, 112
Trd, 4319923.693, 104
Trd, 4319925.093, 94
Trd, 4319927.393, 101
Trd, 4319928.893, 91
Trd, 4319930.343, 92
Trd, 4319930.943, 95
Trd, 4319931.493, 99
Trd, 4319934.293, 96
Trd, 4319934.893, 109
Trd, 4319935.643, 98
Trd, 4319936.193, 96
Trd, 4319940.193, 91
Trd, 4319940.293, 95
Trd, 4319941.093, 99
Trd, 4319942.893, 100
Trd, 4319944.743, 99
Trd, 4319946.243, 100
Trd, 4319946.493, 98
Trd, 4319947.743, 86
Trd, 4319948.793, 106
Trd, 4319950.443, 87
Trd, 4319950.843, 103
Trd, 4319953.093, 90
Trd, 4319955.343, 95
Trd, 4319956.093, 96
Trd, 4319958.793, 96
Trd, 4319959.693, 90
Trd, 4319960.143, 90
Trd, 4319961.693, 111
Trd, 4319964.743, 112
Trd, 4319966.393, 110
Trd, 4319966.793, 104
Trd, 4319967.693, 113
Trd, 4319969.893, 90
Trd, 4319971.643, 88
Trd, 4319972.193, 98
Trd, 4319973.093, 97
Trd, 4319974.843, 95
Trd, 4319976.143, 86
Trd, 4319976.593, 93
Trd, 4319977.093, 79
Trd, 4319980.743, 86
Trd, 4319982.293, 94
Trd, 4319985.993, 93
Trd, 4319986.093, 90
Trd, 4319986.793, 92
Trd, 4319988.793, 87
Trd, 4319989.493, 87
Trd, 4319990.843, 93
Trd, 4319992.493, 81
Trd, 4319994.593, 98
Trd, 4319995.893, 95
Trd, 4319997.743, 99
Trd, 4319998.193, 100
Trd, 4319999.643, 102
