Trd, 4317904.543, 74
Trd, 4317904.593, 74
Trd, 4317905.393, 83
Trd, 4317906.543, 76
Trd, 4317908.643, 97
Trd, 4317909.443, 106
Trd, 4317911.393, 106
Trd, 4317912.843, 112
Trd, 4317912.893, 104
Trd, 4317913.793, 95
Trd, 4317916.243, 77
Trd, 4317918.093, 105
Trd, 4317918.193, 104
Trd, 4317920.243, 100
Trd, 4317920.993, 101
Trd, 4317921.893, 100
Trd, 4317923.043, 114
Trd, 4317923.893, 95
Trd, 4317925.043, 104
Trd, 4317926.243, 90
Trd, 4317927.443, 105
Trd, 4317929.343, 104
Trd, 4317930.493, 96
Trd, 4317931.293, 98
Trd, 4317933.443, 114
Trd, 4317933.693, 104
Trd, 4317933.743, 95
Trd, 4317935.693, 83
Trd, 4317938.643, 92
Trd, 4317939.493, 86
Trd, 4317939.893, 85
Trd, 4317940.043, 84
Trd, 4317941.493, 87
Trd, 4317943.143, 103
Trd, 4317945.743, 91
Trd, 4317945.793, 89
Trd, 4317948.943, 113
Trd, 4317949.543, 112
Trd, 4317950.093, 105
Trd, 4317951.143, 102
Trd, 4317952.643, 102
Trd, 4317952.943, 100
Trd, 4317954.143, 103
Trd, 4317955.243, 116
Trd, 4317956.093, 116
Trd, 4317957.143, 115
Trd, 4317957.543, 95
Trd, 4317958.743, 91
Trd, 4317960.893, 81
Trd, 4317962.643, 88
Trd, 4317963.443, 79
Trd, 4317964.343, 76
Trd, 4317965.443, 86
Trd, 4317966.993, 87
Trd, 4317968.293, 61
Trd, 4317969.393, 82
Trd, 4317970.993, 78
Trd, 4317974.093, 76
Trd, 4317975.993, 87
Trd, 4317976.443, 87
Trd, 4317976.593, 88
Trd, 4317976.743, 84
Trd, 4317976.793, 80
Trd, 4317978.843, 104
Trd, 4317980.093, 107
Trd, 4317982.393, 108
Trd, 4317982.943, 114
Trd, 4317983.293, 106
Trd, 4317984.143, 101
Trd, 4317985.793, 114
Trd, 4317985.943, 104
Trd, 4317986.893, 95
Trd, 4317987.493, 86
Trd, 4317988.693, 78
Trd, 4317988.993, 110
Trd, 4317989.993, 104
Trd, 4317993.293, 116
Trd, 4317993.843, 107
Trd, 4317994.793, 104
Trd, 4317996.093, 104
Trd, 4317998.243, 75
Trd, 4317998.543, 88
Trd, 4317999.693, 105
Trd, 4318000.193, 87
Trd, 4318001.143, 88
Trd, 4318002.393, 98
Trd, 4318003.593, 96
Trd, 4318004.643, 96
Trd, 4318008.343, 105
Trd, 4318009.093, 113
Trd, 4318009.343, 104
Trd, 4318009.393, 96
Trd, 4318009.493, 95
Trd, 4318013.143, 86
Trd, 4318013.693, 82
Trd, 4318015.893, 88
Trd, 4318016.743, 104
Trd, 4318018.243, 84
Trd, 4318018.993, 104
Trd, 4318019.743, 102
Trd, 4318022.943, 112
Trd, 4318023.143, 106
Trd, 4318024.743, 104
Trd, 4318026.443, 105
Trd, 4318027.343, 102
Trd, 4318027.693, 114
Trd, 4318027.843, 98
Trd, 4318031.093, 100
Trd, 4318031.193, 111
Trd, 4318031.293, 99
Trd, 4318032.093, 95
Trd, 4318033.393, 75
Trd, 4318034.393, 85
Trd, 4318035.843, 81
Trd, 4318036.443, 86
Trd, 4318039.843, 88
Trd, 4318041.443, 118
Trd, 4318041.743, 116
Trd, 4318042.743, 86
Trd, 4318042.793, 81
Trd, 4318043.093, 90
Trd, 4318046.043, 98
Trd, 4318046.843, 117
Trd, 4318047.393, 113
Trd, 4318048.493, 104
Trd, 4318049.143, 103
Trd, 4318051.543, 109
Trd, 4318052.743, 105
Trd, 4318053.543, 104
Trd, 4318055.993, 99
Trd, 4318056.843, 96
Trd, 4318057.493, 104
Trd, 4318057.743, 95
Trd, 4318060.043, 104
Trd, 4318060.193, 87
Trd, 4318062.743, 86
Trd, 4318063.543, 103
Trd, 4318063.643, 114
Trd, 4318065.193, 88
Trd, 4318065.543, 86
Trd, 4318069.143, 77
Trd, 4318070.093, 76
Trd, 4318072.893, 83
Trd, 4318072.993, 83
Trd, 4318073.943, 84
Trd, 4318074.493, 86
Trd, 4318074.743, 81
Trd, 4318077.893, 97
Trd, 4318078.143, 88
Trd, 4318078.543, 89
Trd, 4318079.243, 101
Trd, 4318079.443, 88
Trd, 4318082.393, 84
Trd, 4318083.443, 86
Trd, 4318084.893, 74
Trd, 4318087.443, 88
Trd, 4318087.993, 96
Trd, 4318089.543, 101
Trd, 4318090.093, 115
Trd, 4318091.293, 89
Trd, 4318093.493, 93
Trd, 4318094.043, 92
Trd, 4318094.193, 91
Trd, 4318094.943, 99
Trd, 4318096.493, 87
Trd, 4318098.593, 89
Trd, 4318099.593, 89
Trd, 4318101.493, 89
Trd, 4318102.943, 94
Trd, 4318102.993, 73
Trd, 4318103.743, 81
Trd, 4318105.393, 88
Trd, 4318108.493, 80
Trd, 4318109.393, 81
Trd, 4318109.693, 94
Trd, 4318112.643, 104
Trd, 4318113.193, 103
Trd, 4318113.843, 105
Trd, 4318114.643, 102
Trd, 4318114.693, 109
Trd, 4318115.293, 96
Trd, 4318117.043, 103
Trd, 4318117.943, 113
Trd, 4318118.093, 101
Trd, 4318118.593, 104
Trd, 4318119.993, 97
Trd, 4318120.143, 95
Trd, 4318120.543, 104
Trd, 4318122.643, 99
Trd, 4318126.543, 78
Trd, 4318127.043, 86
Trd, 4318129.093, 85
Trd, 4318129.393, 85
Trd, 4318129.843, 84
Trd, 4318129.893, 87
Trd, 4318130.393, 103
Trd, 4318135.493, 87
Trd, 4318136.043, 102
Trd, 4318138.143, 94
Trd, 4318140.193, 106
Trd, 4318141.143, 105
Trd, 4318142.693, 96
Trd, 4318143.793, 95
Trd, 4318143.843, 104
Trd, 4318147.643, 104
Trd, 4318148.043, 104
Trd, 4318148.943, 102
Trd, 4318149.393, 95
Trd, 4318150.793, 93
Trd, 4318151.393, 74
Trd, 4318152.593, 78
Trd, 4318153.593, 82
Trd, 4318154.443, 89
Trd, 4318158.243, 113
Trd, 4318158.493, 112
Trd, 4318158.593, 110
Trd, 4318159.993, 109
Trd, 4318160.093, 108
Trd, 4318162.243, 104
Trd, 4318163.493, 95
Trd, 4318163.693, 118
Trd, 4318166.243, 87
Trd, 4318166.393, 97
Trd, 4318167.193, 85
Trd, 4318167.293, 85
Trd, 4318169.443, 89
Trd, 4318170.243, 85
Trd, 4318171.543, 90
Trd, 4318174.043, 96
Trd, 4318174.893, 96
Trd, 4318174.993, 95
Trd, 4318177.543, 95
Trd, 4318178.493, 109
Trd, 4318180.043, 112
Trd, 4318181.543, 106
Trd, 4318181.843, 105
Trd, 4318182.993, 103
Trd, 4318183.643, 113
Trd, 4318185.043, 105
Trd, 4318185.543, 104
Trd, 4318186.793, 102
Trd, 4318188.693, 104
Trd, 4318189.593, 113
Trd, 4318189.693, 95
Trd, 4318191.393, 85
Trd, 4318193.643, 86
Trd, 4318194.293, 94
Trd, 4318195.793, 111
Trd, 4318195.843, 81
Trd, 4318196.643, 82
Trd, 4318197.043, 82
Trd, 4318199.893, 86
Trd, 4318200.443, 82
Trd, 4318200.943, 82
Trd, 4318202.043, 81
Trd, 4318203.443, 84
Trd, 4318204.093, 86
Trd, 4318204.393, 117
Trd, 4318205.193, 85
Trd, 4318205.493, 104
Trd, 4318209.443, 60
Trd, 4318209.693, 87
Trd, 4318211.743, 102
Trd, 4318212.093, 88
Trd, 4318212.443, 104
Trd, 4318214.643, 89
Trd, 4318215.093, 88
Trd, 4318217.043, 104
Trd, 4318218.393, 87
Trd, 4318218.693, 89
Trd, 4318220.293, 87
Trd, 4318222.393, 77
Trd, 4318224.093, 104
Trd, 4318225.843, 104
Trd, 4318225.893, 104
Trd, 4318229.743, 99
Trd, 4318229.793, 98
Trd, 4318231.393, 104
Trd, 4318233.443, 81
Trd, 4318234.443, 114
Trd, 4318235.643, 86
Trd, 4318236.943, 76
Trd, 4318238.493, 77
Trd, 4318238.543, 86
Trd, 4318240.643, 86
Trd, 4318240.743, 85
Trd, 4318240.793, 84
Trd, 4318241.893, 111
Trd, 4318244.293, 86
Trd, 4318246.243, 93
Trd, 4318246.793, 86
Trd, 4318247.343, 84
Trd, 4318248.443, 108
Trd, 4318248.493, 107
Trd, 4318248.943, 103
Trd, 4318251.193, 79
Trd, 4318251.443, 79
Trd, 4318255.143, 86
Trd, 4318255.443, 86
Trd, 4318256.443, 105
Trd, 4318256.593, 103
Trd, 4318257.993, 82
Trd, 4318258.793, 80
Trd, 4318259.993, 118
Trd, 4318262.493, 105
Trd, 4318264.443, 104
Trd, 4318264.543, 102
Trd, 4318265.093, 114
Trd, 4318265.143, 113
Trd, 4318268.843, 104
Trd, 4318271.893, 116
Trd, 4318272.293, 113
Trd, 4318272.793, 110
Trd, 4318273.393, 114
Trd, 4318273.943, 97
Trd, 4318276.493, 96
Trd, 4318277.643, 101
Trd, 4318278.043, 95
Trd, 4318278.343, 94
Trd, 4318279.193, 72
Trd, 4318281.293, 104
Trd, 4318281.393, 103
Trd, 4318283.193, 110
Trd, 4318285.043, 112
Trd, 4318285.243, 95
Trd, 4318287.643, 122
Trd, 4318289.093, 122
Trd, 4318289.843, 115
Trd, 4318290.643, 114
Trd, 4318292.793, 108
Trd, 4318293.293, 104
Trd, 4318293.993, 111
Trd, 4318294.143, 108
Trd, 4318294.643, 85
Trd, 4318296.143, 101
Trd, 4318299.543, 89
Trd, 4318300.493, 103
Trd, 4318300.993, 109
Trd, 4318302.143, 81
Trd, 4318302.543, 86
Trd, 4318304.243, 90
Trd, 4318304.893, 94
Trd, 4318308.543, 91
Trd, 4318308.643, 90
Trd, 4318309.893, 97
Trd, 4318312.043, 95
Trd, 4318313.893, 106
Trd, 4318314.543, 105
Trd, 4318314.643, 104
Trd, 4318315.593, 104
Trd, 4318317.443, 85
Trd, 4318318.793, 90
Trd, 4318319.443, 93
Trd, 4318320.893, 90
Trd, 4318320.993, 89
Trd, 4318322.693, 66
Trd, 4318324.143, 83
Trd, 4318324.493, 86
Trd, 4318327.243, 87
Trd, 4318328.693, 89
Trd, 4318329.343, 89
Trd, 4318329.743, 109
Trd, 4318330.793, 84
Trd, 4318334.093, 104
Trd, 4318334.143, 95
Trd, 4318336.093, 86
Trd, 4318336.143, 85
Trd, 4318338.343, 106
Trd, 4318338.593, 104
Trd, 4318339.243, 105
Trd, 4318339.743, 104
Trd, 4318341.693, 100
Trd, 4318344.093, 104
Trd, 4318345.343, 109
Trd, 4318346.593, 87
Trd, 4318347.043, 88
Trd, 4318348.193, 89
Trd, 4318348.643, 115
Trd, 4318350.343, 104
Trd, 4318351.593, 104
Trd, 4318352.343, 121
Trd, 4318352.443, 117
Trd, 4318352.893, 103
Trd, 4318354.643, 84
Trd, 4318355.243, 114
Trd, 4318356.843, 95
Trd, 4318357.843, 93
Trd, 4318358.293, 92
Trd, 4318361.243, 108
Trd, 4318361.543, 107
Trd, 4318363.093, 105
Trd, 4318363.943, 100
Trd, 4318366.793, 86
Trd, 4318367.043, 87
Trd, 4318368.643, 104
Trd, 4318369.193, 101
Trd, 4318369.993, 90
Trd, 4318371.443, 99
Trd, 4318373.493, 104
Trd, 4318375.043, 95
Trd, 4318376.943, 108
Trd, 4318378.593, 108
Trd, 4318380.543, 109
Trd, 4318381.643, 112
Trd, 4318381.693, 107
Trd, 4318382.443, 104
Trd, 4318382.793, 114
Trd, 4318383.443, 96
Trd, 4318386.993, 77
Trd, 4318387.643, 78
Trd, 4318388.893, 73
Trd, 4318390.743, 113
Trd, 4318390.993, 77
Trd, 4318392.143, 95
Trd, 4318392.793, 80
Trd, 4318393.543, 83
Trd, 4318393.943, 95
Trd, 4318394.643, 82
Trd, 4318396.793, 87
Trd, 4318397.443, 103
Trd, 4318397.493, 86
Trd, 4318398.193, 91
Trd, 4318400.343, 87
Trd, 4318402.643, 104
Trd, 4318402.693, 102
Trd, 4318404.443, 87
Trd, 4318407.243, 106
Trd, 4318407.693, 104
Trd, 4318408.443, 111
Trd, 4318408.793, 110
Trd, 4318408.893, 108
Trd, 4318411.743, 98
Trd, 4318412.343, 96
Trd, 4318413.293, 103
Trd, 4318415.993, 114
Trd, 4318416.943, 113
Trd, 4318417.043, 111
Trd, 4318419.693, 113
Trd, 4318420.843, 105
Trd, 4318421.393, 104
Trd, 4318424.493, 103
Trd, 4318424.743, 100
Trd, 4318425.343, 116
Trd, 4318425.893, 102
Trd, 4318426.393, 119
Trd, 4318427.993, 102
Trd, 4318429.743, 100
Trd, 4318431.943, 80
Trd, 4318432.093, 88
Trd, 4318434.293, 104
Trd, 4318435.293, 107
Trd, 4318437.043, 90
Trd, 4318437.893, 74
Trd, 4318439.843, 115
Trd, 4318440.143, 113
Trd, 4318441.493, 106
Trd, 4318442.393, 105
Trd, 4318443.843, 104
Trd, 4318443.943, 102
Trd, 4318447.043, 89
Trd, 4318447.093, 84
Trd, 4318447.743, 78
Trd, 4318449.243, 86
Trd, 4318451.593, 80
Trd, 4318452.993, 112
Trd, 4318453.043, 118
Trd, 4318454.343, 105
Trd, 4318454.593, 104
Trd, 4318455.243, 103
Trd, 4318457.993, 103
Trd, 4318458.693, 99
Trd, 4318460.043, 95
Trd, 4318460.693, 93
Trd, 4318461.143, 102
Trd, 4318461.643, 114
Trd, 4318462.143, 95
Trd, 4318465.643, 109
Trd, 4318467.293, 117
Trd, 4318467.643, 108
Trd, 4318468.693, 69
Trd, 4318469.343, 108
Trd, 4318471.693, 83
Trd, 4318472.493, 86
Trd, 4318473.093, 86
Trd, 4318474.693, 105
Trd, 4318475.993, 103
Trd, 4318476.293, 103
Trd, 4318476.493, 102
Trd, 4318476.843, 104
Trd, 4318478.543, 93
Trd, 4318478.693, 92
Trd, 4318480.593, 115
Trd, 4318482.343, 91
Trd, 4318483.293, 74
Trd, 4318483.743, 73
Trd, 4318486.143, 88
Trd, 4318486.793, 90
Trd, 4318487.443, 104
Trd, 4318487.543, 89
Trd, 4318491.543, 104
Trd, 4318492.293, 77
Trd, 4318495.143, 116
Trd, 4318495.243, 104
Trd, 4318495.843, 104
Trd, 4318496.493, 98
Trd, 4318497.843, 103
Trd, 4318499.143, 102
Trd, 4318502.443, 110
Trd, 4318503.343, 96
Trd, 4318504.493, 100
Trd, 4318504.793, 96
Trd, 4318505.193, 95
Trd, 4318506.643, 102
Trd, 4318507.543, 117
Trd, 4318508.043, 81
Trd, 4318509.593, 105
Trd, 4318512.043, 102
Trd, 4318512.393, 100
Trd, 4318513.443, 114
Trd, 4318515.443, 104
Trd, 4318515.693, 96
Trd, 4318516.593, 116
Trd, 4318516.943, 99
Trd, 4318518.293, 99
Trd, 4318518.593, 97
Trd, 4318519.143, 114
Trd, 4318522.743, 105
Trd, 4318524.593, 106
Trd, 4318524.993, 105
Trd, 4318525.843, 104
Trd, 4318526.293, 102
Trd, 4318527.543, 104
Trd, 4318528.493, 109
Trd, 4318528.543, 95
Trd, 4318532.693, 105
Trd, 4318532.743, 104
Trd, 4318534.843, 104
Trd, 4318536.093, 107
Trd, 4318536.693, 106
Trd, 4318539.093, 77
Trd, 4318539.493, 96
Trd, 4318540.293, 76
Trd, 4318542.543, 105
Trd, 4318542.743, 104
Trd, 4318544.193, 103
Trd, 4318545.393, 96
Trd, 4318545.743, 104
Trd, 4318547.143, 95
Trd, 4318548.443, 91
Trd, 4318549.643, 84
Trd, 4318552.093, 81
Trd, 4318552.143, 79
Trd, 4318554.043, 62
Trd, 4318554.443, 78
Trd, 4318556.393, 86
Trd, 4318558.093, 104
Trd, 4318560.943, 106
Trd, 4318561.143, 104
Trd, 4318561.243, 102
Trd, 4318562.143, 115
Trd, 4318562.793, 95
Trd, 4318564.793, 94
Trd, 4318565.293, 114
Trd, 4318565.593, 84
Trd, 4318566.193, 104
Trd, 4318567.743, 73
Trd, 4318568.843, 76
Trd, 4318570.193, 78
Trd, 4318572.643, 86
Trd, 4318573.093, 103
Trd, 4318573.843, 90
Trd, 4318576.243, 97
Trd, 4318576.343, 95
Trd, 4318578.143, 92
Trd, 4318579.443, 111
Trd, 4318579.943, 116
Trd, 4318581.093, 90
Trd, 4318584.043, 82
Trd, 4318584.243, 113
Trd, 4318584.843, 82
Trd, 4318586.793, 104
Trd, 4318587.243, 102
Trd, 4318588.243, 84
Trd, 4318591.193, 86
Trd, 4318591.343, 85
Trd, 4318592.543, 105
Trd, 4318593.893, 104
Trd, 4318594.393, 103
Trd, 4318595.893, 113
Trd, 4318596.843, 95
Trd, 4318597.693, 89
Trd, 4318600.743, 111
Trd, 4318602.693, 110
Trd, 4318604.143, 113
Trd, 4318604.443, 111
Trd, 4318605.593, 114
Trd, 4318606.593, 95
Trd, 4318608.293, 77
Trd, 4318608.393, 78
Trd, 4318608.443, 75
Trd, 4318610.993, 78
Trd, 4318612.143, 81
Trd, 4318613.193, 82
Trd, 4318614.893, 96
Trd, 4318615.493, 85
Trd, 4318615.693, 106
Trd, 4318618.043, 87
Trd, 4318618.293, 86
Trd, 4318618.693, 84
Trd, 4318618.843, 81
Trd, 4318620.793, 91
Trd, 4318621.743, 76
Trd, 4318623.843, 80
Trd, 4318626.093, 105
Trd, 4318626.293, 105
Trd, 4318627.043, 101
Trd, 4318627.993, 97
Trd, 4318629.093, 104
Trd, 4318629.543, 78
Trd, 4318631.393, 78
Trd, 4318635.793, 88
Trd, 4318636.543, 83
Trd, 4318638.293, 87
Trd, 4318638.743, 104
Trd, 4318640.893, 64
Trd, 4318641.993, 83
Trd, 4318643.443, 69
Trd, 4318644.693, 71
Trd, 4318646.893, 104
Trd, 4318647.893, 87
Trd, 4318649.343, 87
Trd, 4318650.943, 88
Trd, 4318652.593, 115
Trd, 4318652.743, 88
Trd, 4318653.493, 87
Trd, 4318654.543, 90
Trd, 4318656.393, 94
Trd, 4318658.193, 111
Trd, 4318658.743, 105
Trd, 4318658.893, 104
Trd, 4318660.643, 95
Trd, 4318662.743, 104
Trd, 4318663.043, 102
Trd, 4318663.443, 95
Trd, 4318667.443, 95
Trd, 4318668.343, 103
Trd, 4318669.393, 109
Trd, 4318669.893, 108
Trd, 4318670.893, 95
Trd, 4318671.643, 94
Trd, 4318672.993, 77
Trd, 4318673.893, 87
Trd, 4318674.943, 87
Trd, 4318675.193, 86
Trd, 4318677.243, 88
Trd, 4318679.643, 91
Trd, 4318679.893, 92
Trd, 4318681.743, 92
Trd, 4318683.943, 100
Trd, 4318685.343, 95
Trd, 4318685.543, 98
Trd, 4318685.593, 95
Trd, 4318685.643, 94
Trd, 4318686.643, 85
Trd, 4318687.393, 60
Trd, 4318689.193, 106
Trd, 4318690.593, 107
Trd, 4318691.143, 103
Trd, 4318692.043, 107
Trd, 4318693.543, 104
Trd, 4318694.393, 105
Trd, 4318696.243, 105
Trd, 4318698.343, 105
Trd, 4318698.543, 105
Trd, 4318699.643, 104
Trd, 4318700.193, 114
Trd, 4318702.193, 78
Trd, 4318702.943, 103
Trd, 4318704.593, 89
Trd, 4318705.593, 115
Trd, 4318705.943, 91
Trd, 4318706.393, 87
Trd, 4318708.893, 103
Trd, 4318709.443, 102
Trd, 4318711.293, 103
Trd, 4318711.743, 100
Trd, 4318714.993, 80
Trd, 4318715.293, 107
Trd, 4318716.543, 105
Trd, 4318716.593, 104
Trd, 4318717.793, 104
Trd, 4318717.843, 104
Trd, 4318718.993, 104
Trd, 4318720.893, 81
Trd, 4318722.143, 75
Trd, 4318722.943, 100
Trd, 4318725.593, 90
Trd, 4318726.393, 90
Trd, 4318726.643, 88
Trd, 4318727.543, 113
Trd, 4318728.693, 74
Trd, 4318729.093, 82
Trd, 4318731.243, 89
Trd, 4318733.093, 104
Trd, 4318734.193, 80
Trd, 4318736.643, 81
Trd, 4318737.043, 83
Trd, 4318737.943, 83
Trd, 4318738.093, 83
Trd, 4318740.743, 105
Trd, 4318742.493, 102
Trd, 4318743.693, 104
Trd, 4318743.843, 96
Trd, 4318745.393, 106
Trd, 4318746.593, 105
Trd, 4318748.493, 103
Trd, 4318748.743, 95
Trd, 4318748.993, 82
Trd, 4318750.443, 73
Trd, 4318752.543, 88
Trd, 4318754.743, 85
Trd, 4318756.143, 88
Trd, 4318756.343, 75
Trd, 4318758.743, 82
Trd, 4318759.143, 68
Trd, 4318761.193, 70
Trd, 4318762.843, 80
Trd, 4318763.293, 82
Trd, 4318764.743, 89
Trd, 4318765.793, 106
Trd, 4318766.193, 103
Trd, 4318767.443, 114
Trd, 4318767.593, 103
Trd, 4318768.693, 98
Trd, 4318768.893, 77
Trd, 4318771.093, 117
Trd, 4318771.693, 97
Trd, 4318772.193, 104
Trd, 4318774.043, 102
Trd, 4318774.443, 102
Trd, 4318778.343, 96
Trd, 4318778.543, 95
Trd, 4318778.893, 118
Trd, 4318778.993, 70
Trd, 4318780.093, 75
Trd, 4318782.943, 79
Trd, 4318783.793, 89
Trd, 4318784.143, 89
Trd, 4318786.643, 101
Trd, 4318786.793, 79
Trd, 4318788.643, 78
Trd, 4318790.093, 78
Trd, 4318791.843, 87
Trd, 4318792.193, 86
Trd, 4318793.593, 79
Trd, 4318795.593, 85
Trd, 4318796.043, 84
Trd, 4318796.793, 93
Trd, 4318797.793, 87
Trd, 4318799.793, 104
Trd, 4318801.193, 91
Trd, 4318802.293, 92
Trd, 4318804.643, 96
Trd, 4318805.093, 96
Trd, 4318805.193, 99
Trd, 4318807.593, 106
Trd, 4318809.293, 107
Trd, 4318810.693, 104
Trd, 4318811.243, 95
Trd, 4318813.043, 86
Trd, 4318814.543, 86
Trd, 4318815.793, 83
Trd, 4318816.143, 62
Trd, 4318817.743, 105
Trd, 4318818.493, 104
Trd, 4318818.943, 95
Trd, 4318819.293, 114
Trd, 4318821.593, 104
Trd, 4318823.143, 114
Trd, 4318823.393, 113
Trd, 4318823.793, 95
Trd, 4318825.443, 104
Trd, 4318825.793, 110
Trd, 4318827.093, 106
Trd, 4318828.443, 100
Trd, 4318830.343, 106
Trd, 4318830.793, 113
Trd, 4318831.393, 107
Trd, 4318831.743, 104
Trd, 4318832.493, 103
Trd, 4318833.293, 95
Trd, 4318833.843, 84
Trd, 4318835.143, 77
Trd, 4318836.843, 103
Trd, 4318838.343, 104
Trd, 4318838.743, 104
Trd, 4318839.193, 102
Trd, 4318841.993, 72
Trd, 4318842.493, 83
Trd, 4318843.243, 113
Trd, 4318845.443, 102
Trd, 4318845.743, 83
Trd, 4318847.743, 86
Trd, 4318847.993, 104
Trd, 4318849.043, 86
Trd, 4318849.743, 92
Trd, 4318850.693, 91
Trd, 4318852.443, 120
Trd, 4318852.943, 104
Trd, 4318853.593, 95
Trd, 4318855.743, 79
Trd, 4318856.243, 87
Trd, 4318859.793, 107
Trd, 4318859.993, 105
Trd, 4318860.293, 104
Trd, 4318860.793, 114
Trd, 4318862.043, 104
Trd, 4318864.093, 96
Trd, 4318864.243, 103
Trd, 4318865.593, 98
Trd, 4318865.843, 96
Trd, 4318867.493, 116
Trd, 4318867.943, 95
Trd, 4318869.093, 102
Trd, 4318869.243, 68
Trd, 4318872.943, 80
Trd, 4318873.943, 75
Trd, 4318874.493, 95
Trd, 4318876.543, 80
Trd, 4318877.193, 112
Trd, 4318877.293, 75
Trd, 4318877.693, 70
Trd, 4318881.093, 76
Trd, 4318882.743, 81
Trd, 4318883.043, 78
Trd, 4318884.093, 87
Trd, 4318885.293, 104
Trd, 4318885.493, 81
Trd, 4318886.893, 90
Trd, 4318887.943, 85
Trd, 4318890.643, 92
Trd, 4318890.693, 90
Trd, 4318891.493, 113
Trd, 4318893.043, 71
Trd, 4318894.243, 89
Trd, 4318897.043, 76
Trd, 4318898.443, 94
Trd, 4318899.643, 105
Trd, 4318900.443, 101
Trd, 4318901.793, 105
Trd, 4318902.993, 104
Trd, 4318903.393, 95
Trd, 4318903.943, 114
Trd, 4318904.843, 116
Trd, 4318905.793, 113
Trd, 4318907.993, 97
Trd, 4318908.393, 112
Trd, 4318908.543, 84
Trd, 4318908.593, 83
Trd, 4318910.193, 90
Trd, 4318911.093, 90
Trd, 4318914.893, 92
Trd, 4318915.693, 89
Trd, 4318916.393, 87
Trd, 4318918.793, 106
Trd, 4318919.343, 105
Trd, 4318920.193, 113
Trd, 4318920.243, 104
Trd, 4318921.593, 86
Trd, 4318923.693, 102
Trd, 4318925.043, 102
Trd, 4318925.743, 104
Trd, 4318927.493, 100
Trd, 4318927.943, 99
Trd, 4318931.143, 107
Trd, 4318931.793, 104
Trd, 4318934.193, 103
Trd, 4318934.493, 85
Trd, 4318935.293, 98
Trd, 4318937.043, 90
Trd, 4318938.243, 104
Trd, 4318939.643, 107
Trd, 4318940.893, 106
Trd, 4318942.943, 104
Trd, 4318942.993, 102
Trd, 4318943.443, 95
Trd, 4318945.693, 89
Trd, 4318946.643, 83
Trd, 4318948.243, 83
Trd, 4318949.693, 101
Trd, 4318951.243, 104
Trd, 4318951.643, 106
Trd, 4318952.393, 101
Trd, 4318953.593, 115
Trd, 4318954.793, 105
Trd, 4318956.693, 107
Trd, 4318957.843, 101
Trd, 4318959.043, 104
Trd, 4318960.643, 108
Trd, 4318961.443, 107
Trd, 4318962.843, 102
Trd, 4318963.843, 106
Trd, 4318964.193, 104
Trd, 4318965.443, 95
Trd, 4318967.493, 101
Trd, 4318968.193, 95
Trd, 4318968.843, 95
Trd, 4318969.243, 94
Trd, 4318971.643, 105
Trd, 4318972.643, 99
Trd, 4318973.793, 105
Trd, 4318974.843, 105
Trd, 4318974.993, 104
Trd, 4318976.493, 95
Trd, 4318979.443, 92
Trd, 4318980.143, 104
Trd, 4318980.793, 122
Trd, 4318981.993, 105
Trd, 4318982.643, 104
Trd, 4318984.393, 87
Trd, 4318985.043, 83
Trd, 4318985.693, 83
Trd, 4318988.693, 105
Trd, 4318990.243, 98
Trd, 4318990.643, 101
Trd, 4318992.043, 96
Trd, 4318993.043, 91
Trd, 4318993.093, 88
Trd, 4318993.843, 101
Trd, 4318993.943, 89
Trd, 4318996.443, 73
Trd, 4318998.343, 105
Trd, 4318999.443, 114
Trd, 4318999.493, 104
Trd, 4319000.693, 68
Trd, 4319003.993, 87
Trd, 4319004.843, 92
Trd, 4319006.093, 105
Trd, 4319008.293, 109
Trd, 4319011.493, 109
Trd, 4319012.193, 105
Trd, 4319012.993, 103
Trd, 4319013.893, 95
Trd, 4319014.543, 106
Trd, 4319015.643, 87
Trd, 4319016.843, 88
Trd, 4319018.643, 99
Trd, 4319019.893, 91
Trd, 4319020.693, 70
Trd, 4319021.943, 78
Trd, 4319023.193, 67
Trd, 4319023.743, 87
Trd, 4319025.793, 79
Trd, 4319026.843, 60
Trd, 4319028.243, 77
Trd, 4319029.143, 87
Trd, 4319029.993, 94
Trd, 4319030.093, 77
Trd, 4319030.543, 87
Trd, 4319031.593, 104
Trd, 4319034.393, 86
Trd, 4319034.993, 87
Trd, 4319036.743, 85
Trd, 4319038.743, 88
Trd, 4319039.243, 87
Trd, 4319041.593, 95
Trd, 4319043.493, 112
Trd, 4319045.743, 120
Trd, 4319045.843, 115
Trd, 4319046.443, 113
Trd, 4319046.493, 113
Trd, 4319047.093, 103
Trd, 4319047.593, 95
Trd, 4319048.843, 79
Trd, 4319050.143, 88
Trd, 4319052.943, 109
Trd, 4319053.493, 110
Trd, 4319054.693, 104
Trd, 4319057.293, 107
Trd, 4319057.793, 106
Trd, 4319058.143, 95
Trd, 4319059.293, 113
Trd, 4319059.343, 68
Trd, 4319061.343, 103
Trd, 4319062.743, 89
Trd, 4319065.143, 107
Trd, 4319066.443, 108
Trd, 4319067.543, 108
Trd, 4319069.393, 117
Trd, 4319070.393, 105
Trd, 4319070.843, 113
Trd, 4319071.993, 103
Trd, 4319073.293, 96
Trd, 4319074.643, 97
Trd, 4319074.893, 95
Trd, 4319075.593, 63
Trd, 4319079.193, 78
Trd, 4319079.643, 89
Trd, 4319080.243, 99
Trd, 4319080.393, 97
Trd, 4319082.693, 109
Trd, 4319084.193, 111
Trd, 4319084.393, 111
Trd, 4319086.893, 105
Trd, 4319087.893, 104
Trd, 4319088.543, 97
Trd, 4319089.393, 94
Trd, 4319089.943, 82
Trd, 4319090.893, 77
Trd, 4319092.043, 79
Trd, 4319093.543, 79
Trd, 4319095.543, 82
Trd, 4319096.393, 82
Trd, 4319096.743, 87
Trd, 4319100.493, 88
Trd, 4319102.443, 108
Trd, 4319102.743, 102
Trd, 4319102.793, 101
Trd, 4319104.343, 90
Trd, 4319105.593, 104
Trd, 4319107.043, 106
Trd, 4319107.143, 104
Trd, 4319107.743, 89
Trd, 4319108.793, 90
Trd, 4319111.593, 85
Trd, 4319111.843, 104
Trd, 4319113.043, 111
Trd, 4319113.193, 105
Trd, 4319113.643, 103
Trd, 4319115.693, 78
Trd, 4319118.143, 66
Trd, 4319118.843, 84
Trd, 4319121.543, 80
Trd, 4319121.743, 80
Trd, 4319121.893, 76
Trd, 4319124.643, 122
Trd, 4319125.643, 117
Trd, 4319126.543, 81
Trd, 4319127.593, 109
Trd, 4319129.543, 104
Trd, 4319130.093, 104
Trd, 4319130.843, 95
Trd, 4319134.243, 100
Trd, 4319135.493, 100
Trd, 4319135.693, 115
Trd, 4319135.893, 97
Trd, 4319136.743, 104
Trd, 4319137.893, 78
Trd, 4319141.943, 101
Trd, 4319143.843, 102
Trd, 4319144.243, 101
Trd, 4319147.293, 97
Trd, 4319147.943, 104
Trd, 4319149.293, 100
Trd, 4319151.993, 102
Trd, 4319153.043, 104
Trd, 4319153.493, 103
Trd, 4319154.343, 102
Trd, 4319154.393, 101
Trd, 4319154.693, 116
Trd, 4319155.593, 101
Trd, 4319155.993, 95
Trd, 4319159.193, 106
Trd, 4319160.143, 105
Trd, 4319160.293, 103
Trd, 4319161.393, 109
Trd, 4319161.543, 95
Trd, 4319161.943, 74
Trd, 4319165.893, 94
Trd, 4319166.793, 91
Trd, 4319167.943, 103
Trd, 4319168.093, 104
Trd, 4319168.343, 95
Trd, 4319170.593, 77
Trd, 4319170.693, 87
Trd, 4319173.343, 77
Trd, 4319173.893, 79
Trd, 4319174.443, 100
Trd, 4319176.193, 86
Trd, 4319176.943, 78
Trd, 4319178.093, 107
Trd, 4319178.243, 104
Trd, 4319179.343, 114
Trd, 4319179.643, 68
Trd, 4319180.443, 77
Trd, 4319182.743, 104
Trd, 4319184.743, 105
Trd, 4319185.843, 104
Trd, 4319187.993, 69
Trd, 4319188.893, 88
Trd, 4319188.943, 102
Trd, 4319189.493, 114
Trd, 4319191.443, 72
Trd, 4319192.593, 78
Trd, 4319192.943, 75
Trd, 4319194.193, 77
Trd, 4319194.543, 89
Trd, 4319195.993, 80
Trd, 4319197.643, 113
Trd, 4319198.993, 82
Trd, 4319200.143, 114
Trd, 4319200.993, 113
Trd, 4319204.143, 106
Trd, 4319204.693, 104
Trd, 4319204.943, 95
Trd, 4319207.293, 111
Trd, 4319207.643, 93
Trd, 4319208.493, 92
Trd, 4319210.343, 109
Trd, 4319211.643, 107
Trd, 4319212.893, 108
Trd, 4319212.993, 105
Trd, 4319213.743, 104
Trd, 4319214.943, 107
Trd, 4319219.343, 104
Trd, 4319220.343, 105
Trd, 4319220.443, 102
Trd, 4319222.043, 76
Trd, 4319224.843, 76
Trd, 4319226.343, 87
Trd, 4319226.743, 88
Trd, 4319227.443, 106
Trd, 4319228.193, 109
Trd, 4319228.443, 108
Trd, 4319229.343, 104
Trd, 4319230.593, 105
Trd, 4319231.593, 105
Trd, 4319233.343, 106
Trd, 4319233.593, 86
Trd, 4319235.793, 89
Trd, 4319237.093, 71
Trd, 4319237.443, 73
Trd, 4319239.443, 77
Trd, 4319240.793, 78
Trd, 4319243.293, 80
Trd, 4319243.793, 86
Trd, 4319245.293, 102
Trd, 4319246.293, 86
Trd, 4319246.343, 85
Trd, 4319246.593, 90
Trd, 4319249.493, 85
Trd, 4319249.843, 84
Trd, 4319251.243, 88
Trd, 4319253.093, 88
Trd, 4319254.593, 100
Trd, 4319255.443, 90
Trd, 4319256.343, 91
Trd, 4319256.593, 113
Trd, 4319257.143, 91
Trd, 4319259.893, 104
Trd, 4319262.193, 83
Trd, 4319262.243, 82
Trd, 4319262.293, 101
Trd, 4319262.993, 76
Trd, 4319266.243, 109
Trd, 4319266.993, 109
Trd, 4319267.743, 110
Trd, 4319268.443, 104
Trd, 4319268.593, 102
Trd, 4319268.943, 95
Trd, 4319271.843, 113
Trd, 4319272.093, 113
Trd, 4319273.043, 110
Trd, 4319274.293, 112
Trd, 4319275.143, 113
Trd, 4319275.643, 111
Trd, 4319276.543, 91
Trd, 4319277.343, 111
Trd, 4319277.943, 65
Trd, 4319279.943, 103
Trd, 4319281.193, 81
Trd, 4319281.593, 63
Trd, 4319284.793, 77
Trd, 4319284.843, 74
Trd, 4319286.193, 76
Trd, 4319287.893, 105
Trd, 4319288.843, 104
Trd, 4319289.093, 117
Trd, 4319289.643, 100
Trd, 4319291.893, 111
Trd, 4319292.443, 102
Trd, 4319293.143, 95
Trd, 4319294.343, 114
Trd, 4319295.493, 101
Trd, 4319296.293, 104
Trd, 4319296.593, 95
Trd, 4319298.493, 88
Trd, 4319300.293, 86
Trd, 4319301.993, 104
Trd, 4319302.693, 96
Trd, 4319302.843, 109
Trd, 4319303.293, 95
Trd, 4319304.343, 103
Trd, 4319306.743, 96
Trd, 4319308.793, 105
Trd, 4319308.993, 104
Trd, 4319309.293, 98
Trd, 4319310.793, 87
Trd, 4319314.643, 115
Trd, 4319314.943, 113
Trd, 4319315.493, 113
Trd, 4319317.493, 86
Trd, 4319318.743, 61
Trd, 4319320.193, 87
Trd, 4319322.693, 104
Trd, 4319323.243, 77
Trd, 4319325.093, 86
Trd, 4319325.143, 84
Trd, 4319326.043, 84
Trd, 4319328.543, 114
Trd, 4319329.043, 101
Trd, 4319329.243, 100
Trd, 4319331.493, 103
Trd, 4319331.743, 102
Trd, 4319332.143, 95
Trd, 4319333.643, 78
Trd, 4319334.343, 110
Trd, 4319335.843, 104
Trd, 4319335.993, 104
Trd, 4319337.793, 102
Trd, 4319338.693, 101
Trd, 4319338.893, 107
Trd, 4319339.443, 95
Trd, 4319341.843, 77
Trd, 4319342.993, 83
Trd, 4319346.343, 91
Trd, 4319346.693, 103
Trd, 4319347.193, 90
Trd, 4319348.293, 99
Trd, 4319349.443, 92
Trd, 4319349.943, 87
Trd, 4319350.043, 104
Trd, 4319350.993, 88
Trd, 4319351.293, 87
Trd, 4319353.993, 91
Trd, 4319354.243, 88
Trd, 4319356.743, 113
Trd, 4319357.643, 106
Trd, 4319358.493, 105
Trd, 4319359.093, 117
Trd, 4319359.193, 104
Trd, 4319360.193, 104
Trd, 4319361.443, 104
Trd, 4319362.093, 103
Trd, 4319363.643, 99
Trd, 4319363.893, 95
Trd, 4319367.743, 104
Trd, 4319368.443, 103
Trd, 4319368.493, 101
Trd, 4319370.043, 89
Trd, 4319372.193, 93
Trd, 4319372.893, 93
Trd, 4319373.993, 113
Trd, 4319375.943, 105
Trd, 4319376.243, 103
Trd, 4319376.443, 113
Trd, 4319378.043, 104
Trd, 4319383.343, 68
Trd, 4319383.443, 77
Trd, 4319383.743, 67
Trd, 4319384.543, 88
Trd, 4319385.993, 83
Trd, 4319388.943, 105
Trd, 4319389.543, 104
Trd, 4319389.993, 95
Trd, 4319391.143, 81
Trd, 4319392.193, 113
Trd, 4319393.343, 71
Trd, 4319394.193, 68
Trd, 4319396.543, 81
Trd, 4319398.343, 85
Trd, 4319399.243, 86
Trd, 4319400.643, 90
Trd, 4319401.593, 113
Trd, 4319401.693, 105
Trd, 4319404.493, 106
Trd, 4319404.793, 103
Trd, 4319404.943, 102
Trd, 4319406.043, 120
Trd, 4319407.393, 85
Trd, 4319408.493, 88
Trd, 4319411.243, 91
Trd, 4319411.293, 90
Trd, 4319414.143, 108
Trd, 4319414.343, 107
Trd, 4319416.443, 109
Trd, 4319417.043, 110
Trd, 4319418.743, 107
Trd, 4319419.593, 102
Trd, 4319420.393, 101
Trd, 4319421.393, 104
Trd, 4319422.643, 95
Trd, 4319424.343, 97
Trd, 4319426.493, 113
Trd, 4319426.643, 96
Trd, 4319428.493, 98
Trd, 4319432.093, 108
Trd, 4319433.593, 107
Trd, 4319433.643, 103
Trd, 4319435.043, 114
Trd, 4319436.143, 117
Trd, 4319436.543, 114
Trd, 4319436.693, 113
Trd, 4319437.393, 104
Trd, 4319440.143, 95
Trd, 4319440.643, 89
Trd, 4319440.993, 63
Trd, 4319444.943, 85
Trd, 4319445.943, 87
Trd, 4319446.743, 88
Trd, 4319447.943, 85
Trd, 4319448.793, 119
Trd, 4319449.693, 89
Trd, 4319450.143, 89
Trd, 4319452.593, 103
Trd, 4319452.893, 102
Trd, 4319453.893, 100
Trd, 4319456.043, 100
Trd, 4319457.193, 95
Trd, 4319459.193, 106
Trd, 4319461.443, 107
Trd, 4319461.793, 105
Trd, 4319462.243, 103
Trd, 4319463.093, 111
Trd, 4319465.643, 107
Trd, 4319466.193, 105
Trd, 4319466.843, 108
Trd, 4319466.943, 107
Trd, 4319468.993, 114
Trd, 4319471.143, 104
Trd, 4319473.093, 97
Trd, 4319473.143, 95
Trd, 4319474.093, 86
Trd, 4319475.693, 88
Trd, 4319476.593, 110
Trd, 4319477.743, 107
Trd, 4319478.743, 108
Trd, 4319479.743, 110
Trd, 4319481.893, 106
Trd, 4319482.143, 104
Trd, 4319483.893, 96
Trd, 4319484.743, 104
Trd, 4319485.643, 97
Trd, 4319488.543, 95
Trd, 4319488.743, 95
Trd, 4319488.843, 94
Trd, 4319491.643, 105
Trd, 4319491.793, 104
Trd, 4319494.093, 71
Trd, 4319495.393, 114
Trd, 4319496.143, 104
Trd, 4319498.593, 95
Trd, 4319499.293, 106
Trd, 4319500.393, 107
Trd, 4319500.943, 106
Trd, 4319501.993, 103
Trd, 4319502.743, 106
Trd, 4319506.643, 87
Trd, 4319506.793, 85
Trd, 4319507.893, 86
Trd, 4319508.043, 91
Trd, 4319509.493, 86
Trd, 4319509.843, 86
Trd, 4319514.043, 81
Trd, 4319514.193, 80
Trd, 4319514.443, 79
Trd, 4319515.793, 76
Trd, 4319516.443, 104
Trd, 4319517.293, 71
Trd, 4319518.343, 117
Trd, 4319519.793, 110
Trd, 4319520.593, 88
Trd, 4319522.443, 86
Trd, 4319522.893, 119
Trd, 4319523.093, 113
Trd, 4319523.193, 75
Trd, 4319527.393, 76
Trd, 4319528.193, 75
Trd, 4319528.993, 79
Trd, 4319529.593, 76
Trd, 4319532.193, 98
Trd, 4319532.843, 82
Trd, 4319533.443, 104
Trd, 4319533.693, 96
Trd, 4319535.043, 98
Trd, 4319538.893, 107
Trd, 4319539.143, 106
Trd, 4319540.593, 104
Trd, 4319541.443, 97
Trd, 4319542.293, 102
Trd, 4319542.643, 97
Trd, 4319544.393, 100
Trd, 4319544.443, 99
Trd, 4319547.593, 99
Trd, 4319549.043, 98
Trd, 4319549.443, 122
Trd, 4319549.943, 73
Trd, 4319553.343, 103
Trd, 4319554.043, 72
Trd, 4319555.893, 79
Trd, 4319557.293, 85
Trd, 4319557.843, 94
Trd, 4319558.743, 88
Trd, 4319559.093, 87
Trd, 4319560.143, 88
Trd, 4319561.543, 88
Trd, 4319563.543, 95
Trd, 4319564.143, 119
Trd, 4319564.443, 105
Trd, 4319564.693, 104
Trd, 4319566.943, 104
Trd, 4319566.993, 102
Trd, 4319568.243, 95
Trd, 4319569.193, 80
Trd, 4319569.843, 77
Trd, 4319573.143, 86
Trd, 4319574.893, 93
Trd, 4319576.343, 100
Trd, 4319576.893, 104
Trd, 4319577.893, 102
Trd, 4319579.293, 96
Trd, 4319580.493, 96
Trd, 4319582.043, 98
Trd, 4319582.643, 103
Trd, 4319582.993, 115
Trd, 4319585.993, 102
Trd, 4319587.293, 105
Trd, 4319587.893, 101
Trd, 4319588.093, 100
Trd, 4319588.343, 95
Trd, 4319588.643, 92
Trd, 4319592.193, 84
Trd, 4319592.243, 89
Trd, 4319594.143, 105
Trd, 4319595.093, 115
Trd, 4319596.093, 105
Trd, 4319596.143, 104
Trd, 4319599.243, 87
Trd, 4319600.943, 106
Trd, 4319603.443, 106
Trd, 4319603.893, 100
Trd, 4319605.043, 113
Trd, 4319605.593, 89
Trd, 4319606.293, 79
Trd, 4319608.093, 78
Trd, 4319610.093, 96
Trd, 4319610.593, 97
Trd, 4319611.143, 95
Trd, 4319613.593, 105
Trd, 4319615.443, 103
Trd, 4319617.093, 109
Trd, 4319617.843, 108
Trd, 4319618.243, 106
Trd, 4319618.843, 105
Trd, 4319619.243, 104
Trd, 4319621.043, 113
Trd, 4319621.543, 95
Trd, 4319623.193, 90
Trd, 4319624.743, 107
Trd, 4319627.293, 110
Trd, 4319628.143, 109
Trd, 4319628.193, 104
Trd, 4319629.243, 95
Trd, 4319631.093, 106
Trd, 4319631.643, 106
Trd, 4319632.043, 104
Trd, 4319632.193, 103
Trd, 4319636.293, 110
Trd, 4319636.393, 115
Trd, 4319637.343, 104
Trd, 4319637.643, 108
Trd, 4319638.093, 99
Trd, 4319638.543, 96
Trd, 4319640.193, 104
Trd, 4319641.293, 95
Trd, 4319642.693, 93
Trd, 4319642.993, 86
Trd, 4319644.693, 80
Trd, 4319645.543, 104
Trd, 4319645.993, 77
Trd, 4319646.043, 115
Trd, 4319649.643, 83
Trd, 4319649.743, 80
Trd, 4319652.543, 86
Trd, 4319652.943, 84
Trd, 4319654.693, 97
Trd, 4319655.993, 109
Trd, 4319657.043, 102
Trd, 4319658.093, 102
Trd, 4319658.643, 101
Trd, 4319659.243, 98
Trd, 4319659.643, 95
Trd, 4319663.243, 85
Trd, 4319664.243, 69
Trd, 4319666.243, 103
Trd, 4319666.543, 103
Trd, 4319667.043, 101
Trd, 4319668.693, 101
Trd, 4319669.143, 100
Trd, 4319669.693, 105
Trd, 4319671.393, 104
Trd, 4319671.493, 103
Trd, 4319674.393, 79
Trd, 4319674.943, 84
Trd, 4319679.193, 104
Trd, 4319679.243, 88
Trd, 4319680.193, 87
Trd, 4319680.343, 87
Trd, 4319682.643, 85
Trd, 4319682.793, 91
Trd, 4319683.593, 86
Trd, 4319685.843, 120
Trd, 4319687.393, 115
Trd, 4319687.793, 114
Trd, 4319689.443, 113
Trd, 4319691.493, 106
Trd, 4319693.593, 104
Trd, 4319694.143, 104
Trd, 4319695.543, 114
Trd, 4319695.743, 101
Trd, 4319700.193, 104
Trd, 4319700.593, 103
Trd, 4319701.293, 107
Trd, 4319703.193, 106
Trd, 4319704.093, 104
Trd, 4319704.293, 115
Trd, 4319705.393, 104
Trd, 4319706.393, 95
Trd, 4319706.843, 89
Trd, 4319708.343, 90
Trd, 4319709.293, 79
Trd, 4319710.493, 111
Trd, 4319710.893, 113
Trd, 4319711.093, 111
Trd, 4319712.543, 104
Trd, 4319713.243, 102
Trd, 4319713.343, 116
Trd, 4319715.093, 104
Trd, 4319718.093, 100
Trd, 4319718.243, 95
Trd, 4319718.643, 114
Trd, 4319720.343, 105
Trd, 4319720.543, 104
Trd, 4319723.293, 89
Trd, 4319723.543, 87
Trd, 4319723.843, 111
Trd, 4319725.693, 103
Trd, 4319728.493, 81
Trd, 4319728.943, 82
Trd, 4319730.193, 108
Trd, 4319731.493, 94
Trd, 4319732.393, 84
Trd, 4319733.793, 83
Trd, 4319735.643, 86
Trd, 4319736.093, 85
Trd, 4319736.493, 110
Trd, 4319738.293, 111
Trd, 4319738.493, 110
Trd, 4319741.093, 102
Trd, 4319742.143, 101
Trd, 4319742.793, 100
Trd, 4319743.493, 103
Trd, 4319744.593, 98
Trd, 4319746.393, 99
Trd, 4319748.993, 105
Trd, 4319749.143, 105
Trd, 4319751.243, 104
Trd, 4319751.393, 105
Trd, 4319751.893, 100
Trd, 4319753.043, 77
Trd, 4319753.943, 104
Trd, 4319756.143, 77
Trd, 4319757.743, 113
Trd, 4319758.793, 83
Trd, 4319759.293, 84
Trd, 4319761.193, 85
Trd, 4319761.743, 88
Trd, 4319762.793, 87
Trd, 4319763.643, 86
Trd, 4319764.443, 86
Trd, 4319765.643, 87
Trd, 4319768.743, 121
Trd, 4319768.793, 118
Trd, 4319769.143, 113
Trd, 4319769.443, 122
Trd, 4319769.843, 102
Trd, 4319770.693, 79
Trd, 4319773.293, 79
Trd, 4319773.543, 87
Trd, 4319773.643, 107
Trd, 4319775.243, 80
Trd, 4319776.643, 81
Trd, 4319777.693, 86
Trd, 4319778.043, 79
Trd, 4319779.243, 73
Trd, 4319780.043, 93
Trd, 4319782.193, 76
Trd, 4319783.093, 74
Trd, 4319783.493, 104
Trd, 4319785.993, 87
Trd, 4319786.093, 87
Trd, 4319789.443, 118
Trd, 4319789.493, 113
Trd, 4319790.143, 87
Trd, 4319790.443, 72
Trd, 4319792.193, 84
Trd, 4319793.493, 86
Trd, 4319795.743, 88
Trd, 4319796.093, 96
Trd, 4319796.543, 101
Trd, 4319797.343, 86
Trd, 4319798.643, 103
Trd, 4319799.093, 104
Trd, 4319803.743, 108
Trd, 4319803.793, 106
Trd, 4319804.993, 106
Trd, 4319805.593, 101
Trd, 4319806.093, 101
Trd, 4319807.193, 115
Trd, 4319809.593, 83
Trd, 4319810.543, 69
Trd, 4319811.443, 93
Trd, 4319814.743, 87
Trd, 4319814.843, 85
Trd, 4319815.343, 100
Trd, 4319816.043, 104
Trd, 4319817.143, 86
Trd, 4319817.493, 85
Trd, 4319819.493, 88
Trd, 4319820.643, 86
Trd, 4319822.343, 103
Trd, 4319822.593, 104
Trd, 4319823.593, 95
Trd, 4319826.643, 103
Trd, 4319827.743, 96
Trd, 4319828.593, 95
Trd, 4319830.093, 105
Trd, 4319830.593, 116
Trd, 4319831.193, 104
Trd, 4319833.243, 95
Trd, 4319833.543, 94
Trd, 4319835.793, 80
Trd, 4319836.493, 69
Trd, 4319836.643, 68
Trd, 4319837.893, 86
Trd, 4319837.993, 111
Trd, 4319841.293, 105
Trd, 4319842.193, 104
Trd, 4319842.243, 116
Trd, 4319844.843, 107
Trd, 4319845.093, 104
Trd, 4319845.693, 103
Trd, 4319846.043, 95
Trd, 4319849.143, 82
Trd, 4319851.493, 102
Trd, 4319852.393, 105
Trd, 4319852.443, 99
Trd, 4319853.793, 108
Trd, 4319854.643, 95
Trd, 4319857.343, 104
Trd, 4319857.843, 100
Trd, 4319858.093, 96
Trd, 4319858.993, 99
Trd, 4319861.843, 101
Trd, 4319861.893, 106
Trd, 4319862.743, 101
Trd, 4319863.143, 100
Trd, 4319864.743, 71
Trd, 4319865.993, 79
Trd, 4319867.793, 85
Trd, 4319869.643, 92
Trd, 4319871.643, 86
Trd, 4319872.343, 85
Trd, 4319872.993, 86
Trd, 4319873.893, 86
Trd, 4319874.843, 84
Trd, 4319875.293, 107
Trd, 4319876.393, 105
Trd, 4319878.393, 103
Trd, 4319878.493, 95
Trd, 4319880.293, 86
Trd, 4319881.043, 89
Trd, 4319882.943, 106
Trd, 4319882.993, 104
Trd, 4319883.393, 91
Trd, 4319884.793, 97
Trd, 4319887.443, 81
Trd, 4319887.543, 89
Trd, 4319889.893, 89
Trd, 4319891.643, 89
Trd, 4319892.093, 90
Trd, 4319893.243, 105
Trd, 4319894.193, 108
Trd, 4319894.493, 104
Trd, 4319895.593, 104
Trd, 4319897.943, 105
Trd, 4319898.643, 115
Trd, 4319899.493, 105
Trd, 4319899.543, 104
Trd, 4319900.843, 100
Trd, 4319902.643, 117
Trd, 4319903.193, 104
Trd, 4319903.643, 96
Trd, 4319903.843, 95
Trd, 4319905.643, 113
Trd, 4319907.493, 110
Trd, 4319908.393, 108
Trd, 4319908.943, 103
Trd, 4319909.593, 102
Trd, 4319910.693, 114
Trd, 4319911.193, 95
Trd, 4319913.593, 105
Trd, 4319913.643, 104
Trd, 4319915.243, 95
Trd, 4319916.693, 108
Trd, 4319918.443, 112
Trd, 4319921.793, 100
Trd, 4319922.193, 105
Trd, 4319923.193, 105
Trd, 4319925.143, 117
Trd, 4319926.293, 109
Trd, 4319928.993, 106
Trd, 4319929.343, 108
Trd, 4319929.893, 95
Trd, 4319931.743, 111
Trd, 4319932.543, 104
Trd, 4319933.193, 103
Trd, 4319933.793, 95
Trd, 4319936.193, 94
Trd, 4319938.343, 95
Trd, 4319938.393, 107
Trd, 4319939.893, 95
Trd, 4319941.393, 97
Trd, 4319942.193, 105
Trd, 4319942.743, 105
Trd, 4319942.793, 104
Trd, 4319944.143, 105
Trd, 4319944.493, 75
Trd, 4319946.643, 77
Trd, 4319948.193, 78
Trd, 4319949.993, 91
Trd, 4319951.893, 81
Trd, 4319952.393, 82
Trd, 4319952.943, 104
Trd, 4319953.243, 82
Trd, 4319957.493, 108
Trd, 4319958.043, 104
Trd, 4319958.393, 103
Trd, 4319958.743, 114
Trd, 4319960.743, 79
Trd, 4319960.993, 89
Trd, 4319962.643, 74
Trd, 4319963.293, 92
Trd, 4319964.243, 80
Trd, 4319965.443, 83
Trd, 4319966.843, 86
Trd, 4319968.543, 91
Trd, 4319969.393, 114
Trd, 4319970.743, 104
Trd, 4319970.893, 103
Trd, 4319972.643, 69
Trd, 4319973.193, 98
Trd, 4319974.543, 107
Trd, 4319976.593, 109
Trd, 4319977.743, 114
Trd, 4319978.143, 113
Trd, 4319979.843, 111
Trd, 4319981.043, 104
Trd, 4319981.893, 102
Trd, 4319982.643, 96
Trd, 4319984.343, 96
Trd, 4319984.743, 95
Trd, 4319986.293, 91
Trd, 4319990.093, 91
Trd, 4319991.443, 107
Trd, 4319991.493, 105
Trd, 4319991.793, 105
Trd, 4319992.093, 118
Trd, 4319994.093, 67
Trd, 4319995.693, 103
Trd, 4319997.243, 77
Trd, 4319998.543, 79
Trd, 4319999.193, 80
