Trd, 4317850.143, 112
Trd, 4317850.193, 114
Trd, 4317851.743, 91
Trd, 4317857.293, 99
Trd, 4317858.393, 110
Trd, 4317859.293, 102
Trd, 4317859.443, 98
Trd, 4317859.893, 94
Trd, 4317860.693, 109
Trd, 4317864.243, 111
Trd, 4317864.993, 123
Trd, 4317865.243, 122
Trd, 4317867.993, 108
Trd, 4317868.093, 104
Trd, 4317868.493, 112
Trd, 4317870.593, 90
Trd, 4317871.293, 106
Trd, 4317871.893, 93
Trd, 4317873.243, 87
Trd, 4317875.193, 106
Trd, 4317875.293, 113
Trd, 4317875.893, 90
Trd, 4317877.493, 115
Trd, 4317877.693, 95
Trd, 4317879.943, 101
Trd, 4317880.143, 113
Trd, 4317881.443, 122
Trd, 4317881.893, 103
Trd, 4317883.243, 100
Trd, 4317885.243, 114
Trd, 4317887.993, 110
Trd, 4317888.293, 109
Trd, 4317889.143, 117
Trd, 4317892.443, 109
Trd, 4317893.143, 116
Trd, 4317893.743, 120
Trd, 4317894.093, 110
Trd, 4317895.293, 104
Trd, 4317897.043, 115
Trd, 4317897.193, 120
Trd, 4317898.293, 97
Trd, 4317900.843, 94
Trd, 4317900.943, 93
Trd, 4317900.993, 100
Trd, 4317903.043, 120
Trd, 4317906.893, 92
Trd, 4317907.043, 100
Trd, 4317909.693, 95
Trd, 4317909.793, 94
Trd, 4317909.943, 121
Trd, 4317914.343, 113
Trd, 4317916.593, 107
Trd, 4317917.143, 107
Trd, 4317919.043, 92
Trd, 4317920.143, 113
Trd, 4317923.543, 101
Trd, 4317924.493, 112
Trd, 4317926.593, 114
Trd, 4317927.193, 120
Trd, 4317928.993, 110
Trd, 4317931.343, 114
Trd, 4317932.393, 95
Trd, 4317933.143, 118
Trd, 4317934.543, 93
Trd, 4317934.993, 113
Trd, 4317936.393, 118
Trd, 4317939.293, 119
Trd, 4317940.293, 106
Trd, 4317941.493, 97
Trd, 4317942.043, 96
Trd, 4317942.693, 95
Trd, 4317943.893, 97
Trd, 4317944.443, 88
Trd, 4317944.993, 117
Trd, 4317946.643, 117
Trd, 4317946.743, 127
Trd, 4317949.793, 97
Trd, 4317950.543, 96
Trd, 4317951.493, 115
Trd, 4317951.543, 89
Trd, 4317951.793, 87
Trd, 4317954.393, 116
Trd, 4317959.343, 102
Trd, 4317959.593, 113
Trd, 4317959.943, 102
Trd, 4317960.393, 105
Trd, 4317961.343, 96
Trd, 4317964.493, 98
Trd, 4317964.893, 109
Trd, 4317967.043, 96
Trd, 4317967.293, 107
Trd, 4317967.793, 95
Trd, 4317970.543, 113
Trd, 4317972.893, 104
Trd, 4317974.193, 104
Trd, 4317975.493, 116
Trd, 4317976.393, 105
Trd, 4317976.793, 104
Trd, 4317976.993, 107
Trd, 4317978.093, 122
Trd, 4317982.243, 97
Trd, 4317983.443, 97
Trd, 4317984.143, 95
Trd, 4317984.543, 117
Trd, 4317984.843, 122
Trd, 4317986.143, 88
Trd, 4317986.693, 87
Trd, 4317986.943, 122
Trd, 4317991.393, 110
Trd, 4317994.343, 104
Trd, 4317994.543, 104
Trd, 4317996.393, 105
Trd, 4317996.543, 109
Trd, 4317997.293, 104
Trd, 4317999.593, 109
Trd, 4318000.443, 118
Trd, 4318003.493, 110
Trd, 4318006.343, 109
Trd, 4318006.643, 107
Trd, 4318007.143, 117
Trd, 4318008.193, 106
Trd, 4318009.093, 120
Trd, 4318010.243, 122
Trd, 4318010.443, 124
Trd, 4318010.643, 113
Trd, 4318012.143, 104
Trd, 4318012.243, 95
Trd, 4318013.343, 115
Trd, 4318017.543, 96
Trd, 4318018.293, 112
Trd, 4318019.043, 122
Trd, 4318019.543, 122
Trd, 4318020.493, 114
Trd, 4318022.843, 99
Trd, 4318023.993, 113
Trd, 4318025.843, 105
Trd, 4318026.043, 104
Trd, 4318026.293, 118
Trd, 4318029.243, 102
Trd, 4318029.693, 114
Trd, 4318030.593, 122
Trd, 4318034.693, 103
Trd, 4318035.843, 120
Trd, 4318036.443, 102
Trd, 4318036.593, 101
Trd, 4318037.343, 117
Trd, 4318039.443, 126
Trd, 4318039.843, 122
Trd, 4318040.543, 88
Trd, 4318042.893, 97
Trd, 4318043.943, 114
Trd, 4318044.293, 99
Trd, 4318044.693, 90
Trd, 4318047.743, 122
Trd, 4318048.593, 106
Trd, 4318049.043, 113
Trd, 4318050.593, 106
Trd, 4318051.093, 112
Trd, 4318053.693, 99
Trd, 4318054.793, 107
Trd, 4318054.993, 110
Trd, 4318055.093, 100
Trd, 4318056.543, 99
Trd, 4318057.693, 97
Trd, 4318058.193, 109
Trd, 4318060.443, 97
Trd, 4318061.943, 100
Trd, 4318064.593, 98
Trd, 4318065.143, 114
Trd, 4318066.043, 101
Trd, 4318067.993, 113
Trd, 4318069.443, 103
Trd, 4318072.593, 118
Trd, 4318072.793, 96
Trd, 4318075.193, 93
Trd, 4318075.443, 107
Trd, 4318077.143, 109
Trd, 4318082.443, 102
Trd, 4318083.043, 102
Trd, 4318083.393, 102
Trd, 4318083.443, 115
Trd, 4318084.793, 122
Trd, 4318087.293, 116
Trd, 4318088.293, 122
Trd, 4318088.393, 101
Trd, 4318089.593, 98
Trd, 4318089.893, 96
Trd, 4318090.843, 117
Trd, 4318093.043, 100
Trd, 4318095.693, 113
Trd, 4318097.643, 106
Trd, 4318097.943, 122
Trd, 4318099.443, 96
Trd, 4318100.043, 96
Trd, 4318100.943, 96
Trd, 4318101.943, 91
Trd, 4318103.693, 93
Trd, 4318104.743, 95
Trd, 4318107.543, 109
Trd, 4318107.793, 98
Trd, 4318110.193, 101
Trd, 4318110.793, 100
Trd, 4318112.043, 110
Trd, 4318113.593, 114
Trd, 4318115.443, 119
Trd, 4318118.343, 105
Trd, 4318119.443, 115
Trd, 4318121.743, 116
Trd, 4318122.193, 103
Trd, 4318123.043, 117
Trd, 4318123.443, 102
Trd, 4318126.393, 103
Trd, 4318127.243, 114
Trd, 4318129.593, 105
Trd, 4318129.743, 111
Trd, 4318131.693, 95
Trd, 4318132.643, 86
Trd, 4318134.643, 97
Trd, 4318135.143, 99
Trd, 4318136.993, 118
Trd, 4318139.693, 94
Trd, 4318142.293, 99
Trd, 4318142.743, 106
Trd, 4318143.943, 108
Trd, 4318145.043, 110
Trd, 4318146.543, 102
Trd, 4318147.493, 102
Trd, 4318148.593, 113
Trd, 4318150.143, 112
Trd, 4318153.143, 99
Trd, 4318153.543, 112
Trd, 4318156.393, 112
Trd, 4318157.293, 122
Trd, 4318158.193, 106
Trd, 4318158.243, 105
Trd, 4318160.243, 97
Trd, 4318160.743, 108
Trd, 4318163.343, 116
Trd, 4318164.993, 99
Trd, 4318165.443, 124
Trd, 4318166.993, 101
Trd, 4318169.343, 116
Trd, 4318171.293, 99
Trd, 4318171.943, 103
Trd, 4318175.143, 91
Trd, 4318175.193, 109
Trd, 4318176.243, 107
Trd, 4318176.493, 92
Trd, 4318178.543, 113
Trd, 4318181.193, 112
Trd, 4318185.543, 119
Trd, 4318185.643, 107
Trd, 4318187.393, 120
Trd, 4318188.543, 122
Trd, 4318188.993, 122
Trd, 4318189.343, 108
Trd, 4318191.343, 99
Trd, 4318193.893, 115
Trd, 4318197.193, 124
Trd, 4318197.693, 120
Trd, 4318199.843, 121
Trd, 4318200.743, 113
Trd, 4318204.593, 120
Trd, 4318204.993, 115
Trd, 4318206.543, 113
Trd, 4318207.693, 118
Trd, 4318208.743, 118
Trd, 4318209.843, 108
Trd, 4318210.043, 115
Trd, 4318210.943, 107
Trd, 4318212.543, 113
Trd, 4318213.843, 105
Trd, 4318215.243, 118
Trd, 4318216.693, 109
Trd, 4318219.893, 111
Trd, 4318220.743, 108
Trd, 4318221.893, 107
Trd, 4318222.443, 109
Trd, 4318222.843, 110
Trd, 4318223.993, 113
Trd, 4318225.093, 120
Trd, 4318227.443, 106
Trd, 4318228.193, 102
Trd, 4318228.393, 108
Trd, 4318228.693, 123
Trd, 4318229.693, 88
Trd, 4318232.043, 92
Trd, 4318232.993, 107
Trd, 4318236.193, 110
Trd, 4318236.743, 105
Trd, 4318239.443, 114
Trd, 4318239.593, 104
Trd, 4318239.643, 118
Trd, 4318241.593, 106
Trd, 4318243.643, 104
Trd, 4318245.043, 115
Trd, 4318245.743, 121
Trd, 4318247.343, 105
Trd, 4318249.493, 105
Trd, 4318252.693, 109
Trd, 4318252.943, 113
Trd, 4318253.093, 115
Trd, 4318253.293, 104
Trd, 4318253.493, 95
Trd, 4318253.743, 86
Trd, 4318257.793, 83
Trd, 4318259.743, 87
Trd, 4318259.793, 88
Trd, 4318262.793, 111
Trd, 4318263.093, 112
Trd, 4318265.493, 122
Trd, 4318265.593, 122
Trd, 4318267.743, 114
Trd, 4318269.593, 113
Trd, 4318269.793, 104
Trd, 4318271.643, 98
Trd, 4318271.943, 119
Trd, 4318272.193, 122
Trd, 4318274.643, 101
Trd, 4318275.543, 101
Trd, 4318276.343, 114
Trd, 4318277.293, 112
Trd, 4318279.043, 112
Trd, 4318281.993, 113
Trd, 4318283.093, 107
Trd, 4318285.043, 107
Trd, 4318286.993, 110
Trd, 4318288.343, 109
Trd, 4318288.543, 111
Trd, 4318292.443, 96
Trd, 4318292.643, 116
Trd, 4318292.793, 95
Trd, 4318293.043, 122
Trd, 4318294.093, 91
Trd, 4318296.343, 122
Trd, 4318301.443, 112
Trd, 4318301.943, 112
Trd, 4318302.543, 92
Trd, 4318302.843, 90
Trd, 4318302.943, 116
Trd, 4318305.343, 93
Trd, 4318306.893, 120
Trd, 4318308.243, 86
Trd, 4318310.993, 113
Trd, 4318313.643, 109
Trd, 4318314.643, 113
Trd, 4318315.593, 97
Trd, 4318318.643, 102
Trd, 4318321.843, 105
Trd, 4318322.793, 80
Trd, 4318323.693, 105
Trd, 4318323.793, 81
Trd, 4318325.143, 108
Trd, 4318327.443, 95
Trd, 4318327.493, 106
Trd, 4318327.743, 93
Trd, 4318328.993, 113
Trd, 4318332.093, 122
Trd, 4318335.843, 110
Trd, 4318336.193, 101
Trd, 4318336.993, 110
Trd, 4318340.093, 110
Trd, 4318341.193, 105
Trd, 4318341.343, 104
Trd, 4318341.393, 114
Trd, 4318344.593, 117
Trd, 4318348.293, 121
Trd, 4318348.743, 107
Trd, 4318349.043, 104
Trd, 4318351.043, 113
Trd, 4318352.043, 113
Trd, 4318353.993, 114
Trd, 4318354.143, 105
Trd, 4318356.093, 104
Trd, 4318356.443, 114
Trd, 4318361.443, 97
Trd, 4318361.793, 98
Trd, 4318362.893, 101
Trd, 4318363.393, 110
Trd, 4318363.693, 102
Trd, 4318364.143, 97
Trd, 4318364.293, 95
Trd, 4318366.293, 114
Trd, 4318369.643, 98
Trd, 4318369.943, 94
Trd, 4318371.043, 113
Trd, 4318371.093, 97
Trd, 4318374.793, 122
Trd, 4318374.993, 120
Trd, 4318375.793, 120
Trd, 4318376.293, 96
Trd, 4318379.443, 112
Trd, 4318379.943, 101
Trd, 4318382.093, 112
Trd, 4318382.993, 101
Trd, 4318384.793, 119
Trd, 4318385.343, 104
Trd, 4318385.843, 117
Trd, 4318387.843, 95
Trd, 4318388.093, 112
Trd, 4318390.143, 112
Trd, 4318394.043, 102
Trd, 4318394.643, 99
Trd, 4318395.943, 111
Trd, 4318397.493, 104
Trd, 4318397.743, 111
Trd, 4318399.443, 95
Trd, 4318399.993, 87
Trd, 4318402.843, 112
Trd, 4318403.143, 112
Trd, 4318404.543, 100
Trd, 4318404.693, 96
Trd, 4318407.243, 104
Trd, 4318408.043, 119
Trd, 4318410.093, 117
Trd, 4318410.793, 118
Trd, 4318411.093, 112
Trd, 4318413.943, 106
Trd, 4318415.393, 95
Trd, 4318415.743, 119
Trd, 4318416.943, 112
Trd, 4318419.093, 96
Trd, 4318420.843, 105
Trd, 4318420.893, 113
Trd, 4318421.993, 101
Trd, 4318426.293, 102
Trd, 4318426.743, 118
Trd, 4318427.393, 122
Trd, 4318428.993, 96
Trd, 4318431.943, 104
Trd, 4318432.393, 105
Trd, 4318433.143, 104
Trd, 4318435.993, 112
Trd, 4318438.793, 100
Trd, 4318439.543, 95
Trd, 4318440.493, 104
Trd, 4318440.793, 113
Trd, 4318441.193, 75
Trd, 4318443.243, 110
Trd, 4318445.443, 91
Trd, 4318445.643, 114
Trd, 4318445.793, 91
Trd, 4318445.843, 129
Trd, 4318449.243, 77
Trd, 4318452.493, 104
Trd, 4318454.443, 111
Trd, 4318455.143, 92
Trd, 4318458.743, 118
Trd, 4318460.243, 125
Trd, 4318462.593, 106
Trd, 4318462.993, 105
Trd, 4318463.743, 105
Trd, 4318463.893, 104
Trd, 4318465.393, 103
Trd, 4318467.843, 113
Trd, 4318468.243, 114
Trd, 4318470.493, 94
Trd, 4318470.543, 120
Trd, 4318471.343, 113
Trd, 4318475.143, 101
Trd, 4318475.343, 100
Trd, 4318477.793, 99
Trd, 4318478.743, 103
Trd, 4318479.043, 109
Trd, 4318481.093, 98
Trd, 4318482.343, 107
Trd, 4318484.693, 110
Trd, 4318485.543, 102
Trd, 4318488.343, 107
Trd, 4318488.743, 108
Trd, 4318489.643, 110
Trd, 4318490.393, 104
Trd, 4318492.893, 101
Trd, 4318492.943, 100
Trd, 4318493.093, 115
Trd, 4318494.593, 114
Trd, 4318495.343, 98
Trd, 4318497.943, 117
Trd, 4318499.193, 95
Trd, 4318500.393, 119
Trd, 4318502.443, 94
Trd, 4318502.993, 103
Trd, 4318504.043, 118
Trd, 4318505.243, 102
Trd, 4318506.693, 98
Trd, 4318507.443, 109
Trd, 4318511.393, 117
Trd, 4318511.743, 100
Trd, 4318513.993, 115
Trd, 4318514.443, 99
Trd, 4318516.443, 122
Trd, 4318516.893, 104
Trd, 4318517.293, 123
Trd, 4318519.293, 120
Trd, 4318522.293, 106
Trd, 4318522.793, 107
Trd, 4318522.993, 104
Trd, 4318523.343, 111
Trd, 4318523.443, 114
Trd, 4318527.543, 107
Trd, 4318527.743, 100
Trd, 4318528.943, 107
Trd, 4318529.643, 98
Trd, 4318534.643, 109
Trd, 4318536.143, 114
Trd, 4318537.593, 109
Trd, 4318538.093, 108
Trd, 4318538.443, 104
Trd, 4318540.093, 106
Trd, 4318541.943, 109
Trd, 4318543.293, 114
Trd, 4318544.193, 108
Trd, 4318546.393, 119
Trd, 4318547.543, 87
Trd, 4318548.393, 122
Trd, 4318549.693, 132
Trd, 4318552.343, 97
Trd, 4318553.143, 117
Trd, 4318554.593, 96
Trd, 4318556.393, 109
Trd, 4318558.293, 99
Trd, 4318558.643, 108
Trd, 4318561.593, 112
Trd, 4318562.743, 106
Trd, 4318565.543, 115
Trd, 4318565.943, 110
Trd, 4318566.193, 129
Trd, 4318566.693, 104
Trd, 4318570.893, 100
Trd, 4318571.493, 101
Trd, 4318572.193, 105
Trd, 4318572.793, 116
Trd, 4318572.993, 95
Trd, 4318575.143, 66
Trd, 4318576.043, 98
Trd, 4318577.893, 96
Trd, 4318579.243, 104
Trd, 4318582.593, 98
Trd, 4318583.193, 102
Trd, 4318584.443, 101
Trd, 4318586.393, 95
Trd, 4318586.743, 111
Trd, 4318586.993, 114
Trd, 4318589.093, 125
Trd, 4318592.493, 103
Trd, 4318593.243, 103
Trd, 4318593.643, 101
Trd, 4318595.893, 104
Trd, 4318595.993, 102
Trd, 4318596.743, 95
Trd, 4318599.793, 103
Trd, 4318600.993, 94
Trd, 4318602.593, 97
Trd, 4318602.993, 114
Trd, 4318603.943, 119
Trd, 4318604.493, 87
Trd, 4318604.793, 118
Trd, 4318608.993, 113
Trd, 4318613.493, 95
Trd, 4318614.693, 112
Trd, 4318614.743, 113
Trd, 4318616.393, 99
Trd, 4318618.093, 104
Trd, 4318618.993, 99
Trd, 4318620.993, 109
Trd, 4318622.643, 116
Trd, 4318625.193, 109
Trd, 4318625.593, 104
Trd, 4318627.093, 113
Trd, 4318628.143, 122
Trd, 4318630.143, 118
Trd, 4318632.393, 115
Trd, 4318634.143, 114
Trd, 4318636.343, 117
Trd, 4318636.543, 113
Trd, 4318637.143, 112
Trd, 4318638.793, 106
Trd, 4318638.893, 104
Trd, 4318639.793, 117
Trd, 4318640.643, 120
Trd, 4318641.543, 97
Trd, 4318645.543, 98
Trd, 4318645.743, 103
Trd, 4318645.993, 97
Trd, 4318647.993, 114
Trd, 4318651.743, 102
Trd, 4318652.543, 99
Trd, 4318652.693, 109
Trd, 4318654.643, 98
Trd, 4318655.493, 108
Trd, 4318656.493, 72
Trd, 4318657.393, 108
Trd, 4318659.993, 108
Trd, 4318660.143, 120
Trd, 4318664.343, 92
Trd, 4318664.493, 92
Trd, 4318664.793, 104
Trd, 4318665.093, 91
Trd, 4318666.643, 94
Trd, 4318668.293, 98
Trd, 4318671.243, 97
Trd, 4318672.843, 97
Trd, 4318673.343, 105
Trd, 4318673.643, 114
Trd, 4318674.693, 99
Trd, 4318677.093, 121
Trd, 4318680.143, 99
Trd, 4318680.543, 103
Trd, 4318681.943, 103
Trd, 4318682.793, 114
Trd, 4318684.793, 128
Trd, 4318686.843, 123
Trd, 4318688.193, 121
Trd, 4318690.793, 116
Trd, 4318691.293, 117
Trd, 4318692.143, 104
Trd, 4318695.743, 111
Trd, 4318696.743, 108
Trd, 4318696.943, 113
Trd, 4318698.193, 110
Trd, 4318702.693, 114
Trd, 4318703.943, 116
Trd, 4318704.143, 108
Trd, 4318705.143, 104
Trd, 4318706.293, 117
Trd, 4318707.743, 121
Trd, 4318709.693, 86
Trd, 4318713.893, 110
Trd, 4318715.043, 111
Trd, 4318715.443, 103
Trd, 4318716.243, 103
Trd, 4318717.893, 114
Trd, 4318720.043, 114
Trd, 4318720.593, 103
Trd, 4318722.093, 103
Trd, 4318725.893, 114
Trd, 4318726.393, 113
Trd, 4318727.343, 96
Trd, 4318727.993, 124
Trd, 4318730.643, 115
Trd, 4318731.643, 109
Trd, 4318732.743, 110
Trd, 4318733.743, 105
Trd, 4318734.593, 104
Trd, 4318734.693, 111
Trd, 4318735.243, 112
Trd, 4318739.793, 106
Trd, 4318741.593, 95
Trd, 4318742.293, 105
Trd, 4318742.543, 106
Trd, 4318745.093, 107
Trd, 4318745.793, 105
Trd, 4318746.343, 107
Trd, 4318747.393, 115
Trd, 4318747.493, 104
Trd, 4318748.393, 97
Trd, 4318751.843, 113
Trd, 4318753.643, 111
Trd, 4318754.693, 107
Trd, 4318755.043, 113
Trd, 4318759.193, 122
Trd, 4318761.243, 121
Trd, 4318763.093, 114
Trd, 4318763.243, 113
Trd, 4318765.243, 112
Trd, 4318765.293, 116
Trd, 4318766.143, 108
Trd, 4318769.143, 111
Trd, 4318769.693, 97
Trd, 4318771.393, 119
Trd, 4318772.993, 104
Trd, 4318773.043, 104
Trd, 4318774.193, 121
Trd, 4318774.593, 92
Trd, 4318776.693, 123
Trd, 4318777.643, 96
Trd, 4318780.493, 119
Trd, 4318782.193, 109
Trd, 4318785.043, 104
Trd, 4318786.793, 106
Trd, 4318787.693, 106
Trd, 4318788.143, 112
Trd, 4318789.343, 74
Trd, 4318791.843, 112
Trd, 4318792.543, 114
Trd, 4318793.843, 117
Trd, 4318795.043, 89
Trd, 4318795.193, 88
Trd, 4318796.243, 88
Trd, 4318797.243, 90
Trd, 4318798.743, 114
Trd, 4318799.493, 122
Trd, 4318800.893, 93
Trd, 4318803.343, 110
Trd, 4318804.893, 104
Trd, 4318806.643, 105
Trd, 4318807.743, 114
Trd, 4318808.343, 104
Trd, 4318808.493, 103
Trd, 4318810.593, 122
Trd, 4318813.593, 111
Trd, 4318815.243, 107
Trd, 4318817.143, 112
Trd, 4318820.043, 106
Trd, 4318821.243, 111
Trd, 4318821.643, 116
Trd, 4318822.443, 108
Trd, 4318822.593, 123
Trd, 4318824.193, 96
Trd, 4318824.993, 114
Trd, 4318828.493, 106
Trd, 4318829.393, 110
Trd, 4318829.793, 101
Trd, 4318830.493, 100
Trd, 4318833.843, 106
Trd, 4318835.043, 106
Trd, 4318835.093, 83
Trd, 4318837.043, 89
Trd, 4318839.193, 112
Trd, 4318840.743, 115
Trd, 4318842.743, 113
Trd, 4318844.293, 111
Trd, 4318844.893, 105
Trd, 4318845.343, 105
Trd, 4318846.493, 122
Trd, 4318847.893, 107
Trd, 4318848.293, 116
Trd, 4318849.093, 104
Trd, 4318849.843, 123
Trd, 4318849.943, 95
Trd, 4318853.543, 95
Trd, 4318855.343, 96
Trd, 4318857.543, 104
Trd, 4318857.793, 102
Trd, 4318858.393, 99
Trd, 4318859.543, 114
Trd, 4318860.493, 115
Trd, 4318860.943, 98
Trd, 4318863.593, 121
Trd, 4318864.443, 117
Trd, 4318865.543, 103
Trd, 4318867.443, 105
Trd, 4318868.893, 116
Trd, 4318869.793, 98
Trd, 4318872.793, 106
Trd, 4318873.043, 105
Trd, 4318874.343, 105
Trd, 4318876.643, 104
Trd, 4318876.993, 114
Trd, 4318878.493, 116
Trd, 4318878.943, 124
Trd, 4318880.643, 119
Trd, 4318883.693, 115
Trd, 4318884.843, 113
Trd, 4318887.593, 108
Trd, 4318888.643, 127
Trd, 4318890.193, 111
Trd, 4318890.693, 108
Trd, 4318891.543, 120
Trd, 4318892.993, 116
Trd, 4318894.893, 100
Trd, 4318895.093, 126
Trd, 4318897.293, 119
Trd, 4318900.593, 112
Trd, 4318901.093, 110
Trd, 4318901.743, 118
Trd, 4318902.743, 106
Trd, 4318904.043, 122
Trd, 4318905.493, 105
Trd, 4318908.193, 105
Trd, 4318908.843, 103
Trd, 4318909.293, 116
Trd, 4318911.443, 113
Trd, 4318912.193, 108
Trd, 4318912.593, 108
Trd, 4318917.343, 105
Trd, 4318918.443, 116
Trd, 4318919.843, 105
Trd, 4318920.093, 106
Trd, 4318920.893, 123
Trd, 4318920.943, 107
Trd, 4318923.043, 112
Trd, 4318924.343, 108
Trd, 4318926.043, 98
Trd, 4318926.343, 113
Trd, 4318928.293, 124
Trd, 4318931.943, 106
Trd, 4318932.543, 104
Trd, 4318933.543, 110
Trd, 4318934.443, 104
Trd, 4318934.643, 117
Trd, 4318936.493, 105
Trd, 4318937.393, 123
Trd, 4318939.093, 114
Trd, 4318940.093, 104
Trd, 4318941.543, 98
Trd, 4318941.643, 101
Trd, 4318942.043, 101
Trd, 4318944.443, 108
Trd, 4318946.193, 107
Trd, 4318946.493, 95
Trd, 4318948.043, 103
Trd, 4318950.443, 102
Trd, 4318950.843, 100
Trd, 4318951.243, 99
Trd, 4318951.943, 113
Trd, 4318956.193, 106
Trd, 4318956.493, 105
Trd, 4318956.943, 118
Trd, 4318960.493, 100
Trd, 4318960.693, 111
Trd, 4318962.343, 119
Trd, 4318962.893, 104
Trd, 4318963.193, 120
Trd, 4318963.843, 95
Trd, 4318966.693, 90
Trd, 4318967.993, 110
Trd, 4318968.693, 88
Trd, 4318973.093, 100
Trd, 4318973.493, 110
Trd, 4318974.543, 102
Trd, 4318977.243, 110
Trd, 4318977.443, 114
Trd, 4318979.343, 114
Trd, 4318980.493, 99
Trd, 4318981.193, 119
Trd, 4318981.393, 96
Trd, 4318984.993, 103
Trd, 4318985.543, 105
Trd, 4318986.043, 106
Trd, 4318988.043, 105
Trd, 4318988.543, 108
Trd, 4318990.293, 99
Trd, 4318993.093, 106
Trd, 4318993.193, 103
Trd, 4318995.193, 111
Trd, 4318997.443, 100
Trd, 4318999.243, 103
Trd, 4319000.943, 107
Trd, 4319002.893, 113
Trd, 4319003.393, 120
Trd, 4319004.493, 93
Trd, 4319006.593, 122
Trd, 4319007.443, 99
Trd, 4319009.543, 96
Trd, 4319010.243, 117
Trd, 4319011.693, 99
Trd, 4319014.893, 113
Trd, 4319015.543, 104
Trd, 4319016.143, 118
Trd, 4319016.743, 121
Trd, 4319017.993, 120
Trd, 4319020.243, 103
Trd, 4319021.593, 117
Trd, 4319023.293, 107
Trd, 4319023.343, 117
Trd, 4319023.693, 114
Trd, 4319026.593, 108
Trd, 4319027.943, 108
Trd, 4319028.993, 107
Trd, 4319029.693, 116
Trd, 4319030.393, 71
Trd, 4319031.643, 121
Trd, 4319033.543, 96
Trd, 4319035.443, 118
Trd, 4319036.893, 89
Trd, 4319037.293, 89
Trd, 4319039.143, 88
Trd, 4319040.143, 118
Trd, 4319040.443, 90
Trd, 4319041.343, 121
Trd, 4319042.693, 140
Trd, 4319044.243, 122
Trd, 4319046.043, 113
Trd, 4319046.543, 104
Trd, 4319048.843, 100
Trd, 4319049.443, 97
Trd, 4319051.493, 113
Trd, 4319052.893, 122
Trd, 4319053.893, 118
Trd, 4319057.093, 96
Trd, 4319059.093, 95
Trd, 4319059.393, 87
Trd, 4319060.093, 103
Trd, 4319061.493, 103
Trd, 4319062.693, 113
Trd, 4319064.693, 122
Trd, 4319066.443, 100
Trd, 4319068.893, 107
Trd, 4319069.893, 103
Trd, 4319070.693, 89
Trd, 4319072.743, 115
Trd, 4319073.293, 88
Trd, 4319075.193, 95
Trd, 4319075.893, 96
Trd, 4319077.343, 113
Trd, 4319079.743, 97
Trd, 4319080.843, 104
Trd, 4319081.143, 114
Trd, 4319082.893, 99
Trd, 4319085.943, 101
Trd, 4319087.393, 101
Trd, 4319088.743, 97
Trd, 4319089.243, 114
Trd, 4319091.293, 101
Trd, 4319093.943, 109
Trd, 4319095.443, 109
Trd, 4319096.093, 120
Trd, 4319097.643, 119
Trd, 4319101.243, 113
Trd, 4319102.243, 121
Trd, 4319102.393, 97
Trd, 4319103.593, 96
Trd, 4319103.693, 121
Trd, 4319105.893, 120
Trd, 4319107.193, 119
Trd, 4319109.743, 107
Trd, 4319111.243, 114
Trd, 4319113.393, 109
Trd, 4319113.743, 113
Trd, 4319116.443, 117
Trd, 4319116.793, 101
Trd, 4319120.043, 107
Trd, 4319120.493, 106
Trd, 4319120.743, 105
Trd, 4319122.993, 121
Trd, 4319124.993, 106
Trd, 4319127.243, 113
Trd, 4319127.743, 121
Trd, 4319128.293, 105
Trd, 4319128.493, 95
Trd, 4319131.693, 81
Trd, 4319133.493, 85
Trd, 4319133.593, 114
Trd, 4319134.143, 85
Trd, 4319135.643, 115
Trd, 4319136.343, 116
Trd, 4319139.493, 102
Trd, 4319139.593, 102
Trd, 4319140.293, 101
Trd, 4319141.043, 113
Trd, 4319141.843, 100
Trd, 4319144.843, 96
Trd, 4319147.693, 103
Trd, 4319148.143, 100
Trd, 4319148.793, 112
Trd, 4319149.143, 113
Trd, 4319151.893, 106
Trd, 4319153.193, 121
Trd, 4319154.193, 118
Trd, 4319154.443, 107
Trd, 4319154.893, 96
Trd, 4319155.543, 96
Trd, 4319158.593, 110
Trd, 4319159.993, 107
Trd, 4319160.043, 95
Trd, 4319162.193, 104
Trd, 4319162.743, 112
Trd, 4319164.243, 101
Trd, 4319164.693, 100
Trd, 4319166.393, 114
Trd, 4319166.543, 114
Trd, 4319167.693, 97
Trd, 4319170.343, 99
Trd, 4319174.593, 114
Trd, 4319175.093, 115
Trd, 4319175.243, 115
Trd, 4319177.143, 114
Trd, 4319179.443, 106
Trd, 4319180.193, 105
Trd, 4319181.293, 105
Trd, 4319181.743, 106
Trd, 4319183.593, 115
Trd, 4319183.943, 106
Trd, 4319188.143, 108
Trd, 4319188.843, 110
Trd, 4319188.993, 116
Trd, 4319190.343, 122
Trd, 4319192.043, 113
Trd, 4319193.393, 95
Trd, 4319193.643, 119
Trd, 4319196.843, 98
Trd, 4319197.243, 97
Trd, 4319198.293, 95
Trd, 4319200.443, 99
Trd, 4319201.043, 100
Trd, 4319202.143, 75
Trd, 4319203.343, 116
Trd, 4319203.593, 123
Trd, 4319207.093, 88
Trd, 4319209.593, 103
Trd, 4319211.193, 121
Trd, 4319212.393, 101
Trd, 4319213.243, 121
Trd, 4319213.893, 122
Trd, 4319214.043, 95
Trd, 4319216.593, 96
Trd, 4319219.043, 107
Trd, 4319219.543, 102
Trd, 4319220.093, 107
Trd, 4319220.693, 117
Trd, 4319224.493, 105
Trd, 4319225.093, 104
Trd, 4319225.943, 108
Trd, 4319226.543, 109
Trd, 4319231.093, 109
Trd, 4319231.843, 110
Trd, 4319233.143, 111
Trd, 4319234.743, 113
Trd, 4319235.493, 119
Trd, 4319237.193, 104
Trd, 4319238.893, 131
Trd, 4319240.243, 97
Trd, 4319240.343, 111
Trd, 4319241.443, 113
Trd, 4319242.193, 100
Trd, 4319246.143, 108
Trd, 4319246.393, 107
Trd, 4319247.393, 114
Trd, 4319249.793, 123
Trd, 4319250.393, 121
Trd, 4319250.993, 106
Trd, 4319251.843, 104
Trd, 4319253.443, 88
Trd, 4319253.743, 117
Trd, 4319253.843, 119
Trd, 4319258.793, 116
Trd, 4319260.943, 119
Trd, 4319261.093, 107
Trd, 4319261.643, 106
Trd, 4319262.243, 104
Trd, 4319263.293, 115
Trd, 4319264.793, 115
Trd, 4319264.893, 99
Trd, 4319266.943, 121
Trd, 4319269.443, 95
Trd, 4319271.293, 96
Trd, 4319272.243, 96
Trd, 4319272.743, 95
Trd, 4319276.143, 111
Trd, 4319276.593, 113
Trd, 4319279.793, 108
Trd, 4319282.243, 108
Trd, 4319283.293, 110
Trd, 4319284.693, 123
Trd, 4319285.593, 107
Trd, 4319286.793, 110
Trd, 4319287.443, 123
Trd, 4319287.893, 125
Trd, 4319288.493, 104
Trd, 4319289.393, 116
Trd, 4319290.643, 99
Trd, 4319291.793, 97
Trd, 4319292.693, 120
Trd, 4319294.943, 122
Trd, 4319295.793, 89
Trd, 4319297.193, 91
Trd, 4319297.693, 118
Trd, 4319298.193, 116
Trd, 4319302.643, 110
Trd, 4319304.893, 107
Trd, 4319306.593, 108
Trd, 4319307.143, 114
Trd, 4319307.943, 109
Trd, 4319308.343, 113
Trd, 4319310.193, 113
Trd, 4319312.693, 109
Trd, 4319313.493, 108
Trd, 4319315.293, 106
Trd, 4319315.893, 110
Trd, 4319316.943, 114
Trd, 4319319.093, 101
Trd, 4319320.693, 110
Trd, 4319322.393, 115
Trd, 4319323.493, 106
Trd, 4319324.543, 105
Trd, 4319326.443, 103
Trd, 4319327.143, 98
Trd, 4319329.043, 112
Trd, 4319329.243, 72
Trd, 4319329.693, 114
Trd, 4319330.293, 113
Trd, 4319335.943, 87
Trd, 4319336.593, 106
Trd, 4319337.393, 106
Trd, 4319337.793, 92
Trd, 4319340.993, 99
Trd, 4319341.393, 103
Trd, 4319342.093, 103
Trd, 4319343.943, 102
Trd, 4319344.193, 109
Trd, 4319344.343, 126
Trd, 4319345.593, 95
Trd, 4319347.643, 72
Trd, 4319349.793, 74
Trd, 4319350.643, 114
Trd, 4319353.193, 110
Trd, 4319354.143, 112
Trd, 4319356.243, 97
Trd, 4319357.793, 107
Trd, 4319359.993, 106
Trd, 4319360.093, 117
Trd, 4319361.893, 107
Trd, 4319362.243, 104
Trd, 4319362.343, 114
Trd, 4319364.143, 96
Trd, 4319365.793, 121
Trd, 4319366.043, 122
Trd, 4319366.243, 99
Trd, 4319368.793, 114
Trd, 4319371.143, 124
Trd, 4319373.693, 109
Trd, 4319374.393, 109
Trd, 4319376.043, 107
Trd, 4319377.143, 128
Trd, 4319378.493, 115
Trd, 4319380.093, 101
Trd, 4319380.243, 105
Trd, 4319381.743, 98
Trd, 4319382.293, 119
Trd, 4319384.443, 101
Trd, 4319385.793, 122
Trd, 4319387.143, 99
Trd, 4319387.743, 122
Trd, 4319391.443, 99
Trd, 4319393.343, 108
Trd, 4319395.443, 116
Trd, 4319396.193, 113
Trd, 4319397.693, 106
Trd, 4319397.943, 121
Trd, 4319398.293, 113
Trd, 4319402.693, 120
Trd, 4319403.243, 105
Trd, 4319404.543, 118
Trd, 4319405.093, 97
Trd, 4319405.443, 122
Trd, 4319405.543, 97
Trd, 4319408.693, 102
Trd, 4319409.493, 97
Trd, 4319411.643, 101
Trd, 4319411.893, 102
Trd, 4319414.443, 95
Trd, 4319415.593, 111
Trd, 4319415.843, 97
Trd, 4319416.593, 112
Trd, 4319418.193, 98
Trd, 4319422.493, 108
Trd, 4319423.243, 102
Trd, 4319424.193, 113
Trd, 4319424.243, 102
Trd, 4319426.293, 115
Trd, 4319427.193, 115
Trd, 4319428.693, 108
Trd, 4319430.243, 104
Trd, 4319432.393, 96
Trd, 4319434.393, 101
Trd, 4319435.093, 102
Trd, 4319436.643, 122
Trd, 4319438.193, 112
Trd, 4319441.293, 104
Trd, 4319441.643, 106
Trd, 4319441.993, 105
Trd, 4319442.843, 77
Trd, 4319444.693, 113
Trd, 4319446.993, 90
Trd, 4319448.143, 124
Trd, 4319449.243, 119
Trd, 4319449.593, 113
Trd, 4319450.443, 121
Trd, 4319453.393, 116
Trd, 4319453.743, 119
Trd, 4319454.393, 112
Trd, 4319455.593, 115
Trd, 4319457.143, 115
Trd, 4319458.493, 115
Trd, 4319461.993, 92
Trd, 4319463.043, 100
Trd, 4319463.993, 95
Trd, 4319465.143, 107
Trd, 4319468.293, 105
Trd, 4319468.393, 117
Trd, 4319470.343, 106
Trd, 4319470.693, 104
Trd, 4319470.993, 121
Trd, 4319471.643, 122
Trd, 4319472.743, 102
Trd, 4319475.343, 104
Trd, 4319478.343, 111
Trd, 4319478.943, 107
Trd, 4319479.093, 107
Trd, 4319480.143, 112
Trd, 4319483.143, 103
Trd, 4319483.243, 116
Trd, 4319485.593, 117
Trd, 4319486.743, 122
Trd, 4319489.793, 113
Trd, 4319491.243, 119
Trd, 4319494.043, 115
Trd, 4319496.093, 107
Trd, 4319497.093, 105
Trd, 4319499.693, 112
Trd, 4319500.643, 103
Trd, 4319500.743, 98
Trd, 4319501.993, 97
Trd, 4319503.793, 106
Trd, 4319505.343, 116
Trd, 4319505.943, 101
Trd, 4319508.343, 95
Trd, 4319508.793, 112
Trd, 4319510.593, 88
Trd, 4319512.343, 92
Trd, 4319512.443, 103
Trd, 4319515.193, 113
Trd, 4319518.493, 108
Trd, 4319518.843, 110
Trd, 4319518.893, 107
Trd, 4319521.493, 114
Trd, 4319522.193, 118
Trd, 4319523.093, 113
Trd, 4319524.143, 120
Trd, 4319525.643, 98
Trd, 4319527.893, 116
Trd, 4319528.793, 99
Trd, 4319529.093, 117
Trd, 4319529.193, 95
Trd, 4319534.393, 101
Trd, 4319535.743, 97
Trd, 4319536.243, 120
Trd, 4319536.943, 97
Trd, 4319537.943, 122
Trd, 4319540.193, 105
Trd, 4319541.143, 122
Trd, 4319541.493, 106
Trd, 4319541.843, 122
Trd, 4319545.993, 116
Trd, 4319546.693, 107
Trd, 4319548.293, 119
Trd, 4319548.693, 122
Trd, 4319549.793, 102
Trd, 4319549.843, 101
Trd, 4319552.893, 102
Trd, 4319553.443, 116
Trd, 4319554.493, 111
Trd, 4319555.143, 103
Trd, 4319558.343, 109
Trd, 4319559.743, 117
Trd, 4319561.943, 124
Trd, 4319562.193, 121
Trd, 4319562.993, 121
Trd, 4319564.893, 99
Trd, 4319565.443, 99
Trd, 4319567.543, 103
Trd, 4319570.043, 80
Trd, 4319570.293, 112
Trd, 4319571.543, 112
Trd, 4319572.143, 83
Trd, 4319575.143, 90
Trd, 4319575.543, 113
Trd, 4319575.693, 86
Trd, 4319577.993, 101
Trd, 4319578.293, 100
Trd, 4319579.043, 77
Trd, 4319582.843, 110
Trd, 4319585.143, 121
Trd, 4319585.193, 94
Trd, 4319588.443, 117
Trd, 4319589.643, 98
Trd, 4319591.543, 118
Trd, 4319592.393, 103
Trd, 4319595.443, 112
Trd, 4319596.143, 108
Trd, 4319596.993, 86
Trd, 4319597.043, 112
Trd, 4319599.243, 73
Trd, 4319602.643, 111
Trd, 4319603.493, 122
Trd, 4319604.693, 114
Trd, 4319605.593, 114
Trd, 4319606.393, 104
Trd, 4319607.243, 109
Trd, 4319609.393, 109
Trd, 4319610.343, 116
Trd, 4319610.493, 117
Trd, 4319611.343, 104
Trd, 4319611.443, 95
Trd, 4319613.593, 113
Trd, 4319614.343, 114
Trd, 4319616.893, 98
Trd, 4319617.593, 95
Trd, 4319620.393, 103
Trd, 4319621.743, 103
Trd, 4319622.593, 112
Trd, 4319622.743, 104
Trd, 4319624.093, 73
Trd, 4319624.643, 116
Trd, 4319628.393, 111
Trd, 4319629.343, 115
Trd, 4319630.043, 91
Trd, 4319631.393, 123
Trd, 4319632.943, 121
Trd, 4319633.243, 104
Trd, 4319635.843, 89
Trd, 4319637.943, 100
Trd, 4319638.393, 112
Trd, 4319640.843, 114
Trd, 4319641.743, 87
Trd, 4319641.993, 131
Trd, 4319642.693, 88
Trd, 4319643.743, 116
Trd, 4319647.943, 100
Trd, 4319648.543, 107
Trd, 4319651.893, 113
Trd, 4319652.443, 119
Trd, 4319652.843, 100
Trd, 4319652.943, 99
Trd, 4319656.443, 105
Trd, 4319656.693, 107
Trd, 4319656.993, 108
Trd, 4319658.043, 113
Trd, 4319658.193, 104
Trd, 4319662.893, 95
Trd, 4319663.193, 73
Trd, 4319664.143, 73
Trd, 4319664.193, 95
Trd, 4319668.493, 111
Trd, 4319669.993, 112
Trd, 4319671.943, 115
Trd, 4319673.543, 122
Trd, 4319675.343, 108
Trd, 4319676.743, 115
Trd, 4319677.093, 134
Trd, 4319679.243, 110
Trd, 4319680.193, 106
Trd, 4319681.693, 112
Trd, 4319683.693, 116
Trd, 4319687.193, 121
Trd, 4319688.193, 112
Trd, 4319688.343, 113
Trd, 4319690.543, 113
Trd, 4319692.743, 107
Trd, 4319692.943, 108
Trd, 4319693.843, 104
Trd, 4319694.443, 97
Trd, 4319696.543, 113
Trd, 4319697.993, 113
Trd, 4319698.293, 116
Trd, 4319700.793, 105
Trd, 4319702.093, 105
Trd, 4319703.993, 99
Trd, 4319704.893, 109
Trd, 4319706.593, 107
Trd, 4319708.043, 122
Trd, 4319709.243, 96
Trd, 4319709.643, 96
Trd, 4319712.043, 103
Trd, 4319712.343, 119
Trd, 4319713.743, 101
Trd, 4319714.043, 122
Trd, 4319718.243, 114
Trd, 4319718.293, 123
Trd, 4319721.893, 119
Trd, 4319722.093, 121
Trd, 4319722.143, 108
Trd, 4319727.143, 124
Trd, 4319729.243, 122
Trd, 4319731.093, 116
Trd, 4319732.593, 113
Trd, 4319732.943, 114
Trd, 4319736.143, 102
Trd, 4319736.443, 125
Trd, 4319738.293, 103
Trd, 4319738.743, 103
Trd, 4319739.643, 112
Trd, 4319739.843, 105
Trd, 4319742.393, 103
Trd, 4319744.043, 101
Trd, 4319744.193, 88
Trd, 4319744.943, 116
Trd, 4319746.393, 123
Trd, 4319749.093, 101
Trd, 4319751.293, 113
Trd, 4319752.843, 114
Trd, 4319752.993, 122
Trd, 4319755.643, 114
Trd, 4319757.193, 117
Trd, 4319758.043, 122
Trd, 4319758.543, 108
Trd, 4319760.243, 99
Trd, 4319760.993, 97
Trd, 4319762.443, 97
Trd, 4319762.993, 87
Trd, 4319766.543, 108
Trd, 4319769.193, 115
Trd, 4319770.293, 104
Trd, 4319771.393, 120
Trd, 4319772.243, 107
Trd, 4319772.593, 123
Trd, 4319776.293, 109
Trd, 4319777.043, 103
Trd, 4319778.243, 105
Trd, 4319782.243, 111
Trd, 4319784.643, 107
Trd, 4319785.493, 114
Trd, 4319786.493, 110
Trd, 4319786.543, 116
Trd, 4319787.843, 122
Trd, 4319788.693, 109
Trd, 4319789.693, 119
Trd, 4319793.343, 100
Trd, 4319794.443, 102
Trd, 4319794.993, 89
Trd, 4319797.743, 101
Trd, 4319800.343, 104
Trd, 4319800.443, 97
Trd, 4319800.693, 97
Trd, 4319802.843, 93
Trd, 4319803.793, 95
Trd, 4319805.793, 121
Trd, 4319806.843, 112
Trd, 4319806.893, 103
Trd, 4319807.743, 102
Trd, 4319808.093, 95
Trd, 4319809.243, 106
Trd, 4319810.943, 115
Trd, 4319813.943, 88
Trd, 4319815.043, 123
Trd, 4319816.593, 122
Trd, 4319817.093, 113
Trd, 4319817.943, 98
Trd, 4319819.943, 121
Trd, 4319821.993, 96
Trd, 4319822.243, 95
Trd, 4319822.943, 110
Trd, 4319823.643, 113
Trd, 4319824.893, 99
Trd, 4319824.993, 105
Trd, 4319828.593, 104
Trd, 4319829.443, 102
Trd, 4319832.043, 102
Trd, 4319832.943, 101
Trd, 4319835.993, 108
Trd, 4319837.493, 106
Trd, 4319839.143, 114
Trd, 4319839.493, 96
Trd, 4319841.943, 114
Trd, 4319842.393, 100
Trd, 4319843.043, 99
Trd, 4319844.643, 122
Trd, 4319845.493, 113
Trd, 4319846.443, 110
Trd, 4319849.443, 121
Trd, 4319850.093, 118
Trd, 4319850.393, 129
Trd, 4319851.743, 105
Trd, 4319852.093, 104
Trd, 4319853.343, 87
Trd, 4319855.593, 101
Trd, 4319856.193, 102
Trd, 4319857.643, 96
Trd, 4319858.243, 122
Trd, 4319861.743, 114
Trd, 4319863.243, 104
Trd, 4319863.893, 105
Trd, 4319864.043, 116
Trd, 4319864.193, 104
Trd, 4319865.243, 95
Trd, 4319867.193, 123
Trd, 4319869.643, 111
Trd, 4319870.893, 116
Trd, 4319873.043, 92
Trd, 4319873.793, 90
Trd, 4319875.243, 111
Trd, 4319875.493, 94
Trd, 4319879.743, 109
Trd, 4319879.893, 116
Trd, 4319881.143, 100
Trd, 4319881.943, 101
Trd, 4319883.243, 113
Trd, 4319883.343, 102
Trd, 4319887.093, 113
Trd, 4319887.843, 109
Trd, 4319888.043, 108
Trd, 4319888.943, 112
Trd, 4319889.143, 103
Trd, 4319891.443, 93
Trd, 4319892.893, 103
Trd, 4319893.893, 117
Trd, 4319896.393, 118
Trd, 4319897.693, 104
Trd, 4319897.893, 119
Trd, 4319898.243, 105
Trd, 4319900.093, 118
Trd, 4319902.893, 105
Trd, 4319904.393, 113
Trd, 4319905.343, 108
Trd, 4319906.043, 112
Trd, 4319906.143, 113
Trd, 4319907.143, 96
Trd, 4319909.193, 96
Trd, 4319909.943, 121
Trd, 4319912.143, 92
Trd, 4319912.943, 125
Trd, 4319914.243, 94
Trd, 4319914.593, 94
Trd, 4319918.093, 109
Trd, 4319919.893, 99
Trd, 4319920.143, 122
Trd, 4319920.293, 87
Trd, 4319921.743, 90
Trd, 4319923.643, 111
Trd, 4319924.993, 94
Trd, 4319925.143, 95
Trd, 4319925.443, 92
Trd, 4319925.993, 114
Trd, 4319927.543, 90
Trd, 4319930.343, 114
Trd, 4319930.693, 90
Trd, 4319931.393, 112
Trd, 4319932.193, 126
Trd, 4319933.743, 95
Trd, 4319936.643, 96
Trd, 4319939.343, 112
Trd, 4319940.593, 114
Trd, 4319942.293, 104
Trd, 4319943.993, 110
Trd, 4319944.643, 113
Trd, 4319945.343, 121
Trd, 4319947.893, 105
Trd, 4319948.043, 122
Trd, 4319948.593, 120
Trd, 4319951.793, 94
Trd, 4319952.593, 109
Trd, 4319954.893, 113
Trd, 4319955.043, 102
Trd, 4319956.643, 99
Trd, 4319957.543, 119
Trd, 4319957.843, 97
Trd, 4319960.243, 116
Trd, 4319961.193, 121
Trd, 4319961.693, 95
Trd, 4319962.693, 122
Trd, 4319962.793, 86
Trd, 4319966.843, 78
Trd, 4319966.943, 109
Trd, 4319969.043, 84
Trd, 4319971.693, 107
Trd, 4319971.793, 98
Trd, 4319973.143, 116
Trd, 4319974.143, 105
Trd, 4319977.043, 123
Trd, 4319977.293, 121
Trd, 4319979.843, 120
Trd, 4319980.443, 113
Trd, 4319980.893, 120
Trd, 4319981.943, 107
Trd, 4319982.843, 120
Trd, 4319983.343, 105
Trd, 4319985.043, 119
Trd, 4319986.493, 119
Trd, 4319989.493, 106
Trd, 4319990.443, 105
Trd, 4319990.643, 108
Trd, 4319992.193, 106
Trd, 4319992.293, 107
Trd, 4319995.943, 111
Trd, 4319996.093, 104
Trd, 4319996.993, 104
