Trd, 4317833.093, 77
Trd, 4317836.743, 99
Trd, 4317837.793, 100
Trd, 4317837.893, 104
Trd, 4317838.743, 118
Trd, 4317839.093, 99
Trd, 4317841.843, 102
Trd, 4317842.493, 95
Trd, 4317842.843, 111
Trd, 4317845.143, 89
Trd, 4317847.693, 95
Trd, 4317849.943, 81
Trd, 4317850.543, 104
Trd, 4317852.343, 90
Trd, 4317852.443, 90
Trd, 4317853.643, 104
Trd, 4317855.543, 93
Trd, 4317857.243, 103
Trd, 4317859.993, 104
Trd, 4317860.443, 83
Trd, 4317862.743, 88
Trd, 4317863.393, 89
Trd, 4317864.743, 72
Trd, 4317868.493, 86
Trd, 4317868.793, 86
Trd, 4317869.343, 104
Trd, 4317870.793, 106
Trd, 4317871.793, 104
Trd, 4317873.343, 104
Trd, 4317874.043, 104
Trd, 4317874.393, 77
Trd, 4317877.693, 108
Trd, 4317878.643, 109
Trd, 4317878.843, 80
Trd, 4317881.443, 104
Trd, 4317881.493, 78
Trd, 4317881.593, 105
Trd, 4317882.793, 106
Trd, 4317886.043, 96
Trd, 4317886.943, 113
Trd, 4317888.343, 81
Trd, 4317890.243, 96
Trd, 4317890.543, 104
Trd, 4317891.343, 84
Trd, 4317894.543, 95
Trd, 4317895.343, 96
Trd, 4317895.543, 75
Trd, 4317900.343, 82
Trd, 4317900.593, 83
Trd, 4317902.093, 75
Trd, 4317902.493, 99
Trd, 4317904.043, 112
Trd, 4317905.243, 80
Trd, 4317906.893, 90
Trd, 4317909.743, 104
Trd, 4317911.493, 96
Trd, 4317911.893, 95
Trd, 4317912.793, 122
Trd, 4317913.943, 90
Trd, 4317914.943, 95
Trd, 4317915.193, 122
Trd, 4317918.143, 97
Trd, 4317919.193, 104
Trd, 4317920.443, 87
Trd, 4317920.793, 86
Trd, 4317922.093, 84
Trd, 4317922.393, 72
Trd, 4317925.893, 101
Trd, 4317927.943, 95
Trd, 4317929.093, 93
Trd, 4317929.743, 105
Trd, 4317930.593, 76
Trd, 4317933.193, 95
Trd, 4317933.643, 79
Trd, 4317934.343, 101
Trd, 4317935.343, 102
Trd, 4317936.093, 104
Trd, 4317936.543, 88
Trd, 4317938.443, 78
Trd, 4317940.443, 104
Trd, 4317943.693, 86
Trd, 4317943.843, 77
Trd, 4317944.493, 102
Trd, 4317949.193, 94
Trd, 4317949.293, 78
Trd, 4317949.693, 88
Trd, 4317950.143, 96
Trd, 4317950.943, 102
Trd, 4317954.393, 95
Trd, 4317957.243, 87
Trd, 4317957.293, 104
Trd, 4317957.743, 69
Trd, 4317958.643, 91
Trd, 4317960.243, 92
Trd, 4317960.543, 76
Trd, 4317963.893, 93
Trd, 4317964.543, 89
Trd, 4317965.793, 86
Trd, 4317968.543, 92
Trd, 4317968.693, 111
Trd, 4317972.143, 96
Trd, 4317972.893, 95
Trd, 4317975.743, 100
Trd, 4317976.193, 102
Trd, 4317977.243, 88
Trd, 4317977.343, 104
Trd, 4317980.543, 84
Trd, 4317981.343, 102
Trd, 4317983.643, 103
Trd, 4317985.443, 96
Trd, 4317986.793, 97
Trd, 4317987.043, 104
Trd, 4317987.093, 79
Trd, 4317989.293, 102
Trd, 4317989.793, 86
Trd, 4317990.943, 111
Trd, 4317993.543, 75
Trd, 4317995.093, 113
Trd, 4317995.993, 93
Trd, 4317996.193, 94
Trd, 4317997.693, 94
Trd, 4318001.543, 99
Trd, 4318001.943, 86
Trd, 4318003.943, 100
Trd, 4318005.593, 96
Trd, 4318006.343, 117
Trd, 4318007.793, 116
Trd, 4318009.543, 86
Trd, 4318010.693, 98
Trd, 4318010.893, 99
Trd, 4318011.593, 113
Trd, 4318012.243, 113
Trd, 4318013.843, 92
Trd, 4318014.143, 107
Trd, 4318014.743, 94
Trd, 4318018.193, 92
Trd, 4318018.293, 104
Trd, 4318020.893, 95
Trd, 4318021.743, 96
Trd, 4318021.993, 96
Trd, 4318022.343, 104
Trd, 4318025.443, 65
Trd, 4318026.393, 88
Trd, 4318027.493, 93
Trd, 4318028.043, 95
Trd, 4318032.593, 87
Trd, 4318032.643, 86
Trd, 4318034.293, 86
Trd, 4318035.443, 101
Trd, 4318035.993, 100
Trd, 4318037.143, 75
Trd, 4318038.843, 66
Trd, 4318038.943, 77
Trd, 4318040.143, 110
Trd, 4318041.993, 113
Trd, 4318043.843, 104
Trd, 4318047.993, 98
Trd, 4318049.993, 98
Trd, 4318050.393, 100
Trd, 4318051.593, 84
Trd, 4318053.993, 100
Trd, 4318054.843, 95
Trd, 4318056.893, 99
Trd, 4318058.593, 80
Trd, 4318061.843, 98
Trd, 4318062.443, 98
Trd, 4318063.243, 104
Trd, 4318064.943, 95
Trd, 4318065.643, 75
Trd, 4318067.543, 92
Trd, 4318071.793, 82
Trd, 4318072.493, 93
Trd, 4318073.093, 101
Trd, 4318073.693, 102
Trd, 4318075.443, 111
Trd, 4318075.793, 113
Trd, 4318077.893, 97
Trd, 4318077.993, 95
Trd, 4318078.293, 106
Trd, 4318080.993, 103
Trd, 4318081.543, 93
Trd, 4318082.343, 103
Trd, 4318083.143, 93
Trd, 4318085.493, 101
Trd, 4318086.093, 96
Trd, 4318087.093, 101
Trd, 4318088.443, 113
Trd, 4318088.893, 96
Trd, 4318088.993, 95
Trd, 4318089.143, 113
Trd, 4318090.993, 115
Trd, 4318093.293, 101
Trd, 4318097.043, 101
Trd, 4318098.793, 88
Trd, 4318099.043, 95
Trd, 4318102.043, 96
Trd, 4318102.443, 95
Trd, 4318102.543, 96
Trd, 4318104.093, 91
Trd, 4318106.093, 83
Trd, 4318107.743, 90
Trd, 4318108.743, 90
Trd, 4318111.393, 108
Trd, 4318111.743, 114
Trd, 4318112.693, 106
Trd, 4318114.193, 113
Trd, 4318115.443, 97
Trd, 4318115.943, 95
Trd, 4318117.943, 77
Trd, 4318120.643, 97
Trd, 4318121.243, 103
Trd, 4318124.243, 80
Trd, 4318124.793, 104
Trd, 4318127.393, 76
Trd, 4318129.743, 83
Trd, 4318130.843, 106
Trd, 4318132.943, 94
Trd, 4318133.743, 96
Trd, 4318133.793, 97
Trd, 4318134.543, 87
Trd, 4318135.043, 78
Trd, 4318135.843, 100
Trd, 4318138.193, 94
Trd, 4318140.443, 77
Trd, 4318141.893, 106
Trd, 4318142.193, 106
Trd, 4318143.393, 113
Trd, 4318144.643, 82
Trd, 4318146.193, 93
Trd, 4318148.943, 74
Trd, 4318152.093, 94
Trd, 4318152.743, 84
Trd, 4318153.443, 91
Trd, 4318156.893, 90
Trd, 4318157.193, 85
Trd, 4318157.693, 98
Trd, 4318160.093, 102
Trd, 4318160.793, 104
Trd, 4318161.593, 84
Trd, 4318164.693, 87
Trd, 4318166.643, 96
Trd, 4318167.293, 96
Trd, 4318168.143, 96
Trd, 4318169.843, 96
Trd, 4318170.343, 97
Trd, 4318171.043, 95
Trd, 4318171.543, 75
Trd, 4318174.243, 110
Trd, 4318175.593, 105
Trd, 4318176.443, 94
Trd, 4318177.893, 85
Trd, 4318178.643, 97
Trd, 4318183.343, 97
Trd, 4318184.043, 113
Trd, 4318184.093, 116
Trd, 4318185.543, 95
Trd, 4318187.643, 102
Trd, 4318188.543, 93
Trd, 4318190.043, 92
Trd, 4318192.793, 93
Trd, 4318193.993, 109
Trd, 4318194.643, 112
Trd, 4318197.193, 108
Trd, 4318197.393, 106
Trd, 4318200.543, 83
Trd, 4318201.593, 91
Trd, 4318202.693, 91
Trd, 4318203.743, 89
Trd, 4318204.843, 103
Trd, 4318206.943, 101
Trd, 4318208.543, 91
Trd, 4318208.743, 104
Trd, 4318210.393, 113
Trd, 4318210.693, 95
Trd, 4318213.243, 113
Trd, 4318215.343, 111
Trd, 4318215.393, 113
Trd, 4318216.643, 74
Trd, 4318218.343, 100
Trd, 4318220.143, 80
Trd, 4318222.543, 93
Trd, 4318222.943, 89
Trd, 4318225.043, 88
Trd, 4318226.443, 112
Trd, 4318226.893, 83
Trd, 4318228.993, 117
Trd, 4318230.693, 94
Trd, 4318232.043, 86
Trd, 4318232.543, 87
Trd, 4318235.793, 93
Trd, 4318238.793, 86
Trd, 4318239.043, 87
Trd, 4318240.243, 87
Trd, 4318240.493, 102
Trd, 4318246.393, 100
Trd, 4318246.543, 99
Trd, 4318246.793, 104
Trd, 4318247.893, 97
Trd, 4318251.193, 86
Trd, 4318251.993, 86
Trd, 4318254.343, 86
Trd, 4318256.043, 87
Trd, 4318257.743, 103
Trd, 4318258.193, 104
Trd, 4318258.293, 88
Trd, 4318259.943, 88
Trd, 4318262.143, 92
Trd, 4318265.143, 116
Trd, 4318265.243, 80
Trd, 4318266.193, 98
Trd, 4318267.493, 121
Trd, 4318269.593, 95
Trd, 4318272.593, 100
Trd, 4318274.243, 112
Trd, 4318274.393, 103
Trd, 4318277.543, 101
Trd, 4318279.293, 100
Trd, 4318279.343, 104
Trd, 4318282.343, 98
Trd, 4318284.493, 91
Trd, 4318284.643, 90
Trd, 4318284.893, 104
Trd, 4318286.743, 88
Trd, 4318288.543, 102
Trd, 4318290.593, 84
Trd, 4318292.693, 84
Trd, 4318295.843, 96
Trd, 4318295.943, 99
Trd, 4318296.243, 88
Trd, 4318296.793, 114
Trd, 4318297.393, 86
Trd, 4318300.043, 76
Trd, 4318300.543, 93
Trd, 4318302.843, 87
Trd, 4318303.943, 90
Trd, 4318305.543, 86
Trd, 4318307.793, 85
Trd, 4318308.793, 92
Trd, 4318311.043, 90
Trd, 4318311.143, 91
Trd, 4318312.943, 89
Trd, 4318313.343, 101
Trd, 4318315.943, 95
Trd, 4318317.443, 92
Trd, 4318318.343, 95
Trd, 4318319.193, 97
Trd, 4318321.643, 85
Trd, 4318321.693, 99
Trd, 4318322.943, 103
Trd, 4318325.293, 97
Trd, 4318326.293, 93
Trd, 4318327.093, 94
Trd, 4318327.193, 90
Trd, 4318328.193, 114
Trd, 4318333.343, 97
Trd, 4318334.743, 95
Trd, 4318335.943, 72
Trd, 4318336.193, 94
Trd, 4318336.343, 96
Trd, 4318338.893, 103
Trd, 4318339.293, 77
Trd, 4318340.993, 96
Trd, 4318342.893, 99
Trd, 4318345.893, 91
Trd, 4318346.293, 92
Trd, 4318346.793, 85
Trd, 4318347.343, 103
Trd, 4318348.593, 66
Trd, 4318351.993, 92
Trd, 4318352.393, 112
Trd, 4318354.143, 114
Trd, 4318358.643, 87
Trd, 4318358.743, 109
Trd, 4318359.493, 86
Trd, 4318361.193, 114
Trd, 4318363.093, 105
Trd, 4318363.493, 80
Trd, 4318366.543, 104
Trd, 4318367.293, 103
Trd, 4318369.293, 89
Trd, 4318370.893, 92
Trd, 4318373.243, 98
Trd, 4318375.893, 113
Trd, 4318376.593, 96
Trd, 4318377.743, 114
Trd, 4318377.993, 95
Trd, 4318380.043, 89
Trd, 4318381.043, 99
Trd, 4318383.493, 104
Trd, 4318386.793, 86
Trd, 4318388.393, 84
Trd, 4318388.743, 86
Trd, 4318390.643, 89
Trd, 4318391.643, 111
Trd, 4318392.493, 112
Trd, 4318393.693, 92
Trd, 4318394.993, 94
Trd, 4318395.943, 95
Trd, 4318398.643, 79
Trd, 4318398.793, 80
Trd, 4318400.343, 77
Trd, 4318402.343, 88
Trd, 4318406.193, 86
Trd, 4318408.193, 90
Trd, 4318408.393, 93
Trd, 4318408.793, 102
Trd, 4318410.593, 91
Trd, 4318411.243, 91
Trd, 4318412.693, 105
Trd, 4318413.343, 86
Trd, 4318415.893, 79
Trd, 4318416.893, 98
Trd, 4318418.543, 94
Trd, 4318419.543, 84
Trd, 4318420.743, 97
Trd, 4318423.143, 103
Trd, 4318423.493, 89
Trd, 4318425.243, 97
Trd, 4318425.893, 110
Trd, 4318427.443, 99
Trd, 4318430.743, 102
Trd, 4318431.993, 103
Trd, 4318432.043, 87
Trd, 4318434.193, 93
Trd, 4318434.743, 92
Trd, 4318435.243, 86
Trd, 4318436.043, 104
Trd, 4318436.443, 103
Trd, 4318442.493, 90
Trd, 4318442.743, 94
Trd, 4318442.993, 94
Trd, 4318443.943, 89
Trd, 4318444.143, 95
Trd, 4318447.143, 91
Trd, 4318448.193, 89
Trd, 4318449.193, 97
Trd, 4318449.843, 103
Trd, 4318451.393, 82
Trd, 4318453.093, 99
Trd, 4318453.743, 101
Trd, 4318456.493, 116
Trd, 4318456.643, 105
Trd, 4318458.093, 77
Trd, 4318459.343, 94
Trd, 4318462.643, 87
Trd, 4318463.043, 87
Trd, 4318464.143, 113
Trd, 4318466.843, 104
Trd, 4318467.993, 93
Trd, 4318468.293, 95
Trd, 4318470.043, 98
Trd, 4318471.043, 98
Trd, 4318471.443, 95
Trd, 4318472.293, 91
Trd, 4318474.343, 103
Trd, 4318475.643, 104
Trd, 4318475.893, 113
Trd, 4318478.843, 91
Trd, 4318480.893, 93
Trd, 4318481.193, 95
Trd, 4318481.293, 99
Trd, 4318482.243, 97
Trd, 4318485.143, 112
Trd, 4318485.593, 99
Trd, 4318487.593, 113
Trd, 4318488.493, 112
Trd, 4318490.743, 95
Trd, 4318490.943, 92
Trd, 4318491.943, 110
Trd, 4318492.343, 83
Trd, 4318494.743, 88
Trd, 4318496.743, 121
Trd, 4318498.243, 106
Trd, 4318499.793, 98
Trd, 4318501.193, 88
Trd, 4318501.343, 77
Trd, 4318504.443, 98
Trd, 4318504.543, 97
Trd, 4318505.143, 95
Trd, 4318506.343, 115
Trd, 4318506.943, 77
Trd, 4318507.943, 113
Trd, 4318510.193, 110
Trd, 4318511.593, 94
Trd, 4318511.943, 94
Trd, 4318512.093, 109
Trd, 4318515.793, 95
Trd, 4318516.943, 100
Trd, 4318518.193, 102
Trd, 4318518.243, 104
Trd, 4318519.793, 75
Trd, 4318520.493, 95
Trd, 4318523.593, 111
Trd, 4318524.793, 87
Trd, 4318526.093, 79
Trd, 4318527.043, 96
Trd, 4318528.393, 101
Trd, 4318528.843, 104
Trd, 4318531.393, 93
Trd, 4318532.143, 109
Trd, 4318533.193, 97
Trd, 4318534.943, 114
Trd, 4318535.543, 121
Trd, 4318537.193, 85
Trd, 4318538.293, 99
Trd, 4318539.343, 97
Trd, 4318539.543, 114
Trd, 4318540.493, 114
Trd, 4318542.193, 97
Trd, 4318544.443, 87
Trd, 4318548.143, 89
Trd, 4318548.393, 85
Trd, 4318551.043, 94
Trd, 4318552.093, 84
Trd, 4318552.993, 91
Trd, 4318555.543, 95
Trd, 4318555.593, 100
Trd, 4318556.443, 96
Trd, 4318556.543, 67
Trd, 4318558.093, 111
Trd, 4318560.693, 86
Trd, 4318562.443, 110
Trd, 4318564.043, 90
Trd, 4318564.843, 100
Trd, 4318568.243, 102
Trd, 4318569.093, 79
Trd, 4318569.993, 102
Trd, 4318570.343, 100
Trd, 4318571.743, 102
Trd, 4318573.043, 102
Trd, 4318577.643, 101
Trd, 4318577.993, 98
Trd, 4318579.893, 101
Trd, 4318580.993, 102
Trd, 4318584.743, 99
Trd, 4318587.243, 100
Trd, 4318588.543, 94
Trd, 4318590.743, 103
Trd, 4318590.943, 104
Trd, 4318591.143, 97
Trd, 4318593.443, 103
Trd, 4318597.043, 104
Trd, 4318597.193, 99
Trd, 4318601.093, 66
Trd, 4318603.193, 104
Trd, 4318603.843, 106
Trd, 4318607.243, 98
Trd, 4318607.693, 100
Trd, 4318608.743, 89
Trd, 4318610.293, 92
Trd, 4318611.043, 107
Trd, 4318611.993, 106
Trd, 4318612.593, 78
Trd, 4318615.193, 98
Trd, 4318616.543, 102
Trd, 4318616.793, 74
Trd, 4318617.443, 89
Trd, 4318619.293, 100
Trd, 4318624.043, 81
Trd, 4318624.243, 93
Trd, 4318627.193, 94
Trd, 4318627.443, 92
Trd, 4318628.393, 91
Trd, 4318629.743, 79
Trd, 4318629.843, 80
Trd, 4318630.193, 103
Trd, 4318631.093, 98
Trd, 4318633.193, 107
Trd, 4318635.393, 108
Trd, 4318638.193, 81
Trd, 4318638.243, 92
Trd, 4318640.143, 89
Trd, 4318641.293, 101
Trd, 4318643.393, 96
Trd, 4318644.343, 101
Trd, 4318644.493, 99
Trd, 4318645.943, 95
Trd, 4318646.393, 97
Trd, 4318650.093, 83
Trd, 4318650.643, 82
Trd, 4318652.143, 99
Trd, 4318653.043, 87
Trd, 4318654.243, 101
Trd, 4318654.593, 88
Trd, 4318656.443, 104
Trd, 4318656.693, 88
Trd, 4318660.593, 76
Trd, 4318660.843, 77
Trd, 4318660.893, 104
Trd, 4318661.943, 100
Trd, 4318662.393, 116
Trd, 4318662.543, 74
Trd, 4318666.843, 76
Trd, 4318669.893, 91
Trd, 4318670.543, 102
Trd, 4318673.543, 104
Trd, 4318674.443, 85
Trd, 4318675.243, 106
Trd, 4318678.143, 86
Trd, 4318679.243, 94
Trd, 4318679.293, 89
Trd, 4318682.193, 88
Trd, 4318683.993, 100
Trd, 4318685.693, 93
Trd, 4318687.093, 91
Trd, 4318687.593, 81
Trd, 4318687.693, 115
Trd, 4318689.543, 95
Trd, 4318691.793, 104
Trd, 4318692.493, 84
Trd, 4318693.343, 111
Trd, 4318694.893, 106
Trd, 4318695.393, 107
Trd, 4318697.843, 98
Trd, 4318701.393, 95
Trd, 4318701.843, 94
Trd, 4318702.643, 96
Trd, 4318703.193, 100
Trd, 4318704.993, 91
Trd, 4318705.993, 90
Trd, 4318708.793, 94
Trd, 4318711.693, 110
Trd, 4318714.143, 104
Trd, 4318714.643, 80
Trd, 4318715.143, 104
Trd, 4318717.593, 77
Trd, 4318718.793, 91
Trd, 4318719.543, 104
Trd, 4318722.093, 87
Trd, 4318723.043, 89
Trd, 4318724.243, 103
Trd, 4318724.593, 104
Trd, 4318728.093, 88
Trd, 4318729.343, 93
Trd, 4318731.243, 92
Trd, 4318731.393, 94
Trd, 4318733.093, 93
Trd, 4318733.743, 93
Trd, 4318734.193, 94
Trd, 4318735.643, 98
Trd, 4318737.793, 108
Trd, 4318740.493, 104
Trd, 4318740.893, 83
Trd, 4318744.243, 89
Trd, 4318744.843, 96
Trd, 4318746.043, 97
Trd, 4318746.843, 96
Trd, 4318746.993, 99
Trd, 4318748.743, 88
Trd, 4318750.543, 112
Trd, 4318753.543, 102
Trd, 4318755.343, 97
Trd, 4318755.643, 95
Trd, 4318757.793, 97
Trd, 4318758.543, 101
Trd, 4318761.193, 93
Trd, 4318762.543, 90
Trd, 4318762.743, 96
Trd, 4318763.293, 104
Trd, 4318769.793, 90
Trd, 4318770.643, 91
Trd, 4318770.993, 91
Trd, 4318771.093, 92
Trd, 4318772.343, 94
Trd, 4318772.993, 113
Trd, 4318773.943, 114
Trd, 4318775.293, 108
Trd, 4318775.743, 95
Trd, 4318778.143, 87
Trd, 4318780.143, 96
Trd, 4318780.943, 95
Trd, 4318781.693, 103
Trd, 4318782.093, 103
Trd, 4318783.343, 96
Trd, 4318783.593, 104
Trd, 4318786.093, 106
Trd, 4318788.643, 95
Trd, 4318789.093, 110
Trd, 4318791.093, 86
Trd, 4318791.793, 102
Trd, 4318791.893, 103
Trd, 4318793.093, 104
Trd, 4318795.493, 79
Trd, 4318796.543, 92
Trd, 4318797.643, 88
Trd, 4318800.093, 83
Trd, 4318803.393, 89
Trd, 4318804.843, 97
Trd, 4318805.293, 103
Trd, 4318805.893, 104
Trd, 4318806.093, 95
Trd, 4318807.443, 80
Trd, 4318809.743, 96
Trd, 4318813.843, 98
Trd, 4318816.093, 98
Trd, 4318816.243, 100
Trd, 4318819.243, 96
Trd, 4318821.143, 104
Trd, 4318822.343, 81
Trd, 4318823.843, 113
Trd, 4318825.793, 79
Trd, 4318828.543, 77
Trd, 4318832.093, 83
Trd, 4318832.493, 84
Trd, 4318833.243, 103
Trd, 4318834.943, 101
Trd, 4318835.343, 95
Trd, 4318835.493, 97
Trd, 4318837.593, 102
Trd, 4318840.243, 77
Trd, 4318841.393, 103
Trd, 4318842.043, 94
Trd, 4318842.843, 102
Trd, 4318846.643, 102
Trd, 4318847.143, 96
Trd, 4318848.593, 86
Trd, 4318850.293, 102
Trd, 4318850.443, 104
Trd, 4318852.243, 112
Trd, 4318854.593, 90
Trd, 4318856.093, 103
Trd, 4318858.493, 93
Trd, 4318858.543, 95
Trd, 4318859.843, 87
Trd, 4318860.443, 104
Trd, 4318861.943, 76
Trd, 4318864.193, 81
Trd, 4318866.743, 121
Trd, 4318867.693, 102
Trd, 4318868.893, 77
Trd, 4318872.193, 101
Trd, 4318874.693, 94
Trd, 4318875.643, 94
Trd, 4318877.193, 96
Trd, 4318877.743, 95
Trd, 4318879.593, 99
Trd, 4318881.293, 98
Trd, 4318881.893, 95
Trd, 4318883.993, 94
Trd, 4318886.193, 100
Trd, 4318887.343, 82
Trd, 4318887.693, 88
Trd, 4318889.293, 111
Trd, 4318891.993, 78
Trd, 4318892.093, 93
Trd, 4318893.493, 93
Trd, 4318894.993, 95
Trd, 4318896.793, 99
Trd, 4318900.843, 84
Trd, 4318902.043, 101
Trd, 4318906.143, 90
Trd, 4318906.643, 88
Trd, 4318908.643, 94
Trd, 4318909.843, 103
Trd, 4318910.793, 93
Trd, 4318912.743, 97
Trd, 4318914.043, 107
Trd, 4318914.143, 90
Trd, 4318916.943, 101
Trd, 4318916.993, 103
Trd, 4318917.193, 104
Trd, 4318919.193, 93
Trd, 4318920.443, 96
Trd, 4318921.993, 95
Trd, 4318922.643, 112
Trd, 4318922.843, 97
Trd, 4318925.293, 105
Trd, 4318926.343, 78
Trd, 4318928.493, 100
Trd, 4318931.243, 85
Trd, 4318931.993, 96
Trd, 4318935.443, 103
Trd, 4318935.593, 105
Trd, 4318937.943, 97
Trd, 4318939.643, 98
Trd, 4318939.743, 99
Trd, 4318940.143, 97
Trd, 4318941.043, 98
Trd, 4318944.193, 113
Trd, 4318945.743, 89
Trd, 4318946.893, 99
Trd, 4318947.093, 94
Trd, 4318949.443, 95
Trd, 4318950.043, 96
Trd, 4318952.793, 88
Trd, 4318952.893, 104
Trd, 4318955.343, 101
Trd, 4318955.843, 100
Trd, 4318957.543, 96
Trd, 4318957.893, 104
Trd, 4318958.093, 85
Trd, 4318960.793, 97
Trd, 4318961.793, 98
Trd, 4318962.443, 116
Trd, 4318963.593, 83
Trd, 4318965.643, 109
Trd, 4318966.143, 112
Trd, 4318966.493, 102
Trd, 4318968.293, 98
Trd, 4318972.293, 90
Trd, 4318973.293, 92
Trd, 4318975.343, 82
Trd, 4318975.593, 92
Trd, 4318979.543, 83
Trd, 4318979.793, 90
Trd, 4318982.243, 86
Trd, 4318982.443, 85
Trd, 4318982.593, 104
Trd, 4318983.893, 113
Trd, 4318985.393, 95
Trd, 4318986.543, 101
Trd, 4318987.243, 74
Trd, 4318989.243, 98
Trd, 4318992.243, 95
Trd, 4318992.343, 96
Trd, 4318992.793, 104
Trd, 4318992.993, 76
Trd, 4318996.543, 90
Trd, 4318997.043, 91
Trd, 4318997.243, 114
Trd, 4319000.193, 81
Trd, 4319003.393, 87
Trd, 4319004.243, 75
Trd, 4319005.293, 85
Trd, 4319006.143, 97
Trd, 4319009.693, 106
Trd, 4319011.193, 104
Trd, 4319011.993, 86
Trd, 4319013.243, 103
Trd, 4319014.543, 97
Trd, 4319019.293, 96
Trd, 4319019.743, 97
Trd, 4319019.843, 96
Trd, 4319023.893, 104
Trd, 4319025.643, 82
Trd, 4319025.743, 83
Trd, 4319026.943, 87
Trd, 4319029.293, 89
Trd, 4319029.443, 95
Trd, 4319030.393, 79
Trd, 4319031.993, 87
Trd, 4319033.093, 116
Trd, 4319034.043, 124
Trd, 4319035.843, 87
Trd, 4319038.893, 88
Trd, 4319039.343, 93
Trd, 4319041.943, 101
Trd, 4319042.943, 87
Trd, 4319043.743, 101
Trd, 4319045.193, 91
Trd, 4319045.543, 90
Trd, 4319047.043, 89
Trd, 4319047.793, 98
Trd, 4319049.543, 103
Trd, 4319049.843, 96
Trd, 4319050.443, 78
Trd, 4319055.093, 119
Trd, 4319057.693, 111
Trd, 4319057.793, 109
Trd, 4319060.393, 95
Trd, 4319060.743, 100
Trd, 4319063.643, 78
Trd, 4319065.093, 92
Trd, 4319065.693, 104
Trd, 4319069.143, 91
Trd, 4319069.243, 112
Trd, 4319069.743, 113
Trd, 4319070.543, 92
Trd, 4319071.893, 111
Trd, 4319076.793, 90
Trd, 4319076.993, 104
Trd, 4319077.393, 87
Trd, 4319078.093, 86
Trd, 4319080.743, 97
Trd, 4319080.993, 77
Trd, 4319081.993, 89
Trd, 4319083.793, 88
Trd, 4319084.643, 91
Trd, 4319086.643, 100
Trd, 4319087.193, 104
Trd, 4319087.243, 90
Trd, 4319090.543, 104
Trd, 4319091.893, 84
Trd, 4319092.843, 87
Trd, 4319093.543, 102
Trd, 4319094.893, 104
Trd, 4319095.043, 95
Trd, 4319096.443, 103
Trd, 4319096.493, 94
Trd, 4319099.543, 97
Trd, 4319099.643, 118
Trd, 4319101.743, 111
Trd, 4319101.893, 79
Trd, 4319107.543, 82
Trd, 4319108.393, 82
Trd, 4319108.493, 115
Trd, 4319109.643, 112
Trd, 4319109.893, 94
Trd, 4319112.193, 103
Trd, 4319112.543, 102
Trd, 4319113.493, 104
Trd, 4319116.093, 98
Trd, 4319117.643, 79
Trd, 4319118.193, 95
Trd, 4319119.843, 92
Trd, 4319120.093, 79
Trd, 4319123.193, 104
Trd, 4319124.343, 97
Trd, 4319125.193, 82
Trd, 4319126.093, 90
Trd, 4319126.443, 90
Trd, 4319126.993, 98
Trd, 4319130.193, 114
Trd, 4319131.793, 91
Trd, 4319133.943, 101
Trd, 4319134.093, 104
Trd, 4319135.693, 88
Trd, 4319136.293, 85
Trd, 4319139.043, 80
Trd, 4319139.843, 85
Trd, 4319142.993, 86
Trd, 4319143.293, 103
Trd, 4319146.243, 95
Trd, 4319146.893, 101
Trd, 4319149.193, 95
Trd, 4319149.243, 116
Trd, 4319151.193, 97
Trd, 4319151.943, 112
Trd, 4319152.093, 113
Trd, 4319154.593, 82
Trd, 4319156.193, 87
Trd, 4319158.243, 101
Trd, 4319159.193, 88
Trd, 4319159.443, 103
Trd, 4319161.843, 90
Trd, 4319162.643, 109
Trd, 4319163.043, 112
Trd, 4319165.393, 103
Trd, 4319165.543, 104
Trd, 4319172.693, 86
Trd, 4319173.543, 82
Trd, 4319174.993, 88
Trd, 4319175.643, 91
Trd, 4319177.643, 109
Trd, 4319179.893, 94
Trd, 4319181.743, 101
Trd, 4319182.143, 102
Trd, 4319184.293, 104
Trd, 4319184.793, 88
Trd, 4319189.043, 92
Trd, 4319189.243, 101
Trd, 4319189.743, 80
Trd, 4319190.993, 93
Trd, 4319193.993, 98
Trd, 4319194.493, 79
Trd, 4319195.343, 78
Trd, 4319195.943, 102
Trd, 4319200.043, 91
Trd, 4319200.243, 93
Trd, 4319202.793, 87
Trd, 4319203.593, 96
Trd, 4319205.593, 86
Trd, 4319206.193, 86
Trd, 4319208.393, 102
Trd, 4319209.693, 104
Trd, 4319209.993, 108
Trd, 4319212.793, 112
Trd, 4319212.843, 96
Trd, 4319215.443, 102
Trd, 4319216.343, 78
Trd, 4319218.143, 112
Trd, 4319218.993, 87
Trd, 4319220.843, 103
Trd, 4319224.593, 79
Trd, 4319225.493, 80
Trd, 4319225.843, 82
Trd, 4319226.643, 104
Trd, 4319228.193, 81
Trd, 4319232.843, 92
Trd, 4319234.293, 94
Trd, 4319235.043, 92
Trd, 4319235.843, 104
Trd, 4319240.493, 97
Trd, 4319241.593, 95
Trd, 4319241.643, 104
Trd, 4319243.593, 94
Trd, 4319243.893, 89
Trd, 4319244.193, 74
Trd, 4319246.043, 92
Trd, 4319246.843, 87
Trd, 4319248.293, 95
Trd, 4319250.493, 95
Trd, 4319250.593, 104
Trd, 4319252.643, 104
Trd, 4319253.743, 87
Trd, 4319254.693, 100
Trd, 4319256.993, 99
Trd, 4319257.093, 93
Trd, 4319258.793, 95
Trd, 4319262.493, 95
Trd, 4319262.843, 85
Trd, 4319263.743, 108
Trd, 4319264.743, 113
Trd, 4319264.843, 100
Trd, 4319268.393, 86
Trd, 4319269.593, 85
Trd, 4319270.093, 95
Trd, 4319273.043, 86
Trd, 4319274.943, 87
Trd, 4319278.643, 90
Trd, 4319279.243, 89
Trd, 4319280.643, 93
Trd, 4319282.443, 91
Trd, 4319283.643, 91
Trd, 4319285.543, 115
Trd, 4319287.843, 107
Trd, 4319288.043, 88
Trd, 4319288.243, 87
Trd, 4319290.193, 103
Trd, 4319290.643, 104
Trd, 4319291.843, 117
Trd, 4319295.393, 106
Trd, 4319297.043, 86
Trd, 4319299.393, 85
Trd, 4319300.243, 88
Trd, 4319301.943, 75
Trd, 4319302.593, 88
Trd, 4319303.243, 89
Trd, 4319303.893, 90
Trd, 4319304.693, 104
Trd, 4319307.493, 92
Trd, 4319307.643, 88
Trd, 4319307.893, 89
Trd, 4319308.693, 91
Trd, 4319309.743, 91
Trd, 4319310.643, 96
Trd, 4319313.093, 90
Trd, 4319315.843, 94
Trd, 4319317.943, 99
Trd, 4319319.043, 104
Trd, 4319320.043, 107
Trd, 4319320.443, 81
Trd, 4319320.743, 104
Trd, 4319322.443, 84
Trd, 4319323.843, 75
Trd, 4319324.043, 97
Trd, 4319327.593, 90
Trd, 4319328.693, 108
Trd, 4319328.793, 74
Trd, 4319332.393, 106
Trd, 4319333.193, 106
Trd, 4319337.493, 87
Trd, 4319337.543, 91
Trd, 4319337.893, 98
Trd, 4319339.543, 83
Trd, 4319339.893, 104
Trd, 4319340.343, 76
Trd, 4319343.243, 102
Trd, 4319344.793, 106
Trd, 4319346.443, 113
Trd, 4319348.143, 111
Trd, 4319349.293, 103
Trd, 4319349.593, 102
Trd, 4319351.193, 112
Trd, 4319353.293, 108
Trd, 4319354.043, 90
Trd, 4319357.493, 100
Trd, 4319360.143, 87
Trd, 4319361.193, 95
Trd, 4319362.043, 94
Trd, 4319362.693, 88
Trd, 4319364.993, 90
Trd, 4319366.593, 102
Trd, 4319371.793, 97
Trd, 4319372.493, 101
Trd, 4319373.043, 96
Trd, 4319373.643, 103
Trd, 4319375.043, 95
Trd, 4319377.093, 84
Trd, 4319377.393, 78
Trd, 4319378.143, 101
Trd, 4319381.493, 99
Trd, 4319381.893, 94
Trd, 4319383.093, 94
Trd, 4319384.493, 97
Trd, 4319384.643, 100
Trd, 4319386.793, 95
Trd, 4319387.843, 102
Trd, 4319391.393, 87
Trd, 4319391.793, 89
Trd, 4319392.543, 100
Trd, 4319394.243, 89
Trd, 4319396.043, 101
Trd, 4319399.343, 84
Trd, 4319401.593, 82
Trd, 4319402.243, 91
Trd, 4319402.293, 96
Trd, 4319403.643, 103
Trd, 4319405.793, 84
Trd, 4319406.043, 102
Trd, 4319408.943, 96
Trd, 4319410.443, 88
Trd, 4319410.943, 88
Trd, 4319411.843, 85
Trd, 4319412.393, 122
Trd, 4319412.443, 113
Trd, 4319418.693, 109
Trd, 4319418.793, 104
Trd, 4319419.493, 90
Trd, 4319419.743, 108
Trd, 4319421.293, 112
Trd, 4319422.843, 86
Trd, 4319422.893, 88
Trd, 4319422.943, 85
Trd, 4319423.443, 115
Trd, 4319426.693, 123
Trd, 4319427.543, 121
Trd, 4319431.243, 92
Trd, 4319432.143, 84
Trd, 4319432.493, 107
Trd, 4319434.793, 106
Trd, 4319436.393, 108
Trd, 4319436.543, 109
Trd, 4319437.743, 110
Trd, 4319438.693, 96
Trd, 4319440.943, 95
Trd, 4319441.143, 88
Trd, 4319442.893, 89
Trd, 4319443.393, 88
Trd, 4319444.743, 89
Trd, 4319446.943, 105
Trd, 4319449.843, 81
Trd, 4319450.543, 107
Trd, 4319451.043, 84
Trd, 4319454.843, 90
Trd, 4319456.093, 93
Trd, 4319459.543, 101
Trd, 4319460.193, 102
Trd, 4319461.743, 94
Trd, 4319462.443, 95
Trd, 4319462.493, 104
Trd, 4319464.143, 97
Trd, 4319465.793, 95
Trd, 4319470.293, 94
Trd, 4319470.443, 80
Trd, 4319471.043, 95
Trd, 4319475.493, 96
Trd, 4319475.593, 97
Trd, 4319476.043, 77
Trd, 4319477.393, 94
Trd, 4319479.443, 96
Trd, 4319479.943, 103
Trd, 4319480.993, 103
Trd, 4319481.493, 104
Trd, 4319482.193, 95
Trd, 4319482.243, 117
Trd, 4319488.843, 87
Trd, 4319488.943, 90
Trd, 4319490.843, 90
Trd, 4319490.993, 91
Trd, 4319493.643, 85
Trd, 4319493.993, 85
Trd, 4319494.843, 103
Trd, 4319495.093, 104
Trd, 4319495.543, 75
Trd, 4319497.393, 92
Trd, 4319498.443, 111
Trd, 4319498.543, 91
Trd, 4319501.043, 101
Trd, 4319501.743, 88
Trd, 4319503.093, 102
Trd, 4319506.543, 91
Trd, 4319508.893, 88
Trd, 4319510.493, 77
Trd, 4319511.243, 83
Trd, 4319514.243, 76
Trd, 4319514.343, 80
Trd, 4319515.993, 84
Trd, 4319518.143, 87
Trd, 4319521.093, 81
Trd, 4319521.793, 98
Trd, 4319525.143, 76
Trd, 4319525.543, 84
Trd, 4319525.643, 85
Trd, 4319528.443, 78
Trd, 4319529.393, 76
Trd, 4319529.793, 77
Trd, 4319530.243, 104
Trd, 4319530.693, 126
Trd, 4319533.443, 94
Trd, 4319534.193, 100
Trd, 4319536.693, 96
Trd, 4319539.343, 95
Trd, 4319540.093, 95
Trd, 4319543.593, 96
Trd, 4319543.693, 99
Trd, 4319545.543, 94
Trd, 4319545.693, 104
Trd, 4319545.793, 77
Trd, 4319546.343, 114
Trd, 4319546.593, 117
Trd, 4319552.343, 101
Trd, 4319553.093, 95
Trd, 4319554.393, 102
Trd, 4319556.243, 101
Trd, 4319557.343, 88
Trd, 4319560.693, 95
Trd, 4319561.793, 98
Trd, 4319563.243, 75
Trd, 4319563.443, 98
Trd, 4319563.993, 96
Trd, 4319567.993, 93
Trd, 4319568.343, 91
Trd, 4319569.543, 103
Trd, 4319570.593, 94
Trd, 4319575.593, 97
Trd, 4319578.243, 89
Trd, 4319578.293, 91
Trd, 4319578.743, 96
Trd, 4319580.643, 91
Trd, 4319581.543, 72
Trd, 4319584.043, 104
Trd, 4319585.893, 103
Trd, 4319586.793, 117
Trd, 4319588.943, 69
Trd, 4319590.393, 85
Trd, 4319592.693, 89
Trd, 4319594.943, 104
Trd, 4319595.593, 112
Trd, 4319596.643, 96
Trd, 4319596.693, 95
Trd, 4319598.193, 92
Trd, 4319598.943, 96
Trd, 4319600.293, 84
Trd, 4319601.693, 99
Trd, 4319603.893, 112
Trd, 4319607.543, 101
Trd, 4319607.643, 94
Trd, 4319608.493, 95
Trd, 4319608.893, 111
Trd, 4319609.193, 76
Trd, 4319612.593, 91
Trd, 4319614.743, 87
Trd, 4319616.493, 98
Trd, 4319617.393, 98
Trd, 4319619.343, 96
Trd, 4319620.443, 83
Trd, 4319621.093, 96
Trd, 4319623.793, 104
Trd, 4319624.793, 118
Trd, 4319625.443, 102
Trd, 4319628.343, 94
Trd, 4319629.543, 90
Trd, 4319631.743, 84
Trd, 4319632.093, 96
Trd, 4319633.143, 97
Trd, 4319635.643, 100
Trd, 4319637.793, 102
Trd, 4319638.543, 104
Trd, 4319638.793, 97
Trd, 4319641.293, 95
Trd, 4319642.893, 101
Trd, 4319643.243, 103
Trd, 4319643.993, 95
Trd, 4319646.543, 107
Trd, 4319646.843, 107
Trd, 4319646.943, 100
Trd, 4319647.493, 76
Trd, 4319648.843, 107
Trd, 4319652.543, 79
Trd, 4319654.493, 87
Trd, 4319655.543, 104
Trd, 4319656.343, 104
Trd, 4319656.743, 115
Trd, 4319658.293, 89
Trd, 4319659.493, 97
Trd, 4319662.593, 106
Trd, 4319663.093, 87
Trd, 4319663.443, 106
Trd, 4319664.093, 86
Trd, 4319666.493, 116
Trd, 4319667.343, 94
Trd, 4319667.393, 111
Trd, 4319668.543, 92
Trd, 4319671.243, 98
Trd, 4319674.893, 98
Trd, 4319674.993, 95
Trd, 4319675.043, 101
Trd, 4319675.643, 105
Trd, 4319679.543, 108
Trd, 4319680.843, 109
Trd, 4319681.143, 106
Trd, 4319682.143, 114
Trd, 4319686.793, 96
Trd, 4319688.143, 94
Trd, 4319689.343, 75
Trd, 4319691.643, 74
Trd, 4319693.793, 79
Trd, 4319694.393, 86
Trd, 4319694.493, 87
Trd, 4319696.093, 110
Trd, 4319697.343, 106
Trd, 4319699.993, 88
Trd, 4319701.593, 103
Trd, 4319703.343, 97
Trd, 4319706.993, 97
Trd, 4319707.943, 99
Trd, 4319708.893, 100
Trd, 4319712.893, 99
Trd, 4319713.943, 93
Trd, 4319714.343, 80
Trd, 4319714.993, 89
Trd, 4319719.143, 90
Trd, 4319719.243, 91
Trd, 4319723.343, 95
Trd, 4319723.593, 92
Trd, 4319723.793, 97
Trd, 4319724.343, 96
Trd, 4319724.693, 106
Trd, 4319726.493, 103
Trd, 4319728.293, 105
Trd, 4319730.843, 94
Trd, 4319731.143, 104
Trd, 4319732.843, 83
Trd, 4319735.193, 82
Trd, 4319737.143, 84
Trd, 4319738.293, 102
Trd, 4319739.793, 87
Trd, 4319742.893, 102
Trd, 4319743.243, 102
Trd, 4319744.343, 95
Trd, 4319745.693, 96
Trd, 4319748.493, 87
Trd, 4319750.543, 85
Trd, 4319751.293, 102
Trd, 4319752.493, 86
Trd, 4319754.043, 104
Trd, 4319754.893, 109
Trd, 4319757.643, 108
Trd, 4319758.293, 96
Trd, 4319759.693, 96
Trd, 4319761.993, 90
Trd, 4319764.043, 104
Trd, 4319764.343, 104
Trd, 4319764.593, 78
Trd, 4319764.893, 113
Trd, 4319767.643, 84
Trd, 4319768.893, 91
Trd, 4319771.793, 107
Trd, 4319772.393, 107
Trd, 4319772.993, 78
Trd, 4319774.293, 104
Trd, 4319777.393, 100
Trd, 4319780.893, 92
Trd, 4319782.143, 94
Trd, 4319782.643, 95
Trd, 4319786.393, 85
Trd, 4319786.743, 86
Trd, 4319789.893, 86
Trd, 4319789.993, 85
Trd, 4319790.193, 98
Trd, 4319792.493, 88
Trd, 4319794.193, 95
Trd, 4319795.893, 94
Trd, 4319796.943, 114
Trd, 4319798.943, 96
Trd, 4319799.493, 98
Trd, 4319800.843, 97
Trd, 4319801.093, 95
Trd, 4319802.093, 86
Trd, 4319802.443, 104
Trd, 4319806.393, 82
Trd, 4319807.493, 84
Trd, 4319807.893, 89
Trd, 4319809.493, 89
Trd, 4319810.193, 71
Trd, 4319811.743, 104
Trd, 4319813.643, 101
Trd, 4319814.993, 102
Trd, 4319816.743, 101
Trd, 4319818.243, 95
Trd, 4319820.243, 102
Trd, 4319820.443, 104
Trd, 4319826.443, 93
Trd, 4319826.643, 102
Trd, 4319828.643, 94
Trd, 4319831.393, 94
Trd, 4319833.093, 83
Trd, 4319833.743, 96
Trd, 4319835.543, 98
Trd, 4319837.243, 83
Trd, 4319838.593, 102
Trd, 4319839.043, 103
Trd, 4319840.543, 97
Trd, 4319841.493, 84
Trd, 4319842.293, 98
Trd, 4319844.593, 101
Trd, 4319846.443, 75
Trd, 4319846.643, 77
Trd, 4319848.493, 89
Trd, 4319850.993, 88
Trd, 4319851.193, 104
Trd, 4319852.843, 87
Trd, 4319853.043, 91
Trd, 4319853.793, 106
Trd, 4319857.143, 95
Trd, 4319857.943, 104
Trd, 4319858.993, 101
Trd, 4319860.343, 110
Trd, 4319863.393, 94
Trd, 4319865.693, 99
Trd, 4319867.993, 74
Trd, 4319869.793, 98
Trd, 4319870.893, 97
Trd, 4319871.243, 101
Trd, 4319871.693, 95
Trd, 4319873.043, 102
Trd, 4319876.093, 103
Trd, 4319878.093, 111
Trd, 4319879.743, 97
Trd, 4319880.343, 101
Trd, 4319881.093, 85
Trd, 4319886.193, 98
Trd, 4319887.893, 76
Trd, 4319889.043, 106
Trd, 4319890.793, 100
Trd, 4319892.293, 102
Trd, 4319892.843, 100
Trd, 4319893.693, 95
Trd, 4319896.143, 99
Trd, 4319897.443, 102
Trd, 4319900.093, 88
Trd, 4319900.893, 86
Trd, 4319902.943, 98
Trd, 4319905.443, 97
Trd, 4319905.543, 96
Trd, 4319906.793, 104
Trd, 4319908.393, 108
Trd, 4319908.693, 102
Trd, 4319910.943, 95
Trd, 4319911.243, 96
Trd, 4319911.493, 84
Trd, 4319915.543, 87
Trd, 4319916.293, 101
Trd, 4319916.643, 89
Trd, 4319918.443, 87
Trd, 4319918.993, 104
Trd, 4319920.143, 113
Trd, 4319921.393, 90
Trd, 4319921.593, 88
Trd, 4319925.743, 107
Trd, 4319925.843, 109
Trd, 4319925.893, 96
Trd, 4319929.093, 104
Trd, 4319929.793, 103
Trd, 4319931.143, 86
Trd, 4319934.043, 98
Trd, 4319934.243, 97
Trd, 4319936.043, 104
Trd, 4319938.093, 88
Trd, 4319938.193, 87
Trd, 4319940.743, 109
Trd, 4319941.593, 93
Trd, 4319943.943, 98
Trd, 4319944.343, 99
Trd, 4319947.693, 96
Trd, 4319949.843, 100
Trd, 4319953.093, 87
Trd, 4319953.443, 101
Trd, 4319954.343, 104
Trd, 4319956.793, 86
Trd, 4319957.293, 86
Trd, 4319960.193, 111
Trd, 4319960.443, 85
Trd, 4319961.093, 113
Trd, 4319964.043, 95
Trd, 4319965.593, 94
Trd, 4319965.743, 77
Trd, 4319966.293, 95
Trd, 4319968.693, 93
Trd, 4319971.293, 110
Trd, 4319971.393, 88
Trd, 4319972.193, 86
Trd, 4319976.093, 82
Trd, 4319978.243, 85
Trd, 4319981.593, 83
Trd, 4319982.093, 84
Trd, 4319982.993, 97
Trd, 4319983.343, 101
Trd, 4319984.743, 113
Trd, 4319985.793, 77
Trd, 4319987.443, 101
Trd, 4319989.593, 83
Trd, 4319990.293, 92
Trd, 4319990.793, 95
Trd, 4319993.693, 97
Trd, 4319994.743, 96
Trd, 4319995.593, 94
Trd, 4319996.093, 102
Trd, 4319996.293, 91
