Trd, 4317858.843, 106
Trd, 4317859.493, 106
Trd, 4317860.193, 106
Trd, 4317861.593, 107
Trd, 4317862.743, 111
Trd, 4317864.343, 105
Trd, 4317865.593, 107
Trd, 4317865.993, 104
Trd, 4317867.343, 96
Trd, 4317870.243, 100
Trd, 4317871.443, 100
Trd, 4317871.843, 95
Trd, 4317872.293, 82
Trd, 4317874.193, 108
Trd, 4317874.643, 104
Trd, 4317876.643, 104
Trd, 4317878.343, 101
Trd, 4317880.293, 103
Trd, 4317881.143, 102
Trd, 4317884.693, 112
Trd, 4317885.093, 112
Trd, 4317885.693, 112
Trd, 4317888.343, 108
Trd, 4317888.743, 109
Trd, 4317890.443, 104
Trd, 4317892.593, 101
Trd, 4317892.643, 99
Trd, 4317896.893, 93
Trd, 4317896.993, 96
Trd, 4317897.793, 94
Trd, 4317899.943, 98
Trd, 4317902.293, 104
Trd, 4317903.143, 106
Trd, 4317903.693, 104
Trd, 4317904.543, 105
Trd, 4317905.093, 106
Trd, 4317908.243, 108
Trd, 4317909.093, 107
Trd, 4317909.293, 103
Trd, 4317912.193, 87
Trd, 4317912.443, 101
Trd, 4317913.893, 89
Trd, 4317917.143, 96
Trd, 4317918.693, 101
Trd, 4317920.843, 105
Trd, 4317921.593, 104
Trd, 4317924.293, 94
Trd, 4317924.593, 96
Trd, 4317925.543, 98
Trd, 4317928.593, 104
Trd, 4317929.093, 104
Trd, 4317929.293, 104
Trd, 4317930.843, 102
Trd, 4317931.593, 102
Trd, 4317933.893, 107
Trd, 4317934.793, 110
Trd, 4317935.493, 111
Trd, 4317938.943, 106
Trd, 4317939.693, 107
Trd, 4317940.243, 107
Trd, 4317940.543, 106
Trd, 4317941.343, 104
Trd, 4317943.493, 107
Trd, 4317943.593, 107
Trd, 4317943.693, 103
Trd, 4317945.093, 85
Trd, 4317947.743, 82
Trd, 4317949.693, 86
Trd, 4317951.593, 99
Trd, 4317952.093, 94
Trd, 4317954.043, 101
Trd, 4317954.793, 103
Trd, 4317957.093, 102
Trd, 4317957.893, 102
Trd, 4317959.193, 102
Trd, 4317960.193, 103
Trd, 4317961.343, 99
Trd, 4317963.193, 100
Trd, 4317963.293, 103
Trd, 4317964.243, 104
Trd, 4317966.293, 106
Trd, 4317966.693, 106
Trd, 4317967.843, 107
Trd, 4317970.893, 106
Trd, 4317971.643, 107
Trd, 4317972.343, 107
Trd, 4317973.493, 108
Trd, 4317975.193, 106
Trd, 4317975.643, 106
Trd, 4317977.193, 107
Trd, 4317978.493, 105
Trd, 4317980.043, 106
Trd, 4317982.793, 112
Trd, 4317985.143, 113
Trd, 4317985.393, 112
Trd, 4317985.693, 111
Trd, 4317988.743, 106
Trd, 4317989.793, 104
Trd, 4317991.543, 97
Trd, 4317992.893, 100
Trd, 4317992.943, 101
Trd, 4317995.093, 96
Trd, 4317996.893, 92
Trd, 4317997.443, 94
Trd, 4317997.793, 94
Trd, 4317998.243, 81
Trd, 4318000.193, 106
Trd, 4318001.693, 106
Trd, 4318003.993, 109
Trd, 4318004.193, 108
Trd, 4318006.543, 111
Trd, 4318007.093, 109
Trd, 4318008.943, 109
Trd, 4318008.993, 107
Trd, 4318009.293, 95
Trd, 4318013.143, 109
Trd, 4318013.743, 107
Trd, 4318015.093, 96
Trd, 4318017.843, 104
Trd, 4318018.043, 104
Trd, 4318018.093, 103
Trd, 4318020.493, 102
Trd, 4318021.293, 102
Trd, 4318021.593, 102
Trd, 4318025.293, 94
Trd, 4318026.843, 99
Trd, 4318027.793, 105
Trd, 4318028.143, 107
Trd, 4318029.993, 109
Trd, 4318031.243, 113
Trd, 4318031.393, 112
Trd, 4318032.143, 111
Trd, 4318036.043, 113
Trd, 4318036.293, 111
Trd, 4318038.743, 111
Trd, 4318039.493, 113
Trd, 4318041.643, 95
Trd, 4318041.693, 84
Trd, 4318045.593, 109
Trd, 4318046.543, 106
Trd, 4318047.043, 106
Trd, 4318047.243, 104
Trd, 4318050.643, 98
Trd, 4318051.243, 98
Trd, 4318052.593, 95
Trd, 4318054.043, 96
Trd, 4318054.993, 93
Trd, 4318055.693, 93
Trd, 4318056.293, 104
Trd, 4318058.043, 105
Trd, 4318060.193, 111
Trd, 4318060.243, 110
Trd, 4318063.443, 115
Trd, 4318064.293, 104
Trd, 4318065.193, 87
Trd, 4318068.593, 102
Trd, 4318070.193, 104
Trd, 4318072.543, 111
Trd, 4318072.693, 111
Trd, 4318073.493, 110
Trd, 4318075.493, 102
Trd, 4318077.343, 92
Trd, 4318077.643, 100
Trd, 4318078.243, 96
Trd, 4318079.443, 97
Trd, 4318082.043, 104
Trd, 4318084.293, 109
Trd, 4318085.443, 95
Trd, 4318086.743, 90
Trd, 4318087.243, 105
Trd, 4318087.993, 106
Trd, 4318090.293, 110
Trd, 4318090.693, 110
Trd, 4318091.393, 109
Trd, 4318093.543, 104
Trd, 4318095.293, 110
Trd, 4318096.493, 105
Trd, 4318097.743, 105
Trd, 4318098.643, 102
Trd, 4318100.493, 98
Trd, 4318102.493, 100
Trd, 4318102.943, 102
Trd, 4318104.943, 104
Trd, 4318106.143, 100
Trd, 4318108.293, 106
Trd, 4318109.343, 106
Trd, 4318109.593, 105
Trd, 4318112.843, 103
Trd, 4318113.743, 103
Trd, 4318114.243, 103
Trd, 4318117.543, 107
Trd, 4318118.293, 108
Trd, 4318118.693, 107
Trd, 4318118.893, 108
Trd, 4318119.143, 108
Trd, 4318120.893, 104
Trd, 4318122.543, 98
Trd, 4318122.793, 97
Trd, 4318125.943, 110
Trd, 4318126.343, 110
Trd, 4318126.743, 112
Trd, 4318129.243, 109
Trd, 4318129.743, 96
Trd, 4318131.043, 105
Trd, 4318134.393, 110
Trd, 4318135.093, 111
Trd, 4318135.493, 110
Trd, 4318136.743, 106
Trd, 4318136.993, 105
Trd, 4318137.943, 104
Trd, 4318138.393, 104
Trd, 4318140.393, 89
Trd, 4318142.643, 105
Trd, 4318143.393, 108
Trd, 4318143.843, 110
Trd, 4318144.843, 111
Trd, 4318146.393, 110
Trd, 4318147.243, 111
Trd, 4318147.743, 104
Trd, 4318148.993, 97
Trd, 4318153.493, 89
Trd, 4318154.143, 91
Trd, 4318154.693, 97
Trd, 4318154.993, 90
Trd, 4318155.643, 83
Trd, 4318156.343, 98
Trd, 4318161.843, 105
Trd, 4318161.893, 104
Trd, 4318163.343, 97
Trd, 4318163.743, 103
Trd, 4318165.993, 100
Trd, 4318166.343, 102
Trd, 4318169.143, 99
Trd, 4318169.543, 95
Trd, 4318170.043, 90
Trd, 4318172.493, 90
Trd, 4318175.443, 102
Trd, 4318176.493, 105
Trd, 4318177.443, 105
Trd, 4318178.543, 104
Trd, 4318181.143, 104
Trd, 4318181.993, 103
Trd, 4318182.543, 100
Trd, 4318182.993, 102
Trd, 4318185.743, 102
Trd, 4318186.743, 104
Trd, 4318187.643, 102
Trd, 4318188.693, 105
Trd, 4318189.043, 105
Trd, 4318190.543, 104
Trd, 4318191.893, 97
Trd, 4318192.793, 103
Trd, 4318192.993, 95
Trd, 4318196.643, 96
Trd, 4318197.393, 97
Trd, 4318199.143, 102
Trd, 4318200.293, 104
Trd, 4318201.193, 105
Trd, 4318203.543, 102
Trd, 4318205.343, 108
Trd, 4318205.993, 107
Trd, 4318207.243, 97
Trd, 4318210.343, 103
Trd, 4318210.493, 103
Trd, 4318212.343, 99
Trd, 4318214.293, 99
Trd, 4318215.693, 94
Trd, 4318217.793, 100
Trd, 4318218.243, 104
Trd, 4318218.443, 101
Trd, 4318220.093, 102
Trd, 4318223.343, 112
Trd, 4318223.443, 110
Trd, 4318224.193, 97
Trd, 4318227.193, 103
Trd, 4318227.793, 101
Trd, 4318228.393, 104
Trd, 4318229.393, 104
Trd, 4318230.043, 102
Trd, 4318231.993, 105
Trd, 4318233.693, 104
Trd, 4318235.543, 106
Trd, 4318237.093, 108
Trd, 4318238.543, 107
Trd, 4318240.343, 110
Trd, 4318241.343, 110
Trd, 4318244.243, 106
Trd, 4318244.593, 105
Trd, 4318245.193, 105
Trd, 4318246.043, 103
Trd, 4318248.843, 96
Trd, 4318249.943, 105
Trd, 4318250.843, 104
Trd, 4318251.643, 98
Trd, 4318254.343, 93
Trd, 4318256.243, 98
Trd, 4318257.743, 103
Trd, 4318257.843, 104
Trd, 4318258.893, 107
Trd, 4318259.043, 106
Trd, 4318261.493, 107
Trd, 4318261.893, 104
Trd, 4318264.693, 109
Trd, 4318264.893, 108
Trd, 4318265.793, 108
Trd, 4318269.393, 105
Trd, 4318271.493, 108
Trd, 4318271.593, 106
Trd, 4318273.293, 108
Trd, 4318274.043, 107
Trd, 4318276.543, 105
Trd, 4318278.643, 108
Trd, 4318279.643, 104
Trd, 4318281.243, 104
Trd, 4318281.993, 106
Trd, 4318282.243, 105
Trd, 4318287.393, 108
Trd, 4318287.793, 107
Trd, 4318288.643, 105
Trd, 4318289.843, 105
Trd, 4318290.943, 103
Trd, 4318291.493, 103
Trd, 4318293.693, 102
Trd, 4318295.343, 103
Trd, 4318296.293, 104
Trd, 4318297.093, 105
Trd, 4318297.343, 103
Trd, 4318298.493, 89
Trd, 4318298.593, 88
Trd, 4318301.743, 99
Trd, 4318303.393, 88
Trd, 4318306.393, 93
Trd, 4318306.493, 91
Trd, 4318306.943, 95
Trd, 4318307.893, 92
Trd, 4318309.143, 91
Trd, 4318311.943, 107
Trd, 4318312.343, 109
Trd, 4318313.593, 109
Trd, 4318314.543, 107
Trd, 4318316.293, 105
Trd, 4318316.893, 104
Trd, 4318319.043, 108
Trd, 4318320.793, 105
Trd, 4318322.243, 106
Trd, 4318323.143, 105
Trd, 4318324.343, 105
Trd, 4318325.943, 104
Trd, 4318326.243, 104
Trd, 4318327.743, 91
Trd, 4318328.343, 92
Trd, 4318329.843, 94
Trd, 4318333.143, 107
Trd, 4318335.693, 105
Trd, 4318336.093, 105
Trd, 4318336.393, 104
Trd, 4318338.593, 99
Trd, 4318340.193, 99
Trd, 4318340.343, 104
Trd, 4318341.893, 103
Trd, 4318342.943, 107
Trd, 4318344.693, 96
Trd, 4318348.143, 99
Trd, 4318349.543, 91
Trd, 4318352.043, 105
Trd, 4318353.193, 108
Trd, 4318353.343, 107
Trd, 4318353.993, 106
Trd, 4318354.693, 104
Trd, 4318356.743, 102
Trd, 4318356.893, 88
Trd, 4318359.893, 99
Trd, 4318361.343, 100
Trd, 4318361.393, 99
Trd, 4318361.893, 104
Trd, 4318362.843, 99
Trd, 4318366.993, 106
Trd, 4318367.393, 107
Trd, 4318367.643, 106
Trd, 4318369.193, 103
Trd, 4318370.243, 95
Trd, 4318371.493, 97
Trd, 4318373.093, 94
Trd, 4318374.243, 96
Trd, 4318375.143, 104
Trd, 4318377.143, 106
Trd, 4318377.743, 108
Trd, 4318379.343, 109
Trd, 4318379.393, 108
Trd, 4318379.493, 102
Trd, 4318382.193, 97
Trd, 4318384.693, 107
Trd, 4318385.243, 108
Trd, 4318385.393, 107
Trd, 4318387.143, 105
Trd, 4318388.893, 106
Trd, 4318389.943, 95
Trd, 4318393.293, 110
Trd, 4318393.993, 111
Trd, 4318394.243, 112
Trd, 4318394.743, 112
Trd, 4318398.843, 107
Trd, 4318399.543, 107
Trd, 4318400.793, 106
Trd, 4318401.293, 106
Trd, 4318402.093, 104
Trd, 4318404.443, 90
Trd, 4318405.643, 92
Trd, 4318405.943, 100
Trd, 4318407.693, 99
Trd, 4318409.843, 107
Trd, 4318410.293, 107
Trd, 4318411.543, 108
Trd, 4318411.643, 106
Trd, 4318414.143, 104
Trd, 4318414.243, 104
Trd, 4318416.693, 103
Trd, 4318418.343, 95
Trd, 4318418.893, 96
Trd, 4318421.143, 103
Trd, 4318421.443, 104
Trd, 4318423.693, 107
Trd, 4318424.893, 108
Trd, 4318425.593, 107
Trd, 4318425.793, 108
Trd, 4318425.893, 95
Trd, 4318428.243, 80
Trd, 4318430.143, 101
Trd, 4318433.593, 97
Trd, 4318433.893, 98
Trd, 4318434.343, 95
Trd, 4318435.043, 97
Trd, 4318437.643, 100
Trd, 4318438.443, 100
Trd, 4318438.593, 101
Trd, 4318439.743, 100
Trd, 4318442.043, 96
Trd, 4318442.393, 95
Trd, 4318443.793, 100
Trd, 4318445.243, 98
Trd, 4318446.443, 100
Trd, 4318446.493, 104
Trd, 4318446.543, 98
Trd, 4318446.643, 95
Trd, 4318451.143, 102
Trd, 4318451.193, 101
Trd, 4318453.193, 103
Trd, 4318457.593, 103
Trd, 4318458.993, 103
Trd, 4318460.093, 96
Trd, 4318460.343, 101
Trd, 4318461.943, 88
Trd, 4318463.243, 88
Trd, 4318465.443, 108
Trd, 4318466.193, 107
Trd, 4318466.643, 106
Trd, 4318468.843, 106
Trd, 4318470.693, 103
Trd, 4318471.943, 101
Trd, 4318472.793, 102
Trd, 4318473.543, 102
Trd, 4318474.593, 102
Trd, 4318475.443, 104
Trd, 4318475.993, 103
Trd, 4318478.043, 107
Trd, 4318478.643, 107
Trd, 4318481.143, 105
Trd, 4318482.093, 103
Trd, 4318483.493, 103
Trd, 4318484.443, 95
Trd, 4318488.993, 97
Trd, 4318490.843, 106
Trd, 4318491.293, 107
Trd, 4318494.093, 108
Trd, 4318494.593, 108
Trd, 4318495.143, 107
Trd, 4318495.693, 104
Trd, 4318499.343, 109
Trd, 4318499.843, 107
Trd, 4318501.643, 110
Trd, 4318502.493, 108
Trd, 4318503.943, 104
Trd, 4318504.543, 104
Trd, 4318504.943, 103
Trd, 4318505.893, 102
Trd, 4318506.893, 99
Trd, 4318508.893, 102
Trd, 4318512.643, 99
Trd, 4318513.093, 98
Trd, 4318513.543, 99
Trd, 4318517.593, 100
Trd, 4318518.543, 99
Trd, 4318519.493, 97
Trd, 4318520.343, 101
Trd, 4318523.243, 100
Trd, 4318525.343, 103
Trd, 4318525.993, 103
Trd, 4318526.243, 104
Trd, 4318527.893, 107
Trd, 4318527.993, 105
Trd, 4318530.043, 100
Trd, 4318531.993, 95
Trd, 4318533.193, 104
Trd, 4318535.143, 106
Trd, 4318536.493, 107
Trd, 4318537.393, 106
Trd, 4318537.993, 105
Trd, 4318539.093, 108
Trd, 4318540.493, 104
Trd, 4318543.393, 110
Trd, 4318543.593, 84
Trd, 4318546.793, 107
Trd, 4318547.543, 107
Trd, 4318548.043, 107
Trd, 4318550.243, 104
Trd, 4318551.043, 96
Trd, 4318553.543, 109
Trd, 4318554.993, 107
Trd, 4318555.893, 109
Trd, 4318557.543, 110
Trd, 4318558.543, 97
Trd, 4318559.643, 95
Trd, 4318560.043, 103
Trd, 4318563.293, 100
Trd, 4318564.843, 100
Trd, 4318566.143, 100
Trd, 4318567.143, 103
Trd, 4318567.693, 104
Trd, 4318571.593, 110
Trd, 4318571.793, 108
Trd, 4318572.693, 108
Trd, 4318575.193, 112
Trd, 4318576.043, 112
Trd, 4318577.743, 108
Trd, 4318578.343, 108
Trd, 4318578.543, 107
Trd, 4318581.193, 109
Trd, 4318582.593, 109
Trd, 4318582.993, 108
Trd, 4318584.593, 109
Trd, 4318584.943, 108
Trd, 4318585.993, 105
Trd, 4318586.943, 106
Trd, 4318587.893, 96
Trd, 4318587.993, 86
Trd, 4318591.843, 106
Trd, 4318594.093, 111
Trd, 4318595.243, 110
Trd, 4318595.493, 111
Trd, 4318596.643, 112
Trd, 4318598.243, 108
Trd, 4318598.543, 103
Trd, 4318601.043, 86
Trd, 4318604.943, 104
Trd, 4318605.543, 104
Trd, 4318605.743, 104
Trd, 4318607.493, 107
Trd, 4318608.593, 107
Trd, 4318611.643, 107
Trd, 4318611.943, 108
Trd, 4318613.943, 108
Trd, 4318615.643, 109
Trd, 4318615.993, 109
Trd, 4318616.843, 107
Trd, 4318617.293, 104
Trd, 4318619.543, 99
Trd, 4318619.743, 95
Trd, 4318623.793, 98
Trd, 4318624.143, 98
Trd, 4318626.693, 107
Trd, 4318628.643, 106
Trd, 4318628.993, 105
Trd, 4318629.743, 105
Trd, 4318630.093, 105
Trd, 4318633.593, 108
Trd, 4318633.793, 106
Trd, 4318634.493, 104
Trd, 4318638.093, 107
Trd, 4318638.443, 107
Trd, 4318639.543, 108
Trd, 4318639.693, 104
Trd, 4318641.593, 105
Trd, 4318642.793, 106
Trd, 4318644.843, 109
Trd, 4318646.243, 105
Trd, 4318647.643, 107
Trd, 4318648.543, 109
Trd, 4318651.693, 112
Trd, 4318652.843, 114
Trd, 4318654.443, 113
Trd, 4318655.343, 104
Trd, 4318655.493, 95
Trd, 4318656.393, 80
Trd, 4318659.743, 92
Trd, 4318660.893, 103
Trd, 4318662.693, 99
Trd, 4318664.643, 107
Trd, 4318665.693, 108
Trd, 4318665.943, 107
Trd, 4318667.793, 104
Trd, 4318667.993, 104
Trd, 4318669.993, 105
Trd, 4318671.943, 111
Trd, 4318672.043, 111
Trd, 4318674.043, 110
Trd, 4318675.293, 109
Trd, 4318677.093, 105
Trd, 4318677.643, 104
Trd, 4318680.843, 110
Trd, 4318683.493, 108
Trd, 4318684.393, 107
Trd, 4318687.443, 105
Trd, 4318687.943, 106
Trd, 4318688.393, 105
Trd, 4318689.543, 103
Trd, 4318691.093, 107
Trd, 4318691.743, 105
Trd, 4318691.843, 104
Trd, 4318691.893, 95
Trd, 4318696.093, 99
Trd, 4318696.893, 100
Trd, 4318697.143, 99
Trd, 4318699.243, 90
Trd, 4318700.793, 96
Trd, 4318702.843, 107
Trd, 4318703.393, 106
Trd, 4318703.793, 106
Trd, 4318704.943, 108
Trd, 4318707.643, 107
Trd, 4318708.343, 107
Trd, 4318709.443, 104
Trd, 4318712.993, 107
Trd, 4318713.493, 107
Trd, 4318715.143, 108
Trd, 4318715.943, 103
Trd, 4318719.843, 108
Trd, 4318719.993, 109
Trd, 4318720.143, 109
Trd, 4318720.443, 104
Trd, 4318724.243, 106
Trd, 4318725.343, 108
Trd, 4318725.393, 107
Trd, 4318727.143, 108
Trd, 4318727.943, 108
Trd, 4318728.293, 107
Trd, 4318731.043, 105
Trd, 4318732.293, 107
Trd, 4318736.643, 111
Trd, 4318737.893, 116
Trd, 4318738.643, 117
Trd, 4318739.543, 113
Trd, 4318740.193, 104
Trd, 4318742.043, 82
Trd, 4318743.043, 87
Trd, 4318743.143, 84
Trd, 4318744.143, 104
Trd, 4318746.793, 77
Trd, 4318748.843, 107
Trd, 4318750.593, 105
Trd, 4318751.443, 104
Trd, 4318751.993, 103
Trd, 4318752.993, 97
Trd, 4318753.943, 85
Trd, 4318754.943, 102
Trd, 4318759.543, 108
Trd, 4318760.293, 109
Trd, 4318761.193, 109
Trd, 4318761.243, 102
Trd, 4318763.293, 88
Trd, 4318765.843, 109
Trd, 4318766.093, 109
Trd, 4318766.743, 109
Trd, 4318767.793, 104
Trd, 4318771.443, 103
Trd, 4318771.943, 103
Trd, 4318772.243, 103
Trd, 4318773.043, 96
Trd, 4318773.093, 103
Trd, 4318775.693, 102
Trd, 4318776.493, 102
Trd, 4318776.843, 99
Trd, 4318779.593, 95
Trd, 4318779.643, 93
Trd, 4318782.793, 95
Trd, 4318784.443, 102
Trd, 4318785.193, 103
Trd, 4318786.443, 104
Trd, 4318787.993, 106
Trd, 4318790.743, 105
Trd, 4318790.993, 105
Trd, 4318791.893, 106
Trd, 4318793.143, 105
Trd, 4318793.643, 104
Trd, 4318794.393, 105
Trd, 4318796.193, 102
Trd, 4318796.543, 96
Trd, 4318798.593, 100
Trd, 4318799.743, 105
Trd, 4318800.543, 104
Trd, 4318801.643, 105
Trd, 4318802.093, 106
Trd, 4318802.893, 104
Trd, 4318807.143, 96
Trd, 4318807.993, 108
Trd, 4318809.243, 107
Trd, 4318809.443, 106
Trd, 4318810.393, 106
Trd, 4318810.843, 105
Trd, 4318812.243, 103
Trd, 4318812.893, 69
Trd, 4318814.443, 105
Trd, 4318815.943, 110
Trd, 4318817.243, 112
Trd, 4318818.793, 113
Trd, 4318821.093, 107
Trd, 4318822.143, 105
Trd, 4318823.443, 106
Trd, 4318823.943, 107
Trd, 4318824.693, 108
Trd, 4318827.793, 105
Trd, 4318829.043, 104
Trd, 4318831.193, 87
Trd, 4318832.293, 89
Trd, 4318833.793, 102
Trd, 4318835.043, 96
Trd, 4318837.393, 103
Trd, 4318839.243, 107
Trd, 4318841.143, 104
Trd, 4318841.493, 105
Trd, 4318841.793, 103
Trd, 4318844.543, 95
Trd, 4318848.143, 110
Trd, 4318848.993, 112
Trd, 4318849.243, 112
Trd, 4318849.793, 109
Trd, 4318850.243, 104
Trd, 4318852.493, 104
Trd, 4318853.943, 107
Trd, 4318856.243, 108
Trd, 4318856.393, 107
Trd, 4318858.243, 105
Trd, 4318858.443, 105
Trd, 4318859.043, 104
Trd, 4318860.343, 84
Trd, 4318862.093, 104
Trd, 4318862.843, 105
Trd, 4318865.443, 112
Trd, 4318865.743, 112
Trd, 4318866.093, 113
Trd, 4318866.243, 113
Trd, 4318867.793, 103
Trd, 4318868.693, 96
Trd, 4318871.993, 101
Trd, 4318872.443, 102
Trd, 4318872.893, 104
Trd, 4318873.393, 103
Trd, 4318875.293, 104
Trd, 4318877.543, 102
Trd, 4318877.743, 101
Trd, 4318881.393, 98
Trd, 4318881.843, 97
Trd, 4318882.043, 98
Trd, 4318884.943, 107
Trd, 4318885.943, 109
Trd, 4318886.843, 109
Trd, 4318886.943, 108
Trd, 4318889.743, 102
Trd, 4318889.993, 99
Trd, 4318893.143, 104
Trd, 4318893.393, 103
Trd, 4318894.843, 103
Trd, 4318896.143, 81
Trd, 4318898.093, 88
Trd, 4318901.043, 103
Trd, 4318902.243, 92
Trd, 4318902.643, 85
Trd, 4318905.393, 105
Trd, 4318906.193, 105
Trd, 4318906.293, 104
Trd, 4318906.543, 86
Trd, 4318911.593, 110
Trd, 4318911.943, 109
Trd, 4318912.593, 108
Trd, 4318913.543, 106
Trd, 4318914.893, 105
Trd, 4318915.243, 97
Trd, 4318917.893, 105
Trd, 4318919.693, 104
Trd, 4318920.343, 106
Trd, 4318921.043, 107
Trd, 4318921.093, 95
Trd, 4318922.493, 105
Trd, 4318922.643, 104
Trd, 4318926.443, 97
Trd, 4318928.743, 95
Trd, 4318929.693, 100
Trd, 4318932.493, 97
Trd, 4318932.643, 98
Trd, 4318932.743, 97
Trd, 4318933.643, 104
Trd, 4318934.543, 83
Trd, 4318936.093, 104
Trd, 4318940.843, 102
Trd, 4318940.993, 100
Trd, 4318941.243, 95
Trd, 4318943.643, 90
Trd, 4318945.343, 97
Trd, 4318945.993, 97
Trd, 4318947.343, 83
Trd, 4318952.543, 105
Trd, 4318954.443, 110
Trd, 4318955.493, 110
Trd, 4318956.093, 111
Trd, 4318956.243, 95
Trd, 4318957.693, 105
Trd, 4318958.893, 108
Trd, 4318960.443, 107
Trd, 4318964.343, 83
Trd, 4318964.743, 98
Trd, 4318966.743, 97
Trd, 4318968.293, 104
Trd, 4318968.443, 104
Trd, 4318968.643, 102
Trd, 4318973.193, 102
Trd, 4318973.793, 104
Trd, 4318974.893, 100
Trd, 4318975.643, 95
Trd, 4318977.543, 94
Trd, 4318978.293, 97
Trd, 4318978.943, 99
Trd, 4318979.443, 99
Trd, 4318980.843, 99
Trd, 4318981.243, 95
Trd, 4318984.143, 100
Trd, 4318985.443, 102
Trd, 4318985.893, 103
Trd, 4318985.943, 102
Trd, 4318986.193, 95
Trd, 4318990.393, 91
Trd, 4318990.443, 98
Trd, 4318991.843, 96
Trd, 4318992.643, 96
Trd, 4318993.243, 103
Trd, 4318995.143, 96
Trd, 4318995.393, 95
Trd, 4318999.293, 99
Trd, 4319000.793, 100
Trd, 4319002.093, 102
Trd, 4319002.243, 103
Trd, 4319002.793, 103
Trd, 4319003.693, 104
Trd, 4319004.993, 103
Trd, 4319006.043, 104
Trd, 4319007.743, 95
Trd, 4319010.393, 95
Trd, 4319010.943, 93
Trd, 4319012.843, 96
Trd, 4319014.643, 98
Trd, 4319015.343, 104
Trd, 4319018.493, 112
Trd, 4319019.893, 117
Trd, 4319020.793, 119
Trd, 4319021.393, 118
Trd, 4319021.493, 113
Trd, 4319021.743, 104
Trd, 4319022.093, 95
Trd, 4319025.343, 103
Trd, 4319026.943, 91
Trd, 4319030.093, 96
Trd, 4319030.393, 102
Trd, 4319031.043, 96
Trd, 4319032.543, 95
Trd, 4319036.943, 87
Trd, 4319037.243, 98
Trd, 4319038.743, 92
Trd, 4319040.493, 101
Trd, 4319041.443, 102
Trd, 4319045.093, 110
Trd, 4319045.193, 109
Trd, 4319049.093, 104
Trd, 4319049.443, 104
Trd, 4319051.293, 103
Trd, 4319051.593, 100
Trd, 4319053.143, 104
Trd, 4319054.093, 104
Trd, 4319056.893, 109
Trd, 4319057.893, 109
Trd, 4319058.243, 104
Trd, 4319059.943, 86
Trd, 4319061.243, 86
Trd, 4319062.293, 105
Trd, 4319062.643, 105
Trd, 4319062.843, 105
Trd, 4319065.393, 107
Trd, 4319066.893, 104
Trd, 4319067.493, 96
Trd, 4319068.493, 97
Trd, 4319071.743, 108
Trd, 4319072.193, 109
Trd, 4319072.793, 108
Trd, 4319075.593, 111
Trd, 4319075.743, 110
Trd, 4319076.993, 105
Trd, 4319078.393, 104
Trd, 4319082.593, 106
Trd, 4319083.043, 106
Trd, 4319083.493, 106
Trd, 4319083.993, 107
Trd, 4319084.043, 106
Trd, 4319086.393, 95
Trd, 4319087.693, 106
Trd, 4319088.093, 109
Trd, 4319090.943, 111
Trd, 4319091.643, 110
Trd, 4319092.493, 110
Trd, 4319094.193, 110
Trd, 4319095.343, 103
Trd, 4319097.143, 98
Trd, 4319099.393, 101
Trd, 4319100.843, 105
Trd, 4319101.393, 106
Trd, 4319102.343, 105
Trd, 4319105.343, 107
Trd, 4319106.393, 108
Trd, 4319106.943, 108
Trd, 4319108.243, 96
Trd, 4319108.843, 79
Trd, 4319112.443, 105
Trd, 4319114.243, 108
Trd, 4319115.193, 112
Trd, 4319116.443, 107
Trd, 4319116.643, 104
Trd, 4319118.493, 85
Trd, 4319121.593, 89
Trd, 4319123.193, 107
Trd, 4319123.443, 107
Trd, 4319123.793, 107
Trd, 4319125.693, 108
Trd, 4319126.093, 108
Trd, 4319127.143, 108
Trd, 4319128.993, 105
Trd, 4319130.993, 105
Trd, 4319131.043, 104
Trd, 4319132.693, 103
Trd, 4319134.693, 95
Trd, 4319137.693, 108
Trd, 4319138.093, 108
Trd, 4319139.593, 107
Trd, 4319139.843, 106
Trd, 4319143.043, 106
Trd, 4319143.593, 104
Trd, 4319144.143, 95
Trd, 4319145.393, 105
Trd, 4319146.093, 85
Trd, 4319148.543, 100
Trd, 4319148.693, 81
Trd, 4319153.943, 98
Trd, 4319154.593, 104
Trd, 4319154.743, 101
Trd, 4319156.443, 103
Trd, 4319157.843, 104
Trd, 4319159.143, 104
Trd, 4319160.043, 105
Trd, 4319161.543, 103
Trd, 4319164.893, 101
Trd, 4319165.243, 103
Trd, 4319165.743, 102
Trd, 4319167.243, 101
Trd, 4319168.893, 80
Trd, 4319170.393, 99
Trd, 4319171.793, 94
Trd, 4319172.993, 96
Trd, 4319174.143, 97
Trd, 4319174.293, 98
Trd, 4319174.793, 104
Trd, 4319175.793, 97
Trd, 4319178.393, 105
Trd, 4319179.493, 105
Trd, 4319179.593, 105
Trd, 4319181.343, 106
Trd, 4319182.943, 104
Trd, 4319183.093, 105
Trd, 4319186.743, 106
Trd, 4319186.893, 107
Trd, 4319188.993, 110
Trd, 4319189.393, 107
Trd, 4319191.993, 106
Trd, 4319194.243, 110
Trd, 4319194.943, 109
Trd, 4319195.143, 108
Trd, 4319196.693, 105
Trd, 4319198.793, 108
Trd, 4319199.743, 111
Trd, 4319200.343, 112
Trd, 4319202.993, 105
Trd, 4319204.393, 108
Trd, 4319206.343, 104
Trd, 4319206.643, 95
Trd, 4319209.193, 85
Trd, 4319212.243, 95
Trd, 4319213.793, 99
Trd, 4319214.693, 103
Trd, 4319215.743, 102
Trd, 4319216.793, 104
Trd, 4319218.493, 105
Trd, 4319219.843, 97
Trd, 4319220.393, 105
Trd, 4319220.693, 104
Trd, 4319223.443, 107
Trd, 4319224.343, 111
Trd, 4319224.493, 111
Trd, 4319224.993, 103
Trd, 4319226.693, 103
Trd, 4319229.393, 109
Trd, 4319229.543, 109
Trd, 4319230.393, 109
Trd, 4319231.593, 110
Trd, 4319233.493, 109
Trd, 4319234.743, 104
Trd, 4319237.093, 107
Trd, 4319237.693, 106
Trd, 4319240.493, 104
Trd, 4319241.343, 99
Trd, 4319241.843, 97
Trd, 4319244.343, 105
Trd, 4319245.493, 104
Trd, 4319246.243, 100
Trd, 4319249.393, 100
Trd, 4319249.593, 99
Trd, 4319250.543, 100
Trd, 4319251.093, 98
Trd, 4319254.443, 111
Trd, 4319255.193, 113
Trd, 4319257.943, 115
Trd, 4319258.643, 115
Trd, 4319258.693, 113
Trd, 4319260.143, 103
Trd, 4319261.143, 96
Trd, 4319262.093, 105
Trd, 4319264.193, 108
Trd, 4319266.143, 107
Trd, 4319266.993, 108
Trd, 4319267.693, 107
Trd, 4319267.943, 106
Trd, 4319268.193, 103
Trd, 4319269.743, 104
Trd, 4319272.443, 95
Trd, 4319275.893, 95
Trd, 4319276.043, 95
Trd, 4319276.193, 104
Trd, 4319276.443, 95
Trd, 4319277.793, 88
Trd, 4319278.243, 87
Trd, 4319279.693, 105
Trd, 4319280.793, 105
Trd, 4319285.343, 107
Trd, 4319285.693, 107
Trd, 4319285.743, 106
Trd, 4319286.243, 104
Trd, 4319289.193, 88
Trd, 4319291.143, 105
Trd, 4319291.443, 105
Trd, 4319293.893, 105
Trd, 4319294.243, 105
Trd, 4319295.143, 102
Trd, 4319296.743, 98
Trd, 4319297.743, 100
Trd, 4319298.643, 101
Trd, 4319298.793, 100
Trd, 4319298.993, 84
Trd, 4319303.943, 99
Trd, 4319304.643, 100
Trd, 4319305.143, 95
Trd, 4319305.243, 101
Trd, 4319305.743, 104
Trd, 4319308.943, 100
Trd, 4319310.693, 102
Trd, 4319312.093, 104
Trd, 4319313.543, 108
Trd, 4319314.143, 108
Trd, 4319314.993, 108
Trd, 4319315.343, 107
Trd, 4319316.843, 105
Trd, 4319320.993, 106
Trd, 4319321.693, 106
Trd, 4319321.793, 105
Trd, 4319323.543, 105
Trd, 4319324.243, 104
Trd, 4319325.093, 97
Trd, 4319328.093, 107
Trd, 4319328.643, 108
Trd, 4319329.243, 108
Trd, 4319330.043, 107
Trd, 4319331.743, 96
Trd, 4319335.193, 110
Trd, 4319336.093, 110
Trd, 4319337.093, 111
Trd, 4319337.543, 110
Trd, 4319338.843, 107
Trd, 4319340.943, 110
Trd, 4319341.943, 104
Trd, 4319343.543, 104
Trd, 4319346.343, 99
Trd, 4319346.593, 100
Trd, 4319347.943, 105
Trd, 4319348.793, 108
Trd, 4319351.043, 108
Trd, 4319351.593, 107
Trd, 4319352.393, 105
Trd, 4319354.443, 104
Trd, 4319354.643, 84
Trd, 4319357.643, 112
Trd, 4319358.293, 112
Trd, 4319358.443, 111
Trd, 4319358.843, 110
Trd, 4319361.993, 107
Trd, 4319362.943, 110
Trd, 4319363.343, 111
Trd, 4319365.543, 104
Trd, 4319365.993, 104
Trd, 4319368.043, 98
Trd, 4319368.243, 98
Trd, 4319370.793, 100
Trd, 4319371.293, 98
Trd, 4319372.593, 97
Trd, 4319373.843, 106
Trd, 4319375.793, 107
Trd, 4319376.793, 104
Trd, 4319377.343, 106
Trd, 4319378.493, 97
Trd, 4319381.843, 108
Trd, 4319383.693, 105
Trd, 4319383.993, 105
Trd, 4319384.643, 104
Trd, 4319385.293, 103
Trd, 4319386.243, 96
Trd, 4319386.993, 95
Trd, 4319389.343, 106
Trd, 4319392.743, 108
Trd, 4319393.843, 108
Trd, 4319394.043, 107
Trd, 4319396.443, 100
Trd, 4319397.743, 86
Trd, 4319398.893, 84
Trd, 4319400.193, 86
Trd, 4319402.143, 98
Trd, 4319402.693, 89
Trd, 4319405.243, 97
Trd, 4319406.293, 99
Trd, 4319406.343, 98
Trd, 4319409.843, 106
Trd, 4319411.243, 107
Trd, 4319413.643, 114
Trd, 4319414.243, 113
Trd, 4319415.043, 95
Trd, 4319417.943, 104
Trd, 4319419.443, 108
Trd, 4319420.243, 108
Trd, 4319420.643, 108
Trd, 4319421.043, 109
Trd, 4319423.043, 104
Trd, 4319428.193, 103
Trd, 4319428.593, 103
Trd, 4319428.743, 104
Trd, 4319429.093, 102
Trd, 4319431.343, 106
Trd, 4319433.393, 103
Trd, 4319434.693, 105
Trd, 4319435.843, 107
Trd, 4319437.193, 106
Trd, 4319437.493, 106
Trd, 4319437.843, 104
Trd, 4319442.393, 100
Trd, 4319442.693, 101
Trd, 4319442.943, 100
Trd, 4319445.043, 104
Trd, 4319447.843, 101
Trd, 4319448.593, 104
Trd, 4319449.493, 103
Trd, 4319449.743, 104
Trd, 4319449.943, 104
Trd, 4319454.743, 113
Trd, 4319455.543, 113
Trd, 4319455.743, 114
Trd, 4319455.793, 113
Trd, 4319457.643, 104
Trd, 4319459.493, 108
Trd, 4319459.593, 107
Trd, 4319461.493, 106
Trd, 4319462.543, 104
Trd, 4319463.693, 89
Trd, 4319464.693, 103
Trd, 4319465.593, 95
Trd, 4319466.743, 103
Trd, 4319468.743, 98
Trd, 4319470.393, 99
Trd, 4319472.093, 102
Trd, 4319472.893, 104
Trd, 4319474.593, 111
Trd, 4319475.543, 111
Trd, 4319478.343, 112
Trd, 4319478.743, 112
Trd, 4319479.043, 104
Trd, 4319483.043, 107
Trd, 4319483.093, 106
Trd, 4319484.843, 105
Trd, 4319485.043, 106
Trd, 4319486.143, 104
Trd, 4319488.993, 104
Trd, 4319489.043, 104
Trd, 4319490.343, 106
Trd, 4319493.243, 109
Trd, 4319493.443, 108
Trd, 4319494.893, 108
Trd, 4319496.293, 104
Trd, 4319497.143, 98
Trd, 4319498.093, 102
Trd, 4319499.143, 104
Trd, 4319500.743, 106
Trd, 4319501.543, 104
Trd, 4319502.743, 95
Trd, 4319504.393, 104
Trd, 4319508.443, 104
Trd, 4319509.193, 105
Trd, 4319510.793, 107
Trd, 4319511.393, 107
Trd, 4319512.193, 106
Trd, 4319512.243, 104
Trd, 4319516.793, 98
Trd, 4319517.943, 101
Trd, 4319518.243, 101
Trd, 4319519.193, 97
Trd, 4319519.243, 96
Trd, 4319519.693, 104
Trd, 4319520.693, 86
Trd, 4319523.443, 87
Trd, 4319526.243, 94
Trd, 4319527.643, 97
Trd, 4319528.143, 103
Trd, 4319528.343, 104
Trd, 4319529.443, 103
Trd, 4319530.393, 103
Trd, 4319532.643, 101
Trd, 4319532.993, 102
Trd, 4319533.793, 96
Trd, 4319537.193, 87
Trd, 4319537.593, 104
Trd, 4319539.893, 94
Trd, 4319541.593, 99
Trd, 4319542.493, 101
Trd, 4319543.743, 101
Trd, 4319546.593, 108
Trd, 4319548.693, 108
Trd, 4319548.743, 108
Trd, 4319549.043, 109
Trd, 4319549.193, 107
Trd, 4319551.693, 105
Trd, 4319552.593, 106
Trd, 4319552.643, 104
Trd, 4319554.143, 82
Trd, 4319556.743, 102
Trd, 4319558.143, 103
Trd, 4319558.793, 94
Trd, 4319562.693, 97
Trd, 4319563.693, 98
Trd, 4319565.593, 99
Trd, 4319566.043, 102
Trd, 4319566.243, 95
Trd, 4319567.043, 88
Trd, 4319568.043, 91
Trd, 4319571.043, 98
Trd, 4319571.743, 99
Trd, 4319572.393, 104
Trd, 4319574.543, 105
Trd, 4319575.493, 105
Trd, 4319578.193, 111
Trd, 4319578.743, 110
Trd, 4319579.643, 104
Trd, 4319580.743, 105
Trd, 4319582.043, 104
Trd, 4319584.143, 107
Trd, 4319585.893, 112
Trd, 4319586.493, 112
Trd, 4319586.593, 104
Trd, 4319590.693, 107
Trd, 4319592.193, 105
Trd, 4319593.443, 106
Trd, 4319593.693, 107
Trd, 4319594.093, 106
Trd, 4319595.993, 109
Trd, 4319596.343, 108
Trd, 4319597.093, 103
Trd, 4319599.393, 93
Trd, 4319600.293, 91
Trd, 4319603.393, 113
Trd, 4319603.793, 112
Trd, 4319604.043, 112
Trd, 4319607.193, 112
Trd, 4319607.293, 111
Trd, 4319607.593, 110
Trd, 4319609.793, 108
Trd, 4319611.193, 104
Trd, 4319612.793, 106
Trd, 4319613.993, 105
Trd, 4319614.243, 104
Trd, 4319615.543, 104
Trd, 4319616.393, 100
Trd, 4319619.393, 107
Trd, 4319620.743, 108
Trd, 4319620.993, 108
Trd, 4319622.093, 108
Trd, 4319622.493, 108
Trd, 4319625.643, 103
Trd, 4319626.343, 90
Trd, 4319627.593, 94
Trd, 4319630.393, 110
Trd, 4319630.443, 108
Trd, 4319632.593, 110
Trd, 4319633.143, 110
Trd, 4319634.043, 109
Trd, 4319636.043, 106
Trd, 4319636.343, 106
Trd, 4319637.893, 105
Trd, 4319640.943, 104
Trd, 4319641.243, 104
Trd, 4319641.493, 105
Trd, 4319642.343, 98
Trd, 4319643.743, 99
Trd, 4319647.593, 89
Trd, 4319648.693, 101
Trd, 4319649.093, 95
Trd, 4319650.343, 98
Trd, 4319651.193, 102
Trd, 4319651.993, 85
Trd, 4319655.893, 100
Trd, 4319656.493, 99
Trd, 4319657.493, 98
Trd, 4319658.643, 104
Trd, 4319659.343, 99
Trd, 4319661.943, 111
Trd, 4319662.893, 110
Trd, 4319663.293, 110
Trd, 4319665.093, 105
Trd, 4319667.643, 109
Trd, 4319668.443, 107
Trd, 4319669.193, 105
Trd, 4319669.493, 104
Trd, 4319670.843, 103
Trd, 4319671.793, 100
Trd, 4319672.543, 104
Trd, 4319675.043, 107
Trd, 4319676.843, 107
Trd, 4319677.193, 108
Trd, 4319677.643, 104
Trd, 4319678.493, 104
Trd, 4319680.193, 99
Trd, 4319682.243, 104
Trd, 4319683.693, 105
Trd, 4319684.793, 104
Trd, 4319686.393, 104
Trd, 4319688.243, 107
Trd, 4319689.793, 106
Trd, 4319691.393, 106
Trd, 4319692.193, 102
Trd, 4319693.393, 104
Trd, 4319694.193, 105
Trd, 4319696.743, 104
Trd, 4319696.843, 103
Trd, 4319697.493, 103
Trd, 4319697.843, 87
Trd, 4319700.743, 95
Trd, 4319701.193, 94
Trd, 4319701.443, 103
Trd, 4319702.743, 78
Trd, 4319703.393, 79
Trd, 4319705.143, 85
Trd, 4319706.193, 81
Trd, 4319709.943, 87
Trd, 4319710.143, 87
Trd, 4319713.343, 95
Trd, 4319714.343, 97
Trd, 4319715.743, 102
Trd, 4319716.543, 101
Trd, 4319717.493, 105
Trd, 4319718.793, 105
Trd, 4319721.193, 107
Trd, 4319722.543, 107
Trd, 4319725.393, 109
Trd, 4319725.593, 111
Trd, 4319726.343, 111
Trd, 4319726.443, 110
Trd, 4319727.493, 104
Trd, 4319728.693, 106
Trd, 4319731.143, 111
Trd, 4319731.393, 110
Trd, 4319733.393, 105
Trd, 4319735.893, 107
Trd, 4319737.493, 105
Trd, 4319737.643, 103
Trd, 4319741.143, 91
Trd, 4319741.393, 90
Trd, 4319743.593, 95
Trd, 4319743.793, 94
Trd, 4319746.843, 94
Trd, 4319747.093, 98
Trd, 4319747.843, 96
Trd, 4319749.343, 104
Trd, 4319752.043, 108
Trd, 4319752.593, 108
Trd, 4319754.043, 107
Trd, 4319754.293, 108
Trd, 4319755.193, 107
Trd, 4319757.243, 105
Trd, 4319758.843, 107
Trd, 4319761.443, 105
Trd, 4319761.643, 104
Trd, 4319762.243, 105
Trd, 4319762.943, 104
Trd, 4319763.493, 105
Trd, 4319765.143, 106
Trd, 4319766.843, 102
Trd, 4319767.693, 78
Trd, 4319771.443, 104
Trd, 4319773.293, 105
Trd, 4319773.393, 106
Trd, 4319774.043, 106
Trd, 4319775.293, 90
Trd, 4319777.493, 90
Trd, 4319777.943, 89
Trd, 4319781.293, 103
Trd, 4319785.493, 111
Trd, 4319785.793, 110
Trd, 4319786.393, 110
Trd, 4319786.643, 111
Trd, 4319787.493, 112
Trd, 4319789.793, 107
Trd, 4319790.443, 106
Trd, 4319792.993, 108
Trd, 4319794.343, 107
Trd, 4319796.743, 104
Trd, 4319798.343, 105
Trd, 4319800.143, 105
Trd, 4319800.943, 105
Trd, 4319801.793, 106
Trd, 4319801.993, 103
Trd, 4319804.243, 106
Trd, 4319804.743, 106
Trd, 4319806.993, 107
Trd, 4319811.543, 110
Trd, 4319811.843, 111
Trd, 4319812.343, 107
Trd, 4319812.893, 104
Trd, 4319815.493, 88
Trd, 4319817.243, 104
Trd, 4319819.043, 102
Trd, 4319819.243, 103
Trd, 4319820.093, 97
Trd, 4319822.343, 96
Trd, 4319823.043, 97
Trd, 4319826.843, 106
Trd, 4319827.843, 108
Trd, 4319828.443, 107
Trd, 4319828.593, 103
Trd, 4319831.243, 101
Trd, 4319831.393, 99
Trd, 4319832.893, 100
Trd, 4319833.043, 101
Trd, 4319834.193, 95
Trd, 4319835.143, 84
Trd, 4319840.593, 100
Trd, 4319841.443, 97
Trd, 4319841.843, 95
Trd, 4319843.743, 96
Trd, 4319844.393, 97
Trd, 4319844.943, 98
Trd, 4319845.893, 99
Trd, 4319847.293, 98
Trd, 4319851.043, 97
Trd, 4319851.643, 94
Trd, 4319852.493, 97
Trd, 4319852.743, 96
Trd, 4319856.593, 105
Trd, 4319857.493, 107
Trd, 4319857.893, 105
Trd, 4319859.043, 106
Trd, 4319861.243, 108
Trd, 4319862.293, 110
Trd, 4319863.343, 110
Trd, 4319863.393, 104
Trd, 4319864.693, 84
Trd, 4319867.093, 94
Trd, 4319869.093, 97
Trd, 4319870.343, 99
Trd, 4319871.093, 98
Trd, 4319871.243, 104
Trd, 4319873.243, 91
Trd, 4319874.293, 86
Trd, 4319875.993, 103
Trd, 4319877.993, 106
Trd, 4319878.393, 105
Trd, 4319878.993, 107
Trd, 4319882.043, 107
Trd, 4319882.893, 106
Trd, 4319883.893, 105
Trd, 4319884.043, 105
Trd, 4319884.493, 103
Trd, 4319886.293, 104
Trd, 4319888.843, 107
Trd, 4319889.843, 107
Trd, 4319890.993, 104
Trd, 4319891.443, 105
Trd, 4319892.093, 104
Trd, 4319895.543, 104
Trd, 4319896.743, 95
Trd, 4319896.843, 86
Trd, 4319899.943, 88
Trd, 4319901.793, 93
Trd, 4319903.043, 97
Trd, 4319903.293, 104
Trd, 4319904.943, 107
Trd, 4319906.393, 108
Trd, 4319906.793, 108
Trd, 4319909.093, 113
Trd, 4319909.193, 112
Trd, 4319909.443, 110
Trd, 4319909.843, 104
Trd, 4319913.443, 108
Trd, 4319914.993, 110
Trd, 4319917.043, 113
Trd, 4319917.793, 114
Trd, 4319918.643, 113
Trd, 4319918.993, 104
Trd, 4319922.393, 99
Trd, 4319923.693, 105
Trd, 4319923.943, 106
Trd, 4319924.393, 105
Trd, 4319924.443, 103
Trd, 4319925.143, 97
Trd, 4319926.993, 104
Trd, 4319928.493, 102
Trd, 4319928.943, 94
Trd, 4319931.343, 99
Trd, 4319931.393, 97
Trd, 4319933.043, 87
Trd, 4319933.193, 101
Trd, 4319936.693, 99
Trd, 4319937.343, 100
Trd, 4319939.293, 104
Trd, 4319941.843, 109
Trd, 4319941.993, 109
Trd, 4319942.493, 102
Trd, 4319944.243, 103
Trd, 4319944.393, 102
Trd, 4319948.043, 107
Trd, 4319949.243, 105
Trd, 4319949.643, 105
Trd, 4319949.943, 105
Trd, 4319950.943, 105
Trd, 4319954.193, 95
Trd, 4319955.143, 106
Trd, 4319955.893, 104
Trd, 4319956.643, 95
Trd, 4319956.993, 101
Trd, 4319959.243, 97
Trd, 4319960.743, 99
Trd, 4319960.943, 96
Trd, 4319962.743, 100
Trd, 4319967.143, 107
Trd, 4319968.293, 110
Trd, 4319968.593, 109
Trd, 4319969.143, 105
Trd, 4319970.593, 108
Trd, 4319972.343, 109
Trd, 4319972.543, 104
Trd, 4319974.593, 97
Trd, 4319977.443, 105
Trd, 4319978.343, 106
Trd, 4319978.943, 105
Trd, 4319979.443, 103
Trd, 4319979.593, 95
Trd, 4319981.443, 78
Trd, 4319982.543, 102
Trd, 4319984.993, 97
Trd, 4319987.243, 104
Trd, 4319989.793, 110
Trd, 4319990.793, 104
Trd, 4319991.843, 107
Trd, 4319992.343, 107
Trd, 4319992.843, 108
Trd, 4319995.643, 104
Trd, 4319996.143, 97
Trd, 4319998.743, 103
Trd, 4319999.593, 102
Trd, 4319999.843, 101
Trd, 4319999.943, 95
