Trd, 4317883.043, 110
Trd, 4317884.143, 86
Trd, 4317884.643, 79
Trd, 4317886.793, 104
Trd, 4317888.743, 102
Trd, 4317889.193, 92
Trd, 4317889.443, 87
Trd, 4317890.093, 101
Trd, 4317890.293, 87
Trd, 4317894.143, 96
Trd, 4317896.393, 97
Trd, 4317896.943, 96
Trd, 4317897.443, 102
Trd, 4317898.143, 100
Trd, 4317900.693, 100
Trd, 4317901.943, 97
Trd, 4317902.243, 99
Trd, 4317902.993, 102
Trd, 4317904.193, 106
Trd, 4317905.543, 97
Trd, 4317906.843, 110
Trd, 4317910.093, 106
Trd, 4317910.693, 96
Trd, 4317911.343, 95
Trd, 4317913.043, 86
Trd, 4317913.293, 99
Trd, 4317913.993, 99
Trd, 4317915.893, 92
Trd, 4317916.693, 95
Trd, 4317917.493, 92
Trd, 4317918.893, 94
Trd, 4317920.443, 71
Trd, 4317923.243, 92
Trd, 4317924.193, 89
Trd, 4317925.093, 92
Trd, 4317925.693, 90
Trd, 4317926.243, 95
Trd, 4317928.743, 88
Trd, 4317931.293, 92
Trd, 4317933.793, 91
Trd, 4317934.143, 92
Trd, 4317934.493, 93
Trd, 4317937.643, 88
Trd, 4317938.143, 89
Trd, 4317939.693, 93
Trd, 4317940.593, 92
Trd, 4317941.443, 85
Trd, 4317941.993, 93
Trd, 4317942.243, 95
Trd, 4317942.893, 77
Trd, 4317945.193, 112
Trd, 4317945.493, 88
Trd, 4317946.243, 110
Trd, 4317946.743, 89
Trd, 4317948.993, 95
Trd, 4317952.243, 101
Trd, 4317953.343, 113
Trd, 4317953.543, 100
Trd, 4317955.443, 102
Trd, 4317957.293, 104
Trd, 4317957.493, 101
Trd, 4317958.493, 105
Trd, 4317958.643, 104
Trd, 4317961.043, 104
Trd, 4317961.793, 101
Trd, 4317962.843, 101
Trd, 4317963.093, 102
Trd, 4317965.493, 89
Trd, 4317966.143, 89
Trd, 4317968.343, 87
Trd, 4317970.443, 89
Trd, 4317970.493, 90
Trd, 4317971.643, 95
Trd, 4317972.643, 93
Trd, 4317973.293, 98
Trd, 4317975.893, 103
Trd, 4317976.493, 98
Trd, 4317977.893, 107
Trd, 4317981.043, 92
Trd, 4317982.093, 95
Trd, 4317984.043, 87
Trd, 4317984.993, 90
Trd, 4317985.143, 92
Trd, 4317986.243, 94
Trd, 4317987.893, 108
Trd, 4317990.043, 106
Trd, 4317990.093, 90
Trd, 4317992.743, 94
Trd, 4317992.893, 100
Trd, 4317995.193, 98
Trd, 4317996.493, 95
Trd, 4317997.843, 87
Trd, 4317999.243, 94
Trd, 4317999.893, 92
Trd, 4318000.843, 118
Trd, 4318005.043, 101
Trd, 4318006.243, 98
Trd, 4318006.493, 95
Trd, 4318007.993, 89
Trd, 4318008.243, 86
Trd, 4318008.993, 93
Trd, 4318009.393, 93
Trd, 4318012.543, 102
Trd, 4318014.293, 79
Trd, 4318015.443, 87
Trd, 4318017.543, 89
Trd, 4318018.493, 92
Trd, 4318021.393, 91
Trd, 4318021.643, 88
Trd, 4318022.793, 102
Trd, 4318024.643, 100
Trd, 4318024.943, 99
Trd, 4318026.093, 105
Trd, 4318026.943, 87
Trd, 4318028.493, 98
Trd, 4318030.343, 97
Trd, 4318031.343, 90
Trd, 4318032.193, 104
Trd, 4318032.493, 105
Trd, 4318035.493, 102
Trd, 4318036.193, 88
Trd, 4318036.293, 86
Trd, 4318036.643, 100
Trd, 4318038.443, 98
Trd, 4318038.843, 122
Trd, 4318041.443, 97
Trd, 4318042.143, 96
Trd, 4318044.093, 98
Trd, 4318045.043, 99
Trd, 4318045.143, 95
Trd, 4318047.543, 96
Trd, 4318048.243, 97
Trd, 4318049.093, 100
Trd, 4318051.243, 97
Trd, 4318052.693, 96
Trd, 4318053.393, 105
Trd, 4318054.793, 102
Trd, 4318054.943, 101
Trd, 4318055.493, 95
Trd, 4318057.643, 92
Trd, 4318058.593, 99
Trd, 4318060.293, 96
Trd, 4318060.993, 93
Trd, 4318061.393, 94
Trd, 4318061.643, 95
Trd, 4318061.693, 87
Trd, 4318062.743, 85
Trd, 4318064.943, 91
Trd, 4318065.993, 90
Trd, 4318067.043, 92
Trd, 4318067.893, 90
Trd, 4318068.493, 91
Trd, 4318068.893, 95
Trd, 4318070.393, 86
Trd, 4318072.843, 98
Trd, 4318074.293, 92
Trd, 4318075.943, 103
Trd, 4318077.293, 108
Trd, 4318077.493, 107
Trd, 4318079.943, 91
Trd, 4318080.093, 90
Trd, 4318082.043, 103
Trd, 4318084.543, 102
Trd, 4318084.643, 103
Trd, 4318086.493, 101
Trd, 4318087.843, 96
Trd, 4318088.893, 92
Trd, 4318090.243, 99
Trd, 4318090.893, 97
Trd, 4318094.243, 100
Trd, 4318094.743, 102
Trd, 4318097.643, 89
Trd, 4318098.993, 91
Trd, 4318099.443, 91
Trd, 4318101.043, 94
Trd, 4318103.343, 105
Trd, 4318103.993, 104
Trd, 4318106.143, 104
Trd, 4318106.943, 106
Trd, 4318106.993, 90
Trd, 4318109.593, 93
Trd, 4318112.293, 107
Trd, 4318113.693, 100
Trd, 4318115.493, 101
Trd, 4318117.093, 106
Trd, 4318117.743, 106
Trd, 4318117.943, 97
Trd, 4318118.343, 95
Trd, 4318118.843, 106
Trd, 4318121.793, 94
Trd, 4318122.193, 88
Trd, 4318122.943, 91
Trd, 4318123.993, 91
Trd, 4318124.793, 95
Trd, 4318125.043, 108
Trd, 4318128.643, 102
Trd, 4318128.943, 101
Trd, 4318130.493, 97
Trd, 4318130.543, 98
Trd, 4318130.743, 95
Trd, 4318131.993, 86
Trd, 4318136.843, 95
Trd, 4318137.443, 86
Trd, 4318138.643, 95
Trd, 4318139.293, 92
Trd, 4318140.943, 91
Trd, 4318141.543, 90
Trd, 4318143.393, 91
Trd, 4318144.393, 91
Trd, 4318144.993, 104
Trd, 4318146.393, 86
Trd, 4318147.693, 105
Trd, 4318148.143, 76
Trd, 4318150.093, 101
Trd, 4318150.643, 102
Trd, 4318153.693, 89
Trd, 4318154.993, 95
Trd, 4318155.393, 95
Trd, 4318156.243, 89
Trd, 4318156.293, 86
Trd, 4318157.343, 94
Trd, 4318158.743, 105
Trd, 4318160.693, 93
Trd, 4318161.293, 99
Trd, 4318161.743, 95
Trd, 4318162.443, 99
Trd, 4318165.943, 103
Trd, 4318166.543, 94
Trd, 4318168.043, 102
Trd, 4318170.193, 98
Trd, 4318170.893, 97
Trd, 4318172.543, 109
Trd, 4318172.643, 110
Trd, 4318172.843, 106
Trd, 4318174.443, 96
Trd, 4318176.543, 103
Trd, 4318178.043, 91
Trd, 4318178.743, 104
Trd, 4318179.943, 93
Trd, 4318183.343, 93
Trd, 4318183.393, 91
Trd, 4318183.443, 94
Trd, 4318184.543, 85
Trd, 4318185.943, 79
Trd, 4318186.493, 92
Trd, 4318186.843, 68
Trd, 4318187.093, 95
Trd, 4318188.793, 101
Trd, 4318191.543, 97
Trd, 4318191.593, 91
Trd, 4318195.893, 78
Trd, 4318197.193, 93
Trd, 4318198.243, 94
Trd, 4318200.593, 88
Trd, 4318201.543, 91
Trd, 4318202.643, 94
Trd, 4318202.743, 88
Trd, 4318203.193, 89
Trd, 4318205.393, 90
Trd, 4318205.843, 98
Trd, 4318206.843, 97
Trd, 4318209.343, 105
Trd, 4318209.943, 105
Trd, 4318210.443, 104
Trd, 4318211.543, 94
Trd, 4318212.993, 102
Trd, 4318214.343, 100
Trd, 4318214.743, 95
Trd, 4318214.843, 113
Trd, 4318219.393, 104
Trd, 4318219.643, 96
Trd, 4318220.393, 97
Trd, 4318220.593, 104
Trd, 4318222.693, 101
Trd, 4318222.943, 100
Trd, 4318225.243, 97
Trd, 4318225.443, 92
Trd, 4318226.493, 85
Trd, 4318226.643, 96
Trd, 4318228.393, 93
Trd, 4318230.643, 93
Trd, 4318230.943, 92
Trd, 4318231.193, 92
Trd, 4318231.593, 91
Trd, 4318233.643, 92
Trd, 4318233.843, 95
Trd, 4318234.693, 118
Trd, 4318235.193, 93
Trd, 4318236.793, 104
Trd, 4318237.743, 104
Trd, 4318237.943, 96
Trd, 4318240.443, 86
Trd, 4318242.443, 102
Trd, 4318243.493, 101
Trd, 4318244.493, 99
Trd, 4318245.793, 69
Trd, 4318246.343, 69
Trd, 4318246.443, 86
Trd, 4318247.443, 104
Trd, 4318250.343, 88
Trd, 4318251.043, 99
Trd, 4318251.193, 88
Trd, 4318253.143, 87
Trd, 4318256.693, 92
Trd, 4318256.893, 86
Trd, 4318258.143, 92
Trd, 4318260.043, 99
Trd, 4318260.593, 115
Trd, 4318261.793, 98
Trd, 4318262.893, 111
Trd, 4318263.493, 110
Trd, 4318267.093, 95
Trd, 4318268.493, 100
Trd, 4318268.543, 99
Trd, 4318269.093, 85
Trd, 4318271.443, 96
Trd, 4318271.693, 97
Trd, 4318272.343, 95
Trd, 4318273.293, 104
Trd, 4318273.793, 97
Trd, 4318276.893, 99
Trd, 4318277.493, 102
Trd, 4318278.143, 107
Trd, 4318278.593, 97
Trd, 4318279.643, 95
Trd, 4318280.193, 104
Trd, 4318281.193, 105
Trd, 4318281.793, 91
Trd, 4318283.043, 92
Trd, 4318283.893, 109
Trd, 4318286.143, 110
Trd, 4318286.893, 87
Trd, 4318289.993, 88
Trd, 4318290.193, 104
Trd, 4318293.143, 100
Trd, 4318293.943, 91
Trd, 4318295.693, 95
Trd, 4318296.693, 91
Trd, 4318297.143, 88
Trd, 4318298.593, 103
Trd, 4318300.893, 94
Trd, 4318302.043, 104
Trd, 4318302.293, 94
Trd, 4318304.593, 109
Trd, 4318305.043, 98
Trd, 4318306.943, 98
Trd, 4318309.343, 100
Trd, 4318310.043, 96
Trd, 4318310.093, 86
Trd, 4318312.193, 98
Trd, 4318312.943, 98
Trd, 4318314.893, 101
Trd, 4318315.043, 91
Trd, 4318317.943, 107
Trd, 4318318.093, 95
Trd, 4318318.643, 93
Trd, 4318320.443, 96
Trd, 4318320.493, 109
Trd, 4318322.943, 106
Trd, 4318324.193, 105
Trd, 4318327.943, 115
Trd, 4318328.443, 98
Trd, 4318329.143, 100
Trd, 4318329.193, 104
Trd, 4318331.293, 96
Trd, 4318331.393, 103
Trd, 4318334.293, 106
Trd, 4318334.743, 93
Trd, 4318337.743, 101
Trd, 4318339.543, 94
Trd, 4318340.493, 100
Trd, 4318341.993, 103
Trd, 4318343.493, 108
Trd, 4318343.643, 101
Trd, 4318346.043, 88
Trd, 4318348.093, 92
Trd, 4318348.543, 97
Trd, 4318348.893, 98
Trd, 4318350.193, 103
Trd, 4318350.343, 91
Trd, 4318353.893, 97
Trd, 4318354.793, 96
Trd, 4318356.043, 95
Trd, 4318356.443, 96
Trd, 4318358.243, 95
Trd, 4318358.893, 89
Trd, 4318360.543, 92
Trd, 4318362.143, 95
Trd, 4318362.943, 95
Trd, 4318363.393, 114
Trd, 4318363.493, 92
Trd, 4318364.493, 107
Trd, 4318366.693, 107
Trd, 4318366.793, 89
Trd, 4318367.643, 91
Trd, 4318369.243, 105
Trd, 4318369.543, 87
Trd, 4318372.193, 95
Trd, 4318375.493, 98
Trd, 4318376.643, 97
Trd, 4318376.993, 97
Trd, 4318377.793, 88
Trd, 4318377.893, 76
Trd, 4318379.343, 117
Trd, 4318379.643, 108
Trd, 4318381.043, 111
Trd, 4318383.993, 91
Trd, 4318385.093, 94
Trd, 4318385.993, 93
Trd, 4318386.443, 110
Trd, 4318388.793, 110
Trd, 4318389.193, 107
Trd, 4318390.793, 97
Trd, 4318393.293, 100
Trd, 4318393.393, 102
Trd, 4318394.743, 102
Trd, 4318396.243, 97
Trd, 4318397.343, 86
Trd, 4318397.543, 99
Trd, 4318399.193, 103
Trd, 4318400.293, 85
Trd, 4318400.993, 85
Trd, 4318404.643, 91
Trd, 4318404.793, 93
Trd, 4318406.743, 94
Trd, 4318406.943, 96
Trd, 4318407.793, 95
Trd, 4318408.743, 106
Trd, 4318410.443, 103
Trd, 4318411.743, 111
Trd, 4318412.443, 103
Trd, 4318414.993, 91
Trd, 4318418.193, 105
Trd, 4318418.243, 87
Trd, 4318419.093, 88
Trd, 4318419.693, 104
Trd, 4318422.693, 101
Trd, 4318423.043, 100
Trd, 4318423.293, 95
Trd, 4318423.693, 104
Trd, 4318424.793, 91
Trd, 4318425.243, 89
Trd, 4318426.843, 88
Trd, 4318428.243, 112
Trd, 4318429.343, 103
Trd, 4318431.943, 95
Trd, 4318433.743, 97
Trd, 4318433.793, 105
Trd, 4318434.343, 114
Trd, 4318434.793, 95
Trd, 4318435.443, 114
Trd, 4318437.843, 86
Trd, 4318440.493, 100
Trd, 4318440.693, 99
Trd, 4318440.743, 95
Trd, 4318441.943, 99
Trd, 4318446.043, 95
Trd, 4318446.443, 103
Trd, 4318447.993, 108
Trd, 4318449.293, 95
Trd, 4318450.593, 101
Trd, 4318450.993, 100
Trd, 4318452.093, 102
Trd, 4318455.043, 87
Trd, 4318456.493, 109
Trd, 4318456.993, 94
Trd, 4318459.893, 107
Trd, 4318460.793, 104
Trd, 4318461.943, 103
Trd, 4318462.943, 95
Trd, 4318464.543, 104
Trd, 4318465.443, 104
Trd, 4318467.893, 96
Trd, 4318469.293, 96
Trd, 4318469.793, 99
Trd, 4318471.293, 95
Trd, 4318471.693, 71
Trd, 4318471.993, 97
Trd, 4318475.343, 104
Trd, 4318476.393, 110
Trd, 4318477.093, 110
Trd, 4318478.443, 113
Trd, 4318480.293, 92
Trd, 4318481.043, 104
Trd, 4318481.343, 92
Trd, 4318483.843, 106
Trd, 4318484.093, 105
Trd, 4318484.243, 86
Trd, 4318484.443, 68
Trd, 4318488.593, 91
Trd, 4318489.843, 94
Trd, 4318489.993, 95
Trd, 4318490.543, 95
Trd, 4318490.593, 116
Trd, 4318492.343, 97
Trd, 4318492.493, 95
Trd, 4318494.093, 111
Trd, 4318494.493, 110
Trd, 4318495.493, 111
Trd, 4318495.993, 87
Trd, 4318499.343, 88
Trd, 4318499.593, 106
Trd, 4318499.693, 87
Trd, 4318500.293, 106
Trd, 4318501.593, 86
Trd, 4318502.593, 103
Trd, 4318502.643, 86
Trd, 4318506.893, 91
Trd, 4318507.993, 92
Trd, 4318508.593, 92
Trd, 4318508.643, 95
Trd, 4318509.093, 91
Trd, 4318513.093, 102
Trd, 4318513.493, 98
Trd, 4318513.743, 102
Trd, 4318514.143, 107
Trd, 4318516.593, 91
Trd, 4318516.993, 90
Trd, 4318521.293, 96
Trd, 4318521.493, 95
Trd, 4318521.943, 96
Trd, 4318523.093, 96
Trd, 4318523.293, 97
Trd, 4318523.343, 111
Trd, 4318523.443, 93
Trd, 4318528.143, 102
Trd, 4318528.543, 97
Trd, 4318528.843, 103
Trd, 4318530.693, 99
Trd, 4318531.693, 86
Trd, 4318532.043, 106
Trd, 4318532.293, 108
Trd, 4318532.443, 85
Trd, 4318534.393, 72
Trd, 4318536.243, 106
Trd, 4318537.043, 108
Trd, 4318537.093, 109
Trd, 4318540.293, 91
Trd, 4318540.593, 86
Trd, 4318542.043, 91
Trd, 4318542.643, 91
Trd, 4318543.793, 74
Trd, 4318546.093, 86
Trd, 4318546.893, 109
Trd, 4318548.893, 107
Trd, 4318551.043, 99
Trd, 4318551.693, 97
Trd, 4318553.793, 100
Trd, 4318554.443, 96
Trd, 4318556.393, 97
Trd, 4318557.643, 96
Trd, 4318559.143, 96
Trd, 4318559.893, 97
Trd, 4318560.843, 103
Trd, 4318562.793, 102
Trd, 4318563.143, 102
Trd, 4318565.943, 97
Trd, 4318566.293, 95
Trd, 4318570.543, 73
Trd, 4318570.643, 93
Trd, 4318572.143, 86
Trd, 4318573.793, 104
Trd, 4318574.593, 79
Trd, 4318574.793, 78
Trd, 4318578.193, 95
Trd, 4318579.043, 94
Trd, 4318579.243, 95
Trd, 4318579.843, 108
Trd, 4318582.493, 102
Trd, 4318583.843, 69
Trd, 4318586.543, 73
Trd, 4318587.593, 77
Trd, 4318588.543, 95
Trd, 4318590.543, 102
Trd, 4318590.593, 96
Trd, 4318591.393, 94
Trd, 4318591.693, 102
Trd, 4318592.043, 89
Trd, 4318595.343, 87
Trd, 4318596.793, 95
Trd, 4318597.493, 90
Trd, 4318598.943, 89
Trd, 4318599.843, 90
Trd, 4318600.143, 104
Trd, 4318600.943, 105
Trd, 4318601.093, 86
Trd, 4318603.343, 103
Trd, 4318604.793, 89
Trd, 4318605.093, 103
Trd, 4318607.493, 100
Trd, 4318608.443, 99
Trd, 4318608.593, 98
Trd, 4318609.693, 97
Trd, 4318610.293, 95
Trd, 4318610.343, 104
Trd, 4318612.543, 86
Trd, 4318613.343, 100
Trd, 4318613.593, 73
Trd, 4318614.843, 120
Trd, 4318617.093, 86
Trd, 4318618.643, 87
Trd, 4318620.193, 103
Trd, 4318621.343, 96
Trd, 4318622.343, 102
Trd, 4318624.943, 99
Trd, 4318627.543, 96
Trd, 4318628.043, 95
Trd, 4318628.993, 99
Trd, 4318631.643, 109
Trd, 4318631.993, 108
Trd, 4318632.543, 86
Trd, 4318634.343, 111
Trd, 4318635.843, 108
Trd, 4318637.343, 103
Trd, 4318637.493, 90
Trd, 4318638.943, 94
Trd, 4318641.943, 96
Trd, 4318641.993, 97
Trd, 4318644.293, 97
Trd, 4318644.443, 98
Trd, 4318646.493, 97
Trd, 4318646.643, 98
Trd, 4318646.893, 90
Trd, 4318646.993, 89
Trd, 4318650.793, 89
Trd, 4318651.743, 87
Trd, 4318653.043, 98
Trd, 4318656.343, 97
Trd, 4318656.643, 97
Trd, 4318657.593, 96
Trd, 4318658.593, 95
Trd, 4318661.793, 97
Trd, 4318662.593, 96
Trd, 4318662.643, 90
Trd, 4318666.243, 98
Trd, 4318666.293, 97
Trd, 4318666.443, 95
Trd, 4318667.343, 98
Trd, 4318667.393, 99
Trd, 4318668.293, 87
Trd, 4318671.693, 98
Trd, 4318673.243, 97
Trd, 4318673.943, 97
Trd, 4318674.393, 97
Trd, 4318675.293, 96
Trd, 4318675.693, 95
Trd, 4318676.493, 124
Trd, 4318677.043, 93
Trd, 4318677.093, 88
Trd, 4318677.543, 107
Trd, 4318681.943, 104
Trd, 4318682.693, 94
Trd, 4318683.993, 69
Trd, 4318684.243, 95
Trd, 4318686.293, 91
Trd, 4318686.893, 90
Trd, 4318687.143, 95
Trd, 4318687.693, 89
Trd, 4318690.143, 88
Trd, 4318690.693, 99
Trd, 4318692.693, 95
Trd, 4318696.043, 95
Trd, 4318698.843, 97
Trd, 4318699.543, 91
Trd, 4318700.243, 90
Trd, 4318701.143, 94
Trd, 4318701.843, 94
Trd, 4318704.493, 93
Trd, 4318704.743, 90
Trd, 4318704.943, 93
Trd, 4318705.043, 87
Trd, 4318706.493, 89
Trd, 4318706.743, 94
Trd, 4318707.243, 95
Trd, 4318710.043, 89
Trd, 4318712.393, 89
Trd, 4318713.793, 95
Trd, 4318713.993, 96
Trd, 4318715.593, 105
Trd, 4318715.743, 96
Trd, 4318717.943, 114
Trd, 4318718.043, 113
Trd, 4318718.943, 90
Trd, 4318721.143, 103
Trd, 4318721.993, 86
Trd, 4318723.793, 99
Trd, 4318724.643, 97
Trd, 4318724.993, 99
Trd, 4318726.393, 112
Trd, 4318727.343, 95
Trd, 4318728.793, 85
Trd, 4318730.643, 104
Trd, 4318731.943, 105
Trd, 4318732.393, 71
Trd, 4318733.093, 73
Trd, 4318734.243, 95
Trd, 4318737.193, 94
Trd, 4318738.443, 93
Trd, 4318739.893, 95
Trd, 4318740.943, 96
Trd, 4318741.093, 95
Trd, 4318741.643, 103
Trd, 4318742.743, 89
Trd, 4318745.143, 100
Trd, 4318745.943, 107
Trd, 4318746.793, 86
Trd, 4318747.843, 111
Trd, 4318748.893, 113
Trd, 4318751.743, 74
Trd, 4318753.593, 85
Trd, 4318754.493, 87
Trd, 4318754.643, 105
Trd, 4318758.843, 95
Trd, 4318758.943, 95
Trd, 4318760.593, 94
Trd, 4318761.193, 93
Trd, 4318761.293, 92
Trd, 4318763.493, 104
Trd, 4318765.043, 101
Trd, 4318765.893, 99
Trd, 4318766.293, 98
Trd, 4318766.393, 100
Trd, 4318766.993, 86
Trd, 4318767.343, 86
Trd, 4318768.593, 116
Trd, 4318771.893, 103
Trd, 4318773.343, 102
Trd, 4318774.543, 99
Trd, 4318776.093, 93
Trd, 4318776.143, 99
Trd, 4318780.443, 94
Trd, 4318780.893, 95
Trd, 4318781.693, 95
Trd, 4318782.343, 86
Trd, 4318783.043, 103
Trd, 4318784.093, 101
Trd, 4318784.893, 96
Trd, 4318787.993, 85
Trd, 4318788.693, 86
Trd, 4318789.393, 98
Trd, 4318791.143, 99
Trd, 4318793.993, 89
Trd, 4318795.493, 95
Trd, 4318795.893, 87
Trd, 4318796.343, 96
Trd, 4318797.943, 110
Trd, 4318800.693, 96
Trd, 4318801.593, 96
Trd, 4318802.543, 98
Trd, 4318802.893, 97
Trd, 4318803.393, 95
Trd, 4318803.493, 85
Trd, 4318806.393, 83
Trd, 4318808.293, 88
Trd, 4318809.843, 90
Trd, 4318809.993, 95
Trd, 4318812.443, 86
Trd, 4318814.793, 95
Trd, 4318815.543, 95
Trd, 4318817.443, 89
Trd, 4318817.743, 92
Trd, 4318818.893, 90
Trd, 4318819.343, 90
Trd, 4318820.743, 90
Trd, 4318820.793, 88
Trd, 4318821.693, 95
Trd, 4318823.293, 89
Trd, 4318824.743, 86
Trd, 4318827.093, 99
Trd, 4318827.693, 100
Trd, 4318829.843, 109
Trd, 4318830.693, 109
Trd, 4318831.443, 101
Trd, 4318832.843, 108
Trd, 4318833.643, 97
Trd, 4318834.143, 96
Trd, 4318836.543, 86
Trd, 4318836.693, 105
Trd, 4318837.743, 102
Trd, 4318839.943, 72
Trd, 4318840.243, 98
Trd, 4318840.493, 68
Trd, 4318842.143, 94
Trd, 4318843.093, 95
Trd, 4318844.193, 88
Trd, 4318844.393, 109
Trd, 4318844.693, 115
Trd, 4318848.343, 98
Trd, 4318849.943, 99
Trd, 4318850.193, 95
Trd, 4318851.993, 100
Trd, 4318852.293, 102
Trd, 4318853.293, 99
Trd, 4318853.543, 66
Trd, 4318854.743, 99
Trd, 4318854.993, 86
Trd, 4318859.043, 93
Trd, 4318861.193, 95
Trd, 4318861.393, 95
Trd, 4318861.593, 101
Trd, 4318865.093, 97
Trd, 4318866.093, 93
Trd, 4318867.243, 93
Trd, 4318867.793, 96
Trd, 4318871.793, 86
Trd, 4318872.643, 94
Trd, 4318872.943, 95
Trd, 4318873.143, 96
Trd, 4318873.843, 87
Trd, 4318874.343, 115
Trd, 4318877.893, 102
Trd, 4318879.693, 98
Trd, 4318881.493, 98
Trd, 4318882.943, 98
Trd, 4318883.843, 96
Trd, 4318884.193, 95
Trd, 4318884.443, 97
Trd, 4318886.193, 96
Trd, 4318886.993, 102
Trd, 4318887.343, 86
Trd, 4318887.493, 103
Trd, 4318889.843, 88
Trd, 4318889.893, 104
Trd, 4318892.243, 86
Trd, 4318893.543, 102
Trd, 4318895.143, 100
Trd, 4318897.493, 105
Trd, 4318897.593, 116
Trd, 4318898.993, 75
Trd, 4318900.393, 89
Trd, 4318902.993, 104
Trd, 4318905.293, 103
Trd, 4318906.093, 104
Trd, 4318906.243, 105
Trd, 4318906.343, 95
Trd, 4318906.643, 86
Trd, 4318908.093, 86
Trd, 4318909.193, 113
Trd, 4318911.293, 88
Trd, 4318911.743, 113
Trd, 4318915.393, 91
Trd, 4318915.893, 106
Trd, 4318917.793, 98
Trd, 4318919.043, 96
Trd, 4318920.043, 96
Trd, 4318920.343, 95
Trd, 4318922.093, 91
Trd, 4318922.593, 106
Trd, 4318922.893, 101
Trd, 4318923.543, 84
Trd, 4318925.443, 110
Trd, 4318925.593, 85
Trd, 4318927.293, 101
Trd, 4318928.693, 99
Trd, 4318929.543, 86
Trd, 4318930.293, 101
Trd, 4318932.443, 91
Trd, 4318933.993, 92
Trd, 4318935.543, 95
Trd, 4318936.243, 90
Trd, 4318938.693, 91
Trd, 4318939.743, 90
Trd, 4318940.093, 90
Trd, 4318940.943, 93
Trd, 4318943.893, 92
Trd, 4318944.243, 101
Trd, 4318944.893, 87
Trd, 4318946.993, 98
Trd, 4318947.243, 88
Trd, 4318948.593, 106
Trd, 4318949.493, 88
Trd, 4318949.893, 102
Trd, 4318952.593, 92
Trd, 4318953.443, 92
Trd, 4318954.243, 106
Trd, 4318954.543, 107
Trd, 4318958.443, 107
Trd, 4318959.243, 111
Trd, 4318959.443, 107
Trd, 4318961.793, 100
Trd, 4318961.943, 101
Trd, 4318962.993, 99
Trd, 4318964.193, 100
Trd, 4318966.543, 95
Trd, 4318967.693, 90
Trd, 4318969.293, 101
Trd, 4318969.743, 93
Trd, 4318971.543, 98
Trd, 4318974.843, 94
Trd, 4318975.143, 94
Trd, 4318975.893, 94
Trd, 4318976.043, 95
Trd, 4318977.193, 92
Trd, 4318979.043, 93
Trd, 4318980.593, 97
Trd, 4318980.943, 99
Trd, 4318983.493, 103
Trd, 4318984.293, 101
Trd, 4318984.843, 99
Trd, 4318985.743, 96
Trd, 4318986.393, 61
Trd, 4318988.543, 97
Trd, 4318989.693, 109
Trd, 4318990.293, 97
Trd, 4318990.943, 104
Trd, 4318991.743, 89
Trd, 4318991.993, 104
Trd, 4318996.343, 95
Trd, 4318996.693, 94
Trd, 4318999.093, 99
Trd, 4318999.593, 95
Trd, 4319000.993, 95
Trd, 4319001.693, 96
Trd, 4319002.543, 107
Trd, 4319002.993, 111
Trd, 4319003.543, 88
Trd, 4319004.843, 110
Trd, 4319008.243, 87
Trd, 4319008.843, 86
Trd, 4319009.943, 99
Trd, 4319010.143, 101
Trd, 4319010.343, 86
Trd, 4319012.243, 70
Trd, 4319012.993, 99
Trd, 4319013.343, 99
Trd, 4319017.543, 101
Trd, 4319019.993, 97
Trd, 4319020.693, 97
Trd, 4319021.443, 86
Trd, 4319021.843, 96
Trd, 4319022.943, 104
Trd, 4319023.643, 103
Trd, 4319024.393, 91
Trd, 4319026.693, 94
Trd, 4319028.943, 104
Trd, 4319029.843, 98
Trd, 4319031.193, 100
Trd, 4319034.843, 103
Trd, 4319034.993, 99
Trd, 4319035.343, 104
Trd, 4319035.943, 99
Trd, 4319037.893, 88
Trd, 4319042.443, 92
Trd, 4319042.743, 95
Trd, 4319043.043, 91
Trd, 4319043.693, 86
Trd, 4319046.293, 101
Trd, 4319046.843, 101
Trd, 4319048.043, 97
Trd, 4319049.243, 96
Trd, 4319049.543, 86
Trd, 4319049.643, 68
Trd, 4319052.093, 99
Trd, 4319053.293, 88
Trd, 4319054.543, 94
Trd, 4319056.443, 93
Trd, 4319056.843, 95
Trd, 4319056.943, 94
Trd, 4319059.343, 102
Trd, 4319059.943, 101
Trd, 4319061.043, 101
Trd, 4319061.543, 86
Trd, 4319063.593, 66
Trd, 4319065.443, 100
Trd, 4319065.943, 92
Trd, 4319067.893, 96
Trd, 4319069.193, 101
Trd, 4319070.493, 105
Trd, 4319072.343, 100
Trd, 4319072.393, 93
Trd, 4319073.193, 89
Trd, 4319076.593, 87
Trd, 4319076.693, 93
Trd, 4319078.293, 95
Trd, 4319080.443, 106
Trd, 4319080.643, 87
Trd, 4319083.143, 105
Trd, 4319083.393, 95
Trd, 4319084.243, 102
Trd, 4319086.493, 108
Trd, 4319086.593, 107
Trd, 4319087.193, 81
Trd, 4319089.443, 91
Trd, 4319089.893, 89
Trd, 4319090.293, 102
Trd, 4319095.593, 102
Trd, 4319095.743, 103
Trd, 4319096.143, 98
Trd, 4319096.293, 95
Trd, 4319097.293, 108
Trd, 4319099.443, 93
Trd, 4319101.343, 97
Trd, 4319101.443, 106
Trd, 4319102.793, 109
Trd, 4319104.243, 95
Trd, 4319105.343, 132
Trd, 4319106.443, 131
Trd, 4319108.693, 100
Trd, 4319109.493, 100
Trd, 4319110.893, 104
Trd, 4319112.193, 105
Trd, 4319113.143, 104
Trd, 4319115.443, 89
Trd, 4319116.143, 102
Trd, 4319117.543, 89
Trd, 4319119.043, 87
Trd, 4319119.843, 92
Trd, 4319120.793, 93
Trd, 4319121.943, 95
Trd, 4319122.893, 95
Trd, 4319123.593, 96
Trd, 4319125.943, 99
Trd, 4319127.343, 98
Trd, 4319130.593, 106
Trd, 4319130.843, 113
Trd, 4319131.543, 95
Trd, 4319132.493, 88
Trd, 4319134.743, 105
Trd, 4319135.393, 106
Trd, 4319135.793, 105
Trd, 4319135.843, 104
Trd, 4319137.693, 85
Trd, 4319139.593, 80
Trd, 4319142.443, 91
Trd, 4319143.043, 93
Trd, 4319144.843, 93
Trd, 4319145.843, 102
Trd, 4319146.743, 92
Trd, 4319146.893, 108
Trd, 4319150.793, 84
Trd, 4319151.643, 86
Trd, 4319151.793, 101
Trd, 4319153.243, 94
Trd, 4319154.893, 100
Trd, 4319155.443, 101
Trd, 4319155.943, 100
Trd, 4319156.893, 69
Trd, 4319157.143, 78
Trd, 4319160.943, 95
Trd, 4319162.943, 100
Trd, 4319163.193, 100
Trd, 4319163.543, 103
Trd, 4319163.693, 104
Trd, 4319166.193, 89
Trd, 4319167.793, 104
Trd, 4319168.193, 90
Trd, 4319170.093, 108
Trd, 4319170.493, 107
Trd, 4319171.843, 87
Trd, 4319173.793, 86
Trd, 4319174.243, 105
Trd, 4319176.493, 85
Trd, 4319177.993, 111
Trd, 4319178.393, 73
Trd, 4319180.693, 102
Trd, 4319183.143, 101
Trd, 4319185.543, 96
Trd, 4319186.493, 96
Trd, 4319186.543, 86
Trd, 4319187.793, 95
Trd, 4319188.393, 95
Trd, 4319188.893, 71
Trd, 4319189.743, 71
Trd, 4319190.093, 68
Trd, 4319191.143, 111
Trd, 4319194.343, 91
Trd, 4319195.143, 104
Trd, 4319195.643, 107
Trd, 4319196.943, 103
Trd, 4319199.093, 98
Trd, 4319200.043, 98
Trd, 4319200.893, 96
Trd, 4319202.243, 104
Trd, 4319202.893, 106
Trd, 4319203.843, 100
Trd, 4319205.793, 96
Trd, 4319207.343, 104
Trd, 4319207.893, 95
Trd, 4319207.993, 106
Trd, 4319213.893, 93
Trd, 4319214.243, 95
Trd, 4319215.593, 107
Trd, 4319215.893, 86
Trd, 4319216.193, 88
Trd, 4319216.743, 107
Trd, 4319218.043, 76
Trd, 4319219.343, 109
Trd, 4319220.843, 113
Trd, 4319223.143, 105
Trd, 4319224.093, 98
Trd, 4319225.643, 91
Trd, 4319225.843, 103
Trd, 4319225.993, 88
Trd, 4319226.093, 106
Trd, 4319228.943, 80
Trd, 4319230.793, 96
Trd, 4319232.493, 93
Trd, 4319232.893, 94
Trd, 4319233.993, 86
Trd, 4319234.443, 95
Trd, 4319235.993, 81
Trd, 4319238.743, 88
Trd, 4319239.893, 93
Trd, 4319240.393, 87
Trd, 4319242.793, 92
Trd, 4319243.893, 92
Trd, 4319245.643, 103
Trd, 4319245.793, 103
Trd, 4319246.693, 99
Trd, 4319247.043, 95
Trd, 4319250.643, 97
Trd, 4319250.893, 91
Trd, 4319251.593, 96
Trd, 4319253.443, 93
Trd, 4319254.943, 101
Trd, 4319257.793, 103
Trd, 4319258.443, 86
Trd, 4319259.393, 88
Trd, 4319261.793, 100
Trd, 4319263.043, 96
Trd, 4319263.843, 100
Trd, 4319265.343, 104
Trd, 4319265.793, 86
Trd, 4319268.543, 95
Trd, 4319268.693, 94
Trd, 4319271.393, 88
Trd, 4319271.593, 95
Trd, 4319273.893, 101
Trd, 4319274.043, 101
Trd, 4319274.293, 93
Trd, 4319276.993, 97
Trd, 4319277.843, 108
Trd, 4319279.843, 101
Trd, 4319280.143, 101
Trd, 4319280.343, 107
Trd, 4319282.893, 91
Trd, 4319284.793, 102
Trd, 4319285.493, 95
Trd, 4319287.393, 99
Trd, 4319287.593, 98
Trd, 4319288.243, 95
Trd, 4319288.843, 96
Trd, 4319290.393, 86
Trd, 4319290.643, 69
Trd, 4319292.243, 111
Trd, 4319293.393, 131
Trd, 4319294.493, 131
Trd, 4319296.343, 104
Trd, 4319298.193, 130
Trd, 4319298.493, 111
Trd, 4319300.143, 105
Trd, 4319302.843, 109
Trd, 4319303.493, 96
Trd, 4319304.193, 96
Trd, 4319306.993, 99
Trd, 4319308.143, 98
Trd, 4319308.543, 90
Trd, 4319312.193, 93
Trd, 4319312.793, 90
Trd, 4319313.043, 70
Trd, 4319314.693, 87
Trd, 4319316.143, 94
Trd, 4319316.643, 95
Trd, 4319317.793, 98
Trd, 4319319.993, 105
Trd, 4319320.043, 92
Trd, 4319322.643, 95
Trd, 4319323.543, 99
Trd, 4319323.843, 99
Trd, 4319324.343, 98
Trd, 4319325.843, 95
Trd, 4319325.943, 96
Trd, 4319327.643, 95
Trd, 4319329.243, 103
Trd, 4319330.043, 90
Trd, 4319330.143, 104
Trd, 4319331.143, 86
Trd, 4319331.743, 113
Trd, 4319333.893, 106
Trd, 4319334.143, 105
Trd, 4319336.193, 94
Trd, 4319337.793, 95
Trd, 4319337.943, 97
Trd, 4319338.943, 96
Trd, 4319340.793, 68
Trd, 4319341.193, 99
Trd, 4319341.793, 93
Trd, 4319343.543, 94
Trd, 4319345.793, 93
Trd, 4319346.293, 107
Trd, 4319347.443, 88
Trd, 4319351.943, 102
Trd, 4319352.693, 105
Trd, 4319354.593, 106
Trd, 4319354.743, 104
Trd, 4319355.343, 105
Trd, 4319357.193, 107
Trd, 4319358.193, 100
Trd, 4319359.093, 97
Trd, 4319362.943, 98
Trd, 4319363.943, 99
Trd, 4319364.093, 100
Trd, 4319367.843, 104
Trd, 4319368.093, 95
Trd, 4319369.993, 98
Trd, 4319370.743, 97
Trd, 4319373.343, 99
Trd, 4319374.343, 97
Trd, 4319375.093, 96
Trd, 4319375.843, 94
Trd, 4319376.693, 86
Trd, 4319377.593, 95
Trd, 4319379.593, 72
Trd, 4319379.693, 100
Trd, 4319381.393, 99
Trd, 4319383.043, 89
Trd, 4319384.093, 91
Trd, 4319388.193, 96
Trd, 4319388.743, 96
Trd, 4319388.893, 95
Trd, 4319389.143, 98
Trd, 4319389.443, 104
Trd, 4319393.243, 90
Trd, 4319394.393, 93
Trd, 4319395.343, 93
Trd, 4319395.893, 93
Trd, 4319396.593, 106
Trd, 4319397.343, 87
Trd, 4319398.643, 88
Trd, 4319399.643, 86
Trd, 4319402.443, 80
Trd, 4319403.093, 92
Trd, 4319403.243, 94
Trd, 4319405.243, 93
Trd, 4319406.093, 105
Trd, 4319406.493, 111
Trd, 4319408.843, 95
Trd, 4319410.393, 89
Trd, 4319411.593, 89
Trd, 4319412.143, 88
Trd, 4319414.343, 102
Trd, 4319416.093, 101
Trd, 4319416.493, 100
Trd, 4319417.043, 102
Trd, 4319419.193, 99
Trd, 4319421.193, 88
Trd, 4319421.943, 95
Trd, 4319423.743, 103
Trd, 4319424.643, 106
Trd, 4319425.543, 85
Trd, 4319428.093, 105
Trd, 4319428.143, 106
Trd, 4319429.193, 77
Trd, 4319430.393, 104
Trd, 4319431.493, 68
Trd, 4319432.243, 104
Trd, 4319434.043, 60
Trd, 4319434.393, 86
Trd, 4319437.743, 102
Trd, 4319439.693, 95
Trd, 4319440.243, 95
Trd, 4319442.393, 100
Trd, 4319443.143, 101
Trd, 4319443.343, 99
Trd, 4319445.593, 102
Trd, 4319446.243, 90
Trd, 4319448.093, 90
Trd, 4319448.493, 97
Trd, 4319451.143, 95
Trd, 4319452.543, 94
Trd, 4319453.043, 107
Trd, 4319455.093, 99
Trd, 4319455.593, 93
Trd, 4319459.093, 101
Trd, 4319459.243, 102
Trd, 4319459.993, 92
Trd, 4319461.693, 88
Trd, 4319465.043, 99
Trd, 4319465.343, 109
Trd, 4319466.993, 105
Trd, 4319467.893, 95
Trd, 4319469.943, 111
Trd, 4319470.593, 92
Trd, 4319471.143, 111
Trd, 4319472.343, 104
Trd, 4319473.693, 92
Trd, 4319477.343, 95
Trd, 4319479.693, 88
Trd, 4319479.743, 90
Trd, 4319480.693, 90
Trd, 4319481.093, 85
Trd, 4319482.693, 103
Trd, 4319483.393, 74
Trd, 4319484.993, 107
Trd, 4319487.043, 93
Trd, 4319489.043, 101
Trd, 4319489.543, 102
Trd, 4319491.243, 103
Trd, 4319491.743, 105
Trd, 4319493.643, 111
Trd, 4319496.193, 89
Trd, 4319496.343, 110
Trd, 4319499.093, 95
Trd, 4319500.843, 100
Trd, 4319502.193, 88
Trd, 4319502.593, 87
Trd, 4319503.393, 94
Trd, 4319505.943, 108
Trd, 4319507.393, 93
Trd, 4319508.243, 98
Trd, 4319508.843, 85
Trd, 4319510.993, 100
Trd, 4319512.243, 101
Trd, 4319512.543, 100
Trd, 4319512.993, 109
Trd, 4319516.493, 90
Trd, 4319517.093, 110
Trd, 4319517.293, 99
Trd, 4319520.693, 88
Trd, 4319521.893, 88
Trd, 4319522.143, 108
Trd, 4319522.243, 107
Trd, 4319523.593, 108
Trd, 4319525.493, 89
Trd, 4319528.443, 91
Trd, 4319529.643, 92
Trd, 4319530.193, 99
Trd, 4319531.493, 97
Trd, 4319531.793, 98
Trd, 4319535.193, 96
Trd, 4319536.293, 99
Trd, 4319536.393, 95
Trd, 4319538.093, 103
Trd, 4319539.293, 100
Trd, 4319540.243, 99
Trd, 4319543.193, 98
Trd, 4319543.743, 99
Trd, 4319544.743, 105
Trd, 4319546.843, 89
Trd, 4319547.943, 87
Trd, 4319549.293, 89
Trd, 4319550.543, 100
Trd, 4319550.793, 104
Trd, 4319552.143, 96
Trd, 4319553.593, 95
Trd, 4319553.993, 101
Trd, 4319556.093, 88
Trd, 4319557.443, 91
Trd, 4319557.843, 101
Trd, 4319559.843, 99
Trd, 4319560.543, 93
Trd, 4319562.793, 103
Trd, 4319562.993, 85
Trd, 4319564.443, 99
Trd, 4319565.643, 84
Trd, 4319566.643, 98
Trd, 4319570.343, 97
Trd, 4319570.893, 94
Trd, 4319572.293, 94
Trd, 4319572.393, 95
Trd, 4319573.243, 94
Trd, 4319575.943, 104
Trd, 4319577.143, 103
Trd, 4319577.193, 101
Trd, 4319577.843, 101
Trd, 4319578.543, 95
Trd, 4319579.893, 100
Trd, 4319581.193, 87
Trd, 4319583.343, 105
Trd, 4319584.293, 95
Trd, 4319585.743, 102
Trd, 4319588.143, 98
Trd, 4319588.893, 97
Trd, 4319589.843, 85
Trd, 4319590.393, 103
Trd, 4319590.943, 105
Trd, 4319594.993, 95
Trd, 4319595.193, 96
Trd, 4319595.293, 89
Trd, 4319597.643, 90
Trd, 4319597.993, 88
Trd, 4319599.143, 87
Trd, 4319600.093, 101
Trd, 4319602.993, 108
Trd, 4319606.343, 111
Trd, 4319606.493, 109
Trd, 4319608.693, 109
Trd, 4319609.593, 110
Trd, 4319609.993, 109
Trd, 4319610.443, 68
Trd, 4319613.343, 100
Trd, 4319614.793, 89
Trd, 4319615.993, 97
Trd, 4319617.993, 97
Trd, 4319619.293, 102
Trd, 4319619.393, 98
Trd, 4319621.293, 103
Trd, 4319622.893, 98
Trd, 4319625.943, 87
Trd, 4319626.043, 98
Trd, 4319626.893, 90
Trd, 4319629.543, 99
Trd, 4319631.093, 98
Trd, 4319631.143, 92
Trd, 4319633.543, 104
Trd, 4319634.193, 93
Trd, 4319634.393, 91
Trd, 4319636.743, 103
Trd, 4319638.243, 102
Trd, 4319638.393, 95
Trd, 4319640.043, 86
Trd, 4319643.693, 91
Trd, 4319644.193, 93
Trd, 4319644.593, 86
Trd, 4319645.193, 95
Trd, 4319645.993, 115
Trd, 4319646.193, 86
Trd, 4319646.643, 108
Trd, 4319649.393, 70
Trd, 4319651.543, 90
Trd, 4319651.843, 104
Trd, 4319653.243, 104
Trd, 4319654.493, 97
Trd, 4319654.693, 95
Trd, 4319654.843, 98
Trd, 4319656.043, 88
Trd, 4319657.093, 71
Trd, 4319659.993, 92
Trd, 4319661.343, 95
Trd, 4319661.893, 91
Trd, 4319662.493, 105
Trd, 4319663.393, 101
Trd, 4319665.193, 96
Trd, 4319666.243, 113
Trd, 4319668.543, 112
Trd, 4319669.543, 107
Trd, 4319669.743, 101
Trd, 4319670.543, 96
Trd, 4319672.343, 88
Trd, 4319673.443, 109
Trd, 4319674.193, 87
Trd, 4319675.743, 109
Trd, 4319676.343, 107
Trd, 4319679.743, 95
Trd, 4319681.143, 99
Trd, 4319681.843, 97
Trd, 4319682.893, 101
Trd, 4319684.293, 96
Trd, 4319685.343, 96
Trd, 4319685.393, 95
Trd, 4319686.143, 98
Trd, 4319686.693, 115
Trd, 4319689.493, 94
Trd, 4319689.793, 93
Trd, 4319691.043, 95
Trd, 4319691.393, 94
Trd, 4319692.393, 88
Trd, 4319693.243, 101
Trd, 4319694.543, 101
Trd, 4319695.593, 92
Trd, 4319696.243, 104
Trd, 4319699.743, 110
Trd, 4319700.193, 108
Trd, 4319700.493, 107
Trd, 4319701.443, 97
Trd, 4319703.193, 87
Trd, 4319703.743, 109
Trd, 4319707.043, 108
Trd, 4319707.243, 95
Trd, 4319708.493, 111
Trd, 4319709.343, 112
Trd, 4319709.393, 113
Trd, 4319711.893, 102
Trd, 4319712.343, 87
Trd, 4319713.443, 102
Trd, 4319714.893, 91
Trd, 4319714.943, 89
Trd, 4319718.143, 89
Trd, 4319718.393, 102
Trd, 4319719.543, 101
Trd, 4319720.193, 88
Trd, 4319720.993, 69
Trd, 4319721.743, 107
Trd, 4319725.343, 111
Trd, 4319726.943, 103
Trd, 4319730.593, 95
Trd, 4319730.943, 88
Trd, 4319731.193, 103
Trd, 4319734.093, 104
Trd, 4319736.493, 105
Trd, 4319739.493, 98
Trd, 4319739.743, 95
Trd, 4319740.793, 95
Trd, 4319742.693, 93
Trd, 4319744.543, 90
Trd, 4319745.343, 91
Trd, 4319746.893, 92
Trd, 4319749.593, 88
Trd, 4319749.793, 88
Trd, 4319750.393, 109
Trd, 4319750.743, 99
Trd, 4319751.093, 86
Trd, 4319754.443, 109
Trd, 4319755.293, 107
Trd, 4319755.443, 91
Trd, 4319756.593, 105
Trd, 4319757.843, 92
Trd, 4319759.243, 95
Trd, 4319760.393, 102
Trd, 4319762.193, 96
Trd, 4319762.293, 97
Trd, 4319764.293, 95
Trd, 4319765.343, 102
Trd, 4319767.443, 90
Trd, 4319769.493, 104
Trd, 4319770.793, 102
Trd, 4319771.093, 103
Trd, 4319773.243, 88
Trd, 4319775.793, 95
Trd, 4319776.143, 97
Trd, 4319776.493, 106
Trd, 4319777.593, 94
Trd, 4319777.843, 111
Trd, 4319780.043, 95
Trd, 4319780.593, 90
Trd, 4319782.943, 93
Trd, 4319785.993, 90
Trd, 4319786.393, 88
Trd, 4319787.343, 92
Trd, 4319787.793, 92
Trd, 4319788.593, 92
Trd, 4319790.093, 105
Trd, 4319791.393, 104
Trd, 4319792.243, 115
Trd, 4319793.443, 98
Trd, 4319794.893, 98
Trd, 4319799.943, 96
Trd, 4319800.443, 96
Trd, 4319801.093, 98
Trd, 4319802.143, 88
Trd, 4319803.793, 97
Trd, 4319805.193, 93
Trd, 4319806.143, 94
Trd, 4319806.793, 97
Trd, 4319806.893, 98
Trd, 4319808.293, 108
Trd, 4319810.293, 95
Trd, 4319811.943, 109
Trd, 4319813.293, 108
Trd, 4319813.943, 97
Trd, 4319816.493, 99
Trd, 4319817.093, 97
Trd, 4319818.343, 95
Trd, 4319819.193, 95
Trd, 4319820.393, 104
Trd, 4319821.493, 103
Trd, 4319822.993, 87
Trd, 4319825.193, 98
Trd, 4319825.893, 88
Trd, 4319828.643, 105
Trd, 4319829.993, 86
Trd, 4319830.243, 105
Trd, 4319831.743, 87
Trd, 4319833.043, 108
Trd, 4319834.243, 92
Trd, 4319836.593, 103
Trd, 4319836.743, 96
Trd, 4319838.093, 102
Trd, 4319838.743, 97
Trd, 4319841.843, 97
Trd, 4319842.393, 98
Trd, 4319842.593, 98
Trd, 4319844.593, 87
Trd, 4319846.493, 87
Trd, 4319846.993, 95
Trd, 4319848.143, 94
Trd, 4319849.093, 93
Trd, 4319849.493, 89
Trd, 4319852.043, 90
Trd, 4319854.293, 101
Trd, 4319855.043, 88
Trd, 4319856.743, 100
Trd, 4319857.093, 104
Trd, 4319857.643, 88
Trd, 4319861.093, 103
Trd, 4319862.243, 95
Trd, 4319862.593, 92
Trd, 4319863.743, 104
Trd, 4319866.443, 105
Trd, 4319867.643, 96
Trd, 4319868.743, 86
Trd, 4319868.993, 100
Trd, 4319872.193, 103
Trd, 4319872.693, 103
Trd, 4319872.843, 89
Trd, 4319875.543, 88
Trd, 4319876.693, 101
Trd, 4319877.193, 101
Trd, 4319878.343, 92
Trd, 4319880.143, 93
Trd, 4319881.143, 94
Trd, 4319881.993, 113
Trd, 4319882.243, 87
Trd, 4319883.643, 88
Trd, 4319887.143, 92
Trd, 4319888.393, 95
Trd, 4319888.593, 94
Trd, 4319889.793, 91
Trd, 4319891.643, 105
Trd, 4319893.843, 98
Trd, 4319894.593, 99
Trd, 4319897.193, 97
Trd, 4319897.293, 100
Trd, 4319898.543, 95
Trd, 4319901.743, 93
Trd, 4319902.543, 94
Trd, 4319902.643, 95
Trd, 4319904.043, 95
Trd, 4319904.293, 86
Trd, 4319905.293, 104
Trd, 4319905.393, 87
Trd, 4319905.643, 106
Trd, 4319909.193, 103
Trd, 4319910.643, 92
Trd, 4319911.693, 100
Trd, 4319911.793, 91
Trd, 4319913.693, 90
Trd, 4319915.393, 100
Trd, 4319916.193, 86
Trd, 4319918.943, 83
Trd, 4319919.193, 84
Trd, 4319920.443, 79
Trd, 4319920.993, 94
Trd, 4319921.493, 87
Trd, 4319923.443, 95
Trd, 4319925.143, 98
Trd, 4319925.343, 95
Trd, 4319926.093, 91
Trd, 4319929.293, 103
Trd, 4319930.393, 98
Trd, 4319930.643, 101
Trd, 4319931.743, 99
Trd, 4319933.043, 99
Trd, 4319936.093, 100
Trd, 4319936.493, 101
Trd, 4319938.793, 95
Trd, 4319939.093, 108
Trd, 4319940.243, 104
Trd, 4319941.043, 109
Trd, 4319942.393, 106
Trd, 4319943.643, 90
Trd, 4319944.743, 106
Trd, 4319945.493, 72
Trd, 4319946.893, 104
Trd, 4319949.493, 98
Trd, 4319950.493, 94
Trd, 4319952.093, 95
Trd, 4319952.493, 96
Trd, 4319953.843, 102
Trd, 4319954.743, 98
Trd, 4319955.343, 104
Trd, 4319955.843, 107
Trd, 4319958.693, 104
Trd, 4319959.093, 87
Trd, 4319963.043, 101
Trd, 4319963.193, 100
Trd, 4319964.093, 100
Trd, 4319965.693, 97
Trd, 4319966.893, 95
Trd, 4319969.343, 104
Trd, 4319970.543, 95
Trd, 4319971.543, 102
Trd, 4319973.193, 112
Trd, 4319974.343, 105
Trd, 4319975.143, 111
Trd, 4319975.243, 110
Trd, 4319976.843, 95
Trd, 4319978.693, 88
Trd, 4319979.243, 87
Trd, 4319979.743, 109
Trd, 4319982.493, 109
Trd, 4319983.193, 107
Trd, 4319985.193, 97
Trd, 4319985.243, 95
Trd, 4319987.993, 87
Trd, 4319988.193, 97
Trd, 4319989.393, 95
Trd, 4319990.443, 95
Trd, 4319990.993, 94
Trd, 4319991.943, 92
Trd, 4319994.043, 87
Trd, 4319994.293, 85
Trd, 4319994.393, 96
Trd, 4319996.293, 99
Trd, 4319997.743, 109
