Trd, 4317876.693, 99
Trd, 4317876.743, 97
Trd, 4317878.843, 98
Trd, 4317878.993, 95
Trd, 4317880.593, 79
Trd, 4317882.743, 93
Trd, 4317883.293, 90
Trd, 4317884.593, 95
Trd, 4317888.643, 97
Trd, 4317889.193, 98
Trd, 4317889.293, 98
Trd, 4317890.543, 107
Trd, 4317890.893, 99
Trd, 4317893.193, 101
Trd, 4317893.543, 95
Trd, 4317893.693, 87
Trd, 4317895.893, 101
Trd, 4317897.543, 94
Trd, 4317898.643, 98
Trd, 4317899.793, 95
Trd, 4317903.043, 93
Trd, 4317903.593, 93
Trd, 4317904.043, 95
Trd, 4317904.693, 91
Trd, 4317905.343, 97
Trd, 4317906.243, 92
Trd, 4317909.493, 69
Trd, 4317911.043, 75
Trd, 4317912.393, 84
Trd, 4317914.143, 86
Trd, 4317914.693, 101
Trd, 4317917.743, 96
Trd, 4317918.143, 95
Trd, 4317919.493, 97
Trd, 4317919.743, 89
Trd, 4317919.843, 96
Trd, 4317922.743, 87
Trd, 4317925.243, 79
Trd, 4317926.043, 80
Trd, 4317927.643, 82
Trd, 4317929.093, 94
Trd, 4317930.693, 84
Trd, 4317930.743, 97
Trd, 4317932.593, 83
Trd, 4317934.643, 94
Trd, 4317936.793, 92
Trd, 4317936.943, 91
Trd, 4317937.443, 92
Trd, 4317937.743, 101
Trd, 4317943.093, 99
Trd, 4317943.443, 95
Trd, 4317943.543, 99
Trd, 4317947.493, 95
Trd, 4317949.143, 96
Trd, 4317949.493, 95
Trd, 4317950.343, 95
Trd, 4317951.393, 95
Trd, 4317953.343, 103
Trd, 4317955.293, 104
Trd, 4317956.143, 104
Trd, 4317956.793, 103
Trd, 4317956.993, 99
Trd, 4317960.593, 94
Trd, 4317960.843, 82
Trd, 4317961.393, 84
Trd, 4317965.143, 93
Trd, 4317966.093, 85
Trd, 4317967.143, 98
Trd, 4317968.343, 98
Trd, 4317970.043, 97
Trd, 4317970.343, 95
Trd, 4317971.843, 90
Trd, 4317972.093, 105
Trd, 4317973.693, 94
Trd, 4317975.843, 97
Trd, 4317977.793, 100
Trd, 4317978.493, 101
Trd, 4317979.143, 103
Trd, 4317980.693, 104
Trd, 4317983.143, 96
Trd, 4317983.843, 86
Trd, 4317984.543, 99
Trd, 4317985.743, 78
Trd, 4317987.443, 91
Trd, 4317987.743, 79
Trd, 4317988.893, 92
Trd, 4317989.043, 81
Trd, 4317992.243, 84
Trd, 4317994.343, 83
Trd, 4317995.043, 83
Trd, 4317995.443, 86
Trd, 4317999.743, 97
Trd, 4318000.893, 103
Trd, 4318001.143, 99
Trd, 4318004.043, 94
Trd, 4318004.593, 88
Trd, 4318005.143, 79
Trd, 4318006.743, 90
Trd, 4318007.743, 85
Trd, 4318009.093, 87
Trd, 4318010.793, 74
Trd, 4318012.643, 85
Trd, 4318013.843, 86
Trd, 4318014.143, 86
Trd, 4318014.543, 82
Trd, 4318017.843, 97
Trd, 4318018.293, 97
Trd, 4318019.193, 87
Trd, 4318020.893, 95
Trd, 4318021.293, 96
Trd, 4318022.443, 86
Trd, 4318024.093, 93
Trd, 4318024.793, 92
Trd, 4318024.943, 104
Trd, 4318027.193, 98
Trd, 4318028.743, 97
Trd, 4318029.293, 114
Trd, 4318031.293, 104
Trd, 4318031.443, 95
Trd, 4318032.743, 88
Trd, 4318034.493, 93
Trd, 4318035.843, 99
Trd, 4318037.693, 103
Trd, 4318039.243, 95
Trd, 4318039.843, 97
Trd, 4318040.043, 112
Trd, 4318040.343, 97
Trd, 4318040.643, 97
Trd, 4318044.343, 99
Trd, 4318045.643, 97
Trd, 4318046.093, 98
Trd, 4318046.493, 97
Trd, 4318047.643, 96
Trd, 4318050.243, 98
Trd, 4318051.893, 104
Trd, 4318052.143, 99
Trd, 4318052.593, 99
Trd, 4318052.843, 95
Trd, 4318054.343, 105
Trd, 4318056.743, 97
Trd, 4318057.293, 96
Trd, 4318058.643, 98
Trd, 4318059.043, 97
Trd, 4318059.143, 95
Trd, 4318062.343, 91
Trd, 4318062.943, 90
Trd, 4318063.743, 91
Trd, 4318065.593, 94
Trd, 4318067.343, 97
Trd, 4318069.193, 108
Trd, 4318069.693, 99
Trd, 4318071.293, 102
Trd, 4318072.643, 89
Trd, 4318072.943, 87
Trd, 4318074.493, 86
Trd, 4318075.943, 69
Trd, 4318077.293, 99
Trd, 4318077.443, 98
Trd, 4318079.093, 103
Trd, 4318079.543, 98
Trd, 4318080.793, 87
Trd, 4318082.143, 89
Trd, 4318082.843, 97
Trd, 4318086.393, 100
Trd, 4318086.543, 96
Trd, 4318087.193, 96
Trd, 4318088.693, 104
Trd, 4318089.193, 98
Trd, 4318091.543, 96
Trd, 4318092.593, 96
Trd, 4318094.793, 104
Trd, 4318096.493, 95
Trd, 4318096.893, 94
Trd, 4318099.093, 91
Trd, 4318101.993, 97
Trd, 4318102.493, 101
Trd, 4318103.943, 101
Trd, 4318104.193, 101
Trd, 4318104.493, 100
Trd, 4318107.993, 97
Trd, 4318108.093, 96
Trd, 4318110.293, 103
Trd, 4318111.393, 103
Trd, 4318111.943, 103
Trd, 4318112.993, 98
Trd, 4318114.393, 80
Trd, 4318116.793, 85
Trd, 4318117.143, 95
Trd, 4318118.543, 96
Trd, 4318118.743, 88
Trd, 4318120.643, 93
Trd, 4318121.543, 92
Trd, 4318122.393, 101
Trd, 4318124.043, 93
Trd, 4318124.393, 93
Trd, 4318125.843, 100
Trd, 4318128.693, 92
Trd, 4318131.343, 83
Trd, 4318131.393, 81
Trd, 4318133.243, 83
Trd, 4318134.443, 95
Trd, 4318135.193, 85
Trd, 4318136.693, 88
Trd, 4318137.143, 87
Trd, 4318138.643, 96
Trd, 4318139.643, 90
Trd, 4318142.143, 94
Trd, 4318142.193, 95
Trd, 4318142.443, 92
Trd, 4318143.093, 92
Trd, 4318144.243, 95
Trd, 4318145.493, 106
Trd, 4318146.143, 100
Trd, 4318148.943, 109
Trd, 4318150.043, 100
Trd, 4318150.643, 86
Trd, 4318151.893, 94
Trd, 4318153.843, 89
Trd, 4318155.443, 93
Trd, 4318155.843, 94
Trd, 4318158.393, 95
Trd, 4318158.443, 94
Trd, 4318160.143, 95
Trd, 4318160.593, 83
Trd, 4318164.393, 94
Trd, 4318164.943, 95
Trd, 4318165.193, 95
Trd, 4318166.643, 113
Trd, 4318167.743, 95
Trd, 4318168.843, 92
Trd, 4318171.293, 98
Trd, 4318173.443, 98
Trd, 4318174.443, 90
Trd, 4318175.693, 97
Trd, 4318178.243, 92
Trd, 4318178.843, 112
Trd, 4318180.193, 103
Trd, 4318180.243, 102
Trd, 4318180.543, 105
Trd, 4318180.843, 99
Trd, 4318182.593, 87
Trd, 4318184.843, 95
Trd, 4318185.043, 94
Trd, 4318185.993, 93
Trd, 4318187.443, 96
Trd, 4318189.193, 98
Trd, 4318190.993, 105
Trd, 4318193.343, 101
Trd, 4318194.043, 104
Trd, 4318194.243, 102
Trd, 4318195.143, 106
Trd, 4318195.993, 106
Trd, 4318196.493, 98
Trd, 4318197.893, 88
Trd, 4318199.743, 92
Trd, 4318199.843, 92
Trd, 4318201.793, 92
Trd, 4318203.343, 96
Trd, 4318203.943, 82
Trd, 4318204.293, 95
Trd, 4318208.493, 87
Trd, 4318209.643, 91
Trd, 4318210.193, 92
Trd, 4318211.743, 88
Trd, 4318212.193, 101
Trd, 4318214.943, 90
Trd, 4318215.793, 90
Trd, 4318217.193, 94
Trd, 4318218.543, 92
Trd, 4318219.093, 86
Trd, 4318220.393, 101
Trd, 4318220.443, 105
Trd, 4318220.493, 70
Trd, 4318224.843, 83
Trd, 4318224.993, 81
Trd, 4318226.443, 97
Trd, 4318227.643, 85
Trd, 4318228.843, 96
Trd, 4318228.993, 97
Trd, 4318230.793, 98
Trd, 4318231.343, 95
Trd, 4318233.693, 96
Trd, 4318233.893, 95
Trd, 4318236.643, 97
Trd, 4318236.943, 100
Trd, 4318237.593, 95
Trd, 4318237.943, 92
Trd, 4318240.893, 91
Trd, 4318241.543, 91
Trd, 4318245.493, 98
Trd, 4318246.093, 98
Trd, 4318246.293, 102
Trd, 4318247.543, 98
Trd, 4318248.393, 100
Trd, 4318249.543, 97
Trd, 4318250.743, 95
Trd, 4318254.793, 97
Trd, 4318255.193, 90
Trd, 4318256.693, 91
Trd, 4318257.243, 115
Trd, 4318259.793, 95
Trd, 4318260.843, 95
Trd, 4318262.093, 90
Trd, 4318262.293, 88
Trd, 4318264.843, 97
Trd, 4318264.943, 96
Trd, 4318266.443, 97
Trd, 4318268.393, 104
Trd, 4318270.893, 104
Trd, 4318271.443, 103
Trd, 4318272.743, 95
Trd, 4318274.593, 102
Trd, 4318275.443, 95
Trd, 4318276.593, 96
Trd, 4318278.743, 96
Trd, 4318280.093, 95
Trd, 4318280.793, 96
Trd, 4318281.193, 106
Trd, 4318285.143, 93
Trd, 4318285.293, 92
Trd, 4318285.943, 96
Trd, 4318287.193, 87
Trd, 4318287.443, 107
Trd, 4318291.293, 86
Trd, 4318291.843, 86
Trd, 4318293.393, 89
Trd, 4318293.793, 90
Trd, 4318295.243, 90
Trd, 4318296.493, 94
Trd, 4318297.093, 94
Trd, 4318297.443, 93
Trd, 4318298.643, 87
Trd, 4318300.893, 81
Trd, 4318302.593, 88
Trd, 4318303.343, 96
Trd, 4318305.643, 93
Trd, 4318306.643, 96
Trd, 4318307.443, 105
Trd, 4318308.493, 96
Trd, 4318310.443, 108
Trd, 4318311.843, 104
Trd, 4318312.743, 104
Trd, 4318315.143, 97
Trd, 4318315.243, 114
Trd, 4318315.943, 86
Trd, 4318318.443, 91
Trd, 4318319.743, 90
Trd, 4318320.093, 91
Trd, 4318321.293, 92
Trd, 4318321.993, 93
Trd, 4318322.443, 97
Trd, 4318324.193, 107
Trd, 4318325.143, 109
Trd, 4318325.693, 109
Trd, 4318326.993, 111
Trd, 4318328.193, 102
Trd, 4318329.843, 98
Trd, 4318332.643, 106
Trd, 4318333.093, 97
Trd, 4318335.343, 96
Trd, 4318335.693, 101
Trd, 4318338.943, 92
Trd, 4318339.743, 94
Trd, 4318340.193, 97
Trd, 4318342.243, 97
Trd, 4318342.843, 97
Trd, 4318343.743, 95
Trd, 4318345.593, 94
Trd, 4318345.793, 102
Trd, 4318348.993, 106
Trd, 4318349.143, 105
Trd, 4318350.143, 96
Trd, 4318351.093, 97
Trd, 4318351.193, 105
Trd, 4318354.743, 97
Trd, 4318355.993, 89
Trd, 4318357.543, 97
Trd, 4318358.643, 97
Trd, 4318358.793, 95
Trd, 4318361.693, 90
Trd, 4318362.343, 89
Trd, 4318363.793, 89
Trd, 4318363.943, 88
Trd, 4318364.193, 99
Trd, 4318366.093, 63
Trd, 4318367.393, 93
Trd, 4318368.443, 71
Trd, 4318369.393, 95
Trd, 4318371.093, 78
Trd, 4318372.643, 84
Trd, 4318374.193, 97
Trd, 4318375.943, 95
Trd, 4318376.143, 93
Trd, 4318376.843, 86
Trd, 4318378.943, 91
Trd, 4318379.943, 89
Trd, 4318382.293, 95
Trd, 4318383.543, 99
Trd, 4318384.093, 98
Trd, 4318385.243, 97
Trd, 4318385.743, 96
Trd, 4318387.143, 86
Trd, 4318390.193, 87
Trd, 4318393.043, 89
Trd, 4318393.743, 87
Trd, 4318395.393, 86
Trd, 4318396.543, 94
Trd, 4318397.643, 87
Trd, 4318399.143, 90
Trd, 4318400.693, 90
Trd, 4318401.243, 89
Trd, 4318403.543, 99
Trd, 4318404.143, 91
Trd, 4318405.993, 88
Trd, 4318407.293, 87
Trd, 4318407.443, 92
Trd, 4318409.743, 100
Trd, 4318411.643, 91
Trd, 4318412.543, 86
Trd, 4318412.643, 103
Trd, 4318416.543, 98
Trd, 4318417.593, 100
Trd, 4318418.293, 103
Trd, 4318418.393, 103
Trd, 4318418.893, 95
Trd, 4318420.643, 90
Trd, 4318422.693, 96
Trd, 4318423.593, 93
Trd, 4318425.493, 103
Trd, 4318426.043, 99
Trd, 4318427.093, 111
Trd, 4318428.843, 103
Trd, 4318430.293, 79
Trd, 4318432.843, 94
Trd, 4318433.493, 87
Trd, 4318433.543, 95
Trd, 4318433.893, 86
Trd, 4318436.643, 94
Trd, 4318437.143, 112
Trd, 4318437.443, 94
Trd, 4318440.143, 95
Trd, 4318442.343, 96
Trd, 4318443.643, 96
Trd, 4318446.093, 95
Trd, 4318446.993, 98
Trd, 4318448.143, 102
Trd, 4318448.543, 112
Trd, 4318448.843, 102
Trd, 4318449.943, 103
Trd, 4318451.443, 106
Trd, 4318453.743, 111
Trd, 4318454.243, 95
Trd, 4318455.043, 90
Trd, 4318455.793, 87
Trd, 4318456.693, 88
Trd, 4318458.993, 92
Trd, 4318460.143, 92
Trd, 4318460.443, 89
Trd, 4318461.893, 95
Trd, 4318465.093, 93
Trd, 4318465.543, 93
Trd, 4318466.593, 88
Trd, 4318467.893, 90
Trd, 4318468.643, 91
Trd, 4318469.143, 89
Trd, 4318469.843, 103
Trd, 4318475.293, 92
Trd, 4318475.593, 101
Trd, 4318476.143, 95
Trd, 4318477.043, 102
Trd, 4318478.143, 98
Trd, 4318478.693, 96
Trd, 4318479.993, 98
Trd, 4318480.043, 95
Trd, 4318482.593, 99
Trd, 4318483.093, 93
Trd, 4318483.143, 90
Trd, 4318486.493, 96
Trd, 4318487.593, 97
Trd, 4318487.993, 96
Trd, 4318489.693, 102
Trd, 4318490.293, 97
Trd, 4318490.343, 95
Trd, 4318492.943, 89
Trd, 4318495.693, 91
Trd, 4318495.943, 92
Trd, 4318496.193, 92
Trd, 4318497.193, 97
Trd, 4318499.093, 87
Trd, 4318499.593, 87
Trd, 4318502.793, 97
Trd, 4318503.143, 96
Trd, 4318503.593, 86
Trd, 4318506.043, 81
Trd, 4318506.843, 82
Trd, 4318507.843, 94
Trd, 4318510.743, 94
Trd, 4318511.743, 95
Trd, 4318513.193, 96
Trd, 4318515.093, 96
Trd, 4318515.493, 89
Trd, 4318516.843, 88
Trd, 4318518.543, 92
Trd, 4318519.543, 92
Trd, 4318520.593, 93
Trd, 4318521.193, 92
Trd, 4318522.343, 99
Trd, 4318524.043, 95
Trd, 4318524.393, 95
Trd, 4318526.643, 88
Trd, 4318526.793, 105
Trd, 4318531.143, 89
Trd, 4318532.343, 87
Trd, 4318533.143, 91
Trd, 4318533.693, 90
Trd, 4318534.243, 97
Trd, 4318535.093, 89
Trd, 4318536.943, 94
Trd, 4318537.093, 94
Trd, 4318537.693, 95
Trd, 4318538.243, 91
Trd, 4318540.243, 101
Trd, 4318542.743, 92
Trd, 4318543.493, 95
Trd, 4318543.693, 92
Trd, 4318544.893, 97
Trd, 4318547.693, 97
Trd, 4318548.243, 97
Trd, 4318549.693, 96
Trd, 4318552.193, 99
Trd, 4318552.343, 98
Trd, 4318555.493, 91
Trd, 4318556.043, 89
Trd, 4318557.193, 94
Trd, 4318558.493, 96
Trd, 4318560.393, 89
Trd, 4318561.643, 90
Trd, 4318562.293, 104
Trd, 4318563.243, 96
Trd, 4318563.943, 93
Trd, 4318565.843, 96
Trd, 4318567.493, 104
Trd, 4318570.043, 104
Trd, 4318570.793, 100
Trd, 4318572.543, 92
Trd, 4318573.743, 117
Trd, 4318576.293, 100
Trd, 4318576.893, 98
Trd, 4318577.743, 97
Trd, 4318578.193, 95
Trd, 4318580.293, 100
Trd, 4318580.993, 95
Trd, 4318581.093, 104
Trd, 4318582.593, 78
Trd, 4318584.993, 97
Trd, 4318585.993, 97
Trd, 4318589.893, 91
Trd, 4318590.093, 90
Trd, 4318590.743, 92
Trd, 4318591.593, 93
Trd, 4318593.443, 95
Trd, 4318593.543, 95
Trd, 4318596.443, 88
Trd, 4318598.143, 89
Trd, 4318598.343, 90
Trd, 4318599.293, 91
Trd, 4318602.093, 95
Trd, 4318602.193, 105
Trd, 4318602.843, 97
Trd, 4318605.593, 103
Trd, 4318605.843, 102
Trd, 4318606.093, 95
Trd, 4318607.443, 100
Trd, 4318611.743, 92
Trd, 4318611.993, 91
Trd, 4318612.243, 102
Trd, 4318613.043, 91
Trd, 4318613.193, 97
Trd, 4318613.643, 86
Trd, 4318614.443, 121
Trd, 4318616.543, 86
Trd, 4318618.293, 99
Trd, 4318620.193, 94
Trd, 4318621.443, 95
Trd, 4318622.893, 98
Trd, 4318623.043, 109
Trd, 4318624.493, 101
Trd, 4318625.243, 99
Trd, 4318625.343, 77
Trd, 4318630.093, 96
Trd, 4318630.143, 97
Trd, 4318630.743, 83
Trd, 4318631.993, 100
Trd, 4318632.543, 97
Trd, 4318633.443, 98
Trd, 4318634.143, 87
Trd, 4318638.693, 97
Trd, 4318638.793, 103
Trd, 4318638.943, 96
Trd, 4318640.143, 96
Trd, 4318643.793, 100
Trd, 4318644.243, 108
Trd, 4318644.493, 100
Trd, 4318645.393, 99
Trd, 4318648.093, 102
Trd, 4318648.193, 104
Trd, 4318648.843, 101
Trd, 4318649.493, 87
Trd, 4318649.943, 104
Trd, 4318652.943, 93
Trd, 4318654.693, 96
Trd, 4318654.743, 93
Trd, 4318656.043, 97
Trd, 4318656.193, 85
Trd, 4318658.743, 90
Trd, 4318659.643, 91
Trd, 4318660.043, 87
Trd, 4318661.743, 96
Trd, 4318664.593, 95
Trd, 4318665.993, 95
Trd, 4318666.393, 95
Trd, 4318666.743, 96
Trd, 4318668.493, 97
Trd, 4318668.543, 86
Trd, 4318669.993, 97
Trd, 4318672.093, 78
Trd, 4318673.593, 84
Trd, 4318674.093, 95
Trd, 4318676.243, 89
Trd, 4318679.393, 102
Trd, 4318679.693, 101
Trd, 4318680.243, 102
Trd, 4318680.393, 86
Trd, 4318681.393, 106
Trd, 4318682.743, 94
Trd, 4318683.143, 95
Trd, 4318684.493, 95
Trd, 4318686.143, 100
Trd, 4318687.493, 100
Trd, 4318688.093, 95
Trd, 4318691.543, 92
Trd, 4318692.093, 86
Trd, 4318692.743, 96
Trd, 4318694.093, 93
Trd, 4318695.243, 96
Trd, 4318696.743, 96
Trd, 4318698.793, 80
Trd, 4318699.043, 97
Trd, 4318700.243, 84
Trd, 4318701.543, 96
Trd, 4318702.593, 90
Trd, 4318704.993, 97
Trd, 4318706.443, 97
Trd, 4318706.993, 95
Trd, 4318707.943, 96
Trd, 4318708.993, 97
Trd, 4318710.143, 95
Trd, 4318710.543, 95
Trd, 4318710.993, 95
Trd, 4318712.043, 104
Trd, 4318713.643, 90
Trd, 4318714.643, 91
Trd, 4318715.693, 91
Trd, 4318716.343, 77
Trd, 4318718.943, 105
Trd, 4318723.093, 91
Trd, 4318723.393, 92
Trd, 4318723.943, 92
Trd, 4318724.293, 97
Trd, 4318728.493, 98
Trd, 4318729.243, 100
Trd, 4318730.293, 95
Trd, 4318730.893, 86
Trd, 4318733.443, 90
Trd, 4318733.943, 89
Trd, 4318735.543, 95
Trd, 4318736.193, 95
Trd, 4318738.243, 97
Trd, 4318740.043, 95
Trd, 4318740.893, 104
Trd, 4318741.043, 89
Trd, 4318743.393, 97
Trd, 4318744.393, 96
Trd, 4318746.043, 106
Trd, 4318747.293, 110
Trd, 4318748.143, 102
Trd, 4318750.593, 93
Trd, 4318751.943, 94
Trd, 4318753.893, 99
Trd, 4318754.343, 99
Trd, 4318755.393, 101
Trd, 4318755.793, 101
Trd, 4318756.293, 87
Trd, 4318758.143, 86
Trd, 4318760.093, 81
Trd, 4318760.243, 92
Trd, 4318764.143, 89
Trd, 4318764.443, 90
Trd, 4318765.243, 90
Trd, 4318765.693, 105
Trd, 4318768.393, 96
Trd, 4318769.443, 99
Trd, 4318770.343, 100
Trd, 4318770.393, 101
Trd, 4318770.893, 100
Trd, 4318771.993, 95
Trd, 4318774.643, 96
Trd, 4318775.243, 105
Trd, 4318776.043, 99
Trd, 4318776.793, 96
Trd, 4318779.893, 95
Trd, 4318780.243, 101
Trd, 4318782.793, 92
Trd, 4318783.243, 96
Trd, 4318783.693, 92
Trd, 4318786.093, 82
Trd, 4318787.643, 88
Trd, 4318787.743, 89
Trd, 4318789.343, 111
Trd, 4318791.193, 95
Trd, 4318792.093, 97
Trd, 4318794.293, 101
Trd, 4318795.543, 103
Trd, 4318795.643, 106
Trd, 4318796.593, 102
Trd, 4318798.393, 88
Trd, 4318800.743, 93
Trd, 4318802.193, 90
Trd, 4318802.443, 95
Trd, 4318802.543, 88
Trd, 4318806.243, 95
Trd, 4318806.443, 94
Trd, 4318807.093, 94
Trd, 4318808.743, 101
Trd, 4318809.943, 81
Trd, 4318810.443, 103
Trd, 4318812.793, 97
Trd, 4318813.293, 100
Trd, 4318813.843, 96
Trd, 4318817.793, 91
Trd, 4318819.143, 93
Trd, 4318819.443, 93
Trd, 4318821.343, 96
Trd, 4318821.793, 95
Trd, 4318822.443, 86
Trd, 4318822.893, 105
Trd, 4318825.993, 89
Trd, 4318826.893, 92
Trd, 4318828.593, 91
Trd, 4318828.893, 91
Trd, 4318829.743, 102
Trd, 4318832.243, 91
Trd, 4318834.443, 94
Trd, 4318835.743, 96
Trd, 4318836.943, 95
Trd, 4318837.593, 98
Trd, 4318838.993, 106
Trd, 4318841.943, 108
Trd, 4318842.593, 108
Trd, 4318843.493, 108
Trd, 4318844.343, 78
Trd, 4318844.793, 78
Trd, 4318846.693, 102
Trd, 4318847.643, 70
Trd, 4318847.943, 105
Trd, 4318849.493, 73
Trd, 4318851.393, 91
Trd, 4318851.993, 79
Trd, 4318855.543, 96
Trd, 4318857.693, 89
Trd, 4318858.043, 89
Trd, 4318858.193, 92
Trd, 4318860.243, 95
Trd, 4318860.493, 92
Trd, 4318862.143, 98
Trd, 4318862.743, 98
Trd, 4318864.343, 99
Trd, 4318866.343, 104
Trd, 4318866.743, 95
Trd, 4318868.543, 91
Trd, 4318869.943, 95
Trd, 4318870.643, 97
Trd, 4318871.293, 78
Trd, 4318871.543, 78
Trd, 4318873.443, 95
Trd, 4318877.693, 92
Trd, 4318878.393, 93
Trd, 4318878.443, 92
Trd, 4318880.643, 90
Trd, 4318881.143, 91
Trd, 4318883.343, 100
Trd, 4318883.693, 93
Trd, 4318884.993, 86
Trd, 4318887.793, 90
Trd, 4318888.193, 91
Trd, 4318889.143, 95
Trd, 4318889.593, 115
Trd, 4318890.043, 94
Trd, 4318891.993, 90
Trd, 4318893.293, 97
Trd, 4318893.543, 104
Trd, 4318893.643, 91
Trd, 4318896.543, 98
Trd, 4318896.593, 97
Trd, 4318898.043, 96
Trd, 4318898.143, 102
Trd, 4318900.043, 101
Trd, 4318903.293, 89
Trd, 4318903.893, 88
Trd, 4318903.943, 94
Trd, 4318905.743, 92
Trd, 4318906.393, 90
Trd, 4318908.293, 90
Trd, 4318909.343, 88
Trd, 4318910.343, 79
Trd, 4318911.643, 79
Trd, 4318915.543, 91
Trd, 4318916.743, 88
Trd, 4318916.993, 89
Trd, 4318917.643, 90
Trd, 4318919.393, 104
Trd, 4318920.543, 94
Trd, 4318922.193, 97
Trd, 4318922.593, 98
Trd, 4318923.793, 103
Trd, 4318924.843, 101
Trd, 4318926.143, 102
Trd, 4318927.243, 104
Trd, 4318928.943, 95
Trd, 4318930.743, 94
Trd, 4318931.643, 94
Trd, 4318933.593, 100
Trd, 4318933.843, 99
Trd, 4318935.393, 99
Trd, 4318936.243, 100
Trd, 4318936.543, 95
Trd, 4318936.743, 114
Trd, 4318939.493, 89
Trd, 4318941.193, 96
Trd, 4318941.443, 96
Trd, 4318941.543, 95
Trd, 4318941.993, 116
Trd, 4318943.143, 96
Trd, 4318945.743, 92
Trd, 4318946.543, 92
Trd, 4318947.093, 94
Trd, 4318947.743, 91
Trd, 4318951.543, 90
Trd, 4318951.943, 90
Trd, 4318952.443, 90
Trd, 4318953.943, 92
Trd, 4318955.893, 86
Trd, 4318955.943, 92
Trd, 4318956.243, 85
Trd, 4318959.543, 108
Trd, 4318959.643, 96
Trd, 4318960.893, 92
Trd, 4318961.843, 86
Trd, 4318963.593, 96
Trd, 4318968.293, 91
Trd, 4318969.243, 87
Trd, 4318970.493, 87
Trd, 4318971.143, 91
Trd, 4318971.593, 93
Trd, 4318974.743, 92
Trd, 4318975.143, 98
Trd, 4318975.493, 91
Trd, 4318978.043, 94
Trd, 4318978.243, 88
Trd, 4318978.293, 86
Trd, 4318980.743, 83
Trd, 4318980.893, 93
Trd, 4318983.893, 88
Trd, 4318984.993, 105
Trd, 4318986.293, 93
Trd, 4318988.093, 96
Trd, 4318988.193, 95
Trd, 4318990.793, 93
Trd, 4318992.243, 94
Trd, 4318992.743, 94
Trd, 4318993.193, 95
Trd, 4318995.343, 94
Trd, 4318996.593, 101
Trd, 4318997.743, 101
Trd, 4318998.543, 101
Trd, 4318999.743, 101
Trd, 4319003.543, 95
Trd, 4319003.693, 104
Trd, 4319004.643, 97
Trd, 4319005.393, 99
Trd, 4319006.943, 97
Trd, 4319007.643, 98
Trd, 4319008.843, 95
Trd, 4319011.443, 94
Trd, 4319011.843, 94
Trd, 4319013.143, 94
Trd, 4319014.293, 96
Trd, 4319015.193, 87
Trd, 4319017.143, 88
Trd, 4319017.393, 95
Trd, 4319018.143, 90
Trd, 4319019.043, 92
Trd, 4319019.793, 92
Trd, 4319021.243, 98
Trd, 4319021.893, 105
Trd, 4319022.643, 102
Trd, 4319022.743, 101
Trd, 4319025.943, 104
Trd, 4319026.243, 104
Trd, 4319026.993, 103
Trd, 4319027.593, 111
Trd, 4319029.793, 95
Trd, 4319030.293, 89
Trd, 4319030.993, 95
Trd, 4319032.443, 80
Trd, 4319033.493, 64
Trd, 4319036.943, 108
Trd, 4319038.193, 91
Trd, 4319038.893, 91
Trd, 4319039.543, 92
Trd, 4319039.993, 94
Trd, 4319041.393, 93
Trd, 4319042.693, 94
Trd, 4319044.643, 98
Trd, 4319045.793, 102
Trd, 4319046.143, 99
Trd, 4319047.593, 98
Trd, 4319049.143, 102
Trd, 4319049.893, 99
Trd, 4319052.193, 100
Trd, 4319052.293, 98
Trd, 4319053.843, 101
Trd, 4319054.243, 86
Trd, 4319057.343, 92
Trd, 4319057.793, 86
Trd, 4319058.793, 97
Trd, 4319058.843, 98
Trd, 4319061.793, 94
Trd, 4319063.143, 96
Trd, 4319063.743, 104
Trd, 4319065.793, 102
Trd, 4319066.143, 102
Trd, 4319067.493, 103
Trd, 4319069.843, 95
Trd, 4319071.493, 95
Trd, 4319072.343, 94
Trd, 4319072.443, 95
Trd, 4319073.293, 95
Trd, 4319075.843, 97
Trd, 4319077.893, 100
Trd, 4319079.843, 94
Trd, 4319080.693, 96
Trd, 4319081.443, 94
Trd, 4319083.593, 97
Trd, 4319084.443, 97
Trd, 4319084.793, 96
Trd, 4319087.343, 104
Trd, 4319088.793, 102
Trd, 4319089.243, 99
Trd, 4319091.593, 104
Trd, 4319093.543, 98
Trd, 4319095.643, 107
Trd, 4319096.343, 95
Trd, 4319096.543, 86
Trd, 4319097.143, 75
Trd, 4319098.543, 75
Trd, 4319102.393, 91
Trd, 4319103.143, 94
Trd, 4319103.993, 94
Trd, 4319105.593, 92
Trd, 4319106.793, 91
Trd, 4319108.093, 92
Trd, 4319108.343, 91
Trd, 4319108.493, 97
Trd, 4319110.943, 93
Trd, 4319112.043, 95
Trd, 4319112.593, 100
Trd, 4319114.343, 96
Trd, 4319114.443, 95
Trd, 4319116.343, 95
Trd, 4319118.243, 89
Trd, 4319118.493, 96
Trd, 4319118.943, 108
Trd, 4319122.343, 99
Trd, 4319123.993, 104
Trd, 4319124.343, 102
Trd, 4319124.843, 95
Trd, 4319127.243, 87
Trd, 4319128.343, 95
Trd, 4319129.443, 89
Trd, 4319130.393, 102
Trd, 4319132.643, 97
Trd, 4319134.093, 98
Trd, 4319134.443, 103
Trd, 4319135.693, 97
Trd, 4319137.493, 98
Trd, 4319138.193, 95
Trd, 4319140.343, 90
Trd, 4319141.693, 93
Trd, 4319142.493, 94
Trd, 4319142.743, 95
Trd, 4319144.593, 105
Trd, 4319145.393, 90
Trd, 4319148.893, 102
Trd, 4319150.743, 106
Trd, 4319151.443, 106
Trd, 4319151.643, 95
Trd, 4319152.543, 107
Trd, 4319154.993, 87
Trd, 4319156.743, 92
Trd, 4319157.143, 108
Trd, 4319159.093, 97
Trd, 4319161.043, 98
Trd, 4319161.243, 97
Trd, 4319162.093, 97
Trd, 4319163.993, 100
Trd, 4319164.943, 102
Trd, 4319165.593, 104
Trd, 4319169.193, 96
Trd, 4319169.743, 97
Trd, 4319169.793, 95
Trd, 4319170.343, 98
Trd, 4319172.243, 94
Trd, 4319175.093, 89
Trd, 4319175.443, 101
Trd, 4319176.793, 94
Trd, 4319181.193, 100
Trd, 4319182.193, 101
Trd, 4319182.943, 97
Trd, 4319184.143, 118
Trd, 4319185.743, 96
Trd, 4319187.543, 113
Trd, 4319187.993, 99
Trd, 4319188.043, 97
Trd, 4319188.243, 95
Trd, 4319189.343, 98
Trd, 4319190.693, 96
Trd, 4319193.293, 101
Trd, 4319195.343, 102
Trd, 4319195.793, 92
Trd, 4319196.593, 94
Trd, 4319197.993, 97
Trd, 4319198.643, 98
Trd, 4319199.893, 97
Trd, 4319203.093, 89
Trd, 4319203.893, 88
Trd, 4319204.393, 87
Trd, 4319204.543, 89
Trd, 4319205.643, 115
Trd, 4319208.393, 92
Trd, 4319208.843, 92
Trd, 4319209.993, 94
Trd, 4319210.243, 77
Trd, 4319210.443, 97
Trd, 4319211.743, 70
Trd, 4319213.493, 106
Trd, 4319214.493, 83
Trd, 4319216.943, 90
Trd, 4319217.043, 97
Trd, 4319218.243, 92
Trd, 4319219.093, 94
Trd, 4319223.793, 101
Trd, 4319224.193, 99
Trd, 4319225.043, 99
Trd, 4319225.493, 97
Trd, 4319226.593, 98
Trd, 4319228.993, 90
Trd, 4319229.493, 98
Trd, 4319230.693, 95
Trd, 4319233.093, 97
Trd, 4319233.693, 96
Trd, 4319234.443, 97
Trd, 4319235.293, 95
Trd, 4319235.493, 98
Trd, 4319237.443, 88
Trd, 4319237.543, 94
Trd, 4319238.993, 87
Trd, 4319242.793, 93
Trd, 4319244.843, 94
Trd, 4319246.293, 96
Trd, 4319247.243, 97
Trd, 4319247.993, 104
Trd, 4319250.143, 99
Trd, 4319252.793, 101
Trd, 4319252.893, 103
Trd, 4319254.393, 96
Trd, 4319254.593, 95
Trd, 4319257.143, 77
Trd, 4319259.593, 97
Trd, 4319260.793, 108
Trd, 4319261.193, 74
Trd, 4319261.693, 106
Trd, 4319263.343, 95
Trd, 4319264.243, 95
Trd, 4319265.393, 95
Trd, 4319267.943, 107
Trd, 4319269.593, 100
Trd, 4319269.993, 101
Trd, 4319271.343, 95
Trd, 4319273.093, 93
Trd, 4319273.393, 91
Trd, 4319274.893, 92
Trd, 4319276.593, 89
Trd, 4319277.543, 89
Trd, 4319278.493, 89
Trd, 4319280.193, 96
Trd, 4319280.693, 95
Trd, 4319281.643, 97
Trd, 4319282.343, 97
Trd, 4319282.843, 97
Trd, 4319284.493, 86
Trd, 4319284.693, 105
Trd, 4319287.043, 87
Trd, 4319287.743, 103
Trd, 4319287.843, 86
Trd, 4319292.143, 99
Trd, 4319292.543, 101
Trd, 4319292.693, 113
Trd, 4319293.693, 99
Trd, 4319295.093, 99
Trd, 4319298.693, 99
Trd, 4319298.943, 101
Trd, 4319299.693, 97
Trd, 4319301.843, 91
Trd, 4319305.193, 79
Trd, 4319305.443, 93
Trd, 4319307.043, 85
Trd, 4319308.343, 87
Trd, 4319309.493, 88
Trd, 4319311.943, 94
Trd, 4319313.643, 98
Trd, 4319315.243, 102
Trd, 4319316.093, 103
Trd, 4319316.493, 99
Trd, 4319317.743, 99
Trd, 4319319.043, 98
Trd, 4319319.693, 98
Trd, 4319322.343, 101
Trd, 4319323.243, 98
Trd, 4319324.143, 112
Trd, 4319325.443, 104
Trd, 4319326.343, 95
Trd, 4319329.843, 91
Trd, 4319331.243, 104
Trd, 4319331.743, 95
Trd, 4319332.543, 98
Trd, 4319334.143, 90
Trd, 4319334.343, 78
Trd, 4319334.993, 101
Trd, 4319338.893, 90
Trd, 4319339.293, 78
Trd, 4319342.043, 85
Trd, 4319343.193, 94
Trd, 4319345.543, 93
Trd, 4319347.243, 90
Trd, 4319347.693, 87
Trd, 4319349.143, 91
Trd, 4319351.393, 86
Trd, 4319352.193, 78
Trd, 4319353.693, 92
Trd, 4319353.843, 82
Trd, 4319354.193, 83
Trd, 4319356.093, 94
Trd, 4319357.593, 96
Trd, 4319358.793, 83
Trd, 4319358.843, 95
Trd, 4319362.643, 97
Trd, 4319363.543, 97
Trd, 4319364.343, 91
Trd, 4319365.493, 99
Trd, 4319368.793, 97
Trd, 4319369.743, 96
Trd, 4319370.193, 97
Trd, 4319372.243, 98
Trd, 4319372.593, 96
Trd, 4319373.093, 108
Trd, 4319374.943, 106
Trd, 4319375.693, 97
Trd, 4319376.543, 104
Trd, 4319376.743, 109
Trd, 4319380.043, 100
Trd, 4319382.193, 106
Trd, 4319383.143, 99
Trd, 4319383.693, 98
Trd, 4319384.543, 96
Trd, 4319387.793, 96
Trd, 4319387.993, 102
Trd, 4319388.943, 100
Trd, 4319390.293, 98
Trd, 4319392.043, 89
Trd, 4319392.793, 91
Trd, 4319393.393, 96
Trd, 4319395.393, 93
Trd, 4319395.743, 95
Trd, 4319398.793, 73
Trd, 4319401.043, 82
Trd, 4319401.643, 95
Trd, 4319402.293, 84
Trd, 4319405.043, 89
Trd, 4319405.493, 90
Trd, 4319406.843, 94
Trd, 4319407.943, 94
Trd, 4319408.943, 100
Trd, 4319409.593, 88
Trd, 4319412.343, 90
Trd, 4319413.093, 81
Trd, 4319413.443, 102
Trd, 4319414.843, 82
Trd, 4319416.243, 87
Trd, 4319417.793, 90
Trd, 4319418.793, 88
Trd, 4319419.243, 89
Trd, 4319420.293, 97
Trd, 4319420.943, 104
Trd, 4319423.643, 97
Trd, 4319423.693, 96
Trd, 4319424.893, 95
Trd, 4319425.393, 94
Trd, 4319428.293, 99
Trd, 4319429.593, 95
Trd, 4319429.693, 96
Trd, 4319430.193, 96
Trd, 4319432.593, 99
Trd, 4319432.943, 99
Trd, 4319434.593, 97
Trd, 4319436.343, 100
Trd, 4319437.043, 104
Trd, 4319439.243, 106
Trd, 4319439.443, 105
Trd, 4319440.293, 98
Trd, 4319440.393, 95
Trd, 4319443.543, 96
Trd, 4319444.743, 99
Trd, 4319445.093, 98
Trd, 4319445.793, 96
Trd, 4319446.143, 113
Trd, 4319447.493, 95
Trd, 4319448.093, 86
Trd, 4319452.993, 95
Trd, 4319453.143, 93
Trd, 4319453.393, 93
Trd, 4319455.343, 97
Trd, 4319456.143, 95
Trd, 4319459.593, 95
Trd, 4319461.743, 103
Trd, 4319462.443, 102
Trd, 4319462.843, 101
Trd, 4319464.543, 106
Trd, 4319466.493, 96
Trd, 4319466.943, 95
Trd, 4319469.693, 94
Trd, 4319469.793, 93
Trd, 4319470.443, 100
Trd, 4319472.043, 92
Trd, 4319475.393, 98
Trd, 4319475.543, 97
Trd, 4319476.293, 97
Trd, 4319476.443, 108
Trd, 4319477.343, 96
Trd, 4319479.093, 95
Trd, 4319479.443, 93
Trd, 4319480.943, 95
Trd, 4319480.993, 83
Trd, 4319481.893, 82
Trd, 4319482.093, 104
Trd, 4319485.243, 94
Trd, 4319485.643, 93
Trd, 4319488.593, 85
Trd, 4319490.443, 94
Trd, 4319491.393, 95
Trd, 4319491.593, 94
Trd, 4319492.743, 95
Trd, 4319495.693, 92
Trd, 4319495.793, 91
Trd, 4319496.743, 93
Trd, 4319499.243, 89
Trd, 4319500.043, 90
Trd, 4319501.493, 93
Trd, 4319501.793, 94
Trd, 4319504.393, 97
Trd, 4319504.643, 98
Trd, 4319505.593, 96
Trd, 4319506.243, 89
Trd, 4319508.393, 80
Trd, 4319508.643, 105
Trd, 4319509.543, 97
Trd, 4319510.643, 83
Trd, 4319511.143, 97
Trd, 4319513.093, 122
Trd, 4319516.343, 91
Trd, 4319517.143, 88
Trd, 4319518.043, 89
Trd, 4319518.493, 88
Trd, 4319519.843, 67
Trd, 4319523.493, 83
Trd, 4319523.843, 93
Trd, 4319525.093, 96
Trd, 4319526.043, 97
Trd, 4319526.193, 94
Trd, 4319527.543, 94
Trd, 4319527.943, 86
Trd, 4319530.143, 107
Trd, 4319532.343, 93
Trd, 4319532.993, 93
Trd, 4319533.243, 99
Trd, 4319533.543, 91
Trd, 4319534.093, 90
Trd, 4319538.343, 99
Trd, 4319539.893, 98
Trd, 4319540.043, 95
Trd, 4319540.993, 102
Trd, 4319542.293, 97
Trd, 4319542.993, 103
Trd, 4319546.293, 94
Trd, 4319546.493, 93
Trd, 4319546.743, 93
Trd, 4319547.893, 95
Trd, 4319549.693, 88
Trd, 4319551.393, 92
Trd, 4319552.593, 97
Trd, 4319553.093, 95
Trd, 4319553.543, 96
Trd, 4319554.793, 98
Trd, 4319555.243, 101
Trd, 4319559.393, 88
Trd, 4319561.143, 94
Trd, 4319561.243, 93
Trd, 4319562.543, 95
Trd, 4319562.993, 96
Trd, 4319564.293, 103
Trd, 4319566.643, 98
Trd, 4319568.493, 93
Trd, 4319568.893, 94
Trd, 4319569.743, 97
Trd, 4319570.043, 98
Trd, 4319571.993, 113
Trd, 4319572.493, 95
Trd, 4319575.843, 96
Trd, 4319576.393, 96
Trd, 4319577.743, 98
Trd, 4319577.893, 86
Trd, 4319578.843, 99
Trd, 4319581.493, 97
Trd, 4319581.543, 85
Trd, 4319583.593, 90
Trd, 4319584.743, 95
Trd, 4319585.193, 98
Trd, 4319585.293, 94
Trd, 4319585.643, 89
Trd, 4319590.593, 94
Trd, 4319592.343, 91
Trd, 4319592.643, 94
Trd, 4319594.143, 100
Trd, 4319594.593, 99
Trd, 4319595.093, 104
Trd, 4319596.743, 99
Trd, 4319597.343, 95
Trd, 4319597.993, 63
Trd, 4319599.243, 96
Trd, 4319600.593, 97
Trd, 4319602.193, 93
Trd, 4319603.943, 96
Trd, 4319604.093, 102
Trd, 4319605.993, 96
Trd, 4319608.793, 97
Trd, 4319611.143, 99
Trd, 4319612.243, 99
Trd, 4319612.293, 81
Trd, 4319614.643, 90
Trd, 4319615.593, 91
Trd, 4319616.443, 104
Trd, 4319617.393, 93
Trd, 4319618.643, 95
Trd, 4319620.893, 102
Trd, 4319622.293, 103
Trd, 4319622.793, 105
Trd, 4319624.493, 96
Trd, 4319624.743, 95
Trd, 4319626.543, 88
Trd, 4319627.993, 97
Trd, 4319629.143, 95
Trd, 4319629.993, 98
Trd, 4319630.443, 99
Trd, 4319630.993, 97
Trd, 4319632.543, 104
Trd, 4319633.243, 102
Trd, 4319634.793, 95
Trd, 4319634.843, 86
Trd, 4319636.693, 96
Trd, 4319640.243, 97
Trd, 4319641.593, 99
Trd, 4319643.693, 102
Trd, 4319643.943, 104
Trd, 4319644.143, 99
Trd, 4319644.243, 95
Trd, 4319648.593, 104
Trd, 4319648.743, 102
Trd, 4319649.493, 101
Trd, 4319650.893, 103
Trd, 4319652.243, 106
Trd, 4319653.993, 108
Trd, 4319654.293, 107
Trd, 4319655.143, 95
Trd, 4319656.943, 88
Trd, 4319658.143, 69
Trd, 4319661.593, 105
Trd, 4319663.443, 90
Trd, 4319664.043, 89
Trd, 4319666.293, 95
Trd, 4319667.493, 96
Trd, 4319667.543, 95
Trd, 4319667.643, 95
Trd, 4319668.293, 96
Trd, 4319671.993, 85
Trd, 4319672.393, 104
Trd, 4319672.643, 84
Trd, 4319674.293, 96
Trd, 4319676.793, 92
Trd, 4319677.843, 92
Trd, 4319677.943, 92
Trd, 4319678.793, 91
Trd, 4319680.693, 97
Trd, 4319681.493, 93
Trd, 4319681.893, 93
Trd, 4319682.293, 104
Trd, 4319687.043, 95
Trd, 4319688.143, 96
Trd, 4319688.193, 95
Trd, 4319688.843, 94
Trd, 4319689.493, 103
Trd, 4319689.743, 95
Trd, 4319692.693, 92
Trd, 4319694.343, 97
Trd, 4319695.193, 98
Trd, 4319695.593, 96
Trd, 4319696.343, 95
Trd, 4319697.243, 86
Trd, 4319697.993, 104
Trd, 4319699.193, 77
Trd, 4319699.893, 93
Trd, 4319701.193, 113
Trd, 4319702.243, 77
Trd, 4319705.943, 92
Trd, 4319706.493, 92
Trd, 4319707.143, 101
Trd, 4319707.593, 96
Trd, 4319708.543, 97
Trd, 4319710.243, 95
Trd, 4319710.893, 88
Trd, 4319711.593, 115
Trd, 4319713.843, 96
Trd, 4319714.543, 96
Trd, 4319717.393, 91
Trd, 4319717.643, 96
Trd, 4319717.693, 90
Trd, 4319720.743, 90
Trd, 4319720.793, 91
Trd, 4319723.193, 89
Trd, 4319726.443, 95
Trd, 4319727.493, 95
Trd, 4319728.043, 102
Trd, 4319728.793, 97
Trd, 4319729.143, 95
Trd, 4319730.893, 87
Trd, 4319731.993, 88
Trd, 4319732.993, 99
Trd, 4319734.293, 104
Trd, 4319736.043, 94
Trd, 4319738.193, 103
Trd, 4319740.043, 100
Trd, 4319740.343, 99
Trd, 4319740.943, 87
Trd, 4319740.993, 105
Trd, 4319742.393, 86
Trd, 4319743.043, 95
Trd, 4319745.343, 73
Trd, 4319749.493, 89
Trd, 4319749.643, 87
Trd, 4319750.593, 99
Trd, 4319752.893, 95
Trd, 4319755.193, 91
Trd, 4319755.443, 94
Trd, 4319755.943, 91
Trd, 4319757.293, 99
Trd, 4319757.843, 93
Trd, 4319761.243, 102
Trd, 4319762.043, 101
Trd, 4319764.043, 97
Trd, 4319764.493, 97
Trd, 4319765.143, 97
Trd, 4319766.843, 95
Trd, 4319767.543, 88
Trd, 4319769.543, 98
Trd, 4319771.143, 93
Trd, 4319772.793, 95
Trd, 4319774.293, 92
Trd, 4319775.993, 89
Trd, 4319776.243, 88
Trd, 4319776.593, 95
Trd, 4319777.143, 89
Trd, 4319779.893, 94
Trd, 4319780.393, 102
Trd, 4319782.043, 104
Trd, 4319782.493, 93
Trd, 4319787.443, 91
Trd, 4319788.193, 93
Trd, 4319788.493, 95
Trd, 4319789.393, 92
Trd, 4319790.143, 94
Trd, 4319791.493, 95
Trd, 4319792.643, 94
Trd, 4319794.893, 91
Trd, 4319795.543, 91
Trd, 4319796.193, 91
Trd, 4319796.543, 96
Trd, 4319799.793, 93
Trd, 4319800.493, 96
Trd, 4319800.543, 114
Trd, 4319800.993, 95
Trd, 4319801.943, 94
Trd, 4319805.443, 106
Trd, 4319805.743, 105
Trd, 4319805.793, 113
Trd, 4319807.043, 95
Trd, 4319807.343, 77
Trd, 4319809.443, 75
Trd, 4319809.843, 103
Trd, 4319813.043, 95
Trd, 4319813.843, 95
Trd, 4319814.343, 87
Trd, 4319814.743, 94
Trd, 4319815.543, 93
Trd, 4319816.993, 92
Trd, 4319818.393, 92
Trd, 4319819.093, 95
Trd, 4319820.443, 94
Trd, 4319823.343, 104
Trd, 4319824.493, 101
Trd, 4319826.143, 101
Trd, 4319826.693, 101
Trd, 4319829.643, 93
Trd, 4319830.143, 95
Trd, 4319831.843, 94
Trd, 4319832.143, 86
Trd, 4319832.493, 115
Trd, 4319834.743, 82
Trd, 4319835.943, 86
Trd, 4319836.343, 95
Trd, 4319839.193, 94
Trd, 4319839.343, 93
Trd, 4319839.593, 97
Trd, 4319843.243, 101
Trd, 4319844.043, 101
Trd, 4319844.743, 95
Trd, 4319846.143, 99
Trd, 4319846.493, 100
Trd, 4319848.093, 97
Trd, 4319848.193, 95
Trd, 4319848.893, 107
Trd, 4319849.293, 93
Trd, 4319851.093, 91
Trd, 4319853.543, 91
Trd, 4319854.043, 91
Trd, 4319854.543, 95
Trd, 4319856.143, 92
Trd, 4319856.543, 97
Trd, 4319858.143, 95
Trd, 4319859.243, 85
Trd, 4319862.943, 88
Trd, 4319863.643, 92
Trd, 4319863.893, 91
Trd, 4319865.093, 93
Trd, 4319865.143, 92
Trd, 4319865.793, 105
Trd, 4319869.193, 101
Trd, 4319871.543, 90
Trd, 4319872.593, 95
Trd, 4319873.493, 96
Trd, 4319873.593, 95
Trd, 4319874.493, 95
Trd, 4319875.993, 90
Trd, 4319878.543, 94
Trd, 4319880.493, 88
Trd, 4319880.743, 100
Trd, 4319882.593, 90
Trd, 4319883.843, 89
Trd, 4319886.093, 98
Trd, 4319887.443, 94
Trd, 4319887.543, 98
Trd, 4319889.893, 95
Trd, 4319890.993, 88
Trd, 4319893.243, 108
Trd, 4319893.843, 106
Trd, 4319896.393, 104
Trd, 4319896.543, 89
Trd, 4319901.143, 96
Trd, 4319902.893, 97
Trd, 4319903.493, 95
Trd, 4319905.243, 91
Trd, 4319906.043, 96
Trd, 4319907.193, 95
Trd, 4319907.943, 95
Trd, 4319909.443, 97
Trd, 4319909.893, 97
Trd, 4319911.343, 84
Trd, 4319914.093, 89
Trd, 4319915.243, 93
Trd, 4319916.393, 105
Trd, 4319918.893, 100
Trd, 4319919.993, 100
Trd, 4319920.243, 99
Trd, 4319921.943, 89
Trd, 4319922.143, 101
Trd, 4319922.743, 88
Trd, 4319925.443, 82
Trd, 4319927.493, 106
Trd, 4319928.543, 82
Trd, 4319930.693, 89
Trd, 4319931.593, 90
Trd, 4319933.243, 95
Trd, 4319934.443, 96
Trd, 4319934.693, 95
Trd, 4319934.993, 95
Trd, 4319935.793, 95
Trd, 4319936.293, 67
Trd, 4319936.743, 96
Trd, 4319937.693, 68
Trd, 4319943.743, 95
Trd, 4319944.443, 99
Trd, 4319944.643, 96
Trd, 4319945.843, 96
Trd, 4319947.143, 96
Trd, 4319950.143, 93
Trd, 4319951.143, 93
Trd, 4319951.443, 93
Trd, 4319953.793, 96
Trd, 4319955.393, 99
Trd, 4319956.143, 100
Trd, 4319956.193, 108
Trd, 4319958.143, 99
Trd, 4319958.243, 98
Trd, 4319959.493, 87
Trd, 4319962.043, 94
Trd, 4319963.293, 91
Trd, 4319964.093, 92
Trd, 4319965.643, 93
Trd, 4319967.143, 94
Trd, 4319968.943, 90
Trd, 4319969.893, 90
Trd, 4319970.843, 91
Trd, 4319972.293, 93
Trd, 4319973.893, 105
Trd, 4319975.743, 93
Trd, 4319977.993, 97
Trd, 4319978.593, 97
Trd, 4319979.243, 97
Trd, 4319979.393, 105
Trd, 4319980.343, 114
Trd, 4319982.043, 96
Trd, 4319982.843, 95
Trd, 4319983.743, 61
Trd, 4319985.843, 75
Trd, 4319986.393, 105
Trd, 4319987.193, 81
Trd, 4319991.593, 97
Trd, 4319993.093, 99
Trd, 4319994.293, 102
Trd, 4319994.793, 101
Trd, 4319995.693, 98
Trd, 4319997.943, 99
Trd, 4319999.493, 102
