Trd, 4317949.743, 101
Trd, 4317949.993, 93
Trd, 4317950.993, 93
Trd, 4317953.543, 96
Trd, 4317954.293, 93
Trd, 4317954.793, 96
Trd, 4317955.293, 96
Trd, 4317956.243, 96
Trd, 4317958.793, 93
Trd, 4317960.443, 96
Trd, 4317960.643, 95
Trd, 4317961.143, 93
Trd, 4317962.893, 77
Trd, 4317963.093, 90
Trd, 4317964.243, 107
Trd, 4317964.343, 92
Trd, 4317966.843, 105
Trd, 4317968.443, 95
Trd, 4317969.493, 95
Trd, 4317970.543, 91
Trd, 4317971.193, 108
Trd, 4317972.593, 90
Trd, 4317974.093, 104
Trd, 4317974.743, 102
Trd, 4317975.943, 100
Trd, 4317976.543, 97
Trd, 4317976.893, 92
Trd, 4317977.693, 102
Trd, 4317978.843, 113
Trd, 4317979.693, 82
Trd, 4317981.093, 105
Trd, 4317982.643, 111
Trd, 4317982.893, 99
Trd, 4317982.993, 104
Trd, 4317983.593, 114
Trd, 4317983.843, 74
Trd, 4317984.943, 113
Trd, 4317986.043, 99
Trd, 4317986.343, 105
Trd, 4317988.293, 85
Trd, 4317989.393, 98
Trd, 4317990.293, 97
Trd, 4317992.393, 98
Trd, 4317992.443, 98
Trd, 4317993.343, 96
Trd, 4317994.843, 95
Trd, 4317995.343, 98
Trd, 4317997.643, 93
Trd, 4317997.793, 96
Trd, 4317999.143, 94
Trd, 4317999.693, 95
Trd, 4318000.893, 93
Trd, 4318003.293, 115
Trd, 4318003.843, 113
Trd, 4318004.093, 108
Trd, 4318004.593, 105
Trd, 4318006.643, 105
Trd, 4318007.543, 104
Trd, 4318008.143, 103
Trd, 4318008.593, 92
Trd, 4318010.693, 102
Trd, 4318011.893, 100
Trd, 4318012.343, 102
Trd, 4318012.843, 100
Trd, 4318013.143, 102
Trd, 4318015.093, 94
Trd, 4318015.193, 106
Trd, 4318017.493, 103
Trd, 4318018.593, 101
Trd, 4318019.443, 103
Trd, 4318020.043, 94
Trd, 4318020.593, 105
Trd, 4318021.693, 104
Trd, 4318024.443, 101
Trd, 4318024.493, 103
Trd, 4318024.793, 92
Trd, 4318024.893, 103
Trd, 4318026.843, 114
Trd, 4318027.093, 106
Trd, 4318028.843, 102
Trd, 4318030.093, 99
Trd, 4318030.293, 103
Trd, 4318031.693, 94
Trd, 4318033.193, 104
Trd, 4318034.643, 103
Trd, 4318035.543, 104
Trd, 4318035.843, 102
Trd, 4318037.643, 103
Trd, 4318037.793, 100
Trd, 4318041.143, 104
Trd, 4318041.693, 101
Trd, 4318041.743, 108
Trd, 4318043.293, 102
Trd, 4318043.643, 78
Trd, 4318044.643, 76
Trd, 4318045.493, 92
Trd, 4318047.493, 82
Trd, 4318048.143, 87
Trd, 4318049.093, 80
Trd, 4318049.743, 95
Trd, 4318051.643, 87
Trd, 4318052.443, 88
Trd, 4318052.743, 95
Trd, 4318054.843, 86
Trd, 4318054.893, 89
Trd, 4318055.543, 89
Trd, 4318057.093, 87
Trd, 4318058.043, 85
Trd, 4318058.293, 107
Trd, 4318060.693, 112
Trd, 4318061.393, 92
Trd, 4318062.493, 104
Trd, 4318063.193, 77
Trd, 4318063.943, 91
Trd, 4318066.393, 110
Trd, 4318067.593, 104
Trd, 4318067.743, 97
Trd, 4318068.993, 98
Trd, 4318070.443, 113
Trd, 4318071.893, 98
Trd, 4318071.943, 97
Trd, 4318072.093, 103
Trd, 4318074.643, 94
Trd, 4318074.793, 100
Trd, 4318075.743, 101
Trd, 4318076.143, 104
Trd, 4318078.943, 95
Trd, 4318080.593, 103
Trd, 4318081.893, 104
Trd, 4318082.293, 105
Trd, 4318085.143, 102
Trd, 4318086.793, 101
Trd, 4318087.993, 102
Trd, 4318088.993, 97
Trd, 4318089.443, 102
Trd, 4318089.493, 110
Trd, 4318089.943, 115
Trd, 4318090.443, 93
Trd, 4318093.193, 96
Trd, 4318093.243, 93
Trd, 4318095.643, 95
Trd, 4318096.443, 94
Trd, 4318098.493, 74
Trd, 4318098.543, 79
Trd, 4318099.993, 95
Trd, 4318100.893, 93
Trd, 4318101.493, 85
Trd, 4318101.643, 91
Trd, 4318103.043, 108
Trd, 4318105.043, 106
Trd, 4318106.843, 103
Trd, 4318107.293, 101
Trd, 4318107.443, 95
Trd, 4318108.743, 109
Trd, 4318110.393, 108
Trd, 4318110.593, 103
Trd, 4318111.643, 113
Trd, 4318113.293, 104
Trd, 4318115.193, 102
Trd, 4318116.393, 104
Trd, 4318116.793, 113
Trd, 4318119.643, 103
Trd, 4318119.793, 103
Trd, 4318120.293, 104
Trd, 4318121.043, 94
Trd, 4318123.193, 100
Trd, 4318123.243, 104
Trd, 4318125.293, 112
Trd, 4318125.793, 104
Trd, 4318126.343, 105
Trd, 4318128.443, 104
Trd, 4318129.293, 105
Trd, 4318130.943, 104
Trd, 4318133.093, 102
Trd, 4318133.893, 103
Trd, 4318134.393, 93
Trd, 4318134.893, 103
Trd, 4318135.093, 113
Trd, 4318137.993, 92
Trd, 4318138.993, 102
Trd, 4318139.193, 74
Trd, 4318139.693, 102
Trd, 4318142.193, 100
Trd, 4318142.443, 99
Trd, 4318144.093, 95
Trd, 4318144.443, 93
Trd, 4318146.143, 99
Trd, 4318146.243, 73
Trd, 4318146.943, 99
Trd, 4318148.593, 99
Trd, 4318150.843, 102
Trd, 4318150.943, 92
Trd, 4318152.143, 104
Trd, 4318153.243, 101
Trd, 4318155.943, 114
Trd, 4318156.493, 99
Trd, 4318157.093, 104
Trd, 4318157.293, 100
Trd, 4318157.843, 104
Trd, 4318160.443, 98
Trd, 4318160.843, 92
Trd, 4318161.593, 97
Trd, 4318161.643, 94
Trd, 4318162.543, 92
Trd, 4318163.393, 95
Trd, 4318164.093, 99
Trd, 4318165.743, 91
Trd, 4318166.093, 97
Trd, 4318166.943, 106
Trd, 4318168.793, 104
Trd, 4318169.743, 90
Trd, 4318170.693, 95
Trd, 4318171.193, 94
Trd, 4318173.093, 95
Trd, 4318174.193, 104
Trd, 4318175.743, 113
Trd, 4318177.143, 104
Trd, 4318177.943, 102
Trd, 4318178.443, 109
Trd, 4318179.893, 93
Trd, 4318179.993, 102
Trd, 4318180.943, 86
Trd, 4318182.543, 112
Trd, 4318183.143, 105
Trd, 4318185.343, 104
Trd, 4318185.793, 103
Trd, 4318186.643, 103
Trd, 4318187.743, 104
Trd, 4318188.043, 101
Trd, 4318189.543, 104
Trd, 4318192.043, 104
Trd, 4318193.493, 113
Trd, 4318193.543, 102
Trd, 4318193.993, 100
Trd, 4318196.043, 104
Trd, 4318196.393, 105
Trd, 4318197.193, 103
Trd, 4318197.543, 101
Trd, 4318198.243, 101
Trd, 4318199.243, 93
Trd, 4318199.443, 81
Trd, 4318200.043, 92
Trd, 4318201.943, 103
Trd, 4318202.043, 106
Trd, 4318202.693, 97
Trd, 4318202.793, 85
Trd, 4318205.593, 97
Trd, 4318207.243, 104
Trd, 4318208.493, 104
Trd, 4318208.693, 114
Trd, 4318209.043, 104
Trd, 4318209.743, 110
Trd, 4318209.793, 94
Trd, 4318213.943, 78
Trd, 4318214.243, 69
Trd, 4318214.893, 88
Trd, 4318215.593, 89
Trd, 4318216.893, 95
Trd, 4318217.143, 92
Trd, 4318218.543, 92
Trd, 4318218.893, 92
Trd, 4318221.143, 102
Trd, 4318221.493, 91
Trd, 4318222.643, 104
Trd, 4318223.843, 114
Trd, 4318225.643, 95
Trd, 4318225.693, 98
Trd, 4318226.543, 93
Trd, 4318228.193, 92
Trd, 4318228.693, 91
Trd, 4318229.343, 95
Trd, 4318231.593, 91
Trd, 4318231.793, 95
Trd, 4318231.993, 95
Trd, 4318232.443, 95
Trd, 4318233.243, 90
Trd, 4318234.843, 95
Trd, 4318235.043, 113
Trd, 4318236.493, 104
Trd, 4318236.743, 71
Trd, 4318238.393, 99
Trd, 4318238.943, 109
Trd, 4318241.843, 93
Trd, 4318241.993, 98
Trd, 4318242.693, 94
Trd, 4318243.793, 99
Trd, 4318245.293, 98
Trd, 4318246.443, 98
Trd, 4318246.893, 95
Trd, 4318248.443, 94
Trd, 4318251.193, 103
Trd, 4318252.643, 98
Trd, 4318253.293, 97
Trd, 4318253.343, 94
Trd, 4318253.643, 98
Trd, 4318254.543, 98
Trd, 4318257.793, 107
Trd, 4318258.193, 124
Trd, 4318260.343, 96
Trd, 4318260.793, 102
Trd, 4318261.393, 94
Trd, 4318261.793, 101
Trd, 4318262.293, 102
Trd, 4318264.343, 94
Trd, 4318265.593, 95
Trd, 4318267.093, 93
Trd, 4318267.993, 95
Trd, 4318269.093, 93
Trd, 4318269.293, 96
Trd, 4318271.743, 95
Trd, 4318273.493, 95
Trd, 4318273.993, 95
Trd, 4318274.143, 92
Trd, 4318275.293, 81
Trd, 4318277.793, 89
Trd, 4318278.743, 91
Trd, 4318279.593, 86
Trd, 4318280.243, 89
Trd, 4318281.043, 84
Trd, 4318284.343, 87
Trd, 4318287.043, 89
Trd, 4318287.143, 86
Trd, 4318287.643, 89
Trd, 4318288.093, 95
Trd, 4318288.443, 86
Trd, 4318289.143, 76
Trd, 4318290.643, 91
Trd, 4318290.893, 95
Trd, 4318292.293, 91
Trd, 4318292.443, 89
Trd, 4318295.443, 89
Trd, 4318295.943, 91
Trd, 4318297.093, 91
Trd, 4318300.793, 91
Trd, 4318302.443, 91
Trd, 4318302.593, 90
Trd, 4318303.343, 95
Trd, 4318303.743, 89
Trd, 4318305.793, 92
Trd, 4318306.193, 92
Trd, 4318308.243, 93
Trd, 4318308.443, 88
Trd, 4318309.643, 100
Trd, 4318309.693, 106
Trd, 4318312.293, 104
Trd, 4318313.193, 98
Trd, 4318314.043, 110
Trd, 4318314.993, 94
Trd, 4318315.893, 92
Trd, 4318317.193, 100
Trd, 4318317.643, 101
Trd, 4318319.343, 93
Trd, 4318320.393, 102
Trd, 4318321.543, 105
Trd, 4318322.543, 103
Trd, 4318324.443, 102
Trd, 4318325.993, 113
Trd, 4318326.393, 109
Trd, 4318327.193, 105
Trd, 4318328.743, 104
Trd, 4318330.243, 104
Trd, 4318331.443, 103
Trd, 4318331.593, 104
Trd, 4318332.293, 93
Trd, 4318333.193, 104
Trd, 4318335.343, 101
Trd, 4318336.243, 95
Trd, 4318337.543, 101
Trd, 4318338.043, 101
Trd, 4318338.743, 100
Trd, 4318339.343, 106
Trd, 4318339.993, 102
Trd, 4318341.143, 99
Trd, 4318342.443, 102
Trd, 4318342.943, 94
Trd, 4318344.443, 103
Trd, 4318346.043, 102
Trd, 4318347.043, 98
Trd, 4318347.593, 99
Trd, 4318347.943, 95
Trd, 4318348.543, 97
Trd, 4318349.243, 104
Trd, 4318350.193, 100
Trd, 4318351.293, 97
Trd, 4318353.293, 100
Trd, 4318353.893, 105
Trd, 4318355.093, 92
Trd, 4318355.643, 117
Trd, 4318356.343, 113
Trd, 4318358.293, 105
Trd, 4318359.393, 99
Trd, 4318360.943, 78
Trd, 4318362.643, 90
Trd, 4318364.593, 95
Trd, 4318365.493, 94
Trd, 4318365.643, 99
Trd, 4318368.343, 95
Trd, 4318368.593, 99
Trd, 4318369.943, 94
Trd, 4318370.893, 99
Trd, 4318371.193, 74
Trd, 4318371.793, 106
Trd, 4318373.143, 97
Trd, 4318373.793, 98
Trd, 4318374.643, 104
Trd, 4318376.843, 89
Trd, 4318377.293, 89
Trd, 4318379.043, 88
Trd, 4318379.393, 95
Trd, 4318379.543, 95
Trd, 4318382.743, 77
Trd, 4318383.343, 90
Trd, 4318384.093, 95
Trd, 4318385.843, 91
Trd, 4318386.143, 97
Trd, 4318386.543, 111
Trd, 4318388.443, 95
Trd, 4318390.993, 96
Trd, 4318391.243, 104
Trd, 4318393.143, 96
Trd, 4318393.393, 93
Trd, 4318395.193, 93
Trd, 4318396.143, 96
Trd, 4318396.293, 92
Trd, 4318397.643, 103
Trd, 4318399.643, 101
Trd, 4318402.543, 104
Trd, 4318402.693, 103
Trd, 4318402.993, 104
Trd, 4318403.693, 113
Trd, 4318404.093, 91
Trd, 4318407.793, 103
Trd, 4318408.193, 101
Trd, 4318409.293, 103
Trd, 4318409.393, 104
Trd, 4318409.593, 101
Trd, 4318410.943, 109
Trd, 4318412.393, 103
Trd, 4318412.993, 104
Trd, 4318414.893, 103
Trd, 4318415.743, 91
Trd, 4318418.193, 102
Trd, 4318419.043, 103
Trd, 4318419.493, 107
Trd, 4318420.293, 101
Trd, 4318420.343, 97
Trd, 4318422.993, 102
Trd, 4318424.243, 99
Trd, 4318424.543, 97
Trd, 4318425.593, 101
Trd, 4318426.193, 97
Trd, 4318426.493, 101
Trd, 4318427.993, 97
Trd, 4318429.093, 93
Trd, 4318430.493, 97
Trd, 4318431.143, 97
Trd, 4318432.193, 107
Trd, 4318433.643, 107
Trd, 4318435.493, 111
Trd, 4318436.243, 110
Trd, 4318437.393, 106
Trd, 4318438.143, 104
Trd, 4318438.393, 104
Trd, 4318438.693, 103
Trd, 4318442.343, 93
Trd, 4318443.493, 113
Trd, 4318443.593, 101
Trd, 4318445.343, 106
Trd, 4318445.893, 105
Trd, 4318446.243, 104
Trd, 4318447.593, 103
Trd, 4318448.593, 99
Trd, 4318449.243, 99
Trd, 4318450.193, 108
Trd, 4318450.443, 98
Trd, 4318451.893, 94
Trd, 4318453.943, 103
Trd, 4318455.193, 102
Trd, 4318455.843, 105
Trd, 4318456.193, 99
Trd, 4318457.643, 103
Trd, 4318458.043, 104
Trd, 4318459.743, 79
Trd, 4318460.993, 98
Trd, 4318461.043, 97
Trd, 4318462.143, 113
Trd, 4318463.943, 95
Trd, 4318464.293, 96
Trd, 4318464.643, 97
Trd, 4318467.243, 98
Trd, 4318468.143, 95
Trd, 4318468.343, 109
Trd, 4318469.893, 99
Trd, 4318471.343, 97
Trd, 4318472.493, 97
Trd, 4318472.993, 73
Trd, 4318474.093, 102
Trd, 4318476.293, 97
Trd, 4318476.443, 95
Trd, 4318477.743, 97
Trd, 4318479.343, 94
Trd, 4318480.643, 98
Trd, 4318480.893, 93
Trd, 4318481.243, 105
Trd, 4318481.593, 109
Trd, 4318482.543, 92
Trd, 4318484.293, 100
Trd, 4318486.493, 99
Trd, 4318487.493, 94
Trd, 4318488.993, 99
Trd, 4318489.793, 93
Trd, 4318490.743, 102
Trd, 4318490.993, 92
Trd, 4318492.143, 101
Trd, 4318493.743, 92
Trd, 4318493.943, 101
Trd, 4318495.593, 91
Trd, 4318497.093, 104
Trd, 4318498.593, 101
Trd, 4318498.743, 102
Trd, 4318499.393, 91
Trd, 4318500.743, 90
Trd, 4318501.943, 88
Trd, 4318502.943, 91
Trd, 4318503.143, 93
Trd, 4318503.843, 95
Trd, 4318505.193, 106
Trd, 4318506.993, 95
Trd, 4318507.743, 92
Trd, 4318510.843, 95
Trd, 4318510.943, 92
Trd, 4318511.993, 104
Trd, 4318513.343, 96
Trd, 4318514.043, 96
Trd, 4318515.943, 96
Trd, 4318516.393, 94
Trd, 4318516.643, 94
Trd, 4318520.643, 102
Trd, 4318521.043, 100
Trd, 4318521.543, 98
Trd, 4318523.193, 100
Trd, 4318525.193, 99
Trd, 4318525.443, 97
Trd, 4318525.543, 99
Trd, 4318525.793, 109
Trd, 4318525.993, 73
Trd, 4318528.243, 96
Trd, 4318528.993, 110
Trd, 4318530.443, 104
Trd, 4318532.243, 104
Trd, 4318533.893, 97
Trd, 4318536.293, 103
Trd, 4318536.743, 96
Trd, 4318538.243, 102
Trd, 4318538.293, 96
Trd, 4318539.193, 98
Trd, 4318539.493, 95
Trd, 4318539.643, 99
Trd, 4318542.143, 93
Trd, 4318542.543, 105
Trd, 4318543.443, 94
Trd, 4318543.793, 72
Trd, 4318544.293, 101
Trd, 4318547.493, 97
Trd, 4318547.943, 109
Trd, 4318548.493, 93
Trd, 4318550.143, 98
Trd, 4318550.843, 94
Trd, 4318552.993, 92
Trd, 4318554.593, 96
Trd, 4318555.493, 95
Trd, 4318555.793, 91
Trd, 4318555.943, 96
Trd, 4318558.043, 113
Trd, 4318558.543, 91
Trd, 4318562.043, 97
Trd, 4318562.543, 96
Trd, 4318563.643, 104
Trd, 4318563.743, 90
Trd, 4318566.493, 104
Trd, 4318568.793, 96
Trd, 4318568.843, 98
Trd, 4318569.643, 98
Trd, 4318570.543, 94
Trd, 4318571.243, 94
Trd, 4318571.643, 114
Trd, 4318572.643, 100
Trd, 4318573.843, 109
Trd, 4318575.393, 100
Trd, 4318575.693, 92
Trd, 4318576.143, 99
Trd, 4318576.343, 96
Trd, 4318579.943, 95
Trd, 4318580.893, 99
Trd, 4318581.093, 96
Trd, 4318583.293, 99
Trd, 4318583.393, 115
Trd, 4318584.893, 109
Trd, 4318585.043, 110
Trd, 4318585.293, 95
Trd, 4318588.193, 95
Trd, 4318588.493, 105
Trd, 4318591.993, 103
Trd, 4318593.893, 96
Trd, 4318594.643, 103
Trd, 4318596.243, 103
Trd, 4318596.593, 96
Trd, 4318596.693, 103
Trd, 4318599.343, 103
Trd, 4318600.143, 95
Trd, 4318600.893, 103
Trd, 4318601.593, 94
Trd, 4318603.443, 94
Trd, 4318604.293, 102
Trd, 4318604.943, 71
Trd, 4318606.043, 86
Trd, 4318606.243, 113
Trd, 4318607.693, 106
Trd, 4318608.543, 104
Trd, 4318608.793, 111
Trd, 4318611.293, 93
Trd, 4318611.593, 110
Trd, 4318613.493, 103
Trd, 4318613.793, 112
Trd, 4318613.993, 102
Trd, 4318615.443, 99
Trd, 4318616.843, 111
Trd, 4318618.293, 102
Trd, 4318619.193, 111
Trd, 4318619.993, 104
Trd, 4318620.843, 103
Trd, 4318620.943, 103
Trd, 4318621.393, 108
Trd, 4318621.643, 113
Trd, 4318624.343, 92
Trd, 4318624.893, 99
Trd, 4318625.643, 108
Trd, 4318627.893, 107
Trd, 4318631.043, 107
Trd, 4318632.543, 102
Trd, 4318634.243, 104
Trd, 4318634.343, 102
Trd, 4318634.493, 101
Trd, 4318635.193, 104
Trd, 4318635.693, 92
Trd, 4318637.743, 104
Trd, 4318638.893, 102
Trd, 4318639.893, 102
Trd, 4318640.693, 100
Trd, 4318642.193, 102
Trd, 4318644.143, 101
Trd, 4318645.243, 103
Trd, 4318645.993, 100
Trd, 4318646.593, 100
Trd, 4318647.793, 101
Trd, 4318649.843, 102
Trd, 4318650.443, 99
Trd, 4318651.143, 94
Trd, 4318653.643, 100
Trd, 4318654.543, 101
Trd, 4318654.993, 101
Trd, 4318656.043, 98
Trd, 4318656.743, 103
Trd, 4318656.793, 96
Trd, 4318658.293, 101
Trd, 4318660.843, 113
Trd, 4318661.543, 110
Trd, 4318663.143, 104
Trd, 4318663.993, 93
Trd, 4318664.193, 79
Trd, 4318666.143, 104
Trd, 4318667.043, 98
Trd, 4318667.443, 105
Trd, 4318667.843, 111
Trd, 4318667.993, 85
Trd, 4318668.393, 89
Trd, 4318672.043, 97
Trd, 4318672.693, 95
Trd, 4318673.593, 100
Trd, 4318673.643, 100
Trd, 4318675.593, 100
Trd, 4318676.393, 104
Trd, 4318677.693, 94
Trd, 4318678.543, 111
Trd, 4318679.443, 96
Trd, 4318679.643, 104
Trd, 4318681.593, 97
Trd, 4318682.093, 103
Trd, 4318684.043, 101
Trd, 4318685.393, 96
Trd, 4318687.093, 100
Trd, 4318688.193, 104
Trd, 4318688.393, 103
Trd, 4318689.193, 106
Trd, 4318689.743, 99
Trd, 4318690.093, 94
Trd, 4318691.043, 111
Trd, 4318692.643, 98
Trd, 4318694.243, 104
Trd, 4318694.743, 104
Trd, 4318695.343, 97
Trd, 4318696.643, 98
Trd, 4318697.493, 102
Trd, 4318697.843, 104
Trd, 4318700.093, 101
Trd, 4318700.393, 97
Trd, 4318700.493, 93
Trd, 4318701.293, 102
Trd, 4318703.243, 101
Trd, 4318703.343, 112
Trd, 4318705.643, 98
Trd, 4318706.343, 103
Trd, 4318707.693, 91
Trd, 4318707.893, 103
Trd, 4318710.043, 96
Trd, 4318710.643, 101
Trd, 4318711.943, 97
Trd, 4318712.043, 100
Trd, 4318712.293, 96
Trd, 4318713.993, 99
Trd, 4318715.893, 95
Trd, 4318718.993, 104
Trd, 4318719.593, 99
Trd, 4318720.243, 96
Trd, 4318720.593, 94
Trd, 4318721.243, 111
Trd, 4318722.343, 85
Trd, 4318723.193, 97
Trd, 4318725.093, 94
Trd, 4318725.143, 95
Trd, 4318725.343, 107
Trd, 4318727.143, 111
Trd, 4318727.643, 104
Trd, 4318729.093, 100
Trd, 4318729.143, 88
Trd, 4318729.993, 101
Trd, 4318731.893, 101
Trd, 4318732.993, 106
Trd, 4318734.693, 94
Trd, 4318735.043, 93
Trd, 4318737.743, 99
Trd, 4318738.893, 92
Trd, 4318739.043, 99
Trd, 4318739.643, 99
Trd, 4318740.443, 91
Trd, 4318741.493, 89
Trd, 4318742.893, 105
Trd, 4318743.543, 104
Trd, 4318744.743, 98
Trd, 4318745.393, 97
Trd, 4318746.493, 99
Trd, 4318747.443, 101
Trd, 4318747.593, 92
Trd, 4318749.043, 100
Trd, 4318751.643, 103
Trd, 4318752.393, 96
Trd, 4318752.643, 100
Trd, 4318755.143, 101
Trd, 4318755.393, 95
Trd, 4318755.643, 95
Trd, 4318756.993, 101
Trd, 4318758.043, 96
Trd, 4318758.493, 101
Trd, 4318760.343, 104
Trd, 4318761.743, 102
Trd, 4318761.843, 102
Trd, 4318761.993, 113
Trd, 4318764.343, 110
Trd, 4318765.543, 106
Trd, 4318766.143, 101
Trd, 4318767.293, 100
Trd, 4318768.993, 99
Trd, 4318769.893, 100
Trd, 4318771.043, 94
Trd, 4318771.943, 105
Trd, 4318773.643, 77
Trd, 4318775.843, 93
Trd, 4318776.443, 94
Trd, 4318776.843, 88
Trd, 4318777.893, 87
Trd, 4318779.243, 95
Trd, 4318780.443, 104
Trd, 4318781.043, 92
Trd, 4318781.493, 112
Trd, 4318782.643, 96
Trd, 4318784.143, 91
Trd, 4318784.293, 94
Trd, 4318785.893, 93
Trd, 4318786.843, 93
Trd, 4318787.543, 91
Trd, 4318788.093, 90
Trd, 4318789.643, 104
Trd, 4318790.993, 105
Trd, 4318791.143, 98
Trd, 4318792.093, 113
Trd, 4318793.093, 93
Trd, 4318793.643, 104
Trd, 4318794.093, 101
Trd, 4318797.043, 100
Trd, 4318797.193, 100
Trd, 4318799.293, 99
Trd, 4318800.743, 101
Trd, 4318802.143, 104
Trd, 4318803.343, 100
Trd, 4318803.443, 102
Trd, 4318804.143, 107
Trd, 4318806.793, 99
Trd, 4318808.043, 80
Trd, 4318809.243, 88
Trd, 4318809.743, 89
Trd, 4318810.443, 91
Trd, 4318811.243, 105
Trd, 4318812.043, 86
Trd, 4318813.043, 89
Trd, 4318813.793, 93
Trd, 4318815.393, 93
Trd, 4318815.893, 93
Trd, 4318816.493, 95
Trd, 4318817.843, 89
Trd, 4318818.043, 76
Trd, 4318818.493, 105
Trd, 4318819.843, 113
Trd, 4318821.393, 94
Trd, 4318821.593, 99
Trd, 4318822.993, 96
Trd, 4318824.193, 103
Trd, 4318825.343, 95
Trd, 4318825.693, 101
Trd, 4318828.643, 97
Trd, 4318829.593, 94
Trd, 4318830.093, 93
Trd, 4318831.193, 96
Trd, 4318831.443, 114
Trd, 4318836.493, 97
Trd, 4318836.643, 97
Trd, 4318837.193, 95
Trd, 4318837.243, 94
Trd, 4318840.143, 97
Trd, 4318840.593, 93
Trd, 4318840.943, 97
Trd, 4318843.093, 92
Trd, 4318845.143, 96
Trd, 4318847.193, 94
Trd, 4318847.643, 95
Trd, 4318847.993, 96
Trd, 4318849.643, 93
Trd, 4318850.543, 95
Trd, 4318852.343, 94
Trd, 4318852.493, 95
Trd, 4318853.393, 94
Trd, 4318853.643, 104
Trd, 4318854.843, 97
Trd, 4318857.093, 109
Trd, 4318857.243, 104
Trd, 4318858.493, 98
Trd, 4318859.143, 99
Trd, 4318860.943, 114
Trd, 4318861.093, 102
Trd, 4318861.643, 92
Trd, 4318862.793, 102
Trd, 4318865.293, 102
Trd, 4318866.493, 100
Trd, 4318866.893, 100
Trd, 4318867.193, 98
Trd, 4318867.293, 106
Trd, 4318867.693, 75
Trd, 4318869.443, 113
Trd, 4318870.243, 85
Trd, 4318871.593, 68
Trd, 4318873.543, 89
Trd, 4318873.643, 103
Trd, 4318874.393, 103
Trd, 4318876.393, 112
Trd, 4318877.993, 104
Trd, 4318879.193, 105
Trd, 4318879.293, 105
Trd, 4318880.293, 101
Trd, 4318881.893, 103
Trd, 4318882.943, 99
Trd, 4318884.543, 104
Trd, 4318884.843, 104
Trd, 4318886.093, 104
Trd, 4318887.043, 101
Trd, 4318888.293, 102
Trd, 4318889.343, 93
Trd, 4318890.393, 103
Trd, 4318891.993, 102
Trd, 4318892.643, 106
Trd, 4318895.443, 98
Trd, 4318895.693, 100
Trd, 4318896.993, 101
Trd, 4318897.343, 100
Trd, 4318898.893, 97
Trd, 4318902.143, 97
Trd, 4318902.393, 100
Trd, 4318902.943, 100
Trd, 4318903.243, 100
Trd, 4318904.443, 92
Trd, 4318905.693, 100
Trd, 4318907.643, 104
Trd, 4318908.143, 104
Trd, 4318908.193, 97
Trd, 4318910.143, 113
Trd, 4318910.693, 110
Trd, 4318910.793, 102
Trd, 4318911.993, 105
Trd, 4318913.143, 77
Trd, 4318914.993, 103
Trd, 4318916.043, 109
Trd, 4318916.193, 91
Trd, 4318916.593, 98
Trd, 4318917.893, 97
Trd, 4318919.693, 90
Trd, 4318920.143, 105
Trd, 4318920.943, 104
Trd, 4318922.393, 88
Trd, 4318922.493, 107
Trd, 4318923.593, 97
Trd, 4318924.793, 72
Trd, 4318926.193, 83
Trd, 4318927.093, 89
Trd, 4318928.693, 103
Trd, 4318929.193, 92
Trd, 4318930.543, 104
Trd, 4318932.193, 113
Trd, 4318932.493, 104
Trd, 4318933.593, 106
Trd, 4318934.093, 101
Trd, 4318934.493, 99
Trd, 4318935.743, 105
Trd, 4318937.643, 98
Trd, 4318939.243, 101
Trd, 4318939.693, 101
Trd, 4318939.743, 92
Trd, 4318940.243, 106
Trd, 4318942.593, 103
Trd, 4318942.643, 97
Trd, 4318942.893, 114
Trd, 4318944.793, 72
Trd, 4318947.393, 104
Trd, 4318948.493, 104
Trd, 4318948.643, 99
Trd, 4318949.393, 97
Trd, 4318950.593, 113
Trd, 4318952.543, 104
Trd, 4318954.243, 99
Trd, 4318954.693, 97
Trd, 4318956.343, 102
Trd, 4318956.593, 102
Trd, 4318957.293, 96
Trd, 4318958.893, 99
Trd, 4318959.693, 102
Trd, 4318961.393, 96
Trd, 4318963.843, 98
Trd, 4318963.943, 95
Trd, 4318964.543, 94
Trd, 4318964.693, 98
Trd, 4318965.843, 98
Trd, 4318967.193, 108
Trd, 4318969.443, 96
Trd, 4318969.893, 94
Trd, 4318970.443, 100
Trd, 4318971.243, 95
Trd, 4318971.793, 92
Trd, 4318972.043, 110
Trd, 4318974.193, 71
Trd, 4318974.793, 95
Trd, 4318975.743, 96
Trd, 4318977.193, 104
Trd, 4318977.443, 101
Trd, 4318977.793, 113
Trd, 4318979.643, 102
Trd, 4318981.893, 101
Trd, 4318982.643, 99
Trd, 4318982.943, 102
Trd, 4318983.693, 101
Trd, 4318984.593, 100
Trd, 4318986.543, 98
Trd, 4318988.193, 99
Trd, 4318989.893, 97
Trd, 4318990.543, 96
Trd, 4318991.293, 99
Trd, 4318993.443, 71
Trd, 4318993.793, 96
Trd, 4318994.443, 96
Trd, 4318994.893, 104
Trd, 4318995.893, 92
Trd, 4318996.643, 93
Trd, 4318997.943, 97
Trd, 4318999.043, 95
Trd, 4319001.493, 92
Trd, 4319001.793, 95
Trd, 4319002.643, 95
Trd, 4319003.643, 92
Trd, 4319003.743, 107
Trd, 4319003.943, 90
Trd, 4319006.943, 91
Trd, 4319007.493, 96
Trd, 4319007.643, 96
Trd, 4319009.143, 96
Trd, 4319011.143, 96
Trd, 4319012.343, 95
Trd, 4319012.393, 92
Trd, 4319012.893, 90
Trd, 4319013.693, 95
Trd, 4319015.793, 103
Trd, 4319016.143, 89
Trd, 4319017.893, 96
Trd, 4319018.193, 93
Trd, 4319020.093, 114
Trd, 4319020.243, 113
Trd, 4319020.843, 70
Trd, 4319022.793, 104
Trd, 4319023.993, 104
Trd, 4319025.943, 99
Trd, 4319026.093, 100
Trd, 4319026.343, 96
Trd, 4319026.943, 90
Trd, 4319027.893, 102
Trd, 4319028.743, 115
Trd, 4319029.443, 103
Trd, 4319030.843, 92
Trd, 4319032.293, 107
Trd, 4319033.193, 105
Trd, 4319033.943, 105
Trd, 4319036.193, 104
Trd, 4319036.493, 99
Trd, 4319036.743, 94
Trd, 4319038.643, 98
Trd, 4319040.143, 78
Trd, 4319040.243, 86
Trd, 4319041.443, 86
Trd, 4319042.143, 86
Trd, 4319042.343, 86
Trd, 4319043.443, 95
Trd, 4319044.293, 89
Trd, 4319045.043, 107
Trd, 4319046.593, 92
Trd, 4319046.643, 88
Trd, 4319049.443, 92
Trd, 4319052.043, 93
Trd, 4319052.143, 95
Trd, 4319052.193, 104
Trd, 4319054.143, 90
Trd, 4319054.893, 82
Trd, 4319055.043, 92
Trd, 4319056.093, 111
Trd, 4319057.543, 105
Trd, 4319059.243, 103
Trd, 4319060.393, 97
Trd, 4319062.193, 95
Trd, 4319062.593, 94
Trd, 4319063.193, 97
Trd, 4319064.643, 97
Trd, 4319065.743, 95
Trd, 4319067.693, 113
Trd, 4319068.193, 103
Trd, 4319068.793, 99
Trd, 4319070.143, 72
Trd, 4319070.293, 94
Trd, 4319072.293, 80
Trd, 4319072.993, 87
Trd, 4319073.043, 88
Trd, 4319073.943, 95
Trd, 4319074.543, 83
Trd, 4319075.193, 104
Trd, 4319076.393, 93
Trd, 4319076.943, 79
Trd, 4319078.593, 126
Trd, 4319079.393, 103
Trd, 4319080.143, 104
Trd, 4319080.693, 99
Trd, 4319081.293, 113
Trd, 4319083.293, 111
Trd, 4319083.393, 103
Trd, 4319085.593, 98
Trd, 4319086.593, 96
Trd, 4319087.793, 96
Trd, 4319088.393, 79
Trd, 4319089.793, 93
Trd, 4319089.893, 86
Trd, 4319091.693, 109
Trd, 4319093.043, 104
Trd, 4319093.943, 96
Trd, 4319094.293, 94
Trd, 4319094.593, 96
Trd, 4319094.993, 96
Trd, 4319095.343, 79
Trd, 4319095.793, 104
Trd, 4319100.043, 78
Trd, 4319100.943, 87
Trd, 4319101.443, 95
Trd, 4319101.593, 90
Trd, 4319102.293, 91
Trd, 4319104.593, 86
Trd, 4319105.743, 90
Trd, 4319107.793, 100
Trd, 4319108.093, 92
Trd, 4319108.793, 92
Trd, 4319109.643, 90
Trd, 4319110.593, 95
Trd, 4319110.993, 106
Trd, 4319111.943, 89
Trd, 4319112.193, 95
Trd, 4319115.043, 95
Trd, 4319115.943, 89
Trd, 4319116.093, 88
Trd, 4319116.493, 95
Trd, 4319117.143, 108
Trd, 4319119.793, 88
Trd, 4319119.843, 95
Trd, 4319120.043, 95
Trd, 4319121.043, 104
Trd, 4319123.293, 100
Trd, 4319124.293, 94
Trd, 4319124.993, 97
Trd, 4319126.193, 97
Trd, 4319128.643, 96
Trd, 4319129.893, 98
Trd, 4319130.643, 93
Trd, 4319131.193, 97
Trd, 4319132.543, 92
Trd, 4319136.343, 93
Trd, 4319136.543, 96
Trd, 4319137.043, 96
Trd, 4319137.943, 96
Trd, 4319140.193, 94
Trd, 4319141.393, 96
Trd, 4319141.443, 94
Trd, 4319143.643, 113
Trd, 4319144.093, 104
Trd, 4319145.493, 100
Trd, 4319148.093, 99
Trd, 4319148.293, 94
Trd, 4319149.343, 94
Trd, 4319152.693, 93
Trd, 4319152.743, 99
Trd, 4319153.393, 99
Trd, 4319153.843, 104
Trd, 4319154.493, 101
Trd, 4319154.693, 93
Trd, 4319156.143, 92
Trd, 4319156.293, 102
Trd, 4319157.993, 91
Trd, 4319159.793, 101
Trd, 4319161.793, 104
Trd, 4319162.693, 94
Trd, 4319163.643, 98
Trd, 4319165.143, 98
Trd, 4319165.543, 96
Trd, 4319166.743, 93
Trd, 4319168.093, 113
Trd, 4319169.243, 105
Trd, 4319169.643, 102
Trd, 4319171.693, 113
Trd, 4319172.293, 104
Trd, 4319172.443, 102
Trd, 4319172.643, 114
Trd, 4319174.293, 93
Trd, 4319175.793, 76
Trd, 4319175.993, 102
Trd, 4319176.993, 113
Trd, 4319178.243, 104
Trd, 4319180.243, 107
Trd, 4319180.493, 104
Trd, 4319181.743, 112
Trd, 4319183.343, 105
Trd, 4319184.393, 104
Trd, 4319185.243, 103
Trd, 4319187.943, 104
Trd, 4319188.593, 104
Trd, 4319189.793, 103
Trd, 4319190.493, 102
Trd, 4319191.043, 104
Trd, 4319192.843, 104
Trd, 4319194.343, 102
Trd, 4319194.543, 94
Trd, 4319194.643, 107
Trd, 4319197.143, 103
Trd, 4319197.793, 99
Trd, 4319198.193, 113
Trd, 4319199.293, 97
Trd, 4319199.993, 105
Trd, 4319200.943, 103
Trd, 4319204.193, 103
Trd, 4319204.493, 99
Trd, 4319204.993, 103
Trd, 4319205.293, 98
Trd, 4319206.043, 114
Trd, 4319206.343, 94
Trd, 4319208.343, 108
Trd, 4319209.793, 103
Trd, 4319210.993, 102
Trd, 4319211.343, 112
Trd, 4319212.193, 113
Trd, 4319213.293, 111
Trd, 4319213.693, 112
Trd, 4319215.593, 107
Trd, 4319216.943, 105
Trd, 4319218.393, 106
Trd, 4319219.343, 94
Trd, 4319220.393, 107
Trd, 4319220.893, 104
Trd, 4319222.343, 100
Trd, 4319223.343, 113
Trd, 4319224.143, 101
Trd, 4319224.293, 92
Trd, 4319226.993, 100
Trd, 4319228.393, 100
Trd, 4319229.593, 99
Trd, 4319230.693, 101
Trd, 4319230.993, 114
Trd, 4319231.593, 98
Trd, 4319233.593, 97
Trd, 4319233.693, 103
Trd, 4319233.893, 94
Trd, 4319234.443, 106
Trd, 4319236.843, 103
Trd, 4319238.693, 104
Trd, 4319239.093, 96
Trd, 4319239.193, 92
Trd, 4319240.443, 115
Trd, 4319241.043, 105
Trd, 4319241.243, 105
Trd, 4319243.193, 105
Trd, 4319243.443, 104
Trd, 4319245.493, 101
Trd, 4319245.793, 102
Trd, 4319246.193, 99
Trd, 4319246.943, 93
Trd, 4319247.243, 104
Trd, 4319248.693, 99
Trd, 4319251.293, 103
Trd, 4319251.693, 102
Trd, 4319252.143, 102
Trd, 4319254.293, 96
Trd, 4319255.643, 93
Trd, 4319255.693, 97
Trd, 4319255.793, 100
Trd, 4319256.243, 104
Trd, 4319257.093, 76
Trd, 4319259.793, 113
Trd, 4319260.943, 97
Trd, 4319262.493, 101
Trd, 4319263.493, 101
Trd, 4319264.993, 108
Trd, 4319265.893, 102
Trd, 4319266.743, 102
Trd, 4319267.343, 100
Trd, 4319268.393, 102
Trd, 4319268.593, 94
Trd, 4319269.843, 97
Trd, 4319270.743, 97
Trd, 4319271.093, 104
Trd, 4319272.743, 104
Trd, 4319273.893, 107
Trd, 4319273.943, 103
Trd, 4319275.493, 101
Trd, 4319275.843, 111
Trd, 4319277.793, 75
Trd, 4319278.393, 102
Trd, 4319278.843, 100
Trd, 4319279.593, 85
Trd, 4319279.743, 114
Trd, 4319280.243, 92
Trd, 4319281.443, 104
Trd, 4319282.493, 104
Trd, 4319284.343, 75
Trd, 4319285.093, 102
Trd, 4319285.743, 113
Trd, 4319286.793, 92
Trd, 4319287.893, 104
Trd, 4319289.193, 102
Trd, 4319289.293, 102
Trd, 4319292.043, 101
Trd, 4319293.143, 99
Trd, 4319293.943, 101
Trd, 4319294.143, 104
Trd, 4319295.243, 98
Trd, 4319297.393, 94
Trd, 4319298.843, 102
Trd, 4319300.193, 112
Trd, 4319301.093, 103
Trd, 4319302.393, 103
Trd, 4319302.493, 93
Trd, 4319302.893, 114
Trd, 4319303.443, 101
Trd, 4319306.043, 99
Trd, 4319306.793, 104
Trd, 4319307.043, 105
Trd, 4319307.843, 101
Trd, 4319309.543, 92
Trd, 4319309.593, 105
Trd, 4319309.943, 109
Trd, 4319314.693, 99
Trd, 4319315.243, 102
Trd, 4319316.443, 98
Trd, 4319316.843, 103
Trd, 4319317.793, 110
Trd, 4319318.643, 104
Trd, 4319319.693, 102
Trd, 4319321.243, 104
Trd, 4319322.093, 94
Trd, 4319322.743, 105
Trd, 4319325.093, 102
Trd, 4319325.293, 99
Trd, 4319325.343, 103
Trd, 4319325.843, 99
Trd, 4319329.193, 101
Trd, 4319330.343, 98
Trd, 4319330.743, 98
Trd, 4319330.943, 99
Trd, 4319331.043, 93
Trd, 4319332.093, 101
Trd, 4319334.193, 98
Trd, 4319334.943, 97
Trd, 4319335.743, 95
Trd, 4319336.343, 94
Trd, 4319337.643, 98
Trd, 4319338.543, 125
Trd, 4319339.193, 113
Trd, 4319340.043, 104
Trd, 4319343.293, 104
Trd, 4319343.443, 102
Trd, 4319345.193, 102
Trd, 4319347.493, 93
Trd, 4319347.743, 102
Trd, 4319348.593, 102
Trd, 4319350.143, 104
Trd, 4319351.493, 101
Trd, 4319352.393, 95
Trd, 4319352.793, 91
Trd, 4319353.293, 104
Trd, 4319354.443, 102
Trd, 4319355.593, 112
Trd, 4319355.693, 104
Trd, 4319357.293, 104
Trd, 4319357.343, 107
Trd, 4319358.343, 102
Trd, 4319361.493, 104
Trd, 4319362.043, 101
Trd, 4319362.793, 104
Trd, 4319363.193, 101
Trd, 4319363.343, 105
Trd, 4319365.593, 91
Trd, 4319367.793, 105
Trd, 4319367.893, 105
Trd, 4319369.143, 104
Trd, 4319369.893, 104
Trd, 4319370.443, 105
Trd, 4319372.143, 104
Trd, 4319373.043, 112
Trd, 4319373.843, 103
Trd, 4319374.293, 105
Trd, 4319375.943, 113
Trd, 4319376.343, 102
Trd, 4319377.593, 104
Trd, 4319378.893, 104
Trd, 4319379.843, 103
Trd, 4319380.543, 101
Trd, 4319382.493, 102
Trd, 4319383.243, 99
Trd, 4319383.743, 93
Trd, 4319384.793, 96
Trd, 4319387.093, 97
Trd, 4319387.393, 94
Trd, 4319388.193, 92
Trd, 4319388.243, 96
Trd, 4319390.793, 110
Trd, 4319391.293, 101
Trd, 4319393.243, 100
Trd, 4319394.643, 99
Trd, 4319395.743, 99
Trd, 4319397.143, 98
Trd, 4319398.393, 92
Trd, 4319398.793, 99
Trd, 4319400.043, 104
Trd, 4319400.743, 112
Trd, 4319401.593, 100
Trd, 4319401.743, 99
Trd, 4319402.493, 113
Trd, 4319403.293, 104
Trd, 4319405.293, 91
Trd, 4319405.743, 103
Trd, 4319406.743, 98
Trd, 4319406.943, 107
Trd, 4319407.093, 108
Trd, 4319412.093, 105
Trd, 4319412.593, 104
Trd, 4319412.943, 105
Trd, 4319413.343, 103
Trd, 4319416.143, 105
Trd, 4319416.643, 104
Trd, 4319418.843, 104
Trd, 4319419.093, 105
Trd, 4319419.193, 101
Trd, 4319420.443, 104
Trd, 4319420.943, 104
Trd, 4319424.093, 104
Trd, 4319425.093, 102
Trd, 4319426.693, 101
Trd, 4319427.093, 101
Trd, 4319427.443, 94
Trd, 4319428.543, 101
Trd, 4319429.343, 101
Trd, 4319433.343, 95
Trd, 4319434.093, 95
Trd, 4319434.143, 92
Trd, 4319434.193, 98
Trd, 4319434.793, 106
Trd, 4319436.593, 95
Trd, 4319438.193, 99
Trd, 4319438.293, 100
Trd, 4319439.093, 95
Trd, 4319440.193, 100
Trd, 4319441.343, 94
Trd, 4319442.093, 99
Trd, 4319443.293, 94
Trd, 4319444.743, 105
Trd, 4319445.793, 113
Trd, 4319445.943, 94
Trd, 4319446.193, 92
Trd, 4319447.693, 101
Trd, 4319450.593, 97
Trd, 4319450.693, 93
Trd, 4319451.243, 96
Trd, 4319451.493, 111
Trd, 4319453.043, 104
Trd, 4319455.743, 96
Trd, 4319456.043, 98
Trd, 4319456.693, 93
Trd, 4319457.943, 96
Trd, 4319458.593, 94
Trd, 4319459.593, 96
Trd, 4319459.943, 104
Trd, 4319461.143, 95
Trd, 4319462.793, 95
Trd, 4319463.043, 97
Trd, 4319463.443, 96
Trd, 4319465.643, 97
Trd, 4319466.443, 94
Trd, 4319468.193, 95
Trd, 4319468.893, 104
Trd, 4319470.793, 92
Trd, 4319470.993, 84
Trd, 4319472.343, 93
Trd, 4319475.793, 87
Trd, 4319475.893, 93
Trd, 4319477.043, 93
Trd, 4319477.343, 90
Trd, 4319479.493, 93
Trd, 4319480.543, 95
Trd, 4319481.343, 114
Trd, 4319482.843, 104
Trd, 4319483.493, 104
Trd, 4319483.993, 98
Trd, 4319484.293, 90
Trd, 4319485.343, 111
Trd, 4319485.693, 102
Trd, 4319487.443, 113
Trd, 4319488.243, 108
Trd, 4319488.843, 109
Trd, 4319489.193, 105
Trd, 4319490.443, 101
Trd, 4319491.343, 105
Trd, 4319492.293, 102
Trd, 4319493.043, 105
Trd, 4319494.643, 103
Trd, 4319496.743, 103
Trd, 4319497.593, 82
Trd, 4319498.293, 93
Trd, 4319499.643, 95
Trd, 4319499.793, 85
Trd, 4319500.593, 81
Trd, 4319501.693, 106
Trd, 4319501.893, 114
Trd, 4319502.493, 104
Trd, 4319505.093, 103
Trd, 4319505.343, 90
Trd, 4319507.493, 95
Trd, 4319507.993, 104
Trd, 4319508.143, 115
Trd, 4319508.593, 72
Trd, 4319510.943, 86
Trd, 4319512.493, 96
Trd, 4319514.093, 93
Trd, 4319514.343, 105
Trd, 4319516.343, 99
Trd, 4319516.443, 91
Trd, 4319517.243, 90
Trd, 4319517.393, 73
Trd, 4319517.793, 98
Trd, 4319520.393, 101
Trd, 4319521.943, 97
Trd, 4319522.643, 89
Trd, 4319522.893, 88
Trd, 4319523.243, 98
Trd, 4319523.443, 104
Trd, 4319524.843, 98
Trd, 4319527.893, 96
Trd, 4319529.893, 96
Trd, 4319529.993, 88
Trd, 4319530.793, 87
Trd, 4319531.093, 96
Trd, 4319532.593, 87
Trd, 4319533.243, 104
Trd, 4319533.793, 97
Trd, 4319535.343, 85
Trd, 4319536.993, 97
Trd, 4319537.193, 97
Trd, 4319537.693, 104
Trd, 4319538.593, 86
Trd, 4319540.643, 98
Trd, 4319542.343, 103
Trd, 4319545.243, 97
Trd, 4319545.943, 89
Trd, 4319546.943, 88
Trd, 4319547.843, 87
Trd, 4319547.993, 94
Trd, 4319548.643, 95
Trd, 4319549.593, 94
Trd, 4319550.693, 86
Trd, 4319551.343, 104
Trd, 4319553.843, 96
Trd, 4319554.543, 93
Trd, 4319555.243, 96
Trd, 4319556.793, 92
Trd, 4319557.593, 104
Trd, 4319557.743, 113
Trd, 4319559.293, 103
Trd, 4319560.743, 101
Trd, 4319561.693, 100
Trd, 4319562.093, 105
Trd, 4319563.243, 78
Trd, 4319564.693, 112
Trd, 4319564.843, 114
Trd, 4319566.393, 101
Trd, 4319567.493, 102
Trd, 4319568.393, 94
Trd, 4319570.443, 96
Trd, 4319570.543, 101
Trd, 4319571.893, 71
Trd, 4319572.143, 95
Trd, 4319573.093, 95
Trd, 4319573.943, 93
Trd, 4319574.293, 107
Trd, 4319575.393, 95
Trd, 4319577.443, 87
Trd, 4319579.793, 90
Trd, 4319581.793, 94
Trd, 4319581.943, 90
Trd, 4319582.143, 94
Trd, 4319583.293, 71
Trd, 4319583.793, 95
Trd, 4319586.143, 80
Trd, 4319586.643, 104
Trd, 4319586.893, 80
Trd, 4319587.093, 94
Trd, 4319587.743, 113
Trd, 4319588.543, 112
Trd, 4319589.493, 99
Trd, 4319592.093, 98
Trd, 4319592.793, 100
Trd, 4319594.093, 112
Trd, 4319594.593, 116
Trd, 4319596.493, 103
Trd, 4319597.493, 100
Trd, 4319598.093, 101
Trd, 4319598.793, 104
Trd, 4319599.843, 94
Trd, 4319602.243, 101
Trd, 4319604.143, 101
Trd, 4319604.293, 101
Trd, 4319607.243, 101
Trd, 4319607.343, 98
Trd, 4319608.343, 97
Trd, 4319608.643, 100
Trd, 4319609.043, 94
Trd, 4319609.643, 101
Trd, 4319610.443, 105
Trd, 4319611.343, 96
Trd, 4319613.843, 100
Trd, 4319613.943, 96
Trd, 4319614.093, 105
Trd, 4319615.043, 104
Trd, 4319615.693, 103
Trd, 4319618.243, 98
Trd, 4319619.243, 113
Trd, 4319620.793, 99
Trd, 4319621.543, 104
Trd, 4319622.793, 104
Trd, 4319624.143, 104
Trd, 4319625.343, 98
Trd, 4319625.943, 76
Trd, 4319627.793, 104
Trd, 4319629.743, 102
Trd, 4319630.493, 98
Trd, 4319631.393, 103
Trd, 4319631.493, 93
Trd, 4319633.243, 111
Trd, 4319634.243, 104
Trd, 4319635.093, 101
Trd, 4319635.943, 102
Trd, 4319637.043, 102
Trd, 4319637.693, 102
Trd, 4319638.443, 113
Trd, 4319639.793, 93
Trd, 4319639.843, 104
Trd, 4319640.343, 80
Trd, 4319641.193, 101
Trd, 4319643.593, 86
Trd, 4319645.893, 96
Trd, 4319646.493, 95
Trd, 4319647.043, 97
Trd, 4319648.293, 104
Trd, 4319649.443, 104
Trd, 4319650.293, 101
Trd, 4319650.843, 114
Trd, 4319651.443, 110
Trd, 4319651.893, 92
Trd, 4319653.143, 104
Trd, 4319654.443, 103
Trd, 4319655.393, 92
Trd, 4319655.943, 114
Trd, 4319656.743, 78
Trd, 4319658.893, 97
Trd, 4319660.243, 106
Trd, 4319660.293, 103
Trd, 4319661.393, 78
Trd, 4319662.193, 69
Trd, 4319663.293, 95
Trd, 4319663.593, 104
Trd, 4319664.743, 80
Trd, 4319665.143, 90
Trd, 4319665.693, 76
Trd, 4319666.043, 88
Trd, 4319666.593, 86
Trd, 4319671.393, 91
Trd, 4319671.993, 103
Trd, 4319672.943, 91
Trd, 4319673.343, 75
Trd, 4319674.443, 104
Trd, 4319674.643, 107
Trd, 4319676.793, 94
Trd, 4319677.293, 74
Trd, 4319678.743, 90
Trd, 4319679.993, 101
Trd, 4319680.043, 86
Trd, 4319680.343, 97
Trd, 4319682.293, 79
Trd, 4319683.643, 95
Trd, 4319685.693, 102
Trd, 4319686.393, 92
Trd, 4319686.993, 91
Trd, 4319687.243, 105
Trd, 4319690.193, 91
Trd, 4319690.943, 95
Trd, 4319691.493, 87
Trd, 4319693.743, 95
Trd, 4319694.893, 95
Trd, 4319695.193, 95
Trd, 4319696.593, 88
Trd, 4319698.893, 95
Trd, 4319699.643, 105
Trd, 4319699.893, 88
Trd, 4319701.893, 87
Trd, 4319702.443, 97
Trd, 4319704.343, 97
Trd, 4319705.843, 95
Trd, 4319706.393, 86
Trd, 4319706.693, 86
Trd, 4319708.193, 95
Trd, 4319710.393, 85
Trd, 4319710.593, 94
Trd, 4319710.693, 95
Trd, 4319712.043, 93
Trd, 4319712.193, 92
Trd, 4319713.693, 73
Trd, 4319715.593, 87
Trd, 4319717.043, 109
Trd, 4319719.293, 109
Trd, 4319719.643, 102
Trd, 4319720.443, 96
Trd, 4319721.093, 98
Trd, 4319722.993, 99
Trd, 4319724.543, 96
Trd, 4319725.143, 98
Trd, 4319727.493, 98
Trd, 4319729.243, 99
Trd, 4319729.443, 95
Trd, 4319730.393, 104
Trd, 4319731.593, 102
Trd, 4319732.993, 102
Trd, 4319733.093, 105
Trd, 4319734.193, 101
Trd, 4319734.693, 101
Trd, 4319735.443, 98
Trd, 4319738.293, 104
Trd, 4319738.943, 104
Trd, 4319738.993, 109
Trd, 4319739.943, 110
Trd, 4319741.993, 103
Trd, 4319743.193, 104
Trd, 4319743.443, 94
Trd, 4319743.743, 109
Trd, 4319744.443, 101
Trd, 4319745.293, 103
Trd, 4319746.793, 92
Trd, 4319749.643, 104
Trd, 4319751.343, 104
Trd, 4319751.443, 104
Trd, 4319752.043, 113
Trd, 4319752.543, 103
Trd, 4319754.293, 105
Trd, 4319755.443, 106
Trd, 4319756.243, 104
Trd, 4319756.293, 104
Trd, 4319758.243, 104
Trd, 4319759.193, 102
Trd, 4319760.293, 105
Trd, 4319760.843, 105
Trd, 4319760.893, 90
Trd, 4319762.493, 113
Trd, 4319763.393, 104
Trd, 4319764.243, 111
Trd, 4319765.043, 89
Trd, 4319766.243, 104
Trd, 4319767.143, 101
Trd, 4319767.493, 102
Trd, 4319768.543, 101
Trd, 4319769.543, 103
Trd, 4319771.193, 100
Trd, 4319771.293, 110
Trd, 4319772.493, 105
Trd, 4319773.243, 103
Trd, 4319774.493, 101
Trd, 4319775.843, 104
Trd, 4319777.593, 104
Trd, 4319777.693, 112
Trd, 4319777.943, 130
Trd, 4319780.243, 104
Trd, 4319782.743, 103
Trd, 4319782.793, 104
Trd, 4319783.993, 93
Trd, 4319785.943, 106
Trd, 4319786.643, 104
Trd, 4319789.043, 107
Trd, 4319789.343, 113
Trd, 4319790.493, 104
Trd, 4319790.743, 104
Trd, 4319793.493, 104
Trd, 4319793.643, 113
Trd, 4319794.243, 106
Trd, 4319794.493, 129
Trd, 4319797.243, 102
Trd, 4319798.693, 92
Trd, 4319798.743, 100
Trd, 4319799.193, 101
Trd, 4319799.243, 104
Trd, 4319800.543, 83
Trd, 4319801.993, 93
Trd, 4319802.243, 91
Trd, 4319803.243, 93
Trd, 4319803.393, 80
Trd, 4319805.693, 92
Trd, 4319805.893, 93
Trd, 4319806.243, 111
Trd, 4319807.743, 106
Trd, 4319809.443, 104
Trd, 4319812.293, 104
Trd, 4319812.593, 109
Trd, 4319813.843, 98
Trd, 4319814.293, 101
Trd, 4319815.093, 86
Trd, 4319815.493, 100
Trd, 4319816.143, 104
Trd, 4319817.393, 95
Trd, 4319819.293, 78
Trd, 4319820.043, 114
Trd, 4319820.293, 104
Trd, 4319822.043, 95
Trd, 4319825.393, 99
Trd, 4319826.043, 97
Trd, 4319826.893, 95
Trd, 4319827.193, 95
Trd, 4319828.093, 93
Trd, 4319829.943, 95
Trd, 4319830.543, 95
Trd, 4319831.343, 92
Trd, 4319831.443, 104
Trd, 4319833.393, 96
Trd, 4319833.693, 97
Trd, 4319834.093, 104
Trd, 4319836.193, 104
Trd, 4319836.693, 91
Trd, 4319836.793, 100
Trd, 4319837.943, 100
Trd, 4319838.143, 89
Trd, 4319839.493, 100
Trd, 4319840.993, 91
Trd, 4319842.243, 103
Trd, 4319843.443, 101
Trd, 4319845.043, 99
Trd, 4319845.393, 92
Trd, 4319846.893, 96
Trd, 4319847.193, 97
Trd, 4319848.443, 93
Trd, 4319849.943, 103
Trd, 4319851.043, 112
Trd, 4319851.193, 97
Trd, 4319851.443, 113
Trd, 4319854.793, 103
Trd, 4319856.343, 100
Trd, 4319858.093, 102
Trd, 4319858.143, 103
Trd, 4319858.393, 98
Trd, 4319858.843, 104
Trd, 4319859.743, 93
Trd, 4319860.143, 103
Trd, 4319862.243, 98
Trd, 4319862.793, 108
Trd, 4319864.193, 98
Trd, 4319865.143, 111
Trd, 4319865.993, 102
Trd, 4319867.243, 110
Trd, 4319868.893, 99
Trd, 4319870.243, 100
Trd, 4319872.343, 99
Trd, 4319872.593, 100
Trd, 4319873.143, 98
Trd, 4319874.043, 106
Trd, 4319875.943, 96
Trd, 4319876.343, 102
Trd, 4319877.093, 94
Trd, 4319877.693, 104
Trd, 4319878.593, 104
Trd, 4319880.643, 102
Trd, 4319881.443, 101
Trd, 4319882.593, 103
Trd, 4319883.493, 113
Trd, 4319884.793, 104
Trd, 4319885.243, 92
Trd, 4319885.443, 113
Trd, 4319886.393, 104
Trd, 4319886.893, 104
Trd, 4319888.643, 98
Trd, 4319890.043, 102
Trd, 4319891.593, 104
Trd, 4319892.143, 106
Trd, 4319893.043, 104
Trd, 4319893.393, 103
Trd, 4319894.243, 102
Trd, 4319894.793, 103
Trd, 4319895.843, 91
Trd, 4319898.243, 103
Trd, 4319898.643, 105
Trd, 4319899.043, 102
Trd, 4319900.593, 102
Trd, 4319901.493, 103
Trd, 4319902.943, 100
Trd, 4319902.993, 106
Trd, 4319905.043, 104
Trd, 4319905.143, 104
Trd, 4319907.293, 101
Trd, 4319908.993, 94
Trd, 4319909.093, 72
Trd, 4319909.493, 102
Trd, 4319911.693, 102
Trd, 4319913.143, 104
Trd, 4319913.343, 97
Trd, 4319915.393, 102
Trd, 4319915.943, 97
Trd, 4319917.343, 94
Trd, 4319917.793, 102
Trd, 4319919.943, 102
Trd, 4319920.643, 104
Trd, 4319920.793, 95
Trd, 4319922.243, 97
Trd, 4319923.493, 99
Trd, 4319924.193, 108
Trd, 4319925.693, 96
Trd, 4319926.243, 92
Trd, 4319926.343, 101
Trd, 4319929.643, 104
Trd, 4319931.643, 99
Trd, 4319931.943, 99
Trd, 4319932.393, 96
Trd, 4319933.243, 78
Trd, 4319933.293, 115
Trd, 4319934.743, 96
Trd, 4319935.143, 71
Trd, 4319935.593, 94
Trd, 4319936.243, 107
Trd, 4319939.093, 79
Trd, 4319939.793, 79
Trd, 4319939.843, 88
Trd, 4319941.343, 87
Trd, 4319943.343, 82
Trd, 4319943.993, 104
Trd, 4319944.993, 90
Trd, 4319945.993, 84
Trd, 4319948.293, 89
Trd, 4319950.393, 91
Trd, 4319951.943, 77
Trd, 4319952.493, 95
Trd, 4319952.943, 106
Trd, 4319953.443, 104
Trd, 4319953.793, 93
Trd, 4319953.843, 75
Trd, 4319956.293, 84
Trd, 4319956.393, 75
Trd, 4319956.693, 114
Trd, 4319959.243, 98
Trd, 4319960.793, 98
Trd, 4319962.443, 93
Trd, 4319962.493, 98
Trd, 4319964.343, 92
Trd, 4319964.543, 95
Trd, 4319964.743, 95
Trd, 4319966.093, 95
Trd, 4319966.343, 91
Trd, 4319967.343, 81
Trd, 4319969.693, 91
Trd, 4319969.793, 95
Trd, 4319970.043, 104
Trd, 4319970.743, 97
Trd, 4319972.943, 128
Trd, 4319973.093, 104
Trd, 4319973.593, 113
Trd, 4319974.293, 87
Trd, 4319978.493, 113
Trd, 4319978.943, 104
Trd, 4319979.643, 122
Trd, 4319979.843, 107
Trd, 4319980.393, 100
Trd, 4319982.243, 100
Trd, 4319982.543, 106
Trd, 4319985.943, 105
Trd, 4319986.093, 99
Trd, 4319986.243, 92
Trd, 4319987.143, 104
Trd, 4319989.093, 104
Trd, 4319989.593, 101
Trd, 4319990.043, 104
Trd, 4319991.443, 104
Trd, 4319992.043, 99
Trd, 4319995.393, 101
Trd, 4319995.543, 102
Trd, 4319996.193, 100
Trd, 4319997.943, 101
Trd, 4319998.143, 102
Trd, 4319999.593, 104
