Trd, 4317846.243, 101
Trd, 4317849.943, 106
Trd, 4317850.843, 106
Trd, 4317851.343, 107
Trd, 4317851.993, 108
Trd, 4317852.743, 107
Trd, 4317853.343, 106
Trd, 4317854.693, 105
Trd, 4317855.843, 104
Trd, 4317857.093, 106
Trd, 4317857.393, 106
Trd, 4317859.493, 106
Trd, 4317860.393, 105
Trd, 4317862.093, 105
Trd, 4317863.543, 105
Trd, 4317864.593, 105
Trd, 4317864.993, 104
Trd, 4317867.443, 100
Trd, 4317867.793, 101
Trd, 4317869.543, 100
Trd, 4317869.893, 100
Trd, 4317870.193, 108
Trd, 4317872.943, 102
Trd, 4317875.193, 102
Trd, 4317876.143, 104
Trd, 4317879.293, 105
Trd, 4317879.643, 104
Trd, 4317884.043, 105
Trd, 4317884.543, 113
Trd, 4317885.643, 106
Trd, 4317885.843, 105
Trd, 4317889.243, 105
Trd, 4317890.493, 105
Trd, 4317894.143, 104
Trd, 4317894.593, 104
Trd, 4317895.493, 104
Trd, 4317897.143, 103
Trd, 4317897.893, 103
Trd, 4317899.493, 102
Trd, 4317901.243, 103
Trd, 4317901.743, 102
Trd, 4317902.343, 101
Trd, 4317904.243, 106
Trd, 4317906.043, 104
Trd, 4317906.493, 94
Trd, 4317907.093, 104
Trd, 4317911.743, 102
Trd, 4317912.293, 103
Trd, 4317913.643, 103
Trd, 4317913.943, 102
Trd, 4317914.543, 101
Trd, 4317915.993, 94
Trd, 4317916.893, 101
Trd, 4317922.343, 100
Trd, 4317922.693, 100
Trd, 4317923.143, 99
Trd, 4317927.643, 99
Trd, 4317928.393, 99
Trd, 4317928.593, 101
Trd, 4317931.143, 100
Trd, 4317932.843, 104
Trd, 4317934.743, 100
Trd, 4317935.593, 100
Trd, 4317937.243, 98
Trd, 4317939.293, 96
Trd, 4317939.793, 98
Trd, 4317940.993, 97
Trd, 4317942.143, 98
Trd, 4317944.743, 104
Trd, 4317945.593, 101
Trd, 4317948.543, 100
Trd, 4317949.443, 99
Trd, 4317949.943, 100
Trd, 4317950.293, 98
Trd, 4317952.743, 104
Trd, 4317953.393, 101
Trd, 4317955.093, 100
Trd, 4317955.643, 99
Trd, 4317957.243, 99
Trd, 4317959.943, 98
Trd, 4317960.643, 100
Trd, 4317961.193, 103
Trd, 4317964.893, 99
Trd, 4317966.693, 99
Trd, 4317966.743, 98
Trd, 4317967.093, 99
Trd, 4317968.743, 97
Trd, 4317968.943, 96
Trd, 4317971.193, 98
Trd, 4317971.493, 99
Trd, 4317973.593, 99
Trd, 4317974.693, 96
Trd, 4317976.493, 99
Trd, 4317976.893, 98
Trd, 4317978.193, 102
Trd, 4317979.393, 100
Trd, 4317980.043, 98
Trd, 4317980.543, 98
Trd, 4317981.443, 103
Trd, 4317983.893, 106
Trd, 4317984.343, 105
Trd, 4317986.693, 104
Trd, 4317989.943, 105
Trd, 4317990.293, 105
Trd, 4317990.643, 104
Trd, 4317991.043, 104
Trd, 4317992.293, 104
Trd, 4317993.543, 103
Trd, 4317994.843, 105
Trd, 4317997.143, 104
Trd, 4317997.543, 103
Trd, 4318001.193, 103
Trd, 4318001.643, 104
Trd, 4318002.843, 104
Trd, 4318003.343, 102
Trd, 4318003.643, 103
Trd, 4318003.893, 102
Trd, 4318004.293, 94
Trd, 4318008.593, 93
Trd, 4318009.343, 100
Trd, 4318013.693, 100
Trd, 4318014.993, 99
Trd, 4318015.293, 106
Trd, 4318015.943, 94
Trd, 4318017.043, 101
Trd, 4318017.743, 96
Trd, 4318021.443, 107
Trd, 4318021.693, 104
Trd, 4318022.293, 105
Trd, 4318022.993, 105
Trd, 4318023.693, 107
Trd, 4318024.643, 106
Trd, 4318025.543, 104
Trd, 4318027.443, 103
Trd, 4318028.043, 103
Trd, 4318031.293, 109
Trd, 4318031.593, 108
Trd, 4318032.443, 106
Trd, 4318034.343, 104
Trd, 4318035.443, 106
Trd, 4318037.143, 105
Trd, 4318037.493, 106
Trd, 4318037.793, 104
Trd, 4318039.943, 103
Trd, 4318041.693, 101
Trd, 4318044.143, 101
Trd, 4318044.493, 102
Trd, 4318044.693, 103
Trd, 4318045.993, 103
Trd, 4318047.443, 100
Trd, 4318048.043, 94
Trd, 4318049.893, 103
Trd, 4318052.693, 101
Trd, 4318052.943, 101
Trd, 4318053.043, 107
Trd, 4318055.793, 101
Trd, 4318057.893, 101
Trd, 4318058.043, 100
Trd, 4318059.293, 93
Trd, 4318062.743, 104
Trd, 4318063.643, 101
Trd, 4318064.643, 102
Trd, 4318066.543, 102
Trd, 4318068.293, 104
Trd, 4318068.593, 103
Trd, 4318069.193, 94
Trd, 4318070.043, 109
Trd, 4318071.643, 104
Trd, 4318072.743, 95
Trd, 4318073.093, 96
Trd, 4318074.693, 95
Trd, 4318075.643, 97
Trd, 4318077.193, 93
Trd, 4318077.743, 104
Trd, 4318079.043, 98
Trd, 4318079.343, 104
Trd, 4318079.993, 110
Trd, 4318082.643, 102
Trd, 4318083.993, 101
Trd, 4318084.193, 93
Trd, 4318086.543, 97
Trd, 4318087.443, 94
Trd, 4318087.943, 93
Trd, 4318088.843, 97
Trd, 4318089.143, 98
Trd, 4318091.493, 93
Trd, 4318091.843, 96
Trd, 4318093.293, 95
Trd, 4318094.243, 95
Trd, 4318095.493, 96
Trd, 4318096.943, 96
Trd, 4318099.493, 97
Trd, 4318100.343, 102
Trd, 4318101.643, 103
Trd, 4318103.493, 104
Trd, 4318104.743, 102
Trd, 4318107.943, 103
Trd, 4318109.543, 101
Trd, 4318111.343, 103
Trd, 4318113.993, 104
Trd, 4318114.543, 104
Trd, 4318115.293, 103
Trd, 4318117.143, 103
Trd, 4318118.593, 104
Trd, 4318119.893, 104
Trd, 4318120.693, 103
Trd, 4318121.443, 103
Trd, 4318122.593, 100
Trd, 4318123.493, 100
Trd, 4318126.493, 104
Trd, 4318128.143, 100
Trd, 4318128.693, 100
Trd, 4318129.443, 95
Trd, 4318129.893, 94
Trd, 4318131.993, 100
Trd, 4318133.643, 101
Trd, 4318135.943, 103
Trd, 4318136.893, 100
Trd, 4318137.893, 102
Trd, 4318138.993, 97
Trd, 4318139.643, 98
Trd, 4318140.843, 101
Trd, 4318141.693, 98
Trd, 4318144.393, 97
Trd, 4318145.143, 99
Trd, 4318146.043, 84
Trd, 4318148.393, 95
Trd, 4318149.593, 111
Trd, 4318151.343, 103
Trd, 4318153.543, 111
Trd, 4318153.943, 107
Trd, 4318154.293, 105
Trd, 4318156.343, 107
Trd, 4318157.193, 105
Trd, 4318160.443, 104
Trd, 4318162.593, 103
Trd, 4318164.443, 105
Trd, 4318164.743, 105
Trd, 4318167.043, 104
Trd, 4318167.793, 102
Trd, 4318169.093, 101
Trd, 4318169.893, 102
Trd, 4318171.443, 111
Trd, 4318171.743, 105
Trd, 4318174.093, 105
Trd, 4318174.493, 104
Trd, 4318175.843, 106
Trd, 4318177.093, 106
Trd, 4318178.293, 105
Trd, 4318181.993, 105
Trd, 4318183.193, 104
Trd, 4318183.793, 104
Trd, 4318184.793, 104
Trd, 4318186.393, 102
Trd, 4318188.343, 103
Trd, 4318189.943, 104
Trd, 4318191.843, 101
Trd, 4318192.143, 101
Trd, 4318193.243, 100
Trd, 4318195.293, 105
Trd, 4318195.493, 104
Trd, 4318195.743, 103
Trd, 4318197.893, 104
Trd, 4318199.193, 104
Trd, 4318200.843, 104
Trd, 4318203.193, 104
Trd, 4318203.793, 104
Trd, 4318203.993, 104
Trd, 4318205.443, 104
Trd, 4318206.293, 103
Trd, 4318208.343, 99
Trd, 4318208.593, 101
Trd, 4318212.793, 99
Trd, 4318214.443, 100
Trd, 4318216.493, 101
Trd, 4318217.043, 103
Trd, 4318218.993, 103
Trd, 4318219.693, 103
Trd, 4318221.643, 102
Trd, 4318221.843, 103
Trd, 4318222.093, 113
Trd, 4318226.993, 104
Trd, 4318227.093, 103
Trd, 4318228.993, 103
Trd, 4318230.593, 102
Trd, 4318231.143, 100
Trd, 4318235.543, 102
Trd, 4318235.943, 103
Trd, 4318236.543, 102
Trd, 4318237.743, 101
Trd, 4318238.893, 104
Trd, 4318241.143, 105
Trd, 4318242.293, 104
Trd, 4318243.593, 103
Trd, 4318244.443, 99
Trd, 4318245.043, 85
Trd, 4318245.643, 104
Trd, 4318248.643, 100
Trd, 4318251.443, 100
Trd, 4318252.643, 98
Trd, 4318255.093, 97
Trd, 4318255.343, 98
Trd, 4318255.643, 98
Trd, 4318256.093, 97
Trd, 4318258.893, 97
Trd, 4318261.693, 96
Trd, 4318261.743, 96
Trd, 4318262.143, 97
Trd, 4318264.243, 96
Trd, 4318265.443, 97
Trd, 4318266.393, 97
Trd, 4318268.293, 96
Trd, 4318268.343, 94
Trd, 4318270.043, 94
Trd, 4318272.543, 94
Trd, 4318273.943, 95
Trd, 4318275.093, 94
Trd, 4318277.043, 96
Trd, 4318278.493, 96
Trd, 4318278.643, 93
Trd, 4318280.093, 104
Trd, 4318281.393, 105
Trd, 4318282.143, 105
Trd, 4318284.143, 107
Trd, 4318285.293, 105
Trd, 4318285.893, 104
Trd, 4318287.143, 104
Trd, 4318288.893, 104
Trd, 4318289.393, 104
Trd, 4318291.243, 104
Trd, 4318293.493, 104
Trd, 4318293.843, 95
Trd, 4318295.843, 104
Trd, 4318297.193, 101
Trd, 4318298.093, 103
Trd, 4318299.993, 103
Trd, 4318300.743, 104
Trd, 4318302.043, 101
Trd, 4318303.393, 101
Trd, 4318306.693, 100
Trd, 4318307.343, 101
Trd, 4318310.293, 104
Trd, 4318311.043, 102
Trd, 4318311.343, 95
Trd, 4318313.293, 101
Trd, 4318313.343, 99
Trd, 4318315.043, 110
Trd, 4318317.043, 104
Trd, 4318317.943, 104
Trd, 4318319.693, 104
Trd, 4318321.443, 103
Trd, 4318322.243, 94
Trd, 4318324.843, 103
Trd, 4318326.043, 101
Trd, 4318329.343, 101
Trd, 4318330.643, 102
Trd, 4318331.343, 102
Trd, 4318331.593, 100
Trd, 4318336.693, 102
Trd, 4318337.843, 104
Trd, 4318338.743, 103
Trd, 4318340.443, 103
Trd, 4318342.093, 100
Trd, 4318342.993, 99
Trd, 4318344.943, 99
Trd, 4318348.243, 104
Trd, 4318348.693, 103
Trd, 4318349.393, 104
Trd, 4318350.593, 120
Trd, 4318351.143, 110
Trd, 4318351.793, 107
Trd, 4318353.093, 104
Trd, 4318353.593, 103
Trd, 4318354.993, 106
Trd, 4318357.843, 102
Trd, 4318360.193, 102
Trd, 4318360.493, 94
Trd, 4318361.443, 104
Trd, 4318364.243, 98
Trd, 4318364.893, 98
Trd, 4318365.593, 99
Trd, 4318365.643, 110
Trd, 4318366.693, 99
Trd, 4318369.743, 104
Trd, 4318369.993, 94
Trd, 4318372.243, 103
Trd, 4318373.693, 107
Trd, 4318374.143, 105
Trd, 4318374.943, 104
Trd, 4318378.043, 103
Trd, 4318378.943, 104
Trd, 4318379.043, 102
Trd, 4318379.943, 102
Trd, 4318383.043, 101
Trd, 4318383.743, 100
Trd, 4318383.793, 93
Trd, 4318385.293, 102
Trd, 4318386.743, 104
Trd, 4318387.643, 102
Trd, 4318390.593, 103
Trd, 4318393.293, 101
Trd, 4318396.743, 104
Trd, 4318398.343, 103
Trd, 4318399.593, 105
Trd, 4318400.043, 103
Trd, 4318401.043, 108
Trd, 4318404.143, 105
Trd, 4318404.343, 106
Trd, 4318404.693, 104
Trd, 4318410.293, 104
Trd, 4318410.593, 105
Trd, 4318411.943, 105
Trd, 4318412.993, 104
Trd, 4318413.493, 105
Trd, 4318414.843, 102
Trd, 4318415.493, 104
Trd, 4318416.443, 104
Trd, 4318418.643, 102
Trd, 4318420.193, 102
Trd, 4318421.843, 103
Trd, 4318422.843, 104
Trd, 4318423.993, 104
Trd, 4318424.593, 102
Trd, 4318427.143, 104
Trd, 4318428.093, 103
Trd, 4318428.893, 94
Trd, 4318430.593, 104
Trd, 4318431.393, 104
Trd, 4318432.643, 113
Trd, 4318434.443, 103
Trd, 4318434.993, 104
Trd, 4318435.293, 104
Trd, 4318438.143, 106
Trd, 4318438.743, 103
Trd, 4318440.293, 106
Trd, 4318441.543, 105
Trd, 4318442.893, 105
Trd, 4318445.343, 104
Trd, 4318445.893, 103
Trd, 4318448.193, 104
Trd, 4318451.343, 104
Trd, 4318452.193, 104
Trd, 4318452.793, 103
Trd, 4318453.593, 104
Trd, 4318456.543, 105
Trd, 4318457.693, 104
Trd, 4318459.993, 109
Trd, 4318460.543, 107
Trd, 4318461.043, 104
Trd, 4318465.493, 106
Trd, 4318466.443, 105
Trd, 4318466.943, 104
Trd, 4318470.593, 107
Trd, 4318471.343, 106
Trd, 4318473.443, 105
Trd, 4318476.793, 105
Trd, 4318478.093, 104
Trd, 4318479.793, 104
Trd, 4318481.243, 103
Trd, 4318481.443, 104
Trd, 4318482.243, 104
Trd, 4318483.243, 105
Trd, 4318484.343, 103
Trd, 4318487.343, 106
Trd, 4318488.243, 102
Trd, 4318488.793, 104
Trd, 4318490.593, 94
Trd, 4318491.243, 100
Trd, 4318491.843, 100
Trd, 4318494.893, 99
Trd, 4318496.793, 98
Trd, 4318497.943, 100
Trd, 4318500.443, 97
Trd, 4318500.693, 94
Trd, 4318501.343, 95
Trd, 4318502.943, 95
Trd, 4318503.543, 104
Trd, 4318504.993, 96
Trd, 4318507.493, 107
Trd, 4318508.493, 96
Trd, 4318510.343, 98
Trd, 4318511.193, 98
Trd, 4318511.293, 97
Trd, 4318512.343, 98
Trd, 4318513.343, 95
Trd, 4318517.143, 95
Trd, 4318517.243, 94
Trd, 4318518.143, 94
Trd, 4318519.543, 94
Trd, 4318520.443, 94
Trd, 4318521.943, 93
Trd, 4318524.093, 105
Trd, 4318524.443, 104
Trd, 4318525.743, 100
Trd, 4318528.543, 101
Trd, 4318529.943, 100
Trd, 4318530.743, 100
Trd, 4318532.543, 94
Trd, 4318533.743, 86
Trd, 4318533.893, 101
Trd, 4318536.593, 101
Trd, 4318538.493, 98
Trd, 4318539.093, 96
Trd, 4318539.193, 96
Trd, 4318540.043, 97
Trd, 4318540.393, 105
Trd, 4318543.043, 99
Trd, 4318547.093, 97
Trd, 4318549.093, 96
Trd, 4318549.243, 96
Trd, 4318551.043, 96
Trd, 4318552.243, 97
Trd, 4318552.543, 97
Trd, 4318553.393, 103
Trd, 4318556.743, 97
Trd, 4318557.243, 98
Trd, 4318559.393, 97
Trd, 4318561.543, 95
Trd, 4318562.393, 95
Trd, 4318562.793, 96
Trd, 4318563.343, 104
Trd, 4318565.393, 98
Trd, 4318566.643, 98
Trd, 4318566.793, 98
Trd, 4318569.243, 98
Trd, 4318569.943, 104
Trd, 4318571.043, 102
Trd, 4318573.843, 98
Trd, 4318574.293, 104
Trd, 4318576.843, 99
Trd, 4318577.193, 100
Trd, 4318577.393, 98
Trd, 4318580.493, 97
Trd, 4318581.443, 96
Trd, 4318581.843, 97
Trd, 4318581.893, 94
Trd, 4318584.743, 97
Trd, 4318585.843, 97
Trd, 4318587.243, 94
Trd, 4318588.543, 95
Trd, 4318589.993, 95
Trd, 4318590.193, 93
Trd, 4318592.293, 96
Trd, 4318594.543, 95
Trd, 4318594.893, 95
Trd, 4318595.093, 94
Trd, 4318595.493, 95
Trd, 4318599.343, 95
Trd, 4318599.593, 93
Trd, 4318602.193, 92
Trd, 4318602.293, 96
Trd, 4318604.393, 102
Trd, 4318604.693, 104
Trd, 4318605.593, 95
Trd, 4318609.643, 100
Trd, 4318610.043, 101
Trd, 4318611.443, 96
Trd, 4318615.143, 99
Trd, 4318616.543, 100
Trd, 4318618.493, 96
Trd, 4318621.893, 97
Trd, 4318622.843, 96
Trd, 4318623.793, 97
Trd, 4318627.543, 97
Trd, 4318629.193, 101
Trd, 4318629.743, 100
Trd, 4318632.193, 100
Trd, 4318633.493, 101
Trd, 4318635.343, 104
Trd, 4318636.643, 99
Trd, 4318636.793, 102
Trd, 4318639.493, 103
Trd, 4318640.343, 107
Trd, 4318642.443, 107
Trd, 4318642.643, 106
Trd, 4318645.443, 106
Trd, 4318645.793, 105
Trd, 4318648.893, 98
Trd, 4318650.343, 95
Trd, 4318650.693, 99
Trd, 4318652.643, 99
Trd, 4318653.293, 103
Trd, 4318654.243, 100
Trd, 4318655.093, 100
Trd, 4318658.293, 98
Trd, 4318658.343, 99
Trd, 4318658.793, 98
Trd, 4318661.443, 98
Trd, 4318661.593, 99
Trd, 4318664.893, 99
Trd, 4318665.043, 96
Trd, 4318666.643, 96
Trd, 4318667.943, 97
Trd, 4318668.543, 97
Trd, 4318671.293, 98
Trd, 4318671.643, 96
Trd, 4318674.693, 97
Trd, 4318676.293, 95
Trd, 4318676.743, 95
Trd, 4318677.043, 94
Trd, 4318677.943, 96
Trd, 4318681.593, 95
Trd, 4318681.643, 94
Trd, 4318683.043, 95
Trd, 4318683.543, 95
Trd, 4318683.843, 94
Trd, 4318687.293, 95
Trd, 4318687.643, 95
Trd, 4318689.443, 93
Trd, 4318691.693, 95
Trd, 4318692.993, 93
Trd, 4318694.643, 95
Trd, 4318697.743, 95
Trd, 4318697.793, 93
Trd, 4318701.343, 94
Trd, 4318701.993, 95
Trd, 4318703.243, 96
Trd, 4318704.443, 96
Trd, 4318704.843, 95
Trd, 4318707.243, 96
Trd, 4318709.143, 97
Trd, 4318710.593, 97
Trd, 4318711.793, 98
Trd, 4318712.593, 113
Trd, 4318713.093, 97
Trd, 4318714.143, 98
Trd, 4318714.993, 94
Trd, 4318716.793, 96
Trd, 4318717.643, 99
Trd, 4318718.243, 97
Trd, 4318720.593, 94
Trd, 4318720.993, 99
Trd, 4318722.693, 102
Trd, 4318722.943, 99
Trd, 4318723.893, 101
Trd, 4318725.443, 93
Trd, 4318728.343, 104
Trd, 4318729.893, 97
Trd, 4318732.393, 97
Trd, 4318732.643, 97
Trd, 4318733.243, 96
Trd, 4318734.943, 94
Trd, 4318736.843, 96
Trd, 4318739.393, 96
Trd, 4318740.543, 106
Trd, 4318740.793, 104
Trd, 4318741.293, 103
Trd, 4318744.243, 108
Trd, 4318745.493, 109
Trd, 4318747.343, 106
Trd, 4318749.693, 104
Trd, 4318751.893, 102
Trd, 4318752.543, 95
Trd, 4318752.893, 100
Trd, 4318753.443, 102
Trd, 4318757.043, 94
Trd, 4318757.093, 102
Trd, 4318761.743, 98
Trd, 4318762.143, 98
Trd, 4318762.593, 98
Trd, 4318762.643, 94
Trd, 4318762.993, 95
Trd, 4318764.293, 95
Trd, 4318766.443, 96
Trd, 4318766.493, 95
Trd, 4318767.393, 95
Trd, 4318769.043, 103
Trd, 4318770.943, 94
Trd, 4318771.843, 97
Trd, 4318772.643, 95
Trd, 4318772.893, 97
Trd, 4318776.893, 95
Trd, 4318777.293, 95
Trd, 4318778.743, 95
Trd, 4318781.643, 95
Trd, 4318781.893, 94
Trd, 4318782.943, 95
Trd, 4318786.843, 94
Trd, 4318787.093, 95
Trd, 4318789.043, 94
Trd, 4318790.343, 95
Trd, 4318791.443, 102
Trd, 4318793.893, 94
Trd, 4318794.643, 95
Trd, 4318795.293, 96
Trd, 4318795.543, 106
Trd, 4318798.293, 95
Trd, 4318798.593, 99
Trd, 4318800.543, 101
Trd, 4318802.793, 104
Trd, 4318803.843, 99
Trd, 4318806.843, 99
Trd, 4318807.743, 98
Trd, 4318807.993, 94
Trd, 4318810.093, 85
Trd, 4318810.293, 93
Trd, 4318812.543, 92
Trd, 4318813.993, 101
Trd, 4318815.993, 101
Trd, 4318816.593, 100
Trd, 4318816.743, 95
Trd, 4318818.293, 83
Trd, 4318819.793, 98
Trd, 4318821.843, 94
Trd, 4318823.143, 104
Trd, 4318823.443, 103
Trd, 4318825.793, 101
Trd, 4318826.343, 100
Trd, 4318827.343, 112
Trd, 4318829.193, 105
Trd, 4318829.793, 105
Trd, 4318831.443, 104
Trd, 4318833.443, 106
Trd, 4318834.993, 105
Trd, 4318835.993, 103
Trd, 4318837.193, 104
Trd, 4318840.743, 104
Trd, 4318841.943, 103
Trd, 4318842.143, 104
Trd, 4318842.443, 104
Trd, 4318844.643, 102
Trd, 4318846.143, 103
Trd, 4318846.793, 94
Trd, 4318848.543, 103
Trd, 4318850.393, 98
Trd, 4318851.393, 103
Trd, 4318853.043, 100
Trd, 4318855.393, 101
Trd, 4318856.443, 101
Trd, 4318856.743, 103
Trd, 4318857.143, 103
Trd, 4318858.993, 101
Trd, 4318861.143, 95
Trd, 4318863.443, 96
Trd, 4318863.493, 98
Trd, 4318863.743, 94
Trd, 4318864.093, 113
Trd, 4318866.493, 103
Trd, 4318869.993, 101
Trd, 4318871.343, 101
Trd, 4318873.793, 103
Trd, 4318874.093, 103
Trd, 4318874.143, 106
Trd, 4318874.843, 102
Trd, 4318875.593, 101
Trd, 4318875.793, 94
Trd, 4318877.293, 101
Trd, 4318881.843, 98
Trd, 4318883.543, 101
Trd, 4318885.243, 109
Trd, 4318885.593, 104
Trd, 4318886.593, 105
Trd, 4318887.993, 104
Trd, 4318888.693, 105
Trd, 4318888.943, 104
Trd, 4318891.993, 104
Trd, 4318893.193, 108
Trd, 4318893.693, 107
Trd, 4318895.493, 108
Trd, 4318897.143, 107
Trd, 4318899.193, 106
Trd, 4318902.443, 107
Trd, 4318903.693, 104
Trd, 4318904.093, 105
Trd, 4318907.443, 104
Trd, 4318907.643, 104
Trd, 4318908.793, 104
Trd, 4318911.343, 103
Trd, 4318912.843, 102
Trd, 4318913.643, 101
Trd, 4318914.043, 102
Trd, 4318914.743, 100
Trd, 4318915.643, 102
Trd, 4318918.593, 105
Trd, 4318918.693, 94
Trd, 4318919.593, 103
Trd, 4318919.743, 103
Trd, 4318921.593, 102
Trd, 4318922.143, 104
Trd, 4318922.193, 102
Trd, 4318924.843, 102
Trd, 4318924.943, 112
Trd, 4318928.143, 103
Trd, 4318931.343, 100
Trd, 4318931.843, 100
Trd, 4318932.293, 104
Trd, 4318933.093, 104
Trd, 4318935.543, 102
Trd, 4318936.793, 103
Trd, 4318939.743, 102
Trd, 4318940.093, 101
Trd, 4318940.893, 102
Trd, 4318942.543, 101
Trd, 4318945.143, 101
Trd, 4318945.793, 101
Trd, 4318948.593, 100
Trd, 4318948.943, 101
Trd, 4318952.193, 101
Trd, 4318953.093, 100
Trd, 4318953.643, 102
Trd, 4318957.093, 102
Trd, 4318958.393, 100
Trd, 4318959.943, 99
Trd, 4318960.243, 99
Trd, 4318961.693, 100
Trd, 4318962.943, 98
Trd, 4318963.293, 100
Trd, 4318966.443, 97
Trd, 4318967.043, 96
Trd, 4318969.143, 110
Trd, 4318970.643, 104
Trd, 4318971.793, 108
Trd, 4318972.993, 107
Trd, 4318974.643, 106
Trd, 4318976.143, 106
Trd, 4318976.393, 105
Trd, 4318978.943, 104
Trd, 4318979.893, 104
Trd, 4318982.693, 103
Trd, 4318986.443, 103
Trd, 4318986.693, 104
Trd, 4318986.893, 104
Trd, 4318990.093, 103
Trd, 4318990.743, 104
Trd, 4318993.093, 103
Trd, 4318994.993, 103
Trd, 4318996.193, 104
Trd, 4318996.243, 102
Trd, 4318996.593, 104
Trd, 4318999.043, 104
Trd, 4319000.343, 112
Trd, 4319000.543, 111
Trd, 4319001.893, 112
Trd, 4319005.643, 109
Trd, 4319006.343, 104
Trd, 4319007.943, 108
Trd, 4319009.893, 106
Trd, 4319010.693, 106
Trd, 4319011.243, 106
Trd, 4319011.293, 107
Trd, 4319014.443, 107
Trd, 4319014.843, 107
Trd, 4319017.743, 107
Trd, 4319019.343, 106
Trd, 4319020.543, 107
Trd, 4319021.143, 104
Trd, 4319024.793, 107
Trd, 4319026.243, 107
Trd, 4319026.343, 105
Trd, 4319027.743, 104
Trd, 4319028.243, 104
Trd, 4319029.343, 96
Trd, 4319030.993, 102
Trd, 4319032.943, 99
Trd, 4319034.893, 102
Trd, 4319035.193, 104
Trd, 4319036.243, 105
Trd, 4319038.793, 106
Trd, 4319038.843, 104
Trd, 4319039.793, 107
Trd, 4319041.293, 105
Trd, 4319042.293, 99
Trd, 4319043.043, 97
Trd, 4319044.293, 97
Trd, 4319046.943, 96
Trd, 4319047.843, 98
Trd, 4319047.943, 95
Trd, 4319048.193, 107
Trd, 4319048.993, 96
Trd, 4319051.693, 102
Trd, 4319053.443, 95
Trd, 4319054.293, 99
Trd, 4319056.993, 99
Trd, 4319059.043, 98
Trd, 4319061.143, 97
Trd, 4319062.043, 96
Trd, 4319062.343, 94
Trd, 4319062.643, 98
Trd, 4319063.293, 87
Trd, 4319065.643, 103
Trd, 4319067.943, 103
Trd, 4319070.093, 106
Trd, 4319070.443, 103
Trd, 4319070.943, 103
Trd, 4319072.343, 102
Trd, 4319073.193, 111
Trd, 4319075.293, 93
Trd, 4319075.793, 83
Trd, 4319077.293, 96
Trd, 4319077.893, 95
Trd, 4319079.793, 93
Trd, 4319081.843, 105
Trd, 4319082.543, 104
Trd, 4319083.543, 105
Trd, 4319084.443, 106
Trd, 4319086.593, 105
Trd, 4319086.893, 104
Trd, 4319087.693, 104
Trd, 4319087.993, 104
Trd, 4319090.793, 103
Trd, 4319093.043, 103
Trd, 4319094.693, 104
Trd, 4319094.793, 103
Trd, 4319095.293, 104
Trd, 4319097.393, 101
Trd, 4319098.243, 101
Trd, 4319098.293, 94
Trd, 4319100.043, 95
Trd, 4319101.093, 89
Trd, 4319103.043, 89
Trd, 4319103.443, 90
Trd, 4319105.843, 104
Trd, 4319105.943, 103
Trd, 4319108.043, 101
Trd, 4319108.693, 103
Trd, 4319108.843, 85
Trd, 4319112.143, 99
Trd, 4319113.043, 97
Trd, 4319115.343, 102
Trd, 4319117.143, 101
Trd, 4319118.593, 107
Trd, 4319118.643, 104
Trd, 4319120.993, 104
Trd, 4319123.093, 103
Trd, 4319123.143, 103
Trd, 4319125.893, 105
Trd, 4319126.393, 102
Trd, 4319128.293, 104
Trd, 4319130.893, 103
Trd, 4319131.293, 102
Trd, 4319132.343, 102
Trd, 4319132.693, 105
Trd, 4319134.393, 103
Trd, 4319135.893, 104
Trd, 4319137.243, 104
Trd, 4319137.943, 103
Trd, 4319139.393, 102
Trd, 4319139.943, 100
Trd, 4319142.843, 96
Trd, 4319142.893, 101
Trd, 4319143.943, 102
Trd, 4319146.293, 111
Trd, 4319146.393, 102
Trd, 4319148.643, 104
Trd, 4319148.943, 104
Trd, 4319148.993, 113
Trd, 4319150.943, 103
Trd, 4319153.893, 102
Trd, 4319154.443, 104
Trd, 4319155.843, 104
Trd, 4319156.543, 103
Trd, 4319158.643, 102
Trd, 4319160.143, 104
Trd, 4319162.543, 101
Trd, 4319163.043, 94
Trd, 4319163.393, 100
Trd, 4319166.893, 97
Trd, 4319167.493, 101
Trd, 4319171.793, 102
Trd, 4319171.943, 104
Trd, 4319172.943, 104
Trd, 4319174.393, 102
Trd, 4319174.443, 104
Trd, 4319176.093, 104
Trd, 4319176.943, 103
Trd, 4319178.793, 102
Trd, 4319180.393, 99
Trd, 4319180.793, 99
Trd, 4319182.693, 100
Trd, 4319183.343, 96
Trd, 4319184.993, 98
Trd, 4319186.343, 97
Trd, 4319188.193, 99
Trd, 4319188.243, 114
Trd, 4319188.593, 94
Trd, 4319192.043, 99
Trd, 4319192.343, 98
Trd, 4319194.193, 101
Trd, 4319194.693, 105
Trd, 4319195.243, 104
Trd, 4319197.343, 103
Trd, 4319199.043, 104
Trd, 4319199.793, 95
Trd, 4319200.993, 101
Trd, 4319204.643, 104
Trd, 4319206.393, 103
Trd, 4319207.393, 103
Trd, 4319209.043, 103
Trd, 4319209.343, 102
Trd, 4319209.693, 103
Trd, 4319212.193, 101
Trd, 4319212.743, 104
Trd, 4319215.243, 104
Trd, 4319215.793, 104
Trd, 4319217.343, 103
Trd, 4319218.543, 102
Trd, 4319218.993, 104
Trd, 4319219.493, 102
Trd, 4319221.993, 103
Trd, 4319223.943, 101
Trd, 4319224.993, 104
Trd, 4319227.893, 102
Trd, 4319228.093, 96
Trd, 4319228.693, 100
Trd, 4319230.943, 97
Trd, 4319233.843, 97
Trd, 4319234.093, 98
Trd, 4319235.643, 96
Trd, 4319238.393, 103
Trd, 4319238.743, 104
Trd, 4319240.793, 101
Trd, 4319243.443, 99
Trd, 4319243.593, 102
Trd, 4319244.093, 103
Trd, 4319245.743, 100
Trd, 4319246.343, 99
Trd, 4319248.893, 99
Trd, 4319249.193, 98
Trd, 4319249.243, 98
Trd, 4319251.793, 102
Trd, 4319253.893, 103
Trd, 4319254.193, 97
Trd, 4319256.593, 101
Trd, 4319257.893, 101
Trd, 4319257.993, 100
Trd, 4319259.493, 100
Trd, 4319262.043, 102
Trd, 4319264.593, 100
Trd, 4319265.543, 99
Trd, 4319265.993, 100
Trd, 4319266.543, 100
Trd, 4319269.943, 99
Trd, 4319271.443, 98
Trd, 4319271.543, 94
Trd, 4319271.793, 104
Trd, 4319274.043, 97
Trd, 4319274.193, 100
Trd, 4319275.343, 101
Trd, 4319279.993, 97
Trd, 4319280.993, 101
Trd, 4319281.643, 101
Trd, 4319284.393, 98
Trd, 4319284.643, 100
Trd, 4319286.893, 98
Trd, 4319287.493, 97
Trd, 4319288.843, 99
Trd, 4319291.043, 102
Trd, 4319291.943, 101
Trd, 4319293.293, 105
Trd, 4319295.643, 105
Trd, 4319295.843, 104
Trd, 4319296.893, 102
Trd, 4319298.993, 104
Trd, 4319300.193, 106
Trd, 4319300.393, 105
Trd, 4319303.643, 106
Trd, 4319306.543, 104
Trd, 4319306.843, 104
Trd, 4319307.843, 114
Trd, 4319308.443, 105
Trd, 4319309.493, 103
Trd, 4319311.993, 106
Trd, 4319313.043, 107
Trd, 4319313.243, 106
Trd, 4319314.493, 105
Trd, 4319316.493, 104
Trd, 4319316.593, 104
Trd, 4319316.643, 94
Trd, 4319318.793, 101
Trd, 4319320.343, 97
Trd, 4319321.793, 98
Trd, 4319323.343, 97
Trd, 4319323.493, 96
Trd, 4319326.543, 97
Trd, 4319326.843, 84
Trd, 4319327.243, 104
Trd, 4319329.043, 95
Trd, 4319332.843, 99
Trd, 4319332.943, 99
Trd, 4319334.093, 97
Trd, 4319335.193, 96
Trd, 4319337.493, 96
Trd, 4319338.293, 96
Trd, 4319339.743, 97
Trd, 4319341.443, 97
Trd, 4319341.843, 102
Trd, 4319343.843, 103
Trd, 4319346.543, 102
Trd, 4319346.993, 102
Trd, 4319348.493, 102
Trd, 4319350.143, 103
Trd, 4319350.793, 106
Trd, 4319352.843, 105
Trd, 4319353.543, 104
Trd, 4319355.993, 105
Trd, 4319356.043, 104
Trd, 4319357.243, 104
Trd, 4319357.443, 105
Trd, 4319358.143, 93
Trd, 4319360.143, 103
Trd, 4319360.243, 102
Trd, 4319360.943, 102
Trd, 4319361.943, 103
Trd, 4319366.893, 102
Trd, 4319367.143, 101
Trd, 4319368.843, 100
Trd, 4319369.993, 97
Trd, 4319370.393, 100
Trd, 4319372.293, 96
Trd, 4319373.443, 95
Trd, 4319373.993, 96
Trd, 4319374.893, 95
Trd, 4319376.193, 94
Trd, 4319379.593, 96
Trd, 4319380.093, 97
Trd, 4319381.543, 100
Trd, 4319383.443, 104
Trd, 4319383.693, 93
Trd, 4319385.543, 101
Trd, 4319386.693, 103
Trd, 4319387.143, 104
Trd, 4319387.993, 103
Trd, 4319388.543, 103
Trd, 4319391.543, 104
Trd, 4319393.543, 96
Trd, 4319393.693, 106
Trd, 4319394.243, 102
Trd, 4319397.243, 103
Trd, 4319399.293, 103
Trd, 4319399.893, 102
Trd, 4319400.193, 101
Trd, 4319401.143, 103
Trd, 4319402.593, 104
Trd, 4319404.093, 103
Trd, 4319404.143, 104
Trd, 4319406.243, 102
Trd, 4319408.543, 104
Trd, 4319408.693, 103
Trd, 4319409.793, 100
Trd, 4319411.793, 104
Trd, 4319412.543, 104
Trd, 4319412.993, 104
Trd, 4319416.893, 105
Trd, 4319417.893, 104
Trd, 4319419.793, 105
Trd, 4319421.643, 104
Trd, 4319422.543, 105
Trd, 4319423.843, 104
Trd, 4319426.243, 105
Trd, 4319427.343, 103
Trd, 4319429.043, 103
Trd, 4319431.443, 100
Trd, 4319431.593, 102
Trd, 4319433.643, 103
Trd, 4319433.843, 104
Trd, 4319434.643, 101
Trd, 4319435.793, 102
Trd, 4319436.043, 100
Trd, 4319438.693, 97
Trd, 4319438.843, 98
Trd, 4319441.843, 98
Trd, 4319442.043, 98
Trd, 4319444.193, 99
Trd, 4319446.693, 100
Trd, 4319447.243, 103
Trd, 4319447.443, 99
Trd, 4319449.693, 101
Trd, 4319452.143, 99
Trd, 4319453.193, 101
Trd, 4319454.793, 99
Trd, 4319455.143, 100
Trd, 4319456.243, 94
Trd, 4319456.643, 107
Trd, 4319458.293, 98
Trd, 4319460.643, 99
Trd, 4319462.693, 100
Trd, 4319464.493, 104
Trd, 4319465.543, 101
Trd, 4319465.943, 102
Trd, 4319467.893, 103
Trd, 4319469.243, 102
Trd, 4319471.493, 94
Trd, 4319473.393, 103
Trd, 4319475.143, 104
Trd, 4319476.293, 103
Trd, 4319479.693, 104
Trd, 4319480.243, 103
Trd, 4319482.443, 101
Trd, 4319484.093, 101
Trd, 4319484.793, 102
Trd, 4319486.343, 101
Trd, 4319488.693, 101
Trd, 4319491.293, 104
Trd, 4319494.643, 101
Trd, 4319495.993, 100
Trd, 4319496.943, 103
Trd, 4319497.693, 104
Trd, 4319498.593, 105
Trd, 4319499.143, 105
Trd, 4319501.243, 104
Trd, 4319503.093, 100
Trd, 4319505.093, 100
Trd, 4319505.893, 97
Trd, 4319508.993, 104
Trd, 4319509.693, 113
Trd, 4319510.343, 108
Trd, 4319511.193, 104
Trd, 4319511.743, 104
Trd, 4319512.143, 94
Trd, 4319513.543, 104
Trd, 4319517.343, 101
Trd, 4319517.393, 104
Trd, 4319518.843, 101
Trd, 4319521.293, 102
Trd, 4319521.643, 103
Trd, 4319522.243, 102
Trd, 4319522.393, 105
Trd, 4319522.843, 101
Trd, 4319525.743, 104
Trd, 4319526.243, 104
Trd, 4319527.993, 104
Trd, 4319530.543, 103
Trd, 4319530.743, 102
Trd, 4319532.493, 104
Trd, 4319535.843, 104
Trd, 4319536.193, 104
Trd, 4319536.443, 101
Trd, 4319539.343, 103
Trd, 4319541.093, 103
Trd, 4319541.743, 101
Trd, 4319542.493, 103
Trd, 4319543.143, 104
Trd, 4319543.343, 101
Trd, 4319547.043, 104
Trd, 4319550.793, 103
Trd, 4319553.143, 102
Trd, 4319553.293, 101
Trd, 4319553.593, 102
Trd, 4319556.743, 101
Trd, 4319557.993, 100
Trd, 4319559.493, 102
Trd, 4319561.093, 103
Trd, 4319562.293, 113
Trd, 4319566.993, 103
Trd, 4319567.243, 104
Trd, 4319567.693, 102
Trd, 4319568.243, 103
Trd, 4319570.293, 103
Trd, 4319571.293, 103
Trd, 4319572.793, 114
Trd, 4319573.543, 94
Trd, 4319574.543, 86
Trd, 4319576.943, 100
Trd, 4319581.943, 100
Trd, 4319582.243, 99
Trd, 4319582.693, 104
Trd, 4319583.543, 104
Trd, 4319583.793, 98
Trd, 4319587.243, 104
Trd, 4319588.193, 102
Trd, 4319591.393, 106
Trd, 4319592.543, 105
Trd, 4319593.043, 104
Trd, 4319594.193, 94
Trd, 4319598.393, 104
Trd, 4319600.493, 103
Trd, 4319601.643, 102
Trd, 4319602.043, 101
Trd, 4319603.343, 100
Trd, 4319604.743, 99
Trd, 4319607.443, 98
Trd, 4319608.493, 93
Trd, 4319608.593, 98
Trd, 4319610.493, 94
Trd, 4319611.243, 96
Trd, 4319613.843, 96
Trd, 4319615.243, 95
Trd, 4319615.943, 96
Trd, 4319616.693, 105
Trd, 4319617.943, 104
Trd, 4319618.393, 105
Trd, 4319619.643, 104
Trd, 4319622.193, 104
Trd, 4319624.143, 105
Trd, 4319624.943, 105
Trd, 4319626.893, 104
Trd, 4319627.943, 105
Trd, 4319629.243, 104
Trd, 4319629.743, 104
Trd, 4319630.343, 105
Trd, 4319631.693, 104
Trd, 4319631.743, 106
Trd, 4319634.743, 104
Trd, 4319634.843, 105
Trd, 4319635.743, 103
Trd, 4319639.043, 104
Trd, 4319639.743, 105
Trd, 4319643.443, 103
Trd, 4319645.993, 102
Trd, 4319646.143, 103
Trd, 4319648.193, 102
Trd, 4319648.743, 101
Trd, 4319651.593, 96
Trd, 4319652.893, 100
Trd, 4319653.993, 103
Trd, 4319655.693, 102
Trd, 4319656.293, 100
Trd, 4319657.243, 100
Trd, 4319659.343, 103
Trd, 4319659.893, 101
Trd, 4319659.943, 101
Trd, 4319662.493, 111
Trd, 4319663.093, 110
Trd, 4319664.143, 104
Trd, 4319666.493, 107
Trd, 4319666.743, 106
Trd, 4319666.993, 104
Trd, 4319669.493, 104
Trd, 4319669.943, 104
Trd, 4319671.193, 103
Trd, 4319673.243, 104
Trd, 4319674.693, 103
Trd, 4319676.893, 104
Trd, 4319676.943, 106
Trd, 4319679.493, 110
Trd, 4319679.693, 109
Trd, 4319680.793, 106
Trd, 4319682.093, 106
Trd, 4319683.843, 106
Trd, 4319684.993, 105
Trd, 4319688.243, 104
Trd, 4319688.543, 104
Trd, 4319689.693, 104
Trd, 4319690.993, 104
Trd, 4319691.143, 94
Trd, 4319693.043, 103
Trd, 4319694.743, 101
Trd, 4319697.193, 102
Trd, 4319699.193, 101
Trd, 4319701.743, 104
Trd, 4319703.693, 104
Trd, 4319705.543, 103
Trd, 4319707.143, 104
Trd, 4319707.893, 106
Trd, 4319709.693, 109
Trd, 4319711.393, 109
Trd, 4319711.443, 108
Trd, 4319712.743, 107
Trd, 4319715.493, 104
Trd, 4319715.543, 105
Trd, 4319717.243, 101
Trd, 4319719.693, 101
Trd, 4319720.143, 99
Trd, 4319720.843, 103
Trd, 4319723.543, 102
Trd, 4319725.843, 98
Trd, 4319726.443, 101
Trd, 4319726.693, 100
Trd, 4319727.343, 101
Trd, 4319728.993, 100
Trd, 4319729.093, 94
Trd, 4319731.293, 93
Trd, 4319733.743, 104
Trd, 4319735.043, 101
Trd, 4319736.593, 97
Trd, 4319737.643, 97
Trd, 4319737.793, 96
Trd, 4319739.243, 96
Trd, 4319740.493, 96
Trd, 4319740.893, 95
Trd, 4319743.593, 95
Trd, 4319744.543, 95
Trd, 4319745.543, 96
Trd, 4319745.793, 94
Trd, 4319747.193, 95
Trd, 4319747.493, 94
Trd, 4319748.893, 96
Trd, 4319753.593, 105
Trd, 4319754.393, 104
Trd, 4319754.443, 104
Trd, 4319755.193, 103
Trd, 4319757.843, 102
Trd, 4319758.943, 100
Trd, 4319759.343, 103
Trd, 4319761.393, 103
Trd, 4319762.693, 104
Trd, 4319765.243, 94
Trd, 4319768.193, 98
Trd, 4319768.643, 100
Trd, 4319769.893, 104
Trd, 4319770.543, 101
Trd, 4319772.393, 101
Trd, 4319773.743, 102
Trd, 4319776.193, 100
Trd, 4319777.893, 100
Trd, 4319777.943, 102
Trd, 4319779.793, 103
Trd, 4319780.493, 99
Trd, 4319781.843, 104
Trd, 4319788.043, 100
Trd, 4319788.293, 98
Trd, 4319790.143, 100
Trd, 4319790.243, 98
Trd, 4319791.993, 104
Trd, 4319793.493, 100
Trd, 4319794.893, 100
Trd, 4319796.543, 94
Trd, 4319797.793, 101
Trd, 4319799.393, 101
Trd, 4319799.993, 97
Trd, 4319800.393, 99
Trd, 4319803.943, 96
Trd, 4319804.543, 98
Trd, 4319804.593, 98
Trd, 4319806.593, 103
Trd, 4319809.443, 106
Trd, 4319811.343, 105
Trd, 4319812.193, 104
Trd, 4319814.493, 104
Trd, 4319814.543, 102
Trd, 4319815.893, 100
Trd, 4319815.943, 102
Trd, 4319819.293, 97
Trd, 4319819.543, 99
Trd, 4319822.993, 87
Trd, 4319824.943, 92
Trd, 4319826.293, 95
Trd, 4319828.093, 95
Trd, 4319830.043, 104
Trd, 4319830.593, 97
Trd, 4319831.993, 99
Trd, 4319833.943, 99
Trd, 4319834.193, 98
Trd, 4319837.093, 102
Trd, 4319838.343, 101
Trd, 4319839.043, 100
Trd, 4319842.093, 101
Trd, 4319842.943, 100
Trd, 4319844.393, 101
Trd, 4319845.243, 101
Trd, 4319846.093, 102
Trd, 4319847.293, 101
Trd, 4319849.393, 101
Trd, 4319852.493, 102
Trd, 4319852.993, 100
Trd, 4319854.743, 99
Trd, 4319855.043, 102
Trd, 4319858.593, 101
Trd, 4319858.793, 101
Trd, 4319862.043, 98
Trd, 4319863.143, 97
Trd, 4319865.293, 96
Trd, 4319865.993, 96
Trd, 4319867.893, 94
Trd, 4319869.243, 96
Trd, 4319872.493, 97
Trd, 4319872.743, 97
Trd, 4319873.143, 97
Trd, 4319875.743, 104
Trd, 4319876.393, 98
Trd, 4319877.493, 99
Trd, 4319879.043, 98
Trd, 4319879.543, 98
Trd, 4319880.643, 98
Trd, 4319882.693, 99
Trd, 4319884.743, 102
Trd, 4319885.293, 102
Trd, 4319887.093, 105
Trd, 4319887.543, 113
Trd, 4319889.393, 104
Trd, 4319889.493, 103
Trd, 4319890.443, 107
Trd, 4319892.293, 104
Trd, 4319894.193, 106
Trd, 4319895.393, 106
Trd, 4319896.693, 105
Trd, 4319898.343, 105
Trd, 4319899.693, 104
Trd, 4319899.893, 105
Trd, 4319901.143, 104
Trd, 4319901.293, 85
Trd, 4319903.643, 105
Trd, 4319904.993, 106
Trd, 4319906.393, 106
Trd, 4319907.743, 106
Trd, 4319908.293, 105
Trd, 4319908.993, 104
Trd, 4319911.693, 99
Trd, 4319913.493, 94
Trd, 4319913.593, 98
Trd, 4319915.993, 97
Trd, 4319917.193, 96
Trd, 4319918.343, 97
Trd, 4319921.393, 103
Trd, 4319921.743, 105
Trd, 4319923.693, 105
Trd, 4319924.293, 104
Trd, 4319925.543, 103
Trd, 4319927.093, 103
Trd, 4319927.143, 104
Trd, 4319928.693, 102
Trd, 4319930.343, 105
Trd, 4319931.993, 105
Trd, 4319932.593, 106
Trd, 4319934.793, 122
Trd, 4319936.393, 112
Trd, 4319937.143, 109
Trd, 4319937.393, 110
Trd, 4319938.193, 110
Trd, 4319940.593, 109
Trd, 4319941.093, 113
Trd, 4319941.893, 108
Trd, 4319942.793, 103
Trd, 4319944.493, 106
Trd, 4319944.943, 106
Trd, 4319946.493, 106
Trd, 4319946.743, 105
Trd, 4319949.543, 104
Trd, 4319950.093, 104
Trd, 4319952.143, 105
Trd, 4319952.993, 97
Trd, 4319953.993, 85
Trd, 4319955.343, 101
Trd, 4319957.543, 99
Trd, 4319958.493, 101
Trd, 4319960.793, 98
Trd, 4319961.143, 100
Trd, 4319963.043, 98
Trd, 4319964.493, 98
Trd, 4319965.393, 99
Trd, 4319968.593, 110
Trd, 4319968.643, 101
Trd, 4319969.743, 102
Trd, 4319970.693, 104
Trd, 4319970.993, 102
Trd, 4319972.043, 103
Trd, 4319975.693, 102
Trd, 4319977.543, 102
Trd, 4319979.343, 103
Trd, 4319980.293, 104
Trd, 4319980.843, 105
Trd, 4319984.443, 103
Trd, 4319985.693, 104
Trd, 4319985.743, 103
Trd, 4319990.043, 101
Trd, 4319990.493, 94
Trd, 4319992.343, 96
Trd, 4319994.843, 95
Trd, 4319994.893, 94
Trd, 4319995.493, 97
Trd, 4319999.493, 95
Trd, 4319999.793, 96
