Trd, 4317965.393, 94
Trd, 4317965.843, 99
Trd, 4317965.993, 92
Trd, 4317966.693, 104
Trd, 4317967.243, 122
Trd, 4317968.693, 97
Trd, 4317971.043, 94
Trd, 4317971.543, 102
Trd, 4317972.343, 104
Trd, 4317972.393, 114
Trd, 4317972.793, 123
Trd, 4317973.993, 93
Trd, 4317975.443, 92
Trd, 4317976.343, 88
Trd, 4317976.493, 89
Trd, 4317979.093, 99
Trd, 4317979.243, 124
Trd, 4317979.393, 76
Trd, 4317980.493, 90
Trd, 4317981.793, 115
Trd, 4317982.093, 93
Trd, 4317983.943, 83
Trd, 4317984.843, 103
Trd, 4317986.993, 94
Trd, 4317987.593, 93
Trd, 4317988.793, 101
Trd, 4317989.093, 101
Trd, 4317989.893, 103
Trd, 4317992.593, 102
Trd, 4317992.793, 96
Trd, 4317992.943, 95
Trd, 4317994.043, 83
Trd, 4317994.343, 104
Trd, 4317994.443, 113
Trd, 4317997.393, 96
Trd, 4318000.293, 96
Trd, 4318000.343, 102
Trd, 4318000.693, 104
Trd, 4318002.893, 95
Trd, 4318003.293, 101
Trd, 4318004.243, 82
Trd, 4318004.693, 79
Trd, 4318005.393, 91
Trd, 4318006.493, 96
Trd, 4318007.593, 91
Trd, 4318008.593, 90
Trd, 4318008.793, 89
Trd, 4318010.543, 94
Trd, 4318011.093, 96
Trd, 4318011.543, 104
Trd, 4318011.993, 89
Trd, 4318014.493, 88
Trd, 4318015.643, 94
Trd, 4318016.693, 88
Trd, 4318016.793, 88
Trd, 4318017.043, 95
Trd, 4318017.493, 104
Trd, 4318021.043, 87
Trd, 4318021.893, 87
Trd, 4318022.593, 85
Trd, 4318022.793, 94
Trd, 4318023.593, 95
Trd, 4318023.643, 85
Trd, 4318024.243, 104
Trd, 4318024.943, 85
Trd, 4318027.493, 85
Trd, 4318030.293, 86
Trd, 4318030.343, 95
Trd, 4318030.893, 85
Trd, 4318031.843, 102
Trd, 4318032.693, 100
Trd, 4318033.793, 110
Trd, 4318034.193, 96
Trd, 4318035.543, 95
Trd, 4318037.343, 98
Trd, 4318038.443, 92
Trd, 4318038.543, 98
Trd, 4318038.793, 89
Trd, 4318039.243, 104
Trd, 4318042.293, 92
Trd, 4318042.443, 92
Trd, 4318047.143, 93
Trd, 4318047.243, 99
Trd, 4318048.943, 92
Trd, 4318049.693, 97
Trd, 4318049.893, 92
Trd, 4318050.643, 97
Trd, 4318051.593, 91
Trd, 4318052.193, 112
Trd, 4318053.493, 125
Trd, 4318054.143, 91
Trd, 4318054.393, 95
Trd, 4318054.893, 79
Trd, 4318055.193, 114
Trd, 4318058.443, 98
Trd, 4318060.893, 91
Trd, 4318061.843, 90
Trd, 4318062.193, 97
Trd, 4318063.093, 81
Trd, 4318063.193, 95
Trd, 4318063.393, 79
Trd, 4318067.143, 98
Trd, 4318067.493, 93
Trd, 4318067.593, 109
Trd, 4318068.693, 109
Trd, 4318069.443, 95
Trd, 4318069.793, 92
Trd, 4318070.793, 113
Trd, 4318072.593, 95
Trd, 4318072.693, 92
Trd, 4318073.993, 99
Trd, 4318074.293, 81
Trd, 4318075.193, 91
Trd, 4318076.743, 100
Trd, 4318076.843, 102
Trd, 4318078.693, 93
Trd, 4318078.893, 92
Trd, 4318079.543, 92
Trd, 4318081.243, 127
Trd, 4318083.543, 101
Trd, 4318083.843, 101
Trd, 4318083.993, 95
Trd, 4318084.093, 104
Trd, 4318084.193, 93
Trd, 4318084.893, 80
Trd, 4318089.793, 99
Trd, 4318089.843, 91
Trd, 4318091.343, 91
Trd, 4318091.393, 99
Trd, 4318091.893, 90
Trd, 4318094.043, 93
Trd, 4318094.293, 99
Trd, 4318095.393, 92
Trd, 4318097.093, 92
Trd, 4318097.743, 97
Trd, 4318097.843, 98
Trd, 4318099.343, 91
Trd, 4318099.393, 113
Trd, 4318099.843, 85
Trd, 4318101.943, 102
Trd, 4318103.093, 94
Trd, 4318107.193, 94
Trd, 4318107.343, 102
Trd, 4318107.443, 102
Trd, 4318107.743, 94
Trd, 4318108.343, 104
Trd, 4318109.943, 93
Trd, 4318110.943, 79
Trd, 4318112.343, 127
Trd, 4318112.593, 131
Trd, 4318113.543, 95
Trd, 4318114.443, 97
Trd, 4318115.293, 113
Trd, 4318116.343, 94
Trd, 4318116.793, 107
Trd, 4318118.743, 104
Trd, 4318118.993, 97
Trd, 4318119.393, 96
Trd, 4318119.843, 93
Trd, 4318119.893, 106
Trd, 4318121.843, 79
Trd, 4318124.143, 100
Trd, 4318124.193, 93
Trd, 4318125.643, 103
Trd, 4318127.293, 100
Trd, 4318127.643, 93
Trd, 4318128.593, 111
Trd, 4318130.043, 97
Trd, 4318130.193, 113
Trd, 4318130.293, 81
Trd, 4318133.693, 95
Trd, 4318133.893, 94
Trd, 4318134.343, 101
Trd, 4318135.993, 101
Trd, 4318136.043, 94
Trd, 4318137.443, 113
Trd, 4318138.043, 130
Trd, 4318139.593, 104
Trd, 4318139.893, 109
Trd, 4318140.793, 101
Trd, 4318141.093, 100
Trd, 4318142.093, 110
Trd, 4318143.243, 80
Trd, 4318144.943, 103
Trd, 4318145.243, 106
Trd, 4318145.293, 98
Trd, 4318146.243, 78
Trd, 4318147.893, 106
Trd, 4318150.893, 102
Trd, 4318151.143, 106
Trd, 4318151.243, 102
Trd, 4318151.543, 102
Trd, 4318154.693, 102
Trd, 4318155.093, 100
Trd, 4318155.643, 93
Trd, 4318157.493, 92
Trd, 4318159.343, 107
Trd, 4318159.393, 99
Trd, 4318161.893, 100
Trd, 4318163.243, 100
Trd, 4318163.493, 98
Trd, 4318164.443, 97
Trd, 4318164.643, 95
Trd, 4318166.543, 99
Trd, 4318166.943, 96
Trd, 4318167.193, 104
Trd, 4318167.243, 113
Trd, 4318168.193, 95
Trd, 4318169.543, 85
Trd, 4318169.993, 113
Trd, 4318170.643, 129
Trd, 4318171.293, 94
Trd, 4318171.643, 93
Trd, 4318172.143, 76
Trd, 4318175.993, 91
Trd, 4318178.943, 101
Trd, 4318180.293, 92
Trd, 4318180.543, 92
Trd, 4318180.743, 101
Trd, 4318182.543, 101
Trd, 4318182.643, 104
Trd, 4318182.793, 77
Trd, 4318184.043, 77
Trd, 4318184.343, 82
Trd, 4318186.043, 90
Trd, 4318186.743, 113
Trd, 4318186.793, 115
Trd, 4318188.943, 91
Trd, 4318190.993, 89
Trd, 4318191.143, 89
Trd, 4318191.543, 84
Trd, 4318192.093, 88
Trd, 4318192.793, 94
Trd, 4318193.993, 95
Trd, 4318195.743, 93
Trd, 4318197.393, 95
Trd, 4318197.443, 104
Trd, 4318197.743, 92
Trd, 4318198.743, 91
Trd, 4318199.043, 113
Trd, 4318200.443, 91
Trd, 4318201.493, 113
Trd, 4318203.293, 90
Trd, 4318203.593, 102
Trd, 4318204.643, 99
Trd, 4318206.093, 98
Trd, 4318207.093, 91
Trd, 4318207.843, 90
Trd, 4318208.543, 89
Trd, 4318208.843, 98
Trd, 4318210.343, 85
Trd, 4318212.193, 93
Trd, 4318212.593, 91
Trd, 4318213.993, 98
Trd, 4318215.593, 112
Trd, 4318216.043, 90
Trd, 4318218.043, 111
Trd, 4318218.343, 97
Trd, 4318219.743, 104
Trd, 4318220.693, 94
Trd, 4318221.543, 99
Trd, 4318222.193, 109
Trd, 4318222.593, 99
Trd, 4318222.943, 112
Trd, 4318223.543, 98
Trd, 4318224.293, 84
Trd, 4318225.493, 106
Trd, 4318227.893, 91
Trd, 4318228.943, 97
Trd, 4318230.193, 97
Trd, 4318230.643, 109
Trd, 4318231.293, 110
Trd, 4318234.843, 108
Trd, 4318235.493, 112
Trd, 4318235.743, 103
Trd, 4318236.193, 99
Trd, 4318236.693, 94
Trd, 4318237.343, 83
Trd, 4318239.393, 110
Trd, 4318240.243, 95
Trd, 4318241.393, 109
Trd, 4318241.693, 97
Trd, 4318242.293, 82
Trd, 4318244.393, 103
Trd, 4318244.743, 103
Trd, 4318246.243, 94
Trd, 4318248.993, 94
Trd, 4318249.493, 100
Trd, 4318250.493, 94
Trd, 4318251.343, 112
Trd, 4318251.543, 94
Trd, 4318252.993, 103
Trd, 4318253.493, 98
Trd, 4318254.293, 98
Trd, 4318255.193, 102
Trd, 4318257.643, 101
Trd, 4318259.543, 93
Trd, 4318260.543, 81
Trd, 4318260.593, 92
Trd, 4318261.093, 77
Trd, 4318262.793, 93
Trd, 4318263.093, 95
Trd, 4318264.043, 77
Trd, 4318265.243, 95
Trd, 4318267.593, 102
Trd, 4318268.843, 93
Trd, 4318269.143, 92
Trd, 4318269.743, 111
Trd, 4318271.293, 112
Trd, 4318272.293, 102
Trd, 4318272.943, 110
Trd, 4318274.693, 94
Trd, 4318276.193, 94
Trd, 4318277.293, 97
Trd, 4318278.593, 94
Trd, 4318278.993, 104
Trd, 4318280.193, 126
Trd, 4318282.243, 98
Trd, 4318282.293, 94
Trd, 4318283.443, 104
Trd, 4318283.543, 93
Trd, 4318284.293, 82
Trd, 4318285.743, 93
Trd, 4318287.143, 102
Trd, 4318287.393, 104
Trd, 4318287.643, 94
Trd, 4318288.143, 92
Trd, 4318288.843, 80
Trd, 4318291.343, 100
Trd, 4318291.543, 113
Trd, 4318291.793, 126
Trd, 4318292.843, 98
Trd, 4318295.043, 97
Trd, 4318295.293, 104
Trd, 4318296.593, 87
Trd, 4318297.343, 94
Trd, 4318297.643, 96
Trd, 4318299.443, 113
Trd, 4318300.093, 97
Trd, 4318300.543, 102
Trd, 4318301.743, 84
Trd, 4318302.493, 129
Trd, 4318302.693, 104
Trd, 4318305.993, 94
Trd, 4318306.443, 98
Trd, 4318306.493, 100
Trd, 4318307.493, 113
Trd, 4318308.993, 101
Trd, 4318309.543, 102
Trd, 4318309.693, 113
Trd, 4318309.943, 93
Trd, 4318310.343, 129
Trd, 4318312.493, 100
Trd, 4318314.143, 99
Trd, 4318314.193, 106
Trd, 4318314.743, 92
Trd, 4318315.843, 99
Trd, 4318316.543, 82
Trd, 4318318.443, 97
Trd, 4318318.893, 103
Trd, 4318320.443, 97
Trd, 4318321.793, 113
Trd, 4318322.593, 96
Trd, 4318324.143, 123
Trd, 4318325.343, 96
Trd, 4318325.493, 122
Trd, 4318327.193, 116
Trd, 4318327.293, 95
Trd, 4318328.243, 108
Trd, 4318330.343, 94
Trd, 4318330.793, 95
Trd, 4318331.093, 98
Trd, 4318331.143, 94
Trd, 4318331.793, 104
Trd, 4318334.243, 92
Trd, 4318334.293, 81
Trd, 4318335.893, 95
Trd, 4318336.493, 93
Trd, 4318338.143, 92
Trd, 4318339.043, 92
Trd, 4318339.193, 95
Trd, 4318340.093, 104
Trd, 4318340.693, 91
Trd, 4318342.743, 93
Trd, 4318343.293, 96
Trd, 4318345.943, 103
Trd, 4318346.643, 104
Trd, 4318347.643, 92
Trd, 4318347.693, 92
Trd, 4318348.043, 85
Trd, 4318348.793, 93
Trd, 4318349.693, 92
Trd, 4318352.143, 99
Trd, 4318353.243, 102
Trd, 4318353.643, 91
Trd, 4318354.043, 103
Trd, 4318355.543, 99
Trd, 4318356.743, 98
Trd, 4318357.693, 99
Trd, 4318357.943, 94
Trd, 4318358.843, 104
Trd, 4318359.343, 93
Trd, 4318360.143, 102
Trd, 4318361.793, 108
Trd, 4318363.043, 96
Trd, 4318365.193, 102
Trd, 4318365.743, 92
Trd, 4318366.043, 95
Trd, 4318366.943, 98
Trd, 4318367.593, 104
Trd, 4318369.543, 103
Trd, 4318371.193, 103
Trd, 4318372.793, 96
Trd, 4318373.193, 95
Trd, 4318373.893, 94
Trd, 4318374.193, 101
Trd, 4318374.693, 99
Trd, 4318377.693, 107
Trd, 4318377.743, 97
Trd, 4318378.993, 96
Trd, 4318380.843, 93
Trd, 4318382.493, 95
Trd, 4318383.193, 95
Trd, 4318383.243, 85
Trd, 4318384.243, 104
Trd, 4318385.393, 97
Trd, 4318386.093, 97
Trd, 4318386.543, 109
Trd, 4318387.043, 94
Trd, 4318388.843, 106
Trd, 4318391.543, 103
Trd, 4318392.243, 104
Trd, 4318392.443, 96
Trd, 4318392.693, 113
Trd, 4318395.043, 97
Trd, 4318396.643, 101
Trd, 4318397.093, 96
Trd, 4318397.643, 102
Trd, 4318398.693, 102
Trd, 4318399.343, 97
Trd, 4318400.193, 110
Trd, 4318402.143, 96
Trd, 4318402.193, 94
Trd, 4318403.993, 95
Trd, 4318404.143, 104
Trd, 4318405.543, 83
Trd, 4318406.793, 104
Trd, 4318407.293, 79
Trd, 4318407.643, 113
Trd, 4318409.693, 98
Trd, 4318413.043, 94
Trd, 4318413.943, 102
Trd, 4318413.993, 104
Trd, 4318414.293, 93
Trd, 4318415.093, 101
Trd, 4318415.243, 79
Trd, 4318415.793, 93
Trd, 4318416.493, 101
Trd, 4318420.243, 107
Trd, 4318420.793, 92
Trd, 4318420.993, 113
Trd, 4318421.793, 97
Trd, 4318423.893, 103
Trd, 4318425.293, 102
Trd, 4318426.143, 98
Trd, 4318427.243, 103
Trd, 4318427.543, 97
Trd, 4318428.693, 94
Trd, 4318430.443, 102
Trd, 4318430.843, 98
Trd, 4318431.843, 77
Trd, 4318432.043, 101
Trd, 4318432.943, 111
Trd, 4318433.393, 87
Trd, 4318434.343, 113
Trd, 4318436.043, 103
Trd, 4318436.093, 93
Trd, 4318436.843, 105
Trd, 4318437.293, 98
Trd, 4318440.543, 97
Trd, 4318440.943, 96
Trd, 4318441.543, 109
Trd, 4318442.143, 113
Trd, 4318443.643, 96
Trd, 4318444.393, 96
Trd, 4318445.693, 94
Trd, 4318446.093, 103
Trd, 4318446.143, 104
Trd, 4318446.443, 113
Trd, 4318447.793, 96
Trd, 4318449.543, 104
Trd, 4318452.893, 93
Trd, 4318452.943, 102
Trd, 4318453.893, 100
Trd, 4318454.893, 102
Trd, 4318455.543, 99
Trd, 4318457.543, 98
Trd, 4318458.293, 94
Trd, 4318458.693, 99
Trd, 4318459.543, 97
Trd, 4318460.193, 104
Trd, 4318461.193, 100
Trd, 4318461.593, 85
Trd, 4318462.393, 123
Trd, 4318462.543, 96
Trd, 4318465.143, 93
Trd, 4318468.093, 103
Trd, 4318468.693, 97
Trd, 4318469.093, 102
Trd, 4318469.893, 96
Trd, 4318470.543, 83
Trd, 4318470.943, 79
Trd, 4318471.693, 101
Trd, 4318474.793, 98
Trd, 4318475.743, 92
Trd, 4318476.993, 79
Trd, 4318477.043, 76
Trd, 4318477.343, 99
Trd, 4318480.443, 97
Trd, 4318481.593, 95
Trd, 4318482.243, 125
Trd, 4318482.943, 94
Trd, 4318483.543, 104
Trd, 4318483.743, 113
Trd, 4318487.343, 98
Trd, 4318488.393, 92
Trd, 4318488.993, 100
Trd, 4318490.743, 100
Trd, 4318490.993, 104
Trd, 4318491.593, 96
Trd, 4318492.043, 95
Trd, 4318492.243, 85
Trd, 4318493.043, 92
Trd, 4318496.693, 93
Trd, 4318496.843, 100
Trd, 4318497.743, 99
Trd, 4318500.193, 98
Trd, 4318501.243, 96
Trd, 4318501.693, 94
Trd, 4318502.443, 95
Trd, 4318503.643, 94
Trd, 4318503.993, 94
Trd, 4318504.143, 104
Trd, 4318504.443, 114
Trd, 4318506.393, 94
Trd, 4318507.443, 102
Trd, 4318507.993, 93
Trd, 4318509.993, 113
Trd, 4318510.743, 100
Trd, 4318511.493, 95
Trd, 4318513.843, 99
Trd, 4318514.093, 97
Trd, 4318514.643, 94
Trd, 4318515.493, 95
Trd, 4318516.743, 92
Trd, 4318518.543, 94
Trd, 4318518.593, 104
Trd, 4318519.293, 97
Trd, 4318521.343, 84
Trd, 4318521.793, 77
Trd, 4318522.043, 92
Trd, 4318523.193, 125
Trd, 4318524.093, 85
Trd, 4318525.393, 101
Trd, 4318526.693, 95
Trd, 4318526.743, 104
Trd, 4318527.943, 94
Trd, 4318528.443, 80
Trd, 4318529.143, 102
Trd, 4318530.943, 114
Trd, 4318530.993, 95
Trd, 4318533.393, 95
Trd, 4318534.243, 110
Trd, 4318535.443, 87
Trd, 4318536.593, 85
Trd, 4318538.393, 92
Trd, 4318539.343, 102
Trd, 4318540.643, 100
Trd, 4318541.193, 101
Trd, 4318542.593, 94
Trd, 4318542.743, 110
Trd, 4318543.343, 102
Trd, 4318543.543, 94
Trd, 4318544.943, 94
Trd, 4318545.543, 84
Trd, 4318547.893, 104
Trd, 4318547.993, 106
Trd, 4318549.043, 97
Trd, 4318550.993, 96
Trd, 4318552.093, 104
Trd, 4318554.293, 94
Trd, 4318555.093, 96
Trd, 4318555.543, 101
Trd, 4318556.393, 100
Trd, 4318557.693, 101
Trd, 4318559.293, 95
Trd, 4318559.793, 104
Trd, 4318560.143, 94
Trd, 4318560.993, 93
Trd, 4318561.543, 111
Trd, 4318561.993, 103
Trd, 4318564.343, 95
Trd, 4318565.193, 101
Trd, 4318566.693, 94
Trd, 4318567.393, 101
Trd, 4318568.193, 113
Trd, 4318568.943, 91
Trd, 4318570.243, 82
Trd, 4318570.293, 121
Trd, 4318570.743, 91
Trd, 4318571.993, 94
Trd, 4318572.493, 108
Trd, 4318574.393, 92
Trd, 4318574.493, 92
Trd, 4318574.743, 111
Trd, 4318577.043, 124
Trd, 4318577.243, 92
Trd, 4318579.593, 110
Trd, 4318580.593, 91
Trd, 4318581.193, 77
Trd, 4318582.043, 104
Trd, 4318582.393, 110
Trd, 4318585.743, 98
Trd, 4318585.843, 97
Trd, 4318587.193, 101
Trd, 4318587.493, 105
Trd, 4318587.993, 94
Trd, 4318590.493, 103
Trd, 4318590.743, 93
Trd, 4318591.043, 104
Trd, 4318591.143, 113
Trd, 4318592.943, 97
Trd, 4318593.993, 96
Trd, 4318594.093, 104
Trd, 4318596.443, 101
Trd, 4318597.393, 95
Trd, 4318597.993, 92
Trd, 4318599.543, 100
Trd, 4318600.143, 101
Trd, 4318601.243, 97
Trd, 4318601.643, 96
Trd, 4318603.193, 98
Trd, 4318604.593, 96
Trd, 4318605.943, 94
Trd, 4318606.443, 95
Trd, 4318607.143, 84
Trd, 4318608.493, 104
Trd, 4318610.043, 94
Trd, 4318610.743, 96
Trd, 4318612.093, 104
Trd, 4318612.243, 103
Trd, 4318612.393, 95
Trd, 4318614.243, 112
Trd, 4318614.293, 94
Trd, 4318616.543, 101
Trd, 4318616.843, 95
Trd, 4318617.293, 112
Trd, 4318620.243, 97
Trd, 4318620.443, 96
Trd, 4318621.843, 101
Trd, 4318622.593, 97
Trd, 4318622.893, 101
Trd, 4318624.643, 96
Trd, 4318625.443, 95
Trd, 4318625.743, 99
Trd, 4318628.243, 95
Trd, 4318628.293, 98
Trd, 4318628.493, 99
Trd, 4318628.743, 104
Trd, 4318631.093, 110
Trd, 4318631.193, 94
Trd, 4318632.343, 103
Trd, 4318633.293, 94
Trd, 4318633.643, 103
Trd, 4318635.093, 113
Trd, 4318637.743, 117
Trd, 4318637.943, 103
Trd, 4318638.693, 102
Trd, 4318638.793, 100
Trd, 4318641.293, 100
Trd, 4318641.793, 98
Trd, 4318642.643, 103
Trd, 4318643.243, 104
Trd, 4318643.993, 101
Trd, 4318645.643, 92
Trd, 4318646.293, 97
Trd, 4318647.643, 100
Trd, 4318647.793, 101
Trd, 4318648.043, 84
Trd, 4318649.443, 104
Trd, 4318651.493, 114
Trd, 4318652.143, 96
Trd, 4318652.493, 94
Trd, 4318655.593, 102
Trd, 4318655.943, 114
Trd, 4318656.493, 96
Trd, 4318657.093, 104
Trd, 4318657.743, 124
Trd, 4318658.093, 95
Trd, 4318659.593, 94
Trd, 4318660.493, 83
Trd, 4318661.393, 108
Trd, 4318663.043, 100
Trd, 4318665.093, 97
Trd, 4318665.493, 112
Trd, 4318667.043, 96
Trd, 4318668.593, 112
Trd, 4318669.743, 111
Trd, 4318669.893, 97
Trd, 4318669.993, 96
Trd, 4318670.043, 113
Trd, 4318670.643, 92
Trd, 4318670.893, 82
Trd, 4318673.243, 122
Trd, 4318675.693, 96
Trd, 4318676.493, 112
Trd, 4318677.143, 95
Trd, 4318679.243, 101
Trd, 4318680.443, 104
Trd, 4318681.943, 113
Trd, 4318682.293, 97
Trd, 4318684.243, 97
Trd, 4318684.543, 96
Trd, 4318684.943, 103
Trd, 4318685.443, 96
Trd, 4318686.793, 103
Trd, 4318688.243, 95
Trd, 4318689.243, 103
Trd, 4318689.393, 95
Trd, 4318691.393, 107
Trd, 4318692.093, 107
Trd, 4318692.293, 100
Trd, 4318693.693, 94
Trd, 4318693.943, 82
Trd, 4318695.093, 94
Trd, 4318695.543, 104
Trd, 4318697.893, 110
Trd, 4318698.893, 111
Trd, 4318700.493, 94
Trd, 4318701.993, 94
Trd, 4318702.293, 107
Trd, 4318703.543, 101
Trd, 4318704.443, 106
Trd, 4318706.993, 98
Trd, 4318707.243, 97
Trd, 4318707.343, 103
Trd, 4318708.243, 102
Trd, 4318708.743, 99
Trd, 4318709.843, 81
Trd, 4318712.643, 95
Trd, 4318713.443, 123
Trd, 4318713.643, 94
Trd, 4318713.893, 123
Trd, 4318715.443, 94
Trd, 4318715.993, 107
Trd, 4318716.793, 114
Trd, 4318717.643, 93
Trd, 4318718.193, 92
Trd, 4318719.693, 92
Trd, 4318721.343, 103
Trd, 4318722.393, 94
Trd, 4318723.393, 102
Trd, 4318724.943, 93
Trd, 4318727.093, 96
Trd, 4318727.393, 110
Trd, 4318728.343, 93
Trd, 4318728.743, 95
Trd, 4318732.243, 102
Trd, 4318733.093, 93
Trd, 4318733.293, 101
Trd, 4318733.943, 94
Trd, 4318734.743, 93
Trd, 4318736.443, 97
Trd, 4318738.893, 101
Trd, 4318739.493, 113
Trd, 4318739.993, 95
Trd, 4318740.793, 119
Trd, 4318742.093, 117
Trd, 4318742.493, 94
Trd, 4318743.893, 94
Trd, 4318743.993, 103
Trd, 4318746.193, 94
Trd, 4318746.693, 93
Trd, 4318748.543, 100
Trd, 4318749.243, 80
Trd, 4318749.493, 114
Trd, 4318751.643, 117
Trd, 4318752.443, 94
Trd, 4318753.093, 94
Trd, 4318756.043, 94
Trd, 4318756.643, 93
Trd, 4318756.793, 103
Trd, 4318757.043, 93
Trd, 4318758.343, 92
Trd, 4318760.043, 98
Trd, 4318762.343, 93
Trd, 4318762.543, 96
Trd, 4318762.843, 96
Trd, 4318764.243, 92
Trd, 4318764.293, 114
Trd, 4318765.843, 91
Trd, 4318768.393, 111
Trd, 4318769.043, 113
Trd, 4318769.743, 91
Trd, 4318770.943, 91
Trd, 4318771.593, 85
Trd, 4318771.693, 103
Trd, 4318775.343, 99
Trd, 4318775.393, 98
Trd, 4318777.643, 101
Trd, 4318777.693, 101
Trd, 4318778.343, 93
Trd, 4318778.843, 97
Trd, 4318781.393, 99
Trd, 4318782.343, 96
Trd, 4318782.393, 99
Trd, 4318783.493, 94
Trd, 4318783.543, 104
Trd, 4318785.493, 110
Trd, 4318786.093, 95
Trd, 4318787.393, 95
Trd, 4318787.943, 93
Trd, 4318789.193, 97
Trd, 4318791.143, 96
Trd, 4318792.043, 95
Trd, 4318793.693, 94
Trd, 4318794.443, 97
Trd, 4318795.893, 108
Trd, 4318797.093, 98
Trd, 4318797.243, 95
Trd, 4318799.093, 106
Trd, 4318799.593, 113
Trd, 4318801.693, 101
Trd, 4318802.343, 101
Trd, 4318802.943, 94
Trd, 4318803.043, 102
Trd, 4318805.393, 99
Trd, 4318806.093, 102
Trd, 4318806.943, 92
Trd, 4318809.043, 108
Trd, 4318810.493, 107
Trd, 4318811.243, 98
Trd, 4318812.393, 97
Trd, 4318813.293, 84
Trd, 4318813.843, 103
Trd, 4318816.893, 96
Trd, 4318817.443, 95
Trd, 4318817.543, 94
Trd, 4318817.943, 102
Trd, 4318818.343, 102
Trd, 4318818.543, 92
Trd, 4318820.093, 82
Trd, 4318823.093, 96
Trd, 4318823.793, 92
Trd, 4318824.943, 95
Trd, 4318826.393, 92
Trd, 4318826.493, 104
Trd, 4318827.643, 92
Trd, 4318828.393, 77
Trd, 4318830.393, 96
Trd, 4318831.093, 90
Trd, 4318832.043, 96
Trd, 4318832.943, 89
Trd, 4318833.493, 112
Trd, 4318834.693, 113
Trd, 4318835.143, 88
Trd, 4318835.293, 122
Trd, 4318836.393, 88
Trd, 4318837.893, 87
Trd, 4318838.043, 106
Trd, 4318839.993, 100
Trd, 4318840.143, 113
Trd, 4318841.793, 91
Trd, 4318842.893, 98
Trd, 4318844.143, 93
Trd, 4318845.393, 97
Trd, 4318846.493, 97
Trd, 4318846.943, 111
Trd, 4318847.193, 113
Trd, 4318849.193, 96
Trd, 4318849.343, 106
Trd, 4318849.393, 95
Trd, 4318852.393, 93
Trd, 4318853.293, 108
Trd, 4318854.793, 96
Trd, 4318855.943, 95
Trd, 4318857.743, 104
Trd, 4318857.843, 113
Trd, 4318858.443, 95
Trd, 4318858.793, 102
Trd, 4318859.943, 85
Trd, 4318861.093, 93
Trd, 4318862.843, 93
Trd, 4318863.243, 101
Trd, 4318866.793, 97
Trd, 4318867.143, 93
Trd, 4318867.243, 93
Trd, 4318867.293, 92
Trd, 4318868.393, 95
Trd, 4318870.143, 112
Trd, 4318870.393, 97
Trd, 4318871.093, 91
Trd, 4318871.443, 109
Trd, 4318874.343, 96
Trd, 4318875.393, 95
Trd, 4318875.943, 101
Trd, 4318876.343, 84
Trd, 4318877.193, 104
Trd, 4318877.793, 78
Trd, 4318878.943, 112
Trd, 4318879.593, 99
Trd, 4318881.293, 97
Trd, 4318882.043, 97
Trd, 4318882.493, 96
Trd, 4318883.043, 95
Trd, 4318883.993, 111
Trd, 4318884.493, 94
Trd, 4318886.093, 113
Trd, 4318887.443, 95
Trd, 4318888.293, 97
Trd, 4318888.793, 103
Trd, 4318888.993, 94
Trd, 4318890.043, 80
Trd, 4318893.293, 97
Trd, 4318896.393, 101
Trd, 4318896.843, 104
Trd, 4318897.843, 97
Trd, 4318898.743, 96
Trd, 4318899.043, 101
Trd, 4318899.143, 94
Trd, 4318900.143, 101
Trd, 4318900.993, 95
Trd, 4318902.643, 95
Trd, 4318902.843, 71
Trd, 4318903.743, 108
Trd, 4318903.793, 112
Trd, 4318904.843, 101
Trd, 4318907.043, 92
Trd, 4318907.943, 92
Trd, 4318908.443, 92
Trd, 4318909.593, 97
Trd, 4318909.743, 99
Trd, 4318910.143, 104
Trd, 4318911.943, 91
Trd, 4318912.243, 91
Trd, 4318913.993, 110
Trd, 4318915.293, 96
Trd, 4318917.193, 93
Trd, 4318917.393, 101
Trd, 4318920.293, 109
Trd, 4318921.643, 93
Trd, 4318923.193, 97
Trd, 4318923.293, 95
Trd, 4318923.893, 102
Trd, 4318926.093, 96
Trd, 4318926.193, 95
Trd, 4318927.443, 69
Trd, 4318927.543, 77
Trd, 4318929.443, 103
Trd, 4318929.993, 80
Trd, 4318931.693, 102
Trd, 4318934.393, 90
Trd, 4318934.743, 102
Trd, 4318936.293, 92
Trd, 4318937.443, 97
Trd, 4318937.593, 91
Trd, 4318938.093, 85
Trd, 4318938.993, 96
Trd, 4318939.743, 91
Trd, 4318940.293, 101
Trd, 4318940.943, 90
Trd, 4318941.543, 104
Trd, 4318942.343, 85
Trd, 4318944.243, 88
Trd, 4318946.043, 95
Trd, 4318946.093, 89
Trd, 4318947.593, 100
Trd, 4318948.993, 103
Trd, 4318949.443, 93
Trd, 4318949.943, 104
Trd, 4318950.943, 91
Trd, 4318950.993, 85
Trd, 4318951.543, 77
Trd, 4318951.643, 112
Trd, 4318953.443, 90
Trd, 4318954.843, 113
Trd, 4318955.443, 123
Trd, 4318957.693, 108
Trd, 4318960.293, 98
Trd, 4318960.643, 109
Trd, 4318962.143, 99
Trd, 4318962.943, 98
Trd, 4318964.143, 108
Trd, 4318964.393, 92
Trd, 4318964.743, 99
Trd, 4318968.493, 99
Trd, 4318968.743, 107
Trd, 4318969.043, 113
Trd, 4318970.043, 98
Trd, 4318971.943, 91
Trd, 4318972.093, 104
Trd, 4318972.843, 102
Trd, 4318975.093, 98
Trd, 4318975.293, 97
Trd, 4318975.643, 103
Trd, 4318976.343, 96
Trd, 4318976.493, 94
Trd, 4318977.293, 104
Trd, 4318980.043, 110
Trd, 4318981.243, 99
Trd, 4318981.493, 98
Trd, 4318982.143, 80
Trd, 4318983.943, 113
Trd, 4318984.743, 123
Trd, 4318986.843, 105
Trd, 4318987.643, 92
Trd, 4318989.593, 93
Trd, 4318989.693, 105
Trd, 4318990.743, 99
Trd, 4318991.243, 112
Trd, 4318993.693, 107
Trd, 4318995.443, 95
Trd, 4318995.993, 95
Trd, 4318997.043, 94
Trd, 4318997.743, 94
Trd, 4318998.393, 108
Trd, 4318998.693, 108
Trd, 4318999.893, 93
Trd, 4319001.193, 92
Trd, 4319001.993, 103
Trd, 4319002.993, 102
Trd, 4319003.193, 85
Trd, 4319003.493, 77
Trd, 4319003.543, 111
Trd, 4319006.093, 93
Trd, 4319007.093, 113
Trd, 4319008.293, 103
Trd, 4319010.943, 112
Trd, 4319011.143, 99
Trd, 4319011.793, 98
Trd, 4319015.243, 97
Trd, 4319015.443, 94
Trd, 4319016.043, 97
Trd, 4319016.143, 104
Trd, 4319018.193, 96
Trd, 4319018.243, 109
Trd, 4319018.393, 113
Trd, 4319019.143, 101
Trd, 4319022.643, 101
Trd, 4319023.493, 103
Trd, 4319024.793, 100
Trd, 4319025.393, 99
Trd, 4319025.543, 94
Trd, 4319026.143, 104
Trd, 4319027.093, 79
Trd, 4319028.493, 77
Trd, 4319029.893, 104
Trd, 4319030.243, 104
Trd, 4319030.793, 94
Trd, 4319033.293, 93
Trd, 4319035.643, 99
Trd, 4319036.543, 100
Trd, 4319036.593, 98
Trd, 4319036.943, 92
Trd, 4319037.193, 77
Trd, 4319039.293, 100
Trd, 4319040.743, 109
Trd, 4319041.243, 110
Trd, 4319042.893, 113
Trd, 4319043.293, 101
Trd, 4319043.893, 92
Trd, 4319044.843, 124
Trd, 4319045.343, 100
Trd, 4319047.943, 112
Trd, 4319048.293, 113
Trd, 4319050.943, 103
Trd, 4319050.993, 91
Trd, 4319051.093, 80
Trd, 4319052.843, 106
Trd, 4319054.993, 95
Trd, 4319055.793, 97
Trd, 4319056.493, 93
Trd, 4319056.993, 103
Trd, 4319058.393, 89
Trd, 4319060.093, 99
Trd, 4319061.493, 94
Trd, 4319061.943, 110
Trd, 4319063.393, 94
Trd, 4319063.593, 111
Trd, 4319064.243, 93
Trd, 4319065.843, 104
Trd, 4319066.243, 111
Trd, 4319067.093, 96
Trd, 4319068.543, 125
Trd, 4319070.593, 95
Trd, 4319071.043, 110
Trd, 4319071.643, 94
Trd, 4319073.543, 93
Trd, 4319075.293, 94
Trd, 4319076.643, 102
Trd, 4319076.993, 92
Trd, 4319077.643, 79
Trd, 4319078.793, 103
Trd, 4319079.843, 112
Trd, 4319080.093, 91
Trd, 4319084.243, 97
Trd, 4319085.243, 100
Trd, 4319085.543, 113
Trd, 4319086.143, 102
Trd, 4319087.243, 98
Trd, 4319088.343, 97
Trd, 4319088.743, 97
Trd, 4319088.893, 111
Trd, 4319090.843, 104
Trd, 4319092.043, 96
Trd, 4319092.493, 101
Trd, 4319092.743, 94
Trd, 4319093.393, 77
Trd, 4319093.943, 103
Trd, 4319096.443, 85
Trd, 4319096.543, 96
Trd, 4319099.443, 104
Trd, 4319099.543, 92
Trd, 4319100.943, 100
Trd, 4319101.193, 95
Trd, 4319102.293, 95
Trd, 4319103.143, 107
Trd, 4319105.293, 104
Trd, 4319106.193, 98
Trd, 4319106.693, 112
Trd, 4319108.193, 99
Trd, 4319108.343, 112
Trd, 4319108.643, 94
Trd, 4319109.793, 79
Trd, 4319110.193, 111
Trd, 4319111.293, 92
Trd, 4319113.693, 102
Trd, 4319114.043, 77
Trd, 4319114.443, 104
Trd, 4319114.593, 104
Trd, 4319115.593, 113
Trd, 4319115.893, 93
Trd, 4319117.643, 102
Trd, 4319119.693, 103
Trd, 4319120.793, 97
Trd, 4319121.443, 124
Trd, 4319122.743, 95
Trd, 4319123.893, 96
Trd, 4319124.893, 95
Trd, 4319125.043, 94
Trd, 4319125.293, 105
Trd, 4319126.293, 85
Trd, 4319128.543, 108
Trd, 4319132.593, 103
Trd, 4319132.993, 98
Trd, 4319133.743, 95
Trd, 4319133.843, 94
Trd, 4319134.543, 104
Trd, 4319135.643, 101
Trd, 4319136.943, 103
Trd, 4319138.693, 110
Trd, 4319139.493, 97
Trd, 4319139.843, 97
Trd, 4319140.443, 104
Trd, 4319141.543, 93
Trd, 4319143.193, 111
Trd, 4319143.793, 86
Trd, 4319145.593, 112
Trd, 4319147.543, 94
Trd, 4319148.143, 103
Trd, 4319149.593, 94
Trd, 4319150.643, 93
Trd, 4319151.893, 93
Trd, 4319152.693, 93
Trd, 4319153.293, 84
Trd, 4319154.143, 103
Trd, 4319155.343, 104
Trd, 4319155.693, 95
Trd, 4319156.043, 105
Trd, 4319158.243, 102
Trd, 4319160.593, 94
Trd, 4319161.193, 100
Trd, 4319161.343, 93
Trd, 4319162.093, 113
Trd, 4319163.593, 103
Trd, 4319163.743, 92
Trd, 4319164.693, 83
Trd, 4319165.143, 77
Trd, 4319166.143, 77
Trd, 4319166.243, 117
Trd, 4319168.043, 103
Trd, 4319168.643, 112
Trd, 4319172.543, 103
Trd, 4319174.543, 96
Trd, 4319175.493, 100
Trd, 4319176.043, 101
Trd, 4319176.493, 96
Trd, 4319177.193, 95
Trd, 4319178.643, 112
Trd, 4319179.593, 113
Trd, 4319179.643, 94
Trd, 4319180.293, 102
Trd, 4319180.943, 101
Trd, 4319181.343, 85
Trd, 4319181.843, 105
Trd, 4319184.193, 112
Trd, 4319184.893, 98
Trd, 4319186.243, 107
Trd, 4319186.493, 101
Trd, 4319189.443, 100
Trd, 4319190.043, 94
Trd, 4319190.443, 109
Trd, 4319192.643, 94
Trd, 4319192.943, 104
Trd, 4319193.143, 98
Trd, 4319193.643, 83
Trd, 4319195.993, 78
Trd, 4319196.143, 99
Trd, 4319196.593, 77
Trd, 4319196.843, 104
Trd, 4319197.343, 91
Trd, 4319200.393, 90
Trd, 4319202.393, 95
Trd, 4319203.343, 90
Trd, 4319204.143, 91
Trd, 4319204.943, 89
Trd, 4319205.043, 89
Trd, 4319206.543, 88
Trd, 4319207.043, 87
Trd, 4319208.543, 104
Trd, 4319210.143, 96
Trd, 4319210.243, 113
Trd, 4319212.043, 87
Trd, 4319213.693, 87
Trd, 4319214.043, 84
Trd, 4319214.993, 99
Trd, 4319215.193, 100
Trd, 4319218.393, 111
Trd, 4319218.593, 88
Trd, 4319219.243, 83
Trd, 4319219.693, 88
Trd, 4319220.393, 100
Trd, 4319221.743, 100
Trd, 4319223.743, 108
Trd, 4319223.943, 109
Trd, 4319224.343, 91
Trd, 4319225.393, 104
Trd, 4319226.193, 94
Trd, 4319226.343, 91
Trd, 4319228.543, 91
Trd, 4319229.293, 111
Trd, 4319230.693, 106
Trd, 4319231.393, 94
Trd, 4319233.993, 98
Trd, 4319234.043, 96
Trd, 4319234.693, 111
Trd, 4319235.243, 108
Trd, 4319237.343, 96
Trd, 4319237.743, 93
Trd, 4319238.843, 104
Trd, 4319239.393, 95
Trd, 4319240.393, 104
Trd, 4319240.793, 105
Trd, 4319241.093, 131
Trd, 4319242.943, 94
Trd, 4319243.943, 100
Trd, 4319244.093, 126
Trd, 4319246.243, 117
Trd, 4319246.293, 104
Trd, 4319248.743, 93
Trd, 4319249.343, 78
Trd, 4319249.593, 80
Trd, 4319250.393, 86
Trd, 4319251.443, 95
Trd, 4319251.843, 92
Trd, 4319251.993, 96
Trd, 4319253.293, 96
Trd, 4319254.493, 112
Trd, 4319256.593, 95
Trd, 4319256.993, 114
Trd, 4319257.943, 125
Trd, 4319260.243, 99
Trd, 4319260.293, 97
Trd, 4319261.143, 97
Trd, 4319261.843, 93
Trd, 4319263.493, 85
Trd, 4319263.593, 96
Trd, 4319264.893, 94
Trd, 4319266.043, 103
Trd, 4319266.693, 94
Trd, 4319268.143, 113
Trd, 4319268.643, 102
Trd, 4319269.893, 98
Trd, 4319270.193, 93
Trd, 4319271.443, 121
Trd, 4319271.593, 122
Trd, 4319275.193, 99
Trd, 4319275.993, 99
Trd, 4319276.843, 98
Trd, 4319277.693, 93
Trd, 4319279.143, 77
Trd, 4319279.243, 98
Trd, 4319279.843, 97
Trd, 4319280.293, 94
Trd, 4319281.443, 114
Trd, 4319282.443, 101
Trd, 4319285.793, 93
Trd, 4319286.293, 92
Trd, 4319286.693, 92
Trd, 4319287.343, 80
Trd, 4319288.543, 113
Trd, 4319289.443, 100
Trd, 4319290.543, 94
Trd, 4319291.143, 99
Trd, 4319292.243, 94
Trd, 4319293.893, 98
Trd, 4319293.993, 113
Trd, 4319295.043, 123
Trd, 4319295.743, 95
Trd, 4319296.143, 94
Trd, 4319296.893, 98
Trd, 4319298.693, 108
Trd, 4319299.293, 101
Trd, 4319299.643, 100
Trd, 4319300.993, 109
Trd, 4319302.743, 99
Trd, 4319304.093, 104
Trd, 4319305.193, 98
Trd, 4319305.693, 121
Trd, 4319306.943, 97
Trd, 4319308.593, 104
Trd, 4319308.643, 93
Trd, 4319309.743, 103
Trd, 4319310.043, 101
Trd, 4319311.493, 97
Trd, 4319313.043, 100
Trd, 4319314.943, 111
Trd, 4319316.093, 104
Trd, 4319316.743, 99
Trd, 4319317.443, 94
Trd, 4319318.493, 108
Trd, 4319319.993, 100
Trd, 4319320.493, 105
Trd, 4319322.643, 99
Trd, 4319323.343, 100
Trd, 4319325.943, 102
Trd, 4319326.093, 99
Trd, 4319326.943, 98
Trd, 4319327.693, 101
Trd, 4319328.243, 92
Trd, 4319330.093, 98
Trd, 4319332.293, 99
Trd, 4319333.143, 100
Trd, 4319333.693, 97
Trd, 4319333.993, 111
Trd, 4319336.393, 96
Trd, 4319336.893, 95
Trd, 4319337.143, 96
Trd, 4319338.143, 94
Trd, 4319339.043, 76
Trd, 4319339.443, 92
Trd, 4319339.993, 91
Trd, 4319340.193, 97
Trd, 4319341.843, 111
Trd, 4319343.943, 97
Trd, 4319344.243, 98
Trd, 4319346.293, 95
Trd, 4319346.643, 94
Trd, 4319348.643, 99
Trd, 4319348.943, 94
Trd, 4319350.243, 104
Trd, 4319351.693, 93
Trd, 4319352.243, 110
Trd, 4319353.143, 93
Trd, 4319355.393, 93
Trd, 4319355.843, 98
Trd, 4319355.943, 104
Trd, 4319356.643, 92
Trd, 4319357.643, 99
Trd, 4319358.693, 93
Trd, 4319359.893, 92
Trd, 4319360.193, 111
Trd, 4319360.543, 85
Trd, 4319361.893, 112
Trd, 4319363.643, 103
Trd, 4319364.643, 92
Trd, 4319366.843, 98
Trd, 4319366.943, 95
Trd, 4319368.493, 94
Trd, 4319369.543, 93
Trd, 4319371.343, 79
Trd, 4319371.543, 96
Trd, 4319372.843, 97
Trd, 4319372.993, 104
Trd, 4319374.243, 91
Trd, 4319374.793, 112
Trd, 4319375.093, 100
Trd, 4319375.343, 90
Trd, 4319375.693, 91
Trd, 4319376.743, 81
Trd, 4319380.343, 103
Trd, 4319382.443, 104
Trd, 4319383.043, 96
Trd, 4319383.343, 101
Trd, 4319384.243, 113
Trd, 4319386.243, 102
Trd, 4319386.843, 98
Trd, 4319388.343, 102
Trd, 4319388.493, 98
Trd, 4319388.593, 93
Trd, 4319389.093, 101
Trd, 4319389.793, 102
Trd, 4319390.343, 97
Trd, 4319391.143, 97
Trd, 4319392.043, 121
Trd, 4319394.593, 92
Trd, 4319394.843, 81
Trd, 4319395.643, 103
Trd, 4319395.893, 114
Trd, 4319398.343, 94
Trd, 4319399.293, 94
Trd, 4319399.993, 108
Trd, 4319400.143, 109
Trd, 4319400.243, 93
Trd, 4319401.743, 92
Trd, 4319404.543, 100
Trd, 4319406.343, 99
Trd, 4319408.693, 98
Trd, 4319408.893, 103
Trd, 4319409.243, 91
Trd, 4319409.293, 103
Trd, 4319410.243, 82
Trd, 4319411.693, 94
Trd, 4319413.093, 93
Trd, 4319413.293, 111
Trd, 4319413.343, 131
Trd, 4319415.343, 129
Trd, 4319415.493, 102
Trd, 4319417.643, 97
Trd, 4319417.943, 92
Trd, 4319418.293, 110
Trd, 4319419.493, 107
Trd, 4319422.243, 99
Trd, 4319422.593, 106
Trd, 4319422.893, 96
Trd, 4319423.843, 81
Trd, 4319424.993, 94
Trd, 4319425.043, 104
Trd, 4319427.043, 85
Trd, 4319428.543, 90
Trd, 4319429.143, 104
Trd, 4319430.743, 104
Trd, 4319431.643, 104
Trd, 4319431.743, 93
Trd, 4319432.543, 93
Trd, 4319432.993, 92
Trd, 4319434.393, 108
Trd, 4319435.943, 92
Trd, 4319437.193, 93
Trd, 4319438.693, 104
Trd, 4319439.143, 94
Trd, 4319439.243, 113
Trd, 4319441.393, 77
Trd, 4319443.643, 106
Trd, 4319444.993, 91
Trd, 4319445.193, 97
Trd, 4319445.943, 113
Trd, 4319446.643, 122
Trd, 4319446.793, 93
Trd, 4319446.943, 91
Trd, 4319446.993, 84
Trd, 4319450.693, 91
Trd, 4319450.743, 91
Trd, 4319450.843, 103
Trd, 4319451.243, 104
Trd, 4319451.643, 82
Trd, 4319452.493, 100
Trd, 4319458.243, 96
Trd, 4319458.543, 96
Trd, 4319459.943, 95
Trd, 4319460.143, 96
Trd, 4319460.743, 94
Trd, 4319461.193, 93
Trd, 4319463.993, 110
Trd, 4319464.643, 98
Trd, 4319465.493, 96
Trd, 4319465.643, 94
Trd, 4319466.493, 93
Trd, 4319467.593, 94
Trd, 4319468.343, 81
Trd, 4319468.993, 96
Trd, 4319469.143, 76
Trd, 4319471.393, 90
Trd, 4319471.593, 110
Trd, 4319472.543, 97
Trd, 4319472.893, 92
Trd, 4319475.093, 97
Trd, 4319475.243, 92
Trd, 4319475.443, 104
Trd, 4319475.893, 91
Trd, 4319477.093, 112
Trd, 4319477.843, 86
Trd, 4319479.993, 89
Trd, 4319480.143, 93
Trd, 4319482.343, 90
Trd, 4319482.393, 95
Trd, 4319483.843, 89
Trd, 4319485.593, 89
Trd, 4319485.643, 104
Trd, 4319486.893, 88
Trd, 4319487.443, 87
Trd, 4319489.643, 94
Trd, 4319490.443, 95
Trd, 4319491.443, 88
Trd, 4319491.843, 104
Trd, 4319493.143, 113
Trd, 4319493.443, 89
Trd, 4319494.893, 85
Trd, 4319498.243, 90
Trd, 4319499.043, 100
Trd, 4319499.243, 91
Trd, 4319499.993, 88
Trd, 4319500.693, 102
Trd, 4319502.893, 92
Trd, 4319503.443, 103
Trd, 4319503.843, 93
Trd, 4319504.943, 101
Trd, 4319505.343, 92
Trd, 4319506.393, 111
Trd, 4319506.693, 98
Trd, 4319508.393, 97
Trd, 4319511.293, 96
Trd, 4319512.093, 101
Trd, 4319513.393, 92
Trd, 4319513.543, 87
Trd, 4319515.893, 98
Trd, 4319516.843, 95
Trd, 4319517.393, 102
Trd, 4319518.443, 95
Trd, 4319519.193, 104
Trd, 4319520.943, 94
Trd, 4319521.293, 92
Trd, 4319522.793, 93
Trd, 4319522.843, 84
Trd, 4319522.943, 97
Trd, 4319523.693, 113
Trd, 4319525.543, 99
Trd, 4319526.193, 84
Trd, 4319528.543, 89
Trd, 4319529.593, 98
Trd, 4319530.143, 88
Trd, 4319531.243, 87
Trd, 4319531.643, 98
Trd, 4319533.043, 124
Trd, 4319533.843, 97
Trd, 4319535.043, 87
Trd, 4319535.543, 92
Trd, 4319536.593, 108
Trd, 4319537.393, 109
Trd, 4319537.743, 97
Trd, 4319539.943, 103
Trd, 4319541.893, 96
Trd, 4319543.893, 95
Trd, 4319544.543, 99
Trd, 4319545.493, 102
Trd, 4319546.043, 100
Trd, 4319548.043, 110
Trd, 4319548.243, 95
Trd, 4319549.193, 94
Trd, 4319551.193, 85
Trd, 4319551.393, 88
Trd, 4319553.043, 97
Trd, 4319553.893, 94
Trd, 4319554.143, 125
Trd, 4319555.193, 114
Trd, 4319555.943, 94
Trd, 4319556.993, 94
Trd, 4319560.243, 100
Trd, 4319561.193, 94
Trd, 4319561.343, 93
Trd, 4319561.443, 93
Trd, 4319561.493, 102
Trd, 4319562.643, 85
Trd, 4319562.893, 77
Trd, 4319563.843, 114
Trd, 4319563.993, 85
Trd, 4319566.043, 121
Trd, 4319568.043, 95
Trd, 4319569.643, 96
Trd, 4319570.793, 102
Trd, 4319572.143, 101
Trd, 4319572.993, 100
Trd, 4319573.393, 95
Trd, 4319573.493, 111
Trd, 4319574.543, 101
Trd, 4319574.843, 93
Trd, 4319575.643, 82
Trd, 4319578.943, 95
Trd, 4319579.143, 94
Trd, 4319579.793, 80
Trd, 4319582.243, 95
Trd, 4319582.543, 131
Trd, 4319584.043, 126
Trd, 4319584.443, 92
Trd, 4319584.543, 91
Trd, 4319587.543, 91
Trd, 4319587.593, 111
Trd, 4319587.743, 88
Trd, 4319587.793, 107
Trd, 4319589.843, 91
Trd, 4319589.943, 85
Trd, 4319591.093, 77
Trd, 4319591.493, 106
Trd, 4319594.493, 104
Trd, 4319595.193, 108
Trd, 4319595.793, 99
Trd, 4319595.993, 109
Trd, 4319597.543, 94
Trd, 4319598.793, 110
Trd, 4319599.993, 79
Trd, 4319600.493, 95
Trd, 4319601.243, 77
Trd, 4319603.593, 91
Trd, 4319605.043, 88
Trd, 4319605.243, 94
Trd, 4319606.043, 91
Trd, 4319607.743, 95
Trd, 4319607.943, 90
Trd, 4319608.243, 104
Trd, 4319609.493, 98
Trd, 4319610.443, 127
Trd, 4319610.743, 131
Trd, 4319612.743, 93
Trd, 4319615.143, 98
Trd, 4319615.793, 97
Trd, 4319616.693, 92
Trd, 4319616.793, 97
Trd, 4319617.743, 85
Trd, 4319618.143, 104
Trd, 4319618.993, 114
Trd, 4319620.693, 101
Trd, 4319621.843, 102
Trd, 4319622.143, 91
Trd, 4319622.343, 90
Trd, 4319624.293, 102
Trd, 4319624.843, 92
Trd, 4319626.893, 108
Trd, 4319628.393, 92
Trd, 4319629.343, 102
Trd, 4319629.493, 85
Trd, 4319630.893, 93
Trd, 4319631.543, 113
Trd, 4319633.493, 113
Trd, 4319634.843, 99
Trd, 4319637.843, 104
Trd, 4319638.043, 98
Trd, 4319638.493, 103
Trd, 4319638.993, 98
Trd, 4319640.993, 97
Trd, 4319641.293, 94
Trd, 4319642.793, 96
Trd, 4319642.943, 99
Trd, 4319643.993, 104
Trd, 4319644.543, 93
Trd, 4319646.593, 84
Trd, 4319646.993, 113
Trd, 4319647.893, 114
Trd, 4319648.043, 93
Trd, 4319648.743, 92
Trd, 4319651.143, 93
Trd, 4319651.843, 103
Trd, 4319654.093, 93
Trd, 4319654.993, 98
Trd, 4319655.593, 104
Trd, 4319655.643, 92
Trd, 4319658.043, 90
Trd, 4319658.393, 91
Trd, 4319658.993, 95
Trd, 4319659.643, 97
Trd, 4319659.893, 104
Trd, 4319661.543, 91
Trd, 4319662.893, 82
Trd, 4319662.993, 83
Trd, 4319665.043, 86
Trd, 4319665.543, 84
Trd, 4319666.293, 97
Trd, 4319668.743, 99
Trd, 4319669.043, 87
Trd, 4319670.593, 90
Trd, 4319671.343, 88
Trd, 4319671.943, 95
Trd, 4319672.143, 95
Trd, 4319673.843, 88
Trd, 4319674.093, 85
Trd, 4319676.093, 87
Trd, 4319678.393, 94
Trd, 4319678.493, 86
Trd, 4319678.843, 95
Trd, 4319679.843, 93
Trd, 4319680.193, 86
Trd, 4319681.993, 95
Trd, 4319682.793, 113
Trd, 4319684.843, 93
Trd, 4319686.343, 96
Trd, 4319686.893, 93
Trd, 4319687.593, 93
Trd, 4319687.943, 92
Trd, 4319688.743, 96
Trd, 4319689.593, 122
Trd, 4319690.543, 130
Trd, 4319692.443, 106
Trd, 4319694.293, 99
Trd, 4319694.543, 98
Trd, 4319694.793, 94
Trd, 4319696.043, 103
Trd, 4319696.143, 105
Trd, 4319698.193, 98
Trd, 4319699.693, 97
Trd, 4319701.343, 104
Trd, 4319702.093, 102
Trd, 4319702.193, 103
Trd, 4319702.243, 94
Trd, 4319702.643, 85
Trd, 4319703.793, 94
Trd, 4319703.993, 113
Trd, 4319705.093, 93
Trd, 4319706.693, 105
Trd, 4319707.993, 93
Trd, 4319709.193, 130
Trd, 4319710.793, 100
Trd, 4319712.293, 84
Trd, 4319712.393, 111
Trd, 4319713.643, 97
Trd, 4319714.193, 90
Trd, 4319715.493, 95
Trd, 4319716.593, 103
Trd, 4319716.793, 106
Trd, 4319718.443, 72
Trd, 4319719.693, 83
Trd, 4319720.143, 77
Trd, 4319721.393, 86
Trd, 4319722.343, 77
Trd, 4319722.943, 98
Trd, 4319726.343, 97
Trd, 4319726.393, 108
Trd, 4319727.143, 94
Trd, 4319727.993, 90
Trd, 4319728.043, 109
Trd, 4319729.393, 125
Trd, 4319729.643, 89
Trd, 4319731.093, 89
Trd, 4319731.643, 111
Trd, 4319732.793, 85
Trd, 4319734.743, 102
Trd, 4319735.293, 101
Trd, 4319735.643, 91
Trd, 4319736.443, 91
Trd, 4319737.443, 100
Trd, 4319739.043, 101
Trd, 4319739.843, 94
Trd, 4319740.493, 100
Trd, 4319741.693, 94
Trd, 4319742.993, 109
Trd, 4319745.343, 99
Trd, 4319746.393, 94
Trd, 4319746.943, 100
Trd, 4319747.043, 101
Trd, 4319748.143, 94
Trd, 4319748.393, 93
Trd, 4319751.143, 100
Trd, 4319754.943, 100
Trd, 4319755.693, 83
Trd, 4319756.393, 93
Trd, 4319757.193, 93
Trd, 4319758.393, 106
Trd, 4319758.443, 101
Trd, 4319759.543, 95
Trd, 4319760.843, 101
Trd, 4319760.893, 93
Trd, 4319761.943, 99
Trd, 4319762.443, 81
Trd, 4319763.293, 104
Trd, 4319763.843, 113
Trd, 4319764.143, 93
Trd, 4319766.943, 104
Trd, 4319768.543, 92
Trd, 4319769.243, 99
Trd, 4319770.943, 101
Trd, 4319771.043, 91
Trd, 4319771.443, 89
Trd, 4319771.593, 113
Trd, 4319771.643, 124
Trd, 4319772.543, 90
Trd, 4319774.593, 106
Trd, 4319775.093, 92
Trd, 4319778.693, 94
Trd, 4319779.643, 104
Trd, 4319779.793, 94
Trd, 4319780.543, 95
Trd, 4319780.743, 96
Trd, 4319782.493, 94
Trd, 4319783.143, 92
Trd, 4319783.843, 96
Trd, 4319784.643, 93
Trd, 4319785.493, 111
Trd, 4319787.643, 99
Trd, 4319788.893, 92
Trd, 4319789.243, 85
Trd, 4319790.793, 95
Trd, 4319791.143, 110
Trd, 4319792.493, 98
Trd, 4319796.243, 99
Trd, 4319797.893, 100
Trd, 4319798.293, 97
Trd, 4319799.693, 96
Trd, 4319800.693, 94
Trd, 4319800.993, 98
Trd, 4319801.343, 85
Trd, 4319801.843, 104
Trd, 4319803.893, 96
Trd, 4319804.143, 113
Trd, 4319806.243, 94
Trd, 4319807.143, 93
Trd, 4319807.293, 93
Trd, 4319808.343, 104
Trd, 4319808.793, 113
Trd, 4319809.593, 97
Trd, 4319813.343, 96
Trd, 4319814.843, 97
Trd, 4319816.343, 97
Trd, 4319817.293, 98
Trd, 4319818.043, 95
Trd, 4319819.843, 102
Trd, 4319820.493, 112
Trd, 4319821.893, 97
Trd, 4319822.093, 112
Trd, 4319823.543, 99
Trd, 4319823.743, 96
Trd, 4319826.993, 97
Trd, 4319827.343, 102
Trd, 4319827.743, 97
Trd, 4319828.193, 83
Trd, 4319829.093, 102
Trd, 4319829.243, 96
Trd, 4319829.693, 83
Trd, 4319829.943, 104
Trd, 4319831.643, 112
Trd, 4319832.493, 100
Trd, 4319833.843, 94
Trd, 4319836.593, 100
Trd, 4319837.143, 95
Trd, 4319838.293, 94
Trd, 4319838.793, 94
Trd, 4319839.243, 93
Trd, 4319841.543, 100
Trd, 4319841.593, 104
Trd, 4319842.943, 94
Trd, 4319843.143, 110
Trd, 4319845.293, 102
Trd, 4319847.443, 102
Trd, 4319847.643, 97
Trd, 4319849.043, 101
Trd, 4319851.093, 97
Trd, 4319851.293, 81
Trd, 4319851.443, 113
Trd, 4319852.593, 94
Trd, 4319852.843, 93
Trd, 4319854.243, 103
Trd, 4319854.393, 119
Trd, 4319855.443, 122
Trd, 4319855.843, 92
Trd, 4319856.143, 91
Trd, 4319857.993, 78
Trd, 4319858.893, 86
Trd, 4319860.443, 115
Trd, 4319860.743, 92
Trd, 4319860.793, 88
Trd, 4319860.993, 90
Trd, 4319863.443, 96
Trd, 4319863.743, 96
Trd, 4319864.593, 90
Trd, 4319865.743, 90
Trd, 4319867.243, 93
Trd, 4319867.593, 91
Trd, 4319867.893, 95
Trd, 4319867.943, 104
Trd, 4319869.293, 115
Trd, 4319870.043, 122
Trd, 4319871.193, 96
Trd, 4319872.693, 94
Trd, 4319873.093, 93
Trd, 4319874.293, 105
Trd, 4319876.143, 113
Trd, 4319876.993, 96
Trd, 4319877.493, 95
Trd, 4319877.593, 91
Trd, 4319878.693, 106
Trd, 4319879.943, 112
Trd, 4319880.543, 96
Trd, 4319882.043, 101
Trd, 4319883.593, 98
Trd, 4319884.193, 97
Trd, 4319885.193, 85
Trd, 4319885.693, 101
Trd, 4319887.443, 99
Trd, 4319888.293, 104
Trd, 4319888.743, 95
Trd, 4319891.793, 97
Trd, 4319892.993, 100
Trd, 4319893.193, 101
Trd, 4319893.493, 111
Trd, 4319893.743, 97
Trd, 4319893.993, 94
Trd, 4319895.093, 103
Trd, 4319897.493, 102
Trd, 4319898.043, 98
Trd, 4319900.093, 106
Trd, 4319900.343, 107
Trd, 4319900.593, 93
Trd, 4319901.043, 85
Trd, 4319904.193, 103
Trd, 4319904.643, 95
Trd, 4319905.043, 103
Trd, 4319906.993, 102
Trd, 4319907.943, 110
Trd, 4319909.343, 97
Trd, 4319910.243, 96
Trd, 4319910.943, 94
Trd, 4319911.843, 101
Trd, 4319911.993, 104
Trd, 4319914.093, 97
Trd, 4319914.493, 97
Trd, 4319914.593, 112
Trd, 4319915.993, 113
Trd, 4319916.493, 94
Trd, 4319917.093, 101
Trd, 4319918.443, 92
Trd, 4319918.643, 112
Trd, 4319920.343, 98
Trd, 4319922.443, 97
Trd, 4319923.143, 107
Trd, 4319924.493, 98
Trd, 4319924.643, 102
Trd, 4319925.443, 99
Trd, 4319928.643, 108
Trd, 4319929.043, 98
Trd, 4319929.643, 98
Trd, 4319930.243, 104
Trd, 4319931.243, 113
Trd, 4319931.943, 100
Trd, 4319932.043, 94
Trd, 4319932.593, 120
Trd, 4319933.493, 98
Trd, 4319935.843, 108
Trd, 4319936.143, 98
Trd, 4319936.193, 93
Trd, 4319938.793, 105
Trd, 4319939.443, 97
Trd, 4319939.543, 93
Trd, 4319941.093, 82
Trd, 4319941.543, 103
Trd, 4319944.543, 95
Trd, 4319945.393, 101
Trd, 4319945.693, 104
Trd, 4319948.643, 94
Trd, 4319948.793, 94
Trd, 4319948.893, 109
Trd, 4319949.893, 94
Trd, 4319952.043, 80
Trd, 4319952.843, 112
Trd, 4319953.593, 94
Trd, 4319954.443, 105
Trd, 4319955.193, 91
Trd, 4319956.293, 109
Trd, 4319957.743, 93
Trd, 4319957.993, 103
Trd, 4319959.293, 106
Trd, 4319960.043, 113
Trd, 4319961.243, 95
Trd, 4319963.393, 92
Trd, 4319964.593, 108
Trd, 4319965.543, 99
Trd, 4319965.693, 97
Trd, 4319965.893, 107
Trd, 4319966.793, 96
Trd, 4319968.343, 103
Trd, 4319970.643, 96
Trd, 4319970.793, 96
Trd, 4319971.393, 101
Trd, 4319973.443, 95
Trd, 4319974.443, 101
Trd, 4319974.793, 96
Trd, 4319976.243, 94
Trd, 4319977.193, 99
Trd, 4319978.493, 81
Trd, 4319979.543, 96
Trd, 4319979.643, 104
Trd, 4319980.143, 113
Trd, 4319982.343, 93
Trd, 4319983.643, 100
Trd, 4319984.443, 94
Trd, 4319985.193, 104
Trd, 4319986.993, 99
Trd, 4319987.793, 101
Trd, 4319989.593, 99
Trd, 4319990.443, 98
Trd, 4319992.093, 99
Trd, 4319993.343, 99
Trd, 4319994.393, 104
Trd, 4319994.443, 113
Trd, 4319995.493, 98
Trd, 4319995.743, 97
Trd, 4319996.893, 104
Trd, 4319996.993, 94
Trd, 4319997.443, 104
Trd, 4319998.443, 98
Trd, 4319999.993, 108
