Trd, 4317852.593, 95
Trd, 4317853.043, 96
Trd, 4317853.543, 96
Trd, 4317854.443, 96
Trd, 4317856.443, 96
Trd, 4317859.643, 95
Trd, 4317859.993, 96
Trd, 4317861.293, 94
Trd, 4317863.293, 96
Trd, 4317863.993, 95
Trd, 4317865.193, 95
Trd, 4317866.293, 95
Trd, 4317867.193, 96
Trd, 4317869.243, 94
Trd, 4317870.493, 93
Trd, 4317871.743, 93
Trd, 4317875.043, 95
Trd, 4317875.843, 95
Trd, 4317876.943, 96
Trd, 4317878.843, 94
Trd, 4317880.043, 96
Trd, 4317883.093, 95
Trd, 4317883.443, 94
Trd, 4317883.693, 95
Trd, 4317884.643, 84
Trd, 4317888.693, 93
Trd, 4317888.793, 94
Trd, 4317889.943, 95
Trd, 4317892.693, 95
Trd, 4317894.093, 93
Trd, 4317895.193, 95
Trd, 4317896.593, 94
Trd, 4317899.343, 95
Trd, 4317901.143, 92
Trd, 4317901.993, 94
Trd, 4317903.443, 93
Trd, 4317903.493, 92
Trd, 4317906.143, 98
Trd, 4317907.243, 101
Trd, 4317908.243, 101
Trd, 4317909.843, 101
Trd, 4317910.793, 100
Trd, 4317910.893, 101
Trd, 4317914.443, 104
Trd, 4317914.793, 104
Trd, 4317914.993, 103
Trd, 4317916.893, 103
Trd, 4317917.343, 102
Trd, 4317920.343, 103
Trd, 4317920.593, 103
Trd, 4317921.593, 101
Trd, 4317924.443, 103
Trd, 4317927.193, 102
Trd, 4317929.043, 104
Trd, 4317931.043, 104
Trd, 4317932.943, 100
Trd, 4317933.043, 101
Trd, 4317934.743, 100
Trd, 4317935.793, 100
Trd, 4317936.043, 101
Trd, 4317938.193, 101
Trd, 4317938.843, 102
Trd, 4317939.093, 101
Trd, 4317942.493, 101
Trd, 4317943.143, 101
Trd, 4317944.793, 99
Trd, 4317949.093, 100
Trd, 4317949.543, 100
Trd, 4317952.393, 99
Trd, 4317953.143, 98
Trd, 4317954.193, 98
Trd, 4317955.343, 99
Trd, 4317955.843, 99
Trd, 4317956.793, 98
Trd, 4317957.043, 98
Trd, 4317958.743, 99
Trd, 4317958.943, 99
Trd, 4317963.743, 98
Trd, 4317964.443, 97
Trd, 4317965.343, 98
Trd, 4317965.493, 97
Trd, 4317967.443, 98
Trd, 4317967.743, 96
Trd, 4317970.493, 98
Trd, 4317971.743, 96
Trd, 4317973.093, 98
Trd, 4317973.593, 95
Trd, 4317975.493, 95
Trd, 4317979.043, 95
Trd, 4317980.493, 94
Trd, 4317981.043, 95
Trd, 4317981.743, 96
Trd, 4317981.893, 95
Trd, 4317982.693, 94
Trd, 4317984.043, 95
Trd, 4317985.093, 95
Trd, 4317986.243, 93
Trd, 4317988.893, 93
Trd, 4317991.443, 95
Trd, 4317992.843, 95
Trd, 4317993.643, 95
Trd, 4317994.143, 95
Trd, 4317996.743, 95
Trd, 4317998.243, 94
Trd, 4317999.243, 95
Trd, 4317999.343, 95
Trd, 4318002.943, 93
Trd, 4318003.993, 95
Trd, 4318005.643, 95
Trd, 4318006.743, 95
Trd, 4318007.243, 95
Trd, 4318008.493, 95
Trd, 4318008.543, 94
Trd, 4318010.093, 96
Trd, 4318011.343, 95
Trd, 4318012.193, 96
Trd, 4318013.393, 94
Trd, 4318013.643, 93
Trd, 4318016.243, 92
Trd, 4318016.793, 93
Trd, 4318018.543, 94
Trd, 4318021.593, 93
Trd, 4318021.793, 94
Trd, 4318022.843, 94
Trd, 4318023.043, 94
Trd, 4318023.493, 92
Trd, 4318025.693, 95
Trd, 4318027.643, 96
Trd, 4318028.943, 96
Trd, 4318029.793, 96
Trd, 4318030.993, 95
Trd, 4318032.693, 98
Trd, 4318032.993, 95
Trd, 4318035.643, 98
Trd, 4318036.343, 97
Trd, 4318041.343, 98
Trd, 4318041.443, 97
Trd, 4318043.393, 96
Trd, 4318044.443, 95
Trd, 4318046.093, 95
Trd, 4318047.393, 95
Trd, 4318048.993, 94
Trd, 4318049.443, 96
Trd, 4318051.243, 96
Trd, 4318051.693, 96
Trd, 4318055.243, 95
Trd, 4318056.243, 94
Trd, 4318056.993, 94
Trd, 4318058.793, 94
Trd, 4318059.293, 93
Trd, 4318059.793, 92
Trd, 4318061.643, 94
Trd, 4318062.743, 94
Trd, 4318063.893, 97
Trd, 4318064.093, 95
Trd, 4318064.543, 95
Trd, 4318066.843, 96
Trd, 4318067.093, 97
Trd, 4318067.993, 96
Trd, 4318069.793, 97
Trd, 4318070.343, 97
Trd, 4318071.643, 95
Trd, 4318072.293, 95
Trd, 4318074.893, 95
Trd, 4318075.343, 95
Trd, 4318078.393, 94
Trd, 4318081.143, 95
Trd, 4318082.243, 95
Trd, 4318083.443, 95
Trd, 4318084.393, 94
Trd, 4318086.143, 93
Trd, 4318086.493, 95
Trd, 4318086.893, 91
Trd, 4318087.193, 92
Trd, 4318089.293, 92
Trd, 4318089.943, 92
Trd, 4318091.793, 92
Trd, 4318092.243, 91
Trd, 4318093.843, 92
Trd, 4318096.743, 100
Trd, 4318096.993, 99
Trd, 4318099.443, 100
Trd, 4318100.793, 101
Trd, 4318103.793, 100
Trd, 4318104.993, 101
Trd, 4318105.743, 100
Trd, 4318107.343, 99
Trd, 4318109.043, 99
Trd, 4318110.143, 99
Trd, 4318111.093, 98
Trd, 4318113.893, 99
Trd, 4318119.343, 100
Trd, 4318120.093, 99
Trd, 4318120.593, 99
Trd, 4318122.993, 98
Trd, 4318123.893, 98
Trd, 4318124.043, 97
Trd, 4318124.443, 98
Trd, 4318128.093, 98
Trd, 4318128.143, 97
Trd, 4318128.343, 98
Trd, 4318128.393, 97
Trd, 4318133.493, 104
Trd, 4318133.693, 105
Trd, 4318134.643, 102
Trd, 4318135.543, 99
Trd, 4318135.643, 99
Trd, 4318136.293, 100
Trd, 4318137.543, 96
Trd, 4318138.893, 95
Trd, 4318139.893, 86
Trd, 4318141.543, 91
Trd, 4318141.943, 93
Trd, 4318142.743, 93
Trd, 4318142.943, 93
Trd, 4318145.693, 93
Trd, 4318147.293, 89
Trd, 4318147.393, 92
Trd, 4318149.393, 92
Trd, 4318150.193, 91
Trd, 4318153.343, 92
Trd, 4318154.093, 93
Trd, 4318155.443, 95
Trd, 4318156.093, 94
Trd, 4318156.493, 94
Trd, 4318158.193, 93
Trd, 4318161.293, 95
Trd, 4318163.493, 95
Trd, 4318163.743, 95
Trd, 4318164.393, 94
Trd, 4318165.293, 93
Trd, 4318167.693, 94
Trd, 4318168.993, 95
Trd, 4318169.643, 95
Trd, 4318170.543, 95
Trd, 4318173.193, 95
Trd, 4318174.193, 94
Trd, 4318174.643, 93
Trd, 4318175.543, 93
Trd, 4318176.843, 93
Trd, 4318177.293, 94
Trd, 4318178.993, 96
Trd, 4318180.593, 96
Trd, 4318180.943, 95
Trd, 4318183.893, 96
Trd, 4318184.593, 95
Trd, 4318186.093, 97
Trd, 4318186.443, 97
Trd, 4318190.643, 97
Trd, 4318190.693, 95
Trd, 4318192.793, 96
Trd, 4318193.293, 95
Trd, 4318194.593, 94
Trd, 4318194.843, 93
Trd, 4318196.093, 95
Trd, 4318198.893, 95
Trd, 4318199.243, 95
Trd, 4318199.743, 95
Trd, 4318202.593, 94
Trd, 4318204.193, 95
Trd, 4318205.343, 95
Trd, 4318206.093, 95
Trd, 4318206.943, 96
Trd, 4318208.193, 94
Trd, 4318208.643, 95
Trd, 4318209.293, 94
Trd, 4318209.643, 94
Trd, 4318210.543, 94
Trd, 4318212.993, 94
Trd, 4318213.193, 95
Trd, 4318214.493, 97
Trd, 4318215.843, 97
Trd, 4318216.743, 96
Trd, 4318218.693, 98
Trd, 4318220.343, 99
Trd, 4318221.693, 98
Trd, 4318223.393, 98
Trd, 4318224.593, 97
Trd, 4318227.193, 97
Trd, 4318227.943, 96
Trd, 4318228.443, 96
Trd, 4318230.493, 96
Trd, 4318230.893, 95
Trd, 4318231.443, 94
Trd, 4318234.593, 93
Trd, 4318234.693, 95
Trd, 4318234.843, 95
Trd, 4318237.843, 97
Trd, 4318240.493, 99
Trd, 4318241.993, 100
Trd, 4318242.993, 101
Trd, 4318244.643, 101
Trd, 4318246.643, 99
Trd, 4318248.143, 100
Trd, 4318249.043, 99
Trd, 4318249.643, 98
Trd, 4318251.193, 98
Trd, 4318251.793, 97
Trd, 4318255.143, 102
Trd, 4318256.343, 100
Trd, 4318258.043, 99
Trd, 4318258.793, 99
Trd, 4318260.343, 99
Trd, 4318262.993, 98
Trd, 4318263.393, 100
Trd, 4318264.193, 99
Trd, 4318265.243, 91
Trd, 4318270.193, 97
Trd, 4318270.743, 98
Trd, 4318271.493, 97
Trd, 4318272.743, 97
Trd, 4318275.343, 96
Trd, 4318275.443, 96
Trd, 4318275.593, 96
Trd, 4318275.993, 95
Trd, 4318278.193, 95
Trd, 4318280.443, 94
Trd, 4318281.043, 93
Trd, 4318282.143, 94
Trd, 4318283.143, 90
Trd, 4318284.593, 94
Trd, 4318284.943, 93
Trd, 4318287.143, 95
Trd, 4318288.393, 94
Trd, 4318288.893, 95
Trd, 4318290.593, 98
Trd, 4318290.743, 97
Trd, 4318291.843, 97
Trd, 4318294.643, 101
Trd, 4318294.693, 100
Trd, 4318295.843, 103
Trd, 4318295.993, 103
Trd, 4318297.893, 104
Trd, 4318299.093, 105
Trd, 4318299.643, 103
Trd, 4318300.943, 103
Trd, 4318303.093, 102
Trd, 4318305.493, 102
Trd, 4318307.343, 103
Trd, 4318307.643, 102
Trd, 4318308.093, 103
Trd, 4318308.843, 99
Trd, 4318309.993, 100
Trd, 4318312.143, 100
Trd, 4318313.193, 101
Trd, 4318316.443, 104
Trd, 4318317.193, 105
Trd, 4318318.843, 104
Trd, 4318320.043, 104
Trd, 4318320.993, 101
Trd, 4318322.443, 98
Trd, 4318322.943, 97
Trd, 4318324.193, 97
Trd, 4318324.243, 96
Trd, 4318327.493, 96
Trd, 4318327.693, 96
Trd, 4318327.943, 95
Trd, 4318328.643, 95
Trd, 4318332.443, 104
Trd, 4318332.943, 102
Trd, 4318333.543, 102
Trd, 4318334.243, 101
Trd, 4318335.193, 98
Trd, 4318336.593, 101
Trd, 4318338.543, 101
Trd, 4318340.093, 101
Trd, 4318342.493, 100
Trd, 4318344.193, 99
Trd, 4318344.793, 98
Trd, 4318345.093, 96
Trd, 4318345.443, 96
Trd, 4318345.543, 95
Trd, 4318348.993, 91
Trd, 4318349.393, 94
Trd, 4318352.393, 92
Trd, 4318352.643, 92
Trd, 4318352.993, 94
Trd, 4318353.743, 95
Trd, 4318354.543, 95
Trd, 4318357.143, 94
Trd, 4318358.343, 95
Trd, 4318360.143, 95
Trd, 4318360.343, 93
Trd, 4318362.743, 95
Trd, 4318363.843, 94
Trd, 4318364.093, 94
Trd, 4318366.593, 93
Trd, 4318368.693, 94
Trd, 4318369.693, 94
Trd, 4318369.993, 92
Trd, 4318371.443, 91
Trd, 4318374.393, 91
Trd, 4318375.543, 93
Trd, 4318376.493, 94
Trd, 4318380.243, 95
Trd, 4318383.193, 96
Trd, 4318383.243, 95
Trd, 4318386.093, 95
Trd, 4318386.443, 94
Trd, 4318389.343, 94
Trd, 4318391.993, 94
Trd, 4318392.043, 94
Trd, 4318392.093, 93
Trd, 4318394.343, 95
Trd, 4318395.393, 96
Trd, 4318395.743, 95
Trd, 4318396.993, 95
Trd, 4318397.443, 95
Trd, 4318399.443, 96
Trd, 4318401.643, 95
Trd, 4318402.543, 95
Trd, 4318402.693, 95
Trd, 4318403.293, 94
Trd, 4318405.643, 97
Trd, 4318405.843, 95
Trd, 4318409.293, 95
Trd, 4318409.393, 95
Trd, 4318411.743, 94
Trd, 4318413.143, 96
Trd, 4318414.093, 95
Trd, 4318414.243, 95
Trd, 4318415.593, 95
Trd, 4318415.993, 94
Trd, 4318418.393, 96
Trd, 4318419.343, 95
Trd, 4318419.543, 97
Trd, 4318420.643, 96
Trd, 4318422.193, 95
Trd, 4318424.693, 96
Trd, 4318425.643, 96
Trd, 4318428.343, 95
Trd, 4318430.693, 95
Trd, 4318431.993, 95
Trd, 4318433.443, 95
Trd, 4318434.093, 95
Trd, 4318434.643, 94
Trd, 4318435.643, 91
Trd, 4318436.943, 85
Trd, 4318438.093, 89
Trd, 4318438.293, 88
Trd, 4318440.693, 95
Trd, 4318441.793, 92
Trd, 4318442.243, 94
Trd, 4318443.493, 94
Trd, 4318444.693, 95
Trd, 4318446.793, 96
Trd, 4318447.293, 96
Trd, 4318448.693, 95
Trd, 4318450.243, 95
Trd, 4318450.943, 97
Trd, 4318451.743, 96
Trd, 4318451.943, 96
Trd, 4318455.493, 102
Trd, 4318456.743, 101
Trd, 4318457.843, 100
Trd, 4318458.593, 101
Trd, 4318459.343, 101
Trd, 4318463.243, 101
Trd, 4318464.043, 102
Trd, 4318464.743, 100
Trd, 4318467.293, 101
Trd, 4318469.193, 102
Trd, 4318471.993, 101
Trd, 4318472.493, 101
Trd, 4318472.793, 102
Trd, 4318475.043, 100
Trd, 4318476.443, 95
Trd, 4318479.043, 99
Trd, 4318479.543, 99
Trd, 4318479.693, 101
Trd, 4318483.793, 100
Trd, 4318484.043, 98
Trd, 4318485.893, 100
Trd, 4318486.743, 99
Trd, 4318488.093, 100
Trd, 4318490.643, 100
Trd, 4318493.643, 99
Trd, 4318494.443, 99
Trd, 4318495.243, 99
Trd, 4318495.693, 98
Trd, 4318496.093, 99
Trd, 4318496.843, 100
Trd, 4318498.793, 102
Trd, 4318499.793, 101
Trd, 4318501.443, 101
Trd, 4318502.843, 100
Trd, 4318503.093, 101
Trd, 4318504.743, 100
Trd, 4318507.843, 100
Trd, 4318508.393, 99
Trd, 4318508.643, 99
Trd, 4318509.143, 99
Trd, 4318510.493, 99
Trd, 4318512.593, 98
Trd, 4318513.993, 98
Trd, 4318515.793, 99
Trd, 4318517.543, 98
Trd, 4318520.593, 98
Trd, 4318520.793, 98
Trd, 4318521.843, 97
Trd, 4318521.943, 95
Trd, 4318523.643, 97
Trd, 4318525.043, 98
Trd, 4318525.343, 97
Trd, 4318528.193, 96
Trd, 4318530.243, 97
Trd, 4318530.943, 95
Trd, 4318532.893, 97
Trd, 4318533.443, 96
Trd, 4318534.143, 98
Trd, 4318535.143, 98
Trd, 4318535.893, 98
Trd, 4318539.493, 97
Trd, 4318540.943, 97
Trd, 4318543.293, 98
Trd, 4318543.843, 96
Trd, 4318547.043, 97
Trd, 4318547.393, 96
Trd, 4318551.393, 97
Trd, 4318552.793, 96
Trd, 4318555.343, 98
Trd, 4318556.693, 97
Trd, 4318557.193, 96
Trd, 4318559.693, 96
Trd, 4318559.943, 95
Trd, 4318560.943, 94
Trd, 4318562.343, 97
Trd, 4318563.493, 95
Trd, 4318564.543, 95
Trd, 4318565.393, 96
Trd, 4318566.843, 95
Trd, 4318568.593, 100
Trd, 4318570.393, 99
Trd, 4318571.593, 99
Trd, 4318572.143, 99
Trd, 4318574.593, 100
Trd, 4318574.843, 99
Trd, 4318575.693, 98
Trd, 4318575.793, 99
Trd, 4318577.193, 98
Trd, 4318579.643, 97
Trd, 4318580.093, 97
Trd, 4318580.443, 96
Trd, 4318581.843, 97
Trd, 4318585.243, 96
Trd, 4318585.743, 97
Trd, 4318587.343, 97
Trd, 4318590.743, 97
Trd, 4318591.293, 96
Trd, 4318592.993, 96
Trd, 4318597.293, 97
Trd, 4318597.493, 96
Trd, 4318598.293, 95
Trd, 4318602.243, 97
Trd, 4318602.993, 95
Trd, 4318606.093, 95
Trd, 4318606.793, 95
Trd, 4318608.593, 96
Trd, 4318609.843, 93
Trd, 4318612.543, 94
Trd, 4318615.393, 95
Trd, 4318616.293, 94
Trd, 4318617.343, 92
Trd, 4318619.043, 93
Trd, 4318619.293, 94
Trd, 4318620.343, 93
Trd, 4318622.893, 94
Trd, 4318623.443, 94
Trd, 4318624.993, 94
Trd, 4318626.293, 93
Trd, 4318628.393, 94
Trd, 4318629.243, 93
Trd, 4318630.743, 92
Trd, 4318632.993, 93
Trd, 4318634.393, 93
Trd, 4318636.193, 92
Trd, 4318636.643, 93
Trd, 4318638.393, 94
Trd, 4318638.943, 95
Trd, 4318640.193, 94
Trd, 4318641.443, 95
Trd, 4318644.043, 96
Trd, 4318645.393, 95
Trd, 4318649.593, 97
Trd, 4318649.693, 97
Trd, 4318649.743, 96
Trd, 4318649.943, 95
Trd, 4318651.593, 94
Trd, 4318651.693, 95
Trd, 4318654.343, 97
Trd, 4318655.543, 96
Trd, 4318656.343, 99
Trd, 4318657.743, 100
Trd, 4318658.643, 98
Trd, 4318659.043, 98
Trd, 4318660.743, 97
Trd, 4318661.893, 96
Trd, 4318663.593, 101
Trd, 4318664.993, 104
Trd, 4318666.243, 106
Trd, 4318666.943, 104
Trd, 4318667.143, 104
Trd, 4318669.743, 108
Trd, 4318670.343, 107
Trd, 4318671.093, 106
Trd, 4318673.443, 105
Trd, 4318675.393, 104
Trd, 4318675.943, 104
Trd, 4318678.493, 102
Trd, 4318678.743, 98
Trd, 4318679.943, 102
Trd, 4318680.493, 102
Trd, 4318681.743, 103
Trd, 4318683.843, 102
Trd, 4318686.293, 103
Trd, 4318686.493, 102
Trd, 4318688.793, 101
Trd, 4318688.993, 103
Trd, 4318691.493, 101
Trd, 4318693.693, 102
Trd, 4318694.393, 100
Trd, 4318695.443, 98
Trd, 4318698.443, 100
Trd, 4318698.793, 99
Trd, 4318701.343, 99
Trd, 4318703.293, 100
Trd, 4318704.543, 100
Trd, 4318705.993, 99
Trd, 4318706.843, 101
Trd, 4318707.493, 98
Trd, 4318710.493, 98
Trd, 4318710.543, 97
Trd, 4318712.043, 97
Trd, 4318714.143, 96
Trd, 4318715.543, 97
Trd, 4318715.743, 96
Trd, 4318717.243, 95
Trd, 4318717.543, 96
Trd, 4318719.543, 95
Trd, 4318723.543, 96
Trd, 4318723.743, 94
Trd, 4318726.643, 96
Trd, 4318727.843, 96
Trd, 4318728.293, 96
Trd, 4318729.043, 95
Trd, 4318729.743, 95
Trd, 4318730.443, 94
Trd, 4318732.543, 100
Trd, 4318733.443, 98
Trd, 4318735.443, 100
Trd, 4318735.493, 100
Trd, 4318738.393, 99
Trd, 4318740.293, 99
Trd, 4318740.743, 98
Trd, 4318742.393, 100
Trd, 4318742.593, 100
Trd, 4318744.443, 100
Trd, 4318744.793, 101
Trd, 4318747.443, 99
Trd, 4318750.393, 100
Trd, 4318751.493, 99
Trd, 4318751.993, 99
Trd, 4318752.193, 98
Trd, 4318755.043, 99
Trd, 4318755.643, 99
Trd, 4318757.293, 100
Trd, 4318759.043, 98
Trd, 4318763.493, 98
Trd, 4318764.243, 97
Trd, 4318765.593, 98
Trd, 4318766.043, 98
Trd, 4318766.293, 97
Trd, 4318768.593, 97
Trd, 4318768.793, 96
Trd, 4318769.443, 95
Trd, 4318772.443, 96
Trd, 4318773.493, 96
Trd, 4318774.043, 95
Trd, 4318774.093, 95
Trd, 4318777.693, 95
Trd, 4318777.993, 95
Trd, 4318779.193, 95
Trd, 4318780.543, 95
Trd, 4318783.693, 94
Trd, 4318784.543, 95
Trd, 4318788.043, 95
Trd, 4318788.093, 94
Trd, 4318788.593, 93
Trd, 4318790.543, 94
Trd, 4318792.143, 95
Trd, 4318793.693, 94
Trd, 4318795.143, 95
Trd, 4318798.293, 94
Trd, 4318800.743, 94
Trd, 4318802.943, 94
Trd, 4318803.093, 93
Trd, 4318803.193, 93
Trd, 4318804.193, 86
Trd, 4318805.843, 93
Trd, 4318805.943, 93
Trd, 4318808.093, 94
Trd, 4318809.143, 93
Trd, 4318812.293, 95
Trd, 4318813.493, 95
Trd, 4318815.543, 94
Trd, 4318815.743, 95
Trd, 4318817.193, 94
Trd, 4318819.293, 94
Trd, 4318820.493, 95
Trd, 4318821.293, 94
Trd, 4318826.093, 95
Trd, 4318826.393, 94
Trd, 4318826.993, 95
Trd, 4318827.493, 93
Trd, 4318828.943, 95
Trd, 4318829.943, 96
Trd, 4318830.343, 95
Trd, 4318835.943, 93
Trd, 4318836.193, 95
Trd, 4318838.093, 94
Trd, 4318838.243, 93
Trd, 4318838.943, 93
Trd, 4318839.443, 95
Trd, 4318840.943, 96
Trd, 4318842.743, 98
Trd, 4318842.943, 97
Trd, 4318844.493, 97
Trd, 4318846.843, 96
Trd, 4318847.693, 96
Trd, 4318848.043, 95
Trd, 4318848.593, 95
Trd, 4318848.893, 94
Trd, 4318852.343, 94
Trd, 4318853.143, 93
Trd, 4318855.443, 94
Trd, 4318856.993, 94
Trd, 4318857.443, 95
Trd, 4318859.393, 95
Trd, 4318859.493, 95
Trd, 4318861.393, 93
Trd, 4318862.693, 93
Trd, 4318865.143, 95
Trd, 4318865.243, 95
Trd, 4318866.043, 94
Trd, 4318866.993, 95
Trd, 4318867.443, 95
Trd, 4318870.343, 95
Trd, 4318871.543, 94
Trd, 4318872.393, 95
Trd, 4318874.593, 93
Trd, 4318876.693, 95
Trd, 4318879.393, 95
Trd, 4318882.243, 95
Trd, 4318882.843, 94
Trd, 4318884.043, 95
Trd, 4318885.393, 95
Trd, 4318885.643, 96
Trd, 4318886.593, 96
Trd, 4318890.593, 95
Trd, 4318890.893, 96
Trd, 4318892.443, 96
Trd, 4318894.593, 95
Trd, 4318896.043, 95
Trd, 4318898.793, 95
Trd, 4318901.743, 94
Trd, 4318903.693, 96
Trd, 4318903.943, 96
Trd, 4318905.443, 95
Trd, 4318906.393, 96
Trd, 4318906.893, 97
Trd, 4318908.443, 96
Trd, 4318908.693, 96
Trd, 4318909.043, 95
Trd, 4318910.443, 96
Trd, 4318911.643, 95
Trd, 4318912.493, 97
Trd, 4318915.493, 96
Trd, 4318918.243, 97
Trd, 4318919.543, 97
Trd, 4318920.243, 96
Trd, 4318922.243, 98
Trd, 4318922.693, 95
Trd, 4318924.843, 96
Trd, 4318926.193, 95
Trd, 4318928.293, 97
Trd, 4318928.993, 97
Trd, 4318929.893, 96
Trd, 4318930.543, 97
Trd, 4318931.643, 95
Trd, 4318932.793, 95
Trd, 4318934.993, 96
Trd, 4318935.443, 95
Trd, 4318939.943, 98
Trd, 4318940.743, 95
Trd, 4318940.893, 96
Trd, 4318941.793, 95
Trd, 4318942.593, 96
Trd, 4318947.893, 96
Trd, 4318947.943, 97
Trd, 4318948.693, 96
Trd, 4318949.343, 97
Trd, 4318949.393, 96
Trd, 4318951.343, 95
Trd, 4318952.943, 96
Trd, 4318955.693, 96
Trd, 4318957.343, 95
Trd, 4318957.643, 96
Trd, 4318958.493, 97
Trd, 4318959.043, 95
Trd, 4318960.443, 95
Trd, 4318964.343, 95
Trd, 4318965.243, 96
Trd, 4318965.343, 95
Trd, 4318965.743, 95
Trd, 4318967.593, 95
Trd, 4318968.643, 95
Trd, 4318968.993, 94
Trd, 4318969.843, 95
Trd, 4318971.793, 97
Trd, 4318972.093, 98
Trd, 4318974.693, 98
Trd, 4318976.443, 96
Trd, 4318976.543, 97
Trd, 4318977.143, 95
Trd, 4318978.943, 96
Trd, 4318979.293, 97
Trd, 4318980.693, 97
Trd, 4318981.043, 96
Trd, 4318983.993, 97
Trd, 4318984.593, 96
Trd, 4318986.393, 98
Trd, 4318988.493, 97
Trd, 4318992.043, 95
Trd, 4318992.493, 96
Trd, 4318993.093, 96
Trd, 4318994.843, 95
Trd, 4318996.043, 95
Trd, 4318998.093, 95
Trd, 4318998.343, 96
Trd, 4319001.093, 95
Trd, 4319002.593, 96
Trd, 4319002.843, 95
Trd, 4319002.943, 94
Trd, 4319008.993, 95
Trd, 4319009.593, 95
Trd, 4319010.093, 95
Trd, 4319010.243, 96
Trd, 4319011.993, 99
Trd, 4319012.443, 97
Trd, 4319014.343, 97
Trd, 4319014.493, 96
Trd, 4319015.893, 96
Trd, 4319016.443, 95
Trd, 4319017.693, 96
Trd, 4319018.843, 99
Trd, 4319020.493, 97
Trd, 4319022.393, 95
Trd, 4319024.343, 98
Trd, 4319025.693, 96
Trd, 4319026.543, 98
Trd, 4319027.343, 96
Trd, 4319028.243, 96
Trd, 4319029.793, 96
Trd, 4319031.543, 96
Trd, 4319032.093, 95
Trd, 4319032.893, 96
Trd, 4319035.343, 100
Trd, 4319036.793, 102
Trd, 4319037.893, 100
Trd, 4319039.443, 101
Trd, 4319041.043, 100
Trd, 4319042.293, 101
Trd, 4319042.843, 100
Trd, 4319045.843, 99
Trd, 4319045.893, 99
Trd, 4319046.893, 98
Trd, 4319047.493, 98
Trd, 4319047.593, 97
Trd, 4319048.443, 85
Trd, 4319050.993, 97
Trd, 4319051.393, 97
Trd, 4319054.293, 97
Trd, 4319054.743, 96
Trd, 4319058.343, 97
Trd, 4319058.593, 97
Trd, 4319059.343, 96
Trd, 4319059.743, 95
Trd, 4319061.743, 98
Trd, 4319066.043, 98
Trd, 4319066.343, 97
Trd, 4319066.893, 97
Trd, 4319067.843, 97
Trd, 4319068.993, 96
Trd, 4319071.643, 95
Trd, 4319072.693, 95
Trd, 4319073.193, 94
Trd, 4319073.393, 96
Trd, 4319074.143, 95
Trd, 4319075.443, 97
Trd, 4319079.693, 95
Trd, 4319079.943, 95
Trd, 4319083.543, 95
Trd, 4319083.943, 96
Trd, 4319084.693, 96
Trd, 4319087.143, 94
Trd, 4319091.343, 95
Trd, 4319091.893, 95
Trd, 4319091.943, 95
Trd, 4319093.193, 94
Trd, 4319093.743, 95
Trd, 4319093.843, 93
Trd, 4319096.543, 95
Trd, 4319098.393, 95
Trd, 4319098.843, 95
Trd, 4319099.743, 95
Trd, 4319100.993, 95
Trd, 4319101.093, 95
Trd, 4319103.193, 94
Trd, 4319104.693, 94
Trd, 4319105.793, 96
Trd, 4319107.843, 96
Trd, 4319108.043, 96
Trd, 4319108.893, 96
Trd, 4319109.993, 95
Trd, 4319110.943, 96
Trd, 4319113.693, 96
Trd, 4319113.993, 95
Trd, 4319115.693, 95
Trd, 4319117.093, 95
Trd, 4319118.443, 96
Trd, 4319119.593, 95
Trd, 4319120.493, 95
Trd, 4319122.643, 95
Trd, 4319122.893, 94
Trd, 4319123.543, 95
Trd, 4319124.493, 95
Trd, 4319126.243, 95
Trd, 4319127.893, 102
Trd, 4319128.043, 101
Trd, 4319130.643, 104
Trd, 4319130.843, 101
Trd, 4319131.593, 102
Trd, 4319134.143, 104
Trd, 4319134.993, 102
Trd, 4319137.093, 102
Trd, 4319137.243, 102
Trd, 4319137.893, 101
Trd, 4319139.043, 102
Trd, 4319139.443, 102
Trd, 4319140.393, 101
Trd, 4319141.893, 101
Trd, 4319141.993, 99
Trd, 4319145.743, 99
Trd, 4319147.493, 99
Trd, 4319147.793, 99
Trd, 4319150.643, 98
Trd, 4319150.793, 99
Trd, 4319153.743, 98
Trd, 4319153.993, 98
Trd, 4319154.593, 95
Trd, 4319156.393, 95
Trd, 4319156.543, 95
Trd, 4319158.393, 94
Trd, 4319158.493, 93
Trd, 4319159.093, 93
Trd, 4319159.843, 93
Trd, 4319163.243, 94
Trd, 4319163.643, 93
Trd, 4319164.593, 94
Trd, 4319164.843, 94
Trd, 4319167.493, 93
Trd, 4319168.293, 92
Trd, 4319168.543, 93
Trd, 4319170.343, 95
Trd, 4319173.143, 100
Trd, 4319174.043, 97
Trd, 4319176.643, 98
Trd, 4319176.693, 99
Trd, 4319177.193, 98
Trd, 4319178.243, 99
Trd, 4319180.493, 98
Trd, 4319181.143, 99
Trd, 4319181.843, 99
Trd, 4319183.643, 98
Trd, 4319186.543, 97
Trd, 4319187.193, 97
Trd, 4319190.543, 97
Trd, 4319191.293, 96
Trd, 4319191.893, 97
Trd, 4319192.843, 97
Trd, 4319194.193, 96
Trd, 4319197.893, 96
Trd, 4319198.193, 96
Trd, 4319198.593, 97
Trd, 4319198.793, 96
Trd, 4319201.643, 95
Trd, 4319202.393, 96
Trd, 4319203.793, 95
Trd, 4319204.593, 96
Trd, 4319205.293, 95
Trd, 4319206.093, 91
Trd, 4319207.993, 91
Trd, 4319208.393, 95
Trd, 4319209.993, 98
Trd, 4319212.043, 101
Trd, 4319213.393, 102
Trd, 4319215.243, 102
Trd, 4319216.293, 102
Trd, 4319216.393, 101
Trd, 4319217.143, 101
Trd, 4319217.793, 102
Trd, 4319217.843, 101
Trd, 4319222.543, 112
Trd, 4319223.093, 110
Trd, 4319224.393, 111
Trd, 4319224.643, 110
Trd, 4319226.593, 110
Trd, 4319227.943, 109
Trd, 4319229.593, 104
Trd, 4319229.943, 103
Trd, 4319232.243, 96
Trd, 4319232.393, 95
Trd, 4319234.443, 90
Trd, 4319235.543, 92
Trd, 4319236.393, 85
Trd, 4319236.993, 99
Trd, 4319239.393, 100
Trd, 4319239.693, 100
Trd, 4319242.743, 101
Trd, 4319243.943, 100
Trd, 4319245.293, 99
Trd, 4319245.493, 98
Trd, 4319247.793, 102
Trd, 4319248.893, 101
Trd, 4319249.943, 101
Trd, 4319250.593, 100
Trd, 4319250.643, 98
Trd, 4319253.143, 99
Trd, 4319253.293, 98
Trd, 4319256.543, 97
Trd, 4319258.443, 97
Trd, 4319259.843, 97
Trd, 4319260.743, 97
Trd, 4319262.093, 98
Trd, 4319263.043, 96
Trd, 4319264.093, 95
Trd, 4319265.743, 99
Trd, 4319265.943, 97
Trd, 4319267.593, 96
Trd, 4319269.593, 102
Trd, 4319270.643, 100
Trd, 4319270.993, 100
Trd, 4319272.243, 75
Trd, 4319276.393, 99
Trd, 4319278.043, 100
Trd, 4319278.093, 100
Trd, 4319278.343, 99
Trd, 4319279.693, 96
Trd, 4319282.443, 96
Trd, 4319282.943, 97
Trd, 4319284.193, 95
Trd, 4319285.643, 96
Trd, 4319285.943, 95
Trd, 4319286.993, 96
Trd, 4319290.643, 96
Trd, 4319291.293, 95
Trd, 4319291.593, 96
Trd, 4319293.043, 94
Trd, 4319294.743, 96
Trd, 4319295.743, 96
Trd, 4319298.743, 98
Trd, 4319300.443, 97
Trd, 4319301.093, 96
Trd, 4319302.693, 96
Trd, 4319304.743, 97
Trd, 4319305.793, 96
Trd, 4319309.893, 95
Trd, 4319310.943, 96
Trd, 4319311.143, 95
Trd, 4319312.143, 95
Trd, 4319312.193, 94
Trd, 4319312.593, 84
Trd, 4319315.043, 95
Trd, 4319316.093, 99
Trd, 4319318.093, 102
Trd, 4319320.993, 100
Trd, 4319322.393, 99
Trd, 4319322.493, 100
Trd, 4319325.293, 99
Trd, 4319326.643, 98
Trd, 4319329.043, 100
Trd, 4319329.143, 99
Trd, 4319333.943, 98
Trd, 4319336.443, 99
Trd, 4319337.543, 97
Trd, 4319338.893, 96
Trd, 4319338.943, 96
Trd, 4319340.243, 96
Trd, 4319340.643, 94
Trd, 4319343.843, 98
Trd, 4319344.243, 98
Trd, 4319345.393, 97
Trd, 4319346.943, 97
Trd, 4319347.443, 96
Trd, 4319347.893, 96
Trd, 4319348.893, 95
Trd, 4319351.943, 99
Trd, 4319353.543, 97
Trd, 4319354.293, 97
Trd, 4319355.293, 97
Trd, 4319359.593, 97
Trd, 4319360.393, 98
Trd, 4319361.593, 98
Trd, 4319362.343, 98
Trd, 4319365.493, 97
Trd, 4319367.093, 97
Trd, 4319369.093, 99
Trd, 4319371.193, 99
Trd, 4319373.143, 100
Trd, 4319373.793, 97
Trd, 4319375.493, 96
Trd, 4319375.993, 96
Trd, 4319376.343, 96
Trd, 4319379.193, 96
Trd, 4319380.443, 96
Trd, 4319381.843, 95
Trd, 4319382.543, 95
Trd, 4319382.843, 94
Trd, 4319385.593, 96
Trd, 4319385.993, 96
Trd, 4319386.693, 96
Trd, 4319390.143, 96
Trd, 4319391.543, 97
Trd, 4319391.893, 95
Trd, 4319396.143, 98
Trd, 4319396.443, 98
Trd, 4319398.693, 99
Trd, 4319399.393, 99
Trd, 4319400.343, 98
Trd, 4319402.743, 97
Trd, 4319402.843, 97
Trd, 4319403.793, 97
Trd, 4319406.643, 97
Trd, 4319407.243, 97
Trd, 4319408.693, 97
Trd, 4319411.893, 96
Trd, 4319413.343, 98
Trd, 4319415.243, 97
Trd, 4319416.143, 94
Trd, 4319417.743, 98
Trd, 4319419.843, 96
Trd, 4319420.343, 97
Trd, 4319420.793, 95
Trd, 4319422.943, 96
Trd, 4319423.693, 96
Trd, 4319425.993, 96
Trd, 4319427.293, 95
Trd, 4319429.043, 96
Trd, 4319429.293, 94
Trd, 4319432.693, 96
Trd, 4319434.293, 96
Trd, 4319434.343, 95
Trd, 4319438.343, 95
Trd, 4319439.043, 94
Trd, 4319439.393, 95
Trd, 4319440.743, 95
Trd, 4319440.993, 93
Trd, 4319443.043, 96
Trd, 4319444.793, 95
Trd, 4319444.893, 96
Trd, 4319444.993, 95
Trd, 4319447.143, 95
Trd, 4319448.343, 95
Trd, 4319448.943, 94
Trd, 4319449.043, 95
Trd, 4319449.843, 94
Trd, 4319450.893, 93
Trd, 4319454.493, 95
Trd, 4319454.943, 93
Trd, 4319455.143, 93
Trd, 4319455.243, 95
Trd, 4319457.843, 95
Trd, 4319458.843, 95
Trd, 4319460.393, 95
Trd, 4319460.743, 95
Trd, 4319462.193, 96
Trd, 4319463.943, 95
Trd, 4319464.743, 94
Trd, 4319465.993, 96
Trd, 4319466.593, 94
Trd, 4319468.543, 95
Trd, 4319471.343, 94
Trd, 4319471.843, 95
Trd, 4319472.393, 94
Trd, 4319473.943, 95
Trd, 4319475.343, 95
Trd, 4319475.743, 96
Trd, 4319477.243, 95
Trd, 4319477.993, 95
Trd, 4319479.643, 96
Trd, 4319482.043, 95
Trd, 4319484.893, 95
Trd, 4319487.443, 95
Trd, 4319489.443, 96
Trd, 4319489.743, 95
Trd, 4319493.893, 95
Trd, 4319494.143, 94
Trd, 4319496.343, 95
Trd, 4319496.493, 95
Trd, 4319496.993, 94
Trd, 4319498.743, 93
Trd, 4319500.193, 97
Trd, 4319500.293, 96
Trd, 4319501.743, 96
Trd, 4319502.193, 96
Trd, 4319503.893, 97
Trd, 4319505.993, 98
Trd, 4319510.493, 99
Trd, 4319510.993, 100
Trd, 4319512.143, 99
Trd, 4319512.793, 99
Trd, 4319513.793, 99
Trd, 4319515.893, 98
Trd, 4319517.293, 97
Trd, 4319519.043, 97
Trd, 4319519.793, 96
Trd, 4319519.993, 97
Trd, 4319520.193, 95
Trd, 4319521.843, 95
Trd, 4319524.943, 98
Trd, 4319525.293, 97
Trd, 4319526.293, 97
Trd, 4319528.443, 98
Trd, 4319529.343, 98
Trd, 4319531.643, 96
Trd, 4319535.343, 99
Trd, 4319536.593, 98
Trd, 4319537.643, 99
Trd, 4319537.943, 98
Trd, 4319538.693, 97
Trd, 4319539.593, 98
Trd, 4319542.143, 99
Trd, 4319544.593, 97
Trd, 4319545.193, 98
Trd, 4319545.693, 96
Trd, 4319547.943, 97
Trd, 4319548.443, 97
Trd, 4319548.943, 96
Trd, 4319550.943, 99
Trd, 4319552.193, 98
Trd, 4319554.743, 97
Trd, 4319556.843, 98
Trd, 4319558.143, 98
Trd, 4319560.943, 96
Trd, 4319562.093, 98
Trd, 4319562.743, 99
Trd, 4319563.743, 97
Trd, 4319565.793, 97
Trd, 4319567.093, 96
Trd, 4319570.093, 97
Trd, 4319570.543, 96
Trd, 4319570.943, 95
Trd, 4319572.143, 97
Trd, 4319576.093, 95
Trd, 4319576.743, 95
Trd, 4319576.793, 95
Trd, 4319577.293, 94
Trd, 4319578.043, 94
Trd, 4319581.243, 100
Trd, 4319582.043, 103
Trd, 4319582.843, 102
Trd, 4319584.943, 98
Trd, 4319585.093, 99
Trd, 4319586.843, 100
Trd, 4319586.943, 98
Trd, 4319587.743, 100
Trd, 4319589.243, 99
Trd, 4319590.543, 95
Trd, 4319592.693, 100
Trd, 4319593.443, 98
Trd, 4319594.543, 97
Trd, 4319596.343, 98
Trd, 4319596.643, 97
Trd, 4319596.743, 96
Trd, 4319599.993, 96
Trd, 4319600.743, 97
Trd, 4319601.093, 95
Trd, 4319603.193, 96
Trd, 4319603.493, 95
Trd, 4319604.443, 95
Trd, 4319606.893, 97
Trd, 4319607.793, 96
Trd, 4319608.693, 95
Trd, 4319609.743, 96
Trd, 4319611.043, 96
Trd, 4319611.593, 96
Trd, 4319611.793, 95
Trd, 4319612.243, 95
Trd, 4319613.493, 98
Trd, 4319614.593, 97
Trd, 4319616.443, 93
Trd, 4319619.043, 96
Trd, 4319619.343, 96
Trd, 4319620.293, 96
Trd, 4319620.693, 97
Trd, 4319622.493, 96
Trd, 4319624.993, 94
Trd, 4319628.893, 97
Trd, 4319629.793, 97
Trd, 4319631.293, 96
Trd, 4319631.593, 96
Trd, 4319631.843, 96
Trd, 4319633.743, 94
Trd, 4319635.843, 97
Trd, 4319636.393, 97
Trd, 4319637.543, 97
Trd, 4319638.843, 96
Trd, 4319641.043, 95
Trd, 4319642.143, 95
Trd, 4319643.393, 96
Trd, 4319643.893, 96
Trd, 4319645.043, 95
Trd, 4319645.293, 96
Trd, 4319646.443, 94
Trd, 4319648.493, 92
Trd, 4319649.893, 100
Trd, 4319650.193, 98
Trd, 4319650.393, 98
Trd, 4319651.093, 98
Trd, 4319651.793, 99
Trd, 4319655.593, 99
Trd, 4319657.793, 101
Trd, 4319658.043, 101
Trd, 4319661.293, 100
Trd, 4319662.693, 100
Trd, 4319664.343, 99
Trd, 4319664.893, 99
Trd, 4319665.893, 98
Trd, 4319667.693, 98
Trd, 4319668.493, 98
Trd, 4319670.093, 99
Trd, 4319673.593, 99
Trd, 4319674.093, 99
Trd, 4319675.193, 98
Trd, 4319675.543, 98
Trd, 4319677.843, 98
Trd, 4319678.043, 99
Trd, 4319679.293, 99
Trd, 4319681.793, 100
Trd, 4319681.843, 97
Trd, 4319685.443, 98
Trd, 4319686.743, 98
Trd, 4319687.743, 98
Trd, 4319688.593, 98
Trd, 4319688.843, 97
Trd, 4319691.593, 97
Trd, 4319691.893, 96
Trd, 4319692.493, 95
Trd, 4319696.043, 97
Trd, 4319699.043, 95
Trd, 4319701.743, 97
Trd, 4319702.443, 96
Trd, 4319702.893, 95
Trd, 4319703.293, 94
Trd, 4319703.593, 94
Trd, 4319707.343, 99
Trd, 4319709.143, 102
Trd, 4319709.793, 101
Trd, 4319710.043, 101
Trd, 4319711.593, 101
Trd, 4319713.143, 101
Trd, 4319713.793, 101
Trd, 4319713.843, 100
Trd, 4319714.543, 99
Trd, 4319715.193, 99
Trd, 4319716.243, 99
Trd, 4319719.043, 98
Trd, 4319719.793, 98
Trd, 4319723.643, 99
Trd, 4319724.493, 97
Trd, 4319725.043, 97
Trd, 4319725.793, 96
Trd, 4319728.443, 92
Trd, 4319728.643, 91
Trd, 4319729.593, 93
Trd, 4319729.993, 91
Trd, 4319730.893, 91
Trd, 4319731.193, 92
Trd, 4319733.843, 93
Trd, 4319735.243, 93
Trd, 4319735.893, 95
Trd, 4319736.393, 94
Trd, 4319740.093, 95
Trd, 4319740.793, 95
Trd, 4319741.893, 95
Trd, 4319742.643, 94
Trd, 4319745.693, 95
Trd, 4319746.643, 95
Trd, 4319747.443, 96
Trd, 4319748.043, 95
Trd, 4319748.843, 95
Trd, 4319749.443, 96
Trd, 4319753.943, 97
Trd, 4319754.443, 96
Trd, 4319755.543, 96
Trd, 4319757.543, 96
Trd, 4319760.243, 95
Trd, 4319760.743, 95
Trd, 4319761.293, 96
Trd, 4319761.393, 95
Trd, 4319763.093, 94
Trd, 4319763.993, 96
Trd, 4319765.993, 95
Trd, 4319766.493, 94
Trd, 4319768.093, 95
Trd, 4319769.543, 95
Trd, 4319771.143, 96
Trd, 4319775.643, 95
Trd, 4319776.943, 94
Trd, 4319777.943, 93
Trd, 4319779.343, 95
Trd, 4319779.443, 94
Trd, 4319780.093, 95
Trd, 4319780.843, 95
Trd, 4319783.643, 93
Trd, 4319784.993, 95
Trd, 4319785.543, 95
Trd, 4319786.393, 94
Trd, 4319787.093, 95
Trd, 4319793.493, 96
Trd, 4319795.143, 95
Trd, 4319796.243, 96
Trd, 4319796.343, 94
Trd, 4319800.393, 95
Trd, 4319800.693, 94
Trd, 4319802.893, 95
Trd, 4319803.943, 95
Trd, 4319804.793, 95
Trd, 4319805.493, 94
Trd, 4319809.293, 95
Trd, 4319811.543, 96
Trd, 4319811.593, 95
Trd, 4319813.443, 95
Trd, 4319814.043, 95
Trd, 4319815.243, 95
Trd, 4319815.393, 94
Trd, 4319816.543, 91
Trd, 4319818.393, 85
Trd, 4319820.143, 94
Trd, 4319820.193, 91
Trd, 4319821.493, 91
Trd, 4319822.943, 93
Trd, 4319824.143, 92
Trd, 4319826.643, 94
Trd, 4319827.793, 95
Trd, 4319829.993, 92
Trd, 4319830.043, 93
Trd, 4319830.843, 93
Trd, 4319831.593, 95
Trd, 4319833.243, 95
Trd, 4319836.443, 95
Trd, 4319836.543, 95
Trd, 4319837.593, 95
Trd, 4319839.843, 96
Trd, 4319841.593, 96
Trd, 4319844.193, 95
Trd, 4319845.593, 96
Trd, 4319846.443, 97
Trd, 4319849.393, 96
Trd, 4319849.643, 97
Trd, 4319850.743, 92
Trd, 4319851.093, 94
Trd, 4319851.393, 85
Trd, 4319853.493, 102
Trd, 4319856.043, 106
Trd, 4319856.593, 105
Trd, 4319857.543, 104
Trd, 4319858.993, 104
Trd, 4319859.993, 105
Trd, 4319861.343, 104
Trd, 4319862.343, 103
Trd, 4319865.093, 104
Trd, 4319866.243, 104
Trd, 4319867.743, 106
Trd, 4319868.243, 106
Trd, 4319869.743, 105
Trd, 4319872.443, 105
Trd, 4319873.643, 105
Trd, 4319873.993, 104
Trd, 4319874.443, 104
Trd, 4319874.843, 103
Trd, 4319875.693, 102
Trd, 4319879.093, 100
Trd, 4319880.593, 99
Trd, 4319880.993, 99
Trd, 4319881.193, 99
Trd, 4319881.593, 100
Trd, 4319883.943, 101
Trd, 4319885.843, 105
Trd, 4319886.593, 105
Trd, 4319887.143, 104
Trd, 4319888.043, 103
Trd, 4319889.093, 104
Trd, 4319890.493, 102
Trd, 4319890.593, 98
Trd, 4319893.693, 103
Trd, 4319894.693, 102
Trd, 4319896.943, 103
Trd, 4319897.143, 103
Trd, 4319898.293, 101
Trd, 4319901.043, 102
Trd, 4319902.793, 102
Trd, 4319903.843, 101
Trd, 4319906.043, 99
Trd, 4319908.443, 100
Trd, 4319911.193, 100
Trd, 4319912.243, 100
Trd, 4319916.893, 99
Trd, 4319917.543, 100
Trd, 4319917.693, 99
Trd, 4319918.693, 98
Trd, 4319918.993, 99
Trd, 4319922.793, 99
Trd, 4319924.143, 98
Trd, 4319925.043, 98
Trd, 4319925.793, 97
Trd, 4319926.793, 96
Trd, 4319928.143, 97
Trd, 4319928.743, 97
Trd, 4319930.643, 97
Trd, 4319932.543, 96
Trd, 4319934.093, 97
Trd, 4319935.443, 95
Trd, 4319935.743, 95
Trd, 4319936.193, 95
Trd, 4319937.493, 97
Trd, 4319940.443, 99
Trd, 4319942.693, 101
Trd, 4319943.743, 99
Trd, 4319945.493, 97
Trd, 4319946.543, 98
Trd, 4319946.793, 99
Trd, 4319947.793, 96
Trd, 4319952.393, 96
Trd, 4319954.843, 97
Trd, 4319955.793, 97
Trd, 4319957.693, 95
Trd, 4319958.843, 94
Trd, 4319960.993, 96
Trd, 4319961.343, 95
Trd, 4319963.393, 96
Trd, 4319964.843, 95
Trd, 4319966.543, 95
Trd, 4319966.693, 95
Trd, 4319968.043, 90
Trd, 4319968.443, 92
Trd, 4319969.493, 99
Trd, 4319970.693, 94
Trd, 4319974.393, 97
Trd, 4319974.993, 97
Trd, 4319977.143, 96
Trd, 4319977.893, 95
Trd, 4319979.693, 97
Trd, 4319980.493, 97
Trd, 4319981.993, 97
Trd, 4319982.143, 95
Trd, 4319983.793, 97
Trd, 4319984.793, 95
Trd, 4319985.593, 95
Trd, 4319988.143, 97
Trd, 4319988.193, 98
Trd, 4319988.993, 96
Trd, 4319993.643, 97
Trd, 4319994.493, 95
Trd, 4319995.643, 95
Trd, 4319995.993, 97
Trd, 4319996.143, 95
Trd, 4319998.793, 95
Trd, 4319999.643, 96
