Trd, 4317875.843, 97
Trd, 4317876.493, 95
Trd, 4317876.543, 94
Trd, 4317879.043, 96
Trd, 4317881.143, 99
Trd, 4317881.343, 98
Trd, 4317882.593, 100
Trd, 4317883.643, 99
Trd, 4317886.343, 102
Trd, 4317886.693, 102
Trd, 4317890.693, 101
Trd, 4317892.093, 100
Trd, 4317892.543, 101
Trd, 4317893.943, 99
Trd, 4317894.093, 100
Trd, 4317896.993, 100
Trd, 4317898.343, 102
Trd, 4317899.443, 100
Trd, 4317900.043, 102
Trd, 4317902.193, 99
Trd, 4317902.593, 98
Trd, 4317903.993, 98
Trd, 4317904.793, 98
Trd, 4317907.143, 104
Trd, 4317908.043, 99
Trd, 4317908.643, 100
Trd, 4317909.893, 99
Trd, 4317910.093, 100
Trd, 4317912.043, 98
Trd, 4317914.493, 104
Trd, 4317916.043, 105
Trd, 4317917.743, 105
Trd, 4317918.943, 104
Trd, 4317919.043, 104
Trd, 4317920.393, 103
Trd, 4317922.243, 101
Trd, 4317923.993, 100
Trd, 4317924.143, 99
Trd, 4317924.843, 100
Trd, 4317926.643, 99
Trd, 4317929.393, 100
Trd, 4317930.943, 101
Trd, 4317931.443, 101
Trd, 4317933.343, 99
Trd, 4317934.593, 99
Trd, 4317934.993, 104
Trd, 4317938.193, 102
Trd, 4317939.293, 101
Trd, 4317939.543, 101
Trd, 4317939.643, 100
Trd, 4317940.543, 99
Trd, 4317940.993, 98
Trd, 4317942.043, 101
Trd, 4317944.743, 99
Trd, 4317944.943, 100
Trd, 4317947.843, 101
Trd, 4317947.893, 102
Trd, 4317949.443, 101
Trd, 4317951.593, 101
Trd, 4317952.743, 101
Trd, 4317953.243, 100
Trd, 4317953.393, 101
Trd, 4317955.043, 100
Trd, 4317958.493, 99
Trd, 4317958.593, 99
Trd, 4317958.743, 100
Trd, 4317961.943, 97
Trd, 4317963.243, 95
Trd, 4317963.593, 97
Trd, 4317963.943, 96
Trd, 4317964.693, 96
Trd, 4317968.343, 97
Trd, 4317969.343, 96
Trd, 4317969.793, 96
Trd, 4317970.743, 95
Trd, 4317971.443, 95
Trd, 4317972.093, 95
Trd, 4317974.393, 94
Trd, 4317975.193, 95
Trd, 4317975.843, 94
Trd, 4317976.843, 94
Trd, 4317977.543, 94
Trd, 4317977.993, 104
Trd, 4317979.643, 105
Trd, 4317980.093, 104
Trd, 4317980.793, 100
Trd, 4317981.993, 101
Trd, 4317984.343, 101
Trd, 4317984.993, 101
Trd, 4317986.293, 100
Trd, 4317987.993, 100
Trd, 4317989.893, 100
Trd, 4317990.893, 100
Trd, 4317991.793, 99
Trd, 4317994.743, 100
Trd, 4317994.843, 99
Trd, 4317995.143, 98
Trd, 4317996.793, 97
Trd, 4317998.393, 96
Trd, 4317999.493, 95
Trd, 4318000.443, 93
Trd, 4318000.993, 95
Trd, 4318002.743, 96
Trd, 4318003.843, 101
Trd, 4318004.993, 97
Trd, 4318005.743, 97
Trd, 4318006.393, 95
Trd, 4318007.643, 95
Trd, 4318007.893, 96
Trd, 4318009.393, 101
Trd, 4318011.193, 100
Trd, 4318012.993, 100
Trd, 4318014.693, 100
Trd, 4318015.093, 101
Trd, 4318017.543, 98
Trd, 4318018.643, 97
Trd, 4318018.893, 97
Trd, 4318019.293, 98
Trd, 4318022.143, 98
Trd, 4318024.143, 96
Trd, 4318024.743, 97
Trd, 4318026.043, 96
Trd, 4318026.493, 97
Trd, 4318029.493, 95
Trd, 4318029.793, 94
Trd, 4318030.393, 95
Trd, 4318030.443, 94
Trd, 4318030.743, 94
Trd, 4318035.543, 93
Trd, 4318035.993, 93
Trd, 4318037.393, 95
Trd, 4318037.643, 94
Trd, 4318037.793, 95
Trd, 4318040.243, 97
Trd, 4318040.343, 101
Trd, 4318043.693, 99
Trd, 4318044.443, 99
Trd, 4318045.343, 97
Trd, 4318047.243, 96
Trd, 4318047.393, 97
Trd, 4318049.993, 96
Trd, 4318050.143, 94
Trd, 4318050.343, 95
Trd, 4318052.943, 95
Trd, 4318053.593, 97
Trd, 4318054.093, 103
Trd, 4318055.893, 99
Trd, 4318058.243, 98
Trd, 4318060.343, 98
Trd, 4318062.643, 97
Trd, 4318062.843, 98
Trd, 4318064.143, 98
Trd, 4318064.993, 97
Trd, 4318065.443, 96
Trd, 4318068.543, 101
Trd, 4318069.893, 98
Trd, 4318071.093, 101
Trd, 4318072.393, 99
Trd, 4318073.343, 101
Trd, 4318074.293, 101
Trd, 4318076.993, 99
Trd, 4318077.443, 99
Trd, 4318078.743, 98
Trd, 4318078.893, 99
Trd, 4318080.843, 97
Trd, 4318081.993, 96
Trd, 4318082.493, 97
Trd, 4318084.443, 97
Trd, 4318086.393, 98
Trd, 4318087.043, 97
Trd, 4318088.193, 98
Trd, 4318088.443, 96
Trd, 4318088.843, 96
Trd, 4318091.043, 96
Trd, 4318091.093, 103
Trd, 4318095.043, 99
Trd, 4318096.043, 100
Trd, 4318096.893, 98
Trd, 4318097.643, 97
Trd, 4318098.843, 96
Trd, 4318101.943, 104
Trd, 4318102.093, 100
Trd, 4318103.843, 99
Trd, 4318104.143, 98
Trd, 4318105.043, 98
Trd, 4318108.343, 103
Trd, 4318109.243, 104
Trd, 4318110.693, 102
Trd, 4318111.293, 103
Trd, 4318112.893, 101
Trd, 4318113.193, 102
Trd, 4318115.293, 101
Trd, 4318116.043, 101
Trd, 4318117.743, 100
Trd, 4318118.843, 100
Trd, 4318120.943, 100
Trd, 4318121.693, 99
Trd, 4318123.993, 99
Trd, 4318124.343, 100
Trd, 4318126.593, 98
Trd, 4318126.993, 98
Trd, 4318127.843, 97
Trd, 4318130.243, 96
Trd, 4318130.743, 96
Trd, 4318131.143, 95
Trd, 4318132.243, 95
Trd, 4318134.293, 94
Trd, 4318135.543, 91
Trd, 4318137.243, 91
Trd, 4318137.293, 91
Trd, 4318139.193, 95
Trd, 4318139.393, 94
Trd, 4318143.143, 97
Trd, 4318143.293, 97
Trd, 4318144.293, 97
Trd, 4318147.993, 98
Trd, 4318149.593, 98
Trd, 4318150.393, 95
Trd, 4318150.593, 95
Trd, 4318151.443, 95
Trd, 4318152.393, 94
Trd, 4318155.043, 95
Trd, 4318156.593, 94
Trd, 4318156.743, 95
Trd, 4318159.843, 95
Trd, 4318160.743, 96
Trd, 4318162.493, 97
Trd, 4318164.043, 103
Trd, 4318165.143, 103
Trd, 4318165.843, 104
Trd, 4318166.493, 101
Trd, 4318168.243, 100
Trd, 4318169.643, 99
Trd, 4318170.693, 97
Trd, 4318172.393, 97
Trd, 4318172.843, 97
Trd, 4318176.743, 96
Trd, 4318177.143, 95
Trd, 4318177.493, 96
Trd, 4318178.893, 95
Trd, 4318180.293, 95
Trd, 4318181.493, 96
Trd, 4318181.993, 96
Trd, 4318182.443, 97
Trd, 4318186.643, 94
Trd, 4318186.893, 93
Trd, 4318189.443, 93
Trd, 4318189.943, 95
Trd, 4318191.393, 95
Trd, 4318191.843, 94
Trd, 4318194.243, 93
Trd, 4318195.543, 94
Trd, 4318197.443, 93
Trd, 4318198.893, 92
Trd, 4318199.543, 91
Trd, 4318200.943, 90
Trd, 4318201.843, 90
Trd, 4318201.993, 95
Trd, 4318205.043, 94
Trd, 4318206.593, 92
Trd, 4318208.393, 92
Trd, 4318208.843, 92
Trd, 4318209.993, 91
Trd, 4318211.793, 102
Trd, 4318213.493, 95
Trd, 4318214.793, 95
Trd, 4318215.493, 94
Trd, 4318217.893, 94
Trd, 4318218.143, 93
Trd, 4318218.543, 94
Trd, 4318218.993, 93
Trd, 4318220.043, 95
Trd, 4318221.643, 102
Trd, 4318224.093, 97
Trd, 4318225.293, 96
Trd, 4318226.043, 96
Trd, 4318227.243, 91
Trd, 4318229.843, 87
Trd, 4318229.893, 89
Trd, 4318231.293, 88
Trd, 4318231.443, 89
Trd, 4318232.743, 94
Trd, 4318234.593, 92
Trd, 4318235.743, 94
Trd, 4318237.443, 94
Trd, 4318239.043, 94
Trd, 4318239.493, 98
Trd, 4318242.293, 95
Trd, 4318243.593, 95
Trd, 4318244.243, 95
Trd, 4318245.543, 94
Trd, 4318245.943, 94
Trd, 4318246.543, 94
Trd, 4318247.143, 93
Trd, 4318248.893, 94
Trd, 4318249.743, 94
Trd, 4318250.143, 93
Trd, 4318251.743, 95
Trd, 4318255.343, 94
Trd, 4318256.343, 95
Trd, 4318257.393, 94
Trd, 4318257.693, 94
Trd, 4318258.493, 94
Trd, 4318259.943, 95
Trd, 4318261.593, 93
Trd, 4318262.843, 92
Trd, 4318263.893, 93
Trd, 4318264.893, 93
Trd, 4318265.643, 92
Trd, 4318269.793, 93
Trd, 4318271.243, 92
Trd, 4318272.243, 92
Trd, 4318272.293, 93
Trd, 4318275.593, 93
Trd, 4318275.793, 95
Trd, 4318277.043, 95
Trd, 4318277.593, 94
Trd, 4318278.293, 94
Trd, 4318279.793, 94
Trd, 4318281.593, 95
Trd, 4318282.243, 96
Trd, 4318282.693, 99
Trd, 4318284.943, 100
Trd, 4318285.143, 99
Trd, 4318286.193, 98
Trd, 4318286.443, 104
Trd, 4318287.893, 98
Trd, 4318289.093, 99
Trd, 4318290.993, 104
Trd, 4318292.593, 102
Trd, 4318293.543, 104
Trd, 4318296.043, 103
Trd, 4318296.343, 101
Trd, 4318296.843, 101
Trd, 4318298.343, 98
Trd, 4318299.093, 98
Trd, 4318299.293, 97
Trd, 4318301.043, 102
Trd, 4318303.343, 102
Trd, 4318305.193, 102
Trd, 4318306.743, 101
Trd, 4318306.943, 100
Trd, 4318309.093, 100
Trd, 4318310.893, 99
Trd, 4318312.343, 100
Trd, 4318313.093, 100
Trd, 4318314.493, 98
Trd, 4318314.793, 99
Trd, 4318315.643, 100
Trd, 4318317.793, 99
Trd, 4318318.743, 98
Trd, 4318319.143, 97
Trd, 4318319.743, 96
Trd, 4318320.743, 94
Trd, 4318321.793, 96
Trd, 4318325.643, 89
Trd, 4318326.093, 90
Trd, 4318326.493, 90
Trd, 4318327.643, 104
Trd, 4318329.843, 94
Trd, 4318330.243, 95
Trd, 4318331.093, 93
Trd, 4318331.943, 94
Trd, 4318335.843, 91
Trd, 4318336.493, 92
Trd, 4318336.693, 90
Trd, 4318336.943, 91
Trd, 4318339.343, 95
Trd, 4318340.493, 93
Trd, 4318340.543, 98
Trd, 4318342.393, 92
Trd, 4318344.743, 92
Trd, 4318345.743, 93
Trd, 4318346.343, 95
Trd, 4318348.343, 95
Trd, 4318349.093, 92
Trd, 4318351.543, 91
Trd, 4318351.993, 93
Trd, 4318353.993, 94
Trd, 4318355.643, 92
Trd, 4318356.243, 93
Trd, 4318357.093, 94
Trd, 4318359.593, 97
Trd, 4318360.893, 98
Trd, 4318362.143, 96
Trd, 4318362.443, 98
Trd, 4318363.843, 95
Trd, 4318364.043, 95
Trd, 4318365.793, 94
Trd, 4318366.543, 93
Trd, 4318367.193, 95
Trd, 4318368.143, 93
Trd, 4318370.293, 101
Trd, 4318373.493, 93
Trd, 4318375.043, 93
Trd, 4318375.243, 95
Trd, 4318377.593, 93
Trd, 4318378.393, 95
Trd, 4318380.393, 94
Trd, 4318381.493, 95
Trd, 4318382.693, 95
Trd, 4318383.493, 93
Trd, 4318384.093, 93
Trd, 4318385.293, 93
Trd, 4318385.593, 92
Trd, 4318386.543, 91
Trd, 4318387.293, 91
Trd, 4318390.593, 101
Trd, 4318392.593, 96
Trd, 4318394.243, 95
Trd, 4318394.693, 96
Trd, 4318396.293, 95
Trd, 4318396.993, 94
Trd, 4318397.893, 94
Trd, 4318399.293, 95
Trd, 4318400.593, 95
Trd, 4318404.343, 96
Trd, 4318405.943, 94
Trd, 4318406.293, 95
Trd, 4318407.043, 93
Trd, 4318407.643, 94
Trd, 4318408.643, 93
Trd, 4318409.593, 94
Trd, 4318410.743, 94
Trd, 4318412.543, 93
Trd, 4318413.843, 100
Trd, 4318416.593, 97
Trd, 4318417.493, 98
Trd, 4318418.893, 98
Trd, 4318420.843, 96
Trd, 4318422.993, 97
Trd, 4318424.143, 95
Trd, 4318424.893, 93
Trd, 4318425.243, 93
Trd, 4318425.893, 93
Trd, 4318429.093, 94
Trd, 4318429.893, 95
Trd, 4318430.443, 94
Trd, 4318431.293, 95
Trd, 4318432.843, 94
Trd, 4318434.543, 93
Trd, 4318435.443, 93
Trd, 4318435.593, 93
Trd, 4318437.143, 93
Trd, 4318438.293, 92
Trd, 4318439.893, 93
Trd, 4318440.043, 93
Trd, 4318440.393, 91
Trd, 4318442.293, 102
Trd, 4318446.043, 94
Trd, 4318446.793, 95
Trd, 4318448.343, 95
Trd, 4318449.593, 95
Trd, 4318451.143, 95
Trd, 4318452.343, 103
Trd, 4318454.643, 97
Trd, 4318455.543, 95
Trd, 4318456.393, 96
Trd, 4318458.493, 95
Trd, 4318459.543, 95
Trd, 4318459.943, 94
Trd, 4318460.443, 95
Trd, 4318462.043, 98
Trd, 4318462.743, 96
Trd, 4318464.643, 95
Trd, 4318464.843, 97
Trd, 4318466.893, 97
Trd, 4318468.443, 101
Trd, 4318470.243, 100
Trd, 4318471.493, 99
Trd, 4318472.693, 99
Trd, 4318473.993, 99
Trd, 4318475.893, 98
Trd, 4318476.843, 99
Trd, 4318477.943, 98
Trd, 4318477.993, 99
Trd, 4318481.843, 97
Trd, 4318482.643, 96
Trd, 4318484.143, 96
Trd, 4318485.193, 102
Trd, 4318486.243, 100
Trd, 4318487.993, 101
Trd, 4318489.993, 100
Trd, 4318492.543, 101
Trd, 4318493.993, 102
Trd, 4318495.243, 101
Trd, 4318497.093, 100
Trd, 4318498.243, 100
Trd, 4318498.493, 99
Trd, 4318499.893, 102
Trd, 4318501.493, 100
Trd, 4318502.593, 100
Trd, 4318503.843, 96
Trd, 4318504.043, 96
Trd, 4318506.643, 99
Trd, 4318507.693, 98
Trd, 4318508.093, 97
Trd, 4318511.193, 97
Trd, 4318511.493, 99
Trd, 4318514.643, 96
Trd, 4318515.343, 96
Trd, 4318516.593, 96
Trd, 4318518.343, 97
Trd, 4318519.593, 98
Trd, 4318521.043, 100
Trd, 4318521.943, 99
Trd, 4318522.993, 99
Trd, 4318523.543, 99
Trd, 4318525.093, 98
Trd, 4318525.693, 98
Trd, 4318527.893, 97
Trd, 4318528.243, 99
Trd, 4318531.243, 99
Trd, 4318531.593, 100
Trd, 4318532.543, 98
Trd, 4318533.693, 98
Trd, 4318534.893, 98
Trd, 4318534.943, 97
Trd, 4318537.393, 96
Trd, 4318539.443, 93
Trd, 4318540.143, 95
Trd, 4318541.243, 94
Trd, 4318544.993, 92
Trd, 4318547.293, 95
Trd, 4318548.643, 95
Trd, 4318549.993, 94
Trd, 4318550.543, 95
Trd, 4318553.743, 98
Trd, 4318554.243, 103
Trd, 4318557.193, 97
Trd, 4318558.093, 97
Trd, 4318559.893, 97
Trd, 4318561.593, 98
Trd, 4318562.443, 97
Trd, 4318562.593, 100
Trd, 4318565.193, 96
Trd, 4318565.693, 95
Trd, 4318566.043, 95
Trd, 4318567.943, 94
Trd, 4318569.043, 94
Trd, 4318570.893, 93
Trd, 4318572.343, 93
Trd, 4318574.193, 93
Trd, 4318575.443, 93
Trd, 4318576.793, 95
Trd, 4318578.543, 95
Trd, 4318580.093, 92
Trd, 4318580.693, 94
Trd, 4318581.943, 92
Trd, 4318582.293, 92
Trd, 4318583.593, 101
Trd, 4318586.193, 101
Trd, 4318587.093, 98
Trd, 4318587.643, 99
Trd, 4318590.443, 96
Trd, 4318590.793, 97
Trd, 4318591.793, 97
Trd, 4318592.793, 97
Trd, 4318594.593, 97
Trd, 4318595.293, 96
Trd, 4318597.243, 96
Trd, 4318598.643, 94
Trd, 4318598.893, 95
Trd, 4318600.193, 93
Trd, 4318600.843, 94
Trd, 4318604.293, 93
Trd, 4318604.993, 93
Trd, 4318605.843, 92
Trd, 4318607.543, 93
Trd, 4318607.993, 92
Trd, 4318609.093, 94
Trd, 4318611.593, 94
Trd, 4318612.593, 95
Trd, 4318615.143, 94
Trd, 4318616.643, 94
Trd, 4318617.243, 95
Trd, 4318617.493, 94
Trd, 4318617.993, 95
Trd, 4318620.793, 95
Trd, 4318620.893, 96
Trd, 4318624.243, 95
Trd, 4318624.443, 95
Trd, 4318625.593, 104
Trd, 4318627.843, 99
Trd, 4318628.093, 98
Trd, 4318628.943, 99
Trd, 4318629.693, 98
Trd, 4318632.293, 97
Trd, 4318633.343, 93
Trd, 4318634.243, 93
Trd, 4318635.993, 93
Trd, 4318636.743, 93
Trd, 4318636.793, 93
Trd, 4318637.243, 95
Trd, 4318639.193, 103
Trd, 4318640.893, 104
Trd, 4318643.793, 103
Trd, 4318644.343, 102
Trd, 4318645.243, 102
Trd, 4318646.443, 100
Trd, 4318647.193, 104
Trd, 4318649.443, 102
Trd, 4318650.293, 103
Trd, 4318650.443, 101
Trd, 4318651.343, 102
Trd, 4318652.893, 101
Trd, 4318654.643, 100
Trd, 4318655.943, 99
Trd, 4318656.943, 100
Trd, 4318658.093, 101
Trd, 4318658.343, 101
Trd, 4318659.293, 100
Trd, 4318661.493, 100
Trd, 4318663.493, 102
Trd, 4318664.543, 104
Trd, 4318665.293, 103
Trd, 4318665.843, 104
Trd, 4318668.443, 103
Trd, 4318668.843, 102
Trd, 4318671.143, 103
Trd, 4318671.343, 104
Trd, 4318672.743, 103
Trd, 4318673.843, 104
Trd, 4318674.643, 102
Trd, 4318676.543, 103
Trd, 4318677.343, 102
Trd, 4318680.593, 102
Trd, 4318681.193, 102
Trd, 4318682.043, 101
Trd, 4318683.543, 102
Trd, 4318684.643, 101
Trd, 4318684.743, 101
Trd, 4318689.393, 95
Trd, 4318690.043, 96
Trd, 4318690.843, 95
Trd, 4318691.143, 94
Trd, 4318693.593, 95
Trd, 4318694.943, 95
Trd, 4318695.743, 94
Trd, 4318696.193, 94
Trd, 4318699.493, 102
Trd, 4318699.593, 100
Trd, 4318701.093, 99
Trd, 4318703.093, 97
Trd, 4318703.693, 96
Trd, 4318705.093, 93
Trd, 4318705.893, 95
Trd, 4318706.293, 99
Trd, 4318707.843, 95
Trd, 4318708.243, 96
Trd, 4318708.343, 95
Trd, 4318713.043, 95
Trd, 4318714.193, 94
Trd, 4318714.493, 95
Trd, 4318715.593, 93
Trd, 4318715.943, 92
Trd, 4318717.943, 103
Trd, 4318718.843, 104
Trd, 4318720.543, 98
Trd, 4318721.243, 97
Trd, 4318722.293, 95
Trd, 4318723.093, 96
Trd, 4318723.693, 104
Trd, 4318725.593, 103
Trd, 4318726.193, 102
Trd, 4318726.893, 102
Trd, 4318728.843, 101
Trd, 4318729.643, 100
Trd, 4318730.293, 101
Trd, 4318731.793, 101
Trd, 4318732.993, 100
Trd, 4318734.493, 101
Trd, 4318735.393, 100
Trd, 4318736.943, 100
Trd, 4318739.343, 99
Trd, 4318739.693, 99
Trd, 4318741.493, 99
Trd, 4318742.093, 97
Trd, 4318743.193, 94
Trd, 4318745.193, 91
Trd, 4318745.443, 91
Trd, 4318745.943, 95
Trd, 4318746.643, 93
Trd, 4318748.743, 94
Trd, 4318750.193, 100
Trd, 4318751.593, 96
Trd, 4318752.093, 96
Trd, 4318754.943, 96
Trd, 4318755.893, 95
Trd, 4318756.293, 94
Trd, 4318756.543, 96
Trd, 4318758.843, 95
Trd, 4318760.593, 95
Trd, 4318760.843, 96
Trd, 4318762.343, 95
Trd, 4318762.793, 94
Trd, 4318762.843, 96
Trd, 4318763.893, 96
Trd, 4318764.593, 99
Trd, 4318766.843, 98
Trd, 4318769.193, 97
Trd, 4318770.593, 95
Trd, 4318771.243, 95
Trd, 4318771.843, 94
Trd, 4318773.093, 102
Trd, 4318775.243, 96
Trd, 4318775.343, 95
Trd, 4318777.443, 95
Trd, 4318778.843, 94
Trd, 4318780.243, 87
Trd, 4318780.543, 88
Trd, 4318781.443, 88
Trd, 4318784.243, 99
Trd, 4318787.143, 99
Trd, 4318787.793, 97
Trd, 4318790.293, 97
Trd, 4318791.893, 97
Trd, 4318793.043, 97
Trd, 4318793.643, 96
Trd, 4318796.193, 96
Trd, 4318797.643, 97
Trd, 4318798.543, 96
Trd, 4318798.693, 95
Trd, 4318800.593, 95
Trd, 4318801.693, 95
Trd, 4318802.993, 94
Trd, 4318803.143, 94
Trd, 4318804.143, 104
Trd, 4318808.443, 102
Trd, 4318808.643, 102
Trd, 4318809.743, 100
Trd, 4318810.593, 99
Trd, 4318811.893, 96
Trd, 4318812.193, 97
Trd, 4318814.643, 97
Trd, 4318815.043, 96
Trd, 4318817.243, 101
Trd, 4318818.043, 100
Trd, 4318818.143, 101
Trd, 4318818.843, 101
Trd, 4318820.943, 103
Trd, 4318821.943, 103
Trd, 4318822.143, 102
Trd, 4318823.343, 102
Trd, 4318826.093, 103
Trd, 4318827.243, 103
Trd, 4318827.993, 102
Trd, 4318828.743, 101
Trd, 4318828.893, 100
Trd, 4318831.043, 99
Trd, 4318832.293, 99
Trd, 4318833.943, 104
Trd, 4318834.243, 103
Trd, 4318834.943, 104
Trd, 4318836.943, 106
Trd, 4318838.093, 103
Trd, 4318838.443, 102
Trd, 4318838.893, 103
Trd, 4318842.243, 103
Trd, 4318843.093, 103
Trd, 4318843.543, 102
Trd, 4318846.243, 102
Trd, 4318846.293, 102
Trd, 4318847.043, 100
Trd, 4318848.293, 104
Trd, 4318850.643, 101
Trd, 4318852.593, 102
Trd, 4318854.193, 102
Trd, 4318856.293, 99
Trd, 4318856.343, 100
Trd, 4318858.693, 99
Trd, 4318859.243, 98
Trd, 4318860.543, 98
Trd, 4318861.793, 97
Trd, 4318862.493, 96
Trd, 4318863.493, 94
Trd, 4318864.943, 95
Trd, 4318867.843, 97
Trd, 4318869.443, 96
Trd, 4318872.043, 95
Trd, 4318872.543, 99
Trd, 4318873.643, 97
Trd, 4318874.093, 96
Trd, 4318875.493, 95
Trd, 4318876.443, 96
Trd, 4318878.143, 95
Trd, 4318880.243, 100
Trd, 4318881.293, 102
Trd, 4318883.093, 102
Trd, 4318883.893, 102
Trd, 4318885.743, 102
Trd, 4318886.543, 102
Trd, 4318887.343, 101
Trd, 4318888.443, 100
Trd, 4318889.243, 101
Trd, 4318890.093, 101
Trd, 4318890.593, 100
Trd, 4318893.793, 96
Trd, 4318894.043, 98
Trd, 4318896.293, 103
Trd, 4318896.443, 100
Trd, 4318897.893, 101
Trd, 4318898.943, 99
Trd, 4318899.043, 99
Trd, 4318900.893, 102
Trd, 4318902.643, 100
Trd, 4318903.943, 100
Trd, 4318904.143, 101
Trd, 4318906.693, 99
Trd, 4318907.843, 101
Trd, 4318909.293, 101
Trd, 4318911.293, 99
Trd, 4318911.493, 100
Trd, 4318912.493, 99
Trd, 4318913.993, 99
Trd, 4318915.493, 99
Trd, 4318916.093, 99
Trd, 4318916.143, 103
Trd, 4318919.143, 99
Trd, 4318919.993, 99
Trd, 4318923.293, 99
Trd, 4318923.393, 100
Trd, 4318924.943, 98
Trd, 4318925.243, 98
Trd, 4318926.543, 95
Trd, 4318927.043, 94
Trd, 4318927.343, 95
Trd, 4318930.543, 98
Trd, 4318930.693, 103
Trd, 4318931.593, 100
Trd, 4318934.643, 96
Trd, 4318935.093, 97
Trd, 4318937.593, 96
Trd, 4318938.043, 97
Trd, 4318938.093, 100
Trd, 4318941.043, 99
Trd, 4318942.143, 103
Trd, 4318943.843, 100
Trd, 4318945.793, 100
Trd, 4318945.993, 99
Trd, 4318947.593, 98
Trd, 4318949.993, 99
Trd, 4318951.693, 97
Trd, 4318952.643, 97
Trd, 4318953.843, 99
Trd, 4318953.893, 99
Trd, 4318954.493, 99
Trd, 4318955.693, 97
Trd, 4318958.543, 98
Trd, 4318959.293, 101
Trd, 4318961.243, 102
Trd, 4318962.393, 101
Trd, 4318962.743, 100
Trd, 4318964.243, 99
Trd, 4318966.093, 96
Trd, 4318966.143, 97
Trd, 4318967.043, 101
Trd, 4318967.843, 100
Trd, 4318969.693, 100
Trd, 4318971.543, 100
Trd, 4318972.993, 98
Trd, 4318973.993, 97
Trd, 4318974.793, 96
Trd, 4318976.843, 95
Trd, 4318977.593, 95
Trd, 4318977.943, 94
Trd, 4318978.793, 103
Trd, 4318980.243, 100
Trd, 4318981.643, 100
Trd, 4318984.593, 100
Trd, 4318986.243, 98
Trd, 4318986.893, 98
Trd, 4318990.443, 96
Trd, 4318991.343, 98
Trd, 4318991.743, 97
Trd, 4318995.093, 99
Trd, 4318995.593, 98
Trd, 4318995.893, 100
Trd, 4318997.393, 99
Trd, 4318998.593, 99
Trd, 4318999.043, 99
Trd, 4319001.143, 98
Trd, 4319002.143, 97
Trd, 4319002.243, 96
Trd, 4319003.693, 97
Trd, 4319006.793, 98
Trd, 4319008.193, 101
Trd, 4319009.093, 100
Trd, 4319010.043, 99
Trd, 4319010.893, 97
Trd, 4319011.693, 97
Trd, 4319012.193, 95
Trd, 4319014.143, 94
Trd, 4319014.293, 96
Trd, 4319017.693, 99
Trd, 4319017.843, 97
Trd, 4319018.543, 97
Trd, 4319019.443, 98
Trd, 4319021.343, 101
Trd, 4319023.243, 96
Trd, 4319026.043, 99
Trd, 4319026.243, 98
Trd, 4319026.743, 99
Trd, 4319027.843, 96
Trd, 4319028.393, 95
Trd, 4319030.443, 94
Trd, 4319032.193, 93
Trd, 4319033.193, 93
Trd, 4319033.443, 95
Trd, 4319034.993, 96
Trd, 4319038.193, 100
Trd, 4319039.193, 100
Trd, 4319039.643, 101
Trd, 4319042.393, 101
Trd, 4319042.643, 101
Trd, 4319044.343, 100
Trd, 4319044.893, 101
Trd, 4319046.293, 100
Trd, 4319046.893, 101
Trd, 4319048.243, 100
Trd, 4319049.943, 102
Trd, 4319050.243, 101
Trd, 4319053.893, 100
Trd, 4319055.393, 100
Trd, 4319056.193, 98
Trd, 4319057.393, 98
Trd, 4319057.643, 99
Trd, 4319059.993, 104
Trd, 4319062.643, 100
Trd, 4319062.693, 101
Trd, 4319064.443, 105
Trd, 4319065.793, 102
Trd, 4319066.143, 103
Trd, 4319066.543, 101
Trd, 4319067.793, 101
Trd, 4319070.793, 99
Trd, 4319071.893, 94
Trd, 4319072.093, 96
Trd, 4319072.993, 94
Trd, 4319073.043, 95
Trd, 4319073.843, 93
Trd, 4319074.093, 95
Trd, 4319075.943, 104
Trd, 4319078.543, 98
Trd, 4319079.443, 99
Trd, 4319079.793, 98
Trd, 4319081.493, 98
Trd, 4319082.293, 98
Trd, 4319083.643, 102
Trd, 4319087.143, 102
Trd, 4319087.193, 101
Trd, 4319090.343, 104
Trd, 4319091.043, 100
Trd, 4319091.143, 100
Trd, 4319092.943, 100
Trd, 4319093.193, 98
Trd, 4319095.893, 98
Trd, 4319097.193, 97
Trd, 4319097.793, 97
Trd, 4319097.993, 96
Trd, 4319098.943, 97
Trd, 4319100.843, 104
Trd, 4319101.243, 103
Trd, 4319104.443, 105
Trd, 4319104.793, 104
Trd, 4319106.043, 104
Trd, 4319106.843, 104
Trd, 4319108.193, 103
Trd, 4319109.193, 102
Trd, 4319110.793, 102
Trd, 4319111.893, 103
Trd, 4319112.543, 102
Trd, 4319113.493, 101
Trd, 4319113.543, 101
Trd, 4319114.893, 100
Trd, 4319117.593, 101
Trd, 4319117.793, 100
Trd, 4319119.843, 101
Trd, 4319120.843, 100
Trd, 4319121.143, 101
Trd, 4319122.193, 99
Trd, 4319123.443, 100
Trd, 4319125.293, 100
Trd, 4319127.293, 101
Trd, 4319129.743, 101
Trd, 4319131.543, 101
Trd, 4319132.043, 101
Trd, 4319134.043, 100
Trd, 4319135.543, 100
Trd, 4319136.193, 101
Trd, 4319138.293, 102
Trd, 4319139.993, 101
Trd, 4319140.593, 104
Trd, 4319140.793, 104
Trd, 4319141.043, 103
Trd, 4319142.843, 102
Trd, 4319144.343, 95
Trd, 4319145.243, 98
Trd, 4319146.843, 95
Trd, 4319147.443, 96
Trd, 4319149.543, 97
Trd, 4319152.243, 95
Trd, 4319152.493, 94
Trd, 4319153.093, 93
Trd, 4319154.493, 104
Trd, 4319156.893, 103
Trd, 4319157.893, 101
Trd, 4319159.443, 101
Trd, 4319160.843, 101
Trd, 4319161.043, 102
Trd, 4319163.643, 99
Trd, 4319164.443, 98
Trd, 4319166.143, 104
Trd, 4319169.993, 102
Trd, 4319170.343, 102
Trd, 4319171.243, 102
Trd, 4319171.843, 102
Trd, 4319173.543, 101
Trd, 4319173.793, 101
Trd, 4319175.693, 96
Trd, 4319175.793, 97
Trd, 4319176.093, 97
Trd, 4319177.393, 96
Trd, 4319178.593, 97
Trd, 4319181.293, 92
Trd, 4319182.743, 92
Trd, 4319183.543, 92
Trd, 4319186.993, 95
Trd, 4319187.443, 93
Trd, 4319187.493, 95
Trd, 4319187.993, 93
Trd, 4319190.593, 104
Trd, 4319191.593, 97
Trd, 4319194.343, 99
Trd, 4319195.093, 100
Trd, 4319196.443, 99
Trd, 4319197.543, 98
Trd, 4319199.543, 100
Trd, 4319200.743, 99
Trd, 4319200.943, 101
Trd, 4319202.143, 104
Trd, 4319204.543, 98
Trd, 4319204.993, 99
Trd, 4319205.243, 98
Trd, 4319206.743, 98
Trd, 4319208.543, 98
Trd, 4319209.193, 97
Trd, 4319210.143, 97
Trd, 4319210.943, 98
Trd, 4319213.193, 97
Trd, 4319214.243, 96
Trd, 4319215.643, 97
Trd, 4319216.843, 95
Trd, 4319217.643, 94
Trd, 4319217.943, 95
Trd, 4319219.993, 93
Trd, 4319221.343, 94
Trd, 4319221.643, 93
Trd, 4319223.943, 94
Trd, 4319224.743, 103
Trd, 4319227.393, 99
Trd, 4319227.943, 99
Trd, 4319229.843, 97
Trd, 4319229.893, 96
Trd, 4319231.743, 95
Trd, 4319232.843, 94
Trd, 4319234.643, 93
Trd, 4319235.793, 93
Trd, 4319236.793, 93
Trd, 4319237.743, 93
Trd, 4319240.493, 91
Trd, 4319241.193, 91
Trd, 4319241.493, 91
Trd, 4319243.393, 90
Trd, 4319244.893, 91
Trd, 4319248.293, 90
Trd, 4319248.443, 91
Trd, 4319249.243, 91
Trd, 4319250.143, 102
Trd, 4319253.193, 95
Trd, 4319253.893, 97
Trd, 4319255.743, 95
Trd, 4319256.693, 95
Trd, 4319257.393, 94
Trd, 4319258.943, 95
Trd, 4319260.743, 96
Trd, 4319261.343, 94
Trd, 4319262.593, 94
Trd, 4319263.143, 96
Trd, 4319264.793, 95
Trd, 4319264.943, 94
Trd, 4319266.793, 93
Trd, 4319268.093, 94
Trd, 4319268.693, 95
Trd, 4319269.793, 94
Trd, 4319271.643, 94
Trd, 4319272.143, 93
Trd, 4319273.093, 92
Trd, 4319273.993, 91
Trd, 4319275.593, 92
Trd, 4319277.143, 93
Trd, 4319278.443, 104
Trd, 4319280.393, 107
Trd, 4319281.543, 103
Trd, 4319281.593, 104
Trd, 4319282.093, 102
Trd, 4319283.143, 106
Trd, 4319285.643, 104
Trd, 4319285.793, 103
Trd, 4319286.943, 104
Trd, 4319289.193, 103
Trd, 4319289.343, 102
Trd, 4319289.743, 104
Trd, 4319292.343, 102
Trd, 4319292.693, 101
Trd, 4319294.393, 93
Trd, 4319295.143, 94
Trd, 4319295.743, 99
Trd, 4319296.693, 98
Trd, 4319298.343, 97
Trd, 4319299.043, 97
Trd, 4319299.743, 96
Trd, 4319301.393, 88
Trd, 4319301.493, 93
Trd, 4319303.743, 94
Trd, 4319304.293, 103
Trd, 4319304.593, 97
Trd, 4319306.993, 101
Trd, 4319309.643, 99
Trd, 4319309.793, 100
Trd, 4319311.793, 99
Trd, 4319314.043, 99
Trd, 4319315.293, 98
Trd, 4319316.243, 97
Trd, 4319316.843, 97
Trd, 4319317.843, 96
Trd, 4319319.343, 97
Trd, 4319320.493, 94
Trd, 4319320.993, 95
Trd, 4319322.093, 95
Trd, 4319322.693, 95
Trd, 4319324.343, 94
Trd, 4319326.793, 94
Trd, 4319326.993, 95
Trd, 4319327.493, 96
Trd, 4319329.593, 94
Trd, 4319329.893, 95
Trd, 4319331.993, 95
Trd, 4319333.793, 95
Trd, 4319334.293, 95
Trd, 4319335.843, 96
Trd, 4319336.793, 96
Trd, 4319340.043, 94
Trd, 4319340.593, 95
Trd, 4319342.943, 94
Trd, 4319344.293, 94
Trd, 4319344.543, 93
Trd, 4319345.443, 95
Trd, 4319347.993, 94
Trd, 4319348.093, 93
Trd, 4319350.093, 94
Trd, 4319350.943, 94
Trd, 4319354.243, 92
Trd, 4319354.643, 92
Trd, 4319355.993, 94
Trd, 4319357.393, 95
Trd, 4319359.793, 95
Trd, 4319361.843, 94
Trd, 4319362.543, 94
Trd, 4319363.193, 94
Trd, 4319366.243, 93
Trd, 4319367.143, 94
Trd, 4319368.043, 103
Trd, 4319370.343, 98
Trd, 4319373.693, 98
Trd, 4319374.243, 96
Trd, 4319374.893, 95
Trd, 4319375.693, 95
Trd, 4319377.643, 94
Trd, 4319378.843, 94
Trd, 4319379.143, 93
Trd, 4319381.043, 92
Trd, 4319382.193, 93
Trd, 4319384.443, 93
Trd, 4319385.643, 93
Trd, 4319386.193, 94
Trd, 4319388.843, 103
Trd, 4319389.593, 100
Trd, 4319391.343, 97
Trd, 4319391.543, 98
Trd, 4319391.793, 98
Trd, 4319392.193, 97
Trd, 4319396.343, 97
Trd, 4319396.643, 98
Trd, 4319398.543, 96
Trd, 4319399.143, 97
Trd, 4319400.493, 98
Trd, 4319400.693, 97
Trd, 4319401.793, 97
Trd, 4319405.093, 95
Trd, 4319407.043, 95
Trd, 4319408.093, 94
Trd, 4319408.143, 95
Trd, 4319410.193, 94
Trd, 4319412.093, 95
Trd, 4319412.193, 97
Trd, 4319415.143, 95
Trd, 4319416.093, 94
Trd, 4319416.543, 96
Trd, 4319417.693, 99
Trd, 4319418.843, 101
Trd, 4319420.693, 102
Trd, 4319421.693, 103
Trd, 4319423.393, 101
Trd, 4319424.193, 100
Trd, 4319425.343, 97
Trd, 4319425.743, 98
Trd, 4319427.693, 97
Trd, 4319429.243, 96
Trd, 4319431.093, 97
Trd, 4319431.143, 98
Trd, 4319432.743, 98
Trd, 4319436.193, 97
Trd, 4319437.093, 101
Trd, 4319440.143, 100
Trd, 4319440.743, 100
Trd, 4319441.243, 98
Trd, 4319441.793, 99
Trd, 4319444.193, 98
Trd, 4319444.893, 94
Trd, 4319446.543, 93
Trd, 4319446.843, 92
Trd, 4319447.443, 94
Trd, 4319448.843, 95
Trd, 4319450.343, 98
Trd, 4319452.393, 97
Trd, 4319452.943, 96
Trd, 4319453.043, 95
Trd, 4319455.293, 101
Trd, 4319457.493, 102
Trd, 4319459.543, 100
Trd, 4319459.643, 101
Trd, 4319461.443, 100
Trd, 4319462.243, 98
Trd, 4319463.943, 97
Trd, 4319464.043, 96
Trd, 4319466.493, 97
Trd, 4319468.743, 99
Trd, 4319469.643, 99
Trd, 4319470.293, 99
Trd, 4319472.193, 98
Trd, 4319472.443, 99
Trd, 4319473.893, 99
Trd, 4319474.393, 100
Trd, 4319477.243, 97
Trd, 4319477.993, 95
Trd, 4319478.193, 96
Trd, 4319479.243, 95
Trd, 4319481.993, 96
Trd, 4319483.743, 95
Trd, 4319484.393, 95
Trd, 4319484.543, 94
Trd, 4319486.243, 95
Trd, 4319487.993, 103
Trd, 4319490.343, 104
Trd, 4319491.543, 102
Trd, 4319492.243, 103
Trd, 4319494.493, 98
Trd, 4319494.943, 99
Trd, 4319495.443, 98
Trd, 4319495.893, 99
Trd, 4319498.293, 96
Trd, 4319498.893, 97
Trd, 4319500.193, 96
Trd, 4319500.743, 96
Trd, 4319501.443, 104
Trd, 4319505.443, 96
Trd, 4319506.043, 95
Trd, 4319506.593, 94
Trd, 4319506.943, 94
Trd, 4319507.793, 94
Trd, 4319508.493, 93
Trd, 4319509.393, 89
Trd, 4319510.443, 91
Trd, 4319511.543, 92
Trd, 4319513.393, 93
Trd, 4319516.243, 98
Trd, 4319517.343, 97
Trd, 4319517.693, 96
Trd, 4319520.393, 100
Trd, 4319520.743, 102
Trd, 4319522.793, 102
Trd, 4319524.643, 102
Trd, 4319525.993, 99
Trd, 4319526.243, 100
Trd, 4319527.143, 99
Trd, 4319529.343, 99
Trd, 4319530.893, 98
Trd, 4319531.143, 98
Trd, 4319531.843, 100
Trd, 4319532.693, 98
Trd, 4319534.143, 98
Trd, 4319534.693, 97
Trd, 4319536.743, 102
Trd, 4319537.193, 101
Trd, 4319537.693, 102
Trd, 4319540.043, 100
Trd, 4319541.493, 100
Trd, 4319543.643, 99
Trd, 4319543.893, 100
Trd, 4319544.943, 99
Trd, 4319545.593, 99
Trd, 4319547.843, 99
Trd, 4319549.193, 99
Trd, 4319550.493, 104
Trd, 4319550.943, 107
Trd, 4319552.493, 106
Trd, 4319555.643, 95
Trd, 4319555.993, 94
Trd, 4319556.093, 95
Trd, 4319556.243, 95
Trd, 4319556.393, 96
Trd, 4319557.993, 94
Trd, 4319558.843, 95
Trd, 4319562.193, 99
Trd, 4319563.293, 99
Trd, 4319564.443, 97
Trd, 4319564.843, 96
Trd, 4319565.293, 97
Trd, 4319566.843, 98
Trd, 4319569.793, 97
Trd, 4319570.393, 97
Trd, 4319571.093, 96
Trd, 4319571.443, 96
Trd, 4319571.593, 104
Trd, 4319574.643, 94
Trd, 4319574.893, 95
Trd, 4319576.243, 86
Trd, 4319577.343, 90
Trd, 4319578.793, 90
Trd, 4319579.693, 93
Trd, 4319580.793, 92
Trd, 4319581.243, 93
Trd, 4319584.143, 102
Trd, 4319587.693, 99
Trd, 4319588.643, 98
Trd, 4319589.043, 97
Trd, 4319589.443, 98
Trd, 4319590.893, 98
Trd, 4319592.443, 97
Trd, 4319592.493, 98
Trd, 4319594.843, 97
Trd, 4319595.843, 97
Trd, 4319595.993, 96
Trd, 4319596.493, 97
Trd, 4319600.793, 96
Trd, 4319601.143, 97
Trd, 4319603.843, 98
Trd, 4319604.843, 96
Trd, 4319606.093, 96
Trd, 4319606.793, 95
Trd, 4319606.893, 95
Trd, 4319608.793, 97
Trd, 4319611.193, 92
Trd, 4319612.093, 93
Trd, 4319613.793, 94
Trd, 4319614.093, 93
Trd, 4319614.743, 94
Trd, 4319615.093, 95
Trd, 4319617.843, 100
Trd, 4319619.643, 97
Trd, 4319621.543, 96
Trd, 4319621.693, 96
Trd, 4319624.143, 94
Trd, 4319625.443, 94
Trd, 4319625.593, 94
Trd, 4319625.843, 95
Trd, 4319628.843, 95
Trd, 4319629.593, 103
Trd, 4319631.293, 102
Trd, 4319631.593, 101
Trd, 4319632.243, 101
Trd, 4319636.593, 103
Trd, 4319636.743, 102
Trd, 4319637.993, 101
Trd, 4319638.293, 100
Trd, 4319640.993, 95
Trd, 4319641.243, 96
Trd, 4319641.843, 96
Trd, 4319642.243, 104
Trd, 4319644.793, 99
Trd, 4319646.543, 99
Trd, 4319647.443, 98
Trd, 4319648.593, 97
Trd, 4319648.893, 97
Trd, 4319651.393, 96
Trd, 4319651.943, 95
Trd, 4319652.943, 95
Trd, 4319654.043, 95
Trd, 4319654.993, 97
Trd, 4319657.993, 96
Trd, 4319658.743, 94
Trd, 4319658.793, 94
Trd, 4319658.843, 94
Trd, 4319659.443, 99
Trd, 4319661.343, 90
Trd, 4319662.243, 90
Trd, 4319662.693, 90
Trd, 4319666.493, 94
Trd, 4319668.343, 92
Trd, 4319669.443, 94
Trd, 4319670.243, 93
Trd, 4319671.043, 93
Trd, 4319671.893, 93
Trd, 4319673.343, 94
Trd, 4319675.343, 104
Trd, 4319678.043, 104
Trd, 4319679.093, 101
Trd, 4319679.393, 100
Trd, 4319679.993, 98
Trd, 4319681.693, 95
Trd, 4319683.543, 96
Trd, 4319683.893, 98
Trd, 4319684.843, 95
Trd, 4319685.493, 104
Trd, 4319688.193, 101
Trd, 4319688.543, 100
Trd, 4319690.243, 95
Trd, 4319691.393, 95
Trd, 4319692.043, 96
Trd, 4319693.643, 96
Trd, 4319696.293, 98
Trd, 4319697.843, 96
Trd, 4319697.993, 95
Trd, 4319698.343, 95
Trd, 4319700.593, 105
Trd, 4319702.493, 105
Trd, 4319703.893, 104
Trd, 4319704.293, 104
Trd, 4319705.593, 104
Trd, 4319707.993, 98
Trd, 4319708.793, 99
Trd, 4319709.393, 98
Trd, 4319711.543, 105
Trd, 4319711.593, 104
Trd, 4319712.843, 103
Trd, 4319713.943, 102
Trd, 4319714.293, 101
Trd, 4319716.093, 102
Trd, 4319718.543, 100
Trd, 4319720.193, 95
Trd, 4319720.443, 96
Trd, 4319722.243, 95
Trd, 4319723.443, 94
Trd, 4319723.593, 96
Trd, 4319725.743, 103
Trd, 4319728.893, 97
Trd, 4319728.943, 97
Trd, 4319729.393, 99
Trd, 4319730.693, 96
Trd, 4319731.093, 96
Trd, 4319731.993, 95
Trd, 4319735.243, 95
Trd, 4319736.293, 102
Trd, 4319739.343, 97
Trd, 4319739.893, 95
Trd, 4319740.443, 94
Trd, 4319740.493, 95
Trd, 4319741.243, 96
Trd, 4319742.193, 97
Trd, 4319743.893, 101
Trd, 4319745.743, 100
Trd, 4319746.193, 98
Trd, 4319746.693, 99
Trd, 4319749.943, 100
Trd, 4319750.893, 100
Trd, 4319752.643, 99
Trd, 4319755.393, 98
Trd, 4319755.593, 97
Trd, 4319755.743, 97
Trd, 4319757.393, 95
Trd, 4319757.493, 94
Trd, 4319759.393, 93
Trd, 4319760.393, 91
Trd, 4319761.943, 91
Trd, 4319762.693, 102
Trd, 4319763.493, 97
Trd, 4319764.193, 98
Trd, 4319766.793, 100
Trd, 4319768.243, 99
Trd, 4319770.893, 99
Trd, 4319771.493, 98
Trd, 4319772.793, 96
Trd, 4319773.243, 97
Trd, 4319774.993, 101
Trd, 4319776.593, 99
Trd, 4319776.843, 98
Trd, 4319778.143, 99
Trd, 4319780.793, 98
Trd, 4319782.443, 97
Trd, 4319782.693, 97
Trd, 4319782.843, 98
Trd, 4319785.293, 97
Trd, 4319785.993, 96
Trd, 4319787.843, 97
Trd, 4319789.693, 96
Trd, 4319790.993, 95
Trd, 4319791.143, 95
Trd, 4319791.593, 97
Trd, 4319792.493, 102
Trd, 4319795.143, 97
Trd, 4319795.893, 97
Trd, 4319797.593, 99
Trd, 4319798.593, 98
Trd, 4319798.993, 97
Trd, 4319799.143, 96
Trd, 4319800.493, 98
Trd, 4319802.943, 96
Trd, 4319803.493, 95
Trd, 4319803.993, 96
Trd, 4319805.193, 94
Trd, 4319806.643, 96
Trd, 4319809.343, 95
Trd, 4319809.793, 96
Trd, 4319811.343, 95
Trd, 4319811.393, 95
Trd, 4319812.793, 102
Trd, 4319815.093, 95
Trd, 4319815.393, 95
Trd, 4319817.793, 94
Trd, 4319820.543, 93
Trd, 4319820.593, 95
Trd, 4319820.643, 93
Trd, 4319825.043, 100
Trd, 4319826.293, 99
Trd, 4319826.693, 100
Trd, 4319828.243, 99
Trd, 4319828.543, 98
Trd, 4319831.543, 98
Trd, 4319831.743, 97
Trd, 4319831.843, 97
Trd, 4319831.943, 102
Trd, 4319835.043, 93
Trd, 4319835.993, 92
Trd, 4319837.293, 91
Trd, 4319838.093, 92
Trd, 4319839.993, 91
Trd, 4319841.443, 93
Trd, 4319843.343, 93
Trd, 4319845.143, 99
Trd, 4319846.543, 96
Trd, 4319848.443, 97
Trd, 4319849.443, 97
Trd, 4319849.993, 96
Trd, 4319850.243, 97
Trd, 4319850.343, 96
Trd, 4319851.843, 96
Trd, 4319853.093, 98
Trd, 4319854.543, 97
Trd, 4319857.993, 96
Trd, 4319858.843, 95
Trd, 4319859.443, 98
Trd, 4319860.243, 102
Trd, 4319864.493, 95
Trd, 4319864.943, 95
Trd, 4319866.643, 94
Trd, 4319866.893, 94
Trd, 4319866.993, 94
Trd, 4319868.593, 104
Trd, 4319871.393, 91
Trd, 4319871.643, 91
Trd, 4319871.943, 90
Trd, 4319872.843, 91
Trd, 4319872.993, 95
Trd, 4319875.843, 93
Trd, 4319877.643, 96
Trd, 4319878.343, 95
Trd, 4319879.193, 96
Trd, 4319879.493, 100
Trd, 4319882.643, 103
Trd, 4319883.043, 102
Trd, 4319883.393, 104
Trd, 4319886.493, 105
Trd, 4319886.693, 104
Trd, 4319886.743, 104
Trd, 4319889.093, 103
Trd, 4319891.143, 101
Trd, 4319892.893, 98
Trd, 4319894.143, 95
Trd, 4319894.893, 95
Trd, 4319896.243, 98
Trd, 4319896.493, 104
Trd, 4319898.593, 101
Trd, 4319901.093, 95
Trd, 4319901.443, 92
Trd, 4319902.393, 89
Trd, 4319903.293, 92
Trd, 4319904.643, 99
Trd, 4319905.793, 94
Trd, 4319906.593, 95
Trd, 4319909.343, 100
Trd, 4319912.443, 96
Trd, 4319913.143, 96
Trd, 4319913.943, 94
Trd, 4319915.443, 95
Trd, 4319917.443, 95
Trd, 4319919.943, 89
Trd, 4319920.443, 90
Trd, 4319920.493, 91
Trd, 4319921.343, 91
Trd, 4319922.593, 92
Trd, 4319924.493, 92
Trd, 4319927.643, 98
Trd, 4319928.943, 98
Trd, 4319929.643, 99
Trd, 4319931.043, 97
Trd, 4319932.143, 97
Trd, 4319934.393, 98
Trd, 4319934.843, 97
Trd, 4319935.743, 96
Trd, 4319936.793, 96
Trd, 4319937.743, 95
Trd, 4319939.793, 97
Trd, 4319940.193, 103
Trd, 4319942.443, 100
Trd, 4319944.043, 100
Trd, 4319945.643, 100
Trd, 4319946.393, 99
Trd, 4319946.493, 102
Trd, 4319948.793, 97
Trd, 4319950.593, 95
Trd, 4319953.243, 95
Trd, 4319954.693, 98
Trd, 4319955.693, 97
Trd, 4319956.143, 96
Trd, 4319956.443, 95
Trd, 4319957.343, 97
Trd, 4319958.893, 98
Trd, 4319960.043, 100
Trd, 4319961.493, 99
Trd, 4319962.143, 99
Trd, 4319963.843, 100
Trd, 4319964.243, 98
Trd, 4319965.143, 96
Trd, 4319968.293, 97
Trd, 4319969.743, 102
Trd, 4319970.893, 102
Trd, 4319971.093, 103
Trd, 4319973.593, 101
Trd, 4319974.043, 100
Trd, 4319974.843, 100
Trd, 4319975.843, 99
Trd, 4319977.793, 99
Trd, 4319977.943, 101
Trd, 4319978.843, 100
Trd, 4319984.893, 99
Trd, 4319984.993, 98
Trd, 4319986.143, 99
Trd, 4319987.743, 98
Trd, 4319988.743, 97
Trd, 4319988.893, 104
Trd, 4319991.043, 96
Trd, 4319991.143, 96
Trd, 4319992.943, 98
Trd, 4319994.293, 98
Trd, 4319995.693, 98
Trd, 4319996.193, 98
Trd, 4319997.593, 97
Trd, 4319997.893, 97
Trd, 4319998.593, 95
