Trd, 4317811.193, 92
Trd, 4317812.043, 87
Trd, 4317815.293, 91
Trd, 4317815.443, 95
Trd, 4317815.843, 93
Trd, 4317817.993, 92
Trd, 4317818.443, 85
Trd, 4317819.393, 97
Trd, 4317819.543, 127
Trd, 4317820.343, 108
Trd, 4317820.543, 112
Trd, 4317820.893, 121
Trd, 4317822.093, 94
Trd, 4317822.793, 103
Trd, 4317825.993, 104
Trd, 4317826.543, 104
Trd, 4317828.393, 103
Trd, 4317829.293, 101
Trd, 4317831.893, 101
Trd, 4317832.643, 101
Trd, 4317833.943, 93
Trd, 4317834.343, 85
Trd, 4317835.193, 93
Trd, 4317837.243, 99
Trd, 4317838.643, 97
Trd, 4317839.543, 100
Trd, 4317839.793, 95
Trd, 4317843.843, 94
Trd, 4317844.843, 95
Trd, 4317845.693, 96
Trd, 4317846.093, 103
Trd, 4317847.593, 97
Trd, 4317848.943, 91
Trd, 4317849.293, 85
Trd, 4317849.793, 93
Trd, 4317851.493, 95
Trd, 4317851.893, 100
Trd, 4317852.643, 97
Trd, 4317854.293, 85
Trd, 4317856.043, 112
Trd, 4317856.693, 106
Trd, 4317858.293, 99
Trd, 4317858.693, 94
Trd, 4317860.043, 99
Trd, 4317862.393, 96
Trd, 4317863.743, 90
Trd, 4317864.643, 94
Trd, 4317865.943, 96
Trd, 4317869.793, 94
Trd, 4317871.293, 94
Trd, 4317872.843, 95
Trd, 4317872.993, 93
Trd, 4317879.343, 95
Trd, 4317881.143, 93
Trd, 4317883.793, 92
Trd, 4317883.943, 92
Trd, 4317887.493, 95
Trd, 4317887.693, 91
Trd, 4317889.643, 94
Trd, 4317891.443, 116
Trd, 4317892.543, 95
Trd, 4317892.943, 96
Trd, 4317896.543, 94
Trd, 4317896.643, 94
Trd, 4317896.893, 95
Trd, 4317897.143, 93
Trd, 4317898.943, 95
Trd, 4317899.443, 104
Trd, 4317899.593, 104
Trd, 4317901.243, 96
Trd, 4317903.243, 97
Trd, 4317904.343, 98
Trd, 4317905.743, 97
Trd, 4317907.893, 96
Trd, 4317908.593, 97
Trd, 4317909.043, 94
Trd, 4317909.143, 97
Trd, 4317910.693, 85
Trd, 4317912.743, 102
Trd, 4317914.393, 104
Trd, 4317914.543, 101
Trd, 4317915.093, 101
Trd, 4317917.543, 100
Trd, 4317919.793, 99
Trd, 4317920.843, 99
Trd, 4317924.343, 98
Trd, 4317925.143, 99
Trd, 4317928.093, 93
Trd, 4317928.793, 95
Trd, 4317930.193, 85
Trd, 4317933.543, 91
Trd, 4317933.643, 92
Trd, 4317934.643, 85
Trd, 4317936.093, 103
Trd, 4317937.643, 96
Trd, 4317938.743, 94
Trd, 4317938.843, 92
Trd, 4317939.043, 97
Trd, 4317940.643, 97
Trd, 4317941.943, 95
Trd, 4317944.093, 94
Trd, 4317946.143, 95
Trd, 4317947.793, 90
Trd, 4317948.093, 94
Trd, 4317950.493, 94
Trd, 4317951.593, 94
Trd, 4317954.893, 94
Trd, 4317955.543, 92
Trd, 4317956.343, 85
Trd, 4317957.893, 85
Trd, 4317960.943, 93
Trd, 4317962.693, 92
Trd, 4317965.093, 95
Trd, 4317968.793, 93
Trd, 4317968.943, 92
Trd, 4317969.543, 90
Trd, 4317970.893, 90
Trd, 4317972.693, 93
Trd, 4317975.443, 89
Trd, 4317977.093, 94
Trd, 4317977.693, 89
Trd, 4317982.793, 93
Trd, 4317986.243, 93
Trd, 4317989.643, 93
Trd, 4317989.943, 92
Trd, 4317990.543, 90
Trd, 4317992.393, 92
Trd, 4317993.993, 89
Trd, 4317995.043, 95
Trd, 4317995.443, 89
Trd, 4317997.993, 101
Trd, 4317999.793, 94
Trd, 4318000.443, 101
Trd, 4318000.793, 85
Trd, 4318003.043, 95
Trd, 4318003.743, 97
Trd, 4318005.043, 93
Trd, 4318005.743, 96
Trd, 4318006.793, 97
Trd, 4318007.143, 108
Trd, 4318008.593, 91
Trd, 4318010.593, 91
Trd, 4318012.043, 98
Trd, 4318014.493, 98
Trd, 4318014.793, 104
Trd, 4318015.243, 98
Trd, 4318015.743, 85
Trd, 4318017.393, 107
Trd, 4318017.643, 113
Trd, 4318021.343, 104
Trd, 4318021.593, 103
Trd, 4318022.393, 111
Trd, 4318027.943, 94
Trd, 4318031.293, 100
Trd, 4318034.043, 103
Trd, 4318035.593, 94
Trd, 4318036.043, 96
Trd, 4318037.393, 81
Trd, 4318037.543, 82
Trd, 4318040.443, 92
Trd, 4318040.493, 89
Trd, 4318042.843, 92
Trd, 4318045.493, 95
Trd, 4318048.193, 93
Trd, 4318050.143, 92
Trd, 4318050.493, 90
Trd, 4318052.293, 93
Trd, 4318052.693, 85
Trd, 4318052.793, 76
Trd, 4318053.693, 95
Trd, 4318056.393, 95
Trd, 4318056.893, 96
Trd, 4318058.493, 93
Trd, 4318058.743, 90
Trd, 4318060.943, 92
Trd, 4318061.443, 93
Trd, 4318062.443, 95
Trd, 4318062.593, 90
Trd, 4318064.393, 93
Trd, 4318065.243, 85
Trd, 4318066.193, 95
Trd, 4318066.493, 104
Trd, 4318067.893, 96
Trd, 4318069.343, 99
Trd, 4318070.843, 97
Trd, 4318071.243, 94
Trd, 4318071.743, 97
Trd, 4318072.993, 96
Trd, 4318073.293, 97
Trd, 4318075.893, 88
Trd, 4318077.393, 95
Trd, 4318078.493, 93
Trd, 4318078.593, 113
Trd, 4318081.843, 97
Trd, 4318085.193, 97
Trd, 4318087.243, 93
Trd, 4318092.493, 97
Trd, 4318092.943, 94
Trd, 4318093.143, 97
Trd, 4318096.393, 97
Trd, 4318096.593, 111
Trd, 4318097.093, 93
Trd, 4318097.393, 93
Trd, 4318101.893, 92
Trd, 4318103.193, 87
Trd, 4318104.393, 89
Trd, 4318105.043, 91
Trd, 4318106.643, 95
Trd, 4318106.843, 88
Trd, 4318108.393, 88
Trd, 4318112.743, 88
Trd, 4318114.193, 90
Trd, 4318115.043, 86
Trd, 4318116.793, 90
Trd, 4318117.693, 90
Trd, 4318120.793, 89
Trd, 4318121.543, 86
Trd, 4318122.993, 88
Trd, 4318123.743, 95
Trd, 4318127.093, 100
Trd, 4318127.593, 94
Trd, 4318128.243, 96
Trd, 4318128.293, 107
Trd, 4318132.093, 95
Trd, 4318133.343, 95
Trd, 4318134.043, 93
Trd, 4318136.443, 92
Trd, 4318136.943, 95
Trd, 4318145.693, 95
Trd, 4318147.293, 91
Trd, 4318148.743, 95
Trd, 4318149.793, 95
Trd, 4318151.393, 95
Trd, 4318153.893, 91
Trd, 4318154.093, 94
Trd, 4318156.193, 91
Trd, 4318159.243, 94
Trd, 4318160.393, 94
Trd, 4318162.443, 94
Trd, 4318165.943, 90
Trd, 4318166.293, 95
Trd, 4318169.193, 89
Trd, 4318169.493, 94
Trd, 4318170.293, 94
Trd, 4318170.593, 89
Trd, 4318175.293, 92
Trd, 4318176.293, 101
Trd, 4318176.493, 95
Trd, 4318176.993, 94
Trd, 4318179.293, 96
Trd, 4318180.343, 99
Trd, 4318182.143, 96
Trd, 4318182.493, 106
Trd, 4318184.293, 110
Trd, 4318185.793, 102
Trd, 4318187.043, 101
Trd, 4318188.543, 99
Trd, 4318189.143, 106
Trd, 4318193.893, 100
Trd, 4318194.343, 101
Trd, 4318197.843, 99
Trd, 4318198.893, 98
Trd, 4318199.243, 101
Trd, 4318200.293, 102
Trd, 4318203.743, 100
Trd, 4318205.743, 96
Trd, 4318210.143, 96
Trd, 4318212.693, 97
Trd, 4318212.793, 95
Trd, 4318213.993, 97
Trd, 4318216.893, 97
Trd, 4318217.093, 94
Trd, 4318217.793, 99
Trd, 4318219.443, 97
Trd, 4318220.043, 100
Trd, 4318225.293, 98
Trd, 4318226.793, 98
Trd, 4318227.193, 96
Trd, 4318227.243, 98
Trd, 4318228.943, 88
Trd, 4318229.893, 92
Trd, 4318232.943, 97
Trd, 4318234.893, 92
Trd, 4318237.643, 92
Trd, 4318237.743, 95
Trd, 4318238.343, 95
Trd, 4318239.543, 95
Trd, 4318243.193, 95
Trd, 4318244.493, 95
Trd, 4318246.343, 95
Trd, 4318246.593, 93
Trd, 4318247.093, 93
Trd, 4318252.593, 95
Trd, 4318253.643, 95
Trd, 4318254.643, 93
Trd, 4318257.043, 95
Trd, 4318258.793, 92
Trd, 4318260.243, 95
Trd, 4318260.843, 92
Trd, 4318261.843, 91
Trd, 4318262.043, 95
Trd, 4318266.243, 92
Trd, 4318266.893, 90
Trd, 4318267.543, 95
Trd, 4318269.693, 89
Trd, 4318273.093, 90
Trd, 4318273.543, 93
Trd, 4318274.743, 92
Trd, 4318275.443, 95
Trd, 4318279.643, 89
Trd, 4318279.743, 92
Trd, 4318281.843, 93
Trd, 4318281.943, 95
Trd, 4318284.943, 89
Trd, 4318287.643, 90
Trd, 4318288.493, 93
Trd, 4318288.643, 95
Trd, 4318289.343, 94
Trd, 4318292.293, 93
Trd, 4318292.693, 95
Trd, 4318294.243, 96
Trd, 4318295.843, 93
Trd, 4318296.043, 92
Trd, 4318298.443, 96
Trd, 4318299.543, 100
Trd, 4318300.193, 98
Trd, 4318306.243, 94
Trd, 4318306.693, 95
Trd, 4318307.093, 85
Trd, 4318308.943, 93
Trd, 4318312.893, 94
Trd, 4318317.793, 95
Trd, 4318318.343, 94
Trd, 4318321.843, 93
Trd, 4318326.443, 95
Trd, 4318329.193, 93
Trd, 4318330.293, 94
Trd, 4318330.643, 95
Trd, 4318332.493, 95
Trd, 4318333.093, 97
Trd, 4318333.643, 113
Trd, 4318336.443, 97
Trd, 4318337.843, 96
Trd, 4318338.493, 96
Trd, 4318339.443, 98
Trd, 4318341.493, 97
Trd, 4318341.893, 94
Trd, 4318343.843, 97
Trd, 4318345.643, 93
Trd, 4318346.343, 97
Trd, 4318347.343, 97
Trd, 4318347.493, 98
Trd, 4318347.843, 93
Trd, 4318349.593, 95
Trd, 4318353.843, 97
Trd, 4318355.043, 98
Trd, 4318355.093, 77
Trd, 4318356.693, 97
Trd, 4318357.493, 94
Trd, 4318359.743, 97
Trd, 4318362.193, 101
Trd, 4318363.793, 97
Trd, 4318364.643, 96
Trd, 4318364.893, 100
Trd, 4318366.793, 100
Trd, 4318367.643, 100
Trd, 4318368.843, 101
Trd, 4318371.593, 98
Trd, 4318373.393, 104
Trd, 4318374.143, 97
Trd, 4318374.993, 96
Trd, 4318376.093, 113
Trd, 4318379.243, 99
Trd, 4318383.193, 97
Trd, 4318383.893, 98
Trd, 4318385.393, 98
Trd, 4318386.293, 95
Trd, 4318390.643, 97
Trd, 4318391.193, 98
Trd, 4318392.043, 100
Trd, 4318392.793, 95
Trd, 4318393.493, 93
Trd, 4318393.993, 109
Trd, 4318396.343, 99
Trd, 4318396.893, 99
Trd, 4318399.443, 99
Trd, 4318399.793, 94
Trd, 4318400.743, 94
Trd, 4318402.343, 88
Trd, 4318404.393, 91
Trd, 4318405.443, 96
Trd, 4318405.993, 94
Trd, 4318406.243, 91
Trd, 4318409.643, 94
Trd, 4318411.993, 106
Trd, 4318414.143, 100
Trd, 4318414.493, 99
Trd, 4318416.493, 90
Trd, 4318418.343, 97
Trd, 4318420.143, 97
Trd, 4318422.893, 95
Trd, 4318424.143, 95
Trd, 4318425.243, 96
Trd, 4318425.893, 94
Trd, 4318427.393, 96
Trd, 4318429.293, 96
Trd, 4318433.143, 96
Trd, 4318434.143, 93
Trd, 4318438.043, 96
Trd, 4318440.043, 95
Trd, 4318441.043, 93
Trd, 4318442.393, 96
Trd, 4318444.493, 92
Trd, 4318447.743, 95
Trd, 4318449.293, 95
Trd, 4318450.993, 93
Trd, 4318452.443, 95
Trd, 4318454.043, 94
Trd, 4318455.643, 95
Trd, 4318455.743, 94
Trd, 4318459.943, 110
Trd, 4318460.143, 114
Trd, 4318460.443, 99
Trd, 4318460.493, 93
Trd, 4318463.693, 96
Trd, 4318466.393, 99
Trd, 4318470.793, 94
Trd, 4318471.993, 92
Trd, 4318474.993, 92
Trd, 4318477.443, 97
Trd, 4318478.043, 97
Trd, 4318478.893, 85
Trd, 4318479.493, 97
Trd, 4318481.493, 94
Trd, 4318481.693, 105
Trd, 4318484.143, 89
Trd, 4318486.243, 96
Trd, 4318488.843, 88
Trd, 4318491.493, 94
Trd, 4318496.793, 94
Trd, 4318497.243, 94
Trd, 4318498.743, 87
Trd, 4318499.193, 95
Trd, 4318500.693, 94
Trd, 4318502.493, 93
Trd, 4318502.543, 95
Trd, 4318502.743, 87
Trd, 4318503.343, 86
Trd, 4318504.343, 93
Trd, 4318505.543, 88
Trd, 4318507.043, 95
Trd, 4318508.193, 97
Trd, 4318509.993, 96
Trd, 4318511.793, 95
Trd, 4318513.343, 95
Trd, 4318514.143, 96
Trd, 4318514.693, 94
Trd, 4318516.543, 93
Trd, 4318518.743, 95
Trd, 4318520.143, 93
Trd, 4318520.393, 87
Trd, 4318522.143, 96
Trd, 4318523.993, 112
Trd, 4318524.193, 99
Trd, 4318524.843, 95
Trd, 4318527.343, 64
Trd, 4318528.843, 88
Trd, 4318530.093, 99
Trd, 4318530.243, 95
Trd, 4318534.443, 94
Trd, 4318534.893, 92
Trd, 4318535.343, 95
Trd, 4318540.943, 91
Trd, 4318541.893, 92
Trd, 4318543.493, 96
Trd, 4318544.193, 95
Trd, 4318545.143, 106
Trd, 4318545.643, 95
Trd, 4318546.193, 94
Trd, 4318547.643, 95
Trd, 4318549.393, 93
Trd, 4318550.443, 93
Trd, 4318551.243, 95
Trd, 4318551.693, 94
Trd, 4318551.943, 95
Trd, 4318557.643, 93
Trd, 4318558.693, 91
Trd, 4318559.393, 94
Trd, 4318561.043, 95
Trd, 4318561.793, 101
Trd, 4318562.543, 91
Trd, 4318563.593, 94
Trd, 4318563.793, 99
Trd, 4318566.493, 95
Trd, 4318568.743, 95
Trd, 4318571.893, 94
Trd, 4318573.193, 95
Trd, 4318573.743, 95
Trd, 4318575.143, 93
Trd, 4318575.893, 95
Trd, 4318577.193, 93
Trd, 4318579.493, 93
Trd, 4318583.643, 95
Trd, 4318584.343, 95
Trd, 4318585.143, 92
Trd, 4318586.093, 95
Trd, 4318588.743, 94
Trd, 4318589.043, 91
Trd, 4318591.643, 94
Trd, 4318593.193, 104
Trd, 4318595.493, 96
Trd, 4318595.843, 91
Trd, 4318596.793, 90
Trd, 4318599.043, 96
Trd, 4318602.743, 90
Trd, 4318602.943, 94
Trd, 4318603.293, 94
Trd, 4318605.143, 89
Trd, 4318608.643, 94
Trd, 4318610.193, 94
Trd, 4318615.043, 89
Trd, 4318616.243, 89
Trd, 4318616.843, 93
Trd, 4318617.593, 94
Trd, 4318618.793, 95
Trd, 4318619.793, 88
Trd, 4318621.843, 95
Trd, 4318623.193, 93
Trd, 4318626.143, 94
Trd, 4318627.493, 94
Trd, 4318629.693, 94
Trd, 4318629.893, 93
Trd, 4318630.943, 95
Trd, 4318632.643, 94
Trd, 4318637.243, 93
Trd, 4318637.293, 94
Trd, 4318637.743, 93
Trd, 4318638.443, 101
Trd, 4318639.793, 97
Trd, 4318641.893, 94
Trd, 4318642.593, 101
Trd, 4318643.193, 101
Trd, 4318643.693, 114
Trd, 4318644.993, 98
Trd, 4318646.043, 97
Trd, 4318647.793, 99
Trd, 4318652.143, 98
Trd, 4318653.343, 100
Trd, 4318653.843, 97
Trd, 4318656.843, 100
Trd, 4318658.193, 109
Trd, 4318658.593, 102
Trd, 4318661.443, 94
Trd, 4318662.343, 85
Trd, 4318662.393, 99
Trd, 4318663.793, 96
Trd, 4318664.593, 93
Trd, 4318666.043, 90
Trd, 4318667.093, 93
Trd, 4318669.043, 108
Trd, 4318670.843, 96
Trd, 4318674.593, 95
Trd, 4318674.693, 97
Trd, 4318676.843, 97
Trd, 4318678.743, 97
Trd, 4318679.793, 97
Trd, 4318683.843, 94
Trd, 4318684.793, 94
Trd, 4318685.743, 94
Trd, 4318686.343, 93
Trd, 4318691.143, 94
Trd, 4318693.843, 95
Trd, 4318695.943, 92
Trd, 4318696.043, 94
Trd, 4318697.943, 94
Trd, 4318699.743, 94
Trd, 4318701.593, 95
Trd, 4318703.443, 91
Trd, 4318705.643, 93
Trd, 4318706.893, 91
Trd, 4318707.543, 95
Trd, 4318711.193, 94
Trd, 4318713.293, 98
Trd, 4318713.943, 90
Trd, 4318713.993, 93
Trd, 4318715.243, 94
Trd, 4318716.093, 113
Trd, 4318718.543, 97
Trd, 4318719.793, 77
Trd, 4318722.293, 91
Trd, 4318722.343, 92
Trd, 4318724.343, 88
Trd, 4318725.093, 92
Trd, 4318726.743, 95
Trd, 4318727.993, 89
Trd, 4318730.543, 94
Trd, 4318731.943, 88
Trd, 4318734.243, 92
Trd, 4318736.043, 87
Trd, 4318737.543, 92
Trd, 4318739.893, 87
Trd, 4318741.143, 92
Trd, 4318742.343, 93
Trd, 4318744.343, 92
Trd, 4318745.593, 94
Trd, 4318746.743, 93
Trd, 4318747.293, 90
Trd, 4318749.493, 92
Trd, 4318750.193, 92
Trd, 4318753.243, 90
Trd, 4318754.793, 92
Trd, 4318755.943, 85
Trd, 4318756.843, 88
Trd, 4318760.243, 92
Trd, 4318761.993, 88
Trd, 4318763.293, 91
Trd, 4318763.843, 85
Trd, 4318766.693, 89
Trd, 4318767.193, 89
Trd, 4318770.143, 106
Trd, 4318772.443, 86
Trd, 4318774.993, 88
Trd, 4318776.643, 89
Trd, 4318777.443, 85
Trd, 4318779.443, 88
Trd, 4318780.793, 88
Trd, 4318782.593, 84
Trd, 4318782.643, 84
Trd, 4318788.443, 83
Trd, 4318790.343, 88
Trd, 4318790.943, 93
Trd, 4318794.943, 82
Trd, 4318797.743, 86
Trd, 4318799.743, 86
Trd, 4318801.693, 82
Trd, 4318802.943, 86
Trd, 4318807.793, 82
Trd, 4318809.343, 85
Trd, 4318809.793, 95
Trd, 4318809.993, 105
Trd, 4318811.543, 91
Trd, 4318813.493, 93
Trd, 4318815.193, 94
Trd, 4318815.293, 96
Trd, 4318818.443, 100
Trd, 4318819.243, 99
Trd, 4318820.943, 94
Trd, 4318821.943, 97
Trd, 4318824.343, 100
Trd, 4318826.293, 95
Trd, 4318828.493, 96
Trd, 4318829.693, 96
Trd, 4318829.943, 95
Trd, 4318832.643, 94
Trd, 4318834.543, 96
Trd, 4318834.893, 94
Trd, 4318835.893, 96
Trd, 4318838.693, 96
Trd, 4318839.893, 93
Trd, 4318840.743, 97
Trd, 4318845.693, 92
Trd, 4318846.043, 96
Trd, 4318846.343, 96
Trd, 4318847.243, 92
Trd, 4318849.193, 96
Trd, 4318850.843, 96
Trd, 4318850.943, 92
Trd, 4318851.193, 91
Trd, 4318852.243, 96
Trd, 4318852.543, 96
Trd, 4318855.243, 108
Trd, 4318857.043, 102
Trd, 4318857.843, 102
Trd, 4318858.143, 103
Trd, 4318861.043, 101
Trd, 4318862.093, 94
Trd, 4318863.793, 98
Trd, 4318864.393, 94
Trd, 4318864.543, 102
Trd, 4318865.943, 104
Trd, 4318868.343, 103
Trd, 4318869.943, 97
Trd, 4318872.343, 103
Trd, 4318872.843, 102
Trd, 4318875.443, 102
Trd, 4318878.693, 96
Trd, 4318881.843, 101
Trd, 4318881.943, 102
Trd, 4318883.843, 95
Trd, 4318887.393, 99
Trd, 4318888.043, 99
Trd, 4318888.793, 108
Trd, 4318889.093, 97
Trd, 4318894.043, 99
Trd, 4318894.743, 100
Trd, 4318898.593, 98
Trd, 4318898.893, 100
Trd, 4318903.993, 97
Trd, 4318904.143, 97
Trd, 4318905.443, 99
Trd, 4318907.093, 106
Trd, 4318908.093, 100
Trd, 4318910.043, 101
Trd, 4318911.793, 102
Trd, 4318911.893, 113
Trd, 4318913.043, 100
Trd, 4318914.793, 94
Trd, 4318915.243, 85
Trd, 4318919.743, 95
Trd, 4318919.893, 101
Trd, 4318923.143, 101
Trd, 4318925.993, 94
Trd, 4318927.993, 94
Trd, 4318929.293, 101
Trd, 4318931.143, 93
Trd, 4318931.193, 101
Trd, 4318934.543, 101
Trd, 4318934.643, 101
Trd, 4318935.843, 96
Trd, 4318942.993, 99
Trd, 4318946.143, 95
Trd, 4318946.343, 94
Trd, 4318948.043, 99
Trd, 4318951.543, 98
Trd, 4318952.343, 113
Trd, 4318953.743, 100
Trd, 4318956.793, 97
Trd, 4318960.893, 100
Trd, 4318962.343, 100
Trd, 4318963.343, 96
Trd, 4318963.393, 100
Trd, 4318965.243, 100
Trd, 4318967.743, 99
Trd, 4318967.793, 94
Trd, 4318971.493, 100
Trd, 4318973.343, 96
Trd, 4318976.843, 98
Trd, 4318979.343, 99
Trd, 4318980.143, 99
Trd, 4318984.993, 97
Trd, 4318987.293, 96
Trd, 4318989.043, 95
Trd, 4318989.193, 99
Trd, 4318991.343, 95
Trd, 4318991.493, 97
Trd, 4318992.843, 96
Trd, 4318993.293, 85
Trd, 4318994.493, 85
Trd, 4318995.943, 92
Trd, 4318996.743, 93
Trd, 4318999.643, 91
Trd, 4319000.143, 93
Trd, 4319000.943, 89
Trd, 4319003.593, 92
Trd, 4319003.943, 89
Trd, 4319005.093, 95
Trd, 4319006.993, 91
Trd, 4319007.293, 95
Trd, 4319008.593, 96
Trd, 4319010.393, 93
Trd, 4319011.793, 85
Trd, 4319012.593, 90
Trd, 4319015.093, 92
Trd, 4319017.343, 92
Trd, 4319018.893, 91
Trd, 4319019.343, 89
Trd, 4319021.243, 87
Trd, 4319021.943, 88
Trd, 4319025.943, 92
Trd, 4319028.143, 92
Trd, 4319028.343, 93
Trd, 4319028.493, 95
Trd, 4319030.143, 88
Trd, 4319030.243, 105
Trd, 4319032.893, 93
Trd, 4319033.943, 90
Trd, 4319034.143, 93
Trd, 4319037.893, 93
Trd, 4319039.843, 89
Trd, 4319040.093, 95
Trd, 4319041.193, 95
Trd, 4319043.743, 89
Trd, 4319047.393, 93
Trd, 4319048.043, 93
Trd, 4319049.843, 95
Trd, 4319051.143, 88
Trd, 4319052.843, 93
Trd, 4319053.743, 95
Trd, 4319057.643, 87
Trd, 4319058.743, 92
Trd, 4319058.943, 92
Trd, 4319061.693, 91
Trd, 4319061.943, 87
Trd, 4319063.443, 86
Trd, 4319066.193, 85
Trd, 4319066.243, 87
Trd, 4319069.243, 85
Trd, 4319070.393, 84
Trd, 4319070.493, 88
Trd, 4319070.793, 88
Trd, 4319075.343, 88
Trd, 4319076.243, 86
Trd, 4319078.693, 88
Trd, 4319079.043, 86
Trd, 4319082.743, 89
Trd, 4319084.393, 85
Trd, 4319085.943, 88
Trd, 4319088.193, 85
Trd, 4319092.793, 88
Trd, 4319092.893, 86
Trd, 4319092.943, 95
Trd, 4319094.343, 91
Trd, 4319095.943, 81
Trd, 4319097.493, 86
Trd, 4319098.843, 95
Trd, 4319099.343, 86
Trd, 4319101.093, 89
Trd, 4319101.343, 95
Trd, 4319103.843, 90
Trd, 4319103.993, 81
Trd, 4319104.593, 86
Trd, 4319107.193, 85
Trd, 4319108.693, 91
Trd, 4319108.943, 89
Trd, 4319110.843, 87
Trd, 4319114.393, 88
Trd, 4319114.793, 87
Trd, 4319116.443, 95
Trd, 4319119.243, 99
Trd, 4319120.943, 98
Trd, 4319121.143, 98
Trd, 4319121.793, 94
Trd, 4319122.493, 95
Trd, 4319123.393, 85
Trd, 4319123.643, 104
Trd, 4319124.593, 111
Trd, 4319126.843, 97
Trd, 4319130.243, 96
Trd, 4319131.143, 96
Trd, 4319131.893, 96
Trd, 4319132.243, 96
Trd, 4319133.943, 96
Trd, 4319136.593, 96
Trd, 4319138.843, 95
Trd, 4319140.143, 95
Trd, 4319140.593, 96
Trd, 4319141.343, 94
Trd, 4319141.593, 93
Trd, 4319141.943, 105
Trd, 4319143.043, 111
Trd, 4319145.493, 97
Trd, 4319147.993, 85
Trd, 4319149.543, 99
Trd, 4319150.243, 101
Trd, 4319150.543, 96
Trd, 4319150.943, 113
Trd, 4319152.993, 97
Trd, 4319156.343, 95
Trd, 4319157.393, 96
Trd, 4319158.143, 96
Trd, 4319159.893, 96
Trd, 4319161.243, 95
Trd, 4319163.093, 96
Trd, 4319164.593, 94
Trd, 4319165.493, 95
Trd, 4319166.243, 85
Trd, 4319167.593, 92
Trd, 4319170.693, 91
Trd, 4319172.393, 95
Trd, 4319173.543, 94
Trd, 4319173.843, 90
Trd, 4319174.893, 95
Trd, 4319175.143, 95
Trd, 4319175.893, 92
Trd, 4319176.043, 85
Trd, 4319179.943, 93
Trd, 4319181.543, 92
Trd, 4319184.443, 92
Trd, 4319184.743, 91
Trd, 4319188.693, 93
Trd, 4319189.243, 94
Trd, 4319191.243, 90
Trd, 4319193.093, 90
Trd, 4319194.943, 93
Trd, 4319195.693, 118
Trd, 4319196.593, 100
Trd, 4319196.943, 100
Trd, 4319198.993, 98
Trd, 4319201.843, 99
Trd, 4319203.393, 99
Trd, 4319204.493, 97
Trd, 4319204.743, 99
Trd, 4319205.693, 100
Trd, 4319208.293, 110
Trd, 4319209.193, 105
Trd, 4319209.793, 105
Trd, 4319210.893, 106
Trd, 4319210.943, 85
Trd, 4319214.993, 81
Trd, 4319215.443, 82
Trd, 4319216.743, 91
Trd, 4319218.343, 84
Trd, 4319218.543, 90
Trd, 4319218.643, 96
Trd, 4319220.943, 94
Trd, 4319221.393, 93
Trd, 4319221.493, 93
Trd, 4319227.743, 92
Trd, 4319228.093, 94
Trd, 4319229.493, 94
Trd, 4319230.293, 95
Trd, 4319233.193, 93
Trd, 4319234.093, 94
Trd, 4319235.243, 92
Trd, 4319237.843, 95
Trd, 4319238.643, 93
Trd, 4319241.643, 93
Trd, 4319242.843, 95
Trd, 4319245.343, 95
Trd, 4319246.093, 95
Trd, 4319246.693, 94
Trd, 4319249.293, 95
Trd, 4319251.443, 93
Trd, 4319253.293, 92
Trd, 4319253.643, 93
Trd, 4319254.093, 95
Trd, 4319254.443, 91
Trd, 4319258.343, 94
Trd, 4319260.293, 90
Trd, 4319261.443, 92
Trd, 4319265.443, 92
Trd, 4319267.693, 92
Trd, 4319268.343, 88
Trd, 4319268.943, 92
Trd, 4319272.493, 92
Trd, 4319273.643, 95
Trd, 4319276.843, 89
Trd, 4319276.893, 94
Trd, 4319279.393, 89
Trd, 4319279.693, 92
Trd, 4319280.543, 92
Trd, 4319281.843, 88
Trd, 4319282.743, 92
Trd, 4319284.493, 88
Trd, 4319285.293, 92
Trd, 4319286.743, 95
Trd, 4319289.193, 94
Trd, 4319290.243, 93
Trd, 4319290.343, 95
Trd, 4319291.493, 95
Trd, 4319294.393, 95
Trd, 4319295.943, 98
Trd, 4319296.293, 96
Trd, 4319297.543, 104
Trd, 4319297.943, 115
Trd, 4319299.193, 99
Trd, 4319299.893, 99
Trd, 4319301.493, 99
Trd, 4319304.643, 97
Trd, 4319305.893, 102
Trd, 4319306.343, 100
Trd, 4319306.993, 101
Trd, 4319308.643, 100
Trd, 4319311.293, 102
Trd, 4319311.993, 101
Trd, 4319312.443, 86
Trd, 4319313.393, 85
Trd, 4319314.093, 85
Trd, 4319314.543, 84
Trd, 4319315.843, 93
Trd, 4319318.443, 89
Trd, 4319319.293, 89
Trd, 4319321.043, 89
Trd, 4319323.543, 91
Trd, 4319324.243, 88
Trd, 4319328.343, 88
Trd, 4319330.243, 90
Trd, 4319331.193, 91
Trd, 4319333.493, 90
Trd, 4319334.693, 90
Trd, 4319334.793, 91
Trd, 4319335.843, 89
Trd, 4319338.143, 95
Trd, 4319340.993, 92
Trd, 4319341.243, 88
Trd, 4319341.393, 95
Trd, 4319345.093, 87
Trd, 4319345.943, 94
Trd, 4319346.743, 92
Trd, 4319347.343, 87
Trd, 4319348.543, 86
Trd, 4319349.043, 95
Trd, 4319350.543, 92
Trd, 4319357.143, 87
Trd, 4319359.343, 86
Trd, 4319360.243, 88
Trd, 4319361.143, 95
Trd, 4319361.643, 91
Trd, 4319362.843, 115
Trd, 4319363.993, 85
Trd, 4319365.193, 84
Trd, 4319366.793, 86
Trd, 4319369.443, 91
Trd, 4319369.943, 86
Trd, 4319371.093, 91
Trd, 4319373.193, 95
Trd, 4319378.193, 88
Trd, 4319378.693, 88
Trd, 4319381.943, 85
Trd, 4319382.743, 87
Trd, 4319385.843, 87
Trd, 4319386.243, 95
Trd, 4319386.793, 97
Trd, 4319388.793, 94
Trd, 4319389.293, 103
Trd, 4319390.543, 106
Trd, 4319391.893, 109
Trd, 4319393.193, 115
Trd, 4319393.393, 108
Trd, 4319394.143, 104
Trd, 4319396.293, 106
Trd, 4319396.393, 106
Trd, 4319398.893, 87
Trd, 4319398.943, 90
Trd, 4319401.043, 98
Trd, 4319402.043, 99
Trd, 4319402.693, 95
Trd, 4319404.043, 85
Trd, 4319404.643, 92
Trd, 4319406.993, 93
Trd, 4319407.193, 96
Trd, 4319410.493, 92
Trd, 4319414.043, 96
Trd, 4319415.443, 92
Trd, 4319416.643, 95
Trd, 4319416.993, 92
Trd, 4319421.143, 91
Trd, 4319421.943, 94
Trd, 4319422.593, 92
Trd, 4319423.843, 92
Trd, 4319428.193, 94
Trd, 4319429.493, 94
Trd, 4319430.543, 93
Trd, 4319431.843, 95
Trd, 4319432.393, 99
Trd, 4319434.593, 98
Trd, 4319435.493, 97
Trd, 4319436.693, 95
Trd, 4319437.243, 98
Trd, 4319438.643, 85
Trd, 4319439.293, 85
Trd, 4319442.143, 97
Trd, 4319443.093, 94
Trd, 4319445.743, 94
Trd, 4319448.643, 95
Trd, 4319449.293, 93
Trd, 4319451.443, 95
Trd, 4319451.843, 95
Trd, 4319454.343, 92
Trd, 4319454.543, 95
Trd, 4319460.843, 91
Trd, 4319461.143, 94
Trd, 4319461.193, 94
Trd, 4319462.193, 90
Trd, 4319463.443, 90
Trd, 4319465.843, 94
Trd, 4319467.643, 94
Trd, 4319469.343, 93
Trd, 4319469.993, 95
Trd, 4319470.143, 95
Trd, 4319471.093, 103
Trd, 4319471.843, 94
Trd, 4319472.443, 108
Trd, 4319476.593, 102
Trd, 4319476.943, 99
Trd, 4319479.593, 85
Trd, 4319479.843, 98
Trd, 4319481.293, 96
Trd, 4319481.393, 95
Trd, 4319482.893, 97
Trd, 4319483.593, 77
Trd, 4319485.593, 89
Trd, 4319487.293, 83
Trd, 4319490.043, 95
Trd, 4319490.543, 93
Trd, 4319492.193, 90
Trd, 4319492.343, 90
Trd, 4319495.093, 92
Trd, 4319495.193, 95
Trd, 4319497.243, 96
Trd, 4319497.293, 89
Trd, 4319500.643, 88
Trd, 4319501.943, 88
Trd, 4319502.343, 93
Trd, 4319503.093, 87
Trd, 4319506.743, 92
Trd, 4319508.093, 89
Trd, 4319509.793, 95
Trd, 4319511.543, 89
Trd, 4319513.293, 94
Trd, 4319514.193, 93
Trd, 4319515.243, 93
Trd, 4319518.843, 98
Trd, 4319519.893, 95
Trd, 4319521.993, 95
Trd, 4319523.243, 94
Trd, 4319524.543, 94
Trd, 4319525.043, 123
Trd, 4319525.993, 100
Trd, 4319526.293, 93
Trd, 4319529.943, 101
Trd, 4319530.343, 97
Trd, 4319531.043, 94
Trd, 4319532.493, 97
Trd, 4319532.593, 98
Trd, 4319534.743, 100
Trd, 4319536.043, 99
Trd, 4319536.743, 85
Trd, 4319537.043, 95
Trd, 4319537.543, 105
Trd, 4319539.693, 100
Trd, 4319541.143, 96
Trd, 4319541.593, 100
Trd, 4319542.343, 93
Trd, 4319546.893, 100
Trd, 4319549.493, 100
Trd, 4319551.593, 94
Trd, 4319552.343, 100
Trd, 4319555.243, 94
Trd, 4319557.293, 99
Trd, 4319557.493, 99
Trd, 4319558.243, 94
Trd, 4319561.093, 99
Trd, 4319563.093, 99
Trd, 4319564.243, 96
Trd, 4319566.993, 98
Trd, 4319568.743, 98
Trd, 4319569.293, 98
Trd, 4319571.443, 97
Trd, 4319571.943, 99
Trd, 4319572.393, 116
Trd, 4319573.443, 94
Trd, 4319574.593, 100
Trd, 4319580.093, 95
Trd, 4319581.693, 99
Trd, 4319582.443, 99
Trd, 4319585.943, 96
Trd, 4319587.343, 99
Trd, 4319590.443, 99
Trd, 4319591.193, 104
Trd, 4319592.343, 100
Trd, 4319592.993, 96
Trd, 4319596.993, 99
Trd, 4319597.743, 97
Trd, 4319599.793, 100
Trd, 4319601.393, 100
Trd, 4319601.943, 96
Trd, 4319602.643, 100
Trd, 4319606.443, 100
Trd, 4319607.193, 96
Trd, 4319609.793, 100
Trd, 4319609.943, 95
Trd, 4319612.843, 99
Trd, 4319616.043, 98
Trd, 4319619.243, 94
Trd, 4319621.293, 97
Trd, 4319622.893, 94
Trd, 4319625.143, 96
Trd, 4319625.443, 95
Trd, 4319627.693, 94
Trd, 4319628.693, 96
Trd, 4319630.593, 93
Trd, 4319635.693, 94
Trd, 4319639.593, 96
Trd, 4319641.543, 93
Trd, 4319642.043, 96
Trd, 4319645.093, 96
Trd, 4319650.843, 94
Trd, 4319651.943, 93
Trd, 4319652.043, 93
Trd, 4319656.293, 92
Trd, 4319656.543, 94
Trd, 4319658.243, 95
Trd, 4319658.793, 95
Trd, 4319663.293, 91
Trd, 4319663.793, 95
Trd, 4319667.843, 90
Trd, 4319668.593, 90
Trd, 4319670.043, 95
Trd, 4319670.443, 91
Trd, 4319670.593, 95
Trd, 4319671.593, 91
Trd, 4319672.843, 95
Trd, 4319674.793, 95
Trd, 4319677.143, 95
Trd, 4319678.043, 94
Trd, 4319680.743, 85
Trd, 4319681.293, 95
Trd, 4319682.393, 94
Trd, 4319686.243, 93
Trd, 4319687.693, 94
Trd, 4319687.943, 92
Trd, 4319693.043, 92
Trd, 4319693.543, 93
Trd, 4319697.393, 93
Trd, 4319697.843, 95
Trd, 4319697.943, 91
Trd, 4319699.343, 93
Trd, 4319701.243, 93
Trd, 4319702.143, 92
Trd, 4319704.043, 94
Trd, 4319705.243, 93
Trd, 4319708.193, 93
Trd, 4319710.593, 92
Trd, 4319711.693, 92
Trd, 4319711.743, 95
Trd, 4319713.693, 94
Trd, 4319713.793, 95
Trd, 4319715.843, 95
Trd, 4319716.993, 94
Trd, 4319719.193, 94
Trd, 4319720.143, 94
Trd, 4319720.893, 95
Trd, 4319723.893, 93
Trd, 4319723.993, 94
Trd, 4319724.893, 85
Trd, 4319725.293, 89
Trd, 4319725.943, 84
Trd, 4319728.643, 76
Trd, 4319730.193, 89
Trd, 4319730.693, 89
Trd, 4319732.293, 95
Trd, 4319734.093, 104
Trd, 4319734.943, 102
Trd, 4319735.293, 94
Trd, 4319737.243, 99
Trd, 4319738.493, 98
Trd, 4319741.593, 95
Trd, 4319743.343, 95
Trd, 4319744.043, 94
Trd, 4319744.543, 100
Trd, 4319746.343, 96
Trd, 4319750.593, 93
Trd, 4319750.843, 94
Trd, 4319752.093, 95
Trd, 4319752.743, 95
Trd, 4319755.093, 93
Trd, 4319755.393, 93
Trd, 4319759.943, 95
Trd, 4319760.393, 92
Trd, 4319760.693, 94
Trd, 4319762.593, 91
Trd, 4319763.143, 95
Trd, 4319765.243, 90
Trd, 4319767.793, 94
Trd, 4319768.093, 95
Trd, 4319769.693, 90
Trd, 4319772.293, 94
Trd, 4319773.193, 94
Trd, 4319773.493, 89
Trd, 4319776.193, 94
Trd, 4319776.993, 94
Trd, 4319777.293, 89
Trd, 4319778.393, 95
Trd, 4319781.593, 89
Trd, 4319783.493, 94
Trd, 4319784.193, 89
Trd, 4319786.693, 87
Trd, 4319789.493, 93
Trd, 4319790.493, 93
Trd, 4319791.443, 92
Trd, 4319791.893, 87
Trd, 4319794.043, 86
Trd, 4319798.443, 86
Trd, 4319799.093, 90
Trd, 4319799.893, 85
Trd, 4319801.043, 90
Trd, 4319803.093, 85
Trd, 4319804.543, 90
Trd, 4319807.893, 90
Trd, 4319808.493, 90
Trd, 4319810.693, 90
Trd, 4319811.743, 90
Trd, 4319813.943, 87
Trd, 4319814.843, 86
Trd, 4319817.943, 91
Trd, 4319819.493, 90
Trd, 4319819.943, 88
Trd, 4319820.343, 88
Trd, 4319823.593, 90
Trd, 4319829.243, 90
Trd, 4319832.743, 88
Trd, 4319833.843, 90
Trd, 4319836.493, 90
Trd, 4319836.643, 87
Trd, 4319837.543, 95
Trd, 4319839.893, 90
Trd, 4319841.693, 91
Trd, 4319841.843, 87
Trd, 4319844.593, 91
Trd, 4319845.043, 95
Trd, 4319845.093, 85
Trd, 4319847.493, 95
Trd, 4319847.693, 104
Trd, 4319848.593, 94
Trd, 4319849.743, 94
Trd, 4319850.393, 93
Trd, 4319851.093, 94
Trd, 4319854.043, 84
Trd, 4319855.543, 107
Trd, 4319857.393, 113
Trd, 4319857.893, 113
Trd, 4319858.743, 112
Trd, 4319858.993, 111
Trd, 4319859.493, 111
Trd, 4319860.193, 110
Trd, 4319864.043, 112
Trd, 4319864.643, 109
Trd, 4319866.143, 108
Trd, 4319867.343, 108
Trd, 4319868.993, 103
Trd, 4319870.693, 106
Trd, 4319871.743, 105
Trd, 4319872.393, 104
Trd, 4319873.293, 94
Trd, 4319874.293, 102
Trd, 4319877.193, 95
Trd, 4319877.643, 85
Trd, 4319878.993, 93
Trd, 4319879.843, 95
Trd, 4319883.693, 96
Trd, 4319884.143, 102
Trd, 4319885.093, 102
Trd, 4319888.793, 101
Trd, 4319889.343, 101
Trd, 4319890.793, 99
Trd, 4319890.843, 85
Trd, 4319891.943, 91
Trd, 4319892.493, 94
Trd, 4319897.443, 94
Trd, 4319897.543, 94
Trd, 4319898.393, 99
Trd, 4319898.993, 95
Trd, 4319899.293, 94
Trd, 4319900.743, 102
Trd, 4319902.093, 97
Trd, 4319902.843, 100
Trd, 4319905.093, 97
Trd, 4319908.593, 96
Trd, 4319910.393, 98
Trd, 4319911.093, 98
Trd, 4319913.593, 97
Trd, 4319913.643, 96
Trd, 4319916.243, 94
Trd, 4319919.093, 97
Trd, 4319919.993, 97
Trd, 4319920.993, 96
Trd, 4319921.943, 94
Trd, 4319922.343, 110
Trd, 4319923.393, 98
Trd, 4319928.893, 98
Trd, 4319929.043, 85
Trd, 4319929.243, 98
Trd, 4319931.743, 96
Trd, 4319933.243, 95
Trd, 4319933.393, 98
Trd, 4319934.043, 98
Trd, 4319934.593, 98
Trd, 4319937.743, 94
Trd, 4319938.893, 93
Trd, 4319939.693, 93
Trd, 4319941.493, 95
Trd, 4319941.943, 94
Trd, 4319944.543, 91
Trd, 4319945.893, 93
Trd, 4319949.243, 93
Trd, 4319950.343, 85
Trd, 4319951.493, 93
Trd, 4319951.743, 95
Trd, 4319951.893, 92
Trd, 4319953.393, 90
Trd, 4319956.393, 92
Trd, 4319957.843, 93
Trd, 4319958.693, 85
Trd, 4319958.843, 90
Trd, 4319961.693, 91
Trd, 4319962.893, 95
Trd, 4319965.293, 88
Trd, 4319965.643, 90
Trd, 4319966.893, 89
Trd, 4319967.643, 85
Trd, 4319969.293, 86
Trd, 4319969.793, 89
Trd, 4319971.043, 92
Trd, 4319973.993, 89
Trd, 4319975.293, 90
Trd, 4319976.843, 89
Trd, 4319977.093, 88
Trd, 4319979.843, 95
Trd, 4319983.343, 92
Trd, 4319983.793, 87
Trd, 4319983.843, 87
Trd, 4319986.393, 87
Trd, 4319988.393, 90
Trd, 4319991.643, 90
Trd, 4319995.343, 89
Trd, 4319996.693, 90
Trd, 4319997.343, 89
Trd, 4319997.843, 88
Trd, 4319998.493, 95
