Trd, 4317830.493, 95
Trd, 4317832.143, 95
Trd, 4317832.493, 94
Trd, 4317833.393, 94
Trd, 4317833.943, 93
Trd, 4317837.193, 95
Trd, 4317839.543, 94
Trd, 4317840.043, 94
Trd, 4317840.193, 92
Trd, 4317841.293, 95
Trd, 4317843.843, 95
Trd, 4317844.543, 94
Trd, 4317846.443, 93
Trd, 4317847.643, 93
Trd, 4317849.643, 94
Trd, 4317851.243, 93
Trd, 4317852.493, 92
Trd, 4317854.343, 92
Trd, 4317856.043, 93
Trd, 4317857.393, 103
Trd, 4317857.493, 102
Trd, 4317857.793, 104
Trd, 4317859.193, 96
Trd, 4317860.343, 98
Trd, 4317860.743, 96
Trd, 4317861.943, 96
Trd, 4317865.043, 95
Trd, 4317866.243, 96
Trd, 4317867.643, 97
Trd, 4317868.243, 97
Trd, 4317869.493, 96
Trd, 4317870.943, 96
Trd, 4317872.443, 98
Trd, 4317872.943, 98
Trd, 4317874.443, 99
Trd, 4317874.643, 100
Trd, 4317877.743, 99
Trd, 4317877.993, 98
Trd, 4317880.543, 97
Trd, 4317882.093, 95
Trd, 4317886.743, 98
Trd, 4317888.043, 97
Trd, 4317889.243, 97
Trd, 4317889.743, 96
Trd, 4317890.693, 98
Trd, 4317893.443, 97
Trd, 4317895.643, 95
Trd, 4317897.293, 97
Trd, 4317897.843, 96
Trd, 4317900.843, 97
Trd, 4317901.643, 95
Trd, 4317901.743, 96
Trd, 4317903.493, 95
Trd, 4317906.893, 96
Trd, 4317907.193, 94
Trd, 4317908.143, 96
Trd, 4317911.193, 95
Trd, 4317911.593, 96
Trd, 4317914.143, 95
Trd, 4317915.243, 95
Trd, 4317920.743, 95
Trd, 4317921.993, 94
Trd, 4317922.443, 96
Trd, 4317924.343, 95
Trd, 4317924.593, 94
Trd, 4317927.643, 95
Trd, 4317928.843, 94
Trd, 4317929.393, 95
Trd, 4317931.393, 94
Trd, 4317931.593, 94
Trd, 4317931.893, 95
Trd, 4317933.343, 93
Trd, 4317933.543, 85
Trd, 4317936.093, 89
Trd, 4317936.843, 92
Trd, 4317938.243, 94
Trd, 4317940.793, 93
Trd, 4317944.443, 93
Trd, 4317945.593, 93
Trd, 4317945.893, 93
Trd, 4317947.843, 95
Trd, 4317950.093, 94
Trd, 4317950.593, 93
Trd, 4317951.943, 93
Trd, 4317953.893, 92
Trd, 4317955.443, 93
Trd, 4317955.993, 93
Trd, 4317956.643, 93
Trd, 4317956.693, 93
Trd, 4317958.343, 94
Trd, 4317963.193, 93
Trd, 4317964.293, 93
Trd, 4317964.793, 93
Trd, 4317964.893, 95
Trd, 4317967.043, 91
Trd, 4317970.343, 95
Trd, 4317972.943, 95
Trd, 4317973.093, 95
Trd, 4317974.243, 94
Trd, 4317974.543, 95
Trd, 4317976.043, 93
Trd, 4317976.843, 95
Trd, 4317978.493, 96
Trd, 4317979.443, 96
Trd, 4317980.193, 95
Trd, 4317981.043, 96
Trd, 4317983.793, 95
Trd, 4317985.093, 95
Trd, 4317985.343, 96
Trd, 4317987.043, 94
Trd, 4317991.293, 95
Trd, 4317993.693, 93
Trd, 4317995.743, 92
Trd, 4317996.493, 94
Trd, 4317996.593, 95
Trd, 4317997.343, 96
Trd, 4317997.443, 94
Trd, 4317999.193, 97
Trd, 4318000.243, 97
Trd, 4318002.243, 96
Trd, 4318003.343, 92
Trd, 4318003.993, 92
Trd, 4318004.493, 92
Trd, 4318006.793, 92
Trd, 4318008.043, 92
Trd, 4318008.593, 95
Trd, 4318011.593, 97
Trd, 4318013.093, 96
Trd, 4318014.093, 97
Trd, 4318014.793, 95
Trd, 4318017.043, 96
Trd, 4318017.293, 96
Trd, 4318018.743, 96
Trd, 4318022.293, 96
Trd, 4318023.743, 96
Trd, 4318024.093, 97
Trd, 4318024.693, 97
Trd, 4318026.743, 101
Trd, 4318027.093, 97
Trd, 4318030.943, 98
Trd, 4318032.193, 97
Trd, 4318035.893, 96
Trd, 4318036.243, 98
Trd, 4318039.293, 96
Trd, 4318040.543, 97
Trd, 4318040.843, 96
Trd, 4318043.093, 95
Trd, 4318043.993, 95
Trd, 4318047.293, 97
Trd, 4318048.743, 97
Trd, 4318049.143, 97
Trd, 4318049.893, 96
Trd, 4318050.293, 95
Trd, 4318055.543, 96
Trd, 4318057.293, 95
Trd, 4318059.243, 95
Trd, 4318062.443, 96
Trd, 4318062.893, 95
Trd, 4318065.943, 95
Trd, 4318067.843, 96
Trd, 4318068.343, 95
Trd, 4318071.593, 96
Trd, 4318072.043, 95
Trd, 4318074.943, 96
Trd, 4318077.193, 95
Trd, 4318077.993, 96
Trd, 4318078.493, 96
Trd, 4318079.443, 96
Trd, 4318081.393, 97
Trd, 4318082.843, 96
Trd, 4318083.993, 96
Trd, 4318084.093, 95
Trd, 4318087.243, 94
Trd, 4318088.293, 95
Trd, 4318089.993, 95
Trd, 4318093.643, 95
Trd, 4318095.043, 94
Trd, 4318095.593, 94
Trd, 4318095.793, 95
Trd, 4318098.343, 95
Trd, 4318099.493, 94
Trd, 4318101.243, 95
Trd, 4318103.543, 93
Trd, 4318104.793, 93
Trd, 4318105.743, 93
Trd, 4318107.693, 95
Trd, 4318110.593, 95
Trd, 4318113.043, 94
Trd, 4318113.243, 96
Trd, 4318117.793, 95
Trd, 4318117.993, 93
Trd, 4318120.993, 93
Trd, 4318121.493, 93
Trd, 4318122.443, 94
Trd, 4318125.043, 95
Trd, 4318125.943, 95
Trd, 4318128.593, 95
Trd, 4318128.843, 93
Trd, 4318131.193, 95
Trd, 4318132.393, 95
Trd, 4318135.193, 95
Trd, 4318136.643, 95
Trd, 4318137.593, 96
Trd, 4318139.493, 95
Trd, 4318141.393, 95
Trd, 4318143.593, 95
Trd, 4318144.693, 95
Trd, 4318146.193, 95
Trd, 4318146.393, 94
Trd, 4318146.443, 95
Trd, 4318150.043, 95
Trd, 4318150.293, 94
Trd, 4318153.893, 95
Trd, 4318154.043, 95
Trd, 4318154.643, 95
Trd, 4318155.793, 94
Trd, 4318156.643, 94
Trd, 4318156.793, 93
Trd, 4318158.793, 95
Trd, 4318159.943, 94
Trd, 4318161.593, 95
Trd, 4318163.443, 95
Trd, 4318165.093, 96
Trd, 4318165.193, 95
Trd, 4318167.243, 95
Trd, 4318168.493, 96
Trd, 4318170.043, 95
Trd, 4318170.943, 95
Trd, 4318172.443, 95
Trd, 4318174.193, 95
Trd, 4318174.243, 94
Trd, 4318176.143, 96
Trd, 4318177.393, 95
Trd, 4318179.293, 101
Trd, 4318179.443, 99
Trd, 4318182.443, 102
Trd, 4318183.893, 102
Trd, 4318184.593, 101
Trd, 4318185.443, 100
Trd, 4318187.243, 100
Trd, 4318188.493, 102
Trd, 4318193.243, 100
Trd, 4318194.443, 100
Trd, 4318195.393, 100
Trd, 4318195.993, 99
Trd, 4318197.643, 99
Trd, 4318199.643, 95
Trd, 4318200.193, 95
Trd, 4318201.493, 94
Trd, 4318203.493, 95
Trd, 4318204.093, 95
Trd, 4318205.093, 95
Trd, 4318207.643, 96
Trd, 4318209.543, 95
Trd, 4318210.393, 94
Trd, 4318210.793, 95
Trd, 4318211.793, 95
Trd, 4318214.393, 95
Trd, 4318214.793, 94
Trd, 4318216.543, 95
Trd, 4318217.293, 95
Trd, 4318218.393, 95
Trd, 4318220.093, 94
Trd, 4318222.143, 95
Trd, 4318223.993, 95
Trd, 4318225.793, 95
Trd, 4318226.093, 95
Trd, 4318226.743, 95
Trd, 4318229.693, 98
Trd, 4318229.943, 95
Trd, 4318230.343, 96
Trd, 4318233.093, 95
Trd, 4318234.743, 95
Trd, 4318236.143, 95
Trd, 4318238.043, 96
Trd, 4318238.293, 96
Trd, 4318238.693, 97
Trd, 4318238.743, 94
Trd, 4318239.343, 97
Trd, 4318243.443, 99
Trd, 4318246.043, 98
Trd, 4318246.143, 97
Trd, 4318248.393, 97
Trd, 4318249.493, 96
Trd, 4318252.943, 95
Trd, 4318254.843, 94
Trd, 4318254.993, 96
Trd, 4318259.193, 95
Trd, 4318259.893, 95
Trd, 4318261.643, 95
Trd, 4318261.993, 95
Trd, 4318263.193, 95
Trd, 4318263.943, 94
Trd, 4318264.993, 93
Trd, 4318267.243, 95
Trd, 4318267.443, 93
Trd, 4318268.493, 95
Trd, 4318270.243, 97
Trd, 4318272.543, 100
Trd, 4318272.843, 100
Trd, 4318275.893, 99
Trd, 4318276.043, 100
Trd, 4318277.993, 101
Trd, 4318278.293, 102
Trd, 4318280.093, 101
Trd, 4318281.543, 100
Trd, 4318283.393, 100
Trd, 4318284.693, 100
Trd, 4318285.593, 99
Trd, 4318286.143, 99
Trd, 4318286.343, 99
Trd, 4318291.393, 99
Trd, 4318292.343, 97
Trd, 4318294.893, 99
Trd, 4318295.493, 98
Trd, 4318296.043, 97
Trd, 4318296.193, 97
Trd, 4318298.893, 97
Trd, 4318300.293, 98
Trd, 4318301.293, 97
Trd, 4318303.143, 96
Trd, 4318304.543, 96
Trd, 4318305.443, 97
Trd, 4318308.443, 97
Trd, 4318308.993, 96
Trd, 4318313.643, 95
Trd, 4318314.893, 94
Trd, 4318316.093, 96
Trd, 4318316.393, 96
Trd, 4318320.443, 95
Trd, 4318321.843, 95
Trd, 4318322.443, 96
Trd, 4318323.443, 95
Trd, 4318326.543, 96
Trd, 4318326.793, 95
Trd, 4318327.743, 96
Trd, 4318328.743, 96
Trd, 4318329.993, 97
Trd, 4318330.343, 99
Trd, 4318331.493, 98
Trd, 4318332.343, 97
Trd, 4318334.393, 97
Trd, 4318336.593, 96
Trd, 4318340.343, 98
Trd, 4318341.443, 96
Trd, 4318344.743, 96
Trd, 4318346.043, 96
Trd, 4318346.193, 97
Trd, 4318348.343, 96
Trd, 4318350.793, 95
Trd, 4318352.493, 95
Trd, 4318353.643, 95
Trd, 4318356.143, 96
Trd, 4318356.643, 94
Trd, 4318359.743, 93
Trd, 4318360.543, 95
Trd, 4318362.043, 95
Trd, 4318362.243, 94
Trd, 4318365.993, 94
Trd, 4318366.793, 95
Trd, 4318368.893, 93
Trd, 4318369.293, 93
Trd, 4318371.743, 93
Trd, 4318372.593, 93
Trd, 4318373.693, 94
Trd, 4318375.793, 95
Trd, 4318375.993, 92
Trd, 4318378.993, 92
Trd, 4318379.693, 92
Trd, 4318380.693, 91
Trd, 4318382.443, 92
Trd, 4318385.393, 95
Trd, 4318385.693, 95
Trd, 4318387.743, 95
Trd, 4318389.643, 94
Trd, 4318389.693, 93
Trd, 4318389.893, 95
Trd, 4318392.293, 97
Trd, 4318392.393, 97
Trd, 4318392.693, 98
Trd, 4318393.943, 97
Trd, 4318396.443, 96
Trd, 4318397.143, 96
Trd, 4318401.493, 96
Trd, 4318402.243, 97
Trd, 4318404.843, 96
Trd, 4318405.993, 97
Trd, 4318406.643, 95
Trd, 4318408.493, 95
Trd, 4318409.093, 95
Trd, 4318412.843, 95
Trd, 4318413.593, 95
Trd, 4318414.643, 94
Trd, 4318416.193, 93
Trd, 4318419.143, 98
Trd, 4318419.293, 97
Trd, 4318419.343, 97
Trd, 4318419.543, 94
Trd, 4318421.543, 96
Trd, 4318424.643, 96
Trd, 4318425.693, 96
Trd, 4318427.343, 95
Trd, 4318428.693, 95
Trd, 4318430.843, 95
Trd, 4318431.143, 97
Trd, 4318431.643, 96
Trd, 4318433.993, 95
Trd, 4318436.093, 96
Trd, 4318436.993, 95
Trd, 4318439.093, 94
Trd, 4318440.793, 94
Trd, 4318442.893, 95
Trd, 4318446.743, 94
Trd, 4318446.943, 95
Trd, 4318447.593, 95
Trd, 4318449.193, 95
Trd, 4318451.243, 97
Trd, 4318452.093, 97
Trd, 4318453.193, 97
Trd, 4318455.393, 99
Trd, 4318455.493, 100
Trd, 4318456.543, 104
Trd, 4318456.943, 101
Trd, 4318457.843, 95
Trd, 4318460.243, 102
Trd, 4318460.993, 100
Trd, 4318462.893, 101
Trd, 4318463.793, 98
Trd, 4318464.843, 99
Trd, 4318466.793, 97
Trd, 4318469.143, 97
Trd, 4318469.543, 97
Trd, 4318470.443, 97
Trd, 4318472.493, 96
Trd, 4318474.693, 95
Trd, 4318474.893, 96
Trd, 4318477.543, 95
Trd, 4318479.293, 95
Trd, 4318479.393, 96
Trd, 4318481.243, 94
Trd, 4318483.343, 94
Trd, 4318484.493, 94
Trd, 4318485.243, 95
Trd, 4318488.893, 93
Trd, 4318490.693, 95
Trd, 4318490.943, 95
Trd, 4318492.393, 95
Trd, 4318493.043, 94
Trd, 4318494.293, 95
Trd, 4318495.093, 94
Trd, 4318496.843, 95
Trd, 4318497.043, 95
Trd, 4318499.743, 94
Trd, 4318501.093, 93
Trd, 4318501.793, 94
Trd, 4318504.343, 95
Trd, 4318504.993, 94
Trd, 4318506.143, 95
Trd, 4318507.093, 95
Trd, 4318510.243, 98
Trd, 4318510.593, 97
Trd, 4318511.593, 97
Trd, 4318511.643, 97
Trd, 4318515.843, 100
Trd, 4318516.343, 101
Trd, 4318516.943, 100
Trd, 4318518.393, 98
Trd, 4318519.593, 97
Trd, 4318522.593, 98
Trd, 4318525.643, 96
Trd, 4318527.393, 96
Trd, 4318528.393, 95
Trd, 4318528.893, 96
Trd, 4318529.693, 96
Trd, 4318532.793, 97
Trd, 4318533.943, 97
Trd, 4318535.043, 98
Trd, 4318535.493, 96
Trd, 4318539.343, 97
Trd, 4318539.693, 96
Trd, 4318540.843, 96
Trd, 4318542.393, 96
Trd, 4318543.843, 96
Trd, 4318549.643, 95
Trd, 4318551.743, 94
Trd, 4318552.943, 95
Trd, 4318553.443, 94
Trd, 4318553.893, 93
Trd, 4318557.943, 93
Trd, 4318557.993, 92
Trd, 4318558.843, 90
Trd, 4318561.693, 96
Trd, 4318562.543, 96
Trd, 4318565.843, 100
Trd, 4318565.943, 98
Trd, 4318566.293, 98
Trd, 4318567.443, 97
Trd, 4318570.943, 97
Trd, 4318573.793, 98
Trd, 4318573.843, 97
Trd, 4318578.443, 97
Trd, 4318579.243, 95
Trd, 4318581.943, 95
Trd, 4318584.443, 95
Trd, 4318585.893, 95
Trd, 4318586.093, 96
Trd, 4318586.993, 96
Trd, 4318589.093, 96
Trd, 4318592.943, 95
Trd, 4318592.993, 95
Trd, 4318593.893, 96
Trd, 4318595.843, 94
Trd, 4318596.843, 95
Trd, 4318598.843, 94
Trd, 4318599.693, 94
Trd, 4318600.443, 93
Trd, 4318601.343, 94
Trd, 4318603.443, 92
Trd, 4318603.793, 95
Trd, 4318605.543, 93
Trd, 4318606.343, 93
Trd, 4318610.043, 91
Trd, 4318613.643, 93
Trd, 4318614.093, 93
Trd, 4318615.043, 95
Trd, 4318616.193, 95
Trd, 4318617.943, 95
Trd, 4318618.243, 95
Trd, 4318619.243, 96
Trd, 4318621.693, 95
Trd, 4318622.743, 96
Trd, 4318623.193, 95
Trd, 4318625.793, 95
Trd, 4318626.793, 95
Trd, 4318627.993, 96
Trd, 4318630.243, 96
Trd, 4318634.393, 95
Trd, 4318634.993, 93
Trd, 4318636.093, 93
Trd, 4318638.493, 96
Trd, 4318643.593, 95
Trd, 4318644.043, 96
Trd, 4318644.943, 95
Trd, 4318646.343, 95
Trd, 4318650.143, 94
Trd, 4318650.293, 95
Trd, 4318652.093, 95
Trd, 4318653.343, 95
Trd, 4318654.243, 94
Trd, 4318656.893, 95
Trd, 4318658.493, 93
Trd, 4318658.793, 95
Trd, 4318659.193, 93
Trd, 4318659.893, 94
Trd, 4318661.743, 95
Trd, 4318663.143, 94
Trd, 4318665.093, 95
Trd, 4318665.143, 95
Trd, 4318665.243, 95
Trd, 4318667.743, 96
Trd, 4318667.993, 96
Trd, 4318671.443, 97
Trd, 4318671.993, 96
Trd, 4318672.193, 96
Trd, 4318674.693, 96
Trd, 4318674.843, 95
Trd, 4318676.743, 94
Trd, 4318678.043, 95
Trd, 4318678.343, 94
Trd, 4318678.643, 95
Trd, 4318681.643, 108
Trd, 4318682.193, 106
Trd, 4318682.793, 103
Trd, 4318683.993, 106
Trd, 4318685.343, 110
Trd, 4318686.543, 108
Trd, 4318687.043, 105
Trd, 4318692.743, 104
Trd, 4318695.443, 105
Trd, 4318695.893, 105
Trd, 4318696.193, 102
Trd, 4318697.493, 102
Trd, 4318700.243, 102
Trd, 4318700.693, 102
Trd, 4318701.193, 101
Trd, 4318702.743, 100
Trd, 4318706.143, 99
Trd, 4318707.893, 99
Trd, 4318709.993, 101
Trd, 4318710.693, 101
Trd, 4318711.493, 100
Trd, 4318714.143, 100
Trd, 4318715.093, 102
Trd, 4318716.993, 101
Trd, 4318719.493, 102
Trd, 4318719.993, 100
Trd, 4318721.093, 101
Trd, 4318721.693, 100
Trd, 4318722.143, 99
Trd, 4318724.743, 99
Trd, 4318725.993, 99
Trd, 4318727.243, 97
Trd, 4318727.343, 98
Trd, 4318734.943, 98
Trd, 4318735.393, 98
Trd, 4318735.893, 97
Trd, 4318739.143, 97
Trd, 4318741.693, 98
Trd, 4318742.293, 98
Trd, 4318743.693, 97
Trd, 4318743.743, 95
Trd, 4318746.543, 95
Trd, 4318750.693, 95
Trd, 4318751.043, 96
Trd, 4318751.393, 96
Trd, 4318751.943, 95
Trd, 4318752.643, 95
Trd, 4318753.993, 94
Trd, 4318757.393, 95
Trd, 4318757.843, 95
Trd, 4318758.443, 96
Trd, 4318760.493, 96
Trd, 4318762.343, 95
Trd, 4318763.293, 96
Trd, 4318764.743, 94
Trd, 4318768.493, 94
Trd, 4318768.893, 95
Trd, 4318769.043, 93
Trd, 4318770.693, 98
Trd, 4318771.093, 98
Trd, 4318772.693, 100
Trd, 4318773.593, 102
Trd, 4318773.643, 101
Trd, 4318775.443, 100
Trd, 4318776.143, 98
Trd, 4318778.893, 98
Trd, 4318781.793, 101
Trd, 4318782.193, 101
Trd, 4318784.393, 104
Trd, 4318784.443, 103
Trd, 4318785.143, 95
Trd, 4318787.493, 101
Trd, 4318787.893, 101
Trd, 4318788.793, 101
Trd, 4318789.893, 85
Trd, 4318793.943, 97
Trd, 4318795.893, 97
Trd, 4318796.343, 96
Trd, 4318797.243, 98
Trd, 4318797.443, 98
Trd, 4318797.743, 95
Trd, 4318802.043, 96
Trd, 4318802.643, 96
Trd, 4318803.093, 96
Trd, 4318803.693, 96
Trd, 4318806.393, 96
Trd, 4318806.843, 95
Trd, 4318810.543, 95
Trd, 4318813.993, 95
Trd, 4318815.093, 96
Trd, 4318815.693, 95
Trd, 4318818.493, 94
Trd, 4318820.793, 94
Trd, 4318821.343, 94
Trd, 4318822.043, 95
Trd, 4318822.743, 97
Trd, 4318823.493, 96
Trd, 4318824.443, 95
Trd, 4318827.243, 98
Trd, 4318827.793, 96
Trd, 4318830.093, 95
Trd, 4318833.443, 94
Trd, 4318833.843, 94
Trd, 4318834.193, 94
Trd, 4318834.643, 95
Trd, 4318835.593, 96
Trd, 4318838.093, 97
Trd, 4318838.793, 100
Trd, 4318838.993, 97
Trd, 4318841.443, 98
Trd, 4318845.393, 98
Trd, 4318845.743, 99
Trd, 4318846.493, 98
Trd, 4318852.343, 97
Trd, 4318852.843, 97
Trd, 4318852.893, 97
Trd, 4318853.343, 98
Trd, 4318854.593, 97
Trd, 4318856.043, 96
Trd, 4318857.443, 96
Trd, 4318857.743, 94
Trd, 4318858.843, 95
Trd, 4318859.043, 94
Trd, 4318859.293, 85
Trd, 4318860.393, 93
Trd, 4318863.293, 93
Trd, 4318863.943, 94
Trd, 4318864.643, 93
Trd, 4318868.493, 92
Trd, 4318869.743, 92
Trd, 4318873.343, 98
Trd, 4318873.943, 98
Trd, 4318874.093, 97
Trd, 4318874.293, 97
Trd, 4318876.493, 98
Trd, 4318877.543, 98
Trd, 4318878.093, 98
Trd, 4318878.643, 97
Trd, 4318881.193, 97
Trd, 4318882.543, 98
Trd, 4318882.643, 96
Trd, 4318885.493, 98
Trd, 4318886.443, 97
Trd, 4318889.643, 97
Trd, 4318890.443, 97
Trd, 4318894.143, 98
Trd, 4318895.493, 97
Trd, 4318898.743, 97
Trd, 4318898.993, 97
Trd, 4318901.343, 98
Trd, 4318902.143, 98
Trd, 4318902.443, 96
Trd, 4318905.193, 95
Trd, 4318906.293, 95
Trd, 4318907.943, 94
Trd, 4318908.943, 95
Trd, 4318909.043, 93
Trd, 4318911.393, 94
Trd, 4318912.293, 95
Trd, 4318913.393, 94
Trd, 4318913.643, 96
Trd, 4318914.143, 87
Trd, 4318915.943, 94
Trd, 4318917.543, 94
Trd, 4318917.793, 95
Trd, 4318919.043, 93
Trd, 4318921.243, 94
Trd, 4318922.993, 95
Trd, 4318923.993, 94
Trd, 4318925.943, 94
Trd, 4318928.893, 93
Trd, 4318929.493, 93
Trd, 4318929.993, 93
Trd, 4318931.693, 92
Trd, 4318932.343, 91
Trd, 4318932.993, 92
Trd, 4318938.793, 91
Trd, 4318940.043, 92
Trd, 4318941.443, 93
Trd, 4318941.643, 94
Trd, 4318944.043, 94
Trd, 4318944.943, 94
Trd, 4318946.943, 95
Trd, 4318948.593, 93
Trd, 4318949.443, 95
Trd, 4318949.493, 95
Trd, 4318951.243, 94
Trd, 4318951.443, 95
Trd, 4318951.593, 85
Trd, 4318954.943, 95
Trd, 4318954.993, 93
Trd, 4318956.393, 95
Trd, 4318957.743, 92
Trd, 4318959.493, 94
Trd, 4318959.693, 95
Trd, 4318963.393, 93
Trd, 4318964.543, 95
Trd, 4318965.843, 94
Trd, 4318966.443, 93
Trd, 4318969.393, 92
Trd, 4318969.593, 93
Trd, 4318971.893, 91
Trd, 4318972.293, 91
Trd, 4318973.143, 95
Trd, 4318976.643, 94
Trd, 4318978.343, 92
Trd, 4318978.743, 93
Trd, 4318980.743, 94
Trd, 4318981.343, 94
Trd, 4318981.843, 94
Trd, 4318982.943, 99
Trd, 4318983.343, 98
Trd, 4318984.943, 97
Trd, 4318987.193, 97
Trd, 4318987.593, 97
Trd, 4318990.943, 97
Trd, 4318992.393, 96
Trd, 4318993.443, 95
Trd, 4318993.793, 95
Trd, 4318996.093, 95
Trd, 4318998.343, 95
Trd, 4318999.043, 98
Trd, 4319000.993, 99
Trd, 4319001.043, 98
Trd, 4319003.093, 97
Trd, 4319003.393, 97
Trd, 4319003.543, 95
Trd, 4319006.243, 97
Trd, 4319009.043, 97
Trd, 4319009.243, 97
Trd, 4319009.643, 96
Trd, 4319010.343, 97
Trd, 4319011.993, 95
Trd, 4319012.993, 95
Trd, 4319015.543, 96
Trd, 4319019.843, 96
Trd, 4319021.543, 95
Trd, 4319021.793, 95
Trd, 4319023.593, 95
Trd, 4319024.393, 94
Trd, 4319027.043, 95
Trd, 4319027.693, 96
Trd, 4319028.393, 96
Trd, 4319029.493, 97
Trd, 4319029.893, 96
Trd, 4319031.893, 98
Trd, 4319032.693, 98
Trd, 4319034.493, 98
Trd, 4319037.193, 98
Trd, 4319037.643, 98
Trd, 4319039.793, 97
Trd, 4319042.293, 96
Trd, 4319046.443, 96
Trd, 4319046.943, 96
Trd, 4319049.243, 97
Trd, 4319051.893, 96
Trd, 4319052.993, 96
Trd, 4319054.593, 95
Trd, 4319055.143, 95
Trd, 4319056.543, 95
Trd, 4319057.293, 95
Trd, 4319059.043, 95
Trd, 4319059.593, 94
Trd, 4319060.243, 95
Trd, 4319061.943, 95
Trd, 4319065.843, 94
Trd, 4319068.143, 94
Trd, 4319070.393, 95
Trd, 4319070.743, 93
Trd, 4319071.993, 95
Trd, 4319073.993, 95
Trd, 4319074.443, 94
Trd, 4319076.893, 95
Trd, 4319078.693, 94
Trd, 4319081.143, 95
Trd, 4319082.043, 95
Trd, 4319082.693, 95
Trd, 4319084.393, 94
Trd, 4319086.793, 96
Trd, 4319087.393, 95
Trd, 4319088.043, 95
Trd, 4319088.843, 94
Trd, 4319091.893, 95
Trd, 4319092.093, 93
Trd, 4319094.143, 94
Trd, 4319096.343, 95
Trd, 4319098.443, 94
Trd, 4319098.843, 94
Trd, 4319099.593, 95
Trd, 4319100.643, 95
Trd, 4319102.393, 95
Trd, 4319103.843, 94
Trd, 4319104.743, 94
Trd, 4319105.043, 95
Trd, 4319106.843, 93
Trd, 4319108.743, 94
Trd, 4319109.593, 95
Trd, 4319110.243, 95
Trd, 4319111.393, 94
Trd, 4319112.443, 94
Trd, 4319113.043, 95
Trd, 4319114.693, 94
Trd, 4319115.743, 95
Trd, 4319116.443, 95
Trd, 4319120.993, 95
Trd, 4319122.293, 95
Trd, 4319122.893, 95
Trd, 4319123.893, 96
Trd, 4319124.243, 95
Trd, 4319124.543, 94
Trd, 4319126.393, 95
Trd, 4319128.593, 95
Trd, 4319129.743, 95
Trd, 4319131.443, 94
Trd, 4319133.143, 94
Trd, 4319133.843, 94
Trd, 4319135.543, 95
Trd, 4319136.443, 94
Trd, 4319137.443, 95
Trd, 4319137.693, 93
Trd, 4319138.843, 94
Trd, 4319140.193, 95
Trd, 4319140.793, 94
Trd, 4319144.743, 94
Trd, 4319145.493, 94
Trd, 4319145.793, 93
Trd, 4319146.893, 95
Trd, 4319148.193, 91
Trd, 4319149.043, 92
Trd, 4319151.643, 93
Trd, 4319152.993, 92
Trd, 4319153.293, 92
Trd, 4319155.093, 91
Trd, 4319155.893, 94
Trd, 4319156.293, 93
Trd, 4319158.493, 94
Trd, 4319158.943, 94
Trd, 4319160.993, 92
Trd, 4319162.893, 93
Trd, 4319164.143, 93
Trd, 4319165.243, 93
Trd, 4319165.993, 92
Trd, 4319166.143, 95
Trd, 4319167.593, 95
Trd, 4319169.193, 99
Trd, 4319170.093, 107
Trd, 4319170.643, 104
Trd, 4319172.293, 105
Trd, 4319174.243, 109
Trd, 4319175.843, 111
Trd, 4319176.493, 110
Trd, 4319176.743, 104
Trd, 4319178.293, 105
Trd, 4319179.393, 105
Trd, 4319180.493, 103
Trd, 4319184.993, 103
Trd, 4319186.293, 102
Trd, 4319190.043, 103
Trd, 4319190.293, 102
Trd, 4319192.593, 101
Trd, 4319196.593, 101
Trd, 4319199.693, 103
Trd, 4319200.093, 101
Trd, 4319204.693, 101
Trd, 4319205.443, 100
Trd, 4319209.393, 101
Trd, 4319209.943, 101
Trd, 4319210.843, 100
Trd, 4319211.643, 100
Trd, 4319214.093, 99
Trd, 4319214.743, 98
Trd, 4319216.743, 100
Trd, 4319217.343, 107
Trd, 4319218.043, 101
Trd, 4319219.793, 102
Trd, 4319219.843, 101
Trd, 4319221.393, 102
Trd, 4319222.993, 101
Trd, 4319223.143, 101
Trd, 4319225.543, 100
Trd, 4319225.993, 101
Trd, 4319226.593, 100
Trd, 4319228.143, 99
Trd, 4319231.593, 99
Trd, 4319234.743, 99
Trd, 4319234.893, 97
Trd, 4319236.593, 97
Trd, 4319237.993, 96
Trd, 4319239.843, 96
Trd, 4319242.693, 96
Trd, 4319244.593, 96
Trd, 4319247.393, 97
Trd, 4319248.843, 97
Trd, 4319249.843, 95
Trd, 4319250.543, 95
Trd, 4319253.543, 95
Trd, 4319254.993, 96
Trd, 4319255.443, 95
Trd, 4319257.143, 95
Trd, 4319260.543, 95
Trd, 4319261.393, 94
Trd, 4319261.893, 95
Trd, 4319263.543, 95
Trd, 4319265.393, 96
Trd, 4319268.193, 95
Trd, 4319270.343, 95
Trd, 4319271.893, 96
Trd, 4319272.543, 95
Trd, 4319272.743, 95
Trd, 4319272.943, 96
Trd, 4319276.243, 96
Trd, 4319277.743, 96
Trd, 4319278.043, 96
Trd, 4319280.493, 95
Trd, 4319281.543, 94
Trd, 4319282.943, 95
Trd, 4319283.693, 95
Trd, 4319283.893, 94
Trd, 4319286.193, 96
Trd, 4319287.143, 95
Trd, 4319290.243, 96
Trd, 4319291.043, 96
Trd, 4319291.643, 95
Trd, 4319294.743, 95
Trd, 4319297.493, 95
Trd, 4319299.893, 97
Trd, 4319300.043, 95
Trd, 4319302.743, 96
Trd, 4319303.843, 95
Trd, 4319304.493, 95
Trd, 4319304.993, 95
Trd, 4319307.543, 95
Trd, 4319308.543, 95
Trd, 4319310.493, 95
Trd, 4319313.843, 94
Trd, 4319314.393, 95
Trd, 4319315.143, 95
Trd, 4319318.143, 95
Trd, 4319318.793, 93
Trd, 4319322.893, 93
Trd, 4319325.343, 93
Trd, 4319325.443, 92
Trd, 4319328.693, 93
Trd, 4319329.743, 92
Trd, 4319332.893, 92
Trd, 4319332.943, 93
Trd, 4319332.993, 93
Trd, 4319335.743, 92
Trd, 4319337.293, 91
Trd, 4319338.943, 93
Trd, 4319341.443, 93
Trd, 4319341.693, 91
Trd, 4319342.543, 92
Trd, 4319344.993, 93
Trd, 4319345.743, 92
Trd, 4319347.943, 92
Trd, 4319348.543, 92
Trd, 4319349.343, 94
Trd, 4319352.093, 92
Trd, 4319353.493, 93
Trd, 4319353.643, 93
Trd, 4319353.693, 90
Trd, 4319357.143, 91
Trd, 4319357.693, 93
Trd, 4319358.843, 93
Trd, 4319359.793, 95
Trd, 4319360.793, 95
Trd, 4319361.343, 95
Trd, 4319363.093, 97
Trd, 4319363.793, 98
Trd, 4319364.343, 97
Trd, 4319366.593, 95
Trd, 4319367.493, 95
Trd, 4319367.643, 94
Trd, 4319370.543, 97
Trd, 4319373.293, 100
Trd, 4319373.593, 99
Trd, 4319375.993, 98
Trd, 4319376.893, 98
Trd, 4319378.443, 97
Trd, 4319378.543, 96
Trd, 4319379.643, 97
Trd, 4319382.993, 97
Trd, 4319383.343, 96
Trd, 4319383.443, 96
Trd, 4319387.493, 96
Trd, 4319388.043, 95
Trd, 4319389.343, 94
Trd, 4319390.243, 95
Trd, 4319392.243, 95
Trd, 4319393.043, 93
Trd, 4319395.493, 93
Trd, 4319395.893, 92
Trd, 4319396.993, 91
Trd, 4319398.043, 86
Trd, 4319399.243, 92
Trd, 4319399.643, 85
Trd, 4319402.643, 93
Trd, 4319402.793, 92
Trd, 4319404.793, 93
Trd, 4319407.393, 93
Trd, 4319408.443, 92
Trd, 4319408.493, 92
Trd, 4319410.343, 93
Trd, 4319411.243, 95
Trd, 4319412.843, 92
Trd, 4319413.343, 91
Trd, 4319414.543, 90
Trd, 4319418.043, 93
Trd, 4319418.493, 94
Trd, 4319419.493, 94
Trd, 4319419.893, 95
Trd, 4319421.043, 95
Trd, 4319424.243, 99
Trd, 4319424.843, 98
Trd, 4319425.193, 97
Trd, 4319426.893, 97
Trd, 4319428.293, 96
Trd, 4319429.293, 96
Trd, 4319431.193, 96
Trd, 4319431.393, 95
Trd, 4319432.943, 95
Trd, 4319434.343, 95
Trd, 4319434.993, 97
Trd, 4319436.093, 95
Trd, 4319436.443, 94
Trd, 4319439.143, 87
Trd, 4319440.993, 91
Trd, 4319443.693, 91
Trd, 4319444.243, 95
Trd, 4319445.693, 90
Trd, 4319447.993, 90
Trd, 4319449.043, 92
Trd, 4319451.243, 90
Trd, 4319451.843, 91
Trd, 4319454.293, 90
Trd, 4319454.943, 90
Trd, 4319456.693, 90
Trd, 4319459.393, 91
Trd, 4319460.193, 91
Trd, 4319461.393, 90
Trd, 4319462.543, 91
Trd, 4319463.793, 92
Trd, 4319465.943, 91
Trd, 4319467.993, 95
Trd, 4319470.343, 98
Trd, 4319470.693, 96
Trd, 4319471.943, 95
Trd, 4319473.093, 95
Trd, 4319473.843, 95
Trd, 4319474.243, 95
Trd, 4319476.743, 94
Trd, 4319478.743, 95
Trd, 4319479.493, 95
Trd, 4319482.093, 94
Trd, 4319484.193, 93
Trd, 4319484.243, 95
Trd, 4319485.293, 93
Trd, 4319486.293, 95
Trd, 4319487.993, 96
Trd, 4319489.393, 96
Trd, 4319490.043, 95
Trd, 4319490.443, 95
Trd, 4319493.543, 95
Trd, 4319495.493, 96
Trd, 4319496.843, 95
Trd, 4319501.193, 95
Trd, 4319502.993, 96
Trd, 4319503.843, 95
Trd, 4319504.293, 95
Trd, 4319507.793, 94
Trd, 4319507.943, 95
Trd, 4319508.143, 94
Trd, 4319509.093, 94
Trd, 4319513.393, 92
Trd, 4319513.943, 92
Trd, 4319515.793, 90
Trd, 4319516.043, 95
Trd, 4319518.543, 94
Trd, 4319518.843, 94
Trd, 4319519.493, 93
Trd, 4319520.793, 95
Trd, 4319522.293, 92
Trd, 4319523.443, 97
Trd, 4319523.643, 96
Trd, 4319524.543, 97
Trd, 4319525.143, 96
Trd, 4319528.543, 96
Trd, 4319530.793, 95
Trd, 4319531.443, 94
Trd, 4319531.793, 96
Trd, 4319532.943, 97
Trd, 4319534.693, 96
Trd, 4319536.943, 96
Trd, 4319537.843, 95
Trd, 4319541.293, 96
Trd, 4319541.693, 95
Trd, 4319542.443, 95
Trd, 4319544.093, 104
Trd, 4319544.793, 102
Trd, 4319545.443, 100
Trd, 4319546.793, 103
Trd, 4319548.443, 101
Trd, 4319549.243, 101
Trd, 4319550.743, 102
Trd, 4319552.793, 100
Trd, 4319555.443, 100
Trd, 4319555.643, 101
Trd, 4319559.493, 100
Trd, 4319560.743, 99
Trd, 4319563.793, 98
Trd, 4319565.743, 97
Trd, 4319566.043, 95
Trd, 4319566.893, 96
Trd, 4319567.593, 94
Trd, 4319568.743, 94
Trd, 4319570.643, 95
Trd, 4319570.893, 94
Trd, 4319571.293, 95
Trd, 4319572.043, 86
Trd, 4319574.893, 93
Trd, 4319575.843, 92
Trd, 4319576.793, 93
Trd, 4319577.243, 94
Trd, 4319579.093, 95
Trd, 4319580.643, 97
Trd, 4319580.843, 96
Trd, 4319581.593, 95
Trd, 4319583.543, 95
Trd, 4319583.893, 95
Trd, 4319587.343, 96
Trd, 4319588.743, 95
Trd, 4319589.893, 96
Trd, 4319590.493, 95
Trd, 4319591.993, 95
Trd, 4319594.893, 95
Trd, 4319597.093, 95
Trd, 4319600.493, 95
Trd, 4319600.993, 96
Trd, 4319603.643, 95
Trd, 4319603.943, 93
Trd, 4319608.043, 94
Trd, 4319609.143, 95
Trd, 4319610.243, 95
Trd, 4319610.543, 98
Trd, 4319611.793, 98
Trd, 4319613.893, 98
Trd, 4319614.543, 85
Trd, 4319616.943, 97
Trd, 4319618.143, 96
Trd, 4319620.593, 95
Trd, 4319621.093, 95
Trd, 4319621.893, 95
Trd, 4319622.343, 94
Trd, 4319623.543, 95
Trd, 4319624.793, 93
Trd, 4319627.343, 95
Trd, 4319631.693, 94
Trd, 4319632.693, 95
Trd, 4319633.793, 95
Trd, 4319634.943, 104
Trd, 4319635.543, 103
Trd, 4319636.493, 103
Trd, 4319636.693, 104
Trd, 4319637.543, 102
Trd, 4319638.943, 102
Trd, 4319641.293, 97
Trd, 4319641.593, 97
Trd, 4319644.693, 98
Trd, 4319647.593, 97
Trd, 4319647.793, 95
Trd, 4319648.293, 96
Trd, 4319648.593, 97
Trd, 4319649.593, 97
Trd, 4319650.243, 98
Trd, 4319652.843, 98
Trd, 4319653.293, 97
Trd, 4319653.643, 97
Trd, 4319655.843, 97
Trd, 4319655.993, 96
Trd, 4319658.243, 98
Trd, 4319660.843, 97
Trd, 4319661.243, 95
Trd, 4319664.293, 98
Trd, 4319665.443, 96
Trd, 4319665.993, 96
Trd, 4319667.293, 97
Trd, 4319667.843, 97
Trd, 4319672.093, 97
Trd, 4319672.943, 97
Trd, 4319675.793, 96
Trd, 4319677.743, 96
Trd, 4319679.043, 96
Trd, 4319679.343, 96
Trd, 4319681.393, 95
Trd, 4319682.543, 94
Trd, 4319685.493, 95
Trd, 4319685.793, 95
Trd, 4319687.343, 96
Trd, 4319688.043, 95
Trd, 4319689.793, 96
Trd, 4319692.443, 96
Trd, 4319693.143, 95
Trd, 4319694.493, 95
Trd, 4319696.693, 94
Trd, 4319698.843, 95
Trd, 4319699.943, 95
Trd, 4319701.243, 94
Trd, 4319702.743, 96
Trd, 4319703.393, 94
Trd, 4319705.543, 95
Trd, 4319708.143, 95
Trd, 4319709.393, 94
Trd, 4319709.793, 94
Trd, 4319710.343, 95
Trd, 4319713.843, 92
Trd, 4319714.043, 92
Trd, 4319714.543, 93
Trd, 4319716.343, 93
Trd, 4319717.093, 95
Trd, 4319718.593, 94
Trd, 4319719.543, 94
Trd, 4319721.443, 94
Trd, 4319723.393, 94
Trd, 4319723.643, 95
Trd, 4319724.443, 95
Trd, 4319725.493, 96
Trd, 4319726.243, 97
Trd, 4319728.793, 98
Trd, 4319729.543, 98
Trd, 4319730.743, 98
Trd, 4319732.493, 98
Trd, 4319734.243, 97
Trd, 4319736.493, 97
Trd, 4319736.893, 97
Trd, 4319739.593, 96
Trd, 4319740.743, 96
Trd, 4319741.143, 95
Trd, 4319742.793, 97
Trd, 4319743.593, 96
Trd, 4319744.093, 98
Trd, 4319745.193, 97
Trd, 4319745.693, 97
Trd, 4319748.093, 97
Trd, 4319750.493, 98
Trd, 4319751.893, 97
Trd, 4319752.393, 97
Trd, 4319756.043, 97
Trd, 4319757.343, 98
Trd, 4319758.193, 96
Trd, 4319758.843, 96
Trd, 4319760.343, 97
Trd, 4319762.243, 96
Trd, 4319763.143, 97
Trd, 4319765.893, 95
Trd, 4319768.093, 94
Trd, 4319770.093, 96
Trd, 4319770.893, 95
Trd, 4319771.793, 94
Trd, 4319773.143, 95
Trd, 4319774.493, 94
Trd, 4319776.043, 95
Trd, 4319776.293, 95
Trd, 4319777.343, 94
Trd, 4319777.693, 95
Trd, 4319778.693, 95
Trd, 4319779.093, 94
Trd, 4319780.493, 95
Trd, 4319781.143, 93
Trd, 4319783.443, 94
Trd, 4319783.893, 94
Trd, 4319784.393, 92
Trd, 4319787.793, 94
Trd, 4319789.643, 94
Trd, 4319790.643, 93
Trd, 4319794.793, 93
Trd, 4319795.293, 92
Trd, 4319797.293, 93
Trd, 4319797.393, 93
Trd, 4319799.643, 91
Trd, 4319801.143, 96
Trd, 4319801.843, 93
Trd, 4319802.843, 95
Trd, 4319803.543, 93
Trd, 4319804.893, 94
Trd, 4319805.843, 92
Trd, 4319809.893, 94
Trd, 4319810.293, 94
Trd, 4319810.843, 91
Trd, 4319815.943, 91
Trd, 4319816.143, 92
Trd, 4319817.143, 91
Trd, 4319818.993, 90
Trd, 4319819.693, 91
Trd, 4319822.043, 90
Trd, 4319822.843, 90
Trd, 4319825.143, 89
Trd, 4319826.743, 89
Trd, 4319828.493, 88
Trd, 4319829.243, 89
Trd, 4319830.943, 90
Trd, 4319832.643, 90
Trd, 4319834.693, 90
Trd, 4319835.043, 95
Trd, 4319837.093, 89
Trd, 4319839.243, 88
Trd, 4319839.493, 88
Trd, 4319839.893, 95
Trd, 4319841.343, 87
Trd, 4319844.093, 87
Trd, 4319845.143, 86
Trd, 4319845.793, 87
Trd, 4319848.093, 85
Trd, 4319848.343, 85
Trd, 4319851.643, 90
Trd, 4319852.343, 90
Trd, 4319852.643, 93
Trd, 4319852.843, 90
Trd, 4319852.893, 95
Trd, 4319854.793, 89
Trd, 4319856.993, 88
Trd, 4319859.793, 90
Trd, 4319861.843, 90
Trd, 4319862.643, 88
Trd, 4319865.293, 94
Trd, 4319866.243, 92
Trd, 4319866.893, 92
Trd, 4319868.443, 90
Trd, 4319870.943, 91
Trd, 4319871.393, 89
Trd, 4319872.493, 89
Trd, 4319874.293, 87
Trd, 4319875.643, 88
Trd, 4319878.393, 87
Trd, 4319878.643, 88
Trd, 4319878.743, 86
Trd, 4319880.343, 85
Trd, 4319880.743, 86
Trd, 4319883.393, 86
Trd, 4319885.993, 85
Trd, 4319886.443, 86
Trd, 4319887.093, 85
Trd, 4319887.943, 95
Trd, 4319888.843, 87
Trd, 4319891.043, 96
Trd, 4319891.493, 91
Trd, 4319893.843, 93
Trd, 4319894.543, 87
Trd, 4319898.343, 92
Trd, 4319899.393, 91
Trd, 4319900.993, 92
Trd, 4319901.243, 91
Trd, 4319903.743, 91
Trd, 4319904.043, 93
Trd, 4319906.393, 92
Trd, 4319906.793, 91
Trd, 4319907.793, 91
Trd, 4319908.093, 93
Trd, 4319910.743, 96
Trd, 4319911.543, 95
Trd, 4319913.193, 95
Trd, 4319914.093, 95
Trd, 4319917.343, 95
Trd, 4319918.043, 94
Trd, 4319920.193, 95
Trd, 4319921.543, 94
Trd, 4319922.043, 95
Trd, 4319922.243, 95
Trd, 4319922.443, 93
Trd, 4319922.943, 95
Trd, 4319924.643, 95
Trd, 4319926.993, 95
Trd, 4319928.593, 94
Trd, 4319929.343, 94
Trd, 4319929.793, 95
Trd, 4319930.443, 95
Trd, 4319931.943, 95
Trd, 4319932.693, 93
Trd, 4319935.493, 93
Trd, 4319939.243, 95
Trd, 4319940.393, 94
Trd, 4319942.293, 95
Trd, 4319942.593, 95
Trd, 4319944.843, 96
Trd, 4319945.993, 95
Trd, 4319948.743, 96
Trd, 4319948.893, 97
Trd, 4319950.193, 102
Trd, 4319953.443, 101
Trd, 4319953.943, 100
Trd, 4319954.093, 100
Trd, 4319956.193, 99
Trd, 4319957.593, 99
Trd, 4319958.243, 98
Trd, 4319959.343, 98
Trd, 4319962.193, 97
Trd, 4319963.493, 96
Trd, 4319968.443, 96
Trd, 4319969.343, 95
Trd, 4319971.043, 95
Trd, 4319971.193, 96
Trd, 4319973.443, 95
Trd, 4319976.143, 96
Trd, 4319976.543, 95
Trd, 4319978.793, 95
Trd, 4319981.843, 98
Trd, 4319982.043, 97
Trd, 4319982.493, 98
Trd, 4319984.143, 97
Trd, 4319985.543, 97
Trd, 4319987.193, 97
Trd, 4319988.993, 97
Trd, 4319990.293, 97
Trd, 4319990.543, 96
Trd, 4319992.993, 96
Trd, 4319994.343, 97
Trd, 4319995.443, 98
Trd, 4319995.643, 96
Trd, 4319999.393, 96
Trd, 4319999.593, 96
Trd, 4319999.943, 96
