Trd, 4317835.193, 105
Trd, 4317835.293, 98
Trd, 4317836.643, 100
Trd, 4317837.493, 121
Trd, 4317838.043, 113
Trd, 4317840.043, 102
Trd, 4317841.743, 95
Trd, 4317844.793, 100
Trd, 4317846.643, 99
Trd, 4317847.543, 98
Trd, 4317850.043, 98
Trd, 4317850.143, 99
Trd, 4317852.493, 99
Trd, 4317853.893, 98
Trd, 4317856.593, 98
Trd, 4317858.493, 98
Trd, 4317858.543, 97
Trd, 4317860.443, 97
Trd, 4317860.793, 97
Trd, 4317861.693, 98
Trd, 4317862.093, 104
Trd, 4317865.043, 101
Trd, 4317865.643, 101
Trd, 4317866.893, 99
Trd, 4317868.043, 98
Trd, 4317871.043, 99
Trd, 4317871.093, 100
Trd, 4317872.193, 95
Trd, 4317873.793, 96
Trd, 4317874.843, 97
Trd, 4317877.143, 95
Trd, 4317878.743, 95
Trd, 4317879.443, 94
Trd, 4317882.443, 94
Trd, 4317882.593, 93
Trd, 4317883.493, 94
Trd, 4317884.843, 94
Trd, 4317884.993, 95
Trd, 4317885.893, 95
Trd, 4317887.893, 95
Trd, 4317888.693, 96
Trd, 4317890.293, 104
Trd, 4317891.543, 96
Trd, 4317894.693, 98
Trd, 4317894.893, 98
Trd, 4317899.193, 98
Trd, 4317899.943, 96
Trd, 4317900.943, 98
Trd, 4317904.243, 99
Trd, 4317904.443, 99
Trd, 4317906.543, 99
Trd, 4317910.043, 99
Trd, 4317911.393, 99
Trd, 4317912.843, 99
Trd, 4317914.643, 100
Trd, 4317917.793, 94
Trd, 4317918.243, 97
Trd, 4317919.143, 93
Trd, 4317920.293, 94
Trd, 4317921.043, 92
Trd, 4317923.593, 91
Trd, 4317925.593, 91
Trd, 4317926.443, 91
Trd, 4317929.093, 91
Trd, 4317929.193, 90
Trd, 4317932.543, 95
Trd, 4317934.793, 93
Trd, 4317936.943, 94
Trd, 4317937.193, 95
Trd, 4317937.443, 92
Trd, 4317937.843, 94
Trd, 4317937.943, 95
Trd, 4317938.893, 95
Trd, 4317940.493, 96
Trd, 4317941.243, 94
Trd, 4317943.193, 93
Trd, 4317944.443, 93
Trd, 4317945.493, 93
Trd, 4317946.793, 93
Trd, 4317947.793, 95
Trd, 4317949.643, 94
Trd, 4317952.243, 94
Trd, 4317958.193, 94
Trd, 4317959.693, 94
Trd, 4317959.943, 94
Trd, 4317961.293, 94
Trd, 4317961.643, 95
Trd, 4317962.493, 95
Trd, 4317965.093, 95
Trd, 4317968.943, 95
Trd, 4317969.343, 95
Trd, 4317969.493, 94
Trd, 4317970.493, 104
Trd, 4317970.693, 93
Trd, 4317971.843, 115
Trd, 4317975.843, 101
Trd, 4317977.443, 99
Trd, 4317983.093, 97
Trd, 4317985.993, 95
Trd, 4317986.993, 96
Trd, 4317987.343, 96
Trd, 4317990.093, 96
Trd, 4317990.243, 96
Trd, 4317990.293, 96
Trd, 4317992.343, 104
Trd, 4317993.493, 99
Trd, 4317994.543, 121
Trd, 4317997.243, 103
Trd, 4317997.343, 102
Trd, 4317999.443, 102
Trd, 4318001.043, 101
Trd, 4318001.993, 102
Trd, 4318002.393, 102
Trd, 4318005.443, 99
Trd, 4318005.643, 102
Trd, 4318009.843, 101
Trd, 4318010.493, 102
Trd, 4318012.943, 99
Trd, 4318013.593, 101
Trd, 4318016.643, 100
Trd, 4318017.043, 96
Trd, 4318019.543, 96
Trd, 4318019.893, 96
Trd, 4318023.593, 97
Trd, 4318027.493, 96
Trd, 4318029.143, 96
Trd, 4318029.193, 96
Trd, 4318030.943, 96
Trd, 4318031.993, 96
Trd, 4318033.393, 94
Trd, 4318034.443, 93
Trd, 4318036.993, 91
Trd, 4318038.293, 91
Trd, 4318038.893, 91
Trd, 4318040.743, 95
Trd, 4318041.543, 96
Trd, 4318042.743, 94
Trd, 4318043.143, 95
Trd, 4318045.143, 96
Trd, 4318045.543, 97
Trd, 4318047.943, 110
Trd, 4318051.643, 99
Trd, 4318052.243, 97
Trd, 4318052.693, 98
Trd, 4318054.093, 98
Trd, 4318055.643, 99
Trd, 4318055.943, 99
Trd, 4318059.043, 99
Trd, 4318059.543, 97
Trd, 4318062.343, 99
Trd, 4318062.993, 99
Trd, 4318065.193, 100
Trd, 4318065.493, 100
Trd, 4318066.293, 99
Trd, 4318068.643, 98
Trd, 4318069.643, 98
Trd, 4318070.193, 99
Trd, 4318070.893, 100
Trd, 4318073.043, 100
Trd, 4318073.993, 99
Trd, 4318078.043, 100
Trd, 4318079.343, 99
Trd, 4318081.543, 99
Trd, 4318082.593, 98
Trd, 4318082.643, 100
Trd, 4318083.943, 99
Trd, 4318085.993, 99
Trd, 4318086.393, 99
Trd, 4318086.743, 100
Trd, 4318088.543, 100
Trd, 4318090.093, 100
Trd, 4318090.743, 102
Trd, 4318093.143, 99
Trd, 4318094.443, 99
Trd, 4318095.093, 97
Trd, 4318097.943, 96
Trd, 4318097.993, 96
Trd, 4318098.393, 105
Trd, 4318100.793, 101
Trd, 4318103.043, 99
Trd, 4318103.993, 98
Trd, 4318106.643, 98
Trd, 4318109.343, 97
Trd, 4318110.093, 98
Trd, 4318112.243, 98
Trd, 4318112.643, 96
Trd, 4318113.493, 96
Trd, 4318114.793, 86
Trd, 4318115.593, 97
Trd, 4318116.493, 113
Trd, 4318120.093, 96
Trd, 4318120.443, 97
Trd, 4318121.243, 107
Trd, 4318122.493, 104
Trd, 4318122.793, 102
Trd, 4318125.443, 98
Trd, 4318128.543, 97
Trd, 4318128.593, 96
Trd, 4318130.993, 97
Trd, 4318131.743, 96
Trd, 4318131.843, 94
Trd, 4318132.643, 94
Trd, 4318132.843, 94
Trd, 4318135.793, 94
Trd, 4318136.093, 97
Trd, 4318136.593, 92
Trd, 4318138.893, 95
Trd, 4318139.693, 95
Trd, 4318144.193, 95
Trd, 4318147.393, 95
Trd, 4318147.793, 95
Trd, 4318149.643, 95
Trd, 4318151.493, 95
Trd, 4318156.393, 95
Trd, 4318156.993, 95
Trd, 4318157.743, 95
Trd, 4318158.893, 94
Trd, 4318161.493, 95
Trd, 4318161.543, 95
Trd, 4318163.643, 94
Trd, 4318164.093, 95
Trd, 4318164.893, 108
Trd, 4318167.193, 94
Trd, 4318167.443, 95
Trd, 4318167.793, 96
Trd, 4318171.843, 94
Trd, 4318173.243, 95
Trd, 4318174.443, 95
Trd, 4318175.143, 94
Trd, 4318175.593, 96
Trd, 4318175.893, 105
Trd, 4318178.193, 93
Trd, 4318179.593, 95
Trd, 4318181.543, 96
Trd, 4318182.893, 96
Trd, 4318184.343, 95
Trd, 4318184.593, 96
Trd, 4318186.193, 105
Trd, 4318189.243, 96
Trd, 4318190.643, 94
Trd, 4318193.543, 96
Trd, 4318193.843, 97
Trd, 4318194.243, 95
Trd, 4318194.793, 96
Trd, 4318195.593, 97
Trd, 4318197.743, 96
Trd, 4318198.393, 96
Trd, 4318198.793, 95
Trd, 4318201.343, 95
Trd, 4318203.243, 95
Trd, 4318203.793, 95
Trd, 4318207.043, 96
Trd, 4318208.693, 95
Trd, 4318209.943, 94
Trd, 4318209.993, 96
Trd, 4318211.693, 96
Trd, 4318213.143, 96
Trd, 4318214.243, 96
Trd, 4318215.043, 96
Trd, 4318217.293, 109
Trd, 4318218.543, 99
Trd, 4318219.243, 101
Trd, 4318222.843, 99
Trd, 4318226.343, 99
Trd, 4318226.643, 98
Trd, 4318226.793, 96
Trd, 4318230.643, 97
Trd, 4318231.843, 96
Trd, 4318233.093, 97
Trd, 4318235.943, 97
Trd, 4318236.843, 97
Trd, 4318237.893, 97
Trd, 4318238.093, 111
Trd, 4318238.143, 110
Trd, 4318239.793, 106
Trd, 4318242.693, 103
Trd, 4318243.743, 94
Trd, 4318244.243, 101
Trd, 4318245.793, 101
Trd, 4318246.793, 101
Trd, 4318249.943, 100
Trd, 4318251.293, 100
Trd, 4318252.493, 99
Trd, 4318254.443, 98
Trd, 4318256.543, 96
Trd, 4318256.793, 95
Trd, 4318256.993, 97
Trd, 4318258.993, 94
Trd, 4318260.593, 97
Trd, 4318261.693, 93
Trd, 4318262.843, 98
Trd, 4318264.293, 106
Trd, 4318264.693, 105
Trd, 4318265.143, 101
Trd, 4318265.443, 94
Trd, 4318268.643, 103
Trd, 4318270.993, 103
Trd, 4318272.293, 113
Trd, 4318274.993, 105
Trd, 4318275.693, 104
Trd, 4318278.293, 104
Trd, 4318278.593, 98
Trd, 4318279.543, 98
Trd, 4318283.143, 97
Trd, 4318283.793, 97
Trd, 4318285.343, 95
Trd, 4318285.643, 97
Trd, 4318288.343, 98
Trd, 4318290.243, 97
Trd, 4318290.693, 97
Trd, 4318292.743, 97
Trd, 4318293.093, 96
Trd, 4318293.893, 95
Trd, 4318296.993, 95
Trd, 4318300.643, 95
Trd, 4318302.393, 96
Trd, 4318302.743, 96
Trd, 4318302.843, 96
Trd, 4318303.343, 95
Trd, 4318304.593, 97
Trd, 4318305.193, 99
Trd, 4318305.543, 98
Trd, 4318308.343, 98
Trd, 4318309.043, 99
Trd, 4318310.343, 104
Trd, 4318311.593, 102
Trd, 4318312.393, 111
Trd, 4318313.343, 115
Trd, 4318315.493, 104
Trd, 4318318.093, 106
Trd, 4318318.843, 105
Trd, 4318319.193, 108
Trd, 4318319.443, 113
Trd, 4318320.493, 106
Trd, 4318321.693, 103
Trd, 4318323.493, 106
Trd, 4318326.493, 106
Trd, 4318326.593, 106
Trd, 4318329.243, 106
Trd, 4318333.643, 103
Trd, 4318333.793, 102
Trd, 4318334.343, 103
Trd, 4318335.993, 98
Trd, 4318336.743, 99
Trd, 4318337.843, 99
Trd, 4318338.343, 99
Trd, 4318339.343, 99
Trd, 4318341.043, 99
Trd, 4318342.893, 99
Trd, 4318342.943, 99
Trd, 4318343.093, 111
Trd, 4318343.543, 101
Trd, 4318345.893, 102
Trd, 4318347.843, 102
Trd, 4318350.293, 102
Trd, 4318352.643, 99
Trd, 4318355.643, 99
Trd, 4318356.743, 99
Trd, 4318359.543, 99
Trd, 4318363.493, 99
Trd, 4318363.643, 98
Trd, 4318364.243, 99
Trd, 4318365.543, 99
Trd, 4318366.593, 97
Trd, 4318370.093, 96
Trd, 4318370.243, 97
Trd, 4318371.993, 96
Trd, 4318374.143, 95
Trd, 4318374.693, 94
Trd, 4318376.893, 95
Trd, 4318377.243, 95
Trd, 4318377.643, 110
Trd, 4318381.693, 98
Trd, 4318382.443, 99
Trd, 4318383.343, 97
Trd, 4318384.593, 95
Trd, 4318385.693, 112
Trd, 4318386.193, 94
Trd, 4318386.343, 115
Trd, 4318390.943, 101
Trd, 4318391.893, 103
Trd, 4318394.993, 99
Trd, 4318396.843, 98
Trd, 4318396.993, 99
Trd, 4318398.543, 111
Trd, 4318398.793, 110
Trd, 4318400.293, 107
Trd, 4318402.743, 104
Trd, 4318403.093, 104
Trd, 4318404.093, 103
Trd, 4318404.393, 104
Trd, 4318405.193, 123
Trd, 4318406.493, 102
Trd, 4318407.893, 103
Trd, 4318408.143, 103
Trd, 4318410.043, 101
Trd, 4318411.193, 115
Trd, 4318414.993, 100
Trd, 4318419.093, 98
Trd, 4318420.843, 101
Trd, 4318423.793, 94
Trd, 4318425.543, 94
Trd, 4318425.843, 101
Trd, 4318427.343, 101
Trd, 4318429.593, 100
Trd, 4318430.593, 100
Trd, 4318431.843, 98
Trd, 4318431.943, 97
Trd, 4318435.243, 97
Trd, 4318435.793, 97
Trd, 4318435.943, 98
Trd, 4318438.793, 98
Trd, 4318438.993, 99
Trd, 4318441.293, 98
Trd, 4318444.493, 97
Trd, 4318445.193, 98
Trd, 4318445.243, 98
Trd, 4318446.943, 114
Trd, 4318450.743, 101
Trd, 4318451.643, 99
Trd, 4318454.393, 99
Trd, 4318454.793, 99
Trd, 4318457.043, 98
Trd, 4318458.443, 97
Trd, 4318460.593, 98
Trd, 4318460.643, 106
Trd, 4318461.593, 103
Trd, 4318462.293, 101
Trd, 4318463.393, 104
Trd, 4318464.493, 102
Trd, 4318467.343, 103
Trd, 4318467.493, 102
Trd, 4318470.093, 102
Trd, 4318472.793, 102
Trd, 4318474.893, 100
Trd, 4318476.893, 102
Trd, 4318478.943, 100
Trd, 4318480.593, 100
Trd, 4318481.893, 99
Trd, 4318482.793, 97
Trd, 4318482.843, 97
Trd, 4318484.493, 97
Trd, 4318488.893, 97
Trd, 4318489.693, 97
Trd, 4318489.843, 104
Trd, 4318491.043, 123
Trd, 4318493.643, 107
Trd, 4318497.343, 105
Trd, 4318497.543, 104
Trd, 4318498.743, 102
Trd, 4318502.143, 104
Trd, 4318502.343, 104
Trd, 4318502.543, 105
Trd, 4318503.743, 104
Trd, 4318504.093, 103
Trd, 4318504.743, 104
Trd, 4318505.343, 105
Trd, 4318508.843, 105
Trd, 4318509.243, 105
Trd, 4318512.293, 105
Trd, 4318513.343, 103
Trd, 4318514.893, 94
Trd, 4318516.393, 99
Trd, 4318516.793, 104
Trd, 4318519.743, 104
Trd, 4318520.243, 95
Trd, 4318522.293, 95
Trd, 4318522.343, 95
Trd, 4318525.393, 94
Trd, 4318525.493, 96
Trd, 4318526.643, 96
Trd, 4318529.193, 96
Trd, 4318531.243, 94
Trd, 4318533.093, 96
Trd, 4318536.593, 95
Trd, 4318537.143, 95
Trd, 4318537.193, 95
Trd, 4318537.443, 107
Trd, 4318539.093, 96
Trd, 4318540.943, 96
Trd, 4318541.043, 96
Trd, 4318541.343, 106
Trd, 4318542.993, 100
Trd, 4318546.343, 100
Trd, 4318546.393, 100
Trd, 4318547.743, 99
Trd, 4318549.943, 95
Trd, 4318550.643, 95
Trd, 4318551.293, 95
Trd, 4318552.343, 95
Trd, 4318553.143, 95
Trd, 4318554.243, 95
Trd, 4318555.893, 95
Trd, 4318556.393, 94
Trd, 4318557.843, 95
Trd, 4318558.793, 100
Trd, 4318560.993, 97
Trd, 4318561.243, 97
Trd, 4318563.643, 98
Trd, 4318564.743, 97
Trd, 4318567.043, 97
Trd, 4318570.293, 97
Trd, 4318570.643, 98
Trd, 4318571.893, 116
Trd, 4318573.143, 103
Trd, 4318575.393, 102
Trd, 4318575.793, 106
Trd, 4318580.743, 97
Trd, 4318582.693, 97
Trd, 4318582.893, 97
Trd, 4318583.693, 97
Trd, 4318584.343, 106
Trd, 4318587.243, 99
Trd, 4318590.093, 98
Trd, 4318590.793, 97
Trd, 4318591.393, 99
Trd, 4318594.193, 98
Trd, 4318594.543, 97
Trd, 4318595.793, 97
Trd, 4318599.343, 96
Trd, 4318600.843, 96
Trd, 4318601.643, 96
Trd, 4318603.293, 105
Trd, 4318604.093, 101
Trd, 4318605.093, 101
Trd, 4318606.543, 100
Trd, 4318610.843, 101
Trd, 4318610.993, 101
Trd, 4318613.693, 100
Trd, 4318614.193, 102
Trd, 4318617.693, 100
Trd, 4318617.743, 101
Trd, 4318619.193, 100
Trd, 4318620.943, 96
Trd, 4318622.543, 96
Trd, 4318622.893, 105
Trd, 4318624.893, 97
Trd, 4318627.043, 98
Trd, 4318628.493, 97
Trd, 4318630.093, 94
Trd, 4318630.793, 106
Trd, 4318632.143, 109
Trd, 4318632.443, 105
Trd, 4318633.843, 106
Trd, 4318635.443, 104
Trd, 4318635.793, 102
Trd, 4318638.743, 102
Trd, 4318639.543, 115
Trd, 4318640.343, 100
Trd, 4318640.593, 106
Trd, 4318640.843, 105
Trd, 4318643.993, 103
Trd, 4318644.293, 104
Trd, 4318647.143, 103
Trd, 4318649.043, 102
Trd, 4318649.843, 103
Trd, 4318649.993, 103
Trd, 4318652.843, 100
Trd, 4318653.343, 97
Trd, 4318654.143, 98
Trd, 4318656.893, 95
Trd, 4318657.243, 97
Trd, 4318659.593, 97
Trd, 4318661.893, 97
Trd, 4318663.343, 97
Trd, 4318663.393, 96
Trd, 4318664.693, 97
Trd, 4318669.093, 96
Trd, 4318669.193, 95
Trd, 4318670.493, 94
Trd, 4318670.993, 95
Trd, 4318671.743, 96
Trd, 4318672.493, 95
Trd, 4318674.993, 95
Trd, 4318675.693, 95
Trd, 4318678.643, 120
Trd, 4318682.743, 102
Trd, 4318690.193, 100
Trd, 4318691.793, 99
Trd, 4318692.093, 99
Trd, 4318694.093, 99
Trd, 4318694.243, 99
Trd, 4318695.643, 97
Trd, 4318695.693, 98
Trd, 4318697.393, 98
Trd, 4318699.843, 97
Trd, 4318700.793, 94
Trd, 4318700.943, 97
Trd, 4318701.693, 98
Trd, 4318705.293, 96
Trd, 4318705.343, 97
Trd, 4318709.643, 96
Trd, 4318710.443, 96
Trd, 4318710.643, 95
Trd, 4318711.643, 94
Trd, 4318711.893, 95
Trd, 4318712.243, 96
Trd, 4318715.543, 99
Trd, 4318716.643, 97
Trd, 4318717.443, 106
Trd, 4318717.543, 93
Trd, 4318718.493, 123
Trd, 4318718.993, 106
Trd, 4318719.143, 120
Trd, 4318721.343, 118
Trd, 4318724.993, 106
Trd, 4318726.043, 105
Trd, 4318728.893, 102
Trd, 4318729.593, 101
Trd, 4318731.493, 102
Trd, 4318734.393, 99
Trd, 4318736.543, 98
Trd, 4318736.793, 98
Trd, 4318739.343, 100
Trd, 4318742.693, 99
Trd, 4318743.443, 98
Trd, 4318745.343, 97
Trd, 4318746.293, 97
Trd, 4318746.393, 98
Trd, 4318749.193, 109
Trd, 4318750.243, 102
Trd, 4318750.793, 101
Trd, 4318751.693, 101
Trd, 4318753.093, 99
Trd, 4318753.993, 100
Trd, 4318754.193, 100
Trd, 4318756.893, 100
Trd, 4318759.693, 100
Trd, 4318761.143, 100
Trd, 4318762.043, 108
Trd, 4318764.543, 101
Trd, 4318767.743, 101
Trd, 4318768.293, 101
Trd, 4318771.793, 96
Trd, 4318771.843, 96
Trd, 4318771.893, 98
Trd, 4318774.943, 95
Trd, 4318775.643, 96
Trd, 4318776.693, 96
Trd, 4318777.943, 89
Trd, 4318778.193, 89
Trd, 4318779.543, 90
Trd, 4318780.893, 90
Trd, 4318783.393, 105
Trd, 4318783.593, 96
Trd, 4318785.493, 95
Trd, 4318786.243, 95
Trd, 4318786.743, 114
Trd, 4318788.293, 99
Trd, 4318791.643, 98
Trd, 4318792.093, 98
Trd, 4318793.043, 98
Trd, 4318794.643, 98
Trd, 4318796.843, 98
Trd, 4318797.443, 98
Trd, 4318798.693, 98
Trd, 4318801.843, 98
Trd, 4318802.743, 98
Trd, 4318804.443, 98
Trd, 4318805.893, 98
Trd, 4318808.743, 99
Trd, 4318809.993, 100
Trd, 4318811.193, 100
Trd, 4318811.593, 105
Trd, 4318812.793, 102
Trd, 4318813.043, 101
Trd, 4318814.893, 103
Trd, 4318815.543, 100
Trd, 4318816.693, 103
Trd, 4318818.943, 104
Trd, 4318828.593, 104
Trd, 4318829.793, 103
Trd, 4318831.093, 103
Trd, 4318832.793, 100
Trd, 4318835.093, 103
Trd, 4318835.393, 103
Trd, 4318835.693, 103
Trd, 4318836.193, 103
Trd, 4318837.843, 105
Trd, 4318839.943, 106
Trd, 4318840.543, 105
Trd, 4318845.493, 104
Trd, 4318846.043, 104
Trd, 4318847.293, 104
Trd, 4318848.493, 105
Trd, 4318852.143, 104
Trd, 4318852.843, 103
Trd, 4318853.243, 104
Trd, 4318853.893, 103
Trd, 4318856.993, 101
Trd, 4318857.793, 98
Trd, 4318857.943, 101
Trd, 4318860.443, 101
Trd, 4318860.493, 101
Trd, 4318862.393, 102
Trd, 4318863.493, 97
Trd, 4318865.593, 99
Trd, 4318867.243, 101
Trd, 4318869.193, 101
Trd, 4318869.693, 108
Trd, 4318872.243, 102
Trd, 4318872.443, 101
Trd, 4318873.943, 102
Trd, 4318874.843, 101
Trd, 4318876.393, 100
Trd, 4318879.493, 99
Trd, 4318879.893, 99
Trd, 4318880.343, 99
Trd, 4318883.893, 99
Trd, 4318885.793, 98
Trd, 4318887.443, 98
Trd, 4318890.343, 98
Trd, 4318890.643, 98
Trd, 4318892.793, 97
Trd, 4318893.093, 98
Trd, 4318895.193, 96
Trd, 4318895.493, 96
Trd, 4318898.043, 95
Trd, 4318898.643, 94
Trd, 4318899.143, 94
Trd, 4318901.993, 95
Trd, 4318902.193, 94
Trd, 4318904.143, 93
Trd, 4318905.943, 94
Trd, 4318906.193, 95
Trd, 4318906.493, 110
Trd, 4318907.343, 94
Trd, 4318910.393, 99
Trd, 4318911.843, 98
Trd, 4318911.893, 102
Trd, 4318917.543, 100
Trd, 4318919.093, 100
Trd, 4318919.443, 101
Trd, 4318921.393, 101
Trd, 4318922.393, 104
Trd, 4318924.093, 98
Trd, 4318925.993, 98
Trd, 4318926.643, 97
Trd, 4318927.943, 98
Trd, 4318928.293, 94
Trd, 4318928.543, 99
Trd, 4318930.343, 98
Trd, 4318930.793, 98
Trd, 4318933.093, 99
Trd, 4318933.443, 97
Trd, 4318933.743, 94
Trd, 4318935.343, 97
Trd, 4318936.593, 95
Trd, 4318939.043, 97
Trd, 4318940.643, 95
Trd, 4318940.793, 97
Trd, 4318942.343, 96
Trd, 4318942.643, 96
Trd, 4318943.593, 96
Trd, 4318943.943, 96
Trd, 4318945.143, 105
Trd, 4318948.043, 99
Trd, 4318951.543, 99
Trd, 4318952.393, 100
Trd, 4318952.593, 104
Trd, 4318954.093, 101
Trd, 4318955.393, 102
Trd, 4318958.093, 109
Trd, 4318959.243, 105
Trd, 4318960.293, 103
Trd, 4318961.243, 103
Trd, 4318961.543, 102
Trd, 4318962.693, 102
Trd, 4318965.393, 98
Trd, 4318966.243, 100
Trd, 4318968.343, 100
Trd, 4318968.643, 100
Trd, 4318969.443, 99
Trd, 4318969.593, 94
Trd, 4318971.593, 93
Trd, 4318972.643, 96
Trd, 4318973.893, 93
Trd, 4318974.243, 92
Trd, 4318975.743, 108
Trd, 4318976.793, 124
Trd, 4318977.893, 107
Trd, 4318978.593, 95
Trd, 4318981.943, 102
Trd, 4318983.343, 101
Trd, 4318984.643, 100
Trd, 4318984.843, 101
Trd, 4318987.893, 101
Trd, 4318989.343, 101
Trd, 4318989.443, 100
Trd, 4318990.943, 100
Trd, 4318992.993, 99
Trd, 4318994.093, 94
Trd, 4318995.543, 87
Trd, 4318996.043, 87
Trd, 4318996.193, 90
Trd, 4318997.143, 89
Trd, 4318999.093, 88
Trd, 4319000.593, 96
Trd, 4319002.893, 91
Trd, 4319003.143, 91
Trd, 4319004.093, 90
Trd, 4319004.293, 97
Trd, 4319004.443, 114
Trd, 4319007.943, 97
Trd, 4319010.343, 97
Trd, 4319012.793, 97
Trd, 4319013.093, 98
Trd, 4319014.393, 105
Trd, 4319016.893, 87
Trd, 4319019.143, 105
Trd, 4319020.093, 101
Trd, 4319020.193, 99
Trd, 4319020.943, 106
Trd, 4319022.993, 98
Trd, 4319024.593, 98
Trd, 4319026.543, 98
Trd, 4319028.643, 86
Trd, 4319029.293, 92
Trd, 4319030.093, 105
Trd, 4319030.393, 96
Trd, 4319033.293, 94
Trd, 4319034.743, 96
Trd, 4319035.993, 108
Trd, 4319037.243, 97
Trd, 4319038.243, 97
Trd, 4319040.043, 96
Trd, 4319041.743, 97
Trd, 4319042.543, 97
Trd, 4319043.043, 108
Trd, 4319044.393, 105
Trd, 4319045.493, 100
Trd, 4319048.943, 104
Trd, 4319049.693, 100
Trd, 4319052.093, 101
Trd, 4319052.543, 101
Trd, 4319054.543, 100
Trd, 4319054.793, 105
Trd, 4319055.243, 117
Trd, 4319055.693, 105
Trd, 4319056.293, 100
Trd, 4319056.393, 104
Trd, 4319059.643, 104
Trd, 4319060.293, 104
Trd, 4319061.343, 105
Trd, 4319062.193, 100
Trd, 4319066.193, 101
Trd, 4319066.993, 101
Trd, 4319067.193, 106
Trd, 4319068.093, 102
Trd, 4319068.593, 102
Trd, 4319068.643, 101
Trd, 4319069.193, 100
Trd, 4319070.993, 103
Trd, 4319071.243, 114
Trd, 4319074.893, 102
Trd, 4319075.493, 103
Trd, 4319076.743, 103
Trd, 4319078.293, 102
Trd, 4319080.743, 102
Trd, 4319080.893, 102
Trd, 4319082.393, 101
Trd, 4319085.443, 102
Trd, 4319087.593, 95
Trd, 4319088.193, 95
Trd, 4319088.943, 95
Trd, 4319090.143, 104
Trd, 4319091.643, 95
Trd, 4319093.243, 98
Trd, 4319096.493, 95
Trd, 4319096.943, 98
Trd, 4319099.593, 96
Trd, 4319101.243, 97
Trd, 4319102.843, 97
Trd, 4319103.443, 97
Trd, 4319106.343, 97
Trd, 4319106.543, 95
Trd, 4319109.043, 96
Trd, 4319112.493, 95
Trd, 4319112.843, 95
Trd, 4319113.393, 106
Trd, 4319113.493, 102
Trd, 4319115.493, 99
Trd, 4319116.393, 99
Trd, 4319121.293, 97
Trd, 4319121.843, 97
Trd, 4319122.393, 98
Trd, 4319123.993, 98
Trd, 4319125.293, 98
Trd, 4319125.393, 104
Trd, 4319128.993, 100
Trd, 4319131.193, 100
Trd, 4319133.093, 99
Trd, 4319135.293, 99
Trd, 4319136.893, 107
Trd, 4319138.443, 102
Trd, 4319139.343, 102
Trd, 4319141.543, 100
Trd, 4319143.543, 101
Trd, 4319143.743, 102
Trd, 4319143.943, 101
Trd, 4319146.093, 94
Trd, 4319147.593, 97
Trd, 4319148.943, 97
Trd, 4319150.093, 104
Trd, 4319151.943, 100
Trd, 4319153.243, 99
Trd, 4319155.093, 100
Trd, 4319156.293, 99
Trd, 4319156.643, 99
Trd, 4319157.293, 98
Trd, 4319160.543, 97
Trd, 4319161.693, 109
Trd, 4319163.343, 110
Trd, 4319163.743, 109
Trd, 4319166.643, 104
Trd, 4319167.243, 105
Trd, 4319168.893, 105
Trd, 4319171.043, 113
Trd, 4319172.393, 104
Trd, 4319173.593, 104
Trd, 4319173.893, 105
Trd, 4319175.693, 102
Trd, 4319177.543, 99
Trd, 4319178.493, 98
Trd, 4319179.543, 98
Trd, 4319181.793, 97
Trd, 4319183.393, 96
Trd, 4319184.243, 95
Trd, 4319184.543, 104
Trd, 4319186.693, 97
Trd, 4319188.693, 97
Trd, 4319189.293, 96
Trd, 4319189.943, 96
Trd, 4319192.393, 96
Trd, 4319193.593, 96
Trd, 4319194.943, 96
Trd, 4319197.043, 96
Trd, 4319199.693, 95
Trd, 4319199.943, 97
Trd, 4319200.443, 105
Trd, 4319202.593, 98
Trd, 4319205.243, 98
Trd, 4319205.293, 98
Trd, 4319205.443, 99
Trd, 4319206.643, 107
Trd, 4319208.743, 94
Trd, 4319209.043, 96
Trd, 4319210.093, 98
Trd, 4319210.543, 97
Trd, 4319212.143, 122
Trd, 4319212.943, 95
Trd, 4319213.843, 98
Trd, 4319214.343, 97
Trd, 4319214.643, 104
Trd, 4319215.543, 101
Trd, 4319216.693, 98
Trd, 4319218.093, 98
Trd, 4319221.493, 96
Trd, 4319222.043, 96
Trd, 4319223.193, 96
Trd, 4319223.993, 97
Trd, 4319230.693, 97
Trd, 4319231.393, 97
Trd, 4319234.593, 96
Trd, 4319235.543, 96
Trd, 4319235.943, 99
Trd, 4319236.243, 97
Trd, 4319237.243, 97
Trd, 4319237.543, 96
Trd, 4319239.443, 102
Trd, 4319240.543, 106
Trd, 4319243.243, 100
Trd, 4319245.243, 99
Trd, 4319247.043, 99
Trd, 4319248.593, 99
Trd, 4319250.843, 99
Trd, 4319251.093, 99
Trd, 4319254.843, 99
Trd, 4319256.493, 98
Trd, 4319256.693, 97
Trd, 4319257.593, 97
Trd, 4319259.743, 98
Trd, 4319260.143, 98
Trd, 4319261.693, 99
Trd, 4319263.243, 99
Trd, 4319265.193, 96
Trd, 4319266.693, 97
Trd, 4319270.993, 96
Trd, 4319271.643, 96
Trd, 4319271.793, 95
Trd, 4319272.493, 94
Trd, 4319272.743, 94
Trd, 4319274.793, 95
Trd, 4319276.043, 105
Trd, 4319276.793, 100
Trd, 4319279.143, 101
Trd, 4319279.493, 99
Trd, 4319279.793, 92
Trd, 4319282.543, 99
Trd, 4319282.693, 96
Trd, 4319282.793, 101
Trd, 4319283.343, 99
Trd, 4319283.443, 105
Trd, 4319285.943, 101
Trd, 4319286.093, 99
Trd, 4319288.043, 107
Trd, 4319289.693, 101
Trd, 4319292.293, 97
Trd, 4319293.443, 98
Trd, 4319294.743, 97
Trd, 4319296.893, 99
Trd, 4319296.993, 99
Trd, 4319297.793, 99
Trd, 4319299.693, 99
Trd, 4319300.293, 99
Trd, 4319301.443, 100
Trd, 4319301.543, 107
Trd, 4319303.543, 104
Trd, 4319306.043, 105
Trd, 4319307.393, 103
Trd, 4319307.593, 102
Trd, 4319310.143, 100
Trd, 4319310.393, 101
Trd, 4319310.693, 101
Trd, 4319311.343, 102
Trd, 4319316.043, 99
Trd, 4319316.343, 99
Trd, 4319316.643, 100
Trd, 4319318.143, 99
Trd, 4319318.593, 109
Trd, 4319319.743, 101
Trd, 4319322.143, 105
Trd, 4319324.993, 98
Trd, 4319327.843, 99
Trd, 4319328.143, 101
Trd, 4319328.643, 101
Trd, 4319329.193, 101
Trd, 4319331.393, 103
Trd, 4319331.493, 101
Trd, 4319331.843, 101
Trd, 4319332.643, 101
Trd, 4319333.493, 100
Trd, 4319335.093, 105
Trd, 4319337.693, 102
Trd, 4319339.193, 102
Trd, 4319342.193, 102
Trd, 4319342.893, 103
Trd, 4319345.093, 105
Trd, 4319346.293, 104
Trd, 4319348.243, 102
Trd, 4319350.343, 102
Trd, 4319350.793, 98
Trd, 4319352.793, 97
Trd, 4319353.643, 96
Trd, 4319353.893, 86
Trd, 4319354.443, 85
Trd, 4319355.593, 86
Trd, 4319355.743, 104
Trd, 4319359.543, 85
Trd, 4319360.243, 84
Trd, 4319362.043, 91
Trd, 4319363.643, 91
Trd, 4319365.393, 91
Trd, 4319365.443, 95
Trd, 4319366.593, 104
Trd, 4319369.543, 92
Trd, 4319370.093, 93
Trd, 4319373.843, 95
Trd, 4319373.943, 94
Trd, 4319375.843, 93
Trd, 4319375.893, 95
Trd, 4319377.193, 93
Trd, 4319378.043, 96
Trd, 4319380.243, 99
Trd, 4319380.843, 116
Trd, 4319383.343, 106
Trd, 4319383.643, 104
Trd, 4319388.493, 103
Trd, 4319390.043, 105
Trd, 4319391.593, 103
Trd, 4319391.993, 104
Trd, 4319392.943, 105
Trd, 4319394.193, 103
Trd, 4319394.543, 103
Trd, 4319400.143, 103
Trd, 4319400.193, 103
Trd, 4319400.743, 102
Trd, 4319401.443, 100
Trd, 4319401.843, 99
Trd, 4319402.043, 87
Trd, 4319402.343, 90
Trd, 4319406.743, 89
Trd, 4319407.843, 99
Trd, 4319408.593, 94
Trd, 4319408.843, 94
Trd, 4319409.643, 105
Trd, 4319411.593, 98
Trd, 4319411.993, 98
Trd, 4319415.043, 98
Trd, 4319415.893, 99
Trd, 4319418.343, 99
Trd, 4319422.843, 98
Trd, 4319423.343, 99
Trd, 4319423.943, 111
Trd, 4319427.743, 104
Trd, 4319429.193, 104
Trd, 4319429.693, 105
Trd, 4319431.043, 104
Trd, 4319432.393, 107
Trd, 4319433.093, 122
Trd, 4319435.143, 109
Trd, 4319435.243, 109
Trd, 4319435.493, 106
Trd, 4319438.693, 107
Trd, 4319439.693, 96
Trd, 4319440.243, 94
Trd, 4319441.143, 94
Trd, 4319441.793, 95
Trd, 4319442.793, 97
Trd, 4319445.843, 92
Trd, 4319446.393, 92
Trd, 4319448.943, 93
Trd, 4319449.143, 91
Trd, 4319449.993, 95
Trd, 4319451.643, 106
Trd, 4319452.393, 99
Trd, 4319453.893, 97
Trd, 4319458.993, 97
Trd, 4319459.693, 97
Trd, 4319459.843, 97
Trd, 4319460.443, 97
Trd, 4319461.343, 97
Trd, 4319461.843, 98
Trd, 4319463.843, 98
Trd, 4319468.093, 98
Trd, 4319468.943, 98
Trd, 4319474.343, 98
Trd, 4319474.643, 98
Trd, 4319477.043, 98
Trd, 4319477.543, 98
Trd, 4319478.743, 97
Trd, 4319479.843, 98
Trd, 4319481.043, 109
Trd, 4319483.843, 100
Trd, 4319484.743, 100
Trd, 4319484.993, 97
Trd, 4319489.293, 100
Trd, 4319490.343, 100
Trd, 4319490.993, 100
Trd, 4319493.343, 100
Trd, 4319494.293, 100
Trd, 4319494.393, 105
Trd, 4319495.693, 102
Trd, 4319497.093, 104
Trd, 4319500.443, 104
Trd, 4319500.643, 104
Trd, 4319500.793, 105
Trd, 4319504.493, 103
Trd, 4319506.493, 103
Trd, 4319508.643, 104
Trd, 4319509.043, 104
Trd, 4319510.093, 103
Trd, 4319510.243, 105
Trd, 4319512.943, 104
Trd, 4319513.343, 103
Trd, 4319513.443, 104
Trd, 4319515.193, 105
Trd, 4319515.493, 95
Trd, 4319520.093, 105
Trd, 4319522.293, 103
Trd, 4319523.443, 103
Trd, 4319523.593, 109
Trd, 4319524.743, 105
Trd, 4319526.093, 105
Trd, 4319526.743, 114
Trd, 4319528.793, 107
Trd, 4319530.593, 105
Trd, 4319530.643, 107
Trd, 4319531.843, 104
Trd, 4319533.993, 103
Trd, 4319535.543, 102
Trd, 4319537.143, 94
Trd, 4319538.293, 91
Trd, 4319539.393, 89
Trd, 4319539.493, 89
Trd, 4319540.093, 113
Trd, 4319542.043, 98
Trd, 4319543.243, 98
Trd, 4319544.143, 98
Trd, 4319547.193, 99
Trd, 4319548.543, 97
Trd, 4319549.293, 98
Trd, 4319549.743, 97
Trd, 4319553.743, 98
Trd, 4319554.943, 98
Trd, 4319555.993, 97
Trd, 4319556.743, 94
Trd, 4319558.093, 96
Trd, 4319560.693, 89
Trd, 4319561.093, 90
Trd, 4319563.193, 90
Trd, 4319564.243, 90
Trd, 4319564.443, 89
Trd, 4319566.543, 90
Trd, 4319566.643, 95
Trd, 4319567.843, 108
Trd, 4319568.493, 99
Trd, 4319571.793, 97
Trd, 4319575.843, 99
Trd, 4319578.493, 97
Trd, 4319578.993, 98
Trd, 4319580.293, 96
Trd, 4319581.093, 97
Trd, 4319582.093, 78
Trd, 4319582.543, 82
Trd, 4319582.693, 81
Trd, 4319584.293, 80
Trd, 4319584.943, 98
Trd, 4319585.393, 105
Trd, 4319589.243, 93
Trd, 4319590.843, 98
Trd, 4319592.243, 91
Trd, 4319593.593, 91
Trd, 4319593.843, 93
Trd, 4319596.793, 92
Trd, 4319602.393, 92
Trd, 4319605.643, 92
Trd, 4319606.043, 91
Trd, 4319607.593, 92
Trd, 4319607.693, 93
Trd, 4319608.593, 95
Trd, 4319611.243, 95
Trd, 4319611.843, 105
Trd, 4319612.593, 96
Trd, 4319613.343, 100
Trd, 4319617.843, 96
Trd, 4319618.143, 100
Trd, 4319619.843, 97
Trd, 4319621.393, 97
Trd, 4319623.443, 96
Trd, 4319624.343, 96
Trd, 4319625.393, 97
Trd, 4319625.943, 97
Trd, 4319628.643, 98
Trd, 4319629.843, 97
Trd, 4319630.993, 94
Trd, 4319631.143, 96
Trd, 4319633.143, 96
Trd, 4319633.443, 97
Trd, 4319634.893, 97
Trd, 4319635.443, 96
Trd, 4319639.643, 97
Trd, 4319640.243, 96
Trd, 4319641.193, 98
Trd, 4319642.243, 99
Trd, 4319642.443, 98
Trd, 4319643.043, 100
Trd, 4319645.493, 100
Trd, 4319648.043, 97
Trd, 4319649.093, 100
Trd, 4319650.293, 100
Trd, 4319653.143, 99
Trd, 4319654.443, 99
Trd, 4319656.643, 99
Trd, 4319657.293, 99
Trd, 4319660.593, 98
Trd, 4319660.793, 98
Trd, 4319663.443, 98
Trd, 4319663.993, 97
Trd, 4319665.843, 107
Trd, 4319666.693, 100
Trd, 4319667.643, 101
Trd, 4319668.043, 101
Trd, 4319669.893, 101
Trd, 4319671.093, 101
Trd, 4319672.193, 99
Trd, 4319672.843, 100
Trd, 4319673.193, 99
Trd, 4319677.193, 100
Trd, 4319678.793, 108
Trd, 4319680.443, 103
Trd, 4319680.593, 102
Trd, 4319681.043, 103
Trd, 4319684.093, 102
Trd, 4319685.743, 104
Trd, 4319689.393, 103
Trd, 4319689.943, 102
Trd, 4319691.993, 102
Trd, 4319692.643, 102
Trd, 4319695.993, 102
Trd, 4319698.493, 101
Trd, 4319699.443, 100
Trd, 4319701.093, 101
Trd, 4319703.693, 101
Trd, 4319704.993, 102
Trd, 4319705.443, 103
Trd, 4319706.893, 102
Trd, 4319707.443, 115
Trd, 4319709.593, 113
Trd, 4319710.743, 102
Trd, 4319712.793, 107
Trd, 4319715.543, 107
Trd, 4319715.693, 105
Trd, 4319716.443, 106
Trd, 4319716.493, 103
Trd, 4319718.493, 103
Trd, 4319720.543, 94
Trd, 4319721.493, 101
Trd, 4319722.893, 101
Trd, 4319725.193, 99
Trd, 4319726.193, 98
Trd, 4319728.393, 99
Trd, 4319728.593, 99
Trd, 4319729.393, 99
Trd, 4319733.193, 99
Trd, 4319734.593, 99
Trd, 4319735.643, 99
Trd, 4319736.343, 98
Trd, 4319738.193, 98
Trd, 4319738.593, 98
Trd, 4319739.643, 97
Trd, 4319739.693, 98
Trd, 4319741.493, 95
Trd, 4319742.593, 95
Trd, 4319744.393, 108
Trd, 4319745.243, 95
Trd, 4319745.993, 100
Trd, 4319747.693, 98
Trd, 4319752.643, 98
Trd, 4319754.243, 98
Trd, 4319755.743, 97
Trd, 4319757.293, 95
Trd, 4319757.343, 94
Trd, 4319757.743, 95
Trd, 4319759.743, 95
Trd, 4319761.293, 97
Trd, 4319763.543, 95
Trd, 4319764.443, 96
Trd, 4319767.093, 95
Trd, 4319768.543, 95
Trd, 4319769.893, 96
Trd, 4319771.693, 108
Trd, 4319773.093, 100
Trd, 4319774.693, 101
Trd, 4319774.743, 102
Trd, 4319776.693, 102
Trd, 4319777.193, 99
Trd, 4319777.993, 101
Trd, 4319779.143, 98
Trd, 4319780.043, 98
Trd, 4319785.093, 98
Trd, 4319785.693, 98
Trd, 4319785.843, 102
Trd, 4319787.493, 101
Trd, 4319788.693, 99
Trd, 4319790.243, 98
Trd, 4319792.293, 97
Trd, 4319795.693, 96
Trd, 4319796.793, 97
Trd, 4319797.443, 97
Trd, 4319799.193, 97
Trd, 4319800.343, 95
Trd, 4319800.643, 96
Trd, 4319801.493, 94
Trd, 4319802.093, 96
Trd, 4319804.693, 94
Trd, 4319806.143, 94
Trd, 4319809.693, 94
Trd, 4319811.993, 95
Trd, 4319812.793, 95
Trd, 4319812.943, 94
Trd, 4319814.443, 95
Trd, 4319815.743, 95
Trd, 4319816.293, 114
Trd, 4319821.043, 99
Trd, 4319821.743, 100
Trd, 4319823.343, 99
Trd, 4319823.593, 98
Trd, 4319824.043, 97
Trd, 4319824.843, 95
Trd, 4319828.593, 97
Trd, 4319828.943, 97
Trd, 4319829.943, 95
Trd, 4319830.593, 96
Trd, 4319833.093, 94
Trd, 4319833.293, 97
Trd, 4319834.693, 97
Trd, 4319837.543, 91
Trd, 4319838.443, 85
Trd, 4319841.243, 98
Trd, 4319841.343, 91
Trd, 4319842.643, 93
Trd, 4319843.243, 106
Trd, 4319845.893, 93
Trd, 4319846.393, 96
Trd, 4319848.343, 96
Trd, 4319848.893, 104
Trd, 4319853.343, 97
Trd, 4319853.693, 98
Trd, 4319854.693, 106
Trd, 4319855.343, 103
Trd, 4319857.393, 93
Trd, 4319858.193, 100
Trd, 4319859.743, 95
Trd, 4319862.243, 98
Trd, 4319862.393, 105
Trd, 4319864.093, 94
Trd, 4319867.093, 99
Trd, 4319867.143, 98
Trd, 4319867.893, 98
Trd, 4319869.793, 98
Trd, 4319872.693, 98
Trd, 4319873.243, 99
Trd, 4319874.693, 98
Trd, 4319875.593, 98
Trd, 4319877.043, 98
Trd, 4319878.143, 98
Trd, 4319879.043, 99
Trd, 4319879.393, 97
Trd, 4319881.693, 98
Trd, 4319883.893, 98
Trd, 4319884.193, 97
Trd, 4319884.593, 95
Trd, 4319887.143, 96
Trd, 4319889.043, 97
Trd, 4319889.693, 97
Trd, 4319893.493, 97
Trd, 4319893.643, 98
Trd, 4319894.893, 98
Trd, 4319896.193, 97
Trd, 4319897.293, 96
Trd, 4319899.243, 96
Trd, 4319901.743, 95
Trd, 4319901.793, 94
Trd, 4319902.243, 95
Trd, 4319902.343, 95
Trd, 4319903.393, 119
Trd, 4319904.493, 100
Trd, 4319904.993, 105
Trd, 4319907.243, 96
Trd, 4319907.993, 116
Trd, 4319908.143, 97
Trd, 4319909.893, 103
Trd, 4319911.693, 102
Trd, 4319913.443, 102
Trd, 4319913.693, 101
Trd, 4319915.643, 102
Trd, 4319916.643, 103
Trd, 4319917.943, 100
Trd, 4319918.543, 102
Trd, 4319923.643, 100
Trd, 4319924.193, 101
Trd, 4319925.143, 101
Trd, 4319925.593, 101
Trd, 4319927.743, 102
Trd, 4319929.093, 102
Trd, 4319931.193, 101
Trd, 4319932.643, 100
Trd, 4319936.143, 100
Trd, 4319938.693, 97
Trd, 4319941.743, 96
Trd, 4319941.843, 96
Trd, 4319941.943, 96
Trd, 4319942.643, 96
Trd, 4319945.143, 101
Trd, 4319946.193, 107
Trd, 4319949.193, 102
Trd, 4319949.743, 101
Trd, 4319950.193, 100
Trd, 4319951.593, 99
Trd, 4319951.943, 100
Trd, 4319953.993, 97
Trd, 4319954.843, 101
Trd, 4319956.393, 99
Trd, 4319958.643, 98
Trd, 4319958.843, 98
Trd, 4319959.643, 99
Trd, 4319960.943, 99
Trd, 4319962.143, 98
Trd, 4319964.943, 98
Trd, 4319965.493, 99
Trd, 4319966.593, 99
Trd, 4319967.893, 107
Trd, 4319969.043, 103
Trd, 4319970.593, 100
Trd, 4319972.243, 101
Trd, 4319972.543, 103
Trd, 4319976.343, 102
Trd, 4319977.143, 100
Trd, 4319977.343, 100
Trd, 4319977.593, 99
Trd, 4319978.643, 103
Trd, 4319980.193, 116
Trd, 4319982.893, 101
Trd, 4319983.743, 100
Trd, 4319985.443, 99
Trd, 4319987.993, 99
Trd, 4319988.143, 100
Trd, 4319989.943, 98
Trd, 4319991.543, 98
Trd, 4319991.793, 97
Trd, 4319992.693, 98
Trd, 4319994.343, 102
Trd, 4319994.893, 106
Trd, 4319995.493, 102
Trd, 4319998.243, 103
Trd, 4319998.593, 104
