Trd, 4317893.943, 96
Trd, 4317894.493, 99
Trd, 4317895.343, 103
Trd, 4317896.793, 98
Trd, 4317898.893, 101
Trd, 4317899.143, 97
Trd, 4317899.493, 97
Trd, 4317900.693, 98
Trd, 4317904.443, 100
Trd, 4317904.543, 104
Trd, 4317907.093, 101
Trd, 4317908.693, 101
Trd, 4317909.843, 104
Trd, 4317910.043, 100
Trd, 4317910.343, 100
Trd, 4317910.993, 81
Trd, 4317911.543, 84
Trd, 4317914.193, 97
Trd, 4317916.843, 90
Trd, 4317918.443, 80
Trd, 4317920.393, 104
Trd, 4317921.693, 97
Trd, 4317923.143, 97
Trd, 4317923.793, 89
Trd, 4317926.093, 100
Trd, 4317926.193, 93
Trd, 4317927.593, 104
Trd, 4317928.443, 92
Trd, 4317929.293, 92
Trd, 4317930.793, 99
Trd, 4317931.743, 93
Trd, 4317932.943, 104
Trd, 4317933.743, 113
Trd, 4317934.693, 99
Trd, 4317935.343, 92
Trd, 4317938.293, 94
Trd, 4317939.143, 85
Trd, 4317940.343, 81
Trd, 4317940.493, 82
Trd, 4317940.543, 105
Trd, 4317943.043, 74
Trd, 4317944.293, 77
Trd, 4317945.343, 100
Trd, 4317946.993, 92
Trd, 4317947.943, 91
Trd, 4317948.393, 89
Trd, 4317949.743, 100
Trd, 4317950.793, 95
Trd, 4317951.993, 103
Trd, 4317953.193, 101
Trd, 4317953.593, 104
Trd, 4317954.093, 99
Trd, 4317956.443, 104
Trd, 4317957.793, 103
Trd, 4317958.193, 102
Trd, 4317960.193, 104
Trd, 4317961.193, 103
Trd, 4317962.393, 102
Trd, 4317963.393, 104
Trd, 4317963.743, 103
Trd, 4317965.593, 99
Trd, 4317966.643, 104
Trd, 4317969.143, 98
Trd, 4317970.293, 98
Trd, 4317970.693, 104
Trd, 4317974.393, 109
Trd, 4317975.243, 108
Trd, 4317975.543, 117
Trd, 4317976.843, 116
Trd, 4317978.343, 103
Trd, 4317978.593, 84
Trd, 4317979.993, 104
Trd, 4317980.093, 86
Trd, 4317981.043, 90
Trd, 4317982.793, 90
Trd, 4317984.343, 91
Trd, 4317985.993, 103
Trd, 4317987.343, 104
Trd, 4317989.943, 110
Trd, 4317990.293, 103
Trd, 4317990.593, 105
Trd, 4317993.093, 106
Trd, 4317993.143, 74
Trd, 4317995.743, 106
Trd, 4317998.093, 102
Trd, 4318000.543, 104
Trd, 4318001.043, 104
Trd, 4318003.093, 103
Trd, 4318003.493, 101
Trd, 4318003.743, 81
Trd, 4318006.943, 92
Trd, 4318008.043, 82
Trd, 4318008.493, 84
Trd, 4318011.243, 101
Trd, 4318012.143, 106
Trd, 4318013.243, 106
Trd, 4318013.593, 99
Trd, 4318014.793, 106
Trd, 4318016.643, 102
Trd, 4318016.793, 101
Trd, 4318018.843, 100
Trd, 4318019.143, 101
Trd, 4318021.293, 99
Trd, 4318023.493, 101
Trd, 4318024.993, 105
Trd, 4318025.493, 98
Trd, 4318026.793, 97
Trd, 4318027.643, 95
Trd, 4318028.243, 96
Trd, 4318031.743, 95
Trd, 4318031.943, 94
Trd, 4318032.543, 94
Trd, 4318033.443, 100
Trd, 4318033.643, 76
Trd, 4318033.993, 104
Trd, 4318036.743, 96
Trd, 4318039.293, 109
Trd, 4318039.543, 108
Trd, 4318040.493, 103
Trd, 4318040.843, 100
Trd, 4318042.693, 90
Trd, 4318044.693, 105
Trd, 4318044.893, 113
Trd, 4318045.643, 119
Trd, 4318045.993, 104
Trd, 4318050.893, 86
Trd, 4318051.143, 90
Trd, 4318051.793, 102
Trd, 4318052.493, 95
Trd, 4318053.043, 76
Trd, 4318055.693, 96
Trd, 4318057.043, 101
Trd, 4318058.293, 100
Trd, 4318060.443, 100
Trd, 4318060.743, 100
Trd, 4318061.793, 95
Trd, 4318063.243, 92
Trd, 4318063.893, 104
Trd, 4318065.193, 95
Trd, 4318066.443, 94
Trd, 4318066.993, 104
Trd, 4318067.193, 100
Trd, 4318067.543, 103
Trd, 4318068.543, 95
Trd, 4318071.193, 98
Trd, 4318073.043, 103
Trd, 4318073.393, 98
Trd, 4318075.193, 101
Trd, 4318076.643, 99
Trd, 4318079.093, 101
Trd, 4318080.743, 104
Trd, 4318081.343, 108
Trd, 4318082.043, 98
Trd, 4318083.593, 97
Trd, 4318085.043, 96
Trd, 4318087.043, 101
Trd, 4318088.043, 104
Trd, 4318088.793, 99
Trd, 4318089.443, 96
Trd, 4318091.493, 105
Trd, 4318092.893, 103
Trd, 4318093.543, 101
Trd, 4318095.643, 96
Trd, 4318096.693, 67
Trd, 4318096.993, 83
Trd, 4318097.143, 104
Trd, 4318100.193, 95
Trd, 4318100.343, 91
Trd, 4318102.143, 91
Trd, 4318103.893, 104
Trd, 4318105.643, 96
Trd, 4318106.093, 100
Trd, 4318107.143, 97
Trd, 4318107.693, 72
Trd, 4318108.043, 85
Trd, 4318111.093, 85
Trd, 4318112.443, 93
Trd, 4318113.593, 102
Trd, 4318114.543, 107
Trd, 4318114.993, 101
Trd, 4318116.393, 120
Trd, 4318117.443, 111
Trd, 4318117.893, 106
Trd, 4318118.543, 102
Trd, 4318119.043, 115
Trd, 4318121.093, 106
Trd, 4318121.593, 101
Trd, 4318122.193, 106
Trd, 4318124.343, 105
Trd, 4318127.243, 99
Trd, 4318130.293, 106
Trd, 4318131.143, 100
Trd, 4318132.093, 100
Trd, 4318132.593, 101
Trd, 4318139.343, 99
Trd, 4318139.793, 100
Trd, 4318141.693, 98
Trd, 4318141.943, 104
Trd, 4318142.043, 99
Trd, 4318142.143, 97
Trd, 4318144.093, 93
Trd, 4318144.693, 92
Trd, 4318145.343, 76
Trd, 4318148.343, 109
Trd, 4318148.793, 79
Trd, 4318148.893, 75
Trd, 4318149.443, 89
Trd, 4318150.493, 88
Trd, 4318151.543, 77
Trd, 4318151.643, 105
Trd, 4318152.843, 114
Trd, 4318155.243, 103
Trd, 4318155.643, 105
Trd, 4318155.843, 106
Trd, 4318156.643, 80
Trd, 4318157.093, 76
Trd, 4318158.493, 122
Trd, 4318159.393, 108
Trd, 4318161.243, 107
Trd, 4318163.243, 99
Trd, 4318163.843, 87
Trd, 4318164.293, 92
Trd, 4318165.943, 104
Trd, 4318167.743, 102
Trd, 4318167.993, 101
Trd, 4318169.643, 102
Trd, 4318170.743, 105
Trd, 4318171.843, 103
Trd, 4318173.543, 104
Trd, 4318173.793, 100
Trd, 4318174.343, 97
Trd, 4318176.243, 89
Trd, 4318177.293, 89
Trd, 4318181.343, 104
Trd, 4318181.593, 105
Trd, 4318182.243, 104
Trd, 4318184.593, 102
Trd, 4318186.243, 93
Trd, 4318186.393, 105
Trd, 4318187.843, 95
Trd, 4318188.443, 98
Trd, 4318188.893, 95
Trd, 4318190.293, 94
Trd, 4318190.743, 105
Trd, 4318192.243, 106
Trd, 4318192.993, 103
Trd, 4318193.593, 113
Trd, 4318194.343, 107
Trd, 4318195.943, 103
Trd, 4318196.393, 102
Trd, 4318199.143, 102
Trd, 4318200.943, 103
Trd, 4318201.893, 102
Trd, 4318202.993, 101
Trd, 4318203.193, 106
Trd, 4318204.093, 100
Trd, 4318206.343, 107
Trd, 4318206.643, 100
Trd, 4318209.843, 98
Trd, 4318210.443, 104
Trd, 4318212.593, 100
Trd, 4318213.693, 100
Trd, 4318213.943, 102
Trd, 4318214.093, 86
Trd, 4318214.393, 80
Trd, 4318214.593, 104
Trd, 4318217.493, 104
Trd, 4318217.893, 86
Trd, 4318219.093, 94
Trd, 4318220.143, 95
Trd, 4318220.393, 104
Trd, 4318221.493, 95
Trd, 4318224.993, 96
Trd, 4318225.393, 95
Trd, 4318226.793, 97
Trd, 4318227.693, 105
Trd, 4318228.593, 97
Trd, 4318228.693, 95
Trd, 4318228.893, 67
Trd, 4318231.593, 104
Trd, 4318233.093, 113
Trd, 4318233.243, 93
Trd, 4318234.093, 93
Trd, 4318235.243, 98
Trd, 4318239.843, 97
Trd, 4318239.993, 97
Trd, 4318241.543, 96
Trd, 4318242.343, 75
Trd, 4318243.143, 104
Trd, 4318244.143, 94
Trd, 4318248.893, 91
Trd, 4318250.593, 93
Trd, 4318252.693, 102
Trd, 4318253.693, 100
Trd, 4318254.943, 100
Trd, 4318255.143, 99
Trd, 4318256.043, 99
Trd, 4318257.143, 100
Trd, 4318257.243, 97
Trd, 4318257.443, 104
Trd, 4318258.243, 95
Trd, 4318261.143, 95
Trd, 4318264.043, 93
Trd, 4318264.293, 93
Trd, 4318268.243, 102
Trd, 4318268.493, 101
Trd, 4318272.693, 100
Trd, 4318274.343, 113
Trd, 4318274.393, 99
Trd, 4318275.693, 105
Trd, 4318275.893, 102
Trd, 4318276.293, 99
Trd, 4318278.493, 100
Trd, 4318279.143, 100
Trd, 4318279.343, 105
Trd, 4318280.693, 99
Trd, 4318283.593, 98
Trd, 4318285.093, 103
Trd, 4318287.693, 103
Trd, 4318288.943, 104
Trd, 4318289.293, 102
Trd, 4318291.593, 100
Trd, 4318291.843, 104
Trd, 4318292.993, 74
Trd, 4318295.293, 87
Trd, 4318297.543, 95
Trd, 4318298.643, 99
Trd, 4318299.043, 93
Trd, 4318299.243, 104
Trd, 4318299.943, 98
Trd, 4318299.993, 93
Trd, 4318302.893, 104
Trd, 4318303.843, 103
Trd, 4318304.293, 98
Trd, 4318304.493, 93
Trd, 4318305.843, 86
Trd, 4318310.293, 93
Trd, 4318311.193, 93
Trd, 4318311.743, 103
Trd, 4318314.393, 91
Trd, 4318316.893, 97
Trd, 4318317.093, 92
Trd, 4318317.493, 100
Trd, 4318318.993, 104
Trd, 4318321.643, 104
Trd, 4318321.893, 90
Trd, 4318323.293, 113
Trd, 4318324.143, 96
Trd, 4318324.243, 94
Trd, 4318325.643, 103
Trd, 4318327.843, 113
Trd, 4318329.943, 106
Trd, 4318330.043, 103
Trd, 4318331.843, 108
Trd, 4318332.193, 109
Trd, 4318332.393, 103
Trd, 4318333.493, 94
Trd, 4318334.593, 98
Trd, 4318336.493, 94
Trd, 4318338.243, 90
Trd, 4318338.993, 94
Trd, 4318339.143, 105
Trd, 4318340.843, 95
Trd, 4318342.193, 102
Trd, 4318343.443, 93
Trd, 4318344.093, 92
Trd, 4318346.693, 93
Trd, 4318347.393, 91
Trd, 4318347.943, 97
Trd, 4318348.393, 74
Trd, 4318348.593, 113
Trd, 4318349.043, 81
Trd, 4318350.793, 104
Trd, 4318352.193, 101
Trd, 4318353.143, 99
Trd, 4318355.993, 98
Trd, 4318357.993, 98
Trd, 4318358.543, 98
Trd, 4318360.293, 102
Trd, 4318360.643, 98
Trd, 4318363.493, 97
Trd, 4318363.543, 113
Trd, 4318363.793, 97
Trd, 4318365.143, 108
Trd, 4318366.343, 105
Trd, 4318367.393, 95
Trd, 4318368.143, 100
Trd, 4318370.893, 101
Trd, 4318371.143, 113
Trd, 4318372.093, 100
Trd, 4318373.193, 99
Trd, 4318374.493, 97
Trd, 4318375.943, 101
Trd, 4318376.993, 101
Trd, 4318379.093, 100
Trd, 4318380.143, 101
Trd, 4318380.193, 98
Trd, 4318385.393, 98
Trd, 4318385.693, 97
Trd, 4318386.843, 96
Trd, 4318387.043, 104
Trd, 4318388.793, 98
Trd, 4318392.193, 106
Trd, 4318392.993, 97
Trd, 4318393.543, 95
Trd, 4318393.993, 100
Trd, 4318396.093, 95
Trd, 4318397.943, 87
Trd, 4318398.743, 87
Trd, 4318400.643, 88
Trd, 4318401.543, 86
Trd, 4318402.693, 86
Trd, 4318403.993, 86
Trd, 4318404.993, 96
Trd, 4318405.693, 93
Trd, 4318406.243, 104
Trd, 4318407.743, 110
Trd, 4318409.693, 100
Trd, 4318410.193, 102
Trd, 4318412.293, 112
Trd, 4318413.143, 108
Trd, 4318413.493, 105
Trd, 4318415.243, 104
Trd, 4318415.443, 106
Trd, 4318415.793, 103
Trd, 4318419.493, 101
Trd, 4318419.593, 95
Trd, 4318420.443, 102
Trd, 4318421.943, 97
Trd, 4318422.143, 104
Trd, 4318423.793, 95
Trd, 4318424.793, 95
Trd, 4318425.243, 104
Trd, 4318426.243, 100
Trd, 4318426.993, 106
Trd, 4318427.943, 100
Trd, 4318427.993, 100
Trd, 4318429.293, 99
Trd, 4318430.793, 105
Trd, 4318431.943, 96
Trd, 4318433.093, 73
Trd, 4318434.793, 75
Trd, 4318435.443, 94
Trd, 4318437.243, 100
Trd, 4318437.593, 99
Trd, 4318437.993, 104
Trd, 4318439.193, 114
Trd, 4318439.443, 111
Trd, 4318441.243, 97
Trd, 4318442.043, 78
Trd, 4318442.393, 90
Trd, 4318443.793, 88
Trd, 4318444.693, 79
Trd, 4318446.393, 104
Trd, 4318446.543, 81
Trd, 4318449.093, 84
Trd, 4318450.793, 99
Trd, 4318450.943, 76
Trd, 4318455.393, 92
Trd, 4318456.343, 89
Trd, 4318458.343, 93
Trd, 4318459.043, 93
Trd, 4318461.293, 107
Trd, 4318462.393, 96
Trd, 4318462.593, 121
Trd, 4318463.893, 114
Trd, 4318467.493, 98
Trd, 4318468.493, 94
Trd, 4318469.043, 82
Trd, 4318471.393, 98
Trd, 4318471.643, 93
Trd, 4318473.043, 99
Trd, 4318476.193, 108
Trd, 4318476.343, 99
Trd, 4318476.693, 114
Trd, 4318480.293, 109
Trd, 4318480.743, 107
Trd, 4318480.793, 107
Trd, 4318481.943, 103
Trd, 4318482.093, 107
Trd, 4318483.043, 75
Trd, 4318484.643, 89
Trd, 4318485.743, 87
Trd, 4318487.393, 109
Trd, 4318488.843, 95
Trd, 4318491.293, 94
Trd, 4318493.143, 93
Trd, 4318493.843, 97
Trd, 4318496.693, 97
Trd, 4318496.793, 92
Trd, 4318498.043, 92
Trd, 4318500.443, 91
Trd, 4318502.443, 98
Trd, 4318503.743, 91
Trd, 4318504.543, 90
Trd, 4318505.693, 85
Trd, 4318508.993, 92
Trd, 4318510.493, 100
Trd, 4318512.193, 100
Trd, 4318512.393, 105
Trd, 4318512.443, 99
Trd, 4318514.243, 103
Trd, 4318514.493, 84
Trd, 4318514.793, 101
Trd, 4318515.743, 113
Trd, 4318517.043, 77
Trd, 4318518.793, 88
Trd, 4318519.793, 97
Trd, 4318522.043, 93
Trd, 4318522.693, 97
Trd, 4318523.193, 93
Trd, 4318523.593, 92
Trd, 4318525.993, 89
Trd, 4318527.643, 89
Trd, 4318529.743, 101
Trd, 4318531.493, 104
Trd, 4318531.743, 97
Trd, 4318532.093, 99
Trd, 4318532.593, 89
Trd, 4318532.843, 94
Trd, 4318536.493, 96
Trd, 4318537.343, 96
Trd, 4318538.343, 78
Trd, 4318539.543, 85
Trd, 4318541.493, 91
Trd, 4318542.293, 100
Trd, 4318542.543, 90
Trd, 4318544.243, 89
Trd, 4318544.943, 88
Trd, 4318546.393, 91
Trd, 4318546.543, 104
Trd, 4318547.743, 96
Trd, 4318551.193, 100
Trd, 4318551.443, 104
Trd, 4318551.943, 100
Trd, 4318552.043, 97
Trd, 4318552.343, 114
Trd, 4318553.093, 83
Trd, 4318557.393, 95
Trd, 4318558.593, 94
Trd, 4318561.843, 95
Trd, 4318562.443, 94
Trd, 4318562.643, 81
Trd, 4318563.493, 86
Trd, 4318565.643, 92
Trd, 4318567.393, 100
Trd, 4318567.593, 105
Trd, 4318568.043, 99
Trd, 4318568.793, 99
Trd, 4318570.093, 100
Trd, 4318570.343, 101
Trd, 4318572.243, 99
Trd, 4318574.043, 111
Trd, 4318574.293, 105
Trd, 4318575.093, 103
Trd, 4318575.743, 102
Trd, 4318577.893, 103
Trd, 4318578.993, 76
Trd, 4318579.993, 89
Trd, 4318580.443, 93
Trd, 4318583.593, 92
Trd, 4318584.493, 91
Trd, 4318586.193, 98
Trd, 4318588.243, 98
Trd, 4318588.793, 104
Trd, 4318589.343, 98
Trd, 4318590.493, 81
Trd, 4318591.243, 86
Trd, 4318591.893, 88
Trd, 4318591.943, 115
Trd, 4318592.693, 85
Trd, 4318594.843, 105
Trd, 4318595.493, 84
Trd, 4318596.893, 99
Trd, 4318599.793, 84
Trd, 4318599.843, 86
Trd, 4318600.893, 105
Trd, 4318604.993, 99
Trd, 4318605.143, 98
Trd, 4318606.193, 98
Trd, 4318607.493, 91
Trd, 4318608.693, 97
Trd, 4318608.743, 104
Trd, 4318608.793, 93
Trd, 4318612.543, 93
Trd, 4318613.593, 99
Trd, 4318613.943, 98
Trd, 4318615.043, 97
Trd, 4318618.643, 96
Trd, 4318619.443, 98
Trd, 4318619.493, 95
Trd, 4318621.593, 95
Trd, 4318622.543, 104
Trd, 4318623.543, 94
Trd, 4318626.643, 96
Trd, 4318626.793, 99
Trd, 4318627.343, 98
Trd, 4318629.693, 98
Trd, 4318631.893, 95
Trd, 4318632.593, 99
Trd, 4318633.593, 97
Trd, 4318634.193, 104
Trd, 4318635.393, 97
Trd, 4318636.743, 104
Trd, 4318637.143, 96
Trd, 4318637.943, 95
Trd, 4318640.243, 97
Trd, 4318640.493, 99
Trd, 4318641.043, 98
Trd, 4318642.243, 108
Trd, 4318643.693, 106
Trd, 4318643.843, 76
Trd, 4318644.793, 89
Trd, 4318646.943, 100
Trd, 4318647.793, 100
Trd, 4318648.793, 99
Trd, 4318651.343, 98
Trd, 4318651.793, 100
Trd, 4318655.093, 104
Trd, 4318655.243, 101
Trd, 4318656.843, 99
Trd, 4318657.643, 98
Trd, 4318658.243, 103
Trd, 4318658.893, 112
Trd, 4318659.093, 105
Trd, 4318659.643, 116
Trd, 4318661.043, 110
Trd, 4318661.543, 110
Trd, 4318663.193, 103
Trd, 4318663.543, 91
Trd, 4318667.343, 105
Trd, 4318669.293, 107
Trd, 4318669.543, 102
Trd, 4318670.043, 101
Trd, 4318672.543, 106
Trd, 4318673.593, 100
Trd, 4318674.893, 99
Trd, 4318675.893, 106
Trd, 4318676.043, 113
Trd, 4318676.743, 75
Trd, 4318677.293, 101
Trd, 4318680.843, 106
Trd, 4318681.043, 103
Trd, 4318682.493, 104
Trd, 4318684.593, 103
Trd, 4318686.693, 103
Trd, 4318687.443, 102
Trd, 4318688.643, 101
Trd, 4318690.143, 73
Trd, 4318690.643, 103
Trd, 4318692.193, 94
Trd, 4318692.593, 91
Trd, 4318692.993, 104
Trd, 4318693.043, 113
Trd, 4318695.293, 98
Trd, 4318698.493, 98
Trd, 4318699.743, 96
Trd, 4318700.293, 95
Trd, 4318701.393, 97
Trd, 4318701.743, 81
Trd, 4318702.243, 104
Trd, 4318706.293, 87
Trd, 4318707.643, 87
Trd, 4318709.043, 91
Trd, 4318710.343, 95
Trd, 4318712.193, 89
Trd, 4318713.643, 93
Trd, 4318713.793, 96
Trd, 4318714.943, 88
Trd, 4318716.443, 104
Trd, 4318717.393, 101
Trd, 4318718.093, 102
Trd, 4318718.493, 104
Trd, 4318720.693, 101
Trd, 4318721.243, 100
Trd, 4318722.793, 88
Trd, 4318723.343, 93
Trd, 4318723.993, 81
Trd, 4318724.693, 98
Trd, 4318726.993, 112
Trd, 4318727.893, 102
Trd, 4318729.793, 106
Trd, 4318730.543, 106
Trd, 4318731.293, 104
Trd, 4318734.243, 106
Trd, 4318734.443, 103
Trd, 4318735.793, 103
Trd, 4318736.193, 100
Trd, 4318737.193, 107
Trd, 4318738.643, 107
Trd, 4318740.243, 108
Trd, 4318740.743, 106
Trd, 4318741.343, 103
Trd, 4318742.393, 95
Trd, 4318743.693, 100
Trd, 4318744.243, 100
Trd, 4318746.543, 99
Trd, 4318748.493, 94
Trd, 4318748.943, 100
Trd, 4318752.743, 100
Trd, 4318752.793, 101
Trd, 4318752.843, 100
Trd, 4318755.293, 99
Trd, 4318756.243, 97
Trd, 4318757.543, 104
Trd, 4318757.793, 110
Trd, 4318758.743, 104
Trd, 4318759.643, 80
Trd, 4318761.093, 104
Trd, 4318761.593, 108
Trd, 4318763.643, 97
Trd, 4318765.143, 97
Trd, 4318765.493, 78
Trd, 4318766.393, 105
Trd, 4318768.043, 89
Trd, 4318768.543, 91
Trd, 4318768.993, 86
Trd, 4318770.393, 91
Trd, 4318772.843, 87
Trd, 4318773.543, 92
Trd, 4318775.743, 90
Trd, 4318776.193, 94
Trd, 4318777.843, 92
Trd, 4318779.393, 91
Trd, 4318779.643, 104
Trd, 4318782.343, 99
Trd, 4318783.643, 97
Trd, 4318784.293, 97
Trd, 4318785.643, 96
Trd, 4318786.393, 113
Trd, 4318787.143, 104
Trd, 4318787.943, 101
Trd, 4318787.993, 96
Trd, 4318790.393, 100
Trd, 4318791.893, 99
Trd, 4318791.943, 104
Trd, 4318794.293, 103
Trd, 4318794.693, 103
Trd, 4318795.293, 100
Trd, 4318797.843, 110
Trd, 4318797.893, 99
Trd, 4318798.593, 105
Trd, 4318800.293, 102
Trd, 4318802.643, 104
Trd, 4318802.893, 101
Trd, 4318806.193, 102
Trd, 4318806.593, 102
Trd, 4318806.843, 100
Trd, 4318807.343, 105
Trd, 4318810.893, 100
Trd, 4318811.143, 105
Trd, 4318811.893, 100
Trd, 4318813.443, 85
Trd, 4318814.043, 73
Trd, 4318814.893, 94
Trd, 4318816.193, 93
Trd, 4318817.243, 85
Trd, 4318819.943, 99
Trd, 4318820.093, 88
Trd, 4318820.793, 90
Trd, 4318822.243, 89
Trd, 4318825.343, 105
Trd, 4318826.143, 99
Trd, 4318826.243, 91
Trd, 4318826.493, 110
Trd, 4318829.243, 96
Trd, 4318834.243, 97
Trd, 4318834.343, 95
Trd, 4318836.443, 105
Trd, 4318837.643, 101
Trd, 4318837.893, 100
Trd, 4318838.843, 99
Trd, 4318840.293, 83
Trd, 4318841.243, 93
Trd, 4318841.643, 91
Trd, 4318842.743, 92
Trd, 4318843.643, 100
Trd, 4318844.143, 91
Trd, 4318846.943, 91
Trd, 4318848.443, 104
Trd, 4318849.643, 105
Trd, 4318850.493, 104
Trd, 4318851.093, 99
Trd, 4318851.543, 100
Trd, 4318852.193, 105
Trd, 4318854.093, 108
Trd, 4318854.943, 105
Trd, 4318855.093, 103
Trd, 4318855.143, 74
Trd, 4318857.343, 81
Trd, 4318858.493, 93
Trd, 4318862.493, 94
Trd, 4318862.693, 94
Trd, 4318863.693, 104
Trd, 4318864.243, 96
Trd, 4318865.493, 95
Trd, 4318865.693, 98
Trd, 4318867.193, 99
Trd, 4318869.643, 104
Trd, 4318870.693, 103
Trd, 4318871.893, 112
Trd, 4318872.443, 105
Trd, 4318873.443, 100
Trd, 4318874.343, 98
Trd, 4318874.993, 96
Trd, 4318875.593, 74
Trd, 4318877.543, 93
Trd, 4318878.793, 98
Trd, 4318879.393, 100
Trd, 4318880.443, 98
Trd, 4318882.393, 99
Trd, 4318882.543, 97
Trd, 4318884.093, 105
Trd, 4318886.043, 73
Trd, 4318887.943, 105
Trd, 4318888.643, 97
Trd, 4318889.643, 97
Trd, 4318891.843, 102
Trd, 4318892.593, 105
Trd, 4318892.993, 103
Trd, 4318893.543, 95
Trd, 4318893.743, 104
Trd, 4318896.143, 104
Trd, 4318896.243, 97
Trd, 4318897.093, 102
Trd, 4318899.043, 97
Trd, 4318899.343, 102
Trd, 4318904.243, 97
Trd, 4318904.743, 97
Trd, 4318905.143, 96
Trd, 4318905.943, 101
Trd, 4318908.393, 95
Trd, 4318908.643, 94
Trd, 4318908.693, 104
Trd, 4318913.193, 93
Trd, 4318914.193, 93
Trd, 4318914.543, 94
Trd, 4318918.543, 100
Trd, 4318918.643, 100
Trd, 4318919.043, 104
Trd, 4318921.793, 103
Trd, 4318922.893, 104
Trd, 4318922.943, 100
Trd, 4318923.993, 102
Trd, 4318924.993, 74
Trd, 4318925.493, 93
Trd, 4318928.593, 99
Trd, 4318928.793, 99
Trd, 4318929.893, 89
Trd, 4318930.143, 86
Trd, 4318932.843, 101
Trd, 4318933.693, 90
Trd, 4318936.343, 104
Trd, 4318937.543, 97
Trd, 4318938.043, 101
Trd, 4318938.993, 94
Trd, 4318939.843, 94
Trd, 4318940.593, 104
Trd, 4318943.543, 91
Trd, 4318943.593, 82
Trd, 4318944.693, 78
Trd, 4318946.693, 112
Trd, 4318946.893, 113
Trd, 4318947.893, 88
Trd, 4318952.593, 93
Trd, 4318952.893, 98
Trd, 4318953.393, 93
Trd, 4318954.943, 94
Trd, 4318955.793, 105
Trd, 4318955.843, 93
Trd, 4318956.943, 92
Trd, 4318958.093, 105
Trd, 4318958.693, 97
Trd, 4318960.543, 101
Trd, 4318961.293, 102
Trd, 4318962.043, 101
Trd, 4318963.843, 104
Trd, 4318964.843, 101
Trd, 4318965.443, 99
Trd, 4318967.443, 104
Trd, 4318969.493, 98
Trd, 4318969.693, 104
Trd, 4318971.393, 97
Trd, 4318971.693, 97
Trd, 4318972.293, 98
Trd, 4318973.493, 96
Trd, 4318974.043, 103
Trd, 4318978.793, 95
Trd, 4318979.693, 104
Trd, 4318980.493, 99
Trd, 4318980.793, 104
Trd, 4318982.193, 97
Trd, 4318982.943, 93
Trd, 4318984.393, 80
Trd, 4318986.993, 88
Trd, 4318988.693, 96
Trd, 4318989.343, 95
Trd, 4318989.443, 88
Trd, 4318990.293, 109
Trd, 4318992.093, 101
Trd, 4318992.243, 99
Trd, 4318994.143, 113
Trd, 4318995.343, 103
Trd, 4318997.693, 101
Trd, 4318999.443, 101
Trd, 4318999.543, 101
Trd, 4318999.843, 105
Trd, 4319001.293, 101
Trd, 4319002.843, 110
Trd, 4319005.443, 112
Trd, 4319005.593, 108
Trd, 4319007.293, 107
Trd, 4319008.143, 108
Trd, 4319008.693, 103
Trd, 4319008.943, 89
Trd, 4319009.043, 86
Trd, 4319011.543, 92
Trd, 4319013.643, 108
Trd, 4319014.743, 99
Trd, 4319015.093, 113
Trd, 4319015.443, 95
Trd, 4319017.593, 99
Trd, 4319018.543, 98
Trd, 4319019.893, 97
Trd, 4319020.343, 100
Trd, 4319023.443, 113
Trd, 4319025.193, 105
Trd, 4319025.293, 115
Trd, 4319025.643, 107
Trd, 4319026.193, 107
Trd, 4319026.993, 102
Trd, 4319027.993, 82
Trd, 4319028.043, 87
Trd, 4319031.043, 107
Trd, 4319032.393, 97
Trd, 4319032.893, 95
Trd, 4319033.993, 98
Trd, 4319036.693, 104
Trd, 4319036.893, 95
Trd, 4319037.143, 94
Trd, 4319038.893, 93
Trd, 4319039.693, 102
Trd, 4319043.393, 96
Trd, 4319045.393, 102
Trd, 4319045.843, 97
Trd, 4319048.043, 104
Trd, 4319048.493, 104
Trd, 4319049.143, 105
Trd, 4319050.693, 103
Trd, 4319052.593, 105
Trd, 4319053.443, 111
Trd, 4319053.843, 104
Trd, 4319054.693, 106
Trd, 4319056.393, 103
Trd, 4319058.693, 114
Trd, 4319059.293, 103
Trd, 4319059.993, 102
Trd, 4319060.493, 101
Trd, 4319063.143, 88
Trd, 4319065.493, 93
Trd, 4319065.893, 91
Trd, 4319068.093, 103
Trd, 4319070.093, 105
Trd, 4319070.243, 101
Trd, 4319071.343, 106
Trd, 4319072.643, 105
Trd, 4319073.243, 102
Trd, 4319073.693, 103
Trd, 4319077.193, 103
Trd, 4319081.093, 103
Trd, 4319081.143, 105
Trd, 4319081.293, 101
Trd, 4319082.743, 100
Trd, 4319084.043, 76
Trd, 4319084.143, 94
Trd, 4319085.443, 89
Trd, 4319086.793, 91
Trd, 4319087.743, 91
Trd, 4319087.843, 102
Trd, 4319088.993, 89
Trd, 4319089.693, 88
Trd, 4319091.743, 94
Trd, 4319092.593, 93
Trd, 4319093.843, 105
Trd, 4319096.843, 110
Trd, 4319097.193, 108
Trd, 4319097.793, 100
Trd, 4319099.743, 103
Trd, 4319101.093, 108
Trd, 4319101.543, 107
Trd, 4319102.893, 108
Trd, 4319104.943, 107
Trd, 4319106.093, 103
Trd, 4319107.193, 109
Trd, 4319107.993, 103
Trd, 4319109.993, 108
Trd, 4319111.193, 107
Trd, 4319112.743, 108
Trd, 4319113.193, 107
Trd, 4319113.893, 108
Trd, 4319114.293, 102
Trd, 4319114.643, 113
Trd, 4319115.643, 108
Trd, 4319118.643, 105
Trd, 4319118.893, 98
Trd, 4319118.943, 107
Trd, 4319120.243, 90
Trd, 4319121.693, 104
Trd, 4319122.593, 96
Trd, 4319123.743, 99
Trd, 4319125.693, 99
Trd, 4319126.243, 96
Trd, 4319126.643, 104
Trd, 4319129.343, 102
Trd, 4319129.643, 95
Trd, 4319129.743, 101
Trd, 4319132.893, 96
Trd, 4319133.893, 118
Trd, 4319134.193, 103
Trd, 4319134.793, 108
Trd, 4319135.993, 97
Trd, 4319137.593, 104
Trd, 4319138.643, 106
Trd, 4319141.243, 106
Trd, 4319144.093, 102
Trd, 4319144.143, 77
Trd, 4319145.343, 110
Trd, 4319146.643, 108
Trd, 4319146.693, 103
Trd, 4319147.693, 103
Trd, 4319149.193, 106
Trd, 4319149.793, 101
Trd, 4319152.843, 106
Trd, 4319155.743, 101
Trd, 4319155.993, 102
Trd, 4319156.643, 93
Trd, 4319156.943, 96
Trd, 4319157.893, 94
Trd, 4319158.643, 93
Trd, 4319159.493, 104
Trd, 4319159.893, 112
Trd, 4319160.693, 77
Trd, 4319160.743, 115
Trd, 4319162.693, 107
Trd, 4319163.193, 84
Trd, 4319165.893, 95
Trd, 4319167.893, 94
Trd, 4319169.143, 93
Trd, 4319171.843, 92
Trd, 4319172.843, 92
Trd, 4319173.093, 94
Trd, 4319174.793, 105
Trd, 4319175.293, 90
Trd, 4319176.393, 99
Trd, 4319177.293, 84
Trd, 4319179.143, 111
Trd, 4319179.593, 109
Trd, 4319181.693, 108
Trd, 4319182.743, 99
Trd, 4319182.843, 115
Trd, 4319184.843, 102
Trd, 4319185.943, 94
Trd, 4319186.493, 108
Trd, 4319188.693, 106
Trd, 4319189.793, 102
Trd, 4319190.243, 87
Trd, 4319190.443, 91
Trd, 4319192.843, 104
Trd, 4319194.393, 91
Trd, 4319194.843, 96
Trd, 4319196.793, 101
Trd, 4319197.743, 99
Trd, 4319197.993, 99
Trd, 4319198.743, 96
Trd, 4319202.843, 107
Trd, 4319203.543, 108
Trd, 4319203.943, 106
Trd, 4319204.843, 102
Trd, 4319205.393, 88
Trd, 4319206.343, 105
Trd, 4319207.793, 93
Trd, 4319210.943, 93
Trd, 4319212.143, 97
Trd, 4319213.493, 92
Trd, 4319215.393, 105
Trd, 4319216.593, 114
Trd, 4319217.393, 113
Trd, 4319217.443, 112
Trd, 4319219.693, 109
Trd, 4319220.693, 102
Trd, 4319220.843, 109
Trd, 4319221.993, 109
Trd, 4319222.143, 109
Trd, 4319224.043, 108
Trd, 4319224.693, 103
Trd, 4319226.443, 67
Trd, 4319227.443, 95
Trd, 4319227.743, 96
Trd, 4319229.343, 105
Trd, 4319229.793, 93
Trd, 4319231.143, 94
Trd, 4319233.243, 104
Trd, 4319236.193, 95
Trd, 4319240.243, 99
Trd, 4319240.643, 101
Trd, 4319240.843, 97
Trd, 4319241.343, 104
Trd, 4319241.993, 97
Trd, 4319245.143, 95
Trd, 4319245.993, 93
Trd, 4319246.393, 101
Trd, 4319246.743, 109
Trd, 4319247.543, 91
Trd, 4319248.193, 90
Trd, 4319251.943, 97
Trd, 4319252.493, 72
Trd, 4319252.593, 104
Trd, 4319254.643, 85
Trd, 4319254.793, 101
Trd, 4319255.893, 90
Trd, 4319256.043, 97
Trd, 4319256.793, 104
Trd, 4319258.293, 91
Trd, 4319261.943, 100
Trd, 4319261.993, 96
Trd, 4319262.943, 98
Trd, 4319265.043, 97
Trd, 4319265.293, 102
Trd, 4319266.743, 97
Trd, 4319270.693, 99
Trd, 4319270.993, 98
Trd, 4319271.843, 101
Trd, 4319273.343, 99
Trd, 4319274.743, 97
Trd, 4319277.093, 95
Trd, 4319277.693, 103
Trd, 4319278.993, 104
Trd, 4319279.543, 101
Trd, 4319280.943, 94
Trd, 4319282.493, 94
Trd, 4319283.043, 93
Trd, 4319284.093, 92
Trd, 4319284.543, 104
Trd, 4319285.593, 112
Trd, 4319286.543, 107
Trd, 4319286.693, 106
Trd, 4319286.793, 82
Trd, 4319290.593, 104
Trd, 4319291.743, 99
Trd, 4319291.893, 104
Trd, 4319294.193, 98
Trd, 4319296.393, 97
Trd, 4319296.643, 104
Trd, 4319296.893, 104
Trd, 4319297.293, 96
Trd, 4319300.243, 103
Trd, 4319302.143, 104
Trd, 4319302.943, 103
Trd, 4319305.593, 112
Trd, 4319305.693, 110
Trd, 4319307.143, 102
Trd, 4319307.643, 87
Trd, 4319308.543, 96
Trd, 4319308.843, 96
Trd, 4319311.493, 105
Trd, 4319314.043, 96
Trd, 4319317.143, 94
Trd, 4319317.843, 94
Trd, 4319318.243, 96
Trd, 4319320.643, 99
Trd, 4319321.243, 99
Trd, 4319321.893, 98
Trd, 4319322.193, 104
Trd, 4319323.393, 97
Trd, 4319324.293, 104
Trd, 4319325.943, 108
Trd, 4319327.343, 103
Trd, 4319329.043, 103
Trd, 4319330.143, 99
Trd, 4319330.593, 112
Trd, 4319332.593, 101
Trd, 4319338.243, 100
Trd, 4319338.943, 99
Trd, 4319340.893, 99
Trd, 4319340.993, 98
Trd, 4319341.093, 101
Trd, 4319341.243, 98
Trd, 4319343.093, 99
Trd, 4319343.443, 98
Trd, 4319345.793, 103
Trd, 4319347.443, 102
Trd, 4319347.693, 101
Trd, 4319348.043, 104
Trd, 4319348.593, 101
Trd, 4319349.393, 79
Trd, 4319350.743, 108
Trd, 4319352.193, 105
Trd, 4319352.843, 103
Trd, 4319354.993, 103
Trd, 4319355.693, 105
Trd, 4319356.893, 104
Trd, 4319358.643, 105
Trd, 4319358.793, 115
Trd, 4319359.193, 102
Trd, 4319360.743, 101
Trd, 4319361.243, 101
Trd, 4319361.793, 100
Trd, 4319363.393, 98
Trd, 4319368.293, 106
Trd, 4319368.543, 103
Trd, 4319369.043, 103
Trd, 4319371.593, 103
Trd, 4319374.093, 104
Trd, 4319374.343, 105
Trd, 4319374.393, 102
Trd, 4319375.243, 102
Trd, 4319377.193, 100
Trd, 4319378.643, 100
Trd, 4319380.093, 99
Trd, 4319380.743, 97
Trd, 4319381.543, 95
Trd, 4319381.893, 95
Trd, 4319382.043, 92
Trd, 4319384.043, 104
Trd, 4319386.993, 96
Trd, 4319387.993, 96
Trd, 4319389.193, 104
Trd, 4319389.593, 101
Trd, 4319389.793, 96
Trd, 4319390.993, 96
Trd, 4319393.843, 102
Trd, 4319395.593, 96
Trd, 4319396.993, 104
Trd, 4319397.543, 106
Trd, 4319397.893, 102
Trd, 4319398.343, 101
Trd, 4319398.893, 104
Trd, 4319401.593, 101
Trd, 4319402.093, 89
Trd, 4319403.143, 94
Trd, 4319404.943, 96
Trd, 4319407.143, 106
Trd, 4319407.443, 104
Trd, 4319409.793, 103
Trd, 4319412.593, 103
Trd, 4319413.093, 104
Trd, 4319414.843, 103
Trd, 4319415.443, 104
Trd, 4319415.843, 102
Trd, 4319416.943, 103
Trd, 4319418.543, 100
Trd, 4319418.643, 104
Trd, 4319419.893, 76
Trd, 4319422.243, 93
Trd, 4319422.743, 111
Trd, 4319423.243, 101
Trd, 4319423.943, 97
Trd, 4319424.393, 89
Trd, 4319425.343, 79
Trd, 4319426.343, 85
Trd, 4319426.793, 104
Trd, 4319429.393, 95
Trd, 4319430.793, 101
Trd, 4319432.493, 104
Trd, 4319432.693, 101
Trd, 4319434.093, 104
Trd, 4319434.593, 100
Trd, 4319437.043, 99
Trd, 4319440.343, 103
Trd, 4319440.443, 98
Trd, 4319441.493, 97
Trd, 4319442.043, 104
Trd, 4319443.443, 95
Trd, 4319443.843, 109
Trd, 4319444.243, 75
Trd, 4319445.593, 89
Trd, 4319446.493, 75
Trd, 4319447.293, 83
Trd, 4319449.843, 111
Trd, 4319450.243, 105
Trd, 4319452.143, 103
Trd, 4319454.243, 103
Trd, 4319454.393, 93
Trd, 4319454.793, 105
Trd, 4319456.843, 102
Trd, 4319458.843, 104
Trd, 4319458.943, 97
Trd, 4319460.443, 97
Trd, 4319461.643, 105
Trd, 4319461.693, 96
Trd, 4319463.743, 109
Trd, 4319463.943, 103
Trd, 4319466.943, 105
Trd, 4319467.343, 106
Trd, 4319467.393, 103
Trd, 4319469.143, 103
Trd, 4319470.493, 94
Trd, 4319470.543, 106
Trd, 4319472.743, 98
Trd, 4319473.443, 94
Trd, 4319473.993, 104
Trd, 4319475.793, 100
Trd, 4319476.443, 101
Trd, 4319478.543, 94
Trd, 4319480.393, 96
Trd, 4319481.693, 104
Trd, 4319482.143, 95
Trd, 4319483.143, 94
Trd, 4319483.643, 97
Trd, 4319486.743, 77
Trd, 4319488.943, 92
Trd, 4319490.293, 101
Trd, 4319490.643, 100
Trd, 4319492.393, 96
Trd, 4319495.543, 103
Trd, 4319496.993, 103
Trd, 4319498.643, 74
Trd, 4319500.043, 104
Trd, 4319500.243, 98
Trd, 4319502.143, 99
Trd, 4319504.043, 103
Trd, 4319504.993, 104
Trd, 4319505.143, 98
Trd, 4319505.293, 95
Trd, 4319508.593, 95
Trd, 4319509.093, 88
Trd, 4319509.893, 100
Trd, 4319514.843, 94
Trd, 4319514.993, 104
Trd, 4319515.793, 101
Trd, 4319516.243, 100
Trd, 4319517.943, 110
Trd, 4319519.693, 109
Trd, 4319519.893, 109
Trd, 4319520.093, 99
Trd, 4319521.843, 94
Trd, 4319522.143, 94
Trd, 4319522.643, 107
Trd, 4319524.393, 94
Trd, 4319527.493, 105
Trd, 4319530.443, 100
Trd, 4319530.543, 105
Trd, 4319531.693, 100
Trd, 4319535.143, 104
Trd, 4319535.543, 101
Trd, 4319537.843, 105
Trd, 4319541.143, 100
Trd, 4319541.443, 100
Trd, 4319541.793, 99
Trd, 4319542.143, 82
Trd, 4319543.843, 91
Trd, 4319545.843, 99
Trd, 4319548.843, 96
Trd, 4319549.893, 95
Trd, 4319551.143, 99
Trd, 4319552.193, 101
Trd, 4319555.693, 101
Trd, 4319555.743, 105
Trd, 4319556.493, 101
Trd, 4319556.643, 100
Trd, 4319560.643, 108
Trd, 4319560.993, 107
Trd, 4319561.893, 102
Trd, 4319563.843, 102
Trd, 4319564.693, 101
Trd, 4319566.393, 105
Trd, 4319566.443, 100
Trd, 4319569.843, 104
Trd, 4319570.443, 98
Trd, 4319571.843, 105
Trd, 4319571.943, 99
Trd, 4319573.293, 103
Trd, 4319574.443, 106
Trd, 4319574.693, 101
Trd, 4319575.693, 106
Trd, 4319576.493, 106
Trd, 4319577.043, 104
Trd, 4319578.243, 102
Trd, 4319578.943, 105
Trd, 4319581.993, 110
Trd, 4319582.743, 101
Trd, 4319583.893, 102
Trd, 4319585.093, 108
Trd, 4319585.493, 107
Trd, 4319588.143, 107
Trd, 4319589.143, 113
Trd, 4319589.343, 100
Trd, 4319590.993, 102
Trd, 4319592.193, 100
Trd, 4319593.643, 101
Trd, 4319597.393, 108
Trd, 4319597.893, 102
Trd, 4319599.093, 101
Trd, 4319600.843, 99
Trd, 4319600.993, 100
Trd, 4319601.793, 75
Trd, 4319603.243, 105
Trd, 4319603.743, 88
Trd, 4319604.243, 92
Trd, 4319605.543, 108
Trd, 4319605.993, 105
Trd, 4319606.393, 112
Trd, 4319607.893, 98
Trd, 4319610.693, 106
Trd, 4319611.093, 97
Trd, 4319611.343, 76
Trd, 4319615.043, 98
Trd, 4319615.593, 98
Trd, 4319616.743, 89
Trd, 4319618.343, 106
Trd, 4319618.743, 101
Trd, 4319618.793, 113
Trd, 4319619.043, 97
Trd, 4319621.093, 98
Trd, 4319624.043, 106
Trd, 4319624.943, 99
Trd, 4319625.343, 101
Trd, 4319628.243, 83
Trd, 4319628.493, 88
Trd, 4319628.943, 89
Trd, 4319629.843, 104
Trd, 4319629.943, 91
Trd, 4319631.393, 92
Trd, 4319635.743, 99
Trd, 4319635.943, 98
Trd, 4319637.693, 97
Trd, 4319638.093, 104
Trd, 4319638.793, 97
Trd, 4319639.143, 113
Trd, 4319639.943, 96
Trd, 4319642.243, 107
Trd, 4319643.943, 107
Trd, 4319644.043, 108
Trd, 4319645.543, 105
Trd, 4319647.993, 104
Trd, 4319648.543, 107
Trd, 4319649.243, 102
Trd, 4319649.993, 102
Trd, 4319650.543, 92
Trd, 4319652.693, 102
Trd, 4319654.343, 102
Trd, 4319654.393, 104
Trd, 4319656.543, 105
Trd, 4319656.593, 101
Trd, 4319657.793, 96
Trd, 4319659.243, 100
Trd, 4319661.093, 97
Trd, 4319661.643, 104
Trd, 4319663.093, 97
Trd, 4319663.643, 95
Trd, 4319664.993, 76
Trd, 4319665.143, 78
Trd, 4319665.593, 77
Trd, 4319666.743, 87
Trd, 4319667.693, 89
Trd, 4319668.493, 104
Trd, 4319669.993, 89
Trd, 4319671.743, 95
Trd, 4319672.293, 104
Trd, 4319674.693, 92
Trd, 4319676.393, 98
Trd, 4319677.093, 90
Trd, 4319678.443, 93
Trd, 4319678.793, 91
Trd, 4319680.443, 96
Trd, 4319680.793, 107
Trd, 4319682.093, 104
Trd, 4319683.443, 83
Trd, 4319683.843, 113
Trd, 4319684.393, 92
Trd, 4319685.443, 101
Trd, 4319685.593, 98
Trd, 4319687.943, 100
Trd, 4319689.743, 105
Trd, 4319689.843, 99
Trd, 4319690.793, 103
Trd, 4319691.793, 105
Trd, 4319693.793, 105
Trd, 4319693.943, 108
Trd, 4319694.693, 104
Trd, 4319695.993, 103
Trd, 4319697.043, 113
Trd, 4319697.193, 105
Trd, 4319698.543, 106
Trd, 4319699.743, 103
Trd, 4319700.243, 102
Trd, 4319700.293, 74
Trd, 4319701.643, 102
Trd, 4319704.943, 86
Trd, 4319705.593, 88
Trd, 4319705.693, 104
Trd, 4319706.593, 95
Trd, 4319707.943, 99
Trd, 4319710.193, 98
Trd, 4319710.293, 104
Trd, 4319711.193, 96
Trd, 4319712.943, 102
Trd, 4319714.093, 102
Trd, 4319716.693, 102
Trd, 4319716.743, 100
Trd, 4319718.043, 92
Trd, 4319719.243, 92
Trd, 4319719.643, 94
Trd, 4319722.893, 94
Trd, 4319723.193, 95
Trd, 4319725.643, 94
Trd, 4319726.393, 86
Trd, 4319726.943, 89
Trd, 4319727.393, 98
Trd, 4319729.493, 87
Trd, 4319730.293, 104
Trd, 4319730.393, 73
Trd, 4319732.143, 101
Trd, 4319732.793, 101
Trd, 4319736.493, 102
Trd, 4319737.243, 102
Trd, 4319737.543, 101
Trd, 4319738.943, 100
Trd, 4319740.243, 99
Trd, 4319741.093, 104
Trd, 4319742.143, 97
Trd, 4319742.443, 73
Trd, 4319743.343, 101
Trd, 4319743.543, 102
Trd, 4319746.193, 81
Trd, 4319747.443, 89
Trd, 4319747.643, 74
Trd, 4319748.143, 104
Trd, 4319749.093, 98
Trd, 4319749.943, 94
Trd, 4319751.543, 104
Trd, 4319752.893, 104
Trd, 4319753.443, 102
Trd, 4319754.943, 100
Trd, 4319755.293, 114
Trd, 4319755.993, 105
Trd, 4319757.093, 64
Trd, 4319757.493, 94
Trd, 4319758.293, 100
Trd, 4319759.543, 103
Trd, 4319761.393, 101
Trd, 4319763.443, 112
Trd, 4319763.993, 105
Trd, 4319765.393, 103
Trd, 4319765.493, 103
Trd, 4319766.543, 87
Trd, 4319767.193, 82
Trd, 4319768.343, 87
Trd, 4319774.093, 104
Trd, 4319776.293, 109
Trd, 4319776.493, 106
Trd, 4319777.143, 103
Trd, 4319778.243, 101
Trd, 4319778.743, 70
Trd, 4319778.943, 105
Trd, 4319779.743, 106
Trd, 4319782.643, 92
Trd, 4319783.743, 112
Trd, 4319784.243, 96
Trd, 4319784.843, 113
Trd, 4319786.343, 96
Trd, 4319787.343, 96
Trd, 4319791.143, 103
Trd, 4319791.543, 102
Trd, 4319792.393, 104
Trd, 4319792.643, 101
Trd, 4319793.193, 98
Trd, 4319793.293, 83
Trd, 4319794.443, 101
Trd, 4319796.643, 107
Trd, 4319797.493, 105
Trd, 4319797.593, 103
Trd, 4319801.443, 102
Trd, 4319801.943, 104
Trd, 4319801.993, 102
Trd, 4319803.143, 104
Trd, 4319806.843, 104
Trd, 4319806.993, 102
Trd, 4319808.893, 101
Trd, 4319810.443, 99
Trd, 4319810.993, 104
Trd, 4319811.743, 97
Trd, 4319811.993, 101
Trd, 4319812.343, 74
Trd, 4319813.543, 90
Trd, 4319814.493, 97
Trd, 4319816.193, 95
Trd, 4319817.543, 94
Trd, 4319818.643, 97
Trd, 4319819.343, 96
Trd, 4319821.393, 98
Trd, 4319821.493, 104
Trd, 4319823.693, 111
Trd, 4319824.343, 106
Trd, 4319824.543, 106
Trd, 4319825.943, 98
Trd, 4319826.243, 98
Trd, 4319826.693, 66
Trd, 4319828.993, 86
Trd, 4319829.393, 85
Trd, 4319829.443, 113
Trd, 4319833.343, 101
Trd, 4319833.493, 99
Trd, 4319833.593, 105
Trd, 4319835.693, 102
Trd, 4319837.143, 101
Trd, 4319838.593, 99
Trd, 4319838.743, 97
Trd, 4319840.643, 102
Trd, 4319842.043, 97
Trd, 4319844.193, 107
Trd, 4319845.243, 76
Trd, 4319846.043, 105
Trd, 4319847.243, 96
Trd, 4319849.293, 104
Trd, 4319849.843, 95
Trd, 4319850.143, 93
Trd, 4319850.943, 94
Trd, 4319851.543, 113
Trd, 4319852.693, 92
Trd, 4319853.343, 94
Trd, 4319853.893, 93
Trd, 4319854.193, 89
Trd, 4319856.043, 101
Trd, 4319858.693, 100
Trd, 4319859.193, 104
Trd, 4319860.843, 99
Trd, 4319862.993, 101
Trd, 4319863.643, 99
Trd, 4319865.093, 100
Trd, 4319865.993, 104
Trd, 4319868.443, 100
Trd, 4319868.943, 104
Trd, 4319869.193, 99
Trd, 4319869.943, 100
Trd, 4319871.293, 103
Trd, 4319875.143, 108
Trd, 4319876.393, 107
Trd, 4319877.643, 106
Trd, 4319878.093, 109
Trd, 4319879.093, 101
Trd, 4319880.043, 106
Trd, 4319881.843, 106
Trd, 4319882.643, 107
Trd, 4319882.693, 104
Trd, 4319883.193, 102
Trd, 4319884.393, 100
Trd, 4319886.243, 93
Trd, 4319886.643, 83
Trd, 4319888.093, 98
Trd, 4319889.693, 99
Trd, 4319892.743, 96
Trd, 4319895.143, 96
Trd, 4319896.793, 96
Trd, 4319897.293, 83
Trd, 4319897.693, 87
Trd, 4319899.993, 89
Trd, 4319900.193, 104
Trd, 4319900.393, 113
Trd, 4319900.793, 79
Trd, 4319902.343, 92
Trd, 4319904.643, 91
Trd, 4319906.793, 109
Trd, 4319907.393, 105
Trd, 4319908.093, 103
Trd, 4319908.593, 110
Trd, 4319912.843, 78
Trd, 4319913.793, 106
Trd, 4319914.293, 101
Trd, 4319914.893, 102
Trd, 4319915.693, 99
Trd, 4319918.593, 104
Trd, 4319919.593, 109
Trd, 4319920.093, 113
Trd, 4319920.793, 109
Trd, 4319921.443, 99
Trd, 4319923.043, 93
Trd, 4319924.943, 103
Trd, 4319927.093, 99
Trd, 4319927.343, 99
Trd, 4319927.793, 100
Trd, 4319928.593, 97
Trd, 4319929.993, 97
Trd, 4319930.793, 94
Trd, 4319933.293, 87
Trd, 4319934.343, 88
Trd, 4319935.443, 104
Trd, 4319938.093, 98
Trd, 4319938.293, 76
Trd, 4319939.443, 88
Trd, 4319941.243, 98
Trd, 4319941.793, 93
Trd, 4319943.243, 93
Trd, 4319943.793, 98
Trd, 4319948.193, 98
Trd, 4319948.643, 96
Trd, 4319948.893, 104
Trd, 4319949.493, 100
Trd, 4319950.793, 106
Trd, 4319951.093, 105
Trd, 4319952.393, 105
Trd, 4319953.743, 103
Trd, 4319954.393, 103
Trd, 4319957.393, 84
Trd, 4319959.093, 88
Trd, 4319959.543, 103
Trd, 4319961.193, 94
Trd, 4319962.493, 86
Trd, 4319964.593, 93
Trd, 4319964.743, 89
Trd, 4319966.893, 95
Trd, 4319967.193, 104
Trd, 4319968.643, 102
Trd, 4319969.993, 105
Trd, 4319970.793, 103
Trd, 4319971.243, 103
Trd, 4319972.443, 113
Trd, 4319972.843, 111
Trd, 4319973.043, 101
Trd, 4319976.143, 93
Trd, 4319976.443, 87
Trd, 4319977.193, 96
Trd, 4319979.643, 104
Trd, 4319981.243, 93
Trd, 4319981.293, 91
Trd, 4319983.343, 93
Trd, 4319983.443, 92
Trd, 4319983.593, 95
Trd, 4319984.443, 93
Trd, 4319985.493, 104
Trd, 4319986.943, 106
Trd, 4319988.293, 108
Trd, 4319989.643, 100
Trd, 4319990.293, 82
Trd, 4319991.393, 91
Trd, 4319993.243, 91
Trd, 4319994.193, 89
Trd, 4319996.143, 105
Trd, 4319997.993, 89
Trd, 4319998.293, 97
