Trd, 4317828.643, 101
Trd, 4317830.343, 98
Trd, 4317831.193, 98
Trd, 4317831.743, 97
Trd, 4317832.693, 102
Trd, 4317834.543, 96
Trd, 4317834.843, 103
Trd, 4317838.443, 101
Trd, 4317839.593, 98
Trd, 4317839.843, 104
Trd, 4317843.293, 97
Trd, 4317845.893, 96
Trd, 4317848.943, 98
Trd, 4317850.193, 97
Trd, 4317851.043, 104
Trd, 4317851.393, 98
Trd, 4317851.893, 86
Trd, 4317854.793, 100
Trd, 4317854.993, 104
Trd, 4317856.143, 93
Trd, 4317858.143, 93
Trd, 4317859.443, 92
Trd, 4317859.893, 68
Trd, 4317861.793, 86
Trd, 4317862.193, 95
Trd, 4317864.593, 101
Trd, 4317864.693, 104
Trd, 4317866.143, 98
Trd, 4317867.093, 97
Trd, 4317868.593, 96
Trd, 4317870.643, 101
Trd, 4317870.793, 95
Trd, 4317872.393, 96
Trd, 4317875.943, 102
Trd, 4317876.343, 96
Trd, 4317877.293, 95
Trd, 4317877.643, 104
Trd, 4317879.793, 98
Trd, 4317880.493, 104
Trd, 4317882.793, 92
Trd, 4317883.443, 75
Trd, 4317886.493, 93
Trd, 4317887.793, 95
Trd, 4317888.093, 95
Trd, 4317890.093, 94
Trd, 4317892.843, 97
Trd, 4317894.993, 95
Trd, 4317895.743, 104
Trd, 4317897.743, 105
Trd, 4317898.893, 97
Trd, 4317899.293, 97
Trd, 4317900.693, 96
Trd, 4317900.743, 95
Trd, 4317900.893, 80
Trd, 4317902.543, 96
Trd, 4317905.693, 101
Trd, 4317906.293, 99
Trd, 4317906.443, 97
Trd, 4317907.493, 94
Trd, 4317910.593, 94
Trd, 4317911.343, 93
Trd, 4317911.943, 98
Trd, 4317914.143, 102
Trd, 4317914.493, 96
Trd, 4317916.243, 104
Trd, 4317918.743, 100
Trd, 4317919.943, 104
Trd, 4317920.193, 98
Trd, 4317921.593, 97
Trd, 4317924.143, 98
Trd, 4317924.593, 97
Trd, 4317926.793, 104
Trd, 4317930.043, 100
Trd, 4317930.943, 100
Trd, 4317931.093, 101
Trd, 4317931.343, 113
Trd, 4317932.143, 99
Trd, 4317933.093, 97
Trd, 4317934.293, 97
Trd, 4317935.143, 96
Trd, 4317937.843, 96
Trd, 4317939.643, 98
Trd, 4317942.243, 95
Trd, 4317945.643, 95
Trd, 4317949.293, 94
Trd, 4317951.843, 101
Trd, 4317952.893, 103
Trd, 4317953.043, 101
Trd, 4317953.193, 89
Trd, 4317956.443, 102
Trd, 4317959.293, 100
Trd, 4317959.793, 99
Trd, 4317960.043, 95
Trd, 4317960.943, 102
Trd, 4317962.143, 101
Trd, 4317963.343, 102
Trd, 4317964.443, 100
Trd, 4317967.093, 99
Trd, 4317967.293, 104
Trd, 4317967.993, 98
Trd, 4317971.493, 101
Trd, 4317974.043, 98
Trd, 4317974.593, 102
Trd, 4317975.543, 101
Trd, 4317976.993, 99
Trd, 4317979.293, 97
Trd, 4317979.993, 97
Trd, 4317981.443, 104
Trd, 4317981.493, 103
Trd, 4317981.993, 102
Trd, 4317983.343, 102
Trd, 4317983.493, 74
Trd, 4317987.343, 111
Trd, 4317987.743, 102
Trd, 4317990.743, 101
Trd, 4317990.893, 101
Trd, 4317991.243, 75
Trd, 4317992.743, 103
Trd, 4317993.593, 95
Trd, 4317997.793, 95
Trd, 4317999.393, 92
Trd, 4318001.143, 82
Trd, 4318001.893, 88
Trd, 4318002.593, 98
Trd, 4318003.593, 99
Trd, 4318003.693, 95
Trd, 4318009.543, 95
Trd, 4318009.943, 93
Trd, 4318011.743, 92
Trd, 4318012.143, 92
Trd, 4318013.293, 98
Trd, 4318013.743, 105
Trd, 4318014.693, 100
Trd, 4318016.693, 97
Trd, 4318017.993, 96
Trd, 4318019.343, 92
Trd, 4318019.743, 96
Trd, 4318021.743, 94
Trd, 4318024.643, 92
Trd, 4318027.593, 95
Trd, 4318027.993, 96
Trd, 4318029.293, 93
Trd, 4318031.393, 95
Trd, 4318032.193, 94
Trd, 4318034.593, 105
Trd, 4318035.943, 97
Trd, 4318036.893, 100
Trd, 4318037.643, 99
Trd, 4318038.093, 91
Trd, 4318038.993, 96
Trd, 4318039.693, 97
Trd, 4318042.593, 102
Trd, 4318043.693, 101
Trd, 4318044.393, 100
Trd, 4318046.843, 99
Trd, 4318048.243, 105
Trd, 4318049.543, 102
Trd, 4318050.543, 101
Trd, 4318051.293, 101
Trd, 4318051.843, 105
Trd, 4318052.693, 89
Trd, 4318053.593, 88
Trd, 4318054.343, 90
Trd, 4318055.793, 95
Trd, 4318058.793, 95
Trd, 4318060.843, 95
Trd, 4318061.743, 96
Trd, 4318062.943, 95
Trd, 4318063.393, 101
Trd, 4318065.493, 106
Trd, 4318066.393, 97
Trd, 4318067.943, 96
Trd, 4318068.993, 95
Trd, 4318071.693, 96
Trd, 4318072.693, 100
Trd, 4318074.793, 97
Trd, 4318075.793, 102
Trd, 4318075.993, 100
Trd, 4318077.193, 103
Trd, 4318078.143, 99
Trd, 4318080.743, 98
Trd, 4318083.193, 98
Trd, 4318083.593, 98
Trd, 4318083.943, 99
Trd, 4318085.493, 97
Trd, 4318086.843, 98
Trd, 4318087.393, 98
Trd, 4318090.593, 97
Trd, 4318090.643, 96
Trd, 4318092.643, 100
Trd, 4318096.343, 98
Trd, 4318096.643, 97
Trd, 4318097.493, 101
Trd, 4318099.343, 97
Trd, 4318100.243, 99
Trd, 4318100.493, 95
Trd, 4318101.093, 95
Trd, 4318102.893, 104
Trd, 4318104.293, 103
Trd, 4318105.393, 98
Trd, 4318107.243, 97
Trd, 4318107.393, 101
Trd, 4318110.993, 97
Trd, 4318111.093, 97
Trd, 4318111.893, 95
Trd, 4318111.943, 98
Trd, 4318112.393, 79
Trd, 4318114.493, 91
Trd, 4318116.543, 97
Trd, 4318117.343, 96
Trd, 4318119.243, 98
Trd, 4318120.343, 104
Trd, 4318121.193, 94
Trd, 4318122.243, 97
Trd, 4318122.643, 93
Trd, 4318125.493, 104
Trd, 4318127.093, 98
Trd, 4318128.593, 99
Trd, 4318130.343, 99
Trd, 4318130.693, 98
Trd, 4318133.843, 98
Trd, 4318134.543, 98
Trd, 4318136.143, 97
Trd, 4318136.193, 102
Trd, 4318137.493, 95
Trd, 4318141.043, 97
Trd, 4318142.093, 98
Trd, 4318142.793, 98
Trd, 4318143.693, 103
Trd, 4318144.843, 98
Trd, 4318144.993, 98
Trd, 4318147.893, 104
Trd, 4318149.143, 100
Trd, 4318152.043, 100
Trd, 4318152.943, 99
Trd, 4318156.193, 99
Trd, 4318156.493, 93
Trd, 4318157.393, 104
Trd, 4318160.543, 97
Trd, 4318163.893, 96
Trd, 4318164.293, 113
Trd, 4318164.843, 96
Trd, 4318166.743, 107
Trd, 4318168.193, 104
Trd, 4318168.643, 105
Trd, 4318169.393, 103
Trd, 4318172.893, 104
Trd, 4318173.443, 104
Trd, 4318174.093, 106
Trd, 4318174.593, 103
Trd, 4318175.793, 102
Trd, 4318178.793, 98
Trd, 4318181.093, 98
Trd, 4318184.043, 100
Trd, 4318184.243, 99
Trd, 4318184.593, 98
Trd, 4318185.743, 103
Trd, 4318188.543, 92
Trd, 4318190.693, 98
Trd, 4318191.293, 97
Trd, 4318194.093, 99
Trd, 4318194.193, 98
Trd, 4318195.343, 80
Trd, 4318197.493, 91
Trd, 4318197.843, 89
Trd, 4318199.843, 96
Trd, 4318200.343, 105
Trd, 4318204.343, 93
Trd, 4318204.443, 93
Trd, 4318205.393, 98
Trd, 4318206.643, 92
Trd, 4318206.943, 91
Trd, 4318207.693, 98
Trd, 4318210.793, 91
Trd, 4318211.543, 91
Trd, 4318212.643, 93
Trd, 4318216.843, 93
Trd, 4318216.893, 91
Trd, 4318217.343, 95
Trd, 4318217.693, 93
Trd, 4318218.043, 103
Trd, 4318223.643, 98
Trd, 4318223.943, 95
Trd, 4318225.793, 95
Trd, 4318226.293, 100
Trd, 4318227.693, 94
Trd, 4318228.393, 104
Trd, 4318230.943, 93
Trd, 4318232.393, 91
Trd, 4318236.243, 91
Trd, 4318236.293, 91
Trd, 4318237.543, 96
Trd, 4318239.293, 96
Trd, 4318239.543, 95
Trd, 4318241.293, 95
Trd, 4318244.943, 95
Trd, 4318245.043, 94
Trd, 4318246.993, 94
Trd, 4318251.493, 94
Trd, 4318254.843, 94
Trd, 4318254.993, 95
Trd, 4318255.243, 93
Trd, 4318257.343, 94
Trd, 4318258.993, 93
Trd, 4318261.343, 105
Trd, 4318263.293, 95
Trd, 4318266.643, 99
Trd, 4318267.193, 97
Trd, 4318267.243, 100
Trd, 4318268.843, 94
Trd, 4318269.493, 104
Trd, 4318273.343, 95
Trd, 4318276.093, 99
Trd, 4318277.543, 93
Trd, 4318278.093, 84
Trd, 4318281.393, 95
Trd, 4318281.843, 93
Trd, 4318283.293, 95
Trd, 4318284.443, 98
Trd, 4318284.593, 94
Trd, 4318285.843, 94
Trd, 4318288.993, 100
Trd, 4318290.393, 102
Trd, 4318290.993, 97
Trd, 4318291.143, 99
Trd, 4318291.443, 104
Trd, 4318293.943, 103
Trd, 4318296.843, 101
Trd, 4318297.493, 101
Trd, 4318297.943, 104
Trd, 4318301.243, 100
Trd, 4318301.343, 100
Trd, 4318303.843, 99
Trd, 4318304.893, 99
Trd, 4318307.793, 99
Trd, 4318309.593, 80
Trd, 4318310.543, 84
Trd, 4318314.243, 97
Trd, 4318315.143, 97
Trd, 4318316.843, 101
Trd, 4318316.893, 93
Trd, 4318317.643, 93
Trd, 4318319.243, 96
Trd, 4318320.743, 97
Trd, 4318321.143, 95
Trd, 4318323.593, 95
Trd, 4318325.643, 94
Trd, 4318327.693, 98
Trd, 4318330.093, 98
Trd, 4318331.693, 94
Trd, 4318333.543, 96
Trd, 4318336.343, 94
Trd, 4318338.943, 95
Trd, 4318339.743, 96
Trd, 4318340.593, 97
Trd, 4318342.893, 96
Trd, 4318343.993, 94
Trd, 4318344.593, 94
Trd, 4318345.193, 96
Trd, 4318348.393, 94
Trd, 4318349.093, 94
Trd, 4318350.393, 95
Trd, 4318352.643, 93
Trd, 4318353.493, 96
Trd, 4318355.293, 95
Trd, 4318357.743, 96
Trd, 4318357.943, 95
Trd, 4318362.293, 96
Trd, 4318362.543, 95
Trd, 4318363.193, 94
Trd, 4318363.993, 95
Trd, 4318366.943, 99
Trd, 4318368.393, 116
Trd, 4318369.593, 107
Trd, 4318369.793, 106
Trd, 4318371.343, 101
Trd, 4318371.993, 95
Trd, 4318374.243, 101
Trd, 4318374.493, 101
Trd, 4318376.793, 100
Trd, 4318377.243, 106
Trd, 4318379.443, 99
Trd, 4318381.543, 99
Trd, 4318382.393, 97
Trd, 4318383.593, 100
Trd, 4318383.843, 97
Trd, 4318385.693, 96
Trd, 4318389.743, 98
Trd, 4318391.093, 97
Trd, 4318393.243, 96
Trd, 4318394.593, 82
Trd, 4318395.343, 70
Trd, 4318396.693, 85
Trd, 4318396.943, 87
Trd, 4318399.843, 86
Trd, 4318400.193, 87
Trd, 4318401.143, 96
Trd, 4318402.143, 93
Trd, 4318407.193, 93
Trd, 4318407.543, 93
Trd, 4318409.293, 94
Trd, 4318411.493, 94
Trd, 4318416.293, 95
Trd, 4318417.093, 104
Trd, 4318417.143, 93
Trd, 4318422.393, 95
Trd, 4318423.143, 93
Trd, 4318423.493, 93
Trd, 4318427.293, 93
Trd, 4318430.593, 97
Trd, 4318432.993, 95
Trd, 4318434.943, 95
Trd, 4318437.543, 94
Trd, 4318439.543, 98
Trd, 4318443.693, 95
Trd, 4318443.993, 93
Trd, 4318444.693, 95
Trd, 4318448.293, 92
Trd, 4318450.993, 108
Trd, 4318451.943, 94
Trd, 4318454.943, 101
Trd, 4318455.643, 100
Trd, 4318457.393, 99
Trd, 4318458.493, 103
Trd, 4318459.593, 99
Trd, 4318461.443, 101
Trd, 4318461.993, 98
Trd, 4318462.693, 97
Trd, 4318465.993, 97
Trd, 4318466.043, 97
Trd, 4318469.893, 96
Trd, 4318470.193, 95
Trd, 4318470.493, 95
Trd, 4318473.743, 94
Trd, 4318475.593, 97
Trd, 4318475.793, 94
Trd, 4318478.343, 102
Trd, 4318480.193, 104
Trd, 4318480.593, 102
Trd, 4318481.193, 102
Trd, 4318481.743, 67
Trd, 4318483.943, 100
Trd, 4318484.143, 105
Trd, 4318485.243, 98
Trd, 4318485.743, 99
Trd, 4318487.843, 98
Trd, 4318488.693, 91
Trd, 4318489.743, 97
Trd, 4318492.043, 95
Trd, 4318493.193, 95
Trd, 4318495.093, 96
Trd, 4318496.593, 95
Trd, 4318497.993, 94
Trd, 4318500.443, 98
Trd, 4318504.343, 97
Trd, 4318504.593, 93
Trd, 4318507.443, 95
Trd, 4318507.793, 94
Trd, 4318509.643, 93
Trd, 4318510.943, 111
Trd, 4318512.043, 98
Trd, 4318514.693, 100
Trd, 4318516.793, 99
Trd, 4318517.993, 98
Trd, 4318518.443, 103
Trd, 4318522.543, 98
Trd, 4318523.143, 98
Trd, 4318524.143, 100
Trd, 4318524.543, 104
Trd, 4318526.643, 102
Trd, 4318530.043, 105
Trd, 4318531.143, 104
Trd, 4318531.393, 104
Trd, 4318532.493, 97
Trd, 4318533.993, 101
Trd, 4318535.993, 86
Trd, 4318536.443, 96
Trd, 4318538.593, 97
Trd, 4318538.693, 97
Trd, 4318539.493, 95
Trd, 4318541.743, 99
Trd, 4318543.543, 101
Trd, 4318544.893, 103
Trd, 4318545.743, 104
Trd, 4318546.893, 115
Trd, 4318547.293, 114
Trd, 4318548.743, 111
Trd, 4318550.993, 91
Trd, 4318551.043, 97
Trd, 4318552.643, 95
Trd, 4318553.243, 80
Trd, 4318553.393, 106
Trd, 4318555.093, 100
Trd, 4318556.993, 98
Trd, 4318557.943, 85
Trd, 4318558.193, 93
Trd, 4318559.843, 88
Trd, 4318563.793, 94
Trd, 4318564.093, 94
Trd, 4318564.143, 103
Trd, 4318565.043, 97
Trd, 4318567.243, 95
Trd, 4318568.143, 98
Trd, 4318568.543, 103
Trd, 4318570.193, 97
Trd, 4318574.743, 104
Trd, 4318574.893, 99
Trd, 4318576.493, 100
Trd, 4318576.643, 104
Trd, 4318577.693, 99
Trd, 4318579.993, 98
Trd, 4318580.643, 97
Trd, 4318581.743, 96
Trd, 4318583.193, 101
Trd, 4318583.743, 96
Trd, 4318585.193, 96
Trd, 4318586.143, 96
Trd, 4318587.393, 95
Trd, 4318589.443, 96
Trd, 4318592.243, 95
Trd, 4318592.393, 94
Trd, 4318595.093, 94
Trd, 4318597.143, 97
Trd, 4318597.693, 96
Trd, 4318599.393, 113
Trd, 4318599.543, 98
Trd, 4318599.643, 97
Trd, 4318604.593, 98
Trd, 4318604.843, 106
Trd, 4318606.993, 99
Trd, 4318607.343, 98
Trd, 4318609.593, 100
Trd, 4318612.593, 97
Trd, 4318614.993, 96
Trd, 4318615.893, 96
Trd, 4318616.893, 97
Trd, 4318618.493, 96
Trd, 4318619.593, 98
Trd, 4318620.243, 95
Trd, 4318621.793, 94
Trd, 4318625.243, 96
Trd, 4318625.543, 95
Trd, 4318626.243, 97
Trd, 4318629.493, 95
Trd, 4318631.243, 98
Trd, 4318632.293, 104
Trd, 4318632.943, 108
Trd, 4318633.393, 106
Trd, 4318635.293, 107
Trd, 4318638.543, 106
Trd, 4318640.293, 105
Trd, 4318642.793, 104
Trd, 4318643.493, 107
Trd, 4318644.043, 91
Trd, 4318646.993, 100
Trd, 4318649.443, 100
Trd, 4318649.943, 105
Trd, 4318650.343, 99
Trd, 4318650.443, 99
Trd, 4318652.693, 100
Trd, 4318653.243, 98
Trd, 4318655.093, 98
Trd, 4318655.393, 101
Trd, 4318655.493, 98
Trd, 4318656.943, 97
Trd, 4318658.993, 96
Trd, 4318661.693, 97
Trd, 4318662.593, 96
Trd, 4318664.143, 95
Trd, 4318667.743, 96
Trd, 4318669.743, 100
Trd, 4318670.893, 95
Trd, 4318670.943, 95
Trd, 4318671.393, 95
Trd, 4318673.143, 97
Trd, 4318673.843, 97
Trd, 4318675.443, 94
Trd, 4318677.143, 95
Trd, 4318678.143, 94
Trd, 4318682.643, 95
Trd, 4318683.043, 93
Trd, 4318683.593, 92
Trd, 4318684.843, 89
Trd, 4318686.843, 90
Trd, 4318687.593, 93
Trd, 4318689.293, 93
Trd, 4318690.393, 95
Trd, 4318692.293, 93
Trd, 4318695.143, 94
Trd, 4318696.343, 93
Trd, 4318697.393, 102
Trd, 4318698.093, 96
Trd, 4318699.343, 95
Trd, 4318699.943, 97
Trd, 4318701.893, 95
Trd, 4318704.193, 104
Trd, 4318705.443, 97
Trd, 4318707.143, 96
Trd, 4318707.893, 96
Trd, 4318708.443, 95
Trd, 4318710.343, 95
Trd, 4318712.943, 94
Trd, 4318713.943, 93
Trd, 4318714.243, 95
Trd, 4318715.893, 95
Trd, 4318716.443, 92
Trd, 4318718.443, 92
Trd, 4318719.393, 105
Trd, 4318720.793, 100
Trd, 4318721.693, 97
Trd, 4318724.493, 101
Trd, 4318725.443, 95
Trd, 4318725.693, 85
Trd, 4318727.593, 95
Trd, 4318728.493, 95
Trd, 4318729.293, 97
Trd, 4318729.843, 94
Trd, 4318731.843, 98
Trd, 4318734.343, 101
Trd, 4318734.793, 103
Trd, 4318735.343, 100
Trd, 4318738.093, 101
Trd, 4318738.793, 99
Trd, 4318739.493, 95
Trd, 4318740.893, 97
Trd, 4318742.343, 104
Trd, 4318743.393, 96
Trd, 4318744.543, 95
Trd, 4318747.843, 93
Trd, 4318749.743, 92
Trd, 4318750.493, 79
Trd, 4318751.243, 87
Trd, 4318751.793, 88
Trd, 4318755.193, 89
Trd, 4318755.543, 105
Trd, 4318756.843, 94
Trd, 4318758.193, 100
Trd, 4318759.043, 105
Trd, 4318759.393, 100
Trd, 4318761.143, 100
Trd, 4318761.193, 99
Trd, 4318763.893, 99
Trd, 4318764.543, 98
Trd, 4318766.643, 98
Trd, 4318768.193, 98
Trd, 4318771.293, 97
Trd, 4318771.343, 97
Trd, 4318772.293, 96
Trd, 4318773.793, 96
Trd, 4318773.843, 99
Trd, 4318775.193, 102
Trd, 4318776.093, 98
Trd, 4318779.343, 97
Trd, 4318780.743, 97
Trd, 4318782.643, 97
Trd, 4318783.893, 96
Trd, 4318786.043, 96
Trd, 4318786.293, 98
Trd, 4318789.443, 98
Trd, 4318789.693, 95
Trd, 4318790.993, 94
Trd, 4318793.443, 98
Trd, 4318795.493, 95
Trd, 4318798.343, 94
Trd, 4318799.743, 93
Trd, 4318800.543, 92
Trd, 4318801.093, 92
Trd, 4318802.043, 92
Trd, 4318805.643, 91
Trd, 4318806.293, 93
Trd, 4318808.293, 90
Trd, 4318808.843, 90
Trd, 4318812.193, 92
Trd, 4318812.843, 89
Trd, 4318814.493, 96
Trd, 4318814.743, 104
Trd, 4318816.193, 93
Trd, 4318819.893, 95
Trd, 4318820.843, 95
Trd, 4318821.493, 93
Trd, 4318822.593, 94
Trd, 4318825.793, 95
Trd, 4318826.143, 104
Trd, 4318827.293, 82
Trd, 4318828.793, 92
Trd, 4318831.443, 96
Trd, 4318831.593, 94
Trd, 4318833.593, 104
Trd, 4318835.343, 98
Trd, 4318838.493, 97
Trd, 4318838.993, 97
Trd, 4318840.243, 101
Trd, 4318842.193, 97
Trd, 4318844.943, 103
Trd, 4318847.643, 98
Trd, 4318848.143, 98
Trd, 4318848.393, 97
Trd, 4318850.593, 96
Trd, 4318852.293, 99
Trd, 4318855.093, 97
Trd, 4318856.293, 96
Trd, 4318857.443, 98
Trd, 4318858.993, 104
Trd, 4318859.993, 95
Trd, 4318860.493, 95
Trd, 4318861.143, 94
Trd, 4318864.893, 95
Trd, 4318866.793, 97
Trd, 4318869.493, 95
Trd, 4318870.543, 95
Trd, 4318871.093, 94
Trd, 4318873.143, 99
Trd, 4318880.093, 98
Trd, 4318880.193, 95
Trd, 4318880.943, 94
Trd, 4318881.743, 96
Trd, 4318884.393, 94
Trd, 4318886.393, 93
Trd, 4318887.793, 92
Trd, 4318887.893, 97
Trd, 4318891.393, 95
Trd, 4318892.143, 93
Trd, 4318893.593, 96
Trd, 4318895.093, 111
Trd, 4318896.493, 99
Trd, 4318897.543, 102
Trd, 4318902.593, 99
Trd, 4318903.643, 98
Trd, 4318904.343, 97
Trd, 4318905.493, 99
Trd, 4318905.643, 104
Trd, 4318908.343, 96
Trd, 4318908.743, 96
Trd, 4318908.993, 90
Trd, 4318912.193, 95
Trd, 4318912.293, 93
Trd, 4318912.443, 67
Trd, 4318913.193, 95
Trd, 4318914.743, 104
Trd, 4318915.693, 88
Trd, 4318920.143, 93
Trd, 4318921.093, 90
Trd, 4318922.043, 95
Trd, 4318922.793, 94
Trd, 4318924.793, 96
Trd, 4318928.393, 95
Trd, 4318928.743, 95
Trd, 4318929.443, 99
Trd, 4318931.543, 94
Trd, 4318931.743, 94
Trd, 4318935.193, 96
Trd, 4318937.293, 95
Trd, 4318937.643, 95
Trd, 4318938.543, 94
Trd, 4318941.343, 104
Trd, 4318942.693, 103
Trd, 4318944.593, 102
Trd, 4318946.043, 101
Trd, 4318946.093, 101
Trd, 4318949.243, 102
Trd, 4318950.143, 102
Trd, 4318950.243, 104
Trd, 4318951.793, 102
Trd, 4318952.793, 87
Trd, 4318952.943, 90
Trd, 4318957.243, 96
Trd, 4318957.693, 96
Trd, 4318957.893, 94
Trd, 4318960.143, 97
Trd, 4318962.543, 94
Trd, 4318962.993, 97
Trd, 4318963.393, 99
Trd, 4318967.693, 99
Trd, 4318969.143, 99
Trd, 4318969.843, 97
Trd, 4318972.893, 97
Trd, 4318973.293, 97
Trd, 4318974.293, 104
Trd, 4318975.743, 103
Trd, 4318975.793, 96
Trd, 4318976.843, 96
Trd, 4318981.193, 99
Trd, 4318981.443, 98
Trd, 4318983.343, 98
Trd, 4318984.343, 101
Trd, 4318985.393, 98
Trd, 4318986.643, 99
Trd, 4318988.343, 102
Trd, 4318989.393, 101
Trd, 4318989.793, 100
Trd, 4318990.843, 99
Trd, 4318992.293, 99
Trd, 4318992.743, 101
Trd, 4318992.843, 98
Trd, 4318994.393, 98
Trd, 4318995.843, 92
Trd, 4318998.993, 93
Trd, 4318999.243, 113
Trd, 4319000.243, 100
Trd, 4319001.843, 102
Trd, 4319001.993, 99
Trd, 4319005.943, 99
Trd, 4319006.643, 98
Trd, 4319007.493, 97
Trd, 4319009.393, 88
Trd, 4319010.543, 94
Trd, 4319011.943, 99
Trd, 4319013.193, 98
Trd, 4319013.293, 113
Trd, 4319014.893, 91
Trd, 4319016.643, 95
Trd, 4319016.843, 94
Trd, 4319017.093, 103
Trd, 4319017.443, 91
Trd, 4319019.543, 104
Trd, 4319023.793, 95
Trd, 4319024.093, 96
Trd, 4319025.493, 94
Trd, 4319028.093, 99
Trd, 4319029.693, 94
Trd, 4319036.193, 96
Trd, 4319037.493, 93
Trd, 4319039.093, 92
Trd, 4319039.793, 95
Trd, 4319041.643, 95
Trd, 4319041.993, 93
Trd, 4319045.693, 95
Trd, 4319047.043, 103
Trd, 4319048.093, 101
Trd, 4319051.393, 100
Trd, 4319051.743, 99
Trd, 4319052.343, 98
Trd, 4319052.993, 89
Trd, 4319056.993, 97
Trd, 4319059.343, 103
Trd, 4319059.993, 98
Trd, 4319063.943, 97
Trd, 4319064.343, 97
Trd, 4319065.793, 95
Trd, 4319066.343, 95
Trd, 4319068.593, 95
Trd, 4319070.193, 88
Trd, 4319072.393, 93
Trd, 4319074.943, 97
Trd, 4319075.093, 104
Trd, 4319077.293, 94
Trd, 4319077.693, 94
Trd, 4319078.443, 95
Trd, 4319078.743, 113
Trd, 4319081.493, 99
Trd, 4319083.343, 100
Trd, 4319083.993, 98
Trd, 4319084.843, 97
Trd, 4319085.993, 104
Trd, 4319086.593, 96
Trd, 4319088.993, 96
Trd, 4319089.643, 95
Trd, 4319090.343, 101
Trd, 4319091.293, 95
Trd, 4319092.943, 94
Trd, 4319096.093, 100
Trd, 4319098.193, 94
Trd, 4319099.243, 100
Trd, 4319099.693, 94
Trd, 4319101.993, 93
Trd, 4319102.293, 97
Trd, 4319104.043, 101
Trd, 4319104.593, 96
Trd, 4319106.293, 96
Trd, 4319106.843, 104
Trd, 4319112.943, 99
Trd, 4319113.693, 98
Trd, 4319114.093, 99
Trd, 4319114.393, 96
Trd, 4319116.443, 96
Trd, 4319117.093, 96
Trd, 4319120.543, 96
Trd, 4319121.593, 99
Trd, 4319123.443, 98
Trd, 4319123.943, 95
Trd, 4319125.343, 104
Trd, 4319125.593, 95
Trd, 4319127.543, 95
Trd, 4319129.093, 94
Trd, 4319129.143, 94
Trd, 4319129.643, 94
Trd, 4319130.043, 97
Trd, 4319134.043, 95
Trd, 4319135.193, 99
Trd, 4319136.643, 93
Trd, 4319137.943, 97
Trd, 4319138.093, 95
Trd, 4319140.643, 104
Trd, 4319140.993, 95
Trd, 4319143.543, 97
Trd, 4319144.443, 96
Trd, 4319148.893, 95
Trd, 4319149.143, 100
Trd, 4319149.593, 95
Trd, 4319152.493, 95
Trd, 4319152.593, 93
Trd, 4319157.093, 95
Trd, 4319157.593, 93
Trd, 4319158.193, 93
Trd, 4319158.343, 96
Trd, 4319160.743, 103
Trd, 4319161.543, 98
Trd, 4319162.043, 86
Trd, 4319163.043, 113
Trd, 4319164.493, 94
Trd, 4319167.793, 96
Trd, 4319167.843, 96
Trd, 4319168.493, 104
Trd, 4319172.343, 96
Trd, 4319174.443, 96
Trd, 4319176.293, 95
Trd, 4319176.843, 94
Trd, 4319177.543, 96
Trd, 4319179.593, 93
Trd, 4319180.093, 93
Trd, 4319182.043, 93
Trd, 4319183.843, 93
Trd, 4319185.693, 96
Trd, 4319187.243, 102
Trd, 4319190.193, 99
Trd, 4319190.343, 98
Trd, 4319190.843, 101
Trd, 4319193.793, 97
Trd, 4319193.843, 98
Trd, 4319194.693, 95
Trd, 4319197.393, 97
Trd, 4319200.093, 96
Trd, 4319200.643, 95
Trd, 4319201.193, 104
Trd, 4319201.393, 94
Trd, 4319203.643, 103
Trd, 4319203.743, 101
Trd, 4319206.643, 97
Trd, 4319208.293, 96
Trd, 4319210.293, 100
Trd, 4319210.443, 95
Trd, 4319211.843, 95
Trd, 4319211.893, 95
Trd, 4319213.443, 89
Trd, 4319213.543, 91
Trd, 4319213.993, 90
Trd, 4319217.243, 95
Trd, 4319218.093, 93
Trd, 4319218.743, 102
Trd, 4319222.593, 94
Trd, 4319223.093, 104
Trd, 4319225.343, 99
Trd, 4319226.043, 98
Trd, 4319227.693, 97
Trd, 4319227.993, 96
Trd, 4319229.643, 96
Trd, 4319230.993, 89
Trd, 4319235.193, 95
Trd, 4319235.443, 95
Trd, 4319237.593, 93
Trd, 4319238.593, 95
Trd, 4319242.343, 98
Trd, 4319243.343, 96
Trd, 4319245.793, 97
Trd, 4319246.693, 96
Trd, 4319247.143, 95
Trd, 4319249.843, 95
Trd, 4319250.743, 96
Trd, 4319251.143, 95
Trd, 4319251.443, 98
Trd, 4319254.793, 98
Trd, 4319255.793, 94
Trd, 4319256.143, 93
Trd, 4319258.243, 95
Trd, 4319259.943, 98
Trd, 4319260.693, 97
Trd, 4319262.543, 96
Trd, 4319263.743, 95
Trd, 4319266.043, 95
Trd, 4319266.093, 95
Trd, 4319268.093, 97
Trd, 4319268.993, 93
Trd, 4319270.093, 101
Trd, 4319270.843, 95
Trd, 4319271.943, 95
Trd, 4319272.993, 93
Trd, 4319274.893, 98
Trd, 4319276.493, 98
Trd, 4319276.643, 104
Trd, 4319279.143, 98
Trd, 4319283.943, 98
Trd, 4319286.093, 97
Trd, 4319290.043, 100
Trd, 4319290.743, 98
Trd, 4319292.193, 97
Trd, 4319293.393, 97
Trd, 4319294.693, 104
Trd, 4319295.843, 104
Trd, 4319301.793, 98
Trd, 4319302.343, 98
Trd, 4319303.443, 100
Trd, 4319303.693, 97
Trd, 4319305.243, 97
Trd, 4319306.443, 96
Trd, 4319307.543, 92
Trd, 4319309.343, 93
Trd, 4319309.443, 104
Trd, 4319310.893, 92
Trd, 4319311.943, 92
Trd, 4319315.343, 92
Trd, 4319316.143, 92
Trd, 4319317.093, 96
Trd, 4319317.543, 94
Trd, 4319318.093, 93
Trd, 4319322.843, 96
Trd, 4319323.693, 98
Trd, 4319324.893, 96
Trd, 4319325.243, 95
Trd, 4319326.143, 95
Trd, 4319327.593, 94
Trd, 4319329.543, 95
Trd, 4319330.643, 104
Trd, 4319333.543, 93
Trd, 4319333.593, 98
Trd, 4319336.143, 96
Trd, 4319338.143, 97
Trd, 4319340.243, 95
Trd, 4319340.643, 95
Trd, 4319343.543, 104
Trd, 4319346.593, 96
Trd, 4319347.293, 95
Trd, 4319347.393, 95
Trd, 4319348.393, 89
Trd, 4319350.193, 92
Trd, 4319350.743, 86
Trd, 4319352.593, 95
Trd, 4319353.243, 96
Trd, 4319354.993, 98
Trd, 4319355.493, 96
Trd, 4319356.243, 96
Trd, 4319357.793, 104
Trd, 4319360.893, 100
Trd, 4319363.343, 97
Trd, 4319363.593, 96
Trd, 4319365.143, 96
Trd, 4319365.593, 95
Trd, 4319366.243, 113
Trd, 4319368.993, 99
Trd, 4319370.343, 98
Trd, 4319370.593, 94
Trd, 4319371.393, 97
Trd, 4319372.093, 97
Trd, 4319373.893, 96
Trd, 4319375.943, 97
Trd, 4319377.443, 95
Trd, 4319378.893, 92
Trd, 4319379.693, 98
Trd, 4319383.743, 96
Trd, 4319384.093, 99
Trd, 4319385.043, 98
Trd, 4319387.443, 96
Trd, 4319387.943, 96
Trd, 4319389.793, 91
Trd, 4319390.743, 94
Trd, 4319391.993, 93
Trd, 4319393.993, 95
Trd, 4319395.193, 93
Trd, 4319396.243, 84
Trd, 4319396.493, 95
Trd, 4319397.943, 92
Trd, 4319399.793, 94
Trd, 4319404.393, 92
Trd, 4319407.493, 95
Trd, 4319408.643, 93
Trd, 4319411.643, 97
Trd, 4319413.843, 98
Trd, 4319414.943, 94
Trd, 4319415.093, 91
Trd, 4319418.493, 93
Trd, 4319418.843, 92
Trd, 4319419.443, 96
Trd, 4319422.343, 104
Trd, 4319424.393, 97
Trd, 4319424.443, 94
Trd, 4319425.043, 96
Trd, 4319426.743, 98
Trd, 4319427.693, 97
Trd, 4319428.493, 97
Trd, 4319432.393, 100
Trd, 4319432.993, 98
Trd, 4319434.293, 104
Trd, 4319434.643, 98
Trd, 4319434.743, 98
Trd, 4319438.443, 101
Trd, 4319439.493, 99
Trd, 4319439.543, 96
Trd, 4319440.393, 98
Trd, 4319440.793, 72
Trd, 4319441.293, 86
Trd, 4319443.493, 95
Trd, 4319444.143, 104
Trd, 4319446.543, 97
Trd, 4319449.343, 98
Trd, 4319449.443, 99
Trd, 4319449.793, 97
Trd, 4319450.643, 100
Trd, 4319454.543, 98
Trd, 4319454.693, 100
Trd, 4319458.643, 97
Trd, 4319461.593, 96
Trd, 4319461.843, 100
Trd, 4319462.243, 95
Trd, 4319464.593, 105
Trd, 4319465.643, 100
Trd, 4319467.993, 101
Trd, 4319468.593, 99
Trd, 4319470.393, 102
Trd, 4319472.543, 99
Trd, 4319472.993, 99
Trd, 4319477.293, 95
Trd, 4319478.393, 85
Trd, 4319478.543, 94
Trd, 4319479.693, 95
Trd, 4319480.043, 98
Trd, 4319481.493, 92
Trd, 4319484.893, 95
Trd, 4319485.793, 96
Trd, 4319487.493, 97
Trd, 4319487.693, 95
Trd, 4319489.543, 102
Trd, 4319489.843, 96
Trd, 4319491.643, 104
Trd, 4319492.143, 98
Trd, 4319494.193, 101
Trd, 4319494.393, 97
Trd, 4319495.943, 95
Trd, 4319497.043, 102
Trd, 4319497.593, 97
Trd, 4319499.843, 98
Trd, 4319502.893, 97
Trd, 4319504.193, 97
Trd, 4319507.993, 96
Trd, 4319509.493, 95
Trd, 4319511.493, 99
Trd, 4319513.843, 96
Trd, 4319514.643, 96
Trd, 4319514.793, 95
Trd, 4319516.143, 94
Trd, 4319517.793, 93
Trd, 4319520.143, 97
Trd, 4319520.993, 93
Trd, 4319522.743, 95
Trd, 4319523.893, 95
Trd, 4319524.993, 104
Trd, 4319525.843, 96
Trd, 4319527.493, 96
Trd, 4319528.543, 94
Trd, 4319529.243, 95
Trd, 4319529.843, 113
Trd, 4319532.243, 94
Trd, 4319532.443, 104
Trd, 4319534.143, 93
Trd, 4319535.043, 95
Trd, 4319536.243, 94
Trd, 4319537.993, 99
Trd, 4319539.693, 97
Trd, 4319540.193, 97
Trd, 4319541.843, 104
Trd, 4319542.293, 95
Trd, 4319542.693, 100
Trd, 4319544.743, 96
Trd, 4319545.643, 104
Trd, 4319546.793, 95
Trd, 4319547.343, 95
Trd, 4319549.593, 94
Trd, 4319551.443, 97
Trd, 4319553.493, 98
Trd, 4319555.043, 99
Trd, 4319557.893, 95
Trd, 4319559.893, 99
Trd, 4319560.693, 95
Trd, 4319561.793, 94
Trd, 4319563.493, 96
Trd, 4319567.343, 96
Trd, 4319568.793, 96
Trd, 4319569.193, 104
Trd, 4319569.943, 112
Trd, 4319571.643, 95
Trd, 4319572.793, 88
Trd, 4319573.493, 101
Trd, 4319575.343, 98
Trd, 4319575.743, 93
Trd, 4319578.543, 93
Trd, 4319579.893, 92
Trd, 4319580.443, 97
Trd, 4319586.193, 93
Trd, 4319586.643, 96
Trd, 4319594.243, 94
Trd, 4319595.943, 95
Trd, 4319596.093, 104
Trd, 4319597.393, 92
Trd, 4319601.043, 92
Trd, 4319601.993, 94
Trd, 4319603.793, 91
Trd, 4319604.743, 92
Trd, 4319605.943, 96
Trd, 4319608.393, 90
Trd, 4319608.643, 90
Trd, 4319610.243, 131
Trd, 4319611.343, 106
Trd, 4319612.343, 99
Trd, 4319612.393, 110
Trd, 4319614.243, 104
Trd, 4319616.443, 103
Trd, 4319616.793, 105
Trd, 4319618.243, 100
Trd, 4319619.143, 98
Trd, 4319622.193, 102
Trd, 4319622.243, 95
Trd, 4319623.193, 98
Trd, 4319626.593, 96
Trd, 4319628.093, 90
Trd, 4319628.193, 96
Trd, 4319631.093, 105
Trd, 4319632.143, 101
Trd, 4319632.743, 95
Trd, 4319632.893, 90
Trd, 4319637.393, 93
Trd, 4319637.793, 92
Trd, 4319637.893, 91
Trd, 4319638.393, 91
Trd, 4319638.643, 95
Trd, 4319640.143, 79
Trd, 4319641.093, 94
Trd, 4319643.993, 98
Trd, 4319647.493, 93
Trd, 4319648.743, 95
Trd, 4319649.743, 99
Trd, 4319651.243, 98
Trd, 4319653.643, 98
Trd, 4319653.893, 100
Trd, 4319655.193, 100
Trd, 4319656.243, 104
Trd, 4319658.343, 99
Trd, 4319658.943, 99
Trd, 4319659.943, 98
Trd, 4319661.543, 98
Trd, 4319662.693, 102
Trd, 4319664.243, 98
Trd, 4319666.243, 99
Trd, 4319666.643, 99
Trd, 4319667.443, 104
Trd, 4319670.143, 100
Trd, 4319670.443, 98
Trd, 4319673.093, 99
Trd, 4319673.293, 105
Trd, 4319674.243, 98
Trd, 4319675.543, 103
Trd, 4319677.693, 98
Trd, 4319682.493, 99
Trd, 4319683.343, 98
Trd, 4319684.343, 98
Trd, 4319685.043, 105
Trd, 4319687.393, 98
Trd, 4319687.443, 97
Trd, 4319689.343, 96
Trd, 4319692.993, 97
Trd, 4319693.793, 100
Trd, 4319694.743, 96
Trd, 4319697.243, 98
Trd, 4319699.193, 99
Trd, 4319701.243, 97
Trd, 4319701.443, 97
Trd, 4319704.543, 97
Trd, 4319705.143, 97
Trd, 4319705.493, 96
Trd, 4319707.443, 95
Trd, 4319711.093, 104
Trd, 4319712.993, 102
Trd, 4319713.493, 100
Trd, 4319714.043, 99
Trd, 4319714.543, 98
Trd, 4319717.143, 100
Trd, 4319719.193, 99
Trd, 4319720.143, 99
Trd, 4319720.493, 102
Trd, 4319721.143, 105
Trd, 4319722.293, 92
Trd, 4319723.293, 93
Trd, 4319724.943, 96
Trd, 4319726.643, 96
Trd, 4319728.193, 95
Trd, 4319730.093, 94
Trd, 4319730.643, 96
Trd, 4319733.743, 96
Trd, 4319734.843, 96
Trd, 4319737.093, 97
Trd, 4319737.943, 95
Trd, 4319738.643, 88
Trd, 4319739.643, 89
Trd, 4319740.443, 90
Trd, 4319742.993, 90
Trd, 4319743.593, 104
Trd, 4319747.343, 92
Trd, 4319747.643, 92
Trd, 4319747.943, 67
Trd, 4319749.243, 83
Trd, 4319749.493, 88
Trd, 4319750.393, 98
Trd, 4319753.593, 88
Trd, 4319754.993, 97
Trd, 4319755.993, 95
Trd, 4319757.643, 104
Trd, 4319758.093, 97
Trd, 4319758.393, 98
Trd, 4319758.893, 74
Trd, 4319761.643, 99
Trd, 4319761.993, 99
Trd, 4319763.693, 99
Trd, 4319765.693, 105
Trd, 4319765.843, 98
Trd, 4319766.543, 96
Trd, 4319767.193, 94
Trd, 4319767.393, 111
Trd, 4319769.243, 97
Trd, 4319771.693, 97
Trd, 4319774.043, 97
Trd, 4319774.293, 96
Trd, 4319774.693, 95
Trd, 4319776.143, 113
Trd, 4319778.743, 97
Trd, 4319779.793, 95
Trd, 4319781.643, 104
Trd, 4319782.643, 97
Trd, 4319784.493, 96
Trd, 4319786.093, 104
Trd, 4319788.793, 100
Trd, 4319790.443, 99
Trd, 4319790.693, 99
Trd, 4319792.693, 96
Trd, 4319794.243, 93
Trd, 4319794.593, 95
Trd, 4319794.993, 95
Trd, 4319798.193, 95
Trd, 4319798.743, 95
Trd, 4319801.443, 98
Trd, 4319802.643, 88
Trd, 4319805.693, 87
Trd, 4319806.543, 94
Trd, 4319806.693, 101
Trd, 4319807.843, 92
Trd, 4319811.043, 100
Trd, 4319811.993, 99
Trd, 4319812.893, 98
Trd, 4319819.443, 99
Trd, 4319821.593, 98
Trd, 4319821.793, 97
Trd, 4319822.443, 88
Trd, 4319825.993, 95
Trd, 4319827.543, 95
Trd, 4319828.843, 95
Trd, 4319830.343, 95
Trd, 4319830.593, 95
Trd, 4319831.443, 98
Trd, 4319833.743, 85
Trd, 4319835.193, 97
Trd, 4319835.693, 97
Trd, 4319836.793, 91
Trd, 4319839.593, 104
Trd, 4319839.693, 90
Trd, 4319841.743, 93
Trd, 4319842.393, 95
Trd, 4319843.543, 96
Trd, 4319844.993, 93
Trd, 4319845.993, 95
Trd, 4319846.493, 92
Trd, 4319849.693, 96
Trd, 4319851.943, 92
Trd, 4319852.943, 92
Trd, 4319855.643, 95
Trd, 4319855.893, 91
Trd, 4319858.493, 90
Trd, 4319858.643, 90
Trd, 4319861.093, 96
Trd, 4319862.643, 104
Trd, 4319863.993, 93
Trd, 4319865.743, 94
Trd, 4319868.793, 93
Trd, 4319869.593, 94
Trd, 4319869.743, 92
Trd, 4319871.243, 95
Trd, 4319874.393, 96
Trd, 4319874.793, 94
Trd, 4319875.443, 93
Trd, 4319878.493, 96
Trd, 4319881.493, 97
Trd, 4319881.643, 96
Trd, 4319882.793, 99
Trd, 4319883.543, 98
Trd, 4319885.043, 96
Trd, 4319887.393, 102
Trd, 4319890.243, 101
Trd, 4319892.293, 99
Trd, 4319896.093, 98
Trd, 4319896.443, 97
Trd, 4319897.893, 102
Trd, 4319899.393, 94
Trd, 4319902.343, 96
Trd, 4319903.893, 95
Trd, 4319905.693, 102
Trd, 4319908.443, 99
Trd, 4319909.143, 98
Trd, 4319910.643, 100
Trd, 4319911.493, 98
Trd, 4319912.093, 101
Trd, 4319915.493, 97
Trd, 4319916.343, 100
Trd, 4319918.343, 97
Trd, 4319920.543, 102
Trd, 4319920.943, 98
Trd, 4319923.493, 99
Trd, 4319924.143, 97
Trd, 4319928.193, 97
Trd, 4319929.043, 99
Trd, 4319929.143, 95
Trd, 4319929.743, 93
Trd, 4319929.843, 86
Trd, 4319933.293, 98
Trd, 4319935.493, 95
Trd, 4319936.143, 95
Trd, 4319937.643, 100
Trd, 4319939.043, 97
Trd, 4319939.143, 98
Trd, 4319940.443, 99
Trd, 4319941.043, 98
Trd, 4319944.193, 98
Trd, 4319945.393, 99
Trd, 4319947.393, 98
Trd, 4319947.743, 100
Trd, 4319948.693, 98
Trd, 4319952.143, 99
Trd, 4319954.293, 98
Trd, 4319954.843, 99
Trd, 4319956.343, 96
Trd, 4319956.543, 97
Trd, 4319958.893, 95
Trd, 4319960.643, 96
Trd, 4319961.143, 96
Trd, 4319962.593, 98
Trd, 4319964.043, 99
Trd, 4319964.743, 98
Trd, 4319966.793, 96
Trd, 4319966.843, 104
Trd, 4319969.843, 100
Trd, 4319971.143, 98
Trd, 4319971.243, 97
Trd, 4319971.693, 95
Trd, 4319972.343, 101
Trd, 4319974.093, 96
Trd, 4319974.343, 100
Trd, 4319975.693, 98
Trd, 4319976.643, 97
Trd, 4319977.993, 96
Trd, 4319979.743, 96
Trd, 4319980.343, 102
Trd, 4319981.043, 99
Trd, 4319982.593, 85
Trd, 4319983.893, 98
Trd, 4319985.093, 100
Trd, 4319986.193, 98
Trd, 4319987.993, 98
Trd, 4319989.743, 90
Trd, 4319990.043, 96
Trd, 4319990.443, 104
Trd, 4319992.193, 96
Trd, 4319994.143, 96
Trd, 4319995.043, 95
Trd, 4319995.593, 96
Trd, 4319995.743, 94
Trd, 4319996.993, 94
