Trd, 4317830.993, 98
Trd, 4317831.593, 97
Trd, 4317831.693, 96
Trd, 4317832.543, 95
Trd, 4317836.493, 95
Trd, 4317836.793, 96
Trd, 4317837.293, 86
Trd, 4317837.543, 96
Trd, 4317839.543, 107
Trd, 4317839.993, 106
Trd, 4317841.243, 105
Trd, 4317841.943, 121
Trd, 4317844.643, 106
Trd, 4317845.743, 106
Trd, 4317846.443, 100
Trd, 4317847.443, 92
Trd, 4317849.443, 93
Trd, 4317849.693, 107
Trd, 4317850.843, 108
Trd, 4317852.893, 108
Trd, 4317853.193, 113
Trd, 4317854.343, 97
Trd, 4317856.243, 100
Trd, 4317857.043, 102
Trd, 4317858.093, 99
Trd, 4317858.643, 105
Trd, 4317862.893, 103
Trd, 4317863.043, 99
Trd, 4317865.743, 97
Trd, 4317865.843, 102
Trd, 4317865.993, 102
Trd, 4317867.643, 92
Trd, 4317868.793, 92
Trd, 4317869.943, 92
Trd, 4317871.593, 101
Trd, 4317873.543, 100
Trd, 4317874.493, 99
Trd, 4317875.593, 110
Trd, 4317875.893, 104
Trd, 4317877.393, 104
Trd, 4317878.143, 103
Trd, 4317878.943, 113
Trd, 4317879.993, 103
Trd, 4317883.143, 104
Trd, 4317883.543, 109
Trd, 4317884.893, 103
Trd, 4317887.943, 104
Trd, 4317889.743, 102
Trd, 4317890.093, 101
Trd, 4317890.693, 102
Trd, 4317893.343, 102
Trd, 4317893.693, 102
Trd, 4317895.443, 106
Trd, 4317896.043, 93
Trd, 4317897.093, 99
Trd, 4317899.293, 99
Trd, 4317900.693, 99
Trd, 4317900.893, 96
Trd, 4317901.293, 94
Trd, 4317905.543, 99
Trd, 4317906.793, 97
Trd, 4317907.893, 105
Trd, 4317909.543, 94
Trd, 4317909.843, 98
Trd, 4317911.843, 94
Trd, 4317912.843, 98
Trd, 4317915.143, 96
Trd, 4317915.393, 97
Trd, 4317918.743, 97
Trd, 4317919.843, 96
Trd, 4317920.243, 98
Trd, 4317921.443, 94
Trd, 4317922.493, 93
Trd, 4317924.693, 95
Trd, 4317927.043, 95
Trd, 4317928.443, 95
Trd, 4317929.093, 85
Trd, 4317930.643, 96
Trd, 4317931.043, 96
Trd, 4317932.493, 91
Trd, 4317932.693, 113
Trd, 4317933.843, 104
Trd, 4317935.443, 94
Trd, 4317936.743, 93
Trd, 4317939.193, 101
Trd, 4317942.193, 102
Trd, 4317942.243, 93
Trd, 4317945.443, 99
Trd, 4317946.893, 101
Trd, 4317950.393, 99
Trd, 4317950.593, 102
Trd, 4317951.293, 113
Trd, 4317955.243, 103
Trd, 4317956.243, 104
Trd, 4317957.193, 98
Trd, 4317968.043, 100
Trd, 4317968.743, 97
Trd, 4317969.093, 100
Trd, 4317969.593, 95
Trd, 4317969.943, 99
Trd, 4317970.793, 102
Trd, 4317972.843, 89
Trd, 4317974.043, 94
Trd, 4317976.993, 93
Trd, 4317979.193, 94
Trd, 4317979.393, 100
Trd, 4317982.243, 96
Trd, 4317982.693, 95
Trd, 4317985.093, 95
Trd, 4317985.593, 96
Trd, 4317986.443, 96
Trd, 4317987.643, 104
Trd, 4317988.493, 104
Trd, 4317989.893, 101
Trd, 4317995.593, 101
Trd, 4317996.243, 100
Trd, 4317998.193, 98
Trd, 4317998.993, 94
Trd, 4317999.243, 102
Trd, 4318000.443, 100
Trd, 4318000.893, 100
Trd, 4318001.493, 96
Trd, 4318006.943, 97
Trd, 4318007.193, 95
Trd, 4318007.393, 98
Trd, 4318009.243, 104
Trd, 4318010.843, 96
Trd, 4318011.343, 100
Trd, 4318012.093, 98
Trd, 4318014.393, 99
Trd, 4318014.543, 100
Trd, 4318019.843, 100
Trd, 4318020.693, 98
Trd, 4318021.193, 100
Trd, 4318022.243, 98
Trd, 4318023.543, 100
Trd, 4318029.093, 97
Trd, 4318029.743, 98
Trd, 4318030.293, 98
Trd, 4318030.693, 97
Trd, 4318032.493, 96
Trd, 4318034.093, 97
Trd, 4318034.843, 107
Trd, 4318035.293, 99
Trd, 4318035.993, 104
Trd, 4318037.343, 97
Trd, 4318041.743, 102
Trd, 4318042.243, 103
Trd, 4318045.943, 100
Trd, 4318046.093, 99
Trd, 4318046.693, 104
Trd, 4318047.493, 104
Trd, 4318048.493, 103
Trd, 4318050.193, 103
Trd, 4318051.293, 100
Trd, 4318052.393, 91
Trd, 4318054.093, 94
Trd, 4318054.943, 97
Trd, 4318055.343, 106
Trd, 4318056.743, 107
Trd, 4318059.443, 111
Trd, 4318061.843, 98
Trd, 4318063.243, 111
Trd, 4318064.043, 105
Trd, 4318064.543, 97
Trd, 4318066.543, 99
Trd, 4318068.643, 98
Trd, 4318070.193, 97
Trd, 4318073.143, 98
Trd, 4318075.143, 105
Trd, 4318077.243, 97
Trd, 4318080.243, 96
Trd, 4318081.943, 96
Trd, 4318083.243, 97
Trd, 4318083.393, 104
Trd, 4318083.543, 113
Trd, 4318084.843, 94
Trd, 4318089.143, 98
Trd, 4318089.943, 100
Trd, 4318092.543, 95
Trd, 4318093.093, 99
Trd, 4318095.793, 101
Trd, 4318097.743, 103
Trd, 4318097.993, 105
Trd, 4318099.293, 100
Trd, 4318101.843, 94
Trd, 4318101.993, 96
Trd, 4318102.343, 95
Trd, 4318102.843, 95
Trd, 4318103.893, 93
Trd, 4318108.243, 92
Trd, 4318108.393, 93
Trd, 4318108.443, 93
Trd, 4318110.543, 106
Trd, 4318113.093, 105
Trd, 4318114.293, 99
Trd, 4318114.743, 100
Trd, 4318115.343, 99
Trd, 4318115.643, 109
Trd, 4318117.943, 100
Trd, 4318118.543, 105
Trd, 4318120.943, 103
Trd, 4318121.343, 104
Trd, 4318121.443, 103
Trd, 4318123.743, 103
Trd, 4318125.143, 109
Trd, 4318126.743, 105
Trd, 4318127.043, 106
Trd, 4318131.043, 103
Trd, 4318131.993, 94
Trd, 4318135.043, 97
Trd, 4318135.293, 98
Trd, 4318136.843, 98
Trd, 4318141.743, 97
Trd, 4318142.243, 99
Trd, 4318144.543, 98
Trd, 4318145.743, 99
Trd, 4318147.593, 100
Trd, 4318148.743, 97
Trd, 4318152.193, 96
Trd, 4318153.293, 98
Trd, 4318155.993, 96
Trd, 4318158.443, 95
Trd, 4318159.643, 92
Trd, 4318159.743, 90
Trd, 4318160.543, 103
Trd, 4318160.943, 105
Trd, 4318163.843, 95
Trd, 4318164.293, 94
Trd, 4318167.593, 97
Trd, 4318168.993, 97
Trd, 4318169.993, 97
Trd, 4318170.793, 94
Trd, 4318171.943, 94
Trd, 4318172.693, 96
Trd, 4318175.243, 95
Trd, 4318178.743, 99
Trd, 4318180.343, 95
Trd, 4318180.593, 96
Trd, 4318181.043, 93
Trd, 4318182.493, 96
Trd, 4318183.043, 93
Trd, 4318184.443, 95
Trd, 4318185.693, 106
Trd, 4318186.293, 87
Trd, 4318189.093, 103
Trd, 4318189.493, 101
Trd, 4318189.593, 100
Trd, 4318192.993, 99
Trd, 4318193.793, 98
Trd, 4318194.193, 92
Trd, 4318197.993, 108
Trd, 4318198.393, 99
Trd, 4318200.543, 98
Trd, 4318203.643, 99
Trd, 4318203.793, 102
Trd, 4318204.093, 103
Trd, 4318204.993, 97
Trd, 4318205.243, 104
Trd, 4318206.943, 113
Trd, 4318207.293, 100
Trd, 4318208.693, 98
Trd, 4318209.043, 101
Trd, 4318211.043, 94
Trd, 4318212.843, 98
Trd, 4318215.093, 97
Trd, 4318216.393, 98
Trd, 4318217.793, 95
Trd, 4318219.393, 122
Trd, 4318220.743, 104
Trd, 4318223.343, 103
Trd, 4318224.693, 102
Trd, 4318225.293, 98
Trd, 4318226.143, 102
Trd, 4318228.643, 98
Trd, 4318229.493, 91
Trd, 4318230.743, 93
Trd, 4318231.793, 92
Trd, 4318232.343, 92
Trd, 4318232.693, 94
Trd, 4318234.893, 99
Trd, 4318237.043, 98
Trd, 4318239.493, 107
Trd, 4318240.343, 96
Trd, 4318242.593, 96
Trd, 4318245.243, 96
Trd, 4318246.443, 106
Trd, 4318247.093, 99
Trd, 4318249.243, 100
Trd, 4318249.893, 100
Trd, 4318251.443, 98
Trd, 4318252.943, 99
Trd, 4318253.843, 100
Trd, 4318254.843, 92
Trd, 4318255.643, 93
Trd, 4318256.943, 95
Trd, 4318261.093, 96
Trd, 4318261.393, 96
Trd, 4318262.793, 96
Trd, 4318266.743, 96
Trd, 4318267.543, 95
Trd, 4318268.193, 96
Trd, 4318268.593, 98
Trd, 4318269.443, 97
Trd, 4318272.143, 97
Trd, 4318273.493, 96
Trd, 4318273.693, 96
Trd, 4318275.543, 96
Trd, 4318276.743, 97
Trd, 4318277.593, 95
Trd, 4318280.393, 95
Trd, 4318283.093, 95
Trd, 4318285.643, 95
Trd, 4318286.793, 96
Trd, 4318288.043, 96
Trd, 4318288.543, 94
Trd, 4318288.643, 96
Trd, 4318288.793, 93
Trd, 4318290.143, 96
Trd, 4318293.093, 92
Trd, 4318293.793, 95
Trd, 4318294.293, 101
Trd, 4318296.093, 101
Trd, 4318297.693, 100
Trd, 4318297.943, 105
Trd, 4318299.493, 100
Trd, 4318301.443, 93
Trd, 4318303.993, 97
Trd, 4318304.743, 96
Trd, 4318305.543, 95
Trd, 4318306.143, 112
Trd, 4318308.193, 88
Trd, 4318309.793, 99
Trd, 4318310.343, 104
Trd, 4318311.393, 90
Trd, 4318312.093, 101
Trd, 4318313.943, 100
Trd, 4318315.793, 96
Trd, 4318316.543, 95
Trd, 4318319.193, 95
Trd, 4318320.143, 96
Trd, 4318325.143, 97
Trd, 4318326.043, 94
Trd, 4318330.943, 97
Trd, 4318332.693, 97
Trd, 4318333.593, 100
Trd, 4318335.493, 102
Trd, 4318336.293, 102
Trd, 4318338.093, 101
Trd, 4318339.543, 100
Trd, 4318340.293, 99
Trd, 4318341.643, 101
Trd, 4318341.893, 97
Trd, 4318342.893, 104
Trd, 4318345.143, 99
Trd, 4318345.243, 101
Trd, 4318348.093, 101
Trd, 4318351.043, 97
Trd, 4318352.493, 97
Trd, 4318353.943, 95
Trd, 4318354.143, 110
Trd, 4318354.993, 95
Trd, 4318357.943, 97
Trd, 4318358.593, 98
Trd, 4318360.193, 106
Trd, 4318363.193, 93
Trd, 4318363.893, 101
Trd, 4318365.993, 102
Trd, 4318366.043, 100
Trd, 4318368.093, 98
Trd, 4318369.743, 106
Trd, 4318371.443, 102
Trd, 4318372.993, 102
Trd, 4318374.193, 97
Trd, 4318374.493, 101
Trd, 4318375.243, 96
Trd, 4318376.243, 102
Trd, 4318378.443, 110
Trd, 4318381.143, 98
Trd, 4318382.043, 100
Trd, 4318382.443, 99
Trd, 4318385.543, 111
Trd, 4318385.743, 102
Trd, 4318389.093, 104
Trd, 4318390.093, 124
Trd, 4318392.093, 102
Trd, 4318393.243, 100
Trd, 4318394.893, 104
Trd, 4318398.543, 102
Trd, 4318399.293, 102
Trd, 4318399.343, 99
Trd, 4318401.543, 87
Trd, 4318402.443, 96
Trd, 4318406.093, 95
Trd, 4318407.243, 95
Trd, 4318408.243, 96
Trd, 4318410.893, 97
Trd, 4318412.793, 96
Trd, 4318412.893, 98
Trd, 4318414.493, 98
Trd, 4318419.193, 96
Trd, 4318421.693, 97
Trd, 4318422.293, 95
Trd, 4318423.793, 96
Trd, 4318427.493, 109
Trd, 4318428.043, 101
Trd, 4318430.293, 101
Trd, 4318431.193, 102
Trd, 4318433.143, 102
Trd, 4318434.493, 104
Trd, 4318434.893, 100
Trd, 4318436.943, 106
Trd, 4318437.193, 103
Trd, 4318437.643, 102
Trd, 4318440.643, 95
Trd, 4318441.593, 100
Trd, 4318442.143, 98
Trd, 4318443.343, 93
Trd, 4318443.993, 96
Trd, 4318445.143, 96
Trd, 4318445.343, 99
Trd, 4318448.043, 95
Trd, 4318448.793, 94
Trd, 4318449.693, 99
Trd, 4318449.843, 105
Trd, 4318450.693, 96
Trd, 4318452.243, 106
Trd, 4318455.393, 102
Trd, 4318456.393, 101
Trd, 4318457.293, 96
Trd, 4318458.993, 98
Trd, 4318461.543, 95
Trd, 4318461.943, 95
Trd, 4318463.643, 93
Trd, 4318463.793, 98
Trd, 4318463.843, 104
Trd, 4318464.143, 85
Trd, 4318464.893, 94
Trd, 4318465.593, 99
Trd, 4318467.943, 90
Trd, 4318468.893, 91
Trd, 4318471.143, 113
Trd, 4318471.193, 98
Trd, 4318471.393, 116
Trd, 4318472.793, 91
Trd, 4318473.143, 102
Trd, 4318475.343, 104
Trd, 4318478.943, 103
Trd, 4318478.993, 97
Trd, 4318479.943, 98
Trd, 4318480.593, 90
Trd, 4318482.543, 107
Trd, 4318483.043, 114
Trd, 4318483.893, 119
Trd, 4318483.943, 110
Trd, 4318485.843, 114
Trd, 4318486.193, 99
Trd, 4318490.243, 114
Trd, 4318491.243, 106
Trd, 4318492.093, 116
Trd, 4318493.343, 106
Trd, 4318493.943, 96
Trd, 4318495.993, 100
Trd, 4318500.193, 99
Trd, 4318500.543, 101
Trd, 4318500.943, 98
Trd, 4318503.193, 97
Trd, 4318503.793, 100
Trd, 4318504.193, 97
Trd, 4318504.243, 114
Trd, 4318505.543, 102
Trd, 4318508.793, 99
Trd, 4318508.943, 94
Trd, 4318510.293, 102
Trd, 4318514.093, 96
Trd, 4318516.843, 102
Trd, 4318517.893, 95
Trd, 4318518.593, 97
Trd, 4318519.193, 102
Trd, 4318521.293, 101
Trd, 4318521.593, 100
Trd, 4318522.293, 103
Trd, 4318525.143, 97
Trd, 4318528.443, 95
Trd, 4318529.593, 95
Trd, 4318531.093, 101
Trd, 4318531.793, 107
Trd, 4318533.893, 104
Trd, 4318534.443, 102
Trd, 4318536.093, 102
Trd, 4318537.243, 106
Trd, 4318539.493, 105
Trd, 4318542.743, 103
Trd, 4318543.293, 95
Trd, 4318543.993, 110
Trd, 4318544.793, 105
Trd, 4318544.843, 108
Trd, 4318549.193, 98
Trd, 4318549.493, 94
Trd, 4318550.443, 97
Trd, 4318552.743, 97
Trd, 4318553.143, 96
Trd, 4318555.193, 96
Trd, 4318555.943, 96
Trd, 4318558.393, 97
Trd, 4318560.843, 95
Trd, 4318560.893, 95
Trd, 4318562.693, 96
Trd, 4318563.693, 95
Trd, 4318563.793, 96
Trd, 4318565.993, 94
Trd, 4318567.843, 96
Trd, 4318569.593, 96
Trd, 4318571.043, 99
Trd, 4318572.493, 99
Trd, 4318573.393, 106
Trd, 4318574.043, 98
Trd, 4318574.843, 104
Trd, 4318577.393, 95
Trd, 4318581.143, 99
Trd, 4318581.343, 97
Trd, 4318583.543, 100
Trd, 4318584.993, 101
Trd, 4318590.193, 97
Trd, 4318593.543, 100
Trd, 4318593.943, 101
Trd, 4318597.843, 102
Trd, 4318598.743, 101
Trd, 4318601.093, 100
Trd, 4318604.243, 105
Trd, 4318605.793, 99
Trd, 4318612.743, 99
Trd, 4318614.393, 102
Trd, 4318614.743, 102
Trd, 4318616.843, 102
Trd, 4318618.743, 96
Trd, 4318622.443, 100
Trd, 4318623.543, 95
Trd, 4318624.343, 98
Trd, 4318626.493, 95
Trd, 4318628.143, 102
Trd, 4318629.743, 99
Trd, 4318630.693, 85
Trd, 4318631.793, 94
Trd, 4318632.943, 100
Trd, 4318636.193, 94
Trd, 4318637.093, 95
Trd, 4318638.043, 109
Trd, 4318639.693, 96
Trd, 4318642.843, 99
Trd, 4318643.493, 101
Trd, 4318645.443, 95
Trd, 4318650.593, 97
Trd, 4318653.793, 95
Trd, 4318653.943, 97
Trd, 4318655.493, 93
Trd, 4318656.293, 104
Trd, 4318658.193, 100
Trd, 4318659.093, 91
Trd, 4318659.843, 97
Trd, 4318660.793, 95
Trd, 4318662.893, 91
Trd, 4318664.693, 95
Trd, 4318666.643, 87
Trd, 4318667.143, 95
Trd, 4318669.893, 98
Trd, 4318672.443, 102
Trd, 4318672.993, 104
Trd, 4318673.593, 103
Trd, 4318674.843, 102
Trd, 4318676.193, 99
Trd, 4318677.593, 98
Trd, 4318683.243, 97
Trd, 4318683.393, 105
Trd, 4318686.193, 99
Trd, 4318686.493, 95
Trd, 4318687.343, 96
Trd, 4318687.843, 99
Trd, 4318687.993, 100
Trd, 4318689.893, 97
Trd, 4318690.693, 96
Trd, 4318691.593, 94
Trd, 4318694.593, 96
Trd, 4318695.643, 94
Trd, 4318695.843, 96
Trd, 4318698.243, 104
Trd, 4318698.943, 99
Trd, 4318699.993, 99
Trd, 4318701.393, 93
Trd, 4318701.743, 104
Trd, 4318703.943, 90
Trd, 4318705.993, 102
Trd, 4318708.243, 99
Trd, 4318708.793, 99
Trd, 4318710.643, 103
Trd, 4318711.343, 100
Trd, 4318712.643, 105
Trd, 4318713.893, 113
Trd, 4318715.093, 105
Trd, 4318715.443, 103
Trd, 4318719.043, 104
Trd, 4318719.793, 91
Trd, 4318721.443, 92
Trd, 4318722.243, 94
Trd, 4318722.293, 85
Trd, 4318723.843, 96
Trd, 4318729.843, 98
Trd, 4318731.343, 96
Trd, 4318734.743, 105
Trd, 4318734.943, 99
Trd, 4318735.343, 94
Trd, 4318738.243, 91
Trd, 4318738.843, 92
Trd, 4318739.593, 104
Trd, 4318743.043, 98
Trd, 4318745.143, 97
Trd, 4318746.143, 96
Trd, 4318746.443, 96
Trd, 4318748.943, 98
Trd, 4318749.493, 97
Trd, 4318749.543, 95
Trd, 4318750.393, 104
Trd, 4318750.443, 97
Trd, 4318751.793, 108
Trd, 4318757.543, 101
Trd, 4318757.643, 98
Trd, 4318758.543, 98
Trd, 4318759.143, 99
Trd, 4318759.893, 104
Trd, 4318760.393, 90
Trd, 4318761.243, 94
Trd, 4318761.443, 93
Trd, 4318763.893, 99
Trd, 4318764.293, 96
Trd, 4318767.443, 106
Trd, 4318767.793, 90
Trd, 4318768.893, 92
Trd, 4318769.643, 95
Trd, 4318771.793, 94
Trd, 4318772.343, 100
Trd, 4318773.643, 93
Trd, 4318774.193, 99
Trd, 4318776.493, 91
Trd, 4318777.693, 98
Trd, 4318780.743, 97
Trd, 4318781.743, 95
Trd, 4318781.793, 92
Trd, 4318782.893, 98
Trd, 4318783.543, 110
Trd, 4318783.843, 99
Trd, 4318787.093, 102
Trd, 4318787.893, 97
Trd, 4318788.793, 95
Trd, 4318789.593, 103
Trd, 4318789.643, 105
Trd, 4318792.993, 102
Trd, 4318793.143, 102
Trd, 4318796.593, 100
Trd, 4318796.693, 107
Trd, 4318798.043, 100
Trd, 4318798.743, 104
Trd, 4318800.643, 100
Trd, 4318802.293, 100
Trd, 4318802.643, 103
Trd, 4318804.193, 103
Trd, 4318805.243, 106
Trd, 4318806.293, 94
Trd, 4318807.093, 87
Trd, 4318809.793, 94
Trd, 4318810.243, 101
Trd, 4318811.243, 96
Trd, 4318812.893, 98
Trd, 4318814.043, 97
Trd, 4318814.993, 98
Trd, 4318815.343, 96
Trd, 4318818.443, 91
Trd, 4318818.643, 95
Trd, 4318821.093, 93
Trd, 4318821.693, 113
Trd, 4318822.493, 105
Trd, 4318823.093, 105
Trd, 4318823.193, 95
Trd, 4318825.193, 103
Trd, 4318826.443, 106
Trd, 4318827.393, 103
Trd, 4318831.093, 102
Trd, 4318833.293, 101
Trd, 4318833.793, 91
Trd, 4318834.043, 101
Trd, 4318835.943, 100
Trd, 4318837.393, 101
Trd, 4318838.643, 97
Trd, 4318840.743, 101
Trd, 4318841.543, 95
Trd, 4318845.943, 103
Trd, 4318846.043, 104
Trd, 4318847.193, 100
Trd, 4318847.993, 101
Trd, 4318850.893, 96
Trd, 4318851.643, 99
Trd, 4318853.393, 95
Trd, 4318854.493, 99
Trd, 4318855.493, 96
Trd, 4318855.743, 95
Trd, 4318855.943, 104
Trd, 4318858.643, 100
Trd, 4318859.993, 100
Trd, 4318860.693, 95
Trd, 4318862.393, 96
Trd, 4318863.243, 101
Trd, 4318864.993, 100
Trd, 4318866.543, 104
Trd, 4318869.093, 105
Trd, 4318870.793, 104
Trd, 4318871.393, 105
Trd, 4318873.893, 103
Trd, 4318874.093, 106
Trd, 4318877.643, 96
Trd, 4318878.393, 97
Trd, 4318881.543, 98
Trd, 4318881.943, 89
Trd, 4318883.093, 104
Trd, 4318885.843, 97
Trd, 4318888.143, 101
Trd, 4318888.843, 103
Trd, 4318890.143, 102
Trd, 4318890.443, 93
Trd, 4318892.443, 99
Trd, 4318895.743, 97
Trd, 4318896.893, 98
Trd, 4318897.743, 95
Trd, 4318900.743, 94
Trd, 4318902.093, 101
Trd, 4318903.893, 98
Trd, 4318905.143, 98
Trd, 4318905.293, 96
Trd, 4318906.293, 97
Trd, 4318907.943, 95
Trd, 4318909.043, 93
Trd, 4318909.443, 113
Trd, 4318910.943, 108
Trd, 4318912.293, 113
Trd, 4318913.293, 107
Trd, 4318916.043, 111
Trd, 4318917.043, 106
Trd, 4318917.643, 102
Trd, 4318918.143, 102
Trd, 4318920.293, 102
Trd, 4318922.843, 89
Trd, 4318926.543, 97
Trd, 4318927.193, 96
Trd, 4318928.093, 101
Trd, 4318930.293, 100
Trd, 4318931.243, 100
Trd, 4318932.593, 100
Trd, 4318933.943, 101
Trd, 4318934.043, 95
Trd, 4318935.693, 98
Trd, 4318937.793, 100
Trd, 4318938.693, 105
Trd, 4318940.693, 103
Trd, 4318942.943, 103
Trd, 4318947.393, 103
Trd, 4318948.143, 103
Trd, 4318948.543, 102
Trd, 4318948.843, 101
Trd, 4318953.943, 103
Trd, 4318954.993, 104
Trd, 4318955.543, 105
Trd, 4318956.543, 106
Trd, 4318958.143, 103
Trd, 4318960.493, 105
Trd, 4318960.743, 102
Trd, 4318961.193, 101
Trd, 4318963.193, 104
Trd, 4318964.593, 104
Trd, 4318964.843, 95
Trd, 4318965.343, 102
Trd, 4318967.543, 99
Trd, 4318967.643, 99
Trd, 4318970.293, 100
Trd, 4318971.093, 101
Trd, 4318972.043, 108
Trd, 4318972.893, 98
Trd, 4318976.993, 98
Trd, 4318979.943, 98
Trd, 4318984.043, 102
Trd, 4318986.243, 102
Trd, 4318987.293, 101
Trd, 4318988.693, 101
Trd, 4318989.793, 97
Trd, 4318993.793, 96
Trd, 4318996.143, 97
Trd, 4318996.243, 97
Trd, 4318996.443, 95
Trd, 4318997.293, 104
Trd, 4318998.693, 104
Trd, 4318999.493, 102
Trd, 4318999.993, 113
Trd, 4319001.093, 101
Trd, 4319002.093, 99
Trd, 4319002.293, 105
Trd, 4319004.193, 98
Trd, 4319008.743, 102
Trd, 4319009.143, 96
Trd, 4319013.593, 98
Trd, 4319015.893, 98
Trd, 4319016.793, 97
Trd, 4319020.093, 96
Trd, 4319020.193, 98
Trd, 4319021.593, 98
Trd, 4319022.343, 109
Trd, 4319026.043, 105
Trd, 4319026.643, 100
Trd, 4319026.843, 109
Trd, 4319031.043, 106
Trd, 4319031.443, 106
Trd, 4319031.743, 105
Trd, 4319032.293, 108
Trd, 4319034.043, 104
Trd, 4319036.493, 105
Trd, 4319036.643, 104
Trd, 4319038.143, 104
Trd, 4319039.393, 95
Trd, 4319040.443, 95
Trd, 4319041.843, 91
Trd, 4319042.343, 97
Trd, 4319044.343, 106
Trd, 4319047.143, 97
Trd, 4319049.043, 97
Trd, 4319049.493, 100
Trd, 4319050.293, 102
Trd, 4319052.893, 97
Trd, 4319054.343, 99
Trd, 4319058.093, 97
Trd, 4319058.843, 102
Trd, 4319059.593, 101
Trd, 4319062.293, 105
Trd, 4319062.843, 101
Trd, 4319063.343, 100
Trd, 4319065.743, 103
Trd, 4319066.793, 106
Trd, 4319068.193, 94
Trd, 4319068.793, 106
Trd, 4319070.243, 98
Trd, 4319071.093, 98
Trd, 4319071.493, 91
Trd, 4319071.743, 99
Trd, 4319074.193, 92
Trd, 4319075.843, 95
Trd, 4319075.893, 99
Trd, 4319079.443, 91
Trd, 4319081.443, 91
Trd, 4319081.793, 113
Trd, 4319085.093, 101
Trd, 4319085.743, 93
Trd, 4319086.343, 101
Trd, 4319087.943, 99
Trd, 4319090.543, 101
Trd, 4319093.443, 98
Trd, 4319095.593, 97
Trd, 4319096.043, 95
Trd, 4319096.893, 93
Trd, 4319099.793, 94
Trd, 4319102.393, 97
Trd, 4319102.593, 106
Trd, 4319105.093, 96
Trd, 4319105.293, 102
Trd, 4319105.543, 105
Trd, 4319105.793, 113
Trd, 4319107.393, 104
Trd, 4319108.043, 105
Trd, 4319108.343, 104
Trd, 4319110.843, 101
Trd, 4319110.993, 102
Trd, 4319111.343, 95
Trd, 4319111.643, 108
Trd, 4319113.643, 98
Trd, 4319114.243, 95
Trd, 4319116.393, 104
Trd, 4319120.543, 99
Trd, 4319121.593, 95
Trd, 4319123.293, 99
Trd, 4319124.543, 99
Trd, 4319127.193, 96
Trd, 4319127.243, 97
Trd, 4319129.593, 103
Trd, 4319130.293, 102
Trd, 4319132.393, 99
Trd, 4319133.143, 104
Trd, 4319134.843, 103
Trd, 4319136.043, 96
Trd, 4319137.543, 97
Trd, 4319137.993, 104
Trd, 4319138.643, 98
Trd, 4319141.343, 96
Trd, 4319143.743, 97
Trd, 4319145.043, 97
Trd, 4319145.643, 97
Trd, 4319146.293, 104
Trd, 4319147.393, 100
Trd, 4319147.693, 100
Trd, 4319149.843, 100
Trd, 4319151.043, 101
Trd, 4319151.993, 106
Trd, 4319153.493, 100
Trd, 4319155.943, 104
Trd, 4319158.193, 104
Trd, 4319158.943, 105
Trd, 4319161.643, 101
Trd, 4319162.643, 104
Trd, 4319164.543, 100
Trd, 4319164.793, 103
Trd, 4319166.943, 99
Trd, 4319167.243, 99
Trd, 4319169.143, 97
Trd, 4319172.093, 96
Trd, 4319172.693, 124
Trd, 4319172.893, 105
Trd, 4319173.843, 107
Trd, 4319176.143, 105
Trd, 4319176.843, 105
Trd, 4319179.743, 94
Trd, 4319183.343, 100
Trd, 4319183.393, 104
Trd, 4319185.843, 98
Trd, 4319186.643, 97
Trd, 4319187.193, 99
Trd, 4319188.043, 96
Trd, 4319190.593, 102
Trd, 4319191.143, 95
Trd, 4319193.843, 104
Trd, 4319194.043, 101
Trd, 4319195.243, 104
Trd, 4319196.343, 113
Trd, 4319197.993, 102
Trd, 4319199.593, 108
Trd, 4319200.993, 104
Trd, 4319205.343, 104
Trd, 4319205.743, 104
Trd, 4319206.793, 102
Trd, 4319208.043, 104
Trd, 4319209.693, 101
Trd, 4319210.093, 100
Trd, 4319212.993, 89
Trd, 4319213.693, 102
Trd, 4319214.793, 79
Trd, 4319215.543, 99
Trd, 4319219.793, 93
Trd, 4319223.093, 94
Trd, 4319223.143, 94
Trd, 4319223.643, 92
Trd, 4319224.543, 107
Trd, 4319228.993, 102
Trd, 4319229.243, 101
Trd, 4319229.443, 98
Trd, 4319230.493, 97
Trd, 4319231.193, 89
Trd, 4319233.043, 92
Trd, 4319234.593, 93
Trd, 4319235.543, 104
Trd, 4319236.543, 94
Trd, 4319236.643, 94
Trd, 4319239.843, 96
Trd, 4319240.193, 94
Trd, 4319243.893, 93
Trd, 4319245.693, 92
Trd, 4319245.743, 95
Trd, 4319247.193, 102
Trd, 4319247.593, 98
Trd, 4319248.743, 96
Trd, 4319250.393, 94
Trd, 4319251.593, 111
Trd, 4319252.393, 113
Trd, 4319257.343, 105
Trd, 4319257.443, 106
Trd, 4319258.243, 106
Trd, 4319259.643, 104
Trd, 4319260.993, 89
Trd, 4319261.343, 91
Trd, 4319262.493, 107
Trd, 4319263.443, 98
Trd, 4319265.693, 98
Trd, 4319266.943, 106
Trd, 4319271.443, 101
Trd, 4319271.893, 100
Trd, 4319272.893, 98
Trd, 4319274.343, 107
Trd, 4319275.493, 101
Trd, 4319276.193, 101
Trd, 4319276.493, 104
Trd, 4319279.143, 96
Trd, 4319279.743, 96
Trd, 4319280.243, 103
Trd, 4319281.193, 111
Trd, 4319282.993, 101
Trd, 4319286.693, 95
Trd, 4319286.743, 97
Trd, 4319288.543, 96
Trd, 4319288.593, 97
Trd, 4319288.693, 107
Trd, 4319293.443, 98
Trd, 4319293.643, 96
Trd, 4319294.443, 97
Trd, 4319294.743, 95
Trd, 4319294.943, 92
Trd, 4319296.743, 96
Trd, 4319296.943, 106
Trd, 4319298.843, 93
Trd, 4319301.293, 98
Trd, 4319302.443, 98
Trd, 4319304.843, 105
Trd, 4319305.193, 102
Trd, 4319306.293, 102
Trd, 4319306.393, 101
Trd, 4319307.243, 105
Trd, 4319309.293, 91
Trd, 4319309.743, 110
Trd, 4319310.693, 108
Trd, 4319313.343, 106
Trd, 4319314.143, 95
Trd, 4319315.093, 101
Trd, 4319315.493, 102
Trd, 4319316.043, 100
Trd, 4319317.443, 100
Trd, 4319319.643, 103
Trd, 4319322.943, 99
Trd, 4319323.793, 103
Trd, 4319325.043, 98
Trd, 4319327.343, 96
Trd, 4319327.643, 101
Trd, 4319327.943, 95
Trd, 4319329.443, 95
Trd, 4319329.893, 92
Trd, 4319330.393, 97
Trd, 4319335.843, 97
Trd, 4319336.243, 97
Trd, 4319338.343, 95
Trd, 4319340.593, 97
Trd, 4319343.743, 95
Trd, 4319344.343, 109
Trd, 4319344.643, 96
Trd, 4319348.743, 95
Trd, 4319349.093, 94
Trd, 4319350.293, 97
Trd, 4319351.893, 97
Trd, 4319354.493, 99
Trd, 4319356.893, 104
Trd, 4319358.543, 102
Trd, 4319359.993, 102
Trd, 4319361.443, 102
Trd, 4319361.593, 96
Trd, 4319365.443, 109
Trd, 4319367.993, 114
Trd, 4319368.743, 105
Trd, 4319370.443, 105
Trd, 4319371.593, 102
Trd, 4319371.693, 104
Trd, 4319373.543, 104
Trd, 4319373.693, 102
Trd, 4319373.843, 105
Trd, 4319376.443, 97
Trd, 4319377.843, 94
Trd, 4319380.193, 99
Trd, 4319383.293, 94
Trd, 4319384.193, 95
Trd, 4319385.043, 94
Trd, 4319385.593, 95
Trd, 4319388.193, 94
Trd, 4319388.743, 93
Trd, 4319389.293, 95
Trd, 4319390.793, 95
Trd, 4319391.643, 92
Trd, 4319394.393, 97
Trd, 4319395.043, 96
Trd, 4319395.193, 91
Trd, 4319395.293, 104
Trd, 4319398.693, 97
Trd, 4319399.093, 100
Trd, 4319399.593, 92
Trd, 4319400.243, 99
Trd, 4319400.643, 113
Trd, 4319404.093, 95
Trd, 4319408.043, 100
Trd, 4319408.543, 98
Trd, 4319411.843, 100
Trd, 4319414.543, 103
Trd, 4319414.693, 101
Trd, 4319415.243, 101
Trd, 4319417.143, 94
Trd, 4319417.443, 94
Trd, 4319419.143, 97
Trd, 4319422.043, 93
Trd, 4319425.143, 104
Trd, 4319425.343, 99
Trd, 4319425.693, 99
Trd, 4319426.243, 99
Trd, 4319428.993, 101
Trd, 4319429.593, 101
Trd, 4319431.793, 106
Trd, 4319432.793, 104
Trd, 4319434.993, 106
Trd, 4319435.093, 103
Trd, 4319437.443, 101
Trd, 4319439.393, 101
Trd, 4319440.543, 108
Trd, 4319440.793, 104
Trd, 4319443.393, 100
Trd, 4319443.843, 102
Trd, 4319444.743, 105
Trd, 4319444.843, 104
Trd, 4319447.393, 101
Trd, 4319449.743, 104
Trd, 4319451.543, 104
Trd, 4319452.243, 101
Trd, 4319455.143, 100
Trd, 4319456.243, 104
Trd, 4319459.193, 100
Trd, 4319462.543, 105
Trd, 4319463.793, 103
Trd, 4319465.843, 101
Trd, 4319466.993, 101
Trd, 4319467.543, 99
Trd, 4319470.143, 94
Trd, 4319471.593, 94
Trd, 4319473.193, 96
Trd, 4319473.643, 93
Trd, 4319475.343, 95
Trd, 4319478.643, 97
Trd, 4319480.543, 101
Trd, 4319482.243, 103
Trd, 4319485.193, 100
Trd, 4319485.443, 101
Trd, 4319485.493, 107
Trd, 4319485.693, 99
Trd, 4319486.943, 102
Trd, 4319495.093, 99
Trd, 4319498.093, 100
Trd, 4319498.643, 99
Trd, 4319500.143, 101
Trd, 4319500.493, 101
Trd, 4319500.643, 100
Trd, 4319503.043, 103
Trd, 4319505.093, 103
Trd, 4319505.343, 99
Trd, 4319506.093, 97
Trd, 4319509.393, 100
Trd, 4319509.993, 96
Trd, 4319515.443, 98
Trd, 4319517.243, 97
Trd, 4319518.893, 101
Trd, 4319520.993, 98
Trd, 4319521.293, 89
Trd, 4319522.843, 97
Trd, 4319523.843, 98
Trd, 4319525.693, 89
Trd, 4319526.243, 93
Trd, 4319527.843, 97
Trd, 4319529.093, 95
Trd, 4319530.643, 105
Trd, 4319531.193, 95
Trd, 4319532.743, 113
Trd, 4319534.493, 94
Trd, 4319537.943, 97
Trd, 4319538.593, 100
Trd, 4319543.943, 95
Trd, 4319544.043, 95
Trd, 4319547.443, 100
Trd, 4319547.593, 100
Trd, 4319547.893, 97
Trd, 4319550.543, 106
Trd, 4319551.793, 95
Trd, 4319553.643, 97
Trd, 4319553.893, 113
Trd, 4319555.093, 100
Trd, 4319555.443, 105
Trd, 4319556.843, 103
Trd, 4319557.493, 89
Trd, 4319559.093, 98
Trd, 4319560.093, 113
Trd, 4319563.643, 97
Trd, 4319564.293, 94
Trd, 4319569.043, 96
Trd, 4319569.543, 95
Trd, 4319572.043, 103
Trd, 4319573.743, 102
Trd, 4319574.993, 102
Trd, 4319576.593, 95
Trd, 4319578.393, 95
Trd, 4319578.643, 95
Trd, 4319578.693, 99
Trd, 4319580.843, 97
Trd, 4319582.093, 97
Trd, 4319582.443, 96
Trd, 4319582.493, 94
Trd, 4319583.543, 105
Trd, 4319587.993, 99
Trd, 4319588.793, 100
Trd, 4319589.093, 91
Trd, 4319589.993, 96
Trd, 4319592.043, 101
Trd, 4319597.343, 98
Trd, 4319599.593, 97
Trd, 4319600.343, 97
Trd, 4319602.043, 97
Trd, 4319604.193, 96
Trd, 4319605.493, 97
Trd, 4319605.743, 96
Trd, 4319607.343, 106
Trd, 4319609.793, 104
Trd, 4319611.093, 102
Trd, 4319611.343, 103
Trd, 4319612.693, 106
Trd, 4319616.193, 99
Trd, 4319617.993, 104
Trd, 4319618.293, 101
Trd, 4319619.893, 99
Trd, 4319620.093, 105
Trd, 4319623.493, 95
Trd, 4319623.743, 103
Trd, 4319626.343, 99
Trd, 4319628.293, 97
Trd, 4319629.843, 97
Trd, 4319635.293, 97
Trd, 4319636.193, 96
Trd, 4319636.893, 98
Trd, 4319636.943, 95
Trd, 4319638.943, 109
Trd, 4319640.043, 95
Trd, 4319640.793, 100
Trd, 4319640.893, 97
Trd, 4319644.193, 98
Trd, 4319644.543, 97
Trd, 4319647.543, 97
Trd, 4319648.593, 97
Trd, 4319648.943, 95
Trd, 4319649.343, 95
Trd, 4319650.043, 94
Trd, 4319650.793, 92
Trd, 4319651.143, 106
Trd, 4319652.943, 99
Trd, 4319654.293, 92
Trd, 4319655.993, 97
Trd, 4319658.693, 98
Trd, 4319658.743, 98
Trd, 4319660.093, 102
Trd, 4319662.543, 87
Trd, 4319663.193, 101
Trd, 4319664.043, 100
Trd, 4319665.093, 98
Trd, 4319667.843, 99
Trd, 4319668.993, 104
Trd, 4319670.343, 101
Trd, 4319671.343, 104
Trd, 4319672.593, 104
Trd, 4319673.393, 94
Trd, 4319675.393, 105
Trd, 4319678.443, 98
Trd, 4319679.193, 100
Trd, 4319679.843, 101
Trd, 4319680.593, 97
Trd, 4319681.893, 96
Trd, 4319683.193, 94
Trd, 4319684.393, 96
Trd, 4319686.143, 94
Trd, 4319686.993, 96
Trd, 4319690.593, 94
Trd, 4319691.343, 98
Trd, 4319692.793, 95
Trd, 4319695.143, 94
Trd, 4319695.893, 95
Trd, 4319695.943, 107
Trd, 4319696.943, 110
Trd, 4319697.093, 104
Trd, 4319699.093, 110
Trd, 4319699.643, 109
Trd, 4319699.993, 104
Trd, 4319701.643, 93
Trd, 4319703.043, 104
Trd, 4319704.593, 105
Trd, 4319704.643, 106
Trd, 4319705.593, 102
Trd, 4319706.043, 101
Trd, 4319708.443, 102
Trd, 4319709.843, 100
Trd, 4319710.893, 90
Trd, 4319711.793, 94
Trd, 4319712.743, 85
Trd, 4319714.543, 93
Trd, 4319715.043, 89
Trd, 4319716.493, 89
Trd, 4319717.393, 88
Trd, 4319717.443, 93
Trd, 4319718.393, 104
Trd, 4319719.193, 96
Trd, 4319720.393, 105
Trd, 4319720.743, 100
Trd, 4319724.743, 100
Trd, 4319725.193, 99
Trd, 4319725.843, 97
Trd, 4319727.593, 91
Trd, 4319727.743, 95
Trd, 4319730.343, 104
Trd, 4319731.843, 98
Trd, 4319732.993, 98
Trd, 4319733.693, 101
Trd, 4319736.093, 101
Trd, 4319736.643, 106
Trd, 4319737.493, 103
Trd, 4319738.743, 104
Trd, 4319739.943, 106
Trd, 4319740.693, 104
Trd, 4319742.543, 91
Trd, 4319742.693, 97
Trd, 4319746.443, 93
Trd, 4319748.493, 103
Trd, 4319749.593, 100
Trd, 4319751.993, 98
Trd, 4319754.643, 98
Trd, 4319756.643, 96
Trd, 4319756.693, 96
Trd, 4319756.843, 96
Trd, 4319759.043, 96
Trd, 4319759.193, 95
Trd, 4319760.993, 97
Trd, 4319763.343, 93
Trd, 4319763.543, 85
Trd, 4319764.893, 93
Trd, 4319765.843, 103
Trd, 4319767.693, 107
Trd, 4319769.093, 89
Trd, 4319772.693, 96
Trd, 4319774.543, 94
Trd, 4319775.043, 94
Trd, 4319776.893, 90
Trd, 4319778.993, 97
Trd, 4319779.043, 103
Trd, 4319779.693, 98
Trd, 4319780.943, 109
Trd, 4319784.493, 103
Trd, 4319786.093, 104
Trd, 4319786.693, 101
Trd, 4319786.943, 97
Trd, 4319788.193, 88
Trd, 4319789.643, 92
Trd, 4319792.343, 95
Trd, 4319792.493, 97
Trd, 4319794.443, 98
Trd, 4319795.443, 96
Trd, 4319796.193, 96
Trd, 4319800.243, 97
Trd, 4319801.293, 104
Trd, 4319802.243, 100
Trd, 4319804.443, 99
Trd, 4319805.193, 100
Trd, 4319808.093, 106
Trd, 4319808.693, 104
Trd, 4319812.093, 104
Trd, 4319813.093, 88
Trd, 4319813.993, 103
Trd, 4319816.043, 101
Trd, 4319821.893, 100
Trd, 4319822.243, 101
Trd, 4319822.543, 99
Trd, 4319823.543, 91
Trd, 4319825.193, 102
Trd, 4319827.393, 96
Trd, 4319828.243, 99
Trd, 4319828.343, 94
Trd, 4319830.493, 99
Trd, 4319831.643, 106
Trd, 4319833.543, 102
Trd, 4319833.943, 102
Trd, 4319834.443, 95
Trd, 4319835.993, 103
Trd, 4319836.993, 104
Trd, 4319838.043, 103
Trd, 4319839.793, 102
Trd, 4319842.593, 102
Trd, 4319842.693, 104
Trd, 4319843.743, 101
Trd, 4319845.343, 94
Trd, 4319846.443, 97
Trd, 4319847.543, 97
Trd, 4319851.443, 95
Trd, 4319852.393, 103
Trd, 4319855.943, 100
Trd, 4319856.943, 99
Trd, 4319857.443, 92
Trd, 4319858.043, 102
Trd, 4319859.243, 104
Trd, 4319861.343, 103
Trd, 4319862.643, 103
Trd, 4319864.193, 103
Trd, 4319868.943, 103
Trd, 4319869.793, 102
Trd, 4319871.043, 101
Trd, 4319871.843, 111
Trd, 4319872.793, 106
Trd, 4319875.243, 104
Trd, 4319876.193, 95
Trd, 4319877.343, 99
Trd, 4319879.393, 99
Trd, 4319881.143, 103
Trd, 4319882.643, 98
Trd, 4319885.043, 98
Trd, 4319885.793, 104
Trd, 4319888.093, 95
Trd, 4319891.693, 98
Trd, 4319895.043, 98
Trd, 4319895.593, 95
Trd, 4319899.143, 99
Trd, 4319899.993, 94
Trd, 4319903.243, 98
Trd, 4319903.543, 92
Trd, 4319905.493, 99
Trd, 4319907.243, 104
Trd, 4319908.943, 98
Trd, 4319909.193, 100
Trd, 4319910.543, 85
Trd, 4319911.343, 88
Trd, 4319912.043, 87
Trd, 4319913.393, 86
Trd, 4319915.043, 97
Trd, 4319916.093, 91
Trd, 4319918.343, 91
Trd, 4319919.143, 105
Trd, 4319921.443, 90
Trd, 4319921.743, 95
Trd, 4319922.893, 91
Trd, 4319923.493, 89
Trd, 4319926.393, 96
Trd, 4319928.943, 95
Trd, 4319929.543, 95
Trd, 4319930.543, 94
Trd, 4319932.293, 94
Trd, 4319933.743, 101
Trd, 4319935.393, 100
Trd, 4319936.143, 100
Trd, 4319937.643, 106
Trd, 4319938.543, 115
Trd, 4319941.643, 100
Trd, 4319943.293, 97
Trd, 4319943.993, 97
Trd, 4319946.543, 102
Trd, 4319947.243, 102
Trd, 4319947.993, 91
Trd, 4319948.843, 94
Trd, 4319950.093, 94
Trd, 4319952.593, 102
Trd, 4319954.343, 100
Trd, 4319955.843, 98
Trd, 4319956.843, 100
Trd, 4319956.893, 105
Trd, 4319957.993, 98
Trd, 4319960.443, 113
Trd, 4319962.743, 101
Trd, 4319963.793, 96
Trd, 4319966.693, 100
Trd, 4319968.993, 98
Trd, 4319969.193, 99
Trd, 4319969.343, 98
Trd, 4319971.593, 101
Trd, 4319973.493, 97
Trd, 4319974.443, 98
Trd, 4319975.293, 94
Trd, 4319978.993, 100
Trd, 4319980.693, 103
Trd, 4319980.793, 100
Trd, 4319981.893, 100
Trd, 4319982.193, 99
Trd, 4319982.543, 93
Trd, 4319984.193, 101
Trd, 4319984.343, 95
Trd, 4319984.993, 107
Trd, 4319987.093, 106
Trd, 4319989.943, 102
Trd, 4319991.993, 103
Trd, 4319992.743, 102
Trd, 4319993.493, 101
Trd, 4319993.893, 104
Trd, 4319997.643, 104
