Trd, 4317873.493, 98
Trd, 4317873.893, 99
Trd, 4317876.193, 96
Trd, 4317877.043, 98
Trd, 4317878.743, 97
Trd, 4317881.143, 95
Trd, 4317882.943, 97
Trd, 4317883.343, 97
Trd, 4317883.543, 104
Trd, 4317885.143, 107
Trd, 4317885.293, 103
Trd, 4317886.243, 116
Trd, 4317887.043, 105
Trd, 4317889.493, 103
Trd, 4317889.543, 105
Trd, 4317891.493, 104
Trd, 4317892.493, 103
Trd, 4317893.693, 102
Trd, 4317894.143, 102
Trd, 4317894.593, 94
Trd, 4317896.143, 97
Trd, 4317897.143, 98
Trd, 4317899.093, 99
Trd, 4317899.943, 97
Trd, 4317900.393, 99
Trd, 4317902.993, 98
Trd, 4317904.343, 97
Trd, 4317904.843, 98
Trd, 4317907.093, 95
Trd, 4317909.093, 97
Trd, 4317909.893, 95
Trd, 4317911.743, 95
Trd, 4317912.643, 119
Trd, 4317912.843, 94
Trd, 4317915.493, 102
Trd, 4317915.593, 93
Trd, 4317916.143, 101
Trd, 4317917.493, 102
Trd, 4317922.893, 95
Trd, 4317923.343, 94
Trd, 4317926.443, 94
Trd, 4317926.493, 93
Trd, 4317926.543, 94
Trd, 4317927.443, 93
Trd, 4317928.343, 92
Trd, 4317930.643, 113
Trd, 4317932.993, 111
Trd, 4317933.243, 97
Trd, 4317934.443, 101
Trd, 4317935.393, 100
Trd, 4317935.793, 101
Trd, 4317935.843, 102
Trd, 4317936.993, 99
Trd, 4317937.143, 99
Trd, 4317939.093, 98
Trd, 4317941.393, 99
Trd, 4317943.843, 97
Trd, 4317944.943, 97
Trd, 4317947.043, 98
Trd, 4317947.743, 95
Trd, 4317950.393, 94
Trd, 4317950.493, 95
Trd, 4317950.793, 94
Trd, 4317952.493, 68
Trd, 4317952.793, 104
Trd, 4317956.943, 92
Trd, 4317958.293, 90
Trd, 4317959.343, 91
Trd, 4317959.643, 92
Trd, 4317959.893, 95
Trd, 4317963.993, 92
Trd, 4317965.493, 91
Trd, 4317966.993, 90
Trd, 4317968.243, 89
Trd, 4317969.743, 89
Trd, 4317970.893, 87
Trd, 4317971.693, 90
Trd, 4317972.543, 91
Trd, 4317972.843, 87
Trd, 4317973.043, 113
Trd, 4317978.343, 91
Trd, 4317979.243, 86
Trd, 4317980.743, 89
Trd, 4317981.543, 89
Trd, 4317982.493, 95
Trd, 4317982.643, 86
Trd, 4317985.343, 86
Trd, 4317986.343, 88
Trd, 4317988.543, 86
Trd, 4317988.693, 88
Trd, 4317990.993, 85
Trd, 4317991.343, 87
Trd, 4317992.493, 87
Trd, 4317995.743, 85
Trd, 4317995.993, 87
Trd, 4317998.793, 103
Trd, 4317999.593, 92
Trd, 4318000.143, 93
Trd, 4318000.543, 95
Trd, 4318000.943, 85
Trd, 4318001.993, 122
Trd, 4318003.343, 105
Trd, 4318003.893, 96
Trd, 4318005.593, 104
Trd, 4318007.643, 94
Trd, 4318008.043, 99
Trd, 4318009.593, 97
Trd, 4318010.793, 95
Trd, 4318012.593, 103
Trd, 4318015.343, 98
Trd, 4318016.043, 97
Trd, 4318016.743, 94
Trd, 4318018.093, 95
Trd, 4318018.243, 85
Trd, 4318019.693, 94
Trd, 4318020.393, 93
Trd, 4318023.593, 92
Trd, 4318024.293, 93
Trd, 4318024.593, 92
Trd, 4318027.793, 92
Trd, 4318028.843, 95
Trd, 4318029.343, 91
Trd, 4318030.393, 95
Trd, 4318032.143, 91
Trd, 4318034.593, 90
Trd, 4318035.193, 90
Trd, 4318035.893, 90
Trd, 4318037.443, 105
Trd, 4318037.993, 94
Trd, 4318039.093, 93
Trd, 4318042.293, 93
Trd, 4318042.443, 94
Trd, 4318042.593, 95
Trd, 4318043.193, 111
Trd, 4318045.093, 122
Trd, 4318046.893, 92
Trd, 4318048.493, 95
Trd, 4318050.943, 92
Trd, 4318051.193, 93
Trd, 4318052.543, 91
Trd, 4318052.743, 92
Trd, 4318054.393, 94
Trd, 4318054.993, 90
Trd, 4318059.893, 91
Trd, 4318061.293, 92
Trd, 4318062.343, 91
Trd, 4318062.693, 90
Trd, 4318063.543, 90
Trd, 4318066.143, 89
Trd, 4318067.593, 89
Trd, 4318067.643, 91
Trd, 4318068.443, 95
Trd, 4318069.193, 104
Trd, 4318070.793, 112
Trd, 4318070.943, 88
Trd, 4318074.093, 93
Trd, 4318074.293, 101
Trd, 4318076.043, 99
Trd, 4318077.743, 97
Trd, 4318078.443, 109
Trd, 4318078.743, 98
Trd, 4318080.993, 96
Trd, 4318081.143, 92
Trd, 4318085.093, 91
Trd, 4318086.693, 90
Trd, 4318086.893, 93
Trd, 4318088.043, 92
Trd, 4318090.243, 90
Trd, 4318090.493, 85
Trd, 4318091.243, 95
Trd, 4318092.793, 91
Trd, 4318095.593, 100
Trd, 4318095.643, 94
Trd, 4318098.193, 93
Trd, 4318099.643, 93
Trd, 4318100.493, 92
Trd, 4318102.593, 91
Trd, 4318102.693, 93
Trd, 4318104.343, 92
Trd, 4318104.643, 92
Trd, 4318104.943, 95
Trd, 4318108.543, 93
Trd, 4318109.193, 91
Trd, 4318109.243, 93
Trd, 4318109.493, 93
Trd, 4318110.093, 94
Trd, 4318112.393, 90
Trd, 4318113.243, 94
Trd, 4318114.593, 95
Trd, 4318116.043, 89
Trd, 4318116.193, 95
Trd, 4318117.193, 92
Trd, 4318121.143, 92
Trd, 4318121.493, 91
Trd, 4318122.293, 88
Trd, 4318125.943, 87
Trd, 4318126.393, 89
Trd, 4318127.343, 88
Trd, 4318130.593, 103
Trd, 4318131.593, 94
Trd, 4318131.743, 118
Trd, 4318131.843, 123
Trd, 4318133.993, 92
Trd, 4318136.493, 97
Trd, 4318136.893, 95
Trd, 4318138.493, 92
Trd, 4318139.093, 92
Trd, 4318139.793, 91
Trd, 4318141.093, 93
Trd, 4318141.893, 93
Trd, 4318142.193, 93
Trd, 4318142.443, 90
Trd, 4318146.243, 95
Trd, 4318148.343, 89
Trd, 4318149.743, 85
Trd, 4318150.543, 89
Trd, 4318151.043, 90
Trd, 4318151.193, 119
Trd, 4318153.293, 97
Trd, 4318153.443, 93
Trd, 4318154.743, 94
Trd, 4318156.993, 95
Trd, 4318158.593, 96
Trd, 4318159.543, 95
Trd, 4318161.293, 94
Trd, 4318161.393, 95
Trd, 4318162.693, 107
Trd, 4318164.293, 94
Trd, 4318165.443, 98
Trd, 4318166.043, 97
Trd, 4318169.193, 97
Trd, 4318169.443, 96
Trd, 4318171.393, 101
Trd, 4318171.593, 99
Trd, 4318172.443, 109
Trd, 4318174.043, 111
Trd, 4318174.393, 109
Trd, 4318178.043, 103
Trd, 4318178.143, 104
Trd, 4318178.443, 102
Trd, 4318180.293, 103
Trd, 4318180.443, 100
Trd, 4318183.743, 95
Trd, 4318183.943, 96
Trd, 4318184.393, 96
Trd, 4318185.943, 104
Trd, 4318187.743, 95
Trd, 4318188.493, 99
Trd, 4318192.243, 95
Trd, 4318193.843, 95
Trd, 4318195.643, 95
Trd, 4318196.043, 94
Trd, 4318196.743, 94
Trd, 4318199.843, 95
Trd, 4318200.493, 93
Trd, 4318203.643, 94
Trd, 4318203.743, 92
Trd, 4318205.343, 99
Trd, 4318205.943, 96
Trd, 4318206.593, 97
Trd, 4318206.793, 93
Trd, 4318207.293, 104
Trd, 4318208.143, 117
Trd, 4318210.643, 98
Trd, 4318214.143, 94
Trd, 4318214.693, 95
Trd, 4318215.343, 93
Trd, 4318215.793, 95
Trd, 4318218.293, 95
Trd, 4318219.543, 93
Trd, 4318219.893, 93
Trd, 4318219.993, 95
Trd, 4318220.493, 85
Trd, 4318221.543, 91
Trd, 4318222.343, 107
Trd, 4318223.843, 97
Trd, 4318224.043, 98
Trd, 4318225.093, 98
Trd, 4318225.843, 99
Trd, 4318229.593, 96
Trd, 4318230.543, 94
Trd, 4318230.843, 96
Trd, 4318231.293, 96
Trd, 4318232.343, 97
Trd, 4318233.793, 94
Trd, 4318234.593, 97
Trd, 4318234.943, 114
Trd, 4318238.593, 96
Trd, 4318238.793, 94
Trd, 4318238.893, 97
Trd, 4318240.143, 95
Trd, 4318240.493, 95
Trd, 4318243.643, 94
Trd, 4318245.293, 95
Trd, 4318246.443, 93
Trd, 4318246.743, 92
Trd, 4318249.593, 92
Trd, 4318250.693, 91
Trd, 4318252.393, 92
Trd, 4318253.493, 91
Trd, 4318254.293, 95
Trd, 4318255.593, 90
Trd, 4318257.143, 90
Trd, 4318257.643, 94
Trd, 4318257.743, 94
Trd, 4318258.643, 93
Trd, 4318260.543, 92
Trd, 4318260.843, 91
Trd, 4318263.193, 105
Trd, 4318264.943, 93
Trd, 4318266.893, 94
Trd, 4318268.143, 92
Trd, 4318268.943, 92
Trd, 4318269.993, 92
Trd, 4318270.593, 104
Trd, 4318273.343, 97
Trd, 4318277.043, 91
Trd, 4318277.193, 95
Trd, 4318277.993, 95
Trd, 4318278.843, 93
Trd, 4318278.993, 95
Trd, 4318279.393, 91
Trd, 4318284.143, 91
Trd, 4318284.593, 95
Trd, 4318286.593, 92
Trd, 4318286.643, 95
Trd, 4318287.893, 91
Trd, 4318288.893, 116
Trd, 4318289.593, 98
Trd, 4318292.943, 97
Trd, 4318293.193, 94
Trd, 4318293.243, 98
Trd, 4318296.643, 95
Trd, 4318297.793, 93
Trd, 4318299.243, 92
Trd, 4318301.193, 94
Trd, 4318301.793, 94
Trd, 4318303.643, 103
Trd, 4318306.093, 93
Trd, 4318307.043, 95
Trd, 4318307.443, 92
Trd, 4318311.243, 93
Trd, 4318311.293, 92
Trd, 4318313.293, 93
Trd, 4318313.693, 95
Trd, 4318315.693, 94
Trd, 4318317.943, 91
Trd, 4318318.443, 90
Trd, 4318320.193, 90
Trd, 4318320.693, 89
Trd, 4318322.443, 86
Trd, 4318322.993, 86
Trd, 4318323.043, 86
Trd, 4318324.543, 95
Trd, 4318324.843, 89
Trd, 4318325.393, 89
Trd, 4318326.193, 104
Trd, 4318329.093, 92
Trd, 4318329.143, 94
Trd, 4318330.543, 94
Trd, 4318331.043, 104
Trd, 4318332.293, 91
Trd, 4318333.843, 93
Trd, 4318334.293, 91
Trd, 4318336.993, 92
Trd, 4318337.943, 92
Trd, 4318339.393, 92
Trd, 4318340.143, 90
Trd, 4318343.643, 91
Trd, 4318344.243, 91
Trd, 4318346.243, 91
Trd, 4318346.543, 89
Trd, 4318347.393, 91
Trd, 4318351.193, 88
Trd, 4318351.643, 93
Trd, 4318351.793, 95
Trd, 4318355.193, 90
Trd, 4318355.793, 87
Trd, 4318356.093, 91
Trd, 4318358.793, 90
Trd, 4318359.343, 90
Trd, 4318361.443, 86
Trd, 4318362.243, 90
Trd, 4318364.993, 86
Trd, 4318366.343, 88
Trd, 4318367.193, 87
Trd, 4318369.193, 86
Trd, 4318370.243, 107
Trd, 4318370.743, 92
Trd, 4318371.943, 99
Trd, 4318374.343, 92
Trd, 4318375.943, 105
Trd, 4318377.593, 106
Trd, 4318379.393, 100
Trd, 4318382.093, 100
Trd, 4318383.443, 100
Trd, 4318383.943, 99
Trd, 4318384.393, 99
Trd, 4318384.493, 94
Trd, 4318385.793, 100
Trd, 4318386.543, 100
Trd, 4318390.093, 103
Trd, 4318391.443, 102
Trd, 4318392.793, 101
Trd, 4318393.743, 102
Trd, 4318395.593, 103
Trd, 4318396.443, 103
Trd, 4318398.243, 100
Trd, 4318399.543, 100
Trd, 4318399.993, 85
Trd, 4318401.693, 101
Trd, 4318403.493, 110
Trd, 4318404.643, 107
Trd, 4318405.243, 97
Trd, 4318407.093, 103
Trd, 4318408.843, 102
Trd, 4318409.593, 101
Trd, 4318410.593, 106
Trd, 4318413.193, 103
Trd, 4318414.343, 104
Trd, 4318414.493, 96
Trd, 4318417.143, 94
Trd, 4318417.493, 100
Trd, 4318418.893, 95
Trd, 4318420.293, 99
Trd, 4318421.793, 95
Trd, 4318422.193, 94
Trd, 4318422.743, 95
Trd, 4318422.843, 94
Trd, 4318424.093, 96
Trd, 4318426.143, 94
Trd, 4318427.693, 93
Trd, 4318428.243, 94
Trd, 4318429.293, 95
Trd, 4318430.193, 124
Trd, 4318430.993, 106
Trd, 4318433.243, 99
Trd, 4318435.243, 91
Trd, 4318436.143, 90
Trd, 4318436.893, 85
Trd, 4318438.393, 90
Trd, 4318438.693, 87
Trd, 4318438.993, 95
Trd, 4318442.193, 88
Trd, 4318443.243, 88
Trd, 4318444.843, 88
Trd, 4318445.193, 89
Trd, 4318445.993, 89
Trd, 4318446.493, 95
Trd, 4318447.443, 104
Trd, 4318450.593, 90
Trd, 4318450.693, 91
Trd, 4318451.693, 87
Trd, 4318452.543, 87
Trd, 4318452.743, 86
Trd, 4318454.943, 88
Trd, 4318457.343, 86
Trd, 4318458.143, 87
Trd, 4318459.243, 87
Trd, 4318460.843, 86
Trd, 4318462.043, 87
Trd, 4318462.443, 95
Trd, 4318463.043, 85
Trd, 4318464.443, 112
Trd, 4318465.043, 106
Trd, 4318466.993, 106
Trd, 4318467.293, 93
Trd, 4318470.943, 103
Trd, 4318473.393, 99
Trd, 4318474.193, 99
Trd, 4318474.343, 98
Trd, 4318475.193, 99
Trd, 4318475.543, 100
Trd, 4318475.743, 104
Trd, 4318477.093, 94
Trd, 4318480.293, 100
Trd, 4318480.693, 101
Trd, 4318483.693, 99
Trd, 4318484.743, 96
Trd, 4318485.293, 94
Trd, 4318485.643, 95
Trd, 4318485.743, 95
Trd, 4318487.893, 101
Trd, 4318489.243, 98
Trd, 4318490.693, 94
Trd, 4318491.393, 95
Trd, 4318492.743, 95
Trd, 4318493.393, 88
Trd, 4318496.643, 101
Trd, 4318496.943, 93
Trd, 4318499.643, 92
Trd, 4318500.493, 91
Trd, 4318500.593, 92
Trd, 4318502.343, 90
Trd, 4318502.743, 102
Trd, 4318504.543, 93
Trd, 4318505.493, 93
Trd, 4318507.993, 92
Trd, 4318509.343, 92
Trd, 4318512.043, 89
Trd, 4318512.893, 92
Trd, 4318513.493, 112
Trd, 4318513.893, 99
Trd, 4318514.743, 98
Trd, 4318516.493, 99
Trd, 4318517.343, 105
Trd, 4318517.643, 101
Trd, 4318519.893, 101
Trd, 4318521.543, 100
Trd, 4318521.843, 99
Trd, 4318523.093, 98
Trd, 4318523.443, 99
Trd, 4318524.843, 94
Trd, 4318526.993, 95
Trd, 4318528.393, 95
Trd, 4318528.493, 94
Trd, 4318528.793, 93
Trd, 4318528.943, 85
Trd, 4318529.343, 94
Trd, 4318534.843, 97
Trd, 4318535.193, 100
Trd, 4318537.893, 97
Trd, 4318538.143, 96
Trd, 4318538.543, 97
Trd, 4318540.043, 94
Trd, 4318542.593, 95
Trd, 4318544.843, 94
Trd, 4318546.093, 95
Trd, 4318548.043, 93
Trd, 4318549.893, 123
Trd, 4318550.393, 126
Trd, 4318550.593, 101
Trd, 4318550.893, 104
Trd, 4318552.543, 99
Trd, 4318552.693, 103
Trd, 4318553.743, 119
Trd, 4318556.743, 99
Trd, 4318557.543, 92
Trd, 4318560.343, 96
Trd, 4318560.393, 97
Trd, 4318560.743, 95
Trd, 4318563.893, 94
Trd, 4318565.243, 95
Trd, 4318565.993, 95
Trd, 4318567.543, 94
Trd, 4318570.643, 94
Trd, 4318571.993, 93
Trd, 4318572.243, 95
Trd, 4318572.643, 104
Trd, 4318573.893, 103
Trd, 4318574.293, 100
Trd, 4318575.143, 103
Trd, 4318575.743, 102
Trd, 4318577.543, 111
Trd, 4318578.143, 101
Trd, 4318579.043, 100
Trd, 4318581.893, 100
Trd, 4318582.743, 99
Trd, 4318583.193, 100
Trd, 4318583.793, 85
Trd, 4318584.143, 104
Trd, 4318588.893, 94
Trd, 4318588.993, 96
Trd, 4318589.893, 95
Trd, 4318589.943, 95
Trd, 4318592.993, 94
Trd, 4318593.193, 95
Trd, 4318594.793, 93
Trd, 4318595.343, 113
Trd, 4318598.243, 97
Trd, 4318599.393, 98
Trd, 4318600.893, 96
Trd, 4318603.593, 93
Trd, 4318604.543, 95
Trd, 4318605.793, 95
Trd, 4318606.593, 94
Trd, 4318609.543, 92
Trd, 4318610.043, 94
Trd, 4318611.993, 95
Trd, 4318613.493, 98
Trd, 4318613.943, 94
Trd, 4318615.393, 93
Trd, 4318616.943, 93
Trd, 4318617.393, 93
Trd, 4318617.793, 93
Trd, 4318618.893, 92
Trd, 4318619.543, 94
Trd, 4318620.393, 94
Trd, 4318620.593, 91
Trd, 4318622.293, 94
Trd, 4318623.243, 94
Trd, 4318623.493, 95
Trd, 4318626.493, 103
Trd, 4318627.043, 97
Trd, 4318627.443, 90
Trd, 4318627.643, 96
Trd, 4318631.193, 93
Trd, 4318633.443, 92
Trd, 4318633.743, 93
Trd, 4318634.743, 93
Trd, 4318634.893, 95
Trd, 4318638.793, 92
Trd, 4318640.243, 91
Trd, 4318642.593, 93
Trd, 4318643.743, 93
Trd, 4318644.343, 93
Trd, 4318646.093, 91
Trd, 4318646.493, 94
Trd, 4318648.093, 94
Trd, 4318650.193, 94
Trd, 4318651.643, 91
Trd, 4318654.443, 93
Trd, 4318654.543, 95
Trd, 4318657.193, 95
Trd, 4318657.393, 90
Trd, 4318661.343, 93
Trd, 4318661.593, 93
Trd, 4318662.793, 103
Trd, 4318665.843, 94
Trd, 4318665.943, 95
Trd, 4318667.043, 93
Trd, 4318670.343, 94
Trd, 4318671.693, 93
Trd, 4318672.693, 95
Trd, 4318672.743, 92
Trd, 4318677.043, 92
Trd, 4318679.493, 92
Trd, 4318681.543, 92
Trd, 4318683.543, 92
Trd, 4318683.843, 91
Trd, 4318684.193, 93
Trd, 4318685.243, 95
Trd, 4318686.893, 90
Trd, 4318689.143, 94
Trd, 4318690.943, 94
Trd, 4318691.143, 90
Trd, 4318692.843, 89
Trd, 4318692.893, 93
Trd, 4318697.043, 91
Trd, 4318697.843, 95
Trd, 4318698.393, 88
Trd, 4318699.143, 93
Trd, 4318700.193, 99
Trd, 4318701.693, 101
Trd, 4318702.543, 99
Trd, 4318702.743, 102
Trd, 4318703.893, 96
Trd, 4318706.743, 99
Trd, 4318708.293, 103
Trd, 4318710.343, 98
Trd, 4318711.093, 97
Trd, 4318712.043, 98
Trd, 4318713.793, 99
Trd, 4318715.493, 96
Trd, 4318717.943, 96
Trd, 4318718.593, 98
Trd, 4318719.143, 99
Trd, 4318719.693, 94
Trd, 4318722.593, 99
Trd, 4318722.693, 98
Trd, 4318723.243, 98
Trd, 4318723.943, 93
Trd, 4318724.943, 95
Trd, 4318725.343, 97
Trd, 4318726.143, 113
Trd, 4318729.193, 101
Trd, 4318730.893, 94
Trd, 4318731.343, 100
Trd, 4318731.443, 101
Trd, 4318735.693, 95
Trd, 4318736.743, 96
Trd, 4318737.193, 96
Trd, 4318737.393, 94
Trd, 4318741.443, 94
Trd, 4318742.643, 94
Trd, 4318743.793, 95
Trd, 4318745.593, 93
Trd, 4318748.993, 92
Trd, 4318749.243, 94
Trd, 4318750.943, 92
Trd, 4318751.293, 93
Trd, 4318752.393, 93
Trd, 4318754.943, 93
Trd, 4318756.543, 94
Trd, 4318757.293, 95
Trd, 4318760.693, 93
Trd, 4318761.093, 92
Trd, 4318761.193, 94
Trd, 4318764.143, 92
Trd, 4318764.243, 93
Trd, 4318765.043, 91
Trd, 4318767.893, 94
Trd, 4318768.393, 95
Trd, 4318769.243, 95
Trd, 4318771.243, 94
Trd, 4318772.043, 97
Trd, 4318772.843, 96
Trd, 4318772.993, 101
Trd, 4318773.693, 94
Trd, 4318774.893, 95
Trd, 4318776.693, 96
Trd, 4318777.343, 107
Trd, 4318778.193, 120
Trd, 4318780.993, 99
Trd, 4318783.093, 98
Trd, 4318785.343, 100
Trd, 4318786.243, 98
Trd, 4318786.593, 98
Trd, 4318787.343, 99
Trd, 4318790.743, 97
Trd, 4318792.043, 98
Trd, 4318793.293, 95
Trd, 4318794.343, 95
Trd, 4318795.143, 93
Trd, 4318796.743, 93
Trd, 4318798.093, 91
Trd, 4318800.193, 90
Trd, 4318802.293, 90
Trd, 4318802.643, 92
Trd, 4318803.693, 89
Trd, 4318804.193, 92
Trd, 4318804.493, 95
Trd, 4318807.943, 93
Trd, 4318810.543, 89
Trd, 4318811.743, 90
Trd, 4318814.093, 89
Trd, 4318814.243, 91
Trd, 4318816.393, 90
Trd, 4318817.393, 88
Trd, 4318818.593, 87
Trd, 4318819.543, 86
Trd, 4318821.143, 87
Trd, 4318822.843, 86
Trd, 4318823.293, 86
Trd, 4318827.193, 85
Trd, 4318827.843, 86
Trd, 4318828.143, 87
Trd, 4318829.443, 112
Trd, 4318831.343, 95
Trd, 4318832.543, 84
Trd, 4318833.293, 95
Trd, 4318835.493, 95
Trd, 4318835.943, 105
Trd, 4318836.493, 91
Trd, 4318839.293, 90
Trd, 4318840.343, 94
Trd, 4318841.893, 92
Trd, 4318842.793, 92
Trd, 4318845.343, 104
Trd, 4318845.593, 90
Trd, 4318847.993, 96
Trd, 4318849.643, 96
Trd, 4318852.293, 103
Trd, 4318852.543, 108
Trd, 4318852.693, 104
Trd, 4318854.643, 115
Trd, 4318855.093, 107
Trd, 4318857.393, 103
Trd, 4318858.243, 103
Trd, 4318858.293, 104
Trd, 4318860.343, 105
Trd, 4318863.293, 102
Trd, 4318863.343, 101
Trd, 4318864.443, 100
Trd, 4318865.893, 100
Trd, 4318866.343, 103
Trd, 4318867.543, 104
Trd, 4318867.593, 94
Trd, 4318869.393, 112
Trd, 4318869.943, 76
Trd, 4318872.493, 104
Trd, 4318872.693, 103
Trd, 4318873.243, 101
Trd, 4318874.293, 93
Trd, 4318876.943, 101
Trd, 4318877.343, 100
Trd, 4318878.193, 99
Trd, 4318878.843, 99
Trd, 4318878.893, 94
Trd, 4318879.393, 108
Trd, 4318882.093, 101
Trd, 4318886.693, 95
Trd, 4318887.043, 94
Trd, 4318887.543, 93
Trd, 4318888.493, 95
Trd, 4318888.793, 97
Trd, 4318891.343, 105
Trd, 4318891.693, 105
Trd, 4318892.793, 98
Trd, 4318893.893, 95
Trd, 4318894.393, 99
Trd, 4318897.643, 95
Trd, 4318897.693, 94
Trd, 4318898.893, 94
Trd, 4318899.393, 95
Trd, 4318900.493, 95
Trd, 4318904.043, 93
Trd, 4318906.043, 92
Trd, 4318906.193, 91
Trd, 4318909.493, 95
Trd, 4318910.043, 90
Trd, 4318912.093, 106
Trd, 4318912.793, 89
Trd, 4318913.593, 98
Trd, 4318914.193, 98
Trd, 4318916.643, 109
Trd, 4318916.993, 103
Trd, 4318918.193, 107
Trd, 4318920.043, 104
Trd, 4318921.393, 103
Trd, 4318922.143, 104
Trd, 4318923.843, 91
Trd, 4318925.393, 104
Trd, 4318926.443, 101
Trd, 4318928.043, 97
Trd, 4318928.093, 98
Trd, 4318928.493, 85
Trd, 4318928.593, 98
Trd, 4318932.293, 95
Trd, 4318932.743, 106
Trd, 4318935.143, 93
Trd, 4318935.693, 96
Trd, 4318935.843, 96
Trd, 4318937.993, 95
Trd, 4318939.843, 94
Trd, 4318940.393, 102
Trd, 4318941.593, 93
Trd, 4318942.743, 98
Trd, 4318945.143, 96
Trd, 4318945.893, 95
Trd, 4318947.143, 95
Trd, 4318947.193, 96
Trd, 4318948.593, 94
Trd, 4318949.043, 93
Trd, 4318950.493, 95
Trd, 4318951.093, 93
Trd, 4318952.443, 93
Trd, 4318954.043, 95
Trd, 4318954.543, 94
Trd, 4318955.243, 93
Trd, 4318957.143, 94
Trd, 4318959.243, 100
Trd, 4318960.993, 94
Trd, 4318961.893, 96
Trd, 4318962.693, 95
Trd, 4318962.793, 97
Trd, 4318963.893, 97
Trd, 4318965.043, 97
Trd, 4318965.993, 93
Trd, 4318968.393, 94
Trd, 4318970.143, 94
Trd, 4318972.143, 95
Trd, 4318972.793, 92
Trd, 4318972.893, 95
Trd, 4318974.593, 104
Trd, 4318976.893, 102
Trd, 4318977.543, 121
Trd, 4318979.543, 106
Trd, 4318981.843, 103
Trd, 4318981.993, 101
Trd, 4318982.093, 106
Trd, 4318982.593, 123
Trd, 4318982.943, 117
Trd, 4318983.443, 112
Trd, 4318986.593, 102
Trd, 4318989.393, 108
Trd, 4318989.493, 109
Trd, 4318990.843, 103
Trd, 4318992.793, 108
Trd, 4318994.293, 105
Trd, 4318994.893, 104
Trd, 4318995.093, 94
Trd, 4318996.943, 85
Trd, 4318998.743, 104
Trd, 4319001.043, 102
Trd, 4319003.693, 99
Trd, 4319004.493, 98
Trd, 4319005.993, 97
Trd, 4319007.243, 98
Trd, 4319008.493, 100
Trd, 4319008.693, 113
Trd, 4319009.193, 103
Trd, 4319011.243, 99
Trd, 4319013.493, 76
Trd, 4319013.743, 100
Trd, 4319015.893, 95
Trd, 4319018.093, 93
Trd, 4319019.643, 94
Trd, 4319020.193, 90
Trd, 4319021.143, 94
Trd, 4319022.143, 95
Trd, 4319023.443, 95
Trd, 4319025.443, 90
Trd, 4319027.143, 89
Trd, 4319028.843, 94
Trd, 4319030.093, 94
Trd, 4319031.543, 91
Trd, 4319032.093, 92
Trd, 4319035.043, 91
Trd, 4319035.093, 93
Trd, 4319036.093, 89
Trd, 4319037.593, 93
Trd, 4319038.093, 88
Trd, 4319041.393, 91
Trd, 4319041.643, 91
Trd, 4319042.093, 89
Trd, 4319043.293, 104
Trd, 4319043.543, 96
Trd, 4319045.643, 97
Trd, 4319046.143, 97
Trd, 4319047.443, 105
Trd, 4319048.143, 105
Trd, 4319048.443, 106
Trd, 4319049.143, 104
Trd, 4319049.793, 97
Trd, 4319054.243, 96
Trd, 4319054.393, 96
Trd, 4319054.643, 99
Trd, 4319055.693, 107
Trd, 4319057.243, 101
Trd, 4319057.343, 104
Trd, 4319057.893, 99
Trd, 4319058.943, 103
Trd, 4319060.793, 104
Trd, 4319061.193, 98
Trd, 4319063.493, 103
Trd, 4319064.143, 98
Trd, 4319067.393, 94
Trd, 4319068.443, 96
Trd, 4319069.693, 95
Trd, 4319070.093, 111
Trd, 4319070.593, 93
Trd, 4319072.843, 94
Trd, 4319074.543, 94
Trd, 4319074.893, 94
Trd, 4319077.093, 93
Trd, 4319078.593, 93
Trd, 4319079.043, 92
Trd, 4319080.143, 93
Trd, 4319080.443, 92
Trd, 4319083.343, 93
Trd, 4319086.943, 91
Trd, 4319087.143, 91
Trd, 4319087.193, 92
Trd, 4319088.943, 91
Trd, 4319088.993, 92
Trd, 4319091.293, 91
Trd, 4319092.443, 92
Trd, 4319092.593, 95
Trd, 4319093.493, 104
Trd, 4319096.743, 92
Trd, 4319096.993, 95
Trd, 4319097.993, 90
Trd, 4319099.243, 94
Trd, 4319101.743, 90
Trd, 4319102.443, 95
Trd, 4319103.743, 94
Trd, 4319105.193, 89
Trd, 4319105.393, 91
Trd, 4319105.693, 116
Trd, 4319106.543, 87
Trd, 4319108.793, 103
Trd, 4319109.443, 100
Trd, 4319110.293, 104
Trd, 4319111.093, 97
Trd, 4319112.943, 103
Trd, 4319114.893, 100
Trd, 4319118.393, 85
Trd, 4319118.493, 96
Trd, 4319118.643, 97
Trd, 4319118.843, 95
Trd, 4319120.643, 92
Trd, 4319120.893, 95
Trd, 4319120.993, 95
Trd, 4319122.243, 112
Trd, 4319126.243, 96
Trd, 4319126.693, 96
Trd, 4319127.693, 93
Trd, 4319129.093, 95
Trd, 4319130.393, 95
Trd, 4319132.643, 93
Trd, 4319133.193, 92
Trd, 4319134.243, 94
Trd, 4319134.893, 94
Trd, 4319135.343, 91
Trd, 4319138.993, 93
Trd, 4319141.293, 92
Trd, 4319143.543, 90
Trd, 4319145.093, 91
Trd, 4319145.743, 89
Trd, 4319146.293, 88
Trd, 4319146.443, 90
Trd, 4319146.793, 95
Trd, 4319147.493, 112
Trd, 4319152.543, 92
Trd, 4319152.743, 92
Trd, 4319153.893, 91
Trd, 4319154.943, 93
Trd, 4319155.343, 89
Trd, 4319157.343, 103
Trd, 4319158.193, 96
Trd, 4319161.043, 94
Trd, 4319161.293, 93
Trd, 4319162.993, 93
Trd, 4319163.043, 92
Trd, 4319165.443, 98
Trd, 4319166.143, 103
Trd, 4319167.543, 102
Trd, 4319169.143, 98
Trd, 4319169.843, 94
Trd, 4319170.643, 99
Trd, 4319172.093, 114
Trd, 4319174.493, 102
Trd, 4319176.393, 103
Trd, 4319177.893, 95
Trd, 4319178.343, 96
Trd, 4319178.693, 87
Trd, 4319180.143, 97
Trd, 4319180.893, 96
Trd, 4319181.693, 85
Trd, 4319183.443, 96
Trd, 4319185.293, 101
Trd, 4319186.143, 95
Trd, 4319186.343, 98
Trd, 4319188.743, 94
Trd, 4319191.793, 95
Trd, 4319191.943, 95
Trd, 4319193.193, 94
Trd, 4319194.143, 95
Trd, 4319194.893, 95
Trd, 4319195.043, 93
Trd, 4319197.293, 94
Trd, 4319198.643, 94
Trd, 4319198.993, 95
Trd, 4319200.793, 94
Trd, 4319201.643, 95
Trd, 4319201.993, 85
Trd, 4319202.843, 93
Trd, 4319203.493, 90
Trd, 4319203.693, 95
Trd, 4319205.243, 92
Trd, 4319206.993, 96
Trd, 4319208.443, 95
Trd, 4319209.293, 84
Trd, 4319210.893, 97
Trd, 4319211.143, 98
Trd, 4319212.993, 95
Trd, 4319214.043, 97
Trd, 4319214.893, 96
Trd, 4319216.893, 96
Trd, 4319217.293, 100
Trd, 4319219.193, 96
Trd, 4319220.293, 94
Trd, 4319220.993, 96
Trd, 4319222.293, 94
Trd, 4319222.443, 85
Trd, 4319224.043, 93
Trd, 4319224.293, 95
Trd, 4319224.943, 95
Trd, 4319228.243, 96
Trd, 4319228.593, 102
Trd, 4319229.543, 96
Trd, 4319230.493, 94
Trd, 4319232.293, 92
Trd, 4319233.043, 91
Trd, 4319234.643, 92
Trd, 4319237.643, 104
Trd, 4319239.643, 91
Trd, 4319239.793, 94
Trd, 4319241.193, 90
Trd, 4319241.443, 94
Trd, 4319242.193, 95
Trd, 4319243.293, 90
Trd, 4319245.193, 91
Trd, 4319246.943, 90
Trd, 4319248.043, 92
Trd, 4319248.143, 95
Trd, 4319249.793, 91
Trd, 4319251.343, 95
Trd, 4319252.493, 93
Trd, 4319253.443, 95
Trd, 4319254.593, 96
Trd, 4319257.843, 92
Trd, 4319258.343, 91
Trd, 4319258.943, 92
Trd, 4319259.993, 93
Trd, 4319261.743, 91
Trd, 4319262.193, 111
Trd, 4319265.043, 95
Trd, 4319265.443, 95
Trd, 4319266.243, 90
Trd, 4319268.043, 90
Trd, 4319269.593, 94
Trd, 4319269.993, 94
Trd, 4319271.593, 103
Trd, 4319274.643, 95
Trd, 4319275.243, 93
Trd, 4319275.843, 89
Trd, 4319275.893, 94
Trd, 4319277.443, 94
Trd, 4319277.543, 94
Trd, 4319278.043, 93
Trd, 4319279.393, 108
Trd, 4319282.043, 94
Trd, 4319282.693, 96
Trd, 4319283.893, 103
Trd, 4319284.543, 104
Trd, 4319286.543, 99
Trd, 4319289.893, 97
Trd, 4319291.443, 100
Trd, 4319292.093, 99
Trd, 4319292.493, 99
Trd, 4319294.093, 106
Trd, 4319295.743, 100
Trd, 4319298.993, 96
Trd, 4319299.443, 98
Trd, 4319299.493, 95
Trd, 4319299.993, 99
Trd, 4319301.893, 94
Trd, 4319304.193, 98
Trd, 4319305.593, 93
Trd, 4319306.093, 95
Trd, 4319306.393, 96
Trd, 4319309.193, 102
Trd, 4319309.793, 106
Trd, 4319309.943, 100
Trd, 4319310.243, 101
Trd, 4319310.293, 93
Trd, 4319313.843, 102
Trd, 4319314.143, 100
Trd, 4319315.893, 107
Trd, 4319320.293, 101
Trd, 4319321.193, 102
Trd, 4319321.493, 101
Trd, 4319322.243, 101
Trd, 4319322.643, 100
Trd, 4319323.093, 104
Trd, 4319325.193, 101
Trd, 4319325.393, 101
Trd, 4319328.393, 100
Trd, 4319329.243, 100
Trd, 4319329.443, 99
Trd, 4319331.343, 104
Trd, 4319331.743, 98
Trd, 4319332.793, 101
Trd, 4319333.643, 102
Trd, 4319334.393, 105
Trd, 4319336.243, 100
Trd, 4319336.993, 98
Trd, 4319337.893, 99
Trd, 4319340.343, 94
Trd, 4319341.593, 97
Trd, 4319341.943, 96
Trd, 4319342.693, 97
Trd, 4319343.593, 106
Trd, 4319344.693, 94
Trd, 4319346.943, 110
Trd, 4319348.893, 105
Trd, 4319350.343, 99
Trd, 4319351.793, 96
Trd, 4319353.343, 93
Trd, 4319355.393, 95
Trd, 4319357.743, 99
Trd, 4319357.843, 97
Trd, 4319359.693, 97
Trd, 4319359.943, 98
Trd, 4319361.293, 99
Trd, 4319362.093, 102
Trd, 4319364.543, 94
Trd, 4319366.593, 96
Trd, 4319367.343, 95
Trd, 4319367.893, 99
Trd, 4319369.993, 95
Trd, 4319370.243, 95
Trd, 4319371.893, 94
Trd, 4319372.193, 94
Trd, 4319372.393, 95
Trd, 4319372.493, 104
Trd, 4319376.543, 101
Trd, 4319376.993, 93
Trd, 4319377.193, 110
Trd, 4319380.043, 101
Trd, 4319381.443, 101
Trd, 4319381.693, 99
Trd, 4319383.843, 100
Trd, 4319384.293, 105
Trd, 4319387.193, 102
Trd, 4319388.593, 97
Trd, 4319389.043, 99
Trd, 4319391.043, 99
Trd, 4319391.143, 97
Trd, 4319393.293, 96
Trd, 4319393.543, 99
Trd, 4319393.743, 99
Trd, 4319396.493, 94
Trd, 4319396.993, 94
Trd, 4319398.193, 93
Trd, 4319399.643, 92
Trd, 4319401.293, 92
Trd, 4319402.643, 96
Trd, 4319403.093, 107
Trd, 4319403.343, 104
Trd, 4319403.843, 100
Trd, 4319404.993, 94
Trd, 4319405.343, 96
Trd, 4319407.343, 96
Trd, 4319407.393, 119
Trd, 4319408.093, 96
Trd, 4319411.343, 103
Trd, 4319413.643, 100
Trd, 4319413.943, 101
Trd, 4319414.993, 103
Trd, 4319416.793, 100
Trd, 4319418.793, 103
Trd, 4319420.243, 99
Trd, 4319420.793, 85
Trd, 4319421.593, 94
Trd, 4319421.893, 94
Trd, 4319424.193, 106
Trd, 4319425.843, 103
Trd, 4319427.793, 103
Trd, 4319428.193, 102
Trd, 4319428.893, 93
Trd, 4319429.993, 102
Trd, 4319430.993, 96
Trd, 4319434.943, 100
Trd, 4319436.443, 99
Trd, 4319436.493, 94
Trd, 4319437.543, 100
Trd, 4319439.093, 96
Trd, 4319441.643, 95
Trd, 4319442.343, 93
Trd, 4319442.643, 96
Trd, 4319443.043, 97
Trd, 4319444.393, 105
Trd, 4319447.593, 97
Trd, 4319449.343, 94
Trd, 4319450.893, 94
Trd, 4319452.643, 95
Trd, 4319453.093, 92
Trd, 4319455.543, 94
Trd, 4319456.793, 94
Trd, 4319457.743, 101
Trd, 4319458.793, 104
Trd, 4319459.943, 93
Trd, 4319461.843, 99
Trd, 4319463.543, 97
Trd, 4319464.393, 98
Trd, 4319465.143, 98
Trd, 4319465.843, 97
Trd, 4319467.743, 96
Trd, 4319468.643, 97
Trd, 4319469.393, 96
Trd, 4319471.243, 91
Trd, 4319471.793, 91
Trd, 4319473.243, 89
Trd, 4319473.493, 85
Trd, 4319473.843, 88
Trd, 4319476.343, 103
Trd, 4319476.593, 107
Trd, 4319476.893, 98
Trd, 4319478.393, 106
Trd, 4319480.643, 92
Trd, 4319483.343, 91
Trd, 4319485.543, 94
Trd, 4319486.493, 94
Trd, 4319488.393, 91
Trd, 4319490.093, 90
Trd, 4319490.643, 92
Trd, 4319491.443, 90
Trd, 4319491.893, 89
Trd, 4319493.093, 91
Trd, 4319496.693, 88
Trd, 4319497.093, 88
Trd, 4319497.943, 88
Trd, 4319497.993, 95
Trd, 4319499.693, 87
Trd, 4319500.143, 106
Trd, 4319500.493, 115
Trd, 4319502.943, 98
Trd, 4319503.293, 100
Trd, 4319504.493, 87
Trd, 4319509.043, 93
Trd, 4319509.943, 91
Trd, 4319510.743, 89
Trd, 4319511.143, 91
Trd, 4319513.593, 90
Trd, 4319514.593, 89
Trd, 4319515.043, 90
Trd, 4319517.193, 90
Trd, 4319517.693, 95
Trd, 4319517.893, 109
Trd, 4319519.243, 89
Trd, 4319522.743, 95
Trd, 4319522.843, 89
Trd, 4319525.893, 90
Trd, 4319526.493, 91
Trd, 4319526.743, 91
Trd, 4319528.593, 103
Trd, 4319528.893, 90
Trd, 4319533.593, 91
Trd, 4319534.743, 90
Trd, 4319534.993, 89
Trd, 4319535.543, 89
Trd, 4319535.943, 88
Trd, 4319537.293, 105
Trd, 4319538.643, 95
Trd, 4319539.443, 95
Trd, 4319539.743, 88
Trd, 4319541.343, 104
Trd, 4319543.543, 97
Trd, 4319544.343, 98
Trd, 4319544.393, 96
Trd, 4319546.343, 105
Trd, 4319546.493, 100
Trd, 4319547.843, 102
Trd, 4319550.493, 101
Trd, 4319550.543, 105
Trd, 4319551.043, 107
Trd, 4319552.843, 103
Trd, 4319552.993, 94
Trd, 4319554.493, 102
Trd, 4319554.943, 96
Trd, 4319558.693, 99
Trd, 4319559.293, 100
Trd, 4319561.543, 98
Trd, 4319561.643, 96
Trd, 4319563.193, 97
Trd, 4319565.143, 96
Trd, 4319565.343, 98
Trd, 4319566.743, 98
Trd, 4319568.193, 95
Trd, 4319570.693, 95
Trd, 4319571.593, 96
Trd, 4319571.643, 96
Trd, 4319571.693, 94
Trd, 4319573.893, 97
Trd, 4319574.243, 85
Trd, 4319574.893, 116
Trd, 4319578.593, 103
Trd, 4319579.543, 101
Trd, 4319580.593, 100
Trd, 4319581.143, 94
Trd, 4319582.043, 101
Trd, 4319582.393, 101
Trd, 4319585.193, 94
Trd, 4319585.593, 85
Trd, 4319586.993, 93
Trd, 4319587.143, 91
Trd, 4319587.893, 93
Trd, 4319588.643, 90
Trd, 4319589.443, 95
Trd, 4319590.143, 93
Trd, 4319591.993, 107
Trd, 4319593.643, 100
Trd, 4319594.143, 100
Trd, 4319594.393, 105
Trd, 4319595.293, 98
Trd, 4319596.443, 101
Trd, 4319598.593, 111
Trd, 4319602.393, 97
Trd, 4319603.243, 100
Trd, 4319605.943, 96
Trd, 4319606.793, 95
Trd, 4319607.243, 94
Trd, 4319607.643, 94
Trd, 4319608.193, 95
Trd, 4319609.743, 95
Trd, 4319610.943, 93
Trd, 4319611.943, 109
Trd, 4319613.793, 100
Trd, 4319614.993, 98
Trd, 4319615.543, 98
Trd, 4319615.793, 96
Trd, 4319616.243, 98
Trd, 4319619.393, 95
Trd, 4319620.043, 95
Trd, 4319620.643, 115
Trd, 4319621.143, 97
Trd, 4319623.493, 102
Trd, 4319626.143, 99
Trd, 4319626.493, 100
Trd, 4319627.493, 96
Trd, 4319628.643, 98
Trd, 4319629.193, 98
Trd, 4319630.793, 97
Trd, 4319631.593, 98
Trd, 4319634.343, 98
Trd, 4319636.543, 96
Trd, 4319637.093, 97
Trd, 4319637.393, 95
Trd, 4319640.343, 95
Trd, 4319641.643, 95
Trd, 4319642.843, 96
Trd, 4319644.643, 96
Trd, 4319646.793, 95
Trd, 4319647.443, 94
Trd, 4319647.993, 94
Trd, 4319648.093, 93
Trd, 4319649.843, 101
Trd, 4319650.393, 107
Trd, 4319653.243, 99
Trd, 4319653.643, 96
Trd, 4319653.843, 99
Trd, 4319655.843, 98
Trd, 4319658.043, 102
Trd, 4319658.343, 106
Trd, 4319660.343, 100
Trd, 4319660.443, 99
Trd, 4319661.693, 98
Trd, 4319665.043, 98
Trd, 4319665.893, 99
Trd, 4319667.043, 100
Trd, 4319668.943, 97
Trd, 4319670.493, 98
Trd, 4319670.643, 96
Trd, 4319673.193, 96
Trd, 4319674.393, 104
Trd, 4319677.893, 95
Trd, 4319678.143, 96
Trd, 4319678.543, 95
Trd, 4319678.643, 96
Trd, 4319680.293, 96
Trd, 4319683.093, 94
Trd, 4319683.543, 95
Trd, 4319684.393, 93
Trd, 4319684.593, 95
Trd, 4319686.343, 93
Trd, 4319689.243, 94
Trd, 4319691.943, 92
Trd, 4319692.043, 94
Trd, 4319692.443, 95
Trd, 4319694.643, 91
Trd, 4319695.943, 94
Trd, 4319696.543, 94
Trd, 4319698.643, 90
Trd, 4319700.493, 93
Trd, 4319701.293, 93
Trd, 4319703.143, 89
Trd, 4319703.993, 92
Trd, 4319706.243, 90
Trd, 4319706.793, 91
Trd, 4319709.643, 91
Trd, 4319709.843, 88
Trd, 4319710.343, 92
Trd, 4319713.143, 93
Trd, 4319713.843, 102
Trd, 4319714.343, 95
Trd, 4319714.693, 95
Trd, 4319717.893, 103
Trd, 4319718.043, 99
Trd, 4319718.593, 105
Trd, 4319720.093, 101
Trd, 4319721.943, 97
Trd, 4319722.693, 101
Trd, 4319726.993, 101
Trd, 4319727.243, 100
Trd, 4319727.493, 100
Trd, 4319728.443, 99
Trd, 4319729.843, 97
Trd, 4319730.493, 97
Trd, 4319731.093, 94
Trd, 4319732.443, 97
Trd, 4319734.143, 113
Trd, 4319734.793, 101
Trd, 4319738.743, 100
Trd, 4319739.093, 99
Trd, 4319739.143, 119
Trd, 4319739.643, 94
Trd, 4319741.743, 96
Trd, 4319742.093, 94
Trd, 4319742.643, 76
Trd, 4319743.643, 95
Trd, 4319745.893, 93
Trd, 4319746.293, 93
Trd, 4319746.843, 94
Trd, 4319750.293, 92
Trd, 4319751.943, 92
Trd, 4319753.343, 94
Trd, 4319754.543, 95
Trd, 4319756.243, 91
Trd, 4319759.393, 93
Trd, 4319761.143, 93
Trd, 4319764.493, 95
Trd, 4319765.093, 91
Trd, 4319768.243, 93
Trd, 4319769.093, 91
Trd, 4319770.243, 90
Trd, 4319771.243, 93
Trd, 4319771.293, 89
Trd, 4319773.843, 98
Trd, 4319774.043, 102
Trd, 4319778.243, 96
Trd, 4319779.143, 96
Trd, 4319780.543, 93
Trd, 4319780.793, 93
Trd, 4319781.143, 95
Trd, 4319782.443, 116
Trd, 4319784.793, 102
Trd, 4319786.643, 101
Trd, 4319787.343, 101
Trd, 4319787.443, 99
Trd, 4319790.943, 99
Trd, 4319792.593, 102
Trd, 4319792.743, 104
Trd, 4319794.093, 111
Trd, 4319796.143, 102
Trd, 4319796.543, 94
Trd, 4319798.593, 94
Trd, 4319798.693, 95
Trd, 4319799.293, 99
Trd, 4319799.843, 97
Trd, 4319800.293, 107
Trd, 4319801.193, 96
Trd, 4319805.543, 100
Trd, 4319806.143, 95
Trd, 4319806.793, 96
Trd, 4319808.243, 97
Trd, 4319809.493, 96
Trd, 4319809.643, 94
Trd, 4319810.443, 98
Trd, 4319811.893, 97
Trd, 4319813.793, 97
Trd, 4319813.843, 99
Trd, 4319816.043, 98
Trd, 4319817.343, 97
Trd, 4319817.443, 98
Trd, 4319818.693, 104
Trd, 4319822.143, 97
Trd, 4319822.393, 96
Trd, 4319823.293, 98
Trd, 4319825.493, 108
Trd, 4319827.293, 95
Trd, 4319828.443, 98
Trd, 4319830.093, 95
Trd, 4319831.443, 91
Trd, 4319832.343, 90
Trd, 4319833.243, 90
Trd, 4319833.993, 90
Trd, 4319834.243, 93
Trd, 4319835.793, 91
Trd, 4319838.793, 98
Trd, 4319840.693, 92
Trd, 4319842.643, 93
Trd, 4319843.593, 91
Trd, 4319844.493, 93
Trd, 4319845.893, 90
Trd, 4319846.293, 92
Trd, 4319846.993, 95
Trd, 4319848.843, 91
Trd, 4319848.993, 89
Trd, 4319849.893, 91
Trd, 4319852.693, 92
Trd, 4319855.293, 93
Trd, 4319855.943, 88
Trd, 4319858.143, 87
Trd, 4319859.893, 90
Trd, 4319862.643, 90
Trd, 4319863.943, 108
Trd, 4319864.343, 98
Trd, 4319865.393, 99
Trd, 4319865.743, 91
Trd, 4319868.193, 109
Trd, 4319869.593, 110
Trd, 4319870.543, 131
Trd, 4319870.993, 114
Trd, 4319872.943, 88
Trd, 4319873.293, 104
Trd, 4319876.893, 91
Trd, 4319877.143, 93
Trd, 4319878.243, 92
Trd, 4319878.793, 90
Trd, 4319879.293, 95
Trd, 4319879.843, 89
Trd, 4319880.693, 101
Trd, 4319881.793, 96
Trd, 4319882.643, 98
Trd, 4319884.093, 89
Trd, 4319886.393, 96
Trd, 4319887.893, 95
Trd, 4319889.143, 92
Trd, 4319890.843, 92
Trd, 4319891.143, 88
Trd, 4319892.793, 92
Trd, 4319895.493, 87
Trd, 4319898.343, 87
Trd, 4319898.643, 87
Trd, 4319899.593, 95
Trd, 4319902.143, 90
Trd, 4319903.343, 89
Trd, 4319904.293, 93
Trd, 4319904.393, 95
Trd, 4319904.493, 86
Trd, 4319906.543, 92
Trd, 4319907.343, 92
Trd, 4319909.143, 85
Trd, 4319910.243, 91
Trd, 4319911.843, 91
Trd, 4319912.993, 92
Trd, 4319916.093, 89
Trd, 4319917.193, 84
Trd, 4319920.993, 86
Trd, 4319922.643, 86
Trd, 4319923.093, 85
Trd, 4319925.093, 95
Trd, 4319926.243, 91
Trd, 4319926.993, 88
Trd, 4319929.043, 102
Trd, 4319929.593, 88
Trd, 4319930.193, 87
Trd, 4319930.343, 94
Trd, 4319932.443, 95
Trd, 4319934.793, 95
Trd, 4319940.043, 91
Trd, 4319941.843, 91
Trd, 4319942.293, 95
Trd, 4319942.543, 88
Trd, 4319942.843, 93
Trd, 4319943.293, 108
Trd, 4319944.543, 112
Trd, 4319946.793, 98
Trd, 4319947.543, 99
Trd, 4319947.993, 106
Trd, 4319949.093, 99
Trd, 4319950.143, 108
Trd, 4319950.493, 107
Trd, 4319951.693, 106
Trd, 4319952.643, 109
Trd, 4319953.593, 101
Trd, 4319954.443, 85
Trd, 4319955.293, 98
Trd, 4319955.743, 100
Trd, 4319957.743, 96
Trd, 4319958.543, 95
Trd, 4319959.843, 85
Trd, 4319960.493, 80
Trd, 4319961.393, 96
Trd, 4319964.493, 90
Trd, 4319967.193, 89
Trd, 4319967.443, 91
Trd, 4319968.893, 89
Trd, 4319969.093, 90
Trd, 4319971.093, 107
Trd, 4319975.293, 88
Trd, 4319975.393, 90
Trd, 4319977.793, 90
Trd, 4319978.093, 91
Trd, 4319978.343, 95
Trd, 4319978.793, 87
Trd, 4319981.493, 92
Trd, 4319982.243, 101
Trd, 4319984.093, 95
Trd, 4319984.343, 86
Trd, 4319988.093, 86
Trd, 4319989.043, 86
Trd, 4319989.393, 85
Trd, 4319990.793, 86
Trd, 4319993.943, 86
Trd, 4319996.093, 84
Trd, 4319997.493, 83
Trd, 4319997.793, 85
