Trd, 4317814.743, 93
Trd, 4317815.293, 97
Trd, 4317816.743, 97
Trd, 4317817.743, 98
Trd, 4317818.943, 97
Trd, 4317820.243, 96
Trd, 4317820.943, 95
Trd, 4317823.093, 94
Trd, 4317823.243, 94
Trd, 4317824.843, 96
Trd, 4317826.393, 94
Trd, 4317827.743, 95
Trd, 4317828.093, 95
Trd, 4317828.943, 94
Trd, 4317829.843, 93
Trd, 4317831.443, 103
Trd, 4317832.393, 99
Trd, 4317833.593, 98
Trd, 4317835.143, 99
Trd, 4317835.443, 95
Trd, 4317838.493, 96
Trd, 4317840.193, 96
Trd, 4317840.493, 95
Trd, 4317842.093, 99
Trd, 4317845.293, 99
Trd, 4317847.443, 98
Trd, 4317849.293, 98
Trd, 4317850.193, 99
Trd, 4317851.493, 98
Trd, 4317855.093, 96
Trd, 4317856.243, 96
Trd, 4317857.993, 95
Trd, 4317859.243, 98
Trd, 4317860.793, 98
Trd, 4317862.893, 100
Trd, 4317863.093, 99
Trd, 4317863.443, 99
Trd, 4317863.543, 96
Trd, 4317864.893, 96
Trd, 4317866.143, 94
Trd, 4317866.993, 93
Trd, 4317872.843, 98
Trd, 4317875.793, 95
Trd, 4317877.043, 97
Trd, 4317879.143, 99
Trd, 4317879.543, 95
Trd, 4317882.443, 97
Trd, 4317884.943, 99
Trd, 4317885.093, 95
Trd, 4317887.293, 94
Trd, 4317888.393, 93
Trd, 4317889.743, 98
Trd, 4317889.993, 97
Trd, 4317890.293, 98
Trd, 4317891.293, 96
Trd, 4317892.193, 97
Trd, 4317896.643, 98
Trd, 4317897.943, 100
Trd, 4317898.643, 98
Trd, 4317900.243, 101
Trd, 4317901.093, 100
Trd, 4317902.793, 100
Trd, 4317904.393, 101
Trd, 4317904.793, 104
Trd, 4317906.293, 100
Trd, 4317906.793, 100
Trd, 4317909.543, 99
Trd, 4317912.043, 94
Trd, 4317912.093, 80
Trd, 4317914.793, 97
Trd, 4317914.943, 96
Trd, 4317916.893, 97
Trd, 4317918.043, 98
Trd, 4317918.293, 99
Trd, 4317919.743, 98
Trd, 4317921.043, 98
Trd, 4317921.393, 99
Trd, 4317922.993, 97
Trd, 4317925.593, 96
Trd, 4317926.893, 96
Trd, 4317930.493, 97
Trd, 4317930.543, 96
Trd, 4317931.043, 95
Trd, 4317931.793, 95
Trd, 4317931.893, 94
Trd, 4317933.393, 96
Trd, 4317935.643, 103
Trd, 4317935.893, 97
Trd, 4317937.443, 98
Trd, 4317938.343, 98
Trd, 4317939.143, 97
Trd, 4317941.393, 97
Trd, 4317943.243, 98
Trd, 4317944.393, 96
Trd, 4317947.993, 97
Trd, 4317950.843, 95
Trd, 4317954.543, 94
Trd, 4317954.943, 94
Trd, 4317956.093, 95
Trd, 4317958.243, 98
Trd, 4317959.343, 98
Trd, 4317963.443, 96
Trd, 4317964.693, 96
Trd, 4317965.043, 96
Trd, 4317966.093, 98
Trd, 4317968.693, 96
Trd, 4317970.443, 98
Trd, 4317970.843, 96
Trd, 4317972.693, 96
Trd, 4317975.593, 97
Trd, 4317976.543, 97
Trd, 4317977.443, 98
Trd, 4317978.793, 94
Trd, 4317979.793, 81
Trd, 4317982.293, 92
Trd, 4317986.043, 93
Trd, 4317987.593, 94
Trd, 4317992.193, 93
Trd, 4317992.943, 95
Trd, 4317993.393, 93
Trd, 4317998.593, 92
Trd, 4317998.643, 95
Trd, 4318000.843, 93
Trd, 4318003.093, 94
Trd, 4318004.043, 95
Trd, 4318005.993, 92
Trd, 4318006.493, 92
Trd, 4318009.043, 95
Trd, 4318009.743, 92
Trd, 4318011.893, 92
Trd, 4318014.093, 93
Trd, 4318014.293, 109
Trd, 4318014.343, 92
Trd, 4318017.143, 99
Trd, 4318017.693, 97
Trd, 4318017.793, 91
Trd, 4318017.843, 80
Trd, 4318021.593, 97
Trd, 4318022.243, 97
Trd, 4318022.443, 95
Trd, 4318023.293, 93
Trd, 4318026.293, 96
Trd, 4318026.693, 96
Trd, 4318029.243, 95
Trd, 4318031.243, 94
Trd, 4318031.443, 95
Trd, 4318033.993, 94
Trd, 4318035.593, 93
Trd, 4318036.443, 94
Trd, 4318037.443, 94
Trd, 4318038.493, 95
Trd, 4318038.993, 94
Trd, 4318041.993, 94
Trd, 4318042.043, 92
Trd, 4318045.843, 92
Trd, 4318045.943, 80
Trd, 4318047.243, 92
Trd, 4318048.693, 90
Trd, 4318049.443, 89
Trd, 4318051.943, 92
Trd, 4318053.743, 93
Trd, 4318055.443, 91
Trd, 4318056.843, 92
Trd, 4318057.993, 91
Trd, 4318059.493, 90
Trd, 4318063.693, 92
Trd, 4318063.743, 90
Trd, 4318065.793, 90
Trd, 4318066.443, 92
Trd, 4318067.093, 90
Trd, 4318069.443, 93
Trd, 4318069.943, 92
Trd, 4318071.893, 93
Trd, 4318073.443, 98
Trd, 4318075.243, 93
Trd, 4318075.543, 92
Trd, 4318076.543, 96
Trd, 4318077.293, 97
Trd, 4318078.843, 97
Trd, 4318081.993, 97
Trd, 4318082.543, 96
Trd, 4318084.993, 98
Trd, 4318086.093, 94
Trd, 4318087.393, 94
Trd, 4318088.143, 96
Trd, 4318091.443, 97
Trd, 4318091.893, 94
Trd, 4318092.193, 94
Trd, 4318094.443, 93
Trd, 4318097.743, 95
Trd, 4318101.143, 93
Trd, 4318101.293, 93
Trd, 4318102.143, 95
Trd, 4318102.543, 95
Trd, 4318103.993, 96
Trd, 4318107.493, 100
Trd, 4318108.043, 99
Trd, 4318108.693, 107
Trd, 4318108.793, 99
Trd, 4318110.243, 98
Trd, 4318112.443, 98
Trd, 4318112.693, 99
Trd, 4318114.693, 98
Trd, 4318117.993, 98
Trd, 4318120.443, 98
Trd, 4318124.143, 98
Trd, 4318125.293, 97
Trd, 4318126.243, 96
Trd, 4318130.093, 98
Trd, 4318132.643, 98
Trd, 4318132.743, 97
Trd, 4318133.143, 96
Trd, 4318134.493, 95
Trd, 4318134.793, 95
Trd, 4318135.743, 97
Trd, 4318137.843, 95
Trd, 4318141.343, 94
Trd, 4318143.743, 97
Trd, 4318144.193, 94
Trd, 4318148.543, 95
Trd, 4318150.993, 95
Trd, 4318152.943, 93
Trd, 4318155.393, 96
Trd, 4318155.993, 96
Trd, 4318156.893, 95
Trd, 4318160.193, 95
Trd, 4318160.393, 94
Trd, 4318163.543, 94
Trd, 4318165.843, 95
Trd, 4318166.293, 96
Trd, 4318166.543, 93
Trd, 4318169.093, 96
Trd, 4318169.743, 93
Trd, 4318173.443, 93
Trd, 4318175.943, 92
Trd, 4318179.143, 93
Trd, 4318180.893, 93
Trd, 4318181.943, 93
Trd, 4318182.293, 96
Trd, 4318183.493, 95
Trd, 4318184.243, 96
Trd, 4318186.093, 95
Trd, 4318190.343, 94
Trd, 4318191.043, 95
Trd, 4318191.593, 94
Trd, 4318194.093, 94
Trd, 4318194.593, 96
Trd, 4318197.243, 95
Trd, 4318197.843, 93
Trd, 4318200.193, 94
Trd, 4318205.193, 93
Trd, 4318205.243, 93
Trd, 4318207.693, 96
Trd, 4318208.593, 95
Trd, 4318209.943, 94
Trd, 4318211.793, 93
Trd, 4318214.193, 95
Trd, 4318215.493, 94
Trd, 4318216.143, 94
Trd, 4318216.893, 94
Trd, 4318218.393, 101
Trd, 4318218.943, 94
Trd, 4318220.243, 98
Trd, 4318222.743, 96
Trd, 4318222.993, 96
Trd, 4318225.393, 96
Trd, 4318227.393, 96
Trd, 4318228.443, 95
Trd, 4318229.393, 95
Trd, 4318230.743, 96
Trd, 4318231.943, 95
Trd, 4318234.593, 95
Trd, 4318235.693, 95
Trd, 4318236.343, 96
Trd, 4318238.943, 96
Trd, 4318239.643, 94
Trd, 4318240.693, 99
Trd, 4318241.043, 96
Trd, 4318241.993, 98
Trd, 4318244.743, 96
Trd, 4318247.643, 98
Trd, 4318248.843, 95
Trd, 4318250.243, 94
Trd, 4318250.293, 98
Trd, 4318251.943, 97
Trd, 4318253.493, 95
Trd, 4318255.343, 95
Trd, 4318258.393, 97
Trd, 4318259.793, 94
Trd, 4318261.943, 97
Trd, 4318263.393, 95
Trd, 4318263.743, 93
Trd, 4318265.093, 97
Trd, 4318266.843, 95
Trd, 4318267.843, 96
Trd, 4318270.343, 95
Trd, 4318271.793, 94
Trd, 4318272.343, 80
Trd, 4318272.993, 89
Trd, 4318276.843, 94
Trd, 4318280.043, 94
Trd, 4318281.343, 91
Trd, 4318282.043, 91
Trd, 4318284.943, 93
Trd, 4318285.193, 90
Trd, 4318289.593, 90
Trd, 4318289.843, 89
Trd, 4318292.243, 90
Trd, 4318292.793, 89
Trd, 4318294.143, 89
Trd, 4318297.093, 88
Trd, 4318298.143, 87
Trd, 4318298.443, 89
Trd, 4318300.843, 90
Trd, 4318300.943, 87
Trd, 4318301.543, 92
Trd, 4318302.693, 93
Trd, 4318304.293, 95
Trd, 4318306.493, 96
Trd, 4318307.193, 97
Trd, 4318308.393, 97
Trd, 4318310.343, 95
Trd, 4318310.493, 94
Trd, 4318314.943, 96
Trd, 4318315.943, 97
Trd, 4318317.443, 97
Trd, 4318318.593, 95
Trd, 4318320.643, 94
Trd, 4318322.093, 97
Trd, 4318324.993, 95
Trd, 4318325.543, 97
Trd, 4318327.693, 94
Trd, 4318328.643, 96
Trd, 4318328.943, 97
Trd, 4318329.093, 94
Trd, 4318329.993, 95
Trd, 4318331.743, 99
Trd, 4318331.993, 98
Trd, 4318334.593, 98
Trd, 4318335.943, 97
Trd, 4318337.993, 95
Trd, 4318338.293, 103
Trd, 4318338.893, 96
Trd, 4318340.393, 95
Trd, 4318341.593, 96
Trd, 4318344.393, 94
Trd, 4318344.793, 99
Trd, 4318345.193, 95
Trd, 4318348.293, 97
Trd, 4318349.593, 99
Trd, 4318351.243, 97
Trd, 4318352.543, 96
Trd, 4318354.543, 95
Trd, 4318357.293, 97
Trd, 4318359.493, 96
Trd, 4318359.643, 98
Trd, 4318362.893, 98
Trd, 4318363.193, 96
Trd, 4318363.993, 98
Trd, 4318364.193, 95
Trd, 4318364.693, 95
Trd, 4318368.193, 97
Trd, 4318368.993, 94
Trd, 4318374.343, 96
Trd, 4318374.493, 93
Trd, 4318375.293, 92
Trd, 4318378.993, 93
Trd, 4318380.093, 95
Trd, 4318380.743, 96
Trd, 4318382.543, 96
Trd, 4318386.743, 95
Trd, 4318388.793, 94
Trd, 4318390.843, 96
Trd, 4318391.043, 93
Trd, 4318391.643, 96
Trd, 4318392.443, 97
Trd, 4318392.543, 97
Trd, 4318393.693, 96
Trd, 4318394.993, 94
Trd, 4318396.343, 106
Trd, 4318397.593, 97
Trd, 4318398.443, 98
Trd, 4318401.443, 96
Trd, 4318402.793, 99
Trd, 4318407.643, 98
Trd, 4318408.093, 97
Trd, 4318408.293, 99
Trd, 4318410.243, 98
Trd, 4318411.343, 96
Trd, 4318414.343, 95
Trd, 4318415.243, 97
Trd, 4318418.293, 95
Trd, 4318418.593, 94
Trd, 4318422.093, 95
Trd, 4318422.643, 94
Trd, 4318427.043, 97
Trd, 4318427.693, 97
Trd, 4318429.593, 96
Trd, 4318430.043, 97
Trd, 4318432.693, 95
Trd, 4318435.343, 95
Trd, 4318436.943, 95
Trd, 4318439.543, 95
Trd, 4318440.793, 94
Trd, 4318443.593, 96
Trd, 4318443.943, 93
Trd, 4318446.493, 95
Trd, 4318446.793, 93
Trd, 4318448.243, 94
Trd, 4318451.993, 91
Trd, 4318452.893, 95
Trd, 4318454.043, 92
Trd, 4318456.493, 93
Trd, 4318458.293, 95
Trd, 4318458.393, 92
Trd, 4318464.393, 92
Trd, 4318466.393, 93
Trd, 4318468.643, 91
Trd, 4318470.443, 91
Trd, 4318470.793, 90
Trd, 4318472.593, 95
Trd, 4318473.393, 92
Trd, 4318477.993, 95
Trd, 4318478.893, 93
Trd, 4318481.493, 93
Trd, 4318482.893, 93
Trd, 4318483.493, 92
Trd, 4318486.943, 92
Trd, 4318487.643, 94
Trd, 4318489.643, 93
Trd, 4318493.743, 93
Trd, 4318496.643, 94
Trd, 4318496.743, 93
Trd, 4318497.793, 94
Trd, 4318500.443, 100
Trd, 4318500.493, 100
Trd, 4318500.643, 98
Trd, 4318502.493, 98
Trd, 4318502.543, 97
Trd, 4318503.443, 76
Trd, 4318504.443, 99
Trd, 4318506.193, 70
Trd, 4318510.243, 95
Trd, 4318510.593, 94
Trd, 4318511.043, 93
Trd, 4318513.343, 97
Trd, 4318513.993, 80
Trd, 4318515.493, 91
Trd, 4318516.343, 92
Trd, 4318516.643, 90
Trd, 4318518.843, 92
Trd, 4318520.743, 92
Trd, 4318521.343, 91
Trd, 4318522.543, 91
Trd, 4318523.743, 92
Trd, 4318524.943, 91
Trd, 4318525.093, 91
Trd, 4318527.093, 90
Trd, 4318528.143, 93
Trd, 4318530.943, 91
Trd, 4318537.043, 91
Trd, 4318537.143, 90
Trd, 4318537.243, 92
Trd, 4318538.793, 90
Trd, 4318539.643, 89
Trd, 4318542.743, 92
Trd, 4318543.293, 91
Trd, 4318546.443, 90
Trd, 4318546.743, 92
Trd, 4318547.543, 92
Trd, 4318548.093, 92
Trd, 4318548.243, 91
Trd, 4318550.693, 91
Trd, 4318552.393, 92
Trd, 4318553.643, 91
Trd, 4318556.443, 92
Trd, 4318557.693, 91
Trd, 4318558.843, 92
Trd, 4318560.643, 91
Trd, 4318564.643, 90
Trd, 4318567.343, 91
Trd, 4318570.143, 91
Trd, 4318571.993, 90
Trd, 4318574.193, 91
Trd, 4318575.943, 92
Trd, 4318577.493, 91
Trd, 4318579.243, 89
Trd, 4318579.643, 91
Trd, 4318580.643, 89
Trd, 4318581.243, 91
Trd, 4318584.893, 88
Trd, 4318586.093, 92
Trd, 4318587.593, 91
Trd, 4318587.843, 92
Trd, 4318590.443, 97
Trd, 4318590.593, 96
Trd, 4318591.243, 96
Trd, 4318593.393, 98
Trd, 4318593.593, 97
Trd, 4318593.893, 78
Trd, 4318597.443, 95
Trd, 4318599.843, 95
Trd, 4318603.143, 97
Trd, 4318604.093, 94
Trd, 4318604.443, 93
Trd, 4318607.843, 93
Trd, 4318608.643, 95
Trd, 4318609.743, 93
Trd, 4318610.043, 93
Trd, 4318611.943, 95
Trd, 4318618.293, 95
Trd, 4318618.493, 92
Trd, 4318619.193, 93
Trd, 4318621.643, 93
Trd, 4318621.993, 94
Trd, 4318623.443, 95
Trd, 4318624.243, 94
Trd, 4318625.693, 93
Trd, 4318626.743, 80
Trd, 4318628.593, 91
Trd, 4318629.793, 91
Trd, 4318631.343, 91
Trd, 4318634.343, 94
Trd, 4318636.893, 96
Trd, 4318637.443, 93
Trd, 4318639.943, 93
Trd, 4318640.443, 93
Trd, 4318645.093, 94
Trd, 4318645.443, 94
Trd, 4318645.893, 95
Trd, 4318648.143, 95
Trd, 4318649.693, 94
Trd, 4318650.143, 93
Trd, 4318653.443, 95
Trd, 4318654.093, 94
Trd, 4318655.843, 93
Trd, 4318658.693, 95
Trd, 4318660.293, 95
Trd, 4318660.443, 93
Trd, 4318663.243, 93
Trd, 4318663.593, 92
Trd, 4318665.093, 100
Trd, 4318665.843, 99
Trd, 4318666.343, 98
Trd, 4318668.143, 98
Trd, 4318672.993, 97
Trd, 4318673.393, 96
Trd, 4318675.993, 98
Trd, 4318676.043, 94
Trd, 4318676.343, 96
Trd, 4318676.643, 95
Trd, 4318682.693, 93
Trd, 4318683.693, 94
Trd, 4318685.443, 96
Trd, 4318686.643, 94
Trd, 4318686.843, 95
Trd, 4318687.893, 95
Trd, 4318690.743, 104
Trd, 4318693.693, 97
Trd, 4318695.743, 97
Trd, 4318696.943, 98
Trd, 4318697.193, 97
Trd, 4318699.843, 96
Trd, 4318699.993, 97
Trd, 4318701.043, 96
Trd, 4318702.693, 95
Trd, 4318706.293, 95
Trd, 4318707.743, 97
Trd, 4318709.043, 95
Trd, 4318710.743, 96
Trd, 4318712.093, 94
Trd, 4318714.543, 94
Trd, 4318718.143, 95
Trd, 4318718.943, 94
Trd, 4318725.193, 96
Trd, 4318726.393, 96
Trd, 4318727.293, 94
Trd, 4318728.993, 97
Trd, 4318729.543, 106
Trd, 4318730.243, 97
Trd, 4318731.993, 99
Trd, 4318732.343, 97
Trd, 4318734.293, 98
Trd, 4318736.143, 97
Trd, 4318737.043, 99
Trd, 4318737.693, 96
Trd, 4318741.743, 94
Trd, 4318745.693, 95
Trd, 4318745.743, 93
Trd, 4318747.443, 94
Trd, 4318749.143, 94
Trd, 4318753.843, 95
Trd, 4318754.443, 96
Trd, 4318755.893, 95
Trd, 4318759.543, 97
Trd, 4318759.743, 96
Trd, 4318760.193, 96
Trd, 4318760.743, 94
Trd, 4318763.393, 94
Trd, 4318763.743, 94
Trd, 4318767.443, 96
Trd, 4318769.693, 96
Trd, 4318772.343, 93
Trd, 4318773.093, 93
Trd, 4318774.493, 92
Trd, 4318775.493, 91
Trd, 4318778.093, 92
Trd, 4318778.143, 89
Trd, 4318780.793, 94
Trd, 4318781.043, 92
Trd, 4318782.943, 95
Trd, 4318783.693, 94
Trd, 4318784.593, 102
Trd, 4318786.093, 98
Trd, 4318786.943, 97
Trd, 4318789.143, 99
Trd, 4318792.043, 99
Trd, 4318793.893, 99
Trd, 4318795.443, 98
Trd, 4318796.443, 100
Trd, 4318797.143, 99
Trd, 4318798.293, 98
Trd, 4318802.343, 97
Trd, 4318803.243, 98
Trd, 4318804.093, 98
Trd, 4318806.493, 97
Trd, 4318808.293, 98
Trd, 4318808.593, 95
Trd, 4318809.843, 96
Trd, 4318811.693, 95
Trd, 4318811.843, 94
Trd, 4318813.343, 92
Trd, 4318814.743, 94
Trd, 4318815.543, 93
Trd, 4318815.643, 92
Trd, 4318818.493, 92
Trd, 4318819.643, 94
Trd, 4318819.993, 92
Trd, 4318823.543, 93
Trd, 4318825.993, 95
Trd, 4318826.443, 92
Trd, 4318827.593, 94
Trd, 4318828.743, 94
Trd, 4318830.643, 93
Trd, 4318831.593, 94
Trd, 4318831.993, 93
Trd, 4318832.893, 91
Trd, 4318834.493, 90
Trd, 4318835.493, 91
Trd, 4318839.043, 94
Trd, 4318840.543, 92
Trd, 4318845.093, 91
Trd, 4318845.143, 91
Trd, 4318846.743, 92
Trd, 4318849.143, 91
Trd, 4318849.293, 91
Trd, 4318850.243, 92
Trd, 4318853.093, 91
Trd, 4318854.143, 80
Trd, 4318854.693, 78
Trd, 4318859.943, 87
Trd, 4318860.643, 92
Trd, 4318861.193, 91
Trd, 4318863.493, 91
Trd, 4318863.643, 90
Trd, 4318864.343, 91
Trd, 4318865.793, 91
Trd, 4318867.393, 91
Trd, 4318868.843, 93
Trd, 4318869.693, 95
Trd, 4318870.943, 95
Trd, 4318872.093, 99
Trd, 4318872.643, 97
Trd, 4318873.993, 99
Trd, 4318874.643, 98
Trd, 4318877.043, 98
Trd, 4318880.143, 97
Trd, 4318881.143, 98
Trd, 4318882.093, 96
Trd, 4318884.643, 96
Trd, 4318886.043, 96
Trd, 4318887.043, 98
Trd, 4318889.893, 95
Trd, 4318891.743, 96
Trd, 4318893.743, 95
Trd, 4318896.243, 95
Trd, 4318899.293, 96
Trd, 4318901.393, 98
Trd, 4318902.743, 94
Trd, 4318903.043, 94
Trd, 4318905.393, 97
Trd, 4318907.843, 93
Trd, 4318908.543, 93
Trd, 4318910.243, 96
Trd, 4318911.543, 93
Trd, 4318912.643, 93
Trd, 4318916.393, 93
Trd, 4318920.243, 93
Trd, 4318922.143, 95
Trd, 4318923.293, 97
Trd, 4318923.593, 96
Trd, 4318924.243, 95
Trd, 4318924.793, 92
Trd, 4318927.493, 95
Trd, 4318929.143, 94
Trd, 4318930.393, 96
Trd, 4318931.793, 96
Trd, 4318933.343, 95
Trd, 4318935.843, 94
Trd, 4318938.143, 93
Trd, 4318940.693, 93
Trd, 4318942.493, 92
Trd, 4318942.743, 95
Trd, 4318944.443, 95
Trd, 4318948.743, 95
Trd, 4318950.293, 94
Trd, 4318951.393, 95
Trd, 4318951.593, 92
Trd, 4318952.343, 92
Trd, 4318956.843, 94
Trd, 4318957.693, 95
Trd, 4318958.993, 97
Trd, 4318959.343, 97
Trd, 4318960.043, 97
Trd, 4318960.193, 96
Trd, 4318963.793, 95
Trd, 4318965.193, 96
Trd, 4318965.743, 94
Trd, 4318965.943, 96
Trd, 4318968.593, 96
Trd, 4318969.993, 95
Trd, 4318971.793, 96
Trd, 4318972.243, 96
Trd, 4318972.793, 94
Trd, 4318974.443, 94
Trd, 4318977.193, 102
Trd, 4318977.843, 102
Trd, 4318978.993, 96
Trd, 4318980.193, 95
Trd, 4318981.693, 94
Trd, 4318982.693, 98
Trd, 4318982.993, 96
Trd, 4318985.193, 88
Trd, 4318986.943, 92
Trd, 4318990.293, 96
Trd, 4318990.993, 97
Trd, 4318992.243, 96
Trd, 4318995.143, 98
Trd, 4318996.793, 97
Trd, 4318997.093, 97
Trd, 4318997.393, 97
Trd, 4318998.543, 96
Trd, 4318999.243, 94
Trd, 4318999.443, 95
Trd, 4319002.593, 95
Trd, 4319003.943, 95
Trd, 4319005.643, 95
Trd, 4319005.943, 94
Trd, 4319006.193, 95
Trd, 4319007.593, 95
Trd, 4319010.143, 95
Trd, 4319011.043, 94
Trd, 4319012.843, 95
Trd, 4319013.093, 94
Trd, 4319014.043, 106
Trd, 4319014.143, 93
Trd, 4319015.843, 96
Trd, 4319018.493, 95
Trd, 4319019.793, 96
Trd, 4319020.293, 95
Trd, 4319023.393, 94
Trd, 4319023.993, 95
Trd, 4319026.293, 94
Trd, 4319027.493, 94
Trd, 4319028.543, 95
Trd, 4319029.893, 94
Trd, 4319032.343, 93
Trd, 4319033.493, 97
Trd, 4319036.193, 99
Trd, 4319036.343, 98
Trd, 4319039.043, 97
Trd, 4319039.843, 97
Trd, 4319040.393, 100
Trd, 4319040.443, 95
Trd, 4319041.593, 94
Trd, 4319044.793, 94
Trd, 4319045.643, 93
Trd, 4319046.993, 93
Trd, 4319047.693, 93
Trd, 4319050.943, 92
Trd, 4319052.293, 93
Trd, 4319055.043, 94
Trd, 4319056.243, 93
Trd, 4319057.143, 92
Trd, 4319060.793, 93
Trd, 4319062.543, 93
Trd, 4319062.893, 94
Trd, 4319063.393, 92
Trd, 4319065.093, 96
Trd, 4319065.893, 95
Trd, 4319066.393, 94
Trd, 4319068.593, 108
Trd, 4319069.093, 101
Trd, 4319070.193, 93
Trd, 4319070.693, 99
Trd, 4319071.893, 113
Trd, 4319072.893, 100
Trd, 4319074.993, 95
Trd, 4319075.193, 98
Trd, 4319077.643, 96
Trd, 4319077.943, 93
Trd, 4319080.493, 97
Trd, 4319080.693, 96
Trd, 4319084.493, 98
Trd, 4319086.543, 96
Trd, 4319087.593, 96
Trd, 4319088.193, 94
Trd, 4319088.893, 96
Trd, 4319091.543, 95
Trd, 4319093.143, 94
Trd, 4319094.093, 94
Trd, 4319094.593, 96
Trd, 4319097.893, 93
Trd, 4319100.243, 95
Trd, 4319100.593, 96
Trd, 4319102.693, 94
Trd, 4319103.293, 93
Trd, 4319106.243, 96
Trd, 4319106.743, 97
Trd, 4319107.393, 97
Trd, 4319108.343, 96
Trd, 4319111.643, 95
Trd, 4319112.093, 95
Trd, 4319113.843, 97
Trd, 4319114.293, 95
Trd, 4319114.893, 94
Trd, 4319116.743, 95
Trd, 4319116.893, 94
Trd, 4319120.093, 95
Trd, 4319120.993, 94
Trd, 4319124.393, 94
Trd, 4319125.743, 94
Trd, 4319127.343, 93
Trd, 4319130.293, 94
Trd, 4319131.093, 93
Trd, 4319131.993, 93
Trd, 4319132.993, 94
Trd, 4319133.493, 93
Trd, 4319136.493, 93
Trd, 4319138.243, 92
Trd, 4319140.093, 91
Trd, 4319141.743, 93
Trd, 4319142.293, 95
Trd, 4319142.443, 91
Trd, 4319143.043, 91
Trd, 4319145.193, 90
Trd, 4319146.643, 90
Trd, 4319148.893, 91
Trd, 4319149.843, 92
Trd, 4319153.093, 90
Trd, 4319153.993, 92
Trd, 4319155.093, 89
Trd, 4319156.793, 89
Trd, 4319158.893, 90
Trd, 4319161.293, 92
Trd, 4319163.393, 91
Trd, 4319165.493, 89
Trd, 4319166.893, 89
Trd, 4319172.043, 92
Trd, 4319173.043, 90
Trd, 4319173.793, 89
Trd, 4319177.443, 89
Trd, 4319179.393, 92
Trd, 4319181.143, 89
Trd, 4319182.843, 88
Trd, 4319184.993, 87
Trd, 4319188.643, 90
Trd, 4319190.393, 87
Trd, 4319190.993, 87
Trd, 4319197.743, 91
Trd, 4319200.143, 89
Trd, 4319200.693, 89
Trd, 4319201.543, 89
Trd, 4319201.643, 92
Trd, 4319203.943, 88
Trd, 4319206.643, 97
Trd, 4319207.093, 96
Trd, 4319208.443, 94
Trd, 4319209.993, 95
Trd, 4319212.843, 94
Trd, 4319213.293, 93
Trd, 4319214.193, 92
Trd, 4319216.443, 94
Trd, 4319217.143, 95
Trd, 4319219.843, 96
Trd, 4319221.743, 102
Trd, 4319222.043, 94
Trd, 4319223.543, 100
Trd, 4319223.593, 96
Trd, 4319226.343, 97
Trd, 4319226.543, 95
Trd, 4319227.893, 103
Trd, 4319228.543, 101
Trd, 4319229.343, 100
Trd, 4319231.093, 99
Trd, 4319231.493, 94
Trd, 4319235.393, 101
Trd, 4319237.093, 98
Trd, 4319238.743, 98
Trd, 4319241.293, 101
Trd, 4319241.393, 98
Trd, 4319243.793, 100
Trd, 4319243.893, 101
Trd, 4319247.693, 99
Trd, 4319248.243, 99
Trd, 4319249.693, 97
Trd, 4319250.543, 95
Trd, 4319251.193, 94
Trd, 4319251.593, 77
Trd, 4319251.743, 98
Trd, 4319253.293, 77
Trd, 4319257.143, 86
Trd, 4319257.893, 91
Trd, 4319258.743, 96
Trd, 4319260.193, 98
Trd, 4319261.493, 97
Trd, 4319262.793, 97
Trd, 4319264.743, 97
Trd, 4319265.543, 96
Trd, 4319266.193, 101
Trd, 4319266.743, 98
Trd, 4319267.593, 98
Trd, 4319269.593, 97
Trd, 4319271.543, 95
Trd, 4319272.693, 95
Trd, 4319273.593, 94
Trd, 4319274.793, 95
Trd, 4319276.243, 94
Trd, 4319278.343, 99
Trd, 4319278.493, 97
Trd, 4319280.293, 97
Trd, 4319281.693, 97
Trd, 4319281.743, 94
Trd, 4319282.243, 94
Trd, 4319285.443, 90
Trd, 4319286.343, 93
Trd, 4319287.543, 83
Trd, 4319289.193, 95
Trd, 4319289.343, 94
Trd, 4319289.743, 94
Trd, 4319293.043, 98
Trd, 4319293.543, 106
Trd, 4319295.343, 97
Trd, 4319296.743, 97
Trd, 4319299.393, 96
Trd, 4319301.193, 97
Trd, 4319301.793, 95
Trd, 4319302.743, 96
Trd, 4319303.793, 94
Trd, 4319304.693, 93
Trd, 4319308.593, 96
Trd, 4319309.043, 96
Trd, 4319309.293, 94
Trd, 4319311.893, 98
Trd, 4319312.493, 99
Trd, 4319313.493, 98
Trd, 4319316.143, 98
Trd, 4319316.493, 93
Trd, 4319318.493, 97
Trd, 4319321.093, 98
Trd, 4319322.043, 96
Trd, 4319322.993, 94
Trd, 4319323.793, 94
Trd, 4319326.193, 96
Trd, 4319327.843, 96
Trd, 4319327.893, 95
Trd, 4319330.793, 96
Trd, 4319332.593, 96
Trd, 4319334.593, 95
Trd, 4319335.143, 109
Trd, 4319336.393, 94
Trd, 4319340.093, 96
Trd, 4319341.543, 97
Trd, 4319342.143, 97
Trd, 4319343.043, 96
Trd, 4319343.343, 95
Trd, 4319345.743, 102
Trd, 4319347.193, 101
Trd, 4319348.693, 100
Trd, 4319350.993, 99
Trd, 4319352.143, 99
Trd, 4319353.143, 99
Trd, 4319354.843, 104
Trd, 4319355.443, 101
Trd, 4319357.093, 100
Trd, 4319358.343, 100
Trd, 4319358.793, 99
Trd, 4319358.893, 98
Trd, 4319359.493, 94
Trd, 4319359.993, 100
Trd, 4319361.443, 97
Trd, 4319364.093, 98
Trd, 4319365.393, 83
Trd, 4319369.393, 92
Trd, 4319373.343, 96
Trd, 4319374.943, 97
Trd, 4319376.543, 97
Trd, 4319376.993, 98
Trd, 4319378.193, 97
Trd, 4319379.693, 97
Trd, 4319380.893, 98
Trd, 4319382.943, 96
Trd, 4319385.243, 95
Trd, 4319385.743, 95
Trd, 4319387.693, 95
Trd, 4319391.093, 95
Trd, 4319392.093, 94
Trd, 4319392.993, 95
Trd, 4319394.743, 95
Trd, 4319396.343, 94
Trd, 4319396.943, 94
Trd, 4319401.093, 95
Trd, 4319401.493, 94
Trd, 4319402.793, 94
Trd, 4319403.143, 93
Trd, 4319404.243, 93
Trd, 4319404.843, 92
Trd, 4319405.543, 91
Trd, 4319408.893, 94
Trd, 4319411.193, 94
Trd, 4319413.493, 92
Trd, 4319415.893, 94
Trd, 4319416.143, 92
Trd, 4319420.293, 92
Trd, 4319422.393, 91
Trd, 4319425.043, 93
Trd, 4319427.743, 94
Trd, 4319428.543, 94
Trd, 4319428.593, 91
Trd, 4319429.793, 91
Trd, 4319431.243, 94
Trd, 4319431.943, 95
Trd, 4319434.343, 95
Trd, 4319436.693, 95
Trd, 4319438.243, 94
Trd, 4319439.493, 95
Trd, 4319441.193, 95
Trd, 4319442.493, 106
Trd, 4319442.993, 95
Trd, 4319444.243, 96
Trd, 4319446.043, 96
Trd, 4319449.293, 96
Trd, 4319451.493, 95
Trd, 4319452.643, 96
Trd, 4319454.043, 95
Trd, 4319456.193, 94
Trd, 4319457.793, 95
Trd, 4319458.893, 96
Trd, 4319460.493, 95
Trd, 4319463.393, 95
Trd, 4319464.493, 94
Trd, 4319465.293, 96
Trd, 4319467.893, 95
Trd, 4319468.443, 95
Trd, 4319470.643, 94
Trd, 4319471.143, 94
Trd, 4319471.293, 94
Trd, 4319471.943, 102
Trd, 4319474.793, 100
Trd, 4319474.943, 101
Trd, 4319476.043, 99
Trd, 4319477.893, 98
Trd, 4319480.893, 98
Trd, 4319481.693, 98
Trd, 4319482.843, 98
Trd, 4319485.093, 97
Trd, 4319485.893, 96
Trd, 4319490.893, 99
Trd, 4319491.043, 98
Trd, 4319491.993, 97
Trd, 4319493.343, 96
Trd, 4319494.543, 95
Trd, 4319496.393, 97
Trd, 4319498.543, 95
Trd, 4319499.893, 97
Trd, 4319501.093, 95
Trd, 4319502.343, 95
Trd, 4319502.393, 94
Trd, 4319504.443, 93
Trd, 4319508.193, 96
Trd, 4319509.393, 93
Trd, 4319510.143, 92
Trd, 4319511.943, 95
Trd, 4319513.743, 93
Trd, 4319514.693, 93
Trd, 4319516.343, 95
Trd, 4319516.743, 94
Trd, 4319518.793, 96
Trd, 4319519.543, 97
Trd, 4319522.343, 100
Trd, 4319522.443, 100
Trd, 4319525.143, 100
Trd, 4319526.493, 104
Trd, 4319527.243, 105
Trd, 4319527.693, 105
Trd, 4319528.843, 103
Trd, 4319530.293, 95
Trd, 4319533.143, 97
Trd, 4319535.643, 99
Trd, 4319535.993, 99
Trd, 4319536.443, 97
Trd, 4319537.493, 77
Trd, 4319538.693, 90
Trd, 4319539.093, 92
Trd, 4319540.443, 93
Trd, 4319541.693, 90
Trd, 4319542.743, 93
Trd, 4319545.243, 93
Trd, 4319545.643, 92
Trd, 4319546.843, 91
Trd, 4319549.293, 91
Trd, 4319549.943, 90
Trd, 4319552.643, 93
Trd, 4319553.043, 90
Trd, 4319554.793, 94
Trd, 4319555.743, 94
Trd, 4319557.043, 94
Trd, 4319559.193, 92
Trd, 4319560.993, 95
Trd, 4319561.643, 95
Trd, 4319563.343, 95
Trd, 4319563.443, 111
Trd, 4319563.693, 94
Trd, 4319566.893, 94
Trd, 4319567.093, 98
Trd, 4319569.793, 93
Trd, 4319572.093, 98
Trd, 4319573.393, 93
Trd, 4319573.743, 93
Trd, 4319574.943, 95
Trd, 4319578.393, 94
Trd, 4319580.993, 97
Trd, 4319581.443, 95
Trd, 4319583.293, 94
Trd, 4319584.543, 93
Trd, 4319587.893, 95
Trd, 4319589.893, 94
Trd, 4319592.343, 96
Trd, 4319593.643, 94
Trd, 4319596.293, 94
Trd, 4319597.943, 94
Trd, 4319599.643, 96
Trd, 4319600.343, 93
Trd, 4319602.843, 96
Trd, 4319608.343, 95
Trd, 4319608.793, 93
Trd, 4319610.143, 94
Trd, 4319610.993, 94
Trd, 4319613.243, 93
Trd, 4319615.043, 94
Trd, 4319617.843, 94
Trd, 4319618.243, 93
Trd, 4319622.093, 92
Trd, 4319623.143, 92
Trd, 4319623.843, 91
Trd, 4319625.943, 91
Trd, 4319629.293, 92
Trd, 4319631.643, 94
Trd, 4319632.743, 93
Trd, 4319633.993, 94
Trd, 4319634.943, 94
Trd, 4319636.393, 95
Trd, 4319637.293, 105
Trd, 4319637.943, 97
Trd, 4319640.043, 108
Trd, 4319641.393, 110
Trd, 4319642.493, 103
Trd, 4319644.343, 102
Trd, 4319644.793, 102
Trd, 4319647.793, 103
Trd, 4319648.043, 102
Trd, 4319648.843, 101
Trd, 4319650.993, 100
Trd, 4319654.893, 101
Trd, 4319655.443, 102
Trd, 4319657.043, 101
Trd, 4319657.243, 100
Trd, 4319657.543, 102
Trd, 4319657.843, 94
Trd, 4319659.993, 93
Trd, 4319661.893, 94
Trd, 4319663.443, 93
Trd, 4319663.993, 95
Trd, 4319666.343, 99
Trd, 4319667.893, 96
Trd, 4319668.443, 94
Trd, 4319669.543, 97
Trd, 4319671.143, 100
Trd, 4319672.143, 104
Trd, 4319672.393, 100
Trd, 4319673.493, 101
Trd, 4319674.993, 80
Trd, 4319677.043, 89
Trd, 4319678.393, 95
Trd, 4319678.943, 97
Trd, 4319681.043, 102
Trd, 4319681.643, 103
Trd, 4319684.043, 101
Trd, 4319684.293, 100
Trd, 4319686.243, 102
Trd, 4319686.343, 114
Trd, 4319688.143, 97
Trd, 4319688.243, 98
Trd, 4319689.693, 98
Trd, 4319690.693, 77
Trd, 4319691.793, 92
Trd, 4319691.893, 93
Trd, 4319694.543, 93
Trd, 4319697.343, 94
Trd, 4319697.393, 92
Trd, 4319698.993, 92
Trd, 4319702.043, 95
Trd, 4319702.093, 93
Trd, 4319707.043, 94
Trd, 4319708.143, 94
Trd, 4319709.193, 94
Trd, 4319709.593, 95
Trd, 4319712.443, 95
Trd, 4319712.643, 93
Trd, 4319715.143, 93
Trd, 4319715.443, 95
Trd, 4319717.443, 92
Trd, 4319717.493, 92
Trd, 4319719.443, 95
Trd, 4319722.993, 96
Trd, 4319724.093, 95
Trd, 4319725.693, 95
Trd, 4319725.943, 97
Trd, 4319727.993, 95
Trd, 4319728.093, 97
Trd, 4319728.543, 94
Trd, 4319733.293, 99
Trd, 4319733.343, 98
Trd, 4319733.843, 97
Trd, 4319736.793, 97
Trd, 4319737.743, 99
Trd, 4319739.893, 100
Trd, 4319739.993, 97
Trd, 4319740.043, 96
Trd, 4319741.043, 96
Trd, 4319743.143, 96
Trd, 4319744.993, 97
Trd, 4319748.093, 102
Trd, 4319748.843, 103
Trd, 4319749.293, 94
Trd, 4319750.643, 102
Trd, 4319752.543, 106
Trd, 4319752.593, 102
Trd, 4319752.993, 101
Trd, 4319753.493, 101
Trd, 4319757.843, 101
Trd, 4319757.993, 101
Trd, 4319759.193, 101
Trd, 4319760.893, 100
Trd, 4319763.043, 99
Trd, 4319764.243, 99
Trd, 4319764.543, 101
Trd, 4319765.593, 96
Trd, 4319766.843, 99
Trd, 4319766.993, 98
Trd, 4319768.193, 97
Trd, 4319770.093, 99
Trd, 4319771.143, 99
Trd, 4319774.543, 97
Trd, 4319777.743, 95
Trd, 4319777.993, 97
Trd, 4319779.443, 79
Trd, 4319781.093, 98
Trd, 4319783.843, 94
Trd, 4319784.693, 98
Trd, 4319786.393, 95
Trd, 4319788.493, 93
Trd, 4319789.643, 93
Trd, 4319792.943, 96
Trd, 4319794.093, 96
Trd, 4319794.643, 95
Trd, 4319794.743, 97
Trd, 4319797.243, 97
Trd, 4319797.543, 98
Trd, 4319800.243, 98
Trd, 4319801.343, 100
Trd, 4319802.093, 97
Trd, 4319803.543, 94
Trd, 4319805.743, 96
Trd, 4319806.793, 97
Trd, 4319807.143, 74
Trd, 4319810.443, 94
Trd, 4319810.993, 94
Trd, 4319813.393, 100
Trd, 4319813.843, 94
Trd, 4319815.643, 93
Trd, 4319817.043, 95
Trd, 4319817.093, 93
Trd, 4319818.943, 93
Trd, 4319820.743, 93
Trd, 4319823.043, 95
Trd, 4319824.393, 96
Trd, 4319825.993, 95
Trd, 4319826.843, 94
Trd, 4319827.443, 96
Trd, 4319828.043, 95
Trd, 4319831.943, 94
Trd, 4319832.843, 97
Trd, 4319833.043, 94
Trd, 4319836.243, 97
Trd, 4319837.193, 105
Trd, 4319837.493, 95
Trd, 4319839.993, 98
Trd, 4319840.143, 98
Trd, 4319840.443, 102
Trd, 4319841.043, 93
Trd, 4319842.343, 92
Trd, 4319843.443, 93
Trd, 4319844.843, 93
Trd, 4319845.443, 94
Trd, 4319848.193, 96
Trd, 4319848.493, 94
Trd, 4319849.043, 95
Trd, 4319852.243, 94
Trd, 4319852.543, 95
Trd, 4319853.743, 94
Trd, 4319853.843, 93
Trd, 4319855.643, 95
Trd, 4319859.143, 94
Trd, 4319860.043, 95
Trd, 4319860.643, 94
Trd, 4319865.943, 95
Trd, 4319866.993, 94
Trd, 4319867.143, 95
Trd, 4319868.043, 94
Trd, 4319872.093, 93
Trd, 4319874.643, 92
Trd, 4319876.643, 91
Trd, 4319877.993, 95
Trd, 4319879.893, 95
Trd, 4319880.093, 91
Trd, 4319881.543, 106
Trd, 4319882.093, 96
Trd, 4319882.493, 95
Trd, 4319886.943, 95
Trd, 4319887.943, 94
Trd, 4319888.493, 98
Trd, 4319890.343, 94
Trd, 4319893.293, 94
Trd, 4319894.593, 96
Trd, 4319894.893, 94
Trd, 4319896.043, 93
Trd, 4319896.293, 98
Trd, 4319901.093, 93
Trd, 4319901.993, 106
Trd, 4319903.593, 95
Trd, 4319904.043, 94
Trd, 4319907.193, 99
Trd, 4319907.343, 97
Trd, 4319907.843, 95
Trd, 4319911.543, 97
Trd, 4319912.743, 94
Trd, 4319912.893, 94
Trd, 4319914.293, 97
Trd, 4319915.643, 93
Trd, 4319918.043, 93
Trd, 4319919.943, 95
Trd, 4319920.893, 95
Trd, 4319921.643, 94
Trd, 4319923.043, 102
Trd, 4319924.843, 98
Trd, 4319925.243, 98
Trd, 4319925.643, 97
Trd, 4319926.793, 97
Trd, 4319927.043, 95
Trd, 4319929.793, 96
Trd, 4319931.343, 97
Trd, 4319935.093, 96
Trd, 4319936.093, 95
Trd, 4319936.193, 95
Trd, 4319939.743, 97
Trd, 4319940.993, 96
Trd, 4319941.643, 96
Trd, 4319942.343, 97
Trd, 4319943.043, 96
Trd, 4319946.993, 97
Trd, 4319947.043, 95
Trd, 4319950.943, 96
Trd, 4319950.993, 95
Trd, 4319951.143, 94
Trd, 4319953.443, 94
Trd, 4319955.293, 94
Trd, 4319956.793, 97
Trd, 4319959.193, 95
Trd, 4319962.793, 95
Trd, 4319964.293, 94
Trd, 4319965.643, 95
Trd, 4319965.843, 96
Trd, 4319966.693, 95
Trd, 4319967.193, 94
Trd, 4319969.643, 94
Trd, 4319973.143, 93
Trd, 4319973.743, 94
Trd, 4319975.443, 94
Trd, 4319977.793, 99
Trd, 4319978.743, 94
Trd, 4319979.293, 95
Trd, 4319981.443, 95
Trd, 4319983.993, 95
Trd, 4319984.993, 94
Trd, 4319986.993, 97
Trd, 4319988.593, 93
Trd, 4319989.593, 96
Trd, 4319990.443, 97
Trd, 4319991.243, 96
Trd, 4319992.543, 93
Trd, 4319995.343, 96
Trd, 4319995.943, 96
Trd, 4319996.593, 95
Trd, 4319997.193, 94
