Trd, 4317881.543, 94
Trd, 4317882.143, 91
Trd, 4317884.593, 92
Trd, 4317886.093, 91
Trd, 4317886.893, 91
Trd, 4317886.993, 91
Trd, 4317887.793, 92
Trd, 4317888.393, 107
Trd, 4317888.593, 92
Trd, 4317890.993, 91
Trd, 4317892.293, 94
Trd, 4317895.043, 94
Trd, 4317895.193, 93
Trd, 4317895.493, 94
Trd, 4317897.193, 92
Trd, 4317897.693, 94
Trd, 4317899.493, 94
Trd, 4317901.843, 98
Trd, 4317902.393, 99
Trd, 4317902.693, 98
Trd, 4317904.643, 102
Trd, 4317906.943, 98
Trd, 4317909.293, 97
Trd, 4317909.993, 98
Trd, 4317912.043, 96
Trd, 4317912.593, 95
Trd, 4317913.093, 95
Trd, 4317913.693, 94
Trd, 4317914.143, 86
Trd, 4317915.293, 85
Trd, 4317917.593, 89
Trd, 4317919.543, 90
Trd, 4317920.993, 93
Trd, 4317921.943, 93
Trd, 4317922.843, 96
Trd, 4317924.993, 97
Trd, 4317926.243, 99
Trd, 4317927.143, 98
Trd, 4317927.443, 102
Trd, 4317928.043, 86
Trd, 4317931.943, 97
Trd, 4317934.043, 97
Trd, 4317934.393, 96
Trd, 4317935.343, 94
Trd, 4317936.543, 95
Trd, 4317937.793, 95
Trd, 4317939.293, 94
Trd, 4317940.493, 94
Trd, 4317944.343, 95
Trd, 4317944.543, 95
Trd, 4317946.593, 94
Trd, 4317946.943, 95
Trd, 4317947.493, 95
Trd, 4317949.893, 94
Trd, 4317951.993, 93
Trd, 4317952.993, 93
Trd, 4317953.393, 93
Trd, 4317955.693, 93
Trd, 4317956.793, 95
Trd, 4317957.343, 92
Trd, 4317960.743, 93
Trd, 4317961.893, 95
Trd, 4317963.393, 96
Trd, 4317964.743, 98
Trd, 4317964.943, 94
Trd, 4317965.243, 100
Trd, 4317967.493, 97
Trd, 4317969.343, 98
Trd, 4317969.693, 98
Trd, 4317969.943, 100
Trd, 4317971.493, 101
Trd, 4317972.343, 100
Trd, 4317972.593, 101
Trd, 4317977.343, 100
Trd, 4317977.893, 110
Trd, 4317979.343, 101
Trd, 4317981.343, 105
Trd, 4317982.343, 104
Trd, 4317982.593, 105
Trd, 4317984.543, 105
Trd, 4317986.293, 105
Trd, 4317986.393, 104
Trd, 4317986.643, 105
Trd, 4317986.893, 103
Trd, 4317989.643, 105
Trd, 4317991.243, 104
Trd, 4317991.743, 103
Trd, 4317993.043, 102
Trd, 4317993.093, 94
Trd, 4317995.093, 102
Trd, 4317996.843, 101
Trd, 4317997.143, 101
Trd, 4317998.193, 100
Trd, 4318001.393, 100
Trd, 4318001.493, 101
Trd, 4318001.693, 101
Trd, 4318004.743, 101
Trd, 4318006.593, 101
Trd, 4318007.043, 100
Trd, 4318008.643, 101
Trd, 4318010.443, 97
Trd, 4318011.743, 100
Trd, 4318012.893, 99
Trd, 4318013.793, 100
Trd, 4318015.543, 98
Trd, 4318015.593, 97
Trd, 4318017.143, 95
Trd, 4318018.643, 97
Trd, 4318019.793, 97
Trd, 4318020.943, 97
Trd, 4318022.193, 96
Trd, 4318022.793, 94
Trd, 4318024.693, 97
Trd, 4318025.893, 97
Trd, 4318027.243, 98
Trd, 4318028.193, 97
Trd, 4318031.493, 96
Trd, 4318033.743, 99
Trd, 4318034.093, 99
Trd, 4318035.343, 99
Trd, 4318035.693, 98
Trd, 4318037.493, 98
Trd, 4318038.943, 94
Trd, 4318039.293, 98
Trd, 4318042.543, 98
Trd, 4318042.793, 97
Trd, 4318044.643, 97
Trd, 4318046.543, 98
Trd, 4318048.193, 97
Trd, 4318049.093, 96
Trd, 4318049.643, 96
Trd, 4318051.793, 97
Trd, 4318052.393, 97
Trd, 4318052.893, 96
Trd, 4318053.793, 97
Trd, 4318058.643, 97
Trd, 4318059.443, 97
Trd, 4318061.293, 102
Trd, 4318062.943, 103
Trd, 4318063.443, 102
Trd, 4318065.143, 94
Trd, 4318067.243, 102
Trd, 4318067.793, 102
Trd, 4318067.843, 101
Trd, 4318068.443, 101
Trd, 4318069.493, 100
Trd, 4318069.693, 104
Trd, 4318073.493, 102
Trd, 4318074.293, 102
Trd, 4318074.793, 102
Trd, 4318075.343, 102
Trd, 4318077.893, 101
Trd, 4318078.993, 103
Trd, 4318079.393, 100
Trd, 4318081.293, 99
Trd, 4318084.493, 97
Trd, 4318084.693, 99
Trd, 4318085.893, 99
Trd, 4318086.643, 99
Trd, 4318087.193, 98
Trd, 4318089.193, 94
Trd, 4318090.543, 95
Trd, 4318091.193, 96
Trd, 4318091.993, 94
Trd, 4318092.943, 95
Trd, 4318095.593, 94
Trd, 4318095.693, 94
Trd, 4318097.243, 95
Trd, 4318098.093, 95
Trd, 4318098.243, 113
Trd, 4318100.743, 101
Trd, 4318102.443, 100
Trd, 4318103.893, 101
Trd, 4318105.743, 102
Trd, 4318105.793, 102
Trd, 4318106.193, 108
Trd, 4318107.493, 99
Trd, 4318111.293, 97
Trd, 4318112.093, 97
Trd, 4318113.293, 95
Trd, 4318113.893, 97
Trd, 4318114.993, 98
Trd, 4318116.493, 98
Trd, 4318116.543, 94
Trd, 4318119.643, 98
Trd, 4318120.743, 98
Trd, 4318121.793, 100
Trd, 4318123.143, 104
Trd, 4318123.243, 103
Trd, 4318124.093, 100
Trd, 4318125.493, 112
Trd, 4318127.693, 102
Trd, 4318128.793, 103
Trd, 4318129.893, 103
Trd, 4318130.393, 102
Trd, 4318132.243, 96
Trd, 4318133.193, 103
Trd, 4318136.493, 103
Trd, 4318137.693, 101
Trd, 4318137.943, 101
Trd, 4318139.543, 100
Trd, 4318140.043, 100
Trd, 4318141.393, 102
Trd, 4318143.393, 98
Trd, 4318144.693, 99
Trd, 4318145.743, 100
Trd, 4318146.243, 100
Trd, 4318148.343, 99
Trd, 4318149.943, 99
Trd, 4318151.743, 98
Trd, 4318152.393, 97
Trd, 4318152.993, 97
Trd, 4318154.493, 98
Trd, 4318155.843, 106
Trd, 4318156.643, 97
Trd, 4318161.343, 98
Trd, 4318161.443, 95
Trd, 4318163.393, 97
Trd, 4318163.543, 97
Trd, 4318164.343, 96
Trd, 4318166.743, 95
Trd, 4318167.293, 95
Trd, 4318167.593, 94
Trd, 4318168.043, 95
Trd, 4318169.943, 93
Trd, 4318170.543, 95
Trd, 4318171.893, 97
Trd, 4318171.993, 97
Trd, 4318174.143, 96
Trd, 4318177.093, 96
Trd, 4318178.393, 97
Trd, 4318178.643, 107
Trd, 4318180.193, 102
Trd, 4318181.093, 105
Trd, 4318181.393, 103
Trd, 4318182.393, 104
Trd, 4318183.143, 119
Trd, 4318184.343, 95
Trd, 4318185.993, 100
Trd, 4318186.193, 99
Trd, 4318186.693, 94
Trd, 4318187.993, 97
Trd, 4318189.643, 96
Trd, 4318191.393, 97
Trd, 4318192.743, 106
Trd, 4318193.693, 99
Trd, 4318194.993, 100
Trd, 4318195.443, 101
Trd, 4318196.143, 100
Trd, 4318196.993, 85
Trd, 4318197.343, 101
Trd, 4318198.743, 97
Trd, 4318200.893, 99
Trd, 4318201.293, 98
Trd, 4318203.743, 102
Trd, 4318203.893, 105
Trd, 4318205.243, 100
Trd, 4318207.043, 102
Trd, 4318207.793, 103
Trd, 4318208.143, 102
Trd, 4318211.443, 102
Trd, 4318212.293, 101
Trd, 4318213.393, 100
Trd, 4318214.893, 99
Trd, 4318216.143, 103
Trd, 4318218.193, 101
Trd, 4318218.593, 100
Trd, 4318220.793, 101
Trd, 4318222.243, 100
Trd, 4318222.643, 100
Trd, 4318225.793, 101
Trd, 4318225.943, 101
Trd, 4318230.093, 104
Trd, 4318230.143, 104
Trd, 4318230.393, 103
Trd, 4318231.343, 102
Trd, 4318232.493, 103
Trd, 4318234.093, 98
Trd, 4318235.443, 100
Trd, 4318236.393, 100
Trd, 4318236.543, 100
Trd, 4318237.843, 100
Trd, 4318238.343, 99
Trd, 4318241.993, 96
Trd, 4318242.793, 96
Trd, 4318243.543, 95
Trd, 4318244.793, 95
Trd, 4318247.243, 96
Trd, 4318247.343, 96
Trd, 4318249.193, 95
Trd, 4318252.243, 92
Trd, 4318253.443, 84
Trd, 4318254.543, 92
Trd, 4318255.793, 93
Trd, 4318256.743, 95
Trd, 4318258.793, 94
Trd, 4318259.843, 93
Trd, 4318261.343, 94
Trd, 4318262.043, 95
Trd, 4318263.693, 92
Trd, 4318266.043, 94
Trd, 4318267.393, 94
Trd, 4318268.193, 94
Trd, 4318269.393, 95
Trd, 4318270.943, 94
Trd, 4318272.493, 95
Trd, 4318274.193, 96
Trd, 4318274.443, 96
Trd, 4318275.593, 96
Trd, 4318276.243, 96
Trd, 4318278.793, 96
Trd, 4318279.093, 95
Trd, 4318279.243, 96
Trd, 4318281.143, 100
Trd, 4318281.793, 99
Trd, 4318282.443, 103
Trd, 4318283.243, 99
Trd, 4318285.243, 99
Trd, 4318286.593, 99
Trd, 4318288.193, 100
Trd, 4318291.993, 99
Trd, 4318292.143, 98
Trd, 4318294.793, 98
Trd, 4318295.843, 98
Trd, 4318297.143, 97
Trd, 4318297.693, 96
Trd, 4318298.593, 97
Trd, 4318299.043, 94
Trd, 4318303.093, 95
Trd, 4318304.993, 97
Trd, 4318305.193, 96
Trd, 4318306.293, 96
Trd, 4318307.243, 95
Trd, 4318308.643, 122
Trd, 4318311.143, 95
Trd, 4318313.993, 96
Trd, 4318314.593, 96
Trd, 4318315.543, 96
Trd, 4318317.043, 96
Trd, 4318317.543, 97
Trd, 4318318.993, 94
Trd, 4318321.793, 95
Trd, 4318322.043, 96
Trd, 4318322.693, 95
Trd, 4318324.793, 95
Trd, 4318325.643, 97
Trd, 4318325.693, 96
Trd, 4318327.593, 95
Trd, 4318328.043, 102
Trd, 4318328.093, 105
Trd, 4318330.793, 100
Trd, 4318330.943, 99
Trd, 4318332.793, 99
Trd, 4318333.343, 102
Trd, 4318337.343, 99
Trd, 4318338.043, 97
Trd, 4318339.743, 95
Trd, 4318340.293, 94
Trd, 4318340.743, 95
Trd, 4318343.493, 94
Trd, 4318344.293, 95
Trd, 4318346.843, 99
Trd, 4318347.243, 107
Trd, 4318348.393, 99
Trd, 4318348.993, 100
Trd, 4318349.243, 100
Trd, 4318350.243, 99
Trd, 4318350.293, 100
Trd, 4318350.593, 94
Trd, 4318352.793, 100
Trd, 4318354.693, 101
Trd, 4318356.543, 105
Trd, 4318356.893, 103
Trd, 4318358.943, 105
Trd, 4318359.193, 105
Trd, 4318359.893, 104
Trd, 4318361.243, 93
Trd, 4318362.493, 101
Trd, 4318362.743, 101
Trd, 4318364.043, 106
Trd, 4318366.043, 106
Trd, 4318367.343, 107
Trd, 4318368.043, 104
Trd, 4318369.443, 105
Trd, 4318371.593, 104
Trd, 4318372.493, 105
Trd, 4318373.993, 104
Trd, 4318375.793, 105
Trd, 4318378.293, 104
Trd, 4318379.093, 103
Trd, 4318379.343, 104
Trd, 4318381.593, 104
Trd, 4318382.243, 104
Trd, 4318382.343, 104
Trd, 4318383.943, 111
Trd, 4318384.093, 103
Trd, 4318387.293, 104
Trd, 4318387.443, 114
Trd, 4318389.593, 106
Trd, 4318390.593, 103
Trd, 4318390.743, 105
Trd, 4318391.543, 102
Trd, 4318394.293, 102
Trd, 4318395.693, 102
Trd, 4318396.343, 103
Trd, 4318397.493, 104
Trd, 4318398.143, 107
Trd, 4318399.643, 101
Trd, 4318400.743, 102
Trd, 4318401.993, 102
Trd, 4318403.493, 103
Trd, 4318404.293, 107
Trd, 4318406.193, 102
Trd, 4318406.443, 85
Trd, 4318408.293, 96
Trd, 4318408.643, 101
Trd, 4318410.393, 99
Trd, 4318411.293, 99
Trd, 4318412.843, 97
Trd, 4318414.193, 99
Trd, 4318414.843, 106
Trd, 4318414.893, 113
Trd, 4318415.643, 98
Trd, 4318418.743, 99
Trd, 4318419.543, 100
Trd, 4318422.793, 99
Trd, 4318423.893, 98
Trd, 4318424.243, 97
Trd, 4318424.293, 100
Trd, 4318425.243, 100
Trd, 4318425.693, 94
Trd, 4318429.743, 95
Trd, 4318430.993, 95
Trd, 4318431.293, 95
Trd, 4318432.143, 94
Trd, 4318434.343, 92
Trd, 4318435.093, 95
Trd, 4318437.043, 93
Trd, 4318437.743, 95
Trd, 4318438.143, 95
Trd, 4318438.593, 92
Trd, 4318440.593, 112
Trd, 4318443.343, 98
Trd, 4318443.993, 97
Trd, 4318445.893, 96
Trd, 4318446.193, 98
Trd, 4318447.743, 96
Trd, 4318448.293, 95
Trd, 4318449.893, 97
Trd, 4318452.493, 96
Trd, 4318454.143, 95
Trd, 4318454.293, 94
Trd, 4318457.293, 93
Trd, 4318458.243, 93
Trd, 4318459.543, 90
Trd, 4318460.493, 92
Trd, 4318460.843, 92
Trd, 4318462.793, 95
Trd, 4318464.543, 92
Trd, 4318464.693, 93
Trd, 4318464.843, 92
Trd, 4318468.043, 92
Trd, 4318469.443, 92
Trd, 4318469.693, 92
Trd, 4318470.943, 95
Trd, 4318471.043, 91
Trd, 4318473.743, 91
Trd, 4318474.993, 91
Trd, 4318476.193, 91
Trd, 4318478.343, 91
Trd, 4318479.543, 92
Trd, 4318480.793, 92
Trd, 4318481.743, 92
Trd, 4318483.743, 91
Trd, 4318484.543, 92
Trd, 4318484.593, 91
Trd, 4318485.493, 95
Trd, 4318486.943, 90
Trd, 4318490.293, 94
Trd, 4318491.493, 96
Trd, 4318492.093, 95
Trd, 4318492.293, 94
Trd, 4318493.393, 98
Trd, 4318496.243, 97
Trd, 4318496.693, 97
Trd, 4318497.043, 97
Trd, 4318500.243, 95
Trd, 4318500.393, 95
Trd, 4318501.243, 95
Trd, 4318501.543, 96
Trd, 4318502.043, 94
Trd, 4318504.443, 92
Trd, 4318504.943, 91
Trd, 4318505.793, 90
Trd, 4318507.193, 92
Trd, 4318508.843, 92
Trd, 4318509.993, 91
Trd, 4318511.893, 94
Trd, 4318512.993, 94
Trd, 4318513.993, 95
Trd, 4318514.793, 94
Trd, 4318514.993, 104
Trd, 4318517.243, 97
Trd, 4318517.843, 96
Trd, 4318518.543, 96
Trd, 4318520.643, 96
Trd, 4318521.093, 96
Trd, 4318521.893, 94
Trd, 4318523.743, 96
Trd, 4318526.293, 95
Trd, 4318526.543, 96
Trd, 4318526.643, 94
Trd, 4318527.443, 96
Trd, 4318528.293, 96
Trd, 4318530.893, 96
Trd, 4318531.193, 95
Trd, 4318532.043, 96
Trd, 4318534.443, 94
Trd, 4318534.793, 95
Trd, 4318537.243, 97
Trd, 4318538.093, 94
Trd, 4318539.193, 97
Trd, 4318541.543, 98
Trd, 4318541.593, 97
Trd, 4318542.643, 96
Trd, 4318542.893, 97
Trd, 4318544.843, 88
Trd, 4318544.893, 105
Trd, 4318546.143, 95
Trd, 4318548.443, 94
Trd, 4318549.293, 95
Trd, 4318549.343, 95
Trd, 4318549.843, 97
Trd, 4318551.993, 99
Trd, 4318552.843, 99
Trd, 4318553.793, 98
Trd, 4318555.243, 96
Trd, 4318556.893, 96
Trd, 4318557.193, 97
Trd, 4318559.293, 96
Trd, 4318559.493, 98
Trd, 4318563.493, 96
Trd, 4318563.693, 97
Trd, 4318564.743, 95
Trd, 4318566.793, 98
Trd, 4318567.043, 95
Trd, 4318569.493, 96
Trd, 4318569.593, 97
Trd, 4318571.743, 97
Trd, 4318574.493, 96
Trd, 4318574.793, 97
Trd, 4318576.793, 95
Trd, 4318577.043, 94
Trd, 4318579.343, 77
Trd, 4318581.343, 93
Trd, 4318583.043, 92
Trd, 4318583.643, 91
Trd, 4318584.393, 91
Trd, 4318587.293, 91
Trd, 4318588.193, 92
Trd, 4318588.243, 95
Trd, 4318590.793, 91
Trd, 4318591.443, 92
Trd, 4318592.143, 92
Trd, 4318594.543, 91
Trd, 4318597.393, 92
Trd, 4318597.843, 91
Trd, 4318597.993, 91
Trd, 4318598.493, 92
Trd, 4318601.243, 92
Trd, 4318602.293, 92
Trd, 4318603.293, 90
Trd, 4318603.793, 90
Trd, 4318604.543, 91
Trd, 4318605.893, 92
Trd, 4318607.743, 91
Trd, 4318609.193, 109
Trd, 4318612.293, 96
Trd, 4318612.643, 96
Trd, 4318614.993, 96
Trd, 4318615.393, 95
Trd, 4318615.743, 97
Trd, 4318616.193, 95
Trd, 4318616.943, 113
Trd, 4318618.443, 101
Trd, 4318622.293, 103
Trd, 4318623.243, 102
Trd, 4318623.743, 101
Trd, 4318624.793, 103
Trd, 4318625.493, 107
Trd, 4318625.693, 102
Trd, 4318629.093, 103
Trd, 4318631.543, 102
Trd, 4318631.793, 101
Trd, 4318632.143, 100
Trd, 4318636.043, 100
Trd, 4318636.143, 99
Trd, 4318637.043, 103
Trd, 4318638.443, 99
Trd, 4318641.593, 99
Trd, 4318642.493, 100
Trd, 4318642.893, 99
Trd, 4318643.193, 100
Trd, 4318644.043, 98
Trd, 4318644.743, 108
Trd, 4318648.093, 101
Trd, 4318648.993, 101
Trd, 4318650.493, 103
Trd, 4318651.343, 103
Trd, 4318653.243, 101
Trd, 4318654.393, 100
Trd, 4318656.643, 99
Trd, 4318656.743, 100
Trd, 4318658.043, 99
Trd, 4318660.093, 98
Trd, 4318662.493, 98
Trd, 4318662.843, 99
Trd, 4318664.093, 99
Trd, 4318664.693, 98
Trd, 4318664.843, 97
Trd, 4318666.543, 98
Trd, 4318668.393, 97
Trd, 4318668.893, 97
Trd, 4318669.743, 96
Trd, 4318671.243, 96
Trd, 4318671.393, 95
Trd, 4318673.693, 98
Trd, 4318674.793, 107
Trd, 4318676.243, 104
Trd, 4318676.293, 103
Trd, 4318676.343, 94
Trd, 4318679.643, 102
Trd, 4318681.193, 103
Trd, 4318681.293, 103
Trd, 4318681.493, 101
Trd, 4318681.943, 111
Trd, 4318685.643, 105
Trd, 4318689.043, 105
Trd, 4318689.843, 104
Trd, 4318689.943, 103
Trd, 4318690.993, 101
Trd, 4318693.193, 103
Trd, 4318693.593, 103
Trd, 4318693.893, 102
Trd, 4318696.343, 101
Trd, 4318696.443, 102
Trd, 4318696.543, 101
Trd, 4318697.843, 101
Trd, 4318699.593, 100
Trd, 4318701.743, 98
Trd, 4318702.343, 94
Trd, 4318703.993, 97
Trd, 4318704.893, 98
Trd, 4318705.343, 97
Trd, 4318705.993, 96
Trd, 4318706.893, 99
Trd, 4318710.043, 98
Trd, 4318710.193, 97
Trd, 4318712.043, 96
Trd, 4318715.743, 95
Trd, 4318716.943, 95
Trd, 4318717.543, 95
Trd, 4318717.593, 94
Trd, 4318720.243, 95
Trd, 4318721.493, 94
Trd, 4318722.143, 93
Trd, 4318724.293, 94
Trd, 4318726.443, 92
Trd, 4318726.943, 92
Trd, 4318727.793, 92
Trd, 4318728.593, 92
Trd, 4318731.043, 92
Trd, 4318733.243, 94
Trd, 4318734.593, 93
Trd, 4318734.893, 94
Trd, 4318735.843, 85
Trd, 4318738.243, 92
Trd, 4318738.693, 91
Trd, 4318740.293, 93
Trd, 4318740.943, 94
Trd, 4318741.893, 96
Trd, 4318742.143, 97
Trd, 4318742.693, 108
Trd, 4318744.143, 110
Trd, 4318745.643, 110
Trd, 4318746.043, 109
Trd, 4318747.093, 102
Trd, 4318747.743, 104
Trd, 4318749.593, 95
Trd, 4318750.343, 102
Trd, 4318751.393, 96
Trd, 4318754.293, 95
Trd, 4318755.393, 95
Trd, 4318755.743, 94
Trd, 4318755.943, 96
Trd, 4318756.543, 97
Trd, 4318758.293, 100
Trd, 4318759.893, 100
Trd, 4318761.593, 107
Trd, 4318761.743, 105
Trd, 4318762.393, 106
Trd, 4318762.443, 105
Trd, 4318763.843, 104
Trd, 4318764.793, 121
Trd, 4318765.743, 111
Trd, 4318767.243, 110
Trd, 4318769.343, 103
Trd, 4318770.093, 96
Trd, 4318771.443, 102
Trd, 4318771.643, 103
Trd, 4318773.243, 101
Trd, 4318776.593, 100
Trd, 4318776.643, 95
Trd, 4318778.593, 94
Trd, 4318779.993, 100
Trd, 4318782.293, 102
Trd, 4318782.493, 101
Trd, 4318785.193, 103
Trd, 4318786.593, 103
Trd, 4318786.693, 102
Trd, 4318787.093, 104
Trd, 4318789.593, 101
Trd, 4318790.493, 100
Trd, 4318791.593, 99
Trd, 4318792.093, 106
Trd, 4318793.443, 105
Trd, 4318793.793, 103
Trd, 4318795.293, 94
Trd, 4318796.693, 99
Trd, 4318797.493, 98
Trd, 4318798.993, 97
Trd, 4318799.993, 98
Trd, 4318801.293, 106
Trd, 4318801.793, 101
Trd, 4318802.343, 104
Trd, 4318802.843, 102
Trd, 4318803.343, 94
Trd, 4318807.243, 102
Trd, 4318808.443, 101
Trd, 4318809.393, 100
Trd, 4318810.493, 102
Trd, 4318813.793, 100
Trd, 4318815.043, 98
Trd, 4318816.293, 99
Trd, 4318817.293, 99
Trd, 4318819.343, 99
Trd, 4318819.843, 100
Trd, 4318821.943, 99
Trd, 4318822.943, 100
Trd, 4318823.143, 99
Trd, 4318826.093, 103
Trd, 4318826.193, 105
Trd, 4318826.743, 104
Trd, 4318827.143, 105
Trd, 4318828.093, 102
Trd, 4318829.893, 99
Trd, 4318831.293, 97
Trd, 4318832.093, 100
Trd, 4318834.293, 101
Trd, 4318836.393, 101
Trd, 4318836.543, 101
Trd, 4318837.343, 99
Trd, 4318840.243, 100
Trd, 4318840.843, 99
Trd, 4318840.993, 101
Trd, 4318842.893, 101
Trd, 4318843.893, 98
Trd, 4318845.593, 95
Trd, 4318846.393, 95
Trd, 4318848.043, 99
Trd, 4318848.443, 99
Trd, 4318849.493, 96
Trd, 4318852.243, 95
Trd, 4318852.643, 94
Trd, 4318853.743, 97
Trd, 4318853.793, 113
Trd, 4318854.993, 108
Trd, 4318855.893, 105
Trd, 4318856.843, 100
Trd, 4318858.693, 101
Trd, 4318859.593, 103
Trd, 4318860.343, 102
Trd, 4318863.393, 102
Trd, 4318865.293, 101
Trd, 4318867.043, 99
Trd, 4318867.443, 100
Trd, 4318867.793, 99
Trd, 4318868.793, 100
Trd, 4318872.543, 100
Trd, 4318872.943, 100
Trd, 4318873.243, 99
Trd, 4318874.443, 100
Trd, 4318874.693, 100
Trd, 4318874.743, 99
Trd, 4318877.493, 95
Trd, 4318878.743, 93
Trd, 4318878.893, 95
Trd, 4318880.893, 96
Trd, 4318882.543, 97
Trd, 4318882.643, 97
Trd, 4318884.093, 96
Trd, 4318884.593, 97
Trd, 4318885.793, 97
Trd, 4318886.993, 113
Trd, 4318889.343, 96
Trd, 4318889.843, 98
Trd, 4318892.843, 98
Trd, 4318893.443, 98
Trd, 4318893.593, 96
Trd, 4318894.243, 113
Trd, 4318898.543, 99
Trd, 4318899.343, 99
Trd, 4318899.643, 99
Trd, 4318900.143, 99
Trd, 4318900.993, 98
Trd, 4318902.143, 99
Trd, 4318904.193, 103
Trd, 4318904.943, 101
Trd, 4318905.493, 99
Trd, 4318907.643, 97
Trd, 4318909.043, 93
Trd, 4318909.593, 94
Trd, 4318912.793, 97
Trd, 4318913.643, 98
Trd, 4318914.593, 97
Trd, 4318915.543, 98
Trd, 4318917.593, 98
Trd, 4318918.293, 102
Trd, 4318918.343, 97
Trd, 4318919.693, 98
Trd, 4318920.893, 98
Trd, 4318923.693, 100
Trd, 4318924.643, 112
Trd, 4318926.693, 99
Trd, 4318929.143, 104
Trd, 4318930.743, 105
Trd, 4318931.293, 105
Trd, 4318931.693, 104
Trd, 4318931.793, 105
Trd, 4318933.143, 100
Trd, 4318936.493, 95
Trd, 4318938.543, 100
Trd, 4318939.493, 99
Trd, 4318940.043, 94
Trd, 4318943.693, 98
Trd, 4318944.343, 97
Trd, 4318945.043, 95
Trd, 4318945.493, 96
Trd, 4318946.093, 97
Trd, 4318946.693, 96
Trd, 4318948.493, 96
Trd, 4318948.793, 95
Trd, 4318948.993, 94
Trd, 4318950.893, 97
Trd, 4318951.293, 95
Trd, 4318953.693, 94
Trd, 4318955.993, 95
Trd, 4318957.643, 95
Trd, 4318959.193, 96
Trd, 4318959.593, 95
Trd, 4318960.243, 94
Trd, 4318960.693, 93
Trd, 4318964.743, 96
Trd, 4318964.793, 97
Trd, 4318965.893, 100
Trd, 4318966.793, 110
Trd, 4318968.993, 103
Trd, 4318969.393, 102
Trd, 4318970.243, 102
Trd, 4318972.643, 98
Trd, 4318973.293, 101
Trd, 4318973.643, 97
Trd, 4318976.293, 98
Trd, 4318979.193, 98
Trd, 4318980.293, 99
Trd, 4318980.493, 99
Trd, 4318980.743, 98
Trd, 4318982.993, 98
Trd, 4318983.893, 97
Trd, 4318984.243, 103
Trd, 4318986.343, 100
Trd, 4318987.293, 100
Trd, 4318988.443, 100
Trd, 4318988.993, 101
Trd, 4318991.293, 101
Trd, 4318991.793, 100
Trd, 4318992.643, 100
Trd, 4318994.343, 99
Trd, 4318995.793, 98
Trd, 4318996.093, 94
Trd, 4318998.943, 94
Trd, 4318999.093, 94
Trd, 4318999.543, 95
Trd, 4319000.443, 95
Trd, 4319002.593, 94
Trd, 4319003.293, 95
Trd, 4319004.093, 94
Trd, 4319008.293, 93
Trd, 4319008.493, 95
Trd, 4319009.593, 94
Trd, 4319009.843, 93
Trd, 4319013.243, 93
Trd, 4319013.893, 92
Trd, 4319015.143, 95
Trd, 4319018.443, 94
Trd, 4319019.143, 104
Trd, 4319019.193, 94
Trd, 4319023.793, 98
Trd, 4319024.593, 95
Trd, 4319025.643, 98
Trd, 4319025.893, 97
Trd, 4319026.793, 97
Trd, 4319028.343, 95
Trd, 4319028.393, 93
Trd, 4319028.543, 96
Trd, 4319031.193, 98
Trd, 4319032.443, 96
Trd, 4319033.143, 97
Trd, 4319035.393, 97
Trd, 4319036.143, 99
Trd, 4319036.893, 102
Trd, 4319038.343, 100
Trd, 4319038.443, 104
Trd, 4319039.143, 94
Trd, 4319041.793, 101
Trd, 4319043.193, 100
Trd, 4319043.593, 101
Trd, 4319045.293, 101
Trd, 4319046.143, 113
Trd, 4319046.443, 100
Trd, 4319049.543, 101
Trd, 4319050.143, 100
Trd, 4319051.493, 100
Trd, 4319052.143, 99
Trd, 4319055.343, 100
Trd, 4319055.693, 98
Trd, 4319056.893, 99
Trd, 4319058.043, 100
Trd, 4319058.893, 100
Trd, 4319059.643, 99
Trd, 4319060.043, 77
Trd, 4319061.693, 91
Trd, 4319062.893, 96
Trd, 4319063.993, 91
Trd, 4319065.693, 92
Trd, 4319068.043, 96
Trd, 4319068.693, 95
Trd, 4319069.543, 95
Trd, 4319070.743, 94
Trd, 4319072.493, 95
Trd, 4319072.543, 87
Trd, 4319074.493, 95
Trd, 4319076.343, 95
Trd, 4319076.843, 105
Trd, 4319078.743, 99
Trd, 4319081.043, 98
Trd, 4319081.193, 97
Trd, 4319082.943, 99
Trd, 4319084.193, 99
Trd, 4319084.743, 98
Trd, 4319085.593, 100
Trd, 4319086.793, 98
Trd, 4319089.743, 97
Trd, 4319091.093, 98
Trd, 4319091.893, 98
Trd, 4319094.293, 98
Trd, 4319095.143, 99
Trd, 4319097.493, 99
Trd, 4319098.393, 99
Trd, 4319098.793, 98
Trd, 4319098.993, 101
Trd, 4319102.593, 98
Trd, 4319103.143, 98
Trd, 4319103.493, 97
Trd, 4319105.493, 91
Trd, 4319105.643, 85
Trd, 4319107.343, 92
Trd, 4319107.743, 92
Trd, 4319109.193, 92
Trd, 4319110.593, 94
Trd, 4319111.593, 92
Trd, 4319112.393, 95
Trd, 4319113.843, 93
Trd, 4319116.143, 93
Trd, 4319116.493, 92
Trd, 4319117.843, 92
Trd, 4319120.193, 92
Trd, 4319120.693, 91
Trd, 4319121.143, 103
Trd, 4319123.943, 94
Trd, 4319125.893, 95
Trd, 4319127.393, 94
Trd, 4319128.343, 94
Trd, 4319128.943, 95
Trd, 4319129.043, 95
Trd, 4319130.893, 94
Trd, 4319132.293, 94
Trd, 4319135.593, 95
Trd, 4319136.093, 94
Trd, 4319137.343, 95
Trd, 4319138.743, 94
Trd, 4319139.893, 93
Trd, 4319140.543, 85
Trd, 4319142.843, 94
Trd, 4319142.943, 95
Trd, 4319145.043, 93
Trd, 4319145.743, 93
Trd, 4319146.193, 93
Trd, 4319147.993, 95
Trd, 4319148.193, 92
Trd, 4319149.043, 95
Trd, 4319151.643, 93
Trd, 4319152.393, 94
Trd, 4319152.643, 92
Trd, 4319153.893, 96
Trd, 4319154.943, 93
Trd, 4319155.143, 94
Trd, 4319155.443, 96
Trd, 4319157.193, 95
Trd, 4319158.593, 94
Trd, 4319160.693, 96
Trd, 4319160.793, 94
Trd, 4319161.193, 94
Trd, 4319163.343, 95
Trd, 4319163.393, 97
Trd, 4319164.743, 97
Trd, 4319166.193, 97
Trd, 4319168.343, 97
Trd, 4319169.293, 97
Trd, 4319169.693, 97
Trd, 4319170.693, 104
Trd, 4319172.593, 96
Trd, 4319174.493, 94
Trd, 4319175.743, 96
Trd, 4319176.543, 98
Trd, 4319179.143, 96
Trd, 4319179.493, 95
Trd, 4319179.543, 85
Trd, 4319183.093, 95
Trd, 4319184.993, 95
Trd, 4319186.843, 96
Trd, 4319188.193, 96
Trd, 4319188.493, 98
Trd, 4319190.143, 98
Trd, 4319191.943, 97
Trd, 4319192.643, 97
Trd, 4319193.043, 96
Trd, 4319194.243, 97
Trd, 4319195.293, 94
Trd, 4319197.093, 96
Trd, 4319198.493, 96
Trd, 4319199.443, 99
Trd, 4319200.193, 98
Trd, 4319201.343, 98
Trd, 4319203.793, 98
Trd, 4319204.243, 97
Trd, 4319205.843, 95
Trd, 4319208.993, 96
Trd, 4319210.343, 96
Trd, 4319211.093, 96
Trd, 4319212.793, 95
Trd, 4319213.293, 96
Trd, 4319214.993, 97
Trd, 4319216.293, 99
Trd, 4319218.843, 100
Trd, 4319219.743, 108
Trd, 4319220.193, 104
Trd, 4319220.443, 104
Trd, 4319220.793, 103
Trd, 4319221.693, 93
Trd, 4319221.993, 103
Trd, 4319225.393, 100
Trd, 4319227.893, 99
Trd, 4319228.593, 100
Trd, 4319229.793, 100
Trd, 4319230.193, 113
Trd, 4319230.843, 97
Trd, 4319232.193, 95
Trd, 4319235.093, 101
Trd, 4319236.793, 100
Trd, 4319237.343, 97
Trd, 4319240.743, 99
Trd, 4319240.843, 98
Trd, 4319241.093, 96
Trd, 4319243.343, 99
Trd, 4319244.443, 97
Trd, 4319244.793, 105
Trd, 4319248.093, 99
Trd, 4319248.393, 99
Trd, 4319249.143, 99
Trd, 4319251.543, 98
Trd, 4319252.693, 100
Trd, 4319254.943, 97
Trd, 4319255.543, 96
Trd, 4319256.893, 98
Trd, 4319258.593, 98
Trd, 4319260.093, 97
Trd, 4319260.243, 111
Trd, 4319260.393, 98
Trd, 4319261.593, 102
Trd, 4319262.093, 101
Trd, 4319264.343, 102
Trd, 4319265.643, 94
Trd, 4319266.343, 93
Trd, 4319266.943, 92
Trd, 4319268.443, 95
Trd, 4319268.993, 93
Trd, 4319269.693, 92
Trd, 4319270.193, 93
Trd, 4319272.493, 91
Trd, 4319272.643, 91
Trd, 4319273.943, 92
Trd, 4319274.693, 93
Trd, 4319276.243, 93
Trd, 4319276.893, 93
Trd, 4319279.443, 93
Trd, 4319279.493, 95
Trd, 4319282.143, 93
Trd, 4319282.343, 93
Trd, 4319283.093, 95
Trd, 4319284.543, 95
Trd, 4319285.643, 94
Trd, 4319286.043, 94
Trd, 4319287.843, 95
Trd, 4319289.143, 95
Trd, 4319289.543, 94
Trd, 4319290.643, 95
Trd, 4319291.693, 94
Trd, 4319292.993, 94
Trd, 4319293.993, 93
Trd, 4319294.993, 92
Trd, 4319296.943, 90
Trd, 4319299.793, 92
Trd, 4319300.343, 92
Trd, 4319302.293, 92
Trd, 4319304.193, 95
Trd, 4319305.993, 98
Trd, 4319306.393, 97
Trd, 4319306.693, 96
Trd, 4319307.393, 103
Trd, 4319310.193, 96
Trd, 4319311.893, 95
Trd, 4319312.943, 96
Trd, 4319315.343, 95
Trd, 4319316.193, 95
Trd, 4319316.293, 96
Trd, 4319317.193, 94
Trd, 4319319.743, 96
Trd, 4319320.693, 93
Trd, 4319320.893, 94
Trd, 4319321.743, 95
Trd, 4319324.843, 95
Trd, 4319326.643, 94
Trd, 4319328.093, 95
Trd, 4319328.743, 95
Trd, 4319329.743, 95
Trd, 4319330.293, 95
Trd, 4319331.493, 94
Trd, 4319333.543, 100
Trd, 4319334.043, 101
Trd, 4319334.143, 100
Trd, 4319336.193, 102
Trd, 4319338.843, 99
Trd, 4319339.093, 102
Trd, 4319339.743, 100
Trd, 4319340.093, 102
Trd, 4319342.543, 104
Trd, 4319344.193, 104
Trd, 4319345.243, 103
Trd, 4319345.893, 101
Trd, 4319346.943, 102
Trd, 4319347.343, 102
Trd, 4319351.343, 104
Trd, 4319352.793, 104
Trd, 4319352.893, 106
Trd, 4319355.443, 104
Trd, 4319357.743, 104
Trd, 4319358.193, 104
Trd, 4319358.943, 104
Trd, 4319359.843, 102
Trd, 4319360.443, 101
Trd, 4319364.193, 97
Trd, 4319364.243, 101
Trd, 4319365.443, 96
Trd, 4319367.893, 95
Trd, 4319368.343, 94
Trd, 4319372.393, 96
Trd, 4319372.743, 95
Trd, 4319373.693, 94
Trd, 4319373.843, 95
Trd, 4319374.693, 93
Trd, 4319378.643, 94
Trd, 4319378.743, 94
Trd, 4319380.093, 95
Trd, 4319380.393, 95
Trd, 4319380.893, 94
Trd, 4319382.693, 93
Trd, 4319383.493, 93
Trd, 4319383.943, 93
Trd, 4319386.793, 93
Trd, 4319387.943, 93
Trd, 4319388.793, 96
Trd, 4319389.443, 95
Trd, 4319390.693, 94
Trd, 4319390.943, 96
Trd, 4319392.193, 95
Trd, 4319394.443, 96
Trd, 4319398.343, 96
Trd, 4319398.643, 95
Trd, 4319399.293, 95
Trd, 4319399.593, 94
Trd, 4319399.743, 94
Trd, 4319400.693, 93
Trd, 4319403.243, 95
Trd, 4319404.443, 94
Trd, 4319404.643, 93
Trd, 4319406.143, 93
Trd, 4319406.993, 94
Trd, 4319408.093, 94
Trd, 4319409.443, 95
Trd, 4319410.293, 113
Trd, 4319413.643, 94
Trd, 4319414.843, 96
Trd, 4319415.993, 98
Trd, 4319417.893, 97
Trd, 4319417.943, 96
Trd, 4319418.143, 96
Trd, 4319418.543, 113
Trd, 4319421.043, 104
Trd, 4319422.493, 101
Trd, 4319422.843, 101
Trd, 4319423.993, 101
Trd, 4319425.243, 101
Trd, 4319427.193, 102
Trd, 4319429.343, 102
Trd, 4319429.993, 101
Trd, 4319430.443, 102
Trd, 4319430.893, 111
Trd, 4319433.293, 105
Trd, 4319436.293, 104
Trd, 4319438.693, 106
Trd, 4319440.193, 105
Trd, 4319440.943, 104
Trd, 4319441.293, 103
Trd, 4319443.893, 104
Trd, 4319444.043, 104
Trd, 4319446.893, 104
Trd, 4319447.393, 103
Trd, 4319449.493, 104
Trd, 4319449.743, 103
Trd, 4319451.743, 105
Trd, 4319451.943, 102
Trd, 4319455.043, 101
Trd, 4319455.593, 101
Trd, 4319455.743, 100
Trd, 4319455.943, 100
Trd, 4319457.993, 99
Trd, 4319458.643, 99
Trd, 4319459.243, 99
Trd, 4319460.143, 100
Trd, 4319463.593, 101
Trd, 4319464.293, 100
Trd, 4319464.643, 99
Trd, 4319465.143, 98
Trd, 4319467.493, 99
Trd, 4319467.743, 104
Trd, 4319469.043, 97
Trd, 4319471.193, 100
Trd, 4319471.793, 101
Trd, 4319472.943, 101
Trd, 4319473.193, 100
Trd, 4319475.443, 100
Trd, 4319477.793, 101
Trd, 4319478.043, 101
Trd, 4319479.443, 110
Trd, 4319481.893, 100
Trd, 4319482.643, 100
Trd, 4319483.643, 101
Trd, 4319486.943, 101
Trd, 4319489.043, 101
Trd, 4319489.243, 101
Trd, 4319490.143, 99
Trd, 4319491.743, 101
Trd, 4319493.393, 100
Trd, 4319494.293, 101
Trd, 4319495.443, 99
Trd, 4319496.943, 95
Trd, 4319498.593, 100
Trd, 4319501.093, 99
Trd, 4319502.443, 97
Trd, 4319505.243, 98
Trd, 4319505.543, 98
Trd, 4319506.593, 97
Trd, 4319506.843, 95
Trd, 4319508.293, 98
Trd, 4319508.993, 108
Trd, 4319510.243, 97
Trd, 4319511.393, 96
Trd, 4319512.393, 95
Trd, 4319513.343, 96
Trd, 4319514.093, 96
Trd, 4319514.843, 95
Trd, 4319517.243, 96
Trd, 4319519.743, 101
Trd, 4319520.393, 96
Trd, 4319521.343, 97
Trd, 4319522.593, 95
Trd, 4319524.793, 96
Trd, 4319525.193, 94
Trd, 4319528.943, 95
Trd, 4319529.493, 95
Trd, 4319529.893, 93
Trd, 4319531.043, 95
Trd, 4319532.093, 93
Trd, 4319532.843, 95
Trd, 4319533.943, 95
Trd, 4319534.743, 107
Trd, 4319537.443, 96
Trd, 4319538.993, 96
Trd, 4319539.493, 95
Trd, 4319540.993, 96
Trd, 4319542.943, 97
Trd, 4319543.793, 97
Trd, 4319544.143, 97
Trd, 4319544.843, 96
Trd, 4319546.793, 97
Trd, 4319548.743, 95
Trd, 4319549.693, 94
Trd, 4319551.243, 95
Trd, 4319551.343, 85
Trd, 4319551.593, 96
Trd, 4319552.393, 105
Trd, 4319555.393, 91
Trd, 4319555.493, 91
Trd, 4319556.693, 91
Trd, 4319557.243, 91
Trd, 4319558.793, 94
Trd, 4319559.643, 93
Trd, 4319559.743, 95
Trd, 4319564.043, 94
Trd, 4319564.293, 94
Trd, 4319567.593, 93
Trd, 4319567.743, 94
Trd, 4319568.243, 94
Trd, 4319570.093, 95
Trd, 4319570.293, 95
Trd, 4319571.493, 94
Trd, 4319572.943, 94
Trd, 4319573.843, 96
Trd, 4319576.243, 95
Trd, 4319577.493, 95
Trd, 4319578.293, 96
Trd, 4319581.993, 96
Trd, 4319582.593, 97
Trd, 4319583.193, 97
Trd, 4319583.793, 97
Trd, 4319585.593, 104
Trd, 4319589.293, 97
Trd, 4319589.893, 99
Trd, 4319593.043, 98
Trd, 4319593.643, 97
Trd, 4319594.743, 99
Trd, 4319597.043, 102
Trd, 4319598.593, 106
Trd, 4319598.693, 103
Trd, 4319599.243, 104
Trd, 4319599.393, 94
Trd, 4319599.593, 107
Trd, 4319603.643, 94
Trd, 4319604.143, 96
Trd, 4319604.593, 95
Trd, 4319605.443, 95
Trd, 4319606.293, 95
Trd, 4319608.643, 95
Trd, 4319609.943, 94
Trd, 4319610.543, 95
Trd, 4319610.743, 94
Trd, 4319611.393, 96
Trd, 4319613.143, 100
Trd, 4319614.393, 99
Trd, 4319615.343, 99
Trd, 4319617.243, 98
Trd, 4319619.793, 98
Trd, 4319619.893, 96
Trd, 4319621.143, 99
Trd, 4319622.993, 96
Trd, 4319623.493, 96
Trd, 4319624.793, 96
Trd, 4319625.543, 95
Trd, 4319628.293, 96
Trd, 4319629.793, 96
Trd, 4319630.943, 93
Trd, 4319632.193, 96
Trd, 4319634.543, 96
Trd, 4319634.743, 96
Trd, 4319635.543, 95
Trd, 4319635.743, 94
Trd, 4319636.793, 93
Trd, 4319639.443, 94
Trd, 4319640.693, 94
Trd, 4319640.893, 96
Trd, 4319642.393, 96
Trd, 4319642.593, 94
Trd, 4319644.293, 95
Trd, 4319646.243, 96
Trd, 4319646.493, 95
Trd, 4319647.893, 96
Trd, 4319648.243, 97
Trd, 4319651.143, 98
Trd, 4319651.743, 95
Trd, 4319654.243, 94
Trd, 4319654.693, 94
Trd, 4319655.493, 94
Trd, 4319656.093, 97
Trd, 4319657.743, 96
Trd, 4319659.293, 96
Trd, 4319660.543, 97
Trd, 4319660.793, 96
Trd, 4319661.143, 113
Trd, 4319665.393, 100
Trd, 4319665.943, 99
Trd, 4319669.793, 99
Trd, 4319670.143, 98
Trd, 4319671.693, 99
Trd, 4319671.893, 98
Trd, 4319673.243, 108
Trd, 4319675.143, 99
Trd, 4319675.343, 98
Trd, 4319675.393, 98
Trd, 4319675.943, 85
Trd, 4319676.643, 100
Trd, 4319680.143, 95
Trd, 4319681.743, 96
Trd, 4319682.193, 95
Trd, 4319684.493, 94
Trd, 4319684.593, 95
Trd, 4319686.193, 96
Trd, 4319687.043, 93
Trd, 4319687.243, 95
Trd, 4319689.893, 90
Trd, 4319692.143, 92
Trd, 4319692.543, 92
Trd, 4319694.443, 95
Trd, 4319695.543, 91
Trd, 4319696.843, 91
Trd, 4319696.893, 94
Trd, 4319700.543, 93
Trd, 4319701.443, 92
Trd, 4319701.893, 91
Trd, 4319703.043, 92
Trd, 4319704.043, 91
Trd, 4319704.143, 85
Trd, 4319705.293, 95
Trd, 4319708.143, 89
Trd, 4319709.843, 89
Trd, 4319711.643, 91
Trd, 4319712.893, 94
Trd, 4319714.693, 92
Trd, 4319715.193, 92
Trd, 4319716.593, 95
Trd, 4319717.043, 95
Trd, 4319718.643, 97
Trd, 4319720.293, 101
Trd, 4319721.493, 104
Trd, 4319721.593, 103
Trd, 4319722.393, 101
Trd, 4319725.793, 102
Trd, 4319726.193, 112
Trd, 4319728.543, 103
Trd, 4319729.543, 104
Trd, 4319730.893, 103
Trd, 4319731.793, 99
Trd, 4319733.093, 99
Trd, 4319734.243, 96
Trd, 4319735.493, 96
Trd, 4319736.993, 94
Trd, 4319738.393, 90
Trd, 4319738.893, 91
Trd, 4319739.143, 95
Trd, 4319740.893, 92
Trd, 4319741.843, 91
Trd, 4319743.843, 91
Trd, 4319744.593, 90
Trd, 4319745.593, 91
Trd, 4319746.143, 91
Trd, 4319748.793, 95
Trd, 4319749.243, 94
Trd, 4319750.343, 95
Trd, 4319751.793, 96
Trd, 4319752.143, 104
Trd, 4319753.793, 97
Trd, 4319756.593, 97
Trd, 4319757.143, 97
Trd, 4319757.793, 98
Trd, 4319761.043, 101
Trd, 4319762.093, 104
Trd, 4319762.493, 104
Trd, 4319763.343, 105
Trd, 4319763.943, 105
Trd, 4319765.793, 104
Trd, 4319766.693, 105
Trd, 4319767.943, 104
Trd, 4319770.693, 101
Trd, 4319771.743, 101
Trd, 4319772.493, 101
Trd, 4319773.593, 101
Trd, 4319773.743, 101
Trd, 4319775.743, 96
Trd, 4319778.893, 99
Trd, 4319779.093, 102
Trd, 4319779.993, 100
Trd, 4319781.093, 101
Trd, 4319782.993, 101
Trd, 4319784.143, 100
Trd, 4319785.243, 98
Trd, 4319786.543, 100
Trd, 4319788.993, 100
Trd, 4319790.293, 94
Trd, 4319791.093, 100
Trd, 4319792.693, 96
Trd, 4319793.393, 97
Trd, 4319793.893, 96
Trd, 4319794.393, 95
Trd, 4319796.343, 95
Trd, 4319797.493, 96
Trd, 4319798.443, 94
Trd, 4319798.593, 94
Trd, 4319799.843, 95
Trd, 4319800.493, 95
Trd, 4319802.843, 94
Trd, 4319804.443, 94
Trd, 4319804.943, 93
Trd, 4319804.993, 95
Trd, 4319807.993, 100
Trd, 4319808.043, 101
Trd, 4319809.443, 102
Trd, 4319810.743, 106
Trd, 4319811.743, 99
Trd, 4319813.393, 100
Trd, 4319813.693, 99
Trd, 4319814.593, 99
Trd, 4319816.443, 98
Trd, 4319816.993, 99
Trd, 4319819.743, 99
Trd, 4319820.343, 99
Trd, 4319820.993, 100
Trd, 4319822.043, 99
Trd, 4319825.793, 100
Trd, 4319826.243, 99
Trd, 4319826.743, 100
Trd, 4319829.993, 99
Trd, 4319830.393, 99
Trd, 4319831.043, 100
Trd, 4319831.793, 98
Trd, 4319832.393, 98
Trd, 4319834.693, 98
Trd, 4319835.693, 99
Trd, 4319836.193, 99
Trd, 4319836.493, 98
Trd, 4319838.593, 99
Trd, 4319841.693, 97
Trd, 4319842.343, 98
Trd, 4319842.393, 97
Trd, 4319842.943, 98
Trd, 4319844.293, 98
Trd, 4319846.143, 95
Trd, 4319847.343, 96
Trd, 4319847.593, 95
Trd, 4319847.643, 93
Trd, 4319847.893, 113
Trd, 4319849.443, 94
Trd, 4319850.993, 93
Trd, 4319852.343, 94
Trd, 4319853.093, 93
Trd, 4319853.293, 92
Trd, 4319853.443, 95
Trd, 4319855.743, 94
Trd, 4319855.893, 94
Trd, 4319857.243, 103
Trd, 4319859.493, 99
Trd, 4319860.893, 98
Trd, 4319862.343, 98
Trd, 4319863.293, 98
Trd, 4319863.543, 97
Trd, 4319864.993, 104
Trd, 4319866.593, 102
Trd, 4319867.193, 102
Trd, 4319868.443, 104
Trd, 4319869.793, 100
Trd, 4319870.543, 99
Trd, 4319870.843, 94
Trd, 4319872.943, 96
Trd, 4319874.293, 96
Trd, 4319874.593, 107
Trd, 4319875.343, 94
Trd, 4319878.893, 97
Trd, 4319880.393, 97
Trd, 4319881.643, 98
Trd, 4319882.243, 98
Trd, 4319883.293, 97
Trd, 4319883.643, 98
Trd, 4319887.043, 98
Trd, 4319887.143, 97
Trd, 4319888.543, 119
Trd, 4319890.793, 102
Trd, 4319891.543, 96
Trd, 4319894.593, 94
Trd, 4319897.543, 101
Trd, 4319899.393, 101
Trd, 4319899.543, 121
Trd, 4319901.343, 106
Trd, 4319902.993, 106
Trd, 4319903.443, 105
Trd, 4319903.943, 104
Trd, 4319905.093, 94
Trd, 4319906.143, 99
Trd, 4319907.593, 95
Trd, 4319907.943, 94
Trd, 4319908.593, 95
Trd, 4319910.043, 90
Trd, 4319911.343, 94
Trd, 4319912.543, 94
Trd, 4319913.243, 104
Trd, 4319915.993, 97
Trd, 4319916.343, 99
Trd, 4319919.443, 99
Trd, 4319920.443, 98
Trd, 4319921.393, 98
Trd, 4319922.243, 99
Trd, 4319923.943, 97
Trd, 4319925.643, 98
Trd, 4319925.943, 98
Trd, 4319926.243, 96
Trd, 4319927.293, 97
Trd, 4319928.193, 96
Trd, 4319930.643, 97
Trd, 4319930.943, 94
Trd, 4319931.193, 107
Trd, 4319937.043, 97
Trd, 4319937.493, 96
Trd, 4319939.343, 96
Trd, 4319939.593, 95
Trd, 4319941.143, 98
Trd, 4319941.743, 97
Trd, 4319943.593, 99
Trd, 4319945.293, 97
Trd, 4319945.543, 99
Trd, 4319946.143, 95
Trd, 4319948.793, 102
Trd, 4319948.993, 101
Trd, 4319949.293, 101
Trd, 4319950.393, 94
Trd, 4319953.143, 101
Trd, 4319953.543, 101
Trd, 4319955.743, 100
Trd, 4319956.293, 101
Trd, 4319957.043, 99
Trd, 4319959.743, 100
Trd, 4319960.943, 101
Trd, 4319962.093, 99
Trd, 4319962.243, 101
Trd, 4319962.893, 100
Trd, 4319964.293, 99
Trd, 4319964.593, 99
Trd, 4319965.643, 99
Trd, 4319966.243, 99
Trd, 4319968.243, 97
Trd, 4319970.193, 97
Trd, 4319971.593, 98
Trd, 4319972.093, 98
Trd, 4319975.143, 98
Trd, 4319975.893, 98
Trd, 4319976.293, 97
Trd, 4319977.193, 98
Trd, 4319977.543, 94
Trd, 4319979.993, 96
Trd, 4319980.943, 95
Trd, 4319982.293, 94
Trd, 4319983.093, 96
Trd, 4319985.343, 95
Trd, 4319986.093, 95
Trd, 4319986.193, 95
Trd, 4319987.543, 92
Trd, 4319989.743, 94
Trd, 4319991.893, 94
Trd, 4319991.993, 94
Trd, 4319992.043, 95
Trd, 4319993.343, 93
Trd, 4319995.643, 101
Trd, 4319996.943, 103
Trd, 4319997.643, 103
Trd, 4319997.943, 112
