Trd, 4317886.143, 95
Trd, 4317886.593, 95
Trd, 4317887.893, 104
Trd, 4317889.543, 113
Trd, 4317889.643, 93
Trd, 4317890.143, 107
Trd, 4317891.293, 139
Trd, 4317893.343, 109
Trd, 4317895.293, 109
Trd, 4317895.493, 110
Trd, 4317896.143, 112
Trd, 4317897.893, 107
Trd, 4317899.643, 109
Trd, 4317899.693, 113
Trd, 4317901.693, 110
Trd, 4317902.893, 109
Trd, 4317905.793, 110
Trd, 4317905.943, 110
Trd, 4317906.093, 108
Trd, 4317906.743, 109
Trd, 4317907.743, 108
Trd, 4317909.893, 103
Trd, 4317911.443, 104
Trd, 4317913.443, 104
Trd, 4317913.793, 102
Trd, 4317914.893, 104
Trd, 4317917.343, 95
Trd, 4317917.393, 94
Trd, 4317917.493, 96
Trd, 4317918.943, 96
Trd, 4317922.493, 95
Trd, 4317923.543, 95
Trd, 4317924.793, 94
Trd, 4317925.393, 93
Trd, 4317925.943, 104
Trd, 4317926.043, 113
Trd, 4317927.993, 109
Trd, 4317930.243, 94
Trd, 4317930.993, 109
Trd, 4317932.893, 94
Trd, 4317933.993, 96
Trd, 4317934.593, 94
Trd, 4317934.993, 95
Trd, 4317935.693, 96
Trd, 4317936.393, 93
Trd, 4317938.943, 95
Trd, 4317940.443, 93
Trd, 4317940.743, 105
Trd, 4317941.093, 113
Trd, 4317943.443, 104
Trd, 4317944.593, 99
Trd, 4317945.193, 95
Trd, 4317946.443, 95
Trd, 4317947.893, 95
Trd, 4317948.043, 96
Trd, 4317949.193, 94
Trd, 4317949.343, 98
Trd, 4317952.143, 92
Trd, 4317952.543, 96
Trd, 4317953.543, 106
Trd, 4317957.093, 103
Trd, 4317958.043, 102
Trd, 4317958.693, 104
Trd, 4317959.543, 99
Trd, 4317959.843, 98
Trd, 4317960.043, 113
Trd, 4317960.693, 86
Trd, 4317962.793, 138
Trd, 4317967.143, 100
Trd, 4317967.343, 104
Trd, 4317967.543, 105
Trd, 4317969.993, 86
Trd, 4317971.293, 99
Trd, 4317973.643, 99
Trd, 4317976.593, 97
Trd, 4317976.993, 98
Trd, 4317977.493, 103
Trd, 4317979.193, 99
Trd, 4317980.643, 96
Trd, 4317981.443, 97
Trd, 4317983.993, 98
Trd, 4317984.843, 102
Trd, 4317990.043, 95
Trd, 4317991.043, 94
Trd, 4317991.343, 96
Trd, 4317991.743, 96
Trd, 4317992.743, 97
Trd, 4317993.243, 97
Trd, 4317993.893, 136
Trd, 4317995.793, 94
Trd, 4317997.743, 105
Trd, 4317998.793, 92
Trd, 4317999.643, 102
Trd, 4318000.793, 98
Trd, 4318001.843, 104
Trd, 4318005.693, 94
Trd, 4318006.543, 97
Trd, 4318008.043, 98
Trd, 4318008.993, 94
Trd, 4318011.843, 94
Trd, 4318012.843, 94
Trd, 4318013.693, 93
Trd, 4318014.093, 94
Trd, 4318014.543, 92
Trd, 4318015.443, 101
Trd, 4318019.393, 104
Trd, 4318019.943, 95
Trd, 4318020.893, 94
Trd, 4318021.543, 98
Trd, 4318022.693, 94
Trd, 4318023.793, 93
Trd, 4318024.393, 94
Trd, 4318024.693, 104
Trd, 4318026.993, 96
Trd, 4318027.443, 96
Trd, 4318028.993, 95
Trd, 4318029.293, 107
Trd, 4318031.543, 93
Trd, 4318033.193, 98
Trd, 4318036.443, 98
Trd, 4318037.843, 92
Trd, 4318038.043, 99
Trd, 4318039.143, 99
Trd, 4318039.943, 91
Trd, 4318042.143, 95
Trd, 4318044.593, 95
Trd, 4318045.243, 90
Trd, 4318047.093, 95
Trd, 4318047.693, 94
Trd, 4318048.643, 94
Trd, 4318049.843, 90
Trd, 4318052.893, 89
Trd, 4318053.143, 89
Trd, 4318055.893, 88
Trd, 4318056.443, 89
Trd, 4318057.743, 98
Trd, 4318059.143, 106
Trd, 4318059.943, 100
Trd, 4318059.993, 93
Trd, 4318062.743, 96
Trd, 4318063.693, 96
Trd, 4318064.443, 131
Trd, 4318064.743, 109
Trd, 4318066.693, 102
Trd, 4318068.443, 102
Trd, 4318070.243, 104
Trd, 4318071.343, 136
Trd, 4318071.443, 101
Trd, 4318072.693, 103
Trd, 4318073.343, 101
Trd, 4318074.793, 100
Trd, 4318075.443, 102
Trd, 4318075.743, 104
Trd, 4318076.643, 105
Trd, 4318079.693, 103
Trd, 4318080.193, 102
Trd, 4318081.493, 104
Trd, 4318081.843, 93
Trd, 4318081.993, 106
Trd, 4318084.093, 100
Trd, 4318084.943, 106
Trd, 4318090.593, 99
Trd, 4318091.393, 101
Trd, 4318092.593, 99
Trd, 4318092.893, 98
Trd, 4318094.043, 104
Trd, 4318094.493, 113
Trd, 4318095.793, 97
Trd, 4318097.193, 101
Trd, 4318099.243, 99
Trd, 4318099.993, 100
Trd, 4318100.893, 113
Trd, 4318104.243, 101
Trd, 4318104.643, 103
Trd, 4318106.443, 96
Trd, 4318109.643, 95
Trd, 4318110.543, 94
Trd, 4318111.593, 94
Trd, 4318112.293, 96
Trd, 4318113.743, 96
Trd, 4318114.493, 93
Trd, 4318116.393, 97
Trd, 4318116.643, 98
Trd, 4318116.743, 98
Trd, 4318118.943, 99
Trd, 4318119.043, 104
Trd, 4318123.243, 99
Trd, 4318123.343, 100
Trd, 4318124.743, 100
Trd, 4318125.843, 94
Trd, 4318126.843, 97
Trd, 4318128.493, 97
Trd, 4318128.793, 98
Trd, 4318129.243, 96
Trd, 4318129.793, 94
Trd, 4318131.193, 104
Trd, 4318132.143, 100
Trd, 4318133.943, 95
Trd, 4318134.293, 96
Trd, 4318134.443, 104
Trd, 4318136.643, 94
Trd, 4318139.243, 95
Trd, 4318139.793, 93
Trd, 4318141.593, 94
Trd, 4318142.193, 96
Trd, 4318142.543, 111
Trd, 4318143.793, 100
Trd, 4318147.293, 99
Trd, 4318147.393, 103
Trd, 4318147.743, 108
Trd, 4318148.043, 94
Trd, 4318148.693, 111
Trd, 4318152.543, 101
Trd, 4318154.143, 103
Trd, 4318154.443, 105
Trd, 4318154.893, 97
Trd, 4318155.393, 108
Trd, 4318157.393, 97
Trd, 4318159.193, 100
Trd, 4318160.143, 100
Trd, 4318161.043, 113
Trd, 4318165.543, 96
Trd, 4318166.093, 98
Trd, 4318167.993, 112
Trd, 4318169.043, 104
Trd, 4318169.593, 95
Trd, 4318171.393, 94
Trd, 4318171.443, 98
Trd, 4318174.693, 96
Trd, 4318176.493, 97
Trd, 4318177.293, 103
Trd, 4318178.293, 104
Trd, 4318178.893, 78
Trd, 4318179.493, 107
Trd, 4318182.693, 97
Trd, 4318184.043, 97
Trd, 4318185.393, 96
Trd, 4318186.493, 106
Trd, 4318186.643, 94
Trd, 4318190.443, 96
Trd, 4318190.643, 93
Trd, 4318190.793, 96
Trd, 4318192.193, 96
Trd, 4318194.793, 92
Trd, 4318195.893, 111
Trd, 4318196.643, 91
Trd, 4318199.943, 96
Trd, 4318201.743, 95
Trd, 4318202.143, 104
Trd, 4318204.193, 97
Trd, 4318204.593, 98
Trd, 4318204.793, 92
Trd, 4318208.693, 94
Trd, 4318211.143, 92
Trd, 4318212.143, 94
Trd, 4318212.393, 95
Trd, 4318214.043, 102
Trd, 4318215.293, 99
Trd, 4318216.043, 92
Trd, 4318216.543, 101
Trd, 4318219.293, 102
Trd, 4318220.993, 103
Trd, 4318221.343, 94
Trd, 4318222.543, 99
Trd, 4318223.593, 101
Trd, 4318225.043, 99
Trd, 4318225.093, 96
Trd, 4318227.043, 100
Trd, 4318227.993, 101
Trd, 4318228.993, 94
Trd, 4318229.993, 96
Trd, 4318232.093, 94
Trd, 4318232.293, 96
Trd, 4318232.993, 94
Trd, 4318234.943, 96
Trd, 4318234.993, 104
Trd, 4318237.993, 98
Trd, 4318238.193, 94
Trd, 4318239.743, 95
Trd, 4318241.093, 104
Trd, 4318241.743, 97
Trd, 4318242.593, 97
Trd, 4318243.843, 96
Trd, 4318243.893, 97
Trd, 4318246.243, 95
Trd, 4318247.993, 99
Trd, 4318248.843, 104
Trd, 4318249.893, 94
Trd, 4318250.943, 94
Trd, 4318251.143, 95
Trd, 4318253.343, 97
Trd, 4318253.993, 94
Trd, 4318254.043, 105
Trd, 4318255.293, 100
Trd, 4318255.393, 102
Trd, 4318257.443, 96
Trd, 4318258.243, 104
Trd, 4318261.743, 98
Trd, 4318261.843, 97
Trd, 4318262.693, 96
Trd, 4318264.493, 96
Trd, 4318265.293, 102
Trd, 4318265.643, 94
Trd, 4318266.193, 99
Trd, 4318266.743, 100
Trd, 4318267.743, 98
Trd, 4318267.993, 109
Trd, 4318268.693, 86
Trd, 4318272.893, 100
Trd, 4318276.793, 99
Trd, 4318277.843, 98
Trd, 4318278.093, 106
Trd, 4318278.943, 112
Trd, 4318280.693, 107
Trd, 4318284.693, 105
Trd, 4318286.443, 105
Trd, 4318287.143, 105
Trd, 4318287.193, 104
Trd, 4318288.043, 103
Trd, 4318289.293, 102
Trd, 4318290.443, 101
Trd, 4318291.143, 102
Trd, 4318293.293, 100
Trd, 4318294.493, 103
Trd, 4318294.843, 104
Trd, 4318295.443, 113
Trd, 4318297.893, 99
Trd, 4318300.693, 99
Trd, 4318302.043, 99
Trd, 4318302.693, 97
Trd, 4318303.093, 97
Trd, 4318303.943, 99
Trd, 4318306.993, 103
Trd, 4318307.893, 104
Trd, 4318308.243, 123
Trd, 4318308.493, 94
Trd, 4318309.193, 96
Trd, 4318311.443, 111
Trd, 4318311.993, 97
Trd, 4318312.293, 109
Trd, 4318314.993, 103
Trd, 4318316.943, 101
Trd, 4318316.993, 102
Trd, 4318318.143, 104
Trd, 4318319.793, 104
Trd, 4318320.993, 101
Trd, 4318321.193, 100
Trd, 4318322.743, 98
Trd, 4318322.993, 101
Trd, 4318323.543, 104
Trd, 4318324.293, 99
Trd, 4318326.343, 103
Trd, 4318327.043, 103
Trd, 4318330.193, 99
Trd, 4318331.243, 101
Trd, 4318331.893, 103
Trd, 4318333.093, 94
Trd, 4318334.643, 104
Trd, 4318336.093, 101
Trd, 4318336.893, 100
Trd, 4318338.393, 113
Trd, 4318339.043, 100
Trd, 4318339.193, 104
Trd, 4318340.393, 104
Trd, 4318341.443, 102
Trd, 4318341.493, 104
Trd, 4318342.643, 93
Trd, 4318344.543, 113
Trd, 4318347.243, 99
Trd, 4318347.543, 103
Trd, 4318349.843, 100
Trd, 4318350.743, 101
Trd, 4318350.793, 99
Trd, 4318352.543, 101
Trd, 4318353.543, 102
Trd, 4318355.793, 98
Trd, 4318357.093, 101
Trd, 4318358.393, 100
Trd, 4318359.343, 106
Trd, 4318359.693, 103
Trd, 4318360.393, 97
Trd, 4318364.693, 99
Trd, 4318366.893, 100
Trd, 4318368.143, 105
Trd, 4318368.543, 97
Trd, 4318370.343, 103
Trd, 4318371.843, 99
Trd, 4318372.193, 100
Trd, 4318373.943, 97
Trd, 4318375.693, 96
Trd, 4318376.243, 100
Trd, 4318377.893, 98
Trd, 4318379.143, 96
Trd, 4318379.443, 86
Trd, 4318379.743, 92
Trd, 4318383.543, 104
Trd, 4318383.743, 92
Trd, 4318383.793, 113
Trd, 4318385.143, 93
Trd, 4318387.543, 96
Trd, 4318387.843, 98
Trd, 4318389.043, 98
Trd, 4318390.443, 99
Trd, 4318391.193, 94
Trd, 4318393.193, 97
Trd, 4318393.993, 96
Trd, 4318394.143, 97
Trd, 4318397.943, 95
Trd, 4318398.343, 98
Trd, 4318399.593, 94
Trd, 4318400.593, 95
Trd, 4318400.793, 93
Trd, 4318401.043, 95
Trd, 4318401.293, 97
Trd, 4318403.443, 103
Trd, 4318406.043, 93
Trd, 4318406.643, 102
Trd, 4318408.043, 102
Trd, 4318411.043, 99
Trd, 4318412.243, 96
Trd, 4318412.993, 100
Trd, 4318413.393, 97
Trd, 4318414.393, 99
Trd, 4318416.393, 95
Trd, 4318417.843, 96
Trd, 4318417.943, 98
Trd, 4318419.593, 99
Trd, 4318420.243, 95
Trd, 4318420.693, 94
Trd, 4318422.993, 98
Trd, 4318423.993, 102
Trd, 4318424.143, 104
Trd, 4318425.643, 97
Trd, 4318426.643, 105
Trd, 4318427.743, 105
Trd, 4318430.043, 104
Trd, 4318431.193, 96
Trd, 4318433.943, 103
Trd, 4318436.443, 100
Trd, 4318438.593, 100
Trd, 4318438.793, 101
Trd, 4318439.193, 100
Trd, 4318441.593, 100
Trd, 4318441.743, 96
Trd, 4318442.693, 96
Trd, 4318443.243, 104
Trd, 4318445.443, 104
Trd, 4318445.993, 95
Trd, 4318449.593, 100
Trd, 4318449.793, 94
Trd, 4318450.893, 104
Trd, 4318452.343, 107
Trd, 4318454.793, 104
Trd, 4318454.843, 109
Trd, 4318455.943, 107
Trd, 4318457.843, 107
Trd, 4318458.443, 103
Trd, 4318458.793, 113
Trd, 4318460.893, 102
Trd, 4318461.243, 98
Trd, 4318462.593, 98
Trd, 4318463.093, 98
Trd, 4318466.543, 104
Trd, 4318467.743, 101
Trd, 4318469.143, 98
Trd, 4318469.443, 94
Trd, 4318470.193, 99
Trd, 4318473.343, 95
Trd, 4318474.943, 95
Trd, 4318475.693, 96
Trd, 4318475.893, 100
Trd, 4318476.493, 105
Trd, 4318478.593, 104
Trd, 4318480.143, 96
Trd, 4318483.993, 95
Trd, 4318484.443, 97
Trd, 4318485.193, 98
Trd, 4318485.943, 97
Trd, 4318486.793, 95
Trd, 4318487.143, 105
Trd, 4318488.093, 100
Trd, 4318489.793, 94
Trd, 4318490.093, 93
Trd, 4318490.443, 82
Trd, 4318492.393, 89
Trd, 4318492.743, 104
Trd, 4318493.393, 105
Trd, 4318493.893, 76
Trd, 4318494.443, 77
Trd, 4318495.793, 92
Trd, 4318498.443, 99
Trd, 4318498.843, 90
Trd, 4318499.843, 106
Trd, 4318500.793, 112
Trd, 4318503.143, 98
Trd, 4318506.093, 102
Trd, 4318506.593, 102
Trd, 4318507.243, 100
Trd, 4318508.443, 101
Trd, 4318508.743, 104
Trd, 4318509.593, 99
Trd, 4318511.743, 100
Trd, 4318511.893, 98
Trd, 4318512.893, 100
Trd, 4318514.143, 104
Trd, 4318515.393, 97
Trd, 4318518.993, 96
Trd, 4318519.743, 94
Trd, 4318519.893, 97
Trd, 4318521.443, 105
Trd, 4318522.093, 105
Trd, 4318522.743, 94
Trd, 4318524.993, 98
Trd, 4318526.043, 94
Trd, 4318527.293, 95
Trd, 4318528.843, 98
Trd, 4318530.243, 103
Trd, 4318531.743, 104
Trd, 4318532.793, 97
Trd, 4318534.593, 98
Trd, 4318537.093, 100
Trd, 4318537.443, 104
Trd, 4318539.343, 102
Trd, 4318539.793, 113
Trd, 4318541.143, 97
Trd, 4318541.543, 105
Trd, 4318544.143, 97
Trd, 4318544.943, 94
Trd, 4318545.443, 104
Trd, 4318546.443, 104
Trd, 4318548.643, 96
Trd, 4318548.693, 95
Trd, 4318549.943, 91
Trd, 4318550.643, 89
Trd, 4318550.693, 89
Trd, 4318552.643, 105
Trd, 4318556.043, 90
Trd, 4318556.493, 98
Trd, 4318557.943, 99
Trd, 4318558.993, 106
Trd, 4318560.043, 102
Trd, 4318561.693, 93
Trd, 4318562.943, 96
Trd, 4318564.093, 113
Trd, 4318564.793, 112
Trd, 4318565.793, 104
Trd, 4318567.793, 105
Trd, 4318567.843, 104
Trd, 4318569.043, 102
Trd, 4318569.893, 103
Trd, 4318570.643, 104
Trd, 4318571.693, 105
Trd, 4318573.243, 112
Trd, 4318574.143, 100
Trd, 4318574.593, 108
Trd, 4318576.843, 109
Trd, 4318578.693, 106
Trd, 4318579.843, 106
Trd, 4318580.993, 101
Trd, 4318581.393, 104
Trd, 4318581.743, 100
Trd, 4318583.643, 104
Trd, 4318586.093, 102
Trd, 4318586.693, 99
Trd, 4318587.293, 101
Trd, 4318591.593, 98
Trd, 4318591.643, 101
Trd, 4318591.993, 104
Trd, 4318593.793, 97
Trd, 4318594.193, 101
Trd, 4318595.243, 101
Trd, 4318597.743, 103
Trd, 4318598.943, 97
Trd, 4318599.893, 100
Trd, 4318600.043, 97
Trd, 4318601.343, 97
Trd, 4318601.643, 98
Trd, 4318606.993, 96
Trd, 4318607.393, 96
Trd, 4318608.593, 95
Trd, 4318609.343, 104
Trd, 4318609.693, 101
Trd, 4318610.443, 86
Trd, 4318612.243, 102
Trd, 4318612.943, 104
Trd, 4318613.643, 93
Trd, 4318615.793, 131
Trd, 4318616.493, 101
Trd, 4318616.743, 136
Trd, 4318616.843, 100
Trd, 4318618.443, 111
Trd, 4318619.643, 113
Trd, 4318622.193, 92
Trd, 4318622.743, 105
Trd, 4318625.593, 104
Trd, 4318625.843, 103
Trd, 4318626.643, 102
Trd, 4318628.593, 113
Trd, 4318631.043, 106
Trd, 4318631.493, 102
Trd, 4318632.193, 102
Trd, 4318632.493, 94
Trd, 4318632.643, 103
Trd, 4318634.193, 105
Trd, 4318636.043, 106
Trd, 4318637.643, 98
Trd, 4318638.643, 100
Trd, 4318638.743, 97
Trd, 4318640.043, 98
Trd, 4318641.143, 98
Trd, 4318644.643, 96
Trd, 4318646.343, 97
Trd, 4318647.643, 96
Trd, 4318648.193, 95
Trd, 4318649.243, 97
Trd, 4318649.843, 95
Trd, 4318653.143, 94
Trd, 4318653.443, 94
Trd, 4318653.843, 94
Trd, 4318655.893, 94
Trd, 4318656.043, 97
Trd, 4318657.143, 86
Trd, 4318662.593, 92
Trd, 4318662.693, 91
Trd, 4318663.243, 90
Trd, 4318663.443, 105
Trd, 4318664.493, 89
Trd, 4318664.543, 113
Trd, 4318667.793, 98
Trd, 4318668.193, 107
Trd, 4318669.243, 88
Trd, 4318670.693, 106
Trd, 4318671.393, 113
Trd, 4318672.743, 130
Trd, 4318673.943, 96
Trd, 4318674.543, 96
Trd, 4318675.343, 93
Trd, 4318675.443, 97
Trd, 4318676.843, 98
Trd, 4318678.343, 86
Trd, 4318678.743, 86
Trd, 4318681.043, 102
Trd, 4318683.093, 93
Trd, 4318684.043, 93
Trd, 4318685.193, 92
Trd, 4318687.893, 91
Trd, 4318688.293, 90
Trd, 4318688.843, 90
Trd, 4318689.293, 104
Trd, 4318690.643, 89
Trd, 4318691.643, 88
Trd, 4318693.193, 86
Trd, 4318694.143, 82
Trd, 4318694.593, 85
Trd, 4318695.543, 84
Trd, 4318695.893, 86
Trd, 4318698.443, 113
Trd, 4318698.643, 99
Trd, 4318698.843, 108
Trd, 4318701.093, 96
Trd, 4318701.793, 94
Trd, 4318703.593, 93
Trd, 4318704.443, 105
Trd, 4318705.993, 100
Trd, 4318706.093, 100
Trd, 4318707.943, 110
Trd, 4318708.393, 104
Trd, 4318708.993, 107
Trd, 4318710.393, 103
Trd, 4318710.893, 106
Trd, 4318713.093, 94
Trd, 4318713.993, 100
Trd, 4318714.493, 98
Trd, 4318714.643, 101
Trd, 4318715.893, 100
Trd, 4318716.693, 105
Trd, 4318718.743, 99
Trd, 4318720.093, 98
Trd, 4318720.543, 97
Trd, 4318720.993, 98
Trd, 4318721.793, 98
Trd, 4318723.193, 113
Trd, 4318724.793, 96
Trd, 4318725.493, 106
Trd, 4318725.843, 108
Trd, 4318728.593, 98
Trd, 4318729.293, 95
Trd, 4318730.393, 99
Trd, 4318732.043, 98
Trd, 4318732.443, 94
Trd, 4318733.843, 101
Trd, 4318734.693, 106
Trd, 4318739.243, 94
Trd, 4318739.893, 96
Trd, 4318740.843, 95
Trd, 4318741.893, 95
Trd, 4318744.093, 102
Trd, 4318745.693, 99
Trd, 4318746.543, 130
Trd, 4318746.693, 93
Trd, 4318748.893, 99
Trd, 4318750.643, 94
Trd, 4318750.743, 98
Trd, 4318751.343, 97
Trd, 4318752.543, 104
Trd, 4318754.193, 100
Trd, 4318754.893, 97
Trd, 4318756.593, 94
Trd, 4318758.193, 94
Trd, 4318758.643, 96
Trd, 4318759.443, 91
Trd, 4318760.143, 92
Trd, 4318760.243, 91
Trd, 4318760.943, 102
Trd, 4318762.193, 104
Trd, 4318764.643, 94
Trd, 4318765.343, 96
Trd, 4318768.043, 94
Trd, 4318768.343, 95
Trd, 4318768.493, 104
Trd, 4318770.593, 93
Trd, 4318772.793, 99
Trd, 4318773.793, 100
Trd, 4318776.443, 92
Trd, 4318776.743, 95
Trd, 4318778.343, 93
Trd, 4318778.543, 92
Trd, 4318778.743, 91
Trd, 4318779.743, 91
Trd, 4318784.443, 97
Trd, 4318785.143, 101
Trd, 4318785.293, 104
Trd, 4318786.843, 99
Trd, 4318786.943, 100
Trd, 4318788.043, 98
Trd, 4318788.843, 98
Trd, 4318789.143, 97
Trd, 4318789.543, 98
Trd, 4318792.993, 96
Trd, 4318793.393, 97
Trd, 4318794.243, 104
Trd, 4318795.743, 94
Trd, 4318796.443, 99
Trd, 4318797.943, 104
Trd, 4318799.793, 103
Trd, 4318801.593, 98
Trd, 4318801.743, 93
Trd, 4318802.693, 103
Trd, 4318805.843, 96
Trd, 4318806.293, 103
Trd, 4318808.343, 101
Trd, 4318808.843, 104
Trd, 4318809.643, 113
Trd, 4318810.893, 100
Trd, 4318812.993, 99
Trd, 4318816.143, 98
Trd, 4318816.793, 100
Trd, 4318818.243, 107
Trd, 4318818.743, 106
Trd, 4318821.343, 103
Trd, 4318821.743, 105
Trd, 4318823.093, 103
Trd, 4318824.993, 98
Trd, 4318826.393, 99
Trd, 4318827.393, 99
Trd, 4318828.043, 100
Trd, 4318829.693, 100
Trd, 4318831.493, 109
Trd, 4318833.843, 106
Trd, 4318835.643, 106
Trd, 4318835.843, 105
Trd, 4318837.143, 103
Trd, 4318838.693, 102
Trd, 4318838.843, 102
Trd, 4318839.193, 94
Trd, 4318841.443, 103
Trd, 4318841.543, 99
Trd, 4318843.143, 97
Trd, 4318845.393, 98
Trd, 4318847.593, 95
Trd, 4318848.293, 96
Trd, 4318848.343, 98
Trd, 4318849.793, 97
Trd, 4318850.593, 104
Trd, 4318852.193, 94
Trd, 4318853.843, 93
Trd, 4318854.043, 98
Trd, 4318855.993, 98
Trd, 4318860.993, 94
Trd, 4318861.143, 96
Trd, 4318861.543, 96
Trd, 4318862.243, 97
Trd, 4318863.643, 93
Trd, 4318864.843, 96
Trd, 4318865.593, 97
Trd, 4318868.243, 98
Trd, 4318869.493, 99
Trd, 4318870.093, 104
Trd, 4318873.943, 96
Trd, 4318874.093, 94
Trd, 4318876.193, 95
Trd, 4318878.193, 96
Trd, 4318878.343, 95
Trd, 4318878.393, 97
Trd, 4318878.843, 104
Trd, 4318883.893, 95
Trd, 4318883.943, 94
Trd, 4318884.093, 95
Trd, 4318888.093, 94
Trd, 4318889.193, 94
Trd, 4318889.493, 93
Trd, 4318890.793, 95
Trd, 4318892.243, 114
Trd, 4318892.893, 92
Trd, 4318893.843, 103
Trd, 4318894.043, 104
Trd, 4318894.293, 92
Trd, 4318896.643, 99
Trd, 4318896.843, 101
Trd, 4318899.793, 101
Trd, 4318902.193, 94
Trd, 4318902.693, 96
Trd, 4318905.293, 95
Trd, 4318906.693, 95
Trd, 4318907.293, 95
Trd, 4318908.743, 96
Trd, 4318908.893, 97
Trd, 4318909.643, 94
Trd, 4318909.693, 96
Trd, 4318912.843, 93
Trd, 4318914.593, 96
Trd, 4318916.893, 92
Trd, 4318918.293, 96
Trd, 4318919.843, 92
Trd, 4318920.243, 91
Trd, 4318922.793, 92
Trd, 4318923.343, 91
Trd, 4318924.643, 103
Trd, 4318925.293, 92
Trd, 4318925.943, 98
Trd, 4318926.043, 99
Trd, 4318927.393, 100
Trd, 4318931.843, 98
Trd, 4318932.393, 95
Trd, 4318932.443, 96
Trd, 4318934.793, 94
Trd, 4318936.843, 104
Trd, 4318938.793, 101
Trd, 4318939.893, 86
Trd, 4318940.093, 99
Trd, 4318941.293, 101
Trd, 4318941.393, 105
Trd, 4318942.093, 92
Trd, 4318942.643, 105
Trd, 4318946.743, 97
Trd, 4318947.693, 95
Trd, 4318948.593, 108
Trd, 4318948.643, 109
Trd, 4318951.743, 106
Trd, 4318952.193, 102
Trd, 4318953.193, 103
Trd, 4318954.993, 97
Trd, 4318956.643, 102
Trd, 4318958.443, 102
Trd, 4318961.143, 102
Trd, 4318961.543, 96
Trd, 4318963.543, 101
Trd, 4318964.243, 94
Trd, 4318964.743, 102
Trd, 4318965.343, 105
Trd, 4318967.493, 93
Trd, 4318967.643, 104
Trd, 4318968.893, 96
Trd, 4318969.343, 105
Trd, 4318970.193, 104
Trd, 4318971.793, 128
Trd, 4318972.143, 93
Trd, 4318974.343, 103
Trd, 4318975.943, 103
Trd, 4318976.593, 104
Trd, 4318978.193, 103
Trd, 4318978.393, 104
Trd, 4318979.593, 99
Trd, 4318983.193, 101
Trd, 4318983.643, 94
Trd, 4318984.843, 101
Trd, 4318986.743, 100
Trd, 4318988.143, 98
Trd, 4318989.493, 103
Trd, 4318990.843, 110
Trd, 4318991.493, 106
Trd, 4318993.393, 106
Trd, 4318994.243, 104
Trd, 4318995.943, 103
Trd, 4318996.093, 106
Trd, 4318997.443, 102
Trd, 4318997.793, 94
Trd, 4318998.043, 106
Trd, 4318999.243, 96
Trd, 4319000.893, 89
Trd, 4319001.293, 89
Trd, 4319002.093, 106
Trd, 4319003.493, 98
Trd, 4319003.743, 98
Trd, 4319003.793, 90
Trd, 4319005.243, 113
Trd, 4319008.343, 108
Trd, 4319009.143, 107
Trd, 4319010.343, 97
Trd, 4319011.943, 96
Trd, 4319012.543, 98
Trd, 4319013.043, 95
Trd, 4319013.143, 99
Trd, 4319016.593, 99
Trd, 4319017.743, 94
Trd, 4319018.343, 100
Trd, 4319018.743, 99
Trd, 4319022.493, 96
Trd, 4319022.943, 97
Trd, 4319023.193, 95
Trd, 4319024.243, 94
Trd, 4319024.343, 113
Trd, 4319029.193, 98
Trd, 4319030.843, 105
Trd, 4319031.043, 106
Trd, 4319032.443, 97
Trd, 4319033.843, 100
Trd, 4319034.293, 100
Trd, 4319035.393, 96
Trd, 4319038.093, 96
Trd, 4319038.643, 95
Trd, 4319039.343, 94
Trd, 4319039.943, 96
Trd, 4319042.993, 105
Trd, 4319045.293, 95
Trd, 4319047.443, 96
Trd, 4319047.543, 94
Trd, 4319048.043, 96
Trd, 4319048.443, 112
Trd, 4319049.743, 107
Trd, 4319052.143, 94
Trd, 4319053.093, 94
Trd, 4319053.343, 101
Trd, 4319054.093, 100
Trd, 4319056.693, 104
Trd, 4319058.643, 100
Trd, 4319060.593, 100
Trd, 4319061.193, 99
Trd, 4319061.593, 100
Trd, 4319062.293, 104
Trd, 4319064.943, 113
Trd, 4319064.993, 104
Trd, 4319066.793, 102
Trd, 4319069.043, 101
Trd, 4319069.743, 101
Trd, 4319069.993, 102
Trd, 4319071.343, 98
Trd, 4319071.393, 100
Trd, 4319073.393, 101
Trd, 4319074.393, 103
Trd, 4319075.343, 101
Trd, 4319076.943, 98
Trd, 4319077.543, 98
Trd, 4319079.993, 96
Trd, 4319081.443, 102
Trd, 4319081.843, 103
Trd, 4319083.293, 108
Trd, 4319084.043, 102
Trd, 4319085.893, 100
Trd, 4319085.943, 105
Trd, 4319087.793, 82
Trd, 4319088.443, 95
Trd, 4319088.893, 102
Trd, 4319088.943, 114
Trd, 4319091.593, 107
Trd, 4319091.893, 107
Trd, 4319094.143, 108
Trd, 4319096.493, 100
Trd, 4319097.093, 96
Trd, 4319099.643, 99
Trd, 4319101.343, 103
Trd, 4319102.193, 104
Trd, 4319102.843, 104
Trd, 4319103.093, 99
Trd, 4319103.393, 98
Trd, 4319103.893, 102
Trd, 4319105.143, 99
Trd, 4319107.893, 96
Trd, 4319109.093, 97
Trd, 4319109.243, 104
Trd, 4319110.743, 102
Trd, 4319113.593, 96
Trd, 4319114.093, 102
Trd, 4319115.643, 96
Trd, 4319117.043, 97
Trd, 4319117.943, 96
Trd, 4319117.993, 97
Trd, 4319121.193, 99
Trd, 4319122.993, 96
Trd, 4319123.843, 95
Trd, 4319123.993, 98
Trd, 4319125.193, 105
Trd, 4319125.493, 102
Trd, 4319128.593, 94
Trd, 4319129.293, 94
Trd, 4319129.343, 105
Trd, 4319130.493, 98
Trd, 4319131.843, 100
Trd, 4319132.993, 101
Trd, 4319133.943, 93
Trd, 4319134.143, 99
Trd, 4319137.443, 92
Trd, 4319137.793, 95
Trd, 4319138.643, 95
Trd, 4319139.293, 97
Trd, 4319141.643, 131
Trd, 4319144.093, 109
Trd, 4319144.293, 107
Trd, 4319145.643, 106
Trd, 4319145.943, 108
Trd, 4319146.593, 103
Trd, 4319149.043, 107
Trd, 4319150.743, 105
Trd, 4319151.343, 104
Trd, 4319151.893, 105
Trd, 4319153.593, 103
Trd, 4319153.793, 103
Trd, 4319154.593, 86
Trd, 4319154.743, 96
Trd, 4319156.043, 104
Trd, 4319157.693, 102
Trd, 4319157.793, 104
Trd, 4319160.693, 98
Trd, 4319161.243, 97
Trd, 4319161.343, 91
Trd, 4319161.593, 99
Trd, 4319163.593, 104
Trd, 4319166.743, 103
Trd, 4319167.593, 97
Trd, 4319167.943, 104
Trd, 4319168.393, 103
Trd, 4319170.093, 102
Trd, 4319172.493, 103
Trd, 4319173.643, 99
Trd, 4319175.793, 96
Trd, 4319177.043, 98
Trd, 4319177.943, 102
Trd, 4319181.593, 99
Trd, 4319181.893, 96
Trd, 4319182.993, 102
Trd, 4319184.093, 100
Trd, 4319186.893, 98
Trd, 4319186.993, 96
Trd, 4319187.743, 96
Trd, 4319188.343, 96
Trd, 4319189.793, 95
Trd, 4319191.293, 94
Trd, 4319191.693, 96
Trd, 4319192.643, 98
Trd, 4319194.943, 98
Trd, 4319195.493, 99
Trd, 4319196.293, 94
Trd, 4319198.243, 96
Trd, 4319200.693, 97
Trd, 4319200.893, 97
Trd, 4319203.893, 97
Trd, 4319204.193, 98
Trd, 4319204.693, 93
Trd, 4319205.393, 98
Trd, 4319207.843, 92
Trd, 4319208.643, 91
Trd, 4319209.893, 90
Trd, 4319210.043, 113
Trd, 4319211.443, 97
Trd, 4319212.393, 102
Trd, 4319212.543, 89
Trd, 4319213.693, 137
Trd, 4319216.593, 101
Trd, 4319218.743, 88
Trd, 4319220.743, 98
Trd, 4319222.693, 94
Trd, 4319222.743, 90
Trd, 4319224.843, 94
Trd, 4319227.243, 92
Trd, 4319228.943, 92
Trd, 4319229.143, 92
Trd, 4319231.893, 104
Trd, 4319232.243, 112
Trd, 4319232.593, 95
Trd, 4319233.443, 106
Trd, 4319234.443, 94
Trd, 4319239.593, 94
Trd, 4319239.643, 96
Trd, 4319240.493, 96
Trd, 4319242.593, 104
Trd, 4319242.793, 101
Trd, 4319242.943, 93
Trd, 4319244.293, 101
Trd, 4319245.793, 105
Trd, 4319247.393, 92
Trd, 4319247.743, 103
Trd, 4319248.593, 113
Trd, 4319253.293, 97
Trd, 4319253.343, 103
Trd, 4319256.343, 100
Trd, 4319257.643, 91
Trd, 4319258.293, 96
Trd, 4319259.793, 97
Trd, 4319261.943, 93
Trd, 4319262.993, 95
Trd, 4319263.993, 95
Trd, 4319264.393, 91
Trd, 4319266.243, 95
Trd, 4319266.843, 95
Trd, 4319269.143, 103
Trd, 4319270.693, 99
Trd, 4319270.743, 92
Trd, 4319271.693, 113
Trd, 4319275.443, 99
Trd, 4319275.643, 92
Trd, 4319277.143, 96
Trd, 4319277.543, 98
Trd, 4319278.093, 91
Trd, 4319279.443, 98
Trd, 4319281.093, 99
Trd, 4319282.643, 90
Trd, 4319283.493, 100
Trd, 4319286.443, 90
Trd, 4319286.593, 89
Trd, 4319287.293, 89
Trd, 4319287.343, 91
Trd, 4319288.393, 92
Trd, 4319289.043, 103
Trd, 4319291.593, 93
Trd, 4319291.893, 99
Trd, 4319293.843, 86
Trd, 4319294.943, 102
Trd, 4319295.093, 104
Trd, 4319297.493, 112
Trd, 4319298.493, 97
Trd, 4319298.693, 99
Trd, 4319299.243, 94
Trd, 4319300.343, 104
Trd, 4319301.393, 138
Trd, 4319303.543, 105
Trd, 4319305.343, 101
Trd, 4319305.943, 101
Trd, 4319306.393, 104
Trd, 4319306.843, 99
Trd, 4319306.943, 115
Trd, 4319307.943, 95
Trd, 4319309.193, 94
Trd, 4319309.393, 100
Trd, 4319310.793, 78
Trd, 4319313.143, 87
Trd, 4319313.293, 88
Trd, 4319313.893, 89
Trd, 4319313.993, 109
Trd, 4319315.243, 108
Trd, 4319316.443, 92
Trd, 4319318.743, 110
Trd, 4319319.343, 98
Trd, 4319322.293, 99
Trd, 4319323.143, 100
Trd, 4319324.643, 98
Trd, 4319326.493, 97
Trd, 4319326.743, 96
Trd, 4319326.893, 99
Trd, 4319332.343, 99
Trd, 4319332.443, 96
Trd, 4319333.643, 94
Trd, 4319334.443, 97
Trd, 4319335.443, 97
Trd, 4319336.493, 98
Trd, 4319337.443, 104
Trd, 4319338.393, 99
Trd, 4319339.843, 99
Trd, 4319340.443, 101
Trd, 4319340.793, 101
Trd, 4319341.943, 131
Trd, 4319342.993, 115
Trd, 4319343.443, 98
Trd, 4319343.843, 110
Trd, 4319346.943, 104
Trd, 4319347.243, 106
Trd, 4319350.093, 101
Trd, 4319351.043, 105
Trd, 4319351.793, 113
Trd, 4319352.143, 103
Trd, 4319353.393, 94
Trd, 4319355.443, 99
Trd, 4319355.893, 100
Trd, 4319357.193, 98
Trd, 4319358.493, 99
Trd, 4319360.643, 98
Trd, 4319361.293, 97
Trd, 4319362.893, 96
Trd, 4319363.393, 95
Trd, 4319366.793, 102
Trd, 4319366.943, 113
Trd, 4319368.043, 103
Trd, 4319369.343, 140
Trd, 4319369.843, 100
Trd, 4319371.243, 113
Trd, 4319372.793, 100
Trd, 4319373.943, 107
Trd, 4319375.093, 99
Trd, 4319375.693, 106
Trd, 4319376.693, 97
Trd, 4319377.143, 106
Trd, 4319380.493, 100
Trd, 4319381.243, 98
Trd, 4319382.693, 96
Trd, 4319383.093, 97
Trd, 4319386.443, 96
Trd, 4319386.543, 95
Trd, 4319386.793, 93
Trd, 4319387.943, 94
Trd, 4319390.343, 93
Trd, 4319391.593, 96
Trd, 4319392.593, 96
Trd, 4319395.243, 98
Trd, 4319395.743, 103
Trd, 4319397.143, 96
Trd, 4319398.543, 99
Trd, 4319399.193, 95
Trd, 4319400.943, 94
Trd, 4319403.093, 94
Trd, 4319403.793, 95
Trd, 4319404.093, 94
Trd, 4319404.243, 93
Trd, 4319405.343, 114
Trd, 4319406.743, 130
Trd, 4319411.493, 116
Trd, 4319411.543, 116
Trd, 4319412.293, 115
Trd, 4319412.943, 100
Trd, 4319414.393, 106
Trd, 4319415.443, 104
Trd, 4319415.893, 106
Trd, 4319417.593, 106
Trd, 4319419.093, 103
Trd, 4319419.293, 106
Trd, 4319420.093, 107
Trd, 4319422.693, 104
Trd, 4319423.293, 103
Trd, 4319423.543, 106
Trd, 4319425.443, 107
Trd, 4319425.743, 107
Trd, 4319425.993, 113
Trd, 4319427.793, 98
Trd, 4319427.943, 98
Trd, 4319429.093, 93
Trd, 4319431.643, 97
Trd, 4319432.393, 87
Trd, 4319433.243, 91
Trd, 4319433.343, 93
Trd, 4319434.643, 92
Trd, 4319437.693, 102
Trd, 4319437.893, 91
Trd, 4319440.293, 96
Trd, 4319442.093, 97
Trd, 4319443.043, 98
Trd, 4319443.343, 104
Trd, 4319444.993, 92
Trd, 4319446.993, 93
Trd, 4319447.643, 99
Trd, 4319450.043, 97
Trd, 4319451.393, 97
Trd, 4319452.943, 98
Trd, 4319453.593, 97
Trd, 4319453.993, 96
Trd, 4319454.243, 111
Trd, 4319455.593, 108
Trd, 4319458.343, 95
Trd, 4319459.043, 101
Trd, 4319460.643, 97
Trd, 4319462.343, 97
Trd, 4319462.943, 97
Trd, 4319464.093, 97
Trd, 4319464.343, 94
Trd, 4319467.043, 97
Trd, 4319469.093, 96
Trd, 4319469.193, 93
Trd, 4319471.443, 92
Trd, 4319471.643, 92
Trd, 4319472.543, 104
Trd, 4319472.643, 91
Trd, 4319472.993, 112
Trd, 4319476.943, 99
Trd, 4319479.393, 99
Trd, 4319480.243, 95
Trd, 4319481.843, 99
Trd, 4319482.443, 96
Trd, 4319482.643, 100
Trd, 4319487.343, 94
Trd, 4319488.243, 95
Trd, 4319488.293, 96
Trd, 4319493.143, 94
Trd, 4319493.743, 95
Trd, 4319494.643, 95
Trd, 4319495.843, 95
Trd, 4319496.643, 94
Trd, 4319496.893, 93
Trd, 4319498.393, 92
Trd, 4319499.243, 92
Trd, 4319500.343, 91
Trd, 4319501.343, 91
Trd, 4319501.593, 113
Trd, 4319503.543, 94
Trd, 4319503.693, 95
Trd, 4319505.343, 95
Trd, 4319506.593, 90
Trd, 4319507.543, 107
Trd, 4319509.743, 101
Trd, 4319511.493, 93
Trd, 4319511.893, 89
Trd, 4319514.093, 91
Trd, 4319516.393, 91
Trd, 4319518.043, 92
Trd, 4319518.843, 109
Trd, 4319518.993, 88
Trd, 4319519.593, 112
Trd, 4319522.593, 95
Trd, 4319525.593, 95
Trd, 4319525.743, 100
Trd, 4319525.893, 97
Trd, 4319528.393, 96
Trd, 4319528.593, 94
Trd, 4319530.593, 97
Trd, 4319531.293, 97
Trd, 4319532.343, 101
Trd, 4319535.943, 93
Trd, 4319537.393, 93
Trd, 4319537.593, 94
Trd, 4319540.843, 93
Trd, 4319541.493, 93
Trd, 4319541.793, 92
Trd, 4319542.143, 104
Trd, 4319543.293, 100
Trd, 4319544.743, 91
Trd, 4319547.843, 94
Trd, 4319548.543, 90
Trd, 4319548.893, 93
Trd, 4319550.693, 93
Trd, 4319550.893, 104
Trd, 4319551.293, 89
Trd, 4319552.393, 89
Trd, 4319554.343, 95
Trd, 4319554.643, 95
Trd, 4319557.343, 107
Trd, 4319557.693, 90
Trd, 4319558.393, 104
Trd, 4319560.593, 102
Trd, 4319561.043, 102
Trd, 4319562.793, 90
Trd, 4319563.393, 96
Trd, 4319564.243, 97
Trd, 4319569.043, 92
Trd, 4319569.343, 92
Trd, 4319570.243, 89
Trd, 4319570.443, 105
Trd, 4319576.043, 88
Trd, 4319576.243, 88
Trd, 4319577.243, 88
Trd, 4319577.393, 89
Trd, 4319577.443, 87
Trd, 4319579.443, 104
Trd, 4319580.443, 105
Trd, 4319583.093, 96
Trd, 4319585.243, 97
Trd, 4319585.443, 86
Trd, 4319587.743, 97
Trd, 4319590.493, 92
Trd, 4319591.743, 87
Trd, 4319592.243, 90
Trd, 4319592.543, 105
Trd, 4319592.893, 113
Trd, 4319594.293, 122
Trd, 4319595.543, 110
Trd, 4319597.893, 92
Trd, 4319598.793, 89
Trd, 4319598.893, 105
Trd, 4319599.443, 111
Trd, 4319602.193, 107
Trd, 4319603.693, 100
Trd, 4319604.193, 106
Trd, 4319605.843, 105
Trd, 4319607.393, 100
Trd, 4319607.793, 100
Trd, 4319607.993, 104
Trd, 4319609.793, 102
Trd, 4319610.793, 98
Trd, 4319611.593, 98
Trd, 4319612.193, 99
Trd, 4319612.343, 94
Trd, 4319612.443, 114
Trd, 4319614.443, 129
Trd, 4319615.643, 94
Trd, 4319616.593, 95
Trd, 4319618.743, 98
Trd, 4319619.793, 96
Trd, 4319622.793, 98
Trd, 4319623.293, 97
Trd, 4319623.543, 98
Trd, 4319625.493, 98
Trd, 4319626.243, 103
Trd, 4319627.793, 96
Trd, 4319628.193, 104
Trd, 4319631.393, 100
Trd, 4319631.593, 96
Trd, 4319633.543, 95
Trd, 4319633.693, 105
Trd, 4319633.893, 103
Trd, 4319636.743, 96
Trd, 4319637.193, 113
Trd, 4319641.343, 96
Trd, 4319642.693, 100
Trd, 4319643.443, 104
Trd, 4319646.343, 101
Trd, 4319646.393, 103
Trd, 4319646.493, 94
Trd, 4319647.293, 105
Trd, 4319649.593, 93
Trd, 4319650.593, 106
Trd, 4319654.543, 106
Trd, 4319655.793, 101
Trd, 4319657.493, 100
Trd, 4319658.493, 98
Trd, 4319659.393, 97
Trd, 4319659.493, 100
Trd, 4319659.743, 101
Trd, 4319661.993, 96
Trd, 4319662.893, 99
Trd, 4319664.243, 101
Trd, 4319665.393, 96
Trd, 4319665.793, 97
Trd, 4319666.393, 97
Trd, 4319667.643, 94
Trd, 4319669.043, 94
Trd, 4319671.243, 95
Trd, 4319672.243, 95
Trd, 4319673.093, 101
Trd, 4319673.193, 93
Trd, 4319674.543, 104
Trd, 4319677.893, 103
Trd, 4319678.193, 97
Trd, 4319680.343, 104
Trd, 4319682.393, 113
Trd, 4319684.493, 101
Trd, 4319685.043, 102
Trd, 4319685.293, 102
Trd, 4319685.493, 100
Trd, 4319685.643, 103
Trd, 4319687.893, 104
Trd, 4319688.843, 99
Trd, 4319691.493, 102
Trd, 4319693.843, 98
Trd, 4319693.993, 99
Trd, 4319696.143, 98
Trd, 4319697.093, 99
Trd, 4319698.043, 97
Trd, 4319699.893, 104
Trd, 4319699.943, 113
Trd, 4319701.343, 107
Trd, 4319702.293, 104
Trd, 4319702.443, 105
Trd, 4319702.993, 96
Trd, 4319704.793, 113
Trd, 4319706.543, 97
Trd, 4319706.643, 117
Trd, 4319709.493, 102
Trd, 4319710.293, 103
Trd, 4319710.943, 104
Trd, 4319712.693, 96
Trd, 4319712.843, 104
Trd, 4319715.793, 99
Trd, 4319717.243, 95
Trd, 4319717.543, 94
Trd, 4319719.993, 94
Trd, 4319720.093, 96
Trd, 4319720.693, 96
Trd, 4319724.343, 105
Trd, 4319724.743, 96
Trd, 4319726.093, 101
Trd, 4319727.693, 101
Trd, 4319728.143, 97
Trd, 4319731.393, 99
Trd, 4319732.243, 94
Trd, 4319733.043, 95
Trd, 4319733.493, 98
Trd, 4319736.943, 96
Trd, 4319737.443, 94
Trd, 4319737.543, 104
Trd, 4319740.543, 97
Trd, 4319740.593, 98
Trd, 4319744.193, 93
Trd, 4319744.243, 97
Trd, 4319745.993, 96
Trd, 4319746.793, 95
Trd, 4319750.693, 95
Trd, 4319750.743, 96
Trd, 4319751.743, 93
Trd, 4319753.643, 95
Trd, 4319754.443, 96
Trd, 4319757.793, 93
Trd, 4319758.943, 95
Trd, 4319759.743, 104
Trd, 4319760.793, 93
Trd, 4319760.893, 101
Trd, 4319763.043, 102
Trd, 4319763.893, 93
Trd, 4319764.393, 113
Trd, 4319765.843, 106
Trd, 4319766.343, 107
Trd, 4319767.993, 104
Trd, 4319768.143, 102
Trd, 4319768.543, 108
Trd, 4319772.093, 101
Trd, 4319772.443, 107
Trd, 4319773.643, 106
Trd, 4319775.493, 102
Trd, 4319776.343, 101
Trd, 4319777.093, 101
Trd, 4319777.193, 102
Trd, 4319778.643, 100
Trd, 4319778.793, 101
Trd, 4319779.443, 99
Trd, 4319784.543, 101
Trd, 4319785.443, 98
Trd, 4319786.143, 99
Trd, 4319787.343, 97
Trd, 4319787.993, 94
Trd, 4319789.843, 98
Trd, 4319790.893, 95
Trd, 4319791.293, 99
Trd, 4319792.293, 94
Trd, 4319794.093, 99
Trd, 4319795.393, 104
Trd, 4319796.593, 105
Trd, 4319797.993, 96
Trd, 4319800.143, 104
Trd, 4319800.343, 105
Trd, 4319800.643, 96
Trd, 4319801.793, 105
Trd, 4319804.543, 99
Trd, 4319805.043, 100
Trd, 4319806.643, 103
Trd, 4319806.793, 95
Trd, 4319808.593, 101
Trd, 4319810.543, 95
Trd, 4319811.893, 95
Trd, 4319811.993, 94
Trd, 4319813.243, 100
Trd, 4319814.043, 105
Trd, 4319817.243, 102
Trd, 4319819.093, 100
Trd, 4319819.143, 97
Trd, 4319819.793, 101
Trd, 4319820.993, 104
Trd, 4319823.693, 99
Trd, 4319823.843, 98
Trd, 4319824.943, 109
Trd, 4319826.293, 100
Trd, 4319827.343, 106
Trd, 4319827.443, 107
Trd, 4319831.393, 95
Trd, 4319831.793, 94
Trd, 4319832.343, 96
Trd, 4319832.443, 104
Trd, 4319833.593, 102
Trd, 4319834.043, 77
Trd, 4319835.293, 86
Trd, 4319835.593, 88
Trd, 4319836.793, 88
Trd, 4319838.193, 103
Trd, 4319838.993, 104
Trd, 4319839.793, 129
Trd, 4319840.293, 94
Trd, 4319841.093, 115
Trd, 4319842.743, 109
Trd, 4319844.593, 101
Trd, 4319844.693, 105
Trd, 4319845.193, 105
Trd, 4319848.943, 100
Trd, 4319850.593, 100
Trd, 4319850.993, 99
Trd, 4319851.093, 102
Trd, 4319852.843, 102
Trd, 4319856.143, 103
Trd, 4319856.393, 104
Trd, 4319858.093, 99
Trd, 4319860.443, 101
Trd, 4319860.993, 98
Trd, 4319862.143, 99
Trd, 4319863.243, 97
Trd, 4319865.393, 100
Trd, 4319866.743, 105
Trd, 4319867.593, 97
Trd, 4319868.943, 100
Trd, 4319872.443, 97
Trd, 4319872.643, 96
Trd, 4319873.893, 97
Trd, 4319874.493, 94
Trd, 4319875.843, 97
Trd, 4319877.393, 99
Trd, 4319878.443, 99
Trd, 4319879.243, 100
Trd, 4319881.143, 94
Trd, 4319882.643, 96
Trd, 4319885.593, 95
Trd, 4319885.893, 93
Trd, 4319886.243, 96
Trd, 4319886.743, 97
Trd, 4319891.493, 102
Trd, 4319891.693, 133
Trd, 4319893.593, 94
Trd, 4319893.943, 92
Trd, 4319895.043, 91
Trd, 4319897.843, 90
Trd, 4319898.093, 90
Trd, 4319898.393, 91
Trd, 4319899.443, 98
Trd, 4319901.843, 97
Trd, 4319904.243, 104
Trd, 4319904.443, 97
Trd, 4319905.093, 114
Trd, 4319909.593, 100
Trd, 4319910.443, 98
Trd, 4319911.793, 97
Trd, 4319912.643, 97
Trd, 4319913.293, 96
Trd, 4319914.793, 77
Trd, 4319914.843, 78
Trd, 4319916.893, 87
Trd, 4319917.143, 87
Trd, 4319917.643, 105
Trd, 4319917.793, 106
Trd, 4319917.993, 86
Trd, 4319920.643, 103
Trd, 4319921.443, 92
Trd, 4319923.093, 103
Trd, 4319924.693, 101
Trd, 4319925.943, 103
Trd, 4319926.093, 104
Trd, 4319926.993, 114
Trd, 4319929.243, 105
Trd, 4319929.843, 103
Trd, 4319931.443, 99
Trd, 4319933.243, 94
Trd, 4319933.643, 99
Trd, 4319933.993, 99
Trd, 4319937.043, 98
Trd, 4319937.893, 100
Trd, 4319938.793, 98
Trd, 4319939.143, 97
Trd, 4319939.793, 100
Trd, 4319939.893, 94
Trd, 4319940.093, 104
Trd, 4319942.693, 105
Trd, 4319943.143, 100
Trd, 4319945.243, 99
Trd, 4319946.543, 100
Trd, 4319946.893, 105
Trd, 4319948.243, 101
Trd, 4319949.193, 94
Trd, 4319950.193, 94
Trd, 4319950.793, 100
Trd, 4319952.193, 101
Trd, 4319955.293, 93
Trd, 4319955.443, 95
Trd, 4319956.193, 92
Trd, 4319956.943, 113
Trd, 4319959.593, 96
Trd, 4319961.143, 97
Trd, 4319962.043, 108
Trd, 4319965.543, 96
Trd, 4319966.693, 96
Trd, 4319966.743, 99
Trd, 4319966.793, 99
Trd, 4319967.243, 94
Trd, 4319968.743, 105
Trd, 4319969.043, 93
Trd, 4319970.243, 95
Trd, 4319972.093, 94
Trd, 4319973.343, 95
Trd, 4319973.743, 105
Trd, 4319973.843, 113
Trd, 4319975.093, 93
Trd, 4319975.593, 87
Trd, 4319976.743, 77
Trd, 4319976.893, 83
Trd, 4319979.293, 83
Trd, 4319979.943, 88
Trd, 4319982.593, 91
Trd, 4319983.843, 90
Trd, 4319983.893, 106
Trd, 4319984.243, 113
Trd, 4319984.593, 108
Trd, 4319988.743, 93
Trd, 4319990.093, 90
Trd, 4319990.443, 90
Trd, 4319990.643, 92
Trd, 4319991.543, 92
Trd, 4319993.143, 92
Trd, 4319993.593, 89
Trd, 4319997.393, 91
Trd, 4319997.643, 92
