Trd, 4317573.843, 97
Trd, 4317578.193, 97
Trd, 4317583.693, 97
Trd, 4317595.693, 97
Trd, 4317599.893, 97
Trd, 4317612.743, 97
Trd, 4317621.543, 96
Trd, 4317621.593, 97
Trd, 4317629.243, 97
Trd, 4317637.093, 97
Trd, 4317638.093, 97
Trd, 4317640.743, 97
Trd, 4317649.093, 97
Trd, 4317650.743, 97
Trd, 4317656.593, 97
Trd, 4317662.243, 95
Trd, 4317667.143, 97
Trd, 4317677.393, 97
Trd, 4317680.343, 97
Trd, 4317686.793, 97
Trd, 4317692.843, 97
Trd, 4317698.543, 97
Trd, 4317705.643, 97
Trd, 4317709.293, 97
Trd, 4317716.593, 97
Trd, 4317721.993, 97
Trd, 4317723.643, 110
Trd, 4317731.893, 97
Trd, 4317735.943, 97
Trd, 4317744.443, 97
Trd, 4317746.193, 97
Trd, 4317747.143, 96
Trd, 4317748.293, 99
Trd, 4317750.693, 113
Trd, 4317751.493, 104
Trd, 4317753.293, 105
Trd, 4317753.593, 103
Trd, 4317755.793, 102
Trd, 4317756.443, 109
Trd, 4317757.493, 107
Trd, 4317758.393, 101
Trd, 4317759.943, 100
Trd, 4317761.143, 98
Trd, 4317761.743, 97
Trd, 4317764.643, 98
Trd, 4317764.943, 108
Trd, 4317768.193, 124
Trd, 4317769.593, 102
Trd, 4317772.593, 104
Trd, 4317775.843, 105
Trd, 4317776.143, 104
Trd, 4317780.093, 103
Trd, 4317783.943, 103
Trd, 4317784.643, 104
Trd, 4317792.043, 102
Trd, 4317803.893, 103
Trd, 4317818.843, 103
Trd, 4317823.543, 103
Trd, 4317829.043, 103
Trd, 4317837.543, 103
Trd, 4317856.393, 102
Trd, 4317860.143, 103
Trd, 4317869.143, 103
Trd, 4317888.543, 103
Trd, 4317891.193, 106
Trd, 4317891.343, 105
Trd, 4317894.943, 104
Trd, 4317896.193, 104
Trd, 4317899.743, 104
Trd, 4317903.143, 104
Trd, 4317909.293, 104
Trd, 4317912.543, 103
Trd, 4317915.643, 104
Trd, 4317921.293, 104
Trd, 4317928.193, 103
Trd, 4317933.743, 104
Trd, 4317934.193, 102
Trd, 4317946.793, 102
Trd, 4317956.143, 104
Trd, 4317961.443, 104
Trd, 4317969.693, 104
Trd, 4317970.143, 101
Trd, 4317970.743, 101
Trd, 4317979.493, 104
Trd, 4317984.643, 100
Trd, 4317986.043, 104
Trd, 4317991.693, 104
Trd, 4318003.943, 104
Trd, 4318004.993, 104
Trd, 4318012.143, 104
Trd, 4318017.393, 104
Trd, 4318027.093, 103
Trd, 4318028.643, 103
Trd, 4318039.043, 103
Trd, 4318042.393, 103
Trd, 4318054.493, 103
Trd, 4318067.543, 103
Trd, 4318077.143, 103
Trd, 4318077.593, 102
Trd, 4318090.443, 103
Trd, 4318100.693, 103
Trd, 4318103.943, 101
Trd, 4318108.893, 103
Trd, 4318111.393, 103
Trd, 4318127.543, 103
Trd, 4318134.593, 100
Trd, 4318139.293, 101
Trd, 4318146.043, 100
Trd, 4318147.043, 101
Trd, 4318149.893, 101
Trd, 4318156.343, 101
Trd, 4318159.043, 98
Trd, 4318164.893, 101
Trd, 4318174.643, 97
Trd, 4318177.943, 100
Trd, 4318190.143, 99
Trd, 4318192.893, 96
Trd, 4318193.943, 99
Trd, 4318200.043, 99
Trd, 4318201.443, 96
Trd, 4318202.343, 95
Trd, 4318208.193, 99
Trd, 4318213.343, 99
Trd, 4318220.443, 98
Trd, 4318230.893, 97
Trd, 4318236.943, 96
Trd, 4318238.893, 95
Trd, 4318242.743, 95
Trd, 4318244.893, 95
Trd, 4318252.193, 93
Trd, 4318252.793, 95
Trd, 4318260.693, 95
Trd, 4318264.293, 95
Trd, 4318271.043, 95
Trd, 4318282.543, 95
Trd, 4318282.693, 95
Trd, 4318286.343, 94
Trd, 4318288.493, 95
Trd, 4318293.293, 95
Trd, 4318303.343, 95
Trd, 4318307.743, 95
Trd, 4318311.343, 95
Trd, 4318316.693, 95
Trd, 4318325.593, 93
Trd, 4318326.693, 95
Trd, 4318327.793, 95
Trd, 4318335.393, 95
Trd, 4318340.593, 95
Trd, 4318350.643, 95
Trd, 4318351.793, 95
Trd, 4318368.543, 95
Trd, 4318369.043, 92
Trd, 4318373.243, 95
Trd, 4318386.543, 95
Trd, 4318391.143, 95
Trd, 4318397.943, 95
Trd, 4318401.943, 95
Trd, 4318408.243, 95
Trd, 4318414.843, 95
Trd, 4318421.893, 95
Trd, 4318427.893, 100
Trd, 4318428.843, 99
Trd, 4318429.243, 98
Trd, 4318432.393, 103
Trd, 4318433.343, 102
Trd, 4318433.843, 101
Trd, 4318435.593, 113
Trd, 4318435.743, 100
Trd, 4318436.643, 104
Trd, 4318439.043, 98
Trd, 4318440.493, 98
Trd, 4318443.343, 107
Trd, 4318443.443, 105
Trd, 4318443.493, 103
Trd, 4318446.493, 105
Trd, 4318448.093, 104
Trd, 4318449.043, 109
Trd, 4318450.893, 109
Trd, 4318451.993, 108
Trd, 4318454.393, 114
Trd, 4318456.093, 107
Trd, 4318457.043, 110
Trd, 4318457.993, 108
Trd, 4318462.243, 108
Trd, 4318464.143, 107
Trd, 4318464.993, 110
Trd, 4318469.393, 108
Trd, 4318483.843, 108
Trd, 4318484.943, 105
Trd, 4318487.543, 106
Trd, 4318493.493, 108
Trd, 4318494.743, 107
Trd, 4318499.393, 108
Trd, 4318500.843, 108
Trd, 4318504.043, 108
Trd, 4318514.143, 106
Trd, 4318516.293, 107
Trd, 4318520.793, 107
Trd, 4318529.793, 105
Trd, 4318537.243, 103
Trd, 4318538.043, 107
Trd, 4318546.893, 107
Trd, 4318546.993, 104
Trd, 4318547.243, 104
Trd, 4318552.343, 107
Trd, 4318556.643, 104
Trd, 4318557.593, 107
Trd, 4318562.743, 107
Trd, 4318563.243, 103
Trd, 4318569.643, 102
Trd, 4318570.793, 107
Trd, 4318576.193, 107
Trd, 4318581.343, 107
Trd, 4318582.993, 102
Trd, 4318591.943, 107
Trd, 4318592.693, 107
Trd, 4318595.943, 104
Trd, 4318599.593, 104
Trd, 4318604.793, 106
Trd, 4318611.043, 106
Trd, 4318617.143, 106
Trd, 4318621.643, 103
Trd, 4318622.993, 106
Trd, 4318633.143, 106
Trd, 4318635.143, 106
Trd, 4318641.293, 106
Trd, 4318645.793, 105
Trd, 4318651.293, 104
Trd, 4318658.943, 102
Trd, 4318663.593, 104
Trd, 4318676.143, 104
Trd, 4318680.243, 103
Trd, 4318686.493, 104
Trd, 4318695.493, 104
Trd, 4318699.793, 104
Trd, 4318706.793, 103
Trd, 4318711.993, 104
Trd, 4318712.543, 104
Trd, 4318717.093, 104
Trd, 4318732.143, 104
Trd, 4318738.693, 104
Trd, 4318740.093, 103
Trd, 4318747.693, 104
Trd, 4318749.993, 104
Trd, 4318768.443, 102
Trd, 4318771.793, 104
Trd, 4318793.593, 104
Trd, 4318796.393, 104
Trd, 4318799.143, 104
Trd, 4318806.143, 103
Trd, 4318817.293, 103
Trd, 4318825.943, 103
Trd, 4318830.743, 103
Trd, 4318834.893, 103
Trd, 4318839.593, 101
Trd, 4318839.643, 103
Trd, 4318848.093, 103
Trd, 4318855.293, 100
Trd, 4318866.093, 103
Trd, 4318867.293, 103
Trd, 4318880.193, 103
Trd, 4318880.843, 99
Trd, 4318887.093, 103
Trd, 4318898.543, 100
Trd, 4318908.643, 103
Trd, 4318916.043, 103
Trd, 4318932.893, 102
Trd, 4318935.343, 102
Trd, 4318953.043, 102
Trd, 4318957.343, 102
Trd, 4318961.943, 102
Trd, 4318974.543, 102
Trd, 4318978.593, 102
Trd, 4318991.793, 102
Trd, 4318994.343, 102
Trd, 4318996.743, 101
Trd, 4318998.293, 101
Trd, 4318999.393, 113
Trd, 4319000.343, 100
Trd, 4319003.593, 102
Trd, 4319011.043, 101
Trd, 4319017.843, 101
Trd, 4319022.743, 101
Trd, 4319028.043, 100
Trd, 4319031.543, 98
Trd, 4319050.393, 101
Trd, 4319055.093, 101
Trd, 4319067.993, 101
Trd, 4319069.643, 98
Trd, 4319074.693, 100
Trd, 4319077.343, 100
Trd, 4319082.393, 100
Trd, 4319086.793, 100
Trd, 4319087.343, 97
Trd, 4319096.543, 100
Trd, 4319097.343, 100
Trd, 4319098.193, 100
Trd, 4319107.593, 100
Trd, 4319113.893, 100
Trd, 4319118.743, 99
Trd, 4319119.143, 100
Trd, 4319123.143, 100
Trd, 4319134.493, 100
Trd, 4319138.093, 100
Trd, 4319142.893, 100
Trd, 4319154.993, 100
Trd, 4319163.693, 100
Trd, 4319169.843, 98
Trd, 4319172.293, 97
Trd, 4319173.843, 100
Trd, 4319180.343, 100
Trd, 4319180.893, 100
Trd, 4319182.393, 108
Trd, 4319184.093, 109
Trd, 4319186.893, 107
Trd, 4319187.143, 103
Trd, 4319188.293, 105
Trd, 4319192.443, 105
Trd, 4319192.793, 105
Trd, 4319194.043, 102
Trd, 4319197.093, 104
Trd, 4319197.293, 104
Trd, 4319199.793, 105
Trd, 4319200.943, 107
Trd, 4319201.443, 107
Trd, 4319204.043, 106
Trd, 4319204.093, 105
Trd, 4319205.493, 105
Trd, 4319205.743, 113
Trd, 4319209.443, 106
Trd, 4319213.243, 107
Trd, 4319219.993, 107
Trd, 4319238.293, 107
Trd, 4319238.493, 107
Trd, 4319241.743, 107
Trd, 4319246.443, 105
Trd, 4319247.343, 105
Trd, 4319256.543, 107
Trd, 4319286.643, 107
Trd, 4319293.293, 107
Trd, 4319297.943, 107
Trd, 4319316.643, 107
Trd, 4319316.843, 105
Trd, 4319333.243, 107
Trd, 4319339.693, 107
Trd, 4319341.743, 107
Trd, 4319344.543, 107
Trd, 4319359.343, 107
Trd, 4319359.743, 104
Trd, 4319367.993, 103
Trd, 4319368.593, 107
Trd, 4319372.843, 102
Trd, 4319373.393, 107
Trd, 4319377.943, 107
Trd, 4319384.893, 107
Trd, 4319386.593, 107
Trd, 4319395.243, 107
Trd, 4319396.043, 104
Trd, 4319406.193, 107
Trd, 4319415.093, 107
Trd, 4319424.993, 107
Trd, 4319438.493, 105
Trd, 4319439.043, 103
Trd, 4319443.543, 107
Trd, 4319459.793, 107
Trd, 4319460.693, 108
Trd, 4319475.443, 107
Trd, 4319478.043, 104
Trd, 4319483.743, 106
Trd, 4319487.543, 106
Trd, 4319496.093, 106
Trd, 4319497.143, 103
Trd, 4319499.243, 106
Trd, 4319508.243, 102
Trd, 4319508.293, 102
Trd, 4319520.443, 106
Trd, 4319524.793, 106
Trd, 4319529.743, 106
Trd, 4319535.493, 106
Trd, 4319541.443, 101
Trd, 4319541.593, 105
Trd, 4319547.993, 104
Trd, 4319553.943, 103
Trd, 4319561.243, 102
Trd, 4319566.893, 103
Trd, 4319569.443, 101
Trd, 4319573.693, 103
Trd, 4319582.093, 103
Trd, 4319587.243, 103
Trd, 4319588.893, 100
Trd, 4319591.293, 99
Trd, 4319593.343, 103
Trd, 4319599.143, 103
Trd, 4319609.693, 103
Trd, 4319615.393, 103
Trd, 4319619.443, 98
Trd, 4319622.943, 103
Trd, 4319623.743, 103
Trd, 4319639.593, 103
Trd, 4319648.043, 102
Trd, 4319656.793, 100
Trd, 4319657.643, 101
Trd, 4319664.693, 101
Trd, 4319671.743, 101
Trd, 4319676.293, 99
Trd, 4319678.593, 101
Trd, 4319681.493, 101
Trd, 4319685.043, 98
Trd, 4319691.393, 101
Trd, 4319694.493, 98
Trd, 4319695.043, 101
Trd, 4319698.193, 101
Trd, 4319702.443, 97
Trd, 4319706.543, 101
Trd, 4319722.593, 101
Trd, 4319738.793, 101
Trd, 4319743.293, 101
Trd, 4319750.043, 101
Trd, 4319752.993, 101
Trd, 4319755.393, 97
Trd, 4319758.243, 101
Trd, 4319770.393, 101
Trd, 4319778.493, 101
Trd, 4319784.543, 101
Trd, 4319785.893, 101
Trd, 4319792.793, 100
Trd, 4319808.193, 99
Trd, 4319815.893, 99
Trd, 4319822.443, 99
Trd, 4319823.743, 98
Trd, 4319824.743, 96
Trd, 4319827.043, 99
Trd, 4319828.593, 99
Trd, 4319836.643, 99
Trd, 4319848.193, 98
Trd, 4319851.843, 97
Trd, 4319853.043, 96
Trd, 4319858.943, 96
Trd, 4319864.093, 95
Trd, 4319864.393, 94
Trd, 4319864.693, 95
Trd, 4319866.993, 94
Trd, 4319869.193, 92
Trd, 4319870.143, 92
Trd, 4319870.293, 82
Trd, 4319870.343, 92
Trd, 4319873.293, 92
Trd, 4319874.743, 92
Trd, 4319883.143, 92
Trd, 4319886.093, 92
Trd, 4319886.193, 92
Trd, 4319894.393, 92
Trd, 4319903.043, 92
Trd, 4319907.343, 92
Trd, 4319911.993, 92
Trd, 4319920.543, 90
Trd, 4319930.243, 92
Trd, 4319939.893, 92
Trd, 4319948.843, 92
Trd, 4319961.343, 92
Trd, 4319962.843, 92
Trd, 4319974.043, 92
Trd, 4319981.243, 92
Trd, 4319988.643, 92
Trd, 4319997.493, 92
