Trd, 4317850.343, 98
Trd, 4317852.243, 101
Trd, 4317853.793, 104
Trd, 4317857.593, 101
Trd, 4317858.393, 102
Trd, 4317860.143, 102
Trd, 4317860.693, 98
Trd, 4317862.693, 94
Trd, 4317863.693, 101
Trd, 4317865.143, 99
Trd, 4317865.593, 95
Trd, 4317871.393, 101
Trd, 4317871.443, 97
Trd, 4317871.543, 102
Trd, 4317872.443, 113
Trd, 4317872.543, 111
Trd, 4317873.743, 109
Trd, 4317876.293, 114
Trd, 4317877.693, 108
Trd, 4317879.243, 109
Trd, 4317882.343, 108
Trd, 4317882.643, 107
Trd, 4317885.393, 104
Trd, 4317888.243, 105
Trd, 4317889.993, 104
Trd, 4317892.143, 104
Trd, 4317892.793, 109
Trd, 4317894.193, 102
Trd, 4317896.293, 102
Trd, 4317897.593, 103
Trd, 4317897.743, 94
Trd, 4317898.393, 104
Trd, 4317899.393, 99
Trd, 4317900.143, 104
Trd, 4317902.193, 104
Trd, 4317902.593, 104
Trd, 4317903.043, 102
Trd, 4317904.343, 101
Trd, 4317905.343, 104
Trd, 4317907.843, 84
Trd, 4317907.993, 93
Trd, 4317910.543, 96
Trd, 4317910.743, 103
Trd, 4317911.443, 95
Trd, 4317911.943, 91
Trd, 4317914.993, 97
Trd, 4317916.793, 92
Trd, 4317917.043, 96
Trd, 4317917.593, 105
Trd, 4317919.343, 101
Trd, 4317919.443, 97
Trd, 4317922.043, 100
Trd, 4317924.843, 98
Trd, 4317925.743, 101
Trd, 4317926.543, 98
Trd, 4317928.793, 106
Trd, 4317929.893, 98
Trd, 4317930.343, 109
Trd, 4317932.243, 105
Trd, 4317932.343, 94
Trd, 4317933.393, 83
Trd, 4317934.693, 99
Trd, 4317936.143, 98
Trd, 4317937.393, 99
Trd, 4317939.643, 100
Trd, 4317940.743, 105
Trd, 4317942.443, 98
Trd, 4317944.343, 102
Trd, 4317949.493, 103
Trd, 4317949.543, 103
Trd, 4317950.243, 99
Trd, 4317951.593, 98
Trd, 4317953.193, 98
Trd, 4317954.993, 104
Trd, 4317956.293, 102
Trd, 4317956.643, 100
Trd, 4317956.693, 94
Trd, 4317956.843, 101
Trd, 4317959.443, 97
Trd, 4317961.493, 79
Trd, 4317962.593, 85
Trd, 4317963.543, 87
Trd, 4317963.593, 104
Trd, 4317963.993, 98
Trd, 4317964.193, 109
Trd, 4317965.443, 91
Trd, 4317966.543, 97
Trd, 4317968.193, 98
Trd, 4317968.493, 99
Trd, 4317971.593, 100
Trd, 4317973.393, 100
Trd, 4317974.943, 100
Trd, 4317976.443, 98
Trd, 4317976.993, 113
Trd, 4317977.193, 85
Trd, 4317977.943, 80
Trd, 4317979.943, 115
Trd, 4317981.943, 107
Trd, 4317982.393, 110
Trd, 4317983.743, 109
Trd, 4317984.943, 108
Trd, 4317987.643, 102
Trd, 4317988.843, 93
Trd, 4317989.393, 104
Trd, 4317991.743, 108
Trd, 4317993.443, 102
Trd, 4317996.843, 104
Trd, 4317997.043, 105
Trd, 4317998.793, 92
Trd, 4317999.393, 106
Trd, 4318000.493, 102
Trd, 4318001.193, 88
Trd, 4318002.143, 96
Trd, 4318004.293, 99
Trd, 4318005.043, 98
Trd, 4318007.943, 106
Trd, 4318008.193, 107
Trd, 4318009.893, 107
Trd, 4318010.493, 106
Trd, 4318012.493, 104
Trd, 4318012.543, 107
Trd, 4318013.343, 86
Trd, 4318018.543, 105
Trd, 4318019.343, 102
Trd, 4318019.793, 104
Trd, 4318022.093, 93
Trd, 4318024.493, 98
Trd, 4318025.343, 97
Trd, 4318025.743, 83
Trd, 4318027.243, 102
Trd, 4318027.493, 106
Trd, 4318027.893, 102
Trd, 4318030.493, 93
Trd, 4318031.493, 99
Trd, 4318033.893, 104
Trd, 4318034.643, 107
Trd, 4318034.843, 104
Trd, 4318035.493, 104
Trd, 4318035.743, 103
Trd, 4318036.643, 104
Trd, 4318037.193, 77
Trd, 4318040.743, 103
Trd, 4318040.943, 95
Trd, 4318041.693, 95
Trd, 4318042.143, 92
Trd, 4318045.393, 104
Trd, 4318045.893, 91
Trd, 4318047.193, 100
Trd, 4318049.993, 95
Trd, 4318052.043, 100
Trd, 4318054.593, 100
Trd, 4318055.693, 98
Trd, 4318056.693, 96
Trd, 4318057.243, 101
Trd, 4318059.043, 100
Trd, 4318059.943, 100
Trd, 4318060.693, 101
Trd, 4318062.243, 101
Trd, 4318062.693, 104
Trd, 4318065.493, 99
Trd, 4318065.743, 99
Trd, 4318067.593, 94
Trd, 4318069.293, 98
Trd, 4318070.193, 96
Trd, 4318070.543, 98
Trd, 4318071.443, 97
Trd, 4318076.643, 94
Trd, 4318076.943, 96
Trd, 4318078.243, 93
Trd, 4318078.693, 92
Trd, 4318079.193, 104
Trd, 4318082.493, 101
Trd, 4318082.743, 101
Trd, 4318083.793, 113
Trd, 4318085.143, 109
Trd, 4318085.593, 103
Trd, 4318086.243, 107
Trd, 4318089.193, 105
Trd, 4318089.343, 104
Trd, 4318091.893, 104
Trd, 4318091.943, 97
Trd, 4318093.793, 100
Trd, 4318096.743, 106
Trd, 4318097.943, 104
Trd, 4318100.143, 104
Trd, 4318101.093, 104
Trd, 4318101.343, 99
Trd, 4318102.093, 96
Trd, 4318105.143, 102
Trd, 4318105.793, 84
Trd, 4318107.243, 90
Trd, 4318107.643, 96
Trd, 4318108.343, 93
Trd, 4318110.093, 97
Trd, 4318110.143, 104
Trd, 4318111.043, 95
Trd, 4318112.193, 98
Trd, 4318113.593, 98
Trd, 4318115.143, 97
Trd, 4318116.093, 96
Trd, 4318116.443, 95
Trd, 4318117.943, 97
Trd, 4318119.493, 104
Trd, 4318121.693, 113
Trd, 4318123.143, 112
Trd, 4318123.643, 113
Trd, 4318124.043, 98
Trd, 4318124.443, 94
Trd, 4318127.143, 104
Trd, 4318128.693, 108
Trd, 4318131.893, 108
Trd, 4318134.143, 106
Trd, 4318135.443, 108
Trd, 4318136.043, 105
Trd, 4318137.593, 107
Trd, 4318138.393, 103
Trd, 4318140.693, 103
Trd, 4318141.043, 102
Trd, 4318141.243, 93
Trd, 4318141.993, 78
Trd, 4318144.243, 96
Trd, 4318146.193, 100
Trd, 4318148.043, 93
Trd, 4318149.243, 98
Trd, 4318150.393, 98
Trd, 4318150.693, 104
Trd, 4318151.193, 94
Trd, 4318152.593, 94
Trd, 4318155.643, 99
Trd, 4318155.893, 99
Trd, 4318157.443, 104
Trd, 4318158.443, 105
Trd, 4318160.293, 98
Trd, 4318163.593, 103
Trd, 4318164.393, 103
Trd, 4318164.443, 98
Trd, 4318166.943, 102
Trd, 4318167.943, 102
Trd, 4318168.193, 103
Trd, 4318169.043, 105
Trd, 4318170.443, 101
Trd, 4318172.343, 104
Trd, 4318173.043, 104
Trd, 4318173.693, 100
Trd, 4318174.343, 101
Trd, 4318175.543, 104
Trd, 4318178.393, 104
Trd, 4318179.193, 103
Trd, 4318180.193, 101
Trd, 4318181.443, 101
Trd, 4318185.743, 104
Trd, 4318186.643, 85
Trd, 4318186.843, 105
Trd, 4318187.693, 101
Trd, 4318188.643, 100
Trd, 4318191.393, 103
Trd, 4318193.693, 99
Trd, 4318195.093, 99
Trd, 4318195.643, 102
Trd, 4318198.393, 103
Trd, 4318199.143, 98
Trd, 4318200.343, 98
Trd, 4318204.743, 103
Trd, 4318205.343, 94
Trd, 4318205.493, 101
Trd, 4318207.793, 102
Trd, 4318209.543, 101
Trd, 4318209.993, 104
Trd, 4318210.193, 104
Trd, 4318210.593, 102
Trd, 4318210.643, 99
Trd, 4318212.343, 110
Trd, 4318214.143, 108
Trd, 4318215.243, 109
Trd, 4318216.343, 111
Trd, 4318217.343, 93
Trd, 4318223.093, 107
Trd, 4318223.493, 98
Trd, 4318226.293, 109
Trd, 4318228.493, 104
Trd, 4318233.593, 104
Trd, 4318235.643, 109
Trd, 4318236.943, 104
Trd, 4318239.143, 109
Trd, 4318242.043, 103
Trd, 4318242.843, 103
Trd, 4318248.343, 106
Trd, 4318249.693, 104
Trd, 4318250.043, 103
Trd, 4318252.693, 97
Trd, 4318253.093, 105
Trd, 4318255.093, 98
Trd, 4318256.143, 104
Trd, 4318257.943, 105
Trd, 4318258.293, 105
Trd, 4318258.643, 101
Trd, 4318259.943, 106
Trd, 4318261.243, 99
Trd, 4318264.793, 102
Trd, 4318265.143, 93
Trd, 4318265.193, 104
Trd, 4318265.293, 103
Trd, 4318265.643, 103
Trd, 4318267.143, 103
Trd, 4318269.893, 103
Trd, 4318270.193, 101
Trd, 4318272.643, 105
Trd, 4318272.843, 101
Trd, 4318274.343, 99
Trd, 4318274.943, 99
Trd, 4318277.643, 102
Trd, 4318279.443, 102
Trd, 4318280.243, 102
Trd, 4318282.143, 113
Trd, 4318283.343, 100
Trd, 4318285.193, 99
Trd, 4318286.143, 105
Trd, 4318286.493, 106
Trd, 4318288.693, 101
Trd, 4318290.493, 105
Trd, 4318293.143, 101
Trd, 4318294.743, 105
Trd, 4318297.593, 102
Trd, 4318297.843, 105
Trd, 4318298.143, 105
Trd, 4318299.843, 105
Trd, 4318300.493, 113
Trd, 4318304.043, 108
Trd, 4318305.493, 105
Trd, 4318307.193, 105
Trd, 4318309.443, 100
Trd, 4318311.093, 92
Trd, 4318311.243, 105
Trd, 4318314.243, 101
Trd, 4318315.393, 100
Trd, 4318315.443, 98
Trd, 4318316.193, 99
Trd, 4318318.543, 98
Trd, 4318319.293, 99
Trd, 4318320.193, 97
Trd, 4318322.093, 95
Trd, 4318323.393, 95
Trd, 4318324.143, 100
Trd, 4318324.493, 101
Trd, 4318324.643, 84
Trd, 4318325.593, 93
Trd, 4318325.743, 104
Trd, 4318328.593, 110
Trd, 4318329.193, 106
Trd, 4318330.343, 107
Trd, 4318331.293, 108
Trd, 4318332.993, 109
Trd, 4318335.743, 109
Trd, 4318336.993, 108
Trd, 4318337.143, 96
Trd, 4318338.843, 100
Trd, 4318341.343, 104
Trd, 4318341.393, 102
Trd, 4318343.243, 101
Trd, 4318343.543, 100
Trd, 4318347.393, 99
Trd, 4318348.043, 98
Trd, 4318348.193, 97
Trd, 4318348.643, 96
Trd, 4318349.543, 101
Trd, 4318351.893, 101
Trd, 4318353.943, 101
Trd, 4318355.643, 100
Trd, 4318359.143, 104
Trd, 4318359.243, 105
Trd, 4318361.593, 103
Trd, 4318363.093, 82
Trd, 4318364.693, 103
Trd, 4318365.893, 113
Trd, 4318366.093, 103
Trd, 4318367.243, 106
Trd, 4318367.593, 107
Trd, 4318370.043, 105
Trd, 4318370.093, 105
Trd, 4318373.143, 105
Trd, 4318373.243, 104
Trd, 4318373.643, 99
Trd, 4318375.493, 105
Trd, 4318377.743, 102
Trd, 4318378.243, 105
Trd, 4318378.293, 100
Trd, 4318378.793, 92
Trd, 4318381.893, 105
Trd, 4318383.043, 102
Trd, 4318384.143, 106
Trd, 4318385.243, 101
Trd, 4318387.043, 100
Trd, 4318389.993, 103
Trd, 4318390.893, 98
Trd, 4318392.243, 103
Trd, 4318392.843, 103
Trd, 4318393.043, 96
Trd, 4318395.093, 103
Trd, 4318397.193, 102
Trd, 4318397.343, 95
Trd, 4318397.543, 95
Trd, 4318397.843, 94
Trd, 4318398.293, 102
Trd, 4318403.543, 95
Trd, 4318403.893, 94
Trd, 4318405.843, 94
Trd, 4318407.193, 93
Trd, 4318408.243, 93
Trd, 4318411.743, 94
Trd, 4318411.793, 92
Trd, 4318412.943, 92
Trd, 4318413.043, 95
Trd, 4318414.443, 91
Trd, 4318414.693, 96
Trd, 4318416.343, 105
Trd, 4318417.193, 100
Trd, 4318418.443, 98
Trd, 4318418.993, 99
Trd, 4318419.193, 92
Trd, 4318420.443, 103
Trd, 4318421.593, 100
Trd, 4318424.643, 105
Trd, 4318425.843, 102
Trd, 4318426.193, 101
Trd, 4318426.743, 100
Trd, 4318429.643, 102
Trd, 4318429.793, 91
Trd, 4318433.243, 102
Trd, 4318436.543, 102
Trd, 4318438.943, 100
Trd, 4318438.993, 102
Trd, 4318439.793, 99
Trd, 4318443.293, 101
Trd, 4318443.343, 99
Trd, 4318445.743, 101
Trd, 4318445.893, 101
Trd, 4318448.543, 104
Trd, 4318450.093, 98
Trd, 4318450.943, 103
Trd, 4318451.093, 103
Trd, 4318451.343, 99
Trd, 4318451.743, 104
Trd, 4318452.343, 94
Trd, 4318457.293, 103
Trd, 4318457.743, 98
Trd, 4318458.243, 104
Trd, 4318461.143, 103
Trd, 4318461.843, 98
Trd, 4318467.043, 101
Trd, 4318467.543, 100
Trd, 4318470.543, 103
Trd, 4318471.043, 99
Trd, 4318473.343, 100
Trd, 4318474.943, 103
Trd, 4318475.743, 100
Trd, 4318476.443, 94
Trd, 4318480.293, 102
Trd, 4318480.793, 100
Trd, 4318482.193, 99
Trd, 4318484.193, 99
Trd, 4318484.393, 97
Trd, 4318484.993, 96
Trd, 4318488.393, 100
Trd, 4318490.243, 95
Trd, 4318492.243, 99
Trd, 4318492.943, 104
Trd, 4318493.143, 101
Trd, 4318493.943, 94
Trd, 4318495.693, 104
Trd, 4318498.193, 97
Trd, 4318498.393, 105
Trd, 4318498.743, 96
Trd, 4318502.443, 103
Trd, 4318505.743, 100
Trd, 4318509.143, 100
Trd, 4318509.993, 103
Trd, 4318510.693, 101
Trd, 4318511.443, 104
Trd, 4318512.543, 94
Trd, 4318513.943, 84
Trd, 4318515.593, 94
Trd, 4318518.193, 97
Trd, 4318518.593, 92
Trd, 4318518.743, 100
Trd, 4318518.993, 104
Trd, 4318523.493, 93
Trd, 4318526.793, 100
Trd, 4318527.693, 92
Trd, 4318528.143, 96
Trd, 4318529.443, 104
Trd, 4318530.393, 94
Trd, 4318531.643, 102
Trd, 4318533.843, 92
Trd, 4318534.793, 100
Trd, 4318535.093, 96
Trd, 4318535.893, 97
Trd, 4318537.943, 101
Trd, 4318539.343, 101
Trd, 4318540.043, 105
Trd, 4318542.893, 103
Trd, 4318544.143, 101
Trd, 4318546.243, 100
Trd, 4318547.543, 99
Trd, 4318549.343, 103
Trd, 4318550.443, 102
Trd, 4318551.593, 103
Trd, 4318552.093, 103
Trd, 4318554.043, 103
Trd, 4318555.443, 101
Trd, 4318556.043, 100
Trd, 4318556.393, 104
Trd, 4318558.893, 104
Trd, 4318559.443, 99
Trd, 4318562.243, 104
Trd, 4318563.743, 104
Trd, 4318564.343, 113
Trd, 4318564.943, 103
Trd, 4318569.343, 106
Trd, 4318571.443, 103
Trd, 4318571.493, 94
Trd, 4318572.843, 105
Trd, 4318574.293, 101
Trd, 4318575.693, 100
Trd, 4318576.643, 99
Trd, 4318576.993, 86
Trd, 4318577.443, 90
Trd, 4318579.393, 98
Trd, 4318579.943, 100
Trd, 4318580.943, 104
Trd, 4318582.993, 92
Trd, 4318586.743, 101
Trd, 4318587.393, 102
Trd, 4318587.993, 104
Trd, 4318588.143, 100
Trd, 4318591.643, 98
Trd, 4318592.493, 99
Trd, 4318593.593, 97
Trd, 4318594.343, 101
Trd, 4318594.593, 94
Trd, 4318595.793, 101
Trd, 4318596.393, 96
Trd, 4318596.743, 96
Trd, 4318600.093, 110
Trd, 4318601.293, 103
Trd, 4318602.293, 104
Trd, 4318602.643, 102
Trd, 4318604.293, 94
Trd, 4318605.193, 105
Trd, 4318605.543, 84
Trd, 4318606.293, 100
Trd, 4318607.643, 99
Trd, 4318608.193, 94
Trd, 4318608.343, 105
Trd, 4318609.943, 104
Trd, 4318612.743, 92
Trd, 4318614.843, 100
Trd, 4318615.193, 98
Trd, 4318617.843, 93
Trd, 4318618.893, 95
Trd, 4318619.043, 101
Trd, 4318623.243, 99
Trd, 4318623.343, 94
Trd, 4318624.443, 93
Trd, 4318625.143, 98
Trd, 4318626.593, 94
Trd, 4318627.143, 98
Trd, 4318627.893, 93
Trd, 4318629.243, 92
Trd, 4318630.793, 99
Trd, 4318631.843, 103
Trd, 4318632.993, 103
Trd, 4318636.293, 105
Trd, 4318637.243, 103
Trd, 4318638.343, 104
Trd, 4318638.993, 103
Trd, 4318641.143, 94
Trd, 4318641.743, 83
Trd, 4318644.443, 104
Trd, 4318645.943, 103
Trd, 4318649.093, 104
Trd, 4318651.893, 102
Trd, 4318652.493, 102
Trd, 4318654.543, 104
Trd, 4318655.093, 102
Trd, 4318657.443, 105
Trd, 4318659.793, 105
Trd, 4318660.443, 102
Trd, 4318664.343, 102
Trd, 4318667.693, 102
Trd, 4318669.693, 103
Trd, 4318670.543, 103
Trd, 4318671.793, 101
Trd, 4318673.543, 103
Trd, 4318674.493, 100
Trd, 4318674.693, 99
Trd, 4318677.443, 100
Trd, 4318678.093, 104
Trd, 4318679.693, 99
Trd, 4318681.593, 104
Trd, 4318683.893, 104
Trd, 4318683.943, 98
Trd, 4318685.693, 104
Trd, 4318689.393, 97
Trd, 4318689.493, 97
Trd, 4318690.893, 103
Trd, 4318692.693, 97
Trd, 4318693.643, 96
Trd, 4318698.643, 98
Trd, 4318699.943, 98
Trd, 4318705.543, 96
Trd, 4318706.743, 100
Trd, 4318708.093, 99
Trd, 4318710.343, 103
Trd, 4318710.793, 97
Trd, 4318712.243, 101
Trd, 4318712.293, 97
Trd, 4318713.393, 94
Trd, 4318714.993, 101
Trd, 4318718.093, 112
Trd, 4318719.593, 108
Trd, 4318721.593, 106
Trd, 4318722.393, 107
Trd, 4318722.493, 94
Trd, 4318723.443, 107
Trd, 4318726.193, 102
Trd, 4318726.943, 103
Trd, 4318727.043, 100
Trd, 4318728.193, 103
Trd, 4318728.343, 101
Trd, 4318731.893, 104
Trd, 4318732.993, 106
Trd, 4318733.893, 103
Trd, 4318735.793, 104
Trd, 4318736.293, 102
Trd, 4318738.593, 103
Trd, 4318738.743, 102
Trd, 4318740.343, 92
Trd, 4318742.393, 98
Trd, 4318742.443, 98
Trd, 4318744.143, 98
Trd, 4318745.093, 98
Trd, 4318745.793, 97
Trd, 4318750.143, 98
Trd, 4318750.693, 99
Trd, 4318751.193, 96
Trd, 4318754.243, 96
Trd, 4318755.343, 84
Trd, 4318757.393, 96
Trd, 4318757.643, 99
Trd, 4318757.793, 103
Trd, 4318760.893, 107
Trd, 4318761.343, 102
Trd, 4318763.593, 104
Trd, 4318764.693, 104
Trd, 4318765.743, 94
Trd, 4318767.143, 105
Trd, 4318768.293, 105
Trd, 4318768.943, 102
Trd, 4318768.993, 81
Trd, 4318772.093, 102
Trd, 4318773.243, 99
Trd, 4318773.793, 105
Trd, 4318776.943, 103
Trd, 4318777.493, 101
Trd, 4318779.943, 103
Trd, 4318781.143, 98
Trd, 4318783.193, 104
Trd, 4318784.443, 100
Trd, 4318785.293, 104
Trd, 4318785.843, 99
Trd, 4318786.343, 105
Trd, 4318789.593, 111
Trd, 4318791.043, 107
Trd, 4318791.243, 107
Trd, 4318791.893, 106
Trd, 4318793.543, 105
Trd, 4318794.843, 107
Trd, 4318796.743, 102
Trd, 4318798.393, 105
Trd, 4318801.943, 104
Trd, 4318802.643, 94
Trd, 4318803.143, 96
Trd, 4318804.843, 79
Trd, 4318805.093, 87
Trd, 4318806.043, 99
Trd, 4318806.493, 110
Trd, 4318810.243, 104
Trd, 4318810.593, 102
Trd, 4318811.043, 102
Trd, 4318811.643, 103
Trd, 4318813.993, 101
Trd, 4318814.693, 100
Trd, 4318814.743, 93
Trd, 4318815.243, 104
Trd, 4318816.643, 104
Trd, 4318822.093, 105
Trd, 4318823.243, 102
Trd, 4318823.493, 96
Trd, 4318823.893, 104
Trd, 4318824.393, 102
Trd, 4318827.043, 102
Trd, 4318827.343, 103
Trd, 4318828.193, 104
Trd, 4318829.693, 103
Trd, 4318831.093, 106
Trd, 4318833.043, 104
Trd, 4318835.443, 104
Trd, 4318837.743, 105
Trd, 4318838.193, 106
Trd, 4318838.693, 102
Trd, 4318843.343, 103
Trd, 4318847.943, 104
Trd, 4318848.693, 103
Trd, 4318853.193, 104
Trd, 4318853.693, 102
Trd, 4318854.993, 105
Trd, 4318856.243, 104
Trd, 4318857.393, 103
Trd, 4318858.943, 104
Trd, 4318860.143, 104
Trd, 4318861.443, 99
Trd, 4318863.893, 100
Trd, 4318866.293, 99
Trd, 4318866.343, 99
Trd, 4318866.993, 104
Trd, 4318870.043, 93
Trd, 4318873.143, 92
Trd, 4318875.143, 99
Trd, 4318876.093, 94
Trd, 4318876.593, 105
Trd, 4318878.293, 100
Trd, 4318879.093, 100
Trd, 4318880.293, 94
Trd, 4318880.943, 95
Trd, 4318881.193, 81
Trd, 4318884.043, 100
Trd, 4318885.143, 98
Trd, 4318885.343, 99
Trd, 4318886.893, 100
Trd, 4318887.893, 98
Trd, 4318888.893, 105
Trd, 4318889.943, 100
Trd, 4318890.743, 101
Trd, 4318891.543, 99
Trd, 4318893.993, 97
Trd, 4318894.643, 99
Trd, 4318896.493, 105
Trd, 4318898.143, 101
Trd, 4318898.293, 102
Trd, 4318899.093, 100
Trd, 4318899.143, 96
Trd, 4318902.093, 96
Trd, 4318904.793, 98
Trd, 4318906.193, 96
Trd, 4318907.193, 93
Trd, 4318907.293, 97
Trd, 4318907.843, 92
Trd, 4318909.093, 98
Trd, 4318910.343, 98
Trd, 4318912.943, 97
Trd, 4318916.443, 92
Trd, 4318916.543, 92
Trd, 4318919.093, 92
Trd, 4318919.543, 94
Trd, 4318922.043, 92
Trd, 4318922.193, 95
Trd, 4318922.993, 91
Trd, 4318924.793, 90
Trd, 4318925.393, 95
Trd, 4318925.593, 105
Trd, 4318928.143, 103
Trd, 4318930.643, 102
Trd, 4318931.843, 103
Trd, 4318933.243, 104
Trd, 4318933.443, 102
Trd, 4318934.893, 105
Trd, 4318937.043, 103
Trd, 4318937.493, 101
Trd, 4318937.643, 105
Trd, 4318942.193, 100
Trd, 4318945.193, 105
Trd, 4318946.443, 100
Trd, 4318947.443, 105
Trd, 4318948.793, 105
Trd, 4318949.643, 102
Trd, 4318949.843, 99
Trd, 4318951.993, 103
Trd, 4318954.043, 108
Trd, 4318954.593, 105
Trd, 4318955.493, 104
Trd, 4318956.343, 107
Trd, 4318958.393, 104
Trd, 4318961.043, 106
Trd, 4318961.093, 106
Trd, 4318961.293, 104
Trd, 4318964.393, 105
Trd, 4318965.643, 104
Trd, 4318967.493, 93
Trd, 4318967.743, 94
Trd, 4318968.293, 96
Trd, 4318970.493, 96
Trd, 4318972.993, 93
Trd, 4318974.543, 88
Trd, 4318976.493, 104
Trd, 4318976.743, 96
Trd, 4318977.793, 98
Trd, 4318978.543, 97
Trd, 4318979.143, 104
Trd, 4318984.043, 101
Trd, 4318984.243, 100
Trd, 4318985.993, 100
Trd, 4318989.493, 100
Trd, 4318990.643, 98
Trd, 4318991.643, 101
Trd, 4318992.043, 98
Trd, 4318992.893, 83
Trd, 4318994.243, 93
Trd, 4318995.443, 89
Trd, 4318996.343, 84
Trd, 4318996.693, 91
Trd, 4318998.543, 92
Trd, 4318998.893, 97
Trd, 4319002.043, 104
Trd, 4319004.143, 99
Trd, 4319004.443, 98
Trd, 4319005.393, 92
Trd, 4319007.893, 104
Trd, 4319009.493, 99
Trd, 4319010.943, 103
Trd, 4319011.543, 105
Trd, 4319012.543, 104
Trd, 4319012.943, 98
Trd, 4319015.793, 101
Trd, 4319017.043, 94
Trd, 4319018.843, 98
Trd, 4319023.043, 98
Trd, 4319023.243, 98
Trd, 4319025.593, 97
Trd, 4319025.993, 98
Trd, 4319026.943, 96
Trd, 4319030.143, 99
Trd, 4319030.943, 101
Trd, 4319032.843, 101
Trd, 4319033.293, 99
Trd, 4319034.843, 98
Trd, 4319035.943, 104
Trd, 4319037.993, 103
Trd, 4319039.593, 97
Trd, 4319041.693, 103
Trd, 4319041.793, 104
Trd, 4319041.843, 96
Trd, 4319043.243, 94
Trd, 4319049.093, 101
Trd, 4319050.793, 104
Trd, 4319052.893, 99
Trd, 4319053.393, 102
Trd, 4319055.243, 102
Trd, 4319055.693, 101
Trd, 4319057.093, 96
Trd, 4319058.343, 97
Trd, 4319059.443, 96
Trd, 4319060.193, 93
Trd, 4319061.243, 95
Trd, 4319063.893, 94
Trd, 4319065.043, 95
Trd, 4319066.043, 102
Trd, 4319066.243, 99
Trd, 4319066.793, 99
Trd, 4319069.593, 104
Trd, 4319070.543, 92
Trd, 4319070.793, 113
Trd, 4319072.693, 93
Trd, 4319073.593, 102
Trd, 4319074.693, 94
Trd, 4319077.493, 95
Trd, 4319077.793, 95
Trd, 4319080.343, 102
Trd, 4319080.993, 101
Trd, 4319082.793, 99
Trd, 4319084.443, 109
Trd, 4319085.493, 105
Trd, 4319085.793, 100
Trd, 4319086.693, 94
Trd, 4319088.443, 99
Trd, 4319089.243, 103
Trd, 4319089.743, 100
Trd, 4319093.643, 100
Trd, 4319095.743, 99
Trd, 4319097.393, 98
Trd, 4319097.693, 99
Trd, 4319098.093, 99
Trd, 4319099.243, 94
Trd, 4319100.793, 88
Trd, 4319100.843, 90
Trd, 4319102.693, 98
Trd, 4319103.393, 98
Trd, 4319105.543, 100
Trd, 4319106.893, 100
Trd, 4319107.493, 100
Trd, 4319107.743, 92
Trd, 4319108.393, 96
Trd, 4319112.493, 99
Trd, 4319112.843, 100
Trd, 4319115.393, 97
Trd, 4319117.243, 99
Trd, 4319117.793, 98
Trd, 4319118.193, 100
Trd, 4319119.843, 101
Trd, 4319121.343, 100
Trd, 4319122.593, 101
Trd, 4319122.793, 83
Trd, 4319123.043, 104
Trd, 4319123.893, 79
Trd, 4319124.593, 104
Trd, 4319126.493, 104
Trd, 4319127.343, 105
Trd, 4319127.643, 100
Trd, 4319128.243, 96
Trd, 4319131.943, 93
Trd, 4319132.843, 99
Trd, 4319134.443, 96
Trd, 4319134.743, 102
Trd, 4319135.193, 105
Trd, 4319135.793, 96
Trd, 4319136.243, 103
Trd, 4319137.693, 105
Trd, 4319137.843, 100
Trd, 4319140.043, 105
Trd, 4319141.443, 100
Trd, 4319144.143, 102
Trd, 4319144.443, 105
Trd, 4319145.093, 100
Trd, 4319146.493, 103
Trd, 4319147.643, 100
Trd, 4319147.693, 100
Trd, 4319148.743, 98
Trd, 4319151.743, 103
Trd, 4319152.893, 104
Trd, 4319154.593, 98
Trd, 4319156.143, 104
Trd, 4319158.343, 97
Trd, 4319160.493, 77
Trd, 4319161.193, 103
Trd, 4319161.393, 84
Trd, 4319162.243, 86
Trd, 4319162.343, 94
Trd, 4319166.993, 93
Trd, 4319169.093, 97
Trd, 4319169.693, 96
Trd, 4319171.443, 96
Trd, 4319171.843, 93
Trd, 4319173.543, 93
Trd, 4319174.793, 105
Trd, 4319175.093, 96
Trd, 4319175.143, 92
Trd, 4319176.443, 100
Trd, 4319178.593, 109
Trd, 4319179.593, 102
Trd, 4319183.243, 102
Trd, 4319183.743, 103
Trd, 4319185.343, 101
Trd, 4319185.943, 102
Trd, 4319186.043, 106
Trd, 4319187.543, 93
Trd, 4319190.243, 102
Trd, 4319191.593, 101
Trd, 4319191.743, 102
Trd, 4319192.593, 101
Trd, 4319196.743, 103
Trd, 4319197.693, 102
Trd, 4319199.593, 104
Trd, 4319200.843, 104
Trd, 4319202.543, 101
Trd, 4319202.593, 104
Trd, 4319203.843, 104
Trd, 4319205.143, 102
Trd, 4319205.593, 89
Trd, 4319206.243, 104
Trd, 4319207.093, 91
Trd, 4319209.593, 99
Trd, 4319209.943, 104
Trd, 4319210.593, 98
Trd, 4319212.693, 102
Trd, 4319214.293, 102
Trd, 4319214.843, 104
Trd, 4319215.293, 98
Trd, 4319216.943, 103
Trd, 4319218.293, 94
Trd, 4319219.693, 94
Trd, 4319222.093, 104
Trd, 4319223.093, 109
Trd, 4319223.393, 106
Trd, 4319224.093, 105
Trd, 4319224.993, 107
Trd, 4319225.143, 98
Trd, 4319226.543, 103
Trd, 4319226.993, 93
Trd, 4319229.743, 107
Trd, 4319230.943, 107
Trd, 4319232.893, 104
Trd, 4319233.243, 102
Trd, 4319234.543, 101
Trd, 4319237.793, 100
Trd, 4319238.293, 104
Trd, 4319238.943, 104
Trd, 4319239.393, 94
Trd, 4319242.393, 99
Trd, 4319243.693, 96
Trd, 4319243.993, 97
Trd, 4319246.343, 97
Trd, 4319247.593, 96
Trd, 4319249.393, 97
Trd, 4319249.443, 105
Trd, 4319249.893, 95
Trd, 4319250.393, 94
Trd, 4319254.693, 93
Trd, 4319255.793, 92
Trd, 4319256.093, 96
Trd, 4319256.593, 95
Trd, 4319258.043, 94
Trd, 4319261.993, 104
Trd, 4319262.093, 104
Trd, 4319264.043, 103
Trd, 4319264.443, 105
Trd, 4319266.243, 107
Trd, 4319267.043, 106
Trd, 4319267.643, 107
Trd, 4319268.743, 103
Trd, 4319268.943, 96
Trd, 4319269.493, 105
Trd, 4319270.943, 106
Trd, 4319274.393, 106
Trd, 4319274.593, 104
Trd, 4319276.493, 102
Trd, 4319278.393, 104
Trd, 4319279.343, 102
Trd, 4319281.143, 103
Trd, 4319281.693, 101
Trd, 4319282.543, 99
Trd, 4319283.693, 98
Trd, 4319283.993, 103
Trd, 4319285.893, 101
Trd, 4319288.743, 99
Trd, 4319289.393, 103
Trd, 4319290.043, 103
Trd, 4319292.093, 94
Trd, 4319293.593, 99
Trd, 4319297.743, 98
Trd, 4319299.543, 96
Trd, 4319299.643, 99
Trd, 4319299.993, 94
Trd, 4319300.593, 104
Trd, 4319302.043, 106
Trd, 4319303.143, 109
Trd, 4319304.843, 109
Trd, 4319306.943, 107
Trd, 4319307.493, 105
Trd, 4319310.143, 104
Trd, 4319310.293, 108
Trd, 4319311.643, 97
Trd, 4319313.793, 107
Trd, 4319315.143, 105
Trd, 4319321.493, 108
Trd, 4319322.293, 105
Trd, 4319323.343, 106
Trd, 4319323.643, 105
Trd, 4319325.743, 104
Trd, 4319327.293, 106
Trd, 4319328.293, 108
Trd, 4319328.693, 109
Trd, 4319329.743, 97
Trd, 4319331.593, 105
Trd, 4319332.393, 105
Trd, 4319333.343, 93
Trd, 4319333.993, 103
Trd, 4319336.893, 104
Trd, 4319339.943, 104
Trd, 4319340.243, 106
Trd, 4319340.593, 110
Trd, 4319342.393, 103
Trd, 4319342.593, 103
Trd, 4319344.593, 104
Trd, 4319345.843, 107
Trd, 4319347.443, 106
Trd, 4319350.243, 106
Trd, 4319351.093, 104
Trd, 4319353.543, 107
Trd, 4319353.643, 104
Trd, 4319356.743, 103
Trd, 4319359.393, 107
Trd, 4319359.643, 103
Trd, 4319360.443, 99
Trd, 4319360.643, 108
Trd, 4319363.443, 101
Trd, 4319364.093, 100
Trd, 4319364.893, 98
Trd, 4319366.193, 101
Trd, 4319366.393, 104
Trd, 4319368.843, 98
Trd, 4319369.993, 101
Trd, 4319371.993, 103
Trd, 4319373.643, 100
Trd, 4319374.093, 94
Trd, 4319376.493, 103
Trd, 4319377.693, 102
Trd, 4319379.693, 100
Trd, 4319380.443, 103
Trd, 4319383.143, 103
Trd, 4319383.693, 101
Trd, 4319384.193, 98
Trd, 4319386.543, 97
Trd, 4319387.993, 103
Trd, 4319388.543, 97
Trd, 4319390.493, 98
Trd, 4319390.993, 103
Trd, 4319391.793, 99
Trd, 4319394.743, 101
Trd, 4319395.543, 97
Trd, 4319397.793, 100
Trd, 4319401.243, 97
Trd, 4319402.393, 100
Trd, 4319402.643, 95
Trd, 4319404.393, 102
Trd, 4319404.793, 99
Trd, 4319406.793, 95
Trd, 4319408.943, 101
Trd, 4319409.043, 96
Trd, 4319409.593, 83
Trd, 4319411.293, 102
Trd, 4319411.393, 104
Trd, 4319413.643, 98
Trd, 4319414.943, 104
Trd, 4319416.743, 104
Trd, 4319417.693, 92
Trd, 4319418.543, 101
Trd, 4319421.593, 102
Trd, 4319421.793, 101
Trd, 4319425.343, 100
Trd, 4319426.643, 103
Trd, 4319427.143, 102
Trd, 4319429.143, 104
Trd, 4319429.243, 94
Trd, 4319429.843, 113
Trd, 4319430.793, 85
Trd, 4319432.793, 118
Trd, 4319433.993, 103
Trd, 4319434.643, 112
Trd, 4319438.393, 104
Trd, 4319438.443, 105
Trd, 4319438.843, 108
Trd, 4319439.443, 88
Trd, 4319441.393, 112
Trd, 4319443.143, 99
Trd, 4319443.343, 100
Trd, 4319443.593, 102
Trd, 4319444.843, 101
Trd, 4319445.393, 113
Trd, 4319446.993, 98
Trd, 4319447.743, 92
Trd, 4319449.143, 103
Trd, 4319450.593, 100
Trd, 4319451.443, 99
Trd, 4319453.543, 104
Trd, 4319454.393, 104
Trd, 4319454.593, 99
Trd, 4319455.593, 119
Trd, 4319455.693, 92
Trd, 4319457.943, 102
Trd, 4319461.793, 104
Trd, 4319463.143, 104
Trd, 4319463.743, 109
Trd, 4319465.393, 104
Trd, 4319466.143, 105
Trd, 4319468.143, 104
Trd, 4319468.193, 105
Trd, 4319468.993, 104
Trd, 4319469.493, 104
Trd, 4319471.293, 92
Trd, 4319472.993, 98
Trd, 4319473.643, 104
Trd, 4319474.643, 95
Trd, 4319475.243, 96
Trd, 4319479.543, 96
Trd, 4319480.443, 101
Trd, 4319480.543, 96
Trd, 4319483.243, 102
Trd, 4319484.293, 103
Trd, 4319484.593, 95
Trd, 4319485.293, 113
Trd, 4319486.143, 111
Trd, 4319486.443, 111
Trd, 4319489.393, 102
Trd, 4319490.493, 103
Trd, 4319491.793, 104
Trd, 4319494.443, 94
Trd, 4319495.243, 102
Trd, 4319495.943, 91
Trd, 4319496.543, 103
Trd, 4319499.243, 94
Trd, 4319499.543, 77
Trd, 4319500.293, 101
Trd, 4319502.893, 100
Trd, 4319505.493, 109
Trd, 4319505.993, 105
Trd, 4319509.543, 103
Trd, 4319510.393, 104
Trd, 4319511.043, 102
Trd, 4319511.293, 106
Trd, 4319514.243, 104
Trd, 4319515.643, 102
Trd, 4319518.343, 103
Trd, 4319518.743, 102
Trd, 4319519.493, 94
Trd, 4319520.793, 106
Trd, 4319522.793, 97
Trd, 4319523.493, 105
Trd, 4319523.943, 103
Trd, 4319524.643, 102
Trd, 4319526.243, 103
Trd, 4319527.643, 103
Trd, 4319529.343, 101
Trd, 4319529.943, 93
Trd, 4319530.243, 103
Trd, 4319533.393, 106
Trd, 4319534.143, 101
Trd, 4319534.593, 99
Trd, 4319538.843, 99
Trd, 4319540.393, 101
Trd, 4319540.943, 102
Trd, 4319541.043, 99
Trd, 4319541.493, 98
Trd, 4319544.293, 96
Trd, 4319544.593, 103
Trd, 4319547.243, 103
Trd, 4319550.043, 101
Trd, 4319550.493, 103
Trd, 4319552.943, 101
Trd, 4319554.043, 104
Trd, 4319554.743, 99
Trd, 4319556.443, 97
Trd, 4319557.693, 101
Trd, 4319559.593, 97
Trd, 4319559.743, 101
Trd, 4319560.793, 95
Trd, 4319562.393, 100
Trd, 4319564.843, 94
Trd, 4319566.443, 99
Trd, 4319568.093, 99
Trd, 4319568.393, 94
Trd, 4319568.993, 93
Trd, 4319570.243, 100
Trd, 4319571.043, 100
Trd, 4319572.243, 95
Trd, 4319572.293, 83
Trd, 4319573.093, 88
Trd, 4319574.543, 98
Trd, 4319576.693, 104
Trd, 4319577.493, 102
Trd, 4319578.443, 91
Trd, 4319582.143, 100
Trd, 4319583.543, 101
Trd, 4319583.793, 105
Trd, 4319585.443, 106
Trd, 4319587.143, 86
Trd, 4319588.193, 97
Trd, 4319589.443, 94
Trd, 4319590.193, 96
Trd, 4319592.943, 100
Trd, 4319593.343, 105
Trd, 4319594.043, 106
Trd, 4319597.243, 99
Trd, 4319597.943, 94
Trd, 4319598.093, 99
Trd, 4319598.693, 86
Trd, 4319601.943, 99
Trd, 4319603.293, 100
Trd, 4319603.343, 94
Trd, 4319605.643, 95
Trd, 4319608.143, 99
Trd, 4319610.043, 98
Trd, 4319610.143, 99
Trd, 4319613.643, 96
Trd, 4319614.443, 94
Trd, 4319614.543, 98
Trd, 4319615.743, 102
Trd, 4319617.893, 103
Trd, 4319618.093, 100
Trd, 4319618.893, 104
Trd, 4319621.243, 96
Trd, 4319623.043, 97
Trd, 4319625.993, 98
Trd, 4319626.143, 96
Trd, 4319626.993, 104
Trd, 4319628.393, 95
Trd, 4319630.193, 100
Trd, 4319630.443, 104
Trd, 4319630.793, 103
Trd, 4319631.743, 81
Trd, 4319633.493, 94
Trd, 4319634.393, 92
Trd, 4319634.593, 96
Trd, 4319635.343, 94
Trd, 4319636.193, 94
Trd, 4319637.293, 97
Trd, 4319638.043, 104
Trd, 4319641.943, 94
Trd, 4319643.243, 98
Trd, 4319643.393, 93
Trd, 4319643.543, 99
Trd, 4319646.543, 103
Trd, 4319647.493, 104
Trd, 4319650.293, 101
Trd, 4319650.543, 102
Trd, 4319650.743, 103
Trd, 4319651.843, 102
Trd, 4319652.093, 104
Trd, 4319654.893, 102
Trd, 4319656.543, 97
Trd, 4319656.993, 97
Trd, 4319657.043, 98
Trd, 4319660.193, 93
Trd, 4319660.943, 97
Trd, 4319661.143, 104
Trd, 4319661.943, 100
Trd, 4319663.593, 92
Trd, 4319664.843, 104
Trd, 4319665.043, 100
Trd, 4319666.593, 98
Trd, 4319667.743, 97
Trd, 4319668.943, 98
Trd, 4319671.243, 99
Trd, 4319673.893, 99
Trd, 4319674.593, 98
Trd, 4319675.893, 99
Trd, 4319678.643, 98
Trd, 4319679.143, 99
Trd, 4319680.693, 104
Trd, 4319681.893, 99
Trd, 4319682.793, 102
Trd, 4319684.593, 102
Trd, 4319684.743, 105
Trd, 4319688.143, 103
Trd, 4319688.993, 104
Trd, 4319690.643, 104
Trd, 4319692.693, 103
Trd, 4319692.743, 102
Trd, 4319693.443, 100
Trd, 4319694.543, 98
Trd, 4319696.693, 103
Trd, 4319698.293, 99
Trd, 4319699.193, 86
Trd, 4319702.743, 99
Trd, 4319704.693, 97
Trd, 4319705.343, 96
Trd, 4319706.293, 101
Trd, 4319707.993, 101
Trd, 4319711.543, 102
Trd, 4319711.843, 99
Trd, 4319712.193, 98
Trd, 4319715.143, 97
Trd, 4319715.943, 104
Trd, 4319716.143, 103
Trd, 4319717.243, 94
Trd, 4319718.843, 103
Trd, 4319720.743, 96
Trd, 4319722.693, 100
Trd, 4319723.343, 97
Trd, 4319724.743, 101
Trd, 4319725.193, 98
Trd, 4319726.893, 97
Trd, 4319729.243, 101
Trd, 4319729.393, 94
Trd, 4319730.743, 103
Trd, 4319732.343, 104
Trd, 4319733.243, 104
Trd, 4319734.493, 105
Trd, 4319735.043, 106
Trd, 4319737.543, 104
Trd, 4319738.743, 105
Trd, 4319742.543, 106
Trd, 4319743.993, 105
Trd, 4319744.393, 104
Trd, 4319744.643, 105
Trd, 4319746.993, 104
Trd, 4319748.793, 104
Trd, 4319751.893, 103
Trd, 4319755.843, 102
Trd, 4319756.843, 107
Trd, 4319756.943, 102
Trd, 4319758.893, 100
Trd, 4319760.493, 101
Trd, 4319760.893, 94
Trd, 4319761.643, 104
Trd, 4319762.743, 102
Trd, 4319765.043, 98
Trd, 4319768.843, 94
Trd, 4319769.793, 100
Trd, 4319770.443, 99
Trd, 4319771.443, 104
Trd, 4319776.443, 98
Trd, 4319776.493, 101
Trd, 4319776.693, 98
Trd, 4319777.493, 77
Trd, 4319778.293, 104
Trd, 4319779.993, 93
Trd, 4319781.143, 95
Trd, 4319781.543, 96
Trd, 4319783.543, 104
Trd, 4319786.743, 94
Trd, 4319788.193, 99
Trd, 4319789.843, 98
Trd, 4319790.193, 99
Trd, 4319791.493, 100
Trd, 4319793.293, 104
Trd, 4319796.093, 102
Trd, 4319796.693, 97
Trd, 4319799.443, 97
Trd, 4319799.693, 103
Trd, 4319800.643, 103
Trd, 4319801.193, 104
Trd, 4319802.043, 96
Trd, 4319803.593, 104
Trd, 4319804.493, 104
Trd, 4319805.593, 104
Trd, 4319806.493, 110
Trd, 4319806.743, 116
Trd, 4319807.143, 111
Trd, 4319812.193, 110
Trd, 4319812.743, 94
Trd, 4319813.143, 104
Trd, 4319815.593, 105
Trd, 4319815.893, 101
Trd, 4319816.693, 104
Trd, 4319817.093, 122
Trd, 4319817.143, 101
Trd, 4319820.443, 104
Trd, 4319821.443, 105
Trd, 4319822.443, 104
Trd, 4319825.093, 106
Trd, 4319825.843, 104
Trd, 4319825.993, 106
Trd, 4319829.193, 104
Trd, 4319829.943, 103
Trd, 4319832.293, 101
Trd, 4319835.593, 100
Trd, 4319835.943, 104
Trd, 4319839.843, 105
Trd, 4319841.393, 104
Trd, 4319841.593, 101
Trd, 4319842.243, 101
Trd, 4319843.193, 93
Trd, 4319844.743, 99
Trd, 4319847.693, 98
Trd, 4319848.193, 98
Trd, 4319848.943, 97
Trd, 4319849.193, 84
Trd, 4319849.643, 104
Trd, 4319850.943, 101
Trd, 4319852.743, 104
Trd, 4319854.693, 102
Trd, 4319855.593, 103
Trd, 4319856.093, 104
Trd, 4319856.493, 101
Trd, 4319860.493, 99
Trd, 4319860.693, 94
Trd, 4319862.193, 104
Trd, 4319867.843, 104
Trd, 4319868.243, 101
Trd, 4319872.343, 103
Trd, 4319872.793, 104
Trd, 4319873.393, 104
Trd, 4319874.393, 102
Trd, 4319880.393, 104
Trd, 4319881.843, 95
Trd, 4319882.843, 97
Trd, 4319884.243, 104
Trd, 4319885.293, 99
Trd, 4319886.593, 108
Trd, 4319887.143, 103
Trd, 4319887.643, 102
Trd, 4319889.293, 105
Trd, 4319890.793, 101
Trd, 4319891.493, 94
Trd, 4319892.443, 104
Trd, 4319894.243, 102
Trd, 4319894.493, 97
Trd, 4319895.943, 97
Trd, 4319896.493, 95
Trd, 4319898.443, 102
Trd, 4319902.493, 97
Trd, 4319903.243, 103
Trd, 4319903.543, 101
Trd, 4319904.243, 101
Trd, 4319904.943, 93
Trd, 4319905.843, 95
Trd, 4319906.643, 96
Trd, 4319907.493, 92
Trd, 4319909.093, 96
Trd, 4319910.193, 93
Trd, 4319913.343, 95
Trd, 4319913.393, 96
Trd, 4319913.843, 104
Trd, 4319916.043, 104
Trd, 4319917.793, 106
Trd, 4319918.343, 103
Trd, 4319918.893, 94
Trd, 4319920.043, 100
Trd, 4319921.693, 97
Trd, 4319922.943, 103
Trd, 4319927.143, 101
Trd, 4319927.443, 102
Trd, 4319927.943, 99
Trd, 4319929.293, 102
Trd, 4319930.893, 84
Trd, 4319931.243, 93
Trd, 4319931.843, 95
Trd, 4319934.893, 94
Trd, 4319935.743, 98
Trd, 4319937.593, 98
Trd, 4319938.893, 104
Trd, 4319940.043, 102
Trd, 4319940.643, 102
Trd, 4319941.293, 94
Trd, 4319942.843, 102
Trd, 4319943.543, 99
Trd, 4319943.643, 103
Trd, 4319944.093, 112
Trd, 4319946.493, 103
Trd, 4319947.393, 94
Trd, 4319954.193, 103
Trd, 4319954.543, 104
Trd, 4319955.743, 102
Trd, 4319955.793, 103
Trd, 4319956.993, 101
Trd, 4319957.493, 106
Trd, 4319961.043, 100
Trd, 4319965.093, 101
Trd, 4319965.293, 102
Trd, 4319965.893, 100
Trd, 4319965.943, 98
Trd, 4319967.543, 94
Trd, 4319969.643, 103
Trd, 4319970.243, 105
Trd, 4319970.993, 100
Trd, 4319971.043, 98
Trd, 4319974.143, 103
Trd, 4319974.943, 104
Trd, 4319975.393, 102
Trd, 4319975.643, 99
Trd, 4319976.893, 102
Trd, 4319978.993, 102
Trd, 4319980.343, 103
Trd, 4319981.543, 105
Trd, 4319982.443, 107
Trd, 4319983.543, 104
Trd, 4319984.693, 105
Trd, 4319984.793, 93
Trd, 4319986.543, 110
Trd, 4319987.493, 79
Trd, 4319988.943, 106
Trd, 4319990.243, 104
Trd, 4319991.843, 104
Trd, 4319993.243, 104
Trd, 4319996.743, 103
Trd, 4319997.243, 103
