Trd, 4317905.393, 110
Trd, 4317907.943, 113
Trd, 4317908.393, 86
Trd, 4317909.693, 113
Trd, 4317910.193, 101
Trd, 4317910.493, 100
Trd, 4317911.893, 102
Trd, 4317913.993, 101
Trd, 4317915.843, 101
Trd, 4317916.293, 86
Trd, 4317917.043, 93
Trd, 4317918.143, 91
Trd, 4317919.493, 95
Trd, 4317919.993, 96
Trd, 4317921.093, 95
Trd, 4317923.343, 96
Trd, 4317924.993, 94
Trd, 4317925.243, 92
Trd, 4317925.693, 96
Trd, 4317926.493, 91
Trd, 4317926.893, 87
Trd, 4317930.093, 94
Trd, 4317931.793, 93
Trd, 4317933.443, 93
Trd, 4317935.093, 92
Trd, 4317936.643, 96
Trd, 4317937.293, 95
Trd, 4317938.093, 96
Trd, 4317938.193, 98
Trd, 4317938.693, 94
Trd, 4317940.293, 94
Trd, 4317941.243, 113
Trd, 4317944.093, 93
Trd, 4317944.543, 86
Trd, 4317945.093, 94
Trd, 4317947.193, 94
Trd, 4317948.693, 94
Trd, 4317948.893, 93
Trd, 4317951.343, 95
Trd, 4317951.493, 100
Trd, 4317953.043, 95
Trd, 4317955.393, 113
Trd, 4317955.793, 112
Trd, 4317956.443, 104
Trd, 4317956.493, 102
Trd, 4317958.243, 104
Trd, 4317958.893, 102
Trd, 4317961.793, 102
Trd, 4317963.143, 102
Trd, 4317964.943, 104
Trd, 4317965.843, 101
Trd, 4317966.793, 93
Trd, 4317967.843, 97
Trd, 4317968.293, 104
Trd, 4317972.693, 89
Trd, 4317973.243, 93
Trd, 4317973.493, 93
Trd, 4317973.643, 103
Trd, 4317975.993, 97
Trd, 4317979.243, 97
Trd, 4317979.293, 100
Trd, 4317981.593, 98
Trd, 4317983.493, 100
Trd, 4317984.193, 96
Trd, 4317985.193, 79
Trd, 4317985.643, 89
Trd, 4317987.893, 93
Trd, 4317988.143, 95
Trd, 4317989.693, 96
Trd, 4317990.943, 100
Trd, 4317992.043, 100
Trd, 4317992.093, 100
Trd, 4317992.393, 95
Trd, 4317995.093, 97
Trd, 4317996.393, 95
Trd, 4317996.443, 80
Trd, 4317998.093, 101
Trd, 4317998.793, 101
Trd, 4318000.443, 94
Trd, 4318002.193, 94
Trd, 4318003.543, 94
Trd, 4318004.393, 97
Trd, 4318006.943, 93
Trd, 4318007.043, 86
Trd, 4318009.493, 89
Trd, 4318009.543, 89
Trd, 4318010.343, 90
Trd, 4318012.193, 90
Trd, 4318013.493, 90
Trd, 4318015.243, 97
Trd, 4318015.943, 91
Trd, 4318016.393, 91
Trd, 4318018.143, 95
Trd, 4318018.443, 95
Trd, 4318020.443, 96
Trd, 4318020.693, 97
Trd, 4318020.893, 95
Trd, 4318021.943, 81
Trd, 4318023.593, 91
Trd, 4318024.393, 91
Trd, 4318024.593, 91
Trd, 4318028.093, 96
Trd, 4318031.193, 93
Trd, 4318031.443, 95
Trd, 4318033.693, 95
Trd, 4318035.143, 95
Trd, 4318036.543, 95
Trd, 4318036.643, 95
Trd, 4318037.093, 88
Trd, 4318040.093, 95
Trd, 4318040.643, 92
Trd, 4318041.743, 91
Trd, 4318043.493, 96
Trd, 4318043.793, 95
Trd, 4318044.193, 91
Trd, 4318046.043, 97
Trd, 4318047.193, 94
Trd, 4318048.243, 98
Trd, 4318048.293, 104
Trd, 4318048.693, 95
Trd, 4318049.393, 94
Trd, 4318049.943, 86
Trd, 4318050.743, 89
Trd, 4318051.793, 87
Trd, 4318053.443, 95
Trd, 4318055.593, 95
Trd, 4318055.843, 94
Trd, 4318056.143, 98
Trd, 4318056.543, 93
Trd, 4318059.543, 95
Trd, 4318060.743, 96
Trd, 4318062.643, 96
Trd, 4318063.993, 91
Trd, 4318064.093, 98
Trd, 4318065.193, 94
Trd, 4318065.793, 99
Trd, 4318066.143, 93
Trd, 4318068.593, 93
Trd, 4318068.643, 92
Trd, 4318068.793, 86
Trd, 4318073.293, 92
Trd, 4318073.343, 94
Trd, 4318074.343, 93
Trd, 4318074.843, 93
Trd, 4318075.393, 95
Trd, 4318077.043, 104
Trd, 4318078.793, 100
Trd, 4318080.393, 93
Trd, 4318080.493, 86
Trd, 4318080.793, 87
Trd, 4318083.443, 93
Trd, 4318084.043, 87
Trd, 4318085.643, 96
Trd, 4318086.893, 94
Trd, 4318087.943, 101
Trd, 4318089.143, 103
Trd, 4318090.193, 102
Trd, 4318090.343, 101
Trd, 4318093.793, 102
Trd, 4318094.743, 102
Trd, 4318095.443, 101
Trd, 4318097.393, 105
Trd, 4318098.193, 104
Trd, 4318098.843, 103
Trd, 4318099.343, 104
Trd, 4318101.893, 101
Trd, 4318102.893, 102
Trd, 4318103.993, 99
Trd, 4318104.443, 99
Trd, 4318105.743, 104
Trd, 4318107.193, 86
Trd, 4318107.843, 93
Trd, 4318110.243, 94
Trd, 4318111.393, 95
Trd, 4318112.543, 98
Trd, 4318113.343, 96
Trd, 4318114.593, 94
Trd, 4318117.893, 98
Trd, 4318118.293, 97
Trd, 4318120.343, 97
Trd, 4318120.943, 97
Trd, 4318121.443, 98
Trd, 4318122.593, 96
Trd, 4318125.493, 95
Trd, 4318125.593, 99
Trd, 4318127.693, 81
Trd, 4318128.243, 87
Trd, 4318129.243, 88
Trd, 4318130.293, 89
Trd, 4318131.643, 94
Trd, 4318132.643, 94
Trd, 4318133.843, 100
Trd, 4318134.293, 96
Trd, 4318135.343, 99
Trd, 4318135.893, 99
Trd, 4318138.093, 113
Trd, 4318139.343, 107
Trd, 4318140.443, 105
Trd, 4318142.293, 106
Trd, 4318143.043, 105
Trd, 4318143.243, 107
Trd, 4318144.443, 100
Trd, 4318146.993, 95
Trd, 4318147.993, 79
Trd, 4318149.543, 98
Trd, 4318150.143, 76
Trd, 4318151.643, 95
Trd, 4318152.843, 95
Trd, 4318154.243, 93
Trd, 4318156.093, 95
Trd, 4318156.593, 93
Trd, 4318157.443, 93
Trd, 4318158.143, 93
Trd, 4318158.793, 96
Trd, 4318161.693, 97
Trd, 4318162.543, 82
Trd, 4318163.643, 86
Trd, 4318165.293, 88
Trd, 4318165.693, 86
Trd, 4318165.943, 85
Trd, 4318167.193, 89
Trd, 4318169.693, 90
Trd, 4318169.993, 90
Trd, 4318170.693, 89
Trd, 4318171.743, 89
Trd, 4318172.993, 95
Trd, 4318174.243, 92
Trd, 4318175.293, 93
Trd, 4318176.743, 96
Trd, 4318179.393, 93
Trd, 4318180.143, 93
Trd, 4318180.793, 93
Trd, 4318182.843, 89
Trd, 4318182.993, 91
Trd, 4318184.843, 94
Trd, 4318185.443, 91
Trd, 4318188.143, 90
Trd, 4318188.743, 93
Trd, 4318190.243, 95
Trd, 4318190.593, 96
Trd, 4318192.243, 93
Trd, 4318193.043, 94
Trd, 4318193.393, 95
Trd, 4318193.493, 92
Trd, 4318195.643, 109
Trd, 4318196.143, 113
Trd, 4318196.193, 93
Trd, 4318197.893, 86
Trd, 4318201.493, 100
Trd, 4318201.993, 94
Trd, 4318202.093, 97
Trd, 4318202.893, 91
Trd, 4318206.693, 112
Trd, 4318207.343, 97
Trd, 4318208.093, 97
Trd, 4318208.843, 95
Trd, 4318209.543, 102
Trd, 4318210.993, 95
Trd, 4318212.393, 96
Trd, 4318214.593, 97
Trd, 4318215.693, 100
Trd, 4318216.443, 99
Trd, 4318216.693, 100
Trd, 4318218.543, 98
Trd, 4318219.043, 97
Trd, 4318219.243, 101
Trd, 4318220.993, 93
Trd, 4318223.043, 96
Trd, 4318224.293, 95
Trd, 4318226.093, 95
Trd, 4318226.393, 101
Trd, 4318227.643, 95
Trd, 4318228.143, 103
Trd, 4318230.243, 97
Trd, 4318230.793, 96
Trd, 4318231.493, 98
Trd, 4318236.193, 102
Trd, 4318236.893, 98
Trd, 4318237.493, 98
Trd, 4318239.793, 101
Trd, 4318241.243, 102
Trd, 4318242.243, 102
Trd, 4318242.343, 100
Trd, 4318242.593, 100
Trd, 4318244.443, 99
Trd, 4318246.293, 102
Trd, 4318246.593, 98
Trd, 4318248.793, 97
Trd, 4318251.193, 101
Trd, 4318251.343, 98
Trd, 4318251.443, 97
Trd, 4318253.893, 100
Trd, 4318254.793, 100
Trd, 4318255.793, 98
Trd, 4318257.593, 102
Trd, 4318258.143, 97
Trd, 4318258.743, 96
Trd, 4318260.093, 96
Trd, 4318261.743, 103
Trd, 4318263.043, 96
Trd, 4318264.693, 97
Trd, 4318265.343, 109
Trd, 4318266.893, 94
Trd, 4318267.993, 94
Trd, 4318268.143, 104
Trd, 4318268.943, 94
Trd, 4318269.693, 93
Trd, 4318273.043, 98
Trd, 4318273.743, 99
Trd, 4318274.393, 103
Trd, 4318275.393, 102
Trd, 4318275.943, 93
Trd, 4318278.943, 99
Trd, 4318282.293, 113
Trd, 4318282.493, 109
Trd, 4318283.593, 113
Trd, 4318283.643, 105
Trd, 4318284.243, 92
Trd, 4318286.043, 99
Trd, 4318288.843, 100
Trd, 4318290.343, 99
Trd, 4318292.543, 98
Trd, 4318293.743, 102
Trd, 4318294.643, 100
Trd, 4318295.193, 97
Trd, 4318297.643, 100
Trd, 4318298.793, 98
Trd, 4318299.443, 98
Trd, 4318300.293, 98
Trd, 4318300.343, 99
Trd, 4318303.443, 100
Trd, 4318305.643, 104
Trd, 4318305.993, 103
Trd, 4318306.643, 96
Trd, 4318307.293, 113
Trd, 4318307.543, 109
Trd, 4318308.143, 102
Trd, 4318310.043, 109
Trd, 4318311.093, 102
Trd, 4318312.493, 102
Trd, 4318312.943, 88
Trd, 4318315.943, 95
Trd, 4318316.043, 94
Trd, 4318317.943, 88
Trd, 4318318.943, 93
Trd, 4318319.043, 94
Trd, 4318319.993, 86
Trd, 4318321.343, 90
Trd, 4318321.593, 110
Trd, 4318323.243, 102
Trd, 4318324.493, 102
Trd, 4318324.793, 96
Trd, 4318325.343, 103
Trd, 4318325.793, 91
Trd, 4318327.993, 79
Trd, 4318329.293, 91
Trd, 4318329.543, 92
Trd, 4318331.143, 97
Trd, 4318333.043, 107
Trd, 4318333.143, 96
Trd, 4318334.093, 104
Trd, 4318334.443, 95
Trd, 4318337.343, 95
Trd, 4318338.343, 95
Trd, 4318340.193, 99
Trd, 4318341.693, 104
Trd, 4318342.193, 100
Trd, 4318342.993, 99
Trd, 4318344.143, 102
Trd, 4318346.543, 98
Trd, 4318347.543, 96
Trd, 4318348.493, 97
Trd, 4318349.493, 97
Trd, 4318352.193, 100
Trd, 4318352.543, 99
Trd, 4318353.093, 104
Trd, 4318353.443, 97
Trd, 4318354.343, 97
Trd, 4318354.493, 96
Trd, 4318354.793, 103
Trd, 4318355.743, 96
Trd, 4318357.643, 95
Trd, 4318358.593, 97
Trd, 4318359.293, 92
Trd, 4318359.543, 102
Trd, 4318360.643, 76
Trd, 4318363.593, 96
Trd, 4318364.043, 94
Trd, 4318365.843, 93
Trd, 4318367.693, 96
Trd, 4318368.093, 95
Trd, 4318368.543, 98
Trd, 4318369.893, 97
Trd, 4318371.643, 98
Trd, 4318372.793, 98
Trd, 4318372.843, 97
Trd, 4318373.893, 99
Trd, 4318375.793, 96
Trd, 4318376.193, 95
Trd, 4318376.393, 95
Trd, 4318378.493, 100
Trd, 4318380.893, 100
Trd, 4318381.643, 101
Trd, 4318381.893, 100
Trd, 4318382.643, 100
Trd, 4318384.393, 99
Trd, 4318387.193, 102
Trd, 4318387.693, 99
Trd, 4318389.693, 105
Trd, 4318390.393, 104
Trd, 4318390.793, 102
Trd, 4318391.993, 101
Trd, 4318393.343, 98
Trd, 4318394.143, 97
Trd, 4318395.393, 97
Trd, 4318397.493, 98
Trd, 4318397.593, 96
Trd, 4318399.443, 96
Trd, 4318399.593, 110
Trd, 4318399.893, 94
Trd, 4318401.693, 93
Trd, 4318403.843, 94
Trd, 4318404.393, 104
Trd, 4318405.343, 94
Trd, 4318405.543, 92
Trd, 4318407.293, 104
Trd, 4318408.443, 95
Trd, 4318410.393, 99
Trd, 4318411.143, 99
Trd, 4318412.543, 101
Trd, 4318413.693, 99
Trd, 4318414.393, 98
Trd, 4318414.643, 97
Trd, 4318415.193, 101
Trd, 4318416.743, 90
Trd, 4318418.393, 92
Trd, 4318420.193, 92
Trd, 4318420.893, 99
Trd, 4318422.443, 91
Trd, 4318423.943, 96
Trd, 4318424.793, 95
Trd, 4318425.993, 94
Trd, 4318426.293, 104
Trd, 4318426.693, 93
Trd, 4318429.493, 92
Trd, 4318430.343, 93
Trd, 4318430.443, 92
Trd, 4318431.593, 100
Trd, 4318431.693, 86
Trd, 4318433.843, 95
Trd, 4318435.243, 98
Trd, 4318435.543, 99
Trd, 4318436.943, 96
Trd, 4318439.393, 96
Trd, 4318441.443, 98
Trd, 4318441.793, 97
Trd, 4318443.293, 97
Trd, 4318443.993, 98
Trd, 4318445.043, 96
Trd, 4318448.493, 95
Trd, 4318448.693, 98
Trd, 4318448.793, 95
Trd, 4318450.293, 96
Trd, 4318452.193, 95
Trd, 4318453.193, 97
Trd, 4318454.793, 95
Trd, 4318456.043, 95
Trd, 4318456.393, 94
Trd, 4318460.293, 96
Trd, 4318460.793, 98
Trd, 4318460.843, 95
Trd, 4318463.593, 94
Trd, 4318463.643, 94
Trd, 4318463.843, 89
Trd, 4318465.143, 98
Trd, 4318465.793, 78
Trd, 4318467.993, 89
Trd, 4318468.193, 88
Trd, 4318468.943, 94
Trd, 4318468.993, 104
Trd, 4318471.893, 100
Trd, 4318472.993, 100
Trd, 4318473.143, 86
Trd, 4318474.143, 113
Trd, 4318474.243, 96
Trd, 4318475.943, 92
Trd, 4318478.093, 102
Trd, 4318478.643, 99
Trd, 4318478.843, 98
Trd, 4318479.443, 107
Trd, 4318482.093, 100
Trd, 4318483.793, 100
Trd, 4318485.593, 112
Trd, 4318486.243, 113
Trd, 4318487.393, 113
Trd, 4318487.793, 112
Trd, 4318488.043, 95
Trd, 4318488.943, 96
Trd, 4318490.443, 81
Trd, 4318490.693, 79
Trd, 4318492.593, 87
Trd, 4318492.743, 90
Trd, 4318494.693, 93
Trd, 4318495.643, 97
Trd, 4318496.893, 92
Trd, 4318498.243, 91
Trd, 4318500.293, 92
Trd, 4318501.443, 94
Trd, 4318502.043, 95
Trd, 4318502.593, 96
Trd, 4318503.993, 96
Trd, 4318506.793, 102
Trd, 4318507.293, 102
Trd, 4318507.693, 104
Trd, 4318509.493, 105
Trd, 4318510.093, 104
Trd, 4318510.993, 95
Trd, 4318512.893, 100
Trd, 4318514.193, 98
Trd, 4318515.793, 99
Trd, 4318516.793, 102
Trd, 4318517.843, 101
Trd, 4318519.093, 100
Trd, 4318520.193, 100
Trd, 4318521.493, 110
Trd, 4318522.593, 103
Trd, 4318522.693, 113
Trd, 4318525.343, 106
Trd, 4318525.493, 107
Trd, 4318526.293, 107
Trd, 4318528.143, 103
Trd, 4318529.393, 104
Trd, 4318531.443, 103
Trd, 4318531.743, 104
Trd, 4318534.443, 100
Trd, 4318534.543, 103
Trd, 4318534.943, 102
Trd, 4318535.543, 101
Trd, 4318535.693, 101
Trd, 4318536.943, 86
Trd, 4318537.543, 81
Trd, 4318541.643, 99
Trd, 4318542.793, 101
Trd, 4318543.293, 98
Trd, 4318544.143, 100
Trd, 4318545.393, 101
Trd, 4318546.493, 99
Trd, 4318547.593, 97
Trd, 4318548.743, 87
Trd, 4318549.443, 97
Trd, 4318550.543, 84
Trd, 4318551.793, 89
Trd, 4318554.343, 88
Trd, 4318555.143, 87
Trd, 4318555.693, 86
Trd, 4318557.693, 93
Trd, 4318558.993, 92
Trd, 4318559.843, 90
Trd, 4318560.043, 90
Trd, 4318560.293, 89
Trd, 4318563.143, 111
Trd, 4318563.593, 92
Trd, 4318564.543, 111
Trd, 4318566.093, 102
Trd, 4318566.343, 99
Trd, 4318566.943, 98
Trd, 4318569.393, 97
Trd, 4318570.193, 95
Trd, 4318570.593, 95
Trd, 4318572.143, 102
Trd, 4318573.843, 95
Trd, 4318574.293, 101
Trd, 4318574.693, 86
Trd, 4318575.543, 94
Trd, 4318577.793, 101
Trd, 4318579.693, 93
Trd, 4318582.293, 97
Trd, 4318583.693, 99
Trd, 4318583.843, 99
Trd, 4318584.143, 96
Trd, 4318585.243, 95
Trd, 4318588.043, 94
Trd, 4318589.693, 99
Trd, 4318591.193, 104
Trd, 4318591.643, 88
Trd, 4318592.193, 90
Trd, 4318592.493, 87
Trd, 4318595.293, 95
Trd, 4318595.543, 95
Trd, 4318595.693, 88
Trd, 4318596.843, 104
Trd, 4318598.143, 80
Trd, 4318601.143, 91
Trd, 4318601.943, 92
Trd, 4318602.443, 99
Trd, 4318603.293, 89
Trd, 4318604.443, 90
Trd, 4318605.793, 90
Trd, 4318606.743, 86
Trd, 4318608.543, 87
Trd, 4318609.643, 93
Trd, 4318610.543, 97
Trd, 4318611.093, 95
Trd, 4318611.993, 97
Trd, 4318612.193, 96
Trd, 4318612.893, 97
Trd, 4318615.793, 95
Trd, 4318616.043, 96
Trd, 4318617.593, 87
Trd, 4318618.193, 90
Trd, 4318618.393, 95
Trd, 4318620.843, 96
Trd, 4318622.043, 95
Trd, 4318622.593, 95
Trd, 4318624.543, 95
Trd, 4318624.843, 95
Trd, 4318626.943, 96
Trd, 4318627.343, 95
Trd, 4318627.743, 98
Trd, 4318630.743, 94
Trd, 4318631.243, 95
Trd, 4318632.193, 94
Trd, 4318633.943, 87
Trd, 4318635.293, 87
Trd, 4318637.443, 89
Trd, 4318639.543, 94
Trd, 4318639.593, 96
Trd, 4318639.893, 92
Trd, 4318642.493, 95
Trd, 4318644.193, 97
Trd, 4318644.643, 97
Trd, 4318645.943, 97
Trd, 4318646.543, 98
Trd, 4318649.093, 110
Trd, 4318649.593, 104
Trd, 4318650.643, 104
Trd, 4318651.243, 103
Trd, 4318652.093, 113
Trd, 4318653.293, 111
Trd, 4318653.843, 86
Trd, 4318656.593, 105
Trd, 4318657.893, 104
Trd, 4318658.993, 106
Trd, 4318659.243, 104
Trd, 4318660.593, 103
Trd, 4318660.943, 86
Trd, 4318662.443, 95
Trd, 4318665.043, 96
Trd, 4318667.093, 100
Trd, 4318668.293, 103
Trd, 4318669.543, 103
Trd, 4318669.743, 100
Trd, 4318671.143, 100
Trd, 4318671.343, 113
Trd, 4318673.743, 104
Trd, 4318673.793, 103
Trd, 4318674.593, 105
Trd, 4318676.443, 104
Trd, 4318676.893, 86
Trd, 4318677.643, 95
Trd, 4318679.293, 106
Trd, 4318682.893, 94
Trd, 4318682.993, 94
Trd, 4318683.493, 94
Trd, 4318685.893, 98
Trd, 4318687.193, 93
Trd, 4318689.443, 93
Trd, 4318689.943, 92
Trd, 4318692.393, 91
Trd, 4318692.843, 90
Trd, 4318694.043, 95
Trd, 4318694.893, 95
Trd, 4318695.043, 86
Trd, 4318698.693, 96
Trd, 4318699.543, 94
Trd, 4318700.143, 93
Trd, 4318700.343, 93
Trd, 4318700.893, 93
Trd, 4318701.193, 86
Trd, 4318702.793, 89
Trd, 4318705.343, 90
Trd, 4318706.193, 91
Trd, 4318706.743, 88
Trd, 4318707.393, 96
Trd, 4318708.093, 86
Trd, 4318711.393, 90
Trd, 4318712.743, 92
Trd, 4318712.943, 89
Trd, 4318713.393, 95
Trd, 4318714.593, 88
Trd, 4318715.393, 87
Trd, 4318716.893, 91
Trd, 4318718.443, 95
Trd, 4318718.793, 93
Trd, 4318720.943, 93
Trd, 4318721.493, 93
Trd, 4318722.743, 96
Trd, 4318723.093, 92
Trd, 4318725.243, 94
Trd, 4318725.993, 95
Trd, 4318727.493, 94
Trd, 4318727.793, 94
Trd, 4318729.093, 96
Trd, 4318729.793, 87
Trd, 4318734.043, 96
Trd, 4318734.593, 94
Trd, 4318734.743, 94
Trd, 4318735.843, 93
Trd, 4318736.543, 94
Trd, 4318737.643, 92
Trd, 4318738.243, 92
Trd, 4318740.293, 95
Trd, 4318740.593, 96
Trd, 4318741.793, 95
Trd, 4318742.943, 94
Trd, 4318743.093, 95
Trd, 4318743.493, 94
Trd, 4318745.293, 92
Trd, 4318746.293, 95
Trd, 4318747.493, 110
Trd, 4318747.993, 93
Trd, 4318749.093, 100
Trd, 4318750.393, 97
Trd, 4318751.493, 97
Trd, 4318754.193, 99
Trd, 4318754.443, 99
Trd, 4318756.643, 100
Trd, 4318756.793, 98
Trd, 4318757.593, 99
Trd, 4318759.543, 98
Trd, 4318760.593, 102
Trd, 4318762.143, 103
Trd, 4318762.993, 102
Trd, 4318764.943, 104
Trd, 4318766.393, 112
Trd, 4318767.343, 103
Trd, 4318768.493, 108
Trd, 4318770.093, 106
Trd, 4318771.543, 107
Trd, 4318772.043, 107
Trd, 4318772.693, 98
Trd, 4318773.343, 97
Trd, 4318774.143, 96
Trd, 4318775.093, 114
Trd, 4318775.243, 113
Trd, 4318776.643, 89
Trd, 4318779.493, 94
Trd, 4318779.993, 104
Trd, 4318781.593, 96
Trd, 4318781.743, 87
Trd, 4318781.843, 86
Trd, 4318782.243, 99
Trd, 4318783.393, 88
Trd, 4318785.343, 90
Trd, 4318785.943, 87
Trd, 4318788.043, 92
Trd, 4318791.043, 96
Trd, 4318791.643, 95
Trd, 4318792.043, 101
Trd, 4318792.943, 100
Trd, 4318793.043, 95
Trd, 4318795.743, 99
Trd, 4318797.393, 98
Trd, 4318797.543, 97
Trd, 4318800.243, 99
Trd, 4318801.993, 100
Trd, 4318802.093, 98
Trd, 4318802.943, 98
Trd, 4318804.193, 96
Trd, 4318805.543, 94
Trd, 4318806.843, 98
Trd, 4318808.243, 97
Trd, 4318809.193, 96
Trd, 4318811.343, 102
Trd, 4318811.443, 101
Trd, 4318814.743, 106
Trd, 4318815.343, 104
Trd, 4318817.743, 105
Trd, 4318818.193, 104
Trd, 4318820.493, 102
Trd, 4318821.243, 103
Trd, 4318822.293, 104
Trd, 4318823.793, 102
Trd, 4318824.793, 100
Trd, 4318825.043, 102
Trd, 4318827.443, 99
Trd, 4318827.593, 98
Trd, 4318828.393, 98
Trd, 4318829.493, 102
Trd, 4318831.843, 99
Trd, 4318833.393, 100
Trd, 4318834.993, 99
Trd, 4318835.693, 99
Trd, 4318836.543, 97
Trd, 4318836.943, 102
Trd, 4318839.193, 90
Trd, 4318840.293, 92
Trd, 4318842.593, 103
Trd, 4318843.143, 96
Trd, 4318843.943, 102
Trd, 4318844.593, 95
Trd, 4318846.393, 94
Trd, 4318848.293, 94
Trd, 4318849.943, 95
Trd, 4318851.643, 100
Trd, 4318853.243, 96
Trd, 4318853.343, 95
Trd, 4318854.493, 111
Trd, 4318854.843, 107
Trd, 4318855.343, 95
Trd, 4318857.443, 102
Trd, 4318858.043, 86
Trd, 4318859.693, 95
Trd, 4318860.643, 104
Trd, 4318860.893, 94
Trd, 4318862.193, 90
Trd, 4318864.043, 89
Trd, 4318865.643, 95
Trd, 4318866.143, 90
Trd, 4318867.643, 91
Trd, 4318867.993, 90
Trd, 4318870.643, 89
Trd, 4318871.193, 95
Trd, 4318872.143, 97
Trd, 4318872.793, 97
Trd, 4318873.093, 96
Trd, 4318873.693, 95
Trd, 4318875.843, 94
Trd, 4318878.193, 95
Trd, 4318879.193, 97
Trd, 4318881.443, 104
Trd, 4318882.193, 94
Trd, 4318883.143, 95
Trd, 4318883.843, 94
Trd, 4318884.793, 93
Trd, 4318887.193, 92
Trd, 4318888.143, 93
Trd, 4318890.243, 99
Trd, 4318891.393, 99
Trd, 4318891.943, 98
Trd, 4318892.643, 97
Trd, 4318894.593, 89
Trd, 4318894.943, 86
Trd, 4318896.693, 94
Trd, 4318896.843, 87
Trd, 4318899.543, 91
Trd, 4318899.943, 93
Trd, 4318901.693, 90
Trd, 4318901.743, 90
Trd, 4318902.493, 104
Trd, 4318903.343, 89
Trd, 4318906.093, 92
Trd, 4318906.393, 90
Trd, 4318906.843, 100
Trd, 4318907.193, 91
Trd, 4318909.293, 100
Trd, 4318910.843, 102
Trd, 4318911.543, 99
Trd, 4318913.443, 101
Trd, 4318914.293, 100
Trd, 4318915.393, 100
Trd, 4318915.693, 102
Trd, 4318916.993, 99
Trd, 4318918.193, 104
Trd, 4318918.893, 103
Trd, 4318919.643, 103
Trd, 4318920.943, 102
Trd, 4318923.093, 96
Trd, 4318923.393, 97
Trd, 4318924.543, 94
Trd, 4318926.093, 104
Trd, 4318926.193, 93
Trd, 4318926.993, 78
Trd, 4318929.443, 93
Trd, 4318930.593, 91
Trd, 4318932.393, 90
Trd, 4318933.843, 95
Trd, 4318935.843, 93
Trd, 4318935.993, 92
Trd, 4318936.693, 91
Trd, 4318937.043, 91
Trd, 4318938.643, 95
Trd, 4318942.693, 94
Trd, 4318943.493, 92
Trd, 4318944.043, 94
Trd, 4318944.143, 95
Trd, 4318945.543, 92
Trd, 4318946.543, 95
Trd, 4318947.393, 94
Trd, 4318948.843, 96
Trd, 4318949.593, 96
Trd, 4318950.443, 95
Trd, 4318952.143, 96
Trd, 4318953.193, 97
Trd, 4318953.993, 98
Trd, 4318955.393, 100
Trd, 4318956.393, 102
Trd, 4318957.343, 113
Trd, 4318957.543, 102
Trd, 4318959.093, 89
Trd, 4318959.293, 86
Trd, 4318961.393, 91
Trd, 4318962.443, 86
Trd, 4318962.943, 89
Trd, 4318967.393, 90
Trd, 4318967.543, 92
Trd, 4318968.493, 91
Trd, 4318970.343, 92
Trd, 4318972.693, 91
Trd, 4318973.743, 93
Trd, 4318975.243, 93
Trd, 4318976.343, 95
Trd, 4318977.893, 103
Trd, 4318978.443, 104
Trd, 4318979.443, 104
Trd, 4318980.093, 103
Trd, 4318982.193, 105
Trd, 4318983.193, 105
Trd, 4318983.793, 103
Trd, 4318984.993, 105
Trd, 4318985.593, 94
Trd, 4318985.793, 86
Trd, 4318990.543, 115
Trd, 4318991.193, 114
Trd, 4318991.343, 113
Trd, 4318992.593, 99
Trd, 4318994.693, 100
Trd, 4318995.043, 102
Trd, 4318996.193, 98
Trd, 4318996.293, 97
Trd, 4318998.393, 86
Trd, 4318998.643, 102
Trd, 4319001.543, 96
Trd, 4319002.493, 96
Trd, 4319002.643, 102
Trd, 4319003.243, 96
Trd, 4319005.343, 103
Trd, 4319007.793, 102
Trd, 4319009.393, 99
Trd, 4319010.393, 101
Trd, 4319010.493, 98
Trd, 4319010.893, 102
Trd, 4319011.993, 98
Trd, 4319012.893, 97
Trd, 4319013.243, 89
Trd, 4319015.643, 102
Trd, 4319018.793, 97
Trd, 4319019.443, 96
Trd, 4319020.043, 95
Trd, 4319020.593, 99
Trd, 4319021.593, 100
Trd, 4319022.393, 99
Trd, 4319024.343, 100
Trd, 4319025.543, 99
Trd, 4319026.543, 86
Trd, 4319026.843, 75
Trd, 4319027.643, 80
Trd, 4319028.993, 89
Trd, 4319029.793, 97
Trd, 4319031.293, 85
Trd, 4319032.943, 93
Trd, 4319033.043, 88
Trd, 4319035.493, 96
Trd, 4319035.543, 89
Trd, 4319036.493, 89
Trd, 4319037.393, 86
Trd, 4319037.743, 113
Trd, 4319040.793, 98
Trd, 4319042.493, 99
Trd, 4319043.993, 98
Trd, 4319045.693, 100
Trd, 4319047.043, 98
Trd, 4319047.143, 97
Trd, 4319049.993, 101
Trd, 4319050.093, 97
Trd, 4319051.493, 96
Trd, 4319052.493, 95
Trd, 4319052.843, 95
Trd, 4319055.843, 98
Trd, 4319056.993, 101
Trd, 4319057.593, 98
Trd, 4319059.893, 98
Trd, 4319061.793, 100
Trd, 4319062.043, 100
Trd, 4319062.243, 99
Trd, 4319063.743, 96
Trd, 4319065.443, 100
Trd, 4319066.143, 101
Trd, 4319066.693, 98
Trd, 4319067.143, 99
Trd, 4319069.743, 99
Trd, 4319070.143, 97
Trd, 4319071.293, 102
Trd, 4319072.293, 98
Trd, 4319074.093, 101
Trd, 4319074.993, 98
Trd, 4319076.943, 97
Trd, 4319077.043, 91
Trd, 4319078.043, 92
Trd, 4319080.693, 100
Trd, 4319080.993, 92
Trd, 4319083.243, 105
Trd, 4319083.493, 105
Trd, 4319083.943, 104
Trd, 4319084.843, 103
Trd, 4319086.143, 88
Trd, 4319087.193, 99
Trd, 4319089.543, 98
Trd, 4319090.093, 97
Trd, 4319091.343, 96
Trd, 4319092.743, 95
Trd, 4319093.093, 98
Trd, 4319093.893, 95
Trd, 4319095.543, 96
Trd, 4319096.243, 94
Trd, 4319097.293, 97
Trd, 4319100.043, 95
Trd, 4319100.793, 104
Trd, 4319101.543, 95
Trd, 4319101.593, 95
Trd, 4319103.193, 95
Trd, 4319104.293, 95
Trd, 4319105.693, 94
Trd, 4319106.943, 95
Trd, 4319107.693, 94
Trd, 4319108.543, 94
Trd, 4319110.193, 92
Trd, 4319112.143, 95
Trd, 4319113.443, 97
Trd, 4319114.843, 99
Trd, 4319114.943, 104
Trd, 4319115.643, 103
Trd, 4319116.243, 102
Trd, 4319116.793, 103
Trd, 4319118.793, 104
Trd, 4319119.993, 102
Trd, 4319121.243, 112
Trd, 4319121.643, 101
Trd, 4319124.443, 105
Trd, 4319124.743, 103
Trd, 4319125.443, 104
Trd, 4319126.443, 87
Trd, 4319127.193, 95
Trd, 4319130.443, 95
Trd, 4319130.943, 97
Trd, 4319131.543, 95
Trd, 4319132.243, 96
Trd, 4319132.743, 95
Trd, 4319135.693, 93
Trd, 4319136.243, 93
Trd, 4319138.243, 96
Trd, 4319139.493, 95
Trd, 4319142.143, 96
Trd, 4319142.693, 95
Trd, 4319143.493, 96
Trd, 4319144.293, 97
Trd, 4319144.643, 94
Trd, 4319145.743, 86
Trd, 4319147.343, 91
Trd, 4319147.943, 97
Trd, 4319150.293, 96
Trd, 4319150.993, 95
Trd, 4319152.893, 95
Trd, 4319153.293, 97
Trd, 4319153.643, 94
Trd, 4319155.343, 111
Trd, 4319156.093, 106
Trd, 4319158.093, 105
Trd, 4319158.393, 104
Trd, 4319159.093, 102
Trd, 4319159.443, 99
Trd, 4319160.643, 75
Trd, 4319160.993, 104
Trd, 4319161.393, 86
Trd, 4319164.693, 86
Trd, 4319165.593, 87
Trd, 4319166.093, 88
Trd, 4319167.943, 95
Trd, 4319168.193, 94
Trd, 4319169.393, 97
Trd, 4319171.593, 102
Trd, 4319171.643, 101
Trd, 4319171.843, 99
Trd, 4319172.993, 99
Trd, 4319175.343, 98
Trd, 4319176.993, 98
Trd, 4319178.193, 96
Trd, 4319179.743, 95
Trd, 4319180.093, 96
Trd, 4319181.343, 94
Trd, 4319182.343, 96
Trd, 4319182.793, 113
Trd, 4319184.343, 100
Trd, 4319186.193, 100
Trd, 4319186.443, 99
Trd, 4319187.243, 99
Trd, 4319188.343, 104
Trd, 4319189.543, 88
Trd, 4319190.693, 94
Trd, 4319190.793, 86
Trd, 4319191.393, 74
Trd, 4319193.693, 95
Trd, 4319195.243, 93
Trd, 4319195.893, 94
Trd, 4319196.693, 113
Trd, 4319197.393, 92
Trd, 4319198.843, 94
Trd, 4319200.743, 94
Trd, 4319202.143, 95
Trd, 4319202.543, 97
Trd, 4319204.793, 95
Trd, 4319206.393, 95
Trd, 4319206.793, 96
Trd, 4319208.793, 104
Trd, 4319209.743, 95
Trd, 4319211.043, 98
Trd, 4319211.293, 97
Trd, 4319212.693, 96
Trd, 4319212.993, 87
Trd, 4319214.293, 97
Trd, 4319215.093, 92
Trd, 4319216.243, 91
Trd, 4319216.543, 96
Trd, 4319219.043, 96
Trd, 4319219.393, 93
Trd, 4319220.543, 87
Trd, 4319221.543, 95
Trd, 4319223.643, 93
Trd, 4319223.793, 93
Trd, 4319225.243, 93
Trd, 4319225.693, 95
Trd, 4319226.593, 91
Trd, 4319228.393, 95
Trd, 4319229.943, 91
Trd, 4319231.193, 90
Trd, 4319232.043, 91
Trd, 4319232.093, 89
Trd, 4319232.693, 95
Trd, 4319234.693, 96
Trd, 4319237.043, 96
Trd, 4319237.293, 86
Trd, 4319238.443, 97
Trd, 4319240.293, 94
Trd, 4319240.443, 97
Trd, 4319240.993, 98
Trd, 4319242.043, 104
Trd, 4319242.243, 97
Trd, 4319244.893, 96
Trd, 4319246.743, 98
Trd, 4319248.793, 97
Trd, 4319249.043, 97
Trd, 4319250.143, 102
Trd, 4319252.543, 100
Trd, 4319252.643, 100
Trd, 4319253.493, 101
Trd, 4319254.843, 99
Trd, 4319255.593, 103
Trd, 4319256.393, 93
Trd, 4319257.643, 104
Trd, 4319260.493, 99
Trd, 4319262.193, 102
Trd, 4319262.593, 99
Trd, 4319263.393, 103
Trd, 4319263.943, 102
Trd, 4319263.993, 99
Trd, 4319268.343, 103
Trd, 4319269.243, 101
Trd, 4319269.893, 104
Trd, 4319270.893, 100
Trd, 4319271.143, 100
Trd, 4319272.843, 92
Trd, 4319273.243, 104
Trd, 4319274.043, 100
Trd, 4319274.093, 96
Trd, 4319275.393, 87
Trd, 4319276.943, 93
Trd, 4319276.993, 99
Trd, 4319279.993, 96
Trd, 4319281.593, 97
Trd, 4319283.593, 97
Trd, 4319283.993, 98
Trd, 4319284.243, 97
Trd, 4319284.743, 97
Trd, 4319286.443, 95
Trd, 4319286.693, 96
Trd, 4319287.893, 95
Trd, 4319289.243, 95
Trd, 4319289.993, 94
Trd, 4319291.543, 94
Trd, 4319291.793, 94
Trd, 4319294.543, 95
Trd, 4319294.943, 96
Trd, 4319295.243, 93
Trd, 4319295.393, 109
Trd, 4319298.043, 94
Trd, 4319299.443, 101
Trd, 4319301.793, 98
Trd, 4319301.893, 97
Trd, 4319302.443, 96
Trd, 4319304.343, 104
Trd, 4319306.293, 94
Trd, 4319308.693, 97
Trd, 4319308.993, 97
Trd, 4319309.843, 95
Trd, 4319312.643, 96
Trd, 4319312.793, 98
Trd, 4319313.543, 95
Trd, 4319315.643, 95
Trd, 4319315.843, 98
Trd, 4319316.843, 97
Trd, 4319319.243, 97
Trd, 4319319.293, 98
Trd, 4319321.743, 97
Trd, 4319322.543, 98
Trd, 4319325.693, 97
Trd, 4319327.843, 98
Trd, 4319327.893, 96
Trd, 4319328.193, 95
Trd, 4319331.443, 97
Trd, 4319332.343, 98
Trd, 4319332.743, 97
Trd, 4319333.543, 97
Trd, 4319334.093, 97
Trd, 4319335.443, 96
Trd, 4319335.543, 99
Trd, 4319337.743, 100
Trd, 4319338.493, 100
Trd, 4319339.343, 99
Trd, 4319339.943, 101
Trd, 4319340.993, 98
Trd, 4319342.893, 99
Trd, 4319344.493, 99
Trd, 4319345.193, 97
Trd, 4319345.843, 100
Trd, 4319347.143, 97
Trd, 4319348.443, 98
Trd, 4319351.443, 97
Trd, 4319353.293, 97
Trd, 4319353.593, 96
Trd, 4319353.943, 96
Trd, 4319355.493, 98
Trd, 4319356.843, 97
Trd, 4319358.543, 97
Trd, 4319359.843, 97
Trd, 4319361.643, 95
Trd, 4319364.543, 95
Trd, 4319365.093, 98
Trd, 4319365.693, 104
Trd, 4319366.193, 99
Trd, 4319367.093, 97
Trd, 4319367.143, 97
Trd, 4319369.643, 95
Trd, 4319371.243, 87
Trd, 4319371.943, 83
Trd, 4319372.393, 87
Trd, 4319373.293, 104
Trd, 4319374.543, 101
Trd, 4319375.543, 101
Trd, 4319378.043, 101
Trd, 4319378.543, 102
Trd, 4319379.093, 103
Trd, 4319379.643, 101
Trd, 4319381.043, 101
Trd, 4319382.843, 101
Trd, 4319383.943, 101
Trd, 4319384.093, 102
Trd, 4319385.493, 100
Trd, 4319388.093, 96
Trd, 4319388.143, 96
Trd, 4319389.693, 104
Trd, 4319390.843, 99
Trd, 4319391.243, 100
Trd, 4319391.793, 100
Trd, 4319391.843, 100
Trd, 4319394.193, 92
Trd, 4319394.743, 87
Trd, 4319395.443, 95
Trd, 4319397.243, 97
Trd, 4319397.293, 97
Trd, 4319399.343, 96
Trd, 4319400.393, 95
Trd, 4319401.943, 95
Trd, 4319402.293, 93
Trd, 4319403.343, 97
Trd, 4319405.743, 96
Trd, 4319405.843, 95
Trd, 4319406.443, 95
Trd, 4319406.643, 97
Trd, 4319409.793, 97
Trd, 4319411.043, 93
Trd, 4319412.293, 95
Trd, 4319413.193, 97
Trd, 4319414.043, 96
Trd, 4319414.643, 95
Trd, 4319415.193, 95
Trd, 4319416.943, 85
Trd, 4319419.393, 113
Trd, 4319419.793, 118
Trd, 4319420.443, 113
Trd, 4319423.093, 113
Trd, 4319423.143, 101
Trd, 4319424.893, 108
Trd, 4319425.193, 113
Trd, 4319426.593, 107
Trd, 4319429.193, 104
Trd, 4319430.693, 106
Trd, 4319433.593, 106
Trd, 4319434.293, 105
Trd, 4319434.343, 105
Trd, 4319434.893, 103
Trd, 4319435.193, 90
Trd, 4319437.943, 100
Trd, 4319438.293, 107
Trd, 4319439.393, 104
Trd, 4319442.693, 112
Trd, 4319443.193, 111
Trd, 4319443.593, 102
Trd, 4319444.343, 102
Trd, 4319444.643, 100
Trd, 4319447.443, 104
Trd, 4319447.743, 113
Trd, 4319447.893, 110
Trd, 4319449.793, 111
Trd, 4319449.993, 111
Trd, 4319451.043, 103
Trd, 4319451.143, 112
Trd, 4319452.143, 93
Trd, 4319455.493, 104
Trd, 4319455.993, 103
Trd, 4319456.943, 100
Trd, 4319458.793, 102
Trd, 4319458.843, 100
Trd, 4319459.193, 104
Trd, 4319459.993, 99
Trd, 4319460.593, 103
Trd, 4319460.993, 99
Trd, 4319461.443, 73
Trd, 4319462.443, 90
Trd, 4319466.993, 88
Trd, 4319467.393, 97
Trd, 4319467.993, 92
Trd, 4319470.343, 96
Trd, 4319470.893, 96
Trd, 4319471.593, 98
Trd, 4319471.643, 95
Trd, 4319475.093, 95
Trd, 4319476.043, 94
Trd, 4319477.243, 97
Trd, 4319477.343, 95
Trd, 4319480.343, 94
Trd, 4319480.843, 92
Trd, 4319482.093, 90
Trd, 4319484.593, 91
Trd, 4319485.443, 96
Trd, 4319485.493, 113
Trd, 4319487.893, 100
Trd, 4319489.693, 99
Trd, 4319490.043, 86
Trd, 4319492.393, 98
Trd, 4319493.493, 99
Trd, 4319493.793, 98
Trd, 4319494.043, 94
Trd, 4319494.493, 86
Trd, 4319496.393, 89
Trd, 4319496.593, 111
Trd, 4319499.443, 98
Trd, 4319501.643, 97
Trd, 4319501.943, 95
Trd, 4319502.093, 99
Trd, 4319503.043, 99
Trd, 4319503.843, 95
Trd, 4319507.843, 94
Trd, 4319508.393, 94
Trd, 4319509.293, 97
Trd, 4319509.593, 94
Trd, 4319511.143, 95
Trd, 4319511.893, 113
Trd, 4319513.593, 104
Trd, 4319514.593, 104
Trd, 4319516.243, 104
Trd, 4319516.293, 101
Trd, 4319517.643, 87
Trd, 4319519.393, 93
Trd, 4319519.793, 93
Trd, 4319520.743, 100
Trd, 4319524.593, 95
Trd, 4319524.943, 94
Trd, 4319525.393, 95
Trd, 4319526.393, 99
Trd, 4319527.693, 99
Trd, 4319528.543, 94
Trd, 4319530.443, 94
Trd, 4319531.493, 95
Trd, 4319533.793, 96
Trd, 4319534.193, 95
Trd, 4319534.893, 104
Trd, 4319535.193, 94
Trd, 4319536.593, 93
Trd, 4319538.193, 112
Trd, 4319538.293, 89
Trd, 4319540.843, 108
Trd, 4319541.593, 108
Trd, 4319543.493, 111
Trd, 4319543.543, 108
Trd, 4319544.343, 102
Trd, 4319544.993, 108
Trd, 4319545.443, 106
Trd, 4319546.343, 92
Trd, 4319550.443, 99
Trd, 4319552.143, 99
Trd, 4319552.843, 100
Trd, 4319553.343, 100
Trd, 4319553.393, 99
Trd, 4319554.393, 99
Trd, 4319554.943, 98
Trd, 4319558.243, 97
Trd, 4319559.093, 89
Trd, 4319561.043, 92
Trd, 4319561.493, 90
Trd, 4319562.893, 95
Trd, 4319563.293, 96
Trd, 4319565.193, 96
Trd, 4319568.293, 96
Trd, 4319568.993, 97
Trd, 4319569.893, 96
Trd, 4319570.743, 100
Trd, 4319570.843, 97
Trd, 4319571.643, 95
Trd, 4319573.493, 96
Trd, 4319575.393, 99
Trd, 4319575.493, 92
Trd, 4319577.543, 93
Trd, 4319578.293, 92
Trd, 4319580.443, 113
Trd, 4319581.143, 111
Trd, 4319582.293, 94
Trd, 4319583.693, 100
Trd, 4319586.093, 106
Trd, 4319586.193, 107
Trd, 4319586.243, 111
Trd, 4319588.143, 107
Trd, 4319588.993, 106
Trd, 4319589.943, 103
Trd, 4319591.393, 95
Trd, 4319592.493, 98
Trd, 4319592.843, 101
Trd, 4319595.193, 96
Trd, 4319595.443, 112
Trd, 4319595.943, 95
Trd, 4319599.493, 103
Trd, 4319599.793, 102
Trd, 4319600.693, 105
Trd, 4319601.243, 102
Trd, 4319603.693, 101
Trd, 4319605.993, 101
Trd, 4319606.093, 99
Trd, 4319608.093, 99
Trd, 4319608.943, 104
Trd, 4319609.193, 98
Trd, 4319611.043, 100
Trd, 4319611.343, 100
Trd, 4319611.693, 103
Trd, 4319617.643, 99
Trd, 4319617.943, 101
Trd, 4319618.393, 98
Trd, 4319618.493, 98
Trd, 4319618.993, 97
Trd, 4319621.393, 98
Trd, 4319622.893, 97
Trd, 4319624.043, 100
Trd, 4319624.543, 86
Trd, 4319625.043, 92
Trd, 4319625.543, 83
Trd, 4319625.643, 104
Trd, 4319629.543, 98
Trd, 4319629.643, 101
Trd, 4319631.593, 102
Trd, 4319632.993, 101
Trd, 4319634.693, 102
Trd, 4319635.393, 111
Trd, 4319635.793, 103
Trd, 4319636.993, 104
Trd, 4319638.143, 88
Trd, 4319639.393, 89
Trd, 4319639.493, 95
Trd, 4319640.743, 86
Trd, 4319642.793, 92
Trd, 4319643.643, 91
Trd, 4319645.843, 93
Trd, 4319645.993, 95
Trd, 4319646.293, 96
Trd, 4319648.193, 94
Trd, 4319649.293, 94
Trd, 4319652.593, 96
Trd, 4319652.843, 95
Trd, 4319653.643, 97
Trd, 4319653.943, 94
Trd, 4319654.793, 93
Trd, 4319655.793, 92
Trd, 4319657.293, 99
Trd, 4319658.043, 98
Trd, 4319658.693, 96
Trd, 4319660.393, 97
Trd, 4319661.393, 98
Trd, 4319662.243, 96
Trd, 4319662.343, 95
Trd, 4319664.443, 93
Trd, 4319664.593, 98
Trd, 4319666.643, 92
Trd, 4319669.243, 91
Trd, 4319669.443, 88
Trd, 4319670.293, 92
Trd, 4319673.043, 95
Trd, 4319673.743, 94
Trd, 4319674.893, 93
Trd, 4319675.493, 98
Trd, 4319677.743, 93
Trd, 4319677.943, 96
Trd, 4319677.993, 92
Trd, 4319678.243, 90
Trd, 4319681.043, 89
Trd, 4319681.943, 88
Trd, 4319684.293, 93
Trd, 4319684.693, 88
Trd, 4319685.793, 87
Trd, 4319687.343, 88
Trd, 4319689.143, 96
Trd, 4319691.643, 102
Trd, 4319692.093, 102
Trd, 4319692.293, 102
Trd, 4319693.743, 102
Trd, 4319694.693, 107
Trd, 4319694.743, 101
Trd, 4319699.893, 102
Trd, 4319700.193, 101
Trd, 4319700.693, 100
Trd, 4319701.043, 103
Trd, 4319701.493, 99
Trd, 4319702.543, 98
Trd, 4319705.693, 98
Trd, 4319706.893, 102
Trd, 4319709.193, 97
Trd, 4319710.093, 97
Trd, 4319710.193, 96
Trd, 4319712.093, 95
Trd, 4319712.493, 98
Trd, 4319713.643, 96
Trd, 4319715.393, 95
Trd, 4319716.893, 94
Trd, 4319717.643, 93
Trd, 4319717.993, 95
Trd, 4319719.993, 92
Trd, 4319720.193, 92
Trd, 4319720.893, 93
Trd, 4319722.543, 103
Trd, 4319725.093, 111
Trd, 4319725.193, 110
Trd, 4319725.493, 109
Trd, 4319725.693, 113
Trd, 4319726.793, 113
Trd, 4319728.493, 108
Trd, 4319728.593, 103
Trd, 4319729.743, 104
Trd, 4319730.993, 84
Trd, 4319731.543, 86
Trd, 4319733.093, 88
Trd, 4319734.043, 113
Trd, 4319735.993, 88
Trd, 4319736.343, 89
Trd, 4319739.743, 95
Trd, 4319740.493, 96
Trd, 4319741.893, 96
Trd, 4319741.943, 95
Trd, 4319743.143, 97
Trd, 4319743.443, 95
Trd, 4319743.693, 93
Trd, 4319745.793, 91
Trd, 4319747.743, 95
Trd, 4319748.043, 91
Trd, 4319749.443, 96
Trd, 4319750.993, 97
Trd, 4319751.293, 94
Trd, 4319754.143, 113
Trd, 4319755.143, 113
Trd, 4319755.643, 112
Trd, 4319756.793, 101
Trd, 4319757.493, 106
Trd, 4319758.793, 104
Trd, 4319760.093, 108
Trd, 4319760.643, 104
Trd, 4319761.543, 102
Trd, 4319763.493, 101
Trd, 4319764.943, 99
Trd, 4319765.893, 99
Trd, 4319767.643, 101
Trd, 4319768.893, 101
Trd, 4319769.193, 103
Trd, 4319772.043, 103
Trd, 4319772.293, 100
Trd, 4319773.043, 99
Trd, 4319775.343, 103
Trd, 4319776.643, 99
Trd, 4319777.493, 102
Trd, 4319778.143, 100
Trd, 4319778.443, 98
Trd, 4319780.143, 101
Trd, 4319781.293, 98
Trd, 4319781.693, 102
Trd, 4319782.693, 96
Trd, 4319785.143, 94
Trd, 4319785.893, 94
Trd, 4319789.043, 101
Trd, 4319790.993, 96
Trd, 4319791.393, 95
Trd, 4319792.643, 97
Trd, 4319793.593, 98
Trd, 4319795.443, 99
Trd, 4319795.693, 98
Trd, 4319796.193, 104
Trd, 4319796.943, 97
Trd, 4319797.793, 102
Trd, 4319800.393, 95
Trd, 4319802.243, 95
Trd, 4319803.793, 95
Trd, 4319806.493, 96
Trd, 4319806.643, 97
Trd, 4319807.243, 95
Trd, 4319808.643, 95
Trd, 4319812.243, 112
Trd, 4319812.393, 96
Trd, 4319814.493, 99
Trd, 4319814.793, 98
Trd, 4319815.843, 103
Trd, 4319815.993, 97
Trd, 4319818.143, 93
Trd, 4319818.893, 73
Trd, 4319821.543, 95
Trd, 4319822.193, 96
Trd, 4319823.243, 97
Trd, 4319824.093, 97
Trd, 4319824.393, 95
Trd, 4319826.993, 96
Trd, 4319828.443, 96
Trd, 4319829.343, 86
Trd, 4319830.443, 89
Trd, 4319831.643, 89
Trd, 4319832.793, 112
Trd, 4319833.143, 104
Trd, 4319835.193, 104
Trd, 4319835.393, 102
Trd, 4319837.093, 104
Trd, 4319837.243, 100
Trd, 4319839.193, 99
Trd, 4319840.393, 101
Trd, 4319842.543, 101
Trd, 4319843.543, 100
Trd, 4319843.743, 103
Trd, 4319845.893, 101
Trd, 4319847.693, 103
Trd, 4319847.893, 100
Trd, 4319848.443, 104
Trd, 4319848.993, 99
Trd, 4319850.493, 98
Trd, 4319852.893, 99
Trd, 4319854.743, 100
Trd, 4319856.243, 99
Trd, 4319856.443, 94
Trd, 4319858.543, 95
Trd, 4319858.993, 98
Trd, 4319859.593, 97
Trd, 4319859.993, 99
Trd, 4319861.243, 91
Trd, 4319861.993, 98
Trd, 4319864.493, 95
Trd, 4319865.643, 94
Trd, 4319867.243, 94
Trd, 4319870.293, 94
Trd, 4319870.743, 96
Trd, 4319871.493, 94
Trd, 4319873.943, 113
Trd, 4319877.193, 100
Trd, 4319877.293, 102
Trd, 4319877.993, 96
Trd, 4319878.593, 100
Trd, 4319878.843, 112
Trd, 4319879.643, 99
Trd, 4319882.843, 101
Trd, 4319883.443, 105
Trd, 4319883.743, 100
Trd, 4319884.193, 100
Trd, 4319885.293, 99
Trd, 4319888.393, 101
Trd, 4319889.043, 103
Trd, 4319890.393, 101
Trd, 4319891.143, 100
Trd, 4319891.743, 101
Trd, 4319892.293, 103
Trd, 4319893.893, 100
Trd, 4319894.243, 101
Trd, 4319894.343, 86
Trd, 4319896.543, 79
Trd, 4319897.743, 83
Trd, 4319901.943, 104
Trd, 4319902.543, 97
Trd, 4319902.993, 97
Trd, 4319903.743, 97
Trd, 4319904.743, 98
Trd, 4319905.893, 103
Trd, 4319907.493, 98
Trd, 4319908.193, 96
Trd, 4319909.943, 90
Trd, 4319909.993, 86
Trd, 4319911.643, 92
Trd, 4319912.143, 92
Trd, 4319915.043, 93
Trd, 4319916.493, 94
Trd, 4319917.593, 93
Trd, 4319918.143, 92
Trd, 4319918.243, 86
Trd, 4319918.443, 95
Trd, 4319923.293, 90
Trd, 4319923.343, 89
Trd, 4319924.643, 95
Trd, 4319926.443, 91
Trd, 4319926.793, 94
Trd, 4319926.893, 91
Trd, 4319927.443, 77
Trd, 4319928.643, 95
Trd, 4319930.943, 87
Trd, 4319931.243, 104
Trd, 4319932.243, 101
Trd, 4319932.943, 101
Trd, 4319934.593, 100
Trd, 4319935.343, 99
Trd, 4319936.293, 86
Trd, 4319937.043, 91
Trd, 4319939.193, 96
Trd, 4319940.293, 94
Trd, 4319941.293, 96
Trd, 4319943.893, 97
Trd, 4319943.943, 96
Trd, 4319944.593, 98
Trd, 4319948.543, 111
Trd, 4319948.793, 99
Trd, 4319949.243, 104
Trd, 4319949.943, 101
Trd, 4319950.243, 86
Trd, 4319950.643, 85
Trd, 4319952.593, 99
Trd, 4319953.293, 102
Trd, 4319954.443, 101
Trd, 4319957.143, 102
Trd, 4319957.843, 100
Trd, 4319958.543, 99
Trd, 4319958.943, 99
Trd, 4319960.643, 98
Trd, 4319962.593, 103
Trd, 4319963.543, 98
Trd, 4319965.143, 98
Trd, 4319968.993, 99
Trd, 4319969.843, 102
Trd, 4319970.193, 99
Trd, 4319970.343, 97
Trd, 4319973.893, 101
Trd, 4319974.193, 104
Trd, 4319974.543, 101
Trd, 4319975.143, 94
Trd, 4319976.643, 98
Trd, 4319977.993, 98
Trd, 4319978.093, 104
Trd, 4319978.393, 97
Trd, 4319978.543, 93
Trd, 4319981.093, 97
Trd, 4319981.743, 102
Trd, 4319983.543, 96
Trd, 4319984.243, 95
Trd, 4319985.043, 95
Trd, 4319986.193, 97
Trd, 4319987.993, 96
Trd, 4319988.743, 99
Trd, 4319990.743, 95
Trd, 4319992.543, 95
Trd, 4319992.743, 94
Trd, 4319992.943, 100
Trd, 4319995.593, 101
Trd, 4319995.743, 93
Trd, 4319998.393, 94
