Trd, 4317693.543, 94
Trd, 4317699.193, 94
Trd, 4317699.643, 93
Trd, 4317701.643, 92
Trd, 4317704.993, 91
Trd, 4317706.043, 92
Trd, 4317711.293, 91
Trd, 4317715.743, 90
Trd, 4317719.593, 90
Trd, 4317723.993, 89
Trd, 4317724.793, 89
Trd, 4317726.543, 89
Trd, 4317730.843, 89
Trd, 4317731.743, 88
Trd, 4317733.593, 88
Trd, 4317741.743, 88
Trd, 4317742.893, 87
Trd, 4317749.893, 86
Trd, 4317751.243, 87
Trd, 4317751.893, 86
Trd, 4317753.593, 86
Trd, 4317758.193, 91
Trd, 4317759.143, 90
Trd, 4317762.243, 91
Trd, 4317762.493, 93
Trd, 4317764.593, 91
Trd, 4317765.393, 90
Trd, 4317772.443, 90
Trd, 4317772.743, 91
Trd, 4317777.493, 91
Trd, 4317781.193, 91
Trd, 4317782.593, 91
Trd, 4317789.343, 92
Trd, 4317789.543, 91
Trd, 4317795.693, 92
Trd, 4317796.093, 91
Trd, 4317799.543, 90
Trd, 4317800.993, 90
Trd, 4317804.293, 89
Trd, 4317809.393, 88
Trd, 4317818.593, 88
Trd, 4317820.893, 87
Trd, 4317825.243, 86
Trd, 4317831.093, 86
Trd, 4317836.143, 85
Trd, 4317836.193, 87
Trd, 4317837.343, 85
Trd, 4317839.593, 86
Trd, 4317841.393, 86
Trd, 4317845.143, 85
Trd, 4317846.443, 86
Trd, 4317847.393, 86
Trd, 4317847.943, 86
Trd, 4317848.443, 95
Trd, 4317852.843, 89
Trd, 4317852.943, 88
Trd, 4317853.893, 90
Trd, 4317856.493, 91
Trd, 4317862.443, 88
Trd, 4317863.443, 89
Trd, 4317863.543, 88
Trd, 4317864.243, 88
Trd, 4317867.393, 88
Trd, 4317871.243, 87
Trd, 4317871.443, 87
Trd, 4317872.893, 87
Trd, 4317873.043, 86
Trd, 4317875.893, 85
Trd, 4317878.893, 86
Trd, 4317880.893, 85
Trd, 4317886.243, 85
Trd, 4317888.243, 86
Trd, 4317890.993, 85
Trd, 4317891.143, 85
Trd, 4317894.293, 86
Trd, 4317897.643, 84
Trd, 4317898.093, 86
Trd, 4317901.443, 86
Trd, 4317902.093, 85
Trd, 4317903.043, 86
Trd, 4317907.593, 87
Trd, 4317908.543, 87
Trd, 4317916.893, 87
Trd, 4317919.793, 86
Trd, 4317927.593, 87
Trd, 4317928.043, 86
Trd, 4317928.843, 86
Trd, 4317933.043, 86
Trd, 4317934.243, 86
Trd, 4317936.043, 86
Trd, 4317937.143, 85
Trd, 4317939.293, 86
Trd, 4317943.593, 86
Trd, 4317943.793, 87
Trd, 4317944.993, 86
Trd, 4317950.793, 86
Trd, 4317951.693, 86
Trd, 4317952.543, 86
Trd, 4317953.893, 87
Trd, 4317958.143, 87
Trd, 4317961.343, 87
Trd, 4317962.443, 87
Trd, 4317966.643, 87
Trd, 4317966.843, 86
Trd, 4317968.043, 87
Trd, 4317971.943, 87
Trd, 4317972.693, 87
Trd, 4317973.493, 87
Trd, 4317974.943, 86
Trd, 4317978.243, 86
Trd, 4317979.543, 86
Trd, 4317981.893, 87
Trd, 4317982.593, 87
Trd, 4317983.193, 86
Trd, 4317986.493, 85
Trd, 4317988.393, 87
Trd, 4317989.943, 85
Trd, 4317990.893, 85
Trd, 4317991.493, 86
Trd, 4317991.743, 85
Trd, 4317996.193, 86
Trd, 4317996.443, 86
Trd, 4317999.293, 86
Trd, 4318000.343, 87
Trd, 4318001.893, 87
Trd, 4318007.743, 89
Trd, 4318009.193, 89
Trd, 4318009.243, 88
Trd, 4318010.243, 88
Trd, 4318013.043, 87
Trd, 4318013.443, 88
Trd, 4318019.743, 87
Trd, 4318019.843, 86
Trd, 4318021.293, 86
Trd, 4318024.193, 86
Trd, 4318027.243, 86
Trd, 4318027.693, 85
Trd, 4318028.443, 85
Trd, 4318031.843, 86
Trd, 4318034.693, 85
Trd, 4318036.393, 84
Trd, 4318038.543, 83
Trd, 4318040.193, 88
Trd, 4318040.693, 87
Trd, 4318042.943, 89
Trd, 4318045.293, 96
Trd, 4318047.993, 95
Trd, 4318048.793, 95
Trd, 4318050.543, 94
Trd, 4318050.593, 94
Trd, 4318054.243, 93
Trd, 4318055.943, 94
Trd, 4318063.543, 93
Trd, 4318067.693, 92
Trd, 4318073.693, 92
Trd, 4318074.593, 93
Trd, 4318075.843, 93
Trd, 4318078.293, 94
Trd, 4318078.493, 93
Trd, 4318083.193, 92
Trd, 4318087.793, 93
Trd, 4318093.693, 92
Trd, 4318096.943, 91
Trd, 4318099.593, 91
Trd, 4318110.543, 90
Trd, 4318110.643, 90
Trd, 4318112.393, 90
Trd, 4318115.593, 90
Trd, 4318117.293, 89
Trd, 4318117.843, 89
Trd, 4318119.743, 90
Trd, 4318122.143, 90
Trd, 4318122.493, 89
Trd, 4318129.143, 89
Trd, 4318129.343, 89
Trd, 4318130.343, 89
Trd, 4318133.243, 89
Trd, 4318136.793, 92
Trd, 4318139.893, 89
Trd, 4318140.543, 89
Trd, 4318141.143, 89
Trd, 4318148.693, 88
Trd, 4318148.793, 88
Trd, 4318150.243, 88
Trd, 4318151.543, 87
Trd, 4318152.043, 87
Trd, 4318155.943, 87
Trd, 4318165.193, 86
Trd, 4318166.043, 85
Trd, 4318167.093, 86
Trd, 4318168.193, 86
Trd, 4318169.843, 86
Trd, 4318172.293, 87
Trd, 4318173.743, 87
Trd, 4318181.743, 87
Trd, 4318192.493, 87
Trd, 4318192.593, 86
Trd, 4318193.343, 86
Trd, 4318196.093, 94
Trd, 4318198.843, 94
Trd, 4318199.743, 94
Trd, 4318201.343, 93
Trd, 4318207.243, 94
Trd, 4318208.943, 93
Trd, 4318209.143, 93
Trd, 4318210.293, 94
Trd, 4318213.493, 93
Trd, 4318218.943, 92
Trd, 4318223.643, 92
Trd, 4318226.293, 93
Trd, 4318227.643, 92
Trd, 4318233.043, 92
Trd, 4318239.843, 92
Trd, 4318245.193, 92
Trd, 4318245.543, 91
Trd, 4318249.243, 91
Trd, 4318249.993, 92
Trd, 4318252.043, 95
Trd, 4318257.543, 91
Trd, 4318262.893, 91
Trd, 4318263.043, 92
Trd, 4318267.093, 92
Trd, 4318268.143, 95
Trd, 4318273.093, 90
Trd, 4318273.143, 90
Trd, 4318274.493, 90
Trd, 4318280.043, 89
Trd, 4318283.343, 88
Trd, 4318286.043, 89
Trd, 4318287.093, 88
Trd, 4318289.743, 91
Trd, 4318291.393, 90
Trd, 4318293.493, 90
Trd, 4318296.543, 91
Trd, 4318296.943, 94
Trd, 4318300.593, 90
Trd, 4318306.393, 91
Trd, 4318306.793, 89
Trd, 4318311.643, 88
Trd, 4318313.493, 89
Trd, 4318317.243, 91
Trd, 4318319.443, 89
Trd, 4318330.693, 88
Trd, 4318333.093, 89
Trd, 4318335.143, 89
Trd, 4318339.993, 87
Trd, 4318342.993, 86
Trd, 4318345.543, 86
Trd, 4318347.143, 87
Trd, 4318347.643, 86
Trd, 4318348.043, 87
Trd, 4318350.993, 89
Trd, 4318351.593, 89
Trd, 4318353.643, 89
Trd, 4318355.643, 90
Trd, 4318356.043, 90
Trd, 4318357.793, 92
Trd, 4318362.043, 89
Trd, 4318362.343, 89
Trd, 4318364.593, 89
Trd, 4318365.893, 95
Trd, 4318368.293, 88
Trd, 4318371.243, 88
Trd, 4318371.643, 88
Trd, 4318377.493, 88
Trd, 4318378.893, 89
Trd, 4318381.793, 88
Trd, 4318386.493, 88
Trd, 4318391.993, 86
Trd, 4318396.443, 86
Trd, 4318398.493, 87
Trd, 4318402.393, 86
Trd, 4318404.093, 86
Trd, 4318405.193, 85
Trd, 4318406.743, 86
Trd, 4318409.093, 86
Trd, 4318412.443, 88
Trd, 4318413.893, 87
Trd, 4318417.693, 86
Trd, 4318419.543, 86
Trd, 4318420.293, 86
Trd, 4318420.843, 87
Trd, 4318426.893, 86
Trd, 4318427.143, 86
Trd, 4318429.243, 86
Trd, 4318433.243, 86
Trd, 4318433.543, 87
Trd, 4318441.093, 86
Trd, 4318442.743, 86
Trd, 4318443.543, 87
Trd, 4318443.893, 86
Trd, 4318445.243, 86
Trd, 4318446.093, 87
Trd, 4318446.793, 87
Trd, 4318448.843, 90
Trd, 4318449.643, 86
Trd, 4318456.043, 86
Trd, 4318457.643, 86
Trd, 4318458.043, 87
Trd, 4318458.343, 86
Trd, 4318466.593, 86
Trd, 4318469.393, 86
Trd, 4318474.293, 87
Trd, 4318476.493, 86
Trd, 4318477.643, 86
Trd, 4318478.993, 86
Trd, 4318485.343, 86
Trd, 4318486.093, 86
Trd, 4318488.043, 86
Trd, 4318491.643, 85
Trd, 4318493.743, 84
Trd, 4318494.243, 86
Trd, 4318499.793, 85
Trd, 4318500.293, 85
Trd, 4318503.243, 85
Trd, 4318504.493, 86
Trd, 4318507.793, 86
Trd, 4318510.193, 86
Trd, 4318510.393, 86
Trd, 4318514.543, 86
Trd, 4318516.193, 86
Trd, 4318518.443, 86
Trd, 4318523.443, 87
Trd, 4318525.943, 86
Trd, 4318528.693, 85
Trd, 4318529.843, 85
Trd, 4318530.943, 86
Trd, 4318531.043, 95
Trd, 4318535.893, 86
Trd, 4318538.593, 86
Trd, 4318539.593, 85
Trd, 4318541.143, 86
Trd, 4318547.193, 85
Trd, 4318548.043, 86
Trd, 4318550.293, 86
Trd, 4318551.293, 87
Trd, 4318554.943, 87
Trd, 4318558.643, 89
Trd, 4318561.243, 88
Trd, 4318568.193, 88
Trd, 4318571.643, 88
Trd, 4318572.593, 89
Trd, 4318576.793, 87
Trd, 4318580.793, 87
Trd, 4318585.893, 87
Trd, 4318589.993, 86
Trd, 4318591.293, 87
Trd, 4318594.093, 86
Trd, 4318596.293, 85
Trd, 4318596.493, 86
Trd, 4318599.843, 86
Trd, 4318605.293, 87
Trd, 4318608.493, 86
Trd, 4318611.093, 85
Trd, 4318617.343, 86
Trd, 4318622.843, 86
Trd, 4318626.293, 87
Trd, 4318628.543, 86
Trd, 4318628.993, 86
Trd, 4318633.043, 92
Trd, 4318636.743, 86
Trd, 4318637.543, 86
Trd, 4318637.693, 86
Trd, 4318640.643, 86
Trd, 4318644.143, 85
Trd, 4318644.943, 86
Trd, 4318646.543, 85
Trd, 4318649.793, 86
Trd, 4318649.943, 86
Trd, 4318652.143, 86
Trd, 4318654.593, 86
Trd, 4318655.143, 92
Trd, 4318660.493, 86
Trd, 4318666.943, 86
Trd, 4318667.643, 87
Trd, 4318670.643, 87
Trd, 4318675.043, 90
Trd, 4318676.893, 90
Trd, 4318677.593, 91
Trd, 4318678.843, 91
Trd, 4318681.993, 91
Trd, 4318687.893, 90
Trd, 4318688.593, 91
Trd, 4318691.893, 90
Trd, 4318697.193, 92
Trd, 4318700.993, 90
Trd, 4318701.643, 90
Trd, 4318701.793, 89
Trd, 4318705.193, 90
Trd, 4318708.043, 89
Trd, 4318708.193, 89
Trd, 4318710.193, 88
Trd, 4318714.893, 89
Trd, 4318715.943, 88
Trd, 4318721.193, 87
Trd, 4318722.493, 87
Trd, 4318723.943, 88
Trd, 4318726.443, 87
Trd, 4318731.043, 86
Trd, 4318732.743, 86
Trd, 4318734.593, 87
Trd, 4318736.543, 87
Trd, 4318736.843, 87
Trd, 4318738.193, 87
Trd, 4318739.643, 91
Trd, 4318741.893, 96
Trd, 4318744.193, 101
Trd, 4318745.043, 100
Trd, 4318745.643, 99
Trd, 4318749.993, 98
Trd, 4318755.893, 99
Trd, 4318758.393, 97
Trd, 4318759.093, 97
Trd, 4318761.793, 97
Trd, 4318763.643, 97
Trd, 4318765.843, 96
Trd, 4318767.243, 96
Trd, 4318767.843, 95
Trd, 4318771.043, 96
Trd, 4318771.643, 94
Trd, 4318774.243, 94
Trd, 4318774.943, 94
Trd, 4318775.043, 93
Trd, 4318779.993, 92
Trd, 4318780.993, 92
Trd, 4318782.393, 91
Trd, 4318794.993, 90
Trd, 4318797.093, 89
Trd, 4318797.343, 88
Trd, 4318797.893, 88
Trd, 4318799.143, 88
Trd, 4318799.943, 87
Trd, 4318800.093, 88
Trd, 4318802.643, 95
Trd, 4318803.793, 94
Trd, 4318806.943, 95
Trd, 4318807.043, 94
Trd, 4318808.943, 97
Trd, 4318810.343, 96
Trd, 4318811.443, 96
Trd, 4318811.493, 94
Trd, 4318816.043, 94
Trd, 4318817.793, 94
Trd, 4318818.493, 94
Trd, 4318818.993, 93
Trd, 4318824.893, 94
Trd, 4318826.193, 93
Trd, 4318827.293, 93
Trd, 4318828.043, 92
Trd, 4318828.993, 95
Trd, 4318832.893, 91
Trd, 4318833.143, 91
Trd, 4318834.293, 91
Trd, 4318834.893, 93
Trd, 4318841.893, 90
Trd, 4318842.743, 91
Trd, 4318843.993, 90
Trd, 4318845.143, 90
Trd, 4318849.043, 89
Trd, 4318855.043, 91
Trd, 4318857.893, 88
Trd, 4318860.893, 87
Trd, 4318867.893, 86
Trd, 4318869.143, 86
Trd, 4318869.843, 95
Trd, 4318876.243, 86
Trd, 4318876.443, 87
Trd, 4318877.843, 86
Trd, 4318880.093, 85
Trd, 4318880.743, 87
Trd, 4318881.193, 85
Trd, 4318882.393, 87
Trd, 4318886.093, 86
Trd, 4318893.343, 86
Trd, 4318894.993, 87
Trd, 4318896.143, 87
Trd, 4318899.343, 87
Trd, 4318901.643, 86
Trd, 4318902.743, 86
Trd, 4318907.093, 86
Trd, 4318907.693, 85
Trd, 4318908.293, 87
Trd, 4318912.843, 86
Trd, 4318918.993, 86
Trd, 4318924.493, 86
Trd, 4318927.593, 86
Trd, 4318928.643, 85
Trd, 4318928.743, 85
Trd, 4318931.843, 92
Trd, 4318933.143, 95
Trd, 4318933.243, 91
Trd, 4318935.043, 94
Trd, 4318936.143, 94
Trd, 4318939.143, 103
Trd, 4318939.193, 102
Trd, 4318939.943, 102
Trd, 4318941.543, 101
Trd, 4318942.043, 101
Trd, 4318942.593, 102
Trd, 4318947.293, 100
Trd, 4318951.043, 100
Trd, 4318959.543, 100
Trd, 4318966.193, 99
Trd, 4318967.093, 98
Trd, 4318969.843, 98
Trd, 4318975.543, 97
Trd, 4318978.543, 98
Trd, 4318980.593, 96
Trd, 4318984.143, 95
Trd, 4318986.093, 96
Trd, 4318987.193, 96
Trd, 4318990.543, 95
Trd, 4318993.593, 95
Trd, 4318998.243, 96
Trd, 4318999.043, 94
Trd, 4318999.293, 95
Trd, 4319005.943, 94
Trd, 4319006.093, 94
Trd, 4319008.043, 95
Trd, 4319008.793, 93
Trd, 4319016.193, 95
Trd, 4319016.743, 93
Trd, 4319020.343, 93
Trd, 4319021.993, 93
Trd, 4319025.993, 93
Trd, 4319028.893, 92
Trd, 4319029.643, 92
Trd, 4319034.793, 91
Trd, 4319036.343, 93
Trd, 4319040.293, 92
Trd, 4319041.043, 91
Trd, 4319043.443, 91
Trd, 4319046.643, 91
Trd, 4319048.093, 91
Trd, 4319051.693, 91
Trd, 4319052.643, 92
Trd, 4319055.643, 91
Trd, 4319056.893, 91
Trd, 4319060.393, 91
Trd, 4319066.193, 90
Trd, 4319066.893, 91
Trd, 4319067.543, 92
Trd, 4319073.043, 91
Trd, 4319073.193, 90
Trd, 4319073.393, 90
Trd, 4319077.793, 90
Trd, 4319081.943, 89
Trd, 4319082.093, 89
Trd, 4319087.143, 88
Trd, 4319088.043, 91
Trd, 4319090.243, 93
Trd, 4319092.543, 92
Trd, 4319096.943, 92
Trd, 4319097.643, 92
Trd, 4319098.743, 92
Trd, 4319102.093, 93
Trd, 4319107.193, 92
Trd, 4319110.743, 92
Trd, 4319111.143, 93
Trd, 4319115.193, 91
Trd, 4319119.593, 91
Trd, 4319126.593, 90
Trd, 4319126.643, 91
Trd, 4319128.643, 91
Trd, 4319129.343, 92
Trd, 4319134.443, 89
Trd, 4319137.393, 88
Trd, 4319137.693, 88
Trd, 4319138.193, 89
Trd, 4319139.443, 88
Trd, 4319142.843, 87
Trd, 4319144.343, 95
Trd, 4319144.943, 102
Trd, 4319145.193, 96
Trd, 4319147.893, 97
Trd, 4319148.343, 97
Trd, 4319150.393, 95
Trd, 4319152.043, 96
Trd, 4319153.493, 95
Trd, 4319158.793, 96
Trd, 4319159.893, 94
Trd, 4319160.243, 93
Trd, 4319160.943, 93
Trd, 4319161.093, 93
Trd, 4319162.243, 92
Trd, 4319168.393, 92
Trd, 4319171.093, 91
Trd, 4319171.443, 91
Trd, 4319174.393, 91
Trd, 4319174.843, 90
Trd, 4319177.893, 92
Trd, 4319178.443, 91
Trd, 4319180.393, 91
Trd, 4319181.043, 91
Trd, 4319182.093, 90
Trd, 4319184.143, 104
Trd, 4319190.243, 91
Trd, 4319191.693, 90
Trd, 4319191.893, 90
Trd, 4319196.443, 89
Trd, 4319196.593, 89
Trd, 4319199.243, 93
Trd, 4319200.693, 93
Trd, 4319200.893, 92
Trd, 4319201.393, 92
Trd, 4319202.793, 93
Trd, 4319210.693, 91
Trd, 4319211.593, 90
Trd, 4319212.493, 90
Trd, 4319218.343, 89
Trd, 4319218.693, 89
Trd, 4319222.943, 90
Trd, 4319227.493, 88
Trd, 4319229.493, 89
Trd, 4319235.543, 87
Trd, 4319245.043, 86
Trd, 4319245.143, 86
Trd, 4319245.793, 87
Trd, 4319246.443, 87
Trd, 4319248.243, 93
Trd, 4319250.193, 89
Trd, 4319251.893, 92
Trd, 4319252.493, 92
Trd, 4319259.693, 93
Trd, 4319260.143, 93
Trd, 4319261.893, 94
Trd, 4319267.143, 92
Trd, 4319267.893, 93
Trd, 4319269.893, 93
Trd, 4319271.793, 92
Trd, 4319272.843, 93
Trd, 4319274.843, 92
Trd, 4319275.893, 92
Trd, 4319278.693, 92
Trd, 4319278.743, 93
Trd, 4319281.243, 93
Trd, 4319287.193, 91
Trd, 4319287.393, 91
Trd, 4319291.793, 95
Trd, 4319295.093, 90
Trd, 4319295.293, 90
Trd, 4319295.543, 90
Trd, 4319298.143, 89
Trd, 4319302.693, 89
Trd, 4319305.143, 90
Trd, 4319306.593, 90
Trd, 4319307.493, 89
Trd, 4319307.843, 95
Trd, 4319311.993, 89
Trd, 4319316.143, 92
Trd, 4319318.593, 88
Trd, 4319320.393, 88
Trd, 4319321.243, 88
Trd, 4319323.193, 89
Trd, 4319324.593, 88
Trd, 4319326.493, 88
Trd, 4319328.343, 87
Trd, 4319331.043, 88
Trd, 4319336.793, 87
Trd, 4319338.943, 86
Trd, 4319340.543, 86
Trd, 4319340.643, 86
Trd, 4319341.993, 86
Trd, 4319344.443, 87
Trd, 4319349.093, 86
Trd, 4319350.343, 86
Trd, 4319353.393, 86
Trd, 4319356.443, 86
Trd, 4319358.843, 86
Trd, 4319364.393, 86
Trd, 4319369.443, 86
Trd, 4319370.943, 85
Trd, 4319377.543, 86
Trd, 4319379.243, 87
Trd, 4319384.343, 88
Trd, 4319386.193, 87
Trd, 4319386.893, 87
Trd, 4319388.743, 87
Trd, 4319389.793, 88
Trd, 4319391.843, 86
Trd, 4319393.993, 87
Trd, 4319394.193, 86
Trd, 4319399.493, 86
Trd, 4319399.993, 85
Trd, 4319400.343, 85
Trd, 4319400.843, 85
Trd, 4319404.993, 85
Trd, 4319408.593, 84
Trd, 4319409.643, 85
Trd, 4319411.293, 84
Trd, 4319413.543, 85
Trd, 4319417.743, 86
Trd, 4319419.443, 85
Trd, 4319421.243, 83
Trd, 4319424.293, 85
Trd, 4319424.593, 84
Trd, 4319425.943, 86
Trd, 4319431.743, 85
Trd, 4319434.443, 85
Trd, 4319435.043, 86
Trd, 4319435.593, 84
Trd, 4319438.393, 85
Trd, 4319439.943, 87
Trd, 4319443.543, 88
Trd, 4319444.143, 88
Trd, 4319444.843, 93
Trd, 4319447.943, 89
Trd, 4319450.293, 88
Trd, 4319450.993, 87
Trd, 4319454.793, 86
Trd, 4319460.593, 87
Trd, 4319462.193, 87
Trd, 4319462.393, 88
Trd, 4319463.093, 86
Trd, 4319466.443, 88
Trd, 4319468.293, 88
Trd, 4319470.143, 87
Trd, 4319470.993, 87
Trd, 4319473.393, 88
Trd, 4319474.443, 95
Trd, 4319477.343, 88
Trd, 4319480.193, 89
Trd, 4319482.693, 88
Trd, 4319486.343, 88
Trd, 4319489.543, 87
Trd, 4319489.793, 87
Trd, 4319490.243, 87
Trd, 4319491.643, 89
Trd, 4319495.593, 88
Trd, 4319498.343, 87
Trd, 4319499.743, 89
Trd, 4319502.793, 87
Trd, 4319502.893, 87
Trd, 4319504.343, 91
Trd, 4319507.493, 90
Trd, 4319511.793, 89
Trd, 4319512.893, 89
Trd, 4319513.743, 89
Trd, 4319513.943, 89
Trd, 4319516.043, 94
Trd, 4319518.143, 90
Trd, 4319523.443, 91
Trd, 4319524.143, 91
Trd, 4319527.693, 91
Trd, 4319532.443, 90
Trd, 4319534.393, 90
Trd, 4319535.943, 90
Trd, 4319541.443, 90
Trd, 4319542.643, 90
Trd, 4319543.943, 90
Trd, 4319544.643, 94
Trd, 4319555.343, 90
Trd, 4319555.693, 89
Trd, 4319556.793, 89
Trd, 4319556.843, 90
Trd, 4319562.243, 89
Trd, 4319562.693, 89
Trd, 4319564.343, 90
Trd, 4319569.343, 88
Trd, 4319570.493, 89
Trd, 4319572.743, 90
Trd, 4319574.193, 94
Trd, 4319577.543, 94
Trd, 4319578.043, 95
Trd, 4319578.743, 94
Trd, 4319579.593, 93
Trd, 4319584.343, 93
Trd, 4319584.393, 92
Trd, 4319587.793, 90
Trd, 4319588.393, 91
Trd, 4319589.593, 90
Trd, 4319592.093, 90
Trd, 4319593.393, 89
Trd, 4319596.593, 89
Trd, 4319597.693, 91
Trd, 4319603.393, 89
Trd, 4319603.643, 89
Trd, 4319603.893, 88
Trd, 4319607.043, 95
Trd, 4319614.993, 87
Trd, 4319620.043, 88
Trd, 4319621.243, 86
Trd, 4319621.743, 86
Trd, 4319624.543, 86
Trd, 4319627.393, 86
Trd, 4319628.543, 86
Trd, 4319630.493, 86
Trd, 4319634.693, 86
Trd, 4319636.443, 86
Trd, 4319641.043, 87
Trd, 4319642.093, 86
Trd, 4319642.993, 86
Trd, 4319644.043, 87
Trd, 4319645.243, 88
Trd, 4319647.043, 90
Trd, 4319649.793, 94
Trd, 4319652.993, 90
Trd, 4319653.893, 89
Trd, 4319658.393, 89
Trd, 4319659.843, 90
Trd, 4319662.293, 89
Trd, 4319668.793, 88
Trd, 4319669.193, 88
Trd, 4319670.743, 88
Trd, 4319675.043, 88
Trd, 4319676.743, 89
Trd, 4319679.293, 88
Trd, 4319689.193, 88
Trd, 4319689.443, 87
Trd, 4319692.793, 86
Trd, 4319694.243, 87
Trd, 4319698.143, 87
Trd, 4319699.843, 87
Trd, 4319701.193, 88
Trd, 4319702.343, 89
Trd, 4319703.893, 88
Trd, 4319710.093, 87
Trd, 4319710.193, 87
Trd, 4319711.793, 86
Trd, 4319712.043, 87
Trd, 4319716.643, 86
Trd, 4319717.193, 87
Trd, 4319717.693, 95
Trd, 4319721.293, 87
Trd, 4319728.643, 87
Trd, 4319729.393, 87
Trd, 4319730.193, 89
Trd, 4319735.693, 88
Trd, 4319736.543, 87
Trd, 4319738.243, 89
Trd, 4319740.593, 88
Trd, 4319741.193, 88
Trd, 4319743.393, 88
Trd, 4319744.593, 88
Trd, 4319748.043, 89
Trd, 4319750.043, 92
Trd, 4319751.193, 91
Trd, 4319752.793, 90
Trd, 4319755.043, 90
Trd, 4319757.743, 89
Trd, 4319758.643, 88
Trd, 4319760.743, 88
Trd, 4319760.793, 88
Trd, 4319763.393, 87
Trd, 4319766.643, 87
Trd, 4319768.243, 86
Trd, 4319769.993, 86
Trd, 4319772.343, 87
Trd, 4319774.793, 90
Trd, 4319775.393, 95
Trd, 4319776.593, 93
Trd, 4319776.993, 93
Trd, 4319780.393, 92
Trd, 4319781.993, 92
Trd, 4319783.043, 92
Trd, 4319783.143, 92
Trd, 4319787.943, 91
Trd, 4319790.843, 91
Trd, 4319794.393, 90
Trd, 4319794.943, 90
Trd, 4319795.193, 90
Trd, 4319795.343, 89
Trd, 4319797.143, 98
Trd, 4319797.593, 98
Trd, 4319801.543, 98
Trd, 4319802.993, 97
Trd, 4319805.743, 96
Trd, 4319806.193, 96
Trd, 4319806.893, 96
Trd, 4319811.093, 96
Trd, 4319811.643, 95
Trd, 4319813.743, 94
Trd, 4319815.493, 95
Trd, 4319818.093, 93
Trd, 4319825.893, 92
Trd, 4319826.093, 94
Trd, 4319833.643, 91
Trd, 4319835.743, 90
Trd, 4319836.343, 92
Trd, 4319844.043, 89
Trd, 4319844.943, 89
Trd, 4319846.093, 89
Trd, 4319847.643, 89
Trd, 4319850.293, 89
Trd, 4319851.143, 88
Trd, 4319853.343, 88
Trd, 4319858.293, 88
Trd, 4319858.443, 87
Trd, 4319861.693, 86
Trd, 4319861.793, 86
Trd, 4319862.243, 86
Trd, 4319867.993, 85
Trd, 4319868.943, 86
Trd, 4319873.993, 85
Trd, 4319877.093, 85
Trd, 4319880.643, 84
Trd, 4319880.793, 85
Trd, 4319881.943, 86
Trd, 4319886.393, 85
Trd, 4319886.743, 86
Trd, 4319887.743, 86
Trd, 4319891.393, 86
Trd, 4319896.493, 87
Trd, 4319902.243, 87
Trd, 4319905.543, 85
Trd, 4319906.293, 87
Trd, 4319908.243, 86
Trd, 4319909.143, 86
Trd, 4319910.243, 86
Trd, 4319911.843, 85
Trd, 4319917.543, 86
Trd, 4319921.643, 85
Trd, 4319922.393, 84
Trd, 4319923.093, 86
Trd, 4319925.643, 87
Trd, 4319928.343, 87
Trd, 4319929.993, 86
Trd, 4319935.443, 86
Trd, 4319936.743, 87
Trd, 4319937.593, 86
Trd, 4319940.693, 94
Trd, 4319940.743, 90
Trd, 4319943.043, 91
Trd, 4319945.043, 92
Trd, 4319949.293, 91
Trd, 4319951.243, 90
Trd, 4319951.843, 91
Trd, 4319954.593, 90
Trd, 4319954.843, 89
Trd, 4319961.093, 89
Trd, 4319962.093, 89
Trd, 4319963.043, 90
Trd, 4319969.643, 89
Trd, 4319971.643, 88
Trd, 4319971.793, 88
Trd, 4319979.093, 87
Trd, 4319979.393, 87
Trd, 4319980.293, 89
Trd, 4319983.793, 88
Trd, 4319984.843, 87
Trd, 4319989.993, 89
Trd, 4319991.393, 86
Trd, 4319994.793, 85
Trd, 4319995.843, 86
Trd, 4319996.443, 84
Trd, 4319996.543, 87
Trd, 4319998.843, 91
