Trd, 4317871.693, 98
Trd, 4317871.843, 97
Trd, 4317874.593, 96
Trd, 4317874.893, 96
Trd, 4317876.393, 97
Trd, 4317876.693, 85
Trd, 4317877.693, 76
Trd, 4317879.743, 92
Trd, 4317881.943, 97
Trd, 4317882.543, 96
Trd, 4317883.593, 97
Trd, 4317885.943, 101
Trd, 4317886.943, 99
Trd, 4317887.243, 98
Trd, 4317891.243, 95
Trd, 4317891.893, 94
Trd, 4317892.693, 88
Trd, 4317893.393, 88
Trd, 4317894.043, 87
Trd, 4317897.343, 91
Trd, 4317897.593, 90
Trd, 4317898.793, 90
Trd, 4317900.193, 94
Trd, 4317903.793, 97
Trd, 4317904.493, 98
Trd, 4317905.143, 97
Trd, 4317905.393, 97
Trd, 4317906.943, 97
Trd, 4317909.343, 97
Trd, 4317910.143, 85
Trd, 4317910.593, 81
Trd, 4317912.743, 87
Trd, 4317912.893, 87
Trd, 4317913.893, 85
Trd, 4317916.843, 93
Trd, 4317918.043, 93
Trd, 4317918.893, 94
Trd, 4317921.693, 95
Trd, 4317923.843, 101
Trd, 4317924.343, 101
Trd, 4317924.593, 100
Trd, 4317924.843, 96
Trd, 4317927.543, 96
Trd, 4317928.343, 86
Trd, 4317930.443, 91
Trd, 4317932.193, 90
Trd, 4317934.343, 94
Trd, 4317935.293, 96
Trd, 4317936.743, 96
Trd, 4317937.493, 96
Trd, 4317938.043, 87
Trd, 4317940.443, 92
Trd, 4317942.793, 95
Trd, 4317943.293, 94
Trd, 4317944.093, 94
Trd, 4317944.193, 93
Trd, 4317947.093, 93
Trd, 4317947.843, 92
Trd, 4317949.493, 86
Trd, 4317952.743, 92
Trd, 4317952.993, 94
Trd, 4317953.493, 91
Trd, 4317955.943, 94
Trd, 4317956.743, 94
Trd, 4317956.993, 92
Trd, 4317957.943, 87
Trd, 4317962.993, 94
Trd, 4317964.143, 94
Trd, 4317964.593, 94
Trd, 4317965.793, 93
Trd, 4317966.693, 94
Trd, 4317968.993, 95
Trd, 4317969.493, 95
Trd, 4317969.843, 92
Trd, 4317973.143, 93
Trd, 4317973.293, 92
Trd, 4317975.393, 92
Trd, 4317976.893, 94
Trd, 4317977.743, 93
Trd, 4317980.943, 96
Trd, 4317981.143, 95
Trd, 4317982.793, 78
Trd, 4317983.543, 83
Trd, 4317984.393, 76
Trd, 4317986.193, 90
Trd, 4317987.793, 92
Trd, 4317987.893, 90
Trd, 4317990.243, 92
Trd, 4317993.693, 92
Trd, 4317994.893, 92
Trd, 4317995.043, 91
Trd, 4317997.843, 95
Trd, 4317998.143, 92
Trd, 4317999.643, 92
Trd, 4318001.743, 94
Trd, 4318002.943, 91
Trd, 4318003.543, 91
Trd, 4318005.443, 91
Trd, 4318006.893, 92
Trd, 4318010.843, 95
Trd, 4318011.293, 94
Trd, 4318011.743, 93
Trd, 4318013.843, 97
Trd, 4318014.943, 97
Trd, 4318015.293, 96
Trd, 4318016.743, 96
Trd, 4318019.293, 102
Trd, 4318019.593, 100
Trd, 4318019.743, 98
Trd, 4318019.993, 86
Trd, 4318022.893, 93
Trd, 4318024.693, 94
Trd, 4318026.943, 98
Trd, 4318027.993, 98
Trd, 4318028.643, 98
Trd, 4318029.693, 99
Trd, 4318029.993, 98
Trd, 4318032.393, 96
Trd, 4318033.943, 104
Trd, 4318034.743, 102
Trd, 4318036.293, 102
Trd, 4318036.593, 101
Trd, 4318038.593, 103
Trd, 4318039.843, 102
Trd, 4318039.943, 102
Trd, 4318040.143, 101
Trd, 4318041.243, 78
Trd, 4318042.843, 85
Trd, 4318042.993, 84
Trd, 4318048.493, 95
Trd, 4318049.143, 95
Trd, 4318049.793, 85
Trd, 4318050.093, 85
Trd, 4318052.393, 91
Trd, 4318052.993, 95
Trd, 4318053.643, 92
Trd, 4318053.693, 77
Trd, 4318055.293, 86
Trd, 4318057.043, 94
Trd, 4318058.393, 94
Trd, 4318059.443, 93
Trd, 4318062.443, 95
Trd, 4318062.643, 93
Trd, 4318064.143, 104
Trd, 4318064.543, 103
Trd, 4318066.593, 103
Trd, 4318066.993, 103
Trd, 4318067.643, 87
Trd, 4318071.893, 98
Trd, 4318072.243, 97
Trd, 4318072.693, 97
Trd, 4318072.893, 95
Trd, 4318073.493, 95
Trd, 4318075.143, 98
Trd, 4318075.543, 97
Trd, 4318078.643, 99
Trd, 4318078.843, 98
Trd, 4318079.693, 98
Trd, 4318079.993, 98
Trd, 4318081.243, 97
Trd, 4318081.793, 97
Trd, 4318084.493, 96
Trd, 4318084.743, 98
Trd, 4318085.943, 97
Trd, 4318087.793, 96
Trd, 4318088.343, 97
Trd, 4318088.893, 96
Trd, 4318091.743, 101
Trd, 4318091.943, 100
Trd, 4318092.493, 100
Trd, 4318094.093, 101
Trd, 4318094.343, 101
Trd, 4318094.793, 100
Trd, 4318098.293, 100
Trd, 4318098.543, 100
Trd, 4318100.043, 99
Trd, 4318101.343, 101
Trd, 4318102.293, 101
Trd, 4318103.793, 100
Trd, 4318105.093, 99
Trd, 4318106.193, 97
Trd, 4318109.343, 100
Trd, 4318109.843, 101
Trd, 4318110.193, 100
Trd, 4318110.543, 99
Trd, 4318111.943, 101
Trd, 4318112.743, 101
Trd, 4318113.443, 101
Trd, 4318113.943, 100
Trd, 4318115.493, 101
Trd, 4318116.443, 98
Trd, 4318118.993, 99
Trd, 4318119.693, 99
Trd, 4318120.193, 100
Trd, 4318120.843, 99
Trd, 4318122.893, 97
Trd, 4318123.693, 87
Trd, 4318126.843, 93
Trd, 4318126.943, 92
Trd, 4318128.893, 91
Trd, 4318131.643, 92
Trd, 4318133.693, 94
Trd, 4318134.143, 93
Trd, 4318135.743, 95
Trd, 4318135.793, 92
Trd, 4318138.093, 91
Trd, 4318138.493, 85
Trd, 4318141.993, 91
Trd, 4318142.843, 89
Trd, 4318145.293, 91
Trd, 4318145.693, 90
Trd, 4318146.193, 85
Trd, 4318147.593, 91
Trd, 4318150.593, 92
Trd, 4318150.743, 89
Trd, 4318154.443, 91
Trd, 4318154.893, 91
Trd, 4318155.543, 92
Trd, 4318157.693, 92
Trd, 4318157.843, 85
Trd, 4318159.493, 89
Trd, 4318162.243, 92
Trd, 4318162.293, 91
Trd, 4318163.343, 91
Trd, 4318163.993, 90
Trd, 4318165.443, 91
Trd, 4318165.993, 90
Trd, 4318169.393, 96
Trd, 4318169.443, 95
Trd, 4318170.793, 95
Trd, 4318172.293, 100
Trd, 4318172.793, 96
Trd, 4318174.793, 100
Trd, 4318175.793, 100
Trd, 4318178.043, 103
Trd, 4318178.393, 101
Trd, 4318178.743, 101
Trd, 4318180.693, 99
Trd, 4318183.143, 100
Trd, 4318183.893, 99
Trd, 4318185.543, 98
Trd, 4318186.993, 98
Trd, 4318188.743, 99
Trd, 4318188.843, 98
Trd, 4318189.743, 93
Trd, 4318191.893, 93
Trd, 4318194.293, 94
Trd, 4318194.593, 94
Trd, 4318194.693, 93
Trd, 4318195.893, 96
Trd, 4318197.343, 99
Trd, 4318198.193, 99
Trd, 4318199.493, 97
Trd, 4318202.143, 100
Trd, 4318202.343, 99
Trd, 4318202.593, 99
Trd, 4318204.293, 99
Trd, 4318205.193, 98
Trd, 4318206.443, 99
Trd, 4318206.943, 77
Trd, 4318208.243, 94
Trd, 4318208.343, 89
Trd, 4318213.093, 93
Trd, 4318213.793, 94
Trd, 4318213.843, 93
Trd, 4318216.993, 95
Trd, 4318217.393, 93
Trd, 4318217.993, 92
Trd, 4318218.943, 95
Trd, 4318219.443, 93
Trd, 4318224.043, 98
Trd, 4318224.243, 97
Trd, 4318225.193, 96
Trd, 4318226.543, 95
Trd, 4318228.993, 94
Trd, 4318229.893, 86
Trd, 4318230.493, 90
Trd, 4318233.943, 97
Trd, 4318234.143, 96
Trd, 4318234.943, 95
Trd, 4318235.543, 96
Trd, 4318236.393, 95
Trd, 4318238.093, 97
Trd, 4318241.043, 101
Trd, 4318242.243, 102
Trd, 4318242.643, 101
Trd, 4318243.643, 102
Trd, 4318243.793, 86
Trd, 4318244.493, 86
Trd, 4318245.593, 89
Trd, 4318246.743, 85
Trd, 4318248.193, 85
Trd, 4318252.243, 94
Trd, 4318253.493, 95
Trd, 4318254.743, 95
Trd, 4318255.743, 95
Trd, 4318256.243, 95
Trd, 4318256.993, 95
Trd, 4318257.643, 95
Trd, 4318258.443, 94
Trd, 4318258.793, 85
Trd, 4318260.893, 98
Trd, 4318263.043, 99
Trd, 4318265.043, 103
Trd, 4318265.943, 102
Trd, 4318266.643, 101
Trd, 4318267.443, 102
Trd, 4318268.543, 100
Trd, 4318270.193, 100
Trd, 4318270.993, 100
Trd, 4318273.293, 101
Trd, 4318273.943, 99
Trd, 4318275.693, 101
Trd, 4318275.793, 98
Trd, 4318277.143, 85
Trd, 4318278.893, 95
Trd, 4318280.043, 95
Trd, 4318281.093, 94
Trd, 4318282.693, 103
Trd, 4318283.093, 102
Trd, 4318283.843, 101
Trd, 4318285.393, 100
Trd, 4318287.443, 88
Trd, 4318290.793, 100
Trd, 4318291.293, 100
Trd, 4318291.443, 99
Trd, 4318291.693, 98
Trd, 4318292.393, 85
Trd, 4318294.893, 92
Trd, 4318295.343, 92
Trd, 4318299.093, 96
Trd, 4318301.293, 98
Trd, 4318301.643, 98
Trd, 4318301.993, 98
Trd, 4318302.443, 96
Trd, 4318303.643, 85
Trd, 4318304.343, 78
Trd, 4318306.543, 85
Trd, 4318309.293, 94
Trd, 4318309.893, 95
Trd, 4318311.793, 91
Trd, 4318312.593, 91
Trd, 4318314.443, 92
Trd, 4318315.743, 92
Trd, 4318316.893, 91
Trd, 4318318.193, 90
Trd, 4318318.643, 90
Trd, 4318321.243, 90
Trd, 4318323.543, 94
Trd, 4318323.693, 90
Trd, 4318325.693, 94
Trd, 4318327.643, 94
Trd, 4318328.143, 94
Trd, 4318329.293, 95
Trd, 4318330.993, 97
Trd, 4318331.243, 96
Trd, 4318331.343, 97
Trd, 4318333.293, 96
Trd, 4318334.593, 95
Trd, 4318335.593, 96
Trd, 4318337.093, 96
Trd, 4318338.193, 96
Trd, 4318339.193, 94
Trd, 4318340.893, 94
Trd, 4318343.293, 95
Trd, 4318343.643, 94
Trd, 4318343.843, 93
Trd, 4318344.943, 93
Trd, 4318345.743, 94
Trd, 4318345.843, 94
Trd, 4318350.243, 97
Trd, 4318350.493, 97
Trd, 4318352.093, 86
Trd, 4318352.843, 92
Trd, 4318355.093, 95
Trd, 4318355.243, 93
Trd, 4318356.343, 92
Trd, 4318356.793, 95
Trd, 4318358.193, 95
Trd, 4318359.543, 94
Trd, 4318359.693, 94
Trd, 4318361.593, 85
Trd, 4318362.643, 78
Trd, 4318365.643, 90
Trd, 4318367.043, 89
Trd, 4318367.343, 89
Trd, 4318370.943, 94
Trd, 4318371.143, 92
Trd, 4318373.993, 94
Trd, 4318374.093, 93
Trd, 4318377.243, 94
Trd, 4318378.393, 96
Trd, 4318379.443, 95
Trd, 4318380.093, 96
Trd, 4318380.193, 95
Trd, 4318381.893, 95
Trd, 4318382.443, 95
Trd, 4318384.343, 95
Trd, 4318385.493, 94
Trd, 4318388.093, 95
Trd, 4318388.593, 93
Trd, 4318391.943, 92
Trd, 4318392.593, 95
Trd, 4318393.193, 93
Trd, 4318394.093, 94
Trd, 4318394.843, 97
Trd, 4318394.993, 96
Trd, 4318396.243, 95
Trd, 4318397.593, 93
Trd, 4318402.693, 95
Trd, 4318403.193, 95
Trd, 4318403.743, 94
Trd, 4318403.943, 94
Trd, 4318405.643, 95
Trd, 4318405.943, 93
Trd, 4318406.293, 92
Trd, 4318409.443, 92
Trd, 4318411.243, 95
Trd, 4318412.043, 94
Trd, 4318413.493, 95
Trd, 4318414.493, 94
Trd, 4318415.143, 94
Trd, 4318416.093, 95
Trd, 4318416.793, 94
Trd, 4318416.943, 85
Trd, 4318417.893, 88
Trd, 4318420.343, 85
Trd, 4318423.193, 90
Trd, 4318425.043, 93
Trd, 4318425.743, 91
Trd, 4318428.693, 94
Trd, 4318429.993, 95
Trd, 4318430.693, 93
Trd, 4318431.193, 93
Trd, 4318432.193, 95
Trd, 4318433.743, 78
Trd, 4318434.893, 87
Trd, 4318436.493, 92
Trd, 4318437.093, 90
Trd, 4318438.393, 89
Trd, 4318442.093, 95
Trd, 4318442.543, 94
Trd, 4318443.493, 93
Trd, 4318443.943, 93
Trd, 4318446.143, 92
Trd, 4318446.743, 91
Trd, 4318447.443, 89
Trd, 4318452.993, 90
Trd, 4318454.393, 91
Trd, 4318455.043, 95
Trd, 4318455.993, 94
Trd, 4318456.793, 94
Trd, 4318457.593, 95
Trd, 4318460.593, 94
Trd, 4318460.893, 93
Trd, 4318462.443, 92
Trd, 4318464.093, 94
Trd, 4318465.443, 95
Trd, 4318467.393, 95
Trd, 4318467.593, 94
Trd, 4318468.243, 93
Trd, 4318472.393, 91
Trd, 4318472.743, 89
Trd, 4318476.643, 94
Trd, 4318476.993, 94
Trd, 4318477.793, 95
Trd, 4318478.043, 92
Trd, 4318480.843, 94
Trd, 4318481.743, 93
Trd, 4318481.843, 95
Trd, 4318482.593, 85
Trd, 4318485.043, 93
Trd, 4318488.043, 95
Trd, 4318489.043, 94
Trd, 4318490.293, 96
Trd, 4318491.393, 96
Trd, 4318492.643, 96
Trd, 4318492.743, 85
Trd, 4318492.993, 76
Trd, 4318498.343, 91
Trd, 4318499.293, 91
Trd, 4318500.493, 92
Trd, 4318504.193, 93
Trd, 4318505.543, 93
Trd, 4318507.093, 93
Trd, 4318507.943, 95
Trd, 4318508.543, 95
Trd, 4318509.593, 89
Trd, 4318511.243, 79
Trd, 4318511.643, 85
Trd, 4318513.943, 85
Trd, 4318514.443, 86
Trd, 4318516.343, 85
Trd, 4318517.043, 85
Trd, 4318517.343, 77
Trd, 4318517.743, 72
Trd, 4318521.343, 86
Trd, 4318523.793, 93
Trd, 4318523.893, 93
Trd, 4318524.543, 92
Trd, 4318525.793, 93
Trd, 4318526.143, 92
Trd, 4318527.043, 85
Trd, 4318530.393, 91
Trd, 4318531.443, 90
Trd, 4318532.143, 92
Trd, 4318532.843, 92
Trd, 4318533.793, 95
Trd, 4318534.943, 95
Trd, 4318537.043, 96
Trd, 4318537.743, 96
Trd, 4318538.993, 97
Trd, 4318541.043, 97
Trd, 4318541.343, 96
Trd, 4318543.093, 96
Trd, 4318543.793, 85
Trd, 4318545.343, 80
Trd, 4318548.293, 88
Trd, 4318550.243, 89
Trd, 4318550.893, 90
Trd, 4318551.243, 86
Trd, 4318552.893, 87
Trd, 4318556.193, 93
Trd, 4318557.793, 93
Trd, 4318559.843, 102
Trd, 4318560.993, 104
Trd, 4318561.393, 103
Trd, 4318561.893, 102
Trd, 4318562.593, 102
Trd, 4318563.893, 101
Trd, 4318564.743, 96
Trd, 4318565.943, 85
Trd, 4318567.043, 77
Trd, 4318568.743, 89
Trd, 4318569.793, 89
Trd, 4318570.593, 86
Trd, 4318573.443, 94
Trd, 4318574.143, 94
Trd, 4318575.643, 93
Trd, 4318577.293, 96
Trd, 4318578.843, 97
Trd, 4318579.243, 98
Trd, 4318580.243, 97
Trd, 4318582.593, 99
Trd, 4318583.993, 102
Trd, 4318584.543, 100
Trd, 4318585.843, 100
Trd, 4318587.843, 103
Trd, 4318588.593, 103
Trd, 4318590.693, 104
Trd, 4318591.493, 105
Trd, 4318591.843, 104
Trd, 4318593.843, 103
Trd, 4318594.343, 103
Trd, 4318596.093, 105
Trd, 4318596.743, 107
Trd, 4318597.643, 106
Trd, 4318597.793, 102
Trd, 4318599.093, 86
Trd, 4318601.693, 109
Trd, 4318602.843, 107
Trd, 4318602.943, 103
Trd, 4318606.743, 103
Trd, 4318607.643, 104
Trd, 4318608.243, 105
Trd, 4318608.493, 105
Trd, 4318610.693, 106
Trd, 4318610.743, 105
Trd, 4318611.693, 103
Trd, 4318611.793, 85
Trd, 4318613.543, 103
Trd, 4318614.893, 103
Trd, 4318615.493, 104
Trd, 4318615.593, 85
Trd, 4318616.893, 95
Trd, 4318618.243, 85
Trd, 4318620.093, 100
Trd, 4318622.643, 100
Trd, 4318623.493, 100
Trd, 4318625.143, 100
Trd, 4318625.893, 99
Trd, 4318627.843, 100
Trd, 4318628.393, 101
Trd, 4318629.743, 102
Trd, 4318630.093, 99
Trd, 4318630.993, 99
Trd, 4318633.193, 100
Trd, 4318633.993, 99
Trd, 4318634.293, 99
Trd, 4318636.193, 100
Trd, 4318637.993, 99
Trd, 4318639.693, 98
Trd, 4318640.693, 98
Trd, 4318642.093, 100
Trd, 4318642.493, 99
Trd, 4318642.543, 97
Trd, 4318645.293, 100
Trd, 4318645.943, 98
Trd, 4318647.293, 96
Trd, 4318648.093, 97
Trd, 4318648.193, 96
Trd, 4318652.343, 104
Trd, 4318652.543, 104
Trd, 4318653.093, 103
Trd, 4318654.093, 103
Trd, 4318654.543, 103
Trd, 4318654.643, 84
Trd, 4318656.293, 77
Trd, 4318659.193, 93
Trd, 4318659.893, 94
Trd, 4318660.793, 95
Trd, 4318661.593, 96
Trd, 4318662.443, 97
Trd, 4318663.243, 97
Trd, 4318664.493, 96
Trd, 4318666.443, 95
Trd, 4318666.593, 95
Trd, 4318670.143, 95
Trd, 4318670.193, 94
Trd, 4318671.043, 94
Trd, 4318672.493, 94
Trd, 4318673.693, 86
Trd, 4318676.943, 91
Trd, 4318680.093, 91
Trd, 4318680.293, 91
Trd, 4318681.643, 87
Trd, 4318683.143, 88
Trd, 4318684.943, 89
Trd, 4318685.643, 88
Trd, 4318687.193, 85
Trd, 4318689.043, 87
Trd, 4318691.193, 88
Trd, 4318691.493, 87
Trd, 4318693.343, 85
Trd, 4318696.393, 91
Trd, 4318696.843, 90
Trd, 4318698.843, 95
Trd, 4318699.043, 94
Trd, 4318702.843, 95
Trd, 4318702.943, 95
Trd, 4318704.293, 93
Trd, 4318704.893, 94
Trd, 4318705.793, 92
Trd, 4318706.443, 95
Trd, 4318708.393, 93
Trd, 4318708.643, 93
Trd, 4318710.293, 93
Trd, 4318711.243, 91
Trd, 4318712.193, 85
Trd, 4318715.543, 90
Trd, 4318716.993, 95
Trd, 4318719.493, 94
Trd, 4318720.493, 93
Trd, 4318721.493, 95
Trd, 4318723.293, 95
Trd, 4318724.343, 95
Trd, 4318724.743, 95
Trd, 4318726.643, 95
Trd, 4318728.943, 96
Trd, 4318730.143, 95
Trd, 4318730.593, 96
Trd, 4318731.043, 94
Trd, 4318731.993, 86
Trd, 4318733.493, 89
Trd, 4318737.493, 88
Trd, 4318737.693, 87
Trd, 4318741.843, 92
Trd, 4318741.943, 91
Trd, 4318743.193, 92
Trd, 4318746.293, 92
Trd, 4318746.743, 94
Trd, 4318747.493, 92
Trd, 4318748.843, 92
Trd, 4318750.693, 93
Trd, 4318753.043, 94
Trd, 4318753.443, 95
Trd, 4318754.293, 94
Trd, 4318754.343, 93
Trd, 4318756.943, 96
Trd, 4318759.493, 98
Trd, 4318760.643, 99
Trd, 4318761.643, 97
Trd, 4318762.643, 95
Trd, 4318763.243, 85
Trd, 4318765.293, 96
Trd, 4318765.593, 94
Trd, 4318769.793, 98
Trd, 4318770.793, 98
Trd, 4318771.093, 97
Trd, 4318771.793, 97
Trd, 4318772.543, 97
Trd, 4318773.393, 96
Trd, 4318775.793, 97
Trd, 4318776.493, 95
Trd, 4318777.843, 94
Trd, 4318781.493, 99
Trd, 4318782.043, 98
Trd, 4318782.743, 98
Trd, 4318783.143, 99
Trd, 4318783.543, 100
Trd, 4318785.743, 102
Trd, 4318785.993, 100
Trd, 4318787.843, 97
Trd, 4318788.393, 98
Trd, 4318789.643, 85
Trd, 4318790.343, 81
Trd, 4318792.043, 92
Trd, 4318792.243, 90
Trd, 4318795.743, 89
Trd, 4318796.643, 90
Trd, 4318798.093, 95
Trd, 4318799.093, 97
Trd, 4318799.793, 96
Trd, 4318799.843, 95
Trd, 4318800.493, 94
Trd, 4318804.393, 95
Trd, 4318805.293, 85
Trd, 4318805.693, 88
Trd, 4318807.643, 94
Trd, 4318809.343, 92
Trd, 4318810.143, 88
Trd, 4318813.293, 91
Trd, 4318814.193, 85
Trd, 4318816.743, 89
Trd, 4318817.793, 88
Trd, 4318818.193, 90
Trd, 4318819.143, 89
Trd, 4318819.643, 85
Trd, 4318823.493, 95
Trd, 4318825.043, 95
Trd, 4318825.593, 95
Trd, 4318826.443, 96
Trd, 4318826.693, 97
Trd, 4318829.343, 96
Trd, 4318831.093, 102
Trd, 4318831.293, 103
Trd, 4318831.993, 103
Trd, 4318832.493, 102
Trd, 4318833.743, 85
Trd, 4318837.393, 101
Trd, 4318837.743, 99
Trd, 4318837.943, 98
Trd, 4318840.443, 100
Trd, 4318842.043, 99
Trd, 4318842.543, 98
Trd, 4318843.443, 96
Trd, 4318844.243, 87
Trd, 4318845.743, 97
Trd, 4318846.993, 96
Trd, 4318848.843, 97
Trd, 4318849.193, 85
Trd, 4318849.843, 91
Trd, 4318852.143, 97
Trd, 4318853.093, 97
Trd, 4318855.743, 98
Trd, 4318856.843, 101
Trd, 4318857.743, 100
Trd, 4318858.243, 100
Trd, 4318858.693, 85
Trd, 4318860.493, 92
Trd, 4318862.293, 92
Trd, 4318862.943, 94
Trd, 4318866.143, 100
Trd, 4318866.293, 96
Trd, 4318867.793, 99
Trd, 4318868.443, 100
Trd, 4318870.443, 99
Trd, 4318870.493, 99
Trd, 4318871.243, 97
Trd, 4318872.643, 98
Trd, 4318873.743, 98
Trd, 4318873.843, 97
Trd, 4318874.393, 96
Trd, 4318876.543, 97
Trd, 4318878.493, 97
Trd, 4318878.793, 99
Trd, 4318878.943, 85
Trd, 4318881.293, 97
Trd, 4318882.293, 96
Trd, 4318882.793, 96
Trd, 4318884.643, 97
Trd, 4318885.243, 97
Trd, 4318887.493, 96
Trd, 4318888.343, 98
Trd, 4318890.593, 100
Trd, 4318891.493, 103
Trd, 4318893.043, 101
Trd, 4318893.343, 99
Trd, 4318893.743, 99
Trd, 4318894.743, 85
Trd, 4318895.493, 92
Trd, 4318899.293, 97
Trd, 4318900.193, 98
Trd, 4318901.243, 98
Trd, 4318902.493, 99
Trd, 4318904.643, 89
Trd, 4318905.543, 96
Trd, 4318907.443, 96
Trd, 4318908.293, 96
Trd, 4318909.793, 97
Trd, 4318911.393, 99
Trd, 4318911.693, 99
Trd, 4318913.193, 97
Trd, 4318914.343, 98
Trd, 4318915.543, 99
Trd, 4318915.893, 98
Trd, 4318917.793, 96
Trd, 4318918.293, 86
Trd, 4318922.593, 95
Trd, 4318922.743, 95
Trd, 4318923.593, 93
Trd, 4318923.843, 93
Trd, 4318923.943, 85
Trd, 4318926.543, 94
Trd, 4318927.643, 94
Trd, 4318927.743, 89
Trd, 4318930.093, 95
Trd, 4318930.743, 91
Trd, 4318933.793, 90
Trd, 4318935.043, 90
Trd, 4318937.493, 91
Trd, 4318938.193, 94
Trd, 4318939.993, 94
Trd, 4318940.193, 94
Trd, 4318940.993, 95
Trd, 4318942.343, 96
Trd, 4318943.543, 96
Trd, 4318946.293, 96
Trd, 4318946.643, 95
Trd, 4318949.093, 96
Trd, 4318949.193, 96
Trd, 4318949.793, 97
Trd, 4318951.443, 97
Trd, 4318951.543, 97
Trd, 4318951.943, 97
Trd, 4318952.743, 85
Trd, 4318955.393, 79
Trd, 4318956.093, 87
Trd, 4318958.393, 95
Trd, 4318959.593, 94
Trd, 4318959.643, 91
Trd, 4318963.793, 102
Trd, 4318964.243, 101
Trd, 4318964.393, 100
Trd, 4318966.143, 100
Trd, 4318967.293, 100
Trd, 4318968.443, 98
Trd, 4318968.993, 98
Trd, 4318969.593, 85
Trd, 4318970.443, 91
Trd, 4318970.643, 85
Trd, 4318973.843, 90
Trd, 4318974.093, 88
Trd, 4318974.743, 89
Trd, 4318976.293, 90
Trd, 4318977.943, 90
Trd, 4318979.793, 90
Trd, 4318981.493, 95
Trd, 4318982.743, 95
Trd, 4318983.243, 95
Trd, 4318983.493, 92
Trd, 4318986.493, 99
Trd, 4318987.643, 99
Trd, 4318988.493, 100
Trd, 4318989.193, 101
Trd, 4318990.893, 99
Trd, 4318991.443, 100
Trd, 4318991.943, 101
Trd, 4318993.793, 100
Trd, 4318993.993, 99
Trd, 4318994.443, 86
Trd, 4318997.193, 93
Trd, 4318997.993, 93
Trd, 4319000.543, 97
Trd, 4319001.143, 97
Trd, 4319002.793, 96
Trd, 4319002.843, 96
Trd, 4319004.843, 95
Trd, 4319006.243, 95
Trd, 4319008.743, 94
Trd, 4319009.343, 95
Trd, 4319009.693, 93
Trd, 4319013.093, 91
Trd, 4319014.143, 94
Trd, 4319014.543, 92
Trd, 4319019.043, 91
Trd, 4319019.793, 94
Trd, 4319021.443, 95
Trd, 4319022.443, 94
Trd, 4319022.843, 95
Trd, 4319023.843, 94
Trd, 4319025.393, 93
Trd, 4319031.443, 94
Trd, 4319031.893, 94
Trd, 4319032.343, 95
Trd, 4319032.943, 95
Trd, 4319033.243, 95
Trd, 4319033.343, 85
Trd, 4319037.043, 95
Trd, 4319037.543, 95
Trd, 4319037.993, 91
Trd, 4319038.743, 86
Trd, 4319040.993, 93
Trd, 4319042.693, 94
Trd, 4319042.993, 95
Trd, 4319044.343, 95
Trd, 4319044.393, 94
Trd, 4319044.693, 86
Trd, 4319048.643, 91
Trd, 4319051.643, 91
Trd, 4319052.193, 90
Trd, 4319052.543, 90
Trd, 4319053.493, 89
Trd, 4319057.543, 91
Trd, 4319059.593, 91
Trd, 4319061.593, 95
Trd, 4319063.243, 94
Trd, 4319063.643, 93
Trd, 4319064.493, 93
Trd, 4319066.443, 96
Trd, 4319067.493, 99
Trd, 4319067.593, 97
Trd, 4319068.043, 97
Trd, 4319069.143, 96
Trd, 4319070.543, 96
Trd, 4319073.243, 97
Trd, 4319073.393, 98
Trd, 4319074.193, 95
Trd, 4319075.193, 95
Trd, 4319076.243, 97
Trd, 4319076.543, 98
Trd, 4319077.243, 96
Trd, 4319078.993, 78
Trd, 4319079.393, 82
Trd, 4319079.843, 77
Trd, 4319083.943, 96
Trd, 4319084.643, 97
Trd, 4319085.593, 96
Trd, 4319085.793, 95
Trd, 4319086.843, 95
Trd, 4319088.443, 97
Trd, 4319090.493, 98
Trd, 4319091.793, 100
Trd, 4319092.393, 101
Trd, 4319095.393, 99
Trd, 4319095.593, 101
Trd, 4319095.743, 99
Trd, 4319097.493, 98
Trd, 4319097.793, 78
Trd, 4319101.393, 89
Trd, 4319102.943, 91
Trd, 4319103.793, 92
Trd, 4319105.093, 93
Trd, 4319106.443, 92
Trd, 4319108.993, 95
Trd, 4319110.243, 95
Trd, 4319110.893, 94
Trd, 4319111.943, 101
Trd, 4319112.093, 100
Trd, 4319112.443, 77
Trd, 4319114.693, 90
Trd, 4319117.793, 96
Trd, 4319117.993, 97
Trd, 4319118.793, 96
Trd, 4319119.343, 96
Trd, 4319119.593, 95
Trd, 4319122.793, 95
Trd, 4319123.293, 95
Trd, 4319124.143, 94
Trd, 4319124.793, 94
Trd, 4319126.243, 93
Trd, 4319127.593, 95
Trd, 4319127.943, 93
Trd, 4319129.193, 95
Trd, 4319129.593, 95
Trd, 4319130.643, 97
Trd, 4319131.793, 98
Trd, 4319132.793, 85
Trd, 4319134.693, 92
Trd, 4319136.343, 95
Trd, 4319137.843, 95
Trd, 4319138.193, 96
Trd, 4319139.893, 95
Trd, 4319141.393, 99
Trd, 4319142.193, 98
Trd, 4319143.693, 98
Trd, 4319144.793, 97
Trd, 4319146.193, 95
Trd, 4319147.893, 95
Trd, 4319148.093, 88
Trd, 4319149.343, 77
Trd, 4319150.243, 83
Trd, 4319152.893, 94
Trd, 4319155.543, 94
Trd, 4319156.693, 95
Trd, 4319158.193, 94
Trd, 4319158.393, 95
Trd, 4319160.243, 93
Trd, 4319160.343, 92
Trd, 4319161.643, 85
Trd, 4319163.243, 88
Trd, 4319165.693, 93
Trd, 4319166.543, 92
Trd, 4319168.143, 96
Trd, 4319168.443, 95
Trd, 4319170.293, 94
Trd, 4319171.143, 94
Trd, 4319172.993, 94
Trd, 4319174.993, 96
Trd, 4319175.943, 96
Trd, 4319177.193, 96
Trd, 4319179.743, 97
Trd, 4319180.343, 98
Trd, 4319182.893, 99
Trd, 4319183.243, 98
Trd, 4319184.093, 97
Trd, 4319185.643, 97
Trd, 4319187.293, 96
Trd, 4319189.493, 95
Trd, 4319189.943, 95
Trd, 4319190.143, 94
Trd, 4319191.493, 95
Trd, 4319193.393, 95
Trd, 4319194.443, 93
Trd, 4319194.893, 85
Trd, 4319195.593, 88
Trd, 4319195.943, 82
Trd, 4319199.693, 90
Trd, 4319201.093, 91
Trd, 4319203.043, 92
Trd, 4319204.293, 93
Trd, 4319205.543, 93
Trd, 4319206.793, 94
Trd, 4319207.943, 94
Trd, 4319208.393, 93
Trd, 4319209.793, 94
Trd, 4319211.793, 94
Trd, 4319212.593, 95
Trd, 4319213.493, 85
Trd, 4319214.543, 77
Trd, 4319215.693, 89
Trd, 4319216.793, 88
Trd, 4319218.193, 89
Trd, 4319221.143, 96
Trd, 4319221.393, 94
Trd, 4319221.643, 92
Trd, 4319223.043, 94
Trd, 4319224.293, 95
Trd, 4319224.993, 95
Trd, 4319226.393, 93
Trd, 4319229.043, 100
Trd, 4319229.193, 97
Trd, 4319230.693, 97
Trd, 4319230.793, 94
Trd, 4319233.843, 96
Trd, 4319233.993, 96
Trd, 4319236.143, 98
Trd, 4319237.193, 100
Trd, 4319237.443, 98
Trd, 4319238.943, 98
Trd, 4319239.943, 97
Trd, 4319241.893, 99
Trd, 4319242.193, 97
Trd, 4319244.343, 97
Trd, 4319245.493, 97
Trd, 4319246.343, 97
Trd, 4319250.793, 99
Trd, 4319250.943, 98
Trd, 4319251.243, 99
Trd, 4319253.993, 100
Trd, 4319254.543, 99
Trd, 4319255.643, 98
Trd, 4319257.643, 98
Trd, 4319259.293, 97
Trd, 4319261.243, 98
Trd, 4319262.543, 100
Trd, 4319263.243, 103
Trd, 4319264.893, 101
Trd, 4319266.343, 102
Trd, 4319266.743, 101
Trd, 4319267.093, 77
Trd, 4319268.193, 77
Trd, 4319271.343, 98
Trd, 4319271.643, 99
Trd, 4319272.843, 98
Trd, 4319273.293, 97
Trd, 4319275.443, 92
Trd, 4319276.193, 85
Trd, 4319279.293, 94
Trd, 4319280.193, 94
Trd, 4319280.343, 93
Trd, 4319282.743, 96
Trd, 4319285.993, 99
Trd, 4319286.893, 100
Trd, 4319287.143, 99
Trd, 4319287.393, 99
Trd, 4319287.843, 99
Trd, 4319289.543, 101
Trd, 4319290.393, 100
Trd, 4319291.593, 102
Trd, 4319291.793, 99
Trd, 4319294.993, 100
Trd, 4319295.543, 100
Trd, 4319295.893, 99
Trd, 4319298.793, 98
Trd, 4319299.243, 98
Trd, 4319300.143, 98
Trd, 4319302.193, 99
Trd, 4319302.693, 98
Trd, 4319303.893, 98
Trd, 4319304.043, 98
Trd, 4319306.093, 101
Trd, 4319307.343, 104
Trd, 4319307.643, 103
Trd, 4319308.993, 107
Trd, 4319309.243, 106
Trd, 4319310.893, 88
Trd, 4319312.143, 98
Trd, 4319313.243, 100
Trd, 4319314.793, 102
Trd, 4319315.293, 101
Trd, 4319316.043, 100
Trd, 4319318.343, 102
Trd, 4319319.343, 101
Trd, 4319320.093, 102
Trd, 4319322.543, 110
Trd, 4319323.693, 110
Trd, 4319323.743, 108
Trd, 4319325.143, 107
Trd, 4319325.543, 104
Trd, 4319325.693, 103
Trd, 4319327.993, 78
Trd, 4319328.543, 89
Trd, 4319330.443, 85
Trd, 4319331.093, 88
Trd, 4319334.693, 91
Trd, 4319334.993, 90
Trd, 4319336.243, 94
Trd, 4319336.843, 95
Trd, 4319338.443, 95
Trd, 4319339.193, 95
Trd, 4319340.543, 78
Trd, 4319340.643, 72
Trd, 4319341.343, 81
Trd, 4319345.093, 90
Trd, 4319346.793, 93
Trd, 4319346.843, 91
Trd, 4319347.893, 91
Trd, 4319350.243, 96
Trd, 4319351.093, 97
Trd, 4319352.493, 97
Trd, 4319353.093, 97
Trd, 4319354.243, 99
Trd, 4319355.543, 85
Trd, 4319356.343, 95
Trd, 4319359.893, 104
Trd, 4319360.093, 101
Trd, 4319362.393, 104
Trd, 4319362.543, 93
Trd, 4319364.343, 99
Trd, 4319365.993, 99
Trd, 4319366.093, 99
Trd, 4319367.193, 99
Trd, 4319367.543, 84
Trd, 4319370.893, 94
Trd, 4319372.243, 98
Trd, 4319373.543, 97
Trd, 4319374.943, 97
Trd, 4319375.243, 96
Trd, 4319375.443, 97
Trd, 4319378.393, 96
Trd, 4319379.043, 96
Trd, 4319379.143, 93
Trd, 4319382.443, 93
Trd, 4319382.943, 93
Trd, 4319383.843, 94
Trd, 4319385.443, 99
Trd, 4319386.443, 99
Trd, 4319386.693, 99
Trd, 4319388.843, 101
Trd, 4319389.943, 102
Trd, 4319390.443, 102
Trd, 4319391.143, 102
Trd, 4319393.693, 104
Trd, 4319393.793, 102
Trd, 4319395.593, 103
Trd, 4319396.793, 101
Trd, 4319399.243, 86
Trd, 4319401.093, 95
Trd, 4319401.293, 94
Trd, 4319401.393, 92
Trd, 4319403.993, 91
Trd, 4319404.793, 94
Trd, 4319406.593, 97
Trd, 4319406.843, 97
Trd, 4319406.893, 93
Trd, 4319410.443, 89
Trd, 4319412.543, 95
Trd, 4319414.793, 94
Trd, 4319415.443, 94
Trd, 4319417.143, 95
Trd, 4319417.943, 94
Trd, 4319419.693, 95
Trd, 4319420.093, 94
Trd, 4319420.693, 85
Trd, 4319421.393, 90
Trd, 4319424.543, 90
Trd, 4319427.093, 94
Trd, 4319427.293, 94
Trd, 4319429.743, 95
Trd, 4319429.993, 95
Trd, 4319431.243, 94
Trd, 4319432.743, 93
Trd, 4319432.993, 87
Trd, 4319434.993, 90
Trd, 4319438.093, 92
Trd, 4319439.743, 94
Trd, 4319440.293, 95
Trd, 4319440.843, 95
Trd, 4319441.093, 94
Trd, 4319443.293, 94
Trd, 4319445.693, 94
Trd, 4319446.293, 95
Trd, 4319448.043, 97
Trd, 4319448.093, 96
Trd, 4319449.743, 95
Trd, 4319452.343, 94
Trd, 4319452.593, 94
Trd, 4319453.043, 85
Trd, 4319456.343, 95
Trd, 4319456.993, 94
Trd, 4319458.293, 94
Trd, 4319458.393, 97
Trd, 4319458.993, 96
Trd, 4319460.393, 96
Trd, 4319460.993, 96
Trd, 4319464.043, 96
Trd, 4319464.643, 95
Trd, 4319466.393, 95
Trd, 4319467.893, 97
Trd, 4319469.393, 101
Trd, 4319469.643, 99
Trd, 4319471.393, 100
Trd, 4319472.493, 101
Trd, 4319472.943, 101
Trd, 4319473.843, 101
Trd, 4319476.893, 100
Trd, 4319478.893, 100
Trd, 4319479.043, 101
Trd, 4319480.193, 100
Trd, 4319481.193, 102
Trd, 4319481.543, 100
Trd, 4319481.693, 85
Trd, 4319486.593, 103
Trd, 4319487.243, 104
Trd, 4319487.893, 103
Trd, 4319489.143, 102
Trd, 4319490.493, 101
Trd, 4319490.943, 102
Trd, 4319493.643, 82
Trd, 4319493.893, 79
Trd, 4319496.043, 88
Trd, 4319498.493, 92
Trd, 4319499.843, 94
Trd, 4319501.043, 93
Trd, 4319501.643, 95
Trd, 4319502.093, 92
Trd, 4319502.993, 92
Trd, 4319504.243, 98
Trd, 4319505.743, 99
Trd, 4319506.393, 98
Trd, 4319507.693, 102
Trd, 4319509.243, 104
Trd, 4319509.443, 99
Trd, 4319510.043, 99
Trd, 4319511.943, 70
Trd, 4319511.993, 78
Trd, 4319514.943, 82
Trd, 4319515.243, 81
Trd, 4319516.393, 82
Trd, 4319518.493, 81
Trd, 4319518.593, 81
Trd, 4319521.243, 86
Trd, 4319522.243, 87
Trd, 4319523.243, 86
Trd, 4319525.293, 87
Trd, 4319527.093, 90
Trd, 4319527.393, 88
Trd, 4319528.943, 90
Trd, 4319529.093, 89
Trd, 4319530.443, 90
Trd, 4319534.393, 91
Trd, 4319535.343, 101
Trd, 4319535.793, 101
Trd, 4319537.243, 103
Trd, 4319537.343, 98
Trd, 4319538.443, 85
Trd, 4319538.993, 92
Trd, 4319539.243, 77
Trd, 4319541.993, 98
Trd, 4319543.293, 104
Trd, 4319543.493, 103
Trd, 4319543.543, 102
Trd, 4319544.293, 104
Trd, 4319546.343, 106
Trd, 4319548.793, 109
Trd, 4319549.143, 109
Trd, 4319549.993, 112
Trd, 4319550.843, 110
Trd, 4319553.343, 103
Trd, 4319554.343, 107
Trd, 4319554.443, 106
Trd, 4319554.593, 85
Trd, 4319557.593, 99
Trd, 4319558.443, 80
Trd, 4319559.893, 94
Trd, 4319560.643, 94
Trd, 4319561.343, 91
Trd, 4319564.343, 95
Trd, 4319564.843, 95
Trd, 4319565.293, 95
Trd, 4319567.043, 95
Trd, 4319568.543, 100
Trd, 4319569.393, 100
Trd, 4319570.293, 98
Trd, 4319571.943, 98
Trd, 4319572.493, 98
Trd, 4319572.943, 97
Trd, 4319576.143, 98
Trd, 4319576.343, 98
Trd, 4319576.493, 97
Trd, 4319577.543, 95
Trd, 4319579.993, 96
Trd, 4319583.493, 96
Trd, 4319585.243, 95
Trd, 4319585.443, 95
Trd, 4319585.593, 95
Trd, 4319589.743, 94
Trd, 4319590.143, 92
Trd, 4319592.543, 92
Trd, 4319594.243, 94
Trd, 4319594.343, 93
Trd, 4319595.893, 94
Trd, 4319598.943, 93
Trd, 4319599.943, 92
Trd, 4319602.693, 94
Trd, 4319602.843, 92
Trd, 4319603.493, 93
Trd, 4319604.743, 95
Trd, 4319606.543, 102
Trd, 4319607.443, 103
Trd, 4319607.693, 104
Trd, 4319607.893, 85
Trd, 4319609.793, 94
Trd, 4319610.243, 93
Trd, 4319611.543, 91
Trd, 4319614.693, 99
Trd, 4319615.543, 100
Trd, 4319615.743, 97
Trd, 4319617.693, 96
Trd, 4319618.693, 96
Trd, 4319620.193, 95
Trd, 4319621.243, 77
Trd, 4319622.693, 87
Trd, 4319623.743, 86
Trd, 4319626.893, 88
Trd, 4319628.793, 92
Trd, 4319628.993, 91
Trd, 4319630.443, 91
Trd, 4319630.693, 91
Trd, 4319632.343, 90
Trd, 4319635.843, 102
Trd, 4319636.193, 103
Trd, 4319636.743, 102
Trd, 4319637.193, 101
Trd, 4319639.093, 103
Trd, 4319639.843, 102
Trd, 4319641.493, 104
Trd, 4319641.743, 102
Trd, 4319643.393, 102
Trd, 4319645.143, 85
Trd, 4319647.943, 97
Trd, 4319648.043, 96
Trd, 4319648.643, 95
Trd, 4319649.993, 97
Trd, 4319650.743, 97
Trd, 4319651.993, 95
Trd, 4319655.043, 96
Trd, 4319655.193, 95
Trd, 4319657.393, 96
Trd, 4319657.893, 95
Trd, 4319659.193, 95
Trd, 4319660.043, 96
Trd, 4319661.143, 87
Trd, 4319661.343, 85
Trd, 4319663.843, 87
Trd, 4319666.143, 103
Trd, 4319667.443, 104
Trd, 4319667.743, 103
Trd, 4319668.443, 102
Trd, 4319669.893, 101
Trd, 4319670.693, 100
Trd, 4319671.093, 99
Trd, 4319671.893, 86
Trd, 4319676.793, 96
Trd, 4319677.343, 95
Trd, 4319678.443, 95
Trd, 4319678.693, 94
Trd, 4319678.743, 85
Trd, 4319681.843, 92
Trd, 4319682.293, 91
Trd, 4319684.893, 92
Trd, 4319686.193, 94
Trd, 4319686.243, 95
Trd, 4319688.493, 95
Trd, 4319688.693, 85
Trd, 4319691.993, 89
Trd, 4319692.293, 85
Trd, 4319693.893, 86
Trd, 4319694.743, 87
Trd, 4319697.843, 91
Trd, 4319698.943, 90
Trd, 4319701.943, 92
Trd, 4319702.243, 92
Trd, 4319704.893, 91
Trd, 4319705.793, 90
Trd, 4319708.743, 93
Trd, 4319711.043, 95
Trd, 4319712.193, 94
Trd, 4319712.343, 94
Trd, 4319713.893, 94
Trd, 4319716.393, 93
Trd, 4319716.543, 85
Trd, 4319717.393, 88
Trd, 4319720.843, 91
Trd, 4319724.293, 94
Trd, 4319724.893, 95
Trd, 4319725.043, 91
Trd, 4319726.993, 91
Trd, 4319729.443, 94
Trd, 4319729.993, 95
Trd, 4319731.993, 92
Trd, 4319732.843, 95
Trd, 4319732.943, 92
Trd, 4319733.393, 92
Trd, 4319735.793, 95
Trd, 4319736.893, 95
Trd, 4319737.893, 94
Trd, 4319738.393, 94
Trd, 4319741.193, 95
Trd, 4319742.893, 107
Trd, 4319743.443, 102
Trd, 4319743.793, 100
Trd, 4319744.293, 86
Trd, 4319746.293, 96
Trd, 4319747.443, 86
Trd, 4319748.893, 89
Trd, 4319749.093, 89
Trd, 4319751.843, 90
Trd, 4319753.343, 95
Trd, 4319754.343, 93
Trd, 4319754.743, 92
Trd, 4319756.393, 89
Trd, 4319759.193, 96
Trd, 4319760.143, 95
Trd, 4319761.043, 95
Trd, 4319761.743, 95
Trd, 4319763.093, 94
Trd, 4319763.743, 93
Trd, 4319764.043, 95
Trd, 4319768.343, 98
Trd, 4319768.443, 98
Trd, 4319769.343, 98
Trd, 4319769.943, 99
Trd, 4319772.293, 101
Trd, 4319773.593, 103
Trd, 4319774.943, 103
Trd, 4319775.593, 103
Trd, 4319775.843, 85
Trd, 4319777.743, 95
Trd, 4319780.393, 95
Trd, 4319780.743, 97
Trd, 4319782.493, 98
Trd, 4319783.143, 97
Trd, 4319783.643, 95
Trd, 4319784.243, 85
Trd, 4319787.343, 84
Trd, 4319788.193, 87
Trd, 4319790.743, 94
Trd, 4319791.243, 95
Trd, 4319792.343, 83
Trd, 4319793.993, 90
Trd, 4319796.393, 94
Trd, 4319796.493, 95
Trd, 4319796.893, 94
Trd, 4319798.943, 96
Trd, 4319800.393, 97
Trd, 4319801.593, 97
Trd, 4319802.343, 96
Trd, 4319804.043, 84
Trd, 4319805.643, 91
Trd, 4319806.843, 93
Trd, 4319807.143, 91
Trd, 4319808.843, 95
Trd, 4319809.493, 94
Trd, 4319809.643, 91
Trd, 4319811.943, 94
Trd, 4319812.343, 92
Trd, 4319815.543, 93
Trd, 4319816.043, 93
Trd, 4319816.593, 94
Trd, 4319817.093, 95
Trd, 4319818.143, 94
Trd, 4319819.543, 95
Trd, 4319820.443, 95
Trd, 4319822.143, 98
Trd, 4319823.343, 98
Trd, 4319824.143, 102
Trd, 4319825.143, 98
Trd, 4319826.493, 100
Trd, 4319826.593, 99
Trd, 4319829.793, 104
Trd, 4319830.093, 104
Trd, 4319832.243, 103
Trd, 4319833.593, 101
Trd, 4319833.693, 85
Trd, 4319834.393, 94
Trd, 4319835.793, 95
Trd, 4319839.593, 100
Trd, 4319839.893, 100
Trd, 4319840.743, 100
Trd, 4319842.243, 101
Trd, 4319843.693, 101
Trd, 4319843.893, 84
Trd, 4319843.993, 80
Trd, 4319848.593, 98
Trd, 4319849.243, 99
Trd, 4319849.743, 98
Trd, 4319851.743, 101
Trd, 4319852.193, 102
Trd, 4319852.543, 85
Trd, 4319855.143, 83
Trd, 4319856.243, 85
Trd, 4319857.543, 86
Trd, 4319858.943, 86
Trd, 4319860.293, 89
Trd, 4319861.193, 86
Trd, 4319861.543, 85
Trd, 4319863.893, 84
Trd, 4319866.943, 84
Trd, 4319869.243, 88
Trd, 4319870.643, 92
Trd, 4319871.293, 91
Trd, 4319872.693, 88
Trd, 4319873.143, 88
Trd, 4319874.443, 92
Trd, 4319875.393, 90
Trd, 4319877.643, 89
Trd, 4319880.143, 87
Trd, 4319880.693, 87
Trd, 4319882.043, 86
Trd, 4319885.843, 88
Trd, 4319886.393, 88
Trd, 4319886.643, 89
Trd, 4319888.093, 89
Trd, 4319888.693, 88
Trd, 4319889.293, 85
Trd, 4319890.243, 85
Trd, 4319891.443, 90
Trd, 4319894.093, 89
Trd, 4319896.043, 95
Trd, 4319898.493, 98
Trd, 4319899.043, 98
Trd, 4319899.343, 97
Trd, 4319899.443, 95
Trd, 4319900.793, 94
Trd, 4319902.493, 95
Trd, 4319903.643, 95
Trd, 4319905.443, 96
Trd, 4319906.343, 84
Trd, 4319907.743, 91
Trd, 4319910.043, 95
Trd, 4319910.643, 96
Trd, 4319911.493, 76
Trd, 4319912.993, 87
Trd, 4319914.293, 86
Trd, 4319917.293, 87
Trd, 4319918.493, 86
Trd, 4319918.893, 86
Trd, 4319923.843, 92
Trd, 4319923.943, 91
Trd, 4319924.743, 91
Trd, 4319925.643, 93
Trd, 4319927.293, 98
Trd, 4319928.043, 98
Trd, 4319928.643, 100
Trd, 4319930.893, 100
Trd, 4319931.793, 101
Trd, 4319933.143, 103
Trd, 4319934.243, 102
Trd, 4319935.543, 102
Trd, 4319936.343, 100
Trd, 4319937.543, 99
Trd, 4319938.943, 99
Trd, 4319939.493, 100
Trd, 4319940.893, 100
Trd, 4319944.143, 100
Trd, 4319944.843, 101
Trd, 4319944.943, 98
Trd, 4319946.293, 98
Trd, 4319948.193, 103
Trd, 4319948.743, 102
Trd, 4319949.643, 104
Trd, 4319950.443, 100
Trd, 4319951.443, 85
Trd, 4319952.943, 95
Trd, 4319953.843, 94
Trd, 4319955.943, 94
Trd, 4319956.743, 92
Trd, 4319959.893, 98
Trd, 4319959.993, 96
Trd, 4319960.243, 94
Trd, 4319963.343, 97
Trd, 4319964.893, 99
Trd, 4319966.443, 103
Trd, 4319967.093, 102
Trd, 4319968.243, 101
Trd, 4319968.543, 102
Trd, 4319970.993, 104
Trd, 4319971.243, 107
Trd, 4319972.793, 103
Trd, 4319973.193, 102
Trd, 4319974.093, 77
Trd, 4319975.143, 90
Trd, 4319976.093, 92
Trd, 4319979.293, 95
Trd, 4319980.543, 94
Trd, 4319981.093, 95
Trd, 4319981.143, 95
Trd, 4319983.443, 96
Trd, 4319984.693, 95
Trd, 4319988.543, 85
Trd, 4319989.393, 92
Trd, 4319990.393, 91
Trd, 4319991.943, 92
Trd, 4319993.493, 92
Trd, 4319995.493, 94
Trd, 4319997.043, 94
Trd, 4319997.493, 95
Trd, 4319997.543, 95
