Trd, 4317862.043, 95
Trd, 4317862.243, 94
Trd, 4317862.693, 94
Trd, 4317863.093, 95
Trd, 4317863.343, 97
Trd, 4317866.143, 110
Trd, 4317866.643, 100
Trd, 4317867.593, 99
Trd, 4317869.543, 99
Trd, 4317870.693, 98
Trd, 4317870.743, 94
Trd, 4317872.943, 100
Trd, 4317874.443, 98
Trd, 4317875.743, 97
Trd, 4317876.243, 95
Trd, 4317876.593, 95
Trd, 4317879.343, 95
Trd, 4317880.593, 96
Trd, 4317883.343, 94
Trd, 4317884.443, 94
Trd, 4317889.043, 92
Trd, 4317889.243, 92
Trd, 4317889.943, 95
Trd, 4317891.193, 92
Trd, 4317893.143, 94
Trd, 4317895.343, 93
Trd, 4317896.043, 92
Trd, 4317899.293, 91
Trd, 4317899.343, 91
Trd, 4317902.243, 92
Trd, 4317903.643, 93
Trd, 4317904.293, 92
Trd, 4317905.843, 93
Trd, 4317909.143, 93
Trd, 4317910.243, 91
Trd, 4317911.493, 92
Trd, 4317912.993, 99
Trd, 4317915.543, 91
Trd, 4317916.843, 94
Trd, 4317918.993, 91
Trd, 4317920.443, 92
Trd, 4317922.193, 92
Trd, 4317923.193, 96
Trd, 4317923.643, 91
Trd, 4317924.593, 93
Trd, 4317925.743, 92
Trd, 4317928.743, 91
Trd, 4317928.893, 91
Trd, 4317933.393, 92
Trd, 4317934.543, 91
Trd, 4317935.593, 91
Trd, 4317936.793, 92
Trd, 4317938.043, 92
Trd, 4317939.243, 93
Trd, 4317940.543, 94
Trd, 4317941.293, 99
Trd, 4317942.893, 107
Trd, 4317943.843, 98
Trd, 4317944.143, 97
Trd, 4317947.493, 101
Trd, 4317948.843, 103
Trd, 4317948.943, 102
Trd, 4317949.543, 100
Trd, 4317952.093, 100
Trd, 4317953.443, 99
Trd, 4317954.143, 99
Trd, 4317954.743, 98
Trd, 4317957.543, 97
Trd, 4317958.393, 97
Trd, 4317959.593, 98
Trd, 4317961.443, 98
Trd, 4317961.593, 97
Trd, 4317961.793, 96
Trd, 4317962.493, 96
Trd, 4317963.443, 95
Trd, 4317966.193, 98
Trd, 4317967.043, 98
Trd, 4317968.193, 97
Trd, 4317969.993, 98
Trd, 4317972.193, 97
Trd, 4317973.443, 98
Trd, 4317974.443, 96
Trd, 4317974.943, 99
Trd, 4317975.843, 96
Trd, 4317976.993, 98
Trd, 4317977.343, 98
Trd, 4317978.393, 97
Trd, 4317979.343, 96
Trd, 4317980.543, 97
Trd, 4317982.543, 95
Trd, 4317982.793, 105
Trd, 4317986.243, 94
Trd, 4317986.493, 95
Trd, 4317986.643, 94
Trd, 4317989.693, 94
Trd, 4317991.143, 95
Trd, 4317991.243, 95
Trd, 4317992.993, 95
Trd, 4317993.293, 94
Trd, 4317995.293, 95
Trd, 4317995.793, 94
Trd, 4317995.993, 94
Trd, 4317997.993, 95
Trd, 4317998.943, 95
Trd, 4317999.843, 96
Trd, 4318004.543, 95
Trd, 4318005.143, 95
Trd, 4318005.243, 94
Trd, 4318007.493, 95
Trd, 4318010.843, 95
Trd, 4318010.943, 94
Trd, 4318015.243, 93
Trd, 4318016.293, 94
Trd, 4318016.743, 94
Trd, 4318018.193, 94
Trd, 4318018.393, 97
Trd, 4318019.743, 93
Trd, 4318022.143, 93
Trd, 4318022.743, 95
Trd, 4318024.943, 95
Trd, 4318026.593, 94
Trd, 4318028.143, 95
Trd, 4318028.893, 96
Trd, 4318030.943, 95
Trd, 4318031.693, 95
Trd, 4318033.243, 94
Trd, 4318035.843, 94
Trd, 4318035.893, 95
Trd, 4318037.793, 95
Trd, 4318040.843, 93
Trd, 4318040.893, 93
Trd, 4318041.743, 93
Trd, 4318042.193, 95
Trd, 4318043.593, 93
Trd, 4318044.843, 95
Trd, 4318046.843, 95
Trd, 4318048.593, 94
Trd, 4318050.293, 96
Trd, 4318051.043, 95
Trd, 4318051.193, 93
Trd, 4318054.093, 93
Trd, 4318054.893, 104
Trd, 4318057.543, 94
Trd, 4318058.743, 96
Trd, 4318062.743, 96
Trd, 4318064.193, 95
Trd, 4318065.343, 100
Trd, 4318066.643, 95
Trd, 4318067.093, 95
Trd, 4318068.843, 95
Trd, 4318070.343, 97
Trd, 4318072.493, 94
Trd, 4318074.643, 94
Trd, 4318075.243, 93
Trd, 4318076.243, 95
Trd, 4318078.443, 95
Trd, 4318080.243, 95
Trd, 4318081.243, 93
Trd, 4318082.993, 95
Trd, 4318084.943, 92
Trd, 4318085.493, 92
Trd, 4318085.843, 93
Trd, 4318087.593, 97
Trd, 4318088.293, 95
Trd, 4318089.243, 96
Trd, 4318090.643, 114
Trd, 4318090.793, 100
Trd, 4318093.643, 100
Trd, 4318093.793, 99
Trd, 4318094.393, 85
Trd, 4318094.893, 77
Trd, 4318095.343, 97
Trd, 4318099.093, 98
Trd, 4318099.943, 104
Trd, 4318101.243, 103
Trd, 4318101.793, 104
Trd, 4318102.793, 100
Trd, 4318105.543, 101
Trd, 4318106.093, 100
Trd, 4318106.993, 100
Trd, 4318111.293, 100
Trd, 4318111.543, 99
Trd, 4318111.793, 101
Trd, 4318114.843, 99
Trd, 4318116.843, 98
Trd, 4318117.893, 97
Trd, 4318118.693, 98
Trd, 4318118.793, 99
Trd, 4318123.043, 99
Trd, 4318123.093, 99
Trd, 4318124.093, 97
Trd, 4318124.143, 96
Trd, 4318124.943, 105
Trd, 4318126.093, 96
Trd, 4318127.093, 99
Trd, 4318129.893, 100
Trd, 4318130.693, 97
Trd, 4318133.043, 98
Trd, 4318133.693, 101
Trd, 4318135.693, 98
Trd, 4318136.393, 98
Trd, 4318137.243, 97
Trd, 4318137.493, 94
Trd, 4318138.443, 96
Trd, 4318139.943, 94
Trd, 4318141.793, 95
Trd, 4318143.193, 106
Trd, 4318145.293, 110
Trd, 4318147.293, 98
Trd, 4318147.593, 97
Trd, 4318148.293, 97
Trd, 4318150.243, 96
Trd, 4318150.293, 96
Trd, 4318153.893, 95
Trd, 4318154.443, 96
Trd, 4318154.643, 95
Trd, 4318155.293, 96
Trd, 4318157.243, 94
Trd, 4318158.343, 92
Trd, 4318159.543, 93
Trd, 4318162.593, 93
Trd, 4318163.743, 95
Trd, 4318165.693, 94
Trd, 4318166.593, 94
Trd, 4318166.993, 95
Trd, 4318168.043, 93
Trd, 4318170.893, 92
Trd, 4318174.493, 94
Trd, 4318175.493, 92
Trd, 4318177.193, 95
Trd, 4318179.243, 95
Trd, 4318180.193, 95
Trd, 4318180.793, 102
Trd, 4318182.243, 91
Trd, 4318184.243, 94
Trd, 4318185.993, 95
Trd, 4318188.443, 95
Trd, 4318190.393, 93
Trd, 4318190.743, 86
Trd, 4318193.343, 91
Trd, 4318194.643, 93
Trd, 4318194.993, 93
Trd, 4318195.643, 112
Trd, 4318198.243, 101
Trd, 4318199.543, 104
Trd, 4318201.893, 104
Trd, 4318202.643, 94
Trd, 4318203.093, 99
Trd, 4318204.493, 94
Trd, 4318205.443, 94
Trd, 4318205.543, 96
Trd, 4318208.093, 113
Trd, 4318209.193, 95
Trd, 4318212.143, 94
Trd, 4318212.293, 94
Trd, 4318212.793, 93
Trd, 4318213.693, 95
Trd, 4318216.593, 93
Trd, 4318217.443, 92
Trd, 4318219.693, 94
Trd, 4318220.843, 94
Trd, 4318221.843, 94
Trd, 4318223.243, 93
Trd, 4318225.243, 97
Trd, 4318225.993, 95
Trd, 4318227.843, 95
Trd, 4318230.243, 96
Trd, 4318230.593, 97
Trd, 4318231.493, 95
Trd, 4318234.993, 96
Trd, 4318235.943, 96
Trd, 4318236.743, 95
Trd, 4318236.993, 94
Trd, 4318237.443, 94
Trd, 4318237.543, 86
Trd, 4318237.943, 105
Trd, 4318239.293, 93
Trd, 4318241.993, 92
Trd, 4318243.043, 93
Trd, 4318244.093, 92
Trd, 4318246.993, 92
Trd, 4318248.943, 91
Trd, 4318249.543, 93
Trd, 4318251.243, 90
Trd, 4318253.293, 93
Trd, 4318254.743, 92
Trd, 4318257.293, 92
Trd, 4318259.293, 91
Trd, 4318259.693, 93
Trd, 4318261.493, 90
Trd, 4318264.343, 92
Trd, 4318264.993, 90
Trd, 4318265.443, 90
Trd, 4318265.793, 91
Trd, 4318268.493, 91
Trd, 4318269.493, 90
Trd, 4318269.743, 91
Trd, 4318271.693, 92
Trd, 4318273.293, 91
Trd, 4318275.143, 90
Trd, 4318276.643, 89
Trd, 4318277.193, 91
Trd, 4318277.943, 88
Trd, 4318280.493, 93
Trd, 4318282.143, 92
Trd, 4318282.643, 93
Trd, 4318284.843, 103
Trd, 4318286.393, 95
Trd, 4318287.693, 97
Trd, 4318288.043, 96
Trd, 4318288.293, 99
Trd, 4318289.843, 99
Trd, 4318290.543, 99
Trd, 4318291.943, 98
Trd, 4318293.243, 96
Trd, 4318295.343, 97
Trd, 4318297.693, 97
Trd, 4318299.293, 97
Trd, 4318299.743, 98
Trd, 4318299.993, 96
Trd, 4318302.843, 96
Trd, 4318304.693, 95
Trd, 4318305.543, 96
Trd, 4318306.643, 96
Trd, 4318307.243, 94
Trd, 4318308.693, 94
Trd, 4318309.143, 95
Trd, 4318310.593, 93
Trd, 4318311.693, 95
Trd, 4318315.793, 93
Trd, 4318316.293, 93
Trd, 4318316.593, 93
Trd, 4318318.693, 92
Trd, 4318320.543, 86
Trd, 4318321.593, 93
Trd, 4318324.093, 91
Trd, 4318325.243, 90
Trd, 4318326.343, 91
Trd, 4318327.293, 90
Trd, 4318328.193, 88
Trd, 4318330.243, 104
Trd, 4318332.243, 89
Trd, 4318336.743, 91
Trd, 4318337.593, 92
Trd, 4318338.243, 92
Trd, 4318341.943, 89
Trd, 4318343.593, 90
Trd, 4318344.293, 90
Trd, 4318345.543, 89
Trd, 4318346.343, 89
Trd, 4318347.593, 91
Trd, 4318348.593, 103
Trd, 4318351.293, 92
Trd, 4318351.593, 93
Trd, 4318351.893, 94
Trd, 4318353.093, 96
Trd, 4318353.493, 95
Trd, 4318354.643, 98
Trd, 4318356.243, 95
Trd, 4318356.493, 96
Trd, 4318357.543, 94
Trd, 4318362.143, 97
Trd, 4318362.693, 98
Trd, 4318364.743, 94
Trd, 4318365.243, 95
Trd, 4318366.393, 94
Trd, 4318367.293, 99
Trd, 4318369.243, 99
Trd, 4318370.793, 104
Trd, 4318370.993, 103
Trd, 4318373.443, 122
Trd, 4318373.493, 106
Trd, 4318374.143, 107
Trd, 4318375.543, 108
Trd, 4318378.393, 104
Trd, 4318379.043, 103
Trd, 4318380.593, 99
Trd, 4318380.993, 103
Trd, 4318381.643, 102
Trd, 4318382.043, 103
Trd, 4318383.543, 109
Trd, 4318385.493, 100
Trd, 4318386.993, 100
Trd, 4318387.443, 94
Trd, 4318387.893, 104
Trd, 4318392.243, 102
Trd, 4318392.693, 102
Trd, 4318393.043, 101
Trd, 4318393.743, 101
Trd, 4318395.993, 100
Trd, 4318397.943, 99
Trd, 4318399.043, 101
Trd, 4318399.593, 99
Trd, 4318399.843, 105
Trd, 4318400.193, 94
Trd, 4318401.443, 97
Trd, 4318402.543, 96
Trd, 4318403.993, 95
Trd, 4318404.443, 100
Trd, 4318407.343, 96
Trd, 4318409.243, 98
Trd, 4318409.443, 95
Trd, 4318411.093, 94
Trd, 4318412.493, 95
Trd, 4318413.843, 98
Trd, 4318414.243, 96
Trd, 4318415.143, 98
Trd, 4318417.293, 97
Trd, 4318418.393, 95
Trd, 4318419.643, 95
Trd, 4318421.243, 94
Trd, 4318421.893, 98
Trd, 4318423.043, 97
Trd, 4318424.143, 96
Trd, 4318425.243, 98
Trd, 4318426.343, 94
Trd, 4318429.393, 101
Trd, 4318429.443, 103
Trd, 4318431.843, 100
Trd, 4318431.993, 99
Trd, 4318434.593, 101
Trd, 4318435.293, 102
Trd, 4318436.693, 101
Trd, 4318437.793, 101
Trd, 4318439.393, 104
Trd, 4318441.893, 101
Trd, 4318442.343, 102
Trd, 4318444.993, 101
Trd, 4318445.443, 100
Trd, 4318445.493, 100
Trd, 4318447.543, 114
Trd, 4318448.593, 104
Trd, 4318449.743, 105
Trd, 4318449.943, 105
Trd, 4318450.793, 104
Trd, 4318450.843, 103
Trd, 4318451.993, 101
Trd, 4318453.243, 99
Trd, 4318454.843, 103
Trd, 4318456.193, 97
Trd, 4318457.793, 100
Trd, 4318459.593, 99
Trd, 4318460.493, 99
Trd, 4318460.993, 95
Trd, 4318462.393, 96
Trd, 4318464.093, 118
Trd, 4318464.893, 99
Trd, 4318468.193, 103
Trd, 4318468.743, 103
Trd, 4318468.893, 101
Trd, 4318471.143, 101
Trd, 4318471.293, 101
Trd, 4318472.043, 101
Trd, 4318473.343, 100
Trd, 4318474.493, 101
Trd, 4318475.293, 100
Trd, 4318476.893, 100
Trd, 4318477.593, 102
Trd, 4318478.793, 99
Trd, 4318480.293, 99
Trd, 4318481.493, 101
Trd, 4318483.043, 98
Trd, 4318484.393, 90
Trd, 4318485.043, 86
Trd, 4318485.743, 91
Trd, 4318487.343, 94
Trd, 4318488.043, 100
Trd, 4318489.193, 93
Trd, 4318491.743, 94
Trd, 4318493.543, 95
Trd, 4318493.743, 95
Trd, 4318496.393, 94
Trd, 4318496.993, 94
Trd, 4318497.343, 95
Trd, 4318498.693, 94
Trd, 4318498.843, 96
Trd, 4318499.893, 97
Trd, 4318501.793, 96
Trd, 4318505.143, 95
Trd, 4318506.143, 95
Trd, 4318506.393, 97
Trd, 4318506.843, 97
Trd, 4318507.193, 99
Trd, 4318508.343, 99
Trd, 4318509.193, 102
Trd, 4318511.293, 103
Trd, 4318512.093, 101
Trd, 4318513.543, 100
Trd, 4318514.493, 99
Trd, 4318515.693, 97
Trd, 4318515.793, 96
Trd, 4318516.593, 94
Trd, 4318518.793, 95
Trd, 4318520.843, 105
Trd, 4318521.943, 96
Trd, 4318523.243, 97
Trd, 4318523.543, 96
Trd, 4318524.693, 99
Trd, 4318527.493, 98
Trd, 4318528.043, 97
Trd, 4318528.343, 96
Trd, 4318528.593, 96
Trd, 4318530.543, 95
Trd, 4318531.143, 94
Trd, 4318532.743, 94
Trd, 4318532.893, 95
Trd, 4318533.643, 96
Trd, 4318535.993, 96
Trd, 4318539.093, 94
Trd, 4318541.193, 95
Trd, 4318541.543, 94
Trd, 4318542.643, 95
Trd, 4318542.743, 107
Trd, 4318546.293, 94
Trd, 4318546.643, 94
Trd, 4318548.193, 95
Trd, 4318548.693, 93
Trd, 4318548.743, 95
Trd, 4318551.293, 93
Trd, 4318552.693, 92
Trd, 4318554.193, 96
Trd, 4318554.293, 106
Trd, 4318557.943, 92
Trd, 4318559.493, 93
Trd, 4318560.493, 92
Trd, 4318561.643, 92
Trd, 4318562.743, 91
Trd, 4318562.893, 91
Trd, 4318562.993, 91
Trd, 4318565.193, 90
Trd, 4318565.643, 78
Trd, 4318565.893, 86
Trd, 4318568.643, 91
Trd, 4318568.793, 91
Trd, 4318570.393, 96
Trd, 4318571.843, 104
Trd, 4318572.443, 98
Trd, 4318575.443, 105
Trd, 4318576.343, 101
Trd, 4318577.593, 101
Trd, 4318578.243, 100
Trd, 4318578.943, 100
Trd, 4318580.643, 100
Trd, 4318581.893, 105
Trd, 4318582.493, 102
Trd, 4318584.093, 103
Trd, 4318585.593, 102
Trd, 4318586.193, 101
Trd, 4318587.843, 101
Trd, 4318588.643, 100
Trd, 4318589.493, 94
Trd, 4318590.593, 97
Trd, 4318591.743, 97
Trd, 4318592.343, 96
Trd, 4318592.943, 98
Trd, 4318593.743, 104
Trd, 4318595.993, 95
Trd, 4318596.143, 94
Trd, 4318596.693, 95
Trd, 4318599.443, 96
Trd, 4318601.193, 93
Trd, 4318603.643, 93
Trd, 4318604.693, 93
Trd, 4318605.893, 93
Trd, 4318607.343, 92
Trd, 4318609.143, 93
Trd, 4318610.043, 91
Trd, 4318613.793, 91
Trd, 4318613.943, 93
Trd, 4318617.693, 91
Trd, 4318618.443, 94
Trd, 4318619.643, 93
Trd, 4318620.593, 95
Trd, 4318620.793, 94
Trd, 4318622.293, 93
Trd, 4318623.793, 95
Trd, 4318627.943, 94
Trd, 4318628.093, 95
Trd, 4318629.193, 94
Trd, 4318630.193, 93
Trd, 4318631.443, 93
Trd, 4318633.593, 94
Trd, 4318634.343, 92
Trd, 4318637.993, 93
Trd, 4318638.643, 94
Trd, 4318640.393, 93
Trd, 4318641.493, 92
Trd, 4318643.243, 91
Trd, 4318644.893, 92
Trd, 4318646.493, 92
Trd, 4318646.693, 91
Trd, 4318647.693, 90
Trd, 4318650.693, 92
Trd, 4318651.143, 92
Trd, 4318651.643, 93
Trd, 4318654.443, 95
Trd, 4318655.193, 95
Trd, 4318658.243, 94
Trd, 4318659.093, 94
Trd, 4318659.343, 95
Trd, 4318659.893, 95
Trd, 4318662.193, 96
Trd, 4318663.393, 95
Trd, 4318664.743, 96
Trd, 4318667.693, 95
Trd, 4318668.643, 95
Trd, 4318669.343, 94
Trd, 4318670.343, 94
Trd, 4318670.843, 95
Trd, 4318673.093, 96
Trd, 4318674.943, 96
Trd, 4318675.193, 95
Trd, 4318677.243, 94
Trd, 4318678.593, 95
Trd, 4318680.493, 93
Trd, 4318681.643, 94
Trd, 4318683.043, 92
Trd, 4318683.943, 94
Trd, 4318686.743, 94
Trd, 4318687.043, 95
Trd, 4318687.543, 95
Trd, 4318689.593, 94
Trd, 4318690.093, 94
Trd, 4318692.343, 95
Trd, 4318692.743, 95
Trd, 4318695.893, 93
Trd, 4318696.393, 95
Trd, 4318697.493, 92
Trd, 4318698.293, 92
Trd, 4318700.743, 92
Trd, 4318702.193, 95
Trd, 4318703.893, 94
Trd, 4318705.743, 92
Trd, 4318706.893, 92
Trd, 4318707.343, 93
Trd, 4318708.643, 91
Trd, 4318711.143, 93
Trd, 4318713.493, 92
Trd, 4318714.043, 92
Trd, 4318714.293, 93
Trd, 4318714.493, 92
Trd, 4318715.943, 95
Trd, 4318717.943, 93
Trd, 4318718.243, 92
Trd, 4318721.743, 93
Trd, 4318723.493, 91
Trd, 4318725.193, 94
Trd, 4318725.993, 93
Trd, 4318726.843, 93
Trd, 4318727.043, 97
Trd, 4318729.143, 93
Trd, 4318729.843, 92
Trd, 4318733.593, 91
Trd, 4318734.193, 93
Trd, 4318736.493, 92
Trd, 4318737.193, 90
Trd, 4318737.293, 92
Trd, 4318739.443, 96
Trd, 4318740.393, 96
Trd, 4318741.043, 95
Trd, 4318743.293, 95
Trd, 4318743.893, 95
Trd, 4318744.593, 95
Trd, 4318745.193, 94
Trd, 4318747.193, 104
Trd, 4318747.943, 96
Trd, 4318751.443, 97
Trd, 4318752.943, 98
Trd, 4318753.293, 97
Trd, 4318754.593, 95
Trd, 4318755.043, 97
Trd, 4318755.643, 96
Trd, 4318758.843, 95
Trd, 4318761.043, 95
Trd, 4318763.193, 95
Trd, 4318763.443, 94
Trd, 4318765.793, 93
Trd, 4318766.393, 94
Trd, 4318766.593, 93
Trd, 4318768.393, 92
Trd, 4318768.693, 106
Trd, 4318770.793, 91
Trd, 4318773.043, 92
Trd, 4318773.543, 95
Trd, 4318776.943, 94
Trd, 4318777.893, 91
Trd, 4318779.243, 94
Trd, 4318780.243, 93
Trd, 4318784.043, 94
Trd, 4318784.643, 93
Trd, 4318787.293, 95
Trd, 4318787.593, 92
Trd, 4318789.393, 92
Trd, 4318789.843, 92
Trd, 4318790.843, 92
Trd, 4318795.093, 93
Trd, 4318796.043, 91
Trd, 4318797.893, 91
Trd, 4318797.943, 90
Trd, 4318798.843, 90
Trd, 4318800.943, 90
Trd, 4318801.993, 89
Trd, 4318802.643, 88
Trd, 4318803.143, 88
Trd, 4318803.943, 97
Trd, 4318806.443, 88
Trd, 4318806.893, 89
Trd, 4318809.343, 86
Trd, 4318810.743, 86
Trd, 4318811.943, 86
Trd, 4318812.393, 86
Trd, 4318815.043, 86
Trd, 4318815.993, 85
Trd, 4318816.393, 86
Trd, 4318816.593, 86
Trd, 4318819.943, 86
Trd, 4318820.393, 95
Trd, 4318820.593, 85
Trd, 4318823.543, 87
Trd, 4318823.643, 85
Trd, 4318824.243, 88
Trd, 4318827.043, 94
Trd, 4318829.643, 93
Trd, 4318829.793, 97
Trd, 4318831.293, 93
Trd, 4318833.993, 95
Trd, 4318834.593, 95
Trd, 4318834.793, 97
Trd, 4318835.393, 94
Trd, 4318838.643, 95
Trd, 4318839.893, 93
Trd, 4318842.193, 96
Trd, 4318842.243, 101
Trd, 4318845.343, 99
Trd, 4318847.343, 93
Trd, 4318847.943, 93
Trd, 4318850.293, 94
Trd, 4318851.693, 94
Trd, 4318851.993, 93
Trd, 4318853.993, 93
Trd, 4318854.993, 93
Trd, 4318855.993, 94
Trd, 4318857.693, 94
Trd, 4318860.743, 92
Trd, 4318860.843, 94
Trd, 4318861.943, 92
Trd, 4318865.043, 93
Trd, 4318865.743, 91
Trd, 4318866.343, 99
Trd, 4318869.043, 98
Trd, 4318869.543, 96
Trd, 4318870.193, 93
Trd, 4318870.643, 92
Trd, 4318872.343, 91
Trd, 4318873.493, 91
Trd, 4318874.343, 97
Trd, 4318875.293, 96
Trd, 4318877.593, 97
Trd, 4318878.443, 97
Trd, 4318880.393, 97
Trd, 4318882.393, 97
Trd, 4318882.493, 96
Trd, 4318887.143, 96
Trd, 4318888.493, 95
Trd, 4318889.093, 96
Trd, 4318889.493, 94
Trd, 4318890.643, 96
Trd, 4318891.243, 95
Trd, 4318892.693, 94
Trd, 4318893.743, 97
Trd, 4318896.043, 93
Trd, 4318898.193, 94
Trd, 4318899.143, 96
Trd, 4318900.193, 95
Trd, 4318900.243, 94
Trd, 4318900.893, 110
Trd, 4318901.643, 93
Trd, 4318904.493, 94
Trd, 4318904.543, 96
Trd, 4318905.193, 92
Trd, 4318906.893, 96
Trd, 4318908.043, 94
Trd, 4318908.543, 95
Trd, 4318909.593, 99
Trd, 4318910.843, 100
Trd, 4318910.993, 95
Trd, 4318911.843, 98
Trd, 4318913.243, 97
Trd, 4318915.743, 98
Trd, 4318916.743, 110
Trd, 4318918.143, 100
Trd, 4318920.493, 103
Trd, 4318923.193, 100
Trd, 4318924.293, 99
Trd, 4318924.893, 102
Trd, 4318926.943, 103
Trd, 4318927.743, 104
Trd, 4318929.193, 103
Trd, 4318929.393, 102
Trd, 4318930.343, 99
Trd, 4318930.993, 98
Trd, 4318931.143, 98
Trd, 4318934.493, 97
Trd, 4318934.593, 94
Trd, 4318935.993, 99
Trd, 4318937.543, 96
Trd, 4318937.793, 99
Trd, 4318940.543, 96
Trd, 4318941.293, 95
Trd, 4318942.043, 95
Trd, 4318943.943, 97
Trd, 4318944.443, 95
Trd, 4318945.643, 96
Trd, 4318947.493, 96
Trd, 4318949.493, 95
Trd, 4318951.743, 96
Trd, 4318952.343, 95
Trd, 4318952.993, 95
Trd, 4318953.193, 94
Trd, 4318953.593, 93
Trd, 4318953.643, 104
Trd, 4318957.293, 92
Trd, 4318959.393, 86
Trd, 4318960.393, 95
Trd, 4318963.493, 95
Trd, 4318964.793, 95
Trd, 4318964.893, 91
Trd, 4318967.093, 92
Trd, 4318968.643, 91
Trd, 4318969.243, 91
Trd, 4318969.593, 108
Trd, 4318972.093, 95
Trd, 4318974.243, 97
Trd, 4318975.643, 96
Trd, 4318975.793, 95
Trd, 4318976.493, 95
Trd, 4318980.093, 97
Trd, 4318980.643, 97
Trd, 4318981.043, 96
Trd, 4318982.093, 98
Trd, 4318983.343, 98
Trd, 4318983.543, 96
Trd, 4318986.043, 96
Trd, 4318987.693, 95
Trd, 4318988.993, 95
Trd, 4318989.143, 94
Trd, 4318990.593, 93
Trd, 4318990.793, 94
Trd, 4318994.243, 95
Trd, 4318994.693, 95
Trd, 4318995.093, 93
Trd, 4318997.393, 98
Trd, 4318998.243, 96
Trd, 4318999.443, 92
Trd, 4319000.093, 94
Trd, 4319000.543, 93
Trd, 4319004.293, 94
Trd, 4319005.943, 92
Trd, 4319007.193, 93
Trd, 4319007.793, 92
Trd, 4319008.743, 95
Trd, 4319010.993, 92
Trd, 4319011.793, 91
Trd, 4319012.743, 93
Trd, 4319014.643, 94
Trd, 4319015.693, 95
Trd, 4319016.543, 93
Trd, 4319017.093, 94
Trd, 4319018.443, 98
Trd, 4319019.993, 96
Trd, 4319021.543, 96
Trd, 4319021.743, 95
Trd, 4319023.493, 96
Trd, 4319024.793, 95
Trd, 4319026.843, 96
Trd, 4319027.993, 94
Trd, 4319028.593, 95
Trd, 4319030.743, 94
Trd, 4319033.843, 96
Trd, 4319034.293, 96
Trd, 4319034.993, 96
Trd, 4319036.743, 95
Trd, 4319038.093, 94
Trd, 4319038.543, 95
Trd, 4319039.543, 114
Trd, 4319040.193, 104
Trd, 4319040.543, 94
Trd, 4319043.293, 100
Trd, 4319046.493, 93
Trd, 4319047.193, 95
Trd, 4319047.893, 93
Trd, 4319048.043, 92
Trd, 4319050.293, 92
Trd, 4319051.093, 92
Trd, 4319052.043, 119
Trd, 4319053.893, 96
Trd, 4319055.393, 94
Trd, 4319056.993, 93
Trd, 4319058.393, 93
Trd, 4319062.643, 93
Trd, 4319062.893, 94
Trd, 4319063.393, 96
Trd, 4319064.593, 95
Trd, 4319068.893, 95
Trd, 4319070.593, 94
Trd, 4319071.293, 94
Trd, 4319073.243, 95
Trd, 4319074.693, 94
Trd, 4319076.843, 94
Trd, 4319077.993, 95
Trd, 4319080.543, 94
Trd, 4319081.343, 94
Trd, 4319082.493, 93
Trd, 4319086.093, 95
Trd, 4319087.293, 94
Trd, 4319087.493, 95
Trd, 4319090.093, 95
Trd, 4319091.143, 94
Trd, 4319092.643, 95
Trd, 4319093.393, 94
Trd, 4319094.243, 94
Trd, 4319096.693, 94
Trd, 4319098.193, 93
Trd, 4319098.393, 93
Trd, 4319102.143, 94
Trd, 4319102.293, 92
Trd, 4319103.743, 94
Trd, 4319104.193, 95
Trd, 4319104.843, 107
Trd, 4319106.843, 94
Trd, 4319108.393, 97
Trd, 4319108.643, 95
Trd, 4319108.843, 95
Trd, 4319111.793, 96
Trd, 4319113.443, 96
Trd, 4319113.643, 95
Trd, 4319116.943, 95
Trd, 4319116.993, 94
Trd, 4319117.793, 94
Trd, 4319118.043, 94
Trd, 4319120.443, 111
Trd, 4319121.093, 99
Trd, 4319121.593, 99
Trd, 4319123.993, 98
Trd, 4319124.143, 99
Trd, 4319124.393, 98
Trd, 4319124.493, 105
Trd, 4319125.493, 98
Trd, 4319127.143, 100
Trd, 4319129.893, 95
Trd, 4319130.743, 85
Trd, 4319133.093, 94
Trd, 4319133.493, 95
Trd, 4319134.843, 95
Trd, 4319137.693, 94
Trd, 4319138.043, 95
Trd, 4319138.943, 94
Trd, 4319139.693, 95
Trd, 4319141.893, 95
Trd, 4319142.443, 94
Trd, 4319142.693, 94
Trd, 4319144.643, 94
Trd, 4319144.843, 94
Trd, 4319147.493, 95
Trd, 4319149.143, 94
Trd, 4319151.543, 95
Trd, 4319151.743, 95
Trd, 4319153.393, 94
Trd, 4319154.943, 93
Trd, 4319155.343, 93
Trd, 4319155.593, 111
Trd, 4319158.893, 98
Trd, 4319159.843, 97
Trd, 4319161.843, 97
Trd, 4319161.943, 97
Trd, 4319162.143, 98
Trd, 4319164.893, 98
Trd, 4319165.093, 96
Trd, 4319165.943, 97
Trd, 4319167.843, 95
Trd, 4319170.643, 94
Trd, 4319172.243, 94
Trd, 4319174.043, 93
Trd, 4319175.043, 93
Trd, 4319175.143, 95
Trd, 4319176.693, 92
Trd, 4319176.793, 91
Trd, 4319177.493, 97
Trd, 4319178.543, 97
Trd, 4319180.643, 100
Trd, 4319181.143, 97
Trd, 4319182.543, 104
Trd, 4319183.143, 96
Trd, 4319185.193, 97
Trd, 4319186.293, 97
Trd, 4319187.143, 96
Trd, 4319188.893, 98
Trd, 4319190.493, 99
Trd, 4319192.743, 96
Trd, 4319193.643, 95
Trd, 4319194.093, 95
Trd, 4319196.543, 98
Trd, 4319197.393, 95
Trd, 4319200.993, 94
Trd, 4319203.193, 95
Trd, 4319204.293, 95
Trd, 4319204.393, 93
Trd, 4319206.743, 93
Trd, 4319206.943, 92
Trd, 4319207.593, 90
Trd, 4319208.193, 93
Trd, 4319210.143, 93
Trd, 4319211.843, 95
Trd, 4319214.393, 94
Trd, 4319215.493, 93
Trd, 4319216.193, 93
Trd, 4319219.593, 95
Trd, 4319220.243, 94
Trd, 4319220.843, 95
Trd, 4319222.893, 94
Trd, 4319223.343, 93
Trd, 4319226.593, 95
Trd, 4319226.643, 93
Trd, 4319228.893, 95
Trd, 4319230.843, 93
Trd, 4319231.493, 93
Trd, 4319233.943, 94
Trd, 4319233.993, 93
Trd, 4319235.143, 96
Trd, 4319236.593, 93
Trd, 4319237.393, 94
Trd, 4319238.743, 98
Trd, 4319238.993, 105
Trd, 4319239.493, 97
Trd, 4319241.443, 96
Trd, 4319242.643, 97
Trd, 4319243.443, 93
Trd, 4319244.743, 90
Trd, 4319245.093, 91
Trd, 4319245.293, 90
Trd, 4319246.193, 90
Trd, 4319247.593, 91
Trd, 4319248.593, 96
Trd, 4319251.743, 93
Trd, 4319252.143, 97
Trd, 4319253.443, 95
Trd, 4319254.943, 97
Trd, 4319256.643, 96
Trd, 4319258.343, 98
Trd, 4319258.443, 97
Trd, 4319258.743, 111
Trd, 4319260.493, 94
Trd, 4319262.193, 95
Trd, 4319262.543, 94
Trd, 4319264.293, 94
Trd, 4319265.293, 95
Trd, 4319266.793, 93
Trd, 4319267.943, 93
Trd, 4319270.343, 92
Trd, 4319270.443, 93
Trd, 4319271.443, 92
Trd, 4319272.943, 93
Trd, 4319273.993, 91
Trd, 4319276.043, 93
Trd, 4319278.793, 95
Trd, 4319280.593, 94
Trd, 4319281.893, 93
Trd, 4319284.293, 94
Trd, 4319284.393, 93
Trd, 4319285.843, 92
Trd, 4319286.743, 93
Trd, 4319288.193, 95
Trd, 4319288.243, 104
Trd, 4319289.543, 94
Trd, 4319291.243, 94
Trd, 4319292.093, 94
Trd, 4319293.493, 92
Trd, 4319294.143, 96
Trd, 4319297.343, 94
Trd, 4319298.843, 104
Trd, 4319303.043, 94
Trd, 4319303.393, 94
Trd, 4319303.543, 93
Trd, 4319306.043, 97
Trd, 4319306.793, 98
Trd, 4319306.943, 97
Trd, 4319309.493, 114
Trd, 4319309.543, 102
Trd, 4319310.393, 103
Trd, 4319311.193, 102
Trd, 4319311.393, 102
Trd, 4319315.293, 102
Trd, 4319316.043, 101
Trd, 4319317.443, 103
Trd, 4319318.643, 100
Trd, 4319318.693, 100
Trd, 4319319.593, 102
Trd, 4319321.193, 99
Trd, 4319322.543, 95
Trd, 4319323.493, 96
Trd, 4319325.093, 95
Trd, 4319325.343, 105
Trd, 4319325.793, 96
Trd, 4319329.593, 101
Trd, 4319330.543, 100
Trd, 4319330.643, 99
Trd, 4319332.293, 99
Trd, 4319335.693, 99
Trd, 4319336.993, 101
Trd, 4319337.343, 104
Trd, 4319338.093, 101
Trd, 4319340.693, 102
Trd, 4319341.543, 101
Trd, 4319345.043, 101
Trd, 4319345.193, 100
Trd, 4319347.893, 102
Trd, 4319347.943, 103
Trd, 4319350.193, 105
Trd, 4319350.443, 102
Trd, 4319351.193, 84
Trd, 4319352.743, 103
Trd, 4319357.143, 98
Trd, 4319357.193, 99
Trd, 4319357.743, 98
Trd, 4319358.793, 96
Trd, 4319360.793, 97
Trd, 4319361.243, 97
Trd, 4319362.543, 97
Trd, 4319362.593, 98
Trd, 4319362.993, 98
Trd, 4319363.443, 109
Trd, 4319365.343, 96
Trd, 4319367.543, 100
Trd, 4319368.643, 98
Trd, 4319369.543, 101
Trd, 4319371.643, 98
Trd, 4319374.493, 98
Trd, 4319375.243, 97
Trd, 4319378.293, 95
Trd, 4319379.293, 95
Trd, 4319380.243, 96
Trd, 4319381.293, 97
Trd, 4319381.493, 95
Trd, 4319384.143, 95
Trd, 4319384.393, 95
Trd, 4319385.243, 95
Trd, 4319387.993, 94
Trd, 4319390.043, 95
Trd, 4319390.293, 97
Trd, 4319392.593, 95
Trd, 4319394.593, 94
Trd, 4319396.293, 93
Trd, 4319397.293, 94
Trd, 4319398.293, 94
Trd, 4319398.443, 93
Trd, 4319401.243, 93
Trd, 4319402.643, 92
Trd, 4319402.793, 92
Trd, 4319403.093, 93
Trd, 4319403.743, 104
Trd, 4319406.643, 91
Trd, 4319407.493, 95
Trd, 4319410.993, 92
Trd, 4319411.393, 91
Trd, 4319412.643, 92
Trd, 4319413.393, 93
Trd, 4319415.193, 90
Trd, 4319416.743, 91
Trd, 4319417.693, 91
Trd, 4319418.443, 91
Trd, 4319418.493, 95
Trd, 4319419.343, 86
Trd, 4319420.043, 88
Trd, 4319423.093, 93
Trd, 4319423.593, 93
Trd, 4319425.293, 93
Trd, 4319425.793, 112
Trd, 4319429.743, 94
Trd, 4319431.543, 93
Trd, 4319433.893, 94
Trd, 4319434.943, 94
Trd, 4319437.043, 93
Trd, 4319438.493, 94
Trd, 4319439.493, 92
Trd, 4319442.443, 93
Trd, 4319442.943, 91
Trd, 4319445.443, 90
Trd, 4319446.243, 90
Trd, 4319448.093, 91
Trd, 4319448.543, 92
Trd, 4319449.793, 91
Trd, 4319454.393, 90
Trd, 4319454.443, 90
Trd, 4319454.893, 91
Trd, 4319455.243, 91
Trd, 4319455.593, 90
Trd, 4319457.293, 90
Trd, 4319458.993, 91
Trd, 4319461.743, 90
Trd, 4319462.493, 89
Trd, 4319463.243, 90
Trd, 4319464.293, 89
Trd, 4319465.443, 89
Trd, 4319466.393, 89
Trd, 4319468.143, 97
Trd, 4319469.543, 106
Trd, 4319470.343, 106
Trd, 4319470.943, 94
Trd, 4319472.393, 114
Trd, 4319472.943, 103
Trd, 4319475.843, 104
Trd, 4319476.643, 103
Trd, 4319477.343, 104
Trd, 4319477.443, 103
Trd, 4319478.943, 102
Trd, 4319481.643, 101
Trd, 4319482.093, 100
Trd, 4319484.293, 110
Trd, 4319486.993, 102
Trd, 4319487.743, 103
Trd, 4319489.193, 104
Trd, 4319489.943, 101
Trd, 4319490.193, 105
Trd, 4319493.543, 102
Trd, 4319495.643, 102
Trd, 4319497.093, 103
Trd, 4319498.343, 102
Trd, 4319500.243, 104
Trd, 4319500.993, 101
Trd, 4319501.393, 101
Trd, 4319504.043, 103
Trd, 4319504.443, 103
Trd, 4319504.543, 101
Trd, 4319505.093, 106
Trd, 4319510.093, 102
Trd, 4319510.643, 103
Trd, 4319511.093, 101
Trd, 4319512.243, 102
Trd, 4319512.593, 101
Trd, 4319512.693, 101
Trd, 4319515.093, 100
Trd, 4319515.843, 99
Trd, 4319515.993, 86
Trd, 4319517.793, 94
Trd, 4319518.443, 95
Trd, 4319521.643, 95
Trd, 4319522.493, 94
Trd, 4319522.993, 94
Trd, 4319525.393, 95
Trd, 4319526.343, 95
Trd, 4319527.643, 94
Trd, 4319528.493, 94
Trd, 4319530.243, 98
Trd, 4319530.693, 97
Trd, 4319530.793, 112
Trd, 4319530.993, 97
Trd, 4319533.743, 104
Trd, 4319533.843, 97
Trd, 4319534.543, 86
Trd, 4319536.543, 92
Trd, 4319536.793, 94
Trd, 4319537.743, 92
Trd, 4319537.893, 107
Trd, 4319541.343, 94
Trd, 4319541.443, 92
Trd, 4319543.693, 93
Trd, 4319545.043, 95
Trd, 4319546.943, 93
Trd, 4319547.643, 94
Trd, 4319548.143, 93
Trd, 4319549.943, 94
Trd, 4319550.893, 117
Trd, 4319552.443, 105
Trd, 4319553.793, 95
Trd, 4319556.893, 94
Trd, 4319557.943, 94
Trd, 4319559.493, 96
Trd, 4319561.393, 93
Trd, 4319561.843, 94
Trd, 4319565.243, 94
Trd, 4319565.793, 93
Trd, 4319566.143, 93
Trd, 4319566.443, 92
Trd, 4319568.343, 95
Trd, 4319569.993, 93
Trd, 4319570.343, 94
Trd, 4319572.493, 96
Trd, 4319573.793, 95
Trd, 4319574.543, 94
Trd, 4319576.393, 121
Trd, 4319577.443, 104
Trd, 4319580.193, 89
Trd, 4319581.443, 97
Trd, 4319582.193, 96
Trd, 4319582.593, 97
Trd, 4319582.743, 109
Trd, 4319583.243, 95
Trd, 4319585.093, 99
Trd, 4319587.793, 99
Trd, 4319589.493, 98
Trd, 4319590.193, 97
Trd, 4319590.393, 96
Trd, 4319590.993, 104
Trd, 4319592.843, 99
Trd, 4319593.643, 101
Trd, 4319594.293, 100
Trd, 4319596.093, 99
Trd, 4319596.243, 108
Trd, 4319599.093, 106
Trd, 4319601.393, 108
Trd, 4319601.493, 107
Trd, 4319601.843, 106
Trd, 4319603.943, 103
Trd, 4319604.043, 104
Trd, 4319606.243, 95
Trd, 4319606.343, 97
Trd, 4319606.943, 95
Trd, 4319607.343, 95
Trd, 4319609.693, 96
Trd, 4319612.093, 95
Trd, 4319612.943, 96
Trd, 4319614.243, 94
Trd, 4319614.843, 96
Trd, 4319616.993, 95
Trd, 4319618.093, 95
Trd, 4319618.443, 106
Trd, 4319623.193, 94
Trd, 4319623.843, 95
Trd, 4319625.493, 94
Trd, 4319625.793, 94
Trd, 4319629.943, 95
Trd, 4319631.143, 93
Trd, 4319631.293, 93
Trd, 4319632.893, 93
Trd, 4319634.743, 92
Trd, 4319635.243, 93
Trd, 4319637.143, 91
Trd, 4319637.943, 92
Trd, 4319641.093, 94
Trd, 4319641.193, 92
Trd, 4319642.993, 96
Trd, 4319644.393, 93
Trd, 4319645.843, 92
Trd, 4319646.243, 93
Trd, 4319649.743, 93
Trd, 4319650.143, 92
Trd, 4319650.343, 91
Trd, 4319650.893, 93
Trd, 4319652.543, 93
Trd, 4319654.493, 93
Trd, 4319657.943, 92
Trd, 4319658.193, 93
Trd, 4319660.593, 93
Trd, 4319661.743, 93
Trd, 4319663.043, 93
Trd, 4319665.493, 92
Trd, 4319665.593, 91
Trd, 4319666.343, 93
Trd, 4319667.593, 93
Trd, 4319670.243, 91
Trd, 4319670.693, 98
Trd, 4319673.393, 93
Trd, 4319674.393, 93
Trd, 4319678.343, 92
Trd, 4319679.043, 92
Trd, 4319679.943, 91
Trd, 4319680.343, 91
Trd, 4319680.743, 86
Trd, 4319681.743, 107
Trd, 4319684.443, 97
Trd, 4319685.093, 98
Trd, 4319685.543, 97
Trd, 4319685.843, 107
Trd, 4319686.593, 96
Trd, 4319686.743, 94
Trd, 4319689.993, 106
Trd, 4319692.893, 98
Trd, 4319693.093, 96
Trd, 4319693.793, 97
Trd, 4319696.393, 97
Trd, 4319696.693, 96
Trd, 4319698.093, 95
Trd, 4319699.593, 97
Trd, 4319702.043, 94
Trd, 4319702.343, 94
Trd, 4319703.193, 93
Trd, 4319703.343, 104
Trd, 4319705.993, 92
Trd, 4319708.043, 93
Trd, 4319710.393, 103
Trd, 4319712.043, 93
Trd, 4319712.643, 95
Trd, 4319715.443, 94
Trd, 4319718.643, 93
Trd, 4319718.843, 92
Trd, 4319718.993, 96
Trd, 4319720.243, 92
Trd, 4319720.943, 93
Trd, 4319721.293, 93
Trd, 4319722.593, 111
Trd, 4319724.193, 99
Trd, 4319726.943, 98
Trd, 4319728.843, 98
Trd, 4319731.643, 97
Trd, 4319731.843, 98
Trd, 4319732.743, 97
Trd, 4319733.493, 104
Trd, 4319734.943, 101
Trd, 4319736.293, 99
Trd, 4319737.293, 99
Trd, 4319737.843, 101
Trd, 4319740.593, 101
Trd, 4319742.893, 100
Trd, 4319744.443, 99
Trd, 4319745.543, 99
Trd, 4319745.793, 101
Trd, 4319748.793, 99
Trd, 4319748.943, 98
Trd, 4319749.993, 94
Trd, 4319750.443, 96
Trd, 4319752.293, 95
Trd, 4319754.393, 87
Trd, 4319755.643, 96
Trd, 4319757.293, 96
Trd, 4319758.593, 95
Trd, 4319759.193, 95
Trd, 4319759.643, 109
Trd, 4319763.993, 96
Trd, 4319764.643, 97
Trd, 4319766.943, 97
Trd, 4319768.143, 96
Trd, 4319768.593, 96
Trd, 4319769.143, 95
Trd, 4319771.043, 96
Trd, 4319774.643, 94
Trd, 4319774.743, 96
Trd, 4319775.943, 97
Trd, 4319777.943, 93
Trd, 4319779.343, 94
Trd, 4319780.493, 95
Trd, 4319781.343, 94
Trd, 4319783.243, 95
Trd, 4319783.493, 95
Trd, 4319785.843, 94
Trd, 4319785.893, 107
Trd, 4319790.493, 96
Trd, 4319790.593, 96
Trd, 4319790.743, 94
Trd, 4319792.493, 103
Trd, 4319794.193, 95
Trd, 4319795.743, 94
Trd, 4319797.993, 98
Trd, 4319800.443, 96
Trd, 4319800.793, 94
Trd, 4319802.843, 95
Trd, 4319803.643, 95
Trd, 4319804.543, 94
Trd, 4319804.943, 96
Trd, 4319808.243, 95
Trd, 4319809.293, 94
Trd, 4319811.093, 94
Trd, 4319811.943, 95
Trd, 4319812.693, 95
Trd, 4319814.943, 95
Trd, 4319815.343, 94
Trd, 4319817.893, 95
Trd, 4319819.493, 96
Trd, 4319821.393, 96
Trd, 4319822.593, 95
Trd, 4319825.043, 95
Trd, 4319827.443, 95
Trd, 4319828.193, 96
Trd, 4319828.443, 95
Trd, 4319828.643, 100
Trd, 4319829.593, 98
Trd, 4319831.393, 94
Trd, 4319832.393, 94
Trd, 4319834.143, 93
Trd, 4319837.143, 96
Trd, 4319837.993, 96
Trd, 4319838.343, 97
Trd, 4319838.943, 110
Trd, 4319840.143, 96
Trd, 4319845.343, 100
Trd, 4319846.293, 100
Trd, 4319846.793, 100
Trd, 4319847.193, 99
Trd, 4319848.243, 99
Trd, 4319851.893, 98
Trd, 4319852.293, 97
Trd, 4319852.443, 97
Trd, 4319852.593, 94
Trd, 4319854.893, 96
Trd, 4319857.393, 97
Trd, 4319858.143, 95
Trd, 4319861.093, 95
Trd, 4319862.093, 96
Trd, 4319862.993, 96
Trd, 4319863.343, 95
Trd, 4319865.643, 95
Trd, 4319866.193, 95
Trd, 4319866.343, 97
Trd, 4319872.893, 94
Trd, 4319873.243, 97
Trd, 4319874.143, 95
Trd, 4319875.243, 96
Trd, 4319876.993, 95
Trd, 4319879.443, 94
Trd, 4319880.593, 95
Trd, 4319881.243, 94
Trd, 4319883.043, 94
Trd, 4319883.993, 94
Trd, 4319884.993, 94
Trd, 4319886.043, 95
Trd, 4319887.143, 93
Trd, 4319892.643, 92
Trd, 4319893.793, 95
Trd, 4319894.593, 95
Trd, 4319895.743, 94
Trd, 4319895.793, 92
Trd, 4319898.093, 100
Trd, 4319898.243, 100
Trd, 4319898.793, 99
Trd, 4319900.443, 97
Trd, 4319901.143, 97
Trd, 4319901.443, 97
Trd, 4319902.043, 94
Trd, 4319905.043, 97
Trd, 4319905.093, 96
Trd, 4319906.093, 94
Trd, 4319907.693, 88
Trd, 4319907.793, 92
Trd, 4319910.193, 103
Trd, 4319912.443, 108
Trd, 4319913.793, 104
Trd, 4319914.393, 104
Trd, 4319915.543, 104
Trd, 4319915.743, 107
Trd, 4319917.693, 98
Trd, 4319918.593, 99
Trd, 4319919.793, 104
Trd, 4319920.243, 99
Trd, 4319923.343, 101
Trd, 4319924.293, 99
Trd, 4319924.443, 101
Trd, 4319925.293, 103
Trd, 4319927.043, 103
Trd, 4319927.993, 106
Trd, 4319929.293, 104
Trd, 4319932.443, 103
Trd, 4319933.943, 105
Trd, 4319935.343, 102
Trd, 4319936.143, 104
Trd, 4319936.543, 103
Trd, 4319938.643, 102
Trd, 4319939.443, 101
Trd, 4319940.693, 100
Trd, 4319942.093, 101
Trd, 4319942.493, 99
Trd, 4319943.793, 96
Trd, 4319944.943, 94
Trd, 4319945.643, 96
Trd, 4319946.943, 95
Trd, 4319947.343, 97
Trd, 4319949.093, 97
Trd, 4319949.593, 100
Trd, 4319950.943, 94
Trd, 4319951.043, 96
Trd, 4319951.193, 121
Trd, 4319955.043, 97
Trd, 4319956.693, 99
Trd, 4319958.343, 97
Trd, 4319958.693, 98
Trd, 4319960.893, 97
Trd, 4319962.543, 96
Trd, 4319963.793, 98
Trd, 4319965.943, 96
Trd, 4319966.143, 95
Trd, 4319968.843, 96
Trd, 4319969.493, 98
Trd, 4319971.943, 95
Trd, 4319971.993, 95
Trd, 4319973.843, 97
Trd, 4319973.993, 94
Trd, 4319975.093, 94
Trd, 4319975.893, 95
Trd, 4319976.893, 94
Trd, 4319978.193, 96
Trd, 4319978.843, 96
Trd, 4319980.693, 96
Trd, 4319983.843, 97
Trd, 4319984.993, 96
Trd, 4319985.793, 95
Trd, 4319986.893, 95
Trd, 4319988.743, 103
Trd, 4319989.143, 99
Trd, 4319989.393, 98
Trd, 4319993.293, 105
Trd, 4319993.793, 104
Trd, 4319994.343, 105
Trd, 4319995.043, 103
Trd, 4319996.393, 102
Trd, 4319996.693, 103
Trd, 4319998.643, 102
Trd, 4319999.693, 100
