Trd, 4317850.593, 103
Trd, 4317850.993, 94
Trd, 4317851.143, 101
Trd, 4317851.993, 98
Trd, 4317854.643, 100
Trd, 4317854.893, 100
Trd, 4317858.343, 105
Trd, 4317858.493, 113
Trd, 4317858.893, 105
Trd, 4317859.043, 110
Trd, 4317859.893, 104
Trd, 4317862.643, 96
Trd, 4317864.193, 101
Trd, 4317865.793, 101
Trd, 4317867.093, 102
Trd, 4317867.543, 110
Trd, 4317869.393, 113
Trd, 4317869.493, 106
Trd, 4317872.493, 108
Trd, 4317875.743, 109
Trd, 4317875.793, 109
Trd, 4317876.543, 113
Trd, 4317878.993, 108
Trd, 4317879.693, 103
Trd, 4317880.343, 102
Trd, 4317880.593, 102
Trd, 4317881.943, 105
Trd, 4317886.493, 107
Trd, 4317888.493, 107
Trd, 4317888.693, 106
Trd, 4317888.843, 105
Trd, 4317891.043, 106
Trd, 4317892.043, 106
Trd, 4317892.643, 105
Trd, 4317897.093, 110
Trd, 4317897.193, 108
Trd, 4317898.893, 108
Trd, 4317899.243, 108
Trd, 4317901.343, 106
Trd, 4317903.893, 105
Trd, 4317903.943, 107
Trd, 4317905.893, 108
Trd, 4317907.943, 108
Trd, 4317908.743, 110
Trd, 4317909.293, 106
Trd, 4317911.143, 105
Trd, 4317913.693, 105
Trd, 4317915.043, 104
Trd, 4317915.093, 113
Trd, 4317918.043, 104
Trd, 4317920.393, 106
Trd, 4317921.893, 106
Trd, 4317923.943, 107
Trd, 4317924.143, 105
Trd, 4317924.893, 104
Trd, 4317926.193, 103
Trd, 4317927.993, 103
Trd, 4317930.743, 105
Trd, 4317931.393, 104
Trd, 4317931.793, 105
Trd, 4317933.943, 106
Trd, 4317934.843, 106
Trd, 4317935.143, 105
Trd, 4317938.143, 106
Trd, 4317939.793, 107
Trd, 4317940.993, 107
Trd, 4317941.743, 108
Trd, 4317942.093, 107
Trd, 4317945.093, 106
Trd, 4317946.243, 104
Trd, 4317946.443, 107
Trd, 4317947.093, 103
Trd, 4317950.193, 105
Trd, 4317951.493, 107
Trd, 4317951.993, 103
Trd, 4317953.343, 104
Trd, 4317955.643, 106
Trd, 4317956.943, 112
Trd, 4317957.593, 110
Trd, 4317958.043, 111
Trd, 4317958.493, 111
Trd, 4317958.543, 85
Trd, 4317960.093, 130
Trd, 4317963.093, 105
Trd, 4317965.493, 104
Trd, 4317965.593, 113
Trd, 4317965.893, 104
Trd, 4317967.393, 103
Trd, 4317969.743, 107
Trd, 4317970.593, 104
Trd, 4317971.043, 102
Trd, 4317972.543, 101
Trd, 4317973.543, 96
Trd, 4317974.643, 102
Trd, 4317976.693, 102
Trd, 4317977.843, 110
Trd, 4317981.343, 103
Trd, 4317981.943, 103
Trd, 4317983.343, 102
Trd, 4317984.143, 102
Trd, 4317986.693, 102
Trd, 4317990.993, 103
Trd, 4317991.193, 103
Trd, 4317992.393, 103
Trd, 4317992.593, 102
Trd, 4317993.643, 102
Trd, 4317994.243, 108
Trd, 4317994.743, 108
Trd, 4317998.043, 104
Trd, 4317999.243, 104
Trd, 4318000.943, 104
Trd, 4318001.043, 103
Trd, 4318004.743, 103
Trd, 4318005.343, 113
Trd, 4318006.693, 106
Trd, 4318006.993, 102
Trd, 4318007.643, 102
Trd, 4318010.243, 96
Trd, 4318012.243, 100
Trd, 4318013.093, 113
Trd, 4318013.343, 104
Trd, 4318015.693, 103
Trd, 4318018.643, 104
Trd, 4318020.293, 104
Trd, 4318021.893, 105
Trd, 4318022.193, 117
Trd, 4318022.593, 107
Trd, 4318023.443, 109
Trd, 4318024.443, 108
Trd, 4318025.993, 105
Trd, 4318027.993, 107
Trd, 4318028.393, 104
Trd, 4318030.443, 105
Trd, 4318031.643, 103
Trd, 4318032.593, 107
Trd, 4318034.143, 102
Trd, 4318035.643, 99
Trd, 4318036.243, 99
Trd, 4318037.293, 100
Trd, 4318037.443, 113
Trd, 4318038.693, 99
Trd, 4318039.093, 99
Trd, 4318041.943, 103
Trd, 4318042.643, 98
Trd, 4318046.193, 100
Trd, 4318046.643, 99
Trd, 4318047.343, 125
Trd, 4318052.543, 108
Trd, 4318052.643, 109
Trd, 4318053.243, 107
Trd, 4318054.693, 109
Trd, 4318055.993, 102
Trd, 4318057.943, 104
Trd, 4318059.043, 103
Trd, 4318060.743, 104
Trd, 4318062.243, 102
Trd, 4318065.143, 105
Trd, 4318067.693, 130
Trd, 4318068.793, 113
Trd, 4318069.393, 114
Trd, 4318070.793, 114
Trd, 4318071.443, 113
Trd, 4318071.693, 103
Trd, 4318072.893, 98
Trd, 4318073.343, 114
Trd, 4318073.943, 104
Trd, 4318074.943, 102
Trd, 4318078.943, 101
Trd, 4318079.543, 101
Trd, 4318079.943, 125
Trd, 4318081.443, 103
Trd, 4318085.593, 101
Trd, 4318086.543, 102
Trd, 4318086.843, 101
Trd, 4318087.193, 114
Trd, 4318087.843, 108
Trd, 4318089.193, 105
Trd, 4318091.543, 103
Trd, 4318091.643, 104
Trd, 4318093.543, 104
Trd, 4318094.443, 104
Trd, 4318094.893, 103
Trd, 4318097.593, 102
Trd, 4318098.193, 95
Trd, 4318100.443, 100
Trd, 4318101.593, 99
Trd, 4318102.393, 100
Trd, 4318105.193, 106
Trd, 4318105.443, 104
Trd, 4318106.393, 113
Trd, 4318107.293, 107
Trd, 4318112.143, 106
Trd, 4318112.943, 105
Trd, 4318113.243, 103
Trd, 4318113.643, 107
Trd, 4318115.843, 99
Trd, 4318116.793, 98
Trd, 4318118.193, 100
Trd, 4318119.193, 113
Trd, 4318120.293, 99
Trd, 4318122.593, 104
Trd, 4318124.543, 104
Trd, 4318125.743, 103
Trd, 4318126.693, 104
Trd, 4318126.893, 103
Trd, 4318128.943, 105
Trd, 4318131.293, 106
Trd, 4318132.043, 107
Trd, 4318134.743, 106
Trd, 4318137.393, 107
Trd, 4318139.093, 111
Trd, 4318140.793, 111
Trd, 4318142.493, 131
Trd, 4318142.993, 106
Trd, 4318143.793, 103
Trd, 4318146.643, 111
Trd, 4318147.643, 110
Trd, 4318149.893, 108
Trd, 4318151.443, 107
Trd, 4318151.843, 128
Trd, 4318152.493, 106
Trd, 4318153.243, 103
Trd, 4318157.293, 106
Trd, 4318157.443, 101
Trd, 4318161.993, 103
Trd, 4318162.143, 106
Trd, 4318163.793, 105
Trd, 4318164.843, 106
Trd, 4318165.293, 109
Trd, 4318168.743, 107
Trd, 4318172.543, 109
Trd, 4318173.043, 108
Trd, 4318174.043, 110
Trd, 4318174.543, 95
Trd, 4318176.293, 106
Trd, 4318176.443, 105
Trd, 4318178.593, 106
Trd, 4318179.143, 103
Trd, 4318180.293, 105
Trd, 4318183.493, 106
Trd, 4318183.943, 129
Trd, 4318184.143, 118
Trd, 4318186.993, 113
Trd, 4318188.143, 108
Trd, 4318189.393, 111
Trd, 4318189.843, 108
Trd, 4318190.243, 103
Trd, 4318191.193, 113
Trd, 4318192.443, 103
Trd, 4318193.093, 105
Trd, 4318193.843, 97
Trd, 4318196.143, 102
Trd, 4318196.293, 101
Trd, 4318197.093, 99
Trd, 4318198.143, 100
Trd, 4318199.243, 99
Trd, 4318200.593, 99
Trd, 4318203.793, 101
Trd, 4318205.593, 100
Trd, 4318208.943, 101
Trd, 4318210.093, 101
Trd, 4318210.643, 101
Trd, 4318211.093, 101
Trd, 4318213.643, 103
Trd, 4318213.693, 100
Trd, 4318213.743, 94
Trd, 4318217.593, 101
Trd, 4318218.043, 105
Trd, 4318219.593, 113
Trd, 4318220.343, 103
Trd, 4318221.343, 107
Trd, 4318223.443, 109
Trd, 4318223.943, 110
Trd, 4318226.643, 109
Trd, 4318226.843, 103
Trd, 4318227.043, 110
Trd, 4318229.243, 111
Trd, 4318229.493, 95
Trd, 4318232.643, 105
Trd, 4318233.043, 104
Trd, 4318233.643, 113
Trd, 4318234.293, 101
Trd, 4318236.143, 103
Trd, 4318236.843, 102
Trd, 4318239.343, 113
Trd, 4318240.943, 102
Trd, 4318241.693, 101
Trd, 4318244.043, 106
Trd, 4318244.293, 107
Trd, 4318244.493, 123
Trd, 4318246.743, 107
Trd, 4318247.293, 103
Trd, 4318248.493, 111
Trd, 4318251.593, 107
Trd, 4318253.743, 108
Trd, 4318254.293, 107
Trd, 4318255.793, 108
Trd, 4318255.843, 103
Trd, 4318256.693, 111
Trd, 4318257.743, 106
Trd, 4318261.193, 108
Trd, 4318261.343, 109
Trd, 4318262.193, 108
Trd, 4318262.993, 103
Trd, 4318264.043, 114
Trd, 4318265.593, 113
Trd, 4318266.043, 106
Trd, 4318266.543, 106
Trd, 4318270.443, 94
Trd, 4318271.593, 110
Trd, 4318272.443, 105
Trd, 4318273.593, 106
Trd, 4318273.693, 105
Trd, 4318275.343, 108
Trd, 4318276.643, 108
Trd, 4318277.893, 108
Trd, 4318278.193, 107
Trd, 4318278.993, 110
Trd, 4318279.543, 103
Trd, 4318283.593, 100
Trd, 4318283.643, 98
Trd, 4318284.843, 95
Trd, 4318287.043, 104
Trd, 4318288.493, 104
Trd, 4318290.543, 105
Trd, 4318291.743, 104
Trd, 4318292.693, 104
Trd, 4318292.943, 104
Trd, 4318294.993, 104
Trd, 4318295.593, 106
Trd, 4318297.393, 106
Trd, 4318297.593, 104
Trd, 4318300.643, 106
Trd, 4318302.193, 109
Trd, 4318302.443, 108
Trd, 4318302.593, 106
Trd, 4318306.143, 107
Trd, 4318307.243, 106
Trd, 4318307.293, 109
Trd, 4318308.193, 104
Trd, 4318308.643, 106
Trd, 4318312.793, 106
Trd, 4318313.193, 103
Trd, 4318314.493, 106
Trd, 4318316.343, 113
Trd, 4318317.493, 111
Trd, 4318319.243, 104
Trd, 4318319.943, 103
Trd, 4318320.293, 113
Trd, 4318324.043, 108
Trd, 4318324.893, 107
Trd, 4318326.043, 107
Trd, 4318327.293, 131
Trd, 4318327.443, 113
Trd, 4318329.443, 112
Trd, 4318331.043, 112
Trd, 4318332.193, 105
Trd, 4318333.993, 103
Trd, 4318334.943, 96
Trd, 4318336.193, 97
Trd, 4318337.143, 113
Trd, 4318340.443, 101
Trd, 4318340.743, 100
Trd, 4318343.993, 104
Trd, 4318346.043, 105
Trd, 4318346.393, 104
Trd, 4318346.593, 113
Trd, 4318347.893, 102
Trd, 4318348.043, 102
Trd, 4318351.993, 102
Trd, 4318352.293, 103
Trd, 4318355.043, 104
Trd, 4318356.243, 106
Trd, 4318358.443, 105
Trd, 4318360.593, 88
Trd, 4318361.293, 99
Trd, 4318361.693, 100
Trd, 4318363.643, 97
Trd, 4318363.993, 113
Trd, 4318369.843, 101
Trd, 4318370.643, 99
Trd, 4318371.243, 102
Trd, 4318372.643, 99
Trd, 4318373.193, 102
Trd, 4318373.293, 98
Trd, 4318376.943, 102
Trd, 4318378.993, 106
Trd, 4318380.693, 113
Trd, 4318381.993, 108
Trd, 4318382.193, 106
Trd, 4318385.593, 109
Trd, 4318386.293, 109
Trd, 4318387.043, 106
Trd, 4318388.193, 113
Trd, 4318389.893, 108
Trd, 4318392.343, 109
Trd, 4318393.443, 108
Trd, 4318394.043, 108
Trd, 4318398.543, 105
Trd, 4318398.643, 107
Trd, 4318399.043, 104
Trd, 4318399.393, 105
Trd, 4318400.143, 106
Trd, 4318400.343, 113
Trd, 4318400.443, 103
Trd, 4318402.143, 104
Trd, 4318404.743, 97
Trd, 4318405.693, 96
Trd, 4318405.843, 96
Trd, 4318406.343, 95
Trd, 4318410.043, 99
Trd, 4318410.593, 97
Trd, 4318412.243, 108
Trd, 4318413.293, 98
Trd, 4318417.443, 103
Trd, 4318417.793, 104
Trd, 4318418.643, 104
Trd, 4318420.343, 104
Trd, 4318420.893, 107
Trd, 4318424.193, 107
Trd, 4318424.943, 106
Trd, 4318427.143, 104
Trd, 4318428.093, 106
Trd, 4318428.343, 105
Trd, 4318429.893, 131
Trd, 4318431.693, 113
Trd, 4318432.143, 116
Trd, 4318435.643, 105
Trd, 4318438.393, 109
Trd, 4318438.993, 113
Trd, 4318439.893, 110
Trd, 4318440.043, 109
Trd, 4318441.343, 107
Trd, 4318441.743, 93
Trd, 4318442.793, 101
Trd, 4318445.993, 110
Trd, 4318448.643, 96
Trd, 4318450.343, 107
Trd, 4318451.643, 105
Trd, 4318451.843, 112
Trd, 4318453.843, 105
Trd, 4318455.993, 109
Trd, 4318457.293, 109
Trd, 4318459.643, 104
Trd, 4318460.543, 105
Trd, 4318461.093, 104
Trd, 4318461.993, 104
Trd, 4318463.443, 113
Trd, 4318463.693, 103
Trd, 4318464.193, 124
Trd, 4318468.493, 102
Trd, 4318469.043, 101
Trd, 4318469.743, 100
Trd, 4318473.393, 101
Trd, 4318473.893, 98
Trd, 4318476.143, 98
Trd, 4318477.093, 97
Trd, 4318478.943, 99
Trd, 4318480.493, 97
Trd, 4318482.743, 99
Trd, 4318484.043, 99
Trd, 4318487.393, 103
Trd, 4318488.443, 104
Trd, 4318488.493, 103
Trd, 4318489.943, 113
Trd, 4318490.793, 107
Trd, 4318491.143, 106
Trd, 4318492.843, 106
Trd, 4318494.693, 104
Trd, 4318495.143, 108
Trd, 4318497.143, 107
Trd, 4318499.343, 110
Trd, 4318501.743, 110
Trd, 4318502.643, 109
Trd, 4318506.143, 110
Trd, 4318506.193, 108
Trd, 4318506.243, 113
Trd, 4318510.093, 108
Trd, 4318510.743, 110
Trd, 4318514.843, 106
Trd, 4318515.993, 106
Trd, 4318516.043, 110
Trd, 4318516.693, 104
Trd, 4318517.793, 104
Trd, 4318520.843, 106
Trd, 4318521.193, 104
Trd, 4318522.043, 103
Trd, 4318522.893, 95
Trd, 4318524.493, 102
Trd, 4318525.393, 113
Trd, 4318528.993, 103
Trd, 4318530.493, 104
Trd, 4318531.093, 101
Trd, 4318532.293, 105
Trd, 4318533.043, 106
Trd, 4318535.543, 107
Trd, 4318535.743, 106
Trd, 4318536.793, 95
Trd, 4318537.143, 113
Trd, 4318540.293, 101
Trd, 4318542.843, 103
Trd, 4318543.343, 103
Trd, 4318544.393, 101
Trd, 4318544.843, 101
Trd, 4318546.893, 101
Trd, 4318548.893, 108
Trd, 4318549.043, 105
Trd, 4318549.343, 102
Trd, 4318551.693, 104
Trd, 4318553.043, 103
Trd, 4318555.793, 101
Trd, 4318556.243, 103
Trd, 4318557.193, 102
Trd, 4318557.693, 104
Trd, 4318557.893, 113
Trd, 4318560.193, 102
Trd, 4318564.243, 104
Trd, 4318564.343, 113
Trd, 4318566.393, 103
Trd, 4318567.443, 103
Trd, 4318567.893, 102
Trd, 4318569.693, 104
Trd, 4318570.343, 106
Trd, 4318574.093, 103
Trd, 4318576.593, 106
Trd, 4318579.243, 105
Trd, 4318579.643, 104
Trd, 4318580.393, 105
Trd, 4318582.543, 107
Trd, 4318583.893, 106
Trd, 4318584.293, 113
Trd, 4318585.343, 104
Trd, 4318587.993, 103
Trd, 4318589.993, 105
Trd, 4318590.443, 105
Trd, 4318591.493, 106
Trd, 4318592.693, 104
Trd, 4318594.293, 106
Trd, 4318594.893, 105
Trd, 4318596.693, 108
Trd, 4318599.293, 107
Trd, 4318599.893, 108
Trd, 4318602.043, 108
Trd, 4318602.593, 105
Trd, 4318603.293, 105
Trd, 4318605.843, 106
Trd, 4318605.993, 108
Trd, 4318607.193, 103
Trd, 4318608.593, 97
Trd, 4318611.343, 111
Trd, 4318614.393, 108
Trd, 4318615.043, 108
Trd, 4318617.193, 109
Trd, 4318618.193, 109
Trd, 4318618.293, 108
Trd, 4318619.493, 103
Trd, 4318621.043, 104
Trd, 4318621.293, 103
Trd, 4318623.143, 104
Trd, 4318624.593, 104
Trd, 4318626.093, 101
Trd, 4318626.493, 100
Trd, 4318627.643, 100
Trd, 4318630.043, 97
Trd, 4318630.543, 97
Trd, 4318631.193, 97
Trd, 4318631.793, 94
Trd, 4318633.993, 94
Trd, 4318634.693, 91
Trd, 4318637.093, 91
Trd, 4318637.993, 90
Trd, 4318639.143, 91
Trd, 4318640.893, 91
Trd, 4318644.793, 95
Trd, 4318646.643, 100
Trd, 4318647.093, 103
Trd, 4318650.893, 113
Trd, 4318650.943, 106
Trd, 4318651.393, 115
Trd, 4318653.443, 107
Trd, 4318657.193, 108
Trd, 4318658.843, 108
Trd, 4318660.143, 99
Trd, 4318661.193, 105
Trd, 4318661.293, 104
Trd, 4318664.543, 108
Trd, 4318665.343, 109
Trd, 4318665.743, 108
Trd, 4318665.793, 107
Trd, 4318666.893, 108
Trd, 4318668.743, 104
Trd, 4318669.543, 103
Trd, 4318672.193, 104
Trd, 4318672.993, 105
Trd, 4318673.693, 102
Trd, 4318674.593, 94
Trd, 4318677.043, 113
Trd, 4318679.643, 105
Trd, 4318679.743, 106
Trd, 4318680.943, 106
Trd, 4318681.993, 104
Trd, 4318684.543, 105
Trd, 4318684.743, 104
Trd, 4318686.643, 108
Trd, 4318687.443, 103
Trd, 4318689.693, 103
Trd, 4318691.293, 104
Trd, 4318692.393, 103
Trd, 4318693.493, 113
Trd, 4318693.593, 105
Trd, 4318696.193, 104
Trd, 4318697.343, 108
Trd, 4318699.143, 105
Trd, 4318699.593, 105
Trd, 4318699.943, 104
Trd, 4318701.193, 104
Trd, 4318701.793, 103
Trd, 4318704.443, 105
Trd, 4318704.543, 103
Trd, 4318707.343, 102
Trd, 4318709.193, 104
Trd, 4318711.193, 103
Trd, 4318711.243, 102
Trd, 4318711.793, 102
Trd, 4318712.593, 101
Trd, 4318715.943, 105
Trd, 4318716.093, 105
Trd, 4318717.143, 103
Trd, 4318720.093, 104
Trd, 4318720.643, 104
Trd, 4318721.293, 105
Trd, 4318721.793, 104
Trd, 4318723.843, 104
Trd, 4318724.193, 103
Trd, 4318725.493, 105
Trd, 4318727.343, 102
Trd, 4318728.343, 106
Trd, 4318733.793, 104
Trd, 4318734.093, 113
Trd, 4318734.343, 105
Trd, 4318734.643, 104
Trd, 4318737.693, 107
Trd, 4318738.243, 107
Trd, 4318738.443, 93
Trd, 4318739.993, 101
Trd, 4318740.943, 99
Trd, 4318743.193, 101
Trd, 4318744.143, 100
Trd, 4318744.993, 100
Trd, 4318747.443, 113
Trd, 4318748.793, 116
Trd, 4318749.043, 115
Trd, 4318749.093, 111
Trd, 4318751.593, 105
Trd, 4318752.493, 105
Trd, 4318753.293, 105
Trd, 4318754.993, 106
Trd, 4318756.193, 103
Trd, 4318760.693, 106
Trd, 4318760.943, 106
Trd, 4318761.343, 108
Trd, 4318761.893, 105
Trd, 4318762.243, 103
Trd, 4318763.343, 105
Trd, 4318765.443, 107
Trd, 4318766.943, 103
Trd, 4318768.843, 102
Trd, 4318769.443, 103
Trd, 4318770.943, 104
Trd, 4318772.543, 105
Trd, 4318774.643, 103
Trd, 4318776.493, 104
Trd, 4318777.593, 105
Trd, 4318778.093, 114
Trd, 4318780.343, 102
Trd, 4318781.793, 103
Trd, 4318783.743, 106
Trd, 4318784.393, 100
Trd, 4318786.543, 104
Trd, 4318786.943, 102
Trd, 4318786.993, 100
Trd, 4318789.143, 101
Trd, 4318790.993, 99
Trd, 4318792.143, 101
Trd, 4318795.193, 103
Trd, 4318796.093, 101
Trd, 4318797.643, 99
Trd, 4318798.443, 103
Trd, 4318799.643, 98
Trd, 4318800.693, 101
Trd, 4318803.593, 106
Trd, 4318805.293, 111
Trd, 4318806.143, 107
Trd, 4318807.743, 104
Trd, 4318807.943, 103
Trd, 4318808.343, 103
Trd, 4318809.693, 104
Trd, 4318810.493, 110
Trd, 4318812.193, 107
Trd, 4318813.443, 108
Trd, 4318814.293, 108
Trd, 4318816.743, 114
Trd, 4318816.893, 113
Trd, 4318818.043, 129
Trd, 4318818.693, 103
Trd, 4318821.793, 112
Trd, 4318823.593, 114
Trd, 4318823.643, 100
Trd, 4318823.793, 99
Trd, 4318827.293, 108
Trd, 4318827.743, 113
Trd, 4318829.743, 109
Trd, 4318829.993, 112
Trd, 4318830.443, 109
Trd, 4318834.243, 107
Trd, 4318835.093, 104
Trd, 4318836.593, 107
Trd, 4318838.543, 106
Trd, 4318839.143, 105
Trd, 4318839.343, 103
Trd, 4318841.543, 105
Trd, 4318842.043, 106
Trd, 4318843.243, 105
Trd, 4318843.793, 104
Trd, 4318844.593, 113
Trd, 4318845.693, 103
Trd, 4318848.393, 110
Trd, 4318848.843, 111
Trd, 4318849.493, 107
Trd, 4318849.543, 106
Trd, 4318853.893, 108
Trd, 4318854.643, 112
Trd, 4318857.093, 113
Trd, 4318857.393, 112
Trd, 4318860.743, 112
Trd, 4318860.993, 113
Trd, 4318861.643, 111
Trd, 4318864.043, 106
Trd, 4318865.493, 96
Trd, 4318865.893, 103
Trd, 4318868.093, 104
Trd, 4318869.493, 104
Trd, 4318871.843, 105
Trd, 4318872.243, 104
Trd, 4318873.943, 107
Trd, 4318874.593, 103
Trd, 4318875.143, 94
Trd, 4318876.593, 105
Trd, 4318879.993, 103
Trd, 4318881.193, 115
Trd, 4318883.543, 104
Trd, 4318885.793, 110
Trd, 4318886.993, 109
Trd, 4318890.493, 110
Trd, 4318891.643, 111
Trd, 4318892.043, 110
Trd, 4318892.343, 103
Trd, 4318893.393, 113
Trd, 4318895.143, 107
Trd, 4318897.043, 97
Trd, 4318898.543, 96
Trd, 4318898.943, 100
Trd, 4318899.293, 94
Trd, 4318901.193, 100
Trd, 4318902.043, 98
Trd, 4318902.543, 98
Trd, 4318904.593, 100
Trd, 4318906.443, 94
Trd, 4318907.393, 99
Trd, 4318908.193, 97
Trd, 4318910.593, 102
Trd, 4318912.493, 111
Trd, 4318912.943, 129
Trd, 4318913.343, 110
Trd, 4318914.693, 109
Trd, 4318915.943, 103
Trd, 4318918.293, 104
Trd, 4318918.743, 104
Trd, 4318919.393, 103
Trd, 4318921.843, 104
Trd, 4318922.543, 103
Trd, 4318923.843, 132
Trd, 4318923.893, 131
Trd, 4318925.293, 111
Trd, 4318927.743, 113
Trd, 4318929.143, 111
Trd, 4318930.293, 109
Trd, 4318932.693, 105
Trd, 4318934.093, 101
Trd, 4318934.493, 101
Trd, 4318937.743, 102
Trd, 4318938.443, 102
Trd, 4318939.943, 105
Trd, 4318940.643, 106
Trd, 4318942.143, 107
Trd, 4318943.243, 101
Trd, 4318944.743, 107
Trd, 4318944.943, 106
Trd, 4318946.943, 113
Trd, 4318948.593, 103
Trd, 4318951.143, 106
Trd, 4318951.193, 111
Trd, 4318954.393, 103
Trd, 4318954.943, 98
Trd, 4318955.543, 95
Trd, 4318958.443, 100
Trd, 4318958.843, 94
Trd, 4318960.243, 101
Trd, 4318961.943, 98
Trd, 4318963.193, 100
Trd, 4318965.293, 101
Trd, 4318966.093, 101
Trd, 4318968.243, 104
Trd, 4318968.593, 113
Trd, 4318969.843, 105
Trd, 4318970.293, 103
Trd, 4318971.393, 107
Trd, 4318972.793, 95
Trd, 4318977.043, 97
Trd, 4318977.893, 95
Trd, 4318978.343, 95
Trd, 4318978.593, 95
Trd, 4318980.843, 98
Trd, 4318980.993, 111
Trd, 4318982.943, 95
Trd, 4318983.893, 101
Trd, 4318987.443, 100
Trd, 4318989.093, 100
Trd, 4318989.793, 101
Trd, 4318991.143, 101
Trd, 4318993.943, 108
Trd, 4318994.693, 107
Trd, 4318996.093, 109
Trd, 4318998.493, 107
Trd, 4318998.943, 106
Trd, 4319000.243, 105
Trd, 4319002.793, 105
Trd, 4319003.593, 106
Trd, 4319004.143, 103
Trd, 4319007.893, 107
Trd, 4319008.893, 113
Trd, 4319011.093, 109
Trd, 4319011.843, 109
Trd, 4319013.493, 108
Trd, 4319015.543, 110
Trd, 4319016.693, 103
Trd, 4319019.343, 113
Trd, 4319021.293, 104
Trd, 4319021.493, 105
Trd, 4319023.543, 105
Trd, 4319024.093, 106
Trd, 4319025.443, 96
Trd, 4319025.893, 102
Trd, 4319026.043, 106
Trd, 4319028.393, 104
Trd, 4319030.993, 105
Trd, 4319032.793, 105
Trd, 4319034.843, 106
Trd, 4319035.293, 113
Trd, 4319035.643, 105
Trd, 4319035.993, 103
Trd, 4319039.243, 109
Trd, 4319041.343, 108
Trd, 4319041.743, 106
Trd, 4319042.343, 103
Trd, 4319043.243, 104
Trd, 4319044.093, 104
Trd, 4319045.693, 103
Trd, 4319046.693, 105
Trd, 4319048.543, 102
Trd, 4319049.093, 105
Trd, 4319049.743, 101
Trd, 4319053.343, 108
Trd, 4319053.593, 107
Trd, 4319054.343, 113
Trd, 4319054.593, 103
Trd, 4319057.193, 108
Trd, 4319058.443, 108
Trd, 4319059.943, 109
Trd, 4319060.393, 109
Trd, 4319060.593, 110
Trd, 4319061.043, 110
Trd, 4319063.193, 110
Trd, 4319064.543, 109
Trd, 4319065.743, 110
Trd, 4319066.493, 109
Trd, 4319066.643, 103
Trd, 4319067.593, 101
Trd, 4319071.443, 100
Trd, 4319072.243, 97
Trd, 4319073.043, 100
Trd, 4319073.743, 100
Trd, 4319075.093, 92
Trd, 4319078.693, 93
Trd, 4319079.843, 97
Trd, 4319080.443, 99
Trd, 4319081.643, 113
Trd, 4319083.393, 102
Trd, 4319083.493, 101
Trd, 4319087.343, 102
Trd, 4319087.643, 102
Trd, 4319088.693, 101
Trd, 4319089.693, 103
Trd, 4319091.143, 105
Trd, 4319092.243, 106
Trd, 4319093.943, 103
Trd, 4319097.593, 106
Trd, 4319098.893, 107
Trd, 4319099.643, 107
Trd, 4319100.543, 106
Trd, 4319101.343, 107
Trd, 4319104.293, 109
Trd, 4319104.543, 108
Trd, 4319106.343, 110
Trd, 4319107.043, 112
Trd, 4319108.993, 110
Trd, 4319110.193, 112
Trd, 4319110.443, 113
Trd, 4319110.993, 112
Trd, 4319112.893, 103
Trd, 4319113.293, 109
Trd, 4319115.293, 108
Trd, 4319117.493, 107
Trd, 4319117.993, 108
Trd, 4319119.093, 111
Trd, 4319121.293, 106
Trd, 4319124.743, 110
Trd, 4319126.543, 110
Trd, 4319127.143, 111
Trd, 4319127.443, 106
Trd, 4319127.593, 103
Trd, 4319127.893, 113
Trd, 4319131.893, 106
Trd, 4319133.593, 104
Trd, 4319133.693, 103
Trd, 4319134.843, 104
Trd, 4319136.643, 103
Trd, 4319138.143, 105
Trd, 4319140.243, 98
Trd, 4319141.843, 102
Trd, 4319142.593, 102
Trd, 4319144.743, 102
Trd, 4319145.293, 102
Trd, 4319146.943, 103
Trd, 4319147.543, 104
Trd, 4319149.093, 106
Trd, 4319151.193, 104
Trd, 4319153.343, 106
Trd, 4319153.993, 106
Trd, 4319154.443, 121
Trd, 4319155.193, 103
Trd, 4319159.043, 107
Trd, 4319159.293, 107
Trd, 4319162.493, 108
Trd, 4319164.093, 107
Trd, 4319164.243, 106
Trd, 4319167.393, 96
Trd, 4319167.443, 101
Trd, 4319168.543, 100
Trd, 4319169.093, 113
Trd, 4319169.993, 99
Trd, 4319171.193, 101
Trd, 4319172.643, 96
Trd, 4319173.643, 94
Trd, 4319174.843, 99
Trd, 4319178.993, 99
Trd, 4319179.343, 97
Trd, 4319179.593, 101
Trd, 4319182.593, 99
Trd, 4319183.543, 99
Trd, 4319184.993, 100
Trd, 4319186.193, 99
Trd, 4319186.493, 100
Trd, 4319188.143, 101
Trd, 4319188.443, 100
Trd, 4319190.043, 107
Trd, 4319191.393, 104
Trd, 4319193.793, 102
Trd, 4319194.443, 102
Trd, 4319194.543, 101
Trd, 4319195.843, 103
Trd, 4319196.743, 103
Trd, 4319197.243, 99
Trd, 4319200.343, 103
Trd, 4319201.043, 100
Trd, 4319201.893, 99
Trd, 4319204.643, 103
Trd, 4319205.943, 103
Trd, 4319206.793, 104
Trd, 4319207.393, 113
Trd, 4319209.293, 107
Trd, 4319209.393, 106
Trd, 4319211.293, 105
Trd, 4319213.393, 107
Trd, 4319213.593, 103
Trd, 4319213.993, 104
Trd, 4319214.993, 104
Trd, 4319215.543, 103
Trd, 4319216.193, 106
Trd, 4319216.343, 94
Trd, 4319219.343, 102
Trd, 4319220.843, 100
Trd, 4319221.593, 95
Trd, 4319223.343, 98
Trd, 4319223.743, 94
Trd, 4319224.793, 94
Trd, 4319225.593, 113
Trd, 4319229.593, 97
Trd, 4319230.593, 98
Trd, 4319231.893, 100
Trd, 4319233.343, 100
Trd, 4319235.043, 100
Trd, 4319236.443, 113
Trd, 4319238.043, 102
Trd, 4319239.993, 109
Trd, 4319240.243, 108
Trd, 4319241.693, 103
Trd, 4319243.943, 102
Trd, 4319244.043, 98
Trd, 4319245.243, 113
Trd, 4319246.493, 100
Trd, 4319246.743, 101
Trd, 4319247.743, 101
Trd, 4319248.393, 101
Trd, 4319251.593, 101
Trd, 4319255.343, 102
Trd, 4319256.293, 101
Trd, 4319257.143, 102
Trd, 4319258.243, 100
Trd, 4319260.593, 106
Trd, 4319260.643, 104
Trd, 4319263.693, 104
Trd, 4319264.643, 104
Trd, 4319265.793, 105
Trd, 4319266.543, 95
Trd, 4319267.493, 99
Trd, 4319268.993, 100
Trd, 4319270.643, 99
Trd, 4319271.793, 98
Trd, 4319274.043, 103
Trd, 4319275.093, 103
Trd, 4319275.743, 103
Trd, 4319277.193, 102
Trd, 4319277.293, 113
Trd, 4319280.093, 104
Trd, 4319280.193, 107
Trd, 4319282.943, 105
Trd, 4319283.693, 106
Trd, 4319284.343, 116
Trd, 4319285.743, 104
Trd, 4319287.493, 105
Trd, 4319289.193, 105
Trd, 4319290.643, 106
Trd, 4319292.543, 105
Trd, 4319293.793, 96
Trd, 4319295.293, 102
Trd, 4319297.343, 102
Trd, 4319297.593, 114
Trd, 4319300.093, 107
Trd, 4319302.043, 105
Trd, 4319305.643, 106
Trd, 4319306.193, 106
Trd, 4319306.243, 105
Trd, 4319306.643, 103
Trd, 4319309.393, 103
Trd, 4319309.993, 103
Trd, 4319311.743, 102
Trd, 4319314.993, 103
Trd, 4319315.843, 104
Trd, 4319316.643, 105
Trd, 4319317.293, 113
Trd, 4319317.793, 103
Trd, 4319318.793, 116
Trd, 4319322.343, 104
Trd, 4319322.793, 104
Trd, 4319324.543, 105
Trd, 4319326.043, 113
Trd, 4319328.593, 106
Trd, 4319328.793, 109
Trd, 4319329.943, 103
Trd, 4319332.143, 107
Trd, 4319334.193, 107
Trd, 4319335.093, 107
Trd, 4319335.443, 103
Trd, 4319338.043, 108
Trd, 4319339.743, 106
Trd, 4319340.443, 106
Trd, 4319341.243, 108
Trd, 4319341.293, 105
Trd, 4319344.693, 107
Trd, 4319345.943, 113
Trd, 4319346.143, 106
Trd, 4319346.793, 103
Trd, 4319348.093, 95
Trd, 4319349.193, 96
Trd, 4319350.493, 96
Trd, 4319352.093, 95
Trd, 4319353.343, 95
Trd, 4319353.743, 95
Trd, 4319354.043, 95
Trd, 4319357.943, 107
Trd, 4319358.893, 100
Trd, 4319360.093, 101
Trd, 4319362.393, 99
Trd, 4319362.643, 113
Trd, 4319365.993, 104
Trd, 4319366.243, 103
Trd, 4319366.393, 113
Trd, 4319367.693, 108
Trd, 4319368.493, 105
Trd, 4319369.543, 101
Trd, 4319369.843, 113
Trd, 4319371.593, 102
Trd, 4319371.843, 95
Trd, 4319373.693, 85
Trd, 4319374.543, 107
Trd, 4319379.443, 102
Trd, 4319380.193, 101
Trd, 4319380.743, 105
Trd, 4319381.093, 98
Trd, 4319383.893, 101
Trd, 4319384.143, 103
Trd, 4319387.443, 101
Trd, 4319388.143, 95
Trd, 4319388.893, 102
Trd, 4319391.543, 103
Trd, 4319391.893, 102
Trd, 4319393.293, 102
Trd, 4319395.643, 104
Trd, 4319396.843, 104
Trd, 4319397.943, 103
Trd, 4319399.493, 131
Trd, 4319400.143, 116
Trd, 4319402.143, 106
Trd, 4319403.543, 104
Trd, 4319405.943, 113
Trd, 4319406.293, 104
Trd, 4319406.343, 103
Trd, 4319406.693, 105
Trd, 4319408.993, 107
Trd, 4319409.793, 108
Trd, 4319410.743, 110
Trd, 4319412.593, 103
Trd, 4319413.043, 105
Trd, 4319414.643, 106
Trd, 4319416.243, 109
Trd, 4319417.093, 108
Trd, 4319418.193, 108
Trd, 4319419.343, 113
Trd, 4319419.893, 114
Trd, 4319421.993, 106
Trd, 4319422.793, 103
Trd, 4319426.243, 103
Trd, 4319426.543, 106
Trd, 4319426.993, 107
Trd, 4319428.993, 108
Trd, 4319429.293, 126
Trd, 4319431.443, 111
Trd, 4319433.943, 114
Trd, 4319434.893, 113
Trd, 4319434.943, 111
Trd, 4319435.343, 113
Trd, 4319435.593, 103
Trd, 4319437.793, 101
Trd, 4319439.593, 105
Trd, 4319439.643, 104
Trd, 4319442.243, 105
Trd, 4319444.543, 112
Trd, 4319444.843, 104
Trd, 4319447.043, 104
Trd, 4319448.393, 105
Trd, 4319448.743, 103
Trd, 4319448.943, 93
Trd, 4319452.493, 105
Trd, 4319455.393, 106
Trd, 4319456.393, 103
Trd, 4319457.043, 103
Trd, 4319459.443, 105
Trd, 4319459.743, 104
Trd, 4319459.843, 106
Trd, 4319460.643, 103
Trd, 4319463.493, 99
Trd, 4319464.043, 91
Trd, 4319464.193, 98
Trd, 4319464.493, 99
Trd, 4319465.643, 100
Trd, 4319470.643, 99
Trd, 4319470.843, 98
Trd, 4319472.043, 100
Trd, 4319473.893, 98
Trd, 4319475.693, 100
Trd, 4319476.443, 100
Trd, 4319476.493, 99
Trd, 4319479.793, 98
Trd, 4319481.243, 97
Trd, 4319482.843, 96
Trd, 4319483.543, 96
Trd, 4319484.493, 109
Trd, 4319486.793, 96
Trd, 4319489.443, 100
Trd, 4319489.893, 101
Trd, 4319493.143, 100
Trd, 4319494.293, 100
Trd, 4319494.693, 102
Trd, 4319498.543, 101
Trd, 4319498.793, 100
Trd, 4319500.393, 99
Trd, 4319501.493, 99
Trd, 4319502.343, 98
Trd, 4319503.993, 100
Trd, 4319505.093, 99
Trd, 4319505.743, 102
Trd, 4319506.743, 98
Trd, 4319509.443, 103
Trd, 4319510.643, 113
Trd, 4319511.193, 102
Trd, 4319513.293, 105
Trd, 4319514.543, 107
Trd, 4319515.943, 108
Trd, 4319517.143, 107
Trd, 4319519.543, 108
Trd, 4319520.293, 109
Trd, 4319520.493, 108
Trd, 4319523.693, 107
Trd, 4319525.443, 98
Trd, 4319525.893, 109
Trd, 4319529.843, 109
Trd, 4319530.043, 110
Trd, 4319530.643, 106
Trd, 4319530.993, 104
Trd, 4319532.343, 94
Trd, 4319532.943, 99
Trd, 4319535.193, 105
Trd, 4319536.443, 97
Trd, 4319537.643, 101
Trd, 4319538.143, 99
Trd, 4319542.193, 101
Trd, 4319542.293, 101
Trd, 4319544.293, 101
Trd, 4319544.393, 113
Trd, 4319546.543, 101
Trd, 4319546.893, 94
Trd, 4319548.793, 93
Trd, 4319549.593, 93
Trd, 4319550.643, 93
Trd, 4319552.343, 108
Trd, 4319554.443, 102
Trd, 4319556.543, 104
Trd, 4319557.843, 104
Trd, 4319560.493, 103
Trd, 4319560.793, 104
Trd, 4319562.193, 103
Trd, 4319562.743, 102
Trd, 4319564.493, 102
Trd, 4319565.643, 102
Trd, 4319567.343, 102
Trd, 4319567.593, 101
Trd, 4319571.843, 111
Trd, 4319573.943, 107
Trd, 4319574.193, 113
Trd, 4319575.193, 109
Trd, 4319575.493, 108
Trd, 4319576.193, 107
Trd, 4319576.243, 103
Trd, 4319578.043, 93
Trd, 4319580.943, 95
Trd, 4319582.493, 96
Trd, 4319582.543, 94
Trd, 4319583.193, 102
Trd, 4319586.593, 99
Trd, 4319587.143, 98
Trd, 4319587.443, 104
Trd, 4319588.743, 101
Trd, 4319590.543, 100
Trd, 4319592.343, 103
Trd, 4319593.943, 104
Trd, 4319594.543, 104
Trd, 4319595.593, 103
Trd, 4319595.793, 113
Trd, 4319598.443, 112
Trd, 4319601.093, 108
Trd, 4319602.243, 110
Trd, 4319605.143, 110
Trd, 4319606.443, 111
Trd, 4319606.743, 113
Trd, 4319606.993, 112
Trd, 4319608.943, 105
Trd, 4319609.443, 108
Trd, 4319609.693, 103
Trd, 4319611.293, 94
Trd, 4319614.043, 97
Trd, 4319614.593, 98
Trd, 4319616.443, 98
Trd, 4319616.693, 107
Trd, 4319618.693, 97
Trd, 4319619.343, 94
Trd, 4319622.443, 103
Trd, 4319622.793, 95
Trd, 4319624.343, 103
Trd, 4319625.443, 98
Trd, 4319627.743, 99
Trd, 4319629.743, 101
Trd, 4319630.193, 113
Trd, 4319631.943, 103
Trd, 4319635.243, 105
Trd, 4319636.743, 104
Trd, 4319636.993, 107
Trd, 4319637.543, 104
Trd, 4319639.143, 103
Trd, 4319639.793, 113
Trd, 4319640.543, 102
Trd, 4319643.593, 99
Trd, 4319645.193, 99
Trd, 4319646.893, 99
Trd, 4319647.993, 100
Trd, 4319648.793, 100
Trd, 4319649.043, 113
Trd, 4319653.193, 104
Trd, 4319653.743, 104
Trd, 4319654.093, 105
Trd, 4319655.943, 104
Trd, 4319656.093, 105
Trd, 4319657.093, 102
Trd, 4319657.943, 113
Trd, 4319661.843, 115
Trd, 4319662.593, 122
Trd, 4319662.993, 114
Trd, 4319664.543, 113
Trd, 4319667.393, 103
Trd, 4319668.393, 108
Trd, 4319669.993, 109
Trd, 4319670.543, 109
Trd, 4319670.643, 114
Trd, 4319674.793, 103
Trd, 4319674.843, 102
Trd, 4319675.343, 101
Trd, 4319675.993, 120
Trd, 4319678.893, 104
Trd, 4319681.293, 109
Trd, 4319681.793, 107
Trd, 4319683.093, 109
Trd, 4319683.543, 103
Trd, 4319684.543, 96
Trd, 4319685.093, 100
Trd, 4319685.543, 107
Trd, 4319689.343, 103
Trd, 4319689.893, 102
Trd, 4319691.293, 104
Trd, 4319691.943, 104
Trd, 4319693.393, 103
Trd, 4319694.343, 113
Trd, 4319695.743, 101
Trd, 4319697.643, 96
Trd, 4319699.043, 101
Trd, 4319701.343, 113
Trd, 4319704.293, 107
Trd, 4319704.593, 106
Trd, 4319707.143, 88
Trd, 4319707.893, 100
Trd, 4319708.493, 107
Trd, 4319709.093, 100
Trd, 4319711.943, 100
Trd, 4319712.193, 99
Trd, 4319712.393, 98
Trd, 4319713.443, 101
Trd, 4319715.993, 94
Trd, 4319719.993, 88
Trd, 4319720.093, 101
Trd, 4319721.643, 95
Trd, 4319723.393, 94
Trd, 4319723.743, 95
Trd, 4319727.643, 98
Trd, 4319728.193, 98
Trd, 4319729.393, 100
Trd, 4319729.893, 113
Trd, 4319731.093, 100
Trd, 4319731.843, 103
Trd, 4319734.043, 100
Trd, 4319735.193, 100
Trd, 4319736.193, 100
Trd, 4319737.443, 113
Trd, 4319739.243, 102
Trd, 4319739.793, 104
Trd, 4319742.443, 102
Trd, 4319743.943, 100
Trd, 4319744.893, 103
Trd, 4319745.993, 101
Trd, 4319746.043, 100
Trd, 4319747.843, 110
Trd, 4319749.143, 98
Trd, 4319750.093, 97
Trd, 4319751.343, 98
Trd, 4319752.943, 99
Trd, 4319753.443, 96
Trd, 4319755.293, 99
Trd, 4319755.893, 100
Trd, 4319759.743, 100
Trd, 4319760.093, 108
Trd, 4319761.843, 100
Trd, 4319763.143, 103
Trd, 4319763.893, 103
Trd, 4319765.543, 104
Trd, 4319767.243, 104
Trd, 4319767.743, 103
Trd, 4319767.993, 113
Trd, 4319770.843, 106
Trd, 4319771.843, 107
Trd, 4319774.193, 103
Trd, 4319775.443, 103
Trd, 4319779.293, 102
Trd, 4319780.493, 103
Trd, 4319781.193, 131
Trd, 4319782.743, 106
Trd, 4319783.393, 101
Trd, 4319785.343, 95
Trd, 4319785.693, 99
Trd, 4319787.243, 94
Trd, 4319788.943, 90
Trd, 4319790.643, 88
Trd, 4319791.293, 102
Trd, 4319795.293, 93
Trd, 4319795.843, 93
Trd, 4319798.343, 93
Trd, 4319799.293, 114
Trd, 4319801.493, 97
Trd, 4319803.243, 102
Trd, 4319803.543, 101
Trd, 4319804.393, 113
Trd, 4319805.893, 99
Trd, 4319808.193, 98
Trd, 4319809.393, 99
Trd, 4319811.093, 130
Trd, 4319811.843, 113
Trd, 4319812.893, 104
Trd, 4319815.393, 105
Trd, 4319815.743, 104
Trd, 4319817.743, 103
Trd, 4319818.743, 103
Trd, 4319819.743, 102
Trd, 4319820.043, 95
Trd, 4319822.193, 105
Trd, 4319825.193, 104
Trd, 4319826.593, 103
Trd, 4319827.043, 111
Trd, 4319827.993, 106
Trd, 4319828.893, 104
Trd, 4319833.243, 106
Trd, 4319834.793, 106
Trd, 4319835.243, 106
Trd, 4319836.443, 107
Trd, 4319837.543, 105
Trd, 4319840.343, 106
Trd, 4319840.593, 103
Trd, 4319840.893, 114
Trd, 4319841.543, 102
Trd, 4319842.993, 84
Trd, 4319844.643, 94
Trd, 4319845.743, 94
Trd, 4319847.643, 98
Trd, 4319848.293, 97
Trd, 4319848.493, 114
Trd, 4319848.693, 96
Trd, 4319850.643, 106
Trd, 4319853.043, 102
Trd, 4319854.743, 102
Trd, 4319857.093, 103
Trd, 4319857.243, 103
Trd, 4319859.543, 101
Trd, 4319861.393, 101
Trd, 4319862.493, 103
Trd, 4319863.293, 103
Trd, 4319863.593, 98
Trd, 4319866.143, 113
Trd, 4319869.843, 108
Trd, 4319870.393, 106
Trd, 4319871.893, 106
Trd, 4319872.943, 105
Trd, 4319875.493, 96
Trd, 4319876.393, 96
Trd, 4319877.493, 99
Trd, 4319877.893, 100
Trd, 4319879.843, 98
Trd, 4319880.943, 98
Trd, 4319883.243, 97
Trd, 4319885.693, 99
Trd, 4319886.493, 113
Trd, 4319888.943, 103
Trd, 4319889.693, 104
Trd, 4319889.843, 103
Trd, 4319891.193, 127
Trd, 4319893.893, 104
Trd, 4319896.043, 103
Trd, 4319899.043, 105
Trd, 4319900.443, 104
Trd, 4319901.343, 105
Trd, 4319901.593, 95
Trd, 4319904.693, 107
Trd, 4319905.393, 102
Trd, 4319906.693, 104
Trd, 4319907.493, 103
Trd, 4319907.843, 102
Trd, 4319912.443, 105
Trd, 4319913.793, 105
Trd, 4319915.293, 105
Trd, 4319915.393, 104
Trd, 4319915.843, 102
Trd, 4319919.243, 104
Trd, 4319919.943, 105
Trd, 4319921.693, 103
Trd, 4319922.243, 99
Trd, 4319922.693, 102
Trd, 4319925.893, 127
Trd, 4319927.343, 106
Trd, 4319927.843, 103
Trd, 4319929.343, 103
Trd, 4319932.493, 106
Trd, 4319932.593, 105
Trd, 4319933.143, 107
Trd, 4319934.943, 105
Trd, 4319935.493, 109
Trd, 4319936.593, 103
Trd, 4319939.543, 108
Trd, 4319941.993, 106
Trd, 4319943.793, 105
Trd, 4319945.093, 104
Trd, 4319946.743, 104
Trd, 4319947.343, 106
Trd, 4319949.443, 113
Trd, 4319950.493, 113
Trd, 4319950.543, 109
Trd, 4319951.193, 103
Trd, 4319954.043, 101
Trd, 4319954.793, 103
Trd, 4319954.993, 102
Trd, 4319957.143, 113
Trd, 4319958.343, 105
Trd, 4319958.693, 103
Trd, 4319960.293, 103
Trd, 4319960.893, 104
Trd, 4319963.893, 104
Trd, 4319964.193, 113
Trd, 4319964.443, 103
Trd, 4319967.093, 102
Trd, 4319967.243, 109
Trd, 4319970.843, 103
Trd, 4319971.493, 103
Trd, 4319974.293, 105
Trd, 4319974.543, 103
Trd, 4319976.243, 105
Trd, 4319977.293, 110
Trd, 4319980.043, 108
Trd, 4319980.693, 109
Trd, 4319981.043, 108
Trd, 4319981.293, 106
Trd, 4319982.393, 103
Trd, 4319984.243, 107
Trd, 4319984.543, 106
Trd, 4319986.943, 105
Trd, 4319987.743, 106
Trd, 4319988.993, 102
Trd, 4319990.793, 97
Trd, 4319993.493, 101
Trd, 4319994.743, 103
Trd, 4319995.593, 106
Trd, 4319995.643, 102
Trd, 4319997.443, 102
Trd, 4319999.643, 96
