Trd, 4317833.943, 92
Trd, 4317834.893, 95
Trd, 4317835.593, 92
Trd, 4317837.443, 95
Trd, 4317839.343, 96
Trd, 4317839.743, 94
Trd, 4317842.643, 96
Trd, 4317842.743, 95
Trd, 4317843.393, 85
Trd, 4317846.693, 96
Trd, 4317847.293, 97
Trd, 4317848.443, 97
Trd, 4317850.243, 96
Trd, 4317850.393, 96
Trd, 4317850.743, 97
Trd, 4317852.693, 98
Trd, 4317853.993, 98
Trd, 4317854.393, 97
Trd, 4317855.343, 96
Trd, 4317857.743, 97
Trd, 4317861.493, 93
Trd, 4317862.443, 95
Trd, 4317862.843, 95
Trd, 4317865.443, 96
Trd, 4317865.493, 95
Trd, 4317866.493, 96
Trd, 4317866.993, 96
Trd, 4317869.293, 97
Trd, 4317870.743, 97
Trd, 4317870.893, 98
Trd, 4317870.943, 96
Trd, 4317872.443, 85
Trd, 4317872.743, 88
Trd, 4317876.393, 89
Trd, 4317878.243, 91
Trd, 4317878.693, 91
Trd, 4317880.393, 91
Trd, 4317881.443, 95
Trd, 4317883.043, 96
Trd, 4317883.943, 96
Trd, 4317885.493, 97
Trd, 4317886.793, 96
Trd, 4317888.893, 96
Trd, 4317890.293, 78
Trd, 4317890.493, 79
Trd, 4317892.993, 91
Trd, 4317893.793, 91
Trd, 4317894.243, 90
Trd, 4317896.643, 90
Trd, 4317898.093, 91
Trd, 4317900.343, 91
Trd, 4317903.143, 95
Trd, 4317903.843, 94
Trd, 4317904.793, 95
Trd, 4317906.543, 95
Trd, 4317908.643, 95
Trd, 4317908.693, 94
Trd, 4317909.843, 94
Trd, 4317912.343, 93
Trd, 4317913.443, 92
Trd, 4317917.493, 89
Trd, 4317918.743, 91
Trd, 4317921.143, 91
Trd, 4317922.543, 92
Trd, 4317923.493, 99
Trd, 4317923.693, 104
Trd, 4317925.443, 108
Trd, 4317925.943, 105
Trd, 4317927.493, 105
Trd, 4317928.093, 105
Trd, 4317929.893, 103
Trd, 4317932.293, 104
Trd, 4317932.843, 102
Trd, 4317934.293, 102
Trd, 4317936.193, 103
Trd, 4317936.343, 102
Trd, 4317940.343, 101
Trd, 4317941.993, 100
Trd, 4317945.393, 102
Trd, 4317946.343, 102
Trd, 4317947.193, 100
Trd, 4317950.643, 96
Trd, 4317952.343, 100
Trd, 4317954.193, 102
Trd, 4317954.393, 101
Trd, 4317957.843, 102
Trd, 4317958.043, 99
Trd, 4317958.293, 99
Trd, 4317958.793, 102
Trd, 4317960.243, 101
Trd, 4317961.393, 101
Trd, 4317961.693, 100
Trd, 4317968.543, 101
Trd, 4317969.343, 100
Trd, 4317970.143, 99
Trd, 4317972.093, 101
Trd, 4317972.943, 113
Trd, 4317973.293, 105
Trd, 4317974.343, 105
Trd, 4317975.893, 104
Trd, 4317977.193, 104
Trd, 4317981.243, 97
Trd, 4317981.693, 88
Trd, 4317982.143, 96
Trd, 4317982.593, 87
Trd, 4317985.343, 96
Trd, 4317987.693, 96
Trd, 4317988.493, 95
Trd, 4317991.993, 96
Trd, 4317992.643, 97
Trd, 4317993.043, 95
Trd, 4317994.343, 95
Trd, 4317994.843, 94
Trd, 4317997.993, 93
Trd, 4317998.093, 95
Trd, 4317998.193, 93
Trd, 4318002.443, 88
Trd, 4318003.443, 88
Trd, 4318004.443, 88
Trd, 4318005.043, 89
Trd, 4318005.193, 87
Trd, 4318009.193, 97
Trd, 4318009.293, 97
Trd, 4318010.143, 85
Trd, 4318012.693, 105
Trd, 4318013.343, 98
Trd, 4318015.693, 99
Trd, 4318015.943, 100
Trd, 4318016.643, 88
Trd, 4318019.893, 98
Trd, 4318021.293, 98
Trd, 4318021.443, 97
Trd, 4318023.593, 96
Trd, 4318026.793, 97
Trd, 4318027.943, 98
Trd, 4318028.593, 96
Trd, 4318032.143, 97
Trd, 4318032.843, 97
Trd, 4318033.393, 97
Trd, 4318034.093, 95
Trd, 4318035.793, 95
Trd, 4318036.343, 97
Trd, 4318037.543, 97
Trd, 4318038.743, 96
Trd, 4318039.543, 97
Trd, 4318040.793, 97
Trd, 4318043.443, 97
Trd, 4318045.193, 98
Trd, 4318045.793, 96
Trd, 4318046.643, 98
Trd, 4318046.843, 96
Trd, 4318048.393, 98
Trd, 4318049.943, 97
Trd, 4318052.193, 92
Trd, 4318052.993, 94
Trd, 4318054.443, 94
Trd, 4318057.393, 94
Trd, 4318058.343, 94
Trd, 4318059.293, 85
Trd, 4318061.993, 94
Trd, 4318063.293, 94
Trd, 4318064.443, 95
Trd, 4318065.643, 100
Trd, 4318068.493, 102
Trd, 4318069.293, 101
Trd, 4318071.043, 101
Trd, 4318072.643, 102
Trd, 4318072.693, 101
Trd, 4318072.943, 100
Trd, 4318076.343, 101
Trd, 4318076.993, 102
Trd, 4318078.343, 101
Trd, 4318078.793, 100
Trd, 4318080.793, 99
Trd, 4318082.293, 100
Trd, 4318082.793, 101
Trd, 4318084.043, 99
Trd, 4318087.243, 97
Trd, 4318087.943, 97
Trd, 4318088.793, 98
Trd, 4318089.293, 97
Trd, 4318089.343, 96
Trd, 4318093.043, 96
Trd, 4318093.993, 96
Trd, 4318094.143, 96
Trd, 4318097.293, 98
Trd, 4318097.643, 95
Trd, 4318099.093, 97
Trd, 4318099.743, 97
Trd, 4318099.843, 95
Trd, 4318101.843, 97
Trd, 4318105.243, 97
Trd, 4318105.293, 96
Trd, 4318108.143, 97
Trd, 4318108.343, 96
Trd, 4318109.343, 95
Trd, 4318109.643, 94
Trd, 4318112.593, 96
Trd, 4318116.093, 95
Trd, 4318116.393, 94
Trd, 4318116.693, 95
Trd, 4318117.243, 95
Trd, 4318118.643, 93
Trd, 4318118.893, 94
Trd, 4318120.043, 88
Trd, 4318121.893, 89
Trd, 4318123.343, 99
Trd, 4318124.593, 99
Trd, 4318125.343, 98
Trd, 4318126.743, 87
Trd, 4318128.093, 104
Trd, 4318128.343, 95
Trd, 4318130.993, 94
Trd, 4318132.743, 95
Trd, 4318133.293, 97
Trd, 4318133.343, 95
Trd, 4318135.093, 96
Trd, 4318136.343, 95
Trd, 4318137.093, 85
Trd, 4318140.393, 92
Trd, 4318142.893, 96
Trd, 4318145.143, 91
Trd, 4318148.793, 93
Trd, 4318149.543, 91
Trd, 4318151.493, 93
Trd, 4318152.343, 88
Trd, 4318154.993, 93
Trd, 4318155.293, 95
Trd, 4318159.343, 91
Trd, 4318161.593, 96
Trd, 4318162.443, 93
Trd, 4318162.593, 93
Trd, 4318165.793, 99
Trd, 4318167.643, 109
Trd, 4318168.993, 110
Trd, 4318170.243, 102
Trd, 4318170.743, 105
Trd, 4318173.693, 100
Trd, 4318173.993, 100
Trd, 4318174.843, 96
Trd, 4318175.093, 100
Trd, 4318176.893, 99
Trd, 4318179.143, 89
Trd, 4318181.093, 95
Trd, 4318181.543, 95
Trd, 4318182.593, 96
Trd, 4318182.693, 85
Trd, 4318185.843, 93
Trd, 4318186.143, 92
Trd, 4318187.493, 90
Trd, 4318188.443, 87
Trd, 4318192.993, 93
Trd, 4318194.443, 92
Trd, 4318196.093, 93
Trd, 4318197.693, 93
Trd, 4318197.743, 91
Trd, 4318200.193, 95
Trd, 4318200.943, 95
Trd, 4318201.393, 94
Trd, 4318203.593, 94
Trd, 4318205.393, 94
Trd, 4318206.043, 94
Trd, 4318207.543, 96
Trd, 4318207.743, 95
Trd, 4318208.093, 98
Trd, 4318208.843, 93
Trd, 4318210.943, 96
Trd, 4318212.993, 86
Trd, 4318214.593, 91
Trd, 4318215.743, 94
Trd, 4318215.893, 93
Trd, 4318219.593, 93
Trd, 4318219.843, 93
Trd, 4318221.493, 92
Trd, 4318221.643, 94
Trd, 4318222.543, 91
Trd, 4318223.093, 94
Trd, 4318225.943, 93
Trd, 4318226.143, 92
Trd, 4318228.743, 94
Trd, 4318229.243, 95
Trd, 4318230.343, 92
Trd, 4318230.543, 91
Trd, 4318234.893, 94
Trd, 4318236.393, 94
Trd, 4318236.693, 96
Trd, 4318237.543, 96
Trd, 4318238.743, 95
Trd, 4318239.793, 93
Trd, 4318241.093, 96
Trd, 4318241.793, 97
Trd, 4318243.343, 86
Trd, 4318248.993, 93
Trd, 4318250.043, 93
Trd, 4318251.693, 95
Trd, 4318252.593, 97
Trd, 4318253.143, 94
Trd, 4318254.593, 96
Trd, 4318256.293, 97
Trd, 4318257.893, 96
Trd, 4318259.593, 99
Trd, 4318261.793, 97
Trd, 4318262.793, 98
Trd, 4318263.193, 97
Trd, 4318264.643, 90
Trd, 4318265.043, 93
Trd, 4318266.343, 93
Trd, 4318266.893, 85
Trd, 4318269.043, 92
Trd, 4318270.693, 93
Trd, 4318271.493, 93
Trd, 4318273.043, 93
Trd, 4318275.043, 93
Trd, 4318275.393, 92
Trd, 4318276.193, 95
Trd, 4318276.793, 92
Trd, 4318280.143, 94
Trd, 4318281.143, 94
Trd, 4318281.943, 94
Trd, 4318282.843, 95
Trd, 4318283.243, 94
Trd, 4318284.143, 97
Trd, 4318285.643, 93
Trd, 4318286.093, 92
Trd, 4318288.143, 88
Trd, 4318291.493, 94
Trd, 4318291.943, 93
Trd, 4318292.493, 93
Trd, 4318292.693, 93
Trd, 4318294.843, 91
Trd, 4318295.243, 91
Trd, 4318300.093, 93
Trd, 4318301.393, 93
Trd, 4318301.493, 93
Trd, 4318302.943, 93
Trd, 4318303.343, 93
Trd, 4318305.943, 96
Trd, 4318306.393, 95
Trd, 4318308.343, 94
Trd, 4318309.393, 93
Trd, 4318310.993, 93
Trd, 4318311.393, 93
Trd, 4318311.543, 92
Trd, 4318312.143, 84
Trd, 4318314.143, 95
Trd, 4318315.743, 91
Trd, 4318317.043, 85
Trd, 4318319.843, 89
Trd, 4318322.943, 91
Trd, 4318323.743, 90
Trd, 4318324.643, 91
Trd, 4318324.943, 90
Trd, 4318325.993, 96
Trd, 4318327.943, 94
Trd, 4318331.093, 92
Trd, 4318331.243, 91
Trd, 4318332.743, 97
Trd, 4318333.143, 93
Trd, 4318334.543, 89
Trd, 4318336.443, 94
Trd, 4318336.843, 93
Trd, 4318340.043, 91
Trd, 4318341.193, 91
Trd, 4318343.843, 94
Trd, 4318346.643, 94
Trd, 4318348.893, 93
Trd, 4318349.193, 93
Trd, 4318350.843, 93
Trd, 4318351.493, 92
Trd, 4318353.793, 92
Trd, 4318354.643, 92
Trd, 4318355.593, 95
Trd, 4318356.343, 93
Trd, 4318356.843, 94
Trd, 4318362.093, 93
Trd, 4318362.393, 93
Trd, 4318363.493, 94
Trd, 4318365.643, 92
Trd, 4318367.043, 91
Trd, 4318367.893, 90
Trd, 4318369.543, 89
Trd, 4318370.943, 89
Trd, 4318372.143, 95
Trd, 4318372.993, 104
Trd, 4318373.543, 96
Trd, 4318375.243, 94
Trd, 4318375.893, 99
Trd, 4318376.743, 100
Trd, 4318378.093, 100
Trd, 4318379.443, 96
Trd, 4318380.793, 98
Trd, 4318383.493, 99
Trd, 4318383.543, 99
Trd, 4318384.943, 95
Trd, 4318387.493, 94
Trd, 4318387.843, 96
Trd, 4318388.543, 104
Trd, 4318389.443, 104
Trd, 4318390.693, 103
Trd, 4318391.043, 103
Trd, 4318392.993, 103
Trd, 4318393.343, 105
Trd, 4318393.693, 103
Trd, 4318395.243, 102
Trd, 4318398.593, 99
Trd, 4318398.643, 98
Trd, 4318399.943, 100
Trd, 4318400.243, 87
Trd, 4318402.443, 96
Trd, 4318405.093, 99
Trd, 4318406.393, 97
Trd, 4318410.243, 99
Trd, 4318410.793, 99
Trd, 4318411.243, 97
Trd, 4318411.943, 96
Trd, 4318414.843, 95
Trd, 4318416.293, 85
Trd, 4318417.043, 95
Trd, 4318419.593, 92
Trd, 4318420.193, 91
Trd, 4318420.943, 92
Trd, 4318421.093, 91
Trd, 4318424.843, 92
Trd, 4318426.093, 93
Trd, 4318427.393, 95
Trd, 4318428.293, 93
Trd, 4318428.943, 93
Trd, 4318429.693, 93
Trd, 4318432.693, 93
Trd, 4318432.943, 92
Trd, 4318435.143, 93
Trd, 4318435.643, 91
Trd, 4318437.593, 93
Trd, 4318438.943, 94
Trd, 4318440.593, 92
Trd, 4318441.343, 94
Trd, 4318444.793, 94
Trd, 4318445.543, 93
Trd, 4318448.393, 94
Trd, 4318448.943, 93
Trd, 4318449.243, 95
Trd, 4318450.743, 95
Trd, 4318453.543, 95
Trd, 4318455.193, 93
Trd, 4318457.043, 94
Trd, 4318457.093, 95
Trd, 4318457.993, 94
Trd, 4318460.593, 95
Trd, 4318463.093, 96
Trd, 4318464.393, 93
Trd, 4318466.043, 96
Trd, 4318466.843, 96
Trd, 4318468.543, 104
Trd, 4318469.943, 95
Trd, 4318472.093, 98
Trd, 4318472.593, 94
Trd, 4318477.043, 98
Trd, 4318477.793, 97
Trd, 4318479.893, 97
Trd, 4318481.493, 96
Trd, 4318483.893, 97
Trd, 4318484.893, 94
Trd, 4318485.243, 96
Trd, 4318489.493, 97
Trd, 4318489.643, 96
Trd, 4318490.743, 98
Trd, 4318492.493, 96
Trd, 4318495.943, 97
Trd, 4318497.143, 96
Trd, 4318497.743, 98
Trd, 4318498.343, 98
Trd, 4318498.943, 98
Trd, 4318502.443, 98
Trd, 4318503.643, 99
Trd, 4318504.443, 100
Trd, 4318504.843, 99
Trd, 4318505.193, 97
Trd, 4318506.193, 104
Trd, 4318508.893, 102
Trd, 4318509.443, 103
Trd, 4318509.593, 101
Trd, 4318510.993, 103
Trd, 4318514.743, 103
Trd, 4318515.193, 102
Trd, 4318515.593, 101
Trd, 4318517.093, 97
Trd, 4318518.243, 92
Trd, 4318519.293, 96
Trd, 4318522.393, 96
Trd, 4318522.843, 96
Trd, 4318524.193, 103
Trd, 4318524.543, 102
Trd, 4318525.243, 101
Trd, 4318525.693, 100
Trd, 4318529.593, 99
Trd, 4318531.893, 99
Trd, 4318534.443, 100
Trd, 4318536.593, 101
Trd, 4318536.943, 101
Trd, 4318538.043, 101
Trd, 4318538.943, 100
Trd, 4318542.893, 101
Trd, 4318545.293, 101
Trd, 4318546.093, 100
Trd, 4318546.543, 98
Trd, 4318547.343, 100
Trd, 4318547.793, 86
Trd, 4318547.943, 94
Trd, 4318550.193, 94
Trd, 4318551.543, 94
Trd, 4318551.793, 93
Trd, 4318552.893, 86
Trd, 4318555.293, 93
Trd, 4318556.093, 95
Trd, 4318556.593, 92
Trd, 4318557.643, 94
Trd, 4318559.193, 95
Trd, 4318563.243, 95
Trd, 4318564.493, 95
Trd, 4318566.443, 92
Trd, 4318567.643, 93
Trd, 4318568.993, 94
Trd, 4318569.693, 95
Trd, 4318570.843, 98
Trd, 4318575.193, 95
Trd, 4318576.193, 95
Trd, 4318577.443, 96
Trd, 4318577.743, 95
Trd, 4318581.293, 95
Trd, 4318584.093, 96
Trd, 4318586.093, 96
Trd, 4318586.193, 95
Trd, 4318586.643, 94
Trd, 4318590.093, 96
Trd, 4318590.393, 96
Trd, 4318590.593, 96
Trd, 4318590.643, 85
Trd, 4318591.243, 95
Trd, 4318592.993, 93
Trd, 4318594.593, 94
Trd, 4318594.893, 92
Trd, 4318596.243, 92
Trd, 4318598.293, 93
Trd, 4318598.743, 95
Trd, 4318598.793, 91
Trd, 4318600.643, 93
Trd, 4318605.393, 93
Trd, 4318605.743, 92
Trd, 4318606.343, 94
Trd, 4318607.843, 94
Trd, 4318609.793, 95
Trd, 4318611.343, 99
Trd, 4318611.493, 98
Trd, 4318613.243, 96
Trd, 4318615.093, 90
Trd, 4318616.043, 94
Trd, 4318616.393, 87
Trd, 4318620.643, 92
Trd, 4318621.093, 85
Trd, 4318622.843, 87
Trd, 4318624.743, 90
Trd, 4318626.693, 89
Trd, 4318627.743, 89
Trd, 4318629.043, 93
Trd, 4318630.843, 96
Trd, 4318631.543, 95
Trd, 4318632.693, 85
Trd, 4318635.193, 93
Trd, 4318636.043, 94
Trd, 4318636.893, 96
Trd, 4318638.193, 98
Trd, 4318639.493, 98
Trd, 4318641.143, 97
Trd, 4318643.543, 96
Trd, 4318644.543, 96
Trd, 4318645.243, 95
Trd, 4318646.593, 87
Trd, 4318648.943, 94
Trd, 4318650.093, 95
Trd, 4318650.143, 93
Trd, 4318651.743, 97
Trd, 4318652.193, 96
Trd, 4318654.143, 96
Trd, 4318656.043, 95
Trd, 4318658.093, 96
Trd, 4318659.493, 95
Trd, 4318659.543, 97
Trd, 4318662.593, 96
Trd, 4318663.493, 95
Trd, 4318664.843, 94
Trd, 4318667.993, 96
Trd, 4318670.193, 97
Trd, 4318672.793, 94
Trd, 4318673.243, 95
Trd, 4318676.143, 94
Trd, 4318678.493, 98
Trd, 4318679.143, 95
Trd, 4318681.393, 99
Trd, 4318682.593, 98
Trd, 4318683.093, 95
Trd, 4318683.243, 99
Trd, 4318687.543, 98
Trd, 4318689.093, 97
Trd, 4318689.343, 95
Trd, 4318691.093, 96
Trd, 4318691.293, 95
Trd, 4318695.093, 95
Trd, 4318696.693, 94
Trd, 4318698.143, 95
Trd, 4318699.893, 93
Trd, 4318702.743, 96
Trd, 4318705.593, 96
Trd, 4318705.743, 94
Trd, 4318708.193, 96
Trd, 4318708.493, 104
Trd, 4318710.443, 97
Trd, 4318711.843, 95
Trd, 4318712.043, 97
Trd, 4318713.743, 97
Trd, 4318714.943, 95
Trd, 4318715.143, 95
Trd, 4318719.243, 94
Trd, 4318719.693, 95
Trd, 4318720.243, 93
Trd, 4318721.943, 92
Trd, 4318727.593, 94
Trd, 4318727.993, 92
Trd, 4318728.793, 94
Trd, 4318731.293, 95
Trd, 4318731.593, 94
Trd, 4318732.043, 93
Trd, 4318737.443, 93
Trd, 4318738.043, 93
Trd, 4318739.393, 92
Trd, 4318739.443, 93
Trd, 4318743.043, 95
Trd, 4318744.043, 94
Trd, 4318744.193, 93
Trd, 4318744.243, 92
Trd, 4318745.343, 104
Trd, 4318746.043, 99
Trd, 4318746.243, 92
Trd, 4318748.093, 96
Trd, 4318751.143, 96
Trd, 4318752.243, 94
Trd, 4318758.843, 99
Trd, 4318760.043, 98
Trd, 4318761.593, 95
Trd, 4318764.643, 99
Trd, 4318765.893, 99
Trd, 4318766.493, 100
Trd, 4318767.793, 100
Trd, 4318768.943, 99
Trd, 4318769.593, 100
Trd, 4318769.743, 97
Trd, 4318771.543, 99
Trd, 4318773.193, 98
Trd, 4318773.943, 98
Trd, 4318774.893, 100
Trd, 4318778.443, 97
Trd, 4318780.893, 100
Trd, 4318781.393, 101
Trd, 4318782.843, 102
Trd, 4318784.243, 101
Trd, 4318787.593, 91
Trd, 4318789.343, 101
Trd, 4318789.643, 100
Trd, 4318790.193, 100
Trd, 4318790.643, 100
Trd, 4318792.793, 99
Trd, 4318796.043, 101
Trd, 4318796.993, 101
Trd, 4318798.043, 101
Trd, 4318798.343, 99
Trd, 4318801.393, 101
Trd, 4318805.993, 100
Trd, 4318806.543, 99
Trd, 4318807.443, 101
Trd, 4318808.143, 100
Trd, 4318813.043, 100
Trd, 4318813.693, 99
Trd, 4318815.243, 101
Trd, 4318817.843, 98
Trd, 4318818.343, 97
Trd, 4318818.893, 96
Trd, 4318821.793, 95
Trd, 4318822.643, 95
Trd, 4318822.743, 94
Trd, 4318826.593, 96
Trd, 4318828.293, 94
Trd, 4318830.443, 92
Trd, 4318831.343, 91
Trd, 4318831.693, 90
Trd, 4318831.843, 89
Trd, 4318833.443, 86
Trd, 4318835.593, 86
Trd, 4318836.843, 90
Trd, 4318839.443, 91
Trd, 4318840.043, 90
Trd, 4318840.643, 91
Trd, 4318842.093, 91
Trd, 4318844.293, 92
Trd, 4318846.293, 102
Trd, 4318846.843, 95
Trd, 4318848.243, 96
Trd, 4318848.743, 99
Trd, 4318850.493, 97
Trd, 4318853.443, 96
Trd, 4318853.543, 95
Trd, 4318855.193, 94
Trd, 4318855.243, 85
Trd, 4318856.743, 95
Trd, 4318858.943, 97
Trd, 4318860.843, 97
Trd, 4318861.143, 97
Trd, 4318861.643, 94
Trd, 4318862.793, 93
Trd, 4318864.643, 97
Trd, 4318867.293, 97
Trd, 4318867.643, 95
Trd, 4318868.793, 95
Trd, 4318870.043, 94
Trd, 4318871.393, 86
Trd, 4318873.843, 96
Trd, 4318875.193, 96
Trd, 4318878.443, 92
Trd, 4318880.143, 94
Trd, 4318881.693, 94
Trd, 4318884.343, 94
Trd, 4318885.093, 94
Trd, 4318887.693, 94
Trd, 4318887.743, 93
Trd, 4318888.643, 93
Trd, 4318893.893, 95
Trd, 4318894.293, 94
Trd, 4318894.743, 92
Trd, 4318897.893, 92
Trd, 4318901.143, 91
Trd, 4318903.243, 94
Trd, 4318903.843, 95
Trd, 4318904.843, 95
Trd, 4318906.143, 95
Trd, 4318906.593, 85
Trd, 4318908.893, 98
Trd, 4318909.443, 98
Trd, 4318910.043, 98
Trd, 4318911.493, 98
Trd, 4318912.693, 97
Trd, 4318914.793, 98
Trd, 4318915.043, 104
Trd, 4318915.493, 85
Trd, 4318917.393, 89
Trd, 4318919.443, 86
Trd, 4318920.843, 86
Trd, 4318921.443, 88
Trd, 4318922.843, 87
Trd, 4318923.793, 87
Trd, 4318925.343, 87
Trd, 4318925.943, 87
Trd, 4318926.193, 93
Trd, 4318926.493, 95
Trd, 4318928.543, 91
Trd, 4318928.743, 90
Trd, 4318930.343, 91
Trd, 4318933.143, 88
Trd, 4318933.743, 86
Trd, 4318933.843, 89
Trd, 4318935.493, 95
Trd, 4318937.943, 90
Trd, 4318939.193, 94
Trd, 4318940.293, 94
Trd, 4318940.643, 93
Trd, 4318941.493, 85
Trd, 4318942.193, 84
Trd, 4318944.743, 87
Trd, 4318950.043, 104
Trd, 4318950.343, 99
Trd, 4318950.543, 99
Trd, 4318951.343, 97
Trd, 4318951.443, 87
Trd, 4318953.343, 98
Trd, 4318954.993, 101
Trd, 4318957.243, 99
Trd, 4318958.143, 94
Trd, 4318959.193, 87
Trd, 4318961.693, 94
Trd, 4318962.393, 96
Trd, 4318963.343, 99
Trd, 4318963.393, 97
Trd, 4318965.943, 97
Trd, 4318966.693, 98
Trd, 4318968.893, 100
Trd, 4318969.193, 99
Trd, 4318970.393, 96
Trd, 4318973.093, 97
Trd, 4318974.043, 86
Trd, 4318976.393, 91
Trd, 4318976.843, 93
Trd, 4318978.093, 92
Trd, 4318978.393, 90
Trd, 4318978.543, 97
Trd, 4318980.793, 94
Trd, 4318982.593, 94
Trd, 4318984.743, 92
Trd, 4318985.793, 91
Trd, 4318987.143, 94
Trd, 4318988.543, 94
Trd, 4318990.093, 93
Trd, 4318991.443, 95
Trd, 4318992.493, 94
Trd, 4318996.093, 95
Trd, 4318996.193, 93
Trd, 4318996.693, 94
Trd, 4318999.343, 94
Trd, 4319000.693, 93
Trd, 4319001.343, 95
Trd, 4319002.043, 85
Trd, 4319002.593, 86
Trd, 4319008.643, 95
Trd, 4319008.843, 90
Trd, 4319009.843, 91
Trd, 4319011.343, 90
Trd, 4319014.543, 94
Trd, 4319016.193, 95
Trd, 4319017.293, 95
Trd, 4319018.493, 93
Trd, 4319019.043, 94
Trd, 4319020.243, 93
Trd, 4319021.293, 92
Trd, 4319024.593, 95
Trd, 4319025.093, 94
Trd, 4319025.643, 97
Trd, 4319027.393, 98
Trd, 4319027.993, 96
Trd, 4319028.943, 98
Trd, 4319029.943, 99
Trd, 4319030.693, 96
Trd, 4319032.443, 85
Trd, 4319033.593, 98
Trd, 4319035.893, 96
Trd, 4319036.193, 96
Trd, 4319036.893, 97
Trd, 4319039.293, 98
Trd, 4319039.843, 99
Trd, 4319039.993, 104
Trd, 4319040.993, 98
Trd, 4319041.793, 101
Trd, 4319043.993, 104
Trd, 4319045.693, 102
Trd, 4319046.343, 103
Trd, 4319046.543, 85
Trd, 4319048.693, 100
Trd, 4319051.343, 88
Trd, 4319052.143, 99
Trd, 4319053.193, 98
Trd, 4319054.693, 99
Trd, 4319056.343, 97
Trd, 4319056.743, 99
Trd, 4319058.643, 99
Trd, 4319059.393, 99
Trd, 4319060.393, 99
Trd, 4319061.093, 100
Trd, 4319062.293, 99
Trd, 4319064.643, 96
Trd, 4319064.943, 96
Trd, 4319066.393, 95
Trd, 4319066.543, 85
Trd, 4319067.443, 85
Trd, 4319071.143, 88
Trd, 4319072.443, 88
Trd, 4319073.893, 96
Trd, 4319074.743, 96
Trd, 4319074.943, 96
Trd, 4319075.393, 95
Trd, 4319077.943, 95
Trd, 4319079.643, 96
Trd, 4319081.843, 99
Trd, 4319083.693, 98
Trd, 4319084.043, 97
Trd, 4319086.093, 97
Trd, 4319086.243, 98
Trd, 4319090.493, 97
Trd, 4319091.443, 98
Trd, 4319093.243, 96
Trd, 4319095.843, 95
Trd, 4319098.643, 97
Trd, 4319099.193, 97
Trd, 4319099.393, 96
Trd, 4319100.643, 96
Trd, 4319102.093, 96
Trd, 4319102.893, 95
Trd, 4319105.143, 97
Trd, 4319105.393, 96
Trd, 4319108.093, 94
Trd, 4319108.893, 95
Trd, 4319110.593, 83
Trd, 4319111.743, 92
Trd, 4319113.143, 90
Trd, 4319113.793, 88
Trd, 4319115.743, 87
Trd, 4319116.493, 88
Trd, 4319117.193, 90
Trd, 4319120.443, 97
Trd, 4319121.243, 83
Trd, 4319122.993, 84
Trd, 4319123.993, 83
Trd, 4319126.293, 91
Trd, 4319127.543, 91
Trd, 4319129.043, 97
Trd, 4319130.643, 94
Trd, 4319132.043, 93
Trd, 4319134.043, 95
Trd, 4319134.893, 95
Trd, 4319136.393, 95
Trd, 4319136.943, 95
Trd, 4319139.393, 95
Trd, 4319141.593, 94
Trd, 4319142.043, 94
Trd, 4319142.543, 95
Trd, 4319142.943, 98
Trd, 4319143.743, 96
Trd, 4319145.143, 85
Trd, 4319145.593, 99
Trd, 4319149.943, 97
Trd, 4319151.343, 97
Trd, 4319151.943, 96
Trd, 4319152.693, 95
Trd, 4319156.543, 95
Trd, 4319156.993, 97
Trd, 4319160.443, 95
Trd, 4319161.393, 96
Trd, 4319161.693, 93
Trd, 4319162.143, 93
Trd, 4319163.843, 92
Trd, 4319164.893, 97
Trd, 4319167.743, 92
Trd, 4319170.943, 94
Trd, 4319171.093, 94
Trd, 4319171.193, 95
Trd, 4319171.993, 91
Trd, 4319174.093, 96
Trd, 4319175.593, 95
Trd, 4319176.293, 93
Trd, 4319178.543, 95
Trd, 4319179.193, 95
Trd, 4319180.093, 96
Trd, 4319181.843, 96
Trd, 4319182.893, 97
Trd, 4319184.843, 96
Trd, 4319185.193, 97
Trd, 4319186.893, 98
Trd, 4319187.393, 98
Trd, 4319189.343, 98
Trd, 4319189.993, 98
Trd, 4319191.793, 99
Trd, 4319192.293, 106
Trd, 4319195.293, 87
Trd, 4319196.743, 88
Trd, 4319196.843, 89
Trd, 4319198.743, 86
Trd, 4319198.793, 85
Trd, 4319199.093, 84
Trd, 4319200.143, 84
Trd, 4319204.293, 100
Trd, 4319204.743, 98
Trd, 4319204.893, 97
Trd, 4319206.443, 101
Trd, 4319207.093, 98
Trd, 4319207.293, 97
Trd, 4319210.243, 99
Trd, 4319210.443, 97
Trd, 4319210.793, 85
Trd, 4319212.993, 98
Trd, 4319214.293, 99
Trd, 4319215.043, 98
Trd, 4319216.493, 96
Trd, 4319217.543, 99
Trd, 4319220.143, 98
Trd, 4319220.543, 98
Trd, 4319223.893, 96
Trd, 4319224.343, 80
Trd, 4319225.243, 87
Trd, 4319226.143, 87
Trd, 4319229.093, 93
Trd, 4319229.293, 90
Trd, 4319230.143, 96
Trd, 4319231.543, 109
Trd, 4319231.643, 108
Trd, 4319232.143, 107
Trd, 4319233.793, 107
Trd, 4319237.143, 77
Trd, 4319237.193, 90
Trd, 4319239.543, 87
Trd, 4319241.043, 91
Trd, 4319241.793, 91
Trd, 4319242.243, 81
Trd, 4319244.293, 79
Trd, 4319244.693, 87
Trd, 4319245.743, 87
Trd, 4319248.193, 85
Trd, 4319252.943, 87
Trd, 4319253.093, 86
Trd, 4319255.193, 87
Trd, 4319256.393, 87
Trd, 4319257.693, 87
Trd, 4319260.143, 90
Trd, 4319261.243, 90
Trd, 4319261.843, 87
Trd, 4319261.993, 85
Trd, 4319265.893, 89
Trd, 4319266.843, 86
Trd, 4319268.493, 88
Trd, 4319268.643, 88
Trd, 4319269.393, 87
Trd, 4319272.343, 87
Trd, 4319273.343, 86
Trd, 4319275.343, 88
Trd, 4319275.593, 88
Trd, 4319278.993, 94
Trd, 4319279.043, 93
Trd, 4319279.393, 92
Trd, 4319282.343, 93
Trd, 4319286.293, 92
Trd, 4319287.043, 94
Trd, 4319287.343, 95
Trd, 4319288.743, 96
Trd, 4319289.793, 96
Trd, 4319291.993, 96
Trd, 4319294.943, 97
Trd, 4319295.143, 95
Trd, 4319295.843, 97
Trd, 4319295.893, 94
Trd, 4319298.193, 96
Trd, 4319300.843, 98
Trd, 4319301.243, 98
Trd, 4319302.093, 98
Trd, 4319303.793, 98
Trd, 4319306.093, 97
Trd, 4319307.343, 100
Trd, 4319308.493, 100
Trd, 4319310.543, 101
Trd, 4319311.943, 100
Trd, 4319312.993, 91
Trd, 4319313.543, 93
Trd, 4319315.593, 92
Trd, 4319317.543, 92
Trd, 4319318.893, 90
Trd, 4319321.693, 93
Trd, 4319323.143, 93
Trd, 4319324.993, 92
Trd, 4319325.893, 89
Trd, 4319326.443, 93
Trd, 4319326.843, 95
Trd, 4319328.893, 94
Trd, 4319329.243, 94
Trd, 4319331.243, 95
Trd, 4319332.393, 94
Trd, 4319333.843, 93
Trd, 4319334.993, 94
Trd, 4319337.193, 94
Trd, 4319337.393, 92
Trd, 4319339.993, 94
Trd, 4319341.193, 92
Trd, 4319343.743, 93
Trd, 4319346.943, 92
Trd, 4319348.093, 93
Trd, 4319349.443, 94
Trd, 4319350.443, 94
Trd, 4319351.593, 95
Trd, 4319352.143, 94
Trd, 4319352.243, 94
Trd, 4319355.593, 95
Trd, 4319355.993, 95
Trd, 4319357.393, 95
Trd, 4319358.493, 95
Trd, 4319359.893, 95
Trd, 4319360.593, 96
Trd, 4319361.643, 96
Trd, 4319363.643, 95
Trd, 4319367.343, 94
Trd, 4319368.993, 93
Trd, 4319369.243, 92
Trd, 4319369.343, 88
Trd, 4319370.393, 89
Trd, 4319371.893, 92
Trd, 4319373.343, 91
Trd, 4319376.293, 92
Trd, 4319377.743, 92
Trd, 4319378.343, 93
Trd, 4319378.393, 90
Trd, 4319380.743, 92
Trd, 4319382.993, 91
Trd, 4319383.343, 90
Trd, 4319385.943, 92
Trd, 4319386.393, 95
Trd, 4319387.593, 92
Trd, 4319388.343, 89
Trd, 4319389.493, 89
Trd, 4319391.843, 92
Trd, 4319393.143, 91
Trd, 4319394.593, 91
Trd, 4319396.843, 92
Trd, 4319397.893, 94
Trd, 4319400.243, 93
Trd, 4319401.143, 93
Trd, 4319405.493, 93
Trd, 4319407.993, 94
Trd, 4319408.193, 93
Trd, 4319410.743, 95
Trd, 4319412.543, 94
Trd, 4319413.943, 95
Trd, 4319414.693, 95
Trd, 4319416.043, 94
Trd, 4319416.643, 95
Trd, 4319418.393, 93
Trd, 4319420.493, 94
Trd, 4319422.793, 91
Trd, 4319424.643, 95
Trd, 4319426.993, 95
Trd, 4319427.793, 91
Trd, 4319432.143, 94
Trd, 4319434.143, 93
Trd, 4319435.093, 95
Trd, 4319437.293, 96
Trd, 4319437.793, 95
Trd, 4319438.793, 94
Trd, 4319441.043, 93
Trd, 4319444.593, 95
Trd, 4319444.993, 96
Trd, 4319445.193, 94
Trd, 4319448.043, 96
Trd, 4319449.293, 94
Trd, 4319449.743, 92
Trd, 4319452.343, 93
Trd, 4319453.393, 96
Trd, 4319453.943, 92
Trd, 4319456.343, 92
Trd, 4319458.143, 92
Trd, 4319458.893, 91
Trd, 4319460.543, 92
Trd, 4319461.243, 86
Trd, 4319464.943, 92
Trd, 4319465.543, 91
Trd, 4319466.993, 94
Trd, 4319468.093, 93
Trd, 4319469.843, 96
Trd, 4319470.143, 95
Trd, 4319473.643, 94
Trd, 4319474.093, 95
Trd, 4319475.093, 93
Trd, 4319475.793, 96
Trd, 4319478.043, 96
Trd, 4319478.743, 96
Trd, 4319481.643, 96
Trd, 4319481.993, 95
Trd, 4319482.543, 104
Trd, 4319483.393, 96
Trd, 4319484.493, 86
Trd, 4319485.593, 90
Trd, 4319485.943, 92
Trd, 4319489.643, 94
Trd, 4319490.443, 94
Trd, 4319491.543, 96
Trd, 4319492.293, 96
Trd, 4319492.493, 85
Trd, 4319494.043, 95
Trd, 4319496.343, 96
Trd, 4319497.493, 96
Trd, 4319499.143, 95
Trd, 4319500.293, 96
Trd, 4319501.043, 82
Trd, 4319503.393, 85
Trd, 4319504.743, 86
Trd, 4319505.143, 88
Trd, 4319506.943, 87
Trd, 4319508.043, 88
Trd, 4319508.493, 87
Trd, 4319510.043, 88
Trd, 4319513.643, 95
Trd, 4319514.743, 96
Trd, 4319515.493, 98
Trd, 4319515.993, 97
Trd, 4319518.843, 86
Trd, 4319520.543, 85
Trd, 4319520.893, 93
Trd, 4319522.793, 93
Trd, 4319525.293, 93
Trd, 4319527.743, 92
Trd, 4319528.643, 93
Trd, 4319531.643, 94
Trd, 4319532.143, 94
Trd, 4319532.543, 93
Trd, 4319532.693, 94
Trd, 4319534.993, 86
Trd, 4319537.493, 89
Trd, 4319539.943, 100
Trd, 4319540.743, 97
Trd, 4319541.293, 93
Trd, 4319544.193, 94
Trd, 4319545.093, 86
Trd, 4319545.893, 90
Trd, 4319548.393, 90
Trd, 4319549.193, 89
Trd, 4319551.743, 89
Trd, 4319552.743, 94
Trd, 4319553.593, 87
Trd, 4319554.343, 92
Trd, 4319556.693, 92
Trd, 4319559.243, 93
Trd, 4319560.243, 91
Trd, 4319561.443, 93
Trd, 4319562.543, 95
Trd, 4319563.093, 94
Trd, 4319565.743, 93
Trd, 4319567.343, 93
Trd, 4319569.393, 95
Trd, 4319571.593, 97
Trd, 4319571.693, 96
Trd, 4319572.493, 86
Trd, 4319572.793, 85
Trd, 4319575.143, 96
Trd, 4319577.843, 94
Trd, 4319578.793, 96
Trd, 4319579.043, 94
Trd, 4319579.643, 94
Trd, 4319581.443, 96
Trd, 4319583.893, 96
Trd, 4319584.093, 95
Trd, 4319585.693, 95
Trd, 4319589.143, 85
Trd, 4319590.643, 93
Trd, 4319591.343, 95
Trd, 4319593.493, 96
Trd, 4319595.093, 98
Trd, 4319596.193, 98
Trd, 4319598.593, 100
Trd, 4319599.743, 102
Trd, 4319600.943, 101
Trd, 4319601.993, 100
Trd, 4319602.643, 102
Trd, 4319604.643, 100
Trd, 4319605.743, 89
Trd, 4319611.943, 95
Trd, 4319613.543, 98
Trd, 4319613.793, 97
Trd, 4319616.743, 97
Trd, 4319616.893, 96
Trd, 4319617.693, 91
Trd, 4319619.843, 94
Trd, 4319621.643, 93
Trd, 4319623.643, 92
Trd, 4319624.243, 94
Trd, 4319627.893, 94
Trd, 4319628.093, 95
Trd, 4319628.893, 94
Trd, 4319631.193, 94
Trd, 4319633.243, 96
Trd, 4319634.843, 96
Trd, 4319634.943, 93
Trd, 4319637.843, 96
Trd, 4319640.743, 93
Trd, 4319642.843, 92
Trd, 4319643.793, 97
Trd, 4319647.893, 94
Trd, 4319648.693, 95
Trd, 4319649.743, 95
Trd, 4319651.393, 94
Trd, 4319653.693, 96
Trd, 4319654.743, 96
Trd, 4319654.893, 95
Trd, 4319658.593, 94
Trd, 4319660.043, 93
Trd, 4319661.193, 95
Trd, 4319661.693, 95
Trd, 4319662.443, 91
Trd, 4319663.143, 90
Trd, 4319666.793, 95
Trd, 4319667.393, 95
Trd, 4319669.293, 94
Trd, 4319669.893, 93
Trd, 4319671.093, 96
Trd, 4319672.743, 98
Trd, 4319673.793, 97
Trd, 4319674.693, 98
Trd, 4319676.143, 97
Trd, 4319677.143, 98
Trd, 4319678.743, 89
Trd, 4319680.843, 93
Trd, 4319684.293, 94
Trd, 4319685.393, 94
Trd, 4319686.543, 95
Trd, 4319689.693, 100
Trd, 4319690.043, 96
Trd, 4319691.443, 102
Trd, 4319693.643, 102
Trd, 4319697.393, 100
Trd, 4319698.643, 99
Trd, 4319700.043, 101
Trd, 4319701.343, 98
Trd, 4319702.843, 101
Trd, 4319703.643, 99
Trd, 4319703.993, 100
Trd, 4319704.043, 99
Trd, 4319706.043, 99
Trd, 4319709.643, 98
Trd, 4319709.943, 99
Trd, 4319712.393, 95
Trd, 4319713.093, 85
Trd, 4319715.943, 100
Trd, 4319716.493, 96
Trd, 4319720.543, 100
Trd, 4319720.793, 99
Trd, 4319721.043, 98
Trd, 4319722.593, 99
Trd, 4319725.443, 98
Trd, 4319727.243, 99
Trd, 4319727.343, 98
Trd, 4319729.193, 100
Trd, 4319729.343, 98
Trd, 4319731.443, 99
Trd, 4319731.493, 84
Trd, 4319732.593, 81
Trd, 4319735.343, 88
Trd, 4319737.493, 93
Trd, 4319738.243, 92
Trd, 4319739.193, 89
Trd, 4319741.843, 90
Trd, 4319744.393, 90
Trd, 4319746.043, 91
Trd, 4319746.443, 90
Trd, 4319747.693, 91
Trd, 4319750.143, 93
Trd, 4319750.593, 91
Trd, 4319752.743, 93
Trd, 4319753.943, 101
Trd, 4319754.143, 100
Trd, 4319754.643, 97
Trd, 4319755.043, 85
Trd, 4319758.093, 94
Trd, 4319758.743, 97
Trd, 4319761.393, 96
Trd, 4319761.693, 95
Trd, 4319763.493, 96
Trd, 4319766.643, 96
Trd, 4319767.893, 96
Trd, 4319768.593, 96
Trd, 4319770.443, 97
Trd, 4319771.443, 96
Trd, 4319772.093, 98
Trd, 4319774.143, 98
Trd, 4319777.493, 99
Trd, 4319778.943, 95
Trd, 4319781.293, 97
Trd, 4319781.893, 96
Trd, 4319782.893, 95
Trd, 4319785.393, 95
Trd, 4319788.593, 97
Trd, 4319789.643, 97
Trd, 4319792.343, 97
Trd, 4319792.743, 96
Trd, 4319794.993, 95
Trd, 4319795.143, 85
Trd, 4319795.493, 91
Trd, 4319797.043, 90
Trd, 4319799.593, 94
Trd, 4319802.843, 96
Trd, 4319803.193, 102
Trd, 4319804.043, 96
Trd, 4319804.393, 85
Trd, 4319805.643, 85
Trd, 4319807.093, 85
Trd, 4319808.193, 84
Trd, 4319811.043, 97
Trd, 4319811.493, 95
Trd, 4319811.793, 92
Trd, 4319813.243, 97
Trd, 4319814.193, 98
Trd, 4319814.993, 97
Trd, 4319819.693, 96
Trd, 4319821.593, 88
Trd, 4319822.543, 93
Trd, 4319822.893, 90
Trd, 4319824.493, 96
Trd, 4319825.293, 92
Trd, 4319826.243, 90
Trd, 4319828.493, 94
Trd, 4319831.143, 92
Trd, 4319831.843, 94
Trd, 4319833.093, 93
Trd, 4319833.793, 93
Trd, 4319834.643, 93
Trd, 4319838.243, 93
Trd, 4319839.593, 93
Trd, 4319840.743, 93
Trd, 4319842.293, 93
Trd, 4319843.393, 93
Trd, 4319844.043, 95
Trd, 4319844.143, 92
Trd, 4319845.943, 104
Trd, 4319846.393, 103
Trd, 4319847.543, 99
Trd, 4319848.543, 93
Trd, 4319848.643, 100
Trd, 4319851.943, 100
Trd, 4319852.943, 101
Trd, 4319853.993, 102
Trd, 4319855.693, 102
Trd, 4319857.693, 101
Trd, 4319858.043, 100
Trd, 4319859.993, 98
Trd, 4319860.093, 85
Trd, 4319862.943, 97
Trd, 4319863.443, 99
Trd, 4319865.943, 99
Trd, 4319866.993, 96
Trd, 4319868.493, 97
Trd, 4319872.093, 99
Trd, 4319873.043, 99
Trd, 4319874.793, 98
Trd, 4319876.643, 98
Trd, 4319876.943, 97
Trd, 4319878.843, 96
Trd, 4319879.393, 98
Trd, 4319881.093, 97
Trd, 4319884.343, 96
Trd, 4319884.443, 95
Trd, 4319885.343, 102
Trd, 4319885.993, 98
Trd, 4319888.143, 97
Trd, 4319890.093, 96
Trd, 4319893.193, 98
Trd, 4319893.893, 87
Trd, 4319896.343, 94
Trd, 4319900.493, 94
Trd, 4319901.043, 95
Trd, 4319901.143, 95
Trd, 4319901.893, 92
Trd, 4319904.343, 95
Trd, 4319905.143, 95
Trd, 4319906.743, 93
Trd, 4319908.043, 79
Trd, 4319908.593, 86
Trd, 4319909.843, 84
Trd, 4319912.393, 87
Trd, 4319912.643, 95
Trd, 4319914.293, 91
Trd, 4319914.943, 88
Trd, 4319916.943, 97
Trd, 4319919.393, 95
Trd, 4319919.893, 93
Trd, 4319922.843, 96
Trd, 4319924.643, 92
Trd, 4319925.743, 85
Trd, 4319928.243, 95
Trd, 4319928.693, 95
Trd, 4319930.493, 94
Trd, 4319931.193, 91
Trd, 4319931.393, 96
Trd, 4319932.493, 94
Trd, 4319933.043, 94
Trd, 4319934.343, 95
Trd, 4319935.143, 95
Trd, 4319935.243, 93
Trd, 4319937.943, 96
Trd, 4319939.043, 96
Trd, 4319939.343, 95
Trd, 4319940.193, 96
Trd, 4319940.893, 96
Trd, 4319941.993, 96
Trd, 4319943.643, 99
Trd, 4319944.193, 99
Trd, 4319945.493, 98
Trd, 4319946.943, 97
Trd, 4319947.693, 96
Trd, 4319951.343, 93
Trd, 4319954.543, 99
Trd, 4319954.793, 98
Trd, 4319956.143, 97
Trd, 4319956.893, 95
Trd, 4319957.593, 90
Trd, 4319958.693, 98
Trd, 4319961.693, 97
Trd, 4319963.093, 97
Trd, 4319966.093, 98
Trd, 4319966.393, 97
Trd, 4319967.843, 99
Trd, 4319968.543, 77
Trd, 4319968.593, 99
Trd, 4319971.993, 96
Trd, 4319972.493, 98
Trd, 4319974.043, 98
Trd, 4319977.343, 97
Trd, 4319978.793, 98
Trd, 4319980.443, 98
Trd, 4319980.693, 96
Trd, 4319982.743, 95
Trd, 4319983.143, 86
Trd, 4319985.743, 97
Trd, 4319986.243, 97
Trd, 4319988.493, 98
Trd, 4319989.693, 98
Trd, 4319990.243, 96
Trd, 4319991.593, 85
Trd, 4319993.643, 99
Trd, 4319996.343, 98
Trd, 4319996.993, 95
