Trd, 4317913.843, 104
Trd, 4317914.693, 100
Trd, 4317915.143, 94
Trd, 4317916.093, 122
Trd, 4317916.393, 104
Trd, 4317916.543, 101
Trd, 4317919.993, 99
Trd, 4317920.593, 93
Trd, 4317921.643, 103
Trd, 4317922.743, 100
Trd, 4317923.893, 104
Trd, 4317925.393, 104
Trd, 4317925.493, 94
Trd, 4317925.693, 85
Trd, 4317925.793, 78
Trd, 4317928.293, 103
Trd, 4317928.343, 104
Trd, 4317930.943, 102
Trd, 4317930.993, 93
Trd, 4317933.443, 115
Trd, 4317934.343, 110
Trd, 4317936.143, 107
Trd, 4317936.943, 104
Trd, 4317938.943, 100
Trd, 4317939.293, 94
Trd, 4317942.243, 95
Trd, 4317942.393, 98
Trd, 4317943.243, 93
Trd, 4317945.543, 97
Trd, 4317946.243, 122
Trd, 4317946.493, 82
Trd, 4317948.443, 104
Trd, 4317949.243, 100
Trd, 4317950.893, 101
Trd, 4317953.393, 101
Trd, 4317954.643, 94
Trd, 4317955.693, 102
Trd, 4317956.143, 123
Trd, 4317956.293, 98
Trd, 4317957.043, 112
Trd, 4317957.493, 103
Trd, 4317963.493, 104
Trd, 4317966.643, 104
Trd, 4317967.093, 100
Trd, 4317967.893, 102
Trd, 4317968.193, 94
Trd, 4317968.293, 91
Trd, 4317968.343, 103
Trd, 4317971.693, 97
Trd, 4317972.543, 104
Trd, 4317973.143, 97
Trd, 4317973.843, 102
Trd, 4317974.043, 94
Trd, 4317975.093, 122
Trd, 4317976.293, 85
Trd, 4317977.393, 84
Trd, 4317978.343, 104
Trd, 4317978.393, 104
Trd, 4317980.243, 99
Trd, 4317981.293, 102
Trd, 4317982.843, 93
Trd, 4317983.193, 123
Trd, 4317985.193, 104
Trd, 4317986.793, 104
Trd, 4317989.143, 100
Trd, 4317989.493, 104
Trd, 4317990.393, 94
Trd, 4317991.893, 104
Trd, 4317993.443, 103
Trd, 4317993.893, 103
Trd, 4317995.593, 101
Trd, 4317997.593, 99
Trd, 4317998.593, 94
Trd, 4317998.743, 101
Trd, 4318000.543, 101
Trd, 4318001.443, 114
Trd, 4318003.093, 101
Trd, 4318004.543, 119
Trd, 4318008.893, 104
Trd, 4318009.643, 107
Trd, 4318009.993, 101
Trd, 4318011.343, 107
Trd, 4318011.593, 94
Trd, 4318012.443, 122
Trd, 4318014.443, 111
Trd, 4318016.493, 104
Trd, 4318016.843, 109
Trd, 4318017.293, 103
Trd, 4318018.993, 106
Trd, 4318019.193, 94
Trd, 4318019.893, 103
Trd, 4318024.243, 94
Trd, 4318024.993, 101
Trd, 4318025.443, 99
Trd, 4318026.743, 101
Trd, 4318028.643, 119
Trd, 4318029.143, 86
Trd, 4318030.193, 122
Trd, 4318031.993, 102
Trd, 4318033.193, 101
Trd, 4318034.243, 94
Trd, 4318034.493, 102
Trd, 4318037.393, 103
Trd, 4318039.693, 102
Trd, 4318040.643, 103
Trd, 4318041.343, 104
Trd, 4318041.743, 99
Trd, 4318042.543, 120
Trd, 4318042.593, 94
Trd, 4318045.043, 101
Trd, 4318046.943, 104
Trd, 4318048.843, 104
Trd, 4318050.193, 101
Trd, 4318050.993, 99
Trd, 4318051.343, 94
Trd, 4318052.643, 85
Trd, 4318053.293, 95
Trd, 4318054.043, 91
Trd, 4318055.393, 93
Trd, 4318056.543, 96
Trd, 4318058.193, 93
Trd, 4318058.943, 89
Trd, 4318060.093, 96
Trd, 4318061.043, 94
Trd, 4318063.493, 103
Trd, 4318063.743, 110
Trd, 4318064.593, 93
Trd, 4318064.743, 123
Trd, 4318066.893, 112
Trd, 4318067.743, 104
Trd, 4318068.243, 122
Trd, 4318069.393, 108
Trd, 4318072.043, 121
Trd, 4318072.093, 107
Trd, 4318073.293, 84
Trd, 4318075.143, 103
Trd, 4318076.693, 94
Trd, 4318076.993, 104
Trd, 4318078.093, 96
Trd, 4318079.643, 97
Trd, 4318081.243, 94
Trd, 4318081.643, 93
Trd, 4318081.793, 104
Trd, 4318084.393, 97
Trd, 4318084.993, 112
Trd, 4318085.143, 124
Trd, 4318085.593, 76
Trd, 4318086.493, 101
Trd, 4318088.343, 122
Trd, 4318088.793, 111
Trd, 4318092.393, 104
Trd, 4318093.343, 103
Trd, 4318094.543, 95
Trd, 4318096.443, 94
Trd, 4318097.243, 98
Trd, 4318097.343, 82
Trd, 4318097.443, 99
Trd, 4318098.843, 101
Trd, 4318100.043, 104
Trd, 4318100.093, 123
Trd, 4318101.143, 133
Trd, 4318102.193, 82
Trd, 4318105.193, 102
Trd, 4318106.343, 108
Trd, 4318106.693, 94
Trd, 4318108.993, 104
Trd, 4318112.093, 103
Trd, 4318112.493, 104
Trd, 4318112.843, 103
Trd, 4318115.293, 82
Trd, 4318115.843, 105
Trd, 4318116.343, 99
Trd, 4318118.093, 94
Trd, 4318118.293, 104
Trd, 4318118.493, 104
Trd, 4318120.593, 96
Trd, 4318121.043, 82
Trd, 4318121.943, 83
Trd, 4318122.143, 100
Trd, 4318123.543, 104
Trd, 4318124.743, 102
Trd, 4318125.443, 90
Trd, 4318127.943, 127
Trd, 4318130.593, 105
Trd, 4318131.643, 104
Trd, 4318132.993, 96
Trd, 4318133.043, 103
Trd, 4318134.243, 94
Trd, 4318134.443, 82
Trd, 4318135.043, 101
Trd, 4318135.643, 104
Trd, 4318138.043, 101
Trd, 4318138.793, 92
Trd, 4318139.943, 102
Trd, 4318141.243, 103
Trd, 4318142.943, 98
Trd, 4318143.743, 97
Trd, 4318145.943, 103
Trd, 4318146.193, 96
Trd, 4318146.493, 104
Trd, 4318148.693, 103
Trd, 4318149.343, 102
Trd, 4318150.093, 94
Trd, 4318151.043, 90
Trd, 4318154.343, 124
Trd, 4318155.643, 120
Trd, 4318155.743, 104
Trd, 4318155.943, 100
Trd, 4318156.043, 93
Trd, 4318156.593, 110
Trd, 4318158.293, 106
Trd, 4318160.243, 100
Trd, 4318160.493, 100
Trd, 4318162.143, 99
Trd, 4318162.993, 100
Trd, 4318163.593, 100
Trd, 4318164.493, 104
Trd, 4318165.343, 103
Trd, 4318166.893, 103
Trd, 4318167.443, 94
Trd, 4318170.643, 100
Trd, 4318174.043, 99
Trd, 4318174.743, 102
Trd, 4318174.993, 94
Trd, 4318175.443, 104
Trd, 4318176.543, 102
Trd, 4318178.393, 121
Trd, 4318180.093, 105
Trd, 4318180.143, 93
Trd, 4318180.443, 85
Trd, 4318181.143, 104
Trd, 4318181.343, 101
Trd, 4318182.143, 123
Trd, 4318185.343, 104
Trd, 4318186.743, 104
Trd, 4318187.593, 106
Trd, 4318187.643, 98
Trd, 4318189.943, 104
Trd, 4318191.493, 104
Trd, 4318191.993, 94
Trd, 4318192.143, 97
Trd, 4318192.893, 97
Trd, 4318196.443, 100
Trd, 4318196.893, 94
Trd, 4318197.043, 103
Trd, 4318197.543, 117
Trd, 4318199.693, 85
Trd, 4318199.843, 104
Trd, 4318200.043, 104
Trd, 4318200.793, 97
Trd, 4318201.843, 122
Trd, 4318202.943, 77
Trd, 4318204.043, 123
Trd, 4318205.293, 104
Trd, 4318206.843, 107
Trd, 4318208.443, 103
Trd, 4318209.893, 99
Trd, 4318210.693, 103
Trd, 4318213.193, 103
Trd, 4318213.393, 94
Trd, 4318213.743, 104
Trd, 4318214.443, 103
Trd, 4318215.093, 94
Trd, 4318218.293, 98
Trd, 4318219.193, 103
Trd, 4318219.393, 93
Trd, 4318221.743, 122
Trd, 4318224.243, 109
Trd, 4318224.743, 104
Trd, 4318225.593, 104
Trd, 4318225.643, 103
Trd, 4318225.993, 107
Trd, 4318227.843, 103
Trd, 4318228.043, 94
Trd, 4318228.293, 105
Trd, 4318232.193, 111
Trd, 4318233.043, 104
Trd, 4318234.593, 103
Trd, 4318236.143, 96
Trd, 4318236.543, 104
Trd, 4318238.543, 104
Trd, 4318239.643, 105
Trd, 4318240.443, 101
Trd, 4318244.043, 94
Trd, 4318244.243, 105
Trd, 4318244.743, 102
Trd, 4318246.043, 104
Trd, 4318246.293, 98
Trd, 4318247.593, 102
Trd, 4318248.993, 103
Trd, 4318250.593, 100
Trd, 4318252.393, 103
Trd, 4318253.493, 102
Trd, 4318255.043, 104
Trd, 4318255.443, 102
Trd, 4318256.943, 100
Trd, 4318257.043, 102
Trd, 4318258.593, 97
Trd, 4318260.443, 109
Trd, 4318262.293, 104
Trd, 4318262.693, 104
Trd, 4318263.043, 100
Trd, 4318263.693, 123
Trd, 4318264.743, 94
Trd, 4318265.993, 107
Trd, 4318267.593, 83
Trd, 4318268.143, 101
Trd, 4318270.143, 97
Trd, 4318271.543, 103
Trd, 4318272.043, 100
Trd, 4318272.343, 123
Trd, 4318273.143, 102
Trd, 4318275.143, 94
Trd, 4318275.193, 104
Trd, 4318275.893, 103
Trd, 4318280.193, 102
Trd, 4318281.543, 103
Trd, 4318282.793, 103
Trd, 4318283.093, 101
Trd, 4318283.193, 104
Trd, 4318284.093, 104
Trd, 4318285.243, 104
Trd, 4318285.543, 102
Trd, 4318286.193, 94
Trd, 4318286.693, 103
Trd, 4318287.193, 83
Trd, 4318288.743, 122
Trd, 4318289.643, 107
Trd, 4318290.493, 103
Trd, 4318291.793, 104
Trd, 4318293.943, 99
Trd, 4318294.343, 94
Trd, 4318294.443, 104
Trd, 4318295.343, 103
Trd, 4318296.693, 104
Trd, 4318298.543, 104
Trd, 4318300.743, 100
Trd, 4318301.393, 100
Trd, 4318302.143, 82
Trd, 4318302.943, 77
Trd, 4318303.493, 91
Trd, 4318304.143, 103
Trd, 4318305.493, 101
Trd, 4318306.043, 120
Trd, 4318307.343, 88
Trd, 4318308.493, 120
Trd, 4318310.693, 96
Trd, 4318311.243, 84
Trd, 4318313.043, 104
Trd, 4318313.143, 105
Trd, 4318313.643, 105
Trd, 4318317.093, 93
Trd, 4318317.893, 100
Trd, 4318318.093, 104
Trd, 4318318.793, 97
Trd, 4318319.993, 105
Trd, 4318323.493, 97
Trd, 4318324.393, 100
Trd, 4318325.093, 96
Trd, 4318325.693, 100
Trd, 4318327.643, 94
Trd, 4318328.393, 83
Trd, 4318328.843, 99
Trd, 4318329.693, 99
Trd, 4318331.993, 104
Trd, 4318332.993, 93
Trd, 4318333.693, 100
Trd, 4318334.193, 101
Trd, 4318335.093, 92
Trd, 4318335.243, 122
Trd, 4318335.593, 92
Trd, 4318337.893, 99
Trd, 4318339.693, 91
Trd, 4318339.943, 98
Trd, 4318340.043, 101
Trd, 4318342.443, 95
Trd, 4318343.043, 95
Trd, 4318344.193, 113
Trd, 4318344.593, 121
Trd, 4318344.743, 82
Trd, 4318347.443, 91
Trd, 4318348.393, 121
Trd, 4318349.293, 102
Trd, 4318350.943, 104
Trd, 4318351.943, 102
Trd, 4318354.493, 103
Trd, 4318355.893, 100
Trd, 4318357.943, 104
Trd, 4318359.293, 104
Trd, 4318362.393, 103
Trd, 4318364.693, 100
Trd, 4318364.793, 104
Trd, 4318364.943, 94
Trd, 4318365.493, 104
Trd, 4318367.843, 104
Trd, 4318368.993, 104
Trd, 4318370.493, 98
Trd, 4318370.743, 94
Trd, 4318373.093, 122
Trd, 4318374.943, 104
Trd, 4318375.593, 107
Trd, 4318377.593, 104
Trd, 4318379.593, 100
Trd, 4318380.143, 104
Trd, 4318381.343, 94
Trd, 4318382.843, 103
Trd, 4318382.893, 85
Trd, 4318385.343, 104
Trd, 4318385.593, 121
Trd, 4318388.343, 104
Trd, 4318389.493, 100
Trd, 4318390.243, 84
Trd, 4318391.043, 98
Trd, 4318392.543, 101
Trd, 4318393.143, 104
Trd, 4318394.143, 98
Trd, 4318396.243, 99
Trd, 4318397.743, 99
Trd, 4318398.093, 97
Trd, 4318398.743, 83
Trd, 4318399.943, 129
Trd, 4318400.443, 123
Trd, 4318401.593, 104
Trd, 4318402.393, 98
Trd, 4318404.543, 97
Trd, 4318405.043, 94
Trd, 4318405.943, 98
Trd, 4318408.393, 93
Trd, 4318409.143, 98
Trd, 4318410.143, 101
Trd, 4318410.843, 96
Trd, 4318411.543, 99
Trd, 4318414.443, 98
Trd, 4318416.243, 96
Trd, 4318416.343, 99
Trd, 4318416.893, 98
Trd, 4318417.093, 94
Trd, 4318419.243, 100
Trd, 4318420.293, 93
Trd, 4318421.243, 83
Trd, 4318421.943, 104
Trd, 4318422.543, 100
Trd, 4318424.993, 101
Trd, 4318425.793, 96
Trd, 4318427.493, 100
Trd, 4318429.443, 104
Trd, 4318430.793, 101
Trd, 4318431.643, 94
Trd, 4318432.493, 101
Trd, 4318433.343, 122
Trd, 4318435.193, 99
Trd, 4318435.743, 84
Trd, 4318436.043, 102
Trd, 4318436.793, 95
Trd, 4318436.893, 83
Trd, 4318438.143, 64
Trd, 4318438.343, 97
Trd, 4318438.643, 122
Trd, 4318442.593, 91
Trd, 4318444.443, 94
Trd, 4318444.843, 88
Trd, 4318444.943, 98
Trd, 4318446.543, 90
Trd, 4318446.593, 98
Trd, 4318450.443, 103
Trd, 4318451.293, 102
Trd, 4318451.443, 122
Trd, 4318453.543, 125
Trd, 4318455.043, 104
Trd, 4318455.393, 103
Trd, 4318456.143, 100
Trd, 4318456.993, 115
Trd, 4318458.943, 84
Trd, 4318460.643, 101
Trd, 4318461.293, 105
Trd, 4318464.293, 105
Trd, 4318465.793, 104
Trd, 4318467.193, 101
Trd, 4318467.593, 124
Trd, 4318468.193, 94
Trd, 4318468.793, 103
Trd, 4318471.093, 104
Trd, 4318471.293, 104
Trd, 4318471.743, 113
Trd, 4318472.343, 100
Trd, 4318475.193, 103
Trd, 4318475.643, 104
Trd, 4318476.393, 99
Trd, 4318477.693, 102
Trd, 4318479.143, 92
Trd, 4318480.693, 102
Trd, 4318480.743, 77
Trd, 4318481.793, 95
Trd, 4318482.343, 104
Trd, 4318485.893, 93
Trd, 4318486.293, 98
Trd, 4318486.443, 103
Trd, 4318488.493, 102
Trd, 4318488.843, 121
Trd, 4318490.693, 94
Trd, 4318490.843, 105
Trd, 4318491.443, 92
Trd, 4318492.443, 93
Trd, 4318494.493, 85
Trd, 4318495.593, 101
Trd, 4318497.593, 93
Trd, 4318498.593, 77
Trd, 4318498.893, 99
Trd, 4318500.743, 129
Trd, 4318502.093, 105
Trd, 4318504.493, 102
Trd, 4318505.343, 83
Trd, 4318507.443, 77
Trd, 4318508.143, 99
Trd, 4318508.343, 100
Trd, 4318510.243, 98
Trd, 4318510.743, 99
Trd, 4318511.393, 84
Trd, 4318513.193, 93
Trd, 4318514.043, 99
Trd, 4318516.343, 104
Trd, 4318518.093, 107
Trd, 4318518.393, 104
Trd, 4318518.943, 126
Trd, 4318522.343, 104
Trd, 4318523.243, 111
Trd, 4318523.693, 94
Trd, 4318524.343, 98
Trd, 4318524.543, 84
Trd, 4318524.993, 98
Trd, 4318526.893, 97
Trd, 4318528.293, 104
Trd, 4318529.143, 99
Trd, 4318530.593, 123
Trd, 4318531.593, 77
Trd, 4318532.443, 91
Trd, 4318532.943, 96
Trd, 4318535.543, 95
Trd, 4318535.643, 123
Trd, 4318536.143, 91
Trd, 4318537.393, 108
Trd, 4318537.893, 85
Trd, 4318539.943, 123
Trd, 4318541.143, 107
Trd, 4318541.543, 100
Trd, 4318543.193, 109
Trd, 4318546.393, 99
Trd, 4318546.693, 94
Trd, 4318547.693, 84
Trd, 4318547.793, 102
Trd, 4318549.243, 104
Trd, 4318549.293, 99
Trd, 4318550.043, 105
Trd, 4318551.643, 101
Trd, 4318552.593, 105
Trd, 4318554.093, 104
Trd, 4318554.843, 104
Trd, 4318556.043, 94
Trd, 4318557.293, 119
Trd, 4318558.593, 104
Trd, 4318560.093, 106
Trd, 4318562.393, 106
Trd, 4318563.043, 104
Trd, 4318563.643, 93
Trd, 4318564.593, 106
Trd, 4318565.593, 83
Trd, 4318567.343, 94
Trd, 4318567.643, 95
Trd, 4318567.743, 104
Trd, 4318569.243, 97
Trd, 4318569.443, 95
Trd, 4318570.343, 121
Trd, 4318573.143, 101
Trd, 4318573.293, 92
Trd, 4318574.393, 84
Trd, 4318575.893, 98
Trd, 4318577.143, 104
Trd, 4318577.193, 109
Trd, 4318578.793, 102
Trd, 4318579.393, 83
Trd, 4318580.443, 104
Trd, 4318583.093, 104
Trd, 4318583.143, 103
Trd, 4318583.343, 94
Trd, 4318586.743, 102
Trd, 4318587.143, 97
Trd, 4318587.943, 102
Trd, 4318588.143, 103
Trd, 4318588.193, 94
Trd, 4318590.193, 103
Trd, 4318594.043, 94
Trd, 4318594.243, 101
Trd, 4318594.993, 83
Trd, 4318595.693, 103
Trd, 4318596.693, 95
Trd, 4318599.043, 104
Trd, 4318601.543, 104
Trd, 4318602.793, 104
Trd, 4318604.293, 121
Trd, 4318605.193, 103
Trd, 4318605.243, 122
Trd, 4318606.793, 83
Trd, 4318608.443, 103
Trd, 4318611.093, 95
Trd, 4318611.943, 107
Trd, 4318612.693, 104
Trd, 4318613.393, 119
Trd, 4318613.443, 94
Trd, 4318614.593, 93
Trd, 4318615.993, 123
Trd, 4318617.643, 115
Trd, 4318619.893, 104
Trd, 4318621.493, 104
Trd, 4318623.343, 104
Trd, 4318623.493, 110
Trd, 4318626.243, 105
Trd, 4318626.793, 103
Trd, 4318627.943, 122
Trd, 4318631.193, 106
Trd, 4318631.843, 105
Trd, 4318632.093, 103
Trd, 4318632.893, 94
Trd, 4318633.393, 104
Trd, 4318634.043, 104
Trd, 4318634.793, 103
Trd, 4318636.743, 109
Trd, 4318638.043, 110
Trd, 4318638.093, 107
Trd, 4318638.843, 111
Trd, 4318640.643, 94
Trd, 4318641.093, 98
Trd, 4318643.393, 103
Trd, 4318643.993, 99
Trd, 4318644.493, 94
Trd, 4318646.143, 102
Trd, 4318647.293, 120
Trd, 4318648.443, 82
Trd, 4318649.293, 100
Trd, 4318649.493, 92
Trd, 4318649.593, 102
Trd, 4318650.193, 77
Trd, 4318651.393, 102
Trd, 4318652.343, 96
Trd, 4318654.443, 119
Trd, 4318656.793, 81
Trd, 4318657.893, 103
Trd, 4318658.093, 105
Trd, 4318659.443, 96
Trd, 4318660.393, 103
Trd, 4318662.693, 103
Trd, 4318663.193, 104
Trd, 4318663.343, 94
Trd, 4318664.743, 104
Trd, 4318666.443, 115
Trd, 4318666.843, 104
Trd, 4318669.843, 102
Trd, 4318670.843, 104
Trd, 4318671.243, 93
Trd, 4318672.243, 81
Trd, 4318672.393, 104
Trd, 4318673.343, 99
Trd, 4318673.693, 98
Trd, 4318678.993, 104
Trd, 4318679.443, 118
Trd, 4318679.543, 122
Trd, 4318679.743, 99
Trd, 4318680.093, 107
Trd, 4318680.643, 94
Trd, 4318682.243, 108
Trd, 4318682.293, 99
Trd, 4318683.243, 101
Trd, 4318685.793, 101
Trd, 4318686.743, 104
Trd, 4318687.593, 106
Trd, 4318689.543, 100
Trd, 4318692.393, 94
Trd, 4318692.993, 96
Trd, 4318693.043, 122
Trd, 4318694.043, 100
Trd, 4318695.743, 101
Trd, 4318698.443, 101
Trd, 4318698.843, 99
Trd, 4318699.943, 101
Trd, 4318700.393, 94
Trd, 4318700.693, 104
Trd, 4318701.043, 103
Trd, 4318702.593, 129
Trd, 4318703.593, 94
Trd, 4318704.543, 95
Trd, 4318704.893, 85
Trd, 4318705.793, 95
Trd, 4318705.843, 77
Trd, 4318706.793, 95
Trd, 4318708.093, 101
Trd, 4318710.493, 92
Trd, 4318711.493, 100
Trd, 4318712.393, 98
Trd, 4318712.643, 104
Trd, 4318713.143, 101
Trd, 4318716.793, 104
Trd, 4318717.693, 105
Trd, 4318717.993, 99
Trd, 4318719.293, 103
Trd, 4318719.943, 100
Trd, 4318721.643, 94
Trd, 4318722.093, 101
Trd, 4318722.443, 102
Trd, 4318725.593, 102
Trd, 4318727.843, 102
Trd, 4318729.443, 102
Trd, 4318729.693, 101
Trd, 4318730.243, 94
Trd, 4318731.243, 104
Trd, 4318732.293, 103
Trd, 4318732.493, 84
Trd, 4318733.793, 104
Trd, 4318737.743, 100
Trd, 4318738.143, 104
Trd, 4318738.343, 125
Trd, 4318739.793, 104
Trd, 4318740.193, 107
Trd, 4318740.593, 94
Trd, 4318741.693, 93
Trd, 4318743.243, 131
Trd, 4318745.043, 109
Trd, 4318745.543, 105
Trd, 4318747.393, 94
Trd, 4318748.193, 100
Trd, 4318748.443, 100
Trd, 4318750.643, 104
Trd, 4318751.893, 123
Trd, 4318752.243, 102
Trd, 4318753.993, 105
Trd, 4318754.043, 126
Trd, 4318754.893, 104
Trd, 4318755.693, 94
Trd, 4318756.343, 129
Trd, 4318757.693, 102
Trd, 4318759.243, 93
Trd, 4318759.893, 104
Trd, 4318760.393, 104
Trd, 4318760.693, 103
Trd, 4318763.493, 104
Trd, 4318764.143, 94
Trd, 4318765.343, 77
Trd, 4318765.593, 125
Trd, 4318766.493, 131
Trd, 4318768.193, 127
Trd, 4318770.143, 103
Trd, 4318770.443, 97
Trd, 4318772.143, 104
Trd, 4318772.443, 104
Trd, 4318775.243, 104
Trd, 4318775.693, 104
Trd, 4318776.543, 103
Trd, 4318778.293, 103
Trd, 4318779.093, 130
Trd, 4318779.893, 94
Trd, 4318781.793, 104
Trd, 4318782.793, 104
Trd, 4318783.993, 99
Trd, 4318784.793, 81
Trd, 4318785.493, 104
Trd, 4318786.043, 86
Trd, 4318786.393, 91
Trd, 4318787.093, 103
Trd, 4318788.093, 65
Trd, 4318788.693, 114
Trd, 4318788.843, 96
Trd, 4318793.143, 99
Trd, 4318793.893, 104
Trd, 4318794.693, 91
Trd, 4318795.443, 83
Trd, 4318797.143, 98
Trd, 4318797.543, 93
Trd, 4318797.793, 104
Trd, 4318797.993, 101
Trd, 4318798.743, 125
Trd, 4318799.843, 108
Trd, 4318802.443, 98
Trd, 4318803.943, 104
Trd, 4318804.993, 106
Trd, 4318806.443, 94
Trd, 4318807.293, 106
Trd, 4318807.543, 99
Trd, 4318808.493, 83
Trd, 4318809.893, 106
Trd, 4318811.243, 104
Trd, 4318811.443, 124
Trd, 4318811.543, 98
Trd, 4318812.643, 111
Trd, 4318814.743, 129
Trd, 4318817.593, 101
Trd, 4318817.643, 104
Trd, 4318818.393, 83
Trd, 4318819.143, 92
Trd, 4318819.543, 129
Trd, 4318821.693, 104
Trd, 4318822.393, 104
Trd, 4318824.143, 100
Trd, 4318824.443, 104
Trd, 4318825.993, 104
Trd, 4318826.843, 104
Trd, 4318827.043, 94
Trd, 4318828.343, 104
Trd, 4318828.943, 102
Trd, 4318830.193, 108
Trd, 4318831.793, 126
Trd, 4318832.543, 131
Trd, 4318833.093, 99
Trd, 4318833.143, 83
Trd, 4318835.293, 77
Trd, 4318836.993, 100
Trd, 4318837.093, 104
Trd, 4318838.093, 108
Trd, 4318839.043, 94
Trd, 4318840.343, 128
Trd, 4318841.343, 93
Trd, 4318841.643, 129
Trd, 4318843.543, 122
Trd, 4318844.493, 104
Trd, 4318845.643, 80
Trd, 4318846.693, 104
Trd, 4318847.793, 100
Trd, 4318850.793, 104
Trd, 4318851.043, 104
Trd, 4318851.193, 102
Trd, 4318853.443, 100
Trd, 4318854.093, 103
Trd, 4318856.693, 103
Trd, 4318857.293, 94
Trd, 4318858.143, 110
Trd, 4318858.243, 108
Trd, 4318859.193, 104
Trd, 4318859.293, 106
Trd, 4318862.943, 104
Trd, 4318866.443, 104
Trd, 4318868.393, 104
Trd, 4318868.543, 103
Trd, 4318869.693, 104
Trd, 4318870.093, 124
Trd, 4318870.943, 129
Trd, 4318871.743, 132
Trd, 4318875.093, 115
Trd, 4318876.693, 94
Trd, 4318878.043, 108
Trd, 4318878.093, 105
Trd, 4318878.843, 107
Trd, 4318882.193, 104
Trd, 4318882.793, 107
Trd, 4318883.093, 103
Trd, 4318883.743, 106
Trd, 4318884.043, 93
Trd, 4318884.243, 85
Trd, 4318886.243, 104
Trd, 4318886.643, 99
Trd, 4318886.693, 85
Trd, 4318889.743, 97
Trd, 4318890.343, 99
Trd, 4318893.943, 94
Trd, 4318894.343, 104
Trd, 4318894.993, 96
Trd, 4318895.793, 96
Trd, 4318898.093, 95
Trd, 4318898.993, 96
Trd, 4318899.093, 94
Trd, 4318899.643, 104
Trd, 4318901.793, 66
Trd, 4318902.793, 96
Trd, 4318904.593, 104
Trd, 4318906.143, 101
Trd, 4318906.943, 102
Trd, 4318907.193, 93
Trd, 4318908.843, 92
Trd, 4318909.443, 85
Trd, 4318909.593, 95
Trd, 4318909.643, 98
Trd, 4318911.993, 123
Trd, 4318913.793, 91
Trd, 4318914.993, 101
Trd, 4318915.593, 77
Trd, 4318917.443, 101
Trd, 4318918.043, 89
Trd, 4318919.393, 104
Trd, 4318919.943, 116
Trd, 4318920.393, 104
Trd, 4318921.143, 92
Trd, 4318922.143, 85
Trd, 4318922.493, 95
Trd, 4318923.243, 104
Trd, 4318925.043, 100
Trd, 4318925.393, 94
Trd, 4318925.743, 84
Trd, 4318928.093, 100
Trd, 4318929.443, 99
Trd, 4318930.993, 92
Trd, 4318931.593, 104
Trd, 4318933.143, 122
Trd, 4318935.143, 92
Trd, 4318935.393, 84
Trd, 4318936.843, 95
Trd, 4318938.243, 93
Trd, 4318938.343, 104
Trd, 4318939.643, 104
Trd, 4318942.193, 96
Trd, 4318944.193, 104
Trd, 4318944.393, 100
Trd, 4318945.343, 100
Trd, 4318947.593, 100
Trd, 4318948.243, 121
Trd, 4318948.593, 94
Trd, 4318949.843, 104
Trd, 4318950.993, 105
Trd, 4318952.193, 101
Trd, 4318952.843, 100
Trd, 4318955.043, 104
Trd, 4318956.493, 103
Trd, 4318956.593, 94
Trd, 4318957.193, 104
Trd, 4318960.393, 100
Trd, 4318960.593, 103
Trd, 4318961.043, 102
Trd, 4318961.743, 94
Trd, 4318963.143, 110
Trd, 4318963.543, 104
Trd, 4318968.993, 103
Trd, 4318970.343, 101
Trd, 4318970.493, 103
Trd, 4318970.543, 94
Trd, 4318971.643, 103
Trd, 4318972.243, 104
Trd, 4318973.693, 83
Trd, 4318974.543, 117
Trd, 4318974.943, 98
Trd, 4318976.043, 110
Trd, 4318977.193, 104
Trd, 4318980.643, 105
Trd, 4318982.293, 104
Trd, 4318982.593, 99
Trd, 4318983.893, 105
Trd, 4318984.143, 94
Trd, 4318984.693, 82
Trd, 4318987.193, 97
Trd, 4318988.143, 93
Trd, 4318988.193, 97
Trd, 4318988.743, 77
Trd, 4318989.393, 101
Trd, 4318990.593, 104
Trd, 4318992.593, 85
Trd, 4318993.093, 80
Trd, 4318994.943, 101
Trd, 4318997.643, 91
Trd, 4318997.693, 96
Trd, 4318998.093, 67
Trd, 4318999.843, 97
Trd, 4319000.193, 122
Trd, 4319001.093, 104
Trd, 4319002.543, 92
Trd, 4319003.493, 102
Trd, 4319004.093, 91
Trd, 4319004.893, 98
Trd, 4319006.893, 114
Trd, 4319007.493, 90
Trd, 4319009.343, 104
Trd, 4319009.443, 84
Trd, 4319009.593, 103
Trd, 4319011.993, 98
Trd, 4319012.543, 120
Trd, 4319012.843, 92
Trd, 4319013.943, 105
Trd, 4319015.493, 91
Trd, 4319017.143, 103
Trd, 4319019.643, 122
Trd, 4319021.243, 94
Trd, 4319023.293, 100
Trd, 4319025.243, 102
Trd, 4319026.193, 96
Trd, 4319027.593, 102
Trd, 4319028.693, 103
Trd, 4319028.893, 96
Trd, 4319029.743, 115
Trd, 4319031.843, 94
Trd, 4319034.793, 99
Trd, 4319035.493, 91
Trd, 4319035.893, 104
Trd, 4319035.943, 104
Trd, 4319038.643, 101
Trd, 4319040.193, 94
Trd, 4319040.343, 104
Trd, 4319044.093, 104
Trd, 4319045.743, 105
Trd, 4319045.843, 94
Trd, 4319046.393, 100
Trd, 4319049.543, 118
Trd, 4319051.493, 103
Trd, 4319052.943, 113
Trd, 4319054.193, 104
Trd, 4319055.093, 102
Trd, 4319055.443, 100
Trd, 4319057.043, 103
Trd, 4319057.593, 104
Trd, 4319058.443, 103
Trd, 4319059.893, 103
Trd, 4319062.143, 103
Trd, 4319062.943, 104
Trd, 4319063.843, 122
Trd, 4319066.393, 102
Trd, 4319067.543, 104
Trd, 4319067.993, 94
Trd, 4319070.493, 90
Trd, 4319071.043, 93
Trd, 4319071.843, 122
Trd, 4319071.993, 84
Trd, 4319073.443, 117
Trd, 4319074.343, 122
Trd, 4319075.393, 100
Trd, 4319075.743, 85
Trd, 4319077.443, 97
Trd, 4319078.693, 96
Trd, 4319078.993, 99
Trd, 4319081.093, 93
Trd, 4319082.393, 95
Trd, 4319084.243, 95
Trd, 4319084.543, 101
Trd, 4319085.043, 92
Trd, 4319085.993, 84
Trd, 4319089.193, 98
Trd, 4319089.543, 95
Trd, 4319090.293, 118
Trd, 4319090.343, 121
Trd, 4319096.193, 107
Trd, 4319097.193, 104
Trd, 4319097.293, 104
Trd, 4319099.993, 103
Trd, 4319100.943, 106
Trd, 4319102.643, 104
Trd, 4319103.743, 106
Trd, 4319104.343, 106
Trd, 4319107.593, 104
Trd, 4319108.393, 104
Trd, 4319108.443, 101
Trd, 4319109.893, 121
Trd, 4319110.293, 102
Trd, 4319111.943, 94
Trd, 4319112.393, 104
Trd, 4319113.793, 104
Trd, 4319114.593, 100
Trd, 4319114.993, 76
Trd, 4319115.293, 103
Trd, 4319116.243, 116
Trd, 4319118.643, 108
Trd, 4319120.293, 103
Trd, 4319121.593, 101
Trd, 4319122.043, 103
Trd, 4319123.193, 107
Trd, 4319124.443, 122
Trd, 4319126.443, 100
Trd, 4319127.843, 103
Trd, 4319128.093, 102
Trd, 4319130.193, 103
Trd, 4319131.093, 104
Trd, 4319131.943, 94
Trd, 4319132.093, 113
Trd, 4319132.143, 81
Trd, 4319134.393, 104
Trd, 4319134.643, 97
Trd, 4319136.643, 122
Trd, 4319137.443, 96
Trd, 4319138.693, 104
Trd, 4319139.293, 104
Trd, 4319141.293, 101
Trd, 4319141.543, 97
Trd, 4319144.093, 94
Trd, 4319145.093, 116
Trd, 4319145.293, 98
Trd, 4319145.343, 81
Trd, 4319145.943, 95
Trd, 4319146.993, 122
Trd, 4319150.093, 122
Trd, 4319150.443, 95
Trd, 4319151.443, 109
Trd, 4319151.793, 96
Trd, 4319156.743, 102
Trd, 4319160.093, 102
Trd, 4319160.343, 98
Trd, 4319161.743, 94
Trd, 4319161.843, 106
Trd, 4319161.993, 107
Trd, 4319163.043, 98
Trd, 4319164.793, 104
Trd, 4319165.143, 93
Trd, 4319166.143, 103
Trd, 4319167.693, 103
Trd, 4319168.293, 104
Trd, 4319168.393, 97
Trd, 4319170.343, 102
Trd, 4319171.793, 94
Trd, 4319172.043, 81
Trd, 4319173.793, 103
Trd, 4319176.093, 103
Trd, 4319176.293, 104
Trd, 4319177.493, 95
Trd, 4319179.143, 93
Trd, 4319179.943, 93
Trd, 4319180.443, 98
Trd, 4319183.243, 95
Trd, 4319183.293, 94
Trd, 4319183.393, 92
Trd, 4319183.593, 104
Trd, 4319185.343, 107
Trd, 4319186.143, 104
Trd, 4319186.593, 104
Trd, 4319186.993, 92
Trd, 4319189.393, 90
Trd, 4319189.793, 122
Trd, 4319190.643, 84
Trd, 4319191.593, 120
Trd, 4319194.143, 103
Trd, 4319197.493, 103
Trd, 4319197.993, 103
Trd, 4319198.443, 97
Trd, 4319199.393, 94
Trd, 4319199.443, 104
Trd, 4319201.543, 99
Trd, 4319202.393, 95
Trd, 4319202.643, 120
Trd, 4319204.293, 94
Trd, 4319204.943, 104
Trd, 4319207.943, 101
Trd, 4319208.493, 103
Trd, 4319208.693, 121
Trd, 4319208.993, 95
Trd, 4319210.093, 94
Trd, 4319211.693, 87
Trd, 4319212.543, 106
Trd, 4319214.143, 85
Trd, 4319214.243, 96
Trd, 4319214.743, 106
Trd, 4319216.993, 94
Trd, 4319218.193, 102
Trd, 4319219.343, 100
Trd, 4319220.793, 104
Trd, 4319222.793, 103
Trd, 4319222.843, 102
Trd, 4319223.343, 98
Trd, 4319223.543, 84
Trd, 4319224.343, 102
Trd, 4319226.193, 93
Trd, 4319228.743, 130
Trd, 4319229.293, 102
Trd, 4319229.843, 108
Trd, 4319230.043, 93
Trd, 4319231.343, 125
Trd, 4319232.393, 106
Trd, 4319233.143, 104
Trd, 4319233.493, 94
Trd, 4319234.593, 111
Trd, 4319236.143, 100
Trd, 4319237.293, 104
Trd, 4319237.593, 84
Trd, 4319238.243, 104
Trd, 4319238.793, 83
Trd, 4319240.093, 107
Trd, 4319240.493, 99
Trd, 4319243.293, 77
Trd, 4319243.493, 93
Trd, 4319243.893, 92
Trd, 4319244.493, 93
Trd, 4319246.943, 103
Trd, 4319247.543, 125
Trd, 4319249.493, 104
Trd, 4319251.943, 98
Trd, 4319252.743, 100
Trd, 4319252.843, 94
Trd, 4319252.943, 104
Trd, 4319254.943, 103
Trd, 4319255.843, 102
Trd, 4319256.343, 97
Trd, 4319257.143, 104
Trd, 4319257.643, 94
Trd, 4319258.943, 109
Trd, 4319260.943, 96
Trd, 4319262.793, 97
Trd, 4319263.343, 102
Trd, 4319265.143, 96
Trd, 4319266.143, 102
Trd, 4319266.443, 104
Trd, 4319270.043, 104
Trd, 4319270.543, 94
Trd, 4319271.643, 103
Trd, 4319273.593, 100
Trd, 4319274.243, 84
Trd, 4319274.743, 103
Trd, 4319275.093, 104
Trd, 4319275.143, 77
Trd, 4319277.143, 104
Trd, 4319279.593, 101
Trd, 4319280.643, 101
Trd, 4319280.693, 94
Trd, 4319281.193, 104
Trd, 4319284.093, 95
Trd, 4319285.743, 94
Trd, 4319286.343, 95
Trd, 4319286.893, 100
Trd, 4319288.443, 97
Trd, 4319288.793, 104
Trd, 4319289.093, 85
Trd, 4319289.743, 102
Trd, 4319291.843, 102
Trd, 4319294.593, 125
Trd, 4319294.943, 101
Trd, 4319295.593, 107
Trd, 4319295.993, 126
Trd, 4319296.093, 108
Trd, 4319296.893, 111
Trd, 4319299.193, 111
Trd, 4319299.243, 94
Trd, 4319301.993, 108
Trd, 4319302.293, 107
Trd, 4319302.943, 103
Trd, 4319303.543, 106
Trd, 4319306.943, 110
Trd, 4319308.343, 104
Trd, 4319308.593, 105
Trd, 4319310.093, 104
Trd, 4319310.793, 104
Trd, 4319311.293, 94
Trd, 4319312.743, 77
Trd, 4319313.393, 81
Trd, 4319313.593, 104
Trd, 4319313.943, 99
Trd, 4319314.643, 99
Trd, 4319315.693, 84
Trd, 4319315.743, 91
Trd, 4319318.343, 121
Trd, 4319319.943, 103
Trd, 4319320.293, 99
Trd, 4319321.193, 120
Trd, 4319323.643, 94
Trd, 4319324.143, 96
Trd, 4319325.493, 84
Trd, 4319326.243, 98
Trd, 4319327.043, 77
Trd, 4319327.543, 103
Trd, 4319327.693, 123
Trd, 4319328.993, 101
Trd, 4319329.743, 130
Trd, 4319331.393, 109
Trd, 4319331.543, 105
Trd, 4319334.043, 114
Trd, 4319334.343, 104
Trd, 4319335.943, 104
Trd, 4319337.043, 94
Trd, 4319338.093, 102
Trd, 4319338.443, 106
Trd, 4319339.893, 116
Trd, 4319340.543, 94
Trd, 4319343.243, 94
Trd, 4319344.593, 104
Trd, 4319345.093, 102
Trd, 4319347.593, 102
Trd, 4319348.293, 128
Trd, 4319349.393, 130
Trd, 4319351.543, 104
Trd, 4319351.693, 104
Trd, 4319353.043, 94
Trd, 4319353.143, 125
Trd, 4319353.993, 81
Trd, 4319354.893, 114
Trd, 4319355.143, 92
Trd, 4319356.343, 111
Trd, 4319360.693, 107
Trd, 4319362.943, 102
Trd, 4319363.343, 106
Trd, 4319363.593, 94
Trd, 4319365.293, 106
Trd, 4319365.393, 127
Trd, 4319366.143, 103
Trd, 4319366.193, 109
Trd, 4319367.243, 101
Trd, 4319368.543, 94
Trd, 4319369.193, 125
Trd, 4319369.843, 100
Trd, 4319372.993, 101
Trd, 4319374.243, 103
Trd, 4319376.493, 104
Trd, 4319376.593, 99
Trd, 4319377.293, 104
Trd, 4319378.093, 104
Trd, 4319381.693, 104
Trd, 4319382.893, 105
Trd, 4319383.693, 101
Trd, 4319384.493, 94
Trd, 4319388.643, 99
Trd, 4319388.943, 105
Trd, 4319390.243, 104
Trd, 4319391.443, 100
Trd, 4319392.643, 125
Trd, 4319393.943, 104
Trd, 4319396.193, 103
Trd, 4319397.443, 104
Trd, 4319399.093, 105
Trd, 4319400.093, 108
Trd, 4319401.993, 106
Trd, 4319402.943, 106
Trd, 4319405.343, 105
Trd, 4319406.843, 105
Trd, 4319408.443, 105
Trd, 4319409.043, 104
Trd, 4319409.543, 106
Trd, 4319410.993, 104
Trd, 4319412.993, 106
Trd, 4319413.343, 104
Trd, 4319413.643, 106
Trd, 4319416.093, 102
Trd, 4319417.443, 104
Trd, 4319418.793, 122
Trd, 4319419.993, 81
Trd, 4319421.993, 106
Trd, 4319422.543, 105
Trd, 4319423.093, 104
Trd, 4319424.643, 102
Trd, 4319425.693, 82
Trd, 4319428.543, 104
Trd, 4319429.143, 106
Trd, 4319429.593, 119
Trd, 4319431.143, 123
Trd, 4319431.793, 102
Trd, 4319432.893, 129
Trd, 4319432.943, 104
Trd, 4319435.743, 106
Trd, 4319437.243, 109
Trd, 4319438.193, 109
Trd, 4319439.493, 103
Trd, 4319439.643, 94
Trd, 4319441.193, 103
Trd, 4319441.493, 128
Trd, 4319444.343, 125
Trd, 4319444.693, 94
Trd, 4319446.843, 113
Trd, 4319448.343, 103
Trd, 4319448.743, 102
Trd, 4319451.593, 104
Trd, 4319451.843, 104
Trd, 4319453.243, 102
Trd, 4319454.743, 103
Trd, 4319455.293, 81
Trd, 4319457.293, 91
Trd, 4319457.443, 99
Trd, 4319457.543, 103
Trd, 4319458.643, 120
Trd, 4319458.843, 94
Trd, 4319461.443, 102
Trd, 4319462.693, 85
Trd, 4319463.443, 104
Trd, 4319464.493, 104
Trd, 4319465.893, 105
Trd, 4319466.043, 94
Trd, 4319468.593, 100
Trd, 4319470.293, 104
Trd, 4319471.143, 104
Trd, 4319472.743, 104
Trd, 4319474.343, 105
Trd, 4319475.393, 104
Trd, 4319475.743, 101
Trd, 4319480.243, 101
Trd, 4319480.493, 94
Trd, 4319480.793, 104
Trd, 4319481.643, 84
Trd, 4319482.593, 104
Trd, 4319483.843, 104
Trd, 4319485.643, 99
Trd, 4319486.293, 98
Trd, 4319488.643, 101
Trd, 4319488.843, 94
Trd, 4319490.643, 100
Trd, 4319491.093, 97
Trd, 4319491.343, 99
Trd, 4319493.243, 100
Trd, 4319494.993, 99
Trd, 4319497.593, 114
Trd, 4319498.393, 97
Trd, 4319499.043, 107
Trd, 4319499.343, 94
Trd, 4319500.093, 104
Trd, 4319500.693, 99
Trd, 4319503.993, 97
Trd, 4319504.743, 98
Trd, 4319505.543, 104
Trd, 4319505.893, 84
Trd, 4319506.043, 77
Trd, 4319506.293, 122
Trd, 4319506.343, 67
Trd, 4319506.693, 104
Trd, 4319508.293, 93
Trd, 4319509.443, 111
Trd, 4319513.993, 96
Trd, 4319514.243, 123
Trd, 4319514.793, 104
Trd, 4319515.043, 113
Trd, 4319517.293, 97
Trd, 4319519.093, 94
Trd, 4319519.893, 100
Trd, 4319521.093, 101
Trd, 4319521.493, 123
Trd, 4319522.893, 123
Trd, 4319524.343, 103
Trd, 4319525.593, 110
Trd, 4319527.243, 94
Trd, 4319528.143, 102
Trd, 4319529.093, 101
Trd, 4319529.343, 105
Trd, 4319530.493, 103
Trd, 4319534.443, 102
Trd, 4319534.993, 121
Trd, 4319535.843, 101
Trd, 4319536.043, 122
Trd, 4319537.593, 94
Trd, 4319538.193, 102
Trd, 4319538.793, 94
Trd, 4319539.493, 117
Trd, 4319540.543, 129
Trd, 4319543.743, 96
Trd, 4319543.843, 106
Trd, 4319544.543, 104
Trd, 4319544.793, 82
Trd, 4319544.943, 107
Trd, 4319549.043, 100
Trd, 4319549.393, 104
Trd, 4319549.443, 77
Trd, 4319550.193, 74
Trd, 4319551.093, 103
Trd, 4319553.493, 98
Trd, 4319554.193, 92
Trd, 4319554.443, 104
Trd, 4319555.393, 118
Trd, 4319557.843, 122
Trd, 4319561.493, 94
Trd, 4319562.793, 100
Trd, 4319563.393, 90
Trd, 4319563.993, 104
Trd, 4319564.843, 98
Trd, 4319565.043, 125
Trd, 4319566.693, 84
Trd, 4319567.043, 102
Trd, 4319568.793, 94
Trd, 4319569.643, 102
Trd, 4319571.143, 96
Trd, 4319571.443, 102
Trd, 4319571.893, 102
Trd, 4319572.693, 99
Trd, 4319574.993, 125
Trd, 4319576.093, 104
Trd, 4319576.893, 111
Trd, 4319577.543, 99
Trd, 4319580.993, 98
Trd, 4319581.143, 102
Trd, 4319581.243, 104
Trd, 4319581.643, 89
Trd, 4319583.343, 104
Trd, 4319585.593, 101
Trd, 4319586.543, 104
Trd, 4319588.443, 106
Trd, 4319588.493, 117
Trd, 4319590.843, 120
Trd, 4319592.793, 104
Trd, 4319592.943, 104
Trd, 4319593.343, 104
Trd, 4319593.643, 94
Trd, 4319594.493, 131
Trd, 4319597.043, 106
Trd, 4319597.493, 104
Trd, 4319599.593, 105
Trd, 4319601.393, 101
Trd, 4319601.993, 94
Trd, 4319603.393, 103
Trd, 4319604.293, 99
Trd, 4319606.593, 119
Trd, 4319608.393, 103
Trd, 4319608.593, 102
Trd, 4319610.443, 102
Trd, 4319610.643, 104
Trd, 4319611.843, 103
Trd, 4319612.893, 83
Trd, 4319614.193, 131
Trd, 4319615.443, 108
Trd, 4319615.593, 125
Trd, 4319617.343, 105
Trd, 4319619.443, 109
Trd, 4319620.593, 112
Trd, 4319622.843, 105
Trd, 4319623.693, 108
Trd, 4319623.743, 104
Trd, 4319624.543, 109
Trd, 4319625.743, 110
Trd, 4319629.293, 110
Trd, 4319631.093, 107
Trd, 4319632.343, 101
Trd, 4319633.993, 104
Trd, 4319634.493, 94
Trd, 4319634.743, 77
Trd, 4319635.743, 104
Trd, 4319636.893, 103
Trd, 4319638.443, 103
Trd, 4319640.243, 104
Trd, 4319641.593, 115
Trd, 4319641.693, 107
Trd, 4319643.943, 126
Trd, 4319644.143, 93
Trd, 4319645.193, 124
Trd, 4319647.793, 106
Trd, 4319649.593, 106
Trd, 4319650.093, 107
Trd, 4319650.993, 94
Trd, 4319652.393, 104
Trd, 4319653.643, 104
Trd, 4319655.743, 93
Trd, 4319656.793, 96
Trd, 4319657.743, 125
Trd, 4319658.593, 102
Trd, 4319660.593, 92
Trd, 4319661.843, 109
Trd, 4319665.193, 101
Trd, 4319665.243, 100
Trd, 4319666.843, 104
Trd, 4319668.493, 94
Trd, 4319669.093, 99
Trd, 4319669.493, 103
Trd, 4319670.243, 85
Trd, 4319671.693, 83
Trd, 4319671.943, 100
Trd, 4319672.743, 100
Trd, 4319674.293, 104
Trd, 4319676.693, 102
Trd, 4319678.243, 95
Trd, 4319678.743, 94
Trd, 4319679.743, 93
Trd, 4319681.093, 93
Trd, 4319682.093, 96
Trd, 4319683.843, 104
Trd, 4319683.893, 77
Trd, 4319684.543, 103
Trd, 4319685.243, 102
Trd, 4319687.093, 112
Trd, 4319689.693, 122
Trd, 4319690.993, 112
Trd, 4319692.843, 104
Trd, 4319693.093, 95
Trd, 4319694.593, 81
Trd, 4319694.843, 101
Trd, 4319694.893, 104
Trd, 4319695.443, 104
Trd, 4319696.543, 104
Trd, 4319700.493, 104
Trd, 4319701.093, 104
Trd, 4319702.493, 98
Trd, 4319703.093, 103
Trd, 4319705.443, 101
Trd, 4319707.493, 94
Trd, 4319708.143, 103
Trd, 4319709.043, 99
Trd, 4319709.443, 85
Trd, 4319710.293, 100
Trd, 4319711.093, 103
Trd, 4319712.493, 85
Trd, 4319714.343, 99
Trd, 4319715.543, 95
Trd, 4319717.143, 99
Trd, 4319718.743, 103
Trd, 4319720.743, 101
Trd, 4319721.843, 94
Trd, 4319722.293, 101
Trd, 4319723.743, 100
Trd, 4319725.193, 111
Trd, 4319725.443, 104
Trd, 4319726.493, 85
Trd, 4319729.493, 106
Trd, 4319729.943, 120
Trd, 4319730.043, 104
Trd, 4319730.743, 108
Trd, 4319732.593, 102
Trd, 4319733.293, 109
Trd, 4319733.643, 110
Trd, 4319733.893, 94
Trd, 4319736.493, 104
Trd, 4319737.793, 104
Trd, 4319737.993, 119
Trd, 4319739.743, 105
Trd, 4319742.193, 102
Trd, 4319742.693, 102
Trd, 4319743.243, 94
Trd, 4319744.443, 102
Trd, 4319745.243, 89
Trd, 4319745.443, 104
Trd, 4319746.593, 101
Trd, 4319746.693, 121
Trd, 4319749.393, 104
Trd, 4319751.243, 102
Trd, 4319752.043, 101
Trd, 4319753.043, 109
Trd, 4319755.493, 94
Trd, 4319755.543, 104
Trd, 4319757.043, 93
Trd, 4319759.743, 104
Trd, 4319760.643, 102
Trd, 4319761.243, 104
Trd, 4319762.693, 101
Trd, 4319764.143, 104
Trd, 4319764.593, 85
Trd, 4319766.643, 77
Trd, 4319767.343, 101
Trd, 4319767.393, 121
Trd, 4319769.093, 97
Trd, 4319769.193, 94
Trd, 4319769.493, 94
Trd, 4319769.793, 124
Trd, 4319773.143, 97
Trd, 4319774.193, 100
Trd, 4319775.293, 104
Trd, 4319776.943, 100
Trd, 4319777.193, 94
Trd, 4319777.343, 101
Trd, 4319778.343, 95
Trd, 4319780.893, 94
Trd, 4319781.243, 101
Trd, 4319781.993, 104
Trd, 4319783.493, 82
Trd, 4319785.043, 98
Trd, 4319786.143, 94
Trd, 4319786.993, 97
Trd, 4319787.793, 104
Trd, 4319787.943, 93
Trd, 4319788.643, 92
Trd, 4319791.343, 102
Trd, 4319792.393, 112
Trd, 4319792.943, 104
Trd, 4319793.193, 102
Trd, 4319796.343, 94
Trd, 4319798.443, 102
Trd, 4319798.743, 93
Trd, 4319799.543, 103
Trd, 4319800.643, 103
Trd, 4319803.743, 98
Trd, 4319804.743, 94
Trd, 4319805.093, 96
Trd, 4319805.543, 104
Trd, 4319806.393, 101
Trd, 4319808.993, 104
Trd, 4319809.093, 100
Trd, 4319809.393, 124
Trd, 4319810.993, 132
Trd, 4319811.493, 93
Trd, 4319814.443, 100
Trd, 4319816.143, 102
Trd, 4319816.343, 104
Trd, 4319816.943, 85
Trd, 4319817.243, 106
Trd, 4319818.993, 127
Trd, 4319819.043, 104
Trd, 4319819.643, 94
Trd, 4319820.393, 106
Trd, 4319824.293, 104
Trd, 4319825.793, 104
Trd, 4319826.043, 104
Trd, 4319826.093, 106
Trd, 4319826.243, 103
Trd, 4319828.543, 102
Trd, 4319828.743, 130
Trd, 4319830.343, 107
Trd, 4319832.593, 106
Trd, 4319832.793, 94
Trd, 4319832.843, 85
Trd, 4319834.793, 104
Trd, 4319835.493, 98
Trd, 4319836.093, 105
Trd, 4319838.343, 102
Trd, 4319839.793, 94
Trd, 4319840.393, 102
Trd, 4319841.643, 104
Trd, 4319842.093, 94
Trd, 4319843.693, 103
Trd, 4319844.043, 96
Trd, 4319844.443, 77
Trd, 4319847.443, 99
Trd, 4319848.393, 94
Trd, 4319848.793, 97
Trd, 4319850.643, 104
Trd, 4319850.993, 93
Trd, 4319853.043, 98
Trd, 4319853.793, 93
Trd, 4319855.993, 104
Trd, 4319856.793, 120
Trd, 4319858.043, 103
Trd, 4319859.943, 107
Trd, 4319860.293, 103
Trd, 4319860.693, 93
Trd, 4319861.843, 105
Trd, 4319863.343, 93
Trd, 4319864.493, 97
Trd, 4319865.693, 122
Trd, 4319866.043, 93
Trd, 4319868.243, 104
Trd, 4319869.543, 76
Trd, 4319870.193, 83
Trd, 4319871.143, 106
Trd, 4319872.043, 95
Trd, 4319872.343, 103
Trd, 4319872.593, 104
Trd, 4319873.893, 104
Trd, 4319877.143, 119
Trd, 4319877.843, 103
Trd, 4319877.943, 100
Trd, 4319879.993, 108
Trd, 4319880.843, 94
Trd, 4319881.243, 83
Trd, 4319881.443, 96
Trd, 4319882.943, 101
Trd, 4319884.843, 96
Trd, 4319884.893, 101
Trd, 4319885.143, 94
Trd, 4319885.343, 120
Trd, 4319888.043, 130
Trd, 4319891.093, 109
Trd, 4319894.093, 107
Trd, 4319894.393, 103
Trd, 4319895.643, 102
Trd, 4319896.543, 98
Trd, 4319898.043, 103
Trd, 4319898.493, 103
Trd, 4319900.793, 102
Trd, 4319902.543, 100
Trd, 4319902.693, 94
Trd, 4319902.893, 101
Trd, 4319904.343, 94
Trd, 4319905.093, 124
Trd, 4319905.693, 97
Trd, 4319905.893, 125
Trd, 4319908.893, 93
Trd, 4319909.293, 83
Trd, 4319909.793, 97
Trd, 4319910.843, 96
Trd, 4319911.243, 97
Trd, 4319913.293, 97
Trd, 4319916.943, 94
Trd, 4319917.743, 104
Trd, 4319918.393, 92
Trd, 4319919.243, 98
Trd, 4319919.743, 99
Trd, 4319921.893, 77
Trd, 4319922.743, 90
Trd, 4319923.193, 99
Trd, 4319923.343, 100
Trd, 4319925.143, 101
Trd, 4319925.443, 102
Trd, 4319926.143, 92
Trd, 4319927.343, 101
Trd, 4319928.893, 103
Trd, 4319932.643, 122
Trd, 4319933.643, 104
Trd, 4319933.993, 94
Trd, 4319935.843, 101
Trd, 4319936.993, 101
Trd, 4319937.043, 102
Trd, 4319938.043, 104
Trd, 4319938.993, 94
Trd, 4319939.293, 84
Trd, 4319940.093, 77
Trd, 4319940.893, 67
Trd, 4319941.243, 122
Trd, 4319944.443, 107
Trd, 4319948.593, 103
Trd, 4319949.793, 104
Trd, 4319950.393, 100
Trd, 4319951.093, 104
Trd, 4319951.943, 104
Trd, 4319952.593, 114
Trd, 4319953.693, 96
Trd, 4319954.043, 94
Trd, 4319954.943, 97
Trd, 4319955.593, 106
Trd, 4319959.193, 96
Trd, 4319960.593, 104
Trd, 4319962.193, 94
Trd, 4319962.343, 102
Trd, 4319964.693, 99
Trd, 4319965.043, 95
Trd, 4319965.793, 101
Trd, 4319967.593, 94
Trd, 4319968.293, 104
Trd, 4319968.893, 104
Trd, 4319969.143, 122
Trd, 4319970.443, 98
Trd, 4319971.693, 85
Trd, 4319974.443, 104
Trd, 4319974.993, 105
Trd, 4319975.293, 98
Trd, 4319975.793, 93
Trd, 4319976.143, 105
Trd, 4319976.593, 105
Trd, 4319977.943, 85
Trd, 4319980.043, 104
Trd, 4319980.943, 104
Trd, 4319981.093, 123
Trd, 4319984.143, 104
Trd, 4319984.443, 99
Trd, 4319985.843, 101
Trd, 4319986.243, 94
Trd, 4319986.493, 104
Trd, 4319986.993, 105
Trd, 4319987.893, 105
Trd, 4319988.743, 121
Trd, 4319989.893, 85
Trd, 4319993.193, 103
Trd, 4319994.743, 96
Trd, 4319995.043, 100
Trd, 4319995.443, 93
Trd, 4319996.643, 100
Trd, 4319997.143, 85
