Trd, 4317902.593, 93
Trd, 4317903.593, 91
Trd, 4317904.643, 94
Trd, 4317906.193, 91
Trd, 4317907.893, 89
Trd, 4317908.543, 89
Trd, 4317910.643, 91
Trd, 4317912.093, 94
Trd, 4317912.793, 95
Trd, 4317913.543, 93
Trd, 4317916.943, 91
Trd, 4317917.793, 92
Trd, 4317918.343, 91
Trd, 4317919.043, 93
Trd, 4317920.443, 95
Trd, 4317920.893, 85
Trd, 4317923.743, 93
Trd, 4317924.043, 88
Trd, 4317924.893, 88
Trd, 4317925.193, 106
Trd, 4317925.393, 88
Trd, 4317927.743, 100
Trd, 4317928.443, 101
Trd, 4317930.443, 97
Trd, 4317930.643, 96
Trd, 4317931.493, 101
Trd, 4317931.743, 96
Trd, 4317931.893, 95
Trd, 4317935.243, 98
Trd, 4317935.593, 101
Trd, 4317937.693, 101
Trd, 4317938.143, 100
Trd, 4317939.243, 99
Trd, 4317941.293, 97
Trd, 4317941.543, 97
Trd, 4317942.993, 99
Trd, 4317943.993, 92
Trd, 4317945.793, 95
Trd, 4317946.293, 94
Trd, 4317946.543, 85
Trd, 4317948.093, 90
Trd, 4317950.293, 99
Trd, 4317951.693, 91
Trd, 4317953.943, 100
Trd, 4317955.093, 93
Trd, 4317955.693, 92
Trd, 4317956.643, 91
Trd, 4317958.993, 90
Trd, 4317959.393, 90
Trd, 4317960.343, 97
Trd, 4317963.643, 96
Trd, 4317963.893, 93
Trd, 4317964.693, 92
Trd, 4317965.343, 95
Trd, 4317965.843, 92
Trd, 4317967.693, 87
Trd, 4317970.343, 92
Trd, 4317970.743, 91
Trd, 4317971.293, 90
Trd, 4317971.943, 96
Trd, 4317974.243, 90
Trd, 4317975.443, 104
Trd, 4317975.493, 89
Trd, 4317975.943, 91
Trd, 4317977.643, 97
Trd, 4317978.893, 83
Trd, 4317980.343, 95
Trd, 4317981.693, 91
Trd, 4317982.443, 90
Trd, 4317983.393, 89
Trd, 4317983.743, 90
Trd, 4317987.743, 93
Trd, 4317988.593, 94
Trd, 4317990.643, 95
Trd, 4317990.843, 93
Trd, 4317992.143, 92
Trd, 4317992.893, 92
Trd, 4317995.243, 91
Trd, 4317996.343, 92
Trd, 4317996.893, 94
Trd, 4317997.593, 90
Trd, 4318000.143, 96
Trd, 4318000.243, 91
Trd, 4318002.043, 95
Trd, 4318003.343, 97
Trd, 4318003.993, 95
Trd, 4318005.693, 72
Trd, 4318005.793, 86
Trd, 4318008.093, 91
Trd, 4318009.043, 90
Trd, 4318009.343, 98
Trd, 4318011.143, 89
Trd, 4318012.443, 95
Trd, 4318013.393, 94
Trd, 4318013.743, 83
Trd, 4318013.893, 76
Trd, 4318014.843, 113
Trd, 4318017.893, 102
Trd, 4318019.193, 100
Trd, 4318019.993, 100
Trd, 4318020.343, 86
Trd, 4318023.343, 80
Trd, 4318023.393, 84
Trd, 4318024.343, 109
Trd, 4318025.693, 95
Trd, 4318026.743, 97
Trd, 4318026.793, 93
Trd, 4318029.243, 111
Trd, 4318030.793, 118
Trd, 4318030.893, 111
Trd, 4318031.143, 110
Trd, 4318032.643, 103
Trd, 4318033.793, 80
Trd, 4318034.693, 102
Trd, 4318035.143, 101
Trd, 4318036.293, 104
Trd, 4318038.293, 104
Trd, 4318039.743, 100
Trd, 4318041.393, 101
Trd, 4318042.143, 89
Trd, 4318042.793, 93
Trd, 4318044.293, 89
Trd, 4318044.793, 110
Trd, 4318046.793, 90
Trd, 4318047.143, 84
Trd, 4318047.543, 87
Trd, 4318050.843, 95
Trd, 4318051.143, 96
Trd, 4318051.293, 92
Trd, 4318055.243, 91
Trd, 4318055.843, 92
Trd, 4318055.893, 77
Trd, 4318060.693, 91
Trd, 4318062.643, 90
Trd, 4318063.243, 90
Trd, 4318063.593, 92
Trd, 4318064.443, 89
Trd, 4318066.543, 95
Trd, 4318068.293, 94
Trd, 4318069.043, 95
Trd, 4318070.143, 96
Trd, 4318071.093, 96
Trd, 4318072.243, 113
Trd, 4318072.993, 85
Trd, 4318074.093, 91
Trd, 4318074.593, 106
Trd, 4318075.693, 80
Trd, 4318076.243, 92
Trd, 4318078.543, 94
Trd, 4318080.293, 94
Trd, 4318080.593, 90
Trd, 4318081.743, 95
Trd, 4318083.093, 90
Trd, 4318084.693, 100
Trd, 4318084.893, 110
Trd, 4318086.843, 100
Trd, 4318087.493, 98
Trd, 4318088.193, 86
Trd, 4318089.493, 77
Trd, 4318092.043, 104
Trd, 4318093.243, 93
Trd, 4318094.343, 96
Trd, 4318095.393, 94
Trd, 4318096.143, 92
Trd, 4318097.143, 94
Trd, 4318098.443, 92
Trd, 4318099.443, 79
Trd, 4318101.443, 95
Trd, 4318101.893, 80
Trd, 4318102.143, 81
Trd, 4318105.793, 89
Trd, 4318106.143, 89
Trd, 4318106.393, 89
Trd, 4318108.893, 92
Trd, 4318109.243, 96
Trd, 4318109.943, 93
Trd, 4318111.293, 92
Trd, 4318111.743, 92
Trd, 4318113.443, 94
Trd, 4318115.043, 75
Trd, 4318115.343, 90
Trd, 4318119.393, 87
Trd, 4318120.093, 87
Trd, 4318122.543, 94
Trd, 4318123.543, 89
Trd, 4318124.243, 89
Trd, 4318125.593, 95
Trd, 4318126.443, 88
Trd, 4318128.043, 95
Trd, 4318129.243, 92
Trd, 4318131.843, 95
Trd, 4318132.793, 91
Trd, 4318134.093, 91
Trd, 4318134.343, 93
Trd, 4318134.843, 92
Trd, 4318137.093, 88
Trd, 4318137.643, 93
Trd, 4318139.143, 88
Trd, 4318139.793, 90
Trd, 4318140.443, 90
Trd, 4318141.043, 89
Trd, 4318142.493, 104
Trd, 4318143.643, 91
Trd, 4318145.993, 91
Trd, 4318147.393, 87
Trd, 4318147.943, 88
Trd, 4318148.693, 79
Trd, 4318149.843, 96
Trd, 4318150.393, 93
Trd, 4318150.543, 87
Trd, 4318153.243, 91
Trd, 4318156.243, 96
Trd, 4318157.043, 99
Trd, 4318157.543, 113
Trd, 4318159.093, 105
Trd, 4318159.993, 104
Trd, 4318161.543, 113
Trd, 4318162.143, 105
Trd, 4318163.043, 102
Trd, 4318163.843, 102
Trd, 4318164.743, 84
Trd, 4318167.443, 96
Trd, 4318167.543, 95
Trd, 4318168.143, 83
Trd, 4318168.793, 80
Trd, 4318169.193, 93
Trd, 4318169.893, 107
Trd, 4318172.393, 112
Trd, 4318173.143, 102
Trd, 4318174.143, 103
Trd, 4318174.343, 96
Trd, 4318175.593, 98
Trd, 4318176.793, 85
Trd, 4318178.293, 78
Trd, 4318179.043, 82
Trd, 4318180.693, 96
Trd, 4318181.143, 90
Trd, 4318182.793, 90
Trd, 4318184.693, 90
Trd, 4318186.093, 90
Trd, 4318186.493, 104
Trd, 4318188.593, 89
Trd, 4318189.443, 88
Trd, 4318190.843, 87
Trd, 4318193.343, 86
Trd, 4318194.143, 90
Trd, 4318195.993, 87
Trd, 4318196.593, 88
Trd, 4318198.243, 88
Trd, 4318199.443, 91
Trd, 4318199.643, 88
Trd, 4318200.493, 95
Trd, 4318201.393, 87
Trd, 4318203.293, 87
Trd, 4318203.493, 92
Trd, 4318207.093, 85
Trd, 4318208.693, 85
Trd, 4318209.043, 86
Trd, 4318210.043, 94
Trd, 4318211.343, 95
Trd, 4318214.093, 98
Trd, 4318215.093, 100
Trd, 4318215.143, 113
Trd, 4318215.793, 100
Trd, 4318215.943, 85
Trd, 4318216.293, 89
Trd, 4318217.293, 76
Trd, 4318219.943, 91
Trd, 4318221.443, 96
Trd, 4318222.093, 92
Trd, 4318223.293, 90
Trd, 4318223.593, 91
Trd, 4318224.643, 95
Trd, 4318228.193, 97
Trd, 4318229.443, 99
Trd, 4318230.293, 77
Trd, 4318230.893, 97
Trd, 4318231.843, 93
Trd, 4318232.693, 96
Trd, 4318234.493, 95
Trd, 4318236.193, 93
Trd, 4318236.893, 94
Trd, 4318240.193, 107
Trd, 4318240.793, 93
Trd, 4318241.343, 94
Trd, 4318242.693, 100
Trd, 4318244.343, 101
Trd, 4318244.993, 99
Trd, 4318246.193, 101
Trd, 4318247.043, 103
Trd, 4318247.643, 99
Trd, 4318248.393, 95
Trd, 4318250.193, 96
Trd, 4318253.093, 98
Trd, 4318253.593, 85
Trd, 4318256.093, 96
Trd, 4318256.343, 96
Trd, 4318256.543, 103
Trd, 4318257.293, 96
Trd, 4318257.993, 77
Trd, 4318261.193, 103
Trd, 4318262.343, 95
Trd, 4318264.343, 95
Trd, 4318264.443, 94
Trd, 4318265.043, 102
Trd, 4318265.093, 85
Trd, 4318268.243, 100
Trd, 4318268.293, 96
Trd, 4318269.193, 96
Trd, 4318272.393, 99
Trd, 4318273.143, 99
Trd, 4318273.393, 106
Trd, 4318274.843, 97
Trd, 4318275.893, 96
Trd, 4318277.893, 99
Trd, 4318278.443, 96
Trd, 4318280.093, 96
Trd, 4318280.793, 88
Trd, 4318282.143, 103
Trd, 4318282.993, 95
Trd, 4318283.593, 103
Trd, 4318283.893, 94
Trd, 4318284.243, 95
Trd, 4318288.043, 104
Trd, 4318289.193, 96
Trd, 4318290.793, 100
Trd, 4318292.393, 100
Trd, 4318292.643, 99
Trd, 4318293.043, 105
Trd, 4318296.543, 101
Trd, 4318297.343, 102
Trd, 4318297.993, 104
Trd, 4318300.943, 103
Trd, 4318301.743, 103
Trd, 4318303.043, 102
Trd, 4318303.993, 85
Trd, 4318305.043, 95
Trd, 4318306.043, 84
Trd, 4318309.343, 93
Trd, 4318309.543, 91
Trd, 4318310.493, 104
Trd, 4318311.943, 90
Trd, 4318312.643, 99
Trd, 4318314.443, 96
Trd, 4318315.643, 98
Trd, 4318317.043, 99
Trd, 4318317.093, 97
Trd, 4318318.243, 95
Trd, 4318321.993, 97
Trd, 4318322.493, 95
Trd, 4318323.343, 95
Trd, 4318324.443, 94
Trd, 4318325.543, 93
Trd, 4318326.793, 85
Trd, 4318328.043, 95
Trd, 4318330.293, 89
Trd, 4318331.893, 89
Trd, 4318332.993, 95
Trd, 4318333.193, 89
Trd, 4318334.943, 95
Trd, 4318335.143, 95
Trd, 4318335.793, 89
Trd, 4318336.843, 87
Trd, 4318336.943, 87
Trd, 4318338.643, 90
Trd, 4318340.243, 92
Trd, 4318341.793, 91
Trd, 4318342.043, 95
Trd, 4318343.493, 90
Trd, 4318344.593, 113
Trd, 4318344.843, 100
Trd, 4318346.043, 102
Trd, 4318346.543, 100
Trd, 4318350.043, 103
Trd, 4318350.443, 100
Trd, 4318352.443, 101
Trd, 4318352.543, 103
Trd, 4318352.693, 99
Trd, 4318355.243, 103
Trd, 4318356.443, 101
Trd, 4318357.293, 100
Trd, 4318357.893, 101
Trd, 4318358.343, 85
Trd, 4318359.143, 97
Trd, 4318360.143, 112
Trd, 4318362.043, 98
Trd, 4318362.943, 102
Trd, 4318363.643, 99
Trd, 4318365.893, 84
Trd, 4318366.143, 77
Trd, 4318367.243, 91
Trd, 4318367.443, 95
Trd, 4318371.593, 94
Trd, 4318372.443, 94
Trd, 4318372.743, 96
Trd, 4318372.993, 94
Trd, 4318373.643, 93
Trd, 4318375.193, 106
Trd, 4318376.993, 98
Trd, 4318377.793, 95
Trd, 4318379.143, 98
Trd, 4318381.993, 98
Trd, 4318382.543, 96
Trd, 4318383.193, 96
Trd, 4318385.443, 97
Trd, 4318385.893, 95
Trd, 4318386.293, 87
Trd, 4318387.643, 93
Trd, 4318388.343, 98
Trd, 4318389.993, 99
Trd, 4318391.993, 101
Trd, 4318393.093, 101
Trd, 4318394.343, 102
Trd, 4318395.493, 85
Trd, 4318398.343, 97
Trd, 4318398.943, 96
Trd, 4318399.143, 96
Trd, 4318400.293, 95
Trd, 4318402.893, 100
Trd, 4318403.493, 95
Trd, 4318404.293, 94
Trd, 4318406.493, 100
Trd, 4318406.943, 96
Trd, 4318408.143, 100
Trd, 4318408.543, 100
Trd, 4318409.643, 100
Trd, 4318410.293, 99
Trd, 4318410.943, 108
Trd, 4318411.243, 94
Trd, 4318413.043, 97
Trd, 4318414.993, 97
Trd, 4318416.293, 95
Trd, 4318417.843, 104
Trd, 4318417.893, 97
Trd, 4318419.443, 96
Trd, 4318419.643, 96
Trd, 4318420.893, 101
Trd, 4318421.193, 95
Trd, 4318421.643, 83
Trd, 4318424.943, 100
Trd, 4318426.343, 92
Trd, 4318427.343, 93
Trd, 4318429.493, 97
Trd, 4318430.593, 102
Trd, 4318430.843, 101
Trd, 4318432.193, 102
Trd, 4318433.643, 101
Trd, 4318435.243, 100
Trd, 4318436.493, 102
Trd, 4318437.793, 86
Trd, 4318439.243, 102
Trd, 4318440.143, 101
Trd, 4318440.343, 101
Trd, 4318443.493, 90
Trd, 4318444.243, 90
Trd, 4318444.943, 93
Trd, 4318445.043, 92
Trd, 4318446.043, 75
Trd, 4318448.443, 90
Trd, 4318449.893, 95
Trd, 4318450.393, 110
Trd, 4318451.843, 108
Trd, 4318452.543, 101
Trd, 4318453.793, 99
Trd, 4318454.893, 102
Trd, 4318455.243, 91
Trd, 4318456.093, 84
Trd, 4318456.243, 104
Trd, 4318456.443, 77
Trd, 4318460.243, 101
Trd, 4318460.643, 98
Trd, 4318460.843, 96
Trd, 4318464.743, 102
Trd, 4318465.043, 100
Trd, 4318465.793, 99
Trd, 4318466.143, 102
Trd, 4318466.893, 98
Trd, 4318471.093, 98
Trd, 4318471.243, 97
Trd, 4318471.993, 103
Trd, 4318473.743, 99
Trd, 4318474.643, 99
Trd, 4318476.743, 99
Trd, 4318478.143, 98
Trd, 4318480.293, 100
Trd, 4318480.793, 102
Trd, 4318482.343, 100
Trd, 4318482.793, 101
Trd, 4318485.543, 85
Trd, 4318485.693, 79
Trd, 4318485.743, 89
Trd, 4318486.043, 103
Trd, 4318488.043, 93
Trd, 4318488.593, 92
Trd, 4318490.893, 96
Trd, 4318491.693, 92
Trd, 4318491.843, 96
Trd, 4318492.743, 91
Trd, 4318493.343, 90
Trd, 4318495.643, 90
Trd, 4318496.693, 90
Trd, 4318498.093, 92
Trd, 4318498.593, 95
Trd, 4318499.893, 98
Trd, 4318500.493, 92
Trd, 4318501.893, 85
Trd, 4318502.843, 87
Trd, 4318504.043, 87
Trd, 4318505.393, 89
Trd, 4318507.243, 113
Trd, 4318508.543, 103
Trd, 4318508.843, 102
Trd, 4318510.193, 102
Trd, 4318510.493, 101
Trd, 4318511.093, 107
Trd, 4318512.643, 102
Trd, 4318514.393, 106
Trd, 4318514.843, 108
Trd, 4318515.593, 108
Trd, 4318516.493, 107
Trd, 4318519.593, 107
Trd, 4318520.143, 110
Trd, 4318520.343, 106
Trd, 4318521.193, 104
Trd, 4318521.643, 103
Trd, 4318523.643, 113
Trd, 4318524.293, 111
Trd, 4318524.493, 102
Trd, 4318525.993, 85
Trd, 4318526.893, 101
Trd, 4318528.443, 101
Trd, 4318529.743, 101
Trd, 4318530.393, 102
Trd, 4318531.643, 100
Trd, 4318532.143, 84
Trd, 4318533.043, 104
Trd, 4318535.543, 97
Trd, 4318536.293, 97
Trd, 4318537.043, 96
Trd, 4318538.493, 74
Trd, 4318538.543, 97
Trd, 4318540.843, 87
Trd, 4318542.493, 93
Trd, 4318542.893, 95
Trd, 4318543.743, 93
Trd, 4318544.543, 95
Trd, 4318545.093, 95
Trd, 4318545.743, 93
Trd, 4318547.243, 77
Trd, 4318549.893, 112
Trd, 4318551.443, 112
Trd, 4318551.993, 113
Trd, 4318552.243, 112
Trd, 4318552.643, 112
Trd, 4318553.043, 111
Trd, 4318555.093, 82
Trd, 4318555.543, 96
Trd, 4318557.493, 86
Trd, 4318557.993, 87
Trd, 4318558.043, 84
Trd, 4318559.793, 96
Trd, 4318560.593, 93
Trd, 4318561.443, 94
Trd, 4318562.543, 102
Trd, 4318562.743, 101
Trd, 4318563.693, 101
Trd, 4318566.293, 100
Trd, 4318566.493, 101
Trd, 4318568.393, 101
Trd, 4318569.793, 100
Trd, 4318571.343, 99
Trd, 4318572.743, 95
Trd, 4318572.843, 102
Trd, 4318573.693, 105
Trd, 4318575.943, 99
Trd, 4318576.943, 98
Trd, 4318578.343, 97
Trd, 4318579.093, 98
Trd, 4318579.543, 98
Trd, 4318579.593, 97
Trd, 4318580.443, 96
Trd, 4318581.343, 94
Trd, 4318584.043, 94
Trd, 4318584.193, 94
Trd, 4318586.193, 93
Trd, 4318586.293, 104
Trd, 4318589.193, 92
Trd, 4318591.993, 83
Trd, 4318592.493, 89
Trd, 4318593.193, 87
Trd, 4318593.493, 101
Trd, 4318595.693, 88
Trd, 4318597.293, 97
Trd, 4318598.493, 96
Trd, 4318598.793, 97
Trd, 4318599.293, 95
Trd, 4318601.043, 95
Trd, 4318602.643, 93
Trd, 4318603.343, 95
Trd, 4318605.693, 93
Trd, 4318606.793, 95
Trd, 4318606.843, 93
Trd, 4318607.343, 112
Trd, 4318610.243, 103
Trd, 4318612.493, 104
Trd, 4318612.643, 103
Trd, 4318612.893, 101
Trd, 4318613.693, 104
Trd, 4318616.293, 100
Trd, 4318616.993, 102
Trd, 4318617.843, 100
Trd, 4318619.443, 100
Trd, 4318620.093, 86
Trd, 4318620.243, 84
Trd, 4318622.143, 101
Trd, 4318623.843, 96
Trd, 4318627.543, 96
Trd, 4318627.593, 104
Trd, 4318628.293, 95
Trd, 4318629.293, 94
Trd, 4318630.993, 94
Trd, 4318631.843, 95
Trd, 4318634.343, 99
Trd, 4318634.743, 101
Trd, 4318635.193, 98
Trd, 4318635.743, 96
Trd, 4318636.843, 96
Trd, 4318637.093, 95
Trd, 4318641.243, 99
Trd, 4318641.443, 99
Trd, 4318642.643, 100
Trd, 4318643.193, 101
Trd, 4318644.743, 101
Trd, 4318644.993, 100
Trd, 4318646.093, 98
Trd, 4318646.893, 99
Trd, 4318647.493, 98
Trd, 4318650.343, 83
Trd, 4318652.443, 93
Trd, 4318653.493, 95
Trd, 4318653.743, 98
Trd, 4318654.343, 77
Trd, 4318657.293, 95
Trd, 4318658.593, 94
Trd, 4318659.043, 98
Trd, 4318660.043, 87
Trd, 4318661.793, 90
Trd, 4318661.843, 90
Trd, 4318662.443, 87
Trd, 4318664.393, 105
Trd, 4318664.593, 88
Trd, 4318665.893, 95
Trd, 4318667.043, 86
Trd, 4318668.293, 94
Trd, 4318668.593, 93
Trd, 4318671.443, 84
Trd, 4318671.543, 62
Trd, 4318673.843, 90
Trd, 4318674.843, 95
Trd, 4318675.693, 95
Trd, 4318676.793, 96
Trd, 4318677.093, 95
Trd, 4318677.193, 105
Trd, 4318678.643, 88
Trd, 4318680.793, 87
Trd, 4318682.393, 93
Trd, 4318684.243, 92
Trd, 4318684.443, 92
Trd, 4318684.693, 101
Trd, 4318685.293, 81
Trd, 4318686.643, 87
Trd, 4318688.493, 88
Trd, 4318689.193, 113
Trd, 4318690.643, 101
Trd, 4318691.143, 102
Trd, 4318692.743, 84
Trd, 4318693.793, 91
Trd, 4318694.343, 97
Trd, 4318695.343, 85
Trd, 4318695.793, 93
Trd, 4318697.693, 107
Trd, 4318699.843, 100
Trd, 4318699.943, 101
Trd, 4318701.793, 101
Trd, 4318703.343, 99
Trd, 4318705.143, 102
Trd, 4318705.293, 100
Trd, 4318706.293, 85
Trd, 4318707.093, 78
Trd, 4318707.543, 81
Trd, 4318708.493, 86
Trd, 4318710.493, 87
Trd, 4318710.543, 82
Trd, 4318711.793, 81
Trd, 4318714.293, 96
Trd, 4318716.443, 87
Trd, 4318717.093, 87
Trd, 4318717.443, 87
Trd, 4318717.793, 87
Trd, 4318718.843, 96
Trd, 4318719.893, 86
Trd, 4318720.393, 86
Trd, 4318723.493, 88
Trd, 4318724.593, 89
Trd, 4318725.243, 88
Trd, 4318726.593, 95
Trd, 4318727.093, 89
Trd, 4318729.293, 89
Trd, 4318731.643, 89
Trd, 4318732.443, 88
Trd, 4318735.943, 89
Trd, 4318736.243, 89
Trd, 4318736.793, 88
Trd, 4318737.243, 88
Trd, 4318738.343, 88
Trd, 4318741.143, 95
Trd, 4318742.243, 91
Trd, 4318743.493, 94
Trd, 4318745.393, 94
Trd, 4318745.543, 95
Trd, 4318746.243, 104
Trd, 4318746.893, 93
Trd, 4318749.093, 95
Trd, 4318750.693, 97
Trd, 4318752.043, 101
Trd, 4318752.293, 97
Trd, 4318753.093, 96
Trd, 4318753.793, 96
Trd, 4318755.993, 99
Trd, 4318756.643, 86
Trd, 4318756.943, 85
Trd, 4318758.493, 104
Trd, 4318759.493, 88
Trd, 4318759.543, 89
Trd, 4318760.993, 92
Trd, 4318762.043, 88
Trd, 4318762.493, 88
Trd, 4318767.943, 96
Trd, 4318768.643, 92
Trd, 4318769.743, 92
Trd, 4318770.643, 95
Trd, 4318771.543, 91
Trd, 4318772.193, 91
Trd, 4318773.343, 102
Trd, 4318775.393, 102
Trd, 4318776.643, 108
Trd, 4318777.443, 107
Trd, 4318778.493, 102
Trd, 4318778.993, 83
Trd, 4318779.693, 77
Trd, 4318781.093, 104
Trd, 4318783.143, 96
Trd, 4318786.293, 95
Trd, 4318788.243, 96
Trd, 4318788.343, 95
Trd, 4318788.493, 95
Trd, 4318790.143, 113
Trd, 4318791.843, 87
Trd, 4318792.893, 100
Trd, 4318794.043, 103
Trd, 4318795.693, 102
Trd, 4318795.943, 85
Trd, 4318796.343, 78
Trd, 4318801.043, 103
Trd, 4318801.293, 101
Trd, 4318801.493, 100
Trd, 4318802.643, 99
Trd, 4318806.143, 101
Trd, 4318807.143, 99
Trd, 4318807.193, 99
Trd, 4318808.943, 102
Trd, 4318808.993, 98
Trd, 4318811.543, 100
Trd, 4318811.993, 99
Trd, 4318813.843, 100
Trd, 4318813.943, 99
Trd, 4318814.643, 98
Trd, 4318816.943, 79
Trd, 4318817.793, 92
Trd, 4318818.193, 99
Trd, 4318819.493, 100
Trd, 4318820.643, 91
Trd, 4318821.743, 92
Trd, 4318823.243, 93
Trd, 4318823.743, 94
Trd, 4318824.493, 102
Trd, 4318828.393, 99
Trd, 4318830.093, 99
Trd, 4318830.743, 98
Trd, 4318831.593, 99
Trd, 4318832.493, 99
Trd, 4318832.993, 100
Trd, 4318833.093, 98
Trd, 4318833.343, 104
Trd, 4318834.693, 102
Trd, 4318834.743, 85
Trd, 4318837.143, 97
Trd, 4318839.193, 98
Trd, 4318839.793, 101
Trd, 4318840.293, 98
Trd, 4318841.593, 85
Trd, 4318843.093, 93
Trd, 4318845.093, 93
Trd, 4318845.893, 93
Trd, 4318847.093, 96
Trd, 4318849.293, 92
Trd, 4318849.543, 92
Trd, 4318852.543, 100
Trd, 4318852.993, 99
Trd, 4318853.593, 96
Trd, 4318854.043, 113
Trd, 4318855.843, 102
Trd, 4318856.893, 108
Trd, 4318856.943, 103
Trd, 4318857.243, 84
Trd, 4318861.743, 99
Trd, 4318862.293, 99
Trd, 4318862.893, 103
Trd, 4318863.693, 98
Trd, 4318865.593, 98
Trd, 4318867.143, 100
Trd, 4318868.193, 100
Trd, 4318868.893, 102
Trd, 4318871.293, 98
Trd, 4318872.043, 89
Trd, 4318873.393, 83
Trd, 4318874.293, 89
Trd, 4318874.593, 95
Trd, 4318875.893, 95
Trd, 4318877.043, 89
Trd, 4318878.493, 88
Trd, 4318878.593, 87
Trd, 4318879.343, 98
Trd, 4318881.643, 112
Trd, 4318881.743, 100
Trd, 4318882.943, 99
Trd, 4318884.493, 100
Trd, 4318886.093, 100
Trd, 4318886.743, 99
Trd, 4318890.143, 99
Trd, 4318890.643, 102
Trd, 4318891.543, 101
Trd, 4318892.393, 99
Trd, 4318892.693, 99
Trd, 4318894.893, 100
Trd, 4318895.043, 105
Trd, 4318897.293, 99
Trd, 4318897.943, 98
Trd, 4318898.693, 98
Trd, 4318898.743, 104
Trd, 4318899.943, 81
Trd, 4318902.743, 99
Trd, 4318903.343, 97
Trd, 4318903.543, 96
Trd, 4318906.093, 96
Trd, 4318906.693, 95
Trd, 4318908.443, 99
Trd, 4318908.493, 93
Trd, 4318911.093, 94
Trd, 4318911.293, 100
Trd, 4318913.993, 95
Trd, 4318914.043, 94
Trd, 4318916.343, 98
Trd, 4318916.493, 94
Trd, 4318917.343, 95
Trd, 4318919.643, 89
Trd, 4318919.843, 92
Trd, 4318920.193, 92
Trd, 4318923.543, 92
Trd, 4318924.643, 94
Trd, 4318925.343, 99
Trd, 4318926.743, 112
Trd, 4318927.343, 106
Trd, 4318928.743, 105
Trd, 4318928.893, 104
Trd, 4318929.993, 85
Trd, 4318930.093, 77
Trd, 4318933.043, 96
Trd, 4318933.143, 104
Trd, 4318934.743, 99
Trd, 4318935.693, 101
Trd, 4318936.643, 98
Trd, 4318937.393, 96
Trd, 4318938.093, 101
Trd, 4318940.593, 97
Trd, 4318942.743, 99
Trd, 4318944.093, 97
Trd, 4318945.593, 101
Trd, 4318946.193, 96
Trd, 4318946.943, 96
Trd, 4318947.593, 96
Trd, 4318948.043, 95
Trd, 4318951.443, 102
Trd, 4318953.193, 95
Trd, 4318953.643, 95
Trd, 4318955.393, 95
Trd, 4318956.343, 94
Trd, 4318956.593, 98
Trd, 4318958.993, 102
Trd, 4318959.143, 95
Trd, 4318959.643, 88
Trd, 4318961.243, 94
Trd, 4318962.243, 100
Trd, 4318963.843, 95
Trd, 4318965.993, 96
Trd, 4318966.993, 96
Trd, 4318968.043, 97
Trd, 4318968.193, 96
Trd, 4318969.343, 79
Trd, 4318971.643, 92
Trd, 4318972.093, 90
Trd, 4318976.493, 94
Trd, 4318979.243, 97
Trd, 4318979.343, 93
Trd, 4318979.393, 92
Trd, 4318980.543, 92
Trd, 4318982.093, 113
Trd, 4318982.543, 98
Trd, 4318985.043, 97
Trd, 4318985.243, 85
Trd, 4318985.893, 86
Trd, 4318987.093, 92
Trd, 4318988.193, 90
Trd, 4318989.343, 91
Trd, 4318990.093, 90
Trd, 4318991.843, 104
Trd, 4318993.643, 100
Trd, 4318994.343, 90
Trd, 4318996.443, 91
Trd, 4318996.993, 90
Trd, 4318998.843, 89
Trd, 4319000.493, 98
Trd, 4319001.493, 89
Trd, 4319002.443, 98
Trd, 4319003.243, 89
Trd, 4319005.093, 87
Trd, 4319007.893, 94
Trd, 4319009.243, 93
Trd, 4319009.343, 92
Trd, 4319012.293, 91
Trd, 4319012.593, 90
Trd, 4319013.393, 95
Trd, 4319015.643, 93
Trd, 4319019.443, 93
Trd, 4319019.593, 96
Trd, 4319021.743, 92
Trd, 4319022.543, 97
Trd, 4319023.193, 92
Trd, 4319025.193, 92
Trd, 4319027.293, 92
Trd, 4319027.643, 92
Trd, 4319028.143, 97
Trd, 4319029.143, 91
Trd, 4319029.993, 85
Trd, 4319031.043, 89
Trd, 4319032.743, 90
Trd, 4319034.393, 91
Trd, 4319035.293, 90
Trd, 4319037.343, 108
Trd, 4319038.743, 101
Trd, 4319039.093, 89
Trd, 4319040.543, 95
Trd, 4319040.943, 89
Trd, 4319043.843, 93
Trd, 4319045.993, 101
Trd, 4319046.543, 95
Trd, 4319047.193, 94
Trd, 4319047.493, 99
Trd, 4319048.443, 94
Trd, 4319049.693, 95
Trd, 4319055.093, 96
Trd, 4319055.143, 95
Trd, 4319057.643, 96
Trd, 4319058.693, 98
Trd, 4319058.943, 95
Trd, 4319061.093, 86
Trd, 4319063.343, 91
Trd, 4319063.593, 89
Trd, 4319064.693, 95
Trd, 4319065.543, 93
Trd, 4319065.843, 93
Trd, 4319065.993, 93
Trd, 4319068.493, 102
Trd, 4319069.993, 102
Trd, 4319071.143, 101
Trd, 4319071.843, 104
Trd, 4319071.943, 100
Trd, 4319072.343, 100
Trd, 4319073.643, 100
Trd, 4319076.193, 102
Trd, 4319076.543, 103
Trd, 4319077.393, 89
Trd, 4319082.093, 98
Trd, 4319082.543, 98
Trd, 4319082.893, 96
Trd, 4319084.843, 98
Trd, 4319084.943, 99
Trd, 4319086.993, 96
Trd, 4319090.393, 98
Trd, 4319091.143, 97
Trd, 4319091.293, 96
Trd, 4319093.393, 95
Trd, 4319095.193, 95
Trd, 4319095.293, 97
Trd, 4319098.043, 95
Trd, 4319099.993, 94
Trd, 4319102.493, 94
Trd, 4319103.143, 95
Trd, 4319104.193, 94
Trd, 4319104.843, 93
Trd, 4319106.793, 91
Trd, 4319108.893, 96
Trd, 4319109.293, 98
Trd, 4319110.693, 99
Trd, 4319112.293, 111
Trd, 4319112.793, 98
Trd, 4319113.943, 99
Trd, 4319117.543, 88
Trd, 4319118.143, 90
Trd, 4319119.093, 94
Trd, 4319119.343, 86
Trd, 4319119.893, 90
Trd, 4319121.893, 98
Trd, 4319122.843, 92
Trd, 4319123.193, 96
Trd, 4319124.993, 96
Trd, 4319126.243, 95
Trd, 4319127.543, 95
Trd, 4319127.793, 97
Trd, 4319127.893, 96
Trd, 4319130.043, 86
Trd, 4319133.293, 94
Trd, 4319133.743, 94
Trd, 4319135.043, 97
Trd, 4319135.293, 97
Trd, 4319135.793, 85
Trd, 4319138.643, 95
Trd, 4319139.843, 95
Trd, 4319141.693, 97
Trd, 4319142.893, 95
Trd, 4319144.143, 94
Trd, 4319144.193, 97
Trd, 4319146.243, 94
Trd, 4319146.493, 93
Trd, 4319148.093, 92
Trd, 4319148.743, 96
Trd, 4319149.243, 90
Trd, 4319151.643, 95
Trd, 4319153.193, 94
Trd, 4319154.193, 94
Trd, 4319154.493, 93
Trd, 4319156.693, 95
Trd, 4319157.943, 99
Trd, 4319158.343, 100
Trd, 4319159.893, 113
Trd, 4319159.993, 99
Trd, 4319162.993, 103
Trd, 4319163.143, 106
Trd, 4319163.343, 100
Trd, 4319164.393, 87
Trd, 4319164.543, 83
Trd, 4319165.793, 95
Trd, 4319166.743, 98
Trd, 4319169.243, 97
Trd, 4319169.493, 94
Trd, 4319170.943, 105
Trd, 4319171.693, 92
Trd, 4319173.043, 88
Trd, 4319174.193, 94
Trd, 4319175.293, 94
Trd, 4319176.143, 86
Trd, 4319178.093, 91
Trd, 4319179.593, 90
Trd, 4319180.643, 93
Trd, 4319181.293, 88
Trd, 4319181.393, 76
Trd, 4319182.443, 95
Trd, 4319185.493, 96
Trd, 4319186.393, 98
Trd, 4319188.493, 102
Trd, 4319189.543, 101
Trd, 4319189.893, 101
Trd, 4319190.293, 100
Trd, 4319191.693, 110
Trd, 4319192.743, 105
Trd, 4319193.343, 108
Trd, 4319193.843, 106
Trd, 4319196.143, 98
Trd, 4319196.693, 102
Trd, 4319197.193, 111
Trd, 4319198.043, 80
Trd, 4319200.143, 92
Trd, 4319201.343, 92
Trd, 4319202.093, 88
Trd, 4319202.743, 90
Trd, 4319203.043, 77
Trd, 4319204.743, 113
Trd, 4319205.093, 102
Trd, 4319205.743, 101
Trd, 4319206.293, 102
Trd, 4319207.443, 101
Trd, 4319208.793, 80
Trd, 4319209.393, 104
Trd, 4319212.193, 94
Trd, 4319212.943, 93
Trd, 4319213.343, 104
Trd, 4319215.443, 96
Trd, 4319216.893, 98
Trd, 4319217.793, 104
Trd, 4319218.943, 97
Trd, 4319220.243, 97
Trd, 4319222.793, 98
Trd, 4319223.843, 101
Trd, 4319225.843, 97
Trd, 4319226.093, 97
Trd, 4319227.193, 96
Trd, 4319227.993, 95
Trd, 4319228.443, 94
Trd, 4319228.993, 101
Trd, 4319232.043, 94
Trd, 4319232.443, 93
Trd, 4319235.493, 100
Trd, 4319237.343, 97
Trd, 4319237.643, 100
Trd, 4319238.443, 96
Trd, 4319240.393, 95
Trd, 4319242.993, 97
Trd, 4319243.843, 96
Trd, 4319245.693, 100
Trd, 4319245.793, 95
Trd, 4319247.743, 100
Trd, 4319249.093, 97
Trd, 4319249.793, 97
Trd, 4319250.243, 96
Trd, 4319251.093, 94
Trd, 4319252.243, 92
Trd, 4319253.243, 76
Trd, 4319253.693, 95
Trd, 4319255.893, 83
Trd, 4319257.393, 90
Trd, 4319259.643, 89
Trd, 4319260.743, 91
Trd, 4319261.243, 90
Trd, 4319262.443, 95
Trd, 4319262.643, 89
Trd, 4319264.443, 97
Trd, 4319265.843, 100
Trd, 4319265.993, 100
Trd, 4319266.243, 99
Trd, 4319266.943, 97
Trd, 4319267.843, 87
Trd, 4319268.693, 113
Trd, 4319270.743, 112
Trd, 4319270.793, 85
Trd, 4319273.893, 102
Trd, 4319275.343, 102
Trd, 4319275.393, 101
Trd, 4319275.993, 101
Trd, 4319276.493, 105
Trd, 4319278.343, 102
Trd, 4319278.843, 104
Trd, 4319279.593, 103
Trd, 4319281.693, 102
Trd, 4319283.143, 90
Trd, 4319283.693, 86
Trd, 4319283.893, 104
Trd, 4319287.093, 94
Trd, 4319290.943, 95
Trd, 4319291.543, 98
Trd, 4319291.843, 95
Trd, 4319294.343, 97
Trd, 4319295.393, 98
Trd, 4319295.693, 95
Trd, 4319297.643, 96
Trd, 4319298.393, 95
Trd, 4319299.243, 85
Trd, 4319300.843, 92
Trd, 4319302.043, 92
Trd, 4319302.493, 92
Trd, 4319304.543, 92
Trd, 4319305.093, 93
Trd, 4319306.843, 98
Trd, 4319307.693, 92
Trd, 4319308.693, 99
Trd, 4319308.943, 101
Trd, 4319309.593, 88
Trd, 4319311.193, 86
Trd, 4319311.893, 95
Trd, 4319313.493, 93
Trd, 4319314.493, 111
Trd, 4319315.143, 89
Trd, 4319316.743, 92
Trd, 4319320.043, 100
Trd, 4319320.193, 103
Trd, 4319321.393, 99
Trd, 4319322.843, 103
Trd, 4319323.643, 99
Trd, 4319324.843, 101
Trd, 4319324.893, 98
Trd, 4319325.743, 99
Trd, 4319326.943, 87
Trd, 4319328.793, 93
Trd, 4319328.893, 101
Trd, 4319330.193, 94
Trd, 4319333.443, 93
Trd, 4319334.093, 94
Trd, 4319337.843, 95
Trd, 4319338.093, 95
Trd, 4319338.393, 92
Trd, 4319338.593, 94
Trd, 4319339.093, 85
Trd, 4319340.393, 91
Trd, 4319341.493, 96
Trd, 4319343.993, 96
Trd, 4319344.193, 94
Trd, 4319346.293, 93
Trd, 4319347.293, 92
Trd, 4319347.343, 92
Trd, 4319349.993, 95
Trd, 4319350.793, 92
Trd, 4319351.343, 92
Trd, 4319351.793, 105
Trd, 4319352.543, 86
Trd, 4319353.243, 98
Trd, 4319355.193, 98
Trd, 4319356.993, 93
Trd, 4319357.093, 85
Trd, 4319358.843, 91
Trd, 4319360.043, 94
Trd, 4319361.243, 94
Trd, 4319361.843, 104
Trd, 4319361.993, 92
Trd, 4319363.093, 95
Trd, 4319364.343, 95
Trd, 4319364.643, 101
Trd, 4319365.843, 96
Trd, 4319369.093, 100
Trd, 4319369.193, 99
Trd, 4319370.043, 113
Trd, 4319370.893, 98
Trd, 4319371.743, 97
Trd, 4319374.443, 100
Trd, 4319376.343, 113
Trd, 4319376.443, 111
Trd, 4319378.293, 78
Trd, 4319378.593, 90
Trd, 4319378.743, 79
Trd, 4319380.193, 84
Trd, 4319382.193, 86
Trd, 4319383.693, 87
Trd, 4319384.793, 86
Trd, 4319386.343, 92
Trd, 4319387.493, 99
Trd, 4319387.643, 93
Trd, 4319389.743, 96
Trd, 4319390.993, 96
Trd, 4319392.143, 95
Trd, 4319392.743, 94
Trd, 4319394.143, 96
Trd, 4319395.043, 94
Trd, 4319397.293, 97
Trd, 4319397.993, 96
Trd, 4319399.643, 96
Trd, 4319399.893, 96
Trd, 4319400.793, 98
Trd, 4319401.243, 95
Trd, 4319403.543, 95
Trd, 4319405.193, 95
Trd, 4319406.693, 94
Trd, 4319406.743, 98
Trd, 4319409.743, 94
Trd, 4319410.043, 94
Trd, 4319410.593, 93
Trd, 4319412.443, 98
Trd, 4319414.293, 96
Trd, 4319415.893, 96
Trd, 4319418.343, 97
Trd, 4319418.843, 96
Trd, 4319419.193, 97
Trd, 4319421.793, 95
Trd, 4319422.943, 97
Trd, 4319423.343, 95
Trd, 4319423.493, 93
Trd, 4319423.743, 98
Trd, 4319424.793, 94
Trd, 4319427.643, 98
Trd, 4319428.243, 95
Trd, 4319428.343, 95
Trd, 4319429.693, 99
Trd, 4319431.443, 95
Trd, 4319432.243, 95
Trd, 4319432.393, 85
Trd, 4319434.393, 92
Trd, 4319437.343, 98
Trd, 4319437.793, 95
Trd, 4319438.343, 94
Trd, 4319439.193, 95
Trd, 4319444.043, 96
Trd, 4319444.243, 96
Trd, 4319445.043, 95
Trd, 4319445.643, 95
Trd, 4319446.043, 87
Trd, 4319446.843, 92
Trd, 4319448.943, 95
Trd, 4319449.193, 92
Trd, 4319451.143, 88
Trd, 4319451.743, 85
Trd, 4319453.393, 88
Trd, 4319454.893, 90
Trd, 4319455.543, 95
Trd, 4319455.643, 89
Trd, 4319457.343, 87
Trd, 4319460.493, 93
Trd, 4319460.643, 90
Trd, 4319462.093, 92
Trd, 4319465.493, 90
Trd, 4319465.893, 90
Trd, 4319466.043, 77
Trd, 4319468.843, 89
Trd, 4319470.643, 95
Trd, 4319471.993, 92
Trd, 4319473.893, 94
Trd, 4319474.393, 93
Trd, 4319476.043, 95
Trd, 4319477.343, 92
Trd, 4319478.343, 91
Trd, 4319478.543, 96
Trd, 4319479.593, 90
Trd, 4319480.543, 97
Trd, 4319483.193, 97
Trd, 4319483.943, 98
Trd, 4319484.143, 96
Trd, 4319484.843, 96
Trd, 4319486.793, 91
Trd, 4319486.893, 88
Trd, 4319488.943, 94
Trd, 4319489.543, 99
Trd, 4319491.793, 93
Trd, 4319492.493, 92
Trd, 4319495.243, 99
Trd, 4319496.043, 93
Trd, 4319497.743, 99
Trd, 4319498.193, 97
Trd, 4319498.243, 97
Trd, 4319500.343, 97
Trd, 4319504.543, 98
Trd, 4319505.293, 97
Trd, 4319505.493, 96
Trd, 4319506.993, 114
Trd, 4319507.343, 113
Trd, 4319508.693, 108
Trd, 4319509.393, 103
Trd, 4319509.793, 102
Trd, 4319510.243, 103
Trd, 4319511.343, 105
Trd, 4319512.893, 87
Trd, 4319513.643, 97
Trd, 4319514.293, 97
Trd, 4319516.543, 105
Trd, 4319520.493, 97
Trd, 4319520.793, 96
Trd, 4319522.393, 97
Trd, 4319523.093, 98
Trd, 4319523.243, 97
Trd, 4319524.843, 85
Trd, 4319525.593, 98
Trd, 4319526.843, 94
Trd, 4319527.593, 96
Trd, 4319527.943, 87
Trd, 4319530.843, 83
Trd, 4319530.893, 88
Trd, 4319531.593, 87
Trd, 4319532.343, 99
Trd, 4319534.043, 103
Trd, 4319535.893, 102
Trd, 4319536.543, 102
Trd, 4319537.093, 103
Trd, 4319537.893, 103
Trd, 4319539.493, 103
Trd, 4319539.643, 102
Trd, 4319540.793, 101
Trd, 4319541.793, 104
Trd, 4319543.243, 109
Trd, 4319543.593, 90
Trd, 4319544.493, 102
Trd, 4319545.643, 104
Trd, 4319550.093, 103
Trd, 4319550.893, 104
Trd, 4319551.593, 107
Trd, 4319551.643, 103
Trd, 4319553.143, 107
Trd, 4319555.093, 102
Trd, 4319555.943, 101
Trd, 4319556.893, 100
Trd, 4319559.843, 100
Trd, 4319561.043, 86
Trd, 4319561.243, 85
Trd, 4319562.193, 89
Trd, 4319563.093, 77
Trd, 4319565.043, 84
Trd, 4319567.043, 91
Trd, 4319568.243, 93
Trd, 4319569.143, 99
Trd, 4319570.243, 92
Trd, 4319572.043, 93
Trd, 4319572.393, 96
Trd, 4319574.593, 92
Trd, 4319574.643, 91
Trd, 4319576.443, 95
Trd, 4319578.343, 91
Trd, 4319580.893, 93
Trd, 4319581.043, 92
Trd, 4319581.743, 96
Trd, 4319583.943, 97
Trd, 4319585.493, 93
Trd, 4319585.993, 86
Trd, 4319588.493, 94
Trd, 4319588.943, 90
Trd, 4319590.143, 91
Trd, 4319590.893, 95
Trd, 4319591.143, 87
Trd, 4319594.493, 88
Trd, 4319596.043, 87
Trd, 4319598.143, 88
Trd, 4319598.243, 85
Trd, 4319600.343, 91
Trd, 4319601.493, 87
Trd, 4319602.793, 92
Trd, 4319604.743, 92
Trd, 4319605.243, 92
Trd, 4319606.843, 93
Trd, 4319607.443, 91
Trd, 4319608.443, 94
Trd, 4319609.943, 97
Trd, 4319610.843, 97
Trd, 4319610.893, 96
Trd, 4319612.993, 111
Trd, 4319613.643, 95
Trd, 4319616.493, 106
Trd, 4319617.343, 108
Trd, 4319617.543, 107
Trd, 4319617.943, 100
Trd, 4319618.943, 113
Trd, 4319619.093, 85
Trd, 4319620.243, 98
Trd, 4319620.643, 97
Trd, 4319623.243, 97
Trd, 4319623.443, 102
Trd, 4319625.443, 96
Trd, 4319625.743, 95
Trd, 4319626.993, 85
Trd, 4319628.443, 103
Trd, 4319629.043, 105
Trd, 4319630.293, 93
Trd, 4319631.493, 94
Trd, 4319634.243, 94
Trd, 4319634.543, 93
Trd, 4319636.843, 94
Trd, 4319636.943, 97
Trd, 4319638.043, 97
Trd, 4319639.893, 94
Trd, 4319642.593, 94
Trd, 4319642.943, 93
Trd, 4319643.493, 96
Trd, 4319645.393, 93
Trd, 4319647.093, 93
Trd, 4319647.293, 95
Trd, 4319648.443, 93
Trd, 4319650.443, 101
Trd, 4319650.743, 100
Trd, 4319650.943, 99
Trd, 4319651.143, 106
Trd, 4319652.843, 99
Trd, 4319654.343, 98
Trd, 4319656.393, 96
Trd, 4319658.143, 103
Trd, 4319658.693, 99
Trd, 4319659.293, 99
Trd, 4319662.093, 98
Trd, 4319662.743, 102
Trd, 4319663.343, 97
Trd, 4319663.843, 97
Trd, 4319665.693, 96
Trd, 4319666.643, 88
Trd, 4319667.043, 84
Trd, 4319669.743, 95
Trd, 4319670.243, 92
Trd, 4319670.443, 90
Trd, 4319672.593, 92
Trd, 4319673.943, 98
Trd, 4319674.393, 100
Trd, 4319675.593, 112
Trd, 4319676.343, 93
Trd, 4319678.443, 92
Trd, 4319678.493, 90
Trd, 4319679.843, 113
Trd, 4319681.293, 104
Trd, 4319681.493, 104
Trd, 4319685.693, 103
Trd, 4319686.443, 104
Trd, 4319686.843, 104
Trd, 4319687.643, 105
Trd, 4319688.743, 107
Trd, 4319688.793, 105
Trd, 4319689.093, 102
Trd, 4319689.343, 95
Trd, 4319690.593, 106
Trd, 4319691.143, 102
Trd, 4319693.993, 105
Trd, 4319694.793, 102
Trd, 4319695.143, 106
Trd, 4319698.193, 105
Trd, 4319698.243, 102
Trd, 4319698.893, 100
Trd, 4319698.943, 106
Trd, 4319701.543, 92
Trd, 4319701.793, 113
Trd, 4319702.543, 105
Trd, 4319703.743, 88
Trd, 4319705.643, 85
Trd, 4319706.043, 88
Trd, 4319707.043, 113
Trd, 4319707.243, 85
Trd, 4319710.693, 103
Trd, 4319711.793, 105
Trd, 4319714.443, 103
Trd, 4319714.843, 102
Trd, 4319714.893, 101
Trd, 4319715.193, 100
Trd, 4319718.193, 103
Trd, 4319718.693, 99
Trd, 4319719.493, 100
Trd, 4319720.543, 102
Trd, 4319720.843, 99
Trd, 4319722.243, 102
Trd, 4319723.543, 98
Trd, 4319724.293, 87
Trd, 4319726.143, 88
Trd, 4319726.843, 114
Trd, 4319727.143, 113
Trd, 4319727.843, 84
Trd, 4319728.693, 89
Trd, 4319728.843, 80
Trd, 4319731.443, 77
Trd, 4319732.093, 98
Trd, 4319733.093, 94
Trd, 4319733.693, 96
Trd, 4319735.343, 93
Trd, 4319737.243, 96
Trd, 4319737.593, 95
Trd, 4319737.643, 94
Trd, 4319737.693, 93
Trd, 4319740.443, 97
Trd, 4319740.943, 97
Trd, 4319741.243, 92
Trd, 4319743.143, 86
Trd, 4319743.743, 97
Trd, 4319745.143, 93
Trd, 4319746.743, 93
Trd, 4319748.193, 92
Trd, 4319748.993, 96
Trd, 4319749.043, 91
Trd, 4319749.243, 85
Trd, 4319750.943, 95
Trd, 4319751.943, 88
Trd, 4319752.543, 95
Trd, 4319752.693, 93
Trd, 4319753.293, 84
Trd, 4319755.843, 88
Trd, 4319756.143, 96
Trd, 4319760.093, 89
Trd, 4319761.443, 88
Trd, 4319762.893, 90
Trd, 4319764.843, 90
Trd, 4319764.893, 97
Trd, 4319764.943, 90
Trd, 4319765.743, 89
Trd, 4319766.693, 89
Trd, 4319767.293, 95
Trd, 4319768.693, 88
Trd, 4319769.543, 88
Trd, 4319771.893, 96
Trd, 4319772.893, 100
Trd, 4319773.943, 102
Trd, 4319775.593, 105
Trd, 4319776.143, 103
Trd, 4319776.493, 104
Trd, 4319779.343, 103
Trd, 4319780.243, 102
Trd, 4319781.443, 101
Trd, 4319781.493, 103
Trd, 4319782.493, 86
Trd, 4319784.093, 95
Trd, 4319784.793, 96
Trd, 4319785.743, 95
Trd, 4319786.243, 87
Trd, 4319787.543, 85
Trd, 4319789.943, 96
Trd, 4319790.143, 94
Trd, 4319791.543, 93
Trd, 4319792.593, 93
Trd, 4319792.943, 93
Trd, 4319794.693, 94
Trd, 4319795.193, 97
Trd, 4319796.793, 93
Trd, 4319799.193, 96
Trd, 4319799.993, 94
Trd, 4319801.443, 95
Trd, 4319802.143, 94
Trd, 4319803.693, 93
Trd, 4319804.493, 96
Trd, 4319805.743, 93
Trd, 4319807.643, 93
Trd, 4319809.143, 96
Trd, 4319809.693, 93
Trd, 4319810.743, 91
Trd, 4319814.793, 96
Trd, 4319815.193, 97
Trd, 4319815.443, 92
Trd, 4319815.543, 92
Trd, 4319817.693, 105
Trd, 4319819.593, 94
Trd, 4319820.643, 105
Trd, 4319821.693, 104
Trd, 4319823.143, 104
Trd, 4319823.193, 100
Trd, 4319823.943, 84
Trd, 4319825.243, 66
Trd, 4319826.993, 87
Trd, 4319827.593, 88
Trd, 4319830.593, 94
Trd, 4319831.593, 93
Trd, 4319831.893, 89
Trd, 4319833.193, 104
Trd, 4319833.843, 96
Trd, 4319835.193, 80
Trd, 4319836.543, 93
Trd, 4319837.293, 93
Trd, 4319837.343, 100
Trd, 4319838.693, 93
Trd, 4319841.693, 94
Trd, 4319842.443, 99
Trd, 4319843.143, 98
Trd, 4319843.393, 87
Trd, 4319843.993, 104
Trd, 4319846.993, 92
Trd, 4319847.593, 91
Trd, 4319848.543, 90
Trd, 4319849.793, 89
Trd, 4319850.843, 89
Trd, 4319851.243, 89
Trd, 4319852.693, 89
Trd, 4319853.743, 88
Trd, 4319856.243, 90
Trd, 4319856.393, 88
Trd, 4319857.843, 87
Trd, 4319861.343, 86
Trd, 4319863.293, 90
Trd, 4319863.343, 102
Trd, 4319863.443, 86
Trd, 4319864.793, 86
Trd, 4319865.393, 86
Trd, 4319865.843, 91
Trd, 4319867.093, 96
Trd, 4319868.343, 85
Trd, 4319869.693, 84
Trd, 4319872.193, 94
Trd, 4319872.593, 91
Trd, 4319876.143, 92
Trd, 4319877.343, 93
Trd, 4319877.493, 95
Trd, 4319878.443, 92
Trd, 4319879.143, 91
Trd, 4319880.193, 91
Trd, 4319880.993, 91
Trd, 4319881.193, 95
Trd, 4319883.493, 78
Trd, 4319884.343, 83
Trd, 4319885.643, 93
Trd, 4319888.343, 86
Trd, 4319888.743, 86
Trd, 4319890.243, 86
Trd, 4319891.393, 85
Trd, 4319891.843, 86
Trd, 4319894.793, 86
Trd, 4319894.993, 95
Trd, 4319895.443, 86
Trd, 4319896.093, 86
Trd, 4319896.543, 91
Trd, 4319899.643, 88
Trd, 4319900.293, 106
Trd, 4319900.993, 87
Trd, 4319902.793, 100
Trd, 4319905.793, 99
Trd, 4319906.293, 102
Trd, 4319907.893, 98
Trd, 4319909.543, 98
Trd, 4319909.843, 97
Trd, 4319913.343, 96
Trd, 4319913.793, 96
Trd, 4319914.843, 89
Trd, 4319915.843, 90
Trd, 4319916.293, 87
Trd, 4319918.043, 91
Trd, 4319918.793, 95
Trd, 4319922.593, 94
Trd, 4319922.843, 90
Trd, 4319923.193, 91
Trd, 4319925.643, 90
Trd, 4319926.293, 92
Trd, 4319928.143, 90
Trd, 4319929.743, 95
Trd, 4319930.493, 89
Trd, 4319930.993, 96
Trd, 4319932.243, 91
Trd, 4319933.493, 92
Trd, 4319934.343, 91
Trd, 4319936.593, 91
Trd, 4319936.793, 95
Trd, 4319936.943, 90
Trd, 4319937.593, 85
Trd, 4319939.643, 95
Trd, 4319941.293, 94
Trd, 4319941.943, 93
Trd, 4319943.593, 95
Trd, 4319943.943, 104
Trd, 4319944.893, 113
Trd, 4319946.493, 108
Trd, 4319946.593, 107
Trd, 4319947.093, 102
Trd, 4319948.393, 106
Trd, 4319949.943, 105
Trd, 4319952.043, 103
Trd, 4319952.943, 105
Trd, 4319953.493, 103
Trd, 4319955.143, 88
Trd, 4319957.093, 104
Trd, 4319957.293, 88
Trd, 4319958.293, 93
Trd, 4319959.993, 94
Trd, 4319962.343, 94
Trd, 4319963.693, 93
Trd, 4319964.043, 94
Trd, 4319965.493, 97
Trd, 4319967.193, 97
Trd, 4319969.493, 99
Trd, 4319969.943, 97
Trd, 4319971.043, 96
Trd, 4319971.793, 85
Trd, 4319973.643, 77
Trd, 4319975.243, 89
Trd, 4319975.343, 89
Trd, 4319975.993, 88
Trd, 4319976.693, 100
Trd, 4319977.093, 88
Trd, 4319980.893, 97
Trd, 4319981.043, 96
Trd, 4319981.493, 104
Trd, 4319981.693, 85
Trd, 4319982.593, 95
Trd, 4319985.143, 94
Trd, 4319986.093, 95
Trd, 4319986.993, 94
Trd, 4319987.093, 93
Trd, 4319988.543, 91
Trd, 4319990.043, 96
Trd, 4319991.493, 95
Trd, 4319992.693, 93
Trd, 4319994.493, 92
Trd, 4319995.743, 91
Trd, 4319996.143, 97
Trd, 4319996.743, 92
Trd, 4319998.593, 96
