Trd, 4317877.443, 107
Trd, 4317877.993, 108
Trd, 4317878.793, 107
Trd, 4317879.243, 103
Trd, 4317880.193, 104
Trd, 4317880.743, 103
Trd, 4317882.993, 105
Trd, 4317883.243, 104
Trd, 4317886.793, 104
Trd, 4317887.243, 103
Trd, 4317888.443, 95
Trd, 4317888.843, 99
Trd, 4317889.743, 99
Trd, 4317890.843, 98
Trd, 4317892.393, 98
Trd, 4317892.993, 97
Trd, 4317895.193, 97
Trd, 4317896.143, 98
Trd, 4317896.693, 98
Trd, 4317897.443, 95
Trd, 4317899.593, 96
Trd, 4317900.243, 95
Trd, 4317902.743, 94
Trd, 4317903.443, 95
Trd, 4317907.393, 94
Trd, 4317907.493, 94
Trd, 4317908.643, 94
Trd, 4317909.043, 94
Trd, 4317909.843, 95
Trd, 4317910.993, 94
Trd, 4317912.393, 94
Trd, 4317914.293, 95
Trd, 4317914.443, 94
Trd, 4317915.493, 95
Trd, 4317918.343, 95
Trd, 4317918.643, 96
Trd, 4317918.943, 93
Trd, 4317921.593, 93
Trd, 4317922.793, 95
Trd, 4317925.193, 94
Trd, 4317925.743, 94
Trd, 4317927.393, 95
Trd, 4317928.693, 94
Trd, 4317929.893, 95
Trd, 4317930.893, 94
Trd, 4317932.993, 96
Trd, 4317934.343, 95
Trd, 4317935.393, 95
Trd, 4317936.043, 95
Trd, 4317936.393, 95
Trd, 4317938.993, 95
Trd, 4317941.143, 96
Trd, 4317942.593, 96
Trd, 4317942.743, 95
Trd, 4317942.843, 94
Trd, 4317945.993, 96
Trd, 4317946.493, 96
Trd, 4317948.193, 98
Trd, 4317949.093, 97
Trd, 4317950.543, 96
Trd, 4317951.893, 95
Trd, 4317953.693, 95
Trd, 4317954.243, 94
Trd, 4317954.393, 86
Trd, 4317957.843, 95
Trd, 4317958.343, 93
Trd, 4317958.643, 92
Trd, 4317960.993, 91
Trd, 4317961.993, 94
Trd, 4317962.643, 94
Trd, 4317964.693, 93
Trd, 4317964.843, 95
Trd, 4317966.843, 97
Trd, 4317967.343, 103
Trd, 4317967.693, 101
Trd, 4317968.793, 102
Trd, 4317969.693, 101
Trd, 4317972.443, 102
Trd, 4317972.993, 101
Trd, 4317974.743, 101
Trd, 4317975.793, 103
Trd, 4317976.643, 102
Trd, 4317977.193, 101
Trd, 4317979.293, 102
Trd, 4317981.193, 102
Trd, 4317981.643, 101
Trd, 4317983.993, 100
Trd, 4317984.393, 94
Trd, 4317988.743, 101
Trd, 4317989.293, 100
Trd, 4317989.893, 100
Trd, 4317990.543, 100
Trd, 4317991.893, 99
Trd, 4317992.743, 99
Trd, 4317993.093, 100
Trd, 4317995.193, 99
Trd, 4317996.143, 99
Trd, 4318000.093, 98
Trd, 4318001.693, 98
Trd, 4318002.593, 98
Trd, 4318003.843, 97
Trd, 4318005.093, 97
Trd, 4318005.493, 95
Trd, 4318006.893, 96
Trd, 4318008.293, 98
Trd, 4318009.143, 95
Trd, 4318009.543, 97
Trd, 4318010.143, 96
Trd, 4318011.843, 97
Trd, 4318013.593, 97
Trd, 4318014.593, 97
Trd, 4318014.893, 97
Trd, 4318016.593, 96
Trd, 4318019.293, 95
Trd, 4318019.493, 95
Trd, 4318021.543, 95
Trd, 4318022.743, 95
Trd, 4318024.543, 96
Trd, 4318025.293, 95
Trd, 4318027.493, 95
Trd, 4318029.243, 96
Trd, 4318030.543, 96
Trd, 4318031.043, 96
Trd, 4318033.043, 95
Trd, 4318033.243, 95
Trd, 4318034.793, 94
Trd, 4318035.393, 95
Trd, 4318037.943, 96
Trd, 4318038.043, 96
Trd, 4318041.143, 99
Trd, 4318041.793, 99
Trd, 4318042.993, 99
Trd, 4318043.493, 97
Trd, 4318044.443, 97
Trd, 4318046.243, 96
Trd, 4318047.493, 95
Trd, 4318048.093, 95
Trd, 4318049.543, 103
Trd, 4318049.993, 103
Trd, 4318052.093, 104
Trd, 4318052.893, 102
Trd, 4318054.643, 101
Trd, 4318054.943, 101
Trd, 4318055.143, 95
Trd, 4318056.943, 100
Trd, 4318057.793, 100
Trd, 4318058.393, 99
Trd, 4318060.193, 98
Trd, 4318061.943, 96
Trd, 4318064.343, 96
Trd, 4318064.493, 95
Trd, 4318066.293, 93
Trd, 4318067.293, 93
Trd, 4318069.543, 92
Trd, 4318072.043, 93
Trd, 4318073.843, 93
Trd, 4318073.893, 92
Trd, 4318074.843, 91
Trd, 4318075.193, 85
Trd, 4318078.643, 96
Trd, 4318078.793, 95
Trd, 4318079.293, 94
Trd, 4318080.643, 98
Trd, 4318081.643, 97
Trd, 4318084.343, 99
Trd, 4318084.793, 98
Trd, 4318086.993, 97
Trd, 4318087.493, 96
Trd, 4318087.993, 96
Trd, 4318090.643, 95
Trd, 4318092.543, 95
Trd, 4318093.043, 94
Trd, 4318094.243, 94
Trd, 4318096.893, 94
Trd, 4318098.293, 94
Trd, 4318098.793, 95
Trd, 4318099.143, 94
Trd, 4318100.893, 94
Trd, 4318103.093, 96
Trd, 4318104.293, 95
Trd, 4318105.143, 95
Trd, 4318105.193, 94
Trd, 4318105.443, 95
Trd, 4318108.193, 96
Trd, 4318111.493, 95
Trd, 4318111.993, 94
Trd, 4318112.843, 94
Trd, 4318114.243, 95
Trd, 4318114.393, 94
Trd, 4318117.543, 94
Trd, 4318118.993, 94
Trd, 4318120.743, 95
Trd, 4318121.693, 93
Trd, 4318123.143, 93
Trd, 4318123.343, 93
Trd, 4318123.693, 95
Trd, 4318125.243, 94
Trd, 4318127.043, 94
Trd, 4318127.893, 94
Trd, 4318130.843, 94
Trd, 4318132.243, 95
Trd, 4318133.543, 95
Trd, 4318134.543, 94
Trd, 4318134.793, 92
Trd, 4318136.743, 95
Trd, 4318137.243, 92
Trd, 4318139.443, 91
Trd, 4318140.293, 93
Trd, 4318143.043, 95
Trd, 4318143.143, 94
Trd, 4318144.943, 93
Trd, 4318145.743, 94
Trd, 4318148.443, 95
Trd, 4318149.243, 96
Trd, 4318149.493, 96
Trd, 4318149.743, 95
Trd, 4318152.093, 99
Trd, 4318152.643, 100
Trd, 4318153.043, 98
Trd, 4318155.643, 99
Trd, 4318157.993, 99
Trd, 4318159.443, 99
Trd, 4318159.643, 99
Trd, 4318160.543, 98
Trd, 4318161.043, 96
Trd, 4318163.493, 97
Trd, 4318165.143, 97
Trd, 4318166.643, 96
Trd, 4318167.943, 95
Trd, 4318170.043, 96
Trd, 4318170.693, 95
Trd, 4318172.243, 95
Trd, 4318174.893, 96
Trd, 4318175.543, 95
Trd, 4318175.843, 93
Trd, 4318178.143, 95
Trd, 4318178.593, 93
Trd, 4318180.243, 92
Trd, 4318182.043, 95
Trd, 4318182.443, 94
Trd, 4318184.143, 93
Trd, 4318186.393, 94
Trd, 4318186.443, 92
Trd, 4318189.493, 92
Trd, 4318190.843, 95
Trd, 4318192.193, 94
Trd, 4318192.843, 94
Trd, 4318194.993, 93
Trd, 4318195.543, 95
Trd, 4318196.643, 94
Trd, 4318200.543, 96
Trd, 4318201.143, 95
Trd, 4318201.893, 96
Trd, 4318202.943, 95
Trd, 4318204.043, 95
Trd, 4318205.643, 94
Trd, 4318207.343, 95
Trd, 4318207.543, 94
Trd, 4318209.643, 93
Trd, 4318209.893, 93
Trd, 4318210.343, 98
Trd, 4318210.743, 96
Trd, 4318210.893, 85
Trd, 4318215.593, 95
Trd, 4318216.443, 95
Trd, 4318217.393, 95
Trd, 4318217.743, 95
Trd, 4318219.493, 96
Trd, 4318219.593, 96
Trd, 4318222.143, 97
Trd, 4318222.393, 97
Trd, 4318223.193, 97
Trd, 4318224.343, 96
Trd, 4318226.893, 103
Trd, 4318227.793, 104
Trd, 4318228.043, 104
Trd, 4318228.693, 104
Trd, 4318229.593, 93
Trd, 4318231.943, 99
Trd, 4318234.343, 100
Trd, 4318235.343, 99
Trd, 4318236.743, 97
Trd, 4318237.243, 96
Trd, 4318238.143, 95
Trd, 4318238.443, 85
Trd, 4318240.943, 91
Trd, 4318243.093, 94
Trd, 4318244.143, 94
Trd, 4318244.343, 94
Trd, 4318244.943, 95
Trd, 4318247.693, 96
Trd, 4318247.893, 95
Trd, 4318248.493, 94
Trd, 4318251.643, 94
Trd, 4318252.243, 94
Trd, 4318253.543, 96
Trd, 4318255.493, 95
Trd, 4318255.593, 94
Trd, 4318256.793, 93
Trd, 4318257.093, 94
Trd, 4318258.443, 92
Trd, 4318260.393, 95
Trd, 4318261.793, 96
Trd, 4318262.143, 95
Trd, 4318262.893, 94
Trd, 4318264.793, 94
Trd, 4318265.593, 95
Trd, 4318266.493, 101
Trd, 4318266.693, 101
Trd, 4318268.193, 104
Trd, 4318270.143, 106
Trd, 4318271.743, 106
Trd, 4318272.393, 105
Trd, 4318272.943, 103
Trd, 4318273.493, 101
Trd, 4318275.443, 102
Trd, 4318275.643, 101
Trd, 4318276.893, 103
Trd, 4318278.793, 102
Trd, 4318280.093, 101
Trd, 4318280.743, 99
Trd, 4318282.493, 99
Trd, 4318283.493, 99
Trd, 4318284.043, 98
Trd, 4318285.443, 98
Trd, 4318286.043, 99
Trd, 4318287.693, 96
Trd, 4318291.443, 97
Trd, 4318291.543, 96
Trd, 4318291.643, 96
Trd, 4318292.443, 95
Trd, 4318295.393, 97
Trd, 4318295.793, 96
Trd, 4318297.793, 96
Trd, 4318299.943, 96
Trd, 4318300.943, 94
Trd, 4318301.893, 97
Trd, 4318302.443, 97
Trd, 4318305.393, 96
Trd, 4318305.693, 96
Trd, 4318305.843, 95
Trd, 4318307.543, 97
Trd, 4318308.943, 96
Trd, 4318309.943, 96
Trd, 4318313.943, 95
Trd, 4318314.293, 96
Trd, 4318315.593, 95
Trd, 4318316.243, 94
Trd, 4318318.443, 95
Trd, 4318319.243, 98
Trd, 4318319.293, 96
Trd, 4318322.243, 97
Trd, 4318322.743, 96
Trd, 4318322.993, 96
Trd, 4318324.443, 95
Trd, 4318325.593, 95
Trd, 4318328.293, 96
Trd, 4318330.693, 95
Trd, 4318331.093, 96
Trd, 4318332.143, 95
Trd, 4318334.243, 98
Trd, 4318334.293, 95
Trd, 4318335.893, 96
Trd, 4318336.293, 96
Trd, 4318339.343, 96
Trd, 4318340.593, 95
Trd, 4318341.193, 95
Trd, 4318341.543, 95
Trd, 4318342.943, 98
Trd, 4318343.093, 98
Trd, 4318343.743, 97
Trd, 4318346.893, 96
Trd, 4318347.843, 97
Trd, 4318348.793, 96
Trd, 4318350.043, 95
Trd, 4318351.643, 94
Trd, 4318352.793, 95
Trd, 4318353.943, 94
Trd, 4318356.493, 94
Trd, 4318357.643, 93
Trd, 4318359.343, 92
Trd, 4318359.443, 92
Trd, 4318361.093, 98
Trd, 4318361.643, 97
Trd, 4318363.943, 96
Trd, 4318365.043, 95
Trd, 4318365.393, 95
Trd, 4318366.443, 95
Trd, 4318368.143, 96
Trd, 4318369.193, 95
Trd, 4318369.243, 95
Trd, 4318370.493, 95
Trd, 4318372.043, 96
Trd, 4318372.143, 95
Trd, 4318373.543, 97
Trd, 4318376.843, 96
Trd, 4318378.693, 96
Trd, 4318378.743, 95
Trd, 4318380.543, 95
Trd, 4318384.393, 96
Trd, 4318384.693, 96
Trd, 4318386.243, 95
Trd, 4318386.993, 95
Trd, 4318388.343, 96
Trd, 4318390.293, 96
Trd, 4318390.993, 95
Trd, 4318392.243, 94
Trd, 4318392.743, 94
Trd, 4318395.843, 100
Trd, 4318396.243, 100
Trd, 4318397.943, 101
Trd, 4318399.443, 100
Trd, 4318399.543, 99
Trd, 4318401.093, 99
Trd, 4318401.293, 97
Trd, 4318403.293, 99
Trd, 4318404.293, 97
Trd, 4318404.993, 97
Trd, 4318405.443, 96
Trd, 4318408.893, 97
Trd, 4318409.493, 96
Trd, 4318411.493, 98
Trd, 4318412.093, 95
Trd, 4318414.243, 96
Trd, 4318414.593, 96
Trd, 4318416.643, 99
Trd, 4318418.693, 99
Trd, 4318418.843, 99
Trd, 4318419.043, 98
Trd, 4318420.443, 99
Trd, 4318422.293, 98
Trd, 4318423.993, 97
Trd, 4318425.043, 95
Trd, 4318426.993, 93
Trd, 4318427.943, 94
Trd, 4318429.243, 91
Trd, 4318430.743, 92
Trd, 4318430.943, 93
Trd, 4318433.093, 91
Trd, 4318433.693, 91
Trd, 4318434.693, 94
Trd, 4318436.443, 95
Trd, 4318437.843, 97
Trd, 4318438.843, 97
Trd, 4318440.593, 98
Trd, 4318444.343, 98
Trd, 4318444.543, 97
Trd, 4318445.893, 96
Trd, 4318447.493, 95
Trd, 4318448.893, 95
Trd, 4318448.943, 95
Trd, 4318449.243, 94
Trd, 4318451.043, 95
Trd, 4318453.243, 95
Trd, 4318455.193, 95
Trd, 4318455.343, 95
Trd, 4318456.293, 95
Trd, 4318458.643, 94
Trd, 4318460.143, 95
Trd, 4318460.343, 94
Trd, 4318461.143, 93
Trd, 4318462.643, 94
Trd, 4318463.443, 95
Trd, 4318463.543, 93
Trd, 4318465.893, 99
Trd, 4318468.243, 111
Trd, 4318468.493, 110
Trd, 4318468.843, 108
Trd, 4318469.493, 108
Trd, 4318469.843, 107
Trd, 4318470.643, 97
Trd, 4318471.343, 95
Trd, 4318474.243, 105
Trd, 4318475.043, 105
Trd, 4318475.243, 105
Trd, 4318477.243, 104
Trd, 4318477.893, 103
Trd, 4318479.443, 103
Trd, 4318480.243, 103
Trd, 4318481.593, 102
Trd, 4318482.743, 101
Trd, 4318484.093, 101
Trd, 4318487.593, 101
Trd, 4318489.043, 101
Trd, 4318490.143, 100
Trd, 4318490.843, 100
Trd, 4318491.843, 99
Trd, 4318493.993, 100
Trd, 4318495.793, 99
Trd, 4318497.293, 100
Trd, 4318498.443, 99
Trd, 4318499.693, 98
Trd, 4318501.393, 99
Trd, 4318502.493, 97
Trd, 4318504.993, 98
Trd, 4318505.593, 97
Trd, 4318506.793, 85
Trd, 4318507.593, 92
Trd, 4318508.543, 94
Trd, 4318509.343, 96
Trd, 4318510.793, 96
Trd, 4318511.043, 96
Trd, 4318511.493, 93
Trd, 4318512.543, 86
Trd, 4318518.043, 96
Trd, 4318518.543, 95
Trd, 4318518.893, 93
Trd, 4318520.093, 94
Trd, 4318520.593, 96
Trd, 4318521.893, 95
Trd, 4318521.943, 93
Trd, 4318523.743, 95
Trd, 4318525.743, 95
Trd, 4318525.993, 94
Trd, 4318526.843, 94
Trd, 4318528.693, 95
Trd, 4318529.143, 95
Trd, 4318532.593, 96
Trd, 4318533.293, 96
Trd, 4318534.593, 96
Trd, 4318535.993, 95
Trd, 4318536.993, 96
Trd, 4318537.593, 95
Trd, 4318538.343, 97
Trd, 4318539.993, 97
Trd, 4318542.443, 96
Trd, 4318544.093, 96
Trd, 4318544.793, 95
Trd, 4318545.493, 97
Trd, 4318547.493, 96
Trd, 4318548.693, 97
Trd, 4318549.093, 96
Trd, 4318549.693, 96
Trd, 4318551.293, 95
Trd, 4318552.143, 95
Trd, 4318552.643, 95
Trd, 4318553.843, 95
Trd, 4318555.343, 95
Trd, 4318557.093, 95
Trd, 4318559.293, 105
Trd, 4318559.843, 104
Trd, 4318560.493, 105
Trd, 4318562.493, 103
Trd, 4318562.843, 103
Trd, 4318563.843, 102
Trd, 4318565.043, 101
Trd, 4318565.743, 99
Trd, 4318568.293, 101
Trd, 4318568.893, 100
Trd, 4318571.043, 104
Trd, 4318572.143, 104
Trd, 4318572.843, 102
Trd, 4318573.593, 103
Trd, 4318574.043, 97
Trd, 4318575.943, 100
Trd, 4318577.893, 100
Trd, 4318578.693, 99
Trd, 4318579.193, 99
Trd, 4318581.143, 98
Trd, 4318581.793, 98
Trd, 4318585.143, 101
Trd, 4318585.243, 101
Trd, 4318585.493, 96
Trd, 4318587.093, 94
Trd, 4318589.243, 96
Trd, 4318592.493, 96
Trd, 4318592.993, 95
Trd, 4318593.743, 95
Trd, 4318594.743, 96
Trd, 4318594.943, 95
Trd, 4318596.793, 98
Trd, 4318597.893, 98
Trd, 4318600.943, 97
Trd, 4318601.443, 97
Trd, 4318602.343, 98
Trd, 4318602.493, 98
Trd, 4318604.643, 97
Trd, 4318605.343, 97
Trd, 4318607.393, 98
Trd, 4318609.543, 100
Trd, 4318610.193, 99
Trd, 4318612.843, 100
Trd, 4318612.993, 99
Trd, 4318614.843, 99
Trd, 4318614.893, 98
Trd, 4318615.193, 86
Trd, 4318619.143, 99
Trd, 4318619.243, 98
Trd, 4318620.493, 98
Trd, 4318622.243, 99
Trd, 4318623.143, 98
Trd, 4318623.193, 97
Trd, 4318623.393, 95
Trd, 4318625.743, 96
Trd, 4318626.693, 95
Trd, 4318628.093, 95
Trd, 4318628.743, 95
Trd, 4318631.143, 95
Trd, 4318631.193, 95
Trd, 4318631.443, 96
Trd, 4318633.093, 96
Trd, 4318633.843, 96
Trd, 4318635.293, 94
Trd, 4318636.243, 94
Trd, 4318637.743, 96
Trd, 4318638.493, 96
Trd, 4318639.193, 97
Trd, 4318639.993, 95
Trd, 4318642.893, 96
Trd, 4318643.093, 98
Trd, 4318643.393, 97
Trd, 4318645.743, 98
Trd, 4318647.793, 97
Trd, 4318647.993, 97
Trd, 4318649.143, 97
Trd, 4318650.893, 97
Trd, 4318650.993, 97
Trd, 4318652.593, 96
Trd, 4318653.743, 96
Trd, 4318656.393, 95
Trd, 4318657.093, 95
Trd, 4318658.293, 95
Trd, 4318658.843, 94
Trd, 4318659.693, 93
Trd, 4318663.243, 95
Trd, 4318664.543, 95
Trd, 4318665.293, 97
Trd, 4318666.893, 97
Trd, 4318667.143, 97
Trd, 4318668.543, 97
Trd, 4318669.143, 96
Trd, 4318670.243, 98
Trd, 4318673.243, 98
Trd, 4318674.343, 98
Trd, 4318675.693, 99
Trd, 4318676.693, 98
Trd, 4318676.843, 98
Trd, 4318678.743, 97
Trd, 4318681.093, 96
Trd, 4318682.443, 97
Trd, 4318683.493, 98
Trd, 4318683.643, 97
Trd, 4318684.993, 97
Trd, 4318686.343, 98
Trd, 4318687.393, 97
Trd, 4318687.493, 86
Trd, 4318688.843, 97
Trd, 4318689.743, 96
Trd, 4318691.643, 95
Trd, 4318692.943, 95
Trd, 4318693.993, 97
Trd, 4318694.843, 96
Trd, 4318695.343, 93
Trd, 4318697.843, 95
Trd, 4318698.343, 96
Trd, 4318700.443, 95
Trd, 4318701.093, 95
Trd, 4318702.093, 96
Trd, 4318702.643, 96
Trd, 4318703.993, 95
Trd, 4318707.793, 95
Trd, 4318708.043, 94
Trd, 4318711.443, 94
Trd, 4318713.893, 94
Trd, 4318717.443, 95
Trd, 4318718.193, 96
Trd, 4318719.743, 95
Trd, 4318720.693, 95
Trd, 4318720.993, 94
Trd, 4318723.943, 97
Trd, 4318724.343, 98
Trd, 4318725.693, 97
Trd, 4318726.093, 96
Trd, 4318728.343, 95
Trd, 4318729.543, 96
Trd, 4318729.693, 95
Trd, 4318730.543, 95
Trd, 4318731.043, 84
Trd, 4318731.793, 99
Trd, 4318732.193, 76
Trd, 4318733.393, 95
Trd, 4318735.993, 95
Trd, 4318737.793, 95
Trd, 4318739.943, 97
Trd, 4318740.343, 96
Trd, 4318740.943, 95
Trd, 4318743.243, 96
Trd, 4318743.293, 95
Trd, 4318744.643, 95
Trd, 4318745.993, 96
Trd, 4318749.143, 96
Trd, 4318750.693, 97
Trd, 4318752.243, 97
Trd, 4318754.693, 97
Trd, 4318754.743, 97
Trd, 4318755.243, 97
Trd, 4318756.443, 98
Trd, 4318757.843, 97
Trd, 4318757.943, 96
Trd, 4318759.193, 96
Trd, 4318760.243, 96
Trd, 4318761.993, 95
Trd, 4318763.943, 94
Trd, 4318764.743, 93
Trd, 4318765.393, 94
Trd, 4318766.793, 92
Trd, 4318767.343, 92
Trd, 4318770.393, 91
Trd, 4318771.243, 95
Trd, 4318772.043, 92
Trd, 4318772.293, 92
Trd, 4318773.493, 92
Trd, 4318775.493, 97
Trd, 4318775.743, 95
Trd, 4318776.293, 94
Trd, 4318776.993, 86
Trd, 4318778.093, 89
Trd, 4318780.193, 94
Trd, 4318783.843, 95
Trd, 4318784.693, 93
Trd, 4318785.743, 93
Trd, 4318786.993, 93
Trd, 4318789.193, 94
Trd, 4318790.043, 96
Trd, 4318792.093, 96
Trd, 4318794.543, 95
Trd, 4318794.793, 95
Trd, 4318794.843, 95
Trd, 4318795.293, 86
Trd, 4318795.843, 90
Trd, 4318798.293, 94
Trd, 4318801.043, 90
Trd, 4318803.443, 91
Trd, 4318803.543, 90
Trd, 4318804.393, 90
Trd, 4318805.443, 89
Trd, 4318809.543, 89
Trd, 4318809.893, 89
Trd, 4318810.893, 89
Trd, 4318811.443, 88
Trd, 4318811.493, 95
Trd, 4318814.843, 88
Trd, 4318816.343, 89
Trd, 4318816.743, 92
Trd, 4318819.093, 94
Trd, 4318819.943, 88
Trd, 4318822.093, 89
Trd, 4318823.643, 91
Trd, 4318825.343, 93
Trd, 4318826.643, 90
Trd, 4318827.643, 90
Trd, 4318828.593, 90
Trd, 4318832.193, 91
Trd, 4318832.443, 93
Trd, 4318833.243, 91
Trd, 4318834.643, 95
Trd, 4318836.743, 93
Trd, 4318838.193, 92
Trd, 4318839.143, 93
Trd, 4318843.543, 94
Trd, 4318843.743, 93
Trd, 4318844.493, 93
Trd, 4318845.293, 93
Trd, 4318846.693, 93
Trd, 4318848.043, 95
Trd, 4318851.193, 95
Trd, 4318851.793, 96
Trd, 4318852.693, 95
Trd, 4318854.943, 94
Trd, 4318855.093, 94
Trd, 4318855.493, 92
Trd, 4318858.043, 96
Trd, 4318858.543, 95
Trd, 4318863.193, 95
Trd, 4318864.243, 95
Trd, 4318865.493, 95
Trd, 4318866.543, 96
Trd, 4318867.493, 96
Trd, 4318868.543, 95
Trd, 4318872.443, 97
Trd, 4318873.143, 98
Trd, 4318873.493, 96
Trd, 4318875.093, 97
Trd, 4318877.993, 96
Trd, 4318878.293, 96
Trd, 4318878.343, 95
Trd, 4318879.543, 95
Trd, 4318881.443, 95
Trd, 4318883.493, 94
Trd, 4318884.193, 95
Trd, 4318886.093, 95
Trd, 4318887.693, 95
Trd, 4318887.743, 95
Trd, 4318888.793, 94
Trd, 4318891.543, 93
Trd, 4318892.343, 92
Trd, 4318892.693, 94
Trd, 4318894.843, 91
Trd, 4318896.743, 94
Trd, 4318896.843, 94
Trd, 4318897.243, 95
Trd, 4318899.443, 106
Trd, 4318899.593, 104
Trd, 4318902.893, 103
Trd, 4318903.193, 104
Trd, 4318904.193, 103
Trd, 4318904.743, 102
Trd, 4318906.343, 100
Trd, 4318907.793, 100
Trd, 4318908.443, 101
Trd, 4318909.643, 99
Trd, 4318909.943, 99
Trd, 4318911.893, 97
Trd, 4318912.493, 95
Trd, 4318913.193, 84
Trd, 4318914.443, 99
Trd, 4318915.343, 99
Trd, 4318916.793, 95
Trd, 4318917.293, 95
Trd, 4318917.393, 95
Trd, 4318918.193, 86
Trd, 4318919.243, 94
Trd, 4318919.893, 93
Trd, 4318924.393, 96
Trd, 4318925.093, 97
Trd, 4318926.993, 96
Trd, 4318927.793, 95
Trd, 4318928.143, 86
Trd, 4318928.243, 76
Trd, 4318930.293, 94
Trd, 4318932.393, 95
Trd, 4318932.943, 95
Trd, 4318935.093, 95
Trd, 4318937.343, 95
Trd, 4318937.543, 95
Trd, 4318939.843, 94
Trd, 4318941.993, 95
Trd, 4318942.943, 96
Trd, 4318943.443, 95
Trd, 4318944.843, 98
Trd, 4318947.993, 100
Trd, 4318948.293, 101
Trd, 4318949.093, 101
Trd, 4318949.943, 100
Trd, 4318950.793, 102
Trd, 4318951.343, 100
Trd, 4318952.543, 94
Trd, 4318952.943, 98
Trd, 4318955.293, 100
Trd, 4318957.343, 98
Trd, 4318957.893, 85
Trd, 4318958.193, 77
Trd, 4318958.893, 89
Trd, 4318961.143, 95
Trd, 4318961.743, 96
Trd, 4318962.293, 95
Trd, 4318962.943, 93
Trd, 4318963.393, 76
Trd, 4318966.893, 99
Trd, 4318968.043, 104
Trd, 4318968.193, 100
Trd, 4318969.243, 99
Trd, 4318970.993, 98
Trd, 4318971.443, 97
Trd, 4318972.043, 97
Trd, 4318973.193, 97
Trd, 4318974.543, 91
Trd, 4318975.893, 96
Trd, 4318977.743, 93
Trd, 4318978.993, 95
Trd, 4318980.343, 95
Trd, 4318981.343, 95
Trd, 4318981.593, 94
Trd, 4318982.643, 93
Trd, 4318984.343, 95
Trd, 4318985.393, 95
Trd, 4318986.943, 96
Trd, 4318987.043, 95
Trd, 4318989.143, 96
Trd, 4318989.743, 96
Trd, 4318992.293, 97
Trd, 4318995.043, 97
Trd, 4318995.243, 97
Trd, 4318997.543, 96
Trd, 4318997.843, 95
Trd, 4318997.993, 95
Trd, 4318998.143, 86
Trd, 4319001.043, 96
Trd, 4319001.993, 95
Trd, 4319003.593, 94
Trd, 4319004.093, 95
Trd, 4319004.193, 86
Trd, 4319006.443, 75
Trd, 4319007.393, 91
Trd, 4319010.293, 95
Trd, 4319010.643, 93
Trd, 4319012.493, 101
Trd, 4319013.643, 100
Trd, 4319014.443, 100
Trd, 4319015.193, 101
Trd, 4319016.643, 101
Trd, 4319017.493, 101
Trd, 4319018.443, 100
Trd, 4319018.743, 99
Trd, 4319021.793, 98
Trd, 4319022.143, 97
Trd, 4319022.643, 96
Trd, 4319025.693, 96
Trd, 4319026.593, 98
Trd, 4319027.293, 97
Trd, 4319029.893, 96
Trd, 4319031.943, 96
Trd, 4319033.043, 94
Trd, 4319034.093, 96
Trd, 4319036.393, 95
Trd, 4319036.493, 95
Trd, 4319038.043, 94
Trd, 4319040.743, 94
Trd, 4319041.543, 95
Trd, 4319041.793, 96
Trd, 4319042.993, 94
Trd, 4319043.893, 95
Trd, 4319045.843, 96
Trd, 4319047.493, 95
Trd, 4319048.943, 95
Trd, 4319049.793, 94
Trd, 4319052.093, 97
Trd, 4319053.293, 95
Trd, 4319055.293, 97
Trd, 4319055.893, 97
Trd, 4319056.343, 96
Trd, 4319057.993, 95
Trd, 4319059.743, 96
Trd, 4319060.393, 96
Trd, 4319061.493, 96
Trd, 4319062.443, 95
Trd, 4319064.443, 94
Trd, 4319065.493, 92
Trd, 4319065.893, 94
Trd, 4319067.293, 92
Trd, 4319068.193, 93
Trd, 4319068.443, 93
Trd, 4319071.993, 97
Trd, 4319072.743, 97
Trd, 4319074.293, 103
Trd, 4319074.893, 102
Trd, 4319075.843, 101
Trd, 4319076.993, 101
Trd, 4319077.293, 95
Trd, 4319079.893, 101
Trd, 4319080.343, 100
Trd, 4319080.843, 100
Trd, 4319082.493, 99
Trd, 4319084.843, 98
Trd, 4319085.643, 98
Trd, 4319087.543, 97
Trd, 4319087.593, 96
Trd, 4319088.643, 96
Trd, 4319090.193, 96
Trd, 4319093.093, 102
Trd, 4319094.643, 101
Trd, 4319095.593, 100
Trd, 4319096.843, 99
Trd, 4319097.543, 98
Trd, 4319098.443, 97
Trd, 4319098.843, 85
Trd, 4319102.743, 100
Trd, 4319102.893, 99
Trd, 4319103.793, 100
Trd, 4319104.393, 99
Trd, 4319104.593, 99
Trd, 4319106.393, 102
Trd, 4319107.093, 101
Trd, 4319108.193, 100
Trd, 4319109.693, 100
Trd, 4319110.443, 97
Trd, 4319112.193, 93
Trd, 4319112.893, 93
Trd, 4319113.543, 93
Trd, 4319114.193, 94
Trd, 4319115.693, 96
Trd, 4319115.943, 96
Trd, 4319117.743, 95
Trd, 4319119.993, 95
Trd, 4319121.643, 97
Trd, 4319122.793, 96
Trd, 4319126.793, 95
Trd, 4319127.193, 95
Trd, 4319127.293, 95
Trd, 4319127.643, 93
Trd, 4319129.943, 91
Trd, 4319131.693, 91
Trd, 4319131.843, 88
Trd, 4319131.943, 95
Trd, 4319135.593, 91
Trd, 4319136.643, 94
Trd, 4319136.893, 93
Trd, 4319138.793, 95
Trd, 4319141.043, 95
Trd, 4319141.143, 93
Trd, 4319141.743, 93
Trd, 4319142.293, 92
Trd, 4319146.593, 95
Trd, 4319147.193, 95
Trd, 4319149.093, 95
Trd, 4319149.193, 95
Trd, 4319150.093, 95
Trd, 4319151.093, 95
Trd, 4319151.443, 94
Trd, 4319153.893, 97
Trd, 4319156.843, 96
Trd, 4319157.293, 95
Trd, 4319157.543, 95
Trd, 4319159.143, 95
Trd, 4319159.693, 95
Trd, 4319162.193, 94
Trd, 4319162.993, 96
Trd, 4319164.293, 95
Trd, 4319167.393, 97
Trd, 4319169.093, 97
Trd, 4319171.043, 97
Trd, 4319172.193, 97
Trd, 4319173.493, 98
Trd, 4319173.693, 98
Trd, 4319174.093, 97
Trd, 4319175.193, 96
Trd, 4319178.393, 96
Trd, 4319179.293, 95
Trd, 4319182.243, 95
Trd, 4319183.443, 95
Trd, 4319184.293, 94
Trd, 4319184.893, 95
Trd, 4319186.993, 95
Trd, 4319187.293, 96
Trd, 4319188.343, 97
Trd, 4319190.793, 98
Trd, 4319191.193, 98
Trd, 4319195.543, 98
Trd, 4319196.193, 99
Trd, 4319196.293, 97
Trd, 4319196.343, 97
Trd, 4319199.793, 96
Trd, 4319201.793, 99
Trd, 4319204.093, 101
Trd, 4319205.343, 101
Trd, 4319205.393, 100
Trd, 4319206.343, 99
Trd, 4319207.693, 99
Trd, 4319209.393, 100
Trd, 4319210.593, 100
Trd, 4319211.943, 99
Trd, 4319212.893, 99
Trd, 4319215.393, 98
Trd, 4319215.493, 98
Trd, 4319216.943, 96
Trd, 4319218.193, 98
Trd, 4319221.393, 97
Trd, 4319223.693, 97
Trd, 4319224.393, 96
Trd, 4319224.893, 95
Trd, 4319226.543, 96
Trd, 4319227.393, 94
Trd, 4319227.893, 96
Trd, 4319230.143, 95
Trd, 4319230.893, 94
Trd, 4319231.993, 93
Trd, 4319232.743, 93
Trd, 4319234.093, 93
Trd, 4319235.043, 92
Trd, 4319236.493, 93
Trd, 4319239.843, 96
Trd, 4319240.543, 95
Trd, 4319242.193, 95
Trd, 4319242.443, 94
Trd, 4319243.693, 95
Trd, 4319245.993, 95
Trd, 4319246.743, 95
Trd, 4319247.093, 95
Trd, 4319247.543, 95
Trd, 4319248.243, 95
Trd, 4319252.093, 94
Trd, 4319252.893, 94
Trd, 4319252.993, 93
Trd, 4319255.593, 94
Trd, 4319256.593, 95
Trd, 4319257.993, 94
Trd, 4319259.893, 95
Trd, 4319260.443, 95
Trd, 4319263.343, 95
Trd, 4319263.593, 95
Trd, 4319263.843, 95
Trd, 4319264.043, 96
Trd, 4319265.443, 96
Trd, 4319265.543, 94
Trd, 4319268.093, 96
Trd, 4319270.343, 96
Trd, 4319270.843, 97
Trd, 4319271.343, 96
Trd, 4319271.993, 96
Trd, 4319275.543, 95
Trd, 4319276.493, 95
Trd, 4319277.193, 95
Trd, 4319277.993, 96
Trd, 4319278.743, 96
Trd, 4319280.943, 96
Trd, 4319285.193, 95
Trd, 4319286.643, 95
Trd, 4319287.193, 95
Trd, 4319287.693, 94
Trd, 4319289.543, 96
Trd, 4319290.193, 94
Trd, 4319291.943, 94
Trd, 4319292.843, 94
Trd, 4319293.393, 94
Trd, 4319294.293, 95
Trd, 4319294.393, 93
Trd, 4319297.043, 93
Trd, 4319299.593, 95
Trd, 4319301.593, 96
Trd, 4319301.643, 96
Trd, 4319303.343, 95
Trd, 4319303.543, 93
Trd, 4319305.293, 95
Trd, 4319306.393, 99
Trd, 4319306.793, 96
Trd, 4319307.493, 96
Trd, 4319309.043, 98
Trd, 4319311.493, 98
Trd, 4319312.843, 99
Trd, 4319315.543, 98
Trd, 4319316.193, 98
Trd, 4319316.393, 98
Trd, 4319318.043, 98
Trd, 4319319.993, 99
Trd, 4319320.293, 99
Trd, 4319322.193, 99
Trd, 4319322.443, 98
Trd, 4319325.093, 97
Trd, 4319326.143, 98
Trd, 4319327.093, 98
Trd, 4319327.843, 97
Trd, 4319328.743, 96
Trd, 4319331.293, 97
Trd, 4319331.643, 96
Trd, 4319332.343, 95
Trd, 4319334.993, 95
Trd, 4319336.543, 94
Trd, 4319336.643, 95
Trd, 4319337.543, 93
Trd, 4319338.693, 93
Trd, 4319339.393, 94
Trd, 4319340.043, 95
Trd, 4319340.593, 95
Trd, 4319344.793, 94
Trd, 4319345.543, 94
Trd, 4319346.693, 95
Trd, 4319347.993, 97
Trd, 4319350.893, 96
Trd, 4319351.143, 96
Trd, 4319355.093, 95
Trd, 4319355.243, 95
Trd, 4319356.493, 95
Trd, 4319356.793, 95
Trd, 4319358.093, 96
Trd, 4319359.643, 104
Trd, 4319359.843, 102
Trd, 4319362.943, 107
Trd, 4319363.193, 106
Trd, 4319363.443, 105
Trd, 4319363.843, 103
Trd, 4319366.243, 104
Trd, 4319367.343, 106
Trd, 4319367.593, 104
Trd, 4319369.993, 105
Trd, 4319370.443, 103
Trd, 4319372.093, 105
Trd, 4319372.993, 104
Trd, 4319374.943, 103
Trd, 4319376.693, 105
Trd, 4319377.543, 104
Trd, 4319377.643, 103
Trd, 4319378.193, 102
Trd, 4319379.193, 96
Trd, 4319380.193, 100
Trd, 4319384.493, 99
Trd, 4319385.193, 98
Trd, 4319386.443, 95
Trd, 4319388.193, 96
Trd, 4319391.593, 95
Trd, 4319391.643, 95
Trd, 4319392.343, 96
Trd, 4319393.393, 95
Trd, 4319395.743, 94
Trd, 4319396.443, 93
Trd, 4319399.043, 94
Trd, 4319399.643, 93
Trd, 4319400.293, 92
Trd, 4319402.143, 95
Trd, 4319402.293, 94
Trd, 4319404.193, 92
Trd, 4319405.893, 94
Trd, 4319406.093, 94
Trd, 4319410.793, 97
Trd, 4319412.593, 97
Trd, 4319412.993, 96
Trd, 4319413.143, 96
Trd, 4319416.643, 95
Trd, 4319417.393, 95
Trd, 4319418.393, 95
Trd, 4319419.543, 95
Trd, 4319421.143, 96
Trd, 4319423.543, 97
Trd, 4319424.343, 97
Trd, 4319425.993, 96
Trd, 4319426.943, 96
Trd, 4319428.193, 95
Trd, 4319428.693, 97
Trd, 4319430.043, 99
Trd, 4319431.693, 98
Trd, 4319432.093, 98
Trd, 4319433.393, 99
Trd, 4319434.143, 98
Trd, 4319435.593, 96
Trd, 4319437.443, 99
Trd, 4319437.793, 97
Trd, 4319438.993, 96
Trd, 4319440.393, 96
Trd, 4319441.943, 97
Trd, 4319442.093, 96
Trd, 4319444.093, 97
Trd, 4319444.793, 95
Trd, 4319447.093, 96
Trd, 4319447.843, 95
Trd, 4319449.443, 95
Trd, 4319450.043, 94
Trd, 4319451.793, 95
Trd, 4319453.693, 93
Trd, 4319455.743, 93
Trd, 4319456.293, 93
Trd, 4319457.493, 93
Trd, 4319458.843, 95
Trd, 4319459.793, 95
Trd, 4319461.843, 95
Trd, 4319465.043, 97
Trd, 4319465.493, 96
Trd, 4319465.793, 96
Trd, 4319467.343, 96
Trd, 4319467.893, 95
Trd, 4319468.293, 96
Trd, 4319468.693, 94
Trd, 4319471.893, 95
Trd, 4319473.093, 95
Trd, 4319473.843, 95
Trd, 4319475.193, 96
Trd, 4319475.593, 98
Trd, 4319475.693, 96
Trd, 4319478.193, 98
Trd, 4319478.693, 99
Trd, 4319480.193, 99
Trd, 4319482.043, 99
Trd, 4319482.593, 98
Trd, 4319484.543, 97
Trd, 4319485.193, 96
Trd, 4319485.593, 97
Trd, 4319488.893, 96
Trd, 4319490.093, 98
Trd, 4319491.293, 104
Trd, 4319492.293, 102
Trd, 4319493.243, 102
Trd, 4319493.743, 101
Trd, 4319494.843, 101
Trd, 4319495.593, 100
Trd, 4319495.893, 101
Trd, 4319496.943, 99
Trd, 4319498.393, 98
Trd, 4319498.993, 98
Trd, 4319501.143, 97
Trd, 4319502.843, 98
Trd, 4319503.243, 98
Trd, 4319504.193, 98
Trd, 4319508.043, 97
Trd, 4319508.393, 96
Trd, 4319509.443, 95
Trd, 4319509.693, 95
Trd, 4319512.143, 97
Trd, 4319512.393, 98
Trd, 4319513.743, 97
Trd, 4319513.993, 97
Trd, 4319515.943, 97
Trd, 4319516.493, 98
Trd, 4319516.993, 98
Trd, 4319519.143, 100
Trd, 4319521.293, 99
Trd, 4319521.343, 99
Trd, 4319521.943, 99
Trd, 4319522.493, 97
Trd, 4319523.943, 95
Trd, 4319526.793, 97
Trd, 4319529.043, 96
Trd, 4319530.043, 98
Trd, 4319531.143, 98
Trd, 4319531.243, 96
Trd, 4319533.593, 97
Trd, 4319535.343, 98
Trd, 4319535.393, 97
Trd, 4319536.093, 98
Trd, 4319538.843, 99
Trd, 4319539.693, 98
Trd, 4319540.843, 98
Trd, 4319541.343, 97
Trd, 4319541.693, 95
Trd, 4319543.793, 95
Trd, 4319546.143, 99
Trd, 4319546.493, 99
Trd, 4319547.643, 97
Trd, 4319547.943, 98
Trd, 4319549.193, 97
Trd, 4319549.443, 97
Trd, 4319552.193, 97
Trd, 4319553.493, 95
Trd, 4319553.543, 95
Trd, 4319555.443, 95
Trd, 4319556.843, 98
Trd, 4319558.043, 98
Trd, 4319558.943, 97
Trd, 4319559.393, 93
Trd, 4319561.093, 101
Trd, 4319561.943, 99
Trd, 4319563.543, 99
Trd, 4319566.993, 100
Trd, 4319567.743, 99
Trd, 4319568.093, 100
Trd, 4319568.643, 99
Trd, 4319572.143, 98
Trd, 4319573.343, 98
Trd, 4319574.693, 98
Trd, 4319576.293, 98
Trd, 4319578.943, 97
Trd, 4319580.343, 98
Trd, 4319580.893, 97
Trd, 4319581.843, 97
Trd, 4319582.893, 97
Trd, 4319584.243, 96
Trd, 4319584.543, 96
Trd, 4319587.343, 100
Trd, 4319588.193, 101
Trd, 4319589.043, 101
Trd, 4319589.343, 100
Trd, 4319589.843, 95
Trd, 4319593.493, 99
Trd, 4319593.693, 99
Trd, 4319596.543, 99
Trd, 4319597.493, 97
Trd, 4319598.643, 96
Trd, 4319599.043, 94
Trd, 4319601.193, 95
Trd, 4319602.743, 94
Trd, 4319603.193, 94
Trd, 4319605.093, 93
Trd, 4319605.243, 93
Trd, 4319605.393, 95
Trd, 4319606.193, 93
Trd, 4319607.293, 93
Trd, 4319608.543, 94
Trd, 4319610.443, 93
Trd, 4319611.093, 94
Trd, 4319613.243, 94
Trd, 4319613.793, 94
Trd, 4319614.693, 93
Trd, 4319615.543, 92
Trd, 4319617.743, 96
Trd, 4319619.193, 94
Trd, 4319619.443, 93
Trd, 4319622.843, 96
Trd, 4319623.393, 97
Trd, 4319624.093, 94
Trd, 4319625.593, 95
Trd, 4319627.443, 95
Trd, 4319627.493, 95
Trd, 4319627.893, 95
Trd, 4319631.543, 95
Trd, 4319631.993, 94
Trd, 4319632.593, 94
Trd, 4319636.643, 96
Trd, 4319636.743, 95
Trd, 4319638.243, 95
Trd, 4319640.243, 95
Trd, 4319640.693, 95
Trd, 4319641.293, 97
Trd, 4319644.193, 100
Trd, 4319644.393, 99
Trd, 4319645.143, 99
Trd, 4319645.693, 99
Trd, 4319646.643, 98
Trd, 4319647.693, 97
Trd, 4319650.943, 98
Trd, 4319651.593, 97
Trd, 4319652.893, 96
Trd, 4319656.243, 99
Trd, 4319657.943, 100
Trd, 4319659.393, 99
Trd, 4319659.693, 99
Trd, 4319660.693, 98
Trd, 4319663.793, 96
Trd, 4319664.893, 97
Trd, 4319665.493, 98
Trd, 4319668.793, 97
Trd, 4319668.893, 97
Trd, 4319669.893, 96
Trd, 4319670.793, 95
Trd, 4319671.643, 96
Trd, 4319672.843, 95
Trd, 4319673.593, 94
Trd, 4319676.593, 95
Trd, 4319676.743, 92
Trd, 4319679.443, 95
Trd, 4319681.893, 94
Trd, 4319681.943, 95
Trd, 4319682.543, 93
Trd, 4319685.393, 92
Trd, 4319685.693, 92
Trd, 4319688.993, 94
Trd, 4319689.843, 95
Trd, 4319690.043, 93
Trd, 4319691.393, 92
Trd, 4319692.193, 95
Trd, 4319693.293, 95
Trd, 4319694.193, 104
Trd, 4319695.043, 110
Trd, 4319697.693, 107
Trd, 4319698.793, 108
Trd, 4319699.243, 107
Trd, 4319699.943, 106
Trd, 4319701.993, 105
Trd, 4319702.193, 104
Trd, 4319703.743, 103
Trd, 4319704.293, 102
Trd, 4319704.643, 102
Trd, 4319706.193, 101
Trd, 4319706.993, 101
Trd, 4319709.543, 101
Trd, 4319709.893, 100
Trd, 4319710.843, 99
Trd, 4319711.593, 100
Trd, 4319713.993, 99
Trd, 4319714.543, 98
Trd, 4319716.093, 97
Trd, 4319716.493, 96
Trd, 4319716.543, 95
Trd, 4319719.443, 95
Trd, 4319719.943, 95
Trd, 4319720.993, 94
Trd, 4319723.593, 94
Trd, 4319723.993, 94
Trd, 4319725.793, 94
Trd, 4319726.343, 93
Trd, 4319726.743, 92
Trd, 4319729.143, 95
Trd, 4319730.043, 95
Trd, 4319731.543, 95
Trd, 4319732.393, 96
Trd, 4319734.843, 97
Trd, 4319735.543, 95
Trd, 4319736.043, 97
Trd, 4319737.693, 97
Trd, 4319738.393, 97
Trd, 4319740.743, 99
Trd, 4319743.543, 99
Trd, 4319745.343, 100
Trd, 4319746.343, 99
Trd, 4319748.493, 99
Trd, 4319748.893, 99
Trd, 4319748.943, 98
Trd, 4319749.993, 98
Trd, 4319750.493, 95
Trd, 4319754.043, 96
Trd, 4319754.393, 95
Trd, 4319755.793, 97
Trd, 4319757.843, 96
Trd, 4319758.343, 96
Trd, 4319758.843, 95
Trd, 4319758.993, 95
Trd, 4319759.243, 95
Trd, 4319760.693, 96
Trd, 4319762.593, 98
Trd, 4319763.393, 97
Trd, 4319764.543, 97
Trd, 4319765.293, 97
Trd, 4319766.293, 95
Trd, 4319767.443, 95
Trd, 4319768.793, 95
Trd, 4319769.093, 96
Trd, 4319770.493, 95
Trd, 4319772.043, 95
Trd, 4319773.693, 96
Trd, 4319773.893, 96
Trd, 4319775.993, 95
Trd, 4319776.093, 95
Trd, 4319776.843, 94
Trd, 4319777.093, 84
Trd, 4319780.443, 97
Trd, 4319781.243, 96
Trd, 4319782.243, 97
Trd, 4319783.843, 95
Trd, 4319786.293, 95
Trd, 4319787.093, 96
Trd, 4319787.893, 96
Trd, 4319788.393, 95
Trd, 4319791.093, 95
Trd, 4319791.793, 94
Trd, 4319793.143, 95
Trd, 4319794.543, 95
Trd, 4319794.943, 93
Trd, 4319797.043, 94
Trd, 4319798.093, 96
Trd, 4319798.943, 97
Trd, 4319801.193, 96
Trd, 4319802.043, 95
Trd, 4319803.893, 94
Trd, 4319806.043, 93
Trd, 4319807.193, 95
Trd, 4319807.393, 93
Trd, 4319809.343, 93
Trd, 4319811.143, 94
Trd, 4319811.543, 95
Trd, 4319812.493, 95
Trd, 4319814.793, 98
Trd, 4319815.093, 98
Trd, 4319816.843, 97
Trd, 4319818.293, 97
Trd, 4319819.993, 97
Trd, 4319821.343, 96
Trd, 4319821.993, 97
Trd, 4319822.743, 95
Trd, 4319824.943, 95
Trd, 4319825.643, 95
Trd, 4319827.593, 94
Trd, 4319828.643, 92
Trd, 4319830.843, 94
Trd, 4319831.693, 95
Trd, 4319834.543, 97
Trd, 4319835.043, 96
Trd, 4319835.343, 95
Trd, 4319837.693, 96
Trd, 4319838.693, 96
Trd, 4319840.043, 98
Trd, 4319841.243, 97
Trd, 4319842.343, 96
Trd, 4319844.043, 96
Trd, 4319844.993, 96
Trd, 4319846.193, 95
Trd, 4319846.593, 96
Trd, 4319847.893, 95
Trd, 4319848.393, 94
Trd, 4319852.593, 96
Trd, 4319852.743, 95
Trd, 4319852.943, 96
Trd, 4319854.143, 95
Trd, 4319855.593, 95
Trd, 4319857.293, 95
Trd, 4319860.043, 95
Trd, 4319860.143, 94
Trd, 4319860.793, 95
Trd, 4319861.293, 97
Trd, 4319861.693, 93
Trd, 4319865.293, 94
Trd, 4319865.843, 94
Trd, 4319867.843, 94
Trd, 4319868.043, 93
Trd, 4319868.743, 93
Trd, 4319870.643, 95
Trd, 4319872.493, 94
Trd, 4319873.443, 94
Trd, 4319875.643, 94
Trd, 4319876.643, 93
Trd, 4319877.243, 92
Trd, 4319878.543, 94
Trd, 4319881.343, 94
Trd, 4319883.193, 94
Trd, 4319883.593, 95
Trd, 4319886.993, 94
Trd, 4319887.393, 94
Trd, 4319888.443, 94
Trd, 4319889.493, 94
Trd, 4319890.193, 96
Trd, 4319890.943, 94
Trd, 4319892.393, 93
Trd, 4319896.643, 101
Trd, 4319897.543, 97
Trd, 4319898.393, 97
Trd, 4319898.543, 96
Trd, 4319900.343, 96
Trd, 4319902.293, 97
Trd, 4319903.393, 97
Trd, 4319903.593, 96
Trd, 4319903.993, 96
Trd, 4319905.593, 95
Trd, 4319906.093, 95
Trd, 4319907.193, 96
Trd, 4319909.243, 97
Trd, 4319910.193, 96
Trd, 4319910.543, 96
Trd, 4319913.143, 97
Trd, 4319916.393, 101
Trd, 4319916.843, 99
Trd, 4319919.243, 98
Trd, 4319919.293, 97
Trd, 4319920.543, 99
Trd, 4319922.493, 98
Trd, 4319923.143, 97
Trd, 4319924.593, 97
Trd, 4319926.493, 96
Trd, 4319928.043, 91
Trd, 4319928.243, 86
Trd, 4319928.293, 93
Trd, 4319930.043, 92
Trd, 4319931.593, 92
Trd, 4319933.693, 93
Trd, 4319935.843, 94
Trd, 4319938.293, 93
Trd, 4319938.393, 93
Trd, 4319940.443, 93
Trd, 4319940.493, 92
Trd, 4319941.393, 93
Trd, 4319942.893, 92
Trd, 4319947.293, 91
Trd, 4319948.093, 90
Trd, 4319949.643, 92
Trd, 4319950.293, 92
Trd, 4319950.593, 90
Trd, 4319954.193, 89
Trd, 4319955.693, 96
Trd, 4319955.943, 95
Trd, 4319957.093, 93
Trd, 4319957.593, 94
Trd, 4319958.943, 94
Trd, 4319961.243, 97
Trd, 4319962.443, 95
Trd, 4319964.243, 96
Trd, 4319965.193, 95
Trd, 4319965.993, 95
Trd, 4319966.693, 94
Trd, 4319969.593, 95
Trd, 4319970.593, 95
Trd, 4319970.943, 95
Trd, 4319970.993, 94
Trd, 4319971.543, 94
Trd, 4319973.693, 95
Trd, 4319973.843, 93
Trd, 4319977.293, 95
Trd, 4319977.743, 95
Trd, 4319979.093, 95
Trd, 4319979.993, 95
Trd, 4319981.493, 95
Trd, 4319981.743, 94
Trd, 4319982.843, 93
Trd, 4319985.743, 95
Trd, 4319988.493, 95
Trd, 4319988.693, 94
Trd, 4319989.343, 95
Trd, 4319990.093, 95
Trd, 4319990.843, 94
Trd, 4319992.193, 95
Trd, 4319992.693, 95
Trd, 4319994.193, 94
Trd, 4319994.993, 94
Trd, 4319996.393, 87
Trd, 4319997.793, 92
Trd, 4319999.143, 91
