Trd, 4317932.693, 95
Trd, 4317932.993, 92
Trd, 4317934.643, 101
Trd, 4317936.293, 96
Trd, 4317937.543, 102
Trd, 4317937.993, 95
Trd, 4317939.393, 94
Trd, 4317940.443, 94
Trd, 4317940.993, 97
Trd, 4317941.343, 93
Trd, 4317942.243, 104
Trd, 4317944.193, 95
Trd, 4317946.243, 94
Trd, 4317946.843, 92
Trd, 4317948.043, 95
Trd, 4317949.343, 91
Trd, 4317952.093, 95
Trd, 4317952.143, 96
Trd, 4317953.093, 94
Trd, 4317955.493, 96
Trd, 4317957.893, 96
Trd, 4317958.443, 92
Trd, 4317958.943, 115
Trd, 4317959.593, 92
Trd, 4317960.343, 92
Trd, 4317961.793, 96
Trd, 4317963.143, 99
Trd, 4317963.493, 104
Trd, 4317964.543, 96
Trd, 4317965.943, 95
Trd, 4317966.543, 92
Trd, 4317969.543, 98
Trd, 4317970.343, 99
Trd, 4317970.993, 94
Trd, 4317971.543, 105
Trd, 4317971.843, 91
Trd, 4317972.243, 84
Trd, 4317974.693, 89
Trd, 4317976.693, 98
Trd, 4317977.093, 94
Trd, 4317977.293, 95
Trd, 4317977.543, 107
Trd, 4317980.043, 101
Trd, 4317981.293, 100
Trd, 4317981.343, 97
Trd, 4317981.493, 108
Trd, 4317984.643, 96
Trd, 4317984.843, 93
Trd, 4317985.043, 86
Trd, 4317985.593, 103
Trd, 4317985.743, 103
Trd, 4317987.443, 93
Trd, 4317988.743, 107
Trd, 4317991.243, 102
Trd, 4317991.293, 93
Trd, 4317993.043, 103
Trd, 4317993.593, 104
Trd, 4317995.643, 104
Trd, 4317995.893, 93
Trd, 4317997.643, 93
Trd, 4317999.243, 99
Trd, 4318001.443, 99
Trd, 4318001.543, 94
Trd, 4318002.093, 100
Trd, 4318004.643, 100
Trd, 4318004.743, 108
Trd, 4318004.943, 93
Trd, 4318007.093, 99
Trd, 4318008.343, 102
Trd, 4318010.143, 101
Trd, 4318010.393, 104
Trd, 4318011.893, 105
Trd, 4318012.543, 104
Trd, 4318013.943, 116
Trd, 4318014.793, 109
Trd, 4318015.393, 102
Trd, 4318018.193, 104
Trd, 4318018.343, 109
Trd, 4318018.693, 94
Trd, 4318020.743, 101
Trd, 4318022.593, 100
Trd, 4318025.043, 99
Trd, 4318025.243, 106
Trd, 4318026.643, 100
Trd, 4318027.293, 102
Trd, 4318028.993, 99
Trd, 4318029.943, 103
Trd, 4318030.343, 99
Trd, 4318032.593, 102
Trd, 4318033.443, 98
Trd, 4318034.193, 102
Trd, 4318034.843, 93
Trd, 4318036.393, 102
Trd, 4318037.893, 97
Trd, 4318038.343, 94
Trd, 4318039.643, 102
Trd, 4318042.043, 102
Trd, 4318042.493, 103
Trd, 4318043.743, 97
Trd, 4318044.543, 104
Trd, 4318045.293, 104
Trd, 4318047.593, 103
Trd, 4318047.893, 99
Trd, 4318049.543, 99
Trd, 4318049.943, 95
Trd, 4318051.793, 99
Trd, 4318053.543, 98
Trd, 4318055.543, 100
Trd, 4318056.243, 99
Trd, 4318056.643, 94
Trd, 4318057.593, 96
Trd, 4318057.643, 97
Trd, 4318058.443, 88
Trd, 4318059.243, 96
Trd, 4318061.543, 95
Trd, 4318061.943, 94
Trd, 4318063.693, 96
Trd, 4318064.093, 106
Trd, 4318065.043, 100
Trd, 4318065.293, 93
Trd, 4318066.393, 85
Trd, 4318067.393, 108
Trd, 4318067.593, 113
Trd, 4318067.743, 88
Trd, 4318069.743, 110
Trd, 4318070.093, 112
Trd, 4318070.243, 105
Trd, 4318074.893, 87
Trd, 4318075.693, 111
Trd, 4318076.393, 104
Trd, 4318076.893, 84
Trd, 4318077.543, 112
Trd, 4318077.993, 110
Trd, 4318079.093, 103
Trd, 4318079.893, 98
Trd, 4318080.843, 98
Trd, 4318082.093, 104
Trd, 4318082.193, 122
Trd, 4318082.343, 87
Trd, 4318082.743, 91
Trd, 4318084.593, 102
Trd, 4318086.443, 118
Trd, 4318086.843, 101
Trd, 4318087.693, 104
Trd, 4318088.443, 102
Trd, 4318088.493, 106
Trd, 4318091.793, 104
Trd, 4318092.343, 101
Trd, 4318094.743, 101
Trd, 4318096.293, 100
Trd, 4318096.443, 104
Trd, 4318097.393, 106
Trd, 4318098.593, 94
Trd, 4318098.793, 106
Trd, 4318099.793, 101
Trd, 4318102.293, 114
Trd, 4318103.243, 112
Trd, 4318104.543, 110
Trd, 4318105.593, 109
Trd, 4318107.843, 103
Trd, 4318108.243, 108
Trd, 4318108.693, 107
Trd, 4318108.793, 106
Trd, 4318111.843, 108
Trd, 4318113.143, 107
Trd, 4318113.193, 102
Trd, 4318114.643, 95
Trd, 4318115.693, 95
Trd, 4318117.543, 94
Trd, 4318118.093, 95
Trd, 4318119.993, 95
Trd, 4318121.093, 94
Trd, 4318121.343, 93
Trd, 4318122.693, 95
Trd, 4318124.943, 94
Trd, 4318125.243, 95
Trd, 4318126.993, 104
Trd, 4318128.243, 104
Trd, 4318128.293, 98
Trd, 4318128.643, 119
Trd, 4318130.443, 103
Trd, 4318130.993, 108
Trd, 4318131.293, 93
Trd, 4318132.043, 122
Trd, 4318134.043, 111
Trd, 4318137.293, 110
Trd, 4318138.043, 92
Trd, 4318139.043, 106
Trd, 4318139.643, 113
Trd, 4318140.893, 106
Trd, 4318143.893, 104
Trd, 4318144.593, 103
Trd, 4318146.443, 106
Trd, 4318147.143, 107
Trd, 4318148.043, 107
Trd, 4318149.043, 106
Trd, 4318149.493, 104
Trd, 4318149.693, 107
Trd, 4318149.743, 103
Trd, 4318152.593, 102
Trd, 4318153.293, 107
Trd, 4318154.343, 119
Trd, 4318156.493, 103
Trd, 4318156.593, 92
Trd, 4318157.043, 117
Trd, 4318157.843, 84
Trd, 4318159.943, 109
Trd, 4318161.843, 106
Trd, 4318162.193, 103
Trd, 4318162.843, 88
Trd, 4318163.193, 94
Trd, 4318163.343, 104
Trd, 4318166.193, 100
Trd, 4318168.093, 100
Trd, 4318169.343, 99
Trd, 4318170.293, 100
Trd, 4318170.793, 104
Trd, 4318170.993, 96
Trd, 4318171.543, 103
Trd, 4318173.543, 94
Trd, 4318174.193, 92
Trd, 4318174.993, 95
Trd, 4318178.493, 92
Trd, 4318179.643, 90
Trd, 4318180.093, 96
Trd, 4318181.593, 90
Trd, 4318181.943, 93
Trd, 4318182.943, 88
Trd, 4318183.993, 96
Trd, 4318184.143, 104
Trd, 4318185.193, 94
Trd, 4318185.343, 91
Trd, 4318187.643, 115
Trd, 4318188.793, 104
Trd, 4318189.843, 94
Trd, 4318190.793, 92
Trd, 4318191.993, 94
Trd, 4318192.643, 96
Trd, 4318194.143, 97
Trd, 4318198.893, 105
Trd, 4318198.993, 94
Trd, 4318199.343, 101
Trd, 4318199.893, 96
Trd, 4318200.643, 106
Trd, 4318201.843, 102
Trd, 4318203.943, 93
Trd, 4318204.743, 97
Trd, 4318205.343, 102
Trd, 4318206.243, 104
Trd, 4318206.293, 94
Trd, 4318206.943, 109
Trd, 4318208.093, 92
Trd, 4318208.693, 106
Trd, 4318210.893, 100
Trd, 4318211.593, 106
Trd, 4318213.693, 106
Trd, 4318215.393, 113
Trd, 4318215.443, 94
Trd, 4318215.593, 110
Trd, 4318217.493, 100
Trd, 4318218.043, 94
Trd, 4318219.293, 97
Trd, 4318219.743, 113
Trd, 4318221.043, 104
Trd, 4318221.493, 84
Trd, 4318223.843, 98
Trd, 4318224.593, 98
Trd, 4318227.443, 98
Trd, 4318228.143, 104
Trd, 4318228.443, 94
Trd, 4318229.593, 96
Trd, 4318230.043, 101
Trd, 4318231.893, 103
Trd, 4318231.993, 100
Trd, 4318235.143, 98
Trd, 4318235.343, 101
Trd, 4318235.893, 101
Trd, 4318235.943, 105
Trd, 4318236.343, 94
Trd, 4318237.393, 96
Trd, 4318239.243, 113
Trd, 4318239.943, 107
Trd, 4318241.393, 103
Trd, 4318242.243, 108
Trd, 4318244.343, 108
Trd, 4318246.043, 108
Trd, 4318246.893, 109
Trd, 4318248.343, 93
Trd, 4318250.093, 101
Trd, 4318250.343, 100
Trd, 4318250.993, 93
Trd, 4318251.293, 104
Trd, 4318251.793, 105
Trd, 4318253.143, 87
Trd, 4318253.893, 104
Trd, 4318256.793, 100
Trd, 4318256.993, 100
Trd, 4318258.043, 105
Trd, 4318259.893, 96
Trd, 4318261.093, 99
Trd, 4318261.293, 94
Trd, 4318262.293, 99
Trd, 4318262.443, 93
Trd, 4318263.443, 94
Trd, 4318264.693, 105
Trd, 4318265.443, 95
Trd, 4318266.493, 103
Trd, 4318268.043, 110
Trd, 4318269.093, 106
Trd, 4318269.993, 101
Trd, 4318271.243, 102
Trd, 4318272.543, 91
Trd, 4318274.893, 96
Trd, 4318276.393, 102
Trd, 4318276.893, 97
Trd, 4318279.293, 100
Trd, 4318279.693, 93
Trd, 4318279.943, 102
Trd, 4318280.493, 104
Trd, 4318281.193, 111
Trd, 4318284.243, 102
Trd, 4318284.593, 83
Trd, 4318285.743, 97
Trd, 4318285.993, 88
Trd, 4318286.693, 105
Trd, 4318287.743, 111
Trd, 4318288.893, 114
Trd, 4318289.243, 107
Trd, 4318291.643, 110
Trd, 4318292.893, 99
Trd, 4318295.893, 101
Trd, 4318297.593, 105
Trd, 4318297.993, 105
Trd, 4318300.443, 104
Trd, 4318300.693, 100
Trd, 4318301.143, 104
Trd, 4318303.843, 104
Trd, 4318305.543, 99
Trd, 4318305.693, 99
Trd, 4318306.143, 104
Trd, 4318307.743, 87
Trd, 4318307.993, 104
Trd, 4318311.293, 104
Trd, 4318311.543, 93
Trd, 4318312.093, 96
Trd, 4318313.443, 105
Trd, 4318315.143, 96
Trd, 4318315.393, 105
Trd, 4318315.543, 95
Trd, 4318317.643, 99
Trd, 4318317.943, 105
Trd, 4318318.293, 104
Trd, 4318319.393, 98
Trd, 4318320.643, 85
Trd, 4318322.343, 102
Trd, 4318323.643, 95
Trd, 4318323.943, 94
Trd, 4318325.643, 122
Trd, 4318327.343, 113
Trd, 4318331.643, 111
Trd, 4318331.793, 108
Trd, 4318332.343, 103
Trd, 4318333.593, 98
Trd, 4318334.793, 100
Trd, 4318335.793, 101
Trd, 4318336.493, 101
Trd, 4318337.793, 90
Trd, 4318338.993, 90
Trd, 4318339.293, 94
Trd, 4318340.143, 96
Trd, 4318340.593, 93
Trd, 4318341.743, 92
Trd, 4318343.243, 104
Trd, 4318343.343, 77
Trd, 4318345.593, 97
Trd, 4318346.143, 110
Trd, 4318346.593, 96
Trd, 4318348.343, 100
Trd, 4318349.243, 114
Trd, 4318349.943, 104
Trd, 4318350.993, 102
Trd, 4318352.443, 109
Trd, 4318353.493, 101
Trd, 4318355.543, 108
Trd, 4318356.793, 101
Trd, 4318357.243, 108
Trd, 4318357.643, 103
Trd, 4318361.993, 101
Trd, 4318362.093, 104
Trd, 4318362.893, 101
Trd, 4318363.293, 103
Trd, 4318363.343, 113
Trd, 4318364.593, 103
Trd, 4318365.493, 94
Trd, 4318365.593, 81
Trd, 4318367.143, 96
Trd, 4318367.393, 76
Trd, 4318369.643, 95
Trd, 4318371.093, 93
Trd, 4318373.193, 109
Trd, 4318375.543, 96
Trd, 4318376.393, 97
Trd, 4318376.893, 94
Trd, 4318377.893, 94
Trd, 4318378.543, 114
Trd, 4318379.993, 93
Trd, 4318380.093, 101
Trd, 4318383.343, 100
Trd, 4318384.543, 93
Trd, 4318384.743, 105
Trd, 4318386.693, 102
Trd, 4318389.293, 101
Trd, 4318389.743, 92
Trd, 4318389.993, 91
Trd, 4318390.543, 84
Trd, 4318392.593, 112
Trd, 4318393.343, 102
Trd, 4318394.193, 108
Trd, 4318394.493, 90
Trd, 4318394.943, 118
Trd, 4318395.343, 86
Trd, 4318395.943, 82
Trd, 4318397.843, 82
Trd, 4318399.393, 107
Trd, 4318399.793, 94
Trd, 4318400.043, 113
Trd, 4318401.793, 94
Trd, 4318402.643, 94
Trd, 4318402.743, 113
Trd, 4318402.943, 93
Trd, 4318406.793, 97
Trd, 4318406.843, 92
Trd, 4318407.043, 104
Trd, 4318407.793, 85
Trd, 4318407.943, 97
Trd, 4318409.393, 86
Trd, 4318412.543, 90
Trd, 4318412.693, 87
Trd, 4318412.943, 96
Trd, 4318413.593, 88
Trd, 4318414.943, 85
Trd, 4318416.743, 86
Trd, 4318416.943, 83
Trd, 4318417.793, 96
Trd, 4318419.393, 87
Trd, 4318419.593, 113
Trd, 4318423.593, 101
Trd, 4318424.643, 100
Trd, 4318424.993, 94
Trd, 4318425.443, 100
Trd, 4318425.543, 82
Trd, 4318427.393, 105
Trd, 4318427.443, 96
Trd, 4318427.693, 107
Trd, 4318430.043, 100
Trd, 4318431.893, 99
Trd, 4318432.343, 99
Trd, 4318432.443, 101
Trd, 4318434.793, 92
Trd, 4318436.243, 105
Trd, 4318437.443, 98
Trd, 4318437.893, 113
Trd, 4318438.643, 89
Trd, 4318440.093, 108
Trd, 4318441.243, 107
Trd, 4318441.293, 103
Trd, 4318443.093, 104
Trd, 4318445.893, 104
Trd, 4318446.093, 100
Trd, 4318447.693, 89
Trd, 4318448.043, 103
Trd, 4318449.243, 104
Trd, 4318450.543, 99
Trd, 4318450.693, 114
Trd, 4318451.443, 120
Trd, 4318451.893, 115
Trd, 4318451.943, 93
Trd, 4318453.293, 88
Trd, 4318455.143, 96
Trd, 4318455.593, 98
Trd, 4318455.893, 97
Trd, 4318456.393, 96
Trd, 4318457.043, 91
Trd, 4318457.293, 105
Trd, 4318458.993, 98
Trd, 4318460.893, 91
Trd, 4318462.993, 98
Trd, 4318463.293, 106
Trd, 4318463.593, 89
Trd, 4318465.893, 97
Trd, 4318466.193, 110
Trd, 4318466.493, 119
Trd, 4318467.543, 111
Trd, 4318468.443, 113
Trd, 4318471.343, 103
Trd, 4318472.043, 108
Trd, 4318472.543, 92
Trd, 4318473.293, 112
Trd, 4318473.493, 110
Trd, 4318474.543, 84
Trd, 4318476.543, 100
Trd, 4318478.643, 100
Trd, 4318480.093, 100
Trd, 4318480.693, 99
Trd, 4318482.793, 101
Trd, 4318482.943, 99
Trd, 4318483.643, 102
Trd, 4318484.493, 95
Trd, 4318485.093, 98
Trd, 4318485.343, 104
Trd, 4318487.343, 101
Trd, 4318488.593, 96
Trd, 4318489.943, 104
Trd, 4318490.243, 106
Trd, 4318490.943, 105
Trd, 4318491.793, 106
Trd, 4318494.943, 106
Trd, 4318495.043, 102
Trd, 4318496.243, 107
Trd, 4318496.393, 102
Trd, 4318498.693, 94
Trd, 4318498.943, 105
Trd, 4318500.343, 99
Trd, 4318501.043, 100
Trd, 4318501.643, 97
Trd, 4318502.643, 105
Trd, 4318504.443, 101
Trd, 4318505.193, 98
Trd, 4318505.643, 98
Trd, 4318506.543, 93
Trd, 4318509.043, 101
Trd, 4318509.293, 97
Trd, 4318510.093, 101
Trd, 4318510.643, 93
Trd, 4318511.093, 104
Trd, 4318512.143, 93
Trd, 4318514.743, 102
Trd, 4318515.543, 103
Trd, 4318516.343, 105
Trd, 4318516.943, 101
Trd, 4318519.143, 104
Trd, 4318519.193, 92
Trd, 4318519.843, 96
Trd, 4318520.643, 85
Trd, 4318523.293, 94
Trd, 4318523.943, 91
Trd, 4318524.543, 87
Trd, 4318525.693, 122
Trd, 4318526.793, 86
Trd, 4318527.943, 106
Trd, 4318530.943, 95
Trd, 4318531.293, 105
Trd, 4318531.893, 102
Trd, 4318532.693, 101
Trd, 4318533.893, 99
Trd, 4318536.143, 94
Trd, 4318536.193, 103
Trd, 4318537.293, 107
Trd, 4318537.493, 105
Trd, 4318539.293, 105
Trd, 4318539.893, 106
Trd, 4318543.193, 122
Trd, 4318544.643, 112
Trd, 4318545.743, 116
Trd, 4318548.143, 101
Trd, 4318548.543, 85
Trd, 4318549.193, 100
Trd, 4318550.293, 106
Trd, 4318551.293, 99
Trd, 4318551.593, 122
Trd, 4318556.043, 99
Trd, 4318556.943, 97
Trd, 4318557.743, 91
Trd, 4318558.793, 101
Trd, 4318559.893, 104
Trd, 4318560.643, 95
Trd, 4318560.743, 97
Trd, 4318562.593, 105
Trd, 4318562.843, 115
Trd, 4318563.343, 93
Trd, 4318565.993, 91
Trd, 4318566.443, 96
Trd, 4318567.593, 96
Trd, 4318567.843, 94
Trd, 4318568.243, 97
Trd, 4318569.343, 94
Trd, 4318569.593, 104
Trd, 4318570.343, 91
Trd, 4318571.593, 105
Trd, 4318572.793, 113
Trd, 4318573.243, 91
Trd, 4318573.993, 108
Trd, 4318576.293, 93
Trd, 4318577.243, 93
Trd, 4318577.793, 93
Trd, 4318580.843, 98
Trd, 4318582.943, 98
Trd, 4318582.993, 93
Trd, 4318584.843, 94
Trd, 4318585.393, 91
Trd, 4318586.843, 104
Trd, 4318587.193, 115
Trd, 4318587.843, 92
Trd, 4318588.743, 105
Trd, 4318590.043, 105
Trd, 4318590.443, 95
Trd, 4318590.793, 77
Trd, 4318591.693, 85
Trd, 4318592.943, 100
Trd, 4318592.993, 114
Trd, 4318594.943, 112
Trd, 4318594.993, 96
Trd, 4318597.243, 99
Trd, 4318598.843, 102
Trd, 4318598.893, 103
Trd, 4318599.143, 94
Trd, 4318599.793, 82
Trd, 4318602.743, 97
Trd, 4318603.243, 93
Trd, 4318603.493, 95
Trd, 4318604.193, 98
Trd, 4318605.843, 100
Trd, 4318607.093, 99
Trd, 4318608.143, 100
Trd, 4318609.543, 104
Trd, 4318610.193, 97
Trd, 4318610.543, 96
Trd, 4318612.593, 96
Trd, 4318614.243, 99
Trd, 4318615.643, 99
Trd, 4318617.543, 95
Trd, 4318619.043, 100
Trd, 4318620.793, 95
Trd, 4318621.043, 94
Trd, 4318621.393, 94
Trd, 4318623.443, 77
Trd, 4318624.643, 81
Trd, 4318625.993, 89
Trd, 4318627.343, 90
Trd, 4318627.993, 106
Trd, 4318628.443, 87
Trd, 4318632.143, 96
Trd, 4318632.843, 91
Trd, 4318633.343, 92
Trd, 4318633.443, 93
Trd, 4318634.043, 106
Trd, 4318635.843, 95
Trd, 4318636.093, 100
Trd, 4318637.193, 91
Trd, 4318637.643, 84
Trd, 4318639.593, 86
Trd, 4318640.243, 88
Trd, 4318640.293, 93
Trd, 4318642.843, 91
Trd, 4318642.993, 97
Trd, 4318645.193, 91
Trd, 4318646.193, 94
Trd, 4318647.293, 90
Trd, 4318647.743, 118
Trd, 4318648.293, 106
Trd, 4318651.843, 109
Trd, 4318652.443, 110
Trd, 4318653.643, 111
Trd, 4318654.943, 102
Trd, 4318656.843, 110
Trd, 4318657.593, 105
Trd, 4318658.493, 110
Trd, 4318659.043, 100
Trd, 4318660.193, 82
Trd, 4318660.293, 110
Trd, 4318661.993, 83
Trd, 4318662.143, 77
Trd, 4318663.743, 91
Trd, 4318663.943, 95
Trd, 4318665.293, 91
Trd, 4318665.493, 90
Trd, 4318668.843, 94
Trd, 4318669.393, 90
Trd, 4318670.943, 90
Trd, 4318671.143, 95
Trd, 4318672.593, 89
Trd, 4318673.693, 94
Trd, 4318673.893, 108
Trd, 4318674.393, 89
Trd, 4318674.693, 85
Trd, 4318676.143, 90
Trd, 4318676.693, 94
Trd, 4318677.543, 95
Trd, 4318679.093, 108
Trd, 4318683.693, 100
Trd, 4318683.743, 113
Trd, 4318684.093, 122
Trd, 4318684.843, 97
Trd, 4318685.043, 94
Trd, 4318685.493, 85
Trd, 4318686.393, 97
Trd, 4318689.643, 97
Trd, 4318690.293, 95
Trd, 4318690.943, 98
Trd, 4318692.793, 113
Trd, 4318694.043, 108
Trd, 4318694.243, 107
Trd, 4318695.393, 102
Trd, 4318698.093, 103
Trd, 4318699.593, 106
Trd, 4318700.093, 105
Trd, 4318702.293, 100
Trd, 4318702.693, 100
Trd, 4318703.343, 113
Trd, 4318704.393, 96
Trd, 4318705.593, 94
Trd, 4318705.743, 89
Trd, 4318706.643, 110
Trd, 4318709.143, 86
Trd, 4318709.593, 102
Trd, 4318710.193, 97
Trd, 4318710.893, 95
Trd, 4318710.993, 95
Trd, 4318713.243, 95
Trd, 4318713.343, 93
Trd, 4318714.293, 96
Trd, 4318715.393, 92
Trd, 4318715.493, 85
Trd, 4318718.493, 96
Trd, 4318718.593, 95
Trd, 4318719.193, 87
Trd, 4318719.893, 88
Trd, 4318720.843, 104
Trd, 4318720.943, 93
Trd, 4318723.093, 101
Trd, 4318725.243, 97
Trd, 4318726.643, 104
Trd, 4318727.443, 97
Trd, 4318727.843, 101
Trd, 4318728.543, 120
Trd, 4318730.093, 93
Trd, 4318731.193, 98
Trd, 4318732.343, 95
Trd, 4318733.243, 98
Trd, 4318736.093, 94
Trd, 4318736.393, 98
Trd, 4318737.443, 104
Trd, 4318738.243, 93
Trd, 4318739.443, 93
Trd, 4318739.793, 100
Trd, 4318740.843, 90
Trd, 4318742.493, 89
Trd, 4318742.843, 93
Trd, 4318743.593, 89
Trd, 4318744.393, 92
Trd, 4318745.393, 95
Trd, 4318747.543, 91
Trd, 4318749.343, 93
Trd, 4318750.943, 96
Trd, 4318751.193, 113
Trd, 4318753.043, 93
Trd, 4318754.343, 99
Trd, 4318754.393, 99
Trd, 4318754.593, 104
Trd, 4318755.643, 93
Trd, 4318756.443, 92
Trd, 4318756.593, 104
Trd, 4318760.693, 103
Trd, 4318761.293, 103
Trd, 4318761.543, 95
Trd, 4318762.543, 93
Trd, 4318765.093, 103
Trd, 4318766.643, 93
Trd, 4318767.243, 94
Trd, 4318767.843, 90
Trd, 4318768.343, 102
Trd, 4318771.193, 98
Trd, 4318771.393, 104
Trd, 4318772.143, 92
Trd, 4318773.043, 84
Trd, 4318773.993, 94
Trd, 4318774.493, 100
Trd, 4318775.893, 105
Trd, 4318776.593, 94
Trd, 4318777.993, 103
Trd, 4318780.693, 103
Trd, 4318781.193, 95
Trd, 4318781.593, 96
Trd, 4318781.793, 94
Trd, 4318783.093, 93
Trd, 4318783.493, 101
Trd, 4318784.843, 104
Trd, 4318785.893, 92
Trd, 4318786.943, 110
Trd, 4318787.393, 100
Trd, 4318788.093, 92
Trd, 4318790.393, 95
Trd, 4318791.893, 99
Trd, 4318791.943, 104
Trd, 4318792.493, 104
Trd, 4318793.093, 95
Trd, 4318794.343, 92
Trd, 4318794.843, 123
Trd, 4318797.693, 96
Trd, 4318798.343, 103
Trd, 4318798.393, 103
Trd, 4318801.093, 98
Trd, 4318801.243, 103
Trd, 4318801.693, 96
Trd, 4318801.943, 86
Trd, 4318805.693, 92
Trd, 4318807.393, 95
Trd, 4318807.593, 94
Trd, 4318808.493, 95
Trd, 4318808.843, 93
Trd, 4318809.843, 113
Trd, 4318810.193, 97
Trd, 4318813.993, 103
Trd, 4318814.193, 99
Trd, 4318816.443, 91
Trd, 4318816.993, 83
Trd, 4318818.193, 93
Trd, 4318818.393, 95
Trd, 4318818.443, 104
Trd, 4318820.093, 90
Trd, 4318821.093, 104
Trd, 4318822.493, 93
Trd, 4318825.043, 98
Trd, 4318825.093, 100
Trd, 4318825.743, 93
Trd, 4318827.693, 92
Trd, 4318828.243, 104
Trd, 4318828.843, 101
Trd, 4318829.243, 105
Trd, 4318831.143, 100
Trd, 4318832.393, 103
Trd, 4318834.443, 95
Trd, 4318834.943, 98
Trd, 4318835.993, 93
Trd, 4318836.643, 105
Trd, 4318836.743, 98
Trd, 4318838.693, 106
Trd, 4318840.943, 105
Trd, 4318841.093, 100
Trd, 4318841.743, 100
Trd, 4318842.243, 104
Trd, 4318844.693, 108
Trd, 4318844.793, 99
Trd, 4318846.943, 106
Trd, 4318848.243, 98
Trd, 4318848.793, 91
Trd, 4318850.293, 95
Trd, 4318850.493, 94
Trd, 4318850.993, 98
Trd, 4318852.193, 77
Trd, 4318852.343, 99
Trd, 4318854.393, 105
Trd, 4318855.093, 100
Trd, 4318857.393, 100
Trd, 4318858.243, 94
Trd, 4318859.893, 100
Trd, 4318860.293, 101
Trd, 4318860.793, 95
Trd, 4318861.243, 93
Trd, 4318863.693, 91
Trd, 4318864.093, 101
Trd, 4318864.593, 91
Trd, 4318866.993, 91
Trd, 4318867.543, 77
Trd, 4318868.493, 117
Trd, 4318870.893, 108
Trd, 4318872.093, 96
Trd, 4318872.393, 104
Trd, 4318873.593, 98
Trd, 4318873.843, 97
Trd, 4318876.043, 98
Trd, 4318877.693, 96
Trd, 4318877.843, 98
Trd, 4318880.043, 99
Trd, 4318881.743, 105
Trd, 4318882.193, 95
Trd, 4318882.943, 86
Trd, 4318883.793, 95
Trd, 4318884.693, 93
Trd, 4318886.843, 104
Trd, 4318888.193, 96
Trd, 4318888.493, 92
Trd, 4318890.893, 96
Trd, 4318891.493, 96
Trd, 4318892.393, 105
Trd, 4318893.143, 97
Trd, 4318893.193, 97
Trd, 4318896.793, 97
Trd, 4318897.293, 96
Trd, 4318897.393, 99
Trd, 4318899.643, 94
Trd, 4318900.893, 99
Trd, 4318903.393, 92
Trd, 4318903.643, 91
Trd, 4318905.693, 94
Trd, 4318907.093, 97
Trd, 4318908.493, 97
Trd, 4318908.843, 97
Trd, 4318910.793, 95
Trd, 4318913.793, 94
Trd, 4318913.943, 94
Trd, 4318914.743, 105
Trd, 4318915.743, 103
Trd, 4318917.493, 97
Trd, 4318919.393, 100
Trd, 4318920.693, 101
Trd, 4318921.493, 122
Trd, 4318923.093, 96
Trd, 4318924.143, 94
Trd, 4318924.843, 92
Trd, 4318925.293, 100
Trd, 4318926.793, 107
Trd, 4318927.593, 118
Trd, 4318928.993, 94
Trd, 4318930.443, 96
Trd, 4318931.943, 93
Trd, 4318932.343, 107
Trd, 4318934.643, 98
Trd, 4318935.843, 99
Trd, 4318936.593, 94
Trd, 4318938.243, 105
Trd, 4318939.143, 102
Trd, 4318939.893, 125
Trd, 4318940.343, 109
Trd, 4318941.893, 102
Trd, 4318942.893, 109
Trd, 4318944.293, 110
Trd, 4318944.843, 110
Trd, 4318945.093, 77
Trd, 4318946.293, 110
Trd, 4318946.993, 110
Trd, 4318947.393, 113
Trd, 4318949.793, 90
Trd, 4318950.543, 109
Trd, 4318950.793, 87
Trd, 4318951.243, 85
Trd, 4318952.843, 101
Trd, 4318953.243, 94
Trd, 4318954.943, 95
Trd, 4318955.543, 100
Trd, 4318957.443, 99
Trd, 4318958.743, 100
Trd, 4318959.293, 94
Trd, 4318960.093, 94
Trd, 4318960.743, 94
Trd, 4318960.793, 105
Trd, 4318962.493, 92
Trd, 4318964.443, 102
Trd, 4318965.293, 100
Trd, 4318965.593, 105
Trd, 4318965.643, 92
Trd, 4318967.093, 91
Trd, 4318967.543, 85
Trd, 4318968.643, 97
Trd, 4318969.943, 95
Trd, 4318970.893, 93
Trd, 4318971.493, 92
Trd, 4318973.643, 95
Trd, 4318974.093, 104
Trd, 4318975.143, 92
Trd, 4318975.593, 92
Trd, 4318977.093, 100
Trd, 4318978.493, 101
Trd, 4318979.593, 100
Trd, 4318979.693, 93
Trd, 4318981.893, 92
Trd, 4318982.543, 94
Trd, 4318982.693, 98
Trd, 4318982.843, 91
Trd, 4318985.693, 104
Trd, 4318987.743, 98
Trd, 4318990.993, 99
Trd, 4318991.243, 102
Trd, 4318991.593, 91
Trd, 4318992.943, 101
Trd, 4318994.693, 103
Trd, 4318996.393, 103
Trd, 4318996.693, 105
Trd, 4318997.543, 91
Trd, 4318997.793, 104
Trd, 4319001.893, 101
Trd, 4319002.393, 100
Trd, 4319002.643, 99
Trd, 4319003.093, 104
Trd, 4319005.043, 98
Trd, 4319007.343, 98
Trd, 4319007.993, 95
Trd, 4319008.443, 99
Trd, 4319009.843, 98
Trd, 4319010.693, 122
Trd, 4319011.593, 113
Trd, 4319014.043, 112
Trd, 4319015.893, 106
Trd, 4319016.893, 109
Trd, 4319017.543, 110
Trd, 4319018.343, 110
Trd, 4319019.043, 107
Trd, 4319021.343, 107
Trd, 4319021.393, 103
Trd, 4319021.643, 94
Trd, 4319024.093, 105
Trd, 4319024.843, 103
Trd, 4319025.093, 104
Trd, 4319025.593, 97
Trd, 4319028.243, 117
Trd, 4319028.343, 93
Trd, 4319028.443, 112
Trd, 4319029.193, 103
Trd, 4319031.043, 106
Trd, 4319031.893, 94
Trd, 4319033.543, 111
Trd, 4319034.243, 112
Trd, 4319034.893, 112
Trd, 4319035.793, 104
Trd, 4319036.643, 93
Trd, 4319036.893, 84
Trd, 4319038.593, 108
Trd, 4319039.193, 112
Trd, 4319039.543, 109
Trd, 4319040.593, 103
Trd, 4319042.343, 109
Trd, 4319042.393, 110
Trd, 4319046.493, 107
Trd, 4319047.093, 104
Trd, 4319048.343, 102
Trd, 4319048.693, 101
Trd, 4319050.343, 106
Trd, 4319053.543, 101
Trd, 4319054.843, 103
Trd, 4319055.043, 104
Trd, 4319057.193, 100
Trd, 4319058.043, 98
Trd, 4319058.493, 98
Trd, 4319060.443, 105
Trd, 4319061.443, 98
Trd, 4319063.093, 104
Trd, 4319063.343, 99
Trd, 4319063.743, 94
Trd, 4319066.443, 104
Trd, 4319066.843, 105
Trd, 4319067.493, 100
Trd, 4319069.043, 93
Trd, 4319069.593, 95
Trd, 4319071.293, 96
Trd, 4319072.643, 100
Trd, 4319073.193, 107
Trd, 4319073.943, 117
Trd, 4319075.093, 98
Trd, 4319075.443, 97
Trd, 4319077.393, 89
Trd, 4319077.943, 92
Trd, 4319078.293, 95
Trd, 4319079.493, 94
Trd, 4319081.093, 93
Trd, 4319081.593, 85
Trd, 4319082.793, 92
Trd, 4319085.343, 93
Trd, 4319085.393, 95
Trd, 4319086.193, 108
Trd, 4319087.643, 94
Trd, 4319088.593, 108
Trd, 4319088.693, 108
Trd, 4319089.343, 94
Trd, 4319091.643, 113
Trd, 4319092.193, 109
Trd, 4319092.243, 84
Trd, 4319093.243, 111
Trd, 4319096.143, 98
Trd, 4319097.993, 105
Trd, 4319098.293, 105
Trd, 4319098.643, 98
Trd, 4319098.943, 97
Trd, 4319099.993, 96
Trd, 4319102.193, 102
Trd, 4319102.393, 101
Trd, 4319104.393, 96
Trd, 4319105.643, 98
Trd, 4319108.143, 96
Trd, 4319108.393, 99
Trd, 4319109.093, 105
Trd, 4319110.243, 94
Trd, 4319112.893, 96
Trd, 4319113.293, 96
Trd, 4319114.093, 93
Trd, 4319115.343, 94
Trd, 4319116.493, 100
Trd, 4319116.893, 97
Trd, 4319120.543, 103
Trd, 4319120.893, 92
Trd, 4319122.393, 100
Trd, 4319122.543, 101
Trd, 4319122.643, 95
Trd, 4319123.493, 105
Trd, 4319124.693, 98
Trd, 4319125.543, 100
Trd, 4319127.643, 92
Trd, 4319128.393, 97
Trd, 4319128.543, 105
Trd, 4319131.993, 97
Trd, 4319132.793, 94
Trd, 4319133.343, 97
Trd, 4319135.243, 104
Trd, 4319135.293, 96
Trd, 4319136.193, 115
Trd, 4319137.543, 94
Trd, 4319138.293, 100
Trd, 4319139.293, 99
Trd, 4319140.843, 102
Trd, 4319141.393, 97
Trd, 4319141.693, 105
Trd, 4319143.693, 104
Trd, 4319144.193, 100
Trd, 4319146.543, 99
Trd, 4319147.093, 103
Trd, 4319147.143, 97
Trd, 4319147.443, 104
Trd, 4319150.693, 98
Trd, 4319151.993, 85
Trd, 4319152.793, 90
Trd, 4319154.943, 93
Trd, 4319156.443, 97
Trd, 4319156.593, 92
Trd, 4319159.743, 94
Trd, 4319159.793, 91
Trd, 4319161.293, 95
Trd, 4319162.093, 90
Trd, 4319162.993, 90
Trd, 4319163.143, 86
Trd, 4319163.343, 105
Trd, 4319164.693, 97
Trd, 4319166.543, 103
Trd, 4319166.693, 115
Trd, 4319167.493, 88
Trd, 4319168.893, 103
Trd, 4319170.543, 102
Trd, 4319172.493, 87
Trd, 4319172.643, 97
Trd, 4319173.993, 85
Trd, 4319174.943, 88
Trd, 4319175.343, 97
Trd, 4319176.643, 96
Trd, 4319176.893, 94
Trd, 4319179.543, 102
Trd, 4319179.643, 98
Trd, 4319180.543, 105
Trd, 4319182.643, 98
Trd, 4319183.693, 102
Trd, 4319184.093, 97
Trd, 4319185.043, 102
Trd, 4319186.893, 105
Trd, 4319187.293, 94
Trd, 4319187.343, 105
Trd, 4319189.243, 107
Trd, 4319190.793, 106
Trd, 4319191.293, 102
Trd, 4319194.093, 107
Trd, 4319194.543, 103
Trd, 4319196.043, 107
Trd, 4319196.843, 108
Trd, 4319198.193, 104
Trd, 4319199.393, 109
Trd, 4319201.293, 103
Trd, 4319202.943, 109
Trd, 4319203.493, 110
Trd, 4319205.893, 105
Trd, 4319206.343, 110
Trd, 4319207.143, 103
Trd, 4319209.143, 93
Trd, 4319209.443, 109
Trd, 4319210.693, 107
Trd, 4319211.093, 102
Trd, 4319212.343, 84
Trd, 4319213.543, 106
Trd, 4319213.793, 92
Trd, 4319214.493, 118
Trd, 4319216.343, 107
Trd, 4319219.243, 79
Trd, 4319219.293, 101
Trd, 4319219.843, 86
Trd, 4319220.143, 77
Trd, 4319220.293, 104
Trd, 4319220.643, 107
Trd, 4319222.993, 93
Trd, 4319224.143, 103
Trd, 4319224.343, 107
Trd, 4319225.643, 91
Trd, 4319226.643, 98
Trd, 4319226.693, 94
Trd, 4319227.693, 99
Trd, 4319229.293, 94
Trd, 4319231.893, 85
Trd, 4319233.193, 92
Trd, 4319233.993, 99
Trd, 4319234.193, 113
Trd, 4319234.643, 103
Trd, 4319234.893, 95
Trd, 4319235.793, 94
Trd, 4319237.643, 96
Trd, 4319239.393, 95
Trd, 4319241.243, 102
Trd, 4319241.393, 94
Trd, 4319242.393, 102
Trd, 4319244.093, 100
Trd, 4319245.093, 95
Trd, 4319246.193, 106
Trd, 4319246.593, 94
Trd, 4319249.593, 102
Trd, 4319249.693, 105
Trd, 4319251.243, 102
Trd, 4319252.693, 104
Trd, 4319254.743, 100
Trd, 4319255.193, 93
Trd, 4319255.293, 103
Trd, 4319256.093, 104
Trd, 4319257.443, 102
Trd, 4319258.893, 92
Trd, 4319259.843, 104
Trd, 4319261.293, 104
Trd, 4319261.443, 98
Trd, 4319263.443, 98
Trd, 4319264.943, 102
Trd, 4319265.543, 94
Trd, 4319266.043, 94
Trd, 4319268.193, 103
Trd, 4319269.393, 84
Trd, 4319269.593, 102
Trd, 4319271.843, 92
Trd, 4319272.393, 88
Trd, 4319273.543, 91
Trd, 4319273.593, 98
Trd, 4319274.143, 98
Trd, 4319274.293, 88
Trd, 4319276.193, 86
Trd, 4319276.543, 84
Trd, 4319278.443, 104
Trd, 4319279.193, 109
Trd, 4319279.593, 115
Trd, 4319283.893, 101
Trd, 4319284.143, 100
Trd, 4319284.343, 103
Trd, 4319288.293, 98
Trd, 4319288.743, 94
Trd, 4319289.043, 94
Trd, 4319289.743, 92
Trd, 4319291.093, 92
Trd, 4319291.943, 99
Trd, 4319293.843, 104
Trd, 4319294.543, 93
Trd, 4319296.243, 96
Trd, 4319297.143, 99
Trd, 4319297.393, 92
Trd, 4319298.993, 89
Trd, 4319299.293, 77
Trd, 4319299.843, 104
Trd, 4319299.993, 115
Trd, 4319300.893, 103
Trd, 4319302.843, 96
Trd, 4319303.993, 100
Trd, 4319305.393, 94
Trd, 4319306.293, 116
Trd, 4319309.493, 106
Trd, 4319310.143, 104
Trd, 4319310.893, 104
Trd, 4319312.243, 102
Trd, 4319314.243, 105
Trd, 4319314.793, 103
Trd, 4319317.393, 101
Trd, 4319318.493, 104
Trd, 4319318.693, 99
Trd, 4319320.093, 104
Trd, 4319320.493, 98
Trd, 4319321.343, 93
Trd, 4319321.793, 97
Trd, 4319321.893, 104
Trd, 4319323.043, 103
Trd, 4319324.743, 87
Trd, 4319326.643, 98
Trd, 4319327.893, 97
Trd, 4319327.993, 98
Trd, 4319329.893, 94
Trd, 4319330.643, 98
Trd, 4319332.393, 95
Trd, 4319334.643, 85
Trd, 4319334.743, 89
Trd, 4319335.143, 104
Trd, 4319336.443, 86
Trd, 4319337.643, 93
Trd, 4319338.193, 94
Trd, 4319340.243, 94
Trd, 4319340.593, 93
Trd, 4319342.193, 93
Trd, 4319343.193, 92
Trd, 4319343.243, 95
Trd, 4319344.643, 91
Trd, 4319344.743, 104
Trd, 4319345.293, 112
Trd, 4319346.343, 108
Trd, 4319347.943, 107
Trd, 4319348.343, 96
Trd, 4319351.193, 100
Trd, 4319352.743, 104
Trd, 4319354.693, 104
Trd, 4319357.193, 99
Trd, 4319358.293, 94
Trd, 4319359.643, 100
Trd, 4319361.643, 99
Trd, 4319362.443, 98
Trd, 4319363.093, 114
Trd, 4319363.943, 97
Trd, 4319364.993, 105
Trd, 4319365.493, 102
Trd, 4319366.943, 106
Trd, 4319367.743, 104
Trd, 4319368.543, 99
Trd, 4319369.643, 94
Trd, 4319370.243, 95
Trd, 4319370.943, 94
Trd, 4319372.243, 94
Trd, 4319373.093, 93
Trd, 4319373.343, 106
Trd, 4319373.493, 84
Trd, 4319374.743, 97
Trd, 4319375.143, 88
Trd, 4319377.743, 91
Trd, 4319378.093, 106
Trd, 4319378.393, 114
Trd, 4319378.543, 94
Trd, 4319379.043, 85
Trd, 4319379.743, 106
Trd, 4319381.393, 91
Trd, 4319382.093, 96
Trd, 4319382.943, 102
Trd, 4319383.743, 94
Trd, 4319385.193, 95
Trd, 4319386.743, 93
Trd, 4319387.043, 95
Trd, 4319387.793, 95
Trd, 4319389.643, 92
Trd, 4319390.243, 92
Trd, 4319390.743, 76
Trd, 4319391.593, 95
Trd, 4319391.943, 105
Trd, 4319392.393, 107
Trd, 4319393.843, 104
Trd, 4319394.743, 94
Trd, 4319396.143, 97
Trd, 4319397.193, 94
Trd, 4319398.693, 102
Trd, 4319399.643, 99
Trd, 4319399.793, 97
Trd, 4319400.993, 97
Trd, 4319401.643, 99
Trd, 4319402.143, 100
Trd, 4319403.293, 97
Trd, 4319403.943, 106
Trd, 4319403.993, 93
Trd, 4319405.143, 81
Trd, 4319406.393, 94
Trd, 4319409.593, 96
Trd, 4319410.393, 107
Trd, 4319412.993, 113
Trd, 4319414.043, 97
Trd, 4319414.343, 111
Trd, 4319415.693, 97
Trd, 4319416.293, 103
Trd, 4319416.993, 104
Trd, 4319417.193, 105
Trd, 4319418.443, 96
Trd, 4319422.543, 104
Trd, 4319422.743, 96
Trd, 4319424.293, 102
Trd, 4319424.743, 95
Trd, 4319425.693, 105
Trd, 4319426.693, 94
Trd, 4319427.343, 104
Trd, 4319428.093, 91
Trd, 4319428.743, 115
Trd, 4319430.543, 93
Trd, 4319430.743, 93
Trd, 4319431.193, 110
Trd, 4319432.293, 103
Trd, 4319433.443, 106
Trd, 4319434.293, 104
Trd, 4319434.793, 105
Trd, 4319436.943, 92
Trd, 4319438.593, 105
Trd, 4319440.443, 101
Trd, 4319441.993, 100
Trd, 4319442.693, 102
Trd, 4319442.843, 90
Trd, 4319444.593, 105
Trd, 4319446.243, 103
Trd, 4319446.593, 104
Trd, 4319448.043, 106
Trd, 4319448.093, 114
Trd, 4319450.943, 102
Trd, 4319451.043, 110
Trd, 4319452.143, 102
Trd, 4319452.643, 110
Trd, 4319452.693, 111
Trd, 4319455.643, 101
Trd, 4319456.593, 108
Trd, 4319457.193, 104
Trd, 4319457.343, 100
Trd, 4319458.393, 115
Trd, 4319459.443, 93
Trd, 4319461.093, 102
Trd, 4319462.293, 101
Trd, 4319464.243, 92
Trd, 4319466.293, 99
Trd, 4319468.493, 99
Trd, 4319470.393, 101
Trd, 4319470.543, 98
Trd, 4319471.693, 116
Trd, 4319472.343, 119
Trd, 4319473.443, 112
Trd, 4319474.243, 101
Trd, 4319475.043, 105
Trd, 4319475.893, 100
Trd, 4319476.793, 100
Trd, 4319477.593, 92
Trd, 4319479.243, 92
Trd, 4319479.843, 98
Trd, 4319483.543, 91
Trd, 4319484.643, 95
Trd, 4319484.943, 95
Trd, 4319485.893, 90
Trd, 4319486.693, 101
Trd, 4319486.993, 106
Trd, 4319488.643, 100
Trd, 4319489.693, 101
Trd, 4319490.443, 103
Trd, 4319491.343, 99
Trd, 4319493.193, 100
Trd, 4319493.793, 104
Trd, 4319495.243, 104
Trd, 4319497.743, 100
Trd, 4319498.593, 104
Trd, 4319500.443, 99
Trd, 4319502.543, 99
Trd, 4319502.843, 95
Trd, 4319503.093, 102
Trd, 4319504.743, 105
Trd, 4319506.493, 100
Trd, 4319506.893, 99
Trd, 4319507.593, 101
Trd, 4319509.843, 97
Trd, 4319512.793, 100
Trd, 4319512.993, 96
Trd, 4319514.193, 106
Trd, 4319514.393, 103
Trd, 4319515.743, 101
Trd, 4319516.343, 100
Trd, 4319516.693, 103
Trd, 4319518.793, 113
Trd, 4319519.143, 94
Trd, 4319520.643, 98
Trd, 4319520.993, 100
Trd, 4319521.493, 97
Trd, 4319521.943, 97
Trd, 4319522.143, 104
Trd, 4319522.893, 85
Trd, 4319524.293, 101
Trd, 4319525.893, 113
Trd, 4319526.643, 109
Trd, 4319528.543, 107
Trd, 4319529.043, 109
Trd, 4319529.593, 101
Trd, 4319530.243, 110
Trd, 4319530.693, 101
Trd, 4319532.643, 109
Trd, 4319535.143, 107
Trd, 4319535.343, 107
Trd, 4319536.743, 102
Trd, 4319537.343, 85
Trd, 4319538.593, 88
Trd, 4319539.593, 90
Trd, 4319540.593, 96
Trd, 4319541.943, 95
Trd, 4319542.393, 101
Trd, 4319543.893, 108
Trd, 4319544.343, 101
Trd, 4319546.143, 109
Trd, 4319546.293, 101
Trd, 4319547.193, 94
Trd, 4319548.843, 86
Trd, 4319549.443, 84
Trd, 4319549.893, 97
Trd, 4319550.443, 103
Trd, 4319552.143, 91
Trd, 4319553.843, 97
Trd, 4319554.593, 96
Trd, 4319555.093, 99
Trd, 4319556.743, 102
Trd, 4319558.343, 104
Trd, 4319559.243, 100
Trd, 4319560.793, 100
Trd, 4319561.693, 101
Trd, 4319562.593, 94
Trd, 4319564.443, 83
Trd, 4319564.543, 101
Trd, 4319567.043, 98
Trd, 4319567.143, 98
Trd, 4319567.343, 95
Trd, 4319567.743, 104
Trd, 4319569.343, 94
Trd, 4319571.243, 115
Trd, 4319571.693, 110
Trd, 4319573.943, 99
Trd, 4319574.393, 87
Trd, 4319575.593, 94
Trd, 4319577.243, 94
Trd, 4319579.093, 93
Trd, 4319580.743, 94
Trd, 4319581.193, 95
Trd, 4319581.343, 108
Trd, 4319582.443, 93
Trd, 4319583.093, 92
Trd, 4319583.543, 98
Trd, 4319584.943, 104
Trd, 4319586.243, 91
Trd, 4319587.793, 84
Trd, 4319588.643, 98
Trd, 4319589.993, 113
Trd, 4319590.143, 93
Trd, 4319590.943, 89
Trd, 4319592.543, 94
Trd, 4319592.993, 96
Trd, 4319594.843, 109
Trd, 4319595.393, 103
Trd, 4319597.093, 104
Trd, 4319597.493, 98
Trd, 4319598.943, 100
Trd, 4319599.143, 91
Trd, 4319599.893, 102
Trd, 4319602.393, 100
Trd, 4319604.043, 98
Trd, 4319604.793, 101
Trd, 4319605.293, 94
Trd, 4319606.843, 102
Trd, 4319607.693, 93
Trd, 4319609.093, 99
Trd, 4319609.993, 100
Trd, 4319610.393, 96
Trd, 4319612.243, 103
Trd, 4319613.693, 102
Trd, 4319614.393, 104
Trd, 4319615.893, 97
Trd, 4319616.693, 94
Trd, 4319617.093, 103
Trd, 4319617.193, 114
Trd, 4319622.293, 103
Trd, 4319622.443, 103
Trd, 4319622.793, 96
Trd, 4319624.593, 103
Trd, 4319625.143, 99
Trd, 4319626.593, 98
Trd, 4319627.693, 95
Trd, 4319628.243, 99
Trd, 4319628.693, 99
Trd, 4319631.993, 99
Trd, 4319632.593, 103
Trd, 4319634.393, 111
Trd, 4319635.043, 102
Trd, 4319635.143, 100
Trd, 4319635.493, 92
Trd, 4319635.543, 117
Trd, 4319638.893, 101
Trd, 4319639.343, 99
Trd, 4319642.093, 96
Trd, 4319642.443, 103
Trd, 4319643.293, 93
Trd, 4319643.893, 104
Trd, 4319646.393, 101
Trd, 4319649.093, 103
Trd, 4319651.743, 103
Trd, 4319652.343, 105
Trd, 4319652.543, 103
Trd, 4319653.743, 100
Trd, 4319654.193, 98
Trd, 4319654.793, 104
Trd, 4319658.043, 99
Trd, 4319658.093, 102
Trd, 4319659.393, 100
Trd, 4319661.493, 97
Trd, 4319662.143, 92
Trd, 4319662.993, 97
Trd, 4319664.943, 89
Trd, 4319665.193, 104
Trd, 4319667.193, 95
Trd, 4319667.493, 93
Trd, 4319668.093, 91
Trd, 4319668.793, 96
Trd, 4319669.043, 93
Trd, 4319670.343, 104
Trd, 4319670.993, 93
Trd, 4319671.043, 93
Trd, 4319672.793, 100
Trd, 4319673.993, 113
Trd, 4319675.143, 100
Trd, 4319677.793, 103
Trd, 4319677.943, 97
Trd, 4319677.993, 92
Trd, 4319679.593, 102
Trd, 4319680.643, 105
Trd, 4319681.593, 103
Trd, 4319683.193, 103
Trd, 4319684.643, 102
Trd, 4319687.493, 100
Trd, 4319688.293, 105
Trd, 4319689.143, 99
Trd, 4319689.293, 95
Trd, 4319692.443, 104
Trd, 4319692.793, 105
Trd, 4319693.643, 97
Trd, 4319694.393, 106
Trd, 4319694.593, 96
Trd, 4319696.543, 103
Trd, 4319698.443, 94
Trd, 4319699.743, 96
Trd, 4319700.643, 106
Trd, 4319700.893, 93
Trd, 4319702.793, 104
Trd, 4319703.293, 113
Trd, 4319704.643, 102
Trd, 4319704.743, 92
Trd, 4319705.793, 98
Trd, 4319705.843, 97
Trd, 4319706.843, 109
Trd, 4319709.043, 109
Trd, 4319709.893, 105
Trd, 4319710.493, 101
Trd, 4319710.543, 91
Trd, 4319711.193, 85
Trd, 4319712.393, 100
Trd, 4319713.493, 91
Trd, 4319714.193, 95
Trd, 4319714.443, 104
Trd, 4319716.043, 93
Trd, 4319716.193, 84
Trd, 4319717.593, 96
Trd, 4319717.893, 97
Trd, 4319718.493, 97
Trd, 4319723.393, 97
Trd, 4319723.993, 104
Trd, 4319724.643, 93
Trd, 4319725.443, 94
Trd, 4319726.143, 96
Trd, 4319729.943, 93
Trd, 4319730.543, 96
Trd, 4319731.543, 89
Trd, 4319731.593, 96
Trd, 4319733.193, 99
Trd, 4319733.243, 90
Trd, 4319734.693, 111
Trd, 4319735.193, 106
Trd, 4319736.493, 104
Trd, 4319738.293, 99
Trd, 4319740.493, 105
Trd, 4319740.793, 102
Trd, 4319741.593, 94
Trd, 4319743.043, 100
Trd, 4319744.243, 99
Trd, 4319744.493, 100
Trd, 4319745.443, 98
Trd, 4319746.093, 100
Trd, 4319748.443, 100
Trd, 4319749.443, 97
Trd, 4319750.493, 100
Trd, 4319751.343, 104
Trd, 4319752.093, 96
Trd, 4319752.443, 96
Trd, 4319754.443, 102
Trd, 4319754.693, 103
Trd, 4319755.243, 102
Trd, 4319756.843, 105
Trd, 4319757.293, 100
Trd, 4319758.993, 99
Trd, 4319760.443, 98
Trd, 4319760.693, 103
Trd, 4319762.543, 102
Trd, 4319764.743, 104
Trd, 4319765.043, 102
Trd, 4319767.593, 103
Trd, 4319769.243, 100
Trd, 4319770.493, 100
Trd, 4319770.643, 103
Trd, 4319771.993, 99
Trd, 4319772.393, 104
Trd, 4319773.143, 119
Trd, 4319775.293, 102
Trd, 4319777.793, 95
Trd, 4319779.143, 90
Trd, 4319779.743, 94
Trd, 4319780.893, 98
Trd, 4319782.443, 96
Trd, 4319785.143, 95
Trd, 4319785.793, 94
Trd, 4319786.093, 95
Trd, 4319787.793, 99
Trd, 4319789.343, 96
Trd, 4319790.743, 95
Trd, 4319791.443, 98
Trd, 4319792.243, 96
Trd, 4319794.243, 95
Trd, 4319794.393, 95
Trd, 4319794.893, 98
Trd, 4319795.793, 105
Trd, 4319798.693, 87
Trd, 4319799.493, 84
Trd, 4319799.643, 85
Trd, 4319800.393, 106
Trd, 4319804.143, 101
Trd, 4319804.343, 91
Trd, 4319805.593, 87
Trd, 4319805.693, 113
Trd, 4319806.593, 115
Trd, 4319808.393, 99
Trd, 4319808.443, 108
Trd, 4319810.393, 88
Trd, 4319811.093, 98
Trd, 4319812.293, 96
Trd, 4319812.593, 107
Trd, 4319813.643, 101
Trd, 4319813.943, 95
Trd, 4319818.843, 99
Trd, 4319819.693, 98
Trd, 4319819.743, 99
Trd, 4319819.993, 95
Trd, 4319820.193, 99
Trd, 4319821.593, 95
Trd, 4319823.193, 94
Trd, 4319826.093, 99
Trd, 4319826.493, 95
Trd, 4319827.343, 95
Trd, 4319827.593, 99
Trd, 4319829.243, 100
Trd, 4319831.843, 98
Trd, 4319832.243, 101
Trd, 4319833.393, 105
Trd, 4319834.793, 105
Trd, 4319835.043, 103
Trd, 4319836.043, 103
Trd, 4319837.093, 105
Trd, 4319837.843, 93
Trd, 4319839.443, 103
Trd, 4319840.843, 95
Trd, 4319840.893, 100
Trd, 4319841.943, 99
Trd, 4319843.393, 99
Trd, 4319845.143, 101
Trd, 4319845.343, 105
Trd, 4319849.943, 98
Trd, 4319850.343, 104
Trd, 4319850.393, 105
Trd, 4319850.793, 104
Trd, 4319853.543, 100
Trd, 4319854.043, 94
Trd, 4319854.343, 85
Trd, 4319854.443, 94
Trd, 4319855.443, 94
Trd, 4319858.493, 95
Trd, 4319860.093, 95
Trd, 4319860.243, 104
Trd, 4319861.443, 110
Trd, 4319862.993, 94
Trd, 4319865.393, 93
Trd, 4319867.143, 94
Trd, 4319868.693, 94
Trd, 4319868.843, 92
Trd, 4319871.493, 91
Trd, 4319872.143, 93
Trd, 4319872.943, 95
Trd, 4319873.443, 95
Trd, 4319874.793, 84
Trd, 4319874.893, 108
Trd, 4319875.993, 108
Trd, 4319877.393, 104
Trd, 4319880.093, 104
Trd, 4319881.143, 101
Trd, 4319881.343, 89
Trd, 4319882.043, 96
Trd, 4319882.643, 97
Trd, 4319883.043, 95
Trd, 4319884.043, 93
Trd, 4319884.493, 107
Trd, 4319885.793, 102
Trd, 4319888.693, 101
Trd, 4319889.943, 95
Trd, 4319889.993, 104
Trd, 4319890.093, 85
Trd, 4319893.443, 101
Trd, 4319893.943, 101
Trd, 4319894.443, 89
Trd, 4319894.493, 101
Trd, 4319896.343, 102
Trd, 4319896.993, 113
Trd, 4319897.343, 118
Trd, 4319899.643, 96
Trd, 4319900.293, 100
Trd, 4319901.793, 101
Trd, 4319901.893, 123
Trd, 4319903.493, 100
Trd, 4319904.443, 94
Trd, 4319906.143, 107
Trd, 4319908.443, 93
Trd, 4319909.343, 96
Trd, 4319909.793, 96
Trd, 4319909.843, 108
Trd, 4319910.393, 85
Trd, 4319911.243, 89
Trd, 4319911.543, 109
Trd, 4319912.293, 77
Trd, 4319913.593, 98
Trd, 4319914.743, 104
Trd, 4319915.093, 95
Trd, 4319918.143, 99
Trd, 4319918.493, 95
Trd, 4319918.793, 93
Trd, 4319919.893, 81
Trd, 4319921.893, 88
Trd, 4319922.493, 98
Trd, 4319923.643, 90
Trd, 4319923.793, 87
Trd, 4319924.493, 105
Trd, 4319927.343, 109
Trd, 4319928.143, 87
Trd, 4319928.393, 102
Trd, 4319928.893, 85
Trd, 4319930.193, 107
Trd, 4319930.443, 95
Trd, 4319932.743, 100
Trd, 4319933.043, 95
Trd, 4319933.593, 99
Trd, 4319934.593, 94
Trd, 4319936.743, 100
Trd, 4319938.443, 98
Trd, 4319940.243, 96
Trd, 4319940.593, 100
Trd, 4319942.243, 95
Trd, 4319943.143, 92
Trd, 4319944.893, 97
Trd, 4319946.243, 105
Trd, 4319946.993, 95
Trd, 4319947.193, 94
Trd, 4319947.243, 100
Trd, 4319948.993, 108
Trd, 4319950.843, 112
Trd, 4319951.443, 112
Trd, 4319952.343, 110
Trd, 4319955.243, 113
Trd, 4319956.393, 112
Trd, 4319956.993, 103
Trd, 4319958.543, 111
Trd, 4319959.043, 106
Trd, 4319960.693, 101
Trd, 4319961.843, 101
Trd, 4319962.043, 106
Trd, 4319963.593, 91
Trd, 4319963.693, 109
Trd, 4319964.943, 108
Trd, 4319967.493, 102
Trd, 4319968.093, 106
Trd, 4319968.393, 101
Trd, 4319969.843, 99
Trd, 4319970.193, 90
Trd, 4319970.343, 113
Trd, 4319972.693, 99
Trd, 4319973.843, 93
Trd, 4319974.193, 102
Trd, 4319974.593, 102
Trd, 4319975.343, 92
Trd, 4319976.843, 104
Trd, 4319979.643, 90
Trd, 4319980.143, 91
Trd, 4319981.193, 91
Trd, 4319981.593, 96
Trd, 4319981.743, 89
Trd, 4319981.793, 97
Trd, 4319982.693, 97
Trd, 4319985.693, 89
Trd, 4319986.443, 104
Trd, 4319988.193, 98
Trd, 4319989.493, 115
Trd, 4319990.793, 100
Trd, 4319991.193, 99
Trd, 4319992.343, 100
Trd, 4319993.843, 91
Trd, 4319994.193, 99
Trd, 4319994.943, 97
Trd, 4319996.893, 97
Trd, 4319997.343, 97
Trd, 4319998.793, 92
