Trd, 4317917.843, 102
Trd, 4317918.043, 102
Trd, 4317918.793, 104
Trd, 4317918.893, 94
Trd, 4317920.193, 100
Trd, 4317920.393, 99
Trd, 4317921.243, 94
Trd, 4317921.843, 97
Trd, 4317923.543, 96
Trd, 4317925.193, 94
Trd, 4317926.193, 96
Trd, 4317926.543, 106
Trd, 4317926.843, 96
Trd, 4317928.993, 98
Trd, 4317929.743, 102
Trd, 4317931.493, 112
Trd, 4317935.193, 101
Trd, 4317935.743, 99
Trd, 4317936.843, 97
Trd, 4317936.893, 100
Trd, 4317937.943, 108
Trd, 4317939.743, 94
Trd, 4317940.893, 94
Trd, 4317942.193, 93
Trd, 4317943.693, 97
Trd, 4317945.593, 96
Trd, 4317946.993, 91
Trd, 4317947.743, 90
Trd, 4317949.343, 95
Trd, 4317949.393, 94
Trd, 4317949.793, 92
Trd, 4317950.593, 105
Trd, 4317952.093, 92
Trd, 4317953.243, 99
Trd, 4317954.543, 99
Trd, 4317954.743, 100
Trd, 4317955.343, 106
Trd, 4317955.993, 86
Trd, 4317956.493, 93
Trd, 4317958.443, 113
Trd, 4317958.993, 92
Trd, 4317959.893, 92
Trd, 4317961.493, 92
Trd, 4317962.543, 93
Trd, 4317963.593, 96
Trd, 4317964.043, 96
Trd, 4317965.143, 97
Trd, 4317966.143, 104
Trd, 4317969.843, 95
Trd, 4317970.193, 94
Trd, 4317971.743, 94
Trd, 4317972.093, 97
Trd, 4317972.843, 98
Trd, 4317973.643, 93
Trd, 4317977.493, 93
Trd, 4317979.993, 95
Trd, 4317980.043, 93
Trd, 4317980.193, 96
Trd, 4317980.343, 92
Trd, 4317981.943, 91
Trd, 4317982.193, 90
Trd, 4317983.143, 105
Trd, 4317984.543, 112
Trd, 4317984.693, 89
Trd, 4317986.493, 86
Trd, 4317990.193, 97
Trd, 4317991.143, 91
Trd, 4317991.843, 95
Trd, 4317993.543, 96
Trd, 4317993.893, 91
Trd, 4317994.343, 90
Trd, 4317994.593, 105
Trd, 4317996.243, 90
Trd, 4317998.643, 92
Trd, 4318000.343, 90
Trd, 4318000.493, 97
Trd, 4318001.443, 90
Trd, 4318002.093, 97
Trd, 4318003.293, 91
Trd, 4318005.493, 94
Trd, 4318007.193, 89
Trd, 4318011.343, 95
Trd, 4318011.393, 88
Trd, 4318011.593, 88
Trd, 4318011.743, 106
Trd, 4318013.543, 96
Trd, 4318014.243, 87
Trd, 4318015.743, 99
Trd, 4318015.893, 90
Trd, 4318018.093, 104
Trd, 4318019.293, 89
Trd, 4318021.693, 89
Trd, 4318021.893, 95
Trd, 4318021.943, 88
Trd, 4318026.993, 92
Trd, 4318027.143, 88
Trd, 4318027.693, 95
Trd, 4318029.243, 89
Trd, 4318029.943, 88
Trd, 4318032.143, 94
Trd, 4318033.643, 90
Trd, 4318033.893, 112
Trd, 4318036.643, 89
Trd, 4318037.093, 98
Trd, 4318037.343, 95
Trd, 4318037.593, 105
Trd, 4318039.393, 98
Trd, 4318039.893, 111
Trd, 4318040.493, 94
Trd, 4318042.493, 98
Trd, 4318043.543, 89
Trd, 4318046.093, 92
Trd, 4318046.293, 104
Trd, 4318047.443, 111
Trd, 4318048.743, 92
Trd, 4318050.593, 95
Trd, 4318050.793, 99
Trd, 4318051.093, 104
Trd, 4318051.143, 93
Trd, 4318053.643, 113
Trd, 4318053.943, 93
Trd, 4318055.593, 94
Trd, 4318056.993, 95
Trd, 4318057.193, 93
Trd, 4318058.293, 92
Trd, 4318058.943, 94
Trd, 4318061.093, 91
Trd, 4318061.843, 95
Trd, 4318062.743, 91
Trd, 4318064.543, 90
Trd, 4318066.193, 90
Trd, 4318067.993, 94
Trd, 4318068.243, 89
Trd, 4318070.643, 95
Trd, 4318071.593, 89
Trd, 4318072.543, 88
Trd, 4318073.043, 91
Trd, 4318075.043, 88
Trd, 4318075.293, 88
Trd, 4318076.743, 92
Trd, 4318077.293, 95
Trd, 4318080.793, 88
Trd, 4318082.743, 93
Trd, 4318083.193, 94
Trd, 4318083.343, 105
Trd, 4318084.243, 87
Trd, 4318085.993, 88
Trd, 4318089.593, 86
Trd, 4318090.143, 90
Trd, 4318090.693, 90
Trd, 4318094.443, 94
Trd, 4318094.693, 85
Trd, 4318099.593, 89
Trd, 4318099.693, 95
Trd, 4318100.543, 86
Trd, 4318100.843, 85
Trd, 4318100.943, 112
Trd, 4318102.193, 93
Trd, 4318105.243, 96
Trd, 4318105.293, 95
Trd, 4318105.743, 93
Trd, 4318106.693, 93
Trd, 4318108.893, 95
Trd, 4318109.393, 113
Trd, 4318110.693, 92
Trd, 4318113.093, 91
Trd, 4318113.293, 104
Trd, 4318114.393, 104
Trd, 4318115.143, 91
Trd, 4318115.643, 95
Trd, 4318117.093, 90
Trd, 4318118.693, 104
Trd, 4318120.193, 113
Trd, 4318122.393, 109
Trd, 4318123.093, 106
Trd, 4318125.693, 105
Trd, 4318126.443, 106
Trd, 4318126.643, 94
Trd, 4318128.143, 98
Trd, 4318128.943, 101
Trd, 4318129.443, 104
Trd, 4318130.643, 113
Trd, 4318131.743, 104
Trd, 4318131.943, 97
Trd, 4318133.343, 100
Trd, 4318133.793, 94
Trd, 4318136.343, 91
Trd, 4318136.543, 95
Trd, 4318137.093, 113
Trd, 4318137.843, 92
Trd, 4318141.193, 95
Trd, 4318141.843, 101
Trd, 4318143.593, 94
Trd, 4318143.643, 94
Trd, 4318144.193, 100
Trd, 4318144.993, 93
Trd, 4318145.693, 92
Trd, 4318147.093, 101
Trd, 4318150.643, 98
Trd, 4318151.543, 95
Trd, 4318151.593, 99
Trd, 4318151.893, 93
Trd, 4318152.143, 104
Trd, 4318152.343, 93
Trd, 4318154.893, 103
Trd, 4318156.243, 111
Trd, 4318156.293, 92
Trd, 4318156.743, 94
Trd, 4318158.843, 94
Trd, 4318159.993, 94
Trd, 4318161.793, 94
Trd, 4318164.943, 113
Trd, 4318164.993, 114
Trd, 4318165.943, 112
Trd, 4318166.243, 95
Trd, 4318166.643, 122
Trd, 4318168.993, 94
Trd, 4318172.443, 93
Trd, 4318172.993, 100
Trd, 4318173.143, 102
Trd, 4318173.893, 93
Trd, 4318175.243, 95
Trd, 4318176.143, 96
Trd, 4318179.843, 101
Trd, 4318180.593, 96
Trd, 4318181.443, 102
Trd, 4318183.693, 105
Trd, 4318184.493, 95
Trd, 4318185.743, 95
Trd, 4318186.543, 94
Trd, 4318187.343, 93
Trd, 4318188.343, 106
Trd, 4318190.693, 103
Trd, 4318191.643, 95
Trd, 4318192.743, 95
Trd, 4318193.093, 102
Trd, 4318195.943, 99
Trd, 4318197.543, 100
Trd, 4318199.743, 94
Trd, 4318200.193, 94
Trd, 4318200.443, 93
Trd, 4318202.793, 92
Trd, 4318203.243, 86
Trd, 4318204.193, 100
Trd, 4318206.743, 96
Trd, 4318206.943, 90
Trd, 4318209.993, 94
Trd, 4318210.043, 89
Trd, 4318211.643, 105
Trd, 4318212.493, 110
Trd, 4318212.993, 89
Trd, 4318213.543, 112
Trd, 4318216.393, 101
Trd, 4318218.243, 88
Trd, 4318220.043, 95
Trd, 4318221.443, 87
Trd, 4318224.143, 86
Trd, 4318225.043, 88
Trd, 4318225.243, 86
Trd, 4318226.093, 86
Trd, 4318226.243, 89
Trd, 4318229.993, 85
Trd, 4318230.343, 88
Trd, 4318230.393, 89
Trd, 4318231.393, 85
Trd, 4318232.443, 103
Trd, 4318234.743, 91
Trd, 4318234.893, 89
Trd, 4318236.143, 96
Trd, 4318238.193, 88
Trd, 4318239.693, 97
Trd, 4318240.193, 91
Trd, 4318242.343, 90
Trd, 4318244.043, 90
Trd, 4318246.243, 94
Trd, 4318247.643, 91
Trd, 4318248.293, 95
Trd, 4318249.643, 112
Trd, 4318251.193, 90
Trd, 4318251.343, 103
Trd, 4318254.743, 107
Trd, 4318256.593, 89
Trd, 4318257.093, 88
Trd, 4318258.093, 88
Trd, 4318258.593, 88
Trd, 4318259.043, 95
Trd, 4318259.243, 86
Trd, 4318259.643, 86
Trd, 4318259.993, 92
Trd, 4318263.893, 86
Trd, 4318266.193, 86
Trd, 4318266.543, 95
Trd, 4318266.643, 113
Trd, 4318267.843, 86
Trd, 4318268.693, 86
Trd, 4318269.743, 90
Trd, 4318271.143, 88
Trd, 4318272.543, 95
Trd, 4318273.143, 111
Trd, 4318273.993, 86
Trd, 4318276.193, 92
Trd, 4318276.543, 93
Trd, 4318277.093, 97
Trd, 4318279.443, 98
Trd, 4318279.793, 92
Trd, 4318282.693, 99
Trd, 4318282.743, 91
Trd, 4318282.793, 91
Trd, 4318284.143, 90
Trd, 4318284.793, 89
Trd, 4318286.043, 106
Trd, 4318287.493, 93
Trd, 4318288.593, 112
Trd, 4318290.943, 85
Trd, 4318291.893, 105
Trd, 4318293.743, 95
Trd, 4318296.843, 93
Trd, 4318297.393, 103
Trd, 4318297.593, 112
Trd, 4318298.893, 105
Trd, 4318299.093, 103
Trd, 4318299.343, 94
Trd, 4318303.843, 99
Trd, 4318304.443, 98
Trd, 4318304.593, 104
Trd, 4318305.293, 77
Trd, 4318306.343, 99
Trd, 4318307.093, 104
Trd, 4318307.793, 113
Trd, 4318310.043, 100
Trd, 4318310.843, 104
Trd, 4318310.893, 100
Trd, 4318315.343, 103
Trd, 4318315.843, 105
Trd, 4318316.093, 100
Trd, 4318316.243, 100
Trd, 4318317.043, 86
Trd, 4318321.243, 94
Trd, 4318322.293, 94
Trd, 4318322.943, 96
Trd, 4318323.643, 97
Trd, 4318324.243, 105
Trd, 4318325.793, 111
Trd, 4318326.193, 100
Trd, 4318328.443, 102
Trd, 4318328.793, 101
Trd, 4318328.993, 94
Trd, 4318329.043, 103
Trd, 4318329.693, 109
Trd, 4318333.043, 97
Trd, 4318336.493, 103
Trd, 4318337.543, 96
Trd, 4318338.293, 104
Trd, 4318338.693, 96
Trd, 4318338.793, 94
Trd, 4318340.193, 84
Trd, 4318341.343, 90
Trd, 4318341.993, 95
Trd, 4318342.443, 91
Trd, 4318343.843, 105
Trd, 4318345.493, 113
Trd, 4318346.443, 111
Trd, 4318348.393, 112
Trd, 4318349.243, 102
Trd, 4318350.043, 93
Trd, 4318350.643, 89
Trd, 4318351.443, 83
Trd, 4318352.643, 92
Trd, 4318353.793, 91
Trd, 4318354.043, 91
Trd, 4318354.143, 105
Trd, 4318356.943, 97
Trd, 4318356.993, 93
Trd, 4318357.793, 91
Trd, 4318359.593, 94
Trd, 4318359.893, 93
Trd, 4318360.743, 106
Trd, 4318362.593, 97
Trd, 4318364.843, 97
Trd, 4318366.243, 113
Trd, 4318366.343, 93
Trd, 4318367.643, 93
Trd, 4318369.793, 93
Trd, 4318370.643, 92
Trd, 4318371.393, 98
Trd, 4318372.243, 94
Trd, 4318372.493, 91
Trd, 4318375.193, 90
Trd, 4318377.143, 93
Trd, 4318378.793, 104
Trd, 4318380.093, 98
Trd, 4318381.443, 101
Trd, 4318382.093, 98
Trd, 4318384.793, 96
Trd, 4318385.043, 97
Trd, 4318385.293, 95
Trd, 4318387.343, 98
Trd, 4318388.093, 96
Trd, 4318389.693, 97
Trd, 4318391.093, 103
Trd, 4318392.693, 95
Trd, 4318395.393, 102
Trd, 4318395.593, 98
Trd, 4318397.193, 98
Trd, 4318398.243, 94
Trd, 4318398.693, 95
Trd, 4318399.293, 92
Trd, 4318399.543, 110
Trd, 4318399.793, 86
Trd, 4318402.043, 77
Trd, 4318402.793, 110
Trd, 4318402.943, 92
Trd, 4318406.993, 91
Trd, 4318408.143, 102
Trd, 4318408.843, 105
Trd, 4318409.393, 90
Trd, 4318411.343, 90
Trd, 4318412.943, 104
Trd, 4318413.493, 104
Trd, 4318413.543, 91
Trd, 4318414.793, 92
Trd, 4318414.943, 91
Trd, 4318415.693, 90
Trd, 4318416.043, 102
Trd, 4318417.193, 90
Trd, 4318419.593, 104
Trd, 4318420.893, 98
Trd, 4318421.093, 97
Trd, 4318421.943, 97
Trd, 4318424.643, 103
Trd, 4318425.543, 122
Trd, 4318425.843, 95
Trd, 4318425.893, 95
Trd, 4318428.743, 95
Trd, 4318428.793, 95
Trd, 4318429.593, 95
Trd, 4318430.943, 94
Trd, 4318431.793, 96
Trd, 4318434.343, 94
Trd, 4318434.543, 94
Trd, 4318435.093, 101
Trd, 4318436.043, 93
Trd, 4318437.943, 94
Trd, 4318438.143, 105
Trd, 4318439.543, 96
Trd, 4318441.493, 101
Trd, 4318441.593, 98
Trd, 4318441.793, 94
Trd, 4318444.193, 101
Trd, 4318444.993, 94
Trd, 4318447.843, 94
Trd, 4318449.443, 94
Trd, 4318449.893, 93
Trd, 4318450.293, 95
Trd, 4318450.593, 97
Trd, 4318451.393, 109
Trd, 4318452.593, 92
Trd, 4318453.443, 101
Trd, 4318454.293, 92
Trd, 4318456.593, 91
Trd, 4318457.943, 96
Trd, 4318459.143, 102
Trd, 4318460.193, 93
Trd, 4318462.493, 92
Trd, 4318462.543, 104
Trd, 4318463.843, 103
Trd, 4318463.993, 90
Trd, 4318467.043, 101
Trd, 4318467.243, 109
Trd, 4318470.693, 101
Trd, 4318470.893, 100
Trd, 4318471.993, 99
Trd, 4318472.193, 103
Trd, 4318473.843, 94
Trd, 4318474.593, 96
Trd, 4318474.793, 106
Trd, 4318477.393, 100
Trd, 4318477.893, 96
Trd, 4318478.593, 96
Trd, 4318478.893, 122
Trd, 4318483.743, 98
Trd, 4318485.143, 100
Trd, 4318486.093, 98
Trd, 4318487.643, 97
Trd, 4318487.843, 105
Trd, 4318488.943, 114
Trd, 4318492.243, 108
Trd, 4318492.743, 102
Trd, 4318493.843, 101
Trd, 4318495.293, 101
Trd, 4318495.993, 105
Trd, 4318496.743, 105
Trd, 4318497.143, 101
Trd, 4318497.493, 113
Trd, 4318498.493, 100
Trd, 4318503.143, 101
Trd, 4318503.593, 99
Trd, 4318503.693, 99
Trd, 4318504.643, 104
Trd, 4318506.993, 100
Trd, 4318507.693, 98
Trd, 4318508.843, 97
Trd, 4318510.493, 101
Trd, 4318510.843, 114
Trd, 4318512.293, 96
Trd, 4318513.843, 103
Trd, 4318513.993, 109
Trd, 4318514.893, 95
Trd, 4318519.393, 103
Trd, 4318520.043, 94
Trd, 4318521.093, 105
Trd, 4318522.393, 93
Trd, 4318522.993, 105
Trd, 4318523.343, 93
Trd, 4318523.443, 108
Trd, 4318525.593, 92
Trd, 4318527.943, 94
Trd, 4318528.293, 97
Trd, 4318529.493, 94
Trd, 4318529.893, 92
Trd, 4318530.543, 99
Trd, 4318533.393, 110
Trd, 4318534.393, 109
Trd, 4318534.943, 122
Trd, 4318536.493, 108
Trd, 4318536.693, 103
Trd, 4318537.443, 113
Trd, 4318538.393, 106
Trd, 4318539.743, 105
Trd, 4318540.043, 110
Trd, 4318540.493, 102
Trd, 4318542.943, 101
Trd, 4318543.293, 104
Trd, 4318543.743, 100
Trd, 4318544.093, 98
Trd, 4318545.743, 84
Trd, 4318547.643, 110
Trd, 4318550.293, 105
Trd, 4318550.643, 108
Trd, 4318551.093, 100
Trd, 4318551.543, 101
Trd, 4318552.593, 108
Trd, 4318553.143, 113
Trd, 4318554.793, 100
Trd, 4318556.443, 113
Trd, 4318558.443, 110
Trd, 4318559.043, 94
Trd, 4318560.143, 107
Trd, 4318561.693, 106
Trd, 4318562.843, 104
Trd, 4318563.543, 102
Trd, 4318563.993, 99
Trd, 4318565.493, 110
Trd, 4318565.693, 97
Trd, 4318566.893, 106
Trd, 4318569.243, 99
Trd, 4318569.493, 113
Trd, 4318572.643, 107
Trd, 4318572.693, 109
Trd, 4318572.893, 100
Trd, 4318573.243, 111
Trd, 4318573.793, 100
Trd, 4318575.643, 98
Trd, 4318576.193, 98
Trd, 4318578.193, 105
Trd, 4318580.293, 100
Trd, 4318581.393, 99
Trd, 4318582.993, 97
Trd, 4318584.843, 99
Trd, 4318584.993, 113
Trd, 4318585.993, 101
Trd, 4318586.443, 101
Trd, 4318586.543, 101
Trd, 4318589.843, 95
Trd, 4318590.393, 97
Trd, 4318590.443, 94
Trd, 4318590.593, 104
Trd, 4318590.993, 113
Trd, 4318593.443, 94
Trd, 4318594.093, 92
Trd, 4318594.993, 68
Trd, 4318595.943, 104
Trd, 4318596.943, 94
Trd, 4318599.543, 90
Trd, 4318600.143, 89
Trd, 4318600.593, 95
Trd, 4318602.993, 89
Trd, 4318603.143, 88
Trd, 4318604.493, 95
Trd, 4318605.643, 87
Trd, 4318606.493, 95
Trd, 4318606.843, 86
Trd, 4318607.743, 110
Trd, 4318609.443, 86
Trd, 4318610.993, 105
Trd, 4318612.043, 98
Trd, 4318612.593, 93
Trd, 4318616.493, 96
Trd, 4318616.543, 95
Trd, 4318616.943, 95
Trd, 4318617.643, 93
Trd, 4318618.843, 97
Trd, 4318621.743, 95
Trd, 4318622.743, 94
Trd, 4318623.343, 94
Trd, 4318624.043, 95
Trd, 4318625.043, 113
Trd, 4318627.643, 99
Trd, 4318627.793, 93
Trd, 4318628.843, 93
Trd, 4318629.943, 93
Trd, 4318630.393, 105
Trd, 4318630.443, 113
Trd, 4318630.593, 92
Trd, 4318634.193, 93
Trd, 4318635.193, 102
Trd, 4318636.693, 98
Trd, 4318637.243, 99
Trd, 4318637.743, 86
Trd, 4318638.093, 86
Trd, 4318638.643, 89
Trd, 4318640.343, 87
Trd, 4318640.693, 108
Trd, 4318642.293, 88
Trd, 4318643.793, 96
Trd, 4318643.993, 95
Trd, 4318645.843, 92
Trd, 4318647.643, 93
Trd, 4318647.943, 95
Trd, 4318649.843, 93
Trd, 4318650.093, 94
Trd, 4318650.343, 104
Trd, 4318650.943, 92
Trd, 4318651.093, 92
Trd, 4318651.293, 91
Trd, 4318653.993, 113
Trd, 4318654.743, 105
Trd, 4318655.693, 94
Trd, 4318656.493, 104
Trd, 4318657.943, 98
Trd, 4318658.993, 103
Trd, 4318659.243, 94
Trd, 4318660.943, 93
Trd, 4318662.293, 91
Trd, 4318664.793, 104
Trd, 4318664.993, 99
Trd, 4318665.593, 98
Trd, 4318666.593, 101
Trd, 4318667.493, 103
Trd, 4318669.293, 104
Trd, 4318670.193, 98
Trd, 4318670.393, 105
Trd, 4318670.543, 98
Trd, 4318671.343, 94
Trd, 4318671.393, 113
Trd, 4318675.243, 99
Trd, 4318675.493, 96
Trd, 4318675.693, 104
Trd, 4318678.243, 98
Trd, 4318679.493, 101
Trd, 4318679.543, 94
Trd, 4318680.843, 101
Trd, 4318681.893, 111
Trd, 4318683.243, 105
Trd, 4318684.443, 105
Trd, 4318684.893, 103
Trd, 4318685.993, 101
Trd, 4318686.043, 93
Trd, 4318687.843, 102
Trd, 4318689.593, 112
Trd, 4318690.493, 98
Trd, 4318691.093, 112
Trd, 4318691.443, 94
Trd, 4318695.493, 107
Trd, 4318695.643, 96
Trd, 4318697.993, 107
Trd, 4318698.893, 101
Trd, 4318699.093, 98
Trd, 4318699.593, 96
Trd, 4318701.393, 86
Trd, 4318701.843, 95
Trd, 4318703.993, 97
Trd, 4318704.543, 94
Trd, 4318705.093, 107
Trd, 4318705.443, 87
Trd, 4318707.943, 92
Trd, 4318708.693, 97
Trd, 4318709.843, 110
Trd, 4318710.343, 92
Trd, 4318711.943, 94
Trd, 4318713.143, 100
Trd, 4318715.243, 96
Trd, 4318717.393, 95
Trd, 4318717.593, 94
Trd, 4318717.993, 93
Trd, 4318718.293, 96
Trd, 4318721.193, 93
Trd, 4318721.843, 95
Trd, 4318722.493, 92
Trd, 4318722.793, 113
Trd, 4318723.693, 92
Trd, 4318726.143, 99
Trd, 4318727.143, 104
Trd, 4318728.693, 106
Trd, 4318729.193, 112
Trd, 4318729.293, 99
Trd, 4318730.693, 103
Trd, 4318732.593, 106
Trd, 4318734.543, 103
Trd, 4318734.843, 101
Trd, 4318736.093, 104
Trd, 4318736.843, 101
Trd, 4318737.043, 100
Trd, 4318739.393, 99
Trd, 4318739.893, 94
Trd, 4318740.443, 102
Trd, 4318740.893, 103
Trd, 4318742.843, 97
Trd, 4318743.043, 104
Trd, 4318743.893, 95
Trd, 4318746.393, 103
Trd, 4318747.343, 97
Trd, 4318748.743, 97
Trd, 4318750.943, 97
Trd, 4318751.143, 96
Trd, 4318752.793, 96
Trd, 4318753.743, 95
Trd, 4318754.893, 95
Trd, 4318756.543, 96
Trd, 4318756.693, 111
Trd, 4318757.293, 113
Trd, 4318757.443, 94
Trd, 4318758.393, 110
Trd, 4318761.543, 90
Trd, 4318762.493, 90
Trd, 4318762.643, 95
Trd, 4318765.043, 95
Trd, 4318765.393, 110
Trd, 4318766.693, 103
Trd, 4318768.193, 95
Trd, 4318769.193, 96
Trd, 4318770.643, 92
Trd, 4318773.193, 92
Trd, 4318773.743, 87
Trd, 4318774.943, 91
Trd, 4318775.093, 95
Trd, 4318776.143, 89
Trd, 4318777.843, 88
Trd, 4318778.043, 103
Trd, 4318778.093, 86
Trd, 4318778.793, 86
Trd, 4318780.843, 97
Trd, 4318782.093, 103
Trd, 4318783.543, 89
Trd, 4318785.793, 96
Trd, 4318788.193, 91
Trd, 4318788.643, 96
Trd, 4318789.593, 90
Trd, 4318791.093, 90
Trd, 4318791.743, 89
Trd, 4318793.593, 89
Trd, 4318794.143, 88
Trd, 4318794.443, 95
Trd, 4318794.693, 104
Trd, 4318795.693, 87
Trd, 4318798.843, 94
Trd, 4318799.893, 86
Trd, 4318800.943, 111
Trd, 4318801.893, 93
Trd, 4318803.093, 93
Trd, 4318803.793, 92
Trd, 4318804.993, 91
Trd, 4318805.593, 94
Trd, 4318807.193, 106
Trd, 4318807.693, 91
Trd, 4318809.993, 90
Trd, 4318810.893, 101
Trd, 4318810.943, 106
Trd, 4318811.593, 89
Trd, 4318812.393, 88
Trd, 4318813.943, 88
Trd, 4318814.193, 113
Trd, 4318816.043, 120
Trd, 4318817.343, 104
Trd, 4318817.593, 97
Trd, 4318817.843, 94
Trd, 4318819.693, 96
Trd, 4318820.593, 97
Trd, 4318821.043, 100
Trd, 4318821.693, 100
Trd, 4318823.093, 106
Trd, 4318823.793, 97
Trd, 4318824.793, 98
Trd, 4318825.593, 112
Trd, 4318826.093, 94
Trd, 4318827.493, 105
Trd, 4318828.893, 95
Trd, 4318829.943, 104
Trd, 4318830.543, 95
Trd, 4318832.193, 112
Trd, 4318832.693, 94
Trd, 4318835.843, 100
Trd, 4318837.243, 99
Trd, 4318837.693, 94
Trd, 4318837.893, 96
Trd, 4318838.243, 112
Trd, 4318839.843, 98
Trd, 4318839.893, 96
Trd, 4318841.093, 122
Trd, 4318843.193, 95
Trd, 4318844.293, 97
Trd, 4318844.843, 105
Trd, 4318845.543, 94
Trd, 4318845.643, 93
Trd, 4318848.243, 94
Trd, 4318848.843, 112
Trd, 4318849.893, 98
Trd, 4318851.643, 98
Trd, 4318852.793, 100
Trd, 4318853.993, 112
Trd, 4318854.893, 97
Trd, 4318855.643, 103
Trd, 4318857.443, 95
Trd, 4318859.093, 94
Trd, 4318859.943, 111
Trd, 4318860.193, 106
Trd, 4318861.543, 93
Trd, 4318861.943, 88
Trd, 4318865.093, 94
Trd, 4318866.893, 94
Trd, 4318867.143, 93
Trd, 4318867.193, 104
Trd, 4318868.343, 93
Trd, 4318868.693, 109
Trd, 4318868.943, 113
Trd, 4318869.093, 85
Trd, 4318870.893, 99
Trd, 4318873.343, 99
Trd, 4318873.643, 99
Trd, 4318874.093, 94
Trd, 4318875.643, 99
Trd, 4318877.143, 96
Trd, 4318879.893, 95
Trd, 4318880.793, 104
Trd, 4318880.843, 95
Trd, 4318883.393, 94
Trd, 4318884.093, 94
Trd, 4318884.943, 92
Trd, 4318885.743, 106
Trd, 4318887.943, 103
Trd, 4318888.843, 95
Trd, 4318892.193, 109
Trd, 4318892.443, 95
Trd, 4318893.843, 94
Trd, 4318894.193, 94
Trd, 4318894.343, 105
Trd, 4318895.343, 105
Trd, 4318896.943, 112
Trd, 4318899.293, 94
Trd, 4318900.143, 97
Trd, 4318901.593, 96
Trd, 4318902.893, 94
Trd, 4318903.143, 109
Trd, 4318903.643, 87
Trd, 4318904.693, 105
Trd, 4318905.093, 106
Trd, 4318905.443, 86
Trd, 4318905.593, 76
Trd, 4318906.693, 102
Trd, 4318908.293, 111
Trd, 4318909.493, 108
Trd, 4318910.943, 107
Trd, 4318911.093, 108
Trd, 4318912.093, 106
Trd, 4318913.843, 107
Trd, 4318915.143, 87
Trd, 4318917.293, 113
Trd, 4318917.793, 92
Trd, 4318920.093, 98
Trd, 4318920.393, 92
Trd, 4318921.443, 94
Trd, 4318921.493, 92
Trd, 4318922.943, 85
Trd, 4318923.443, 90
Trd, 4318923.993, 103
Trd, 4318925.643, 93
Trd, 4318926.843, 93
Trd, 4318927.243, 104
Trd, 4318930.243, 92
Trd, 4318930.593, 92
Trd, 4318931.143, 91
Trd, 4318933.143, 100
Trd, 4318935.743, 102
Trd, 4318936.043, 91
Trd, 4318936.593, 90
Trd, 4318937.193, 89
Trd, 4318939.143, 104
Trd, 4318940.743, 104
Trd, 4318941.893, 94
Trd, 4318942.393, 93
Trd, 4318942.493, 93
Trd, 4318943.043, 105
Trd, 4318945.593, 105
Trd, 4318946.243, 92
Trd, 4318948.693, 102
Trd, 4318949.693, 95
Trd, 4318950.793, 95
Trd, 4318951.643, 92
Trd, 4318952.643, 93
Trd, 4318952.693, 95
Trd, 4318954.093, 92
Trd, 4318954.693, 95
Trd, 4318955.943, 95
Trd, 4318958.543, 94
Trd, 4318958.743, 104
Trd, 4318958.793, 105
Trd, 4318959.743, 94
Trd, 4318960.993, 113
Trd, 4318963.943, 94
Trd, 4318964.193, 93
Trd, 4318965.543, 103
Trd, 4318966.843, 92
Trd, 4318967.243, 101
Trd, 4318968.493, 101
Trd, 4318968.943, 92
Trd, 4318971.193, 104
Trd, 4318971.593, 104
Trd, 4318972.243, 98
Trd, 4318973.793, 97
Trd, 4318974.793, 97
Trd, 4318977.543, 103
Trd, 4318979.043, 95
Trd, 4318979.093, 94
Trd, 4318981.193, 102
Trd, 4318981.743, 95
Trd, 4318984.843, 106
Trd, 4318986.143, 95
Trd, 4318987.043, 94
Trd, 4318987.143, 103
Trd, 4318988.093, 113
Trd, 4318989.643, 94
Trd, 4318990.643, 94
Trd, 4318990.993, 86
Trd, 4318992.243, 91
Trd, 4318993.343, 91
Trd, 4318994.493, 95
Trd, 4318995.993, 90
Trd, 4318996.743, 90
Trd, 4318997.243, 88
Trd, 4318997.693, 104
Trd, 4318998.943, 91
Trd, 4318999.293, 99
Trd, 4319001.643, 101
Trd, 4319001.743, 98
Trd, 4319003.143, 104
Trd, 4319005.093, 103
Trd, 4319005.193, 98
Trd, 4319006.643, 113
Trd, 4319006.993, 96
Trd, 4319007.393, 94
Trd, 4319008.443, 86
Trd, 4319008.743, 88
Trd, 4319011.093, 86
Trd, 4319013.643, 90
Trd, 4319013.743, 90
Trd, 4319014.193, 100
Trd, 4319015.193, 95
Trd, 4319016.543, 106
Trd, 4319019.193, 92
Trd, 4319021.143, 91
Trd, 4319022.643, 95
Trd, 4319022.993, 90
Trd, 4319023.243, 90
Trd, 4319024.443, 103
Trd, 4319025.293, 90
Trd, 4319025.543, 100
Trd, 4319027.593, 97
Trd, 4319028.343, 96
Trd, 4319028.793, 100
Trd, 4319029.743, 113
Trd, 4319030.943, 95
Trd, 4319032.543, 103
Trd, 4319034.743, 94
Trd, 4319035.093, 105
Trd, 4319036.693, 94
Trd, 4319038.243, 93
Trd, 4319039.293, 93
Trd, 4319040.893, 96
Trd, 4319041.993, 104
Trd, 4319042.843, 92
Trd, 4319043.493, 92
Trd, 4319045.243, 100
Trd, 4319046.693, 112
Trd, 4319047.793, 91
Trd, 4319050.393, 94
Trd, 4319050.843, 101
Trd, 4319051.543, 103
Trd, 4319055.243, 96
Trd, 4319057.293, 98
Trd, 4319057.593, 104
Trd, 4319057.643, 96
Trd, 4319057.793, 113
Trd, 4319060.293, 95
Trd, 4319061.543, 95
Trd, 4319062.043, 94
Trd, 4319062.343, 94
Trd, 4319062.393, 105
Trd, 4319064.893, 100
Trd, 4319066.093, 96
Trd, 4319067.943, 96
Trd, 4319068.793, 95
Trd, 4319069.193, 94
Trd, 4319069.493, 105
Trd, 4319070.793, 93
Trd, 4319072.043, 99
Trd, 4319074.393, 102
Trd, 4319074.443, 106
Trd, 4319074.893, 95
Trd, 4319076.743, 98
Trd, 4319078.193, 96
Trd, 4319080.393, 104
Trd, 4319080.943, 111
Trd, 4319081.893, 103
Trd, 4319081.943, 93
Trd, 4319083.493, 99
Trd, 4319084.443, 101
Trd, 4319084.893, 111
Trd, 4319085.943, 100
Trd, 4319086.193, 112
Trd, 4319088.443, 100
Trd, 4319089.393, 103
Trd, 4319090.143, 100
Trd, 4319091.893, 99
Trd, 4319094.143, 99
Trd, 4319094.343, 98
Trd, 4319095.693, 109
Trd, 4319096.943, 98
Trd, 4319097.643, 106
Trd, 4319097.793, 96
Trd, 4319098.093, 94
Trd, 4319098.843, 106
Trd, 4319100.843, 94
Trd, 4319100.993, 111
Trd, 4319102.243, 86
Trd, 4319105.343, 104
Trd, 4319105.693, 113
Trd, 4319106.443, 100
Trd, 4319107.043, 100
Trd, 4319109.293, 106
Trd, 4319110.493, 106
Trd, 4319110.943, 103
Trd, 4319112.093, 94
Trd, 4319112.693, 104
Trd, 4319113.243, 99
Trd, 4319114.393, 105
Trd, 4319117.693, 99
Trd, 4319117.893, 103
Trd, 4319118.293, 99
Trd, 4319118.643, 98
Trd, 4319120.193, 96
Trd, 4319121.593, 95
Trd, 4319121.643, 103
Trd, 4319121.893, 113
Trd, 4319125.643, 94
Trd, 4319126.893, 113
Trd, 4319127.143, 103
Trd, 4319127.543, 94
Trd, 4319127.743, 104
Trd, 4319131.643, 107
Trd, 4319132.093, 103
Trd, 4319133.893, 113
Trd, 4319134.293, 106
Trd, 4319134.343, 104
Trd, 4319137.493, 109
Trd, 4319138.093, 105
Trd, 4319138.543, 103
Trd, 4319138.693, 108
Trd, 4319139.593, 77
Trd, 4319140.993, 104
Trd, 4319142.793, 96
Trd, 4319143.343, 104
Trd, 4319144.793, 109
Trd, 4319145.793, 96
Trd, 4319146.643, 98
Trd, 4319147.643, 102
Trd, 4319149.893, 98
Trd, 4319151.193, 101
Trd, 4319152.243, 100
Trd, 4319153.843, 97
Trd, 4319157.243, 106
Trd, 4319157.293, 99
Trd, 4319158.443, 99
Trd, 4319158.643, 94
Trd, 4319158.993, 103
Trd, 4319161.843, 104
Trd, 4319162.693, 112
Trd, 4319164.093, 105
Trd, 4319164.193, 102
Trd, 4319164.343, 96
Trd, 4319165.543, 114
Trd, 4319166.993, 113
Trd, 4319167.143, 107
Trd, 4319168.193, 102
Trd, 4319170.243, 103
Trd, 4319171.843, 103
Trd, 4319172.443, 103
Trd, 4319172.493, 104
Trd, 4319174.593, 100
Trd, 4319176.093, 103
Trd, 4319176.693, 101
Trd, 4319177.193, 101
Trd, 4319177.593, 102
Trd, 4319178.093, 112
Trd, 4319179.693, 107
Trd, 4319180.793, 113
Trd, 4319181.393, 94
Trd, 4319182.743, 111
Trd, 4319184.493, 98
Trd, 4319184.693, 114
Trd, 4319185.343, 86
Trd, 4319185.793, 111
Trd, 4319186.693, 95
Trd, 4319187.143, 97
Trd, 4319190.843, 102
Trd, 4319191.243, 105
Trd, 4319193.043, 112
Trd, 4319193.293, 102
Trd, 4319193.643, 101
Trd, 4319196.943, 102
Trd, 4319197.543, 102
Trd, 4319198.593, 102
Trd, 4319199.743, 102
Trd, 4319200.293, 101
Trd, 4319201.343, 104
Trd, 4319203.243, 101
Trd, 4319204.443, 105
Trd, 4319204.593, 102
Trd, 4319205.143, 105
Trd, 4319206.193, 94
Trd, 4319206.943, 112
Trd, 4319208.093, 98
Trd, 4319208.243, 97
Trd, 4319209.993, 104
Trd, 4319210.693, 103
Trd, 4319210.743, 95
Trd, 4319211.693, 96
Trd, 4319214.293, 99
Trd, 4319215.543, 86
Trd, 4319215.643, 98
Trd, 4319216.093, 107
Trd, 4319220.093, 102
Trd, 4319221.743, 102
Trd, 4319223.843, 100
Trd, 4319223.893, 94
Trd, 4319224.343, 106
Trd, 4319224.393, 114
Trd, 4319225.243, 88
Trd, 4319227.343, 92
Trd, 4319228.793, 76
Trd, 4319228.993, 105
Trd, 4319231.043, 95
Trd, 4319231.143, 86
Trd, 4319232.743, 86
Trd, 4319234.243, 86
Trd, 4319234.293, 87
Trd, 4319234.793, 95
Trd, 4319236.343, 93
Trd, 4319236.543, 92
Trd, 4319237.543, 91
Trd, 4319239.943, 92
Trd, 4319240.043, 110
Trd, 4319243.543, 95
Trd, 4319244.543, 93
Trd, 4319244.993, 101
Trd, 4319245.693, 98
Trd, 4319246.893, 105
Trd, 4319247.843, 95
Trd, 4319248.493, 113
Trd, 4319250.843, 95
Trd, 4319252.443, 95
Trd, 4319252.843, 92
Trd, 4319254.143, 92
Trd, 4319255.543, 86
Trd, 4319255.893, 96
Trd, 4319256.293, 81
Trd, 4319256.743, 91
Trd, 4319259.093, 89
Trd, 4319260.393, 89
Trd, 4319260.593, 104
Trd, 4319262.793, 104
Trd, 4319262.893, 107
Trd, 4319263.043, 88
Trd, 4319263.743, 87
Trd, 4319267.193, 88
Trd, 4319268.493, 89
Trd, 4319269.193, 89
Trd, 4319269.493, 94
Trd, 4319270.943, 95
Trd, 4319270.993, 88
Trd, 4319272.293, 87
Trd, 4319273.143, 104
Trd, 4319276.093, 86
Trd, 4319276.543, 104
Trd, 4319277.293, 101
Trd, 4319277.893, 86
Trd, 4319281.893, 87
Trd, 4319282.543, 89
Trd, 4319284.193, 112
Trd, 4319284.993, 86
Trd, 4319286.043, 86
Trd, 4319287.493, 89
Trd, 4319289.293, 94
Trd, 4319290.893, 93
Trd, 4319293.793, 91
Trd, 4319295.543, 90
Trd, 4319296.893, 90
Trd, 4319297.093, 94
Trd, 4319297.393, 89
Trd, 4319297.843, 95
Trd, 4319298.543, 89
Trd, 4319299.343, 91
Trd, 4319303.493, 94
Trd, 4319305.493, 90
Trd, 4319305.893, 94
Trd, 4319306.693, 90
Trd, 4319307.143, 95
Trd, 4319309.293, 106
Trd, 4319309.493, 89
Trd, 4319310.393, 104
Trd, 4319311.143, 88
Trd, 4319313.443, 88
Trd, 4319313.943, 92
Trd, 4319315.493, 92
Trd, 4319315.743, 88
Trd, 4319317.943, 93
Trd, 4319318.093, 88
Trd, 4319319.493, 91
Trd, 4319320.093, 89
Trd, 4319321.843, 105
Trd, 4319321.943, 105
Trd, 4319323.693, 95
Trd, 4319324.043, 98
Trd, 4319324.193, 93
Trd, 4319324.443, 101
Trd, 4319325.893, 86
Trd, 4319329.243, 96
Trd, 4319331.593, 100
Trd, 4319331.643, 96
Trd, 4319331.943, 105
Trd, 4319335.743, 101
Trd, 4319335.793, 100
Trd, 4319337.093, 99
Trd, 4319337.193, 94
Trd, 4319338.243, 100
Trd, 4319338.493, 108
Trd, 4319339.693, 95
Trd, 4319340.243, 108
Trd, 4319343.043, 99
Trd, 4319343.593, 99
Trd, 4319344.493, 97
Trd, 4319344.743, 96
Trd, 4319345.893, 96
Trd, 4319347.843, 97
Trd, 4319348.193, 94
Trd, 4319348.293, 109
Trd, 4319350.693, 97
Trd, 4319352.543, 103
Trd, 4319353.293, 93
Trd, 4319354.793, 106
Trd, 4319357.243, 97
Trd, 4319358.193, 96
Trd, 4319359.293, 95
Trd, 4319361.193, 112
Trd, 4319361.343, 113
Trd, 4319362.143, 94
Trd, 4319365.043, 93
Trd, 4319365.343, 98
Trd, 4319366.243, 104
Trd, 4319367.193, 92
Trd, 4319368.293, 92
Trd, 4319368.693, 105
Trd, 4319372.143, 94
Trd, 4319373.443, 91
Trd, 4319373.693, 91
Trd, 4319374.043, 91
Trd, 4319374.643, 90
Trd, 4319376.443, 90
Trd, 4319376.493, 95
Trd, 4319376.943, 86
Trd, 4319380.693, 93
Trd, 4319380.893, 95
Trd, 4319381.543, 93
Trd, 4319381.793, 105
Trd, 4319382.843, 93
Trd, 4319385.543, 93
Trd, 4319385.593, 93
Trd, 4319386.593, 99
Trd, 4319387.643, 113
Trd, 4319388.093, 92
Trd, 4319389.293, 91
Trd, 4319391.643, 94
Trd, 4319392.093, 104
Trd, 4319392.343, 95
Trd, 4319393.893, 104
Trd, 4319395.393, 94
Trd, 4319398.443, 95
Trd, 4319398.543, 96
Trd, 4319398.943, 98
Trd, 4319399.193, 95
Trd, 4319400.943, 94
Trd, 4319401.843, 105
Trd, 4319403.993, 102
Trd, 4319404.293, 102
Trd, 4319405.193, 112
Trd, 4319406.243, 102
Trd, 4319406.493, 102
Trd, 4319408.043, 105
Trd, 4319410.793, 102
Trd, 4319410.993, 107
Trd, 4319412.693, 102
Trd, 4319412.793, 109
Trd, 4319415.293, 101
Trd, 4319417.243, 100
Trd, 4319417.643, 101
Trd, 4319418.643, 106
Trd, 4319420.293, 99
Trd, 4319420.693, 108
Trd, 4319421.943, 98
Trd, 4319422.993, 108
Trd, 4319424.193, 97
Trd, 4319425.293, 96
Trd, 4319425.543, 107
Trd, 4319426.443, 112
Trd, 4319429.993, 103
Trd, 4319430.543, 96
Trd, 4319431.743, 95
Trd, 4319433.243, 102
Trd, 4319435.943, 94
Trd, 4319436.043, 102
Trd, 4319436.243, 104
Trd, 4319437.143, 93
Trd, 4319440.193, 103
Trd, 4319441.393, 95
Trd, 4319443.493, 95
Trd, 4319444.843, 95
Trd, 4319445.843, 95
Trd, 4319447.693, 95
Trd, 4319448.243, 99
Trd, 4319449.243, 111
Trd, 4319449.843, 94
Trd, 4319451.143, 112
Trd, 4319453.443, 101
Trd, 4319454.893, 101
Trd, 4319454.943, 99
Trd, 4319454.993, 94
Trd, 4319455.543, 102
Trd, 4319456.843, 96
Trd, 4319457.093, 106
Trd, 4319459.893, 96
Trd, 4319462.043, 103
Trd, 4319462.193, 104
Trd, 4319463.943, 95
Trd, 4319464.493, 95
Trd, 4319465.093, 94
Trd, 4319467.693, 98
Trd, 4319469.393, 93
Trd, 4319469.793, 93
Trd, 4319470.593, 85
Trd, 4319471.393, 90
Trd, 4319471.943, 95
Trd, 4319473.693, 92
Trd, 4319474.293, 107
Trd, 4319474.593, 96
Trd, 4319476.043, 90
Trd, 4319476.793, 108
Trd, 4319477.343, 92
Trd, 4319479.743, 103
Trd, 4319480.343, 92
Trd, 4319480.943, 108
Trd, 4319482.493, 94
Trd, 4319484.593, 94
Trd, 4319484.993, 113
Trd, 4319486.693, 104
Trd, 4319487.193, 104
Trd, 4319488.243, 103
Trd, 4319488.843, 103
Trd, 4319489.743, 105
Trd, 4319491.543, 101
Trd, 4319492.243, 77
Trd, 4319492.643, 106
Trd, 4319494.243, 112
Trd, 4319497.343, 106
Trd, 4319498.093, 107
Trd, 4319498.293, 102
Trd, 4319499.193, 65
Trd, 4319499.393, 86
Trd, 4319499.543, 95
Trd, 4319501.093, 110
Trd, 4319501.893, 100
Trd, 4319501.993, 99
Trd, 4319502.493, 98
Trd, 4319502.543, 84
Trd, 4319503.243, 122
Trd, 4319505.943, 101
Trd, 4319506.343, 115
Trd, 4319507.293, 104
Trd, 4319508.343, 113
Trd, 4319509.793, 110
Trd, 4319511.793, 110
Trd, 4319512.393, 112
Trd, 4319513.693, 93
Trd, 4319515.343, 102
Trd, 4319516.243, 107
Trd, 4319516.543, 101
Trd, 4319516.843, 100
Trd, 4319518.543, 106
Trd, 4319520.093, 106
Trd, 4319520.343, 100
Trd, 4319521.193, 100
Trd, 4319525.743, 100
Trd, 4319526.093, 100
Trd, 4319526.193, 102
Trd, 4319526.293, 103
Trd, 4319526.543, 99
Trd, 4319529.543, 108
Trd, 4319530.393, 98
Trd, 4319532.143, 94
Trd, 4319532.243, 105
Trd, 4319532.443, 94
Trd, 4319534.893, 103
Trd, 4319534.943, 95
Trd, 4319536.743, 96
Trd, 4319539.793, 101
Trd, 4319539.893, 96
Trd, 4319540.943, 113
Trd, 4319541.893, 99
Trd, 4319542.393, 111
Trd, 4319544.243, 107
Trd, 4319545.243, 110
Trd, 4319545.743, 105
Trd, 4319547.093, 105
Trd, 4319547.593, 103
Trd, 4319548.093, 94
Trd, 4319550.643, 112
Trd, 4319550.943, 113
Trd, 4319551.593, 99
Trd, 4319552.643, 99
Trd, 4319553.943, 108
Trd, 4319557.743, 102
Trd, 4319558.243, 98
Trd, 4319558.293, 113
Trd, 4319559.593, 97
Trd, 4319561.143, 98
Trd, 4319561.593, 102
Trd, 4319562.143, 104
Trd, 4319563.693, 104
Trd, 4319564.593, 98
Trd, 4319565.893, 98
Trd, 4319568.243, 96
Trd, 4319570.743, 86
Trd, 4319570.793, 88
Trd, 4319572.443, 95
Trd, 4319572.893, 113
Trd, 4319572.993, 93
Trd, 4319573.693, 113
Trd, 4319575.543, 102
Trd, 4319576.593, 102
Trd, 4319578.043, 103
Trd, 4319578.443, 101
Trd, 4319580.643, 94
Trd, 4319581.893, 99
Trd, 4319583.193, 98
Trd, 4319584.293, 98
Trd, 4319585.743, 99
Trd, 4319586.693, 105
Trd, 4319587.043, 97
Trd, 4319587.793, 96
Trd, 4319589.343, 95
Trd, 4319589.543, 106
Trd, 4319590.043, 106
Trd, 4319591.043, 95
Trd, 4319594.993, 97
Trd, 4319596.293, 112
Trd, 4319596.593, 96
Trd, 4319597.643, 106
Trd, 4319598.093, 94
Trd, 4319599.193, 111
Trd, 4319600.993, 94
Trd, 4319602.393, 111
Trd, 4319603.643, 87
Trd, 4319605.493, 92
Trd, 4319606.543, 95
Trd, 4319607.493, 90
Trd, 4319607.843, 106
Trd, 4319608.093, 82
Trd, 4319608.293, 114
Trd, 4319610.643, 87
Trd, 4319611.943, 88
Trd, 4319612.843, 89
Trd, 4319613.243, 85
Trd, 4319613.943, 77
Trd, 4319614.543, 108
Trd, 4319616.843, 104
Trd, 4319617.843, 87
Trd, 4319617.993, 87
Trd, 4319619.693, 91
Trd, 4319621.093, 92
Trd, 4319622.593, 88
Trd, 4319623.543, 110
Trd, 4319624.793, 101
Trd, 4319626.993, 88
Trd, 4319627.243, 88
Trd, 4319630.043, 97
Trd, 4319631.343, 90
Trd, 4319631.743, 91
Trd, 4319633.543, 103
Trd, 4319634.543, 101
Trd, 4319635.243, 91
Trd, 4319635.943, 97
Trd, 4319636.493, 90
Trd, 4319640.843, 95
Trd, 4319642.243, 95
Trd, 4319643.493, 91
Trd, 4319643.543, 91
Trd, 4319644.843, 101
Trd, 4319646.743, 97
Trd, 4319647.493, 93
Trd, 4319648.693, 91
Trd, 4319651.643, 91
Trd, 4319652.743, 90
Trd, 4319653.743, 95
Trd, 4319654.043, 88
Trd, 4319654.593, 106
Trd, 4319655.243, 89
Trd, 4319656.193, 88
Trd, 4319656.643, 107
Trd, 4319656.943, 86
Trd, 4319661.843, 103
Trd, 4319661.993, 102
Trd, 4319662.343, 102
Trd, 4319662.943, 91
Trd, 4319664.193, 98
Trd, 4319665.243, 84
Trd, 4319665.543, 92
Trd, 4319666.643, 110
Trd, 4319668.243, 100
Trd, 4319670.643, 100
Trd, 4319670.743, 105
Trd, 4319670.993, 113
Trd, 4319672.793, 105
Trd, 4319674.093, 113
Trd, 4319675.793, 104
Trd, 4319676.093, 102
Trd, 4319677.243, 104
Trd, 4319679.193, 100
Trd, 4319679.293, 101
Trd, 4319680.743, 86
Trd, 4319680.893, 82
Trd, 4319683.393, 93
Trd, 4319684.343, 95
Trd, 4319685.443, 89
Trd, 4319686.043, 89
Trd, 4319686.543, 94
Trd, 4319688.493, 89
Trd, 4319689.343, 95
Trd, 4319690.843, 88
Trd, 4319694.243, 95
Trd, 4319694.343, 95
Trd, 4319695.743, 113
Trd, 4319696.493, 88
Trd, 4319696.743, 88
Trd, 4319699.193, 93
Trd, 4319699.343, 87
Trd, 4319700.193, 87
Trd, 4319703.843, 87
Trd, 4319704.693, 86
Trd, 4319706.443, 87
Trd, 4319708.093, 87
Trd, 4319708.343, 86
Trd, 4319710.493, 86
Trd, 4319711.243, 86
Trd, 4319713.593, 108
Trd, 4319713.693, 112
Trd, 4319714.293, 105
Trd, 4319715.593, 106
Trd, 4319716.043, 107
Trd, 4319716.943, 107
Trd, 4319717.493, 105
Trd, 4319718.093, 105
Trd, 4319722.343, 103
Trd, 4319723.043, 104
Trd, 4319723.093, 103
Trd, 4319723.493, 109
Trd, 4319724.643, 109
Trd, 4319726.743, 104
Trd, 4319727.043, 113
Trd, 4319727.843, 94
Trd, 4319728.693, 98
Trd, 4319729.693, 111
Trd, 4319731.093, 103
Trd, 4319733.493, 97
Trd, 4319735.043, 112
Trd, 4319735.293, 103
Trd, 4319735.843, 101
Trd, 4319736.693, 104
Trd, 4319738.843, 101
Trd, 4319740.743, 101
Trd, 4319740.943, 103
Trd, 4319741.293, 100
Trd, 4319742.843, 103
Trd, 4319744.043, 104
Trd, 4319745.343, 98
Trd, 4319746.193, 104
Trd, 4319748.193, 98
Trd, 4319749.593, 97
Trd, 4319750.543, 97
Trd, 4319751.493, 102
Trd, 4319751.593, 96
Trd, 4319751.693, 86
Trd, 4319754.093, 102
Trd, 4319756.343, 98
Trd, 4319756.993, 95
Trd, 4319757.093, 106
Trd, 4319758.693, 95
Trd, 4319760.043, 97
Trd, 4319760.793, 102
Trd, 4319762.293, 96
Trd, 4319763.443, 102
Trd, 4319765.993, 95
Trd, 4319766.793, 111
Trd, 4319767.393, 95
Trd, 4319767.843, 95
Trd, 4319769.493, 108
Trd, 4319770.193, 97
Trd, 4319770.243, 110
Trd, 4319770.993, 95
Trd, 4319771.243, 113
Trd, 4319774.193, 94
Trd, 4319774.393, 97
Trd, 4319776.593, 94
Trd, 4319778.343, 97
Trd, 4319778.393, 95
Trd, 4319779.593, 94
Trd, 4319782.493, 97
Trd, 4319783.693, 96
Trd, 4319783.993, 96
Trd, 4319784.093, 105
Trd, 4319784.343, 113
Trd, 4319786.493, 96
Trd, 4319786.593, 94
Trd, 4319787.743, 92
Trd, 4319789.793, 93
Trd, 4319790.543, 104
Trd, 4319790.743, 113
Trd, 4319793.593, 97
Trd, 4319794.543, 93
Trd, 4319795.493, 92
Trd, 4319796.543, 106
Trd, 4319798.193, 95
Trd, 4319799.643, 91
Trd, 4319800.543, 91
Trd, 4319801.293, 103
Trd, 4319802.043, 93
Trd, 4319802.843, 104
Trd, 4319802.993, 95
Trd, 4319805.343, 101
Trd, 4319805.693, 94
Trd, 4319808.993, 99
Trd, 4319809.293, 94
Trd, 4319810.643, 111
Trd, 4319812.343, 106
Trd, 4319812.743, 93
Trd, 4319813.843, 93
Trd, 4319815.093, 113
Trd, 4319816.293, 96
Trd, 4319817.943, 105
Trd, 4319818.743, 104
Trd, 4319819.243, 118
Trd, 4319820.393, 113
Trd, 4319822.543, 107
Trd, 4319824.293, 103
Trd, 4319825.043, 107
Trd, 4319825.143, 108
Trd, 4319826.293, 103
Trd, 4319827.343, 103
Trd, 4319828.343, 102
Trd, 4319831.893, 102
Trd, 4319832.093, 100
Trd, 4319833.293, 104
Trd, 4319834.693, 111
Trd, 4319835.643, 109
Trd, 4319835.993, 107
Trd, 4319837.343, 110
Trd, 4319837.693, 102
Trd, 4319838.793, 94
Trd, 4319839.043, 113
Trd, 4319840.143, 86
Trd, 4319840.943, 86
Trd, 4319841.593, 95
Trd, 4319842.993, 91
Trd, 4319844.093, 92
Trd, 4319844.843, 93
Trd, 4319847.243, 95
Trd, 4319847.543, 91
Trd, 4319847.943, 91
Trd, 4319848.093, 91
Trd, 4319849.293, 104
Trd, 4319849.643, 90
Trd, 4319850.043, 90
Trd, 4319853.443, 89
Trd, 4319855.143, 88
Trd, 4319855.493, 96
Trd, 4319856.243, 95
Trd, 4319856.793, 107
Trd, 4319858.393, 87
Trd, 4319859.693, 87
Trd, 4319860.443, 95
Trd, 4319860.743, 86
Trd, 4319862.643, 95
Trd, 4319864.393, 92
Trd, 4319864.843, 95
Trd, 4319864.893, 86
Trd, 4319867.693, 86
Trd, 4319869.193, 92
Trd, 4319871.293, 87
Trd, 4319873.243, 86
Trd, 4319873.793, 86
Trd, 4319875.793, 87
Trd, 4319876.943, 86
Trd, 4319878.393, 86
Trd, 4319878.493, 95
Trd, 4319878.643, 104
Trd, 4319880.143, 87
Trd, 4319880.993, 113
Trd, 4319881.393, 96
Trd, 4319883.643, 105
Trd, 4319883.743, 99
Trd, 4319884.693, 113
Trd, 4319886.643, 92
Trd, 4319887.493, 105
Trd, 4319889.043, 98
Trd, 4319891.393, 105
Trd, 4319892.843, 113
Trd, 4319893.593, 97
Trd, 4319894.443, 96
Trd, 4319896.943, 95
Trd, 4319898.493, 107
Trd, 4319899.443, 100
Trd, 4319900.993, 94
Trd, 4319901.143, 113
Trd, 4319903.293, 107
Trd, 4319904.443, 93
Trd, 4319904.793, 92
Trd, 4319906.943, 103
Trd, 4319907.343, 108
Trd, 4319911.143, 95
Trd, 4319912.643, 95
Trd, 4319912.993, 102
Trd, 4319913.893, 94
Trd, 4319914.543, 104
Trd, 4319915.843, 113
Trd, 4319915.893, 112
Trd, 4319917.393, 103
Trd, 4319917.493, 93
Trd, 4319918.943, 100
Trd, 4319920.643, 99
Trd, 4319921.493, 100
Trd, 4319922.493, 103
Trd, 4319924.143, 98
Trd, 4319924.243, 102
Trd, 4319927.893, 102
Trd, 4319929.293, 102
Trd, 4319929.443, 99
Trd, 4319929.593, 99
Trd, 4319929.843, 94
Trd, 4319930.793, 86
Trd, 4319932.393, 88
Trd, 4319934.293, 95
Trd, 4319935.593, 106
Trd, 4319937.493, 90
Trd, 4319937.693, 89
Trd, 4319938.843, 89
Trd, 4319940.143, 92
Trd, 4319941.593, 88
Trd, 4319942.693, 90
Trd, 4319943.743, 88
Trd, 4319944.343, 114
Trd, 4319945.643, 87
Trd, 4319946.343, 91
Trd, 4319948.893, 91
Trd, 4319949.743, 86
Trd, 4319951.943, 88
Trd, 4319952.043, 86
Trd, 4319953.493, 89
Trd, 4319954.043, 95
Trd, 4319957.793, 93
Trd, 4319958.893, 88
Trd, 4319959.593, 87
Trd, 4319961.143, 90
Trd, 4319963.093, 86
Trd, 4319964.493, 90
Trd, 4319965.043, 89
Trd, 4319966.143, 103
Trd, 4319966.493, 93
Trd, 4319967.193, 104
Trd, 4319967.443, 93
Trd, 4319968.793, 102
Trd, 4319971.043, 105
Trd, 4319971.593, 95
Trd, 4319973.543, 104
Trd, 4319976.543, 113
Trd, 4319978.943, 97
Trd, 4319979.443, 97
Trd, 4319979.893, 103
Trd, 4319980.243, 96
Trd, 4319983.243, 103
Trd, 4319983.593, 97
Trd, 4319985.543, 98
Trd, 4319985.593, 100
Trd, 4319986.793, 94
Trd, 4319987.293, 77
Trd, 4319987.343, 99
Trd, 4319992.043, 96
Trd, 4319992.293, 96
Trd, 4319992.843, 95
Trd, 4319994.143, 94
Trd, 4319995.893, 105
Trd, 4319997.243, 103
Trd, 4319998.793, 97
