Trd, 4317888.443, 94
Trd, 4317890.793, 104
Trd, 4317891.093, 94
Trd, 4317891.643, 95
Trd, 4317894.793, 99
Trd, 4317895.443, 98
Trd, 4317895.643, 95
Trd, 4317896.643, 95
Trd, 4317898.993, 95
Trd, 4317900.343, 95
Trd, 4317901.193, 86
Trd, 4317902.393, 97
Trd, 4317903.143, 104
Trd, 4317903.243, 99
Trd, 4317905.343, 104
Trd, 4317906.893, 99
Trd, 4317907.743, 100
Trd, 4317910.943, 101
Trd, 4317911.343, 98
Trd, 4317912.293, 102
Trd, 4317913.543, 98
Trd, 4317917.193, 103
Trd, 4317917.593, 98
Trd, 4317918.493, 98
Trd, 4317920.493, 100
Trd, 4317923.143, 99
Trd, 4317923.493, 99
Trd, 4317924.193, 103
Trd, 4317925.293, 98
Trd, 4317928.643, 94
Trd, 4317928.843, 87
Trd, 4317928.993, 104
Trd, 4317931.793, 92
Trd, 4317931.843, 98
Trd, 4317934.043, 95
Trd, 4317934.293, 95
Trd, 4317934.643, 97
Trd, 4317935.143, 104
Trd, 4317936.793, 88
Trd, 4317939.193, 97
Trd, 4317939.843, 96
Trd, 4317940.693, 96
Trd, 4317941.643, 95
Trd, 4317941.993, 93
Trd, 4317943.193, 87
Trd, 4317943.543, 94
Trd, 4317943.843, 90
Trd, 4317947.393, 94
Trd, 4317950.243, 96
Trd, 4317950.393, 94
Trd, 4317950.993, 96
Trd, 4317953.193, 94
Trd, 4317953.943, 102
Trd, 4317954.643, 101
Trd, 4317956.543, 94
Trd, 4317959.293, 97
Trd, 4317960.893, 97
Trd, 4317961.493, 96
Trd, 4317961.943, 96
Trd, 4317962.293, 95
Trd, 4317962.343, 104
Trd, 4317963.143, 109
Trd, 4317964.343, 104
Trd, 4317966.743, 102
Trd, 4317968.643, 102
Trd, 4317968.793, 85
Trd, 4317971.493, 97
Trd, 4317972.193, 102
Trd, 4317975.743, 98
Trd, 4317976.643, 98
Trd, 4317977.893, 98
Trd, 4317978.543, 97
Trd, 4317978.643, 104
Trd, 4317981.543, 103
Trd, 4317981.793, 96
Trd, 4317984.143, 95
Trd, 4317988.993, 100
Trd, 4317989.943, 100
Trd, 4317990.543, 99
Trd, 4317991.843, 95
Trd, 4317994.193, 98
Trd, 4317994.293, 104
Trd, 4317996.793, 97
Trd, 4317996.943, 99
Trd, 4317997.593, 106
Trd, 4318000.793, 103
Trd, 4318001.243, 101
Trd, 4318002.293, 95
Trd, 4318004.693, 100
Trd, 4318006.043, 99
Trd, 4318006.343, 100
Trd, 4318006.443, 98
Trd, 4318009.243, 97
Trd, 4318010.543, 97
Trd, 4318011.443, 97
Trd, 4318012.193, 97
Trd, 4318012.743, 94
Trd, 4318014.143, 75
Trd, 4318014.193, 104
Trd, 4318015.993, 95
Trd, 4318017.543, 94
Trd, 4318017.643, 95
Trd, 4318018.293, 94
Trd, 4318021.843, 98
Trd, 4318023.693, 99
Trd, 4318023.893, 100
Trd, 4318024.543, 99
Trd, 4318025.493, 98
Trd, 4318027.093, 99
Trd, 4318030.093, 99
Trd, 4318030.543, 104
Trd, 4318031.993, 99
Trd, 4318032.493, 98
Trd, 4318035.043, 95
Trd, 4318036.293, 93
Trd, 4318037.293, 93
Trd, 4318037.743, 90
Trd, 4318040.443, 97
Trd, 4318040.543, 91
Trd, 4318041.743, 94
Trd, 4318043.893, 93
Trd, 4318043.943, 104
Trd, 4318045.593, 99
Trd, 4318045.943, 101
Trd, 4318046.543, 96
Trd, 4318049.243, 95
Trd, 4318050.243, 96
Trd, 4318050.393, 86
Trd, 4318050.743, 113
Trd, 4318052.443, 103
Trd, 4318053.443, 94
Trd, 4318054.193, 102
Trd, 4318054.593, 104
Trd, 4318058.693, 98
Trd, 4318058.793, 95
Trd, 4318061.343, 99
Trd, 4318061.593, 97
Trd, 4318062.443, 95
Trd, 4318064.543, 92
Trd, 4318066.243, 98
Trd, 4318068.443, 96
Trd, 4318069.293, 104
Trd, 4318071.343, 95
Trd, 4318072.043, 95
Trd, 4318073.043, 99
Trd, 4318073.743, 113
Trd, 4318075.143, 131
Trd, 4318076.293, 109
Trd, 4318077.693, 96
Trd, 4318078.343, 103
Trd, 4318079.993, 102
Trd, 4318080.043, 95
Trd, 4318082.043, 102
Trd, 4318082.843, 99
Trd, 4318083.893, 96
Trd, 4318084.943, 95
Trd, 4318086.143, 104
Trd, 4318087.293, 95
Trd, 4318087.643, 99
Trd, 4318089.793, 104
Trd, 4318091.243, 101
Trd, 4318092.343, 100
Trd, 4318094.043, 101
Trd, 4318094.343, 102
Trd, 4318094.793, 95
Trd, 4318095.393, 98
Trd, 4318096.243, 104
Trd, 4318098.743, 98
Trd, 4318099.843, 96
Trd, 4318100.443, 98
Trd, 4318102.593, 96
Trd, 4318102.993, 95
Trd, 4318105.793, 95
Trd, 4318106.043, 95
Trd, 4318107.243, 95
Trd, 4318109.243, 86
Trd, 4318109.643, 96
Trd, 4318110.243, 102
Trd, 4318112.943, 104
Trd, 4318112.993, 99
Trd, 4318114.593, 102
Trd, 4318114.743, 100
Trd, 4318115.693, 104
Trd, 4318117.293, 101
Trd, 4318121.543, 104
Trd, 4318122.243, 105
Trd, 4318122.793, 103
Trd, 4318123.443, 103
Trd, 4318124.343, 102
Trd, 4318125.393, 100
Trd, 4318125.593, 100
Trd, 4318125.793, 99
Trd, 4318127.693, 95
Trd, 4318130.743, 96
Trd, 4318131.543, 96
Trd, 4318133.143, 101
Trd, 4318134.893, 94
Trd, 4318136.143, 95
Trd, 4318136.643, 102
Trd, 4318138.343, 98
Trd, 4318138.943, 95
Trd, 4318139.143, 99
Trd, 4318141.743, 96
Trd, 4318143.143, 96
Trd, 4318144.343, 101
Trd, 4318144.593, 102
Trd, 4318144.943, 104
Trd, 4318145.743, 104
Trd, 4318147.793, 101
Trd, 4318148.493, 100
Trd, 4318151.143, 103
Trd, 4318151.693, 104
Trd, 4318152.743, 102
Trd, 4318153.593, 102
Trd, 4318156.293, 104
Trd, 4318156.543, 112
Trd, 4318157.343, 95
Trd, 4318160.343, 102
Trd, 4318160.493, 100
Trd, 4318163.343, 100
Trd, 4318164.043, 100
Trd, 4318164.093, 95
Trd, 4318164.843, 99
Trd, 4318166.543, 97
Trd, 4318167.643, 96
Trd, 4318169.243, 96
Trd, 4318169.843, 95
Trd, 4318170.893, 103
Trd, 4318176.393, 95
Trd, 4318176.843, 95
Trd, 4318177.293, 95
Trd, 4318177.693, 96
Trd, 4318178.093, 95
Trd, 4318178.343, 103
Trd, 4318181.143, 93
Trd, 4318182.043, 86
Trd, 4318183.043, 93
Trd, 4318185.443, 94
Trd, 4318187.193, 94
Trd, 4318187.393, 91
Trd, 4318187.443, 85
Trd, 4318187.493, 104
Trd, 4318189.093, 98
Trd, 4318191.243, 101
Trd, 4318192.443, 98
Trd, 4318192.893, 100
Trd, 4318194.443, 101
Trd, 4318196.193, 101
Trd, 4318196.643, 101
Trd, 4318197.543, 104
Trd, 4318199.193, 103
Trd, 4318200.693, 103
Trd, 4318201.043, 104
Trd, 4318201.593, 109
Trd, 4318202.643, 104
Trd, 4318204.043, 96
Trd, 4318204.293, 101
Trd, 4318206.693, 101
Trd, 4318208.943, 104
Trd, 4318210.243, 100
Trd, 4318211.293, 100
Trd, 4318211.943, 99
Trd, 4318211.993, 100
Trd, 4318213.043, 98
Trd, 4318213.793, 95
Trd, 4318214.493, 104
Trd, 4318218.093, 120
Trd, 4318218.593, 116
Trd, 4318218.693, 104
Trd, 4318219.443, 110
Trd, 4318222.293, 104
Trd, 4318223.043, 106
Trd, 4318223.843, 96
Trd, 4318226.593, 101
Trd, 4318227.243, 102
Trd, 4318231.143, 97
Trd, 4318231.693, 97
Trd, 4318231.743, 97
Trd, 4318232.543, 98
Trd, 4318233.243, 103
Trd, 4318233.743, 96
Trd, 4318238.893, 98
Trd, 4318241.193, 96
Trd, 4318242.343, 95
Trd, 4318242.393, 93
Trd, 4318242.693, 92
Trd, 4318243.243, 95
Trd, 4318245.443, 116
Trd, 4318245.693, 87
Trd, 4318246.543, 105
Trd, 4318250.143, 95
Trd, 4318250.893, 99
Trd, 4318251.643, 95
Trd, 4318252.993, 95
Trd, 4318255.293, 94
Trd, 4318256.043, 96
Trd, 4318258.043, 95
Trd, 4318260.093, 96
Trd, 4318260.143, 95
Trd, 4318260.993, 98
Trd, 4318261.693, 94
Trd, 4318263.593, 95
Trd, 4318263.993, 95
Trd, 4318265.743, 94
Trd, 4318266.643, 98
Trd, 4318267.093, 92
Trd, 4318267.843, 91
Trd, 4318268.593, 100
Trd, 4318275.193, 96
Trd, 4318276.393, 101
Trd, 4318277.093, 97
Trd, 4318277.743, 96
Trd, 4318278.993, 97
Trd, 4318279.393, 95
Trd, 4318281.243, 104
Trd, 4318282.893, 108
Trd, 4318283.093, 104
Trd, 4318283.493, 101
Trd, 4318285.543, 104
Trd, 4318285.943, 102
Trd, 4318286.593, 103
Trd, 4318286.993, 86
Trd, 4318289.993, 96
Trd, 4318291.493, 95
Trd, 4318291.543, 95
Trd, 4318292.493, 97
Trd, 4318292.593, 71
Trd, 4318293.943, 103
Trd, 4318296.343, 90
Trd, 4318298.843, 104
Trd, 4318301.543, 110
Trd, 4318302.443, 104
Trd, 4318302.593, 97
Trd, 4318304.293, 96
Trd, 4318306.643, 95
Trd, 4318307.593, 95
Trd, 4318307.943, 95
Trd, 4318308.093, 93
Trd, 4318308.343, 104
Trd, 4318312.293, 91
Trd, 4318312.643, 94
Trd, 4318315.943, 92
Trd, 4318315.993, 86
Trd, 4318316.443, 93
Trd, 4318316.593, 95
Trd, 4318317.193, 104
Trd, 4318318.543, 97
Trd, 4318320.993, 96
Trd, 4318322.693, 94
Trd, 4318323.643, 102
Trd, 4318324.293, 98
Trd, 4318327.043, 97
Trd, 4318327.743, 98
Trd, 4318328.393, 97
Trd, 4318330.643, 96
Trd, 4318332.393, 99
Trd, 4318334.643, 100
Trd, 4318335.393, 99
Trd, 4318336.093, 101
Trd, 4318336.743, 97
Trd, 4318336.843, 95
Trd, 4318339.693, 95
Trd, 4318342.143, 97
Trd, 4318342.193, 94
Trd, 4318344.543, 97
Trd, 4318346.643, 98
Trd, 4318347.943, 97
Trd, 4318348.243, 98
Trd, 4318348.743, 104
Trd, 4318349.243, 96
Trd, 4318349.543, 95
Trd, 4318352.543, 96
Trd, 4318354.493, 96
Trd, 4318354.643, 95
Trd, 4318354.793, 94
Trd, 4318356.993, 114
Trd, 4318358.593, 100
Trd, 4318359.443, 103
Trd, 4318360.343, 94
Trd, 4318360.993, 86
Trd, 4318362.393, 104
Trd, 4318363.743, 100
Trd, 4318364.343, 99
Trd, 4318366.393, 98
Trd, 4318368.243, 97
Trd, 4318368.293, 100
Trd, 4318368.693, 97
Trd, 4318370.693, 96
Trd, 4318370.993, 97
Trd, 4318371.143, 95
Trd, 4318371.943, 104
Trd, 4318372.943, 100
Trd, 4318373.743, 114
Trd, 4318375.193, 98
Trd, 4318375.743, 105
Trd, 4318376.943, 98
Trd, 4318377.943, 100
Trd, 4318379.993, 99
Trd, 4318381.293, 103
Trd, 4318382.893, 101
Trd, 4318384.693, 100
Trd, 4318389.093, 101
Trd, 4318389.893, 101
Trd, 4318390.293, 94
Trd, 4318390.543, 86
Trd, 4318391.593, 102
Trd, 4318393.043, 98
Trd, 4318395.193, 96
Trd, 4318398.343, 98
Trd, 4318398.943, 95
Trd, 4318399.293, 95
Trd, 4318401.543, 99
Trd, 4318401.993, 102
Trd, 4318406.093, 97
Trd, 4318406.693, 99
Trd, 4318408.143, 98
Trd, 4318408.743, 97
Trd, 4318409.393, 96
Trd, 4318412.243, 96
Trd, 4318413.193, 100
Trd, 4318413.843, 101
Trd, 4318414.993, 100
Trd, 4318415.143, 98
Trd, 4318416.043, 96
Trd, 4318418.243, 100
Trd, 4318419.193, 96
Trd, 4318420.493, 97
Trd, 4318422.793, 96
Trd, 4318422.843, 96
Trd, 4318425.443, 95
Trd, 4318426.693, 91
Trd, 4318426.943, 92
Trd, 4318428.793, 104
Trd, 4318429.443, 89
Trd, 4318429.743, 95
Trd, 4318430.143, 115
Trd, 4318431.493, 92
Trd, 4318436.043, 99
Trd, 4318436.343, 96
Trd, 4318436.443, 95
Trd, 4318437.743, 95
Trd, 4318439.593, 96
Trd, 4318440.343, 100
Trd, 4318440.793, 94
Trd, 4318443.093, 98
Trd, 4318443.443, 97
Trd, 4318444.593, 84
Trd, 4318446.343, 89
Trd, 4318447.793, 95
Trd, 4318450.293, 97
Trd, 4318450.443, 101
Trd, 4318451.643, 97
Trd, 4318452.693, 98
Trd, 4318453.293, 97
Trd, 4318454.243, 103
Trd, 4318455.243, 103
Trd, 4318456.693, 95
Trd, 4318458.943, 98
Trd, 4318459.443, 103
Trd, 4318460.743, 101
Trd, 4318461.593, 96
Trd, 4318461.893, 94
Trd, 4318464.593, 100
Trd, 4318465.043, 104
Trd, 4318465.743, 102
Trd, 4318466.893, 97
Trd, 4318467.493, 99
Trd, 4318469.593, 96
Trd, 4318471.393, 98
Trd, 4318472.993, 96
Trd, 4318475.693, 97
Trd, 4318476.143, 96
Trd, 4318476.243, 95
Trd, 4318478.043, 87
Trd, 4318478.993, 103
Trd, 4318481.193, 98
Trd, 4318481.443, 99
Trd, 4318485.043, 102
Trd, 4318487.043, 100
Trd, 4318487.243, 102
Trd, 4318488.193, 101
Trd, 4318488.243, 103
Trd, 4318488.693, 101
Trd, 4318491.593, 104
Trd, 4318493.593, 102
Trd, 4318494.243, 99
Trd, 4318494.993, 99
Trd, 4318495.193, 98
Trd, 4318496.643, 99
Trd, 4318497.793, 104
Trd, 4318500.193, 99
Trd, 4318501.093, 112
Trd, 4318501.743, 105
Trd, 4318504.293, 104
Trd, 4318504.543, 104
Trd, 4318506.843, 103
Trd, 4318507.243, 102
Trd, 4318507.343, 104
Trd, 4318507.493, 95
Trd, 4318510.343, 99
Trd, 4318510.893, 91
Trd, 4318511.293, 92
Trd, 4318512.293, 87
Trd, 4318512.743, 95
Trd, 4318513.743, 94
Trd, 4318514.443, 89
Trd, 4318515.893, 94
Trd, 4318516.393, 90
Trd, 4318517.143, 95
Trd, 4318520.043, 94
Trd, 4318522.943, 94
Trd, 4318523.543, 85
Trd, 4318524.793, 95
Trd, 4318525.743, 93
Trd, 4318526.693, 94
Trd, 4318527.143, 102
Trd, 4318529.343, 98
Trd, 4318529.993, 97
Trd, 4318530.093, 104
Trd, 4318531.393, 104
Trd, 4318532.293, 95
Trd, 4318533.543, 102
Trd, 4318534.243, 98
Trd, 4318536.193, 96
Trd, 4318537.543, 98
Trd, 4318538.243, 95
Trd, 4318539.243, 95
Trd, 4318541.193, 95
Trd, 4318541.393, 100
Trd, 4318542.743, 99
Trd, 4318545.143, 96
Trd, 4318545.393, 98
Trd, 4318547.543, 95
Trd, 4318547.893, 95
Trd, 4318549.243, 96
Trd, 4318549.993, 96
Trd, 4318552.243, 95
Trd, 4318553.443, 95
Trd, 4318555.093, 94
Trd, 4318555.593, 95
Trd, 4318555.643, 122
Trd, 4318556.493, 94
Trd, 4318559.593, 100
Trd, 4318560.843, 97
Trd, 4318561.393, 96
Trd, 4318561.543, 95
Trd, 4318562.493, 122
Trd, 4318563.043, 96
Trd, 4318565.743, 94
Trd, 4318567.243, 95
Trd, 4318568.243, 94
Trd, 4318568.543, 95
Trd, 4318568.843, 104
Trd, 4318570.543, 94
Trd, 4318571.243, 91
Trd, 4318572.493, 95
Trd, 4318573.243, 95
Trd, 4318576.793, 104
Trd, 4318578.143, 103
Trd, 4318579.043, 104
Trd, 4318581.393, 104
Trd, 4318581.693, 95
Trd, 4318581.993, 100
Trd, 4318585.493, 95
Trd, 4318585.693, 85
Trd, 4318585.843, 96
Trd, 4318588.693, 94
Trd, 4318589.043, 94
Trd, 4318590.193, 104
Trd, 4318591.543, 100
Trd, 4318592.643, 105
Trd, 4318593.343, 104
Trd, 4318596.393, 105
Trd, 4318596.643, 110
Trd, 4318598.043, 105
Trd, 4318598.443, 104
Trd, 4318598.743, 95
Trd, 4318602.343, 103
Trd, 4318602.493, 113
Trd, 4318604.743, 104
Trd, 4318605.593, 103
Trd, 4318605.793, 101
Trd, 4318607.793, 102
Trd, 4318607.843, 104
Trd, 4318608.993, 94
Trd, 4318610.043, 99
Trd, 4318611.493, 104
Trd, 4318611.693, 99
Trd, 4318611.743, 112
Trd, 4318612.743, 95
Trd, 4318615.893, 99
Trd, 4318617.743, 99
Trd, 4318619.643, 98
Trd, 4318620.793, 96
Trd, 4318621.193, 94
Trd, 4318621.743, 95
Trd, 4318623.493, 95
Trd, 4318623.843, 95
Trd, 4318624.743, 95
Trd, 4318625.793, 104
Trd, 4318627.443, 98
Trd, 4318628.843, 98
Trd, 4318628.893, 102
Trd, 4318628.993, 104
Trd, 4318631.343, 110
Trd, 4318632.093, 103
Trd, 4318632.693, 104
Trd, 4318633.893, 103
Trd, 4318636.093, 93
Trd, 4318636.193, 98
Trd, 4318636.993, 97
Trd, 4318640.043, 98
Trd, 4318640.593, 98
Trd, 4318642.193, 113
Trd, 4318643.643, 96
Trd, 4318644.293, 103
Trd, 4318645.493, 93
Trd, 4318645.593, 76
Trd, 4318649.943, 95
Trd, 4318650.343, 92
Trd, 4318651.543, 95
Trd, 4318651.793, 96
Trd, 4318654.543, 98
Trd, 4318654.993, 102
Trd, 4318655.243, 100
Trd, 4318657.043, 104
Trd, 4318658.043, 100
Trd, 4318660.743, 108
Trd, 4318661.593, 101
Trd, 4318664.143, 101
Trd, 4318664.243, 103
Trd, 4318665.443, 103
Trd, 4318667.843, 100
Trd, 4318671.443, 98
Trd, 4318672.493, 96
Trd, 4318673.393, 97
Trd, 4318674.743, 101
Trd, 4318676.093, 100
Trd, 4318676.143, 94
Trd, 4318677.143, 95
Trd, 4318677.693, 99
Trd, 4318681.893, 102
Trd, 4318684.843, 100
Trd, 4318685.943, 99
Trd, 4318686.543, 98
Trd, 4318687.993, 104
Trd, 4318690.043, 98
Trd, 4318690.193, 99
Trd, 4318690.543, 97
Trd, 4318691.443, 99
Trd, 4318693.143, 99
Trd, 4318693.693, 98
Trd, 4318695.343, 99
Trd, 4318696.043, 101
Trd, 4318697.893, 97
Trd, 4318700.293, 97
Trd, 4318700.843, 98
Trd, 4318701.343, 97
Trd, 4318702.043, 97
Trd, 4318703.843, 98
Trd, 4318704.843, 95
Trd, 4318706.343, 100
Trd, 4318706.443, 95
Trd, 4318707.943, 102
Trd, 4318709.443, 96
Trd, 4318712.093, 97
Trd, 4318713.393, 96
Trd, 4318713.793, 99
Trd, 4318715.843, 97
Trd, 4318716.793, 95
Trd, 4318719.193, 95
Trd, 4318719.793, 96
Trd, 4318721.193, 95
Trd, 4318722.393, 104
Trd, 4318725.043, 98
Trd, 4318727.143, 100
Trd, 4318727.793, 100
Trd, 4318728.093, 100
Trd, 4318729.793, 99
Trd, 4318732.843, 98
Trd, 4318733.943, 99
Trd, 4318734.093, 98
Trd, 4318736.543, 98
Trd, 4318736.643, 102
Trd, 4318739.993, 101
Trd, 4318740.643, 100
Trd, 4318741.193, 95
Trd, 4318744.043, 97
Trd, 4318744.493, 97
Trd, 4318744.543, 98
Trd, 4318747.643, 96
Trd, 4318747.843, 95
Trd, 4318750.493, 97
Trd, 4318750.593, 95
Trd, 4318752.043, 95
Trd, 4318752.493, 96
Trd, 4318752.643, 96
Trd, 4318755.743, 97
Trd, 4318756.743, 97
Trd, 4318757.293, 96
Trd, 4318759.793, 95
Trd, 4318760.593, 95
Trd, 4318760.843, 95
Trd, 4318764.393, 95
Trd, 4318765.943, 95
Trd, 4318766.743, 94
Trd, 4318767.043, 85
Trd, 4318768.393, 93
Trd, 4318769.743, 93
Trd, 4318772.243, 93
Trd, 4318772.793, 93
Trd, 4318774.993, 93
Trd, 4318775.443, 92
Trd, 4318775.643, 98
Trd, 4318776.543, 90
Trd, 4318776.593, 97
Trd, 4318779.493, 93
Trd, 4318779.793, 96
Trd, 4318781.043, 89
Trd, 4318783.943, 92
Trd, 4318784.043, 89
Trd, 4318784.093, 93
Trd, 4318785.243, 90
Trd, 4318785.293, 95
Trd, 4318786.543, 94
Trd, 4318791.143, 96
Trd, 4318791.393, 95
Trd, 4318791.643, 96
Trd, 4318791.743, 95
Trd, 4318793.793, 104
Trd, 4318795.093, 95
Trd, 4318795.293, 112
Trd, 4318797.793, 101
Trd, 4318798.193, 101
Trd, 4318799.793, 101
Trd, 4318802.393, 102
Trd, 4318803.293, 102
Trd, 4318803.993, 102
Trd, 4318804.243, 101
Trd, 4318805.143, 113
Trd, 4318806.843, 105
Trd, 4318808.193, 104
Trd, 4318809.443, 104
Trd, 4318812.993, 105
Trd, 4318814.843, 103
Trd, 4318816.093, 104
Trd, 4318816.343, 113
Trd, 4318817.243, 103
Trd, 4318818.543, 112
Trd, 4318820.343, 104
Trd, 4318820.393, 106
Trd, 4318821.543, 104
Trd, 4318821.743, 94
Trd, 4318826.343, 101
Trd, 4318827.743, 99
Trd, 4318828.893, 100
Trd, 4318830.143, 101
Trd, 4318830.443, 99
Trd, 4318833.043, 99
Trd, 4318833.893, 99
Trd, 4318836.493, 95
Trd, 4318836.643, 101
Trd, 4318839.193, 98
Trd, 4318839.943, 97
Trd, 4318840.043, 98
Trd, 4318840.693, 95
Trd, 4318841.343, 86
Trd, 4318842.993, 98
Trd, 4318844.843, 103
Trd, 4318846.743, 79
Trd, 4318847.793, 94
Trd, 4318848.243, 93
Trd, 4318849.593, 94
Trd, 4318851.343, 93
Trd, 4318853.243, 92
Trd, 4318853.843, 91
Trd, 4318854.693, 92
Trd, 4318856.793, 95
Trd, 4318856.893, 104
Trd, 4318857.043, 91
Trd, 4318859.993, 99
Trd, 4318861.593, 100
Trd, 4318861.943, 99
Trd, 4318864.443, 96
Trd, 4318864.793, 95
Trd, 4318865.343, 95
Trd, 4318865.743, 96
Trd, 4318867.843, 86
Trd, 4318869.843, 96
Trd, 4318870.893, 102
Trd, 4318870.943, 95
Trd, 4318871.493, 94
Trd, 4318872.243, 98
Trd, 4318874.893, 103
Trd, 4318875.993, 100
Trd, 4318876.893, 96
Trd, 4318878.993, 95
Trd, 4318881.943, 101
Trd, 4318883.443, 96
Trd, 4318883.993, 100
Trd, 4318885.693, 95
Trd, 4318886.743, 100
Trd, 4318887.443, 96
Trd, 4318890.843, 96
Trd, 4318891.543, 95
Trd, 4318891.693, 95
Trd, 4318893.093, 95
Trd, 4318893.443, 93
Trd, 4318894.443, 96
Trd, 4318895.893, 104
Trd, 4318897.443, 99
Trd, 4318897.793, 96
Trd, 4318900.093, 96
Trd, 4318901.043, 98
Trd, 4318902.593, 94
Trd, 4318903.143, 97
Trd, 4318903.793, 95
Trd, 4318903.893, 95
Trd, 4318905.893, 96
Trd, 4318906.543, 96
Trd, 4318906.643, 103
Trd, 4318911.043, 95
Trd, 4318912.643, 95
Trd, 4318913.093, 96
Trd, 4318913.543, 95
Trd, 4318914.393, 104
Trd, 4318914.743, 97
Trd, 4318916.293, 101
Trd, 4318918.793, 103
Trd, 4318919.693, 103
Trd, 4318919.843, 102
Trd, 4318921.093, 101
Trd, 4318922.443, 110
Trd, 4318922.643, 113
Trd, 4318925.043, 106
Trd, 4318927.793, 95
Trd, 4318927.943, 87
Trd, 4318929.193, 103
Trd, 4318930.793, 97
Trd, 4318931.143, 97
Trd, 4318933.893, 95
Trd, 4318934.143, 97
Trd, 4318934.593, 94
Trd, 4318935.143, 103
Trd, 4318936.543, 103
Trd, 4318937.493, 94
Trd, 4318939.143, 100
Trd, 4318940.093, 97
Trd, 4318941.493, 97
Trd, 4318941.643, 95
Trd, 4318943.393, 98
Trd, 4318943.543, 99
Trd, 4318943.993, 94
Trd, 4318947.043, 97
Trd, 4318948.193, 98
Trd, 4318949.443, 97
Trd, 4318949.793, 96
Trd, 4318949.843, 98
Trd, 4318952.493, 97
Trd, 4318954.243, 97
Trd, 4318954.493, 97
Trd, 4318956.193, 96
Trd, 4318957.493, 95
Trd, 4318959.143, 111
Trd, 4318959.993, 95
Trd, 4318962.893, 97
Trd, 4318963.943, 97
Trd, 4318964.593, 100
Trd, 4318966.693, 102
Trd, 4318966.993, 98
Trd, 4318970.243, 97
Trd, 4318970.843, 98
Trd, 4318972.093, 98
Trd, 4318972.793, 96
Trd, 4318973.293, 103
Trd, 4318974.593, 97
Trd, 4318976.943, 98
Trd, 4318977.993, 98
Trd, 4318979.393, 110
Trd, 4318980.793, 98
Trd, 4318981.343, 101
Trd, 4318983.293, 101
Trd, 4318986.693, 100
Trd, 4318986.843, 100
Trd, 4318988.443, 96
Trd, 4318990.193, 95
Trd, 4318990.843, 95
Trd, 4318991.393, 95
Trd, 4318992.743, 94
Trd, 4318994.243, 95
Trd, 4318994.943, 93
Trd, 4318996.643, 102
Trd, 4318998.443, 104
Trd, 4318999.443, 99
Trd, 4319000.043, 99
Trd, 4319000.693, 100
Trd, 4319001.443, 98
Trd, 4319002.743, 104
Trd, 4319003.493, 97
Trd, 4319003.693, 113
Trd, 4319006.343, 103
Trd, 4319007.243, 101
Trd, 4319007.493, 98
Trd, 4319008.343, 102
Trd, 4319011.543, 103
Trd, 4319013.593, 105
Trd, 4319013.693, 110
Trd, 4319018.693, 104
Trd, 4319018.793, 104
Trd, 4319018.843, 103
Trd, 4319019.043, 105
Trd, 4319019.993, 114
Trd, 4319023.393, 106
Trd, 4319023.743, 103
Trd, 4319025.893, 98
Trd, 4319026.043, 100
Trd, 4319026.943, 99
Trd, 4319027.143, 104
Trd, 4319029.793, 102
Trd, 4319030.643, 101
Trd, 4319032.993, 100
Trd, 4319034.443, 100
Trd, 4319035.543, 100
Trd, 4319036.393, 104
Trd, 4319036.793, 99
Trd, 4319036.993, 113
Trd, 4319037.393, 94
Trd, 4319039.693, 96
Trd, 4319040.843, 99
Trd, 4319042.893, 99
Trd, 4319046.293, 100
Trd, 4319046.993, 98
Trd, 4319049.243, 104
Trd, 4319050.093, 104
Trd, 4319050.693, 104
Trd, 4319051.993, 104
Trd, 4319053.793, 104
Trd, 4319054.593, 95
Trd, 4319054.743, 86
Trd, 4319055.193, 101
Trd, 4319056.393, 97
Trd, 4319057.993, 95
Trd, 4319059.443, 97
Trd, 4319062.193, 97
Trd, 4319062.593, 97
Trd, 4319063.043, 95
Trd, 4319064.343, 95
Trd, 4319064.443, 97
Trd, 4319065.993, 100
Trd, 4319068.143, 100
Trd, 4319068.443, 99
Trd, 4319070.643, 100
Trd, 4319071.343, 99
Trd, 4319072.093, 94
Trd, 4319072.993, 96
Trd, 4319074.793, 103
Trd, 4319077.393, 99
Trd, 4319077.693, 104
Trd, 4319078.893, 99
Trd, 4319079.543, 98
Trd, 4319080.243, 95
Trd, 4319081.793, 94
Trd, 4319082.293, 104
Trd, 4319086.843, 101
Trd, 4319086.943, 103
Trd, 4319087.343, 99
Trd, 4319088.243, 99
Trd, 4319089.243, 94
Trd, 4319090.343, 100
Trd, 4319093.143, 101
Trd, 4319093.193, 113
Trd, 4319094.243, 100
Trd, 4319095.593, 100
Trd, 4319096.593, 99
Trd, 4319097.143, 92
Trd, 4319097.993, 87
Trd, 4319098.693, 97
Trd, 4319099.593, 104
Trd, 4319102.643, 94
Trd, 4319103.543, 95
Trd, 4319105.293, 92
Trd, 4319107.193, 95
Trd, 4319107.293, 76
Trd, 4319107.593, 95
Trd, 4319109.343, 102
Trd, 4319111.693, 101
Trd, 4319111.843, 96
Trd, 4319113.193, 104
Trd, 4319113.643, 97
Trd, 4319116.343, 98
Trd, 4319117.093, 97
Trd, 4319119.343, 96
Trd, 4319119.643, 93
Trd, 4319121.593, 96
Trd, 4319121.893, 97
Trd, 4319123.143, 94
Trd, 4319124.693, 102
Trd, 4319125.843, 101
Trd, 4319126.643, 99
Trd, 4319129.893, 97
Trd, 4319130.293, 98
Trd, 4319131.443, 98
Trd, 4319132.293, 93
Trd, 4319133.793, 96
Trd, 4319134.943, 91
Trd, 4319135.443, 103
Trd, 4319138.193, 101
Trd, 4319138.743, 96
Trd, 4319139.443, 103
Trd, 4319140.443, 99
Trd, 4319141.193, 113
Trd, 4319141.743, 104
Trd, 4319144.343, 102
Trd, 4319144.793, 104
Trd, 4319146.793, 94
Trd, 4319146.893, 98
Trd, 4319147.243, 98
Trd, 4319147.793, 98
Trd, 4319149.743, 98
Trd, 4319151.493, 96
Trd, 4319153.643, 96
Trd, 4319154.343, 96
Trd, 4319155.693, 94
Trd, 4319155.893, 95
Trd, 4319157.243, 115
Trd, 4319157.293, 97
Trd, 4319160.543, 97
Trd, 4319161.393, 103
Trd, 4319164.143, 101
Trd, 4319164.393, 98
Trd, 4319164.543, 103
Trd, 4319164.643, 104
Trd, 4319166.093, 107
Trd, 4319166.293, 99
Trd, 4319168.543, 105
Trd, 4319168.943, 102
Trd, 4319170.843, 101
Trd, 4319171.693, 101
Trd, 4319171.943, 100
Trd, 4319175.393, 98
Trd, 4319175.493, 99
Trd, 4319175.893, 95
Trd, 4319176.593, 95
Trd, 4319176.943, 94
Trd, 4319177.043, 104
Trd, 4319178.093, 99
Trd, 4319179.943, 102
Trd, 4319181.343, 101
Trd, 4319181.993, 100
Trd, 4319186.293, 99
Trd, 4319186.693, 95
Trd, 4319186.793, 99
Trd, 4319190.093, 98
Trd, 4319190.693, 98
Trd, 4319191.143, 97
Trd, 4319194.693, 101
Trd, 4319195.043, 98
Trd, 4319195.243, 102
Trd, 4319195.343, 116
Trd, 4319197.893, 98
Trd, 4319198.943, 102
Trd, 4319200.293, 97
Trd, 4319201.793, 98
Trd, 4319204.193, 99
Trd, 4319204.493, 98
Trd, 4319204.993, 98
Trd, 4319205.943, 104
Trd, 4319206.193, 95
Trd, 4319208.243, 128
Trd, 4319208.843, 99
Trd, 4319209.593, 98
Trd, 4319212.893, 101
Trd, 4319214.643, 99
Trd, 4319215.293, 95
Trd, 4319215.893, 99
Trd, 4319217.493, 97
Trd, 4319218.143, 98
Trd, 4319218.343, 97
Trd, 4319220.243, 100
Trd, 4319221.543, 99
Trd, 4319221.693, 101
Trd, 4319222.643, 98
Trd, 4319226.143, 99
Trd, 4319226.693, 98
Trd, 4319228.043, 98
Trd, 4319230.143, 101
Trd, 4319230.443, 98
Trd, 4319232.193, 102
Trd, 4319232.843, 97
Trd, 4319234.193, 100
Trd, 4319238.193, 98
Trd, 4319238.343, 97
Trd, 4319239.193, 100
Trd, 4319240.593, 96
Trd, 4319243.843, 98
Trd, 4319245.443, 98
Trd, 4319245.943, 97
Trd, 4319246.343, 104
Trd, 4319247.293, 94
Trd, 4319249.843, 95
Trd, 4319250.493, 95
Trd, 4319251.043, 96
Trd, 4319253.243, 96
Trd, 4319254.843, 104
Trd, 4319256.543, 103
Trd, 4319256.893, 102
Trd, 4319257.993, 101
Trd, 4319259.643, 100
Trd, 4319259.743, 101
Trd, 4319260.943, 96
Trd, 4319263.743, 97
Trd, 4319264.243, 100
Trd, 4319265.243, 100
Trd, 4319266.793, 96
Trd, 4319268.793, 95
Trd, 4319269.443, 97
Trd, 4319269.943, 95
Trd, 4319270.843, 103
Trd, 4319273.243, 95
Trd, 4319274.093, 94
Trd, 4319274.143, 95
Trd, 4319274.693, 95
Trd, 4319277.493, 97
Trd, 4319278.343, 102
Trd, 4319280.043, 97
Trd, 4319281.543, 99
Trd, 4319282.343, 104
Trd, 4319283.693, 104
Trd, 4319286.843, 101
Trd, 4319287.293, 100
Trd, 4319288.043, 100
Trd, 4319288.793, 101
Trd, 4319290.593, 100
Trd, 4319292.393, 100
Trd, 4319294.343, 99
Trd, 4319295.193, 100
Trd, 4319296.593, 99
Trd, 4319297.393, 100
Trd, 4319298.543, 96
Trd, 4319299.793, 96
Trd, 4319300.643, 97
Trd, 4319302.593, 96
Trd, 4319303.793, 96
Trd, 4319303.993, 94
Trd, 4319304.393, 104
Trd, 4319305.743, 86
Trd, 4319308.493, 94
Trd, 4319309.043, 94
Trd, 4319309.993, 93
Trd, 4319311.443, 93
Trd, 4319311.793, 94
Trd, 4319313.343, 94
Trd, 4319314.593, 95
Trd, 4319317.043, 86
Trd, 4319317.443, 102
Trd, 4319319.043, 102
Trd, 4319322.043, 101
Trd, 4319322.943, 100
Trd, 4319323.193, 104
Trd, 4319323.943, 94
Trd, 4319325.243, 101
Trd, 4319326.043, 98
Trd, 4319326.493, 101
Trd, 4319328.593, 100
Trd, 4319329.993, 98
Trd, 4319330.593, 102
Trd, 4319332.093, 95
Trd, 4319333.693, 96
Trd, 4319334.893, 95
Trd, 4319335.793, 94
Trd, 4319337.643, 96
Trd, 4319338.393, 104
Trd, 4319339.293, 95
Trd, 4319341.943, 97
Trd, 4319343.093, 95
Trd, 4319343.643, 97
Trd, 4319346.293, 96
Trd, 4319347.443, 96
Trd, 4319348.993, 96
Trd, 4319349.843, 102
Trd, 4319351.743, 103
Trd, 4319352.893, 97
Trd, 4319356.293, 96
Trd, 4319356.943, 98
Trd, 4319357.893, 94
Trd, 4319358.193, 78
Trd, 4319359.743, 87
Trd, 4319360.843, 78
Trd, 4319363.243, 96
Trd, 4319363.693, 102
Trd, 4319364.793, 96
Trd, 4319366.593, 113
Trd, 4319367.593, 97
Trd, 4319368.493, 98
Trd, 4319369.093, 97
Trd, 4319369.493, 96
Trd, 4319371.043, 101
Trd, 4319373.243, 96
Trd, 4319373.993, 95
Trd, 4319374.493, 95
Trd, 4319375.643, 95
Trd, 4319376.293, 86
Trd, 4319376.793, 93
Trd, 4319377.793, 93
Trd, 4319378.243, 104
Trd, 4319379.093, 103
Trd, 4319379.943, 112
Trd, 4319380.093, 103
Trd, 4319381.993, 102
Trd, 4319382.043, 86
Trd, 4319384.843, 101
Trd, 4319385.693, 102
Trd, 4319387.543, 100
Trd, 4319387.843, 95
Trd, 4319390.143, 97
Trd, 4319390.193, 99
Trd, 4319391.693, 99
Trd, 4319391.843, 104
Trd, 4319393.243, 100
Trd, 4319395.043, 102
Trd, 4319396.643, 102
Trd, 4319397.593, 103
Trd, 4319398.093, 96
Trd, 4319399.943, 102
Trd, 4319402.393, 99
Trd, 4319404.443, 103
Trd, 4319404.793, 104
Trd, 4319405.443, 102
Trd, 4319407.443, 102
Trd, 4319408.743, 101
Trd, 4319409.793, 102
Trd, 4319410.293, 101
Trd, 4319410.643, 104
Trd, 4319412.693, 100
Trd, 4319412.793, 101
Trd, 4319413.193, 112
Trd, 4319414.793, 95
Trd, 4319417.643, 100
Trd, 4319418.093, 96
Trd, 4319420.243, 99
Trd, 4319420.993, 95
Trd, 4319421.193, 104
Trd, 4319424.193, 99
Trd, 4319424.743, 99
Trd, 4319425.893, 98
Trd, 4319427.693, 89
Trd, 4319429.043, 89
Trd, 4319429.593, 92
Trd, 4319429.743, 86
Trd, 4319430.443, 95
Trd, 4319433.543, 94
Trd, 4319434.093, 93
Trd, 4319435.093, 92
Trd, 4319435.493, 93
Trd, 4319435.693, 95
Trd, 4319436.793, 91
Trd, 4319437.393, 76
Trd, 4319438.643, 99
Trd, 4319442.193, 90
Trd, 4319443.243, 95
Trd, 4319443.793, 95
Trd, 4319444.393, 91
Trd, 4319448.443, 96
Trd, 4319448.943, 98
Trd, 4319449.593, 96
Trd, 4319449.893, 97
Trd, 4319450.593, 98
Trd, 4319452.343, 97
Trd, 4319455.593, 99
Trd, 4319457.043, 97
Trd, 4319457.143, 98
Trd, 4319457.743, 96
Trd, 4319460.343, 98
Trd, 4319462.993, 96
Trd, 4319464.793, 95
Trd, 4319464.893, 96
Trd, 4319465.793, 95
Trd, 4319467.043, 93
Trd, 4319469.893, 100
Trd, 4319470.143, 98
Trd, 4319470.243, 104
Trd, 4319473.543, 100
Trd, 4319473.943, 104
Trd, 4319474.093, 96
Trd, 4319474.943, 94
Trd, 4319476.193, 112
Trd, 4319477.943, 100
Trd, 4319478.443, 101
Trd, 4319479.743, 96
Trd, 4319480.693, 95
Trd, 4319483.843, 102
Trd, 4319484.343, 104
Trd, 4319485.143, 103
Trd, 4319487.793, 106
Trd, 4319488.193, 104
Trd, 4319489.243, 110
Trd, 4319489.543, 111
Trd, 4319491.693, 104
Trd, 4319492.893, 104
Trd, 4319493.643, 104
Trd, 4319495.143, 103
Trd, 4319495.193, 104
Trd, 4319495.993, 104
Trd, 4319496.793, 103
Trd, 4319498.943, 95
Trd, 4319499.443, 94
Trd, 4319500.743, 94
Trd, 4319502.143, 95
Trd, 4319504.243, 98
Trd, 4319504.443, 104
Trd, 4319505.243, 98
Trd, 4319507.643, 96
Trd, 4319508.193, 96
Trd, 4319509.693, 104
Trd, 4319509.943, 95
Trd, 4319510.843, 93
Trd, 4319512.243, 93
Trd, 4319513.743, 95
Trd, 4319513.843, 95
Trd, 4319515.043, 95
Trd, 4319516.343, 95
Trd, 4319518.143, 95
Trd, 4319520.293, 94
Trd, 4319521.193, 94
Trd, 4319521.243, 95
Trd, 4319522.643, 113
Trd, 4319522.793, 93
Trd, 4319525.043, 103
Trd, 4319525.893, 101
Trd, 4319526.393, 101
Trd, 4319528.193, 99
Trd, 4319528.543, 97
Trd, 4319530.143, 103
Trd, 4319531.893, 97
Trd, 4319532.693, 97
Trd, 4319533.543, 97
Trd, 4319534.543, 95
Trd, 4319535.693, 113
Trd, 4319537.493, 100
Trd, 4319537.993, 100
Trd, 4319538.643, 87
Trd, 4319540.143, 102
Trd, 4319540.343, 86
Trd, 4319540.943, 103
Trd, 4319541.993, 101
Trd, 4319543.493, 102
Trd, 4319544.493, 102
Trd, 4319545.493, 102
Trd, 4319546.493, 101
Trd, 4319547.293, 100
Trd, 4319549.143, 101
Trd, 4319549.643, 98
Trd, 4319552.693, 94
Trd, 4319553.843, 96
Trd, 4319555.193, 95
Trd, 4319555.543, 98
Trd, 4319557.243, 96
Trd, 4319558.893, 95
Trd, 4319558.993, 104
Trd, 4319560.143, 96
Trd, 4319561.193, 98
Trd, 4319562.343, 97
Trd, 4319563.143, 96
Trd, 4319563.393, 95
Trd, 4319565.493, 103
Trd, 4319566.243, 102
Trd, 4319568.143, 101
Trd, 4319569.093, 97
Trd, 4319571.193, 102
Trd, 4319572.343, 101
Trd, 4319573.393, 102
Trd, 4319574.143, 102
Trd, 4319575.143, 102
Trd, 4319575.943, 114
Trd, 4319576.943, 117
Trd, 4319577.293, 101
Trd, 4319579.693, 117
Trd, 4319579.843, 100
Trd, 4319582.743, 99
Trd, 4319584.293, 102
Trd, 4319585.593, 99
Trd, 4319587.793, 98
Trd, 4319588.493, 97
Trd, 4319588.743, 95
Trd, 4319589.993, 95
Trd, 4319591.543, 97
Trd, 4319592.443, 113
Trd, 4319596.293, 96
Trd, 4319596.443, 97
Trd, 4319597.893, 96
Trd, 4319598.893, 95
Trd, 4319600.093, 96
Trd, 4319600.893, 104
Trd, 4319600.993, 94
Trd, 4319602.543, 104
Trd, 4319603.343, 114
Trd, 4319604.443, 103
Trd, 4319606.193, 104
Trd, 4319606.343, 103
Trd, 4319607.893, 94
Trd, 4319608.393, 103
Trd, 4319610.843, 100
Trd, 4319610.893, 98
Trd, 4319611.493, 101
Trd, 4319612.693, 99
Trd, 4319613.243, 102
Trd, 4319614.693, 98
Trd, 4319616.893, 99
Trd, 4319617.193, 97
Trd, 4319618.793, 98
Trd, 4319620.393, 98
Trd, 4319620.643, 104
Trd, 4319621.093, 97
Trd, 4319622.643, 96
Trd, 4319623.343, 96
Trd, 4319624.593, 96
Trd, 4319627.243, 113
Trd, 4319629.793, 101
Trd, 4319630.843, 101
Trd, 4319633.243, 100
Trd, 4319633.643, 102
Trd, 4319634.243, 95
Trd, 4319637.593, 98
Trd, 4319637.843, 102
Trd, 4319637.893, 104
Trd, 4319639.443, 100
Trd, 4319640.393, 99
Trd, 4319640.643, 96
Trd, 4319642.043, 100
Trd, 4319645.193, 98
Trd, 4319645.693, 102
Trd, 4319646.143, 98
Trd, 4319646.943, 102
Trd, 4319648.743, 100
Trd, 4319649.193, 124
Trd, 4319652.743, 104
Trd, 4319653.393, 101
Trd, 4319654.293, 103
Trd, 4319654.443, 100
Trd, 4319655.393, 100
Trd, 4319656.543, 101
Trd, 4319656.843, 102
Trd, 4319659.693, 99
Trd, 4319660.393, 102
Trd, 4319663.393, 102
Trd, 4319664.593, 99
Trd, 4319667.543, 101
Trd, 4319668.093, 100
Trd, 4319668.393, 104
Trd, 4319669.293, 112
Trd, 4319669.693, 89
Trd, 4319671.243, 105
Trd, 4319672.743, 97
Trd, 4319674.193, 97
Trd, 4319675.793, 97
Trd, 4319676.243, 95
Trd, 4319677.143, 95
Trd, 4319679.493, 96
Trd, 4319681.043, 95
Trd, 4319682.393, 94
Trd, 4319682.643, 95
Trd, 4319684.043, 96
Trd, 4319684.343, 95
Trd, 4319686.143, 96
Trd, 4319687.893, 99
Trd, 4319688.343, 96
Trd, 4319689.093, 99
Trd, 4319690.093, 104
Trd, 4319690.493, 101
Trd, 4319692.793, 104
Trd, 4319693.793, 105
Trd, 4319694.193, 102
Trd, 4319695.493, 100
Trd, 4319696.293, 102
Trd, 4319697.743, 95
Trd, 4319697.893, 113
Trd, 4319698.293, 86
Trd, 4319701.593, 96
Trd, 4319701.693, 95
Trd, 4319702.643, 95
Trd, 4319706.693, 96
Trd, 4319707.393, 100
Trd, 4319708.343, 104
Trd, 4319709.143, 96
Trd, 4319709.693, 94
Trd, 4319710.443, 99
Trd, 4319711.893, 84
Trd, 4319712.543, 95
Trd, 4319715.693, 104
Trd, 4319715.993, 110
Trd, 4319716.493, 99
Trd, 4319719.043, 99
Trd, 4319719.443, 96
Trd, 4319719.893, 95
Trd, 4319721.843, 100
Trd, 4319722.643, 98
Trd, 4319724.243, 98
Trd, 4319725.193, 101
Trd, 4319726.193, 97
Trd, 4319726.393, 103
Trd, 4319729.293, 99
Trd, 4319732.143, 101
Trd, 4319732.443, 101
Trd, 4319733.193, 98
Trd, 4319734.043, 101
Trd, 4319735.393, 100
Trd, 4319737.393, 98
Trd, 4319740.543, 98
Trd, 4319741.593, 97
Trd, 4319742.943, 95
Trd, 4319743.893, 95
Trd, 4319743.943, 104
Trd, 4319745.593, 94
Trd, 4319745.943, 96
Trd, 4319746.993, 96
Trd, 4319748.043, 103
Trd, 4319749.343, 95
Trd, 4319750.093, 94
Trd, 4319752.193, 96
Trd, 4319752.843, 94
Trd, 4319754.043, 96
Trd, 4319754.093, 94
Trd, 4319758.693, 98
Trd, 4319760.593, 96
Trd, 4319762.443, 101
Trd, 4319762.793, 97
Trd, 4319764.993, 97
Trd, 4319766.343, 95
Trd, 4319768.343, 96
Trd, 4319768.743, 96
Trd, 4319770.743, 94
Trd, 4319770.793, 94
Trd, 4319772.993, 94
Trd, 4319775.693, 94
Trd, 4319776.743, 94
Trd, 4319777.093, 93
Trd, 4319778.443, 94
Trd, 4319779.343, 93
Trd, 4319780.143, 92
Trd, 4319781.193, 93
Trd, 4319782.543, 91
Trd, 4319783.093, 104
Trd, 4319786.243, 100
Trd, 4319786.393, 97
Trd, 4319789.543, 99
Trd, 4319790.543, 98
Trd, 4319790.643, 98
Trd, 4319791.093, 101
Trd, 4319791.293, 95
Trd, 4319793.143, 103
Trd, 4319793.293, 115
Trd, 4319795.043, 96
Trd, 4319796.543, 95
Trd, 4319797.993, 101
Trd, 4319798.343, 95
Trd, 4319801.693, 96
Trd, 4319801.793, 95
Trd, 4319803.193, 97
Trd, 4319804.193, 103
Trd, 4319805.293, 100
Trd, 4319805.943, 103
Trd, 4319808.493, 100
Trd, 4319809.743, 90
Trd, 4319811.093, 95
Trd, 4319811.393, 95
Trd, 4319812.443, 93
Trd, 4319812.993, 95
Trd, 4319814.243, 90
Trd, 4319815.043, 94
Trd, 4319815.793, 104
Trd, 4319818.493, 99
Trd, 4319818.593, 97
Trd, 4319820.493, 96
Trd, 4319822.393, 96
Trd, 4319824.293, 95
Trd, 4319824.393, 96
Trd, 4319825.693, 95
Trd, 4319826.593, 96
Trd, 4319827.143, 95
Trd, 4319827.393, 103
Trd, 4319829.093, 115
Trd, 4319831.293, 99
Trd, 4319831.593, 93
Trd, 4319832.543, 98
Trd, 4319833.443, 99
Trd, 4319834.043, 94
Trd, 4319834.193, 100
Trd, 4319836.443, 104
Trd, 4319837.143, 101
Trd, 4319837.543, 102
Trd, 4319838.943, 101
Trd, 4319840.693, 103
Trd, 4319843.243, 102
Trd, 4319843.543, 101
Trd, 4319844.243, 101
Trd, 4319845.693, 86
Trd, 4319846.593, 101
Trd, 4319848.743, 94
Trd, 4319850.843, 101
Trd, 4319852.193, 98
Trd, 4319853.393, 101
Trd, 4319855.793, 96
Trd, 4319857.943, 97
Trd, 4319859.243, 97
Trd, 4319859.993, 104
Trd, 4319862.243, 95
Trd, 4319862.393, 95
Trd, 4319863.443, 95
Trd, 4319864.093, 94
Trd, 4319866.643, 93
Trd, 4319866.893, 94
Trd, 4319867.393, 92
Trd, 4319868.043, 95
Trd, 4319868.143, 104
Trd, 4319871.143, 98
Trd, 4319872.643, 93
Trd, 4319873.693, 97
Trd, 4319876.293, 97
Trd, 4319876.643, 102
Trd, 4319877.443, 86
Trd, 4319878.393, 92
Trd, 4319878.693, 102
Trd, 4319881.343, 95
Trd, 4319883.293, 96
Trd, 4319883.543, 96
Trd, 4319883.843, 97
Trd, 4319884.493, 115
Trd, 4319885.043, 95
Trd, 4319886.193, 105
Trd, 4319889.343, 98
Trd, 4319889.443, 97
Trd, 4319890.243, 97
Trd, 4319891.443, 96
Trd, 4319892.393, 95
Trd, 4319894.443, 95
Trd, 4319897.593, 99
Trd, 4319899.193, 98
Trd, 4319899.493, 99
Trd, 4319902.293, 97
Trd, 4319903.843, 95
Trd, 4319904.143, 104
Trd, 4319905.443, 97
Trd, 4319906.143, 97
Trd, 4319906.693, 85
Trd, 4319907.943, 104
Trd, 4319910.493, 95
Trd, 4319911.343, 99
Trd, 4319912.193, 99
Trd, 4319912.643, 99
Trd, 4319913.143, 76
Trd, 4319914.293, 104
Trd, 4319916.293, 109
Trd, 4319919.043, 100
Trd, 4319919.543, 103
Trd, 4319920.093, 98
Trd, 4319921.143, 98
Trd, 4319921.743, 95
Trd, 4319923.893, 96
Trd, 4319924.543, 95
Trd, 4319925.793, 94
Trd, 4319926.493, 95
Trd, 4319926.843, 94
Trd, 4319928.693, 104
Trd, 4319929.143, 86
Trd, 4319930.093, 116
Trd, 4319934.193, 99
Trd, 4319935.593, 98
Trd, 4319936.043, 97
Trd, 4319936.593, 99
Trd, 4319938.443, 97
Trd, 4319940.043, 99
Trd, 4319940.193, 94
Trd, 4319941.143, 100
Trd, 4319942.393, 97
Trd, 4319944.143, 101
Trd, 4319944.843, 114
Trd, 4319945.843, 103
Trd, 4319947.893, 102
Trd, 4319949.493, 94
Trd, 4319952.743, 99
Trd, 4319952.793, 101
Trd, 4319954.443, 94
Trd, 4319957.293, 86
Trd, 4319958.393, 94
Trd, 4319960.343, 93
Trd, 4319961.493, 95
Trd, 4319962.343, 94
Trd, 4319962.443, 104
Trd, 4319963.493, 96
Trd, 4319966.243, 98
Trd, 4319967.593, 96
Trd, 4319968.493, 100
Trd, 4319968.843, 97
Trd, 4319969.543, 104
Trd, 4319971.043, 114
Trd, 4319972.193, 123
Trd, 4319972.543, 96
Trd, 4319975.643, 99
Trd, 4319977.443, 96
Trd, 4319977.993, 100
Trd, 4319978.193, 97
Trd, 4319980.193, 96
Trd, 4319981.493, 96
Trd, 4319982.093, 95
Trd, 4319982.493, 98
Trd, 4319983.643, 95
Trd, 4319984.093, 92
Trd, 4319985.443, 91
Trd, 4319985.593, 91
Trd, 4319986.393, 92
Trd, 4319988.043, 104
Trd, 4319988.543, 91
Trd, 4319992.193, 95
Trd, 4319992.543, 94
Trd, 4319993.693, 98
Trd, 4319997.293, 97
Trd, 4319997.693, 98
Trd, 4319998.093, 98
Trd, 4319998.143, 104
