Trd, 4317871.193, 104
Trd, 4317872.343, 95
Trd, 4317873.243, 94
Trd, 4317873.793, 99
Trd, 4317878.393, 93
Trd, 4317880.143, 93
Trd, 4317880.393, 95
Trd, 4317880.643, 96
Trd, 4317881.243, 91
Trd, 4317882.943, 104
Trd, 4317885.043, 111
Trd, 4317885.743, 97
Trd, 4317885.893, 106
Trd, 4317888.593, 100
Trd, 4317888.993, 106
Trd, 4317889.543, 98
Trd, 4317891.843, 106
Trd, 4317897.493, 99
Trd, 4317897.943, 94
Trd, 4317899.243, 102
Trd, 4317900.893, 96
Trd, 4317901.793, 103
Trd, 4317903.493, 98
Trd, 4317904.243, 100
Trd, 4317905.693, 104
Trd, 4317907.243, 98
Trd, 4317907.343, 98
Trd, 4317908.893, 95
Trd, 4317909.143, 93
Trd, 4317909.243, 97
Trd, 4317912.343, 99
Trd, 4317912.693, 99
Trd, 4317914.793, 98
Trd, 4317917.343, 69
Trd, 4317919.893, 91
Trd, 4317920.243, 90
Trd, 4317922.593, 95
Trd, 4317922.793, 95
Trd, 4317925.043, 94
Trd, 4317925.093, 104
Trd, 4317925.293, 92
Trd, 4317926.143, 104
Trd, 4317927.393, 98
Trd, 4317930.343, 98
Trd, 4317933.543, 100
Trd, 4317934.043, 98
Trd, 4317935.793, 97
Trd, 4317936.693, 94
Trd, 4317937.493, 93
Trd, 4317939.393, 81
Trd, 4317941.193, 95
Trd, 4317942.243, 91
Trd, 4317942.393, 113
Trd, 4317944.293, 100
Trd, 4317944.593, 107
Trd, 4317945.943, 91
Trd, 4317946.443, 90
Trd, 4317948.943, 72
Trd, 4317949.793, 91
Trd, 4317950.343, 105
Trd, 4317951.343, 113
Trd, 4317951.993, 95
Trd, 4317955.043, 98
Trd, 4317956.293, 101
Trd, 4317957.093, 101
Trd, 4317959.593, 87
Trd, 4317960.043, 97
Trd, 4317960.693, 84
Trd, 4317962.293, 92
Trd, 4317964.193, 93
Trd, 4317964.443, 92
Trd, 4317965.243, 92
Trd, 4317966.393, 101
Trd, 4317966.793, 104
Trd, 4317968.593, 94
Trd, 4317972.243, 98
Trd, 4317972.493, 95
Trd, 4317974.393, 96
Trd, 4317974.793, 94
Trd, 4317977.843, 66
Trd, 4317979.143, 75
Trd, 4317980.193, 84
Trd, 4317980.693, 100
Trd, 4317982.243, 96
Trd, 4317983.393, 103
Trd, 4317983.743, 102
Trd, 4317984.743, 71
Trd, 4317990.093, 104
Trd, 4317990.693, 92
Trd, 4317990.993, 92
Trd, 4317991.643, 103
Trd, 4317994.343, 100
Trd, 4317995.393, 102
Trd, 4317995.743, 97
Trd, 4317999.043, 98
Trd, 4317999.943, 97
Trd, 4318000.993, 100
Trd, 4318001.493, 94
Trd, 4318002.643, 101
Trd, 4318004.193, 97
Trd, 4318004.543, 93
Trd, 4318006.393, 98
Trd, 4318010.143, 95
Trd, 4318010.343, 98
Trd, 4318011.043, 94
Trd, 4318011.643, 98
Trd, 4318013.393, 97
Trd, 4318014.593, 97
Trd, 4318016.393, 92
Trd, 4318016.793, 104
Trd, 4318019.893, 97
Trd, 4318020.393, 113
Trd, 4318021.093, 96
Trd, 4318025.943, 99
Trd, 4318026.343, 99
Trd, 4318026.593, 96
Trd, 4318026.943, 94
Trd, 4318028.143, 92
Trd, 4318030.693, 94
Trd, 4318031.143, 100
Trd, 4318032.593, 101
Trd, 4318034.443, 94
Trd, 4318034.993, 102
Trd, 4318036.993, 94
Trd, 4318038.793, 96
Trd, 4318039.293, 101
Trd, 4318042.443, 97
Trd, 4318042.943, 96
Trd, 4318043.543, 95
Trd, 4318045.893, 99
Trd, 4318046.443, 94
Trd, 4318048.843, 99
Trd, 4318049.743, 92
Trd, 4318051.093, 101
Trd, 4318052.043, 101
Trd, 4318053.093, 96
Trd, 4318054.093, 96
Trd, 4318054.693, 104
Trd, 4318055.093, 110
Trd, 4318058.293, 102
Trd, 4318061.043, 103
Trd, 4318061.243, 101
Trd, 4318062.893, 100
Trd, 4318065.893, 101
Trd, 4318066.043, 108
Trd, 4318067.643, 103
Trd, 4318068.093, 102
Trd, 4318068.793, 105
Trd, 4318072.293, 103
Trd, 4318073.093, 101
Trd, 4318073.343, 100
Trd, 4318073.843, 103
Trd, 4318075.643, 86
Trd, 4318076.243, 104
Trd, 4318078.143, 99
Trd, 4318078.443, 104
Trd, 4318080.743, 102
Trd, 4318081.043, 75
Trd, 4318082.843, 96
Trd, 4318085.193, 93
Trd, 4318087.943, 99
Trd, 4318089.843, 99
Trd, 4318091.293, 98
Trd, 4318093.243, 98
Trd, 4318093.843, 97
Trd, 4318094.293, 96
Trd, 4318095.993, 98
Trd, 4318098.143, 95
Trd, 4318098.543, 98
Trd, 4318099.843, 98
Trd, 4318100.143, 94
Trd, 4318100.493, 104
Trd, 4318102.793, 101
Trd, 4318104.193, 103
Trd, 4318104.343, 92
Trd, 4318105.993, 104
Trd, 4318106.293, 98
Trd, 4318106.893, 104
Trd, 4318107.293, 101
Trd, 4318107.693, 104
Trd, 4318109.093, 94
Trd, 4318111.743, 98
Trd, 4318112.993, 98
Trd, 4318114.043, 104
Trd, 4318114.393, 96
Trd, 4318114.593, 96
Trd, 4318115.743, 104
Trd, 4318118.893, 95
Trd, 4318119.593, 93
Trd, 4318120.343, 98
Trd, 4318122.243, 93
Trd, 4318122.343, 97
Trd, 4318124.943, 93
Trd, 4318126.543, 104
Trd, 4318127.143, 96
Trd, 4318128.443, 92
Trd, 4318128.843, 99
Trd, 4318129.593, 108
Trd, 4318130.543, 81
Trd, 4318130.943, 87
Trd, 4318134.393, 93
Trd, 4318135.043, 93
Trd, 4318138.493, 93
Trd, 4318139.993, 93
Trd, 4318140.343, 90
Trd, 4318142.293, 93
Trd, 4318142.743, 89
Trd, 4318143.143, 87
Trd, 4318145.643, 94
Trd, 4318145.843, 94
Trd, 4318148.643, 90
Trd, 4318150.543, 89
Trd, 4318150.743, 89
Trd, 4318152.243, 74
Trd, 4318152.593, 89
Trd, 4318153.393, 106
Trd, 4318155.993, 96
Trd, 4318156.293, 91
Trd, 4318157.893, 105
Trd, 4318160.893, 90
Trd, 4318161.693, 88
Trd, 4318164.143, 93
Trd, 4318165.893, 89
Trd, 4318166.743, 93
Trd, 4318168.593, 92
Trd, 4318168.693, 88
Trd, 4318170.293, 87
Trd, 4318171.143, 91
Trd, 4318172.543, 92
Trd, 4318173.593, 104
Trd, 4318173.943, 86
Trd, 4318174.993, 100
Trd, 4318176.593, 103
Trd, 4318176.993, 94
Trd, 4318178.843, 104
Trd, 4318184.243, 100
Trd, 4318186.243, 94
Trd, 4318187.043, 101
Trd, 4318187.593, 96
Trd, 4318188.393, 100
Trd, 4318191.443, 102
Trd, 4318192.493, 97
Trd, 4318192.793, 101
Trd, 4318193.943, 96
Trd, 4318196.193, 101
Trd, 4318196.843, 103
Trd, 4318198.243, 99
Trd, 4318198.293, 113
Trd, 4318200.793, 106
Trd, 4318200.943, 106
Trd, 4318201.893, 106
Trd, 4318201.943, 98
Trd, 4318202.743, 108
Trd, 4318203.343, 96
Trd, 4318205.243, 108
Trd, 4318206.843, 106
Trd, 4318207.193, 94
Trd, 4318210.543, 105
Trd, 4318210.793, 106
Trd, 4318211.993, 104
Trd, 4318213.893, 104
Trd, 4318213.943, 103
Trd, 4318214.193, 106
Trd, 4318214.293, 106
Trd, 4318214.543, 102
Trd, 4318217.393, 104
Trd, 4318217.443, 106
Trd, 4318220.643, 105
Trd, 4318221.193, 105
Trd, 4318221.843, 104
Trd, 4318224.743, 106
Trd, 4318227.793, 106
Trd, 4318227.993, 103
Trd, 4318229.093, 94
Trd, 4318229.743, 97
Trd, 4318229.843, 85
Trd, 4318232.843, 95
Trd, 4318234.243, 94
Trd, 4318236.193, 96
Trd, 4318236.393, 94
Trd, 4318236.793, 94
Trd, 4318240.643, 95
Trd, 4318240.793, 94
Trd, 4318243.843, 94
Trd, 4318245.743, 92
Trd, 4318246.343, 95
Trd, 4318247.643, 93
Trd, 4318249.293, 92
Trd, 4318249.443, 93
Trd, 4318249.593, 93
Trd, 4318251.643, 111
Trd, 4318253.143, 100
Trd, 4318254.543, 84
Trd, 4318255.643, 107
Trd, 4318256.593, 105
Trd, 4318258.043, 96
Trd, 4318258.193, 106
Trd, 4318260.043, 105
Trd, 4318260.543, 100
Trd, 4318262.943, 99
Trd, 4318263.493, 93
Trd, 4318264.843, 99
Trd, 4318265.843, 96
Trd, 4318267.243, 103
Trd, 4318269.043, 100
Trd, 4318269.643, 99
Trd, 4318270.993, 93
Trd, 4318273.293, 99
Trd, 4318273.843, 98
Trd, 4318274.693, 96
Trd, 4318275.493, 105
Trd, 4318277.143, 104
Trd, 4318277.293, 103
Trd, 4318277.693, 77
Trd, 4318280.743, 101
Trd, 4318280.793, 97
Trd, 4318281.593, 97
Trd, 4318283.843, 102
Trd, 4318285.093, 102
Trd, 4318285.493, 105
Trd, 4318287.543, 113
Trd, 4318288.393, 110
Trd, 4318290.693, 96
Trd, 4318291.293, 94
Trd, 4318291.693, 109
Trd, 4318293.893, 102
Trd, 4318296.043, 106
Trd, 4318296.793, 102
Trd, 4318299.243, 101
Trd, 4318299.643, 100
Trd, 4318301.443, 99
Trd, 4318301.493, 102
Trd, 4318301.593, 104
Trd, 4318305.593, 94
Trd, 4318306.293, 95
Trd, 4318307.143, 104
Trd, 4318309.043, 94
Trd, 4318309.343, 103
Trd, 4318311.393, 94
Trd, 4318312.593, 101
Trd, 4318313.493, 98
Trd, 4318316.043, 96
Trd, 4318316.893, 101
Trd, 4318319.343, 99
Trd, 4318320.943, 95
Trd, 4318321.543, 99
Trd, 4318323.843, 94
Trd, 4318325.243, 92
Trd, 4318325.343, 99
Trd, 4318327.493, 91
Trd, 4318328.243, 97
Trd, 4318330.693, 102
Trd, 4318331.093, 104
Trd, 4318333.493, 97
Trd, 4318333.693, 90
Trd, 4318335.693, 101
Trd, 4318337.743, 102
Trd, 4318338.393, 94
Trd, 4318340.093, 103
Trd, 4318340.943, 98
Trd, 4318341.193, 104
Trd, 4318343.193, 97
Trd, 4318344.743, 93
Trd, 4318347.693, 97
Trd, 4318349.043, 103
Trd, 4318350.243, 103
Trd, 4318351.993, 104
Trd, 4318352.443, 92
Trd, 4318352.693, 95
Trd, 4318354.593, 102
Trd, 4318356.443, 95
Trd, 4318358.793, 104
Trd, 4318360.593, 101
Trd, 4318362.193, 104
Trd, 4318363.293, 105
Trd, 4318363.393, 101
Trd, 4318366.293, 100
Trd, 4318368.893, 99
Trd, 4318369.943, 105
Trd, 4318371.643, 104
Trd, 4318372.493, 100
Trd, 4318373.343, 105
Trd, 4318375.543, 105
Trd, 4318377.043, 100
Trd, 4318378.043, 103
Trd, 4318381.893, 99
Trd, 4318382.093, 104
Trd, 4318382.493, 113
Trd, 4318385.493, 99
Trd, 4318387.343, 100
Trd, 4318387.443, 99
Trd, 4318388.943, 98
Trd, 4318390.843, 97
Trd, 4318391.543, 98
Trd, 4318393.093, 98
Trd, 4318394.393, 97
Trd, 4318395.893, 98
Trd, 4318396.343, 94
Trd, 4318396.643, 104
Trd, 4318400.193, 102
Trd, 4318400.593, 105
Trd, 4318401.993, 101
Trd, 4318402.143, 103
Trd, 4318404.243, 99
Trd, 4318406.343, 100
Trd, 4318406.393, 93
Trd, 4318407.993, 100
Trd, 4318409.293, 100
Trd, 4318409.693, 104
Trd, 4318410.593, 100
Trd, 4318411.743, 101
Trd, 4318411.993, 104
Trd, 4318413.743, 103
Trd, 4318415.193, 85
Trd, 4318416.593, 112
Trd, 4318417.493, 113
Trd, 4318417.743, 110
Trd, 4318420.693, 100
Trd, 4318421.643, 105
Trd, 4318422.043, 100
Trd, 4318422.493, 105
Trd, 4318425.743, 99
Trd, 4318426.143, 105
Trd, 4318426.543, 94
Trd, 4318430.093, 99
Trd, 4318431.543, 101
Trd, 4318432.143, 102
Trd, 4318435.043, 99
Trd, 4318436.193, 102
Trd, 4318437.793, 99
Trd, 4318438.893, 100
Trd, 4318439.843, 94
Trd, 4318441.493, 96
Trd, 4318441.543, 100
Trd, 4318444.243, 100
Trd, 4318444.693, 98
Trd, 4318447.193, 101
Trd, 4318447.493, 97
Trd, 4318448.343, 94
Trd, 4318449.493, 102
Trd, 4318451.293, 94
Trd, 4318451.393, 99
Trd, 4318453.043, 93
Trd, 4318453.893, 95
Trd, 4318455.243, 97
Trd, 4318455.493, 95
Trd, 4318457.543, 78
Trd, 4318457.793, 95
Trd, 4318459.193, 95
Trd, 4318460.993, 104
Trd, 4318462.243, 99
Trd, 4318462.893, 95
Trd, 4318463.993, 104
Trd, 4318465.343, 111
Trd, 4318468.743, 103
Trd, 4318469.293, 101
Trd, 4318469.993, 106
Trd, 4318470.393, 106
Trd, 4318472.793, 104
Trd, 4318473.093, 102
Trd, 4318473.693, 104
Trd, 4318474.343, 100
Trd, 4318477.843, 103
Trd, 4318478.693, 101
Trd, 4318479.043, 100
Trd, 4318479.643, 98
Trd, 4318482.293, 98
Trd, 4318482.643, 96
Trd, 4318483.943, 104
Trd, 4318486.143, 102
Trd, 4318487.643, 95
Trd, 4318488.193, 100
Trd, 4318490.143, 106
Trd, 4318491.043, 103
Trd, 4318491.793, 99
Trd, 4318492.343, 104
Trd, 4318494.193, 103
Trd, 4318495.993, 102
Trd, 4318497.693, 94
Trd, 4318501.043, 102
Trd, 4318501.743, 104
Trd, 4318504.043, 101
Trd, 4318504.143, 104
Trd, 4318506.143, 104
Trd, 4318506.443, 101
Trd, 4318508.793, 101
Trd, 4318509.443, 103
Trd, 4318511.293, 93
Trd, 4318513.793, 92
Trd, 4318514.243, 101
Trd, 4318515.193, 95
Trd, 4318515.843, 102
Trd, 4318517.243, 98
Trd, 4318517.893, 101
Trd, 4318518.943, 73
Trd, 4318520.043, 80
Trd, 4318521.043, 84
Trd, 4318523.493, 105
Trd, 4318525.643, 94
Trd, 4318525.993, 89
Trd, 4318526.043, 89
Trd, 4318527.743, 90
Trd, 4318527.893, 113
Trd, 4318528.443, 88
Trd, 4318530.643, 89
Trd, 4318532.093, 93
Trd, 4318533.043, 94
Trd, 4318534.493, 87
Trd, 4318535.143, 102
Trd, 4318535.343, 107
Trd, 4318536.293, 96
Trd, 4318538.943, 98
Trd, 4318540.143, 95
Trd, 4318540.443, 96
Trd, 4318542.043, 93
Trd, 4318542.543, 96
Trd, 4318544.843, 91
Trd, 4318547.043, 92
Trd, 4318547.943, 90
Trd, 4318548.593, 90
Trd, 4318549.243, 104
Trd, 4318551.843, 95
Trd, 4318555.043, 95
Trd, 4318555.143, 94
Trd, 4318555.793, 76
Trd, 4318557.143, 86
Trd, 4318559.643, 85
Trd, 4318560.593, 86
Trd, 4318561.693, 86
Trd, 4318561.993, 100
Trd, 4318562.793, 88
Trd, 4318563.743, 86
Trd, 4318565.093, 104
Trd, 4318567.793, 94
Trd, 4318567.893, 95
Trd, 4318568.893, 96
Trd, 4318572.443, 95
Trd, 4318572.543, 93
Trd, 4318574.243, 90
Trd, 4318574.543, 84
Trd, 4318574.943, 90
Trd, 4318577.093, 94
Trd, 4318577.143, 94
Trd, 4318579.393, 104
Trd, 4318579.993, 98
Trd, 4318580.593, 94
Trd, 4318581.943, 93
Trd, 4318582.743, 100
Trd, 4318586.243, 101
Trd, 4318587.743, 96
Trd, 4318588.193, 95
Trd, 4318590.643, 101
Trd, 4318590.743, 88
Trd, 4318592.793, 93
Trd, 4318593.393, 92
Trd, 4318594.993, 99
Trd, 4318597.193, 91
Trd, 4318599.293, 98
Trd, 4318599.493, 90
Trd, 4318601.293, 95
Trd, 4318603.093, 98
Trd, 4318605.043, 98
Trd, 4318605.443, 104
Trd, 4318606.693, 95
Trd, 4318607.093, 96
Trd, 4318609.543, 94
Trd, 4318610.493, 95
Trd, 4318610.893, 101
Trd, 4318615.243, 98
Trd, 4318616.243, 96
Trd, 4318616.493, 96
Trd, 4318619.443, 95
Trd, 4318622.443, 99
Trd, 4318622.793, 99
Trd, 4318622.993, 104
Trd, 4318623.693, 95
Trd, 4318625.393, 94
Trd, 4318628.093, 99
Trd, 4318628.593, 104
Trd, 4318630.643, 97
Trd, 4318630.693, 103
Trd, 4318635.393, 101
Trd, 4318636.443, 96
Trd, 4318637.193, 99
Trd, 4318637.393, 96
Trd, 4318642.343, 99
Trd, 4318642.793, 104
Trd, 4318642.943, 97
Trd, 4318644.443, 103
Trd, 4318644.893, 98
Trd, 4318645.743, 97
Trd, 4318647.343, 94
Trd, 4318648.393, 97
Trd, 4318649.893, 104
Trd, 4318652.243, 96
Trd, 4318653.893, 98
Trd, 4318654.443, 94
Trd, 4318654.593, 104
Trd, 4318656.593, 93
Trd, 4318656.743, 74
Trd, 4318658.493, 95
Trd, 4318661.693, 95
Trd, 4318662.293, 96
Trd, 4318663.293, 97
Trd, 4318665.843, 98
Trd, 4318666.593, 96
Trd, 4318667.193, 91
Trd, 4318667.593, 104
Trd, 4318671.493, 96
Trd, 4318673.193, 94
Trd, 4318673.543, 96
Trd, 4318673.943, 93
Trd, 4318675.243, 97
Trd, 4318676.843, 97
Trd, 4318677.393, 104
Trd, 4318678.293, 92
Trd, 4318681.993, 99
Trd, 4318682.343, 92
Trd, 4318683.293, 113
Trd, 4318683.843, 94
Trd, 4318685.143, 93
Trd, 4318686.343, 101
Trd, 4318688.893, 95
Trd, 4318689.993, 101
Trd, 4318693.943, 94
Trd, 4318695.193, 93
Trd, 4318698.643, 96
Trd, 4318698.793, 92
Trd, 4318700.793, 92
Trd, 4318701.543, 95
Trd, 4318702.443, 93
Trd, 4318702.893, 104
Trd, 4318702.993, 91
Trd, 4318705.593, 94
Trd, 4318706.793, 94
Trd, 4318708.193, 90
Trd, 4318708.693, 104
Trd, 4318710.143, 90
Trd, 4318710.643, 89
Trd, 4318713.143, 89
Trd, 4318713.393, 89
Trd, 4318713.443, 94
Trd, 4318715.743, 93
Trd, 4318717.293, 103
Trd, 4318719.093, 97
Trd, 4318720.693, 96
Trd, 4318721.193, 95
Trd, 4318721.293, 91
Trd, 4318722.643, 104
Trd, 4318724.693, 113
Trd, 4318728.593, 97
Trd, 4318729.493, 98
Trd, 4318729.893, 96
Trd, 4318731.593, 97
Trd, 4318732.543, 96
Trd, 4318733.593, 96
Trd, 4318734.593, 95
Trd, 4318735.643, 95
Trd, 4318736.143, 104
Trd, 4318737.393, 93
Trd, 4318739.793, 105
Trd, 4318740.193, 96
Trd, 4318742.843, 102
Trd, 4318742.893, 104
Trd, 4318744.943, 100
Trd, 4318745.293, 103
Trd, 4318746.093, 99
Trd, 4318750.443, 103
Trd, 4318751.293, 97
Trd, 4318752.043, 99
Trd, 4318752.293, 92
Trd, 4318752.543, 104
Trd, 4318753.893, 80
Trd, 4318754.443, 77
Trd, 4318756.343, 93
Trd, 4318756.593, 104
Trd, 4318756.693, 88
Trd, 4318757.193, 96
Trd, 4318758.343, 95
Trd, 4318759.793, 88
Trd, 4318762.943, 100
Trd, 4318763.543, 88
Trd, 4318764.593, 93
Trd, 4318767.143, 95
Trd, 4318768.893, 100
Trd, 4318770.293, 104
Trd, 4318772.293, 96
Trd, 4318773.243, 100
Trd, 4318774.293, 101
Trd, 4318776.093, 95
Trd, 4318777.393, 94
Trd, 4318779.243, 104
Trd, 4318780.243, 104
Trd, 4318782.093, 102
Trd, 4318783.143, 103
Trd, 4318785.293, 100
Trd, 4318786.893, 102
Trd, 4318787.393, 100
Trd, 4318789.243, 100
Trd, 4318789.943, 103
Trd, 4318791.493, 103
Trd, 4318793.043, 103
Trd, 4318795.743, 104
Trd, 4318796.943, 104
Trd, 4318797.393, 100
Trd, 4318797.543, 104
Trd, 4318798.093, 103
Trd, 4318799.493, 102
Trd, 4318800.793, 111
Trd, 4318802.543, 103
Trd, 4318803.893, 108
Trd, 4318806.443, 104
Trd, 4318806.943, 107
Trd, 4318811.693, 103
Trd, 4318812.293, 106
Trd, 4318814.693, 103
Trd, 4318815.843, 103
Trd, 4318816.343, 106
Trd, 4318819.193, 103
Trd, 4318820.393, 102
Trd, 4318821.443, 106
Trd, 4318822.493, 97
Trd, 4318823.243, 107
Trd, 4318826.293, 100
Trd, 4318827.893, 106
Trd, 4318829.593, 104
Trd, 4318830.043, 107
Trd, 4318830.993, 103
Trd, 4318832.043, 103
Trd, 4318835.443, 102
Trd, 4318836.343, 94
Trd, 4318836.843, 103
Trd, 4318839.743, 98
Trd, 4318842.043, 96
Trd, 4318842.543, 98
Trd, 4318847.543, 97
Trd, 4318847.993, 104
Trd, 4318848.543, 96
Trd, 4318849.443, 94
Trd, 4318852.043, 95
Trd, 4318852.993, 94
Trd, 4318854.193, 104
Trd, 4318855.293, 93
Trd, 4318855.593, 101
Trd, 4318857.843, 94
Trd, 4318857.943, 96
Trd, 4318858.043, 93
Trd, 4318861.793, 96
Trd, 4318862.093, 93
Trd, 4318863.093, 93
Trd, 4318863.293, 97
Trd, 4318865.043, 104
Trd, 4318865.943, 93
Trd, 4318868.093, 101
Trd, 4318869.643, 92
Trd, 4318869.943, 92
Trd, 4318871.293, 99
Trd, 4318871.393, 89
Trd, 4318871.993, 97
Trd, 4318874.543, 97
Trd, 4318876.243, 96
Trd, 4318876.643, 98
Trd, 4318878.143, 97
Trd, 4318880.643, 104
Trd, 4318882.393, 95
Trd, 4318882.693, 95
Trd, 4318885.993, 94
Trd, 4318886.443, 93
Trd, 4318887.843, 93
Trd, 4318888.043, 105
Trd, 4318888.943, 86
Trd, 4318889.893, 84
Trd, 4318891.143, 81
Trd, 4318891.193, 85
Trd, 4318894.093, 94
Trd, 4318894.593, 105
Trd, 4318896.793, 111
Trd, 4318897.243, 108
Trd, 4318897.743, 107
Trd, 4318899.143, 97
Trd, 4318899.543, 93
Trd, 4318901.293, 101
Trd, 4318902.243, 99
Trd, 4318903.043, 101
Trd, 4318903.793, 97
Trd, 4318904.843, 107
Trd, 4318906.743, 103
Trd, 4318907.493, 104
Trd, 4318908.243, 107
Trd, 4318909.343, 92
Trd, 4318909.543, 97
Trd, 4318910.293, 94
Trd, 4318910.993, 91
Trd, 4318912.943, 95
Trd, 4318914.443, 95
Trd, 4318915.043, 92
Trd, 4318915.443, 76
Trd, 4318915.793, 98
Trd, 4318916.693, 96
Trd, 4318921.643, 89
Trd, 4318921.943, 87
Trd, 4318923.243, 92
Trd, 4318923.343, 82
Trd, 4318923.643, 86
Trd, 4318925.643, 106
Trd, 4318926.793, 96
Trd, 4318927.493, 93
Trd, 4318927.993, 95
Trd, 4318929.793, 97
Trd, 4318930.143, 93
Trd, 4318930.443, 97
Trd, 4318930.843, 97
Trd, 4318935.393, 97
Trd, 4318935.493, 92
Trd, 4318935.943, 99
Trd, 4318937.093, 101
Trd, 4318937.343, 95
Trd, 4318939.443, 97
Trd, 4318942.793, 100
Trd, 4318943.193, 97
Trd, 4318943.243, 93
Trd, 4318946.543, 101
Trd, 4318948.243, 97
Trd, 4318950.693, 102
Trd, 4318950.743, 96
Trd, 4318951.243, 94
Trd, 4318951.743, 102
Trd, 4318954.743, 101
Trd, 4318955.743, 98
Trd, 4318957.843, 101
Trd, 4318957.943, 104
Trd, 4318962.343, 97
Trd, 4318962.493, 104
Trd, 4318964.393, 110
Trd, 4318964.743, 113
Trd, 4318966.143, 110
Trd, 4318966.493, 109
Trd, 4318969.293, 107
Trd, 4318970.143, 106
Trd, 4318971.193, 89
Trd, 4318971.643, 92
Trd, 4318972.793, 92
Trd, 4318974.443, 94
Trd, 4318974.843, 91
Trd, 4318975.593, 104
Trd, 4318976.193, 99
Trd, 4318977.593, 113
Trd, 4318979.343, 94
Trd, 4318980.293, 101
Trd, 4318981.193, 92
Trd, 4318983.893, 96
Trd, 4318986.943, 94
Trd, 4318987.343, 96
Trd, 4318990.893, 95
Trd, 4318992.393, 94
Trd, 4318993.443, 94
Trd, 4318995.143, 96
Trd, 4318996.243, 96
Trd, 4318996.593, 92
Trd, 4318998.293, 104
Trd, 4318998.593, 90
Trd, 4319001.593, 98
Trd, 4319001.993, 95
Trd, 4319003.143, 97
Trd, 4319004.843, 96
Trd, 4319007.293, 95
Trd, 4319007.543, 96
Trd, 4319007.743, 95
Trd, 4319009.343, 97
Trd, 4319011.343, 105
Trd, 4319011.593, 101
Trd, 4319012.143, 96
Trd, 4319014.743, 99
Trd, 4319014.993, 94
Trd, 4319019.743, 97
Trd, 4319021.293, 97
Trd, 4319023.293, 97
Trd, 4319023.893, 95
Trd, 4319024.493, 98
Trd, 4319025.143, 99
Trd, 4319026.493, 104
Trd, 4319031.493, 99
Trd, 4319032.343, 101
Trd, 4319032.793, 98
Trd, 4319035.093, 97
Trd, 4319035.243, 91
Trd, 4319037.593, 94
Trd, 4319037.643, 95
Trd, 4319039.293, 96
Trd, 4319040.893, 93
Trd, 4319041.493, 92
Trd, 4319044.393, 95
Trd, 4319044.893, 91
Trd, 4319045.043, 90
Trd, 4319045.343, 97
Trd, 4319045.793, 86
Trd, 4319045.943, 97
Trd, 4319046.943, 95
Trd, 4319048.643, 94
Trd, 4319050.543, 92
Trd, 4319050.693, 108
Trd, 4319051.893, 106
Trd, 4319054.593, 100
Trd, 4319055.343, 85
Trd, 4319055.843, 83
Trd, 4319056.993, 92
Trd, 4319057.293, 89
Trd, 4319057.743, 106
Trd, 4319058.493, 113
Trd, 4319058.843, 89
Trd, 4319061.043, 99
Trd, 4319061.243, 101
Trd, 4319063.643, 108
Trd, 4319064.143, 106
Trd, 4319064.693, 106
Trd, 4319067.343, 105
Trd, 4319068.193, 106
Trd, 4319069.793, 98
Trd, 4319070.943, 93
Trd, 4319071.893, 84
Trd, 4319074.193, 101
Trd, 4319075.043, 91
Trd, 4319077.243, 94
Trd, 4319077.893, 89
Trd, 4319078.443, 90
Trd, 4319080.893, 93
Trd, 4319081.293, 106
Trd, 4319082.743, 91
Trd, 4319082.993, 90
Trd, 4319084.143, 91
Trd, 4319084.593, 89
Trd, 4319085.043, 113
Trd, 4319085.943, 88
Trd, 4319088.493, 104
Trd, 4319089.843, 108
Trd, 4319090.693, 106
Trd, 4319090.743, 86
Trd, 4319091.893, 90
Trd, 4319092.393, 91
Trd, 4319095.893, 92
Trd, 4319096.393, 91
Trd, 4319096.943, 94
Trd, 4319098.993, 89
Trd, 4319099.393, 89
Trd, 4319100.343, 89
Trd, 4319103.443, 93
Trd, 4319103.993, 108
Trd, 4319106.643, 95
Trd, 4319108.343, 99
Trd, 4319108.543, 100
Trd, 4319110.493, 101
Trd, 4319110.743, 100
Trd, 4319112.093, 98
Trd, 4319115.843, 97
Trd, 4319115.893, 94
Trd, 4319118.293, 99
Trd, 4319119.093, 95
Trd, 4319120.643, 98
Trd, 4319122.193, 98
Trd, 4319123.693, 95
Trd, 4319126.893, 97
Trd, 4319127.293, 98
Trd, 4319127.643, 104
Trd, 4319128.543, 94
Trd, 4319130.793, 94
Trd, 4319132.293, 96
Trd, 4319133.393, 96
Trd, 4319135.143, 93
Trd, 4319136.693, 96
Trd, 4319137.993, 93
Trd, 4319138.343, 96
Trd, 4319141.643, 95
Trd, 4319142.493, 104
Trd, 4319142.593, 94
Trd, 4319144.143, 104
Trd, 4319147.243, 102
Trd, 4319148.843, 97
Trd, 4319150.093, 113
Trd, 4319150.593, 100
Trd, 4319153.043, 99
Trd, 4319153.643, 90
Trd, 4319155.393, 87
Trd, 4319157.393, 92
Trd, 4319158.193, 104
Trd, 4319158.943, 104
Trd, 4319159.393, 99
Trd, 4319159.693, 102
Trd, 4319162.243, 66
Trd, 4319163.793, 90
Trd, 4319164.293, 86
Trd, 4319165.243, 88
Trd, 4319166.293, 87
Trd, 4319166.743, 105
Trd, 4319170.043, 92
Trd, 4319170.943, 94
Trd, 4319171.143, 89
Trd, 4319172.743, 112
Trd, 4319173.143, 111
Trd, 4319174.893, 108
Trd, 4319174.943, 107
Trd, 4319177.743, 90
Trd, 4319177.843, 86
Trd, 4319178.143, 98
Trd, 4319180.993, 98
Trd, 4319182.943, 103
Trd, 4319184.543, 102
Trd, 4319184.993, 100
Trd, 4319186.243, 100
Trd, 4319187.593, 101
Trd, 4319188.893, 102
Trd, 4319189.943, 101
Trd, 4319191.493, 100
Trd, 4319192.743, 104
Trd, 4319192.993, 99
Trd, 4319193.693, 104
Trd, 4319195.093, 103
Trd, 4319195.143, 104
Trd, 4319197.393, 103
Trd, 4319198.843, 100
Trd, 4319199.193, 101
Trd, 4319200.693, 102
Trd, 4319200.893, 94
Trd, 4319203.493, 101
Trd, 4319206.543, 95
Trd, 4319206.643, 100
Trd, 4319206.893, 104
Trd, 4319208.593, 95
Trd, 4319208.743, 105
Trd, 4319212.393, 94
Trd, 4319213.793, 103
Trd, 4319213.993, 98
Trd, 4319217.393, 104
Trd, 4319218.143, 102
Trd, 4319219.143, 99
Trd, 4319220.643, 97
Trd, 4319221.193, 104
Trd, 4319221.593, 105
Trd, 4319223.493, 105
Trd, 4319224.343, 96
Trd, 4319225.143, 98
Trd, 4319227.293, 98
Trd, 4319227.443, 96
Trd, 4319229.593, 105
Trd, 4319231.443, 100
Trd, 4319232.543, 96
Trd, 4319236.843, 99
Trd, 4319236.943, 96
Trd, 4319237.393, 96
Trd, 4319239.293, 95
Trd, 4319243.043, 96
Trd, 4319243.743, 96
Trd, 4319245.343, 94
Trd, 4319246.543, 96
Trd, 4319247.293, 94
Trd, 4319249.993, 95
Trd, 4319251.293, 95
Trd, 4319252.293, 95
Trd, 4319254.093, 96
Trd, 4319255.043, 96
Trd, 4319256.443, 97
Trd, 4319256.593, 94
Trd, 4319258.293, 93
Trd, 4319259.793, 97
Trd, 4319262.393, 93
Trd, 4319262.593, 92
Trd, 4319263.493, 98
Trd, 4319265.143, 98
Trd, 4319266.543, 105
Trd, 4319267.393, 101
Trd, 4319269.693, 94
Trd, 4319270.193, 105
Trd, 4319271.693, 99
Trd, 4319272.693, 93
Trd, 4319275.193, 92
Trd, 4319276.443, 91
Trd, 4319276.643, 92
Trd, 4319277.943, 104
Trd, 4319278.943, 94
Trd, 4319280.493, 98
Trd, 4319281.393, 93
Trd, 4319282.543, 99
Trd, 4319283.543, 99
Trd, 4319283.743, 91
Trd, 4319286.843, 95
Trd, 4319289.593, 99
Trd, 4319290.293, 94
Trd, 4319290.343, 104
Trd, 4319290.593, 101
Trd, 4319292.593, 93
Trd, 4319294.143, 101
Trd, 4319298.893, 92
Trd, 4319299.343, 92
Trd, 4319300.193, 93
Trd, 4319300.543, 92
Trd, 4319302.493, 104
Trd, 4319304.293, 99
Trd, 4319305.693, 98
Trd, 4319306.143, 104
Trd, 4319308.343, 98
Trd, 4319308.793, 102
Trd, 4319309.743, 93
Trd, 4319309.843, 89
Trd, 4319312.243, 97
Trd, 4319312.393, 94
Trd, 4319312.593, 97
Trd, 4319315.093, 94
Trd, 4319316.193, 96
Trd, 4319317.393, 96
Trd, 4319318.293, 100
Trd, 4319321.893, 98
Trd, 4319322.993, 98
Trd, 4319324.143, 96
Trd, 4319325.093, 98
Trd, 4319325.343, 99
Trd, 4319326.243, 95
Trd, 4319326.543, 94
Trd, 4319327.843, 104
Trd, 4319330.043, 97
Trd, 4319331.593, 104
Trd, 4319332.193, 97
Trd, 4319333.793, 98
Trd, 4319335.743, 78
Trd, 4319336.143, 90
Trd, 4319336.193, 93
Trd, 4319337.193, 104
Trd, 4319338.393, 88
Trd, 4319338.843, 94
Trd, 4319342.243, 94
Trd, 4319343.493, 92
Trd, 4319343.693, 80
Trd, 4319346.443, 92
Trd, 4319348.993, 88
Trd, 4319349.393, 91
Trd, 4319351.943, 88
Trd, 4319353.843, 89
Trd, 4319354.243, 90
Trd, 4319355.143, 86
Trd, 4319355.793, 103
Trd, 4319357.493, 96
Trd, 4319359.243, 96
Trd, 4319361.643, 95
Trd, 4319362.293, 91
Trd, 4319362.893, 104
Trd, 4319364.143, 101
Trd, 4319365.393, 98
Trd, 4319366.393, 92
Trd, 4319367.093, 101
Trd, 4319368.743, 101
Trd, 4319369.093, 90
Trd, 4319369.943, 101
Trd, 4319371.143, 104
Trd, 4319372.343, 106
Trd, 4319376.743, 102
Trd, 4319377.493, 97
Trd, 4319377.993, 85
Trd, 4319380.393, 105
Trd, 4319381.493, 95
Trd, 4319383.393, 100
Trd, 4319385.293, 101
Trd, 4319385.743, 102
Trd, 4319386.143, 104
Trd, 4319387.043, 99
Trd, 4319388.843, 97
Trd, 4319389.343, 95
Trd, 4319391.443, 95
Trd, 4319391.893, 97
Trd, 4319394.243, 97
Trd, 4319394.893, 94
Trd, 4319396.043, 97
Trd, 4319397.543, 94
Trd, 4319398.343, 97
Trd, 4319398.793, 98
Trd, 4319398.993, 93
Trd, 4319399.243, 113
Trd, 4319401.343, 92
Trd, 4319402.593, 101
Trd, 4319403.143, 97
Trd, 4319406.193, 96
Trd, 4319406.893, 97
Trd, 4319407.243, 104
Trd, 4319409.243, 95
Trd, 4319410.643, 98
Trd, 4319411.193, 98
Trd, 4319411.693, 94
Trd, 4319411.793, 104
Trd, 4319413.543, 97
Trd, 4319413.943, 95
Trd, 4319414.443, 84
Trd, 4319417.493, 98
Trd, 4319419.093, 97
Trd, 4319419.893, 96
Trd, 4319419.993, 95
Trd, 4319421.293, 97
Trd, 4319422.743, 92
Trd, 4319423.443, 104
Trd, 4319424.643, 93
Trd, 4319428.593, 100
Trd, 4319428.693, 92
Trd, 4319429.543, 101
Trd, 4319429.693, 93
Trd, 4319429.943, 101
Trd, 4319432.493, 93
Trd, 4319433.143, 92
Trd, 4319433.593, 85
Trd, 4319434.143, 88
Trd, 4319434.893, 88
Trd, 4319436.493, 93
Trd, 4319439.193, 95
Trd, 4319440.343, 99
Trd, 4319441.143, 111
Trd, 4319442.693, 108
Trd, 4319443.393, 118
Trd, 4319444.493, 97
Trd, 4319446.243, 93
Trd, 4319446.993, 95
Trd, 4319447.343, 101
Trd, 4319448.393, 92
Trd, 4319448.443, 102
Trd, 4319449.393, 111
Trd, 4319450.493, 110
Trd, 4319450.643, 91
Trd, 4319451.893, 114
Trd, 4319454.943, 103
Trd, 4319457.293, 102
Trd, 4319458.143, 101
Trd, 4319458.893, 92
Trd, 4319460.543, 96
Trd, 4319463.593, 97
Trd, 4319465.243, 98
Trd, 4319465.743, 95
Trd, 4319465.793, 83
Trd, 4319467.343, 104
Trd, 4319467.593, 100
Trd, 4319471.093, 91
Trd, 4319471.143, 104
Trd, 4319472.693, 90
Trd, 4319473.143, 90
Trd, 4319474.243, 95
Trd, 4319476.643, 104
Trd, 4319478.443, 90
Trd, 4319480.293, 91
Trd, 4319481.693, 92
Trd, 4319482.243, 93
Trd, 4319483.493, 92
Trd, 4319484.193, 105
Trd, 4319484.893, 113
Trd, 4319486.243, 107
Trd, 4319486.543, 103
Trd, 4319488.143, 92
Trd, 4319491.593, 104
Trd, 4319493.143, 102
Trd, 4319493.743, 107
Trd, 4319497.893, 107
Trd, 4319497.993, 106
Trd, 4319498.493, 92
Trd, 4319500.043, 107
Trd, 4319501.293, 101
Trd, 4319502.093, 105
Trd, 4319503.093, 100
Trd, 4319504.643, 105
Trd, 4319508.193, 105
Trd, 4319509.493, 101
Trd, 4319509.643, 101
Trd, 4319510.393, 106
Trd, 4319511.843, 106
Trd, 4319513.143, 100
Trd, 4319514.443, 103
Trd, 4319515.093, 118
Trd, 4319517.493, 102
Trd, 4319518.443, 105
Trd, 4319520.793, 107
Trd, 4319521.443, 107
Trd, 4319521.843, 103
Trd, 4319524.343, 94
Trd, 4319524.893, 99
Trd, 4319525.743, 108
Trd, 4319530.143, 103
Trd, 4319531.193, 101
Trd, 4319533.893, 101
Trd, 4319534.843, 103
Trd, 4319534.893, 103
Trd, 4319536.693, 105
Trd, 4319536.893, 100
Trd, 4319539.293, 100
Trd, 4319541.093, 84
Trd, 4319541.443, 89
Trd, 4319542.193, 89
Trd, 4319543.243, 106
Trd, 4319543.893, 113
Trd, 4319544.743, 91
Trd, 4319546.193, 91
Trd, 4319547.643, 105
Trd, 4319549.443, 95
Trd, 4319550.043, 96
Trd, 4319551.293, 84
Trd, 4319551.843, 90
Trd, 4319552.343, 90
Trd, 4319553.793, 90
Trd, 4319554.943, 91
Trd, 4319557.993, 94
Trd, 4319558.393, 93
Trd, 4319560.093, 93
Trd, 4319560.493, 104
Trd, 4319562.343, 100
Trd, 4319563.393, 112
Trd, 4319565.543, 104
Trd, 4319567.443, 94
Trd, 4319571.743, 100
Trd, 4319572.343, 102
Trd, 4319572.493, 100
Trd, 4319572.843, 93
Trd, 4319574.893, 97
Trd, 4319575.143, 102
Trd, 4319576.293, 103
Trd, 4319577.993, 97
Trd, 4319581.493, 96
Trd, 4319582.193, 95
Trd, 4319582.443, 94
Trd, 4319582.493, 98
Trd, 4319585.993, 95
Trd, 4319587.043, 97
Trd, 4319588.243, 101
Trd, 4319588.543, 99
Trd, 4319589.743, 105
Trd, 4319591.793, 104
Trd, 4319593.243, 94
Trd, 4319595.693, 100
Trd, 4319595.743, 97
Trd, 4319597.193, 95
Trd, 4319597.843, 105
Trd, 4319600.793, 95
Trd, 4319601.543, 94
Trd, 4319601.943, 96
Trd, 4319602.643, 97
Trd, 4319602.843, 109
Trd, 4319604.543, 109
Trd, 4319605.443, 100
Trd, 4319606.343, 104
Trd, 4319607.893, 103
Trd, 4319609.043, 96
Trd, 4319611.443, 104
Trd, 4319612.743, 104
Trd, 4319613.843, 100
Trd, 4319616.643, 98
Trd, 4319617.243, 104
Trd, 4319618.293, 103
Trd, 4319619.443, 104
Trd, 4319619.643, 102
Trd, 4319620.593, 95
Trd, 4319621.543, 94
Trd, 4319623.093, 96
Trd, 4319625.543, 89
Trd, 4319625.643, 90
Trd, 4319626.193, 92
Trd, 4319630.293, 96
Trd, 4319630.443, 95
Trd, 4319632.293, 104
Trd, 4319633.343, 103
Trd, 4319633.393, 113
Trd, 4319636.193, 93
Trd, 4319640.093, 98
Trd, 4319640.443, 103
Trd, 4319641.043, 66
Trd, 4319642.043, 89
Trd, 4319642.643, 84
Trd, 4319642.793, 104
Trd, 4319643.693, 88
Trd, 4319645.643, 86
Trd, 4319645.993, 90
Trd, 4319646.593, 106
Trd, 4319646.793, 98
Trd, 4319647.743, 113
Trd, 4319647.893, 66
Trd, 4319649.293, 104
Trd, 4319649.543, 91
Trd, 4319652.043, 107
Trd, 4319652.143, 91
Trd, 4319655.143, 95
Trd, 4319655.243, 107
Trd, 4319657.743, 102
Trd, 4319658.893, 100
Trd, 4319663.143, 98
Trd, 4319664.743, 104
Trd, 4319665.093, 97
Trd, 4319665.893, 95
Trd, 4319667.043, 95
Trd, 4319667.143, 101
Trd, 4319668.843, 101
Trd, 4319670.343, 102
Trd, 4319671.393, 104
Trd, 4319671.893, 111
Trd, 4319672.543, 105
Trd, 4319673.543, 102
Trd, 4319673.593, 94
Trd, 4319674.893, 99
Trd, 4319675.743, 108
Trd, 4319677.843, 108
Trd, 4319679.143, 97
Trd, 4319680.093, 92
Trd, 4319683.143, 107
Trd, 4319685.543, 96
Trd, 4319685.893, 96
Trd, 4319687.443, 106
Trd, 4319689.593, 94
Trd, 4319694.193, 103
Trd, 4319695.393, 105
Trd, 4319696.543, 104
Trd, 4319697.543, 102
Trd, 4319699.543, 102
Trd, 4319701.493, 103
Trd, 4319702.693, 102
Trd, 4319704.643, 106
Trd, 4319705.343, 105
Trd, 4319705.593, 94
Trd, 4319705.993, 80
Trd, 4319707.643, 87
Trd, 4319708.293, 88
Trd, 4319708.743, 90
Trd, 4319711.243, 93
Trd, 4319711.593, 92
Trd, 4319712.243, 99
Trd, 4319712.693, 77
Trd, 4319715.593, 95
Trd, 4319716.093, 108
Trd, 4319716.243, 95
Trd, 4319717.993, 99
Trd, 4319718.243, 102
Trd, 4319719.943, 104
Trd, 4319720.143, 113
Trd, 4319724.193, 108
Trd, 4319724.693, 101
Trd, 4319726.593, 99
Trd, 4319726.893, 105
Trd, 4319727.593, 98
Trd, 4319729.143, 103
Trd, 4319731.943, 100
Trd, 4319732.093, 101
Trd, 4319732.243, 97
Trd, 4319734.143, 102
Trd, 4319736.043, 104
Trd, 4319737.793, 100
Trd, 4319741.843, 103
Trd, 4319742.443, 104
Trd, 4319743.193, 98
Trd, 4319746.143, 102
Trd, 4319746.943, 98
Trd, 4319748.293, 101
Trd, 4319749.493, 95
Trd, 4319749.893, 100
Trd, 4319750.943, 104
Trd, 4319754.793, 98
Trd, 4319756.693, 101
Trd, 4319757.093, 102
Trd, 4319760.393, 102
Trd, 4319760.543, 102
Trd, 4319760.593, 70
Trd, 4319765.043, 99
Trd, 4319766.093, 104
Trd, 4319766.793, 93
Trd, 4319767.343, 96
Trd, 4319768.693, 96
Trd, 4319769.093, 96
Trd, 4319770.993, 93
Trd, 4319772.843, 96
Trd, 4319773.493, 95
Trd, 4319775.793, 97
Trd, 4319777.193, 96
Trd, 4319777.943, 93
Trd, 4319778.593, 97
Trd, 4319778.843, 97
Trd, 4319781.093, 93
Trd, 4319782.893, 100
Trd, 4319786.943, 93
Trd, 4319787.193, 99
Trd, 4319788.293, 97
Trd, 4319791.143, 93
Trd, 4319792.093, 95
Trd, 4319792.243, 98
Trd, 4319793.493, 113
Trd, 4319794.193, 95
Trd, 4319797.543, 102
Trd, 4319798.443, 98
Trd, 4319800.593, 97
Trd, 4319800.793, 100
Trd, 4319802.843, 102
Trd, 4319803.793, 101
Trd, 4319804.443, 97
Trd, 4319805.093, 98
Trd, 4319807.143, 102
Trd, 4319808.843, 94
Trd, 4319810.093, 104
Trd, 4319812.893, 99
Trd, 4319813.743, 98
Trd, 4319813.993, 93
Trd, 4319817.643, 97
Trd, 4319819.193, 94
Trd, 4319820.643, 97
Trd, 4319820.993, 99
Trd, 4319821.943, 99
Trd, 4319825.043, 99
Trd, 4319825.393, 98
Trd, 4319825.593, 98
Trd, 4319826.893, 93
Trd, 4319828.193, 89
Trd, 4319828.493, 91
Trd, 4319828.743, 104
Trd, 4319829.343, 113
Trd, 4319832.143, 91
Trd, 4319833.093, 104
Trd, 4319833.443, 108
Trd, 4319833.493, 90
Trd, 4319835.893, 94
Trd, 4319836.343, 98
Trd, 4319838.393, 97
Trd, 4319839.693, 93
Trd, 4319840.893, 106
Trd, 4319842.493, 100
Trd, 4319845.293, 101
Trd, 4319845.943, 94
Trd, 4319846.243, 93
Trd, 4319847.293, 101
Trd, 4319849.993, 99
Trd, 4319850.143, 106
Trd, 4319851.943, 96
Trd, 4319853.343, 94
Trd, 4319857.043, 94
Trd, 4319857.193, 97
Trd, 4319857.293, 97
Trd, 4319858.893, 104
Trd, 4319860.693, 97
Trd, 4319862.143, 99
Trd, 4319862.293, 104
Trd, 4319862.593, 102
Trd, 4319863.893, 94
Trd, 4319864.143, 98
Trd, 4319865.343, 102
Trd, 4319866.193, 89
Trd, 4319867.193, 88
Trd, 4319867.443, 104
Trd, 4319868.243, 107
Trd, 4319868.893, 101
Trd, 4319871.743, 102
Trd, 4319874.393, 100
Trd, 4319875.743, 102
Trd, 4319877.193, 103
Trd, 4319877.293, 104
Trd, 4319877.843, 98
Trd, 4319880.093, 101
Trd, 4319881.193, 101
Trd, 4319881.943, 103
Trd, 4319883.293, 108
Trd, 4319883.593, 100
Trd, 4319886.493, 100
Trd, 4319887.643, 105
Trd, 4319889.893, 99
Trd, 4319890.393, 93
Trd, 4319890.743, 105
Trd, 4319891.143, 96
Trd, 4319891.693, 105
Trd, 4319893.193, 91
Trd, 4319893.793, 93
Trd, 4319894.693, 93
Trd, 4319895.793, 106
Trd, 4319897.043, 99
Trd, 4319897.243, 103
Trd, 4319898.143, 92
Trd, 4319898.743, 88
Trd, 4319900.293, 88
Trd, 4319900.693, 90
Trd, 4319902.093, 89
Trd, 4319902.393, 91
Trd, 4319904.443, 101
Trd, 4319906.193, 97
Trd, 4319907.143, 106
Trd, 4319907.443, 104
Trd, 4319910.943, 101
Trd, 4319911.943, 94
Trd, 4319912.193, 97
Trd, 4319912.643, 97
Trd, 4319913.193, 98
Trd, 4319915.143, 105
Trd, 4319917.093, 100
Trd, 4319918.493, 99
Trd, 4319919.093, 99
Trd, 4319919.993, 99
Trd, 4319920.393, 104
Trd, 4319920.843, 94
Trd, 4319923.443, 95
Trd, 4319923.943, 101
Trd, 4319924.693, 101
Trd, 4319925.643, 104
Trd, 4319926.493, 96
Trd, 4319927.543, 111
Trd, 4319929.093, 104
Trd, 4319930.293, 92
Trd, 4319930.693, 108
Trd, 4319933.243, 111
Trd, 4319934.493, 108
Trd, 4319936.293, 108
Trd, 4319936.543, 102
Trd, 4319939.243, 107
Trd, 4319940.143, 103
Trd, 4319940.493, 107
Trd, 4319940.793, 90
Trd, 4319941.643, 99
Trd, 4319943.643, 96
Trd, 4319943.693, 98
Trd, 4319945.043, 98
Trd, 4319946.643, 82
Trd, 4319949.543, 92
Trd, 4319950.293, 93
Trd, 4319951.193, 91
Trd, 4319951.393, 94
Trd, 4319951.593, 100
Trd, 4319955.143, 95
Trd, 4319957.243, 95
Trd, 4319959.493, 96
Trd, 4319959.543, 99
Trd, 4319959.593, 104
Trd, 4319962.593, 102
Trd, 4319964.443, 103
Trd, 4319964.493, 98
Trd, 4319964.743, 100
Trd, 4319965.793, 104
Trd, 4319967.493, 102
Trd, 4319968.093, 101
Trd, 4319968.893, 109
Trd, 4319969.193, 110
Trd, 4319970.693, 105
Trd, 4319973.243, 106
Trd, 4319974.143, 94
Trd, 4319975.293, 106
Trd, 4319975.843, 90
Trd, 4319976.543, 85
Trd, 4319977.343, 106
Trd, 4319977.793, 84
Trd, 4319978.343, 86
Trd, 4319981.493, 93
Trd, 4319981.643, 88
Trd, 4319983.093, 89
Trd, 4319983.193, 89
Trd, 4319986.793, 106
Trd, 4319988.893, 94
Trd, 4319989.293, 98
Trd, 4319990.643, 99
Trd, 4319993.793, 98
Trd, 4319994.443, 99
Trd, 4319995.793, 95
Trd, 4319996.343, 97
Trd, 4319996.393, 80
Trd, 4319998.643, 98
