Trd, 4317886.593, 93
Trd, 4317889.243, 96
Trd, 4317889.493, 96
Trd, 4317889.943, 95
Trd, 4317892.193, 96
Trd, 4317894.743, 95
Trd, 4317894.843, 96
Trd, 4317894.943, 93
Trd, 4317898.093, 96
Trd, 4317898.193, 95
Trd, 4317901.343, 95
Trd, 4317901.743, 95
Trd, 4317902.493, 95
Trd, 4317904.043, 92
Trd, 4317904.593, 95
Trd, 4317905.493, 94
Trd, 4317906.293, 92
Trd, 4317906.343, 77
Trd, 4317906.843, 108
Trd, 4317908.593, 95
Trd, 4317911.493, 98
Trd, 4317913.543, 93
Trd, 4317913.993, 94
Trd, 4317916.943, 94
Trd, 4317917.593, 94
Trd, 4317919.093, 98
Trd, 4317920.543, 98
Trd, 4317923.343, 97
Trd, 4317923.393, 97
Trd, 4317925.243, 95
Trd, 4317925.743, 95
Trd, 4317926.693, 97
Trd, 4317927.093, 97
Trd, 4317927.643, 95
Trd, 4317928.543, 96
Trd, 4317932.193, 96
Trd, 4317934.043, 96
Trd, 4317934.643, 97
Trd, 4317935.843, 97
Trd, 4317937.293, 97
Trd, 4317937.693, 98
Trd, 4317937.943, 98
Trd, 4317939.543, 97
Trd, 4317941.293, 95
Trd, 4317941.893, 99
Trd, 4317944.793, 95
Trd, 4317946.293, 99
Trd, 4317947.343, 95
Trd, 4317949.493, 99
Trd, 4317949.943, 104
Trd, 4317950.443, 95
Trd, 4317953.843, 95
Trd, 4317954.643, 99
Trd, 4317954.693, 99
Trd, 4317954.893, 94
Trd, 4317958.743, 99
Trd, 4317959.143, 99
Trd, 4317959.393, 97
Trd, 4317961.843, 96
Trd, 4317964.293, 97
Trd, 4317965.243, 106
Trd, 4317966.143, 95
Trd, 4317966.293, 95
Trd, 4317968.493, 98
Trd, 4317968.893, 98
Trd, 4317970.143, 95
Trd, 4317971.293, 95
Trd, 4317972.043, 98
Trd, 4317973.993, 94
Trd, 4317974.143, 98
Trd, 4317977.243, 95
Trd, 4317977.393, 93
Trd, 4317979.943, 98
Trd, 4317981.193, 98
Trd, 4317981.743, 95
Trd, 4317983.193, 95
Trd, 4317983.843, 98
Trd, 4317985.743, 98
Trd, 4317986.893, 95
Trd, 4317987.393, 94
Trd, 4317989.693, 95
Trd, 4317990.993, 98
Trd, 4317992.343, 98
Trd, 4317992.793, 94
Trd, 4317994.093, 98
Trd, 4317994.293, 98
Trd, 4317996.593, 94
Trd, 4317998.743, 95
Trd, 4317999.693, 96
Trd, 4318001.043, 99
Trd, 4318001.943, 99
Trd, 4318003.543, 99
Trd, 4318005.093, 99
Trd, 4318005.893, 95
Trd, 4318006.943, 95
Trd, 4318008.593, 95
Trd, 4318010.993, 97
Trd, 4318012.493, 96
Trd, 4318013.493, 95
Trd, 4318014.193, 93
Trd, 4318014.343, 96
Trd, 4318016.943, 96
Trd, 4318016.993, 95
Trd, 4318017.893, 97
Trd, 4318019.793, 95
Trd, 4318022.943, 95
Trd, 4318025.893, 96
Trd, 4318026.193, 95
Trd, 4318026.393, 95
Trd, 4318026.693, 93
Trd, 4318027.443, 95
Trd, 4318029.943, 93
Trd, 4318030.293, 95
Trd, 4318030.593, 95
Trd, 4318031.393, 95
Trd, 4318032.143, 70
Trd, 4318033.593, 84
Trd, 4318034.143, 95
Trd, 4318034.843, 86
Trd, 4318035.743, 79
Trd, 4318037.543, 104
Trd, 4318040.643, 87
Trd, 4318041.343, 89
Trd, 4318043.343, 84
Trd, 4318043.443, 86
Trd, 4318044.843, 83
Trd, 4318046.393, 97
Trd, 4318047.493, 89
Trd, 4318049.543, 87
Trd, 4318050.343, 87
Trd, 4318051.993, 88
Trd, 4318052.593, 82
Trd, 4318054.193, 89
Trd, 4318054.393, 89
Trd, 4318055.693, 81
Trd, 4318056.193, 85
Trd, 4318060.743, 84
Trd, 4318061.243, 80
Trd, 4318061.843, 85
Trd, 4318062.693, 89
Trd, 4318063.393, 88
Trd, 4318065.793, 86
Trd, 4318066.243, 95
Trd, 4318068.793, 83
Trd, 4318069.893, 86
Trd, 4318072.243, 95
Trd, 4318072.643, 106
Trd, 4318073.343, 94
Trd, 4318073.893, 96
Trd, 4318074.143, 113
Trd, 4318078.193, 96
Trd, 4318078.593, 101
Trd, 4318079.343, 95
Trd, 4318082.093, 95
Trd, 4318083.243, 95
Trd, 4318084.093, 99
Trd, 4318086.293, 95
Trd, 4318086.393, 99
Trd, 4318086.593, 99
Trd, 4318089.093, 99
Trd, 4318089.843, 95
Trd, 4318090.943, 93
Trd, 4318091.793, 107
Trd, 4318095.143, 99
Trd, 4318095.293, 93
Trd, 4318096.043, 98
Trd, 4318097.893, 95
Trd, 4318099.843, 96
Trd, 4318101.293, 93
Trd, 4318101.893, 93
Trd, 4318102.343, 95
Trd, 4318103.243, 95
Trd, 4318104.993, 94
Trd, 4318106.243, 112
Trd, 4318107.293, 93
Trd, 4318111.943, 98
Trd, 4318112.293, 96
Trd, 4318112.893, 96
Trd, 4318114.243, 97
Trd, 4318117.943, 95
Trd, 4318118.443, 96
Trd, 4318119.193, 96
Trd, 4318119.643, 95
Trd, 4318121.793, 95
Trd, 4318122.443, 95
Trd, 4318123.943, 96
Trd, 4318124.593, 96
Trd, 4318125.193, 107
Trd, 4318126.243, 95
Trd, 4318127.143, 95
Trd, 4318127.343, 94
Trd, 4318128.343, 95
Trd, 4318130.093, 95
Trd, 4318132.343, 83
Trd, 4318132.743, 82
Trd, 4318133.293, 82
Trd, 4318133.693, 75
Trd, 4318135.593, 92
Trd, 4318136.593, 84
Trd, 4318136.643, 95
Trd, 4318136.793, 92
Trd, 4318138.893, 83
Trd, 4318144.343, 82
Trd, 4318144.493, 86
Trd, 4318144.593, 86
Trd, 4318144.643, 90
Trd, 4318146.243, 81
Trd, 4318147.643, 87
Trd, 4318148.643, 88
Trd, 4318149.543, 95
Trd, 4318150.643, 92
Trd, 4318152.093, 95
Trd, 4318152.843, 96
Trd, 4318153.743, 95
Trd, 4318154.293, 94
Trd, 4318154.843, 106
Trd, 4318156.743, 99
Trd, 4318157.493, 96
Trd, 4318157.543, 104
Trd, 4318157.893, 104
Trd, 4318160.693, 94
Trd, 4318161.743, 95
Trd, 4318162.843, 96
Trd, 4318163.893, 96
Trd, 4318166.143, 96
Trd, 4318166.493, 97
Trd, 4318168.043, 95
Trd, 4318168.843, 94
Trd, 4318170.843, 97
Trd, 4318172.643, 93
Trd, 4318173.493, 98
Trd, 4318174.943, 92
Trd, 4318175.093, 92
Trd, 4318175.843, 98
Trd, 4318177.593, 95
Trd, 4318179.993, 99
Trd, 4318180.893, 100
Trd, 4318181.843, 94
Trd, 4318185.443, 95
Trd, 4318185.743, 83
Trd, 4318185.843, 98
Trd, 4318188.093, 96
Trd, 4318188.193, 113
Trd, 4318191.093, 95
Trd, 4318194.143, 101
Trd, 4318194.293, 101
Trd, 4318195.993, 95
Trd, 4318197.893, 94
Trd, 4318198.693, 95
Trd, 4318199.193, 98
Trd, 4318200.243, 98
Trd, 4318201.093, 94
Trd, 4318204.343, 98
Trd, 4318205.243, 99
Trd, 4318206.843, 100
Trd, 4318207.093, 95
Trd, 4318207.693, 95
Trd, 4318208.593, 108
Trd, 4318212.243, 98
Trd, 4318214.043, 98
Trd, 4318214.193, 94
Trd, 4318216.143, 95
Trd, 4318217.343, 98
Trd, 4318218.493, 98
Trd, 4318220.093, 95
Trd, 4318220.643, 94
Trd, 4318221.143, 99
Trd, 4318223.893, 100
Trd, 4318224.743, 97
Trd, 4318226.643, 95
Trd, 4318227.443, 82
Trd, 4318230.843, 99
Trd, 4318231.743, 95
Trd, 4318231.893, 98
Trd, 4318234.093, 98
Trd, 4318234.693, 98
Trd, 4318236.493, 95
Trd, 4318236.943, 94
Trd, 4318237.743, 93
Trd, 4318237.993, 99
Trd, 4318239.443, 100
Trd, 4318243.593, 100
Trd, 4318243.893, 94
Trd, 4318244.293, 95
Trd, 4318246.393, 100
Trd, 4318246.693, 99
Trd, 4318246.743, 95
Trd, 4318251.343, 95
Trd, 4318251.443, 100
Trd, 4318251.943, 100
Trd, 4318252.943, 94
Trd, 4318253.343, 100
Trd, 4318254.493, 95
Trd, 4318257.693, 97
Trd, 4318260.893, 97
Trd, 4318261.093, 94
Trd, 4318261.743, 94
Trd, 4318262.143, 97
Trd, 4318263.393, 96
Trd, 4318264.343, 93
Trd, 4318266.593, 91
Trd, 4318266.743, 95
Trd, 4318268.593, 95
Trd, 4318269.593, 95
Trd, 4318270.793, 94
Trd, 4318272.343, 96
Trd, 4318275.143, 94
Trd, 4318275.993, 97
Trd, 4318276.743, 94
Trd, 4318280.893, 93
Trd, 4318281.293, 96
Trd, 4318282.043, 96
Trd, 4318282.293, 93
Trd, 4318283.193, 96
Trd, 4318284.443, 94
Trd, 4318285.193, 96
Trd, 4318285.743, 95
Trd, 4318287.343, 97
Trd, 4318289.343, 84
Trd, 4318290.643, 93
Trd, 4318290.993, 93
Trd, 4318292.643, 95
Trd, 4318293.593, 105
Trd, 4318295.743, 95
Trd, 4318296.093, 98
Trd, 4318297.393, 94
Trd, 4318298.343, 93
Trd, 4318298.943, 95
Trd, 4318300.343, 96
Trd, 4318302.843, 96
Trd, 4318303.893, 93
Trd, 4318305.093, 96
Trd, 4318305.593, 95
Trd, 4318305.843, 109
Trd, 4318307.343, 102
Trd, 4318308.593, 102
Trd, 4318308.693, 103
Trd, 4318310.893, 102
Trd, 4318311.443, 104
Trd, 4318311.743, 101
Trd, 4318313.443, 100
Trd, 4318316.293, 100
Trd, 4318316.743, 101
Trd, 4318317.193, 101
Trd, 4318320.893, 98
Trd, 4318320.993, 100
Trd, 4318321.093, 101
Trd, 4318322.193, 98
Trd, 4318323.843, 97
Trd, 4318326.543, 101
Trd, 4318327.893, 97
Trd, 4318329.493, 97
Trd, 4318330.493, 101
Trd, 4318332.493, 99
Trd, 4318332.643, 96
Trd, 4318333.493, 96
Trd, 4318334.693, 97
Trd, 4318336.043, 95
Trd, 4318337.493, 97
Trd, 4318339.793, 95
Trd, 4318340.143, 95
Trd, 4318343.243, 96
Trd, 4318343.743, 96
Trd, 4318344.743, 105
Trd, 4318345.993, 95
Trd, 4318346.793, 94
Trd, 4318347.393, 98
Trd, 4318348.693, 95
Trd, 4318349.543, 98
Trd, 4318353.293, 98
Trd, 4318353.993, 95
Trd, 4318355.143, 95
Trd, 4318355.393, 98
Trd, 4318356.793, 95
Trd, 4318357.593, 98
Trd, 4318359.143, 94
Trd, 4318359.393, 98
Trd, 4318360.993, 98
Trd, 4318361.343, 99
Trd, 4318361.643, 95
Trd, 4318362.243, 106
Trd, 4318365.543, 105
Trd, 4318366.593, 100
Trd, 4318366.693, 99
Trd, 4318369.843, 102
Trd, 4318372.743, 97
Trd, 4318373.243, 97
Trd, 4318374.293, 100
Trd, 4318374.343, 101
Trd, 4318374.543, 97
Trd, 4318376.343, 100
Trd, 4318377.643, 96
Trd, 4318380.893, 99
Trd, 4318382.793, 96
Trd, 4318383.293, 96
Trd, 4318383.543, 98
Trd, 4318384.843, 98
Trd, 4318386.243, 98
Trd, 4318388.893, 96
Trd, 4318390.143, 95
Trd, 4318391.643, 95
Trd, 4318393.443, 96
Trd, 4318393.643, 95
Trd, 4318394.893, 95
Trd, 4318395.543, 96
Trd, 4318396.393, 112
Trd, 4318397.193, 100
Trd, 4318398.443, 101
Trd, 4318399.793, 90
Trd, 4318401.243, 91
Trd, 4318402.393, 96
Trd, 4318402.843, 97
Trd, 4318402.943, 97
Trd, 4318403.693, 105
Trd, 4318404.893, 95
Trd, 4318406.293, 98
Trd, 4318407.893, 96
Trd, 4318410.093, 98
Trd, 4318411.343, 95
Trd, 4318411.593, 95
Trd, 4318412.843, 98
Trd, 4318415.543, 98
Trd, 4318417.293, 99
Trd, 4318419.343, 95
Trd, 4318420.293, 95
Trd, 4318420.943, 99
Trd, 4318423.093, 94
Trd, 4318423.593, 93
Trd, 4318425.843, 97
Trd, 4318426.043, 94
Trd, 4318426.293, 95
Trd, 4318426.893, 96
Trd, 4318428.243, 97
Trd, 4318431.543, 94
Trd, 4318433.193, 97
Trd, 4318433.493, 97
Trd, 4318435.743, 93
Trd, 4318436.943, 95
Trd, 4318438.193, 96
Trd, 4318438.743, 94
Trd, 4318439.343, 95
Trd, 4318440.843, 95
Trd, 4318442.543, 96
Trd, 4318444.643, 96
Trd, 4318445.493, 93
Trd, 4318446.393, 92
Trd, 4318447.193, 95
Trd, 4318449.493, 96
Trd, 4318450.393, 95
Trd, 4318450.443, 96
Trd, 4318450.793, 94
Trd, 4318451.193, 105
Trd, 4318451.593, 94
Trd, 4318451.943, 113
Trd, 4318452.693, 113
Trd, 4318453.693, 109
Trd, 4318454.843, 108
Trd, 4318455.543, 102
Trd, 4318457.093, 95
Trd, 4318457.293, 86
Trd, 4318457.843, 95
Trd, 4318460.293, 101
Trd, 4318461.443, 98
Trd, 4318463.093, 101
Trd, 4318463.793, 94
Trd, 4318464.093, 104
Trd, 4318465.393, 97
Trd, 4318466.293, 101
Trd, 4318467.793, 101
Trd, 4318467.993, 98
Trd, 4318468.043, 127
Trd, 4318471.043, 95
Trd, 4318473.743, 102
Trd, 4318475.843, 97
Trd, 4318476.943, 97
Trd, 4318477.143, 95
Trd, 4318478.493, 87
Trd, 4318478.693, 88
Trd, 4318478.993, 97
Trd, 4318481.143, 94
Trd, 4318481.443, 91
Trd, 4318482.943, 92
Trd, 4318483.943, 95
Trd, 4318486.043, 91
Trd, 4318488.093, 95
Trd, 4318488.543, 94
Trd, 4318489.393, 92
Trd, 4318490.193, 92
Trd, 4318490.843, 90
Trd, 4318491.593, 95
Trd, 4318493.993, 91
Trd, 4318496.093, 91
Trd, 4318497.293, 93
Trd, 4318497.643, 95
Trd, 4318500.293, 90
Trd, 4318500.593, 95
Trd, 4318500.793, 89
Trd, 4318501.493, 95
Trd, 4318502.643, 89
Trd, 4318503.443, 94
Trd, 4318504.843, 108
Trd, 4318504.943, 95
Trd, 4318505.293, 98
Trd, 4318509.643, 98
Trd, 4318511.093, 98
Trd, 4318511.493, 97
Trd, 4318512.043, 95
Trd, 4318513.843, 98
Trd, 4318514.793, 105
Trd, 4318517.193, 95
Trd, 4318517.843, 94
Trd, 4318519.393, 99
Trd, 4318520.093, 99
Trd, 4318521.193, 95
Trd, 4318521.993, 94
Trd, 4318522.093, 99
Trd, 4318523.693, 83
Trd, 4318524.293, 105
Trd, 4318526.943, 92
Trd, 4318529.093, 98
Trd, 4318529.893, 93
Trd, 4318530.443, 98
Trd, 4318530.693, 93
Trd, 4318534.543, 95
Trd, 4318534.593, 97
Trd, 4318536.443, 93
Trd, 4318536.743, 97
Trd, 4318540.043, 97
Trd, 4318541.543, 97
Trd, 4318542.543, 94
Trd, 4318543.493, 94
Trd, 4318546.343, 96
Trd, 4318547.293, 94
Trd, 4318548.343, 96
Trd, 4318548.543, 95
Trd, 4318548.743, 97
Trd, 4318549.293, 106
Trd, 4318552.843, 98
Trd, 4318554.343, 100
Trd, 4318554.493, 99
Trd, 4318554.843, 95
Trd, 4318555.843, 113
Trd, 4318557.743, 101
Trd, 4318559.943, 102
Trd, 4318560.093, 103
Trd, 4318562.543, 101
Trd, 4318563.643, 104
Trd, 4318564.643, 100
Trd, 4318566.543, 99
Trd, 4318567.693, 103
Trd, 4318568.193, 98
Trd, 4318569.793, 99
Trd, 4318571.943, 100
Trd, 4318572.493, 100
Trd, 4318573.843, 99
Trd, 4318576.643, 99
Trd, 4318577.593, 99
Trd, 4318577.843, 98
Trd, 4318578.443, 98
Trd, 4318579.343, 99
Trd, 4318581.243, 97
Trd, 4318584.043, 98
Trd, 4318584.943, 96
Trd, 4318585.843, 98
Trd, 4318586.543, 107
Trd, 4318586.843, 96
Trd, 4318593.343, 98
Trd, 4318593.393, 96
Trd, 4318593.493, 98
Trd, 4318593.843, 96
Trd, 4318596.543, 99
Trd, 4318597.893, 97
Trd, 4318599.693, 96
Trd, 4318600.793, 95
Trd, 4318601.843, 94
Trd, 4318602.543, 96
Trd, 4318602.643, 104
Trd, 4318603.743, 99
Trd, 4318604.143, 99
Trd, 4318606.193, 96
Trd, 4318606.493, 96
Trd, 4318608.193, 100
Trd, 4318608.593, 113
Trd, 4318609.443, 101
Trd, 4318611.143, 100
Trd, 4318613.393, 97
Trd, 4318613.493, 96
Trd, 4318614.443, 99
Trd, 4318614.543, 95
Trd, 4318617.643, 82
Trd, 4318619.893, 93
Trd, 4318620.043, 98
Trd, 4318621.993, 95
Trd, 4318622.793, 98
Trd, 4318624.693, 97
Trd, 4318625.393, 97
Trd, 4318626.643, 93
Trd, 4318628.393, 95
Trd, 4318629.793, 96
Trd, 4318630.293, 97
Trd, 4318630.443, 94
Trd, 4318631.493, 97
Trd, 4318632.543, 96
Trd, 4318633.143, 95
Trd, 4318637.593, 95
Trd, 4318638.093, 96
Trd, 4318638.443, 95
Trd, 4318640.843, 95
Trd, 4318641.543, 96
Trd, 4318643.543, 97
Trd, 4318646.793, 96
Trd, 4318647.043, 95
Trd, 4318648.593, 94
Trd, 4318649.293, 95
Trd, 4318650.543, 93
Trd, 4318650.943, 95
Trd, 4318652.643, 95
Trd, 4318652.793, 96
Trd, 4318652.893, 94
Trd, 4318653.943, 92
Trd, 4318657.493, 96
Trd, 4318658.143, 95
Trd, 4318660.293, 93
Trd, 4318661.693, 93
Trd, 4318662.743, 95
Trd, 4318663.993, 92
Trd, 4318664.493, 95
Trd, 4318667.043, 96
Trd, 4318667.943, 96
Trd, 4318668.243, 109
Trd, 4318668.593, 94
Trd, 4318670.343, 113
Trd, 4318671.793, 96
Trd, 4318673.193, 106
Trd, 4318673.843, 108
Trd, 4318674.243, 95
Trd, 4318677.943, 100
Trd, 4318679.043, 95
Trd, 4318680.093, 95
Trd, 4318680.593, 100
Trd, 4318683.943, 96
Trd, 4318684.343, 94
Trd, 4318684.793, 97
Trd, 4318686.493, 94
Trd, 4318689.343, 96
Trd, 4318689.493, 96
Trd, 4318689.943, 94
Trd, 4318690.443, 93
Trd, 4318690.593, 92
Trd, 4318691.593, 96
Trd, 4318693.993, 96
Trd, 4318694.093, 95
Trd, 4318696.593, 97
Trd, 4318697.743, 94
Trd, 4318698.643, 98
Trd, 4318700.643, 95
Trd, 4318703.193, 95
Trd, 4318703.293, 98
Trd, 4318704.643, 96
Trd, 4318705.443, 99
Trd, 4318705.693, 95
Trd, 4318708.943, 94
Trd, 4318709.543, 98
Trd, 4318711.443, 95
Trd, 4318712.293, 98
Trd, 4318713.293, 95
Trd, 4318713.643, 98
Trd, 4318714.643, 99
Trd, 4318716.243, 95
Trd, 4318717.243, 96
Trd, 4318718.143, 99
Trd, 4318720.343, 99
Trd, 4318721.043, 96
Trd, 4318723.093, 104
Trd, 4318725.143, 98
Trd, 4318725.193, 100
Trd, 4318725.443, 96
Trd, 4318728.043, 96
Trd, 4318728.793, 100
Trd, 4318730.593, 100
Trd, 4318731.143, 95
Trd, 4318731.393, 99
Trd, 4318735.543, 94
Trd, 4318735.943, 100
Trd, 4318737.943, 95
Trd, 4318739.593, 100
Trd, 4318740.443, 94
Trd, 4318741.693, 101
Trd, 4318742.793, 101
Trd, 4318744.143, 95
Trd, 4318745.593, 95
Trd, 4318748.593, 100
Trd, 4318748.843, 100
Trd, 4318750.493, 95
Trd, 4318751.843, 99
Trd, 4318754.193, 98
Trd, 4318754.293, 98
Trd, 4318754.843, 95
Trd, 4318755.293, 100
Trd, 4318756.093, 100
Trd, 4318759.093, 96
Trd, 4318759.593, 96
Trd, 4318760.543, 98
Trd, 4318762.293, 98
Trd, 4318763.543, 107
Trd, 4318764.343, 99
Trd, 4318764.393, 95
Trd, 4318766.743, 96
Trd, 4318767.493, 96
Trd, 4318769.343, 99
Trd, 4318769.643, 95
Trd, 4318771.393, 99
Trd, 4318772.143, 95
Trd, 4318774.293, 95
Trd, 4318774.493, 98
Trd, 4318775.893, 96
Trd, 4318778.743, 95
Trd, 4318780.893, 94
Trd, 4318781.043, 96
Trd, 4318781.593, 96
Trd, 4318783.093, 95
Trd, 4318785.543, 95
Trd, 4318786.243, 93
Trd, 4318786.643, 94
Trd, 4318787.493, 95
Trd, 4318789.243, 92
Trd, 4318789.543, 96
Trd, 4318789.993, 106
Trd, 4318792.143, 98
Trd, 4318794.493, 97
Trd, 4318795.243, 99
Trd, 4318795.343, 100
Trd, 4318797.693, 96
Trd, 4318797.943, 101
Trd, 4318800.543, 99
Trd, 4318800.843, 95
Trd, 4318802.043, 95
Trd, 4318803.843, 99
Trd, 4318805.243, 98
Trd, 4318805.493, 98
Trd, 4318806.393, 97
Trd, 4318807.393, 113
Trd, 4318807.543, 123
Trd, 4318809.543, 95
Trd, 4318810.793, 94
Trd, 4318811.193, 99
Trd, 4318813.343, 95
Trd, 4318814.843, 95
Trd, 4318815.993, 94
Trd, 4318818.043, 95
Trd, 4318819.193, 96
Trd, 4318820.093, 95
Trd, 4318820.693, 97
Trd, 4318822.593, 96
Trd, 4318823.493, 106
Trd, 4318824.243, 116
Trd, 4318825.443, 95
Trd, 4318827.893, 95
Trd, 4318828.093, 105
Trd, 4318830.393, 97
Trd, 4318832.293, 106
Trd, 4318833.843, 104
Trd, 4318834.743, 98
Trd, 4318836.343, 101
Trd, 4318837.443, 97
Trd, 4318838.293, 100
Trd, 4318840.493, 96
Trd, 4318841.343, 100
Trd, 4318844.093, 96
Trd, 4318844.143, 100
Trd, 4318844.193, 96
Trd, 4318846.693, 96
Trd, 4318847.843, 100
Trd, 4318850.193, 101
Trd, 4318853.993, 95
Trd, 4318854.243, 100
Trd, 4318854.893, 95
Trd, 4318855.043, 101
Trd, 4318856.493, 94
Trd, 4318857.293, 94
Trd, 4318858.393, 98
Trd, 4318859.743, 94
Trd, 4318860.743, 93
Trd, 4318862.943, 97
Trd, 4318863.743, 95
Trd, 4318864.493, 96
Trd, 4318867.493, 95
Trd, 4318869.393, 96
Trd, 4318870.393, 96
Trd, 4318870.443, 95
Trd, 4318872.493, 94
Trd, 4318873.543, 96
Trd, 4318874.793, 96
Trd, 4318875.393, 96
Trd, 4318876.843, 95
Trd, 4318877.843, 97
Trd, 4318879.543, 97
Trd, 4318882.093, 97
Trd, 4318882.193, 96
Trd, 4318883.943, 96
Trd, 4318884.143, 95
Trd, 4318886.443, 97
Trd, 4318888.893, 97
Trd, 4318889.093, 95
Trd, 4318890.693, 96
Trd, 4318891.093, 95
Trd, 4318892.143, 95
Trd, 4318893.393, 96
Trd, 4318894.143, 94
Trd, 4318895.193, 93
Trd, 4318896.243, 95
Trd, 4318896.693, 95
Trd, 4318897.093, 93
Trd, 4318900.543, 94
Trd, 4318901.593, 93
Trd, 4318901.793, 92
Trd, 4318902.893, 95
Trd, 4318905.443, 99
Trd, 4318906.143, 97
Trd, 4318906.493, 97
Trd, 4318907.393, 91
Trd, 4318908.393, 97
Trd, 4318908.593, 79
Trd, 4318909.693, 105
Trd, 4318911.293, 93
Trd, 4318912.743, 98
Trd, 4318913.043, 95
Trd, 4318914.043, 95
Trd, 4318916.343, 96
Trd, 4318916.393, 95
Trd, 4318916.893, 97
Trd, 4318918.143, 94
Trd, 4318919.843, 97
Trd, 4318920.743, 94
Trd, 4318922.093, 98
Trd, 4318923.493, 98
Trd, 4318923.643, 95
Trd, 4318925.993, 93
Trd, 4318927.693, 95
Trd, 4318927.893, 98
Trd, 4318930.443, 98
Trd, 4318931.043, 98
Trd, 4318931.393, 98
Trd, 4318932.493, 95
Trd, 4318934.843, 95
Trd, 4318935.493, 94
Trd, 4318938.093, 94
Trd, 4318939.493, 98
Trd, 4318940.193, 97
Trd, 4318940.393, 93
Trd, 4318943.493, 97
Trd, 4318944.743, 93
Trd, 4318944.993, 97
Trd, 4318945.193, 93
Trd, 4318950.093, 98
Trd, 4318951.093, 95
Trd, 4318951.793, 97
Trd, 4318952.193, 97
Trd, 4318954.743, 96
Trd, 4318954.893, 97
Trd, 4318955.443, 96
Trd, 4318956.893, 97
Trd, 4318958.643, 95
Trd, 4318958.843, 97
Trd, 4318958.943, 95
Trd, 4318961.943, 97
Trd, 4318963.793, 95
Trd, 4318965.543, 95
Trd, 4318965.843, 97
Trd, 4318966.843, 97
Trd, 4318967.493, 95
Trd, 4318969.293, 97
Trd, 4318970.993, 95
Trd, 4318972.393, 97
Trd, 4318972.543, 95
Trd, 4318974.893, 97
Trd, 4318976.043, 94
Trd, 4318976.343, 97
Trd, 4318978.343, 94
Trd, 4318979.593, 113
Trd, 4318980.943, 94
Trd, 4318981.343, 100
Trd, 4318983.143, 95
Trd, 4318984.943, 94
Trd, 4318986.843, 99
Trd, 4318987.643, 95
Trd, 4318988.793, 95
Trd, 4318988.843, 97
Trd, 4318991.243, 96
Trd, 4318991.343, 95
Trd, 4318992.993, 98
Trd, 4318993.493, 95
Trd, 4318993.993, 106
Trd, 4318995.793, 95
Trd, 4318996.643, 101
Trd, 4318997.293, 100
Trd, 4318998.093, 95
Trd, 4318998.143, 95
Trd, 4319004.293, 98
Trd, 4319005.893, 95
Trd, 4319006.043, 98
Trd, 4319006.093, 96
Trd, 4319007.943, 95
Trd, 4319007.993, 97
Trd, 4319009.943, 97
Trd, 4319010.393, 95
Trd, 4319014.793, 98
Trd, 4319015.343, 94
Trd, 4319016.343, 95
Trd, 4319016.843, 94
Trd, 4319017.043, 98
Trd, 4319017.943, 99
Trd, 4319018.893, 94
Trd, 4319020.243, 98
Trd, 4319020.743, 105
Trd, 4319022.993, 97
Trd, 4319024.243, 113
Trd, 4319025.293, 96
Trd, 4319026.793, 104
Trd, 4319028.793, 83
Trd, 4319030.243, 95
Trd, 4319031.143, 100
Trd, 4319031.843, 98
Trd, 4319032.043, 95
Trd, 4319033.243, 97
Trd, 4319037.943, 97
Trd, 4319038.243, 95
Trd, 4319038.643, 98
Trd, 4319040.493, 95
Trd, 4319041.443, 97
Trd, 4319044.143, 95
Trd, 4319045.393, 94
Trd, 4319045.943, 98
Trd, 4319047.043, 96
Trd, 4319048.843, 95
Trd, 4319049.593, 96
Trd, 4319051.543, 94
Trd, 4319052.093, 95
Trd, 4319052.393, 97
Trd, 4319053.343, 97
Trd, 4319055.393, 95
Trd, 4319055.993, 95
Trd, 4319057.143, 95
Trd, 4319059.293, 95
Trd, 4319061.043, 97
Trd, 4319061.343, 93
Trd, 4319061.443, 97
Trd, 4319063.593, 105
Trd, 4319064.243, 95
Trd, 4319065.643, 99
Trd, 4319066.193, 97
Trd, 4319067.993, 98
Trd, 4319070.043, 98
Trd, 4319071.343, 97
Trd, 4319071.693, 98
Trd, 4319072.343, 98
Trd, 4319072.593, 97
Trd, 4319075.443, 98
Trd, 4319075.943, 97
Trd, 4319077.043, 98
Trd, 4319077.893, 97
Trd, 4319078.243, 96
Trd, 4319081.343, 98
Trd, 4319082.343, 98
Trd, 4319082.543, 95
Trd, 4319083.743, 95
Trd, 4319086.643, 97
Trd, 4319087.143, 94
Trd, 4319087.643, 96
Trd, 4319088.493, 95
Trd, 4319090.093, 95
Trd, 4319090.643, 111
Trd, 4319092.043, 95
Trd, 4319092.543, 101
Trd, 4319093.243, 101
Trd, 4319093.893, 100
Trd, 4319096.593, 98
Trd, 4319097.843, 98
Trd, 4319098.043, 109
Trd, 4319099.443, 101
Trd, 4319101.593, 97
Trd, 4319102.293, 102
Trd, 4319102.743, 95
Trd, 4319106.093, 102
Trd, 4319106.593, 95
Trd, 4319106.893, 95
Trd, 4319108.993, 99
Trd, 4319110.643, 98
Trd, 4319111.593, 94
Trd, 4319114.093, 96
Trd, 4319114.693, 96
Trd, 4319116.793, 95
Trd, 4319118.193, 96
Trd, 4319120.343, 95
Trd, 4319121.543, 97
Trd, 4319122.493, 97
Trd, 4319122.843, 93
Trd, 4319125.193, 98
Trd, 4319126.793, 98
Trd, 4319129.143, 97
Trd, 4319129.243, 95
Trd, 4319129.443, 95
Trd, 4319129.593, 112
Trd, 4319132.693, 98
Trd, 4319133.543, 103
Trd, 4319136.193, 98
Trd, 4319136.493, 103
Trd, 4319137.343, 97
Trd, 4319138.593, 103
Trd, 4319139.843, 104
Trd, 4319139.943, 96
Trd, 4319141.243, 104
Trd, 4319142.193, 74
Trd, 4319143.993, 104
Trd, 4319145.593, 104
Trd, 4319147.243, 95
Trd, 4319147.593, 91
Trd, 4319149.243, 95
Trd, 4319150.643, 103
Trd, 4319154.043, 100
Trd, 4319154.593, 96
Trd, 4319155.343, 95
Trd, 4319155.943, 102
Trd, 4319156.043, 93
Trd, 4319159.893, 98
Trd, 4319160.393, 100
Trd, 4319164.143, 98
Trd, 4319164.193, 100
Trd, 4319164.843, 100
Trd, 4319165.593, 97
Trd, 4319166.743, 100
Trd, 4319169.093, 97
Trd, 4319171.993, 96
Trd, 4319172.943, 100
Trd, 4319175.293, 100
Trd, 4319176.343, 95
Trd, 4319176.493, 95
Trd, 4319177.443, 94
Trd, 4319179.343, 95
Trd, 4319181.043, 95
Trd, 4319181.193, 94
Trd, 4319181.793, 110
Trd, 4319183.143, 98
Trd, 4319184.993, 110
Trd, 4319186.493, 98
Trd, 4319188.243, 103
Trd, 4319188.743, 103
Trd, 4319190.243, 98
Trd, 4319191.243, 97
Trd, 4319191.393, 104
Trd, 4319191.643, 113
Trd, 4319193.043, 96
Trd, 4319195.843, 95
Trd, 4319196.343, 105
Trd, 4319200.043, 95
Trd, 4319201.593, 94
Trd, 4319202.593, 101
Trd, 4319203.043, 91
Trd, 4319203.643, 94
Trd, 4319204.843, 95
Trd, 4319206.143, 92
Trd, 4319206.543, 92
Trd, 4319207.193, 94
Trd, 4319207.543, 95
Trd, 4319207.593, 90
Trd, 4319209.543, 95
Trd, 4319210.643, 94
Trd, 4319211.643, 95
Trd, 4319213.293, 95
Trd, 4319214.843, 96
Trd, 4319215.343, 108
Trd, 4319216.593, 99
Trd, 4319217.593, 113
Trd, 4319218.943, 97
Trd, 4319219.093, 108
Trd, 4319220.593, 99
Trd, 4319221.643, 103
Trd, 4319222.593, 103
Trd, 4319225.593, 101
Trd, 4319226.193, 102
Trd, 4319226.343, 99
Trd, 4319226.993, 98
Trd, 4319227.843, 98
Trd, 4319231.193, 100
Trd, 4319232.993, 101
Trd, 4319233.243, 107
Trd, 4319234.293, 101
Trd, 4319236.193, 94
Trd, 4319237.343, 102
Trd, 4319237.793, 102
Trd, 4319238.693, 99
Trd, 4319239.693, 98
Trd, 4319241.093, 97
Trd, 4319242.043, 104
Trd, 4319243.143, 96
Trd, 4319245.993, 95
Trd, 4319247.993, 99
Trd, 4319248.293, 94
Trd, 4319249.743, 98
Trd, 4319249.843, 95
Trd, 4319250.093, 99
Trd, 4319251.393, 98
Trd, 4319254.193, 99
Trd, 4319255.993, 98
Trd, 4319257.343, 100
Trd, 4319259.293, 100
Trd, 4319259.593, 97
Trd, 4319260.493, 95
Trd, 4319261.393, 100
Trd, 4319264.893, 101
Trd, 4319265.043, 95
Trd, 4319266.443, 102
Trd, 4319266.843, 94
Trd, 4319269.743, 94
Trd, 4319270.593, 103
Trd, 4319270.743, 107
Trd, 4319275.243, 102
Trd, 4319275.793, 96
Trd, 4319275.843, 96
Trd, 4319276.643, 102
Trd, 4319277.743, 94
Trd, 4319278.993, 95
Trd, 4319279.343, 101
Trd, 4319279.843, 104
Trd, 4319283.943, 95
Trd, 4319285.793, 100
Trd, 4319286.293, 95
Trd, 4319287.243, 99
Trd, 4319288.193, 100
Trd, 4319290.343, 101
Trd, 4319290.593, 94
Trd, 4319290.743, 94
Trd, 4319295.293, 100
Trd, 4319296.143, 91
Trd, 4319297.093, 93
Trd, 4319298.843, 100
Trd, 4319300.443, 92
Trd, 4319301.293, 100
Trd, 4319303.343, 99
Trd, 4319303.843, 93
Trd, 4319304.143, 99
Trd, 4319305.193, 94
Trd, 4319307.743, 97
Trd, 4319308.093, 94
Trd, 4319310.793, 93
Trd, 4319311.893, 95
Trd, 4319311.943, 97
Trd, 4319312.343, 93
Trd, 4319313.193, 109
Trd, 4319314.993, 93
Trd, 4319316.243, 99
Trd, 4319317.043, 92
Trd, 4319317.543, 98
Trd, 4319320.293, 93
Trd, 4319321.493, 94
Trd, 4319322.893, 94
Trd, 4319323.043, 92
Trd, 4319323.493, 92
Trd, 4319323.743, 94
Trd, 4319325.293, 95
Trd, 4319327.643, 94
Trd, 4319327.993, 91
Trd, 4319330.693, 94
Trd, 4319330.793, 95
Trd, 4319332.043, 97
Trd, 4319335.243, 98
Trd, 4319337.693, 92
Trd, 4319338.193, 98
Trd, 4319338.543, 93
Trd, 4319339.593, 94
Trd, 4319339.843, 111
Trd, 4319340.643, 102
Trd, 4319342.693, 100
Trd, 4319343.143, 101
Trd, 4319344.693, 97
Trd, 4319345.843, 97
Trd, 4319346.993, 96
Trd, 4319347.343, 96
Trd, 4319347.743, 94
Trd, 4319349.543, 96
Trd, 4319350.893, 95
Trd, 4319351.693, 94
Trd, 4319351.993, 96
Trd, 4319354.043, 93
Trd, 4319354.943, 96
Trd, 4319355.793, 94
Trd, 4319356.543, 94
Trd, 4319356.643, 95
Trd, 4319358.293, 111
Trd, 4319359.943, 98
Trd, 4319360.493, 95
Trd, 4319362.143, 103
Trd, 4319364.043, 98
Trd, 4319365.043, 94
Trd, 4319365.243, 102
Trd, 4319368.793, 102
Trd, 4319369.093, 102
Trd, 4319370.293, 95
Trd, 4319374.243, 99
Trd, 4319374.643, 94
Trd, 4319378.293, 95
Trd, 4319379.443, 95
Trd, 4319380.393, 96
Trd, 4319380.893, 97
Trd, 4319385.193, 97
Trd, 4319385.343, 97
Trd, 4319385.693, 98
Trd, 4319386.193, 95
Trd, 4319386.993, 95
Trd, 4319388.843, 94
Trd, 4319389.693, 94
Trd, 4319390.493, 97
Trd, 4319391.893, 98
Trd, 4319393.993, 97
Trd, 4319394.593, 98
Trd, 4319396.343, 98
Trd, 4319396.693, 96
Trd, 4319400.743, 96
Trd, 4319401.993, 96
Trd, 4319402.843, 95
Trd, 4319403.243, 97
Trd, 4319403.293, 95
Trd, 4319404.843, 99
Trd, 4319405.093, 95
Trd, 4319407.543, 98
Trd, 4319409.043, 95
Trd, 4319411.043, 95
Trd, 4319411.893, 98
Trd, 4319411.943, 98
Trd, 4319414.243, 95
Trd, 4319415.493, 98
Trd, 4319416.793, 97
Trd, 4319417.343, 104
Trd, 4319418.993, 96
Trd, 4319419.443, 100
Trd, 4319422.143, 100
Trd, 4319423.243, 95
Trd, 4319423.743, 95
Trd, 4319423.893, 99
Trd, 4319425.593, 94
Trd, 4319426.993, 97
Trd, 4319428.593, 106
Trd, 4319428.743, 95
Trd, 4319430.143, 100
Trd, 4319432.093, 100
Trd, 4319434.793, 98
Trd, 4319435.143, 101
Trd, 4319436.143, 98
Trd, 4319437.193, 96
Trd, 4319439.643, 103
Trd, 4319439.743, 101
Trd, 4319443.093, 96
Trd, 4319444.093, 100
Trd, 4319445.843, 97
Trd, 4319446.043, 96
Trd, 4319448.043, 97
Trd, 4319448.093, 98
Trd, 4319448.743, 96
Trd, 4319450.643, 98
Trd, 4319452.843, 95
Trd, 4319454.193, 111
Trd, 4319454.593, 113
Trd, 4319455.043, 96
Trd, 4319455.743, 106
Trd, 4319457.743, 96
Trd, 4319457.993, 95
Trd, 4319458.393, 113
Trd, 4319460.993, 106
Trd, 4319461.293, 101
Trd, 4319463.293, 97
Trd, 4319464.793, 97
Trd, 4319465.943, 97
Trd, 4319465.993, 104
Trd, 4319466.493, 96
Trd, 4319467.493, 122
Trd, 4319470.243, 101
Trd, 4319471.993, 102
Trd, 4319472.343, 96
Trd, 4319473.443, 98
Trd, 4319473.943, 101
Trd, 4319474.593, 102
Trd, 4319476.243, 99
Trd, 4319476.593, 96
Trd, 4319477.143, 95
Trd, 4319477.643, 98
Trd, 4319480.043, 94
Trd, 4319482.993, 98
Trd, 4319483.093, 95
Trd, 4319484.593, 89
Trd, 4319485.443, 83
Trd, 4319486.443, 88
Trd, 4319488.793, 89
Trd, 4319489.543, 88
Trd, 4319489.693, 104
Trd, 4319490.693, 100
Trd, 4319491.943, 99
Trd, 4319493.293, 95
Trd, 4319493.443, 122
Trd, 4319495.643, 99
Trd, 4319497.293, 97
Trd, 4319497.793, 98
Trd, 4319498.093, 95
Trd, 4319499.843, 98
Trd, 4319499.893, 95
Trd, 4319502.143, 86
Trd, 4319502.393, 78
Trd, 4319502.543, 97
Trd, 4319505.393, 96
Trd, 4319507.943, 94
Trd, 4319509.793, 95
Trd, 4319509.943, 95
Trd, 4319510.943, 95
Trd, 4319512.043, 98
Trd, 4319512.193, 109
Trd, 4319513.393, 110
Trd, 4319513.643, 95
Trd, 4319514.293, 101
Trd, 4319516.293, 104
Trd, 4319518.193, 98
Trd, 4319519.643, 96
Trd, 4319519.843, 97
Trd, 4319520.143, 104
Trd, 4319523.043, 99
Trd, 4319523.643, 96
Trd, 4319524.543, 82
Trd, 4319525.893, 92
Trd, 4319526.343, 96
Trd, 4319527.943, 95
Trd, 4319529.143, 95
Trd, 4319529.843, 96
Trd, 4319530.993, 91
Trd, 4319531.393, 90
Trd, 4319531.943, 89
Trd, 4319535.193, 96
Trd, 4319535.343, 96
Trd, 4319535.793, 94
Trd, 4319539.443, 104
Trd, 4319541.043, 95
Trd, 4319541.943, 95
Trd, 4319542.593, 98
Trd, 4319542.843, 98
Trd, 4319545.993, 95
Trd, 4319546.643, 97
Trd, 4319547.193, 96
Trd, 4319548.493, 95
Trd, 4319548.743, 94
Trd, 4319548.843, 104
Trd, 4319549.343, 76
Trd, 4319550.793, 112
Trd, 4319552.193, 98
Trd, 4319552.343, 99
Trd, 4319553.443, 92
Trd, 4319554.043, 98
Trd, 4319554.443, 98
Trd, 4319556.293, 104
Trd, 4319557.543, 100
Trd, 4319558.843, 86
Trd, 4319558.943, 91
Trd, 4319560.343, 95
Trd, 4319561.093, 109
Trd, 4319563.943, 97
Trd, 4319565.343, 100
Trd, 4319566.243, 98
Trd, 4319567.093, 96
Trd, 4319569.643, 98
Trd, 4319570.443, 95
Trd, 4319572.043, 98
Trd, 4319572.543, 95
Trd, 4319574.543, 95
Trd, 4319574.593, 99
Trd, 4319575.393, 94
Trd, 4319575.943, 99
Trd, 4319577.443, 99
Trd, 4319578.643, 99
Trd, 4319579.493, 104
Trd, 4319581.543, 101
Trd, 4319581.643, 98
Trd, 4319582.743, 97
Trd, 4319584.143, 96
Trd, 4319585.243, 95
Trd, 4319585.693, 101
Trd, 4319587.693, 100
Trd, 4319589.193, 94
Trd, 4319591.693, 100
Trd, 4319592.093, 95
Trd, 4319594.443, 96
Trd, 4319594.743, 95
Trd, 4319595.093, 96
Trd, 4319595.393, 94
Trd, 4319596.593, 96
Trd, 4319597.543, 97
Trd, 4319599.793, 95
Trd, 4319602.543, 95
Trd, 4319603.043, 97
Trd, 4319603.843, 113
Trd, 4319606.043, 101
Trd, 4319606.293, 95
Trd, 4319607.443, 95
Trd, 4319608.343, 95
Trd, 4319609.243, 100
Trd, 4319610.993, 95
Trd, 4319612.443, 101
Trd, 4319614.543, 98
Trd, 4319615.993, 100
Trd, 4319616.543, 97
Trd, 4319616.593, 100
Trd, 4319618.793, 96
Trd, 4319619.043, 95
Trd, 4319619.443, 100
Trd, 4319622.043, 99
Trd, 4319623.643, 98
Trd, 4319625.643, 95
Trd, 4319626.293, 95
Trd, 4319627.843, 98
Trd, 4319629.093, 98
Trd, 4319629.793, 95
Trd, 4319632.793, 95
Trd, 4319633.143, 97
Trd, 4319635.443, 95
Trd, 4319635.993, 97
Trd, 4319636.243, 94
Trd, 4319638.793, 97
Trd, 4319641.793, 94
Trd, 4319642.943, 97
Trd, 4319643.843, 97
Trd, 4319644.543, 94
Trd, 4319644.693, 93
Trd, 4319646.793, 96
Trd, 4319648.193, 94
Trd, 4319650.693, 95
Trd, 4319650.793, 97
Trd, 4319652.093, 98
Trd, 4319652.993, 95
Trd, 4319653.493, 93
Trd, 4319656.443, 97
Trd, 4319657.093, 94
Trd, 4319658.843, 97
Trd, 4319658.943, 93
Trd, 4319663.093, 95
Trd, 4319663.343, 97
Trd, 4319663.693, 97
Trd, 4319664.843, 95
Trd, 4319665.343, 106
Trd, 4319665.543, 95
Trd, 4319666.843, 94
Trd, 4319668.893, 98
Trd, 4319670.343, 97
Trd, 4319671.543, 95
Trd, 4319674.743, 95
Trd, 4319674.893, 97
Trd, 4319676.093, 94
Trd, 4319676.193, 98
Trd, 4319676.493, 99
Trd, 4319678.543, 95
Trd, 4319680.193, 98
Trd, 4319683.893, 95
Trd, 4319684.293, 98
Trd, 4319685.843, 95
Trd, 4319687.693, 96
Trd, 4319689.093, 95
Trd, 4319691.593, 94
Trd, 4319693.393, 96
Trd, 4319693.843, 96
Trd, 4319694.893, 94
Trd, 4319695.793, 96
Trd, 4319697.243, 98
Trd, 4319697.343, 95
Trd, 4319700.243, 97
Trd, 4319700.593, 96
Trd, 4319701.793, 79
Trd, 4319704.943, 94
Trd, 4319705.593, 97
Trd, 4319707.143, 98
Trd, 4319707.493, 94
Trd, 4319710.893, 95
Trd, 4319711.943, 98
Trd, 4319714.143, 98
Trd, 4319715.793, 94
Trd, 4319717.143, 93
Trd, 4319717.443, 98
Trd, 4319719.693, 97
Trd, 4319720.043, 92
Trd, 4319721.493, 95
Trd, 4319724.693, 95
Trd, 4319724.893, 97
Trd, 4319725.543, 97
Trd, 4319728.693, 97
Trd, 4319729.243, 97
Trd, 4319729.993, 94
Trd, 4319730.893, 94
Trd, 4319730.943, 93
Trd, 4319733.943, 96
Trd, 4319734.593, 96
Trd, 4319735.493, 96
Trd, 4319735.693, 95
Trd, 4319736.693, 94
Trd, 4319737.693, 113
Trd, 4319738.143, 93
Trd, 4319739.243, 102
Trd, 4319741.393, 102
Trd, 4319741.693, 101
Trd, 4319745.293, 101
Trd, 4319747.693, 99
Trd, 4319748.393, 101
Trd, 4319750.393, 98
Trd, 4319750.993, 98
Trd, 4319751.443, 100
Trd, 4319753.893, 99
Trd, 4319754.693, 98
Trd, 4319754.843, 97
Trd, 4319755.293, 97
Trd, 4319755.393, 113
Trd, 4319755.693, 92
Trd, 4319759.293, 98
Trd, 4319759.343, 94
Trd, 4319759.443, 99
Trd, 4319761.643, 95
Trd, 4319763.993, 98
Trd, 4319764.593, 98
Trd, 4319766.143, 94
Trd, 4319767.243, 97
Trd, 4319767.543, 95
Trd, 4319770.493, 97
Trd, 4319771.243, 95
Trd, 4319772.993, 97
Trd, 4319776.193, 94
Trd, 4319777.293, 96
Trd, 4319778.893, 97
Trd, 4319781.143, 97
Trd, 4319781.893, 94
Trd, 4319782.643, 95
Trd, 4319784.343, 83
Trd, 4319784.693, 96
Trd, 4319786.693, 93
Trd, 4319788.943, 90
Trd, 4319789.143, 94
Trd, 4319789.293, 94
Trd, 4319791.193, 95
Trd, 4319791.743, 90
Trd, 4319792.393, 89
Trd, 4319793.093, 113
Trd, 4319795.093, 99
Trd, 4319796.343, 89
Trd, 4319797.343, 96
Trd, 4319798.643, 95
Trd, 4319799.493, 96
Trd, 4319800.293, 95
Trd, 4319801.693, 95
Trd, 4319803.943, 95
Trd, 4319804.043, 94
Trd, 4319805.893, 93
Trd, 4319806.093, 95
Trd, 4319806.593, 95
Trd, 4319810.243, 95
Trd, 4319810.393, 83
Trd, 4319810.893, 96
Trd, 4319811.643, 95
Trd, 4319812.693, 96
Trd, 4319813.443, 93
Trd, 4319816.343, 96
Trd, 4319817.193, 94
Trd, 4319817.243, 97
Trd, 4319817.993, 93
Trd, 4319819.443, 121
Trd, 4319820.543, 111
Trd, 4319822.893, 106
Trd, 4319823.343, 108
Trd, 4319824.643, 105
Trd, 4319825.743, 105
Trd, 4319827.443, 104
Trd, 4319828.393, 106
Trd, 4319831.093, 103
Trd, 4319832.043, 103
Trd, 4319832.993, 102
Trd, 4319833.343, 104
Trd, 4319836.093, 101
Trd, 4319836.143, 102
Trd, 4319837.193, 86
Trd, 4319837.543, 97
Trd, 4319838.693, 87
Trd, 4319839.043, 93
Trd, 4319840.043, 91
Trd, 4319841.893, 94
Trd, 4319842.793, 97
Trd, 4319843.593, 98
Trd, 4319845.393, 97
Trd, 4319846.993, 98
Trd, 4319847.843, 96
Trd, 4319848.043, 98
Trd, 4319848.843, 113
Trd, 4319849.593, 95
Trd, 4319852.193, 101
Trd, 4319852.493, 95
Trd, 4319855.893, 100
Trd, 4319856.143, 95
Trd, 4319857.193, 99
Trd, 4319859.293, 100
Trd, 4319860.043, 99
Trd, 4319860.393, 94
Trd, 4319862.393, 96
Trd, 4319862.893, 95
Trd, 4319864.593, 95
Trd, 4319865.193, 96
Trd, 4319865.293, 97
Trd, 4319867.643, 98
Trd, 4319869.193, 95
Trd, 4319871.143, 97
Trd, 4319872.993, 95
Trd, 4319874.143, 95
Trd, 4319874.193, 96
Trd, 4319875.843, 96
Trd, 4319876.943, 97
Trd, 4319877.293, 95
Trd, 4319878.443, 94
Trd, 4319878.943, 93
Trd, 4319880.243, 96
Trd, 4319881.443, 95
Trd, 4319884.143, 95
Trd, 4319884.193, 96
Trd, 4319888.343, 96
Trd, 4319888.643, 96
Trd, 4319888.693, 95
Trd, 4319889.393, 95
Trd, 4319890.493, 94
Trd, 4319891.693, 113
Trd, 4319893.293, 95
Trd, 4319893.593, 100
Trd, 4319894.643, 101
Trd, 4319898.193, 94
Trd, 4319898.443, 98
Trd, 4319900.543, 95
Trd, 4319902.993, 97
Trd, 4319904.293, 96
Trd, 4319904.643, 94
Trd, 4319905.893, 97
Trd, 4319906.343, 97
Trd, 4319906.593, 99
Trd, 4319906.643, 104
Trd, 4319908.093, 99
Trd, 4319910.193, 100
Trd, 4319910.293, 95
Trd, 4319910.393, 113
Trd, 4319910.643, 98
Trd, 4319912.493, 102
Trd, 4319914.893, 105
Trd, 4319915.943, 101
Trd, 4319916.443, 75
Trd, 4319918.443, 95
Trd, 4319918.993, 104
Trd, 4319922.143, 101
Trd, 4319922.693, 95
Trd, 4319924.093, 101
Trd, 4319924.543, 101
Trd, 4319924.843, 93
Trd, 4319925.393, 93
Trd, 4319926.293, 93
Trd, 4319928.493, 101
Trd, 4319930.393, 95
Trd, 4319931.743, 100
Trd, 4319933.743, 99
Trd, 4319934.493, 95
Trd, 4319934.943, 94
Trd, 4319937.593, 98
Trd, 4319940.443, 95
Trd, 4319940.643, 93
Trd, 4319941.193, 98
Trd, 4319943.343, 99
Trd, 4319943.993, 94
Trd, 4319947.793, 94
Trd, 4319949.093, 97
Trd, 4319949.543, 95
Trd, 4319949.843, 97
Trd, 4319951.643, 97
Trd, 4319955.393, 94
Trd, 4319957.093, 94
Trd, 4319958.743, 95
Trd, 4319959.093, 95
Trd, 4319960.343, 97
Trd, 4319961.143, 97
Trd, 4319961.393, 95
Trd, 4319961.643, 95
Trd, 4319962.093, 96
Trd, 4319962.543, 104
Trd, 4319967.893, 98
Trd, 4319969.393, 97
Trd, 4319969.893, 95
Trd, 4319971.493, 97
Trd, 4319972.843, 98
Trd, 4319973.043, 95
Trd, 4319973.593, 94
Trd, 4319975.443, 94
Trd, 4319977.443, 98
Trd, 4319978.043, 95
Trd, 4319979.743, 94
Trd, 4319980.193, 98
Trd, 4319980.443, 93
Trd, 4319981.293, 98
Trd, 4319985.193, 94
Trd, 4319985.693, 97
Trd, 4319986.093, 93
Trd, 4319988.243, 95
Trd, 4319988.343, 96
Trd, 4319988.893, 95
Trd, 4319992.293, 95
Trd, 4319993.593, 94
Trd, 4319994.893, 85
Trd, 4319995.943, 86
Trd, 4319996.293, 89
Trd, 4319998.293, 93
Trd, 4319998.643, 95
Trd, 4319999.543, 81
