Trd, 4317896.593, 117
Trd, 4317898.543, 105
Trd, 4317899.443, 104
Trd, 4317899.543, 103
Trd, 4317901.293, 100
Trd, 4317902.443, 97
Trd, 4317902.993, 97
Trd, 4317903.943, 97
Trd, 4317904.143, 85
Trd, 4317905.393, 131
Trd, 4317905.893, 115
Trd, 4317906.843, 101
Trd, 4317907.293, 121
Trd, 4317907.593, 90
Trd, 4317911.043, 98
Trd, 4317911.343, 97
Trd, 4317911.643, 96
Trd, 4317912.743, 94
Trd, 4317913.893, 84
Trd, 4317916.043, 76
Trd, 4317916.443, 82
Trd, 4317917.393, 86
Trd, 4317918.443, 79
Trd, 4317921.993, 94
Trd, 4317922.943, 98
Trd, 4317923.993, 93
Trd, 4317924.143, 92
Trd, 4317926.043, 104
Trd, 4317926.143, 94
Trd, 4317926.893, 99
Trd, 4317929.743, 95
Trd, 4317931.243, 93
Trd, 4317932.143, 95
Trd, 4317932.843, 95
Trd, 4317934.343, 91
Trd, 4317935.093, 87
Trd, 4317936.343, 76
Trd, 4317936.643, 82
Trd, 4317937.843, 101
Trd, 4317938.543, 102
Trd, 4317941.093, 95
Trd, 4317941.343, 95
Trd, 4317942.393, 104
Trd, 4317943.243, 97
Trd, 4317945.093, 100
Trd, 4317945.443, 112
Trd, 4317946.043, 99
Trd, 4317948.043, 98
Trd, 4317948.343, 95
Trd, 4317948.693, 95
Trd, 4317951.843, 95
Trd, 4317952.093, 97
Trd, 4317953.043, 95
Trd, 4317954.293, 94
Trd, 4317955.643, 97
Trd, 4317957.043, 95
Trd, 4317959.643, 96
Trd, 4317960.093, 97
Trd, 4317960.843, 104
Trd, 4317962.093, 96
Trd, 4317962.643, 95
Trd, 4317962.943, 102
Trd, 4317965.293, 99
Trd, 4317966.343, 97
Trd, 4317967.843, 98
Trd, 4317967.893, 99
Trd, 4317970.443, 96
Trd, 4317970.943, 95
Trd, 4317971.693, 99
Trd, 4317974.993, 98
Trd, 4317975.443, 98
Trd, 4317976.343, 96
Trd, 4317977.393, 96
Trd, 4317980.843, 95
Trd, 4317981.043, 96
Trd, 4317981.143, 95
Trd, 4317981.643, 94
Trd, 4317982.443, 94
Trd, 4317983.093, 93
Trd, 4317983.693, 104
Trd, 4317986.143, 97
Trd, 4317986.493, 98
Trd, 4317988.243, 104
Trd, 4317989.093, 102
Trd, 4317989.143, 101
Trd, 4317990.643, 102
Trd, 4317991.643, 100
Trd, 4317992.443, 100
Trd, 4317993.293, 112
Trd, 4317995.043, 102
Trd, 4317996.093, 102
Trd, 4317996.943, 98
Trd, 4317998.043, 94
Trd, 4317998.193, 78
Trd, 4317998.993, 96
Trd, 4318001.143, 94
Trd, 4318002.793, 94
Trd, 4318003.643, 96
Trd, 4318003.993, 93
Trd, 4318005.893, 97
Trd, 4318009.043, 96
Trd, 4318010.043, 95
Trd, 4318011.443, 96
Trd, 4318013.443, 94
Trd, 4318014.493, 95
Trd, 4318016.343, 95
Trd, 4318016.743, 95
Trd, 4318017.843, 94
Trd, 4318018.393, 93
Trd, 4318020.893, 93
Trd, 4318021.143, 94
Trd, 4318023.043, 93
Trd, 4318023.343, 92
Trd, 4318024.443, 92
Trd, 4318024.993, 95
Trd, 4318026.693, 94
Trd, 4318027.043, 85
Trd, 4318027.493, 104
Trd, 4318027.743, 89
Trd, 4318030.393, 101
Trd, 4318031.993, 96
Trd, 4318032.043, 102
Trd, 4318034.293, 97
Trd, 4318035.493, 96
Trd, 4318035.693, 97
Trd, 4318036.293, 94
Trd, 4318037.693, 93
Trd, 4318038.043, 91
Trd, 4318040.293, 95
Trd, 4318041.693, 90
Trd, 4318042.893, 91
Trd, 4318044.793, 85
Trd, 4318046.493, 86
Trd, 4318047.143, 91
Trd, 4318047.343, 104
Trd, 4318049.793, 91
Trd, 4318050.243, 92
Trd, 4318051.093, 92
Trd, 4318051.493, 89
Trd, 4318054.193, 92
Trd, 4318055.643, 93
Trd, 4318056.193, 94
Trd, 4318060.393, 92
Trd, 4318060.643, 93
Trd, 4318060.693, 92
Trd, 4318062.993, 93
Trd, 4318063.643, 98
Trd, 4318066.793, 94
Trd, 4318067.343, 93
Trd, 4318067.943, 92
Trd, 4318069.793, 91
Trd, 4318071.743, 91
Trd, 4318072.643, 94
Trd, 4318074.043, 94
Trd, 4318074.293, 91
Trd, 4318075.143, 96
Trd, 4318077.593, 96
Trd, 4318080.543, 91
Trd, 4318080.793, 92
Trd, 4318080.893, 94
Trd, 4318083.543, 92
Trd, 4318083.593, 91
Trd, 4318083.743, 101
Trd, 4318084.993, 90
Trd, 4318086.693, 102
Trd, 4318089.493, 97
Trd, 4318090.693, 96
Trd, 4318091.193, 97
Trd, 4318092.093, 95
Trd, 4318092.793, 94
Trd, 4318093.493, 93
Trd, 4318094.043, 104
Trd, 4318097.043, 93
Trd, 4318098.293, 93
Trd, 4318099.093, 100
Trd, 4318099.143, 104
Trd, 4318101.493, 99
Trd, 4318103.743, 98
Trd, 4318103.993, 95
Trd, 4318105.293, 97
Trd, 4318105.893, 95
Trd, 4318107.293, 94
Trd, 4318108.143, 92
Trd, 4318110.443, 90
Trd, 4318110.843, 94
Trd, 4318111.443, 94
Trd, 4318112.493, 93
Trd, 4318114.693, 101
Trd, 4318114.893, 99
Trd, 4318115.443, 111
Trd, 4318118.193, 100
Trd, 4318118.793, 105
Trd, 4318121.543, 101
Trd, 4318122.343, 104
Trd, 4318123.143, 95
Trd, 4318123.193, 103
Trd, 4318125.393, 98
Trd, 4318125.793, 93
Trd, 4318126.943, 98
Trd, 4318128.193, 97
Trd, 4318128.543, 97
Trd, 4318130.893, 97
Trd, 4318133.243, 96
Trd, 4318133.343, 97
Trd, 4318133.493, 95
Trd, 4318134.693, 96
Trd, 4318135.943, 96
Trd, 4318138.443, 96
Trd, 4318140.043, 95
Trd, 4318140.893, 96
Trd, 4318141.343, 95
Trd, 4318142.493, 98
Trd, 4318142.843, 104
Trd, 4318143.593, 95
Trd, 4318144.693, 93
Trd, 4318146.093, 93
Trd, 4318146.343, 96
Trd, 4318147.743, 93
Trd, 4318149.693, 93
Trd, 4318151.393, 94
Trd, 4318151.993, 94
Trd, 4318154.743, 92
Trd, 4318156.043, 95
Trd, 4318157.793, 91
Trd, 4318158.343, 95
Trd, 4318160.593, 92
Trd, 4318161.493, 95
Trd, 4318164.843, 90
Trd, 4318166.893, 94
Trd, 4318167.093, 90
Trd, 4318168.543, 93
Trd, 4318170.193, 89
Trd, 4318170.793, 91
Trd, 4318171.993, 91
Trd, 4318173.893, 92
Trd, 4318174.043, 92
Trd, 4318176.093, 91
Trd, 4318177.493, 91
Trd, 4318178.843, 95
Trd, 4318179.343, 95
Trd, 4318179.943, 98
Trd, 4318180.443, 94
Trd, 4318180.493, 98
Trd, 4318184.193, 100
Trd, 4318184.693, 99
Trd, 4318184.943, 96
Trd, 4318185.443, 104
Trd, 4318187.093, 96
Trd, 4318188.593, 98
Trd, 4318190.093, 95
Trd, 4318190.593, 93
Trd, 4318190.793, 104
Trd, 4318191.093, 123
Trd, 4318191.893, 85
Trd, 4318192.343, 110
Trd, 4318194.693, 89
Trd, 4318195.643, 103
Trd, 4318197.543, 96
Trd, 4318199.843, 104
Trd, 4318200.293, 97
Trd, 4318200.643, 97
Trd, 4318202.743, 95
Trd, 4318203.043, 106
Trd, 4318206.443, 100
Trd, 4318208.093, 97
Trd, 4318208.443, 97
Trd, 4318208.593, 96
Trd, 4318209.393, 96
Trd, 4318210.643, 99
Trd, 4318212.093, 94
Trd, 4318213.493, 97
Trd, 4318214.493, 98
Trd, 4318216.343, 96
Trd, 4318217.493, 98
Trd, 4318217.743, 96
Trd, 4318218.493, 95
Trd, 4318220.393, 104
Trd, 4318222.893, 97
Trd, 4318222.943, 98
Trd, 4318223.193, 94
Trd, 4318226.843, 95
Trd, 4318227.293, 97
Trd, 4318227.443, 97
Trd, 4318227.543, 96
Trd, 4318228.193, 104
Trd, 4318231.793, 97
Trd, 4318232.643, 97
Trd, 4318232.943, 97
Trd, 4318234.593, 96
Trd, 4318234.893, 97
Trd, 4318237.143, 95
Trd, 4318238.093, 104
Trd, 4318240.193, 93
Trd, 4318242.443, 91
Trd, 4318242.493, 95
Trd, 4318243.343, 90
Trd, 4318243.893, 90
Trd, 4318244.543, 115
Trd, 4318246.243, 97
Trd, 4318246.893, 92
Trd, 4318250.643, 93
Trd, 4318250.743, 94
Trd, 4318251.743, 102
Trd, 4318252.093, 104
Trd, 4318252.643, 94
Trd, 4318256.443, 92
Trd, 4318256.793, 95
Trd, 4318257.693, 96
Trd, 4318258.293, 91
Trd, 4318260.843, 91
Trd, 4318261.143, 92
Trd, 4318263.843, 95
Trd, 4318264.943, 90
Trd, 4318266.943, 93
Trd, 4318267.193, 92
Trd, 4318268.443, 96
Trd, 4318268.643, 91
Trd, 4318269.743, 93
Trd, 4318269.943, 93
Trd, 4318272.143, 93
Trd, 4318273.843, 93
Trd, 4318274.443, 91
Trd, 4318276.293, 92
Trd, 4318276.543, 93
Trd, 4318277.993, 95
Trd, 4318279.843, 95
Trd, 4318280.393, 96
Trd, 4318280.443, 92
Trd, 4318282.743, 99
Trd, 4318284.043, 94
Trd, 4318286.743, 95
Trd, 4318287.043, 93
Trd, 4318287.193, 94
Trd, 4318288.393, 94
Trd, 4318290.943, 95
Trd, 4318291.693, 95
Trd, 4318292.343, 94
Trd, 4318294.943, 93
Trd, 4318295.443, 95
Trd, 4318296.043, 95
Trd, 4318296.693, 94
Trd, 4318298.043, 93
Trd, 4318299.993, 92
Trd, 4318301.693, 93
Trd, 4318302.493, 93
Trd, 4318304.343, 91
Trd, 4318304.393, 92
Trd, 4318306.393, 89
Trd, 4318308.643, 89
Trd, 4318309.293, 90
Trd, 4318309.993, 92
Trd, 4318311.943, 91
Trd, 4318313.143, 91
Trd, 4318314.143, 90
Trd, 4318314.743, 100
Trd, 4318317.043, 97
Trd, 4318318.593, 97
Trd, 4318319.743, 96
Trd, 4318319.893, 95
Trd, 4318322.293, 96
Trd, 4318323.693, 97
Trd, 4318323.743, 96
Trd, 4318324.093, 95
Trd, 4318325.193, 95
Trd, 4318325.543, 94
Trd, 4318325.643, 99
Trd, 4318329.693, 97
Trd, 4318330.243, 96
Trd, 4318330.993, 95
Trd, 4318332.543, 96
Trd, 4318334.393, 95
Trd, 4318334.493, 95
Trd, 4318336.843, 95
Trd, 4318337.043, 96
Trd, 4318338.493, 104
Trd, 4318338.643, 96
Trd, 4318340.343, 115
Trd, 4318340.793, 95
Trd, 4318343.493, 105
Trd, 4318344.143, 103
Trd, 4318344.543, 98
Trd, 4318345.943, 95
Trd, 4318346.143, 94
Trd, 4318348.343, 85
Trd, 4318348.693, 87
Trd, 4318350.693, 86
Trd, 4318351.143, 91
Trd, 4318352.493, 90
Trd, 4318352.793, 97
Trd, 4318354.893, 90
Trd, 4318355.943, 104
Trd, 4318357.043, 97
Trd, 4318357.793, 103
Trd, 4318360.093, 96
Trd, 4318362.343, 98
Trd, 4318363.543, 103
Trd, 4318363.993, 99
Trd, 4318367.193, 99
Trd, 4318367.443, 94
Trd, 4318368.943, 90
Trd, 4318370.143, 95
Trd, 4318370.193, 116
Trd, 4318372.843, 95
Trd, 4318372.993, 94
Trd, 4318373.943, 96
Trd, 4318374.893, 96
Trd, 4318375.893, 96
Trd, 4318376.093, 94
Trd, 4318379.643, 97
Trd, 4318379.943, 95
Trd, 4318381.543, 97
Trd, 4318382.543, 102
Trd, 4318382.843, 101
Trd, 4318382.893, 98
Trd, 4318383.893, 104
Trd, 4318385.143, 76
Trd, 4318385.793, 90
Trd, 4318387.443, 95
Trd, 4318388.093, 91
Trd, 4318390.243, 94
Trd, 4318390.893, 90
Trd, 4318391.343, 96
Trd, 4318396.643, 93
Trd, 4318397.993, 96
Trd, 4318400.143, 93
Trd, 4318400.443, 93
Trd, 4318400.993, 92
Trd, 4318402.493, 95
Trd, 4318403.343, 100
Trd, 4318406.193, 92
Trd, 4318407.643, 91
Trd, 4318408.493, 91
Trd, 4318409.393, 90
Trd, 4318409.593, 91
Trd, 4318411.093, 92
Trd, 4318412.193, 92
Trd, 4318412.793, 96
Trd, 4318412.893, 92
Trd, 4318415.743, 94
Trd, 4318417.193, 94
Trd, 4318417.943, 95
Trd, 4318418.993, 97
Trd, 4318420.043, 97
Trd, 4318420.843, 113
Trd, 4318424.243, 98
Trd, 4318426.093, 99
Trd, 4318426.543, 95
Trd, 4318426.593, 99
Trd, 4318429.493, 96
Trd, 4318430.493, 95
Trd, 4318430.993, 95
Trd, 4318432.643, 94
Trd, 4318432.943, 95
Trd, 4318433.793, 96
Trd, 4318435.643, 93
Trd, 4318436.143, 93
Trd, 4318436.643, 93
Trd, 4318437.193, 104
Trd, 4318440.343, 99
Trd, 4318440.743, 97
Trd, 4318440.993, 100
Trd, 4318441.193, 96
Trd, 4318443.593, 94
Trd, 4318445.293, 95
Trd, 4318445.743, 94
Trd, 4318446.393, 98
Trd, 4318447.393, 97
Trd, 4318449.243, 95
Trd, 4318450.343, 95
Trd, 4318451.943, 96
Trd, 4318452.543, 98
Trd, 4318454.393, 97
Trd, 4318454.843, 98
Trd, 4318455.043, 93
Trd, 4318456.393, 98
Trd, 4318458.193, 96
Trd, 4318460.493, 95
Trd, 4318461.193, 95
Trd, 4318461.243, 94
Trd, 4318461.593, 96
Trd, 4318464.393, 95
Trd, 4318464.743, 95
Trd, 4318465.493, 94
Trd, 4318466.443, 97
Trd, 4318466.693, 94
Trd, 4318468.843, 98
Trd, 4318470.193, 98
Trd, 4318472.893, 96
Trd, 4318473.343, 95
Trd, 4318474.093, 93
Trd, 4318475.993, 94
Trd, 4318476.493, 95
Trd, 4318477.243, 97
Trd, 4318478.593, 93
Trd, 4318482.143, 95
Trd, 4318483.693, 94
Trd, 4318484.643, 96
Trd, 4318485.793, 104
Trd, 4318488.593, 99
Trd, 4318489.043, 98
Trd, 4318489.193, 100
Trd, 4318489.243, 102
Trd, 4318493.543, 103
Trd, 4318494.993, 100
Trd, 4318495.293, 103
Trd, 4318496.693, 101
Trd, 4318497.593, 100
Trd, 4318500.293, 96
Trd, 4318501.043, 97
Trd, 4318501.543, 97
Trd, 4318502.943, 98
Trd, 4318503.093, 97
Trd, 4318506.093, 101
Trd, 4318507.193, 97
Trd, 4318508.143, 96
Trd, 4318509.543, 103
Trd, 4318511.243, 98
Trd, 4318512.243, 104
Trd, 4318513.293, 97
Trd, 4318515.393, 97
Trd, 4318515.943, 98
Trd, 4318517.043, 96
Trd, 4318517.543, 95
Trd, 4318517.593, 104
Trd, 4318518.993, 95
Trd, 4318521.093, 99
Trd, 4318522.843, 95
Trd, 4318524.043, 95
Trd, 4318524.993, 97
Trd, 4318527.493, 95
Trd, 4318528.843, 96
Trd, 4318531.243, 95
Trd, 4318531.793, 96
Trd, 4318531.993, 94
Trd, 4318532.293, 98
Trd, 4318534.843, 92
Trd, 4318535.993, 96
Trd, 4318536.043, 93
Trd, 4318536.143, 104
Trd, 4318537.743, 95
Trd, 4318539.343, 97
Trd, 4318540.193, 96
Trd, 4318540.393, 100
Trd, 4318543.093, 97
Trd, 4318544.093, 97
Trd, 4318546.693, 98
Trd, 4318547.343, 94
Trd, 4318547.643, 99
Trd, 4318547.693, 100
Trd, 4318551.293, 101
Trd, 4318551.943, 98
Trd, 4318552.043, 114
Trd, 4318552.543, 105
Trd, 4318554.393, 104
Trd, 4318554.743, 103
Trd, 4318555.443, 105
Trd, 4318557.693, 104
Trd, 4318557.743, 105
Trd, 4318559.193, 95
Trd, 4318560.943, 96
Trd, 4318561.843, 96
Trd, 4318564.393, 97
Trd, 4318564.593, 100
Trd, 4318565.343, 98
Trd, 4318565.693, 104
Trd, 4318567.843, 98
Trd, 4318567.943, 97
Trd, 4318571.293, 97
Trd, 4318571.443, 96
Trd, 4318573.543, 98
Trd, 4318574.243, 99
Trd, 4318575.493, 96
Trd, 4318576.593, 99
Trd, 4318578.293, 97
Trd, 4318579.643, 94
Trd, 4318581.593, 97
Trd, 4318583.143, 96
Trd, 4318583.543, 95
Trd, 4318584.243, 96
Trd, 4318585.943, 100
Trd, 4318587.243, 98
Trd, 4318588.393, 98
Trd, 4318588.593, 97
Trd, 4318589.843, 96
Trd, 4318591.793, 96
Trd, 4318593.293, 95
Trd, 4318593.543, 96
Trd, 4318595.243, 94
Trd, 4318595.393, 95
Trd, 4318597.293, 100
Trd, 4318598.193, 99
Trd, 4318600.593, 97
Trd, 4318601.143, 96
Trd, 4318602.643, 96
Trd, 4318603.893, 104
Trd, 4318604.543, 95
Trd, 4318606.243, 99
Trd, 4318606.943, 96
Trd, 4318608.093, 96
Trd, 4318609.043, 95
Trd, 4318609.393, 93
Trd, 4318610.343, 104
Trd, 4318612.443, 99
Trd, 4318613.093, 101
Trd, 4318613.343, 94
Trd, 4318614.643, 96
Trd, 4318617.393, 95
Trd, 4318618.993, 95
Trd, 4318619.143, 96
Trd, 4318621.793, 94
Trd, 4318622.143, 93
Trd, 4318624.043, 94
Trd, 4318624.843, 95
Trd, 4318625.993, 95
Trd, 4318626.143, 97
Trd, 4318626.393, 92
Trd, 4318628.243, 96
Trd, 4318630.793, 95
Trd, 4318632.393, 93
Trd, 4318632.693, 92
Trd, 4318633.693, 92
Trd, 4318634.193, 97
Trd, 4318634.793, 103
Trd, 4318638.493, 95
Trd, 4318638.643, 98
Trd, 4318639.443, 96
Trd, 4318641.443, 95
Trd, 4318643.693, 95
Trd, 4318644.893, 95
Trd, 4318645.443, 97
Trd, 4318646.493, 94
Trd, 4318646.793, 98
Trd, 4318647.493, 104
Trd, 4318647.543, 95
Trd, 4318650.393, 98
Trd, 4318653.143, 97
Trd, 4318653.843, 98
Trd, 4318654.093, 95
Trd, 4318655.493, 96
Trd, 4318655.593, 94
Trd, 4318657.193, 84
Trd, 4318657.743, 104
Trd, 4318659.843, 93
Trd, 4318660.293, 92
Trd, 4318661.593, 93
Trd, 4318663.493, 93
Trd, 4318664.043, 95
Trd, 4318667.343, 93
Trd, 4318669.193, 95
Trd, 4318669.893, 95
Trd, 4318669.943, 100
Trd, 4318670.393, 94
Trd, 4318671.843, 94
Trd, 4318673.193, 95
Trd, 4318673.843, 96
Trd, 4318676.493, 95
Trd, 4318677.043, 95
Trd, 4318677.943, 95
Trd, 4318679.343, 84
Trd, 4318680.143, 101
Trd, 4318681.543, 92
Trd, 4318683.193, 99
Trd, 4318684.043, 94
Trd, 4318687.143, 95
Trd, 4318688.643, 95
Trd, 4318688.693, 94
Trd, 4318689.043, 97
Trd, 4318689.493, 94
Trd, 4318693.743, 93
Trd, 4318694.493, 95
Trd, 4318694.543, 94
Trd, 4318695.093, 95
Trd, 4318696.393, 94
Trd, 4318698.543, 94
Trd, 4318698.743, 94
Trd, 4318701.543, 93
Trd, 4318702.043, 94
Trd, 4318702.443, 94
Trd, 4318703.243, 96
Trd, 4318703.593, 94
Trd, 4318706.493, 95
Trd, 4318707.843, 93
Trd, 4318710.243, 94
Trd, 4318711.243, 96
Trd, 4318711.993, 94
Trd, 4318712.643, 96
Trd, 4318712.893, 96
Trd, 4318712.943, 94
Trd, 4318715.943, 95
Trd, 4318718.293, 93
Trd, 4318719.293, 93
Trd, 4318719.893, 94
Trd, 4318720.343, 115
Trd, 4318724.843, 93
Trd, 4318725.293, 94
Trd, 4318725.743, 94
Trd, 4318726.243, 92
Trd, 4318728.143, 97
Trd, 4318729.943, 96
Trd, 4318730.493, 98
Trd, 4318731.643, 98
Trd, 4318731.793, 96
Trd, 4318733.343, 97
Trd, 4318734.793, 99
Trd, 4318734.943, 104
Trd, 4318735.093, 98
Trd, 4318737.643, 97
Trd, 4318737.843, 97
Trd, 4318740.093, 95
Trd, 4318741.343, 93
Trd, 4318743.493, 93
Trd, 4318743.643, 93
Trd, 4318743.693, 94
Trd, 4318745.343, 94
Trd, 4318745.843, 94
Trd, 4318748.193, 94
Trd, 4318749.443, 93
Trd, 4318751.093, 93
Trd, 4318751.793, 92
Trd, 4318753.393, 92
Trd, 4318754.193, 91
Trd, 4318754.343, 101
Trd, 4318755.243, 90
Trd, 4318755.593, 97
Trd, 4318759.193, 93
Trd, 4318759.493, 92
Trd, 4318759.943, 91
Trd, 4318760.593, 93
Trd, 4318762.243, 104
Trd, 4318763.543, 113
Trd, 4318763.593, 90
Trd, 4318767.993, 91
Trd, 4318768.143, 91
Trd, 4318769.743, 91
Trd, 4318770.243, 90
Trd, 4318772.043, 91
Trd, 4318773.293, 91
Trd, 4318774.293, 104
Trd, 4318776.693, 95
Trd, 4318777.443, 95
Trd, 4318777.593, 89
Trd, 4318779.143, 96
Trd, 4318780.093, 95
Trd, 4318781.843, 95
Trd, 4318782.093, 96
Trd, 4318783.143, 94
Trd, 4318783.443, 93
Trd, 4318785.593, 95
Trd, 4318785.743, 76
Trd, 4318788.093, 94
Trd, 4318789.143, 92
Trd, 4318791.393, 90
Trd, 4318791.943, 91
Trd, 4318792.643, 92
Trd, 4318794.643, 91
Trd, 4318794.693, 102
Trd, 4318796.793, 96
Trd, 4318798.143, 90
Trd, 4318799.093, 95
Trd, 4318799.543, 95
Trd, 4318803.393, 92
Trd, 4318803.893, 92
Trd, 4318805.043, 91
Trd, 4318805.893, 94
Trd, 4318809.793, 95
Trd, 4318810.593, 94
Trd, 4318811.243, 90
Trd, 4318811.493, 104
Trd, 4318813.643, 101
Trd, 4318815.143, 99
Trd, 4318816.193, 94
Trd, 4318817.993, 96
Trd, 4318821.243, 93
Trd, 4318821.293, 97
Trd, 4318821.793, 93
Trd, 4318822.493, 98
Trd, 4318822.993, 92
Trd, 4318828.343, 92
Trd, 4318828.443, 93
Trd, 4318828.993, 99
Trd, 4318829.643, 92
Trd, 4318831.293, 91
Trd, 4318832.443, 95
Trd, 4318832.543, 128
Trd, 4318834.343, 110
Trd, 4318836.243, 107
Trd, 4318836.893, 107
Trd, 4318837.643, 107
Trd, 4318837.693, 105
Trd, 4318840.093, 105
Trd, 4318840.443, 107
Trd, 4318840.543, 103
Trd, 4318841.393, 113
Trd, 4318843.793, 103
Trd, 4318843.943, 107
Trd, 4318847.293, 105
Trd, 4318847.593, 105
Trd, 4318848.193, 104
Trd, 4318849.093, 102
Trd, 4318850.643, 104
Trd, 4318851.143, 101
Trd, 4318852.943, 99
Trd, 4318853.493, 96
Trd, 4318855.243, 94
Trd, 4318855.343, 94
Trd, 4318855.693, 92
Trd, 4318855.893, 95
Trd, 4318858.243, 85
Trd, 4318858.943, 96
Trd, 4318861.993, 93
Trd, 4318863.493, 99
Trd, 4318865.793, 102
Trd, 4318866.093, 101
Trd, 4318866.593, 96
Trd, 4318867.443, 94
Trd, 4318868.443, 95
Trd, 4318869.143, 104
Trd, 4318869.893, 98
Trd, 4318870.643, 94
Trd, 4318873.193, 94
Trd, 4318873.793, 95
Trd, 4318876.743, 96
Trd, 4318878.943, 96
Trd, 4318879.093, 95
Trd, 4318879.643, 97
Trd, 4318880.943, 96
Trd, 4318881.793, 97
Trd, 4318882.893, 104
Trd, 4318883.693, 95
Trd, 4318887.793, 97
Trd, 4318888.343, 96
Trd, 4318888.593, 94
Trd, 4318889.693, 94
Trd, 4318889.843, 97
Trd, 4318890.793, 96
Trd, 4318891.843, 95
Trd, 4318893.293, 90
Trd, 4318895.393, 91
Trd, 4318896.543, 91
Trd, 4318897.943, 91
Trd, 4318898.893, 91
Trd, 4318899.393, 94
Trd, 4318902.343, 91
Trd, 4318903.043, 91
Trd, 4318903.093, 94
Trd, 4318904.993, 92
Trd, 4318905.943, 93
Trd, 4318909.043, 93
Trd, 4318910.743, 92
Trd, 4318910.893, 93
Trd, 4318911.093, 102
Trd, 4318911.493, 104
Trd, 4318911.843, 92
Trd, 4318914.093, 96
Trd, 4318917.643, 96
Trd, 4318917.843, 95
Trd, 4318918.443, 96
Trd, 4318919.593, 93
Trd, 4318920.493, 95
Trd, 4318922.593, 96
Trd, 4318923.443, 96
Trd, 4318924.443, 95
Trd, 4318924.843, 95
Trd, 4318925.793, 94
Trd, 4318927.393, 96
Trd, 4318927.543, 104
Trd, 4318928.393, 100
Trd, 4318928.593, 94
Trd, 4318931.093, 99
Trd, 4318931.893, 99
Trd, 4318935.543, 99
Trd, 4318935.643, 97
Trd, 4318936.343, 94
Trd, 4318936.843, 103
Trd, 4318937.743, 96
Trd, 4318938.493, 104
Trd, 4318940.643, 97
Trd, 4318941.543, 95
Trd, 4318941.693, 93
Trd, 4318942.643, 96
Trd, 4318944.643, 95
Trd, 4318945.843, 96
Trd, 4318947.243, 95
Trd, 4318947.843, 95
Trd, 4318948.643, 104
Trd, 4318953.093, 95
Trd, 4318953.593, 94
Trd, 4318953.893, 97
Trd, 4318955.343, 98
Trd, 4318958.343, 94
Trd, 4318958.643, 94
Trd, 4318961.643, 93
Trd, 4318963.793, 94
Trd, 4318964.243, 95
Trd, 4318965.493, 94
Trd, 4318966.243, 93
Trd, 4318966.443, 95
Trd, 4318969.293, 95
Trd, 4318969.693, 95
Trd, 4318970.943, 94
Trd, 4318971.443, 96
Trd, 4318972.343, 104
Trd, 4318974.193, 93
Trd, 4318975.793, 92
Trd, 4318976.443, 93
Trd, 4318976.743, 100
Trd, 4318979.443, 94
Trd, 4318980.043, 93
Trd, 4318980.743, 104
Trd, 4318981.243, 95
Trd, 4318983.593, 104
Trd, 4318985.243, 94
Trd, 4318985.793, 95
Trd, 4318987.593, 94
Trd, 4318987.743, 96
Trd, 4318987.993, 113
Trd, 4318991.543, 99
Trd, 4318991.993, 93
Trd, 4318994.943, 96
Trd, 4318996.243, 95
Trd, 4318996.993, 96
Trd, 4318998.643, 97
Trd, 4318999.343, 95
Trd, 4319000.793, 97
Trd, 4319002.993, 98
Trd, 4319003.493, 95
Trd, 4319003.543, 97
Trd, 4319006.243, 94
Trd, 4319007.043, 96
Trd, 4319007.993, 100
Trd, 4319009.943, 95
Trd, 4319010.993, 96
Trd, 4319012.393, 94
Trd, 4319012.443, 95
Trd, 4319013.393, 104
Trd, 4319014.943, 93
Trd, 4319015.143, 97
Trd, 4319016.743, 95
Trd, 4319017.243, 93
Trd, 4319017.843, 94
Trd, 4319018.893, 92
Trd, 4319020.993, 95
Trd, 4319023.143, 113
Trd, 4319025.993, 94
Trd, 4319026.093, 95
Trd, 4319027.793, 95
Trd, 4319028.343, 95
Trd, 4319029.193, 95
Trd, 4319029.643, 96
Trd, 4319032.443, 93
Trd, 4319032.643, 95
Trd, 4319032.843, 95
Trd, 4319034.543, 92
Trd, 4319036.243, 95
Trd, 4319037.643, 93
Trd, 4319039.043, 95
Trd, 4319039.293, 94
Trd, 4319041.593, 92
Trd, 4319041.893, 98
Trd, 4319041.993, 114
Trd, 4319044.043, 98
Trd, 4319044.193, 97
Trd, 4319045.493, 98
Trd, 4319048.093, 98
Trd, 4319049.143, 95
Trd, 4319049.793, 98
Trd, 4319051.443, 96
Trd, 4319054.243, 95
Trd, 4319055.343, 94
Trd, 4319055.443, 113
Trd, 4319056.293, 93
Trd, 4319058.643, 95
Trd, 4319059.943, 95
Trd, 4319060.843, 96
Trd, 4319064.093, 94
Trd, 4319064.993, 94
Trd, 4319065.543, 96
Trd, 4319065.993, 93
Trd, 4319067.293, 96
Trd, 4319070.793, 97
Trd, 4319071.243, 97
Trd, 4319072.193, 97
Trd, 4319073.293, 103
Trd, 4319073.843, 113
Trd, 4319075.143, 95
Trd, 4319077.943, 97
Trd, 4319078.943, 97
Trd, 4319079.043, 96
Trd, 4319079.943, 104
Trd, 4319081.693, 91
Trd, 4319082.693, 92
Trd, 4319082.743, 90
Trd, 4319085.093, 93
Trd, 4319086.343, 90
Trd, 4319086.793, 92
Trd, 4319087.643, 91
Trd, 4319087.993, 91
Trd, 4319091.193, 93
Trd, 4319092.193, 94
Trd, 4319092.743, 95
Trd, 4319096.443, 93
Trd, 4319096.493, 113
Trd, 4319096.893, 123
Trd, 4319097.393, 96
Trd, 4319098.393, 96
Trd, 4319098.843, 98
Trd, 4319101.643, 98
Trd, 4319102.693, 98
Trd, 4319102.743, 95
Trd, 4319104.243, 96
Trd, 4319104.343, 94
Trd, 4319106.593, 95
Trd, 4319108.193, 95
Trd, 4319108.793, 94
Trd, 4319109.243, 93
Trd, 4319109.843, 93
Trd, 4319110.843, 104
Trd, 4319112.543, 99
Trd, 4319113.243, 95
Trd, 4319115.643, 98
Trd, 4319116.293, 98
Trd, 4319116.793, 97
Trd, 4319117.443, 96
Trd, 4319118.393, 94
Trd, 4319118.643, 95
Trd, 4319118.943, 117
Trd, 4319119.693, 105
Trd, 4319120.843, 105
Trd, 4319122.243, 96
Trd, 4319124.393, 95
Trd, 4319126.843, 95
Trd, 4319127.593, 96
Trd, 4319128.593, 95
Trd, 4319129.543, 117
Trd, 4319132.493, 98
Trd, 4319132.743, 97
Trd, 4319135.743, 96
Trd, 4319135.793, 95
Trd, 4319136.643, 104
Trd, 4319138.043, 96
Trd, 4319139.193, 98
Trd, 4319140.943, 98
Trd, 4319141.743, 99
Trd, 4319141.793, 96
Trd, 4319144.693, 99
Trd, 4319147.193, 99
Trd, 4319147.393, 97
Trd, 4319147.893, 99
Trd, 4319149.393, 95
Trd, 4319151.143, 95
Trd, 4319151.943, 95
Trd, 4319152.793, 95
Trd, 4319154.243, 96
Trd, 4319156.443, 97
Trd, 4319156.643, 104
Trd, 4319157.443, 98
Trd, 4319157.893, 103
Trd, 4319158.293, 95
Trd, 4319160.193, 98
Trd, 4319161.143, 95
Trd, 4319162.093, 96
Trd, 4319162.243, 94
Trd, 4319163.993, 85
Trd, 4319166.143, 93
Trd, 4319167.043, 91
Trd, 4319168.893, 97
Trd, 4319169.243, 93
Trd, 4319169.693, 102
Trd, 4319171.743, 92
Trd, 4319173.193, 96
Trd, 4319176.043, 96
Trd, 4319176.643, 96
Trd, 4319177.593, 99
Trd, 4319178.093, 93
Trd, 4319180.343, 99
Trd, 4319180.743, 98
Trd, 4319183.093, 95
Trd, 4319183.693, 94
Trd, 4319184.543, 92
Trd, 4319185.043, 97
Trd, 4319186.043, 100
Trd, 4319186.643, 104
Trd, 4319189.743, 99
Trd, 4319190.643, 99
Trd, 4319191.993, 99
Trd, 4319192.043, 96
Trd, 4319193.693, 96
Trd, 4319193.943, 94
Trd, 4319194.593, 95
Trd, 4319197.293, 97
Trd, 4319199.143, 93
Trd, 4319199.493, 97
Trd, 4319201.443, 97
Trd, 4319202.793, 97
Trd, 4319204.143, 96
Trd, 4319204.743, 97
Trd, 4319207.693, 97
Trd, 4319208.043, 98
Trd, 4319209.543, 98
Trd, 4319212.193, 96
Trd, 4319212.343, 95
Trd, 4319215.243, 98
Trd, 4319215.293, 96
Trd, 4319216.343, 96
Trd, 4319219.643, 96
Trd, 4319219.943, 95
Trd, 4319221.643, 96
Trd, 4319221.993, 98
Trd, 4319223.643, 95
Trd, 4319225.343, 96
Trd, 4319225.693, 94
Trd, 4319228.143, 96
Trd, 4319228.193, 94
Trd, 4319230.593, 95
Trd, 4319230.643, 104
Trd, 4319233.093, 101
Trd, 4319233.593, 100
Trd, 4319234.143, 99
Trd, 4319236.743, 99
Trd, 4319238.493, 95
Trd, 4319239.093, 92
Trd, 4319240.493, 96
Trd, 4319241.643, 101
Trd, 4319241.793, 99
Trd, 4319242.343, 118
Trd, 4319244.043, 100
Trd, 4319244.493, 95
Trd, 4319247.043, 94
Trd, 4319248.743, 89
Trd, 4319248.793, 90
Trd, 4319250.143, 119
Trd, 4319252.293, 99
Trd, 4319253.093, 105
Trd, 4319253.543, 98
Trd, 4319254.593, 94
Trd, 4319255.043, 94
Trd, 4319255.893, 93
Trd, 4319256.093, 94
Trd, 4319257.193, 95
Trd, 4319259.193, 92
Trd, 4319260.793, 92
Trd, 4319261.493, 93
Trd, 4319261.543, 94
Trd, 4319263.393, 99
Trd, 4319263.743, 100
Trd, 4319266.193, 96
Trd, 4319266.943, 96
Trd, 4319266.993, 93
Trd, 4319267.843, 104
Trd, 4319269.193, 92
Trd, 4319269.593, 92
Trd, 4319270.493, 94
Trd, 4319272.343, 93
Trd, 4319272.543, 93
Trd, 4319273.793, 92
Trd, 4319274.243, 92
Trd, 4319277.143, 94
Trd, 4319277.293, 93
Trd, 4319278.543, 97
Trd, 4319278.743, 104
Trd, 4319282.243, 95
Trd, 4319282.493, 93
Trd, 4319284.493, 93
Trd, 4319286.143, 96
Trd, 4319288.343, 92
Trd, 4319288.493, 95
Trd, 4319289.043, 104
Trd, 4319292.443, 95
Trd, 4319292.543, 95
Trd, 4319293.493, 95
Trd, 4319294.043, 94
Trd, 4319295.693, 96
Trd, 4319295.843, 93
Trd, 4319296.693, 96
Trd, 4319298.343, 103
Trd, 4319299.443, 92
Trd, 4319300.243, 100
Trd, 4319304.193, 95
Trd, 4319305.243, 95
Trd, 4319305.343, 97
Trd, 4319305.693, 94
Trd, 4319307.093, 97
Trd, 4319310.143, 95
Trd, 4319310.243, 101
Trd, 4319310.643, 94
Trd, 4319311.943, 100
Trd, 4319312.743, 97
Trd, 4319315.593, 94
Trd, 4319316.493, 98
Trd, 4319317.743, 95
Trd, 4319318.293, 93
Trd, 4319320.443, 93
Trd, 4319321.443, 95
Trd, 4319323.543, 94
Trd, 4319326.093, 93
Trd, 4319326.193, 92
Trd, 4319326.343, 93
Trd, 4319328.793, 91
Trd, 4319332.143, 93
Trd, 4319332.393, 93
Trd, 4319332.993, 101
Trd, 4319334.543, 104
Trd, 4319335.143, 101
Trd, 4319336.293, 92
Trd, 4319340.743, 95
Trd, 4319340.793, 103
Trd, 4319340.843, 93
Trd, 4319342.743, 100
Trd, 4319343.343, 101
Trd, 4319344.093, 95
Trd, 4319345.793, 103
Trd, 4319348.793, 100
Trd, 4319351.343, 99
Trd, 4319351.693, 95
Trd, 4319352.043, 101
Trd, 4319353.793, 100
Trd, 4319355.343, 100
Trd, 4319356.493, 102
Trd, 4319357.293, 98
Trd, 4319358.793, 99
Trd, 4319359.893, 99
Trd, 4319360.243, 98
Trd, 4319361.443, 97
Trd, 4319362.343, 87
Trd, 4319362.993, 92
Trd, 4319363.693, 91
Trd, 4319365.343, 90
Trd, 4319367.543, 95
Trd, 4319368.493, 96
Trd, 4319370.243, 95
Trd, 4319370.393, 94
Trd, 4319372.543, 92
Trd, 4319375.493, 91
Trd, 4319375.593, 94
Trd, 4319376.093, 94
Trd, 4319377.093, 92
Trd, 4319378.643, 104
Trd, 4319381.993, 96
Trd, 4319383.143, 94
Trd, 4319383.393, 95
Trd, 4319383.943, 94
Trd, 4319385.293, 92
Trd, 4319385.443, 94
Trd, 4319385.943, 114
Trd, 4319387.043, 92
Trd, 4319390.193, 91
Trd, 4319391.343, 93
Trd, 4319393.743, 96
Trd, 4319395.643, 91
Trd, 4319396.093, 94
Trd, 4319398.093, 94
Trd, 4319401.493, 92
Trd, 4319401.593, 95
Trd, 4319401.793, 91
Trd, 4319405.193, 92
Trd, 4319406.493, 95
Trd, 4319407.843, 95
Trd, 4319408.693, 95
Trd, 4319409.543, 105
Trd, 4319410.143, 91
Trd, 4319412.293, 98
Trd, 4319412.593, 96
Trd, 4319413.743, 96
Trd, 4319414.843, 95
Trd, 4319416.443, 94
Trd, 4319417.093, 94
Trd, 4319419.293, 95
Trd, 4319419.643, 95
Trd, 4319420.643, 95
Trd, 4319420.743, 104
Trd, 4319421.493, 113
Trd, 4319422.193, 105
Trd, 4319424.443, 94
Trd, 4319425.893, 105
Trd, 4319427.043, 95
Trd, 4319428.093, 96
Trd, 4319428.543, 94
Trd, 4319428.593, 95
Trd, 4319433.043, 94
Trd, 4319433.243, 95
Trd, 4319434.393, 95
Trd, 4319435.393, 93
Trd, 4319436.393, 94
Trd, 4319438.493, 95
Trd, 4319441.243, 95
Trd, 4319441.793, 97
Trd, 4319442.943, 94
Trd, 4319443.393, 98
Trd, 4319443.843, 104
Trd, 4319446.193, 98
Trd, 4319446.893, 96
Trd, 4319448.543, 96
Trd, 4319448.943, 95
Trd, 4319449.043, 95
Trd, 4319450.793, 94
Trd, 4319450.943, 96
Trd, 4319452.243, 90
Trd, 4319452.993, 89
Trd, 4319454.593, 93
Trd, 4319455.393, 92
Trd, 4319460.243, 92
Trd, 4319460.343, 91
Trd, 4319460.993, 95
Trd, 4319461.443, 114
Trd, 4319463.293, 93
Trd, 4319463.843, 92
Trd, 4319463.993, 94
Trd, 4319466.093, 91
Trd, 4319466.543, 95
Trd, 4319469.143, 90
Trd, 4319470.643, 89
Trd, 4319471.893, 92
Trd, 4319472.543, 91
Trd, 4319475.243, 92
Trd, 4319475.443, 98
Trd, 4319475.893, 91
Trd, 4319479.393, 92
Trd, 4319480.793, 94
Trd, 4319481.743, 94
Trd, 4319481.993, 93
Trd, 4319482.943, 94
Trd, 4319486.293, 94
Trd, 4319488.493, 94
Trd, 4319489.193, 94
Trd, 4319489.743, 93
Trd, 4319490.543, 92
Trd, 4319491.743, 89
Trd, 4319492.693, 90
Trd, 4319493.593, 88
Trd, 4319497.943, 91
Trd, 4319498.543, 90
Trd, 4319498.743, 89
Trd, 4319498.993, 96
Trd, 4319499.093, 115
Trd, 4319503.693, 96
Trd, 4319504.493, 97
Trd, 4319504.543, 96
Trd, 4319506.843, 95
Trd, 4319508.543, 97
Trd, 4319508.893, 104
Trd, 4319511.343, 102
Trd, 4319512.543, 103
Trd, 4319512.793, 96
Trd, 4319513.793, 104
Trd, 4319514.593, 101
Trd, 4319519.493, 101
Trd, 4319520.293, 103
Trd, 4319521.443, 95
Trd, 4319521.693, 97
Trd, 4319521.843, 104
Trd, 4319523.593, 97
Trd, 4319523.943, 96
Trd, 4319524.243, 97
Trd, 4319527.393, 97
Trd, 4319527.493, 97
Trd, 4319529.743, 98
Trd, 4319530.693, 97
Trd, 4319531.293, 97
Trd, 4319532.793, 97
Trd, 4319534.393, 95
Trd, 4319535.393, 98
Trd, 4319535.643, 95
Trd, 4319537.143, 97
Trd, 4319537.993, 95
Trd, 4319538.243, 95
Trd, 4319541.293, 95
Trd, 4319541.743, 94
Trd, 4319542.393, 95
Trd, 4319542.693, 75
Trd, 4319543.693, 95
Trd, 4319545.043, 95
Trd, 4319547.143, 93
Trd, 4319549.643, 91
Trd, 4319550.443, 92
Trd, 4319551.093, 93
Trd, 4319551.593, 93
Trd, 4319552.943, 91
Trd, 4319553.543, 94
Trd, 4319556.093, 93
Trd, 4319556.443, 104
Trd, 4319557.143, 100
Trd, 4319559.193, 104
Trd, 4319560.743, 96
Trd, 4319561.843, 95
Trd, 4319562.343, 94
Trd, 4319562.393, 94
Trd, 4319563.443, 92
Trd, 4319564.143, 93
Trd, 4319564.593, 94
Trd, 4319565.193, 99
Trd, 4319566.043, 113
Trd, 4319570.443, 102
Trd, 4319570.743, 102
Trd, 4319571.843, 103
Trd, 4319572.343, 104
Trd, 4319572.793, 101
Trd, 4319573.543, 94
Trd, 4319573.893, 99
Trd, 4319576.693, 99
Trd, 4319577.343, 98
Trd, 4319578.043, 97
Trd, 4319579.693, 97
Trd, 4319580.043, 93
Trd, 4319580.343, 94
Trd, 4319584.143, 94
Trd, 4319584.343, 94
Trd, 4319585.993, 94
Trd, 4319586.643, 95
Trd, 4319588.143, 103
Trd, 4319590.943, 96
Trd, 4319591.643, 94
Trd, 4319591.893, 97
Trd, 4319592.743, 96
Trd, 4319593.093, 100
Trd, 4319594.893, 104
Trd, 4319595.543, 94
Trd, 4319597.443, 94
Trd, 4319598.143, 91
Trd, 4319599.293, 90
Trd, 4319599.743, 92
Trd, 4319601.543, 104
Trd, 4319604.143, 95
Trd, 4319604.843, 96
Trd, 4319606.643, 94
Trd, 4319606.843, 97
Trd, 4319608.593, 97
Trd, 4319611.093, 93
Trd, 4319612.243, 94
Trd, 4319612.993, 93
Trd, 4319613.693, 93
Trd, 4319613.893, 103
Trd, 4319613.943, 104
Trd, 4319614.843, 92
Trd, 4319614.893, 102
Trd, 4319620.593, 92
Trd, 4319621.993, 92
Trd, 4319622.993, 93
Trd, 4319623.693, 93
Trd, 4319623.793, 104
Trd, 4319624.143, 92
Trd, 4319628.443, 94
Trd, 4319629.093, 95
Trd, 4319629.143, 94
Trd, 4319629.543, 95
Trd, 4319629.643, 104
Trd, 4319630.143, 94
Trd, 4319631.293, 93
Trd, 4319632.543, 96
Trd, 4319634.293, 93
Trd, 4319637.643, 95
Trd, 4319638.043, 96
Trd, 4319639.393, 102
Trd, 4319639.593, 104
Trd, 4319643.293, 95
Trd, 4319643.943, 93
Trd, 4319646.593, 94
Trd, 4319647.293, 95
Trd, 4319647.693, 92
Trd, 4319647.943, 95
Trd, 4319650.093, 93
Trd, 4319650.943, 93
Trd, 4319651.343, 92
Trd, 4319651.493, 125
Trd, 4319653.093, 102
Trd, 4319655.643, 90
Trd, 4319656.743, 95
Trd, 4319657.943, 97
Trd, 4319661.093, 92
Trd, 4319662.493, 93
Trd, 4319665.343, 92
Trd, 4319665.443, 94
Trd, 4319667.093, 94
Trd, 4319667.843, 93
Trd, 4319668.643, 95
Trd, 4319669.343, 95
Trd, 4319669.643, 104
Trd, 4319669.743, 118
Trd, 4319670.843, 93
Trd, 4319673.593, 93
Trd, 4319674.393, 92
Trd, 4319674.943, 91
Trd, 4319677.193, 102
Trd, 4319678.693, 95
Trd, 4319679.543, 95
Trd, 4319681.543, 96
Trd, 4319682.143, 95
Trd, 4319683.193, 96
Trd, 4319683.993, 96
Trd, 4319685.393, 116
Trd, 4319687.143, 94
Trd, 4319688.243, 94
Trd, 4319689.693, 96
Trd, 4319691.493, 96
Trd, 4319691.543, 97
Trd, 4319691.593, 95
Trd, 4319694.043, 91
Trd, 4319696.093, 84
Trd, 4319697.043, 87
Trd, 4319697.193, 91
Trd, 4319698.143, 90
Trd, 4319699.643, 93
Trd, 4319701.143, 94
Trd, 4319703.093, 94
Trd, 4319704.143, 94
Trd, 4319707.743, 95
Trd, 4319708.693, 95
Trd, 4319709.093, 93
Trd, 4319709.243, 103
Trd, 4319710.143, 99
Trd, 4319710.943, 117
Trd, 4319712.993, 106
Trd, 4319713.093, 99
Trd, 4319714.043, 131
Trd, 4319715.693, 94
Trd, 4319717.243, 99
Trd, 4319719.243, 97
Trd, 4319719.343, 95
Trd, 4319720.293, 93
Trd, 4319720.493, 97
Trd, 4319722.493, 95
Trd, 4319723.893, 89
Trd, 4319724.943, 88
Trd, 4319725.343, 104
Trd, 4319728.643, 94
Trd, 4319728.943, 92
Trd, 4319729.093, 95
Trd, 4319730.843, 89
Trd, 4319732.443, 95
Trd, 4319733.943, 96
Trd, 4319734.243, 95
Trd, 4319735.843, 97
Trd, 4319737.193, 97
Trd, 4319738.393, 96
Trd, 4319739.593, 97
Trd, 4319740.043, 97
Trd, 4319742.443, 95
Trd, 4319743.793, 93
Trd, 4319744.243, 93
Trd, 4319744.793, 95
Trd, 4319744.893, 104
Trd, 4319747.393, 100
Trd, 4319748.043, 92
Trd, 4319749.193, 98
Trd, 4319751.043, 100
Trd, 4319753.143, 96
Trd, 4319753.843, 96
Trd, 4319754.843, 99
Trd, 4319756.193, 94
Trd, 4319756.343, 104
Trd, 4319757.843, 102
Trd, 4319758.443, 103
Trd, 4319759.943, 98
Trd, 4319760.843, 97
Trd, 4319761.393, 104
Trd, 4319762.393, 96
Trd, 4319764.043, 95
Trd, 4319764.993, 100
Trd, 4319769.943, 98
Trd, 4319770.343, 97
Trd, 4319770.493, 98
Trd, 4319771.643, 94
Trd, 4319772.743, 99
Trd, 4319774.493, 95
Trd, 4319776.043, 94
Trd, 4319776.243, 94
Trd, 4319777.243, 93
Trd, 4319777.393, 95
Trd, 4319779.393, 92
Trd, 4319780.243, 95
Trd, 4319782.993, 91
Trd, 4319784.643, 105
Trd, 4319784.893, 104
Trd, 4319785.643, 99
Trd, 4319785.743, 102
Trd, 4319788.093, 104
Trd, 4319788.943, 112
Trd, 4319788.993, 103
Trd, 4319790.593, 101
Trd, 4319792.093, 114
Trd, 4319793.093, 103
Trd, 4319795.343, 103
Trd, 4319796.643, 102
Trd, 4319796.893, 101
Trd, 4319797.393, 104
Trd, 4319797.943, 102
Trd, 4319799.793, 101
Trd, 4319800.993, 104
Trd, 4319801.743, 103
Trd, 4319801.993, 101
Trd, 4319805.043, 97
Trd, 4319805.443, 94
Trd, 4319806.293, 99
Trd, 4319806.593, 98
Trd, 4319807.293, 104
Trd, 4319807.543, 97
Trd, 4319808.993, 102
Trd, 4319809.393, 98
Trd, 4319810.493, 99
Trd, 4319810.793, 121
Trd, 4319811.943, 97
Trd, 4319814.743, 95
Trd, 4319814.843, 96
Trd, 4319815.993, 94
Trd, 4319818.043, 95
Trd, 4319819.143, 95
Trd, 4319819.593, 96
Trd, 4319819.993, 104
Trd, 4319820.743, 82
Trd, 4319822.193, 104
Trd, 4319825.293, 94
Trd, 4319825.343, 93
Trd, 4319825.493, 96
Trd, 4319825.543, 93
Trd, 4319826.693, 96
Trd, 4319829.343, 96
Trd, 4319830.993, 97
Trd, 4319831.743, 95
Trd, 4319832.193, 97
Trd, 4319833.893, 98
Trd, 4319835.843, 97
Trd, 4319837.443, 98
Trd, 4319837.593, 96
Trd, 4319837.693, 98
Trd, 4319839.793, 96
Trd, 4319840.643, 98
Trd, 4319840.793, 95
Trd, 4319841.393, 104
Trd, 4319842.993, 94
Trd, 4319844.293, 100
Trd, 4319844.943, 101
Trd, 4319848.043, 97
Trd, 4319848.693, 97
Trd, 4319848.993, 96
Trd, 4319849.593, 104
Trd, 4319850.143, 95
Trd, 4319853.943, 95
Trd, 4319854.493, 95
Trd, 4319855.043, 94
Trd, 4319855.993, 95
Trd, 4319856.693, 95
Trd, 4319856.793, 94
Trd, 4319858.443, 93
Trd, 4319859.493, 104
Trd, 4319861.443, 97
Trd, 4319863.693, 97
Trd, 4319865.493, 94
Trd, 4319866.043, 95
Trd, 4319867.193, 94
Trd, 4319868.793, 95
Trd, 4319869.393, 104
Trd, 4319870.893, 95
Trd, 4319871.493, 94
Trd, 4319873.443, 95
Trd, 4319874.743, 95
Trd, 4319878.093, 93
Trd, 4319878.443, 94
Trd, 4319878.643, 101
Trd, 4319878.993, 93
Trd, 4319881.493, 96
Trd, 4319883.393, 92
Trd, 4319885.143, 92
Trd, 4319885.943, 92
Trd, 4319886.493, 91
Trd, 4319887.343, 94
Trd, 4319890.193, 90
Trd, 4319892.143, 93
Trd, 4319893.293, 92
Trd, 4319894.493, 90
Trd, 4319897.493, 91
Trd, 4319897.593, 104
Trd, 4319898.593, 89
Trd, 4319899.743, 95
Trd, 4319901.193, 91
Trd, 4319902.443, 94
Trd, 4319905.143, 95
Trd, 4319906.593, 94
Trd, 4319909.193, 93
Trd, 4319909.443, 95
Trd, 4319911.893, 99
Trd, 4319913.693, 95
Trd, 4319913.843, 98
Trd, 4319915.593, 96
Trd, 4319916.293, 95
Trd, 4319916.743, 95
Trd, 4319919.393, 97
Trd, 4319920.743, 96
Trd, 4319921.143, 104
Trd, 4319922.393, 94
Trd, 4319923.443, 96
Trd, 4319925.993, 95
Trd, 4319928.193, 94
Trd, 4319928.443, 93
Trd, 4319928.693, 97
Trd, 4319929.793, 104
Trd, 4319930.143, 85
Trd, 4319934.343, 99
Trd, 4319934.843, 98
Trd, 4319935.293, 97
Trd, 4319935.743, 95
Trd, 4319936.843, 95
Trd, 4319938.543, 96
Trd, 4319940.543, 96
Trd, 4319941.093, 94
Trd, 4319941.593, 102
Trd, 4319944.393, 95
Trd, 4319944.693, 95
Trd, 4319944.743, 91
Trd, 4319945.793, 83
Trd, 4319946.393, 95
Trd, 4319950.693, 93
Trd, 4319951.393, 95
Trd, 4319952.043, 92
Trd, 4319954.093, 92
Trd, 4319954.393, 91
Trd, 4319954.443, 106
Trd, 4319956.493, 98
Trd, 4319957.293, 99
Trd, 4319959.043, 99
Trd, 4319960.543, 100
Trd, 4319960.643, 104
Trd, 4319962.643, 104
Trd, 4319964.043, 98
Trd, 4319966.293, 95
Trd, 4319966.743, 94
Trd, 4319968.393, 87
Trd, 4319968.543, 87
Trd, 4319969.143, 113
Trd, 4319969.893, 105
Trd, 4319971.993, 98
Trd, 4319972.993, 95
Trd, 4319973.193, 93
Trd, 4319974.843, 91
Trd, 4319977.943, 92
Trd, 4319979.093, 92
Trd, 4319979.793, 91
Trd, 4319982.143, 93
Trd, 4319982.493, 97
Trd, 4319985.293, 93
Trd, 4319985.743, 101
Trd, 4319987.943, 98
Trd, 4319988.993, 97
Trd, 4319992.143, 97
Trd, 4319992.243, 98
Trd, 4319993.243, 99
Trd, 4319993.593, 96
Trd, 4319997.143, 96
Trd, 4319998.593, 97
Trd, 4319998.743, 95
