Trd, 4318082.493, 92
Trd, 4318083.093, 122
Trd, 4318083.343, 73
Trd, 4318084.293, 69
Trd, 4318085.143, 109
Trd, 4318085.843, 92
Trd, 4318086.293, 116
Trd, 4318086.543, 115
Trd, 4318087.493, 99
Trd, 4318088.193, 88
Trd, 4318088.393, 77
Trd, 4318089.243, 83
Trd, 4318090.443, 122
Trd, 4318090.893, 135
Trd, 4318092.443, 111
Trd, 4318094.593, 70
Trd, 4318095.243, 100
Trd, 4318095.343, 118
Trd, 4318096.093, 76
Trd, 4318096.693, 62
Trd, 4318097.693, 60
Trd, 4318099.993, 83
Trd, 4318100.743, 88
Trd, 4318101.143, 93
Trd, 4318101.343, 79
Trd, 4318101.943, 113
Trd, 4318103.443, 82
Trd, 4318104.743, 88
Trd, 4318104.843, 65
Trd, 4318105.593, 101
Trd, 4318108.743, 136
Trd, 4318108.893, 123
Trd, 4318110.043, 130
Trd, 4318110.693, 126
Trd, 4318111.643, 119
Trd, 4318112.543, 119
Trd, 4318113.343, 92
Trd, 4318113.993, 97
Trd, 4318114.593, 91
Trd, 4318115.643, 84
Trd, 4318116.843, 72
Trd, 4318118.143, 116
Trd, 4318118.843, 128
Trd, 4318119.493, 129
Trd, 4318120.643, 110
Trd, 4318121.343, 103
Trd, 4318121.443, 90
Trd, 4318123.143, 117
Trd, 4318124.693, 135
Trd, 4318124.793, 120
Trd, 4318125.093, 108
Trd, 4318125.943, 105
Trd, 4318127.243, 121
Trd, 4318127.643, 122
Trd, 4318128.193, 92
Trd, 4318128.293, 86
Trd, 4318129.043, 89
Trd, 4318129.143, 113
Trd, 4318130.043, 88
Trd, 4318131.743, 110
Trd, 4318132.643, 112
Trd, 4318132.793, 111
Trd, 4318133.243, 115
Trd, 4318136.193, 135
Trd, 4318136.643, 134
Trd, 4318137.243, 138
Trd, 4318138.493, 104
Trd, 4318138.843, 94
Trd, 4318138.893, 89
Trd, 4318139.793, 124
Trd, 4318140.543, 86
Trd, 4318140.743, 83
Trd, 4318141.793, 101
Trd, 4318143.043, 112
Trd, 4318143.443, 121
Trd, 4318143.593, 95
Trd, 4318144.893, 98
Trd, 4318144.943, 75
Trd, 4318146.793, 107
Trd, 4318147.243, 121
Trd, 4318148.343, 82
Trd, 4318151.393, 128
Trd, 4318151.593, 130
Trd, 4318153.343, 130
Trd, 4318153.443, 129
Trd, 4318153.993, 123
Trd, 4318154.093, 119
Trd, 4318155.693, 114
Trd, 4318156.243, 110
Trd, 4318157.093, 97
Trd, 4318157.543, 125
Trd, 4318157.693, 116
Trd, 4318158.893, 94
Trd, 4318159.343, 134
Trd, 4318160.443, 140
Trd, 4318161.393, 106
Trd, 4318161.593, 98
Trd, 4318163.093, 106
Trd, 4318163.743, 131
Trd, 4318165.393, 127
Trd, 4318165.693, 97
Trd, 4318168.143, 108
Trd, 4318169.493, 140
Trd, 4318170.593, 139
Trd, 4318170.643, 126
Trd, 4318171.593, 140
Trd, 4318172.243, 139
Trd, 4318172.343, 123
Trd, 4318172.893, 115
Trd, 4318173.043, 122
Trd, 4318173.493, 110
Trd, 4318174.143, 95
Trd, 4318175.143, 107
Trd, 4318175.443, 104
Trd, 4318177.293, 117
Trd, 4318178.043, 110
Trd, 4318178.443, 100
Trd, 4318178.493, 117
Trd, 4318179.943, 128
Trd, 4318182.093, 128
Trd, 4318182.793, 130
Trd, 4318182.843, 125
Trd, 4318184.293, 101
Trd, 4318184.643, 119
Trd, 4318184.893, 119
Trd, 4318185.393, 100
Trd, 4318185.443, 97
Trd, 4318188.043, 115
Trd, 4318188.743, 100
Trd, 4318188.993, 107
Trd, 4318189.093, 97
Trd, 4318189.343, 130
Trd, 4318189.443, 82
Trd, 4318189.593, 121
Trd, 4318190.643, 66
Trd, 4318190.893, 73
Trd, 4318191.293, 108
Trd, 4318194.443, 82
Trd, 4318194.693, 76
Trd, 4318195.343, 88
Trd, 4318195.843, 120
Trd, 4318196.543, 108
Trd, 4318198.693, 114
Trd, 4318199.143, 110
Trd, 4318199.393, 134
Trd, 4318200.443, 103
Trd, 4318201.443, 138
Trd, 4318202.193, 118
Trd, 4318202.393, 93
Trd, 4318204.443, 110
Trd, 4318204.493, 115
Trd, 4318205.243, 95
Trd, 4318205.493, 92
Trd, 4318206.443, 102
Trd, 4318207.043, 115
Trd, 4318210.043, 112
Trd, 4318210.493, 118
Trd, 4318210.743, 111
Trd, 4318211.393, 125
Trd, 4318212.343, 132
Trd, 4318212.693, 125
Trd, 4318213.643, 99
Trd, 4318213.693, 85
Trd, 4318213.993, 86
Trd, 4318214.593, 119
Trd, 4318216.243, 93
Trd, 4318216.493, 99
Trd, 4318218.093, 95
Trd, 4318219.043, 109
Trd, 4318219.943, 104
Trd, 4318220.043, 103
Trd, 4318220.293, 100
Trd, 4318220.843, 96
Trd, 4318220.893, 95
Trd, 4318221.893, 94
Trd, 4318222.793, 116
Trd, 4318223.143, 105
Trd, 4318223.593, 95
Trd, 4318223.943, 90
Trd, 4318223.993, 113
Trd, 4318225.293, 82
Trd, 4318226.643, 122
Trd, 4318228.743, 139
Trd, 4318229.443, 116
Trd, 4318230.043, 133
Trd, 4318231.293, 108
Trd, 4318231.993, 109
Trd, 4318233.593, 112
Trd, 4318233.793, 119
Trd, 4318234.943, 116
Trd, 4318235.743, 119
Trd, 4318235.893, 122
Trd, 4318236.843, 92
Trd, 4318236.943, 99
Trd, 4318237.293, 80
Trd, 4318237.643, 82
Trd, 4318238.493, 118
Trd, 4318238.643, 129
Trd, 4318240.643, 66
Trd, 4318241.543, 85
Trd, 4318242.243, 120
Trd, 4318243.143, 97
Trd, 4318243.293, 91
Trd, 4318244.393, 109
Trd, 4318245.493, 138
Trd, 4318246.943, 114
Trd, 4318247.543, 113
Trd, 4318249.893, 126
Trd, 4318250.343, 128
Trd, 4318250.543, 125
Trd, 4318251.243, 108
Trd, 4318252.293, 83
Trd, 4318253.093, 88
Trd, 4318253.193, 131
Trd, 4318254.693, 113
Trd, 4318255.093, 106
Trd, 4318256.743, 103
Trd, 4318258.243, 115
Trd, 4318259.293, 119
Trd, 4318260.543, 140
Trd, 4318260.793, 112
Trd, 4318260.943, 107
Trd, 4318261.143, 114
Trd, 4318261.543, 135
Trd, 4318261.993, 94
Trd, 4318262.393, 105
Trd, 4318263.743, 134
Trd, 4318266.543, 130
Trd, 4318267.493, 135
Trd, 4318269.043, 120
Trd, 4318270.343, 113
Trd, 4318272.293, 104
Trd, 4318272.593, 97
Trd, 4318273.143, 117
Trd, 4318273.543, 107
Trd, 4318273.943, 82
Trd, 4318274.143, 83
Trd, 4318275.143, 88
Trd, 4318276.043, 132
Trd, 4318276.443, 102
Trd, 4318277.643, 100
Trd, 4318278.093, 90
Trd, 4318278.293, 89
Trd, 4318278.793, 92
Trd, 4318278.943, 101
Trd, 4318280.143, 101
Trd, 4318280.843, 132
Trd, 4318282.543, 128
Trd, 4318282.643, 107
Trd, 4318283.243, 107
Trd, 4318283.593, 103
Trd, 4318283.943, 94
Trd, 4318286.293, 120
Trd, 4318286.543, 126
Trd, 4318286.693, 112
Trd, 4318287.943, 104
Trd, 4318288.193, 100
Trd, 4318288.643, 136
Trd, 4318288.993, 107
Trd, 4318289.843, 137
Trd, 4318291.043, 132
Trd, 4318291.893, 118
Trd, 4318293.393, 126
Trd, 4318293.793, 100
Trd, 4318293.893, 98
Trd, 4318293.993, 86
Trd, 4318294.343, 68
Trd, 4318294.893, 137
Trd, 4318295.443, 120
Trd, 4318295.943, 110
Trd, 4318296.343, 114
Trd, 4318298.193, 113
Trd, 4318299.393, 105
Trd, 4318299.543, 104
Trd, 4318300.343, 105
Trd, 4318301.543, 134
Trd, 4318302.193, 107
Trd, 4318302.543, 93
Trd, 4318303.943, 105
Trd, 4318304.343, 100
Trd, 4318304.593, 86
Trd, 4318304.743, 103
Trd, 4318305.593, 107
Trd, 4318306.443, 138
Trd, 4318306.743, 96
Trd, 4318308.293, 96
Trd, 4318309.343, 114
Trd, 4318309.893, 126
Trd, 4318310.093, 101
Trd, 4318311.243, 104
Trd, 4318311.593, 91
Trd, 4318311.693, 88
Trd, 4318312.993, 119
Trd, 4318314.193, 98
Trd, 4318314.643, 114
Trd, 4318314.793, 88
Trd, 4318315.743, 84
Trd, 4318317.243, 105
Trd, 4318318.193, 90
Trd, 4318318.393, 102
Trd, 4318319.743, 116
Trd, 4318319.993, 80
Trd, 4318320.743, 91
Trd, 4318320.843, 91
Trd, 4318321.043, 93
Trd, 4318321.393, 92
Trd, 4318322.143, 126
Trd, 4318322.343, 124
Trd, 4318323.943, 131
Trd, 4318324.493, 118
Trd, 4318326.043, 96
Trd, 4318326.443, 87
Trd, 4318326.893, 88
Trd, 4318328.543, 126
Trd, 4318329.143, 113
Trd, 4318329.943, 100
Trd, 4318330.493, 95
Trd, 4318330.843, 92
Trd, 4318332.543, 135
Trd, 4318332.743, 134
Trd, 4318334.293, 98
Trd, 4318335.193, 123
Trd, 4318335.243, 110
Trd, 4318336.393, 122
Trd, 4318336.493, 107
Trd, 4318337.743, 104
Trd, 4318339.193, 132
Trd, 4318339.293, 118
Trd, 4318339.993, 92
Trd, 4318340.293, 127
Trd, 4318341.293, 104
Trd, 4318341.493, 89
Trd, 4318341.793, 106
Trd, 4318343.743, 131
Trd, 4318344.493, 125
Trd, 4318345.593, 106
Trd, 4318345.643, 98
Trd, 4318346.893, 67
Trd, 4318347.543, 98
Trd, 4318348.293, 106
Trd, 4318349.493, 117
Trd, 4318351.093, 106
Trd, 4318351.143, 95
Trd, 4318351.293, 82
Trd, 4318352.243, 130
Trd, 4318352.343, 98
Trd, 4318354.593, 88
Trd, 4318355.093, 87
Trd, 4318356.543, 74
Trd, 4318357.843, 95
Trd, 4318357.893, 94
Trd, 4318360.243, 90
Trd, 4318360.643, 119
Trd, 4318361.443, 133
Trd, 4318361.593, 87
Trd, 4318362.143, 84
Trd, 4318362.693, 114
Trd, 4318363.193, 129
Trd, 4318363.243, 111
Trd, 4318364.243, 89
Trd, 4318365.343, 132
Trd, 4318366.543, 108
Trd, 4318368.493, 127
Trd, 4318369.243, 116
Trd, 4318369.293, 108
Trd, 4318369.393, 103
Trd, 4318370.443, 123
Trd, 4318370.943, 127
Trd, 4318371.043, 110
Trd, 4318371.293, 134
Trd, 4318371.843, 138
Trd, 4318372.193, 100
Trd, 4318372.993, 113
Trd, 4318374.143, 120
Trd, 4318374.543, 120
Trd, 4318377.343, 127
Trd, 4318378.393, 84
Trd, 4318379.493, 108
Trd, 4318379.643, 94
Trd, 4318380.893, 87
Trd, 4318381.643, 112
Trd, 4318382.043, 76
Trd, 4318382.143, 100
Trd, 4318382.993, 102
Trd, 4318383.393, 103
Trd, 4318385.593, 120
Trd, 4318386.843, 126
Trd, 4318386.943, 107
Trd, 4318387.343, 113
Trd, 4318387.743, 86
Trd, 4318387.843, 83
Trd, 4318389.493, 109
Trd, 4318391.393, 102
Trd, 4318392.443, 94
Trd, 4318392.543, 86
Trd, 4318393.143, 134
Trd, 4318394.493, 110
Trd, 4318394.543, 126
Trd, 4318394.793, 106
Trd, 4318395.593, 105
Trd, 4318396.093, 104
Trd, 4318397.443, 124
Trd, 4318398.743, 100
Trd, 4318399.093, 121
Trd, 4318399.543, 96
Trd, 4318399.693, 97
Trd, 4318400.193, 74
Trd, 4318400.943, 127
Trd, 4318400.993, 110
Trd, 4318403.193, 113
Trd, 4318403.443, 99
Trd, 4318403.893, 85
Trd, 4318404.793, 83
Trd, 4318405.943, 107
Trd, 4318407.393, 115
Trd, 4318408.243, 104
Trd, 4318408.343, 116
Trd, 4318408.543, 139
Trd, 4318409.093, 130
Trd, 4318410.943, 76
Trd, 4318411.143, 108
Trd, 4318411.493, 93
Trd, 4318414.293, 134
Trd, 4318414.743, 127
Trd, 4318414.843, 109
Trd, 4318415.543, 127
Trd, 4318417.243, 120
Trd, 4318418.393, 140
Trd, 4318418.793, 140
Trd, 4318419.243, 119
Trd, 4318419.443, 92
Trd, 4318420.643, 127
Trd, 4318420.993, 105
Trd, 4318421.993, 115
Trd, 4318423.793, 101
Trd, 4318424.093, 100
Trd, 4318424.443, 107
Trd, 4318424.993, 128
Trd, 4318425.743, 115
Trd, 4318426.443, 97
Trd, 4318427.343, 131
Trd, 4318427.493, 130
Trd, 4318428.693, 96
Trd, 4318429.193, 95
Trd, 4318429.243, 101
Trd, 4318430.793, 131
Trd, 4318432.493, 115
Trd, 4318432.643, 93
Trd, 4318433.043, 102
Trd, 4318434.043, 99
Trd, 4318434.143, 80
Trd, 4318434.943, 135
Trd, 4318435.243, 84
Trd, 4318435.793, 106
Trd, 4318437.743, 140
Trd, 4318438.593, 140
Trd, 4318439.543, 91
Trd, 4318440.043, 79
Trd, 4318440.493, 118
Trd, 4318441.093, 113
Trd, 4318441.293, 95
Trd, 4318441.343, 87
Trd, 4318443.143, 63
Trd, 4318444.493, 73
Trd, 4318444.893, 76
Trd, 4318444.943, 68
Trd, 4318446.493, 87
Trd, 4318447.393, 138
Trd, 4318447.693, 100
Trd, 4318447.793, 87
Trd, 4318448.493, 95
Trd, 4318448.693, 112
Trd, 4318449.343, 83
Trd, 4318450.493, 133
Trd, 4318451.793, 128
Trd, 4318452.343, 108
Trd, 4318453.693, 136
Trd, 4318453.793, 114
Trd, 4318455.143, 100
Trd, 4318456.293, 129
Trd, 4318457.643, 115
Trd, 4318458.443, 112
Trd, 4318458.943, 123
Trd, 4318460.043, 119
Trd, 4318460.143, 117
Trd, 4318461.443, 128
Trd, 4318462.893, 132
Trd, 4318462.943, 116
Trd, 4318464.693, 131
Trd, 4318466.043, 136
Trd, 4318467.543, 138
Trd, 4318468.193, 128
Trd, 4318468.243, 125
Trd, 4318468.643, 110
Trd, 4318469.743, 101
Trd, 4318469.843, 81
Trd, 4318470.393, 66
Trd, 4318471.993, 74
Trd, 4318472.243, 79
Trd, 4318472.393, 72
Trd, 4318473.043, 129
Trd, 4318474.343, 95
Trd, 4318474.843, 94
Trd, 4318475.443, 85
Trd, 4318475.943, 82
Trd, 4318476.493, 76
Trd, 4318476.693, 130
Trd, 4318477.193, 103
Trd, 4318478.893, 84
Trd, 4318479.293, 89
Trd, 4318480.593, 97
Trd, 4318481.993, 101
Trd, 4318482.143, 98
Trd, 4318482.943, 127
Trd, 4318484.443, 109
Trd, 4318485.893, 107
Trd, 4318486.443, 113
Trd, 4318486.543, 98
Trd, 4318487.393, 60
Trd, 4318487.793, 102
Trd, 4318490.093, 130
Trd, 4318490.693, 116
Trd, 4318491.743, 105
Trd, 4318491.993, 108
Trd, 4318494.343, 124
Trd, 4318494.493, 121
Trd, 4318495.943, 110
Trd, 4318496.693, 111
Trd, 4318497.893, 108
Trd, 4318498.593, 140
Trd, 4318499.293, 110
Trd, 4318499.543, 103
Trd, 4318500.343, 130
Trd, 4318501.043, 119
Trd, 4318501.093, 111
Trd, 4318504.293, 134
Trd, 4318506.143, 116
Trd, 4318506.843, 102
Trd, 4318507.443, 139
Trd, 4318507.743, 132
Trd, 4318507.943, 67
Trd, 4318508.393, 88
Trd, 4318509.243, 103
Trd, 4318510.093, 122
Trd, 4318510.793, 119
Trd, 4318511.093, 118
Trd, 4318513.793, 112
Trd, 4318514.793, 116
Trd, 4318515.993, 123
Trd, 4318516.143, 111
Trd, 4318516.393, 84
Trd, 4318517.243, 124
Trd, 4318517.393, 121
Trd, 4318518.443, 64
Trd, 4318519.243, 72
Trd, 4318519.643, 91
Trd, 4318521.643, 99
Trd, 4318522.643, 119
Trd, 4318523.243, 84
Trd, 4318523.943, 87
Trd, 4318524.293, 73
Trd, 4318524.493, 95
Trd, 4318525.393, 73
Trd, 4318527.543, 86
Trd, 4318528.243, 101
Trd, 4318528.293, 69
Trd, 4318528.743, 123
Trd, 4318529.893, 126
Trd, 4318530.543, 86
Trd, 4318531.193, 82
Trd, 4318532.543, 93
Trd, 4318534.093, 83
Trd, 4318534.193, 116
Trd, 4318535.343, 114
Trd, 4318536.393, 112
Trd, 4318536.743, 120
Trd, 4318537.043, 113
Trd, 4318538.993, 101
Trd, 4318539.493, 121
Trd, 4318539.893, 105
Trd, 4318540.093, 123
Trd, 4318541.193, 133
Trd, 4318541.643, 127
Trd, 4318541.893, 123
Trd, 4318543.693, 85
Trd, 4318544.993, 112
Trd, 4318546.343, 104
Trd, 4318548.243, 139
Trd, 4318548.643, 122
Trd, 4318548.793, 119
Trd, 4318550.243, 97
Trd, 4318550.443, 110
Trd, 4318550.693, 78
Trd, 4318550.943, 117
Trd, 4318553.093, 110
Trd, 4318554.043, 122
Trd, 4318554.593, 105
Trd, 4318554.793, 81
Trd, 4318556.093, 126
Trd, 4318557.293, 104
Trd, 4318558.193, 127
Trd, 4318558.443, 126
Trd, 4318558.693, 113
Trd, 4318559.593, 134
Trd, 4318560.343, 114
Trd, 4318560.593, 110
Trd, 4318560.693, 105
Trd, 4318560.993, 84
Trd, 4318562.393, 119
Trd, 4318564.143, 132
Trd, 4318565.193, 127
Trd, 4318565.593, 117
Trd, 4318566.043, 137
Trd, 4318566.593, 131
Trd, 4318568.293, 84
Trd, 4318569.743, 136
Trd, 4318570.143, 67
Trd, 4318571.093, 84
Trd, 4318571.743, 87
Trd, 4318572.593, 112
Trd, 4318572.643, 99
Trd, 4318574.393, 109
Trd, 4318574.793, 113
Trd, 4318575.243, 125
Trd, 4318575.343, 101
Trd, 4318575.443, 102
Trd, 4318577.293, 71
Trd, 4318578.043, 104
Trd, 4318578.693, 95
Trd, 4318579.393, 98
Trd, 4318580.593, 109
Trd, 4318580.843, 83
Trd, 4318581.843, 126
Trd, 4318582.443, 121
Trd, 4318583.393, 115
Trd, 4318583.443, 111
Trd, 4318584.143, 109
Trd, 4318584.593, 121
Trd, 4318585.193, 120
Trd, 4318587.943, 92
Trd, 4318588.043, 103
Trd, 4318589.043, 112
Trd, 4318589.393, 109
Trd, 4318589.993, 122
Trd, 4318592.493, 131
Trd, 4318592.943, 101
Trd, 4318594.393, 120
Trd, 4318594.693, 110
Trd, 4318595.693, 125
Trd, 4318596.093, 106
Trd, 4318596.843, 111
Trd, 4318596.943, 117
Trd, 4318598.193, 119
Trd, 4318598.993, 102
Trd, 4318599.043, 98
Trd, 4318599.843, 98
Trd, 4318600.243, 89
Trd, 4318601.743, 110
Trd, 4318602.443, 74
Trd, 4318602.793, 126
Trd, 4318603.093, 133
Trd, 4318603.943, 119
Trd, 4318604.743, 120
Trd, 4318605.493, 108
Trd, 4318605.793, 102
Trd, 4318606.043, 87
Trd, 4318606.693, 115
Trd, 4318606.993, 139
Trd, 4318608.593, 117
Trd, 4318610.043, 120
Trd, 4318610.993, 128
Trd, 4318611.293, 117
Trd, 4318612.393, 78
Trd, 4318613.093, 66
Trd, 4318613.943, 78
Trd, 4318614.893, 98
Trd, 4318617.293, 99
Trd, 4318617.643, 101
Trd, 4318618.093, 94
Trd, 4318618.693, 140
Trd, 4318619.393, 136
Trd, 4318619.943, 105
Trd, 4318620.793, 111
Trd, 4318620.843, 97
Trd, 4318621.043, 68
Trd, 4318621.893, 98
Trd, 4318622.193, 98
Trd, 4318624.043, 121
Trd, 4318625.443, 111
Trd, 4318626.243, 115
Trd, 4318626.943, 113
Trd, 4318627.093, 71
Trd, 4318627.893, 115
Trd, 4318628.843, 117
Trd, 4318630.293, 96
Trd, 4318630.443, 125
Trd, 4318630.743, 95
Trd, 4318631.943, 123
Trd, 4318632.943, 137
Trd, 4318633.093, 122
Trd, 4318633.443, 80
Trd, 4318635.643, 138
Trd, 4318635.743, 137
Trd, 4318637.393, 64
Trd, 4318637.443, 93
Trd, 4318639.543, 84
Trd, 4318640.593, 98
Trd, 4318641.143, 135
Trd, 4318641.293, 78
Trd, 4318641.793, 140
Trd, 4318642.793, 132
Trd, 4318643.093, 119
Trd, 4318643.993, 101
Trd, 4318645.243, 123
Trd, 4318646.143, 108
Trd, 4318646.543, 99
Trd, 4318646.843, 97
Trd, 4318647.493, 99
Trd, 4318649.043, 76
Trd, 4318649.093, 118
Trd, 4318651.193, 138
Trd, 4318651.643, 107
Trd, 4318653.293, 120
Trd, 4318653.693, 117
Trd, 4318654.243, 98
Trd, 4318654.793, 121
Trd, 4318656.193, 78
Trd, 4318657.843, 101
Trd, 4318658.593, 131
Trd, 4318659.143, 119
Trd, 4318659.543, 98
Trd, 4318660.443, 90
Trd, 4318661.393, 81
Trd, 4318662.093, 102
Trd, 4318662.743, 94
Trd, 4318662.893, 104
Trd, 4318663.493, 109
Trd, 4318663.543, 105
Trd, 4318664.243, 89
Trd, 4318667.593, 113
Trd, 4318667.943, 104
Trd, 4318668.043, 93
Trd, 4318668.593, 114
Trd, 4318669.093, 89
Trd, 4318670.343, 102
Trd, 4318670.743, 131
Trd, 4318671.343, 100
Trd, 4318673.343, 79
Trd, 4318673.593, 83
Trd, 4318673.943, 86
Trd, 4318676.143, 92
Trd, 4318676.193, 99
Trd, 4318676.643, 132
Trd, 4318677.743, 77
Trd, 4318677.993, 80
Trd, 4318678.743, 88
Trd, 4318680.443, 136
Trd, 4318680.643, 101
Trd, 4318681.093, 115
Trd, 4318682.293, 114
Trd, 4318682.693, 116
Trd, 4318683.393, 123
Trd, 4318683.843, 128
Trd, 4318684.493, 111
Trd, 4318685.393, 114
Trd, 4318685.843, 113
Trd, 4318686.993, 92
Trd, 4318687.993, 90
Trd, 4318688.643, 86
Trd, 4318688.793, 86
Trd, 4318689.393, 86
Trd, 4318690.293, 102
Trd, 4318691.943, 124
Trd, 4318692.043, 84
Trd, 4318693.243, 131
Trd, 4318693.293, 122
Trd, 4318693.343, 108
Trd, 4318694.193, 97
Trd, 4318694.493, 97
Trd, 4318696.293, 97
Trd, 4318697.893, 105
Trd, 4318698.143, 87
Trd, 4318699.143, 130
Trd, 4318700.293, 113
Trd, 4318700.993, 124
Trd, 4318701.543, 98
Trd, 4318701.793, 82
Trd, 4318702.593, 112
Trd, 4318702.693, 81
Trd, 4318704.893, 101
Trd, 4318705.043, 133
Trd, 4318705.443, 100
Trd, 4318706.193, 99
Trd, 4318706.343, 89
Trd, 4318708.993, 125
Trd, 4318709.243, 124
Trd, 4318709.793, 95
Trd, 4318710.993, 105
Trd, 4318711.243, 104
Trd, 4318711.493, 137
Trd, 4318712.943, 81
Trd, 4318713.743, 136
Trd, 4318714.243, 89
Trd, 4318716.293, 118
Trd, 4318716.443, 111
Trd, 4318716.693, 113
Trd, 4318717.243, 100
Trd, 4318717.743, 130
Trd, 4318718.343, 111
Trd, 4318719.143, 124
Trd, 4318719.993, 127
Trd, 4318721.093, 91
Trd, 4318722.393, 124
Trd, 4318723.143, 118
Trd, 4318723.893, 124
Trd, 4318724.443, 109
Trd, 4318726.043, 71
Trd, 4318727.193, 127
Trd, 4318727.643, 113
Trd, 4318728.693, 125
Trd, 4318730.093, 98
Trd, 4318730.143, 96
Trd, 4318731.243, 90
Trd, 4318731.343, 83
Trd, 4318732.093, 116
Trd, 4318732.593, 133
Trd, 4318732.893, 121
Trd, 4318733.043, 114
Trd, 4318733.593, 82
Trd, 4318735.293, 87
Trd, 4318736.743, 79
Trd, 4318737.593, 117
Trd, 4318737.793, 92
Trd, 4318738.693, 114
Trd, 4318739.843, 98
Trd, 4318741.343, 123
Trd, 4318741.393, 101
Trd, 4318742.093, 83
Trd, 4318742.693, 111
Trd, 4318743.693, 110
Trd, 4318744.293, 140
Trd, 4318744.893, 139
Trd, 4318744.943, 139
Trd, 4318745.443, 119
Trd, 4318746.743, 81
Trd, 4318747.893, 76
Trd, 4318748.043, 83
Trd, 4318748.493, 89
Trd, 4318749.093, 79
Trd, 4318750.743, 75
Trd, 4318751.593, 78
Trd, 4318752.143, 80
Trd, 4318752.343, 69
Trd, 4318753.493, 72
Trd, 4318754.393, 91
Trd, 4318754.643, 100
Trd, 4318755.793, 107
Trd, 4318756.043, 98
Trd, 4318757.293, 74
Trd, 4318757.393, 121
Trd, 4318758.193, 106
Trd, 4318758.343, 95
Trd, 4318758.843, 94
Trd, 4318759.643, 129
Trd, 4318759.993, 92
Trd, 4318761.793, 100
Trd, 4318762.443, 122
Trd, 4318763.193, 132
Trd, 4318764.643, 114
Trd, 4318765.893, 116
Trd, 4318766.743, 101
Trd, 4318766.943, 97
Trd, 4318767.693, 96
Trd, 4318768.293, 102
Trd, 4318768.693, 117
Trd, 4318770.543, 125
Trd, 4318771.343, 132
Trd, 4318771.943, 104
Trd, 4318772.343, 97
Trd, 4318773.593, 86
Trd, 4318774.793, 68
Trd, 4318775.443, 116
Trd, 4318777.193, 95
Trd, 4318777.543, 113
Trd, 4318778.043, 86
Trd, 4318778.693, 105
Trd, 4318780.443, 88
Trd, 4318780.543, 85
Trd, 4318780.793, 124
Trd, 4318781.793, 100
Trd, 4318782.543, 127
Trd, 4318783.293, 106
Trd, 4318784.743, 88
Trd, 4318785.593, 114
Trd, 4318786.193, 113
Trd, 4318786.743, 111
Trd, 4318787.043, 108
Trd, 4318787.893, 95
Trd, 4318788.493, 97
Trd, 4318788.693, 97
Trd, 4318790.893, 110
Trd, 4318791.043, 104
Trd, 4318791.493, 135
Trd, 4318792.143, 92
Trd, 4318792.393, 117
Trd, 4318792.493, 88
Trd, 4318793.043, 128
Trd, 4318793.593, 113
Trd, 4318794.443, 93
Trd, 4318794.743, 91
Trd, 4318795.693, 115
Trd, 4318797.693, 125
Trd, 4318797.893, 116
Trd, 4318798.043, 103
Trd, 4318798.443, 80
Trd, 4318798.793, 76
Trd, 4318799.293, 77
Trd, 4318799.343, 95
Trd, 4318800.493, 114
Trd, 4318800.943, 110
Trd, 4318802.193, 140
Trd, 4318803.093, 125
Trd, 4318803.243, 118
Trd, 4318804.193, 128
Trd, 4318805.393, 133
Trd, 4318805.893, 78
Trd, 4318806.393, 108
Trd, 4318807.393, 111
Trd, 4318808.443, 91
Trd, 4318808.593, 68
Trd, 4318810.643, 136
Trd, 4318811.943, 100
Trd, 4318811.993, 109
Trd, 4318812.593, 94
Trd, 4318813.043, 94
Trd, 4318814.593, 102
Trd, 4318814.893, 114
Trd, 4318815.393, 91
Trd, 4318815.743, 99
Trd, 4318816.543, 110
Trd, 4318817.343, 123
Trd, 4318818.393, 136
Trd, 4318818.693, 94
Trd, 4318819.293, 106
Trd, 4318819.893, 72
Trd, 4318820.893, 99
Trd, 4318821.543, 110
Trd, 4318822.243, 128
Trd, 4318822.393, 106
Trd, 4318822.843, 130
Trd, 4318825.243, 100
Trd, 4318825.543, 120
Trd, 4318825.843, 110
Trd, 4318827.293, 116
Trd, 4318827.643, 100
Trd, 4318829.643, 106
Trd, 4318830.043, 119
Trd, 4318830.643, 111
Trd, 4318832.243, 125
Trd, 4318832.993, 118
Trd, 4318834.043, 109
Trd, 4318834.493, 111
Trd, 4318835.293, 140
Trd, 4318836.393, 115
Trd, 4318836.693, 128
Trd, 4318836.893, 122
Trd, 4318838.193, 96
Trd, 4318839.643, 124
Trd, 4318839.793, 118
Trd, 4318840.493, 123
Trd, 4318840.743, 118
Trd, 4318840.943, 111
Trd, 4318841.143, 97
Trd, 4318841.593, 87
Trd, 4318841.643, 100
Trd, 4318841.693, 80
Trd, 4318846.593, 138
Trd, 4318847.243, 132
Trd, 4318847.843, 109
Trd, 4318848.093, 137
Trd, 4318849.443, 119
Trd, 4318849.743, 117
Trd, 4318850.043, 114
Trd, 4318850.243, 109
Trd, 4318851.043, 108
Trd, 4318851.393, 106
Trd, 4318851.593, 93
Trd, 4318852.193, 92
Trd, 4318852.443, 93
Trd, 4318853.193, 74
Trd, 4318853.493, 83
Trd, 4318855.543, 95
Trd, 4318856.043, 122
Trd, 4318856.293, 118
Trd, 4318856.793, 109
Trd, 4318857.943, 89
Trd, 4318858.193, 108
Trd, 4318858.893, 129
Trd, 4318859.793, 136
Trd, 4318860.143, 120
Trd, 4318861.093, 124
Trd, 4318861.193, 100
Trd, 4318862.043, 90
Trd, 4318863.393, 90
Trd, 4318865.693, 90
Trd, 4318866.043, 111
Trd, 4318867.443, 86
Trd, 4318867.493, 98
Trd, 4318868.293, 111
Trd, 4318869.343, 112
Trd, 4318869.443, 114
Trd, 4318869.543, 80
Trd, 4318869.893, 77
Trd, 4318871.193, 119
Trd, 4318871.993, 115
Trd, 4318872.793, 109
Trd, 4318874.343, 136
Trd, 4318875.193, 127
Trd, 4318876.793, 131
Trd, 4318876.943, 130
Trd, 4318877.643, 127
Trd, 4318877.993, 103
Trd, 4318878.643, 122
Trd, 4318879.043, 107
Trd, 4318879.093, 76
Trd, 4318879.793, 88
Trd, 4318880.843, 64
Trd, 4318881.843, 126
Trd, 4318882.043, 121
Trd, 4318882.893, 140
Trd, 4318883.193, 98
Trd, 4318883.793, 137
Trd, 4318886.143, 92
Trd, 4318886.443, 121
Trd, 4318887.043, 91
Trd, 4318887.593, 87
Trd, 4318888.943, 96
Trd, 4318889.043, 106
Trd, 4318889.743, 115
Trd, 4318891.593, 83
Trd, 4318892.243, 86
Trd, 4318892.393, 72
Trd, 4318893.493, 96
Trd, 4318893.993, 67
Trd, 4318894.593, 91
Trd, 4318894.843, 103
Trd, 4318895.493, 122
Trd, 4318895.643, 118
Trd, 4318895.743, 134
Trd, 4318897.093, 121
Trd, 4318899.493, 132
Trd, 4318899.893, 114
Trd, 4318899.943, 112
Trd, 4318900.493, 88
Trd, 4318901.593, 134
Trd, 4318902.343, 82
Trd, 4318902.543, 99
Trd, 4318903.843, 100
Trd, 4318903.893, 98
Trd, 4318904.343, 77
Trd, 4318905.143, 72
Trd, 4318905.493, 116
Trd, 4318906.393, 122
Trd, 4318906.943, 122
Trd, 4318906.993, 108
Trd, 4318909.393, 131
Trd, 4318910.043, 130
Trd, 4318910.643, 113
Trd, 4318911.143, 133
Trd, 4318911.843, 132
Trd, 4318911.893, 98
Trd, 4318912.843, 87
Trd, 4318914.893, 103
Trd, 4318917.243, 128
Trd, 4318917.493, 108
Trd, 4318919.293, 131
Trd, 4318919.893, 98
Trd, 4318920.543, 133
Trd, 4318921.693, 97
Trd, 4318921.893, 75
Trd, 4318923.393, 115
Trd, 4318924.243, 128
Trd, 4318925.493, 109
Trd, 4318926.043, 108
Trd, 4318927.193, 105
Trd, 4318927.393, 109
Trd, 4318927.493, 105
Trd, 4318927.893, 123
Trd, 4318928.643, 82
Trd, 4318929.393, 109
Trd, 4318929.593, 75
Trd, 4318929.993, 81
Trd, 4318932.243, 80
Trd, 4318932.393, 82
Trd, 4318934.693, 133
Trd, 4318935.493, 111
Trd, 4318935.743, 109
Trd, 4318936.193, 108
Trd, 4318936.393, 104
Trd, 4318936.643, 128
Trd, 4318937.143, 139
Trd, 4318937.243, 118
Trd, 4318938.543, 106
Trd, 4318938.593, 92
Trd, 4318938.693, 84
Trd, 4318939.693, 85
Trd, 4318940.143, 117
Trd, 4318941.593, 136
Trd, 4318942.193, 115
Trd, 4318942.593, 94
Trd, 4318942.993, 123
Trd, 4318943.243, 126
Trd, 4318943.743, 92
Trd, 4318944.593, 132
Trd, 4318944.943, 107
Trd, 4318946.943, 122
Trd, 4318947.293, 114
Trd, 4318947.643, 107
Trd, 4318948.343, 85
Trd, 4318948.843, 79
Trd, 4318950.243, 99
Trd, 4318950.893, 114
Trd, 4318952.093, 139
Trd, 4318953.093, 128
Trd, 4318953.243, 113
Trd, 4318955.693, 111
Trd, 4318956.243, 121
Trd, 4318956.993, 99
Trd, 4318958.393, 109
Trd, 4318959.393, 94
Trd, 4318959.693, 87
Trd, 4318959.843, 106
Trd, 4318959.993, 121
Trd, 4318960.743, 125
Trd, 4318961.743, 116
Trd, 4318962.393, 128
Trd, 4318963.643, 107
Trd, 4318964.293, 80
Trd, 4318964.343, 73
Trd, 4318966.493, 137
Trd, 4318966.643, 120
Trd, 4318966.893, 103
Trd, 4318966.943, 97
Trd, 4318967.793, 101
Trd, 4318968.193, 92
Trd, 4318968.743, 90
Trd, 4318971.193, 95
Trd, 4318972.993, 111
Trd, 4318973.493, 64
Trd, 4318973.993, 97
Trd, 4318974.243, 97
Trd, 4318974.493, 99
Trd, 4318976.093, 88
Trd, 4318976.893, 89
Trd, 4318978.093, 107
Trd, 4318979.893, 120
Trd, 4318980.343, 110
Trd, 4318980.643, 126
Trd, 4318981.293, 91
Trd, 4318981.793, 116
Trd, 4318982.893, 110
Trd, 4318983.143, 82
Trd, 4318984.343, 124
Trd, 4318985.443, 99
Trd, 4318985.943, 137
Trd, 4318986.043, 108
Trd, 4318987.443, 121
Trd, 4318987.693, 80
Trd, 4318987.993, 77
Trd, 4318988.243, 98
Trd, 4318990.193, 120
Trd, 4318991.193, 94
Trd, 4318992.493, 106
Trd, 4318993.593, 113
Trd, 4318994.043, 107
Trd, 4318994.093, 99
Trd, 4318994.893, 114
Trd, 4318995.043, 98
Trd, 4318995.243, 89
Trd, 4318995.993, 70
Trd, 4318996.993, 78
Trd, 4318997.793, 99
Trd, 4318999.593, 92
Trd, 4319000.293, 86
Trd, 4319001.243, 89
Trd, 4319001.443, 85
Trd, 4319002.443, 83
Trd, 4319003.593, 114
Trd, 4319004.293, 95
Trd, 4319004.343, 91
Trd, 4319004.993, 105
Trd, 4319005.993, 97
Trd, 4319006.443, 96
Trd, 4319007.993, 130
Trd, 4319008.593, 139
Trd, 4319008.793, 107
Trd, 4319009.693, 137
Trd, 4319010.393, 131
Trd, 4319011.243, 129
Trd, 4319011.693, 113
Trd, 4319012.443, 127
Trd, 4319013.743, 112
Trd, 4319014.743, 100
Trd, 4319015.893, 112
Trd, 4319016.593, 92
Trd, 4319017.743, 102
Trd, 4319018.743, 129
Trd, 4319018.893, 130
Trd, 4319018.943, 128
Trd, 4319019.693, 111
Trd, 4319021.293, 105
Trd, 4319022.343, 114
Trd, 4319022.393, 80
Trd, 4319024.843, 109
Trd, 4319025.043, 90
Trd, 4319025.443, 130
Trd, 4319026.643, 107
Trd, 4319027.143, 117
Trd, 4319028.443, 116
Trd, 4319028.943, 134
Trd, 4319029.943, 130
Trd, 4319030.193, 139
Trd, 4319032.543, 132
Trd, 4319033.493, 113
Trd, 4319034.593, 130
Trd, 4319035.393, 104
Trd, 4319035.793, 98
Trd, 4319036.143, 60
Trd, 4319036.993, 94
Trd, 4319037.543, 74
Trd, 4319038.693, 90
Trd, 4319039.093, 103
Trd, 4319039.943, 131
Trd, 4319041.043, 111
Trd, 4319041.243, 112
Trd, 4319041.643, 95
Trd, 4319043.693, 85
Trd, 4319044.793, 76
Trd, 4319046.193, 123
Trd, 4319046.893, 102
Trd, 4319048.443, 106
Trd, 4319049.543, 122
Trd, 4319049.793, 132
Trd, 4319049.943, 101
Trd, 4319050.143, 126
Trd, 4319050.943, 125
Trd, 4319051.393, 116
Trd, 4319052.593, 134
Trd, 4319053.343, 119
Trd, 4319054.593, 127
Trd, 4319054.843, 112
Trd, 4319055.293, 104
Trd, 4319056.143, 110
Trd, 4319056.743, 103
Trd, 4319057.593, 130
Trd, 4319058.743, 67
Trd, 4319059.393, 63
Trd, 4319059.793, 117
Trd, 4319060.043, 116
Trd, 4319060.193, 117
Trd, 4319062.093, 67
Trd, 4319063.393, 127
Trd, 4319063.593, 124
Trd, 4319063.843, 106
Trd, 4319064.993, 75
Trd, 4319065.743, 138
Trd, 4319065.893, 111
Trd, 4319066.193, 63
Trd, 4319066.593, 87
Trd, 4319067.493, 105
Trd, 4319068.093, 107
Trd, 4319069.093, 69
Trd, 4319069.293, 95
Trd, 4319070.593, 87
Trd, 4319071.143, 111
Trd, 4319072.293, 117
Trd, 4319072.843, 101
Trd, 4319073.293, 89
Trd, 4319073.543, 87
Trd, 4319074.843, 98
Trd, 4319075.643, 136
Trd, 4319075.993, 135
Trd, 4319077.293, 90
Trd, 4319077.843, 86
Trd, 4319078.143, 62
Trd, 4319079.043, 97
Trd, 4319079.143, 84
Trd, 4319080.043, 104
Trd, 4319081.293, 88
Trd, 4319082.643, 132
Trd, 4319083.293, 103
Trd, 4319084.593, 103
Trd, 4319085.243, 121
Trd, 4319085.893, 106
Trd, 4319086.393, 76
Trd, 4319088.343, 120
Trd, 4319088.593, 126
Trd, 4319089.293, 110
Trd, 4319092.343, 91
Trd, 4319092.643, 97
Trd, 4319092.893, 85
Trd, 4319093.443, 100
Trd, 4319094.043, 102
Trd, 4319094.943, 113
Trd, 4319095.043, 115
Trd, 4319095.943, 124
Trd, 4319096.893, 116
Trd, 4319097.493, 112
Trd, 4319097.693, 84
Trd, 4319098.093, 84
Trd, 4319099.043, 102
Trd, 4319099.293, 82
Trd, 4319101.093, 103
Trd, 4319101.743, 117
Trd, 4319101.943, 133
Trd, 4319102.893, 105
Trd, 4319103.293, 99
Trd, 4319104.293, 102
Trd, 4319104.793, 76
Trd, 4319106.843, 109
Trd, 4319107.343, 119
Trd, 4319108.143, 92
Trd, 4319108.693, 96
Trd, 4319109.593, 88
Trd, 4319110.243, 87
Trd, 4319111.243, 111
Trd, 4319111.343, 93
Trd, 4319111.593, 129
Trd, 4319112.343, 126
Trd, 4319112.743, 108
Trd, 4319115.143, 136
Trd, 4319116.293, 129
Trd, 4319116.593, 127
Trd, 4319116.993, 137
Trd, 4319117.843, 123
Trd, 4319118.143, 131
Trd, 4319118.393, 121
Trd, 4319118.693, 102
Trd, 4319118.843, 137
Trd, 4319119.843, 114
Trd, 4319119.893, 106
Trd, 4319121.343, 105
Trd, 4319121.743, 102
Trd, 4319123.243, 118
Trd, 4319123.343, 122
Trd, 4319123.843, 105
Trd, 4319124.393, 128
Trd, 4319125.443, 107
Trd, 4319125.943, 105
Trd, 4319125.993, 101
Trd, 4319126.543, 103
Trd, 4319127.293, 99
Trd, 4319127.593, 95
Trd, 4319128.743, 100
Trd, 4319129.243, 81
Trd, 4319130.093, 84
Trd, 4319131.943, 131
Trd, 4319133.893, 112
Trd, 4319134.593, 112
Trd, 4319134.993, 121
Trd, 4319135.793, 100
Trd, 4319136.993, 62
Trd, 4319137.593, 68
Trd, 4319138.393, 124
Trd, 4319138.443, 124
Trd, 4319140.643, 98
Trd, 4319141.643, 92
Trd, 4319142.743, 95
Trd, 4319142.893, 121
Trd, 4319143.943, 136
Trd, 4319144.193, 114
Trd, 4319144.293, 94
Trd, 4319145.693, 115
Trd, 4319146.493, 109
Trd, 4319148.243, 133
Trd, 4319148.643, 119
Trd, 4319148.893, 118
Trd, 4319149.043, 116
Trd, 4319150.243, 120
Trd, 4319150.743, 94
Trd, 4319150.893, 104
Trd, 4319151.193, 91
Trd, 4319151.443, 81
Trd, 4319153.243, 102
Trd, 4319153.593, 130
Trd, 4319153.943, 105
Trd, 4319154.143, 100
Trd, 4319154.193, 93
Trd, 4319155.093, 109
Trd, 4319157.643, 125
Trd, 4319158.693, 111
Trd, 4319158.843, 102
Trd, 4319160.193, 137
Trd, 4319160.593, 121
Trd, 4319160.893, 97
Trd, 4319161.143, 90
Trd, 4319162.793, 103
Trd, 4319162.893, 95
Trd, 4319163.043, 115
Trd, 4319164.293, 109
Trd, 4319164.393, 109
Trd, 4319166.043, 125
Trd, 4319167.843, 140
Trd, 4319168.493, 124
Trd, 4319169.193, 137
Trd, 4319169.393, 111
Trd, 4319169.493, 110
Trd, 4319169.893, 116
Trd, 4319170.393, 140
Trd, 4319171.343, 109
Trd, 4319171.993, 88
Trd, 4319172.243, 73
Trd, 4319174.343, 117
Trd, 4319174.843, 129
Trd, 4319175.093, 116
Trd, 4319176.643, 114
Trd, 4319176.793, 109
Trd, 4319177.193, 136
Trd, 4319177.643, 82
Trd, 4319178.343, 105
Trd, 4319179.093, 135
Trd, 4319179.143, 123
Trd, 4319179.343, 98
Trd, 4319180.093, 106
Trd, 4319180.243, 80
Trd, 4319181.143, 76
Trd, 4319181.293, 101
Trd, 4319182.643, 73
Trd, 4319184.693, 81
Trd, 4319184.743, 87
Trd, 4319184.893, 128
Trd, 4319185.743, 131
Trd, 4319187.443, 126
Trd, 4319188.443, 130
Trd, 4319189.043, 136
Trd, 4319189.093, 128
Trd, 4319190.193, 125
Trd, 4319190.693, 118
Trd, 4319190.893, 124
Trd, 4319191.293, 102
Trd, 4319192.643, 100
Trd, 4319193.293, 115
Trd, 4319193.693, 97
Trd, 4319195.843, 135
Trd, 4319196.643, 138
Trd, 4319196.793, 111
Trd, 4319198.493, 82
Trd, 4319199.143, 74
Trd, 4319199.593, 106
Trd, 4319200.343, 126
Trd, 4319200.743, 76
Trd, 4319202.093, 112
Trd, 4319203.543, 75
Trd, 4319204.343, 67
Trd, 4319204.793, 102
Trd, 4319206.243, 79
Trd, 4319207.543, 108
Trd, 4319208.643, 138
Trd, 4319209.293, 100
Trd, 4319209.993, 128
Trd, 4319211.543, 124
Trd, 4319211.893, 133
Trd, 4319212.443, 117
Trd, 4319213.443, 112
Trd, 4319214.043, 116
Trd, 4319214.343, 86
Trd, 4319215.093, 117
Trd, 4319215.593, 88
Trd, 4319216.943, 118
Trd, 4319217.493, 119
Trd, 4319217.843, 102
Trd, 4319218.393, 112
Trd, 4319218.443, 91
Trd, 4319219.243, 79
Trd, 4319220.843, 116
Trd, 4319221.243, 117
Trd, 4319222.893, 129
Trd, 4319223.893, 115
Trd, 4319224.243, 112
Trd, 4319224.693, 97
Trd, 4319226.093, 133
Trd, 4319226.243, 115
Trd, 4319227.243, 112
Trd, 4319227.693, 103
Trd, 4319227.843, 102
Trd, 4319229.793, 134
Trd, 4319230.593, 105
Trd, 4319231.543, 112
Trd, 4319232.243, 117
Trd, 4319233.443, 102
Trd, 4319233.593, 100
Trd, 4319234.143, 104
Trd, 4319235.743, 133
Trd, 4319236.243, 100
Trd, 4319237.943, 115
Trd, 4319238.893, 108
Trd, 4319239.793, 114
Trd, 4319239.843, 112
Trd, 4319240.343, 136
Trd, 4319241.093, 104
Trd, 4319241.143, 101
Trd, 4319241.643, 81
Trd, 4319241.743, 92
Trd, 4319242.993, 98
Trd, 4319243.293, 111
Trd, 4319243.343, 82
Trd, 4319245.693, 118
Trd, 4319246.143, 122
Trd, 4319246.343, 111
Trd, 4319247.743, 118
Trd, 4319249.593, 99
Trd, 4319250.243, 94
Trd, 4319250.293, 94
Trd, 4319250.443, 93
Trd, 4319250.693, 85
Trd, 4319252.543, 110
Trd, 4319252.993, 90
Trd, 4319253.743, 101
Trd, 4319253.993, 90
Trd, 4319255.143, 97
Trd, 4319255.393, 124
Trd, 4319256.043, 91
Trd, 4319257.043, 74
Trd, 4319257.843, 75
Trd, 4319259.143, 97
Trd, 4319259.193, 95
Trd, 4319259.893, 129
Trd, 4319260.593, 95
Trd, 4319261.343, 74
Trd, 4319261.493, 90
Trd, 4319262.293, 138
Trd, 4319262.493, 132
Trd, 4319262.543, 125
Trd, 4319264.693, 71
Trd, 4319265.093, 99
Trd, 4319266.193, 104
Trd, 4319266.543, 90
Trd, 4319267.793, 117
Trd, 4319268.943, 116
Trd, 4319269.343, 114
Trd, 4319269.993, 136
Trd, 4319270.493, 126
Trd, 4319271.543, 123
Trd, 4319272.043, 117
Trd, 4319273.543, 129
Trd, 4319273.693, 129
Trd, 4319274.443, 121
Trd, 4319275.843, 87
Trd, 4319277.043, 135
Trd, 4319279.743, 111
Trd, 4319279.993, 139
Trd, 4319280.493, 107
Trd, 4319280.693, 106
Trd, 4319280.893, 99
Trd, 4319280.993, 92
Trd, 4319283.343, 79
Trd, 4319285.093, 112
Trd, 4319285.243, 111
Trd, 4319285.293, 106
Trd, 4319287.193, 136
Trd, 4319287.993, 100
Trd, 4319289.593, 140
Trd, 4319290.343, 131
Trd, 4319290.493, 125
Trd, 4319291.393, 96
Trd, 4319291.993, 91
Trd, 4319292.643, 118
Trd, 4319293.293, 89
Trd, 4319294.543, 68
Trd, 4319295.093, 136
Trd, 4319295.293, 108
Trd, 4319296.043, 74
Trd, 4319296.793, 136
Trd, 4319296.893, 111
Trd, 4319296.993, 83
Trd, 4319297.843, 84
Trd, 4319298.193, 81
Trd, 4319299.593, 140
Trd, 4319299.893, 98
Trd, 4319301.043, 124
Trd, 4319301.093, 118
Trd, 4319302.243, 70
Trd, 4319304.143, 96
Trd, 4319304.243, 90
Trd, 4319305.543, 125
Trd, 4319305.793, 129
Trd, 4319306.293, 123
Trd, 4319307.643, 120
Trd, 4319308.693, 96
Trd, 4319308.743, 93
Trd, 4319310.393, 121
Trd, 4319311.293, 93
Trd, 4319312.043, 97
Trd, 4319312.543, 107
Trd, 4319314.093, 108
Trd, 4319314.943, 75
Trd, 4319316.293, 135
Trd, 4319316.843, 134
Trd, 4319316.893, 113
Trd, 4319319.443, 119
Trd, 4319320.793, 101
Trd, 4319321.543, 98
Trd, 4319321.793, 92
Trd, 4319321.993, 113
Trd, 4319322.043, 111
Trd, 4319323.493, 130
Trd, 4319324.193, 75
Trd, 4319325.043, 106
Trd, 4319325.393, 126
Trd, 4319326.343, 117
Trd, 4319328.293, 117
Trd, 4319328.743, 136
Trd, 4319329.443, 120
Trd, 4319329.843, 110
Trd, 4319330.593, 124
Trd, 4319331.093, 125
Trd, 4319333.493, 121
Trd, 4319334.993, 138
Trd, 4319336.343, 134
Trd, 4319337.793, 127
Trd, 4319337.843, 108
Trd, 4319338.843, 106
Trd, 4319338.943, 131
Trd, 4319339.293, 93
Trd, 4319340.343, 62
Trd, 4319340.793, 96
Trd, 4319342.043, 84
Trd, 4319342.093, 86
Trd, 4319342.593, 97
Trd, 4319343.393, 123
Trd, 4319344.343, 115
Trd, 4319345.043, 96
Trd, 4319345.093, 95
Trd, 4319346.243, 106
Trd, 4319347.643, 103
Trd, 4319348.193, 96
Trd, 4319348.393, 116
Trd, 4319349.443, 80
Trd, 4319350.993, 98
Trd, 4319351.393, 127
Trd, 4319351.493, 106
Trd, 4319352.093, 96
Trd, 4319352.543, 114
Trd, 4319352.843, 83
Trd, 4319353.643, 99
Trd, 4319354.043, 123
Trd, 4319354.443, 105
Trd, 4319354.643, 112
Trd, 4319356.093, 140
Trd, 4319357.943, 140
Trd, 4319358.293, 122
Trd, 4319358.693, 118
Trd, 4319358.893, 117
Trd, 4319360.243, 132
Trd, 4319362.743, 127
Trd, 4319362.993, 133
Trd, 4319363.593, 125
Trd, 4319364.143, 107
Trd, 4319365.093, 120
Trd, 4319367.243, 126
Trd, 4319368.693, 121
Trd, 4319369.693, 93
Trd, 4319369.743, 84
Trd, 4319369.843, 73
Trd, 4319372.843, 135
Trd, 4319373.093, 134
Trd, 4319373.743, 139
Trd, 4319374.993, 127
Trd, 4319375.393, 132
Trd, 4319375.593, 114
Trd, 4319376.793, 105
Trd, 4319377.343, 112
Trd, 4319377.693, 106
Trd, 4319377.793, 96
Trd, 4319379.093, 92
Trd, 4319379.593, 81
Trd, 4319380.643, 128
Trd, 4319380.793, 121
Trd, 4319381.893, 107
Trd, 4319382.393, 86
Trd, 4319382.693, 131
Trd, 4319383.343, 82
Trd, 4319384.843, 140
Trd, 4319385.093, 139
Trd, 4319385.193, 121
Trd, 4319387.343, 121
Trd, 4319388.143, 109
Trd, 4319388.193, 87
Trd, 4319388.843, 95
Trd, 4319388.893, 87
Trd, 4319389.293, 100
Trd, 4319391.393, 137
Trd, 4319392.243, 137
Trd, 4319393.093, 90
Trd, 4319393.843, 119
Trd, 4319394.093, 100
Trd, 4319394.443, 106
Trd, 4319394.493, 86
Trd, 4319395.443, 108
Trd, 4319395.943, 85
Trd, 4319396.793, 117
Trd, 4319397.793, 104
Trd, 4319397.843, 113
Trd, 4319397.893, 83
Trd, 4319399.193, 78
Trd, 4319399.893, 99
Trd, 4319400.943, 137
Trd, 4319402.393, 122
Trd, 4319402.593, 120
Trd, 4319402.743, 65
Trd, 4319403.593, 107
Trd, 4319403.943, 136
Trd, 4319404.693, 103
Trd, 4319405.343, 102
Trd, 4319406.093, 93
Trd, 4319406.293, 134
Trd, 4319408.043, 106
Trd, 4319409.093, 106
Trd, 4319409.893, 140
Trd, 4319410.043, 137
Trd, 4319410.843, 110
Trd, 4319412.643, 133
Trd, 4319412.743, 115
Trd, 4319413.093, 98
Trd, 4319413.193, 96
Trd, 4319417.293, 110
Trd, 4319417.393, 111
Trd, 4319418.193, 111
Trd, 4319419.343, 128
Trd, 4319419.543, 110
Trd, 4319420.693, 128
Trd, 4319420.743, 121
Trd, 4319420.993, 131
Trd, 4319421.393, 106
Trd, 4319422.693, 129
Trd, 4319423.643, 92
Trd, 4319424.893, 121
Trd, 4319425.293, 104
Trd, 4319426.393, 122
Trd, 4319427.143, 102
Trd, 4319427.393, 107
Trd, 4319428.643, 115
Trd, 4319429.643, 80
Trd, 4319429.843, 89
Trd, 4319430.393, 116
Trd, 4319431.293, 64
Trd, 4319432.043, 83
Trd, 4319432.393, 113
Trd, 4319433.793, 131
Trd, 4319434.693, 115
Trd, 4319435.493, 133
Trd, 4319435.643, 94
Trd, 4319435.993, 120
Trd, 4319436.043, 81
Trd, 4319437.543, 132
Trd, 4319437.943, 123
Trd, 4319439.143, 117
Trd, 4319439.493, 87
Trd, 4319440.093, 120
Trd, 4319440.443, 120
Trd, 4319440.543, 119
Trd, 4319440.743, 116
Trd, 4319441.443, 61
Trd, 4319442.193, 121
Trd, 4319443.143, 69
Trd, 4319443.593, 113
Trd, 4319444.743, 111
Trd, 4319445.743, 134
Trd, 4319446.093, 125
Trd, 4319446.693, 123
Trd, 4319446.793, 109
Trd, 4319448.243, 120
Trd, 4319450.343, 112
Trd, 4319450.443, 108
Trd, 4319450.743, 96
Trd, 4319451.093, 81
Trd, 4319452.643, 119
Trd, 4319454.343, 97
Trd, 4319454.893, 128
Trd, 4319455.493, 120
Trd, 4319456.143, 98
Trd, 4319457.293, 89
Trd, 4319458.793, 103
Trd, 4319459.793, 118
Trd, 4319461.993, 95
Trd, 4319463.543, 132
Trd, 4319464.743, 119
Trd, 4319465.943, 136
Trd, 4319466.243, 133
Trd, 4319466.643, 130
Trd, 4319467.993, 97
Trd, 4319469.143, 114
Trd, 4319469.343, 101
Trd, 4319471.243, 112
Trd, 4319471.743, 103
Trd, 4319471.943, 99
Trd, 4319472.693, 97
Trd, 4319472.843, 100
Trd, 4319473.393, 91
Trd, 4319473.993, 81
Trd, 4319474.343, 63
Trd, 4319474.793, 79
Trd, 4319476.843, 89
Trd, 4319477.843, 85
Trd, 4319479.293, 134
Trd, 4319480.493, 122
Trd, 4319480.593, 120
Trd, 4319480.743, 117
Trd, 4319481.643, 117
Trd, 4319482.343, 110
Trd, 4319483.843, 132
Trd, 4319483.943, 123
Trd, 4319484.943, 117
Trd, 4319485.443, 83
Trd, 4319485.593, 114
Trd, 4319487.043, 73
Trd, 4319488.743, 106
Trd, 4319488.993, 125
Trd, 4319489.743, 97
Trd, 4319489.843, 108
Trd, 4319490.543, 129
Trd, 4319490.893, 130
Trd, 4319493.493, 87
Trd, 4319494.743, 110
Trd, 4319495.393, 137
Trd, 4319495.543, 131
Trd, 4319495.743, 118
Trd, 4319496.393, 120
Trd, 4319497.543, 126
Trd, 4319497.693, 110
Trd, 4319498.743, 137
Trd, 4319499.493, 97
Trd, 4319499.843, 80
Trd, 4319500.393, 88
Trd, 4319500.743, 93
Trd, 4319502.143, 89
Trd, 4319502.493, 90
Trd, 4319503.093, 117
Trd, 4319503.243, 120
Trd, 4319503.593, 73
Trd, 4319504.693, 121
Trd, 4319505.743, 89
Trd, 4319507.543, 114
Trd, 4319507.993, 121
Trd, 4319509.393, 123
Trd, 4319510.743, 138
Trd, 4319511.143, 100
Trd, 4319511.543, 102
Trd, 4319512.693, 93
Trd, 4319512.843, 95
Trd, 4319513.343, 95
Trd, 4319513.743, 87
Trd, 4319515.243, 103
Trd, 4319516.093, 83
Trd, 4319516.543, 110
Trd, 4319517.493, 99
Trd, 4319519.193, 100
Trd, 4319520.293, 130
Trd, 4319520.543, 128
Trd, 4319520.843, 121
Trd, 4319521.243, 129
Trd, 4319522.693, 113
Trd, 4319524.343, 140
Trd, 4319524.543, 119
Trd, 4319524.643, 89
Trd, 4319525.493, 111
Trd, 4319526.043, 103
Trd, 4319527.243, 128
Trd, 4319527.343, 117
Trd, 4319528.043, 129
Trd, 4319528.293, 139
Trd, 4319529.043, 109
Trd, 4319533.443, 129
Trd, 4319533.493, 107
Trd, 4319533.643, 105
Trd, 4319533.843, 96
Trd, 4319534.693, 109
Trd, 4319535.893, 133
Trd, 4319536.193, 132
Trd, 4319537.043, 126
Trd, 4319537.543, 123
Trd, 4319538.993, 102
Trd, 4319539.643, 139
Trd, 4319540.493, 91
Trd, 4319541.043, 80
Trd, 4319541.093, 76
Trd, 4319542.243, 111
Trd, 4319542.443, 110
Trd, 4319544.043, 124
Trd, 4319544.143, 95
Trd, 4319546.043, 123
Trd, 4319546.143, 94
Trd, 4319546.543, 128
Trd, 4319547.043, 96
Trd, 4319547.393, 90
Trd, 4319549.443, 120
Trd, 4319551.793, 122
Trd, 4319552.143, 116
Trd, 4319552.593, 118
Trd, 4319553.593, 111
Trd, 4319554.243, 112
Trd, 4319555.493, 140
Trd, 4319555.693, 118
Trd, 4319556.143, 99
Trd, 4319556.643, 128
Trd, 4319557.143, 91
Trd, 4319558.743, 90
Trd, 4319559.343, 138
Trd, 4319561.243, 108
Trd, 4319561.543, 112
Trd, 4319563.243, 126
Trd, 4319565.943, 111
Trd, 4319566.943, 116
Trd, 4319567.143, 102
Trd, 4319567.943, 118
Trd, 4319568.643, 136
Trd, 4319568.743, 131
Trd, 4319568.793, 116
Trd, 4319569.743, 121
Trd, 4319570.243, 85
Trd, 4319571.493, 102
Trd, 4319572.943, 87
Trd, 4319573.393, 84
Trd, 4319573.793, 109
Trd, 4319574.843, 129
Trd, 4319575.243, 122
Trd, 4319576.193, 111
Trd, 4319576.443, 128
Trd, 4319576.543, 107
Trd, 4319577.293, 129
Trd, 4319577.593, 124
Trd, 4319577.993, 112
Trd, 4319578.093, 86
Trd, 4319579.393, 74
Trd, 4319581.043, 105
Trd, 4319582.143, 118
Trd, 4319583.393, 118
Trd, 4319584.343, 121
Trd, 4319584.593, 140
Trd, 4319584.693, 114
Trd, 4319585.793, 113
Trd, 4319586.993, 121
Trd, 4319587.243, 121
Trd, 4319587.593, 98
Trd, 4319588.843, 112
Trd, 4319590.243, 107
Trd, 4319590.993, 122
Trd, 4319591.243, 115
Trd, 4319591.443, 109
Trd, 4319591.643, 67
Trd, 4319591.893, 76
Trd, 4319592.293, 110
Trd, 4319594.743, 98
Trd, 4319595.093, 117
Trd, 4319596.293, 103
Trd, 4319596.693, 121
Trd, 4319597.993, 77
Trd, 4319598.093, 76
Trd, 4319599.143, 130
Trd, 4319599.493, 124
Trd, 4319600.143, 109
Trd, 4319600.593, 100
Trd, 4319600.693, 82
Trd, 4319601.693, 137
Trd, 4319603.743, 126
Trd, 4319604.193, 126
Trd, 4319605.793, 97
Trd, 4319606.243, 94
Trd, 4319606.293, 99
Trd, 4319606.593, 139
Trd, 4319606.943, 110
Trd, 4319607.143, 109
Trd, 4319608.543, 92
Trd, 4319609.543, 104
Trd, 4319611.143, 123
Trd, 4319611.843, 129
Trd, 4319612.393, 102
Trd, 4319614.093, 107
Trd, 4319614.543, 105
Trd, 4319615.343, 103
Trd, 4319616.243, 134
Trd, 4319617.093, 112
Trd, 4319617.293, 132
Trd, 4319618.693, 109
Trd, 4319619.543, 112
Trd, 4319620.193, 134
Trd, 4319620.943, 84
Trd, 4319621.743, 69
Trd, 4319623.793, 140
Trd, 4319624.443, 140
Trd, 4319625.593, 106
Trd, 4319627.043, 98
Trd, 4319627.393, 113
Trd, 4319627.643, 85
Trd, 4319627.793, 118
Trd, 4319628.243, 112
Trd, 4319629.643, 90
Trd, 4319631.243, 98
Trd, 4319633.143, 113
Trd, 4319633.293, 105
Trd, 4319633.593, 114
Trd, 4319634.193, 111
Trd, 4319635.293, 118
Trd, 4319635.593, 116
Trd, 4319636.193, 103
Trd, 4319638.693, 139
Trd, 4319639.143, 134
Trd, 4319639.743, 126
Trd, 4319639.893, 125
Trd, 4319640.893, 109
Trd, 4319641.293, 119
Trd, 4319642.443, 134
Trd, 4319643.343, 129
Trd, 4319643.943, 117
Trd, 4319643.993, 105
Trd, 4319644.143, 102
Trd, 4319647.543, 109
Trd, 4319647.693, 134
Trd, 4319648.643, 114
Trd, 4319650.243, 132
Trd, 4319651.443, 105
Trd, 4319652.143, 114
Trd, 4319652.193, 106
Trd, 4319652.493, 104
Trd, 4319653.543, 108
Trd, 4319653.643, 104
Trd, 4319653.943, 126
Trd, 4319655.443, 113
Trd, 4319656.893, 72
Trd, 4319657.993, 63
Trd, 4319658.093, 120
Trd, 4319658.343, 76
Trd, 4319658.843, 76
Trd, 4319659.043, 77
Trd, 4319660.143, 80
Trd, 4319660.543, 68
Trd, 4319660.743, 83
Trd, 4319661.443, 61
Trd, 4319663.943, 116
Trd, 4319664.393, 114
Trd, 4319665.043, 117
Trd, 4319665.243, 79
Trd, 4319666.043, 124
Trd, 4319666.543, 108
Trd, 4319667.593, 114
Trd, 4319668.243, 104
Trd, 4319668.693, 97
Trd, 4319670.593, 121
Trd, 4319670.693, 119
Trd, 4319670.993, 87
Trd, 4319671.543, 100
Trd, 4319673.293, 102
Trd, 4319674.393, 97
Trd, 4319675.593, 89
Trd, 4319677.493, 123
Trd, 4319677.743, 100
Trd, 4319677.943, 88
Trd, 4319678.693, 104
Trd, 4319679.293, 81
Trd, 4319679.393, 74
Trd, 4319680.393, 125
Trd, 4319681.343, 106
Trd, 4319681.893, 105
Trd, 4319682.943, 73
Trd, 4319683.043, 82
Trd, 4319684.043, 108
Trd, 4319684.593, 83
Trd, 4319687.293, 119
Trd, 4319687.693, 111
Trd, 4319687.843, 102
Trd, 4319688.593, 114
Trd, 4319689.693, 115
Trd, 4319690.243, 102
Trd, 4319690.543, 128
Trd, 4319692.643, 117
Trd, 4319692.843, 98
Trd, 4319693.643, 120
Trd, 4319694.593, 128
Trd, 4319695.093, 113
Trd, 4319696.043, 104
Trd, 4319696.743, 102
Trd, 4319697.643, 127
Trd, 4319697.893, 109
Trd, 4319698.243, 128
Trd, 4319698.343, 94
Trd, 4319699.643, 113
Trd, 4319699.893, 92
Trd, 4319700.393, 84
Trd, 4319701.443, 79
Trd, 4319701.643, 106
Trd, 4319703.643, 106
Trd, 4319704.093, 110
Trd, 4319704.143, 109
Trd, 4319704.793, 100
Trd, 4319705.893, 117
Trd, 4319706.143, 102
Trd, 4319707.693, 100
Trd, 4319708.143, 133
Trd, 4319708.643, 90
Trd, 4319709.043, 99
Trd, 4319710.093, 126
Trd, 4319710.643, 115
Trd, 4319710.693, 102
Trd, 4319711.393, 96
Trd, 4319711.743, 133
Trd, 4319713.593, 134
Trd, 4319714.743, 109
Trd, 4319715.443, 95
Trd, 4319717.843, 124
Trd, 4319718.393, 101
Trd, 4319719.393, 83
Trd, 4319719.993, 84
Trd, 4319720.243, 93
Trd, 4319721.893, 114
Trd, 4319722.693, 90
Trd, 4319723.543, 135
Trd, 4319723.593, 107
Trd, 4319724.493, 78
Trd, 4319724.943, 107
Trd, 4319725.343, 95
Trd, 4319726.243, 107
Trd, 4319726.343, 95
Trd, 4319727.143, 94
Trd, 4319728.443, 110
Trd, 4319728.543, 104
Trd, 4319728.993, 100
Trd, 4319729.343, 87
Trd, 4319729.693, 67
Trd, 4319730.643, 84
Trd, 4319731.893, 140
Trd, 4319732.693, 114
Trd, 4319733.193, 111
Trd, 4319734.493, 127
Trd, 4319734.943, 115
Trd, 4319736.043, 98
Trd, 4319736.393, 116
Trd, 4319736.443, 91
Trd, 4319738.993, 117
Trd, 4319739.243, 92
Trd, 4319739.393, 125
Trd, 4319739.693, 92
Trd, 4319739.793, 109
Trd, 4319741.043, 123
Trd, 4319741.393, 116
Trd, 4319742.843, 120
Trd, 4319743.743, 94
Trd, 4319744.543, 115
Trd, 4319745.893, 114
Trd, 4319746.693, 100
Trd, 4319747.593, 116
Trd, 4319747.793, 114
Trd, 4319747.993, 113
Trd, 4319749.493, 112
Trd, 4319749.693, 101
Trd, 4319750.443, 91
Trd, 4319750.693, 87
Trd, 4319752.643, 121
Trd, 4319752.743, 114
Trd, 4319753.243, 126
Trd, 4319754.093, 86
Trd, 4319754.543, 95
Trd, 4319754.993, 85
Trd, 4319755.043, 72
Trd, 4319756.693, 111
Trd, 4319757.543, 112
Trd, 4319757.793, 97
Trd, 4319758.793, 73
Trd, 4319759.143, 128
Trd, 4319759.893, 62
Trd, 4319761.043, 140
Trd, 4319761.243, 140
Trd, 4319761.343, 101
Trd, 4319762.543, 103
Trd, 4319762.893, 95
Trd, 4319764.193, 86
Trd, 4319764.543, 101
Trd, 4319765.243, 137
Trd, 4319765.843, 118
Trd, 4319765.943, 114
Trd, 4319766.093, 75
Trd, 4319767.593, 115
Trd, 4319767.893, 108
Trd, 4319768.593, 83
Trd, 4319768.743, 105
Trd, 4319770.393, 134
Trd, 4319770.943, 116
Trd, 4319771.043, 116
Trd, 4319771.093, 101
Trd, 4319772.143, 108
Trd, 4319772.843, 92
Trd, 4319774.343, 82
Trd, 4319775.043, 112
Trd, 4319775.493, 131
Trd, 4319775.793, 97
Trd, 4319777.443, 114
Trd, 4319779.143, 93
Trd, 4319779.543, 120
Trd, 4319780.293, 89
Trd, 4319781.643, 86
Trd, 4319781.743, 87
Trd, 4319783.293, 122
Trd, 4319783.343, 127
Trd, 4319783.393, 90
Trd, 4319783.443, 79
Trd, 4319784.493, 133
Trd, 4319785.793, 96
Trd, 4319786.043, 71
Trd, 4319787.293, 104
Trd, 4319788.193, 100
Trd, 4319789.393, 73
Trd, 4319789.493, 70
Trd, 4319790.093, 105
Trd, 4319790.493, 87
Trd, 4319790.693, 81
Trd, 4319791.943, 63
Trd, 4319793.143, 80
Trd, 4319793.593, 103
Trd, 4319795.093, 108
Trd, 4319795.393, 105
Trd, 4319795.743, 133
Trd, 4319796.493, 128
Trd, 4319796.543, 127
Trd, 4319797.143, 99
Trd, 4319798.193, 92
Trd, 4319799.843, 93
Trd, 4319800.043, 132
Trd, 4319800.943, 107
Trd, 4319800.993, 80
Trd, 4319801.293, 110
Trd, 4319802.693, 75
Trd, 4319802.943, 79
Trd, 4319804.943, 122
Trd, 4319805.093, 110
Trd, 4319807.043, 127
Trd, 4319807.093, 112
Trd, 4319807.543, 127
Trd, 4319808.643, 119
Trd, 4319809.893, 126
Trd, 4319810.393, 98
Trd, 4319810.543, 92
Trd, 4319811.143, 136
Trd, 4319811.493, 102
Trd, 4319812.593, 114
Trd, 4319812.643, 98
Trd, 4319813.493, 68
Trd, 4319814.443, 91
Trd, 4319815.243, 111
Trd, 4319816.043, 113
Trd, 4319816.743, 92
Trd, 4319817.043, 93
Trd, 4319817.393, 89
Trd, 4319819.743, 119
Trd, 4319820.293, 133
Trd, 4319821.043, 96
Trd, 4319822.643, 104
Trd, 4319822.893, 68
Trd, 4319823.243, 80
Trd, 4319824.343, 69
Trd, 4319824.493, 91
Trd, 4319825.693, 71
Trd, 4319825.993, 87
Trd, 4319826.793, 89
Trd, 4319827.393, 67
Trd, 4319827.993, 134
Trd, 4319828.493, 60
Trd, 4319828.943, 109
Trd, 4319829.293, 80
Trd, 4319831.843, 133
Trd, 4319831.993, 122
Trd, 4319832.443, 112
Trd, 4319833.493, 137
Trd, 4319834.093, 121
Trd, 4319834.593, 88
Trd, 4319837.143, 85
Trd, 4319838.593, 102
Trd, 4319838.993, 108
Trd, 4319839.793, 128
Trd, 4319840.593, 85
Trd, 4319841.193, 81
Trd, 4319843.543, 116
Trd, 4319844.293, 113
Trd, 4319844.493, 87
Trd, 4319846.393, 96
Trd, 4319846.643, 115
Trd, 4319846.743, 94
Trd, 4319846.793, 89
Trd, 4319847.693, 105
Trd, 4319848.593, 72
Trd, 4319850.343, 106
Trd, 4319850.443, 107
Trd, 4319850.893, 113
Trd, 4319851.643, 80
Trd, 4319851.693, 79
Trd, 4319852.093, 107
Trd, 4319853.993, 88
Trd, 4319854.793, 136
Trd, 4319856.793, 121
Trd, 4319857.593, 132
Trd, 4319857.643, 120
Trd, 4319858.193, 102
Trd, 4319858.393, 98
Trd, 4319858.893, 116
Trd, 4319860.093, 121
Trd, 4319861.143, 128
Trd, 4319861.193, 135
Trd, 4319861.793, 110
Trd, 4319862.893, 92
Trd, 4319863.643, 99
Trd, 4319863.993, 126
Trd, 4319865.743, 102
Trd, 4319866.343, 107
Trd, 4319866.543, 139
Trd, 4319867.493, 121
Trd, 4319868.043, 134
Trd, 4319868.343, 113
Trd, 4319869.093, 138
Trd, 4319869.393, 131
Trd, 4319872.393, 124
Trd, 4319872.843, 129
Trd, 4319874.393, 89
Trd, 4319874.443, 107
Trd, 4319875.593, 75
Trd, 4319875.943, 74
Trd, 4319876.743, 89
Trd, 4319877.443, 81
Trd, 4319878.093, 104
Trd, 4319878.943, 117
Trd, 4319879.443, 116
Trd, 4319880.243, 119
Trd, 4319880.843, 100
Trd, 4319882.143, 107
Trd, 4319883.293, 118
Trd, 4319883.593, 101
Trd, 4319885.443, 133
Trd, 4319885.593, 98
Trd, 4319885.843, 86
Trd, 4319886.443, 122
Trd, 4319886.543, 111
Trd, 4319887.143, 89
Trd, 4319888.493, 74
Trd, 4319888.643, 105
Trd, 4319890.143, 85
Trd, 4319891.343, 75
Trd, 4319891.893, 97
Trd, 4319892.593, 98
Trd, 4319893.043, 96
Trd, 4319893.243, 94
Trd, 4319893.693, 140
Trd, 4319895.443, 134
Trd, 4319895.643, 129
Trd, 4319896.193, 118
Trd, 4319897.643, 100
Trd, 4319897.843, 97
Trd, 4319897.943, 90
Trd, 4319898.043, 86
Trd, 4319898.643, 104
Trd, 4319899.193, 138
Trd, 4319900.893, 109
Trd, 4319901.343, 103
Trd, 4319901.443, 88
Trd, 4319902.343, 75
Trd, 4319903.993, 90
Trd, 4319904.693, 105
Trd, 4319904.993, 99
Trd, 4319905.743, 77
Trd, 4319908.293, 106
Trd, 4319909.393, 128
Trd, 4319911.293, 123
Trd, 4319911.593, 123
Trd, 4319912.393, 101
Trd, 4319913.493, 104
Trd, 4319913.993, 127
Trd, 4319914.493, 86
Trd, 4319914.693, 89
Trd, 4319915.393, 95
Trd, 4319918.493, 71
Trd, 4319919.143, 90
Trd, 4319920.493, 116
Trd, 4319921.593, 97
Trd, 4319922.493, 91
Trd, 4319922.543, 101
Trd, 4319924.043, 121
Trd, 4319924.243, 100
Trd, 4319924.943, 99
Trd, 4319926.893, 116
Trd, 4319927.793, 127
Trd, 4319928.243, 107
Trd, 4319928.843, 127
Trd, 4319928.893, 85
Trd, 4319929.993, 97
Trd, 4319930.143, 115
Trd, 4319931.593, 83
Trd, 4319931.643, 81
Trd, 4319932.043, 113
Trd, 4319932.443, 92
Trd, 4319932.593, 112
Trd, 4319933.443, 87
Trd, 4319933.993, 80
Trd, 4319935.593, 93
Trd, 4319936.393, 119
Trd, 4319936.693, 118
Trd, 4319937.143, 89
Trd, 4319938.993, 134
Trd, 4319940.243, 105
Trd, 4319940.493, 103
Trd, 4319942.143, 116
Trd, 4319943.143, 131
Trd, 4319944.143, 123
Trd, 4319944.293, 123
Trd, 4319945.443, 111
Trd, 4319945.843, 96
Trd, 4319946.843, 130
Trd, 4319947.393, 81
Trd, 4319948.643, 119
Trd, 4319948.743, 118
Trd, 4319948.943, 106
Trd, 4319949.293, 106
Trd, 4319950.693, 88
Trd, 4319952.393, 89
Trd, 4319952.493, 87
Trd, 4319953.643, 108
Trd, 4319955.143, 117
Trd, 4319955.343, 117
Trd, 4319955.793, 83
Trd, 4319955.893, 100
Trd, 4319958.193, 99
Trd, 4319958.743, 119
Trd, 4319959.743, 123
Trd, 4319959.843, 91
Trd, 4319959.893, 61
Trd, 4319959.993, 93
Trd, 4319961.443, 104
Trd, 4319963.193, 116
Trd, 4319964.443, 113
Trd, 4319964.943, 108
Trd, 4319966.093, 124
Trd, 4319966.443, 127
Trd, 4319966.643, 126
Trd, 4319967.093, 109
Trd, 4319967.743, 76
Trd, 4319968.193, 133
Trd, 4319971.143, 102
Trd, 4319972.193, 101
Trd, 4319972.943, 102
Trd, 4319973.143, 79
Trd, 4319973.493, 104
Trd, 4319974.543, 89
Trd, 4319975.443, 98
Trd, 4319976.443, 77
Trd, 4319976.843, 98
Trd, 4319977.393, 108
Trd, 4319978.193, 95
Trd, 4319978.393, 95
Trd, 4319978.693, 130
Trd, 4319980.493, 122
Trd, 4319980.693, 109
Trd, 4319981.093, 93
Trd, 4319983.193, 114
Trd, 4319983.543, 98
Trd, 4319984.643, 111
Trd, 4319985.193, 125
Trd, 4319985.393, 99
Trd, 4319985.893, 117
Trd, 4319987.443, 113
Trd, 4319987.893, 91
Trd, 4319988.143, 86
Trd, 4319989.193, 92
Trd, 4319989.693, 118
Trd, 4319990.493, 116
Trd, 4319991.693, 106
Trd, 4319992.143, 94
Trd, 4319993.093, 122
Trd, 4319994.143, 97
Trd, 4319994.693, 90
Trd, 4319994.993, 129
Trd, 4319995.143, 116
Trd, 4319996.943, 126
Trd, 4319997.593, 106
Trd, 4319997.743, 98
Trd, 4319998.843, 134
