Trd, 4318184.943, 115
Trd, 4318185.043, 109
Trd, 4318185.193, 108
Trd, 4318185.243, 104
Trd, 4318185.943, 92
Trd, 4318186.043, 91
Trd, 4318186.093, 72
Trd, 4318188.493, 138
Trd, 4318188.693, 119
Trd, 4318189.243, 132
Trd, 4318189.843, 100
Trd, 4318189.993, 99
Trd, 4318190.443, 70
Trd, 4318190.593, 92
Trd, 4318191.843, 81
Trd, 4318192.043, 106
Trd, 4318192.743, 71
Trd, 4318193.543, 68
Trd, 4318194.893, 61
Trd, 4318195.143, 66
Trd, 4318195.393, 122
Trd, 4318195.743, 131
Trd, 4318196.193, 123
Trd, 4318196.443, 109
Trd, 4318196.893, 60
Trd, 4318197.193, 96
Trd, 4318198.493, 74
Trd, 4318199.543, 64
Trd, 4318200.193, 67
Trd, 4318200.293, 70
Trd, 4318200.643, 73
Trd, 4318200.843, 62
Trd, 4318201.193, 97
Trd, 4318202.193, 99
Trd, 4318202.993, 113
Trd, 4318203.343, 131
Trd, 4318203.943, 139
Trd, 4318203.993, 138
Trd, 4318204.293, 112
Trd, 4318205.693, 60
Trd, 4318206.943, 73
Trd, 4318207.543, 60
Trd, 4318207.843, 72
Trd, 4318208.893, 60
Trd, 4318209.193, 72
Trd, 4318209.793, 135
Trd, 4318210.143, 135
Trd, 4318210.193, 134
Trd, 4318210.393, 87
Trd, 4318211.143, 61
Trd, 4318211.993, 71
Trd, 4318212.493, 62
Trd, 4318213.543, 72
Trd, 4318213.593, 73
Trd, 4318214.043, 61
Trd, 4318214.593, 73
Trd, 4318214.893, 76
Trd, 4318216.593, 61
Trd, 4318217.043, 67
Trd, 4318218.043, 79
Trd, 4318218.143, 84
Trd, 4318218.193, 102
Trd, 4318219.643, 61
Trd, 4318221.043, 60
Trd, 4318221.393, 80
Trd, 4318221.793, 123
Trd, 4318222.093, 88
Trd, 4318222.393, 77
Trd, 4318223.293, 63
Trd, 4318223.693, 93
Trd, 4318224.743, 95
Trd, 4318225.243, 62
Trd, 4318226.143, 102
Trd, 4318226.893, 60
Trd, 4318226.993, 74
Trd, 4318227.693, 70
Trd, 4318228.443, 62
Trd, 4318229.043, 62
Trd, 4318229.293, 65
Trd, 4318229.543, 82
Trd, 4318230.143, 60
Trd, 4318231.493, 61
Trd, 4318231.543, 67
Trd, 4318232.493, 62
Trd, 4318233.043, 64
Trd, 4318233.193, 61
Trd, 4318233.943, 105
Trd, 4318234.843, 66
Trd, 4318235.443, 70
Trd, 4318235.943, 90
Trd, 4318236.443, 79
Trd, 4318236.943, 60
Trd, 4318237.693, 64
Trd, 4318237.843, 87
Trd, 4318238.543, 81
Trd, 4318238.843, 140
Trd, 4318239.143, 76
Trd, 4318240.193, 115
Trd, 4318240.293, 114
Trd, 4318240.643, 88
Trd, 4318241.743, 80
Trd, 4318242.893, 90
Trd, 4318243.493, 83
Trd, 4318244.243, 60
Trd, 4318244.543, 71
Trd, 4318245.593, 108
Trd, 4318246.193, 82
Trd, 4318246.443, 82
Trd, 4318246.643, 101
Trd, 4318247.043, 85
Trd, 4318247.143, 77
Trd, 4318248.793, 64
Trd, 4318249.993, 62
Trd, 4318250.493, 74
Trd, 4318250.643, 140
Trd, 4318252.243, 71
Trd, 4318252.593, 64
Trd, 4318253.443, 65
Trd, 4318253.493, 105
Trd, 4318254.693, 99
Trd, 4318255.443, 92
Trd, 4318255.693, 107
Trd, 4318255.793, 126
Trd, 4318256.543, 105
Trd, 4318256.843, 101
Trd, 4318257.643, 102
Trd, 4318258.143, 83
Trd, 4318260.343, 65
Trd, 4318260.943, 69
Trd, 4318261.493, 75
Trd, 4318262.243, 69
Trd, 4318262.293, 62
Trd, 4318262.493, 113
Trd, 4318262.643, 60
Trd, 4318263.343, 125
Trd, 4318263.993, 114
Trd, 4318264.293, 85
Trd, 4318264.743, 140
Trd, 4318264.793, 61
Trd, 4318266.143, 69
Trd, 4318266.443, 97
Trd, 4318267.693, 104
Trd, 4318268.193, 70
Trd, 4318269.643, 62
Trd, 4318269.893, 61
Trd, 4318270.593, 68
Trd, 4318270.943, 95
Trd, 4318271.543, 94
Trd, 4318271.893, 82
Trd, 4318272.293, 81
Trd, 4318272.343, 67
Trd, 4318272.743, 61
Trd, 4318273.143, 65
Trd, 4318274.343, 60
Trd, 4318274.843, 140
Trd, 4318275.043, 140
Trd, 4318276.293, 60
Trd, 4318276.343, 61
Trd, 4318276.743, 108
Trd, 4318277.193, 65
Trd, 4318279.143, 60
Trd, 4318279.843, 65
Trd, 4318280.343, 61
Trd, 4318280.443, 66
Trd, 4318281.743, 69
Trd, 4318282.043, 71
Trd, 4318282.243, 80
Trd, 4318282.343, 69
Trd, 4318282.743, 66
Trd, 4318284.043, 80
Trd, 4318284.343, 63
Trd, 4318284.893, 71
Trd, 4318285.343, 136
Trd, 4318286.343, 110
Trd, 4318286.493, 92
Trd, 4318287.093, 91
Trd, 4318287.193, 121
Trd, 4318287.693, 135
Trd, 4318288.193, 109
Trd, 4318288.593, 79
Trd, 4318289.593, 123
Trd, 4318290.293, 105
Trd, 4318291.243, 67
Trd, 4318291.793, 87
Trd, 4318291.843, 88
Trd, 4318293.393, 60
Trd, 4318294.993, 61
Trd, 4318295.043, 62
Trd, 4318295.593, 64
Trd, 4318297.193, 61
Trd, 4318297.843, 62
Trd, 4318299.043, 62
Trd, 4318299.543, 61
Trd, 4318299.593, 64
Trd, 4318299.793, 64
Trd, 4318301.443, 68
Trd, 4318301.493, 67
Trd, 4318301.543, 79
Trd, 4318301.843, 66
Trd, 4318302.743, 60
Trd, 4318303.143, 62
Trd, 4318304.543, 62
Trd, 4318304.693, 62
Trd, 4318304.843, 62
Trd, 4318306.243, 84
Trd, 4318306.993, 61
Trd, 4318307.643, 60
Trd, 4318308.243, 64
Trd, 4318308.693, 131
Trd, 4318308.843, 130
Trd, 4318310.043, 130
Trd, 4318310.293, 109
Trd, 4318311.093, 117
Trd, 4318311.543, 107
Trd, 4318311.643, 105
Trd, 4318312.093, 113
Trd, 4318312.193, 96
Trd, 4318313.193, 74
Trd, 4318313.743, 74
Trd, 4318315.443, 61
Trd, 4318315.493, 69
Trd, 4318315.993, 64
Trd, 4318316.693, 64
Trd, 4318317.893, 85
Trd, 4318318.193, 80
Trd, 4318318.343, 77
Trd, 4318318.693, 89
Trd, 4318319.643, 93
Trd, 4318320.293, 61
Trd, 4318321.193, 133
Trd, 4318321.543, 112
Trd, 4318322.093, 118
Trd, 4318322.393, 78
Trd, 4318322.993, 69
Trd, 4318323.593, 70
Trd, 4318324.343, 92
Trd, 4318324.393, 80
Trd, 4318325.093, 74
Trd, 4318325.793, 73
Trd, 4318326.493, 129
Trd, 4318326.793, 128
Trd, 4318327.393, 129
Trd, 4318328.293, 132
Trd, 4318328.693, 94
Trd, 4318329.693, 139
Trd, 4318330.643, 138
Trd, 4318331.793, 140
Trd, 4318332.343, 138
Trd, 4318333.193, 140
Trd, 4318333.393, 130
Trd, 4318333.693, 97
Trd, 4318335.443, 62
Trd, 4318335.493, 62
Trd, 4318336.143, 62
Trd, 4318336.943, 62
Trd, 4318336.993, 99
Trd, 4318337.593, 140
Trd, 4318338.743, 118
Trd, 4318339.693, 74
Trd, 4318340.293, 62
Trd, 4318340.843, 67
Trd, 4318341.243, 70
Trd, 4318342.093, 61
Trd, 4318342.493, 61
Trd, 4318343.993, 74
Trd, 4318344.143, 122
Trd, 4318344.343, 65
Trd, 4318344.943, 127
Trd, 4318345.593, 131
Trd, 4318345.643, 90
Trd, 4318346.893, 72
Trd, 4318346.943, 69
Trd, 4318347.693, 79
Trd, 4318348.043, 93
Trd, 4318349.493, 139
Trd, 4318349.793, 138
Trd, 4318350.343, 123
Trd, 4318350.943, 118
Trd, 4318351.393, 103
Trd, 4318352.143, 66
Trd, 4318352.343, 79
Trd, 4318354.243, 70
Trd, 4318354.543, 65
Trd, 4318355.493, 91
Trd, 4318356.343, 63
Trd, 4318356.793, 80
Trd, 4318357.243, 79
Trd, 4318357.993, 63
Trd, 4318358.543, 60
Trd, 4318359.493, 60
Trd, 4318359.943, 65
Trd, 4318360.593, 77
Trd, 4318361.743, 65
Trd, 4318362.343, 61
Trd, 4318363.643, 60
Trd, 4318364.143, 78
Trd, 4318364.443, 84
Trd, 4318365.043, 61
Trd, 4318365.943, 63
Trd, 4318367.093, 117
Trd, 4318367.493, 113
Trd, 4318368.093, 112
Trd, 4318368.343, 103
Trd, 4318368.493, 98
Trd, 4318369.143, 118
Trd, 4318369.593, 100
Trd, 4318370.643, 62
Trd, 4318371.243, 60
Trd, 4318372.143, 140
Trd, 4318372.343, 139
Trd, 4318373.193, 128
Trd, 4318373.243, 104
Trd, 4318374.343, 82
Trd, 4318374.993, 83
Trd, 4318376.843, 79
Trd, 4318377.443, 88
Trd, 4318377.743, 89
Trd, 4318377.793, 87
Trd, 4318378.543, 113
Trd, 4318379.143, 60
Trd, 4318379.343, 116
Trd, 4318380.993, 60
Trd, 4318381.043, 66
Trd, 4318381.143, 134
Trd, 4318381.543, 61
Trd, 4318383.043, 64
Trd, 4318383.193, 76
Trd, 4318385.293, 61
Trd, 4318386.343, 61
Trd, 4318386.593, 61
Trd, 4318386.843, 63
Trd, 4318387.043, 69
Trd, 4318387.493, 69
Trd, 4318387.993, 64
Trd, 4318389.443, 60
Trd, 4318390.593, 60
Trd, 4318391.493, 61
Trd, 4318392.393, 65
Trd, 4318393.243, 60
Trd, 4318393.293, 62
Trd, 4318394.293, 62
Trd, 4318394.843, 77
Trd, 4318395.193, 77
Trd, 4318396.793, 61
Trd, 4318397.493, 63
Trd, 4318397.643, 61
Trd, 4318398.193, 77
Trd, 4318398.643, 62
Trd, 4318398.943, 62
Trd, 4318398.993, 80
Trd, 4318399.843, 114
Trd, 4318400.193, 97
Trd, 4318400.893, 65
Trd, 4318401.193, 97
Trd, 4318401.543, 106
Trd, 4318404.043, 79
Trd, 4318404.893, 97
Trd, 4318405.093, 100
Trd, 4318405.193, 117
Trd, 4318405.593, 95
Trd, 4318406.643, 140
Trd, 4318407.243, 139
Trd, 4318407.293, 138
Trd, 4318407.493, 99
Trd, 4318407.793, 98
Trd, 4318409.443, 61
Trd, 4318410.043, 68
Trd, 4318410.143, 69
Trd, 4318411.193, 61
Trd, 4318411.993, 77
Trd, 4318412.043, 60
Trd, 4318412.593, 64
Trd, 4318412.793, 84
Trd, 4318413.193, 70
Trd, 4318414.393, 67
Trd, 4318415.043, 77
Trd, 4318415.443, 136
Trd, 4318416.293, 65
Trd, 4318416.993, 75
Trd, 4318417.993, 65
Trd, 4318419.893, 63
Trd, 4318420.593, 60
Trd, 4318420.843, 63
Trd, 4318421.143, 63
Trd, 4318421.893, 60
Trd, 4318424.143, 60
Trd, 4318424.843, 63
Trd, 4318425.243, 60
Trd, 4318425.493, 63
Trd, 4318425.543, 64
Trd, 4318425.843, 81
Trd, 4318426.243, 104
Trd, 4318426.943, 68
Trd, 4318427.893, 67
Trd, 4318428.543, 64
Trd, 4318429.493, 69
Trd, 4318429.593, 68
Trd, 4318432.243, 61
Trd, 4318432.493, 62
Trd, 4318432.793, 60
Trd, 4318433.293, 66
Trd, 4318433.343, 94
Trd, 4318434.893, 62
Trd, 4318434.943, 69
Trd, 4318435.493, 60
Trd, 4318435.543, 93
Trd, 4318437.493, 61
Trd, 4318437.793, 68
Trd, 4318438.343, 68
Trd, 4318438.743, 68
Trd, 4318439.643, 68
Trd, 4318441.743, 61
Trd, 4318441.843, 64
Trd, 4318441.993, 65
Trd, 4318442.843, 62
Trd, 4318445.743, 60
Trd, 4318446.693, 61
Trd, 4318446.793, 61
Trd, 4318448.043, 60
Trd, 4318448.743, 61
Trd, 4318450.093, 76
Trd, 4318450.743, 76
Trd, 4318451.143, 61
Trd, 4318452.043, 62
Trd, 4318452.693, 61
Trd, 4318453.443, 72
Trd, 4318455.443, 60
Trd, 4318455.543, 63
Trd, 4318455.643, 65
Trd, 4318455.893, 63
Trd, 4318456.543, 64
Trd, 4318456.643, 65
Trd, 4318457.493, 61
Trd, 4318458.843, 65
Trd, 4318459.143, 71
Trd, 4318459.343, 67
Trd, 4318459.643, 66
Trd, 4318460.343, 67
Trd, 4318460.943, 78
Trd, 4318461.893, 61
Trd, 4318462.743, 68
Trd, 4318463.293, 63
Trd, 4318463.643, 61
Trd, 4318464.443, 70
Trd, 4318464.543, 94
Trd, 4318466.043, 63
Trd, 4318466.243, 61
Trd, 4318466.293, 66
Trd, 4318466.393, 68
Trd, 4318467.393, 60
Trd, 4318468.193, 63
Trd, 4318469.143, 135
Trd, 4318469.193, 122
Trd, 4318471.543, 138
Trd, 4318471.643, 105
Trd, 4318471.843, 84
Trd, 4318472.093, 84
Trd, 4318472.843, 118
Trd, 4318473.193, 109
Trd, 4318473.743, 97
Trd, 4318474.793, 132
Trd, 4318475.193, 132
Trd, 4318476.443, 62
Trd, 4318476.493, 82
Trd, 4318476.643, 62
Trd, 4318476.843, 92
Trd, 4318478.243, 60
Trd, 4318478.743, 63
Trd, 4318479.693, 91
Trd, 4318480.143, 131
Trd, 4318480.743, 140
Trd, 4318480.843, 140
Trd, 4318481.243, 93
Trd, 4318481.743, 80
Trd, 4318483.643, 121
Trd, 4318484.243, 119
Trd, 4318484.493, 140
Trd, 4318484.743, 114
Trd, 4318484.793, 104
Trd, 4318486.143, 62
Trd, 4318486.293, 113
Trd, 4318486.793, 112
Trd, 4318487.043, 87
Trd, 4318488.093, 103
Trd, 4318488.843, 140
Trd, 4318488.993, 138
Trd, 4318489.993, 70
Trd, 4318490.393, 97
Trd, 4318491.393, 88
Trd, 4318491.493, 65
Trd, 4318491.793, 103
Trd, 4318493.093, 119
Trd, 4318495.043, 69
Trd, 4318495.543, 61
Trd, 4318496.393, 61
Trd, 4318496.443, 68
Trd, 4318497.243, 60
Trd, 4318497.693, 74
Trd, 4318499.093, 66
Trd, 4318499.643, 60
Trd, 4318499.793, 65
Trd, 4318500.643, 68
Trd, 4318500.893, 68
Trd, 4318501.143, 86
Trd, 4318501.643, 80
Trd, 4318502.293, 86
Trd, 4318502.793, 139
Trd, 4318502.843, 127
Trd, 4318503.493, 80
Trd, 4318504.543, 78
Trd, 4318504.643, 79
Trd, 4318504.993, 68
Trd, 4318506.093, 85
Trd, 4318506.843, 65
Trd, 4318507.393, 95
Trd, 4318508.443, 103
Trd, 4318509.043, 117
Trd, 4318509.143, 72
Trd, 4318511.393, 61
Trd, 4318511.593, 61
Trd, 4318511.693, 75
Trd, 4318512.143, 112
Trd, 4318512.493, 81
Trd, 4318513.393, 63
Trd, 4318514.893, 62
Trd, 4318515.143, 61
Trd, 4318515.393, 73
Trd, 4318515.443, 75
Trd, 4318515.593, 61
Trd, 4318516.693, 73
Trd, 4318517.443, 111
Trd, 4318518.443, 64
Trd, 4318519.543, 80
Trd, 4318520.243, 132
Trd, 4318520.943, 109
Trd, 4318521.043, 120
Trd, 4318521.193, 68
Trd, 4318521.993, 63
Trd, 4318522.443, 72
Trd, 4318523.293, 65
Trd, 4318523.893, 66
Trd, 4318524.193, 63
Trd, 4318525.493, 61
Trd, 4318526.543, 62
Trd, 4318526.743, 64
Trd, 4318527.143, 70
Trd, 4318529.243, 63
Trd, 4318529.893, 64
Trd, 4318530.793, 67
Trd, 4318531.193, 60
Trd, 4318531.243, 61
Trd, 4318531.643, 90
Trd, 4318532.093, 60
Trd, 4318532.593, 61
Trd, 4318533.193, 69
Trd, 4318534.693, 62
Trd, 4318535.143, 61
Trd, 4318536.093, 60
Trd, 4318537.793, 60
Trd, 4318537.943, 61
Trd, 4318539.093, 60
Trd, 4318539.943, 65
Trd, 4318540.293, 69
Trd, 4318540.343, 69
Trd, 4318540.793, 74
Trd, 4318540.993, 110
Trd, 4318541.893, 79
Trd, 4318542.893, 100
Trd, 4318543.543, 73
Trd, 4318543.593, 72
Trd, 4318543.743, 70
Trd, 4318543.943, 62
Trd, 4318544.343, 140
Trd, 4318545.193, 62
Trd, 4318547.093, 62
Trd, 4318548.093, 61
Trd, 4318548.243, 62
Trd, 4318548.393, 63
Trd, 4318548.443, 89
Trd, 4318549.943, 72
Trd, 4318550.243, 81
Trd, 4318550.343, 132
Trd, 4318551.443, 89
Trd, 4318551.543, 88
Trd, 4318553.043, 65
Trd, 4318553.693, 61
Trd, 4318553.793, 79
Trd, 4318554.843, 63
Trd, 4318555.443, 110
Trd, 4318555.943, 73
Trd, 4318556.443, 134
Trd, 4318557.243, 88
Trd, 4318557.393, 87
Trd, 4318557.943, 91
Trd, 4318558.993, 74
Trd, 4318559.743, 83
Trd, 4318560.343, 92
Trd, 4318560.643, 81
Trd, 4318561.343, 63
Trd, 4318561.443, 63
Trd, 4318561.743, 75
Trd, 4318563.193, 75
Trd, 4318563.543, 117
Trd, 4318564.043, 140
Trd, 4318564.243, 101
Trd, 4318565.293, 63
Trd, 4318565.943, 67
Trd, 4318567.893, 60
Trd, 4318568.693, 60
Trd, 4318568.893, 68
Trd, 4318569.043, 65
Trd, 4318569.843, 113
Trd, 4318570.143, 110
Trd, 4318570.543, 125
Trd, 4318570.693, 99
Trd, 4318571.643, 83
Trd, 4318571.893, 130
Trd, 4318572.093, 81
Trd, 4318572.243, 80
Trd, 4318572.543, 116
Trd, 4318573.393, 66
Trd, 4318575.043, 61
Trd, 4318576.293, 60
Trd, 4318576.993, 68
Trd, 4318578.143, 61
Trd, 4318578.743, 63
Trd, 4318578.843, 91
Trd, 4318580.693, 66
Trd, 4318581.093, 60
Trd, 4318582.043, 61
Trd, 4318582.093, 61
Trd, 4318582.543, 62
Trd, 4318582.943, 61
Trd, 4318583.043, 66
Trd, 4318584.493, 84
Trd, 4318584.993, 91
Trd, 4318586.143, 139
Trd, 4318586.293, 126
Trd, 4318586.543, 125
Trd, 4318586.643, 124
Trd, 4318588.193, 105
Trd, 4318588.393, 93
Trd, 4318589.193, 96
Trd, 4318589.443, 75
Trd, 4318589.743, 87
Trd, 4318590.043, 139
Trd, 4318591.193, 94
Trd, 4318591.243, 71
Trd, 4318591.943, 115
Trd, 4318592.443, 103
Trd, 4318592.993, 62
Trd, 4318594.643, 68
Trd, 4318595.493, 74
Trd, 4318595.693, 70
Trd, 4318595.793, 74
Trd, 4318596.393, 140
Trd, 4318597.293, 112
Trd, 4318597.543, 101
Trd, 4318598.843, 109
Trd, 4318598.943, 116
Trd, 4318600.893, 60
Trd, 4318601.593, 61
Trd, 4318602.693, 62
Trd, 4318602.993, 65
Trd, 4318603.393, 68
Trd, 4318603.993, 80
Trd, 4318604.093, 82
Trd, 4318604.643, 84
Trd, 4318604.943, 71
Trd, 4318606.943, 62
Trd, 4318607.543, 61
Trd, 4318608.043, 64
Trd, 4318608.143, 70
Trd, 4318608.243, 61
Trd, 4318609.693, 73
Trd, 4318609.893, 72
Trd, 4318609.993, 61
Trd, 4318610.443, 78
Trd, 4318611.693, 140
Trd, 4318612.343, 139
Trd, 4318612.543, 119
Trd, 4318612.643, 69
Trd, 4318613.793, 64
Trd, 4318613.893, 94
Trd, 4318613.993, 110
Trd, 4318616.343, 60
Trd, 4318616.693, 63
Trd, 4318618.343, 63
Trd, 4318618.493, 65
Trd, 4318619.093, 79
Trd, 4318619.543, 65
Trd, 4318619.743, 83
Trd, 4318620.393, 101
Trd, 4318620.743, 138
Trd, 4318621.093, 100
Trd, 4318622.493, 115
Trd, 4318622.843, 120
Trd, 4318622.943, 114
Trd, 4318625.143, 62
Trd, 4318625.493, 64
Trd, 4318625.643, 80
Trd, 4318626.293, 69
Trd, 4318626.993, 95
Trd, 4318627.743, 60
Trd, 4318627.793, 62
Trd, 4318629.043, 63
Trd, 4318629.943, 69
Trd, 4318630.593, 75
Trd, 4318631.143, 91
Trd, 4318631.893, 87
Trd, 4318634.443, 64
Trd, 4318634.793, 64
Trd, 4318634.843, 71
Trd, 4318636.093, 66
Trd, 4318636.793, 61
Trd, 4318637.193, 76
Trd, 4318638.143, 107
Trd, 4318638.493, 66
Trd, 4318639.593, 63
Trd, 4318639.943, 67
Trd, 4318639.993, 71
Trd, 4318640.693, 80
Trd, 4318641.043, 63
Trd, 4318641.643, 62
Trd, 4318643.393, 60
Trd, 4318644.343, 60
Trd, 4318645.143, 61
Trd, 4318645.393, 70
Trd, 4318646.043, 77
Trd, 4318646.143, 87
Trd, 4318646.243, 65
Trd, 4318648.043, 60
Trd, 4318649.493, 63
Trd, 4318649.943, 81
Trd, 4318650.343, 76
Trd, 4318651.343, 60
Trd, 4318651.643, 61
Trd, 4318652.993, 62
Trd, 4318653.293, 67
Trd, 4318653.893, 76
Trd, 4318654.343, 79
Trd, 4318654.443, 71
Trd, 4318655.843, 74
Trd, 4318656.343, 60
Trd, 4318656.443, 61
Trd, 4318658.593, 61
Trd, 4318659.443, 62
Trd, 4318659.543, 68
Trd, 4318660.593, 73
Trd, 4318660.893, 85
Trd, 4318661.043, 91
Trd, 4318662.143, 140
Trd, 4318662.393, 139
Trd, 4318662.793, 113
Trd, 4318662.843, 112
Trd, 4318663.093, 88
Trd, 4318665.493, 61
Trd, 4318665.843, 64
Trd, 4318666.643, 62
Trd, 4318667.743, 62
Trd, 4318668.243, 81
Trd, 4318669.243, 87
Trd, 4318669.743, 61
Trd, 4318669.793, 79
Trd, 4318669.843, 79
Trd, 4318671.093, 75
Trd, 4318671.693, 65
Trd, 4318672.493, 60
Trd, 4318672.693, 71
Trd, 4318673.393, 62
Trd, 4318673.843, 72
Trd, 4318674.143, 87
Trd, 4318675.243, 66
Trd, 4318676.043, 68
Trd, 4318676.343, 127
Trd, 4318677.843, 140
Trd, 4318677.993, 140
Trd, 4318678.493, 132
Trd, 4318678.543, 128
Trd, 4318678.643, 127
Trd, 4318679.643, 95
Trd, 4318681.043, 139
Trd, 4318681.343, 134
Trd, 4318681.643, 134
Trd, 4318682.043, 133
Trd, 4318682.593, 133
Trd, 4318682.743, 111
Trd, 4318683.193, 103
Trd, 4318684.093, 89
Trd, 4318684.743, 112
Trd, 4318686.343, 82
Trd, 4318686.893, 61
Trd, 4318686.943, 75
Trd, 4318687.893, 61
Trd, 4318687.943, 70
Trd, 4318689.043, 62
Trd, 4318691.743, 60
Trd, 4318692.643, 67
Trd, 4318692.743, 98
Trd, 4318693.993, 61
Trd, 4318694.043, 64
Trd, 4318694.443, 68
Trd, 4318695.143, 66
Trd, 4318695.943, 70
Trd, 4318696.293, 79
Trd, 4318697.143, 60
Trd, 4318697.943, 61
Trd, 4318698.043, 60
Trd, 4318698.193, 79
Trd, 4318699.143, 62
Trd, 4318699.293, 66
Trd, 4318699.543, 66
Trd, 4318700.043, 67
Trd, 4318700.793, 123
Trd, 4318701.643, 60
Trd, 4318701.893, 79
Trd, 4318703.143, 62
Trd, 4318703.243, 63
Trd, 4318703.543, 87
Trd, 4318703.743, 66
Trd, 4318704.793, 71
Trd, 4318704.893, 60
Trd, 4318705.343, 78
Trd, 4318705.693, 61
Trd, 4318706.893, 70
Trd, 4318707.343, 64
Trd, 4318707.593, 97
Trd, 4318709.143, 60
Trd, 4318709.843, 70
Trd, 4318710.143, 62
Trd, 4318710.843, 76
Trd, 4318711.293, 132
Trd, 4318711.643, 76
Trd, 4318711.793, 79
Trd, 4318712.643, 63
Trd, 4318713.843, 62
Trd, 4318714.493, 61
Trd, 4318715.543, 68
Trd, 4318715.643, 63
Trd, 4318716.843, 60
Trd, 4318717.793, 60
Trd, 4318718.193, 61
Trd, 4318718.393, 62
Trd, 4318718.793, 111
Trd, 4318718.993, 109
Trd, 4318720.193, 140
Trd, 4318720.393, 98
Trd, 4318720.693, 75
Trd, 4318722.393, 127
Trd, 4318722.643, 125
Trd, 4318722.793, 106
Trd, 4318723.743, 112
Trd, 4318723.793, 73
Trd, 4318724.143, 60
Trd, 4318724.493, 135
Trd, 4318725.593, 61
Trd, 4318726.993, 60
Trd, 4318728.343, 63
Trd, 4318728.893, 70
Trd, 4318729.443, 72
Trd, 4318729.943, 63
Trd, 4318730.093, 83
Trd, 4318730.293, 103
Trd, 4318730.843, 60
Trd, 4318732.093, 61
Trd, 4318733.993, 71
Trd, 4318734.543, 88
Trd, 4318734.943, 97
Trd, 4318735.643, 61
Trd, 4318735.793, 60
Trd, 4318735.993, 74
Trd, 4318736.593, 75
Trd, 4318737.793, 73
Trd, 4318738.393, 92
Trd, 4318739.143, 112
Trd, 4318739.643, 60
Trd, 4318739.943, 139
Trd, 4318741.843, 62
Trd, 4318742.393, 65
Trd, 4318742.493, 111
Trd, 4318743.043, 106
Trd, 4318743.943, 121
Trd, 4318744.543, 122
Trd, 4318744.993, 119
Trd, 4318745.193, 124
Trd, 4318745.243, 83
Trd, 4318745.593, 100
Trd, 4318746.193, 124
Trd, 4318746.743, 68
Trd, 4318746.943, 69
Trd, 4318747.893, 97
Trd, 4318749.293, 63
Trd, 4318749.893, 112
Trd, 4318750.393, 66
Trd, 4318750.593, 65
Trd, 4318753.293, 64
Trd, 4318753.793, 60
Trd, 4318753.943, 66
Trd, 4318754.443, 62
Trd, 4318755.643, 62
Trd, 4318755.743, 63
Trd, 4318755.893, 64
Trd, 4318755.943, 71
Trd, 4318756.043, 61
Trd, 4318756.443, 93
Trd, 4318756.893, 60
Trd, 4318758.143, 64
Trd, 4318758.743, 61
Trd, 4318759.293, 60
Trd, 4318759.993, 65
Trd, 4318760.043, 66
Trd, 4318761.193, 79
Trd, 4318761.493, 78
Trd, 4318764.293, 63
Trd, 4318764.593, 64
Trd, 4318764.693, 66
Trd, 4318765.143, 66
Trd, 4318765.443, 67
Trd, 4318765.793, 118
Trd, 4318766.093, 140
Trd, 4318766.193, 140
Trd, 4318766.743, 117
Trd, 4318768.343, 60
Trd, 4318768.693, 84
Trd, 4318768.893, 88
Trd, 4318770.193, 139
Trd, 4318770.893, 113
Trd, 4318772.293, 69
Trd, 4318773.193, 78
Trd, 4318773.943, 60
Trd, 4318774.793, 60
Trd, 4318774.943, 65
Trd, 4318775.043, 68
Trd, 4318775.093, 68
Trd, 4318775.743, 69
Trd, 4318777.293, 67
Trd, 4318777.493, 62
Trd, 4318777.643, 63
Trd, 4318778.843, 60
Trd, 4318779.593, 68
Trd, 4318779.643, 73
Trd, 4318780.293, 65
Trd, 4318781.043, 60
Trd, 4318781.693, 64
Trd, 4318782.093, 104
Trd, 4318783.093, 80
Trd, 4318783.293, 79
Trd, 4318784.093, 77
Trd, 4318784.293, 62
Trd, 4318785.393, 107
Trd, 4318785.543, 106
Trd, 4318785.793, 140
Trd, 4318785.943, 102
Trd, 4318786.543, 140
Trd, 4318786.693, 121
Trd, 4318787.643, 69
Trd, 4318788.593, 70
Trd, 4318788.943, 62
Trd, 4318789.843, 135
Trd, 4318790.493, 115
Trd, 4318791.243, 105
Trd, 4318791.293, 79
Trd, 4318791.343, 76
Trd, 4318793.043, 63
Trd, 4318793.493, 65
Trd, 4318793.943, 71
Trd, 4318795.293, 139
Trd, 4318795.693, 140
Trd, 4318796.593, 123
Trd, 4318797.043, 77
Trd, 4318797.293, 67
Trd, 4318797.343, 83
Trd, 4318798.143, 66
Trd, 4318798.943, 60
Trd, 4318799.943, 62
Trd, 4318800.293, 61
Trd, 4318801.143, 140
Trd, 4318801.593, 140
Trd, 4318802.843, 64
Trd, 4318802.993, 90
Trd, 4318803.593, 79
Trd, 4318804.143, 74
Trd, 4318805.193, 61
Trd, 4318805.893, 72
Trd, 4318807.643, 60
Trd, 4318807.693, 68
Trd, 4318808.643, 63
Trd, 4318809.893, 65
Trd, 4318810.393, 63
Trd, 4318810.793, 60
Trd, 4318812.243, 67
Trd, 4318812.843, 61
Trd, 4318812.943, 63
Trd, 4318813.493, 64
Trd, 4318813.743, 62
Trd, 4318814.493, 65
Trd, 4318815.393, 71
Trd, 4318816.993, 60
Trd, 4318817.293, 62
Trd, 4318817.743, 66
Trd, 4318819.193, 61
Trd, 4318819.293, 61
Trd, 4318820.193, 61
Trd, 4318820.793, 66
Trd, 4318821.993, 60
Trd, 4318822.143, 74
Trd, 4318823.143, 69
Trd, 4318824.243, 67
Trd, 4318824.893, 66
Trd, 4318825.743, 63
Trd, 4318826.493, 61
Trd, 4318827.593, 75
Trd, 4318827.693, 76
Trd, 4318827.943, 129
Trd, 4318828.293, 128
Trd, 4318828.543, 88
Trd, 4318829.793, 60
Trd, 4318830.393, 60
Trd, 4318830.943, 62
Trd, 4318831.093, 69
Trd, 4318832.593, 98
Trd, 4318832.943, 88
Trd, 4318832.993, 112
Trd, 4318833.693, 97
Trd, 4318833.793, 99
Trd, 4318835.893, 66
Trd, 4318835.943, 65
Trd, 4318836.493, 60
Trd, 4318836.943, 67
Trd, 4318837.143, 86
Trd, 4318838.793, 129
Trd, 4318839.043, 103
Trd, 4318839.243, 82
Trd, 4318839.893, 139
Trd, 4318840.443, 85
Trd, 4318841.393, 62
Trd, 4318842.793, 121
Trd, 4318843.493, 130
Trd, 4318843.893, 121
Trd, 4318844.093, 102
Trd, 4318844.643, 61
Trd, 4318845.993, 69
Trd, 4318847.193, 65
Trd, 4318847.743, 66
Trd, 4318847.893, 99
Trd, 4318848.943, 133
Trd, 4318849.193, 63
Trd, 4318851.143, 63
Trd, 4318851.693, 62
Trd, 4318852.643, 65
Trd, 4318852.693, 68
Trd, 4318853.043, 67
Trd, 4318853.343, 72
Trd, 4318853.693, 94
Trd, 4318854.443, 127
Trd, 4318854.593, 67
Trd, 4318855.593, 70
Trd, 4318855.843, 113
Trd, 4318856.243, 69
Trd, 4318856.743, 90
Trd, 4318857.293, 77
Trd, 4318857.443, 66
Trd, 4318857.643, 98
Trd, 4318859.693, 61
Trd, 4318860.543, 75
Trd, 4318860.893, 76
Trd, 4318861.293, 120
Trd, 4318861.993, 95
Trd, 4318862.843, 94
Trd, 4318862.993, 93
Trd, 4318864.143, 140
Trd, 4318864.243, 140
Trd, 4318864.393, 101
Trd, 4318865.343, 86
Trd, 4318865.993, 63
Trd, 4318866.643, 139
Trd, 4318867.443, 64
Trd, 4318868.643, 64
Trd, 4318868.693, 68
Trd, 4318869.193, 78
Trd, 4318869.843, 116
Trd, 4318870.193, 140
Trd, 4318870.343, 140
Trd, 4318870.593, 67
Trd, 4318870.993, 122
Trd, 4318871.893, 111
Trd, 4318872.693, 85
Trd, 4318873.443, 83
Trd, 4318873.593, 81
Trd, 4318875.093, 70
Trd, 4318875.193, 67
Trd, 4318876.293, 108
Trd, 4318877.093, 60
Trd, 4318877.193, 62
Trd, 4318877.893, 140
Trd, 4318878.093, 110
Trd, 4318878.543, 95
Trd, 4318878.693, 94
Trd, 4318879.193, 73
Trd, 4318879.843, 67
Trd, 4318880.043, 93
Trd, 4318880.093, 104
Trd, 4318880.443, 78
Trd, 4318882.393, 64
Trd, 4318882.943, 72
Trd, 4318883.943, 81
Trd, 4318884.143, 80
Trd, 4318885.293, 106
Trd, 4318885.343, 107
Trd, 4318886.293, 139
Trd, 4318887.693, 60
Trd, 4318887.743, 65
Trd, 4318887.893, 83
Trd, 4318888.343, 121
Trd, 4318890.493, 74
Trd, 4318890.543, 61
Trd, 4318891.943, 65
Trd, 4318891.993, 99
Trd, 4318892.843, 60
Trd, 4318892.893, 74
Trd, 4318894.293, 103
Trd, 4318894.593, 103
Trd, 4318894.643, 86
Trd, 4318895.843, 139
Trd, 4318895.993, 90
Trd, 4318896.293, 129
Trd, 4318896.743, 72
Trd, 4318897.593, 82
Trd, 4318898.043, 67
Trd, 4318898.093, 105
Trd, 4318899.493, 133
Trd, 4318899.943, 129
Trd, 4318899.993, 127
Trd, 4318900.093, 106
Trd, 4318902.493, 140
Trd, 4318902.893, 103
Trd, 4318903.243, 117
Trd, 4318903.293, 94
Trd, 4318903.343, 64
Trd, 4318904.043, 99
Trd, 4318905.193, 94
Trd, 4318905.593, 92
Trd, 4318906.093, 90
Trd, 4318906.243, 75
Trd, 4318907.243, 67
Trd, 4318907.293, 68
Trd, 4318908.843, 72
Trd, 4318908.943, 82
Trd, 4318910.043, 75
Trd, 4318910.993, 88
Trd, 4318911.043, 79
Trd, 4318911.743, 77
Trd, 4318912.143, 60
Trd, 4318912.343, 69
Trd, 4318913.243, 61
Trd, 4318914.043, 64
Trd, 4318916.043, 67
Trd, 4318916.443, 63
Trd, 4318916.693, 62
Trd, 4318916.993, 62
Trd, 4318918.043, 61
Trd, 4318918.693, 64
Trd, 4318919.643, 68
Trd, 4318919.793, 107
Trd, 4318920.443, 66
Trd, 4318923.443, 61
Trd, 4318923.593, 61
Trd, 4318923.893, 67
Trd, 4318925.193, 108
Trd, 4318926.543, 140
Trd, 4318926.943, 140
Trd, 4318927.293, 140
Trd, 4318927.343, 134
Trd, 4318927.493, 123
Trd, 4318927.943, 95
Trd, 4318929.543, 126
Trd, 4318930.043, 112
Trd, 4318930.393, 111
Trd, 4318930.743, 98
Trd, 4318931.943, 104
Trd, 4318932.893, 66
Trd, 4318932.993, 85
Trd, 4318933.243, 131
Trd, 4318933.543, 82
Trd, 4318934.593, 61
Trd, 4318935.943, 61
Trd, 4318936.093, 68
Trd, 4318936.193, 69
Trd, 4318939.693, 61
Trd, 4318939.843, 62
Trd, 4318939.893, 71
Trd, 4318940.143, 70
Trd, 4318940.843, 74
Trd, 4318940.943, 104
Trd, 4318941.243, 62
Trd, 4318943.343, 64
Trd, 4318944.143, 71
Trd, 4318944.543, 70
Trd, 4318944.643, 73
Trd, 4318945.343, 66
Trd, 4318945.443, 77
Trd, 4318945.493, 64
Trd, 4318946.143, 81
Trd, 4318947.343, 67
Trd, 4318947.593, 70
Trd, 4318947.843, 111
Trd, 4318948.443, 60
Trd, 4318948.493, 77
Trd, 4318948.893, 84
Trd, 4318950.393, 130
Trd, 4318950.443, 129
Trd, 4318951.193, 137
Trd, 4318951.593, 126
Trd, 4318952.843, 62
Trd, 4318953.243, 90
Trd, 4318953.993, 140
Trd, 4318954.493, 138
Trd, 4318955.193, 100
Trd, 4318955.243, 73
Trd, 4318955.893, 75
Trd, 4318957.543, 77
Trd, 4318957.593, 75
Trd, 4318957.943, 82
Trd, 4318958.443, 75
Trd, 4318959.743, 62
Trd, 4318960.293, 68
Trd, 4318961.193, 79
Trd, 4318961.743, 84
Trd, 4318961.943, 71
Trd, 4318962.793, 92
Trd, 4318963.693, 69
Trd, 4318964.093, 69
Trd, 4318964.443, 113
Trd, 4318965.443, 63
Trd, 4318965.543, 67
Trd, 4318966.093, 67
Trd, 4318967.143, 60
Trd, 4318967.693, 129
Trd, 4318967.843, 92
Trd, 4318968.393, 61
Trd, 4318970.143, 69
Trd, 4318971.193, 63
Trd, 4318971.693, 64
Trd, 4318972.193, 64
Trd, 4318972.593, 61
Trd, 4318973.043, 97
Trd, 4318974.493, 65
Trd, 4318974.693, 65
Trd, 4318975.493, 60
Trd, 4318975.793, 60
Trd, 4318976.693, 62
Trd, 4318977.143, 75
Trd, 4318977.343, 71
Trd, 4318977.643, 66
Trd, 4318978.443, 60
Trd, 4318979.593, 95
Trd, 4318980.193, 119
Trd, 4318980.643, 105
Trd, 4318980.693, 73
Trd, 4318981.443, 131
Trd, 4318981.743, 131
Trd, 4318983.393, 63
Trd, 4318983.643, 60
Trd, 4318983.843, 60
Trd, 4318984.743, 62
Trd, 4318985.543, 61
Trd, 4318986.043, 63
Trd, 4318986.793, 133
Trd, 4318986.843, 123
Trd, 4318986.893, 122
Trd, 4318989.343, 62
Trd, 4318989.443, 60
Trd, 4318989.743, 73
Trd, 4318989.793, 60
Trd, 4318990.793, 77
Trd, 4318991.493, 116
Trd, 4318991.893, 61
Trd, 4318991.943, 63
Trd, 4318992.143, 69
Trd, 4318993.243, 64
Trd, 4318994.193, 60
Trd, 4318994.593, 65
Trd, 4318995.043, 61
Trd, 4318995.143, 63
Trd, 4318996.893, 62
Trd, 4318998.843, 65
Trd, 4318999.093, 77
Trd, 4318999.243, 65
Trd, 4318999.443, 99
Trd, 4318999.843, 95
Trd, 4318999.893, 93
Trd, 4319000.993, 60
Trd, 4319001.143, 63
Trd, 4319002.843, 87
Trd, 4319003.393, 65
Trd, 4319003.443, 66
Trd, 4319004.043, 94
Trd, 4319005.643, 65
Trd, 4319005.893, 63
Trd, 4319006.243, 80
Trd, 4319006.943, 61
Trd, 4319008.843, 64
Trd, 4319008.993, 63
Trd, 4319009.643, 68
Trd, 4319010.743, 62
Trd, 4319011.343, 60
Trd, 4319011.443, 62
Trd, 4319011.993, 61
Trd, 4319012.293, 74
Trd, 4319014.443, 66
Trd, 4319015.193, 62
Trd, 4319015.443, 60
Trd, 4319015.493, 68
Trd, 4319015.693, 75
Trd, 4319016.243, 104
Trd, 4319016.943, 60
Trd, 4319017.493, 67
Trd, 4319017.693, 71
Trd, 4319017.843, 61
Trd, 4319019.243, 106
Trd, 4319019.843, 118
Trd, 4319020.193, 138
Trd, 4319020.493, 126
Trd, 4319020.693, 90
Trd, 4319020.993, 90
Trd, 4319022.293, 64
Trd, 4319022.393, 70
Trd, 4319022.643, 76
Trd, 4319023.393, 90
Trd, 4319024.543, 60
Trd, 4319024.743, 87
Trd, 4319025.993, 70
Trd, 4319026.293, 62
Trd, 4319026.493, 74
Trd, 4319027.143, 75
Trd, 4319027.843, 76
Trd, 4319028.743, 61
Trd, 4319029.243, 80
Trd, 4319030.143, 62
Trd, 4319030.243, 76
Trd, 4319031.043, 68
Trd, 4319031.693, 70
Trd, 4319033.543, 60
Trd, 4319033.743, 61
Trd, 4319034.193, 62
Trd, 4319034.893, 72
Trd, 4319035.543, 65
Trd, 4319036.593, 61
Trd, 4319036.693, 89
Trd, 4319036.943, 75
Trd, 4319037.843, 62
Trd, 4319038.393, 97
Trd, 4319039.493, 70
Trd, 4319039.743, 81
Trd, 4319039.793, 78
Trd, 4319040.093, 69
Trd, 4319041.693, 105
Trd, 4319042.093, 116
Trd, 4319042.593, 61
Trd, 4319043.743, 60
Trd, 4319043.893, 65
Trd, 4319044.893, 104
Trd, 4319044.943, 101
Trd, 4319045.543, 100
Trd, 4319045.693, 93
Trd, 4319046.893, 60
Trd, 4319048.743, 60
Trd, 4319048.793, 112
Trd, 4319049.643, 121
Trd, 4319051.043, 64
Trd, 4319051.543, 72
Trd, 4319051.943, 61
Trd, 4319052.443, 64
Trd, 4319052.943, 63
Trd, 4319053.043, 65
Trd, 4319053.493, 115
Trd, 4319053.593, 103
Trd, 4319055.443, 66
Trd, 4319055.943, 64
Trd, 4319056.793, 63
Trd, 4319057.593, 64
Trd, 4319057.893, 95
Trd, 4319058.143, 88
Trd, 4319058.193, 78
Trd, 4319058.943, 63
Trd, 4319059.443, 133
Trd, 4319060.743, 67
Trd, 4319061.243, 106
Trd, 4319062.493, 140
Trd, 4319062.743, 134
Trd, 4319063.043, 84
Trd, 4319063.143, 80
Trd, 4319064.343, 125
Trd, 4319064.393, 117
Trd, 4319065.593, 68
Trd, 4319065.743, 100
Trd, 4319066.343, 105
Trd, 4319066.993, 61
Trd, 4319069.393, 66
Trd, 4319069.943, 66
Trd, 4319071.143, 63
Trd, 4319071.743, 92
Trd, 4319072.093, 100
Trd, 4319072.743, 86
Trd, 4319073.043, 65
Trd, 4319074.543, 60
Trd, 4319074.743, 61
Trd, 4319074.943, 61
Trd, 4319076.993, 67
Trd, 4319077.443, 71
Trd, 4319077.543, 63
Trd, 4319077.743, 62
Trd, 4319077.843, 75
Trd, 4319079.693, 62
Trd, 4319079.843, 68
Trd, 4319080.343, 84
Trd, 4319080.393, 65
Trd, 4319080.993, 68
Trd, 4319081.793, 110
Trd, 4319081.993, 61
Trd, 4319083.793, 92
Trd, 4319084.193, 122
Trd, 4319085.043, 63
Trd, 4319085.643, 127
Trd, 4319086.743, 99
Trd, 4319087.043, 134
Trd, 4319087.643, 110
Trd, 4319088.193, 119
Trd, 4319088.543, 129
Trd, 4319088.893, 100
Trd, 4319089.443, 140
Trd, 4319090.593, 76
Trd, 4319090.943, 67
Trd, 4319092.143, 95
Trd, 4319093.193, 79
Trd, 4319093.943, 113
Trd, 4319094.293, 112
Trd, 4319094.993, 134
Trd, 4319095.643, 125
Trd, 4319095.843, 102
Trd, 4319096.643, 113
Trd, 4319096.993, 119
Trd, 4319097.193, 108
Trd, 4319098.543, 140
Trd, 4319098.643, 116
Trd, 4319099.243, 71
Trd, 4319099.493, 61
Trd, 4319099.743, 96
Trd, 4319100.843, 105
Trd, 4319101.843, 140
Trd, 4319102.243, 140
Trd, 4319102.543, 131
Trd, 4319103.643, 70
Trd, 4319104.193, 85
Trd, 4319104.443, 120
Trd, 4319104.643, 114
Trd, 4319105.043, 138
Trd, 4319105.343, 122
Trd, 4319105.793, 69
Trd, 4319107.693, 78
Trd, 4319107.793, 69
Trd, 4319108.093, 140
Trd, 4319108.393, 73
Trd, 4319109.243, 67
Trd, 4319110.293, 137
Trd, 4319111.093, 124
Trd, 4319111.693, 125
Trd, 4319111.943, 122
Trd, 4319112.343, 114
Trd, 4319112.593, 137
Trd, 4319114.893, 60
Trd, 4319115.243, 68
Trd, 4319115.593, 71
Trd, 4319115.793, 62
Trd, 4319115.943, 69
Trd, 4319116.093, 76
Trd, 4319117.843, 70
Trd, 4319118.393, 100
Trd, 4319118.493, 67
Trd, 4319119.093, 69
Trd, 4319120.943, 96
Trd, 4319120.993, 94
Trd, 4319121.193, 109
Trd, 4319121.243, 130
Trd, 4319122.643, 71
Trd, 4319122.743, 71
Trd, 4319123.293, 69
Trd, 4319123.443, 91
Trd, 4319124.893, 106
Trd, 4319124.943, 105
Trd, 4319125.343, 74
Trd, 4319125.643, 73
Trd, 4319126.343, 69
Trd, 4319126.743, 64
Trd, 4319127.043, 92
Trd, 4319127.843, 65
Trd, 4319128.393, 136
Trd, 4319129.043, 135
Trd, 4319129.593, 64
Trd, 4319130.793, 60
Trd, 4319131.943, 63
Trd, 4319132.293, 73
Trd, 4319133.593, 69
Trd, 4319134.243, 61
Trd, 4319134.743, 62
Trd, 4319135.143, 79
Trd, 4319136.843, 61
Trd, 4319137.293, 62
Trd, 4319137.743, 64
Trd, 4319137.943, 80
Trd, 4319140.143, 60
Trd, 4319140.743, 62
Trd, 4319140.893, 70
Trd, 4319141.643, 66
Trd, 4319142.243, 76
Trd, 4319142.643, 60
Trd, 4319142.843, 76
Trd, 4319143.043, 86
Trd, 4319143.693, 64
Trd, 4319144.593, 60
Trd, 4319145.243, 65
Trd, 4319145.493, 103
Trd, 4319146.543, 99
Trd, 4319146.693, 129
Trd, 4319147.293, 90
Trd, 4319149.093, 79
Trd, 4319149.293, 78
Trd, 4319149.993, 68
Trd, 4319150.493, 66
Trd, 4319150.643, 87
Trd, 4319151.243, 66
Trd, 4319152.493, 71
Trd, 4319153.293, 61
Trd, 4319153.493, 62
Trd, 4319153.843, 62
Trd, 4319154.093, 108
Trd, 4319154.393, 75
Trd, 4319155.543, 91
Trd, 4319155.943, 110
Trd, 4319156.743, 108
Trd, 4319157.343, 132
Trd, 4319157.643, 131
Trd, 4319157.843, 109
Trd, 4319158.093, 105
Trd, 4319159.493, 60
Trd, 4319159.543, 76
Trd, 4319160.993, 60
Trd, 4319161.243, 98
Trd, 4319162.943, 60
Trd, 4319162.993, 64
Trd, 4319163.493, 94
Trd, 4319164.293, 60
Trd, 4319165.443, 66
Trd, 4319165.793, 84
Trd, 4319167.343, 60
Trd, 4319167.493, 60
Trd, 4319167.993, 64
Trd, 4319168.243, 71
Trd, 4319168.693, 60
Trd, 4319169.093, 63
Trd, 4319169.693, 138
Trd, 4319169.843, 122
Trd, 4319170.643, 140
Trd, 4319171.443, 138
Trd, 4319171.643, 88
Trd, 4319172.343, 140
Trd, 4319173.193, 129
Trd, 4319173.493, 109
Trd, 4319174.893, 123
Trd, 4319175.493, 137
Trd, 4319176.393, 75
Trd, 4319176.793, 62
Trd, 4319176.993, 64
Trd, 4319177.693, 61
Trd, 4319177.793, 73
Trd, 4319177.993, 69
Trd, 4319178.393, 64
Trd, 4319178.693, 73
Trd, 4319180.493, 71
Trd, 4319180.593, 90
Trd, 4319180.643, 99
Trd, 4319183.543, 62
Trd, 4319184.443, 62
Trd, 4319184.493, 68
Trd, 4319184.993, 62
Trd, 4319185.043, 70
Trd, 4319185.543, 61
Trd, 4319185.843, 60
Trd, 4319185.893, 79
Trd, 4319186.293, 60
Trd, 4319188.243, 63
Trd, 4319188.743, 67
Trd, 4319189.743, 113
Trd, 4319190.743, 113
Trd, 4319190.943, 112
Trd, 4319191.293, 113
Trd, 4319191.443, 104
Trd, 4319191.943, 99
Trd, 4319192.543, 98
Trd, 4319193.143, 61
Trd, 4319193.693, 86
Trd, 4319194.143, 68
Trd, 4319194.443, 95
Trd, 4319194.743, 132
Trd, 4319195.243, 119
Trd, 4319196.643, 124
Trd, 4319197.243, 125
Trd, 4319197.543, 139
Trd, 4319197.843, 96
Trd, 4319198.343, 115
Trd, 4319199.493, 85
Trd, 4319199.543, 83
Trd, 4319199.643, 116
Trd, 4319200.243, 99
Trd, 4319200.493, 71
Trd, 4319202.693, 80
Trd, 4319202.743, 78
Trd, 4319203.143, 140
Trd, 4319203.793, 121
Trd, 4319204.643, 115
Trd, 4319205.293, 114
Trd, 4319205.793, 100
Trd, 4319207.393, 92
Trd, 4319207.943, 84
Trd, 4319208.143, 82
Trd, 4319208.393, 66
Trd, 4319209.843, 64
Trd, 4319210.093, 67
Trd, 4319210.243, 67
Trd, 4319210.993, 71
Trd, 4319211.293, 83
Trd, 4319213.493, 61
Trd, 4319213.643, 67
Trd, 4319214.243, 76
Trd, 4319214.343, 89
Trd, 4319214.393, 74
Trd, 4319215.393, 61
Trd, 4319216.143, 61
Trd, 4319216.643, 78
Trd, 4319217.143, 139
Trd, 4319217.743, 62
Trd, 4319219.293, 65
Trd, 4319219.993, 68
Trd, 4319220.343, 125
Trd, 4319220.443, 124
Trd, 4319221.743, 93
Trd, 4319222.593, 65
Trd, 4319223.193, 66
Trd, 4319223.893, 61
Trd, 4319224.893, 63
Trd, 4319224.943, 62
Trd, 4319225.293, 106
Trd, 4319225.693, 102
Trd, 4319226.293, 62
Trd, 4319226.743, 65
Trd, 4319226.843, 63
Trd, 4319227.543, 64
Trd, 4319228.443, 91
Trd, 4319228.743, 66
Trd, 4319229.993, 69
Trd, 4319230.243, 60
Trd, 4319230.593, 129
Trd, 4319230.843, 128
Trd, 4319231.543, 132
Trd, 4319231.893, 131
Trd, 4319231.993, 97
Trd, 4319232.493, 72
Trd, 4319234.293, 128
Trd, 4319234.543, 138
Trd, 4319234.943, 100
Trd, 4319235.043, 121
Trd, 4319235.643, 74
Trd, 4319236.993, 81
Trd, 4319237.293, 84
Trd, 4319237.793, 62
Trd, 4319238.643, 62
Trd, 4319239.293, 72
Trd, 4319239.543, 61
Trd, 4319240.293, 85
Trd, 4319240.543, 108
Trd, 4319240.843, 139
Trd, 4319242.093, 65
Trd, 4319242.493, 69
Trd, 4319243.043, 60
Trd, 4319244.293, 64
Trd, 4319244.443, 67
Trd, 4319244.743, 60
Trd, 4319246.143, 60
Trd, 4319247.043, 65
Trd, 4319247.193, 138
Trd, 4319247.793, 80
Trd, 4319247.993, 64
Trd, 4319249.193, 60
Trd, 4319250.243, 64
Trd, 4319251.143, 79
Trd, 4319251.343, 78
Trd, 4319251.443, 88
Trd, 4319251.543, 88
Trd, 4319252.443, 72
Trd, 4319253.793, 114
Trd, 4319254.193, 95
Trd, 4319255.993, 62
Trd, 4319256.193, 67
Trd, 4319257.343, 60
Trd, 4319257.743, 65
Trd, 4319258.493, 87
Trd, 4319258.843, 65
Trd, 4319259.743, 66
Trd, 4319260.143, 76
Trd, 4319261.393, 63
Trd, 4319261.843, 61
Trd, 4319262.343, 61
Trd, 4319262.793, 62
Trd, 4319263.193, 101
Trd, 4319264.293, 66
Trd, 4319265.593, 71
Trd, 4319266.043, 70
Trd, 4319266.143, 78
Trd, 4319267.193, 75
Trd, 4319267.993, 73
Trd, 4319268.093, 117
Trd, 4319268.743, 63
Trd, 4319269.693, 74
Trd, 4319270.193, 75
Trd, 4319270.743, 95
Trd, 4319271.793, 65
Trd, 4319272.293, 66
Trd, 4319273.293, 69
Trd, 4319273.343, 73
Trd, 4319273.793, 64
Trd, 4319274.393, 71
Trd, 4319275.293, 123
Trd, 4319275.943, 95
Trd, 4319276.493, 90
Trd, 4319277.343, 62
Trd, 4319278.343, 68
Trd, 4319279.543, 75
Trd, 4319279.793, 62
Trd, 4319280.193, 61
Trd, 4319280.593, 62
Trd, 4319281.043, 62
Trd, 4319282.243, 64
Trd, 4319282.943, 70
Trd, 4319283.193, 128
Trd, 4319283.593, 60
Trd, 4319284.293, 64
Trd, 4319285.543, 64
Trd, 4319286.643, 68
Trd, 4319286.943, 67
Trd, 4319287.393, 83
Trd, 4319287.793, 71
Trd, 4319288.143, 71
Trd, 4319288.293, 62
Trd, 4319288.993, 61
Trd, 4319289.843, 66
Trd, 4319290.093, 108
Trd, 4319290.843, 98
Trd, 4319291.393, 95
Trd, 4319291.743, 94
Trd, 4319292.543, 64
Trd, 4319292.893, 61
Trd, 4319295.143, 60
Trd, 4319295.293, 65
Trd, 4319296.243, 67
Trd, 4319296.743, 69
Trd, 4319297.243, 79
Trd, 4319297.293, 70
Trd, 4319298.143, 60
Trd, 4319298.193, 66
Trd, 4319298.493, 88
Trd, 4319299.443, 99
Trd, 4319300.193, 96
Trd, 4319300.243, 66
Trd, 4319300.893, 64
Trd, 4319301.993, 63
Trd, 4319302.243, 90
Trd, 4319302.393, 98
Trd, 4319303.993, 60
Trd, 4319304.293, 61
Trd, 4319305.693, 63
Trd, 4319306.093, 61
Trd, 4319307.043, 60
Trd, 4319307.643, 66
Trd, 4319308.393, 60
Trd, 4319308.443, 60
Trd, 4319309.293, 61
Trd, 4319309.743, 72
Trd, 4319309.843, 84
Trd, 4319310.093, 82
Trd, 4319311.493, 63
Trd, 4319311.943, 109
Trd, 4319312.043, 109
Trd, 4319313.793, 64
Trd, 4319314.193, 64
Trd, 4319316.043, 86
Trd, 4319316.093, 109
Trd, 4319316.343, 76
Trd, 4319316.493, 78
Trd, 4319317.443, 81
Trd, 4319317.793, 104
Trd, 4319318.043, 74
Trd, 4319318.393, 140
Trd, 4319319.543, 61
Trd, 4319320.293, 78
Trd, 4319320.693, 67
Trd, 4319321.543, 71
Trd, 4319322.143, 69
Trd, 4319322.743, 60
Trd, 4319323.543, 61
Trd, 4319324.093, 62
Trd, 4319324.893, 63
Trd, 4319325.193, 116
Trd, 4319325.593, 86
Trd, 4319325.843, 133
Trd, 4319326.393, 138
Trd, 4319327.393, 64
Trd, 4319328.193, 97
Trd, 4319328.443, 66
Trd, 4319328.593, 63
Trd, 4319329.393, 70
Trd, 4319329.943, 87
Trd, 4319330.443, 77
Trd, 4319331.793, 65
Trd, 4319331.843, 82
Trd, 4319332.593, 62
Trd, 4319333.943, 62
Trd, 4319334.543, 76
Trd, 4319334.693, 81
Trd, 4319335.343, 80
Trd, 4319336.493, 136
Trd, 4319337.043, 71
Trd, 4319337.393, 121
Trd, 4319337.543, 68
Trd, 4319338.393, 60
Trd, 4319338.593, 62
Trd, 4319339.493, 102
Trd, 4319339.693, 98
Trd, 4319339.993, 105
Trd, 4319340.243, 139
Trd, 4319340.293, 99
Trd, 4319342.693, 67
Trd, 4319343.443, 62
Trd, 4319343.943, 62
Trd, 4319343.993, 67
Trd, 4319344.693, 66
Trd, 4319345.193, 61
Trd, 4319345.743, 64
Trd, 4319348.193, 61
Trd, 4319348.293, 65
Trd, 4319349.743, 60
Trd, 4319349.793, 73
Trd, 4319350.643, 61
Trd, 4319351.193, 64
Trd, 4319351.743, 81
Trd, 4319351.843, 103
Trd, 4319352.143, 99
Trd, 4319352.693, 78
Trd, 4319353.543, 64
Trd, 4319353.643, 64
Trd, 4319355.193, 64
Trd, 4319355.893, 67
Trd, 4319355.993, 68
Trd, 4319357.593, 78
Trd, 4319358.043, 81
Trd, 4319358.393, 64
Trd, 4319358.693, 87
Trd, 4319359.143, 124
Trd, 4319359.243, 123
Trd, 4319360.193, 61
Trd, 4319360.493, 63
Trd, 4319360.993, 64
Trd, 4319362.393, 64
Trd, 4319362.943, 72
Trd, 4319363.143, 61
Trd, 4319363.943, 60
Trd, 4319364.643, 63
Trd, 4319365.393, 68
Trd, 4319366.293, 60
Trd, 4319366.793, 75
Trd, 4319367.593, 60
Trd, 4319367.643, 67
Trd, 4319368.243, 60
Trd, 4319369.343, 66
Trd, 4319369.993, 65
Trd, 4319370.643, 60
Trd, 4319370.893, 66
Trd, 4319372.193, 61
Trd, 4319372.293, 70
Trd, 4319372.493, 75
Trd, 4319373.843, 79
Trd, 4319374.243, 66
Trd, 4319376.043, 65
Trd, 4319376.643, 68
Trd, 4319376.743, 78
Trd, 4319377.543, 67
Trd, 4319377.893, 69
Trd, 4319377.943, 73
Trd, 4319379.643, 79
Trd, 4319379.943, 74
Trd, 4319380.443, 62
Trd, 4319382.493, 61
Trd, 4319382.793, 70
Trd, 4319383.443, 60
Trd, 4319383.643, 72
Trd, 4319384.043, 69
Trd, 4319384.343, 60
Trd, 4319385.093, 62
Trd, 4319385.243, 64
Trd, 4319386.543, 63
Trd, 4319386.793, 76
Trd, 4319387.193, 103
Trd, 4319387.443, 81
Trd, 4319387.843, 134
Trd, 4319388.943, 137
Trd, 4319389.493, 105
Trd, 4319389.543, 104
Trd, 4319390.443, 99
Trd, 4319390.943, 114
Trd, 4319391.593, 60
Trd, 4319392.593, 62
Trd, 4319392.643, 64
Trd, 4319392.843, 87
Trd, 4319393.993, 70
Trd, 4319394.093, 81
Trd, 4319394.493, 65
Trd, 4319395.193, 93
Trd, 4319396.343, 71
Trd, 4319396.743, 61
Trd, 4319397.493, 77
Trd, 4319398.343, 63
Trd, 4319399.193, 64
Trd, 4319399.993, 63
Trd, 4319400.543, 61
Trd, 4319400.693, 62
Trd, 4319401.743, 60
Trd, 4319402.043, 63
Trd, 4319402.293, 84
Trd, 4319403.493, 62
Trd, 4319404.193, 62
Trd, 4319404.793, 68
Trd, 4319406.343, 65
Trd, 4319407.343, 67
Trd, 4319408.043, 61
Trd, 4319408.343, 60
Trd, 4319409.043, 62
Trd, 4319409.293, 68
Trd, 4319409.343, 74
Trd, 4319411.043, 78
Trd, 4319412.243, 60
Trd, 4319412.593, 67
Trd, 4319413.143, 64
Trd, 4319413.293, 68
Trd, 4319413.643, 62
Trd, 4319414.843, 65
Trd, 4319415.293, 81
Trd, 4319415.893, 81
Trd, 4319416.743, 91
Trd, 4319416.793, 80
Trd, 4319417.293, 81
Trd, 4319418.093, 126
Trd, 4319418.393, 125
Trd, 4319418.893, 139
Trd, 4319419.143, 115
Trd, 4319419.493, 138
Trd, 4319420.343, 119
Trd, 4319420.493, 116
Trd, 4319420.843, 75
Trd, 4319420.993, 85
Trd, 4319421.593, 135
Trd, 4319422.043, 98
Trd, 4319422.993, 89
Trd, 4319424.393, 61
Trd, 4319425.243, 93
Trd, 4319426.743, 61
Trd, 4319426.793, 66
Trd, 4319427.293, 60
Trd, 4319427.743, 67
Trd, 4319428.443, 81
Trd, 4319429.343, 63
Trd, 4319430.343, 140
Trd, 4319430.643, 139
Trd, 4319431.143, 67
Trd, 4319432.143, 86
Trd, 4319432.593, 62
Trd, 4319433.693, 102
Trd, 4319434.593, 66
Trd, 4319435.143, 60
Trd, 4319435.393, 97
Trd, 4319436.343, 95
Trd, 4319437.393, 95
Trd, 4319437.643, 96
Trd, 4319438.543, 139
Trd, 4319438.743, 124
Trd, 4319439.143, 78
Trd, 4319440.043, 118
Trd, 4319440.493, 88
Trd, 4319441.543, 113
Trd, 4319441.793, 120
Trd, 4319441.993, 118
Trd, 4319443.493, 126
Trd, 4319444.543, 61
Trd, 4319444.593, 68
Trd, 4319444.843, 77
Trd, 4319445.193, 74
Trd, 4319445.493, 63
Trd, 4319445.743, 77
Trd, 4319447.593, 125
Trd, 4319447.793, 125
Trd, 4319448.593, 125
Trd, 4319448.693, 101
Trd, 4319449.193, 99
Trd, 4319449.393, 138
Trd, 4319449.893, 91
Trd, 4319451.093, 80
Trd, 4319452.043, 139
Trd, 4319452.743, 62
Trd, 4319453.143, 64
Trd, 4319453.893, 134
Trd, 4319454.293, 132
Trd, 4319454.643, 140
Trd, 4319455.243, 140
Trd, 4319456.093, 121
Trd, 4319456.143, 108
Trd, 4319458.593, 60
Trd, 4319459.343, 61
Trd, 4319459.793, 64
Trd, 4319460.143, 63
Trd, 4319460.243, 62
Trd, 4319461.243, 86
Trd, 4319461.943, 105
Trd, 4319462.693, 62
Trd, 4319462.743, 64
Trd, 4319463.843, 63
Trd, 4319464.243, 76
Trd, 4319464.793, 140
Trd, 4319465.043, 106
Trd, 4319465.893, 96
Trd, 4319466.493, 60
Trd, 4319467.343, 70
Trd, 4319467.543, 113
Trd, 4319469.143, 99
Trd, 4319469.693, 140
Trd, 4319470.043, 100
Trd, 4319470.543, 61
Trd, 4319471.343, 97
Trd, 4319472.443, 70
Trd, 4319472.593, 71
Trd, 4319473.493, 60
Trd, 4319474.093, 134
Trd, 4319474.543, 66
Trd, 4319475.343, 140
Trd, 4319475.693, 140
Trd, 4319476.043, 60
Trd, 4319476.443, 132
Trd, 4319477.343, 97
Trd, 4319478.293, 140
Trd, 4319478.943, 138
Trd, 4319479.293, 87
Trd, 4319480.693, 63
Trd, 4319482.093, 65
Trd, 4319482.543, 69
Trd, 4319482.693, 60
Trd, 4319483.343, 61
Trd, 4319483.793, 72
Trd, 4319484.793, 61
Trd, 4319485.043, 70
Trd, 4319485.793, 105
Trd, 4319486.993, 60
Trd, 4319487.643, 61
Trd, 4319487.793, 71
Trd, 4319488.543, 74
Trd, 4319489.193, 74
Trd, 4319489.293, 73
Trd, 4319489.843, 76
Trd, 4319490.893, 62
Trd, 4319492.093, 68
Trd, 4319493.193, 60
Trd, 4319493.693, 63
Trd, 4319494.643, 64
Trd, 4319494.893, 140
Trd, 4319494.943, 140
Trd, 4319495.993, 66
Trd, 4319497.043, 64
Trd, 4319497.743, 64
Trd, 4319497.993, 73
Trd, 4319499.093, 107
Trd, 4319500.143, 117
Trd, 4319501.593, 109
Trd, 4319501.743, 123
Trd, 4319502.143, 124
Trd, 4319502.593, 105
Trd, 4319502.793, 98
Trd, 4319503.293, 95
Trd, 4319503.493, 112
Trd, 4319504.643, 100
Trd, 4319505.343, 90
Trd, 4319506.243, 140
Trd, 4319506.343, 140
Trd, 4319506.693, 131
Trd, 4319507.443, 116
Trd, 4319507.993, 60
Trd, 4319508.593, 62
Trd, 4319509.193, 63
Trd, 4319510.393, 113
Trd, 4319510.943, 62
Trd, 4319511.543, 72
Trd, 4319511.893, 137
Trd, 4319512.843, 83
Trd, 4319514.493, 69
Trd, 4319514.543, 68
Trd, 4319514.743, 65
Trd, 4319515.143, 75
Trd, 4319515.643, 62
Trd, 4319516.043, 106
Trd, 4319516.843, 129
Trd, 4319518.893, 129
Trd, 4319519.243, 125
Trd, 4319519.943, 82
Trd, 4319520.643, 79
Trd, 4319520.843, 78
Trd, 4319521.143, 60
Trd, 4319521.843, 137
Trd, 4319522.043, 121
Trd, 4319522.793, 104
Trd, 4319522.993, 91
Trd, 4319524.143, 66
Trd, 4319524.743, 113
Trd, 4319525.443, 110
Trd, 4319525.643, 109
Trd, 4319526.193, 90
Trd, 4319526.593, 123
Trd, 4319526.743, 134
Trd, 4319529.043, 61
Trd, 4319530.193, 63
Trd, 4319530.243, 63
Trd, 4319530.443, 63
Trd, 4319530.543, 62
Trd, 4319531.093, 84
Trd, 4319531.843, 112
Trd, 4319532.643, 140
Trd, 4319533.343, 136
Trd, 4319533.693, 120
Trd, 4319534.043, 120
Trd, 4319534.293, 119
Trd, 4319534.443, 75
Trd, 4319535.093, 112
Trd, 4319535.343, 82
Trd, 4319535.393, 72
Trd, 4319537.493, 98
Trd, 4319537.543, 74
Trd, 4319537.793, 122
Trd, 4319538.243, 120
Trd, 4319539.143, 113
Trd, 4319539.943, 124
Trd, 4319540.593, 66
Trd, 4319541.243, 75
Trd, 4319541.843, 60
Trd, 4319542.043, 66
Trd, 4319542.443, 66
Trd, 4319542.993, 61
Trd, 4319543.993, 62
Trd, 4319545.043, 61
Trd, 4319545.243, 61
Trd, 4319545.593, 64
Trd, 4319546.393, 67
Trd, 4319546.943, 66
Trd, 4319548.093, 87
Trd, 4319548.843, 74
Trd, 4319549.443, 82
Trd, 4319550.743, 139
Trd, 4319550.893, 125
Trd, 4319551.293, 110
Trd, 4319551.393, 109
Trd, 4319551.893, 78
Trd, 4319552.693, 140
Trd, 4319552.843, 97
Trd, 4319553.293, 107
Trd, 4319554.943, 125
Trd, 4319555.293, 114
Trd, 4319556.493, 140
Trd, 4319556.643, 125
Trd, 4319557.293, 115
Trd, 4319557.643, 123
Trd, 4319557.943, 64
Trd, 4319558.393, 75
Trd, 4319558.993, 103
Trd, 4319559.543, 101
Trd, 4319559.693, 100
Trd, 4319560.793, 104
Trd, 4319561.093, 93
Trd, 4319561.193, 92
Trd, 4319562.393, 67
Trd, 4319562.493, 110
Trd, 4319563.193, 84
Trd, 4319563.493, 83
Trd, 4319563.843, 132
Trd, 4319564.993, 99
Trd, 4319565.043, 61
Trd, 4319566.093, 64
Trd, 4319566.993, 63
Trd, 4319568.043, 66
Trd, 4319568.393, 109
Trd, 4319569.943, 121
Trd, 4319570.893, 107
Trd, 4319571.343, 107
Trd, 4319571.643, 137
Trd, 4319571.993, 81
Trd, 4319572.793, 72
Trd, 4319574.443, 63
Trd, 4319575.193, 61
Trd, 4319575.443, 62
Trd, 4319576.643, 60
Trd, 4319577.643, 81
Trd, 4319577.893, 85
Trd, 4319577.993, 84
Trd, 4319578.593, 60
Trd, 4319579.093, 65
Trd, 4319579.343, 114
Trd, 4319579.693, 67
Trd, 4319580.043, 109
Trd, 4319580.193, 108
Trd, 4319580.893, 88
Trd, 4319581.893, 113
Trd, 4319582.543, 114
Trd, 4319582.593, 90
Trd, 4319583.043, 80
Trd, 4319584.193, 94
Trd, 4319585.393, 139
Trd, 4319585.443, 133
Trd, 4319586.343, 111
Trd, 4319586.443, 126
Trd, 4319586.893, 85
Trd, 4319586.993, 100
Trd, 4319587.543, 83
Trd, 4319587.993, 80
Trd, 4319589.043, 60
Trd, 4319589.993, 61
Trd, 4319590.143, 115
Trd, 4319590.393, 114
Trd, 4319591.243, 68
Trd, 4319592.593, 138
Trd, 4319592.693, 124
Trd, 4319593.243, 66
Trd, 4319593.743, 138
Trd, 4319593.943, 86
Trd, 4319594.643, 62
Trd, 4319596.543, 61
Trd, 4319597.093, 61
Trd, 4319597.243, 65
Trd, 4319597.593, 126
Trd, 4319598.543, 140
Trd, 4319598.643, 80
Trd, 4319599.843, 136
Trd, 4319600.343, 87
Trd, 4319600.993, 86
Trd, 4319601.643, 137
Trd, 4319602.643, 109
Trd, 4319602.693, 108
Trd, 4319603.293, 84
Trd, 4319603.943, 111
Trd, 4319605.093, 79
Trd, 4319605.943, 119
Trd, 4319606.893, 140
Trd, 4319607.193, 140
Trd, 4319607.793, 140
Trd, 4319608.193, 93
Trd, 4319608.793, 108
Trd, 4319609.293, 116
Trd, 4319609.993, 124
Trd, 4319610.293, 110
Trd, 4319610.443, 108
Trd, 4319610.843, 101
Trd, 4319611.393, 91
Trd, 4319612.443, 60
Trd, 4319612.693, 111
Trd, 4319612.843, 126
Trd, 4319613.393, 126
Trd, 4319613.493, 125
Trd, 4319614.243, 131
Trd, 4319614.893, 123
Trd, 4319614.943, 106
Trd, 4319615.493, 111
Trd, 4319616.243, 136
Trd, 4319616.293, 101
Trd, 4319617.093, 70
Trd, 4319617.843, 63
Trd, 4319618.293, 93
Trd, 4319618.593, 138
Trd, 4319619.393, 65
Trd, 4319620.293, 85
Trd, 4319620.793, 139
Trd, 4319621.243, 64
Trd, 4319621.743, 61
Trd, 4319621.993, 110
Trd, 4319622.593, 99
Trd, 4319624.943, 61
Trd, 4319625.043, 71
Trd, 4319625.143, 95
Trd, 4319625.893, 140
Trd, 4319626.343, 101
Trd, 4319627.143, 71
Trd, 4319627.393, 67
Trd, 4319628.143, 67
Trd, 4319628.493, 66
Trd, 4319629.293, 63
Trd, 4319629.893, 64
Trd, 4319631.843, 61
Trd, 4319632.043, 61
Trd, 4319632.493, 140
Trd, 4319632.943, 76
Trd, 4319634.393, 63
Trd, 4319635.193, 90
Trd, 4319635.443, 89
Trd, 4319635.843, 77
Trd, 4319635.993, 76
Trd, 4319636.143, 102
Trd, 4319637.393, 71
Trd, 4319637.543, 73
Trd, 4319638.343, 91
Trd, 4319638.443, 80
Trd, 4319639.693, 61
Trd, 4319640.643, 60
Trd, 4319640.843, 130
Trd, 4319641.143, 76
Trd, 4319643.193, 60
Trd, 4319643.693, 61
Trd, 4319644.693, 61
Trd, 4319645.293, 61
Trd, 4319645.493, 63
Trd, 4319646.243, 61
Trd, 4319647.393, 63
Trd, 4319647.593, 64
Trd, 4319647.643, 72
Trd, 4319648.843, 60
Trd, 4319648.993, 73
Trd, 4319650.093, 60
Trd, 4319650.193, 86
Trd, 4319652.493, 62
Trd, 4319653.593, 60
Trd, 4319653.743, 63
Trd, 4319653.843, 83
Trd, 4319653.993, 75
Trd, 4319654.043, 110
Trd, 4319654.493, 112
Trd, 4319654.743, 130
Trd, 4319656.143, 60
Trd, 4319656.743, 61
Trd, 4319658.343, 77
Trd, 4319659.493, 60
Trd, 4319659.593, 86
Trd, 4319659.743, 96
Trd, 4319660.593, 63
Trd, 4319661.393, 63
Trd, 4319661.443, 70
Trd, 4319662.093, 71
Trd, 4319662.893, 60
Trd, 4319663.043, 65
Trd, 4319664.493, 67
Trd, 4319664.743, 65
Trd, 4319665.443, 60
Trd, 4319665.643, 63
Trd, 4319667.493, 97
Trd, 4319667.693, 79
Trd, 4319668.143, 61
Trd, 4319669.493, 62
Trd, 4319669.543, 62
Trd, 4319670.143, 82
Trd, 4319670.893, 82
Trd, 4319671.343, 81
Trd, 4319672.193, 66
Trd, 4319674.243, 62
Trd, 4319674.393, 62
Trd, 4319674.793, 61
Trd, 4319675.593, 63
Trd, 4319676.043, 60
Trd, 4319677.343, 60
Trd, 4319678.343, 61
Trd, 4319678.443, 65
Trd, 4319679.043, 67
Trd, 4319679.793, 68
Trd, 4319680.043, 70
Trd, 4319680.993, 74
Trd, 4319681.993, 62
Trd, 4319684.443, 64
Trd, 4319685.043, 63
Trd, 4319685.143, 64
Trd, 4319685.393, 65
Trd, 4319685.643, 62
Trd, 4319685.793, 80
Trd, 4319685.993, 63
Trd, 4319688.443, 69
Trd, 4319689.593, 63
Trd, 4319689.843, 60
Trd, 4319690.293, 60
Trd, 4319691.243, 64
Trd, 4319691.543, 69
Trd, 4319692.593, 60
Trd, 4319693.043, 126
Trd, 4319693.593, 90
Trd, 4319693.893, 107
Trd, 4319694.643, 119
Trd, 4319695.093, 91
Trd, 4319695.293, 88
Trd, 4319695.493, 123
Trd, 4319696.293, 96
Trd, 4319696.993, 67
Trd, 4319698.093, 79
Trd, 4319698.393, 74
Trd, 4319699.043, 70
Trd, 4319699.743, 98
Trd, 4319700.143, 117
Trd, 4319702.693, 60
Trd, 4319702.943, 61
Trd, 4319703.143, 64
Trd, 4319704.143, 84
Trd, 4319704.793, 64
Trd, 4319705.143, 63
Trd, 4319705.193, 70
Trd, 4319705.743, 60
Trd, 4319706.293, 113
Trd, 4319707.093, 112
Trd, 4319707.143, 102
Trd, 4319708.543, 60
Trd, 4319708.743, 62
Trd, 4319708.793, 63
Trd, 4319710.143, 60
Trd, 4319710.643, 67
Trd, 4319711.343, 77
Trd, 4319712.393, 62
Trd, 4319713.493, 97
Trd, 4319714.143, 139
Trd, 4319714.693, 94
Trd, 4319714.843, 75
Trd, 4319715.443, 67
Trd, 4319715.693, 91
Trd, 4319717.443, 62
Trd, 4319717.693, 62
Trd, 4319718.243, 61
Trd, 4319719.343, 62
Trd, 4319720.943, 78
Trd, 4319721.443, 66
Trd, 4319721.593, 131
Trd, 4319722.043, 70
Trd, 4319722.543, 61
Trd, 4319723.143, 140
Trd, 4319723.193, 105
Trd, 4319723.743, 76
Trd, 4319724.693, 85
Trd, 4319725.193, 90
Trd, 4319725.543, 64
Trd, 4319725.993, 60
Trd, 4319727.143, 103
Trd, 4319727.743, 118
Trd, 4319728.143, 129
Trd, 4319728.443, 83
Trd, 4319728.743, 87
Trd, 4319729.793, 62
Trd, 4319730.393, 65
Trd, 4319731.593, 88
Trd, 4319732.993, 95
Trd, 4319733.343, 106
Trd, 4319733.593, 92
Trd, 4319734.343, 109
Trd, 4319734.493, 140
Trd, 4319734.593, 108
Trd, 4319734.693, 89
Trd, 4319735.443, 73
Trd, 4319736.393, 62
Trd, 4319736.443, 71
Trd, 4319736.643, 82
Trd, 4319737.293, 139
Trd, 4319738.193, 132
Trd, 4319738.943, 73
Trd, 4319739.743, 70
Trd, 4319739.993, 64
Trd, 4319740.393, 67
Trd, 4319740.643, 94
Trd, 4319742.193, 62
Trd, 4319742.443, 69
Trd, 4319742.993, 82
Trd, 4319743.293, 81
Trd, 4319743.493, 119
Trd, 4319743.793, 95
Trd, 4319744.393, 70
Trd, 4319744.793, 60
Trd, 4319745.143, 107
Trd, 4319746.643, 62
Trd, 4319746.693, 68
Trd, 4319747.343, 137
Trd, 4319747.593, 136
Trd, 4319748.293, 73
Trd, 4319748.393, 86
Trd, 4319750.743, 62
Trd, 4319751.343, 61
Trd, 4319751.793, 61
Trd, 4319752.143, 62
Trd, 4319752.593, 61
Trd, 4319754.593, 60
Trd, 4319755.343, 64
Trd, 4319755.493, 62
Trd, 4319756.043, 62
Trd, 4319756.443, 84
Trd, 4319756.593, 69
Trd, 4319758.443, 60
Trd, 4319758.543, 63
Trd, 4319758.743, 70
Trd, 4319759.193, 86
Trd, 4319760.493, 62
Trd, 4319760.893, 62
Trd, 4319761.343, 81
Trd, 4319761.543, 68
Trd, 4319762.193, 65
Trd, 4319762.343, 67
Trd, 4319762.393, 66
Trd, 4319763.593, 84
Trd, 4319763.943, 78
Trd, 4319764.193, 85
Trd, 4319764.543, 91
Trd, 4319766.993, 60
Trd, 4319767.743, 61
Trd, 4319768.843, 60
Trd, 4319768.943, 66
Trd, 4319769.993, 60
Trd, 4319770.543, 70
Trd, 4319770.993, 62
Trd, 4319772.643, 97
Trd, 4319772.743, 112
Trd, 4319772.793, 77
Trd, 4319773.743, 75
Trd, 4319774.093, 66
Trd, 4319774.943, 60
Trd, 4319775.593, 63
Trd, 4319776.093, 86
Trd, 4319777.693, 64
Trd, 4319778.243, 65
Trd, 4319778.643, 67
Trd, 4319778.843, 71
Trd, 4319779.193, 67
Trd, 4319779.343, 96
Trd, 4319780.443, 140
Trd, 4319780.493, 140
Trd, 4319780.543, 139
Trd, 4319780.593, 77
Trd, 4319781.943, 96
Trd, 4319782.343, 111
Trd, 4319783.193, 116
Trd, 4319783.343, 135
Trd, 4319784.343, 139
Trd, 4319784.543, 104
Trd, 4319785.293, 111
Trd, 4319785.743, 111
Trd, 4319786.343, 67
Trd, 4319787.043, 68
Trd, 4319787.693, 68
Trd, 4319788.643, 132
Trd, 4319789.843, 64
Trd, 4319790.543, 63
Trd, 4319790.843, 64
Trd, 4319790.893, 64
Trd, 4319791.643, 71
Trd, 4319792.393, 63
Trd, 4319792.893, 138
Trd, 4319793.393, 64
Trd, 4319793.793, 62
Trd, 4319794.043, 81
Trd, 4319794.843, 66
Trd, 4319795.493, 60
Trd, 4319796.143, 62
Trd, 4319796.793, 71
Trd, 4319797.943, 82
Trd, 4319798.243, 67
Trd, 4319798.793, 98
Trd, 4319799.243, 96
Trd, 4319800.043, 140
Trd, 4319800.893, 73
Trd, 4319801.843, 75
Trd, 4319803.343, 114
Trd, 4319803.393, 95
Trd, 4319803.593, 95
Trd, 4319804.043, 89
Trd, 4319805.143, 63
Trd, 4319805.543, 64
Trd, 4319807.143, 61
Trd, 4319807.743, 62
Trd, 4319807.793, 69
Trd, 4319808.743, 60
Trd, 4319809.593, 63
Trd, 4319810.343, 63
Trd, 4319810.643, 67
Trd, 4319810.993, 68
Trd, 4319811.443, 76
Trd, 4319812.993, 60
Trd, 4319813.493, 64
Trd, 4319813.843, 73
Trd, 4319814.443, 60
Trd, 4319814.593, 62
Trd, 4319814.793, 61
Trd, 4319816.093, 60
Trd, 4319816.893, 61
Trd, 4319818.343, 68
Trd, 4319819.093, 75
Trd, 4319820.043, 65
Trd, 4319820.393, 65
Trd, 4319821.743, 64
Trd, 4319822.393, 60
Trd, 4319822.643, 60
Trd, 4319822.793, 64
Trd, 4319823.393, 65
Trd, 4319823.493, 84
Trd, 4319824.193, 66
Trd, 4319825.693, 61
Trd, 4319826.293, 73
Trd, 4319826.493, 69
Trd, 4319826.643, 61
Trd, 4319827.043, 81
Trd, 4319827.143, 86
Trd, 4319828.193, 61
Trd, 4319830.093, 62
Trd, 4319831.293, 60
Trd, 4319831.493, 61
Trd, 4319832.843, 61
Trd, 4319832.943, 61
Trd, 4319832.993, 64
Trd, 4319834.643, 61
Trd, 4319834.893, 67
Trd, 4319835.493, 70
Trd, 4319835.843, 80
Trd, 4319835.893, 66
Trd, 4319836.893, 61
Trd, 4319837.443, 97
Trd, 4319837.893, 70
Trd, 4319839.393, 64
Trd, 4319839.493, 69
Trd, 4319839.943, 71
Trd, 4319840.593, 85
Trd, 4319841.193, 65
Trd, 4319841.893, 61
Trd, 4319842.543, 61
Trd, 4319842.743, 70
Trd, 4319843.343, 66
Trd, 4319843.743, 69
Trd, 4319845.043, 72
Trd, 4319845.193, 87
Trd, 4319846.043, 78
Trd, 4319846.843, 85
Trd, 4319847.943, 108
Trd, 4319849.443, 60
Trd, 4319849.743, 60
Trd, 4319849.843, 90
Trd, 4319851.193, 64
Trd, 4319851.743, 65
Trd, 4319853.043, 67
Trd, 4319853.093, 73
Trd, 4319855.493, 60
Trd, 4319855.843, 60
Trd, 4319855.893, 61
Trd, 4319857.993, 60
Trd, 4319858.143, 60
Trd, 4319858.443, 62
Trd, 4319858.543, 65
Trd, 4319859.443, 79
Trd, 4319859.693, 92
Trd, 4319859.943, 69
Trd, 4319860.643, 68
Trd, 4319861.193, 66
Trd, 4319861.343, 65
Trd, 4319861.743, 81
Trd, 4319861.943, 75
Trd, 4319863.143, 63
Trd, 4319864.043, 97
Trd, 4319865.043, 63
Trd, 4319865.693, 63
Trd, 4319866.343, 70
Trd, 4319867.093, 65
Trd, 4319867.493, 62
Trd, 4319868.693, 69
Trd, 4319868.893, 77
Trd, 4319869.743, 77
Trd, 4319869.943, 82
Trd, 4319870.093, 76
Trd, 4319870.343, 92
Trd, 4319871.993, 60
Trd, 4319872.293, 61
Trd, 4319873.393, 61
Trd, 4319873.593, 61
Trd, 4319874.593, 66
Trd, 4319874.693, 107
Trd, 4319874.943, 82
Trd, 4319875.443, 101
Trd, 4319876.843, 61
Trd, 4319877.243, 63
Trd, 4319877.593, 67
Trd, 4319878.443, 60
Trd, 4319879.893, 84
Trd, 4319880.043, 89
Trd, 4319880.443, 76
Trd, 4319880.543, 113
Trd, 4319880.943, 74
Trd, 4319881.793, 62
Trd, 4319882.393, 64
Trd, 4319884.193, 73
Trd, 4319885.243, 64
Trd, 4319885.293, 69
Trd, 4319886.143, 66
Trd, 4319887.743, 60
Trd, 4319888.243, 60
Trd, 4319888.293, 99
Trd, 4319889.493, 65
Trd, 4319889.793, 64
Trd, 4319890.693, 61
Trd, 4319891.193, 62
Trd, 4319892.243, 61
Trd, 4319892.943, 68
Trd, 4319893.443, 72
Trd, 4319893.693, 65
Trd, 4319895.193, 65
Trd, 4319895.593, 81
Trd, 4319895.893, 83
Trd, 4319896.093, 61
Trd, 4319896.543, 60
Trd, 4319896.843, 81
Trd, 4319897.643, 60
Trd, 4319898.643, 69
Trd, 4319899.593, 76
Trd, 4319899.993, 60
Trd, 4319901.043, 63
Trd, 4319901.693, 63
Trd, 4319902.043, 60
Trd, 4319902.093, 72
Trd, 4319902.843, 65
Trd, 4319903.593, 61
Trd, 4319904.293, 60
Trd, 4319904.993, 76
Trd, 4319905.893, 61
Trd, 4319906.993, 62
Trd, 4319908.693, 61
Trd, 4319908.943, 60
Trd, 4319909.193, 90
Trd, 4319909.543, 88
Trd, 4319909.893, 92
Trd, 4319910.243, 94
Trd, 4319911.043, 61
Trd, 4319911.193, 61
Trd, 4319911.543, 83
Trd, 4319912.243, 68
Trd, 4319912.893, 62
Trd, 4319913.893, 63
Trd, 4319914.143, 79
Trd, 4319915.143, 60
Trd, 4319917.043, 61
Trd, 4319917.593, 67
Trd, 4319917.843, 68
Trd, 4319918.193, 81
Trd, 4319919.343, 63
Trd, 4319920.793, 85
Trd, 4319921.143, 79
Trd, 4319922.043, 85
Trd, 4319922.293, 106
Trd, 4319922.993, 82
Trd, 4319923.093, 114
Trd, 4319923.293, 138
Trd, 4319923.993, 100
Trd, 4319924.643, 60
Trd, 4319924.943, 64
Trd, 4319925.543, 65
Trd, 4319925.843, 77
Trd, 4319927.393, 101
Trd, 4319927.543, 100
Trd, 4319928.093, 140
Trd, 4319928.643, 110
Trd, 4319928.743, 106
Trd, 4319929.443, 61
Trd, 4319929.993, 123
Trd, 4319931.993, 69
Trd, 4319932.143, 78
Trd, 4319932.693, 104
Trd, 4319933.843, 80
Trd, 4319934.293, 62
Trd, 4319934.393, 85
Trd, 4319935.143, 61
Trd, 4319936.243, 140
Trd, 4319936.593, 120
Trd, 4319937.643, 118
Trd, 4319937.743, 123
Trd, 4319937.943, 95
Trd, 4319938.393, 76
Trd, 4319938.593, 98
Trd, 4319939.793, 140
Trd, 4319940.193, 118
Trd, 4319940.243, 105
Trd, 4319940.343, 102
Trd, 4319941.143, 68
Trd, 4319943.043, 72
Trd, 4319943.093, 71
Trd, 4319944.143, 88
Trd, 4319944.293, 98
Trd, 4319944.943, 63
Trd, 4319945.143, 73
Trd, 4319945.493, 106
Trd, 4319946.493, 64
Trd, 4319947.143, 67
Trd, 4319948.643, 62
Trd, 4319948.843, 60
Trd, 4319949.043, 61
Trd, 4319949.593, 129
Trd, 4319950.043, 126
Trd, 4319950.243, 103
Trd, 4319951.293, 138
Trd, 4319951.493, 133
Trd, 4319951.943, 65
Trd, 4319952.843, 65
Trd, 4319953.143, 71
Trd, 4319953.993, 62
Trd, 4319954.093, 69
Trd, 4319954.193, 92
Trd, 4319954.943, 129
Trd, 4319955.643, 73
Trd, 4319956.793, 60
Trd, 4319956.893, 86
Trd, 4319957.043, 65
Trd, 4319958.493, 60
Trd, 4319958.593, 60
Trd, 4319959.993, 60
Trd, 4319960.693, 60
Trd, 4319962.693, 60
Trd, 4319963.093, 62
Trd, 4319963.593, 62
Trd, 4319963.843, 67
Trd, 4319964.343, 65
Trd, 4319965.243, 62
Trd, 4319965.493, 85
Trd, 4319966.093, 92
Trd, 4319966.193, 85
Trd, 4319967.143, 101
Trd, 4319967.443, 100
Trd, 4319967.843, 85
Trd, 4319968.743, 73
Trd, 4319968.943, 71
Trd, 4319969.143, 82
Trd, 4319970.343, 75
Trd, 4319971.643, 61
Trd, 4319971.693, 62
Trd, 4319971.793, 71
Trd, 4319972.893, 112
Trd, 4319973.893, 61
Trd, 4319974.643, 61
Trd, 4319975.093, 81
Trd, 4319976.343, 74
Trd, 4319976.743, 86
Trd, 4319977.443, 60
Trd, 4319977.593, 88
Trd, 4319979.643, 60
Trd, 4319979.743, 61
Trd, 4319980.143, 68
Trd, 4319980.743, 65
Trd, 4319981.193, 97
Trd, 4319981.393, 79
Trd, 4319981.793, 75
Trd, 4319982.893, 64
Trd, 4319983.393, 70
Trd, 4319983.893, 67
Trd, 4319984.243, 87
Trd, 4319987.543, 60
Trd, 4319987.893, 61
Trd, 4319988.043, 62
Trd, 4319988.993, 71
Trd, 4319989.543, 77
Trd, 4319990.643, 61
Trd, 4319991.393, 65
Trd, 4319992.643, 60
Trd, 4319993.443, 62
Trd, 4319994.843, 63
Trd, 4319995.743, 64
Trd, 4319995.943, 62
Trd, 4319996.343, 64
Trd, 4319998.043, 60
Trd, 4319998.243, 60
Trd, 4319998.843, 62
Trd, 4319999.143, 66
Trd, 4319999.493, 92
