Trd, 4318147.193, 61
Trd, 4318147.793, 64
Trd, 4318148.343, 123
Trd, 4318148.743, 88
Trd, 4318149.143, 60
Trd, 4318149.343, 65
Trd, 4318150.093, 60
Trd, 4318151.543, 60
Trd, 4318153.043, 60
Trd, 4318153.243, 60
Trd, 4318153.443, 61
Trd, 4318154.693, 62
Trd, 4318155.293, 61
Trd, 4318155.543, 61
Trd, 4318156.393, 60
Trd, 4318156.493, 60
Trd, 4318157.143, 60
Trd, 4318157.393, 60
Trd, 4318158.743, 135
Trd, 4318160.493, 140
Trd, 4318161.043, 140
Trd, 4318161.243, 139
Trd, 4318161.743, 117
Trd, 4318163.293, 140
Trd, 4318163.943, 139
Trd, 4318164.143, 128
Trd, 4318165.243, 113
Trd, 4318165.543, 131
Trd, 4318166.193, 139
Trd, 4318166.793, 102
Trd, 4318167.993, 101
Trd, 4318168.543, 99
Trd, 4318169.493, 131
Trd, 4318169.643, 130
Trd, 4318169.693, 110
Trd, 4318170.243, 137
Trd, 4318171.493, 61
Trd, 4318171.543, 63
Trd, 4318173.393, 65
Trd, 4318173.643, 63
Trd, 4318173.793, 66
Trd, 4318173.993, 67
Trd, 4318174.843, 77
Trd, 4318175.043, 128
Trd, 4318175.093, 65
Trd, 4318175.843, 138
Trd, 4318177.043, 140
Trd, 4318177.243, 139
Trd, 4318177.393, 121
Trd, 4318177.793, 73
Trd, 4318178.593, 134
Trd, 4318179.043, 71
Trd, 4318180.943, 67
Trd, 4318181.293, 80
Trd, 4318181.593, 68
Trd, 4318183.893, 60
Trd, 4318184.393, 60
Trd, 4318184.693, 60
Trd, 4318184.893, 60
Trd, 4318185.043, 61
Trd, 4318185.093, 65
Trd, 4318185.393, 77
Trd, 4318185.943, 119
Trd, 4318187.143, 118
Trd, 4318188.293, 122
Trd, 4318188.593, 121
Trd, 4318189.243, 95
Trd, 4318189.993, 133
Trd, 4318190.143, 98
Trd, 4318192.093, 81
Trd, 4318193.143, 140
Trd, 4318193.393, 140
Trd, 4318193.793, 134
Trd, 4318193.993, 109
Trd, 4318194.143, 102
Trd, 4318194.443, 109
Trd, 4318195.843, 95
Trd, 4318196.593, 138
Trd, 4318197.693, 115
Trd, 4318198.493, 96
Trd, 4318198.593, 95
Trd, 4318199.593, 140
Trd, 4318199.793, 124
Trd, 4318201.143, 140
Trd, 4318201.393, 140
Trd, 4318201.843, 121
Trd, 4318202.743, 133
Trd, 4318203.093, 132
Trd, 4318203.843, 72
Trd, 4318204.543, 140
Trd, 4318204.693, 128
Trd, 4318207.693, 140
Trd, 4318208.393, 140
Trd, 4318208.993, 140
Trd, 4318210.243, 140
Trd, 4318210.793, 138
Trd, 4318211.493, 130
Trd, 4318211.993, 116
Trd, 4318212.643, 140
Trd, 4318213.043, 104
Trd, 4318213.343, 60
Trd, 4318213.693, 134
Trd, 4318214.693, 74
Trd, 4318215.193, 95
Trd, 4318215.393, 93
Trd, 4318215.993, 120
Trd, 4318217.393, 60
Trd, 4318218.193, 64
Trd, 4318218.243, 65
Trd, 4318218.893, 69
Trd, 4318219.943, 65
Trd, 4318220.093, 62
Trd, 4318220.193, 69
Trd, 4318221.043, 66
Trd, 4318223.593, 60
Trd, 4318224.393, 61
Trd, 4318224.543, 61
Trd, 4318224.743, 65
Trd, 4318225.343, 60
Trd, 4318225.593, 70
Trd, 4318226.243, 64
Trd, 4318226.643, 65
Trd, 4318227.293, 124
Trd, 4318228.593, 60
Trd, 4318229.293, 60
Trd, 4318230.593, 139
Trd, 4318231.493, 65
Trd, 4318231.793, 113
Trd, 4318231.943, 64
Trd, 4318233.293, 65
Trd, 4318233.443, 63
Trd, 4318234.643, 65
Trd, 4318235.043, 136
Trd, 4318235.143, 140
Trd, 4318235.993, 139
Trd, 4318236.243, 88
Trd, 4318236.643, 115
Trd, 4318237.293, 101
Trd, 4318238.093, 126
Trd, 4318238.293, 139
Trd, 4318238.443, 124
Trd, 4318240.393, 140
Trd, 4318240.493, 140
Trd, 4318241.443, 140
Trd, 4318241.693, 140
Trd, 4318242.143, 140
Trd, 4318243.493, 140
Trd, 4318243.993, 140
Trd, 4318244.093, 140
Trd, 4318245.643, 140
Trd, 4318245.793, 138
Trd, 4318246.443, 138
Trd, 4318247.243, 125
Trd, 4318247.293, 108
Trd, 4318248.693, 126
Trd, 4318248.993, 83
Trd, 4318249.193, 74
Trd, 4318249.343, 124
Trd, 4318250.393, 140
Trd, 4318251.043, 129
Trd, 4318253.143, 140
Trd, 4318253.343, 123
Trd, 4318253.943, 136
Trd, 4318254.193, 135
Trd, 4318254.343, 140
Trd, 4318255.343, 129
Trd, 4318257.243, 140
Trd, 4318257.693, 140
Trd, 4318258.093, 139
Trd, 4318258.393, 138
Trd, 4318260.093, 137
Trd, 4318260.493, 140
Trd, 4318260.693, 137
Trd, 4318262.043, 138
Trd, 4318262.143, 138
Trd, 4318262.843, 135
Trd, 4318263.243, 112
Trd, 4318264.843, 138
Trd, 4318265.043, 104
Trd, 4318266.543, 139
Trd, 4318267.443, 140
Trd, 4318267.843, 139
Trd, 4318268.743, 118
Trd, 4318268.843, 103
Trd, 4318270.343, 140
Trd, 4318271.843, 140
Trd, 4318272.593, 139
Trd, 4318272.943, 137
Trd, 4318273.093, 136
Trd, 4318273.143, 133
Trd, 4318273.743, 137
Trd, 4318274.243, 134
Trd, 4318274.743, 90
Trd, 4318274.843, 91
Trd, 4318275.243, 81
Trd, 4318276.843, 122
Trd, 4318278.193, 140
Trd, 4318278.493, 128
Trd, 4318278.793, 122
Trd, 4318279.593, 139
Trd, 4318280.793, 101
Trd, 4318281.343, 65
Trd, 4318282.643, 61
Trd, 4318282.693, 64
Trd, 4318282.743, 65
Trd, 4318284.793, 134
Trd, 4318284.943, 65
Trd, 4318285.493, 67
Trd, 4318286.243, 60
Trd, 4318286.493, 61
Trd, 4318286.843, 62
Trd, 4318288.443, 60
Trd, 4318288.993, 60
Trd, 4318289.843, 60
Trd, 4318289.993, 61
Trd, 4318290.593, 62
Trd, 4318291.093, 85
Trd, 4318291.393, 89
Trd, 4318292.193, 61
Trd, 4318292.393, 60
Trd, 4318293.343, 60
Trd, 4318293.743, 60
Trd, 4318294.943, 111
Trd, 4318295.293, 80
Trd, 4318295.343, 65
Trd, 4318297.043, 62
Trd, 4318297.143, 68
Trd, 4318297.693, 121
Trd, 4318297.943, 139
Trd, 4318298.643, 140
Trd, 4318301.343, 62
Trd, 4318301.843, 71
Trd, 4318302.093, 71
Trd, 4318302.593, 68
Trd, 4318302.793, 74
Trd, 4318303.443, 65
Trd, 4318303.943, 70
Trd, 4318304.243, 130
Trd, 4318305.093, 90
Trd, 4318306.143, 60
Trd, 4318307.393, 113
Trd, 4318307.443, 127
Trd, 4318307.743, 63
Trd, 4318308.243, 66
Trd, 4318309.693, 113
Trd, 4318309.893, 110
Trd, 4318310.143, 108
Trd, 4318311.893, 62
Trd, 4318312.193, 60
Trd, 4318312.293, 61
Trd, 4318312.843, 60
Trd, 4318313.243, 61
Trd, 4318313.943, 137
Trd, 4318315.593, 140
Trd, 4318315.993, 140
Trd, 4318317.043, 132
Trd, 4318317.193, 121
Trd, 4318317.393, 117
Trd, 4318317.893, 62
Trd, 4318318.943, 64
Trd, 4318319.343, 65
Trd, 4318320.343, 84
Trd, 4318320.843, 83
Trd, 4318321.493, 138
Trd, 4318322.193, 122
Trd, 4318322.643, 121
Trd, 4318323.043, 91
Trd, 4318324.543, 130
Trd, 4318325.293, 139
Trd, 4318325.343, 139
Trd, 4318327.143, 130
Trd, 4318327.343, 96
Trd, 4318327.693, 64
Trd, 4318329.043, 63
Trd, 4318329.143, 119
Trd, 4318329.793, 62
Trd, 4318330.543, 115
Trd, 4318330.843, 62
Trd, 4318330.893, 133
Trd, 4318332.293, 85
Trd, 4318333.593, 71
Trd, 4318333.643, 80
Trd, 4318334.843, 60
Trd, 4318334.943, 63
Trd, 4318335.193, 60
Trd, 4318335.593, 69
Trd, 4318336.593, 66
Trd, 4318336.843, 65
Trd, 4318336.893, 72
Trd, 4318337.493, 61
Trd, 4318337.943, 121
Trd, 4318339.093, 140
Trd, 4318339.793, 140
Trd, 4318340.843, 140
Trd, 4318340.993, 90
Trd, 4318341.193, 84
Trd, 4318341.593, 101
Trd, 4318341.943, 62
Trd, 4318343.643, 66
Trd, 4318344.393, 67
Trd, 4318344.793, 67
Trd, 4318345.243, 132
Trd, 4318345.893, 140
Trd, 4318345.943, 104
Trd, 4318348.193, 60
Trd, 4318348.243, 60
Trd, 4318348.793, 66
Trd, 4318348.843, 67
Trd, 4318348.943, 65
Trd, 4318349.993, 60
Trd, 4318350.693, 94
Trd, 4318350.943, 76
Trd, 4318351.593, 75
Trd, 4318352.643, 139
Trd, 4318353.693, 130
Trd, 4318354.093, 129
Trd, 4318354.443, 117
Trd, 4318354.943, 140
Trd, 4318355.393, 133
Trd, 4318356.693, 137
Trd, 4318357.743, 124
Trd, 4318358.543, 124
Trd, 4318359.143, 120
Trd, 4318360.593, 136
Trd, 4318360.893, 127
Trd, 4318361.643, 140
Trd, 4318362.643, 138
Trd, 4318362.993, 131
Trd, 4318363.493, 125
Trd, 4318363.693, 124
Trd, 4318363.943, 85
Trd, 4318364.793, 136
Trd, 4318365.443, 71
Trd, 4318366.293, 72
Trd, 4318367.393, 63
Trd, 4318367.893, 74
Trd, 4318368.043, 76
Trd, 4318368.793, 66
Trd, 4318369.593, 71
Trd, 4318369.893, 66
Trd, 4318372.243, 62
Trd, 4318372.343, 61
Trd, 4318372.893, 62
Trd, 4318373.693, 61
Trd, 4318373.843, 67
Trd, 4318374.193, 62
Trd, 4318374.743, 65
Trd, 4318374.793, 73
Trd, 4318376.243, 62
Trd, 4318376.893, 60
Trd, 4318377.543, 61
Trd, 4318378.793, 60
Trd, 4318379.343, 64
Trd, 4318379.743, 62
Trd, 4318380.043, 65
Trd, 4318380.793, 64
Trd, 4318381.393, 136
Trd, 4318381.593, 134
Trd, 4318382.243, 84
Trd, 4318383.643, 112
Trd, 4318384.343, 100
Trd, 4318384.643, 63
Trd, 4318384.893, 65
Trd, 4318385.143, 105
Trd, 4318386.043, 74
Trd, 4318386.493, 63
Trd, 4318388.043, 120
Trd, 4318388.843, 107
Trd, 4318389.793, 128
Trd, 4318390.293, 126
Trd, 4318390.843, 113
Trd, 4318391.293, 112
Trd, 4318391.993, 62
Trd, 4318392.743, 62
Trd, 4318394.493, 140
Trd, 4318394.843, 140
Trd, 4318396.693, 140
Trd, 4318397.943, 140
Trd, 4318398.443, 140
Trd, 4318398.593, 139
Trd, 4318398.693, 134
Trd, 4318399.093, 132
Trd, 4318399.893, 111
Trd, 4318400.993, 140
Trd, 4318401.493, 140
Trd, 4318402.843, 128
Trd, 4318404.193, 125
Trd, 4318404.243, 109
Trd, 4318404.693, 98
Trd, 4318404.743, 108
Trd, 4318404.793, 66
Trd, 4318405.443, 60
Trd, 4318405.743, 127
Trd, 4318406.143, 126
Trd, 4318406.843, 85
Trd, 4318408.443, 61
Trd, 4318409.843, 62
Trd, 4318410.143, 62
Trd, 4318411.743, 75
Trd, 4318412.293, 74
Trd, 4318412.843, 70
Trd, 4318413.093, 84
Trd, 4318414.093, 68
Trd, 4318414.493, 76
Trd, 4318414.843, 68
Trd, 4318415.293, 61
Trd, 4318416.743, 66
Trd, 4318416.793, 67
Trd, 4318418.143, 140
Trd, 4318418.843, 140
Trd, 4318419.493, 140
Trd, 4318419.543, 140
Trd, 4318420.343, 113
Trd, 4318421.093, 140
Trd, 4318421.343, 115
Trd, 4318422.093, 73
Trd, 4318423.093, 115
Trd, 4318425.993, 140
Trd, 4318426.093, 140
Trd, 4318426.143, 140
Trd, 4318426.743, 140
Trd, 4318427.193, 129
Trd, 4318427.493, 140
Trd, 4318428.093, 140
Trd, 4318428.193, 102
Trd, 4318429.293, 101
Trd, 4318429.993, 101
Trd, 4318430.593, 100
Trd, 4318431.393, 132
Trd, 4318431.593, 88
Trd, 4318433.393, 139
Trd, 4318433.493, 128
Trd, 4318433.543, 126
Trd, 4318435.043, 124
Trd, 4318435.943, 121
Trd, 4318436.243, 140
Trd, 4318436.943, 136
Trd, 4318438.143, 139
Trd, 4318439.243, 133
Trd, 4318439.893, 120
Trd, 4318440.193, 100
Trd, 4318441.043, 134
Trd, 4318441.393, 140
Trd, 4318441.693, 140
Trd, 4318442.493, 137
Trd, 4318442.643, 118
Trd, 4318442.743, 138
Trd, 4318443.543, 140
Trd, 4318445.743, 139
Trd, 4318446.143, 130
Trd, 4318446.193, 128
Trd, 4318446.943, 117
Trd, 4318447.243, 91
Trd, 4318447.843, 93
Trd, 4318449.393, 138
Trd, 4318450.393, 139
Trd, 4318451.243, 130
Trd, 4318451.493, 128
Trd, 4318451.693, 93
Trd, 4318452.643, 91
Trd, 4318453.243, 94
Trd, 4318453.493, 94
Trd, 4318453.593, 77
Trd, 4318454.143, 88
Trd, 4318454.593, 114
Trd, 4318455.343, 140
Trd, 4318456.893, 140
Trd, 4318458.093, 140
Trd, 4318458.893, 140
Trd, 4318459.193, 140
Trd, 4318459.343, 140
Trd, 4318460.793, 140
Trd, 4318461.393, 140
Trd, 4318461.643, 140
Trd, 4318461.693, 128
Trd, 4318462.593, 140
Trd, 4318463.243, 108
Trd, 4318463.343, 107
Trd, 4318463.743, 103
Trd, 4318465.343, 140
Trd, 4318466.643, 128
Trd, 4318466.743, 127
Trd, 4318466.843, 129
Trd, 4318467.493, 106
Trd, 4318467.843, 129
Trd, 4318468.943, 120
Trd, 4318469.143, 120
Trd, 4318469.193, 117
Trd, 4318469.543, 138
Trd, 4318469.793, 79
Trd, 4318470.793, 62
Trd, 4318472.293, 130
Trd, 4318472.743, 113
Trd, 4318473.493, 62
Trd, 4318474.043, 63
Trd, 4318474.093, 64
Trd, 4318475.243, 62
Trd, 4318475.693, 66
Trd, 4318476.293, 69
Trd, 4318476.343, 72
Trd, 4318477.343, 115
Trd, 4318479.943, 140
Trd, 4318480.493, 140
Trd, 4318480.743, 139
Trd, 4318480.843, 84
Trd, 4318481.543, 99
Trd, 4318482.043, 139
Trd, 4318483.243, 69
Trd, 4318483.493, 65
Trd, 4318484.393, 126
Trd, 4318484.993, 130
Trd, 4318485.893, 131
Trd, 4318486.143, 129
Trd, 4318486.243, 111
Trd, 4318487.793, 115
Trd, 4318489.093, 61
Trd, 4318489.843, 63
Trd, 4318490.343, 64
Trd, 4318490.643, 79
Trd, 4318491.493, 60
Trd, 4318491.643, 62
Trd, 4318493.193, 61
Trd, 4318493.393, 65
Trd, 4318495.043, 60
Trd, 4318496.293, 60
Trd, 4318496.743, 60
Trd, 4318497.643, 60
Trd, 4318498.093, 60
Trd, 4318498.193, 61
Trd, 4318500.093, 60
Trd, 4318500.193, 61
Trd, 4318500.693, 61
Trd, 4318500.843, 61
Trd, 4318500.893, 69
Trd, 4318501.993, 136
Trd, 4318502.743, 139
Trd, 4318503.943, 88
Trd, 4318504.343, 115
Trd, 4318505.243, 73
Trd, 4318505.643, 140
Trd, 4318505.843, 73
Trd, 4318507.943, 129
Trd, 4318508.743, 129
Trd, 4318509.443, 70
Trd, 4318509.843, 127
Trd, 4318510.093, 113
Trd, 4318511.043, 80
Trd, 4318513.093, 139
Trd, 4318513.743, 139
Trd, 4318513.793, 122
Trd, 4318515.643, 126
Trd, 4318515.843, 125
Trd, 4318515.943, 119
Trd, 4318516.943, 94
Trd, 4318517.443, 139
Trd, 4318517.993, 140
Trd, 4318518.543, 139
Trd, 4318518.893, 138
Trd, 4318519.643, 88
Trd, 4318520.343, 63
Trd, 4318520.493, 121
Trd, 4318521.843, 136
Trd, 4318523.393, 140
Trd, 4318523.443, 139
Trd, 4318523.593, 134
Trd, 4318523.893, 93
Trd, 4318525.243, 64
Trd, 4318526.393, 60
Trd, 4318528.893, 60
Trd, 4318529.043, 60
Trd, 4318529.143, 61
Trd, 4318529.193, 70
Trd, 4318529.543, 119
Trd, 4318530.143, 124
Trd, 4318531.143, 60
Trd, 4318531.293, 65
Trd, 4318531.793, 69
Trd, 4318531.993, 65
Trd, 4318532.893, 61
Trd, 4318533.193, 62
Trd, 4318534.443, 139
Trd, 4318535.143, 128
Trd, 4318535.843, 140
Trd, 4318535.893, 125
Trd, 4318535.943, 124
Trd, 4318537.243, 62
Trd, 4318537.343, 74
Trd, 4318537.593, 60
Trd, 4318537.843, 71
Trd, 4318538.943, 137
Trd, 4318539.843, 138
Trd, 4318541.143, 140
Trd, 4318541.193, 137
Trd, 4318541.443, 140
Trd, 4318541.943, 94
Trd, 4318542.243, 65
Trd, 4318542.643, 62
Trd, 4318543.493, 127
Trd, 4318544.943, 61
Trd, 4318545.693, 140
Trd, 4318545.793, 138
Trd, 4318546.043, 139
Trd, 4318547.343, 140
Trd, 4318548.043, 126
Trd, 4318548.693, 99
Trd, 4318549.843, 140
Trd, 4318549.893, 139
Trd, 4318550.543, 111
Trd, 4318550.743, 127
Trd, 4318552.643, 140
Trd, 4318552.993, 140
Trd, 4318553.043, 138
Trd, 4318553.843, 139
Trd, 4318554.843, 139
Trd, 4318555.543, 105
Trd, 4318555.843, 85
Trd, 4318556.793, 123
Trd, 4318558.143, 69
Trd, 4318558.293, 70
Trd, 4318558.493, 71
Trd, 4318560.043, 60
Trd, 4318560.743, 60
Trd, 4318561.143, 60
Trd, 4318561.193, 63
Trd, 4318563.193, 60
Trd, 4318563.243, 60
Trd, 4318564.093, 62
Trd, 4318564.693, 102
Trd, 4318564.993, 102
Trd, 4318565.693, 138
Trd, 4318566.693, 123
Trd, 4318566.743, 122
Trd, 4318567.993, 139
Trd, 4318568.093, 120
Trd, 4318569.193, 140
Trd, 4318569.593, 140
Trd, 4318569.643, 137
Trd, 4318572.443, 140
Trd, 4318573.093, 140
Trd, 4318573.593, 140
Trd, 4318573.793, 107
Trd, 4318574.693, 140
Trd, 4318575.793, 121
Trd, 4318576.593, 68
Trd, 4318577.243, 98
Trd, 4318578.093, 100
Trd, 4318578.743, 107
Trd, 4318578.843, 117
Trd, 4318579.443, 101
Trd, 4318579.643, 97
Trd, 4318580.593, 102
Trd, 4318580.843, 70
Trd, 4318581.093, 66
Trd, 4318581.543, 128
Trd, 4318582.643, 60
Trd, 4318583.043, 67
Trd, 4318585.293, 60
Trd, 4318585.543, 62
Trd, 4318586.993, 63
Trd, 4318587.143, 73
Trd, 4318587.793, 86
Trd, 4318587.943, 86
Trd, 4318588.043, 85
Trd, 4318589.293, 83
Trd, 4318589.493, 82
Trd, 4318590.093, 72
Trd, 4318590.993, 115
Trd, 4318591.893, 139
Trd, 4318592.993, 90
Trd, 4318594.493, 81
Trd, 4318595.543, 140
Trd, 4318595.593, 140
Trd, 4318595.743, 136
Trd, 4318596.543, 140
Trd, 4318597.543, 133
Trd, 4318598.943, 140
Trd, 4318599.043, 140
Trd, 4318599.743, 139
Trd, 4318600.543, 116
Trd, 4318600.943, 70
Trd, 4318601.493, 72
Trd, 4318601.743, 139
Trd, 4318601.793, 113
Trd, 4318603.493, 110
Trd, 4318604.143, 63
Trd, 4318604.393, 64
Trd, 4318605.193, 62
Trd, 4318605.993, 62
Trd, 4318606.193, 62
Trd, 4318607.143, 62
Trd, 4318608.893, 61
Trd, 4318609.193, 60
Trd, 4318610.193, 60
Trd, 4318611.593, 60
Trd, 4318612.443, 61
Trd, 4318612.843, 62
Trd, 4318613.143, 60
Trd, 4318613.293, 62
Trd, 4318613.443, 63
Trd, 4318614.293, 62
Trd, 4318614.593, 62
Trd, 4318614.793, 61
Trd, 4318614.843, 64
Trd, 4318616.243, 61
Trd, 4318616.343, 69
Trd, 4318617.143, 112
Trd, 4318617.543, 106
Trd, 4318617.793, 93
Trd, 4318619.593, 111
Trd, 4318619.943, 138
Trd, 4318620.693, 136
Trd, 4318620.843, 124
Trd, 4318621.493, 121
Trd, 4318622.143, 115
Trd, 4318623.143, 136
Trd, 4318625.193, 140
Trd, 4318625.393, 140
Trd, 4318625.493, 140
Trd, 4318625.643, 103
Trd, 4318626.143, 131
Trd, 4318627.843, 140
Trd, 4318628.843, 140
Trd, 4318629.493, 107
Trd, 4318630.293, 80
Trd, 4318630.493, 71
Trd, 4318631.293, 60
Trd, 4318632.593, 60
Trd, 4318633.243, 60
Trd, 4318634.343, 60
Trd, 4318634.393, 60
Trd, 4318634.593, 69
Trd, 4318634.993, 70
Trd, 4318635.143, 61
Trd, 4318636.093, 130
Trd, 4318636.443, 130
Trd, 4318638.093, 134
Trd, 4318638.543, 133
Trd, 4318639.243, 120
Trd, 4318639.743, 116
Trd, 4318640.293, 119
Trd, 4318640.493, 61
Trd, 4318641.093, 60
Trd, 4318643.043, 109
Trd, 4318643.993, 109
Trd, 4318644.343, 108
Trd, 4318645.093, 140
Trd, 4318646.293, 140
Trd, 4318646.543, 140
Trd, 4318648.393, 139
Trd, 4318648.493, 119
Trd, 4318648.943, 108
Trd, 4318650.193, 140
Trd, 4318650.993, 140
Trd, 4318652.143, 100
Trd, 4318652.943, 127
Trd, 4318652.993, 101
Trd, 4318653.443, 60
Trd, 4318654.193, 62
Trd, 4318654.343, 66
Trd, 4318654.893, 67
Trd, 4318655.743, 62
Trd, 4318656.693, 62
Trd, 4318656.893, 64
Trd, 4318658.993, 61
Trd, 4318659.393, 60
Trd, 4318660.743, 60
Trd, 4318661.143, 61
Trd, 4318661.293, 66
Trd, 4318661.543, 61
Trd, 4318662.593, 60
Trd, 4318663.093, 68
Trd, 4318663.793, 83
Trd, 4318664.293, 94
Trd, 4318664.693, 83
Trd, 4318664.843, 82
Trd, 4318665.693, 60
Trd, 4318666.093, 120
Trd, 4318666.693, 63
Trd, 4318667.393, 74
Trd, 4318668.443, 61
Trd, 4318668.893, 62
Trd, 4318669.493, 62
Trd, 4318669.643, 67
Trd, 4318669.743, 70
Trd, 4318671.193, 60
Trd, 4318671.843, 61
Trd, 4318672.843, 103
Trd, 4318673.343, 64
Trd, 4318673.593, 65
Trd, 4318673.993, 65
Trd, 4318675.793, 60
Trd, 4318676.193, 61
Trd, 4318676.993, 60
Trd, 4318679.193, 60
Trd, 4318679.643, 61
Trd, 4318679.693, 62
Trd, 4318679.743, 80
Trd, 4318680.743, 61
Trd, 4318681.243, 61
Trd, 4318681.793, 79
Trd, 4318682.093, 62
Trd, 4318682.493, 80
Trd, 4318684.043, 63
Trd, 4318684.593, 64
Trd, 4318685.143, 68
Trd, 4318685.343, 64
Trd, 4318686.243, 64
Trd, 4318686.343, 68
Trd, 4318687.943, 70
Trd, 4318688.343, 78
Trd, 4318688.743, 85
Trd, 4318688.843, 74
Trd, 4318689.143, 140
Trd, 4318689.993, 137
Trd, 4318691.993, 95
Trd, 4318692.393, 92
Trd, 4318692.593, 140
Trd, 4318692.993, 110
Trd, 4318693.293, 109
Trd, 4318694.943, 139
Trd, 4318695.043, 117
Trd, 4318695.443, 94
Trd, 4318695.843, 112
Trd, 4318695.943, 111
Trd, 4318696.843, 115
Trd, 4318697.143, 82
Trd, 4318697.243, 60
Trd, 4318697.593, 114
Trd, 4318697.743, 116
Trd, 4318698.443, 109
Trd, 4318701.493, 60
Trd, 4318702.143, 64
Trd, 4318702.793, 70
Trd, 4318702.993, 62
Trd, 4318703.893, 65
Trd, 4318704.493, 64
Trd, 4318704.693, 65
Trd, 4318704.743, 69
Trd, 4318705.143, 60
Trd, 4318705.843, 69
Trd, 4318707.593, 135
Trd, 4318707.843, 139
Trd, 4318707.893, 113
Trd, 4318708.693, 65
Trd, 4318709.293, 65
Trd, 4318710.443, 122
Trd, 4318711.143, 65
Trd, 4318713.093, 138
Trd, 4318713.293, 108
Trd, 4318714.593, 110
Trd, 4318715.393, 140
Trd, 4318715.593, 140
Trd, 4318715.793, 139
Trd, 4318715.843, 107
Trd, 4318718.193, 140
Trd, 4318718.743, 140
Trd, 4318718.993, 138
Trd, 4318719.193, 138
Trd, 4318719.243, 137
Trd, 4318719.993, 140
Trd, 4318720.093, 107
Trd, 4318720.393, 69
Trd, 4318720.493, 94
Trd, 4318721.143, 124
Trd, 4318722.643, 138
Trd, 4318723.443, 74
Trd, 4318724.543, 120
Trd, 4318724.693, 66
Trd, 4318725.493, 140
Trd, 4318725.743, 140
Trd, 4318726.443, 139
Trd, 4318726.643, 140
Trd, 4318727.193, 140
Trd, 4318727.943, 119
Trd, 4318728.143, 118
Trd, 4318729.543, 136
Trd, 4318730.343, 134
Trd, 4318730.593, 133
Trd, 4318731.943, 139
Trd, 4318732.593, 140
Trd, 4318733.893, 139
Trd, 4318735.643, 140
Trd, 4318735.743, 140
Trd, 4318736.043, 138
Trd, 4318736.243, 137
Trd, 4318737.843, 140
Trd, 4318738.093, 139
Trd, 4318738.543, 138
Trd, 4318739.393, 130
Trd, 4318740.843, 111
Trd, 4318741.193, 133
Trd, 4318742.593, 140
Trd, 4318742.643, 113
Trd, 4318742.893, 76
Trd, 4318743.493, 137
Trd, 4318743.543, 66
Trd, 4318744.543, 140
Trd, 4318746.043, 140
Trd, 4318746.643, 121
Trd, 4318746.893, 119
Trd, 4318747.743, 140
Trd, 4318748.793, 140
Trd, 4318750.393, 140
Trd, 4318750.443, 88
Trd, 4318750.693, 83
Trd, 4318751.143, 140
Trd, 4318752.393, 132
Trd, 4318753.043, 139
Trd, 4318753.443, 138
Trd, 4318754.043, 136
Trd, 4318754.343, 131
Trd, 4318754.643, 136
Trd, 4318755.543, 134
Trd, 4318756.243, 124
Trd, 4318756.543, 65
Trd, 4318757.193, 77
Trd, 4318757.843, 127
Trd, 4318758.243, 100
Trd, 4318759.143, 130
Trd, 4318759.343, 120
Trd, 4318759.743, 120
Trd, 4318759.793, 119
Trd, 4318762.193, 128
Trd, 4318762.543, 115
Trd, 4318763.843, 140
Trd, 4318764.043, 139
Trd, 4318764.943, 132
Trd, 4318767.293, 140
Trd, 4318767.443, 139
Trd, 4318767.543, 138
Trd, 4318767.843, 137
Trd, 4318768.393, 125
Trd, 4318768.693, 95
Trd, 4318768.793, 136
Trd, 4318768.943, 109
Trd, 4318770.793, 119
Trd, 4318771.393, 138
Trd, 4318771.493, 137
Trd, 4318772.393, 96
Trd, 4318773.293, 140
Trd, 4318773.593, 140
Trd, 4318774.643, 140
Trd, 4318776.493, 140
Trd, 4318776.893, 137
Trd, 4318778.243, 127
Trd, 4318778.493, 116
Trd, 4318778.643, 110
Trd, 4318779.043, 69
Trd, 4318780.693, 140
Trd, 4318780.793, 139
Trd, 4318783.743, 140
Trd, 4318783.943, 140
Trd, 4318784.643, 140
Trd, 4318785.243, 140
Trd, 4318786.093, 140
Trd, 4318786.293, 139
Trd, 4318788.793, 140
Trd, 4318789.543, 138
Trd, 4318789.943, 116
Trd, 4318790.693, 99
Trd, 4318790.893, 116
Trd, 4318791.743, 140
Trd, 4318792.793, 136
Trd, 4318793.593, 140
Trd, 4318794.143, 136
Trd, 4318794.943, 77
Trd, 4318795.493, 61
Trd, 4318796.093, 117
Trd, 4318797.593, 139
Trd, 4318797.793, 130
Trd, 4318799.543, 138
Trd, 4318799.593, 138
Trd, 4318799.693, 124
Trd, 4318802.043, 138
Trd, 4318802.193, 131
Trd, 4318802.243, 130
Trd, 4318802.493, 127
Trd, 4318803.493, 140
Trd, 4318804.093, 116
Trd, 4318806.193, 140
Trd, 4318806.293, 140
Trd, 4318806.393, 139
Trd, 4318807.443, 140
Trd, 4318808.193, 126
Trd, 4318808.243, 105
Trd, 4318808.843, 80
Trd, 4318809.493, 138
Trd, 4318809.643, 105
Trd, 4318811.593, 138
Trd, 4318812.193, 129
Trd, 4318813.293, 130
Trd, 4318813.743, 130
Trd, 4318813.993, 119
Trd, 4318814.143, 88
Trd, 4318816.543, 140
Trd, 4318816.843, 140
Trd, 4318817.093, 140
Trd, 4318817.243, 138
Trd, 4318819.093, 140
Trd, 4318819.493, 140
Trd, 4318819.943, 134
Trd, 4318820.793, 139
Trd, 4318820.893, 114
Trd, 4318821.043, 105
Trd, 4318821.743, 96
Trd, 4318821.843, 138
Trd, 4318822.793, 115
Trd, 4318824.243, 67
Trd, 4318824.543, 138
Trd, 4318825.143, 84
Trd, 4318826.843, 86
Trd, 4318827.043, 129
Trd, 4318827.443, 87
Trd, 4318827.593, 95
Trd, 4318828.693, 129
Trd, 4318828.893, 88
Trd, 4318829.193, 97
Trd, 4318830.243, 98
Trd, 4318830.593, 121
Trd, 4318830.693, 67
Trd, 4318831.043, 61
Trd, 4318831.743, 126
Trd, 4318831.993, 132
Trd, 4318833.043, 113
Trd, 4318833.093, 86
Trd, 4318834.043, 140
Trd, 4318835.693, 140
Trd, 4318836.193, 140
Trd, 4318837.093, 140
Trd, 4318838.593, 136
Trd, 4318838.893, 130
Trd, 4318839.893, 140
Trd, 4318840.393, 138
Trd, 4318841.193, 97
Trd, 4318841.393, 119
Trd, 4318842.143, 86
Trd, 4318842.893, 140
Trd, 4318843.293, 139
Trd, 4318844.693, 135
Trd, 4318845.743, 131
Trd, 4318845.793, 130
Trd, 4318845.893, 93
Trd, 4318846.443, 60
Trd, 4318847.593, 60
Trd, 4318847.893, 63
Trd, 4318848.243, 64
Trd, 4318848.943, 66
Trd, 4318849.543, 65
Trd, 4318849.843, 73
Trd, 4318851.243, 132
Trd, 4318852.543, 103
Trd, 4318852.693, 122
Trd, 4318853.693, 136
Trd, 4318853.843, 103
Trd, 4318854.143, 84
Trd, 4318855.293, 84
Trd, 4318855.343, 85
Trd, 4318856.593, 98
Trd, 4318857.993, 140
Trd, 4318858.293, 139
Trd, 4318858.593, 94
Trd, 4318858.843, 133
Trd, 4318859.343, 110
Trd, 4318859.943, 83
Trd, 4318860.543, 82
Trd, 4318861.943, 61
Trd, 4318862.643, 62
Trd, 4318863.043, 64
Trd, 4318863.593, 63
Trd, 4318863.643, 65
Trd, 4318864.393, 104
Trd, 4318865.943, 106
Trd, 4318867.193, 107
Trd, 4318867.393, 88
Trd, 4318868.893, 140
Trd, 4318869.443, 140
Trd, 4318870.143, 140
Trd, 4318870.243, 132
Trd, 4318870.343, 111
Trd, 4318871.943, 131
Trd, 4318872.243, 130
Trd, 4318872.343, 95
Trd, 4318873.043, 131
Trd, 4318873.143, 132
Trd, 4318874.193, 61
Trd, 4318874.793, 109
Trd, 4318875.043, 108
Trd, 4318875.543, 78
Trd, 4318875.593, 134
Trd, 4318877.293, 64
Trd, 4318877.993, 73
Trd, 4318879.193, 80
Trd, 4318880.493, 94
Trd, 4318881.543, 140
Trd, 4318881.943, 140
Trd, 4318882.093, 140
Trd, 4318882.443, 138
Trd, 4318883.343, 113
Trd, 4318883.943, 120
Trd, 4318884.743, 138
Trd, 4318884.893, 120
Trd, 4318885.393, 126
Trd, 4318885.693, 60
Trd, 4318886.593, 64
Trd, 4318888.543, 60
Trd, 4318889.643, 62
Trd, 4318890.293, 63
Trd, 4318890.343, 67
Trd, 4318891.293, 61
Trd, 4318891.343, 63
Trd, 4318892.543, 60
Trd, 4318892.593, 60
Trd, 4318893.893, 62
Trd, 4318894.093, 63
Trd, 4318895.343, 61
Trd, 4318895.793, 60
Trd, 4318896.743, 61
Trd, 4318897.243, 61
Trd, 4318897.593, 60
Trd, 4318897.793, 62
Trd, 4318897.843, 63
Trd, 4318898.243, 67
Trd, 4318899.093, 63
Trd, 4318899.843, 101
Trd, 4318900.193, 100
Trd, 4318901.043, 62
Trd, 4318901.743, 60
Trd, 4318902.643, 60
Trd, 4318902.743, 61
Trd, 4318903.143, 134
Trd, 4318904.193, 112
Trd, 4318904.443, 139
Trd, 4318904.643, 97
Trd, 4318904.943, 139
Trd, 4318906.243, 60
Trd, 4318907.143, 62
Trd, 4318907.643, 65
Trd, 4318908.143, 61
Trd, 4318908.843, 60
Trd, 4318909.043, 63
Trd, 4318909.293, 68
Trd, 4318910.593, 61
Trd, 4318910.643, 63
Trd, 4318911.443, 65
Trd, 4318911.843, 60
Trd, 4318912.593, 140
Trd, 4318913.293, 62
Trd, 4318914.793, 60
Trd, 4318915.493, 60
Trd, 4318916.393, 60
Trd, 4318917.743, 61
Trd, 4318918.643, 60
Trd, 4318918.743, 63
Trd, 4318919.293, 61
Trd, 4318919.343, 63
Trd, 4318919.543, 65
Trd, 4318920.843, 136
Trd, 4318921.343, 84
Trd, 4318921.493, 72
Trd, 4318922.693, 140
Trd, 4318923.243, 140
Trd, 4318923.993, 140
Trd, 4318924.743, 140
Trd, 4318924.993, 122
Trd, 4318925.643, 140
Trd, 4318926.093, 95
Trd, 4318926.393, 75
Trd, 4318927.043, 140
Trd, 4318927.743, 140
Trd, 4318927.943, 139
Trd, 4318929.293, 139
Trd, 4318930.543, 138
Trd, 4318931.993, 124
Trd, 4318932.393, 133
Trd, 4318932.693, 129
Trd, 4318932.793, 128
Trd, 4318934.143, 120
Trd, 4318934.443, 140
Trd, 4318934.593, 120
Trd, 4318934.793, 92
Trd, 4318935.543, 105
Trd, 4318935.693, 76
Trd, 4318937.393, 99
Trd, 4318938.143, 125
Trd, 4318938.943, 140
Trd, 4318939.743, 140
Trd, 4318940.893, 130
Trd, 4318941.193, 113
Trd, 4318941.443, 140
Trd, 4318941.893, 134
Trd, 4318943.993, 138
Trd, 4318944.243, 140
Trd, 4318944.343, 138
Trd, 4318945.693, 140
Trd, 4318945.993, 140
Trd, 4318946.043, 126
Trd, 4318946.693, 139
Trd, 4318947.393, 140
Trd, 4318948.393, 133
Trd, 4318948.943, 134
Trd, 4318950.893, 133
Trd, 4318951.093, 125
Trd, 4318951.393, 93
Trd, 4318951.493, 138
Trd, 4318952.593, 84
Trd, 4318953.543, 96
Trd, 4318953.743, 98
Trd, 4318954.093, 98
Trd, 4318954.593, 85
Trd, 4318954.693, 100
Trd, 4318955.843, 96
Trd, 4318957.193, 124
Trd, 4318957.493, 123
Trd, 4318957.743, 140
Trd, 4318960.093, 140
Trd, 4318960.893, 140
Trd, 4318961.843, 140
Trd, 4318961.893, 130
Trd, 4318962.993, 107
Trd, 4318964.093, 114
Trd, 4318964.443, 140
Trd, 4318964.543, 106
Trd, 4318965.393, 140
Trd, 4318967.293, 139
Trd, 4318967.343, 136
Trd, 4318967.643, 140
Trd, 4318968.093, 95
Trd, 4318969.093, 81
Trd, 4318969.943, 61
Trd, 4318970.393, 80
Trd, 4318971.593, 64
Trd, 4318972.543, 105
Trd, 4318972.743, 130
Trd, 4318972.993, 104
Trd, 4318973.143, 99
Trd, 4318973.193, 137
Trd, 4318973.593, 63
Trd, 4318973.643, 62
Trd, 4318976.343, 108
Trd, 4318976.643, 103
Trd, 4318976.743, 108
Trd, 4318977.893, 109
Trd, 4318978.843, 62
Trd, 4318979.143, 68
Trd, 4318979.493, 69
Trd, 4318981.193, 127
Trd, 4318981.243, 117
Trd, 4318981.743, 116
Trd, 4318983.243, 121
Trd, 4318983.293, 120
Trd, 4318983.593, 139
Trd, 4318983.993, 112
Trd, 4318984.543, 140
Trd, 4318985.343, 112
Trd, 4318985.793, 140
Trd, 4318986.493, 140
Trd, 4318987.243, 138
Trd, 4318987.493, 137
Trd, 4318989.093, 98
Trd, 4318989.693, 99
Trd, 4318990.643, 96
Trd, 4318992.093, 135
Trd, 4318992.143, 137
Trd, 4318992.393, 129
Trd, 4318992.443, 138
Trd, 4318993.043, 118
Trd, 4318994.593, 140
Trd, 4318994.843, 137
Trd, 4318994.893, 129
Trd, 4318995.293, 138
Trd, 4318996.843, 138
Trd, 4318997.243, 110
Trd, 4318997.843, 140
Trd, 4318997.943, 139
Trd, 4318999.043, 98
Trd, 4319000.543, 132
Trd, 4319001.393, 139
Trd, 4319001.643, 138
Trd, 4319003.243, 140
Trd, 4319003.293, 128
Trd, 4319004.343, 126
Trd, 4319004.443, 125
Trd, 4319005.493, 134
Trd, 4319006.693, 111
Trd, 4319006.943, 62
Trd, 4319008.793, 60
Trd, 4319009.043, 60
Trd, 4319009.293, 60
Trd, 4319011.193, 61
Trd, 4319011.543, 62
Trd, 4319012.343, 62
Trd, 4319013.393, 61
Trd, 4319014.143, 63
Trd, 4319014.493, 61
Trd, 4319014.843, 61
Trd, 4319015.193, 60
Trd, 4319015.393, 68
Trd, 4319016.843, 69
Trd, 4319016.943, 68
Trd, 4319016.993, 70
Trd, 4319017.193, 73
Trd, 4319017.943, 60
Trd, 4319018.443, 63
Trd, 4319018.793, 129
Trd, 4319020.743, 60
Trd, 4319022.043, 60
Trd, 4319022.093, 60
Trd, 4319022.393, 62
Trd, 4319023.593, 60
Trd, 4319023.893, 60
Trd, 4319025.643, 60
Trd, 4319025.693, 61
Trd, 4319025.743, 62
Trd, 4319027.193, 61
Trd, 4319027.243, 63
Trd, 4319027.843, 61
Trd, 4319029.393, 60
Trd, 4319030.443, 60
Trd, 4319030.593, 61
Trd, 4319031.093, 65
Trd, 4319032.693, 60
Trd, 4319033.293, 66
Trd, 4319034.543, 60
Trd, 4319035.393, 60
Trd, 4319035.693, 61
Trd, 4319037.843, 60
Trd, 4319039.643, 61
Trd, 4319039.693, 61
Trd, 4319040.443, 61
Trd, 4319040.793, 63
Trd, 4319040.993, 63
Trd, 4319041.193, 62
Trd, 4319041.793, 64
Trd, 4319042.543, 138
Trd, 4319042.893, 66
Trd, 4319043.143, 61
Trd, 4319044.743, 64
Trd, 4319045.343, 65
Trd, 4319045.543, 66
Trd, 4319047.893, 61
Trd, 4319048.093, 64
Trd, 4319048.743, 63
Trd, 4319049.043, 71
Trd, 4319049.843, 69
Trd, 4319051.043, 91
Trd, 4319051.143, 67
Trd, 4319051.793, 139
Trd, 4319052.043, 138
Trd, 4319052.593, 134
Trd, 4319052.643, 133
Trd, 4319052.943, 70
Trd, 4319053.543, 139
Trd, 4319054.043, 100
Trd, 4319055.993, 140
Trd, 4319056.693, 132
Trd, 4319056.993, 132
Trd, 4319057.293, 82
Trd, 4319058.693, 140
Trd, 4319059.593, 139
Trd, 4319060.143, 136
Trd, 4319060.693, 105
Trd, 4319061.443, 139
Trd, 4319061.693, 111
Trd, 4319063.343, 109
Trd, 4319063.393, 108
Trd, 4319064.793, 109
Trd, 4319065.993, 60
Trd, 4319066.093, 60
Trd, 4319066.243, 60
Trd, 4319066.393, 63
Trd, 4319066.943, 62
Trd, 4319067.943, 69
Trd, 4319068.343, 70
Trd, 4319068.793, 72
Trd, 4319070.843, 140
Trd, 4319071.043, 140
Trd, 4319071.493, 139
Trd, 4319071.693, 138
Trd, 4319072.293, 105
Trd, 4319072.693, 117
Trd, 4319073.343, 90
Trd, 4319073.843, 114
Trd, 4319075.593, 140
Trd, 4319076.443, 140
Trd, 4319076.593, 139
Trd, 4319076.893, 138
Trd, 4319077.943, 74
Trd, 4319079.143, 137
Trd, 4319079.443, 137
Trd, 4319080.193, 137
Trd, 4319081.343, 124
Trd, 4319081.993, 125
Trd, 4319082.293, 139
Trd, 4319082.993, 89
Trd, 4319084.143, 131
Trd, 4319084.343, 135
Trd, 4319085.843, 64
Trd, 4319086.143, 65
Trd, 4319086.843, 63
Trd, 4319087.543, 64
Trd, 4319087.793, 139
Trd, 4319088.693, 119
Trd, 4319089.693, 122
Trd, 4319089.793, 112
Trd, 4319090.143, 111
Trd, 4319090.593, 60
Trd, 4319091.693, 140
Trd, 4319091.843, 139
Trd, 4319093.593, 136
Trd, 4319093.693, 135
Trd, 4319094.743, 140
Trd, 4319094.943, 117
Trd, 4319096.243, 140
Trd, 4319096.643, 133
Trd, 4319098.743, 140
Trd, 4319099.393, 139
Trd, 4319099.543, 138
Trd, 4319099.743, 137
Trd, 4319100.443, 127
Trd, 4319101.093, 140
Trd, 4319101.943, 139
Trd, 4319102.593, 102
Trd, 4319103.093, 137
Trd, 4319103.743, 100
Trd, 4319104.243, 140
Trd, 4319104.843, 71
Trd, 4319105.593, 96
Trd, 4319105.743, 137
Trd, 4319106.243, 127
Trd, 4319107.243, 60
Trd, 4319107.793, 60
Trd, 4319108.093, 60
Trd, 4319108.143, 62
Trd, 4319109.543, 60
Trd, 4319109.793, 60
Trd, 4319110.993, 61
Trd, 4319111.343, 60
Trd, 4319112.543, 62
Trd, 4319113.493, 62
Trd, 4319114.643, 62
Trd, 4319114.743, 69
Trd, 4319114.843, 75
Trd, 4319115.293, 61
Trd, 4319115.893, 61
Trd, 4319117.743, 65
Trd, 4319118.193, 112
Trd, 4319118.443, 89
Trd, 4319118.893, 88
Trd, 4319119.393, 117
Trd, 4319120.493, 91
Trd, 4319120.893, 66
Trd, 4319121.193, 77
Trd, 4319121.943, 110
Trd, 4319122.043, 69
Trd, 4319122.693, 140
Trd, 4319124.493, 117
Trd, 4319124.993, 117
Trd, 4319125.143, 118
Trd, 4319125.493, 96
Trd, 4319126.493, 115
Trd, 4319126.843, 139
Trd, 4319128.043, 68
Trd, 4319128.393, 74
Trd, 4319130.243, 140
Trd, 4319131.193, 133
Trd, 4319131.993, 134
Trd, 4319132.443, 134
Trd, 4319132.593, 133
Trd, 4319133.093, 133
Trd, 4319133.193, 140
Trd, 4319134.493, 63
Trd, 4319134.943, 61
Trd, 4319135.293, 60
Trd, 4319135.443, 62
Trd, 4319137.743, 60
Trd, 4319137.843, 60
Trd, 4319138.093, 60
Trd, 4319138.243, 64
Trd, 4319139.643, 60
Trd, 4319141.243, 61
Trd, 4319141.543, 60
Trd, 4319141.793, 61
Trd, 4319142.093, 62
Trd, 4319142.643, 61
Trd, 4319144.293, 62
Trd, 4319144.493, 63
Trd, 4319145.343, 62
Trd, 4319145.843, 60
Trd, 4319145.993, 60
Trd, 4319146.143, 66
Trd, 4319147.193, 62
Trd, 4319147.443, 61
Trd, 4319147.843, 72
Trd, 4319148.943, 89
Trd, 4319149.493, 87
Trd, 4319151.293, 126
Trd, 4319151.343, 118
Trd, 4319152.093, 140
Trd, 4319154.093, 140
Trd, 4319154.243, 140
Trd, 4319154.843, 140
Trd, 4319155.793, 140
Trd, 4319156.443, 139
Trd, 4319156.993, 139
Trd, 4319157.293, 136
Trd, 4319158.843, 138
Trd, 4319158.993, 137
Trd, 4319159.393, 124
Trd, 4319159.743, 78
Trd, 4319160.943, 139
Trd, 4319161.143, 117
Trd, 4319161.693, 64
Trd, 4319162.343, 60
Trd, 4319162.943, 108
Trd, 4319163.593, 107
Trd, 4319164.293, 70
Trd, 4319165.643, 140
Trd, 4319166.343, 140
Trd, 4319166.543, 137
Trd, 4319167.493, 78
Trd, 4319167.643, 64
Trd, 4319167.993, 86
Trd, 4319168.043, 87
Trd, 4319169.843, 140
Trd, 4319170.143, 140
Trd, 4319170.493, 138
Trd, 4319171.893, 119
Trd, 4319172.693, 115
Trd, 4319172.993, 99
Trd, 4319174.293, 140
Trd, 4319174.993, 140
Trd, 4319175.393, 112
Trd, 4319176.693, 99
Trd, 4319177.443, 140
Trd, 4319178.243, 110
Trd, 4319178.443, 140
Trd, 4319178.843, 106
Trd, 4319179.943, 75
Trd, 4319180.243, 62
Trd, 4319181.593, 60
Trd, 4319182.643, 60
Trd, 4319184.343, 60
Trd, 4319184.643, 60
Trd, 4319185.043, 60
Trd, 4319185.793, 60
Trd, 4319186.543, 60
Trd, 4319186.593, 66
Trd, 4319187.093, 63
Trd, 4319189.093, 60
Trd, 4319189.843, 60
Trd, 4319190.243, 60
Trd, 4319190.593, 61
Trd, 4319190.793, 61
Trd, 4319192.043, 60
Trd, 4319192.343, 60
Trd, 4319192.943, 62
Trd, 4319193.243, 61
Trd, 4319193.693, 61
Trd, 4319194.943, 73
Trd, 4319195.743, 60
Trd, 4319195.893, 61
Trd, 4319198.093, 140
Trd, 4319198.493, 140
Trd, 4319199.143, 127
Trd, 4319199.393, 77
Trd, 4319200.393, 140
Trd, 4319201.143, 140
Trd, 4319201.793, 140
Trd, 4319202.743, 140
Trd, 4319204.193, 136
Trd, 4319204.343, 126
Trd, 4319205.743, 140
Trd, 4319205.793, 134
Trd, 4319205.993, 100
Trd, 4319206.493, 77
Trd, 4319208.043, 137
Trd, 4319208.643, 136
Trd, 4319209.793, 137
Trd, 4319210.643, 131
Trd, 4319210.993, 139
Trd, 4319211.293, 111
Trd, 4319212.293, 135
Trd, 4319212.393, 135
Trd, 4319212.943, 140
Trd, 4319213.893, 140
Trd, 4319215.393, 140
Trd, 4319216.043, 135
Trd, 4319216.443, 96
Trd, 4319217.943, 140
Trd, 4319219.043, 140
Trd, 4319219.743, 140
Trd, 4319220.093, 139
Trd, 4319220.643, 129
Trd, 4319221.543, 106
Trd, 4319221.743, 89
Trd, 4319222.193, 132
Trd, 4319222.593, 75
Trd, 4319223.443, 72
Trd, 4319223.943, 65
Trd, 4319225.343, 140
Trd, 4319226.243, 140
Trd, 4319227.593, 140
Trd, 4319227.693, 140
Trd, 4319228.093, 140
Trd, 4319228.293, 115
Trd, 4319228.893, 119
Trd, 4319229.143, 113
Trd, 4319232.143, 138
Trd, 4319232.393, 138
Trd, 4319232.943, 111
Trd, 4319233.143, 130
Trd, 4319233.593, 139
Trd, 4319233.893, 79
Trd, 4319236.593, 109
Trd, 4319236.743, 140
Trd, 4319236.893, 108
Trd, 4319238.293, 140
Trd, 4319239.043, 113
Trd, 4319239.893, 131
Trd, 4319240.443, 76
Trd, 4319240.943, 127
Trd, 4319241.093, 77
Trd, 4319242.643, 140
Trd, 4319244.193, 140
Trd, 4319244.743, 140
Trd, 4319245.243, 137
Trd, 4319245.493, 126
Trd, 4319246.543, 129
Trd, 4319247.443, 125
Trd, 4319248.643, 140
Trd, 4319249.543, 137
Trd, 4319249.593, 132
Trd, 4319250.743, 104
Trd, 4319251.943, 114
Trd, 4319252.093, 113
Trd, 4319253.093, 61
Trd, 4319253.143, 129
Trd, 4319253.743, 60
Trd, 4319254.393, 63
Trd, 4319254.743, 64
Trd, 4319254.893, 138
Trd, 4319255.893, 115
Trd, 4319257.243, 60
Trd, 4319257.493, 60
Trd, 4319258.293, 120
Trd, 4319258.643, 122
Trd, 4319259.493, 120
Trd, 4319260.143, 140
Trd, 4319260.793, 139
Trd, 4319261.643, 140
Trd, 4319261.743, 140
Trd, 4319262.593, 124
Trd, 4319264.093, 140
Trd, 4319264.293, 140
Trd, 4319264.693, 112
Trd, 4319265.843, 113
Trd, 4319267.193, 139
Trd, 4319268.093, 139
Trd, 4319268.643, 140
Trd, 4319268.843, 139
Trd, 4319270.493, 140
Trd, 4319271.443, 140
Trd, 4319272.193, 138
Trd, 4319272.493, 88
Trd, 4319273.893, 140
Trd, 4319274.543, 140
Trd, 4319274.693, 139
Trd, 4319274.993, 139
Trd, 4319276.043, 137
Trd, 4319276.993, 140
Trd, 4319278.143, 140
Trd, 4319278.543, 124
Trd, 4319279.243, 140
Trd, 4319279.793, 136
Trd, 4319280.393, 89
Trd, 4319281.693, 122
Trd, 4319282.193, 140
Trd, 4319283.143, 84
Trd, 4319283.193, 82
Trd, 4319285.343, 127
Trd, 4319285.693, 111
Trd, 4319285.793, 110
Trd, 4319285.993, 133
Trd, 4319286.593, 134
Trd, 4319287.393, 137
Trd, 4319287.993, 110
Trd, 4319288.693, 69
Trd, 4319290.243, 140
Trd, 4319290.293, 131
Trd, 4319291.093, 118
Trd, 4319291.143, 117
Trd, 4319291.593, 117
Trd, 4319292.443, 101
Trd, 4319293.493, 140
Trd, 4319293.893, 140
Trd, 4319294.143, 138
Trd, 4319295.293, 139
Trd, 4319295.543, 139
Trd, 4319297.043, 66
Trd, 4319298.393, 90
Trd, 4319298.793, 60
Trd, 4319299.543, 128
Trd, 4319300.693, 123
Trd, 4319301.343, 140
Trd, 4319301.843, 140
Trd, 4319302.293, 140
Trd, 4319302.343, 140
Trd, 4319304.243, 138
Trd, 4319304.693, 119
Trd, 4319305.693, 140
Trd, 4319306.393, 105
Trd, 4319307.743, 140
Trd, 4319307.793, 139
Trd, 4319307.993, 128
Trd, 4319308.443, 87
Trd, 4319309.393, 73
Trd, 4319309.793, 74
Trd, 4319310.943, 140
Trd, 4319311.343, 82
Trd, 4319312.043, 83
Trd, 4319312.193, 81
Trd, 4319314.143, 60
Trd, 4319314.693, 60
Trd, 4319315.143, 60
Trd, 4319316.293, 66
Trd, 4319316.793, 60
Trd, 4319317.293, 67
Trd, 4319317.493, 67
Trd, 4319318.143, 61
Trd, 4319319.093, 123
Trd, 4319319.943, 77
Trd, 4319320.743, 100
Trd, 4319321.793, 61
Trd, 4319322.343, 61
Trd, 4319322.843, 60
Trd, 4319322.993, 63
Trd, 4319323.643, 64
Trd, 4319323.943, 85
Trd, 4319325.143, 62
Trd, 4319326.193, 60
Trd, 4319326.493, 60
Trd, 4319327.493, 60
Trd, 4319327.993, 60
Trd, 4319329.293, 60
Trd, 4319329.593, 61
Trd, 4319329.943, 61
Trd, 4319329.993, 125
Trd, 4319330.343, 66
Trd, 4319331.343, 67
Trd, 4319332.043, 67
Trd, 4319332.593, 94
Trd, 4319332.693, 98
Trd, 4319332.993, 65
Trd, 4319334.143, 80
Trd, 4319334.593, 62
Trd, 4319334.843, 63
Trd, 4319335.443, 63
Trd, 4319336.093, 60
Trd, 4319337.293, 64
Trd, 4319337.693, 68
Trd, 4319338.493, 60
Trd, 4319339.093, 60
Trd, 4319339.693, 60
Trd, 4319339.993, 62
Trd, 4319341.843, 66
Trd, 4319342.043, 67
Trd, 4319342.693, 100
Trd, 4319343.943, 71
Trd, 4319344.043, 73
Trd, 4319344.493, 67
Trd, 4319347.293, 60
Trd, 4319348.443, 60
Trd, 4319348.843, 65
Trd, 4319349.193, 62
Trd, 4319349.243, 66
Trd, 4319350.943, 119
Trd, 4319350.993, 118
Trd, 4319351.043, 70
Trd, 4319352.443, 140
Trd, 4319354.393, 140
Trd, 4319354.443, 140
Trd, 4319355.343, 140
Trd, 4319357.343, 123
Trd, 4319357.643, 128
Trd, 4319357.893, 122
Trd, 4319357.993, 117
Trd, 4319358.343, 106
Trd, 4319358.393, 128
Trd, 4319359.843, 60
Trd, 4319360.893, 61
Trd, 4319361.243, 62
Trd, 4319362.943, 62
Trd, 4319363.393, 63
Trd, 4319363.443, 63
Trd, 4319363.693, 63
Trd, 4319363.893, 64
Trd, 4319364.843, 64
Trd, 4319365.243, 85
Trd, 4319365.493, 66
Trd, 4319365.793, 65
Trd, 4319366.193, 66
Trd, 4319368.043, 63
Trd, 4319369.243, 65
Trd, 4319369.743, 62
Trd, 4319370.793, 60
Trd, 4319371.593, 61
Trd, 4319371.743, 61
Trd, 4319371.843, 61
Trd, 4319372.743, 63
Trd, 4319374.143, 123
Trd, 4319374.543, 115
Trd, 4319374.793, 115
Trd, 4319374.843, 114
Trd, 4319376.643, 140
Trd, 4319377.543, 82
Trd, 4319378.243, 139
Trd, 4319380.193, 113
Trd, 4319380.543, 140
Trd, 4319380.593, 127
Trd, 4319380.843, 68
Trd, 4319381.693, 104
Trd, 4319383.143, 139
Trd, 4319384.143, 139
Trd, 4319384.443, 140
Trd, 4319385.943, 140
Trd, 4319386.393, 140
Trd, 4319387.393, 139
Trd, 4319387.543, 129
Trd, 4319387.793, 128
Trd, 4319389.493, 140
Trd, 4319390.493, 140
Trd, 4319390.993, 140
Trd, 4319391.043, 137
Trd, 4319391.943, 135
Trd, 4319392.143, 134
Trd, 4319393.643, 136
Trd, 4319393.693, 135
Trd, 4319393.993, 96
Trd, 4319394.693, 90
Trd, 4319395.093, 109
Trd, 4319396.743, 140
Trd, 4319396.943, 140
Trd, 4319397.543, 63
Trd, 4319398.543, 140
Trd, 4319398.943, 104
Trd, 4319400.643, 73
Trd, 4319401.443, 72
Trd, 4319401.493, 71
Trd, 4319402.293, 70
Trd, 4319402.643, 82
Trd, 4319403.193, 60
Trd, 4319403.843, 62
Trd, 4319404.393, 70
Trd, 4319405.493, 139
Trd, 4319406.143, 138
Trd, 4319407.843, 139
Trd, 4319408.193, 140
Trd, 4319408.943, 139
Trd, 4319409.293, 127
Trd, 4319410.343, 135
Trd, 4319410.593, 84
Trd, 4319410.843, 99
Trd, 4319412.843, 118
Trd, 4319412.993, 117
Trd, 4319413.543, 93
Trd, 4319413.593, 74
Trd, 4319414.793, 140
Trd, 4319415.193, 140
Trd, 4319415.493, 140
Trd, 4319416.193, 123
Trd, 4319416.643, 118
Trd, 4319417.493, 87
Trd, 4319419.143, 140
Trd, 4319419.443, 140
Trd, 4319419.893, 140
Trd, 4319420.943, 119
Trd, 4319421.693, 111
Trd, 4319421.793, 128
Trd, 4319421.943, 98
Trd, 4319423.793, 140
Trd, 4319423.843, 140
Trd, 4319424.243, 140
Trd, 4319424.343, 138
Trd, 4319425.293, 105
Trd, 4319425.993, 90
Trd, 4319426.743, 106
Trd, 4319427.593, 140
Trd, 4319427.943, 62
Trd, 4319429.493, 139
Trd, 4319429.593, 138
Trd, 4319431.443, 140
Trd, 4319431.793, 139
Trd, 4319432.493, 117
Trd, 4319433.593, 134
Trd, 4319433.743, 133
Trd, 4319435.793, 128
Trd, 4319435.993, 127
Trd, 4319436.443, 105
Trd, 4319437.843, 139
Trd, 4319438.593, 127
Trd, 4319438.843, 80
Trd, 4319439.093, 140
Trd, 4319439.693, 96
Trd, 4319439.993, 118
Trd, 4319441.193, 140
Trd, 4319441.443, 119
Trd, 4319442.093, 140
Trd, 4319442.393, 120
Trd, 4319443.143, 129
Trd, 4319443.293, 63
Trd, 4319443.693, 138
Trd, 4319444.843, 81
Trd, 4319445.143, 106
Trd, 4319445.543, 66
Trd, 4319445.943, 64
Trd, 4319446.843, 105
Trd, 4319447.293, 105
Trd, 4319448.993, 65
Trd, 4319449.943, 62
Trd, 4319450.293, 78
Trd, 4319452.293, 62
Trd, 4319452.893, 62
Trd, 4319453.493, 117
Trd, 4319453.943, 123
Trd, 4319455.243, 138
Trd, 4319455.343, 140
Trd, 4319455.443, 126
Trd, 4319455.743, 112
Trd, 4319456.743, 121
Trd, 4319457.443, 120
Trd, 4319457.493, 106
Trd, 4319457.643, 121
Trd, 4319458.143, 93
Trd, 4319458.743, 67
Trd, 4319459.893, 66
Trd, 4319460.043, 67
Trd, 4319461.243, 60
Trd, 4319461.343, 62
Trd, 4319463.143, 60
Trd, 4319464.143, 60
Trd, 4319464.993, 60
Trd, 4319465.793, 60
Trd, 4319466.243, 61
Trd, 4319466.343, 61
Trd, 4319466.743, 62
Trd, 4319468.143, 65
Trd, 4319469.243, 102
Trd, 4319469.393, 100
Trd, 4319469.843, 117
Trd, 4319469.943, 116
Trd, 4319469.993, 129
Trd, 4319471.243, 60
Trd, 4319471.993, 60
Trd, 4319474.093, 64
Trd, 4319474.393, 62
Trd, 4319474.443, 64
Trd, 4319475.543, 60
Trd, 4319475.843, 63
Trd, 4319476.143, 60
Trd, 4319476.493, 63
Trd, 4319476.743, 85
Trd, 4319478.393, 112
Trd, 4319478.893, 93
Trd, 4319478.993, 92
Trd, 4319479.143, 90
Trd, 4319479.443, 122
Trd, 4319479.793, 83
Trd, 4319480.993, 81
Trd, 4319481.543, 140
Trd, 4319482.793, 60
Trd, 4319483.293, 60
Trd, 4319483.843, 66
Trd, 4319484.543, 68
Trd, 4319485.393, 140
Trd, 4319486.643, 112
Trd, 4319486.843, 117
Trd, 4319488.093, 139
Trd, 4319488.293, 70
Trd, 4319489.543, 120
Trd, 4319489.643, 92
Trd, 4319490.043, 100
Trd, 4319490.443, 130
Trd, 4319490.543, 61
Trd, 4319490.893, 63
Trd, 4319492.343, 83
Trd, 4319492.843, 84
Trd, 4319493.693, 63
Trd, 4319494.143, 63
Trd, 4319495.593, 60
Trd, 4319496.893, 63
Trd, 4319497.743, 66
Trd, 4319498.743, 62
Trd, 4319499.543, 62
Trd, 4319499.643, 61
Trd, 4319500.143, 62
Trd, 4319500.743, 62
Trd, 4319501.393, 60
Trd, 4319501.993, 61
Trd, 4319502.443, 65
Trd, 4319503.343, 68
Trd, 4319503.943, 68
Trd, 4319504.193, 62
Trd, 4319504.443, 61
Trd, 4319504.643, 62
Trd, 4319505.143, 60
Trd, 4319506.493, 64
Trd, 4319507.193, 61
Trd, 4319507.893, 75
Trd, 4319508.193, 107
Trd, 4319508.393, 65
Trd, 4319508.643, 64
Trd, 4319508.993, 85
Trd, 4319509.543, 67
Trd, 4319510.493, 65
Trd, 4319511.643, 110
Trd, 4319512.593, 60
Trd, 4319513.693, 69
Trd, 4319514.893, 61
Trd, 4319515.043, 64
Trd, 4319515.093, 64
Trd, 4319515.993, 122
Trd, 4319517.393, 60
Trd, 4319517.843, 60
Trd, 4319517.943, 98
Trd, 4319518.443, 101
Trd, 4319518.993, 108
Trd, 4319520.093, 140
Trd, 4319520.543, 140
Trd, 4319521.693, 139
Trd, 4319521.943, 122
Trd, 4319523.343, 140
Trd, 4319523.693, 139
Trd, 4319523.993, 138
Trd, 4319525.043, 134
Trd, 4319526.143, 112
Trd, 4319526.493, 135
Trd, 4319527.343, 140
Trd, 4319527.543, 128
Trd, 4319527.793, 123
Trd, 4319528.543, 118
Trd, 4319530.493, 140
Trd, 4319532.143, 140
Trd, 4319532.193, 103
Trd, 4319532.643, 100
Trd, 4319532.893, 98
Trd, 4319533.743, 140
Trd, 4319535.793, 140
Trd, 4319536.543, 140
Trd, 4319537.243, 140
Trd, 4319538.043, 137
Trd, 4319538.693, 139
Trd, 4319538.993, 136
Trd, 4319539.393, 76
Trd, 4319540.993, 140
Trd, 4319541.293, 122
Trd, 4319541.993, 102
Trd, 4319542.543, 102
Trd, 4319542.693, 101
Trd, 4319542.893, 101
Trd, 4319543.143, 100
Trd, 4319544.693, 139
Trd, 4319545.193, 113
Trd, 4319545.843, 140
Trd, 4319547.243, 137
Trd, 4319547.343, 117
Trd, 4319547.393, 108
Trd, 4319547.943, 137
Trd, 4319548.993, 60
Trd, 4319549.193, 60
Trd, 4319549.693, 140
Trd, 4319550.393, 133
Trd, 4319550.643, 87
Trd, 4319551.593, 64
Trd, 4319551.793, 64
Trd, 4319553.543, 60
Trd, 4319553.793, 61
Trd, 4319553.893, 70
Trd, 4319554.693, 140
Trd, 4319555.293, 140
Trd, 4319556.943, 140
Trd, 4319557.143, 131
Trd, 4319557.443, 91
Trd, 4319558.493, 61
Trd, 4319558.793, 60
Trd, 4319559.543, 64
Trd, 4319561.443, 135
Trd, 4319561.543, 134
Trd, 4319561.893, 138
Trd, 4319562.143, 134
Trd, 4319562.343, 139
Trd, 4319562.693, 132
Trd, 4319563.493, 140
Trd, 4319564.143, 120
Trd, 4319566.543, 117
Trd, 4319566.693, 140
Trd, 4319567.343, 140
Trd, 4319567.693, 129
Trd, 4319568.793, 123
Trd, 4319569.543, 99
Trd, 4319569.793, 95
Trd, 4319571.293, 116
Trd, 4319571.643, 98
Trd, 4319571.893, 128
Trd, 4319572.093, 99
Trd, 4319572.343, 134
Trd, 4319572.393, 67
Trd, 4319573.393, 124
Trd, 4319574.243, 139
Trd, 4319575.693, 140
Trd, 4319576.093, 138
Trd, 4319576.943, 119
Trd, 4319577.943, 118
Trd, 4319578.293, 104
Trd, 4319578.393, 81
Trd, 4319579.693, 140
Trd, 4319580.043, 140
Trd, 4319580.293, 140
Trd, 4319581.993, 112
Trd, 4319582.543, 133
Trd, 4319582.643, 107
Trd, 4319583.843, 115
Trd, 4319584.193, 99
Trd, 4319584.543, 102
Trd, 4319584.843, 87
Trd, 4319585.993, 89
Trd, 4319586.643, 88
Trd, 4319588.443, 136
Trd, 4319589.843, 121
Trd, 4319589.993, 138
Trd, 4319590.393, 109
Trd, 4319591.093, 109
Trd, 4319591.943, 110
Trd, 4319592.543, 133
Trd, 4319592.643, 107
Trd, 4319592.793, 134
Trd, 4319593.543, 132
Trd, 4319593.743, 103
Trd, 4319594.493, 123
Trd, 4319595.043, 127
Trd, 4319596.043, 140
Trd, 4319596.393, 132
Trd, 4319597.993, 134
Trd, 4319598.143, 134
Trd, 4319598.293, 131
Trd, 4319598.493, 140
Trd, 4319599.193, 60
Trd, 4319599.593, 132
Trd, 4319600.043, 64
Trd, 4319601.593, 88
Trd, 4319602.093, 112
Trd, 4319603.443, 60
Trd, 4319604.143, 60
Trd, 4319604.193, 60
Trd, 4319604.493, 62
Trd, 4319605.993, 61
Trd, 4319607.543, 60
Trd, 4319607.743, 72
Trd, 4319607.843, 90
Trd, 4319608.843, 60
Trd, 4319609.393, 60
Trd, 4319610.243, 62
Trd, 4319610.393, 64
Trd, 4319610.843, 62
Trd, 4319610.943, 63
Trd, 4319610.993, 64
Trd, 4319611.393, 62
Trd, 4319612.143, 61
Trd, 4319612.943, 89
Trd, 4319614.393, 140
Trd, 4319615.543, 140
Trd, 4319616.243, 116
Trd, 4319616.343, 82
Trd, 4319616.943, 115
Trd, 4319617.643, 60
Trd, 4319618.143, 60
Trd, 4319618.943, 61
Trd, 4319619.643, 62
Trd, 4319620.993, 61
Trd, 4319621.093, 61
Trd, 4319621.193, 85
Trd, 4319622.443, 140
Trd, 4319622.743, 140
Trd, 4319623.043, 119
Trd, 4319624.343, 137
Trd, 4319624.593, 136
Trd, 4319624.693, 128
Trd, 4319625.743, 129
Trd, 4319626.893, 140
Trd, 4319627.593, 125
Trd, 4319628.843, 137
Trd, 4319629.043, 124
Trd, 4319629.193, 115
Trd, 4319630.393, 106
Trd, 4319630.893, 105
Trd, 4319631.593, 140
Trd, 4319631.943, 103
Trd, 4319632.743, 70
Trd, 4319633.443, 140
Trd, 4319633.993, 107
Trd, 4319634.443, 68
Trd, 4319634.493, 69
Trd, 4319635.443, 140
Trd, 4319636.493, 105
Trd, 4319636.993, 70
Trd, 4319637.893, 63
Trd, 4319638.043, 65
Trd, 4319638.793, 140
Trd, 4319639.093, 139
Trd, 4319640.293, 60
Trd, 4319640.393, 61
Trd, 4319641.143, 79
Trd, 4319641.393, 87
Trd, 4319641.743, 78
Trd, 4319642.393, 60
Trd, 4319643.243, 61
Trd, 4319643.643, 61
Trd, 4319644.993, 63
Trd, 4319645.243, 64
Trd, 4319647.193, 60
Trd, 4319649.443, 60
Trd, 4319650.043, 61
Trd, 4319651.793, 60
Trd, 4319652.393, 60
Trd, 4319653.093, 63
Trd, 4319653.243, 62
Trd, 4319653.843, 63
Trd, 4319654.043, 64
Trd, 4319654.393, 64
Trd, 4319655.693, 61
Trd, 4319656.543, 60
Trd, 4319656.643, 61
Trd, 4319657.043, 60
Trd, 4319657.093, 62
Trd, 4319657.993, 123
Trd, 4319658.343, 122
Trd, 4319660.193, 106
Trd, 4319661.043, 103
Trd, 4319662.043, 64
Trd, 4319662.093, 61
Trd, 4319662.443, 86
Trd, 4319663.743, 60
Trd, 4319663.993, 66
Trd, 4319665.343, 140
Trd, 4319665.743, 131
Trd, 4319666.543, 103
Trd, 4319666.593, 91
Trd, 4319666.893, 64
Trd, 4319667.193, 97
Trd, 4319669.193, 60
Trd, 4319670.943, 60
Trd, 4319670.993, 63
Trd, 4319671.993, 67
Trd, 4319672.393, 112
Trd, 4319672.443, 111
Trd, 4319672.843, 140
Trd, 4319672.893, 132
Trd, 4319674.043, 61
Trd, 4319674.843, 66
Trd, 4319676.293, 60
Trd, 4319677.193, 60
Trd, 4319677.793, 60
Trd, 4319678.543, 61
Trd, 4319679.393, 60
Trd, 4319679.593, 60
Trd, 4319681.293, 63
Trd, 4319681.493, 62
Trd, 4319682.093, 138
Trd, 4319682.943, 120
Trd, 4319683.043, 85
Trd, 4319683.993, 124
Trd, 4319684.143, 92
Trd, 4319685.193, 128
Trd, 4319686.743, 140
Trd, 4319687.343, 140
Trd, 4319687.593, 140
Trd, 4319687.843, 140
Trd, 4319687.943, 138
Trd, 4319688.993, 140
Trd, 4319689.593, 140
Trd, 4319689.943, 137
Trd, 4319691.693, 128
Trd, 4319692.443, 140
Trd, 4319692.643, 140
Trd, 4319692.693, 113
Trd, 4319692.993, 78
Trd, 4319693.693, 93
Trd, 4319695.443, 139
Trd, 4319695.993, 140
Trd, 4319696.493, 93
Trd, 4319696.593, 78
Trd, 4319697.443, 86
Trd, 4319698.443, 86
Trd, 4319699.793, 124
Trd, 4319700.293, 116
Trd, 4319700.843, 113
Trd, 4319701.393, 129
Trd, 4319701.743, 140
Trd, 4319702.643, 140
Trd, 4319704.943, 140
Trd, 4319704.993, 140
Trd, 4319705.593, 140
Trd, 4319705.693, 139
Trd, 4319706.143, 116
Trd, 4319707.443, 136
Trd, 4319708.843, 136
Trd, 4319709.043, 134
Trd, 4319709.793, 109
Trd, 4319710.393, 134
Trd, 4319712.343, 127
Trd, 4319712.643, 131
Trd, 4319712.793, 127
Trd, 4319712.843, 124
Trd, 4319713.143, 137
Trd, 4319714.843, 140
Trd, 4319715.643, 137
Trd, 4319717.043, 140
Trd, 4319717.143, 140
Trd, 4319717.593, 139
Trd, 4319717.743, 133
Trd, 4319718.743, 90
Trd, 4319719.693, 81
Trd, 4319720.643, 140
Trd, 4319721.293, 140
Trd, 4319721.843, 140
Trd, 4319722.293, 140
Trd, 4319722.443, 137
Trd, 4319723.043, 136
Trd, 4319723.293, 140
Trd, 4319723.593, 136
Trd, 4319724.093, 127
Trd, 4319725.243, 134
Trd, 4319725.843, 140
Trd, 4319725.993, 111
Trd, 4319726.843, 126
Trd, 4319727.043, 102
Trd, 4319728.543, 90
Trd, 4319728.643, 89
Trd, 4319731.443, 140
Trd, 4319731.743, 106
Trd, 4319732.043, 118
Trd, 4319732.243, 69
Trd, 4319732.393, 92
Trd, 4319733.293, 83
Trd, 4319735.443, 140
Trd, 4319736.443, 140
Trd, 4319736.593, 126
Trd, 4319737.243, 122
Trd, 4319738.243, 125
Trd, 4319739.593, 102
Trd, 4319740.043, 119
Trd, 4319740.093, 91
Trd, 4319740.193, 66
Trd, 4319740.843, 63
Trd, 4319740.943, 66
Trd, 4319742.843, 60
Trd, 4319742.993, 61
Trd, 4319744.843, 60
Trd, 4319744.943, 62
Trd, 4319746.293, 60
Trd, 4319746.393, 60
Trd, 4319746.693, 60
Trd, 4319746.793, 61
Trd, 4319747.593, 61
Trd, 4319747.793, 61
Trd, 4319749.143, 91
Trd, 4319749.993, 134
Trd, 4319751.193, 67
Trd, 4319751.343, 66
Trd, 4319751.693, 67
Trd, 4319751.893, 112
Trd, 4319753.143, 136
Trd, 4319753.393, 64
Trd, 4319755.393, 140
Trd, 4319755.443, 140
Trd, 4319755.793, 91
Trd, 4319757.143, 128
Trd, 4319757.193, 85
Trd, 4319757.543, 133
Trd, 4319757.593, 84
Trd, 4319758.543, 123
Trd, 4319759.693, 130
Trd, 4319759.943, 137
Trd, 4319759.993, 137
Trd, 4319761.393, 137
Trd, 4319762.393, 113
Trd, 4319763.043, 112
Trd, 4319763.393, 115
Trd, 4319763.793, 61
Trd, 4319764.293, 60
Trd, 4319765.443, 103
Trd, 4319767.093, 108
Trd, 4319767.393, 107
Trd, 4319767.743, 69
Trd, 4319768.493, 139
Trd, 4319769.343, 140
Trd, 4319770.043, 140
Trd, 4319770.093, 140
Trd, 4319771.093, 87
Trd, 4319771.943, 138
Trd, 4319771.993, 86
Trd, 4319772.843, 105
Trd, 4319773.493, 140
Trd, 4319774.443, 60
Trd, 4319774.693, 60
Trd, 4319774.743, 61
Trd, 4319775.043, 63
Trd, 4319776.893, 62
Trd, 4319779.343, 60
Trd, 4319779.643, 61
Trd, 4319779.893, 62
Trd, 4319779.943, 63
Trd, 4319780.443, 65
Trd, 4319781.343, 65
Trd, 4319781.993, 66
Trd, 4319782.143, 64
Trd, 4319782.593, 64
Trd, 4319784.043, 65
Trd, 4319785.093, 140
Trd, 4319785.443, 139
Trd, 4319785.693, 140
Trd, 4319786.093, 139
Trd, 4319787.543, 115
Trd, 4319789.293, 121
Trd, 4319789.343, 115
Trd, 4319789.593, 114
Trd, 4319790.043, 107
Trd, 4319790.193, 120
Trd, 4319790.243, 123
Trd, 4319790.843, 120
Trd, 4319791.143, 139
Trd, 4319792.393, 91
Trd, 4319794.343, 133
Trd, 4319794.493, 112
Trd, 4319795.093, 138
Trd, 4319795.293, 134
Trd, 4319796.343, 140
Trd, 4319797.143, 119
Trd, 4319797.193, 118
Trd, 4319799.393, 89
Trd, 4319800.043, 140
Trd, 4319800.243, 139
Trd, 4319800.843, 140
Trd, 4319801.543, 140
Trd, 4319801.943, 140
Trd, 4319802.093, 138
Trd, 4319802.743, 125
Trd, 4319803.843, 135
Trd, 4319804.043, 109
Trd, 4319806.093, 138
Trd, 4319806.343, 121
Trd, 4319806.643, 110
Trd, 4319807.043, 137
Trd, 4319807.993, 135
Trd, 4319809.043, 140
Trd, 4319809.943, 137
Trd, 4319810.043, 95
Trd, 4319810.943, 137
Trd, 4319811.093, 79
Trd, 4319811.893, 94
Trd, 4319813.093, 140
Trd, 4319813.443, 139
Trd, 4319814.943, 140
Trd, 4319815.893, 140
Trd, 4319816.093, 140
Trd, 4319817.293, 106
Trd, 4319817.543, 86
Trd, 4319817.643, 85
Trd, 4319817.793, 80
Trd, 4319818.493, 74
Trd, 4319818.743, 113
Trd, 4319819.843, 81
Trd, 4319819.993, 109
Trd, 4319820.893, 61
Trd, 4319821.193, 60
Trd, 4319821.893, 140
Trd, 4319823.543, 100
Trd, 4319823.943, 81
Trd, 4319824.593, 83
Trd, 4319824.743, 80
Trd, 4319825.743, 137
Trd, 4319825.843, 109
Trd, 4319826.793, 140
Trd, 4319828.743, 133
Trd, 4319829.243, 72
Trd, 4319829.943, 71
Trd, 4319830.843, 140
Trd, 4319830.993, 116
Trd, 4319832.293, 119
Trd, 4319832.493, 105
Trd, 4319833.043, 139
Trd, 4319833.843, 94
Trd, 4319835.443, 104
Trd, 4319835.993, 104
Trd, 4319837.143, 103
Trd, 4319837.743, 126
Trd, 4319837.843, 125
Trd, 4319839.393, 115
Trd, 4319839.693, 82
Trd, 4319839.943, 76
Trd, 4319840.393, 84
Trd, 4319840.843, 131
Trd, 4319840.993, 112
Trd, 4319841.643, 60
Trd, 4319842.243, 61
Trd, 4319842.593, 62
Trd, 4319843.293, 70
Trd, 4319844.493, 84
Trd, 4319845.093, 76
Trd, 4319845.243, 86
Trd, 4319845.693, 78
Trd, 4319846.293, 75
Trd, 4319847.043, 87
Trd, 4319847.243, 92
Trd, 4319847.593, 64
Trd, 4319849.593, 129
Trd, 4319850.293, 75
Trd, 4319850.693, 70
Trd, 4319851.843, 140
Trd, 4319852.093, 140
Trd, 4319852.293, 139
Trd, 4319853.193, 140
Trd, 4319854.243, 140
Trd, 4319854.543, 140
Trd, 4319855.093, 90
Trd, 4319856.643, 138
Trd, 4319857.793, 140
Trd, 4319858.143, 140
Trd, 4319858.493, 138
Trd, 4319859.593, 139
Trd, 4319859.743, 138
Trd, 4319860.343, 90
Trd, 4319863.293, 140
Trd, 4319864.143, 140
Trd, 4319864.193, 140
Trd, 4319864.443, 140
Trd, 4319864.543, 116
Trd, 4319864.593, 93
Trd, 4319864.843, 139
Trd, 4319866.443, 89
Trd, 4319868.193, 140
Trd, 4319868.293, 92
Trd, 4319868.593, 67
Trd, 4319868.743, 65
Trd, 4319870.093, 61
Trd, 4319871.143, 140
Trd, 4319872.293, 65
Trd, 4319873.043, 61
Trd, 4319873.243, 61
Trd, 4319873.543, 65
Trd, 4319873.993, 63
Trd, 4319874.093, 69
Trd, 4319875.043, 140
Trd, 4319875.193, 140
Trd, 4319875.993, 128
Trd, 4319876.093, 61
Trd, 4319876.793, 63
Trd, 4319877.643, 140
Trd, 4319878.643, 95
Trd, 4319879.143, 100
Trd, 4319879.193, 99
Trd, 4319881.193, 140
Trd, 4319881.343, 139
Trd, 4319881.893, 83
Trd, 4319882.343, 139
Trd, 4319882.743, 119
Trd, 4319884.343, 127
Trd, 4319886.143, 125
Trd, 4319886.543, 124
Trd, 4319887.393, 140
Trd, 4319888.293, 140
Trd, 4319888.943, 140
Trd, 4319889.543, 103
Trd, 4319889.643, 101
Trd, 4319890.593, 103
Trd, 4319891.043, 97
Trd, 4319892.093, 116
Trd, 4319892.193, 138
Trd, 4319892.743, 115
Trd, 4319892.793, 87
Trd, 4319894.543, 135
Trd, 4319894.943, 139
Trd, 4319894.993, 93
Trd, 4319895.893, 105
Trd, 4319896.693, 137
Trd, 4319898.243, 140
Trd, 4319898.443, 140
Trd, 4319899.143, 138
Trd, 4319899.443, 140
Trd, 4319899.843, 135
Trd, 4319901.343, 87
Trd, 4319902.543, 140
Trd, 4319902.893, 130
Trd, 4319904.343, 139
Trd, 4319905.443, 140
Trd, 4319905.943, 129
Trd, 4319907.693, 140
Trd, 4319908.293, 140
Trd, 4319909.293, 140
Trd, 4319910.043, 129
Trd, 4319910.293, 87
Trd, 4319911.393, 138
Trd, 4319911.543, 126
Trd, 4319911.643, 108
Trd, 4319913.193, 75
Trd, 4319913.243, 89
Trd, 4319913.293, 74
Trd, 4319915.793, 60
Trd, 4319915.843, 61
Trd, 4319916.143, 69
Trd, 4319916.693, 68
Trd, 4319917.793, 60
Trd, 4319918.393, 61
Trd, 4319918.793, 61
Trd, 4319918.843, 62
Trd, 4319919.543, 63
Trd, 4319920.543, 140
Trd, 4319920.593, 140
Trd, 4319921.143, 140
Trd, 4319921.643, 137
Trd, 4319922.543, 83
Trd, 4319923.943, 83
Trd, 4319924.493, 138
Trd, 4319925.593, 138
Trd, 4319925.743, 107
Trd, 4319926.743, 108
Trd, 4319927.093, 78
Trd, 4319927.793, 139
Trd, 4319928.743, 140
Trd, 4319929.643, 140
Trd, 4319930.193, 140
Trd, 4319931.993, 140
Trd, 4319932.093, 139
Trd, 4319932.643, 108
Trd, 4319933.193, 126
Trd, 4319934.143, 73
Trd, 4319936.343, 60
Trd, 4319936.893, 60
Trd, 4319937.943, 60
Trd, 4319937.993, 60
Trd, 4319938.493, 60
Trd, 4319938.743, 62
Trd, 4319941.243, 60
Trd, 4319941.493, 61
Trd, 4319942.093, 62
Trd, 4319942.643, 62
Trd, 4319943.493, 67
Trd, 4319944.343, 66
Trd, 4319944.393, 67
Trd, 4319944.693, 68
Trd, 4319945.043, 60
Trd, 4319946.093, 61
Trd, 4319946.493, 62
Trd, 4319947.093, 62
Trd, 4319947.743, 61
Trd, 4319947.993, 63
Trd, 4319948.343, 64
Trd, 4319950.943, 60
Trd, 4319951.743, 62
Trd, 4319952.543, 60
Trd, 4319952.843, 62
Trd, 4319953.743, 63
Trd, 4319954.593, 62
Trd, 4319955.393, 65
Trd, 4319955.893, 63
Trd, 4319955.993, 60
Trd, 4319956.243, 74
Trd, 4319956.843, 74
Trd, 4319957.843, 139
Trd, 4319958.693, 63
Trd, 4319959.543, 67
Trd, 4319960.743, 62
Trd, 4319962.443, 60
Trd, 4319963.143, 60
Trd, 4319963.993, 62
Trd, 4319964.143, 66
Trd, 4319964.343, 61
Trd, 4319964.893, 105
Trd, 4319964.993, 95
Trd, 4319965.293, 124
Trd, 4319965.643, 95
Trd, 4319967.143, 60
Trd, 4319967.743, 60
Trd, 4319967.893, 60
Trd, 4319969.143, 63
Trd, 4319971.043, 121
Trd, 4319971.193, 118
Trd, 4319971.793, 60
Trd, 4319972.093, 68
Trd, 4319972.543, 140
Trd, 4319973.493, 140
Trd, 4319974.143, 140
Trd, 4319974.243, 63
Trd, 4319974.543, 139
Trd, 4319975.893, 140
Trd, 4319976.443, 138
Trd, 4319977.943, 140
Trd, 4319978.193, 140
Trd, 4319978.343, 140
Trd, 4319978.643, 139
Trd, 4319978.943, 114
Trd, 4319979.993, 128
Trd, 4319981.693, 140
Trd, 4319982.593, 140
Trd, 4319982.843, 139
Trd, 4319982.893, 96
Trd, 4319983.643, 109
Trd, 4319983.893, 104
Trd, 4319984.893, 140
Trd, 4319985.693, 109
Trd, 4319986.093, 85
Trd, 4319986.193, 84
Trd, 4319987.993, 140
Trd, 4319988.093, 125
Trd, 4319988.143, 97
Trd, 4319989.193, 113
Trd, 4319989.293, 118
Trd, 4319990.493, 139
Trd, 4319991.443, 88
Trd, 4319992.293, 140
Trd, 4319992.743, 140
Trd, 4319993.593, 140
Trd, 4319993.993, 140
Trd, 4319994.093, 111
Trd, 4319996.443, 112
Trd, 4319996.593, 92
Trd, 4319997.043, 133
Trd, 4319997.193, 139
Trd, 4319997.843, 139
Trd, 4319997.993, 62
Trd, 4319999.443, 133
