Trd, 4318120.343, 140
Trd, 4318121.143, 140
Trd, 4318122.793, 140
Trd, 4318123.543, 140
Trd, 4318124.443, 140
Trd, 4318124.643, 140
Trd, 4318125.093, 137
Trd, 4318125.243, 109
Trd, 4318125.543, 107
Trd, 4318125.843, 130
Trd, 4318127.093, 140
Trd, 4318127.743, 140
Trd, 4318128.043, 140
Trd, 4318128.443, 67
Trd, 4318128.493, 100
Trd, 4318129.093, 139
Trd, 4318130.093, 140
Trd, 4318130.643, 140
Trd, 4318130.993, 140
Trd, 4318131.993, 140
Trd, 4318132.493, 139
Trd, 4318134.443, 140
Trd, 4318134.643, 140
Trd, 4318135.293, 140
Trd, 4318135.493, 137
Trd, 4318135.843, 136
Trd, 4318136.843, 107
Trd, 4318137.393, 138
Trd, 4318137.793, 93
Trd, 4318139.043, 61
Trd, 4318139.593, 62
Trd, 4318139.743, 122
Trd, 4318140.443, 64
Trd, 4318141.293, 63
Trd, 4318143.243, 140
Trd, 4318143.693, 140
Trd, 4318144.043, 116
Trd, 4318144.193, 94
Trd, 4318144.943, 140
Trd, 4318145.393, 140
Trd, 4318145.743, 140
Trd, 4318145.843, 137
Trd, 4318147.343, 140
Trd, 4318147.993, 140
Trd, 4318148.743, 140
Trd, 4318150.893, 140
Trd, 4318151.993, 140
Trd, 4318152.443, 140
Trd, 4318153.943, 140
Trd, 4318154.543, 140
Trd, 4318154.643, 140
Trd, 4318155.993, 140
Trd, 4318156.043, 138
Trd, 4318156.093, 136
Trd, 4318156.943, 134
Trd, 4318159.193, 140
Trd, 4318159.243, 140
Trd, 4318159.593, 140
Trd, 4318160.943, 140
Trd, 4318161.543, 140
Trd, 4318161.843, 139
Trd, 4318162.093, 101
Trd, 4318162.793, 134
Trd, 4318163.243, 60
Trd, 4318163.393, 81
Trd, 4318164.743, 72
Trd, 4318165.693, 120
Trd, 4318165.843, 70
Trd, 4318166.243, 71
Trd, 4318167.293, 83
Trd, 4318167.343, 82
Trd, 4318167.993, 112
Trd, 4318169.493, 139
Trd, 4318169.893, 140
Trd, 4318170.843, 112
Trd, 4318172.143, 140
Trd, 4318172.343, 140
Trd, 4318173.143, 139
Trd, 4318174.193, 140
Trd, 4318174.643, 138
Trd, 4318174.893, 120
Trd, 4318175.543, 139
Trd, 4318176.793, 124
Trd, 4318177.543, 126
Trd, 4318177.993, 140
Trd, 4318179.543, 140
Trd, 4318179.793, 140
Trd, 4318180.293, 139
Trd, 4318181.293, 138
Trd, 4318181.893, 101
Trd, 4318183.293, 140
Trd, 4318183.793, 140
Trd, 4318184.343, 140
Trd, 4318184.493, 140
Trd, 4318186.143, 140
Trd, 4318186.593, 140
Trd, 4318186.993, 140
Trd, 4318187.893, 140
Trd, 4318188.093, 140
Trd, 4318188.493, 140
Trd, 4318188.543, 140
Trd, 4318189.393, 87
Trd, 4318190.093, 138
Trd, 4318191.543, 137
Trd, 4318192.043, 140
Trd, 4318192.243, 94
Trd, 4318192.843, 140
Trd, 4318193.443, 60
Trd, 4318194.643, 140
Trd, 4318194.843, 140
Trd, 4318196.893, 72
Trd, 4318198.893, 66
Trd, 4318199.143, 68
Trd, 4318200.343, 60
Trd, 4318201.393, 60
Trd, 4318201.443, 62
Trd, 4318201.793, 61
Trd, 4318202.043, 63
Trd, 4318203.193, 61
Trd, 4318203.693, 63
Trd, 4318204.343, 140
Trd, 4318204.693, 140
Trd, 4318205.193, 140
Trd, 4318205.343, 140
Trd, 4318205.693, 136
Trd, 4318208.043, 60
Trd, 4318208.693, 119
Trd, 4318209.143, 65
Trd, 4318209.493, 66
Trd, 4318210.543, 60
Trd, 4318212.043, 62
Trd, 4318213.093, 60
Trd, 4318214.193, 67
Trd, 4318214.643, 60
Trd, 4318215.843, 65
Trd, 4318216.143, 139
Trd, 4318216.493, 138
Trd, 4318216.843, 130
Trd, 4318217.593, 111
Trd, 4318218.893, 66
Trd, 4318221.093, 65
Trd, 4318222.043, 61
Trd, 4318222.093, 63
Trd, 4318223.143, 62
Trd, 4318224.493, 61
Trd, 4318225.143, 62
Trd, 4318225.593, 62
Trd, 4318225.693, 61
Trd, 4318226.593, 140
Trd, 4318226.743, 139
Trd, 4318228.043, 140
Trd, 4318228.143, 140
Trd, 4318228.943, 140
Trd, 4318229.093, 140
Trd, 4318229.993, 139
Trd, 4318230.443, 140
Trd, 4318230.893, 137
Trd, 4318231.493, 140
Trd, 4318231.793, 70
Trd, 4318232.743, 86
Trd, 4318234.393, 125
Trd, 4318235.293, 116
Trd, 4318235.943, 116
Trd, 4318236.593, 139
Trd, 4318236.643, 124
Trd, 4318236.993, 130
Trd, 4318237.843, 140
Trd, 4318238.093, 140
Trd, 4318238.143, 95
Trd, 4318238.643, 134
Trd, 4318239.443, 61
Trd, 4318239.893, 130
Trd, 4318240.643, 140
Trd, 4318241.743, 60
Trd, 4318243.643, 138
Trd, 4318243.793, 137
Trd, 4318244.843, 108
Trd, 4318245.543, 108
Trd, 4318245.943, 101
Trd, 4318246.793, 140
Trd, 4318247.143, 140
Trd, 4318248.293, 139
Trd, 4318249.293, 140
Trd, 4318250.843, 140
Trd, 4318252.643, 140
Trd, 4318253.543, 140
Trd, 4318253.593, 140
Trd, 4318254.093, 135
Trd, 4318254.493, 132
Trd, 4318255.143, 133
Trd, 4318256.243, 139
Trd, 4318257.943, 140
Trd, 4318258.243, 140
Trd, 4318258.943, 140
Trd, 4318259.493, 140
Trd, 4318260.093, 140
Trd, 4318260.443, 140
Trd, 4318261.793, 140
Trd, 4318262.893, 140
Trd, 4318263.143, 137
Trd, 4318263.843, 118
Trd, 4318264.693, 139
Trd, 4318264.893, 112
Trd, 4318265.343, 108
Trd, 4318265.593, 91
Trd, 4318266.093, 80
Trd, 4318266.543, 96
Trd, 4318266.843, 140
Trd, 4318266.893, 140
Trd, 4318268.243, 140
Trd, 4318268.343, 140
Trd, 4318270.693, 140
Trd, 4318271.343, 140
Trd, 4318272.993, 140
Trd, 4318273.243, 140
Trd, 4318273.293, 138
Trd, 4318273.393, 134
Trd, 4318273.893, 140
Trd, 4318275.193, 60
Trd, 4318276.643, 62
Trd, 4318276.943, 102
Trd, 4318277.693, 111
Trd, 4318279.193, 139
Trd, 4318279.893, 139
Trd, 4318280.143, 140
Trd, 4318281.393, 140
Trd, 4318282.543, 110
Trd, 4318282.793, 140
Trd, 4318283.343, 99
Trd, 4318284.093, 140
Trd, 4318284.593, 137
Trd, 4318284.693, 120
Trd, 4318284.893, 99
Trd, 4318285.093, 138
Trd, 4318288.243, 140
Trd, 4318288.693, 140
Trd, 4318289.343, 140
Trd, 4318289.993, 140
Trd, 4318291.243, 140
Trd, 4318291.293, 140
Trd, 4318291.843, 140
Trd, 4318292.043, 140
Trd, 4318292.093, 140
Trd, 4318293.693, 124
Trd, 4318293.793, 136
Trd, 4318294.043, 123
Trd, 4318295.243, 139
Trd, 4318296.143, 140
Trd, 4318296.543, 140
Trd, 4318299.293, 140
Trd, 4318299.743, 140
Trd, 4318299.943, 63
Trd, 4318302.743, 140
Trd, 4318302.993, 140
Trd, 4318305.043, 138
Trd, 4318305.493, 137
Trd, 4318305.893, 136
Trd, 4318306.043, 135
Trd, 4318307.993, 140
Trd, 4318308.093, 140
Trd, 4318308.143, 138
Trd, 4318308.193, 133
Trd, 4318308.343, 130
Trd, 4318308.493, 111
Trd, 4318311.543, 140
Trd, 4318312.043, 140
Trd, 4318312.093, 140
Trd, 4318312.593, 140
Trd, 4318314.243, 140
Trd, 4318314.493, 140
Trd, 4318314.543, 140
Trd, 4318315.893, 140
Trd, 4318317.143, 140
Trd, 4318317.293, 140
Trd, 4318317.443, 139
Trd, 4318318.093, 140
Trd, 4318319.343, 140
Trd, 4318319.493, 140
Trd, 4318319.993, 117
Trd, 4318321.543, 140
Trd, 4318322.143, 140
Trd, 4318322.693, 140
Trd, 4318323.393, 137
Trd, 4318324.243, 140
Trd, 4318325.143, 140
Trd, 4318325.393, 139
Trd, 4318326.993, 140
Trd, 4318328.793, 140
Trd, 4318329.143, 140
Trd, 4318330.393, 140
Trd, 4318330.943, 140
Trd, 4318331.293, 140
Trd, 4318332.093, 140
Trd, 4318332.743, 139
Trd, 4318334.043, 140
Trd, 4318334.093, 140
Trd, 4318334.593, 140
Trd, 4318335.343, 111
Trd, 4318336.843, 140
Trd, 4318336.993, 140
Trd, 4318337.393, 139
Trd, 4318338.343, 140
Trd, 4318338.593, 140
Trd, 4318338.843, 138
Trd, 4318339.793, 140
Trd, 4318340.393, 140
Trd, 4318342.343, 140
Trd, 4318342.493, 140
Trd, 4318342.843, 139
Trd, 4318342.943, 138
Trd, 4318344.593, 140
Trd, 4318344.693, 140
Trd, 4318344.893, 139
Trd, 4318346.243, 139
Trd, 4318346.793, 140
Trd, 4318348.993, 140
Trd, 4318349.543, 140
Trd, 4318349.843, 140
Trd, 4318350.243, 140
Trd, 4318350.743, 140
Trd, 4318351.493, 140
Trd, 4318351.893, 139
Trd, 4318352.093, 139
Trd, 4318352.243, 131
Trd, 4318352.593, 140
Trd, 4318353.193, 104
Trd, 4318354.593, 140
Trd, 4318354.743, 139
Trd, 4318355.993, 140
Trd, 4318357.493, 140
Trd, 4318357.543, 140
Trd, 4318357.743, 140
Trd, 4318358.093, 140
Trd, 4318359.643, 104
Trd, 4318360.443, 103
Trd, 4318361.193, 118
Trd, 4318362.193, 140
Trd, 4318362.293, 140
Trd, 4318362.393, 137
Trd, 4318363.843, 97
Trd, 4318364.343, 131
Trd, 4318364.393, 130
Trd, 4318364.493, 95
Trd, 4318365.093, 80
Trd, 4318365.993, 110
Trd, 4318366.093, 109
Trd, 4318366.393, 60
Trd, 4318368.993, 140
Trd, 4318369.093, 140
Trd, 4318369.293, 140
Trd, 4318369.443, 139
Trd, 4318370.693, 140
Trd, 4318370.993, 140
Trd, 4318371.193, 140
Trd, 4318372.243, 140
Trd, 4318373.093, 140
Trd, 4318373.143, 140
Trd, 4318374.293, 140
Trd, 4318374.393, 140
Trd, 4318376.593, 140
Trd, 4318376.743, 138
Trd, 4318377.693, 138
Trd, 4318378.793, 112
Trd, 4318379.843, 140
Trd, 4318380.043, 140
Trd, 4318380.193, 124
Trd, 4318381.443, 139
Trd, 4318382.193, 140
Trd, 4318382.943, 140
Trd, 4318383.993, 140
Trd, 4318385.443, 140
Trd, 4318386.043, 140
Trd, 4318387.143, 140
Trd, 4318387.193, 139
Trd, 4318387.643, 139
Trd, 4318388.493, 140
Trd, 4318390.143, 140
Trd, 4318391.693, 140
Trd, 4318391.893, 140
Trd, 4318393.793, 140
Trd, 4318393.843, 139
Trd, 4318394.693, 140
Trd, 4318395.143, 140
Trd, 4318395.693, 140
Trd, 4318395.943, 139
Trd, 4318397.243, 140
Trd, 4318398.543, 140
Trd, 4318399.443, 140
Trd, 4318399.493, 140
Trd, 4318400.043, 140
Trd, 4318400.493, 140
Trd, 4318400.693, 140
Trd, 4318402.343, 140
Trd, 4318404.343, 140
Trd, 4318404.543, 140
Trd, 4318405.293, 140
Trd, 4318406.543, 140
Trd, 4318407.293, 140
Trd, 4318407.343, 140
Trd, 4318408.343, 140
Trd, 4318408.793, 140
Trd, 4318409.143, 140
Trd, 4318409.193, 140
Trd, 4318409.543, 139
Trd, 4318410.543, 127
Trd, 4318411.193, 138
Trd, 4318412.443, 140
Trd, 4318412.693, 140
Trd, 4318413.143, 140
Trd, 4318414.243, 139
Trd, 4318414.843, 140
Trd, 4318416.843, 140
Trd, 4318417.543, 140
Trd, 4318418.293, 138
Trd, 4318419.443, 140
Trd, 4318420.293, 140
Trd, 4318420.843, 140
Trd, 4318421.243, 140
Trd, 4318421.343, 137
Trd, 4318422.093, 126
Trd, 4318423.843, 140
Trd, 4318424.743, 88
Trd, 4318425.443, 140
Trd, 4318425.993, 140
Trd, 4318426.593, 140
Trd, 4318426.843, 133
Trd, 4318429.193, 140
Trd, 4318429.693, 140
Trd, 4318430.043, 140
Trd, 4318431.193, 140
Trd, 4318431.543, 140
Trd, 4318432.343, 134
Trd, 4318432.643, 133
Trd, 4318432.693, 133
Trd, 4318432.893, 140
Trd, 4318432.943, 104
Trd, 4318435.943, 140
Trd, 4318436.093, 140
Trd, 4318437.293, 140
Trd, 4318438.293, 140
Trd, 4318438.993, 137
Trd, 4318439.743, 138
Trd, 4318440.793, 140
Trd, 4318441.743, 140
Trd, 4318442.143, 139
Trd, 4318443.393, 140
Trd, 4318443.793, 140
Trd, 4318443.893, 140
Trd, 4318444.243, 140
Trd, 4318444.343, 131
Trd, 4318445.043, 134
Trd, 4318446.543, 93
Trd, 4318448.643, 140
Trd, 4318449.093, 140
Trd, 4318449.243, 140
Trd, 4318449.543, 140
Trd, 4318450.493, 140
Trd, 4318450.793, 140
Trd, 4318451.993, 140
Trd, 4318452.543, 140
Trd, 4318454.643, 139
Trd, 4318454.793, 139
Trd, 4318454.843, 136
Trd, 4318455.193, 130
Trd, 4318456.193, 131
Trd, 4318456.243, 132
Trd, 4318456.543, 133
Trd, 4318456.793, 97
Trd, 4318457.643, 77
Trd, 4318458.593, 92
Trd, 4318458.843, 82
Trd, 4318459.993, 97
Trd, 4318461.593, 116
Trd, 4318462.793, 140
Trd, 4318462.993, 140
Trd, 4318463.193, 140
Trd, 4318463.443, 140
Trd, 4318464.243, 140
Trd, 4318466.293, 140
Trd, 4318466.993, 140
Trd, 4318468.043, 140
Trd, 4318469.043, 140
Trd, 4318469.943, 140
Trd, 4318470.443, 140
Trd, 4318470.943, 140
Trd, 4318471.043, 125
Trd, 4318471.343, 61
Trd, 4318472.893, 140
Trd, 4318473.243, 139
Trd, 4318473.293, 138
Trd, 4318474.193, 111
Trd, 4318474.343, 110
Trd, 4318474.993, 140
Trd, 4318476.193, 140
Trd, 4318477.293, 140
Trd, 4318477.593, 140
Trd, 4318477.793, 140
Trd, 4318478.443, 130
Trd, 4318478.593, 94
Trd, 4318479.443, 139
Trd, 4318480.993, 140
Trd, 4318482.443, 140
Trd, 4318483.193, 140
Trd, 4318484.493, 140
Trd, 4318484.543, 140
Trd, 4318485.643, 140
Trd, 4318485.943, 139
Trd, 4318486.693, 92
Trd, 4318486.743, 91
Trd, 4318488.093, 140
Trd, 4318488.793, 140
Trd, 4318489.493, 140
Trd, 4318490.343, 140
Trd, 4318490.643, 140
Trd, 4318491.593, 140
Trd, 4318492.643, 140
Trd, 4318494.193, 140
Trd, 4318495.143, 140
Trd, 4318495.493, 140
Trd, 4318495.743, 140
Trd, 4318495.943, 140
Trd, 4318496.743, 140
Trd, 4318498.043, 140
Trd, 4318498.393, 140
Trd, 4318499.043, 138
Trd, 4318499.943, 139
Trd, 4318500.993, 139
Trd, 4318501.193, 138
Trd, 4318501.443, 140
Trd, 4318501.893, 135
Trd, 4318502.243, 127
Trd, 4318503.093, 140
Trd, 4318504.293, 76
Trd, 4318505.743, 74
Trd, 4318506.243, 140
Trd, 4318506.443, 140
Trd, 4318507.593, 140
Trd, 4318508.543, 140
Trd, 4318508.943, 140
Trd, 4318509.093, 140
Trd, 4318511.593, 140
Trd, 4318512.093, 140
Trd, 4318512.243, 140
Trd, 4318512.893, 140
Trd, 4318513.343, 140
Trd, 4318514.393, 139
Trd, 4318515.493, 138
Trd, 4318515.793, 136
Trd, 4318516.543, 135
Trd, 4318516.793, 134
Trd, 4318516.993, 90
Trd, 4318517.643, 88
Trd, 4318519.993, 140
Trd, 4318520.343, 140
Trd, 4318520.493, 140
Trd, 4318520.693, 140
Trd, 4318522.293, 140
Trd, 4318522.793, 140
Trd, 4318522.993, 140
Trd, 4318523.943, 126
Trd, 4318524.493, 65
Trd, 4318526.393, 139
Trd, 4318526.693, 140
Trd, 4318526.893, 75
Trd, 4318527.343, 75
Trd, 4318527.993, 139
Trd, 4318528.493, 140
Trd, 4318528.893, 140
Trd, 4318530.643, 140
Trd, 4318531.643, 140
Trd, 4318531.843, 140
Trd, 4318533.093, 140
Trd, 4318533.293, 140
Trd, 4318534.943, 140
Trd, 4318535.143, 140
Trd, 4318535.293, 140
Trd, 4318535.543, 136
Trd, 4318538.243, 140
Trd, 4318538.743, 138
Trd, 4318539.243, 140
Trd, 4318540.343, 139
Trd, 4318540.493, 136
Trd, 4318541.093, 104
Trd, 4318541.593, 137
Trd, 4318542.043, 140
Trd, 4318545.193, 60
Trd, 4318545.243, 66
Trd, 4318545.493, 81
Trd, 4318546.093, 60
Trd, 4318546.143, 100
Trd, 4318546.343, 62
Trd, 4318547.193, 108
Trd, 4318548.293, 140
Trd, 4318548.843, 135
Trd, 4318548.943, 116
Trd, 4318550.093, 136
Trd, 4318551.343, 140
Trd, 4318552.093, 140
Trd, 4318552.193, 140
Trd, 4318553.243, 140
Trd, 4318554.893, 140
Trd, 4318556.093, 140
Trd, 4318556.143, 140
Trd, 4318556.643, 140
Trd, 4318557.393, 139
Trd, 4318557.543, 138
Trd, 4318558.143, 140
Trd, 4318559.043, 140
Trd, 4318560.593, 140
Trd, 4318560.643, 140
Trd, 4318560.743, 125
Trd, 4318561.743, 123
Trd, 4318562.093, 123
Trd, 4318562.643, 137
Trd, 4318563.093, 132
Trd, 4318563.543, 96
Trd, 4318565.443, 140
Trd, 4318565.693, 139
Trd, 4318566.093, 137
Trd, 4318566.943, 102
Trd, 4318567.343, 100
Trd, 4318569.143, 60
Trd, 4318570.193, 61
Trd, 4318571.243, 62
Trd, 4318571.593, 62
Trd, 4318572.193, 60
Trd, 4318572.793, 65
Trd, 4318573.593, 73
Trd, 4318573.943, 139
Trd, 4318574.443, 69
Trd, 4318575.443, 64
Trd, 4318575.743, 65
Trd, 4318576.543, 66
Trd, 4318577.443, 119
Trd, 4318577.993, 140
Trd, 4318579.593, 140
Trd, 4318581.193, 140
Trd, 4318581.293, 140
Trd, 4318581.393, 140
Trd, 4318581.643, 139
Trd, 4318582.293, 72
Trd, 4318582.493, 71
Trd, 4318583.043, 98
Trd, 4318584.193, 60
Trd, 4318584.943, 60
Trd, 4318585.293, 70
Trd, 4318585.543, 71
Trd, 4318585.943, 60
Trd, 4318588.143, 140
Trd, 4318588.643, 140
Trd, 4318589.193, 140
Trd, 4318589.393, 140
Trd, 4318589.593, 126
Trd, 4318590.693, 127
Trd, 4318590.843, 113
Trd, 4318593.643, 60
Trd, 4318593.893, 62
Trd, 4318594.043, 62
Trd, 4318594.293, 135
Trd, 4318596.043, 140
Trd, 4318596.143, 139
Trd, 4318596.643, 140
Trd, 4318597.793, 140
Trd, 4318598.593, 140
Trd, 4318598.793, 140
Trd, 4318601.143, 140
Trd, 4318602.093, 140
Trd, 4318603.093, 140
Trd, 4318603.793, 140
Trd, 4318604.443, 140
Trd, 4318604.893, 140
Trd, 4318606.543, 140
Trd, 4318606.893, 140
Trd, 4318606.993, 140
Trd, 4318607.093, 140
Trd, 4318607.993, 139
Trd, 4318608.793, 140
Trd, 4318609.293, 137
Trd, 4318612.343, 140
Trd, 4318612.743, 138
Trd, 4318613.043, 140
Trd, 4318613.193, 70
Trd, 4318613.443, 139
Trd, 4318613.693, 140
Trd, 4318615.293, 140
Trd, 4318616.043, 140
Trd, 4318616.143, 140
Trd, 4318616.543, 140
Trd, 4318616.693, 139
Trd, 4318616.793, 137
Trd, 4318617.293, 140
Trd, 4318618.093, 88
Trd, 4318619.543, 136
Trd, 4318620.443, 84
Trd, 4318621.643, 140
Trd, 4318621.693, 140
Trd, 4318623.043, 140
Trd, 4318623.743, 140
Trd, 4318624.493, 140
Trd, 4318625.493, 140
Trd, 4318625.793, 140
Trd, 4318626.793, 140
Trd, 4318627.293, 140
Trd, 4318627.443, 140
Trd, 4318629.193, 140
Trd, 4318629.943, 140
Trd, 4318630.443, 140
Trd, 4318630.893, 98
Trd, 4318631.593, 61
Trd, 4318631.843, 63
Trd, 4318632.943, 140
Trd, 4318633.293, 140
Trd, 4318633.493, 140
Trd, 4318634.493, 140
Trd, 4318635.243, 138
Trd, 4318637.193, 140
Trd, 4318637.543, 140
Trd, 4318638.643, 140
Trd, 4318638.743, 140
Trd, 4318639.143, 140
Trd, 4318639.193, 140
Trd, 4318639.243, 100
Trd, 4318640.343, 125
Trd, 4318641.543, 140
Trd, 4318641.793, 140
Trd, 4318642.493, 140
Trd, 4318643.193, 140
Trd, 4318643.943, 140
Trd, 4318644.093, 139
Trd, 4318644.693, 140
Trd, 4318645.143, 74
Trd, 4318645.193, 75
Trd, 4318645.843, 140
Trd, 4318647.343, 66
Trd, 4318647.743, 136
Trd, 4318648.743, 65
Trd, 4318652.293, 63
Trd, 4318652.443, 62
Trd, 4318652.793, 91
Trd, 4318653.793, 140
Trd, 4318654.743, 140
Trd, 4318654.993, 140
Trd, 4318655.093, 139
Trd, 4318655.193, 135
Trd, 4318656.843, 140
Trd, 4318658.843, 140
Trd, 4318659.293, 140
Trd, 4318660.593, 140
Trd, 4318660.843, 136
Trd, 4318661.243, 140
Trd, 4318661.793, 140
Trd, 4318662.443, 140
Trd, 4318663.143, 139
Trd, 4318663.643, 126
Trd, 4318664.993, 140
Trd, 4318665.093, 140
Trd, 4318665.743, 140
Trd, 4318665.893, 140
Trd, 4318668.093, 140
Trd, 4318668.193, 140
Trd, 4318668.743, 140
Trd, 4318669.143, 140
Trd, 4318670.043, 138
Trd, 4318670.493, 136
Trd, 4318670.593, 109
Trd, 4318671.193, 140
Trd, 4318672.193, 138
Trd, 4318672.893, 138
Trd, 4318673.143, 140
Trd, 4318675.143, 138
Trd, 4318675.293, 127
Trd, 4318675.943, 140
Trd, 4318677.043, 138
Trd, 4318677.593, 85
Trd, 4318679.893, 140
Trd, 4318680.243, 140
Trd, 4318680.893, 140
Trd, 4318680.943, 140
Trd, 4318680.993, 139
Trd, 4318682.493, 122
Trd, 4318683.093, 138
Trd, 4318684.693, 63
Trd, 4318684.743, 64
Trd, 4318685.943, 123
Trd, 4318686.393, 140
Trd, 4318687.043, 93
Trd, 4318687.293, 140
Trd, 4318687.893, 140
Trd, 4318688.843, 140
Trd, 4318689.043, 139
Trd, 4318689.193, 136
Trd, 4318690.093, 79
Trd, 4318692.043, 61
Trd, 4318692.143, 63
Trd, 4318692.243, 70
Trd, 4318692.443, 91
Trd, 4318693.843, 140
Trd, 4318693.993, 71
Trd, 4318694.043, 69
Trd, 4318694.993, 76
Trd, 4318697.043, 140
Trd, 4318697.393, 140
Trd, 4318698.493, 140
Trd, 4318699.143, 140
Trd, 4318700.393, 140
Trd, 4318700.893, 140
Trd, 4318701.043, 140
Trd, 4318701.093, 140
Trd, 4318703.693, 140
Trd, 4318703.943, 139
Trd, 4318704.743, 139
Trd, 4318706.293, 140
Trd, 4318706.893, 140
Trd, 4318707.343, 140
Trd, 4318708.293, 140
Trd, 4318708.893, 140
Trd, 4318709.093, 140
Trd, 4318709.793, 140
Trd, 4318711.293, 140
Trd, 4318711.443, 140
Trd, 4318712.043, 139
Trd, 4318712.443, 138
Trd, 4318712.843, 76
Trd, 4318714.493, 140
Trd, 4318714.643, 139
Trd, 4318715.243, 140
Trd, 4318717.793, 140
Trd, 4318717.893, 140
Trd, 4318718.493, 139
Trd, 4318719.293, 140
Trd, 4318719.493, 138
Trd, 4318720.993, 140
Trd, 4318721.043, 140
Trd, 4318721.393, 140
Trd, 4318722.243, 126
Trd, 4318723.043, 138
Trd, 4318723.743, 139
Trd, 4318726.893, 140
Trd, 4318727.443, 140
Trd, 4318728.193, 140
Trd, 4318728.243, 140
Trd, 4318729.243, 140
Trd, 4318729.693, 140
Trd, 4318730.443, 137
Trd, 4318731.143, 140
Trd, 4318733.543, 140
Trd, 4318733.893, 140
Trd, 4318734.043, 134
Trd, 4318734.093, 89
Trd, 4318734.993, 140
Trd, 4318735.293, 140
Trd, 4318735.693, 140
Trd, 4318736.593, 70
Trd, 4318737.643, 140
Trd, 4318737.943, 140
Trd, 4318738.793, 140
Trd, 4318739.293, 140
Trd, 4318740.293, 140
Trd, 4318742.243, 140
Trd, 4318742.643, 140
Trd, 4318743.443, 140
Trd, 4318743.543, 140
Trd, 4318743.743, 139
Trd, 4318743.893, 138
Trd, 4318744.343, 120
Trd, 4318746.993, 140
Trd, 4318747.343, 140
Trd, 4318747.493, 114
Trd, 4318748.643, 140
Trd, 4318749.443, 140
Trd, 4318749.693, 140
Trd, 4318750.193, 138
Trd, 4318750.643, 139
Trd, 4318751.393, 139
Trd, 4318751.543, 131
Trd, 4318753.393, 114
Trd, 4318753.443, 109
Trd, 4318753.893, 70
Trd, 4318754.893, 138
Trd, 4318755.593, 140
Trd, 4318756.293, 68
Trd, 4318757.043, 62
Trd, 4318758.193, 64
Trd, 4318758.693, 66
Trd, 4318759.193, 66
Trd, 4318759.243, 67
Trd, 4318759.343, 68
Trd, 4318759.743, 66
Trd, 4318759.943, 67
Trd, 4318762.243, 76
Trd, 4318762.293, 68
Trd, 4318762.643, 67
Trd, 4318763.793, 86
Trd, 4318764.343, 60
Trd, 4318766.643, 140
Trd, 4318766.943, 140
Trd, 4318767.143, 140
Trd, 4318767.243, 140
Trd, 4318768.343, 140
Trd, 4318769.243, 140
Trd, 4318769.343, 138
Trd, 4318769.493, 138
Trd, 4318769.943, 97
Trd, 4318770.343, 139
Trd, 4318773.443, 140
Trd, 4318773.593, 140
Trd, 4318774.243, 139
Trd, 4318774.643, 116
Trd, 4318775.343, 138
Trd, 4318776.943, 138
Trd, 4318777.643, 140
Trd, 4318778.893, 140
Trd, 4318779.243, 140
Trd, 4318780.143, 140
Trd, 4318780.243, 140
Trd, 4318781.443, 140
Trd, 4318782.543, 140
Trd, 4318782.743, 140
Trd, 4318783.093, 140
Trd, 4318783.443, 140
Trd, 4318783.593, 140
Trd, 4318783.943, 64
Trd, 4318785.043, 140
Trd, 4318785.443, 115
Trd, 4318786.793, 74
Trd, 4318786.993, 77
Trd, 4318787.143, 73
Trd, 4318787.993, 92
Trd, 4318788.543, 63
Trd, 4318789.293, 65
Trd, 4318789.643, 83
Trd, 4318790.643, 104
Trd, 4318790.693, 86
Trd, 4318791.643, 75
Trd, 4318793.193, 77
Trd, 4318794.293, 119
Trd, 4318795.143, 91
Trd, 4318795.243, 89
Trd, 4318795.843, 60
Trd, 4318796.193, 60
Trd, 4318797.393, 133
Trd, 4318797.693, 131
Trd, 4318798.443, 138
Trd, 4318798.693, 61
Trd, 4318799.893, 67
Trd, 4318800.293, 67
Trd, 4318801.443, 64
Trd, 4318801.893, 69
Trd, 4318802.343, 73
Trd, 4318803.993, 140
Trd, 4318804.093, 140
Trd, 4318804.543, 140
Trd, 4318804.743, 140
Trd, 4318805.793, 140
Trd, 4318805.943, 140
Trd, 4318807.043, 140
Trd, 4318807.693, 140
Trd, 4318808.443, 139
Trd, 4318808.793, 124
Trd, 4318809.343, 60
Trd, 4318811.393, 62
Trd, 4318811.843, 69
Trd, 4318812.243, 103
Trd, 4318812.743, 70
Trd, 4318813.543, 140
Trd, 4318814.443, 140
Trd, 4318814.743, 140
Trd, 4318815.193, 140
Trd, 4318815.393, 140
Trd, 4318816.493, 140
Trd, 4318816.993, 140
Trd, 4318817.143, 139
Trd, 4318817.543, 103
Trd, 4318818.043, 133
Trd, 4318818.743, 108
Trd, 4318819.793, 93
Trd, 4318821.393, 138
Trd, 4318821.443, 88
Trd, 4318822.193, 61
Trd, 4318822.443, 61
Trd, 4318823.443, 62
Trd, 4318825.193, 60
Trd, 4318825.293, 60
Trd, 4318825.643, 61
Trd, 4318826.393, 63
Trd, 4318827.643, 67
Trd, 4318827.943, 124
Trd, 4318829.293, 73
Trd, 4318829.993, 71
Trd, 4318830.043, 70
Trd, 4318830.193, 140
Trd, 4318830.443, 69
Trd, 4318833.043, 140
Trd, 4318833.843, 140
Trd, 4318833.943, 140
Trd, 4318834.393, 140
Trd, 4318835.543, 139
Trd, 4318835.693, 137
Trd, 4318836.843, 104
Trd, 4318837.293, 80
Trd, 4318837.893, 107
Trd, 4318838.193, 123
Trd, 4318840.493, 140
Trd, 4318840.543, 140
Trd, 4318840.793, 140
Trd, 4318841.093, 139
Trd, 4318841.843, 137
Trd, 4318841.893, 135
Trd, 4318844.543, 140
Trd, 4318845.243, 140
Trd, 4318845.543, 140
Trd, 4318846.343, 140
Trd, 4318846.543, 139
Trd, 4318846.693, 139
Trd, 4318846.893, 138
Trd, 4318847.243, 138
Trd, 4318848.543, 140
Trd, 4318850.343, 67
Trd, 4318850.643, 113
Trd, 4318851.793, 140
Trd, 4318851.943, 138
Trd, 4318851.993, 112
Trd, 4318854.043, 60
Trd, 4318854.293, 62
Trd, 4318854.893, 65
Trd, 4318856.943, 111
Trd, 4318857.793, 66
Trd, 4318858.593, 134
Trd, 4318859.243, 62
Trd, 4318859.443, 112
Trd, 4318859.943, 119
Trd, 4318861.093, 67
Trd, 4318861.543, 140
Trd, 4318861.643, 67
Trd, 4318863.093, 123
Trd, 4318864.093, 139
Trd, 4318864.293, 138
Trd, 4318865.793, 140
Trd, 4318866.293, 140
Trd, 4318867.193, 140
Trd, 4318867.593, 140
Trd, 4318868.293, 140
Trd, 4318868.843, 140
Trd, 4318868.943, 140
Trd, 4318869.093, 138
Trd, 4318869.693, 140
Trd, 4318870.643, 140
Trd, 4318871.393, 140
Trd, 4318873.043, 140
Trd, 4318874.793, 138
Trd, 4318875.593, 140
Trd, 4318875.943, 140
Trd, 4318876.243, 139
Trd, 4318876.693, 138
Trd, 4318876.743, 121
Trd, 4318878.493, 140
Trd, 4318879.243, 140
Trd, 4318880.443, 140
Trd, 4318880.693, 140
Trd, 4318880.893, 140
Trd, 4318880.943, 139
Trd, 4318882.543, 140
Trd, 4318882.643, 140
Trd, 4318883.043, 134
Trd, 4318883.193, 126
Trd, 4318884.143, 138
Trd, 4318884.843, 140
Trd, 4318885.243, 140
Trd, 4318885.543, 138
Trd, 4318885.843, 135
Trd, 4318886.443, 137
Trd, 4318887.943, 133
Trd, 4318888.293, 134
Trd, 4318889.243, 127
Trd, 4318890.893, 65
Trd, 4318891.243, 66
Trd, 4318891.793, 112
Trd, 4318891.893, 111
Trd, 4318893.343, 140
Trd, 4318893.643, 140
Trd, 4318894.143, 140
Trd, 4318894.593, 140
Trd, 4318894.843, 140
Trd, 4318894.943, 139
Trd, 4318895.143, 73
Trd, 4318896.043, 140
Trd, 4318896.343, 140
Trd, 4318897.093, 139
Trd, 4318898.343, 140
Trd, 4318898.843, 129
Trd, 4318899.093, 139
Trd, 4318900.993, 140
Trd, 4318902.043, 140
Trd, 4318902.543, 140
Trd, 4318902.743, 140
Trd, 4318904.143, 140
Trd, 4318905.093, 140
Trd, 4318905.743, 140
Trd, 4318905.843, 140
Trd, 4318905.993, 140
Trd, 4318906.793, 140
Trd, 4318907.393, 138
Trd, 4318907.943, 126
Trd, 4318910.743, 140
Trd, 4318911.293, 140
Trd, 4318911.843, 140
Trd, 4318911.993, 140
Trd, 4318913.743, 138
Trd, 4318913.893, 138
Trd, 4318914.093, 138
Trd, 4318914.993, 139
Trd, 4318915.143, 138
Trd, 4318915.593, 140
Trd, 4318915.893, 140
Trd, 4318917.093, 139
Trd, 4318917.143, 137
Trd, 4318917.943, 139
Trd, 4318918.493, 131
Trd, 4318919.093, 119
Trd, 4318920.043, 102
Trd, 4318921.043, 64
Trd, 4318922.443, 140
Trd, 4318922.693, 140
Trd, 4318923.193, 140
Trd, 4318923.693, 138
Trd, 4318925.493, 140
Trd, 4318926.043, 140
Trd, 4318927.893, 140
Trd, 4318928.043, 140
Trd, 4318928.443, 140
Trd, 4318928.843, 140
Trd, 4318928.993, 140
Trd, 4318929.393, 139
Trd, 4318930.143, 139
Trd, 4318930.443, 123
Trd, 4318931.243, 139
Trd, 4318931.643, 118
Trd, 4318932.343, 118
Trd, 4318933.093, 140
Trd, 4318933.393, 137
Trd, 4318933.743, 123
Trd, 4318934.293, 117
Trd, 4318934.743, 140
Trd, 4318936.143, 118
Trd, 4318937.393, 140
Trd, 4318937.843, 127
Trd, 4318938.493, 138
Trd, 4318939.143, 109
Trd, 4318939.543, 131
Trd, 4318939.743, 109
Trd, 4318939.893, 108
Trd, 4318940.893, 93
Trd, 4318941.993, 140
Trd, 4318942.143, 139
Trd, 4318944.143, 140
Trd, 4318944.643, 140
Trd, 4318944.693, 140
Trd, 4318944.943, 140
Trd, 4318945.593, 140
Trd, 4318946.593, 139
Trd, 4318947.343, 125
Trd, 4318948.243, 140
Trd, 4318948.393, 123
Trd, 4318948.893, 140
Trd, 4318949.293, 122
Trd, 4318951.793, 60
Trd, 4318951.943, 60
Trd, 4318952.743, 61
Trd, 4318954.043, 62
Trd, 4318954.643, 60
Trd, 4318955.093, 63
Trd, 4318955.743, 62
Trd, 4318957.543, 60
Trd, 4318958.493, 64
Trd, 4318958.943, 61
Trd, 4318959.243, 63
Trd, 4318959.343, 82
Trd, 4318959.593, 61
Trd, 4318960.043, 135
Trd, 4318960.893, 140
Trd, 4318961.693, 137
Trd, 4318961.943, 70
Trd, 4318963.793, 140
Trd, 4318964.493, 140
Trd, 4318964.893, 140
Trd, 4318965.193, 129
Trd, 4318965.993, 70
Trd, 4318966.093, 71
Trd, 4318966.143, 96
Trd, 4318967.093, 139
Trd, 4318967.693, 139
Trd, 4318967.993, 138
Trd, 4318968.493, 140
Trd, 4318969.043, 109
Trd, 4318969.743, 108
Trd, 4318970.643, 108
Trd, 4318973.443, 140
Trd, 4318973.493, 140
Trd, 4318974.693, 140
Trd, 4318975.193, 140
Trd, 4318975.593, 139
Trd, 4318975.793, 139
Trd, 4318975.843, 138
Trd, 4318975.993, 137
Trd, 4318977.043, 139
Trd, 4318977.993, 140
Trd, 4318978.593, 140
Trd, 4318980.243, 140
Trd, 4318980.593, 140
Trd, 4318981.043, 140
Trd, 4318982.793, 140
Trd, 4318983.643, 140
Trd, 4318983.743, 139
Trd, 4318984.143, 140
Trd, 4318985.493, 123
Trd, 4318986.143, 140
Trd, 4318986.693, 140
Trd, 4318987.043, 140
Trd, 4318988.143, 140
Trd, 4318988.643, 138
Trd, 4318990.543, 140
Trd, 4318991.093, 140
Trd, 4318991.243, 140
Trd, 4318991.693, 140
Trd, 4318992.093, 139
Trd, 4318992.443, 140
Trd, 4318993.743, 140
Trd, 4318993.843, 140
Trd, 4318994.993, 140
Trd, 4318995.543, 140
Trd, 4318996.593, 140
Trd, 4318997.293, 140
Trd, 4318997.343, 140
Trd, 4318999.893, 140
Trd, 4319000.443, 140
Trd, 4319000.593, 140
Trd, 4319000.743, 140
Trd, 4319001.093, 140
Trd, 4319001.993, 140
Trd, 4319002.243, 140
Trd, 4319003.043, 135
Trd, 4319003.343, 134
Trd, 4319003.743, 137
Trd, 4319006.543, 140
Trd, 4319006.993, 140
Trd, 4319007.843, 140
Trd, 4319010.293, 140
Trd, 4319010.943, 140
Trd, 4319010.993, 140
Trd, 4319011.393, 140
Trd, 4319011.993, 68
Trd, 4319012.143, 69
Trd, 4319013.043, 140
Trd, 4319013.343, 136
Trd, 4319013.693, 136
Trd, 4319015.293, 140
Trd, 4319016.343, 140
Trd, 4319016.593, 139
Trd, 4319017.593, 140
Trd, 4319018.643, 61
Trd, 4319018.943, 62
Trd, 4319020.343, 62
Trd, 4319020.943, 65
Trd, 4319021.243, 64
Trd, 4319021.843, 67
Trd, 4319022.043, 67
Trd, 4319024.143, 60
Trd, 4319025.293, 61
Trd, 4319026.343, 60
Trd, 4319026.443, 61
Trd, 4319026.943, 64
Trd, 4319027.393, 62
Trd, 4319027.693, 68
Trd, 4319028.143, 70
Trd, 4319028.193, 63
Trd, 4319028.543, 63
Trd, 4319028.993, 63
Trd, 4319031.543, 61
Trd, 4319031.793, 61
Trd, 4319033.193, 60
Trd, 4319033.593, 63
Trd, 4319033.943, 63
Trd, 4319035.393, 89
Trd, 4319036.343, 75
Trd, 4319037.143, 140
Trd, 4319037.843, 140
Trd, 4319038.293, 140
Trd, 4319038.693, 140
Trd, 4319038.793, 140
Trd, 4319039.343, 140
Trd, 4319039.793, 140
Trd, 4319039.993, 140
Trd, 4319041.193, 96
Trd, 4319041.993, 138
Trd, 4319042.793, 140
Trd, 4319042.843, 140
Trd, 4319044.493, 140
Trd, 4319045.043, 139
Trd, 4319045.743, 140
Trd, 4319045.843, 133
Trd, 4319046.343, 66
Trd, 4319047.393, 140
Trd, 4319047.843, 139
Trd, 4319049.143, 139
Trd, 4319050.393, 62
Trd, 4319050.543, 63
Trd, 4319051.543, 63
Trd, 4319051.643, 92
Trd, 4319052.193, 140
Trd, 4319053.743, 139
Trd, 4319053.993, 138
Trd, 4319054.543, 136
Trd, 4319056.793, 140
Trd, 4319057.043, 140
Trd, 4319057.243, 140
Trd, 4319057.993, 140
Trd, 4319059.243, 140
Trd, 4319059.493, 140
Trd, 4319059.943, 140
Trd, 4319060.643, 140
Trd, 4319060.743, 140
Trd, 4319062.293, 137
Trd, 4319062.993, 140
Trd, 4319063.543, 140
Trd, 4319064.343, 140
Trd, 4319064.893, 139
Trd, 4319065.693, 140
Trd, 4319066.043, 139
Trd, 4319066.443, 131
Trd, 4319068.143, 140
Trd, 4319068.293, 140
Trd, 4319069.243, 140
Trd, 4319069.443, 140
Trd, 4319071.143, 61
Trd, 4319071.593, 64
Trd, 4319073.693, 140
Trd, 4319074.293, 140
Trd, 4319075.043, 140
Trd, 4319075.543, 140
Trd, 4319075.643, 140
Trd, 4319077.943, 140
Trd, 4319078.043, 140
Trd, 4319079.293, 139
Trd, 4319079.543, 138
Trd, 4319080.593, 61
Trd, 4319081.393, 60
Trd, 4319082.143, 67
Trd, 4319082.943, 67
Trd, 4319083.193, 94
Trd, 4319083.943, 140
Trd, 4319085.243, 140
Trd, 4319086.093, 140
Trd, 4319086.843, 140
Trd, 4319087.393, 140
Trd, 4319087.743, 138
Trd, 4319089.643, 139
Trd, 4319089.793, 117
Trd, 4319091.393, 140
Trd, 4319091.443, 140
Trd, 4319091.693, 118
Trd, 4319091.943, 65
Trd, 4319092.793, 108
Trd, 4319093.193, 63
Trd, 4319094.143, 127
Trd, 4319094.293, 128
Trd, 4319095.143, 140
Trd, 4319096.943, 77
Trd, 4319097.393, 77
Trd, 4319098.493, 123
Trd, 4319099.093, 85
Trd, 4319099.543, 91
Trd, 4319100.643, 140
Trd, 4319100.693, 140
Trd, 4319101.143, 140
Trd, 4319101.693, 140
Trd, 4319101.993, 140
Trd, 4319102.493, 140
Trd, 4319105.293, 140
Trd, 4319106.393, 140
Trd, 4319106.493, 139
Trd, 4319108.093, 140
Trd, 4319108.143, 140
Trd, 4319108.193, 139
Trd, 4319108.443, 136
Trd, 4319109.093, 137
Trd, 4319109.193, 72
Trd, 4319111.443, 140
Trd, 4319111.743, 139
Trd, 4319112.843, 140
Trd, 4319113.243, 140
Trd, 4319113.893, 140
Trd, 4319114.343, 140
Trd, 4319114.893, 117
Trd, 4319115.743, 140
Trd, 4319117.143, 140
Trd, 4319117.643, 140
Trd, 4319117.693, 140
Trd, 4319119.393, 140
Trd, 4319119.843, 140
Trd, 4319120.843, 140
Trd, 4319121.293, 140
Trd, 4319122.793, 140
Trd, 4319122.843, 140
Trd, 4319124.693, 140
Trd, 4319124.793, 140
Trd, 4319125.293, 140
Trd, 4319125.543, 140
Trd, 4319125.743, 139
Trd, 4319126.043, 140
Trd, 4319126.093, 135
Trd, 4319127.943, 140
Trd, 4319128.743, 140
Trd, 4319129.343, 140
Trd, 4319129.893, 140
Trd, 4319130.293, 140
Trd, 4319131.043, 140
Trd, 4319131.243, 140
Trd, 4319133.893, 140
Trd, 4319133.993, 140
Trd, 4319134.093, 140
Trd, 4319135.243, 140
Trd, 4319135.993, 140
Trd, 4319137.293, 140
Trd, 4319137.843, 140
Trd, 4319138.093, 140
Trd, 4319138.693, 140
Trd, 4319140.343, 140
Trd, 4319140.643, 140
Trd, 4319140.743, 140
Trd, 4319140.893, 129
Trd, 4319141.443, 60
Trd, 4319144.043, 140
Trd, 4319144.693, 140
Trd, 4319144.793, 139
Trd, 4319146.443, 139
Trd, 4319146.543, 135
Trd, 4319147.493, 140
Trd, 4319147.743, 139
Trd, 4319148.193, 137
Trd, 4319149.593, 140
Trd, 4319149.843, 140
Trd, 4319150.143, 140
Trd, 4319150.193, 139
Trd, 4319150.793, 138
Trd, 4319152.393, 140
Trd, 4319153.593, 140
Trd, 4319154.843, 140
Trd, 4319154.943, 139
Trd, 4319155.893, 140
Trd, 4319156.693, 140
Trd, 4319158.143, 140
Trd, 4319158.243, 139
Trd, 4319159.493, 137
Trd, 4319159.693, 132
Trd, 4319159.793, 109
Trd, 4319160.843, 139
Trd, 4319161.043, 69
Trd, 4319161.493, 68
Trd, 4319162.543, 138
Trd, 4319164.193, 62
Trd, 4319164.343, 63
Trd, 4319166.093, 140
Trd, 4319166.143, 140
Trd, 4319166.893, 140
Trd, 4319167.093, 139
Trd, 4319168.343, 140
Trd, 4319168.493, 140
Trd, 4319169.843, 140
Trd, 4319170.093, 139
Trd, 4319170.543, 139
Trd, 4319171.743, 91
Trd, 4319172.143, 137
Trd, 4319173.193, 128
Trd, 4319175.593, 140
Trd, 4319175.643, 140
Trd, 4319177.293, 140
Trd, 4319177.493, 140
Trd, 4319177.593, 140
Trd, 4319179.143, 140
Trd, 4319179.443, 134
Trd, 4319179.493, 76
Trd, 4319180.443, 63
Trd, 4319180.843, 62
Trd, 4319181.243, 103
Trd, 4319181.843, 135
Trd, 4319183.793, 64
Trd, 4319185.243, 60
Trd, 4319186.293, 60
Trd, 4319186.493, 60
Trd, 4319186.643, 60
Trd, 4319187.843, 60
Trd, 4319188.343, 60
Trd, 4319189.493, 63
Trd, 4319189.943, 61
Trd, 4319190.593, 62
Trd, 4319191.493, 60
Trd, 4319192.043, 66
Trd, 4319192.243, 68
Trd, 4319193.443, 78
Trd, 4319194.443, 140
Trd, 4319194.793, 139
Trd, 4319196.093, 140
Trd, 4319197.443, 140
Trd, 4319197.643, 140
Trd, 4319198.293, 140
Trd, 4319199.193, 140
Trd, 4319199.343, 138
Trd, 4319200.143, 138
Trd, 4319200.443, 135
Trd, 4319200.593, 85
Trd, 4319201.893, 64
Trd, 4319202.293, 65
Trd, 4319204.593, 73
Trd, 4319204.793, 72
Trd, 4319204.943, 75
Trd, 4319205.043, 71
Trd, 4319206.993, 139
Trd, 4319207.343, 139
Trd, 4319208.893, 139
Trd, 4319209.443, 140
Trd, 4319209.543, 139
Trd, 4319210.343, 140
Trd, 4319210.443, 139
Trd, 4319211.293, 140
Trd, 4319211.493, 140
Trd, 4319212.143, 140
Trd, 4319212.793, 140
Trd, 4319213.193, 139
Trd, 4319214.543, 140
Trd, 4319214.793, 140
Trd, 4319215.243, 140
Trd, 4319216.993, 140
Trd, 4319217.693, 140
Trd, 4319217.893, 126
Trd, 4319218.893, 138
Trd, 4319219.193, 126
Trd, 4319220.193, 127
Trd, 4319220.943, 130
Trd, 4319220.993, 126
Trd, 4319221.143, 117
Trd, 4319222.743, 73
Trd, 4319222.843, 129
Trd, 4319224.093, 67
Trd, 4319224.943, 72
Trd, 4319226.793, 140
Trd, 4319227.293, 139
Trd, 4319227.343, 139
Trd, 4319227.593, 82
Trd, 4319228.293, 71
Trd, 4319228.993, 62
Trd, 4319229.143, 92
Trd, 4319229.493, 140
Trd, 4319232.593, 140
Trd, 4319233.043, 140
Trd, 4319234.043, 137
Trd, 4319234.293, 140
Trd, 4319234.393, 140
Trd, 4319236.193, 140
Trd, 4319237.543, 140
Trd, 4319237.693, 140
Trd, 4319238.293, 140
Trd, 4319238.343, 140
Trd, 4319239.693, 140
Trd, 4319239.943, 140
Trd, 4319241.243, 140
Trd, 4319241.993, 140
Trd, 4319242.093, 140
Trd, 4319242.343, 140
Trd, 4319243.243, 138
Trd, 4319244.443, 139
Trd, 4319245.693, 140
Trd, 4319247.243, 140
Trd, 4319247.393, 140
Trd, 4319247.793, 140
Trd, 4319248.293, 138
Trd, 4319248.443, 137
Trd, 4319249.193, 137
Trd, 4319249.893, 137
Trd, 4319250.793, 139
Trd, 4319251.193, 139
Trd, 4319251.843, 140
Trd, 4319252.593, 139
Trd, 4319252.643, 122
Trd, 4319253.743, 61
Trd, 4319254.043, 76
Trd, 4319255.143, 123
Trd, 4319256.143, 60
Trd, 4319256.743, 60
Trd, 4319257.443, 140
Trd, 4319258.393, 139
Trd, 4319258.693, 138
Trd, 4319259.943, 140
Trd, 4319260.943, 140
Trd, 4319261.543, 140
Trd, 4319262.643, 140
Trd, 4319263.393, 140
Trd, 4319263.643, 90
Trd, 4319266.693, 140
Trd, 4319267.393, 140
Trd, 4319267.593, 140
Trd, 4319267.693, 138
Trd, 4319268.243, 140
Trd, 4319269.043, 140
Trd, 4319269.593, 137
Trd, 4319270.993, 139
Trd, 4319271.293, 138
Trd, 4319271.343, 134
Trd, 4319271.743, 134
Trd, 4319272.293, 140
Trd, 4319272.843, 139
Trd, 4319273.343, 139
Trd, 4319273.543, 134
Trd, 4319274.093, 80
Trd, 4319276.493, 140
Trd, 4319276.943, 140
Trd, 4319277.293, 140
Trd, 4319278.643, 140
Trd, 4319279.443, 140
Trd, 4319279.843, 140
Trd, 4319279.893, 138
Trd, 4319282.193, 140
Trd, 4319282.793, 140
Trd, 4319282.993, 140
Trd, 4319283.693, 140
Trd, 4319283.943, 140
Trd, 4319284.043, 139
Trd, 4319285.743, 139
Trd, 4319286.193, 139
Trd, 4319286.693, 138
Trd, 4319287.843, 140
Trd, 4319288.343, 140
Trd, 4319289.693, 140
Trd, 4319289.943, 140
Trd, 4319290.243, 138
Trd, 4319292.293, 140
Trd, 4319292.843, 140
Trd, 4319293.843, 140
Trd, 4319293.893, 139
Trd, 4319294.693, 140
Trd, 4319295.293, 140
Trd, 4319295.443, 140
Trd, 4319297.143, 140
Trd, 4319297.243, 139
Trd, 4319298.893, 140
Trd, 4319298.993, 139
Trd, 4319299.493, 140
Trd, 4319300.443, 138
Trd, 4319300.543, 112
Trd, 4319301.493, 140
Trd, 4319301.693, 139
Trd, 4319302.593, 140
Trd, 4319303.143, 140
Trd, 4319303.393, 91
Trd, 4319304.443, 140
Trd, 4319304.493, 140
Trd, 4319305.643, 126
Trd, 4319306.543, 140
Trd, 4319307.843, 140
Trd, 4319308.443, 82
Trd, 4319309.343, 60
Trd, 4319309.643, 140
Trd, 4319310.293, 64
Trd, 4319311.493, 61
Trd, 4319315.143, 60
Trd, 4319315.793, 60
Trd, 4319315.943, 60
Trd, 4319316.343, 61
Trd, 4319316.393, 63
Trd, 4319317.043, 69
Trd, 4319317.393, 60
Trd, 4319318.893, 100
Trd, 4319319.193, 102
Trd, 4319319.243, 98
Trd, 4319320.243, 81
Trd, 4319321.293, 140
Trd, 4319321.593, 130
Trd, 4319321.943, 70
Trd, 4319322.493, 69
Trd, 4319323.393, 140
Trd, 4319324.443, 140
Trd, 4319324.943, 140
Trd, 4319325.893, 140
Trd, 4319326.193, 140
Trd, 4319326.343, 139
Trd, 4319327.893, 140
Trd, 4319327.993, 77
Trd, 4319330.343, 140
Trd, 4319330.593, 140
Trd, 4319330.843, 140
Trd, 4319331.343, 139
Trd, 4319331.493, 60
Trd, 4319332.693, 140
Trd, 4319333.943, 140
Trd, 4319334.193, 140
Trd, 4319334.443, 139
Trd, 4319334.593, 89
Trd, 4319336.243, 139
Trd, 4319336.643, 140
Trd, 4319336.993, 138
Trd, 4319338.143, 140
Trd, 4319338.843, 140
Trd, 4319340.393, 140
Trd, 4319340.643, 140
Trd, 4319340.893, 138
Trd, 4319341.943, 140
Trd, 4319342.743, 140
Trd, 4319343.393, 140
Trd, 4319343.943, 140
Trd, 4319344.093, 140
Trd, 4319344.843, 140
Trd, 4319346.343, 138
Trd, 4319348.193, 140
Trd, 4319349.693, 126
Trd, 4319350.043, 125
Trd, 4319351.043, 109
Trd, 4319351.293, 105
Trd, 4319351.443, 104
Trd, 4319352.293, 140
Trd, 4319352.793, 92
Trd, 4319354.443, 140
Trd, 4319355.243, 140
Trd, 4319356.243, 140
Trd, 4319356.443, 140
Trd, 4319357.243, 140
Trd, 4319357.343, 140
Trd, 4319357.493, 140
Trd, 4319357.643, 136
Trd, 4319359.693, 79
Trd, 4319360.293, 67
Trd, 4319361.443, 69
Trd, 4319361.893, 140
Trd, 4319362.343, 128
Trd, 4319362.493, 127
Trd, 4319363.543, 139
Trd, 4319363.593, 126
Trd, 4319363.993, 65
Trd, 4319365.343, 61
Trd, 4319367.643, 120
Trd, 4319367.893, 120
Trd, 4319368.343, 127
Trd, 4319369.693, 140
Trd, 4319369.743, 139
Trd, 4319369.993, 64
Trd, 4319370.743, 140
Trd, 4319371.393, 140
Trd, 4319372.143, 140
Trd, 4319372.943, 136
Trd, 4319373.143, 136
Trd, 4319374.643, 139
Trd, 4319374.743, 125
Trd, 4319375.493, 112
Trd, 4319376.043, 85
Trd, 4319376.543, 113
Trd, 4319377.093, 86
Trd, 4319378.043, 140
Trd, 4319378.143, 138
Trd, 4319380.043, 115
Trd, 4319381.393, 140
Trd, 4319381.743, 140
Trd, 4319382.093, 140
Trd, 4319382.493, 140
Trd, 4319382.593, 140
Trd, 4319383.493, 140
Trd, 4319384.543, 140
Trd, 4319384.593, 140
Trd, 4319385.593, 140
Trd, 4319386.143, 140
Trd, 4319388.293, 139
Trd, 4319388.743, 131
Trd, 4319389.193, 91
Trd, 4319389.893, 69
Trd, 4319389.943, 137
Trd, 4319390.393, 62
Trd, 4319390.943, 63
Trd, 4319391.243, 140
Trd, 4319393.143, 99
Trd, 4319394.243, 60
Trd, 4319395.093, 60
Trd, 4319397.293, 61
Trd, 4319397.743, 61
Trd, 4319398.593, 61
Trd, 4319398.643, 62
Trd, 4319398.893, 62
Trd, 4319399.093, 63
Trd, 4319400.943, 65
Trd, 4319401.493, 67
Trd, 4319401.993, 69
Trd, 4319402.943, 140
Trd, 4319403.693, 140
Trd, 4319404.043, 140
Trd, 4319405.043, 140
Trd, 4319405.443, 140
Trd, 4319406.193, 140
Trd, 4319407.543, 140
Trd, 4319407.893, 140
Trd, 4319407.943, 140
Trd, 4319408.243, 140
Trd, 4319408.993, 140
Trd, 4319410.143, 140
Trd, 4319411.093, 139
Trd, 4319412.293, 140
Trd, 4319412.643, 140
Trd, 4319412.893, 138
Trd, 4319414.143, 140
Trd, 4319414.743, 140
Trd, 4319415.093, 140
Trd, 4319415.243, 138
Trd, 4319416.643, 129
Trd, 4319417.743, 139
Trd, 4319418.343, 137
Trd, 4319419.593, 140
Trd, 4319419.893, 140
Trd, 4319421.243, 140
Trd, 4319421.893, 140
Trd, 4319422.643, 140
Trd, 4319424.393, 140
Trd, 4319424.643, 140
Trd, 4319426.293, 140
Trd, 4319427.093, 140
Trd, 4319427.393, 140
Trd, 4319427.493, 139
Trd, 4319427.543, 138
Trd, 4319429.243, 135
Trd, 4319430.443, 140
Trd, 4319430.743, 140
Trd, 4319431.143, 140
Trd, 4319431.543, 140
Trd, 4319431.593, 140
Trd, 4319432.693, 138
Trd, 4319432.993, 76
Trd, 4319433.393, 70
Trd, 4319434.293, 106
Trd, 4319435.193, 140
Trd, 4319435.993, 140
Trd, 4319437.943, 140
Trd, 4319438.193, 140
Trd, 4319438.743, 140
Trd, 4319441.093, 140
Trd, 4319441.593, 140
Trd, 4319442.243, 139
Trd, 4319442.393, 139
Trd, 4319444.243, 140
Trd, 4319444.643, 140
Trd, 4319445.143, 139
Trd, 4319445.543, 136
Trd, 4319445.743, 133
Trd, 4319446.243, 140
Trd, 4319446.993, 111
Trd, 4319447.793, 74
Trd, 4319447.893, 73
Trd, 4319449.893, 140
Trd, 4319451.093, 139
Trd, 4319451.743, 140
Trd, 4319452.293, 80
Trd, 4319453.593, 119
Trd, 4319454.143, 114
Trd, 4319455.943, 140
Trd, 4319456.193, 140
Trd, 4319456.393, 140
Trd, 4319457.993, 140
Trd, 4319458.393, 140
Trd, 4319459.193, 140
Trd, 4319459.393, 140
Trd, 4319460.793, 140
Trd, 4319462.093, 140
Trd, 4319462.193, 140
Trd, 4319464.143, 140
Trd, 4319465.193, 140
Trd, 4319466.243, 140
Trd, 4319466.343, 140
Trd, 4319466.743, 140
Trd, 4319467.693, 139
Trd, 4319468.293, 140
Trd, 4319468.643, 140
Trd, 4319469.043, 140
Trd, 4319469.143, 140
Trd, 4319470.593, 138
Trd, 4319470.643, 137
Trd, 4319471.643, 140
Trd, 4319471.893, 140
Trd, 4319472.893, 139
Trd, 4319474.143, 136
Trd, 4319475.093, 132
Trd, 4319475.393, 132
Trd, 4319475.693, 132
Trd, 4319475.943, 131
Trd, 4319476.493, 134
Trd, 4319476.943, 67
Trd, 4319479.293, 140
Trd, 4319479.493, 140
Trd, 4319479.593, 140
Trd, 4319480.043, 138
Trd, 4319480.643, 140
Trd, 4319480.943, 140
Trd, 4319480.993, 140
Trd, 4319483.443, 140
Trd, 4319483.743, 140
Trd, 4319484.443, 140
Trd, 4319484.843, 140
Trd, 4319485.243, 140
Trd, 4319486.243, 140
Trd, 4319486.443, 109
Trd, 4319487.443, 140
Trd, 4319487.643, 140
Trd, 4319487.843, 133
Trd, 4319488.443, 134
Trd, 4319488.843, 74
Trd, 4319490.693, 140
Trd, 4319490.943, 140
Trd, 4319491.193, 140
Trd, 4319492.793, 140
Trd, 4319493.493, 140
Trd, 4319494.943, 140
Trd, 4319495.143, 139
Trd, 4319495.193, 136
Trd, 4319497.393, 140
Trd, 4319497.793, 140
Trd, 4319498.493, 140
Trd, 4319498.793, 140
Trd, 4319499.493, 140
Trd, 4319499.643, 139
Trd, 4319500.093, 140
Trd, 4319501.343, 140
Trd, 4319501.393, 126
Trd, 4319501.643, 67
Trd, 4319502.493, 140
Trd, 4319503.743, 140
Trd, 4319504.643, 140
Trd, 4319506.593, 140
Trd, 4319507.893, 140
Trd, 4319508.693, 140
Trd, 4319511.243, 140
Trd, 4319511.293, 140
Trd, 4319512.993, 140
Trd, 4319513.343, 140
Trd, 4319513.393, 140
Trd, 4319513.893, 140
Trd, 4319514.743, 140
Trd, 4319514.893, 140
Trd, 4319515.593, 140
Trd, 4319516.343, 140
Trd, 4319517.443, 140
Trd, 4319517.743, 140
Trd, 4319518.143, 140
Trd, 4319519.843, 140
Trd, 4319520.493, 140
Trd, 4319520.643, 139
Trd, 4319521.693, 140
Trd, 4319523.093, 140
Trd, 4319523.843, 140
Trd, 4319525.793, 140
Trd, 4319526.193, 140
Trd, 4319526.543, 140
Trd, 4319527.193, 140
Trd, 4319527.893, 140
Trd, 4319528.143, 140
Trd, 4319528.793, 139
Trd, 4319528.993, 138
Trd, 4319529.643, 71
Trd, 4319529.993, 139
Trd, 4319530.593, 140
Trd, 4319531.143, 140
Trd, 4319531.993, 139
Trd, 4319532.643, 140
Trd, 4319532.793, 140
Trd, 4319533.893, 138
Trd, 4319534.093, 136
Trd, 4319534.843, 126
Trd, 4319535.743, 140
Trd, 4319536.393, 139
Trd, 4319537.143, 62
Trd, 4319537.343, 67
Trd, 4319537.393, 71
Trd, 4319539.993, 140
Trd, 4319540.393, 139
Trd, 4319540.493, 140
Trd, 4319541.643, 135
Trd, 4319542.143, 138
Trd, 4319542.193, 137
Trd, 4319542.543, 60
Trd, 4319542.893, 88
Trd, 4319544.093, 96
Trd, 4319544.193, 136
Trd, 4319545.343, 139
Trd, 4319545.743, 138
Trd, 4319546.543, 137
Trd, 4319547.543, 140
Trd, 4319548.293, 140
Trd, 4319548.693, 140
Trd, 4319549.643, 140
Trd, 4319549.993, 140
Trd, 4319550.893, 140
Trd, 4319551.143, 140
Trd, 4319552.243, 60
Trd, 4319553.643, 63
Trd, 4319554.393, 64
Trd, 4319555.043, 61
Trd, 4319555.493, 98
Trd, 4319555.943, 63
Trd, 4319556.743, 64
Trd, 4319557.243, 97
Trd, 4319557.643, 98
Trd, 4319558.743, 137
Trd, 4319559.143, 140
Trd, 4319561.093, 140
Trd, 4319561.143, 140
Trd, 4319561.643, 140
Trd, 4319561.993, 137
Trd, 4319562.193, 140
Trd, 4319563.493, 103
Trd, 4319563.943, 140
Trd, 4319565.043, 62
Trd, 4319566.093, 60
Trd, 4319567.143, 64
Trd, 4319567.493, 140
Trd, 4319568.443, 64
Trd, 4319568.893, 93
Trd, 4319569.143, 66
Trd, 4319569.893, 104
Trd, 4319570.093, 68
Trd, 4319570.343, 65
Trd, 4319571.043, 138
Trd, 4319572.443, 138
Trd, 4319573.393, 60
Trd, 4319573.843, 68
Trd, 4319575.093, 66
Trd, 4319575.293, 67
Trd, 4319575.593, 69
Trd, 4319576.343, 69
Trd, 4319576.693, 67
Trd, 4319576.893, 69
Trd, 4319578.843, 66
Trd, 4319579.193, 134
Trd, 4319581.043, 60
Trd, 4319581.243, 60
Trd, 4319581.593, 61
Trd, 4319582.643, 60
Trd, 4319583.043, 78
Trd, 4319584.043, 63
Trd, 4319584.993, 64
Trd, 4319585.693, 63
Trd, 4319586.343, 73
Trd, 4319586.393, 63
Trd, 4319587.393, 140
Trd, 4319587.743, 75
Trd, 4319588.493, 120
Trd, 4319589.443, 68
Trd, 4319589.843, 69
Trd, 4319591.093, 61
Trd, 4319592.643, 140
Trd, 4319593.593, 140
Trd, 4319594.493, 140
Trd, 4319594.743, 140
Trd, 4319595.793, 140
Trd, 4319596.243, 140
Trd, 4319596.443, 138
Trd, 4319597.693, 140
Trd, 4319598.393, 140
Trd, 4319599.043, 140
Trd, 4319599.243, 140
Trd, 4319599.393, 137
Trd, 4319599.493, 122
Trd, 4319601.443, 140
Trd, 4319601.493, 139
Trd, 4319601.693, 139
Trd, 4319602.493, 137
Trd, 4319603.843, 140
Trd, 4319604.693, 140
Trd, 4319605.193, 140
Trd, 4319605.793, 73
Trd, 4319606.143, 100
Trd, 4319606.643, 140
Trd, 4319608.543, 140
Trd, 4319609.743, 140
Trd, 4319610.143, 140
Trd, 4319610.243, 139
Trd, 4319611.043, 140
Trd, 4319611.143, 139
Trd, 4319612.143, 140
Trd, 4319612.443, 138
Trd, 4319613.793, 140
Trd, 4319614.143, 140
Trd, 4319614.893, 83
Trd, 4319615.643, 140
Trd, 4319616.643, 140
Trd, 4319616.793, 140
Trd, 4319617.593, 140
Trd, 4319617.893, 140
Trd, 4319617.993, 139
Trd, 4319619.043, 139
Trd, 4319619.893, 138
Trd, 4319620.493, 123
Trd, 4319620.843, 60
Trd, 4319621.743, 60
Trd, 4319623.693, 126
Trd, 4319623.793, 119
Trd, 4319624.243, 128
Trd, 4319624.493, 119
Trd, 4319626.543, 140
Trd, 4319626.793, 140
Trd, 4319626.993, 140
Trd, 4319627.943, 140
Trd, 4319628.843, 140
Trd, 4319629.293, 140
Trd, 4319629.693, 140
Trd, 4319630.693, 140
Trd, 4319632.193, 140
Trd, 4319632.693, 140
Trd, 4319633.293, 140
Trd, 4319634.443, 140
Trd, 4319634.643, 140
Trd, 4319635.993, 66
Trd, 4319636.293, 140
Trd, 4319639.093, 140
Trd, 4319639.593, 140
Trd, 4319640.293, 140
Trd, 4319640.643, 140
Trd, 4319641.443, 139
Trd, 4319642.143, 140
Trd, 4319642.743, 139
Trd, 4319642.843, 138
Trd, 4319643.193, 114
Trd, 4319644.843, 138
Trd, 4319645.493, 140
Trd, 4319646.393, 140
Trd, 4319647.293, 140
Trd, 4319647.493, 139
Trd, 4319648.193, 140
Trd, 4319648.293, 138
Trd, 4319649.743, 140
Trd, 4319649.893, 140
Trd, 4319650.793, 140
Trd, 4319650.993, 139
Trd, 4319651.693, 140
Trd, 4319652.293, 125
Trd, 4319652.793, 120
Trd, 4319653.643, 138
Trd, 4319654.643, 60
Trd, 4319655.443, 137
Trd, 4319655.743, 137
Trd, 4319656.843, 140
Trd, 4319657.343, 140
Trd, 4319657.393, 140
Trd, 4319657.593, 85
Trd, 4319657.643, 121
Trd, 4319659.443, 60
Trd, 4319659.793, 66
Trd, 4319660.893, 140
Trd, 4319661.843, 140
Trd, 4319663.393, 140
Trd, 4319664.193, 140
Trd, 4319664.243, 140
Trd, 4319664.443, 140
Trd, 4319665.193, 139
Trd, 4319665.943, 131
Trd, 4319665.993, 66
Trd, 4319667.243, 140
Trd, 4319667.693, 140
Trd, 4319668.743, 140
Trd, 4319669.093, 140
Trd, 4319669.993, 140
Trd, 4319670.393, 140
Trd, 4319670.893, 137
Trd, 4319672.043, 122
Trd, 4319672.443, 109
Trd, 4319673.943, 60
Trd, 4319674.893, 69
Trd, 4319675.243, 61
Trd, 4319675.793, 61
Trd, 4319676.393, 72
Trd, 4319676.643, 128
Trd, 4319677.343, 70
Trd, 4319677.693, 89
Trd, 4319678.343, 68
Trd, 4319679.093, 73
Trd, 4319679.443, 140
Trd, 4319681.343, 111
Trd, 4319682.043, 138
Trd, 4319683.243, 140
Trd, 4319683.743, 140
Trd, 4319684.843, 140
Trd, 4319685.543, 139
Trd, 4319686.943, 140
Trd, 4319686.993, 140
Trd, 4319687.043, 139
Trd, 4319687.943, 77
Trd, 4319687.993, 67
Trd, 4319689.243, 60
Trd, 4319689.593, 62
Trd, 4319690.493, 132
Trd, 4319690.843, 140
Trd, 4319691.693, 140
Trd, 4319692.493, 140
Trd, 4319692.593, 140
Trd, 4319693.793, 140
Trd, 4319694.593, 135
Trd, 4319695.343, 136
Trd, 4319695.543, 133
Trd, 4319695.943, 138
Trd, 4319696.193, 138
Trd, 4319697.743, 140
Trd, 4319698.193, 140
Trd, 4319699.143, 140
Trd, 4319699.293, 140
Trd, 4319699.643, 140
Trd, 4319700.543, 133
Trd, 4319701.393, 135
Trd, 4319701.493, 135
Trd, 4319703.793, 140
Trd, 4319704.643, 140
Trd, 4319704.743, 138
Trd, 4319705.793, 139
Trd, 4319706.093, 138
Trd, 4319706.843, 137
Trd, 4319706.943, 140
Trd, 4319707.443, 131
Trd, 4319708.243, 140
Trd, 4319709.243, 140
Trd, 4319710.043, 140
Trd, 4319711.443, 140
Trd, 4319711.743, 140
Trd, 4319711.893, 137
Trd, 4319712.343, 113
Trd, 4319713.493, 140
Trd, 4319714.943, 140
Trd, 4319716.343, 140
Trd, 4319717.243, 140
Trd, 4319717.343, 140
Trd, 4319717.393, 139
Trd, 4319717.793, 139
Trd, 4319718.143, 74
Trd, 4319720.393, 63
Trd, 4319720.643, 62
Trd, 4319720.743, 64
Trd, 4319721.843, 132
Trd, 4319722.543, 91
Trd, 4319723.543, 79
Trd, 4319723.593, 78
Trd, 4319724.143, 69
Trd, 4319725.143, 138
Trd, 4319726.643, 140
Trd, 4319726.793, 140
Trd, 4319728.643, 140
Trd, 4319728.793, 140
Trd, 4319729.343, 140
Trd, 4319729.543, 140
Trd, 4319732.393, 140
Trd, 4319733.593, 140
Trd, 4319734.443, 140
Trd, 4319734.743, 139
Trd, 4319734.893, 139
Trd, 4319734.943, 138
Trd, 4319736.193, 140
Trd, 4319736.593, 138
Trd, 4319736.793, 138
Trd, 4319737.043, 137
Trd, 4319738.143, 140
Trd, 4319738.943, 140
Trd, 4319739.343, 138
Trd, 4319740.393, 100
Trd, 4319740.693, 134
Trd, 4319741.093, 101
Trd, 4319741.393, 110
Trd, 4319742.193, 133
Trd, 4319742.643, 123
Trd, 4319743.493, 138
Trd, 4319743.993, 103
Trd, 4319744.843, 111
Trd, 4319744.943, 110
Trd, 4319746.843, 140
Trd, 4319747.143, 140
Trd, 4319747.693, 139
Trd, 4319748.243, 140
Trd, 4319749.393, 135
Trd, 4319750.043, 114
Trd, 4319750.193, 113
Trd, 4319751.043, 140
Trd, 4319752.543, 140
Trd, 4319753.593, 140
Trd, 4319753.793, 140
Trd, 4319753.893, 140
Trd, 4319754.393, 140
Trd, 4319754.693, 139
Trd, 4319754.793, 125
Trd, 4319755.743, 85
Trd, 4319755.843, 139
Trd, 4319759.493, 140
Trd, 4319759.643, 140
Trd, 4319760.693, 140
Trd, 4319760.743, 140
Trd, 4319760.843, 139
Trd, 4319761.193, 138
Trd, 4319761.343, 138
Trd, 4319761.643, 122
Trd, 4319761.743, 120
Trd, 4319762.693, 139
Trd, 4319763.943, 140
Trd, 4319764.293, 69
Trd, 4319765.193, 83
Trd, 4319765.843, 139
Trd, 4319768.043, 140
Trd, 4319768.343, 140
Trd, 4319768.493, 140
Trd, 4319769.243, 140
Trd, 4319770.543, 140
Trd, 4319770.593, 139
Trd, 4319771.543, 140
Trd, 4319773.293, 140
Trd, 4319773.593, 140
Trd, 4319773.643, 139
Trd, 4319775.143, 135
Trd, 4319775.243, 135
Trd, 4319775.693, 134
Trd, 4319775.893, 123
Trd, 4319777.043, 140
Trd, 4319777.893, 140
Trd, 4319777.943, 140
Trd, 4319778.893, 138
Trd, 4319779.293, 140
Trd, 4319780.693, 140
Trd, 4319781.093, 140
Trd, 4319781.143, 140
Trd, 4319782.143, 140
Trd, 4319783.093, 140
Trd, 4319783.793, 140
Trd, 4319785.593, 140
Trd, 4319785.993, 140
Trd, 4319786.543, 140
Trd, 4319787.243, 140
Trd, 4319788.443, 140
Trd, 4319788.493, 140
Trd, 4319789.243, 138
Trd, 4319789.343, 104
Trd, 4319790.193, 140
Trd, 4319790.693, 140
Trd, 4319791.293, 140
Trd, 4319794.343, 140
Trd, 4319794.493, 140
Trd, 4319794.943, 140
Trd, 4319795.843, 140
Trd, 4319796.793, 140
Trd, 4319797.043, 140
Trd, 4319797.243, 139
Trd, 4319798.543, 140
Trd, 4319798.893, 137
Trd, 4319799.693, 137
Trd, 4319802.493, 140
Trd, 4319802.643, 140
Trd, 4319803.043, 140
Trd, 4319803.493, 140
Trd, 4319804.593, 140
Trd, 4319804.793, 140
Trd, 4319804.893, 86
Trd, 4319805.343, 86
Trd, 4319806.343, 131
Trd, 4319807.543, 100
Trd, 4319808.693, 140
Trd, 4319809.643, 119
Trd, 4319810.943, 131
Trd, 4319811.493, 131
Trd, 4319811.543, 130
Trd, 4319811.843, 103
Trd, 4319813.493, 60
Trd, 4319814.243, 61
Trd, 4319815.893, 60
Trd, 4319816.193, 60
Trd, 4319816.743, 60
Trd, 4319817.143, 60
Trd, 4319817.443, 60
Trd, 4319819.193, 61
Trd, 4319819.543, 74
Trd, 4319819.793, 71
Trd, 4319820.243, 139
Trd, 4319821.343, 61
Trd, 4319822.443, 64
Trd, 4319822.543, 69
Trd, 4319823.843, 140
Trd, 4319824.893, 140
Trd, 4319825.443, 140
Trd, 4319826.343, 140
Trd, 4319826.593, 140
Trd, 4319828.043, 140
Trd, 4319828.943, 140
Trd, 4319829.243, 140
Trd, 4319831.193, 140
Trd, 4319831.243, 140
Trd, 4319831.843, 140
Trd, 4319832.293, 140
Trd, 4319832.993, 140
Trd, 4319833.793, 140
Trd, 4319836.593, 140
Trd, 4319836.693, 140
Trd, 4319836.943, 139
Trd, 4319837.843, 103
Trd, 4319838.293, 140
Trd, 4319838.343, 113
Trd, 4319838.793, 62
Trd, 4319838.843, 77
Trd, 4319839.393, 140
Trd, 4319839.793, 80
Trd, 4319840.793, 138
Trd, 4319842.093, 131
Trd, 4319842.193, 130
Trd, 4319842.743, 67
Trd, 4319843.393, 139
Trd, 4319844.693, 140
Trd, 4319844.793, 138
Trd, 4319844.943, 139
Trd, 4319846.393, 140
Trd, 4319847.043, 116
Trd, 4319847.143, 98
Trd, 4319847.293, 140
Trd, 4319847.893, 61
Trd, 4319847.993, 108
Trd, 4319848.343, 135
Trd, 4319850.893, 73
Trd, 4319852.143, 60
Trd, 4319852.393, 62
Trd, 4319852.893, 138
Trd, 4319853.043, 137
Trd, 4319855.093, 62
Trd, 4319855.943, 140
Trd, 4319856.243, 140
Trd, 4319856.843, 140
Trd, 4319857.393, 139
Trd, 4319857.543, 135
Trd, 4319857.893, 122
Trd, 4319858.143, 121
Trd, 4319859.143, 78
Trd, 4319860.393, 61
Trd, 4319860.793, 64
Trd, 4319862.043, 64
Trd, 4319862.143, 65
Trd, 4319863.493, 64
Trd, 4319863.543, 71
Trd, 4319864.593, 62
Trd, 4319865.293, 64
Trd, 4319865.843, 63
Trd, 4319867.443, 140
Trd, 4319867.493, 140
Trd, 4319868.393, 140
Trd, 4319868.543, 140
Trd, 4319868.593, 74
Trd, 4319869.293, 140
Trd, 4319870.093, 140
Trd, 4319871.293, 140
Trd, 4319871.993, 140
Trd, 4319872.043, 140
Trd, 4319872.343, 140
Trd, 4319872.943, 140
Trd, 4319874.393, 140
Trd, 4319875.543, 140
Trd, 4319877.643, 140
Trd, 4319878.493, 140
Trd, 4319878.993, 140
Trd, 4319879.293, 140
Trd, 4319879.993, 139
Trd, 4319880.343, 139
Trd, 4319880.443, 138
Trd, 4319881.343, 136
Trd, 4319882.193, 139
Trd, 4319883.343, 100
Trd, 4319883.643, 80
Trd, 4319884.293, 68
Trd, 4319884.843, 139
Trd, 4319884.993, 139
Trd, 4319885.593, 138
Trd, 4319885.793, 126
Trd, 4319887.343, 60
Trd, 4319888.643, 67
Trd, 4319888.743, 81
Trd, 4319889.493, 110
Trd, 4319889.593, 65
Trd, 4319890.443, 140
Trd, 4319891.343, 140
Trd, 4319891.893, 139
Trd, 4319892.293, 72
Trd, 4319892.943, 132
Trd, 4319893.643, 63
Trd, 4319894.843, 61
Trd, 4319895.343, 62
Trd, 4319896.243, 60
Trd, 4319897.143, 62
Trd, 4319898.743, 65
Trd, 4319898.793, 67
Trd, 4319899.593, 140
Trd, 4319901.593, 60
Trd, 4319902.243, 60
Trd, 4319902.293, 63
Trd, 4319902.843, 62
Trd, 4319904.093, 63
Trd, 4319904.243, 65
Trd, 4319904.793, 63
Trd, 4319905.193, 62
Trd, 4319906.793, 140
Trd, 4319907.043, 140
Trd, 4319907.193, 140
Trd, 4319907.493, 140
Trd, 4319907.943, 139
Trd, 4319908.993, 140
Trd, 4319909.543, 140
Trd, 4319909.743, 139
Trd, 4319909.793, 136
Trd, 4319910.493, 105
Trd, 4319912.393, 140
Trd, 4319912.493, 140
Trd, 4319913.443, 140
Trd, 4319913.693, 89
Trd, 4319914.593, 140
Trd, 4319916.693, 140
Trd, 4319917.143, 140
Trd, 4319917.343, 137
Trd, 4319917.743, 140
Trd, 4319918.243, 140
Trd, 4319918.443, 140
Trd, 4319918.943, 139
Trd, 4319920.443, 76
Trd, 4319920.493, 75
Trd, 4319920.743, 100
Trd, 4319922.643, 75
Trd, 4319923.193, 60
Trd, 4319923.593, 140
Trd, 4319923.793, 140
Trd, 4319924.293, 140
Trd, 4319925.143, 140
Trd, 4319925.843, 140
Trd, 4319925.893, 138
Trd, 4319926.193, 139
Trd, 4319926.593, 138
Trd, 4319926.943, 108
Trd, 4319927.393, 81
Trd, 4319928.093, 139
Trd, 4319929.343, 140
Trd, 4319929.543, 140
Trd, 4319929.893, 140
Trd, 4319930.193, 140
Trd, 4319932.943, 60
Trd, 4319933.093, 61
Trd, 4319933.343, 61
Trd, 4319934.493, 61
Trd, 4319934.893, 64
Trd, 4319936.293, 140
Trd, 4319938.293, 140
Trd, 4319938.643, 140
Trd, 4319938.793, 140
Trd, 4319939.843, 140
Trd, 4319940.843, 140
Trd, 4319941.693, 140
Trd, 4319941.943, 139
Trd, 4319942.443, 139
Trd, 4319942.893, 140
Trd, 4319943.343, 140
Trd, 4319943.393, 140
Trd, 4319944.543, 140
Trd, 4319944.843, 138
Trd, 4319945.193, 139
Trd, 4319945.743, 140
Trd, 4319946.443, 140
Trd, 4319947.993, 140
Trd, 4319948.343, 140
Trd, 4319948.643, 139
Trd, 4319949.093, 140
Trd, 4319949.443, 139
Trd, 4319951.643, 140
Trd, 4319952.393, 140
Trd, 4319953.493, 140
Trd, 4319953.543, 140
Trd, 4319954.843, 140
Trd, 4319954.993, 140
Trd, 4319955.143, 139
Trd, 4319955.443, 106
Trd, 4319957.293, 129
Trd, 4319957.493, 83
Trd, 4319957.793, 134
Trd, 4319958.493, 105
Trd, 4319959.143, 66
Trd, 4319960.893, 89
Trd, 4319961.993, 116
Trd, 4319962.843, 60
Trd, 4319964.993, 62
Trd, 4319965.593, 62
Trd, 4319965.893, 63
Trd, 4319965.943, 65
Trd, 4319966.593, 66
Trd, 4319966.693, 139
Trd, 4319967.093, 68
Trd, 4319968.793, 126
Trd, 4319969.493, 110
Trd, 4319970.143, 140
Trd, 4319970.643, 68
Trd, 4319972.693, 136
Trd, 4319973.093, 136
Trd, 4319975.043, 140
Trd, 4319975.393, 140
Trd, 4319975.693, 140
Trd, 4319976.643, 140
Trd, 4319977.493, 140
Trd, 4319977.593, 140
Trd, 4319978.243, 140
Trd, 4319979.343, 140
Trd, 4319980.243, 140
Trd, 4319980.293, 139
Trd, 4319981.993, 140
Trd, 4319982.343, 140
Trd, 4319982.793, 140
Trd, 4319984.793, 140
Trd, 4319985.143, 140
Trd, 4319986.293, 140
Trd, 4319987.143, 140
Trd, 4319987.893, 140
Trd, 4319987.993, 139
Trd, 4319988.143, 119
Trd, 4319988.843, 81
Trd, 4319989.443, 122
Trd, 4319990.293, 140
Trd, 4319991.993, 140
Trd, 4319992.443, 140
Trd, 4319992.993, 140
Trd, 4319993.343, 140
Trd, 4319993.393, 137
Trd, 4319995.843, 140
Trd, 4319996.293, 140
Trd, 4319997.043, 140
Trd, 4319997.643, 140
Trd, 4319997.943, 140
Trd, 4319998.193, 140
Trd, 4319999.893, 136
