Trd, 4318065.693, 137
Trd, 4318066.443, 134
Trd, 4318067.493, 116
Trd, 4318067.793, 101
Trd, 4318068.843, 131
Trd, 4318069.793, 108
Trd, 4318070.193, 128
Trd, 4318070.493, 134
Trd, 4318071.743, 112
Trd, 4318073.293, 82
Trd, 4318073.643, 111
Trd, 4318075.143, 131
Trd, 4318075.493, 137
Trd, 4318075.743, 125
Trd, 4318077.293, 113
Trd, 4318077.343, 95
Trd, 4318079.793, 130
Trd, 4318080.443, 130
Trd, 4318080.743, 127
Trd, 4318082.293, 130
Trd, 4318082.743, 125
Trd, 4318084.343, 140
Trd, 4318085.143, 109
Trd, 4318085.543, 128
Trd, 4318086.543, 110
Trd, 4318087.693, 116
Trd, 4318088.243, 82
Trd, 4318089.543, 111
Trd, 4318089.643, 95
Trd, 4318090.993, 130
Trd, 4318091.243, 130
Trd, 4318092.993, 127
Trd, 4318093.293, 122
Trd, 4318094.593, 110
Trd, 4318094.993, 83
Trd, 4318095.093, 87
Trd, 4318095.393, 93
Trd, 4318096.393, 78
Trd, 4318098.593, 97
Trd, 4318099.443, 65
Trd, 4318099.793, 80
Trd, 4318100.443, 76
Trd, 4318101.293, 99
Trd, 4318102.493, 109
Trd, 4318102.993, 125
Trd, 4318106.293, 137
Trd, 4318106.593, 137
Trd, 4318106.643, 116
Trd, 4318107.493, 107
Trd, 4318107.643, 98
Trd, 4318108.543, 126
Trd, 4318108.643, 86
Trd, 4318109.793, 131
Trd, 4318110.193, 135
Trd, 4318111.643, 103
Trd, 4318112.543, 90
Trd, 4318112.993, 126
Trd, 4318113.693, 140
Trd, 4318115.593, 116
Trd, 4318115.843, 107
Trd, 4318116.643, 124
Trd, 4318116.743, 113
Trd, 4318116.793, 105
Trd, 4318118.843, 127
Trd, 4318119.343, 98
Trd, 4318120.743, 135
Trd, 4318120.943, 120
Trd, 4318121.593, 85
Trd, 4318122.143, 108
Trd, 4318122.493, 117
Trd, 4318122.593, 92
Trd, 4318123.343, 100
Trd, 4318123.593, 125
Trd, 4318123.843, 138
Trd, 4318125.893, 110
Trd, 4318126.243, 109
Trd, 4318126.593, 135
Trd, 4318126.993, 100
Trd, 4318127.243, 87
Trd, 4318131.193, 129
Trd, 4318131.693, 128
Trd, 4318132.793, 107
Trd, 4318133.743, 124
Trd, 4318134.893, 140
Trd, 4318135.943, 109
Trd, 4318136.343, 140
Trd, 4318137.743, 98
Trd, 4318137.993, 98
Trd, 4318138.743, 68
Trd, 4318140.243, 96
Trd, 4318140.843, 119
Trd, 4318142.643, 116
Trd, 4318143.193, 108
Trd, 4318145.093, 118
Trd, 4318145.243, 91
Trd, 4318145.593, 89
Trd, 4318146.343, 134
Trd, 4318146.843, 131
Trd, 4318147.643, 131
Trd, 4318147.893, 113
Trd, 4318149.343, 135
Trd, 4318149.693, 88
Trd, 4318150.543, 114
Trd, 4318151.743, 99
Trd, 4318153.743, 105
Trd, 4318154.193, 139
Trd, 4318155.843, 129
Trd, 4318156.043, 104
Trd, 4318156.343, 87
Trd, 4318156.443, 98
Trd, 4318156.993, 87
Trd, 4318157.743, 127
Trd, 4318158.593, 135
Trd, 4318160.143, 137
Trd, 4318160.543, 105
Trd, 4318161.893, 130
Trd, 4318162.193, 100
Trd, 4318164.043, 131
Trd, 4318164.843, 131
Trd, 4318165.343, 102
Trd, 4318165.443, 90
Trd, 4318165.693, 129
Trd, 4318165.993, 75
Trd, 4318166.993, 60
Trd, 4318167.393, 74
Trd, 4318168.793, 134
Trd, 4318169.043, 92
Trd, 4318169.593, 137
Trd, 4318171.043, 129
Trd, 4318171.643, 130
Trd, 4318172.643, 115
Trd, 4318173.643, 97
Trd, 4318175.443, 81
Trd, 4318175.593, 120
Trd, 4318176.543, 125
Trd, 4318177.043, 122
Trd, 4318178.743, 110
Trd, 4318179.743, 110
Trd, 4318179.793, 98
Trd, 4318180.243, 123
Trd, 4318180.643, 108
Trd, 4318180.843, 100
Trd, 4318181.643, 73
Trd, 4318182.943, 79
Trd, 4318184.443, 114
Trd, 4318184.843, 138
Trd, 4318184.993, 113
Trd, 4318185.443, 105
Trd, 4318187.043, 129
Trd, 4318188.143, 110
Trd, 4318190.343, 137
Trd, 4318190.393, 113
Trd, 4318190.943, 117
Trd, 4318191.093, 107
Trd, 4318191.493, 120
Trd, 4318192.643, 116
Trd, 4318192.943, 130
Trd, 4318193.143, 128
Trd, 4318194.543, 110
Trd, 4318194.893, 102
Trd, 4318195.243, 104
Trd, 4318196.043, 122
Trd, 4318196.693, 98
Trd, 4318196.743, 110
Trd, 4318197.093, 87
Trd, 4318197.993, 77
Trd, 4318199.643, 126
Trd, 4318199.743, 123
Trd, 4318200.643, 129
Trd, 4318201.193, 98
Trd, 4318201.393, 122
Trd, 4318201.893, 114
Trd, 4318202.043, 72
Trd, 4318202.393, 118
Trd, 4318203.693, 115
Trd, 4318205.043, 91
Trd, 4318205.343, 83
Trd, 4318206.093, 90
Trd, 4318207.493, 123
Trd, 4318208.693, 122
Trd, 4318208.843, 126
Trd, 4318209.043, 87
Trd, 4318209.993, 95
Trd, 4318210.543, 116
Trd, 4318211.443, 140
Trd, 4318211.943, 112
Trd, 4318211.993, 111
Trd, 4318214.493, 134
Trd, 4318214.643, 108
Trd, 4318214.893, 86
Trd, 4318215.693, 119
Trd, 4318216.293, 108
Trd, 4318216.543, 109
Trd, 4318216.943, 124
Trd, 4318219.193, 123
Trd, 4318219.993, 133
Trd, 4318220.793, 100
Trd, 4318221.193, 136
Trd, 4318222.643, 130
Trd, 4318223.493, 139
Trd, 4318224.193, 140
Trd, 4318225.743, 136
Trd, 4318226.293, 129
Trd, 4318226.843, 124
Trd, 4318227.743, 113
Trd, 4318227.843, 96
Trd, 4318231.293, 134
Trd, 4318231.343, 116
Trd, 4318231.643, 110
Trd, 4318231.793, 129
Trd, 4318232.893, 124
Trd, 4318233.243, 133
Trd, 4318234.293, 127
Trd, 4318234.793, 118
Trd, 4318235.743, 91
Trd, 4318236.243, 98
Trd, 4318236.893, 113
Trd, 4318238.243, 128
Trd, 4318238.693, 129
Trd, 4318240.093, 105
Trd, 4318240.593, 135
Trd, 4318240.993, 125
Trd, 4318242.593, 91
Trd, 4318243.243, 71
Trd, 4318243.693, 72
Trd, 4318244.243, 88
Trd, 4318244.793, 93
Trd, 4318244.993, 108
Trd, 4318245.643, 91
Trd, 4318246.893, 112
Trd, 4318247.193, 129
Trd, 4318248.943, 104
Trd, 4318249.443, 97
Trd, 4318250.093, 102
Trd, 4318251.743, 106
Trd, 4318251.943, 121
Trd, 4318252.043, 101
Trd, 4318254.193, 115
Trd, 4318254.643, 117
Trd, 4318254.793, 118
Trd, 4318254.843, 114
Trd, 4318255.493, 95
Trd, 4318255.743, 71
Trd, 4318256.443, 138
Trd, 4318258.743, 139
Trd, 4318258.843, 102
Trd, 4318260.243, 135
Trd, 4318261.543, 108
Trd, 4318261.643, 131
Trd, 4318261.993, 139
Trd, 4318262.993, 118
Trd, 4318264.293, 80
Trd, 4318265.193, 130
Trd, 4318265.543, 116
Trd, 4318266.093, 132
Trd, 4318267.443, 127
Trd, 4318268.743, 80
Trd, 4318269.343, 105
Trd, 4318269.743, 126
Trd, 4318270.293, 113
Trd, 4318270.943, 118
Trd, 4318271.593, 97
Trd, 4318272.443, 137
Trd, 4318273.243, 117
Trd, 4318274.343, 101
Trd, 4318274.643, 118
Trd, 4318274.943, 67
Trd, 4318276.043, 133
Trd, 4318277.143, 128
Trd, 4318277.393, 104
Trd, 4318278.693, 133
Trd, 4318279.493, 131
Trd, 4318281.543, 105
Trd, 4318281.743, 87
Trd, 4318281.893, 91
Trd, 4318284.143, 113
Trd, 4318284.493, 106
Trd, 4318284.843, 107
Trd, 4318285.343, 84
Trd, 4318286.293, 135
Trd, 4318286.543, 127
Trd, 4318286.743, 109
Trd, 4318289.243, 104
Trd, 4318291.143, 97
Trd, 4318291.593, 132
Trd, 4318293.043, 115
Trd, 4318293.593, 106
Trd, 4318294.093, 102
Trd, 4318294.193, 112
Trd, 4318294.443, 65
Trd, 4318294.643, 113
Trd, 4318295.593, 138
Trd, 4318296.843, 114
Trd, 4318298.193, 134
Trd, 4318298.393, 96
Trd, 4318299.193, 125
Trd, 4318299.593, 99
Trd, 4318299.843, 70
Trd, 4318300.393, 71
Trd, 4318300.593, 80
Trd, 4318301.943, 75
Trd, 4318302.443, 98
Trd, 4318304.993, 131
Trd, 4318306.043, 130
Trd, 4318306.843, 107
Trd, 4318307.143, 129
Trd, 4318307.193, 94
Trd, 4318309.443, 132
Trd, 4318309.843, 120
Trd, 4318310.143, 88
Trd, 4318310.843, 82
Trd, 4318311.043, 100
Trd, 4318311.643, 76
Trd, 4318312.893, 139
Trd, 4318313.593, 82
Trd, 4318314.193, 80
Trd, 4318315.093, 114
Trd, 4318315.493, 106
Trd, 4318317.143, 136
Trd, 4318317.643, 129
Trd, 4318318.793, 91
Trd, 4318319.843, 133
Trd, 4318320.093, 131
Trd, 4318321.293, 127
Trd, 4318321.593, 78
Trd, 4318322.393, 94
Trd, 4318322.593, 112
Trd, 4318323.393, 119
Trd, 4318323.543, 83
Trd, 4318324.143, 120
Trd, 4318324.943, 85
Trd, 4318327.093, 85
Trd, 4318327.393, 89
Trd, 4318328.893, 120
Trd, 4318329.593, 118
Trd, 4318329.793, 105
Trd, 4318330.593, 136
Trd, 4318330.843, 133
Trd, 4318334.043, 133
Trd, 4318334.093, 131
Trd, 4318334.193, 128
Trd, 4318334.293, 94
Trd, 4318335.993, 125
Trd, 4318336.593, 96
Trd, 4318337.643, 123
Trd, 4318339.293, 113
Trd, 4318339.493, 103
Trd, 4318339.643, 87
Trd, 4318339.693, 79
Trd, 4318340.843, 128
Trd, 4318341.593, 126
Trd, 4318343.843, 121
Trd, 4318343.993, 108
Trd, 4318344.643, 95
Trd, 4318345.243, 90
Trd, 4318345.393, 99
Trd, 4318347.993, 135
Trd, 4318349.043, 137
Trd, 4318349.143, 101
Trd, 4318350.593, 139
Trd, 4318350.893, 112
Trd, 4318351.693, 108
Trd, 4318351.993, 79
Trd, 4318352.593, 89
Trd, 4318353.243, 116
Trd, 4318353.543, 123
Trd, 4318356.643, 136
Trd, 4318357.793, 132
Trd, 4318358.193, 110
Trd, 4318358.543, 75
Trd, 4318359.493, 140
Trd, 4318361.493, 131
Trd, 4318362.693, 98
Trd, 4318362.893, 95
Trd, 4318364.243, 90
Trd, 4318364.493, 136
Trd, 4318367.143, 135
Trd, 4318367.593, 116
Trd, 4318367.743, 126
Trd, 4318368.543, 102
Trd, 4318368.743, 100
Trd, 4318370.293, 137
Trd, 4318370.893, 121
Trd, 4318374.343, 117
Trd, 4318374.793, 114
Trd, 4318375.393, 132
Trd, 4318376.243, 140
Trd, 4318376.543, 133
Trd, 4318378.143, 126
Trd, 4318378.393, 139
Trd, 4318379.093, 86
Trd, 4318379.293, 120
Trd, 4318381.243, 139
Trd, 4318383.293, 138
Trd, 4318383.893, 128
Trd, 4318384.793, 137
Trd, 4318385.593, 88
Trd, 4318385.943, 89
Trd, 4318386.793, 117
Trd, 4318387.993, 118
Trd, 4318388.243, 129
Trd, 4318388.793, 107
Trd, 4318389.743, 92
Trd, 4318390.743, 127
Trd, 4318390.943, 78
Trd, 4318393.143, 139
Trd, 4318393.693, 123
Trd, 4318394.193, 106
Trd, 4318394.393, 128
Trd, 4318396.593, 124
Trd, 4318396.893, 122
Trd, 4318396.943, 93
Trd, 4318397.493, 114
Trd, 4318400.443, 130
Trd, 4318400.493, 104
Trd, 4318403.893, 134
Trd, 4318404.793, 138
Trd, 4318404.893, 133
Trd, 4318405.343, 121
Trd, 4318406.243, 101
Trd, 4318406.543, 136
Trd, 4318407.743, 130
Trd, 4318408.643, 128
Trd, 4318408.943, 116
Trd, 4318409.143, 85
Trd, 4318409.893, 114
Trd, 4318410.093, 127
Trd, 4318410.793, 136
Trd, 4318410.843, 129
Trd, 4318411.643, 109
Trd, 4318412.093, 80
Trd, 4318413.343, 140
Trd, 4318414.793, 83
Trd, 4318415.243, 126
Trd, 4318415.943, 127
Trd, 4318416.443, 129
Trd, 4318418.443, 116
Trd, 4318419.093, 101
Trd, 4318419.593, 99
Trd, 4318419.993, 98
Trd, 4318421.043, 125
Trd, 4318421.593, 112
Trd, 4318421.993, 131
Trd, 4318423.193, 124
Trd, 4318424.293, 126
Trd, 4318424.643, 112
Trd, 4318425.443, 124
Trd, 4318425.893, 62
Trd, 4318427.293, 136
Trd, 4318429.593, 140
Trd, 4318430.043, 129
Trd, 4318430.143, 122
Trd, 4318431.993, 128
Trd, 4318432.293, 132
Trd, 4318433.093, 137
Trd, 4318433.443, 126
Trd, 4318434.993, 129
Trd, 4318435.643, 124
Trd, 4318436.393, 123
Trd, 4318437.143, 84
Trd, 4318437.893, 113
Trd, 4318438.343, 86
Trd, 4318439.793, 132
Trd, 4318440.993, 61
Trd, 4318441.343, 63
Trd, 4318441.543, 65
Trd, 4318444.893, 132
Trd, 4318445.593, 118
Trd, 4318445.843, 101
Trd, 4318446.193, 89
Trd, 4318446.343, 109
Trd, 4318448.293, 110
Trd, 4318450.343, 136
Trd, 4318450.943, 128
Trd, 4318451.393, 114
Trd, 4318452.593, 130
Trd, 4318454.293, 127
Trd, 4318454.643, 130
Trd, 4318455.143, 125
Trd, 4318455.893, 115
Trd, 4318456.843, 131
Trd, 4318457.093, 131
Trd, 4318457.643, 95
Trd, 4318459.093, 108
Trd, 4318459.793, 101
Trd, 4318460.093, 112
Trd, 4318460.443, 100
Trd, 4318461.493, 73
Trd, 4318461.543, 101
Trd, 4318462.743, 71
Trd, 4318462.943, 79
Trd, 4318463.443, 114
Trd, 4318464.093, 88
Trd, 4318465.143, 92
Trd, 4318465.393, 104
Trd, 4318466.593, 83
Trd, 4318466.693, 89
Trd, 4318467.493, 102
Trd, 4318468.443, 133
Trd, 4318468.593, 126
Trd, 4318471.093, 115
Trd, 4318471.493, 134
Trd, 4318472.043, 132
Trd, 4318473.193, 113
Trd, 4318473.993, 105
Trd, 4318475.793, 77
Trd, 4318475.943, 105
Trd, 4318476.093, 115
Trd, 4318476.493, 129
Trd, 4318476.943, 110
Trd, 4318477.343, 106
Trd, 4318477.893, 94
Trd, 4318478.943, 121
Trd, 4318480.343, 121
Trd, 4318481.143, 112
Trd, 4318481.493, 103
Trd, 4318482.643, 80
Trd, 4318482.893, 61
Trd, 4318483.693, 129
Trd, 4318484.193, 110
Trd, 4318484.343, 90
Trd, 4318485.793, 67
Trd, 4318488.593, 136
Trd, 4318489.193, 116
Trd, 4318489.393, 112
Trd, 4318490.143, 119
Trd, 4318490.943, 114
Trd, 4318491.393, 125
Trd, 4318491.693, 107
Trd, 4318492.943, 126
Trd, 4318493.193, 123
Trd, 4318495.043, 138
Trd, 4318495.693, 119
Trd, 4318496.443, 113
Trd, 4318496.593, 120
Trd, 4318496.793, 88
Trd, 4318498.793, 87
Trd, 4318498.843, 102
Trd, 4318499.593, 117
Trd, 4318500.443, 79
Trd, 4318501.843, 100
Trd, 4318503.893, 127
Trd, 4318504.743, 138
Trd, 4318505.043, 110
Trd, 4318505.443, 134
Trd, 4318506.493, 113
Trd, 4318507.443, 108
Trd, 4318507.693, 87
Trd, 4318508.093, 136
Trd, 4318509.193, 131
Trd, 4318510.543, 136
Trd, 4318510.743, 108
Trd, 4318510.943, 132
Trd, 4318511.493, 126
Trd, 4318512.543, 121
Trd, 4318513.843, 137
Trd, 4318513.993, 89
Trd, 4318514.443, 138
Trd, 4318514.943, 110
Trd, 4318516.993, 137
Trd, 4318517.093, 114
Trd, 4318517.293, 90
Trd, 4318518.543, 113
Trd, 4318518.943, 102
Trd, 4318520.243, 134
Trd, 4318522.593, 112
Trd, 4318524.393, 140
Trd, 4318524.743, 136
Trd, 4318526.243, 127
Trd, 4318526.393, 114
Trd, 4318526.843, 113
Trd, 4318528.543, 123
Trd, 4318529.193, 120
Trd, 4318530.893, 111
Trd, 4318531.093, 116
Trd, 4318531.643, 98
Trd, 4318532.443, 116
Trd, 4318533.543, 131
Trd, 4318534.043, 122
Trd, 4318534.293, 109
Trd, 4318535.143, 95
Trd, 4318535.293, 125
Trd, 4318536.643, 70
Trd, 4318536.743, 114
Trd, 4318537.843, 81
Trd, 4318538.143, 95
Trd, 4318538.993, 136
Trd, 4318539.293, 87
Trd, 4318540.293, 72
Trd, 4318540.443, 127
Trd, 4318541.643, 78
Trd, 4318542.343, 93
Trd, 4318544.093, 117
Trd, 4318544.243, 114
Trd, 4318545.493, 73
Trd, 4318545.843, 64
Trd, 4318546.343, 110
Trd, 4318546.543, 71
Trd, 4318547.943, 132
Trd, 4318548.543, 133
Trd, 4318550.293, 117
Trd, 4318550.393, 101
Trd, 4318550.543, 99
Trd, 4318550.793, 76
Trd, 4318553.793, 118
Trd, 4318553.843, 114
Trd, 4318554.093, 122
Trd, 4318554.693, 111
Trd, 4318555.443, 120
Trd, 4318556.993, 138
Trd, 4318558.293, 119
Trd, 4318559.143, 135
Trd, 4318562.043, 119
Trd, 4318562.093, 111
Trd, 4318562.293, 128
Trd, 4318562.543, 91
Trd, 4318563.493, 127
Trd, 4318563.943, 114
Trd, 4318564.443, 91
Trd, 4318564.643, 133
Trd, 4318564.793, 121
Trd, 4318564.993, 98
Trd, 4318566.193, 128
Trd, 4318566.293, 122
Trd, 4318567.443, 77
Trd, 4318567.643, 103
Trd, 4318568.343, 117
Trd, 4318569.493, 136
Trd, 4318570.243, 68
Trd, 4318570.493, 60
Trd, 4318571.393, 73
Trd, 4318571.893, 122
Trd, 4318572.493, 108
Trd, 4318573.243, 129
Trd, 4318573.943, 105
Trd, 4318575.493, 117
Trd, 4318576.443, 121
Trd, 4318577.543, 115
Trd, 4318578.143, 110
Trd, 4318578.193, 88
Trd, 4318578.293, 133
Trd, 4318579.343, 92
Trd, 4318581.543, 103
Trd, 4318581.893, 95
Trd, 4318582.843, 76
Trd, 4318582.943, 90
Trd, 4318584.193, 125
Trd, 4318585.693, 128
Trd, 4318586.693, 112
Trd, 4318587.193, 125
Trd, 4318587.893, 120
Trd, 4318588.043, 120
Trd, 4318589.243, 96
Trd, 4318590.643, 109
Trd, 4318590.843, 115
Trd, 4318591.393, 124
Trd, 4318592.193, 138
Trd, 4318594.543, 121
Trd, 4318596.043, 117
Trd, 4318596.143, 103
Trd, 4318597.193, 133
Trd, 4318598.093, 102
Trd, 4318599.143, 135
Trd, 4318599.193, 123
Trd, 4318601.493, 86
Trd, 4318601.743, 81
Trd, 4318602.593, 62
Trd, 4318602.693, 79
Trd, 4318602.843, 137
Trd, 4318604.243, 129
Trd, 4318605.443, 124
Trd, 4318605.843, 122
Trd, 4318606.593, 85
Trd, 4318606.993, 84
Trd, 4318607.493, 95
Trd, 4318607.993, 89
Trd, 4318608.893, 89
Trd, 4318609.743, 98
Trd, 4318610.193, 89
Trd, 4318610.993, 106
Trd, 4318612.293, 121
Trd, 4318612.543, 117
Trd, 4318612.943, 87
Trd, 4318614.693, 91
Trd, 4318614.893, 120
Trd, 4318616.343, 129
Trd, 4318618.343, 114
Trd, 4318618.893, 63
Trd, 4318619.593, 131
Trd, 4318619.993, 124
Trd, 4318621.343, 103
Trd, 4318622.293, 114
Trd, 4318623.393, 127
Trd, 4318623.493, 110
Trd, 4318624.643, 94
Trd, 4318625.843, 81
Trd, 4318626.043, 116
Trd, 4318626.493, 94
Trd, 4318627.093, 137
Trd, 4318628.193, 129
Trd, 4318628.693, 129
Trd, 4318630.543, 104
Trd, 4318630.793, 104
Trd, 4318631.293, 136
Trd, 4318631.443, 108
Trd, 4318633.393, 106
Trd, 4318634.193, 133
Trd, 4318634.243, 110
Trd, 4318635.043, 91
Trd, 4318635.093, 103
Trd, 4318636.543, 108
Trd, 4318636.993, 118
Trd, 4318638.943, 124
Trd, 4318639.293, 133
Trd, 4318639.493, 115
Trd, 4318641.493, 138
Trd, 4318641.843, 96
Trd, 4318642.843, 131
Trd, 4318643.793, 121
Trd, 4318644.243, 135
Trd, 4318645.043, 94
Trd, 4318646.943, 90
Trd, 4318647.243, 118
Trd, 4318648.243, 120
Trd, 4318648.393, 111
Trd, 4318648.843, 138
Trd, 4318649.793, 131
Trd, 4318651.443, 130
Trd, 4318651.843, 138
Trd, 4318652.993, 127
Trd, 4318653.843, 115
Trd, 4318655.143, 122
Trd, 4318656.193, 139
Trd, 4318657.343, 130
Trd, 4318657.993, 124
Trd, 4318658.443, 92
Trd, 4318658.593, 108
Trd, 4318659.143, 65
Trd, 4318660.393, 133
Trd, 4318663.993, 126
Trd, 4318664.293, 122
Trd, 4318664.943, 110
Trd, 4318664.993, 105
Trd, 4318665.043, 97
Trd, 4318665.993, 125
Trd, 4318666.043, 98
Trd, 4318667.443, 115
Trd, 4318667.643, 81
Trd, 4318668.993, 130
Trd, 4318669.843, 136
Trd, 4318671.043, 98
Trd, 4318672.243, 130
Trd, 4318672.543, 105
Trd, 4318673.343, 64
Trd, 4318673.893, 127
Trd, 4318674.693, 94
Trd, 4318674.993, 87
Trd, 4318675.443, 121
Trd, 4318675.743, 128
Trd, 4318677.193, 134
Trd, 4318678.293, 70
Trd, 4318678.793, 139
Trd, 4318679.143, 91
Trd, 4318679.893, 123
Trd, 4318680.643, 90
Trd, 4318680.793, 96
Trd, 4318681.393, 99
Trd, 4318682.893, 113
Trd, 4318683.343, 116
Trd, 4318683.643, 116
Trd, 4318684.993, 133
Trd, 4318685.393, 128
Trd, 4318687.093, 84
Trd, 4318687.493, 137
Trd, 4318689.743, 136
Trd, 4318689.993, 136
Trd, 4318690.393, 131
Trd, 4318691.493, 92
Trd, 4318692.793, 108
Trd, 4318692.843, 104
Trd, 4318693.943, 91
Trd, 4318694.643, 67
Trd, 4318694.693, 89
Trd, 4318695.143, 78
Trd, 4318695.443, 69
Trd, 4318696.543, 104
Trd, 4318697.293, 82
Trd, 4318697.343, 84
Trd, 4318698.743, 111
Trd, 4318700.593, 124
Trd, 4318700.843, 116
Trd, 4318701.543, 133
Trd, 4318701.793, 95
Trd, 4318702.693, 133
Trd, 4318703.443, 128
Trd, 4318703.793, 127
Trd, 4318703.843, 110
Trd, 4318706.593, 106
Trd, 4318707.893, 112
Trd, 4318708.093, 121
Trd, 4318708.743, 118
Trd, 4318709.393, 124
Trd, 4318710.293, 117
Trd, 4318711.343, 112
Trd, 4318711.643, 102
Trd, 4318713.143, 85
Trd, 4318713.843, 94
Trd, 4318713.893, 88
Trd, 4318714.693, 128
Trd, 4318716.243, 136
Trd, 4318717.193, 133
Trd, 4318717.693, 127
Trd, 4318718.443, 111
Trd, 4318718.693, 115
Trd, 4318719.193, 107
Trd, 4318720.543, 110
Trd, 4318722.843, 121
Trd, 4318723.243, 99
Trd, 4318724.043, 134
Trd, 4318725.043, 124
Trd, 4318725.543, 121
Trd, 4318725.993, 101
Trd, 4318727.193, 134
Trd, 4318727.493, 133
Trd, 4318728.043, 81
Trd, 4318728.893, 118
Trd, 4318729.043, 77
Trd, 4318731.243, 113
Trd, 4318731.293, 100
Trd, 4318731.543, 71
Trd, 4318733.343, 137
Trd, 4318733.493, 105
Trd, 4318734.143, 106
Trd, 4318734.943, 109
Trd, 4318735.543, 109
Trd, 4318737.293, 125
Trd, 4318737.843, 123
Trd, 4318739.193, 121
Trd, 4318739.343, 121
Trd, 4318740.593, 131
Trd, 4318740.993, 119
Trd, 4318741.443, 118
Trd, 4318741.993, 129
Trd, 4318742.693, 125
Trd, 4318742.993, 102
Trd, 4318743.743, 124
Trd, 4318745.043, 109
Trd, 4318746.293, 139
Trd, 4318747.393, 91
Trd, 4318748.943, 131
Trd, 4318749.943, 118
Trd, 4318750.093, 125
Trd, 4318750.493, 117
Trd, 4318750.993, 112
Trd, 4318751.343, 131
Trd, 4318751.693, 135
Trd, 4318751.993, 114
Trd, 4318752.343, 139
Trd, 4318752.843, 80
Trd, 4318753.093, 129
Trd, 4318755.393, 74
Trd, 4318756.493, 107
Trd, 4318756.893, 106
Trd, 4318758.343, 131
Trd, 4318758.793, 123
Trd, 4318761.393, 132
Trd, 4318762.293, 115
Trd, 4318763.543, 108
Trd, 4318763.993, 115
Trd, 4318764.293, 114
Trd, 4318764.393, 109
Trd, 4318764.643, 98
Trd, 4318765.393, 100
Trd, 4318766.643, 79
Trd, 4318767.193, 128
Trd, 4318767.693, 92
Trd, 4318770.093, 140
Trd, 4318770.293, 127
Trd, 4318771.293, 120
Trd, 4318771.993, 93
Trd, 4318774.743, 129
Trd, 4318775.043, 123
Trd, 4318775.093, 104
Trd, 4318776.243, 112
Trd, 4318776.543, 89
Trd, 4318777.893, 105
Trd, 4318777.993, 139
Trd, 4318778.993, 126
Trd, 4318780.843, 138
Trd, 4318781.743, 130
Trd, 4318782.193, 98
Trd, 4318782.293, 135
Trd, 4318782.893, 136
Trd, 4318784.193, 106
Trd, 4318784.493, 113
Trd, 4318785.243, 132
Trd, 4318786.743, 115
Trd, 4318787.243, 129
Trd, 4318788.293, 138
Trd, 4318788.743, 136
Trd, 4318788.993, 126
Trd, 4318791.993, 138
Trd, 4318792.143, 87
Trd, 4318792.643, 121
Trd, 4318793.243, 131
Trd, 4318793.293, 102
Trd, 4318793.593, 84
Trd, 4318795.493, 77
Trd, 4318795.693, 100
Trd, 4318797.443, 78
Trd, 4318797.893, 95
Trd, 4318799.193, 108
Trd, 4318800.093, 98
Trd, 4318801.293, 138
Trd, 4318802.143, 100
Trd, 4318803.643, 115
Trd, 4318804.643, 131
Trd, 4318805.093, 111
Trd, 4318805.543, 98
Trd, 4318805.843, 137
Trd, 4318806.393, 114
Trd, 4318809.043, 130
Trd, 4318809.193, 108
Trd, 4318810.493, 136
Trd, 4318811.193, 126
Trd, 4318812.393, 119
Trd, 4318813.243, 135
Trd, 4318813.293, 122
Trd, 4318813.643, 103
Trd, 4318814.243, 132
Trd, 4318815.793, 138
Trd, 4318816.143, 99
Trd, 4318816.393, 87
Trd, 4318817.293, 67
Trd, 4318817.593, 103
Trd, 4318819.943, 137
Trd, 4318820.393, 132
Trd, 4318820.693, 127
Trd, 4318821.393, 103
Trd, 4318822.043, 97
Trd, 4318822.443, 121
Trd, 4318823.643, 112
Trd, 4318825.743, 103
Trd, 4318825.843, 106
Trd, 4318827.593, 121
Trd, 4318827.643, 119
Trd, 4318829.143, 139
Trd, 4318830.843, 114
Trd, 4318831.093, 96
Trd, 4318831.543, 111
Trd, 4318832.343, 117
Trd, 4318832.593, 102
Trd, 4318834.693, 124
Trd, 4318835.093, 92
Trd, 4318836.443, 95
Trd, 4318836.593, 97
Trd, 4318837.143, 101
Trd, 4318838.043, 115
Trd, 4318838.843, 113
Trd, 4318840.043, 103
Trd, 4318840.643, 92
Trd, 4318841.793, 134
Trd, 4318842.893, 129
Trd, 4318843.393, 132
Trd, 4318844.843, 138
Trd, 4318844.943, 125
Trd, 4318845.543, 128
Trd, 4318846.843, 130
Trd, 4318847.093, 70
Trd, 4318847.743, 96
Trd, 4318849.193, 95
Trd, 4318849.843, 103
Trd, 4318850.293, 107
Trd, 4318850.393, 108
Trd, 4318851.643, 101
Trd, 4318852.243, 137
Trd, 4318852.993, 139
Trd, 4318854.043, 139
Trd, 4318854.193, 102
Trd, 4318854.943, 136
Trd, 4318855.043, 124
Trd, 4318855.793, 137
Trd, 4318855.993, 107
Trd, 4318856.193, 100
Trd, 4318857.043, 89
Trd, 4318857.593, 87
Trd, 4318858.593, 107
Trd, 4318859.143, 87
Trd, 4318859.443, 117
Trd, 4318860.493, 127
Trd, 4318861.493, 126
Trd, 4318861.693, 80
Trd, 4318861.993, 85
Trd, 4318862.443, 76
Trd, 4318864.843, 136
Trd, 4318865.043, 130
Trd, 4318866.743, 133
Trd, 4318867.593, 137
Trd, 4318867.743, 125
Trd, 4318868.943, 139
Trd, 4318869.043, 116
Trd, 4318870.893, 114
Trd, 4318871.593, 130
Trd, 4318871.893, 122
Trd, 4318873.243, 121
Trd, 4318874.343, 115
Trd, 4318875.143, 112
Trd, 4318875.593, 120
Trd, 4318876.143, 118
Trd, 4318877.043, 108
Trd, 4318877.643, 138
Trd, 4318877.943, 134
Trd, 4318880.893, 129
Trd, 4318882.293, 139
Trd, 4318883.343, 117
Trd, 4318883.693, 128
Trd, 4318885.343, 138
Trd, 4318885.393, 136
Trd, 4318885.443, 101
Trd, 4318887.443, 133
Trd, 4318887.643, 95
Trd, 4318887.993, 91
Trd, 4318889.243, 137
Trd, 4318889.393, 125
Trd, 4318889.793, 125
Trd, 4318889.893, 114
Trd, 4318891.193, 121
Trd, 4318891.893, 125
Trd, 4318892.043, 82
Trd, 4318893.443, 137
Trd, 4318893.993, 119
Trd, 4318894.643, 121
Trd, 4318895.343, 101
Trd, 4318896.143, 131
Trd, 4318896.393, 118
Trd, 4318898.843, 133
Trd, 4318900.193, 80
Trd, 4318900.343, 110
Trd, 4318900.593, 94
Trd, 4318901.593, 131
Trd, 4318901.643, 101
Trd, 4318904.493, 120
Trd, 4318905.343, 98
Trd, 4318905.893, 98
Trd, 4318906.843, 138
Trd, 4318907.443, 100
Trd, 4318908.743, 68
Trd, 4318910.043, 126
Trd, 4318910.393, 88
Trd, 4318911.293, 128
Trd, 4318911.843, 117
Trd, 4318912.493, 70
Trd, 4318912.893, 124
Trd, 4318913.143, 111
Trd, 4318913.743, 85
Trd, 4318914.293, 104
Trd, 4318916.393, 88
Trd, 4318916.543, 114
Trd, 4318917.843, 119
Trd, 4318918.193, 126
Trd, 4318919.393, 79
Trd, 4318919.793, 68
Trd, 4318920.443, 87
Trd, 4318921.543, 124
Trd, 4318921.993, 120
Trd, 4318922.693, 127
Trd, 4318923.343, 110
Trd, 4318925.143, 122
Trd, 4318926.243, 118
Trd, 4318926.643, 110
Trd, 4318927.043, 102
Trd, 4318927.743, 125
Trd, 4318929.243, 99
Trd, 4318930.243, 126
Trd, 4318930.793, 138
Trd, 4318931.343, 95
Trd, 4318932.993, 118
Trd, 4318933.293, 118
Trd, 4318933.593, 138
Trd, 4318935.293, 116
Trd, 4318935.593, 118
Trd, 4318937.293, 92
Trd, 4318939.043, 118
Trd, 4318939.343, 120
Trd, 4318939.393, 105
Trd, 4318939.793, 79
Trd, 4318940.143, 105
Trd, 4318941.543, 92
Trd, 4318942.893, 133
Trd, 4318944.943, 119
Trd, 4318944.993, 116
Trd, 4318945.693, 117
Trd, 4318945.843, 103
Trd, 4318946.293, 116
Trd, 4318946.693, 116
Trd, 4318947.343, 134
Trd, 4318947.793, 136
Trd, 4318947.993, 94
Trd, 4318948.093, 84
Trd, 4318948.843, 85
Trd, 4318949.593, 130
Trd, 4318950.693, 85
Trd, 4318952.193, 112
Trd, 4318952.643, 82
Trd, 4318953.943, 94
Trd, 4318955.893, 118
Trd, 4318955.993, 105
Trd, 4318957.393, 129
Trd, 4318958.093, 120
Trd, 4318958.293, 125
Trd, 4318958.943, 97
Trd, 4318959.943, 137
Trd, 4318960.393, 96
Trd, 4318961.643, 114
Trd, 4318964.393, 129
Trd, 4318965.093, 128
Trd, 4318965.793, 127
Trd, 4318966.193, 137
Trd, 4318966.443, 80
Trd, 4318966.643, 118
Trd, 4318966.893, 93
Trd, 4318968.543, 102
Trd, 4318968.743, 98
Trd, 4318970.793, 138
Trd, 4318971.093, 131
Trd, 4318971.193, 124
Trd, 4318972.243, 137
Trd, 4318972.343, 117
Trd, 4318972.393, 89
Trd, 4318974.343, 137
Trd, 4318974.843, 119
Trd, 4318974.893, 102
Trd, 4318975.143, 88
Trd, 4318975.843, 87
Trd, 4318977.893, 64
Trd, 4318978.293, 67
Trd, 4318979.393, 114
Trd, 4318979.543, 95
Trd, 4318980.343, 118
Trd, 4318980.543, 71
Trd, 4318981.843, 123
Trd, 4318982.043, 121
Trd, 4318982.493, 124
Trd, 4318983.293, 131
Trd, 4318983.443, 123
Trd, 4318985.393, 100
Trd, 4318986.243, 100
Trd, 4318986.643, 120
Trd, 4318987.993, 104
Trd, 4318988.943, 112
Trd, 4318989.393, 107
Trd, 4318989.793, 88
Trd, 4318990.343, 116
Trd, 4318991.043, 60
Trd, 4318991.843, 119
Trd, 4318991.893, 96
Trd, 4318994.043, 97
Trd, 4318994.493, 137
Trd, 4318995.193, 114
Trd, 4318996.193, 121
Trd, 4318996.293, 111
Trd, 4318996.593, 138
Trd, 4318996.843, 111
Trd, 4318998.493, 122
Trd, 4319000.243, 112
Trd, 4319001.643, 111
Trd, 4319002.243, 124
Trd, 4319003.243, 91
Trd, 4319003.743, 92
Trd, 4319004.093, 89
Trd, 4319005.293, 115
Trd, 4319005.443, 109
Trd, 4319006.993, 133
Trd, 4319007.193, 110
Trd, 4319007.793, 81
Trd, 4319009.043, 126
Trd, 4319009.293, 126
Trd, 4319009.843, 121
Trd, 4319010.643, 125
Trd, 4319011.493, 104
Trd, 4319012.143, 83
Trd, 4319012.243, 122
Trd, 4319012.393, 98
Trd, 4319012.493, 71
Trd, 4319013.693, 120
Trd, 4319014.943, 138
Trd, 4319016.143, 125
Trd, 4319016.943, 119
Trd, 4319017.843, 104
Trd, 4319019.543, 81
Trd, 4319019.743, 70
Trd, 4319019.843, 68
Trd, 4319020.093, 97
Trd, 4319021.393, 86
Trd, 4319022.343, 116
Trd, 4319023.643, 73
Trd, 4319024.693, 98
Trd, 4319024.743, 101
Trd, 4319026.293, 119
Trd, 4319026.843, 93
Trd, 4319027.193, 83
Trd, 4319027.243, 122
Trd, 4319028.593, 116
Trd, 4319030.093, 120
Trd, 4319030.143, 98
Trd, 4319030.793, 68
Trd, 4319030.843, 64
Trd, 4319031.143, 82
Trd, 4319031.243, 61
Trd, 4319033.443, 101
Trd, 4319034.593, 127
Trd, 4319035.743, 124
Trd, 4319035.943, 95
Trd, 4319036.243, 89
Trd, 4319036.943, 107
Trd, 4319038.093, 102
Trd, 4319038.243, 127
Trd, 4319039.493, 136
Trd, 4319039.843, 116
Trd, 4319040.843, 135
Trd, 4319041.043, 126
Trd, 4319041.243, 107
Trd, 4319042.443, 135
Trd, 4319042.543, 95
Trd, 4319044.743, 106
Trd, 4319045.593, 116
Trd, 4319047.893, 132
Trd, 4319048.093, 125
Trd, 4319049.343, 132
Trd, 4319049.443, 138
Trd, 4319050.393, 123
Trd, 4319051.443, 103
Trd, 4319052.343, 83
Trd, 4319052.643, 129
Trd, 4319052.743, 87
Trd, 4319053.143, 125
Trd, 4319053.293, 95
Trd, 4319054.343, 114
Trd, 4319055.843, 103
Trd, 4319056.193, 137
Trd, 4319057.443, 114
Trd, 4319059.193, 111
Trd, 4319061.343, 133
Trd, 4319061.643, 138
Trd, 4319061.843, 110
Trd, 4319062.093, 105
Trd, 4319062.243, 118
Trd, 4319063.293, 122
Trd, 4319065.643, 123
Trd, 4319067.093, 139
Trd, 4319067.143, 116
Trd, 4319067.393, 110
Trd, 4319067.543, 108
Trd, 4319070.143, 118
Trd, 4319070.293, 122
Trd, 4319070.543, 116
Trd, 4319071.443, 105
Trd, 4319072.043, 111
Trd, 4319072.593, 117
Trd, 4319072.743, 123
Trd, 4319074.343, 100
Trd, 4319074.943, 131
Trd, 4319075.793, 99
Trd, 4319076.493, 139
Trd, 4319077.093, 68
Trd, 4319077.493, 94
Trd, 4319078.293, 121
Trd, 4319078.543, 87
Trd, 4319079.693, 134
Trd, 4319080.143, 129
Trd, 4319080.293, 126
Trd, 4319081.043, 111
Trd, 4319081.943, 86
Trd, 4319082.343, 80
Trd, 4319082.493, 71
Trd, 4319084.643, 91
Trd, 4319085.093, 133
Trd, 4319085.493, 106
Trd, 4319087.093, 112
Trd, 4319087.193, 134
Trd, 4319087.343, 100
Trd, 4319087.993, 75
Trd, 4319088.193, 107
Trd, 4319091.293, 139
Trd, 4319092.543, 132
Trd, 4319093.493, 140
Trd, 4319093.593, 116
Trd, 4319094.143, 111
Trd, 4319095.243, 103
Trd, 4319095.593, 128
Trd, 4319096.093, 100
Trd, 4319097.393, 102
Trd, 4319097.443, 120
Trd, 4319099.593, 132
Trd, 4319100.243, 117
Trd, 4319100.293, 102
Trd, 4319100.443, 99
Trd, 4319101.143, 123
Trd, 4319102.093, 117
Trd, 4319103.293, 140
Trd, 4319103.993, 128
Trd, 4319104.243, 117
Trd, 4319104.943, 114
Trd, 4319105.793, 124
Trd, 4319107.543, 122
Trd, 4319110.243, 98
Trd, 4319110.893, 90
Trd, 4319111.293, 87
Trd, 4319111.693, 122
Trd, 4319111.893, 98
Trd, 4319112.093, 80
Trd, 4319113.293, 74
Trd, 4319113.593, 87
Trd, 4319113.993, 74
Trd, 4319115.343, 125
Trd, 4319116.493, 115
Trd, 4319117.643, 137
Trd, 4319118.893, 122
Trd, 4319119.193, 93
Trd, 4319119.793, 93
Trd, 4319120.693, 115
Trd, 4319121.993, 115
Trd, 4319122.393, 125
Trd, 4319122.443, 66
Trd, 4319122.493, 137
Trd, 4319124.243, 115
Trd, 4319124.293, 116
Trd, 4319125.193, 134
Trd, 4319125.343, 108
Trd, 4319126.293, 138
Trd, 4319127.343, 75
Trd, 4319127.943, 101
Trd, 4319129.843, 119
Trd, 4319129.943, 109
Trd, 4319131.643, 113
Trd, 4319131.693, 118
Trd, 4319132.193, 107
Trd, 4319132.243, 107
Trd, 4319134.293, 140
Trd, 4319134.643, 127
Trd, 4319135.293, 136
Trd, 4319135.793, 119
Trd, 4319136.693, 106
Trd, 4319137.693, 139
Trd, 4319138.243, 140
Trd, 4319140.443, 134
Trd, 4319142.243, 114
Trd, 4319142.593, 110
Trd, 4319143.193, 131
Trd, 4319143.643, 128
Trd, 4319143.793, 95
Trd, 4319145.143, 113
Trd, 4319145.193, 102
Trd, 4319145.693, 94
Trd, 4319147.193, 118
Trd, 4319148.593, 132
Trd, 4319148.793, 126
Trd, 4319148.893, 102
Trd, 4319149.293, 100
Trd, 4319150.443, 126
Trd, 4319151.093, 126
Trd, 4319151.893, 103
Trd, 4319152.393, 137
Trd, 4319153.393, 137
Trd, 4319153.493, 117
Trd, 4319153.643, 91
Trd, 4319154.743, 136
Trd, 4319156.143, 75
Trd, 4319156.443, 92
Trd, 4319157.143, 92
Trd, 4319159.543, 116
Trd, 4319159.793, 101
Trd, 4319160.593, 112
Trd, 4319161.293, 134
Trd, 4319162.343, 110
Trd, 4319163.893, 130
Trd, 4319164.743, 108
Trd, 4319165.443, 117
Trd, 4319165.893, 100
Trd, 4319166.743, 91
Trd, 4319167.743, 134
Trd, 4319169.043, 133
Trd, 4319169.243, 122
Trd, 4319169.543, 122
Trd, 4319169.843, 134
Trd, 4319171.293, 140
Trd, 4319171.393, 107
Trd, 4319171.693, 128
Trd, 4319173.843, 94
Trd, 4319173.993, 127
Trd, 4319176.343, 136
Trd, 4319176.393, 114
Trd, 4319177.293, 99
Trd, 4319178.093, 119
Trd, 4319178.543, 112
Trd, 4319179.443, 133
Trd, 4319180.693, 89
Trd, 4319180.893, 131
Trd, 4319181.843, 83
Trd, 4319182.543, 140
Trd, 4319184.343, 106
Trd, 4319184.843, 116
Trd, 4319185.093, 108
Trd, 4319186.293, 111
Trd, 4319187.593, 104
Trd, 4319187.693, 111
Trd, 4319187.793, 75
Trd, 4319188.243, 85
Trd, 4319188.693, 133
Trd, 4319190.593, 139
Trd, 4319192.793, 96
Trd, 4319193.393, 85
Trd, 4319193.943, 71
Trd, 4319194.343, 115
Trd, 4319195.743, 127
Trd, 4319197.343, 109
Trd, 4319197.893, 118
Trd, 4319197.993, 105
Trd, 4319199.393, 129
Trd, 4319199.943, 139
Trd, 4319200.643, 125
Trd, 4319201.193, 115
Trd, 4319202.843, 124
Trd, 4319203.093, 137
Trd, 4319204.193, 121
Trd, 4319204.843, 132
Trd, 4319205.893, 113
Trd, 4319206.143, 127
Trd, 4319206.293, 106
Trd, 4319206.543, 92
Trd, 4319206.793, 139
Trd, 4319209.643, 136
Trd, 4319211.043, 90
Trd, 4319212.843, 137
Trd, 4319213.143, 121
Trd, 4319213.643, 110
Trd, 4319214.593, 140
Trd, 4319216.443, 127
Trd, 4319216.593, 123
Trd, 4319218.093, 126
Trd, 4319218.893, 94
Trd, 4319218.993, 87
Trd, 4319219.643, 83
Trd, 4319220.643, 124
Trd, 4319221.443, 121
Trd, 4319221.893, 128
Trd, 4319222.243, 130
Trd, 4319222.993, 122
Trd, 4319225.443, 122
Trd, 4319225.693, 133
Trd, 4319225.993, 117
Trd, 4319226.493, 100
Trd, 4319226.593, 96
Trd, 4319226.643, 134
Trd, 4319226.743, 94
Trd, 4319227.993, 106
Trd, 4319228.743, 114
Trd, 4319229.243, 109
Trd, 4319230.293, 93
Trd, 4319230.943, 90
Trd, 4319231.793, 97
Trd, 4319232.093, 65
Trd, 4319232.443, 131
Trd, 4319233.593, 61
Trd, 4319234.243, 103
Trd, 4319236.743, 135
Trd, 4319237.043, 123
Trd, 4319237.493, 123
Trd, 4319238.793, 132
Trd, 4319239.293, 122
Trd, 4319240.543, 98
Trd, 4319240.693, 62
Trd, 4319242.093, 111
Trd, 4319243.093, 132
Trd, 4319243.643, 119
Trd, 4319243.993, 100
Trd, 4319245.293, 122
Trd, 4319246.443, 92
Trd, 4319247.143, 93
Trd, 4319247.243, 120
Trd, 4319247.793, 127
Trd, 4319248.543, 124
Trd, 4319248.793, 101
Trd, 4319250.243, 123
Trd, 4319251.093, 128
Trd, 4319251.293, 123
Trd, 4319251.343, 94
Trd, 4319251.543, 66
Trd, 4319251.843, 92
Trd, 4319253.643, 98
Trd, 4319254.293, 92
Trd, 4319254.493, 119
Trd, 4319254.993, 96
Trd, 4319255.243, 123
Trd, 4319256.193, 135
Trd, 4319256.643, 98
Trd, 4319257.743, 102
Trd, 4319258.393, 111
Trd, 4319258.493, 87
Trd, 4319258.893, 117
Trd, 4319259.893, 129
Trd, 4319261.493, 97
Trd, 4319261.593, 102
Trd, 4319262.293, 85
Trd, 4319263.093, 109
Trd, 4319263.693, 132
Trd, 4319263.793, 96
Trd, 4319264.143, 90
Trd, 4319266.493, 99
Trd, 4319267.793, 135
Trd, 4319268.493, 98
Trd, 4319270.793, 128
Trd, 4319271.243, 134
Trd, 4319271.643, 109
Trd, 4319274.243, 105
Trd, 4319274.743, 103
Trd, 4319274.943, 110
Trd, 4319275.943, 83
Trd, 4319276.443, 117
Trd, 4319276.693, 105
Trd, 4319276.793, 134
Trd, 4319278.743, 129
Trd, 4319279.593, 117
Trd, 4319280.043, 131
Trd, 4319280.143, 93
Trd, 4319280.493, 99
Trd, 4319281.243, 125
Trd, 4319283.093, 134
Trd, 4319283.193, 103
Trd, 4319284.493, 101
Trd, 4319284.893, 127
Trd, 4319285.193, 137
Trd, 4319285.843, 125
Trd, 4319286.993, 99
Trd, 4319288.843, 124
Trd, 4319288.943, 107
Trd, 4319289.193, 122
Trd, 4319290.393, 109
Trd, 4319290.543, 139
Trd, 4319291.943, 128
Trd, 4319292.093, 119
Trd, 4319292.943, 70
Trd, 4319293.493, 100
Trd, 4319295.193, 133
Trd, 4319295.843, 123
Trd, 4319295.993, 75
Trd, 4319296.343, 66
Trd, 4319296.693, 110
Trd, 4319297.193, 104
Trd, 4319297.593, 139
Trd, 4319298.993, 140
Trd, 4319299.543, 95
Trd, 4319300.443, 87
Trd, 4319301.343, 118
Trd, 4319302.343, 120
Trd, 4319303.093, 126
Trd, 4319304.943, 129
Trd, 4319305.143, 108
Trd, 4319305.693, 128
Trd, 4319306.493, 104
Trd, 4319307.343, 98
Trd, 4319307.393, 122
Trd, 4319308.093, 80
Trd, 4319308.943, 129
Trd, 4319309.243, 119
Trd, 4319310.093, 122
Trd, 4319310.643, 118
Trd, 4319310.893, 96
Trd, 4319312.193, 114
Trd, 4319313.543, 139
Trd, 4319313.693, 110
Trd, 4319314.143, 121
Trd, 4319314.793, 120
Trd, 4319315.993, 91
Trd, 4319316.143, 92
Trd, 4319316.893, 107
Trd, 4319317.043, 87
Trd, 4319317.593, 78
Trd, 4319318.243, 107
Trd, 4319319.293, 98
Trd, 4319320.493, 128
Trd, 4319321.993, 87
Trd, 4319322.393, 84
Trd, 4319323.193, 113
Trd, 4319323.643, 101
Trd, 4319323.943, 93
Trd, 4319325.143, 109
Trd, 4319326.493, 114
Trd, 4319327.693, 124
Trd, 4319328.093, 110
Trd, 4319328.243, 100
Trd, 4319329.393, 100
Trd, 4319329.943, 120
Trd, 4319330.043, 104
Trd, 4319330.193, 127
Trd, 4319330.793, 71
Trd, 4319331.143, 100
Trd, 4319334.543, 117
Trd, 4319334.743, 112
Trd, 4319335.593, 106
Trd, 4319335.643, 103
Trd, 4319335.943, 120
Trd, 4319336.793, 139
Trd, 4319340.393, 120
Trd, 4319341.143, 136
Trd, 4319341.493, 130
Trd, 4319341.993, 133
Trd, 4319342.043, 97
Trd, 4319343.343, 78
Trd, 4319343.643, 108
Trd, 4319343.943, 117
Trd, 4319344.643, 130
Trd, 4319345.593, 116
Trd, 4319346.293, 139
Trd, 4319347.043, 109
Trd, 4319348.143, 92
Trd, 4319348.693, 67
Trd, 4319350.843, 87
Trd, 4319351.393, 115
Trd, 4319351.843, 85
Trd, 4319352.743, 91
Trd, 4319352.993, 66
Trd, 4319354.693, 132
Trd, 4319355.093, 124
Trd, 4319356.293, 139
Trd, 4319356.343, 132
Trd, 4319357.143, 135
Trd, 4319357.193, 123
Trd, 4319359.243, 116
Trd, 4319360.343, 126
Trd, 4319361.293, 137
Trd, 4319361.593, 122
Trd, 4319362.743, 129
Trd, 4319364.643, 119
Trd, 4319366.143, 116
Trd, 4319366.493, 112
Trd, 4319366.543, 89
Trd, 4319367.293, 124
Trd, 4319369.243, 125
Trd, 4319369.443, 131
Trd, 4319370.043, 130
Trd, 4319370.393, 127
Trd, 4319371.093, 121
Trd, 4319372.193, 140
Trd, 4319373.293, 116
Trd, 4319373.693, 111
Trd, 4319374.143, 137
Trd, 4319374.443, 79
Trd, 4319377.393, 127
Trd, 4319378.193, 131
Trd, 4319380.343, 112
Trd, 4319380.493, 124
Trd, 4319380.543, 128
Trd, 4319381.943, 136
Trd, 4319382.593, 133
Trd, 4319382.793, 125
Trd, 4319383.193, 82
Trd, 4319383.543, 124
Trd, 4319384.343, 103
Trd, 4319385.793, 70
Trd, 4319385.993, 72
Trd, 4319386.743, 68
Trd, 4319387.943, 103
Trd, 4319388.893, 85
Trd, 4319388.943, 81
Trd, 4319390.293, 107
Trd, 4319390.693, 126
Trd, 4319391.543, 123
Trd, 4319392.293, 139
Trd, 4319393.643, 140
Trd, 4319394.343, 126
Trd, 4319395.943, 119
Trd, 4319396.143, 95
Trd, 4319397.043, 115
Trd, 4319398.143, 115
Trd, 4319398.843, 120
Trd, 4319399.093, 81
Trd, 4319400.093, 126
Trd, 4319400.693, 87
Trd, 4319401.493, 134
Trd, 4319401.543, 121
Trd, 4319402.843, 127
Trd, 4319404.043, 121
Trd, 4319404.893, 120
Trd, 4319405.843, 119
Trd, 4319406.393, 140
Trd, 4319406.693, 115
Trd, 4319407.943, 136
Trd, 4319409.393, 119
Trd, 4319409.893, 104
Trd, 4319411.493, 86
Trd, 4319411.693, 102
Trd, 4319412.493, 101
Trd, 4319412.693, 80
Trd, 4319412.793, 69
Trd, 4319413.643, 136
Trd, 4319414.143, 87
Trd, 4319414.643, 110
Trd, 4319415.793, 70
Trd, 4319418.193, 138
Trd, 4319418.343, 122
Trd, 4319418.393, 117
Trd, 4319421.093, 138
Trd, 4319421.543, 132
Trd, 4319421.643, 115
Trd, 4319422.693, 129
Trd, 4319424.043, 104
Trd, 4319424.693, 82
Trd, 4319426.143, 93
Trd, 4319426.343, 91
Trd, 4319426.693, 109
Trd, 4319427.393, 132
Trd, 4319427.493, 90
Trd, 4319428.193, 133
Trd, 4319429.793, 126
Trd, 4319430.393, 123
Trd, 4319431.243, 107
Trd, 4319433.943, 135
Trd, 4319434.443, 134
Trd, 4319434.843, 116
Trd, 4319435.393, 114
Trd, 4319436.193, 127
Trd, 4319437.043, 134
Trd, 4319438.243, 136
Trd, 4319438.593, 95
Trd, 4319438.693, 127
Trd, 4319438.893, 91
Trd, 4319440.743, 80
Trd, 4319441.293, 135
Trd, 4319441.443, 135
Trd, 4319443.243, 134
Trd, 4319443.993, 122
Trd, 4319444.693, 103
Trd, 4319445.643, 137
Trd, 4319446.093, 113
Trd, 4319446.843, 133
Trd, 4319449.043, 128
Trd, 4319449.193, 126
Trd, 4319449.893, 112
Trd, 4319450.543, 90
Trd, 4319450.593, 107
Trd, 4319451.543, 114
Trd, 4319453.093, 134
Trd, 4319453.393, 137
Trd, 4319453.493, 107
Trd, 4319454.643, 105
Trd, 4319455.543, 87
Trd, 4319456.743, 113
Trd, 4319458.193, 110
Trd, 4319459.043, 132
Trd, 4319459.393, 128
Trd, 4319460.143, 86
Trd, 4319462.743, 121
Trd, 4319463.443, 115
Trd, 4319464.043, 119
Trd, 4319464.243, 131
Trd, 4319464.343, 105
Trd, 4319464.943, 97
Trd, 4319465.093, 132
Trd, 4319467.143, 130
Trd, 4319467.593, 130
Trd, 4319469.093, 133
Trd, 4319469.493, 125
Trd, 4319469.543, 90
Trd, 4319470.743, 101
Trd, 4319471.693, 87
Trd, 4319472.093, 113
Trd, 4319472.643, 83
Trd, 4319473.743, 93
Trd, 4319474.193, 66
Trd, 4319474.593, 114
Trd, 4319475.143, 131
Trd, 4319475.893, 136
Trd, 4319476.743, 127
Trd, 4319476.943, 125
Trd, 4319477.693, 64
Trd, 4319478.793, 68
Trd, 4319479.493, 109
Trd, 4319480.743, 111
Trd, 4319481.293, 95
Trd, 4319481.593, 90
Trd, 4319482.593, 139
Trd, 4319483.693, 95
Trd, 4319484.593, 78
Trd, 4319485.693, 122
Trd, 4319488.293, 128
Trd, 4319488.543, 125
Trd, 4319490.243, 134
Trd, 4319490.743, 119
Trd, 4319491.693, 139
Trd, 4319492.893, 134
Trd, 4319494.743, 126
Trd, 4319494.943, 137
Trd, 4319495.243, 125
Trd, 4319495.943, 124
Trd, 4319496.443, 105
Trd, 4319497.443, 117
Trd, 4319498.043, 90
Trd, 4319498.293, 130
Trd, 4319498.993, 80
Trd, 4319500.743, 117
Trd, 4319502.793, 135
Trd, 4319503.193, 130
Trd, 4319503.443, 72
Trd, 4319503.693, 85
Trd, 4319504.143, 110
Trd, 4319505.243, 139
Trd, 4319508.443, 132
Trd, 4319509.243, 131
Trd, 4319509.843, 111
Trd, 4319510.093, 124
Trd, 4319510.343, 92
Trd, 4319512.543, 130
Trd, 4319512.993, 140
Trd, 4319513.793, 128
Trd, 4319514.293, 111
Trd, 4319515.993, 125
Trd, 4319516.943, 109
Trd, 4319517.393, 127
Trd, 4319517.693, 116
Trd, 4319518.843, 62
Trd, 4319519.993, 140
Trd, 4319520.343, 114
Trd, 4319520.443, 107
Trd, 4319520.993, 86
Trd, 4319523.043, 104
Trd, 4319523.293, 95
Trd, 4319524.493, 133
Trd, 4319524.943, 137
Trd, 4319525.393, 105
Trd, 4319525.443, 96
Trd, 4319527.143, 102
Trd, 4319529.393, 93
Trd, 4319530.043, 128
Trd, 4319531.443, 86
Trd, 4319531.543, 71
Trd, 4319532.043, 139
Trd, 4319534.143, 76
Trd, 4319534.243, 80
Trd, 4319534.493, 104
Trd, 4319534.893, 127
Trd, 4319536.193, 121
Trd, 4319536.293, 84
Trd, 4319539.043, 75
Trd, 4319539.143, 75
Trd, 4319540.943, 68
Trd, 4319541.293, 97
Trd, 4319541.743, 88
Trd, 4319542.593, 68
Trd, 4319542.893, 77
Trd, 4319543.943, 103
Trd, 4319544.493, 133
Trd, 4319545.093, 111
Trd, 4319545.743, 110
Trd, 4319547.043, 130
Trd, 4319547.693, 110
Trd, 4319548.443, 128
Trd, 4319548.893, 129
Trd, 4319549.143, 80
Trd, 4319551.993, 124
Trd, 4319552.693, 124
Trd, 4319553.143, 123
Trd, 4319553.393, 115
Trd, 4319554.143, 114
Trd, 4319555.593, 137
Trd, 4319556.243, 118
Trd, 4319556.493, 108
Trd, 4319556.843, 113
Trd, 4319557.843, 139
Trd, 4319558.293, 113
Trd, 4319559.993, 119
Trd, 4319561.493, 124
Trd, 4319561.843, 116
Trd, 4319562.243, 108
Trd, 4319563.193, 118
Trd, 4319563.693, 84
Trd, 4319565.443, 128
Trd, 4319565.643, 124
Trd, 4319565.893, 66
Trd, 4319566.743, 125
Trd, 4319567.893, 137
Trd, 4319568.843, 139
Trd, 4319569.093, 90
Trd, 4319569.343, 120
Trd, 4319569.693, 82
Trd, 4319569.793, 108
Trd, 4319570.493, 103
Trd, 4319571.143, 128
Trd, 4319573.143, 132
Trd, 4319573.543, 106
Trd, 4319574.293, 118
Trd, 4319575.093, 139
Trd, 4319575.793, 138
Trd, 4319576.293, 131
Trd, 4319576.643, 99
Trd, 4319577.293, 124
Trd, 4319577.693, 137
Trd, 4319579.693, 100
Trd, 4319580.493, 130
Trd, 4319581.093, 118
Trd, 4319583.693, 90
Trd, 4319583.843, 90
Trd, 4319583.893, 84
Trd, 4319584.743, 85
Trd, 4319585.393, 87
Trd, 4319587.143, 115
Trd, 4319587.943, 129
Trd, 4319590.043, 126
Trd, 4319591.643, 123
Trd, 4319592.343, 122
Trd, 4319592.993, 103
Trd, 4319593.393, 90
Trd, 4319594.243, 130
Trd, 4319596.043, 135
Trd, 4319597.243, 120
Trd, 4319597.993, 120
Trd, 4319598.343, 122
Trd, 4319598.593, 108
Trd, 4319598.643, 104
Trd, 4319599.043, 117
Trd, 4319601.693, 118
Trd, 4319602.843, 122
Trd, 4319602.943, 105
Trd, 4319604.193, 128
Trd, 4319604.993, 131
Trd, 4319605.243, 117
Trd, 4319605.793, 116
Trd, 4319605.993, 102
Trd, 4319606.893, 123
Trd, 4319607.293, 133
Trd, 4319608.443, 91
Trd, 4319610.143, 119
Trd, 4319610.243, 115
Trd, 4319610.793, 98
Trd, 4319611.393, 82
Trd, 4319611.993, 140
Trd, 4319613.243, 129
Trd, 4319615.843, 137
Trd, 4319616.243, 102
Trd, 4319616.393, 118
Trd, 4319617.693, 89
Trd, 4319618.143, 86
Trd, 4319618.393, 111
Trd, 4319619.793, 130
Trd, 4319619.943, 122
Trd, 4319621.643, 105
Trd, 4319621.693, 102
Trd, 4319622.493, 113
Trd, 4319622.793, 100
Trd, 4319623.243, 117
Trd, 4319625.243, 113
Trd, 4319626.943, 123
Trd, 4319627.493, 107
Trd, 4319627.893, 87
Trd, 4319629.043, 111
Trd, 4319629.243, 98
Trd, 4319629.793, 137
Trd, 4319630.393, 81
Trd, 4319630.893, 75
Trd, 4319631.043, 93
Trd, 4319632.493, 102
Trd, 4319633.343, 136
Trd, 4319634.143, 115
Trd, 4319635.943, 99
Trd, 4319636.593, 96
Trd, 4319636.993, 90
Trd, 4319638.193, 94
Trd, 4319638.943, 129
Trd, 4319639.693, 127
Trd, 4319639.943, 73
Trd, 4319640.993, 119
Trd, 4319641.293, 119
Trd, 4319641.743, 113
Trd, 4319644.193, 136
Trd, 4319644.443, 106
Trd, 4319645.093, 127
Trd, 4319646.793, 114
Trd, 4319647.493, 120
Trd, 4319648.443, 110
Trd, 4319649.893, 128
Trd, 4319650.393, 140
Trd, 4319651.443, 120
Trd, 4319652.593, 130
Trd, 4319652.893, 114
Trd, 4319654.793, 135
Trd, 4319655.093, 126
Trd, 4319655.993, 123
Trd, 4319657.243, 138
Trd, 4319658.243, 98
Trd, 4319660.143, 122
Trd, 4319660.193, 99
Trd, 4319660.793, 64
Trd, 4319661.093, 69
Trd, 4319662.943, 71
Trd, 4319663.093, 99
Trd, 4319665.043, 67
Trd, 4319665.943, 136
Trd, 4319666.243, 105
Trd, 4319667.043, 131
Trd, 4319667.243, 126
Trd, 4319667.793, 77
Trd, 4319667.893, 66
Trd, 4319669.743, 114
Trd, 4319670.793, 115
Trd, 4319671.143, 94
Trd, 4319672.693, 121
Trd, 4319672.793, 133
Trd, 4319673.593, 102
Trd, 4319674.343, 100
Trd, 4319674.643, 99
Trd, 4319674.843, 93
Trd, 4319675.443, 120
Trd, 4319678.543, 120
Trd, 4319678.793, 125
Trd, 4319678.843, 112
Trd, 4319679.043, 74
Trd, 4319679.493, 132
Trd, 4319680.693, 137
Trd, 4319681.343, 128
Trd, 4319682.843, 124
Trd, 4319683.793, 136
Trd, 4319683.943, 104
Trd, 4319685.943, 112
Trd, 4319686.443, 110
Trd, 4319687.443, 117
Trd, 4319688.143, 116
Trd, 4319688.293, 130
Trd, 4319689.243, 137
Trd, 4319690.943, 135
Trd, 4319691.893, 124
Trd, 4319692.243, 124
Trd, 4319692.593, 101
Trd, 4319692.893, 108
Trd, 4319696.293, 133
Trd, 4319696.343, 121
Trd, 4319697.693, 114
Trd, 4319698.143, 107
Trd, 4319699.693, 140
Trd, 4319700.043, 130
Trd, 4319701.543, 127
Trd, 4319701.593, 124
Trd, 4319702.243, 135
Trd, 4319703.093, 130
Trd, 4319703.143, 128
Trd, 4319705.793, 129
Trd, 4319705.843, 112
Trd, 4319706.793, 112
Trd, 4319707.393, 117
Trd, 4319707.693, 106
Trd, 4319708.393, 114
Trd, 4319708.843, 91
Trd, 4319710.043, 126
Trd, 4319710.593, 117
Trd, 4319711.543, 69
Trd, 4319713.143, 108
Trd, 4319713.443, 66
Trd, 4319714.493, 130
Trd, 4319714.593, 125
Trd, 4319715.943, 138
Trd, 4319716.443, 117
Trd, 4319716.843, 112
Trd, 4319717.043, 111
Trd, 4319717.893, 112
Trd, 4319717.943, 94
Trd, 4319718.943, 80
Trd, 4319720.493, 111
Trd, 4319720.693, 127
Trd, 4319721.343, 82
Trd, 4319721.793, 101
Trd, 4319722.693, 126
Trd, 4319724.193, 136
Trd, 4319724.443, 103
Trd, 4319725.493, 132
Trd, 4319726.193, 102
Trd, 4319727.293, 107
Trd, 4319729.543, 129
Trd, 4319730.493, 126
Trd, 4319730.993, 130
Trd, 4319731.243, 117
Trd, 4319732.093, 124
Trd, 4319732.843, 137
Trd, 4319733.993, 135
Trd, 4319734.943, 138
Trd, 4319735.043, 131
Trd, 4319735.343, 130
Trd, 4319735.593, 97
Trd, 4319737.343, 114
Trd, 4319737.593, 110
Trd, 4319737.943, 103
Trd, 4319739.143, 136
Trd, 4319739.243, 125
Trd, 4319739.843, 121
Trd, 4319740.443, 127
Trd, 4319741.293, 117
Trd, 4319741.793, 116
Trd, 4319743.343, 98
Trd, 4319744.193, 111
Trd, 4319744.493, 138
Trd, 4319745.843, 136
Trd, 4319746.393, 131
Trd, 4319746.593, 128
Trd, 4319747.043, 130
Trd, 4319748.293, 115
Trd, 4319748.793, 115
Trd, 4319748.943, 116
Trd, 4319749.793, 131
Trd, 4319751.143, 109
Trd, 4319751.593, 91
Trd, 4319752.593, 128
Trd, 4319753.843, 128
Trd, 4319754.493, 131
Trd, 4319756.393, 123
Trd, 4319757.043, 126
Trd, 4319757.743, 100
Trd, 4319758.743, 92
Trd, 4319759.793, 118
Trd, 4319759.893, 96
Trd, 4319761.093, 126
Trd, 4319761.143, 110
Trd, 4319762.493, 115
Trd, 4319762.543, 104
Trd, 4319764.893, 128
Trd, 4319765.743, 134
Trd, 4319766.793, 131
Trd, 4319766.943, 132
Trd, 4319766.993, 119
Trd, 4319767.443, 71
Trd, 4319768.293, 119
Trd, 4319769.743, 108
Trd, 4319770.243, 126
Trd, 4319770.943, 130
Trd, 4319772.743, 127
Trd, 4319773.393, 97
Trd, 4319773.743, 118
Trd, 4319774.143, 124
Trd, 4319774.393, 105
Trd, 4319775.993, 132
Trd, 4319776.143, 103
Trd, 4319778.243, 119
Trd, 4319779.043, 124
Trd, 4319779.643, 106
Trd, 4319782.043, 136
Trd, 4319782.343, 128
Trd, 4319783.043, 112
Trd, 4319783.993, 89
Trd, 4319785.243, 134
Trd, 4319785.343, 128
Trd, 4319785.793, 129
Trd, 4319786.343, 135
Trd, 4319788.693, 137
Trd, 4319789.043, 136
Trd, 4319789.693, 135
Trd, 4319790.543, 125
Trd, 4319791.543, 128
Trd, 4319792.193, 123
Trd, 4319793.993, 108
Trd, 4319794.043, 106
Trd, 4319794.143, 81
Trd, 4319794.593, 130
Trd, 4319795.993, 115
Trd, 4319796.593, 94
Trd, 4319798.543, 132
Trd, 4319799.443, 96
Trd, 4319799.693, 127
Trd, 4319800.093, 73
Trd, 4319800.743, 131
Trd, 4319800.943, 122
Trd, 4319802.843, 135
Trd, 4319802.993, 103
Trd, 4319805.493, 131
Trd, 4319805.793, 108
Trd, 4319806.293, 108
Trd, 4319806.593, 131
Trd, 4319808.143, 118
Trd, 4319809.293, 102
Trd, 4319810.693, 132
Trd, 4319810.893, 102
Trd, 4319811.993, 131
Trd, 4319812.693, 134
Trd, 4319813.543, 128
Trd, 4319813.743, 125
Trd, 4319814.843, 110
Trd, 4319815.293, 94
Trd, 4319815.343, 108
Trd, 4319815.793, 85
Trd, 4319816.543, 134
Trd, 4319817.143, 132
Trd, 4319818.793, 130
Trd, 4319818.943, 125
Trd, 4319819.993, 121
Trd, 4319822.493, 132
Trd, 4319823.193, 123
Trd, 4319823.643, 125
Trd, 4319823.793, 133
Trd, 4319824.893, 73
Trd, 4319825.943, 127
Trd, 4319826.093, 114
Trd, 4319827.943, 107
Trd, 4319828.243, 115
Trd, 4319828.793, 105
Trd, 4319829.993, 123
Trd, 4319830.543, 104
Trd, 4319830.993, 105
Trd, 4319831.093, 109
Trd, 4319832.593, 116
Trd, 4319832.643, 107
Trd, 4319832.943, 108
Trd, 4319834.993, 103
Trd, 4319835.593, 112
Trd, 4319836.593, 135
Trd, 4319836.943, 126
Trd, 4319837.493, 108
Trd, 4319838.043, 121
Trd, 4319838.243, 87
Trd, 4319838.843, 70
Trd, 4319840.793, 98
Trd, 4319841.243, 109
Trd, 4319841.743, 117
Trd, 4319842.443, 105
Trd, 4319843.443, 120
Trd, 4319844.643, 135
Trd, 4319845.493, 127
Trd, 4319846.293, 70
Trd, 4319846.343, 68
Trd, 4319847.293, 120
Trd, 4319847.693, 117
Trd, 4319848.943, 127
Trd, 4319849.093, 101
Trd, 4319849.793, 89
Trd, 4319850.493, 129
Trd, 4319850.943, 108
Trd, 4319851.093, 110
Trd, 4319852.143, 123
Trd, 4319853.343, 98
Trd, 4319853.443, 96
Trd, 4319853.593, 127
Trd, 4319854.543, 85
Trd, 4319856.043, 125
Trd, 4319856.643, 126
Trd, 4319857.143, 115
Trd, 4319857.793, 120
Trd, 4319861.493, 112
Trd, 4319861.793, 119
Trd, 4319862.093, 107
Trd, 4319862.743, 109
Trd, 4319862.993, 138
Trd, 4319865.043, 126
Trd, 4319866.593, 93
Trd, 4319869.743, 105
Trd, 4319870.593, 122
Trd, 4319871.493, 91
Trd, 4319871.693, 108
Trd, 4319872.493, 140
Trd, 4319873.043, 140
Trd, 4319873.693, 133
Trd, 4319874.743, 127
Trd, 4319875.293, 130
Trd, 4319875.743, 118
Trd, 4319875.943, 95
Trd, 4319877.043, 131
Trd, 4319878.243, 140
Trd, 4319879.493, 91
Trd, 4319879.943, 127
Trd, 4319881.393, 128
Trd, 4319882.593, 127
Trd, 4319883.693, 131
Trd, 4319884.043, 120
Trd, 4319884.143, 114
Trd, 4319884.393, 106
Trd, 4319885.093, 99
Trd, 4319885.543, 134
Trd, 4319887.993, 105
Trd, 4319888.793, 110
Trd, 4319889.493, 135
Trd, 4319889.543, 129
Trd, 4319889.593, 119
Trd, 4319890.443, 131
Trd, 4319891.443, 130
Trd, 4319892.343, 108
Trd, 4319893.193, 106
Trd, 4319893.543, 111
Trd, 4319895.643, 134
Trd, 4319895.793, 112
Trd, 4319896.743, 113
Trd, 4319897.543, 123
Trd, 4319898.793, 129
Trd, 4319898.943, 126
Trd, 4319899.643, 103
Trd, 4319900.643, 138
Trd, 4319902.593, 120
Trd, 4319902.993, 123
Trd, 4319903.343, 133
Trd, 4319904.043, 120
Trd, 4319904.343, 83
Trd, 4319904.743, 133
Trd, 4319905.143, 127
Trd, 4319905.743, 124
Trd, 4319906.243, 120
Trd, 4319907.893, 124
Trd, 4319908.193, 123
Trd, 4319909.193, 62
Trd, 4319911.093, 114
Trd, 4319911.693, 85
Trd, 4319912.793, 75
Trd, 4319912.843, 86
Trd, 4319913.493, 72
Trd, 4319915.243, 140
Trd, 4319915.493, 140
Trd, 4319916.893, 133
Trd, 4319917.493, 105
Trd, 4319918.243, 95
Trd, 4319918.943, 106
Trd, 4319919.943, 66
Trd, 4319920.793, 111
Trd, 4319922.043, 104
Trd, 4319923.693, 114
Trd, 4319924.593, 100
Trd, 4319924.943, 109
Trd, 4319925.043, 98
Trd, 4319925.193, 93
Trd, 4319926.343, 110
Trd, 4319926.693, 93
Trd, 4319928.293, 85
Trd, 4319928.593, 109
Trd, 4319928.893, 139
Trd, 4319930.143, 81
Trd, 4319930.243, 91
Trd, 4319930.543, 101
Trd, 4319930.793, 73
Trd, 4319932.143, 133
Trd, 4319932.543, 98
Trd, 4319932.843, 105
Trd, 4319934.193, 73
Trd, 4319935.993, 139
Trd, 4319936.193, 120
Trd, 4319936.343, 113
Trd, 4319937.493, 110
Trd, 4319937.593, 113
Trd, 4319938.593, 140
Trd, 4319940.293, 135
Trd, 4319941.693, 125
Trd, 4319942.243, 99
Trd, 4319942.743, 101
Trd, 4319942.943, 103
Trd, 4319943.393, 66
Trd, 4319944.643, 134
Trd, 4319945.343, 92
Trd, 4319945.543, 84
Trd, 4319947.143, 107
Trd, 4319947.893, 119
Trd, 4319948.743, 106
Trd, 4319949.093, 89
Trd, 4319949.593, 102
Trd, 4319949.693, 117
Trd, 4319950.793, 73
Trd, 4319951.243, 68
Trd, 4319952.043, 64
Trd, 4319952.193, 68
Trd, 4319952.393, 63
Trd, 4319952.843, 107
Trd, 4319953.993, 125
Trd, 4319956.793, 139
Trd, 4319957.093, 139
Trd, 4319957.793, 128
Trd, 4319958.443, 110
Trd, 4319959.293, 125
Trd, 4319959.693, 140
Trd, 4319960.143, 137
Trd, 4319961.143, 78
Trd, 4319963.243, 85
Trd, 4319963.643, 81
Trd, 4319963.693, 90
Trd, 4319964.443, 78
Trd, 4319965.843, 75
Trd, 4319967.793, 123
Trd, 4319968.743, 127
Trd, 4319969.543, 122
Trd, 4319969.593, 123
Trd, 4319969.843, 110
Trd, 4319970.093, 97
Trd, 4319970.993, 122
Trd, 4319972.543, 117
Trd, 4319972.893, 92
Trd, 4319973.893, 119
Trd, 4319974.593, 124
Trd, 4319975.193, 114
Trd, 4319975.743, 137
Trd, 4319976.143, 130
Trd, 4319977.543, 99
Trd, 4319978.293, 106
Trd, 4319978.793, 110
Trd, 4319979.993, 110
Trd, 4319981.093, 139
Trd, 4319981.643, 132
Trd, 4319983.393, 125
Trd, 4319984.043, 126
Trd, 4319985.093, 129
Trd, 4319985.743, 132
Trd, 4319986.593, 136
Trd, 4319986.643, 110
Trd, 4319987.493, 103
Trd, 4319987.543, 126
Trd, 4319988.493, 80
Trd, 4319989.343, 137
Trd, 4319990.443, 123
Trd, 4319991.043, 126
Trd, 4319991.243, 118
Trd, 4319991.743, 89
Trd, 4319992.993, 78
Trd, 4319993.543, 100
Trd, 4319994.743, 125
Trd, 4319997.343, 136
Trd, 4319999.093, 131
Trd, 4319999.743, 129
