Trd, 4318175.593, 140
Trd, 4318175.993, 140
Trd, 4318176.643, 133
Trd, 4318176.893, 102
Trd, 4318176.993, 136
Trd, 4318177.593, 139
Trd, 4318177.993, 137
Trd, 4318179.043, 140
Trd, 4318179.393, 139
Trd, 4318180.393, 132
Trd, 4318181.143, 140
Trd, 4318181.243, 132
Trd, 4318181.493, 90
Trd, 4318182.293, 126
Trd, 4318183.843, 140
Trd, 4318184.493, 140
Trd, 4318184.593, 140
Trd, 4318184.793, 140
Trd, 4318186.093, 139
Trd, 4318186.593, 139
Trd, 4318187.543, 139
Trd, 4318187.793, 139
Trd, 4318188.143, 81
Trd, 4318188.793, 64
Trd, 4318189.543, 82
Trd, 4318190.243, 61
Trd, 4318190.393, 61
Trd, 4318191.793, 140
Trd, 4318192.093, 140
Trd, 4318193.543, 140
Trd, 4318194.593, 140
Trd, 4318195.193, 140
Trd, 4318196.293, 140
Trd, 4318197.993, 140
Trd, 4318198.643, 140
Trd, 4318199.193, 137
Trd, 4318199.543, 140
Trd, 4318200.143, 134
Trd, 4318200.343, 139
Trd, 4318202.043, 140
Trd, 4318202.693, 138
Trd, 4318202.993, 98
Trd, 4318204.243, 134
Trd, 4318204.543, 138
Trd, 4318204.993, 140
Trd, 4318205.143, 125
Trd, 4318205.793, 140
Trd, 4318206.943, 139
Trd, 4318207.493, 139
Trd, 4318208.343, 140
Trd, 4318209.043, 140
Trd, 4318210.543, 139
Trd, 4318210.643, 139
Trd, 4318210.993, 137
Trd, 4318211.593, 137
Trd, 4318213.243, 140
Trd, 4318213.593, 132
Trd, 4318213.993, 138
Trd, 4318214.143, 125
Trd, 4318214.843, 81
Trd, 4318216.643, 140
Trd, 4318217.243, 139
Trd, 4318217.593, 106
Trd, 4318217.793, 107
Trd, 4318218.543, 140
Trd, 4318218.693, 121
Trd, 4318219.943, 139
Trd, 4318220.043, 138
Trd, 4318220.143, 91
Trd, 4318221.893, 140
Trd, 4318222.093, 138
Trd, 4318222.493, 137
Trd, 4318222.693, 98
Trd, 4318223.093, 139
Trd, 4318223.793, 139
Trd, 4318224.093, 139
Trd, 4318225.393, 63
Trd, 4318226.593, 139
Trd, 4318226.743, 139
Trd, 4318226.893, 123
Trd, 4318227.843, 140
Trd, 4318229.243, 83
Trd, 4318229.893, 138
Trd, 4318230.243, 85
Trd, 4318231.043, 140
Trd, 4318231.443, 140
Trd, 4318231.743, 84
Trd, 4318232.293, 140
Trd, 4318232.443, 136
Trd, 4318232.993, 136
Trd, 4318234.093, 140
Trd, 4318234.643, 138
Trd, 4318235.043, 139
Trd, 4318235.343, 135
Trd, 4318236.643, 100
Trd, 4318236.793, 98
Trd, 4318237.243, 139
Trd, 4318237.543, 137
Trd, 4318238.843, 62
Trd, 4318238.943, 67
Trd, 4318240.193, 139
Trd, 4318240.343, 136
Trd, 4318241.393, 101
Trd, 4318242.093, 139
Trd, 4318242.593, 140
Trd, 4318243.043, 140
Trd, 4318245.043, 140
Trd, 4318245.243, 140
Trd, 4318245.993, 140
Trd, 4318246.443, 128
Trd, 4318246.693, 126
Trd, 4318247.193, 140
Trd, 4318248.243, 140
Trd, 4318249.343, 140
Trd, 4318250.443, 140
Trd, 4318250.593, 140
Trd, 4318250.893, 61
Trd, 4318251.443, 81
Trd, 4318252.643, 84
Trd, 4318253.293, 60
Trd, 4318254.293, 60
Trd, 4318254.993, 60
Trd, 4318255.243, 66
Trd, 4318255.593, 67
Trd, 4318256.043, 61
Trd, 4318256.243, 63
Trd, 4318256.693, 139
Trd, 4318258.143, 136
Trd, 4318258.593, 67
Trd, 4318258.943, 140
Trd, 4318259.293, 71
Trd, 4318259.443, 136
Trd, 4318260.843, 137
Trd, 4318262.043, 70
Trd, 4318262.493, 72
Trd, 4318263.493, 62
Trd, 4318264.443, 140
Trd, 4318264.543, 139
Trd, 4318265.093, 139
Trd, 4318266.693, 60
Trd, 4318267.243, 61
Trd, 4318267.593, 140
Trd, 4318268.093, 140
Trd, 4318269.193, 114
Trd, 4318269.493, 113
Trd, 4318270.793, 131
Trd, 4318272.043, 139
Trd, 4318272.343, 138
Trd, 4318272.543, 138
Trd, 4318273.293, 140
Trd, 4318273.443, 138
Trd, 4318273.943, 140
Trd, 4318275.043, 139
Trd, 4318276.693, 140
Trd, 4318276.743, 139
Trd, 4318277.543, 120
Trd, 4318278.093, 139
Trd, 4318279.093, 60
Trd, 4318279.343, 61
Trd, 4318279.993, 61
Trd, 4318280.043, 66
Trd, 4318280.793, 140
Trd, 4318281.993, 140
Trd, 4318282.093, 78
Trd, 4318282.743, 140
Trd, 4318283.343, 133
Trd, 4318283.993, 139
Trd, 4318284.243, 138
Trd, 4318284.993, 140
Trd, 4318285.893, 140
Trd, 4318286.293, 140
Trd, 4318286.793, 140
Trd, 4318288.143, 140
Trd, 4318289.443, 130
Trd, 4318289.843, 60
Trd, 4318290.893, 63
Trd, 4318290.993, 84
Trd, 4318291.193, 140
Trd, 4318291.943, 61
Trd, 4318292.193, 103
Trd, 4318292.593, 140
Trd, 4318292.993, 140
Trd, 4318293.543, 140
Trd, 4318293.943, 140
Trd, 4318294.893, 65
Trd, 4318295.593, 84
Trd, 4318295.893, 140
Trd, 4318295.993, 80
Trd, 4318296.693, 129
Trd, 4318297.093, 138
Trd, 4318297.893, 60
Trd, 4318298.143, 60
Trd, 4318298.843, 63
Trd, 4318299.543, 137
Trd, 4318300.443, 123
Trd, 4318302.093, 140
Trd, 4318302.143, 136
Trd, 4318302.393, 139
Trd, 4318303.393, 140
Trd, 4318304.643, 140
Trd, 4318305.693, 140
Trd, 4318306.693, 140
Trd, 4318306.743, 138
Trd, 4318307.343, 139
Trd, 4318307.893, 140
Trd, 4318307.993, 138
Trd, 4318308.693, 129
Trd, 4318309.193, 131
Trd, 4318309.743, 68
Trd, 4318311.143, 140
Trd, 4318311.743, 140
Trd, 4318312.793, 140
Trd, 4318312.943, 139
Trd, 4318313.193, 138
Trd, 4318313.443, 82
Trd, 4318313.843, 138
Trd, 4318314.593, 66
Trd, 4318315.493, 140
Trd, 4318315.993, 140
Trd, 4318316.793, 140
Trd, 4318317.593, 139
Trd, 4318317.693, 120
Trd, 4318318.193, 139
Trd, 4318319.093, 138
Trd, 4318319.843, 140
Trd, 4318320.293, 140
Trd, 4318320.393, 138
Trd, 4318321.593, 140
Trd, 4318322.293, 139
Trd, 4318322.793, 140
Trd, 4318322.943, 138
Trd, 4318323.393, 140
Trd, 4318323.593, 138
Trd, 4318323.943, 98
Trd, 4318324.343, 108
Trd, 4318325.893, 61
Trd, 4318326.293, 63
Trd, 4318326.743, 91
Trd, 4318327.493, 140
Trd, 4318328.993, 140
Trd, 4318329.943, 140
Trd, 4318330.343, 129
Trd, 4318330.693, 140
Trd, 4318330.893, 136
Trd, 4318331.093, 135
Trd, 4318332.043, 140
Trd, 4318332.293, 140
Trd, 4318334.293, 140
Trd, 4318334.693, 139
Trd, 4318335.993, 138
Trd, 4318336.543, 139
Trd, 4318337.093, 123
Trd, 4318337.793, 62
Trd, 4318338.543, 61
Trd, 4318339.393, 60
Trd, 4318339.443, 66
Trd, 4318339.643, 64
Trd, 4318340.543, 140
Trd, 4318341.693, 139
Trd, 4318342.493, 140
Trd, 4318343.293, 140
Trd, 4318343.343, 137
Trd, 4318343.643, 129
Trd, 4318343.843, 123
Trd, 4318344.743, 140
Trd, 4318345.493, 60
Trd, 4318345.793, 61
Trd, 4318347.143, 64
Trd, 4318347.543, 60
Trd, 4318348.193, 85
Trd, 4318348.493, 69
Trd, 4318349.593, 81
Trd, 4318350.393, 140
Trd, 4318350.843, 139
Trd, 4318350.943, 112
Trd, 4318351.343, 64
Trd, 4318352.443, 75
Trd, 4318353.043, 81
Trd, 4318353.543, 105
Trd, 4318354.093, 60
Trd, 4318355.693, 138
Trd, 4318355.993, 140
Trd, 4318356.943, 66
Trd, 4318357.193, 139
Trd, 4318358.243, 117
Trd, 4318358.293, 96
Trd, 4318359.043, 65
Trd, 4318359.693, 60
Trd, 4318360.193, 89
Trd, 4318360.843, 136
Trd, 4318362.093, 136
Trd, 4318362.843, 135
Trd, 4318363.043, 140
Trd, 4318363.443, 139
Trd, 4318363.893, 80
Trd, 4318364.493, 140
Trd, 4318365.993, 136
Trd, 4318366.143, 137
Trd, 4318367.343, 140
Trd, 4318367.643, 140
Trd, 4318368.443, 140
Trd, 4318368.593, 140
Trd, 4318369.293, 140
Trd, 4318370.093, 140
Trd, 4318370.893, 139
Trd, 4318372.893, 140
Trd, 4318373.393, 140
Trd, 4318373.543, 139
Trd, 4318374.093, 140
Trd, 4318375.043, 140
Trd, 4318375.093, 133
Trd, 4318375.293, 132
Trd, 4318375.943, 138
Trd, 4318376.143, 140
Trd, 4318378.543, 140
Trd, 4318379.193, 140
Trd, 4318379.543, 140
Trd, 4318380.943, 140
Trd, 4318381.093, 138
Trd, 4318382.243, 140
Trd, 4318382.443, 140
Trd, 4318383.293, 140
Trd, 4318383.943, 108
Trd, 4318384.893, 140
Trd, 4318385.243, 140
Trd, 4318385.843, 139
Trd, 4318386.693, 140
Trd, 4318387.043, 138
Trd, 4318387.093, 137
Trd, 4318387.993, 139
Trd, 4318388.193, 135
Trd, 4318389.743, 140
Trd, 4318390.443, 140
Trd, 4318390.643, 128
Trd, 4318391.593, 140
Trd, 4318392.393, 140
Trd, 4318392.843, 139
Trd, 4318393.293, 138
Trd, 4318394.293, 140
Trd, 4318394.593, 139
Trd, 4318395.243, 135
Trd, 4318395.743, 131
Trd, 4318396.793, 140
Trd, 4318397.593, 140
Trd, 4318398.343, 89
Trd, 4318398.693, 67
Trd, 4318399.743, 139
Trd, 4318399.893, 137
Trd, 4318400.543, 140
Trd, 4318401.293, 140
Trd, 4318401.843, 139
Trd, 4318402.143, 64
Trd, 4318402.793, 140
Trd, 4318403.743, 140
Trd, 4318404.343, 140
Trd, 4318404.693, 139
Trd, 4318404.893, 128
Trd, 4318405.293, 138
Trd, 4318405.593, 75
Trd, 4318406.543, 140
Trd, 4318406.793, 110
Trd, 4318407.993, 140
Trd, 4318408.243, 139
Trd, 4318408.943, 139
Trd, 4318409.343, 100
Trd, 4318410.293, 140
Trd, 4318411.693, 140
Trd, 4318412.043, 138
Trd, 4318412.293, 126
Trd, 4318414.343, 140
Trd, 4318414.693, 140
Trd, 4318415.093, 140
Trd, 4318415.593, 139
Trd, 4318416.343, 140
Trd, 4318417.193, 139
Trd, 4318417.443, 139
Trd, 4318418.543, 140
Trd, 4318418.593, 139
Trd, 4318419.643, 135
Trd, 4318420.143, 140
Trd, 4318421.493, 100
Trd, 4318421.793, 139
Trd, 4318421.893, 63
Trd, 4318422.843, 140
Trd, 4318423.093, 140
Trd, 4318423.293, 75
Trd, 4318423.843, 93
Trd, 4318425.943, 140
Trd, 4318426.143, 140
Trd, 4318426.493, 138
Trd, 4318427.393, 139
Trd, 4318428.893, 139
Trd, 4318429.293, 107
Trd, 4318429.943, 140
Trd, 4318430.043, 140
Trd, 4318430.693, 62
Trd, 4318430.793, 122
Trd, 4318431.793, 140
Trd, 4318432.493, 140
Trd, 4318433.993, 140
Trd, 4318434.193, 140
Trd, 4318434.743, 140
Trd, 4318436.493, 140
Trd, 4318436.693, 139
Trd, 4318437.293, 140
Trd, 4318437.743, 139
Trd, 4318439.243, 140
Trd, 4318439.493, 140
Trd, 4318439.843, 139
Trd, 4318440.943, 140
Trd, 4318442.243, 140
Trd, 4318442.493, 140
Trd, 4318442.893, 140
Trd, 4318444.293, 140
Trd, 4318444.343, 140
Trd, 4318444.543, 139
Trd, 4318445.343, 138
Trd, 4318445.393, 78
Trd, 4318446.293, 61
Trd, 4318447.043, 64
Trd, 4318447.093, 65
Trd, 4318447.293, 64
Trd, 4318448.343, 140
Trd, 4318448.493, 138
Trd, 4318449.693, 140
Trd, 4318451.393, 140
Trd, 4318451.593, 140
Trd, 4318452.893, 140
Trd, 4318453.143, 140
Trd, 4318453.993, 140
Trd, 4318454.243, 139
Trd, 4318454.393, 113
Trd, 4318454.843, 137
Trd, 4318454.993, 108
Trd, 4318455.543, 140
Trd, 4318456.043, 139
Trd, 4318458.143, 140
Trd, 4318458.593, 140
Trd, 4318459.193, 139
Trd, 4318459.493, 138
Trd, 4318459.793, 140
Trd, 4318460.743, 139
Trd, 4318461.243, 140
Trd, 4318462.493, 140
Trd, 4318463.093, 140
Trd, 4318463.493, 123
Trd, 4318464.893, 140
Trd, 4318465.493, 140
Trd, 4318465.543, 140
Trd, 4318466.343, 140
Trd, 4318466.443, 140
Trd, 4318466.693, 109
Trd, 4318468.143, 124
Trd, 4318468.793, 139
Trd, 4318469.443, 140
Trd, 4318469.493, 140
Trd, 4318470.443, 139
Trd, 4318471.293, 140
Trd, 4318472.043, 140
Trd, 4318472.143, 128
Trd, 4318472.493, 62
Trd, 4318473.043, 61
Trd, 4318473.743, 63
Trd, 4318475.143, 140
Trd, 4318476.093, 140
Trd, 4318476.643, 139
Trd, 4318476.943, 140
Trd, 4318477.293, 140
Trd, 4318478.143, 137
Trd, 4318478.643, 62
Trd, 4318479.043, 60
Trd, 4318479.343, 68
Trd, 4318479.843, 85
Trd, 4318480.093, 138
Trd, 4318480.993, 109
Trd, 4318481.193, 140
Trd, 4318481.793, 132
Trd, 4318482.243, 108
Trd, 4318483.443, 140
Trd, 4318484.493, 140
Trd, 4318484.893, 140
Trd, 4318487.393, 140
Trd, 4318487.543, 140
Trd, 4318487.943, 138
Trd, 4318488.093, 138
Trd, 4318488.293, 136
Trd, 4318488.343, 121
Trd, 4318489.293, 140
Trd, 4318489.993, 140
Trd, 4318490.793, 139
Trd, 4318491.493, 88
Trd, 4318492.193, 139
Trd, 4318493.543, 140
Trd, 4318493.943, 139
Trd, 4318494.443, 139
Trd, 4318495.093, 140
Trd, 4318495.343, 140
Trd, 4318496.143, 140
Trd, 4318497.143, 140
Trd, 4318497.843, 140
Trd, 4318498.593, 94
Trd, 4318499.493, 140
Trd, 4318499.643, 134
Trd, 4318499.693, 129
Trd, 4318500.393, 140
Trd, 4318501.693, 140
Trd, 4318501.993, 140
Trd, 4318502.693, 140
Trd, 4318503.493, 139
Trd, 4318503.593, 139
Trd, 4318505.293, 139
Trd, 4318506.043, 138
Trd, 4318506.193, 137
Trd, 4318506.643, 138
Trd, 4318507.243, 140
Trd, 4318508.393, 140
Trd, 4318508.593, 140
Trd, 4318509.293, 138
Trd, 4318509.393, 121
Trd, 4318509.643, 86
Trd, 4318511.643, 140
Trd, 4318512.193, 140
Trd, 4318512.593, 138
Trd, 4318512.643, 137
Trd, 4318513.693, 136
Trd, 4318513.843, 130
Trd, 4318514.343, 61
Trd, 4318514.543, 64
Trd, 4318515.593, 137
Trd, 4318516.293, 140
Trd, 4318516.443, 139
Trd, 4318516.993, 139
Trd, 4318518.493, 140
Trd, 4318518.693, 68
Trd, 4318519.093, 82
Trd, 4318519.193, 84
Trd, 4318520.443, 60
Trd, 4318521.593, 62
Trd, 4318521.643, 63
Trd, 4318522.043, 66
Trd, 4318522.743, 60
Trd, 4318523.643, 61
Trd, 4318524.343, 65
Trd, 4318525.143, 63
Trd, 4318525.743, 73
Trd, 4318526.093, 63
Trd, 4318526.793, 68
Trd, 4318527.743, 64
Trd, 4318527.843, 72
Trd, 4318528.543, 63
Trd, 4318530.393, 63
Trd, 4318530.593, 65
Trd, 4318530.743, 111
Trd, 4318531.343, 61
Trd, 4318531.493, 62
Trd, 4318532.143, 61
Trd, 4318532.243, 63
Trd, 4318533.393, 62
Trd, 4318533.543, 61
Trd, 4318533.893, 89
Trd, 4318534.943, 67
Trd, 4318535.993, 140
Trd, 4318536.243, 139
Trd, 4318537.293, 136
Trd, 4318537.543, 135
Trd, 4318537.893, 139
Trd, 4318538.893, 62
Trd, 4318539.493, 61
Trd, 4318540.393, 140
Trd, 4318541.693, 140
Trd, 4318541.893, 140
Trd, 4318541.943, 139
Trd, 4318542.543, 139
Trd, 4318543.293, 138
Trd, 4318544.193, 140
Trd, 4318544.593, 140
Trd, 4318544.943, 139
Trd, 4318545.143, 136
Trd, 4318545.543, 114
Trd, 4318545.743, 104
Trd, 4318547.493, 140
Trd, 4318549.343, 65
Trd, 4318549.393, 66
Trd, 4318549.743, 96
Trd, 4318550.543, 60
Trd, 4318551.393, 109
Trd, 4318551.743, 60
Trd, 4318552.443, 60
Trd, 4318552.843, 60
Trd, 4318553.693, 61
Trd, 4318553.893, 64
Trd, 4318554.743, 62
Trd, 4318555.243, 67
Trd, 4318555.843, 86
Trd, 4318556.243, 60
Trd, 4318556.593, 116
Trd, 4318557.293, 140
Trd, 4318558.243, 140
Trd, 4318558.343, 140
Trd, 4318559.393, 140
Trd, 4318559.443, 140
Trd, 4318560.193, 139
Trd, 4318561.343, 140
Trd, 4318561.393, 112
Trd, 4318562.843, 139
Trd, 4318563.743, 140
Trd, 4318564.643, 118
Trd, 4318565.493, 134
Trd, 4318565.793, 140
Trd, 4318566.193, 92
Trd, 4318567.343, 140
Trd, 4318567.793, 140
Trd, 4318568.093, 63
Trd, 4318568.143, 61
Trd, 4318570.443, 140
Trd, 4318570.893, 140
Trd, 4318571.693, 140
Trd, 4318572.243, 140
Trd, 4318572.293, 140
Trd, 4318572.393, 132
Trd, 4318572.693, 140
Trd, 4318573.543, 140
Trd, 4318573.843, 60
Trd, 4318574.643, 64
Trd, 4318575.693, 60
Trd, 4318576.193, 62
Trd, 4318576.843, 61
Trd, 4318577.693, 60
Trd, 4318577.843, 62
Trd, 4318578.143, 82
Trd, 4318579.393, 112
Trd, 4318579.893, 140
Trd, 4318580.143, 137
Trd, 4318581.093, 132
Trd, 4318581.493, 140
Trd, 4318581.593, 126
Trd, 4318582.743, 140
Trd, 4318582.843, 139
Trd, 4318583.093, 140
Trd, 4318583.893, 132
Trd, 4318584.143, 107
Trd, 4318585.243, 105
Trd, 4318586.743, 140
Trd, 4318587.043, 140
Trd, 4318588.093, 140
Trd, 4318588.143, 140
Trd, 4318588.293, 138
Trd, 4318588.993, 139
Trd, 4318589.643, 139
Trd, 4318590.343, 104
Trd, 4318591.543, 140
Trd, 4318591.843, 140
Trd, 4318592.493, 139
Trd, 4318592.543, 139
Trd, 4318594.093, 139
Trd, 4318594.243, 139
Trd, 4318595.393, 76
Trd, 4318595.643, 138
Trd, 4318595.843, 96
Trd, 4318596.443, 75
Trd, 4318597.793, 140
Trd, 4318598.143, 140
Trd, 4318598.943, 140
Trd, 4318599.093, 140
Trd, 4318599.543, 140
Trd, 4318601.043, 140
Trd, 4318601.193, 140
Trd, 4318602.593, 140
Trd, 4318602.743, 140
Trd, 4318603.693, 140
Trd, 4318604.093, 138
Trd, 4318604.243, 124
Trd, 4318605.343, 140
Trd, 4318605.743, 140
Trd, 4318605.893, 109
Trd, 4318606.593, 83
Trd, 4318606.793, 60
Trd, 4318607.343, 61
Trd, 4318608.393, 72
Trd, 4318609.843, 61
Trd, 4318609.893, 79
Trd, 4318610.393, 61
Trd, 4318610.993, 62
Trd, 4318611.293, 140
Trd, 4318611.793, 140
Trd, 4318612.493, 140
Trd, 4318612.643, 140
Trd, 4318614.293, 99
Trd, 4318614.943, 63
Trd, 4318615.443, 62
Trd, 4318615.993, 62
Trd, 4318616.443, 91
Trd, 4318616.643, 110
Trd, 4318617.693, 140
Trd, 4318618.643, 62
Trd, 4318618.943, 62
Trd, 4318619.143, 119
Trd, 4318620.193, 140
Trd, 4318620.893, 140
Trd, 4318621.493, 139
Trd, 4318622.193, 138
Trd, 4318622.643, 138
Trd, 4318622.793, 138
Trd, 4318623.093, 63
Trd, 4318624.993, 62
Trd, 4318625.543, 63
Trd, 4318626.593, 63
Trd, 4318626.893, 64
Trd, 4318627.843, 62
Trd, 4318628.193, 65
Trd, 4318628.593, 67
Trd, 4318629.393, 60
Trd, 4318630.093, 60
Trd, 4318630.143, 76
Trd, 4318630.993, 91
Trd, 4318631.093, 124
Trd, 4318631.843, 138
Trd, 4318632.493, 130
Trd, 4318633.143, 61
Trd, 4318633.743, 72
Trd, 4318633.993, 61
Trd, 4318635.493, 140
Trd, 4318635.643, 139
Trd, 4318635.693, 138
Trd, 4318636.793, 73
Trd, 4318637.193, 74
Trd, 4318638.743, 72
Trd, 4318639.243, 60
Trd, 4318639.543, 61
Trd, 4318640.193, 62
Trd, 4318640.843, 93
Trd, 4318641.943, 69
Trd, 4318642.243, 135
Trd, 4318642.393, 61
Trd, 4318643.643, 139
Trd, 4318645.343, 140
Trd, 4318645.743, 138
Trd, 4318645.893, 118
Trd, 4318646.043, 117
Trd, 4318646.893, 66
Trd, 4318648.143, 140
Trd, 4318649.193, 139
Trd, 4318649.243, 139
Trd, 4318650.893, 140
Trd, 4318651.543, 140
Trd, 4318652.793, 137
Trd, 4318653.143, 135
Trd, 4318653.643, 114
Trd, 4318654.393, 70
Trd, 4318654.593, 125
Trd, 4318655.843, 140
Trd, 4318656.293, 140
Trd, 4318657.293, 140
Trd, 4318657.743, 116
Trd, 4318657.843, 102
Trd, 4318658.343, 140
Trd, 4318659.243, 140
Trd, 4318660.043, 121
Trd, 4318660.093, 120
Trd, 4318661.143, 69
Trd, 4318661.893, 139
Trd, 4318661.943, 138
Trd, 4318662.193, 74
Trd, 4318663.893, 140
Trd, 4318664.243, 140
Trd, 4318665.393, 140
Trd, 4318665.793, 140
Trd, 4318666.743, 139
Trd, 4318667.043, 139
Trd, 4318667.443, 139
Trd, 4318667.493, 127
Trd, 4318667.743, 140
Trd, 4318669.843, 140
Trd, 4318670.743, 140
Trd, 4318670.793, 139
Trd, 4318671.293, 140
Trd, 4318671.493, 135
Trd, 4318671.593, 103
Trd, 4318673.593, 140
Trd, 4318674.193, 140
Trd, 4318674.393, 140
Trd, 4318675.343, 140
Trd, 4318675.893, 140
Trd, 4318676.043, 140
Trd, 4318676.693, 140
Trd, 4318677.793, 140
Trd, 4318678.243, 140
Trd, 4318678.293, 140
Trd, 4318679.043, 140
Trd, 4318680.043, 138
Trd, 4318680.693, 103
Trd, 4318681.093, 140
Trd, 4318681.693, 114
Trd, 4318682.793, 62
Trd, 4318683.193, 61
Trd, 4318684.043, 62
Trd, 4318684.193, 139
Trd, 4318685.293, 140
Trd, 4318685.343, 139
Trd, 4318685.793, 140
Trd, 4318687.093, 67
Trd, 4318687.893, 140
Trd, 4318690.143, 140
Trd, 4318691.143, 140
Trd, 4318691.843, 140
Trd, 4318692.043, 140
Trd, 4318692.293, 140
Trd, 4318692.493, 140
Trd, 4318692.893, 140
Trd, 4318692.993, 138
Trd, 4318693.043, 118
Trd, 4318694.443, 61
Trd, 4318694.793, 60
Trd, 4318696.193, 79
Trd, 4318696.493, 76
Trd, 4318697.443, 110
Trd, 4318697.843, 111
Trd, 4318698.243, 97
Trd, 4318698.693, 64
Trd, 4318699.243, 129
Trd, 4318700.693, 140
Trd, 4318701.843, 101
Trd, 4318701.993, 66
Trd, 4318703.043, 65
Trd, 4318703.143, 65
Trd, 4318703.243, 88
Trd, 4318703.443, 117
Trd, 4318704.493, 61
Trd, 4318705.293, 71
Trd, 4318705.693, 137
Trd, 4318705.893, 140
Trd, 4318706.843, 139
Trd, 4318706.943, 138
Trd, 4318707.293, 139
Trd, 4318708.093, 136
Trd, 4318708.593, 116
Trd, 4318709.693, 139
Trd, 4318709.743, 139
Trd, 4318710.643, 118
Trd, 4318711.143, 139
Trd, 4318712.543, 139
Trd, 4318712.593, 98
Trd, 4318713.293, 72
Trd, 4318714.593, 72
Trd, 4318714.793, 62
Trd, 4318714.893, 74
Trd, 4318715.293, 63
Trd, 4318716.843, 67
Trd, 4318717.243, 68
Trd, 4318717.293, 64
Trd, 4318717.793, 61
Trd, 4318718.693, 60
Trd, 4318719.093, 63
Trd, 4318719.393, 79
Trd, 4318719.743, 65
Trd, 4318720.443, 61
Trd, 4318722.693, 63
Trd, 4318722.743, 65
Trd, 4318723.293, 65
Trd, 4318723.493, 68
Trd, 4318724.143, 73
Trd, 4318724.793, 139
Trd, 4318725.343, 60
Trd, 4318725.443, 63
Trd, 4318725.693, 140
Trd, 4318726.343, 126
Trd, 4318726.393, 125
Trd, 4318727.643, 64
Trd, 4318728.593, 63
Trd, 4318728.993, 63
Trd, 4318729.443, 140
Trd, 4318729.943, 140
Trd, 4318731.143, 140
Trd, 4318732.493, 97
Trd, 4318732.693, 61
Trd, 4318733.193, 114
Trd, 4318733.743, 79
Trd, 4318733.893, 123
Trd, 4318734.643, 67
Trd, 4318736.293, 140
Trd, 4318736.443, 140
Trd, 4318736.743, 140
Trd, 4318736.993, 140
Trd, 4318737.343, 140
Trd, 4318738.493, 139
Trd, 4318738.593, 118
Trd, 4318739.643, 139
Trd, 4318740.093, 86
Trd, 4318741.093, 140
Trd, 4318742.293, 140
Trd, 4318742.593, 140
Trd, 4318743.043, 140
Trd, 4318743.943, 140
Trd, 4318744.643, 139
Trd, 4318745.193, 139
Trd, 4318745.493, 137
Trd, 4318746.193, 132
Trd, 4318747.143, 140
Trd, 4318747.293, 139
Trd, 4318747.543, 125
Trd, 4318748.093, 137
Trd, 4318748.193, 92
Trd, 4318748.893, 137
Trd, 4318749.543, 69
Trd, 4318751.943, 140
Trd, 4318752.243, 138
Trd, 4318752.543, 137
Trd, 4318752.943, 100
Trd, 4318753.793, 138
Trd, 4318754.693, 140
Trd, 4318755.843, 68
Trd, 4318756.343, 100
Trd, 4318756.743, 110
Trd, 4318757.693, 61
Trd, 4318757.843, 63
Trd, 4318758.643, 140
Trd, 4318758.793, 101
Trd, 4318760.443, 140
Trd, 4318760.993, 140
Trd, 4318761.643, 140
Trd, 4318762.793, 140
Trd, 4318762.993, 140
Trd, 4318763.593, 140
Trd, 4318764.693, 140
Trd, 4318764.893, 140
Trd, 4318764.993, 140
Trd, 4318766.243, 126
Trd, 4318766.343, 79
Trd, 4318767.293, 140
Trd, 4318768.993, 140
Trd, 4318769.243, 140
Trd, 4318769.343, 137
Trd, 4318769.943, 90
Trd, 4318770.043, 69
Trd, 4318771.493, 140
Trd, 4318772.843, 140
Trd, 4318773.393, 140
Trd, 4318773.693, 139
Trd, 4318773.743, 139
Trd, 4318775.743, 140
Trd, 4318775.943, 138
Trd, 4318776.193, 100
Trd, 4318776.693, 139
Trd, 4318777.343, 140
Trd, 4318778.093, 140
Trd, 4318778.743, 140
Trd, 4318779.443, 140
Trd, 4318779.793, 112
Trd, 4318780.043, 139
Trd, 4318781.543, 140
Trd, 4318781.843, 139
Trd, 4318781.893, 138
Trd, 4318782.743, 121
Trd, 4318783.943, 140
Trd, 4318784.643, 139
Trd, 4318786.143, 139
Trd, 4318786.293, 140
Trd, 4318786.843, 140
Trd, 4318787.343, 138
Trd, 4318787.993, 140
Trd, 4318788.743, 140
Trd, 4318788.843, 139
Trd, 4318788.993, 138
Trd, 4318789.643, 140
Trd, 4318790.843, 130
Trd, 4318791.943, 140
Trd, 4318792.893, 140
Trd, 4318793.193, 140
Trd, 4318794.193, 140
Trd, 4318794.243, 140
Trd, 4318794.893, 140
Trd, 4318795.643, 139
Trd, 4318795.793, 140
Trd, 4318796.393, 133
Trd, 4318796.993, 138
Trd, 4318798.093, 140
Trd, 4318798.443, 138
Trd, 4318798.993, 118
Trd, 4318799.293, 62
Trd, 4318799.643, 126
Trd, 4318801.243, 60
Trd, 4318801.393, 60
Trd, 4318801.593, 66
Trd, 4318802.893, 140
Trd, 4318803.243, 140
Trd, 4318803.543, 140
Trd, 4318803.793, 140
Trd, 4318804.093, 138
Trd, 4318804.943, 140
Trd, 4318806.293, 129
Trd, 4318807.443, 140
Trd, 4318807.893, 140
Trd, 4318808.493, 139
Trd, 4318809.293, 140
Trd, 4318811.043, 140
Trd, 4318811.793, 140
Trd, 4318812.393, 140
Trd, 4318812.543, 139
Trd, 4318812.893, 139
Trd, 4318813.543, 137
Trd, 4318814.443, 135
Trd, 4318814.493, 135
Trd, 4318814.993, 140
Trd, 4318816.693, 140
Trd, 4318817.043, 123
Trd, 4318817.343, 140
Trd, 4318817.943, 140
Trd, 4318819.093, 140
Trd, 4318819.293, 140
Trd, 4318819.393, 140
Trd, 4318820.143, 140
Trd, 4318820.693, 140
Trd, 4318821.843, 93
Trd, 4318822.793, 136
Trd, 4318824.343, 137
Trd, 4318825.843, 138
Trd, 4318826.143, 138
Trd, 4318827.243, 140
Trd, 4318827.393, 140
Trd, 4318827.643, 140
Trd, 4318828.243, 140
Trd, 4318828.543, 139
Trd, 4318828.693, 139
Trd, 4318829.043, 140
Trd, 4318830.493, 140
Trd, 4318830.893, 140
Trd, 4318831.043, 140
Trd, 4318831.343, 133
Trd, 4318831.993, 140
Trd, 4318832.093, 138
Trd, 4318833.293, 77
Trd, 4318834.343, 140
Trd, 4318836.443, 140
Trd, 4318836.793, 140
Trd, 4318837.543, 139
Trd, 4318838.743, 140
Trd, 4318838.993, 140
Trd, 4318839.143, 140
Trd, 4318839.193, 140
Trd, 4318839.443, 140
Trd, 4318841.043, 140
Trd, 4318841.093, 138
Trd, 4318841.743, 118
Trd, 4318841.843, 132
Trd, 4318842.643, 70
Trd, 4318843.593, 140
Trd, 4318843.643, 103
Trd, 4318844.443, 140
Trd, 4318845.493, 140
Trd, 4318846.893, 140
Trd, 4318848.293, 139
Trd, 4318848.893, 140
Trd, 4318849.043, 140
Trd, 4318850.643, 140
Trd, 4318851.093, 140
Trd, 4318851.693, 140
Trd, 4318852.193, 140
Trd, 4318852.993, 140
Trd, 4318853.043, 138
Trd, 4318853.543, 139
Trd, 4318853.943, 140
Trd, 4318854.943, 140
Trd, 4318854.993, 139
Trd, 4318856.543, 140
Trd, 4318856.943, 140
Trd, 4318857.243, 138
Trd, 4318857.843, 137
Trd, 4318858.593, 128
Trd, 4318858.943, 95
Trd, 4318859.593, 140
Trd, 4318861.093, 140
Trd, 4318861.793, 138
Trd, 4318862.893, 139
Trd, 4318863.193, 140
Trd, 4318863.593, 140
Trd, 4318863.943, 139
Trd, 4318864.043, 139
Trd, 4318864.193, 78
Trd, 4318865.543, 139
Trd, 4318866.043, 132
Trd, 4318866.443, 140
Trd, 4318866.743, 66
Trd, 4318868.093, 138
Trd, 4318868.993, 140
Trd, 4318869.943, 140
Trd, 4318870.393, 139
Trd, 4318871.243, 139
Trd, 4318871.293, 139
Trd, 4318872.693, 140
Trd, 4318872.793, 138
Trd, 4318872.943, 139
Trd, 4318873.993, 140
Trd, 4318874.193, 139
Trd, 4318875.093, 139
Trd, 4318876.243, 140
Trd, 4318876.443, 129
Trd, 4318876.843, 140
Trd, 4318877.593, 139
Trd, 4318877.893, 69
Trd, 4318878.943, 97
Trd, 4318879.143, 139
Trd, 4318879.843, 83
Trd, 4318880.343, 140
Trd, 4318883.193, 140
Trd, 4318884.343, 140
Trd, 4318884.593, 139
Trd, 4318884.693, 137
Trd, 4318885.043, 140
Trd, 4318885.543, 132
Trd, 4318886.993, 138
Trd, 4318887.143, 137
Trd, 4318888.243, 140
Trd, 4318888.343, 140
Trd, 4318888.743, 140
Trd, 4318889.293, 137
Trd, 4318890.293, 140
Trd, 4318891.443, 140
Trd, 4318891.843, 139
Trd, 4318892.543, 140
Trd, 4318892.643, 136
Trd, 4318893.643, 140
Trd, 4318893.993, 116
Trd, 4318894.093, 88
Trd, 4318894.493, 65
Trd, 4318895.143, 72
Trd, 4318895.543, 136
Trd, 4318896.343, 139
Trd, 4318897.443, 139
Trd, 4318898.443, 140
Trd, 4318899.293, 137
Trd, 4318900.543, 140
Trd, 4318900.943, 138
Trd, 4318901.093, 140
Trd, 4318901.943, 129
Trd, 4318902.543, 134
Trd, 4318903.543, 60
Trd, 4318903.843, 66
Trd, 4318904.143, 140
Trd, 4318904.443, 116
Trd, 4318905.393, 63
Trd, 4318905.743, 62
Trd, 4318905.843, 85
Trd, 4318906.793, 140
Trd, 4318907.993, 133
Trd, 4318908.693, 122
Trd, 4318909.493, 139
Trd, 4318909.793, 124
Trd, 4318910.543, 137
Trd, 4318911.443, 60
Trd, 4318911.543, 66
Trd, 4318912.243, 140
Trd, 4318912.643, 140
Trd, 4318913.043, 138
Trd, 4318913.393, 139
Trd, 4318914.493, 94
Trd, 4318914.693, 136
Trd, 4318916.493, 138
Trd, 4318917.293, 140
Trd, 4318917.543, 140
Trd, 4318918.243, 139
Trd, 4318919.193, 140
Trd, 4318919.843, 140
Trd, 4318921.243, 137
Trd, 4318922.243, 140
Trd, 4318922.793, 138
Trd, 4318922.943, 140
Trd, 4318922.993, 137
Trd, 4318923.293, 140
Trd, 4318923.693, 125
Trd, 4318924.793, 140
Trd, 4318925.443, 140
Trd, 4318926.493, 140
Trd, 4318926.543, 140
Trd, 4318926.893, 140
Trd, 4318927.943, 140
Trd, 4318928.143, 138
Trd, 4318928.443, 118
Trd, 4318928.943, 68
Trd, 4318929.343, 92
Trd, 4318929.743, 62
Trd, 4318930.193, 70
Trd, 4318931.643, 138
Trd, 4318931.793, 62
Trd, 4318933.643, 90
Trd, 4318934.043, 140
Trd, 4318934.393, 140
Trd, 4318934.993, 76
Trd, 4318935.993, 83
Trd, 4318936.593, 138
Trd, 4318936.993, 137
Trd, 4318938.693, 138
Trd, 4318938.943, 137
Trd, 4318939.443, 118
Trd, 4318939.593, 97
Trd, 4318939.793, 98
Trd, 4318940.343, 139
Trd, 4318940.793, 134
Trd, 4318941.593, 140
Trd, 4318942.443, 140
Trd, 4318942.843, 140
Trd, 4318943.193, 138
Trd, 4318943.493, 86
Trd, 4318944.793, 140
Trd, 4318944.843, 140
Trd, 4318945.993, 140
Trd, 4318946.443, 140
Trd, 4318946.693, 140
Trd, 4318947.243, 140
Trd, 4318947.493, 139
Trd, 4318947.943, 119
Trd, 4318948.343, 140
Trd, 4318948.793, 113
Trd, 4318950.443, 60
Trd, 4318950.543, 69
Trd, 4318952.643, 140
Trd, 4318953.493, 140
Trd, 4318953.543, 140
Trd, 4318953.743, 140
Trd, 4318954.093, 140
Trd, 4318954.543, 139
Trd, 4318955.343, 136
Trd, 4318955.843, 140
Trd, 4318957.043, 140
Trd, 4318958.293, 139
Trd, 4318960.093, 140
Trd, 4318960.193, 140
Trd, 4318960.843, 139
Trd, 4318961.193, 139
Trd, 4318961.793, 139
Trd, 4318962.293, 140
Trd, 4318962.993, 140
Trd, 4318963.343, 139
Trd, 4318964.293, 140
Trd, 4318964.493, 138
Trd, 4318965.593, 138
Trd, 4318965.893, 137
Trd, 4318966.343, 119
Trd, 4318966.743, 93
Trd, 4318967.093, 85
Trd, 4318968.493, 140
Trd, 4318969.093, 61
Trd, 4318969.893, 140
Trd, 4318970.393, 140
Trd, 4318970.893, 140
Trd, 4318971.593, 139
Trd, 4318972.143, 138
Trd, 4318973.543, 140
Trd, 4318974.493, 139
Trd, 4318975.043, 139
Trd, 4318975.693, 140
Trd, 4318976.693, 140
Trd, 4318977.043, 140
Trd, 4318977.093, 139
Trd, 4318978.193, 140
Trd, 4318978.643, 136
Trd, 4318979.843, 140
Trd, 4318979.893, 140
Trd, 4318980.593, 139
Trd, 4318981.893, 140
Trd, 4318982.743, 139
Trd, 4318983.243, 128
Trd, 4318983.293, 127
Trd, 4318983.893, 61
Trd, 4318984.293, 62
Trd, 4318984.443, 91
Trd, 4318984.643, 94
Trd, 4318985.893, 140
Trd, 4318986.143, 139
Trd, 4318986.793, 140
Trd, 4318988.093, 139
Trd, 4318989.793, 140
Trd, 4318989.893, 138
Trd, 4318990.643, 140
Trd, 4318990.993, 137
Trd, 4318991.543, 138
Trd, 4318991.843, 140
Trd, 4318992.093, 108
Trd, 4318993.243, 140
Trd, 4318994.143, 140
Trd, 4318994.193, 138
Trd, 4318994.643, 139
Trd, 4318995.293, 137
Trd, 4318996.343, 133
Trd, 4318996.393, 87
Trd, 4318998.893, 140
Trd, 4318998.943, 139
Trd, 4318999.643, 140
Trd, 4318999.943, 140
Trd, 4319000.193, 139
Trd, 4319000.743, 114
Trd, 4319001.543, 60
Trd, 4319001.743, 61
Trd, 4319002.843, 71
Trd, 4319003.293, 87
Trd, 4319003.393, 100
Trd, 4319003.993, 139
Trd, 4319004.493, 91
Trd, 4319005.143, 140
Trd, 4319005.793, 140
Trd, 4319005.893, 140
Trd, 4319007.043, 60
Trd, 4319007.543, 61
Trd, 4319008.243, 95
Trd, 4319008.793, 114
Trd, 4319008.993, 74
Trd, 4319009.193, 117
Trd, 4319009.343, 61
Trd, 4319009.693, 64
Trd, 4319010.943, 139
Trd, 4319012.093, 68
Trd, 4319012.543, 140
Trd, 4319013.293, 140
Trd, 4319014.543, 61
Trd, 4319015.293, 65
Trd, 4319015.393, 70
Trd, 4319015.543, 76
Trd, 4319016.193, 63
Trd, 4319016.943, 115
Trd, 4319017.193, 123
Trd, 4319017.743, 140
Trd, 4319018.143, 69
Trd, 4319019.093, 67
Trd, 4319020.243, 140
Trd, 4319021.493, 139
Trd, 4319021.643, 140
Trd, 4319022.593, 140
Trd, 4319022.843, 139
Trd, 4319023.793, 140
Trd, 4319024.443, 140
Trd, 4319024.793, 139
Trd, 4319025.943, 137
Trd, 4319026.543, 140
Trd, 4319027.243, 139
Trd, 4319027.593, 140
Trd, 4319027.843, 138
Trd, 4319028.043, 137
Trd, 4319028.243, 140
Trd, 4319028.743, 139
Trd, 4319029.443, 140
Trd, 4319031.043, 140
Trd, 4319031.843, 140
Trd, 4319032.093, 121
Trd, 4319033.243, 124
Trd, 4319033.943, 123
Trd, 4319034.643, 140
Trd, 4319035.943, 140
Trd, 4319036.793, 139
Trd, 4319036.893, 139
Trd, 4319037.193, 138
Trd, 4319037.293, 75
Trd, 4319038.693, 140
Trd, 4319038.893, 140
Trd, 4319039.443, 139
Trd, 4319039.493, 137
Trd, 4319040.143, 91
Trd, 4319041.343, 140
Trd, 4319041.843, 140
Trd, 4319041.993, 140
Trd, 4319042.593, 140
Trd, 4319044.043, 140
Trd, 4319044.943, 94
Trd, 4319045.143, 96
Trd, 4319045.343, 109
Trd, 4319045.493, 65
Trd, 4319045.893, 140
Trd, 4319046.243, 139
Trd, 4319048.743, 140
Trd, 4319049.893, 140
Trd, 4319050.293, 140
Trd, 4319050.693, 140
Trd, 4319051.093, 139
Trd, 4319051.143, 137
Trd, 4319052.193, 140
Trd, 4319052.343, 138
Trd, 4319053.593, 140
Trd, 4319054.593, 137
Trd, 4319054.693, 140
Trd, 4319055.193, 65
Trd, 4319055.293, 60
Trd, 4319056.243, 62
Trd, 4319057.193, 60
Trd, 4319057.843, 62
Trd, 4319059.393, 140
Trd, 4319060.193, 140
Trd, 4319060.243, 140
Trd, 4319060.643, 140
Trd, 4319061.843, 139
Trd, 4319063.143, 139
Trd, 4319063.793, 137
Trd, 4319063.993, 122
Trd, 4319064.043, 97
Trd, 4319064.793, 140
Trd, 4319065.943, 140
Trd, 4319066.593, 140
Trd, 4319066.893, 81
Trd, 4319068.593, 62
Trd, 4319068.743, 63
Trd, 4319070.593, 61
Trd, 4319070.943, 98
Trd, 4319071.393, 66
Trd, 4319071.593, 125
Trd, 4319072.843, 140
Trd, 4319074.043, 140
Trd, 4319074.143, 140
Trd, 4319074.343, 135
Trd, 4319074.743, 139
Trd, 4319075.343, 140
Trd, 4319076.843, 140
Trd, 4319077.193, 140
Trd, 4319077.743, 131
Trd, 4319077.993, 78
Trd, 4319080.643, 140
Trd, 4319081.993, 140
Trd, 4319082.393, 140
Trd, 4319082.893, 140
Trd, 4319083.143, 140
Trd, 4319083.293, 140
Trd, 4319083.743, 139
Trd, 4319084.543, 140
Trd, 4319085.043, 140
Trd, 4319085.393, 128
Trd, 4319086.593, 91
Trd, 4319088.293, 140
Trd, 4319089.043, 140
Trd, 4319089.793, 138
Trd, 4319090.643, 140
Trd, 4319090.843, 139
Trd, 4319091.693, 140
Trd, 4319092.043, 140
Trd, 4319092.293, 140
Trd, 4319093.193, 140
Trd, 4319093.443, 138
Trd, 4319094.143, 140
Trd, 4319094.493, 140
Trd, 4319095.043, 140
Trd, 4319095.693, 139
Trd, 4319096.843, 139
Trd, 4319097.693, 139
Trd, 4319098.693, 140
Trd, 4319098.993, 139
Trd, 4319099.293, 132
Trd, 4319100.043, 140
Trd, 4319100.843, 140
Trd, 4319101.493, 63
Trd, 4319103.893, 140
Trd, 4319104.193, 140
Trd, 4319104.793, 140
Trd, 4319105.493, 137
Trd, 4319105.593, 136
Trd, 4319106.143, 140
Trd, 4319107.793, 140
Trd, 4319107.943, 139
Trd, 4319108.143, 60
Trd, 4319109.393, 107
Trd, 4319109.443, 92
Trd, 4319109.693, 139
Trd, 4319109.793, 91
Trd, 4319111.443, 140
Trd, 4319112.243, 140
Trd, 4319113.393, 140
Trd, 4319113.443, 140
Trd, 4319115.393, 138
Trd, 4319115.643, 137
Trd, 4319115.993, 139
Trd, 4319116.293, 111
Trd, 4319117.543, 64
Trd, 4319118.293, 70
Trd, 4319118.543, 140
Trd, 4319119.443, 140
Trd, 4319119.643, 140
Trd, 4319120.493, 137
Trd, 4319120.743, 126
Trd, 4319121.643, 140
Trd, 4319121.943, 125
Trd, 4319124.193, 140
Trd, 4319124.543, 140
Trd, 4319125.043, 140
Trd, 4319125.093, 139
Trd, 4319126.243, 140
Trd, 4319127.493, 137
Trd, 4319127.893, 139
Trd, 4319128.893, 140
Trd, 4319128.943, 134
Trd, 4319129.643, 140
Trd, 4319130.393, 140
Trd, 4319131.393, 140
Trd, 4319132.393, 140
Trd, 4319132.893, 140
Trd, 4319133.193, 140
Trd, 4319133.743, 140
Trd, 4319134.543, 131
Trd, 4319134.693, 134
Trd, 4319136.293, 140
Trd, 4319136.443, 140
Trd, 4319136.693, 139
Trd, 4319137.843, 140
Trd, 4319138.243, 137
Trd, 4319139.643, 105
Trd, 4319140.243, 107
Trd, 4319140.493, 140
Trd, 4319140.743, 140
Trd, 4319141.943, 140
Trd, 4319142.643, 140
Trd, 4319143.293, 140
Trd, 4319143.643, 140
Trd, 4319144.643, 138
Trd, 4319144.743, 125
Trd, 4319146.243, 140
Trd, 4319146.543, 140
Trd, 4319146.893, 140
Trd, 4319146.943, 140
Trd, 4319147.093, 139
Trd, 4319148.793, 140
Trd, 4319149.093, 138
Trd, 4319149.843, 140
Trd, 4319150.543, 140
Trd, 4319150.593, 99
Trd, 4319151.343, 139
Trd, 4319151.693, 140
Trd, 4319153.443, 140
Trd, 4319154.793, 140
Trd, 4319154.943, 140
Trd, 4319155.843, 140
Trd, 4319156.143, 139
Trd, 4319157.943, 140
Trd, 4319158.093, 140
Trd, 4319158.293, 140
Trd, 4319158.893, 140
Trd, 4319158.943, 133
Trd, 4319159.143, 112
Trd, 4319161.543, 140
Trd, 4319162.093, 140
Trd, 4319162.693, 139
Trd, 4319163.243, 136
Trd, 4319163.793, 139
Trd, 4319164.743, 140
Trd, 4319165.193, 140
Trd, 4319165.543, 140
Trd, 4319165.643, 139
Trd, 4319167.493, 140
Trd, 4319167.593, 140
Trd, 4319167.693, 88
Trd, 4319168.043, 72
Trd, 4319168.093, 79
Trd, 4319170.593, 138
Trd, 4319170.993, 140
Trd, 4319171.293, 139
Trd, 4319172.143, 70
Trd, 4319172.843, 62
Trd, 4319173.643, 61
Trd, 4319174.693, 64
Trd, 4319175.143, 68
Trd, 4319175.393, 65
Trd, 4319176.293, 65
Trd, 4319176.493, 68
Trd, 4319177.293, 129
Trd, 4319177.543, 139
Trd, 4319178.593, 61
Trd, 4319178.993, 67
Trd, 4319179.893, 84
Trd, 4319180.643, 61
Trd, 4319181.393, 60
Trd, 4319181.643, 105
Trd, 4319181.793, 64
Trd, 4319181.843, 65
Trd, 4319183.643, 61
Trd, 4319184.543, 63
Trd, 4319184.843, 69
Trd, 4319185.693, 107
Trd, 4319186.543, 65
Trd, 4319186.793, 72
Trd, 4319187.543, 60
Trd, 4319187.893, 87
Trd, 4319187.993, 102
Trd, 4319188.693, 68
Trd, 4319188.893, 82
Trd, 4319189.843, 99
Trd, 4319190.143, 140
Trd, 4319190.343, 140
Trd, 4319190.643, 140
Trd, 4319191.343, 76
Trd, 4319192.693, 140
Trd, 4319193.243, 104
Trd, 4319193.293, 73
Trd, 4319194.243, 94
Trd, 4319194.443, 96
Trd, 4319195.193, 140
Trd, 4319195.343, 140
Trd, 4319196.093, 78
Trd, 4319196.543, 139
Trd, 4319198.193, 136
Trd, 4319198.443, 103
Trd, 4319199.293, 63
Trd, 4319199.993, 64
Trd, 4319200.693, 139
Trd, 4319201.343, 140
Trd, 4319202.993, 140
Trd, 4319203.143, 140
Trd, 4319204.293, 140
Trd, 4319204.443, 140
Trd, 4319204.943, 140
Trd, 4319205.543, 140
Trd, 4319206.093, 138
Trd, 4319206.243, 117
Trd, 4319206.943, 140
Trd, 4319207.893, 140
Trd, 4319208.193, 140
Trd, 4319210.193, 140
Trd, 4319210.393, 140
Trd, 4319210.543, 140
Trd, 4319210.693, 129
Trd, 4319210.743, 120
Trd, 4319212.993, 140
Trd, 4319213.493, 140
Trd, 4319213.943, 139
Trd, 4319215.093, 139
Trd, 4319215.393, 134
Trd, 4319215.793, 140
Trd, 4319215.893, 120
Trd, 4319217.993, 138
Trd, 4319218.593, 138
Trd, 4319219.243, 140
Trd, 4319219.793, 140
Trd, 4319220.943, 140
Trd, 4319220.993, 139
Trd, 4319222.743, 140
Trd, 4319223.443, 140
Trd, 4319223.693, 138
Trd, 4319223.993, 136
Trd, 4319224.043, 131
Trd, 4319224.393, 114
Trd, 4319225.643, 140
Trd, 4319227.143, 140
Trd, 4319227.393, 140
Trd, 4319227.443, 117
Trd, 4319227.543, 110
Trd, 4319228.043, 140
Trd, 4319228.143, 140
Trd, 4319229.493, 140
Trd, 4319229.843, 137
Trd, 4319231.693, 75
Trd, 4319232.043, 139
Trd, 4319232.143, 136
Trd, 4319233.293, 140
Trd, 4319233.843, 135
Trd, 4319234.243, 140
Trd, 4319235.093, 140
Trd, 4319235.243, 140
Trd, 4319235.843, 140
Trd, 4319236.543, 140
Trd, 4319236.693, 140
Trd, 4319237.643, 140
Trd, 4319237.743, 139
Trd, 4319238.543, 140
Trd, 4319239.043, 134
Trd, 4319240.193, 137
Trd, 4319240.243, 87
Trd, 4319241.493, 140
Trd, 4319242.143, 102
Trd, 4319243.743, 140
Trd, 4319244.043, 140
Trd, 4319244.143, 140
Trd, 4319244.193, 139
Trd, 4319245.043, 138
Trd, 4319245.743, 136
Trd, 4319245.893, 135
Trd, 4319247.743, 140
Trd, 4319248.143, 140
Trd, 4319249.193, 140
Trd, 4319249.243, 140
Trd, 4319251.043, 140
Trd, 4319251.243, 140
Trd, 4319251.443, 138
Trd, 4319252.493, 139
Trd, 4319252.893, 139
Trd, 4319253.793, 139
Trd, 4319254.993, 140
Trd, 4319255.793, 140
Trd, 4319256.193, 140
Trd, 4319256.243, 138
Trd, 4319256.643, 140
Trd, 4319257.893, 140
Trd, 4319258.393, 140
Trd, 4319259.493, 140
Trd, 4319259.893, 140
Trd, 4319260.143, 139
Trd, 4319261.543, 138
Trd, 4319261.593, 130
Trd, 4319261.643, 85
Trd, 4319262.643, 135
Trd, 4319262.893, 131
Trd, 4319262.943, 130
Trd, 4319263.393, 69
Trd, 4319264.093, 140
Trd, 4319264.843, 63
Trd, 4319266.043, 60
Trd, 4319266.993, 61
Trd, 4319267.543, 64
Trd, 4319267.593, 74
Trd, 4319267.993, 139
Trd, 4319269.893, 140
Trd, 4319271.043, 140
Trd, 4319271.343, 140
Trd, 4319272.393, 140
Trd, 4319272.443, 139
Trd, 4319272.543, 111
Trd, 4319272.793, 67
Trd, 4319273.393, 111
Trd, 4319274.693, 140
Trd, 4319276.043, 140
Trd, 4319276.243, 139
Trd, 4319276.743, 140
Trd, 4319276.843, 139
Trd, 4319277.043, 65
Trd, 4319278.893, 139
Trd, 4319279.543, 139
Trd, 4319279.943, 129
Trd, 4319280.443, 140
Trd, 4319280.993, 140
Trd, 4319281.343, 140
Trd, 4319281.593, 137
Trd, 4319282.793, 139
Trd, 4319283.793, 140
Trd, 4319283.943, 139
Trd, 4319284.193, 139
Trd, 4319284.443, 115
Trd, 4319285.843, 63
Trd, 4319286.743, 60
Trd, 4319286.943, 61
Trd, 4319287.343, 64
Trd, 4319288.693, 65
Trd, 4319288.943, 63
Trd, 4319289.643, 63
Trd, 4319290.193, 127
Trd, 4319291.393, 140
Trd, 4319291.593, 140
Trd, 4319292.343, 140
Trd, 4319292.393, 137
Trd, 4319292.493, 111
Trd, 4319292.893, 131
Trd, 4319293.793, 140
Trd, 4319293.843, 139
Trd, 4319294.693, 140
Trd, 4319294.993, 118
Trd, 4319295.793, 89
Trd, 4319296.243, 60
Trd, 4319296.993, 60
Trd, 4319297.493, 60
Trd, 4319297.693, 64
Trd, 4319297.993, 60
Trd, 4319299.243, 69
Trd, 4319300.593, 61
Trd, 4319301.193, 61
Trd, 4319301.393, 63
Trd, 4319301.443, 68
Trd, 4319301.693, 61
Trd, 4319303.093, 60
Trd, 4319303.793, 62
Trd, 4319303.893, 62
Trd, 4319304.243, 61
Trd, 4319305.693, 140
Trd, 4319305.893, 139
Trd, 4319306.043, 101
Trd, 4319307.293, 104
Trd, 4319307.693, 61
Trd, 4319308.043, 118
Trd, 4319308.593, 140
Trd, 4319309.093, 138
Trd, 4319309.493, 78
Trd, 4319310.593, 140
Trd, 4319310.843, 139
Trd, 4319311.293, 67
Trd, 4319312.043, 140
Trd, 4319312.293, 140
Trd, 4319312.593, 61
Trd, 4319313.893, 64
Trd, 4319314.593, 140
Trd, 4319315.393, 63
Trd, 4319316.693, 66
Trd, 4319316.793, 83
Trd, 4319316.893, 60
Trd, 4319317.743, 139
Trd, 4319318.143, 138
Trd, 4319318.493, 140
Trd, 4319319.643, 140
Trd, 4319321.043, 140
Trd, 4319321.193, 140
Trd, 4319321.743, 111
Trd, 4319322.043, 108
Trd, 4319322.643, 138
Trd, 4319323.043, 129
Trd, 4319323.243, 132
Trd, 4319323.993, 139
Trd, 4319324.193, 65
Trd, 4319325.043, 86
Trd, 4319326.143, 112
Trd, 4319326.293, 115
Trd, 4319326.743, 140
Trd, 4319327.493, 140
Trd, 4319327.793, 76
Trd, 4319328.393, 66
Trd, 4319328.843, 62
Trd, 4319329.543, 65
Trd, 4319330.293, 140
Trd, 4319331.243, 65
Trd, 4319331.593, 60
Trd, 4319333.493, 140
Trd, 4319334.043, 140
Trd, 4319334.293, 140
Trd, 4319335.843, 138
Trd, 4319336.243, 118
Trd, 4319336.743, 137
Trd, 4319337.443, 133
Trd, 4319337.693, 139
Trd, 4319339.393, 140
Trd, 4319339.493, 139
Trd, 4319340.443, 138
Trd, 4319341.143, 140
Trd, 4319341.643, 140
Trd, 4319342.443, 140
Trd, 4319342.693, 140
Trd, 4319343.643, 140
Trd, 4319344.293, 139
Trd, 4319344.393, 140
Trd, 4319345.143, 138
Trd, 4319345.293, 138
Trd, 4319346.343, 139
Trd, 4319346.843, 140
Trd, 4319347.293, 139
Trd, 4319347.493, 138
Trd, 4319348.693, 139
Trd, 4319348.843, 140
Trd, 4319350.193, 140
Trd, 4319350.593, 140
Trd, 4319351.343, 140
Trd, 4319352.493, 140
Trd, 4319353.293, 140
Trd, 4319353.593, 140
Trd, 4319354.343, 140
Trd, 4319355.193, 140
Trd, 4319355.543, 137
Trd, 4319356.243, 140
Trd, 4319357.143, 139
Trd, 4319357.193, 136
Trd, 4319358.343, 140
Trd, 4319358.443, 111
Trd, 4319359.693, 140
Trd, 4319360.443, 137
Trd, 4319360.743, 140
Trd, 4319360.993, 140
Trd, 4319361.193, 134
Trd, 4319361.743, 134
Trd, 4319362.993, 60
Trd, 4319363.093, 107
Trd, 4319363.643, 60
Trd, 4319364.243, 139
Trd, 4319364.993, 94
Trd, 4319365.693, 140
Trd, 4319366.143, 139
Trd, 4319367.143, 140
Trd, 4319367.993, 139
Trd, 4319369.043, 139
Trd, 4319369.593, 140
Trd, 4319370.443, 140
Trd, 4319370.593, 140
Trd, 4319371.243, 139
Trd, 4319372.343, 138
Trd, 4319372.593, 139
Trd, 4319373.643, 140
Trd, 4319374.793, 140
Trd, 4319374.893, 139
Trd, 4319375.493, 138
Trd, 4319376.393, 138
Trd, 4319376.443, 107
Trd, 4319377.843, 60
Trd, 4319377.943, 73
Trd, 4319378.593, 62
Trd, 4319379.093, 139
Trd, 4319379.793, 140
Trd, 4319382.043, 60
Trd, 4319382.393, 60
Trd, 4319382.943, 60
Trd, 4319383.493, 67
Trd, 4319383.593, 126
Trd, 4319383.893, 140
Trd, 4319385.343, 140
Trd, 4319385.743, 138
Trd, 4319385.843, 135
Trd, 4319386.793, 140
Trd, 4319388.043, 140
Trd, 4319388.443, 139
Trd, 4319388.743, 140
Trd, 4319389.393, 140
Trd, 4319391.043, 130
Trd, 4319391.993, 100
Trd, 4319392.293, 140
Trd, 4319392.493, 139
Trd, 4319392.993, 140
Trd, 4319393.143, 140
Trd, 4319394.543, 140
Trd, 4319394.593, 140
Trd, 4319395.693, 137
Trd, 4319396.193, 136
Trd, 4319396.693, 140
Trd, 4319397.743, 137
Trd, 4319398.943, 140
Trd, 4319399.343, 126
Trd, 4319399.743, 137
Trd, 4319400.043, 137
Trd, 4319400.743, 136
Trd, 4319400.943, 135
Trd, 4319401.093, 111
Trd, 4319401.493, 84
Trd, 4319402.543, 105
Trd, 4319403.143, 101
Trd, 4319404.443, 60
Trd, 4319404.543, 60
Trd, 4319404.693, 62
Trd, 4319404.743, 133
Trd, 4319405.643, 75
Trd, 4319406.443, 83
Trd, 4319406.943, 106
Trd, 4319407.543, 104
Trd, 4319407.743, 81
Trd, 4319408.643, 86
Trd, 4319408.893, 138
Trd, 4319409.293, 60
Trd, 4319409.643, 63
Trd, 4319410.343, 63
Trd, 4319411.793, 70
Trd, 4319413.043, 77
Trd, 4319413.243, 80
Trd, 4319413.843, 60
Trd, 4319413.943, 64
Trd, 4319415.393, 61
Trd, 4319415.543, 65
Trd, 4319415.743, 78
Trd, 4319416.743, 140
Trd, 4319417.943, 140
Trd, 4319419.143, 140
Trd, 4319419.443, 140
Trd, 4319420.293, 140
Trd, 4319420.343, 139
Trd, 4319420.943, 140
Trd, 4319422.093, 140
Trd, 4319422.343, 140
Trd, 4319423.043, 140
Trd, 4319423.743, 140
Trd, 4319424.143, 140
Trd, 4319425.093, 140
Trd, 4319426.043, 140
Trd, 4319426.243, 139
Trd, 4319427.093, 133
Trd, 4319427.693, 134
Trd, 4319428.593, 136
Trd, 4319429.293, 139
Trd, 4319429.443, 140
Trd, 4319430.143, 139
Trd, 4319430.543, 136
Trd, 4319431.143, 139
Trd, 4319431.593, 138
Trd, 4319431.943, 137
Trd, 4319432.243, 136
Trd, 4319432.893, 131
Trd, 4319433.693, 140
Trd, 4319434.643, 140
Trd, 4319434.743, 140
Trd, 4319435.343, 126
Trd, 4319436.943, 62
Trd, 4319437.293, 86
Trd, 4319437.493, 140
Trd, 4319438.093, 139
Trd, 4319439.193, 140
Trd, 4319439.393, 139
Trd, 4319439.493, 138
Trd, 4319440.693, 140
Trd, 4319441.693, 140
Trd, 4319441.993, 140
Trd, 4319442.843, 140
Trd, 4319442.943, 140
Trd, 4319443.693, 139
Trd, 4319443.893, 103
Trd, 4319444.293, 89
Trd, 4319444.443, 85
Trd, 4319445.093, 90
Trd, 4319445.793, 140
Trd, 4319447.393, 63
Trd, 4319447.993, 91
Trd, 4319448.093, 89
Trd, 4319448.243, 140
Trd, 4319449.093, 140
Trd, 4319449.593, 139
Trd, 4319450.293, 122
Trd, 4319450.843, 73
Trd, 4319451.293, 67
Trd, 4319451.843, 70
Trd, 4319452.343, 70
Trd, 4319452.993, 139
Trd, 4319453.293, 140
Trd, 4319453.893, 139
Trd, 4319454.143, 127
Trd, 4319454.793, 92
Trd, 4319456.443, 60
Trd, 4319458.043, 60
Trd, 4319458.193, 63
Trd, 4319458.243, 69
Trd, 4319458.443, 140
Trd, 4319459.243, 95
Trd, 4319459.743, 85
Trd, 4319460.143, 101
Trd, 4319460.843, 140
Trd, 4319461.143, 67
Trd, 4319461.943, 140
Trd, 4319462.643, 140
Trd, 4319463.343, 137
Trd, 4319464.393, 139
Trd, 4319465.093, 140
Trd, 4319465.843, 139
Trd, 4319465.893, 103
Trd, 4319466.043, 135
Trd, 4319467.093, 64
Trd, 4319468.393, 60
Trd, 4319468.843, 69
Trd, 4319469.543, 60
Trd, 4319469.843, 63
Trd, 4319470.793, 140
Trd, 4319471.293, 140
Trd, 4319471.743, 140
Trd, 4319471.843, 140
Trd, 4319473.643, 140
Trd, 4319473.793, 140
Trd, 4319474.193, 140
Trd, 4319474.243, 139
Trd, 4319475.693, 139
Trd, 4319475.743, 138
Trd, 4319475.943, 122
Trd, 4319477.843, 140
Trd, 4319478.243, 140
Trd, 4319478.343, 140
Trd, 4319478.543, 140
Trd, 4319479.793, 140
Trd, 4319480.793, 140
Trd, 4319481.543, 139
Trd, 4319483.343, 140
Trd, 4319483.693, 140
Trd, 4319484.043, 140
Trd, 4319484.743, 140
Trd, 4319485.393, 138
Trd, 4319485.543, 137
Trd, 4319486.593, 139
Trd, 4319487.043, 140
Trd, 4319487.143, 139
Trd, 4319487.343, 119
Trd, 4319487.593, 84
Trd, 4319489.143, 140
Trd, 4319489.943, 140
Trd, 4319490.143, 139
Trd, 4319491.893, 140
Trd, 4319492.693, 140
Trd, 4319493.043, 140
Trd, 4319493.193, 140
Trd, 4319493.893, 138
Trd, 4319494.093, 106
Trd, 4319495.543, 140
Trd, 4319496.393, 140
Trd, 4319496.493, 140
Trd, 4319496.593, 73
Trd, 4319497.743, 140
Trd, 4319498.543, 136
Trd, 4319498.593, 130
Trd, 4319499.793, 140
Trd, 4319502.043, 139
Trd, 4319502.193, 140
Trd, 4319502.543, 139
Trd, 4319503.093, 140
Trd, 4319503.493, 139
Trd, 4319505.893, 140
Trd, 4319506.093, 140
Trd, 4319506.143, 139
Trd, 4319506.593, 139
Trd, 4319506.843, 140
Trd, 4319507.243, 137
Trd, 4319508.493, 139
Trd, 4319508.943, 127
Trd, 4319509.493, 110
Trd, 4319510.243, 140
Trd, 4319510.343, 139
Trd, 4319511.343, 67
Trd, 4319511.393, 116
Trd, 4319511.893, 138
Trd, 4319512.993, 60
Trd, 4319513.243, 62
Trd, 4319513.393, 68
Trd, 4319514.793, 61
Trd, 4319515.393, 104
Trd, 4319515.843, 63
Trd, 4319516.693, 69
Trd, 4319517.093, 64
Trd, 4319518.193, 63
Trd, 4319518.593, 63
Trd, 4319518.693, 72
Trd, 4319519.993, 140
Trd, 4319520.193, 138
Trd, 4319521.043, 140
Trd, 4319521.193, 137
Trd, 4319523.093, 140
Trd, 4319525.043, 140
Trd, 4319525.293, 140
Trd, 4319525.843, 140
Trd, 4319525.993, 140
Trd, 4319526.043, 139
Trd, 4319526.293, 139
Trd, 4319526.593, 140
Trd, 4319527.243, 139
Trd, 4319527.743, 137
Trd, 4319528.793, 140
Trd, 4319529.043, 133
Trd, 4319529.143, 124
Trd, 4319530.293, 105
Trd, 4319530.643, 106
Trd, 4319532.993, 60
Trd, 4319533.093, 61
Trd, 4319533.143, 65
Trd, 4319533.293, 70
Trd, 4319533.643, 79
Trd, 4319534.193, 61
Trd, 4319534.893, 64
Trd, 4319535.893, 67
Trd, 4319536.743, 140
Trd, 4319537.143, 140
Trd, 4319537.443, 140
Trd, 4319537.893, 140
Trd, 4319538.243, 81
Trd, 4319538.793, 75
Trd, 4319539.243, 140
Trd, 4319540.093, 135
Trd, 4319540.593, 99
Trd, 4319541.043, 137
Trd, 4319541.793, 138
Trd, 4319542.793, 140
Trd, 4319543.643, 139
Trd, 4319544.543, 131
Trd, 4319544.843, 83
Trd, 4319544.893, 74
Trd, 4319546.843, 140
Trd, 4319547.743, 140
Trd, 4319547.793, 139
Trd, 4319547.943, 138
Trd, 4319548.993, 79
Trd, 4319549.593, 108
Trd, 4319550.293, 138
Trd, 4319550.593, 137
Trd, 4319551.293, 138
Trd, 4319551.843, 140
Trd, 4319552.643, 140
Trd, 4319554.593, 138
Trd, 4319555.193, 139
Trd, 4319555.493, 138
Trd, 4319556.743, 139
Trd, 4319557.143, 140
Trd, 4319557.243, 138
Trd, 4319557.943, 140
Trd, 4319558.943, 140
Trd, 4319559.193, 139
Trd, 4319559.593, 140
Trd, 4319560.193, 137
Trd, 4319561.193, 129
Trd, 4319561.343, 110
Trd, 4319562.543, 139
Trd, 4319564.693, 140
Trd, 4319564.993, 140
Trd, 4319565.293, 140
Trd, 4319567.343, 140
Trd, 4319567.593, 140
Trd, 4319568.043, 140
Trd, 4319568.643, 140
Trd, 4319568.943, 140
Trd, 4319570.443, 140
Trd, 4319570.743, 140
Trd, 4319571.493, 139
Trd, 4319571.893, 139
Trd, 4319572.493, 139
Trd, 4319573.043, 98
Trd, 4319573.293, 138
Trd, 4319573.893, 140
Trd, 4319574.393, 138
Trd, 4319575.193, 137
Trd, 4319576.793, 138
Trd, 4319577.493, 139
Trd, 4319577.543, 137
Trd, 4319578.343, 139
Trd, 4319578.743, 138
Trd, 4319579.243, 139
Trd, 4319580.093, 130
Trd, 4319581.193, 138
Trd, 4319581.843, 140
Trd, 4319582.693, 140
Trd, 4319582.993, 139
Trd, 4319583.943, 140
Trd, 4319584.893, 140
Trd, 4319585.293, 139
Trd, 4319585.593, 139
Trd, 4319586.843, 140
Trd, 4319587.243, 140
Trd, 4319587.443, 126
Trd, 4319587.943, 130
Trd, 4319588.943, 140
Trd, 4319589.343, 138
Trd, 4319590.043, 66
Trd, 4319590.593, 138
Trd, 4319590.743, 130
Trd, 4319591.393, 62
Trd, 4319591.843, 63
Trd, 4319592.193, 63
Trd, 4319592.843, 63
Trd, 4319592.993, 64
Trd, 4319593.543, 140
Trd, 4319594.393, 140
Trd, 4319595.593, 66
Trd, 4319595.843, 75
Trd, 4319596.243, 61
Trd, 4319597.343, 140
Trd, 4319597.643, 140
Trd, 4319598.043, 140
Trd, 4319598.543, 140
Trd, 4319599.443, 86
Trd, 4319600.043, 89
Trd, 4319600.693, 76
Trd, 4319601.093, 65
Trd, 4319601.543, 63
Trd, 4319602.193, 66
Trd, 4319602.993, 62
Trd, 4319603.093, 93
Trd, 4319604.743, 60
Trd, 4319604.893, 61
Trd, 4319606.193, 61
Trd, 4319606.443, 62
Trd, 4319606.793, 63
Trd, 4319607.143, 93
Trd, 4319607.443, 60
Trd, 4319608.043, 64
Trd, 4319608.293, 61
Trd, 4319609.043, 60
Trd, 4319609.193, 87
Trd, 4319610.743, 68
Trd, 4319612.393, 60
Trd, 4319612.543, 65
Trd, 4319612.643, 82
Trd, 4319613.443, 60
Trd, 4319613.843, 72
Trd, 4319614.343, 85
Trd, 4319614.493, 93
Trd, 4319614.743, 140
Trd, 4319616.043, 61
Trd, 4319616.943, 62
Trd, 4319617.893, 60
Trd, 4319617.993, 62
Trd, 4319618.093, 65
Trd, 4319618.493, 61
Trd, 4319619.343, 140
Trd, 4319621.143, 140
Trd, 4319621.493, 140
Trd, 4319621.693, 140
Trd, 4319623.093, 140
Trd, 4319623.493, 140
Trd, 4319624.493, 140
Trd, 4319625.393, 140
Trd, 4319625.843, 139
Trd, 4319626.293, 72
Trd, 4319626.943, 82
Trd, 4319626.993, 71
Trd, 4319627.393, 88
Trd, 4319628.393, 100
Trd, 4319629.643, 138
Trd, 4319631.443, 140
Trd, 4319631.593, 138
Trd, 4319631.643, 137
Trd, 4319631.993, 139
Trd, 4319632.443, 103
Trd, 4319632.893, 140
Trd, 4319633.043, 139
Trd, 4319633.343, 140
Trd, 4319633.993, 93
Trd, 4319635.343, 140
Trd, 4319635.643, 140
Trd, 4319636.043, 140
Trd, 4319638.043, 140
Trd, 4319638.093, 140
Trd, 4319638.443, 140
Trd, 4319639.443, 140
Trd, 4319639.643, 139
Trd, 4319640.993, 140
Trd, 4319641.243, 140
Trd, 4319641.693, 136
Trd, 4319642.943, 138
Trd, 4319643.393, 137
Trd, 4319643.443, 130
Trd, 4319644.743, 140
Trd, 4319645.093, 140
Trd, 4319645.893, 140
Trd, 4319645.993, 138
Trd, 4319647.343, 130
Trd, 4319648.243, 139
Trd, 4319648.593, 140
Trd, 4319649.243, 140
Trd, 4319649.693, 140
Trd, 4319650.493, 139
Trd, 4319650.893, 138
Trd, 4319651.843, 140
Trd, 4319652.243, 139
Trd, 4319653.343, 140
Trd, 4319653.693, 78
Trd, 4319653.943, 110
Trd, 4319654.943, 140
Trd, 4319655.843, 140
Trd, 4319656.143, 139
Trd, 4319656.543, 136
Trd, 4319657.093, 140
Trd, 4319657.743, 140
Trd, 4319658.643, 139
Trd, 4319658.743, 118
Trd, 4319660.093, 140
Trd, 4319660.993, 140
Trd, 4319661.843, 140
Trd, 4319662.343, 139
Trd, 4319662.743, 123
Trd, 4319662.893, 89
Trd, 4319663.943, 140
Trd, 4319664.293, 140
Trd, 4319664.793, 60
Trd, 4319667.043, 140
Trd, 4319667.093, 140
Trd, 4319667.993, 140
Trd, 4319668.343, 140
Trd, 4319668.643, 140
Trd, 4319669.243, 140
Trd, 4319669.493, 140
Trd, 4319670.343, 60
Trd, 4319671.193, 60
Trd, 4319671.343, 60
Trd, 4319671.843, 65
Trd, 4319673.043, 140
Trd, 4319673.143, 139
Trd, 4319673.843, 139
Trd, 4319674.993, 140
Trd, 4319676.343, 140
Trd, 4319676.593, 140
Trd, 4319677.093, 139
Trd, 4319678.093, 140
Trd, 4319678.193, 140
Trd, 4319678.243, 136
Trd, 4319678.743, 130
Trd, 4319680.843, 140
Trd, 4319681.993, 139
Trd, 4319682.093, 139
Trd, 4319682.393, 139
Trd, 4319682.693, 137
Trd, 4319683.543, 136
Trd, 4319684.243, 123
Trd, 4319685.193, 139
Trd, 4319685.443, 137
Trd, 4319686.793, 140
Trd, 4319687.343, 140
Trd, 4319688.043, 140
Trd, 4319688.093, 138
Trd, 4319689.193, 140
Trd, 4319689.793, 72
Trd, 4319691.193, 140
Trd, 4319691.543, 139
Trd, 4319691.643, 139
Trd, 4319692.343, 107
Trd, 4319693.043, 64
Trd, 4319693.293, 97
Trd, 4319693.643, 78
Trd, 4319695.193, 140
Trd, 4319695.493, 140
Trd, 4319695.543, 140
Trd, 4319696.243, 60
Trd, 4319696.493, 61
Trd, 4319696.893, 140
Trd, 4319697.993, 140
Trd, 4319698.193, 139
Trd, 4319699.843, 140
Trd, 4319700.493, 140
Trd, 4319700.793, 139
Trd, 4319700.843, 135
Trd, 4319700.943, 139
Trd, 4319702.393, 136
Trd, 4319703.543, 140
Trd, 4319703.643, 140
Trd, 4319705.143, 140
Trd, 4319705.443, 138
Trd, 4319705.943, 139
Trd, 4319707.093, 140
Trd, 4319707.693, 140
Trd, 4319708.293, 140
Trd, 4319709.143, 140
Trd, 4319709.743, 140
Trd, 4319711.043, 140
Trd, 4319711.193, 140
Trd, 4319711.793, 137
Trd, 4319713.043, 140
Trd, 4319714.543, 140
Trd, 4319714.893, 140
Trd, 4319715.643, 140
Trd, 4319716.043, 68
Trd, 4319716.343, 62
Trd, 4319716.943, 69
Trd, 4319717.093, 105
Trd, 4319717.443, 134
Trd, 4319717.693, 94
Trd, 4319717.843, 60
Trd, 4319719.343, 120
Trd, 4319720.293, 140
Trd, 4319721.293, 139
Trd, 4319722.593, 140
Trd, 4319722.643, 140
Trd, 4319722.693, 139
Trd, 4319723.793, 139
Trd, 4319724.043, 140
Trd, 4319724.143, 138
Trd, 4319725.343, 128
Trd, 4319725.693, 111
Trd, 4319725.743, 103
Trd, 4319726.443, 138
Trd, 4319727.493, 127
Trd, 4319727.943, 90
Trd, 4319728.993, 140
Trd, 4319729.593, 140
Trd, 4319729.743, 140
Trd, 4319731.093, 140
Trd, 4319731.143, 140
Trd, 4319733.093, 140
Trd, 4319733.743, 139
Trd, 4319734.493, 139
Trd, 4319735.143, 140
Trd, 4319735.743, 140
Trd, 4319736.243, 140
Trd, 4319736.593, 139
Trd, 4319737.093, 139
Trd, 4319737.843, 61
Trd, 4319738.393, 61
Trd, 4319738.543, 65
Trd, 4319738.643, 66
Trd, 4319740.343, 108
Trd, 4319741.043, 136
Trd, 4319741.593, 62
Trd, 4319742.293, 140
Trd, 4319743.443, 140
Trd, 4319744.293, 140
Trd, 4319744.393, 140
Trd, 4319744.793, 139
Trd, 4319745.793, 138
Trd, 4319746.193, 128
Trd, 4319746.843, 91
Trd, 4319747.393, 126
Trd, 4319747.493, 140
Trd, 4319748.493, 64
Trd, 4319748.693, 65
Trd, 4319749.643, 95
Trd, 4319750.143, 139
Trd, 4319750.543, 140
Trd, 4319750.893, 139
Trd, 4319751.393, 60
Trd, 4319752.293, 60
Trd, 4319752.343, 61
Trd, 4319753.093, 134
Trd, 4319753.593, 61
Trd, 4319754.393, 61
Trd, 4319754.543, 101
Trd, 4319756.443, 140
Trd, 4319756.843, 140
Trd, 4319758.093, 140
Trd, 4319758.843, 137
Trd, 4319759.243, 140
Trd, 4319759.343, 136
Trd, 4319759.993, 139
Trd, 4319760.893, 140
Trd, 4319761.843, 139
Trd, 4319763.243, 140
Trd, 4319763.543, 137
Trd, 4319764.543, 139
Trd, 4319764.893, 133
Trd, 4319766.693, 140
Trd, 4319767.193, 140
Trd, 4319767.943, 138
Trd, 4319768.543, 140
Trd, 4319768.893, 140
Trd, 4319769.843, 138
Trd, 4319770.393, 120
Trd, 4319771.343, 138
Trd, 4319771.443, 125
Trd, 4319772.143, 140
Trd, 4319773.143, 140
Trd, 4319774.493, 140
Trd, 4319774.893, 139
Trd, 4319775.093, 139
Trd, 4319775.143, 138
Trd, 4319775.293, 139
Trd, 4319777.493, 140
Trd, 4319777.893, 140
Trd, 4319778.043, 137
Trd, 4319778.593, 138
Trd, 4319779.243, 129
Trd, 4319779.643, 121
Trd, 4319780.993, 140
Trd, 4319781.443, 140
Trd, 4319781.843, 137
Trd, 4319782.193, 138
Trd, 4319782.493, 97
Trd, 4319783.493, 103
Trd, 4319784.443, 140
Trd, 4319786.193, 140
Trd, 4319786.293, 140
Trd, 4319786.393, 140
Trd, 4319786.543, 73
Trd, 4319786.643, 112
Trd, 4319788.243, 140
Trd, 4319788.493, 140
Trd, 4319788.593, 140
Trd, 4319789.243, 89
Trd, 4319789.593, 89
Trd, 4319790.293, 140
Trd, 4319791.993, 140
Trd, 4319792.443, 140
Trd, 4319793.293, 140
Trd, 4319794.043, 140
Trd, 4319794.493, 140
Trd, 4319794.893, 140
Trd, 4319794.943, 140
Trd, 4319795.993, 139
Trd, 4319796.043, 138
Trd, 4319796.493, 112
Trd, 4319797.343, 62
Trd, 4319799.243, 140
Trd, 4319799.643, 140
Trd, 4319800.093, 140
Trd, 4319800.893, 140
Trd, 4319801.443, 138
Trd, 4319801.743, 138
Trd, 4319801.793, 131
Trd, 4319802.093, 113
Trd, 4319802.193, 111
Trd, 4319802.893, 140
Trd, 4319804.293, 130
Trd, 4319805.043, 140
Trd, 4319805.893, 137
Trd, 4319807.293, 140
Trd, 4319807.693, 140
Trd, 4319807.943, 140
Trd, 4319808.543, 139
Trd, 4319808.943, 139
Trd, 4319810.443, 140
Trd, 4319810.543, 140
Trd, 4319812.743, 140
Trd, 4319813.543, 140
Trd, 4319814.143, 139
Trd, 4319814.343, 140
Trd, 4319816.093, 140
Trd, 4319816.543, 139
Trd, 4319816.743, 139
Trd, 4319817.443, 140
Trd, 4319818.143, 139
Trd, 4319819.793, 140
Trd, 4319820.143, 129
Trd, 4319821.393, 140
Trd, 4319821.743, 140
Trd, 4319822.093, 140
Trd, 4319822.593, 140
Trd, 4319822.943, 139
Trd, 4319824.043, 140
Trd, 4319824.743, 137
Trd, 4319824.943, 135
Trd, 4319825.393, 140
Trd, 4319825.543, 100
Trd, 4319826.843, 108
Trd, 4319827.493, 136
Trd, 4319828.193, 70
Trd, 4319828.243, 87
Trd, 4319828.893, 124
Trd, 4319830.193, 140
Trd, 4319830.293, 128
Trd, 4319831.343, 60
Trd, 4319831.393, 68
Trd, 4319832.093, 138
Trd, 4319832.893, 140
Trd, 4319833.093, 140
Trd, 4319834.143, 137
Trd, 4319834.793, 140
Trd, 4319836.743, 140
Trd, 4319837.043, 140
Trd, 4319838.543, 139
Trd, 4319839.093, 140
Trd, 4319839.843, 140
Trd, 4319840.193, 139
Trd, 4319840.643, 140
Trd, 4319840.893, 139
Trd, 4319841.143, 133
Trd, 4319841.193, 125
Trd, 4319842.343, 140
Trd, 4319843.193, 139
Trd, 4319843.843, 140
Trd, 4319845.243, 140
Trd, 4319846.093, 140
Trd, 4319846.943, 140
Trd, 4319847.593, 140
Trd, 4319848.093, 140
Trd, 4319848.493, 140
Trd, 4319848.993, 140
Trd, 4319849.893, 140
Trd, 4319850.493, 140
Trd, 4319851.293, 140
Trd, 4319851.343, 140
Trd, 4319851.643, 138
Trd, 4319852.993, 140
Trd, 4319854.643, 140
Trd, 4319854.793, 119
Trd, 4319854.993, 118
Trd, 4319856.043, 69
Trd, 4319856.193, 114
Trd, 4319856.443, 131
Trd, 4319857.143, 116
Trd, 4319857.843, 60
Trd, 4319857.993, 62
Trd, 4319858.843, 140
Trd, 4319859.943, 138
Trd, 4319860.343, 140
Trd, 4319860.443, 140
Trd, 4319861.343, 140
Trd, 4319861.743, 139
Trd, 4319863.593, 140
Trd, 4319863.743, 77
Trd, 4319863.843, 71
Trd, 4319864.393, 139
Trd, 4319864.493, 138
Trd, 4319866.093, 137
Trd, 4319866.693, 140
Trd, 4319867.043, 139
Trd, 4319867.393, 135
Trd, 4319868.093, 139
Trd, 4319868.293, 126
Trd, 4319869.243, 140
Trd, 4319870.743, 140
Trd, 4319871.943, 140
Trd, 4319872.593, 139
Trd, 4319872.893, 136
Trd, 4319872.993, 135
Trd, 4319873.293, 118
Trd, 4319874.543, 139
Trd, 4319874.943, 137
Trd, 4319875.643, 140
Trd, 4319876.543, 140
Trd, 4319876.593, 118
Trd, 4319876.993, 140
Trd, 4319877.993, 140
Trd, 4319878.143, 136
Trd, 4319878.943, 138
Trd, 4319879.993, 140
Trd, 4319880.343, 140
Trd, 4319881.243, 127
Trd, 4319881.443, 140
Trd, 4319882.343, 137
Trd, 4319882.443, 135
Trd, 4319882.893, 118
Trd, 4319883.543, 64
Trd, 4319884.543, 140
Trd, 4319885.343, 140
Trd, 4319885.443, 140
Trd, 4319886.443, 140
Trd, 4319887.443, 139
Trd, 4319887.993, 140
Trd, 4319888.243, 139
Trd, 4319888.793, 139
Trd, 4319889.543, 139
Trd, 4319890.393, 140
Trd, 4319891.193, 140
Trd, 4319891.543, 138
Trd, 4319891.793, 138
Trd, 4319892.443, 96
Trd, 4319893.343, 140
Trd, 4319894.243, 138
Trd, 4319895.443, 140
Trd, 4319896.043, 140
Trd, 4319896.193, 140
Trd, 4319896.343, 139
Trd, 4319898.143, 140
Trd, 4319898.593, 140
Trd, 4319898.793, 140
Trd, 4319899.043, 137
Trd, 4319899.193, 129
Trd, 4319900.293, 113
Trd, 4319901.193, 140
Trd, 4319901.743, 140
Trd, 4319901.993, 137
Trd, 4319902.443, 135
Trd, 4319903.393, 139
Trd, 4319904.543, 140
Trd, 4319905.543, 140
Trd, 4319905.893, 140
Trd, 4319906.093, 140
Trd, 4319907.243, 139
Trd, 4319907.893, 140
Trd, 4319908.393, 135
Trd, 4319908.693, 122
Trd, 4319908.993, 139
Trd, 4319909.793, 60
Trd, 4319910.093, 60
Trd, 4319910.743, 137
Trd, 4319910.943, 140
Trd, 4319911.943, 64
Trd, 4319912.593, 116
Trd, 4319914.093, 140
Trd, 4319914.443, 140
Trd, 4319914.493, 140
Trd, 4319915.043, 140
Trd, 4319915.693, 140
Trd, 4319915.793, 139
Trd, 4319915.993, 131
Trd, 4319917.293, 140
Trd, 4319917.593, 140
Trd, 4319918.143, 140
Trd, 4319919.793, 140
Trd, 4319920.243, 140
Trd, 4319921.893, 139
Trd, 4319922.243, 140
Trd, 4319922.443, 139
Trd, 4319922.743, 137
Trd, 4319923.743, 138
Trd, 4319924.393, 122
Trd, 4319924.893, 140
Trd, 4319925.693, 140
Trd, 4319927.343, 140
Trd, 4319927.993, 140
Trd, 4319928.593, 140
Trd, 4319928.693, 140
Trd, 4319929.093, 140
Trd, 4319929.393, 125
Trd, 4319929.643, 139
Trd, 4319929.993, 60
Trd, 4319930.493, 140
Trd, 4319931.143, 140
Trd, 4319932.643, 140
Trd, 4319933.843, 140
Trd, 4319933.893, 140
Trd, 4319935.343, 139
Trd, 4319935.543, 139
Trd, 4319936.343, 138
Trd, 4319936.843, 139
Trd, 4319936.943, 138
Trd, 4319938.993, 138
Trd, 4319939.493, 140
Trd, 4319939.843, 140
Trd, 4319940.643, 138
Trd, 4319940.843, 140
Trd, 4319941.443, 126
Trd, 4319941.743, 122
Trd, 4319942.543, 140
Trd, 4319943.243, 86
Trd, 4319944.893, 138
Trd, 4319945.093, 137
Trd, 4319945.443, 139
Trd, 4319946.343, 78
Trd, 4319947.043, 94
Trd, 4319947.443, 66
Trd, 4319947.643, 63
Trd, 4319947.793, 83
Trd, 4319949.543, 140
Trd, 4319949.893, 137
Trd, 4319950.343, 138
Trd, 4319951.193, 140
Trd, 4319951.443, 139
Trd, 4319952.193, 115
Trd, 4319952.993, 104
Trd, 4319953.093, 103
Trd, 4319954.743, 122
Trd, 4319955.293, 140
Trd, 4319955.843, 140
Trd, 4319956.393, 140
Trd, 4319956.593, 140
Trd, 4319957.843, 140
Trd, 4319957.993, 139
Trd, 4319958.143, 136
Trd, 4319958.543, 95
Trd, 4319959.643, 140
Trd, 4319960.593, 139
Trd, 4319961.143, 140
Trd, 4319961.243, 139
Trd, 4319961.643, 137
Trd, 4319962.643, 140
Trd, 4319963.393, 140
Trd, 4319964.043, 60
Trd, 4319965.493, 66
Trd, 4319965.693, 76
Trd, 4319965.843, 108
Trd, 4319966.543, 120
Trd, 4319966.793, 98
Trd, 4319966.993, 97
Trd, 4319968.093, 63
Trd, 4319969.043, 78
Trd, 4319969.693, 140
Trd, 4319970.693, 140
Trd, 4319971.043, 138
Trd, 4319972.193, 140
Trd, 4319972.493, 140
Trd, 4319973.743, 140
Trd, 4319974.843, 140
Trd, 4319974.893, 139
Trd, 4319974.943, 137
Trd, 4319975.043, 103
Trd, 4319976.393, 140
Trd, 4319977.343, 140
Trd, 4319977.393, 138
Trd, 4319977.443, 76
Trd, 4319978.443, 140
Trd, 4319979.343, 140
Trd, 4319979.743, 139
Trd, 4319981.093, 140
Trd, 4319981.443, 137
Trd, 4319981.593, 139
Trd, 4319981.743, 135
Trd, 4319982.343, 140
Trd, 4319983.693, 140
Trd, 4319984.193, 140
Trd, 4319984.543, 136
Trd, 4319985.343, 137
Trd, 4319985.493, 104
Trd, 4319986.743, 61
Trd, 4319986.793, 63
Trd, 4319987.393, 140
Trd, 4319988.293, 140
Trd, 4319989.843, 140
Trd, 4319990.693, 140
Trd, 4319992.193, 83
Trd, 4319992.343, 129
Trd, 4319992.893, 61
Trd, 4319993.893, 138
Trd, 4319994.193, 131
Trd, 4319995.743, 140
Trd, 4319995.893, 140
Trd, 4319997.493, 140
Trd, 4319998.143, 140
Trd, 4319998.343, 139
Trd, 4319998.643, 139
Trd, 4319999.443, 140
Trd, 4319999.993, 126
