Trd, 4318021.743, 140
Trd, 4318022.643, 140
Trd, 4318022.743, 140
Trd, 4318024.893, 140
Trd, 4318025.443, 140
Trd, 4318027.093, 140
Trd, 4318027.893, 140
Trd, 4318028.043, 140
Trd, 4318028.843, 140
Trd, 4318029.193, 140
Trd, 4318031.343, 140
Trd, 4318034.193, 140
Trd, 4318034.543, 140
Trd, 4318034.643, 140
Trd, 4318036.043, 140
Trd, 4318036.193, 140
Trd, 4318036.643, 140
Trd, 4318036.993, 140
Trd, 4318037.093, 140
Trd, 4318037.293, 134
Trd, 4318040.293, 140
Trd, 4318040.343, 140
Trd, 4318040.643, 139
Trd, 4318042.093, 140
Trd, 4318042.493, 138
Trd, 4318042.793, 139
Trd, 4318043.043, 140
Trd, 4318045.143, 140
Trd, 4318045.943, 140
Trd, 4318047.243, 140
Trd, 4318047.593, 140
Trd, 4318047.993, 140
Trd, 4318048.243, 140
Trd, 4318048.943, 140
Trd, 4318049.443, 140
Trd, 4318049.843, 140
Trd, 4318049.993, 140
Trd, 4318050.693, 140
Trd, 4318052.843, 140
Trd, 4318054.043, 140
Trd, 4318054.543, 140
Trd, 4318055.143, 140
Trd, 4318055.193, 140
Trd, 4318058.093, 140
Trd, 4318058.693, 140
Trd, 4318059.493, 140
Trd, 4318059.793, 140
Trd, 4318060.193, 140
Trd, 4318061.493, 140
Trd, 4318062.043, 140
Trd, 4318062.743, 140
Trd, 4318063.543, 140
Trd, 4318065.193, 140
Trd, 4318067.243, 140
Trd, 4318067.793, 140
Trd, 4318068.693, 140
Trd, 4318069.743, 140
Trd, 4318071.243, 140
Trd, 4318071.443, 140
Trd, 4318071.843, 140
Trd, 4318072.043, 140
Trd, 4318072.943, 140
Trd, 4318073.793, 140
Trd, 4318074.543, 140
Trd, 4318074.643, 140
Trd, 4318077.143, 140
Trd, 4318078.143, 140
Trd, 4318078.643, 140
Trd, 4318078.893, 140
Trd, 4318082.693, 140
Trd, 4318084.293, 140
Trd, 4318084.343, 140
Trd, 4318086.343, 140
Trd, 4318086.543, 140
Trd, 4318087.543, 140
Trd, 4318087.893, 140
Trd, 4318088.143, 140
Trd, 4318088.393, 140
Trd, 4318089.543, 140
Trd, 4318089.893, 140
Trd, 4318090.743, 140
Trd, 4318092.793, 140
Trd, 4318094.543, 140
Trd, 4318094.643, 140
Trd, 4318097.093, 140
Trd, 4318098.393, 140
Trd, 4318100.593, 140
Trd, 4318101.943, 140
Trd, 4318102.893, 140
Trd, 4318104.143, 140
Trd, 4318105.743, 140
Trd, 4318105.993, 140
Trd, 4318106.093, 140
Trd, 4318108.193, 140
Trd, 4318108.393, 140
Trd, 4318108.443, 140
Trd, 4318108.893, 140
Trd, 4318109.443, 140
Trd, 4318110.193, 140
Trd, 4318111.243, 140
Trd, 4318112.543, 140
Trd, 4318113.793, 140
Trd, 4318114.593, 140
Trd, 4318114.943, 140
Trd, 4318115.193, 140
Trd, 4318115.543, 140
Trd, 4318116.243, 140
Trd, 4318116.343, 140
Trd, 4318116.743, 139
Trd, 4318117.693, 140
Trd, 4318119.843, 140
Trd, 4318123.643, 140
Trd, 4318124.443, 140
Trd, 4318124.493, 140
Trd, 4318125.043, 139
Trd, 4318125.443, 139
Trd, 4318125.493, 139
Trd, 4318126.693, 140
Trd, 4318127.943, 140
Trd, 4318128.343, 140
Trd, 4318128.543, 140
Trd, 4318129.343, 140
Trd, 4318129.793, 140
Trd, 4318130.743, 140
Trd, 4318131.393, 140
Trd, 4318132.443, 140
Trd, 4318133.043, 140
Trd, 4318133.343, 140
Trd, 4318134.143, 140
Trd, 4318134.593, 140
Trd, 4318136.193, 140
Trd, 4318136.793, 140
Trd, 4318137.293, 140
Trd, 4318138.543, 139
Trd, 4318139.593, 140
Trd, 4318139.693, 140
Trd, 4318140.343, 140
Trd, 4318143.193, 140
Trd, 4318144.343, 140
Trd, 4318144.493, 140
Trd, 4318145.193, 140
Trd, 4318145.843, 140
Trd, 4318146.793, 140
Trd, 4318146.893, 140
Trd, 4318147.543, 140
Trd, 4318147.593, 140
Trd, 4318147.743, 139
Trd, 4318147.993, 139
Trd, 4318150.243, 140
Trd, 4318150.493, 140
Trd, 4318150.793, 140
Trd, 4318150.993, 140
Trd, 4318151.543, 140
Trd, 4318155.193, 140
Trd, 4318155.943, 140
Trd, 4318158.793, 140
Trd, 4318160.943, 140
Trd, 4318162.193, 140
Trd, 4318162.843, 140
Trd, 4318162.943, 140
Trd, 4318163.443, 140
Trd, 4318163.843, 140
Trd, 4318164.543, 140
Trd, 4318164.693, 140
Trd, 4318166.243, 140
Trd, 4318166.893, 140
Trd, 4318169.293, 140
Trd, 4318169.593, 140
Trd, 4318169.793, 140
Trd, 4318170.643, 140
Trd, 4318172.843, 140
Trd, 4318174.343, 140
Trd, 4318175.093, 140
Trd, 4318176.793, 140
Trd, 4318177.593, 140
Trd, 4318178.293, 140
Trd, 4318178.443, 140
Trd, 4318178.893, 140
Trd, 4318178.993, 140
Trd, 4318180.993, 140
Trd, 4318181.493, 140
Trd, 4318181.593, 140
Trd, 4318182.243, 140
Trd, 4318182.543, 140
Trd, 4318183.193, 140
Trd, 4318187.193, 140
Trd, 4318187.993, 140
Trd, 4318188.093, 140
Trd, 4318189.693, 140
Trd, 4318189.843, 140
Trd, 4318190.043, 140
Trd, 4318190.643, 140
Trd, 4318194.393, 140
Trd, 4318194.893, 140
Trd, 4318195.793, 140
Trd, 4318196.493, 140
Trd, 4318196.993, 140
Trd, 4318197.493, 140
Trd, 4318200.193, 140
Trd, 4318200.243, 140
Trd, 4318200.393, 140
Trd, 4318201.443, 140
Trd, 4318201.893, 140
Trd, 4318202.643, 140
Trd, 4318202.743, 140
Trd, 4318202.793, 140
Trd, 4318203.043, 140
Trd, 4318204.993, 140
Trd, 4318205.743, 140
Trd, 4318206.943, 140
Trd, 4318208.693, 140
Trd, 4318209.993, 140
Trd, 4318211.093, 140
Trd, 4318212.343, 140
Trd, 4318213.043, 140
Trd, 4318213.643, 140
Trd, 4318213.693, 140
Trd, 4318213.743, 140
Trd, 4318213.893, 140
Trd, 4318214.493, 140
Trd, 4318219.393, 140
Trd, 4318219.843, 140
Trd, 4318219.943, 140
Trd, 4318220.543, 140
Trd, 4318222.193, 140
Trd, 4318222.593, 140
Trd, 4318225.443, 140
Trd, 4318225.543, 140
Trd, 4318225.793, 139
Trd, 4318225.893, 139
Trd, 4318226.143, 140
Trd, 4318226.443, 139
Trd, 4318226.593, 139
Trd, 4318226.693, 139
Trd, 4318226.743, 140
Trd, 4318227.893, 140
Trd, 4318228.293, 140
Trd, 4318230.893, 140
Trd, 4318231.143, 140
Trd, 4318231.543, 140
Trd, 4318232.643, 140
Trd, 4318234.193, 140
Trd, 4318234.343, 140
Trd, 4318237.593, 140
Trd, 4318239.043, 140
Trd, 4318239.743, 140
Trd, 4318240.293, 140
Trd, 4318241.743, 140
Trd, 4318241.893, 140
Trd, 4318242.293, 139
Trd, 4318242.593, 140
Trd, 4318242.943, 139
Trd, 4318244.443, 140
Trd, 4318245.193, 140
Trd, 4318248.143, 140
Trd, 4318248.493, 140
Trd, 4318248.943, 140
Trd, 4318249.343, 140
Trd, 4318250.843, 140
Trd, 4318253.243, 140
Trd, 4318253.643, 140
Trd, 4318253.943, 140
Trd, 4318254.043, 140
Trd, 4318255.543, 140
Trd, 4318256.793, 140
Trd, 4318258.293, 140
Trd, 4318260.643, 140
Trd, 4318261.643, 140
Trd, 4318262.893, 140
Trd, 4318264.043, 140
Trd, 4318264.093, 140
Trd, 4318264.243, 140
Trd, 4318265.493, 140
Trd, 4318265.943, 140
Trd, 4318265.993, 140
Trd, 4318266.443, 140
Trd, 4318266.593, 140
Trd, 4318267.193, 140
Trd, 4318267.493, 140
Trd, 4318270.943, 140
Trd, 4318271.143, 140
Trd, 4318272.893, 140
Trd, 4318273.443, 140
Trd, 4318273.493, 140
Trd, 4318274.043, 140
Trd, 4318274.143, 140
Trd, 4318274.393, 140
Trd, 4318276.093, 140
Trd, 4318276.393, 140
Trd, 4318276.993, 140
Trd, 4318277.143, 139
Trd, 4318280.193, 140
Trd, 4318280.293, 140
Trd, 4318280.543, 139
Trd, 4318281.893, 140
Trd, 4318282.643, 139
Trd, 4318284.993, 140
Trd, 4318285.443, 140
Trd, 4318285.693, 140
Trd, 4318288.143, 140
Trd, 4318288.443, 140
Trd, 4318290.093, 140
Trd, 4318290.193, 140
Trd, 4318290.393, 139
Trd, 4318291.243, 140
Trd, 4318291.343, 139
Trd, 4318291.993, 139
Trd, 4318294.143, 140
Trd, 4318294.943, 140
Trd, 4318296.143, 140
Trd, 4318297.293, 140
Trd, 4318297.443, 140
Trd, 4318297.493, 140
Trd, 4318298.043, 140
Trd, 4318299.543, 140
Trd, 4318299.743, 140
Trd, 4318301.143, 140
Trd, 4318301.393, 140
Trd, 4318301.993, 140
Trd, 4318302.093, 140
Trd, 4318302.343, 140
Trd, 4318303.243, 140
Trd, 4318303.543, 140
Trd, 4318304.793, 140
Trd, 4318307.493, 140
Trd, 4318309.293, 140
Trd, 4318309.393, 140
Trd, 4318309.843, 140
Trd, 4318311.893, 140
Trd, 4318313.643, 140
Trd, 4318314.493, 140
Trd, 4318315.793, 140
Trd, 4318315.843, 140
Trd, 4318316.743, 140
Trd, 4318317.043, 140
Trd, 4318317.243, 140
Trd, 4318317.593, 140
Trd, 4318317.943, 140
Trd, 4318319.993, 140
Trd, 4318320.593, 140
Trd, 4318322.093, 140
Trd, 4318322.243, 140
Trd, 4318322.593, 139
Trd, 4318323.043, 139
Trd, 4318323.543, 140
Trd, 4318324.343, 140
Trd, 4318324.443, 140
Trd, 4318325.543, 140
Trd, 4318326.393, 140
Trd, 4318326.593, 140
Trd, 4318327.243, 140
Trd, 4318327.843, 140
Trd, 4318331.193, 140
Trd, 4318331.593, 140
Trd, 4318333.443, 140
Trd, 4318333.643, 140
Trd, 4318334.643, 140
Trd, 4318334.693, 140
Trd, 4318335.593, 140
Trd, 4318340.243, 140
Trd, 4318340.343, 140
Trd, 4318340.393, 140
Trd, 4318341.043, 140
Trd, 4318341.293, 140
Trd, 4318341.593, 140
Trd, 4318341.893, 140
Trd, 4318343.493, 140
Trd, 4318343.543, 139
Trd, 4318344.193, 140
Trd, 4318344.743, 139
Trd, 4318348.643, 140
Trd, 4318348.893, 140
Trd, 4318348.993, 140
Trd, 4318349.893, 140
Trd, 4318350.793, 140
Trd, 4318353.943, 140
Trd, 4318353.993, 140
Trd, 4318354.543, 140
Trd, 4318355.043, 140
Trd, 4318356.593, 140
Trd, 4318358.043, 140
Trd, 4318358.643, 140
Trd, 4318358.743, 140
Trd, 4318359.243, 140
Trd, 4318359.793, 140
Trd, 4318360.643, 140
Trd, 4318361.093, 140
Trd, 4318361.943, 140
Trd, 4318361.993, 140
Trd, 4318362.993, 139
Trd, 4318364.743, 140
Trd, 4318365.293, 140
Trd, 4318366.593, 140
Trd, 4318367.293, 140
Trd, 4318369.493, 140
Trd, 4318370.643, 140
Trd, 4318370.693, 140
Trd, 4318371.143, 140
Trd, 4318372.193, 140
Trd, 4318372.393, 139
Trd, 4318372.493, 139
Trd, 4318377.293, 140
Trd, 4318377.793, 140
Trd, 4318378.543, 140
Trd, 4318380.393, 140
Trd, 4318381.093, 140
Trd, 4318383.143, 140
Trd, 4318384.093, 140
Trd, 4318384.243, 140
Trd, 4318384.293, 140
Trd, 4318384.593, 140
Trd, 4318384.843, 140
Trd, 4318384.893, 140
Trd, 4318385.593, 138
Trd, 4318385.693, 137
Trd, 4318385.843, 139
Trd, 4318388.393, 140
Trd, 4318388.493, 140
Trd, 4318391.093, 140
Trd, 4318391.443, 140
Trd, 4318392.343, 140
Trd, 4318392.643, 140
Trd, 4318392.893, 140
Trd, 4318396.343, 140
Trd, 4318396.593, 139
Trd, 4318397.643, 140
Trd, 4318398.243, 140
Trd, 4318401.093, 140
Trd, 4318401.243, 140
Trd, 4318401.493, 140
Trd, 4318401.993, 140
Trd, 4318402.293, 140
Trd, 4318402.443, 140
Trd, 4318402.693, 140
Trd, 4318402.843, 139
Trd, 4318404.393, 140
Trd, 4318405.843, 140
Trd, 4318405.943, 140
Trd, 4318406.493, 140
Trd, 4318406.743, 140
Trd, 4318407.743, 140
Trd, 4318407.793, 139
Trd, 4318408.493, 140
Trd, 4318410.493, 140
Trd, 4318411.793, 140
Trd, 4318413.193, 140
Trd, 4318415.993, 140
Trd, 4318416.243, 140
Trd, 4318416.743, 140
Trd, 4318417.793, 140
Trd, 4318419.693, 140
Trd, 4318420.393, 140
Trd, 4318421.693, 140
Trd, 4318422.543, 140
Trd, 4318424.793, 140
Trd, 4318425.343, 140
Trd, 4318425.443, 140
Trd, 4318427.693, 140
Trd, 4318427.743, 140
Trd, 4318428.593, 140
Trd, 4318428.943, 140
Trd, 4318429.043, 140
Trd, 4318429.143, 140
Trd, 4318429.343, 139
Trd, 4318429.393, 139
Trd, 4318429.493, 139
Trd, 4318429.643, 139
Trd, 4318430.393, 64
Trd, 4318433.193, 140
Trd, 4318433.593, 140
Trd, 4318434.443, 140
Trd, 4318435.293, 140
Trd, 4318436.043, 140
Trd, 4318438.143, 140
Trd, 4318438.493, 140
Trd, 4318438.593, 140
Trd, 4318440.443, 140
Trd, 4318441.793, 140
Trd, 4318441.843, 140
Trd, 4318442.943, 140
Trd, 4318444.743, 140
Trd, 4318445.243, 140
Trd, 4318447.343, 140
Trd, 4318450.043, 140
Trd, 4318450.293, 140
Trd, 4318450.393, 140
Trd, 4318450.743, 140
Trd, 4318451.643, 140
Trd, 4318451.743, 140
Trd, 4318454.393, 140
Trd, 4318454.593, 140
Trd, 4318455.143, 140
Trd, 4318455.493, 140
Trd, 4318456.493, 140
Trd, 4318456.743, 140
Trd, 4318457.143, 140
Trd, 4318457.543, 140
Trd, 4318457.793, 140
Trd, 4318457.843, 140
Trd, 4318461.243, 140
Trd, 4318462.293, 140
Trd, 4318463.443, 140
Trd, 4318466.543, 140
Trd, 4318466.993, 140
Trd, 4318467.143, 140
Trd, 4318467.343, 140
Trd, 4318468.143, 140
Trd, 4318468.543, 140
Trd, 4318470.493, 140
Trd, 4318470.843, 140
Trd, 4318471.543, 140
Trd, 4318473.093, 140
Trd, 4318475.993, 140
Trd, 4318476.293, 140
Trd, 4318477.593, 140
Trd, 4318478.443, 140
Trd, 4318478.893, 140
Trd, 4318479.543, 140
Trd, 4318479.643, 140
Trd, 4318479.993, 140
Trd, 4318480.143, 140
Trd, 4318480.743, 140
Trd, 4318480.893, 140
Trd, 4318482.893, 140
Trd, 4318483.243, 140
Trd, 4318486.543, 140
Trd, 4318487.243, 140
Trd, 4318489.893, 140
Trd, 4318490.243, 140
Trd, 4318491.843, 140
Trd, 4318493.093, 140
Trd, 4318494.043, 140
Trd, 4318494.343, 140
Trd, 4318494.443, 140
Trd, 4318494.893, 140
Trd, 4318495.043, 140
Trd, 4318495.643, 140
Trd, 4318496.043, 140
Trd, 4318496.143, 137
Trd, 4318497.293, 138
Trd, 4318498.793, 140
Trd, 4318499.743, 140
Trd, 4318499.793, 138
Trd, 4318501.443, 140
Trd, 4318503.943, 140
Trd, 4318504.243, 140
Trd, 4318504.793, 140
Trd, 4318505.693, 140
Trd, 4318505.843, 140
Trd, 4318507.943, 140
Trd, 4318508.993, 140
Trd, 4318511.943, 140
Trd, 4318513.793, 140
Trd, 4318513.843, 140
Trd, 4318514.143, 140
Trd, 4318514.543, 140
Trd, 4318515.043, 140
Trd, 4318519.793, 140
Trd, 4318520.343, 140
Trd, 4318520.393, 140
Trd, 4318520.693, 140
Trd, 4318521.543, 140
Trd, 4318521.593, 140
Trd, 4318522.493, 140
Trd, 4318523.693, 140
Trd, 4318524.543, 140
Trd, 4318525.293, 140
Trd, 4318525.493, 140
Trd, 4318525.593, 140
Trd, 4318525.743, 139
Trd, 4318526.343, 140
Trd, 4318526.793, 140
Trd, 4318527.543, 140
Trd, 4318528.093, 140
Trd, 4318529.043, 140
Trd, 4318532.193, 140
Trd, 4318534.693, 140
Trd, 4318535.993, 140
Trd, 4318536.843, 140
Trd, 4318537.593, 140
Trd, 4318537.693, 140
Trd, 4318538.293, 140
Trd, 4318538.543, 140
Trd, 4318540.293, 140
Trd, 4318542.093, 140
Trd, 4318545.593, 140
Trd, 4318545.693, 140
Trd, 4318547.093, 140
Trd, 4318547.743, 140
Trd, 4318548.643, 140
Trd, 4318549.043, 140
Trd, 4318549.443, 139
Trd, 4318551.393, 140
Trd, 4318551.643, 140
Trd, 4318552.193, 140
Trd, 4318553.143, 140
Trd, 4318553.843, 140
Trd, 4318554.493, 140
Trd, 4318555.343, 140
Trd, 4318556.093, 140
Trd, 4318556.493, 140
Trd, 4318558.043, 140
Trd, 4318558.893, 140
Trd, 4318560.043, 140
Trd, 4318560.193, 140
Trd, 4318560.393, 140
Trd, 4318561.443, 140
Trd, 4318561.543, 140
Trd, 4318562.643, 140
Trd, 4318564.093, 140
Trd, 4318564.243, 140
Trd, 4318564.293, 139
Trd, 4318566.193, 140
Trd, 4318566.793, 140
Trd, 4318567.143, 140
Trd, 4318567.593, 140
Trd, 4318568.793, 140
Trd, 4318569.393, 140
Trd, 4318569.843, 140
Trd, 4318572.693, 140
Trd, 4318576.943, 140
Trd, 4318577.443, 140
Trd, 4318577.843, 140
Trd, 4318578.243, 140
Trd, 4318578.393, 140
Trd, 4318578.543, 140
Trd, 4318578.993, 140
Trd, 4318579.893, 140
Trd, 4318580.993, 140
Trd, 4318582.793, 140
Trd, 4318584.193, 140
Trd, 4318584.443, 140
Trd, 4318584.893, 140
Trd, 4318586.193, 140
Trd, 4318587.193, 140
Trd, 4318587.643, 140
Trd, 4318587.893, 139
Trd, 4318588.293, 140
Trd, 4318588.393, 138
Trd, 4318588.643, 140
Trd, 4318589.643, 140
Trd, 4318590.243, 140
Trd, 4318591.243, 140
Trd, 4318592.743, 140
Trd, 4318593.143, 140
Trd, 4318594.693, 140
Trd, 4318596.393, 140
Trd, 4318596.593, 140
Trd, 4318596.693, 140
Trd, 4318597.043, 140
Trd, 4318598.293, 140
Trd, 4318598.343, 140
Trd, 4318601.643, 140
Trd, 4318602.443, 140
Trd, 4318602.693, 140
Trd, 4318602.743, 140
Trd, 4318602.793, 139
Trd, 4318603.993, 140
Trd, 4318605.343, 140
Trd, 4318605.793, 140
Trd, 4318606.393, 140
Trd, 4318607.293, 140
Trd, 4318607.893, 140
Trd, 4318610.093, 140
Trd, 4318610.543, 140
Trd, 4318610.693, 140
Trd, 4318611.093, 140
Trd, 4318612.093, 140
Trd, 4318612.293, 140
Trd, 4318612.693, 140
Trd, 4318614.343, 140
Trd, 4318614.893, 140
Trd, 4318615.593, 140
Trd, 4318616.843, 140
Trd, 4318620.093, 140
Trd, 4318620.243, 140
Trd, 4318623.993, 140
Trd, 4318624.493, 140
Trd, 4318624.943, 140
Trd, 4318624.993, 140
Trd, 4318625.293, 140
Trd, 4318625.493, 140
Trd, 4318626.193, 140
Trd, 4318627.193, 139
Trd, 4318627.993, 140
Trd, 4318628.343, 140
Trd, 4318628.493, 140
Trd, 4318629.143, 140
Trd, 4318629.343, 139
Trd, 4318630.393, 140
Trd, 4318631.343, 140
Trd, 4318632.743, 140
Trd, 4318633.143, 140
Trd, 4318633.293, 140
Trd, 4318636.843, 140
Trd, 4318637.143, 140
Trd, 4318637.193, 139
Trd, 4318637.793, 140
Trd, 4318637.843, 140
Trd, 4318638.293, 140
Trd, 4318638.593, 140
Trd, 4318638.893, 139
Trd, 4318639.643, 139
Trd, 4318641.793, 140
Trd, 4318642.493, 140
Trd, 4318642.893, 140
Trd, 4318643.543, 140
Trd, 4318643.743, 140
Trd, 4318643.843, 140
Trd, 4318644.593, 140
Trd, 4318646.143, 140
Trd, 4318646.743, 140
Trd, 4318646.843, 139
Trd, 4318647.493, 138
Trd, 4318648.243, 139
Trd, 4318648.443, 140
Trd, 4318649.943, 140
Trd, 4318651.993, 140
Trd, 4318653.043, 140
Trd, 4318654.793, 140
Trd, 4318655.393, 140
Trd, 4318656.093, 140
Trd, 4318657.893, 140
Trd, 4318659.293, 140
Trd, 4318660.593, 140
Trd, 4318662.193, 140
Trd, 4318665.193, 140
Trd, 4318665.293, 140
Trd, 4318666.793, 140
Trd, 4318667.143, 140
Trd, 4318667.243, 140
Trd, 4318667.693, 140
Trd, 4318668.243, 140
Trd, 4318668.543, 140
Trd, 4318671.543, 140
Trd, 4318672.043, 140
Trd, 4318672.843, 140
Trd, 4318673.443, 140
Trd, 4318674.143, 140
Trd, 4318674.443, 140
Trd, 4318677.093, 140
Trd, 4318677.893, 140
Trd, 4318678.393, 140
Trd, 4318678.943, 140
Trd, 4318680.443, 140
Trd, 4318681.693, 140
Trd, 4318681.743, 140
Trd, 4318681.943, 140
Trd, 4318682.993, 140
Trd, 4318683.293, 140
Trd, 4318683.543, 140
Trd, 4318684.043, 140
Trd, 4318684.743, 140
Trd, 4318686.143, 140
Trd, 4318686.543, 140
Trd, 4318686.793, 140
Trd, 4318687.793, 140
Trd, 4318687.843, 140
Trd, 4318690.193, 140
Trd, 4318691.693, 139
Trd, 4318692.343, 140
Trd, 4318692.843, 140
Trd, 4318693.993, 140
Trd, 4318694.043, 140
Trd, 4318694.943, 139
Trd, 4318697.593, 140
Trd, 4318698.493, 140
Trd, 4318698.643, 140
Trd, 4318700.493, 140
Trd, 4318700.693, 140
Trd, 4318702.343, 140
Trd, 4318704.393, 140
Trd, 4318704.493, 140
Trd, 4318704.943, 140
Trd, 4318707.293, 140
Trd, 4318707.843, 140
Trd, 4318708.143, 140
Trd, 4318708.693, 140
Trd, 4318709.493, 140
Trd, 4318710.443, 140
Trd, 4318710.493, 140
Trd, 4318710.793, 140
Trd, 4318712.493, 140
Trd, 4318715.593, 140
Trd, 4318716.043, 140
Trd, 4318718.443, 140
Trd, 4318719.543, 140
Trd, 4318720.893, 140
Trd, 4318720.943, 139
Trd, 4318721.293, 140
Trd, 4318721.643, 140
Trd, 4318722.143, 140
Trd, 4318725.343, 140
Trd, 4318725.693, 140
Trd, 4318726.593, 140
Trd, 4318726.943, 140
Trd, 4318727.243, 140
Trd, 4318727.693, 140
Trd, 4318727.993, 140
Trd, 4318728.293, 140
Trd, 4318728.743, 140
Trd, 4318729.593, 140
Trd, 4318730.493, 140
Trd, 4318733.993, 140
Trd, 4318735.093, 140
Trd, 4318736.193, 140
Trd, 4318736.243, 140
Trd, 4318736.443, 140
Trd, 4318737.093, 140
Trd, 4318737.243, 140
Trd, 4318739.343, 140
Trd, 4318739.693, 140
Trd, 4318739.893, 140
Trd, 4318740.243, 140
Trd, 4318741.643, 140
Trd, 4318743.293, 140
Trd, 4318744.243, 140
Trd, 4318745.343, 140
Trd, 4318745.793, 140
Trd, 4318746.143, 140
Trd, 4318748.793, 140
Trd, 4318749.043, 140
Trd, 4318749.293, 140
Trd, 4318750.693, 140
Trd, 4318751.043, 140
Trd, 4318751.093, 140
Trd, 4318751.193, 140
Trd, 4318751.993, 140
Trd, 4318754.193, 140
Trd, 4318754.443, 140
Trd, 4318755.643, 140
Trd, 4318756.543, 140
Trd, 4318757.343, 140
Trd, 4318759.093, 140
Trd, 4318761.443, 140
Trd, 4318761.993, 140
Trd, 4318763.293, 140
Trd, 4318763.593, 140
Trd, 4318763.643, 140
Trd, 4318764.843, 140
Trd, 4318765.143, 139
Trd, 4318767.443, 140
Trd, 4318769.843, 140
Trd, 4318770.693, 140
Trd, 4318770.793, 140
Trd, 4318772.143, 140
Trd, 4318773.043, 140
Trd, 4318773.143, 140
Trd, 4318773.693, 140
Trd, 4318775.243, 140
Trd, 4318775.443, 140
Trd, 4318776.843, 140
Trd, 4318777.143, 140
Trd, 4318779.893, 140
Trd, 4318780.993, 140
Trd, 4318782.743, 140
Trd, 4318782.993, 140
Trd, 4318783.193, 140
Trd, 4318784.193, 140
Trd, 4318784.493, 140
Trd, 4318784.693, 140
Trd, 4318785.043, 140
Trd, 4318786.393, 140
Trd, 4318786.443, 140
Trd, 4318787.243, 140
Trd, 4318787.293, 140
Trd, 4318787.643, 140
Trd, 4318789.193, 140
Trd, 4318790.943, 140
Trd, 4318791.593, 140
Trd, 4318791.643, 140
Trd, 4318793.593, 140
Trd, 4318795.743, 140
Trd, 4318795.793, 140
Trd, 4318796.343, 140
Trd, 4318796.643, 140
Trd, 4318797.043, 140
Trd, 4318798.543, 140
Trd, 4318799.193, 140
Trd, 4318799.243, 140
Trd, 4318802.243, 140
Trd, 4318804.943, 140
Trd, 4318807.143, 140
Trd, 4318807.693, 140
Trd, 4318808.193, 140
Trd, 4318808.243, 140
Trd, 4318809.493, 140
Trd, 4318809.843, 140
Trd, 4318810.143, 140
Trd, 4318810.243, 140
Trd, 4318812.393, 140
Trd, 4318813.343, 140
Trd, 4318813.443, 140
Trd, 4318813.643, 140
Trd, 4318814.093, 139
Trd, 4318814.193, 139
Trd, 4318815.343, 140
Trd, 4318819.843, 140
Trd, 4318819.993, 140
Trd, 4318820.693, 140
Trd, 4318820.793, 140
Trd, 4318821.143, 139
Trd, 4318821.543, 139
Trd, 4318821.943, 129
Trd, 4318822.743, 109
Trd, 4318825.593, 140
Trd, 4318825.793, 140
Trd, 4318826.343, 140
Trd, 4318826.743, 140
Trd, 4318826.793, 140
Trd, 4318827.293, 140
Trd, 4318827.543, 140
Trd, 4318828.093, 140
Trd, 4318829.243, 140
Trd, 4318829.343, 140
Trd, 4318831.643, 140
Trd, 4318832.593, 140
Trd, 4318834.093, 140
Trd, 4318834.193, 140
Trd, 4318834.593, 140
Trd, 4318839.143, 140
Trd, 4318840.093, 140
Trd, 4318840.393, 140
Trd, 4318841.143, 140
Trd, 4318841.193, 140
Trd, 4318842.143, 140
Trd, 4318842.743, 140
Trd, 4318842.943, 140
Trd, 4318843.693, 140
Trd, 4318846.393, 140
Trd, 4318846.443, 140
Trd, 4318847.243, 140
Trd, 4318847.893, 140
Trd, 4318848.293, 140
Trd, 4318851.543, 140
Trd, 4318852.143, 140
Trd, 4318852.793, 140
Trd, 4318852.843, 140
Trd, 4318853.693, 140
Trd, 4318855.943, 140
Trd, 4318856.893, 140
Trd, 4318857.243, 140
Trd, 4318858.193, 140
Trd, 4318859.093, 140
Trd, 4318859.543, 140
Trd, 4318860.543, 140
Trd, 4318861.393, 140
Trd, 4318862.843, 140
Trd, 4318862.893, 140
Trd, 4318863.093, 140
Trd, 4318863.343, 140
Trd, 4318865.143, 140
Trd, 4318866.893, 140
Trd, 4318867.393, 140
Trd, 4318867.693, 140
Trd, 4318870.643, 140
Trd, 4318871.193, 140
Trd, 4318871.543, 140
Trd, 4318874.993, 140
Trd, 4318875.993, 140
Trd, 4318876.743, 140
Trd, 4318877.543, 140
Trd, 4318877.693, 140
Trd, 4318879.293, 140
Trd, 4318879.743, 140
Trd, 4318880.893, 140
Trd, 4318881.093, 140
Trd, 4318881.943, 140
Trd, 4318882.693, 140
Trd, 4318883.043, 140
Trd, 4318883.343, 139
Trd, 4318884.293, 140
Trd, 4318886.293, 140
Trd, 4318887.843, 140
Trd, 4318890.693, 140
Trd, 4318891.443, 140
Trd, 4318891.943, 140
Trd, 4318892.393, 140
Trd, 4318892.643, 140
Trd, 4318893.793, 140
Trd, 4318895.293, 140
Trd, 4318895.643, 140
Trd, 4318897.693, 140
Trd, 4318897.893, 140
Trd, 4318899.143, 140
Trd, 4318900.593, 140
Trd, 4318900.643, 140
Trd, 4318902.493, 140
Trd, 4318903.143, 140
Trd, 4318903.593, 140
Trd, 4318903.843, 140
Trd, 4318904.293, 140
Trd, 4318905.243, 140
Trd, 4318905.343, 139
Trd, 4318906.093, 139
Trd, 4318908.493, 140
Trd, 4318910.543, 140
Trd, 4318911.043, 140
Trd, 4318911.143, 140
Trd, 4318913.393, 140
Trd, 4318914.243, 140
Trd, 4318914.993, 140
Trd, 4318915.193, 140
Trd, 4318915.543, 140
Trd, 4318915.743, 140
Trd, 4318915.843, 140
Trd, 4318916.043, 140
Trd, 4318916.343, 139
Trd, 4318917.693, 140
Trd, 4318918.943, 140
Trd, 4318920.193, 140
Trd, 4318921.343, 140
Trd, 4318923.493, 140
Trd, 4318927.293, 140
Trd, 4318928.593, 140
Trd, 4318928.643, 140
Trd, 4318928.843, 140
Trd, 4318929.543, 140
Trd, 4318929.593, 140
Trd, 4318930.143, 140
Trd, 4318930.843, 140
Trd, 4318933.393, 140
Trd, 4318933.543, 140
Trd, 4318934.393, 140
Trd, 4318934.443, 140
Trd, 4318935.993, 140
Trd, 4318937.293, 140
Trd, 4318937.393, 140
Trd, 4318937.543, 140
Trd, 4318939.643, 140
Trd, 4318939.893, 140
Trd, 4318940.043, 140
Trd, 4318940.093, 140
Trd, 4318941.343, 140
Trd, 4318942.093, 140
Trd, 4318944.493, 140
Trd, 4318945.793, 140
Trd, 4318946.393, 140
Trd, 4318946.493, 140
Trd, 4318946.643, 140
Trd, 4318946.743, 140
Trd, 4318948.043, 140
Trd, 4318949.993, 140
Trd, 4318951.643, 140
Trd, 4318952.343, 140
Trd, 4318952.593, 140
Trd, 4318955.043, 140
Trd, 4318955.393, 140
Trd, 4318955.493, 140
Trd, 4318955.643, 140
Trd, 4318958.843, 140
Trd, 4318959.343, 140
Trd, 4318960.643, 140
Trd, 4318961.443, 140
Trd, 4318962.793, 140
Trd, 4318963.293, 140
Trd, 4318963.343, 140
Trd, 4318964.193, 140
Trd, 4318965.643, 140
Trd, 4318965.893, 140
Trd, 4318967.143, 140
Trd, 4318968.493, 140
Trd, 4318969.193, 140
Trd, 4318970.743, 140
Trd, 4318971.293, 140
Trd, 4318973.093, 140
Trd, 4318973.193, 140
Trd, 4318973.243, 140
Trd, 4318974.343, 139
Trd, 4318974.593, 140
Trd, 4318974.693, 140
Trd, 4318974.843, 140
Trd, 4318975.943, 140
Trd, 4318976.843, 140
Trd, 4318977.093, 140
Trd, 4318977.943, 140
Trd, 4318978.243, 140
Trd, 4318979.743, 140
Trd, 4318981.393, 140
Trd, 4318981.643, 140
Trd, 4318981.793, 140
Trd, 4318981.843, 140
Trd, 4318981.893, 140
Trd, 4318983.443, 140
Trd, 4318983.593, 140
Trd, 4318983.843, 140
Trd, 4318987.893, 140
Trd, 4318988.393, 140
Trd, 4318988.443, 140
Trd, 4318989.393, 140
Trd, 4318989.643, 140
Trd, 4318990.243, 139
Trd, 4318991.193, 140
Trd, 4318991.443, 140
Trd, 4318992.293, 140
Trd, 4318995.493, 140
Trd, 4318998.043, 140
Trd, 4318998.393, 140
Trd, 4318998.493, 140
Trd, 4318999.193, 140
Trd, 4318999.443, 140
Trd, 4319000.693, 140
Trd, 4319000.943, 140
Trd, 4319001.443, 139
Trd, 4319001.693, 139
Trd, 4319003.093, 140
Trd, 4319003.793, 140
Trd, 4319007.293, 140
Trd, 4319007.593, 140
Trd, 4319007.993, 140
Trd, 4319008.993, 140
Trd, 4319009.043, 140
Trd, 4319009.293, 140
Trd, 4319009.543, 140
Trd, 4319010.193, 140
Trd, 4319010.593, 140
Trd, 4319012.343, 140
Trd, 4319012.943, 140
Trd, 4319015.093, 140
Trd, 4319015.543, 140
Trd, 4319017.193, 140
Trd, 4319018.593, 140
Trd, 4319018.793, 140
Trd, 4319019.043, 140
Trd, 4319019.593, 140
Trd, 4319019.743, 140
Trd, 4319020.093, 140
Trd, 4319021.393, 140
Trd, 4319021.443, 140
Trd, 4319023.693, 140
Trd, 4319023.843, 140
Trd, 4319025.793, 140
Trd, 4319029.193, 140
Trd, 4319030.643, 140
Trd, 4319031.843, 140
Trd, 4319031.893, 140
Trd, 4319032.593, 140
Trd, 4319033.043, 139
Trd, 4319033.093, 140
Trd, 4319033.893, 140
Trd, 4319033.993, 140
Trd, 4319034.393, 138
Trd, 4319035.093, 62
Trd, 4319035.743, 140
Trd, 4319037.293, 140
Trd, 4319037.343, 140
Trd, 4319039.443, 140
Trd, 4319041.843, 140
Trd, 4319043.743, 140
Trd, 4319044.693, 140
Trd, 4319045.743, 140
Trd, 4319046.893, 140
Trd, 4319048.443, 140
Trd, 4319049.243, 140
Trd, 4319049.543, 140
Trd, 4319050.793, 140
Trd, 4319050.993, 140
Trd, 4319051.543, 140
Trd, 4319054.693, 140
Trd, 4319055.893, 140
Trd, 4319056.093, 140
Trd, 4319058.043, 140
Trd, 4319058.093, 140
Trd, 4319058.143, 140
Trd, 4319058.993, 140
Trd, 4319059.743, 140
Trd, 4319061.643, 140
Trd, 4319061.943, 140
Trd, 4319063.543, 140
Trd, 4319065.093, 140
Trd, 4319065.293, 140
Trd, 4319066.343, 140
Trd, 4319070.443, 140
Trd, 4319071.893, 140
Trd, 4319071.943, 140
Trd, 4319073.843, 140
Trd, 4319074.093, 140
Trd, 4319074.193, 140
Trd, 4319074.343, 140
Trd, 4319075.393, 139
Trd, 4319076.493, 140
Trd, 4319076.993, 140
Trd, 4319080.093, 140
Trd, 4319080.243, 139
Trd, 4319080.393, 140
Trd, 4319080.493, 139
Trd, 4319080.943, 139
Trd, 4319082.043, 140
Trd, 4319084.343, 140
Trd, 4319085.643, 140
Trd, 4319086.543, 140
Trd, 4319086.993, 140
Trd, 4319087.743, 140
Trd, 4319088.993, 140
Trd, 4319090.193, 140
Trd, 4319091.143, 140
Trd, 4319091.593, 140
Trd, 4319092.193, 140
Trd, 4319092.343, 140
Trd, 4319092.693, 140
Trd, 4319093.493, 138
Trd, 4319094.043, 140
Trd, 4319096.643, 140
Trd, 4319098.043, 140
Trd, 4319099.893, 140
Trd, 4319101.643, 140
Trd, 4319102.643, 140
Trd, 4319103.043, 140
Trd, 4319103.243, 140
Trd, 4319103.443, 140
Trd, 4319104.293, 139
Trd, 4319105.943, 140
Trd, 4319106.093, 140
Trd, 4319106.393, 140
Trd, 4319106.543, 139
Trd, 4319107.393, 140
Trd, 4319107.443, 140
Trd, 4319108.843, 140
Trd, 4319111.243, 140
Trd, 4319111.943, 140
Trd, 4319113.493, 140
Trd, 4319115.543, 140
Trd, 4319115.693, 140
Trd, 4319116.793, 140
Trd, 4319118.393, 140
Trd, 4319119.343, 140
Trd, 4319119.393, 140
Trd, 4319119.593, 140
Trd, 4319121.393, 140
Trd, 4319121.893, 140
Trd, 4319123.443, 140
Trd, 4319123.543, 140
Trd, 4319124.143, 140
Trd, 4319124.543, 140
Trd, 4319127.493, 140
Trd, 4319127.843, 140
Trd, 4319130.943, 140
Trd, 4319132.693, 140
Trd, 4319133.443, 140
Trd, 4319134.293, 140
Trd, 4319134.893, 140
Trd, 4319134.993, 140
Trd, 4319135.443, 140
Trd, 4319135.543, 140
Trd, 4319136.243, 140
Trd, 4319136.643, 139
Trd, 4319140.043, 140
Trd, 4319141.693, 140
Trd, 4319143.293, 140
Trd, 4319143.443, 140
Trd, 4319144.443, 140
Trd, 4319147.293, 140
Trd, 4319149.143, 140
Trd, 4319149.493, 140
Trd, 4319151.193, 140
Trd, 4319151.493, 140
Trd, 4319152.393, 140
Trd, 4319152.593, 140
Trd, 4319152.793, 140
Trd, 4319153.343, 139
Trd, 4319154.143, 140
Trd, 4319154.443, 140
Trd, 4319156.343, 140
Trd, 4319157.243, 140
Trd, 4319158.143, 140
Trd, 4319158.543, 140
Trd, 4319160.593, 140
Trd, 4319160.743, 140
Trd, 4319160.793, 140
Trd, 4319161.093, 140
Trd, 4319163.943, 140
Trd, 4319164.093, 140
Trd, 4319164.343, 139
Trd, 4319165.243, 139
Trd, 4319165.643, 139
Trd, 4319167.843, 140
Trd, 4319169.643, 140
Trd, 4319169.943, 140
Trd, 4319169.993, 140
Trd, 4319170.443, 139
Trd, 4319170.743, 139
Trd, 4319171.043, 140
Trd, 4319171.143, 139
Trd, 4319172.243, 140
Trd, 4319173.743, 140
Trd, 4319174.293, 140
Trd, 4319174.593, 139
Trd, 4319175.093, 140
Trd, 4319175.393, 140
Trd, 4319175.693, 140
Trd, 4319176.093, 140
Trd, 4319176.343, 139
Trd, 4319177.643, 140
Trd, 4319178.443, 140
Trd, 4319179.343, 140
Trd, 4319182.343, 140
Trd, 4319182.793, 140
Trd, 4319183.593, 140
Trd, 4319183.743, 140
Trd, 4319184.143, 139
Trd, 4319184.293, 140
Trd, 4319184.493, 137
Trd, 4319184.693, 140
Trd, 4319185.043, 140
Trd, 4319186.193, 139
Trd, 4319187.243, 63
Trd, 4319187.293, 64
Trd, 4319187.643, 140
Trd, 4319187.993, 135
Trd, 4319191.243, 140
Trd, 4319191.443, 140
Trd, 4319191.793, 140
Trd, 4319193.843, 140
Trd, 4319194.693, 140
Trd, 4319196.243, 140
Trd, 4319196.493, 140
Trd, 4319198.443, 140
Trd, 4319200.793, 140
Trd, 4319201.393, 140
Trd, 4319201.943, 140
Trd, 4319202.143, 140
Trd, 4319202.243, 140
Trd, 4319202.793, 140
Trd, 4319204.393, 140
Trd, 4319205.293, 140
Trd, 4319206.093, 140
Trd, 4319208.443, 140
Trd, 4319211.393, 140
Trd, 4319211.793, 140
Trd, 4319212.243, 140
Trd, 4319212.743, 140
Trd, 4319212.793, 140
Trd, 4319213.043, 140
Trd, 4319214.093, 140
Trd, 4319215.893, 140
Trd, 4319216.693, 140
Trd, 4319216.943, 140
Trd, 4319219.143, 140
Trd, 4319220.443, 140
Trd, 4319220.643, 140
Trd, 4319221.593, 140
Trd, 4319221.643, 140
Trd, 4319221.693, 140
Trd, 4319222.443, 139
Trd, 4319223.743, 140
Trd, 4319223.843, 140
Trd, 4319223.943, 140
Trd, 4319226.093, 140
Trd, 4319226.193, 139
Trd, 4319228.643, 140
Trd, 4319230.293, 140
Trd, 4319233.243, 140
Trd, 4319233.743, 140
Trd, 4319234.343, 140
Trd, 4319234.593, 140
Trd, 4319234.793, 140
Trd, 4319234.943, 139
Trd, 4319235.793, 139
Trd, 4319235.993, 138
Trd, 4319237.343, 140
Trd, 4319238.993, 140
Trd, 4319241.343, 140
Trd, 4319242.343, 140
Trd, 4319242.643, 140
Trd, 4319243.843, 140
Trd, 4319244.593, 140
Trd, 4319244.843, 140
Trd, 4319245.093, 140
Trd, 4319245.593, 140
Trd, 4319248.343, 140
Trd, 4319248.943, 140
Trd, 4319249.043, 140
Trd, 4319249.343, 140
Trd, 4319249.543, 140
Trd, 4319250.843, 140
Trd, 4319253.293, 140
Trd, 4319253.493, 140
Trd, 4319253.843, 140
Trd, 4319256.043, 140
Trd, 4319256.893, 140
Trd, 4319256.943, 139
Trd, 4319257.043, 139
Trd, 4319257.543, 139
Trd, 4319260.093, 140
Trd, 4319261.493, 140
Trd, 4319262.443, 140
Trd, 4319262.543, 140
Trd, 4319263.243, 140
Trd, 4319265.243, 140
Trd, 4319266.243, 140
Trd, 4319266.593, 140
Trd, 4319267.743, 140
Trd, 4319268.993, 140
Trd, 4319270.393, 140
Trd, 4319272.693, 140
Trd, 4319273.193, 140
Trd, 4319273.343, 140
Trd, 4319273.593, 140
Trd, 4319273.943, 140
Trd, 4319274.693, 140
Trd, 4319275.343, 140
Trd, 4319275.493, 140
Trd, 4319278.793, 140
Trd, 4319278.943, 140
Trd, 4319279.343, 140
Trd, 4319279.793, 139
Trd, 4319280.843, 140
Trd, 4319283.193, 140
Trd, 4319283.743, 140
Trd, 4319283.893, 140
Trd, 4319285.093, 140
Trd, 4319285.693, 140
Trd, 4319286.693, 140
Trd, 4319287.793, 140
Trd, 4319287.893, 140
Trd, 4319288.093, 140
Trd, 4319290.593, 140
Trd, 4319291.593, 140
Trd, 4319291.793, 140
Trd, 4319292.093, 140
Trd, 4319292.743, 140
Trd, 4319295.693, 140
Trd, 4319296.693, 140
Trd, 4319298.743, 140
Trd, 4319299.543, 140
Trd, 4319301.543, 140
Trd, 4319302.943, 140
Trd, 4319303.643, 140
Trd, 4319303.793, 140
Trd, 4319303.843, 140
Trd, 4319304.343, 140
Trd, 4319305.943, 140
Trd, 4319306.543, 140
Trd, 4319306.843, 140
Trd, 4319308.643, 140
Trd, 4319308.843, 140
Trd, 4319309.993, 140
Trd, 4319314.443, 140
Trd, 4319314.643, 140
Trd, 4319315.143, 140
Trd, 4319316.043, 140
Trd, 4319317.343, 140
Trd, 4319317.893, 140
Trd, 4319317.943, 140
Trd, 4319318.343, 140
Trd, 4319318.393, 140
Trd, 4319319.693, 140
Trd, 4319320.143, 140
Trd, 4319320.543, 140
Trd, 4319321.193, 140
Trd, 4319323.243, 140
Trd, 4319323.743, 140
Trd, 4319324.843, 140
Trd, 4319326.143, 140
Trd, 4319328.193, 140
Trd, 4319329.493, 140
Trd, 4319329.593, 140
Trd, 4319329.743, 140
Trd, 4319330.643, 140
Trd, 4319333.243, 140
Trd, 4319334.393, 140
Trd, 4319334.893, 140
Trd, 4319335.193, 140
Trd, 4319335.493, 140
Trd, 4319335.743, 140
Trd, 4319336.343, 140
Trd, 4319336.493, 140
Trd, 4319337.843, 140
Trd, 4319339.143, 140
Trd, 4319339.643, 140
Trd, 4319341.143, 140
Trd, 4319342.243, 140
Trd, 4319342.443, 140
Trd, 4319342.793, 140
Trd, 4319344.143, 140
Trd, 4319344.793, 140
Trd, 4319345.093, 140
Trd, 4319345.193, 140
Trd, 4319346.343, 140
Trd, 4319346.943, 140
Trd, 4319349.743, 140
Trd, 4319350.043, 140
Trd, 4319351.143, 140
Trd, 4319353.043, 140
Trd, 4319354.193, 140
Trd, 4319354.243, 140
Trd, 4319357.593, 140
Trd, 4319359.193, 140
Trd, 4319359.843, 140
Trd, 4319360.293, 140
Trd, 4319360.343, 140
Trd, 4319362.193, 140
Trd, 4319363.993, 140
Trd, 4319364.293, 140
Trd, 4319365.043, 140
Trd, 4319365.293, 140
Trd, 4319367.343, 140
Trd, 4319367.893, 140
Trd, 4319369.343, 140
Trd, 4319369.493, 140
Trd, 4319369.543, 140
Trd, 4319372.843, 140
Trd, 4319374.093, 140
Trd, 4319374.193, 140
Trd, 4319374.543, 140
Trd, 4319374.843, 140
Trd, 4319375.393, 139
Trd, 4319376.443, 140
Trd, 4319377.493, 140
Trd, 4319377.693, 140
Trd, 4319377.993, 140
Trd, 4319380.243, 140
Trd, 4319382.843, 140
Trd, 4319384.443, 140
Trd, 4319384.643, 140
Trd, 4319384.893, 140
Trd, 4319385.543, 140
Trd, 4319385.743, 140
Trd, 4319385.843, 140
Trd, 4319387.193, 140
Trd, 4319387.543, 140
Trd, 4319390.043, 140
Trd, 4319390.093, 140
Trd, 4319393.043, 140
Trd, 4319395.893, 140
Trd, 4319397.243, 140
Trd, 4319397.793, 140
Trd, 4319398.693, 140
Trd, 4319398.743, 140
Trd, 4319399.993, 140
Trd, 4319400.643, 140
Trd, 4319401.993, 140
Trd, 4319402.593, 140
Trd, 4319402.643, 140
Trd, 4319404.343, 140
Trd, 4319404.693, 140
Trd, 4319406.443, 140
Trd, 4319407.943, 140
Trd, 4319410.143, 140
Trd, 4319411.193, 140
Trd, 4319411.343, 140
Trd, 4319413.293, 140
Trd, 4319413.493, 140
Trd, 4319416.993, 140
Trd, 4319417.043, 140
Trd, 4319417.193, 140
Trd, 4319417.443, 140
Trd, 4319418.043, 140
Trd, 4319418.593, 140
Trd, 4319419.343, 139
Trd, 4319419.743, 138
Trd, 4319420.043, 139
Trd, 4319421.343, 140
Trd, 4319422.543, 140
Trd, 4319425.443, 140
Trd, 4319425.743, 140
Trd, 4319428.593, 140
Trd, 4319428.993, 140
Trd, 4319429.193, 140
Trd, 4319429.543, 140
Trd, 4319430.593, 140
Trd, 4319430.743, 140
Trd, 4319430.793, 139
Trd, 4319430.843, 139
Trd, 4319432.743, 140
Trd, 4319433.943, 140
Trd, 4319434.443, 140
Trd, 4319435.743, 140
Trd, 4319437.043, 140
Trd, 4319437.293, 140
Trd, 4319437.593, 140
Trd, 4319437.743, 139
Trd, 4319437.893, 140
Trd, 4319438.443, 140
Trd, 4319441.743, 140
Trd, 4319442.693, 140
Trd, 4319443.193, 140
Trd, 4319443.693, 140
Trd, 4319443.893, 140
Trd, 4319444.143, 140
Trd, 4319444.293, 140
Trd, 4319445.343, 140
Trd, 4319445.993, 140
Trd, 4319447.393, 140
Trd, 4319450.393, 140
Trd, 4319450.743, 140
Trd, 4319451.043, 140
Trd, 4319451.243, 140
Trd, 4319452.043, 140
Trd, 4319453.593, 140
Trd, 4319455.593, 140
Trd, 4319455.693, 140
Trd, 4319455.943, 140
Trd, 4319460.493, 140
Trd, 4319460.593, 140
Trd, 4319460.893, 140
Trd, 4319463.043, 140
Trd, 4319463.393, 140
Trd, 4319463.793, 140
Trd, 4319463.843, 140
Trd, 4319464.443, 140
Trd, 4319465.643, 140
Trd, 4319466.293, 140
Trd, 4319466.393, 140
Trd, 4319466.943, 140
Trd, 4319468.293, 140
Trd, 4319470.193, 140
Trd, 4319470.543, 140
Trd, 4319471.043, 140
Trd, 4319471.643, 140
Trd, 4319471.693, 139
Trd, 4319473.643, 140
Trd, 4319473.693, 140
Trd, 4319474.793, 140
Trd, 4319475.493, 140
Trd, 4319475.843, 140
Trd, 4319475.943, 140
Trd, 4319476.243, 139
Trd, 4319476.743, 140
Trd, 4319479.993, 140
Trd, 4319480.893, 140
Trd, 4319481.593, 140
Trd, 4319481.643, 140
Trd, 4319482.493, 140
Trd, 4319483.093, 140
Trd, 4319484.243, 140
Trd, 4319486.343, 140
Trd, 4319487.193, 140
Trd, 4319488.193, 140
Trd, 4319489.743, 140
Trd, 4319490.643, 140
Trd, 4319491.043, 140
Trd, 4319491.793, 140
Trd, 4319492.193, 140
Trd, 4319492.293, 140
Trd, 4319493.393, 139
Trd, 4319493.543, 140
Trd, 4319494.993, 140
Trd, 4319497.743, 140
Trd, 4319498.043, 140
Trd, 4319498.293, 140
Trd, 4319499.593, 140
Trd, 4319499.893, 140
Trd, 4319500.343, 140
Trd, 4319501.693, 140
Trd, 4319503.143, 140
Trd, 4319504.243, 140
Trd, 4319504.643, 140
Trd, 4319506.443, 140
Trd, 4319506.643, 140
Trd, 4319506.693, 140
Trd, 4319507.343, 140
Trd, 4319507.693, 140
Trd, 4319509.643, 140
Trd, 4319510.693, 140
Trd, 4319511.093, 140
Trd, 4319513.143, 140
Trd, 4319514.293, 140
Trd, 4319514.343, 140
Trd, 4319515.043, 140
Trd, 4319518.143, 140
Trd, 4319519.593, 140
Trd, 4319519.843, 140
Trd, 4319520.943, 140
Trd, 4319521.193, 140
Trd, 4319522.193, 140
Trd, 4319522.393, 140
Trd, 4319523.193, 140
Trd, 4319524.793, 140
Trd, 4319525.543, 140
Trd, 4319527.143, 140
Trd, 4319527.193, 140
Trd, 4319527.443, 140
Trd, 4319527.643, 140
Trd, 4319530.193, 140
Trd, 4319531.843, 140
Trd, 4319533.093, 140
Trd, 4319533.143, 140
Trd, 4319533.543, 140
Trd, 4319535.843, 140
Trd, 4319538.193, 140
Trd, 4319539.843, 140
Trd, 4319540.193, 140
Trd, 4319540.893, 140
Trd, 4319541.393, 140
Trd, 4319543.093, 140
Trd, 4319543.243, 140
Trd, 4319544.493, 140
Trd, 4319545.643, 140
Trd, 4319545.893, 140
Trd, 4319546.843, 140
Trd, 4319549.393, 140
Trd, 4319549.643, 140
Trd, 4319549.693, 140
Trd, 4319550.143, 140
Trd, 4319550.443, 140
Trd, 4319551.693, 140
Trd, 4319552.243, 140
Trd, 4319552.793, 140
Trd, 4319552.943, 140
Trd, 4319553.243, 140
Trd, 4319553.893, 140
Trd, 4319554.093, 140
Trd, 4319554.893, 140
Trd, 4319556.143, 140
Trd, 4319558.393, 140
Trd, 4319559.043, 139
Trd, 4319559.493, 138
Trd, 4319559.893, 137
Trd, 4319560.143, 140
Trd, 4319560.593, 140
Trd, 4319561.743, 140
Trd, 4319562.193, 140
Trd, 4319563.093, 140
Trd, 4319563.943, 140
Trd, 4319564.143, 140
Trd, 4319564.393, 140
Trd, 4319566.293, 140
Trd, 4319568.393, 140
Trd, 4319570.793, 140
Trd, 4319571.593, 140
Trd, 4319571.843, 140
Trd, 4319572.293, 140
Trd, 4319575.243, 140
Trd, 4319576.493, 140
Trd, 4319576.543, 140
Trd, 4319576.643, 140
Trd, 4319576.793, 140
Trd, 4319577.393, 139
Trd, 4319577.543, 140
Trd, 4319577.943, 139
Trd, 4319578.243, 140
Trd, 4319578.793, 140
Trd, 4319581.343, 140
Trd, 4319582.543, 140
Trd, 4319584.143, 140
Trd, 4319584.193, 140
Trd, 4319584.643, 139
Trd, 4319584.893, 140
Trd, 4319584.943, 140
Trd, 4319585.293, 139
Trd, 4319585.693, 140
Trd, 4319586.443, 139
Trd, 4319586.893, 139
Trd, 4319587.193, 140
Trd, 4319589.943, 140
Trd, 4319592.443, 140
Trd, 4319592.893, 140
Trd, 4319593.693, 140
Trd, 4319594.793, 140
Trd, 4319596.443, 140
Trd, 4319596.743, 140
Trd, 4319597.293, 140
Trd, 4319597.343, 140
Trd, 4319598.993, 140
Trd, 4319601.793, 140
Trd, 4319602.143, 140
Trd, 4319602.343, 140
Trd, 4319602.743, 140
Trd, 4319602.943, 140
Trd, 4319603.493, 140
Trd, 4319603.943, 140
Trd, 4319604.643, 140
Trd, 4319605.393, 140
Trd, 4319607.743, 140
Trd, 4319607.843, 140
Trd, 4319609.293, 140
Trd, 4319609.793, 140
Trd, 4319611.493, 140
Trd, 4319612.693, 140
Trd, 4319613.393, 140
Trd, 4319613.593, 140
Trd, 4319613.643, 140
Trd, 4319613.793, 140
Trd, 4319614.143, 140
Trd, 4319614.343, 138
Trd, 4319615.393, 137
Trd, 4319615.693, 139
Trd, 4319616.793, 140
Trd, 4319618.543, 140
Trd, 4319619.893, 140
Trd, 4319620.593, 140
Trd, 4319621.493, 140
Trd, 4319622.443, 140
Trd, 4319622.643, 140
Trd, 4319622.743, 140
Trd, 4319623.693, 140
Trd, 4319624.443, 140
Trd, 4319624.843, 140
Trd, 4319626.243, 140
Trd, 4319626.693, 140
Trd, 4319626.793, 140
Trd, 4319627.493, 140
Trd, 4319628.493, 140
Trd, 4319629.993, 140
Trd, 4319630.143, 140
Trd, 4319630.293, 140
Trd, 4319630.793, 140
Trd, 4319630.993, 140
Trd, 4319632.243, 140
Trd, 4319633.293, 139
Trd, 4319635.643, 140
Trd, 4319635.743, 140
Trd, 4319635.943, 140
Trd, 4319636.593, 140
Trd, 4319636.693, 139
Trd, 4319639.443, 140
Trd, 4319639.743, 140
Trd, 4319639.943, 140
Trd, 4319642.143, 140
Trd, 4319642.743, 140
Trd, 4319643.643, 140
Trd, 4319644.643, 140
Trd, 4319646.443, 140
Trd, 4319648.343, 140
Trd, 4319648.593, 140
Trd, 4319648.793, 140
Trd, 4319648.993, 140
Trd, 4319650.243, 140
Trd, 4319652.293, 140
Trd, 4319652.643, 140
Trd, 4319652.743, 140
Trd, 4319652.793, 140
Trd, 4319653.543, 140
Trd, 4319654.193, 140
Trd, 4319654.343, 140
Trd, 4319654.693, 139
Trd, 4319655.193, 140
Trd, 4319655.693, 140
Trd, 4319657.293, 140
Trd, 4319657.393, 140
Trd, 4319658.993, 140
Trd, 4319659.143, 140
Trd, 4319660.393, 140
Trd, 4319662.293, 140
Trd, 4319663.743, 140
Trd, 4319663.843, 140
Trd, 4319664.493, 140
Trd, 4319664.743, 140
Trd, 4319665.443, 140
Trd, 4319665.543, 140
Trd, 4319665.793, 140
Trd, 4319665.943, 138
Trd, 4319666.993, 140
Trd, 4319667.143, 140
Trd, 4319668.443, 140
Trd, 4319669.043, 140
Trd, 4319669.943, 140
Trd, 4319670.343, 140
Trd, 4319673.943, 140
Trd, 4319676.243, 140
Trd, 4319677.393, 140
Trd, 4319678.093, 140
Trd, 4319678.943, 140
Trd, 4319680.643, 140
Trd, 4319682.543, 140
Trd, 4319684.293, 140
Trd, 4319684.393, 140
Trd, 4319684.593, 140
Trd, 4319684.643, 140
Trd, 4319684.943, 139
Trd, 4319687.743, 140
Trd, 4319688.143, 140
Trd, 4319688.193, 139
Trd, 4319688.543, 140
Trd, 4319688.643, 139
Trd, 4319688.693, 140
Trd, 4319689.043, 139
Trd, 4319690.993, 140
Trd, 4319693.293, 140
Trd, 4319695.293, 140
Trd, 4319695.693, 140
Trd, 4319696.143, 140
Trd, 4319698.293, 140
Trd, 4319698.393, 140
Trd, 4319698.693, 140
Trd, 4319698.893, 140
Trd, 4319699.943, 140
Trd, 4319701.593, 140
Trd, 4319701.643, 140
Trd, 4319701.693, 138
Trd, 4319701.793, 136
Trd, 4319702.193, 134
Trd, 4319702.643, 134
Trd, 4319703.243, 132
Trd, 4319703.293, 133
Trd, 4319704.543, 140
Trd, 4319705.493, 140
Trd, 4319707.643, 140
Trd, 4319708.793, 140
Trd, 4319710.443, 140
Trd, 4319710.893, 140
Trd, 4319712.243, 140
Trd, 4319712.593, 140
Trd, 4319713.393, 140
Trd, 4319713.643, 140
Trd, 4319715.743, 140
Trd, 4319717.543, 140
Trd, 4319718.993, 140
Trd, 4319719.393, 140
Trd, 4319720.843, 140
Trd, 4319720.993, 140
Trd, 4319721.193, 140
Trd, 4319721.293, 139
Trd, 4319721.543, 139
Trd, 4319721.593, 140
Trd, 4319722.343, 140
Trd, 4319723.743, 140
Trd, 4319728.743, 140
Trd, 4319729.293, 140
Trd, 4319730.143, 140
Trd, 4319731.343, 140
Trd, 4319731.593, 140
Trd, 4319731.993, 140
Trd, 4319732.643, 140
Trd, 4319733.793, 140
Trd, 4319734.143, 140
Trd, 4319735.843, 140
Trd, 4319735.893, 140
Trd, 4319736.243, 140
Trd, 4319737.643, 140
Trd, 4319738.243, 140
Trd, 4319739.393, 140
Trd, 4319739.443, 140
Trd, 4319739.993, 140
Trd, 4319741.343, 140
Trd, 4319742.593, 140
Trd, 4319742.743, 140
Trd, 4319744.893, 140
Trd, 4319745.843, 140
Trd, 4319745.893, 140
Trd, 4319746.243, 140
Trd, 4319747.643, 140
Trd, 4319750.293, 140
Trd, 4319750.493, 140
Trd, 4319750.543, 140
Trd, 4319750.993, 140
Trd, 4319751.093, 140
Trd, 4319751.343, 140
Trd, 4319751.793, 140
Trd, 4319755.093, 140
Trd, 4319755.893, 140
Trd, 4319756.093, 140
Trd, 4319756.793, 140
Trd, 4319756.993, 140
Trd, 4319758.393, 140
Trd, 4319759.293, 140
Trd, 4319760.643, 140
Trd, 4319760.893, 140
Trd, 4319763.593, 140
Trd, 4319764.743, 140
Trd, 4319765.443, 140
Trd, 4319766.193, 140
Trd, 4319767.743, 140
Trd, 4319768.193, 140
Trd, 4319769.143, 140
Trd, 4319769.643, 140
Trd, 4319769.743, 140
Trd, 4319769.793, 140
Trd, 4319770.093, 140
Trd, 4319770.793, 140
Trd, 4319770.843, 140
Trd, 4319772.193, 140
Trd, 4319772.643, 140
Trd, 4319774.743, 140
Trd, 4319776.543, 140
Trd, 4319777.343, 140
Trd, 4319778.743, 140
Trd, 4319780.093, 140
Trd, 4319780.743, 140
Trd, 4319781.143, 140
Trd, 4319781.543, 140
Trd, 4319781.893, 140
Trd, 4319781.993, 139
Trd, 4319782.193, 140
Trd, 4319784.943, 140
Trd, 4319785.643, 140
Trd, 4319785.743, 140
Trd, 4319787.993, 140
Trd, 4319788.143, 140
Trd, 4319788.193, 139
Trd, 4319788.643, 140
Trd, 4319789.143, 139
Trd, 4319789.293, 139
Trd, 4319790.393, 140
Trd, 4319790.943, 140
Trd, 4319792.243, 140
Trd, 4319792.993, 140
Trd, 4319793.693, 139
Trd, 4319793.943, 139
Trd, 4319795.743, 140
Trd, 4319797.493, 140
Trd, 4319799.293, 140
Trd, 4319800.043, 140
Trd, 4319800.443, 140
Trd, 4319801.943, 140
Trd, 4319802.293, 140
Trd, 4319802.343, 140
Trd, 4319805.143, 140
Trd, 4319806.193, 140
Trd, 4319807.043, 140
Trd, 4319808.193, 140
Trd, 4319808.593, 140
Trd, 4319810.743, 140
Trd, 4319811.793, 140
Trd, 4319812.193, 140
Trd, 4319812.243, 140
Trd, 4319812.443, 140
Trd, 4319812.993, 140
Trd, 4319813.543, 140
Trd, 4319813.843, 140
Trd, 4319815.093, 140
Trd, 4319816.393, 140
Trd, 4319816.893, 140
Trd, 4319819.443, 140
Trd, 4319820.143, 140
Trd, 4319820.293, 140
Trd, 4319822.743, 140
Trd, 4319825.843, 140
Trd, 4319826.393, 140
Trd, 4319827.043, 140
Trd, 4319827.493, 140
Trd, 4319828.693, 140
Trd, 4319829.293, 140
Trd, 4319830.093, 140
Trd, 4319830.543, 140
Trd, 4319831.043, 139
Trd, 4319831.593, 139
Trd, 4319831.793, 140
Trd, 4319832.443, 140
Trd, 4319833.143, 140
Trd, 4319834.593, 139
Trd, 4319834.793, 139
Trd, 4319835.093, 138
Trd, 4319838.493, 140
Trd, 4319839.093, 140
Trd, 4319839.193, 140
Trd, 4319839.243, 140
Trd, 4319840.743, 140
Trd, 4319841.193, 140
Trd, 4319842.643, 140
Trd, 4319843.093, 140
Trd, 4319843.393, 140
Trd, 4319843.843, 140
Trd, 4319844.043, 140
Trd, 4319844.193, 140
Trd, 4319844.393, 139
Trd, 4319844.593, 140
Trd, 4319848.293, 140
Trd, 4319848.643, 140
Trd, 4319850.093, 140
Trd, 4319850.143, 139
Trd, 4319850.843, 140
Trd, 4319851.143, 140
Trd, 4319851.293, 140
Trd, 4319851.693, 140
Trd, 4319852.443, 140
Trd, 4319853.093, 140
Trd, 4319853.243, 140
Trd, 4319853.543, 140
Trd, 4319853.793, 140
Trd, 4319854.043, 139
Trd, 4319854.893, 139
Trd, 4319857.793, 140
Trd, 4319858.093, 140
Trd, 4319858.793, 140
Trd, 4319859.343, 140
Trd, 4319859.643, 140
Trd, 4319859.993, 72
Trd, 4319863.643, 140
Trd, 4319864.043, 140
Trd, 4319865.093, 140
Trd, 4319865.493, 140
Trd, 4319865.743, 139
Trd, 4319866.593, 140
Trd, 4319867.193, 140
Trd, 4319867.693, 140
Trd, 4319868.093, 140
Trd, 4319868.343, 140
Trd, 4319869.893, 140
Trd, 4319871.243, 140
Trd, 4319872.293, 140
Trd, 4319876.893, 140
Trd, 4319877.493, 140
Trd, 4319878.593, 140
Trd, 4319878.843, 140
Trd, 4319880.843, 140
Trd, 4319881.393, 140
Trd, 4319881.443, 140
Trd, 4319881.543, 140
Trd, 4319881.893, 140
Trd, 4319881.993, 140
Trd, 4319882.743, 140
Trd, 4319884.793, 140
Trd, 4319884.993, 140
Trd, 4319885.743, 138
Trd, 4319885.843, 139
Trd, 4319886.143, 140
Trd, 4319887.143, 140
Trd, 4319887.193, 140
Trd, 4319887.393, 140
Trd, 4319889.343, 140
Trd, 4319890.493, 140
Trd, 4319895.293, 140
Trd, 4319895.893, 140
Trd, 4319896.243, 140
Trd, 4319896.543, 140
Trd, 4319896.793, 140
Trd, 4319896.943, 140
Trd, 4319897.193, 140
Trd, 4319899.793, 140
Trd, 4319899.893, 140
Trd, 4319900.643, 140
Trd, 4319900.993, 140
Trd, 4319902.893, 140
Trd, 4319902.993, 140
Trd, 4319905.043, 140
Trd, 4319905.293, 140
Trd, 4319906.243, 140
Trd, 4319908.843, 140
Trd, 4319909.043, 140
Trd, 4319910.643, 140
Trd, 4319911.043, 140
Trd, 4319911.093, 140
Trd, 4319911.193, 140
Trd, 4319911.943, 140
Trd, 4319912.043, 140
Trd, 4319912.443, 140
Trd, 4319913.443, 140
Trd, 4319914.293, 140
Trd, 4319914.693, 140
Trd, 4319915.543, 140
Trd, 4319915.693, 140
Trd, 4319915.793, 140
Trd, 4319916.593, 140
Trd, 4319916.693, 140
Trd, 4319917.443, 140
Trd, 4319917.643, 140
Trd, 4319918.143, 71
Trd, 4319919.043, 139
Trd, 4319919.593, 81
Trd, 4319920.643, 139
Trd, 4319920.693, 140
Trd, 4319921.643, 63
Trd, 4319922.593, 140
Trd, 4319923.443, 140
Trd, 4319925.793, 140
Trd, 4319926.393, 140
Trd, 4319928.843, 140
Trd, 4319928.893, 140
Trd, 4319929.343, 140
Trd, 4319930.343, 140
Trd, 4319931.393, 140
Trd, 4319934.443, 140
Trd, 4319934.843, 140
Trd, 4319935.293, 140
Trd, 4319935.443, 140
Trd, 4319935.793, 139
Trd, 4319936.043, 139
Trd, 4319937.043, 135
Trd, 4319937.443, 64
Trd, 4319937.693, 64
Trd, 4319938.293, 60
Trd, 4319938.893, 63
Trd, 4319939.893, 63
Trd, 4319940.143, 140
Trd, 4319941.043, 140
Trd, 4319943.293, 140
Trd, 4319944.593, 140
Trd, 4319945.493, 140
Trd, 4319946.693, 140
Trd, 4319948.493, 140
Trd, 4319949.193, 140
Trd, 4319949.643, 140
Trd, 4319949.993, 140
Trd, 4319950.543, 140
Trd, 4319950.893, 140
Trd, 4319952.543, 140
Trd, 4319953.943, 140
Trd, 4319955.893, 140
Trd, 4319956.043, 140
Trd, 4319956.643, 140
Trd, 4319959.193, 140
Trd, 4319959.693, 140
Trd, 4319962.593, 140
Trd, 4319962.743, 140
Trd, 4319963.243, 140
Trd, 4319963.643, 140
Trd, 4319963.793, 140
Trd, 4319965.193, 140
Trd, 4319965.943, 139
Trd, 4319966.293, 140
Trd, 4319967.993, 140
Trd, 4319969.043, 140
Trd, 4319970.043, 140
Trd, 4319971.543, 140
Trd, 4319972.243, 140
Trd, 4319972.693, 140
Trd, 4319972.793, 140
Trd, 4319973.293, 139
Trd, 4319973.693, 140
Trd, 4319973.843, 138
Trd, 4319976.293, 140
Trd, 4319976.593, 140
Trd, 4319979.193, 140
Trd, 4319979.543, 140
Trd, 4319980.193, 140
Trd, 4319980.543, 140
Trd, 4319980.793, 140
Trd, 4319982.543, 140
Trd, 4319982.943, 140
Trd, 4319983.343, 140
Trd, 4319983.593, 140
Trd, 4319984.443, 140
Trd, 4319984.593, 140
Trd, 4319987.193, 140
Trd, 4319987.943, 140
Trd, 4319990.043, 140
Trd, 4319991.443, 140
Trd, 4319992.143, 140
Trd, 4319994.243, 140
Trd, 4319995.443, 140
Trd, 4319995.643, 140
Trd, 4319995.943, 140
Trd, 4319996.293, 140
Trd, 4319997.643, 140
Trd, 4319997.993, 140
Trd, 4319998.843, 140
Trd, 4319999.743, 140
