Trd, 4318061.243, 125
Trd, 4318061.343, 104
Trd, 4318062.643, 138
Trd, 4318062.843, 140
Trd, 4318064.543, 133
Trd, 4318064.743, 127
Trd, 4318065.193, 109
Trd, 4318066.443, 133
Trd, 4318068.193, 120
Trd, 4318069.493, 133
Trd, 4318069.543, 116
Trd, 4318070.843, 94
Trd, 4318071.143, 119
Trd, 4318072.543, 98
Trd, 4318073.443, 107
Trd, 4318074.543, 140
Trd, 4318075.043, 137
Trd, 4318076.943, 130
Trd, 4318077.043, 130
Trd, 4318077.643, 122
Trd, 4318077.843, 131
Trd, 4318078.093, 104
Trd, 4318080.143, 99
Trd, 4318081.393, 99
Trd, 4318081.993, 98
Trd, 4318082.343, 103
Trd, 4318083.293, 125
Trd, 4318083.743, 133
Trd, 4318085.193, 123
Trd, 4318085.343, 111
Trd, 4318085.793, 97
Trd, 4318088.043, 132
Trd, 4318088.143, 126
Trd, 4318088.293, 140
Trd, 4318089.043, 113
Trd, 4318090.043, 137
Trd, 4318092.443, 103
Trd, 4318093.493, 122
Trd, 4318093.643, 126
Trd, 4318094.393, 123
Trd, 4318094.743, 129
Trd, 4318095.293, 111
Trd, 4318095.593, 95
Trd, 4318096.943, 82
Trd, 4318097.193, 78
Trd, 4318097.693, 76
Trd, 4318098.393, 135
Trd, 4318100.393, 115
Trd, 4318100.743, 118
Trd, 4318101.843, 108
Trd, 4318102.493, 121
Trd, 4318103.243, 127
Trd, 4318103.443, 110
Trd, 4318103.593, 91
Trd, 4318104.543, 104
Trd, 4318105.393, 95
Trd, 4318105.593, 131
Trd, 4318105.943, 108
Trd, 4318108.993, 124
Trd, 4318109.943, 128
Trd, 4318110.543, 117
Trd, 4318112.593, 111
Trd, 4318113.243, 87
Trd, 4318113.643, 118
Trd, 4318114.293, 85
Trd, 4318114.343, 113
Trd, 4318115.493, 130
Trd, 4318116.693, 114
Trd, 4318116.743, 105
Trd, 4318116.943, 89
Trd, 4318118.193, 108
Trd, 4318119.493, 140
Trd, 4318120.243, 137
Trd, 4318120.493, 90
Trd, 4318121.193, 90
Trd, 4318122.543, 128
Trd, 4318123.193, 138
Trd, 4318125.043, 108
Trd, 4318125.493, 119
Trd, 4318127.493, 134
Trd, 4318127.543, 122
Trd, 4318129.593, 127
Trd, 4318129.893, 132
Trd, 4318129.993, 101
Trd, 4318131.193, 131
Trd, 4318131.693, 125
Trd, 4318131.793, 93
Trd, 4318133.643, 137
Trd, 4318133.743, 137
Trd, 4318134.693, 128
Trd, 4318135.293, 126
Trd, 4318136.093, 116
Trd, 4318138.943, 135
Trd, 4318139.143, 132
Trd, 4318139.643, 116
Trd, 4318140.193, 117
Trd, 4318140.543, 94
Trd, 4318140.593, 89
Trd, 4318142.043, 125
Trd, 4318142.393, 111
Trd, 4318143.543, 137
Trd, 4318144.043, 127
Trd, 4318145.843, 110
Trd, 4318146.243, 98
Trd, 4318146.943, 109
Trd, 4318147.993, 117
Trd, 4318148.643, 114
Trd, 4318148.893, 91
Trd, 4318150.943, 113
Trd, 4318151.543, 87
Trd, 4318151.693, 83
Trd, 4318152.593, 129
Trd, 4318153.293, 131
Trd, 4318153.643, 122
Trd, 4318154.393, 112
Trd, 4318154.993, 106
Trd, 4318156.093, 111
Trd, 4318157.793, 134
Trd, 4318158.693, 102
Trd, 4318159.393, 138
Trd, 4318159.793, 134
Trd, 4318160.243, 122
Trd, 4318160.793, 104
Trd, 4318162.243, 105
Trd, 4318163.193, 70
Trd, 4318163.893, 84
Trd, 4318164.743, 140
Trd, 4318165.093, 122
Trd, 4318165.393, 114
Trd, 4318167.893, 94
Trd, 4318167.943, 124
Trd, 4318168.543, 122
Trd, 4318169.543, 74
Trd, 4318169.693, 75
Trd, 4318171.443, 94
Trd, 4318171.743, 89
Trd, 4318172.093, 103
Trd, 4318173.993, 110
Trd, 4318174.443, 75
Trd, 4318174.643, 84
Trd, 4318174.993, 132
Trd, 4318176.293, 113
Trd, 4318177.443, 106
Trd, 4318177.993, 106
Trd, 4318178.893, 97
Trd, 4318179.843, 121
Trd, 4318180.443, 133
Trd, 4318181.043, 98
Trd, 4318182.593, 129
Trd, 4318182.693, 97
Trd, 4318182.843, 78
Trd, 4318183.493, 128
Trd, 4318184.843, 110
Trd, 4318185.043, 94
Trd, 4318185.843, 72
Trd, 4318186.893, 134
Trd, 4318187.243, 83
Trd, 4318188.243, 80
Trd, 4318189.393, 84
Trd, 4318190.943, 94
Trd, 4318191.543, 106
Trd, 4318192.543, 137
Trd, 4318192.993, 126
Trd, 4318193.143, 123
Trd, 4318193.443, 126
Trd, 4318195.043, 120
Trd, 4318195.693, 107
Trd, 4318196.093, 133
Trd, 4318197.293, 118
Trd, 4318198.343, 132
Trd, 4318198.543, 117
Trd, 4318199.693, 135
Trd, 4318200.343, 139
Trd, 4318201.193, 106
Trd, 4318201.493, 126
Trd, 4318202.043, 114
Trd, 4318202.793, 95
Trd, 4318203.193, 132
Trd, 4318203.643, 110
Trd, 4318203.943, 117
Trd, 4318206.243, 110
Trd, 4318206.793, 138
Trd, 4318207.193, 106
Trd, 4318207.293, 102
Trd, 4318208.543, 115
Trd, 4318209.593, 87
Trd, 4318210.993, 132
Trd, 4318211.043, 112
Trd, 4318213.093, 138
Trd, 4318213.443, 134
Trd, 4318214.743, 132
Trd, 4318214.843, 119
Trd, 4318215.593, 127
Trd, 4318215.843, 109
Trd, 4318216.693, 131
Trd, 4318218.093, 107
Trd, 4318218.193, 104
Trd, 4318218.493, 125
Trd, 4318218.543, 87
Trd, 4318219.093, 97
Trd, 4318219.343, 100
Trd, 4318220.543, 108
Trd, 4318221.293, 97
Trd, 4318222.143, 115
Trd, 4318222.743, 107
Trd, 4318224.693, 116
Trd, 4318224.943, 116
Trd, 4318225.443, 125
Trd, 4318226.193, 98
Trd, 4318227.743, 99
Trd, 4318228.443, 108
Trd, 4318229.093, 95
Trd, 4318229.343, 97
Trd, 4318230.543, 114
Trd, 4318231.293, 85
Trd, 4318231.993, 100
Trd, 4318232.193, 107
Trd, 4318232.743, 136
Trd, 4318232.793, 115
Trd, 4318234.393, 97
Trd, 4318235.293, 103
Trd, 4318235.843, 108
Trd, 4318236.393, 97
Trd, 4318237.793, 140
Trd, 4318238.043, 104
Trd, 4318239.593, 83
Trd, 4318239.943, 120
Trd, 4318241.193, 100
Trd, 4318242.343, 125
Trd, 4318242.493, 126
Trd, 4318242.893, 131
Trd, 4318243.043, 95
Trd, 4318243.943, 137
Trd, 4318246.193, 123
Trd, 4318246.343, 125
Trd, 4318247.043, 93
Trd, 4318249.343, 100
Trd, 4318249.793, 98
Trd, 4318249.993, 71
Trd, 4318250.043, 118
Trd, 4318250.493, 124
Trd, 4318251.243, 104
Trd, 4318252.743, 100
Trd, 4318253.043, 131
Trd, 4318254.243, 114
Trd, 4318254.493, 88
Trd, 4318254.993, 76
Trd, 4318255.743, 88
Trd, 4318256.343, 98
Trd, 4318257.293, 121
Trd, 4318257.743, 89
Trd, 4318258.743, 86
Trd, 4318258.843, 108
Trd, 4318260.843, 98
Trd, 4318261.193, 118
Trd, 4318261.693, 96
Trd, 4318262.143, 97
Trd, 4318262.443, 71
Trd, 4318263.093, 122
Trd, 4318263.843, 123
Trd, 4318264.993, 96
Trd, 4318265.343, 93
Trd, 4318265.643, 119
Trd, 4318267.243, 125
Trd, 4318268.443, 89
Trd, 4318269.243, 128
Trd, 4318269.643, 137
Trd, 4318271.043, 134
Trd, 4318271.243, 108
Trd, 4318271.993, 106
Trd, 4318273.193, 138
Trd, 4318273.593, 124
Trd, 4318274.243, 117
Trd, 4318275.493, 127
Trd, 4318276.093, 98
Trd, 4318276.343, 137
Trd, 4318277.143, 69
Trd, 4318277.993, 84
Trd, 4318278.793, 91
Trd, 4318280.393, 76
Trd, 4318281.193, 98
Trd, 4318282.743, 132
Trd, 4318283.243, 128
Trd, 4318283.393, 109
Trd, 4318283.543, 112
Trd, 4318283.793, 104
Trd, 4318284.043, 81
Trd, 4318285.193, 99
Trd, 4318285.493, 82
Trd, 4318286.793, 122
Trd, 4318288.743, 114
Trd, 4318288.843, 107
Trd, 4318288.893, 99
Trd, 4318289.693, 116
Trd, 4318290.093, 103
Trd, 4318291.143, 114
Trd, 4318293.193, 111
Trd, 4318294.543, 108
Trd, 4318295.343, 100
Trd, 4318295.693, 103
Trd, 4318297.443, 122
Trd, 4318298.243, 133
Trd, 4318298.743, 106
Trd, 4318298.893, 86
Trd, 4318300.693, 84
Trd, 4318300.843, 114
Trd, 4318302.293, 131
Trd, 4318302.643, 114
Trd, 4318302.793, 90
Trd, 4318303.543, 120
Trd, 4318305.743, 125
Trd, 4318306.943, 110
Trd, 4318307.043, 98
Trd, 4318307.543, 113
Trd, 4318307.743, 95
Trd, 4318308.743, 112
Trd, 4318309.943, 109
Trd, 4318310.093, 129
Trd, 4318310.393, 65
Trd, 4318310.793, 114
Trd, 4318312.943, 128
Trd, 4318313.093, 106
Trd, 4318314.593, 129
Trd, 4318315.193, 103
Trd, 4318316.193, 122
Trd, 4318318.743, 101
Trd, 4318318.843, 98
Trd, 4318319.943, 72
Trd, 4318320.043, 87
Trd, 4318320.793, 134
Trd, 4318322.043, 93
Trd, 4318322.543, 76
Trd, 4318322.793, 111
Trd, 4318322.993, 120
Trd, 4318324.293, 94
Trd, 4318324.543, 74
Trd, 4318324.743, 103
Trd, 4318326.443, 95
Trd, 4318327.443, 138
Trd, 4318327.943, 96
Trd, 4318328.343, 134
Trd, 4318328.893, 95
Trd, 4318329.543, 89
Trd, 4318330.943, 106
Trd, 4318331.293, 103
Trd, 4318332.393, 123
Trd, 4318332.993, 94
Trd, 4318333.543, 92
Trd, 4318333.793, 119
Trd, 4318333.993, 88
Trd, 4318334.443, 107
Trd, 4318335.093, 125
Trd, 4318337.593, 122
Trd, 4318337.793, 127
Trd, 4318337.843, 116
Trd, 4318338.093, 96
Trd, 4318338.243, 112
Trd, 4318340.143, 117
Trd, 4318340.443, 98
Trd, 4318341.693, 129
Trd, 4318342.993, 123
Trd, 4318344.293, 134
Trd, 4318345.293, 119
Trd, 4318345.743, 116
Trd, 4318346.193, 131
Trd, 4318346.493, 130
Trd, 4318347.043, 98
Trd, 4318347.293, 86
Trd, 4318347.643, 112
Trd, 4318349.943, 113
Trd, 4318351.743, 131
Trd, 4318351.943, 116
Trd, 4318352.843, 115
Trd, 4318352.893, 104
Trd, 4318354.443, 64
Trd, 4318354.743, 81
Trd, 4318355.193, 82
Trd, 4318355.443, 99
Trd, 4318356.293, 65
Trd, 4318356.393, 117
Trd, 4318356.843, 120
Trd, 4318357.993, 70
Trd, 4318358.843, 95
Trd, 4318359.043, 77
Trd, 4318359.293, 81
Trd, 4318360.443, 137
Trd, 4318362.743, 114
Trd, 4318362.893, 116
Trd, 4318363.343, 109
Trd, 4318364.093, 138
Trd, 4318364.143, 107
Trd, 4318366.993, 131
Trd, 4318367.543, 140
Trd, 4318367.793, 99
Trd, 4318368.043, 125
Trd, 4318368.193, 80
Trd, 4318368.643, 106
Trd, 4318369.143, 101
Trd, 4318369.993, 87
Trd, 4318370.543, 139
Trd, 4318371.993, 118
Trd, 4318372.543, 116
Trd, 4318373.243, 130
Trd, 4318373.593, 118
Trd, 4318374.593, 112
Trd, 4318375.843, 129
Trd, 4318376.093, 104
Trd, 4318377.943, 120
Trd, 4318379.293, 139
Trd, 4318379.343, 117
Trd, 4318380.293, 116
Trd, 4318381.393, 118
Trd, 4318381.743, 132
Trd, 4318383.343, 124
Trd, 4318384.343, 118
Trd, 4318384.493, 106
Trd, 4318385.043, 97
Trd, 4318385.693, 87
Trd, 4318385.993, 61
Trd, 4318386.393, 101
Trd, 4318386.943, 126
Trd, 4318388.743, 91
Trd, 4318389.093, 111
Trd, 4318389.243, 106
Trd, 4318390.093, 104
Trd, 4318390.293, 80
Trd, 4318390.643, 112
Trd, 4318391.193, 117
Trd, 4318391.693, 99
Trd, 4318393.643, 111
Trd, 4318394.793, 127
Trd, 4318395.243, 125
Trd, 4318395.543, 118
Trd, 4318397.193, 137
Trd, 4318398.443, 113
Trd, 4318400.393, 109
Trd, 4318400.693, 105
Trd, 4318401.743, 131
Trd, 4318402.493, 120
Trd, 4318402.893, 112
Trd, 4318403.893, 117
Trd, 4318404.993, 98
Trd, 4318405.043, 92
Trd, 4318405.593, 131
Trd, 4318406.243, 126
Trd, 4318406.543, 133
Trd, 4318407.443, 82
Trd, 4318408.743, 127
Trd, 4318409.343, 131
Trd, 4318410.543, 136
Trd, 4318412.293, 113
Trd, 4318413.543, 126
Trd, 4318414.393, 124
Trd, 4318415.393, 110
Trd, 4318416.443, 131
Trd, 4318417.393, 95
Trd, 4318417.993, 75
Trd, 4318418.393, 62
Trd, 4318418.543, 69
Trd, 4318419.043, 118
Trd, 4318420.293, 100
Trd, 4318420.793, 85
Trd, 4318422.393, 126
Trd, 4318422.893, 127
Trd, 4318423.743, 126
Trd, 4318424.593, 97
Trd, 4318425.893, 129
Trd, 4318426.193, 140
Trd, 4318427.343, 130
Trd, 4318427.593, 129
Trd, 4318429.793, 139
Trd, 4318429.993, 139
Trd, 4318430.643, 134
Trd, 4318433.243, 130
Trd, 4318434.093, 108
Trd, 4318434.643, 130
Trd, 4318434.893, 94
Trd, 4318435.093, 108
Trd, 4318435.243, 140
Trd, 4318435.893, 112
Trd, 4318436.043, 92
Trd, 4318437.843, 116
Trd, 4318439.493, 100
Trd, 4318439.793, 103
Trd, 4318441.043, 87
Trd, 4318441.693, 106
Trd, 4318442.743, 82
Trd, 4318444.093, 100
Trd, 4318444.143, 132
Trd, 4318444.843, 87
Trd, 4318445.693, 72
Trd, 4318446.793, 79
Trd, 4318447.293, 99
Trd, 4318448.143, 90
Trd, 4318448.193, 90
Trd, 4318449.393, 136
Trd, 4318449.493, 95
Trd, 4318451.143, 120
Trd, 4318452.343, 128
Trd, 4318453.043, 124
Trd, 4318453.343, 122
Trd, 4318454.043, 113
Trd, 4318454.993, 130
Trd, 4318457.193, 138
Trd, 4318457.943, 121
Trd, 4318457.993, 87
Trd, 4318458.393, 91
Trd, 4318459.943, 113
Trd, 4318461.543, 103
Trd, 4318462.343, 121
Trd, 4318464.443, 112
Trd, 4318464.943, 117
Trd, 4318465.243, 109
Trd, 4318466.493, 104
Trd, 4318466.743, 109
Trd, 4318466.993, 97
Trd, 4318467.043, 87
Trd, 4318467.593, 73
Trd, 4318468.693, 116
Trd, 4318470.093, 112
Trd, 4318471.193, 114
Trd, 4318472.143, 108
Trd, 4318472.243, 101
Trd, 4318472.693, 90
Trd, 4318473.443, 120
Trd, 4318474.743, 139
Trd, 4318475.493, 91
Trd, 4318477.193, 140
Trd, 4318477.893, 120
Trd, 4318479.393, 118
Trd, 4318479.493, 129
Trd, 4318479.643, 108
Trd, 4318480.643, 124
Trd, 4318481.793, 112
Trd, 4318482.593, 137
Trd, 4318483.443, 137
Trd, 4318484.193, 61
Trd, 4318485.793, 90
Trd, 4318486.243, 111
Trd, 4318488.093, 114
Trd, 4318489.093, 93
Trd, 4318489.243, 122
Trd, 4318490.343, 118
Trd, 4318490.643, 101
Trd, 4318490.743, 101
Trd, 4318493.643, 126
Trd, 4318494.443, 113
Trd, 4318494.593, 108
Trd, 4318495.493, 87
Trd, 4318495.643, 117
Trd, 4318496.643, 94
Trd, 4318498.693, 130
Trd, 4318498.893, 122
Trd, 4318498.993, 108
Trd, 4318499.293, 140
Trd, 4318499.643, 138
Trd, 4318501.993, 135
Trd, 4318502.793, 89
Trd, 4318503.693, 106
Trd, 4318504.743, 130
Trd, 4318505.093, 122
Trd, 4318506.343, 91
Trd, 4318507.643, 137
Trd, 4318507.893, 127
Trd, 4318509.393, 130
Trd, 4318510.843, 138
Trd, 4318510.993, 115
Trd, 4318511.093, 104
Trd, 4318511.293, 116
Trd, 4318512.343, 117
Trd, 4318512.493, 132
Trd, 4318512.993, 116
Trd, 4318513.193, 100
Trd, 4318513.743, 97
Trd, 4318514.693, 138
Trd, 4318517.493, 131
Trd, 4318517.993, 122
Trd, 4318518.043, 118
Trd, 4318519.343, 116
Trd, 4318520.343, 101
Trd, 4318520.393, 98
Trd, 4318520.843, 106
Trd, 4318521.343, 103
Trd, 4318522.443, 129
Trd, 4318523.293, 137
Trd, 4318524.193, 114
Trd, 4318524.493, 91
Trd, 4318525.593, 118
Trd, 4318526.293, 114
Trd, 4318528.043, 126
Trd, 4318528.493, 132
Trd, 4318529.093, 105
Trd, 4318529.743, 112
Trd, 4318531.493, 130
Trd, 4318533.043, 130
Trd, 4318534.743, 139
Trd, 4318534.943, 135
Trd, 4318535.443, 89
Trd, 4318536.893, 91
Trd, 4318537.393, 84
Trd, 4318539.293, 103
Trd, 4318539.993, 101
Trd, 4318540.143, 86
Trd, 4318540.943, 91
Trd, 4318541.043, 110
Trd, 4318541.843, 131
Trd, 4318542.843, 123
Trd, 4318542.943, 107
Trd, 4318543.543, 91
Trd, 4318544.993, 94
Trd, 4318545.893, 110
Trd, 4318546.293, 105
Trd, 4318546.993, 76
Trd, 4318548.243, 118
Trd, 4318549.393, 131
Trd, 4318550.093, 128
Trd, 4318550.343, 115
Trd, 4318551.793, 87
Trd, 4318552.493, 125
Trd, 4318552.843, 99
Trd, 4318553.093, 79
Trd, 4318554.343, 61
Trd, 4318555.943, 129
Trd, 4318556.343, 114
Trd, 4318557.593, 102
Trd, 4318558.793, 118
Trd, 4318559.343, 115
Trd, 4318559.843, 112
Trd, 4318561.493, 130
Trd, 4318563.293, 122
Trd, 4318563.343, 121
Trd, 4318563.943, 126
Trd, 4318565.593, 136
Trd, 4318565.843, 133
Trd, 4318567.343, 125
Trd, 4318567.393, 115
Trd, 4318571.043, 133
Trd, 4318571.143, 82
Trd, 4318571.993, 140
Trd, 4318572.493, 121
Trd, 4318572.993, 112
Trd, 4318574.443, 124
Trd, 4318574.693, 95
Trd, 4318575.493, 113
Trd, 4318576.093, 84
Trd, 4318576.993, 116
Trd, 4318577.493, 114
Trd, 4318578.093, 133
Trd, 4318578.843, 117
Trd, 4318578.993, 114
Trd, 4318579.943, 138
Trd, 4318580.293, 116
Trd, 4318581.443, 134
Trd, 4318581.593, 122
Trd, 4318581.643, 86
Trd, 4318583.193, 131
Trd, 4318583.293, 109
Trd, 4318584.943, 133
Trd, 4318585.193, 129
Trd, 4318586.193, 127
Trd, 4318587.593, 116
Trd, 4318588.143, 115
Trd, 4318589.243, 92
Trd, 4318590.743, 129
Trd, 4318590.943, 110
Trd, 4318591.093, 106
Trd, 4318591.143, 123
Trd, 4318591.443, 137
Trd, 4318591.693, 134
Trd, 4318593.043, 71
Trd, 4318596.643, 121
Trd, 4318596.843, 92
Trd, 4318597.993, 88
Trd, 4318598.443, 100
Trd, 4318598.743, 110
Trd, 4318599.543, 66
Trd, 4318599.643, 91
Trd, 4318601.143, 109
Trd, 4318601.443, 95
Trd, 4318603.343, 95
Trd, 4318603.943, 131
Trd, 4318604.443, 112
Trd, 4318604.593, 93
Trd, 4318606.393, 140
Trd, 4318607.193, 111
Trd, 4318607.543, 126
Trd, 4318609.143, 136
Trd, 4318609.893, 110
Trd, 4318611.193, 106
Trd, 4318611.393, 102
Trd, 4318612.093, 87
Trd, 4318612.293, 88
Trd, 4318612.343, 118
Trd, 4318612.743, 106
Trd, 4318613.043, 121
Trd, 4318616.443, 97
Trd, 4318617.593, 139
Trd, 4318617.993, 137
Trd, 4318618.293, 107
Trd, 4318618.793, 94
Trd, 4318619.393, 97
Trd, 4318621.093, 117
Trd, 4318622.393, 121
Trd, 4318622.493, 111
Trd, 4318623.243, 107
Trd, 4318624.693, 107
Trd, 4318624.943, 108
Trd, 4318625.193, 77
Trd, 4318625.793, 112
Trd, 4318626.393, 106
Trd, 4318627.843, 94
Trd, 4318628.443, 120
Trd, 4318629.343, 89
Trd, 4318631.793, 112
Trd, 4318633.343, 136
Trd, 4318633.443, 136
Trd, 4318634.293, 140
Trd, 4318634.793, 93
Trd, 4318634.993, 82
Trd, 4318635.943, 81
Trd, 4318636.543, 128
Trd, 4318637.043, 84
Trd, 4318640.143, 125
Trd, 4318640.793, 118
Trd, 4318641.693, 116
Trd, 4318643.293, 113
Trd, 4318644.343, 96
Trd, 4318644.393, 99
Trd, 4318645.543, 87
Trd, 4318646.093, 120
Trd, 4318647.443, 111
Trd, 4318647.593, 102
Trd, 4318648.043, 128
Trd, 4318648.943, 136
Trd, 4318649.943, 105
Trd, 4318650.543, 114
Trd, 4318650.993, 100
Trd, 4318653.093, 122
Trd, 4318653.943, 68
Trd, 4318654.243, 66
Trd, 4318654.693, 84
Trd, 4318657.593, 131
Trd, 4318657.693, 119
Trd, 4318658.293, 113
Trd, 4318659.093, 136
Trd, 4318660.743, 120
Trd, 4318660.893, 103
Trd, 4318661.543, 112
Trd, 4318662.993, 106
Trd, 4318664.643, 130
Trd, 4318664.843, 107
Trd, 4318667.193, 138
Trd, 4318667.693, 84
Trd, 4318667.893, 82
Trd, 4318668.093, 89
Trd, 4318668.793, 137
Trd, 4318670.443, 94
Trd, 4318670.693, 130
Trd, 4318672.893, 119
Trd, 4318673.843, 101
Trd, 4318674.093, 101
Trd, 4318674.543, 93
Trd, 4318675.693, 78
Trd, 4318676.443, 81
Trd, 4318677.243, 76
Trd, 4318678.743, 114
Trd, 4318679.093, 94
Trd, 4318680.293, 130
Trd, 4318681.593, 137
Trd, 4318681.993, 138
Trd, 4318682.443, 128
Trd, 4318682.743, 107
Trd, 4318682.793, 100
Trd, 4318683.243, 114
Trd, 4318683.393, 127
Trd, 4318684.893, 99
Trd, 4318685.943, 136
Trd, 4318687.443, 103
Trd, 4318687.543, 84
Trd, 4318689.843, 63
Trd, 4318690.093, 85
Trd, 4318690.843, 85
Trd, 4318691.443, 76
Trd, 4318692.043, 66
Trd, 4318693.093, 134
Trd, 4318693.293, 96
Trd, 4318693.843, 137
Trd, 4318694.543, 135
Trd, 4318694.993, 131
Trd, 4318695.643, 138
Trd, 4318697.493, 135
Trd, 4318698.443, 100
Trd, 4318698.693, 115
Trd, 4318699.143, 136
Trd, 4318700.093, 123
Trd, 4318701.893, 124
Trd, 4318702.443, 115
Trd, 4318704.493, 102
Trd, 4318704.543, 98
Trd, 4318705.143, 136
Trd, 4318705.743, 114
Trd, 4318705.893, 104
Trd, 4318705.943, 92
Trd, 4318707.893, 123
Trd, 4318708.593, 115
Trd, 4318709.493, 120
Trd, 4318709.793, 115
Trd, 4318709.993, 108
Trd, 4318710.293, 75
Trd, 4318710.993, 107
Trd, 4318711.543, 129
Trd, 4318713.093, 133
Trd, 4318714.243, 118
Trd, 4318714.443, 77
Trd, 4318715.643, 137
Trd, 4318717.293, 139
Trd, 4318717.443, 132
Trd, 4318717.643, 129
Trd, 4318718.343, 96
Trd, 4318718.593, 133
Trd, 4318720.693, 111
Trd, 4318721.043, 85
Trd, 4318721.693, 101
Trd, 4318722.993, 134
Trd, 4318724.443, 134
Trd, 4318724.493, 126
Trd, 4318725.793, 110
Trd, 4318727.093, 79
Trd, 4318727.293, 123
Trd, 4318729.393, 104
Trd, 4318729.943, 116
Trd, 4318730.893, 136
Trd, 4318730.993, 131
Trd, 4318731.143, 121
Trd, 4318732.443, 132
Trd, 4318732.743, 107
Trd, 4318733.343, 105
Trd, 4318733.693, 123
Trd, 4318735.143, 103
Trd, 4318735.743, 107
Trd, 4318736.243, 86
Trd, 4318737.493, 96
Trd, 4318738.793, 138
Trd, 4318739.243, 104
Trd, 4318739.493, 85
Trd, 4318739.693, 85
Trd, 4318740.443, 105
Trd, 4318740.643, 117
Trd, 4318741.943, 116
Trd, 4318742.193, 93
Trd, 4318742.743, 110
Trd, 4318743.043, 127
Trd, 4318744.443, 77
Trd, 4318744.943, 89
Trd, 4318745.793, 125
Trd, 4318746.593, 122
Trd, 4318746.843, 104
Trd, 4318746.893, 66
Trd, 4318748.843, 140
Trd, 4318749.893, 135
Trd, 4318750.793, 127
Trd, 4318751.043, 114
Trd, 4318751.343, 126
Trd, 4318752.243, 113
Trd, 4318752.443, 87
Trd, 4318753.343, 125
Trd, 4318754.193, 82
Trd, 4318754.693, 101
Trd, 4318755.443, 128
Trd, 4318756.193, 101
Trd, 4318757.293, 129
Trd, 4318759.343, 122
Trd, 4318760.193, 124
Trd, 4318760.543, 125
Trd, 4318760.793, 120
Trd, 4318761.143, 114
Trd, 4318763.093, 100
Trd, 4318763.393, 91
Trd, 4318763.543, 87
Trd, 4318764.093, 124
Trd, 4318765.943, 131
Trd, 4318766.743, 116
Trd, 4318767.543, 119
Trd, 4318767.793, 91
Trd, 4318768.543, 124
Trd, 4318769.293, 105
Trd, 4318770.143, 116
Trd, 4318770.293, 134
Trd, 4318770.393, 99
Trd, 4318771.293, 115
Trd, 4318771.493, 69
Trd, 4318772.843, 94
Trd, 4318774.393, 101
Trd, 4318774.793, 134
Trd, 4318776.093, 135
Trd, 4318776.893, 137
Trd, 4318777.343, 132
Trd, 4318778.943, 127
Trd, 4318779.993, 111
Trd, 4318780.293, 129
Trd, 4318780.493, 111
Trd, 4318782.043, 123
Trd, 4318782.293, 125
Trd, 4318782.643, 106
Trd, 4318783.993, 123
Trd, 4318784.243, 120
Trd, 4318784.993, 129
Trd, 4318785.643, 109
Trd, 4318786.343, 139
Trd, 4318786.743, 127
Trd, 4318787.643, 118
Trd, 4318788.443, 118
Trd, 4318791.293, 136
Trd, 4318793.093, 125
Trd, 4318793.143, 121
Trd, 4318793.993, 133
Trd, 4318794.243, 130
Trd, 4318794.893, 112
Trd, 4318795.343, 105
Trd, 4318795.943, 121
Trd, 4318796.243, 131
Trd, 4318797.443, 126
Trd, 4318798.393, 89
Trd, 4318799.443, 130
Trd, 4318799.493, 118
Trd, 4318799.943, 124
Trd, 4318801.643, 85
Trd, 4318802.443, 99
Trd, 4318804.093, 90
Trd, 4318804.793, 130
Trd, 4318805.593, 136
Trd, 4318805.843, 74
Trd, 4318807.093, 103
Trd, 4318809.543, 126
Trd, 4318809.743, 118
Trd, 4318810.243, 130
Trd, 4318810.343, 129
Trd, 4318810.443, 114
Trd, 4318812.043, 138
Trd, 4318814.243, 122
Trd, 4318815.143, 131
Trd, 4318815.343, 121
Trd, 4318815.943, 129
Trd, 4318816.543, 133
Trd, 4318817.893, 135
Trd, 4318817.943, 111
Trd, 4318819.093, 124
Trd, 4318819.443, 93
Trd, 4318819.543, 105
Trd, 4318819.743, 91
Trd, 4318821.643, 124
Trd, 4318821.793, 96
Trd, 4318823.493, 127
Trd, 4318823.593, 118
Trd, 4318825.043, 123
Trd, 4318826.893, 91
Trd, 4318827.993, 84
Trd, 4318828.193, 72
Trd, 4318828.643, 118
Trd, 4318828.743, 85
Trd, 4318828.793, 66
Trd, 4318829.743, 81
Trd, 4318832.193, 114
Trd, 4318833.193, 108
Trd, 4318833.993, 131
Trd, 4318834.143, 114
Trd, 4318835.193, 95
Trd, 4318835.643, 119
Trd, 4318836.143, 102
Trd, 4318837.093, 78
Trd, 4318837.593, 74
Trd, 4318837.793, 63
Trd, 4318838.293, 82
Trd, 4318839.743, 96
Trd, 4318840.343, 68
Trd, 4318840.843, 100
Trd, 4318841.993, 125
Trd, 4318842.343, 118
Trd, 4318842.743, 99
Trd, 4318843.643, 132
Trd, 4318846.243, 134
Trd, 4318846.543, 138
Trd, 4318846.743, 139
Trd, 4318848.293, 127
Trd, 4318848.343, 121
Trd, 4318848.693, 130
Trd, 4318850.343, 122
Trd, 4318851.393, 95
Trd, 4318851.643, 83
Trd, 4318852.093, 126
Trd, 4318852.893, 123
Trd, 4318853.893, 139
Trd, 4318854.043, 120
Trd, 4318854.393, 86
Trd, 4318856.993, 139
Trd, 4318857.943, 97
Trd, 4318858.143, 92
Trd, 4318858.843, 100
Trd, 4318859.393, 93
Trd, 4318859.593, 102
Trd, 4318860.043, 83
Trd, 4318862.343, 91
Trd, 4318863.143, 131
Trd, 4318863.893, 91
Trd, 4318864.743, 136
Trd, 4318866.843, 131
Trd, 4318867.943, 131
Trd, 4318868.193, 113
Trd, 4318868.743, 112
Trd, 4318870.343, 133
Trd, 4318872.143, 138
Trd, 4318872.893, 119
Trd, 4318873.443, 127
Trd, 4318873.543, 113
Trd, 4318874.793, 125
Trd, 4318875.243, 84
Trd, 4318876.193, 76
Trd, 4318876.543, 78
Trd, 4318877.143, 106
Trd, 4318877.843, 125
Trd, 4318880.443, 102
Trd, 4318880.693, 82
Trd, 4318880.743, 81
Trd, 4318881.643, 95
Trd, 4318882.393, 123
Trd, 4318883.543, 115
Trd, 4318884.493, 120
Trd, 4318885.293, 129
Trd, 4318885.443, 115
Trd, 4318885.743, 80
Trd, 4318887.443, 130
Trd, 4318887.693, 104
Trd, 4318888.393, 139
Trd, 4318889.793, 108
Trd, 4318890.393, 89
Trd, 4318890.443, 134
Trd, 4318890.643, 86
Trd, 4318891.893, 107
Trd, 4318892.643, 98
Trd, 4318892.693, 100
Trd, 4318894.793, 121
Trd, 4318895.393, 92
Trd, 4318895.843, 75
Trd, 4318896.593, 98
Trd, 4318897.543, 139
Trd, 4318898.343, 125
Trd, 4318899.243, 107
Trd, 4318900.443, 123
Trd, 4318902.043, 135
Trd, 4318902.493, 111
Trd, 4318903.793, 115
Trd, 4318904.143, 98
Trd, 4318905.843, 100
Trd, 4318906.393, 122
Trd, 4318907.493, 127
Trd, 4318907.543, 112
Trd, 4318908.543, 86
Trd, 4318909.943, 105
Trd, 4318910.493, 129
Trd, 4318910.843, 116
Trd, 4318911.593, 111
Trd, 4318912.193, 125
Trd, 4318912.793, 138
Trd, 4318913.743, 119
Trd, 4318913.893, 116
Trd, 4318914.343, 125
Trd, 4318914.493, 136
Trd, 4318915.693, 104
Trd, 4318916.043, 98
Trd, 4318918.043, 127
Trd, 4318918.943, 125
Trd, 4318919.543, 116
Trd, 4318919.643, 113
Trd, 4318920.693, 100
Trd, 4318921.443, 106
Trd, 4318921.793, 84
Trd, 4318922.543, 105
Trd, 4318923.093, 136
Trd, 4318923.293, 121
Trd, 4318923.343, 127
Trd, 4318923.393, 87
Trd, 4318926.243, 113
Trd, 4318926.643, 98
Trd, 4318927.393, 104
Trd, 4318927.693, 76
Trd, 4318928.993, 89
Trd, 4318930.493, 118
Trd, 4318931.843, 122
Trd, 4318933.043, 106
Trd, 4318933.393, 127
Trd, 4318934.443, 128
Trd, 4318934.843, 129
Trd, 4318935.043, 93
Trd, 4318935.543, 97
Trd, 4318936.443, 117
Trd, 4318936.843, 100
Trd, 4318937.643, 120
Trd, 4318938.843, 107
Trd, 4318939.143, 123
Trd, 4318939.443, 101
Trd, 4318940.543, 109
Trd, 4318940.693, 122
Trd, 4318941.043, 122
Trd, 4318941.243, 96
Trd, 4318941.743, 137
Trd, 4318942.293, 133
Trd, 4318943.643, 127
Trd, 4318944.493, 130
Trd, 4318944.843, 127
Trd, 4318945.343, 127
Trd, 4318945.393, 119
Trd, 4318946.393, 138
Trd, 4318948.293, 132
Trd, 4318948.443, 107
Trd, 4318948.793, 102
Trd, 4318949.943, 101
Trd, 4318950.843, 101
Trd, 4318951.243, 136
Trd, 4318951.993, 139
Trd, 4318952.643, 134
Trd, 4318953.443, 132
Trd, 4318953.993, 123
Trd, 4318955.343, 121
Trd, 4318955.393, 106
Trd, 4318955.543, 85
Trd, 4318958.193, 127
Trd, 4318958.293, 116
Trd, 4318960.143, 128
Trd, 4318960.743, 103
Trd, 4318960.793, 85
Trd, 4318961.093, 93
Trd, 4318962.143, 68
Trd, 4318962.343, 106
Trd, 4318962.843, 88
Trd, 4318963.493, 110
Trd, 4318965.293, 73
Trd, 4318965.493, 72
Trd, 4318965.793, 126
Trd, 4318965.943, 119
Trd, 4318968.193, 128
Trd, 4318970.343, 137
Trd, 4318970.493, 122
Trd, 4318970.893, 130
Trd, 4318971.593, 104
Trd, 4318972.343, 74
Trd, 4318973.293, 101
Trd, 4318973.793, 92
Trd, 4318973.943, 102
Trd, 4318974.843, 104
Trd, 4318975.593, 126
Trd, 4318977.643, 117
Trd, 4318979.393, 128
Trd, 4318979.543, 114
Trd, 4318980.443, 117
Trd, 4318982.043, 140
Trd, 4318982.293, 121
Trd, 4318982.643, 108
Trd, 4318983.243, 101
Trd, 4318983.993, 103
Trd, 4318984.793, 134
Trd, 4318985.993, 133
Trd, 4318986.293, 98
Trd, 4318987.593, 103
Trd, 4318987.743, 87
Trd, 4318988.793, 112
Trd, 4318989.693, 82
Trd, 4318990.743, 99
Trd, 4318991.943, 139
Trd, 4318992.893, 115
Trd, 4318994.943, 102
Trd, 4318995.193, 116
Trd, 4318995.793, 112
Trd, 4318997.043, 113
Trd, 4318998.393, 134
Trd, 4318999.493, 139
Trd, 4319000.393, 108
Trd, 4319000.643, 106
Trd, 4319001.293, 131
Trd, 4319002.143, 114
Trd, 4319002.793, 123
Trd, 4319003.293, 92
Trd, 4319004.343, 121
Trd, 4319004.443, 67
Trd, 4319006.243, 137
Trd, 4319006.293, 135
Trd, 4319006.343, 90
Trd, 4319007.093, 128
Trd, 4319009.343, 120
Trd, 4319010.093, 128
Trd, 4319010.443, 115
Trd, 4319010.543, 139
Trd, 4319012.793, 94
Trd, 4319013.593, 100
Trd, 4319014.343, 103
Trd, 4319016.193, 131
Trd, 4319016.343, 113
Trd, 4319016.743, 130
Trd, 4319017.593, 122
Trd, 4319017.993, 92
Trd, 4319018.193, 91
Trd, 4319020.093, 97
Trd, 4319020.143, 92
Trd, 4319021.343, 126
Trd, 4319021.543, 102
Trd, 4319021.643, 98
Trd, 4319024.343, 118
Trd, 4319025.193, 135
Trd, 4319025.543, 114
Trd, 4319026.943, 131
Trd, 4319027.843, 135
Trd, 4319029.093, 133
Trd, 4319029.193, 124
Trd, 4319029.893, 129
Trd, 4319030.193, 84
Trd, 4319031.193, 130
Trd, 4319032.993, 140
Trd, 4319033.393, 136
Trd, 4319034.043, 126
Trd, 4319035.093, 110
Trd, 4319035.643, 108
Trd, 4319037.243, 135
Trd, 4319038.143, 114
Trd, 4319040.743, 115
Trd, 4319041.293, 105
Trd, 4319041.843, 105
Trd, 4319043.243, 134
Trd, 4319043.593, 102
Trd, 4319044.743, 122
Trd, 4319045.943, 117
Trd, 4319047.393, 123
Trd, 4319047.493, 115
Trd, 4319048.743, 133
Trd, 4319049.193, 106
Trd, 4319049.993, 108
Trd, 4319050.893, 106
Trd, 4319051.493, 105
Trd, 4319051.593, 91
Trd, 4319052.093, 125
Trd, 4319052.643, 91
Trd, 4319053.993, 104
Trd, 4319054.093, 116
Trd, 4319055.643, 133
Trd, 4319056.393, 97
Trd, 4319056.693, 87
Trd, 4319056.893, 91
Trd, 4319058.843, 139
Trd, 4319059.443, 131
Trd, 4319059.493, 122
Trd, 4319059.593, 98
Trd, 4319059.793, 100
Trd, 4319060.293, 114
Trd, 4319061.243, 98
Trd, 4319062.443, 134
Trd, 4319063.543, 123
Trd, 4319063.743, 82
Trd, 4319064.793, 120
Trd, 4319066.843, 134
Trd, 4319067.643, 128
Trd, 4319068.593, 129
Trd, 4319070.893, 137
Trd, 4319071.143, 105
Trd, 4319071.393, 134
Trd, 4319071.893, 101
Trd, 4319073.593, 96
Trd, 4319073.993, 97
Trd, 4319075.843, 138
Trd, 4319076.593, 89
Trd, 4319077.693, 135
Trd, 4319078.093, 116
Trd, 4319078.393, 90
Trd, 4319080.493, 96
Trd, 4319080.843, 140
Trd, 4319081.343, 112
Trd, 4319081.793, 99
Trd, 4319082.943, 117
Trd, 4319083.893, 98
Trd, 4319084.043, 102
Trd, 4319084.843, 106
Trd, 4319088.593, 139
Trd, 4319088.893, 130
Trd, 4319089.343, 130
Trd, 4319091.143, 122
Trd, 4319092.443, 102
Trd, 4319092.993, 110
Trd, 4319093.793, 115
Trd, 4319096.543, 136
Trd, 4319098.043, 133
Trd, 4319099.593, 105
Trd, 4319100.043, 118
Trd, 4319101.843, 91
Trd, 4319102.543, 114
Trd, 4319103.793, 106
Trd, 4319104.043, 104
Trd, 4319104.143, 100
Trd, 4319105.393, 137
Trd, 4319105.493, 131
Trd, 4319105.643, 113
Trd, 4319106.493, 100
Trd, 4319107.693, 140
Trd, 4319107.793, 134
Trd, 4319108.093, 114
Trd, 4319109.693, 94
Trd, 4319110.293, 101
Trd, 4319110.393, 123
Trd, 4319111.893, 126
Trd, 4319112.293, 95
Trd, 4319112.443, 74
Trd, 4319113.543, 130
Trd, 4319114.593, 123
Trd, 4319115.193, 101
Trd, 4319115.793, 119
Trd, 4319117.043, 99
Trd, 4319117.943, 122
Trd, 4319118.393, 136
Trd, 4319121.143, 120
Trd, 4319121.243, 117
Trd, 4319121.943, 127
Trd, 4319123.043, 99
Trd, 4319123.443, 86
Trd, 4319124.693, 132
Trd, 4319125.643, 88
Trd, 4319127.093, 129
Trd, 4319127.843, 126
Trd, 4319128.093, 139
Trd, 4319128.143, 123
Trd, 4319130.093, 132
Trd, 4319130.493, 96
Trd, 4319132.393, 105
Trd, 4319132.693, 71
Trd, 4319133.543, 78
Trd, 4319133.693, 137
Trd, 4319133.943, 78
Trd, 4319134.543, 122
Trd, 4319135.043, 108
Trd, 4319135.143, 101
Trd, 4319135.943, 113
Trd, 4319139.593, 128
Trd, 4319140.093, 112
Trd, 4319140.693, 128
Trd, 4319141.943, 122
Trd, 4319142.743, 73
Trd, 4319143.443, 65
Trd, 4319143.743, 87
Trd, 4319144.693, 81
Trd, 4319144.893, 108
Trd, 4319146.443, 115
Trd, 4319147.343, 90
Trd, 4319148.343, 94
Trd, 4319148.393, 93
Trd, 4319148.893, 100
Trd, 4319149.843, 102
Trd, 4319150.743, 140
Trd, 4319150.843, 126
Trd, 4319152.643, 134
Trd, 4319153.243, 105
Trd, 4319153.843, 92
Trd, 4319154.993, 89
Trd, 4319155.393, 83
Trd, 4319156.243, 78
Trd, 4319156.593, 114
Trd, 4319158.243, 103
Trd, 4319159.593, 128
Trd, 4319160.343, 127
Trd, 4319161.243, 134
Trd, 4319162.143, 132
Trd, 4319163.093, 107
Trd, 4319163.293, 101
Trd, 4319165.293, 104
Trd, 4319166.093, 86
Trd, 4319166.543, 130
Trd, 4319167.693, 130
Trd, 4319167.993, 123
Trd, 4319168.443, 107
Trd, 4319168.943, 115
Trd, 4319169.643, 125
Trd, 4319172.843, 104
Trd, 4319173.143, 102
Trd, 4319173.793, 90
Trd, 4319174.293, 93
Trd, 4319174.743, 108
Trd, 4319175.443, 131
Trd, 4319177.143, 138
Trd, 4319177.393, 121
Trd, 4319178.893, 80
Trd, 4319179.643, 127
Trd, 4319179.893, 101
Trd, 4319182.493, 91
Trd, 4319182.543, 87
Trd, 4319183.193, 137
Trd, 4319183.393, 99
Trd, 4319183.993, 119
Trd, 4319184.943, 84
Trd, 4319186.143, 107
Trd, 4319186.193, 105
Trd, 4319186.843, 97
Trd, 4319188.043, 136
Trd, 4319188.193, 133
Trd, 4319188.893, 106
Trd, 4319191.343, 123
Trd, 4319191.543, 104
Trd, 4319193.093, 139
Trd, 4319193.993, 138
Trd, 4319194.193, 108
Trd, 4319195.343, 120
Trd, 4319195.993, 72
Trd, 4319196.543, 110
Trd, 4319197.093, 133
Trd, 4319198.143, 99
Trd, 4319198.343, 79
Trd, 4319199.793, 101
Trd, 4319200.043, 86
Trd, 4319200.393, 107
Trd, 4319200.893, 122
Trd, 4319202.493, 125
Trd, 4319203.593, 109
Trd, 4319204.493, 105
Trd, 4319204.693, 112
Trd, 4319204.993, 64
Trd, 4319206.093, 99
Trd, 4319207.293, 132
Trd, 4319207.493, 102
Trd, 4319207.693, 122
Trd, 4319209.093, 132
Trd, 4319209.593, 129
Trd, 4319210.693, 95
Trd, 4319211.393, 119
Trd, 4319212.643, 104
Trd, 4319212.793, 128
Trd, 4319212.943, 105
Trd, 4319213.693, 129
Trd, 4319215.643, 138
Trd, 4319217.443, 120
Trd, 4319217.993, 126
Trd, 4319218.843, 110
Trd, 4319218.993, 109
Trd, 4319219.693, 131
Trd, 4319220.393, 105
Trd, 4319222.793, 82
Trd, 4319223.043, 114
Trd, 4319223.093, 98
Trd, 4319224.493, 103
Trd, 4319225.393, 125
Trd, 4319226.343, 104
Trd, 4319226.493, 101
Trd, 4319226.643, 95
Trd, 4319226.943, 134
Trd, 4319227.193, 76
Trd, 4319228.543, 101
Trd, 4319230.293, 133
Trd, 4319231.593, 137
Trd, 4319231.893, 104
Trd, 4319232.143, 99
Trd, 4319233.393, 88
Trd, 4319234.293, 137
Trd, 4319235.043, 135
Trd, 4319235.143, 83
Trd, 4319236.193, 92
Trd, 4319236.493, 106
Trd, 4319237.193, 89
Trd, 4319238.093, 98
Trd, 4319238.743, 120
Trd, 4319239.443, 126
Trd, 4319240.043, 96
Trd, 4319240.693, 121
Trd, 4319241.793, 117
Trd, 4319242.793, 86
Trd, 4319243.493, 91
Trd, 4319244.043, 118
Trd, 4319245.143, 90
Trd, 4319245.543, 88
Trd, 4319247.493, 121
Trd, 4319248.043, 134
Trd, 4319248.543, 89
Trd, 4319250.193, 122
Trd, 4319250.343, 106
Trd, 4319250.943, 101
Trd, 4319253.193, 114
Trd, 4319253.293, 102
Trd, 4319254.493, 139
Trd, 4319255.393, 120
Trd, 4319256.343, 114
Trd, 4319256.943, 124
Trd, 4319257.343, 112
Trd, 4319258.243, 125
Trd, 4319258.543, 107
Trd, 4319260.493, 123
Trd, 4319261.043, 103
Trd, 4319261.893, 110
Trd, 4319262.043, 109
Trd, 4319262.543, 117
Trd, 4319263.743, 114
Trd, 4319264.093, 111
Trd, 4319265.543, 105
Trd, 4319266.393, 112
Trd, 4319266.643, 94
Trd, 4319266.793, 85
Trd, 4319269.793, 137
Trd, 4319270.093, 123
Trd, 4319270.893, 124
Trd, 4319271.843, 129
Trd, 4319272.043, 122
Trd, 4319273.143, 118
Trd, 4319273.893, 116
Trd, 4319274.143, 128
Trd, 4319274.243, 96
Trd, 4319274.993, 138
Trd, 4319276.543, 110
Trd, 4319277.393, 118
Trd, 4319278.343, 102
Trd, 4319280.793, 103
Trd, 4319280.893, 123
Trd, 4319280.943, 94
Trd, 4319282.593, 125
Trd, 4319282.793, 128
Trd, 4319282.943, 129
Trd, 4319284.293, 137
Trd, 4319284.943, 132
Trd, 4319285.393, 117
Trd, 4319285.443, 94
Trd, 4319286.393, 103
Trd, 4319286.443, 132
Trd, 4319288.593, 132
Trd, 4319288.643, 114
Trd, 4319288.993, 115
Trd, 4319290.093, 132
Trd, 4319290.543, 110
Trd, 4319293.543, 125
Trd, 4319294.743, 139
Trd, 4319295.443, 137
Trd, 4319297.193, 128
Trd, 4319298.293, 120
Trd, 4319298.543, 111
Trd, 4319298.893, 89
Trd, 4319299.843, 89
Trd, 4319300.693, 131
Trd, 4319301.043, 135
Trd, 4319301.093, 115
Trd, 4319302.393, 139
Trd, 4319303.693, 114
Trd, 4319304.443, 122
Trd, 4319305.293, 121
Trd, 4319306.393, 107
Trd, 4319306.943, 107
Trd, 4319308.143, 67
Trd, 4319308.593, 91
Trd, 4319309.193, 101
Trd, 4319311.443, 84
Trd, 4319311.843, 97
Trd, 4319311.943, 125
Trd, 4319312.593, 125
Trd, 4319313.343, 99
Trd, 4319313.643, 103
Trd, 4319313.693, 93
Trd, 4319314.443, 88
Trd, 4319315.043, 111
Trd, 4319315.693, 78
Trd, 4319315.893, 123
Trd, 4319317.743, 122
Trd, 4319318.643, 113
Trd, 4319319.843, 128
Trd, 4319320.193, 129
Trd, 4319323.093, 137
Trd, 4319323.293, 108
Trd, 4319324.393, 122
Trd, 4319324.493, 127
Trd, 4319324.893, 126
Trd, 4319324.993, 111
Trd, 4319325.343, 93
Trd, 4319326.893, 99
Trd, 4319327.593, 91
Trd, 4319327.793, 124
Trd, 4319329.193, 108
Trd, 4319333.043, 107
Trd, 4319333.443, 105
Trd, 4319334.143, 110
Trd, 4319334.393, 106
Trd, 4319334.993, 139
Trd, 4319335.493, 106
Trd, 4319336.693, 96
Trd, 4319337.243, 108
Trd, 4319338.693, 91
Trd, 4319339.243, 88
Trd, 4319339.493, 89
Trd, 4319340.493, 106
Trd, 4319341.743, 97
Trd, 4319342.193, 126
Trd, 4319342.843, 74
Trd, 4319343.393, 114
Trd, 4319343.843, 115
Trd, 4319344.493, 123
Trd, 4319344.843, 132
Trd, 4319346.343, 75
Trd, 4319346.793, 83
Trd, 4319347.593, 99
Trd, 4319347.793, 135
Trd, 4319348.343, 73
Trd, 4319349.193, 83
Trd, 4319349.993, 106
Trd, 4319350.893, 109
Trd, 4319351.843, 83
Trd, 4319352.393, 113
Trd, 4319354.293, 127
Trd, 4319354.993, 131
Trd, 4319355.343, 124
Trd, 4319356.493, 110
Trd, 4319356.543, 107
Trd, 4319357.093, 130
Trd, 4319358.193, 106
Trd, 4319359.043, 91
Trd, 4319359.193, 84
Trd, 4319362.043, 127
Trd, 4319363.343, 132
Trd, 4319364.193, 107
Trd, 4319364.743, 104
Trd, 4319365.143, 131
Trd, 4319365.893, 128
Trd, 4319366.443, 140
Trd, 4319366.993, 105
Trd, 4319367.493, 79
Trd, 4319367.593, 111
Trd, 4319368.293, 137
Trd, 4319368.993, 121
Trd, 4319369.293, 115
Trd, 4319370.643, 98
Trd, 4319371.643, 137
Trd, 4319372.243, 122
Trd, 4319373.343, 115
Trd, 4319373.693, 107
Trd, 4319374.293, 91
Trd, 4319374.893, 89
Trd, 4319374.943, 118
Trd, 4319376.343, 140
Trd, 4319376.643, 111
Trd, 4319380.043, 91
Trd, 4319380.593, 129
Trd, 4319380.743, 87
Trd, 4319382.343, 109
Trd, 4319382.743, 129
Trd, 4319384.143, 137
Trd, 4319385.143, 98
Trd, 4319385.343, 123
Trd, 4319385.593, 86
Trd, 4319386.293, 98
Trd, 4319386.493, 104
Trd, 4319387.743, 98
Trd, 4319387.843, 79
Trd, 4319388.543, 126
Trd, 4319389.043, 120
Trd, 4319390.593, 112
Trd, 4319390.743, 105
Trd, 4319391.243, 126
Trd, 4319392.193, 131
Trd, 4319393.243, 133
Trd, 4319394.293, 124
Trd, 4319394.343, 98
Trd, 4319394.843, 100
Trd, 4319395.843, 92
Trd, 4319398.543, 128
Trd, 4319398.843, 117
Trd, 4319399.343, 135
Trd, 4319399.743, 131
Trd, 4319400.043, 121
Trd, 4319401.093, 115
Trd, 4319402.093, 127
Trd, 4319402.193, 122
Trd, 4319403.543, 75
Trd, 4319404.643, 127
Trd, 4319406.393, 119
Trd, 4319407.193, 133
Trd, 4319407.293, 109
Trd, 4319407.693, 119
Trd, 4319409.743, 123
Trd, 4319410.593, 123
Trd, 4319410.843, 97
Trd, 4319411.143, 121
Trd, 4319411.693, 112
Trd, 4319412.393, 95
Trd, 4319413.243, 99
Trd, 4319413.443, 103
Trd, 4319413.743, 91
Trd, 4319414.893, 90
Trd, 4319415.343, 89
Trd, 4319416.643, 136
Trd, 4319417.443, 117
Trd, 4319417.543, 116
Trd, 4319418.443, 119
Trd, 4319420.893, 128
Trd, 4319421.743, 124
Trd, 4319423.143, 119
Trd, 4319423.593, 117
Trd, 4319424.093, 115
Trd, 4319424.593, 139
Trd, 4319425.793, 86
Trd, 4319426.443, 99
Trd, 4319427.443, 134
Trd, 4319427.543, 80
Trd, 4319428.193, 102
Trd, 4319429.793, 116
Trd, 4319430.793, 114
Trd, 4319431.993, 127
Trd, 4319432.093, 124
Trd, 4319432.543, 101
Trd, 4319432.793, 81
Trd, 4319433.343, 96
Trd, 4319433.643, 97
Trd, 4319433.693, 79
Trd, 4319435.793, 103
Trd, 4319436.093, 126
Trd, 4319437.393, 118
Trd, 4319437.993, 114
Trd, 4319438.693, 95
Trd, 4319440.093, 135
Trd, 4319440.293, 115
Trd, 4319441.193, 111
Trd, 4319441.843, 129
Trd, 4319442.093, 111
Trd, 4319442.593, 88
Trd, 4319443.793, 102
Trd, 4319444.193, 84
Trd, 4319445.393, 92
Trd, 4319445.643, 107
Trd, 4319446.543, 101
Trd, 4319447.543, 97
Trd, 4319448.243, 131
Trd, 4319449.343, 131
Trd, 4319449.643, 108
Trd, 4319449.943, 124
Trd, 4319450.443, 104
Trd, 4319451.443, 126
Trd, 4319452.393, 115
Trd, 4319454.443, 90
Trd, 4319454.943, 126
Trd, 4319455.543, 127
Trd, 4319456.143, 132
Trd, 4319457.193, 93
Trd, 4319457.293, 117
Trd, 4319457.393, 89
Trd, 4319457.643, 127
Trd, 4319458.393, 114
Trd, 4319458.893, 81
Trd, 4319461.043, 129
Trd, 4319461.493, 130
Trd, 4319461.793, 123
Trd, 4319463.793, 94
Trd, 4319464.093, 100
Trd, 4319464.743, 92
Trd, 4319465.343, 129
Trd, 4319467.143, 129
Trd, 4319467.843, 94
Trd, 4319469.093, 131
Trd, 4319469.393, 130
Trd, 4319470.043, 116
Trd, 4319470.093, 117
Trd, 4319470.593, 117
Trd, 4319472.143, 138
Trd, 4319472.193, 136
Trd, 4319473.493, 115
Trd, 4319474.093, 98
Trd, 4319474.593, 87
Trd, 4319475.343, 118
Trd, 4319477.243, 130
Trd, 4319478.043, 127
Trd, 4319478.393, 105
Trd, 4319479.493, 103
Trd, 4319479.993, 98
Trd, 4319481.693, 125
Trd, 4319482.693, 119
Trd, 4319482.993, 116
Trd, 4319483.393, 105
Trd, 4319483.543, 112
Trd, 4319484.693, 73
Trd, 4319484.743, 88
Trd, 4319486.043, 104
Trd, 4319486.843, 122
Trd, 4319487.693, 106
Trd, 4319487.743, 85
Trd, 4319488.543, 98
Trd, 4319488.993, 121
Trd, 4319489.893, 99
Trd, 4319490.593, 64
Trd, 4319491.793, 72
Trd, 4319491.843, 82
Trd, 4319492.143, 78
Trd, 4319493.193, 98
Trd, 4319493.593, 61
Trd, 4319494.293, 64
Trd, 4319494.693, 109
Trd, 4319496.743, 118
Trd, 4319497.593, 129
Trd, 4319497.993, 113
Trd, 4319498.793, 76
Trd, 4319501.193, 124
Trd, 4319501.443, 123
Trd, 4319501.643, 120
Trd, 4319502.793, 131
Trd, 4319504.593, 107
Trd, 4319505.393, 133
Trd, 4319505.843, 111
Trd, 4319507.243, 104
Trd, 4319508.193, 113
Trd, 4319508.343, 83
Trd, 4319508.543, 136
Trd, 4319508.943, 65
Trd, 4319511.643, 123
Trd, 4319514.643, 137
Trd, 4319515.093, 93
Trd, 4319515.793, 106
Trd, 4319516.493, 112
Trd, 4319516.643, 111
Trd, 4319518.843, 136
Trd, 4319519.243, 135
Trd, 4319519.643, 103
Trd, 4319520.243, 129
Trd, 4319520.593, 113
Trd, 4319520.643, 109
Trd, 4319522.043, 80
Trd, 4319522.393, 90
Trd, 4319522.793, 135
Trd, 4319523.293, 120
Trd, 4319523.893, 128
Trd, 4319524.843, 120
Trd, 4319526.293, 114
Trd, 4319527.193, 105
Trd, 4319527.743, 139
Trd, 4319528.193, 120
Trd, 4319528.343, 88
Trd, 4319531.293, 104
Trd, 4319531.643, 137
Trd, 4319532.593, 94
Trd, 4319533.093, 124
Trd, 4319533.593, 110
Trd, 4319533.843, 130
Trd, 4319535.543, 116
Trd, 4319536.043, 107
Trd, 4319537.743, 120
Trd, 4319538.343, 137
Trd, 4319541.843, 134
Trd, 4319542.543, 139
Trd, 4319543.593, 138
Trd, 4319544.843, 123
Trd, 4319545.443, 136
Trd, 4319545.543, 111
Trd, 4319549.393, 124
Trd, 4319549.943, 99
Trd, 4319550.143, 92
Trd, 4319551.543, 126
Trd, 4319552.193, 140
Trd, 4319552.493, 134
Trd, 4319552.843, 122
Trd, 4319553.643, 126
Trd, 4319553.993, 111
Trd, 4319554.343, 101
Trd, 4319556.743, 128
Trd, 4319557.293, 105
Trd, 4319559.843, 138
Trd, 4319560.243, 112
Trd, 4319560.843, 106
Trd, 4319562.193, 123
Trd, 4319562.243, 112
Trd, 4319564.143, 137
Trd, 4319564.243, 81
Trd, 4319566.343, 129
Trd, 4319566.743, 129
Trd, 4319567.343, 110
Trd, 4319567.743, 112
Trd, 4319568.343, 130
Trd, 4319569.093, 127
Trd, 4319570.293, 128
Trd, 4319571.093, 100
Trd, 4319573.143, 117
Trd, 4319573.543, 116
Trd, 4319575.093, 120
Trd, 4319575.343, 91
Trd, 4319576.743, 138
Trd, 4319578.243, 125
Trd, 4319578.493, 107
Trd, 4319580.643, 138
Trd, 4319580.693, 132
Trd, 4319581.943, 105
Trd, 4319582.093, 101
Trd, 4319582.293, 140
Trd, 4319583.043, 126
Trd, 4319584.543, 123
Trd, 4319585.343, 92
Trd, 4319585.743, 90
Trd, 4319587.493, 119
Trd, 4319588.043, 133
Trd, 4319588.243, 97
Trd, 4319590.943, 137
Trd, 4319591.743, 129
Trd, 4319593.193, 114
Trd, 4319593.943, 118
Trd, 4319594.093, 94
Trd, 4319594.843, 116
Trd, 4319595.543, 116
Trd, 4319596.293, 97
Trd, 4319596.893, 138
Trd, 4319597.643, 110
Trd, 4319598.043, 97
Trd, 4319599.493, 131
Trd, 4319600.443, 93
Trd, 4319601.793, 111
Trd, 4319602.743, 103
Trd, 4319602.943, 101
Trd, 4319603.643, 119
Trd, 4319603.943, 84
Trd, 4319603.993, 63
Trd, 4319605.093, 104
Trd, 4319607.143, 115
Trd, 4319607.243, 113
Trd, 4319607.293, 110
Trd, 4319608.193, 102
Trd, 4319609.243, 107
Trd, 4319611.443, 131
Trd, 4319611.743, 102
Trd, 4319611.843, 91
Trd, 4319613.243, 99
Trd, 4319613.393, 87
Trd, 4319614.443, 105
Trd, 4319614.843, 103
Trd, 4319615.143, 108
Trd, 4319616.243, 99
Trd, 4319617.443, 98
Trd, 4319618.243, 95
Trd, 4319618.293, 79
Trd, 4319618.593, 76
Trd, 4319618.893, 132
Trd, 4319619.543, 83
Trd, 4319621.043, 111
Trd, 4319621.993, 121
Trd, 4319622.293, 123
Trd, 4319622.793, 101
Trd, 4319623.093, 106
Trd, 4319623.543, 114
Trd, 4319626.243, 120
Trd, 4319626.643, 123
Trd, 4319626.943, 103
Trd, 4319627.793, 121
Trd, 4319628.043, 76
Trd, 4319629.143, 109
Trd, 4319629.843, 125
Trd, 4319630.543, 83
Trd, 4319631.093, 91
Trd, 4319632.893, 123
Trd, 4319633.543, 123
Trd, 4319633.993, 121
Trd, 4319634.643, 138
Trd, 4319634.843, 124
Trd, 4319637.043, 136
Trd, 4319637.243, 124
Trd, 4319637.593, 115
Trd, 4319637.693, 113
Trd, 4319638.593, 123
Trd, 4319639.193, 122
Trd, 4319639.643, 119
Trd, 4319639.843, 105
Trd, 4319642.993, 72
Trd, 4319643.143, 88
Trd, 4319644.443, 139
Trd, 4319644.843, 104
Trd, 4319645.493, 104
Trd, 4319645.743, 113
Trd, 4319647.393, 128
Trd, 4319647.593, 112
Trd, 4319648.443, 140
Trd, 4319649.843, 137
Trd, 4319651.093, 115
Trd, 4319651.343, 94
Trd, 4319651.793, 139
Trd, 4319652.693, 134
Trd, 4319654.243, 137
Trd, 4319654.743, 137
Trd, 4319656.093, 106
Trd, 4319657.543, 103
Trd, 4319657.643, 109
Trd, 4319658.543, 128
Trd, 4319659.943, 133
Trd, 4319660.543, 118
Trd, 4319661.293, 81
Trd, 4319662.543, 120
Trd, 4319662.993, 124
Trd, 4319663.643, 133
Trd, 4319664.993, 108
Trd, 4319666.343, 121
Trd, 4319667.043, 88
Trd, 4319667.493, 87
Trd, 4319667.643, 67
Trd, 4319667.893, 128
Trd, 4319668.443, 79
Trd, 4319669.543, 132
Trd, 4319670.643, 112
Trd, 4319670.743, 75
Trd, 4319671.593, 133
Trd, 4319671.693, 116
Trd, 4319673.043, 104
Trd, 4319673.943, 113
Trd, 4319674.793, 117
Trd, 4319675.593, 105
Trd, 4319675.893, 84
Trd, 4319676.543, 128
Trd, 4319677.293, 118
Trd, 4319678.793, 128
Trd, 4319679.143, 113
Trd, 4319679.993, 126
Trd, 4319680.543, 136
Trd, 4319680.593, 96
Trd, 4319682.493, 133
Trd, 4319682.743, 98
Trd, 4319686.143, 137
Trd, 4319686.493, 135
Trd, 4319686.643, 124
Trd, 4319687.343, 118
Trd, 4319688.643, 102
Trd, 4319688.793, 115
Trd, 4319689.143, 122
Trd, 4319690.443, 129
Trd, 4319692.693, 111
Trd, 4319693.443, 120
Trd, 4319694.143, 101
Trd, 4319694.193, 90
Trd, 4319694.543, 69
Trd, 4319695.343, 92
Trd, 4319695.793, 67
Trd, 4319697.543, 133
Trd, 4319697.793, 87
Trd, 4319698.043, 125
Trd, 4319700.043, 68
Trd, 4319700.193, 76
Trd, 4319700.443, 105
Trd, 4319701.593, 82
Trd, 4319702.443, 69
Trd, 4319702.693, 87
Trd, 4319703.443, 117
Trd, 4319704.493, 110
Trd, 4319704.843, 126
Trd, 4319707.043, 118
Trd, 4319708.043, 134
Trd, 4319708.393, 139
Trd, 4319709.893, 86
Trd, 4319710.043, 132
Trd, 4319711.193, 120
Trd, 4319711.893, 130
Trd, 4319712.743, 129
Trd, 4319713.143, 103
Trd, 4319713.243, 107
Trd, 4319713.943, 78
Trd, 4319714.643, 103
Trd, 4319715.243, 76
Trd, 4319715.793, 81
Trd, 4319716.243, 106
Trd, 4319717.693, 112
Trd, 4319718.943, 104
Trd, 4319719.343, 88
Trd, 4319720.543, 70
Trd, 4319722.893, 136
Trd, 4319723.293, 112
Trd, 4319723.993, 112
Trd, 4319725.593, 116
Trd, 4319726.143, 85
Trd, 4319726.593, 88
Trd, 4319727.393, 87
Trd, 4319728.043, 83
Trd, 4319728.493, 128
Trd, 4319731.043, 139
Trd, 4319731.693, 116
Trd, 4319732.893, 127
Trd, 4319733.443, 135
Trd, 4319733.743, 127
Trd, 4319733.793, 107
Trd, 4319733.993, 102
Trd, 4319734.493, 103
Trd, 4319735.393, 60
Trd, 4319738.343, 133
Trd, 4319738.793, 115
Trd, 4319739.143, 92
Trd, 4319739.193, 82
Trd, 4319740.343, 135
Trd, 4319740.793, 133
Trd, 4319741.443, 131
Trd, 4319742.293, 107
Trd, 4319742.993, 116
Trd, 4319744.043, 107
Trd, 4319744.243, 97
Trd, 4319744.493, 82
Trd, 4319744.693, 81
Trd, 4319744.743, 116
Trd, 4319745.893, 139
Trd, 4319746.493, 93
Trd, 4319747.843, 129
Trd, 4319749.343, 128
Trd, 4319749.993, 130
Trd, 4319751.293, 119
Trd, 4319751.843, 130
Trd, 4319751.943, 101
Trd, 4319752.643, 98
Trd, 4319753.993, 137
Trd, 4319755.193, 116
Trd, 4319756.493, 129
Trd, 4319757.093, 109
Trd, 4319758.143, 132
Trd, 4319758.443, 131
Trd, 4319759.943, 94
Trd, 4319760.093, 88
Trd, 4319761.493, 100
Trd, 4319761.943, 72
Trd, 4319762.593, 127
Trd, 4319764.293, 105
Trd, 4319765.493, 107
Trd, 4319766.043, 119
Trd, 4319766.493, 89
Trd, 4319766.993, 84
Trd, 4319767.993, 95
Trd, 4319768.143, 102
Trd, 4319769.493, 104
Trd, 4319769.793, 115
Trd, 4319769.993, 104
Trd, 4319770.743, 97
Trd, 4319771.493, 71
Trd, 4319771.893, 139
Trd, 4319772.043, 79
Trd, 4319773.393, 80
Trd, 4319775.293, 88
Trd, 4319775.693, 75
Trd, 4319777.193, 105
Trd, 4319777.943, 116
Trd, 4319778.143, 111
Trd, 4319778.793, 95
Trd, 4319781.143, 93
Trd, 4319781.243, 82
Trd, 4319781.743, 96
Trd, 4319781.943, 138
Trd, 4319784.843, 105
Trd, 4319785.393, 109
Trd, 4319785.493, 105
Trd, 4319785.593, 86
Trd, 4319786.143, 115
Trd, 4319786.343, 107
Trd, 4319787.643, 113
Trd, 4319789.543, 127
Trd, 4319789.843, 119
Trd, 4319790.843, 104
Trd, 4319791.243, 110
Trd, 4319792.243, 111
Trd, 4319793.943, 107
Trd, 4319794.993, 122
Trd, 4319795.943, 106
Trd, 4319796.343, 135
Trd, 4319799.593, 108
Trd, 4319799.893, 83
Trd, 4319800.343, 139
Trd, 4319800.643, 106
Trd, 4319801.093, 131
Trd, 4319801.593, 106
Trd, 4319802.043, 105
Trd, 4319803.243, 105
Trd, 4319803.293, 84
Trd, 4319803.743, 96
Trd, 4319803.843, 98
Trd, 4319804.693, 130
Trd, 4319805.443, 107
Trd, 4319807.543, 135
Trd, 4319809.993, 137
Trd, 4319810.593, 126
Trd, 4319810.693, 123
Trd, 4319814.343, 136
Trd, 4319814.743, 125
Trd, 4319816.443, 135
Trd, 4319817.043, 127
Trd, 4319818.493, 127
Trd, 4319819.493, 127
Trd, 4319819.843, 107
Trd, 4319821.693, 135
Trd, 4319821.843, 121
Trd, 4319823.543, 95
Trd, 4319824.043, 89
Trd, 4319824.943, 115
Trd, 4319826.293, 117
Trd, 4319826.343, 93
Trd, 4319827.893, 114
Trd, 4319828.293, 136
Trd, 4319828.343, 115
Trd, 4319828.593, 106
Trd, 4319828.893, 96
Trd, 4319829.193, 105
Trd, 4319830.243, 107
Trd, 4319832.193, 112
Trd, 4319832.593, 117
Trd, 4319832.693, 96
Trd, 4319833.343, 90
Trd, 4319834.143, 106
Trd, 4319834.543, 83
Trd, 4319836.093, 137
Trd, 4319836.193, 99
Trd, 4319836.493, 78
Trd, 4319837.093, 111
Trd, 4319838.343, 81
Trd, 4319838.843, 117
Trd, 4319838.943, 115
Trd, 4319840.143, 115
Trd, 4319840.793, 139
Trd, 4319842.043, 129
Trd, 4319842.443, 112
Trd, 4319842.993, 104
Trd, 4319846.443, 116
Trd, 4319846.943, 116
Trd, 4319847.143, 105
Trd, 4319847.393, 93
Trd, 4319848.093, 121
Trd, 4319848.943, 122
Trd, 4319849.943, 137
Trd, 4319850.443, 110
Trd, 4319851.643, 114
Trd, 4319851.693, 117
Trd, 4319852.543, 140
Trd, 4319852.793, 101
Trd, 4319853.893, 121
Trd, 4319856.243, 105
Trd, 4319856.743, 104
Trd, 4319857.193, 79
Trd, 4319858.543, 91
Trd, 4319859.843, 134
Trd, 4319860.043, 123
Trd, 4319860.243, 116
Trd, 4319861.193, 93
Trd, 4319862.243, 94
Trd, 4319862.593, 94
Trd, 4319863.343, 139
Trd, 4319864.493, 116
Trd, 4319864.893, 105
Trd, 4319865.243, 96
Trd, 4319866.543, 106
Trd, 4319866.743, 111
Trd, 4319868.143, 133
Trd, 4319868.393, 134
Trd, 4319868.893, 123
Trd, 4319871.293, 129
Trd, 4319872.143, 106
Trd, 4319872.493, 140
Trd, 4319874.343, 120
Trd, 4319875.343, 129
Trd, 4319875.943, 132
Trd, 4319876.243, 111
Trd, 4319877.393, 115
Trd, 4319877.493, 99
Trd, 4319877.593, 120
Trd, 4319878.993, 122
Trd, 4319879.093, 116
Trd, 4319879.493, 105
Trd, 4319880.493, 88
Trd, 4319882.443, 126
Trd, 4319882.643, 87
Trd, 4319883.093, 69
Trd, 4319883.343, 107
Trd, 4319884.193, 84
Trd, 4319884.843, 112
Trd, 4319885.593, 107
Trd, 4319886.193, 136
Trd, 4319886.343, 135
Trd, 4319887.893, 140
Trd, 4319888.443, 125
Trd, 4319888.743, 88
Trd, 4319889.243, 88
Trd, 4319889.993, 87
Trd, 4319890.843, 92
Trd, 4319891.693, 68
Trd, 4319892.643, 83
Trd, 4319894.343, 86
Trd, 4319894.593, 69
Trd, 4319894.943, 110
Trd, 4319896.843, 123
Trd, 4319898.843, 123
Trd, 4319899.843, 133
Trd, 4319899.993, 91
Trd, 4319900.593, 90
Trd, 4319901.243, 81
Trd, 4319902.443, 131
Trd, 4319904.093, 123
Trd, 4319904.843, 113
Trd, 4319905.493, 114
Trd, 4319906.643, 117
Trd, 4319907.593, 97
Trd, 4319907.843, 83
Trd, 4319908.693, 90
Trd, 4319909.093, 96
Trd, 4319909.193, 93
Trd, 4319909.593, 130
Trd, 4319910.343, 110
Trd, 4319910.843, 83
Trd, 4319912.043, 101
Trd, 4319912.393, 108
Trd, 4319913.243, 122
Trd, 4319913.443, 81
Trd, 4319914.893, 122
Trd, 4319916.543, 139
Trd, 4319917.593, 100
Trd, 4319918.893, 135
Trd, 4319919.143, 123
Trd, 4319920.293, 109
Trd, 4319920.793, 109
Trd, 4319920.943, 95
Trd, 4319921.143, 73
Trd, 4319921.393, 103
Trd, 4319922.843, 104
Trd, 4319922.993, 136
Trd, 4319923.743, 116
Trd, 4319925.693, 106
Trd, 4319925.793, 102
Trd, 4319926.693, 134
Trd, 4319927.643, 84
Trd, 4319930.043, 138
Trd, 4319930.543, 117
Trd, 4319931.043, 116
Trd, 4319931.343, 112
Trd, 4319931.593, 101
Trd, 4319931.743, 127
Trd, 4319932.593, 109
Trd, 4319933.593, 111
Trd, 4319934.593, 112
Trd, 4319936.293, 138
Trd, 4319936.393, 104
Trd, 4319936.843, 96
Trd, 4319938.043, 109
Trd, 4319938.093, 111
Trd, 4319938.143, 135
Trd, 4319938.543, 101
Trd, 4319939.743, 126
Trd, 4319940.343, 109
Trd, 4319941.743, 123
Trd, 4319942.593, 112
Trd, 4319943.043, 124
Trd, 4319943.793, 116
Trd, 4319944.193, 98
Trd, 4319944.243, 81
Trd, 4319945.293, 82
Trd, 4319948.193, 130
Trd, 4319949.843, 130
Trd, 4319950.493, 127
Trd, 4319951.243, 132
Trd, 4319951.493, 125
Trd, 4319952.243, 113
Trd, 4319953.843, 107
Trd, 4319955.293, 117
Trd, 4319955.543, 99
Trd, 4319955.693, 113
Trd, 4319957.793, 139
Trd, 4319959.693, 127
Trd, 4319960.043, 89
Trd, 4319960.743, 127
Trd, 4319961.343, 100
Trd, 4319961.443, 90
Trd, 4319961.493, 82
Trd, 4319961.593, 111
Trd, 4319962.543, 126
Trd, 4319965.443, 120
Trd, 4319967.143, 126
Trd, 4319967.743, 125
Trd, 4319968.043, 106
Trd, 4319969.093, 131
Trd, 4319970.543, 132
Trd, 4319971.543, 124
Trd, 4319972.593, 120
Trd, 4319972.943, 119
Trd, 4319973.893, 106
Trd, 4319975.093, 95
Trd, 4319976.193, 91
Trd, 4319976.693, 127
Trd, 4319978.243, 114
Trd, 4319979.843, 135
Trd, 4319980.493, 132
Trd, 4319980.743, 91
Trd, 4319980.793, 113
Trd, 4319981.093, 105
Trd, 4319981.893, 137
Trd, 4319981.993, 73
Trd, 4319982.293, 124
Trd, 4319983.743, 84
Trd, 4319984.743, 129
Trd, 4319985.343, 93
Trd, 4319986.793, 117
Trd, 4319987.243, 106
Trd, 4319988.493, 91
Trd, 4319988.993, 101
Trd, 4319990.043, 102
Trd, 4319990.143, 118
Trd, 4319991.643, 102
Trd, 4319992.093, 119
Trd, 4319992.893, 127
Trd, 4319993.643, 128
Trd, 4319994.193, 132
Trd, 4319994.493, 85
Trd, 4319995.643, 72
Trd, 4319995.743, 66
Trd, 4319996.593, 65
Trd, 4319998.293, 91
Trd, 4319999.343, 118
Trd, 4319999.593, 129
