Trd, 4318077.343, 140
Trd, 4318078.293, 140
Trd, 4318078.643, 140
Trd, 4318079.343, 140
Trd, 4318080.493, 140
Trd, 4318081.243, 139
Trd, 4318082.143, 140
Trd, 4318082.293, 140
Trd, 4318083.243, 140
Trd, 4318084.493, 140
Trd, 4318084.893, 140
Trd, 4318086.043, 140
Trd, 4318086.443, 140
Trd, 4318087.493, 140
Trd, 4318087.943, 140
Trd, 4318089.943, 140
Trd, 4318090.493, 140
Trd, 4318091.343, 140
Trd, 4318091.593, 140
Trd, 4318092.943, 140
Trd, 4318092.993, 140
Trd, 4318093.943, 140
Trd, 4318094.243, 137
Trd, 4318095.443, 140
Trd, 4318095.893, 115
Trd, 4318097.843, 140
Trd, 4318098.593, 140
Trd, 4318099.293, 140
Trd, 4318099.393, 140
Trd, 4318100.343, 139
Trd, 4318100.643, 137
Trd, 4318101.343, 106
Trd, 4318102.493, 138
Trd, 4318103.243, 140
Trd, 4318104.043, 140
Trd, 4318106.243, 140
Trd, 4318106.893, 140
Trd, 4318106.943, 140
Trd, 4318107.443, 140
Trd, 4318107.843, 140
Trd, 4318109.743, 140
Trd, 4318109.943, 140
Trd, 4318110.693, 118
Trd, 4318111.493, 81
Trd, 4318112.593, 140
Trd, 4318113.343, 140
Trd, 4318113.443, 140
Trd, 4318115.843, 140
Trd, 4318116.043, 140
Trd, 4318117.443, 140
Trd, 4318117.743, 140
Trd, 4318118.143, 140
Trd, 4318119.343, 140
Trd, 4318120.193, 140
Trd, 4318120.493, 140
Trd, 4318120.593, 140
Trd, 4318121.993, 140
Trd, 4318122.343, 139
Trd, 4318124.143, 140
Trd, 4318124.443, 140
Trd, 4318124.793, 140
Trd, 4318125.093, 140
Trd, 4318127.293, 88
Trd, 4318128.693, 60
Trd, 4318129.093, 61
Trd, 4318129.893, 68
Trd, 4318130.093, 114
Trd, 4318130.293, 66
Trd, 4318130.793, 67
Trd, 4318131.093, 140
Trd, 4318131.693, 140
Trd, 4318132.293, 140
Trd, 4318135.393, 139
Trd, 4318135.593, 138
Trd, 4318135.893, 130
Trd, 4318136.743, 123
Trd, 4318137.493, 103
Trd, 4318137.593, 100
Trd, 4318138.343, 112
Trd, 4318139.793, 140
Trd, 4318140.793, 140
Trd, 4318141.293, 140
Trd, 4318142.343, 140
Trd, 4318142.693, 140
Trd, 4318144.343, 140
Trd, 4318144.893, 139
Trd, 4318145.293, 140
Trd, 4318145.843, 139
Trd, 4318146.393, 138
Trd, 4318147.443, 76
Trd, 4318148.943, 140
Trd, 4318149.243, 140
Trd, 4318149.393, 140
Trd, 4318150.243, 140
Trd, 4318151.443, 140
Trd, 4318151.943, 140
Trd, 4318152.643, 140
Trd, 4318154.643, 140
Trd, 4318156.143, 140
Trd, 4318157.943, 140
Trd, 4318158.293, 140
Trd, 4318158.393, 140
Trd, 4318159.493, 140
Trd, 4318159.543, 139
Trd, 4318159.743, 137
Trd, 4318160.093, 103
Trd, 4318161.943, 117
Trd, 4318162.593, 139
Trd, 4318163.393, 140
Trd, 4318163.793, 140
Trd, 4318164.093, 139
Trd, 4318164.543, 139
Trd, 4318165.493, 95
Trd, 4318166.293, 140
Trd, 4318167.093, 139
Trd, 4318167.443, 103
Trd, 4318168.393, 102
Trd, 4318169.143, 105
Trd, 4318169.993, 140
Trd, 4318170.243, 103
Trd, 4318170.843, 140
Trd, 4318171.393, 140
Trd, 4318173.243, 93
Trd, 4318173.843, 111
Trd, 4318174.793, 137
Trd, 4318175.043, 64
Trd, 4318176.343, 117
Trd, 4318177.843, 140
Trd, 4318178.543, 140
Trd, 4318178.643, 140
Trd, 4318179.443, 140
Trd, 4318180.343, 140
Trd, 4318180.843, 140
Trd, 4318180.893, 139
Trd, 4318182.293, 140
Trd, 4318182.693, 140
Trd, 4318183.243, 137
Trd, 4318184.093, 136
Trd, 4318185.193, 110
Trd, 4318185.393, 109
Trd, 4318186.693, 140
Trd, 4318187.343, 140
Trd, 4318188.793, 140
Trd, 4318189.793, 140
Trd, 4318189.893, 134
Trd, 4318190.443, 139
Trd, 4318190.593, 137
Trd, 4318190.893, 139
Trd, 4318191.643, 139
Trd, 4318191.993, 136
Trd, 4318192.393, 126
Trd, 4318194.093, 140
Trd, 4318195.043, 140
Trd, 4318195.843, 140
Trd, 4318196.243, 140
Trd, 4318197.743, 140
Trd, 4318198.493, 140
Trd, 4318199.243, 140
Trd, 4318199.543, 140
Trd, 4318199.793, 137
Trd, 4318200.293, 113
Trd, 4318200.643, 92
Trd, 4318202.943, 140
Trd, 4318203.293, 140
Trd, 4318203.943, 140
Trd, 4318204.593, 74
Trd, 4318204.793, 113
Trd, 4318205.693, 71
Trd, 4318206.593, 78
Trd, 4318206.793, 137
Trd, 4318209.243, 140
Trd, 4318210.343, 140
Trd, 4318210.743, 140
Trd, 4318210.943, 140
Trd, 4318211.143, 140
Trd, 4318211.243, 111
Trd, 4318212.143, 131
Trd, 4318213.793, 140
Trd, 4318214.243, 140
Trd, 4318215.243, 140
Trd, 4318215.393, 140
Trd, 4318215.543, 140
Trd, 4318216.443, 140
Trd, 4318217.743, 140
Trd, 4318218.193, 138
Trd, 4318218.643, 139
Trd, 4318219.443, 138
Trd, 4318220.443, 101
Trd, 4318221.093, 100
Trd, 4318222.343, 140
Trd, 4318223.543, 140
Trd, 4318223.743, 140
Trd, 4318224.393, 140
Trd, 4318224.793, 139
Trd, 4318225.743, 140
Trd, 4318226.193, 140
Trd, 4318227.143, 140
Trd, 4318228.843, 140
Trd, 4318228.993, 130
Trd, 4318229.893, 134
Trd, 4318230.043, 86
Trd, 4318230.693, 140
Trd, 4318231.543, 139
Trd, 4318231.993, 102
Trd, 4318233.893, 135
Trd, 4318234.143, 127
Trd, 4318235.743, 140
Trd, 4318235.993, 140
Trd, 4318236.443, 137
Trd, 4318237.543, 139
Trd, 4318238.043, 140
Trd, 4318240.393, 140
Trd, 4318240.593, 139
Trd, 4318240.643, 118
Trd, 4318242.343, 121
Trd, 4318242.393, 131
Trd, 4318242.593, 77
Trd, 4318244.143, 61
Trd, 4318245.843, 70
Trd, 4318246.293, 74
Trd, 4318247.093, 112
Trd, 4318247.443, 111
Trd, 4318247.643, 129
Trd, 4318248.043, 140
Trd, 4318248.443, 140
Trd, 4318249.593, 140
Trd, 4318251.043, 140
Trd, 4318252.243, 140
Trd, 4318253.793, 140
Trd, 4318253.993, 140
Trd, 4318255.243, 140
Trd, 4318256.143, 140
Trd, 4318256.543, 140
Trd, 4318257.693, 139
Trd, 4318259.193, 140
Trd, 4318259.793, 140
Trd, 4318260.643, 129
Trd, 4318261.043, 106
Trd, 4318261.593, 140
Trd, 4318261.643, 117
Trd, 4318262.493, 140
Trd, 4318263.843, 60
Trd, 4318264.293, 61
Trd, 4318264.443, 62
Trd, 4318265.543, 99
Trd, 4318266.643, 60
Trd, 4318267.643, 63
Trd, 4318267.843, 66
Trd, 4318268.943, 68
Trd, 4318269.493, 67
Trd, 4318270.343, 69
Trd, 4318271.593, 140
Trd, 4318271.693, 140
Trd, 4318272.543, 140
Trd, 4318273.493, 140
Trd, 4318275.793, 140
Trd, 4318275.993, 140
Trd, 4318276.143, 140
Trd, 4318277.343, 140
Trd, 4318277.493, 140
Trd, 4318277.943, 140
Trd, 4318278.393, 139
Trd, 4318279.343, 70
Trd, 4318280.993, 140
Trd, 4318281.293, 140
Trd, 4318283.093, 140
Trd, 4318284.243, 140
Trd, 4318284.693, 140
Trd, 4318285.293, 140
Trd, 4318285.843, 140
Trd, 4318286.043, 140
Trd, 4318286.293, 140
Trd, 4318287.893, 140
Trd, 4318289.043, 139
Trd, 4318289.093, 95
Trd, 4318289.993, 102
Trd, 4318290.593, 140
Trd, 4318291.593, 140
Trd, 4318293.593, 140
Trd, 4318294.343, 140
Trd, 4318294.443, 132
Trd, 4318295.243, 139
Trd, 4318296.293, 139
Trd, 4318297.793, 140
Trd, 4318298.093, 140
Trd, 4318299.093, 140
Trd, 4318299.693, 138
Trd, 4318299.893, 130
Trd, 4318300.943, 140
Trd, 4318302.743, 140
Trd, 4318303.393, 140
Trd, 4318303.843, 140
Trd, 4318305.093, 138
Trd, 4318306.543, 140
Trd, 4318307.843, 140
Trd, 4318309.143, 140
Trd, 4318309.543, 139
Trd, 4318310.293, 139
Trd, 4318310.493, 137
Trd, 4318310.593, 114
Trd, 4318310.993, 95
Trd, 4318312.043, 62
Trd, 4318312.343, 68
Trd, 4318314.143, 140
Trd, 4318314.843, 140
Trd, 4318315.193, 140
Trd, 4318315.343, 140
Trd, 4318315.443, 139
Trd, 4318316.243, 131
Trd, 4318317.143, 109
Trd, 4318317.443, 103
Trd, 4318317.643, 140
Trd, 4318317.993, 93
Trd, 4318318.943, 140
Trd, 4318319.043, 83
Trd, 4318319.393, 81
Trd, 4318321.893, 129
Trd, 4318322.093, 131
Trd, 4318322.143, 126
Trd, 4318322.693, 128
Trd, 4318324.193, 134
Trd, 4318324.493, 134
Trd, 4318325.043, 131
Trd, 4318325.293, 117
Trd, 4318326.593, 127
Trd, 4318326.793, 80
Trd, 4318327.643, 139
Trd, 4318327.843, 138
Trd, 4318328.493, 62
Trd, 4318329.643, 66
Trd, 4318330.543, 62
Trd, 4318330.793, 67
Trd, 4318332.493, 140
Trd, 4318332.593, 132
Trd, 4318332.843, 140
Trd, 4318333.243, 131
Trd, 4318334.893, 140
Trd, 4318335.493, 140
Trd, 4318335.993, 140
Trd, 4318336.693, 139
Trd, 4318336.943, 95
Trd, 4318338.643, 140
Trd, 4318338.843, 138
Trd, 4318340.043, 140
Trd, 4318340.193, 140
Trd, 4318340.493, 140
Trd, 4318340.593, 139
Trd, 4318342.743, 140
Trd, 4318343.793, 140
Trd, 4318343.843, 140
Trd, 4318344.093, 140
Trd, 4318344.943, 137
Trd, 4318345.293, 134
Trd, 4318346.343, 130
Trd, 4318347.343, 139
Trd, 4318347.643, 99
Trd, 4318349.093, 140
Trd, 4318349.993, 140
Trd, 4318350.293, 140
Trd, 4318350.343, 140
Trd, 4318351.743, 140
Trd, 4318351.893, 140
Trd, 4318352.243, 93
Trd, 4318352.643, 70
Trd, 4318352.793, 129
Trd, 4318353.843, 139
Trd, 4318355.943, 140
Trd, 4318356.143, 140
Trd, 4318356.293, 140
Trd, 4318357.043, 140
Trd, 4318358.743, 140
Trd, 4318359.143, 140
Trd, 4318359.443, 139
Trd, 4318360.593, 113
Trd, 4318360.843, 113
Trd, 4318361.693, 137
Trd, 4318362.543, 135
Trd, 4318362.993, 86
Trd, 4318363.943, 102
Trd, 4318365.293, 127
Trd, 4318366.443, 140
Trd, 4318367.043, 140
Trd, 4318368.493, 140
Trd, 4318368.543, 140
Trd, 4318368.993, 139
Trd, 4318369.093, 138
Trd, 4318369.793, 140
Trd, 4318370.393, 114
Trd, 4318371.393, 140
Trd, 4318372.193, 140
Trd, 4318372.793, 140
Trd, 4318373.043, 140
Trd, 4318373.393, 120
Trd, 4318374.193, 122
Trd, 4318374.893, 110
Trd, 4318377.843, 140
Trd, 4318377.893, 140
Trd, 4318378.493, 140
Trd, 4318378.743, 134
Trd, 4318380.193, 138
Trd, 4318380.343, 125
Trd, 4318380.793, 139
Trd, 4318381.543, 139
Trd, 4318382.743, 140
Trd, 4318383.043, 140
Trd, 4318383.793, 140
Trd, 4318383.943, 139
Trd, 4318384.443, 136
Trd, 4318384.993, 136
Trd, 4318386.693, 140
Trd, 4318387.043, 140
Trd, 4318387.193, 140
Trd, 4318387.693, 140
Trd, 4318387.943, 140
Trd, 4318390.343, 140
Trd, 4318390.393, 140
Trd, 4318391.193, 140
Trd, 4318391.393, 140
Trd, 4318392.043, 128
Trd, 4318392.593, 140
Trd, 4318393.243, 98
Trd, 4318394.193, 85
Trd, 4318395.343, 140
Trd, 4318395.793, 139
Trd, 4318396.393, 111
Trd, 4318396.643, 63
Trd, 4318396.943, 123
Trd, 4318399.593, 140
Trd, 4318399.643, 140
Trd, 4318399.893, 140
Trd, 4318399.993, 140
Trd, 4318401.943, 140
Trd, 4318403.443, 140
Trd, 4318403.843, 140
Trd, 4318404.043, 140
Trd, 4318404.243, 140
Trd, 4318406.443, 140
Trd, 4318406.493, 140
Trd, 4318407.493, 137
Trd, 4318407.893, 140
Trd, 4318409.293, 140
Trd, 4318409.643, 139
Trd, 4318411.143, 140
Trd, 4318411.643, 139
Trd, 4318411.793, 102
Trd, 4318413.293, 140
Trd, 4318415.843, 140
Trd, 4318416.043, 139
Trd, 4318416.143, 138
Trd, 4318416.693, 138
Trd, 4318418.593, 131
Trd, 4318418.943, 129
Trd, 4318419.893, 94
Trd, 4318420.693, 140
Trd, 4318421.043, 140
Trd, 4318422.243, 140
Trd, 4318423.243, 140
Trd, 4318424.293, 140
Trd, 4318424.393, 140
Trd, 4318424.843, 140
Trd, 4318425.293, 139
Trd, 4318426.443, 140
Trd, 4318427.743, 140
Trd, 4318427.893, 140
Trd, 4318427.993, 80
Trd, 4318429.893, 140
Trd, 4318430.593, 140
Trd, 4318431.043, 140
Trd, 4318431.343, 139
Trd, 4318432.343, 140
Trd, 4318433.993, 140
Trd, 4318434.143, 140
Trd, 4318434.443, 140
Trd, 4318435.343, 123
Trd, 4318436.143, 125
Trd, 4318438.443, 132
Trd, 4318439.743, 140
Trd, 4318440.193, 140
Trd, 4318440.293, 140
Trd, 4318442.993, 140
Trd, 4318443.493, 140
Trd, 4318444.743, 140
Trd, 4318445.043, 140
Trd, 4318445.993, 140
Trd, 4318446.193, 140
Trd, 4318447.093, 140
Trd, 4318447.143, 140
Trd, 4318448.093, 140
Trd, 4318448.793, 140
Trd, 4318449.243, 140
Trd, 4318449.693, 140
Trd, 4318450.643, 140
Trd, 4318450.843, 140
Trd, 4318451.843, 140
Trd, 4318452.243, 140
Trd, 4318453.493, 140
Trd, 4318454.143, 140
Trd, 4318455.193, 139
Trd, 4318457.943, 140
Trd, 4318459.243, 140
Trd, 4318459.493, 140
Trd, 4318460.993, 140
Trd, 4318461.093, 140
Trd, 4318461.243, 140
Trd, 4318462.693, 113
Trd, 4318463.293, 121
Trd, 4318464.093, 140
Trd, 4318464.643, 140
Trd, 4318465.093, 140
Trd, 4318465.643, 115
Trd, 4318466.943, 133
Trd, 4318467.143, 86
Trd, 4318468.593, 61
Trd, 4318468.743, 128
Trd, 4318469.443, 60
Trd, 4318469.843, 64
Trd, 4318471.043, 132
Trd, 4318471.193, 73
Trd, 4318474.493, 140
Trd, 4318474.543, 140
Trd, 4318475.193, 140
Trd, 4318475.443, 140
Trd, 4318475.643, 139
Trd, 4318476.543, 97
Trd, 4318477.493, 132
Trd, 4318477.993, 139
Trd, 4318478.793, 100
Trd, 4318479.893, 140
Trd, 4318480.143, 140
Trd, 4318480.243, 139
Trd, 4318480.993, 130
Trd, 4318481.793, 121
Trd, 4318482.743, 94
Trd, 4318484.043, 137
Trd, 4318484.093, 115
Trd, 4318484.593, 118
Trd, 4318484.993, 91
Trd, 4318485.493, 87
Trd, 4318486.443, 76
Trd, 4318487.193, 139
Trd, 4318488.143, 140
Trd, 4318488.393, 139
Trd, 4318491.493, 140
Trd, 4318492.193, 139
Trd, 4318493.093, 140
Trd, 4318493.443, 140
Trd, 4318494.443, 140
Trd, 4318495.493, 140
Trd, 4318495.843, 139
Trd, 4318497.543, 108
Trd, 4318498.443, 134
Trd, 4318499.043, 140
Trd, 4318500.443, 135
Trd, 4318501.343, 140
Trd, 4318501.643, 140
Trd, 4318501.743, 140
Trd, 4318501.843, 139
Trd, 4318502.293, 118
Trd, 4318502.943, 93
Trd, 4318503.493, 94
Trd, 4318504.693, 60
Trd, 4318505.143, 90
Trd, 4318505.693, 121
Trd, 4318506.843, 140
Trd, 4318508.543, 139
Trd, 4318508.993, 69
Trd, 4318509.743, 128
Trd, 4318510.493, 140
Trd, 4318510.743, 140
Trd, 4318512.343, 140
Trd, 4318512.643, 140
Trd, 4318512.743, 140
Trd, 4318513.193, 137
Trd, 4318515.543, 140
Trd, 4318516.493, 140
Trd, 4318516.943, 140
Trd, 4318518.443, 140
Trd, 4318519.143, 140
Trd, 4318519.343, 140
Trd, 4318519.893, 140
Trd, 4318521.343, 140
Trd, 4318521.893, 140
Trd, 4318522.193, 140
Trd, 4318522.843, 140
Trd, 4318525.643, 140
Trd, 4318526.043, 140
Trd, 4318526.343, 140
Trd, 4318527.243, 140
Trd, 4318527.493, 137
Trd, 4318528.943, 139
Trd, 4318530.693, 140
Trd, 4318531.243, 140
Trd, 4318532.093, 140
Trd, 4318533.143, 140
Trd, 4318535.143, 140
Trd, 4318536.593, 140
Trd, 4318537.093, 140
Trd, 4318537.293, 140
Trd, 4318537.743, 139
Trd, 4318538.043, 140
Trd, 4318538.393, 134
Trd, 4318538.743, 140
Trd, 4318540.093, 102
Trd, 4318540.743, 140
Trd, 4318541.093, 118
Trd, 4318541.843, 103
Trd, 4318541.993, 88
Trd, 4318543.493, 140
Trd, 4318544.593, 140
Trd, 4318544.693, 140
Trd, 4318544.893, 140
Trd, 4318545.143, 140
Trd, 4318545.543, 139
Trd, 4318548.193, 140
Trd, 4318548.443, 140
Trd, 4318549.093, 128
Trd, 4318549.443, 140
Trd, 4318549.743, 115
Trd, 4318550.493, 93
Trd, 4318550.793, 93
Trd, 4318550.993, 75
Trd, 4318552.493, 140
Trd, 4318552.943, 140
Trd, 4318553.493, 139
Trd, 4318553.843, 137
Trd, 4318555.243, 140
Trd, 4318556.543, 140
Trd, 4318558.443, 140
Trd, 4318558.493, 140
Trd, 4318559.443, 140
Trd, 4318561.593, 140
Trd, 4318562.143, 140
Trd, 4318562.293, 140
Trd, 4318563.593, 140
Trd, 4318563.643, 140
Trd, 4318564.193, 138
Trd, 4318565.993, 140
Trd, 4318566.493, 139
Trd, 4318567.193, 140
Trd, 4318568.043, 140
Trd, 4318568.293, 140
Trd, 4318569.143, 140
Trd, 4318569.493, 136
Trd, 4318569.643, 74
Trd, 4318569.843, 62
Trd, 4318570.593, 133
Trd, 4318571.143, 132
Trd, 4318571.343, 66
Trd, 4318573.543, 65
Trd, 4318574.743, 140
Trd, 4318575.943, 140
Trd, 4318576.393, 140
Trd, 4318576.543, 140
Trd, 4318576.943, 140
Trd, 4318577.343, 140
Trd, 4318577.843, 137
Trd, 4318578.643, 99
Trd, 4318579.943, 129
Trd, 4318580.993, 139
Trd, 4318581.743, 140
Trd, 4318582.043, 140
Trd, 4318582.443, 140
Trd, 4318583.193, 138
Trd, 4318583.493, 100
Trd, 4318584.843, 111
Trd, 4318585.293, 132
Trd, 4318586.043, 133
Trd, 4318586.593, 140
Trd, 4318587.543, 140
Trd, 4318589.143, 140
Trd, 4318591.143, 140
Trd, 4318592.093, 140
Trd, 4318592.243, 140
Trd, 4318592.843, 140
Trd, 4318593.043, 140
Trd, 4318593.393, 140
Trd, 4318593.743, 140
Trd, 4318593.843, 140
Trd, 4318594.543, 139
Trd, 4318595.643, 88
Trd, 4318597.193, 140
Trd, 4318598.343, 140
Trd, 4318598.493, 140
Trd, 4318598.743, 140
Trd, 4318599.743, 140
Trd, 4318602.493, 140
Trd, 4318602.643, 140
Trd, 4318602.793, 138
Trd, 4318603.943, 140
Trd, 4318605.093, 140
Trd, 4318605.343, 140
Trd, 4318605.543, 140
Trd, 4318607.243, 138
Trd, 4318608.693, 140
Trd, 4318610.643, 140
Trd, 4318611.493, 140
Trd, 4318612.143, 140
Trd, 4318612.443, 140
Trd, 4318612.543, 140
Trd, 4318614.643, 140
Trd, 4318614.843, 140
Trd, 4318615.093, 140
Trd, 4318617.043, 140
Trd, 4318617.793, 140
Trd, 4318618.693, 140
Trd, 4318618.893, 139
Trd, 4318620.893, 140
Trd, 4318621.543, 140
Trd, 4318621.993, 140
Trd, 4318622.193, 140
Trd, 4318622.693, 104
Trd, 4318623.693, 140
Trd, 4318625.243, 137
Trd, 4318625.693, 137
Trd, 4318626.543, 136
Trd, 4318626.593, 135
Trd, 4318629.093, 140
Trd, 4318629.493, 139
Trd, 4318629.643, 139
Trd, 4318631.493, 140
Trd, 4318633.843, 140
Trd, 4318634.043, 140
Trd, 4318634.293, 140
Trd, 4318635.043, 140
Trd, 4318635.093, 140
Trd, 4318635.293, 118
Trd, 4318636.193, 140
Trd, 4318636.493, 140
Trd, 4318638.143, 140
Trd, 4318639.043, 140
Trd, 4318639.193, 139
Trd, 4318640.193, 140
Trd, 4318641.943, 140
Trd, 4318644.393, 140
Trd, 4318644.693, 140
Trd, 4318645.143, 140
Trd, 4318646.043, 140
Trd, 4318646.543, 139
Trd, 4318646.593, 138
Trd, 4318647.143, 118
Trd, 4318648.193, 121
Trd, 4318649.343, 140
Trd, 4318649.543, 140
Trd, 4318650.393, 140
Trd, 4318650.443, 106
Trd, 4318651.043, 60
Trd, 4318652.643, 140
Trd, 4318653.443, 140
Trd, 4318653.543, 139
Trd, 4318655.293, 140
Trd, 4318656.193, 140
Trd, 4318656.843, 140
Trd, 4318657.893, 140
Trd, 4318659.143, 140
Trd, 4318659.793, 140
Trd, 4318661.243, 140
Trd, 4318661.443, 140
Trd, 4318662.993, 140
Trd, 4318663.793, 140
Trd, 4318664.543, 140
Trd, 4318664.743, 140
Trd, 4318664.893, 140
Trd, 4318666.443, 140
Trd, 4318667.143, 100
Trd, 4318667.343, 125
Trd, 4318667.393, 132
Trd, 4318669.343, 140
Trd, 4318669.543, 140
Trd, 4318670.343, 85
Trd, 4318670.893, 93
Trd, 4318672.743, 140
Trd, 4318673.493, 140
Trd, 4318673.693, 140
Trd, 4318674.743, 140
Trd, 4318675.243, 140
Trd, 4318675.293, 140
Trd, 4318675.943, 117
Trd, 4318675.993, 99
Trd, 4318676.793, 140
Trd, 4318676.943, 140
Trd, 4318677.693, 140
Trd, 4318679.493, 140
Trd, 4318679.693, 140
Trd, 4318680.193, 140
Trd, 4318681.093, 140
Trd, 4318681.143, 140
Trd, 4318681.693, 139
Trd, 4318683.643, 127
Trd, 4318683.993, 126
Trd, 4318684.693, 110
Trd, 4318685.943, 133
Trd, 4318687.043, 140
Trd, 4318688.393, 140
Trd, 4318688.593, 140
Trd, 4318688.793, 140
Trd, 4318689.543, 117
Trd, 4318689.943, 86
Trd, 4318690.993, 139
Trd, 4318691.693, 87
Trd, 4318691.993, 84
Trd, 4318693.793, 61
Trd, 4318694.643, 66
Trd, 4318695.793, 138
Trd, 4318696.093, 139
Trd, 4318696.243, 139
Trd, 4318696.543, 139
Trd, 4318697.793, 140
Trd, 4318698.343, 140
Trd, 4318699.693, 140
Trd, 4318700.143, 140
Trd, 4318700.393, 139
Trd, 4318701.893, 140
Trd, 4318702.093, 134
Trd, 4318702.593, 135
Trd, 4318703.793, 138
Trd, 4318704.693, 140
Trd, 4318705.643, 83
Trd, 4318707.043, 108
Trd, 4318708.043, 136
Trd, 4318708.393, 109
Trd, 4318709.093, 140
Trd, 4318711.293, 140
Trd, 4318711.443, 140
Trd, 4318711.743, 139
Trd, 4318713.243, 140
Trd, 4318714.593, 140
Trd, 4318715.643, 140
Trd, 4318715.743, 140
Trd, 4318717.143, 138
Trd, 4318717.943, 138
Trd, 4318718.993, 130
Trd, 4318720.193, 130
Trd, 4318720.643, 131
Trd, 4318722.193, 140
Trd, 4318722.293, 140
Trd, 4318724.243, 140
Trd, 4318724.843, 140
Trd, 4318725.943, 140
Trd, 4318726.443, 140
Trd, 4318727.443, 140
Trd, 4318727.893, 140
Trd, 4318728.593, 140
Trd, 4318729.543, 140
Trd, 4318730.593, 140
Trd, 4318730.643, 140
Trd, 4318731.693, 139
Trd, 4318733.543, 140
Trd, 4318734.893, 140
Trd, 4318735.543, 139
Trd, 4318735.943, 104
Trd, 4318736.643, 140
Trd, 4318738.343, 140
Trd, 4318738.593, 140
Trd, 4318738.693, 140
Trd, 4318738.893, 103
Trd, 4318739.143, 102
Trd, 4318740.093, 140
Trd, 4318741.393, 140
Trd, 4318741.743, 140
Trd, 4318741.843, 140
Trd, 4318743.243, 140
Trd, 4318743.393, 112
Trd, 4318744.643, 114
Trd, 4318747.193, 140
Trd, 4318747.343, 140
Trd, 4318747.693, 91
Trd, 4318748.143, 74
Trd, 4318749.293, 140
Trd, 4318749.843, 140
Trd, 4318750.143, 140
Trd, 4318751.643, 140
Trd, 4318751.993, 140
Trd, 4318752.243, 140
Trd, 4318754.043, 140
Trd, 4318755.443, 140
Trd, 4318755.743, 140
Trd, 4318756.193, 140
Trd, 4318756.693, 140
Trd, 4318758.393, 140
Trd, 4318759.793, 140
Trd, 4318760.043, 140
Trd, 4318762.593, 140
Trd, 4318762.843, 140
Trd, 4318764.043, 140
Trd, 4318765.693, 140
Trd, 4318766.843, 140
Trd, 4318769.593, 140
Trd, 4318769.843, 140
Trd, 4318771.093, 140
Trd, 4318771.743, 140
Trd, 4318771.793, 140
Trd, 4318772.343, 140
Trd, 4318772.493, 139
Trd, 4318773.393, 140
Trd, 4318774.043, 140
Trd, 4318774.443, 140
Trd, 4318774.643, 139
Trd, 4318775.643, 113
Trd, 4318777.243, 88
Trd, 4318777.793, 140
Trd, 4318778.893, 140
Trd, 4318780.093, 140
Trd, 4318780.793, 140
Trd, 4318781.643, 140
Trd, 4318782.793, 140
Trd, 4318782.943, 140
Trd, 4318782.993, 140
Trd, 4318784.093, 140
Trd, 4318785.443, 140
Trd, 4318786.393, 140
Trd, 4318786.493, 140
Trd, 4318786.893, 140
Trd, 4318787.143, 91
Trd, 4318788.443, 136
Trd, 4318789.093, 129
Trd, 4318790.093, 95
Trd, 4318793.893, 60
Trd, 4318793.943, 61
Trd, 4318795.043, 60
Trd, 4318795.143, 63
Trd, 4318795.893, 73
Trd, 4318796.443, 67
Trd, 4318796.493, 124
Trd, 4318798.093, 62
Trd, 4318798.243, 65
Trd, 4318799.693, 62
Trd, 4318801.093, 65
Trd, 4318801.893, 62
Trd, 4318801.993, 70
Trd, 4318802.193, 140
Trd, 4318804.193, 140
Trd, 4318804.293, 140
Trd, 4318804.643, 122
Trd, 4318804.893, 139
Trd, 4318805.943, 140
Trd, 4318807.493, 140
Trd, 4318807.593, 140
Trd, 4318808.243, 140
Trd, 4318809.343, 140
Trd, 4318809.743, 139
Trd, 4318810.143, 139
Trd, 4318810.793, 113
Trd, 4318811.143, 102
Trd, 4318811.493, 101
Trd, 4318812.793, 61
Trd, 4318815.343, 60
Trd, 4318815.593, 60
Trd, 4318816.693, 62
Trd, 4318819.543, 61
Trd, 4318819.693, 64
Trd, 4318819.993, 75
Trd, 4318821.143, 64
Trd, 4318821.243, 78
Trd, 4318821.543, 61
Trd, 4318822.193, 80
Trd, 4318822.993, 63
Trd, 4318823.943, 124
Trd, 4318825.693, 71
Trd, 4318825.993, 72
Trd, 4318826.093, 75
Trd, 4318826.393, 72
Trd, 4318826.693, 139
Trd, 4318829.043, 140
Trd, 4318829.143, 140
Trd, 4318829.643, 134
Trd, 4318830.793, 140
Trd, 4318831.143, 140
Trd, 4318831.943, 140
Trd, 4318832.393, 123
Trd, 4318832.743, 78
Trd, 4318835.043, 140
Trd, 4318835.293, 140
Trd, 4318835.393, 140
Trd, 4318835.593, 138
Trd, 4318837.443, 140
Trd, 4318837.493, 129
Trd, 4318838.293, 129
Trd, 4318839.993, 132
Trd, 4318840.243, 133
Trd, 4318840.393, 131
Trd, 4318842.293, 140
Trd, 4318842.393, 139
Trd, 4318843.293, 140
Trd, 4318843.343, 138
Trd, 4318845.293, 140
Trd, 4318845.743, 140
Trd, 4318846.843, 140
Trd, 4318847.293, 140
Trd, 4318847.993, 139
Trd, 4318848.493, 139
Trd, 4318850.943, 140
Trd, 4318851.143, 140
Trd, 4318851.293, 138
Trd, 4318852.543, 140
Trd, 4318852.993, 140
Trd, 4318853.143, 140
Trd, 4318853.593, 138
Trd, 4318854.393, 136
Trd, 4318855.493, 140
Trd, 4318855.843, 122
Trd, 4318856.093, 71
Trd, 4318856.193, 73
Trd, 4318858.443, 136
Trd, 4318858.793, 104
Trd, 4318860.143, 128
Trd, 4318860.243, 127
Trd, 4318860.943, 126
Trd, 4318860.993, 70
Trd, 4318861.543, 140
Trd, 4318862.643, 140
Trd, 4318863.793, 140
Trd, 4318864.743, 140
Trd, 4318865.193, 140
Trd, 4318866.243, 140
Trd, 4318867.143, 140
Trd, 4318867.593, 139
Trd, 4318868.993, 140
Trd, 4318869.593, 70
Trd, 4318871.243, 140
Trd, 4318871.293, 140
Trd, 4318871.593, 140
Trd, 4318872.243, 140
Trd, 4318872.293, 140
Trd, 4318873.043, 140
Trd, 4318873.893, 139
Trd, 4318874.993, 140
Trd, 4318876.443, 140
Trd, 4318877.343, 63
Trd, 4318878.193, 140
Trd, 4318879.493, 140
Trd, 4318880.043, 140
Trd, 4318882.193, 140
Trd, 4318882.493, 140
Trd, 4318883.193, 140
Trd, 4318883.643, 140
Trd, 4318885.543, 140
Trd, 4318886.593, 140
Trd, 4318886.643, 140
Trd, 4318886.993, 140
Trd, 4318887.193, 140
Trd, 4318887.743, 137
Trd, 4318888.443, 102
Trd, 4318890.243, 140
Trd, 4318890.643, 140
Trd, 4318890.893, 107
Trd, 4318891.643, 135
Trd, 4318892.143, 136
Trd, 4318893.543, 140
Trd, 4318894.193, 139
Trd, 4318894.843, 140
Trd, 4318896.493, 140
Trd, 4318897.693, 140
Trd, 4318898.743, 140
Trd, 4318900.293, 140
Trd, 4318901.843, 140
Trd, 4318902.293, 140
Trd, 4318902.643, 140
Trd, 4318903.443, 140
Trd, 4318903.643, 140
Trd, 4318903.693, 139
Trd, 4318904.243, 140
Trd, 4318905.593, 135
Trd, 4318905.843, 138
Trd, 4318906.993, 139
Trd, 4318907.193, 136
Trd, 4318908.193, 140
Trd, 4318908.243, 139
Trd, 4318908.993, 140
Trd, 4318910.443, 140
Trd, 4318910.743, 140
Trd, 4318911.393, 140
Trd, 4318912.393, 140
Trd, 4318912.993, 74
Trd, 4318913.743, 138
Trd, 4318913.793, 105
Trd, 4318914.993, 140
Trd, 4318916.243, 140
Trd, 4318916.643, 140
Trd, 4318917.493, 140
Trd, 4318917.893, 112
Trd, 4318919.243, 138
Trd, 4318919.793, 140
Trd, 4318920.443, 140
Trd, 4318921.993, 140
Trd, 4318923.243, 140
Trd, 4318923.693, 140
Trd, 4318924.893, 140
Trd, 4318926.043, 139
Trd, 4318926.693, 140
Trd, 4318927.093, 138
Trd, 4318927.943, 140
Trd, 4318928.343, 128
Trd, 4318929.043, 139
Trd, 4318929.943, 108
Trd, 4318931.193, 62
Trd, 4318933.443, 60
Trd, 4318934.693, 60
Trd, 4318935.193, 60
Trd, 4318935.793, 67
Trd, 4318935.843, 75
Trd, 4318936.643, 60
Trd, 4318937.893, 61
Trd, 4318938.493, 64
Trd, 4318940.093, 74
Trd, 4318941.143, 136
Trd, 4318941.343, 135
Trd, 4318943.043, 140
Trd, 4318943.443, 140
Trd, 4318944.043, 140
Trd, 4318944.643, 140
Trd, 4318945.643, 140
Trd, 4318946.743, 140
Trd, 4318947.243, 138
Trd, 4318948.093, 140
Trd, 4318949.593, 140
Trd, 4318949.693, 132
Trd, 4318949.793, 107
Trd, 4318950.693, 104
Trd, 4318950.893, 94
Trd, 4318953.593, 140
Trd, 4318954.293, 140
Trd, 4318954.393, 140
Trd, 4318955.293, 139
Trd, 4318955.943, 140
Trd, 4318956.343, 139
Trd, 4318956.943, 140
Trd, 4318957.543, 140
Trd, 4318957.893, 140
Trd, 4318957.943, 130
Trd, 4318959.293, 68
Trd, 4318960.493, 88
Trd, 4318960.543, 70
Trd, 4318961.343, 93
Trd, 4318961.793, 92
Trd, 4318962.443, 69
Trd, 4318965.393, 140
Trd, 4318965.493, 140
Trd, 4318965.693, 140
Trd, 4318965.993, 118
Trd, 4318966.793, 103
Trd, 4318968.643, 73
Trd, 4318968.743, 63
Trd, 4318968.993, 114
Trd, 4318969.193, 106
Trd, 4318971.143, 140
Trd, 4318972.543, 140
Trd, 4318973.693, 140
Trd, 4318974.043, 140
Trd, 4318974.643, 140
Trd, 4318975.143, 140
Trd, 4318975.793, 140
Trd, 4318976.193, 139
Trd, 4318976.543, 140
Trd, 4318977.643, 140
Trd, 4318978.043, 140
Trd, 4318979.493, 140
Trd, 4318981.143, 140
Trd, 4318981.493, 140
Trd, 4318981.643, 140
Trd, 4318982.243, 140
Trd, 4318982.893, 139
Trd, 4318982.943, 104
Trd, 4318983.843, 140
Trd, 4318986.593, 140
Trd, 4318986.843, 140
Trd, 4318986.993, 140
Trd, 4318988.093, 140
Trd, 4318988.793, 140
Trd, 4318989.943, 140
Trd, 4318990.293, 140
Trd, 4318990.343, 140
Trd, 4318990.843, 140
Trd, 4318991.693, 140
Trd, 4318991.743, 139
Trd, 4318994.393, 140
Trd, 4318994.793, 140
Trd, 4318994.943, 140
Trd, 4318995.443, 104
Trd, 4318996.393, 98
Trd, 4318997.543, 66
Trd, 4318997.743, 64
Trd, 4318999.693, 139
Trd, 4318999.843, 138
Trd, 4319000.093, 140
Trd, 4319000.343, 138
Trd, 4319000.443, 104
Trd, 4319001.893, 140
Trd, 4319002.993, 140
Trd, 4319005.093, 140
Trd, 4319005.693, 140
Trd, 4319006.043, 140
Trd, 4319006.343, 140
Trd, 4319006.443, 129
Trd, 4319008.243, 124
Trd, 4319009.943, 130
Trd, 4319010.543, 129
Trd, 4319011.793, 140
Trd, 4319012.043, 138
Trd, 4319012.093, 128
Trd, 4319013.243, 140
Trd, 4319013.293, 140
Trd, 4319013.843, 93
Trd, 4319014.443, 140
Trd, 4319015.293, 139
Trd, 4319019.043, 140
Trd, 4319019.093, 140
Trd, 4319019.193, 140
Trd, 4319021.543, 140
Trd, 4319021.793, 140
Trd, 4319022.543, 140
Trd, 4319023.693, 140
Trd, 4319023.793, 140
Trd, 4319023.993, 140
Trd, 4319025.043, 140
Trd, 4319026.043, 94
Trd, 4319026.243, 107
Trd, 4319027.693, 140
Trd, 4319028.893, 140
Trd, 4319029.543, 140
Trd, 4319029.843, 140
Trd, 4319029.943, 138
Trd, 4319030.943, 87
Trd, 4319031.893, 140
Trd, 4319032.993, 140
Trd, 4319033.593, 114
Trd, 4319035.193, 121
Trd, 4319035.443, 140
Trd, 4319036.243, 135
Trd, 4319037.993, 140
Trd, 4319038.043, 140
Trd, 4319038.093, 140
Trd, 4319038.193, 139
Trd, 4319038.943, 133
Trd, 4319040.593, 71
Trd, 4319041.643, 60
Trd, 4319041.693, 61
Trd, 4319042.743, 62
Trd, 4319044.443, 140
Trd, 4319045.593, 140
Trd, 4319045.843, 140
Trd, 4319046.093, 140
Trd, 4319046.193, 140
Trd, 4319047.043, 140
Trd, 4319047.843, 140
Trd, 4319048.643, 140
Trd, 4319049.193, 140
Trd, 4319050.043, 140
Trd, 4319050.193, 132
Trd, 4319050.243, 86
Trd, 4319050.843, 64
Trd, 4319051.143, 96
Trd, 4319051.893, 139
Trd, 4319053.693, 140
Trd, 4319054.693, 140
Trd, 4319054.893, 140
Trd, 4319057.443, 140
Trd, 4319057.843, 140
Trd, 4319058.943, 140
Trd, 4319059.093, 140
Trd, 4319059.793, 140
Trd, 4319060.743, 137
Trd, 4319061.193, 140
Trd, 4319061.693, 118
Trd, 4319062.543, 127
Trd, 4319063.293, 126
Trd, 4319065.543, 140
Trd, 4319065.693, 116
Trd, 4319066.893, 126
Trd, 4319067.393, 127
Trd, 4319067.793, 127
Trd, 4319069.043, 140
Trd, 4319069.093, 140
Trd, 4319069.743, 140
Trd, 4319071.443, 114
Trd, 4319071.593, 113
Trd, 4319072.343, 132
Trd, 4319073.093, 140
Trd, 4319073.343, 140
Trd, 4319073.943, 138
Trd, 4319073.993, 125
Trd, 4319074.693, 101
Trd, 4319076.193, 140
Trd, 4319078.443, 140
Trd, 4319079.993, 140
Trd, 4319080.593, 140
Trd, 4319080.793, 140
Trd, 4319081.693, 125
Trd, 4319082.843, 140
Trd, 4319083.243, 140
Trd, 4319083.493, 132
Trd, 4319084.243, 140
Trd, 4319085.443, 140
Trd, 4319085.943, 140
Trd, 4319086.993, 140
Trd, 4319090.193, 140
Trd, 4319090.343, 140
Trd, 4319092.293, 140
Trd, 4319092.893, 140
Trd, 4319093.743, 140
Trd, 4319094.943, 140
Trd, 4319096.243, 140
Trd, 4319097.743, 140
Trd, 4319098.593, 140
Trd, 4319098.693, 140
Trd, 4319099.343, 140
Trd, 4319100.243, 140
Trd, 4319102.043, 140
Trd, 4319102.443, 140
Trd, 4319102.893, 140
Trd, 4319103.693, 139
Trd, 4319104.993, 140
Trd, 4319106.293, 140
Trd, 4319106.693, 140
Trd, 4319107.293, 140
Trd, 4319107.793, 140
Trd, 4319108.043, 139
Trd, 4319108.493, 136
Trd, 4319109.193, 138
Trd, 4319109.943, 138
Trd, 4319111.043, 138
Trd, 4319112.643, 140
Trd, 4319113.643, 140
Trd, 4319113.693, 139
Trd, 4319114.093, 140
Trd, 4319115.743, 138
Trd, 4319116.043, 139
Trd, 4319116.643, 140
Trd, 4319117.043, 137
Trd, 4319117.643, 140
Trd, 4319119.293, 140
Trd, 4319119.593, 140
Trd, 4319121.043, 137
Trd, 4319121.693, 140
Trd, 4319121.943, 94
Trd, 4319123.243, 126
Trd, 4319124.143, 124
Trd, 4319125.193, 140
Trd, 4319125.343, 137
Trd, 4319126.943, 140
Trd, 4319127.343, 140
Trd, 4319128.743, 140
Trd, 4319130.843, 140
Trd, 4319131.343, 140
Trd, 4319131.593, 140
Trd, 4319131.643, 140
Trd, 4319131.693, 135
Trd, 4319131.993, 138
Trd, 4319134.043, 139
Trd, 4319134.543, 139
Trd, 4319134.743, 139
Trd, 4319135.343, 140
Trd, 4319135.543, 139
Trd, 4319136.243, 104
Trd, 4319138.193, 129
Trd, 4319138.393, 128
Trd, 4319139.843, 140
Trd, 4319140.043, 139
Trd, 4319140.093, 139
Trd, 4319141.243, 123
Trd, 4319141.743, 140
Trd, 4319142.793, 121
Trd, 4319143.693, 139
Trd, 4319143.893, 128
Trd, 4319145.293, 126
Trd, 4319145.993, 140
Trd, 4319146.793, 140
Trd, 4319148.693, 140
Trd, 4319148.793, 140
Trd, 4319149.493, 140
Trd, 4319149.843, 140
Trd, 4319150.143, 140
Trd, 4319151.543, 140
Trd, 4319152.993, 140
Trd, 4319154.093, 140
Trd, 4319154.243, 140
Trd, 4319155.093, 139
Trd, 4319156.893, 140
Trd, 4319157.643, 140
Trd, 4319158.043, 140
Trd, 4319158.093, 137
Trd, 4319159.693, 138
Trd, 4319159.993, 137
Trd, 4319160.143, 114
Trd, 4319160.743, 140
Trd, 4319161.943, 140
Trd, 4319162.193, 139
Trd, 4319163.043, 136
Trd, 4319164.093, 140
Trd, 4319165.293, 139
Trd, 4319165.343, 138
Trd, 4319166.043, 92
Trd, 4319166.743, 139
Trd, 4319167.043, 136
Trd, 4319167.793, 135
Trd, 4319169.493, 64
Trd, 4319170.493, 64
Trd, 4319170.743, 129
Trd, 4319172.893, 62
Trd, 4319173.043, 65
Trd, 4319174.343, 63
Trd, 4319174.793, 83
Trd, 4319176.543, 91
Trd, 4319177.743, 64
Trd, 4319178.343, 63
Trd, 4319179.143, 61
Trd, 4319179.193, 62
Trd, 4319179.593, 61
Trd, 4319180.643, 73
Trd, 4319182.143, 116
Trd, 4319182.843, 76
Trd, 4319184.243, 140
Trd, 4319184.743, 140
Trd, 4319185.193, 140
Trd, 4319186.243, 140
Trd, 4319186.343, 139
Trd, 4319186.393, 91
Trd, 4319186.693, 85
Trd, 4319188.593, 89
Trd, 4319189.843, 60
Trd, 4319190.993, 140
Trd, 4319192.593, 140
Trd, 4319192.943, 140
Trd, 4319193.143, 140
Trd, 4319193.293, 140
Trd, 4319193.543, 139
Trd, 4319194.243, 139
Trd, 4319194.843, 132
Trd, 4319196.143, 95
Trd, 4319196.743, 129
Trd, 4319196.843, 128
Trd, 4319197.193, 80
Trd, 4319197.593, 64
Trd, 4319198.993, 140
Trd, 4319199.193, 140
Trd, 4319200.643, 140
Trd, 4319200.793, 140
Trd, 4319201.343, 139
Trd, 4319202.093, 93
Trd, 4319202.143, 82
Trd, 4319203.293, 140
Trd, 4319204.693, 140
Trd, 4319204.943, 140
Trd, 4319205.743, 139
Trd, 4319205.893, 138
Trd, 4319206.193, 116
Trd, 4319207.093, 139
Trd, 4319207.443, 101
Trd, 4319207.893, 130
Trd, 4319209.693, 123
Trd, 4319209.893, 123
Trd, 4319210.143, 123
Trd, 4319210.443, 124
Trd, 4319211.293, 124
Trd, 4319211.893, 140
Trd, 4319213.843, 140
Trd, 4319214.643, 139
Trd, 4319214.693, 123
Trd, 4319214.943, 112
Trd, 4319216.143, 117
Trd, 4319216.893, 126
Trd, 4319217.793, 69
Trd, 4319218.443, 140
Trd, 4319218.493, 123
Trd, 4319219.393, 84
Trd, 4319219.693, 101
Trd, 4319220.193, 117
Trd, 4319220.443, 138
Trd, 4319221.143, 117
Trd, 4319221.593, 80
Trd, 4319222.293, 140
Trd, 4319222.443, 136
Trd, 4319222.843, 114
Trd, 4319224.493, 140
Trd, 4319224.793, 140
Trd, 4319226.343, 140
Trd, 4319226.443, 140
Trd, 4319226.543, 133
Trd, 4319229.093, 61
Trd, 4319229.543, 62
Trd, 4319229.743, 62
Trd, 4319229.843, 138
Trd, 4319232.393, 140
Trd, 4319232.543, 140
Trd, 4319232.843, 138
Trd, 4319234.793, 123
Trd, 4319235.143, 124
Trd, 4319235.843, 140
Trd, 4319236.493, 140
Trd, 4319236.793, 140
Trd, 4319237.493, 140
Trd, 4319238.943, 140
Trd, 4319239.693, 140
Trd, 4319240.543, 139
Trd, 4319240.743, 138
Trd, 4319240.793, 138
Trd, 4319241.843, 140
Trd, 4319242.493, 118
Trd, 4319242.943, 117
Trd, 4319244.393, 140
Trd, 4319245.543, 139
Trd, 4319247.593, 140
Trd, 4319247.743, 140
Trd, 4319248.093, 140
Trd, 4319248.493, 105
Trd, 4319248.693, 88
Trd, 4319251.193, 140
Trd, 4319252.543, 140
Trd, 4319253.793, 140
Trd, 4319255.193, 140
Trd, 4319256.293, 140
Trd, 4319257.343, 140
Trd, 4319257.493, 140
Trd, 4319259.043, 140
Trd, 4319259.643, 140
Trd, 4319260.243, 140
Trd, 4319260.993, 140
Trd, 4319261.343, 140
Trd, 4319262.843, 140
Trd, 4319262.893, 140
Trd, 4319263.593, 137
Trd, 4319265.143, 140
Trd, 4319265.693, 140
Trd, 4319266.343, 140
Trd, 4319267.643, 140
Trd, 4319268.693, 140
Trd, 4319269.293, 140
Trd, 4319270.543, 140
Trd, 4319272.143, 140
Trd, 4319272.243, 139
Trd, 4319273.843, 140
Trd, 4319274.643, 140
Trd, 4319274.793, 140
Trd, 4319274.943, 140
Trd, 4319275.343, 137
Trd, 4319276.143, 139
Trd, 4319277.343, 140
Trd, 4319277.443, 138
Trd, 4319277.893, 130
Trd, 4319278.643, 123
Trd, 4319279.193, 108
Trd, 4319279.693, 108
Trd, 4319280.943, 139
Trd, 4319280.993, 140
Trd, 4319281.293, 140
Trd, 4319282.393, 122
Trd, 4319282.443, 121
Trd, 4319282.593, 140
Trd, 4319282.943, 111
Trd, 4319283.593, 126
Trd, 4319285.843, 140
Trd, 4319286.493, 140
Trd, 4319287.293, 140
Trd, 4319287.493, 140
Trd, 4319289.093, 140
Trd, 4319289.143, 140
Trd, 4319290.043, 140
Trd, 4319290.293, 140
Trd, 4319290.343, 139
Trd, 4319291.343, 117
Trd, 4319292.743, 140
Trd, 4319293.793, 62
Trd, 4319294.593, 73
Trd, 4319294.993, 62
Trd, 4319295.743, 82
Trd, 4319295.943, 61
Trd, 4319297.793, 65
Trd, 4319300.543, 92
Trd, 4319300.643, 91
Trd, 4319300.943, 138
Trd, 4319301.293, 107
Trd, 4319301.793, 101
Trd, 4319302.393, 140
Trd, 4319302.893, 139
Trd, 4319303.943, 140
Trd, 4319305.793, 140
Trd, 4319306.693, 140
Trd, 4319306.943, 140
Trd, 4319307.293, 140
Trd, 4319308.243, 140
Trd, 4319309.043, 140
Trd, 4319309.943, 140
Trd, 4319310.193, 140
Trd, 4319310.543, 132
Trd, 4319310.843, 61
Trd, 4319313.743, 140
Trd, 4319314.193, 140
Trd, 4319314.493, 140
Trd, 4319314.943, 140
Trd, 4319317.843, 140
Trd, 4319317.943, 140
Trd, 4319318.243, 140
Trd, 4319320.443, 140
Trd, 4319320.543, 140
Trd, 4319320.893, 140
Trd, 4319321.493, 140
Trd, 4319323.693, 140
Trd, 4319324.293, 140
Trd, 4319324.893, 140
Trd, 4319325.893, 140
Trd, 4319326.993, 140
Trd, 4319327.643, 139
Trd, 4319327.943, 123
Trd, 4319330.243, 140
Trd, 4319330.293, 140
Trd, 4319330.543, 137
Trd, 4319331.193, 123
Trd, 4319331.343, 134
Trd, 4319331.943, 140
Trd, 4319334.193, 140
Trd, 4319335.543, 140
Trd, 4319335.793, 140
Trd, 4319336.543, 140
Trd, 4319336.593, 140
Trd, 4319337.593, 140
Trd, 4319339.543, 140
Trd, 4319339.793, 140
Trd, 4319340.293, 140
Trd, 4319341.393, 140
Trd, 4319341.893, 140
Trd, 4319342.943, 140
Trd, 4319344.343, 140
Trd, 4319345.293, 140
Trd, 4319345.893, 138
Trd, 4319346.643, 61
Trd, 4319348.593, 140
Trd, 4319348.993, 140
Trd, 4319349.293, 138
Trd, 4319350.193, 128
Trd, 4319351.293, 114
Trd, 4319351.593, 114
Trd, 4319352.043, 113
Trd, 4319352.793, 140
Trd, 4319353.443, 140
Trd, 4319354.443, 140
Trd, 4319356.493, 140
Trd, 4319357.693, 140
Trd, 4319359.093, 140
Trd, 4319359.143, 140
Trd, 4319359.993, 140
Trd, 4319360.393, 140
Trd, 4319361.093, 140
Trd, 4319361.493, 140
Trd, 4319362.443, 140
Trd, 4319365.643, 140
Trd, 4319365.793, 140
Trd, 4319365.843, 86
Trd, 4319365.993, 81
Trd, 4319368.093, 140
Trd, 4319369.443, 140
Trd, 4319369.493, 140
Trd, 4319369.693, 140
Trd, 4319371.443, 140
Trd, 4319371.593, 140
Trd, 4319372.093, 140
Trd, 4319373.093, 140
Trd, 4319373.443, 140
Trd, 4319374.843, 140
Trd, 4319374.893, 140
Trd, 4319375.093, 139
Trd, 4319375.493, 131
Trd, 4319377.543, 140
Trd, 4319380.143, 140
Trd, 4319380.693, 140
Trd, 4319380.943, 140
Trd, 4319381.043, 109
Trd, 4319381.943, 117
Trd, 4319382.743, 116
Trd, 4319384.293, 140
Trd, 4319386.193, 140
Trd, 4319387.093, 140
Trd, 4319387.543, 140
Trd, 4319387.893, 140
Trd, 4319389.393, 140
Trd, 4319390.693, 140
Trd, 4319392.243, 140
Trd, 4319393.243, 140
Trd, 4319393.543, 140
Trd, 4319394.143, 140
Trd, 4319394.743, 140
Trd, 4319394.843, 140
Trd, 4319395.493, 140
Trd, 4319395.593, 127
Trd, 4319398.093, 140
Trd, 4319398.593, 140
Trd, 4319399.543, 140
Trd, 4319400.293, 140
Trd, 4319400.343, 140
Trd, 4319402.143, 100
Trd, 4319403.793, 140
Trd, 4319403.943, 140
Trd, 4319403.993, 140
Trd, 4319407.593, 140
Trd, 4319407.693, 140
Trd, 4319408.043, 140
Trd, 4319408.193, 140
Trd, 4319408.293, 139
Trd, 4319408.993, 120
Trd, 4319410.893, 140
Trd, 4319411.843, 140
Trd, 4319412.293, 140
Trd, 4319413.043, 140
Trd, 4319413.943, 140
Trd, 4319414.193, 140
Trd, 4319414.443, 139
Trd, 4319414.593, 139
Trd, 4319415.643, 140
Trd, 4319416.093, 140
Trd, 4319416.243, 123
Trd, 4319417.443, 140
Trd, 4319418.243, 140
Trd, 4319418.893, 140
Trd, 4319421.043, 140
Trd, 4319421.643, 140
Trd, 4319421.893, 140
Trd, 4319423.293, 140
Trd, 4319424.093, 140
Trd, 4319425.193, 140
Trd, 4319426.443, 140
Trd, 4319426.493, 140
Trd, 4319427.093, 140
Trd, 4319427.293, 140
Trd, 4319427.893, 139
Trd, 4319428.493, 90
Trd, 4319429.893, 140
Trd, 4319431.543, 140
Trd, 4319431.843, 140
Trd, 4319432.193, 140
Trd, 4319432.393, 95
Trd, 4319433.893, 79
Trd, 4319434.893, 66
Trd, 4319435.443, 66
Trd, 4319436.043, 131
Trd, 4319436.143, 66
Trd, 4319436.593, 140
Trd, 4319438.393, 140
Trd, 4319438.993, 140
Trd, 4319439.193, 139
Trd, 4319441.293, 140
Trd, 4319442.093, 140
Trd, 4319442.793, 140
Trd, 4319442.943, 140
Trd, 4319443.093, 140
Trd, 4319444.193, 140
Trd, 4319445.743, 140
Trd, 4319445.793, 140
Trd, 4319446.243, 139
Trd, 4319447.343, 138
Trd, 4319447.693, 133
Trd, 4319448.843, 136
Trd, 4319449.543, 95
Trd, 4319451.993, 140
Trd, 4319452.593, 140
Trd, 4319452.743, 140
Trd, 4319453.493, 140
Trd, 4319453.543, 140
Trd, 4319454.043, 140
Trd, 4319454.993, 140
Trd, 4319455.043, 140
Trd, 4319455.793, 139
Trd, 4319457.293, 108
Trd, 4319458.943, 111
Trd, 4319459.243, 138
Trd, 4319460.543, 140
Trd, 4319461.643, 140
Trd, 4319462.643, 140
Trd, 4319462.943, 140
Trd, 4319463.393, 139
Trd, 4319465.343, 140
Trd, 4319465.693, 140
Trd, 4319466.893, 140
Trd, 4319468.593, 140
Trd, 4319469.143, 140
Trd, 4319469.293, 140
Trd, 4319470.193, 139
Trd, 4319470.243, 138
Trd, 4319471.393, 138
Trd, 4319472.943, 140
Trd, 4319473.293, 140
Trd, 4319473.893, 140
Trd, 4319473.943, 110
Trd, 4319474.143, 130
Trd, 4319474.793, 120
Trd, 4319476.093, 140
Trd, 4319476.393, 140
Trd, 4319476.543, 71
Trd, 4319478.143, 140
Trd, 4319479.193, 140
Trd, 4319479.593, 133
Trd, 4319480.043, 140
Trd, 4319480.993, 123
Trd, 4319481.293, 139
Trd, 4319481.593, 140
Trd, 4319483.143, 125
Trd, 4319484.493, 135
Trd, 4319484.943, 119
Trd, 4319485.043, 118
Trd, 4319485.793, 121
Trd, 4319486.843, 140
Trd, 4319487.243, 121
Trd, 4319489.343, 140
Trd, 4319490.793, 140
Trd, 4319491.343, 140
Trd, 4319492.793, 140
Trd, 4319493.093, 140
Trd, 4319493.193, 139
Trd, 4319493.593, 131
Trd, 4319494.243, 104
Trd, 4319494.343, 84
Trd, 4319496.643, 140
Trd, 4319496.843, 140
Trd, 4319497.193, 140
Trd, 4319497.893, 139
Trd, 4319498.243, 61
Trd, 4319498.793, 60
Trd, 4319499.093, 60
Trd, 4319500.093, 69
Trd, 4319501.493, 68
Trd, 4319503.193, 60
Trd, 4319504.043, 60
Trd, 4319504.143, 61
Trd, 4319504.993, 64
Trd, 4319505.243, 74
Trd, 4319506.743, 104
Trd, 4319508.393, 138
Trd, 4319508.643, 127
Trd, 4319509.593, 140
Trd, 4319510.093, 117
Trd, 4319510.143, 116
Trd, 4319510.393, 107
Trd, 4319510.743, 137
Trd, 4319511.193, 105
Trd, 4319512.593, 139
Trd, 4319512.993, 127
Trd, 4319513.393, 140
Trd, 4319515.693, 104
Trd, 4319516.193, 103
Trd, 4319517.043, 140
Trd, 4319517.293, 102
Trd, 4319517.693, 133
Trd, 4319518.643, 140
Trd, 4319518.843, 140
Trd, 4319519.143, 140
Trd, 4319519.643, 111
Trd, 4319519.893, 97
Trd, 4319521.393, 139
Trd, 4319522.093, 137
Trd, 4319523.193, 129
Trd, 4319523.343, 127
Trd, 4319525.093, 113
Trd, 4319525.393, 135
Trd, 4319527.393, 140
Trd, 4319528.243, 140
Trd, 4319528.443, 140
Trd, 4319528.593, 95
Trd, 4319529.593, 98
Trd, 4319530.943, 138
Trd, 4319531.343, 133
Trd, 4319531.593, 140
Trd, 4319532.493, 129
Trd, 4319532.643, 124
Trd, 4319533.443, 101
Trd, 4319534.893, 140
Trd, 4319536.243, 140
Trd, 4319536.493, 140
Trd, 4319536.643, 140
Trd, 4319537.393, 139
Trd, 4319537.493, 134
Trd, 4319538.343, 76
Trd, 4319539.843, 67
Trd, 4319540.793, 140
Trd, 4319541.293, 140
Trd, 4319541.893, 140
Trd, 4319542.743, 140
Trd, 4319543.743, 140
Trd, 4319544.793, 140
Trd, 4319546.043, 140
Trd, 4319546.243, 140
Trd, 4319547.793, 140
Trd, 4319548.493, 140
Trd, 4319548.543, 139
Trd, 4319549.843, 99
Trd, 4319550.593, 93
Trd, 4319551.843, 140
Trd, 4319553.843, 140
Trd, 4319554.043, 138
Trd, 4319554.143, 88
Trd, 4319554.493, 121
Trd, 4319555.993, 140
Trd, 4319557.143, 140
Trd, 4319557.443, 140
Trd, 4319557.643, 140
Trd, 4319558.343, 140
Trd, 4319559.693, 140
Trd, 4319561.193, 140
Trd, 4319562.193, 140
Trd, 4319563.743, 140
Trd, 4319563.843, 138
Trd, 4319564.993, 140
Trd, 4319565.543, 140
Trd, 4319567.743, 140
Trd, 4319567.893, 140
Trd, 4319569.693, 140
Trd, 4319569.793, 140
Trd, 4319569.993, 140
Trd, 4319570.943, 138
Trd, 4319572.243, 140
Trd, 4319573.543, 140
Trd, 4319574.443, 140
Trd, 4319574.893, 140
Trd, 4319576.393, 140
Trd, 4319577.443, 140
Trd, 4319577.893, 140
Trd, 4319581.543, 140
Trd, 4319581.593, 139
Trd, 4319581.643, 139
Trd, 4319582.043, 140
Trd, 4319582.193, 135
Trd, 4319583.293, 140
Trd, 4319583.643, 140
Trd, 4319584.043, 140
Trd, 4319584.243, 118
Trd, 4319584.693, 138
Trd, 4319584.993, 88
Trd, 4319586.743, 140
Trd, 4319587.193, 140
Trd, 4319588.893, 140
Trd, 4319589.243, 140
Trd, 4319589.343, 140
Trd, 4319591.393, 140
Trd, 4319592.043, 140
Trd, 4319592.143, 140
Trd, 4319593.293, 140
Trd, 4319596.243, 140
Trd, 4319597.043, 140
Trd, 4319597.143, 140
Trd, 4319597.493, 140
Trd, 4319598.693, 140
Trd, 4319598.743, 140
Trd, 4319600.193, 140
Trd, 4319600.643, 140
Trd, 4319601.193, 140
Trd, 4319601.943, 140
Trd, 4319602.243, 97
Trd, 4319602.693, 140
Trd, 4319603.893, 140
Trd, 4319604.993, 140
Trd, 4319605.143, 140
Trd, 4319605.293, 139
Trd, 4319605.643, 89
Trd, 4319605.743, 83
Trd, 4319605.993, 65
Trd, 4319610.543, 140
Trd, 4319611.193, 140
Trd, 4319611.293, 140
Trd, 4319611.443, 140
Trd, 4319612.793, 140
Trd, 4319613.493, 140
Trd, 4319613.543, 140
Trd, 4319616.093, 140
Trd, 4319616.543, 140
Trd, 4319618.243, 140
Trd, 4319618.543, 140
Trd, 4319618.743, 140
Trd, 4319619.193, 140
Trd, 4319620.393, 138
Trd, 4319620.793, 138
Trd, 4319622.493, 140
Trd, 4319623.343, 140
Trd, 4319626.243, 140
Trd, 4319627.143, 140
Trd, 4319627.443, 140
Trd, 4319627.743, 140
Trd, 4319628.343, 140
Trd, 4319630.643, 140
Trd, 4319630.943, 140
Trd, 4319631.193, 140
Trd, 4319631.643, 119
Trd, 4319633.043, 60
Trd, 4319633.343, 60
Trd, 4319633.493, 62
Trd, 4319633.543, 65
Trd, 4319634.943, 134
Trd, 4319636.543, 140
Trd, 4319637.243, 139
Trd, 4319637.743, 139
Trd, 4319638.443, 139
Trd, 4319638.743, 135
Trd, 4319638.993, 94
Trd, 4319640.743, 140
Trd, 4319641.443, 140
Trd, 4319642.443, 140
Trd, 4319642.693, 140
Trd, 4319643.743, 140
Trd, 4319644.393, 140
Trd, 4319645.793, 140
Trd, 4319645.943, 140
Trd, 4319646.893, 140
Trd, 4319647.593, 140
Trd, 4319647.843, 128
Trd, 4319648.843, 137
Trd, 4319650.493, 140
Trd, 4319651.043, 140
Trd, 4319651.093, 140
Trd, 4319652.893, 140
Trd, 4319653.343, 140
Trd, 4319653.993, 140
Trd, 4319654.193, 140
Trd, 4319655.043, 139
Trd, 4319655.393, 138
Trd, 4319655.893, 88
Trd, 4319657.143, 140
Trd, 4319657.893, 140
Trd, 4319658.393, 140
Trd, 4319659.443, 140
Trd, 4319660.043, 140
Trd, 4319660.343, 140
Trd, 4319661.993, 140
Trd, 4319662.093, 140
Trd, 4319662.743, 140
Trd, 4319663.443, 140
Trd, 4319664.343, 140
Trd, 4319665.293, 139
Trd, 4319665.843, 138
Trd, 4319666.193, 134
Trd, 4319667.143, 140
Trd, 4319668.393, 140
Trd, 4319670.743, 140
Trd, 4319671.093, 140
Trd, 4319672.393, 140
Trd, 4319672.793, 140
Trd, 4319673.543, 140
Trd, 4319676.293, 140
Trd, 4319676.993, 140
Trd, 4319677.193, 140
Trd, 4319677.693, 140
Trd, 4319678.143, 139
Trd, 4319680.193, 140
Trd, 4319680.393, 140
Trd, 4319680.593, 140
Trd, 4319681.143, 140
Trd, 4319682.643, 140
Trd, 4319683.793, 140
Trd, 4319685.043, 140
Trd, 4319685.293, 140
Trd, 4319685.793, 140
Trd, 4319686.943, 140
Trd, 4319688.543, 140
Trd, 4319688.893, 140
Trd, 4319689.893, 140
Trd, 4319691.443, 140
Trd, 4319691.643, 140
Trd, 4319692.193, 139
Trd, 4319692.443, 140
Trd, 4319694.393, 140
Trd, 4319696.293, 140
Trd, 4319696.343, 140
Trd, 4319696.593, 140
Trd, 4319696.643, 140
Trd, 4319697.043, 124
Trd, 4319697.193, 80
Trd, 4319697.443, 79
Trd, 4319699.693, 140
Trd, 4319701.093, 140
Trd, 4319701.193, 140
Trd, 4319701.693, 140
Trd, 4319702.593, 140
Trd, 4319704.343, 140
Trd, 4319705.543, 140
Trd, 4319705.993, 140
Trd, 4319706.193, 140
Trd, 4319706.593, 140
Trd, 4319706.843, 140
Trd, 4319706.893, 139
Trd, 4319707.893, 127
Trd, 4319708.793, 140
Trd, 4319708.993, 139
Trd, 4319709.193, 111
Trd, 4319711.293, 139
Trd, 4319711.693, 131
Trd, 4319712.043, 140
Trd, 4319712.293, 140
Trd, 4319712.543, 112
Trd, 4319712.943, 68
Trd, 4319713.893, 61
Trd, 4319715.093, 86
Trd, 4319715.743, 64
Trd, 4319717.393, 60
Trd, 4319717.443, 61
Trd, 4319718.993, 140
Trd, 4319719.193, 108
Trd, 4319719.293, 92
Trd, 4319719.743, 69
Trd, 4319721.893, 140
Trd, 4319722.393, 139
Trd, 4319723.093, 60
Trd, 4319723.143, 66
Trd, 4319724.443, 140
Trd, 4319724.993, 139
Trd, 4319725.443, 139
Trd, 4319726.843, 139
Trd, 4319727.093, 133
Trd, 4319727.293, 132
Trd, 4319728.443, 140
Trd, 4319729.293, 140
Trd, 4319729.643, 140
Trd, 4319730.493, 139
Trd, 4319732.443, 140
Trd, 4319732.943, 140
Trd, 4319733.243, 140
Trd, 4319733.743, 140
Trd, 4319734.293, 139
Trd, 4319735.693, 140
Trd, 4319736.143, 140
Trd, 4319737.143, 140
Trd, 4319738.193, 140
Trd, 4319739.493, 140
Trd, 4319740.443, 136
Trd, 4319741.143, 140
Trd, 4319741.893, 127
Trd, 4319742.743, 140
Trd, 4319744.643, 114
Trd, 4319745.343, 114
Trd, 4319746.293, 112
Trd, 4319746.393, 71
Trd, 4319746.693, 137
Trd, 4319749.343, 140
Trd, 4319750.093, 140
Trd, 4319750.943, 140
Trd, 4319751.093, 140
Trd, 4319751.493, 140
Trd, 4319751.643, 140
Trd, 4319752.343, 139
Trd, 4319754.043, 140
Trd, 4319756.243, 140
Trd, 4319756.393, 140
Trd, 4319759.443, 140
Trd, 4319759.793, 140
Trd, 4319759.893, 140
Trd, 4319760.343, 140
Trd, 4319761.593, 140
Trd, 4319761.993, 140
Trd, 4319762.393, 139
Trd, 4319764.093, 140
Trd, 4319764.243, 140
Trd, 4319764.393, 140
Trd, 4319764.893, 111
Trd, 4319766.793, 140
Trd, 4319767.193, 140
Trd, 4319768.193, 140
Trd, 4319768.743, 98
Trd, 4319769.193, 121
Trd, 4319769.643, 94
Trd, 4319772.143, 140
Trd, 4319772.493, 140
Trd, 4319773.593, 140
Trd, 4319773.793, 140
Trd, 4319774.493, 140
Trd, 4319774.793, 140
Trd, 4319775.293, 140
Trd, 4319775.343, 138
Trd, 4319775.793, 132
Trd, 4319776.393, 139
Trd, 4319781.093, 140
Trd, 4319781.443, 140
Trd, 4319781.843, 140
Trd, 4319782.243, 140
Trd, 4319782.343, 140
Trd, 4319784.443, 140
Trd, 4319786.693, 140
Trd, 4319787.793, 140
Trd, 4319787.843, 140
Trd, 4319788.143, 140
Trd, 4319789.143, 140
Trd, 4319790.693, 140
Trd, 4319790.943, 140
Trd, 4319791.593, 140
Trd, 4319791.793, 140
Trd, 4319794.593, 140
Trd, 4319795.143, 140
Trd, 4319795.193, 140
Trd, 4319796.443, 140
Trd, 4319797.043, 140
Trd, 4319798.443, 140
Trd, 4319798.843, 140
Trd, 4319798.893, 140
Trd, 4319799.143, 111
Trd, 4319799.443, 121
Trd, 4319800.243, 121
Trd, 4319801.643, 139
Trd, 4319801.843, 137
Trd, 4319802.993, 139
Trd, 4319804.643, 140
Trd, 4319804.893, 140
Trd, 4319804.943, 139
Trd, 4319805.343, 76
Trd, 4319806.443, 60
Trd, 4319806.793, 60
Trd, 4319807.393, 68
Trd, 4319808.193, 61
Trd, 4319809.393, 73
Trd, 4319811.843, 140
Trd, 4319812.093, 140
Trd, 4319812.643, 140
Trd, 4319813.343, 140
Trd, 4319813.693, 140
Trd, 4319813.843, 140
Trd, 4319814.293, 140
Trd, 4319814.443, 139
Trd, 4319815.193, 137
Trd, 4319815.243, 92
Trd, 4319817.643, 140
Trd, 4319818.343, 140
Trd, 4319818.543, 140
Trd, 4319818.643, 140
Trd, 4319818.793, 140
Trd, 4319818.843, 137
Trd, 4319819.743, 139
Trd, 4319820.793, 128
Trd, 4319821.193, 129
Trd, 4319821.993, 132
Trd, 4319823.143, 126
Trd, 4319823.343, 124
Trd, 4319823.993, 124
Trd, 4319824.593, 129
Trd, 4319824.943, 137
Trd, 4319825.993, 126
Trd, 4319826.843, 140
Trd, 4319827.193, 125
Trd, 4319827.243, 116
Trd, 4319828.443, 140
Trd, 4319829.793, 139
Trd, 4319829.943, 138
Trd, 4319832.143, 132
Trd, 4319833.043, 133
Trd, 4319833.493, 137
Trd, 4319834.043, 89
Trd, 4319834.143, 82
Trd, 4319836.693, 140
Trd, 4319836.743, 139
Trd, 4319837.243, 137
Trd, 4319837.643, 124
Trd, 4319838.143, 123
Trd, 4319839.493, 139
Trd, 4319840.093, 125
Trd, 4319840.843, 89
Trd, 4319842.493, 140
Trd, 4319843.543, 140
Trd, 4319844.843, 136
Trd, 4319845.293, 140
Trd, 4319846.493, 140
Trd, 4319846.643, 140
Trd, 4319846.743, 139
Trd, 4319848.393, 133
Trd, 4319850.743, 138
Trd, 4319850.943, 114
Trd, 4319851.293, 69
Trd, 4319851.743, 65
Trd, 4319853.193, 130
Trd, 4319853.243, 66
Trd, 4319853.393, 60
Trd, 4319855.193, 140
Trd, 4319855.593, 140
Trd, 4319855.643, 140
Trd, 4319856.493, 140
Trd, 4319856.593, 128
Trd, 4319857.693, 138
Trd, 4319858.243, 139
Trd, 4319858.443, 87
Trd, 4319860.293, 133
Trd, 4319862.343, 140
Trd, 4319862.743, 140
Trd, 4319862.943, 140
Trd, 4319863.193, 139
Trd, 4319863.293, 136
Trd, 4319863.693, 123
Trd, 4319864.393, 136
Trd, 4319865.243, 139
Trd, 4319865.543, 103
Trd, 4319867.093, 140
Trd, 4319867.293, 140
Trd, 4319868.393, 135
Trd, 4319868.593, 134
Trd, 4319869.243, 138
Trd, 4319869.693, 106
Trd, 4319870.393, 138
Trd, 4319871.393, 140
Trd, 4319872.293, 140
Trd, 4319872.893, 140
Trd, 4319874.293, 140
Trd, 4319874.893, 140
Trd, 4319875.493, 107
Trd, 4319875.543, 106
Trd, 4319877.043, 131
Trd, 4319877.243, 93
Trd, 4319877.993, 70
Trd, 4319878.993, 140
Trd, 4319879.793, 140
Trd, 4319879.993, 140
Trd, 4319880.093, 139
Trd, 4319880.693, 63
Trd, 4319880.743, 104
Trd, 4319881.043, 97
Trd, 4319882.743, 62
Trd, 4319883.293, 62
Trd, 4319885.493, 62
Trd, 4319886.043, 64
Trd, 4319886.293, 126
Trd, 4319887.293, 74
Trd, 4319888.093, 63
Trd, 4319888.543, 83
Trd, 4319889.643, 82
Trd, 4319890.343, 66
Trd, 4319890.543, 63
Trd, 4319891.493, 70
Trd, 4319891.943, 140
Trd, 4319892.593, 113
Trd, 4319893.493, 140
Trd, 4319893.793, 140
Trd, 4319894.293, 83
Trd, 4319894.443, 80
Trd, 4319894.693, 73
Trd, 4319897.593, 120
Trd, 4319900.643, 140
Trd, 4319900.693, 140
Trd, 4319901.693, 140
Trd, 4319902.293, 140
Trd, 4319902.843, 136
Trd, 4319902.993, 135
Trd, 4319903.843, 136
Trd, 4319903.993, 136
Trd, 4319905.593, 140
Trd, 4319905.943, 140
Trd, 4319907.093, 140
Trd, 4319907.793, 140
Trd, 4319908.993, 140
Trd, 4319909.543, 140
Trd, 4319910.143, 89
Trd, 4319910.443, 100
Trd, 4319911.393, 140
Trd, 4319911.643, 87
Trd, 4319914.093, 140
Trd, 4319915.043, 140
Trd, 4319915.393, 139
Trd, 4319915.843, 104
Trd, 4319916.043, 103
Trd, 4319916.993, 98
Trd, 4319917.343, 98
Trd, 4319918.493, 107
Trd, 4319919.643, 136
Trd, 4319919.843, 88
Trd, 4319920.743, 140
Trd, 4319921.243, 140
Trd, 4319921.443, 140
Trd, 4319924.293, 140
Trd, 4319924.893, 138
Trd, 4319925.243, 130
Trd, 4319925.793, 66
Trd, 4319925.993, 62
Trd, 4319927.243, 140
Trd, 4319929.543, 140
Trd, 4319930.143, 140
Trd, 4319930.193, 140
Trd, 4319930.943, 140
Trd, 4319932.043, 140
Trd, 4319933.043, 140
Trd, 4319933.493, 140
Trd, 4319934.393, 140
Trd, 4319934.593, 140
Trd, 4319935.043, 140
Trd, 4319935.793, 140
Trd, 4319936.643, 140
Trd, 4319937.593, 140
Trd, 4319937.943, 140
Trd, 4319938.643, 124
Trd, 4319938.693, 114
Trd, 4319939.543, 140
Trd, 4319939.793, 140
Trd, 4319940.443, 117
Trd, 4319940.693, 119
Trd, 4319940.893, 115
Trd, 4319942.643, 140
Trd, 4319943.993, 136
Trd, 4319945.743, 125
Trd, 4319945.943, 135
Trd, 4319947.443, 140
Trd, 4319947.493, 126
Trd, 4319948.993, 140
Trd, 4319949.243, 140
Trd, 4319950.593, 140
Trd, 4319952.243, 139
Trd, 4319952.293, 138
Trd, 4319952.493, 137
Trd, 4319952.843, 138
Trd, 4319953.743, 140
Trd, 4319953.793, 88
Trd, 4319955.043, 83
Trd, 4319955.493, 89
Trd, 4319955.843, 136
Trd, 4319956.593, 82
Trd, 4319957.393, 62
Trd, 4319957.593, 61
Trd, 4319959.443, 61
Trd, 4319959.493, 100
Trd, 4319960.593, 67
Trd, 4319961.593, 62
Trd, 4319964.093, 140
Trd, 4319964.343, 140
Trd, 4319964.893, 140
Trd, 4319964.943, 140
Trd, 4319965.043, 138
Trd, 4319968.043, 140
Trd, 4319968.393, 140
Trd, 4319969.693, 140
Trd, 4319970.493, 140
Trd, 4319970.543, 140
Trd, 4319971.293, 140
Trd, 4319971.743, 140
Trd, 4319972.243, 140
Trd, 4319972.343, 140
Trd, 4319972.393, 139
Trd, 4319972.993, 138
Trd, 4319973.243, 101
Trd, 4319973.393, 65
Trd, 4319973.893, 78
Trd, 4319974.043, 79
Trd, 4319974.493, 106
Trd, 4319975.493, 140
Trd, 4319977.343, 116
Trd, 4319978.443, 134
Trd, 4319978.643, 117
Trd, 4319979.143, 118
Trd, 4319979.393, 139
Trd, 4319980.443, 139
Trd, 4319980.943, 110
Trd, 4319981.443, 61
Trd, 4319981.543, 64
Trd, 4319983.843, 139
Trd, 4319985.093, 140
Trd, 4319986.493, 140
Trd, 4319986.543, 140
Trd, 4319987.443, 140
Trd, 4319987.593, 136
Trd, 4319987.893, 128
Trd, 4319988.343, 126
Trd, 4319989.793, 139
Trd, 4319990.093, 127
Trd, 4319990.793, 138
Trd, 4319992.143, 140
Trd, 4319992.193, 138
Trd, 4319993.143, 139
Trd, 4319993.443, 82
Trd, 4319995.543, 140
Trd, 4319996.543, 140
Trd, 4319996.893, 140
Trd, 4319997.143, 140
Trd, 4319997.543, 140
Trd, 4319999.293, 140
Trd, 4319999.543, 140
