Trd, 4318174.943, 90
Trd, 4318175.443, 140
Trd, 4318176.543, 89
Trd, 4318176.943, 132
Trd, 4318177.543, 73
Trd, 4318177.693, 139
Trd, 4318178.843, 60
Trd, 4318179.043, 60
Trd, 4318179.243, 61
Trd, 4318179.343, 65
Trd, 4318180.043, 62
Trd, 4318180.493, 102
Trd, 4318181.443, 91
Trd, 4318181.543, 79
Trd, 4318182.193, 61
Trd, 4318182.443, 61
Trd, 4318183.193, 86
Trd, 4318184.393, 63
Trd, 4318185.143, 62
Trd, 4318185.543, 71
Trd, 4318186.493, 138
Trd, 4318187.143, 139
Trd, 4318187.643, 111
Trd, 4318188.193, 140
Trd, 4318188.743, 104
Trd, 4318188.843, 99
Trd, 4318189.493, 78
Trd, 4318189.993, 114
Trd, 4318190.743, 87
Trd, 4318190.993, 63
Trd, 4318191.293, 64
Trd, 4318191.643, 82
Trd, 4318192.743, 126
Trd, 4318193.893, 125
Trd, 4318195.043, 140
Trd, 4318195.143, 111
Trd, 4318195.293, 66
Trd, 4318196.243, 110
Trd, 4318196.393, 95
Trd, 4318196.593, 106
Trd, 4318197.793, 99
Trd, 4318198.643, 69
Trd, 4318199.543, 133
Trd, 4318199.843, 132
Trd, 4318199.943, 140
Trd, 4318200.393, 130
Trd, 4318201.543, 99
Trd, 4318201.843, 88
Trd, 4318203.293, 113
Trd, 4318203.443, 92
Trd, 4318203.593, 72
Trd, 4318204.243, 67
Trd, 4318205.193, 69
Trd, 4318205.993, 62
Trd, 4318206.493, 140
Trd, 4318206.843, 139
Trd, 4318207.093, 135
Trd, 4318207.893, 113
Trd, 4318207.993, 96
Trd, 4318209.143, 104
Trd, 4318209.443, 61
Trd, 4318210.193, 61
Trd, 4318211.193, 61
Trd, 4318212.493, 62
Trd, 4318213.893, 60
Trd, 4318214.093, 60
Trd, 4318214.793, 77
Trd, 4318214.843, 99
Trd, 4318215.593, 140
Trd, 4318216.093, 140
Trd, 4318216.693, 124
Trd, 4318217.293, 140
Trd, 4318217.443, 138
Trd, 4318218.043, 137
Trd, 4318218.893, 62
Trd, 4318220.393, 62
Trd, 4318220.843, 60
Trd, 4318222.093, 62
Trd, 4318222.993, 62
Trd, 4318223.343, 60
Trd, 4318224.293, 60
Trd, 4318224.443, 61
Trd, 4318225.293, 63
Trd, 4318226.593, 60
Trd, 4318226.793, 60
Trd, 4318227.393, 139
Trd, 4318227.593, 95
Trd, 4318229.643, 68
Trd, 4318230.243, 70
Trd, 4318230.743, 68
Trd, 4318231.293, 101
Trd, 4318231.393, 69
Trd, 4318232.143, 120
Trd, 4318232.243, 68
Trd, 4318232.493, 84
Trd, 4318232.793, 62
Trd, 4318233.793, 61
Trd, 4318236.093, 60
Trd, 4318238.093, 60
Trd, 4318239.343, 62
Trd, 4318240.243, 60
Trd, 4318241.243, 65
Trd, 4318241.543, 61
Trd, 4318241.843, 67
Trd, 4318242.143, 63
Trd, 4318242.293, 63
Trd, 4318242.643, 70
Trd, 4318242.693, 82
Trd, 4318243.143, 61
Trd, 4318244.543, 61
Trd, 4318245.443, 60
Trd, 4318247.343, 74
Trd, 4318247.993, 82
Trd, 4318248.843, 76
Trd, 4318249.143, 76
Trd, 4318249.493, 139
Trd, 4318249.893, 85
Trd, 4318250.843, 87
Trd, 4318250.893, 84
Trd, 4318250.993, 68
Trd, 4318251.793, 90
Trd, 4318252.393, 139
Trd, 4318252.543, 111
Trd, 4318253.943, 139
Trd, 4318254.243, 138
Trd, 4318255.393, 122
Trd, 4318256.043, 129
Trd, 4318256.543, 128
Trd, 4318256.893, 116
Trd, 4318257.243, 114
Trd, 4318258.543, 110
Trd, 4318259.293, 131
Trd, 4318259.643, 106
Trd, 4318260.093, 95
Trd, 4318260.643, 77
Trd, 4318260.843, 66
Trd, 4318261.593, 66
Trd, 4318262.093, 118
Trd, 4318262.743, 60
Trd, 4318263.393, 60
Trd, 4318264.643, 60
Trd, 4318265.693, 60
Trd, 4318266.043, 66
Trd, 4318266.243, 63
Trd, 4318266.543, 65
Trd, 4318267.243, 62
Trd, 4318267.293, 72
Trd, 4318267.743, 79
Trd, 4318269.593, 60
Trd, 4318270.193, 60
Trd, 4318270.793, 71
Trd, 4318270.943, 97
Trd, 4318271.743, 60
Trd, 4318272.043, 61
Trd, 4318272.543, 62
Trd, 4318273.393, 107
Trd, 4318274.493, 89
Trd, 4318274.993, 70
Trd, 4318275.493, 139
Trd, 4318275.843, 139
Trd, 4318276.143, 122
Trd, 4318276.543, 109
Trd, 4318277.043, 108
Trd, 4318277.693, 72
Trd, 4318278.293, 140
Trd, 4318278.343, 113
Trd, 4318280.143, 140
Trd, 4318280.743, 138
Trd, 4318281.693, 140
Trd, 4318281.993, 140
Trd, 4318283.143, 131
Trd, 4318283.393, 131
Trd, 4318283.793, 138
Trd, 4318284.043, 126
Trd, 4318285.043, 67
Trd, 4318285.643, 60
Trd, 4318285.843, 67
Trd, 4318285.993, 75
Trd, 4318286.243, 63
Trd, 4318286.593, 117
Trd, 4318287.093, 117
Trd, 4318288.293, 60
Trd, 4318289.993, 76
Trd, 4318290.843, 63
Trd, 4318291.293, 99
Trd, 4318291.393, 62
Trd, 4318291.793, 60
Trd, 4318292.193, 65
Trd, 4318293.193, 105
Trd, 4318293.293, 104
Trd, 4318293.343, 96
Trd, 4318293.743, 84
Trd, 4318293.993, 65
Trd, 4318295.393, 60
Trd, 4318295.543, 63
Trd, 4318296.943, 61
Trd, 4318297.693, 72
Trd, 4318298.193, 71
Trd, 4318298.893, 101
Trd, 4318299.743, 107
Trd, 4318301.043, 62
Trd, 4318301.343, 140
Trd, 4318301.493, 92
Trd, 4318301.643, 63
Trd, 4318303.543, 130
Trd, 4318303.643, 127
Trd, 4318304.343, 123
Trd, 4318304.743, 71
Trd, 4318304.943, 89
Trd, 4318306.843, 68
Trd, 4318306.893, 78
Trd, 4318307.793, 60
Trd, 4318308.693, 75
Trd, 4318309.493, 63
Trd, 4318309.993, 65
Trd, 4318310.043, 63
Trd, 4318310.943, 64
Trd, 4318311.493, 66
Trd, 4318312.143, 65
Trd, 4318312.693, 60
Trd, 4318313.643, 65
Trd, 4318314.193, 62
Trd, 4318314.843, 112
Trd, 4318316.193, 116
Trd, 4318316.293, 115
Trd, 4318316.343, 109
Trd, 4318317.343, 99
Trd, 4318317.743, 127
Trd, 4318317.993, 92
Trd, 4318318.443, 80
Trd, 4318320.443, 112
Trd, 4318320.693, 112
Trd, 4318320.743, 111
Trd, 4318321.243, 108
Trd, 4318321.343, 91
Trd, 4318321.693, 61
Trd, 4318322.493, 137
Trd, 4318323.443, 90
Trd, 4318324.493, 129
Trd, 4318324.593, 114
Trd, 4318325.043, 94
Trd, 4318325.943, 140
Trd, 4318326.893, 87
Trd, 4318326.943, 73
Trd, 4318327.843, 140
Trd, 4318327.893, 140
Trd, 4318328.943, 114
Trd, 4318329.943, 120
Trd, 4318330.543, 60
Trd, 4318331.393, 97
Trd, 4318332.293, 118
Trd, 4318332.893, 65
Trd, 4318333.393, 65
Trd, 4318333.493, 64
Trd, 4318334.143, 83
Trd, 4318334.393, 69
Trd, 4318335.293, 89
Trd, 4318335.643, 91
Trd, 4318337.043, 129
Trd, 4318337.443, 140
Trd, 4318337.793, 109
Trd, 4318338.693, 139
Trd, 4318339.643, 139
Trd, 4318339.843, 129
Trd, 4318340.493, 133
Trd, 4318340.843, 96
Trd, 4318341.343, 88
Trd, 4318342.343, 140
Trd, 4318342.393, 136
Trd, 4318343.143, 86
Trd, 4318343.493, 84
Trd, 4318344.593, 140
Trd, 4318345.043, 114
Trd, 4318345.493, 96
Trd, 4318345.793, 93
Trd, 4318345.943, 116
Trd, 4318346.143, 91
Trd, 4318349.143, 60
Trd, 4318349.243, 79
Trd, 4318350.143, 62
Trd, 4318350.443, 122
Trd, 4318351.493, 61
Trd, 4318352.193, 66
Trd, 4318353.693, 79
Trd, 4318353.743, 115
Trd, 4318353.943, 78
Trd, 4318353.993, 90
Trd, 4318354.793, 68
Trd, 4318355.293, 63
Trd, 4318355.793, 60
Trd, 4318357.193, 63
Trd, 4318357.393, 61
Trd, 4318358.243, 63
Trd, 4318358.843, 71
Trd, 4318360.293, 61
Trd, 4318360.393, 88
Trd, 4318360.643, 61
Trd, 4318361.593, 73
Trd, 4318362.643, 74
Trd, 4318362.693, 88
Trd, 4318363.343, 123
Trd, 4318363.493, 106
Trd, 4318363.643, 77
Trd, 4318364.243, 75
Trd, 4318365.243, 67
Trd, 4318365.893, 64
Trd, 4318366.093, 66
Trd, 4318366.943, 68
Trd, 4318367.993, 115
Trd, 4318368.893, 105
Trd, 4318368.993, 99
Trd, 4318370.143, 98
Trd, 4318370.743, 109
Trd, 4318370.793, 86
Trd, 4318372.393, 140
Trd, 4318372.743, 140
Trd, 4318373.493, 140
Trd, 4318373.593, 137
Trd, 4318374.543, 139
Trd, 4318374.693, 137
Trd, 4318375.443, 121
Trd, 4318375.743, 73
Trd, 4318376.393, 135
Trd, 4318377.143, 68
Trd, 4318378.843, 140
Trd, 4318379.043, 140
Trd, 4318379.093, 140
Trd, 4318379.143, 116
Trd, 4318379.343, 113
Trd, 4318380.093, 121
Trd, 4318381.043, 127
Trd, 4318382.093, 62
Trd, 4318382.393, 66
Trd, 4318382.893, 112
Trd, 4318383.843, 95
Trd, 4318383.993, 70
Trd, 4318384.293, 60
Trd, 4318384.543, 61
Trd, 4318385.043, 71
Trd, 4318385.493, 140
Trd, 4318386.043, 60
Trd, 4318386.893, 64
Trd, 4318388.343, 64
Trd, 4318388.593, 78
Trd, 4318390.493, 126
Trd, 4318390.543, 125
Trd, 4318391.543, 79
Trd, 4318391.743, 78
Trd, 4318392.343, 139
Trd, 4318392.443, 87
Trd, 4318393.493, 138
Trd, 4318394.543, 118
Trd, 4318394.893, 116
Trd, 4318395.143, 112
Trd, 4318395.643, 98
Trd, 4318396.643, 80
Trd, 4318396.743, 78
Trd, 4318397.943, 111
Trd, 4318398.643, 88
Trd, 4318398.743, 87
Trd, 4318398.943, 84
Trd, 4318399.793, 137
Trd, 4318399.893, 137
Trd, 4318400.743, 68
Trd, 4318400.893, 65
Trd, 4318401.693, 125
Trd, 4318402.093, 120
Trd, 4318402.743, 120
Trd, 4318403.793, 139
Trd, 4318403.993, 121
Trd, 4318404.843, 140
Trd, 4318405.743, 100
Trd, 4318405.793, 73
Trd, 4318406.143, 66
Trd, 4318407.093, 74
Trd, 4318408.793, 64
Trd, 4318409.193, 63
Trd, 4318409.543, 113
Trd, 4318411.293, 138
Trd, 4318411.343, 137
Trd, 4318411.493, 136
Trd, 4318411.943, 139
Trd, 4318412.393, 124
Trd, 4318413.343, 112
Trd, 4318413.693, 88
Trd, 4318414.843, 62
Trd, 4318414.993, 65
Trd, 4318416.893, 60
Trd, 4318417.643, 60
Trd, 4318418.193, 61
Trd, 4318419.393, 60
Trd, 4318420.393, 60
Trd, 4318421.393, 60
Trd, 4318421.493, 61
Trd, 4318421.893, 62
Trd, 4318422.043, 61
Trd, 4318422.093, 65
Trd, 4318422.793, 62
Trd, 4318423.493, 63
Trd, 4318424.793, 60
Trd, 4318424.893, 60
Trd, 4318426.993, 61
Trd, 4318427.343, 65
Trd, 4318427.743, 63
Trd, 4318428.643, 66
Trd, 4318429.393, 62
Trd, 4318430.193, 62
Trd, 4318430.243, 66
Trd, 4318430.793, 61
Trd, 4318431.693, 62
Trd, 4318432.743, 64
Trd, 4318433.343, 65
Trd, 4318433.393, 69
Trd, 4318434.743, 60
Trd, 4318436.193, 63
Trd, 4318436.493, 60
Trd, 4318437.443, 65
Trd, 4318437.893, 91
Trd, 4318439.193, 105
Trd, 4318439.893, 94
Trd, 4318440.043, 123
Trd, 4318440.243, 90
Trd, 4318440.443, 72
Trd, 4318441.343, 62
Trd, 4318441.443, 61
Trd, 4318442.943, 62
Trd, 4318443.793, 60
Trd, 4318444.143, 63
Trd, 4318444.343, 65
Trd, 4318444.643, 68
Trd, 4318446.093, 66
Trd, 4318447.043, 60
Trd, 4318447.593, 101
Trd, 4318447.943, 82
Trd, 4318449.193, 60
Trd, 4318449.693, 61
Trd, 4318449.993, 61
Trd, 4318450.243, 69
Trd, 4318451.043, 67
Trd, 4318451.543, 75
Trd, 4318452.293, 61
Trd, 4318452.593, 68
Trd, 4318453.843, 61
Trd, 4318454.093, 62
Trd, 4318454.243, 63
Trd, 4318454.743, 61
Trd, 4318455.543, 71
Trd, 4318455.843, 65
Trd, 4318456.993, 62
Trd, 4318457.243, 70
Trd, 4318459.543, 140
Trd, 4318459.643, 140
Trd, 4318459.743, 139
Trd, 4318459.943, 113
Trd, 4318460.493, 98
Trd, 4318461.743, 90
Trd, 4318462.193, 133
Trd, 4318462.493, 119
Trd, 4318462.843, 136
Trd, 4318463.543, 140
Trd, 4318463.843, 139
Trd, 4318464.693, 112
Trd, 4318465.643, 103
Trd, 4318466.593, 138
Trd, 4318467.343, 137
Trd, 4318467.643, 139
Trd, 4318468.093, 118
Trd, 4318468.243, 107
Trd, 4318468.343, 73
Trd, 4318469.793, 61
Trd, 4318470.443, 97
Trd, 4318471.543, 75
Trd, 4318472.043, 86
Trd, 4318472.443, 86
Trd, 4318472.843, 114
Trd, 4318473.043, 113
Trd, 4318473.793, 139
Trd, 4318475.643, 60
Trd, 4318475.693, 63
Trd, 4318476.193, 65
Trd, 4318476.693, 61
Trd, 4318477.093, 70
Trd, 4318477.193, 61
Trd, 4318478.543, 131
Trd, 4318478.693, 97
Trd, 4318479.393, 138
Trd, 4318480.043, 114
Trd, 4318481.443, 139
Trd, 4318481.993, 138
Trd, 4318482.143, 133
Trd, 4318482.343, 117
Trd, 4318482.643, 89
Trd, 4318483.593, 85
Trd, 4318484.243, 124
Trd, 4318485.593, 139
Trd, 4318485.743, 138
Trd, 4318486.043, 134
Trd, 4318486.843, 133
Trd, 4318487.343, 95
Trd, 4318488.643, 139
Trd, 4318488.743, 114
Trd, 4318489.993, 101
Trd, 4318490.043, 99
Trd, 4318490.093, 77
Trd, 4318491.093, 110
Trd, 4318492.143, 71
Trd, 4318492.493, 63
Trd, 4318492.993, 68
Trd, 4318493.993, 60
Trd, 4318494.543, 63
Trd, 4318495.093, 62
Trd, 4318495.593, 88
Trd, 4318496.343, 125
Trd, 4318496.493, 65
Trd, 4318496.843, 61
Trd, 4318497.393, 61
Trd, 4318499.043, 63
Trd, 4318499.193, 66
Trd, 4318500.293, 139
Trd, 4318500.543, 138
Trd, 4318501.643, 126
Trd, 4318501.693, 99
Trd, 4318502.793, 60
Trd, 4318503.643, 64
Trd, 4318503.693, 64
Trd, 4318505.393, 140
Trd, 4318506.093, 140
Trd, 4318506.293, 140
Trd, 4318506.443, 139
Trd, 4318506.993, 136
Trd, 4318507.143, 114
Trd, 4318507.443, 114
Trd, 4318509.343, 60
Trd, 4318509.643, 82
Trd, 4318509.843, 126
Trd, 4318510.843, 61
Trd, 4318510.893, 61
Trd, 4318511.043, 105
Trd, 4318511.293, 64
Trd, 4318512.593, 65
Trd, 4318513.193, 90
Trd, 4318513.293, 138
Trd, 4318514.593, 65
Trd, 4318515.293, 60
Trd, 4318515.543, 130
Trd, 4318515.643, 64
Trd, 4318516.093, 92
Trd, 4318516.943, 61
Trd, 4318517.343, 61
Trd, 4318519.443, 60
Trd, 4318519.543, 61
Trd, 4318519.593, 64
Trd, 4318519.743, 72
Trd, 4318521.143, 60
Trd, 4318522.093, 62
Trd, 4318522.443, 67
Trd, 4318522.793, 88
Trd, 4318523.593, 137
Trd, 4318523.693, 106
Trd, 4318524.093, 69
Trd, 4318524.393, 104
Trd, 4318525.543, 104
Trd, 4318526.943, 127
Trd, 4318526.993, 116
Trd, 4318527.293, 139
Trd, 4318528.643, 117
Trd, 4318530.343, 132
Trd, 4318530.493, 106
Trd, 4318531.093, 134
Trd, 4318531.493, 94
Trd, 4318531.993, 111
Trd, 4318532.443, 140
Trd, 4318533.643, 113
Trd, 4318534.443, 115
Trd, 4318535.243, 89
Trd, 4318535.293, 88
Trd, 4318535.493, 73
Trd, 4318536.443, 132
Trd, 4318536.843, 89
Trd, 4318537.093, 84
Trd, 4318537.443, 93
Trd, 4318537.793, 71
Trd, 4318538.193, 106
Trd, 4318539.143, 128
Trd, 4318539.593, 63
Trd, 4318540.343, 62
Trd, 4318542.143, 62
Trd, 4318542.993, 64
Trd, 4318543.743, 60
Trd, 4318544.543, 64
Trd, 4318545.243, 62
Trd, 4318545.493, 61
Trd, 4318546.793, 61
Trd, 4318547.543, 81
Trd, 4318547.593, 80
Trd, 4318548.043, 62
Trd, 4318548.293, 80
Trd, 4318549.643, 108
Trd, 4318551.243, 65
Trd, 4318551.593, 67
Trd, 4318551.693, 72
Trd, 4318552.593, 61
Trd, 4318552.743, 62
Trd, 4318555.543, 60
Trd, 4318555.643, 61
Trd, 4318555.993, 66
Trd, 4318556.643, 63
Trd, 4318557.443, 61
Trd, 4318557.743, 60
Trd, 4318558.593, 60
Trd, 4318558.843, 60
Trd, 4318559.893, 66
Trd, 4318560.093, 67
Trd, 4318560.193, 70
Trd, 4318562.093, 68
Trd, 4318562.393, 62
Trd, 4318562.793, 60
Trd, 4318563.393, 64
Trd, 4318563.543, 66
Trd, 4318565.393, 131
Trd, 4318565.643, 133
Trd, 4318565.843, 130
Trd, 4318566.043, 99
Trd, 4318566.143, 65
Trd, 4318567.043, 61
Trd, 4318567.493, 70
Trd, 4318568.093, 103
Trd, 4318568.243, 101
Trd, 4318569.443, 117
Trd, 4318569.793, 117
Trd, 4318570.543, 117
Trd, 4318571.193, 139
Trd, 4318571.243, 130
Trd, 4318571.543, 106
Trd, 4318572.843, 85
Trd, 4318573.893, 138
Trd, 4318574.493, 138
Trd, 4318575.193, 135
Trd, 4318575.493, 101
Trd, 4318576.043, 94
Trd, 4318576.493, 90
Trd, 4318577.493, 97
Trd, 4318577.593, 90
Trd, 4318578.693, 129
Trd, 4318578.843, 116
Trd, 4318578.893, 68
Trd, 4318580.393, 67
Trd, 4318581.143, 63
Trd, 4318582.843, 63
Trd, 4318583.093, 65
Trd, 4318583.393, 63
Trd, 4318583.993, 65
Trd, 4318584.143, 74
Trd, 4318584.793, 61
Trd, 4318585.193, 75
Trd, 4318585.643, 66
Trd, 4318586.643, 99
Trd, 4318587.443, 82
Trd, 4318587.693, 80
Trd, 4318588.143, 60
Trd, 4318588.193, 60
Trd, 4318588.993, 139
Trd, 4318589.493, 138
Trd, 4318589.743, 116
Trd, 4318591.693, 140
Trd, 4318591.793, 120
Trd, 4318592.093, 89
Trd, 4318592.693, 110
Trd, 4318594.093, 61
Trd, 4318594.243, 76
Trd, 4318595.143, 140
Trd, 4318595.293, 140
Trd, 4318595.443, 140
Trd, 4318596.393, 79
Trd, 4318596.693, 105
Trd, 4318597.543, 83
Trd, 4318597.893, 76
Trd, 4318599.293, 71
Trd, 4318600.343, 81
Trd, 4318600.543, 89
Trd, 4318600.893, 61
Trd, 4318601.643, 137
Trd, 4318602.593, 61
Trd, 4318602.793, 66
Trd, 4318602.843, 66
Trd, 4318603.693, 61
Trd, 4318603.893, 63
Trd, 4318605.643, 65
Trd, 4318606.043, 138
Trd, 4318606.893, 63
Trd, 4318607.843, 65
Trd, 4318608.093, 69
Trd, 4318608.493, 116
Trd, 4318609.293, 111
Trd, 4318609.493, 110
Trd, 4318609.843, 134
Trd, 4318610.243, 133
Trd, 4318611.793, 140
Trd, 4318612.493, 139
Trd, 4318613.343, 133
Trd, 4318614.143, 121
Trd, 4318614.293, 140
Trd, 4318615.893, 139
Trd, 4318615.943, 139
Trd, 4318616.393, 138
Trd, 4318616.643, 137
Trd, 4318616.743, 130
Trd, 4318617.543, 119
Trd, 4318618.643, 123
Trd, 4318619.143, 119
Trd, 4318619.593, 118
Trd, 4318619.793, 62
Trd, 4318620.643, 64
Trd, 4318621.043, 60
Trd, 4318621.893, 60
Trd, 4318623.293, 65
Trd, 4318624.443, 60
Trd, 4318624.643, 60
Trd, 4318625.493, 60
Trd, 4318625.743, 61
Trd, 4318626.193, 60
Trd, 4318626.443, 63
Trd, 4318627.043, 75
Trd, 4318628.643, 64
Trd, 4318630.093, 63
Trd, 4318630.143, 65
Trd, 4318630.393, 61
Trd, 4318632.093, 60
Trd, 4318632.343, 62
Trd, 4318632.793, 63
Trd, 4318633.043, 64
Trd, 4318633.893, 102
Trd, 4318634.093, 67
Trd, 4318635.093, 62
Trd, 4318636.143, 60
Trd, 4318636.343, 61
Trd, 4318636.543, 62
Trd, 4318636.893, 93
Trd, 4318637.243, 136
Trd, 4318638.393, 60
Trd, 4318638.993, 66
Trd, 4318641.043, 64
Trd, 4318641.393, 97
Trd, 4318641.693, 96
Trd, 4318641.943, 111
Trd, 4318642.043, 68
Trd, 4318643.043, 140
Trd, 4318643.143, 140
Trd, 4318643.193, 134
Trd, 4318643.343, 112
Trd, 4318645.343, 89
Trd, 4318646.343, 62
Trd, 4318646.643, 129
Trd, 4318647.293, 140
Trd, 4318647.743, 127
Trd, 4318648.893, 121
Trd, 4318648.943, 81
Trd, 4318649.843, 60
Trd, 4318650.043, 102
Trd, 4318650.293, 136
Trd, 4318653.193, 61
Trd, 4318653.243, 61
Trd, 4318653.393, 60
Trd, 4318654.143, 64
Trd, 4318654.593, 65
Trd, 4318654.943, 136
Trd, 4318655.043, 118
Trd, 4318656.093, 62
Trd, 4318656.843, 65
Trd, 4318658.043, 97
Trd, 4318658.193, 100
Trd, 4318658.443, 97
Trd, 4318658.493, 95
Trd, 4318659.243, 85
Trd, 4318659.793, 85
Trd, 4318660.243, 85
Trd, 4318661.143, 83
Trd, 4318662.793, 140
Trd, 4318662.893, 140
Trd, 4318662.943, 140
Trd, 4318663.293, 139
Trd, 4318663.643, 128
Trd, 4318664.693, 139
Trd, 4318665.093, 127
Trd, 4318665.243, 114
Trd, 4318665.993, 89
Trd, 4318666.443, 87
Trd, 4318667.093, 124
Trd, 4318667.743, 99
Trd, 4318668.393, 117
Trd, 4318669.293, 89
Trd, 4318669.693, 99
Trd, 4318669.793, 72
Trd, 4318671.643, 135
Trd, 4318672.193, 139
Trd, 4318672.543, 100
Trd, 4318672.693, 99
Trd, 4318672.943, 81
Trd, 4318674.543, 81
Trd, 4318674.643, 80
Trd, 4318675.843, 73
Trd, 4318676.543, 79
Trd, 4318677.093, 93
Trd, 4318677.543, 61
Trd, 4318678.843, 61
Trd, 4318679.043, 62
Trd, 4318679.143, 75
Trd, 4318680.943, 62
Trd, 4318682.143, 61
Trd, 4318682.643, 62
Trd, 4318682.793, 65
Trd, 4318682.993, 121
Trd, 4318683.143, 61
Trd, 4318683.393, 67
Trd, 4318684.293, 69
Trd, 4318685.743, 103
Trd, 4318687.693, 64
Trd, 4318688.293, 63
Trd, 4318688.443, 67
Trd, 4318688.543, 117
Trd, 4318689.543, 60
Trd, 4318690.093, 80
Trd, 4318690.443, 65
Trd, 4318691.893, 61
Trd, 4318693.493, 60
Trd, 4318694.143, 60
Trd, 4318694.593, 60
Trd, 4318694.743, 61
Trd, 4318695.193, 63
Trd, 4318697.193, 60
Trd, 4318698.643, 60
Trd, 4318698.943, 64
Trd, 4318698.993, 67
Trd, 4318699.743, 61
Trd, 4318700.243, 66
Trd, 4318700.993, 62
Trd, 4318701.243, 61
Trd, 4318701.743, 60
Trd, 4318701.843, 66
Trd, 4318702.493, 70
Trd, 4318702.743, 71
Trd, 4318704.993, 60
Trd, 4318705.293, 60
Trd, 4318706.143, 60
Trd, 4318706.393, 63
Trd, 4318707.643, 60
Trd, 4318707.793, 63
Trd, 4318708.293, 60
Trd, 4318708.443, 64
Trd, 4318708.843, 64
Trd, 4318710.443, 129
Trd, 4318710.643, 128
Trd, 4318711.893, 90
Trd, 4318712.393, 89
Trd, 4318713.743, 60
Trd, 4318713.893, 61
Trd, 4318714.393, 92
Trd, 4318714.643, 96
Trd, 4318716.593, 61
Trd, 4318716.693, 80
Trd, 4318717.093, 62
Trd, 4318717.693, 61
Trd, 4318718.893, 65
Trd, 4318719.293, 63
Trd, 4318719.643, 63
Trd, 4318722.093, 60
Trd, 4318723.093, 64
Trd, 4318723.343, 60
Trd, 4318724.143, 60
Trd, 4318724.393, 61
Trd, 4318724.443, 65
Trd, 4318724.543, 67
Trd, 4318725.043, 79
Trd, 4318725.443, 70
Trd, 4318726.693, 92
Trd, 4318727.343, 98
Trd, 4318727.543, 85
Trd, 4318727.693, 63
Trd, 4318728.293, 105
Trd, 4318729.343, 105
Trd, 4318730.043, 104
Trd, 4318730.693, 63
Trd, 4318731.093, 125
Trd, 4318732.143, 140
Trd, 4318733.193, 140
Trd, 4318733.293, 140
Trd, 4318733.643, 139
Trd, 4318734.893, 139
Trd, 4318734.993, 115
Trd, 4318735.743, 113
Trd, 4318736.193, 138
Trd, 4318736.893, 121
Trd, 4318737.193, 97
Trd, 4318738.043, 97
Trd, 4318738.593, 66
Trd, 4318739.693, 62
Trd, 4318739.843, 75
Trd, 4318741.243, 63
Trd, 4318741.493, 67
Trd, 4318743.043, 63
Trd, 4318743.743, 75
Trd, 4318744.293, 65
Trd, 4318745.443, 61
Trd, 4318746.493, 68
Trd, 4318746.893, 62
Trd, 4318746.993, 85
Trd, 4318747.343, 62
Trd, 4318747.443, 81
Trd, 4318747.543, 128
Trd, 4318748.343, 63
Trd, 4318749.193, 82
Trd, 4318750.343, 128
Trd, 4318750.943, 137
Trd, 4318751.793, 120
Trd, 4318752.943, 116
Trd, 4318753.293, 82
Trd, 4318754.093, 94
Trd, 4318754.393, 92
Trd, 4318755.243, 127
Trd, 4318756.193, 130
Trd, 4318756.943, 116
Trd, 4318756.993, 115
Trd, 4318758.093, 124
Trd, 4318758.693, 125
Trd, 4318759.043, 106
Trd, 4318759.243, 105
Trd, 4318759.693, 136
Trd, 4318760.443, 138
Trd, 4318760.693, 117
Trd, 4318762.693, 104
Trd, 4318762.843, 103
Trd, 4318763.093, 62
Trd, 4318763.343, 93
Trd, 4318764.493, 60
Trd, 4318764.643, 65
Trd, 4318764.843, 86
Trd, 4318766.793, 124
Trd, 4318767.343, 123
Trd, 4318767.843, 122
Trd, 4318768.893, 92
Trd, 4318769.593, 98
Trd, 4318769.993, 140
Trd, 4318770.143, 96
Trd, 4318770.793, 67
Trd, 4318771.443, 60
Trd, 4318773.093, 62
Trd, 4318773.143, 64
Trd, 4318774.443, 62
Trd, 4318774.943, 66
Trd, 4318775.693, 62
Trd, 4318776.593, 67
Trd, 4318776.693, 67
Trd, 4318777.493, 120
Trd, 4318777.593, 114
Trd, 4318777.843, 113
Trd, 4318779.143, 71
Trd, 4318779.443, 65
Trd, 4318779.593, 67
Trd, 4318779.693, 89
Trd, 4318780.343, 75
Trd, 4318781.193, 95
Trd, 4318781.893, 103
Trd, 4318783.193, 101
Trd, 4318783.343, 96
Trd, 4318783.393, 93
Trd, 4318784.343, 132
Trd, 4318784.443, 114
Trd, 4318785.793, 140
Trd, 4318786.343, 123
Trd, 4318787.943, 125
Trd, 4318788.543, 140
Trd, 4318788.643, 140
Trd, 4318789.343, 84
Trd, 4318789.743, 99
Trd, 4318790.843, 86
Trd, 4318791.093, 69
Trd, 4318791.693, 60
Trd, 4318792.493, 133
Trd, 4318792.843, 133
Trd, 4318792.943, 121
Trd, 4318794.093, 94
Trd, 4318794.643, 90
Trd, 4318796.193, 61
Trd, 4318796.993, 63
Trd, 4318797.343, 64
Trd, 4318797.393, 71
Trd, 4318797.443, 78
Trd, 4318798.043, 65
Trd, 4318798.543, 70
Trd, 4318799.893, 75
Trd, 4318799.943, 68
Trd, 4318800.593, 61
Trd, 4318800.893, 78
Trd, 4318802.643, 60
Trd, 4318802.693, 64
Trd, 4318803.493, 60
Trd, 4318804.143, 63
Trd, 4318804.643, 61
Trd, 4318805.643, 99
Trd, 4318806.243, 64
Trd, 4318807.143, 139
Trd, 4318807.843, 116
Trd, 4318808.143, 106
Trd, 4318808.593, 138
Trd, 4318808.743, 137
Trd, 4318810.293, 60
Trd, 4318810.443, 60
Trd, 4318810.993, 69
Trd, 4318811.093, 81
Trd, 4318811.943, 65
Trd, 4318812.243, 63
Trd, 4318813.343, 64
Trd, 4318813.393, 67
Trd, 4318815.193, 61
Trd, 4318815.843, 61
Trd, 4318816.243, 60
Trd, 4318816.493, 62
Trd, 4318817.093, 64
Trd, 4318817.193, 70
Trd, 4318817.593, 124
Trd, 4318818.543, 136
Trd, 4318818.793, 135
Trd, 4318819.543, 88
Trd, 4318819.893, 87
Trd, 4318820.243, 81
Trd, 4318820.643, 76
Trd, 4318820.943, 82
Trd, 4318821.443, 139
Trd, 4318822.643, 63
Trd, 4318823.443, 65
Trd, 4318824.493, 66
Trd, 4318824.943, 66
Trd, 4318827.193, 60
Trd, 4318828.393, 61
Trd, 4318829.143, 62
Trd, 4318829.343, 60
Trd, 4318829.993, 82
Trd, 4318830.193, 109
Trd, 4318831.643, 134
Trd, 4318831.893, 133
Trd, 4318831.943, 132
Trd, 4318832.443, 130
Trd, 4318832.743, 129
Trd, 4318832.943, 115
Trd, 4318833.893, 97
Trd, 4318834.193, 88
Trd, 4318834.743, 60
Trd, 4318835.943, 135
Trd, 4318836.493, 134
Trd, 4318836.643, 112
Trd, 4318837.293, 62
Trd, 4318837.893, 60
Trd, 4318838.843, 139
Trd, 4318839.143, 140
Trd, 4318839.243, 138
Trd, 4318841.243, 61
Trd, 4318841.443, 66
Trd, 4318842.843, 64
Trd, 4318843.443, 61
Trd, 4318843.643, 62
Trd, 4318846.293, 60
Trd, 4318846.393, 62
Trd, 4318846.443, 63
Trd, 4318846.993, 61
Trd, 4318847.243, 62
Trd, 4318847.693, 64
Trd, 4318848.343, 62
Trd, 4318848.843, 65
Trd, 4318849.993, 85
Trd, 4318850.843, 65
Trd, 4318851.743, 134
Trd, 4318851.843, 75
Trd, 4318852.643, 114
Trd, 4318853.943, 60
Trd, 4318855.043, 60
Trd, 4318856.943, 60
Trd, 4318857.443, 63
Trd, 4318857.493, 64
Trd, 4318857.643, 61
Trd, 4318860.443, 61
Trd, 4318860.493, 61
Trd, 4318860.593, 60
Trd, 4318861.043, 63
Trd, 4318861.093, 70
Trd, 4318861.443, 61
Trd, 4318861.493, 78
Trd, 4318862.243, 60
Trd, 4318863.943, 60
Trd, 4318864.293, 62
Trd, 4318864.993, 64
Trd, 4318865.993, 63
Trd, 4318867.093, 67
Trd, 4318867.293, 63
Trd, 4318867.643, 71
Trd, 4318867.893, 61
Trd, 4318868.243, 61
Trd, 4318868.393, 75
Trd, 4318869.093, 139
Trd, 4318869.443, 101
Trd, 4318870.143, 128
Trd, 4318870.943, 121
Trd, 4318871.543, 139
Trd, 4318872.093, 104
Trd, 4318872.443, 100
Trd, 4318873.093, 122
Trd, 4318873.393, 121
Trd, 4318874.243, 139
Trd, 4318875.993, 60
Trd, 4318877.493, 61
Trd, 4318877.843, 62
Trd, 4318878.393, 62
Trd, 4318878.443, 61
Trd, 4318878.743, 60
Trd, 4318878.943, 73
Trd, 4318879.443, 140
Trd, 4318879.543, 139
Trd, 4318880.243, 62
Trd, 4318880.393, 76
Trd, 4318881.743, 75
Trd, 4318882.143, 90
Trd, 4318882.593, 94
Trd, 4318882.843, 113
Trd, 4318883.093, 89
Trd, 4318884.443, 60
Trd, 4318885.393, 81
Trd, 4318885.793, 63
Trd, 4318887.043, 113
Trd, 4318887.443, 113
Trd, 4318887.543, 106
Trd, 4318888.343, 140
Trd, 4318889.043, 68
Trd, 4318889.293, 64
Trd, 4318889.443, 140
Trd, 4318891.993, 61
Trd, 4318892.143, 62
Trd, 4318892.293, 72
Trd, 4318892.493, 88
Trd, 4318893.193, 91
Trd, 4318893.893, 81
Trd, 4318894.293, 77
Trd, 4318894.943, 91
Trd, 4318895.593, 102
Trd, 4318896.343, 90
Trd, 4318896.743, 90
Trd, 4318897.093, 90
Trd, 4318897.293, 129
Trd, 4318899.943, 140
Trd, 4318900.493, 140
Trd, 4318900.993, 140
Trd, 4318901.293, 140
Trd, 4318903.093, 123
Trd, 4318903.743, 120
Trd, 4318904.143, 119
Trd, 4318904.443, 93
Trd, 4318904.643, 85
Trd, 4318905.193, 82
Trd, 4318905.843, 74
Trd, 4318906.793, 126
Trd, 4318907.293, 124
Trd, 4318908.443, 114
Trd, 4318909.693, 137
Trd, 4318909.743, 133
Trd, 4318910.493, 121
Trd, 4318910.943, 84
Trd, 4318911.243, 62
Trd, 4318911.993, 74
Trd, 4318912.293, 71
Trd, 4318912.393, 70
Trd, 4318913.093, 79
Trd, 4318913.793, 76
Trd, 4318914.193, 68
Trd, 4318916.193, 63
Trd, 4318916.293, 64
Trd, 4318916.993, 61
Trd, 4318917.693, 62
Trd, 4318918.393, 60
Trd, 4318918.693, 69
Trd, 4318919.193, 84
Trd, 4318920.943, 96
Trd, 4318921.093, 95
Trd, 4318923.493, 61
Trd, 4318923.993, 71
Trd, 4318924.143, 64
Trd, 4318924.543, 140
Trd, 4318924.843, 130
Trd, 4318925.893, 60
Trd, 4318926.843, 61
Trd, 4318927.393, 60
Trd, 4318927.793, 61
Trd, 4318929.193, 61
Trd, 4318929.593, 60
Trd, 4318930.143, 61
Trd, 4318930.193, 62
Trd, 4318931.343, 75
Trd, 4318931.843, 65
Trd, 4318932.843, 118
Trd, 4318932.893, 116
Trd, 4318933.693, 93
Trd, 4318933.943, 84
Trd, 4318934.543, 93
Trd, 4318934.893, 68
Trd, 4318935.343, 60
Trd, 4318936.843, 139
Trd, 4318937.043, 121
Trd, 4318937.443, 78
Trd, 4318937.893, 111
Trd, 4318938.243, 139
Trd, 4318939.443, 69
Trd, 4318940.243, 109
Trd, 4318941.293, 112
Trd, 4318941.393, 111
Trd, 4318941.593, 107
Trd, 4318942.543, 134
Trd, 4318942.643, 140
Trd, 4318943.343, 130
Trd, 4318944.393, 139
Trd, 4318945.243, 140
Trd, 4318945.493, 136
Trd, 4318946.643, 137
Trd, 4318946.843, 114
Trd, 4318947.393, 112
Trd, 4318947.993, 111
Trd, 4318948.643, 139
Trd, 4318948.993, 91
Trd, 4318949.643, 134
Trd, 4318950.793, 96
Trd, 4318950.843, 96
Trd, 4318951.493, 72
Trd, 4318952.593, 60
Trd, 4318953.843, 60
Trd, 4318953.893, 60
Trd, 4318954.093, 65
Trd, 4318954.843, 67
Trd, 4318955.643, 60
Trd, 4318956.293, 85
Trd, 4318957.043, 66
Trd, 4318957.543, 60
Trd, 4318958.043, 114
Trd, 4318958.393, 89
Trd, 4318960.593, 82
Trd, 4318962.543, 61
Trd, 4318963.293, 60
Trd, 4318963.993, 63
Trd, 4318964.943, 61
Trd, 4318965.493, 63
Trd, 4318965.643, 60
Trd, 4318965.993, 63
Trd, 4318966.093, 61
Trd, 4318966.543, 85
Trd, 4318966.943, 64
Trd, 4318967.493, 65
Trd, 4318967.743, 64
Trd, 4318968.143, 133
Trd, 4318969.093, 137
Trd, 4318969.793, 122
Trd, 4318970.593, 66
Trd, 4318970.643, 65
Trd, 4318971.443, 76
Trd, 4318972.593, 65
Trd, 4318973.093, 63
Trd, 4318975.293, 60
Trd, 4318975.343, 61
Trd, 4318975.593, 126
Trd, 4318976.543, 63
Trd, 4318976.793, 60
Trd, 4318977.743, 61
Trd, 4318978.893, 66
Trd, 4318979.493, 60
Trd, 4318980.093, 63
Trd, 4318981.843, 63
Trd, 4318982.043, 62
Trd, 4318982.543, 60
Trd, 4318982.693, 65
Trd, 4318983.143, 68
Trd, 4318984.093, 68
Trd, 4318984.543, 107
Trd, 4318985.293, 65
Trd, 4318985.793, 60
Trd, 4318986.543, 62
Trd, 4318988.093, 61
Trd, 4318989.693, 60
Trd, 4318989.743, 61
Trd, 4318991.143, 62
Trd, 4318991.293, 62
Trd, 4318992.743, 64
Trd, 4318992.843, 76
Trd, 4318993.243, 64
Trd, 4318993.393, 62
Trd, 4318993.543, 60
Trd, 4318994.693, 109
Trd, 4318996.043, 109
Trd, 4318996.443, 109
Trd, 4318996.643, 108
Trd, 4318997.293, 101
Trd, 4318997.493, 126
Trd, 4318997.743, 86
Trd, 4318998.943, 86
Trd, 4318999.543, 86
Trd, 4319000.943, 140
Trd, 4319000.993, 108
Trd, 4319001.093, 102
Trd, 4319001.493, 107
Trd, 4319002.493, 136
Trd, 4319003.443, 111
Trd, 4319003.593, 107
Trd, 4319004.093, 101
Trd, 4319005.143, 112
Trd, 4319005.543, 110
Trd, 4319005.793, 108
Trd, 4319006.393, 140
Trd, 4319006.593, 112
Trd, 4319007.693, 60
Trd, 4319008.243, 62
Trd, 4319009.243, 65
Trd, 4319009.343, 66
Trd, 4319010.193, 103
Trd, 4319011.493, 60
Trd, 4319012.443, 61
Trd, 4319013.093, 99
Trd, 4319014.843, 140
Trd, 4319014.943, 140
Trd, 4319015.743, 139
Trd, 4319015.893, 95
Trd, 4319015.993, 94
Trd, 4319016.393, 138
Trd, 4319017.343, 140
Trd, 4319017.893, 138
Trd, 4319017.943, 137
Trd, 4319019.043, 62
Trd, 4319020.543, 140
Trd, 4319021.043, 139
Trd, 4319021.343, 138
Trd, 4319021.443, 127
Trd, 4319022.743, 131
Trd, 4319023.393, 140
Trd, 4319023.443, 139
Trd, 4319023.743, 140
Trd, 4319024.393, 126
Trd, 4319025.343, 72
Trd, 4319026.293, 64
Trd, 4319027.243, 68
Trd, 4319027.343, 62
Trd, 4319028.893, 64
Trd, 4319029.193, 65
Trd, 4319029.343, 67
Trd, 4319029.643, 64
Trd, 4319031.593, 62
Trd, 4319031.693, 64
Trd, 4319032.093, 64
Trd, 4319032.893, 63
Trd, 4319033.243, 62
Trd, 4319033.693, 139
Trd, 4319034.443, 68
Trd, 4319034.743, 68
Trd, 4319034.893, 67
Trd, 4319035.293, 61
Trd, 4319035.593, 74
Trd, 4319037.793, 140
Trd, 4319037.993, 140
Trd, 4319038.593, 140
Trd, 4319039.193, 108
Trd, 4319039.593, 62
Trd, 4319040.043, 139
Trd, 4319040.493, 138
Trd, 4319040.793, 115
Trd, 4319041.343, 100
Trd, 4319042.743, 139
Trd, 4319044.143, 140
Trd, 4319044.843, 140
Trd, 4319045.243, 140
Trd, 4319045.443, 110
Trd, 4319046.543, 138
Trd, 4319047.393, 110
Trd, 4319047.993, 130
Trd, 4319048.143, 105
Trd, 4319048.293, 104
Trd, 4319048.943, 129
Trd, 4319049.393, 137
Trd, 4319049.743, 87
Trd, 4319050.843, 88
Trd, 4319052.443, 92
Trd, 4319052.693, 88
Trd, 4319052.843, 81
Trd, 4319054.643, 61
Trd, 4319055.293, 68
Trd, 4319055.443, 112
Trd, 4319056.293, 108
Trd, 4319056.343, 107
Trd, 4319057.143, 61
Trd, 4319057.293, 70
Trd, 4319057.493, 84
Trd, 4319057.993, 139
Trd, 4319059.193, 131
Trd, 4319059.443, 116
Trd, 4319061.193, 60
Trd, 4319062.193, 61
Trd, 4319062.443, 61
Trd, 4319062.493, 62
Trd, 4319065.043, 62
Trd, 4319065.093, 63
Trd, 4319065.843, 70
Trd, 4319066.993, 60
Trd, 4319067.243, 64
Trd, 4319067.443, 65
Trd, 4319068.943, 60
Trd, 4319069.543, 67
Trd, 4319070.943, 63
Trd, 4319071.093, 62
Trd, 4319071.893, 63
Trd, 4319072.293, 131
Trd, 4319072.743, 72
Trd, 4319073.043, 89
Trd, 4319073.093, 74
Trd, 4319073.393, 77
Trd, 4319074.043, 103
Trd, 4319074.193, 82
Trd, 4319075.193, 140
Trd, 4319075.693, 66
Trd, 4319076.493, 67
Trd, 4319078.793, 62
Trd, 4319079.693, 64
Trd, 4319080.093, 63
Trd, 4319080.693, 82
Trd, 4319081.393, 138
Trd, 4319082.093, 112
Trd, 4319082.143, 87
Trd, 4319082.793, 122
Trd, 4319083.393, 96
Trd, 4319083.493, 131
Trd, 4319084.093, 140
Trd, 4319084.643, 120
Trd, 4319086.693, 60
Trd, 4319086.993, 63
Trd, 4319088.443, 70
Trd, 4319089.993, 69
Trd, 4319090.143, 68
Trd, 4319090.193, 87
Trd, 4319090.593, 100
Trd, 4319090.793, 119
Trd, 4319090.993, 117
Trd, 4319091.993, 69
Trd, 4319092.143, 68
Trd, 4319092.843, 61
Trd, 4319093.193, 65
Trd, 4319093.293, 92
Trd, 4319094.193, 66
Trd, 4319094.643, 60
Trd, 4319096.443, 63
Trd, 4319097.793, 73
Trd, 4319097.943, 74
Trd, 4319098.043, 99
Trd, 4319098.943, 60
Trd, 4319099.543, 61
Trd, 4319100.093, 60
Trd, 4319100.193, 64
Trd, 4319100.443, 63
Trd, 4319102.243, 61
Trd, 4319102.543, 60
Trd, 4319102.593, 68
Trd, 4319103.543, 70
Trd, 4319104.993, 61
Trd, 4319105.243, 60
Trd, 4319105.543, 62
Trd, 4319106.793, 62
Trd, 4319108.093, 63
Trd, 4319109.943, 60
Trd, 4319110.093, 62
Trd, 4319110.443, 69
Trd, 4319110.543, 60
Trd, 4319110.743, 63
Trd, 4319110.793, 128
Trd, 4319111.643, 86
Trd, 4319112.693, 85
Trd, 4319112.943, 82
Trd, 4319113.443, 134
Trd, 4319113.993, 130
Trd, 4319114.643, 134
Trd, 4319114.693, 133
Trd, 4319114.843, 75
Trd, 4319116.293, 60
Trd, 4319116.893, 79
Trd, 4319117.043, 72
Trd, 4319117.093, 89
Trd, 4319120.043, 60
Trd, 4319121.293, 60
Trd, 4319122.093, 62
Trd, 4319122.743, 66
Trd, 4319123.093, 69
Trd, 4319123.343, 73
Trd, 4319123.443, 65
Trd, 4319123.593, 64
Trd, 4319125.893, 60
Trd, 4319126.043, 63
Trd, 4319126.343, 61
Trd, 4319127.343, 65
Trd, 4319127.843, 62
Trd, 4319128.043, 61
Trd, 4319128.343, 71
Trd, 4319129.393, 61
Trd, 4319130.543, 61
Trd, 4319130.743, 62
Trd, 4319131.193, 66
Trd, 4319131.943, 60
Trd, 4319131.993, 66
Trd, 4319132.543, 60
Trd, 4319132.643, 73
Trd, 4319134.043, 139
Trd, 4319135.143, 101
Trd, 4319135.443, 126
Trd, 4319135.493, 99
Trd, 4319135.693, 119
Trd, 4319137.143, 136
Trd, 4319137.643, 134
Trd, 4319137.843, 117
Trd, 4319137.893, 116
Trd, 4319139.093, 136
Trd, 4319139.993, 140
Trd, 4319140.943, 114
Trd, 4319141.593, 94
Trd, 4319141.843, 92
Trd, 4319143.393, 140
Trd, 4319143.443, 139
Trd, 4319143.643, 137
Trd, 4319144.593, 140
Trd, 4319144.743, 139
Trd, 4319145.493, 60
Trd, 4319145.993, 64
Trd, 4319147.493, 62
Trd, 4319147.943, 65
Trd, 4319148.243, 63
Trd, 4319149.493, 60
Trd, 4319150.493, 60
Trd, 4319150.943, 63
Trd, 4319152.243, 62
Trd, 4319152.393, 61
Trd, 4319152.793, 61
Trd, 4319152.993, 60
Trd, 4319153.743, 60
Trd, 4319154.993, 60
Trd, 4319155.943, 66
Trd, 4319156.543, 63
Trd, 4319157.443, 71
Trd, 4319158.293, 71
Trd, 4319158.643, 92
Trd, 4319158.893, 66
Trd, 4319159.393, 136
Trd, 4319159.443, 69
Trd, 4319161.193, 62
Trd, 4319162.293, 63
Trd, 4319164.093, 71
Trd, 4319164.393, 60
Trd, 4319165.443, 60
Trd, 4319165.643, 60
Trd, 4319166.293, 62
Trd, 4319166.393, 60
Trd, 4319166.693, 69
Trd, 4319167.743, 69
Trd, 4319168.443, 84
Trd, 4319168.693, 69
Trd, 4319169.193, 100
Trd, 4319169.343, 64
Trd, 4319170.793, 94
Trd, 4319172.193, 91
Trd, 4319172.293, 106
Trd, 4319172.593, 68
Trd, 4319174.543, 60
Trd, 4319174.793, 60
Trd, 4319176.993, 60
Trd, 4319177.293, 60
Trd, 4319177.643, 60
Trd, 4319178.043, 60
Trd, 4319180.143, 60
Trd, 4319180.493, 61
Trd, 4319181.093, 94
Trd, 4319182.093, 73
Trd, 4319182.343, 109
Trd, 4319182.643, 85
Trd, 4319182.943, 119
Trd, 4319183.693, 87
Trd, 4319184.443, 94
Trd, 4319185.143, 72
Trd, 4319185.543, 96
Trd, 4319185.743, 118
Trd, 4319186.593, 70
Trd, 4319187.793, 61
Trd, 4319188.793, 61
Trd, 4319189.893, 63
Trd, 4319190.193, 68
Trd, 4319190.943, 60
Trd, 4319191.043, 61
Trd, 4319191.243, 71
Trd, 4319191.693, 61
Trd, 4319192.643, 64
Trd, 4319192.793, 60
Trd, 4319193.943, 62
Trd, 4319194.443, 94
Trd, 4319195.943, 60
Trd, 4319196.043, 61
Trd, 4319196.293, 65
Trd, 4319196.643, 63
Trd, 4319199.093, 61
Trd, 4319199.793, 60
Trd, 4319200.743, 61
Trd, 4319201.193, 60
Trd, 4319202.793, 61
Trd, 4319203.793, 61
Trd, 4319203.993, 67
Trd, 4319204.143, 107
Trd, 4319204.793, 61
Trd, 4319205.693, 61
Trd, 4319207.143, 60
Trd, 4319207.943, 63
Trd, 4319208.843, 62
Trd, 4319209.393, 67
Trd, 4319209.443, 66
Trd, 4319210.543, 62
Trd, 4319211.793, 65
Trd, 4319213.593, 63
Trd, 4319213.943, 67
Trd, 4319213.993, 67
Trd, 4319214.393, 70
Trd, 4319215.493, 140
Trd, 4319215.693, 140
Trd, 4319216.043, 140
Trd, 4319216.243, 138
Trd, 4319216.643, 120
Trd, 4319216.743, 67
Trd, 4319218.543, 60
Trd, 4319218.593, 66
Trd, 4319218.693, 64
Trd, 4319220.143, 123
Trd, 4319220.793, 89
Trd, 4319221.193, 104
Trd, 4319221.893, 92
Trd, 4319222.593, 91
Trd, 4319223.443, 93
Trd, 4319223.993, 68
Trd, 4319224.393, 83
Trd, 4319225.643, 61
Trd, 4319226.643, 64
Trd, 4319227.793, 60
Trd, 4319228.243, 60
Trd, 4319228.343, 61
Trd, 4319228.743, 67
Trd, 4319229.893, 60
Trd, 4319230.993, 60
Trd, 4319231.743, 64
Trd, 4319232.143, 60
Trd, 4319233.293, 61
Trd, 4319234.443, 60
Trd, 4319235.393, 60
Trd, 4319235.493, 61
Trd, 4319235.593, 61
Trd, 4319235.893, 63
Trd, 4319236.843, 61
Trd, 4319237.843, 69
Trd, 4319238.743, 60
Trd, 4319238.943, 60
Trd, 4319239.193, 64
Trd, 4319240.643, 60
Trd, 4319240.843, 63
Trd, 4319241.643, 65
Trd, 4319243.393, 61
Trd, 4319244.043, 60
Trd, 4319244.143, 61
Trd, 4319244.493, 64
Trd, 4319245.543, 61
Trd, 4319246.243, 63
Trd, 4319246.643, 63
Trd, 4319247.943, 60
Trd, 4319248.143, 60
Trd, 4319248.243, 65
Trd, 4319248.993, 63
Trd, 4319249.243, 104
Trd, 4319249.493, 97
Trd, 4319250.593, 65
Trd, 4319250.993, 63
Trd, 4319252.193, 60
Trd, 4319252.643, 60
Trd, 4319253.093, 62
Trd, 4319253.143, 130
Trd, 4319254.643, 61
Trd, 4319255.543, 61
Trd, 4319256.293, 60
Trd, 4319257.543, 60
Trd, 4319258.643, 61
Trd, 4319258.943, 60
Trd, 4319259.093, 61
Trd, 4319259.593, 61
Trd, 4319260.043, 60
Trd, 4319260.793, 63
Trd, 4319262.443, 66
Trd, 4319262.643, 67
Trd, 4319263.143, 63
Trd, 4319263.293, 87
Trd, 4319264.193, 64
Trd, 4319266.893, 61
Trd, 4319267.193, 62
Trd, 4319268.593, 61
Trd, 4319269.143, 61
Trd, 4319269.243, 63
Trd, 4319269.443, 65
Trd, 4319270.243, 71
Trd, 4319271.093, 62
Trd, 4319271.243, 64
Trd, 4319272.393, 98
Trd, 4319272.943, 102
Trd, 4319273.843, 121
Trd, 4319274.443, 61
Trd, 4319274.743, 61
Trd, 4319276.543, 62
Trd, 4319276.643, 61
Trd, 4319276.893, 72
Trd, 4319277.793, 100
Trd, 4319278.243, 120
Trd, 4319278.943, 86
Trd, 4319279.543, 65
Trd, 4319279.593, 63
Trd, 4319280.043, 123
Trd, 4319280.493, 60
Trd, 4319281.843, 62
Trd, 4319282.243, 60
Trd, 4319283.293, 61
Trd, 4319283.493, 61
Trd, 4319285.293, 61
Trd, 4319285.693, 60
Trd, 4319286.043, 61
Trd, 4319286.443, 60
Trd, 4319287.543, 72
Trd, 4319287.793, 72
Trd, 4319287.943, 70
Trd, 4319288.443, 74
Trd, 4319289.243, 84
Trd, 4319290.393, 134
Trd, 4319290.493, 133
Trd, 4319290.993, 97
Trd, 4319291.393, 114
Trd, 4319292.293, 103
Trd, 4319292.893, 138
Trd, 4319293.443, 136
Trd, 4319293.493, 122
Trd, 4319293.793, 90
Trd, 4319296.093, 140
Trd, 4319296.243, 140
Trd, 4319296.443, 135
Trd, 4319296.643, 114
Trd, 4319296.843, 108
Trd, 4319297.943, 61
Trd, 4319298.593, 60
Trd, 4319298.693, 106
Trd, 4319298.893, 120
Trd, 4319300.193, 62
Trd, 4319301.843, 106
Trd, 4319302.043, 137
Trd, 4319302.343, 107
Trd, 4319302.493, 105
Trd, 4319302.843, 98
Trd, 4319304.193, 139
Trd, 4319304.843, 60
Trd, 4319305.443, 80
Trd, 4319305.593, 134
Trd, 4319306.043, 82
Trd, 4319306.093, 79
Trd, 4319307.893, 60
Trd, 4319308.243, 64
Trd, 4319308.943, 67
Trd, 4319309.543, 60
Trd, 4319310.593, 63
Trd, 4319310.843, 68
Trd, 4319311.543, 67
Trd, 4319312.693, 73
Trd, 4319313.743, 60
Trd, 4319315.193, 60
Trd, 4319315.393, 60
Trd, 4319316.643, 60
Trd, 4319317.343, 61
Trd, 4319317.843, 62
Trd, 4319317.893, 65
Trd, 4319318.193, 110
Trd, 4319318.693, 64
Trd, 4319318.993, 65
Trd, 4319319.093, 63
Trd, 4319320.693, 65
Trd, 4319321.193, 117
Trd, 4319321.443, 71
Trd, 4319322.193, 132
Trd, 4319323.093, 61
Trd, 4319323.143, 69
Trd, 4319324.093, 62
Trd, 4319326.343, 60
Trd, 4319328.093, 60
Trd, 4319329.093, 61
Trd, 4319329.493, 62
Trd, 4319329.643, 64
Trd, 4319330.143, 65
Trd, 4319330.843, 64
Trd, 4319331.443, 68
Trd, 4319332.443, 70
Trd, 4319332.793, 69
Trd, 4319332.993, 60
Trd, 4319333.793, 60
Trd, 4319333.843, 90
Trd, 4319334.793, 74
Trd, 4319335.443, 89
Trd, 4319335.893, 89
Trd, 4319336.293, 88
Trd, 4319336.793, 131
Trd, 4319337.893, 103
Trd, 4319338.793, 62
Trd, 4319338.993, 80
Trd, 4319339.343, 140
Trd, 4319339.693, 61
Trd, 4319340.143, 127
Trd, 4319340.843, 66
Trd, 4319341.543, 78
Trd, 4319342.093, 80
Trd, 4319342.543, 79
Trd, 4319342.643, 77
Trd, 4319342.943, 138
Trd, 4319343.293, 65
Trd, 4319343.793, 133
Trd, 4319344.993, 126
Trd, 4319345.893, 122
Trd, 4319346.343, 118
Trd, 4319346.443, 115
Trd, 4319346.643, 72
Trd, 4319347.393, 60
Trd, 4319348.293, 65
Trd, 4319348.643, 60
Trd, 4319350.593, 140
Trd, 4319350.893, 140
Trd, 4319350.993, 139
Trd, 4319351.493, 140
Trd, 4319351.743, 135
Trd, 4319351.943, 64
Trd, 4319353.243, 65
Trd, 4319354.493, 140
Trd, 4319354.593, 119
Trd, 4319355.143, 129
Trd, 4319355.643, 77
Trd, 4319355.793, 90
Trd, 4319356.443, 65
Trd, 4319356.693, 74
Trd, 4319357.243, 63
Trd, 4319358.843, 100
Trd, 4319358.943, 79
Trd, 4319359.043, 67
Trd, 4319359.993, 66
Trd, 4319361.293, 60
Trd, 4319362.143, 60
Trd, 4319362.243, 61
Trd, 4319362.643, 80
Trd, 4319362.993, 93
Trd, 4319363.993, 117
Trd, 4319364.643, 128
Trd, 4319365.993, 140
Trd, 4319366.543, 128
Trd, 4319366.693, 120
Trd, 4319366.843, 98
Trd, 4319367.993, 79
Trd, 4319368.143, 73
Trd, 4319369.093, 121
Trd, 4319369.343, 74
Trd, 4319371.193, 128
Trd, 4319371.793, 105
Trd, 4319372.143, 132
Trd, 4319372.193, 130
Trd, 4319372.693, 134
Trd, 4319373.193, 140
Trd, 4319373.543, 102
Trd, 4319373.843, 80
Trd, 4319373.893, 72
Trd, 4319375.493, 140
Trd, 4319375.693, 140
Trd, 4319377.043, 122
Trd, 4319377.293, 98
Trd, 4319377.543, 76
Trd, 4319378.243, 138
Trd, 4319379.343, 127
Trd, 4319379.643, 97
Trd, 4319380.093, 77
Trd, 4319380.893, 65
Trd, 4319381.843, 66
Trd, 4319382.793, 125
Trd, 4319382.993, 126
Trd, 4319383.643, 137
Trd, 4319383.793, 79
Trd, 4319384.943, 81
Trd, 4319386.343, 60
Trd, 4319386.593, 61
Trd, 4319386.693, 61
Trd, 4319388.643, 60
Trd, 4319388.893, 62
Trd, 4319389.143, 94
Trd, 4319389.893, 138
Trd, 4319391.243, 140
Trd, 4319391.893, 132
Trd, 4319392.193, 63
Trd, 4319393.593, 71
Trd, 4319393.843, 131
Trd, 4319394.043, 67
Trd, 4319394.343, 60
Trd, 4319394.793, 132
Trd, 4319395.443, 60
Trd, 4319396.343, 62
Trd, 4319396.843, 88
Trd, 4319396.893, 87
Trd, 4319399.293, 60
Trd, 4319400.293, 60
Trd, 4319400.443, 61
Trd, 4319401.293, 61
Trd, 4319401.343, 63
Trd, 4319402.893, 61
Trd, 4319402.943, 60
Trd, 4319403.343, 61
Trd, 4319403.943, 109
Trd, 4319403.993, 96
Trd, 4319406.493, 62
Trd, 4319407.943, 60
Trd, 4319408.043, 62
Trd, 4319408.493, 64
Trd, 4319408.593, 70
Trd, 4319409.143, 88
Trd, 4319409.343, 62
Trd, 4319409.593, 66
Trd, 4319410.743, 106
Trd, 4319410.943, 104
Trd, 4319411.493, 113
Trd, 4319411.843, 135
Trd, 4319412.543, 96
Trd, 4319413.043, 95
Trd, 4319413.943, 63
Trd, 4319415.093, 60
Trd, 4319415.143, 63
Trd, 4319416.293, 138
Trd, 4319416.543, 136
Trd, 4319417.143, 68
Trd, 4319418.793, 137
Trd, 4319419.143, 135
Trd, 4319419.243, 133
Trd, 4319420.993, 99
Trd, 4319421.493, 78
Trd, 4319421.593, 77
Trd, 4319422.793, 61
Trd, 4319422.993, 70
Trd, 4319423.793, 62
Trd, 4319424.193, 97
Trd, 4319424.893, 138
Trd, 4319424.993, 84
Trd, 4319425.343, 126
Trd, 4319426.143, 140
Trd, 4319426.843, 102
Trd, 4319428.193, 140
Trd, 4319428.343, 123
Trd, 4319428.693, 117
Trd, 4319428.793, 83
Trd, 4319429.393, 61
Trd, 4319430.193, 138
Trd, 4319430.643, 62
Trd, 4319431.993, 61
Trd, 4319433.343, 113
Trd, 4319433.393, 112
Trd, 4319433.543, 111
Trd, 4319433.693, 138
Trd, 4319433.743, 106
Trd, 4319434.893, 127
Trd, 4319436.943, 60
Trd, 4319437.193, 77
Trd, 4319438.293, 61
Trd, 4319438.443, 61
Trd, 4319438.493, 87
Trd, 4319440.243, 62
Trd, 4319440.943, 68
Trd, 4319441.393, 100
Trd, 4319441.543, 70
Trd, 4319441.893, 63
Trd, 4319443.443, 61
Trd, 4319445.493, 61
Trd, 4319445.893, 64
Trd, 4319446.143, 64
Trd, 4319446.393, 81
Trd, 4319447.393, 62
Trd, 4319447.843, 62
Trd, 4319448.243, 63
Trd, 4319448.793, 65
Trd, 4319449.093, 64
Trd, 4319450.393, 73
Trd, 4319450.793, 112
Trd, 4319451.893, 140
Trd, 4319452.193, 101
Trd, 4319452.593, 85
Trd, 4319453.443, 67
Trd, 4319454.243, 106
Trd, 4319454.743, 65
Trd, 4319454.993, 75
Trd, 4319455.643, 68
Trd, 4319457.943, 62
Trd, 4319458.793, 60
Trd, 4319459.093, 60
Trd, 4319459.193, 61
Trd, 4319459.993, 66
Trd, 4319460.843, 73
Trd, 4319460.943, 72
Trd, 4319461.593, 70
Trd, 4319462.943, 68
Trd, 4319463.693, 60
Trd, 4319463.743, 60
Trd, 4319463.943, 62
Trd, 4319464.943, 60
Trd, 4319464.993, 116
Trd, 4319466.343, 60
Trd, 4319467.293, 61
Trd, 4319467.643, 64
Trd, 4319468.243, 86
Trd, 4319468.643, 77
Trd, 4319468.993, 97
Trd, 4319469.343, 80
Trd, 4319469.593, 109
Trd, 4319471.443, 60
Trd, 4319472.293, 67
Trd, 4319472.993, 83
Trd, 4319473.743, 62
Trd, 4319473.843, 76
Trd, 4319474.993, 79
Trd, 4319475.043, 78
Trd, 4319475.943, 61
Trd, 4319476.193, 75
Trd, 4319477.343, 98
Trd, 4319477.593, 94
Trd, 4319478.193, 95
Trd, 4319478.393, 69
Trd, 4319480.143, 63
Trd, 4319480.393, 65
Trd, 4319482.093, 61
Trd, 4319482.693, 85
Trd, 4319482.843, 72
Trd, 4319483.543, 126
Trd, 4319484.643, 140
Trd, 4319484.743, 140
Trd, 4319484.943, 139
Trd, 4319485.243, 110
Trd, 4319486.043, 123
Trd, 4319486.193, 122
Trd, 4319486.793, 122
Trd, 4319487.043, 117
Trd, 4319487.893, 139
Trd, 4319488.293, 104
Trd, 4319488.343, 83
Trd, 4319490.193, 60
Trd, 4319490.293, 63
Trd, 4319493.743, 62
Trd, 4319493.793, 64
Trd, 4319493.943, 60
Trd, 4319494.443, 70
Trd, 4319494.793, 64
Trd, 4319495.543, 71
Trd, 4319496.443, 64
Trd, 4319498.693, 62
Trd, 4319498.743, 63
Trd, 4319498.843, 61
Trd, 4319499.193, 63
Trd, 4319499.293, 110
Trd, 4319499.493, 60
Trd, 4319499.693, 62
Trd, 4319500.043, 70
Trd, 4319500.893, 83
Trd, 4319501.593, 110
Trd, 4319503.093, 140
Trd, 4319503.193, 126
Trd, 4319503.293, 113
Trd, 4319503.843, 109
Trd, 4319505.393, 60
Trd, 4319505.493, 61
Trd, 4319505.843, 64
Trd, 4319507.093, 63
Trd, 4319507.493, 66
Trd, 4319509.593, 61
Trd, 4319510.293, 62
Trd, 4319511.543, 62
Trd, 4319512.043, 60
Trd, 4319512.793, 65
Trd, 4319513.243, 65
Trd, 4319513.993, 120
Trd, 4319514.243, 117
Trd, 4319515.643, 121
Trd, 4319516.243, 122
Trd, 4319516.293, 111
Trd, 4319516.393, 124
Trd, 4319516.593, 61
Trd, 4319517.193, 134
Trd, 4319517.843, 134
Trd, 4319517.893, 116
Trd, 4319519.343, 96
Trd, 4319519.993, 95
Trd, 4319521.043, 138
Trd, 4319521.493, 75
Trd, 4319522.393, 140
Trd, 4319522.543, 140
Trd, 4319522.643, 112
Trd, 4319523.243, 130
Trd, 4319525.043, 107
Trd, 4319525.143, 104
Trd, 4319525.293, 100
Trd, 4319526.043, 83
Trd, 4319526.193, 81
Trd, 4319526.343, 68
Trd, 4319527.993, 69
Trd, 4319528.393, 89
Trd, 4319528.443, 62
Trd, 4319530.143, 63
Trd, 4319530.943, 82
Trd, 4319530.993, 81
Trd, 4319531.143, 131
Trd, 4319531.293, 130
Trd, 4319532.043, 140
Trd, 4319532.793, 63
Trd, 4319533.243, 63
Trd, 4319534.093, 136
Trd, 4319534.743, 99
Trd, 4319535.243, 138
Trd, 4319535.293, 136
Trd, 4319535.643, 71
Trd, 4319536.343, 68
Trd, 4319537.943, 78
Trd, 4319538.693, 60
Trd, 4319539.043, 61
Trd, 4319540.093, 64
Trd, 4319540.843, 64
Trd, 4319541.293, 87
Trd, 4319542.043, 60
Trd, 4319543.343, 60
Trd, 4319544.543, 60
Trd, 4319545.443, 60
Trd, 4319545.793, 65
Trd, 4319545.893, 107
Trd, 4319547.493, 64
Trd, 4319547.543, 63
Trd, 4319548.193, 104
Trd, 4319548.693, 60
Trd, 4319550.343, 66
Trd, 4319550.943, 63
Trd, 4319551.243, 66
Trd, 4319551.293, 74
Trd, 4319552.343, 89
Trd, 4319552.393, 83
Trd, 4319552.793, 62
Trd, 4319553.543, 60
Trd, 4319554.043, 61
Trd, 4319554.743, 64
Trd, 4319555.493, 61
Trd, 4319555.943, 60
Trd, 4319557.393, 75
Trd, 4319557.543, 65
Trd, 4319558.993, 66
Trd, 4319559.243, 100
Trd, 4319559.843, 60
Trd, 4319561.743, 63
Trd, 4319562.293, 62
Trd, 4319562.393, 77
Trd, 4319562.793, 71
Trd, 4319563.143, 84
Trd, 4319564.093, 62
Trd, 4319564.643, 68
Trd, 4319565.193, 70
Trd, 4319565.893, 64
Trd, 4319566.643, 62
Trd, 4319567.293, 97
Trd, 4319567.743, 98
Trd, 4319568.643, 127
Trd, 4319568.843, 96
Trd, 4319569.093, 90
Trd, 4319569.443, 139
Trd, 4319570.393, 62
Trd, 4319570.593, 138
Trd, 4319571.793, 75
Trd, 4319572.193, 73
Trd, 4319572.643, 122
Trd, 4319572.743, 72
Trd, 4319573.493, 61
Trd, 4319573.693, 138
Trd, 4319574.143, 137
Trd, 4319575.743, 109
Trd, 4319576.093, 75
Trd, 4319576.743, 80
Trd, 4319577.043, 74
Trd, 4319578.243, 140
Trd, 4319578.893, 93
Trd, 4319579.343, 90
Trd, 4319579.593, 77
Trd, 4319580.743, 139
Trd, 4319580.843, 138
Trd, 4319581.343, 112
Trd, 4319581.943, 84
Trd, 4319582.493, 61
Trd, 4319583.293, 139
Trd, 4319584.743, 61
Trd, 4319585.593, 60
Trd, 4319585.693, 64
Trd, 4319586.943, 60
Trd, 4319587.493, 63
Trd, 4319589.693, 63
Trd, 4319589.843, 67
Trd, 4319590.293, 62
Trd, 4319590.443, 69
Trd, 4319590.543, 76
Trd, 4319590.843, 62
Trd, 4319591.493, 64
Trd, 4319591.543, 62
Trd, 4319591.843, 72
Trd, 4319592.693, 86
Trd, 4319593.943, 60
Trd, 4319595.543, 60
Trd, 4319596.643, 63
Trd, 4319597.693, 60
Trd, 4319598.143, 60
Trd, 4319598.393, 62
Trd, 4319599.193, 63
Trd, 4319599.793, 63
Trd, 4319600.043, 84
Trd, 4319600.793, 70
Trd, 4319600.893, 69
Trd, 4319601.443, 139
Trd, 4319602.693, 113
Trd, 4319602.943, 126
Trd, 4319602.993, 122
Trd, 4319604.193, 138
Trd, 4319605.343, 140
Trd, 4319605.593, 140
Trd, 4319606.593, 140
Trd, 4319607.643, 118
Trd, 4319608.443, 117
Trd, 4319608.543, 111
Trd, 4319609.093, 89
Trd, 4319610.093, 99
Trd, 4319610.193, 83
Trd, 4319610.393, 83
Trd, 4319610.593, 83
Trd, 4319610.693, 82
Trd, 4319610.843, 73
Trd, 4319612.893, 61
Trd, 4319613.993, 60
Trd, 4319614.093, 64
Trd, 4319614.293, 61
Trd, 4319615.293, 66
Trd, 4319615.843, 61
Trd, 4319616.443, 61
Trd, 4319617.193, 60
Trd, 4319617.393, 90
Trd, 4319619.443, 60
Trd, 4319619.543, 70
Trd, 4319620.993, 65
Trd, 4319621.443, 60
Trd, 4319621.843, 61
Trd, 4319622.643, 60
Trd, 4319623.893, 60
Trd, 4319624.043, 64
Trd, 4319624.693, 60
Trd, 4319625.693, 63
Trd, 4319625.893, 62
Trd, 4319626.643, 66
Trd, 4319627.293, 65
Trd, 4319627.443, 138
Trd, 4319628.093, 61
Trd, 4319628.643, 73
Trd, 4319629.343, 104
Trd, 4319629.643, 94
Trd, 4319629.893, 92
Trd, 4319630.143, 106
Trd, 4319630.443, 71
Trd, 4319631.343, 131
Trd, 4319632.293, 60
Trd, 4319632.393, 62
Trd, 4319634.093, 63
Trd, 4319634.993, 65
Trd, 4319635.443, 75
Trd, 4319636.343, 61
Trd, 4319636.593, 68
Trd, 4319637.043, 66
Trd, 4319637.893, 78
Trd, 4319638.293, 61
Trd, 4319638.593, 75
Trd, 4319640.193, 61
Trd, 4319640.443, 62
Trd, 4319642.743, 61
Trd, 4319642.993, 63
Trd, 4319644.243, 62
Trd, 4319644.443, 68
Trd, 4319644.693, 78
Trd, 4319645.293, 140
Trd, 4319645.343, 140
Trd, 4319645.643, 140
Trd, 4319646.243, 124
Trd, 4319647.843, 61
Trd, 4319647.893, 63
Trd, 4319648.343, 109
Trd, 4319649.543, 99
Trd, 4319650.393, 60
Trd, 4319650.793, 65
Trd, 4319651.293, 61
Trd, 4319652.343, 136
Trd, 4319652.393, 109
Trd, 4319653.343, 61
Trd, 4319653.543, 83
Trd, 4319654.193, 65
Trd, 4319654.593, 93
Trd, 4319655.143, 61
Trd, 4319655.593, 109
Trd, 4319656.393, 117
Trd, 4319657.293, 63
Trd, 4319657.943, 62
Trd, 4319658.943, 140
Trd, 4319659.193, 139
Trd, 4319660.093, 131
Trd, 4319660.393, 130
Trd, 4319660.443, 129
Trd, 4319661.243, 123
Trd, 4319661.893, 140
Trd, 4319662.493, 131
Trd, 4319663.093, 130
Trd, 4319663.193, 83
Trd, 4319664.043, 115
Trd, 4319665.043, 132
Trd, 4319665.143, 115
Trd, 4319665.543, 131
Trd, 4319666.543, 62
Trd, 4319667.443, 60
Trd, 4319667.843, 60
Trd, 4319668.093, 66
Trd, 4319670.793, 62
Trd, 4319670.843, 68
Trd, 4319671.743, 89
Trd, 4319672.693, 109
Trd, 4319672.893, 108
Trd, 4319672.943, 101
Trd, 4319674.193, 133
Trd, 4319674.343, 132
Trd, 4319674.543, 112
Trd, 4319674.693, 134
Trd, 4319675.793, 117
Trd, 4319676.543, 118
Trd, 4319676.743, 116
Trd, 4319678.843, 133
Trd, 4319678.993, 125
Trd, 4319679.043, 122
Trd, 4319679.493, 93
Trd, 4319680.043, 89
Trd, 4319681.043, 80
Trd, 4319681.443, 111
Trd, 4319682.243, 108
Trd, 4319682.493, 107
Trd, 4319683.443, 137
Trd, 4319684.343, 119
Trd, 4319684.543, 115
Trd, 4319684.943, 120
Trd, 4319685.843, 137
Trd, 4319686.143, 136
Trd, 4319687.093, 122
Trd, 4319687.343, 104
Trd, 4319688.343, 140
Trd, 4319688.443, 135
Trd, 4319689.443, 140
Trd, 4319690.043, 140
Trd, 4319690.293, 140
Trd, 4319690.843, 116
Trd, 4319691.093, 115
Trd, 4319691.993, 63
Trd, 4319693.543, 60
Trd, 4319694.143, 63
Trd, 4319694.593, 60
Trd, 4319695.093, 63
Trd, 4319696.593, 61
Trd, 4319696.993, 64
Trd, 4319697.243, 64
Trd, 4319697.443, 64
Trd, 4319699.393, 60
Trd, 4319699.493, 66
Trd, 4319699.543, 72
Trd, 4319700.493, 62
Trd, 4319700.943, 60
Trd, 4319702.043, 61
Trd, 4319702.143, 62
Trd, 4319702.293, 68
Trd, 4319702.493, 60
Trd, 4319703.343, 139
Trd, 4319704.243, 60
Trd, 4319704.493, 124
Trd, 4319705.093, 138
Trd, 4319707.043, 62
Trd, 4319707.393, 62
Trd, 4319707.443, 65
Trd, 4319707.543, 137
Trd, 4319708.593, 64
Trd, 4319709.093, 68
Trd, 4319710.443, 64
Trd, 4319711.443, 61
Trd, 4319711.693, 60
Trd, 4319711.943, 61
Trd, 4319712.493, 60
Trd, 4319712.543, 66
Trd, 4319713.193, 71
Trd, 4319713.793, 63
Trd, 4319713.943, 60
Trd, 4319715.493, 126
Trd, 4319715.643, 123
Trd, 4319716.693, 61
Trd, 4319717.393, 99
Trd, 4319718.543, 83
Trd, 4319719.043, 100
Trd, 4319719.093, 67
Trd, 4319719.443, 80
Trd, 4319720.643, 137
Trd, 4319721.043, 139
Trd, 4319721.993, 140
Trd, 4319722.443, 136
Trd, 4319722.743, 126
Trd, 4319723.543, 107
Trd, 4319724.093, 89
Trd, 4319724.493, 67
Trd, 4319725.193, 69
Trd, 4319726.143, 140
Trd, 4319726.343, 140
Trd, 4319726.393, 137
Trd, 4319727.343, 62
Trd, 4319727.393, 64
Trd, 4319728.343, 125
Trd, 4319729.293, 64
Trd, 4319730.693, 60
Trd, 4319731.043, 69
Trd, 4319732.043, 66
Trd, 4319733.193, 67
Trd, 4319733.793, 98
Trd, 4319733.893, 79
Trd, 4319735.493, 60
Trd, 4319735.543, 61
Trd, 4319735.643, 86
Trd, 4319736.893, 63
Trd, 4319737.793, 66
Trd, 4319738.593, 67
Trd, 4319738.743, 65
Trd, 4319740.393, 60
Trd, 4319740.843, 61
Trd, 4319741.093, 74
Trd, 4319741.643, 79
Trd, 4319743.443, 61
Trd, 4319743.643, 61
Trd, 4319744.443, 62
Trd, 4319744.743, 65
Trd, 4319745.843, 61
Trd, 4319746.093, 63
Trd, 4319746.393, 60
Trd, 4319747.843, 62
Trd, 4319748.643, 71
Trd, 4319749.943, 60
Trd, 4319750.143, 62
Trd, 4319750.243, 67
Trd, 4319751.043, 62
Trd, 4319751.393, 71
Trd, 4319752.493, 61
Trd, 4319753.893, 62
Trd, 4319754.093, 105
Trd, 4319754.243, 67
Trd, 4319754.743, 65
Trd, 4319755.093, 64
Trd, 4319755.843, 132
Trd, 4319755.893, 123
Trd, 4319756.993, 60
Trd, 4319758.693, 105
Trd, 4319759.093, 104
Trd, 4319759.143, 99
Trd, 4319759.393, 95
Trd, 4319760.243, 97
Trd, 4319761.393, 132
Trd, 4319762.343, 140
Trd, 4319762.393, 137
Trd, 4319762.593, 61
Trd, 4319763.193, 61
Trd, 4319764.443, 66
Trd, 4319765.543, 60
Trd, 4319765.843, 60
Trd, 4319767.893, 77
Trd, 4319768.593, 115
Trd, 4319768.843, 129
Trd, 4319770.043, 60
Trd, 4319771.543, 61
Trd, 4319772.043, 60
Trd, 4319772.343, 61
Trd, 4319774.593, 62
Trd, 4319775.343, 61
Trd, 4319776.043, 62
Trd, 4319776.743, 62
Trd, 4319776.943, 69
Trd, 4319778.393, 100
Trd, 4319778.493, 74
Trd, 4319778.743, 72
Trd, 4319778.943, 65
Trd, 4319779.543, 111
Trd, 4319780.343, 79
Trd, 4319780.843, 67
Trd, 4319781.193, 70
Trd, 4319781.443, 78
Trd, 4319782.093, 62
Trd, 4319782.493, 66
Trd, 4319782.793, 66
Trd, 4319784.143, 139
Trd, 4319784.343, 138
Trd, 4319784.993, 110
Trd, 4319785.643, 60
Trd, 4319786.393, 62
Trd, 4319788.543, 65
Trd, 4319789.543, 60
Trd, 4319789.793, 69
Trd, 4319790.093, 67
Trd, 4319790.943, 61
Trd, 4319791.393, 62
Trd, 4319791.843, 62
Trd, 4319792.443, 63
Trd, 4319792.993, 80
Trd, 4319793.393, 64
Trd, 4319794.393, 64
Trd, 4319795.243, 61
Trd, 4319795.593, 62
Trd, 4319795.643, 129
Trd, 4319796.043, 60
Trd, 4319796.743, 61
Trd, 4319797.943, 62
Trd, 4319798.593, 64
Trd, 4319798.643, 63
Trd, 4319799.093, 90
Trd, 4319799.943, 60
Trd, 4319800.393, 61
Trd, 4319800.543, 62
Trd, 4319803.243, 60
Trd, 4319804.443, 60
Trd, 4319805.993, 61
Trd, 4319806.093, 61
Trd, 4319806.143, 63
Trd, 4319806.243, 65
Trd, 4319806.693, 60
Trd, 4319806.743, 70
Trd, 4319808.293, 71
Trd, 4319808.693, 111
Trd, 4319809.593, 138
Trd, 4319810.943, 140
Trd, 4319810.993, 140
Trd, 4319811.093, 140
Trd, 4319811.943, 140
Trd, 4319811.993, 139
Trd, 4319812.343, 138
Trd, 4319812.443, 137
Trd, 4319812.543, 109
Trd, 4319812.943, 78
Trd, 4319815.593, 60
Trd, 4319816.543, 60
Trd, 4319817.193, 69
Trd, 4319817.343, 72
Trd, 4319817.743, 60
Trd, 4319818.343, 60
Trd, 4319819.143, 62
Trd, 4319820.093, 61
Trd, 4319820.293, 66
Trd, 4319821.443, 61
Trd, 4319821.893, 63
Trd, 4319822.343, 67
Trd, 4319823.843, 61
Trd, 4319824.493, 60
Trd, 4319824.993, 60
Trd, 4319825.093, 61
Trd, 4319826.293, 62
Trd, 4319827.043, 69
Trd, 4319828.093, 67
Trd, 4319828.143, 65
Trd, 4319828.643, 110
Trd, 4319830.393, 60
Trd, 4319832.093, 64
Trd, 4319832.543, 65
Trd, 4319833.343, 64
Trd, 4319833.393, 63
Trd, 4319834.093, 63
Trd, 4319834.243, 78
Trd, 4319834.493, 94
Trd, 4319835.193, 97
Trd, 4319836.343, 64
Trd, 4319836.993, 65
Trd, 4319837.793, 63
Trd, 4319838.343, 62
Trd, 4319838.493, 63
Trd, 4319838.693, 65
Trd, 4319839.143, 99
Trd, 4319840.043, 64
Trd, 4319840.343, 63
Trd, 4319840.843, 63
Trd, 4319842.343, 113
Trd, 4319842.643, 125
Trd, 4319843.943, 140
Trd, 4319844.193, 140
Trd, 4319844.243, 140
Trd, 4319845.143, 98
Trd, 4319846.043, 61
Trd, 4319846.643, 67
Trd, 4319847.193, 64
Trd, 4319847.393, 61
Trd, 4319848.443, 108
Trd, 4319848.843, 63
Trd, 4319849.393, 76
Trd, 4319850.243, 69
Trd, 4319850.793, 128
Trd, 4319851.143, 84
Trd, 4319852.243, 137
Trd, 4319852.493, 124
Trd, 4319853.443, 137
Trd, 4319854.693, 119
Trd, 4319854.893, 113
Trd, 4319855.093, 111
Trd, 4319856.143, 84
Trd, 4319856.743, 67
Trd, 4319857.893, 102
Trd, 4319858.693, 82
Trd, 4319859.243, 122
Trd, 4319859.293, 109
Trd, 4319859.743, 61
Trd, 4319860.443, 134
Trd, 4319860.543, 133
Trd, 4319861.043, 90
Trd, 4319861.443, 89
Trd, 4319862.293, 61
Trd, 4319863.093, 64
Trd, 4319864.593, 63
Trd, 4319864.693, 71
Trd, 4319864.843, 78
Trd, 4319865.843, 74
Trd, 4319866.193, 136
Trd, 4319867.293, 74
Trd, 4319867.393, 83
Trd, 4319868.443, 60
Trd, 4319868.543, 62
Trd, 4319869.093, 60
Trd, 4319869.993, 68
Trd, 4319870.293, 84
Trd, 4319870.593, 99
Trd, 4319871.143, 95
Trd, 4319872.193, 64
Trd, 4319872.243, 63
Trd, 4319873.293, 79
Trd, 4319873.443, 132
Trd, 4319874.143, 137
Trd, 4319874.543, 78
Trd, 4319874.843, 129
Trd, 4319875.543, 117
Trd, 4319877.193, 83
Trd, 4319877.943, 96
Trd, 4319879.193, 135
Trd, 4319879.293, 132
Trd, 4319879.393, 124
Trd, 4319880.593, 118
Trd, 4319881.293, 116
Trd, 4319881.743, 130
Trd, 4319882.093, 139
Trd, 4319882.343, 128
Trd, 4319884.893, 61
Trd, 4319885.143, 63
Trd, 4319885.493, 64
Trd, 4319885.543, 65
Trd, 4319886.493, 66
Trd, 4319887.443, 139
Trd, 4319888.043, 139
Trd, 4319888.443, 138
Trd, 4319888.843, 130
Trd, 4319889.843, 97
Trd, 4319890.693, 140
Trd, 4319892.043, 133
Trd, 4319892.693, 132
Trd, 4319892.743, 131
Trd, 4319892.843, 108
Trd, 4319893.443, 119
Trd, 4319893.893, 93
Trd, 4319894.543, 139
Trd, 4319895.543, 138
Trd, 4319895.643, 137
Trd, 4319896.843, 60
Trd, 4319897.143, 63
Trd, 4319898.093, 64
Trd, 4319898.593, 68
Trd, 4319899.293, 61
Trd, 4319900.143, 69
Trd, 4319900.543, 68
Trd, 4319901.343, 70
Trd, 4319902.243, 68
Trd, 4319902.893, 62
Trd, 4319902.993, 71
Trd, 4319904.193, 60
Trd, 4319904.593, 63
Trd, 4319905.843, 66
Trd, 4319905.943, 60
Trd, 4319906.843, 66
Trd, 4319908.243, 60
Trd, 4319908.493, 62
Trd, 4319908.643, 67
Trd, 4319908.993, 69
Trd, 4319909.493, 63
Trd, 4319909.693, 70
Trd, 4319913.243, 60
Trd, 4319913.993, 60
Trd, 4319914.743, 62
Trd, 4319915.193, 60
Trd, 4319915.293, 61
Trd, 4319916.193, 61
Trd, 4319916.243, 62
Trd, 4319916.293, 68
Trd, 4319917.743, 67
Trd, 4319918.243, 74
Trd, 4319918.393, 109
Trd, 4319918.643, 65
Trd, 4319919.093, 63
Trd, 4319920.343, 65
Trd, 4319922.593, 62
Trd, 4319923.243, 60
Trd, 4319923.293, 63
Trd, 4319923.993, 60
Trd, 4319924.143, 61
Trd, 4319924.393, 89
Trd, 4319924.943, 60
Trd, 4319926.393, 140
Trd, 4319927.193, 67
Trd, 4319927.443, 66
Trd, 4319928.443, 60
Trd, 4319929.143, 67
Trd, 4319930.043, 62
Trd, 4319930.193, 63
Trd, 4319930.393, 67
Trd, 4319931.443, 61
Trd, 4319931.593, 127
Trd, 4319933.793, 60
Trd, 4319933.993, 60
Trd, 4319934.193, 61
Trd, 4319934.543, 60
Trd, 4319935.493, 65
Trd, 4319936.393, 62
Trd, 4319937.093, 62
Trd, 4319937.193, 61
Trd, 4319937.793, 133
Trd, 4319937.893, 131
Trd, 4319939.443, 61
Trd, 4319939.943, 62
Trd, 4319940.693, 65
Trd, 4319941.093, 69
Trd, 4319942.993, 62
Trd, 4319943.893, 65
Trd, 4319944.393, 61
Trd, 4319944.443, 67
Trd, 4319945.093, 60
Trd, 4319945.543, 66
Trd, 4319946.143, 62
Trd, 4319946.543, 61
Trd, 4319947.143, 64
Trd, 4319947.493, 65
Trd, 4319948.043, 91
Trd, 4319948.743, 60
Trd, 4319949.943, 62
Trd, 4319950.243, 65
Trd, 4319950.343, 64
Trd, 4319950.493, 60
Trd, 4319952.543, 63
Trd, 4319952.893, 75
Trd, 4319953.793, 62
Trd, 4319953.843, 63
Trd, 4319954.643, 63
Trd, 4319955.243, 66
Trd, 4319955.643, 64
Trd, 4319956.293, 139
Trd, 4319958.193, 62
Trd, 4319958.643, 62
Trd, 4319959.293, 64
Trd, 4319959.593, 134
Trd, 4319960.443, 62
Trd, 4319960.493, 62
Trd, 4319960.693, 68
Trd, 4319962.243, 66
Trd, 4319962.793, 75
Trd, 4319963.993, 62
Trd, 4319964.243, 99
Trd, 4319964.443, 63
Trd, 4319966.193, 60
Trd, 4319966.393, 64
Trd, 4319967.243, 61
Trd, 4319968.193, 64
Trd, 4319968.293, 67
Trd, 4319968.693, 65
Trd, 4319968.743, 64
Trd, 4319970.143, 140
Trd, 4319970.243, 139
Trd, 4319970.693, 130
Trd, 4319971.293, 64
Trd, 4319973.193, 80
Trd, 4319973.643, 132
Trd, 4319973.843, 133
Trd, 4319974.393, 138
Trd, 4319974.793, 134
Trd, 4319975.143, 134
Trd, 4319975.443, 83
Trd, 4319975.843, 76
Trd, 4319976.793, 66
Trd, 4319977.143, 62
Trd, 4319978.093, 90
Trd, 4319978.643, 72
Trd, 4319979.543, 63
Trd, 4319979.643, 80
Trd, 4319980.143, 64
Trd, 4319980.243, 62
Trd, 4319981.993, 72
Trd, 4319983.443, 119
Trd, 4319983.543, 118
Trd, 4319983.793, 93
Trd, 4319984.093, 61
Trd, 4319984.443, 139
Trd, 4319985.843, 140
Trd, 4319986.593, 140
Trd, 4319986.993, 140
Trd, 4319987.993, 140
Trd, 4319988.043, 140
Trd, 4319988.543, 99
Trd, 4319989.143, 124
Trd, 4319989.793, 124
Trd, 4319989.843, 115
Trd, 4319990.493, 138
Trd, 4319991.193, 72
Trd, 4319991.593, 62
Trd, 4319991.993, 98
Trd, 4319993.493, 85
Trd, 4319993.743, 140
Trd, 4319994.243, 135
Trd, 4319994.543, 111
Trd, 4319995.193, 137
Trd, 4319996.393, 133
Trd, 4319996.593, 133
Trd, 4319996.793, 112
Trd, 4319997.343, 128
Trd, 4319997.493, 101
Trd, 4319997.993, 95
Trd, 4319999.543, 80
Trd, 4319999.843, 128
