Trd, 4318076.193, 113
Trd, 4318076.593, 75
Trd, 4318078.293, 103
Trd, 4318079.693, 124
Trd, 4318080.243, 126
Trd, 4318080.593, 126
Trd, 4318080.993, 125
Trd, 4318081.393, 124
Trd, 4318081.943, 114
Trd, 4318083.043, 114
Trd, 4318083.093, 112
Trd, 4318083.143, 93
Trd, 4318085.243, 104
Trd, 4318085.793, 103
Trd, 4318086.393, 115
Trd, 4318088.443, 121
Trd, 4318088.793, 121
Trd, 4318088.993, 120
Trd, 4318089.493, 101
Trd, 4318090.043, 124
Trd, 4318090.443, 120
Trd, 4318091.643, 123
Trd, 4318091.693, 122
Trd, 4318092.393, 99
Trd, 4318093.493, 95
Trd, 4318096.443, 112
Trd, 4318096.543, 110
Trd, 4318096.593, 107
Trd, 4318098.143, 112
Trd, 4318098.343, 108
Trd, 4318098.443, 107
Trd, 4318099.293, 101
Trd, 4318100.443, 61
Trd, 4318101.693, 84
Trd, 4318102.493, 80
Trd, 4318104.343, 135
Trd, 4318104.993, 122
Trd, 4318106.243, 128
Trd, 4318106.343, 127
Trd, 4318107.793, 133
Trd, 4318107.943, 132
Trd, 4318108.993, 132
Trd, 4318109.743, 128
Trd, 4318109.993, 99
Trd, 4318111.193, 98
Trd, 4318111.493, 105
Trd, 4318112.093, 99
Trd, 4318113.343, 103
Trd, 4318113.443, 101
Trd, 4318114.243, 96
Trd, 4318117.493, 101
Trd, 4318117.993, 103
Trd, 4318118.443, 105
Trd, 4318119.093, 110
Trd, 4318119.693, 110
Trd, 4318120.143, 109
Trd, 4318121.093, 119
Trd, 4318121.593, 119
Trd, 4318121.843, 118
Trd, 4318123.493, 122
Trd, 4318123.543, 121
Trd, 4318124.243, 129
Trd, 4318124.293, 123
Trd, 4318124.693, 124
Trd, 4318126.043, 124
Trd, 4318126.843, 89
Trd, 4318127.193, 91
Trd, 4318128.293, 89
Trd, 4318128.543, 88
Trd, 4318131.143, 124
Trd, 4318131.493, 125
Trd, 4318131.543, 124
Trd, 4318133.043, 108
Trd, 4318133.593, 102
Trd, 4318133.693, 116
Trd, 4318133.793, 80
Trd, 4318134.393, 101
Trd, 4318134.843, 78
Trd, 4318135.943, 87
Trd, 4318136.843, 91
Trd, 4318137.293, 88
Trd, 4318137.793, 89
Trd, 4318139.093, 91
Trd, 4318139.593, 139
Trd, 4318141.543, 140
Trd, 4318142.493, 140
Trd, 4318142.943, 140
Trd, 4318143.193, 140
Trd, 4318144.393, 140
Trd, 4318144.543, 140
Trd, 4318144.643, 111
Trd, 4318145.793, 101
Trd, 4318145.893, 74
Trd, 4318147.543, 65
Trd, 4318148.343, 63
Trd, 4318148.643, 80
Trd, 4318149.843, 68
Trd, 4318153.243, 61
Trd, 4318154.043, 61
Trd, 4318156.043, 60
Trd, 4318156.243, 61
Trd, 4318156.593, 65
Trd, 4318158.093, 74
Trd, 4318158.443, 73
Trd, 4318158.793, 91
Trd, 4318159.593, 77
Trd, 4318160.843, 82
Trd, 4318162.343, 106
Trd, 4318163.093, 113
Trd, 4318163.143, 108
Trd, 4318163.293, 106
Trd, 4318164.443, 99
Trd, 4318166.293, 122
Trd, 4318166.943, 123
Trd, 4318167.493, 126
Trd, 4318169.493, 135
Trd, 4318169.943, 136
Trd, 4318170.243, 137
Trd, 4318170.793, 136
Trd, 4318170.893, 109
Trd, 4318171.343, 124
Trd, 4318172.243, 119
Trd, 4318172.293, 118
Trd, 4318172.693, 118
Trd, 4318172.793, 117
Trd, 4318174.393, 139
Trd, 4318176.493, 121
Trd, 4318177.643, 123
Trd, 4318179.393, 130
Trd, 4318180.343, 133
Trd, 4318180.793, 135
Trd, 4318181.193, 137
Trd, 4318181.493, 136
Trd, 4318181.943, 136
Trd, 4318182.243, 130
Trd, 4318182.793, 115
Trd, 4318186.243, 138
Trd, 4318186.543, 138
Trd, 4318188.343, 140
Trd, 4318188.443, 140
Trd, 4318188.943, 139
Trd, 4318189.393, 136
Trd, 4318189.543, 129
Trd, 4318190.393, 134
Trd, 4318190.743, 129
Trd, 4318190.793, 132
Trd, 4318191.793, 65
Trd, 4318194.093, 63
Trd, 4318197.093, 67
Trd, 4318197.593, 71
Trd, 4318197.693, 73
Trd, 4318198.743, 107
Trd, 4318199.043, 116
Trd, 4318199.593, 115
Trd, 4318200.943, 117
Trd, 4318200.993, 116
Trd, 4318201.693, 124
Trd, 4318201.793, 119
Trd, 4318202.993, 83
Trd, 4318203.943, 85
Trd, 4318205.393, 88
Trd, 4318205.643, 92
Trd, 4318205.693, 88
Trd, 4318206.243, 89
Trd, 4318208.493, 111
Trd, 4318209.093, 96
Trd, 4318209.643, 112
Trd, 4318210.143, 113
Trd, 4318210.343, 112
Trd, 4318211.693, 113
Trd, 4318213.693, 138
Trd, 4318213.743, 134
Trd, 4318214.643, 109
Trd, 4318215.293, 126
Trd, 4318215.493, 121
Trd, 4318215.643, 121
Trd, 4318216.943, 126
Trd, 4318217.493, 127
Trd, 4318217.893, 125
Trd, 4318218.843, 114
Trd, 4318219.743, 112
Trd, 4318220.043, 87
Trd, 4318220.693, 113
Trd, 4318220.893, 105
Trd, 4318223.643, 80
Trd, 4318224.643, 74
Trd, 4318225.393, 123
Trd, 4318225.993, 115
Trd, 4318226.293, 117
Trd, 4318226.593, 118
Trd, 4318226.993, 119
Trd, 4318227.093, 117
Trd, 4318228.843, 89
Trd, 4318228.893, 87
Trd, 4318229.293, 97
Trd, 4318230.293, 125
Trd, 4318231.893, 120
Trd, 4318232.293, 119
Trd, 4318232.593, 135
Trd, 4318233.593, 102
Trd, 4318233.693, 101
Trd, 4318233.843, 88
Trd, 4318234.793, 127
Trd, 4318236.043, 110
Trd, 4318236.143, 107
Trd, 4318236.393, 93
Trd, 4318238.093, 99
Trd, 4318239.243, 102
Trd, 4318239.543, 103
Trd, 4318240.493, 106
Trd, 4318242.143, 140
Trd, 4318242.793, 140
Trd, 4318243.043, 140
Trd, 4318244.193, 140
Trd, 4318245.193, 140
Trd, 4318245.293, 140
Trd, 4318245.493, 140
Trd, 4318245.843, 140
Trd, 4318246.743, 137
Trd, 4318248.043, 138
Trd, 4318248.693, 121
Trd, 4318249.043, 82
Trd, 4318249.743, 72
Trd, 4318250.343, 69
Trd, 4318251.693, 76
Trd, 4318252.943, 79
Trd, 4318253.993, 69
Trd, 4318255.593, 83
Trd, 4318256.243, 60
Trd, 4318257.293, 60
Trd, 4318257.343, 97
Trd, 4318257.793, 64
Trd, 4318258.093, 60
Trd, 4318260.593, 107
Trd, 4318261.443, 108
Trd, 4318261.993, 92
Trd, 4318262.343, 90
Trd, 4318264.893, 66
Trd, 4318265.893, 73
Trd, 4318266.343, 82
Trd, 4318267.393, 100
Trd, 4318267.543, 99
Trd, 4318268.793, 113
Trd, 4318269.193, 110
Trd, 4318269.543, 101
Trd, 4318269.593, 73
Trd, 4318271.193, 99
Trd, 4318271.243, 97
Trd, 4318271.693, 117
Trd, 4318272.043, 123
Trd, 4318272.893, 118
Trd, 4318273.793, 121
Trd, 4318275.543, 131
Trd, 4318275.793, 131
Trd, 4318276.243, 135
Trd, 4318276.793, 134
Trd, 4318276.843, 129
Trd, 4318279.343, 129
Trd, 4318279.493, 113
Trd, 4318280.293, 117
Trd, 4318280.693, 116
Trd, 4318281.143, 114
Trd, 4318281.643, 114
Trd, 4318281.693, 113
Trd, 4318282.143, 95
Trd, 4318283.693, 84
Trd, 4318284.593, 120
Trd, 4318285.493, 104
Trd, 4318287.143, 129
Trd, 4318287.743, 130
Trd, 4318288.043, 130
Trd, 4318288.143, 128
Trd, 4318288.993, 108
Trd, 4318289.843, 138
Trd, 4318290.893, 126
Trd, 4318291.593, 128
Trd, 4318291.693, 127
Trd, 4318292.343, 126
Trd, 4318293.843, 128
Trd, 4318295.593, 127
Trd, 4318295.893, 126
Trd, 4318296.343, 126
Trd, 4318297.193, 130
Trd, 4318298.393, 132
Trd, 4318298.443, 131
Trd, 4318299.543, 115
Trd, 4318300.393, 108
Trd, 4318301.143, 100
Trd, 4318301.293, 85
Trd, 4318301.693, 68
Trd, 4318302.193, 93
Trd, 4318302.693, 127
Trd, 4318304.693, 139
Trd, 4318304.843, 136
Trd, 4318305.443, 135
Trd, 4318305.993, 133
Trd, 4318309.193, 139
Trd, 4318309.543, 137
Trd, 4318309.593, 135
Trd, 4318310.493, 136
Trd, 4318310.593, 133
Trd, 4318311.293, 101
Trd, 4318312.993, 119
Trd, 4318313.093, 118
Trd, 4318314.943, 105
Trd, 4318315.243, 118
Trd, 4318315.443, 128
Trd, 4318315.643, 118
Trd, 4318317.243, 105
Trd, 4318317.793, 107
Trd, 4318318.443, 107
Trd, 4318319.193, 107
Trd, 4318320.393, 119
Trd, 4318321.543, 64
Trd, 4318322.393, 96
Trd, 4318322.693, 91
Trd, 4318325.793, 117
Trd, 4318326.043, 115
Trd, 4318326.843, 120
Trd, 4318327.543, 120
Trd, 4318327.593, 119
Trd, 4318327.793, 115
Trd, 4318328.393, 113
Trd, 4318328.893, 111
Trd, 4318330.143, 60
Trd, 4318330.793, 65
Trd, 4318332.393, 70
Trd, 4318334.043, 124
Trd, 4318334.493, 122
Trd, 4318336.443, 132
Trd, 4318336.543, 131
Trd, 4318336.843, 130
Trd, 4318337.293, 130
Trd, 4318337.893, 125
Trd, 4318337.943, 113
Trd, 4318338.093, 106
Trd, 4318338.593, 79
Trd, 4318339.593, 76
Trd, 4318340.443, 61
Trd, 4318340.593, 99
Trd, 4318341.643, 60
Trd, 4318342.093, 62
Trd, 4318343.343, 87
Trd, 4318345.243, 101
Trd, 4318345.393, 94
Trd, 4318345.593, 86
Trd, 4318347.843, 115
Trd, 4318349.093, 118
Trd, 4318349.493, 118
Trd, 4318349.793, 117
Trd, 4318350.793, 107
Trd, 4318351.193, 106
Trd, 4318352.893, 106
Trd, 4318353.243, 105
Trd, 4318353.643, 106
Trd, 4318354.793, 124
Trd, 4318355.093, 97
Trd, 4318355.943, 125
Trd, 4318356.643, 110
Trd, 4318356.693, 109
Trd, 4318357.093, 84
Trd, 4318358.493, 83
Trd, 4318358.943, 114
Trd, 4318359.343, 113
Trd, 4318360.243, 77
Trd, 4318360.343, 76
Trd, 4318362.993, 112
Trd, 4318364.593, 116
Trd, 4318364.893, 117
Trd, 4318365.693, 120
Trd, 4318365.943, 119
Trd, 4318366.043, 116
Trd, 4318366.343, 104
Trd, 4318367.193, 104
Trd, 4318367.543, 105
Trd, 4318368.043, 104
Trd, 4318368.743, 67
Trd, 4318370.993, 121
Trd, 4318371.093, 120
Trd, 4318371.993, 109
Trd, 4318372.493, 109
Trd, 4318372.993, 86
Trd, 4318374.043, 104
Trd, 4318375.293, 136
Trd, 4318375.393, 135
Trd, 4318376.493, 72
Trd, 4318378.643, 93
Trd, 4318378.843, 89
Trd, 4318380.343, 89
Trd, 4318381.043, 87
Trd, 4318381.143, 83
Trd, 4318382.243, 120
Trd, 4318382.743, 120
Trd, 4318383.193, 121
Trd, 4318383.593, 120
Trd, 4318384.643, 85
Trd, 4318385.393, 105
Trd, 4318386.343, 82
Trd, 4318387.943, 99
Trd, 4318388.643, 94
Trd, 4318389.193, 91
Trd, 4318389.893, 91
Trd, 4318390.793, 93
Trd, 4318390.843, 90
Trd, 4318392.343, 85
Trd, 4318393.393, 118
Trd, 4318396.143, 140
Trd, 4318396.543, 140
Trd, 4318396.793, 140
Trd, 4318396.893, 140
Trd, 4318397.193, 127
Trd, 4318397.793, 84
Trd, 4318400.343, 72
Trd, 4318400.743, 62
Trd, 4318400.893, 60
Trd, 4318401.943, 75
Trd, 4318404.143, 60
Trd, 4318404.243, 114
Trd, 4318405.643, 61
Trd, 4318406.143, 62
Trd, 4318407.093, 68
Trd, 4318409.493, 133
Trd, 4318409.893, 136
Trd, 4318410.543, 137
Trd, 4318410.743, 136
Trd, 4318410.943, 135
Trd, 4318412.493, 67
Trd, 4318413.943, 113
Trd, 4318418.193, 140
Trd, 4318418.493, 140
Trd, 4318418.693, 140
Trd, 4318418.943, 140
Trd, 4318419.043, 140
Trd, 4318419.593, 140
Trd, 4318420.093, 140
Trd, 4318420.693, 140
Trd, 4318421.193, 102
Trd, 4318422.143, 101
Trd, 4318423.093, 83
Trd, 4318423.293, 83
Trd, 4318424.593, 101
Trd, 4318424.643, 100
Trd, 4318426.143, 88
Trd, 4318426.843, 88
Trd, 4318428.593, 74
Trd, 4318429.093, 110
Trd, 4318430.643, 140
Trd, 4318430.843, 140
Trd, 4318431.043, 140
Trd, 4318431.893, 140
Trd, 4318432.193, 99
Trd, 4318433.193, 129
Trd, 4318434.243, 136
Trd, 4318434.893, 136
Trd, 4318434.993, 135
Trd, 4318435.093, 128
Trd, 4318435.593, 127
Trd, 4318436.643, 88
Trd, 4318437.393, 106
Trd, 4318437.593, 91
Trd, 4318440.093, 62
Trd, 4318440.343, 61
Trd, 4318441.843, 77
Trd, 4318442.943, 80
Trd, 4318443.743, 86
Trd, 4318444.843, 117
Trd, 4318445.093, 109
Trd, 4318445.843, 115
Trd, 4318446.443, 113
Trd, 4318446.893, 112
Trd, 4318448.193, 113
Trd, 4318449.743, 103
Trd, 4318449.793, 102
Trd, 4318450.243, 92
Trd, 4318450.993, 131
Trd, 4318451.193, 108
Trd, 4318451.343, 107
Trd, 4318451.593, 108
Trd, 4318454.193, 113
Trd, 4318454.593, 112
Trd, 4318455.593, 118
Trd, 4318457.593, 132
Trd, 4318458.293, 134
Trd, 4318458.393, 133
Trd, 4318458.993, 134
Trd, 4318459.193, 133
Trd, 4318459.543, 134
Trd, 4318459.643, 132
Trd, 4318460.793, 126
Trd, 4318461.643, 127
Trd, 4318462.643, 115
Trd, 4318462.943, 87
Trd, 4318464.293, 61
Trd, 4318466.693, 72
Trd, 4318467.893, 66
Trd, 4318468.343, 68
Trd, 4318469.493, 75
Trd, 4318469.543, 89
Trd, 4318471.693, 81
Trd, 4318471.843, 80
Trd, 4318472.693, 82
Trd, 4318473.243, 116
Trd, 4318473.793, 84
Trd, 4318473.993, 115
Trd, 4318475.043, 117
Trd, 4318476.093, 101
Trd, 4318476.743, 102
Trd, 4318478.793, 103
Trd, 4318481.293, 134
Trd, 4318481.693, 116
Trd, 4318482.843, 122
Trd, 4318483.243, 120
Trd, 4318483.593, 119
Trd, 4318483.643, 118
Trd, 4318484.593, 107
Trd, 4318487.293, 115
Trd, 4318487.443, 115
Trd, 4318487.943, 115
Trd, 4318488.443, 114
Trd, 4318488.593, 103
Trd, 4318489.893, 106
Trd, 4318490.143, 105
Trd, 4318490.593, 99
Trd, 4318491.043, 79
Trd, 4318492.193, 64
Trd, 4318495.143, 60
Trd, 4318495.393, 65
Trd, 4318497.493, 61
Trd, 4318498.743, 67
Trd, 4318498.993, 68
Trd, 4318499.093, 78
Trd, 4318500.493, 110
Trd, 4318500.993, 70
Trd, 4318503.343, 102
Trd, 4318504.143, 102
Trd, 4318504.193, 109
Trd, 4318504.493, 103
Trd, 4318504.543, 102
Trd, 4318504.943, 66
Trd, 4318506.293, 64
Trd, 4318508.943, 64
Trd, 4318509.443, 73
Trd, 4318509.993, 104
Trd, 4318511.043, 77
Trd, 4318511.643, 128
Trd, 4318512.543, 130
Trd, 4318513.243, 130
Trd, 4318513.293, 128
Trd, 4318514.593, 131
Trd, 4318514.643, 130
Trd, 4318515.193, 129
Trd, 4318515.293, 115
Trd, 4318515.843, 91
Trd, 4318517.993, 127
Trd, 4318518.443, 127
Trd, 4318518.943, 126
Trd, 4318520.643, 99
Trd, 4318521.493, 134
Trd, 4318522.243, 134
Trd, 4318522.343, 132
Trd, 4318522.493, 131
Trd, 4318523.893, 105
Trd, 4318525.943, 81
Trd, 4318526.193, 80
Trd, 4318526.693, 96
Trd, 4318526.943, 110
Trd, 4318529.643, 62
Trd, 4318530.193, 62
Trd, 4318530.793, 83
Trd, 4318531.343, 84
Trd, 4318532.393, 86
Trd, 4318532.743, 83
Trd, 4318533.943, 122
Trd, 4318535.243, 81
Trd, 4318535.493, 82
Trd, 4318536.493, 97
Trd, 4318536.893, 100
Trd, 4318537.893, 99
Trd, 4318538.343, 99
Trd, 4318539.143, 101
Trd, 4318539.793, 101
Trd, 4318540.643, 102
Trd, 4318540.893, 96
Trd, 4318541.293, 111
Trd, 4318542.943, 61
Trd, 4318544.543, 69
Trd, 4318544.643, 76
Trd, 4318545.293, 62
Trd, 4318547.843, 83
Trd, 4318548.293, 115
Trd, 4318550.143, 101
Trd, 4318550.293, 101
Trd, 4318551.743, 128
Trd, 4318552.443, 119
Trd, 4318552.493, 114
Trd, 4318553.093, 124
Trd, 4318554.093, 104
Trd, 4318554.243, 104
Trd, 4318555.043, 139
Trd, 4318555.443, 107
Trd, 4318556.543, 108
Trd, 4318558.793, 122
Trd, 4318558.943, 121
Trd, 4318559.243, 120
Trd, 4318559.493, 113
Trd, 4318561.493, 114
Trd, 4318561.643, 113
Trd, 4318562.693, 64
Trd, 4318563.393, 101
Trd, 4318563.643, 82
Trd, 4318564.343, 83
Trd, 4318564.943, 128
Trd, 4318566.493, 83
Trd, 4318566.943, 69
Trd, 4318568.693, 77
Trd, 4318569.793, 108
Trd, 4318569.893, 80
Trd, 4318569.993, 78
Trd, 4318571.443, 80
Trd, 4318571.693, 82
Trd, 4318572.343, 82
Trd, 4318573.143, 86
Trd, 4318573.793, 79
Trd, 4318573.893, 78
Trd, 4318574.543, 70
Trd, 4318575.693, 109
Trd, 4318577.893, 75
Trd, 4318579.043, 80
Trd, 4318579.293, 77
Trd, 4318580.043, 79
Trd, 4318580.693, 129
Trd, 4318581.993, 110
Trd, 4318582.193, 109
Trd, 4318582.393, 94
Trd, 4318582.943, 92
Trd, 4318583.893, 108
Trd, 4318584.543, 76
Trd, 4318585.143, 88
Trd, 4318585.693, 87
Trd, 4318585.843, 65
Trd, 4318586.843, 101
Trd, 4318587.793, 102
Trd, 4318589.443, 135
Trd, 4318590.243, 85
Trd, 4318592.393, 103
Trd, 4318592.443, 102
Trd, 4318593.093, 100
Trd, 4318593.543, 132
Trd, 4318594.643, 99
Trd, 4318595.593, 106
Trd, 4318597.093, 106
Trd, 4318598.043, 107
Trd, 4318598.493, 106
Trd, 4318599.993, 109
Trd, 4318600.793, 111
Trd, 4318601.093, 111
Trd, 4318601.243, 115
Trd, 4318602.443, 96
Trd, 4318602.693, 64
Trd, 4318605.043, 71
Trd, 4318605.593, 104
Trd, 4318605.993, 104
Trd, 4318607.293, 113
Trd, 4318607.893, 109
Trd, 4318608.043, 133
Trd, 4318608.643, 109
Trd, 4318608.793, 121
Trd, 4318609.243, 108
Trd, 4318610.443, 109
Trd, 4318610.993, 62
Trd, 4318611.493, 63
Trd, 4318611.593, 95
Trd, 4318613.193, 65
Trd, 4318614.293, 104
Trd, 4318614.543, 103
Trd, 4318614.843, 103
Trd, 4318615.193, 103
Trd, 4318615.943, 111
Trd, 4318616.093, 107
Trd, 4318618.143, 120
Trd, 4318618.243, 119
Trd, 4318618.443, 109
Trd, 4318620.993, 82
Trd, 4318621.093, 80
Trd, 4318622.043, 134
Trd, 4318622.643, 134
Trd, 4318622.843, 101
Trd, 4318624.043, 111
Trd, 4318624.643, 123
Trd, 4318625.193, 112
Trd, 4318626.043, 110
Trd, 4318626.143, 109
Trd, 4318626.943, 97
Trd, 4318627.643, 135
Trd, 4318628.043, 138
Trd, 4318628.293, 134
Trd, 4318630.393, 113
Trd, 4318632.193, 120
Trd, 4318632.343, 119
Trd, 4318632.743, 110
Trd, 4318633.243, 97
Trd, 4318633.343, 96
Trd, 4318634.443, 137
Trd, 4318634.643, 136
Trd, 4318634.993, 95
Trd, 4318635.893, 63
Trd, 4318636.243, 106
Trd, 4318637.043, 76
Trd, 4318637.643, 84
Trd, 4318638.293, 68
Trd, 4318640.443, 62
Trd, 4318640.593, 71
Trd, 4318640.893, 128
Trd, 4318642.143, 65
Trd, 4318642.393, 67
Trd, 4318642.743, 81
Trd, 4318643.943, 95
Trd, 4318645.793, 118
Trd, 4318645.843, 117
Trd, 4318645.893, 76
Trd, 4318647.743, 101
Trd, 4318647.843, 93
Trd, 4318647.893, 114
Trd, 4318651.193, 131
Trd, 4318651.393, 132
Trd, 4318651.593, 130
Trd, 4318652.843, 131
Trd, 4318652.893, 130
Trd, 4318653.043, 91
Trd, 4318654.893, 97
Trd, 4318655.393, 99
Trd, 4318656.293, 78
Trd, 4318656.693, 84
Trd, 4318657.943, 140
Trd, 4318658.393, 140
Trd, 4318658.693, 140
Trd, 4318658.743, 138
Trd, 4318659.993, 127
Trd, 4318661.743, 140
Trd, 4318662.293, 140
Trd, 4318662.393, 140
Trd, 4318662.693, 140
Trd, 4318663.343, 136
Trd, 4318664.443, 137
Trd, 4318664.893, 136
Trd, 4318665.843, 79
Trd, 4318666.443, 76
Trd, 4318668.693, 90
Trd, 4318669.143, 118
Trd, 4318669.343, 131
Trd, 4318670.093, 94
Trd, 4318670.393, 95
Trd, 4318670.643, 95
Trd, 4318671.343, 129
Trd, 4318671.493, 96
Trd, 4318671.593, 95
Trd, 4318671.943, 91
Trd, 4318672.343, 101
Trd, 4318672.843, 102
Trd, 4318673.643, 113
Trd, 4318675.943, 109
Trd, 4318676.843, 87
Trd, 4318676.943, 86
Trd, 4318677.193, 85
Trd, 4318679.443, 105
Trd, 4318679.493, 104
Trd, 4318680.143, 114
Trd, 4318680.443, 134
Trd, 4318683.243, 140
Trd, 4318683.843, 139
Trd, 4318683.993, 138
Trd, 4318684.693, 139
Trd, 4318685.343, 138
Trd, 4318687.593, 119
Trd, 4318688.443, 124
Trd, 4318689.343, 126
Trd, 4318690.893, 131
Trd, 4318691.293, 131
Trd, 4318691.443, 131
Trd, 4318691.893, 130
Trd, 4318692.093, 122
Trd, 4318693.343, 75
Trd, 4318696.493, 82
Trd, 4318696.543, 80
Trd, 4318696.643, 77
Trd, 4318696.993, 77
Trd, 4318697.643, 76
Trd, 4318698.243, 81
Trd, 4318701.293, 94
Trd, 4318702.693, 137
Trd, 4318703.543, 136
Trd, 4318704.043, 135
Trd, 4318704.393, 134
Trd, 4318704.643, 132
Trd, 4318706.693, 121
Trd, 4318708.143, 139
Trd, 4318708.193, 138
Trd, 4318708.393, 128
Trd, 4318708.543, 121
Trd, 4318708.743, 120
Trd, 4318710.393, 113
Trd, 4318711.143, 111
Trd, 4318711.493, 89
Trd, 4318711.793, 89
Trd, 4318712.793, 92
Trd, 4318713.893, 128
Trd, 4318714.743, 98
Trd, 4318715.843, 109
Trd, 4318718.143, 139
Trd, 4318719.293, 103
Trd, 4318719.593, 97
Trd, 4318719.793, 89
Trd, 4318720.143, 91
Trd, 4318720.493, 90
Trd, 4318721.743, 106
Trd, 4318721.893, 93
Trd, 4318723.193, 114
Trd, 4318723.393, 94
Trd, 4318723.843, 72
Trd, 4318725.993, 118
Trd, 4318726.193, 118
Trd, 4318728.143, 140
Trd, 4318728.243, 140
Trd, 4318728.443, 137
Trd, 4318728.643, 129
Trd, 4318729.293, 137
Trd, 4318732.543, 131
Trd, 4318732.643, 120
Trd, 4318732.793, 119
Trd, 4318734.493, 139
Trd, 4318734.793, 118
Trd, 4318734.893, 124
Trd, 4318736.043, 119
Trd, 4318736.343, 119
Trd, 4318737.243, 120
Trd, 4318738.493, 122
Trd, 4318739.593, 125
Trd, 4318740.493, 126
Trd, 4318741.343, 136
Trd, 4318741.443, 125
Trd, 4318741.643, 124
Trd, 4318742.343, 71
Trd, 4318743.693, 90
Trd, 4318745.093, 140
Trd, 4318745.643, 140
Trd, 4318746.143, 140
Trd, 4318746.343, 139
Trd, 4318746.543, 119
Trd, 4318747.193, 119
Trd, 4318747.943, 120
Trd, 4318749.693, 128
Trd, 4318750.093, 127
Trd, 4318751.143, 129
Trd, 4318751.793, 130
Trd, 4318751.893, 99
Trd, 4318752.243, 86
Trd, 4318752.593, 85
Trd, 4318754.343, 92
Trd, 4318754.443, 79
Trd, 4318756.793, 66
Trd, 4318758.443, 131
Trd, 4318758.543, 93
Trd, 4318759.393, 105
Trd, 4318759.493, 79
Trd, 4318759.693, 78
Trd, 4318760.443, 84
Trd, 4318760.893, 96
Trd, 4318761.643, 85
Trd, 4318763.143, 109
Trd, 4318763.343, 108
Trd, 4318763.693, 107
Trd, 4318763.843, 120
Trd, 4318764.993, 100
Trd, 4318766.193, 60
Trd, 4318766.493, 130
Trd, 4318767.793, 139
Trd, 4318767.893, 138
Trd, 4318768.793, 136
Trd, 4318769.093, 105
Trd, 4318770.193, 78
Trd, 4318770.943, 95
Trd, 4318771.293, 96
Trd, 4318771.893, 109
Trd, 4318772.393, 97
Trd, 4318773.393, 108
Trd, 4318773.493, 107
Trd, 4318773.793, 105
Trd, 4318775.443, 108
Trd, 4318776.693, 99
Trd, 4318777.443, 102
Trd, 4318778.143, 104
Trd, 4318778.643, 98
Trd, 4318778.793, 82
Trd, 4318779.493, 104
Trd, 4318780.393, 64
Trd, 4318783.643, 93
Trd, 4318783.843, 91
Trd, 4318784.043, 90
Trd, 4318785.343, 134
Trd, 4318785.393, 133
Trd, 4318786.143, 136
Trd, 4318787.143, 137
Trd, 4318787.793, 111
Trd, 4318788.343, 112
Trd, 4318788.543, 112
Trd, 4318788.593, 110
Trd, 4318789.943, 92
Trd, 4318792.143, 121
Trd, 4318792.593, 120
Trd, 4318793.093, 120
Trd, 4318794.143, 134
Trd, 4318794.793, 119
Trd, 4318794.893, 96
Trd, 4318796.393, 115
Trd, 4318797.143, 76
Trd, 4318798.443, 95
Trd, 4318799.943, 75
Trd, 4318800.843, 93
Trd, 4318801.843, 117
Trd, 4318802.043, 103
Trd, 4318803.243, 107
Trd, 4318804.193, 109
Trd, 4318804.543, 108
Trd, 4318806.493, 118
Trd, 4318806.943, 117
Trd, 4318807.193, 115
Trd, 4318807.793, 117
Trd, 4318807.843, 115
Trd, 4318810.093, 115
Trd, 4318810.143, 86
Trd, 4318810.843, 63
Trd, 4318811.443, 60
Trd, 4318812.293, 72
Trd, 4318812.993, 70
Trd, 4318813.093, 68
Trd, 4318813.843, 71
Trd, 4318814.693, 113
Trd, 4318818.593, 118
Trd, 4318819.343, 110
Trd, 4318820.193, 97
Trd, 4318820.293, 95
Trd, 4318821.093, 94
Trd, 4318822.493, 91
Trd, 4318823.093, 92
Trd, 4318824.743, 133
Trd, 4318824.993, 102
Trd, 4318826.493, 104
Trd, 4318826.743, 104
Trd, 4318827.393, 132
Trd, 4318828.293, 104
Trd, 4318828.593, 105
Trd, 4318830.143, 121
Trd, 4318830.493, 105
Trd, 4318831.043, 106
Trd, 4318831.093, 104
Trd, 4318831.643, 104
Trd, 4318833.493, 130
Trd, 4318833.543, 129
Trd, 4318834.193, 71
Trd, 4318834.793, 105
Trd, 4318835.193, 69
Trd, 4318836.193, 60
Trd, 4318839.043, 82
Trd, 4318839.293, 112
Trd, 4318839.343, 81
Trd, 4318841.243, 93
Trd, 4318841.543, 97
Trd, 4318841.943, 94
Trd, 4318843.643, 103
Trd, 4318843.943, 104
Trd, 4318845.093, 105
Trd, 4318845.143, 103
Trd, 4318845.293, 88
Trd, 4318846.443, 78
Trd, 4318847.943, 135
Trd, 4318849.643, 140
Trd, 4318849.893, 140
Trd, 4318850.243, 140
Trd, 4318851.843, 139
Trd, 4318851.943, 138
Trd, 4318853.093, 114
Trd, 4318853.193, 113
Trd, 4318853.793, 93
Trd, 4318854.143, 92
Trd, 4318854.593, 62
Trd, 4318855.543, 135
Trd, 4318856.093, 62
Trd, 4318858.693, 116
Trd, 4318860.293, 139
Trd, 4318860.793, 137
Trd, 4318860.943, 136
Trd, 4318861.193, 82
Trd, 4318861.493, 99
Trd, 4318861.843, 93
Trd, 4318863.243, 132
Trd, 4318864.593, 140
Trd, 4318865.143, 140
Trd, 4318865.793, 140
Trd, 4318866.643, 95
Trd, 4318868.843, 102
Trd, 4318869.043, 101
Trd, 4318869.343, 98
Trd, 4318871.443, 135
Trd, 4318871.543, 133
Trd, 4318871.643, 132
Trd, 4318871.743, 128
Trd, 4318872.893, 140
Trd, 4318873.043, 139
Trd, 4318873.093, 138
Trd, 4318874.393, 94
Trd, 4318875.793, 88
Trd, 4318876.043, 87
Trd, 4318876.543, 88
Trd, 4318878.543, 129
Trd, 4318881.543, 117
Trd, 4318882.343, 140
Trd, 4318882.443, 112
Trd, 4318882.543, 111
Trd, 4318885.143, 131
Trd, 4318885.393, 130
Trd, 4318887.343, 140
Trd, 4318887.393, 140
Trd, 4318887.743, 137
Trd, 4318888.243, 135
Trd, 4318889.643, 98
Trd, 4318892.093, 102
Trd, 4318892.393, 101
Trd, 4318893.743, 106
Trd, 4318894.193, 118
Trd, 4318894.293, 118
Trd, 4318894.543, 116
Trd, 4318895.393, 131
Trd, 4318896.343, 115
Trd, 4318896.743, 121
Trd, 4318898.693, 98
Trd, 4318899.043, 97
Trd, 4318899.143, 95
Trd, 4318900.093, 104
Trd, 4318900.143, 83
Trd, 4318901.093, 68
Trd, 4318902.243, 140
Trd, 4318903.093, 78
Trd, 4318904.443, 124
Trd, 4318904.693, 119
Trd, 4318904.893, 119
Trd, 4318905.343, 139
Trd, 4318905.443, 119
Trd, 4318907.343, 94
Trd, 4318908.243, 83
Trd, 4318909.993, 99
Trd, 4318910.193, 100
Trd, 4318911.443, 124
Trd, 4318913.393, 136
Trd, 4318913.593, 137
Trd, 4318914.493, 134
Trd, 4318914.843, 134
Trd, 4318915.193, 133
Trd, 4318915.543, 129
Trd, 4318917.593, 125
Trd, 4318918.593, 113
Trd, 4318919.193, 117
Trd, 4318919.443, 118
Trd, 4318920.793, 123
Trd, 4318922.493, 121
Trd, 4318922.693, 119
Trd, 4318923.443, 116
Trd, 4318924.543, 112
Trd, 4318924.793, 110
Trd, 4318925.193, 105
Trd, 4318926.943, 125
Trd, 4318927.243, 108
Trd, 4318928.793, 128
Trd, 4318929.143, 113
Trd, 4318930.243, 125
Trd, 4318931.093, 126
Trd, 4318931.293, 127
Trd, 4318931.793, 126
Trd, 4318932.493, 126
Trd, 4318933.843, 116
Trd, 4318933.993, 116
Trd, 4318934.443, 136
Trd, 4318935.443, 118
Trd, 4318935.693, 117
Trd, 4318936.843, 139
Trd, 4318936.993, 88
Trd, 4318937.643, 106
Trd, 4318938.093, 87
Trd, 4318938.293, 86
Trd, 4318939.493, 132
Trd, 4318940.493, 133
Trd, 4318941.193, 131
Trd, 4318941.243, 125
Trd, 4318943.743, 127
Trd, 4318944.293, 127
Trd, 4318944.693, 126
Trd, 4318944.743, 123
Trd, 4318946.393, 125
Trd, 4318947.493, 135
Trd, 4318947.743, 121
Trd, 4318948.593, 110
Trd, 4318948.943, 110
Trd, 4318951.293, 121
Trd, 4318951.393, 120
Trd, 4318952.343, 132
Trd, 4318952.443, 131
Trd, 4318952.843, 130
Trd, 4318952.893, 119
Trd, 4318954.093, 60
Trd, 4318954.793, 108
Trd, 4318955.943, 65
Trd, 4318957.243, 88
Trd, 4318957.793, 89
Trd, 4318959.893, 136
Trd, 4318959.993, 135
Trd, 4318960.443, 91
Trd, 4318960.493, 90
Trd, 4318960.793, 88
Trd, 4318962.043, 123
Trd, 4318963.293, 86
Trd, 4318965.193, 92
Trd, 4318965.693, 98
Trd, 4318966.243, 110
Trd, 4318966.393, 85
Trd, 4318967.193, 91
Trd, 4318967.743, 119
Trd, 4318968.993, 99
Trd, 4318969.643, 97
Trd, 4318971.093, 98
Trd, 4318971.443, 103
Trd, 4318971.893, 99
Trd, 4318972.143, 98
Trd, 4318972.593, 100
Trd, 4318973.843, 115
Trd, 4318973.893, 102
Trd, 4318974.343, 127
Trd, 4318976.193, 91
Trd, 4318978.643, 97
Trd, 4318979.343, 96
Trd, 4318979.493, 93
Trd, 4318979.693, 65
Trd, 4318980.543, 81
Trd, 4318980.643, 80
Trd, 4318982.293, 99
Trd, 4318982.743, 90
Trd, 4318983.393, 89
Trd, 4318985.093, 121
Trd, 4318985.193, 120
Trd, 4318985.943, 134
Trd, 4318987.493, 125
Trd, 4318987.543, 124
Trd, 4318987.893, 121
Trd, 4318988.143, 101
Trd, 4318990.593, 114
Trd, 4318990.643, 113
Trd, 4318990.693, 107
Trd, 4318991.993, 105
Trd, 4318993.493, 107
Trd, 4318993.943, 107
Trd, 4318994.343, 106
Trd, 4318995.293, 135
Trd, 4318995.343, 129
Trd, 4318997.093, 109
Trd, 4318997.143, 107
Trd, 4318997.593, 107
Trd, 4318997.843, 122
Trd, 4318998.593, 85
Trd, 4318999.643, 106
Trd, 4319000.243, 107
Trd, 4319001.043, 93
Trd, 4319001.093, 91
Trd, 4319003.093, 96
Trd, 4319004.843, 100
Trd, 4319004.943, 100
Trd, 4319005.993, 132
Trd, 4319006.493, 132
Trd, 4319006.543, 117
Trd, 4319006.693, 115
Trd, 4319007.143, 97
Trd, 4319007.493, 127
Trd, 4319007.943, 95
Trd, 4319008.093, 85
Trd, 4319009.543, 134
Trd, 4319010.143, 133
Trd, 4319012.343, 96
Trd, 4319012.943, 95
Trd, 4319013.543, 94
Trd, 4319015.643, 102
Trd, 4319015.693, 101
Trd, 4319016.093, 126
Trd, 4319016.193, 100
Trd, 4319016.393, 99
Trd, 4319019.493, 108
Trd, 4319019.543, 107
Trd, 4319020.243, 85
Trd, 4319021.093, 84
Trd, 4319021.743, 88
Trd, 4319021.993, 99
Trd, 4319022.843, 90
Trd, 4319023.193, 88
Trd, 4319024.743, 115
Trd, 4319024.793, 114
Trd, 4319025.893, 120
Trd, 4319026.543, 121
Trd, 4319028.043, 128
Trd, 4319028.093, 120
Trd, 4319028.743, 117
Trd, 4319029.393, 108
Trd, 4319029.793, 107
Trd, 4319031.943, 137
Trd, 4319032.093, 136
Trd, 4319033.243, 133
Trd, 4319033.593, 132
Trd, 4319033.993, 125
Trd, 4319034.743, 129
Trd, 4319034.843, 128
Trd, 4319035.093, 127
Trd, 4319035.993, 99
Trd, 4319036.243, 140
Trd, 4319036.443, 98
Trd, 4319037.443, 83
Trd, 4319040.043, 136
Trd, 4319040.643, 136
Trd, 4319040.793, 135
Trd, 4319040.893, 119
Trd, 4319042.593, 109
Trd, 4319043.443, 113
Trd, 4319043.593, 112
Trd, 4319043.993, 111
Trd, 4319045.143, 112
Trd, 4319046.193, 118
Trd, 4319046.593, 114
Trd, 4319047.243, 101
Trd, 4319047.793, 100
Trd, 4319048.993, 113
Trd, 4319049.043, 85
Trd, 4319049.193, 69
Trd, 4319050.193, 90
Trd, 4319050.843, 68
Trd, 4319052.643, 136
Trd, 4319054.143, 94
Trd, 4319054.493, 95
Trd, 4319054.993, 98
Trd, 4319055.643, 99
Trd, 4319056.293, 127
Trd, 4319057.793, 109
Trd, 4319057.893, 108
Trd, 4319058.093, 108
Trd, 4319058.493, 108
Trd, 4319060.243, 134
Trd, 4319061.343, 93
Trd, 4319061.693, 91
Trd, 4319062.443, 110
Trd, 4319062.593, 110
Trd, 4319062.693, 109
Trd, 4319064.143, 89
Trd, 4319064.343, 67
Trd, 4319065.443, 66
Trd, 4319065.993, 62
Trd, 4319066.493, 69
Trd, 4319068.343, 85
Trd, 4319069.543, 81
Trd, 4319070.393, 108
Trd, 4319071.293, 112
Trd, 4319072.243, 117
Trd, 4319072.893, 118
Trd, 4319073.293, 118
Trd, 4319073.543, 101
Trd, 4319073.593, 100
Trd, 4319074.543, 61
Trd, 4319075.643, 109
Trd, 4319077.593, 132
Trd, 4319078.493, 136
Trd, 4319078.893, 137
Trd, 4319079.593, 137
Trd, 4319079.743, 136
Trd, 4319079.993, 103
Trd, 4319080.743, 108
Trd, 4319081.093, 126
Trd, 4319082.343, 105
Trd, 4319082.493, 103
Trd, 4319086.493, 61
Trd, 4319087.593, 61
Trd, 4319088.793, 63
Trd, 4319089.293, 65
Trd, 4319090.843, 74
Trd, 4319091.093, 73
Trd, 4319091.543, 72
Trd, 4319091.743, 70
Trd, 4319092.543, 70
Trd, 4319093.693, 89
Trd, 4319094.543, 88
Trd, 4319095.993, 90
Trd, 4319096.093, 83
Trd, 4319096.393, 83
Trd, 4319098.343, 86
Trd, 4319100.143, 93
Trd, 4319100.243, 92
Trd, 4319100.543, 89
Trd, 4319101.993, 89
Trd, 4319102.043, 102
Trd, 4319102.793, 64
Trd, 4319103.893, 62
Trd, 4319106.493, 62
Trd, 4319107.943, 62
Trd, 4319108.343, 114
Trd, 4319109.043, 60
Trd, 4319109.743, 63
Trd, 4319109.943, 114
Trd, 4319111.993, 73
Trd, 4319112.193, 91
Trd, 4319112.693, 77
Trd, 4319112.743, 76
Trd, 4319113.393, 68
Trd, 4319114.243, 130
Trd, 4319114.893, 138
Trd, 4319116.943, 108
Trd, 4319117.043, 106
Trd, 4319118.343, 83
Trd, 4319118.443, 82
Trd, 4319119.043, 84
Trd, 4319119.443, 100
Trd, 4319120.893, 81
Trd, 4319121.243, 62
Trd, 4319123.293, 67
Trd, 4319124.193, 88
Trd, 4319124.493, 90
Trd, 4319125.243, 112
Trd, 4319125.743, 112
Trd, 4319126.443, 121
Trd, 4319127.093, 114
Trd, 4319127.793, 123
Trd, 4319128.593, 115
Trd, 4319129.393, 117
Trd, 4319129.843, 117
Trd, 4319130.143, 118
Trd, 4319131.393, 120
Trd, 4319131.543, 119
Trd, 4319133.393, 140
Trd, 4319134.443, 140
Trd, 4319135.093, 140
Trd, 4319135.343, 78
Trd, 4319135.443, 73
Trd, 4319136.193, 113
Trd, 4319137.793, 108
Trd, 4319139.343, 118
Trd, 4319139.793, 117
Trd, 4319140.543, 121
Trd, 4319141.743, 140
Trd, 4319142.193, 140
Trd, 4319142.393, 140
Trd, 4319143.143, 140
Trd, 4319143.443, 140
Trd, 4319143.993, 107
Trd, 4319144.743, 106
Trd, 4319146.093, 111
Trd, 4319146.193, 98
Trd, 4319147.343, 96
Trd, 4319147.943, 104
Trd, 4319148.143, 103
Trd, 4319149.393, 93
Trd, 4319152.293, 122
Trd, 4319152.593, 100
Trd, 4319153.193, 91
Trd, 4319153.793, 97
Trd, 4319153.843, 97
Trd, 4319154.643, 73
Trd, 4319155.593, 101
Trd, 4319157.893, 75
Trd, 4319159.043, 69
Trd, 4319159.193, 68
Trd, 4319159.893, 100
Trd, 4319159.943, 69
Trd, 4319160.393, 140
Trd, 4319161.193, 60
Trd, 4319161.893, 107
Trd, 4319162.193, 106
Trd, 4319162.843, 109
Trd, 4319163.493, 109
Trd, 4319164.443, 111
Trd, 4319164.843, 112
Trd, 4319165.243, 111
Trd, 4319167.493, 88
Trd, 4319168.993, 64
Trd, 4319170.043, 66
Trd, 4319170.293, 77
Trd, 4319170.593, 65
Trd, 4319171.343, 73
Trd, 4319172.043, 77
Trd, 4319172.143, 75
Trd, 4319173.693, 93
Trd, 4319174.293, 100
Trd, 4319175.343, 78
Trd, 4319176.343, 81
Trd, 4319177.943, 100
Trd, 4319178.543, 130
Trd, 4319178.593, 129
Trd, 4319179.543, 89
Trd, 4319179.943, 88
Trd, 4319180.593, 87
Trd, 4319182.393, 70
Trd, 4319183.093, 72
Trd, 4319183.393, 71
Trd, 4319184.293, 90
Trd, 4319184.393, 89
Trd, 4319185.343, 76
Trd, 4319185.743, 117
Trd, 4319187.143, 82
Trd, 4319187.893, 95
Trd, 4319189.243, 60
Trd, 4319190.943, 65
Trd, 4319193.493, 109
Trd, 4319193.793, 110
Trd, 4319193.993, 123
Trd, 4319194.443, 109
Trd, 4319194.843, 121
Trd, 4319195.693, 123
Trd, 4319196.093, 122
Trd, 4319196.493, 126
Trd, 4319197.593, 120
Trd, 4319198.593, 132
Trd, 4319198.693, 124
Trd, 4319199.093, 125
Trd, 4319200.243, 138
Trd, 4319200.793, 137
Trd, 4319201.193, 136
Trd, 4319201.993, 115
Trd, 4319202.493, 115
Trd, 4319203.843, 108
Trd, 4319203.993, 92
Trd, 4319204.293, 92
Trd, 4319206.143, 125
Trd, 4319207.093, 125
Trd, 4319207.743, 126
Trd, 4319208.543, 106
Trd, 4319210.293, 104
Trd, 4319210.993, 126
Trd, 4319211.193, 125
Trd, 4319211.343, 112
Trd, 4319213.043, 95
Trd, 4319213.393, 136
Trd, 4319213.493, 103
Trd, 4319213.543, 70
Trd, 4319215.193, 63
Trd, 4319216.293, 65
Trd, 4319216.343, 67
Trd, 4319217.643, 121
Trd, 4319218.343, 124
Trd, 4319218.693, 124
Trd, 4319218.843, 123
Trd, 4319219.443, 125
Trd, 4319220.793, 125
Trd, 4319221.043, 119
Trd, 4319221.143, 105
Trd, 4319221.843, 69
Trd, 4319222.493, 85
Trd, 4319223.393, 118
Trd, 4319224.593, 120
Trd, 4319224.843, 117
Trd, 4319225.343, 115
Trd, 4319225.993, 124
Trd, 4319226.293, 114
Trd, 4319227.593, 114
Trd, 4319228.293, 96
Trd, 4319230.393, 104
Trd, 4319230.443, 103
Trd, 4319230.843, 97
Trd, 4319231.943, 120
Trd, 4319232.743, 112
Trd, 4319233.693, 115
Trd, 4319235.043, 140
Trd, 4319235.943, 140
Trd, 4319236.143, 140
Trd, 4319236.343, 140
Trd, 4319237.893, 140
Trd, 4319239.743, 140
Trd, 4319241.293, 121
Trd, 4319241.343, 120
Trd, 4319241.443, 119
Trd, 4319241.593, 112
Trd, 4319242.393, 122
Trd, 4319243.993, 98
Trd, 4319244.743, 98
Trd, 4319245.843, 101
Trd, 4319247.943, 125
Trd, 4319248.443, 129
Trd, 4319248.593, 126
Trd, 4319249.943, 136
Trd, 4319250.393, 135
Trd, 4319251.593, 130
Trd, 4319251.893, 131
Trd, 4319252.843, 134
Trd, 4319253.143, 132
Trd, 4319255.593, 135
Trd, 4319256.043, 139
Trd, 4319256.693, 131
Trd, 4319257.043, 107
Trd, 4319257.593, 106
Trd, 4319258.093, 103
Trd, 4319260.343, 62
Trd, 4319261.043, 90
Trd, 4319261.443, 91
Trd, 4319261.543, 90
Trd, 4319262.443, 92
Trd, 4319263.293, 91
Trd, 4319265.493, 123
Trd, 4319265.843, 121
Trd, 4319266.043, 111
Trd, 4319266.843, 98
Trd, 4319268.493, 98
Trd, 4319269.493, 106
Trd, 4319270.243, 117
Trd, 4319270.343, 116
Trd, 4319271.193, 139
Trd, 4319271.593, 139
Trd, 4319271.843, 138
Trd, 4319274.243, 111
Trd, 4319274.693, 105
Trd, 4319275.093, 73
Trd, 4319276.293, 64
Trd, 4319277.493, 140
Trd, 4319278.293, 140
Trd, 4319278.343, 140
Trd, 4319280.193, 125
Trd, 4319280.543, 121
Trd, 4319281.293, 123
Trd, 4319281.343, 122
Trd, 4319281.593, 122
Trd, 4319281.743, 110
Trd, 4319282.243, 110
Trd, 4319283.393, 114
Trd, 4319283.993, 114
Trd, 4319285.043, 96
Trd, 4319285.143, 83
Trd, 4319287.443, 132
Trd, 4319287.743, 131
Trd, 4319288.193, 130
Trd, 4319288.893, 132
Trd, 4319289.393, 131
Trd, 4319289.743, 128
Trd, 4319289.893, 127
Trd, 4319290.093, 126
Trd, 4319291.493, 118
Trd, 4319291.543, 117
Trd, 4319292.593, 120
Trd, 4319293.443, 123
Trd, 4319294.493, 123
Trd, 4319294.693, 121
Trd, 4319294.843, 90
Trd, 4319295.893, 119
Trd, 4319296.543, 118
Trd, 4319296.693, 104
Trd, 4319297.143, 101
Trd, 4319297.743, 70
Trd, 4319300.493, 64
Trd, 4319300.843, 65
Trd, 4319301.193, 131
Trd, 4319302.193, 109
Trd, 4319302.843, 113
Trd, 4319303.543, 117
Trd, 4319303.743, 116
Trd, 4319303.893, 113
Trd, 4319305.443, 136
Trd, 4319306.893, 139
Trd, 4319307.093, 138
Trd, 4319307.993, 138
Trd, 4319308.693, 137
Trd, 4319309.443, 117
Trd, 4319310.243, 116
Trd, 4319310.393, 114
Trd, 4319310.893, 122
Trd, 4319311.293, 91
Trd, 4319312.693, 116
Trd, 4319313.443, 93
Trd, 4319314.193, 130
Trd, 4319315.293, 134
Trd, 4319315.743, 134
Trd, 4319315.943, 133
Trd, 4319316.193, 66
Trd, 4319316.693, 72
Trd, 4319319.593, 60
Trd, 4319320.743, 125
Trd, 4319320.893, 108
Trd, 4319321.643, 95
Trd, 4319323.143, 102
Trd, 4319323.293, 102
Trd, 4319324.093, 105
Trd, 4319325.293, 111
Trd, 4319325.993, 115
Trd, 4319327.793, 139
Trd, 4319328.093, 139
Trd, 4319328.893, 140
Trd, 4319329.143, 140
Trd, 4319329.843, 108
Trd, 4319329.893, 104
Trd, 4319330.743, 99
Trd, 4319332.543, 134
Trd, 4319333.093, 133
Trd, 4319333.693, 139
Trd, 4319334.243, 117
Trd, 4319334.343, 116
Trd, 4319335.293, 126
Trd, 4319337.393, 126
Trd, 4319337.893, 128
Trd, 4319338.743, 132
Trd, 4319339.343, 132
Trd, 4319339.743, 127
Trd, 4319340.243, 117
Trd, 4319341.443, 131
Trd, 4319341.943, 129
Trd, 4319342.193, 93
Trd, 4319342.693, 86
Trd, 4319342.993, 61
Trd, 4319345.543, 70
Trd, 4319345.893, 89
Trd, 4319346.743, 73
Trd, 4319348.193, 72
Trd, 4319348.743, 73
Trd, 4319349.443, 77
Trd, 4319350.293, 124
Trd, 4319351.943, 111
Trd, 4319352.443, 111
Trd, 4319353.543, 117
Trd, 4319353.593, 121
Trd, 4319354.543, 123
Trd, 4319355.493, 127
Trd, 4319355.893, 128
Trd, 4319356.143, 129
Trd, 4319356.543, 128
Trd, 4319356.943, 113
Trd, 4319358.393, 76
Trd, 4319358.643, 90
Trd, 4319359.093, 77
Trd, 4319360.193, 79
Trd, 4319360.493, 79
Trd, 4319361.743, 90
Trd, 4319362.593, 133
Trd, 4319362.993, 133
Trd, 4319364.343, 134
Trd, 4319364.493, 122
Trd, 4319364.643, 99
Trd, 4319367.143, 115
Trd, 4319368.293, 122
Trd, 4319368.993, 125
Trd, 4319369.493, 126
Trd, 4319369.643, 125
Trd, 4319371.393, 137
Trd, 4319371.543, 134
Trd, 4319371.743, 126
Trd, 4319371.793, 125
Trd, 4319372.143, 111
Trd, 4319373.293, 113
Trd, 4319373.993, 121
Trd, 4319376.293, 140
Trd, 4319377.643, 140
Trd, 4319377.743, 140
Trd, 4319378.393, 140
Trd, 4319378.843, 140
Trd, 4319379.143, 140
Trd, 4319380.293, 140
Trd, 4319380.343, 140
Trd, 4319380.643, 140
Trd, 4319381.943, 109
Trd, 4319382.143, 109
Trd, 4319382.893, 101
Trd, 4319383.143, 104
Trd, 4319384.293, 130
Trd, 4319384.343, 107
Trd, 4319385.143, 104
Trd, 4319386.943, 116
Trd, 4319387.493, 92
Trd, 4319387.743, 90
Trd, 4319388.843, 103
Trd, 4319390.743, 84
Trd, 4319391.993, 120
Trd, 4319392.193, 87
Trd, 4319392.843, 91
Trd, 4319394.593, 106
Trd, 4319395.493, 111
Trd, 4319396.093, 110
Trd, 4319396.193, 109
Trd, 4319396.793, 105
Trd, 4319397.043, 104
Trd, 4319397.993, 68
Trd, 4319398.343, 63
Trd, 4319399.093, 75
Trd, 4319400.293, 80
Trd, 4319400.493, 79
Trd, 4319401.143, 75
Trd, 4319401.743, 107
Trd, 4319403.343, 86
Trd, 4319404.343, 61
Trd, 4319405.043, 69
Trd, 4319406.193, 67
Trd, 4319408.793, 124
Trd, 4319408.843, 123
Trd, 4319409.093, 91
Trd, 4319409.793, 87
Trd, 4319410.043, 87
Trd, 4319410.193, 113
Trd, 4319410.243, 87
Trd, 4319411.743, 92
Trd, 4319412.093, 96
Trd, 4319412.243, 96
Trd, 4319414.793, 60
Trd, 4319417.143, 77
Trd, 4319418.393, 112
Trd, 4319418.493, 111
Trd, 4319419.243, 112
Trd, 4319419.443, 110
Trd, 4319420.093, 115
Trd, 4319420.843, 115
Trd, 4319421.493, 116
Trd, 4319422.593, 133
Trd, 4319423.593, 117
Trd, 4319424.693, 136
Trd, 4319424.943, 127
Trd, 4319426.693, 115
Trd, 4319427.943, 98
Trd, 4319428.743, 99
Trd, 4319429.793, 105
Trd, 4319430.943, 131
Trd, 4319430.993, 130
Trd, 4319431.343, 130
Trd, 4319432.443, 100
Trd, 4319433.243, 94
Trd, 4319434.393, 137
Trd, 4319434.743, 81
Trd, 4319435.493, 103
Trd, 4319435.693, 79
Trd, 4319436.843, 115
Trd, 4319438.393, 117
Trd, 4319438.693, 100
Trd, 4319439.643, 88
Trd, 4319440.843, 140
Trd, 4319441.043, 140
Trd, 4319441.443, 137
Trd, 4319443.343, 101
Trd, 4319444.043, 101
Trd, 4319444.093, 100
Trd, 4319445.243, 140
Trd, 4319446.343, 140
Trd, 4319446.993, 140
Trd, 4319447.393, 140
Trd, 4319447.843, 140
Trd, 4319448.943, 140
Trd, 4319449.043, 140
Trd, 4319449.743, 140
Trd, 4319450.843, 137
Trd, 4319450.893, 136
Trd, 4319455.043, 127
Trd, 4319455.193, 126
Trd, 4319455.693, 119
Trd, 4319455.893, 118
Trd, 4319457.293, 123
Trd, 4319459.543, 140
Trd, 4319459.743, 140
Trd, 4319459.793, 120
Trd, 4319461.493, 118
Trd, 4319461.593, 113
Trd, 4319461.693, 111
Trd, 4319462.143, 69
Trd, 4319462.343, 68
Trd, 4319463.343, 66
Trd, 4319464.493, 73
Trd, 4319465.093, 70
Trd, 4319467.543, 101
Trd, 4319467.793, 95
Trd, 4319468.143, 94
Trd, 4319468.243, 137
Trd, 4319469.143, 97
Trd, 4319469.443, 96
Trd, 4319469.643, 95
Trd, 4319471.043, 97
Trd, 4319471.543, 60
Trd, 4319472.043, 84
Trd, 4319473.193, 65
Trd, 4319474.593, 76
Trd, 4319474.693, 75
Trd, 4319475.093, 72
Trd, 4319475.193, 63
Trd, 4319475.843, 74
Trd, 4319476.193, 69
Trd, 4319478.043, 62
Trd, 4319478.093, 69
Trd, 4319480.843, 61
Trd, 4319481.043, 63
Trd, 4319481.893, 71
Trd, 4319482.743, 75
Trd, 4319483.693, 81
Trd, 4319485.193, 88
Trd, 4319485.593, 84
Trd, 4319485.693, 83
Trd, 4319486.293, 84
Trd, 4319487.543, 77
Trd, 4319487.993, 115
Trd, 4319488.443, 77
Trd, 4319489.943, 111
Trd, 4319490.393, 98
Trd, 4319490.993, 97
Trd, 4319491.743, 85
Trd, 4319491.793, 84
Trd, 4319494.893, 98
Trd, 4319495.393, 132
Trd, 4319496.193, 134
Trd, 4319498.343, 140
Trd, 4319498.693, 140
Trd, 4319498.793, 137
Trd, 4319499.293, 95
Trd, 4319499.493, 97
Trd, 4319499.793, 115
Trd, 4319500.793, 115
Trd, 4319501.243, 93
Trd, 4319503.043, 71
Trd, 4319503.893, 109
Trd, 4319504.193, 105
Trd, 4319504.493, 102
Trd, 4319504.843, 100
Trd, 4319504.943, 82
Trd, 4319508.043, 70
Trd, 4319508.743, 69
Trd, 4319508.943, 108
Trd, 4319508.993, 69
Trd, 4319509.393, 84
Trd, 4319511.443, 92
Trd, 4319513.043, 99
Trd, 4319513.293, 97
Trd, 4319513.943, 95
Trd, 4319515.193, 90
Trd, 4319516.093, 91
Trd, 4319516.393, 135
Trd, 4319518.293, 101
Trd, 4319518.693, 102
Trd, 4319518.993, 104
Trd, 4319519.343, 115
Trd, 4319519.493, 114
Trd, 4319521.943, 92
Trd, 4319522.243, 92
Trd, 4319522.693, 92
Trd, 4319524.643, 127
Trd, 4319524.693, 126
Trd, 4319525.243, 92
Trd, 4319525.743, 128
Trd, 4319526.093, 95
Trd, 4319526.493, 95
Trd, 4319528.393, 132
Trd, 4319529.793, 140
Trd, 4319529.843, 140
Trd, 4319531.093, 140
Trd, 4319531.293, 140
Trd, 4319531.593, 140
Trd, 4319531.743, 140
Trd, 4319533.443, 77
Trd, 4319534.493, 80
Trd, 4319534.893, 91
Trd, 4319535.243, 129
Trd, 4319535.393, 82
Trd, 4319536.693, 118
Trd, 4319538.843, 115
Trd, 4319538.943, 114
Trd, 4319539.043, 102
Trd, 4319539.693, 105
Trd, 4319540.793, 108
Trd, 4319541.393, 107
Trd, 4319541.693, 69
Trd, 4319542.543, 97
Trd, 4319542.843, 108
Trd, 4319544.593, 84
Trd, 4319544.643, 110
Trd, 4319544.693, 68
Trd, 4319545.343, 66
Trd, 4319546.093, 83
Trd, 4319546.293, 81
Trd, 4319548.093, 104
Trd, 4319549.643, 84
Trd, 4319550.943, 85
Trd, 4319551.393, 85
Trd, 4319551.593, 92
Trd, 4319551.943, 103
Trd, 4319552.143, 87
Trd, 4319552.843, 139
Trd, 4319553.143, 116
Trd, 4319554.293, 118
Trd, 4319554.893, 137
Trd, 4319555.243, 118
Trd, 4319555.943, 118
Trd, 4319555.993, 117
Trd, 4319558.093, 84
Trd, 4319558.193, 81
Trd, 4319560.393, 133
Trd, 4319560.943, 132
Trd, 4319561.493, 123
Trd, 4319563.443, 93
Trd, 4319564.493, 98
Trd, 4319564.693, 98
Trd, 4319565.043, 97
Trd, 4319565.143, 88
Trd, 4319567.593, 87
Trd, 4319569.643, 128
Trd, 4319569.793, 90
Trd, 4319570.643, 80
Trd, 4319571.393, 68
Trd, 4319572.443, 85
Trd, 4319573.443, 115
Trd, 4319573.543, 114
Trd, 4319573.893, 91
Trd, 4319574.293, 102
Trd, 4319575.293, 73
Trd, 4319576.093, 126
Trd, 4319576.343, 124
Trd, 4319578.393, 130
Trd, 4319578.493, 130
Trd, 4319580.343, 139
Trd, 4319581.243, 121
Trd, 4319582.043, 135
Trd, 4319582.243, 134
Trd, 4319583.243, 131
Trd, 4319584.443, 130
Trd, 4319584.543, 129
Trd, 4319584.593, 123
Trd, 4319585.693, 125
Trd, 4319586.593, 127
Trd, 4319587.443, 129
Trd, 4319588.143, 128
Trd, 4319589.593, 117
Trd, 4319589.893, 117
Trd, 4319590.193, 117
Trd, 4319590.243, 116
Trd, 4319590.293, 115
Trd, 4319591.993, 129
Trd, 4319592.093, 127
Trd, 4319594.443, 129
Trd, 4319596.943, 138
Trd, 4319597.043, 137
Trd, 4319597.493, 136
Trd, 4319597.693, 136
Trd, 4319597.993, 123
Trd, 4319598.693, 124
Trd, 4319600.093, 126
Trd, 4319600.993, 137
Trd, 4319601.543, 125
Trd, 4319602.093, 136
Trd, 4319602.543, 135
Trd, 4319604.943, 126
Trd, 4319604.993, 125
Trd, 4319605.693, 125
Trd, 4319606.193, 125
Trd, 4319608.593, 140
Trd, 4319609.043, 140
Trd, 4319609.243, 118
Trd, 4319609.593, 109
Trd, 4319610.143, 92
Trd, 4319611.193, 84
Trd, 4319612.193, 132
Trd, 4319612.793, 89
Trd, 4319613.493, 109
Trd, 4319613.843, 93
Trd, 4319614.893, 84
Trd, 4319614.943, 83
Trd, 4319615.943, 79
Trd, 4319616.943, 123
Trd, 4319617.793, 118
Trd, 4319618.593, 114
Trd, 4319619.293, 130
Trd, 4319619.393, 129
Trd, 4319620.793, 70
Trd, 4319622.093, 129
Trd, 4319622.143, 128
Trd, 4319623.493, 122
Trd, 4319624.393, 132
Trd, 4319625.243, 128
Trd, 4319625.293, 122
Trd, 4319626.193, 77
Trd, 4319626.693, 130
Trd, 4319627.143, 130
Trd, 4319627.543, 131
Trd, 4319628.593, 123
Trd, 4319629.243, 124
Trd, 4319629.843, 123
Trd, 4319630.543, 122
Trd, 4319631.143, 116
Trd, 4319631.243, 115
Trd, 4319632.843, 116
Trd, 4319633.343, 88
Trd, 4319634.743, 130
Trd, 4319635.543, 111
Trd, 4319636.943, 139
Trd, 4319637.193, 131
Trd, 4319638.043, 112
Trd, 4319638.193, 109
Trd, 4319638.543, 99
Trd, 4319638.643, 98
Trd, 4319639.293, 130
Trd, 4319639.943, 101
Trd, 4319640.443, 100
Trd, 4319643.493, 104
Trd, 4319643.943, 108
Trd, 4319644.443, 111
Trd, 4319645.493, 113
Trd, 4319646.143, 116
Trd, 4319646.193, 115
Trd, 4319646.843, 83
Trd, 4319646.993, 95
Trd, 4319648.543, 69
Trd, 4319648.993, 130
Trd, 4319650.143, 131
Trd, 4319650.243, 129
Trd, 4319650.743, 131
Trd, 4319651.443, 139
Trd, 4319653.043, 140
Trd, 4319654.643, 140
Trd, 4319654.993, 140
Trd, 4319655.643, 63
Trd, 4319655.893, 113
Trd, 4319656.893, 104
Trd, 4319657.243, 94
Trd, 4319660.293, 67
Trd, 4319661.193, 64
Trd, 4319661.443, 66
Trd, 4319662.793, 73
Trd, 4319662.843, 80
Trd, 4319662.943, 72
Trd, 4319663.293, 107
Trd, 4319666.793, 102
Trd, 4319666.843, 101
Trd, 4319669.343, 109
Trd, 4319669.393, 85
Trd, 4319670.093, 119
Trd, 4319670.393, 80
Trd, 4319672.193, 89
Trd, 4319672.593, 96
Trd, 4319672.843, 93
Trd, 4319674.143, 98
Trd, 4319675.143, 101
Trd, 4319675.343, 100
Trd, 4319675.493, 101
Trd, 4319677.593, 104
Trd, 4319678.493, 102
Trd, 4319678.843, 89
Trd, 4319679.393, 77
Trd, 4319679.843, 73
Trd, 4319681.743, 76
Trd, 4319681.793, 72
Trd, 4319683.093, 127
Trd, 4319684.143, 110
Trd, 4319684.443, 109
Trd, 4319684.493, 106
Trd, 4319686.193, 107
Trd, 4319686.443, 104
Trd, 4319686.793, 105
Trd, 4319688.493, 98
Trd, 4319689.993, 131
Trd, 4319690.543, 99
Trd, 4319690.593, 114
Trd, 4319691.243, 111
Trd, 4319691.793, 102
Trd, 4319693.293, 119
Trd, 4319694.143, 114
Trd, 4319694.343, 113
Trd, 4319694.493, 112
Trd, 4319696.543, 122
Trd, 4319697.043, 123
Trd, 4319698.143, 128
Trd, 4319698.393, 127
Trd, 4319699.993, 126
Trd, 4319700.493, 127
Trd, 4319701.343, 128
Trd, 4319702.093, 130
Trd, 4319702.293, 127
Trd, 4319703.343, 137
Trd, 4319704.493, 137
Trd, 4319705.293, 137
Trd, 4319706.193, 140
Trd, 4319708.243, 140
Trd, 4319708.443, 139
Trd, 4319709.843, 114
Trd, 4319710.343, 127
Trd, 4319710.593, 109
Trd, 4319711.743, 90
Trd, 4319712.943, 113
Trd, 4319713.143, 105
Trd, 4319714.093, 106
Trd, 4319714.143, 115
Trd, 4319715.643, 85
Trd, 4319716.393, 102
Trd, 4319717.093, 60
Trd, 4319719.443, 74
Trd, 4319720.843, 75
Trd, 4319722.243, 112
Trd, 4319722.793, 131
Trd, 4319723.493, 120
Trd, 4319723.743, 121
Trd, 4319724.343, 129
Trd, 4319724.943, 130
Trd, 4319725.643, 131
Trd, 4319726.043, 131
Trd, 4319726.743, 100
Trd, 4319726.893, 98
Trd, 4319728.893, 121
Trd, 4319729.043, 101
Trd, 4319729.143, 128
Trd, 4319729.693, 97
Trd, 4319730.193, 100
Trd, 4319730.693, 100
Trd, 4319731.993, 99
Trd, 4319732.693, 103
Trd, 4319733.393, 105
Trd, 4319734.893, 61
Trd, 4319735.243, 100
Trd, 4319735.993, 118
Trd, 4319736.093, 118
Trd, 4319736.243, 117
Trd, 4319737.043, 97
Trd, 4319737.993, 96
Trd, 4319738.693, 82
Trd, 4319738.793, 113
Trd, 4319739.143, 80
Trd, 4319743.093, 140
Trd, 4319743.193, 140
Trd, 4319744.343, 140
Trd, 4319744.643, 140
Trd, 4319744.893, 140
Trd, 4319744.943, 140
Trd, 4319745.343, 119
Trd, 4319745.993, 84
Trd, 4319746.743, 98
Trd, 4319747.843, 112
Trd, 4319747.893, 102
Trd, 4319748.293, 102
Trd, 4319749.243, 102
Trd, 4319750.843, 136
Trd, 4319751.043, 135
Trd, 4319751.143, 123
Trd, 4319751.543, 99
Trd, 4319752.443, 93
Trd, 4319753.343, 91
Trd, 4319753.743, 116
Trd, 4319754.993, 85
Trd, 4319756.493, 113
Trd, 4319757.243, 117
Trd, 4319757.393, 133
Trd, 4319758.843, 124
Trd, 4319760.143, 89
Trd, 4319760.843, 117
Trd, 4319761.443, 95
Trd, 4319762.443, 82
Trd, 4319763.693, 117
Trd, 4319764.243, 85
Trd, 4319764.693, 87
Trd, 4319765.593, 109
Trd, 4319765.993, 109
Trd, 4319766.743, 111
Trd, 4319768.343, 112
Trd, 4319768.843, 133
Trd, 4319769.343, 114
Trd, 4319770.543, 114
Trd, 4319770.793, 128
Trd, 4319771.343, 113
Trd, 4319772.093, 88
Trd, 4319773.043, 86
Trd, 4319773.593, 71
Trd, 4319775.693, 120
Trd, 4319777.343, 140
Trd, 4319777.743, 98
Trd, 4319778.493, 121
Trd, 4319778.543, 120
Trd, 4319779.243, 69
Trd, 4319779.693, 106
Trd, 4319780.193, 92
Trd, 4319780.543, 89
Trd, 4319782.193, 101
Trd, 4319782.393, 101
Trd, 4319782.743, 102
Trd, 4319784.043, 106
Trd, 4319784.443, 125
Trd, 4319785.593, 111
Trd, 4319786.043, 111
Trd, 4319787.243, 110
Trd, 4319788.293, 130
Trd, 4319788.893, 129
Trd, 4319789.193, 132
Trd, 4319789.293, 130
Trd, 4319790.493, 98
Trd, 4319791.593, 123
Trd, 4319792.793, 97
Trd, 4319794.293, 99
Trd, 4319794.393, 91
Trd, 4319794.493, 87
Trd, 4319795.493, 91
Trd, 4319795.893, 90
Trd, 4319796.193, 90
Trd, 4319796.293, 101
Trd, 4319796.643, 83
Trd, 4319797.843, 90
Trd, 4319797.993, 88
Trd, 4319800.593, 105
Trd, 4319800.993, 126
Trd, 4319801.293, 104
Trd, 4319801.893, 119
Trd, 4319802.043, 109
Trd, 4319802.243, 100
Trd, 4319803.093, 122
Trd, 4319803.493, 128
Trd, 4319804.943, 115
Trd, 4319804.993, 114
Trd, 4319806.793, 132
Trd, 4319808.093, 128
Trd, 4319809.393, 125
Trd, 4319809.693, 126
Trd, 4319809.843, 124
Trd, 4319810.243, 120
Trd, 4319811.993, 104
Trd, 4319812.493, 104
Trd, 4319812.893, 104
Trd, 4319814.193, 106
Trd, 4319815.243, 118
Trd, 4319816.743, 129
Trd, 4319817.443, 114
Trd, 4319818.193, 132
Trd, 4319818.443, 114
Trd, 4319819.143, 112
Trd, 4319819.743, 99
Trd, 4319820.643, 100
Trd, 4319821.643, 125
Trd, 4319823.043, 129
Trd, 4319823.093, 121
Trd, 4319823.243, 106
Trd, 4319824.493, 62
Trd, 4319825.393, 61
Trd, 4319825.443, 93
Trd, 4319827.143, 83
Trd, 4319828.293, 69
Trd, 4319830.243, 116
Trd, 4319830.493, 122
Trd, 4319830.793, 122
Trd, 4319831.243, 123
Trd, 4319831.293, 113
Trd, 4319831.743, 97
Trd, 4319832.043, 64
Trd, 4319833.643, 86
Trd, 4319834.343, 78
Trd, 4319835.393, 82
Trd, 4319835.943, 82
Trd, 4319836.543, 83
Trd, 4319838.343, 98
Trd, 4319839.043, 90
Trd, 4319839.543, 102
Trd, 4319839.993, 90
Trd, 4319840.343, 91
Trd, 4319841.893, 95
Trd, 4319842.043, 94
Trd, 4319842.493, 109
Trd, 4319842.943, 95
Trd, 4319844.193, 96
Trd, 4319845.443, 111
Trd, 4319845.593, 110
Trd, 4319845.643, 109
Trd, 4319847.043, 94
Trd, 4319848.393, 99
Trd, 4319848.593, 78
Trd, 4319849.443, 61
Trd, 4319851.143, 96
Trd, 4319851.443, 107
Trd, 4319852.093, 95
Trd, 4319853.043, 138
Trd, 4319853.093, 137
Trd, 4319854.693, 140
Trd, 4319856.343, 140
Trd, 4319857.243, 140
Trd, 4319857.593, 140
Trd, 4319857.693, 89
Trd, 4319857.943, 128
Trd, 4319859.443, 72
Trd, 4319860.693, 92
Trd, 4319860.993, 84
Trd, 4319861.293, 86
Trd, 4319862.143, 139
Trd, 4319862.543, 118
Trd, 4319862.793, 118
Trd, 4319863.693, 125
Trd, 4319864.443, 121
Trd, 4319865.343, 108
Trd, 4319865.643, 119
Trd, 4319866.643, 108
Trd, 4319866.943, 91
Trd, 4319869.343, 125
Trd, 4319869.893, 125
Trd, 4319870.493, 134
Trd, 4319871.093, 123
Trd, 4319871.143, 120
Trd, 4319871.843, 111
Trd, 4319872.593, 136
Trd, 4319872.793, 77
Trd, 4319873.743, 88
Trd, 4319875.143, 88
Trd, 4319876.343, 80
Trd, 4319876.393, 79
Trd, 4319877.093, 61
Trd, 4319878.093, 78
Trd, 4319879.393, 125
Trd, 4319879.543, 78
Trd, 4319879.743, 63
Trd, 4319881.943, 103
Trd, 4319883.693, 66
Trd, 4319884.943, 60
Trd, 4319885.093, 60
Trd, 4319887.893, 108
Trd, 4319888.043, 108
Trd, 4319888.493, 109
Trd, 4319888.893, 108
Trd, 4319888.993, 107
Trd, 4319889.443, 137
Trd, 4319890.493, 87
Trd, 4319892.543, 131
Trd, 4319893.443, 132
Trd, 4319893.543, 132
Trd, 4319894.243, 134
Trd, 4319894.443, 133
Trd, 4319896.193, 136
Trd, 4319896.293, 135
Trd, 4319896.593, 127
Trd, 4319897.593, 130
Trd, 4319898.243, 129
Trd, 4319898.943, 129
Trd, 4319899.293, 125
Trd, 4319899.743, 113
Trd, 4319901.093, 114
Trd, 4319901.543, 113
Trd, 4319904.243, 134
Trd, 4319904.993, 135
Trd, 4319905.543, 136
Trd, 4319905.893, 135
Trd, 4319905.993, 134
Trd, 4319906.843, 98
Trd, 4319908.743, 114
Trd, 4319909.193, 113
Trd, 4319909.643, 103
Trd, 4319910.193, 117
Trd, 4319910.493, 89
Trd, 4319913.443, 68
Trd, 4319913.943, 71
Trd, 4319914.393, 72
Trd, 4319914.793, 75
Trd, 4319915.643, 79
Trd, 4319916.093, 81
Trd, 4319916.143, 80
Trd, 4319919.193, 121
Trd, 4319919.743, 122
Trd, 4319919.893, 120
Trd, 4319920.643, 116
Trd, 4319921.443, 75
Trd, 4319921.643, 74
Trd, 4319923.043, 94
Trd, 4319924.443, 115
Trd, 4319924.743, 115
Trd, 4319924.943, 114
Trd, 4319926.993, 63
Trd, 4319928.043, 71
Trd, 4319928.843, 124
Trd, 4319929.243, 107
Trd, 4319929.493, 86
Trd, 4319930.293, 90
Trd, 4319930.543, 90
Trd, 4319930.643, 88
Trd, 4319931.693, 140
Trd, 4319932.193, 140
Trd, 4319933.093, 140
Trd, 4319934.193, 108
Trd, 4319935.243, 108
Trd, 4319935.293, 107
Trd, 4319935.343, 94
Trd, 4319939.743, 139
Trd, 4319939.943, 135
Trd, 4319939.993, 134
Trd, 4319940.293, 111
Trd, 4319940.393, 105
Trd, 4319940.993, 124
Trd, 4319941.743, 125
Trd, 4319942.193, 123
Trd, 4319942.243, 90
Trd, 4319943.243, 89
Trd, 4319943.743, 94
Trd, 4319944.293, 99
Trd, 4319945.293, 138
Trd, 4319945.843, 137
Trd, 4319946.043, 112
Trd, 4319949.593, 70
Trd, 4319949.743, 69
Trd, 4319950.343, 71
Trd, 4319950.993, 74
Trd, 4319951.543, 91
Trd, 4319951.693, 77
Trd, 4319952.143, 75
Trd, 4319952.293, 66
Trd, 4319952.543, 84
Trd, 4319954.543, 77
Trd, 4319955.193, 76
Trd, 4319956.593, 80
Trd, 4319957.593, 86
Trd, 4319959.443, 118
Trd, 4319959.743, 117
Trd, 4319961.243, 121
Trd, 4319962.343, 124
Trd, 4319963.143, 124
Trd, 4319963.643, 126
Trd, 4319963.743, 125
Trd, 4319964.143, 125
Trd, 4319964.993, 125
Trd, 4319965.643, 120
Trd, 4319965.893, 89
Trd, 4319968.243, 116
Trd, 4319968.543, 115
Trd, 4319970.243, 137
Trd, 4319970.643, 134
Trd, 4319971.143, 118
Trd, 4319972.743, 137
Trd, 4319972.943, 136
Trd, 4319973.893, 124
Trd, 4319974.543, 127
Trd, 4319974.643, 127
Trd, 4319975.193, 89
Trd, 4319976.893, 133
Trd, 4319977.043, 131
Trd, 4319977.143, 130
Trd, 4319977.943, 62
Trd, 4319978.343, 131
Trd, 4319979.793, 138
Trd, 4319979.893, 99
Trd, 4319981.743, 83
Trd, 4319983.593, 86
Trd, 4319983.893, 85
Trd, 4319984.393, 98
Trd, 4319985.793, 86
Trd, 4319987.243, 125
Trd, 4319987.393, 106
Trd, 4319988.193, 60
Trd, 4319989.343, 110
Trd, 4319990.943, 140
Trd, 4319990.993, 140
Trd, 4319991.193, 140
Trd, 4319991.843, 139
Trd, 4319991.893, 116
Trd, 4319992.393, 71
Trd, 4319993.143, 125
Trd, 4319993.843, 129
Trd, 4319994.893, 137
Trd, 4319994.943, 136
Trd, 4319995.143, 129
Trd, 4319995.293, 97
Trd, 4319995.443, 89
Trd, 4319997.993, 69
Trd, 4319999.143, 89
Trd, 4319999.493, 82
Trd, 4319999.843, 77
