Trd, 4318136.743, 137
Trd, 4318137.643, 134
Trd, 4318137.693, 128
Trd, 4318138.293, 130
Trd, 4318138.993, 108
Trd, 4318139.893, 111
Trd, 4318140.843, 99
Trd, 4318141.893, 116
Trd, 4318142.343, 132
Trd, 4318142.793, 88
Trd, 4318143.143, 112
Trd, 4318143.593, 99
Trd, 4318144.193, 78
Trd, 4318145.643, 83
Trd, 4318145.893, 89
Trd, 4318147.743, 132
Trd, 4318148.343, 113
Trd, 4318148.643, 136
Trd, 4318148.893, 115
Trd, 4318149.643, 117
Trd, 4318150.043, 90
Trd, 4318150.143, 110
Trd, 4318150.843, 67
Trd, 4318150.893, 132
Trd, 4318151.643, 86
Trd, 4318153.393, 77
Trd, 4318155.043, 119
Trd, 4318155.743, 113
Trd, 4318155.993, 112
Trd, 4318157.743, 120
Trd, 4318157.993, 95
Trd, 4318158.043, 80
Trd, 4318158.793, 134
Trd, 4318159.193, 90
Trd, 4318159.693, 135
Trd, 4318159.793, 111
Trd, 4318161.393, 108
Trd, 4318161.843, 92
Trd, 4318163.343, 80
Trd, 4318163.543, 86
Trd, 4318164.493, 138
Trd, 4318164.543, 136
Trd, 4318164.893, 107
Trd, 4318166.343, 87
Trd, 4318166.943, 84
Trd, 4318167.043, 106
Trd, 4318167.343, 81
Trd, 4318168.543, 118
Trd, 4318168.893, 120
Trd, 4318170.243, 116
Trd, 4318170.843, 111
Trd, 4318170.993, 134
Trd, 4318172.093, 110
Trd, 4318172.393, 139
Trd, 4318172.993, 97
Trd, 4318173.393, 103
Trd, 4318173.893, 92
Trd, 4318174.993, 112
Trd, 4318177.093, 136
Trd, 4318177.493, 105
Trd, 4318177.543, 102
Trd, 4318178.043, 73
Trd, 4318178.893, 121
Trd, 4318179.593, 122
Trd, 4318179.693, 114
Trd, 4318180.943, 88
Trd, 4318182.693, 118
Trd, 4318182.843, 92
Trd, 4318182.943, 86
Trd, 4318182.993, 119
Trd, 4318184.293, 96
Trd, 4318184.693, 66
Trd, 4318184.893, 134
Trd, 4318186.093, 101
Trd, 4318186.693, 128
Trd, 4318186.843, 99
Trd, 4318188.143, 108
Trd, 4318189.443, 137
Trd, 4318189.893, 108
Trd, 4318190.343, 114
Trd, 4318190.893, 102
Trd, 4318192.093, 103
Trd, 4318192.493, 105
Trd, 4318192.643, 127
Trd, 4318192.693, 68
Trd, 4318193.443, 132
Trd, 4318193.743, 114
Trd, 4318195.343, 64
Trd, 4318196.343, 135
Trd, 4318196.593, 126
Trd, 4318196.993, 93
Trd, 4318197.593, 77
Trd, 4318198.593, 102
Trd, 4318199.293, 139
Trd, 4318199.343, 138
Trd, 4318199.743, 75
Trd, 4318200.893, 131
Trd, 4318201.343, 105
Trd, 4318202.393, 122
Trd, 4318203.493, 129
Trd, 4318205.343, 132
Trd, 4318205.393, 126
Trd, 4318206.843, 121
Trd, 4318207.493, 140
Trd, 4318208.043, 122
Trd, 4318208.293, 122
Trd, 4318208.693, 113
Trd, 4318208.843, 103
Trd, 4318209.993, 111
Trd, 4318210.693, 132
Trd, 4318210.793, 65
Trd, 4318211.193, 135
Trd, 4318211.593, 108
Trd, 4318212.893, 102
Trd, 4318213.943, 105
Trd, 4318214.893, 103
Trd, 4318216.043, 130
Trd, 4318216.093, 107
Trd, 4318216.643, 94
Trd, 4318218.543, 133
Trd, 4318218.993, 131
Trd, 4318219.193, 119
Trd, 4318219.943, 106
Trd, 4318220.393, 103
Trd, 4318221.093, 103
Trd, 4318221.243, 102
Trd, 4318221.943, 66
Trd, 4318222.043, 71
Trd, 4318222.643, 118
Trd, 4318222.743, 114
Trd, 4318223.593, 66
Trd, 4318224.693, 116
Trd, 4318225.393, 115
Trd, 4318226.093, 131
Trd, 4318226.543, 123
Trd, 4318227.193, 104
Trd, 4318228.493, 135
Trd, 4318228.843, 116
Trd, 4318230.593, 106
Trd, 4318230.793, 130
Trd, 4318230.893, 67
Trd, 4318231.243, 63
Trd, 4318232.493, 107
Trd, 4318233.443, 127
Trd, 4318233.643, 128
Trd, 4318235.093, 114
Trd, 4318235.193, 110
Trd, 4318236.043, 133
Trd, 4318237.043, 109
Trd, 4318237.343, 103
Trd, 4318238.293, 103
Trd, 4318238.693, 134
Trd, 4318238.943, 102
Trd, 4318238.993, 94
Trd, 4318239.593, 114
Trd, 4318240.043, 78
Trd, 4318241.943, 92
Trd, 4318242.543, 94
Trd, 4318244.043, 138
Trd, 4318244.743, 138
Trd, 4318244.793, 137
Trd, 4318244.943, 132
Trd, 4318245.243, 121
Trd, 4318246.043, 88
Trd, 4318246.843, 112
Trd, 4318246.893, 76
Trd, 4318250.293, 115
Trd, 4318250.593, 113
Trd, 4318250.893, 109
Trd, 4318251.293, 108
Trd, 4318251.543, 107
Trd, 4318252.193, 113
Trd, 4318253.393, 127
Trd, 4318253.543, 110
Trd, 4318253.793, 107
Trd, 4318254.143, 123
Trd, 4318256.793, 104
Trd, 4318257.043, 103
Trd, 4318257.643, 75
Trd, 4318258.093, 118
Trd, 4318258.193, 74
Trd, 4318258.343, 85
Trd, 4318259.043, 83
Trd, 4318259.793, 136
Trd, 4318259.843, 83
Trd, 4318261.593, 113
Trd, 4318261.693, 110
Trd, 4318262.143, 125
Trd, 4318262.693, 139
Trd, 4318264.743, 78
Trd, 4318264.893, 94
Trd, 4318264.993, 95
Trd, 4318265.893, 134
Trd, 4318265.993, 127
Trd, 4318266.343, 112
Trd, 4318268.143, 137
Trd, 4318268.293, 80
Trd, 4318268.693, 60
Trd, 4318269.793, 90
Trd, 4318270.843, 105
Trd, 4318271.593, 86
Trd, 4318272.143, 68
Trd, 4318272.393, 68
Trd, 4318273.093, 72
Trd, 4318273.843, 125
Trd, 4318274.443, 66
Trd, 4318276.143, 135
Trd, 4318276.343, 130
Trd, 4318276.993, 126
Trd, 4318277.193, 136
Trd, 4318278.343, 118
Trd, 4318278.443, 113
Trd, 4318279.243, 133
Trd, 4318279.293, 130
Trd, 4318280.743, 113
Trd, 4318282.143, 132
Trd, 4318282.793, 137
Trd, 4318283.793, 125
Trd, 4318284.243, 70
Trd, 4318285.693, 133
Trd, 4318286.693, 102
Trd, 4318287.393, 134
Trd, 4318287.843, 122
Trd, 4318288.293, 113
Trd, 4318289.293, 128
Trd, 4318289.893, 120
Trd, 4318290.293, 73
Trd, 4318290.843, 75
Trd, 4318292.093, 87
Trd, 4318292.543, 117
Trd, 4318292.743, 84
Trd, 4318293.043, 94
Trd, 4318293.893, 69
Trd, 4318295.343, 75
Trd, 4318295.543, 88
Trd, 4318296.643, 92
Trd, 4318296.993, 88
Trd, 4318297.043, 89
Trd, 4318298.993, 82
Trd, 4318299.543, 124
Trd, 4318300.143, 118
Trd, 4318300.493, 110
Trd, 4318300.793, 75
Trd, 4318302.843, 105
Trd, 4318303.293, 112
Trd, 4318304.343, 93
Trd, 4318304.543, 80
Trd, 4318304.693, 78
Trd, 4318305.393, 62
Trd, 4318305.793, 82
Trd, 4318306.343, 92
Trd, 4318306.543, 103
Trd, 4318308.343, 124
Trd, 4318309.143, 127
Trd, 4318309.343, 104
Trd, 4318309.443, 103
Trd, 4318310.293, 102
Trd, 4318311.093, 108
Trd, 4318311.393, 81
Trd, 4318312.343, 74
Trd, 4318313.643, 116
Trd, 4318314.993, 78
Trd, 4318315.793, 119
Trd, 4318316.143, 114
Trd, 4318318.093, 102
Trd, 4318318.293, 60
Trd, 4318320.493, 107
Trd, 4318321.043, 128
Trd, 4318321.693, 104
Trd, 4318323.693, 127
Trd, 4318324.993, 110
Trd, 4318325.193, 128
Trd, 4318325.793, 111
Trd, 4318326.843, 133
Trd, 4318327.293, 105
Trd, 4318327.343, 101
Trd, 4318328.243, 128
Trd, 4318328.593, 130
Trd, 4318330.943, 88
Trd, 4318331.293, 129
Trd, 4318332.143, 76
Trd, 4318333.293, 60
Trd, 4318334.643, 93
Trd, 4318334.993, 94
Trd, 4318335.993, 103
Trd, 4318336.193, 102
Trd, 4318336.493, 98
Trd, 4318336.993, 130
Trd, 4318337.293, 81
Trd, 4318338.543, 69
Trd, 4318340.693, 135
Trd, 4318341.093, 119
Trd, 4318341.143, 113
Trd, 4318342.493, 122
Trd, 4318342.843, 121
Trd, 4318343.043, 123
Trd, 4318343.243, 117
Trd, 4318343.943, 112
Trd, 4318344.293, 105
Trd, 4318344.593, 88
Trd, 4318346.393, 69
Trd, 4318346.443, 78
Trd, 4318347.443, 102
Trd, 4318348.543, 103
Trd, 4318349.193, 126
Trd, 4318349.893, 120
Trd, 4318350.043, 116
Trd, 4318350.193, 125
Trd, 4318350.643, 105
Trd, 4318351.643, 125
Trd, 4318351.793, 120
Trd, 4318351.943, 120
Trd, 4318352.243, 103
Trd, 4318353.743, 100
Trd, 4318354.943, 101
Trd, 4318355.093, 87
Trd, 4318355.693, 118
Trd, 4318358.293, 89
Trd, 4318358.493, 100
Trd, 4318358.793, 102
Trd, 4318359.943, 107
Trd, 4318360.343, 91
Trd, 4318360.893, 102
Trd, 4318361.993, 88
Trd, 4318362.043, 87
Trd, 4318362.293, 103
Trd, 4318362.743, 110
Trd, 4318363.193, 86
Trd, 4318363.943, 83
Trd, 4318365.693, 138
Trd, 4318365.843, 138
Trd, 4318366.243, 134
Trd, 4318366.393, 136
Trd, 4318368.393, 121
Trd, 4318368.743, 136
Trd, 4318369.043, 128
Trd, 4318370.743, 122
Trd, 4318370.993, 127
Trd, 4318371.243, 119
Trd, 4318371.393, 114
Trd, 4318372.143, 138
Trd, 4318373.143, 137
Trd, 4318374.043, 106
Trd, 4318374.693, 84
Trd, 4318375.643, 74
Trd, 4318377.993, 60
Trd, 4318378.293, 63
Trd, 4318378.493, 112
Trd, 4318379.093, 98
Trd, 4318379.593, 96
Trd, 4318380.393, 93
Trd, 4318380.643, 96
Trd, 4318381.243, 101
Trd, 4318382.993, 121
Trd, 4318383.843, 139
Trd, 4318384.443, 117
Trd, 4318384.743, 126
Trd, 4318384.793, 128
Trd, 4318385.143, 69
Trd, 4318386.493, 61
Trd, 4318388.693, 122
Trd, 4318388.793, 120
Trd, 4318389.693, 108
Trd, 4318390.043, 116
Trd, 4318390.493, 106
Trd, 4318391.193, 113
Trd, 4318391.643, 106
Trd, 4318392.043, 93
Trd, 4318392.593, 125
Trd, 4318393.093, 130
Trd, 4318393.743, 113
Trd, 4318393.893, 109
Trd, 4318394.593, 82
Trd, 4318395.793, 93
Trd, 4318396.693, 95
Trd, 4318397.343, 128
Trd, 4318398.343, 129
Trd, 4318399.493, 114
Trd, 4318399.643, 113
Trd, 4318399.893, 105
Trd, 4318400.993, 115
Trd, 4318401.093, 103
Trd, 4318401.893, 129
Trd, 4318402.043, 125
Trd, 4318403.493, 136
Trd, 4318404.143, 138
Trd, 4318405.543, 137
Trd, 4318406.943, 135
Trd, 4318407.043, 134
Trd, 4318407.993, 133
Trd, 4318408.043, 130
Trd, 4318408.293, 127
Trd, 4318408.843, 123
Trd, 4318409.293, 132
Trd, 4318411.043, 139
Trd, 4318412.743, 128
Trd, 4318413.093, 124
Trd, 4318413.143, 121
Trd, 4318413.343, 104
Trd, 4318414.643, 118
Trd, 4318415.793, 124
Trd, 4318415.943, 117
Trd, 4318416.293, 114
Trd, 4318417.493, 88
Trd, 4318418.143, 86
Trd, 4318418.643, 84
Trd, 4318419.793, 75
Trd, 4318420.693, 118
Trd, 4318420.993, 116
Trd, 4318421.593, 91
Trd, 4318422.093, 137
Trd, 4318422.293, 86
Trd, 4318423.843, 107
Trd, 4318424.443, 80
Trd, 4318426.093, 61
Trd, 4318426.243, 67
Trd, 4318427.043, 77
Trd, 4318427.593, 93
Trd, 4318429.193, 96
Trd, 4318429.693, 96
Trd, 4318429.843, 70
Trd, 4318430.643, 105
Trd, 4318431.593, 120
Trd, 4318431.943, 101
Trd, 4318433.493, 73
Trd, 4318434.293, 62
Trd, 4318435.093, 79
Trd, 4318435.993, 68
Trd, 4318436.093, 69
Trd, 4318436.193, 135
Trd, 4318437.743, 102
Trd, 4318438.293, 97
Trd, 4318438.493, 114
Trd, 4318438.993, 108
Trd, 4318440.493, 95
Trd, 4318440.893, 95
Trd, 4318441.493, 93
Trd, 4318443.943, 139
Trd, 4318444.243, 130
Trd, 4318444.593, 118
Trd, 4318445.193, 135
Trd, 4318445.843, 86
Trd, 4318446.843, 62
Trd, 4318447.793, 60
Trd, 4318448.493, 79
Trd, 4318449.293, 64
Trd, 4318449.593, 99
Trd, 4318451.243, 62
Trd, 4318451.893, 72
Trd, 4318452.093, 74
Trd, 4318453.343, 119
Trd, 4318453.693, 118
Trd, 4318453.943, 76
Trd, 4318454.243, 105
Trd, 4318455.443, 82
Trd, 4318455.893, 77
Trd, 4318456.243, 75
Trd, 4318456.343, 132
Trd, 4318456.793, 120
Trd, 4318457.093, 105
Trd, 4318458.243, 100
Trd, 4318458.793, 107
Trd, 4318460.493, 82
Trd, 4318461.243, 63
Trd, 4318461.493, 88
Trd, 4318461.643, 92
Trd, 4318461.843, 61
Trd, 4318462.443, 72
Trd, 4318463.743, 76
Trd, 4318464.343, 82
Trd, 4318464.543, 89
Trd, 4318464.993, 60
Trd, 4318466.393, 61
Trd, 4318468.043, 116
Trd, 4318468.743, 83
Trd, 4318469.693, 72
Trd, 4318469.993, 67
Trd, 4318471.093, 90
Trd, 4318471.893, 84
Trd, 4318472.343, 89
Trd, 4318472.393, 84
Trd, 4318473.393, 84
Trd, 4318474.043, 80
Trd, 4318475.143, 122
Trd, 4318475.943, 95
Trd, 4318476.943, 106
Trd, 4318477.793, 127
Trd, 4318477.943, 99
Trd, 4318478.493, 80
Trd, 4318479.093, 89
Trd, 4318479.143, 138
Trd, 4318479.893, 137
Trd, 4318480.193, 96
Trd, 4318480.293, 121
Trd, 4318482.193, 98
Trd, 4318482.443, 90
Trd, 4318482.743, 138
Trd, 4318483.893, 83
Trd, 4318485.443, 66
Trd, 4318486.293, 75
Trd, 4318486.943, 86
Trd, 4318488.243, 99
Trd, 4318488.543, 103
Trd, 4318489.043, 93
Trd, 4318489.843, 81
Trd, 4318490.393, 95
Trd, 4318491.293, 137
Trd, 4318491.693, 109
Trd, 4318492.093, 68
Trd, 4318493.293, 122
Trd, 4318493.643, 118
Trd, 4318494.643, 119
Trd, 4318495.093, 105
Trd, 4318496.293, 76
Trd, 4318498.343, 100
Trd, 4318499.293, 92
Trd, 4318500.293, 87
Trd, 4318500.693, 86
Trd, 4318501.243, 67
Trd, 4318501.693, 131
Trd, 4318502.393, 134
Trd, 4318502.893, 122
Trd, 4318502.943, 121
Trd, 4318503.743, 127
Trd, 4318504.443, 117
Trd, 4318504.693, 110
Trd, 4318505.343, 126
Trd, 4318505.593, 110
Trd, 4318506.943, 67
Trd, 4318509.093, 110
Trd, 4318509.443, 131
Trd, 4318510.093, 93
Trd, 4318510.493, 119
Trd, 4318511.093, 98
Trd, 4318511.243, 88
Trd, 4318512.143, 138
Trd, 4318513.343, 114
Trd, 4318514.893, 119
Trd, 4318515.193, 89
Trd, 4318515.893, 99
Trd, 4318516.193, 109
Trd, 4318516.693, 97
Trd, 4318517.843, 104
Trd, 4318518.693, 88
Trd, 4318518.943, 98
Trd, 4318519.743, 115
Trd, 4318519.893, 112
Trd, 4318520.543, 125
Trd, 4318521.143, 116
Trd, 4318522.793, 112
Trd, 4318522.993, 126
Trd, 4318523.343, 112
Trd, 4318523.643, 105
Trd, 4318524.193, 129
Trd, 4318524.243, 128
Trd, 4318524.743, 93
Trd, 4318525.743, 135
Trd, 4318526.393, 78
Trd, 4318527.643, 110
Trd, 4318527.993, 98
Trd, 4318529.143, 125
Trd, 4318530.243, 125
Trd, 4318530.343, 130
Trd, 4318530.593, 120
Trd, 4318531.493, 115
Trd, 4318531.643, 115
Trd, 4318531.943, 107
Trd, 4318532.243, 121
Trd, 4318533.143, 115
Trd, 4318533.393, 109
Trd, 4318533.793, 61
Trd, 4318533.993, 101
Trd, 4318534.293, 65
Trd, 4318534.793, 61
Trd, 4318536.293, 62
Trd, 4318537.243, 65
Trd, 4318537.343, 67
Trd, 4318539.243, 68
Trd, 4318539.893, 79
Trd, 4318540.293, 75
Trd, 4318540.693, 68
Trd, 4318542.293, 63
Trd, 4318542.593, 63
Trd, 4318543.443, 128
Trd, 4318543.843, 94
Trd, 4318544.443, 138
Trd, 4318544.643, 89
Trd, 4318545.643, 114
Trd, 4318547.193, 137
Trd, 4318547.643, 84
Trd, 4318549.043, 60
Trd, 4318549.943, 62
Trd, 4318550.693, 114
Trd, 4318550.843, 110
Trd, 4318551.193, 109
Trd, 4318551.493, 108
Trd, 4318552.343, 130
Trd, 4318552.743, 122
Trd, 4318554.043, 117
Trd, 4318554.843, 78
Trd, 4318556.093, 136
Trd, 4318556.593, 128
Trd, 4318556.893, 117
Trd, 4318556.943, 116
Trd, 4318557.293, 131
Trd, 4318557.793, 70
Trd, 4318561.243, 71
Trd, 4318561.793, 67
Trd, 4318562.693, 92
Trd, 4318563.043, 71
Trd, 4318563.543, 65
Trd, 4318564.543, 68
Trd, 4318564.893, 112
Trd, 4318566.143, 65
Trd, 4318566.543, 76
Trd, 4318567.543, 89
Trd, 4318567.943, 61
Trd, 4318568.543, 70
Trd, 4318568.643, 63
Trd, 4318569.043, 100
Trd, 4318571.193, 89
Trd, 4318572.693, 103
Trd, 4318572.993, 120
Trd, 4318573.443, 105
Trd, 4318573.893, 110
Trd, 4318574.643, 110
Trd, 4318575.143, 97
Trd, 4318575.843, 102
Trd, 4318576.393, 91
Trd, 4318576.893, 106
Trd, 4318577.143, 90
Trd, 4318577.843, 110
Trd, 4318579.593, 91
Trd, 4318579.893, 88
Trd, 4318580.143, 88
Trd, 4318581.693, 108
Trd, 4318582.343, 107
Trd, 4318582.493, 122
Trd, 4318582.693, 126
Trd, 4318583.293, 95
Trd, 4318584.693, 88
Trd, 4318586.293, 115
Trd, 4318586.443, 110
Trd, 4318586.743, 110
Trd, 4318586.993, 132
Trd, 4318587.143, 108
Trd, 4318587.343, 103
Trd, 4318587.843, 116
Trd, 4318588.143, 125
Trd, 4318588.643, 131
Trd, 4318591.943, 65
Trd, 4318592.343, 129
Trd, 4318594.493, 79
Trd, 4318595.243, 96
Trd, 4318595.543, 129
Trd, 4318596.643, 91
Trd, 4318597.343, 72
Trd, 4318597.743, 72
Trd, 4318598.843, 62
Trd, 4318599.443, 79
Trd, 4318601.243, 117
Trd, 4318601.443, 126
Trd, 4318601.793, 71
Trd, 4318602.693, 128
Trd, 4318602.793, 121
Trd, 4318603.143, 117
Trd, 4318603.443, 65
Trd, 4318603.893, 73
Trd, 4318605.143, 98
Trd, 4318605.943, 96
Trd, 4318606.143, 92
Trd, 4318606.793, 105
Trd, 4318609.793, 140
Trd, 4318610.093, 129
Trd, 4318611.143, 121
Trd, 4318611.193, 117
Trd, 4318612.343, 126
Trd, 4318612.543, 117
Trd, 4318612.693, 128
Trd, 4318613.093, 140
Trd, 4318614.093, 120
Trd, 4318615.443, 136
Trd, 4318617.493, 125
Trd, 4318617.843, 105
Trd, 4318618.393, 109
Trd, 4318618.443, 104
Trd, 4318618.493, 104
Trd, 4318618.893, 101
Trd, 4318619.243, 97
Trd, 4318620.093, 111
Trd, 4318622.243, 66
Trd, 4318622.593, 71
Trd, 4318623.693, 91
Trd, 4318624.043, 89
Trd, 4318624.643, 85
Trd, 4318624.893, 114
Trd, 4318625.693, 123
Trd, 4318625.843, 115
Trd, 4318625.943, 133
Trd, 4318629.593, 129
Trd, 4318630.343, 106
Trd, 4318630.743, 105
Trd, 4318630.793, 101
Trd, 4318631.143, 67
Trd, 4318632.193, 100
Trd, 4318632.793, 97
Trd, 4318633.193, 68
Trd, 4318634.993, 112
Trd, 4318635.193, 79
Trd, 4318635.343, 131
Trd, 4318635.493, 105
Trd, 4318636.143, 63
Trd, 4318637.043, 60
Trd, 4318637.693, 111
Trd, 4318638.293, 80
Trd, 4318639.543, 83
Trd, 4318639.593, 88
Trd, 4318641.593, 125
Trd, 4318641.993, 76
Trd, 4318642.743, 83
Trd, 4318643.393, 115
Trd, 4318643.743, 112
Trd, 4318643.793, 109
Trd, 4318644.343, 125
Trd, 4318645.643, 61
Trd, 4318647.093, 74
Trd, 4318648.843, 71
Trd, 4318650.043, 101
Trd, 4318650.193, 101
Trd, 4318650.643, 111
Trd, 4318652.493, 130
Trd, 4318652.643, 130
Trd, 4318653.093, 82
Trd, 4318653.793, 90
Trd, 4318654.393, 84
Trd, 4318654.493, 79
Trd, 4318656.393, 117
Trd, 4318656.893, 115
Trd, 4318657.743, 133
Trd, 4318657.843, 103
Trd, 4318658.393, 98
Trd, 4318659.343, 89
Trd, 4318659.443, 128
Trd, 4318660.543, 95
Trd, 4318660.693, 111
Trd, 4318661.293, 101
Trd, 4318661.993, 91
Trd, 4318662.793, 118
Trd, 4318663.693, 123
Trd, 4318664.493, 138
Trd, 4318666.443, 134
Trd, 4318666.593, 92
Trd, 4318666.993, 91
Trd, 4318667.343, 130
Trd, 4318667.493, 88
Trd, 4318669.493, 100
Trd, 4318669.993, 115
Trd, 4318670.393, 134
Trd, 4318670.843, 126
Trd, 4318671.143, 95
Trd, 4318672.193, 97
Trd, 4318672.843, 132
Trd, 4318673.193, 128
Trd, 4318674.343, 114
Trd, 4318674.993, 80
Trd, 4318675.293, 114
Trd, 4318675.943, 137
Trd, 4318676.843, 115
Trd, 4318677.093, 84
Trd, 4318677.443, 104
Trd, 4318677.993, 123
Trd, 4318678.443, 71
Trd, 4318679.843, 75
Trd, 4318679.993, 71
Trd, 4318682.993, 100
Trd, 4318683.293, 99
Trd, 4318683.343, 96
Trd, 4318684.743, 124
Trd, 4318685.093, 105
Trd, 4318685.693, 133
Trd, 4318686.893, 131
Trd, 4318687.343, 140
Trd, 4318689.043, 135
Trd, 4318689.093, 124
Trd, 4318689.193, 92
Trd, 4318689.293, 109
Trd, 4318689.593, 67
Trd, 4318689.743, 66
Trd, 4318690.193, 71
Trd, 4318691.243, 78
Trd, 4318692.443, 131
Trd, 4318693.443, 140
Trd, 4318693.693, 139
Trd, 4318694.293, 127
Trd, 4318694.343, 111
Trd, 4318695.343, 107
Trd, 4318695.493, 99
Trd, 4318696.593, 101
Trd, 4318696.643, 96
Trd, 4318698.143, 80
Trd, 4318698.793, 83
Trd, 4318698.843, 77
Trd, 4318699.743, 119
Trd, 4318700.393, 77
Trd, 4318701.443, 96
Trd, 4318701.643, 103
Trd, 4318701.893, 125
Trd, 4318702.893, 90
Trd, 4318704.143, 93
Trd, 4318704.293, 100
Trd, 4318704.793, 78
Trd, 4318706.693, 94
Trd, 4318706.993, 91
Trd, 4318708.843, 101
Trd, 4318709.593, 100
Trd, 4318709.893, 108
Trd, 4318710.993, 132
Trd, 4318711.393, 130
Trd, 4318711.843, 124
Trd, 4318713.543, 123
Trd, 4318713.843, 115
Trd, 4318714.443, 110
Trd, 4318714.743, 81
Trd, 4318714.943, 125
Trd, 4318715.993, 97
Trd, 4318716.593, 72
Trd, 4318720.143, 132
Trd, 4318720.193, 132
Trd, 4318720.393, 123
Trd, 4318720.493, 119
Trd, 4318720.893, 126
Trd, 4318722.093, 119
Trd, 4318722.593, 131
Trd, 4318723.043, 118
Trd, 4318723.543, 113
Trd, 4318723.993, 138
Trd, 4318724.143, 135
Trd, 4318724.593, 122
Trd, 4318724.643, 70
Trd, 4318724.943, 64
Trd, 4318725.943, 117
Trd, 4318726.093, 72
Trd, 4318726.793, 98
Trd, 4318727.193, 91
Trd, 4318728.243, 118
Trd, 4318729.093, 101
Trd, 4318729.593, 83
Trd, 4318730.843, 138
Trd, 4318731.443, 140
Trd, 4318732.043, 118
Trd, 4318733.393, 132
Trd, 4318733.893, 122
Trd, 4318735.143, 117
Trd, 4318735.493, 129
Trd, 4318735.843, 111
Trd, 4318735.893, 109
Trd, 4318736.543, 116
Trd, 4318737.143, 125
Trd, 4318737.293, 122
Trd, 4318738.693, 120
Trd, 4318739.393, 133
Trd, 4318740.243, 117
Trd, 4318740.993, 110
Trd, 4318742.843, 139
Trd, 4318743.143, 134
Trd, 4318743.293, 129
Trd, 4318743.893, 129
Trd, 4318744.043, 128
Trd, 4318744.493, 128
Trd, 4318744.543, 127
Trd, 4318745.093, 116
Trd, 4318746.543, 78
Trd, 4318749.743, 66
Trd, 4318749.893, 67
Trd, 4318750.193, 68
Trd, 4318750.293, 111
Trd, 4318750.743, 96
Trd, 4318750.943, 92
Trd, 4318752.493, 92
Trd, 4318753.393, 105
Trd, 4318754.343, 106
Trd, 4318755.293, 130
Trd, 4318755.693, 127
Trd, 4318756.243, 120
Trd, 4318756.543, 114
Trd, 4318756.693, 112
Trd, 4318756.843, 106
Trd, 4318758.043, 69
Trd, 4318758.743, 69
Trd, 4318759.893, 70
Trd, 4318760.343, 131
Trd, 4318761.593, 130
Trd, 4318761.743, 113
Trd, 4318761.843, 92
Trd, 4318762.443, 98
Trd, 4318763.543, 128
Trd, 4318763.943, 79
Trd, 4318764.243, 74
Trd, 4318765.143, 82
Trd, 4318766.143, 108
Trd, 4318766.693, 104
Trd, 4318766.893, 103
Trd, 4318768.143, 100
Trd, 4318768.693, 106
Trd, 4318769.293, 127
Trd, 4318770.793, 127
Trd, 4318770.993, 117
Trd, 4318771.443, 116
Trd, 4318771.643, 108
Trd, 4318772.543, 124
Trd, 4318772.993, 128
Trd, 4318773.043, 120
Trd, 4318773.743, 73
Trd, 4318774.893, 107
Trd, 4318776.793, 129
Trd, 4318777.343, 121
Trd, 4318777.693, 106
Trd, 4318778.093, 140
Trd, 4318778.993, 109
Trd, 4318780.543, 140
Trd, 4318780.843, 133
Trd, 4318782.343, 124
Trd, 4318783.043, 117
Trd, 4318783.443, 111
Trd, 4318783.993, 124
Trd, 4318784.093, 95
Trd, 4318784.693, 112
Trd, 4318785.143, 101
Trd, 4318787.243, 127
Trd, 4318787.343, 122
Trd, 4318787.593, 120
Trd, 4318787.793, 124
Trd, 4318790.043, 127
Trd, 4318790.293, 125
Trd, 4318790.793, 119
Trd, 4318791.743, 127
Trd, 4318792.443, 104
Trd, 4318792.843, 113
Trd, 4318793.293, 117
Trd, 4318794.043, 121
Trd, 4318795.093, 128
Trd, 4318795.793, 122
Trd, 4318796.443, 114
Trd, 4318796.543, 86
Trd, 4318796.593, 74
Trd, 4318797.143, 140
Trd, 4318797.443, 140
Trd, 4318798.193, 89
Trd, 4318800.443, 71
Trd, 4318801.543, 78
Trd, 4318801.743, 77
Trd, 4318802.193, 115
Trd, 4318802.893, 73
Trd, 4318803.193, 124
Trd, 4318803.393, 76
Trd, 4318804.093, 133
Trd, 4318804.943, 129
Trd, 4318805.193, 129
Trd, 4318805.243, 119
Trd, 4318805.643, 95
Trd, 4318807.743, 66
Trd, 4318808.143, 73
Trd, 4318808.893, 75
Trd, 4318810.343, 60
Trd, 4318811.343, 131
Trd, 4318811.943, 136
Trd, 4318813.093, 76
Trd, 4318814.093, 121
Trd, 4318815.093, 95
Trd, 4318815.243, 107
Trd, 4318816.343, 112
Trd, 4318817.343, 107
Trd, 4318817.393, 90
Trd, 4318817.993, 83
Trd, 4318818.943, 85
Trd, 4318819.693, 124
Trd, 4318820.343, 60
Trd, 4318821.643, 131
Trd, 4318822.193, 93
Trd, 4318822.693, 89
Trd, 4318824.293, 89
Trd, 4318825.043, 118
Trd, 4318826.043, 128
Trd, 4318826.593, 120
Trd, 4318827.143, 124
Trd, 4318827.343, 132
Trd, 4318827.893, 129
Trd, 4318828.243, 122
Trd, 4318829.393, 119
Trd, 4318831.293, 111
Trd, 4318832.243, 116
Trd, 4318832.893, 113
Trd, 4318833.293, 84
Trd, 4318833.493, 76
Trd, 4318833.843, 91
Trd, 4318834.593, 110
Trd, 4318835.943, 115
Trd, 4318837.993, 106
Trd, 4318838.143, 129
Trd, 4318839.443, 102
Trd, 4318840.693, 102
Trd, 4318841.143, 70
Trd, 4318841.743, 60
Trd, 4318842.893, 78
Trd, 4318842.993, 82
Trd, 4318843.693, 66
Trd, 4318844.443, 83
Trd, 4318844.943, 86
Trd, 4318845.543, 85
Trd, 4318846.143, 78
Trd, 4318846.543, 99
Trd, 4318847.393, 132
Trd, 4318848.693, 136
Trd, 4318849.093, 106
Trd, 4318849.493, 136
Trd, 4318850.193, 124
Trd, 4318850.243, 123
Trd, 4318850.693, 120
Trd, 4318851.193, 86
Trd, 4318851.693, 81
Trd, 4318853.593, 129
Trd, 4318854.143, 109
Trd, 4318854.743, 67
Trd, 4318855.043, 65
Trd, 4318856.093, 83
Trd, 4318857.743, 115
Trd, 4318857.843, 108
Trd, 4318858.593, 112
Trd, 4318858.943, 79
Trd, 4318859.043, 74
Trd, 4318859.693, 132
Trd, 4318860.193, 118
Trd, 4318860.793, 108
Trd, 4318861.843, 140
Trd, 4318862.043, 137
Trd, 4318862.793, 119
Trd, 4318863.443, 120
Trd, 4318863.493, 119
Trd, 4318864.143, 78
Trd, 4318865.343, 118
Trd, 4318865.493, 98
Trd, 4318866.593, 92
Trd, 4318866.793, 125
Trd, 4318867.143, 89
Trd, 4318867.293, 118
Trd, 4318868.043, 109
Trd, 4318868.693, 79
Trd, 4318870.243, 69
Trd, 4318871.343, 92
Trd, 4318872.143, 87
Trd, 4318873.243, 122
Trd, 4318873.393, 84
Trd, 4318873.843, 108
Trd, 4318873.893, 96
Trd, 4318874.943, 80
Trd, 4318876.043, 133
Trd, 4318876.093, 131
Trd, 4318877.093, 124
Trd, 4318877.843, 111
Trd, 4318878.243, 139
Trd, 4318878.443, 127
Trd, 4318878.643, 108
Trd, 4318879.393, 72
Trd, 4318879.643, 87
Trd, 4318880.343, 89
Trd, 4318882.043, 80
Trd, 4318882.293, 99
Trd, 4318882.443, 112
Trd, 4318883.493, 116
Trd, 4318884.493, 62
Trd, 4318885.193, 95
Trd, 4318885.843, 64
Trd, 4318886.093, 61
Trd, 4318886.143, 92
Trd, 4318886.243, 92
Trd, 4318888.143, 76
Trd, 4318889.543, 103
Trd, 4318889.793, 99
Trd, 4318889.843, 89
Trd, 4318891.643, 71
Trd, 4318892.643, 108
Trd, 4318893.393, 94
Trd, 4318893.493, 97
Trd, 4318894.243, 88
Trd, 4318895.093, 122
Trd, 4318895.393, 108
Trd, 4318895.593, 107
Trd, 4318896.143, 101
Trd, 4318897.193, 104
Trd, 4318899.293, 77
Trd, 4318899.593, 76
Trd, 4318899.893, 72
Trd, 4318900.243, 70
Trd, 4318900.943, 92
Trd, 4318903.043, 110
Trd, 4318903.243, 108
Trd, 4318904.243, 105
Trd, 4318904.593, 104
Trd, 4318904.693, 103
Trd, 4318905.293, 79
Trd, 4318905.493, 70
Trd, 4318905.993, 88
Trd, 4318906.043, 86
Trd, 4318907.343, 110
Trd, 4318908.343, 84
Trd, 4318908.593, 93
Trd, 4318909.443, 86
Trd, 4318910.243, 82
Trd, 4318911.093, 107
Trd, 4318912.043, 112
Trd, 4318912.493, 136
Trd, 4318912.593, 108
Trd, 4318912.843, 101
Trd, 4318915.693, 112
Trd, 4318915.993, 112
Trd, 4318916.193, 107
Trd, 4318916.643, 97
Trd, 4318916.893, 69
Trd, 4318917.493, 106
Trd, 4318918.243, 122
Trd, 4318918.493, 118
Trd, 4318919.993, 125
Trd, 4318920.593, 117
Trd, 4318920.743, 88
Trd, 4318921.843, 139
Trd, 4318922.043, 120
Trd, 4318923.243, 136
Trd, 4318923.993, 127
Trd, 4318925.093, 107
Trd, 4318925.393, 118
Trd, 4318925.693, 99
Trd, 4318925.943, 78
Trd, 4318927.043, 114
Trd, 4318928.293, 117
Trd, 4318928.393, 83
Trd, 4318929.393, 67
Trd, 4318929.893, 105
Trd, 4318930.793, 78
Trd, 4318930.893, 82
Trd, 4318931.293, 108
Trd, 4318933.693, 80
Trd, 4318933.993, 112
Trd, 4318934.343, 87
Trd, 4318934.643, 79
Trd, 4318936.093, 131
Trd, 4318936.193, 95
Trd, 4318938.093, 108
Trd, 4318938.243, 117
Trd, 4318938.593, 96
Trd, 4318940.293, 125
Trd, 4318940.643, 121
Trd, 4318941.243, 108
Trd, 4318942.443, 124
Trd, 4318943.443, 137
Trd, 4318943.743, 134
Trd, 4318943.893, 128
Trd, 4318944.493, 106
Trd, 4318945.243, 83
Trd, 4318945.343, 79
Trd, 4318947.293, 136
Trd, 4318947.393, 116
Trd, 4318948.893, 132
Trd, 4318949.543, 128
Trd, 4318949.793, 127
Trd, 4318949.843, 64
Trd, 4318950.093, 78
Trd, 4318950.693, 127
Trd, 4318952.543, 118
Trd, 4318952.943, 110
Trd, 4318954.443, 139
Trd, 4318954.593, 128
Trd, 4318954.843, 80
Trd, 4318954.993, 85
Trd, 4318955.593, 120
Trd, 4318956.843, 113
Trd, 4318958.343, 96
Trd, 4318958.993, 99
Trd, 4318959.093, 102
Trd, 4318959.393, 107
Trd, 4318959.743, 80
Trd, 4318960.393, 95
Trd, 4318960.593, 80
Trd, 4318960.643, 97
Trd, 4318960.993, 82
Trd, 4318962.043, 136
Trd, 4318962.193, 81
Trd, 4318962.643, 109
Trd, 4318964.593, 131
Trd, 4318964.943, 121
Trd, 4318965.793, 65
Trd, 4318966.243, 90
Trd, 4318966.593, 73
Trd, 4318967.443, 66
Trd, 4318968.293, 106
Trd, 4318970.243, 87
Trd, 4318972.343, 74
Trd, 4318972.443, 77
Trd, 4318972.493, 95
Trd, 4318972.943, 90
Trd, 4318973.793, 99
Trd, 4318974.143, 82
Trd, 4318975.043, 68
Trd, 4318975.643, 68
Trd, 4318976.043, 62
Trd, 4318977.393, 72
Trd, 4318977.443, 107
Trd, 4318977.893, 119
Trd, 4318978.793, 140
Trd, 4318979.293, 116
Trd, 4318980.043, 68
Trd, 4318981.243, 74
Trd, 4318983.743, 107
Trd, 4318984.143, 127
Trd, 4318984.193, 108
Trd, 4318985.243, 82
Trd, 4318985.893, 124
Trd, 4318986.643, 102
Trd, 4318988.843, 106
Trd, 4318988.993, 97
Trd, 4318989.243, 128
Trd, 4318990.343, 99
Trd, 4318990.693, 131
Trd, 4318990.943, 75
Trd, 4318991.543, 108
Trd, 4318992.193, 99
Trd, 4318992.443, 125
Trd, 4318992.943, 93
Trd, 4318994.343, 83
Trd, 4318995.493, 78
Trd, 4318996.493, 101
Trd, 4318997.643, 100
Trd, 4318998.343, 112
Trd, 4318998.543, 101
Trd, 4318998.793, 126
Trd, 4318999.093, 93
Trd, 4319000.043, 92
Trd, 4319000.493, 72
Trd, 4319000.943, 73
Trd, 4319002.693, 126
Trd, 4319002.943, 120
Trd, 4319003.793, 102
Trd, 4319004.043, 96
Trd, 4319004.793, 93
Trd, 4319005.143, 92
Trd, 4319005.943, 66
Trd, 4319006.993, 67
Trd, 4319007.143, 64
Trd, 4319007.593, 65
Trd, 4319007.993, 83
Trd, 4319010.343, 124
Trd, 4319010.393, 118
Trd, 4319010.843, 134
Trd, 4319011.593, 136
Trd, 4319012.193, 109
Trd, 4319013.843, 125
Trd, 4319014.343, 132
Trd, 4319014.643, 126
Trd, 4319015.243, 128
Trd, 4319015.993, 119
Trd, 4319016.543, 109
Trd, 4319017.443, 104
Trd, 4319017.943, 100
Trd, 4319019.293, 113
Trd, 4319019.993, 108
Trd, 4319020.093, 107
Trd, 4319020.843, 138
Trd, 4319021.493, 92
Trd, 4319021.643, 137
Trd, 4319021.843, 126
Trd, 4319022.743, 134
Trd, 4319024.043, 140
Trd, 4319024.893, 132
Trd, 4319024.943, 102
Trd, 4319026.393, 87
Trd, 4319027.943, 75
Trd, 4319028.243, 93
Trd, 4319028.943, 74
Trd, 4319029.193, 77
Trd, 4319029.693, 103
Trd, 4319030.243, 92
Trd, 4319032.093, 106
Trd, 4319032.443, 105
Trd, 4319033.093, 118
Trd, 4319034.793, 110
Trd, 4319034.843, 103
Trd, 4319034.893, 85
Trd, 4319035.293, 120
Trd, 4319035.643, 128
Trd, 4319036.943, 94
Trd, 4319037.093, 80
Trd, 4319038.593, 80
Trd, 4319038.693, 77
Trd, 4319039.793, 116
Trd, 4319039.843, 124
Trd, 4319040.143, 82
Trd, 4319040.193, 77
Trd, 4319042.243, 136
Trd, 4319042.893, 134
Trd, 4319044.893, 104
Trd, 4319044.943, 103
Trd, 4319045.793, 133
Trd, 4319046.293, 125
Trd, 4319046.343, 104
Trd, 4319047.543, 78
Trd, 4319047.643, 89
Trd, 4319049.143, 95
Trd, 4319049.443, 80
Trd, 4319050.543, 100
Trd, 4319050.893, 107
Trd, 4319051.543, 109
Trd, 4319052.043, 129
Trd, 4319052.693, 133
Trd, 4319052.843, 99
Trd, 4319053.393, 116
Trd, 4319054.843, 84
Trd, 4319056.093, 126
Trd, 4319056.743, 103
Trd, 4319057.293, 132
Trd, 4319058.043, 84
Trd, 4319058.493, 91
Trd, 4319060.093, 108
Trd, 4319060.193, 76
Trd, 4319061.093, 109
Trd, 4319061.193, 100
Trd, 4319061.843, 99
Trd, 4319062.093, 112
Trd, 4319062.193, 98
Trd, 4319063.843, 119
Trd, 4319064.093, 114
Trd, 4319065.893, 121
Trd, 4319066.493, 121
Trd, 4319067.093, 121
Trd, 4319067.343, 133
Trd, 4319068.093, 104
Trd, 4319068.593, 106
Trd, 4319069.393, 130
Trd, 4319070.393, 134
Trd, 4319070.543, 128
Trd, 4319071.293, 96
Trd, 4319071.543, 96
Trd, 4319071.893, 94
Trd, 4319072.893, 133
Trd, 4319073.593, 103
Trd, 4319073.993, 111
Trd, 4319074.343, 102
Trd, 4319074.693, 83
Trd, 4319075.043, 98
Trd, 4319076.243, 126
Trd, 4319076.643, 118
Trd, 4319077.543, 93
Trd, 4319078.193, 104
Trd, 4319078.393, 89
Trd, 4319080.243, 104
Trd, 4319080.293, 88
Trd, 4319080.893, 85
Trd, 4319081.793, 118
Trd, 4319081.943, 112
Trd, 4319082.893, 114
Trd, 4319082.943, 113
Trd, 4319083.193, 66
Trd, 4319084.143, 136
Trd, 4319085.393, 127
Trd, 4319086.743, 125
Trd, 4319087.443, 115
Trd, 4319087.943, 114
Trd, 4319088.143, 96
Trd, 4319088.243, 93
Trd, 4319088.643, 132
Trd, 4319089.743, 77
Trd, 4319089.993, 120
Trd, 4319092.243, 76
Trd, 4319092.543, 74
Trd, 4319092.943, 69
Trd, 4319092.993, 114
Trd, 4319093.793, 122
Trd, 4319094.893, 97
Trd, 4319095.293, 60
Trd, 4319096.543, 81
Trd, 4319096.993, 121
Trd, 4319097.293, 113
Trd, 4319098.893, 76
Trd, 4319099.343, 84
Trd, 4319099.593, 92
Trd, 4319100.293, 139
Trd, 4319100.893, 134
Trd, 4319101.243, 125
Trd, 4319101.893, 106
Trd, 4319103.393, 120
Trd, 4319103.693, 114
Trd, 4319104.493, 115
Trd, 4319106.293, 134
Trd, 4319107.193, 135
Trd, 4319107.793, 110
Trd, 4319107.993, 123
Trd, 4319108.393, 110
Trd, 4319108.743, 125
Trd, 4319109.693, 113
Trd, 4319111.443, 117
Trd, 4319112.243, 98
Trd, 4319112.743, 87
Trd, 4319113.143, 112
Trd, 4319113.393, 90
Trd, 4319113.643, 86
Trd, 4319114.243, 114
Trd, 4319116.593, 111
Trd, 4319116.993, 131
Trd, 4319117.243, 101
Trd, 4319118.493, 104
Trd, 4319118.543, 102
Trd, 4319119.993, 104
Trd, 4319120.193, 92
Trd, 4319121.443, 99
Trd, 4319122.343, 111
Trd, 4319122.693, 108
Trd, 4319122.793, 97
Trd, 4319123.243, 94
Trd, 4319124.093, 131
Trd, 4319124.393, 122
Trd, 4319125.393, 131
Trd, 4319127.243, 111
Trd, 4319127.343, 119
Trd, 4319127.543, 111
Trd, 4319128.393, 105
Trd, 4319129.943, 114
Trd, 4319130.193, 129
Trd, 4319130.893, 109
Trd, 4319131.293, 92
Trd, 4319131.343, 77
Trd, 4319131.993, 127
Trd, 4319133.443, 121
Trd, 4319133.793, 108
Trd, 4319135.043, 73
Trd, 4319135.293, 97
Trd, 4319135.543, 71
Trd, 4319135.943, 132
Trd, 4319137.543, 125
Trd, 4319137.893, 114
Trd, 4319138.043, 111
Trd, 4319138.443, 81
Trd, 4319140.143, 112
Trd, 4319140.543, 117
Trd, 4319141.193, 112
Trd, 4319141.593, 109
Trd, 4319142.643, 125
Trd, 4319143.493, 117
Trd, 4319144.243, 111
Trd, 4319144.943, 109
Trd, 4319145.493, 134
Trd, 4319146.693, 134
Trd, 4319146.943, 126
Trd, 4319148.293, 126
Trd, 4319148.393, 122
Trd, 4319149.093, 125
Trd, 4319149.543, 138
Trd, 4319149.943, 118
Trd, 4319150.093, 110
Trd, 4319152.543, 126
Trd, 4319152.693, 111
Trd, 4319152.843, 105
Trd, 4319153.193, 66
Trd, 4319153.843, 106
Trd, 4319154.343, 116
Trd, 4319154.943, 121
Trd, 4319155.693, 64
Trd, 4319156.293, 86
Trd, 4319156.993, 86
Trd, 4319157.243, 95
Trd, 4319158.693, 114
Trd, 4319159.093, 110
Trd, 4319159.493, 108
Trd, 4319159.943, 86
Trd, 4319160.443, 79
Trd, 4319161.743, 77
Trd, 4319162.143, 69
Trd, 4319162.943, 125
Trd, 4319163.093, 121
Trd, 4319163.993, 137
Trd, 4319164.143, 102
Trd, 4319164.643, 116
Trd, 4319166.393, 120
Trd, 4319166.743, 115
Trd, 4319167.843, 109
Trd, 4319168.043, 111
Trd, 4319169.043, 138
Trd, 4319169.593, 134
Trd, 4319170.693, 132
Trd, 4319171.393, 130
Trd, 4319171.593, 128
Trd, 4319171.743, 124
Trd, 4319172.293, 113
Trd, 4319173.993, 121
Trd, 4319174.493, 137
Trd, 4319175.493, 97
Trd, 4319176.093, 94
Trd, 4319177.193, 93
Trd, 4319177.893, 108
Trd, 4319178.043, 105
Trd, 4319179.043, 139
Trd, 4319179.493, 118
Trd, 4319179.843, 117
Trd, 4319180.443, 114
Trd, 4319182.243, 129
Trd, 4319184.093, 140
Trd, 4319184.493, 134
Trd, 4319184.693, 130
Trd, 4319185.893, 132
Trd, 4319186.793, 134
Trd, 4319187.343, 131
Trd, 4319187.893, 123
Trd, 4319188.493, 83
Trd, 4319189.543, 122
Trd, 4319189.893, 97
Trd, 4319190.443, 133
Trd, 4319190.943, 107
Trd, 4319191.593, 118
Trd, 4319191.993, 119
Trd, 4319193.493, 72
Trd, 4319193.843, 123
Trd, 4319194.943, 67
Trd, 4319195.293, 87
Trd, 4319195.893, 83
Trd, 4319195.993, 64
Trd, 4319196.593, 89
Trd, 4319197.693, 105
Trd, 4319199.043, 67
Trd, 4319200.543, 68
Trd, 4319200.893, 72
Trd, 4319201.093, 65
Trd, 4319201.843, 119
Trd, 4319201.943, 123
Trd, 4319202.743, 132
Trd, 4319202.843, 126
Trd, 4319204.093, 88
Trd, 4319204.643, 130
Trd, 4319205.443, 98
Trd, 4319206.193, 116
Trd, 4319206.693, 100
Trd, 4319207.093, 80
Trd, 4319207.693, 115
Trd, 4319207.743, 114
Trd, 4319208.243, 123
Trd, 4319209.343, 119
Trd, 4319209.743, 112
Trd, 4319210.293, 107
Trd, 4319211.493, 134
Trd, 4319212.443, 115
Trd, 4319212.743, 114
Trd, 4319212.893, 103
Trd, 4319213.093, 102
Trd, 4319214.543, 90
Trd, 4319214.993, 92
Trd, 4319216.243, 104
Trd, 4319216.693, 106
Trd, 4319217.743, 85
Trd, 4319218.543, 132
Trd, 4319218.693, 80
Trd, 4319219.043, 116
Trd, 4319219.243, 82
Trd, 4319221.643, 126
Trd, 4319222.043, 135
Trd, 4319222.393, 121
Trd, 4319222.543, 120
Trd, 4319224.193, 118
Trd, 4319224.343, 126
Trd, 4319225.193, 134
Trd, 4319225.443, 128
Trd, 4319227.193, 74
Trd, 4319227.443, 89
Trd, 4319228.093, 78
Trd, 4319228.843, 89
Trd, 4319229.093, 105
Trd, 4319229.993, 65
Trd, 4319230.443, 90
Trd, 4319230.693, 126
Trd, 4319231.893, 105
Trd, 4319232.143, 138
Trd, 4319232.893, 114
Trd, 4319233.643, 108
Trd, 4319233.793, 97
Trd, 4319234.993, 101
Trd, 4319235.293, 102
Trd, 4319235.443, 99
Trd, 4319236.193, 67
Trd, 4319237.093, 125
Trd, 4319238.393, 127
Trd, 4319238.643, 126
Trd, 4319239.193, 121
Trd, 4319239.243, 104
Trd, 4319239.543, 87
Trd, 4319240.243, 116
Trd, 4319242.493, 125
Trd, 4319242.793, 114
Trd, 4319244.793, 112
Trd, 4319245.143, 100
Trd, 4319245.493, 92
Trd, 4319246.093, 64
Trd, 4319247.243, 140
Trd, 4319247.543, 100
Trd, 4319248.593, 103
Trd, 4319248.993, 93
Trd, 4319249.543, 89
Trd, 4319251.393, 104
Trd, 4319252.093, 107
Trd, 4319252.243, 120
Trd, 4319252.993, 109
Trd, 4319253.543, 113
Trd, 4319254.493, 115
Trd, 4319254.893, 87
Trd, 4319256.493, 72
Trd, 4319256.843, 66
Trd, 4319257.293, 111
Trd, 4319258.743, 77
Trd, 4319258.993, 90
Trd, 4319260.793, 84
Trd, 4319260.993, 110
Trd, 4319261.293, 91
Trd, 4319261.493, 86
Trd, 4319262.443, 110
Trd, 4319263.793, 113
Trd, 4319263.993, 109
Trd, 4319265.043, 114
Trd, 4319265.193, 95
Trd, 4319265.693, 90
Trd, 4319265.893, 127
Trd, 4319267.693, 120
Trd, 4319268.243, 113
Trd, 4319268.793, 112
Trd, 4319270.193, 128
Trd, 4319271.193, 131
Trd, 4319271.493, 124
Trd, 4319272.943, 115
Trd, 4319273.893, 129
Trd, 4319273.943, 124
Trd, 4319273.993, 107
Trd, 4319274.343, 104
Trd, 4319274.493, 103
Trd, 4319274.693, 84
Trd, 4319275.643, 85
Trd, 4319277.493, 121
Trd, 4319278.843, 137
Trd, 4319279.043, 125
Trd, 4319279.293, 114
Trd, 4319280.743, 125
Trd, 4319281.743, 122
Trd, 4319281.943, 117
Trd, 4319283.043, 107
Trd, 4319284.843, 128
Trd, 4319285.093, 127
Trd, 4319286.193, 120
Trd, 4319286.793, 84
Trd, 4319287.643, 74
Trd, 4319288.593, 96
Trd, 4319289.343, 65
Trd, 4319290.443, 106
Trd, 4319290.843, 106
Trd, 4319290.943, 91
Trd, 4319291.193, 77
Trd, 4319293.043, 136
Trd, 4319293.743, 136
Trd, 4319294.093, 124
Trd, 4319294.643, 122
Trd, 4319294.743, 120
Trd, 4319296.143, 135
Trd, 4319296.243, 120
Trd, 4319296.493, 102
Trd, 4319298.393, 140
Trd, 4319298.543, 140
Trd, 4319298.643, 133
Trd, 4319298.993, 136
Trd, 4319299.043, 130
Trd, 4319300.393, 109
Trd, 4319301.093, 85
Trd, 4319301.193, 90
Trd, 4319301.793, 88
Trd, 4319303.193, 130
Trd, 4319304.193, 123
Trd, 4319304.343, 122
Trd, 4319305.493, 123
Trd, 4319306.493, 118
Trd, 4319307.743, 109
Trd, 4319307.993, 90
Trd, 4319308.593, 78
Trd, 4319309.493, 60
Trd, 4319309.893, 108
Trd, 4319310.443, 98
Trd, 4319312.043, 100
Trd, 4319312.543, 120
Trd, 4319312.593, 87
Trd, 4319313.243, 89
Trd, 4319313.743, 85
Trd, 4319314.693, 97
Trd, 4319315.243, 134
Trd, 4319315.543, 120
Trd, 4319315.743, 120
Trd, 4319316.093, 79
Trd, 4319316.743, 76
Trd, 4319317.193, 73
Trd, 4319317.293, 88
Trd, 4319318.093, 98
Trd, 4319318.793, 108
Trd, 4319319.593, 100
Trd, 4319319.993, 96
Trd, 4319320.443, 88
Trd, 4319320.893, 128
Trd, 4319321.443, 94
Trd, 4319321.993, 90
Trd, 4319322.193, 99
Trd, 4319322.743, 91
Trd, 4319325.143, 108
Trd, 4319325.293, 90
Trd, 4319325.593, 70
Trd, 4319325.743, 71
Trd, 4319327.143, 127
Trd, 4319328.093, 75
Trd, 4319328.443, 103
Trd, 4319329.443, 101
Trd, 4319330.293, 76
Trd, 4319330.693, 78
Trd, 4319331.193, 103
Trd, 4319331.443, 122
Trd, 4319331.993, 87
Trd, 4319334.043, 102
Trd, 4319334.193, 79
Trd, 4319335.993, 99
Trd, 4319336.443, 92
Trd, 4319337.393, 134
Trd, 4319337.543, 129
Trd, 4319338.393, 81
Trd, 4319338.943, 140
Trd, 4319340.143, 135
Trd, 4319342.393, 127
Trd, 4319342.443, 125
Trd, 4319342.543, 123
Trd, 4319343.193, 139
Trd, 4319344.143, 122
Trd, 4319344.743, 125
Trd, 4319345.193, 137
Trd, 4319346.893, 114
Trd, 4319346.993, 110
Trd, 4319348.093, 108
Trd, 4319348.943, 104
Trd, 4319349.193, 91
Trd, 4319349.993, 139
Trd, 4319350.043, 136
Trd, 4319351.193, 71
Trd, 4319352.493, 107
Trd, 4319352.943, 128
Trd, 4319354.043, 107
Trd, 4319354.293, 121
Trd, 4319355.943, 132
Trd, 4319356.543, 131
Trd, 4319356.743, 123
Trd, 4319357.543, 107
Trd, 4319357.693, 100
Trd, 4319358.093, 138
Trd, 4319358.293, 69
Trd, 4319358.843, 108
Trd, 4319360.693, 104
Trd, 4319361.693, 87
Trd, 4319361.893, 93
Trd, 4319362.343, 73
Trd, 4319362.543, 67
Trd, 4319364.143, 79
Trd, 4319365.793, 137
Trd, 4319367.243, 138
Trd, 4319367.293, 138
Trd, 4319367.693, 137
Trd, 4319368.593, 125
Trd, 4319369.343, 112
Trd, 4319369.543, 108
Trd, 4319369.893, 108
Trd, 4319370.193, 88
Trd, 4319370.843, 78
Trd, 4319371.643, 126
Trd, 4319372.143, 114
Trd, 4319373.193, 64
Trd, 4319373.243, 85
Trd, 4319373.393, 62
Trd, 4319374.143, 66
Trd, 4319374.543, 129
Trd, 4319374.743, 121
Trd, 4319376.443, 92
Trd, 4319377.243, 93
Trd, 4319377.943, 131
Trd, 4319378.743, 126
Trd, 4319378.843, 125
Trd, 4319379.743, 107
Trd, 4319380.943, 100
Trd, 4319381.943, 94
Trd, 4319382.093, 91
Trd, 4319382.293, 103
Trd, 4319382.793, 101
Trd, 4319383.343, 89
Trd, 4319384.943, 128
Trd, 4319385.093, 122
Trd, 4319385.493, 108
Trd, 4319386.393, 118
Trd, 4319386.993, 86
Trd, 4319387.293, 90
Trd, 4319388.593, 107
Trd, 4319389.343, 97
Trd, 4319389.493, 92
Trd, 4319390.643, 82
Trd, 4319390.743, 94
Trd, 4319391.443, 89
Trd, 4319391.543, 85
Trd, 4319392.843, 118
Trd, 4319393.393, 117
Trd, 4319393.443, 84
Trd, 4319394.643, 65
Trd, 4319395.893, 86
Trd, 4319396.743, 73
Trd, 4319396.843, 71
Trd, 4319397.893, 102
Trd, 4319398.093, 71
Trd, 4319399.193, 114
Trd, 4319399.543, 92
Trd, 4319400.443, 120
Trd, 4319401.193, 114
Trd, 4319401.393, 83
Trd, 4319401.443, 119
Trd, 4319401.643, 122
Trd, 4319402.743, 126
Trd, 4319402.893, 95
Trd, 4319402.993, 76
Trd, 4319403.793, 74
Trd, 4319405.143, 68
Trd, 4319406.093, 88
Trd, 4319406.543, 112
Trd, 4319407.193, 110
Trd, 4319408.443, 99
Trd, 4319408.693, 98
Trd, 4319409.493, 121
Trd, 4319410.343, 116
Trd, 4319410.993, 112
Trd, 4319412.143, 88
Trd, 4319412.193, 93
Trd, 4319412.393, 105
Trd, 4319412.743, 118
Trd, 4319414.193, 138
Trd, 4319414.343, 132
Trd, 4319414.943, 114
Trd, 4319415.093, 111
Trd, 4319415.143, 105
Trd, 4319417.943, 104
Trd, 4319418.293, 99
Trd, 4319418.493, 129
Trd, 4319420.443, 127
Trd, 4319420.793, 121
Trd, 4319421.243, 117
Trd, 4319421.343, 106
Trd, 4319422.493, 92
Trd, 4319422.743, 93
Trd, 4319423.943, 74
Trd, 4319424.143, 89
Trd, 4319424.793, 139
Trd, 4319424.893, 133
Trd, 4319425.393, 96
Trd, 4319427.193, 137
Trd, 4319427.943, 131
Trd, 4319428.093, 129
Trd, 4319428.293, 85
Trd, 4319429.043, 93
Trd, 4319429.743, 83
Trd, 4319429.793, 64
Trd, 4319429.993, 95
Trd, 4319430.843, 82
Trd, 4319431.693, 112
Trd, 4319432.693, 117
Trd, 4319433.893, 98
Trd, 4319433.993, 89
Trd, 4319434.143, 119
Trd, 4319434.893, 81
Trd, 4319435.093, 98
Trd, 4319435.443, 75
Trd, 4319436.593, 97
Trd, 4319437.243, 123
Trd, 4319438.393, 63
Trd, 4319438.843, 71
Trd, 4319439.543, 96
Trd, 4319440.393, 127
Trd, 4319440.593, 79
Trd, 4319442.793, 87
Trd, 4319443.093, 88
Trd, 4319443.193, 70
Trd, 4319443.243, 69
Trd, 4319444.443, 94
Trd, 4319444.643, 69
Trd, 4319445.193, 101
Trd, 4319445.643, 139
Trd, 4319446.293, 111
Trd, 4319447.143, 76
Trd, 4319447.793, 61
Trd, 4319447.843, 91
Trd, 4319448.993, 71
Trd, 4319449.693, 108
Trd, 4319449.893, 67
Trd, 4319451.843, 89
Trd, 4319452.043, 88
Trd, 4319452.493, 78
Trd, 4319452.693, 75
Trd, 4319453.693, 112
Trd, 4319454.543, 81
Trd, 4319455.093, 125
Trd, 4319456.143, 64
Trd, 4319456.893, 63
Trd, 4319457.693, 76
Trd, 4319458.293, 89
Trd, 4319458.793, 104
Trd, 4319459.093, 139
Trd, 4319460.343, 74
Trd, 4319460.443, 77
Trd, 4319460.793, 101
Trd, 4319461.693, 96
Trd, 4319464.043, 104
Trd, 4319464.843, 130
Trd, 4319465.593, 127
Trd, 4319465.893, 125
Trd, 4319467.293, 131
Trd, 4319467.443, 127
Trd, 4319467.543, 113
Trd, 4319468.893, 139
Trd, 4319469.043, 137
Trd, 4319470.043, 129
Trd, 4319470.443, 86
Trd, 4319471.293, 99
Trd, 4319471.893, 77
Trd, 4319472.993, 73
Trd, 4319473.043, 72
Trd, 4319473.143, 68
Trd, 4319474.543, 77
Trd, 4319475.993, 93
Trd, 4319477.093, 102
Trd, 4319477.193, 96
Trd, 4319477.343, 117
Trd, 4319477.593, 93
Trd, 4319478.793, 85
Trd, 4319479.143, 115
Trd, 4319480.393, 120
Trd, 4319480.993, 107
Trd, 4319481.293, 107
Trd, 4319481.343, 102
Trd, 4319481.593, 126
Trd, 4319483.743, 123
Trd, 4319483.843, 118
Trd, 4319484.293, 96
Trd, 4319485.143, 121
Trd, 4319485.193, 114
Trd, 4319485.743, 74
Trd, 4319486.493, 64
Trd, 4319488.193, 108
Trd, 4319488.493, 130
Trd, 4319489.793, 128
Trd, 4319490.793, 139
Trd, 4319491.743, 124
Trd, 4319491.843, 97
Trd, 4319492.643, 99
Trd, 4319493.593, 84
Trd, 4319494.643, 80
Trd, 4319495.093, 91
Trd, 4319495.343, 87
Trd, 4319495.593, 93
Trd, 4319495.643, 99
Trd, 4319495.893, 115
Trd, 4319496.793, 85
Trd, 4319497.143, 93
Trd, 4319497.993, 86
Trd, 4319499.343, 62
Trd, 4319499.493, 133
Trd, 4319500.843, 82
Trd, 4319501.293, 66
Trd, 4319502.893, 66
Trd, 4319503.043, 129
Trd, 4319504.393, 116
Trd, 4319504.493, 115
Trd, 4319504.743, 85
Trd, 4319505.543, 91
Trd, 4319505.743, 72
Trd, 4319506.343, 127
Trd, 4319507.943, 140
Trd, 4319508.393, 133
Trd, 4319509.243, 84
Trd, 4319509.943, 136
Trd, 4319510.643, 117
Trd, 4319511.993, 125
Trd, 4319512.643, 134
Trd, 4319512.743, 129
Trd, 4319513.193, 115
Trd, 4319513.543, 114
Trd, 4319514.293, 109
Trd, 4319514.893, 84
Trd, 4319516.443, 112
Trd, 4319517.793, 105
Trd, 4319518.843, 94
Trd, 4319519.893, 91
Trd, 4319520.243, 120
Trd, 4319520.393, 83
Trd, 4319521.443, 67
Trd, 4319521.593, 72
Trd, 4319521.893, 84
Trd, 4319522.843, 93
Trd, 4319523.893, 77
Trd, 4319524.743, 70
Trd, 4319525.643, 93
Trd, 4319525.943, 95
Trd, 4319526.343, 85
Trd, 4319526.743, 85
Trd, 4319527.593, 117
Trd, 4319527.693, 66
Trd, 4319528.643, 68
Trd, 4319529.693, 100
Trd, 4319530.143, 82
Trd, 4319530.993, 87
Trd, 4319531.293, 80
Trd, 4319531.793, 60
Trd, 4319531.993, 63
Trd, 4319533.043, 127
Trd, 4319533.393, 82
Trd, 4319535.243, 102
Trd, 4319535.893, 107
Trd, 4319537.493, 97
Trd, 4319537.543, 97
Trd, 4319538.093, 107
Trd, 4319539.143, 103
Trd, 4319539.293, 106
Trd, 4319539.893, 95
Trd, 4319539.943, 94
Trd, 4319540.943, 114
Trd, 4319542.443, 117
Trd, 4319542.593, 110
Trd, 4319543.093, 123
Trd, 4319543.593, 121
Trd, 4319543.993, 91
Trd, 4319544.193, 127
Trd, 4319544.943, 129
Trd, 4319546.993, 124
Trd, 4319547.043, 122
Trd, 4319547.443, 102
Trd, 4319548.493, 100
Trd, 4319549.693, 115
Trd, 4319550.843, 111
Trd, 4319551.243, 121
Trd, 4319551.343, 107
Trd, 4319551.893, 104
Trd, 4319552.243, 100
Trd, 4319552.493, 116
Trd, 4319553.293, 98
Trd, 4319554.793, 97
Trd, 4319555.343, 95
Trd, 4319556.343, 113
Trd, 4319557.143, 63
Trd, 4319557.543, 98
Trd, 4319558.793, 87
Trd, 4319558.943, 63
Trd, 4319560.893, 63
Trd, 4319561.693, 74
Trd, 4319562.343, 63
Trd, 4319563.093, 106
Trd, 4319564.343, 104
Trd, 4319564.443, 100
Trd, 4319566.293, 92
Trd, 4319567.243, 107
Trd, 4319567.893, 131
Trd, 4319568.243, 124
Trd, 4319569.243, 122
Trd, 4319570.243, 126
Trd, 4319571.093, 100
Trd, 4319571.193, 98
Trd, 4319571.943, 111
Trd, 4319572.843, 80
Trd, 4319573.543, 79
Trd, 4319574.243, 114
Trd, 4319575.193, 101
Trd, 4319575.243, 100
Trd, 4319576.343, 129
Trd, 4319576.543, 108
Trd, 4319578.043, 103
Trd, 4319578.193, 102
Trd, 4319579.343, 108
Trd, 4319579.543, 103
Trd, 4319583.343, 64
Trd, 4319583.593, 65
Trd, 4319583.793, 82
Trd, 4319584.493, 129
Trd, 4319584.543, 70
Trd, 4319585.143, 70
Trd, 4319585.793, 73
Trd, 4319586.193, 117
Trd, 4319586.793, 124
Trd, 4319588.043, 109
Trd, 4319588.293, 85
Trd, 4319589.143, 77
Trd, 4319590.043, 75
Trd, 4319591.293, 99
Trd, 4319591.743, 104
Trd, 4319591.843, 121
Trd, 4319591.893, 99
Trd, 4319592.143, 78
Trd, 4319592.943, 122
Trd, 4319594.093, 130
Trd, 4319595.343, 123
Trd, 4319596.143, 113
Trd, 4319596.893, 85
Trd, 4319597.093, 108
Trd, 4319597.543, 81
Trd, 4319598.293, 84
Trd, 4319599.693, 107
Trd, 4319600.343, 80
Trd, 4319600.993, 80
Trd, 4319601.243, 84
Trd, 4319601.493, 77
Trd, 4319601.943, 91
Trd, 4319602.893, 117
Trd, 4319603.143, 78
Trd, 4319604.193, 86
Trd, 4319604.893, 132
Trd, 4319605.193, 138
Trd, 4319605.893, 127
Trd, 4319607.293, 113
Trd, 4319607.443, 112
Trd, 4319607.593, 78
Trd, 4319608.793, 68
Trd, 4319609.093, 113
Trd, 4319609.193, 83
Trd, 4319611.043, 122
Trd, 4319612.143, 124
Trd, 4319612.343, 120
Trd, 4319612.693, 111
Trd, 4319613.343, 71
Trd, 4319613.543, 120
Trd, 4319616.243, 88
Trd, 4319616.443, 86
Trd, 4319617.443, 102
Trd, 4319617.643, 84
Trd, 4319617.793, 82
Trd, 4319619.743, 106
Trd, 4319620.143, 108
Trd, 4319620.293, 96
Trd, 4319620.743, 84
Trd, 4319621.643, 121
Trd, 4319621.893, 115
Trd, 4319622.893, 91
Trd, 4319623.893, 134
Trd, 4319625.793, 136
Trd, 4319626.493, 98
Trd, 4319627.393, 79
Trd, 4319627.893, 102
Trd, 4319628.293, 89
Trd, 4319628.543, 99
Trd, 4319628.943, 112
Trd, 4319630.093, 77
Trd, 4319630.243, 103
Trd, 4319630.943, 90
Trd, 4319631.243, 106
Trd, 4319632.943, 114
Trd, 4319633.343, 117
Trd, 4319633.793, 104
Trd, 4319635.093, 138
Trd, 4319636.043, 118
Trd, 4319636.093, 116
Trd, 4319636.743, 66
Trd, 4319638.543, 96
Trd, 4319638.993, 88
Trd, 4319639.943, 109
Trd, 4319640.793, 83
Trd, 4319641.343, 132
Trd, 4319641.493, 81
Trd, 4319642.043, 79
Trd, 4319642.843, 119
Trd, 4319644.193, 94
Trd, 4319644.693, 89
Trd, 4319644.893, 99
Trd, 4319646.693, 111
Trd, 4319647.093, 127
Trd, 4319647.943, 129
Trd, 4319648.043, 128
Trd, 4319648.293, 121
Trd, 4319648.793, 106
Trd, 4319650.893, 118
Trd, 4319651.343, 132
Trd, 4319651.443, 96
Trd, 4319651.793, 93
Trd, 4319652.293, 109
Trd, 4319653.093, 128
Trd, 4319653.693, 99
Trd, 4319654.243, 121
Trd, 4319654.993, 121
Trd, 4319655.193, 117
Trd, 4319655.843, 117
Trd, 4319656.843, 90
Trd, 4319657.593, 133
Trd, 4319657.643, 125
Trd, 4319658.743, 114
Trd, 4319659.843, 109
Trd, 4319660.593, 122
Trd, 4319660.893, 71
Trd, 4319661.693, 71
Trd, 4319662.043, 77
Trd, 4319662.093, 89
Trd, 4319662.443, 96
Trd, 4319662.893, 81
Trd, 4319663.093, 87
Trd, 4319666.643, 121
Trd, 4319666.943, 120
Trd, 4319667.143, 97
Trd, 4319668.143, 98
Trd, 4319668.593, 102
Trd, 4319668.993, 86
Trd, 4319670.393, 82
Trd, 4319670.643, 84
Trd, 4319671.543, 93
Trd, 4319672.193, 90
Trd, 4319674.043, 112
Trd, 4319674.193, 131
Trd, 4319676.243, 97
Trd, 4319676.743, 61
Trd, 4319677.043, 75
Trd, 4319677.693, 106
Trd, 4319678.193, 111
Trd, 4319679.043, 106
Trd, 4319679.293, 100
Trd, 4319680.443, 76
Trd, 4319681.143, 72
Trd, 4319681.793, 109
Trd, 4319681.993, 112
Trd, 4319682.343, 82
Trd, 4319684.043, 89
Trd, 4319684.243, 86
Trd, 4319685.093, 83
Trd, 4319685.643, 126
Trd, 4319686.093, 80
Trd, 4319687.343, 126
Trd, 4319687.943, 125
Trd, 4319688.643, 99
Trd, 4319689.093, 94
Trd, 4319690.193, 78
Trd, 4319691.193, 131
Trd, 4319692.143, 100
Trd, 4319693.093, 95
Trd, 4319693.593, 93
Trd, 4319694.093, 90
Trd, 4319694.193, 68
Trd, 4319694.593, 62
Trd, 4319695.993, 108
Trd, 4319696.093, 103
Trd, 4319696.493, 64
Trd, 4319698.443, 125
Trd, 4319699.243, 119
Trd, 4319699.493, 93
Trd, 4319699.743, 91
Trd, 4319701.243, 122
Trd, 4319701.693, 76
Trd, 4319701.793, 65
Trd, 4319703.143, 135
Trd, 4319703.193, 130
Trd, 4319703.843, 89
Trd, 4319704.493, 94
Trd, 4319705.343, 139
Trd, 4319706.093, 78
Trd, 4319706.243, 90
Trd, 4319706.893, 71
Trd, 4319707.943, 72
Trd, 4319709.143, 97
Trd, 4319711.693, 126
Trd, 4319712.293, 96
Trd, 4319712.343, 91
Trd, 4319712.393, 101
Trd, 4319714.543, 130
Trd, 4319714.693, 122
Trd, 4319714.743, 103
Trd, 4319715.093, 130
Trd, 4319716.443, 112
Trd, 4319717.093, 118
Trd, 4319717.943, 110
Trd, 4319719.593, 122
Trd, 4319720.193, 119
Trd, 4319720.793, 111
Trd, 4319721.393, 129
Trd, 4319722.093, 129
Trd, 4319722.443, 104
Trd, 4319722.943, 118
Trd, 4319723.893, 128
Trd, 4319724.193, 103
Trd, 4319724.443, 102
Trd, 4319724.543, 99
Trd, 4319725.643, 100
Trd, 4319726.443, 138
Trd, 4319728.493, 108
Trd, 4319728.543, 93
Trd, 4319729.193, 92
Trd, 4319730.493, 88
Trd, 4319730.743, 91
Trd, 4319730.793, 99
Trd, 4319731.193, 66
Trd, 4319731.743, 90
Trd, 4319731.993, 104
Trd, 4319733.193, 88
Trd, 4319734.293, 73
Trd, 4319735.143, 67
Trd, 4319735.843, 91
Trd, 4319735.993, 104
Trd, 4319737.543, 88
Trd, 4319737.643, 122
Trd, 4319737.993, 89
Trd, 4319738.343, 119
Trd, 4319739.093, 108
Trd, 4319739.843, 88
Trd, 4319740.443, 88
Trd, 4319740.693, 100
Trd, 4319740.843, 77
Trd, 4319741.193, 95
Trd, 4319741.493, 100
Trd, 4319742.843, 106
Trd, 4319742.943, 104
Trd, 4319744.393, 127
Trd, 4319745.093, 122
Trd, 4319745.393, 109
Trd, 4319745.943, 139
Trd, 4319747.193, 138
Trd, 4319747.393, 137
Trd, 4319748.143, 121
Trd, 4319748.743, 66
Trd, 4319749.643, 93
Trd, 4319749.793, 92
Trd, 4319751.593, 74
Trd, 4319751.843, 110
Trd, 4319753.043, 125
Trd, 4319753.593, 128
Trd, 4319753.693, 125
Trd, 4319754.193, 120
Trd, 4319754.493, 114
Trd, 4319755.593, 139
Trd, 4319756.243, 118
Trd, 4319756.493, 116
Trd, 4319757.093, 138
Trd, 4319757.593, 93
Trd, 4319758.343, 65
Trd, 4319758.393, 64
Trd, 4319759.143, 76
Trd, 4319759.643, 139
Trd, 4319760.243, 137
Trd, 4319762.293, 120
Trd, 4319762.743, 114
Trd, 4319762.843, 90
Trd, 4319764.793, 131
Trd, 4319765.343, 123
Trd, 4319765.693, 122
Trd, 4319765.943, 117
Trd, 4319767.543, 83
Trd, 4319769.193, 116
Trd, 4319769.393, 93
Trd, 4319769.993, 112
Trd, 4319770.293, 109
Trd, 4319771.593, 111
Trd, 4319772.843, 104
Trd, 4319773.493, 125
Trd, 4319773.743, 98
Trd, 4319774.543, 126
Trd, 4319776.093, 96
Trd, 4319776.443, 94
Trd, 4319776.993, 62
Trd, 4319777.293, 86
Trd, 4319779.493, 78
Trd, 4319779.993, 64
Trd, 4319780.493, 61
Trd, 4319780.643, 67
Trd, 4319780.693, 70
Trd, 4319781.893, 114
Trd, 4319782.093, 113
Trd, 4319782.843, 108
Trd, 4319783.743, 96
Trd, 4319783.843, 95
Trd, 4319784.543, 113
Trd, 4319784.943, 133
Trd, 4319785.943, 112
Trd, 4319785.993, 86
Trd, 4319787.693, 112
Trd, 4319788.193, 97
Trd, 4319788.493, 95
Trd, 4319789.443, 140
Trd, 4319789.843, 128
Trd, 4319790.343, 87
Trd, 4319791.443, 134
Trd, 4319791.793, 132
Trd, 4319791.943, 131
Trd, 4319792.393, 122
Trd, 4319793.243, 111
Trd, 4319793.843, 98
Trd, 4319794.493, 126
Trd, 4319795.443, 107
Trd, 4319795.793, 137
Trd, 4319796.693, 95
Trd, 4319796.993, 94
Trd, 4319798.693, 62
Trd, 4319799.393, 89
Trd, 4319799.543, 84
Trd, 4319800.243, 110
Trd, 4319801.193, 86
Trd, 4319801.443, 76
Trd, 4319801.993, 89
Trd, 4319802.193, 72
Trd, 4319802.943, 73
Trd, 4319803.893, 110
Trd, 4319806.393, 137
Trd, 4319806.493, 131
Trd, 4319806.593, 92
Trd, 4319807.243, 88
Trd, 4319808.643, 85
Trd, 4319809.893, 125
Trd, 4319810.043, 83
Trd, 4319810.643, 107
Trd, 4319810.843, 106
Trd, 4319811.043, 64
Trd, 4319811.193, 120
Trd, 4319812.693, 121
Trd, 4319812.893, 108
Trd, 4319814.393, 118
Trd, 4319814.693, 82
Trd, 4319815.043, 91
Trd, 4319815.343, 90
Trd, 4319816.743, 123
Trd, 4319817.093, 133
Trd, 4319817.443, 119
Trd, 4319818.743, 132
Trd, 4319819.243, 133
Trd, 4319819.743, 132
Trd, 4319820.793, 130
Trd, 4319820.943, 128
Trd, 4319821.093, 107
Trd, 4319821.993, 119
Trd, 4319822.443, 74
Trd, 4319822.743, 95
Trd, 4319823.243, 64
Trd, 4319824.043, 140
Trd, 4319824.243, 138
Trd, 4319825.393, 115
Trd, 4319826.193, 117
Trd, 4319827.143, 88
Trd, 4319827.293, 84
Trd, 4319828.643, 110
Trd, 4319829.093, 126
Trd, 4319830.093, 119
Trd, 4319830.543, 93
Trd, 4319832.243, 101
Trd, 4319832.443, 93
Trd, 4319833.843, 98
Trd, 4319834.293, 101
Trd, 4319834.343, 86
Trd, 4319834.693, 104
Trd, 4319836.443, 107
Trd, 4319836.543, 87
Trd, 4319836.993, 84
Trd, 4319837.293, 71
Trd, 4319837.743, 69
Trd, 4319838.143, 72
Trd, 4319838.643, 135
Trd, 4319839.693, 73
Trd, 4319840.093, 70
Trd, 4319841.493, 110
Trd, 4319842.043, 100
Trd, 4319842.843, 119
Trd, 4319843.593, 128
Trd, 4319843.643, 126
Trd, 4319843.843, 94
Trd, 4319844.843, 83
Trd, 4319847.293, 133
Trd, 4319847.343, 116
Trd, 4319848.143, 112
Trd, 4319848.593, 109
Trd, 4319849.393, 92
Trd, 4319849.543, 121
Trd, 4319849.693, 138
Trd, 4319849.793, 80
Trd, 4319850.843, 125
Trd, 4319851.843, 117
Trd, 4319852.193, 129
Trd, 4319852.343, 113
Trd, 4319854.743, 121
Trd, 4319854.893, 111
Trd, 4319855.893, 104
Trd, 4319856.293, 130
Trd, 4319856.793, 123
Trd, 4319857.393, 121
Trd, 4319857.543, 96
Trd, 4319857.943, 70
Trd, 4319858.193, 101
Trd, 4319859.193, 100
Trd, 4319859.493, 96
Trd, 4319861.093, 108
Trd, 4319862.743, 131
Trd, 4319862.793, 124
Trd, 4319863.293, 123
Trd, 4319863.643, 104
Trd, 4319864.093, 106
Trd, 4319864.843, 115
Trd, 4319864.943, 70
Trd, 4319866.193, 123
Trd, 4319867.843, 117
Trd, 4319868.993, 133
Trd, 4319869.543, 133
Trd, 4319869.743, 104
Trd, 4319871.543, 92
Trd, 4319872.043, 90
Trd, 4319872.093, 85
Trd, 4319872.993, 111
Trd, 4319873.343, 91
Trd, 4319873.443, 91
Trd, 4319873.643, 100
Trd, 4319873.993, 124
Trd, 4319875.093, 88
Trd, 4319876.543, 133
Trd, 4319876.743, 129
Trd, 4319876.943, 127
Trd, 4319876.993, 99
Trd, 4319877.543, 81
Trd, 4319879.843, 112
Trd, 4319879.993, 108
Trd, 4319880.293, 70
Trd, 4319881.043, 102
Trd, 4319881.593, 102
Trd, 4319881.843, 87
Trd, 4319882.993, 102
Trd, 4319883.593, 102
Trd, 4319883.943, 110
Trd, 4319884.243, 105
Trd, 4319884.543, 98
Trd, 4319884.843, 95
Trd, 4319887.693, 126
Trd, 4319887.793, 123
Trd, 4319888.043, 120
Trd, 4319888.593, 108
Trd, 4319888.693, 69
Trd, 4319889.093, 77
Trd, 4319890.543, 61
Trd, 4319891.543, 108
Trd, 4319892.593, 99
Trd, 4319892.743, 98
Trd, 4319893.643, 82
Trd, 4319893.943, 75
Trd, 4319895.193, 118
Trd, 4319896.343, 113
Trd, 4319897.043, 106
Trd, 4319897.643, 105
Trd, 4319898.243, 90
Trd, 4319898.643, 112
Trd, 4319899.143, 62
Trd, 4319899.293, 86
Trd, 4319900.393, 121
Trd, 4319901.043, 119
Trd, 4319901.193, 118
Trd, 4319902.243, 68
Trd, 4319903.593, 79
Trd, 4319904.043, 79
Trd, 4319904.093, 87
Trd, 4319904.493, 90
Trd, 4319904.843, 106
Trd, 4319905.243, 123
Trd, 4319905.693, 92
Trd, 4319906.043, 71
Trd, 4319906.243, 93
Trd, 4319907.843, 86
Trd, 4319910.343, 60
Trd, 4319910.593, 69
Trd, 4319911.393, 73
Trd, 4319912.243, 83
Trd, 4319912.543, 64
Trd, 4319912.943, 64
Trd, 4319913.693, 106
Trd, 4319914.543, 69
Trd, 4319915.043, 137
Trd, 4319916.093, 106
Trd, 4319916.343, 103
Trd, 4319916.793, 96
Trd, 4319917.193, 108
Trd, 4319918.243, 80
Trd, 4319919.193, 73
Trd, 4319922.043, 75
Trd, 4319922.093, 72
Trd, 4319922.293, 78
Trd, 4319923.443, 69
Trd, 4319923.493, 79
Trd, 4319924.043, 118
Trd, 4319924.943, 67
Trd, 4319924.993, 64
Trd, 4319925.393, 66
Trd, 4319925.793, 68
Trd, 4319926.643, 63
Trd, 4319927.243, 71
Trd, 4319929.193, 72
Trd, 4319930.193, 139
Trd, 4319930.293, 102
Trd, 4319931.793, 138
Trd, 4319932.393, 115
Trd, 4319933.343, 104
Trd, 4319933.393, 101
Trd, 4319933.843, 93
Trd, 4319934.393, 98
Trd, 4319934.743, 60
Trd, 4319936.343, 67
Trd, 4319937.393, 112
Trd, 4319937.643, 107
Trd, 4319937.893, 122
Trd, 4319938.243, 123
Trd, 4319938.643, 101
Trd, 4319938.943, 109
Trd, 4319939.043, 86
Trd, 4319941.143, 79
Trd, 4319941.593, 84
Trd, 4319942.493, 61
Trd, 4319944.793, 78
Trd, 4319945.443, 106
Trd, 4319945.943, 101
Trd, 4319947.093, 119
Trd, 4319947.593, 123
Trd, 4319948.243, 99
Trd, 4319948.493, 105
Trd, 4319949.793, 127
Trd, 4319950.043, 119
Trd, 4319951.443, 132
Trd, 4319952.293, 131
Trd, 4319952.843, 127
Trd, 4319953.443, 138
Trd, 4319953.643, 115
Trd, 4319954.393, 105
Trd, 4319954.693, 82
Trd, 4319956.293, 101
Trd, 4319956.943, 100
Trd, 4319957.693, 97
Trd, 4319957.843, 121
Trd, 4319958.193, 117
Trd, 4319958.543, 113
Trd, 4319958.993, 83
Trd, 4319959.643, 132
Trd, 4319961.843, 133
Trd, 4319962.193, 104
Trd, 4319962.393, 91
Trd, 4319963.743, 129
Trd, 4319963.943, 106
Trd, 4319964.193, 134
Trd, 4319964.793, 113
Trd, 4319965.493, 102
Trd, 4319967.793, 115
Trd, 4319968.043, 110
Trd, 4319968.493, 110
Trd, 4319969.193, 110
Trd, 4319969.343, 85
Trd, 4319969.543, 105
Trd, 4319969.843, 109
Trd, 4319972.843, 64
Trd, 4319973.743, 79
Trd, 4319974.043, 107
Trd, 4319974.693, 108
Trd, 4319975.393, 104
Trd, 4319975.493, 104
Trd, 4319975.643, 102
Trd, 4319976.343, 95
Trd, 4319976.943, 72
Trd, 4319977.793, 128
Trd, 4319978.093, 117
Trd, 4319978.843, 71
Trd, 4319979.343, 84
Trd, 4319980.793, 74
Trd, 4319981.693, 68
Trd, 4319982.243, 90
Trd, 4319982.943, 90
Trd, 4319983.493, 100
Trd, 4319983.893, 78
Trd, 4319984.543, 126
Trd, 4319985.393, 107
Trd, 4319986.243, 97
Trd, 4319986.693, 136
Trd, 4319986.943, 89
Trd, 4319987.143, 86
Trd, 4319988.643, 66
Trd, 4319988.893, 76
Trd, 4319989.543, 112
Trd, 4319990.793, 122
Trd, 4319990.843, 121
Trd, 4319991.843, 130
Trd, 4319991.943, 129
Trd, 4319992.793, 105
Trd, 4319993.243, 94
Trd, 4319994.043, 140
Trd, 4319994.243, 133
Trd, 4319994.393, 127
Trd, 4319994.843, 108
Trd, 4319997.393, 111
Trd, 4319997.643, 82
Trd, 4319997.943, 75
Trd, 4319998.093, 71
Trd, 4319998.693, 77
Trd, 4319999.443, 103
