Trd, 4318139.343, 119
Trd, 4318139.393, 105
Trd, 4318141.443, 92
Trd, 4318143.093, 86
Trd, 4318143.543, 84
Trd, 4318144.193, 80
Trd, 4318144.443, 94
Trd, 4318144.543, 97
Trd, 4318145.243, 139
Trd, 4318145.793, 64
Trd, 4318146.543, 64
Trd, 4318148.093, 72
Trd, 4318148.243, 75
Trd, 4318149.843, 83
Trd, 4318150.093, 112
Trd, 4318150.193, 111
Trd, 4318152.493, 76
Trd, 4318153.643, 60
Trd, 4318154.193, 60
Trd, 4318154.843, 86
Trd, 4318154.943, 69
Trd, 4318155.193, 118
Trd, 4318155.943, 75
Trd, 4318156.743, 80
Trd, 4318157.043, 79
Trd, 4318157.593, 67
Trd, 4318159.043, 68
Trd, 4318159.193, 65
Trd, 4318159.493, 116
Trd, 4318161.393, 61
Trd, 4318161.943, 89
Trd, 4318162.643, 140
Trd, 4318164.293, 130
Trd, 4318164.343, 128
Trd, 4318164.643, 109
Trd, 4318164.943, 124
Trd, 4318165.093, 108
Trd, 4318165.243, 118
Trd, 4318165.293, 91
Trd, 4318167.093, 109
Trd, 4318167.593, 102
Trd, 4318168.643, 106
Trd, 4318168.793, 93
Trd, 4318169.193, 92
Trd, 4318169.493, 91
Trd, 4318170.293, 107
Trd, 4318170.743, 80
Trd, 4318170.943, 102
Trd, 4318172.543, 82
Trd, 4318172.643, 80
Trd, 4318174.243, 75
Trd, 4318174.493, 99
Trd, 4318174.993, 72
Trd, 4318175.943, 85
Trd, 4318176.293, 103
Trd, 4318176.443, 102
Trd, 4318176.493, 83
Trd, 4318177.493, 97
Trd, 4318178.193, 124
Trd, 4318179.943, 96
Trd, 4318180.443, 95
Trd, 4318180.493, 97
Trd, 4318180.593, 94
Trd, 4318181.543, 78
Trd, 4318182.143, 136
Trd, 4318185.093, 60
Trd, 4318186.343, 94
Trd, 4318186.993, 62
Trd, 4318187.593, 69
Trd, 4318187.943, 64
Trd, 4318188.243, 107
Trd, 4318188.943, 64
Trd, 4318189.993, 103
Trd, 4318190.343, 102
Trd, 4318190.493, 98
Trd, 4318191.393, 112
Trd, 4318191.643, 84
Trd, 4318193.093, 125
Trd, 4318193.393, 69
Trd, 4318194.693, 70
Trd, 4318194.843, 87
Trd, 4318196.443, 72
Trd, 4318196.493, 75
Trd, 4318197.843, 75
Trd, 4318198.743, 138
Trd, 4318199.493, 113
Trd, 4318200.093, 109
Trd, 4318200.193, 85
Trd, 4318200.593, 73
Trd, 4318201.293, 87
Trd, 4318202.343, 75
Trd, 4318204.043, 62
Trd, 4318204.393, 98
Trd, 4318205.543, 101
Trd, 4318205.643, 70
Trd, 4318205.743, 70
Trd, 4318205.893, 65
Trd, 4318207.643, 119
Trd, 4318207.743, 118
Trd, 4318207.843, 110
Trd, 4318207.943, 80
Trd, 4318208.593, 125
Trd, 4318208.993, 118
Trd, 4318210.493, 139
Trd, 4318210.993, 138
Trd, 4318211.043, 94
Trd, 4318212.643, 139
Trd, 4318213.543, 134
Trd, 4318214.293, 120
Trd, 4318214.393, 115
Trd, 4318214.743, 105
Trd, 4318215.093, 90
Trd, 4318216.593, 96
Trd, 4318216.843, 83
Trd, 4318217.293, 113
Trd, 4318219.193, 74
Trd, 4318219.543, 132
Trd, 4318220.893, 62
Trd, 4318221.993, 95
Trd, 4318222.593, 118
Trd, 4318222.893, 95
Trd, 4318223.543, 94
Trd, 4318223.943, 102
Trd, 4318224.593, 128
Trd, 4318224.643, 122
Trd, 4318224.893, 116
Trd, 4318225.193, 97
Trd, 4318225.943, 139
Trd, 4318226.293, 65
Trd, 4318227.243, 84
Trd, 4318229.443, 77
Trd, 4318229.843, 84
Trd, 4318230.343, 73
Trd, 4318231.093, 98
Trd, 4318231.393, 102
Trd, 4318232.443, 121
Trd, 4318232.693, 85
Trd, 4318234.093, 114
Trd, 4318234.893, 135
Trd, 4318235.143, 119
Trd, 4318236.443, 121
Trd, 4318236.993, 139
Trd, 4318237.493, 110
Trd, 4318238.343, 107
Trd, 4318238.493, 98
Trd, 4318239.043, 72
Trd, 4318239.343, 88
Trd, 4318240.443, 115
Trd, 4318241.693, 106
Trd, 4318241.943, 96
Trd, 4318243.943, 85
Trd, 4318244.493, 65
Trd, 4318245.043, 105
Trd, 4318245.843, 84
Trd, 4318246.293, 82
Trd, 4318246.793, 116
Trd, 4318248.893, 111
Trd, 4318249.443, 91
Trd, 4318249.793, 92
Trd, 4318250.093, 89
Trd, 4318250.643, 140
Trd, 4318251.293, 137
Trd, 4318252.093, 130
Trd, 4318252.243, 127
Trd, 4318252.493, 125
Trd, 4318252.543, 95
Trd, 4318252.743, 86
Trd, 4318253.593, 81
Trd, 4318254.143, 80
Trd, 4318254.893, 139
Trd, 4318255.393, 75
Trd, 4318255.893, 74
Trd, 4318256.943, 65
Trd, 4318257.693, 76
Trd, 4318260.193, 103
Trd, 4318261.043, 95
Trd, 4318261.193, 90
Trd, 4318261.693, 91
Trd, 4318262.443, 91
Trd, 4318262.493, 90
Trd, 4318262.943, 88
Trd, 4318263.293, 135
Trd, 4318265.593, 115
Trd, 4318265.943, 109
Trd, 4318266.193, 103
Trd, 4318266.543, 93
Trd, 4318267.093, 119
Trd, 4318268.343, 120
Trd, 4318271.093, 135
Trd, 4318271.193, 122
Trd, 4318271.243, 116
Trd, 4318271.893, 112
Trd, 4318271.943, 102
Trd, 4318271.993, 99
Trd, 4318273.193, 97
Trd, 4318273.593, 96
Trd, 4318273.793, 125
Trd, 4318273.843, 89
Trd, 4318274.343, 105
Trd, 4318276.493, 86
Trd, 4318277.043, 102
Trd, 4318277.393, 95
Trd, 4318277.743, 83
Trd, 4318278.743, 98
Trd, 4318279.543, 98
Trd, 4318280.493, 85
Trd, 4318281.043, 85
Trd, 4318281.493, 64
Trd, 4318282.493, 74
Trd, 4318282.643, 133
Trd, 4318283.243, 78
Trd, 4318283.493, 66
Trd, 4318283.543, 82
Trd, 4318283.893, 63
Trd, 4318284.093, 106
Trd, 4318285.643, 124
Trd, 4318286.343, 104
Trd, 4318287.043, 103
Trd, 4318287.193, 99
Trd, 4318289.143, 140
Trd, 4318289.343, 140
Trd, 4318289.443, 132
Trd, 4318289.593, 78
Trd, 4318291.243, 138
Trd, 4318292.193, 126
Trd, 4318292.293, 115
Trd, 4318293.693, 100
Trd, 4318294.693, 88
Trd, 4318295.093, 112
Trd, 4318295.343, 96
Trd, 4318295.993, 113
Trd, 4318296.493, 82
Trd, 4318297.943, 83
Trd, 4318298.793, 78
Trd, 4318299.943, 79
Trd, 4318301.093, 92
Trd, 4318301.293, 110
Trd, 4318301.393, 89
Trd, 4318303.393, 94
Trd, 4318303.743, 92
Trd, 4318303.993, 136
Trd, 4318304.193, 74
Trd, 4318305.093, 138
Trd, 4318305.443, 132
Trd, 4318306.443, 120
Trd, 4318307.043, 128
Trd, 4318308.193, 127
Trd, 4318308.543, 116
Trd, 4318310.093, 107
Trd, 4318310.493, 104
Trd, 4318310.743, 99
Trd, 4318310.893, 112
Trd, 4318311.393, 85
Trd, 4318313.293, 95
Trd, 4318313.443, 92
Trd, 4318313.593, 117
Trd, 4318313.743, 105
Trd, 4318313.943, 115
Trd, 4318315.293, 120
Trd, 4318315.743, 103
Trd, 4318316.943, 68
Trd, 4318318.493, 140
Trd, 4318319.443, 140
Trd, 4318320.143, 140
Trd, 4318320.943, 131
Trd, 4318321.493, 125
Trd, 4318321.893, 120
Trd, 4318322.193, 108
Trd, 4318322.493, 93
Trd, 4318323.393, 94
Trd, 4318323.943, 138
Trd, 4318324.343, 122
Trd, 4318324.643, 69
Trd, 4318324.943, 67
Trd, 4318325.843, 74
Trd, 4318326.493, 83
Trd, 4318327.293, 122
Trd, 4318327.893, 110
Trd, 4318328.343, 108
Trd, 4318328.743, 136
Trd, 4318328.793, 129
Trd, 4318329.043, 108
Trd, 4318329.243, 124
Trd, 4318331.243, 98
Trd, 4318331.793, 99
Trd, 4318332.643, 115
Trd, 4318333.543, 139
Trd, 4318333.593, 125
Trd, 4318333.843, 106
Trd, 4318334.493, 90
Trd, 4318334.993, 98
Trd, 4318336.293, 96
Trd, 4318337.293, 87
Trd, 4318337.643, 99
Trd, 4318338.643, 76
Trd, 4318338.743, 75
Trd, 4318339.093, 139
Trd, 4318340.043, 63
Trd, 4318342.293, 62
Trd, 4318343.093, 69
Trd, 4318343.493, 87
Trd, 4318344.193, 93
Trd, 4318344.643, 106
Trd, 4318345.993, 100
Trd, 4318347.543, 100
Trd, 4318347.693, 103
Trd, 4318347.743, 96
Trd, 4318348.193, 90
Trd, 4318348.543, 71
Trd, 4318348.843, 115
Trd, 4318350.043, 60
Trd, 4318350.843, 88
Trd, 4318351.443, 77
Trd, 4318352.293, 127
Trd, 4318352.493, 125
Trd, 4318354.343, 65
Trd, 4318354.543, 67
Trd, 4318354.593, 71
Trd, 4318354.693, 78
Trd, 4318357.493, 93
Trd, 4318357.543, 92
Trd, 4318357.643, 82
Trd, 4318357.693, 81
Trd, 4318358.243, 88
Trd, 4318358.543, 128
Trd, 4318359.393, 138
Trd, 4318359.443, 137
Trd, 4318359.493, 131
Trd, 4318360.493, 90
Trd, 4318361.443, 67
Trd, 4318362.393, 61
Trd, 4318362.543, 94
Trd, 4318364.643, 78
Trd, 4318364.793, 104
Trd, 4318364.843, 77
Trd, 4318366.343, 60
Trd, 4318367.193, 67
Trd, 4318367.943, 61
Trd, 4318368.693, 83
Trd, 4318369.043, 98
Trd, 4318369.193, 99
Trd, 4318369.793, 108
Trd, 4318371.193, 140
Trd, 4318372.343, 140
Trd, 4318372.843, 140
Trd, 4318373.243, 132
Trd, 4318373.493, 113
Trd, 4318374.243, 92
Trd, 4318374.893, 93
Trd, 4318375.443, 88
Trd, 4318376.243, 87
Trd, 4318376.593, 81
Trd, 4318376.893, 97
Trd, 4318377.043, 85
Trd, 4318379.493, 138
Trd, 4318379.593, 84
Trd, 4318379.793, 84
Trd, 4318381.043, 92
Trd, 4318382.393, 83
Trd, 4318382.793, 111
Trd, 4318383.743, 86
Trd, 4318383.843, 127
Trd, 4318384.093, 77
Trd, 4318384.443, 73
Trd, 4318384.843, 98
Trd, 4318386.343, 83
Trd, 4318386.643, 82
Trd, 4318387.093, 80
Trd, 4318387.693, 101
Trd, 4318388.393, 100
Trd, 4318389.843, 109
Trd, 4318390.193, 89
Trd, 4318390.593, 130
Trd, 4318390.943, 76
Trd, 4318391.393, 70
Trd, 4318392.893, 70
Trd, 4318394.643, 89
Trd, 4318395.243, 134
Trd, 4318395.993, 84
Trd, 4318396.643, 104
Trd, 4318396.993, 101
Trd, 4318397.893, 92
Trd, 4318399.243, 82
Trd, 4318399.793, 79
Trd, 4318400.243, 89
Trd, 4318401.143, 83
Trd, 4318401.493, 106
Trd, 4318402.693, 95
Trd, 4318403.143, 100
Trd, 4318403.443, 94
Trd, 4318404.693, 130
Trd, 4318404.943, 110
Trd, 4318406.993, 103
Trd, 4318407.143, 97
Trd, 4318408.593, 111
Trd, 4318409.243, 128
Trd, 4318410.193, 140
Trd, 4318410.543, 132
Trd, 4318411.293, 128
Trd, 4318413.143, 139
Trd, 4318413.393, 138
Trd, 4318413.893, 138
Trd, 4318413.943, 133
Trd, 4318415.193, 113
Trd, 4318416.243, 78
Trd, 4318416.993, 61
Trd, 4318417.493, 64
Trd, 4318417.843, 95
Trd, 4318419.243, 83
Trd, 4318419.593, 84
Trd, 4318420.543, 73
Trd, 4318421.593, 81
Trd, 4318421.843, 74
Trd, 4318422.443, 83
Trd, 4318423.243, 82
Trd, 4318424.443, 85
Trd, 4318425.643, 99
Trd, 4318425.993, 98
Trd, 4318426.193, 83
Trd, 4318426.693, 140
Trd, 4318426.843, 138
Trd, 4318428.043, 113
Trd, 4318428.243, 107
Trd, 4318428.593, 115
Trd, 4318429.993, 69
Trd, 4318431.543, 103
Trd, 4318431.793, 124
Trd, 4318432.693, 77
Trd, 4318433.393, 63
Trd, 4318434.593, 61
Trd, 4318435.193, 60
Trd, 4318435.543, 69
Trd, 4318436.793, 61
Trd, 4318436.843, 66
Trd, 4318437.643, 93
Trd, 4318437.993, 63
Trd, 4318438.143, 72
Trd, 4318438.693, 64
Trd, 4318439.743, 74
Trd, 4318441.093, 76
Trd, 4318441.593, 100
Trd, 4318442.593, 90
Trd, 4318443.843, 109
Trd, 4318443.893, 104
Trd, 4318444.693, 109
Trd, 4318444.943, 92
Trd, 4318444.993, 108
Trd, 4318445.043, 118
Trd, 4318446.193, 139
Trd, 4318447.443, 88
Trd, 4318447.543, 69
Trd, 4318447.843, 81
Trd, 4318448.443, 129
Trd, 4318449.543, 60
Trd, 4318450.793, 64
Trd, 4318451.293, 62
Trd, 4318451.493, 105
Trd, 4318451.643, 94
Trd, 4318451.993, 93
Trd, 4318452.193, 88
Trd, 4318453.393, 75
Trd, 4318453.893, 61
Trd, 4318456.043, 65
Trd, 4318457.043, 66
Trd, 4318457.393, 74
Trd, 4318457.893, 130
Trd, 4318458.243, 66
Trd, 4318460.493, 138
Trd, 4318460.543, 136
Trd, 4318460.693, 132
Trd, 4318461.143, 126
Trd, 4318461.493, 119
Trd, 4318461.743, 104
Trd, 4318462.393, 86
Trd, 4318462.743, 119
Trd, 4318462.843, 85
Trd, 4318463.393, 120
Trd, 4318464.793, 118
Trd, 4318465.043, 117
Trd, 4318465.543, 108
Trd, 4318466.343, 115
Trd, 4318467.243, 128
Trd, 4318468.393, 91
Trd, 4318469.093, 91
Trd, 4318469.593, 108
Trd, 4318470.343, 122
Trd, 4318470.693, 89
Trd, 4318471.493, 122
Trd, 4318471.843, 118
Trd, 4318472.693, 116
Trd, 4318473.543, 140
Trd, 4318473.693, 115
Trd, 4318474.193, 95
Trd, 4318474.593, 90
Trd, 4318475.043, 95
Trd, 4318475.743, 80
Trd, 4318475.993, 122
Trd, 4318477.243, 123
Trd, 4318477.943, 98
Trd, 4318478.993, 135
Trd, 4318480.093, 113
Trd, 4318480.193, 112
Trd, 4318480.643, 84
Trd, 4318481.443, 109
Trd, 4318483.443, 98
Trd, 4318483.593, 96
Trd, 4318483.743, 118
Trd, 4318485.043, 100
Trd, 4318485.343, 109
Trd, 4318485.993, 111
Trd, 4318487.443, 105
Trd, 4318487.493, 98
Trd, 4318487.543, 98
Trd, 4318488.593, 69
Trd, 4318489.793, 73
Trd, 4318490.593, 86
Trd, 4318490.693, 74
Trd, 4318491.343, 96
Trd, 4318494.293, 72
Trd, 4318495.343, 62
Trd, 4318495.943, 66
Trd, 4318496.243, 77
Trd, 4318496.693, 73
Trd, 4318497.493, 65
Trd, 4318498.543, 76
Trd, 4318498.843, 79
Trd, 4318499.343, 70
Trd, 4318500.143, 66
Trd, 4318500.793, 68
Trd, 4318501.293, 131
Trd, 4318501.743, 71
Trd, 4318502.343, 111
Trd, 4318502.443, 113
Trd, 4318504.293, 88
Trd, 4318506.293, 95
Trd, 4318506.693, 93
Trd, 4318506.893, 92
Trd, 4318507.643, 98
Trd, 4318507.843, 90
Trd, 4318508.593, 96
Trd, 4318510.643, 106
Trd, 4318510.743, 105
Trd, 4318510.793, 104
Trd, 4318511.493, 89
Trd, 4318511.943, 95
Trd, 4318512.693, 87
Trd, 4318513.143, 95
Trd, 4318514.443, 93
Trd, 4318515.343, 140
Trd, 4318515.543, 126
Trd, 4318515.843, 74
Trd, 4318516.693, 123
Trd, 4318517.343, 122
Trd, 4318518.643, 111
Trd, 4318519.193, 70
Trd, 4318519.293, 89
Trd, 4318520.093, 93
Trd, 4318521.093, 129
Trd, 4318521.993, 70
Trd, 4318522.293, 94
Trd, 4318523.243, 73
Trd, 4318524.093, 69
Trd, 4318524.693, 67
Trd, 4318524.993, 122
Trd, 4318526.693, 65
Trd, 4318526.943, 66
Trd, 4318527.643, 131
Trd, 4318527.793, 124
Trd, 4318528.293, 118
Trd, 4318528.543, 117
Trd, 4318529.043, 78
Trd, 4318530.493, 60
Trd, 4318530.643, 61
Trd, 4318531.293, 84
Trd, 4318531.893, 123
Trd, 4318533.843, 140
Trd, 4318533.893, 136
Trd, 4318534.543, 100
Trd, 4318534.693, 93
Trd, 4318535.293, 88
Trd, 4318535.893, 93
Trd, 4318537.543, 107
Trd, 4318538.443, 103
Trd, 4318538.493, 102
Trd, 4318540.493, 97
Trd, 4318541.543, 80
Trd, 4318541.643, 80
Trd, 4318541.893, 100
Trd, 4318542.293, 60
Trd, 4318542.943, 77
Trd, 4318543.143, 117
Trd, 4318544.343, 137
Trd, 4318545.193, 130
Trd, 4318545.643, 120
Trd, 4318546.543, 110
Trd, 4318546.593, 108
Trd, 4318547.443, 140
Trd, 4318547.893, 117
Trd, 4318548.443, 110
Trd, 4318548.693, 99
Trd, 4318549.393, 107
Trd, 4318550.293, 117
Trd, 4318551.893, 113
Trd, 4318552.343, 140
Trd, 4318553.843, 112
Trd, 4318555.143, 119
Trd, 4318555.643, 137
Trd, 4318556.343, 110
Trd, 4318556.893, 110
Trd, 4318557.543, 108
Trd, 4318557.943, 126
Trd, 4318558.243, 123
Trd, 4318559.793, 140
Trd, 4318559.843, 140
Trd, 4318560.343, 116
Trd, 4318560.443, 109
Trd, 4318560.693, 89
Trd, 4318561.693, 85
Trd, 4318562.593, 60
Trd, 4318562.843, 76
Trd, 4318563.443, 62
Trd, 4318563.893, 62
Trd, 4318564.793, 123
Trd, 4318564.943, 91
Trd, 4318565.593, 132
Trd, 4318566.293, 89
Trd, 4318567.193, 74
Trd, 4318567.493, 71
Trd, 4318570.393, 72
Trd, 4318570.493, 74
Trd, 4318570.993, 73
Trd, 4318571.693, 74
Trd, 4318572.193, 76
Trd, 4318572.393, 117
Trd, 4318573.443, 76
Trd, 4318574.043, 89
Trd, 4318574.343, 83
Trd, 4318575.093, 83
Trd, 4318575.193, 70
Trd, 4318575.993, 68
Trd, 4318576.993, 138
Trd, 4318577.743, 118
Trd, 4318579.443, 61
Trd, 4318580.693, 92
Trd, 4318580.893, 105
Trd, 4318581.793, 139
Trd, 4318582.043, 124
Trd, 4318582.143, 123
Trd, 4318582.793, 131
Trd, 4318583.693, 120
Trd, 4318584.293, 109
Trd, 4318584.643, 137
Trd, 4318585.193, 124
Trd, 4318586.143, 110
Trd, 4318586.293, 108
Trd, 4318586.943, 107
Trd, 4318587.143, 105
Trd, 4318587.893, 68
Trd, 4318588.493, 125
Trd, 4318588.893, 67
Trd, 4318589.143, 93
Trd, 4318589.643, 68
Trd, 4318590.443, 68
Trd, 4318590.743, 88
Trd, 4318592.293, 61
Trd, 4318592.893, 64
Trd, 4318596.543, 65
Trd, 4318596.843, 63
Trd, 4318597.393, 84
Trd, 4318597.743, 110
Trd, 4318597.993, 108
Trd, 4318598.293, 85
Trd, 4318598.343, 82
Trd, 4318598.793, 90
Trd, 4318599.293, 134
Trd, 4318599.893, 74
Trd, 4318600.243, 71
Trd, 4318602.093, 103
Trd, 4318602.793, 74
Trd, 4318604.143, 82
Trd, 4318604.393, 113
Trd, 4318604.743, 74
Trd, 4318604.943, 96
Trd, 4318605.593, 82
Trd, 4318607.493, 61
Trd, 4318608.893, 67
Trd, 4318609.493, 79
Trd, 4318610.543, 97
Trd, 4318610.993, 112
Trd, 4318611.193, 116
Trd, 4318611.643, 78
Trd, 4318611.693, 71
Trd, 4318614.243, 109
Trd, 4318614.593, 87
Trd, 4318616.093, 140
Trd, 4318617.193, 140
Trd, 4318617.443, 137
Trd, 4318618.193, 134
Trd, 4318618.393, 137
Trd, 4318618.893, 132
Trd, 4318619.293, 139
Trd, 4318619.443, 130
Trd, 4318619.643, 118
Trd, 4318619.843, 130
Trd, 4318620.093, 96
Trd, 4318621.293, 117
Trd, 4318621.943, 81
Trd, 4318622.693, 100
Trd, 4318623.793, 94
Trd, 4318624.393, 88
Trd, 4318624.943, 92
Trd, 4318625.393, 88
Trd, 4318626.143, 88
Trd, 4318627.393, 126
Trd, 4318627.793, 124
Trd, 4318628.043, 118
Trd, 4318630.093, 106
Trd, 4318630.293, 114
Trd, 4318630.793, 104
Trd, 4318630.993, 105
Trd, 4318631.293, 99
Trd, 4318631.593, 91
Trd, 4318632.343, 79
Trd, 4318634.043, 122
Trd, 4318634.843, 115
Trd, 4318635.093, 100
Trd, 4318635.293, 126
Trd, 4318636.743, 119
Trd, 4318637.393, 137
Trd, 4318638.243, 127
Trd, 4318638.543, 127
Trd, 4318640.243, 124
Trd, 4318641.493, 120
Trd, 4318641.593, 110
Trd, 4318642.343, 131
Trd, 4318642.843, 122
Trd, 4318643.843, 134
Trd, 4318644.643, 104
Trd, 4318645.193, 78
Trd, 4318646.143, 64
Trd, 4318647.043, 91
Trd, 4318648.443, 140
Trd, 4318648.943, 122
Trd, 4318649.093, 110
Trd, 4318649.243, 82
Trd, 4318649.443, 117
Trd, 4318649.993, 111
Trd, 4318650.243, 71
Trd, 4318651.043, 70
Trd, 4318652.343, 125
Trd, 4318652.393, 124
Trd, 4318653.393, 108
Trd, 4318653.843, 140
Trd, 4318655.543, 140
Trd, 4318655.793, 138
Trd, 4318656.043, 136
Trd, 4318656.093, 116
Trd, 4318656.993, 117
Trd, 4318657.743, 78
Trd, 4318659.343, 110
Trd, 4318659.843, 112
Trd, 4318659.993, 83
Trd, 4318660.643, 60
Trd, 4318662.093, 61
Trd, 4318663.093, 83
Trd, 4318663.593, 80
Trd, 4318664.393, 115
Trd, 4318665.193, 114
Trd, 4318665.543, 112
Trd, 4318665.843, 100
Trd, 4318668.993, 63
Trd, 4318669.043, 72
Trd, 4318669.143, 119
Trd, 4318669.893, 85
Trd, 4318670.293, 139
Trd, 4318670.793, 140
Trd, 4318671.793, 133
Trd, 4318671.843, 132
Trd, 4318671.993, 111
Trd, 4318672.643, 134
Trd, 4318674.093, 127
Trd, 4318674.493, 125
Trd, 4318674.843, 117
Trd, 4318675.093, 116
Trd, 4318675.643, 111
Trd, 4318677.593, 138
Trd, 4318678.243, 100
Trd, 4318678.493, 128
Trd, 4318678.743, 119
Trd, 4318681.093, 96
Trd, 4318681.293, 86
Trd, 4318682.593, 81
Trd, 4318683.193, 60
Trd, 4318684.193, 140
Trd, 4318684.543, 140
Trd, 4318685.393, 136
Trd, 4318686.643, 136
Trd, 4318686.743, 135
Trd, 4318687.043, 129
Trd, 4318687.293, 119
Trd, 4318687.943, 116
Trd, 4318688.643, 74
Trd, 4318689.193, 71
Trd, 4318689.993, 69
Trd, 4318690.793, 74
Trd, 4318691.143, 60
Trd, 4318693.043, 61
Trd, 4318694.793, 64
Trd, 4318694.893, 70
Trd, 4318694.993, 84
Trd, 4318695.093, 111
Trd, 4318695.643, 77
Trd, 4318695.993, 90
Trd, 4318697.693, 63
Trd, 4318698.493, 77
Trd, 4318698.643, 78
Trd, 4318698.693, 75
Trd, 4318700.193, 103
Trd, 4318700.593, 134
Trd, 4318701.243, 129
Trd, 4318702.693, 140
Trd, 4318703.593, 140
Trd, 4318703.793, 137
Trd, 4318703.893, 131
Trd, 4318704.643, 123
Trd, 4318704.993, 95
Trd, 4318705.243, 75
Trd, 4318705.943, 86
Trd, 4318707.293, 140
Trd, 4318707.593, 126
Trd, 4318707.793, 113
Trd, 4318707.943, 104
Trd, 4318708.743, 131
Trd, 4318710.393, 64
Trd, 4318711.143, 60
Trd, 4318712.243, 63
Trd, 4318712.643, 68
Trd, 4318712.743, 88
Trd, 4318713.843, 63
Trd, 4318714.943, 62
Trd, 4318715.293, 76
Trd, 4318716.443, 85
Trd, 4318716.593, 79
Trd, 4318717.993, 71
Trd, 4318719.143, 62
Trd, 4318719.193, 68
Trd, 4318719.293, 88
Trd, 4318720.193, 60
Trd, 4318720.793, 101
Trd, 4318723.193, 66
Trd, 4318723.443, 73
Trd, 4318723.543, 77
Trd, 4318724.493, 96
Trd, 4318725.043, 105
Trd, 4318725.143, 101
Trd, 4318725.493, 135
Trd, 4318725.893, 90
Trd, 4318728.443, 60
Trd, 4318729.243, 63
Trd, 4318729.793, 65
Trd, 4318730.593, 97
Trd, 4318730.843, 96
Trd, 4318730.943, 94
Trd, 4318731.343, 90
Trd, 4318731.893, 88
Trd, 4318732.093, 87
Trd, 4318733.843, 94
Trd, 4318734.343, 101
Trd, 4318734.693, 96
Trd, 4318735.043, 118
Trd, 4318735.293, 90
Trd, 4318736.243, 82
Trd, 4318736.393, 79
Trd, 4318737.793, 131
Trd, 4318738.643, 126
Trd, 4318739.893, 82
Trd, 4318740.093, 85
Trd, 4318740.793, 74
Trd, 4318741.443, 82
Trd, 4318741.543, 136
Trd, 4318742.493, 102
Trd, 4318743.743, 115
Trd, 4318743.793, 109
Trd, 4318744.643, 103
Trd, 4318744.943, 124
Trd, 4318745.443, 74
Trd, 4318746.043, 74
Trd, 4318746.893, 76
Trd, 4318747.743, 77
Trd, 4318747.893, 139
Trd, 4318748.243, 73
Trd, 4318748.743, 122
Trd, 4318749.443, 123
Trd, 4318751.143, 129
Trd, 4318751.343, 119
Trd, 4318751.843, 99
Trd, 4318753.243, 71
Trd, 4318753.793, 86
Trd, 4318754.293, 83
Trd, 4318755.143, 71
Trd, 4318756.543, 135
Trd, 4318757.443, 130
Trd, 4318757.543, 129
Trd, 4318758.293, 80
Trd, 4318758.793, 85
Trd, 4318758.893, 122
Trd, 4318760.143, 90
Trd, 4318760.243, 83
Trd, 4318760.643, 77
Trd, 4318760.693, 90
Trd, 4318761.993, 109
Trd, 4318762.593, 91
Trd, 4318762.993, 94
Trd, 4318764.943, 109
Trd, 4318765.293, 76
Trd, 4318765.643, 75
Trd, 4318766.743, 140
Trd, 4318767.093, 126
Trd, 4318767.643, 90
Trd, 4318767.793, 87
Trd, 4318769.193, 137
Trd, 4318770.043, 108
Trd, 4318770.693, 103
Trd, 4318771.893, 92
Trd, 4318772.443, 95
Trd, 4318772.943, 70
Trd, 4318773.243, 90
Trd, 4318774.143, 102
Trd, 4318774.943, 67
Trd, 4318775.843, 70
Trd, 4318776.193, 103
Trd, 4318776.243, 128
Trd, 4318777.193, 132
Trd, 4318777.743, 94
Trd, 4318778.093, 111
Trd, 4318779.043, 88
Trd, 4318780.643, 90
Trd, 4318781.793, 91
Trd, 4318782.093, 101
Trd, 4318782.393, 103
Trd, 4318783.393, 104
Trd, 4318784.693, 110
Trd, 4318785.243, 134
Trd, 4318785.893, 105
Trd, 4318785.993, 101
Trd, 4318786.943, 91
Trd, 4318786.993, 82
Trd, 4318787.293, 60
Trd, 4318790.243, 65
Trd, 4318790.293, 82
Trd, 4318791.193, 87
Trd, 4318791.443, 92
Trd, 4318791.643, 102
Trd, 4318791.893, 86
Trd, 4318792.393, 63
Trd, 4318792.793, 60
Trd, 4318793.693, 62
Trd, 4318794.293, 66
Trd, 4318795.343, 62
Trd, 4318797.743, 63
Trd, 4318798.043, 69
Trd, 4318799.443, 69
Trd, 4318799.643, 105
Trd, 4318801.143, 67
Trd, 4318801.243, 61
Trd, 4318801.793, 73
Trd, 4318802.443, 100
Trd, 4318803.643, 92
Trd, 4318804.893, 132
Trd, 4318805.493, 92
Trd, 4318805.543, 89
Trd, 4318805.743, 89
Trd, 4318807.193, 140
Trd, 4318807.643, 71
Trd, 4318808.243, 93
Trd, 4318809.943, 110
Trd, 4318810.343, 107
Trd, 4318810.443, 99
Trd, 4318810.893, 91
Trd, 4318811.393, 79
Trd, 4318812.393, 140
Trd, 4318812.593, 140
Trd, 4318815.143, 123
Trd, 4318815.293, 106
Trd, 4318815.793, 90
Trd, 4318817.243, 125
Trd, 4318817.293, 117
Trd, 4318817.493, 114
Trd, 4318817.693, 118
Trd, 4318817.793, 89
Trd, 4318818.743, 79
Trd, 4318819.343, 90
Trd, 4318820.993, 62
Trd, 4318821.493, 60
Trd, 4318821.693, 93
Trd, 4318823.243, 80
Trd, 4318824.893, 74
Trd, 4318825.043, 78
Trd, 4318826.293, 77
Trd, 4318827.193, 136
Trd, 4318827.893, 130
Trd, 4318828.093, 123
Trd, 4318828.443, 119
Trd, 4318829.443, 74
Trd, 4318831.093, 119
Trd, 4318832.593, 123
Trd, 4318833.193, 140
Trd, 4318833.293, 113
Trd, 4318833.893, 101
Trd, 4318833.993, 93
Trd, 4318834.343, 135
Trd, 4318834.593, 91
Trd, 4318835.843, 66
Trd, 4318836.293, 125
Trd, 4318836.993, 64
Trd, 4318838.293, 61
Trd, 4318839.143, 76
Trd, 4318839.293, 131
Trd, 4318839.843, 140
Trd, 4318840.643, 79
Trd, 4318840.793, 66
Trd, 4318841.943, 61
Trd, 4318843.393, 64
Trd, 4318844.643, 63
Trd, 4318844.943, 62
Trd, 4318845.043, 66
Trd, 4318845.393, 109
Trd, 4318846.843, 93
Trd, 4318847.943, 85
Trd, 4318848.743, 105
Trd, 4318849.243, 69
Trd, 4318849.843, 71
Trd, 4318850.493, 82
Trd, 4318851.193, 73
Trd, 4318852.943, 76
Trd, 4318853.243, 83
Trd, 4318854.943, 113
Trd, 4318855.693, 140
Trd, 4318855.743, 139
Trd, 4318856.043, 132
Trd, 4318856.193, 115
Trd, 4318857.293, 110
Trd, 4318858.093, 101
Trd, 4318858.543, 85
Trd, 4318858.843, 82
Trd, 4318859.143, 108
Trd, 4318859.643, 89
Trd, 4318860.593, 77
Trd, 4318861.743, 76
Trd, 4318861.993, 109
Trd, 4318862.593, 103
Trd, 4318864.193, 66
Trd, 4318864.343, 79
Trd, 4318864.993, 86
Trd, 4318865.443, 73
Trd, 4318865.643, 111
Trd, 4318865.793, 103
Trd, 4318867.993, 133
Trd, 4318869.193, 129
Trd, 4318869.793, 111
Trd, 4318870.393, 109
Trd, 4318871.193, 97
Trd, 4318871.293, 91
Trd, 4318871.843, 125
Trd, 4318872.843, 90
Trd, 4318873.443, 108
Trd, 4318873.943, 102
Trd, 4318874.243, 103
Trd, 4318874.993, 101
Trd, 4318876.093, 69
Trd, 4318876.843, 63
Trd, 4318877.193, 67
Trd, 4318877.643, 65
Trd, 4318878.243, 76
Trd, 4318878.993, 69
Trd, 4318879.543, 82
Trd, 4318880.593, 140
Trd, 4318880.943, 136
Trd, 4318881.343, 132
Trd, 4318882.693, 96
Trd, 4318882.793, 90
Trd, 4318885.593, 60
Trd, 4318886.543, 115
Trd, 4318886.693, 93
Trd, 4318887.643, 76
Trd, 4318887.693, 77
Trd, 4318889.843, 94
Trd, 4318890.993, 118
Trd, 4318891.543, 98
Trd, 4318891.743, 96
Trd, 4318893.293, 140
Trd, 4318893.743, 140
Trd, 4318893.843, 126
Trd, 4318894.343, 119
Trd, 4318895.693, 131
Trd, 4318895.943, 139
Trd, 4318895.993, 128
Trd, 4318897.193, 120
Trd, 4318898.093, 81
Trd, 4318898.293, 80
Trd, 4318899.643, 128
Trd, 4318899.743, 119
Trd, 4318899.893, 86
Trd, 4318901.043, 66
Trd, 4318901.093, 81
Trd, 4318902.843, 108
Trd, 4318903.893, 62
Trd, 4318904.543, 67
Trd, 4318906.393, 119
Trd, 4318906.743, 108
Trd, 4318906.993, 98
Trd, 4318908.193, 80
Trd, 4318908.343, 92
Trd, 4318908.643, 140
Trd, 4318908.893, 116
Trd, 4318909.643, 118
Trd, 4318909.793, 117
Trd, 4318910.693, 140
Trd, 4318911.193, 94
Trd, 4318911.843, 89
Trd, 4318913.193, 108
Trd, 4318915.243, 89
Trd, 4318916.393, 139
Trd, 4318916.743, 138
Trd, 4318917.343, 123
Trd, 4318918.843, 140
Trd, 4318919.293, 140
Trd, 4318919.443, 140
Trd, 4318920.443, 132
Trd, 4318920.593, 105
Trd, 4318920.743, 122
Trd, 4318921.293, 121
Trd, 4318921.743, 139
Trd, 4318922.493, 103
Trd, 4318923.293, 94
Trd, 4318924.343, 92
Trd, 4318924.393, 90
Trd, 4318924.593, 77
Trd, 4318925.343, 104
Trd, 4318927.843, 60
Trd, 4318929.643, 78
Trd, 4318929.743, 75
Trd, 4318929.843, 117
Trd, 4318931.943, 62
Trd, 4318934.093, 108
Trd, 4318934.393, 108
Trd, 4318935.643, 128
Trd, 4318936.143, 127
Trd, 4318936.343, 121
Trd, 4318937.243, 81
Trd, 4318938.943, 109
Trd, 4318939.043, 108
Trd, 4318939.343, 113
Trd, 4318940.093, 104
Trd, 4318940.293, 107
Trd, 4318940.643, 87
Trd, 4318942.193, 89
Trd, 4318944.143, 112
Trd, 4318944.193, 108
Trd, 4318944.543, 94
Trd, 4318944.843, 92
Trd, 4318946.193, 140
Trd, 4318946.493, 103
Trd, 4318948.793, 115
Trd, 4318949.543, 113
Trd, 4318950.093, 130
Trd, 4318950.643, 112
Trd, 4318951.243, 111
Trd, 4318951.793, 106
Trd, 4318951.993, 107
Trd, 4318952.293, 95
Trd, 4318953.043, 115
Trd, 4318953.793, 107
Trd, 4318955.493, 115
Trd, 4318955.643, 83
Trd, 4318956.143, 76
Trd, 4318957.043, 106
Trd, 4318957.693, 103
Trd, 4318957.793, 100
Trd, 4318957.993, 109
Trd, 4318959.543, 129
Trd, 4318959.993, 81
Trd, 4318961.143, 86
Trd, 4318961.793, 63
Trd, 4318962.993, 139
Trd, 4318963.543, 122
Trd, 4318965.143, 126
Trd, 4318965.243, 120
Trd, 4318965.693, 90
Trd, 4318965.743, 88
Trd, 4318966.293, 63
Trd, 4318967.543, 129
Trd, 4318967.693, 116
Trd, 4318968.643, 88
Trd, 4318969.793, 95
Trd, 4318970.293, 81
Trd, 4318970.793, 112
Trd, 4318972.843, 69
Trd, 4318972.943, 73
Trd, 4318973.293, 68
Trd, 4318973.343, 66
Trd, 4318974.143, 83
Trd, 4318974.393, 102
Trd, 4318975.843, 67
Trd, 4318976.743, 92
Trd, 4318977.543, 138
Trd, 4318978.893, 130
Trd, 4318979.243, 125
Trd, 4318979.493, 124
Trd, 4318979.943, 95
Trd, 4318980.543, 94
Trd, 4318981.043, 81
Trd, 4318981.893, 92
Trd, 4318982.143, 121
Trd, 4318982.593, 77
Trd, 4318982.943, 136
Trd, 4318983.443, 125
Trd, 4318983.543, 74
Trd, 4318984.643, 67
Trd, 4318985.443, 65
Trd, 4318986.293, 79
Trd, 4318987.693, 72
Trd, 4318987.943, 79
Trd, 4318988.093, 71
Trd, 4318988.393, 68
Trd, 4318989.293, 63
Trd, 4318989.443, 66
Trd, 4318991.143, 127
Trd, 4318991.993, 140
Trd, 4318992.043, 139
Trd, 4318992.193, 132
Trd, 4318993.193, 127
Trd, 4318993.343, 126
Trd, 4318994.043, 62
Trd, 4318995.493, 62
Trd, 4318996.443, 65
Trd, 4318996.843, 101
Trd, 4318997.793, 101
Trd, 4318997.943, 122
Trd, 4318999.893, 105
Trd, 4319000.343, 111
Trd, 4319000.693, 107
Trd, 4319000.993, 97
Trd, 4319001.143, 95
Trd, 4319001.643, 79
Trd, 4319002.643, 78
Trd, 4319003.593, 138
Trd, 4319003.993, 69
Trd, 4319004.343, 60
Trd, 4319005.643, 61
Trd, 4319005.843, 61
Trd, 4319006.043, 69
Trd, 4319007.293, 63
Trd, 4319007.743, 89
Trd, 4319007.843, 91
Trd, 4319007.893, 88
Trd, 4319009.343, 67
Trd, 4319010.443, 62
Trd, 4319010.643, 106
Trd, 4319011.493, 86
Trd, 4319012.143, 74
Trd, 4319013.093, 115
Trd, 4319013.143, 68
Trd, 4319013.393, 138
Trd, 4319013.593, 64
Trd, 4319015.093, 69
Trd, 4319015.193, 66
Trd, 4319016.543, 98
Trd, 4319016.793, 103
Trd, 4319017.693, 105
Trd, 4319017.943, 102
Trd, 4319017.993, 101
Trd, 4319018.793, 114
Trd, 4319018.943, 100
Trd, 4319019.243, 91
Trd, 4319021.893, 64
Trd, 4319022.693, 139
Trd, 4319023.143, 127
Trd, 4319024.093, 83
Trd, 4319024.393, 69
Trd, 4319024.593, 68
Trd, 4319026.043, 139
Trd, 4319026.143, 115
Trd, 4319026.243, 95
Trd, 4319027.293, 77
Trd, 4319027.393, 60
Trd, 4319027.793, 93
Trd, 4319028.443, 92
Trd, 4319030.443, 62
Trd, 4319031.243, 78
Trd, 4319031.443, 78
Trd, 4319032.543, 87
Trd, 4319032.793, 85
Trd, 4319033.243, 88
Trd, 4319033.793, 91
Trd, 4319034.443, 103
Trd, 4319034.943, 116
Trd, 4319036.293, 120
Trd, 4319036.443, 96
Trd, 4319037.243, 88
Trd, 4319038.093, 83
Trd, 4319039.243, 83
Trd, 4319039.843, 82
Trd, 4319040.643, 78
Trd, 4319041.643, 77
Trd, 4319042.143, 63
Trd, 4319042.193, 90
Trd, 4319042.693, 127
Trd, 4319043.493, 129
Trd, 4319043.593, 124
Trd, 4319043.943, 136
Trd, 4319044.293, 116
Trd, 4319044.443, 115
Trd, 4319046.643, 63
Trd, 4319046.693, 77
Trd, 4319047.793, 60
Trd, 4319048.293, 89
Trd, 4319048.693, 84
Trd, 4319049.243, 61
Trd, 4319049.693, 68
Trd, 4319050.293, 71
Trd, 4319051.493, 63
Trd, 4319052.543, 77
Trd, 4319053.993, 67
Trd, 4319054.643, 68
Trd, 4319055.043, 85
Trd, 4319055.243, 66
Trd, 4319056.193, 62
Trd, 4319056.443, 67
Trd, 4319057.243, 69
Trd, 4319057.893, 88
Trd, 4319058.343, 114
Trd, 4319058.793, 84
Trd, 4319059.043, 89
Trd, 4319059.293, 82
Trd, 4319060.493, 103
Trd, 4319061.193, 90
Trd, 4319061.643, 140
Trd, 4319062.943, 139
Trd, 4319063.393, 134
Trd, 4319063.493, 133
Trd, 4319063.643, 128
Trd, 4319064.143, 127
Trd, 4319064.743, 115
Trd, 4319064.893, 88
Trd, 4319066.993, 65
Trd, 4319067.043, 72
Trd, 4319068.143, 69
Trd, 4319068.543, 107
Trd, 4319068.643, 103
Trd, 4319070.143, 92
Trd, 4319071.193, 139
Trd, 4319071.343, 91
Trd, 4319071.443, 94
Trd, 4319072.193, 88
Trd, 4319074.543, 72
Trd, 4319074.893, 86
Trd, 4319074.993, 66
Trd, 4319075.093, 65
Trd, 4319075.543, 65
Trd, 4319076.093, 108
Trd, 4319076.243, 95
Trd, 4319077.493, 117
Trd, 4319078.393, 105
Trd, 4319078.993, 104
Trd, 4319079.393, 105
Trd, 4319080.393, 129
Trd, 4319081.743, 70
Trd, 4319082.143, 61
Trd, 4319082.993, 94
Trd, 4319083.243, 110
Trd, 4319083.593, 81
Trd, 4319085.243, 76
Trd, 4319085.293, 80
Trd, 4319086.243, 136
Trd, 4319086.593, 76
Trd, 4319087.193, 77
Trd, 4319088.293, 130
Trd, 4319089.543, 114
Trd, 4319090.693, 108
Trd, 4319091.093, 123
Trd, 4319092.043, 113
Trd, 4319092.193, 93
Trd, 4319092.493, 73
Trd, 4319092.693, 109
Trd, 4319094.343, 85
Trd, 4319094.643, 71
Trd, 4319094.843, 64
Trd, 4319095.543, 92
Trd, 4319096.793, 129
Trd, 4319097.943, 131
Trd, 4319098.343, 132
Trd, 4319098.393, 128
Trd, 4319098.843, 128
Trd, 4319099.443, 126
Trd, 4319099.743, 115
Trd, 4319101.143, 98
Trd, 4319101.243, 90
Trd, 4319101.993, 92
Trd, 4319102.143, 91
Trd, 4319104.243, 90
Trd, 4319104.543, 126
Trd, 4319104.643, 83
Trd, 4319105.843, 140
Trd, 4319106.293, 128
Trd, 4319106.793, 116
Trd, 4319107.643, 76
Trd, 4319109.143, 62
Trd, 4319109.293, 119
Trd, 4319109.893, 83
Trd, 4319110.043, 95
Trd, 4319112.593, 139
Trd, 4319112.743, 139
Trd, 4319112.993, 138
Trd, 4319113.243, 131
Trd, 4319113.393, 107
Trd, 4319113.693, 113
Trd, 4319115.393, 135
Trd, 4319116.043, 110
Trd, 4319116.393, 77
Trd, 4319117.243, 78
Trd, 4319117.493, 77
Trd, 4319118.193, 76
Trd, 4319118.543, 66
Trd, 4319120.043, 64
Trd, 4319120.643, 74
Trd, 4319121.043, 72
Trd, 4319121.393, 88
Trd, 4319121.843, 70
Trd, 4319122.643, 68
Trd, 4319124.743, 115
Trd, 4319125.093, 86
Trd, 4319125.643, 91
Trd, 4319125.793, 90
Trd, 4319126.693, 82
Trd, 4319128.093, 88
Trd, 4319128.543, 89
Trd, 4319129.593, 111
Trd, 4319129.643, 102
Trd, 4319130.693, 85
Trd, 4319131.093, 83
Trd, 4319131.593, 100
Trd, 4319131.743, 95
Trd, 4319131.993, 113
Trd, 4319132.493, 82
Trd, 4319132.743, 81
Trd, 4319133.743, 139
Trd, 4319133.943, 99
Trd, 4319134.943, 129
Trd, 4319135.643, 67
Trd, 4319137.143, 76
Trd, 4319137.393, 73
Trd, 4319138.043, 77
Trd, 4319138.643, 140
Trd, 4319139.143, 115
Trd, 4319139.293, 93
Trd, 4319139.843, 88
Trd, 4319140.393, 114
Trd, 4319140.493, 78
Trd, 4319142.243, 137
Trd, 4319143.293, 108
Trd, 4319144.543, 77
Trd, 4319144.643, 88
Trd, 4319145.743, 73
Trd, 4319145.943, 93
Trd, 4319146.693, 70
Trd, 4319146.843, 69
Trd, 4319147.693, 116
Trd, 4319147.743, 115
Trd, 4319149.143, 105
Trd, 4319150.193, 133
Trd, 4319150.443, 119
Trd, 4319150.593, 109
Trd, 4319152.343, 140
Trd, 4319153.143, 139
Trd, 4319153.193, 138
Trd, 4319153.443, 131
Trd, 4319154.393, 139
Trd, 4319154.993, 123
Trd, 4319155.043, 102
Trd, 4319155.443, 95
Trd, 4319156.393, 76
Trd, 4319158.243, 79
Trd, 4319159.743, 109
Trd, 4319159.943, 113
Trd, 4319160.143, 99
Trd, 4319161.243, 98
Trd, 4319162.143, 92
Trd, 4319163.493, 127
Trd, 4319163.543, 121
Trd, 4319163.643, 107
Trd, 4319163.693, 95
Trd, 4319164.443, 138
Trd, 4319165.793, 127
Trd, 4319166.693, 125
Trd, 4319166.843, 97
Trd, 4319167.043, 97
Trd, 4319169.093, 92
Trd, 4319170.193, 72
Trd, 4319170.293, 71
Trd, 4319172.193, 78
Trd, 4319172.643, 86
Trd, 4319172.693, 100
Trd, 4319172.743, 78
Trd, 4319172.793, 75
Trd, 4319173.643, 88
Trd, 4319174.543, 72
Trd, 4319175.543, 80
Trd, 4319175.893, 66
Trd, 4319176.693, 81
Trd, 4319177.593, 67
Trd, 4319177.843, 64
Trd, 4319178.643, 66
Trd, 4319178.893, 67
Trd, 4319179.143, 63
Trd, 4319179.393, 67
Trd, 4319180.243, 95
Trd, 4319181.793, 65
Trd, 4319183.543, 69
Trd, 4319183.693, 68
Trd, 4319184.293, 68
Trd, 4319184.543, 117
Trd, 4319185.243, 64
Trd, 4319186.443, 98
Trd, 4319186.493, 100
Trd, 4319188.043, 102
Trd, 4319189.543, 73
Trd, 4319189.793, 81
Trd, 4319189.943, 83
Trd, 4319190.143, 101
Trd, 4319190.293, 95
Trd, 4319190.493, 64
Trd, 4319190.793, 65
Trd, 4319191.643, 81
Trd, 4319194.143, 65
Trd, 4319194.843, 60
Trd, 4319194.943, 92
Trd, 4319195.343, 75
Trd, 4319195.543, 84
Trd, 4319196.193, 64
Trd, 4319198.193, 102
Trd, 4319198.343, 98
Trd, 4319198.593, 69
Trd, 4319199.243, 105
Trd, 4319199.793, 108
Trd, 4319199.943, 106
Trd, 4319200.343, 91
Trd, 4319200.643, 78
Trd, 4319201.893, 82
Trd, 4319202.593, 67
Trd, 4319202.743, 66
Trd, 4319203.343, 118
Trd, 4319204.693, 114
Trd, 4319205.243, 140
Trd, 4319205.993, 140
Trd, 4319206.593, 140
Trd, 4319206.643, 126
Trd, 4319207.393, 120
Trd, 4319207.843, 106
Trd, 4319208.543, 98
Trd, 4319209.143, 117
Trd, 4319210.043, 137
Trd, 4319211.693, 140
Trd, 4319211.743, 132
Trd, 4319211.843, 121
Trd, 4319212.043, 106
Trd, 4319212.593, 138
Trd, 4319212.643, 127
Trd, 4319214.293, 126
Trd, 4319215.193, 129
Trd, 4319215.393, 133
Trd, 4319215.593, 112
Trd, 4319215.743, 95
Trd, 4319216.243, 85
Trd, 4319216.493, 84
Trd, 4319216.893, 90
Trd, 4319219.643, 140
Trd, 4319220.243, 111
Trd, 4319220.293, 110
Trd, 4319220.693, 82
Trd, 4319221.543, 114
Trd, 4319222.043, 92
Trd, 4319222.293, 91
Trd, 4319222.943, 61
Trd, 4319224.643, 136
Trd, 4319225.843, 137
Trd, 4319225.993, 136
Trd, 4319226.193, 106
Trd, 4319226.843, 126
Trd, 4319228.093, 138
Trd, 4319228.593, 137
Trd, 4319229.393, 123
Trd, 4319229.993, 122
Trd, 4319230.093, 113
Trd, 4319231.193, 121
Trd, 4319232.543, 110
Trd, 4319232.593, 87
Trd, 4319232.843, 71
Trd, 4319234.643, 65
Trd, 4319235.943, 61
Trd, 4319237.793, 63
Trd, 4319238.093, 62
Trd, 4319239.043, 61
Trd, 4319239.293, 95
Trd, 4319239.643, 65
Trd, 4319241.243, 77
Trd, 4319241.743, 67
Trd, 4319242.193, 61
Trd, 4319243.293, 77
Trd, 4319244.093, 70
Trd, 4319244.343, 63
Trd, 4319246.293, 64
Trd, 4319247.243, 64
Trd, 4319247.993, 63
Trd, 4319248.793, 64
Trd, 4319248.843, 105
Trd, 4319249.693, 112
Trd, 4319250.393, 110
Trd, 4319250.693, 109
Trd, 4319251.593, 100
Trd, 4319252.093, 96
Trd, 4319252.343, 126
Trd, 4319252.393, 95
Trd, 4319252.993, 86
Trd, 4319254.993, 118
Trd, 4319255.093, 92
Trd, 4319255.693, 89
Trd, 4319255.943, 89
Trd, 4319256.493, 69
Trd, 4319258.343, 76
Trd, 4319259.893, 99
Trd, 4319259.993, 94
Trd, 4319260.193, 101
Trd, 4319260.693, 79
Trd, 4319261.093, 101
Trd, 4319261.193, 78
Trd, 4319262.443, 86
Trd, 4319262.693, 79
Trd, 4319263.943, 133
Trd, 4319264.393, 136
Trd, 4319265.343, 118
Trd, 4319266.043, 101
Trd, 4319267.493, 132
Trd, 4319267.793, 122
Trd, 4319268.193, 126
Trd, 4319268.293, 107
Trd, 4319270.193, 130
Trd, 4319270.393, 118
Trd, 4319270.443, 130
Trd, 4319270.843, 107
Trd, 4319271.343, 87
Trd, 4319272.443, 83
Trd, 4319272.843, 82
Trd, 4319272.993, 79
Trd, 4319273.543, 72
Trd, 4319274.693, 93
Trd, 4319275.943, 93
Trd, 4319276.243, 93
Trd, 4319276.343, 89
Trd, 4319277.143, 72
Trd, 4319277.343, 74
Trd, 4319279.493, 63
Trd, 4319279.793, 62
Trd, 4319280.393, 87
Trd, 4319281.993, 80
Trd, 4319282.393, 68
Trd, 4319283.143, 83
Trd, 4319283.293, 98
Trd, 4319283.543, 82
Trd, 4319285.343, 108
Trd, 4319285.993, 125
Trd, 4319286.543, 138
Trd, 4319287.043, 107
Trd, 4319288.093, 97
Trd, 4319288.293, 91
Trd, 4319288.593, 88
Trd, 4319288.693, 85
Trd, 4319289.943, 120
Trd, 4319289.993, 114
Trd, 4319290.093, 100
Trd, 4319290.243, 86
Trd, 4319291.093, 139
Trd, 4319292.393, 67
Trd, 4319293.293, 72
Trd, 4319294.843, 135
Trd, 4319295.043, 126
Trd, 4319296.193, 125
Trd, 4319296.493, 124
Trd, 4319297.193, 111
Trd, 4319297.693, 111
Trd, 4319298.893, 101
Trd, 4319298.993, 99
Trd, 4319299.743, 63
Trd, 4319300.243, 83
Trd, 4319300.843, 64
Trd, 4319300.893, 92
Trd, 4319302.343, 118
Trd, 4319302.443, 132
Trd, 4319302.893, 110
Trd, 4319303.393, 81
Trd, 4319303.993, 68
Trd, 4319305.693, 63
Trd, 4319306.943, 96
Trd, 4319307.193, 113
Trd, 4319307.943, 75
Trd, 4319308.293, 82
Trd, 4319308.843, 75
Trd, 4319309.393, 74
Trd, 4319309.543, 71
Trd, 4319310.243, 62
Trd, 4319311.193, 119
Trd, 4319311.543, 101
Trd, 4319313.193, 136
Trd, 4319313.493, 96
Trd, 4319314.243, 74
Trd, 4319315.343, 64
Trd, 4319315.593, 65
Trd, 4319315.943, 79
Trd, 4319317.043, 76
Trd, 4319317.343, 74
Trd, 4319317.593, 77
Trd, 4319318.643, 62
Trd, 4319318.943, 60
Trd, 4319321.343, 73
Trd, 4319321.693, 72
Trd, 4319323.543, 108
Trd, 4319324.443, 127
Trd, 4319324.543, 115
Trd, 4319325.193, 140
Trd, 4319325.493, 110
Trd, 4319326.243, 112
Trd, 4319326.793, 107
Trd, 4319326.993, 99
Trd, 4319327.793, 134
Trd, 4319328.293, 134
Trd, 4319329.143, 95
Trd, 4319329.493, 90
Trd, 4319331.293, 102
Trd, 4319331.693, 140
Trd, 4319331.993, 140
Trd, 4319332.193, 125
Trd, 4319332.993, 128
Trd, 4319333.243, 121
Trd, 4319333.443, 111
Trd, 4319334.393, 64
Trd, 4319335.693, 63
Trd, 4319336.993, 76
Trd, 4319337.393, 60
Trd, 4319337.843, 60
Trd, 4319339.393, 65
Trd, 4319340.393, 69
Trd, 4319340.993, 75
Trd, 4319341.043, 68
Trd, 4319342.393, 70
Trd, 4319342.843, 70
Trd, 4319343.293, 83
Trd, 4319343.543, 95
Trd, 4319344.893, 64
Trd, 4319345.343, 83
Trd, 4319345.543, 84
Trd, 4319346.293, 99
Trd, 4319346.343, 70
Trd, 4319347.643, 73
Trd, 4319347.793, 102
Trd, 4319348.443, 95
Trd, 4319348.643, 96
Trd, 4319348.843, 94
Trd, 4319349.693, 69
Trd, 4319351.693, 138
Trd, 4319352.043, 123
Trd, 4319353.393, 106
Trd, 4319353.443, 105
Trd, 4319353.693, 88
Trd, 4319355.243, 98
Trd, 4319355.793, 103
Trd, 4319356.893, 96
Trd, 4319357.493, 96
Trd, 4319358.743, 140
Trd, 4319359.643, 140
Trd, 4319359.693, 132
Trd, 4319360.293, 127
Trd, 4319360.543, 95
Trd, 4319360.743, 86
Trd, 4319361.443, 91
Trd, 4319362.043, 79
Trd, 4319363.543, 139
Trd, 4319363.843, 69
Trd, 4319364.393, 139
Trd, 4319365.593, 87
Trd, 4319365.993, 90
Trd, 4319367.243, 98
Trd, 4319367.793, 84
Trd, 4319368.043, 82
Trd, 4319368.893, 84
Trd, 4319369.043, 104
Trd, 4319369.743, 81
Trd, 4319370.443, 80
Trd, 4319370.543, 79
Trd, 4319371.143, 74
Trd, 4319371.393, 67
Trd, 4319371.843, 71
Trd, 4319372.893, 75
Trd, 4319373.393, 79
Trd, 4319374.093, 68
Trd, 4319375.193, 77
Trd, 4319376.593, 73
Trd, 4319376.743, 80
Trd, 4319378.443, 61
Trd, 4319379.293, 75
Trd, 4319379.793, 66
Trd, 4319380.243, 107
Trd, 4319380.993, 105
Trd, 4319381.093, 101
Trd, 4319381.193, 100
Trd, 4319381.243, 90
Trd, 4319382.343, 115
Trd, 4319382.993, 117
Trd, 4319384.443, 62
Trd, 4319384.793, 73
Trd, 4319386.543, 73
Trd, 4319387.143, 62
Trd, 4319387.993, 66
Trd, 4319388.493, 82
Trd, 4319390.643, 63
Trd, 4319390.693, 83
Trd, 4319391.393, 87
Trd, 4319391.693, 87
Trd, 4319391.743, 109
Trd, 4319392.943, 63
Trd, 4319393.943, 115
Trd, 4319395.393, 92
Trd, 4319395.743, 127
Trd, 4319396.193, 100
Trd, 4319396.943, 91
Trd, 4319397.043, 90
Trd, 4319398.793, 82
Trd, 4319399.043, 131
Trd, 4319400.543, 73
Trd, 4319401.593, 105
Trd, 4319401.643, 85
Trd, 4319402.143, 93
Trd, 4319403.043, 95
Trd, 4319403.293, 86
Trd, 4319404.393, 64
Trd, 4319405.293, 107
Trd, 4319405.693, 71
Trd, 4319406.543, 74
Trd, 4319407.143, 76
Trd, 4319407.793, 92
Trd, 4319407.843, 85
Trd, 4319407.893, 77
Trd, 4319409.743, 60
Trd, 4319409.793, 68
Trd, 4319410.793, 90
Trd, 4319411.293, 105
Trd, 4319412.293, 106
Trd, 4319412.443, 101
Trd, 4319413.343, 89
Trd, 4319413.943, 80
Trd, 4319414.743, 90
Trd, 4319415.293, 60
Trd, 4319415.393, 72
Trd, 4319415.693, 69
Trd, 4319416.293, 60
Trd, 4319418.343, 84
Trd, 4319418.543, 77
Trd, 4319418.943, 109
Trd, 4319419.343, 127
Trd, 4319421.543, 115
Trd, 4319421.993, 114
Trd, 4319422.293, 116
Trd, 4319422.393, 107
Trd, 4319422.643, 107
Trd, 4319423.393, 138
Trd, 4319424.243, 84
Trd, 4319424.543, 105
Trd, 4319424.743, 107
Trd, 4319426.993, 81
Trd, 4319427.193, 66
Trd, 4319427.593, 83
Trd, 4319428.643, 69
Trd, 4319429.243, 72
Trd, 4319430.093, 108
Trd, 4319430.893, 90
Trd, 4319431.043, 107
Trd, 4319431.243, 89
Trd, 4319432.243, 87
Trd, 4319432.993, 80
Trd, 4319433.493, 89
Trd, 4319434.743, 113
Trd, 4319435.143, 82
Trd, 4319435.493, 124
Trd, 4319437.193, 75
Trd, 4319437.593, 97
Trd, 4319438.193, 61
Trd, 4319439.243, 62
Trd, 4319440.143, 60
Trd, 4319442.043, 69
Trd, 4319443.343, 62
Trd, 4319443.443, 71
Trd, 4319443.743, 60
Trd, 4319443.793, 70
Trd, 4319444.193, 80
Trd, 4319445.843, 140
Trd, 4319446.393, 138
Trd, 4319446.693, 130
Trd, 4319447.593, 123
Trd, 4319448.493, 117
Trd, 4319448.593, 91
Trd, 4319449.193, 102
Trd, 4319449.793, 136
Trd, 4319451.293, 125
Trd, 4319451.593, 114
Trd, 4319452.843, 137
Trd, 4319453.493, 103
Trd, 4319453.743, 101
Trd, 4319453.993, 136
Trd, 4319455.243, 128
Trd, 4319455.443, 87
Trd, 4319455.993, 76
Trd, 4319458.393, 113
Trd, 4319458.493, 112
Trd, 4319459.393, 63
Trd, 4319459.643, 72
Trd, 4319460.243, 63
Trd, 4319461.843, 62
Trd, 4319462.043, 78
Trd, 4319462.493, 71
Trd, 4319463.543, 76
Trd, 4319464.793, 114
Trd, 4319465.793, 105
Trd, 4319466.143, 117
Trd, 4319466.793, 101
Trd, 4319467.043, 91
Trd, 4319468.643, 69
Trd, 4319468.993, 73
Trd, 4319469.943, 97
Trd, 4319470.043, 96
Trd, 4319470.993, 128
Trd, 4319472.293, 125
Trd, 4319472.493, 122
Trd, 4319473.343, 132
Trd, 4319473.493, 123
Trd, 4319475.293, 111
Trd, 4319475.893, 94
Trd, 4319476.443, 115
Trd, 4319476.793, 101
Trd, 4319477.493, 85
Trd, 4319477.843, 81
Trd, 4319478.793, 110
Trd, 4319479.343, 94
Trd, 4319479.593, 81
Trd, 4319480.243, 96
Trd, 4319481.893, 135
Trd, 4319482.893, 133
Trd, 4319482.943, 120
Trd, 4319484.093, 94
Trd, 4319484.393, 91
Trd, 4319484.993, 91
Trd, 4319485.593, 81
Trd, 4319485.843, 78
Trd, 4319486.193, 62
Trd, 4319487.693, 61
Trd, 4319488.793, 105
Trd, 4319489.043, 101
Trd, 4319489.243, 95
Trd, 4319490.593, 94
Trd, 4319491.693, 96
Trd, 4319491.843, 95
Trd, 4319492.443, 102
Trd, 4319492.593, 93
Trd, 4319493.943, 82
Trd, 4319494.693, 79
Trd, 4319496.743, 88
Trd, 4319498.043, 76
Trd, 4319498.543, 97
Trd, 4319499.143, 140
Trd, 4319499.793, 117
Trd, 4319499.993, 115
Trd, 4319500.093, 104
Trd, 4319500.493, 139
Trd, 4319501.343, 79
Trd, 4319502.393, 132
Trd, 4319503.843, 65
Trd, 4319505.243, 64
Trd, 4319505.643, 78
Trd, 4319506.893, 61
Trd, 4319507.043, 117
Trd, 4319507.943, 89
Trd, 4319509.843, 106
Trd, 4319510.193, 100
Trd, 4319510.243, 97
Trd, 4319510.543, 95
Trd, 4319510.893, 93
Trd, 4319511.593, 76
Trd, 4319512.043, 65
Trd, 4319513.093, 86
Trd, 4319513.143, 97
Trd, 4319513.443, 139
Trd, 4319514.893, 69
Trd, 4319515.393, 89
Trd, 4319516.343, 90
Trd, 4319517.393, 81
Trd, 4319518.143, 91
Trd, 4319518.843, 80
Trd, 4319519.693, 77
Trd, 4319519.743, 81
Trd, 4319520.593, 73
Trd, 4319520.943, 70
Trd, 4319521.193, 112
Trd, 4319521.843, 103
Trd, 4319523.793, 80
Trd, 4319524.143, 123
Trd, 4319524.193, 101
Trd, 4319525.493, 62
Trd, 4319525.593, 92
Trd, 4319525.993, 134
Trd, 4319526.543, 78
Trd, 4319527.693, 99
Trd, 4319528.693, 66
Trd, 4319529.043, 69
Trd, 4319530.893, 90
Trd, 4319531.143, 85
Trd, 4319532.193, 100
Trd, 4319532.493, 92
Trd, 4319533.243, 87
Trd, 4319533.943, 98
Trd, 4319534.043, 87
Trd, 4319535.493, 96
Trd, 4319536.243, 83
Trd, 4319536.393, 80
Trd, 4319536.443, 106
Trd, 4319537.343, 136
Trd, 4319538.093, 64
Trd, 4319539.493, 88
Trd, 4319540.193, 84
Trd, 4319540.593, 83
Trd, 4319540.693, 80
Trd, 4319540.843, 80
Trd, 4319541.593, 111
Trd, 4319542.493, 99
Trd, 4319542.693, 90
Trd, 4319542.843, 79
Trd, 4319543.943, 140
Trd, 4319544.143, 132
Trd, 4319545.693, 104
Trd, 4319546.043, 138
Trd, 4319546.143, 111
Trd, 4319548.093, 61
Trd, 4319549.593, 61
Trd, 4319550.193, 70
Trd, 4319550.443, 90
Trd, 4319550.843, 61
Trd, 4319551.793, 72
Trd, 4319553.143, 63
Trd, 4319553.193, 65
Trd, 4319553.293, 74
Trd, 4319554.943, 80
Trd, 4319555.393, 68
Trd, 4319555.793, 66
Trd, 4319558.193, 60
Trd, 4319558.443, 69
Trd, 4319558.543, 87
Trd, 4319560.743, 89
Trd, 4319561.243, 87
Trd, 4319561.293, 86
Trd, 4319561.843, 92
Trd, 4319562.443, 73
Trd, 4319563.093, 62
Trd, 4319565.543, 101
Trd, 4319566.843, 65
Trd, 4319567.043, 84
Trd, 4319567.393, 75
Trd, 4319567.993, 86
Trd, 4319568.493, 108
Trd, 4319569.393, 77
Trd, 4319570.143, 73
Trd, 4319570.443, 138
Trd, 4319570.793, 93
Trd, 4319572.143, 81
Trd, 4319572.543, 105
Trd, 4319573.793, 61
Trd, 4319574.193, 77
Trd, 4319574.843, 63
Trd, 4319575.393, 69
Trd, 4319575.893, 60
Trd, 4319576.693, 63
Trd, 4319577.243, 91
Trd, 4319578.743, 61
Trd, 4319579.693, 67
Trd, 4319580.343, 61
Trd, 4319581.343, 110
Trd, 4319582.143, 109
Trd, 4319582.443, 98
Trd, 4319582.743, 110
Trd, 4319583.443, 86
Trd, 4319584.143, 64
Trd, 4319585.043, 61
Trd, 4319586.843, 83
Trd, 4319587.343, 63
Trd, 4319588.143, 67
Trd, 4319588.293, 65
Trd, 4319588.943, 68
Trd, 4319589.743, 109
Trd, 4319590.093, 81
Trd, 4319590.893, 75
Trd, 4319591.693, 84
Trd, 4319592.443, 78
Trd, 4319592.593, 102
Trd, 4319593.843, 99
Trd, 4319593.893, 77
Trd, 4319595.293, 93
Trd, 4319596.993, 78
Trd, 4319597.543, 66
Trd, 4319597.643, 80
Trd, 4319597.843, 65
Trd, 4319598.243, 69
Trd, 4319599.043, 79
Trd, 4319599.943, 113
Trd, 4319600.043, 111
Trd, 4319600.543, 103
Trd, 4319600.793, 78
Trd, 4319602.293, 95
Trd, 4319602.343, 133
Trd, 4319602.893, 78
Trd, 4319604.343, 127
Trd, 4319604.643, 115
Trd, 4319604.893, 124
Trd, 4319604.993, 107
Trd, 4319605.293, 99
Trd, 4319606.443, 90
Trd, 4319607.793, 67
Trd, 4319609.243, 62
Trd, 4319610.393, 83
Trd, 4319610.743, 60
Trd, 4319611.543, 79
Trd, 4319612.743, 89
Trd, 4319613.043, 74
Trd, 4319614.443, 140
Trd, 4319614.543, 138
Trd, 4319615.043, 132
Trd, 4319615.293, 113
Trd, 4319616.893, 105
Trd, 4319616.993, 102
Trd, 4319617.543, 99
Trd, 4319617.793, 117
Trd, 4319618.043, 90
Trd, 4319618.443, 77
Trd, 4319619.343, 140
Trd, 4319620.543, 90
Trd, 4319620.593, 111
Trd, 4319621.943, 60
Trd, 4319622.543, 62
Trd, 4319623.843, 90
Trd, 4319624.193, 89
Trd, 4319624.293, 97
Trd, 4319624.593, 98
Trd, 4319626.843, 104
Trd, 4319626.943, 107
Trd, 4319628.343, 140
Trd, 4319629.243, 140
Trd, 4319629.443, 132
Trd, 4319629.993, 114
Trd, 4319630.443, 130
Trd, 4319630.493, 81
Trd, 4319630.793, 70
Trd, 4319631.393, 129
Trd, 4319632.043, 109
Trd, 4319632.643, 94
Trd, 4319634.043, 120
Trd, 4319634.343, 117
Trd, 4319635.743, 92
Trd, 4319636.493, 60
Trd, 4319637.193, 94
Trd, 4319637.693, 92
Trd, 4319638.693, 81
Trd, 4319638.993, 91
Trd, 4319639.743, 87
Trd, 4319640.793, 118
Trd, 4319641.343, 76
Trd, 4319642.143, 77
Trd, 4319642.743, 76
Trd, 4319642.793, 77
Trd, 4319643.343, 74
Trd, 4319644.093, 62
Trd, 4319644.193, 84
Trd, 4319644.693, 64
Trd, 4319645.143, 67
Trd, 4319646.243, 88
Trd, 4319646.793, 86
Trd, 4319647.343, 119
Trd, 4319648.693, 86
Trd, 4319648.993, 83
Trd, 4319651.343, 91
Trd, 4319652.093, 76
Trd, 4319652.543, 72
Trd, 4319653.443, 69
Trd, 4319653.843, 71
Trd, 4319655.343, 139
Trd, 4319656.593, 139
Trd, 4319656.893, 126
Trd, 4319656.993, 130
Trd, 4319657.043, 95
Trd, 4319657.743, 106
Trd, 4319658.043, 115
Trd, 4319658.593, 92
Trd, 4319659.543, 102
Trd, 4319659.843, 103
Trd, 4319661.243, 126
Trd, 4319662.143, 114
Trd, 4319662.293, 126
Trd, 4319663.643, 103
Trd, 4319663.743, 101
Trd, 4319663.993, 85
Trd, 4319665.143, 140
Trd, 4319665.393, 139
Trd, 4319665.743, 116
Trd, 4319666.493, 95
Trd, 4319668.293, 117
Trd, 4319668.343, 112
Trd, 4319669.143, 138
Trd, 4319669.343, 122
Trd, 4319669.643, 104
Trd, 4319670.893, 85
Trd, 4319671.243, 136
Trd, 4319671.593, 90
Trd, 4319673.293, 106
Trd, 4319673.443, 97
Trd, 4319673.693, 79
Trd, 4319674.543, 78
Trd, 4319674.593, 102
Trd, 4319675.243, 72
Trd, 4319675.443, 95
Trd, 4319676.693, 136
Trd, 4319676.943, 60
Trd, 4319677.543, 75
Trd, 4319678.343, 130
Trd, 4319678.793, 117
Trd, 4319678.943, 81
Trd, 4319680.643, 140
Trd, 4319681.643, 117
Trd, 4319681.743, 112
Trd, 4319682.243, 122
Trd, 4319682.643, 110
Trd, 4319685.243, 108
Trd, 4319685.343, 107
Trd, 4319685.643, 99
Trd, 4319686.093, 76
Trd, 4319687.093, 90
Trd, 4319687.443, 137
Trd, 4319688.193, 112
Trd, 4319688.243, 66
Trd, 4319689.543, 90
Trd, 4319690.493, 91
Trd, 4319692.193, 126
Trd, 4319692.593, 86
Trd, 4319693.243, 106
Trd, 4319693.543, 127
Trd, 4319693.593, 105
Trd, 4319694.243, 106
Trd, 4319694.343, 136
Trd, 4319696.793, 103
Trd, 4319697.293, 119
Trd, 4319697.693, 99
Trd, 4319698.493, 96
Trd, 4319699.193, 105
Trd, 4319700.593, 139
Trd, 4319701.343, 136
Trd, 4319701.893, 124
Trd, 4319701.993, 120
Trd, 4319702.693, 114
Trd, 4319703.943, 62
Trd, 4319704.193, 69
Trd, 4319705.193, 120
Trd, 4319706.843, 104
Trd, 4319707.143, 102
Trd, 4319707.293, 100
Trd, 4319708.093, 139
Trd, 4319708.493, 97
Trd, 4319709.093, 105
Trd, 4319709.893, 104
Trd, 4319710.293, 136
Trd, 4319710.343, 135
Trd, 4319710.643, 99
Trd, 4319711.043, 80
Trd, 4319712.893, 116
Trd, 4319713.643, 60
Trd, 4319713.993, 66
Trd, 4319714.343, 70
Trd, 4319714.643, 67
Trd, 4319714.993, 80
Trd, 4319716.093, 63
Trd, 4319718.343, 63
Trd, 4319718.493, 70
Trd, 4319720.143, 92
Trd, 4319720.493, 92
Trd, 4319720.743, 133
Trd, 4319721.343, 128
Trd, 4319722.193, 72
Trd, 4319723.343, 124
Trd, 4319723.393, 121
Trd, 4319724.093, 113
Trd, 4319724.293, 112
Trd, 4319725.843, 113
Trd, 4319726.643, 113
Trd, 4319727.193, 140
Trd, 4319727.343, 125
Trd, 4319728.043, 98
Trd, 4319728.793, 112
Trd, 4319728.943, 92
Trd, 4319729.093, 127
Trd, 4319729.843, 137
Trd, 4319729.893, 136
Trd, 4319730.743, 108
Trd, 4319732.843, 129
Trd, 4319733.193, 115
Trd, 4319733.643, 122
Trd, 4319733.743, 121
Trd, 4319734.243, 96
Trd, 4319734.843, 86
Trd, 4319735.243, 85
Trd, 4319735.843, 105
Trd, 4319736.693, 113
Trd, 4319736.993, 111
Trd, 4319738.143, 100
Trd, 4319738.243, 117
Trd, 4319739.743, 113
Trd, 4319739.893, 98
Trd, 4319741.093, 119
Trd, 4319742.893, 105
Trd, 4319743.843, 100
Trd, 4319743.943, 107
Trd, 4319744.143, 93
Trd, 4319744.343, 91
Trd, 4319745.393, 138
Trd, 4319745.643, 135
Trd, 4319746.393, 128
Trd, 4319746.493, 119
Trd, 4319748.743, 91
Trd, 4319749.443, 140
Trd, 4319749.843, 140
Trd, 4319750.193, 125
Trd, 4319750.243, 103
Trd, 4319750.743, 77
Trd, 4319752.143, 139
Trd, 4319753.693, 106
Trd, 4319753.943, 105
Trd, 4319754.443, 102
Trd, 4319754.693, 97
Trd, 4319756.143, 87
Trd, 4319756.993, 69
Trd, 4319757.593, 134
Trd, 4319757.643, 128
Trd, 4319757.843, 102
Trd, 4319758.093, 88
Trd, 4319759.593, 63
Trd, 4319759.843, 68
Trd, 4319760.143, 86
Trd, 4319761.193, 124
Trd, 4319762.743, 62
Trd, 4319764.043, 64
Trd, 4319764.143, 75
Trd, 4319764.443, 112
Trd, 4319764.693, 121
Trd, 4319766.293, 73
Trd, 4319766.743, 81
Trd, 4319767.443, 68
Trd, 4319767.943, 64
Trd, 4319769.193, 65
Trd, 4319770.043, 66
Trd, 4319770.293, 65
Trd, 4319770.993, 82
Trd, 4319772.693, 68
Trd, 4319772.943, 68
Trd, 4319773.193, 90
Trd, 4319773.893, 73
Trd, 4319774.393, 124
Trd, 4319774.693, 69
Trd, 4319776.143, 61
Trd, 4319779.493, 67
Trd, 4319780.043, 72
Trd, 4319780.193, 68
Trd, 4319780.243, 67
Trd, 4319780.893, 74
Trd, 4319781.293, 71
Trd, 4319782.143, 79
Trd, 4319782.543, 76
Trd, 4319782.793, 71
Trd, 4319784.993, 110
Trd, 4319785.543, 122
Trd, 4319785.943, 109
Trd, 4319785.993, 100
Trd, 4319786.143, 123
Trd, 4319786.943, 137
Trd, 4319786.993, 135
Trd, 4319788.043, 126
Trd, 4319788.793, 115
Trd, 4319788.993, 87
Trd, 4319789.593, 98
Trd, 4319791.043, 94
Trd, 4319791.943, 138
Trd, 4319792.443, 138
Trd, 4319792.943, 125
Trd, 4319793.243, 124
Trd, 4319794.243, 103
Trd, 4319795.843, 78
Trd, 4319796.143, 107
Trd, 4319796.993, 133
Trd, 4319798.993, 138
Trd, 4319799.993, 127
Trd, 4319800.093, 118
Trd, 4319800.593, 96
Trd, 4319800.693, 95
Trd, 4319800.743, 92
Trd, 4319801.143, 100
Trd, 4319802.043, 74
Trd, 4319804.943, 116
Trd, 4319805.543, 99
Trd, 4319806.093, 103
Trd, 4319806.293, 115
Trd, 4319806.593, 98
Trd, 4319806.843, 108
Trd, 4319808.093, 109
Trd, 4319808.143, 89
Trd, 4319810.743, 105
Trd, 4319811.193, 104
Trd, 4319811.643, 102
Trd, 4319812.493, 136
Trd, 4319812.693, 123
Trd, 4319813.143, 123
Trd, 4319813.493, 107
Trd, 4319813.743, 102
Trd, 4319814.593, 104
Trd, 4319814.793, 92
Trd, 4319815.893, 108
Trd, 4319816.243, 81
Trd, 4319816.343, 113
Trd, 4319817.243, 82
Trd, 4319817.393, 90
Trd, 4319817.743, 81
Trd, 4319818.093, 62
Trd, 4319818.993, 111
Trd, 4319819.643, 64
Trd, 4319820.693, 78
Trd, 4319820.993, 75
Trd, 4319821.793, 74
Trd, 4319822.043, 133
Trd, 4319823.943, 117
Trd, 4319823.993, 93
Trd, 4319824.093, 88
Trd, 4319824.393, 91
Trd, 4319824.843, 89
Trd, 4319826.643, 112
Trd, 4319826.843, 114
Trd, 4319827.043, 77
Trd, 4319827.943, 133
Trd, 4319829.243, 139
Trd, 4319830.393, 102
Trd, 4319830.443, 101
Trd, 4319831.593, 109
Trd, 4319831.793, 95
Trd, 4319832.593, 92
Trd, 4319833.243, 133
Trd, 4319833.593, 125
Trd, 4319834.343, 126
Trd, 4319834.893, 122
Trd, 4319834.943, 113
Trd, 4319835.893, 76
Trd, 4319836.843, 86
Trd, 4319838.143, 138
Trd, 4319838.343, 133
Trd, 4319839.793, 135
Trd, 4319840.143, 112
Trd, 4319840.293, 98
Trd, 4319840.343, 96
Trd, 4319842.293, 76
Trd, 4319842.843, 89
Trd, 4319843.093, 97
Trd, 4319843.193, 101
Trd, 4319843.293, 89
Trd, 4319843.793, 96
Trd, 4319844.493, 92
Trd, 4319846.493, 81
Trd, 4319847.043, 109
Trd, 4319847.443, 80
Trd, 4319847.493, 135
Trd, 4319848.093, 135
Trd, 4319849.143, 88
Trd, 4319849.743, 87
Trd, 4319851.093, 109
Trd, 4319851.393, 92
Trd, 4319852.943, 88
Trd, 4319853.493, 95
Trd, 4319853.643, 79
Trd, 4319855.693, 138
Trd, 4319856.543, 113
Trd, 4319857.443, 112
Trd, 4319859.093, 133
Trd, 4319859.243, 120
Trd, 4319859.343, 120
Trd, 4319859.793, 95
Trd, 4319861.293, 93
Trd, 4319862.543, 139
Trd, 4319862.793, 136
Trd, 4319863.393, 85
Trd, 4319864.193, 88
Trd, 4319864.443, 102
Trd, 4319865.243, 129
Trd, 4319866.193, 102
Trd, 4319867.143, 98
Trd, 4319868.093, 90
Trd, 4319868.843, 78
Trd, 4319868.993, 77
Trd, 4319869.493, 67
Trd, 4319869.743, 77
Trd, 4319871.943, 70
Trd, 4319872.843, 69
Trd, 4319873.193, 86
Trd, 4319873.293, 95
Trd, 4319873.893, 74
Trd, 4319874.493, 73
Trd, 4319874.843, 90
Trd, 4319876.593, 100
Trd, 4319877.093, 84
Trd, 4319877.343, 110
Trd, 4319877.843, 138
Trd, 4319878.093, 131
Trd, 4319878.143, 125
Trd, 4319879.093, 136
Trd, 4319879.843, 126
Trd, 4319879.943, 96
Trd, 4319881.643, 94
Trd, 4319881.793, 74
Trd, 4319882.093, 71
Trd, 4319882.693, 67
Trd, 4319882.893, 139
Trd, 4319885.093, 68
Trd, 4319886.293, 83
Trd, 4319886.343, 84
Trd, 4319887.293, 80
Trd, 4319887.443, 78
Trd, 4319887.743, 87
Trd, 4319888.943, 140
Trd, 4319889.393, 100
Trd, 4319889.893, 80
Trd, 4319891.043, 123
Trd, 4319891.093, 122
Trd, 4319891.443, 74
Trd, 4319892.293, 135
Trd, 4319893.293, 122
Trd, 4319893.543, 110
Trd, 4319894.943, 85
Trd, 4319895.443, 81
Trd, 4319895.493, 115
Trd, 4319896.143, 85
Trd, 4319896.793, 77
Trd, 4319896.893, 72
Trd, 4319897.643, 140
Trd, 4319897.993, 83
Trd, 4319898.993, 66
Trd, 4319899.593, 61
Trd, 4319899.643, 98
Trd, 4319903.093, 90
Trd, 4319903.293, 101
Trd, 4319903.543, 95
Trd, 4319904.793, 100
Trd, 4319904.843, 90
Trd, 4319905.543, 87
Trd, 4319906.193, 82
Trd, 4319906.743, 128
Trd, 4319907.893, 114
Trd, 4319908.593, 105
Trd, 4319908.693, 130
Trd, 4319910.143, 114
Trd, 4319910.743, 131
Trd, 4319911.493, 94
Trd, 4319911.593, 121
Trd, 4319911.793, 86
Trd, 4319913.593, 140
Trd, 4319914.043, 140
Trd, 4319914.443, 139
Trd, 4319915.643, 135
Trd, 4319916.243, 134
Trd, 4319916.743, 121
Trd, 4319916.793, 123
Trd, 4319916.893, 109
Trd, 4319917.343, 109
Trd, 4319918.543, 107
Trd, 4319918.893, 105
Trd, 4319919.043, 86
Trd, 4319919.543, 95
Trd, 4319920.843, 120
Trd, 4319923.043, 91
Trd, 4319923.943, 83
Trd, 4319924.143, 111
Trd, 4319924.793, 64
Trd, 4319924.993, 71
Trd, 4319925.993, 90
Trd, 4319927.193, 111
Trd, 4319927.643, 109
Trd, 4319927.793, 67
Trd, 4319928.193, 87
Trd, 4319928.843, 61
Trd, 4319932.243, 78
Trd, 4319932.293, 83
Trd, 4319932.393, 67
Trd, 4319933.093, 76
Trd, 4319933.343, 83
Trd, 4319933.393, 66
Trd, 4319933.643, 62
Trd, 4319935.893, 76
Trd, 4319935.993, 77
Trd, 4319936.343, 88
Trd, 4319936.693, 82
Trd, 4319938.143, 74
Trd, 4319938.443, 80
Trd, 4319940.843, 111
Trd, 4319940.893, 105
Trd, 4319942.143, 78
Trd, 4319942.943, 66
Trd, 4319943.343, 97
Trd, 4319943.943, 69
Trd, 4319944.343, 120
Trd, 4319944.493, 68
Trd, 4319945.393, 138
Trd, 4319945.643, 132
Trd, 4319947.443, 139
Trd, 4319948.193, 140
Trd, 4319948.393, 132
Trd, 4319948.493, 125
Trd, 4319949.343, 92
Trd, 4319950.193, 83
Trd, 4319951.643, 105
Trd, 4319951.793, 89
Trd, 4319952.543, 124
Trd, 4319953.143, 139
Trd, 4319953.893, 140
Trd, 4319954.093, 138
Trd, 4319954.993, 137
Trd, 4319955.493, 137
Trd, 4319955.793, 124
Trd, 4319955.893, 111
Trd, 4319956.843, 98
Trd, 4319956.993, 98
Trd, 4319957.493, 83
Trd, 4319958.993, 60
Trd, 4319960.093, 78
Trd, 4319961.693, 84
Trd, 4319962.093, 83
Trd, 4319962.543, 78
Trd, 4319963.043, 78
Trd, 4319963.193, 77
Trd, 4319964.643, 82
Trd, 4319964.693, 80
Trd, 4319964.993, 80
Trd, 4319966.643, 85
Trd, 4319969.243, 127
Trd, 4319969.343, 126
Trd, 4319969.443, 120
Trd, 4319970.293, 115
Trd, 4319970.343, 128
Trd, 4319971.393, 111
Trd, 4319972.093, 122
Trd, 4319972.593, 108
Trd, 4319972.743, 102
Trd, 4319972.843, 94
Trd, 4319973.793, 83
Trd, 4319974.293, 81
Trd, 4319974.893, 135
Trd, 4319975.393, 78
Trd, 4319976.743, 72
Trd, 4319976.993, 72
Trd, 4319977.043, 71
Trd, 4319977.593, 65
Trd, 4319978.043, 127
Trd, 4319978.943, 70
Trd, 4319980.643, 65
Trd, 4319980.893, 64
Trd, 4319981.593, 133
Trd, 4319982.693, 120
Trd, 4319983.093, 113
Trd, 4319983.193, 125
Trd, 4319983.693, 110
Trd, 4319984.193, 119
Trd, 4319984.593, 68
Trd, 4319985.893, 79
Trd, 4319986.843, 80
Trd, 4319987.343, 79
Trd, 4319988.243, 97
Trd, 4319988.443, 112
Trd, 4319989.493, 140
Trd, 4319990.893, 60
Trd, 4319991.893, 69
Trd, 4319992.193, 96
Trd, 4319993.743, 114
Trd, 4319994.093, 68
Trd, 4319995.543, 113
Trd, 4319995.643, 108
Trd, 4319996.593, 103
Trd, 4319997.593, 92
Trd, 4319998.493, 90
Trd, 4319999.143, 96
