Trd, 4318086.493, 94
Trd, 4318086.693, 93
Trd, 4318086.793, 91
Trd, 4318088.043, 119
Trd, 4318088.643, 120
Trd, 4318088.943, 126
Trd, 4318089.793, 60
Trd, 4318091.643, 78
Trd, 4318092.043, 75
Trd, 4318093.243, 99
Trd, 4318095.043, 107
Trd, 4318095.093, 104
Trd, 4318095.193, 103
Trd, 4318095.393, 103
Trd, 4318096.243, 106
Trd, 4318096.593, 119
Trd, 4318097.293, 107
Trd, 4318098.243, 95
Trd, 4318098.593, 91
Trd, 4318099.793, 127
Trd, 4318100.743, 127
Trd, 4318100.843, 126
Trd, 4318101.993, 124
Trd, 4318104.193, 137
Trd, 4318104.343, 134
Trd, 4318104.593, 132
Trd, 4318105.843, 132
Trd, 4318106.743, 129
Trd, 4318108.193, 130
Trd, 4318108.293, 123
Trd, 4318108.443, 122
Trd, 4318109.593, 122
Trd, 4318109.693, 121
Trd, 4318110.593, 119
Trd, 4318111.393, 120
Trd, 4318111.793, 99
Trd, 4318112.893, 85
Trd, 4318114.043, 135
Trd, 4318114.343, 110
Trd, 4318114.443, 109
Trd, 4318114.893, 108
Trd, 4318116.193, 110
Trd, 4318116.343, 106
Trd, 4318117.193, 88
Trd, 4318118.293, 92
Trd, 4318118.443, 92
Trd, 4318119.093, 140
Trd, 4318119.243, 138
Trd, 4318121.143, 129
Trd, 4318121.193, 122
Trd, 4318121.393, 112
Trd, 4318122.643, 63
Trd, 4318123.093, 75
Trd, 4318126.193, 79
Trd, 4318126.743, 84
Trd, 4318128.143, 86
Trd, 4318128.693, 86
Trd, 4318128.793, 86
Trd, 4318129.293, 86
Trd, 4318129.543, 85
Trd, 4318129.943, 105
Trd, 4318131.593, 91
Trd, 4318132.893, 94
Trd, 4318133.243, 107
Trd, 4318133.993, 110
Trd, 4318134.193, 109
Trd, 4318134.693, 110
Trd, 4318134.793, 109
Trd, 4318135.243, 109
Trd, 4318137.543, 103
Trd, 4318137.593, 102
Trd, 4318137.693, 98
Trd, 4318138.743, 101
Trd, 4318139.593, 138
Trd, 4318140.943, 140
Trd, 4318141.793, 137
Trd, 4318142.443, 132
Trd, 4318142.543, 132
Trd, 4318142.993, 131
Trd, 4318143.443, 124
Trd, 4318143.843, 119
Trd, 4318146.043, 120
Trd, 4318146.143, 119
Trd, 4318147.593, 114
Trd, 4318147.743, 115
Trd, 4318149.243, 102
Trd, 4318149.793, 104
Trd, 4318151.393, 113
Trd, 4318152.093, 117
Trd, 4318152.993, 119
Trd, 4318153.193, 119
Trd, 4318153.293, 127
Trd, 4318153.543, 119
Trd, 4318154.693, 120
Trd, 4318154.993, 120
Trd, 4318155.343, 120
Trd, 4318156.843, 138
Trd, 4318158.143, 131
Trd, 4318158.493, 130
Trd, 4318159.043, 130
Trd, 4318159.443, 123
Trd, 4318159.743, 116
Trd, 4318160.443, 98
Trd, 4318161.593, 75
Trd, 4318161.793, 70
Trd, 4318163.043, 76
Trd, 4318163.243, 78
Trd, 4318164.793, 82
Trd, 4318165.743, 96
Trd, 4318166.743, 97
Trd, 4318166.893, 96
Trd, 4318167.143, 94
Trd, 4318167.293, 71
Trd, 4318170.393, 60
Trd, 4318170.693, 60
Trd, 4318171.043, 60
Trd, 4318171.143, 60
Trd, 4318171.243, 91
Trd, 4318171.743, 62
Trd, 4318173.443, 126
Trd, 4318173.993, 67
Trd, 4318174.993, 105
Trd, 4318175.443, 97
Trd, 4318175.493, 96
Trd, 4318175.793, 115
Trd, 4318176.393, 65
Trd, 4318177.243, 82
Trd, 4318177.443, 124
Trd, 4318180.443, 62
Trd, 4318180.643, 66
Trd, 4318181.443, 65
Trd, 4318182.693, 74
Trd, 4318182.843, 69
Trd, 4318182.993, 91
Trd, 4318184.343, 70
Trd, 4318186.243, 136
Trd, 4318187.093, 82
Trd, 4318187.543, 80
Trd, 4318187.943, 75
Trd, 4318188.893, 94
Trd, 4318190.043, 116
Trd, 4318190.193, 115
Trd, 4318190.843, 105
Trd, 4318191.343, 85
Trd, 4318191.693, 84
Trd, 4318192.093, 116
Trd, 4318194.593, 116
Trd, 4318194.693, 89
Trd, 4318195.143, 89
Trd, 4318197.843, 140
Trd, 4318197.993, 140
Trd, 4318198.443, 140
Trd, 4318198.943, 140
Trd, 4318200.993, 140
Trd, 4318201.993, 140
Trd, 4318202.293, 140
Trd, 4318202.343, 140
Trd, 4318203.093, 119
Trd, 4318203.193, 117
Trd, 4318204.243, 113
Trd, 4318204.643, 111
Trd, 4318205.343, 140
Trd, 4318205.593, 140
Trd, 4318207.393, 123
Trd, 4318207.643, 123
Trd, 4318209.343, 129
Trd, 4318209.893, 138
Trd, 4318210.293, 138
Trd, 4318211.393, 129
Trd, 4318211.443, 94
Trd, 4318213.843, 90
Trd, 4318214.443, 93
Trd, 4318214.993, 98
Trd, 4318215.143, 97
Trd, 4318217.193, 106
Trd, 4318218.643, 106
Trd, 4318218.743, 105
Trd, 4318219.093, 120
Trd, 4318219.243, 104
Trd, 4318219.743, 127
Trd, 4318221.443, 106
Trd, 4318221.693, 123
Trd, 4318221.793, 105
Trd, 4318222.993, 133
Trd, 4318224.093, 134
Trd, 4318225.093, 136
Trd, 4318225.243, 136
Trd, 4318225.393, 136
Trd, 4318226.193, 137
Trd, 4318227.593, 140
Trd, 4318228.193, 140
Trd, 4318228.343, 110
Trd, 4318229.393, 109
Trd, 4318229.893, 104
Trd, 4318230.443, 90
Trd, 4318231.293, 67
Trd, 4318231.993, 95
Trd, 4318232.693, 77
Trd, 4318232.993, 103
Trd, 4318233.693, 100
Trd, 4318234.193, 95
Trd, 4318234.243, 94
Trd, 4318235.743, 99
Trd, 4318236.093, 79
Trd, 4318236.743, 113
Trd, 4318236.793, 81
Trd, 4318237.593, 137
Trd, 4318237.943, 136
Trd, 4318238.643, 84
Trd, 4318239.193, 91
Trd, 4318240.043, 81
Trd, 4318241.743, 90
Trd, 4318242.693, 94
Trd, 4318242.943, 93
Trd, 4318243.093, 92
Trd, 4318243.593, 89
Trd, 4318244.143, 118
Trd, 4318244.793, 107
Trd, 4318246.743, 125
Trd, 4318248.043, 124
Trd, 4318248.993, 107
Trd, 4318249.043, 106
Trd, 4318250.643, 137
Trd, 4318251.043, 134
Trd, 4318251.293, 134
Trd, 4318252.443, 127
Trd, 4318253.293, 113
Trd, 4318253.893, 82
Trd, 4318253.943, 75
Trd, 4318254.943, 84
Trd, 4318256.393, 91
Trd, 4318256.943, 103
Trd, 4318257.693, 93
Trd, 4318258.743, 111
Trd, 4318259.793, 100
Trd, 4318260.643, 103
Trd, 4318260.693, 102
Trd, 4318262.193, 133
Trd, 4318262.443, 133
Trd, 4318262.643, 130
Trd, 4318263.743, 63
Trd, 4318265.043, 95
Trd, 4318265.893, 96
Trd, 4318265.993, 95
Trd, 4318267.793, 109
Trd, 4318268.243, 129
Trd, 4318268.493, 119
Trd, 4318268.543, 118
Trd, 4318268.893, 103
Trd, 4318269.043, 103
Trd, 4318269.793, 99
Trd, 4318270.493, 102
Trd, 4318272.243, 114
Trd, 4318272.493, 78
Trd, 4318273.343, 118
Trd, 4318274.393, 125
Trd, 4318275.993, 127
Trd, 4318276.143, 127
Trd, 4318276.193, 126
Trd, 4318276.293, 120
Trd, 4318276.343, 119
Trd, 4318277.843, 94
Trd, 4318278.143, 92
Trd, 4318278.343, 91
Trd, 4318278.793, 60
Trd, 4318279.793, 136
Trd, 4318280.493, 135
Trd, 4318281.143, 123
Trd, 4318282.193, 96
Trd, 4318283.243, 126
Trd, 4318283.693, 97
Trd, 4318283.743, 96
Trd, 4318286.843, 113
Trd, 4318287.443, 112
Trd, 4318288.093, 113
Trd, 4318289.393, 114
Trd, 4318291.343, 120
Trd, 4318291.493, 119
Trd, 4318291.593, 119
Trd, 4318291.993, 117
Trd, 4318292.293, 110
Trd, 4318292.943, 111
Trd, 4318293.043, 110
Trd, 4318294.143, 61
Trd, 4318294.793, 62
Trd, 4318296.193, 65
Trd, 4318297.293, 75
Trd, 4318298.343, 73
Trd, 4318300.293, 86
Trd, 4318301.543, 98
Trd, 4318301.593, 96
Trd, 4318302.393, 104
Trd, 4318302.743, 104
Trd, 4318303.243, 119
Trd, 4318303.393, 102
Trd, 4318304.893, 101
Trd, 4318304.943, 100
Trd, 4318305.393, 104
Trd, 4318305.593, 83
Trd, 4318308.393, 90
Trd, 4318308.493, 91
Trd, 4318309.193, 124
Trd, 4318309.843, 110
Trd, 4318310.093, 118
Trd, 4318310.343, 110
Trd, 4318310.593, 104
Trd, 4318313.293, 63
Trd, 4318314.943, 60
Trd, 4318315.993, 60
Trd, 4318317.243, 64
Trd, 4318317.643, 61
Trd, 4318318.193, 63
Trd, 4318318.293, 133
Trd, 4318318.893, 75
Trd, 4318320.193, 116
Trd, 4318320.393, 83
Trd, 4318321.443, 87
Trd, 4318321.743, 88
Trd, 4318323.293, 104
Trd, 4318323.443, 98
Trd, 4318324.293, 98
Trd, 4318325.293, 94
Trd, 4318325.793, 93
Trd, 4318326.893, 95
Trd, 4318328.843, 121
Trd, 4318329.193, 121
Trd, 4318330.243, 123
Trd, 4318330.793, 122
Trd, 4318331.143, 123
Trd, 4318331.243, 122
Trd, 4318331.843, 108
Trd, 4318332.843, 72
Trd, 4318334.943, 60
Trd, 4318336.493, 66
Trd, 4318336.693, 63
Trd, 4318337.493, 71
Trd, 4318338.843, 82
Trd, 4318339.193, 84
Trd, 4318339.343, 83
Trd, 4318339.543, 81
Trd, 4318339.893, 88
Trd, 4318340.643, 93
Trd, 4318341.643, 87
Trd, 4318342.793, 91
Trd, 4318342.943, 102
Trd, 4318343.393, 93
Trd, 4318344.643, 103
Trd, 4318344.993, 93
Trd, 4318345.893, 99
Trd, 4318346.343, 99
Trd, 4318347.693, 127
Trd, 4318347.793, 120
Trd, 4318348.993, 70
Trd, 4318349.893, 71
Trd, 4318350.793, 75
Trd, 4318351.093, 70
Trd, 4318352.143, 72
Trd, 4318353.443, 60
Trd, 4318354.293, 60
Trd, 4318354.443, 60
Trd, 4318354.843, 82
Trd, 4318356.693, 61
Trd, 4318358.143, 68
Trd, 4318358.343, 68
Trd, 4318358.693, 85
Trd, 4318359.843, 111
Trd, 4318360.743, 113
Trd, 4318361.193, 112
Trd, 4318361.493, 100
Trd, 4318362.743, 94
Trd, 4318363.543, 95
Trd, 4318364.143, 96
Trd, 4318364.393, 96
Trd, 4318365.243, 105
Trd, 4318365.893, 100
Trd, 4318366.093, 102
Trd, 4318367.093, 130
Trd, 4318367.343, 99
Trd, 4318367.643, 116
Trd, 4318369.143, 109
Trd, 4318369.643, 108
Trd, 4318370.243, 107
Trd, 4318371.543, 62
Trd, 4318372.393, 133
Trd, 4318374.343, 102
Trd, 4318376.143, 108
Trd, 4318376.543, 120
Trd, 4318376.593, 108
Trd, 4318376.693, 123
Trd, 4318377.543, 111
Trd, 4318378.243, 111
Trd, 4318379.093, 116
Trd, 4318379.793, 117
Trd, 4318380.443, 114
Trd, 4318382.693, 119
Trd, 4318383.743, 122
Trd, 4318384.193, 122
Trd, 4318384.343, 118
Trd, 4318385.643, 119
Trd, 4318386.743, 117
Trd, 4318387.093, 117
Trd, 4318387.893, 118
Trd, 4318388.993, 121
Trd, 4318389.793, 121
Trd, 4318389.993, 121
Trd, 4318390.543, 120
Trd, 4318392.143, 118
Trd, 4318392.943, 113
Trd, 4318393.293, 107
Trd, 4318394.143, 86
Trd, 4318394.993, 102
Trd, 4318395.693, 102
Trd, 4318395.943, 101
Trd, 4318396.993, 87
Trd, 4318397.693, 65
Trd, 4318397.793, 79
Trd, 4318398.043, 64
Trd, 4318401.043, 74
Trd, 4318401.643, 77
Trd, 4318401.793, 110
Trd, 4318402.993, 79
Trd, 4318404.043, 85
Trd, 4318404.693, 90
Trd, 4318405.693, 121
Trd, 4318405.793, 115
Trd, 4318406.143, 114
Trd, 4318406.543, 88
Trd, 4318407.793, 133
Trd, 4318407.993, 133
Trd, 4318408.093, 132
Trd, 4318409.093, 108
Trd, 4318409.993, 114
Trd, 4318412.443, 122
Trd, 4318412.543, 121
Trd, 4318413.243, 121
Trd, 4318414.893, 124
Trd, 4318415.393, 126
Trd, 4318415.543, 125
Trd, 4318415.893, 123
Trd, 4318417.043, 132
Trd, 4318417.593, 131
Trd, 4318418.593, 127
Trd, 4318419.143, 125
Trd, 4318421.343, 135
Trd, 4318421.393, 134
Trd, 4318421.543, 133
Trd, 4318423.393, 136
Trd, 4318424.443, 138
Trd, 4318424.693, 139
Trd, 4318425.193, 140
Trd, 4318426.043, 140
Trd, 4318426.443, 140
Trd, 4318426.693, 140
Trd, 4318428.093, 125
Trd, 4318429.493, 127
Trd, 4318430.093, 123
Trd, 4318430.293, 123
Trd, 4318430.743, 116
Trd, 4318432.543, 140
Trd, 4318432.843, 140
Trd, 4318432.893, 140
Trd, 4318433.293, 117
Trd, 4318433.593, 116
Trd, 4318434.593, 115
Trd, 4318437.593, 120
Trd, 4318437.893, 122
Trd, 4318438.043, 121
Trd, 4318439.843, 125
Trd, 4318439.993, 122
Trd, 4318440.343, 115
Trd, 4318440.393, 114
Trd, 4318441.743, 69
Trd, 4318442.643, 74
Trd, 4318442.843, 68
Trd, 4318443.493, 76
Trd, 4318447.193, 62
Trd, 4318447.493, 64
Trd, 4318447.993, 62
Trd, 4318449.193, 87
Trd, 4318449.893, 119
Trd, 4318450.043, 89
Trd, 4318450.443, 88
Trd, 4318450.793, 100
Trd, 4318451.893, 91
Trd, 4318451.993, 90
Trd, 4318452.243, 91
Trd, 4318453.343, 91
Trd, 4318454.443, 98
Trd, 4318455.793, 101
Trd, 4318456.743, 108
Trd, 4318457.343, 98
Trd, 4318457.643, 98
Trd, 4318457.893, 97
Trd, 4318460.093, 92
Trd, 4318460.743, 67
Trd, 4318460.843, 66
Trd, 4318461.093, 67
Trd, 4318461.443, 73
Trd, 4318462.493, 71
Trd, 4318462.943, 87
Trd, 4318463.393, 73
Trd, 4318463.893, 72
Trd, 4318463.943, 71
Trd, 4318466.343, 66
Trd, 4318468.343, 106
Trd, 4318468.693, 106
Trd, 4318469.143, 103
Trd, 4318470.093, 71
Trd, 4318471.343, 90
Trd, 4318471.893, 80
Trd, 4318473.043, 85
Trd, 4318473.293, 84
Trd, 4318473.343, 82
Trd, 4318474.943, 79
Trd, 4318475.143, 78
Trd, 4318475.593, 77
Trd, 4318480.293, 60
Trd, 4318480.693, 61
Trd, 4318480.893, 61
Trd, 4318481.093, 64
Trd, 4318481.293, 63
Trd, 4318481.543, 73
Trd, 4318481.693, 65
Trd, 4318484.243, 118
Trd, 4318484.393, 77
Trd, 4318484.493, 80
Trd, 4318484.843, 76
Trd, 4318487.043, 90
Trd, 4318488.193, 106
Trd, 4318488.493, 108
Trd, 4318489.093, 117
Trd, 4318489.693, 119
Trd, 4318489.843, 128
Trd, 4318490.393, 98
Trd, 4318491.143, 99
Trd, 4318491.843, 100
Trd, 4318492.043, 93
Trd, 4318493.893, 104
Trd, 4318493.993, 102
Trd, 4318494.543, 101
Trd, 4318494.843, 101
Trd, 4318495.293, 100
Trd, 4318496.093, 100
Trd, 4318497.193, 63
Trd, 4318498.643, 61
Trd, 4318498.893, 68
Trd, 4318500.993, 63
Trd, 4318501.743, 69
Trd, 4318502.793, 91
Trd, 4318503.293, 86
Trd, 4318503.543, 86
Trd, 4318504.393, 88
Trd, 4318504.793, 100
Trd, 4318504.943, 88
Trd, 4318505.793, 92
Trd, 4318506.943, 113
Trd, 4318508.043, 117
Trd, 4318508.243, 116
Trd, 4318509.243, 116
Trd, 4318509.443, 93
Trd, 4318509.793, 137
Trd, 4318511.043, 130
Trd, 4318512.243, 122
Trd, 4318512.643, 122
Trd, 4318513.993, 122
Trd, 4318515.193, 116
Trd, 4318515.393, 113
Trd, 4318516.393, 72
Trd, 4318516.843, 86
Trd, 4318518.043, 111
Trd, 4318518.443, 99
Trd, 4318519.543, 104
Trd, 4318519.843, 102
Trd, 4318519.893, 99
Trd, 4318521.193, 140
Trd, 4318521.343, 139
Trd, 4318521.443, 98
Trd, 4318522.193, 72
Trd, 4318522.543, 71
Trd, 4318523.543, 90
Trd, 4318524.893, 94
Trd, 4318525.193, 94
Trd, 4318527.143, 136
Trd, 4318527.243, 134
Trd, 4318528.093, 122
Trd, 4318529.543, 125
Trd, 4318529.843, 125
Trd, 4318530.493, 132
Trd, 4318530.993, 132
Trd, 4318532.593, 133
Trd, 4318533.943, 134
Trd, 4318534.043, 133
Trd, 4318534.343, 130
Trd, 4318534.543, 120
Trd, 4318535.243, 90
Trd, 4318535.293, 88
Trd, 4318535.593, 92
Trd, 4318535.693, 85
Trd, 4318537.343, 140
Trd, 4318537.743, 140
Trd, 4318539.293, 140
Trd, 4318540.043, 96
Trd, 4318540.993, 100
Trd, 4318542.043, 94
Trd, 4318542.343, 95
Trd, 4318542.743, 89
Trd, 4318543.393, 108
Trd, 4318544.393, 113
Trd, 4318544.943, 112
Trd, 4318545.293, 107
Trd, 4318546.343, 138
Trd, 4318546.793, 140
Trd, 4318547.193, 140
Trd, 4318548.343, 140
Trd, 4318548.543, 140
Trd, 4318549.943, 139
Trd, 4318550.043, 131
Trd, 4318550.643, 96
Trd, 4318553.643, 133
Trd, 4318554.043, 135
Trd, 4318554.093, 132
Trd, 4318554.493, 131
Trd, 4318557.193, 113
Trd, 4318557.443, 111
Trd, 4318557.643, 105
Trd, 4318558.593, 81
Trd, 4318558.693, 77
Trd, 4318559.793, 105
Trd, 4318560.093, 127
Trd, 4318560.743, 127
Trd, 4318561.593, 137
Trd, 4318561.893, 121
Trd, 4318562.443, 99
Trd, 4318565.693, 61
Trd, 4318566.993, 62
Trd, 4318568.343, 82
Trd, 4318568.793, 81
Trd, 4318568.893, 80
Trd, 4318569.043, 79
Trd, 4318570.243, 69
Trd, 4318570.893, 92
Trd, 4318571.093, 107
Trd, 4318571.543, 71
Trd, 4318571.843, 70
Trd, 4318571.893, 63
Trd, 4318575.693, 62
Trd, 4318576.343, 61
Trd, 4318576.543, 60
Trd, 4318576.593, 70
Trd, 4318577.393, 99
Trd, 4318578.943, 97
Trd, 4318579.843, 99
Trd, 4318581.043, 103
Trd, 4318581.243, 102
Trd, 4318581.293, 100
Trd, 4318582.893, 123
Trd, 4318583.343, 120
Trd, 4318584.193, 107
Trd, 4318584.843, 138
Trd, 4318586.143, 138
Trd, 4318586.793, 139
Trd, 4318586.943, 138
Trd, 4318587.143, 127
Trd, 4318588.393, 127
Trd, 4318588.743, 132
Trd, 4318590.593, 117
Trd, 4318590.643, 115
Trd, 4318590.993, 108
Trd, 4318591.593, 82
Trd, 4318592.993, 116
Trd, 4318593.143, 88
Trd, 4318594.793, 86
Trd, 4318595.843, 90
Trd, 4318597.843, 94
Trd, 4318598.643, 101
Trd, 4318599.493, 107
Trd, 4318600.193, 107
Trd, 4318600.693, 109
Trd, 4318601.093, 108
Trd, 4318601.243, 107
Trd, 4318601.793, 104
Trd, 4318602.043, 99
Trd, 4318602.993, 82
Trd, 4318604.443, 74
Trd, 4318604.693, 71
Trd, 4318606.693, 105
Trd, 4318606.743, 101
Trd, 4318607.743, 103
Trd, 4318608.343, 123
Trd, 4318608.643, 106
Trd, 4318609.093, 111
Trd, 4318609.693, 107
Trd, 4318610.443, 107
Trd, 4318610.993, 60
Trd, 4318614.793, 60
Trd, 4318616.193, 60
Trd, 4318616.543, 60
Trd, 4318616.993, 95
Trd, 4318617.343, 64
Trd, 4318617.693, 66
Trd, 4318617.993, 69
Trd, 4318618.193, 68
Trd, 4318618.843, 73
Trd, 4318619.543, 71
Trd, 4318622.043, 78
Trd, 4318622.143, 76
Trd, 4318622.793, 72
Trd, 4318623.493, 120
Trd, 4318624.443, 78
Trd, 4318624.993, 104
Trd, 4318626.293, 88
Trd, 4318626.593, 88
Trd, 4318626.793, 87
Trd, 4318627.093, 84
Trd, 4318627.343, 75
Trd, 4318629.293, 64
Trd, 4318630.693, 76
Trd, 4318631.393, 80
Trd, 4318632.343, 88
Trd, 4318632.793, 88
Trd, 4318633.143, 100
Trd, 4318634.293, 104
Trd, 4318634.393, 103
Trd, 4318636.493, 110
Trd, 4318636.993, 110
Trd, 4318637.443, 109
Trd, 4318637.643, 100
Trd, 4318639.493, 117
Trd, 4318640.343, 127
Trd, 4318640.493, 126
Trd, 4318640.743, 120
Trd, 4318641.693, 99
Trd, 4318642.793, 96
Trd, 4318642.943, 95
Trd, 4318645.893, 100
Trd, 4318646.243, 111
Trd, 4318646.743, 70
Trd, 4318646.843, 100
Trd, 4318646.893, 67
Trd, 4318649.993, 87
Trd, 4318650.243, 96
Trd, 4318652.443, 124
Trd, 4318653.043, 126
Trd, 4318653.293, 127
Trd, 4318653.343, 126
Trd, 4318654.543, 137
Trd, 4318654.643, 129
Trd, 4318655.743, 129
Trd, 4318656.143, 128
Trd, 4318656.343, 122
Trd, 4318656.643, 122
Trd, 4318657.293, 114
Trd, 4318658.993, 68
Trd, 4318661.243, 121
Trd, 4318661.793, 119
Trd, 4318661.843, 85
Trd, 4318662.343, 99
Trd, 4318663.693, 101
Trd, 4318664.443, 97
Trd, 4318664.893, 98
Trd, 4318666.093, 100
Trd, 4318666.943, 119
Trd, 4318668.093, 117
Trd, 4318668.293, 117
Trd, 4318668.543, 116
Trd, 4318668.793, 111
Trd, 4318669.343, 95
Trd, 4318671.043, 84
Trd, 4318672.643, 81
Trd, 4318673.643, 72
Trd, 4318675.293, 95
Trd, 4318676.043, 62
Trd, 4318677.043, 80
Trd, 4318677.493, 78
Trd, 4318678.393, 78
Trd, 4318678.593, 80
Trd, 4318678.843, 80
Trd, 4318679.693, 86
Trd, 4318679.843, 82
Trd, 4318680.743, 113
Trd, 4318680.793, 112
Trd, 4318680.843, 109
Trd, 4318680.893, 77
Trd, 4318682.493, 70
Trd, 4318684.443, 92
Trd, 4318685.243, 95
Trd, 4318685.493, 106
Trd, 4318686.393, 95
Trd, 4318687.693, 60
Trd, 4318689.043, 62
Trd, 4318689.493, 64
Trd, 4318689.743, 63
Trd, 4318689.993, 92
Trd, 4318691.293, 99
Trd, 4318691.593, 97
Trd, 4318692.443, 82
Trd, 4318693.393, 72
Trd, 4318695.043, 119
Trd, 4318696.643, 136
Trd, 4318696.943, 129
Trd, 4318697.443, 120
Trd, 4318697.593, 119
Trd, 4318698.043, 121
Trd, 4318699.093, 123
Trd, 4318700.793, 126
Trd, 4318701.743, 129
Trd, 4318701.943, 134
Trd, 4318702.843, 128
Trd, 4318702.993, 127
Trd, 4318703.143, 127
Trd, 4318704.093, 121
Trd, 4318705.843, 117
Trd, 4318706.593, 117
Trd, 4318707.493, 121
Trd, 4318708.293, 116
Trd, 4318708.343, 115
Trd, 4318708.393, 109
Trd, 4318710.793, 99
Trd, 4318711.143, 97
Trd, 4318711.893, 105
Trd, 4318712.043, 106
Trd, 4318712.143, 83
Trd, 4318712.593, 82
Trd, 4318713.693, 92
Trd, 4318714.793, 89
Trd, 4318715.343, 94
Trd, 4318715.493, 93
Trd, 4318715.793, 129
Trd, 4318716.443, 92
Trd, 4318717.143, 91
Trd, 4318717.843, 87
Trd, 4318718.093, 87
Trd, 4318718.543, 88
Trd, 4318720.843, 96
Trd, 4318721.243, 95
Trd, 4318721.393, 94
Trd, 4318722.093, 102
Trd, 4318722.493, 101
Trd, 4318723.793, 110
Trd, 4318724.493, 97
Trd, 4318725.193, 95
Trd, 4318725.643, 115
Trd, 4318726.343, 113
Trd, 4318726.593, 112
Trd, 4318727.143, 105
Trd, 4318728.843, 80
Trd, 4318728.943, 82
Trd, 4318729.093, 98
Trd, 4318732.393, 60
Trd, 4318732.893, 60
Trd, 4318732.993, 61
Trd, 4318735.143, 69
Trd, 4318735.543, 67
Trd, 4318735.593, 66
Trd, 4318736.043, 66
Trd, 4318736.593, 73
Trd, 4318736.643, 69
Trd, 4318737.793, 69
Trd, 4318738.243, 72
Trd, 4318740.743, 87
Trd, 4318741.643, 82
Trd, 4318741.743, 108
Trd, 4318742.043, 80
Trd, 4318742.443, 78
Trd, 4318743.093, 74
Trd, 4318743.793, 106
Trd, 4318745.093, 111
Trd, 4318746.143, 110
Trd, 4318746.993, 115
Trd, 4318748.393, 117
Trd, 4318748.443, 116
Trd, 4318749.793, 122
Trd, 4318749.893, 121
Trd, 4318750.643, 121
Trd, 4318751.143, 115
Trd, 4318751.493, 113
Trd, 4318754.193, 127
Trd, 4318754.243, 110
Trd, 4318754.693, 111
Trd, 4318754.793, 111
Trd, 4318756.793, 136
Trd, 4318758.093, 138
Trd, 4318758.143, 136
Trd, 4318758.193, 135
Trd, 4318759.143, 102
Trd, 4318760.093, 127
Trd, 4318760.243, 121
Trd, 4318760.743, 120
Trd, 4318761.943, 124
Trd, 4318762.843, 124
Trd, 4318764.043, 126
Trd, 4318765.193, 140
Trd, 4318765.393, 139
Trd, 4318765.793, 124
Trd, 4318766.643, 124
Trd, 4318766.693, 123
Trd, 4318767.343, 103
Trd, 4318767.843, 98
Trd, 4318768.593, 83
Trd, 4318768.743, 62
Trd, 4318769.643, 99
Trd, 4318770.693, 135
Trd, 4318771.893, 93
Trd, 4318772.443, 127
Trd, 4318773.793, 69
Trd, 4318774.093, 77
Trd, 4318774.193, 75
Trd, 4318775.243, 84
Trd, 4318777.443, 102
Trd, 4318777.993, 102
Trd, 4318778.093, 101
Trd, 4318778.393, 104
Trd, 4318780.543, 110
Trd, 4318780.843, 130
Trd, 4318780.893, 100
Trd, 4318782.393, 104
Trd, 4318782.743, 105
Trd, 4318782.793, 104
Trd, 4318783.093, 104
Trd, 4318784.893, 96
Trd, 4318785.143, 126
Trd, 4318785.893, 96
Trd, 4318786.343, 97
Trd, 4318786.743, 97
Trd, 4318786.793, 96
Trd, 4318786.993, 108
Trd, 4318788.843, 124
Trd, 4318789.593, 124
Trd, 4318790.043, 122
Trd, 4318790.343, 121
Trd, 4318792.143, 96
Trd, 4318792.343, 102
Trd, 4318792.543, 97
Trd, 4318792.843, 99
Trd, 4318793.843, 62
Trd, 4318795.643, 60
Trd, 4318797.593, 61
Trd, 4318798.143, 64
Trd, 4318798.193, 66
Trd, 4318798.493, 78
Trd, 4318799.543, 69
Trd, 4318801.143, 71
Trd, 4318802.043, 71
Trd, 4318802.793, 72
Trd, 4318802.893, 70
Trd, 4318803.743, 88
Trd, 4318804.693, 91
Trd, 4318804.793, 98
Trd, 4318805.693, 73
Trd, 4318807.543, 83
Trd, 4318808.993, 88
Trd, 4318809.243, 88
Trd, 4318809.343, 87
Trd, 4318809.493, 94
Trd, 4318810.943, 96
Trd, 4318811.893, 96
Trd, 4318813.143, 97
Trd, 4318813.743, 97
Trd, 4318813.793, 98
Trd, 4318813.893, 97
Trd, 4318816.293, 120
Trd, 4318817.643, 121
Trd, 4318817.743, 119
Trd, 4318818.893, 139
Trd, 4318819.043, 139
Trd, 4318819.943, 140
Trd, 4318821.843, 136
Trd, 4318822.993, 139
Trd, 4318823.193, 138
Trd, 4318823.693, 132
Trd, 4318823.743, 131
Trd, 4318825.043, 127
Trd, 4318825.193, 120
Trd, 4318825.443, 138
Trd, 4318826.893, 123
Trd, 4318827.143, 124
Trd, 4318828.243, 70
Trd, 4318828.993, 87
Trd, 4318829.943, 83
Trd, 4318830.393, 126
Trd, 4318830.793, 125
Trd, 4318831.093, 116
Trd, 4318831.793, 85
Trd, 4318834.643, 112
Trd, 4318834.943, 110
Trd, 4318835.043, 107
Trd, 4318837.493, 100
Trd, 4318838.293, 105
Trd, 4318838.643, 107
Trd, 4318838.793, 106
Trd, 4318839.043, 107
Trd, 4318839.843, 113
Trd, 4318841.393, 115
Trd, 4318841.793, 115
Trd, 4318842.293, 114
Trd, 4318842.493, 112
Trd, 4318843.493, 109
Trd, 4318844.193, 103
Trd, 4318846.793, 137
Trd, 4318846.993, 111
Trd, 4318847.693, 115
Trd, 4318847.943, 110
Trd, 4318848.293, 111
Trd, 4318849.893, 112
Trd, 4318850.193, 107
Trd, 4318850.643, 98
Trd, 4318850.943, 97
Trd, 4318851.993, 123
Trd, 4318852.943, 75
Trd, 4318853.193, 93
Trd, 4318853.843, 74
Trd, 4318854.993, 93
Trd, 4318855.043, 94
Trd, 4318855.343, 85
Trd, 4318856.593, 87
Trd, 4318856.993, 100
Trd, 4318858.693, 95
Trd, 4318859.393, 100
Trd, 4318859.693, 99
Trd, 4318859.993, 90
Trd, 4318862.543, 61
Trd, 4318863.343, 114
Trd, 4318863.493, 80
Trd, 4318863.643, 70
Trd, 4318864.693, 73
Trd, 4318866.793, 93
Trd, 4318866.893, 82
Trd, 4318867.493, 75
Trd, 4318867.943, 94
Trd, 4318868.793, 71
Trd, 4318869.243, 69
Trd, 4318869.293, 68
Trd, 4318869.743, 104
Trd, 4318872.893, 60
Trd, 4318873.243, 61
Trd, 4318873.293, 67
Trd, 4318875.293, 85
Trd, 4318875.643, 86
Trd, 4318875.993, 89
Trd, 4318877.443, 99
Trd, 4318877.993, 99
Trd, 4318878.243, 99
Trd, 4318880.893, 137
Trd, 4318880.943, 135
Trd, 4318881.193, 112
Trd, 4318881.793, 106
Trd, 4318882.243, 128
Trd, 4318883.193, 110
Trd, 4318883.593, 107
Trd, 4318883.643, 101
Trd, 4318885.243, 90
Trd, 4318886.693, 130
Trd, 4318886.743, 129
Trd, 4318887.293, 130
Trd, 4318888.343, 139
Trd, 4318889.443, 139
Trd, 4318890.843, 140
Trd, 4318890.893, 140
Trd, 4318892.993, 133
Trd, 4318893.093, 130
Trd, 4318893.393, 119
Trd, 4318895.243, 117
Trd, 4318895.693, 116
Trd, 4318896.143, 119
Trd, 4318897.643, 101
Trd, 4318898.543, 117
Trd, 4318898.643, 115
Trd, 4318899.393, 118
Trd, 4318900.593, 121
Trd, 4318901.943, 125
Trd, 4318902.243, 124
Trd, 4318903.393, 123
Trd, 4318904.493, 124
Trd, 4318904.693, 121
Trd, 4318905.293, 96
Trd, 4318905.993, 117
Trd, 4318906.143, 116
Trd, 4318907.743, 100
Trd, 4318907.793, 98
Trd, 4318907.893, 77
Trd, 4318910.693, 63
Trd, 4318910.843, 64
Trd, 4318911.293, 109
Trd, 4318911.443, 108
Trd, 4318913.093, 97
Trd, 4318913.143, 96
Trd, 4318914.593, 119
Trd, 4318915.143, 119
Trd, 4318915.693, 116
Trd, 4318916.243, 94
Trd, 4318916.893, 100
Trd, 4318917.193, 99
Trd, 4318918.543, 131
Trd, 4318918.943, 113
Trd, 4318919.243, 104
Trd, 4318920.843, 105
Trd, 4318921.893, 124
Trd, 4318922.143, 106
Trd, 4318924.043, 121
Trd, 4318924.493, 119
Trd, 4318925.143, 119
Trd, 4318925.343, 117
Trd, 4318925.593, 111
Trd, 4318926.593, 113
Trd, 4318926.793, 113
Trd, 4318927.093, 112
Trd, 4318927.843, 118
Trd, 4318928.143, 122
Trd, 4318930.743, 109
Trd, 4318931.343, 66
Trd, 4318932.893, 63
Trd, 4318934.993, 61
Trd, 4318935.493, 60
Trd, 4318936.443, 62
Trd, 4318937.043, 67
Trd, 4318938.343, 74
Trd, 4318939.343, 76
Trd, 4318939.593, 81
Trd, 4318939.943, 78
Trd, 4318940.693, 81
Trd, 4318941.743, 81
Trd, 4318942.393, 82
Trd, 4318942.693, 137
Trd, 4318943.343, 87
Trd, 4318944.343, 89
Trd, 4318945.943, 94
Trd, 4318946.293, 94
Trd, 4318947.143, 104
Trd, 4318949.243, 137
Trd, 4318949.443, 133
Trd, 4318949.543, 132
Trd, 4318949.593, 131
Trd, 4318950.243, 126
Trd, 4318951.443, 109
Trd, 4318951.743, 128
Trd, 4318953.843, 79
Trd, 4318954.543, 106
Trd, 4318954.993, 84
Trd, 4318956.743, 104
Trd, 4318956.843, 96
Trd, 4318957.093, 98
Trd, 4318957.843, 115
Trd, 4318958.643, 100
Trd, 4318958.743, 98
Trd, 4318959.193, 92
Trd, 4318960.343, 96
Trd, 4318961.943, 99
Trd, 4318962.293, 102
Trd, 4318962.893, 101
Trd, 4318963.493, 104
Trd, 4318964.043, 103
Trd, 4318965.043, 105
Trd, 4318965.193, 102
Trd, 4318965.993, 97
Trd, 4318966.393, 94
Trd, 4318968.193, 96
Trd, 4318968.293, 95
Trd, 4318968.993, 91
Trd, 4318969.843, 113
Trd, 4318972.343, 115
Trd, 4318972.843, 114
Trd, 4318973.443, 105
Trd, 4318974.543, 111
Trd, 4318975.793, 115
Trd, 4318975.993, 114
Trd, 4318976.843, 116
Trd, 4318977.293, 118
Trd, 4318977.643, 115
Trd, 4318978.393, 116
Trd, 4318978.543, 114
Trd, 4318979.743, 101
Trd, 4318980.543, 72
Trd, 4318980.593, 69
Trd, 4318981.943, 74
Trd, 4318982.343, 73
Trd, 4318983.343, 112
Trd, 4318983.843, 114
Trd, 4318985.243, 130
Trd, 4318986.093, 119
Trd, 4318986.543, 120
Trd, 4318988.593, 120
Trd, 4318990.193, 125
Trd, 4318990.243, 123
Trd, 4318991.693, 130
Trd, 4318992.143, 130
Trd, 4318992.243, 127
Trd, 4318992.993, 127
Trd, 4318993.843, 120
Trd, 4318994.243, 69
Trd, 4318994.643, 118
Trd, 4318997.043, 131
Trd, 4318998.043, 107
Trd, 4318998.343, 106
Trd, 4318999.593, 131
Trd, 4319000.843, 126
Trd, 4319001.493, 125
Trd, 4319001.593, 119
Trd, 4319002.193, 98
Trd, 4319004.643, 126
Trd, 4319004.843, 124
Trd, 4319005.093, 88
Trd, 4319005.293, 85
Trd, 4319005.743, 60
Trd, 4319007.093, 65
Trd, 4319010.293, 60
Trd, 4319010.793, 64
Trd, 4319011.543, 62
Trd, 4319014.243, 60
Trd, 4319015.143, 63
Trd, 4319015.193, 62
Trd, 4319016.043, 65
Trd, 4319016.593, 67
Trd, 4319016.793, 63
Trd, 4319018.243, 60
Trd, 4319018.393, 83
Trd, 4319023.293, 62
Trd, 4319023.793, 64
Trd, 4319024.393, 63
Trd, 4319024.893, 77
Trd, 4319025.693, 75
Trd, 4319025.943, 111
Trd, 4319026.293, 75
Trd, 4319027.493, 80
Trd, 4319027.793, 79
Trd, 4319027.993, 78
Trd, 4319029.493, 84
Trd, 4319030.793, 90
Trd, 4319032.943, 108
Trd, 4319033.343, 110
Trd, 4319035.543, 122
Trd, 4319036.243, 123
Trd, 4319036.943, 125
Trd, 4319037.943, 118
Trd, 4319038.043, 117
Trd, 4319038.693, 95
Trd, 4319039.193, 90
Trd, 4319040.543, 60
Trd, 4319042.093, 60
Trd, 4319042.143, 62
Trd, 4319043.643, 65
Trd, 4319044.193, 66
Trd, 4319044.993, 68
Trd, 4319045.993, 97
Trd, 4319046.843, 98
Trd, 4319047.043, 96
Trd, 4319047.143, 129
Trd, 4319047.293, 131
Trd, 4319048.693, 101
Trd, 4319049.343, 101
Trd, 4319049.493, 64
Trd, 4319049.993, 62
Trd, 4319050.293, 94
Trd, 4319051.093, 118
Trd, 4319051.193, 115
Trd, 4319053.343, 111
Trd, 4319054.243, 121
Trd, 4319055.293, 112
Trd, 4319057.143, 115
Trd, 4319057.643, 116
Trd, 4319057.693, 115
Trd, 4319058.093, 138
Trd, 4319058.243, 113
Trd, 4319059.143, 112
Trd, 4319059.293, 107
Trd, 4319062.843, 132
Trd, 4319063.093, 132
Trd, 4319063.293, 131
Trd, 4319063.543, 131
Trd, 4319065.043, 134
Trd, 4319066.093, 138
Trd, 4319066.343, 138
Trd, 4319067.793, 140
Trd, 4319067.943, 140
Trd, 4319068.693, 140
Trd, 4319068.743, 131
Trd, 4319069.843, 132
Trd, 4319070.693, 133
Trd, 4319071.143, 134
Trd, 4319071.193, 132
Trd, 4319072.643, 135
Trd, 4319072.743, 134
Trd, 4319073.893, 140
Trd, 4319074.593, 139
Trd, 4319074.743, 131
Trd, 4319075.593, 105
Trd, 4319077.293, 114
Trd, 4319077.443, 109
Trd, 4319078.493, 74
Trd, 4319078.643, 73
Trd, 4319082.643, 111
Trd, 4319083.043, 111
Trd, 4319083.443, 82
Trd, 4319083.543, 67
Trd, 4319083.843, 97
Trd, 4319084.193, 81
Trd, 4319085.143, 77
Trd, 4319086.243, 60
Trd, 4319086.543, 110
Trd, 4319087.843, 64
Trd, 4319088.643, 72
Trd, 4319088.793, 73
Trd, 4319089.193, 96
Trd, 4319090.293, 81
Trd, 4319092.843, 101
Trd, 4319093.643, 102
Trd, 4319093.693, 101
Trd, 4319094.893, 108
Trd, 4319095.643, 112
Trd, 4319096.593, 116
Trd, 4319097.193, 117
Trd, 4319098.293, 121
Trd, 4319098.443, 119
Trd, 4319100.543, 140
Trd, 4319100.593, 138
Trd, 4319101.343, 139
Trd, 4319101.543, 139
Trd, 4319101.993, 138
Trd, 4319103.143, 132
Trd, 4319103.943, 125
Trd, 4319105.893, 127
Trd, 4319106.093, 125
Trd, 4319106.843, 126
Trd, 4319107.443, 122
Trd, 4319107.743, 117
Trd, 4319108.443, 114
Trd, 4319108.793, 113
Trd, 4319108.893, 112
Trd, 4319110.043, 73
Trd, 4319111.143, 60
Trd, 4319113.043, 60
Trd, 4319113.643, 62
Trd, 4319113.893, 61
Trd, 4319115.043, 74
Trd, 4319115.643, 77
Trd, 4319116.593, 108
Trd, 4319117.393, 97
Trd, 4319117.543, 96
Trd, 4319117.743, 96
Trd, 4319120.043, 99
Trd, 4319120.143, 99
Trd, 4319120.993, 101
Trd, 4319121.093, 99
Trd, 4319121.143, 97
Trd, 4319121.243, 94
Trd, 4319122.043, 92
Trd, 4319122.243, 83
Trd, 4319122.743, 139
Trd, 4319123.493, 137
Trd, 4319124.543, 89
Trd, 4319124.693, 88
Trd, 4319125.393, 86
Trd, 4319126.943, 92
Trd, 4319127.793, 87
Trd, 4319127.943, 86
Trd, 4319128.743, 90
Trd, 4319129.143, 89
Trd, 4319130.843, 67
Trd, 4319131.543, 64
Trd, 4319132.343, 68
Trd, 4319133.793, 99
Trd, 4319134.743, 99
Trd, 4319134.843, 101
Trd, 4319135.443, 101
Trd, 4319135.993, 103
Trd, 4319137.293, 110
Trd, 4319138.643, 120
Trd, 4319138.743, 120
Trd, 4319139.293, 120
Trd, 4319139.493, 113
Trd, 4319140.093, 112
Trd, 4319141.043, 112
Trd, 4319141.243, 106
Trd, 4319142.893, 104
Trd, 4319143.543, 112
Trd, 4319143.643, 111
Trd, 4319143.693, 110
Trd, 4319145.193, 68
Trd, 4319145.743, 64
Trd, 4319146.343, 76
Trd, 4319147.743, 140
Trd, 4319148.793, 86
Trd, 4319149.143, 87
Trd, 4319149.793, 89
Trd, 4319150.043, 100
Trd, 4319150.443, 90
Trd, 4319150.693, 89
Trd, 4319152.993, 65
Trd, 4319154.443, 99
Trd, 4319155.343, 124
Trd, 4319155.593, 123
Trd, 4319155.943, 103
Trd, 4319156.143, 102
Trd, 4319156.843, 102
Trd, 4319157.043, 100
Trd, 4319159.943, 111
Trd, 4319161.343, 111
Trd, 4319162.193, 121
Trd, 4319162.443, 134
Trd, 4319162.693, 68
Trd, 4319164.693, 75
Trd, 4319165.493, 78
Trd, 4319165.843, 124
Trd, 4319166.693, 82
Trd, 4319167.493, 82
Trd, 4319168.593, 85
Trd, 4319169.543, 84
Trd, 4319170.093, 82
Trd, 4319170.243, 80
Trd, 4319170.543, 96
Trd, 4319170.643, 80
Trd, 4319172.393, 129
Trd, 4319173.093, 85
Trd, 4319173.943, 75
Trd, 4319174.593, 73
Trd, 4319176.443, 75
Trd, 4319176.993, 75
Trd, 4319178.493, 95
Trd, 4319178.793, 124
Trd, 4319180.493, 123
Trd, 4319180.543, 121
Trd, 4319180.793, 121
Trd, 4319181.043, 130
Trd, 4319181.643, 116
Trd, 4319183.293, 97
Trd, 4319183.443, 94
Trd, 4319185.443, 62
Trd, 4319185.743, 63
Trd, 4319186.343, 63
Trd, 4319187.643, 73
Trd, 4319189.693, 85
Trd, 4319190.243, 86
Trd, 4319190.593, 81
Trd, 4319191.493, 93
Trd, 4319192.693, 84
Trd, 4319193.243, 95
Trd, 4319193.743, 83
Trd, 4319194.743, 132
Trd, 4319194.793, 131
Trd, 4319196.043, 103
Trd, 4319197.193, 104
Trd, 4319197.493, 102
Trd, 4319197.543, 113
Trd, 4319198.943, 116
Trd, 4319199.343, 73
Trd, 4319200.193, 64
Trd, 4319200.843, 64
Trd, 4319201.093, 63
Trd, 4319201.743, 67
Trd, 4319205.243, 67
Trd, 4319205.443, 62
Trd, 4319205.693, 63
Trd, 4319206.143, 63
Trd, 4319206.493, 62
Trd, 4319206.793, 64
Trd, 4319209.943, 116
Trd, 4319210.543, 122
Trd, 4319211.743, 133
Trd, 4319211.893, 132
Trd, 4319212.193, 124
Trd, 4319212.843, 123
Trd, 4319213.243, 128
Trd, 4319214.343, 127
Trd, 4319215.093, 108
Trd, 4319215.743, 106
Trd, 4319216.743, 106
Trd, 4319217.193, 106
Trd, 4319218.743, 95
Trd, 4319219.043, 73
Trd, 4319219.643, 79
Trd, 4319220.143, 87
Trd, 4319220.193, 77
Trd, 4319222.093, 95
Trd, 4319222.393, 90
Trd, 4319222.543, 92
Trd, 4319222.693, 90
Trd, 4319223.393, 92
Trd, 4319225.743, 104
Trd, 4319226.193, 120
Trd, 4319226.393, 101
Trd, 4319227.993, 103
Trd, 4319228.243, 123
Trd, 4319229.293, 106
Trd, 4319230.043, 107
Trd, 4319230.793, 107
Trd, 4319230.993, 104
Trd, 4319231.993, 105
Trd, 4319235.393, 90
Trd, 4319235.693, 97
Trd, 4319235.793, 108
Trd, 4319235.893, 91
Trd, 4319236.693, 93
Trd, 4319236.993, 92
Trd, 4319237.043, 129
Trd, 4319237.343, 91
Trd, 4319238.443, 108
Trd, 4319238.993, 86
Trd, 4319239.693, 73
Trd, 4319241.743, 103
Trd, 4319242.343, 116
Trd, 4319242.393, 115
Trd, 4319242.943, 116
Trd, 4319243.543, 113
Trd, 4319244.493, 119
Trd, 4319244.843, 113
Trd, 4319245.693, 113
Trd, 4319246.143, 112
Trd, 4319246.543, 72
Trd, 4319249.293, 60
Trd, 4319250.243, 63
Trd, 4319252.393, 69
Trd, 4319252.443, 67
Trd, 4319252.843, 71
Trd, 4319253.143, 69
Trd, 4319253.543, 72
Trd, 4319253.943, 71
Trd, 4319254.593, 107
Trd, 4319254.843, 70
Trd, 4319255.843, 70
Trd, 4319256.893, 73
Trd, 4319257.293, 75
Trd, 4319257.943, 76
Trd, 4319258.293, 110
Trd, 4319259.043, 111
Trd, 4319259.343, 110
Trd, 4319259.993, 117
Trd, 4319260.343, 113
Trd, 4319261.293, 115
Trd, 4319262.293, 115
Trd, 4319263.043, 109
Trd, 4319263.293, 106
Trd, 4319264.043, 105
Trd, 4319264.193, 61
Trd, 4319266.693, 69
Trd, 4319267.493, 102
Trd, 4319269.443, 64
Trd, 4319269.943, 64
Trd, 4319270.893, 70
Trd, 4319270.993, 68
Trd, 4319271.093, 79
Trd, 4319272.143, 90
Trd, 4319272.493, 74
Trd, 4319272.993, 75
Trd, 4319273.893, 93
Trd, 4319274.093, 73
Trd, 4319274.193, 72
Trd, 4319277.443, 115
Trd, 4319277.743, 103
Trd, 4319278.443, 88
Trd, 4319279.293, 87
Trd, 4319280.343, 87
Trd, 4319280.643, 85
Trd, 4319280.843, 126
Trd, 4319282.093, 127
Trd, 4319282.593, 91
Trd, 4319283.143, 92
Trd, 4319283.293, 104
Trd, 4319284.093, 98
Trd, 4319284.443, 95
Trd, 4319285.343, 95
Trd, 4319286.743, 98
Trd, 4319287.993, 106
Trd, 4319288.043, 105
Trd, 4319288.143, 99
Trd, 4319290.793, 135
Trd, 4319291.393, 137
Trd, 4319291.643, 138
Trd, 4319292.493, 139
Trd, 4319292.643, 134
Trd, 4319292.993, 132
Trd, 4319293.943, 121
Trd, 4319295.293, 95
Trd, 4319295.493, 105
Trd, 4319297.843, 114
Trd, 4319297.943, 92
Trd, 4319298.893, 107
Trd, 4319299.043, 108
Trd, 4319299.643, 108
Trd, 4319299.793, 109
Trd, 4319299.993, 108
Trd, 4319301.793, 107
Trd, 4319302.393, 87
Trd, 4319303.243, 95
Trd, 4319303.793, 87
Trd, 4319303.993, 92
Trd, 4319304.843, 88
Trd, 4319306.993, 60
Trd, 4319307.443, 60
Trd, 4319309.743, 71
Trd, 4319310.043, 72
Trd, 4319311.243, 78
Trd, 4319311.943, 78
Trd, 4319312.493, 127
Trd, 4319312.743, 126
Trd, 4319312.943, 125
Trd, 4319314.293, 87
Trd, 4319316.093, 103
Trd, 4319317.193, 105
Trd, 4319317.293, 103
Trd, 4319317.993, 107
Trd, 4319319.493, 107
Trd, 4319319.693, 106
Trd, 4319320.943, 126
Trd, 4319321.043, 122
Trd, 4319321.143, 120
Trd, 4319321.193, 116
Trd, 4319321.743, 77
Trd, 4319324.643, 65
Trd, 4319326.843, 67
Trd, 4319328.143, 82
Trd, 4319328.493, 63
Trd, 4319329.943, 68
Trd, 4319330.393, 78
Trd, 4319331.693, 105
Trd, 4319332.143, 78
Trd, 4319332.393, 79
Trd, 4319332.543, 79
Trd, 4319334.143, 91
Trd, 4319334.793, 82
Trd, 4319335.443, 90
Trd, 4319336.093, 89
Trd, 4319336.693, 91
Trd, 4319336.943, 116
Trd, 4319337.493, 87
Trd, 4319337.893, 120
Trd, 4319339.943, 101
Trd, 4319340.193, 99
Trd, 4319341.743, 107
Trd, 4319341.793, 106
Trd, 4319341.893, 105
Trd, 4319342.143, 102
Trd, 4319342.393, 111
Trd, 4319342.493, 101
Trd, 4319344.893, 114
Trd, 4319345.743, 114
Trd, 4319346.343, 114
Trd, 4319346.543, 113
Trd, 4319347.193, 136
Trd, 4319347.543, 112
Trd, 4319348.093, 111
Trd, 4319348.743, 71
Trd, 4319349.893, 121
Trd, 4319353.343, 140
Trd, 4319353.893, 140
Trd, 4319354.143, 140
Trd, 4319355.693, 140
Trd, 4319356.493, 140
Trd, 4319357.393, 140
Trd, 4319357.793, 140
Trd, 4319358.243, 140
Trd, 4319358.693, 140
Trd, 4319358.943, 140
Trd, 4319360.793, 134
Trd, 4319362.943, 137
Trd, 4319363.693, 136
Trd, 4319365.243, 140
Trd, 4319365.393, 140
Trd, 4319366.793, 140
Trd, 4319366.943, 140
Trd, 4319367.093, 131
Trd, 4319368.593, 95
Trd, 4319369.043, 111
Trd, 4319369.443, 112
Trd, 4319369.793, 111
Trd, 4319370.043, 136
Trd, 4319370.393, 110
Trd, 4319373.043, 92
Trd, 4319373.093, 112
Trd, 4319373.293, 90
Trd, 4319373.343, 86
Trd, 4319373.743, 127
Trd, 4319375.693, 85
Trd, 4319376.493, 62
Trd, 4319376.893, 69
Trd, 4319378.193, 60
Trd, 4319381.743, 61
Trd, 4319382.843, 65
Trd, 4319383.393, 81
Trd, 4319383.593, 124
Trd, 4319383.693, 64
Trd, 4319384.243, 65
Trd, 4319384.593, 65
Trd, 4319386.693, 94
Trd, 4319386.993, 93
Trd, 4319387.243, 92
Trd, 4319388.293, 93
Trd, 4319388.443, 96
Trd, 4319390.243, 103
Trd, 4319390.593, 103
Trd, 4319390.793, 102
Trd, 4319391.243, 103
Trd, 4319392.293, 121
Trd, 4319393.043, 123
Trd, 4319393.793, 126
Trd, 4319394.343, 127
Trd, 4319395.593, 127
Trd, 4319395.943, 140
Trd, 4319396.293, 127
Trd, 4319397.443, 128
Trd, 4319397.643, 127
Trd, 4319399.043, 128
Trd, 4319399.393, 128
Trd, 4319400.093, 128
Trd, 4319400.843, 122
Trd, 4319401.143, 121
Trd, 4319402.693, 82
Trd, 4319403.243, 132
Trd, 4319403.393, 131
Trd, 4319403.493, 104
Trd, 4319404.343, 80
Trd, 4319405.643, 77
Trd, 4319405.843, 76
Trd, 4319407.543, 82
Trd, 4319408.593, 122
Trd, 4319408.893, 94
Trd, 4319408.993, 85
Trd, 4319409.493, 123
Trd, 4319409.693, 85
Trd, 4319410.193, 86
Trd, 4319410.743, 84
Trd, 4319411.643, 63
Trd, 4319411.843, 68
Trd, 4319413.143, 84
Trd, 4319413.493, 82
Trd, 4319414.243, 99
Trd, 4319415.043, 84
Trd, 4319416.343, 89
Trd, 4319416.993, 105
Trd, 4319418.143, 121
Trd, 4319418.493, 97
Trd, 4319419.043, 100
Trd, 4319419.193, 98
Trd, 4319419.593, 100
Trd, 4319419.943, 99
Trd, 4319421.093, 98
Trd, 4319421.143, 97
Trd, 4319421.293, 93
Trd, 4319422.293, 62
Trd, 4319423.493, 60
Trd, 4319424.893, 62
Trd, 4319425.843, 61
Trd, 4319427.943, 68
Trd, 4319428.193, 69
Trd, 4319429.193, 72
Trd, 4319429.743, 130
Trd, 4319430.243, 82
Trd, 4319430.743, 84
Trd, 4319431.193, 86
Trd, 4319431.543, 85
Trd, 4319432.843, 65
Trd, 4319433.643, 75
Trd, 4319434.143, 61
Trd, 4319436.393, 60
Trd, 4319436.943, 60
Trd, 4319437.593, 69
Trd, 4319438.293, 93
Trd, 4319438.543, 92
Trd, 4319438.943, 88
Trd, 4319439.143, 71
Trd, 4319439.493, 71
Trd, 4319440.493, 73
Trd, 4319442.943, 76
Trd, 4319443.393, 104
Trd, 4319443.943, 110
Trd, 4319444.193, 110
Trd, 4319446.193, 113
Trd, 4319446.293, 112
Trd, 4319446.593, 107
Trd, 4319448.993, 107
Trd, 4319449.093, 103
Trd, 4319449.593, 104
Trd, 4319449.643, 102
Trd, 4319450.993, 104
Trd, 4319451.343, 94
Trd, 4319452.443, 99
Trd, 4319453.393, 121
Trd, 4319454.243, 128
Trd, 4319455.793, 133
Trd, 4319456.043, 140
Trd, 4319456.743, 140
Trd, 4319457.243, 140
Trd, 4319457.693, 140
Trd, 4319458.193, 140
Trd, 4319458.843, 114
Trd, 4319459.143, 92
Trd, 4319460.443, 107
Trd, 4319462.743, 109
Trd, 4319462.943, 109
Trd, 4319463.443, 109
Trd, 4319464.543, 116
Trd, 4319464.593, 112
Trd, 4319464.643, 111
Trd, 4319465.193, 103
Trd, 4319466.943, 135
Trd, 4319467.343, 126
Trd, 4319469.143, 122
Trd, 4319469.793, 121
Trd, 4319470.443, 115
Trd, 4319470.793, 140
Trd, 4319470.893, 140
Trd, 4319472.143, 140
Trd, 4319472.843, 124
Trd, 4319472.943, 89
Trd, 4319473.143, 61
Trd, 4319475.543, 110
Trd, 4319475.893, 113
Trd, 4319476.193, 121
Trd, 4319478.743, 131
Trd, 4319478.793, 130
Trd, 4319478.993, 125
Trd, 4319479.093, 124
Trd, 4319479.593, 127
Trd, 4319479.793, 126
Trd, 4319481.043, 126
Trd, 4319481.593, 126
Trd, 4319481.843, 122
Trd, 4319481.893, 77
Trd, 4319485.093, 132
Trd, 4319486.193, 139
Trd, 4319486.543, 138
Trd, 4319487.143, 140
Trd, 4319487.293, 140
Trd, 4319488.543, 134
Trd, 4319490.043, 134
Trd, 4319490.243, 133
Trd, 4319490.343, 131
Trd, 4319490.843, 127
Trd, 4319491.143, 125
Trd, 4319491.493, 120
Trd, 4319491.793, 113
Trd, 4319493.443, 108
Trd, 4319493.993, 109
Trd, 4319494.543, 114
Trd, 4319494.943, 115
Trd, 4319495.243, 114
Trd, 4319496.493, 115
Trd, 4319497.193, 113
Trd, 4319498.243, 116
Trd, 4319499.193, 129
Trd, 4319499.343, 116
Trd, 4319501.593, 118
Trd, 4319502.143, 112
Trd, 4319502.843, 115
Trd, 4319503.143, 116
Trd, 4319504.143, 119
Trd, 4319505.843, 133
Trd, 4319506.143, 121
Trd, 4319506.343, 121
Trd, 4319507.543, 127
Trd, 4319507.793, 125
Trd, 4319507.893, 123
Trd, 4319508.793, 135
Trd, 4319509.693, 116
Trd, 4319511.143, 119
Trd, 4319512.493, 123
Trd, 4319512.543, 122
Trd, 4319512.893, 124
Trd, 4319514.293, 125
Trd, 4319514.543, 113
Trd, 4319515.443, 63
Trd, 4319515.793, 64
Trd, 4319517.193, 86
Trd, 4319518.093, 70
Trd, 4319520.143, 83
Trd, 4319520.393, 84
Trd, 4319521.143, 86
Trd, 4319522.293, 117
Trd, 4319523.243, 108
Trd, 4319523.793, 109
Trd, 4319524.043, 108
Trd, 4319524.543, 107
Trd, 4319525.243, 132
Trd, 4319527.343, 138
Trd, 4319528.393, 140
Trd, 4319528.893, 140
Trd, 4319529.343, 140
Trd, 4319529.393, 140
Trd, 4319530.643, 135
Trd, 4319531.343, 134
Trd, 4319532.493, 124
Trd, 4319532.543, 123
Trd, 4319533.793, 129
Trd, 4319534.243, 122
Trd, 4319535.543, 124
Trd, 4319536.093, 121
Trd, 4319536.593, 73
Trd, 4319536.993, 82
Trd, 4319537.093, 127
Trd, 4319537.593, 95
Trd, 4319538.443, 98
Trd, 4319538.643, 138
Trd, 4319540.743, 105
Trd, 4319542.843, 111
Trd, 4319543.843, 122
Trd, 4319543.993, 121
Trd, 4319544.243, 120
Trd, 4319544.543, 119
Trd, 4319544.843, 119
Trd, 4319547.593, 127
Trd, 4319548.643, 128
Trd, 4319548.943, 127
Trd, 4319549.793, 128
Trd, 4319549.893, 127
Trd, 4319550.493, 116
Trd, 4319550.593, 105
Trd, 4319551.693, 64
Trd, 4319555.193, 64
Trd, 4319556.343, 85
Trd, 4319556.743, 91
Trd, 4319556.943, 90
Trd, 4319557.993, 83
Trd, 4319558.043, 98
Trd, 4319559.593, 67
Trd, 4319559.993, 94
Trd, 4319560.243, 69
Trd, 4319560.493, 67
Trd, 4319562.493, 68
Trd, 4319563.393, 69
Trd, 4319563.843, 69
Trd, 4319563.993, 84
Trd, 4319566.243, 110
Trd, 4319566.793, 110
Trd, 4319566.893, 110
Trd, 4319567.643, 113
Trd, 4319568.143, 113
Trd, 4319568.193, 112
Trd, 4319569.093, 115
Trd, 4319569.143, 114
Trd, 4319569.193, 108
Trd, 4319570.193, 118
Trd, 4319572.193, 90
Trd, 4319572.943, 92
Trd, 4319573.043, 89
Trd, 4319574.443, 110
Trd, 4319574.643, 109
Trd, 4319575.693, 63
Trd, 4319577.393, 74
Trd, 4319579.043, 61
Trd, 4319579.843, 80
Trd, 4319580.793, 75
Trd, 4319581.493, 86
Trd, 4319581.593, 94
Trd, 4319583.343, 92
Trd, 4319583.693, 90
Trd, 4319583.743, 93
Trd, 4319583.943, 85
Trd, 4319586.093, 101
Trd, 4319586.193, 115
Trd, 4319586.493, 93
Trd, 4319587.793, 111
Trd, 4319587.943, 95
Trd, 4319588.843, 95
Trd, 4319589.743, 112
Trd, 4319589.793, 111
Trd, 4319589.893, 138
Trd, 4319590.143, 110
Trd, 4319591.543, 105
Trd, 4319593.343, 105
Trd, 4319593.493, 103
Trd, 4319594.843, 106
Trd, 4319595.343, 106
Trd, 4319595.793, 106
Trd, 4319596.743, 106
Trd, 4319596.893, 128
Trd, 4319598.893, 108
Trd, 4319599.093, 107
Trd, 4319599.143, 106
Trd, 4319599.743, 79
Trd, 4319600.993, 69
Trd, 4319601.943, 82
Trd, 4319602.943, 103
Trd, 4319603.593, 101
Trd, 4319604.993, 128
Trd, 4319605.843, 127
Trd, 4319605.993, 126
Trd, 4319606.943, 73
Trd, 4319607.043, 66
Trd, 4319607.593, 93
Trd, 4319609.643, 80
Trd, 4319610.743, 134
Trd, 4319611.793, 109
Trd, 4319612.193, 110
Trd, 4319612.593, 110
Trd, 4319612.793, 107
Trd, 4319614.293, 106
Trd, 4319615.893, 140
Trd, 4319616.243, 140
Trd, 4319616.843, 140
Trd, 4319617.593, 140
Trd, 4319618.543, 140
Trd, 4319618.843, 140
Trd, 4319618.943, 140
Trd, 4319620.793, 108
Trd, 4319620.843, 103
Trd, 4319621.043, 91
Trd, 4319621.543, 90
Trd, 4319622.343, 63
Trd, 4319623.293, 65
Trd, 4319623.493, 72
Trd, 4319625.193, 113
Trd, 4319625.943, 112
Trd, 4319626.193, 106
Trd, 4319627.493, 100
Trd, 4319628.193, 124
Trd, 4319628.593, 138
Trd, 4319630.093, 140
Trd, 4319630.193, 140
Trd, 4319631.543, 140
Trd, 4319631.593, 140
Trd, 4319632.393, 140
Trd, 4319633.443, 140
Trd, 4319633.893, 132
Trd, 4319635.643, 140
Trd, 4319636.143, 139
Trd, 4319636.693, 135
Trd, 4319636.893, 128
Trd, 4319637.843, 130
Trd, 4319638.293, 130
Trd, 4319639.293, 132
Trd, 4319639.443, 131
Trd, 4319640.793, 128
Trd, 4319641.743, 110
Trd, 4319642.393, 104
Trd, 4319642.643, 103
Trd, 4319642.843, 99
Trd, 4319642.943, 98
Trd, 4319644.843, 60
Trd, 4319647.393, 115
Trd, 4319647.493, 113
Trd, 4319649.243, 113
Trd, 4319649.293, 116
Trd, 4319650.043, 113
Trd, 4319650.193, 113
Trd, 4319651.243, 106
Trd, 4319651.343, 106
Trd, 4319651.743, 107
Trd, 4319653.093, 108
Trd, 4319654.043, 112
Trd, 4319654.293, 111
Trd, 4319655.593, 102
Trd, 4319656.043, 110
Trd, 4319656.343, 111
Trd, 4319656.393, 82
Trd, 4319657.693, 86
Trd, 4319658.193, 82
Trd, 4319658.693, 69
Trd, 4319659.443, 73
Trd, 4319660.643, 96
Trd, 4319660.793, 91
Trd, 4319660.993, 137
Trd, 4319661.193, 91
Trd, 4319662.143, 70
Trd, 4319664.143, 93
Trd, 4319664.493, 91
Trd, 4319665.093, 90
Trd, 4319665.593, 122
Trd, 4319666.493, 124
Trd, 4319666.693, 122
Trd, 4319667.293, 116
Trd, 4319667.343, 105
Trd, 4319669.443, 103
Trd, 4319669.543, 102
Trd, 4319670.843, 106
Trd, 4319672.693, 112
Trd, 4319672.893, 110
Trd, 4319672.943, 107
Trd, 4319674.743, 140
Trd, 4319676.443, 140
Trd, 4319676.593, 140
Trd, 4319676.793, 132
Trd, 4319676.943, 124
Trd, 4319677.693, 122
Trd, 4319677.893, 103
Trd, 4319678.793, 63
Trd, 4319682.593, 63
Trd, 4319683.393, 73
Trd, 4319683.493, 66
Trd, 4319683.593, 65
Trd, 4319684.293, 104
Trd, 4319685.893, 77
Trd, 4319686.393, 93
Trd, 4319687.143, 79
Trd, 4319687.643, 79
Trd, 4319687.843, 89
Trd, 4319689.393, 60
Trd, 4319690.893, 64
Trd, 4319691.293, 65
Trd, 4319691.593, 69
Trd, 4319691.743, 70
Trd, 4319692.093, 67
Trd, 4319694.243, 109
Trd, 4319694.543, 108
Trd, 4319694.943, 109
Trd, 4319695.243, 108
Trd, 4319695.693, 103
Trd, 4319696.343, 112
Trd, 4319697.043, 105
Trd, 4319697.993, 111
Trd, 4319698.443, 110
Trd, 4319699.643, 111
Trd, 4319700.093, 112
Trd, 4319701.743, 139
Trd, 4319703.293, 140
Trd, 4319703.743, 140
Trd, 4319704.543, 139
Trd, 4319704.943, 132
Trd, 4319705.293, 126
Trd, 4319705.793, 105
Trd, 4319706.793, 113
Trd, 4319707.093, 98
Trd, 4319707.143, 97
Trd, 4319707.893, 96
Trd, 4319708.293, 96
Trd, 4319708.693, 93
Trd, 4319709.093, 93
Trd, 4319709.193, 93
Trd, 4319711.343, 101
Trd, 4319711.693, 97
Trd, 4319711.943, 83
Trd, 4319712.493, 102
Trd, 4319713.293, 134
Trd, 4319713.343, 133
Trd, 4319714.043, 73
Trd, 4319714.843, 77
Trd, 4319716.143, 79
Trd, 4319716.893, 62
Trd, 4319718.343, 75
Trd, 4319719.443, 95
Trd, 4319720.343, 88
Trd, 4319720.843, 94
Trd, 4319721.343, 94
Trd, 4319721.393, 92
Trd, 4319721.793, 96
Trd, 4319722.293, 96
Trd, 4319723.393, 102
Trd, 4319723.943, 112
Trd, 4319724.093, 112
Trd, 4319724.543, 140
Trd, 4319724.643, 139
Trd, 4319726.193, 106
Trd, 4319726.743, 106
Trd, 4319729.193, 121
Trd, 4319729.343, 116
Trd, 4319730.043, 119
Trd, 4319730.543, 117
Trd, 4319730.693, 116
Trd, 4319732.093, 110
Trd, 4319732.643, 90
Trd, 4319732.693, 78
Trd, 4319734.043, 61
Trd, 4319734.893, 63
Trd, 4319735.743, 87
Trd, 4319737.043, 101
Trd, 4319737.443, 101
Trd, 4319737.593, 100
Trd, 4319737.743, 100
Trd, 4319739.993, 103
Trd, 4319740.343, 103
Trd, 4319740.893, 137
Trd, 4319740.993, 136
Trd, 4319741.593, 122
Trd, 4319742.243, 78
Trd, 4319743.543, 110
Trd, 4319744.043, 116
Trd, 4319744.593, 110
Trd, 4319744.993, 97
Trd, 4319747.393, 60
Trd, 4319748.043, 60
Trd, 4319748.143, 115
Trd, 4319748.443, 114
Trd, 4319748.793, 60
Trd, 4319750.093, 67
Trd, 4319751.443, 70
Trd, 4319752.543, 76
Trd, 4319754.143, 110
Trd, 4319754.443, 133
Trd, 4319754.593, 132
Trd, 4319757.543, 116
Trd, 4319757.843, 115
Trd, 4319758.343, 101
Trd, 4319759.293, 107
Trd, 4319760.293, 117
Trd, 4319761.393, 123
Trd, 4319761.543, 107
Trd, 4319762.343, 120
Trd, 4319762.593, 108
Trd, 4319763.643, 112
Trd, 4319763.693, 111
Trd, 4319764.393, 112
Trd, 4319765.093, 111
Trd, 4319765.393, 106
Trd, 4319768.893, 61
Trd, 4319769.343, 67
Trd, 4319770.193, 123
Trd, 4319770.393, 88
Trd, 4319771.093, 99
Trd, 4319771.643, 91
Trd, 4319771.793, 103
Trd, 4319771.893, 94
Trd, 4319773.643, 92
Trd, 4319774.743, 91
Trd, 4319775.143, 95
Trd, 4319776.543, 114
Trd, 4319776.793, 107
Trd, 4319777.143, 91
Trd, 4319778.793, 109
Trd, 4319778.893, 101
Trd, 4319780.343, 118
Trd, 4319781.193, 119
Trd, 4319781.293, 117
Trd, 4319781.593, 97
Trd, 4319781.643, 96
Trd, 4319782.993, 74
Trd, 4319784.393, 83
Trd, 4319784.793, 83
Trd, 4319785.343, 84
Trd, 4319785.443, 85
Trd, 4319785.793, 105
Trd, 4319786.543, 81
Trd, 4319788.843, 115
Trd, 4319789.543, 140
Trd, 4319789.743, 139
Trd, 4319790.193, 133
Trd, 4319790.743, 134
Trd, 4319791.143, 133
Trd, 4319791.443, 119
Trd, 4319792.293, 96
Trd, 4319792.543, 95
Trd, 4319792.693, 100
Trd, 4319792.993, 74
Trd, 4319793.143, 73
Trd, 4319795.143, 120
Trd, 4319795.393, 106
Trd, 4319796.643, 110
Trd, 4319797.243, 138
Trd, 4319797.843, 112
Trd, 4319797.893, 110
Trd, 4319798.693, 111
Trd, 4319799.943, 105
Trd, 4319800.993, 107
Trd, 4319803.443, 124
Trd, 4319803.643, 125
Trd, 4319804.143, 130
Trd, 4319804.743, 125
Trd, 4319805.693, 100
Trd, 4319805.793, 99
Trd, 4319807.293, 82
Trd, 4319807.543, 81
Trd, 4319807.893, 97
Trd, 4319808.093, 65
Trd, 4319809.193, 66
Trd, 4319812.593, 133
Trd, 4319812.743, 133
Trd, 4319814.793, 140
Trd, 4319815.943, 140
Trd, 4319816.093, 140
Trd, 4319816.193, 140
Trd, 4319816.943, 140
Trd, 4319817.693, 132
Trd, 4319819.343, 126
Trd, 4319820.043, 128
Trd, 4319820.243, 124
Trd, 4319820.893, 115
Trd, 4319821.043, 124
Trd, 4319821.743, 136
Trd, 4319821.943, 136
Trd, 4319822.443, 108
Trd, 4319823.093, 61
Trd, 4319826.793, 88
Trd, 4319826.843, 87
Trd, 4319827.893, 110
Trd, 4319828.743, 94
Trd, 4319828.843, 93
Trd, 4319829.243, 104
Trd, 4319829.393, 108
Trd, 4319829.443, 104
Trd, 4319830.693, 106
Trd, 4319831.443, 106
Trd, 4319831.693, 73
Trd, 4319833.893, 60
Trd, 4319835.593, 100
Trd, 4319835.643, 97
Trd, 4319835.693, 96
Trd, 4319837.243, 102
Trd, 4319837.793, 106
Trd, 4319838.393, 104
Trd, 4319838.793, 104
Trd, 4319838.843, 103
Trd, 4319838.943, 101
Trd, 4319842.143, 104
Trd, 4319842.543, 116
Trd, 4319842.843, 105
Trd, 4319842.893, 117
Trd, 4319843.043, 96
Trd, 4319843.393, 103
Trd, 4319844.943, 107
Trd, 4319846.843, 101
Trd, 4319847.293, 101
Trd, 4319847.343, 100
Trd, 4319848.093, 100
Trd, 4319848.193, 99
Trd, 4319850.493, 64
Trd, 4319851.143, 64
Trd, 4319851.343, 61
Trd, 4319851.893, 74
Trd, 4319852.793, 71
Trd, 4319854.043, 60
Trd, 4319854.243, 60
Trd, 4319854.793, 72
Trd, 4319856.293, 70
Trd, 4319856.493, 70
Trd, 4319856.693, 101
Trd, 4319857.793, 71
Trd, 4319859.643, 80
Trd, 4319859.793, 123
Trd, 4319860.093, 79
Trd, 4319860.493, 80
Trd, 4319862.243, 84
Trd, 4319862.543, 85
Trd, 4319862.743, 84
Trd, 4319863.093, 101
Trd, 4319865.093, 87
Trd, 4319865.593, 104
Trd, 4319866.093, 101
Trd, 4319866.143, 113
Trd, 4319867.893, 97
Trd, 4319869.343, 105
Trd, 4319869.393, 103
Trd, 4319869.543, 99
Trd, 4319870.093, 61
Trd, 4319871.393, 60
Trd, 4319872.643, 65
Trd, 4319874.193, 73
Trd, 4319874.443, 91
Trd, 4319875.343, 76
Trd, 4319876.143, 83
Trd, 4319876.443, 85
Trd, 4319876.643, 84
Trd, 4319877.643, 98
Trd, 4319878.093, 86
Trd, 4319878.593, 85
Trd, 4319880.043, 60
Trd, 4319880.593, 60
Trd, 4319884.393, 74
Trd, 4319885.393, 88
Trd, 4319886.093, 83
Trd, 4319886.143, 86
Trd, 4319886.293, 82
Trd, 4319886.443, 81
Trd, 4319887.593, 85
Trd, 4319888.793, 89
Trd, 4319889.793, 107
Trd, 4319890.193, 93
Trd, 4319890.543, 93
Trd, 4319892.293, 123
Trd, 4319892.643, 104
Trd, 4319892.993, 104
Trd, 4319893.693, 119
Trd, 4319894.693, 121
Trd, 4319894.793, 120
Trd, 4319895.993, 123
Trd, 4319896.543, 123
Trd, 4319896.843, 122
Trd, 4319899.593, 116
Trd, 4319900.493, 120
Trd, 4319900.943, 119
Trd, 4319901.743, 120
Trd, 4319903.343, 122
Trd, 4319903.843, 123
Trd, 4319905.443, 138
Trd, 4319906.493, 140
Trd, 4319906.793, 140
Trd, 4319906.943, 140
Trd, 4319907.493, 140
Trd, 4319907.543, 130
Trd, 4319908.193, 126
Trd, 4319908.943, 61
Trd, 4319909.893, 62
Trd, 4319910.093, 63
Trd, 4319910.393, 64
Trd, 4319911.193, 65
Trd, 4319912.743, 65
Trd, 4319913.243, 61
Trd, 4319913.893, 66
Trd, 4319915.393, 61
Trd, 4319917.743, 87
Trd, 4319918.143, 90
Trd, 4319918.493, 89
Trd, 4319919.143, 112
Trd, 4319920.493, 104
Trd, 4319921.793, 110
Trd, 4319921.943, 113
Trd, 4319922.393, 111
Trd, 4319923.893, 122
Trd, 4319924.443, 124
Trd, 4319924.643, 122
Trd, 4319925.093, 106
Trd, 4319926.293, 81
Trd, 4319926.593, 87
Trd, 4319926.993, 76
Trd, 4319927.493, 80
Trd, 4319928.493, 84
Trd, 4319930.743, 94
Trd, 4319931.293, 130
Trd, 4319931.693, 129
Trd, 4319932.393, 117
Trd, 4319932.543, 116
Trd, 4319933.943, 117
Trd, 4319934.443, 116
Trd, 4319934.943, 134
Trd, 4319936.293, 124
Trd, 4319936.893, 125
Trd, 4319937.493, 124
Trd, 4319937.543, 123
Trd, 4319937.643, 118
Trd, 4319938.343, 107
Trd, 4319938.693, 74
Trd, 4319938.793, 73
Trd, 4319939.843, 60
Trd, 4319942.943, 62
Trd, 4319943.493, 63
Trd, 4319943.743, 64
Trd, 4319944.043, 64
Trd, 4319944.593, 95
Trd, 4319945.043, 66
Trd, 4319945.443, 87
Trd, 4319946.593, 72
Trd, 4319947.393, 85
Trd, 4319947.693, 85
Trd, 4319947.893, 78
Trd, 4319950.293, 106
Trd, 4319950.693, 106
Trd, 4319952.193, 108
Trd, 4319952.593, 109
Trd, 4319954.043, 132
Trd, 4319954.393, 132
Trd, 4319955.593, 134
Trd, 4319955.793, 133
Trd, 4319956.343, 126
Trd, 4319956.793, 123
Trd, 4319959.193, 80
Trd, 4319961.243, 102
Trd, 4319961.393, 101
Trd, 4319961.643, 98
Trd, 4319963.193, 101
Trd, 4319963.743, 94
Trd, 4319964.093, 93
Trd, 4319965.043, 102
Trd, 4319965.343, 94
Trd, 4319966.043, 93
Trd, 4319966.593, 83
Trd, 4319967.443, 121
Trd, 4319968.243, 110
Trd, 4319968.893, 102
Trd, 4319969.943, 109
Trd, 4319970.493, 109
Trd, 4319970.993, 108
Trd, 4319972.743, 134
Trd, 4319972.893, 134
Trd, 4319973.693, 135
Trd, 4319974.093, 134
Trd, 4319974.593, 134
Trd, 4319975.943, 116
Trd, 4319976.543, 115
Trd, 4319976.743, 108
Trd, 4319976.793, 91
Trd, 4319978.043, 83
Trd, 4319978.343, 82
Trd, 4319978.993, 98
Trd, 4319979.743, 87
Trd, 4319981.193, 95
Trd, 4319981.893, 100
Trd, 4319982.293, 101
Trd, 4319982.843, 118
Trd, 4319983.543, 122
Trd, 4319983.943, 121
Trd, 4319984.593, 110
Trd, 4319985.593, 76
Trd, 4319986.693, 126
Trd, 4319987.893, 79
Trd, 4319988.843, 83
Trd, 4319988.993, 82
Trd, 4319990.093, 122
Trd, 4319990.393, 121
Trd, 4319990.693, 107
Trd, 4319991.043, 113
Trd, 4319992.943, 110
Trd, 4319993.793, 112
Trd, 4319994.493, 112
Trd, 4319994.643, 111
Trd, 4319994.943, 113
Trd, 4319995.793, 112
Trd, 4319996.143, 101
Trd, 4319996.293, 116
Trd, 4319996.493, 115
Trd, 4319996.543, 91
Trd, 4319999.993, 68
