Trd, 4318158.293, 67
Trd, 4318158.743, 140
Trd, 4318161.293, 140
Trd, 4318162.043, 140
Trd, 4318162.243, 140
Trd, 4318163.143, 140
Trd, 4318163.593, 140
Trd, 4318163.793, 140
Trd, 4318164.743, 140
Trd, 4318165.343, 77
Trd, 4318165.643, 138
Trd, 4318166.643, 140
Trd, 4318167.293, 140
Trd, 4318167.493, 140
Trd, 4318167.543, 139
Trd, 4318167.793, 137
Trd, 4318168.043, 139
Trd, 4318168.543, 62
Trd, 4318170.043, 138
Trd, 4318170.743, 93
Trd, 4318171.093, 66
Trd, 4318171.893, 63
Trd, 4318173.393, 60
Trd, 4318174.643, 60
Trd, 4318174.793, 60
Trd, 4318174.943, 63
Trd, 4318175.393, 72
Trd, 4318175.643, 71
Trd, 4318175.943, 62
Trd, 4318177.193, 61
Trd, 4318178.543, 80
Trd, 4318178.743, 80
Trd, 4318178.893, 139
Trd, 4318179.343, 79
Trd, 4318179.993, 117
Trd, 4318180.643, 118
Trd, 4318180.893, 137
Trd, 4318181.693, 60
Trd, 4318181.993, 61
Trd, 4318182.043, 66
Trd, 4318183.193, 140
Trd, 4318184.393, 62
Trd, 4318185.443, 61
Trd, 4318185.693, 70
Trd, 4318186.443, 85
Trd, 4318188.193, 64
Trd, 4318189.293, 61
Trd, 4318190.193, 60
Trd, 4318190.843, 63
Trd, 4318191.143, 68
Trd, 4318191.993, 82
Trd, 4318192.743, 63
Trd, 4318192.893, 62
Trd, 4318193.343, 61
Trd, 4318193.893, 73
Trd, 4318194.493, 62
Trd, 4318194.743, 65
Trd, 4318195.293, 140
Trd, 4318197.193, 60
Trd, 4318197.443, 63
Trd, 4318198.193, 93
Trd, 4318198.343, 93
Trd, 4318199.593, 101
Trd, 4318199.643, 94
Trd, 4318199.843, 102
Trd, 4318200.443, 95
Trd, 4318201.143, 94
Trd, 4318201.393, 139
Trd, 4318202.543, 101
Trd, 4318203.843, 72
Trd, 4318204.593, 62
Trd, 4318204.643, 78
Trd, 4318204.743, 89
Trd, 4318206.093, 64
Trd, 4318206.493, 60
Trd, 4318207.543, 105
Trd, 4318207.593, 104
Trd, 4318208.693, 139
Trd, 4318209.593, 139
Trd, 4318209.793, 138
Trd, 4318210.293, 128
Trd, 4318210.593, 115
Trd, 4318211.193, 66
Trd, 4318211.393, 139
Trd, 4318212.693, 66
Trd, 4318212.993, 66
Trd, 4318213.043, 65
Trd, 4318214.293, 61
Trd, 4318215.593, 140
Trd, 4318215.743, 115
Trd, 4318215.793, 101
Trd, 4318217.293, 60
Trd, 4318217.993, 68
Trd, 4318218.393, 98
Trd, 4318218.543, 139
Trd, 4318219.043, 140
Trd, 4318220.343, 140
Trd, 4318220.493, 140
Trd, 4318220.943, 140
Trd, 4318220.993, 138
Trd, 4318223.443, 60
Trd, 4318223.643, 60
Trd, 4318225.093, 60
Trd, 4318226.043, 61
Trd, 4318226.343, 61
Trd, 4318227.693, 61
Trd, 4318227.843, 64
Trd, 4318229.093, 60
Trd, 4318229.343, 67
Trd, 4318230.043, 68
Trd, 4318230.443, 61
Trd, 4318230.943, 62
Trd, 4318231.443, 106
Trd, 4318231.643, 61
Trd, 4318232.393, 89
Trd, 4318233.343, 140
Trd, 4318234.043, 72
Trd, 4318234.143, 71
Trd, 4318235.243, 139
Trd, 4318235.993, 62
Trd, 4318237.093, 60
Trd, 4318237.243, 61
Trd, 4318238.993, 60
Trd, 4318239.043, 60
Trd, 4318240.593, 60
Trd, 4318241.443, 61
Trd, 4318241.893, 61
Trd, 4318241.993, 61
Trd, 4318242.293, 62
Trd, 4318242.593, 60
Trd, 4318243.343, 60
Trd, 4318243.493, 60
Trd, 4318244.293, 87
Trd, 4318245.193, 60
Trd, 4318246.893, 60
Trd, 4318247.143, 60
Trd, 4318247.393, 60
Trd, 4318247.593, 60
Trd, 4318247.793, 64
Trd, 4318248.693, 73
Trd, 4318249.993, 66
Trd, 4318250.143, 65
Trd, 4318251.393, 60
Trd, 4318251.993, 67
Trd, 4318252.893, 68
Trd, 4318252.943, 77
Trd, 4318253.143, 116
Trd, 4318253.943, 140
Trd, 4318254.443, 110
Trd, 4318254.893, 139
Trd, 4318257.193, 66
Trd, 4318258.293, 140
Trd, 4318258.393, 140
Trd, 4318258.743, 140
Trd, 4318259.143, 140
Trd, 4318260.043, 140
Trd, 4318260.693, 140
Trd, 4318260.943, 110
Trd, 4318261.843, 140
Trd, 4318262.293, 140
Trd, 4318263.793, 72
Trd, 4318264.443, 140
Trd, 4318264.793, 140
Trd, 4318265.343, 100
Trd, 4318265.893, 140
Trd, 4318265.943, 140
Trd, 4318267.043, 140
Trd, 4318267.393, 140
Trd, 4318268.193, 140
Trd, 4318269.443, 101
Trd, 4318269.943, 140
Trd, 4318270.293, 140
Trd, 4318270.543, 139
Trd, 4318271.693, 83
Trd, 4318272.143, 71
Trd, 4318273.493, 140
Trd, 4318273.843, 140
Trd, 4318273.943, 140
Trd, 4318275.043, 126
Trd, 4318275.593, 140
Trd, 4318276.993, 88
Trd, 4318277.143, 75
Trd, 4318277.443, 84
Trd, 4318277.593, 73
Trd, 4318278.993, 139
Trd, 4318279.443, 137
Trd, 4318280.343, 140
Trd, 4318281.293, 90
Trd, 4318282.043, 70
Trd, 4318282.893, 138
Trd, 4318284.093, 93
Trd, 4318284.493, 61
Trd, 4318285.193, 67
Trd, 4318286.743, 61
Trd, 4318286.943, 62
Trd, 4318287.393, 64
Trd, 4318287.443, 71
Trd, 4318289.793, 140
Trd, 4318290.243, 140
Trd, 4318291.443, 140
Trd, 4318291.543, 140
Trd, 4318292.043, 139
Trd, 4318292.593, 140
Trd, 4318293.343, 140
Trd, 4318294.693, 140
Trd, 4318294.793, 140
Trd, 4318294.843, 140
Trd, 4318295.243, 140
Trd, 4318295.593, 120
Trd, 4318295.943, 81
Trd, 4318297.793, 140
Trd, 4318298.043, 140
Trd, 4318298.393, 140
Trd, 4318298.643, 140
Trd, 4318298.993, 140
Trd, 4318300.743, 140
Trd, 4318300.943, 140
Trd, 4318300.993, 94
Trd, 4318303.393, 140
Trd, 4318303.443, 138
Trd, 4318303.843, 101
Trd, 4318305.493, 140
Trd, 4318305.843, 139
Trd, 4318306.993, 140
Trd, 4318307.293, 140
Trd, 4318307.743, 140
Trd, 4318308.093, 140
Trd, 4318309.093, 140
Trd, 4318309.243, 140
Trd, 4318310.143, 140
Trd, 4318310.943, 140
Trd, 4318312.243, 139
Trd, 4318312.993, 136
Trd, 4318313.093, 115
Trd, 4318314.243, 140
Trd, 4318315.093, 140
Trd, 4318316.693, 140
Trd, 4318317.143, 140
Trd, 4318317.293, 138
Trd, 4318317.643, 108
Trd, 4318317.693, 102
Trd, 4318318.393, 131
Trd, 4318319.393, 72
Trd, 4318320.243, 140
Trd, 4318320.843, 61
Trd, 4318321.993, 140
Trd, 4318322.193, 105
Trd, 4318322.743, 76
Trd, 4318324.293, 60
Trd, 4318325.093, 60
Trd, 4318325.143, 61
Trd, 4318326.193, 61
Trd, 4318327.243, 63
Trd, 4318328.943, 60
Trd, 4318329.943, 60
Trd, 4318331.943, 60
Trd, 4318332.043, 60
Trd, 4318332.493, 60
Trd, 4318333.643, 60
Trd, 4318333.693, 60
Trd, 4318334.043, 61
Trd, 4318334.193, 63
Trd, 4318334.593, 68
Trd, 4318335.393, 63
Trd, 4318335.593, 140
Trd, 4318336.543, 60
Trd, 4318337.593, 70
Trd, 4318338.543, 114
Trd, 4318339.243, 138
Trd, 4318339.893, 137
Trd, 4318340.593, 139
Trd, 4318341.993, 140
Trd, 4318342.443, 140
Trd, 4318342.543, 140
Trd, 4318342.943, 140
Trd, 4318343.793, 139
Trd, 4318343.893, 138
Trd, 4318344.243, 140
Trd, 4318345.843, 139
Trd, 4318347.793, 140
Trd, 4318347.843, 140
Trd, 4318348.043, 139
Trd, 4318348.893, 140
Trd, 4318349.043, 122
Trd, 4318349.643, 138
Trd, 4318349.993, 131
Trd, 4318350.343, 109
Trd, 4318351.593, 126
Trd, 4318351.893, 112
Trd, 4318352.293, 64
Trd, 4318353.193, 69
Trd, 4318354.743, 65
Trd, 4318354.943, 138
Trd, 4318356.093, 139
Trd, 4318356.493, 140
Trd, 4318356.893, 140
Trd, 4318357.993, 140
Trd, 4318358.493, 140
Trd, 4318358.643, 140
Trd, 4318358.943, 89
Trd, 4318359.643, 69
Trd, 4318360.143, 139
Trd, 4318362.243, 140
Trd, 4318362.693, 140
Trd, 4318362.793, 140
Trd, 4318363.493, 140
Trd, 4318364.243, 140
Trd, 4318364.593, 140
Trd, 4318364.893, 138
Trd, 4318365.643, 120
Trd, 4318365.993, 79
Trd, 4318367.093, 140
Trd, 4318368.293, 140
Trd, 4318369.043, 140
Trd, 4318369.493, 140
Trd, 4318369.643, 140
Trd, 4318369.893, 140
Trd, 4318371.043, 140
Trd, 4318372.093, 140
Trd, 4318373.143, 140
Trd, 4318373.343, 139
Trd, 4318373.743, 89
Trd, 4318374.893, 130
Trd, 4318375.093, 119
Trd, 4318375.793, 140
Trd, 4318376.493, 140
Trd, 4318377.093, 139
Trd, 4318377.193, 138
Trd, 4318378.643, 113
Trd, 4318379.693, 140
Trd, 4318380.243, 139
Trd, 4318380.293, 137
Trd, 4318380.393, 113
Trd, 4318381.443, 139
Trd, 4318383.343, 140
Trd, 4318383.893, 140
Trd, 4318383.993, 140
Trd, 4318384.393, 140
Trd, 4318385.093, 139
Trd, 4318385.993, 140
Trd, 4318388.143, 139
Trd, 4318388.293, 138
Trd, 4318389.043, 140
Trd, 4318389.293, 140
Trd, 4318390.393, 140
Trd, 4318390.743, 138
Trd, 4318391.093, 75
Trd, 4318391.143, 70
Trd, 4318391.943, 139
Trd, 4318392.793, 140
Trd, 4318393.193, 139
Trd, 4318393.593, 140
Trd, 4318394.243, 139
Trd, 4318394.393, 138
Trd, 4318394.493, 138
Trd, 4318395.443, 71
Trd, 4318395.593, 67
Trd, 4318396.243, 74
Trd, 4318397.393, 140
Trd, 4318397.993, 140
Trd, 4318399.093, 140
Trd, 4318399.143, 140
Trd, 4318399.543, 139
Trd, 4318399.893, 84
Trd, 4318400.593, 139
Trd, 4318400.943, 140
Trd, 4318402.043, 62
Trd, 4318403.793, 60
Trd, 4318403.943, 60
Trd, 4318404.393, 61
Trd, 4318405.393, 62
Trd, 4318407.643, 61
Trd, 4318407.993, 61
Trd, 4318408.293, 61
Trd, 4318408.393, 61
Trd, 4318408.843, 61
Trd, 4318409.243, 61
Trd, 4318409.343, 66
Trd, 4318412.343, 61
Trd, 4318413.393, 60
Trd, 4318413.593, 60
Trd, 4318414.243, 61
Trd, 4318414.443, 65
Trd, 4318414.793, 61
Trd, 4318414.943, 65
Trd, 4318415.143, 60
Trd, 4318415.893, 60
Trd, 4318416.193, 78
Trd, 4318417.443, 64
Trd, 4318417.693, 91
Trd, 4318418.243, 99
Trd, 4318418.693, 140
Trd, 4318418.843, 105
Trd, 4318419.443, 140
Trd, 4318420.693, 70
Trd, 4318422.843, 68
Trd, 4318422.993, 68
Trd, 4318423.193, 60
Trd, 4318423.943, 115
Trd, 4318424.443, 138
Trd, 4318425.093, 113
Trd, 4318425.293, 112
Trd, 4318426.893, 112
Trd, 4318426.993, 140
Trd, 4318427.543, 88
Trd, 4318427.643, 65
Trd, 4318428.143, 126
Trd, 4318429.943, 60
Trd, 4318430.043, 61
Trd, 4318431.193, 140
Trd, 4318432.193, 140
Trd, 4318432.243, 139
Trd, 4318432.693, 137
Trd, 4318432.743, 136
Trd, 4318435.193, 140
Trd, 4318435.443, 139
Trd, 4318435.893, 139
Trd, 4318436.643, 139
Trd, 4318437.143, 140
Trd, 4318438.093, 138
Trd, 4318439.043, 90
Trd, 4318439.143, 64
Trd, 4318439.843, 140
Trd, 4318440.293, 140
Trd, 4318440.393, 140
Trd, 4318442.343, 140
Trd, 4318442.543, 139
Trd, 4318442.693, 139
Trd, 4318442.893, 138
Trd, 4318444.143, 89
Trd, 4318444.243, 85
Trd, 4318445.193, 139
Trd, 4318446.043, 82
Trd, 4318446.793, 70
Trd, 4318446.993, 69
Trd, 4318447.443, 70
Trd, 4318447.943, 60
Trd, 4318448.493, 65
Trd, 4318449.243, 135
Trd, 4318449.293, 134
Trd, 4318451.193, 62
Trd, 4318453.043, 140
Trd, 4318453.193, 140
Trd, 4318453.443, 140
Trd, 4318453.593, 139
Trd, 4318454.193, 137
Trd, 4318454.693, 99
Trd, 4318455.143, 95
Trd, 4318455.443, 114
Trd, 4318456.143, 100
Trd, 4318457.143, 104
Trd, 4318457.243, 101
Trd, 4318458.243, 140
Trd, 4318459.443, 140
Trd, 4318460.093, 138
Trd, 4318460.993, 140
Trd, 4318461.443, 119
Trd, 4318461.693, 93
Trd, 4318462.143, 131
Trd, 4318462.643, 140
Trd, 4318463.593, 140
Trd, 4318464.093, 93
Trd, 4318465.393, 112
Trd, 4318465.493, 111
Trd, 4318466.993, 140
Trd, 4318467.493, 140
Trd, 4318468.093, 140
Trd, 4318468.293, 140
Trd, 4318468.343, 140
Trd, 4318469.443, 140
Trd, 4318469.793, 137
Trd, 4318469.843, 113
Trd, 4318470.743, 101
Trd, 4318471.293, 128
Trd, 4318472.593, 88
Trd, 4318473.193, 99
Trd, 4318473.693, 63
Trd, 4318473.943, 78
Trd, 4318474.043, 133
Trd, 4318474.943, 140
Trd, 4318475.543, 140
Trd, 4318476.343, 88
Trd, 4318476.543, 86
Trd, 4318477.343, 140
Trd, 4318477.743, 140
Trd, 4318478.293, 113
Trd, 4318478.343, 74
Trd, 4318478.843, 64
Trd, 4318479.993, 61
Trd, 4318480.893, 140
Trd, 4318481.143, 140
Trd, 4318481.693, 60
Trd, 4318482.143, 60
Trd, 4318484.193, 76
Trd, 4318484.293, 66
Trd, 4318485.093, 60
Trd, 4318485.493, 60
Trd, 4318486.043, 103
Trd, 4318486.293, 103
Trd, 4318487.193, 136
Trd, 4318487.643, 140
Trd, 4318487.743, 116
Trd, 4318488.893, 128
Trd, 4318490.443, 139
Trd, 4318490.943, 128
Trd, 4318492.643, 140
Trd, 4318493.093, 140
Trd, 4318493.243, 140
Trd, 4318493.643, 140
Trd, 4318495.543, 140
Trd, 4318495.693, 140
Trd, 4318495.993, 140
Trd, 4318496.093, 140
Trd, 4318496.243, 90
Trd, 4318496.993, 72
Trd, 4318497.543, 71
Trd, 4318498.093, 67
Trd, 4318498.593, 65
Trd, 4318499.743, 64
Trd, 4318500.193, 66
Trd, 4318500.543, 63
Trd, 4318501.193, 67
Trd, 4318501.443, 66
Trd, 4318502.143, 65
Trd, 4318503.943, 140
Trd, 4318504.193, 139
Trd, 4318504.443, 138
Trd, 4318505.543, 140
Trd, 4318505.943, 140
Trd, 4318506.543, 140
Trd, 4318506.643, 140
Trd, 4318508.293, 139
Trd, 4318509.193, 140
Trd, 4318509.893, 140
Trd, 4318510.393, 140
Trd, 4318510.793, 140
Trd, 4318510.893, 140
Trd, 4318511.843, 132
Trd, 4318511.943, 84
Trd, 4318512.493, 61
Trd, 4318513.243, 138
Trd, 4318513.393, 137
Trd, 4318513.743, 136
Trd, 4318515.243, 138
Trd, 4318515.393, 80
Trd, 4318516.943, 140
Trd, 4318517.543, 126
Trd, 4318518.943, 140
Trd, 4318519.343, 140
Trd, 4318519.593, 140
Trd, 4318519.793, 70
Trd, 4318520.493, 139
Trd, 4318520.843, 138
Trd, 4318521.793, 110
Trd, 4318522.793, 62
Trd, 4318523.393, 112
Trd, 4318524.443, 113
Trd, 4318525.093, 106
Trd, 4318525.243, 104
Trd, 4318525.993, 63
Trd, 4318526.743, 140
Trd, 4318527.093, 140
Trd, 4318527.293, 140
Trd, 4318527.893, 68
Trd, 4318528.993, 127
Trd, 4318529.093, 126
Trd, 4318530.393, 140
Trd, 4318531.543, 140
Trd, 4318533.393, 140
Trd, 4318533.643, 140
Trd, 4318533.743, 139
Trd, 4318534.743, 140
Trd, 4318535.493, 139
Trd, 4318536.143, 140
Trd, 4318536.843, 140
Trd, 4318537.443, 139
Trd, 4318537.543, 138
Trd, 4318537.743, 137
Trd, 4318538.893, 140
Trd, 4318539.593, 140
Trd, 4318540.243, 119
Trd, 4318540.793, 140
Trd, 4318541.593, 140
Trd, 4318542.093, 140
Trd, 4318542.243, 139
Trd, 4318543.543, 140
Trd, 4318543.793, 140
Trd, 4318544.643, 140
Trd, 4318545.493, 140
Trd, 4318545.543, 140
Trd, 4318545.993, 140
Trd, 4318546.793, 140
Trd, 4318547.143, 140
Trd, 4318548.643, 75
Trd, 4318550.043, 140
Trd, 4318550.593, 140
Trd, 4318550.943, 84
Trd, 4318551.843, 60
Trd, 4318552.443, 60
Trd, 4318552.593, 61
Trd, 4318553.643, 140
Trd, 4318554.093, 140
Trd, 4318554.843, 140
Trd, 4318555.393, 140
Trd, 4318555.593, 139
Trd, 4318557.243, 64
Trd, 4318557.643, 63
Trd, 4318558.493, 60
Trd, 4318558.693, 61
Trd, 4318559.993, 60
Trd, 4318560.093, 60
Trd, 4318561.593, 60
Trd, 4318562.643, 61
Trd, 4318562.693, 69
Trd, 4318563.093, 84
Trd, 4318564.593, 81
Trd, 4318565.443, 140
Trd, 4318565.943, 139
Trd, 4318566.793, 140
Trd, 4318567.343, 140
Trd, 4318567.393, 140
Trd, 4318567.793, 65
Trd, 4318567.843, 64
Trd, 4318567.993, 60
Trd, 4318568.343, 140
Trd, 4318568.643, 140
Trd, 4318571.743, 65
Trd, 4318571.793, 67
Trd, 4318571.943, 67
Trd, 4318572.043, 140
Trd, 4318572.843, 75
Trd, 4318573.143, 71
Trd, 4318573.393, 63
Trd, 4318574.743, 100
Trd, 4318575.993, 61
Trd, 4318576.893, 60
Trd, 4318576.943, 61
Trd, 4318576.993, 64
Trd, 4318577.693, 60
Trd, 4318578.443, 61
Trd, 4318579.043, 74
Trd, 4318580.093, 64
Trd, 4318581.043, 60
Trd, 4318581.993, 60
Trd, 4318582.243, 63
Trd, 4318582.293, 64
Trd, 4318582.543, 63
Trd, 4318583.343, 64
Trd, 4318583.393, 68
Trd, 4318583.943, 63
Trd, 4318584.193, 108
Trd, 4318586.093, 139
Trd, 4318586.993, 89
Trd, 4318587.143, 64
Trd, 4318588.093, 84
Trd, 4318588.143, 64
Trd, 4318589.443, 140
Trd, 4318590.093, 139
Trd, 4318590.543, 78
Trd, 4318590.843, 95
Trd, 4318591.943, 131
Trd, 4318591.993, 109
Trd, 4318592.743, 95
Trd, 4318593.943, 140
Trd, 4318594.093, 140
Trd, 4318594.943, 140
Trd, 4318595.093, 140
Trd, 4318595.793, 138
Trd, 4318597.093, 138
Trd, 4318597.293, 140
Trd, 4318597.593, 130
Trd, 4318597.693, 128
Trd, 4318598.743, 139
Trd, 4318598.793, 139
Trd, 4318600.043, 76
Trd, 4318601.193, 62
Trd, 4318601.493, 61
Trd, 4318602.193, 67
Trd, 4318602.943, 73
Trd, 4318603.893, 74
Trd, 4318604.193, 60
Trd, 4318604.893, 64
Trd, 4318606.243, 114
Trd, 4318606.693, 89
Trd, 4318607.893, 70
Trd, 4318607.943, 90
Trd, 4318608.343, 131
Trd, 4318609.093, 140
Trd, 4318609.443, 140
Trd, 4318610.193, 140
Trd, 4318610.743, 140
Trd, 4318610.993, 70
Trd, 4318611.193, 125
Trd, 4318612.443, 60
Trd, 4318612.793, 60
Trd, 4318614.593, 63
Trd, 4318614.943, 66
Trd, 4318615.693, 62
Trd, 4318616.493, 72
Trd, 4318617.493, 67
Trd, 4318617.593, 73
Trd, 4318617.993, 140
Trd, 4318618.043, 140
Trd, 4318618.943, 67
Trd, 4318619.293, 67
Trd, 4318620.993, 140
Trd, 4318621.043, 139
Trd, 4318622.443, 140
Trd, 4318623.643, 62
Trd, 4318623.943, 63
Trd, 4318624.943, 111
Trd, 4318625.643, 62
Trd, 4318625.843, 138
Trd, 4318626.143, 139
Trd, 4318626.443, 67
Trd, 4318627.243, 92
Trd, 4318627.893, 62
Trd, 4318630.343, 60
Trd, 4318630.443, 61
Trd, 4318630.493, 62
Trd, 4318630.793, 73
Trd, 4318632.243, 140
Trd, 4318632.343, 140
Trd, 4318632.493, 139
Trd, 4318634.743, 138
Trd, 4318635.143, 140
Trd, 4318635.343, 125
Trd, 4318635.543, 94
Trd, 4318635.943, 138
Trd, 4318636.593, 110
Trd, 4318637.143, 109
Trd, 4318639.043, 87
Trd, 4318639.343, 140
Trd, 4318639.693, 91
Trd, 4318640.293, 86
Trd, 4318640.843, 65
Trd, 4318641.893, 139
Trd, 4318644.493, 140
Trd, 4318644.543, 140
Trd, 4318644.643, 140
Trd, 4318645.043, 140
Trd, 4318645.793, 140
Trd, 4318646.493, 140
Trd, 4318647.493, 140
Trd, 4318648.143, 140
Trd, 4318648.493, 140
Trd, 4318648.793, 140
Trd, 4318649.243, 64
Trd, 4318650.443, 61
Trd, 4318651.293, 63
Trd, 4318652.193, 61
Trd, 4318652.893, 69
Trd, 4318653.393, 60
Trd, 4318653.693, 60
Trd, 4318654.293, 63
Trd, 4318655.243, 61
Trd, 4318656.143, 63
Trd, 4318656.543, 60
Trd, 4318657.293, 61
Trd, 4318657.343, 63
Trd, 4318658.193, 65
Trd, 4318658.643, 79
Trd, 4318659.343, 63
Trd, 4318659.943, 63
Trd, 4318660.793, 60
Trd, 4318661.943, 61
Trd, 4318662.543, 62
Trd, 4318663.343, 61
Trd, 4318663.643, 63
Trd, 4318664.743, 60
Trd, 4318664.843, 60
Trd, 4318665.293, 97
Trd, 4318665.393, 106
Trd, 4318666.043, 63
Trd, 4318666.993, 138
Trd, 4318668.093, 62
Trd, 4318668.793, 60
Trd, 4318668.893, 78
Trd, 4318669.843, 60
Trd, 4318671.293, 66
Trd, 4318671.793, 67
Trd, 4318671.993, 68
Trd, 4318672.643, 69
Trd, 4318672.993, 70
Trd, 4318673.843, 69
Trd, 4318674.293, 73
Trd, 4318675.493, 69
Trd, 4318676.543, 62
Trd, 4318677.643, 61
Trd, 4318677.693, 63
Trd, 4318678.443, 60
Trd, 4318678.493, 61
Trd, 4318679.193, 63
Trd, 4318679.793, 110
Trd, 4318679.943, 61
Trd, 4318680.793, 140
Trd, 4318681.193, 140
Trd, 4318682.493, 140
Trd, 4318682.743, 139
Trd, 4318683.193, 138
Trd, 4318683.343, 78
Trd, 4318684.343, 140
Trd, 4318685.643, 140
Trd, 4318686.443, 140
Trd, 4318686.793, 140
Trd, 4318687.843, 77
Trd, 4318688.343, 93
Trd, 4318688.743, 72
Trd, 4318691.393, 140
Trd, 4318691.443, 140
Trd, 4318692.393, 140
Trd, 4318692.893, 140
Trd, 4318693.593, 139
Trd, 4318694.843, 138
Trd, 4318695.143, 140
Trd, 4318695.743, 134
Trd, 4318696.693, 133
Trd, 4318697.393, 140
Trd, 4318697.443, 140
Trd, 4318698.143, 139
Trd, 4318698.493, 139
Trd, 4318700.243, 100
Trd, 4318700.893, 140
Trd, 4318701.243, 140
Trd, 4318701.593, 140
Trd, 4318702.343, 99
Trd, 4318702.843, 140
Trd, 4318703.293, 137
Trd, 4318704.293, 140
Trd, 4318704.993, 82
Trd, 4318706.193, 140
Trd, 4318706.343, 140
Trd, 4318706.593, 83
Trd, 4318706.943, 140
Trd, 4318709.493, 140
Trd, 4318710.393, 140
Trd, 4318710.643, 140
Trd, 4318711.393, 139
Trd, 4318712.493, 139
Trd, 4318712.893, 140
Trd, 4318713.443, 137
Trd, 4318713.693, 120
Trd, 4318714.893, 97
Trd, 4318715.743, 140
Trd, 4318715.893, 71
Trd, 4318716.543, 140
Trd, 4318716.593, 68
Trd, 4318717.243, 60
Trd, 4318718.493, 140
Trd, 4318719.293, 62
Trd, 4318720.243, 60
Trd, 4318720.493, 61
Trd, 4318720.593, 62
Trd, 4318722.993, 61
Trd, 4318723.643, 60
Trd, 4318723.943, 60
Trd, 4318724.193, 61
Trd, 4318724.343, 72
Trd, 4318725.743, 137
Trd, 4318726.793, 139
Trd, 4318726.893, 139
Trd, 4318727.443, 140
Trd, 4318729.393, 60
Trd, 4318729.893, 61
Trd, 4318729.993, 62
Trd, 4318730.043, 74
Trd, 4318730.743, 63
Trd, 4318731.243, 62
Trd, 4318732.343, 62
Trd, 4318732.793, 60
Trd, 4318732.893, 62
Trd, 4318733.143, 68
Trd, 4318733.943, 60
Trd, 4318734.443, 64
Trd, 4318734.943, 139
Trd, 4318735.543, 61
Trd, 4318736.743, 139
Trd, 4318736.993, 61
Trd, 4318737.093, 69
Trd, 4318737.793, 123
Trd, 4318738.693, 94
Trd, 4318739.643, 140
Trd, 4318739.793, 140
Trd, 4318740.893, 140
Trd, 4318742.543, 140
Trd, 4318743.343, 140
Trd, 4318743.493, 140
Trd, 4318743.993, 140
Trd, 4318744.543, 140
Trd, 4318745.793, 60
Trd, 4318746.593, 60
Trd, 4318746.843, 62
Trd, 4318747.593, 65
Trd, 4318747.793, 66
Trd, 4318748.943, 66
Trd, 4318749.643, 69
Trd, 4318749.893, 68
Trd, 4318750.443, 67
Trd, 4318750.993, 69
Trd, 4318751.443, 70
Trd, 4318751.643, 91
Trd, 4318752.743, 63
Trd, 4318752.793, 126
Trd, 4318753.043, 140
Trd, 4318753.993, 69
Trd, 4318755.093, 89
Trd, 4318755.743, 64
Trd, 4318756.643, 64
Trd, 4318757.143, 138
Trd, 4318758.893, 140
Trd, 4318759.143, 138
Trd, 4318760.143, 60
Trd, 4318760.643, 64
Trd, 4318761.543, 61
Trd, 4318762.243, 60
Trd, 4318763.243, 63
Trd, 4318764.193, 60
Trd, 4318764.443, 60
Trd, 4318764.843, 61
Trd, 4318765.743, 60
Trd, 4318766.593, 60
Trd, 4318767.043, 68
Trd, 4318767.093, 72
Trd, 4318767.793, 78
Trd, 4318767.893, 68
Trd, 4318767.943, 64
Trd, 4318769.543, 62
Trd, 4318770.443, 62
Trd, 4318770.793, 62
Trd, 4318771.693, 64
Trd, 4318772.743, 61
Trd, 4318773.093, 61
Trd, 4318773.193, 60
Trd, 4318774.243, 68
Trd, 4318774.293, 102
Trd, 4318775.093, 140
Trd, 4318775.743, 139
Trd, 4318775.893, 125
Trd, 4318776.593, 133
Trd, 4318776.643, 129
Trd, 4318777.593, 88
Trd, 4318778.193, 106
Trd, 4318779.143, 62
Trd, 4318780.143, 60
Trd, 4318781.643, 60
Trd, 4318781.693, 62
Trd, 4318781.943, 60
Trd, 4318782.443, 64
Trd, 4318782.793, 61
Trd, 4318783.293, 63
Trd, 4318783.943, 64
Trd, 4318784.493, 65
Trd, 4318785.143, 113
Trd, 4318785.593, 63
Trd, 4318785.793, 67
Trd, 4318787.343, 62
Trd, 4318787.743, 140
Trd, 4318788.493, 140
Trd, 4318789.693, 140
Trd, 4318789.893, 140
Trd, 4318790.093, 140
Trd, 4318790.193, 124
Trd, 4318790.643, 66
Trd, 4318791.893, 140
Trd, 4318792.843, 140
Trd, 4318794.243, 140
Trd, 4318794.543, 140
Trd, 4318795.193, 140
Trd, 4318795.243, 139
Trd, 4318796.293, 136
Trd, 4318796.793, 82
Trd, 4318797.093, 140
Trd, 4318798.143, 100
Trd, 4318798.493, 102
Trd, 4318798.643, 140
Trd, 4318800.093, 133
Trd, 4318800.143, 79
Trd, 4318801.043, 70
Trd, 4318801.093, 139
Trd, 4318802.093, 71
Trd, 4318802.193, 86
Trd, 4318802.293, 70
Trd, 4318802.993, 139
Trd, 4318803.543, 140
Trd, 4318803.793, 73
Trd, 4318804.293, 60
Trd, 4318805.243, 140
Trd, 4318806.143, 66
Trd, 4318806.743, 67
Trd, 4318806.943, 64
Trd, 4318808.193, 61
Trd, 4318809.243, 60
Trd, 4318809.743, 62
Trd, 4318810.293, 70
Trd, 4318810.943, 62
Trd, 4318811.793, 64
Trd, 4318812.343, 61
Trd, 4318813.293, 61
Trd, 4318813.543, 67
Trd, 4318815.093, 61
Trd, 4318815.193, 61
Trd, 4318815.443, 66
Trd, 4318815.943, 66
Trd, 4318816.993, 61
Trd, 4318817.443, 60
Trd, 4318818.443, 62
Trd, 4318818.793, 99
Trd, 4318819.093, 81
Trd, 4318820.443, 140
Trd, 4318821.093, 136
Trd, 4318822.043, 140
Trd, 4318822.443, 139
Trd, 4318824.043, 140
Trd, 4318824.193, 140
Trd, 4318824.293, 140
Trd, 4318824.743, 140
Trd, 4318826.193, 60
Trd, 4318826.593, 61
Trd, 4318826.993, 65
Trd, 4318828.393, 60
Trd, 4318829.093, 140
Trd, 4318829.343, 140
Trd, 4318829.393, 140
Trd, 4318829.643, 78
Trd, 4318830.943, 140
Trd, 4318830.993, 137
Trd, 4318833.093, 140
Trd, 4318833.193, 72
Trd, 4318834.343, 64
Trd, 4318835.143, 68
Trd, 4318835.293, 67
Trd, 4318836.443, 63
Trd, 4318836.593, 64
Trd, 4318837.843, 140
Trd, 4318838.043, 140
Trd, 4318838.493, 140
Trd, 4318838.593, 139
Trd, 4318839.843, 140
Trd, 4318840.743, 139
Trd, 4318840.993, 139
Trd, 4318841.743, 140
Trd, 4318841.793, 140
Trd, 4318843.443, 94
Trd, 4318844.043, 139
Trd, 4318844.343, 140
Trd, 4318844.743, 105
Trd, 4318845.193, 96
Trd, 4318846.593, 140
Trd, 4318846.743, 140
Trd, 4318847.593, 60
Trd, 4318848.193, 61
Trd, 4318848.293, 66
Trd, 4318849.093, 139
Trd, 4318849.543, 78
Trd, 4318850.393, 112
Trd, 4318851.043, 111
Trd, 4318851.093, 110
Trd, 4318851.693, 69
Trd, 4318852.243, 61
Trd, 4318852.993, 60
Trd, 4318853.343, 62
Trd, 4318853.893, 61
Trd, 4318854.143, 69
Trd, 4318854.943, 61
Trd, 4318856.943, 60
Trd, 4318857.043, 60
Trd, 4318857.293, 63
Trd, 4318858.443, 139
Trd, 4318858.493, 138
Trd, 4318858.643, 114
Trd, 4318859.643, 140
Trd, 4318861.043, 60
Trd, 4318861.743, 60
Trd, 4318862.143, 60
Trd, 4318862.743, 63
Trd, 4318862.893, 63
Trd, 4318862.943, 64
Trd, 4318864.443, 60
Trd, 4318865.543, 60
Trd, 4318865.593, 60
Trd, 4318866.193, 66
Trd, 4318867.643, 60
Trd, 4318869.193, 60
Trd, 4318870.293, 60
Trd, 4318871.193, 62
Trd, 4318871.593, 63
Trd, 4318871.793, 61
Trd, 4318871.943, 71
Trd, 4318872.043, 60
Trd, 4318872.843, 66
Trd, 4318873.043, 72
Trd, 4318874.193, 98
Trd, 4318874.243, 84
Trd, 4318874.493, 75
Trd, 4318874.843, 111
Trd, 4318876.593, 61
Trd, 4318876.743, 63
Trd, 4318877.193, 64
Trd, 4318877.343, 68
Trd, 4318878.993, 63
Trd, 4318880.243, 62
Trd, 4318880.343, 63
Trd, 4318880.743, 64
Trd, 4318881.043, 92
Trd, 4318882.293, 60
Trd, 4318883.343, 60
Trd, 4318884.143, 60
Trd, 4318885.243, 60
Trd, 4318885.493, 62
Trd, 4318887.693, 60
Trd, 4318887.843, 62
Trd, 4318888.893, 60
Trd, 4318888.943, 62
Trd, 4318889.243, 60
Trd, 4318890.293, 61
Trd, 4318891.143, 61
Trd, 4318891.693, 60
Trd, 4318891.743, 64
Trd, 4318891.793, 68
Trd, 4318892.343, 140
Trd, 4318893.843, 63
Trd, 4318895.343, 62
Trd, 4318895.593, 61
Trd, 4318895.793, 64
Trd, 4318897.993, 60
Trd, 4318898.393, 60
Trd, 4318898.993, 60
Trd, 4318899.643, 60
Trd, 4318900.093, 61
Trd, 4318901.243, 70
Trd, 4318901.443, 63
Trd, 4318901.643, 75
Trd, 4318902.943, 138
Trd, 4318903.293, 140
Trd, 4318903.793, 140
Trd, 4318904.843, 140
Trd, 4318905.893, 140
Trd, 4318906.143, 140
Trd, 4318906.643, 139
Trd, 4318907.143, 119
Trd, 4318907.943, 140
Trd, 4318909.043, 69
Trd, 4318909.593, 66
Trd, 4318909.793, 67
Trd, 4318911.043, 66
Trd, 4318911.143, 67
Trd, 4318911.343, 61
Trd, 4318912.343, 62
Trd, 4318914.693, 61
Trd, 4318914.743, 66
Trd, 4318914.893, 63
Trd, 4318916.693, 61
Trd, 4318917.193, 60
Trd, 4318917.993, 61
Trd, 4318918.993, 60
Trd, 4318919.243, 62
Trd, 4318919.593, 65
Trd, 4318920.743, 102
Trd, 4318921.393, 140
Trd, 4318922.093, 140
Trd, 4318922.593, 140
Trd, 4318923.343, 140
Trd, 4318923.643, 139
Trd, 4318924.643, 106
Trd, 4318924.743, 63
Trd, 4318925.543, 64
Trd, 4318927.043, 62
Trd, 4318927.793, 67
Trd, 4318928.093, 60
Trd, 4318928.393, 60
Trd, 4318928.543, 61
Trd, 4318928.893, 63
Trd, 4318930.543, 66
Trd, 4318930.593, 67
Trd, 4318931.443, 105
Trd, 4318931.493, 104
Trd, 4318932.243, 61
Trd, 4318933.693, 105
Trd, 4318934.643, 69
Trd, 4318935.393, 63
Trd, 4318936.443, 138
Trd, 4318936.593, 67
Trd, 4318936.893, 65
Trd, 4318937.493, 139
Trd, 4318938.243, 60
Trd, 4318938.793, 61
Trd, 4318939.943, 63
Trd, 4318940.343, 61
Trd, 4318942.143, 70
Trd, 4318942.493, 69
Trd, 4318942.843, 65
Trd, 4318942.993, 64
Trd, 4318943.343, 64
Trd, 4318943.993, 83
Trd, 4318944.193, 120
Trd, 4318945.393, 140
Trd, 4318945.793, 140
Trd, 4318947.243, 140
Trd, 4318948.393, 140
Trd, 4318948.743, 140
Trd, 4318949.443, 139
Trd, 4318950.293, 139
Trd, 4318950.493, 135
Trd, 4318950.693, 136
Trd, 4318952.493, 108
Trd, 4318952.643, 125
Trd, 4318953.743, 60
Trd, 4318953.793, 61
Trd, 4318954.493, 60
Trd, 4318955.193, 60
Trd, 4318955.243, 63
Trd, 4318956.243, 60
Trd, 4318956.543, 61
Trd, 4318956.643, 60
Trd, 4318958.193, 60
Trd, 4318958.393, 61
Trd, 4318959.293, 60
Trd, 4318960.193, 139
Trd, 4318960.493, 83
Trd, 4318960.793, 85
Trd, 4318961.193, 77
Trd, 4318962.143, 140
Trd, 4318962.593, 140
Trd, 4318962.793, 140
Trd, 4318963.193, 140
Trd, 4318963.843, 81
Trd, 4318964.643, 139
Trd, 4318965.193, 78
Trd, 4318965.393, 77
Trd, 4318966.193, 69
Trd, 4318967.393, 61
Trd, 4318967.493, 65
Trd, 4318967.543, 123
Trd, 4318967.893, 86
Trd, 4318969.093, 140
Trd, 4318969.543, 140
Trd, 4318969.893, 136
Trd, 4318970.493, 102
Trd, 4318971.543, 140
Trd, 4318971.993, 137
Trd, 4318974.143, 117
Trd, 4318974.843, 115
Trd, 4318975.093, 113
Trd, 4318975.393, 112
Trd, 4318975.893, 139
Trd, 4318976.143, 69
Trd, 4318976.493, 140
Trd, 4318976.943, 68
Trd, 4318977.993, 87
Trd, 4318978.443, 69
Trd, 4318978.943, 71
Trd, 4318979.293, 120
Trd, 4318979.993, 60
Trd, 4318980.743, 75
Trd, 4318981.193, 78
Trd, 4318982.393, 62
Trd, 4318982.643, 84
Trd, 4318983.443, 62
Trd, 4318984.893, 60
Trd, 4318985.543, 60
Trd, 4318986.843, 60
Trd, 4318986.893, 60
Trd, 4318987.343, 62
Trd, 4318987.643, 60
Trd, 4318988.693, 65
Trd, 4318989.793, 140
Trd, 4318990.243, 140
Trd, 4318991.393, 60
Trd, 4318991.593, 60
Trd, 4318993.543, 63
Trd, 4318993.993, 61
Trd, 4318994.543, 63
Trd, 4318995.943, 62
Trd, 4318997.993, 60
Trd, 4318998.043, 60
Trd, 4318998.193, 70
Trd, 4318998.393, 69
Trd, 4318998.793, 83
Trd, 4318999.593, 62
Trd, 4318999.993, 60
Trd, 4319000.493, 64
Trd, 4319001.243, 64
Trd, 4319001.543, 60
Trd, 4319003.343, 61
Trd, 4319004.843, 60
Trd, 4319006.193, 61
Trd, 4319006.443, 62
Trd, 4319006.643, 61
Trd, 4319006.793, 71
Trd, 4319007.193, 72
Trd, 4319007.243, 62
Trd, 4319008.893, 140
Trd, 4319009.093, 140
Trd, 4319009.493, 140
Trd, 4319010.293, 140
Trd, 4319010.593, 140
Trd, 4319010.743, 138
Trd, 4319011.093, 138
Trd, 4319012.043, 117
Trd, 4319012.193, 98
Trd, 4319012.293, 82
Trd, 4319013.643, 140
Trd, 4319015.593, 140
Trd, 4319016.493, 140
Trd, 4319018.043, 140
Trd, 4319018.793, 140
Trd, 4319018.993, 140
Trd, 4319019.543, 140
Trd, 4319019.693, 139
Trd, 4319020.243, 130
Trd, 4319020.393, 71
Trd, 4319020.743, 68
Trd, 4319021.193, 140
Trd, 4319022.493, 140
Trd, 4319023.193, 139
Trd, 4319023.593, 138
Trd, 4319025.093, 60
Trd, 4319025.143, 63
Trd, 4319025.743, 140
Trd, 4319026.893, 140
Trd, 4319026.993, 140
Trd, 4319027.843, 140
Trd, 4319028.743, 140
Trd, 4319029.293, 140
Trd, 4319029.493, 140
Trd, 4319031.043, 140
Trd, 4319031.893, 140
Trd, 4319033.243, 140
Trd, 4319033.393, 139
Trd, 4319033.793, 71
Trd, 4319034.843, 115
Trd, 4319035.343, 70
Trd, 4319035.643, 69
Trd, 4319036.593, 140
Trd, 4319036.943, 140
Trd, 4319037.193, 140
Trd, 4319037.943, 140
Trd, 4319039.143, 140
Trd, 4319039.893, 140
Trd, 4319040.943, 140
Trd, 4319041.043, 140
Trd, 4319042.093, 139
Trd, 4319042.943, 140
Trd, 4319043.543, 140
Trd, 4319043.693, 139
Trd, 4319044.143, 138
Trd, 4319044.793, 127
Trd, 4319045.293, 66
Trd, 4319046.293, 65
Trd, 4319046.893, 60
Trd, 4319047.393, 64
Trd, 4319047.643, 93
Trd, 4319048.943, 139
Trd, 4319049.293, 119
Trd, 4319049.643, 114
Trd, 4319050.093, 140
Trd, 4319050.543, 64
Trd, 4319051.443, 140
Trd, 4319053.093, 140
Trd, 4319054.293, 140
Trd, 4319054.393, 140
Trd, 4319055.443, 140
Trd, 4319055.943, 139
Trd, 4319057.993, 138
Trd, 4319058.043, 138
Trd, 4319059.093, 136
Trd, 4319059.243, 102
Trd, 4319059.543, 138
Trd, 4319059.993, 137
Trd, 4319061.243, 140
Trd, 4319061.393, 137
Trd, 4319062.843, 140
Trd, 4319063.443, 140
Trd, 4319063.493, 139
Trd, 4319064.593, 138
Trd, 4319065.043, 105
Trd, 4319065.343, 118
Trd, 4319066.593, 63
Trd, 4319067.743, 60
Trd, 4319068.643, 61
Trd, 4319068.743, 71
Trd, 4319069.043, 63
Trd, 4319069.843, 109
Trd, 4319070.293, 140
Trd, 4319070.643, 140
Trd, 4319071.193, 140
Trd, 4319071.843, 119
Trd, 4319072.993, 140
Trd, 4319073.643, 140
Trd, 4319074.893, 132
Trd, 4319075.293, 139
Trd, 4319075.793, 125
Trd, 4319075.993, 70
Trd, 4319076.993, 140
Trd, 4319077.643, 139
Trd, 4319078.543, 118
Trd, 4319078.843, 140
Trd, 4319079.143, 117
Trd, 4319079.443, 82
Trd, 4319080.893, 140
Trd, 4319081.193, 139
Trd, 4319081.743, 106
Trd, 4319082.393, 105
Trd, 4319082.643, 105
Trd, 4319083.543, 140
Trd, 4319084.343, 117
Trd, 4319085.343, 140
Trd, 4319086.793, 97
Trd, 4319087.393, 96
Trd, 4319087.443, 95
Trd, 4319088.193, 140
Trd, 4319088.893, 139
Trd, 4319089.493, 138
Trd, 4319089.893, 137
Trd, 4319090.043, 105
Trd, 4319090.143, 101
Trd, 4319091.243, 138
Trd, 4319092.193, 140
Trd, 4319092.943, 111
Trd, 4319093.843, 111
Trd, 4319093.943, 140
Trd, 4319095.743, 138
Trd, 4319096.043, 138
Trd, 4319098.493, 60
Trd, 4319098.893, 60
Trd, 4319100.043, 61
Trd, 4319100.593, 62
Trd, 4319101.043, 61
Trd, 4319101.343, 70
Trd, 4319102.693, 140
Trd, 4319103.693, 65
Trd, 4319103.993, 68
Trd, 4319105.143, 67
Trd, 4319105.193, 118
Trd, 4319105.743, 138
Trd, 4319105.843, 137
Trd, 4319105.893, 136
Trd, 4319106.593, 102
Trd, 4319108.043, 63
Trd, 4319108.543, 67
Trd, 4319110.093, 62
Trd, 4319110.393, 67
Trd, 4319112.543, 62
Trd, 4319112.893, 62
Trd, 4319113.093, 63
Trd, 4319113.393, 63
Trd, 4319114.343, 60
Trd, 4319114.493, 72
Trd, 4319115.293, 60
Trd, 4319115.743, 61
Trd, 4319116.593, 65
Trd, 4319117.493, 60
Trd, 4319118.793, 63
Trd, 4319119.193, 60
Trd, 4319119.343, 69
Trd, 4319119.493, 69
Trd, 4319119.793, 125
Trd, 4319119.843, 67
Trd, 4319120.343, 103
Trd, 4319122.493, 140
Trd, 4319122.593, 136
Trd, 4319123.243, 129
Trd, 4319123.393, 128
Trd, 4319125.143, 96
Trd, 4319125.293, 94
Trd, 4319125.593, 138
Trd, 4319125.743, 109
Trd, 4319126.743, 92
Trd, 4319127.843, 93
Trd, 4319128.093, 135
Trd, 4319128.493, 92
Trd, 4319128.943, 64
Trd, 4319129.343, 140
Trd, 4319130.893, 140
Trd, 4319130.943, 140
Trd, 4319132.043, 140
Trd, 4319132.343, 140
Trd, 4319133.093, 107
Trd, 4319133.743, 140
Trd, 4319134.443, 140
Trd, 4319134.793, 140
Trd, 4319136.543, 60
Trd, 4319137.743, 60
Trd, 4319138.293, 60
Trd, 4319138.743, 60
Trd, 4319139.343, 60
Trd, 4319139.893, 61
Trd, 4319139.993, 61
Trd, 4319141.043, 62
Trd, 4319142.893, 60
Trd, 4319143.093, 60
Trd, 4319143.493, 60
Trd, 4319143.943, 62
Trd, 4319144.293, 60
Trd, 4319144.743, 70
Trd, 4319144.793, 70
Trd, 4319145.193, 79
Trd, 4319145.643, 61
Trd, 4319146.443, 138
Trd, 4319146.993, 90
Trd, 4319147.593, 140
Trd, 4319147.793, 140
Trd, 4319148.343, 73
Trd, 4319149.293, 67
Trd, 4319150.993, 140
Trd, 4319151.893, 122
Trd, 4319152.293, 102
Trd, 4319152.543, 101
Trd, 4319153.243, 61
Trd, 4319153.593, 63
Trd, 4319154.443, 61
Trd, 4319154.693, 63
Trd, 4319155.543, 64
Trd, 4319156.593, 67
Trd, 4319157.193, 65
Trd, 4319157.693, 66
Trd, 4319157.893, 65
Trd, 4319158.593, 63
Trd, 4319158.943, 62
Trd, 4319160.193, 62
Trd, 4319161.293, 73
Trd, 4319161.643, 70
Trd, 4319161.793, 74
Trd, 4319162.543, 140
Trd, 4319163.043, 140
Trd, 4319163.643, 140
Trd, 4319164.243, 140
Trd, 4319165.343, 139
Trd, 4319166.043, 136
Trd, 4319166.493, 138
Trd, 4319168.843, 140
Trd, 4319169.343, 140
Trd, 4319169.643, 140
Trd, 4319169.943, 140
Trd, 4319170.293, 139
Trd, 4319170.693, 133
Trd, 4319173.093, 140
Trd, 4319173.293, 139
Trd, 4319173.393, 139
Trd, 4319173.593, 139
Trd, 4319174.593, 139
Trd, 4319174.843, 138
Trd, 4319174.943, 113
Trd, 4319175.393, 140
Trd, 4319176.993, 140
Trd, 4319177.193, 140
Trd, 4319177.343, 138
Trd, 4319179.193, 140
Trd, 4319179.393, 140
Trd, 4319179.993, 140
Trd, 4319180.993, 131
Trd, 4319181.693, 137
Trd, 4319182.893, 140
Trd, 4319183.093, 139
Trd, 4319183.743, 139
Trd, 4319184.493, 135
Trd, 4319184.843, 140
Trd, 4319185.643, 138
Trd, 4319186.493, 124
Trd, 4319187.343, 112
Trd, 4319187.943, 111
Trd, 4319188.643, 139
Trd, 4319188.793, 131
Trd, 4319189.193, 67
Trd, 4319190.143, 69
Trd, 4319190.343, 116
Trd, 4319190.943, 135
Trd, 4319191.243, 61
Trd, 4319191.893, 140
Trd, 4319192.043, 140
Trd, 4319193.793, 140
Trd, 4319194.993, 140
Trd, 4319196.493, 140
Trd, 4319196.593, 140
Trd, 4319197.043, 140
Trd, 4319197.193, 140
Trd, 4319198.543, 140
Trd, 4319199.093, 140
Trd, 4319199.743, 138
Trd, 4319200.443, 88
Trd, 4319200.743, 135
Trd, 4319201.543, 136
Trd, 4319201.793, 74
Trd, 4319202.993, 140
Trd, 4319203.043, 139
Trd, 4319204.493, 61
Trd, 4319204.843, 65
Trd, 4319206.993, 140
Trd, 4319207.193, 140
Trd, 4319207.343, 140
Trd, 4319209.043, 140
Trd, 4319209.543, 140
Trd, 4319210.643, 140
Trd, 4319211.043, 140
Trd, 4319211.643, 140
Trd, 4319212.543, 140
Trd, 4319213.093, 140
Trd, 4319213.293, 140
Trd, 4319213.593, 140
Trd, 4319214.393, 140
Trd, 4319215.043, 139
Trd, 4319215.493, 66
Trd, 4319217.593, 140
Trd, 4319218.343, 140
Trd, 4319218.393, 138
Trd, 4319219.043, 134
Trd, 4319219.293, 62
Trd, 4319220.093, 62
Trd, 4319220.543, 140
Trd, 4319220.793, 140
Trd, 4319221.393, 140
Trd, 4319222.043, 140
Trd, 4319222.843, 139
Trd, 4319223.493, 102
Trd, 4319225.893, 140
Trd, 4319226.043, 137
Trd, 4319226.443, 140
Trd, 4319226.543, 139
Trd, 4319227.993, 139
Trd, 4319228.643, 140
Trd, 4319228.943, 140
Trd, 4319229.393, 140
Trd, 4319230.443, 140
Trd, 4319230.843, 79
Trd, 4319231.843, 140
Trd, 4319232.643, 140
Trd, 4319232.893, 140
Trd, 4319232.993, 104
Trd, 4319234.593, 140
Trd, 4319235.343, 139
Trd, 4319235.943, 140
Trd, 4319237.343, 138
Trd, 4319237.493, 103
Trd, 4319237.843, 64
Trd, 4319238.543, 80
Trd, 4319239.193, 109
Trd, 4319239.943, 110
Trd, 4319240.043, 140
Trd, 4319240.443, 109
Trd, 4319240.843, 94
Trd, 4319241.993, 140
Trd, 4319243.443, 140
Trd, 4319243.493, 140
Trd, 4319245.493, 140
Trd, 4319245.743, 140
Trd, 4319246.093, 139
Trd, 4319246.143, 137
Trd, 4319247.743, 139
Trd, 4319247.893, 138
Trd, 4319248.443, 108
Trd, 4319248.843, 83
Trd, 4319250.543, 140
Trd, 4319251.793, 140
Trd, 4319252.693, 140
Trd, 4319252.843, 140
Trd, 4319252.993, 140
Trd, 4319254.093, 140
Trd, 4319254.893, 140
Trd, 4319255.143, 140
Trd, 4319255.393, 140
Trd, 4319255.893, 121
Trd, 4319256.143, 139
Trd, 4319257.793, 140
Trd, 4319258.893, 140
Trd, 4319259.493, 140
Trd, 4319259.893, 139
Trd, 4319259.993, 138
Trd, 4319260.393, 139
Trd, 4319261.893, 139
Trd, 4319262.293, 137
Trd, 4319263.143, 140
Trd, 4319263.943, 138
Trd, 4319264.943, 138
Trd, 4319265.393, 136
Trd, 4319265.793, 83
Trd, 4319266.143, 140
Trd, 4319266.493, 138
Trd, 4319267.593, 140
Trd, 4319267.693, 117
Trd, 4319268.493, 103
Trd, 4319270.093, 60
Trd, 4319271.193, 63
Trd, 4319271.293, 61
Trd, 4319271.843, 60
Trd, 4319272.143, 62
Trd, 4319273.143, 61
Trd, 4319273.543, 60
Trd, 4319275.143, 60
Trd, 4319276.043, 60
Trd, 4319276.593, 60
Trd, 4319277.493, 62
Trd, 4319279.393, 60
Trd, 4319279.543, 62
Trd, 4319279.943, 61
Trd, 4319280.093, 63
Trd, 4319280.943, 62
Trd, 4319281.643, 64
Trd, 4319281.893, 68
Trd, 4319282.643, 140
Trd, 4319283.743, 140
Trd, 4319283.893, 139
Trd, 4319284.693, 105
Trd, 4319285.393, 140
Trd, 4319285.743, 140
Trd, 4319286.393, 70
Trd, 4319287.643, 140
Trd, 4319287.743, 140
Trd, 4319288.743, 140
Trd, 4319289.693, 139
Trd, 4319290.943, 140
Trd, 4319291.043, 139
Trd, 4319291.093, 137
Trd, 4319291.893, 139
Trd, 4319293.043, 138
Trd, 4319293.143, 122
Trd, 4319293.643, 122
Trd, 4319294.593, 139
Trd, 4319295.793, 137
Trd, 4319296.793, 132
Trd, 4319296.943, 131
Trd, 4319298.293, 138
Trd, 4319298.393, 80
Trd, 4319299.243, 139
Trd, 4319299.693, 140
Trd, 4319299.993, 61
Trd, 4319300.843, 65
Trd, 4319301.493, 82
Trd, 4319301.993, 113
Trd, 4319302.293, 111
Trd, 4319303.243, 140
Trd, 4319303.443, 140
Trd, 4319304.043, 140
Trd, 4319304.693, 140
Trd, 4319305.043, 140
Trd, 4319305.443, 139
Trd, 4319306.693, 136
Trd, 4319306.993, 126
Trd, 4319307.443, 125
Trd, 4319307.793, 140
Trd, 4319308.843, 134
Trd, 4319309.043, 104
Trd, 4319310.443, 140
Trd, 4319310.543, 140
Trd, 4319312.243, 140
Trd, 4319312.343, 138
Trd, 4319313.043, 140
Trd, 4319315.693, 140
Trd, 4319315.743, 140
Trd, 4319316.843, 140
Trd, 4319317.143, 140
Trd, 4319317.343, 140
Trd, 4319319.343, 140
Trd, 4319319.493, 140
Trd, 4319319.743, 140
Trd, 4319319.843, 139
Trd, 4319320.693, 139
Trd, 4319321.193, 140
Trd, 4319321.343, 108
Trd, 4319322.643, 139
Trd, 4319322.693, 138
Trd, 4319324.743, 110
Trd, 4319324.843, 107
Trd, 4319326.293, 140
Trd, 4319326.393, 116
Trd, 4319326.943, 139
Trd, 4319327.543, 138
Trd, 4319327.893, 137
Trd, 4319328.143, 110
Trd, 4319328.343, 100
Trd, 4319329.193, 140
Trd, 4319330.043, 140
Trd, 4319333.143, 140
Trd, 4319333.793, 140
Trd, 4319333.943, 139
Trd, 4319334.593, 137
Trd, 4319334.693, 136
Trd, 4319335.443, 122
Trd, 4319336.493, 139
Trd, 4319336.643, 109
Trd, 4319337.093, 72
Trd, 4319337.643, 139
Trd, 4319339.493, 137
Trd, 4319340.343, 140
Trd, 4319340.793, 140
Trd, 4319341.293, 140
Trd, 4319341.343, 140
Trd, 4319343.493, 140
Trd, 4319344.443, 139
Trd, 4319344.543, 139
Trd, 4319344.993, 140
Trd, 4319345.193, 99
Trd, 4319346.893, 124
Trd, 4319347.043, 139
Trd, 4319347.293, 122
Trd, 4319348.193, 140
Trd, 4319348.393, 140
Trd, 4319349.093, 140
Trd, 4319349.143, 118
Trd, 4319349.343, 117
Trd, 4319350.743, 90
Trd, 4319351.493, 105
Trd, 4319351.743, 112
Trd, 4319352.493, 88
Trd, 4319352.993, 85
Trd, 4319353.293, 140
Trd, 4319353.393, 140
Trd, 4319354.643, 86
Trd, 4319355.293, 89
Trd, 4319355.493, 135
Trd, 4319356.043, 139
Trd, 4319356.293, 136
Trd, 4319358.043, 114
Trd, 4319358.343, 98
Trd, 4319358.743, 66
Trd, 4319359.393, 140
Trd, 4319361.793, 140
Trd, 4319361.893, 140
Trd, 4319362.493, 139
Trd, 4319364.743, 140
Trd, 4319364.893, 140
Trd, 4319365.393, 140
Trd, 4319365.893, 140
Trd, 4319366.443, 138
Trd, 4319366.643, 134
Trd, 4319367.493, 127
Trd, 4319368.293, 137
Trd, 4319368.693, 86
Trd, 4319369.293, 85
Trd, 4319369.393, 77
Trd, 4319369.593, 101
Trd, 4319372.193, 60
Trd, 4319372.343, 60
Trd, 4319372.493, 61
Trd, 4319372.643, 128
Trd, 4319373.793, 65
Trd, 4319373.893, 64
Trd, 4319374.243, 136
Trd, 4319374.643, 60
Trd, 4319375.143, 87
Trd, 4319376.643, 140
Trd, 4319376.693, 104
Trd, 4319377.393, 137
Trd, 4319378.893, 60
Trd, 4319380.543, 140
Trd, 4319381.043, 140
Trd, 4319382.343, 140
Trd, 4319382.893, 140
Trd, 4319383.093, 139
Trd, 4319383.393, 139
Trd, 4319383.793, 138
Trd, 4319384.043, 96
Trd, 4319385.843, 61
Trd, 4319387.043, 60
Trd, 4319387.543, 62
Trd, 4319387.593, 62
Trd, 4319387.793, 72
Trd, 4319388.993, 60
Trd, 4319389.293, 72
Trd, 4319389.993, 66
Trd, 4319390.243, 62
Trd, 4319390.743, 121
Trd, 4319391.493, 62
Trd, 4319392.043, 64
Trd, 4319393.143, 63
Trd, 4319393.243, 61
Trd, 4319394.493, 60
Trd, 4319394.743, 62
Trd, 4319395.793, 61
Trd, 4319396.243, 140
Trd, 4319396.643, 140
Trd, 4319397.593, 140
Trd, 4319398.493, 136
Trd, 4319398.943, 140
Trd, 4319399.493, 140
Trd, 4319401.193, 140
Trd, 4319401.793, 140
Trd, 4319401.943, 140
Trd, 4319401.993, 139
Trd, 4319402.743, 139
Trd, 4319403.243, 116
Trd, 4319403.293, 88
Trd, 4319403.893, 60
Trd, 4319404.243, 125
Trd, 4319404.693, 138
Trd, 4319406.193, 139
Trd, 4319406.593, 90
Trd, 4319408.143, 60
Trd, 4319408.893, 60
Trd, 4319409.993, 60
Trd, 4319410.193, 62
Trd, 4319410.893, 66
Trd, 4319410.993, 69
Trd, 4319411.793, 62
Trd, 4319413.043, 62
Trd, 4319414.293, 65
Trd, 4319414.643, 65
Trd, 4319416.343, 60
Trd, 4319416.393, 63
Trd, 4319416.493, 69
Trd, 4319417.593, 60
Trd, 4319417.893, 60
Trd, 4319418.043, 63
Trd, 4319419.343, 60
Trd, 4319419.443, 60
Trd, 4319419.493, 61
Trd, 4319420.443, 64
Trd, 4319420.693, 76
Trd, 4319421.093, 89
Trd, 4319421.593, 68
Trd, 4319423.443, 140
Trd, 4319423.693, 61
Trd, 4319424.193, 140
Trd, 4319425.043, 109
Trd, 4319425.793, 61
Trd, 4319425.943, 61
Trd, 4319427.593, 61
Trd, 4319427.943, 65
Trd, 4319428.043, 69
Trd, 4319428.543, 80
Trd, 4319430.293, 67
Trd, 4319430.343, 66
Trd, 4319430.643, 60
Trd, 4319431.093, 76
Trd, 4319432.193, 61
Trd, 4319432.993, 88
Trd, 4319433.493, 60
Trd, 4319433.643, 60
Trd, 4319433.843, 61
Trd, 4319434.143, 60
Trd, 4319434.893, 85
Trd, 4319435.793, 71
Trd, 4319436.393, 65
Trd, 4319436.543, 108
Trd, 4319437.493, 61
Trd, 4319438.543, 67
Trd, 4319439.293, 61
Trd, 4319439.543, 63
Trd, 4319440.743, 89
Trd, 4319441.243, 139
Trd, 4319441.443, 139
Trd, 4319442.993, 137
Trd, 4319443.593, 140
Trd, 4319443.743, 138
Trd, 4319444.743, 105
Trd, 4319445.393, 115
Trd, 4319445.493, 105
Trd, 4319445.593, 104
Trd, 4319446.943, 140
Trd, 4319448.843, 140
Trd, 4319449.243, 140
Trd, 4319449.293, 140
Trd, 4319449.493, 139
Trd, 4319450.293, 96
Trd, 4319450.993, 140
Trd, 4319451.593, 140
Trd, 4319451.993, 139
Trd, 4319453.143, 140
Trd, 4319453.543, 112
Trd, 4319453.743, 112
Trd, 4319454.243, 120
Trd, 4319455.343, 140
Trd, 4319455.543, 109
Trd, 4319456.243, 137
Trd, 4319456.993, 138
Trd, 4319457.443, 126
Trd, 4319457.993, 125
Trd, 4319459.293, 129
Trd, 4319459.643, 116
Trd, 4319460.443, 94
Trd, 4319460.693, 76
Trd, 4319460.793, 140
Trd, 4319461.743, 76
Trd, 4319461.843, 64
Trd, 4319462.493, 140
Trd, 4319463.343, 139
Trd, 4319464.393, 117
Trd, 4319465.193, 139
Trd, 4319465.843, 133
Trd, 4319466.093, 139
Trd, 4319466.993, 140
Trd, 4319467.393, 96
Trd, 4319467.443, 67
Trd, 4319468.543, 140
Trd, 4319468.993, 140
Trd, 4319469.493, 100
Trd, 4319470.993, 62
Trd, 4319471.593, 60
Trd, 4319472.043, 139
Trd, 4319473.093, 140
Trd, 4319473.443, 140
Trd, 4319473.493, 140
Trd, 4319474.093, 139
Trd, 4319475.843, 90
Trd, 4319475.893, 87
Trd, 4319477.243, 140
Trd, 4319477.843, 139
Trd, 4319478.093, 96
Trd, 4319478.843, 118
Trd, 4319478.993, 118
Trd, 4319480.343, 140
Trd, 4319480.893, 139
Trd, 4319481.793, 140
Trd, 4319481.893, 122
Trd, 4319482.493, 94
Trd, 4319483.193, 68
Trd, 4319484.393, 140
Trd, 4319484.443, 140
Trd, 4319485.793, 115
Trd, 4319486.143, 98
Trd, 4319486.593, 139
Trd, 4319486.993, 65
Trd, 4319487.293, 140
Trd, 4319487.893, 62
Trd, 4319489.243, 140
Trd, 4319489.793, 109
Trd, 4319490.343, 130
Trd, 4319490.693, 86
Trd, 4319491.393, 137
Trd, 4319491.893, 86
Trd, 4319492.593, 140
Trd, 4319493.143, 140
Trd, 4319495.043, 68
Trd, 4319495.243, 68
Trd, 4319495.293, 67
Trd, 4319495.793, 69
Trd, 4319497.243, 140
Trd, 4319498.493, 140
Trd, 4319498.843, 139
Trd, 4319499.393, 139
Trd, 4319500.343, 139
Trd, 4319500.943, 140
Trd, 4319501.193, 134
Trd, 4319501.393, 133
Trd, 4319501.443, 131
Trd, 4319502.793, 69
Trd, 4319503.893, 60
Trd, 4319504.543, 61
Trd, 4319504.843, 62
Trd, 4319505.493, 62
Trd, 4319505.943, 71
Trd, 4319506.893, 61
Trd, 4319507.043, 140
Trd, 4319507.743, 140
Trd, 4319507.993, 140
Trd, 4319508.993, 63
Trd, 4319509.393, 63
Trd, 4319509.893, 62
Trd, 4319512.443, 64
Trd, 4319512.893, 62
Trd, 4319512.993, 63
Trd, 4319513.493, 64
Trd, 4319513.643, 84
Trd, 4319514.993, 62
Trd, 4319515.293, 63
Trd, 4319516.543, 61
Trd, 4319516.843, 61
Trd, 4319517.393, 76
Trd, 4319517.743, 62
Trd, 4319518.143, 140
Trd, 4319518.343, 140
Trd, 4319518.843, 61
Trd, 4319519.393, 63
Trd, 4319520.593, 61
Trd, 4319522.443, 65
Trd, 4319523.343, 66
Trd, 4319524.543, 61
Trd, 4319525.393, 62
Trd, 4319525.643, 61
Trd, 4319526.093, 64
Trd, 4319526.143, 62
Trd, 4319526.193, 65
Trd, 4319526.743, 60
Trd, 4319527.143, 80
Trd, 4319528.843, 62
Trd, 4319529.343, 63
Trd, 4319529.393, 62
Trd, 4319530.693, 65
Trd, 4319530.993, 60
Trd, 4319531.543, 61
Trd, 4319531.593, 69
Trd, 4319531.643, 78
Trd, 4319533.993, 66
Trd, 4319534.793, 61
Trd, 4319535.093, 61
Trd, 4319536.443, 60
Trd, 4319537.093, 60
Trd, 4319537.393, 64
Trd, 4319537.643, 62
Trd, 4319538.943, 60
Trd, 4319539.543, 60
Trd, 4319540.193, 60
Trd, 4319540.293, 64
Trd, 4319540.493, 72
Trd, 4319541.443, 64
Trd, 4319542.343, 140
Trd, 4319542.443, 139
Trd, 4319542.493, 138
Trd, 4319543.243, 60
Trd, 4319545.643, 60
Trd, 4319545.993, 60
Trd, 4319546.193, 61
Trd, 4319547.293, 63
Trd, 4319548.093, 62
Trd, 4319548.643, 61
Trd, 4319548.693, 61
Trd, 4319548.893, 64
Trd, 4319548.943, 63
Trd, 4319550.043, 65
Trd, 4319550.843, 140
Trd, 4319551.243, 140
Trd, 4319551.843, 140
Trd, 4319552.143, 140
Trd, 4319553.043, 140
Trd, 4319553.493, 76
Trd, 4319553.643, 65
Trd, 4319554.243, 60
Trd, 4319554.693, 61
Trd, 4319556.893, 60
Trd, 4319557.343, 60
Trd, 4319557.943, 60
Trd, 4319558.643, 65
Trd, 4319560.493, 60
Trd, 4319560.543, 63
Trd, 4319563.093, 60
Trd, 4319563.143, 63
Trd, 4319563.293, 63
Trd, 4319563.593, 137
Trd, 4319565.243, 60
Trd, 4319565.443, 60
Trd, 4319565.693, 63
Trd, 4319565.993, 64
Trd, 4319567.093, 66
Trd, 4319567.743, 67
Trd, 4319567.843, 62
Trd, 4319568.293, 60
Trd, 4319568.393, 99
Trd, 4319569.793, 64
Trd, 4319570.293, 65
Trd, 4319571.043, 108
Trd, 4319571.843, 68
Trd, 4319572.493, 109
Trd, 4319572.843, 102
Trd, 4319573.343, 100
Trd, 4319574.593, 70
Trd, 4319575.343, 90
Trd, 4319575.543, 90
Trd, 4319577.143, 140
Trd, 4319577.543, 139
Trd, 4319577.743, 140
Trd, 4319578.793, 121
Trd, 4319579.093, 118
Trd, 4319579.493, 140
Trd, 4319580.743, 140
Trd, 4319581.493, 102
Trd, 4319582.343, 140
Trd, 4319583.393, 140
Trd, 4319584.093, 139
Trd, 4319584.993, 60
Trd, 4319586.843, 140
Trd, 4319586.943, 140
Trd, 4319587.143, 139
Trd, 4319587.493, 139
Trd, 4319587.643, 140
Trd, 4319588.543, 140
Trd, 4319589.843, 105
Trd, 4319590.143, 106
Trd, 4319590.743, 137
Trd, 4319591.693, 63
Trd, 4319592.143, 118
Trd, 4319592.543, 140
Trd, 4319593.243, 140
Trd, 4319593.593, 140
Trd, 4319594.043, 139
Trd, 4319594.793, 118
Trd, 4319596.393, 139
Trd, 4319597.243, 140
Trd, 4319597.643, 139
Trd, 4319597.993, 139
Trd, 4319598.243, 139
Trd, 4319598.793, 139
Trd, 4319599.143, 88
Trd, 4319599.943, 140
Trd, 4319601.293, 140
Trd, 4319602.593, 140
Trd, 4319603.093, 140
Trd, 4319603.193, 140
Trd, 4319603.993, 140
Trd, 4319604.043, 76
Trd, 4319605.093, 139
Trd, 4319606.593, 140
Trd, 4319606.693, 139
Trd, 4319607.643, 140
Trd, 4319607.843, 139
Trd, 4319609.093, 140
Trd, 4319609.293, 140
Trd, 4319610.243, 140
Trd, 4319610.543, 140
Trd, 4319610.693, 140
Trd, 4319611.543, 140
Trd, 4319611.743, 92
Trd, 4319612.043, 89
Trd, 4319613.543, 140
Trd, 4319615.193, 136
Trd, 4319615.443, 72
Trd, 4319616.343, 140
Trd, 4319617.393, 140
Trd, 4319617.443, 140
Trd, 4319617.493, 140
Trd, 4319618.243, 140
Trd, 4319620.093, 140
Trd, 4319620.793, 140
Trd, 4319620.943, 140
Trd, 4319621.643, 140
Trd, 4319622.243, 140
Trd, 4319622.743, 139
Trd, 4319622.843, 109
Trd, 4319623.893, 140
Trd, 4319624.093, 140
Trd, 4319624.693, 82
Trd, 4319626.143, 85
Trd, 4319627.093, 137
Trd, 4319627.143, 136
Trd, 4319628.393, 136
Trd, 4319628.643, 140
Trd, 4319629.843, 138
Trd, 4319630.843, 117
Trd, 4319630.893, 131
Trd, 4319631.593, 140
Trd, 4319632.693, 103
Trd, 4319633.643, 140
Trd, 4319633.793, 105
Trd, 4319634.493, 140
Trd, 4319635.593, 138
Trd, 4319635.643, 135
Trd, 4319635.793, 102
Trd, 4319636.343, 60
Trd, 4319637.443, 60
Trd, 4319638.393, 67
Trd, 4319638.493, 66
Trd, 4319638.743, 102
Trd, 4319639.743, 79
Trd, 4319639.993, 65
Trd, 4319641.243, 64
Trd, 4319642.293, 64
Trd, 4319642.643, 90
Trd, 4319644.143, 65
Trd, 4319644.593, 63
Trd, 4319646.093, 61
Trd, 4319646.693, 63
Trd, 4319647.243, 85
Trd, 4319647.493, 85
Trd, 4319647.793, 115
Trd, 4319647.893, 87
Trd, 4319648.543, 73
Trd, 4319648.993, 63
Trd, 4319649.193, 115
Trd, 4319649.593, 60
Trd, 4319650.343, 64
Trd, 4319650.593, 139
Trd, 4319652.443, 61
Trd, 4319653.093, 71
Trd, 4319654.193, 60
Trd, 4319655.043, 64
Trd, 4319655.343, 61
Trd, 4319655.843, 67
Trd, 4319656.143, 68
Trd, 4319656.943, 103
Trd, 4319657.493, 140
Trd, 4319658.393, 68
Trd, 4319658.893, 68
Trd, 4319659.393, 138
Trd, 4319659.643, 138
Trd, 4319662.193, 140
Trd, 4319662.543, 140
Trd, 4319662.743, 140
Trd, 4319663.593, 140
Trd, 4319663.843, 140
Trd, 4319663.893, 140
Trd, 4319664.743, 140
Trd, 4319664.893, 140
Trd, 4319664.993, 72
Trd, 4319665.693, 60
Trd, 4319667.493, 140
Trd, 4319668.593, 140
Trd, 4319668.993, 140
Trd, 4319669.193, 140
Trd, 4319670.493, 140
Trd, 4319671.043, 140
Trd, 4319672.443, 140
Trd, 4319672.943, 140
Trd, 4319673.593, 140
Trd, 4319674.243, 140
Trd, 4319675.293, 140
Trd, 4319675.593, 140
Trd, 4319676.293, 140
Trd, 4319676.793, 140
Trd, 4319677.593, 139
Trd, 4319678.193, 140
Trd, 4319679.193, 137
Trd, 4319679.443, 128
Trd, 4319680.093, 138
Trd, 4319681.693, 125
Trd, 4319682.693, 108
Trd, 4319683.393, 137
Trd, 4319683.493, 101
Trd, 4319683.943, 140
Trd, 4319684.293, 79
Trd, 4319685.393, 77
Trd, 4319685.543, 70
Trd, 4319686.243, 139
Trd, 4319687.143, 140
Trd, 4319687.693, 140
Trd, 4319688.393, 101
Trd, 4319689.943, 140
Trd, 4319690.143, 139
Trd, 4319690.743, 140
Trd, 4319691.743, 139
Trd, 4319693.093, 139
Trd, 4319693.843, 140
Trd, 4319694.843, 140
Trd, 4319694.893, 139
Trd, 4319695.693, 139
Trd, 4319695.843, 140
Trd, 4319697.143, 140
Trd, 4319697.893, 140
Trd, 4319698.643, 140
Trd, 4319698.993, 140
Trd, 4319699.143, 139
Trd, 4319699.743, 101
Trd, 4319700.793, 140
Trd, 4319701.693, 139
Trd, 4319702.543, 115
Trd, 4319703.193, 63
Trd, 4319703.843, 75
Trd, 4319704.193, 76
Trd, 4319704.743, 140
Trd, 4319705.443, 92
Trd, 4319705.943, 92
Trd, 4319706.143, 91
Trd, 4319706.393, 66
Trd, 4319706.793, 63
Trd, 4319708.293, 140
Trd, 4319708.493, 140
Trd, 4319709.143, 140
Trd, 4319709.493, 139
Trd, 4319709.943, 81
Trd, 4319710.443, 68
Trd, 4319712.193, 140
Trd, 4319712.693, 140
Trd, 4319713.293, 85
Trd, 4319713.843, 139
Trd, 4319714.043, 85
Trd, 4319714.793, 139
Trd, 4319715.243, 87
Trd, 4319715.543, 87
Trd, 4319716.293, 138
Trd, 4319716.443, 71
Trd, 4319717.143, 61
Trd, 4319718.543, 67
Trd, 4319718.743, 68
Trd, 4319719.493, 60
Trd, 4319720.443, 62
Trd, 4319720.493, 68
Trd, 4319721.293, 60
Trd, 4319721.443, 60
Trd, 4319722.543, 61
Trd, 4319722.793, 62
Trd, 4319723.093, 67
Trd, 4319723.393, 75
Trd, 4319727.243, 140
Trd, 4319727.393, 140
Trd, 4319727.943, 140
Trd, 4319728.143, 140
Trd, 4319729.693, 140
Trd, 4319730.093, 140
Trd, 4319730.493, 140
Trd, 4319730.593, 138
Trd, 4319731.293, 139
Trd, 4319731.543, 108
Trd, 4319731.743, 140
Trd, 4319733.743, 60
Trd, 4319733.993, 61
Trd, 4319734.493, 64
Trd, 4319734.843, 64
Trd, 4319735.493, 69
Trd, 4319736.543, 106
Trd, 4319737.093, 65
Trd, 4319737.393, 118
Trd, 4319737.543, 137
Trd, 4319739.293, 140
Trd, 4319739.343, 140
Trd, 4319739.893, 75
Trd, 4319740.193, 76
Trd, 4319741.193, 60
Trd, 4319741.293, 87
Trd, 4319742.893, 62
Trd, 4319743.943, 60
Trd, 4319744.743, 61
Trd, 4319744.943, 60
Trd, 4319744.993, 60
Trd, 4319745.593, 61
Trd, 4319746.243, 62
Trd, 4319746.493, 64
Trd, 4319746.943, 62
Trd, 4319748.893, 64
Trd, 4319749.393, 66
Trd, 4319750.543, 63
Trd, 4319750.743, 64
Trd, 4319753.993, 60
Trd, 4319754.143, 61
Trd, 4319754.243, 61
Trd, 4319755.493, 61
Trd, 4319755.643, 62
Trd, 4319756.493, 64
Trd, 4319756.793, 65
Trd, 4319757.093, 62
Trd, 4319757.893, 66
Trd, 4319758.293, 69
Trd, 4319758.993, 68
Trd, 4319759.593, 76
Trd, 4319759.643, 68
Trd, 4319760.943, 106
Trd, 4319761.593, 76
Trd, 4319761.793, 71
Trd, 4319761.943, 61
Trd, 4319762.543, 125
Trd, 4319762.843, 138
Trd, 4319763.643, 136
Trd, 4319764.943, 60
Trd, 4319765.743, 60
Trd, 4319766.293, 62
Trd, 4319767.243, 65
Trd, 4319767.843, 140
Trd, 4319769.643, 140
Trd, 4319769.693, 140
Trd, 4319769.843, 139
Trd, 4319770.193, 136
Trd, 4319771.143, 139
Trd, 4319771.693, 136
Trd, 4319772.393, 118
Trd, 4319773.943, 140
Trd, 4319774.243, 139
Trd, 4319774.293, 138
Trd, 4319775.893, 140
Trd, 4319776.143, 140
Trd, 4319776.493, 134
Trd, 4319776.993, 139
Trd, 4319777.743, 138
Trd, 4319777.893, 140
Trd, 4319778.193, 137
Trd, 4319779.643, 140
Trd, 4319780.043, 140
Trd, 4319780.993, 140
Trd, 4319781.893, 100
Trd, 4319781.993, 98
Trd, 4319782.593, 138
Trd, 4319783.693, 86
Trd, 4319783.843, 138
Trd, 4319784.393, 140
Trd, 4319784.793, 76
Trd, 4319786.743, 140
Trd, 4319786.843, 140
Trd, 4319787.043, 140
Trd, 4319788.193, 140
Trd, 4319788.893, 139
Trd, 4319789.243, 131
Trd, 4319790.593, 105
Trd, 4319790.793, 103
Trd, 4319790.843, 94
Trd, 4319792.343, 139
Trd, 4319792.493, 139
Trd, 4319792.893, 139
Trd, 4319793.143, 114
Trd, 4319794.993, 96
Trd, 4319795.393, 140
Trd, 4319795.793, 85
Trd, 4319796.843, 139
Trd, 4319796.893, 74
Trd, 4319798.143, 78
Trd, 4319800.193, 140
Trd, 4319800.243, 140
Trd, 4319800.493, 140
Trd, 4319800.643, 139
Trd, 4319801.093, 133
Trd, 4319801.393, 128
Trd, 4319801.643, 71
Trd, 4319802.093, 139
Trd, 4319803.043, 140
Trd, 4319804.793, 140
Trd, 4319804.893, 136
Trd, 4319806.693, 140
Trd, 4319806.943, 140
Trd, 4319807.043, 136
Trd, 4319808.493, 139
Trd, 4319808.543, 131
Trd, 4319808.643, 130
Trd, 4319810.343, 60
Trd, 4319810.943, 140
Trd, 4319811.593, 60
Trd, 4319811.993, 60
Trd, 4319812.493, 62
Trd, 4319812.543, 62
Trd, 4319812.993, 60
Trd, 4319813.993, 75
Trd, 4319814.493, 82
Trd, 4319814.893, 65
Trd, 4319815.993, 62
Trd, 4319816.093, 82
Trd, 4319818.593, 62
Trd, 4319818.943, 61
Trd, 4319819.643, 64
Trd, 4319820.143, 67
Trd, 4319820.993, 70
Trd, 4319821.143, 69
Trd, 4319822.643, 140
Trd, 4319822.743, 137
Trd, 4319823.543, 140
Trd, 4319824.693, 60
Trd, 4319825.293, 62
Trd, 4319826.293, 60
Trd, 4319827.193, 62
Trd, 4319828.093, 63
Trd, 4319828.443, 60
Trd, 4319829.443, 60
Trd, 4319829.893, 60
Trd, 4319830.243, 64
Trd, 4319831.193, 61
Trd, 4319831.443, 61
Trd, 4319831.543, 64
Trd, 4319831.893, 61
Trd, 4319832.143, 65
Trd, 4319832.393, 65
Trd, 4319832.843, 98
Trd, 4319835.843, 61
Trd, 4319835.943, 63
Trd, 4319836.493, 66
Trd, 4319836.743, 70
Trd, 4319837.643, 60
Trd, 4319838.743, 62
Trd, 4319838.893, 65
Trd, 4319839.293, 65
Trd, 4319840.593, 62
Trd, 4319841.593, 63
Trd, 4319841.693, 89
Trd, 4319842.143, 73
Trd, 4319842.593, 63
Trd, 4319843.143, 63
Trd, 4319843.493, 60
Trd, 4319843.893, 90
Trd, 4319845.793, 60
Trd, 4319846.193, 60
Trd, 4319846.493, 60
Trd, 4319846.793, 62
Trd, 4319847.743, 61
Trd, 4319849.043, 61
Trd, 4319849.693, 65
Trd, 4319851.193, 60
Trd, 4319851.543, 74
Trd, 4319852.343, 60
Trd, 4319852.693, 60
Trd, 4319853.343, 63
Trd, 4319853.543, 64
Trd, 4319854.793, 63
Trd, 4319855.393, 61
Trd, 4319856.193, 60
Trd, 4319856.593, 64
Trd, 4319857.243, 66
Trd, 4319858.293, 65
Trd, 4319859.193, 70
Trd, 4319859.293, 69
Trd, 4319859.593, 84
Trd, 4319860.943, 140
Trd, 4319861.093, 66
Trd, 4319861.893, 140
Trd, 4319862.743, 140
Trd, 4319864.793, 140
Trd, 4319865.343, 139
Trd, 4319865.543, 138
Trd, 4319865.693, 136
Trd, 4319866.243, 139
Trd, 4319867.193, 140
Trd, 4319868.293, 140
Trd, 4319869.393, 140
Trd, 4319869.743, 140
Trd, 4319870.293, 70
Trd, 4319870.443, 66
Trd, 4319870.843, 69
Trd, 4319871.643, 140
Trd, 4319872.493, 140
Trd, 4319873.143, 138
Trd, 4319873.293, 111
Trd, 4319874.543, 140
Trd, 4319874.593, 140
Trd, 4319876.443, 140
Trd, 4319876.793, 140
Trd, 4319876.993, 139
Trd, 4319877.243, 140
Trd, 4319877.843, 134
Trd, 4319878.143, 104
Trd, 4319879.043, 140
Trd, 4319879.493, 140
Trd, 4319880.293, 62
Trd, 4319880.643, 63
Trd, 4319880.843, 62
Trd, 4319882.043, 62
Trd, 4319884.343, 140
Trd, 4319884.493, 140
Trd, 4319884.893, 140
Trd, 4319885.193, 140
Trd, 4319886.393, 139
Trd, 4319887.043, 66
Trd, 4319887.243, 101
Trd, 4319888.193, 60
Trd, 4319888.343, 64
Trd, 4319888.943, 64
Trd, 4319890.143, 63
Trd, 4319891.543, 62
Trd, 4319891.743, 78
Trd, 4319892.143, 60
Trd, 4319893.393, 60
Trd, 4319894.243, 61
Trd, 4319894.593, 64
Trd, 4319894.793, 65
Trd, 4319895.343, 67
Trd, 4319895.693, 62
Trd, 4319896.043, 78
Trd, 4319897.093, 62
Trd, 4319898.493, 62
Trd, 4319898.693, 65
Trd, 4319899.293, 60
Trd, 4319900.193, 64
Trd, 4319900.543, 60
Trd, 4319900.943, 73
Trd, 4319901.493, 60
Trd, 4319903.193, 61
Trd, 4319903.743, 64
Trd, 4319905.243, 67
Trd, 4319905.693, 139
Trd, 4319906.743, 140
Trd, 4319906.843, 140
Trd, 4319907.393, 139
Trd, 4319907.543, 88
Trd, 4319908.143, 140
Trd, 4319908.393, 139
Trd, 4319910.543, 140
Trd, 4319910.593, 139
Trd, 4319910.793, 102
Trd, 4319910.993, 101
Trd, 4319911.943, 62
Trd, 4319912.643, 64
Trd, 4319912.993, 65
Trd, 4319913.993, 60
Trd, 4319914.543, 91
Trd, 4319915.143, 139
Trd, 4319917.143, 64
Trd, 4319917.843, 63
Trd, 4319918.893, 60
Trd, 4319919.543, 61
Trd, 4319919.593, 63
Trd, 4319920.443, 70
Trd, 4319920.943, 79
Trd, 4319921.793, 60
Trd, 4319923.093, 64
Trd, 4319923.343, 82
Trd, 4319923.943, 60
Trd, 4319925.143, 60
Trd, 4319926.143, 60
Trd, 4319926.293, 63
Trd, 4319928.193, 64
Trd, 4319928.793, 66
Trd, 4319928.893, 65
Trd, 4319929.293, 72
Trd, 4319929.593, 86
Trd, 4319929.643, 66
Trd, 4319931.293, 140
Trd, 4319932.043, 138
Trd, 4319932.693, 140
Trd, 4319933.693, 140
Trd, 4319933.743, 139
Trd, 4319933.843, 140
Trd, 4319934.743, 60
Trd, 4319934.993, 140
Trd, 4319935.693, 140
Trd, 4319935.793, 84
Trd, 4319936.643, 71
Trd, 4319937.893, 64
Trd, 4319939.043, 60
Trd, 4319939.293, 63
Trd, 4319939.443, 139
Trd, 4319941.043, 61
Trd, 4319941.093, 62
Trd, 4319941.743, 63
Trd, 4319942.593, 92
Trd, 4319946.493, 60
Trd, 4319946.593, 60
Trd, 4319948.343, 62
Trd, 4319948.693, 63
Trd, 4319949.043, 64
Trd, 4319949.843, 62
Trd, 4319949.893, 68
Trd, 4319950.543, 65
Trd, 4319951.143, 72
Trd, 4319951.543, 73
Trd, 4319951.593, 131
Trd, 4319951.943, 60
Trd, 4319952.543, 66
Trd, 4319954.593, 60
Trd, 4319955.093, 61
Trd, 4319955.693, 68
Trd, 4319955.893, 68
Trd, 4319957.193, 60
Trd, 4319957.443, 61
Trd, 4319957.543, 61
Trd, 4319957.943, 63
Trd, 4319959.093, 63
Trd, 4319959.343, 61
Trd, 4319960.393, 61
Trd, 4319960.543, 63
Trd, 4319961.643, 67
Trd, 4319962.043, 67
Trd, 4319962.393, 81
Trd, 4319963.743, 140
Trd, 4319964.193, 60
Trd, 4319965.693, 62
Trd, 4319966.293, 115
Trd, 4319967.243, 67
Trd, 4319967.343, 104
Trd, 4319967.793, 140
Trd, 4319967.843, 139
Trd, 4319969.443, 86
Trd, 4319969.943, 140
Trd, 4319970.243, 140
Trd, 4319970.543, 70
Trd, 4319970.843, 71
Trd, 4319972.043, 139
Trd, 4319973.543, 139
Trd, 4319974.693, 140
Trd, 4319974.743, 136
Trd, 4319974.893, 134
Trd, 4319975.193, 134
Trd, 4319975.393, 108
Trd, 4319975.843, 99
Trd, 4319976.793, 113
Trd, 4319977.393, 140
Trd, 4319978.443, 140
Trd, 4319978.893, 138
Trd, 4319979.493, 139
Trd, 4319980.443, 109
Trd, 4319980.543, 107
Trd, 4319980.993, 140
Trd, 4319981.393, 139
Trd, 4319982.243, 138
Trd, 4319982.543, 65
Trd, 4319983.343, 121
Trd, 4319983.793, 63
Trd, 4319984.743, 100
Trd, 4319985.293, 62
Trd, 4319986.143, 60
Trd, 4319986.243, 61
Trd, 4319986.793, 72
Trd, 4319987.193, 73
Trd, 4319988.093, 60
Trd, 4319989.343, 62
Trd, 4319990.293, 80
Trd, 4319990.893, 140
Trd, 4319991.943, 62
Trd, 4319992.793, 60
Trd, 4319992.993, 61
Trd, 4319993.343, 61
Trd, 4319995.743, 60
Trd, 4319996.493, 60
Trd, 4319996.593, 60
Trd, 4319997.093, 60
Trd, 4319997.343, 66
Trd, 4319997.943, 65
Trd, 4319999.993, 60
