Trd, 4318159.893, 62
Trd, 4318160.643, 60
Trd, 4318161.893, 60
Trd, 4318162.493, 63
Trd, 4318163.493, 60
Trd, 4318163.643, 62
Trd, 4318164.593, 60
Trd, 4318164.793, 62
Trd, 4318165.543, 60
Trd, 4318166.643, 60
Trd, 4318166.793, 60
Trd, 4318167.293, 60
Trd, 4318167.543, 62
Trd, 4318170.043, 60
Trd, 4318170.343, 62
Trd, 4318170.893, 64
Trd, 4318170.993, 65
Trd, 4318171.543, 87
Trd, 4318172.343, 62
Trd, 4318172.693, 61
Trd, 4318174.493, 140
Trd, 4318174.593, 140
Trd, 4318174.843, 140
Trd, 4318175.193, 140
Trd, 4318175.293, 140
Trd, 4318176.343, 140
Trd, 4318176.693, 133
Trd, 4318177.193, 68
Trd, 4318177.843, 62
Trd, 4318178.343, 140
Trd, 4318178.643, 139
Trd, 4318179.743, 140
Trd, 4318180.193, 140
Trd, 4318181.393, 60
Trd, 4318181.493, 62
Trd, 4318181.943, 64
Trd, 4318183.243, 61
Trd, 4318183.643, 60
Trd, 4318184.093, 64
Trd, 4318184.993, 61
Trd, 4318185.393, 65
Trd, 4318186.743, 61
Trd, 4318187.593, 61
Trd, 4318187.643, 62
Trd, 4318187.893, 60
Trd, 4318188.043, 63
Trd, 4318190.143, 60
Trd, 4318191.143, 60
Trd, 4318191.993, 60
Trd, 4318192.043, 60
Trd, 4318192.643, 60
Trd, 4318193.193, 60
Trd, 4318193.393, 60
Trd, 4318194.193, 60
Trd, 4318194.443, 70
Trd, 4318195.143, 60
Trd, 4318195.493, 63
Trd, 4318195.993, 64
Trd, 4318197.193, 60
Trd, 4318198.243, 62
Trd, 4318200.043, 60
Trd, 4318200.493, 60
Trd, 4318200.643, 60
Trd, 4318200.993, 61
Trd, 4318201.743, 60
Trd, 4318202.343, 60
Trd, 4318202.793, 60
Trd, 4318205.493, 60
Trd, 4318205.943, 60
Trd, 4318206.243, 60
Trd, 4318207.443, 61
Trd, 4318208.443, 60
Trd, 4318208.543, 60
Trd, 4318208.693, 61
Trd, 4318210.043, 60
Trd, 4318210.393, 60
Trd, 4318212.693, 60
Trd, 4318213.243, 60
Trd, 4318213.893, 61
Trd, 4318213.943, 66
Trd, 4318214.193, 68
Trd, 4318215.143, 60
Trd, 4318215.843, 61
Trd, 4318216.443, 61
Trd, 4318216.643, 61
Trd, 4318217.743, 61
Trd, 4318218.393, 62
Trd, 4318219.543, 60
Trd, 4318221.543, 60
Trd, 4318221.743, 61
Trd, 4318221.993, 66
Trd, 4318223.293, 60
Trd, 4318223.743, 61
Trd, 4318223.843, 63
Trd, 4318224.143, 61
Trd, 4318224.543, 62
Trd, 4318225.343, 62
Trd, 4318225.543, 63
Trd, 4318225.993, 64
Trd, 4318226.093, 89
Trd, 4318226.943, 71
Trd, 4318227.993, 66
Trd, 4318229.643, 60
Trd, 4318229.993, 61
Trd, 4318230.393, 65
Trd, 4318231.293, 60
Trd, 4318231.543, 61
Trd, 4318231.743, 62
Trd, 4318232.043, 64
Trd, 4318232.993, 60
Trd, 4318233.993, 63
Trd, 4318234.693, 60
Trd, 4318235.343, 61
Trd, 4318236.343, 62
Trd, 4318236.493, 68
Trd, 4318236.993, 61
Trd, 4318237.693, 61
Trd, 4318238.943, 61
Trd, 4318239.243, 60
Trd, 4318239.893, 60
Trd, 4318240.693, 140
Trd, 4318240.993, 139
Trd, 4318241.443, 140
Trd, 4318241.543, 139
Trd, 4318244.243, 60
Trd, 4318244.743, 61
Trd, 4318244.893, 63
Trd, 4318245.093, 67
Trd, 4318245.543, 64
Trd, 4318245.643, 65
Trd, 4318246.193, 68
Trd, 4318246.243, 63
Trd, 4318246.893, 67
Trd, 4318247.143, 89
Trd, 4318247.393, 73
Trd, 4318249.243, 119
Trd, 4318249.543, 89
Trd, 4318249.643, 60
Trd, 4318250.493, 140
Trd, 4318250.843, 140
Trd, 4318251.093, 140
Trd, 4318251.843, 61
Trd, 4318251.893, 62
Trd, 4318252.593, 62
Trd, 4318252.943, 113
Trd, 4318255.543, 60
Trd, 4318255.893, 60
Trd, 4318255.943, 62
Trd, 4318256.243, 60
Trd, 4318256.743, 60
Trd, 4318256.843, 65
Trd, 4318257.343, 63
Trd, 4318258.193, 65
Trd, 4318258.993, 64
Trd, 4318259.693, 67
Trd, 4318260.143, 63
Trd, 4318260.393, 68
Trd, 4318260.543, 62
Trd, 4318261.443, 140
Trd, 4318261.893, 140
Trd, 4318262.693, 63
Trd, 4318263.093, 67
Trd, 4318264.093, 64
Trd, 4318264.443, 140
Trd, 4318264.943, 139
Trd, 4318265.543, 140
Trd, 4318265.593, 139
Trd, 4318265.843, 139
Trd, 4318266.843, 139
Trd, 4318267.493, 64
Trd, 4318267.943, 76
Trd, 4318269.693, 100
Trd, 4318271.293, 60
Trd, 4318271.443, 60
Trd, 4318271.693, 62
Trd, 4318272.043, 63
Trd, 4318273.293, 76
Trd, 4318273.343, 77
Trd, 4318273.643, 60
Trd, 4318275.093, 61
Trd, 4318275.243, 63
Trd, 4318277.393, 60
Trd, 4318277.643, 61
Trd, 4318279.393, 63
Trd, 4318280.593, 60
Trd, 4318280.743, 60
Trd, 4318281.293, 61
Trd, 4318281.493, 69
Trd, 4318281.593, 62
Trd, 4318282.593, 60
Trd, 4318282.893, 64
Trd, 4318283.393, 60
Trd, 4318284.293, 61
Trd, 4318285.393, 61
Trd, 4318285.443, 61
Trd, 4318286.793, 60
Trd, 4318286.843, 60
Trd, 4318288.293, 60
Trd, 4318289.893, 61
Trd, 4318289.993, 62
Trd, 4318291.093, 61
Trd, 4318291.643, 61
Trd, 4318291.893, 62
Trd, 4318292.793, 65
Trd, 4318293.593, 60
Trd, 4318293.893, 62
Trd, 4318294.793, 77
Trd, 4318294.993, 80
Trd, 4318295.143, 64
Trd, 4318295.643, 138
Trd, 4318296.193, 118
Trd, 4318298.593, 60
Trd, 4318298.893, 60
Trd, 4318298.993, 60
Trd, 4318299.743, 60
Trd, 4318301.193, 68
Trd, 4318301.643, 67
Trd, 4318302.243, 60
Trd, 4318302.343, 63
Trd, 4318304.543, 63
Trd, 4318304.643, 65
Trd, 4318304.693, 65
Trd, 4318305.393, 60
Trd, 4318306.693, 63
Trd, 4318307.643, 60
Trd, 4318307.793, 61
Trd, 4318308.343, 63
Trd, 4318308.743, 62
Trd, 4318309.043, 66
Trd, 4318310.493, 60
Trd, 4318310.643, 61
Trd, 4318310.893, 66
Trd, 4318311.693, 60
Trd, 4318311.743, 60
Trd, 4318313.893, 60
Trd, 4318314.043, 65
Trd, 4318314.443, 140
Trd, 4318314.543, 140
Trd, 4318315.343, 62
Trd, 4318316.243, 63
Trd, 4318317.093, 60
Trd, 4318318.043, 60
Trd, 4318318.993, 60
Trd, 4318319.893, 61
Trd, 4318320.243, 62
Trd, 4318321.093, 67
Trd, 4318321.543, 61
Trd, 4318321.643, 61
Trd, 4318321.793, 60
Trd, 4318322.093, 65
Trd, 4318323.093, 140
Trd, 4318323.443, 138
Trd, 4318323.543, 133
Trd, 4318323.743, 65
Trd, 4318324.593, 64
Trd, 4318324.793, 115
Trd, 4318325.093, 66
Trd, 4318326.943, 60
Trd, 4318327.293, 67
Trd, 4318328.093, 60
Trd, 4318330.493, 60
Trd, 4318330.643, 60
Trd, 4318332.093, 61
Trd, 4318332.143, 62
Trd, 4318332.693, 60
Trd, 4318332.743, 61
Trd, 4318333.893, 60
Trd, 4318333.993, 63
Trd, 4318334.293, 66
Trd, 4318334.943, 63
Trd, 4318335.243, 71
Trd, 4318337.393, 60
Trd, 4318338.493, 60
Trd, 4318339.593, 60
Trd, 4318339.643, 60
Trd, 4318341.093, 60
Trd, 4318341.543, 60
Trd, 4318342.493, 60
Trd, 4318343.393, 60
Trd, 4318343.443, 65
Trd, 4318343.743, 60
Trd, 4318344.443, 61
Trd, 4318344.793, 61
Trd, 4318345.993, 61
Trd, 4318346.143, 60
Trd, 4318346.293, 139
Trd, 4318347.293, 61
Trd, 4318348.493, 61
Trd, 4318349.393, 61
Trd, 4318350.193, 60
Trd, 4318350.993, 61
Trd, 4318351.093, 61
Trd, 4318351.243, 61
Trd, 4318353.443, 62
Trd, 4318354.193, 60
Trd, 4318355.243, 61
Trd, 4318355.693, 68
Trd, 4318356.943, 62
Trd, 4318357.493, 61
Trd, 4318357.693, 60
Trd, 4318358.643, 62
Trd, 4318358.693, 61
Trd, 4318359.343, 61
Trd, 4318361.343, 60
Trd, 4318361.543, 60
Trd, 4318362.843, 60
Trd, 4318363.593, 60
Trd, 4318364.093, 61
Trd, 4318364.293, 62
Trd, 4318364.593, 63
Trd, 4318365.993, 60
Trd, 4318366.243, 64
Trd, 4318366.943, 60
Trd, 4318367.393, 62
Trd, 4318368.043, 60
Trd, 4318369.793, 60
Trd, 4318369.943, 61
Trd, 4318370.893, 60
Trd, 4318371.143, 60
Trd, 4318371.843, 61
Trd, 4318372.743, 60
Trd, 4318373.693, 60
Trd, 4318374.343, 62
Trd, 4318374.693, 60
Trd, 4318374.843, 63
Trd, 4318374.893, 65
Trd, 4318376.443, 60
Trd, 4318376.693, 61
Trd, 4318376.843, 66
Trd, 4318378.793, 63
Trd, 4318379.243, 60
Trd, 4318380.393, 61
Trd, 4318380.493, 64
Trd, 4318381.843, 76
Trd, 4318382.293, 110
Trd, 4318382.443, 61
Trd, 4318383.993, 60
Trd, 4318384.643, 61
Trd, 4318384.943, 61
Trd, 4318385.493, 60
Trd, 4318386.443, 60
Trd, 4318387.093, 62
Trd, 4318387.993, 61
Trd, 4318388.643, 60
Trd, 4318389.093, 61
Trd, 4318389.343, 64
Trd, 4318390.243, 60
Trd, 4318391.793, 61
Trd, 4318392.093, 63
Trd, 4318392.293, 63
Trd, 4318393.293, 138
Trd, 4318394.743, 62
Trd, 4318395.843, 60
Trd, 4318395.943, 60
Trd, 4318396.243, 60
Trd, 4318397.993, 61
Trd, 4318399.243, 60
Trd, 4318399.343, 61
Trd, 4318399.643, 62
Trd, 4318400.843, 60
Trd, 4318402.643, 60
Trd, 4318403.093, 61
Trd, 4318404.293, 60
Trd, 4318404.543, 60
Trd, 4318404.843, 62
Trd, 4318405.493, 66
Trd, 4318405.693, 61
Trd, 4318405.893, 73
Trd, 4318405.993, 103
Trd, 4318406.293, 60
Trd, 4318407.193, 139
Trd, 4318407.693, 140
Trd, 4318408.793, 60
Trd, 4318410.543, 60
Trd, 4318411.443, 60
Trd, 4318412.093, 61
Trd, 4318413.393, 60
Trd, 4318413.943, 64
Trd, 4318415.143, 61
Trd, 4318415.593, 62
Trd, 4318417.293, 61
Trd, 4318418.843, 61
Trd, 4318418.893, 61
Trd, 4318419.093, 64
Trd, 4318420.343, 61
Trd, 4318420.593, 61
Trd, 4318420.893, 61
Trd, 4318420.993, 62
Trd, 4318421.043, 65
Trd, 4318421.093, 68
Trd, 4318421.893, 60
Trd, 4318422.643, 64
Trd, 4318422.743, 60
Trd, 4318423.893, 64
Trd, 4318424.393, 65
Trd, 4318424.543, 66
Trd, 4318425.193, 140
Trd, 4318425.293, 64
Trd, 4318425.893, 140
Trd, 4318426.143, 140
Trd, 4318428.743, 139
Trd, 4318428.943, 138
Trd, 4318430.293, 139
Trd, 4318430.943, 139
Trd, 4318431.043, 138
Trd, 4318432.043, 140
Trd, 4318432.293, 140
Trd, 4318432.943, 139
Trd, 4318433.543, 140
Trd, 4318434.243, 139
Trd, 4318434.393, 138
Trd, 4318435.243, 139
Trd, 4318435.343, 140
Trd, 4318435.793, 132
Trd, 4318437.043, 71
Trd, 4318438.093, 138
Trd, 4318438.693, 140
Trd, 4318438.743, 139
Trd, 4318438.943, 138
Trd, 4318440.793, 140
Trd, 4318441.393, 140
Trd, 4318441.943, 124
Trd, 4318441.993, 123
Trd, 4318442.143, 122
Trd, 4318443.743, 139
Trd, 4318444.743, 139
Trd, 4318444.943, 138
Trd, 4318445.193, 136
Trd, 4318446.193, 140
Trd, 4318446.243, 140
Trd, 4318447.693, 139
Trd, 4318447.993, 138
Trd, 4318448.193, 135
Trd, 4318448.293, 67
Trd, 4318449.243, 140
Trd, 4318450.043, 140
Trd, 4318450.743, 140
Trd, 4318451.393, 140
Trd, 4318451.643, 100
Trd, 4318452.393, 60
Trd, 4318453.693, 65
Trd, 4318453.943, 66
Trd, 4318454.293, 139
Trd, 4318454.843, 138
Trd, 4318455.443, 60
Trd, 4318457.243, 129
Trd, 4318457.443, 128
Trd, 4318458.043, 140
Trd, 4318458.393, 124
Trd, 4318458.443, 61
Trd, 4318458.943, 140
Trd, 4318459.393, 140
Trd, 4318459.443, 72
Trd, 4318461.143, 140
Trd, 4318461.343, 140
Trd, 4318463.493, 140
Trd, 4318463.593, 140
Trd, 4318463.893, 140
Trd, 4318464.743, 140
Trd, 4318465.193, 140
Trd, 4318466.343, 140
Trd, 4318466.443, 140
Trd, 4318466.693, 140
Trd, 4318467.343, 138
Trd, 4318467.743, 60
Trd, 4318467.843, 60
Trd, 4318469.043, 60
Trd, 4318470.293, 60
Trd, 4318470.393, 60
Trd, 4318470.993, 60
Trd, 4318471.193, 60
Trd, 4318471.993, 60
Trd, 4318472.393, 61
Trd, 4318472.543, 60
Trd, 4318473.893, 62
Trd, 4318473.943, 67
Trd, 4318474.093, 77
Trd, 4318475.043, 60
Trd, 4318475.193, 64
Trd, 4318476.443, 61
Trd, 4318477.843, 64
Trd, 4318478.143, 63
Trd, 4318478.393, 137
Trd, 4318479.243, 61
Trd, 4318479.893, 61
Trd, 4318480.743, 60
Trd, 4318480.793, 62
Trd, 4318481.093, 70
Trd, 4318482.443, 64
Trd, 4318482.593, 66
Trd, 4318483.893, 60
Trd, 4318484.043, 63
Trd, 4318485.143, 61
Trd, 4318485.443, 63
Trd, 4318485.793, 62
Trd, 4318486.643, 62
Trd, 4318487.543, 60
Trd, 4318487.643, 62
Trd, 4318487.743, 67
Trd, 4318488.693, 132
Trd, 4318491.593, 60
Trd, 4318491.793, 60
Trd, 4318491.993, 61
Trd, 4318492.443, 60
Trd, 4318493.243, 60
Trd, 4318493.743, 62
Trd, 4318493.793, 63
Trd, 4318495.143, 61
Trd, 4318495.393, 65
Trd, 4318496.343, 62
Trd, 4318496.793, 62
Trd, 4318496.843, 61
Trd, 4318496.943, 63
Trd, 4318497.043, 65
Trd, 4318497.443, 60
Trd, 4318497.543, 65
Trd, 4318498.043, 62
Trd, 4318498.443, 62
Trd, 4318499.393, 67
Trd, 4318500.593, 62
Trd, 4318502.093, 61
Trd, 4318503.893, 60
Trd, 4318503.993, 60
Trd, 4318504.593, 62
Trd, 4318504.843, 64
Trd, 4318505.943, 64
Trd, 4318507.893, 60
Trd, 4318507.943, 60
Trd, 4318508.243, 61
Trd, 4318508.793, 63
Trd, 4318509.743, 60
Trd, 4318510.693, 60
Trd, 4318511.293, 60
Trd, 4318511.543, 65
Trd, 4318513.593, 60
Trd, 4318515.293, 60
Trd, 4318515.593, 61
Trd, 4318515.893, 60
Trd, 4318516.793, 60
Trd, 4318516.993, 60
Trd, 4318517.293, 62
Trd, 4318517.693, 65
Trd, 4318517.893, 60
Trd, 4318518.343, 63
Trd, 4318518.943, 71
Trd, 4318519.243, 140
Trd, 4318519.593, 128
Trd, 4318520.993, 140
Trd, 4318521.293, 140
Trd, 4318521.893, 140
Trd, 4318522.143, 140
Trd, 4318522.993, 140
Trd, 4318524.193, 137
Trd, 4318524.443, 135
Trd, 4318524.943, 62
Trd, 4318526.843, 60
Trd, 4318526.993, 60
Trd, 4318527.643, 62
Trd, 4318528.643, 63
Trd, 4318529.293, 60
Trd, 4318530.143, 61
Trd, 4318530.343, 62
Trd, 4318531.043, 60
Trd, 4318531.393, 61
Trd, 4318533.093, 60
Trd, 4318534.493, 60
Trd, 4318534.793, 63
Trd, 4318535.243, 61
Trd, 4318535.393, 67
Trd, 4318536.343, 64
Trd, 4318536.793, 60
Trd, 4318536.893, 60
Trd, 4318537.593, 62
Trd, 4318537.693, 71
Trd, 4318539.593, 60
Trd, 4318540.343, 60
Trd, 4318541.793, 60
Trd, 4318541.943, 60
Trd, 4318542.893, 60
Trd, 4318543.443, 60
Trd, 4318544.593, 61
Trd, 4318546.293, 60
Trd, 4318547.393, 60
Trd, 4318547.993, 61
Trd, 4318548.043, 61
Trd, 4318548.293, 60
Trd, 4318550.343, 60
Trd, 4318550.543, 61
Trd, 4318550.843, 68
Trd, 4318551.443, 60
Trd, 4318552.693, 62
Trd, 4318554.093, 62
Trd, 4318554.693, 62
Trd, 4318555.043, 69
Trd, 4318555.393, 60
Trd, 4318557.043, 62
Trd, 4318557.893, 61
Trd, 4318558.493, 62
Trd, 4318558.593, 62
Trd, 4318560.843, 60
Trd, 4318560.943, 60
Trd, 4318561.893, 60
Trd, 4318562.493, 60
Trd, 4318562.993, 60
Trd, 4318563.893, 62
Trd, 4318564.293, 64
Trd, 4318565.243, 61
Trd, 4318566.093, 61
Trd, 4318566.843, 63
Trd, 4318567.193, 63
Trd, 4318568.193, 60
Trd, 4318568.493, 60
Trd, 4318569.343, 61
Trd, 4318569.793, 61
Trd, 4318570.043, 63
Trd, 4318570.093, 65
Trd, 4318572.543, 60
Trd, 4318572.743, 60
Trd, 4318575.093, 60
Trd, 4318575.243, 61
Trd, 4318575.693, 60
Trd, 4318576.343, 60
Trd, 4318577.493, 60
Trd, 4318578.193, 60
Trd, 4318578.443, 60
Trd, 4318578.493, 70
Trd, 4318580.493, 61
Trd, 4318580.643, 62
Trd, 4318581.543, 60
Trd, 4318581.643, 65
Trd, 4318583.943, 60
Trd, 4318584.393, 62
Trd, 4318584.593, 62
Trd, 4318585.093, 64
Trd, 4318586.143, 60
Trd, 4318586.693, 60
Trd, 4318586.843, 61
Trd, 4318588.293, 61
Trd, 4318588.643, 62
Trd, 4318589.993, 62
Trd, 4318590.493, 60
Trd, 4318592.493, 60
Trd, 4318592.743, 60
Trd, 4318592.843, 60
Trd, 4318593.443, 63
Trd, 4318593.743, 64
Trd, 4318593.993, 66
Trd, 4318594.893, 67
Trd, 4318595.343, 62
Trd, 4318596.343, 60
Trd, 4318596.393, 60
Trd, 4318596.793, 61
Trd, 4318597.043, 68
Trd, 4318598.393, 62
Trd, 4318598.843, 105
Trd, 4318599.393, 68
Trd, 4318600.293, 139
Trd, 4318601.193, 69
Trd, 4318601.493, 66
Trd, 4318601.793, 72
Trd, 4318601.943, 75
Trd, 4318602.843, 140
Trd, 4318603.643, 139
Trd, 4318604.493, 140
Trd, 4318604.693, 140
Trd, 4318606.293, 62
Trd, 4318607.093, 61
Trd, 4318607.193, 62
Trd, 4318608.093, 61
Trd, 4318609.143, 62
Trd, 4318609.593, 61
Trd, 4318610.893, 60
Trd, 4318612.143, 60
Trd, 4318612.843, 60
Trd, 4318612.893, 60
Trd, 4318613.693, 60
Trd, 4318614.193, 67
Trd, 4318614.243, 69
Trd, 4318614.843, 64
Trd, 4318615.143, 61
Trd, 4318616.093, 65
Trd, 4318616.743, 62
Trd, 4318617.893, 61
Trd, 4318618.143, 63
Trd, 4318618.593, 61
Trd, 4318619.043, 66
Trd, 4318620.293, 64
Trd, 4318620.843, 62
Trd, 4318621.593, 65
Trd, 4318622.593, 60
Trd, 4318622.793, 61
Trd, 4318624.293, 64
Trd, 4318624.593, 65
Trd, 4318624.693, 65
Trd, 4318625.043, 61
Trd, 4318626.543, 60
Trd, 4318627.293, 61
Trd, 4318628.643, 60
Trd, 4318628.743, 60
Trd, 4318629.193, 60
Trd, 4318630.043, 63
Trd, 4318631.093, 60
Trd, 4318631.893, 60
Trd, 4318632.493, 60
Trd, 4318632.643, 60
Trd, 4318633.743, 60
Trd, 4318634.693, 63
Trd, 4318635.593, 73
Trd, 4318635.993, 140
Trd, 4318637.193, 140
Trd, 4318637.243, 140
Trd, 4318638.093, 140
Trd, 4318638.143, 140
Trd, 4318638.243, 140
Trd, 4318639.593, 122
Trd, 4318639.743, 115
Trd, 4318640.293, 67
Trd, 4318641.443, 61
Trd, 4318642.143, 68
Trd, 4318642.343, 75
Trd, 4318642.893, 140
Trd, 4318643.143, 140
Trd, 4318644.893, 140
Trd, 4318644.993, 140
Trd, 4318645.143, 140
Trd, 4318645.393, 140
Trd, 4318646.443, 61
Trd, 4318646.993, 60
Trd, 4318647.343, 67
Trd, 4318648.793, 60
Trd, 4318649.743, 60
Trd, 4318649.993, 60
Trd, 4318650.443, 61
Trd, 4318650.693, 62
Trd, 4318651.243, 139
Trd, 4318653.043, 60
Trd, 4318653.493, 60
Trd, 4318654.743, 60
Trd, 4318655.043, 60
Trd, 4318655.993, 60
Trd, 4318656.093, 60
Trd, 4318657.293, 60
Trd, 4318657.643, 60
Trd, 4318658.193, 67
Trd, 4318659.243, 60
Trd, 4318661.193, 60
Trd, 4318662.243, 60
Trd, 4318662.943, 61
Trd, 4318663.093, 60
Trd, 4318663.193, 62
Trd, 4318663.893, 64
Trd, 4318664.343, 64
Trd, 4318664.843, 63
Trd, 4318665.043, 64
Trd, 4318665.143, 62
Trd, 4318665.493, 67
Trd, 4318666.043, 140
Trd, 4318666.143, 140
Trd, 4318667.093, 140
Trd, 4318667.443, 140
Trd, 4318668.443, 62
Trd, 4318668.643, 92
Trd, 4318669.043, 137
Trd, 4318670.393, 137
Trd, 4318670.943, 60
Trd, 4318671.843, 66
Trd, 4318672.043, 62
Trd, 4318672.443, 114
Trd, 4318673.093, 65
Trd, 4318674.493, 60
Trd, 4318676.643, 63
Trd, 4318676.743, 108
Trd, 4318676.893, 70
Trd, 4318677.343, 62
Trd, 4318677.693, 63
Trd, 4318678.743, 136
Trd, 4318679.543, 112
Trd, 4318680.093, 140
Trd, 4318680.193, 136
Trd, 4318680.993, 64
Trd, 4318681.193, 69
Trd, 4318681.993, 60
Trd, 4318683.143, 72
Trd, 4318683.943, 60
Trd, 4318684.943, 60
Trd, 4318685.643, 60
Trd, 4318685.793, 61
Trd, 4318686.993, 60
Trd, 4318687.793, 63
Trd, 4318688.643, 60
Trd, 4318689.593, 61
Trd, 4318689.693, 62
Trd, 4318690.243, 61
Trd, 4318690.993, 62
Trd, 4318691.693, 60
Trd, 4318691.743, 63
Trd, 4318693.543, 63
Trd, 4318693.943, 64
Trd, 4318694.043, 64
Trd, 4318695.143, 60
Trd, 4318695.543, 62
Trd, 4318696.193, 64
Trd, 4318696.343, 66
Trd, 4318697.093, 60
Trd, 4318697.393, 67
Trd, 4318697.893, 69
Trd, 4318698.593, 64
Trd, 4318699.293, 118
Trd, 4318699.343, 117
Trd, 4318700.093, 140
Trd, 4318700.343, 140
Trd, 4318700.693, 106
Trd, 4318700.993, 62
Trd, 4318702.843, 137
Trd, 4318702.943, 123
Trd, 4318703.143, 140
Trd, 4318703.743, 89
Trd, 4318705.693, 60
Trd, 4318706.693, 60
Trd, 4318707.443, 61
Trd, 4318707.593, 63
Trd, 4318708.243, 60
Trd, 4318708.843, 62
Trd, 4318709.643, 70
Trd, 4318711.043, 61
Trd, 4318712.143, 62
Trd, 4318713.243, 60
Trd, 4318713.593, 63
Trd, 4318713.693, 65
Trd, 4318714.093, 60
Trd, 4318714.993, 61
Trd, 4318715.393, 62
Trd, 4318715.493, 64
Trd, 4318715.843, 112
Trd, 4318716.743, 62
Trd, 4318717.543, 60
Trd, 4318718.093, 65
Trd, 4318720.143, 61
Trd, 4318720.243, 63
Trd, 4318720.493, 64
Trd, 4318720.743, 80
Trd, 4318722.893, 63
Trd, 4318723.143, 66
Trd, 4318723.493, 61
Trd, 4318724.393, 60
Trd, 4318724.993, 60
Trd, 4318725.093, 62
Trd, 4318726.793, 62
Trd, 4318727.193, 62
Trd, 4318727.393, 63
Trd, 4318728.293, 60
Trd, 4318729.793, 61
Trd, 4318730.043, 62
Trd, 4318731.043, 64
Trd, 4318731.193, 68
Trd, 4318731.843, 63
Trd, 4318732.993, 62
Trd, 4318733.343, 62
Trd, 4318735.193, 60
Trd, 4318735.843, 60
Trd, 4318736.543, 60
Trd, 4318737.593, 60
Trd, 4318737.893, 60
Trd, 4318738.293, 60
Trd, 4318738.893, 63
Trd, 4318739.193, 67
Trd, 4318740.193, 77
Trd, 4318740.443, 62
Trd, 4318741.293, 60
Trd, 4318741.693, 62
Trd, 4318741.993, 62
Trd, 4318743.543, 60
Trd, 4318744.643, 60
Trd, 4318745.393, 60
Trd, 4318746.043, 60
Trd, 4318746.393, 62
Trd, 4318747.093, 64
Trd, 4318747.793, 78
Trd, 4318748.343, 60
Trd, 4318750.543, 60
Trd, 4318751.443, 66
Trd, 4318751.843, 60
Trd, 4318751.993, 61
Trd, 4318752.943, 63
Trd, 4318753.093, 62
Trd, 4318753.443, 65
Trd, 4318753.493, 68
Trd, 4318753.693, 61
Trd, 4318753.893, 60
Trd, 4318754.743, 62
Trd, 4318755.193, 60
Trd, 4318756.193, 61
Trd, 4318756.293, 61
Trd, 4318757.793, 60
Trd, 4318758.293, 63
Trd, 4318760.393, 62
Trd, 4318760.843, 63
Trd, 4318761.493, 65
Trd, 4318761.993, 60
Trd, 4318762.093, 62
Trd, 4318762.543, 64
Trd, 4318762.693, 139
Trd, 4318763.443, 60
Trd, 4318765.493, 60
Trd, 4318765.643, 62
Trd, 4318765.693, 64
Trd, 4318767.943, 60
Trd, 4318768.343, 62
Trd, 4318768.793, 64
Trd, 4318768.893, 62
Trd, 4318769.093, 68
Trd, 4318769.593, 138
Trd, 4318770.043, 87
Trd, 4318770.243, 137
Trd, 4318770.943, 63
Trd, 4318772.943, 60
Trd, 4318772.993, 61
Trd, 4318773.343, 60
Trd, 4318773.393, 63
Trd, 4318776.543, 60
Trd, 4318777.193, 61
Trd, 4318777.843, 61
Trd, 4318778.543, 61
Trd, 4318778.993, 64
Trd, 4318779.393, 65
Trd, 4318779.943, 140
Trd, 4318780.093, 129
Trd, 4318780.393, 129
Trd, 4318780.543, 128
Trd, 4318781.793, 60
Trd, 4318782.693, 61
Trd, 4318783.593, 64
Trd, 4318785.043, 60
Trd, 4318785.793, 61
Trd, 4318785.943, 62
Trd, 4318786.943, 61
Trd, 4318787.443, 62
Trd, 4318788.243, 67
Trd, 4318788.443, 63
Trd, 4318789.493, 140
Trd, 4318789.543, 140
Trd, 4318789.943, 135
Trd, 4318790.443, 125
Trd, 4318790.543, 124
Trd, 4318792.193, 132
Trd, 4318794.043, 60
Trd, 4318794.843, 60
Trd, 4318795.193, 60
Trd, 4318796.393, 61
Trd, 4318796.993, 60
Trd, 4318797.443, 60
Trd, 4318797.493, 62
Trd, 4318797.643, 74
Trd, 4318798.593, 60
Trd, 4318799.493, 62
Trd, 4318799.693, 68
Trd, 4318801.043, 60
Trd, 4318802.193, 62
Trd, 4318803.393, 60
Trd, 4318803.793, 60
Trd, 4318804.593, 63
Trd, 4318805.293, 60
Trd, 4318805.543, 61
Trd, 4318805.793, 61
Trd, 4318806.443, 61
Trd, 4318807.093, 62
Trd, 4318807.143, 75
Trd, 4318808.093, 140
Trd, 4318809.093, 140
Trd, 4318809.643, 140
Trd, 4318809.993, 140
Trd, 4318810.293, 140
Trd, 4318811.243, 140
Trd, 4318812.143, 140
Trd, 4318812.393, 140
Trd, 4318812.593, 139
Trd, 4318813.443, 140
Trd, 4318814.243, 138
Trd, 4318815.093, 140
Trd, 4318815.443, 140
Trd, 4318815.643, 140
Trd, 4318816.643, 140
Trd, 4318817.243, 140
Trd, 4318817.593, 140
Trd, 4318819.193, 140
Trd, 4318819.293, 138
Trd, 4318819.643, 135
Trd, 4318819.893, 140
Trd, 4318820.643, 139
Trd, 4318820.693, 96
Trd, 4318820.893, 95
Trd, 4318822.193, 130
Trd, 4318823.843, 110
Trd, 4318823.993, 140
Trd, 4318824.493, 140
Trd, 4318825.393, 75
Trd, 4318826.643, 140
Trd, 4318826.743, 140
Trd, 4318827.193, 69
Trd, 4318827.693, 139
Trd, 4318827.893, 139
Trd, 4318828.143, 140
Trd, 4318828.543, 140
Trd, 4318829.993, 140
Trd, 4318830.393, 140
Trd, 4318830.793, 139
Trd, 4318831.243, 138
Trd, 4318831.593, 140
Trd, 4318832.193, 60
Trd, 4318833.043, 60
Trd, 4318835.243, 140
Trd, 4318835.343, 140
Trd, 4318835.943, 140
Trd, 4318836.093, 140
Trd, 4318836.393, 139
Trd, 4318837.043, 133
Trd, 4318837.393, 140
Trd, 4318837.793, 132
Trd, 4318838.293, 62
Trd, 4318839.293, 139
Trd, 4318840.093, 140
Trd, 4318840.593, 140
Trd, 4318841.293, 140
Trd, 4318841.943, 140
Trd, 4318842.543, 140
Trd, 4318842.593, 139
Trd, 4318842.943, 135
Trd, 4318844.293, 88
Trd, 4318844.543, 140
Trd, 4318844.993, 72
Trd, 4318845.843, 68
Trd, 4318846.143, 114
Trd, 4318846.843, 75
Trd, 4318847.243, 77
Trd, 4318847.943, 139
Trd, 4318849.143, 140
Trd, 4318849.643, 63
Trd, 4318850.793, 64
Trd, 4318851.643, 60
Trd, 4318852.193, 61
Trd, 4318853.743, 63
Trd, 4318854.843, 60
Trd, 4318854.993, 61
Trd, 4318855.043, 64
Trd, 4318857.143, 60
Trd, 4318857.643, 60
Trd, 4318858.393, 61
Trd, 4318859.393, 64
Trd, 4318859.693, 64
Trd, 4318860.193, 89
Trd, 4318860.443, 81
Trd, 4318861.693, 60
Trd, 4318861.793, 60
Trd, 4318862.243, 140
Trd, 4318862.343, 140
Trd, 4318863.093, 71
Trd, 4318863.193, 67
Trd, 4318863.843, 120
Trd, 4318864.393, 139
Trd, 4318865.393, 140
Trd, 4318865.543, 138
Trd, 4318865.793, 138
Trd, 4318866.343, 61
Trd, 4318868.043, 140
Trd, 4318868.393, 140
Trd, 4318868.543, 140
Trd, 4318869.693, 140
Trd, 4318869.793, 114
Trd, 4318870.493, 65
Trd, 4318870.843, 82
Trd, 4318872.793, 65
Trd, 4318872.843, 66
Trd, 4318873.443, 60
Trd, 4318874.243, 60
Trd, 4318874.543, 61
Trd, 4318875.543, 61
Trd, 4318876.493, 60
Trd, 4318876.643, 61
Trd, 4318876.843, 62
Trd, 4318877.893, 61
Trd, 4318879.193, 69
Trd, 4318879.443, 60
Trd, 4318880.093, 60
Trd, 4318881.193, 61
Trd, 4318881.293, 63
Trd, 4318881.693, 62
Trd, 4318882.693, 62
Trd, 4318882.843, 64
Trd, 4318883.643, 64
Trd, 4318884.143, 60
Trd, 4318884.543, 61
Trd, 4318885.393, 60
Trd, 4318885.743, 61
Trd, 4318887.343, 60
Trd, 4318888.143, 60
Trd, 4318888.643, 61
Trd, 4318888.893, 62
Trd, 4318888.993, 63
Trd, 4318890.293, 62
Trd, 4318890.843, 60
Trd, 4318891.443, 69
Trd, 4318892.443, 61
Trd, 4318893.493, 60
Trd, 4318894.393, 60
Trd, 4318894.843, 60
Trd, 4318895.043, 63
Trd, 4318896.043, 60
Trd, 4318896.143, 64
Trd, 4318897.343, 61
Trd, 4318897.543, 63
Trd, 4318898.743, 60
Trd, 4318901.193, 60
Trd, 4318901.243, 64
Trd, 4318901.343, 64
Trd, 4318901.543, 64
Trd, 4318901.993, 60
Trd, 4318902.343, 61
Trd, 4318902.393, 67
Trd, 4318903.293, 60
Trd, 4318904.243, 62
Trd, 4318904.443, 63
Trd, 4318905.143, 69
Trd, 4318905.743, 139
Trd, 4318906.043, 68
Trd, 4318908.343, 62
Trd, 4318909.043, 60
Trd, 4318909.843, 61
Trd, 4318909.893, 62
Trd, 4318910.043, 60
Trd, 4318910.343, 62
Trd, 4318910.943, 60
Trd, 4318912.843, 60
Trd, 4318913.293, 62
Trd, 4318915.143, 61
Trd, 4318915.343, 62
Trd, 4318915.493, 62
Trd, 4318916.043, 63
Trd, 4318916.393, 60
Trd, 4318917.843, 62
Trd, 4318918.093, 62
Trd, 4318919.843, 60
Trd, 4318919.993, 64
Trd, 4318920.093, 139
Trd, 4318921.043, 60
Trd, 4318921.593, 61
Trd, 4318922.043, 62
Trd, 4318923.043, 60
Trd, 4318924.143, 61
Trd, 4318925.393, 60
Trd, 4318925.543, 60
Trd, 4318925.743, 61
Trd, 4318929.393, 61
Trd, 4318929.743, 63
Trd, 4318929.993, 62
Trd, 4318930.493, 61
Trd, 4318930.543, 62
Trd, 4318930.693, 64
Trd, 4318932.643, 60
Trd, 4318932.693, 64
Trd, 4318933.293, 60
Trd, 4318933.493, 61
Trd, 4318934.743, 60
Trd, 4318935.393, 60
Trd, 4318936.743, 60
Trd, 4318938.443, 60
Trd, 4318939.293, 60
Trd, 4318940.043, 60
Trd, 4318940.343, 61
Trd, 4318941.193, 60
Trd, 4318942.143, 60
Trd, 4318942.243, 60
Trd, 4318942.493, 61
Trd, 4318942.993, 61
Trd, 4318943.493, 78
Trd, 4318943.693, 62
Trd, 4318945.443, 63
Trd, 4318946.543, 62
Trd, 4318946.893, 65
Trd, 4318948.443, 60
Trd, 4318948.493, 60
Trd, 4318948.993, 61
Trd, 4318949.193, 60
Trd, 4318950.193, 65
Trd, 4318950.793, 60
Trd, 4318950.843, 61
Trd, 4318952.143, 60
Trd, 4318952.443, 140
Trd, 4318952.743, 140
Trd, 4318954.093, 60
Trd, 4318955.093, 60
Trd, 4318955.143, 60
Trd, 4318955.393, 63
Trd, 4318956.043, 63
Trd, 4318956.443, 65
Trd, 4318956.943, 140
Trd, 4318957.443, 99
Trd, 4318957.693, 62
Trd, 4318958.843, 60
Trd, 4318960.493, 60
Trd, 4318961.743, 60
Trd, 4318961.943, 61
Trd, 4318962.343, 60
Trd, 4318963.193, 61
Trd, 4318964.143, 62
Trd, 4318964.743, 61
Trd, 4318964.893, 60
Trd, 4318967.293, 60
Trd, 4318968.943, 60
Trd, 4318969.043, 60
Trd, 4318969.143, 60
Trd, 4318969.593, 61
Trd, 4318969.793, 62
Trd, 4318970.593, 60
Trd, 4318971.543, 61
Trd, 4318972.993, 60
Trd, 4318973.093, 60
Trd, 4318973.643, 61
Trd, 4318974.393, 65
Trd, 4318974.543, 60
Trd, 4318975.293, 83
Trd, 4318975.893, 60
Trd, 4318975.943, 61
Trd, 4318976.143, 60
Trd, 4318977.493, 140
Trd, 4318977.593, 139
Trd, 4318979.043, 60
Trd, 4318980.693, 61
Trd, 4318981.493, 61
Trd, 4318982.143, 60
Trd, 4318983.143, 61
Trd, 4318983.243, 61
Trd, 4318983.493, 61
Trd, 4318983.893, 67
Trd, 4318984.043, 84
Trd, 4318984.493, 64
Trd, 4318984.993, 85
Trd, 4318986.843, 62
Trd, 4318988.143, 60
Trd, 4318988.193, 60
Trd, 4318988.843, 60
Trd, 4318988.893, 60
Trd, 4318990.143, 60
Trd, 4318990.443, 60
Trd, 4318990.993, 62
Trd, 4318991.043, 67
Trd, 4318991.693, 63
Trd, 4318992.343, 62
Trd, 4318992.893, 62
Trd, 4318993.593, 60
Trd, 4318994.943, 61
Trd, 4318995.193, 62
Trd, 4318995.493, 61
Trd, 4318995.793, 60
Trd, 4318996.293, 62
Trd, 4318996.743, 140
Trd, 4318998.643, 60
Trd, 4318999.043, 63
Trd, 4318999.643, 60
Trd, 4319000.743, 60
Trd, 4319001.793, 60
Trd, 4319002.093, 60
Trd, 4319002.643, 62
Trd, 4319002.743, 68
Trd, 4319004.393, 61
Trd, 4319005.093, 61
Trd, 4319005.843, 61
Trd, 4319006.793, 60
Trd, 4319006.893, 60
Trd, 4319007.093, 60
Trd, 4319007.443, 60
Trd, 4319007.493, 61
Trd, 4319008.393, 140
Trd, 4319009.243, 139
Trd, 4319009.793, 138
Trd, 4319010.393, 63
Trd, 4319010.543, 63
Trd, 4319011.893, 65
Trd, 4319012.343, 77
Trd, 4319013.043, 60
Trd, 4319013.843, 62
Trd, 4319014.093, 64
Trd, 4319014.443, 60
Trd, 4319015.693, 61
Trd, 4319016.343, 62
Trd, 4319016.643, 64
Trd, 4319017.043, 60
Trd, 4319017.693, 61
Trd, 4319017.993, 63
Trd, 4319018.593, 60
Trd, 4319018.793, 61
Trd, 4319019.393, 64
Trd, 4319020.293, 139
Trd, 4319020.893, 63
Trd, 4319023.843, 60
Trd, 4319024.243, 60
Trd, 4319024.443, 61
Trd, 4319025.193, 60
Trd, 4319025.293, 61
Trd, 4319026.243, 60
Trd, 4319027.493, 60
Trd, 4319027.693, 61
Trd, 4319028.293, 60
Trd, 4319028.443, 63
Trd, 4319029.043, 63
Trd, 4319029.843, 73
Trd, 4319030.293, 138
Trd, 4319030.493, 140
Trd, 4319033.943, 60
Trd, 4319034.893, 60
Trd, 4319035.293, 60
Trd, 4319035.343, 60
Trd, 4319035.593, 60
Trd, 4319035.643, 61
Trd, 4319036.493, 60
Trd, 4319036.643, 61
Trd, 4319036.993, 61
Trd, 4319037.893, 60
Trd, 4319038.243, 60
Trd, 4319038.693, 62
Trd, 4319039.343, 140
Trd, 4319040.243, 60
Trd, 4319042.043, 60
Trd, 4319042.243, 61
Trd, 4319042.293, 65
Trd, 4319044.043, 63
Trd, 4319045.343, 62
Trd, 4319047.193, 60
Trd, 4319047.243, 60
Trd, 4319047.443, 60
Trd, 4319047.493, 60
Trd, 4319048.143, 60
Trd, 4319048.443, 61
Trd, 4319048.693, 62
Trd, 4319049.543, 62
Trd, 4319050.593, 60
Trd, 4319050.993, 60
Trd, 4319052.393, 60
Trd, 4319052.443, 60
Trd, 4319052.893, 62
Trd, 4319053.693, 60
Trd, 4319053.893, 61
Trd, 4319054.293, 64
Trd, 4319056.893, 60
Trd, 4319057.143, 60
Trd, 4319057.443, 62
Trd, 4319057.743, 61
Trd, 4319060.093, 60
Trd, 4319060.493, 60
Trd, 4319060.643, 61
Trd, 4319060.743, 66
Trd, 4319061.543, 60
Trd, 4319062.193, 60
Trd, 4319062.743, 62
Trd, 4319064.593, 62
Trd, 4319064.893, 60
Trd, 4319065.043, 64
Trd, 4319065.643, 60
Trd, 4319065.893, 61
Trd, 4319066.443, 61
Trd, 4319066.793, 67
Trd, 4319067.343, 62
Trd, 4319067.793, 60
Trd, 4319068.793, 60
Trd, 4319068.893, 61
Trd, 4319069.243, 62
Trd, 4319069.793, 61
Trd, 4319071.393, 60
Trd, 4319072.543, 61
Trd, 4319073.793, 62
Trd, 4319073.943, 61
Trd, 4319074.293, 62
Trd, 4319075.293, 60
Trd, 4319075.693, 62
Trd, 4319076.543, 60
Trd, 4319076.693, 67
Trd, 4319077.943, 60
Trd, 4319078.893, 60
Trd, 4319079.543, 61
Trd, 4319079.693, 60
Trd, 4319080.393, 66
Trd, 4319080.993, 140
Trd, 4319081.493, 67
Trd, 4319081.943, 68
Trd, 4319082.093, 74
Trd, 4319082.143, 66
Trd, 4319082.743, 85
Trd, 4319083.143, 140
Trd, 4319083.943, 95
Trd, 4319084.993, 140
Trd, 4319085.043, 140
Trd, 4319085.243, 62
Trd, 4319085.843, 65
Trd, 4319088.193, 60
Trd, 4319089.243, 62
Trd, 4319089.343, 62
Trd, 4319089.543, 64
Trd, 4319090.143, 65
Trd, 4319090.443, 63
Trd, 4319092.293, 61
Trd, 4319093.293, 60
Trd, 4319094.643, 60
Trd, 4319095.443, 65
Trd, 4319095.743, 64
Trd, 4319095.993, 64
Trd, 4319096.393, 65
Trd, 4319096.443, 66
Trd, 4319096.993, 64
Trd, 4319098.643, 60
Trd, 4319100.393, 61
Trd, 4319100.593, 60
Trd, 4319100.693, 62
Trd, 4319101.443, 61
Trd, 4319101.993, 62
Trd, 4319102.993, 61
Trd, 4319103.243, 61
Trd, 4319105.243, 65
Trd, 4319105.543, 65
Trd, 4319105.693, 63
Trd, 4319106.593, 60
Trd, 4319107.043, 62
Trd, 4319107.243, 61
Trd, 4319108.693, 61
Trd, 4319109.993, 68
Trd, 4319110.993, 61
Trd, 4319111.343, 60
Trd, 4319111.643, 60
Trd, 4319112.343, 62
Trd, 4319112.593, 60
Trd, 4319113.143, 60
Trd, 4319113.243, 60
Trd, 4319113.443, 61
Trd, 4319114.443, 60
Trd, 4319114.943, 65
Trd, 4319115.793, 140
Trd, 4319116.543, 140
Trd, 4319117.143, 140
Trd, 4319117.643, 140
Trd, 4319117.693, 140
Trd, 4319118.793, 140
Trd, 4319119.593, 139
Trd, 4319119.893, 104
Trd, 4319120.343, 60
Trd, 4319120.643, 137
Trd, 4319121.393, 140
Trd, 4319123.043, 140
Trd, 4319123.193, 140
Trd, 4319123.743, 140
Trd, 4319124.493, 139
Trd, 4319124.643, 140
Trd, 4319124.693, 83
Trd, 4319124.993, 82
Trd, 4319126.093, 123
Trd, 4319127.443, 61
Trd, 4319127.843, 64
Trd, 4319128.043, 62
Trd, 4319128.843, 60
Trd, 4319129.043, 62
Trd, 4319129.193, 69
Trd, 4319130.393, 61
Trd, 4319130.743, 139
Trd, 4319131.943, 140
Trd, 4319132.043, 140
Trd, 4319133.093, 96
Trd, 4319134.743, 140
Trd, 4319135.243, 140
Trd, 4319135.593, 140
Trd, 4319136.143, 139
Trd, 4319136.243, 139
Trd, 4319136.643, 130
Trd, 4319137.843, 136
Trd, 4319138.343, 134
Trd, 4319139.043, 126
Trd, 4319139.343, 93
Trd, 4319140.343, 60
Trd, 4319140.393, 62
Trd, 4319141.543, 69
Trd, 4319141.843, 70
Trd, 4319142.693, 61
Trd, 4319143.093, 97
Trd, 4319144.493, 62
Trd, 4319144.893, 61
Trd, 4319145.093, 62
Trd, 4319145.143, 67
Trd, 4319145.593, 110
Trd, 4319145.943, 136
Trd, 4319146.343, 135
Trd, 4319146.693, 84
Trd, 4319147.143, 84
Trd, 4319147.993, 140
Trd, 4319148.443, 106
Trd, 4319150.493, 140
Trd, 4319151.343, 140
Trd, 4319151.543, 139
Trd, 4319151.893, 140
Trd, 4319152.243, 140
Trd, 4319152.843, 139
Trd, 4319152.993, 139
Trd, 4319154.043, 139
Trd, 4319155.493, 140
Trd, 4319155.893, 62
Trd, 4319157.143, 62
Trd, 4319158.193, 60
Trd, 4319158.443, 60
Trd, 4319159.193, 61
Trd, 4319160.093, 61
Trd, 4319160.243, 61
Trd, 4319160.293, 62
Trd, 4319160.543, 62
Trd, 4319161.243, 66
Trd, 4319163.493, 60
Trd, 4319163.643, 61
Trd, 4319163.843, 62
Trd, 4319164.643, 61
Trd, 4319165.293, 61
Trd, 4319165.793, 62
Trd, 4319166.993, 61
Trd, 4319167.893, 64
Trd, 4319168.693, 69
Trd, 4319169.243, 61
Trd, 4319171.193, 60
Trd, 4319171.243, 60
Trd, 4319171.443, 62
Trd, 4319172.393, 61
Trd, 4319172.843, 63
Trd, 4319173.243, 64
Trd, 4319173.843, 64
Trd, 4319173.893, 63
Trd, 4319174.293, 93
Trd, 4319174.443, 140
Trd, 4319175.193, 61
Trd, 4319175.493, 63
Trd, 4319176.493, 140
Trd, 4319177.193, 140
Trd, 4319177.593, 139
Trd, 4319179.593, 62
Trd, 4319180.043, 67
Trd, 4319181.093, 64
Trd, 4319182.243, 61
Trd, 4319182.443, 65
Trd, 4319182.693, 66
Trd, 4319183.243, 139
Trd, 4319183.443, 140
Trd, 4319184.043, 140
Trd, 4319184.343, 138
Trd, 4319185.893, 60
Trd, 4319186.443, 60
Trd, 4319187.793, 61
Trd, 4319188.943, 60
Trd, 4319188.993, 61
Trd, 4319189.493, 63
Trd, 4319189.743, 66
Trd, 4319190.293, 67
Trd, 4319190.693, 69
Trd, 4319192.593, 60
Trd, 4319194.243, 61
Trd, 4319194.743, 61
Trd, 4319194.893, 65
Trd, 4319196.293, 60
Trd, 4319197.343, 60
Trd, 4319197.543, 61
Trd, 4319198.143, 60
Trd, 4319198.593, 61
Trd, 4319198.693, 62
Trd, 4319198.743, 64
Trd, 4319199.343, 137
Trd, 4319199.643, 140
Trd, 4319200.043, 137
Trd, 4319201.493, 60
Trd, 4319202.193, 67
Trd, 4319202.543, 109
Trd, 4319203.143, 138
Trd, 4319203.693, 134
Trd, 4319205.243, 60
Trd, 4319206.143, 60
Trd, 4319206.393, 60
Trd, 4319206.893, 61
Trd, 4319208.443, 61
Trd, 4319209.143, 60
Trd, 4319209.443, 60
Trd, 4319209.543, 60
Trd, 4319211.993, 61
Trd, 4319212.093, 63
Trd, 4319213.093, 60
Trd, 4319213.193, 61
Trd, 4319213.493, 62
Trd, 4319213.643, 64
Trd, 4319214.043, 65
Trd, 4319214.943, 65
Trd, 4319215.243, 69
Trd, 4319216.443, 60
Trd, 4319216.693, 64
Trd, 4319217.093, 139
Trd, 4319217.743, 140
Trd, 4319217.843, 140
Trd, 4319218.043, 140
Trd, 4319218.443, 139
Trd, 4319219.043, 140
Trd, 4319220.093, 73
Trd, 4319220.893, 63
Trd, 4319222.593, 60
Trd, 4319224.593, 60
Trd, 4319224.793, 63
Trd, 4319224.843, 71
Trd, 4319225.193, 65
Trd, 4319225.843, 60
Trd, 4319226.193, 70
Trd, 4319226.393, 116
Trd, 4319227.543, 60
Trd, 4319228.393, 60
Trd, 4319229.643, 64
Trd, 4319229.943, 61
Trd, 4319230.493, 62
Trd, 4319231.043, 63
Trd, 4319231.443, 61
Trd, 4319231.493, 62
Trd, 4319232.693, 61
Trd, 4319233.143, 63
Trd, 4319233.293, 65
Trd, 4319233.393, 64
Trd, 4319234.593, 61
Trd, 4319235.043, 63
Trd, 4319236.493, 63
Trd, 4319236.593, 62
Trd, 4319237.393, 60
Trd, 4319237.893, 62
Trd, 4319238.043, 70
Trd, 4319238.993, 64
Trd, 4319240.243, 60
Trd, 4319241.143, 61
Trd, 4319241.993, 60
Trd, 4319243.093, 60
Trd, 4319244.493, 60
Trd, 4319244.743, 60
Trd, 4319244.993, 61
Trd, 4319245.093, 60
Trd, 4319245.343, 61
Trd, 4319246.043, 61
Trd, 4319247.943, 62
Trd, 4319248.193, 60
Trd, 4319249.793, 61
Trd, 4319250.193, 66
Trd, 4319250.893, 67
Trd, 4319251.393, 65
Trd, 4319251.643, 62
Trd, 4319251.693, 75
Trd, 4319252.393, 126
Trd, 4319252.993, 78
Trd, 4319253.243, 64
Trd, 4319254.193, 62
Trd, 4319254.843, 138
Trd, 4319255.993, 61
Trd, 4319256.593, 61
Trd, 4319256.793, 66
Trd, 4319258.343, 60
Trd, 4319258.943, 60
Trd, 4319259.943, 60
Trd, 4319260.743, 60
Trd, 4319260.943, 62
Trd, 4319261.393, 62
Trd, 4319261.693, 63
Trd, 4319262.943, 62
Trd, 4319263.743, 60
Trd, 4319264.343, 60
Trd, 4319265.793, 60
Trd, 4319266.043, 60
Trd, 4319266.243, 60
Trd, 4319267.443, 61
Trd, 4319267.643, 61
Trd, 4319267.743, 67
Trd, 4319267.943, 62
Trd, 4319268.093, 62
Trd, 4319269.093, 114
Trd, 4319269.893, 61
Trd, 4319270.543, 61
Trd, 4319270.643, 61
Trd, 4319272.693, 61
Trd, 4319272.943, 61
Trd, 4319273.093, 60
Trd, 4319273.693, 60
Trd, 4319273.893, 61
Trd, 4319274.193, 71
Trd, 4319274.393, 112
Trd, 4319274.793, 139
Trd, 4319275.443, 106
Trd, 4319276.743, 61
Trd, 4319277.543, 76
Trd, 4319278.543, 139
Trd, 4319279.043, 140
Trd, 4319279.843, 67
Trd, 4319279.993, 76
Trd, 4319280.993, 121
Trd, 4319281.143, 124
Trd, 4319281.843, 120
Trd, 4319282.293, 140
Trd, 4319282.793, 140
Trd, 4319283.943, 140
Trd, 4319284.143, 140
Trd, 4319284.543, 140
Trd, 4319284.993, 140
Trd, 4319285.543, 140
Trd, 4319286.693, 114
Trd, 4319287.193, 140
Trd, 4319287.743, 140
Trd, 4319287.793, 139
Trd, 4319288.393, 138
Trd, 4319289.543, 72
Trd, 4319290.693, 140
Trd, 4319290.743, 139
Trd, 4319290.793, 137
Trd, 4319291.893, 140
Trd, 4319291.943, 124
Trd, 4319292.943, 140
Trd, 4319293.393, 140
Trd, 4319293.643, 138
Trd, 4319293.793, 61
Trd, 4319295.493, 60
Trd, 4319295.943, 61
Trd, 4319296.543, 61
Trd, 4319297.143, 140
Trd, 4319297.243, 140
Trd, 4319297.793, 140
Trd, 4319298.743, 64
Trd, 4319298.843, 60
Trd, 4319300.743, 65
Trd, 4319300.843, 72
Trd, 4319301.593, 64
Trd, 4319302.093, 140
Trd, 4319302.393, 134
Trd, 4319302.693, 133
Trd, 4319303.043, 67
Trd, 4319304.293, 68
Trd, 4319304.793, 140
Trd, 4319305.793, 60
Trd, 4319306.743, 60
Trd, 4319306.993, 139
Trd, 4319307.343, 101
Trd, 4319308.093, 62
Trd, 4319308.343, 67
Trd, 4319308.643, 93
Trd, 4319309.993, 140
Trd, 4319310.093, 140
Trd, 4319311.293, 60
Trd, 4319312.543, 60
Trd, 4319312.593, 63
Trd, 4319314.843, 60
Trd, 4319315.543, 60
Trd, 4319315.893, 61
Trd, 4319316.443, 60
Trd, 4319316.993, 60
Trd, 4319317.643, 61
Trd, 4319318.693, 60
Trd, 4319319.093, 63
Trd, 4319319.543, 60
Trd, 4319321.043, 60
Trd, 4319321.243, 61
Trd, 4319322.543, 60
Trd, 4319323.093, 60
Trd, 4319323.593, 60
Trd, 4319323.843, 60
Trd, 4319326.693, 60
Trd, 4319326.843, 60
Trd, 4319327.193, 61
Trd, 4319327.693, 63
Trd, 4319327.893, 62
Trd, 4319328.193, 61
Trd, 4319328.493, 70
Trd, 4319329.743, 61
Trd, 4319331.443, 60
Trd, 4319331.493, 61
Trd, 4319331.693, 62
Trd, 4319331.743, 64
Trd, 4319332.193, 68
Trd, 4319333.393, 62
Trd, 4319333.793, 61
Trd, 4319336.443, 60
Trd, 4319336.743, 60
Trd, 4319337.443, 60
Trd, 4319338.143, 61
Trd, 4319339.243, 60
Trd, 4319339.293, 60
Trd, 4319339.643, 61
Trd, 4319340.143, 61
Trd, 4319340.293, 64
Trd, 4319340.543, 63
Trd, 4319341.393, 64
Trd, 4319341.443, 68
Trd, 4319341.643, 77
Trd, 4319341.743, 61
Trd, 4319342.493, 72
Trd, 4319342.793, 65
Trd, 4319344.343, 62
Trd, 4319346.243, 60
Trd, 4319347.043, 61
Trd, 4319347.793, 62
Trd, 4319347.943, 64
Trd, 4319350.743, 60
Trd, 4319351.243, 60
Trd, 4319351.293, 61
Trd, 4319351.393, 62
Trd, 4319351.443, 63
Trd, 4319351.943, 60
Trd, 4319352.593, 61
Trd, 4319353.243, 62
Trd, 4319354.493, 60
Trd, 4319354.593, 65
Trd, 4319356.143, 61
Trd, 4319356.393, 61
Trd, 4319356.743, 60
Trd, 4319357.243, 61
Trd, 4319358.343, 61
Trd, 4319358.493, 60
Trd, 4319360.243, 61
Trd, 4319360.543, 89
Trd, 4319361.143, 60
Trd, 4319361.943, 140
Trd, 4319362.293, 139
Trd, 4319363.293, 140
Trd, 4319364.143, 140
Trd, 4319364.543, 140
Trd, 4319364.643, 137
Trd, 4319365.493, 140
Trd, 4319366.443, 140
Trd, 4319366.593, 139
Trd, 4319367.043, 139
Trd, 4319367.493, 138
Trd, 4319368.593, 124
Trd, 4319369.043, 107
Trd, 4319369.243, 113
Trd, 4319369.743, 66
Trd, 4319370.093, 110
Trd, 4319370.293, 65
Trd, 4319371.793, 74
Trd, 4319372.443, 71
Trd, 4319373.893, 140
Trd, 4319374.693, 140
Trd, 4319374.943, 140
Trd, 4319375.193, 136
Trd, 4319375.743, 140
Trd, 4319376.493, 64
Trd, 4319378.593, 60
Trd, 4319378.743, 64
Trd, 4319378.893, 60
Trd, 4319379.243, 61
Trd, 4319380.443, 62
Trd, 4319381.043, 62
Trd, 4319381.343, 64
Trd, 4319381.543, 64
Trd, 4319382.093, 63
Trd, 4319382.493, 76
Trd, 4319382.843, 62
Trd, 4319382.943, 102
Trd, 4319383.843, 62
Trd, 4319384.843, 61
Trd, 4319385.343, 61
Trd, 4319385.593, 127
Trd, 4319386.843, 140
Trd, 4319388.143, 61
Trd, 4319388.643, 60
Trd, 4319388.793, 60
Trd, 4319390.093, 60
Trd, 4319390.293, 62
Trd, 4319391.793, 60
Trd, 4319392.593, 63
Trd, 4319392.693, 66
Trd, 4319393.743, 62
Trd, 4319395.093, 63
Trd, 4319395.593, 61
Trd, 4319396.993, 60
Trd, 4319397.543, 60
Trd, 4319398.293, 60
Trd, 4319398.943, 60
Trd, 4319399.043, 62
Trd, 4319399.493, 65
Trd, 4319400.643, 60
Trd, 4319400.993, 60
Trd, 4319402.343, 60
Trd, 4319402.893, 60
Trd, 4319403.993, 62
Trd, 4319404.893, 60
Trd, 4319405.543, 65
Trd, 4319405.643, 65
Trd, 4319407.093, 60
Trd, 4319408.593, 60
Trd, 4319408.843, 61
Trd, 4319409.393, 63
Trd, 4319409.793, 63
Trd, 4319410.343, 60
Trd, 4319410.993, 60
Trd, 4319411.793, 61
Trd, 4319412.943, 65
Trd, 4319413.493, 63
Trd, 4319413.643, 69
Trd, 4319413.943, 71
Trd, 4319416.293, 60
Trd, 4319416.443, 60
Trd, 4319416.593, 60
Trd, 4319416.743, 61
Trd, 4319419.043, 61
Trd, 4319419.443, 61
Trd, 4319419.693, 62
Trd, 4319419.893, 61
Trd, 4319421.093, 60
Trd, 4319422.343, 61
Trd, 4319422.493, 73
Trd, 4319423.043, 78
Trd, 4319423.493, 140
Trd, 4319423.843, 140
Trd, 4319423.893, 140
Trd, 4319425.743, 61
Trd, 4319426.143, 72
Trd, 4319427.193, 140
Trd, 4319427.893, 140
Trd, 4319428.243, 140
Trd, 4319428.643, 140
Trd, 4319428.693, 140
Trd, 4319429.743, 140
Trd, 4319429.993, 139
Trd, 4319430.093, 138
Trd, 4319431.293, 60
Trd, 4319431.843, 66
Trd, 4319433.593, 88
Trd, 4319434.293, 100
Trd, 4319434.993, 140
Trd, 4319435.143, 139
Trd, 4319435.593, 140
Trd, 4319435.993, 138
Trd, 4319436.393, 138
Trd, 4319436.443, 129
Trd, 4319436.593, 84
Trd, 4319437.293, 138
Trd, 4319438.093, 139
Trd, 4319438.643, 88
Trd, 4319439.443, 140
Trd, 4319440.043, 136
Trd, 4319440.393, 63
Trd, 4319441.593, 71
Trd, 4319441.993, 140
Trd, 4319443.743, 140
Trd, 4319443.993, 140
Trd, 4319444.043, 140
Trd, 4319444.243, 65
Trd, 4319445.143, 60
Trd, 4319445.243, 64
Trd, 4319445.693, 137
Trd, 4319445.943, 136
Trd, 4319447.493, 140
Trd, 4319448.143, 140
Trd, 4319448.393, 139
Trd, 4319448.893, 140
Trd, 4319448.993, 138
Trd, 4319449.143, 106
Trd, 4319450.443, 140
Trd, 4319450.743, 140
Trd, 4319451.593, 140
Trd, 4319452.243, 140
Trd, 4319453.043, 140
Trd, 4319454.593, 140
Trd, 4319455.793, 140
Trd, 4319456.643, 140
Trd, 4319457.043, 140
Trd, 4319457.243, 139
Trd, 4319457.343, 140
Trd, 4319457.593, 140
Trd, 4319458.493, 61
Trd, 4319459.943, 140
Trd, 4319459.993, 126
Trd, 4319460.743, 122
Trd, 4319461.143, 140
Trd, 4319461.243, 140
Trd, 4319461.543, 121
Trd, 4319462.543, 139
Trd, 4319464.293, 140
Trd, 4319464.493, 140
Trd, 4319464.793, 140
Trd, 4319465.343, 140
Trd, 4319465.393, 137
Trd, 4319465.943, 138
Trd, 4319466.193, 139
Trd, 4319466.693, 109
Trd, 4319467.993, 116
Trd, 4319468.093, 112
Trd, 4319468.193, 70
Trd, 4319469.243, 68
Trd, 4319469.593, 69
Trd, 4319469.893, 60
Trd, 4319470.593, 61
Trd, 4319471.193, 61
Trd, 4319472.293, 62
Trd, 4319472.843, 60
Trd, 4319473.193, 60
Trd, 4319473.243, 105
Trd, 4319475.343, 61
Trd, 4319475.393, 65
Trd, 4319477.493, 60
Trd, 4319477.543, 63
Trd, 4319477.743, 64
Trd, 4319479.393, 60
Trd, 4319480.293, 60
Trd, 4319481.543, 60
Trd, 4319482.543, 60
Trd, 4319482.693, 60
Trd, 4319483.143, 61
Trd, 4319483.493, 63
Trd, 4319483.843, 63
Trd, 4319485.243, 60
Trd, 4319485.793, 60
Trd, 4319486.293, 61
Trd, 4319486.343, 63
Trd, 4319486.593, 61
Trd, 4319487.243, 60
Trd, 4319487.643, 61
Trd, 4319488.243, 60
Trd, 4319488.593, 65
Trd, 4319489.843, 61
Trd, 4319490.893, 63
Trd, 4319491.493, 60
Trd, 4319492.143, 60
Trd, 4319493.193, 61
Trd, 4319493.993, 62
Trd, 4319494.893, 64
Trd, 4319495.593, 60
Trd, 4319496.543, 61
Trd, 4319496.943, 64
Trd, 4319497.893, 63
Trd, 4319498.243, 63
Trd, 4319498.893, 61
Trd, 4319499.343, 60
Trd, 4319500.193, 61
Trd, 4319501.643, 60
Trd, 4319501.843, 61
Trd, 4319502.743, 60
Trd, 4319502.893, 60
Trd, 4319503.843, 61
Trd, 4319504.543, 61
Trd, 4319504.793, 62
Trd, 4319504.843, 60
Trd, 4319505.293, 64
Trd, 4319506.743, 65
Trd, 4319506.943, 64
Trd, 4319507.143, 73
Trd, 4319507.393, 61
Trd, 4319508.043, 61
Trd, 4319508.643, 72
Trd, 4319508.893, 140
Trd, 4319509.943, 62
Trd, 4319509.993, 94
Trd, 4319511.993, 140
Trd, 4319512.843, 140
Trd, 4319512.943, 140
Trd, 4319513.043, 138
Trd, 4319513.693, 70
Trd, 4319514.493, 140
Trd, 4319515.043, 140
Trd, 4319516.043, 140
Trd, 4319516.193, 140
Trd, 4319516.393, 137
Trd, 4319516.693, 139
Trd, 4319517.543, 60
Trd, 4319518.443, 140
Trd, 4319519.293, 140
Trd, 4319520.243, 140
Trd, 4319520.793, 140
Trd, 4319521.193, 140
Trd, 4319522.743, 139
Trd, 4319522.893, 138
Trd, 4319523.143, 60
Trd, 4319523.643, 98
Trd, 4319525.093, 140
Trd, 4319525.493, 139
Trd, 4319525.993, 140
Trd, 4319526.343, 135
Trd, 4319526.543, 87
Trd, 4319527.543, 61
Trd, 4319527.693, 140
Trd, 4319528.243, 78
Trd, 4319528.493, 60
Trd, 4319530.493, 61
Trd, 4319530.793, 62
Trd, 4319530.893, 63
Trd, 4319532.393, 74
Trd, 4319533.243, 61
Trd, 4319535.443, 60
Trd, 4319535.793, 62
Trd, 4319536.543, 61
Trd, 4319536.743, 63
Trd, 4319538.193, 60
Trd, 4319538.543, 61
Trd, 4319538.843, 63
Trd, 4319540.593, 60
Trd, 4319541.043, 61
Trd, 4319541.093, 65
Trd, 4319542.043, 60
Trd, 4319542.293, 60
Trd, 4319544.093, 62
Trd, 4319544.243, 63
Trd, 4319545.043, 68
Trd, 4319545.093, 96
Trd, 4319545.193, 66
Trd, 4319545.943, 72
Trd, 4319546.443, 138
Trd, 4319546.943, 117
Trd, 4319547.293, 93
Trd, 4319547.493, 78
Trd, 4319549.093, 140
Trd, 4319549.193, 138
Trd, 4319549.543, 67
Trd, 4319550.943, 62
Trd, 4319551.893, 61
Trd, 4319552.493, 63
Trd, 4319553.043, 66
Trd, 4319553.293, 67
Trd, 4319556.193, 60
Trd, 4319556.543, 60
Trd, 4319556.793, 60
Trd, 4319556.943, 60
Trd, 4319558.543, 60
Trd, 4319559.993, 60
Trd, 4319560.243, 60
Trd, 4319560.993, 60
Trd, 4319561.493, 60
Trd, 4319562.343, 62
Trd, 4319562.493, 60
Trd, 4319562.593, 62
Trd, 4319563.193, 61
Trd, 4319563.643, 60
Trd, 4319564.343, 60
Trd, 4319564.393, 61
Trd, 4319564.893, 69
Trd, 4319566.143, 140
Trd, 4319567.293, 140
Trd, 4319567.443, 140
Trd, 4319567.593, 139
Trd, 4319568.943, 138
Trd, 4319569.243, 62
Trd, 4319570.343, 101
Trd, 4319570.643, 100
Trd, 4319570.743, 99
Trd, 4319571.043, 110
Trd, 4319571.343, 139
Trd, 4319572.543, 62
Trd, 4319572.693, 83
Trd, 4319573.793, 105
Trd, 4319574.993, 140
Trd, 4319576.193, 140
Trd, 4319576.543, 140
Trd, 4319576.943, 140
Trd, 4319577.243, 139
Trd, 4319578.693, 140
Trd, 4319578.743, 139
Trd, 4319578.893, 137
Trd, 4319579.693, 82
Trd, 4319579.893, 64
Trd, 4319580.093, 68
Trd, 4319581.893, 60
Trd, 4319581.993, 63
Trd, 4319582.593, 65
Trd, 4319583.193, 66
Trd, 4319583.943, 64
Trd, 4319584.693, 75
Trd, 4319585.943, 66
Trd, 4319586.093, 67
Trd, 4319586.343, 60
Trd, 4319586.693, 64
Trd, 4319589.443, 61
Trd, 4319590.093, 61
Trd, 4319591.443, 60
Trd, 4319591.543, 61
Trd, 4319592.043, 60
Trd, 4319592.243, 64
Trd, 4319592.343, 67
Trd, 4319593.193, 68
Trd, 4319593.793, 71
Trd, 4319594.443, 61
Trd, 4319594.743, 111
Trd, 4319595.543, 138
Trd, 4319596.043, 61
Trd, 4319596.443, 60
Trd, 4319597.643, 63
Trd, 4319598.693, 61
Trd, 4319599.243, 60
Trd, 4319599.843, 61
Trd, 4319600.543, 60
Trd, 4319601.293, 69
Trd, 4319601.343, 71
Trd, 4319602.193, 140
Trd, 4319602.793, 140
Trd, 4319603.993, 140
Trd, 4319604.093, 140
Trd, 4319604.893, 140
Trd, 4319606.343, 140
Trd, 4319606.593, 140
Trd, 4319606.643, 140
Trd, 4319607.793, 140
Trd, 4319608.243, 139
Trd, 4319608.343, 139
Trd, 4319608.743, 138
Trd, 4319609.493, 117
Trd, 4319609.593, 114
Trd, 4319610.443, 140
Trd, 4319610.893, 140
Trd, 4319612.093, 139
Trd, 4319612.193, 135
Trd, 4319612.743, 64
Trd, 4319612.893, 65
Trd, 4319614.593, 61
Trd, 4319615.043, 61
Trd, 4319615.093, 61
Trd, 4319616.443, 61
Trd, 4319617.443, 60
Trd, 4319617.693, 61
Trd, 4319618.543, 65
Trd, 4319619.393, 71
Trd, 4319620.443, 60
Trd, 4319621.193, 61
Trd, 4319621.293, 61
Trd, 4319621.393, 66
Trd, 4319621.743, 69
Trd, 4319624.693, 60
Trd, 4319624.893, 61
Trd, 4319625.243, 61
Trd, 4319625.593, 65
Trd, 4319626.093, 68
Trd, 4319626.843, 66
Trd, 4319628.343, 60
Trd, 4319628.443, 62
Trd, 4319628.943, 60
Trd, 4319629.043, 62
Trd, 4319630.193, 61
Trd, 4319630.443, 60
Trd, 4319631.593, 61
Trd, 4319631.693, 65
Trd, 4319633.493, 60
Trd, 4319633.943, 60
Trd, 4319633.993, 61
Trd, 4319634.593, 64
Trd, 4319634.993, 60
Trd, 4319636.343, 62
Trd, 4319636.393, 71
Trd, 4319638.243, 60
Trd, 4319638.643, 61
Trd, 4319639.543, 65
Trd, 4319639.593, 67
Trd, 4319639.943, 68
Trd, 4319641.243, 62
Trd, 4319642.393, 61
Trd, 4319643.393, 60
Trd, 4319643.743, 60
Trd, 4319645.043, 61
Trd, 4319646.343, 62
Trd, 4319646.393, 64
Trd, 4319647.593, 60
Trd, 4319647.793, 62
Trd, 4319648.093, 60
Trd, 4319648.593, 62
Trd, 4319649.293, 60
Trd, 4319651.193, 69
Trd, 4319651.593, 62
Trd, 4319652.793, 61
Trd, 4319652.993, 63
Trd, 4319653.193, 71
Trd, 4319653.293, 60
Trd, 4319653.493, 103
Trd, 4319653.943, 60
Trd, 4319655.193, 60
Trd, 4319655.243, 60
Trd, 4319655.343, 61
Trd, 4319655.793, 65
Trd, 4319657.743, 60
Trd, 4319658.193, 60
Trd, 4319658.643, 61
Trd, 4319658.743, 61
Trd, 4319659.593, 61
Trd, 4319660.143, 61
Trd, 4319660.393, 73
Trd, 4319660.893, 135
Trd, 4319661.293, 69
Trd, 4319661.843, 61
Trd, 4319663.443, 60
Trd, 4319664.143, 63
Trd, 4319664.193, 65
Trd, 4319665.193, 60
Trd, 4319666.543, 60
Trd, 4319668.093, 60
Trd, 4319668.193, 61
Trd, 4319669.243, 60
Trd, 4319669.793, 60
Trd, 4319670.643, 61
Trd, 4319671.493, 65
Trd, 4319671.843, 61
Trd, 4319672.243, 61
Trd, 4319673.643, 61
Trd, 4319673.843, 62
Trd, 4319674.493, 60
Trd, 4319675.043, 61
Trd, 4319675.143, 62
Trd, 4319676.943, 61
Trd, 4319677.193, 61
Trd, 4319677.643, 61
Trd, 4319678.593, 60
Trd, 4319679.043, 62
Trd, 4319679.543, 100
Trd, 4319679.943, 63
Trd, 4319680.343, 64
Trd, 4319681.393, 61
Trd, 4319681.843, 60
Trd, 4319682.243, 60
Trd, 4319682.593, 61
Trd, 4319683.893, 60
Trd, 4319684.543, 61
Trd, 4319685.143, 60
Trd, 4319685.593, 62
Trd, 4319686.193, 62
Trd, 4319686.543, 62
Trd, 4319688.593, 60
Trd, 4319689.093, 62
Trd, 4319689.443, 62
Trd, 4319691.043, 63
Trd, 4319693.343, 60
Trd, 4319693.643, 61
Trd, 4319694.493, 60
Trd, 4319694.793, 61
Trd, 4319694.943, 62
Trd, 4319695.243, 65
Trd, 4319695.443, 60
Trd, 4319696.593, 139
Trd, 4319696.993, 65
Trd, 4319697.643, 140
Trd, 4319698.693, 64
Trd, 4319699.893, 61
Trd, 4319700.193, 60
Trd, 4319700.943, 63
Trd, 4319700.993, 64
Trd, 4319701.293, 62
Trd, 4319701.543, 73
Trd, 4319701.693, 63
Trd, 4319702.843, 140
Trd, 4319702.993, 62
Trd, 4319703.743, 61
Trd, 4319703.993, 64
Trd, 4319705.543, 60
Trd, 4319705.593, 61
Trd, 4319706.293, 65
Trd, 4319707.493, 61
Trd, 4319708.293, 60
Trd, 4319708.393, 71
Trd, 4319709.893, 65
Trd, 4319710.643, 63
Trd, 4319711.843, 62
Trd, 4319711.893, 70
Trd, 4319713.043, 87
Trd, 4319713.293, 62
Trd, 4319713.993, 60
Trd, 4319714.543, 62
Trd, 4319716.493, 65
Trd, 4319716.643, 66
Trd, 4319716.893, 67
Trd, 4319717.493, 140
Trd, 4319717.743, 140
Trd, 4319717.893, 139
Trd, 4319718.343, 67
Trd, 4319719.043, 139
Trd, 4319720.493, 66
Trd, 4319721.143, 60
Trd, 4319721.993, 62
Trd, 4319722.643, 61
Trd, 4319722.793, 62
Trd, 4319723.793, 140
Trd, 4319723.943, 140
Trd, 4319724.043, 140
Trd, 4319724.643, 64
Trd, 4319724.993, 61
Trd, 4319725.743, 139
Trd, 4319726.493, 140
Trd, 4319726.993, 131
Trd, 4319727.693, 140
Trd, 4319728.393, 140
Trd, 4319729.093, 140
Trd, 4319729.443, 140
Trd, 4319729.893, 139
Trd, 4319730.343, 139
Trd, 4319730.793, 137
Trd, 4319731.943, 66
Trd, 4319733.043, 60
Trd, 4319733.093, 61
Trd, 4319733.243, 118
Trd, 4319734.593, 61
Trd, 4319736.443, 60
Trd, 4319736.693, 60
Trd, 4319736.893, 63
Trd, 4319738.893, 61
Trd, 4319739.693, 60
Trd, 4319740.193, 60
Trd, 4319740.393, 60
Trd, 4319740.793, 60
Trd, 4319741.193, 61
Trd, 4319742.143, 61
Trd, 4319742.743, 60
Trd, 4319745.043, 60
Trd, 4319745.243, 60
Trd, 4319745.593, 60
Trd, 4319745.743, 61
Trd, 4319745.893, 62
Trd, 4319746.143, 61
Trd, 4319747.093, 63
Trd, 4319748.143, 66
Trd, 4319748.543, 61
Trd, 4319749.543, 68
Trd, 4319749.693, 60
Trd, 4319750.143, 89
Trd, 4319751.143, 140
Trd, 4319751.743, 61
Trd, 4319752.043, 60
Trd, 4319752.793, 62
Trd, 4319753.293, 66
Trd, 4319753.643, 60
Trd, 4319754.743, 61
Trd, 4319756.043, 60
Trd, 4319757.393, 60
Trd, 4319757.743, 60
Trd, 4319758.543, 60
Trd, 4319759.193, 60
Trd, 4319759.793, 60
Trd, 4319760.093, 61
Trd, 4319760.993, 60
Trd, 4319761.843, 60
Trd, 4319763.443, 60
Trd, 4319765.743, 62
Trd, 4319765.993, 61
Trd, 4319766.193, 62
Trd, 4319766.493, 61
Trd, 4319766.693, 62
Trd, 4319766.843, 63
Trd, 4319767.143, 140
Trd, 4319768.043, 140
Trd, 4319768.143, 140
Trd, 4319768.443, 65
Trd, 4319769.543, 63
Trd, 4319769.843, 60
Trd, 4319770.243, 120
Trd, 4319770.843, 69
Trd, 4319771.693, 71
Trd, 4319772.343, 138
Trd, 4319774.143, 60
Trd, 4319776.243, 60
Trd, 4319776.893, 60
Trd, 4319777.543, 60
Trd, 4319777.893, 60
Trd, 4319779.143, 60
Trd, 4319779.393, 63
Trd, 4319780.193, 62
Trd, 4319780.343, 63
Trd, 4319781.143, 60
Trd, 4319782.143, 61
Trd, 4319782.643, 60
Trd, 4319783.743, 68
Trd, 4319783.943, 64
Trd, 4319784.143, 72
Trd, 4319784.393, 63
Trd, 4319785.293, 63
Trd, 4319785.743, 64
Trd, 4319786.293, 74
Trd, 4319787.343, 139
Trd, 4319787.393, 139
Trd, 4319787.793, 140
Trd, 4319787.993, 96
Trd, 4319789.693, 60
Trd, 4319789.943, 61
Trd, 4319790.943, 66
Trd, 4319792.493, 61
Trd, 4319793.443, 138
Trd, 4319793.543, 137
Trd, 4319794.043, 60
Trd, 4319794.543, 63
Trd, 4319794.693, 71
Trd, 4319796.043, 137
Trd, 4319797.143, 60
Trd, 4319797.793, 132
Trd, 4319797.943, 131
Trd, 4319797.993, 118
Trd, 4319798.693, 140
Trd, 4319799.343, 126
Trd, 4319800.493, 62
Trd, 4319800.793, 63
Trd, 4319801.743, 62
Trd, 4319804.143, 63
Trd, 4319804.343, 61
Trd, 4319804.543, 61
Trd, 4319804.943, 61
Trd, 4319804.993, 62
Trd, 4319805.143, 60
Trd, 4319805.893, 63
Trd, 4319806.293, 65
Trd, 4319807.193, 62
Trd, 4319807.493, 61
Trd, 4319807.743, 66
Trd, 4319807.843, 138
Trd, 4319808.543, 60
Trd, 4319810.643, 61
Trd, 4319810.993, 60
Trd, 4319811.243, 65
Trd, 4319811.693, 64
Trd, 4319812.043, 64
Trd, 4319812.693, 62
Trd, 4319813.093, 60
Trd, 4319814.543, 76
Trd, 4319815.393, 140
Trd, 4319815.743, 140
Trd, 4319816.293, 140
Trd, 4319817.343, 140
Trd, 4319817.393, 139
Trd, 4319817.493, 137
Trd, 4319818.093, 86
Trd, 4319818.543, 113
Trd, 4319818.843, 61
Trd, 4319819.393, 62
Trd, 4319819.593, 66
Trd, 4319819.793, 60
Trd, 4319821.793, 60
Trd, 4319822.543, 64
Trd, 4319823.093, 60
Trd, 4319824.793, 60
Trd, 4319825.393, 60
Trd, 4319825.693, 60
Trd, 4319826.343, 62
Trd, 4319826.543, 62
Trd, 4319826.993, 60
Trd, 4319828.693, 61
Trd, 4319829.893, 60
Trd, 4319830.493, 60
Trd, 4319831.643, 61
Trd, 4319832.143, 61
Trd, 4319832.343, 61
Trd, 4319832.693, 62
Trd, 4319833.543, 62
Trd, 4319834.343, 61
Trd, 4319835.293, 60
Trd, 4319835.443, 60
Trd, 4319835.743, 61
Trd, 4319836.993, 60
Trd, 4319838.143, 62
Trd, 4319838.343, 63
Trd, 4319839.743, 128
Trd, 4319840.093, 60
Trd, 4319842.093, 60
Trd, 4319842.143, 61
Trd, 4319842.393, 65
Trd, 4319842.593, 65
Trd, 4319842.793, 64
Trd, 4319843.093, 65
Trd, 4319845.643, 61
Trd, 4319845.693, 62
Trd, 4319846.643, 60
Trd, 4319847.443, 62
Trd, 4319847.943, 61
Trd, 4319849.093, 60
Trd, 4319850.543, 60
Trd, 4319850.593, 60
Trd, 4319850.743, 62
Trd, 4319850.993, 61
Trd, 4319851.143, 62
Trd, 4319851.343, 63
Trd, 4319851.693, 60
Trd, 4319852.393, 63
Trd, 4319852.643, 64
Trd, 4319853.443, 60
Trd, 4319854.343, 77
Trd, 4319855.393, 64
Trd, 4319856.393, 61
Trd, 4319857.993, 60
Trd, 4319858.293, 60
Trd, 4319858.593, 62
Trd, 4319858.793, 64
Trd, 4319859.393, 65
Trd, 4319860.893, 60
Trd, 4319860.993, 62
Trd, 4319863.093, 60
Trd, 4319863.293, 61
Trd, 4319863.593, 60
Trd, 4319863.943, 61
Trd, 4319865.243, 60
Trd, 4319867.293, 61
Trd, 4319867.593, 63
Trd, 4319868.093, 63
Trd, 4319868.943, 61
Trd, 4319868.993, 60
Trd, 4319869.143, 62
Trd, 4319869.993, 140
Trd, 4319871.293, 60
Trd, 4319871.393, 61
Trd, 4319872.493, 60
Trd, 4319872.993, 60
Trd, 4319873.843, 61
Trd, 4319873.993, 63
Trd, 4319874.343, 60
Trd, 4319874.943, 60
Trd, 4319876.993, 61
Trd, 4319877.143, 61
Trd, 4319877.343, 63
Trd, 4319877.743, 60
Trd, 4319878.543, 65
Trd, 4319878.993, 140
Trd, 4319879.143, 140
Trd, 4319879.993, 140
Trd, 4319880.493, 140
Trd, 4319881.693, 140
Trd, 4319881.743, 138
Trd, 4319881.843, 137
Trd, 4319882.743, 136
Trd, 4319882.993, 139
Trd, 4319883.843, 72
Trd, 4319883.993, 140
Trd, 4319886.343, 60
Trd, 4319886.643, 60
Trd, 4319886.843, 62
Trd, 4319887.493, 61
Trd, 4319888.443, 63
Trd, 4319888.843, 62
Trd, 4319890.343, 60
Trd, 4319891.243, 60
Trd, 4319891.293, 64
Trd, 4319891.843, 60
Trd, 4319892.443, 63
Trd, 4319892.593, 66
Trd, 4319894.393, 60
Trd, 4319895.493, 60
Trd, 4319896.143, 61
Trd, 4319897.693, 60
Trd, 4319898.143, 60
Trd, 4319898.593, 62
Trd, 4319898.643, 65
Trd, 4319898.993, 77
Trd, 4319899.593, 68
Trd, 4319900.343, 63
Trd, 4319900.693, 77
Trd, 4319900.843, 86
Trd, 4319901.243, 64
Trd, 4319901.393, 63
Trd, 4319902.193, 67
Trd, 4319903.693, 60
Trd, 4319904.093, 60
Trd, 4319904.643, 60
Trd, 4319905.043, 60
Trd, 4319907.743, 60
Trd, 4319907.943, 61
Trd, 4319907.993, 62
Trd, 4319909.393, 62
Trd, 4319909.993, 62
Trd, 4319910.693, 67
Trd, 4319911.093, 69
Trd, 4319911.543, 70
Trd, 4319913.193, 61
Trd, 4319913.443, 60
Trd, 4319913.993, 62
Trd, 4319914.143, 60
Trd, 4319914.743, 65
Trd, 4319915.143, 62
Trd, 4319916.193, 64
Trd, 4319916.443, 65
Trd, 4319917.593, 63
Trd, 4319919.043, 61
Trd, 4319919.343, 62
Trd, 4319919.493, 62
Trd, 4319919.893, 60
Trd, 4319920.293, 61
Trd, 4319921.193, 61
Trd, 4319921.693, 62
Trd, 4319922.343, 60
Trd, 4319922.443, 61
Trd, 4319923.243, 60
Trd, 4319924.143, 61
Trd, 4319924.743, 65
Trd, 4319926.693, 60
Trd, 4319926.893, 62
Trd, 4319927.543, 62
Trd, 4319927.743, 61
Trd, 4319928.093, 62
Trd, 4319928.543, 60
Trd, 4319930.843, 62
Trd, 4319931.743, 60
Trd, 4319931.793, 62
Trd, 4319932.493, 60
Trd, 4319932.743, 60
Trd, 4319933.593, 67
Trd, 4319934.793, 60
Trd, 4319935.093, 60
Trd, 4319935.143, 61
Trd, 4319935.743, 61
Trd, 4319936.193, 60
Trd, 4319937.343, 61
Trd, 4319937.493, 61
Trd, 4319938.893, 62
Trd, 4319938.943, 64
Trd, 4319940.093, 61
Trd, 4319940.343, 61
Trd, 4319940.493, 64
Trd, 4319941.593, 60
Trd, 4319942.643, 60
Trd, 4319944.143, 60
Trd, 4319944.593, 60
Trd, 4319944.843, 61
Trd, 4319945.193, 60
Trd, 4319945.693, 64
Trd, 4319945.843, 66
Trd, 4319947.543, 60
Trd, 4319947.693, 60
Trd, 4319948.193, 62
Trd, 4319948.393, 63
Trd, 4319948.443, 60
Trd, 4319949.593, 60
Trd, 4319950.443, 61
Trd, 4319952.393, 61
Trd, 4319952.993, 65
Trd, 4319953.443, 61
Trd, 4319953.993, 60
Trd, 4319954.893, 60
Trd, 4319955.043, 63
Trd, 4319956.143, 60
Trd, 4319957.093, 60
Trd, 4319957.293, 61
Trd, 4319958.093, 62
Trd, 4319959.793, 63
Trd, 4319960.043, 60
Trd, 4319960.343, 60
Trd, 4319960.643, 66
Trd, 4319962.043, 60
Trd, 4319963.093, 60
Trd, 4319963.443, 60
Trd, 4319963.593, 63
Trd, 4319964.643, 61
Trd, 4319965.743, 61
Trd, 4319966.093, 61
Trd, 4319966.943, 137
Trd, 4319967.343, 128
Trd, 4319967.643, 128
Trd, 4319967.843, 127
Trd, 4319968.493, 64
Trd, 4319968.843, 62
Trd, 4319969.343, 65
Trd, 4319969.693, 140
Trd, 4319971.043, 60
Trd, 4319971.743, 138
Trd, 4319972.143, 137
Trd, 4319974.043, 62
Trd, 4319974.443, 62
Trd, 4319975.643, 60
Trd, 4319976.143, 66
Trd, 4319976.243, 67
Trd, 4319977.143, 67
Trd, 4319977.693, 140
Trd, 4319977.743, 139
Trd, 4319978.493, 140
Trd, 4319978.793, 140
Trd, 4319978.843, 140
Trd, 4319980.793, 140
Trd, 4319981.193, 140
Trd, 4319981.693, 140
Trd, 4319981.993, 139
Trd, 4319982.743, 140
Trd, 4319983.943, 140
Trd, 4319986.143, 140
Trd, 4319986.193, 139
Trd, 4319986.693, 139
Trd, 4319986.893, 140
Trd, 4319987.243, 138
Trd, 4319988.043, 61
Trd, 4319988.743, 107
Trd, 4319988.993, 139
Trd, 4319989.693, 73
Trd, 4319991.543, 140
Trd, 4319991.593, 140
Trd, 4319991.743, 139
Trd, 4319991.793, 135
Trd, 4319992.743, 140
Trd, 4319993.343, 65
Trd, 4319994.743, 60
Trd, 4319995.293, 66
Trd, 4319996.043, 60
Trd, 4319996.143, 60
Trd, 4319996.993, 65
Trd, 4319997.693, 140
Trd, 4319997.843, 140
Trd, 4319997.993, 140
Trd, 4319999.193, 140
