Trd, 4318156.193, 60
Trd, 4318157.243, 139
Trd, 4318157.393, 107
Trd, 4318157.543, 90
Trd, 4318159.043, 63
Trd, 4318159.693, 60
Trd, 4318161.043, 67
Trd, 4318161.443, 68
Trd, 4318161.493, 82
Trd, 4318161.643, 68
Trd, 4318162.093, 70
Trd, 4318162.193, 67
Trd, 4318162.543, 62
Trd, 4318165.793, 74
Trd, 4318166.793, 73
Trd, 4318167.143, 75
Trd, 4318167.243, 83
Trd, 4318167.293, 73
Trd, 4318167.543, 72
Trd, 4318168.393, 107
Trd, 4318168.543, 81
Trd, 4318169.743, 139
Trd, 4318171.043, 79
Trd, 4318171.093, 129
Trd, 4318171.743, 86
Trd, 4318173.143, 90
Trd, 4318173.293, 89
Trd, 4318173.543, 73
Trd, 4318174.293, 110
Trd, 4318175.143, 139
Trd, 4318175.843, 65
Trd, 4318176.293, 115
Trd, 4318176.743, 109
Trd, 4318177.493, 69
Trd, 4318178.293, 126
Trd, 4318179.143, 71
Trd, 4318179.293, 66
Trd, 4318180.343, 63
Trd, 4318181.643, 67
Trd, 4318182.393, 60
Trd, 4318183.043, 61
Trd, 4318183.193, 64
Trd, 4318184.243, 61
Trd, 4318186.143, 62
Trd, 4318186.243, 63
Trd, 4318186.543, 60
Trd, 4318187.393, 61
Trd, 4318189.093, 62
Trd, 4318189.193, 63
Trd, 4318189.393, 61
Trd, 4318190.243, 75
Trd, 4318190.593, 61
Trd, 4318190.693, 77
Trd, 4318190.793, 90
Trd, 4318191.593, 115
Trd, 4318193.493, 87
Trd, 4318193.543, 85
Trd, 4318193.743, 138
Trd, 4318194.443, 110
Trd, 4318195.793, 73
Trd, 4318196.093, 85
Trd, 4318196.493, 77
Trd, 4318197.493, 125
Trd, 4318197.643, 77
Trd, 4318199.543, 95
Trd, 4318200.193, 69
Trd, 4318200.393, 84
Trd, 4318200.643, 70
Trd, 4318201.143, 65
Trd, 4318201.593, 67
Trd, 4318201.893, 67
Trd, 4318202.993, 94
Trd, 4318203.293, 88
Trd, 4318204.243, 67
Trd, 4318204.543, 62
Trd, 4318205.443, 72
Trd, 4318205.643, 113
Trd, 4318206.293, 104
Trd, 4318206.393, 103
Trd, 4318207.343, 67
Trd, 4318208.193, 139
Trd, 4318208.293, 83
Trd, 4318209.743, 61
Trd, 4318211.193, 60
Trd, 4318211.593, 66
Trd, 4318212.043, 62
Trd, 4318213.043, 61
Trd, 4318213.893, 60
Trd, 4318215.693, 60
Trd, 4318215.793, 61
Trd, 4318216.543, 60
Trd, 4318217.893, 61
Trd, 4318218.593, 60
Trd, 4318219.393, 62
Trd, 4318219.493, 61
Trd, 4318220.143, 62
Trd, 4318220.243, 63
Trd, 4318220.793, 88
Trd, 4318222.243, 85
Trd, 4318223.993, 60
Trd, 4318224.843, 61
Trd, 4318225.593, 60
Trd, 4318226.193, 60
Trd, 4318226.243, 61
Trd, 4318227.043, 61
Trd, 4318227.993, 64
Trd, 4318228.243, 66
Trd, 4318228.593, 64
Trd, 4318229.293, 63
Trd, 4318230.343, 70
Trd, 4318230.843, 100
Trd, 4318231.043, 115
Trd, 4318231.193, 110
Trd, 4318231.393, 86
Trd, 4318231.643, 64
Trd, 4318232.193, 63
Trd, 4318233.243, 95
Trd, 4318233.693, 121
Trd, 4318233.993, 96
Trd, 4318235.243, 103
Trd, 4318236.443, 109
Trd, 4318236.593, 106
Trd, 4318236.643, 99
Trd, 4318236.893, 79
Trd, 4318237.943, 136
Trd, 4318238.243, 105
Trd, 4318238.493, 96
Trd, 4318239.243, 107
Trd, 4318239.343, 92
Trd, 4318239.843, 140
Trd, 4318241.693, 83
Trd, 4318242.343, 84
Trd, 4318242.393, 82
Trd, 4318242.643, 65
Trd, 4318243.643, 60
Trd, 4318244.393, 70
Trd, 4318244.993, 62
Trd, 4318245.793, 61
Trd, 4318246.593, 62
Trd, 4318247.643, 66
Trd, 4318247.743, 67
Trd, 4318248.643, 110
Trd, 4318248.843, 72
Trd, 4318249.093, 120
Trd, 4318249.693, 71
Trd, 4318250.243, 72
Trd, 4318250.843, 135
Trd, 4318251.743, 89
Trd, 4318252.893, 76
Trd, 4318252.993, 75
Trd, 4318253.393, 100
Trd, 4318254.043, 74
Trd, 4318255.043, 82
Trd, 4318255.693, 113
Trd, 4318256.943, 140
Trd, 4318257.843, 102
Trd, 4318258.243, 77
Trd, 4318258.843, 62
Trd, 4318260.493, 60
Trd, 4318260.593, 60
Trd, 4318262.193, 61
Trd, 4318262.643, 62
Trd, 4318263.243, 61
Trd, 4318264.193, 60
Trd, 4318265.143, 60
Trd, 4318266.893, 60
Trd, 4318267.293, 62
Trd, 4318268.643, 135
Trd, 4318268.743, 135
Trd, 4318268.993, 130
Trd, 4318269.043, 96
Trd, 4318270.043, 68
Trd, 4318270.643, 68
Trd, 4318271.143, 140
Trd, 4318271.793, 139
Trd, 4318273.043, 92
Trd, 4318273.193, 61
Trd, 4318275.093, 99
Trd, 4318275.493, 113
Trd, 4318275.993, 118
Trd, 4318276.093, 100
Trd, 4318276.693, 103
Trd, 4318276.743, 76
Trd, 4318277.293, 70
Trd, 4318277.943, 68
Trd, 4318278.293, 121
Trd, 4318279.893, 74
Trd, 4318280.143, 65
Trd, 4318280.793, 63
Trd, 4318281.343, 76
Trd, 4318282.093, 62
Trd, 4318282.193, 64
Trd, 4318282.343, 64
Trd, 4318284.343, 60
Trd, 4318284.693, 60
Trd, 4318285.443, 60
Trd, 4318286.243, 62
Trd, 4318286.893, 64
Trd, 4318287.143, 61
Trd, 4318288.643, 79
Trd, 4318288.693, 66
Trd, 4318289.543, 65
Trd, 4318290.143, 81
Trd, 4318290.343, 80
Trd, 4318290.443, 86
Trd, 4318290.943, 79
Trd, 4318291.243, 101
Trd, 4318292.693, 60
Trd, 4318293.743, 60
Trd, 4318294.843, 60
Trd, 4318295.143, 61
Trd, 4318295.693, 60
Trd, 4318296.643, 65
Trd, 4318297.143, 113
Trd, 4318298.043, 60
Trd, 4318299.843, 60
Trd, 4318300.143, 63
Trd, 4318300.243, 64
Trd, 4318300.843, 93
Trd, 4318302.093, 69
Trd, 4318302.743, 73
Trd, 4318303.543, 65
Trd, 4318304.393, 72
Trd, 4318304.743, 101
Trd, 4318304.843, 70
Trd, 4318306.043, 86
Trd, 4318306.293, 86
Trd, 4318306.693, 87
Trd, 4318308.043, 89
Trd, 4318308.643, 84
Trd, 4318308.743, 95
Trd, 4318308.943, 83
Trd, 4318309.443, 117
Trd, 4318310.043, 123
Trd, 4318310.743, 105
Trd, 4318311.643, 79
Trd, 4318312.043, 66
Trd, 4318312.243, 120
Trd, 4318313.093, 60
Trd, 4318313.293, 61
Trd, 4318314.043, 101
Trd, 4318315.043, 60
Trd, 4318316.943, 61
Trd, 4318317.343, 60
Trd, 4318317.543, 62
Trd, 4318319.143, 67
Trd, 4318319.393, 67
Trd, 4318320.093, 140
Trd, 4318320.243, 87
Trd, 4318321.493, 75
Trd, 4318321.593, 74
Trd, 4318321.743, 84
Trd, 4318322.793, 106
Trd, 4318322.893, 64
Trd, 4318325.143, 64
Trd, 4318325.243, 61
Trd, 4318326.293, 62
Trd, 4318326.743, 65
Trd, 4318327.093, 63
Trd, 4318327.143, 61
Trd, 4318327.593, 76
Trd, 4318328.093, 101
Trd, 4318328.843, 66
Trd, 4318330.493, 65
Trd, 4318330.993, 75
Trd, 4318331.493, 71
Trd, 4318332.493, 137
Trd, 4318332.593, 136
Trd, 4318332.743, 110
Trd, 4318333.943, 72
Trd, 4318334.293, 74
Trd, 4318335.543, 80
Trd, 4318335.593, 74
Trd, 4318336.993, 88
Trd, 4318337.243, 86
Trd, 4318337.543, 74
Trd, 4318337.693, 71
Trd, 4318338.093, 85
Trd, 4318338.743, 138
Trd, 4318340.893, 140
Trd, 4318341.343, 129
Trd, 4318341.643, 106
Trd, 4318341.743, 105
Trd, 4318342.843, 102
Trd, 4318342.893, 100
Trd, 4318343.993, 113
Trd, 4318344.393, 90
Trd, 4318344.543, 138
Trd, 4318344.943, 74
Trd, 4318345.643, 100
Trd, 4318346.493, 89
Trd, 4318347.393, 64
Trd, 4318347.643, 98
Trd, 4318348.043, 120
Trd, 4318348.493, 68
Trd, 4318350.093, 98
Trd, 4318350.643, 124
Trd, 4318350.793, 97
Trd, 4318351.743, 61
Trd, 4318351.843, 61
Trd, 4318354.443, 69
Trd, 4318354.543, 72
Trd, 4318355.043, 72
Trd, 4318355.593, 86
Trd, 4318355.643, 90
Trd, 4318355.893, 77
Trd, 4318356.693, 71
Trd, 4318356.893, 122
Trd, 4318357.243, 75
Trd, 4318357.993, 70
Trd, 4318358.243, 81
Trd, 4318359.393, 80
Trd, 4318359.493, 66
Trd, 4318361.843, 63
Trd, 4318363.043, 72
Trd, 4318363.143, 82
Trd, 4318363.393, 67
Trd, 4318363.593, 89
Trd, 4318363.893, 85
Trd, 4318364.593, 111
Trd, 4318365.193, 111
Trd, 4318366.093, 121
Trd, 4318366.543, 84
Trd, 4318367.643, 140
Trd, 4318367.693, 140
Trd, 4318368.093, 140
Trd, 4318368.543, 133
Trd, 4318368.993, 86
Trd, 4318370.693, 140
Trd, 4318371.043, 117
Trd, 4318372.143, 135
Trd, 4318372.193, 97
Trd, 4318372.643, 71
Trd, 4318372.743, 84
Trd, 4318373.243, 71
Trd, 4318374.243, 70
Trd, 4318376.093, 65
Trd, 4318376.993, 60
Trd, 4318377.343, 62
Trd, 4318378.293, 62
Trd, 4318378.893, 63
Trd, 4318379.243, 65
Trd, 4318379.343, 66
Trd, 4318379.843, 73
Trd, 4318380.393, 74
Trd, 4318381.843, 112
Trd, 4318382.243, 68
Trd, 4318382.643, 64
Trd, 4318383.493, 97
Trd, 4318384.193, 82
Trd, 4318384.943, 137
Trd, 4318385.443, 129
Trd, 4318385.993, 130
Trd, 4318386.143, 129
Trd, 4318386.993, 139
Trd, 4318387.543, 61
Trd, 4318388.443, 65
Trd, 4318390.093, 65
Trd, 4318390.193, 76
Trd, 4318391.093, 63
Trd, 4318391.543, 68
Trd, 4318392.343, 66
Trd, 4318392.643, 64
Trd, 4318392.843, 65
Trd, 4318393.293, 73
Trd, 4318394.393, 61
Trd, 4318395.393, 72
Trd, 4318395.743, 72
Trd, 4318395.943, 107
Trd, 4318396.693, 64
Trd, 4318397.393, 127
Trd, 4318397.843, 137
Trd, 4318398.693, 105
Trd, 4318398.843, 101
Trd, 4318399.743, 94
Trd, 4318402.043, 60
Trd, 4318402.743, 60
Trd, 4318402.943, 62
Trd, 4318403.593, 60
Trd, 4318404.593, 83
Trd, 4318404.893, 98
Trd, 4318405.643, 64
Trd, 4318406.343, 63
Trd, 4318406.493, 62
Trd, 4318407.643, 67
Trd, 4318408.143, 86
Trd, 4318408.543, 101
Trd, 4318409.693, 128
Trd, 4318410.593, 129
Trd, 4318411.143, 128
Trd, 4318411.493, 138
Trd, 4318412.993, 138
Trd, 4318413.143, 132
Trd, 4318413.643, 78
Trd, 4318414.343, 83
Trd, 4318415.143, 61
Trd, 4318415.843, 115
Trd, 4318416.343, 107
Trd, 4318416.393, 104
Trd, 4318417.593, 127
Trd, 4318418.793, 127
Trd, 4318419.443, 128
Trd, 4318419.543, 134
Trd, 4318420.143, 122
Trd, 4318420.543, 131
Trd, 4318420.943, 125
Trd, 4318421.443, 137
Trd, 4318421.543, 125
Trd, 4318421.693, 124
Trd, 4318422.643, 140
Trd, 4318424.643, 140
Trd, 4318424.693, 133
Trd, 4318424.743, 115
Trd, 4318426.293, 127
Trd, 4318426.693, 117
Trd, 4318427.043, 97
Trd, 4318427.943, 103
Trd, 4318428.893, 94
Trd, 4318428.993, 98
Trd, 4318429.043, 99
Trd, 4318429.343, 92
Trd, 4318429.793, 92
Trd, 4318430.043, 64
Trd, 4318430.943, 62
Trd, 4318432.293, 61
Trd, 4318432.693, 64
Trd, 4318434.093, 140
Trd, 4318434.743, 139
Trd, 4318435.443, 137
Trd, 4318435.793, 136
Trd, 4318435.843, 133
Trd, 4318436.343, 126
Trd, 4318436.493, 115
Trd, 4318437.893, 68
Trd, 4318438.893, 65
Trd, 4318440.193, 66
Trd, 4318440.543, 62
Trd, 4318441.693, 60
Trd, 4318443.393, 60
Trd, 4318443.443, 60
Trd, 4318443.893, 60
Trd, 4318444.543, 61
Trd, 4318444.643, 63
Trd, 4318445.793, 77
Trd, 4318445.993, 93
Trd, 4318446.043, 92
Trd, 4318449.293, 60
Trd, 4318449.693, 60
Trd, 4318450.393, 61
Trd, 4318451.293, 60
Trd, 4318452.293, 61
Trd, 4318453.593, 62
Trd, 4318453.643, 70
Trd, 4318453.893, 86
Trd, 4318455.243, 140
Trd, 4318455.993, 140
Trd, 4318456.343, 140
Trd, 4318457.093, 127
Trd, 4318457.943, 105
Trd, 4318459.043, 91
Trd, 4318459.343, 89
Trd, 4318459.893, 93
Trd, 4318460.443, 121
Trd, 4318460.543, 75
Trd, 4318461.043, 139
Trd, 4318461.843, 139
Trd, 4318463.093, 60
Trd, 4318463.693, 60
Trd, 4318464.193, 63
Trd, 4318464.443, 64
Trd, 4318465.143, 78
Trd, 4318467.543, 65
Trd, 4318468.743, 62
Trd, 4318469.243, 68
Trd, 4318471.293, 60
Trd, 4318472.243, 62
Trd, 4318472.443, 68
Trd, 4318473.193, 62
Trd, 4318473.393, 64
Trd, 4318473.593, 60
Trd, 4318473.893, 63
Trd, 4318474.093, 78
Trd, 4318475.143, 69
Trd, 4318475.543, 75
Trd, 4318476.593, 75
Trd, 4318476.793, 78
Trd, 4318476.993, 73
Trd, 4318478.793, 60
Trd, 4318478.993, 61
Trd, 4318479.493, 62
Trd, 4318480.143, 65
Trd, 4318480.693, 62
Trd, 4318481.193, 89
Trd, 4318481.393, 62
Trd, 4318482.043, 62
Trd, 4318483.593, 60
Trd, 4318484.593, 62
Trd, 4318485.343, 67
Trd, 4318485.393, 107
Trd, 4318485.993, 62
Trd, 4318488.393, 60
Trd, 4318488.843, 63
Trd, 4318489.893, 62
Trd, 4318490.143, 63
Trd, 4318490.743, 71
Trd, 4318491.193, 70
Trd, 4318491.343, 69
Trd, 4318492.093, 70
Trd, 4318492.493, 69
Trd, 4318492.793, 94
Trd, 4318494.343, 80
Trd, 4318495.443, 60
Trd, 4318496.343, 61
Trd, 4318496.393, 64
Trd, 4318497.343, 62
Trd, 4318499.343, 61
Trd, 4318499.843, 64
Trd, 4318500.893, 60
Trd, 4318501.693, 60
Trd, 4318502.343, 61
Trd, 4318502.393, 64
Trd, 4318503.743, 65
Trd, 4318503.793, 64
Trd, 4318504.293, 68
Trd, 4318504.543, 60
Trd, 4318505.593, 63
Trd, 4318506.143, 62
Trd, 4318506.943, 64
Trd, 4318507.693, 60
Trd, 4318509.443, 60
Trd, 4318510.593, 62
Trd, 4318510.943, 60
Trd, 4318511.293, 66
Trd, 4318511.593, 66
Trd, 4318511.793, 67
Trd, 4318512.593, 78
Trd, 4318512.993, 79
Trd, 4318513.443, 60
Trd, 4318514.143, 81
Trd, 4318515.243, 60
Trd, 4318516.293, 62
Trd, 4318516.493, 66
Trd, 4318517.793, 91
Trd, 4318517.893, 69
Trd, 4318518.243, 64
Trd, 4318518.543, 131
Trd, 4318519.493, 67
Trd, 4318519.593, 63
Trd, 4318520.543, 60
Trd, 4318522.093, 65
Trd, 4318523.593, 61
Trd, 4318523.943, 63
Trd, 4318524.893, 65
Trd, 4318525.393, 63
Trd, 4318525.993, 65
Trd, 4318526.043, 66
Trd, 4318526.293, 77
Trd, 4318526.643, 112
Trd, 4318526.893, 118
Trd, 4318527.343, 95
Trd, 4318528.643, 87
Trd, 4318529.543, 138
Trd, 4318529.793, 132
Trd, 4318530.193, 67
Trd, 4318530.993, 68
Trd, 4318532.093, 67
Trd, 4318532.293, 66
Trd, 4318532.543, 64
Trd, 4318532.743, 99
Trd, 4318534.093, 68
Trd, 4318534.743, 68
Trd, 4318535.543, 65
Trd, 4318535.743, 66
Trd, 4318536.443, 70
Trd, 4318536.643, 67
Trd, 4318537.193, 82
Trd, 4318538.093, 60
Trd, 4318538.593, 88
Trd, 4318538.743, 81
Trd, 4318540.043, 135
Trd, 4318540.193, 133
Trd, 4318541.443, 140
Trd, 4318544.293, 65
Trd, 4318544.693, 61
Trd, 4318544.843, 137
Trd, 4318546.243, 63
Trd, 4318546.293, 66
Trd, 4318546.993, 61
Trd, 4318547.793, 69
Trd, 4318548.243, 68
Trd, 4318548.393, 66
Trd, 4318548.843, 82
Trd, 4318550.543, 71
Trd, 4318550.793, 68
Trd, 4318551.043, 66
Trd, 4318551.443, 129
Trd, 4318552.393, 68
Trd, 4318554.393, 62
Trd, 4318554.443, 68
Trd, 4318554.993, 60
Trd, 4318556.643, 61
Trd, 4318557.343, 62
Trd, 4318557.393, 67
Trd, 4318559.093, 95
Trd, 4318559.143, 68
Trd, 4318560.043, 140
Trd, 4318560.293, 140
Trd, 4318561.043, 140
Trd, 4318561.443, 140
Trd, 4318561.493, 133
Trd, 4318562.043, 78
Trd, 4318562.543, 91
Trd, 4318563.843, 108
Trd, 4318564.293, 78
Trd, 4318564.893, 78
Trd, 4318565.093, 77
Trd, 4318565.543, 89
Trd, 4318566.743, 70
Trd, 4318567.843, 61
Trd, 4318570.093, 61
Trd, 4318570.393, 62
Trd, 4318570.793, 61
Trd, 4318571.143, 60
Trd, 4318571.243, 62
Trd, 4318572.493, 65
Trd, 4318572.693, 67
Trd, 4318573.043, 118
Trd, 4318573.743, 67
Trd, 4318573.843, 62
Trd, 4318574.943, 62
Trd, 4318576.443, 119
Trd, 4318576.643, 90
Trd, 4318577.093, 63
Trd, 4318577.943, 68
Trd, 4318578.143, 61
Trd, 4318578.343, 113
Trd, 4318578.393, 64
Trd, 4318579.943, 60
Trd, 4318580.143, 60
Trd, 4318580.993, 61
Trd, 4318581.593, 67
Trd, 4318582.643, 71
Trd, 4318582.843, 71
Trd, 4318583.843, 90
Trd, 4318584.743, 90
Trd, 4318585.143, 77
Trd, 4318585.443, 87
Trd, 4318587.343, 90
Trd, 4318588.043, 98
Trd, 4318588.293, 140
Trd, 4318588.893, 108
Trd, 4318589.643, 106
Trd, 4318590.093, 62
Trd, 4318590.493, 68
Trd, 4318591.043, 70
Trd, 4318591.493, 60
Trd, 4318591.843, 60
Trd, 4318592.493, 60
Trd, 4318594.543, 60
Trd, 4318594.793, 73
Trd, 4318594.993, 76
Trd, 4318595.343, 105
Trd, 4318596.393, 128
Trd, 4318597.293, 115
Trd, 4318597.393, 114
Trd, 4318597.593, 86
Trd, 4318598.643, 121
Trd, 4318599.343, 127
Trd, 4318599.443, 102
Trd, 4318599.993, 83
Trd, 4318600.693, 130
Trd, 4318601.743, 60
Trd, 4318601.993, 123
Trd, 4318603.393, 60
Trd, 4318603.993, 120
Trd, 4318604.193, 118
Trd, 4318604.993, 111
Trd, 4318605.143, 89
Trd, 4318606.043, 60
Trd, 4318607.343, 140
Trd, 4318609.843, 60
Trd, 4318610.693, 61
Trd, 4318610.943, 61
Trd, 4318612.093, 61
Trd, 4318613.143, 61
Trd, 4318613.493, 63
Trd, 4318613.893, 61
Trd, 4318614.043, 74
Trd, 4318614.393, 78
Trd, 4318615.143, 64
Trd, 4318615.593, 66
Trd, 4318616.393, 66
Trd, 4318616.643, 63
Trd, 4318616.843, 112
Trd, 4318617.543, 61
Trd, 4318618.493, 72
Trd, 4318619.093, 140
Trd, 4318619.393, 140
Trd, 4318619.943, 127
Trd, 4318620.693, 117
Trd, 4318621.043, 96
Trd, 4318622.043, 96
Trd, 4318622.093, 84
Trd, 4318622.443, 72
Trd, 4318622.893, 95
Trd, 4318623.143, 61
Trd, 4318624.943, 136
Trd, 4318625.243, 118
Trd, 4318625.343, 100
Trd, 4318625.443, 86
Trd, 4318626.793, 108
Trd, 4318627.093, 101
Trd, 4318628.043, 96
Trd, 4318628.543, 126
Trd, 4318628.993, 128
Trd, 4318629.493, 96
Trd, 4318629.593, 92
Trd, 4318630.693, 119
Trd, 4318631.743, 64
Trd, 4318631.993, 66
Trd, 4318633.993, 61
Trd, 4318634.593, 63
Trd, 4318635.143, 63
Trd, 4318636.393, 61
Trd, 4318636.993, 61
Trd, 4318637.443, 64
Trd, 4318637.843, 109
Trd, 4318637.993, 60
Trd, 4318638.893, 130
Trd, 4318639.643, 92
Trd, 4318639.893, 74
Trd, 4318640.293, 76
Trd, 4318640.593, 140
Trd, 4318641.443, 67
Trd, 4318641.643, 66
Trd, 4318641.943, 67
Trd, 4318642.393, 98
Trd, 4318643.143, 97
Trd, 4318644.043, 133
Trd, 4318644.693, 100
Trd, 4318645.593, 140
Trd, 4318646.743, 62
Trd, 4318647.293, 61
Trd, 4318647.943, 62
Trd, 4318648.193, 79
Trd, 4318649.543, 65
Trd, 4318650.343, 76
Trd, 4318650.693, 61
Trd, 4318652.293, 65
Trd, 4318652.643, 70
Trd, 4318652.843, 89
Trd, 4318654.743, 66
Trd, 4318655.043, 67
Trd, 4318655.843, 66
Trd, 4318656.243, 67
Trd, 4318656.393, 119
Trd, 4318656.493, 100
Trd, 4318656.643, 66
Trd, 4318657.143, 61
Trd, 4318659.093, 61
Trd, 4318659.493, 65
Trd, 4318660.443, 60
Trd, 4318660.643, 61
Trd, 4318660.743, 67
Trd, 4318662.793, 61
Trd, 4318663.843, 73
Trd, 4318665.893, 60
Trd, 4318666.393, 61
Trd, 4318666.543, 60
Trd, 4318666.793, 63
Trd, 4318668.743, 61
Trd, 4318669.543, 60
Trd, 4318669.793, 84
Trd, 4318669.943, 62
Trd, 4318670.493, 65
Trd, 4318671.143, 65
Trd, 4318671.443, 68
Trd, 4318672.143, 73
Trd, 4318672.243, 69
Trd, 4318673.193, 140
Trd, 4318673.443, 140
Trd, 4318673.943, 138
Trd, 4318674.593, 130
Trd, 4318676.043, 126
Trd, 4318676.543, 125
Trd, 4318676.893, 65
Trd, 4318677.943, 67
Trd, 4318678.693, 69
Trd, 4318679.093, 69
Trd, 4318679.693, 74
Trd, 4318680.543, 65
Trd, 4318680.943, 63
Trd, 4318681.493, 95
Trd, 4318681.743, 67
Trd, 4318682.143, 81
Trd, 4318683.343, 65
Trd, 4318684.343, 63
Trd, 4318684.493, 65
Trd, 4318685.643, 61
Trd, 4318687.043, 62
Trd, 4318687.893, 81
Trd, 4318687.943, 107
Trd, 4318688.143, 66
Trd, 4318688.543, 96
Trd, 4318689.043, 62
Trd, 4318689.743, 60
Trd, 4318691.093, 61
Trd, 4318691.143, 62
Trd, 4318692.943, 62
Trd, 4318693.793, 64
Trd, 4318693.843, 64
Trd, 4318693.943, 81
Trd, 4318694.343, 63
Trd, 4318695.793, 67
Trd, 4318696.043, 120
Trd, 4318696.243, 64
Trd, 4318697.593, 79
Trd, 4318697.943, 66
Trd, 4318698.893, 72
Trd, 4318698.943, 71
Trd, 4318698.993, 67
Trd, 4318699.993, 138
Trd, 4318700.643, 138
Trd, 4318700.893, 124
Trd, 4318702.443, 115
Trd, 4318702.743, 120
Trd, 4318702.943, 114
Trd, 4318703.443, 122
Trd, 4318704.543, 138
Trd, 4318705.243, 128
Trd, 4318705.293, 126
Trd, 4318705.343, 94
Trd, 4318706.293, 79
Trd, 4318707.343, 71
Trd, 4318708.743, 62
Trd, 4318708.993, 61
Trd, 4318709.043, 63
Trd, 4318710.143, 73
Trd, 4318710.293, 60
Trd, 4318711.143, 129
Trd, 4318711.543, 140
Trd, 4318711.893, 140
Trd, 4318712.443, 128
Trd, 4318713.293, 140
Trd, 4318713.343, 124
Trd, 4318713.593, 65
Trd, 4318714.043, 137
Trd, 4318717.293, 60
Trd, 4318718.743, 63
Trd, 4318719.643, 62
Trd, 4318719.793, 62
Trd, 4318720.043, 62
Trd, 4318720.543, 60
Trd, 4318720.843, 62
Trd, 4318721.393, 62
Trd, 4318721.593, 65
Trd, 4318724.393, 63
Trd, 4318725.043, 64
Trd, 4318725.243, 98
Trd, 4318725.393, 64
Trd, 4318725.893, 65
Trd, 4318726.543, 66
Trd, 4318728.493, 71
Trd, 4318728.793, 75
Trd, 4318729.243, 76
Trd, 4318729.593, 68
Trd, 4318730.043, 70
Trd, 4318730.143, 67
Trd, 4318731.493, 130
Trd, 4318731.543, 76
Trd, 4318731.693, 66
Trd, 4318732.193, 69
Trd, 4318732.443, 114
Trd, 4318734.943, 60
Trd, 4318735.643, 61
Trd, 4318737.243, 62
Trd, 4318737.593, 63
Trd, 4318737.793, 62
Trd, 4318738.493, 74
Trd, 4318738.593, 62
Trd, 4318738.893, 64
Trd, 4318739.093, 62
Trd, 4318739.693, 64
Trd, 4318740.443, 63
Trd, 4318741.593, 68
Trd, 4318741.693, 69
Trd, 4318741.943, 79
Trd, 4318742.493, 90
Trd, 4318742.593, 89
Trd, 4318743.593, 79
Trd, 4318744.843, 60
Trd, 4318745.193, 62
Trd, 4318745.793, 63
Trd, 4318746.193, 97
Trd, 4318746.743, 60
Trd, 4318748.993, 85
Trd, 4318749.243, 63
Trd, 4318750.543, 77
Trd, 4318751.393, 66
Trd, 4318751.843, 105
Trd, 4318751.893, 104
Trd, 4318753.443, 132
Trd, 4318753.643, 129
Trd, 4318754.893, 108
Trd, 4318755.293, 103
Trd, 4318756.143, 90
Trd, 4318756.393, 108
Trd, 4318756.493, 88
Trd, 4318756.693, 87
Trd, 4318756.843, 87
Trd, 4318758.143, 140
Trd, 4318758.493, 140
Trd, 4318759.093, 102
Trd, 4318759.293, 101
Trd, 4318760.493, 120
Trd, 4318760.843, 139
Trd, 4318761.343, 122
Trd, 4318762.693, 107
Trd, 4318763.693, 140
Trd, 4318763.743, 117
Trd, 4318765.093, 140
Trd, 4318765.393, 140
Trd, 4318766.043, 128
Trd, 4318766.093, 127
Trd, 4318766.293, 85
Trd, 4318767.843, 140
Trd, 4318767.993, 139
Trd, 4318768.943, 120
Trd, 4318769.843, 140
Trd, 4318770.143, 140
Trd, 4318771.293, 75
Trd, 4318771.643, 63
Trd, 4318772.593, 92
Trd, 4318773.493, 69
Trd, 4318773.543, 103
Trd, 4318774.043, 74
Trd, 4318774.993, 140
Trd, 4318775.193, 65
Trd, 4318776.393, 70
Trd, 4318776.543, 65
Trd, 4318777.493, 73
Trd, 4318778.543, 71
Trd, 4318779.393, 75
Trd, 4318779.593, 72
Trd, 4318779.943, 70
Trd, 4318780.043, 78
Trd, 4318780.193, 61
Trd, 4318780.843, 93
Trd, 4318781.243, 92
Trd, 4318782.243, 98
Trd, 4318782.343, 60
Trd, 4318782.693, 66
Trd, 4318784.993, 61
Trd, 4318785.593, 63
Trd, 4318785.693, 65
Trd, 4318785.993, 73
Trd, 4318786.043, 114
Trd, 4318786.643, 72
Trd, 4318789.343, 60
Trd, 4318790.093, 60
Trd, 4318790.243, 60
Trd, 4318790.643, 62
Trd, 4318790.893, 60
Trd, 4318791.443, 60
Trd, 4318791.893, 64
Trd, 4318792.743, 60
Trd, 4318793.093, 76
Trd, 4318793.293, 96
Trd, 4318794.643, 88
Trd, 4318795.043, 93
Trd, 4318795.143, 65
Trd, 4318795.493, 89
Trd, 4318796.993, 61
Trd, 4318798.693, 63
Trd, 4318799.243, 61
Trd, 4318799.943, 61
Trd, 4318800.643, 63
Trd, 4318801.643, 65
Trd, 4318801.843, 140
Trd, 4318802.293, 70
Trd, 4318802.993, 70
Trd, 4318803.493, 117
Trd, 4318805.693, 138
Trd, 4318806.043, 138
Trd, 4318806.743, 137
Trd, 4318806.793, 136
Trd, 4318806.843, 121
Trd, 4318807.693, 116
Trd, 4318807.743, 111
Trd, 4318807.993, 98
Trd, 4318809.243, 84
Trd, 4318809.793, 80
Trd, 4318809.843, 79
Trd, 4318811.243, 91
Trd, 4318811.793, 93
Trd, 4318812.393, 140
Trd, 4318812.893, 113
Trd, 4318813.943, 68
Trd, 4318814.793, 64
Trd, 4318815.543, 63
Trd, 4318815.743, 76
Trd, 4318816.343, 100
Trd, 4318817.443, 140
Trd, 4318817.943, 139
Trd, 4318818.043, 133
Trd, 4318818.543, 135
Trd, 4318819.593, 110
Trd, 4318819.843, 111
Trd, 4318819.993, 100
Trd, 4318820.743, 139
Trd, 4318821.793, 117
Trd, 4318822.443, 114
Trd, 4318822.843, 124
Trd, 4318822.993, 114
Trd, 4318823.143, 111
Trd, 4318824.193, 140
Trd, 4318824.393, 133
Trd, 4318825.993, 136
Trd, 4318826.893, 117
Trd, 4318827.643, 106
Trd, 4318827.943, 97
Trd, 4318829.343, 61
Trd, 4318829.393, 65
Trd, 4318830.443, 61
Trd, 4318831.243, 60
Trd, 4318831.393, 68
Trd, 4318831.843, 62
Trd, 4318832.743, 63
Trd, 4318833.643, 60
Trd, 4318834.443, 64
Trd, 4318834.693, 61
Trd, 4318835.643, 62
Trd, 4318836.193, 61
Trd, 4318836.443, 90
Trd, 4318837.793, 65
Trd, 4318837.993, 73
Trd, 4318839.493, 76
Trd, 4318839.893, 68
Trd, 4318840.093, 77
Trd, 4318840.593, 80
Trd, 4318841.743, 91
Trd, 4318843.093, 94
Trd, 4318843.243, 93
Trd, 4318843.493, 93
Trd, 4318843.593, 88
Trd, 4318844.093, 62
Trd, 4318845.243, 72
Trd, 4318846.143, 92
Trd, 4318846.993, 72
Trd, 4318847.793, 74
Trd, 4318847.843, 87
Trd, 4318848.443, 73
Trd, 4318849.393, 72
Trd, 4318849.793, 109
Trd, 4318850.193, 65
Trd, 4318850.893, 95
Trd, 4318851.143, 70
Trd, 4318853.593, 60
Trd, 4318853.693, 60
Trd, 4318854.793, 60
Trd, 4318854.943, 61
Trd, 4318855.093, 62
Trd, 4318855.993, 62
Trd, 4318857.593, 63
Trd, 4318857.943, 63
Trd, 4318858.493, 61
Trd, 4318859.043, 61
Trd, 4318859.443, 69
Trd, 4318860.693, 97
Trd, 4318861.943, 68
Trd, 4318861.993, 69
Trd, 4318862.493, 80
Trd, 4318862.693, 83
Trd, 4318863.293, 79
Trd, 4318864.343, 78
Trd, 4318864.493, 76
Trd, 4318864.993, 120
Trd, 4318865.093, 115
Trd, 4318866.693, 100
Trd, 4318867.593, 116
Trd, 4318869.093, 117
Trd, 4318869.293, 108
Trd, 4318870.693, 114
Trd, 4318870.893, 105
Trd, 4318871.543, 104
Trd, 4318871.893, 105
Trd, 4318872.093, 104
Trd, 4318872.893, 100
Trd, 4318873.093, 99
Trd, 4318873.643, 132
Trd, 4318873.743, 95
Trd, 4318875.143, 86
Trd, 4318875.243, 87
Trd, 4318875.393, 74
Trd, 4318877.043, 64
Trd, 4318877.243, 65
Trd, 4318878.343, 64
Trd, 4318878.843, 63
Trd, 4318879.293, 64
Trd, 4318879.643, 98
Trd, 4318880.193, 140
Trd, 4318880.693, 73
Trd, 4318880.993, 94
Trd, 4318881.243, 72
Trd, 4318882.793, 82
Trd, 4318883.593, 81
Trd, 4318883.743, 80
Trd, 4318884.543, 86
Trd, 4318885.143, 79
Trd, 4318886.093, 78
Trd, 4318886.693, 77
Trd, 4318886.843, 86
Trd, 4318886.943, 96
Trd, 4318888.143, 102
Trd, 4318889.543, 60
Trd, 4318890.043, 60
Trd, 4318890.943, 60
Trd, 4318892.893, 60
Trd, 4318894.143, 60
Trd, 4318895.093, 61
Trd, 4318895.143, 62
Trd, 4318895.693, 62
Trd, 4318896.143, 60
Trd, 4318896.393, 61
Trd, 4318896.643, 62
Trd, 4318896.893, 91
Trd, 4318897.143, 92
Trd, 4318899.243, 61
Trd, 4318899.693, 62
Trd, 4318901.043, 71
Trd, 4318902.393, 68
Trd, 4318902.793, 75
Trd, 4318902.843, 69
Trd, 4318902.943, 115
Trd, 4318903.243, 68
Trd, 4318903.593, 72
Trd, 4318904.343, 66
Trd, 4318905.843, 70
Trd, 4318905.893, 135
Trd, 4318906.043, 68
Trd, 4318907.693, 79
Trd, 4318908.243, 67
Trd, 4318908.793, 66
Trd, 4318909.343, 72
Trd, 4318910.443, 118
Trd, 4318910.493, 117
Trd, 4318910.793, 121
Trd, 4318912.343, 124
Trd, 4318913.343, 60
Trd, 4318914.293, 67
Trd, 4318914.993, 60
Trd, 4318915.293, 61
Trd, 4318915.443, 69
Trd, 4318917.193, 62
Trd, 4318917.943, 60
Trd, 4318918.293, 67
Trd, 4318918.543, 64
Trd, 4318918.593, 71
Trd, 4318919.243, 61
Trd, 4318920.293, 117
Trd, 4318920.493, 114
Trd, 4318921.743, 140
Trd, 4318922.143, 133
Trd, 4318922.893, 100
Trd, 4318923.793, 60
Trd, 4318924.543, 61
Trd, 4318926.243, 60
Trd, 4318927.793, 60
Trd, 4318927.993, 65
Trd, 4318928.293, 75
Trd, 4318928.393, 81
Trd, 4318929.443, 60
Trd, 4318930.993, 60
Trd, 4318931.093, 61
Trd, 4318931.243, 61
Trd, 4318932.593, 75
Trd, 4318933.093, 67
Trd, 4318933.393, 67
Trd, 4318933.993, 65
Trd, 4318934.193, 68
Trd, 4318935.043, 60
Trd, 4318936.093, 62
Trd, 4318937.143, 61
Trd, 4318937.193, 77
Trd, 4318938.793, 60
Trd, 4318939.843, 60
Trd, 4318940.393, 60
Trd, 4318940.443, 61
Trd, 4318941.643, 61
Trd, 4318942.193, 63
Trd, 4318943.443, 63
Trd, 4318943.593, 62
Trd, 4318944.943, 61
Trd, 4318946.393, 64
Trd, 4318947.143, 61
Trd, 4318947.793, 74
Trd, 4318948.543, 75
Trd, 4318949.293, 65
Trd, 4318949.393, 60
Trd, 4318949.793, 62
Trd, 4318950.343, 69
Trd, 4318951.343, 64
Trd, 4318951.693, 62
Trd, 4318951.743, 108
Trd, 4318952.543, 60
Trd, 4318953.143, 66
Trd, 4318953.243, 99
Trd, 4318954.943, 62
Trd, 4318955.043, 63
Trd, 4318955.493, 131
Trd, 4318956.043, 137
Trd, 4318957.143, 140
Trd, 4318958.443, 130
Trd, 4318958.593, 125
Trd, 4318958.893, 120
Trd, 4318959.343, 92
Trd, 4318959.393, 76
Trd, 4318959.543, 76
Trd, 4318962.043, 60
Trd, 4318963.043, 138
Trd, 4318963.143, 125
Trd, 4318963.643, 120
Trd, 4318964.743, 111
Trd, 4318965.043, 95
Trd, 4318965.143, 104
Trd, 4318966.093, 66
Trd, 4318966.593, 65
Trd, 4318967.343, 60
Trd, 4318967.643, 60
Trd, 4318968.293, 63
Trd, 4318968.543, 83
Trd, 4318969.243, 77
Trd, 4318969.493, 61
Trd, 4318970.193, 65
Trd, 4318971.643, 140
Trd, 4318972.343, 140
Trd, 4318973.293, 110
Trd, 4318973.393, 84
Trd, 4318974.493, 138
Trd, 4318974.743, 132
Trd, 4318975.443, 140
Trd, 4318976.243, 67
Trd, 4318976.293, 65
Trd, 4318976.943, 70
Trd, 4318977.343, 65
Trd, 4318978.543, 139
Trd, 4318979.593, 116
Trd, 4318980.443, 98
Trd, 4318980.943, 136
Trd, 4318981.193, 100
Trd, 4318982.393, 106
Trd, 4318982.543, 131
Trd, 4318983.543, 107
Trd, 4318983.593, 106
Trd, 4318984.093, 127
Trd, 4318984.193, 122
Trd, 4318984.543, 80
Trd, 4318985.743, 60
Trd, 4318986.693, 60
Trd, 4318989.293, 60
Trd, 4318989.793, 66
Trd, 4318990.043, 61
Trd, 4318990.093, 96
Trd, 4318990.943, 73
Trd, 4318991.093, 72
Trd, 4318991.493, 63
Trd, 4318991.793, 65
Trd, 4318994.393, 69
Trd, 4318994.843, 69
Trd, 4318995.093, 117
Trd, 4318995.893, 73
Trd, 4318995.943, 65
Trd, 4318996.293, 62
Trd, 4318997.943, 62
Trd, 4318998.043, 62
Trd, 4318999.543, 60
Trd, 4318999.793, 61
Trd, 4319000.143, 79
Trd, 4319000.593, 140
Trd, 4319001.293, 131
Trd, 4319001.543, 137
Trd, 4319001.743, 117
Trd, 4319002.843, 85
Trd, 4319003.543, 92
Trd, 4319003.593, 84
Trd, 4319004.343, 83
Trd, 4319004.893, 66
Trd, 4319005.093, 67
Trd, 4319005.193, 80
Trd, 4319005.993, 121
Trd, 4319006.293, 62
Trd, 4319007.243, 60
Trd, 4319008.593, 116
Trd, 4319009.293, 121
Trd, 4319009.893, 132
Trd, 4319010.993, 135
Trd, 4319011.043, 132
Trd, 4319011.093, 129
Trd, 4319011.643, 122
Trd, 4319012.493, 140
Trd, 4319013.943, 121
Trd, 4319013.993, 120
Trd, 4319014.593, 140
Trd, 4319014.693, 140
Trd, 4319016.243, 124
Trd, 4319017.043, 121
Trd, 4319017.243, 120
Trd, 4319017.393, 118
Trd, 4319017.543, 110
Trd, 4319017.643, 88
Trd, 4319018.193, 140
Trd, 4319018.393, 140
Trd, 4319019.693, 61
Trd, 4319021.893, 60
Trd, 4319022.093, 60
Trd, 4319023.143, 69
Trd, 4319023.493, 71
Trd, 4319024.593, 119
Trd, 4319025.293, 119
Trd, 4319025.493, 118
Trd, 4319026.693, 117
Trd, 4319027.193, 131
Trd, 4319028.043, 113
Trd, 4319028.693, 98
Trd, 4319028.893, 120
Trd, 4319029.093, 127
Trd, 4319029.993, 60
Trd, 4319030.693, 61
Trd, 4319032.543, 60
Trd, 4319033.243, 60
Trd, 4319033.443, 62
Trd, 4319033.743, 64
Trd, 4319034.543, 60
Trd, 4319035.043, 62
Trd, 4319035.293, 94
Trd, 4319036.293, 127
Trd, 4319036.843, 70
Trd, 4319037.993, 74
Trd, 4319038.093, 79
Trd, 4319038.243, 72
Trd, 4319039.093, 88
Trd, 4319040.193, 92
Trd, 4319041.143, 91
Trd, 4319041.743, 70
Trd, 4319041.943, 65
Trd, 4319043.793, 63
Trd, 4319043.943, 78
Trd, 4319044.443, 64
Trd, 4319044.893, 63
Trd, 4319045.393, 63
Trd, 4319045.693, 113
Trd, 4319046.493, 85
Trd, 4319046.843, 139
Trd, 4319046.893, 62
Trd, 4319047.943, 69
Trd, 4319049.643, 140
Trd, 4319050.043, 140
Trd, 4319050.243, 130
Trd, 4319050.943, 131
Trd, 4319051.893, 130
Trd, 4319052.593, 127
Trd, 4319052.843, 126
Trd, 4319053.493, 121
Trd, 4319054.493, 102
Trd, 4319055.493, 61
Trd, 4319055.943, 60
Trd, 4319056.593, 64
Trd, 4319056.743, 63
Trd, 4319057.843, 60
Trd, 4319058.393, 109
Trd, 4319058.993, 110
Trd, 4319059.443, 106
Trd, 4319059.793, 86
Trd, 4319060.443, 63
Trd, 4319062.043, 125
Trd, 4319062.543, 71
Trd, 4319062.743, 70
Trd, 4319063.493, 80
Trd, 4319063.893, 69
Trd, 4319064.093, 101
Trd, 4319065.093, 60
Trd, 4319065.493, 61
Trd, 4319066.843, 140
Trd, 4319068.643, 61
Trd, 4319069.043, 61
Trd, 4319069.293, 62
Trd, 4319070.293, 65
Trd, 4319070.643, 66
Trd, 4319070.743, 64
Trd, 4319072.193, 70
Trd, 4319072.493, 71
Trd, 4319072.993, 89
Trd, 4319073.343, 74
Trd, 4319074.443, 127
Trd, 4319075.143, 93
Trd, 4319075.593, 77
Trd, 4319075.693, 76
Trd, 4319076.193, 74
Trd, 4319076.493, 83
Trd, 4319078.743, 91
Trd, 4319078.993, 88
Trd, 4319079.593, 76
Trd, 4319080.793, 71
Trd, 4319081.643, 87
Trd, 4319081.693, 86
Trd, 4319082.543, 140
Trd, 4319083.643, 140
Trd, 4319084.093, 140
Trd, 4319084.693, 137
Trd, 4319084.793, 131
Trd, 4319086.043, 119
Trd, 4319086.843, 116
Trd, 4319087.643, 113
Trd, 4319088.093, 112
Trd, 4319088.843, 131
Trd, 4319088.893, 122
Trd, 4319089.043, 116
Trd, 4319089.293, 94
Trd, 4319090.293, 65
Trd, 4319090.393, 66
Trd, 4319090.893, 61
Trd, 4319091.843, 140
Trd, 4319091.993, 118
Trd, 4319093.893, 68
Trd, 4319094.543, 64
Trd, 4319094.843, 84
Trd, 4319096.043, 60
Trd, 4319097.343, 61
Trd, 4319097.843, 61
Trd, 4319098.143, 77
Trd, 4319098.943, 64
Trd, 4319099.643, 66
Trd, 4319100.693, 91
Trd, 4319100.743, 90
Trd, 4319100.793, 90
Trd, 4319102.343, 60
Trd, 4319102.843, 61
Trd, 4319103.243, 72
Trd, 4319103.493, 74
Trd, 4319105.893, 60
Trd, 4319106.993, 60
Trd, 4319108.143, 60
Trd, 4319108.443, 61
Trd, 4319108.943, 60
Trd, 4319109.293, 60
Trd, 4319109.693, 60
Trd, 4319109.793, 60
Trd, 4319111.393, 63
Trd, 4319111.493, 63
Trd, 4319111.993, 112
Trd, 4319112.693, 62
Trd, 4319113.043, 70
Trd, 4319113.343, 117
Trd, 4319114.293, 60
Trd, 4319116.943, 61
Trd, 4319117.193, 61
Trd, 4319117.243, 69
Trd, 4319118.743, 61
Trd, 4319119.343, 62
Trd, 4319119.393, 66
Trd, 4319119.493, 72
Trd, 4319119.843, 80
Trd, 4319120.943, 61
Trd, 4319121.993, 60
Trd, 4319122.393, 60
Trd, 4319124.143, 61
Trd, 4319124.393, 64
Trd, 4319125.243, 62
Trd, 4319125.443, 62
Trd, 4319125.843, 137
Trd, 4319127.543, 60
Trd, 4319128.043, 62
Trd, 4319128.443, 68
Trd, 4319129.043, 73
Trd, 4319129.693, 140
Trd, 4319131.543, 115
Trd, 4319131.593, 114
Trd, 4319133.493, 137
Trd, 4319133.743, 135
Trd, 4319133.943, 113
Trd, 4319134.043, 110
Trd, 4319134.393, 104
Trd, 4319135.093, 95
Trd, 4319135.143, 94
Trd, 4319135.543, 121
Trd, 4319136.393, 96
Trd, 4319136.443, 90
Trd, 4319136.493, 136
Trd, 4319138.143, 78
Trd, 4319140.343, 98
Trd, 4319140.393, 95
Trd, 4319140.993, 102
Trd, 4319141.443, 92
Trd, 4319141.893, 84
Trd, 4319142.743, 65
Trd, 4319143.093, 65
Trd, 4319143.593, 109
Trd, 4319143.743, 112
Trd, 4319144.493, 130
Trd, 4319144.593, 103
Trd, 4319146.493, 62
Trd, 4319146.593, 70
Trd, 4319148.593, 71
Trd, 4319148.743, 74
Trd, 4319148.993, 71
Trd, 4319149.043, 70
Trd, 4319149.343, 113
Trd, 4319149.643, 78
Trd, 4319150.193, 73
Trd, 4319150.643, 100
Trd, 4319152.693, 61
Trd, 4319153.993, 60
Trd, 4319154.143, 61
Trd, 4319155.993, 62
Trd, 4319156.093, 62
Trd, 4319156.643, 64
Trd, 4319157.643, 67
Trd, 4319158.193, 126
Trd, 4319158.493, 123
Trd, 4319158.793, 123
Trd, 4319158.893, 122
Trd, 4319159.993, 62
Trd, 4319161.043, 63
Trd, 4319161.193, 61
Trd, 4319162.343, 67
Trd, 4319162.793, 77
Trd, 4319162.993, 63
Trd, 4319163.593, 61
Trd, 4319164.343, 60
Trd, 4319164.593, 76
Trd, 4319166.743, 60
Trd, 4319167.493, 61
Trd, 4319168.143, 65
Trd, 4319168.493, 64
Trd, 4319168.843, 63
Trd, 4319169.293, 62
Trd, 4319169.893, 62
Trd, 4319171.543, 60
Trd, 4319172.693, 60
Trd, 4319173.043, 60
Trd, 4319173.793, 63
Trd, 4319175.993, 60
Trd, 4319176.493, 60
Trd, 4319177.043, 66
Trd, 4319179.143, 60
Trd, 4319180.543, 60
Trd, 4319180.593, 60
Trd, 4319181.443, 63
Trd, 4319181.593, 64
Trd, 4319181.893, 77
Trd, 4319182.043, 113
Trd, 4319183.343, 101
Trd, 4319184.193, 140
Trd, 4319184.743, 135
Trd, 4319185.543, 124
Trd, 4319186.043, 112
Trd, 4319186.143, 95
Trd, 4319186.693, 85
Trd, 4319186.843, 84
Trd, 4319187.243, 68
Trd, 4319187.793, 60
Trd, 4319190.043, 133
Trd, 4319190.693, 112
Trd, 4319190.893, 111
Trd, 4319191.143, 90
Trd, 4319192.843, 139
Trd, 4319193.293, 123
Trd, 4319193.943, 118
Trd, 4319194.343, 106
Trd, 4319194.943, 90
Trd, 4319195.293, 131
Trd, 4319195.643, 65
Trd, 4319197.393, 91
Trd, 4319197.693, 108
Trd, 4319199.243, 71
Trd, 4319199.393, 68
Trd, 4319200.293, 75
Trd, 4319200.593, 71
Trd, 4319200.843, 136
Trd, 4319201.793, 83
Trd, 4319202.193, 140
Trd, 4319202.943, 140
Trd, 4319203.543, 122
Trd, 4319204.293, 114
Trd, 4319204.743, 110
Trd, 4319205.893, 82
Trd, 4319206.343, 81
Trd, 4319206.643, 119
Trd, 4319207.243, 61
Trd, 4319207.543, 90
Trd, 4319207.743, 89
Trd, 4319208.493, 68
Trd, 4319209.243, 68
Trd, 4319209.293, 70
Trd, 4319210.043, 67
Trd, 4319211.043, 139
Trd, 4319211.443, 134
Trd, 4319211.643, 133
Trd, 4319212.443, 73
Trd, 4319213.493, 134
Trd, 4319214.093, 75
Trd, 4319214.393, 69
Trd, 4319215.743, 114
Trd, 4319215.843, 127
Trd, 4319216.393, 127
Trd, 4319216.493, 92
Trd, 4319216.943, 134
Trd, 4319218.043, 105
Trd, 4319218.543, 128
Trd, 4319218.893, 127
Trd, 4319220.443, 87
Trd, 4319220.493, 84
Trd, 4319220.893, 139
Trd, 4319221.143, 83
Trd, 4319222.093, 94
Trd, 4319222.443, 94
Trd, 4319222.543, 95
Trd, 4319222.993, 84
Trd, 4319223.143, 83
Trd, 4319224.493, 63
Trd, 4319224.893, 114
Trd, 4319226.193, 60
Trd, 4319226.743, 68
Trd, 4319226.843, 75
Trd, 4319227.393, 75
Trd, 4319228.593, 67
Trd, 4319229.493, 101
Trd, 4319229.643, 109
Trd, 4319229.793, 99
Trd, 4319229.893, 98
Trd, 4319230.343, 65
Trd, 4319231.343, 117
Trd, 4319232.493, 62
Trd, 4319232.943, 63
Trd, 4319234.543, 83
Trd, 4319235.593, 90
Trd, 4319236.343, 63
Trd, 4319236.593, 65
Trd, 4319236.643, 73
Trd, 4319237.093, 126
Trd, 4319237.243, 66
Trd, 4319238.143, 74
Trd, 4319238.343, 72
Trd, 4319239.293, 91
Trd, 4319239.743, 93
Trd, 4319240.593, 91
Trd, 4319241.893, 123
Trd, 4319242.593, 118
Trd, 4319243.143, 131
Trd, 4319244.843, 121
Trd, 4319245.443, 139
Trd, 4319245.643, 120
Trd, 4319246.043, 102
Trd, 4319247.393, 62
Trd, 4319247.493, 67
Trd, 4319248.493, 69
Trd, 4319252.043, 60
Trd, 4319252.293, 61
Trd, 4319253.093, 60
Trd, 4319253.843, 60
Trd, 4319253.993, 60
Trd, 4319254.243, 71
Trd, 4319254.393, 63
Trd, 4319256.693, 62
Trd, 4319257.293, 63
Trd, 4319258.793, 61
Trd, 4319259.243, 62
Trd, 4319259.493, 69
Trd, 4319259.643, 137
Trd, 4319261.793, 60
Trd, 4319262.593, 60
Trd, 4319263.843, 60
Trd, 4319264.293, 64
Trd, 4319264.893, 65
Trd, 4319264.943, 72
Trd, 4319265.543, 63
Trd, 4319266.243, 63
Trd, 4319267.243, 68
Trd, 4319267.643, 79
Trd, 4319268.043, 61
Trd, 4319268.343, 140
Trd, 4319269.343, 81
Trd, 4319270.643, 72
Trd, 4319270.743, 69
Trd, 4319271.893, 138
Trd, 4319274.343, 60
Trd, 4319275.193, 63
Trd, 4319275.393, 67
Trd, 4319276.343, 67
Trd, 4319276.393, 62
Trd, 4319276.943, 112
Trd, 4319277.943, 90
Trd, 4319278.993, 76
Trd, 4319279.543, 113
Trd, 4319279.993, 112
Trd, 4319280.243, 106
Trd, 4319281.493, 60
Trd, 4319282.343, 61
Trd, 4319282.843, 61
Trd, 4319282.943, 62
Trd, 4319284.743, 60
Trd, 4319285.443, 60
Trd, 4319285.943, 60
Trd, 4319287.893, 63
Trd, 4319288.293, 66
Trd, 4319288.443, 62
Trd, 4319289.843, 69
Trd, 4319290.093, 75
Trd, 4319290.393, 76
Trd, 4319291.143, 68
Trd, 4319291.693, 66
Trd, 4319293.943, 64
Trd, 4319293.993, 78
Trd, 4319295.593, 61
Trd, 4319296.243, 62
Trd, 4319296.393, 65
Trd, 4319297.293, 62
Trd, 4319298.143, 62
Trd, 4319298.793, 62
Trd, 4319299.193, 63
Trd, 4319299.293, 72
Trd, 4319301.093, 67
Trd, 4319301.643, 108
Trd, 4319301.993, 72
Trd, 4319302.043, 71
Trd, 4319302.343, 101
Trd, 4319302.743, 137
Trd, 4319304.093, 76
Trd, 4319304.243, 80
Trd, 4319304.843, 91
Trd, 4319305.293, 86
Trd, 4319305.743, 99
Trd, 4319306.293, 91
Trd, 4319307.093, 87
Trd, 4319307.243, 87
Trd, 4319307.543, 65
Trd, 4319309.443, 64
Trd, 4319310.943, 60
Trd, 4319311.043, 61
Trd, 4319312.293, 64
Trd, 4319312.693, 68
Trd, 4319313.143, 99
Trd, 4319313.343, 68
Trd, 4319313.993, 66
Trd, 4319315.543, 64
Trd, 4319315.643, 65
Trd, 4319316.093, 64
Trd, 4319316.293, 65
Trd, 4319316.543, 111
Trd, 4319316.943, 62
Trd, 4319318.443, 76
Trd, 4319319.243, 61
Trd, 4319319.693, 62
Trd, 4319319.993, 80
Trd, 4319320.943, 62
Trd, 4319321.793, 61
Trd, 4319322.043, 60
Trd, 4319322.093, 126
Trd, 4319323.243, 60
Trd, 4319324.093, 61
Trd, 4319324.693, 60
Trd, 4319325.143, 62
Trd, 4319326.343, 65
Trd, 4319328.543, 61
Trd, 4319329.393, 60
Trd, 4319330.843, 60
Trd, 4319330.993, 60
Trd, 4319331.043, 65
Trd, 4319331.243, 66
Trd, 4319332.493, 101
Trd, 4319333.393, 61
Trd, 4319334.443, 63
Trd, 4319335.043, 65
Trd, 4319335.193, 62
Trd, 4319335.543, 91
Trd, 4319336.193, 65
Trd, 4319336.343, 96
Trd, 4319338.293, 61
Trd, 4319338.393, 65
Trd, 4319339.143, 66
Trd, 4319339.493, 79
Trd, 4319340.843, 125
Trd, 4319341.543, 111
Trd, 4319341.943, 107
Trd, 4319342.743, 108
Trd, 4319342.793, 106
Trd, 4319342.893, 104
Trd, 4319343.843, 62
Trd, 4319344.393, 68
Trd, 4319344.893, 63
Trd, 4319344.993, 99
Trd, 4319347.043, 61
Trd, 4319348.193, 60
Trd, 4319349.643, 63
Trd, 4319349.993, 62
Trd, 4319350.693, 60
Trd, 4319352.893, 60
Trd, 4319353.443, 62
Trd, 4319354.143, 60
Trd, 4319355.243, 61
Trd, 4319355.743, 64
Trd, 4319356.393, 62
Trd, 4319356.943, 64
Trd, 4319357.093, 64
Trd, 4319358.343, 121
Trd, 4319359.143, 71
Trd, 4319359.843, 64
Trd, 4319360.643, 72
Trd, 4319361.843, 61
Trd, 4319362.843, 61
Trd, 4319363.393, 60
Trd, 4319364.243, 60
Trd, 4319364.393, 70
Trd, 4319365.693, 83
Trd, 4319366.043, 82
Trd, 4319366.643, 95
Trd, 4319367.143, 66
Trd, 4319368.293, 109
Trd, 4319368.543, 106
Trd, 4319368.943, 65
Trd, 4319369.093, 67
Trd, 4319370.243, 72
Trd, 4319370.593, 88
Trd, 4319372.193, 70
Trd, 4319372.793, 73
Trd, 4319373.243, 69
Trd, 4319373.343, 68
Trd, 4319375.143, 82
Trd, 4319375.193, 79
Trd, 4319375.593, 90
Trd, 4319376.243, 80
Trd, 4319376.993, 140
Trd, 4319377.043, 140
Trd, 4319377.893, 134
Trd, 4319378.993, 138
Trd, 4319379.043, 129
Trd, 4319379.993, 138
Trd, 4319380.093, 127
Trd, 4319380.793, 104
Trd, 4319381.293, 89
Trd, 4319382.093, 140
Trd, 4319382.143, 123
Trd, 4319382.993, 84
Trd, 4319384.693, 140
Trd, 4319384.743, 138
Trd, 4319385.243, 120
Trd, 4319385.493, 105
Trd, 4319387.243, 60
Trd, 4319387.893, 63
Trd, 4319388.343, 62
Trd, 4319388.393, 63
Trd, 4319388.893, 64
Trd, 4319389.343, 74
Trd, 4319389.393, 73
Trd, 4319390.643, 75
Trd, 4319390.793, 72
Trd, 4319391.293, 70
Trd, 4319393.593, 60
Trd, 4319393.993, 60
Trd, 4319394.493, 60
Trd, 4319395.143, 60
Trd, 4319395.793, 60
Trd, 4319396.593, 60
Trd, 4319396.643, 66
Trd, 4319397.793, 80
Trd, 4319398.443, 81
Trd, 4319398.893, 79
Trd, 4319398.943, 77
Trd, 4319399.043, 65
Trd, 4319399.993, 68
Trd, 4319400.893, 112
Trd, 4319400.943, 84
Trd, 4319402.693, 61
Trd, 4319403.343, 60
Trd, 4319404.143, 60
Trd, 4319404.543, 73
Trd, 4319405.693, 60
Trd, 4319406.993, 61
Trd, 4319407.343, 62
Trd, 4319407.743, 65
Trd, 4319408.343, 66
Trd, 4319408.443, 66
Trd, 4319408.943, 65
Trd, 4319409.593, 117
Trd, 4319410.693, 115
Trd, 4319410.793, 63
Trd, 4319411.893, 60
Trd, 4319412.793, 62
Trd, 4319413.393, 60
Trd, 4319413.443, 64
Trd, 4319414.893, 61
Trd, 4319416.143, 76
Trd, 4319416.293, 93
Trd, 4319416.743, 75
Trd, 4319416.843, 101
Trd, 4319416.893, 134
Trd, 4319416.993, 74
Trd, 4319418.843, 75
Trd, 4319419.743, 74
Trd, 4319421.143, 75
Trd, 4319421.293, 76
Trd, 4319421.943, 138
Trd, 4319422.393, 115
Trd, 4319423.593, 140
Trd, 4319423.643, 139
Trd, 4319423.743, 93
Trd, 4319425.193, 108
Trd, 4319426.093, 93
Trd, 4319427.543, 67
Trd, 4319428.793, 71
Trd, 4319429.943, 60
Trd, 4319430.243, 60
Trd, 4319430.643, 60
Trd, 4319430.843, 60
Trd, 4319432.693, 60
Trd, 4319432.793, 61
Trd, 4319433.743, 72
Trd, 4319434.693, 73
Trd, 4319435.093, 72
Trd, 4319435.293, 74
Trd, 4319436.893, 85
Trd, 4319437.343, 122
Trd, 4319438.193, 76
Trd, 4319439.093, 79
Trd, 4319440.343, 87
Trd, 4319440.643, 130
Trd, 4319441.793, 111
Trd, 4319442.243, 122
Trd, 4319442.443, 106
Trd, 4319442.493, 104
Trd, 4319443.543, 140
Trd, 4319444.093, 140
Trd, 4319444.793, 90
Trd, 4319445.343, 78
Trd, 4319445.493, 77
Trd, 4319446.893, 64
Trd, 4319447.193, 65
Trd, 4319447.743, 119
Trd, 4319448.393, 92
Trd, 4319449.093, 83
Trd, 4319449.443, 101
Trd, 4319449.793, 102
Trd, 4319449.893, 114
Trd, 4319450.793, 100
Trd, 4319451.043, 96
Trd, 4319451.793, 140
Trd, 4319452.393, 68
Trd, 4319453.143, 93
Trd, 4319454.043, 60
Trd, 4319455.193, 68
Trd, 4319456.543, 60
Trd, 4319458.243, 64
Trd, 4319458.793, 65
Trd, 4319459.293, 66
Trd, 4319459.643, 60
Trd, 4319460.343, 60
Trd, 4319460.543, 63
Trd, 4319462.543, 60
Trd, 4319463.043, 105
Trd, 4319465.093, 64
Trd, 4319465.543, 65
Trd, 4319465.643, 66
Trd, 4319465.793, 65
Trd, 4319466.493, 79
Trd, 4319466.943, 62
Trd, 4319467.643, 71
Trd, 4319467.943, 64
Trd, 4319469.093, 68
Trd, 4319469.193, 67
Trd, 4319469.293, 68
Trd, 4319470.093, 70
Trd, 4319470.193, 73
Trd, 4319472.093, 62
Trd, 4319472.293, 65
Trd, 4319472.393, 99
Trd, 4319472.993, 64
Trd, 4319474.293, 92
Trd, 4319475.593, 62
Trd, 4319476.493, 60
Trd, 4319476.893, 61
Trd, 4319477.593, 60
Trd, 4319478.193, 62
Trd, 4319478.593, 83
Trd, 4319478.743, 63
Trd, 4319478.993, 91
Trd, 4319480.243, 67
Trd, 4319480.293, 69
Trd, 4319480.843, 61
Trd, 4319480.943, 64
Trd, 4319481.293, 60
Trd, 4319482.793, 63
Trd, 4319483.643, 73
Trd, 4319483.843, 65
Trd, 4319484.593, 66
Trd, 4319485.093, 60
Trd, 4319485.393, 62
Trd, 4319485.893, 67
Trd, 4319487.393, 68
Trd, 4319487.993, 67
Trd, 4319490.343, 103
Trd, 4319490.443, 65
Trd, 4319490.743, 64
Trd, 4319491.343, 64
Trd, 4319491.993, 64
Trd, 4319494.093, 69
Trd, 4319494.443, 69
Trd, 4319494.493, 82
Trd, 4319495.093, 63
Trd, 4319495.743, 67
Trd, 4319496.593, 106
Trd, 4319496.843, 105
Trd, 4319496.893, 87
Trd, 4319498.043, 61
Trd, 4319498.193, 114
Trd, 4319498.443, 62
Trd, 4319500.993, 61
Trd, 4319501.043, 65
Trd, 4319501.093, 68
Trd, 4319501.893, 87
Trd, 4319501.993, 67
Trd, 4319502.093, 86
Trd, 4319502.843, 66
Trd, 4319503.393, 66
Trd, 4319503.493, 70
Trd, 4319505.393, 70
Trd, 4319506.093, 75
Trd, 4319506.493, 73
Trd, 4319506.793, 66
Trd, 4319506.993, 65
Trd, 4319507.293, 65
Trd, 4319507.893, 102
Trd, 4319508.543, 64
Trd, 4319509.293, 63
Trd, 4319511.243, 132
Trd, 4319512.193, 97
Trd, 4319512.393, 140
Trd, 4319512.893, 94
Trd, 4319513.193, 85
Trd, 4319513.443, 75
Trd, 4319514.993, 84
Trd, 4319515.243, 78
Trd, 4319515.843, 107
Trd, 4319516.643, 77
Trd, 4319517.543, 80
Trd, 4319518.093, 131
Trd, 4319518.893, 97
Trd, 4319518.993, 71
Trd, 4319519.143, 113
Trd, 4319519.793, 64
Trd, 4319521.043, 61
Trd, 4319522.293, 64
Trd, 4319522.643, 66
Trd, 4319523.293, 64
Trd, 4319523.493, 65
Trd, 4319523.543, 89
Trd, 4319524.993, 60
Trd, 4319525.193, 61
Trd, 4319526.593, 61
Trd, 4319528.243, 61
Trd, 4319529.693, 74
Trd, 4319529.843, 73
Trd, 4319529.993, 72
Trd, 4319530.243, 68
Trd, 4319530.343, 94
Trd, 4319530.543, 96
Trd, 4319531.193, 138
Trd, 4319533.743, 60
Trd, 4319534.143, 63
Trd, 4319534.243, 60
Trd, 4319534.393, 78
Trd, 4319536.343, 60
Trd, 4319536.693, 63
Trd, 4319536.943, 60
Trd, 4319537.643, 60
Trd, 4319539.843, 83
Trd, 4319539.993, 82
Trd, 4319540.493, 102
Trd, 4319540.593, 104
Trd, 4319541.493, 81
Trd, 4319541.993, 117
Trd, 4319542.493, 80
Trd, 4319542.693, 97
Trd, 4319543.143, 65
Trd, 4319543.743, 101
Trd, 4319544.593, 72
Trd, 4319544.843, 73
Trd, 4319544.993, 136
Trd, 4319547.093, 60
Trd, 4319547.293, 61
Trd, 4319547.443, 64
Trd, 4319548.043, 61
Trd, 4319548.393, 67
Trd, 4319549.793, 67
Trd, 4319550.943, 62
Trd, 4319551.293, 62
Trd, 4319551.543, 69
Trd, 4319552.293, 64
Trd, 4319553.343, 69
Trd, 4319553.743, 72
Trd, 4319554.743, 67
Trd, 4319554.843, 66
Trd, 4319555.843, 62
Trd, 4319556.443, 60
Trd, 4319556.643, 64
Trd, 4319558.193, 60
Trd, 4319558.443, 60
Trd, 4319558.793, 62
Trd, 4319559.193, 61
Trd, 4319559.243, 63
Trd, 4319559.993, 68
Trd, 4319560.393, 71
Trd, 4319562.093, 65
Trd, 4319562.793, 60
Trd, 4319563.043, 60
Trd, 4319564.543, 65
Trd, 4319565.093, 70
Trd, 4319565.693, 61
Trd, 4319565.743, 72
Trd, 4319567.693, 81
Trd, 4319567.993, 67
Trd, 4319568.693, 76
Trd, 4319569.743, 69
Trd, 4319570.643, 70
Trd, 4319570.843, 74
Trd, 4319571.743, 69
Trd, 4319571.793, 74
Trd, 4319572.543, 78
Trd, 4319572.943, 125
Trd, 4319572.993, 69
Trd, 4319573.643, 76
Trd, 4319574.543, 71
Trd, 4319574.743, 66
Trd, 4319575.593, 67
Trd, 4319576.343, 112
Trd, 4319577.143, 94
Trd, 4319577.243, 93
Trd, 4319577.293, 80
Trd, 4319577.643, 73
Trd, 4319579.393, 140
Trd, 4319579.593, 140
Trd, 4319580.793, 66
Trd, 4319581.743, 69
Trd, 4319582.343, 66
Trd, 4319582.943, 65
Trd, 4319583.043, 65
Trd, 4319583.093, 74
Trd, 4319583.693, 79
Trd, 4319584.893, 67
Trd, 4319585.193, 72
Trd, 4319585.493, 139
Trd, 4319586.043, 134
Trd, 4319586.243, 133
Trd, 4319586.893, 64
Trd, 4319588.593, 84
Trd, 4319589.693, 64
Trd, 4319590.143, 63
Trd, 4319591.993, 60
Trd, 4319592.693, 63
Trd, 4319593.293, 64
Trd, 4319594.243, 60
Trd, 4319594.343, 60
Trd, 4319594.693, 80
Trd, 4319595.693, 63
Trd, 4319596.193, 65
Trd, 4319596.393, 66
Trd, 4319597.193, 63
Trd, 4319597.643, 62
Trd, 4319598.193, 60
Trd, 4319599.643, 112
Trd, 4319600.093, 116
Trd, 4319600.893, 68
Trd, 4319601.793, 71
Trd, 4319602.293, 124
Trd, 4319603.043, 88
Trd, 4319603.743, 87
Trd, 4319604.193, 85
Trd, 4319605.093, 78
Trd, 4319605.593, 76
Trd, 4319606.093, 75
Trd, 4319606.593, 87
Trd, 4319606.743, 89
Trd, 4319606.793, 81
Trd, 4319607.393, 139
Trd, 4319609.443, 60
Trd, 4319609.843, 86
Trd, 4319610.643, 68
Trd, 4319610.743, 88
Trd, 4319612.543, 60
Trd, 4319612.893, 76
Trd, 4319612.943, 87
Trd, 4319613.043, 81
Trd, 4319614.643, 82
Trd, 4319615.393, 77
Trd, 4319616.643, 91
Trd, 4319617.193, 88
Trd, 4319617.593, 75
Trd, 4319617.793, 96
Trd, 4319618.793, 106
Trd, 4319619.043, 105
Trd, 4319619.693, 85
Trd, 4319619.843, 107
Trd, 4319620.543, 112
Trd, 4319620.993, 129
Trd, 4319621.293, 108
Trd, 4319622.193, 139
Trd, 4319622.243, 133
Trd, 4319623.043, 123
Trd, 4319623.193, 122
Trd, 4319623.893, 128
Trd, 4319625.543, 61
Trd, 4319627.793, 60
Trd, 4319627.893, 65
Trd, 4319628.143, 62
Trd, 4319628.493, 61
Trd, 4319629.893, 62
Trd, 4319630.143, 63
Trd, 4319630.493, 63
Trd, 4319630.643, 63
Trd, 4319631.543, 102
Trd, 4319631.593, 90
Trd, 4319631.693, 87
Trd, 4319631.893, 80
Trd, 4319633.343, 60
Trd, 4319634.193, 60
Trd, 4319634.993, 63
Trd, 4319635.343, 60
Trd, 4319636.593, 62
Trd, 4319637.243, 63
Trd, 4319637.593, 64
Trd, 4319638.393, 137
Trd, 4319638.693, 136
Trd, 4319639.043, 131
Trd, 4319639.443, 131
Trd, 4319640.143, 130
Trd, 4319640.443, 80
Trd, 4319640.643, 78
Trd, 4319641.843, 139
Trd, 4319642.343, 102
Trd, 4319643.643, 138
Trd, 4319643.743, 136
Trd, 4319644.093, 116
Trd, 4319644.543, 71
Trd, 4319645.043, 92
Trd, 4319645.443, 93
Trd, 4319646.543, 107
Trd, 4319647.993, 62
Trd, 4319648.493, 60
Trd, 4319648.543, 63
Trd, 4319650.393, 60
Trd, 4319652.293, 60
Trd, 4319652.893, 60
Trd, 4319653.693, 62
Trd, 4319653.993, 64
Trd, 4319654.193, 62
Trd, 4319655.143, 62
Trd, 4319656.343, 60
Trd, 4319656.543, 63
Trd, 4319656.793, 61
Trd, 4319658.243, 63
Trd, 4319658.693, 62
Trd, 4319659.143, 88
Trd, 4319659.343, 77
Trd, 4319660.143, 73
Trd, 4319660.343, 73
Trd, 4319660.943, 106
Trd, 4319661.293, 105
Trd, 4319661.593, 102
Trd, 4319662.093, 140
Trd, 4319663.293, 92
Trd, 4319664.293, 90
Trd, 4319664.993, 106
Trd, 4319665.243, 105
Trd, 4319666.143, 109
Trd, 4319666.493, 93
Trd, 4319667.843, 67
Trd, 4319668.893, 140
Trd, 4319669.243, 133
Trd, 4319669.893, 99
Trd, 4319670.193, 138
Trd, 4319670.643, 136
Trd, 4319671.143, 96
Trd, 4319671.793, 89
Trd, 4319672.543, 110
Trd, 4319672.593, 89
Trd, 4319673.793, 64
Trd, 4319673.943, 63
Trd, 4319674.243, 75
Trd, 4319674.393, 62
Trd, 4319675.893, 61
Trd, 4319676.193, 61
Trd, 4319678.393, 60
Trd, 4319680.043, 65
Trd, 4319680.443, 66
Trd, 4319681.043, 61
Trd, 4319682.443, 61
Trd, 4319682.593, 60
Trd, 4319683.093, 65
Trd, 4319684.243, 62
Trd, 4319685.393, 81
Trd, 4319685.793, 82
Trd, 4319685.843, 91
Trd, 4319686.493, 93
Trd, 4319686.743, 84
Trd, 4319686.843, 78
Trd, 4319687.143, 73
Trd, 4319687.693, 60
Trd, 4319689.093, 81
Trd, 4319691.243, 64
Trd, 4319692.293, 64
Trd, 4319693.793, 60
Trd, 4319694.793, 60
Trd, 4319695.093, 60
Trd, 4319695.343, 65
Trd, 4319695.493, 61
Trd, 4319695.643, 69
Trd, 4319695.843, 78
Trd, 4319695.943, 60
Trd, 4319698.093, 103
Trd, 4319699.093, 140
Trd, 4319699.943, 109
Trd, 4319700.043, 107
Trd, 4319700.543, 102
Trd, 4319701.443, 125
Trd, 4319701.943, 81
Trd, 4319702.793, 84
Trd, 4319703.143, 140
Trd, 4319703.243, 140
Trd, 4319703.793, 128
Trd, 4319704.743, 75
Trd, 4319705.543, 87
Trd, 4319706.093, 87
Trd, 4319707.443, 88
Trd, 4319708.043, 130
Trd, 4319708.443, 90
Trd, 4319708.993, 120
Trd, 4319709.793, 138
Trd, 4319709.893, 103
Trd, 4319710.043, 89
Trd, 4319710.393, 124
Trd, 4319711.393, 107
Trd, 4319711.743, 140
Trd, 4319712.293, 124
Trd, 4319713.043, 106
Trd, 4319714.543, 117
Trd, 4319714.943, 103
Trd, 4319716.193, 104
Trd, 4319716.793, 133
Trd, 4319716.943, 99
Trd, 4319717.493, 89
Trd, 4319718.093, 89
Trd, 4319718.693, 101
Trd, 4319719.593, 76
Trd, 4319719.793, 74
Trd, 4319719.843, 63
Trd, 4319720.493, 139
Trd, 4319721.343, 88
Trd, 4319722.193, 127
Trd, 4319722.543, 126
Trd, 4319724.793, 60
Trd, 4319725.043, 60
Trd, 4319725.643, 64
Trd, 4319726.243, 60
Trd, 4319727.443, 72
Trd, 4319727.743, 63
Trd, 4319727.793, 75
Trd, 4319728.943, 64
Trd, 4319729.693, 68
Trd, 4319730.143, 62
Trd, 4319730.743, 72
Trd, 4319731.343, 72
Trd, 4319732.993, 88
Trd, 4319733.593, 90
Trd, 4319733.743, 71
Trd, 4319734.593, 139
Trd, 4319734.843, 138
Trd, 4319735.693, 126
Trd, 4319735.943, 118
Trd, 4319736.393, 118
Trd, 4319736.743, 103
Trd, 4319737.193, 127
Trd, 4319737.543, 70
Trd, 4319737.993, 106
Trd, 4319739.993, 137
Trd, 4319740.243, 132
Trd, 4319740.293, 131
Trd, 4319741.743, 132
Trd, 4319741.993, 85
Trd, 4319742.343, 85
Trd, 4319742.393, 133
Trd, 4319742.543, 84
Trd, 4319742.993, 60
Trd, 4319744.593, 67
Trd, 4319745.043, 68
Trd, 4319745.493, 67
Trd, 4319747.593, 64
Trd, 4319747.693, 67
Trd, 4319748.293, 70
Trd, 4319749.343, 61
Trd, 4319750.793, 83
Trd, 4319751.643, 61
Trd, 4319751.943, 60
Trd, 4319752.393, 81
Trd, 4319752.743, 60
Trd, 4319753.443, 63
Trd, 4319753.893, 138
Trd, 4319755.443, 135
Trd, 4319755.743, 136
Trd, 4319756.743, 128
Trd, 4319757.243, 127
Trd, 4319757.893, 138
Trd, 4319758.393, 118
Trd, 4319759.143, 106
Trd, 4319759.243, 102
Trd, 4319760.393, 138
Trd, 4319760.793, 140
Trd, 4319762.493, 115
Trd, 4319763.393, 98
Trd, 4319763.743, 94
Trd, 4319763.943, 89
Trd, 4319764.093, 87
Trd, 4319764.643, 76
Trd, 4319764.993, 140
Trd, 4319765.543, 64
Trd, 4319768.343, 129
Trd, 4319769.043, 67
Trd, 4319769.293, 68
Trd, 4319769.443, 64
Trd, 4319770.293, 62
Trd, 4319770.443, 100
Trd, 4319770.743, 102
Trd, 4319772.043, 61
Trd, 4319773.093, 73
Trd, 4319774.843, 62
Trd, 4319775.093, 62
Trd, 4319775.143, 62
Trd, 4319775.593, 112
Trd, 4319775.943, 61
Trd, 4319776.543, 114
Trd, 4319776.643, 96
Trd, 4319777.293, 94
Trd, 4319777.343, 109
Trd, 4319777.893, 101
Trd, 4319778.343, 93
Trd, 4319778.993, 69
Trd, 4319780.443, 88
Trd, 4319781.043, 89
Trd, 4319781.493, 75
Trd, 4319781.893, 79
Trd, 4319782.793, 77
Trd, 4319782.843, 76
Trd, 4319784.993, 60
Trd, 4319786.393, 60
Trd, 4319786.493, 61
Trd, 4319786.593, 62
Trd, 4319786.943, 60
Trd, 4319787.943, 60
Trd, 4319788.143, 60
Trd, 4319788.993, 72
Trd, 4319789.293, 74
Trd, 4319789.443, 62
Trd, 4319790.093, 109
Trd, 4319791.693, 80
Trd, 4319791.943, 80
Trd, 4319792.943, 63
Trd, 4319794.243, 87
Trd, 4319794.643, 65
Trd, 4319794.843, 63
Trd, 4319795.943, 61
Trd, 4319796.443, 98
Trd, 4319796.693, 77
Trd, 4319797.243, 137
Trd, 4319798.443, 69
Trd, 4319799.793, 62
Trd, 4319800.043, 65
Trd, 4319800.943, 111
Trd, 4319801.193, 111
Trd, 4319801.293, 114
Trd, 4319802.143, 112
Trd, 4319802.193, 111
Trd, 4319803.593, 116
Trd, 4319803.743, 99
Trd, 4319805.693, 61
Trd, 4319805.893, 70
Trd, 4319806.293, 64
Trd, 4319808.643, 62
Trd, 4319809.293, 60
Trd, 4319809.693, 61
Trd, 4319810.643, 68
Trd, 4319810.793, 63
Trd, 4319810.993, 76
Trd, 4319811.043, 70
Trd, 4319811.393, 135
Trd, 4319812.193, 63
Trd, 4319813.793, 106
Trd, 4319814.343, 105
Trd, 4319814.693, 103
Trd, 4319815.343, 69
Trd, 4319815.693, 69
Trd, 4319816.093, 71
Trd, 4319816.993, 98
Trd, 4319818.743, 60
Trd, 4319822.043, 60
Trd, 4319822.143, 60
Trd, 4319823.443, 64
Trd, 4319823.893, 61
Trd, 4319824.743, 60
Trd, 4319824.943, 61
Trd, 4319825.043, 67
Trd, 4319826.343, 70
Trd, 4319826.543, 61
Trd, 4319827.493, 64
Trd, 4319828.643, 89
Trd, 4319829.093, 62
Trd, 4319831.243, 61
Trd, 4319831.343, 63
Trd, 4319831.443, 91
Trd, 4319832.293, 64
Trd, 4319833.743, 63
Trd, 4319834.493, 70
Trd, 4319835.043, 76
Trd, 4319836.093, 62
Trd, 4319837.193, 83
Trd, 4319837.943, 74
Trd, 4319838.893, 72
Trd, 4319839.193, 71
Trd, 4319839.643, 82
Trd, 4319840.393, 94
Trd, 4319840.443, 68
Trd, 4319840.793, 128
Trd, 4319841.393, 85
Trd, 4319842.443, 63
Trd, 4319843.193, 87
Trd, 4319843.393, 97
Trd, 4319846.293, 60
Trd, 4319848.493, 60
Trd, 4319848.943, 60
Trd, 4319849.343, 60
Trd, 4319849.643, 61
Trd, 4319849.793, 62
Trd, 4319850.243, 64
Trd, 4319850.543, 78
Trd, 4319851.243, 64
Trd, 4319852.343, 66
Trd, 4319853.093, 61
Trd, 4319855.293, 60
Trd, 4319856.243, 60
Trd, 4319856.843, 60
Trd, 4319857.993, 64
Trd, 4319858.393, 68
Trd, 4319859.393, 67
Trd, 4319859.493, 62
Trd, 4319860.143, 63
Trd, 4319861.043, 83
Trd, 4319862.093, 96
Trd, 4319862.193, 68
Trd, 4319863.043, 87
Trd, 4319863.193, 86
Trd, 4319863.493, 85
Trd, 4319863.743, 81
Trd, 4319864.743, 88
Trd, 4319865.343, 107
Trd, 4319865.693, 140
Trd, 4319866.293, 84
Trd, 4319867.243, 62
Trd, 4319867.593, 140
Trd, 4319868.193, 140
Trd, 4319868.543, 100
Trd, 4319868.843, 96
Trd, 4319870.543, 116
Trd, 4319871.293, 127
Trd, 4319871.693, 114
Trd, 4319872.093, 93
Trd, 4319872.843, 91
Trd, 4319873.293, 90
Trd, 4319873.643, 85
Trd, 4319876.393, 60
Trd, 4319877.343, 61
Trd, 4319877.593, 63
Trd, 4319877.893, 60
Trd, 4319878.743, 61
Trd, 4319879.793, 60
Trd, 4319879.943, 65
Trd, 4319880.643, 60
Trd, 4319881.793, 61
Trd, 4319882.043, 61
Trd, 4319882.393, 61
Trd, 4319882.543, 65
Trd, 4319883.793, 64
Trd, 4319884.443, 77
Trd, 4319886.143, 60
Trd, 4319886.693, 60
Trd, 4319887.993, 60
Trd, 4319888.093, 62
Trd, 4319888.393, 129
Trd, 4319889.243, 63
Trd, 4319889.893, 68
Trd, 4319889.943, 67
Trd, 4319890.243, 66
Trd, 4319890.343, 136
Trd, 4319891.243, 139
Trd, 4319891.593, 62
Trd, 4319893.293, 63
Trd, 4319894.193, 60
Trd, 4319895.093, 60
Trd, 4319895.393, 62
Trd, 4319896.093, 65
Trd, 4319896.293, 62
Trd, 4319896.343, 90
Trd, 4319896.943, 91
Trd, 4319897.643, 69
Trd, 4319898.243, 93
Trd, 4319898.893, 64
Trd, 4319900.643, 64
Trd, 4319900.943, 73
Trd, 4319901.443, 79
Trd, 4319901.843, 137
Trd, 4319903.843, 61
Trd, 4319904.043, 61
Trd, 4319906.993, 60
Trd, 4319908.093, 62
Trd, 4319908.193, 63
Trd, 4319908.393, 64
Trd, 4319909.593, 64
Trd, 4319909.793, 60
Trd, 4319909.993, 98
Trd, 4319910.493, 138
Trd, 4319911.193, 98
Trd, 4319911.243, 82
Trd, 4319913.193, 130
Trd, 4319913.293, 123
Trd, 4319913.643, 66
Trd, 4319914.243, 64
Trd, 4319914.393, 65
Trd, 4319915.593, 91
Trd, 4319915.643, 89
Trd, 4319916.243, 80
Trd, 4319916.443, 60
Trd, 4319916.993, 112
Trd, 4319918.743, 95
Trd, 4319918.993, 140
Trd, 4319919.343, 94
Trd, 4319919.443, 93
Trd, 4319921.193, 89
Trd, 4319921.793, 84
Trd, 4319922.243, 95
Trd, 4319922.493, 86
Trd, 4319922.743, 81
Trd, 4319922.793, 80
Trd, 4319923.143, 89
Trd, 4319923.743, 79
Trd, 4319925.543, 61
Trd, 4319926.793, 64
Trd, 4319927.593, 66
Trd, 4319927.643, 71
Trd, 4319928.643, 69
Trd, 4319928.943, 68
Trd, 4319929.643, 111
Trd, 4319929.993, 70
Trd, 4319931.993, 104
Trd, 4319932.243, 97
Trd, 4319932.493, 80
Trd, 4319933.793, 118
Trd, 4319934.443, 124
Trd, 4319934.593, 95
Trd, 4319934.843, 94
Trd, 4319934.943, 74
Trd, 4319935.593, 103
Trd, 4319937.843, 132
Trd, 4319937.943, 121
Trd, 4319938.593, 107
Trd, 4319939.393, 100
Trd, 4319939.493, 96
Trd, 4319939.943, 72
Trd, 4319940.693, 64
Trd, 4319941.143, 69
Trd, 4319941.643, 68
Trd, 4319943.893, 93
Trd, 4319944.343, 84
Trd, 4319944.393, 83
Trd, 4319944.843, 82
Trd, 4319945.143, 82
Trd, 4319945.193, 80
Trd, 4319945.543, 78
Trd, 4319945.643, 77
Trd, 4319946.043, 67
Trd, 4319948.093, 60
Trd, 4319948.843, 112
Trd, 4319950.893, 60
Trd, 4319951.993, 67
Trd, 4319952.443, 80
Trd, 4319952.643, 69
Trd, 4319953.693, 87
Trd, 4319954.243, 91
Trd, 4319954.443, 96
Trd, 4319954.543, 90
Trd, 4319954.893, 71
Trd, 4319955.093, 137
Trd, 4319955.643, 101
Trd, 4319957.293, 60
Trd, 4319957.443, 67
Trd, 4319958.293, 62
Trd, 4319958.743, 61
Trd, 4319958.793, 66
Trd, 4319958.843, 75
Trd, 4319959.043, 102
Trd, 4319959.793, 64
Trd, 4319960.343, 75
Trd, 4319962.643, 63
Trd, 4319962.843, 63
Trd, 4319962.993, 62
Trd, 4319963.543, 63
Trd, 4319963.643, 64
Trd, 4319963.843, 62
Trd, 4319965.593, 84
Trd, 4319965.993, 111
Trd, 4319966.443, 79
Trd, 4319966.993, 80
Trd, 4319968.593, 84
Trd, 4319968.943, 86
Trd, 4319969.493, 85
Trd, 4319969.543, 84
Trd, 4319969.843, 77
Trd, 4319970.593, 68
Trd, 4319971.343, 99
Trd, 4319972.143, 88
Trd, 4319972.343, 87
Trd, 4319973.093, 63
Trd, 4319974.243, 83
Trd, 4319974.593, 73
Trd, 4319974.893, 83
Trd, 4319975.243, 84
Trd, 4319975.693, 106
Trd, 4319976.093, 109
Trd, 4319977.393, 66
Trd, 4319978.243, 64
Trd, 4319979.093, 65
Trd, 4319979.893, 66
Trd, 4319980.643, 66
Trd, 4319980.893, 65
Trd, 4319980.993, 69
Trd, 4319981.893, 104
Trd, 4319982.593, 86
Trd, 4319982.943, 110
Trd, 4319984.493, 60
Trd, 4319984.693, 62
Trd, 4319984.743, 79
Trd, 4319985.193, 60
Trd, 4319985.293, 63
Trd, 4319986.343, 62
Trd, 4319986.743, 93
Trd, 4319987.393, 72
Trd, 4319988.443, 90
Trd, 4319989.993, 139
Trd, 4319990.193, 138
Trd, 4319990.543, 138
Trd, 4319991.243, 121
Trd, 4319992.443, 140
Trd, 4319992.843, 119
Trd, 4319992.993, 97
Trd, 4319993.293, 102
Trd, 4319993.843, 85
Trd, 4319994.193, 84
Trd, 4319994.843, 75
Trd, 4319995.043, 74
Trd, 4319997.593, 62
Trd, 4319997.643, 61
Trd, 4319997.843, 60
Trd, 4319998.293, 61
Trd, 4319998.643, 60
Trd, 4319999.693, 61
