Trd, 4318128.043, 72
Trd, 4318128.543, 119
Trd, 4318129.743, 115
Trd, 4318131.243, 110
Trd, 4318131.893, 120
Trd, 4318132.343, 115
Trd, 4318132.793, 123
Trd, 4318134.693, 112
Trd, 4318134.893, 91
Trd, 4318135.393, 73
Trd, 4318136.443, 69
Trd, 4318136.693, 109
Trd, 4318136.793, 87
Trd, 4318137.393, 115
Trd, 4318138.693, 67
Trd, 4318140.593, 67
Trd, 4318140.843, 70
Trd, 4318141.093, 60
Trd, 4318141.943, 91
Trd, 4318142.043, 139
Trd, 4318142.393, 79
Trd, 4318143.243, 134
Trd, 4318144.593, 114
Trd, 4318145.393, 120
Trd, 4318145.593, 104
Trd, 4318147.093, 125
Trd, 4318148.443, 128
Trd, 4318149.543, 105
Trd, 4318150.093, 104
Trd, 4318150.843, 103
Trd, 4318151.043, 94
Trd, 4318151.093, 86
Trd, 4318151.243, 109
Trd, 4318151.293, 109
Trd, 4318152.343, 83
Trd, 4318152.393, 75
Trd, 4318153.843, 90
Trd, 4318154.843, 100
Trd, 4318156.293, 111
Trd, 4318156.643, 103
Trd, 4318157.793, 116
Trd, 4318158.593, 129
Trd, 4318159.743, 135
Trd, 4318160.343, 108
Trd, 4318160.443, 102
Trd, 4318160.893, 92
Trd, 4318161.193, 86
Trd, 4318161.943, 112
Trd, 4318162.443, 87
Trd, 4318162.993, 114
Trd, 4318163.843, 133
Trd, 4318166.243, 140
Trd, 4318166.393, 140
Trd, 4318166.593, 127
Trd, 4318167.093, 94
Trd, 4318169.093, 116
Trd, 4318169.793, 105
Trd, 4318170.193, 131
Trd, 4318170.493, 138
Trd, 4318171.043, 122
Trd, 4318171.543, 111
Trd, 4318172.093, 123
Trd, 4318173.393, 126
Trd, 4318173.993, 115
Trd, 4318174.343, 103
Trd, 4318175.343, 85
Trd, 4318175.393, 74
Trd, 4318177.243, 126
Trd, 4318177.793, 112
Trd, 4318178.843, 140
Trd, 4318179.043, 100
Trd, 4318179.443, 102
Trd, 4318180.193, 131
Trd, 4318180.893, 114
Trd, 4318181.843, 139
Trd, 4318182.993, 123
Trd, 4318184.093, 126
Trd, 4318185.693, 133
Trd, 4318185.743, 112
Trd, 4318186.043, 113
Trd, 4318186.243, 98
Trd, 4318187.393, 124
Trd, 4318187.893, 85
Trd, 4318188.843, 136
Trd, 4318189.393, 98
Trd, 4318189.693, 140
Trd, 4318190.343, 109
Trd, 4318192.143, 85
Trd, 4318193.193, 109
Trd, 4318193.243, 126
Trd, 4318193.893, 82
Trd, 4318194.693, 69
Trd, 4318195.443, 110
Trd, 4318196.143, 125
Trd, 4318196.293, 85
Trd, 4318196.743, 103
Trd, 4318197.293, 112
Trd, 4318197.993, 117
Trd, 4318199.493, 137
Trd, 4318199.943, 131
Trd, 4318201.593, 130
Trd, 4318202.943, 134
Trd, 4318202.993, 124
Trd, 4318203.293, 119
Trd, 4318204.793, 107
Trd, 4318205.343, 116
Trd, 4318205.943, 75
Trd, 4318206.993, 127
Trd, 4318207.643, 131
Trd, 4318207.943, 109
Trd, 4318209.593, 114
Trd, 4318210.393, 137
Trd, 4318210.993, 134
Trd, 4318212.393, 70
Trd, 4318213.443, 129
Trd, 4318214.493, 122
Trd, 4318215.943, 123
Trd, 4318215.993, 100
Trd, 4318216.143, 97
Trd, 4318216.243, 79
Trd, 4318216.893, 116
Trd, 4318218.043, 99
Trd, 4318219.243, 121
Trd, 4318220.643, 102
Trd, 4318221.793, 82
Trd, 4318224.443, 121
Trd, 4318225.643, 120
Trd, 4318225.993, 128
Trd, 4318226.093, 130
Trd, 4318226.793, 95
Trd, 4318228.093, 88
Trd, 4318228.193, 80
Trd, 4318228.993, 78
Trd, 4318229.143, 113
Trd, 4318229.693, 106
Trd, 4318230.693, 75
Trd, 4318231.243, 76
Trd, 4318231.293, 65
Trd, 4318231.843, 100
Trd, 4318232.043, 113
Trd, 4318232.793, 80
Trd, 4318233.193, 70
Trd, 4318234.593, 108
Trd, 4318235.893, 121
Trd, 4318236.243, 95
Trd, 4318236.443, 66
Trd, 4318237.993, 121
Trd, 4318238.043, 126
Trd, 4318238.643, 69
Trd, 4318239.893, 70
Trd, 4318240.393, 72
Trd, 4318240.443, 73
Trd, 4318240.893, 78
Trd, 4318241.243, 80
Trd, 4318241.293, 83
Trd, 4318242.593, 63
Trd, 4318242.843, 106
Trd, 4318243.993, 107
Trd, 4318245.543, 128
Trd, 4318245.993, 105
Trd, 4318247.043, 120
Trd, 4318247.293, 85
Trd, 4318248.043, 120
Trd, 4318249.143, 111
Trd, 4318249.193, 93
Trd, 4318250.693, 139
Trd, 4318251.393, 100
Trd, 4318252.043, 112
Trd, 4318252.343, 115
Trd, 4318253.843, 101
Trd, 4318254.293, 82
Trd, 4318254.593, 77
Trd, 4318255.893, 134
Trd, 4318257.293, 71
Trd, 4318258.493, 130
Trd, 4318258.543, 110
Trd, 4318258.893, 135
Trd, 4318259.993, 113
Trd, 4318261.343, 112
Trd, 4318261.593, 96
Trd, 4318261.793, 96
Trd, 4318262.343, 107
Trd, 4318262.443, 74
Trd, 4318264.093, 119
Trd, 4318266.093, 132
Trd, 4318266.193, 123
Trd, 4318266.343, 119
Trd, 4318266.893, 132
Trd, 4318267.293, 130
Trd, 4318267.793, 127
Trd, 4318269.043, 103
Trd, 4318271.043, 123
Trd, 4318271.243, 117
Trd, 4318271.993, 116
Trd, 4318272.643, 99
Trd, 4318273.093, 129
Trd, 4318273.893, 133
Trd, 4318275.193, 98
Trd, 4318275.593, 77
Trd, 4318275.943, 103
Trd, 4318277.443, 95
Trd, 4318278.493, 127
Trd, 4318279.793, 128
Trd, 4318279.943, 62
Trd, 4318281.293, 119
Trd, 4318281.393, 128
Trd, 4318281.543, 112
Trd, 4318283.043, 126
Trd, 4318283.543, 88
Trd, 4318284.693, 83
Trd, 4318284.793, 80
Trd, 4318286.043, 70
Trd, 4318286.243, 73
Trd, 4318287.143, 76
Trd, 4318287.343, 83
Trd, 4318287.543, 69
Trd, 4318288.593, 96
Trd, 4318288.843, 79
Trd, 4318289.243, 99
Trd, 4318289.793, 92
Trd, 4318290.843, 76
Trd, 4318291.893, 104
Trd, 4318294.243, 92
Trd, 4318294.493, 127
Trd, 4318295.193, 122
Trd, 4318295.443, 113
Trd, 4318296.093, 90
Trd, 4318297.243, 98
Trd, 4318297.743, 66
Trd, 4318299.193, 105
Trd, 4318299.743, 125
Trd, 4318300.193, 84
Trd, 4318300.493, 87
Trd, 4318301.643, 106
Trd, 4318302.443, 87
Trd, 4318303.793, 93
Trd, 4318305.593, 121
Trd, 4318305.893, 93
Trd, 4318306.093, 86
Trd, 4318306.243, 89
Trd, 4318307.443, 133
Trd, 4318308.593, 139
Trd, 4318308.943, 130
Trd, 4318310.043, 101
Trd, 4318311.043, 126
Trd, 4318311.093, 92
Trd, 4318311.443, 89
Trd, 4318311.593, 67
Trd, 4318312.443, 128
Trd, 4318312.793, 134
Trd, 4318313.143, 117
Trd, 4318315.193, 86
Trd, 4318315.643, 118
Trd, 4318316.143, 108
Trd, 4318316.443, 72
Trd, 4318316.943, 113
Trd, 4318318.993, 116
Trd, 4318319.343, 135
Trd, 4318319.793, 129
Trd, 4318320.893, 81
Trd, 4318321.743, 93
Trd, 4318322.043, 110
Trd, 4318322.593, 132
Trd, 4318324.643, 123
Trd, 4318326.393, 139
Trd, 4318327.043, 84
Trd, 4318327.643, 66
Trd, 4318329.293, 79
Trd, 4318329.493, 140
Trd, 4318330.343, 134
Trd, 4318330.643, 117
Trd, 4318330.743, 110
Trd, 4318330.993, 132
Trd, 4318332.093, 108
Trd, 4318333.343, 126
Trd, 4318333.593, 107
Trd, 4318334.743, 139
Trd, 4318335.543, 113
Trd, 4318336.193, 105
Trd, 4318336.393, 92
Trd, 4318336.843, 121
Trd, 4318337.393, 125
Trd, 4318337.693, 86
Trd, 4318338.343, 76
Trd, 4318338.893, 79
Trd, 4318339.143, 82
Trd, 4318340.243, 123
Trd, 4318341.593, 78
Trd, 4318342.193, 81
Trd, 4318343.093, 117
Trd, 4318343.943, 134
Trd, 4318344.393, 140
Trd, 4318344.793, 122
Trd, 4318346.693, 85
Trd, 4318347.093, 131
Trd, 4318348.393, 80
Trd, 4318349.343, 109
Trd, 4318350.293, 137
Trd, 4318350.843, 99
Trd, 4318351.443, 104
Trd, 4318352.093, 114
Trd, 4318353.143, 65
Trd, 4318353.993, 87
Trd, 4318355.193, 84
Trd, 4318355.393, 87
Trd, 4318356.343, 115
Trd, 4318356.543, 112
Trd, 4318357.293, 94
Trd, 4318357.343, 97
Trd, 4318358.493, 136
Trd, 4318359.793, 77
Trd, 4318360.293, 98
Trd, 4318360.343, 76
Trd, 4318361.943, 117
Trd, 4318362.593, 118
Trd, 4318362.643, 116
Trd, 4318362.993, 136
Trd, 4318365.293, 114
Trd, 4318365.343, 110
Trd, 4318365.443, 97
Trd, 4318366.143, 74
Trd, 4318367.493, 77
Trd, 4318367.643, 79
Trd, 4318369.043, 105
Trd, 4318369.743, 93
Trd, 4318370.893, 133
Trd, 4318371.093, 98
Trd, 4318373.143, 114
Trd, 4318373.493, 92
Trd, 4318374.543, 69
Trd, 4318374.743, 74
Trd, 4318375.143, 80
Trd, 4318375.293, 83
Trd, 4318375.793, 86
Trd, 4318376.743, 89
Trd, 4318377.543, 73
Trd, 4318377.743, 89
Trd, 4318378.643, 110
Trd, 4318379.043, 132
Trd, 4318379.243, 98
Trd, 4318379.493, 109
Trd, 4318380.143, 118
Trd, 4318380.343, 133
Trd, 4318380.543, 83
Trd, 4318381.693, 96
Trd, 4318383.243, 106
Trd, 4318384.643, 101
Trd, 4318384.743, 91
Trd, 4318384.893, 88
Trd, 4318385.043, 118
Trd, 4318386.893, 92
Trd, 4318387.643, 109
Trd, 4318388.193, 76
Trd, 4318388.893, 94
Trd, 4318389.193, 129
Trd, 4318389.493, 114
Trd, 4318390.693, 121
Trd, 4318391.743, 88
Trd, 4318392.043, 108
Trd, 4318393.443, 108
Trd, 4318393.743, 104
Trd, 4318394.493, 74
Trd, 4318394.793, 120
Trd, 4318394.943, 123
Trd, 4318395.743, 92
Trd, 4318395.843, 85
Trd, 4318396.543, 136
Trd, 4318397.343, 81
Trd, 4318397.793, 104
Trd, 4318399.993, 137
Trd, 4318400.043, 121
Trd, 4318400.543, 83
Trd, 4318401.143, 80
Trd, 4318403.143, 128
Trd, 4318403.493, 126
Trd, 4318403.593, 115
Trd, 4318404.593, 112
Trd, 4318405.993, 128
Trd, 4318406.893, 88
Trd, 4318407.043, 91
Trd, 4318407.793, 95
Trd, 4318407.893, 87
Trd, 4318408.643, 134
Trd, 4318409.593, 113
Trd, 4318410.093, 132
Trd, 4318411.543, 120
Trd, 4318411.643, 85
Trd, 4318412.743, 102
Trd, 4318412.943, 107
Trd, 4318413.343, 114
Trd, 4318414.393, 76
Trd, 4318415.593, 82
Trd, 4318416.693, 61
Trd, 4318416.743, 62
Trd, 4318417.493, 66
Trd, 4318417.743, 102
Trd, 4318418.043, 123
Trd, 4318418.693, 140
Trd, 4318418.943, 111
Trd, 4318420.543, 136
Trd, 4318421.793, 124
Trd, 4318422.443, 123
Trd, 4318423.593, 119
Trd, 4318423.693, 102
Trd, 4318424.693, 119
Trd, 4318425.843, 122
Trd, 4318427.243, 94
Trd, 4318427.343, 85
Trd, 4318427.443, 84
Trd, 4318428.343, 132
Trd, 4318429.193, 133
Trd, 4318429.543, 105
Trd, 4318431.243, 130
Trd, 4318431.893, 122
Trd, 4318432.493, 122
Trd, 4318433.743, 104
Trd, 4318434.443, 130
Trd, 4318434.593, 113
Trd, 4318434.993, 109
Trd, 4318435.093, 99
Trd, 4318438.743, 133
Trd, 4318438.843, 134
Trd, 4318438.893, 128
Trd, 4318439.393, 127
Trd, 4318439.493, 99
Trd, 4318439.893, 100
Trd, 4318440.093, 98
Trd, 4318440.643, 113
Trd, 4318440.843, 94
Trd, 4318442.043, 105
Trd, 4318443.143, 136
Trd, 4318443.643, 122
Trd, 4318444.693, 96
Trd, 4318445.993, 101
Trd, 4318446.643, 81
Trd, 4318446.793, 104
Trd, 4318447.393, 70
Trd, 4318447.893, 106
Trd, 4318448.293, 88
Trd, 4318449.193, 132
Trd, 4318449.543, 86
Trd, 4318449.593, 120
Trd, 4318450.243, 66
Trd, 4318450.693, 105
Trd, 4318451.743, 101
Trd, 4318453.743, 100
Trd, 4318454.343, 99
Trd, 4318454.893, 101
Trd, 4318455.243, 106
Trd, 4318455.493, 113
Trd, 4318455.943, 117
Trd, 4318456.093, 93
Trd, 4318456.443, 65
Trd, 4318457.793, 117
Trd, 4318458.493, 126
Trd, 4318458.543, 117
Trd, 4318458.993, 132
Trd, 4318460.093, 77
Trd, 4318460.843, 63
Trd, 4318461.293, 61
Trd, 4318461.893, 67
Trd, 4318462.593, 70
Trd, 4318464.393, 103
Trd, 4318464.593, 106
Trd, 4318464.893, 99
Trd, 4318465.443, 130
Trd, 4318465.693, 97
Trd, 4318467.043, 80
Trd, 4318467.143, 88
Trd, 4318467.643, 122
Trd, 4318468.593, 129
Trd, 4318468.843, 117
Trd, 4318469.243, 107
Trd, 4318469.943, 118
Trd, 4318471.593, 114
Trd, 4318472.043, 101
Trd, 4318472.593, 132
Trd, 4318473.093, 132
Trd, 4318474.593, 103
Trd, 4318474.943, 106
Trd, 4318475.043, 93
Trd, 4318475.293, 87
Trd, 4318475.643, 82
Trd, 4318476.543, 66
Trd, 4318477.143, 111
Trd, 4318478.643, 81
Trd, 4318479.643, 95
Trd, 4318480.043, 101
Trd, 4318480.143, 81
Trd, 4318480.843, 100
Trd, 4318481.843, 82
Trd, 4318482.793, 69
Trd, 4318482.993, 84
Trd, 4318483.293, 78
Trd, 4318483.893, 90
Trd, 4318484.043, 102
Trd, 4318485.693, 91
Trd, 4318486.443, 88
Trd, 4318486.993, 81
Trd, 4318487.243, 99
Trd, 4318487.293, 102
Trd, 4318488.693, 108
Trd, 4318489.093, 90
Trd, 4318489.893, 83
Trd, 4318490.143, 88
Trd, 4318490.993, 84
Trd, 4318491.793, 87
Trd, 4318492.043, 89
Trd, 4318492.493, 69
Trd, 4318493.743, 115
Trd, 4318494.443, 94
Trd, 4318496.043, 92
Trd, 4318497.493, 119
Trd, 4318497.793, 89
Trd, 4318498.593, 65
Trd, 4318499.093, 124
Trd, 4318499.843, 79
Trd, 4318500.793, 79
Trd, 4318501.043, 94
Trd, 4318501.243, 70
Trd, 4318501.643, 76
Trd, 4318502.993, 138
Trd, 4318503.443, 129
Trd, 4318505.093, 111
Trd, 4318505.393, 110
Trd, 4318506.143, 134
Trd, 4318508.893, 136
Trd, 4318508.993, 133
Trd, 4318509.193, 114
Trd, 4318509.343, 96
Trd, 4318509.543, 90
Trd, 4318509.943, 61
Trd, 4318510.993, 126
Trd, 4318512.093, 127
Trd, 4318512.343, 82
Trd, 4318512.493, 67
Trd, 4318512.593, 139
Trd, 4318514.043, 73
Trd, 4318514.343, 79
Trd, 4318517.093, 75
Trd, 4318517.943, 99
Trd, 4318517.993, 124
Trd, 4318519.593, 89
Trd, 4318520.193, 96
Trd, 4318520.593, 89
Trd, 4318520.643, 85
Trd, 4318521.093, 74
Trd, 4318522.643, 66
Trd, 4318522.693, 79
Trd, 4318522.843, 84
Trd, 4318523.443, 82
Trd, 4318523.943, 80
Trd, 4318524.193, 89
Trd, 4318525.143, 92
Trd, 4318525.793, 70
Trd, 4318526.343, 140
Trd, 4318527.393, 81
Trd, 4318527.643, 66
Trd, 4318529.043, 66
Trd, 4318529.093, 75
Trd, 4318529.193, 140
Trd, 4318530.693, 97
Trd, 4318532.193, 100
Trd, 4318533.043, 75
Trd, 4318533.793, 95
Trd, 4318534.643, 65
Trd, 4318534.943, 68
Trd, 4318535.043, 71
Trd, 4318535.843, 69
Trd, 4318535.993, 108
Trd, 4318536.193, 134
Trd, 4318537.343, 117
Trd, 4318538.593, 111
Trd, 4318538.943, 138
Trd, 4318539.443, 77
Trd, 4318541.993, 61
Trd, 4318542.243, 64
Trd, 4318543.193, 62
Trd, 4318543.543, 68
Trd, 4318543.943, 75
Trd, 4318544.693, 94
Trd, 4318544.843, 127
Trd, 4318546.193, 133
Trd, 4318546.393, 115
Trd, 4318547.543, 105
Trd, 4318548.743, 84
Trd, 4318550.293, 67
Trd, 4318550.443, 77
Trd, 4318550.693, 93
Trd, 4318551.593, 80
Trd, 4318551.743, 73
Trd, 4318553.193, 104
Trd, 4318553.993, 128
Trd, 4318554.393, 87
Trd, 4318555.443, 91
Trd, 4318556.543, 140
Trd, 4318556.793, 123
Trd, 4318557.643, 98
Trd, 4318558.143, 139
Trd, 4318558.793, 123
Trd, 4318560.393, 111
Trd, 4318560.943, 128
Trd, 4318561.443, 129
Trd, 4318561.643, 122
Trd, 4318564.993, 112
Trd, 4318565.643, 110
Trd, 4318565.843, 95
Trd, 4318565.893, 93
Trd, 4318566.743, 107
Trd, 4318567.293, 82
Trd, 4318567.843, 62
Trd, 4318569.443, 140
Trd, 4318569.843, 138
Trd, 4318569.993, 138
Trd, 4318570.193, 118
Trd, 4318570.743, 73
Trd, 4318572.743, 124
Trd, 4318573.393, 113
Trd, 4318573.993, 92
Trd, 4318574.093, 95
Trd, 4318574.793, 91
Trd, 4318575.243, 98
Trd, 4318576.443, 136
Trd, 4318577.293, 134
Trd, 4318577.543, 111
Trd, 4318578.043, 114
Trd, 4318578.143, 102
Trd, 4318578.793, 115
Trd, 4318578.993, 92
Trd, 4318580.843, 90
Trd, 4318581.843, 113
Trd, 4318581.993, 109
Trd, 4318583.093, 107
Trd, 4318584.143, 92
Trd, 4318586.193, 62
Trd, 4318586.793, 68
Trd, 4318587.393, 69
Trd, 4318587.793, 102
Trd, 4318588.593, 87
Trd, 4318588.793, 129
Trd, 4318589.043, 82
Trd, 4318589.743, 97
Trd, 4318590.593, 133
Trd, 4318591.143, 108
Trd, 4318592.143, 133
Trd, 4318593.193, 116
Trd, 4318593.643, 92
Trd, 4318594.443, 131
Trd, 4318595.043, 95
Trd, 4318595.343, 81
Trd, 4318596.243, 137
Trd, 4318596.393, 134
Trd, 4318598.943, 89
Trd, 4318599.193, 91
Trd, 4318600.443, 84
Trd, 4318600.643, 102
Trd, 4318601.443, 130
Trd, 4318601.993, 88
Trd, 4318602.193, 91
Trd, 4318602.893, 68
Trd, 4318603.693, 134
Trd, 4318603.743, 101
Trd, 4318605.393, 120
Trd, 4318605.543, 113
Trd, 4318606.743, 119
Trd, 4318606.993, 92
Trd, 4318607.043, 120
Trd, 4318607.543, 75
Trd, 4318608.293, 81
Trd, 4318608.693, 101
Trd, 4318609.993, 107
Trd, 4318610.493, 130
Trd, 4318610.643, 97
Trd, 4318610.943, 89
Trd, 4318611.943, 114
Trd, 4318612.493, 127
Trd, 4318613.293, 111
Trd, 4318613.393, 96
Trd, 4318614.093, 133
Trd, 4318615.843, 108
Trd, 4318616.443, 105
Trd, 4318616.743, 103
Trd, 4318618.293, 129
Trd, 4318618.643, 122
Trd, 4318619.193, 129
Trd, 4318619.293, 90
Trd, 4318620.193, 112
Trd, 4318621.743, 131
Trd, 4318622.293, 138
Trd, 4318622.393, 117
Trd, 4318623.443, 114
Trd, 4318623.893, 108
Trd, 4318624.393, 110
Trd, 4318624.993, 112
Trd, 4318627.693, 88
Trd, 4318627.843, 91
Trd, 4318628.243, 138
Trd, 4318628.643, 108
Trd, 4318629.543, 83
Trd, 4318629.693, 83
Trd, 4318631.093, 125
Trd, 4318632.043, 126
Trd, 4318632.743, 94
Trd, 4318632.843, 85
Trd, 4318633.543, 70
Trd, 4318633.693, 111
Trd, 4318635.193, 125
Trd, 4318635.493, 122
Trd, 4318636.293, 104
Trd, 4318637.093, 107
Trd, 4318637.343, 105
Trd, 4318637.943, 84
Trd, 4318639.093, 67
Trd, 4318639.143, 80
Trd, 4318639.793, 69
Trd, 4318640.793, 62
Trd, 4318641.193, 73
Trd, 4318642.143, 74
Trd, 4318642.443, 72
Trd, 4318643.093, 80
Trd, 4318643.693, 83
Trd, 4318643.843, 101
Trd, 4318644.243, 101
Trd, 4318645.993, 96
Trd, 4318646.743, 118
Trd, 4318648.543, 98
Trd, 4318648.693, 85
Trd, 4318648.943, 131
Trd, 4318649.043, 116
Trd, 4318650.143, 111
Trd, 4318651.143, 92
Trd, 4318651.393, 95
Trd, 4318653.493, 72
Trd, 4318653.793, 77
Trd, 4318653.843, 80
Trd, 4318654.143, 96
Trd, 4318654.593, 139
Trd, 4318655.593, 105
Trd, 4318656.093, 77
Trd, 4318656.643, 103
Trd, 4318656.843, 69
Trd, 4318657.493, 83
Trd, 4318659.043, 137
Trd, 4318659.993, 126
Trd, 4318661.193, 120
Trd, 4318661.793, 88
Trd, 4318662.643, 140
Trd, 4318662.793, 113
Trd, 4318663.993, 97
Trd, 4318664.493, 124
Trd, 4318664.893, 111
Trd, 4318665.093, 130
Trd, 4318665.143, 132
Trd, 4318665.793, 123
Trd, 4318666.243, 119
Trd, 4318667.343, 80
Trd, 4318668.293, 115
Trd, 4318669.193, 123
Trd, 4318669.443, 131
Trd, 4318669.893, 104
Trd, 4318670.993, 126
Trd, 4318671.393, 97
Trd, 4318671.443, 94
Trd, 4318672.393, 124
Trd, 4318672.893, 131
Trd, 4318673.243, 122
Trd, 4318673.943, 136
Trd, 4318673.993, 131
Trd, 4318675.643, 85
Trd, 4318677.143, 140
Trd, 4318677.793, 132
Trd, 4318677.943, 87
Trd, 4318679.243, 79
Trd, 4318679.293, 82
Trd, 4318679.743, 78
Trd, 4318680.093, 84
Trd, 4318681.543, 92
Trd, 4318682.093, 138
Trd, 4318682.243, 140
Trd, 4318683.543, 98
Trd, 4318683.943, 95
Trd, 4318685.143, 98
Trd, 4318686.943, 140
Trd, 4318688.293, 112
Trd, 4318688.793, 109
Trd, 4318689.593, 94
Trd, 4318689.943, 97
Trd, 4318690.593, 104
Trd, 4318690.993, 85
Trd, 4318691.893, 115
Trd, 4318692.793, 101
Trd, 4318693.143, 100
Trd, 4318693.493, 113
Trd, 4318694.293, 79
Trd, 4318694.343, 79
Trd, 4318694.493, 71
Trd, 4318694.593, 82
Trd, 4318695.093, 87
Trd, 4318696.043, 114
Trd, 4318696.943, 127
Trd, 4318697.593, 139
Trd, 4318698.343, 136
Trd, 4318700.193, 132
Trd, 4318701.943, 117
Trd, 4318702.643, 113
Trd, 4318702.893, 128
Trd, 4318703.693, 126
Trd, 4318704.093, 104
Trd, 4318704.793, 134
Trd, 4318705.893, 118
Trd, 4318706.643, 110
Trd, 4318707.943, 133
Trd, 4318707.993, 126
Trd, 4318709.543, 118
Trd, 4318710.143, 88
Trd, 4318710.693, 114
Trd, 4318710.843, 116
Trd, 4318711.293, 123
Trd, 4318712.393, 100
Trd, 4318712.593, 120
Trd, 4318712.843, 138
Trd, 4318714.043, 136
Trd, 4318714.293, 118
Trd, 4318715.043, 133
Trd, 4318715.493, 119
Trd, 4318716.393, 111
Trd, 4318717.543, 90
Trd, 4318718.293, 97
Trd, 4318719.393, 79
Trd, 4318719.643, 82
Trd, 4318720.043, 122
Trd, 4318720.243, 95
Trd, 4318721.343, 109
Trd, 4318721.593, 105
Trd, 4318722.693, 131
Trd, 4318723.143, 127
Trd, 4318724.393, 112
Trd, 4318724.893, 118
Trd, 4318725.393, 109
Trd, 4318725.743, 120
Trd, 4318726.293, 97
Trd, 4318726.543, 134
Trd, 4318727.493, 109
Trd, 4318728.293, 99
Trd, 4318729.293, 118
Trd, 4318729.393, 101
Trd, 4318729.443, 121
Trd, 4318730.143, 132
Trd, 4318731.993, 130
Trd, 4318732.043, 98
Trd, 4318733.043, 139
Trd, 4318734.393, 105
Trd, 4318735.043, 130
Trd, 4318735.843, 75
Trd, 4318736.893, 76
Trd, 4318737.343, 116
Trd, 4318738.543, 95
Trd, 4318739.743, 123
Trd, 4318740.343, 85
Trd, 4318740.793, 71
Trd, 4318741.043, 69
Trd, 4318741.593, 105
Trd, 4318741.643, 107
Trd, 4318742.993, 84
Trd, 4318743.093, 110
Trd, 4318743.443, 128
Trd, 4318744.093, 131
Trd, 4318744.843, 86
Trd, 4318745.693, 132
Trd, 4318746.093, 116
Trd, 4318747.043, 116
Trd, 4318747.343, 105
Trd, 4318747.443, 94
Trd, 4318747.693, 110
Trd, 4318749.593, 85
Trd, 4318750.393, 115
Trd, 4318750.593, 80
Trd, 4318750.743, 75
Trd, 4318752.743, 136
Trd, 4318753.593, 135
Trd, 4318754.343, 107
Trd, 4318754.993, 131
Trd, 4318756.193, 98
Trd, 4318757.143, 86
Trd, 4318757.893, 105
Trd, 4318758.243, 106
Trd, 4318758.643, 71
Trd, 4318758.693, 109
Trd, 4318759.143, 93
Trd, 4318759.793, 86
Trd, 4318761.143, 109
Trd, 4318761.793, 111
Trd, 4318762.393, 89
Trd, 4318762.793, 97
Trd, 4318764.143, 108
Trd, 4318765.043, 107
Trd, 4318765.193, 113
Trd, 4318765.693, 116
Trd, 4318766.493, 129
Trd, 4318766.543, 92
Trd, 4318768.193, 79
Trd, 4318770.593, 121
Trd, 4318770.743, 100
Trd, 4318770.893, 123
Trd, 4318770.943, 73
Trd, 4318772.693, 127
Trd, 4318772.993, 102
Trd, 4318773.793, 83
Trd, 4318774.843, 94
Trd, 4318775.043, 105
Trd, 4318776.343, 71
Trd, 4318776.443, 102
Trd, 4318776.993, 66
Trd, 4318777.543, 71
Trd, 4318777.993, 108
Trd, 4318779.293, 75
Trd, 4318780.593, 117
Trd, 4318781.043, 105
Trd, 4318781.343, 93
Trd, 4318781.593, 119
Trd, 4318782.093, 74
Trd, 4318782.943, 62
Trd, 4318783.143, 80
Trd, 4318784.093, 79
Trd, 4318784.743, 63
Trd, 4318784.843, 94
Trd, 4318785.493, 102
Trd, 4318786.793, 120
Trd, 4318786.943, 86
Trd, 4318788.193, 94
Trd, 4318788.793, 97
Trd, 4318789.543, 89
Trd, 4318789.693, 75
Trd, 4318789.943, 91
Trd, 4318790.893, 63
Trd, 4318791.243, 122
Trd, 4318791.993, 122
Trd, 4318792.543, 97
Trd, 4318794.443, 114
Trd, 4318794.593, 113
Trd, 4318795.493, 87
Trd, 4318795.543, 84
Trd, 4318796.393, 134
Trd, 4318797.893, 132
Trd, 4318799.393, 137
Trd, 4318800.443, 132
Trd, 4318801.793, 138
Trd, 4318801.943, 129
Trd, 4318802.193, 91
Trd, 4318803.493, 101
Trd, 4318804.093, 78
Trd, 4318804.693, 69
Trd, 4318804.893, 106
Trd, 4318804.993, 107
Trd, 4318805.193, 94
Trd, 4318806.043, 102
Trd, 4318807.043, 79
Trd, 4318807.843, 85
Trd, 4318807.993, 88
Trd, 4318808.543, 112
Trd, 4318809.343, 95
Trd, 4318810.543, 63
Trd, 4318810.893, 98
Trd, 4318811.893, 70
Trd, 4318812.043, 73
Trd, 4318812.293, 98
Trd, 4318812.593, 109
Trd, 4318813.843, 115
Trd, 4318814.593, 125
Trd, 4318815.993, 76
Trd, 4318816.743, 66
Trd, 4318816.943, 80
Trd, 4318817.193, 82
Trd, 4318817.693, 66
Trd, 4318818.793, 68
Trd, 4318818.893, 71
Trd, 4318818.943, 71
Trd, 4318820.193, 68
Trd, 4318820.693, 84
Trd, 4318821.493, 82
Trd, 4318821.843, 80
Trd, 4318822.693, 81
Trd, 4318823.443, 73
Trd, 4318823.593, 63
Trd, 4318824.293, 106
Trd, 4318826.143, 92
Trd, 4318827.143, 89
Trd, 4318827.693, 85
Trd, 4318828.343, 98
Trd, 4318828.493, 89
Trd, 4318829.393, 99
Trd, 4318830.743, 132
Trd, 4318831.593, 101
Trd, 4318833.343, 89
Trd, 4318834.243, 131
Trd, 4318834.643, 115
Trd, 4318834.793, 115
Trd, 4318834.843, 105
Trd, 4318835.543, 136
Trd, 4318835.643, 126
Trd, 4318836.693, 79
Trd, 4318837.443, 64
Trd, 4318837.643, 80
Trd, 4318837.743, 80
Trd, 4318839.493, 103
Trd, 4318839.693, 82
Trd, 4318841.093, 115
Trd, 4318841.443, 114
Trd, 4318841.793, 81
Trd, 4318842.793, 117
Trd, 4318843.793, 95
Trd, 4318844.093, 122
Trd, 4318844.243, 97
Trd, 4318845.393, 87
Trd, 4318846.293, 96
Trd, 4318847.543, 98
Trd, 4318847.843, 101
Trd, 4318847.943, 101
Trd, 4318849.593, 101
Trd, 4318850.493, 118
Trd, 4318850.543, 83
Trd, 4318851.093, 71
Trd, 4318853.643, 112
Trd, 4318853.943, 113
Trd, 4318854.693, 93
Trd, 4318855.893, 72
Trd, 4318855.993, 75
Trd, 4318856.343, 80
Trd, 4318856.793, 84
Trd, 4318857.043, 89
Trd, 4318857.493, 94
Trd, 4318859.393, 117
Trd, 4318860.343, 116
Trd, 4318860.693, 110
Trd, 4318860.893, 107
Trd, 4318860.943, 116
Trd, 4318862.343, 114
Trd, 4318863.793, 131
Trd, 4318864.293, 94
Trd, 4318865.443, 123
Trd, 4318867.293, 129
Trd, 4318867.893, 114
Trd, 4318868.993, 133
Trd, 4318869.243, 94
Trd, 4318869.393, 92
Trd, 4318869.993, 132
Trd, 4318871.193, 136
Trd, 4318871.993, 117
Trd, 4318872.343, 131
Trd, 4318872.643, 124
Trd, 4318873.393, 110
Trd, 4318874.243, 97
Trd, 4318874.293, 82
Trd, 4318875.293, 118
Trd, 4318875.743, 95
Trd, 4318875.993, 63
Trd, 4318877.943, 79
Trd, 4318878.643, 102
Trd, 4318879.093, 107
Trd, 4318879.893, 118
Trd, 4318880.543, 82
Trd, 4318881.343, 69
Trd, 4318881.543, 84
Trd, 4318882.093, 73
Trd, 4318883.493, 88
Trd, 4318884.543, 64
Trd, 4318884.943, 62
Trd, 4318886.043, 80
Trd, 4318886.393, 67
Trd, 4318887.493, 116
Trd, 4318887.643, 69
Trd, 4318889.543, 106
Trd, 4318890.543, 89
Trd, 4318891.393, 114
Trd, 4318891.493, 112
Trd, 4318891.743, 91
Trd, 4318893.543, 137
Trd, 4318894.743, 134
Trd, 4318896.593, 115
Trd, 4318896.843, 121
Trd, 4318896.993, 98
Trd, 4318897.443, 86
Trd, 4318899.093, 138
Trd, 4318899.843, 114
Trd, 4318900.243, 104
Trd, 4318900.393, 119
Trd, 4318901.643, 110
Trd, 4318902.043, 107
Trd, 4318903.693, 121
Trd, 4318903.843, 114
Trd, 4318904.193, 95
Trd, 4318904.743, 114
Trd, 4318905.793, 126
Trd, 4318907.493, 110
Trd, 4318909.143, 137
Trd, 4318909.193, 121
Trd, 4318909.643, 116
Trd, 4318910.143, 140
Trd, 4318911.043, 118
Trd, 4318913.343, 122
Trd, 4318913.793, 139
Trd, 4318913.893, 136
Trd, 4318915.193, 106
Trd, 4318915.793, 90
Trd, 4318916.293, 97
Trd, 4318916.493, 100
Trd, 4318916.943, 96
Trd, 4318917.043, 75
Trd, 4318919.143, 121
Trd, 4318919.543, 108
Trd, 4318922.443, 130
Trd, 4318922.493, 118
Trd, 4318922.643, 89
Trd, 4318922.893, 96
Trd, 4318923.593, 120
Trd, 4318924.743, 128
Trd, 4318924.843, 117
Trd, 4318925.443, 114
Trd, 4318927.243, 138
Trd, 4318928.143, 122
Trd, 4318928.493, 135
Trd, 4318928.843, 97
Trd, 4318930.043, 68
Trd, 4318930.593, 81
Trd, 4318931.093, 87
Trd, 4318931.193, 129
Trd, 4318931.593, 110
Trd, 4318932.393, 62
Trd, 4318933.243, 74
Trd, 4318933.843, 79
Trd, 4318934.743, 70
Trd, 4318934.793, 73
Trd, 4318936.343, 79
Trd, 4318937.093, 90
Trd, 4318937.643, 87
Trd, 4318937.693, 96
Trd, 4318938.393, 86
Trd, 4318938.543, 84
Trd, 4318939.443, 92
Trd, 4318939.943, 134
Trd, 4318940.043, 91
Trd, 4318941.793, 119
Trd, 4318942.293, 88
Trd, 4318942.743, 114
Trd, 4318943.593, 111
Trd, 4318943.843, 134
Trd, 4318944.243, 82
Trd, 4318945.693, 95
Trd, 4318946.493, 69
Trd, 4318946.593, 72
Trd, 4318946.893, 74
Trd, 4318947.593, 77
Trd, 4318947.943, 60
Trd, 4318948.193, 80
Trd, 4318948.393, 72
Trd, 4318949.743, 63
Trd, 4318950.043, 69
Trd, 4318951.443, 89
Trd, 4318952.693, 74
Trd, 4318952.893, 84
Trd, 4318953.343, 139
Trd, 4318953.993, 68
Trd, 4318954.993, 72
Trd, 4318955.043, 75
Trd, 4318955.093, 65
Trd, 4318955.993, 83
Trd, 4318956.043, 111
Trd, 4318958.193, 133
Trd, 4318958.693, 126
Trd, 4318959.843, 90
Trd, 4318960.393, 138
Trd, 4318960.593, 96
Trd, 4318961.143, 98
Trd, 4318961.243, 83
Trd, 4318963.593, 116
Trd, 4318964.243, 70
Trd, 4318964.843, 83
Trd, 4318965.243, 86
Trd, 4318966.143, 80
Trd, 4318966.493, 124
Trd, 4318966.793, 70
Trd, 4318967.143, 74
Trd, 4318967.443, 61
Trd, 4318968.093, 110
Trd, 4318969.743, 116
Trd, 4318970.243, 132
Trd, 4318970.393, 106
Trd, 4318971.043, 128
Trd, 4318972.743, 82
Trd, 4318973.593, 76
Trd, 4318974.393, 73
Trd, 4318974.643, 89
Trd, 4318975.393, 91
Trd, 4318975.693, 93
Trd, 4318975.893, 95
Trd, 4318976.643, 122
Trd, 4318976.943, 114
Trd, 4318977.793, 130
Trd, 4318978.343, 129
Trd, 4318978.893, 112
Trd, 4318979.043, 96
Trd, 4318979.693, 124
Trd, 4318980.243, 107
Trd, 4318981.043, 70
Trd, 4318982.143, 64
Trd, 4318984.343, 84
Trd, 4318984.493, 75
Trd, 4318985.393, 139
Trd, 4318986.943, 121
Trd, 4318987.293, 121
Trd, 4318987.743, 79
Trd, 4318988.293, 72
Trd, 4318988.643, 88
Trd, 4318989.093, 90
Trd, 4318989.443, 93
Trd, 4318990.043, 93
Trd, 4318991.293, 96
Trd, 4318992.243, 84
Trd, 4318993.043, 61
Trd, 4318993.343, 64
Trd, 4318993.593, 67
Trd, 4318993.893, 102
Trd, 4318994.243, 61
Trd, 4318995.243, 72
Trd, 4318996.293, 77
Trd, 4318997.093, 111
Trd, 4318997.643, 86
Trd, 4318997.943, 91
Trd, 4318998.393, 114
Trd, 4318998.493, 85
Trd, 4318998.593, 76
Trd, 4318998.943, 73
Trd, 4319000.143, 116
Trd, 4319001.743, 135
Trd, 4319002.793, 138
Trd, 4319003.243, 85
Trd, 4319004.793, 133
Trd, 4319004.943, 107
Trd, 4319005.593, 70
Trd, 4319006.243, 116
Trd, 4319007.143, 119
Trd, 4319007.543, 96
Trd, 4319007.793, 122
Trd, 4319008.093, 107
Trd, 4319009.493, 138
Trd, 4319010.193, 118
Trd, 4319011.193, 105
Trd, 4319011.993, 100
Trd, 4319012.593, 114
Trd, 4319013.843, 109
Trd, 4319014.493, 116
Trd, 4319014.743, 100
Trd, 4319015.343, 139
Trd, 4319016.043, 121
Trd, 4319016.243, 94
Trd, 4319018.043, 114
Trd, 4319019.593, 106
Trd, 4319019.643, 100
Trd, 4319019.793, 128
Trd, 4319020.193, 88
Trd, 4319020.443, 102
Trd, 4319022.743, 90
Trd, 4319024.043, 81
Trd, 4319024.993, 98
Trd, 4319025.143, 101
Trd, 4319025.193, 75
Trd, 4319025.993, 72
Trd, 4319026.043, 129
Trd, 4319026.193, 102
Trd, 4319026.443, 114
Trd, 4319027.193, 80
Trd, 4319027.593, 104
Trd, 4319028.443, 110
Trd, 4319029.393, 130
Trd, 4319029.943, 62
Trd, 4319030.743, 105
Trd, 4319032.243, 107
Trd, 4319032.393, 67
Trd, 4319032.793, 83
Trd, 4319032.843, 75
Trd, 4319033.443, 86
Trd, 4319033.643, 90
Trd, 4319035.193, 103
Trd, 4319036.543, 125
Trd, 4319036.593, 125
Trd, 4319037.893, 140
Trd, 4319038.043, 75
Trd, 4319040.043, 140
Trd, 4319040.143, 129
Trd, 4319040.643, 113
Trd, 4319041.293, 84
Trd, 4319043.293, 134
Trd, 4319045.393, 95
Trd, 4319045.593, 98
Trd, 4319046.043, 104
Trd, 4319046.443, 98
Trd, 4319046.593, 88
Trd, 4319047.093, 106
Trd, 4319047.793, 91
Trd, 4319048.743, 130
Trd, 4319049.143, 121
Trd, 4319049.943, 83
Trd, 4319050.093, 83
Trd, 4319051.943, 124
Trd, 4319052.193, 123
Trd, 4319052.443, 87
Trd, 4319053.843, 133
Trd, 4319055.693, 140
Trd, 4319055.893, 115
Trd, 4319056.393, 81
Trd, 4319056.843, 78
Trd, 4319056.893, 92
Trd, 4319057.443, 73
Trd, 4319058.043, 123
Trd, 4319058.593, 113
Trd, 4319059.793, 119
Trd, 4319060.493, 90
Trd, 4319061.343, 97
Trd, 4319062.743, 108
Trd, 4319062.843, 118
Trd, 4319063.093, 104
Trd, 4319063.793, 80
Trd, 4319065.193, 102
Trd, 4319065.393, 102
Trd, 4319065.743, 105
Trd, 4319066.943, 131
Trd, 4319068.043, 136
Trd, 4319068.193, 105
Trd, 4319068.643, 121
Trd, 4319069.693, 119
Trd, 4319071.443, 114
Trd, 4319072.793, 126
Trd, 4319074.493, 120
Trd, 4319074.793, 117
Trd, 4319075.693, 126
Trd, 4319075.743, 118
Trd, 4319075.993, 112
Trd, 4319076.743, 138
Trd, 4319077.843, 118
Trd, 4319077.943, 94
Trd, 4319078.443, 131
Trd, 4319080.643, 104
Trd, 4319081.693, 105
Trd, 4319081.793, 111
Trd, 4319082.243, 82
Trd, 4319082.793, 130
Trd, 4319083.143, 74
Trd, 4319083.443, 76
Trd, 4319083.743, 130
Trd, 4319085.343, 131
Trd, 4319086.043, 140
Trd, 4319087.293, 123
Trd, 4319089.093, 125
Trd, 4319089.143, 128
Trd, 4319089.393, 101
Trd, 4319089.493, 94
Trd, 4319090.493, 108
Trd, 4319091.643, 107
Trd, 4319092.393, 132
Trd, 4319092.443, 63
Trd, 4319093.093, 107
Trd, 4319093.493, 79
Trd, 4319093.643, 101
Trd, 4319095.493, 84
Trd, 4319095.693, 73
Trd, 4319096.643, 71
Trd, 4319096.693, 113
Trd, 4319097.393, 134
Trd, 4319097.643, 131
Trd, 4319098.143, 124
Trd, 4319098.893, 81
Trd, 4319099.093, 84
Trd, 4319099.693, 77
Trd, 4319101.693, 102
Trd, 4319102.543, 77
Trd, 4319102.643, 80
Trd, 4319103.593, 85
Trd, 4319104.343, 98
Trd, 4319104.743, 101
Trd, 4319104.843, 103
Trd, 4319105.243, 73
Trd, 4319106.393, 78
Trd, 4319106.643, 64
Trd, 4319107.193, 83
Trd, 4319107.543, 94
Trd, 4319108.593, 83
Trd, 4319108.843, 65
Trd, 4319110.093, 64
Trd, 4319110.443, 74
Trd, 4319110.643, 96
Trd, 4319111.443, 65
Trd, 4319112.143, 75
Trd, 4319112.593, 80
Trd, 4319112.643, 82
Trd, 4319113.593, 133
Trd, 4319115.593, 65
Trd, 4319116.043, 72
Trd, 4319116.143, 75
Trd, 4319117.293, 107
Trd, 4319117.593, 68
Trd, 4319117.793, 125
Trd, 4319118.293, 106
Trd, 4319119.193, 113
Trd, 4319121.343, 125
Trd, 4319121.393, 124
Trd, 4319121.993, 78
Trd, 4319122.593, 137
Trd, 4319123.293, 122
Trd, 4319124.493, 98
Trd, 4319125.543, 131
Trd, 4319126.343, 132
Trd, 4319126.993, 130
Trd, 4319127.643, 119
Trd, 4319128.093, 79
Trd, 4319129.643, 93
Trd, 4319130.493, 124
Trd, 4319130.643, 137
Trd, 4319132.743, 135
Trd, 4319134.393, 125
Trd, 4319134.543, 124
Trd, 4319135.443, 135
Trd, 4319135.843, 136
Trd, 4319136.743, 131
Trd, 4319136.793, 130
Trd, 4319139.143, 135
Trd, 4319139.393, 124
Trd, 4319139.493, 114
Trd, 4319140.143, 91
Trd, 4319141.093, 84
Trd, 4319141.143, 80
Trd, 4319142.243, 98
Trd, 4319142.643, 103
Trd, 4319143.043, 84
Trd, 4319143.943, 132
Trd, 4319144.393, 95
Trd, 4319145.293, 83
Trd, 4319145.693, 113
Trd, 4319145.843, 81
Trd, 4319147.643, 123
Trd, 4319149.393, 130
Trd, 4319149.943, 97
Trd, 4319150.543, 136
Trd, 4319150.943, 130
Trd, 4319151.143, 105
Trd, 4319152.193, 118
Trd, 4319153.843, 112
Trd, 4319154.143, 109
Trd, 4319154.593, 140
Trd, 4319155.793, 130
Trd, 4319155.993, 129
Trd, 4319156.943, 91
Trd, 4319157.443, 130
Trd, 4319157.693, 95
Trd, 4319160.993, 100
Trd, 4319161.793, 103
Trd, 4319161.993, 81
Trd, 4319162.193, 106
Trd, 4319162.843, 96
Trd, 4319162.943, 108
Trd, 4319164.193, 100
Trd, 4319164.943, 116
Trd, 4319165.093, 99
Trd, 4319167.843, 139
Trd, 4319168.093, 126
Trd, 4319168.443, 89
Trd, 4319170.493, 109
Trd, 4319171.093, 66
Trd, 4319171.693, 78
Trd, 4319171.843, 122
Trd, 4319172.043, 124
Trd, 4319172.193, 116
Trd, 4319173.443, 97
Trd, 4319174.043, 97
Trd, 4319174.393, 67
Trd, 4319174.443, 85
Trd, 4319174.993, 107
Trd, 4319176.593, 115
Trd, 4319176.943, 118
Trd, 4319177.343, 113
Trd, 4319177.643, 102
Trd, 4319178.043, 86
Trd, 4319178.993, 120
Trd, 4319180.093, 77
Trd, 4319180.393, 64
Trd, 4319182.043, 63
Trd, 4319182.843, 69
Trd, 4319183.143, 72
Trd, 4319183.393, 123
Trd, 4319183.843, 90
Trd, 4319184.443, 130
Trd, 4319185.143, 74
Trd, 4319187.193, 86
Trd, 4319187.243, 89
Trd, 4319187.493, 73
Trd, 4319188.593, 84
Trd, 4319188.793, 85
Trd, 4319188.843, 73
Trd, 4319189.843, 93
Trd, 4319189.943, 96
Trd, 4319191.293, 72
Trd, 4319193.143, 98
Trd, 4319193.343, 100
Trd, 4319194.543, 126
Trd, 4319195.843, 98
Trd, 4319196.343, 121
Trd, 4319196.793, 118
Trd, 4319197.043, 92
Trd, 4319197.293, 118
Trd, 4319197.343, 135
Trd, 4319197.993, 122
Trd, 4319199.443, 78
Trd, 4319200.093, 73
Trd, 4319201.443, 122
Trd, 4319202.243, 76
Trd, 4319203.343, 104
Trd, 4319204.393, 92
Trd, 4319205.093, 94
Trd, 4319205.143, 110
Trd, 4319205.543, 106
Trd, 4319206.343, 67
Trd, 4319207.693, 108
Trd, 4319208.693, 91
Trd, 4319208.743, 81
Trd, 4319209.443, 85
Trd, 4319210.343, 101
Trd, 4319210.943, 64
Trd, 4319211.093, 101
Trd, 4319211.543, 87
Trd, 4319212.743, 137
Trd, 4319213.643, 114
Trd, 4319214.393, 70
Trd, 4319215.093, 98
Trd, 4319215.293, 77
Trd, 4319215.743, 103
Trd, 4319215.993, 106
Trd, 4319216.693, 95
Trd, 4319217.293, 117
Trd, 4319218.443, 78
Trd, 4319219.293, 112
Trd, 4319219.343, 113
Trd, 4319219.493, 96
Trd, 4319220.443, 128
Trd, 4319221.843, 93
Trd, 4319221.893, 80
Trd, 4319222.643, 80
Trd, 4319223.993, 89
Trd, 4319224.493, 95
Trd, 4319224.943, 85
Trd, 4319225.343, 98
Trd, 4319225.443, 103
Trd, 4319226.093, 84
Trd, 4319226.243, 84
Trd, 4319227.143, 130
Trd, 4319227.993, 135
Trd, 4319229.343, 134
Trd, 4319230.143, 113
Trd, 4319230.743, 133
Trd, 4319231.643, 120
Trd, 4319232.043, 126
Trd, 4319232.393, 119
Trd, 4319232.543, 128
Trd, 4319233.543, 116
Trd, 4319233.793, 94
Trd, 4319234.093, 71
Trd, 4319235.293, 124
Trd, 4319236.343, 116
Trd, 4319237.693, 123
Trd, 4319237.943, 115
Trd, 4319238.143, 73
Trd, 4319238.743, 134
Trd, 4319240.393, 96
Trd, 4319240.493, 93
Trd, 4319242.243, 72
Trd, 4319242.843, 101
Trd, 4319242.943, 65
Trd, 4319243.343, 66
Trd, 4319244.093, 107
Trd, 4319244.543, 66
Trd, 4319245.893, 81
Trd, 4319246.043, 100
Trd, 4319246.793, 74
Trd, 4319248.943, 126
Trd, 4319250.093, 138
Trd, 4319250.243, 114
Trd, 4319251.143, 102
Trd, 4319251.643, 114
Trd, 4319252.593, 71
Trd, 4319252.943, 73
Trd, 4319254.193, 109
Trd, 4319254.493, 93
Trd, 4319254.993, 122
Trd, 4319255.093, 104
Trd, 4319255.743, 82
Trd, 4319256.243, 129
Trd, 4319258.793, 138
Trd, 4319258.843, 137
Trd, 4319258.993, 121
Trd, 4319260.293, 67
Trd, 4319260.993, 93
Trd, 4319261.843, 96
Trd, 4319263.393, 99
Trd, 4319263.843, 93
Trd, 4319264.643, 100
Trd, 4319265.343, 131
Trd, 4319265.943, 138
Trd, 4319266.443, 135
Trd, 4319266.743, 139
Trd, 4319267.043, 95
Trd, 4319267.243, 82
Trd, 4319267.443, 92
Trd, 4319267.643, 77
Trd, 4319268.043, 62
Trd, 4319270.443, 134
Trd, 4319271.593, 108
Trd, 4319271.843, 88
Trd, 4319272.943, 119
Trd, 4319274.143, 130
Trd, 4319275.243, 129
Trd, 4319275.793, 95
Trd, 4319275.843, 98
Trd, 4319276.943, 133
Trd, 4319277.143, 68
Trd, 4319277.793, 73
Trd, 4319279.143, 78
Trd, 4319279.293, 102
Trd, 4319279.543, 92
Trd, 4319280.093, 109
Trd, 4319280.943, 106
Trd, 4319281.193, 103
Trd, 4319281.843, 129
Trd, 4319282.743, 116
Trd, 4319282.993, 113
Trd, 4319284.593, 92
Trd, 4319284.893, 83
Trd, 4319285.943, 94
Trd, 4319286.193, 126
Trd, 4319287.093, 112
Trd, 4319287.643, 113
Trd, 4319288.743, 109
Trd, 4319288.943, 113
Trd, 4319290.643, 78
Trd, 4319290.843, 81
Trd, 4319291.943, 68
Trd, 4319292.643, 102
Trd, 4319293.443, 133
Trd, 4319294.593, 94
Trd, 4319295.143, 132
Trd, 4319295.443, 64
Trd, 4319295.693, 90
Trd, 4319296.143, 96
Trd, 4319296.643, 118
Trd, 4319297.393, 108
Trd, 4319299.043, 115
Trd, 4319300.443, 136
Trd, 4319300.893, 123
Trd, 4319302.043, 140
Trd, 4319302.893, 107
Trd, 4319303.243, 126
Trd, 4319303.993, 114
Trd, 4319305.893, 129
Trd, 4319306.793, 131
Trd, 4319307.743, 122
Trd, 4319307.993, 140
Trd, 4319309.293, 139
Trd, 4319309.543, 80
Trd, 4319312.843, 115
Trd, 4319313.543, 111
Trd, 4319315.143, 137
Trd, 4319315.443, 138
Trd, 4319316.593, 136
Trd, 4319317.593, 129
Trd, 4319317.693, 108
Trd, 4319318.043, 97
Trd, 4319318.293, 120
Trd, 4319320.843, 97
Trd, 4319320.943, 121
Trd, 4319321.693, 84
Trd, 4319322.993, 111
Trd, 4319323.293, 125
Trd, 4319324.493, 139
Trd, 4319325.193, 115
Trd, 4319326.443, 121
Trd, 4319326.593, 114
Trd, 4319326.643, 77
Trd, 4319327.743, 75
Trd, 4319328.193, 104
Trd, 4319328.893, 68
Trd, 4319329.543, 70
Trd, 4319330.243, 84
Trd, 4319330.843, 100
Trd, 4319330.993, 103
Trd, 4319331.493, 96
Trd, 4319331.943, 110
Trd, 4319332.893, 108
Trd, 4319333.293, 93
Trd, 4319333.943, 60
Trd, 4319334.943, 79
Trd, 4319335.743, 70
Trd, 4319336.343, 82
Trd, 4319336.893, 85
Trd, 4319337.043, 88
Trd, 4319338.593, 129
Trd, 4319338.643, 124
Trd, 4319339.393, 114
Trd, 4319339.643, 111
Trd, 4319340.543, 115
Trd, 4319341.193, 120
Trd, 4319341.293, 88
Trd, 4319342.143, 98
Trd, 4319343.943, 75
Trd, 4319344.943, 71
Trd, 4319345.693, 74
Trd, 4319345.743, 77
Trd, 4319346.143, 122
Trd, 4319346.593, 96
Trd, 4319347.493, 88
Trd, 4319348.493, 119
Trd, 4319349.143, 91
Trd, 4319349.393, 76
Trd, 4319349.443, 70
Trd, 4319350.193, 120
Trd, 4319350.743, 106
Trd, 4319351.343, 108
Trd, 4319351.993, 79
Trd, 4319353.943, 118
Trd, 4319354.743, 117
Trd, 4319355.943, 140
Trd, 4319356.593, 134
Trd, 4319358.343, 104
Trd, 4319358.993, 106
Trd, 4319359.543, 123
Trd, 4319359.793, 120
Trd, 4319360.343, 129
Trd, 4319360.643, 123
Trd, 4319360.893, 133
Trd, 4319360.943, 124
Trd, 4319362.193, 103
Trd, 4319363.743, 134
Trd, 4319364.043, 78
Trd, 4319364.243, 76
Trd, 4319365.293, 67
Trd, 4319366.843, 98
Trd, 4319367.043, 115
Trd, 4319367.293, 122
Trd, 4319368.143, 71
Trd, 4319368.743, 74
Trd, 4319369.393, 81
Trd, 4319369.893, 134
Trd, 4319371.493, 74
Trd, 4319372.443, 83
Trd, 4319372.743, 85
Trd, 4319373.343, 75
Trd, 4319374.093, 80
Trd, 4319374.193, 83
Trd, 4319374.943, 108
Trd, 4319375.343, 95
Trd, 4319375.443, 122
Trd, 4319377.043, 87
Trd, 4319377.793, 116
Trd, 4319377.893, 112
Trd, 4319379.093, 127
Trd, 4319380.043, 70
Trd, 4319380.243, 73
Trd, 4319381.043, 96
Trd, 4319381.593, 65
Trd, 4319382.143, 88
Trd, 4319382.543, 65
Trd, 4319383.143, 70
Trd, 4319384.743, 85
Trd, 4319386.043, 139
Trd, 4319386.593, 129
Trd, 4319386.893, 81
Trd, 4319386.993, 73
Trd, 4319388.393, 118
Trd, 4319389.093, 98
Trd, 4319389.693, 123
Trd, 4319390.243, 93
Trd, 4319391.043, 66
Trd, 4319391.993, 126
Trd, 4319392.093, 113
Trd, 4319392.643, 131
Trd, 4319394.993, 114
Trd, 4319395.143, 109
Trd, 4319396.093, 128
Trd, 4319397.293, 116
Trd, 4319398.143, 103
Trd, 4319398.443, 81
Trd, 4319398.843, 92
Trd, 4319398.893, 91
Trd, 4319399.143, 92
Trd, 4319399.243, 95
Trd, 4319401.193, 79
Trd, 4319402.643, 103
Trd, 4319402.743, 85
Trd, 4319403.493, 72
Trd, 4319403.593, 102
Trd, 4319403.743, 105
Trd, 4319404.993, 84
Trd, 4319405.643, 101
Trd, 4319406.593, 103
Trd, 4319406.843, 89
Trd, 4319407.693, 84
Trd, 4319407.943, 111
Trd, 4319409.093, 80
Trd, 4319409.743, 62
Trd, 4319411.293, 62
Trd, 4319411.543, 65
Trd, 4319412.143, 65
Trd, 4319412.293, 68
Trd, 4319413.043, 121
Trd, 4319413.993, 96
Trd, 4319414.093, 133
Trd, 4319414.693, 101
Trd, 4319415.893, 124
Trd, 4319416.643, 101
Trd, 4319416.993, 89
Trd, 4319417.693, 128
Trd, 4319418.343, 127
Trd, 4319418.543, 105
Trd, 4319419.193, 76
Trd, 4319419.693, 70
Trd, 4319419.993, 86
Trd, 4319420.143, 86
Trd, 4319420.443, 107
Trd, 4319421.993, 91
Trd, 4319423.443, 111
Trd, 4319423.493, 113
Trd, 4319424.193, 112
Trd, 4319424.593, 92
Trd, 4319424.743, 117
Trd, 4319425.143, 121
Trd, 4319425.243, 85
Trd, 4319425.493, 64
Trd, 4319427.393, 112
Trd, 4319428.743, 76
Trd, 4319428.843, 78
Trd, 4319428.893, 106
Trd, 4319428.943, 118
Trd, 4319430.593, 101
Trd, 4319430.943, 73
Trd, 4319431.043, 72
Trd, 4319431.893, 71
Trd, 4319432.093, 74
Trd, 4319432.293, 83
Trd, 4319433.243, 73
Trd, 4319433.593, 101
Trd, 4319434.193, 107
Trd, 4319434.993, 95
Trd, 4319435.843, 78
Trd, 4319438.943, 124
Trd, 4319439.093, 115
Trd, 4319439.893, 119
Trd, 4319441.143, 140
Trd, 4319441.743, 127
Trd, 4319442.743, 106
Trd, 4319442.943, 80
Trd, 4319443.643, 125
Trd, 4319444.743, 121
Trd, 4319445.293, 126
Trd, 4319445.343, 98
Trd, 4319445.493, 129
Trd, 4319446.443, 100
Trd, 4319446.593, 87
Trd, 4319447.493, 99
Trd, 4319448.943, 108
Trd, 4319449.543, 97
Trd, 4319449.793, 99
Trd, 4319450.743, 131
Trd, 4319451.243, 99
Trd, 4319451.793, 106
Trd, 4319452.443, 118
Trd, 4319452.893, 82
Trd, 4319454.043, 73
Trd, 4319454.293, 133
Trd, 4319455.743, 87
Trd, 4319456.093, 103
Trd, 4319456.393, 106
Trd, 4319456.743, 93
Trd, 4319458.943, 68
Trd, 4319458.993, 71
Trd, 4319459.493, 80
Trd, 4319459.793, 81
Trd, 4319460.343, 89
Trd, 4319460.843, 74
Trd, 4319462.293, 82
Trd, 4319462.393, 98
Trd, 4319462.643, 67
Trd, 4319464.243, 71
Trd, 4319464.543, 109
Trd, 4319464.643, 110
Trd, 4319465.093, 122
Trd, 4319467.443, 127
Trd, 4319467.793, 113
Trd, 4319468.143, 103
Trd, 4319468.993, 114
Trd, 4319469.243, 69
Trd, 4319469.943, 136
Trd, 4319470.043, 134
Trd, 4319471.093, 114
Trd, 4319472.193, 122
Trd, 4319473.143, 118
Trd, 4319473.893, 91
Trd, 4319474.893, 70
Trd, 4319475.093, 73
Trd, 4319477.693, 92
Trd, 4319478.643, 103
Trd, 4319479.143, 119
Trd, 4319479.293, 106
Trd, 4319479.543, 105
Trd, 4319480.443, 109
Trd, 4319481.193, 102
Trd, 4319482.143, 108
Trd, 4319482.443, 112
Trd, 4319482.643, 83
Trd, 4319482.843, 108
Trd, 4319484.793, 127
Trd, 4319484.943, 125
Trd, 4319485.043, 108
Trd, 4319486.143, 107
Trd, 4319486.793, 78
Trd, 4319487.593, 106
Trd, 4319487.993, 93
Trd, 4319488.243, 112
Trd, 4319488.543, 113
Trd, 4319489.643, 94
Trd, 4319490.093, 113
Trd, 4319490.293, 115
Trd, 4319490.693, 81
Trd, 4319490.893, 100
Trd, 4319491.843, 92
Trd, 4319492.893, 118
Trd, 4319493.443, 115
Trd, 4319493.793, 140
Trd, 4319494.143, 66
Trd, 4319495.943, 124
Trd, 4319496.793, 101
Trd, 4319497.543, 97
Trd, 4319497.843, 119
Trd, 4319498.543, 140
Trd, 4319498.793, 78
Trd, 4319498.843, 81
Trd, 4319499.543, 64
Trd, 4319500.943, 70
Trd, 4319501.143, 95
Trd, 4319501.343, 77
Trd, 4319502.693, 99
Trd, 4319504.193, 91
Trd, 4319505.493, 85
Trd, 4319505.843, 85
Trd, 4319506.243, 69
Trd, 4319507.193, 77
Trd, 4319507.393, 69
Trd, 4319509.143, 80
Trd, 4319509.493, 60
Trd, 4319510.043, 64
Trd, 4319510.493, 136
Trd, 4319511.243, 102
Trd, 4319513.193, 114
Trd, 4319513.593, 129
Trd, 4319514.243, 94
Trd, 4319515.143, 63
Trd, 4319515.593, 76
Trd, 4319516.243, 82
Trd, 4319517.393, 73
Trd, 4319517.543, 90
Trd, 4319518.243, 86
Trd, 4319518.343, 103
Trd, 4319518.493, 107
Trd, 4319519.293, 71
Trd, 4319519.393, 74
Trd, 4319520.493, 81
Trd, 4319521.293, 69
Trd, 4319521.443, 98
Trd, 4319523.043, 107
Trd, 4319523.293, 77
Trd, 4319524.293, 125
Trd, 4319524.393, 94
Trd, 4319525.593, 92
Trd, 4319525.943, 74
Trd, 4319527.293, 118
Trd, 4319527.493, 122
Trd, 4319528.193, 95
Trd, 4319529.093, 64
Trd, 4319530.243, 69
Trd, 4319530.343, 67
Trd, 4319531.093, 71
Trd, 4319531.643, 96
Trd, 4319533.193, 114
Trd, 4319534.043, 106
Trd, 4319534.343, 128
Trd, 4319534.543, 130
Trd, 4319535.143, 140
Trd, 4319535.593, 78
Trd, 4319536.443, 69
Trd, 4319537.043, 75
Trd, 4319537.093, 75
Trd, 4319537.193, 81
Trd, 4319537.993, 102
Trd, 4319538.193, 85
Trd, 4319540.443, 71
Trd, 4319541.043, 100
Trd, 4319541.543, 102
Trd, 4319541.743, 103
Trd, 4319544.143, 138
Trd, 4319544.243, 133
Trd, 4319544.293, 125
Trd, 4319544.743, 106
Trd, 4319545.993, 105
Trd, 4319547.643, 118
Trd, 4319548.843, 122
Trd, 4319548.893, 118
Trd, 4319548.993, 84
Trd, 4319550.493, 132
Trd, 4319550.543, 127
Trd, 4319551.943, 110
Trd, 4319552.393, 108
Trd, 4319553.193, 133
Trd, 4319554.093, 131
Trd, 4319555.393, 84
Trd, 4319555.743, 76
Trd, 4319556.993, 68
Trd, 4319557.393, 65
Trd, 4319557.493, 69
Trd, 4319558.293, 67
Trd, 4319559.843, 129
Trd, 4319560.493, 137
Trd, 4319561.393, 98
Trd, 4319561.793, 81
Trd, 4319562.343, 93
Trd, 4319563.043, 103
Trd, 4319563.743, 114
Trd, 4319564.393, 92
Trd, 4319564.593, 135
Trd, 4319565.193, 88
Trd, 4319565.493, 103
Trd, 4319565.543, 103
Trd, 4319567.093, 113
Trd, 4319567.443, 108
Trd, 4319567.693, 69
Trd, 4319568.243, 115
Trd, 4319568.793, 131
Trd, 4319569.293, 127
Trd, 4319570.443, 94
Trd, 4319570.693, 93
Trd, 4319572.393, 67
Trd, 4319573.643, 122
Trd, 4319573.943, 129
Trd, 4319574.743, 134
Trd, 4319575.093, 88
Trd, 4319575.693, 81
Trd, 4319576.543, 88
Trd, 4319577.043, 94
Trd, 4319577.643, 60
Trd, 4319577.943, 64
Trd, 4319578.693, 64
Trd, 4319579.343, 67
Trd, 4319579.593, 76
Trd, 4319579.843, 90
Trd, 4319581.793, 97
Trd, 4319581.993, 139
Trd, 4319582.943, 85
Trd, 4319584.193, 120
Trd, 4319584.393, 121
Trd, 4319584.993, 111
Trd, 4319585.593, 68
Trd, 4319586.143, 108
Trd, 4319586.793, 119
Trd, 4319587.293, 116
Trd, 4319588.093, 117
Trd, 4319589.793, 127
Trd, 4319590.043, 128
Trd, 4319590.543, 129
Trd, 4319591.293, 90
Trd, 4319591.943, 67
Trd, 4319592.343, 102
Trd, 4319592.593, 93
Trd, 4319593.593, 87
Trd, 4319594.993, 119
Trd, 4319595.193, 93
Trd, 4319596.993, 140
Trd, 4319597.243, 123
Trd, 4319598.293, 135
Trd, 4319599.093, 140
Trd, 4319599.243, 89
Trd, 4319599.693, 80
Trd, 4319600.343, 123
Trd, 4319600.643, 115
Trd, 4319601.743, 135
Trd, 4319601.943, 114
Trd, 4319602.343, 127
Trd, 4319603.793, 83
Trd, 4319604.193, 135
Trd, 4319604.443, 137
Trd, 4319606.293, 83
Trd, 4319607.343, 139
Trd, 4319608.193, 114
Trd, 4319608.393, 135
Trd, 4319608.443, 109
Trd, 4319608.993, 139
Trd, 4319609.793, 86
Trd, 4319611.193, 84
Trd, 4319611.393, 87
Trd, 4319611.693, 73
Trd, 4319612.993, 79
Trd, 4319614.543, 140
Trd, 4319614.793, 119
Trd, 4319615.393, 106
Trd, 4319616.043, 84
Trd, 4319617.093, 106
Trd, 4319617.193, 93
Trd, 4319617.943, 109
Trd, 4319619.143, 109
Trd, 4319620.193, 91
Trd, 4319621.243, 78
Trd, 4319621.793, 84
Trd, 4319622.443, 73
Trd, 4319622.643, 74
Trd, 4319622.693, 76
Trd, 4319624.093, 76
Trd, 4319624.293, 62
Trd, 4319624.693, 70
Trd, 4319624.943, 95
Trd, 4319627.993, 97
Trd, 4319628.743, 77
Trd, 4319628.793, 80
Trd, 4319629.443, 102
Trd, 4319629.943, 104
Trd, 4319631.193, 103
Trd, 4319631.493, 122
Trd, 4319632.143, 106
Trd, 4319632.743, 89
Trd, 4319632.893, 127
Trd, 4319633.293, 81
Trd, 4319633.893, 130
Trd, 4319634.793, 117
Trd, 4319635.493, 111
Trd, 4319636.743, 73
Trd, 4319636.943, 125
Trd, 4319638.693, 92
Trd, 4319638.993, 116
Trd, 4319639.143, 118
Trd, 4319639.393, 96
Trd, 4319639.493, 81
Trd, 4319640.693, 69
Trd, 4319641.293, 71
Trd, 4319641.943, 93
Trd, 4319642.443, 92
Trd, 4319643.143, 78
Trd, 4319643.693, 96
Trd, 4319645.343, 138
Trd, 4319645.493, 86
Trd, 4319646.443, 107
Trd, 4319646.843, 124
Trd, 4319647.343, 104
Trd, 4319649.043, 139
Trd, 4319649.893, 130
Trd, 4319650.043, 105
Trd, 4319650.593, 131
Trd, 4319651.343, 99
Trd, 4319651.693, 107
Trd, 4319652.043, 132
Trd, 4319652.543, 100
Trd, 4319654.043, 61
Trd, 4319655.043, 66
Trd, 4319655.093, 69
Trd, 4319655.843, 75
Trd, 4319656.293, 83
Trd, 4319657.343, 91
Trd, 4319657.893, 125
Trd, 4319657.993, 108
Trd, 4319658.493, 83
Trd, 4319661.343, 124
Trd, 4319661.493, 121
Trd, 4319662.493, 109
Trd, 4319663.143, 119
Trd, 4319663.993, 94
Trd, 4319664.343, 125
Trd, 4319664.443, 119
Trd, 4319666.343, 74
Trd, 4319666.493, 101
Trd, 4319666.993, 96
Trd, 4319667.243, 138
Trd, 4319669.243, 94
Trd, 4319669.643, 78
Trd, 4319670.743, 91
Trd, 4319671.643, 94
Trd, 4319671.693, 95
Trd, 4319671.743, 70
Trd, 4319672.593, 97
Trd, 4319673.543, 100
Trd, 4319673.743, 76
Trd, 4319674.743, 119
Trd, 4319674.893, 139
Trd, 4319675.993, 75
Trd, 4319676.093, 140
Trd, 4319676.693, 79
Trd, 4319677.243, 116
Trd, 4319679.293, 121
Trd, 4319679.343, 116
Trd, 4319679.543, 86
Trd, 4319680.143, 132
Trd, 4319680.243, 133
Trd, 4319680.893, 118
Trd, 4319681.993, 71
Trd, 4319682.443, 74
Trd, 4319682.943, 67
Trd, 4319684.693, 88
Trd, 4319685.093, 114
Trd, 4319685.143, 123
Trd, 4319685.593, 77
Trd, 4319685.993, 86
Trd, 4319686.443, 74
Trd, 4319686.643, 92
Trd, 4319687.943, 74
Trd, 4319688.543, 90
Trd, 4319688.893, 93
Trd, 4319689.843, 89
Trd, 4319691.043, 87
Trd, 4319691.393, 109
Trd, 4319691.543, 114
Trd, 4319692.693, 76
Trd, 4319693.493, 110
Trd, 4319694.343, 73
Trd, 4319694.543, 68
Trd, 4319694.793, 92
Trd, 4319694.993, 115
Trd, 4319695.743, 116
Trd, 4319697.343, 103
Trd, 4319697.643, 86
Trd, 4319698.943, 106
Trd, 4319699.693, 93
Trd, 4319699.993, 96
Trd, 4319700.193, 110
Trd, 4319700.693, 102
Trd, 4319701.543, 119
Trd, 4319703.493, 123
Trd, 4319704.893, 128
Trd, 4319705.943, 124
Trd, 4319706.143, 121
Trd, 4319706.843, 126
Trd, 4319707.543, 107
Trd, 4319708.243, 65
Trd, 4319709.893, 138
Trd, 4319709.943, 124
Trd, 4319710.243, 103
Trd, 4319710.693, 123
Trd, 4319712.193, 134
Trd, 4319713.093, 120
Trd, 4319714.043, 119
Trd, 4319714.843, 86
Trd, 4319715.893, 117
Trd, 4319715.943, 88
Trd, 4319717.343, 91
Trd, 4319717.393, 122
Trd, 4319718.843, 90
Trd, 4319719.343, 79
Trd, 4319719.593, 92
Trd, 4319719.693, 95
Trd, 4319720.543, 96
Trd, 4319720.593, 93
Trd, 4319720.743, 76
Trd, 4319721.693, 127
Trd, 4319722.343, 112
Trd, 4319722.643, 122
Trd, 4319723.493, 61
Trd, 4319724.443, 91
Trd, 4319725.993, 98
Trd, 4319726.843, 128
Trd, 4319727.593, 117
Trd, 4319728.593, 70
Trd, 4319728.693, 120
Trd, 4319729.493, 64
Trd, 4319733.643, 129
Trd, 4319734.143, 124
Trd, 4319734.343, 98
Trd, 4319734.743, 83
Trd, 4319735.393, 138
Trd, 4319736.043, 115
Trd, 4319737.843, 109
Trd, 4319738.443, 110
Trd, 4319739.593, 112
Trd, 4319740.243, 120
Trd, 4319740.743, 108
Trd, 4319741.193, 114
Trd, 4319741.793, 72
Trd, 4319742.693, 95
Trd, 4319742.843, 98
Trd, 4319742.943, 78
Trd, 4319742.993, 101
Trd, 4319743.543, 75
Trd, 4319745.543, 120
Trd, 4319745.893, 113
Trd, 4319746.743, 108
Trd, 4319747.043, 113
Trd, 4319747.293, 104
Trd, 4319747.993, 115
Trd, 4319748.193, 80
Trd, 4319748.543, 80
Trd, 4319751.243, 133
Trd, 4319751.943, 130
Trd, 4319752.343, 125
Trd, 4319753.193, 109
Trd, 4319753.343, 101
Trd, 4319754.543, 89
Trd, 4319755.393, 60
Trd, 4319755.493, 74
Trd, 4319755.843, 77
Trd, 4319756.393, 66
Trd, 4319757.193, 82
Trd, 4319757.793, 93
Trd, 4319758.093, 70
Trd, 4319758.843, 61
Trd, 4319758.993, 123
Trd, 4319760.093, 121
Trd, 4319760.293, 60
Trd, 4319760.593, 67
Trd, 4319761.493, 104
Trd, 4319763.143, 131
Trd, 4319763.993, 115
Trd, 4319765.793, 76
Trd, 4319765.893, 101
Trd, 4319766.243, 109
Trd, 4319766.693, 118
Trd, 4319767.043, 95
Trd, 4319768.593, 104
Trd, 4319769.293, 72
Trd, 4319769.943, 86
Trd, 4319770.193, 85
Trd, 4319770.893, 88
Trd, 4319770.943, 87
Trd, 4319771.043, 83
Trd, 4319771.543, 88
Trd, 4319773.043, 62
Trd, 4319773.493, 68
Trd, 4319773.993, 69
Trd, 4319774.143, 70
Trd, 4319774.543, 71
Trd, 4319775.693, 87
Trd, 4319776.293, 119
Trd, 4319777.093, 96
Trd, 4319777.193, 99
Trd, 4319778.743, 90
Trd, 4319778.793, 105
Trd, 4319779.743, 95
Trd, 4319779.993, 111
Trd, 4319782.143, 136
Trd, 4319782.343, 130
Trd, 4319782.993, 135
Trd, 4319783.543, 122
Trd, 4319784.193, 133
Trd, 4319784.493, 131
Trd, 4319785.143, 111
Trd, 4319785.193, 99
Trd, 4319786.093, 109
Trd, 4319786.793, 125
Trd, 4319787.443, 129
Trd, 4319788.793, 128
Trd, 4319789.543, 127
Trd, 4319789.743, 112
Trd, 4319789.793, 110
Trd, 4319791.843, 80
Trd, 4319792.043, 138
Trd, 4319792.943, 99
Trd, 4319795.043, 88
Trd, 4319795.843, 77
Trd, 4319795.893, 84
Trd, 4319796.443, 122
Trd, 4319796.993, 97
Trd, 4319797.793, 101
Trd, 4319798.243, 136
Trd, 4319798.493, 132
Trd, 4319799.843, 81
Trd, 4319800.443, 132
Trd, 4319801.543, 125
Trd, 4319802.093, 112
Trd, 4319802.543, 110
Trd, 4319803.443, 129
Trd, 4319804.093, 112
Trd, 4319804.693, 136
Trd, 4319805.643, 123
Trd, 4319806.143, 126
Trd, 4319807.993, 94
Trd, 4319808.343, 91
Trd, 4319809.143, 98
Trd, 4319809.943, 88
Trd, 4319810.243, 91
Trd, 4319811.443, 124
Trd, 4319811.843, 105
Trd, 4319812.693, 133
Trd, 4319813.193, 117
Trd, 4319813.343, 125
Trd, 4319813.493, 96
Trd, 4319814.393, 123
Trd, 4319816.443, 111
Trd, 4319816.743, 87
Trd, 4319819.093, 110
Trd, 4319819.443, 105
Trd, 4319819.543, 85
Trd, 4319820.193, 100
Trd, 4319822.243, 135
Trd, 4319824.693, 137
Trd, 4319825.043, 114
Trd, 4319825.393, 129
Trd, 4319825.443, 130
Trd, 4319826.343, 84
Trd, 4319827.743, 120
Trd, 4319828.293, 74
Trd, 4319828.893, 126
Trd, 4319829.443, 133
Trd, 4319830.343, 87
Trd, 4319830.693, 91
Trd, 4319831.343, 94
Trd, 4319832.343, 72
Trd, 4319833.543, 79
Trd, 4319833.593, 82
Trd, 4319833.943, 101
Trd, 4319834.143, 78
Trd, 4319835.093, 75
Trd, 4319835.643, 78
Trd, 4319836.293, 65
Trd, 4319836.693, 74
Trd, 4319838.743, 66
Trd, 4319838.993, 77
Trd, 4319839.093, 77
Trd, 4319840.043, 87
Trd, 4319840.993, 117
Trd, 4319842.593, 139
Trd, 4319842.643, 132
Trd, 4319844.043, 111
Trd, 4319844.193, 103
Trd, 4319845.393, 135
Trd, 4319846.243, 92
Trd, 4319846.343, 109
Trd, 4319846.793, 118
Trd, 4319847.893, 136
Trd, 4319848.193, 89
Trd, 4319848.543, 105
Trd, 4319850.343, 116
Trd, 4319850.543, 120
Trd, 4319851.143, 138
Trd, 4319852.343, 128
Trd, 4319853.093, 109
Trd, 4319853.143, 106
Trd, 4319853.793, 91
Trd, 4319854.543, 130
Trd, 4319855.943, 116
Trd, 4319856.093, 89
Trd, 4319856.643, 94
Trd, 4319857.743, 104
Trd, 4319858.893, 132
Trd, 4319859.193, 134
Trd, 4319859.493, 116
Trd, 4319860.193, 84
Trd, 4319860.243, 81
Trd, 4319860.993, 86
Trd, 4319861.793, 109
Trd, 4319862.043, 72
Trd, 4319862.943, 70
Trd, 4319864.543, 107
Trd, 4319864.993, 111
Trd, 4319865.143, 105
Trd, 4319867.093, 134
Trd, 4319867.143, 123
Trd, 4319867.343, 122
Trd, 4319867.493, 114
Trd, 4319868.293, 68
Trd, 4319868.893, 126
Trd, 4319869.993, 136
Trd, 4319870.443, 124
Trd, 4319871.443, 135
Trd, 4319873.493, 117
Trd, 4319873.843, 106
Trd, 4319873.893, 98
Trd, 4319874.193, 95
Trd, 4319875.043, 140
Trd, 4319875.643, 134
Trd, 4319876.243, 131
Trd, 4319877.093, 129
Trd, 4319877.493, 133
Trd, 4319879.893, 88
Trd, 4319880.593, 78
Trd, 4319880.693, 81
Trd, 4319881.693, 109
Trd, 4319882.843, 103
Trd, 4319883.143, 88
Trd, 4319883.443, 87
Trd, 4319884.043, 123
Trd, 4319885.593, 127
Trd, 4319886.293, 128
Trd, 4319886.593, 129
Trd, 4319887.243, 110
Trd, 4319887.843, 123
Trd, 4319888.493, 101
Trd, 4319889.793, 129
Trd, 4319890.043, 125
Trd, 4319891.793, 122
Trd, 4319893.543, 133
Trd, 4319893.793, 84
Trd, 4319894.393, 100
Trd, 4319894.643, 103
Trd, 4319894.943, 106
Trd, 4319895.743, 127
Trd, 4319896.293, 114
Trd, 4319896.593, 77
Trd, 4319896.893, 113
Trd, 4319896.943, 134
Trd, 4319897.993, 63
Trd, 4319898.093, 104
Trd, 4319898.243, 70
Trd, 4319898.893, 106
Trd, 4319899.343, 91
Trd, 4319899.993, 126
Trd, 4319900.643, 100
Trd, 4319902.043, 138
Trd, 4319902.643, 78
Trd, 4319902.943, 126
Trd, 4319904.543, 117
Trd, 4319905.793, 135
Trd, 4319906.293, 138
Trd, 4319908.143, 137
Trd, 4319908.193, 119
Trd, 4319908.443, 92
Trd, 4319908.643, 97
Trd, 4319909.343, 131
Trd, 4319909.693, 89
Trd, 4319909.843, 121
Trd, 4319909.993, 76
Trd, 4319911.443, 123
Trd, 4319911.693, 112
Trd, 4319912.443, 89
Trd, 4319913.293, 92
Trd, 4319914.743, 98
Trd, 4319914.843, 101
Trd, 4319916.493, 83
Trd, 4319916.693, 84
Trd, 4319917.143, 76
Trd, 4319917.243, 107
Trd, 4319918.143, 96
Trd, 4319918.493, 82
Trd, 4319919.793, 85
Trd, 4319920.093, 111
Trd, 4319921.093, 105
Trd, 4319922.293, 140
Trd, 4319922.943, 127
Trd, 4319923.243, 94
Trd, 4319923.893, 110
Trd, 4319924.193, 74
Trd, 4319924.393, 93
Trd, 4319925.093, 102
Trd, 4319925.693, 85
Trd, 4319926.043, 105
Trd, 4319926.143, 85
Trd, 4319927.593, 88
Trd, 4319928.343, 70
Trd, 4319929.043, 108
Trd, 4319930.393, 109
Trd, 4319930.493, 93
Trd, 4319932.243, 115
Trd, 4319932.343, 95
Trd, 4319932.893, 88
Trd, 4319934.593, 115
Trd, 4319935.793, 111
Trd, 4319936.043, 70
Trd, 4319936.343, 114
Trd, 4319936.893, 117
Trd, 4319937.743, 72
Trd, 4319938.443, 79
Trd, 4319940.393, 89
Trd, 4319941.043, 85
Trd, 4319941.093, 90
Trd, 4319941.143, 109
Trd, 4319941.493, 87
Trd, 4319942.193, 118
Trd, 4319942.343, 133
Trd, 4319942.843, 118
Trd, 4319943.493, 105
Trd, 4319943.743, 94
Trd, 4319945.543, 121
Trd, 4319946.193, 131
Trd, 4319946.843, 108
Trd, 4319947.643, 63
Trd, 4319948.593, 103
Trd, 4319949.943, 109
Trd, 4319950.043, 85
Trd, 4319950.793, 88
Trd, 4319951.343, 61
Trd, 4319952.193, 117
Trd, 4319952.443, 82
Trd, 4319952.543, 63
Trd, 4319952.743, 119
Trd, 4319953.243, 89
Trd, 4319953.393, 92
Trd, 4319954.493, 119
Trd, 4319955.193, 108
Trd, 4319955.343, 133
Trd, 4319956.793, 125
Trd, 4319957.443, 98
Trd, 4319957.693, 136
Trd, 4319959.243, 119
Trd, 4319959.593, 105
Trd, 4319960.043, 123
Trd, 4319961.193, 104
Trd, 4319962.043, 92
Trd, 4319962.093, 95
Trd, 4319962.443, 128
Trd, 4319962.493, 87
Trd, 4319963.393, 87
Trd, 4319963.693, 101
Trd, 4319963.793, 77
Trd, 4319965.093, 131
Trd, 4319966.043, 136
Trd, 4319966.143, 103
Trd, 4319967.043, 97
Trd, 4319967.143, 121
Trd, 4319968.193, 123
Trd, 4319968.743, 129
Trd, 4319969.593, 129
Trd, 4319969.993, 117
Trd, 4319970.743, 119
Trd, 4319970.793, 93
Trd, 4319971.943, 124
Trd, 4319974.493, 131
Trd, 4319974.643, 120
Trd, 4319974.893, 131
Trd, 4319975.943, 116
Trd, 4319976.293, 93
Trd, 4319976.543, 131
Trd, 4319976.943, 90
Trd, 4319979.043, 122
Trd, 4319980.293, 134
Trd, 4319980.693, 136
Trd, 4319981.793, 103
Trd, 4319982.443, 107
Trd, 4319982.693, 98
Trd, 4319983.493, 137
Trd, 4319983.543, 125
Trd, 4319984.443, 139
Trd, 4319985.693, 140
Trd, 4319986.043, 123
Trd, 4319986.443, 136
Trd, 4319987.593, 134
Trd, 4319988.493, 134
Trd, 4319988.793, 107
Trd, 4319989.793, 110
Trd, 4319990.243, 60
Trd, 4319990.943, 88
Trd, 4319991.593, 82
Trd, 4319991.843, 70
Trd, 4319993.893, 140
Trd, 4319994.293, 130
Trd, 4319994.843, 107
Trd, 4319996.143, 123
Trd, 4319996.943, 126
Trd, 4319997.443, 76
Trd, 4319997.493, 128
Trd, 4319998.393, 78
Trd, 4319999.093, 88
