Trd, 4318100.393, 122
Trd, 4318102.393, 140
Trd, 4318102.493, 120
Trd, 4318102.843, 115
Trd, 4318103.993, 140
Trd, 4318104.593, 140
Trd, 4318106.493, 140
Trd, 4318106.543, 118
Trd, 4318108.093, 114
Trd, 4318109.543, 140
Trd, 4318110.543, 139
Trd, 4318111.393, 122
Trd, 4318111.743, 121
Trd, 4318112.043, 121
Trd, 4318112.693, 114
Trd, 4318113.193, 140
Trd, 4318113.343, 107
Trd, 4318115.243, 125
Trd, 4318115.743, 106
Trd, 4318116.193, 99
Trd, 4318116.493, 90
Trd, 4318116.943, 132
Trd, 4318117.343, 104
Trd, 4318118.443, 138
Trd, 4318119.643, 98
Trd, 4318120.193, 94
Trd, 4318120.993, 140
Trd, 4318122.093, 140
Trd, 4318122.243, 140
Trd, 4318122.443, 140
Trd, 4318122.693, 123
Trd, 4318123.093, 122
Trd, 4318124.093, 67
Trd, 4318127.243, 61
Trd, 4318128.993, 64
Trd, 4318129.443, 90
Trd, 4318129.543, 103
Trd, 4318129.893, 67
Trd, 4318129.993, 104
Trd, 4318130.393, 66
Trd, 4318131.793, 131
Trd, 4318132.593, 121
Trd, 4318133.843, 103
Trd, 4318135.143, 86
Trd, 4318135.343, 82
Trd, 4318135.393, 81
Trd, 4318136.193, 71
Trd, 4318136.943, 76
Trd, 4318137.343, 86
Trd, 4318137.743, 82
Trd, 4318138.393, 60
Trd, 4318140.943, 86
Trd, 4318141.743, 140
Trd, 4318141.793, 140
Trd, 4318142.493, 93
Trd, 4318142.593, 88
Trd, 4318142.793, 78
Trd, 4318142.993, 75
Trd, 4318144.543, 72
Trd, 4318145.793, 134
Trd, 4318146.143, 121
Trd, 4318147.193, 121
Trd, 4318148.243, 140
Trd, 4318148.643, 122
Trd, 4318149.093, 105
Trd, 4318149.743, 140
Trd, 4318150.693, 124
Trd, 4318150.743, 107
Trd, 4318152.043, 75
Trd, 4318152.093, 67
Trd, 4318153.393, 71
Trd, 4318154.193, 61
Trd, 4318155.343, 140
Trd, 4318155.643, 140
Trd, 4318155.843, 122
Trd, 4318156.043, 120
Trd, 4318158.093, 133
Trd, 4318158.443, 117
Trd, 4318159.343, 136
Trd, 4318159.743, 104
Trd, 4318160.143, 104
Trd, 4318160.693, 138
Trd, 4318162.943, 140
Trd, 4318163.893, 140
Trd, 4318164.743, 140
Trd, 4318164.943, 116
Trd, 4318165.243, 108
Trd, 4318165.393, 100
Trd, 4318166.143, 139
Trd, 4318166.643, 79
Trd, 4318167.543, 71
Trd, 4318169.143, 69
Trd, 4318170.193, 69
Trd, 4318171.743, 60
Trd, 4318172.293, 60
Trd, 4318172.893, 65
Trd, 4318172.943, 77
Trd, 4318174.193, 140
Trd, 4318174.843, 139
Trd, 4318175.393, 140
Trd, 4318176.843, 140
Trd, 4318176.943, 130
Trd, 4318177.143, 116
Trd, 4318177.643, 106
Trd, 4318178.643, 111
Trd, 4318179.093, 117
Trd, 4318179.993, 117
Trd, 4318181.543, 140
Trd, 4318182.543, 123
Trd, 4318183.443, 125
Trd, 4318184.043, 125
Trd, 4318184.093, 122
Trd, 4318184.993, 96
Trd, 4318185.393, 139
Trd, 4318185.943, 95
Trd, 4318188.193, 139
Trd, 4318188.643, 118
Trd, 4318189.293, 118
Trd, 4318190.593, 140
Trd, 4318190.643, 119
Trd, 4318190.843, 108
Trd, 4318192.093, 139
Trd, 4318193.243, 62
Trd, 4318193.593, 64
Trd, 4318194.943, 65
Trd, 4318196.243, 80
Trd, 4318196.943, 100
Trd, 4318198.993, 73
Trd, 4318199.793, 80
Trd, 4318201.143, 82
Trd, 4318201.193, 80
Trd, 4318201.993, 140
Trd, 4318203.093, 140
Trd, 4318203.793, 140
Trd, 4318203.893, 139
Trd, 4318204.443, 132
Trd, 4318205.043, 110
Trd, 4318205.993, 110
Trd, 4318206.193, 109
Trd, 4318207.043, 139
Trd, 4318207.093, 107
Trd, 4318209.043, 115
Trd, 4318209.293, 108
Trd, 4318209.843, 109
Trd, 4318209.893, 108
Trd, 4318210.243, 138
Trd, 4318210.493, 95
Trd, 4318211.093, 76
Trd, 4318212.493, 140
Trd, 4318213.543, 140
Trd, 4318214.793, 140
Trd, 4318215.993, 140
Trd, 4318216.143, 140
Trd, 4318216.843, 140
Trd, 4318217.593, 140
Trd, 4318217.693, 139
Trd, 4318217.843, 126
Trd, 4318218.193, 120
Trd, 4318219.193, 140
Trd, 4318220.393, 97
Trd, 4318221.993, 98
Trd, 4318222.143, 97
Trd, 4318223.643, 140
Trd, 4318224.993, 140
Trd, 4318225.643, 140
Trd, 4318225.993, 139
Trd, 4318226.193, 123
Trd, 4318227.793, 106
Trd, 4318228.693, 112
Trd, 4318229.043, 97
Trd, 4318229.743, 119
Trd, 4318230.243, 100
Trd, 4318231.193, 99
Trd, 4318231.643, 98
Trd, 4318232.543, 96
Trd, 4318233.293, 111
Trd, 4318233.543, 107
Trd, 4318234.543, 101
Trd, 4318235.643, 99
Trd, 4318235.943, 92
Trd, 4318236.893, 97
Trd, 4318237.443, 117
Trd, 4318237.893, 138
Trd, 4318238.043, 116
Trd, 4318239.043, 103
Trd, 4318239.743, 102
Trd, 4318240.143, 101
Trd, 4318241.843, 98
Trd, 4318242.093, 84
Trd, 4318242.143, 138
Trd, 4318242.943, 115
Trd, 4318243.043, 63
Trd, 4318244.193, 118
Trd, 4318244.893, 104
Trd, 4318246.243, 86
Trd, 4318246.443, 67
Trd, 4318246.493, 74
Trd, 4318247.593, 67
Trd, 4318247.943, 99
Trd, 4318248.793, 129
Trd, 4318250.343, 69
Trd, 4318250.993, 68
Trd, 4318251.293, 74
Trd, 4318251.443, 81
Trd, 4318251.743, 75
Trd, 4318251.843, 66
Trd, 4318254.643, 64
Trd, 4318255.743, 120
Trd, 4318256.493, 140
Trd, 4318256.943, 125
Trd, 4318256.993, 114
Trd, 4318257.543, 135
Trd, 4318258.143, 100
Trd, 4318258.343, 83
Trd, 4318258.493, 82
Trd, 4318258.943, 83
Trd, 4318259.693, 105
Trd, 4318262.893, 79
Trd, 4318263.043, 72
Trd, 4318263.643, 93
Trd, 4318265.393, 68
Trd, 4318265.693, 86
Trd, 4318266.293, 137
Trd, 4318266.943, 74
Trd, 4318267.193, 71
Trd, 4318267.943, 91
Trd, 4318268.593, 103
Trd, 4318269.243, 91
Trd, 4318269.543, 88
Trd, 4318269.743, 125
Trd, 4318270.043, 133
Trd, 4318270.843, 111
Trd, 4318271.143, 117
Trd, 4318271.243, 108
Trd, 4318271.793, 109
Trd, 4318272.143, 107
Trd, 4318273.493, 105
Trd, 4318273.993, 140
Trd, 4318274.693, 138
Trd, 4318276.343, 92
Trd, 4318276.393, 87
Trd, 4318277.293, 90
Trd, 4318277.943, 92
Trd, 4318280.093, 140
Trd, 4318280.193, 140
Trd, 4318280.893, 140
Trd, 4318281.593, 140
Trd, 4318281.743, 131
Trd, 4318282.793, 111
Trd, 4318283.393, 111
Trd, 4318283.543, 110
Trd, 4318283.943, 126
Trd, 4318284.543, 139
Trd, 4318285.043, 103
Trd, 4318285.343, 124
Trd, 4318286.293, 106
Trd, 4318287.643, 123
Trd, 4318289.543, 140
Trd, 4318290.543, 123
Trd, 4318292.143, 107
Trd, 4318292.743, 139
Trd, 4318292.943, 138
Trd, 4318293.093, 113
Trd, 4318294.393, 60
Trd, 4318295.693, 66
Trd, 4318296.293, 81
Trd, 4318296.343, 93
Trd, 4318296.743, 107
Trd, 4318297.843, 125
Trd, 4318298.343, 140
Trd, 4318299.343, 96
Trd, 4318299.593, 95
Trd, 4318300.143, 73
Trd, 4318300.993, 66
Trd, 4318302.293, 75
Trd, 4318302.443, 100
Trd, 4318304.143, 77
Trd, 4318304.643, 87
Trd, 4318304.843, 86
Trd, 4318305.843, 139
Trd, 4318306.343, 139
Trd, 4318307.193, 138
Trd, 4318307.743, 122
Trd, 4318309.393, 140
Trd, 4318309.443, 119
Trd, 4318310.643, 138
Trd, 4318310.743, 121
Trd, 4318311.743, 121
Trd, 4318312.093, 122
Trd, 4318312.793, 121
Trd, 4318314.043, 113
Trd, 4318314.293, 139
Trd, 4318315.443, 99
Trd, 4318316.143, 97
Trd, 4318316.593, 86
Trd, 4318317.243, 82
Trd, 4318318.143, 60
Trd, 4318319.243, 73
Trd, 4318319.493, 115
Trd, 4318320.093, 67
Trd, 4318321.243, 60
Trd, 4318322.193, 84
Trd, 4318323.043, 96
Trd, 4318323.943, 117
Trd, 4318324.493, 90
Trd, 4318324.993, 113
Trd, 4318325.243, 122
Trd, 4318326.293, 120
Trd, 4318327.143, 129
Trd, 4318328.443, 123
Trd, 4318328.893, 112
Trd, 4318329.593, 139
Trd, 4318331.193, 119
Trd, 4318332.143, 120
Trd, 4318332.843, 140
Trd, 4318333.393, 140
Trd, 4318334.143, 139
Trd, 4318334.593, 107
Trd, 4318335.193, 140
Trd, 4318336.543, 94
Trd, 4318337.893, 88
Trd, 4318338.643, 125
Trd, 4318338.843, 105
Trd, 4318339.343, 93
Trd, 4318339.393, 88
Trd, 4318339.593, 103
Trd, 4318339.843, 95
Trd, 4318340.243, 94
Trd, 4318340.943, 119
Trd, 4318342.093, 102
Trd, 4318342.943, 101
Trd, 4318344.343, 124
Trd, 4318345.243, 104
Trd, 4318345.743, 140
Trd, 4318347.243, 139
Trd, 4318347.593, 106
Trd, 4318348.443, 105
Trd, 4318349.643, 80
Trd, 4318350.993, 93
Trd, 4318351.043, 98
Trd, 4318351.593, 115
Trd, 4318352.093, 98
Trd, 4318352.343, 83
Trd, 4318354.393, 140
Trd, 4318355.143, 140
Trd, 4318355.293, 140
Trd, 4318356.293, 140
Trd, 4318356.843, 138
Trd, 4318357.943, 140
Trd, 4318357.993, 139
Trd, 4318359.193, 99
Trd, 4318359.493, 114
Trd, 4318360.243, 101
Trd, 4318360.843, 140
Trd, 4318361.043, 139
Trd, 4318361.293, 107
Trd, 4318363.843, 139
Trd, 4318364.593, 122
Trd, 4318365.493, 114
Trd, 4318367.043, 115
Trd, 4318367.493, 100
Trd, 4318368.643, 138
Trd, 4318368.793, 140
Trd, 4318369.143, 119
Trd, 4318369.243, 89
Trd, 4318370.143, 73
Trd, 4318372.293, 85
Trd, 4318372.343, 83
Trd, 4318373.143, 81
Trd, 4318374.443, 114
Trd, 4318374.543, 82
Trd, 4318376.893, 125
Trd, 4318377.093, 140
Trd, 4318377.193, 123
Trd, 4318378.143, 140
Trd, 4318378.843, 139
Trd, 4318379.443, 134
Trd, 4318379.843, 116
Trd, 4318380.193, 115
Trd, 4318381.043, 107
Trd, 4318381.343, 94
Trd, 4318382.493, 109
Trd, 4318383.793, 101
Trd, 4318384.393, 140
Trd, 4318385.343, 85
Trd, 4318386.093, 109
Trd, 4318386.243, 86
Trd, 4318386.893, 111
Trd, 4318389.043, 140
Trd, 4318389.593, 138
Trd, 4318390.193, 106
Trd, 4318390.293, 98
Trd, 4318391.343, 140
Trd, 4318391.693, 139
Trd, 4318394.093, 140
Trd, 4318394.543, 138
Trd, 4318394.643, 135
Trd, 4318394.893, 115
Trd, 4318395.393, 89
Trd, 4318395.443, 129
Trd, 4318396.243, 140
Trd, 4318396.593, 139
Trd, 4318399.743, 97
Trd, 4318400.043, 95
Trd, 4318400.443, 112
Trd, 4318401.593, 88
Trd, 4318402.743, 140
Trd, 4318402.943, 139
Trd, 4318403.293, 119
Trd, 4318403.843, 136
Trd, 4318403.943, 135
Trd, 4318405.193, 113
Trd, 4318406.293, 118
Trd, 4318406.443, 117
Trd, 4318406.793, 133
Trd, 4318407.193, 125
Trd, 4318408.593, 109
Trd, 4318409.743, 140
Trd, 4318410.843, 115
Trd, 4318411.293, 96
Trd, 4318411.443, 139
Trd, 4318413.043, 113
Trd, 4318413.093, 105
Trd, 4318413.393, 104
Trd, 4318413.593, 116
Trd, 4318414.343, 111
Trd, 4318414.943, 86
Trd, 4318415.893, 97
Trd, 4318417.593, 62
Trd, 4318419.043, 140
Trd, 4318419.743, 140
Trd, 4318419.793, 121
Trd, 4318421.193, 96
Trd, 4318421.343, 94
Trd, 4318421.893, 87
Trd, 4318422.193, 89
Trd, 4318422.793, 87
Trd, 4318423.393, 108
Trd, 4318424.143, 103
Trd, 4318424.693, 120
Trd, 4318425.043, 99
Trd, 4318427.393, 140
Trd, 4318428.243, 140
Trd, 4318428.843, 116
Trd, 4318429.143, 115
Trd, 4318429.643, 140
Trd, 4318429.743, 95
Trd, 4318430.743, 94
Trd, 4318432.393, 140
Trd, 4318432.443, 140
Trd, 4318432.493, 139
Trd, 4318432.693, 113
Trd, 4318433.793, 121
Trd, 4318434.193, 107
Trd, 4318434.693, 113
Trd, 4318434.943, 91
Trd, 4318435.193, 88
Trd, 4318436.043, 86
Trd, 4318437.943, 80
Trd, 4318438.043, 66
Trd, 4318439.343, 69
Trd, 4318439.993, 77
Trd, 4318440.343, 78
Trd, 4318441.093, 83
Trd, 4318442.393, 79
Trd, 4318443.243, 77
Trd, 4318443.743, 78
Trd, 4318444.643, 114
Trd, 4318445.293, 140
Trd, 4318445.593, 104
Trd, 4318446.543, 139
Trd, 4318447.043, 138
Trd, 4318448.193, 107
Trd, 4318449.093, 140
Trd, 4318449.643, 100
Trd, 4318450.243, 99
Trd, 4318450.543, 111
Trd, 4318451.993, 68
Trd, 4318452.893, 79
Trd, 4318453.343, 82
Trd, 4318454.043, 108
Trd, 4318455.343, 80
Trd, 4318455.643, 80
Trd, 4318455.793, 96
Trd, 4318457.543, 84
Trd, 4318457.593, 83
Trd, 4318457.793, 119
Trd, 4318458.843, 84
Trd, 4318459.143, 75
Trd, 4318459.743, 110
Trd, 4318461.693, 90
Trd, 4318463.443, 91
Trd, 4318463.693, 140
Trd, 4318464.093, 90
Trd, 4318464.343, 88
Trd, 4318465.843, 140
Trd, 4318466.093, 106
Trd, 4318466.393, 97
Trd, 4318467.043, 86
Trd, 4318468.643, 140
Trd, 4318468.943, 140
Trd, 4318468.993, 137
Trd, 4318470.643, 112
Trd, 4318472.993, 139
Trd, 4318473.043, 120
Trd, 4318473.143, 140
Trd, 4318473.443, 103
Trd, 4318473.643, 96
Trd, 4318473.893, 90
Trd, 4318474.493, 101
Trd, 4318477.793, 68
Trd, 4318478.943, 71
Trd, 4318479.293, 91
Trd, 4318479.443, 100
Trd, 4318479.543, 69
Trd, 4318480.393, 92
Trd, 4318480.743, 119
Trd, 4318481.243, 92
Trd, 4318481.743, 140
Trd, 4318481.843, 88
Trd, 4318484.643, 83
Trd, 4318484.993, 78
Trd, 4318486.043, 80
Trd, 4318486.543, 81
Trd, 4318487.493, 91
Trd, 4318488.293, 99
Trd, 4318488.593, 79
Trd, 4318489.093, 112
Trd, 4318489.143, 111
Trd, 4318490.343, 93
Trd, 4318492.393, 92
Trd, 4318493.043, 104
Trd, 4318493.493, 104
Trd, 4318493.693, 99
Trd, 4318494.643, 89
Trd, 4318495.743, 139
Trd, 4318495.843, 139
Trd, 4318496.143, 130
Trd, 4318496.243, 99
Trd, 4318497.643, 140
Trd, 4318497.993, 140
Trd, 4318498.243, 118
Trd, 4318498.793, 106
Trd, 4318500.343, 71
Trd, 4318503.043, 134
Trd, 4318503.193, 114
Trd, 4318503.643, 130
Trd, 4318503.793, 109
Trd, 4318504.593, 140
Trd, 4318505.143, 140
Trd, 4318505.843, 122
Trd, 4318506.593, 103
Trd, 4318506.743, 100
Trd, 4318507.343, 95
Trd, 4318508.143, 96
Trd, 4318508.293, 94
Trd, 4318508.393, 100
Trd, 4318509.643, 98
Trd, 4318510.593, 92
Trd, 4318512.843, 140
Trd, 4318513.043, 128
Trd, 4318513.793, 139
Trd, 4318513.993, 107
Trd, 4318514.593, 112
Trd, 4318515.593, 113
Trd, 4318516.843, 113
Trd, 4318517.693, 102
Trd, 4318517.793, 89
Trd, 4318517.943, 140
Trd, 4318518.293, 86
Trd, 4318518.843, 73
Trd, 4318520.043, 64
Trd, 4318521.043, 139
Trd, 4318523.343, 78
Trd, 4318523.693, 83
Trd, 4318525.393, 140
Trd, 4318526.143, 140
Trd, 4318526.443, 140
Trd, 4318528.843, 140
Trd, 4318529.043, 140
Trd, 4318529.443, 139
Trd, 4318531.993, 140
Trd, 4318532.093, 140
Trd, 4318532.743, 140
Trd, 4318533.643, 140
Trd, 4318534.693, 140
Trd, 4318534.993, 125
Trd, 4318535.543, 95
Trd, 4318536.193, 88
Trd, 4318537.893, 69
Trd, 4318539.043, 99
Trd, 4318540.893, 139
Trd, 4318541.143, 107
Trd, 4318541.393, 106
Trd, 4318541.493, 105
Trd, 4318542.093, 87
Trd, 4318542.343, 87
Trd, 4318542.643, 117
Trd, 4318543.243, 82
Trd, 4318543.343, 81
Trd, 4318543.643, 76
Trd, 4318544.743, 126
Trd, 4318546.043, 60
Trd, 4318546.793, 140
Trd, 4318547.443, 109
Trd, 4318549.893, 93
Trd, 4318550.693, 92
Trd, 4318550.943, 102
Trd, 4318551.393, 95
Trd, 4318551.643, 113
Trd, 4318552.443, 83
Trd, 4318552.843, 115
Trd, 4318554.293, 114
Trd, 4318554.393, 75
Trd, 4318554.493, 94
Trd, 4318556.243, 103
Trd, 4318556.443, 83
Trd, 4318557.293, 94
Trd, 4318557.343, 82
Trd, 4318558.043, 138
Trd, 4318559.193, 140
Trd, 4318559.793, 140
Trd, 4318561.293, 137
Trd, 4318561.543, 120
Trd, 4318561.643, 119
Trd, 4318562.693, 114
Trd, 4318564.193, 110
Trd, 4318564.293, 97
Trd, 4318564.693, 137
Trd, 4318565.943, 86
Trd, 4318567.093, 137
Trd, 4318568.193, 131
Trd, 4318568.993, 140
Trd, 4318569.343, 113
Trd, 4318569.943, 124
Trd, 4318571.443, 139
Trd, 4318571.993, 114
Trd, 4318573.943, 131
Trd, 4318574.343, 110
Trd, 4318574.993, 111
Trd, 4318576.193, 96
Trd, 4318577.743, 140
Trd, 4318578.493, 140
Trd, 4318578.993, 140
Trd, 4318579.043, 140
Trd, 4318579.143, 140
Trd, 4318579.193, 114
Trd, 4318580.643, 124
Trd, 4318581.693, 108
Trd, 4318583.193, 140
Trd, 4318583.443, 119
Trd, 4318583.843, 113
Trd, 4318584.293, 95
Trd, 4318586.043, 105
Trd, 4318587.443, 97
Trd, 4318587.793, 114
Trd, 4318588.143, 125
Trd, 4318588.943, 122
Trd, 4318589.943, 120
Trd, 4318590.693, 140
Trd, 4318590.843, 119
Trd, 4318591.493, 97
Trd, 4318592.193, 117
Trd, 4318593.993, 105
Trd, 4318595.143, 128
Trd, 4318595.693, 103
Trd, 4318596.793, 140
Trd, 4318596.843, 139
Trd, 4318596.993, 107
Trd, 4318598.043, 101
Trd, 4318598.593, 111
Trd, 4318598.893, 100
Trd, 4318600.193, 100
Trd, 4318601.043, 101
Trd, 4318602.343, 104
Trd, 4318602.543, 121
Trd, 4318602.993, 107
Trd, 4318603.243, 89
Trd, 4318603.743, 100
Trd, 4318604.593, 140
Trd, 4318604.993, 140
Trd, 4318606.343, 111
Trd, 4318607.993, 139
Trd, 4318608.543, 114
Trd, 4318609.093, 121
Trd, 4318609.493, 102
Trd, 4318610.043, 102
Trd, 4318611.343, 140
Trd, 4318611.743, 124
Trd, 4318612.093, 107
Trd, 4318614.843, 96
Trd, 4318614.943, 95
Trd, 4318614.993, 108
Trd, 4318615.743, 93
Trd, 4318616.093, 109
Trd, 4318616.143, 83
Trd, 4318618.743, 81
Trd, 4318619.643, 82
Trd, 4318620.693, 140
Trd, 4318622.243, 121
Trd, 4318622.543, 114
Trd, 4318622.643, 113
Trd, 4318622.693, 95
Trd, 4318623.143, 87
Trd, 4318625.493, 140
Trd, 4318625.543, 139
Trd, 4318626.593, 140
Trd, 4318626.693, 140
Trd, 4318627.893, 140
Trd, 4318628.243, 140
Trd, 4318629.093, 140
Trd, 4318629.693, 118
Trd, 4318630.743, 140
Trd, 4318631.393, 140
Trd, 4318633.093, 119
Trd, 4318633.293, 118
Trd, 4318633.893, 109
Trd, 4318634.043, 102
Trd, 4318635.543, 128
Trd, 4318635.793, 78
Trd, 4318636.543, 65
Trd, 4318637.893, 135
Trd, 4318639.793, 96
Trd, 4318640.393, 108
Trd, 4318640.893, 109
Trd, 4318641.643, 140
Trd, 4318641.693, 123
Trd, 4318641.993, 108
Trd, 4318642.093, 132
Trd, 4318642.993, 108
Trd, 4318643.093, 107
Trd, 4318644.693, 108
Trd, 4318645.643, 116
Trd, 4318646.693, 140
Trd, 4318647.243, 140
Trd, 4318647.443, 120
Trd, 4318647.593, 98
Trd, 4318648.343, 78
Trd, 4318649.043, 136
Trd, 4318649.943, 127
Trd, 4318649.993, 104
Trd, 4318650.793, 71
Trd, 4318651.543, 129
Trd, 4318652.643, 139
Trd, 4318652.993, 82
Trd, 4318653.793, 100
Trd, 4318654.293, 87
Trd, 4318655.293, 83
Trd, 4318656.993, 66
Trd, 4318657.693, 140
Trd, 4318657.793, 119
Trd, 4318659.243, 96
Trd, 4318659.393, 140
Trd, 4318660.593, 83
Trd, 4318661.393, 77
Trd, 4318661.993, 124
Trd, 4318662.593, 100
Trd, 4318665.193, 139
Trd, 4318666.593, 140
Trd, 4318667.793, 140
Trd, 4318667.843, 122
Trd, 4318669.143, 137
Trd, 4318669.743, 138
Trd, 4318669.793, 136
Trd, 4318670.393, 116
Trd, 4318671.893, 99
Trd, 4318672.843, 85
Trd, 4318673.193, 72
Trd, 4318674.343, 125
Trd, 4318674.443, 77
Trd, 4318674.793, 120
Trd, 4318675.843, 140
Trd, 4318675.993, 140
Trd, 4318676.393, 140
Trd, 4318676.843, 64
Trd, 4318678.993, 62
Trd, 4318679.043, 63
Trd, 4318679.843, 60
Trd, 4318680.593, 140
Trd, 4318680.893, 134
Trd, 4318681.343, 120
Trd, 4318682.693, 133
Trd, 4318683.693, 97
Trd, 4318683.743, 64
Trd, 4318684.793, 72
Trd, 4318686.293, 96
Trd, 4318686.393, 101
Trd, 4318688.143, 137
Trd, 4318688.693, 136
Trd, 4318689.343, 140
Trd, 4318690.193, 140
Trd, 4318691.643, 140
Trd, 4318691.793, 140
Trd, 4318692.243, 140
Trd, 4318692.593, 116
Trd, 4318693.743, 140
Trd, 4318693.893, 110
Trd, 4318694.243, 102
Trd, 4318697.293, 138
Trd, 4318697.393, 137
Trd, 4318698.193, 137
Trd, 4318698.343, 118
Trd, 4318698.693, 140
Trd, 4318699.443, 135
Trd, 4318700.393, 140
Trd, 4318700.693, 139
Trd, 4318700.843, 114
Trd, 4318701.143, 100
Trd, 4318702.293, 85
Trd, 4318703.393, 65
Trd, 4318704.093, 63
Trd, 4318705.843, 71
Trd, 4318706.443, 71
Trd, 4318707.593, 140
Trd, 4318708.493, 140
Trd, 4318708.693, 140
Trd, 4318709.193, 138
Trd, 4318709.743, 130
Trd, 4318710.693, 122
Trd, 4318711.543, 116
Trd, 4318712.343, 140
Trd, 4318713.143, 125
Trd, 4318713.743, 114
Trd, 4318713.793, 105
Trd, 4318714.593, 133
Trd, 4318716.093, 140
Trd, 4318716.293, 140
Trd, 4318716.593, 140
Trd, 4318717.243, 140
Trd, 4318718.593, 103
Trd, 4318719.343, 89
Trd, 4318720.343, 97
Trd, 4318720.593, 106
Trd, 4318720.693, 95
Trd, 4318721.693, 108
Trd, 4318722.493, 132
Trd, 4318723.793, 125
Trd, 4318724.093, 124
Trd, 4318724.393, 103
Trd, 4318726.093, 140
Trd, 4318726.243, 140
Trd, 4318728.393, 140
Trd, 4318729.143, 140
Trd, 4318729.493, 140
Trd, 4318730.093, 140
Trd, 4318730.143, 139
Trd, 4318730.693, 113
Trd, 4318731.593, 105
Trd, 4318733.043, 140
Trd, 4318733.343, 140
Trd, 4318733.793, 124
Trd, 4318734.293, 107
Trd, 4318734.443, 117
Trd, 4318734.693, 104
Trd, 4318736.393, 105
Trd, 4318738.243, 139
Trd, 4318738.793, 120
Trd, 4318739.393, 135
Trd, 4318739.943, 120
Trd, 4318740.993, 112
Trd, 4318741.093, 98
Trd, 4318741.293, 89
Trd, 4318741.593, 73
Trd, 4318741.993, 70
Trd, 4318742.893, 76
Trd, 4318744.743, 118
Trd, 4318744.993, 117
Trd, 4318745.043, 116
Trd, 4318745.143, 130
Trd, 4318746.993, 90
Trd, 4318747.393, 68
Trd, 4318748.443, 103
Trd, 4318749.343, 78
Trd, 4318749.593, 105
Trd, 4318750.743, 90
Trd, 4318750.943, 102
Trd, 4318751.193, 101
Trd, 4318751.493, 95
Trd, 4318753.343, 89
Trd, 4318754.293, 140
Trd, 4318754.943, 132
Trd, 4318755.443, 112
Trd, 4318756.593, 96
Trd, 4318757.293, 116
Trd, 4318757.793, 115
Trd, 4318757.893, 136
Trd, 4318759.243, 140
Trd, 4318760.793, 140
Trd, 4318760.943, 140
Trd, 4318761.293, 140
Trd, 4318762.393, 103
Trd, 4318762.943, 101
Trd, 4318763.193, 97
Trd, 4318763.943, 96
Trd, 4318764.193, 140
Trd, 4318765.643, 61
Trd, 4318767.193, 69
Trd, 4318767.243, 68
Trd, 4318767.443, 82
Trd, 4318768.543, 84
Trd, 4318769.093, 85
Trd, 4318770.493, 122
Trd, 4318770.993, 102
Trd, 4318771.543, 102
Trd, 4318771.693, 133
Trd, 4318774.393, 92
Trd, 4318774.643, 83
Trd, 4318775.993, 137
Trd, 4318776.393, 138
Trd, 4318776.943, 120
Trd, 4318777.943, 140
Trd, 4318777.993, 124
Trd, 4318778.093, 121
Trd, 4318778.393, 120
Trd, 4318778.693, 111
Trd, 4318779.943, 96
Trd, 4318781.043, 140
Trd, 4318782.643, 140
Trd, 4318782.693, 139
Trd, 4318782.943, 109
Trd, 4318784.293, 118
Trd, 4318785.243, 111
Trd, 4318785.743, 140
Trd, 4318786.993, 86
Trd, 4318787.293, 83
Trd, 4318788.893, 94
Trd, 4318789.293, 75
Trd, 4318790.293, 63
Trd, 4318790.993, 60
Trd, 4318791.743, 100
Trd, 4318792.493, 68
Trd, 4318793.693, 81
Trd, 4318794.393, 75
Trd, 4318795.743, 78
Trd, 4318796.343, 100
Trd, 4318796.393, 99
Trd, 4318796.443, 92
Trd, 4318796.693, 106
Trd, 4318797.243, 98
Trd, 4318798.093, 93
Trd, 4318799.093, 60
Trd, 4318800.643, 139
Trd, 4318801.343, 139
Trd, 4318801.943, 131
Trd, 4318802.393, 131
Trd, 4318803.293, 139
Trd, 4318803.593, 128
Trd, 4318803.643, 112
Trd, 4318804.243, 109
Trd, 4318804.393, 96
Trd, 4318806.543, 139
Trd, 4318806.893, 135
Trd, 4318807.043, 125
Trd, 4318807.443, 121
Trd, 4318807.793, 111
Trd, 4318809.743, 100
Trd, 4318809.893, 126
Trd, 4318811.393, 102
Trd, 4318812.493, 140
Trd, 4318812.643, 140
Trd, 4318813.593, 140
Trd, 4318813.743, 138
Trd, 4318813.893, 119
Trd, 4318814.493, 88
Trd, 4318815.693, 132
Trd, 4318818.893, 113
Trd, 4318818.993, 112
Trd, 4318819.593, 133
Trd, 4318820.393, 98
Trd, 4318821.443, 99
Trd, 4318821.793, 85
Trd, 4318821.843, 82
Trd, 4318822.843, 66
Trd, 4318824.793, 136
Trd, 4318825.143, 134
Trd, 4318825.693, 139
Trd, 4318825.743, 134
Trd, 4318826.943, 139
Trd, 4318827.293, 138
Trd, 4318827.593, 120
Trd, 4318828.143, 138
Trd, 4318829.693, 113
Trd, 4318829.993, 112
Trd, 4318830.643, 116
Trd, 4318831.693, 117
Trd, 4318832.643, 106
Trd, 4318833.843, 110
Trd, 4318834.243, 136
Trd, 4318834.693, 139
Trd, 4318834.793, 123
Trd, 4318835.093, 114
Trd, 4318835.143, 110
Trd, 4318835.893, 93
Trd, 4318838.343, 72
Trd, 4318838.993, 105
Trd, 4318839.893, 93
Trd, 4318840.243, 123
Trd, 4318841.293, 133
Trd, 4318841.643, 120
Trd, 4318842.543, 125
Trd, 4318842.593, 124
Trd, 4318843.243, 137
Trd, 4318844.493, 131
Trd, 4318845.093, 131
Trd, 4318845.293, 118
Trd, 4318845.793, 139
Trd, 4318846.343, 111
Trd, 4318846.893, 105
Trd, 4318847.693, 137
Trd, 4318848.043, 118
Trd, 4318849.793, 140
Trd, 4318849.893, 114
Trd, 4318850.193, 98
Trd, 4318852.293, 140
Trd, 4318852.493, 139
Trd, 4318853.293, 122
Trd, 4318853.393, 110
Trd, 4318853.693, 109
Trd, 4318856.593, 139
Trd, 4318856.943, 78
Trd, 4318858.793, 138
Trd, 4318859.443, 124
Trd, 4318859.543, 113
Trd, 4318859.843, 107
Trd, 4318860.843, 140
Trd, 4318860.893, 140
Trd, 4318863.393, 97
Trd, 4318863.843, 93
Trd, 4318863.943, 116
Trd, 4318864.943, 125
Trd, 4318865.243, 73
Trd, 4318866.993, 86
Trd, 4318867.043, 87
Trd, 4318867.643, 107
Trd, 4318868.093, 85
Trd, 4318868.993, 80
Trd, 4318870.393, 62
Trd, 4318871.393, 69
Trd, 4318872.193, 71
Trd, 4318872.343, 68
Trd, 4318873.393, 72
Trd, 4318873.993, 70
Trd, 4318874.293, 78
Trd, 4318875.793, 77
Trd, 4318877.093, 140
Trd, 4318877.243, 140
Trd, 4318877.593, 137
Trd, 4318878.193, 130
Trd, 4318878.343, 118
Trd, 4318879.393, 104
Trd, 4318879.893, 133
Trd, 4318882.193, 100
Trd, 4318882.343, 81
Trd, 4318883.243, 138
Trd, 4318883.293, 123
Trd, 4318883.643, 122
Trd, 4318884.193, 82
Trd, 4318885.943, 140
Trd, 4318886.243, 121
Trd, 4318886.293, 132
Trd, 4318888.293, 62
Trd, 4318890.193, 66
Trd, 4318890.243, 66
Trd, 4318891.293, 124
Trd, 4318891.643, 114
Trd, 4318892.493, 125
Trd, 4318892.693, 104
Trd, 4318892.993, 74
Trd, 4318893.743, 85
Trd, 4318894.993, 99
Trd, 4318895.393, 134
Trd, 4318895.793, 97
Trd, 4318896.393, 81
Trd, 4318897.343, 74
Trd, 4318898.643, 113
Trd, 4318899.043, 92
Trd, 4318899.143, 96
Trd, 4318900.443, 101
Trd, 4318900.693, 94
Trd, 4318901.943, 109
Trd, 4318902.443, 139
Trd, 4318903.243, 111
Trd, 4318903.493, 111
Trd, 4318904.643, 111
Trd, 4318905.493, 110
Trd, 4318905.843, 140
Trd, 4318907.143, 126
Trd, 4318907.743, 115
Trd, 4318908.393, 116
Trd, 4318909.343, 117
Trd, 4318909.493, 114
Trd, 4318910.243, 97
Trd, 4318912.343, 96
Trd, 4318912.493, 95
Trd, 4318912.843, 92
Trd, 4318913.493, 99
Trd, 4318913.643, 76
Trd, 4318914.893, 119
Trd, 4318916.343, 106
Trd, 4318916.893, 104
Trd, 4318917.693, 139
Trd, 4318919.143, 118
Trd, 4318919.843, 140
Trd, 4318919.993, 97
Trd, 4318920.293, 95
Trd, 4318920.693, 139
Trd, 4318920.843, 91
Trd, 4318922.543, 123
Trd, 4318923.493, 114
Trd, 4318923.593, 113
Trd, 4318924.693, 89
Trd, 4318925.043, 135
Trd, 4318925.893, 109
Trd, 4318926.343, 108
Trd, 4318927.943, 119
Trd, 4318928.593, 64
Trd, 4318928.743, 67
Trd, 4318929.593, 61
Trd, 4318930.693, 79
Trd, 4318930.893, 68
Trd, 4318931.793, 68
Trd, 4318932.193, 69
Trd, 4318932.443, 66
Trd, 4318933.293, 63
Trd, 4318934.493, 108
Trd, 4318935.243, 81
Trd, 4318936.393, 76
Trd, 4318937.643, 66
Trd, 4318937.793, 100
Trd, 4318939.243, 66
Trd, 4318939.343, 127
Trd, 4318939.943, 138
Trd, 4318940.093, 137
Trd, 4318940.893, 139
Trd, 4318942.193, 72
Trd, 4318942.793, 86
Trd, 4318943.293, 102
Trd, 4318944.043, 89
Trd, 4318944.793, 140
Trd, 4318944.843, 110
Trd, 4318945.143, 108
Trd, 4318946.343, 97
Trd, 4318949.493, 140
Trd, 4318951.193, 140
Trd, 4318951.243, 140
Trd, 4318951.743, 140
Trd, 4318951.893, 139
Trd, 4318953.093, 140
Trd, 4318953.643, 140
Trd, 4318953.743, 119
Trd, 4318953.843, 116
Trd, 4318953.993, 116
Trd, 4318955.443, 140
Trd, 4318956.293, 140
Trd, 4318957.293, 132
Trd, 4318957.843, 129
Trd, 4318958.993, 139
Trd, 4318959.493, 128
Trd, 4318960.343, 124
Trd, 4318960.393, 123
Trd, 4318961.443, 115
Trd, 4318961.643, 140
Trd, 4318962.193, 136
Trd, 4318963.843, 118
Trd, 4318964.793, 121
Trd, 4318965.343, 118
Trd, 4318965.593, 116
Trd, 4318965.643, 103
Trd, 4318966.293, 95
Trd, 4318966.443, 84
Trd, 4318967.343, 82
Trd, 4318967.693, 86
Trd, 4318967.993, 139
Trd, 4318968.243, 111
Trd, 4318968.993, 100
Trd, 4318970.143, 100
Trd, 4318970.193, 99
Trd, 4318971.543, 140
Trd, 4318972.143, 140
Trd, 4318972.743, 109
Trd, 4318972.893, 139
Trd, 4318974.743, 140
Trd, 4318975.593, 140
Trd, 4318976.643, 140
Trd, 4318977.643, 140
Trd, 4318977.793, 116
Trd, 4318978.693, 89
Trd, 4318979.893, 91
Trd, 4318980.543, 94
Trd, 4318981.193, 91
Trd, 4318981.343, 117
Trd, 4318981.743, 140
Trd, 4318983.443, 84
Trd, 4318983.543, 82
Trd, 4318984.443, 74
Trd, 4318984.493, 68
Trd, 4318986.093, 65
Trd, 4318986.343, 95
Trd, 4318987.943, 70
Trd, 4318988.743, 104
Trd, 4318989.743, 102
Trd, 4318990.443, 84
Trd, 4318991.293, 97
Trd, 4318991.443, 96
Trd, 4318991.993, 108
Trd, 4318992.793, 99
Trd, 4318993.143, 93
Trd, 4318994.543, 91
Trd, 4318994.843, 82
Trd, 4318995.693, 133
Trd, 4318997.943, 140
Trd, 4318998.343, 106
Trd, 4318998.493, 104
Trd, 4318999.293, 106
Trd, 4318999.543, 140
Trd, 4318999.693, 102
Trd, 4319001.293, 100
Trd, 4319001.443, 99
Trd, 4319003.743, 107
Trd, 4319003.993, 102
Trd, 4319004.043, 98
Trd, 4319004.743, 140
Trd, 4319004.943, 133
Trd, 4319005.143, 131
Trd, 4319006.643, 140
Trd, 4319007.243, 125
Trd, 4319007.693, 109
Trd, 4319008.343, 104
Trd, 4319008.493, 112
Trd, 4319009.443, 140
Trd, 4319011.793, 94
Trd, 4319012.243, 88
Trd, 4319013.593, 139
Trd, 4319013.843, 86
Trd, 4319014.343, 136
Trd, 4319015.793, 107
Trd, 4319016.043, 115
Trd, 4319016.693, 90
Trd, 4319017.493, 137
Trd, 4319019.293, 140
Trd, 4319019.893, 121
Trd, 4319020.543, 112
Trd, 4319021.243, 132
Trd, 4319021.393, 81
Trd, 4319021.593, 75
Trd, 4319023.743, 65
Trd, 4319024.143, 79
Trd, 4319025.593, 109
Trd, 4319025.743, 102
Trd, 4319025.893, 101
Trd, 4319026.643, 138
Trd, 4319026.793, 137
Trd, 4319027.443, 99
Trd, 4319029.143, 140
Trd, 4319030.143, 124
Trd, 4319030.893, 125
Trd, 4319031.293, 120
Trd, 4319031.593, 117
Trd, 4319032.043, 114
Trd, 4319032.443, 140
Trd, 4319032.493, 124
Trd, 4319033.093, 124
Trd, 4319034.443, 112
Trd, 4319036.443, 140
Trd, 4319037.043, 140
Trd, 4319037.593, 140
Trd, 4319038.293, 139
Trd, 4319038.743, 121
Trd, 4319039.643, 121
Trd, 4319039.893, 98
Trd, 4319039.993, 129
Trd, 4319040.443, 137
Trd, 4319041.343, 107
Trd, 4319042.093, 108
Trd, 4319042.343, 107
Trd, 4319042.893, 97
Trd, 4319044.093, 130
Trd, 4319044.393, 105
Trd, 4319044.643, 94
Trd, 4319045.493, 140
Trd, 4319047.043, 79
Trd, 4319048.293, 93
Trd, 4319050.243, 140
Trd, 4319050.993, 140
Trd, 4319051.193, 132
Trd, 4319051.443, 131
Trd, 4319052.043, 116
Trd, 4319053.593, 138
Trd, 4319054.543, 140
Trd, 4319054.643, 115
Trd, 4319054.893, 101
Trd, 4319056.543, 116
Trd, 4319057.143, 107
Trd, 4319058.043, 108
Trd, 4319058.193, 125
Trd, 4319058.393, 105
Trd, 4319058.693, 88
Trd, 4319059.543, 140
Trd, 4319061.093, 138
Trd, 4319062.043, 130
Trd, 4319062.743, 107
Trd, 4319063.993, 98
Trd, 4319064.893, 116
Trd, 4319065.243, 92
Trd, 4319065.343, 130
Trd, 4319065.393, 88
Trd, 4319066.393, 68
Trd, 4319066.993, 97
Trd, 4319067.643, 140
Trd, 4319068.493, 78
Trd, 4319069.843, 140
Trd, 4319070.043, 76
Trd, 4319070.243, 69
Trd, 4319071.093, 85
Trd, 4319071.593, 61
Trd, 4319072.193, 84
Trd, 4319073.693, 140
Trd, 4319075.243, 140
Trd, 4319075.443, 140
Trd, 4319075.493, 121
Trd, 4319076.143, 116
Trd, 4319076.593, 116
Trd, 4319077.243, 80
Trd, 4319078.343, 140
Trd, 4319078.443, 140
Trd, 4319079.193, 140
Trd, 4319080.743, 139
Trd, 4319081.243, 115
Trd, 4319082.043, 120
Trd, 4319082.143, 118
Trd, 4319082.743, 136
Trd, 4319083.543, 116
Trd, 4319083.893, 108
Trd, 4319085.093, 98
Trd, 4319085.493, 96
Trd, 4319086.043, 101
Trd, 4319087.693, 63
Trd, 4319088.043, 61
Trd, 4319089.793, 63
Trd, 4319089.843, 69
Trd, 4319090.593, 70
Trd, 4319091.293, 68
Trd, 4319091.693, 68
Trd, 4319092.843, 68
Trd, 4319093.293, 123
Trd, 4319094.243, 74
Trd, 4319095.393, 77
Trd, 4319095.543, 83
Trd, 4319095.843, 77
Trd, 4319096.893, 76
Trd, 4319098.643, 86
Trd, 4319098.693, 84
Trd, 4319099.243, 103
Trd, 4319100.743, 139
Trd, 4319100.943, 119
Trd, 4319101.043, 69
Trd, 4319102.543, 140
Trd, 4319102.593, 140
Trd, 4319103.593, 140
Trd, 4319103.793, 140
Trd, 4319104.293, 114
Trd, 4319104.943, 140
Trd, 4319105.443, 138
Trd, 4319106.693, 120
Trd, 4319107.143, 119
Trd, 4319108.643, 109
Trd, 4319110.243, 60
Trd, 4319111.843, 60
Trd, 4319113.043, 132
Trd, 4319113.993, 62
Trd, 4319114.593, 111
Trd, 4319115.993, 81
Trd, 4319117.143, 99
Trd, 4319117.593, 88
Trd, 4319118.193, 100
Trd, 4319119.743, 137
Trd, 4319119.993, 128
Trd, 4319120.143, 121
Trd, 4319120.293, 119
Trd, 4319120.593, 117
Trd, 4319121.043, 105
Trd, 4319121.093, 104
Trd, 4319122.793, 140
Trd, 4319123.643, 120
Trd, 4319123.993, 126
Trd, 4319124.343, 96
Trd, 4319126.143, 81
Trd, 4319127.443, 88
Trd, 4319128.743, 86
Trd, 4319129.793, 140
Trd, 4319129.943, 140
Trd, 4319130.393, 140
Trd, 4319130.543, 128
Trd, 4319130.893, 134
Trd, 4319131.043, 85
Trd, 4319131.893, 82
Trd, 4319132.743, 79
Trd, 4319133.643, 117
Trd, 4319133.893, 111
Trd, 4319135.343, 97
Trd, 4319135.943, 91
Trd, 4319135.993, 75
Trd, 4319137.693, 89
Trd, 4319137.843, 138
Trd, 4319138.943, 67
Trd, 4319139.293, 138
Trd, 4319140.943, 109
Trd, 4319143.393, 138
Trd, 4319144.243, 137
Trd, 4319144.293, 136
Trd, 4319144.443, 123
Trd, 4319145.493, 140
Trd, 4319145.943, 140
Trd, 4319146.043, 138
Trd, 4319147.243, 131
Trd, 4319147.293, 130
Trd, 4319147.493, 140
Trd, 4319147.643, 109
Trd, 4319148.293, 106
Trd, 4319148.343, 105
Trd, 4319148.443, 95
Trd, 4319149.343, 92
Trd, 4319149.393, 80
Trd, 4319151.743, 138
Trd, 4319152.743, 119
Trd, 4319153.943, 120
Trd, 4319154.393, 140
Trd, 4319155.343, 113
Trd, 4319156.293, 103
Trd, 4319157.693, 95
Trd, 4319158.143, 103
Trd, 4319159.443, 95
Trd, 4319159.843, 130
Trd, 4319161.393, 97
Trd, 4319161.443, 90
Trd, 4319162.193, 139
Trd, 4319163.043, 140
Trd, 4319163.443, 139
Trd, 4319163.943, 140
Trd, 4319164.043, 110
Trd, 4319164.693, 138
Trd, 4319165.843, 84
Trd, 4319166.943, 75
Trd, 4319167.443, 125
Trd, 4319167.793, 120
Trd, 4319169.743, 140
Trd, 4319169.793, 140
Trd, 4319170.093, 102
Trd, 4319170.893, 82
Trd, 4319171.493, 101
Trd, 4319171.993, 112
Trd, 4319172.143, 84
Trd, 4319173.643, 86
Trd, 4319175.143, 81
Trd, 4319175.443, 76
Trd, 4319175.793, 72
Trd, 4319175.893, 70
Trd, 4319177.343, 98
Trd, 4319177.643, 96
Trd, 4319178.243, 99
Trd, 4319179.443, 140
Trd, 4319179.593, 109
Trd, 4319180.293, 81
Trd, 4319181.543, 127
Trd, 4319183.243, 77
Trd, 4319183.493, 64
Trd, 4319184.343, 76
Trd, 4319185.893, 75
Trd, 4319186.193, 67
Trd, 4319186.993, 109
Trd, 4319187.043, 81
Trd, 4319188.743, 112
Trd, 4319189.143, 95
Trd, 4319189.193, 94
Trd, 4319189.993, 100
Trd, 4319190.893, 140
Trd, 4319191.193, 100
Trd, 4319191.843, 99
Trd, 4319192.043, 98
Trd, 4319192.693, 110
Trd, 4319193.143, 92
Trd, 4319193.593, 88
Trd, 4319195.893, 82
Trd, 4319196.343, 129
Trd, 4319197.543, 89
Trd, 4319197.743, 87
Trd, 4319199.593, 101
Trd, 4319200.143, 74
Trd, 4319200.643, 80
Trd, 4319202.493, 62
Trd, 4319202.893, 70
Trd, 4319203.693, 66
Trd, 4319203.893, 68
Trd, 4319204.043, 114
Trd, 4319204.843, 74
Trd, 4319206.143, 73
Trd, 4319206.493, 93
Trd, 4319207.443, 62
Trd, 4319209.343, 108
Trd, 4319210.993, 112
Trd, 4319211.043, 110
Trd, 4319211.093, 108
Trd, 4319211.243, 101
Trd, 4319212.393, 81
Trd, 4319213.243, 62
Trd, 4319215.493, 140
Trd, 4319216.793, 139
Trd, 4319217.393, 140
Trd, 4319218.093, 122
Trd, 4319219.243, 121
Trd, 4319219.993, 121
Trd, 4319220.493, 109
Trd, 4319221.043, 140
Trd, 4319221.093, 114
Trd, 4319221.193, 86
Trd, 4319223.043, 83
Trd, 4319224.293, 80
Trd, 4319226.093, 85
Trd, 4319226.343, 81
Trd, 4319227.943, 109
Trd, 4319227.993, 126
Trd, 4319228.993, 91
Trd, 4319229.643, 83
Trd, 4319230.093, 73
Trd, 4319230.943, 125
Trd, 4319231.043, 61
Trd, 4319231.743, 74
Trd, 4319233.643, 71
Trd, 4319234.443, 140
Trd, 4319234.543, 140
Trd, 4319236.343, 106
Trd, 4319236.693, 105
Trd, 4319237.243, 104
Trd, 4319237.643, 90
Trd, 4319239.743, 140
Trd, 4319239.793, 139
Trd, 4319240.243, 123
Trd, 4319240.643, 120
Trd, 4319242.543, 140
Trd, 4319243.643, 138
Trd, 4319244.893, 125
Trd, 4319245.093, 138
Trd, 4319245.843, 123
Trd, 4319246.343, 138
Trd, 4319246.793, 140
Trd, 4319249.143, 124
Trd, 4319249.443, 123
Trd, 4319249.493, 121
Trd, 4319249.693, 110
Trd, 4319250.843, 100
Trd, 4319251.643, 93
Trd, 4319251.943, 126
Trd, 4319251.993, 120
Trd, 4319253.543, 134
Trd, 4319253.943, 97
Trd, 4319255.843, 124
Trd, 4319257.093, 137
Trd, 4319258.193, 118
Trd, 4319258.343, 119
Trd, 4319258.693, 113
Trd, 4319258.993, 112
Trd, 4319259.093, 111
Trd, 4319259.793, 140
Trd, 4319260.193, 138
Trd, 4319260.943, 118
Trd, 4319261.293, 61
Trd, 4319262.143, 106
Trd, 4319262.293, 90
Trd, 4319263.943, 140
Trd, 4319264.793, 140
Trd, 4319265.643, 117
Trd, 4319266.593, 117
Trd, 4319266.893, 115
Trd, 4319266.943, 103
Trd, 4319268.493, 121
Trd, 4319269.143, 107
Trd, 4319269.543, 140
Trd, 4319269.993, 139
Trd, 4319271.043, 117
Trd, 4319271.843, 75
Trd, 4319272.343, 79
Trd, 4319273.443, 110
Trd, 4319274.743, 78
Trd, 4319275.143, 104
Trd, 4319275.193, 77
Trd, 4319275.343, 102
Trd, 4319275.743, 60
Trd, 4319279.893, 139
Trd, 4319280.693, 111
Trd, 4319280.893, 111
Trd, 4319280.943, 138
Trd, 4319281.643, 138
Trd, 4319281.893, 116
Trd, 4319282.593, 108
Trd, 4319282.743, 119
Trd, 4319282.793, 93
Trd, 4319284.643, 64
Trd, 4319286.543, 81
Trd, 4319286.743, 92
Trd, 4319287.993, 136
Trd, 4319288.743, 84
Trd, 4319288.893, 86
Trd, 4319288.943, 82
Trd, 4319292.343, 63
Trd, 4319292.793, 120
Trd, 4319294.343, 61
Trd, 4319294.743, 107
Trd, 4319295.293, 98
Trd, 4319295.543, 96
Trd, 4319296.143, 65
Trd, 4319296.993, 70
Trd, 4319297.243, 140
Trd, 4319298.093, 91
Trd, 4319298.443, 74
Trd, 4319298.943, 75
Trd, 4319299.243, 104
Trd, 4319300.093, 102
Trd, 4319300.443, 96
Trd, 4319301.543, 115
Trd, 4319302.243, 89
Trd, 4319302.793, 69
Trd, 4319305.493, 130
Trd, 4319305.893, 117
Trd, 4319306.343, 62
Trd, 4319306.893, 105
Trd, 4319307.243, 104
Trd, 4319307.343, 108
Trd, 4319307.643, 103
Trd, 4319309.043, 140
Trd, 4319311.143, 101
Trd, 4319311.343, 101
Trd, 4319311.493, 83
Trd, 4319312.693, 125
Trd, 4319313.143, 85
Trd, 4319313.243, 60
Trd, 4319315.393, 140
Trd, 4319316.443, 90
Trd, 4319316.493, 86
Trd, 4319317.593, 94
Trd, 4319318.093, 88
Trd, 4319319.893, 137
Trd, 4319319.993, 118
Trd, 4319320.293, 112
Trd, 4319320.343, 83
Trd, 4319320.993, 123
Trd, 4319322.193, 115
Trd, 4319322.993, 86
Trd, 4319323.843, 88
Trd, 4319324.593, 105
Trd, 4319325.293, 80
Trd, 4319325.793, 87
Trd, 4319326.943, 92
Trd, 4319327.393, 77
Trd, 4319329.143, 138
Trd, 4319329.943, 119
Trd, 4319330.493, 117
Trd, 4319331.243, 102
Trd, 4319331.593, 88
Trd, 4319332.443, 115
Trd, 4319334.743, 140
Trd, 4319334.893, 140
Trd, 4319335.643, 140
Trd, 4319337.343, 122
Trd, 4319337.493, 94
Trd, 4319338.343, 139
Trd, 4319339.243, 103
Trd, 4319340.293, 67
Trd, 4319341.393, 140
Trd, 4319342.693, 140
Trd, 4319342.743, 139
Trd, 4319342.893, 119
Trd, 4319344.493, 129
Trd, 4319344.593, 116
Trd, 4319344.643, 91
Trd, 4319346.043, 65
Trd, 4319347.743, 89
Trd, 4319348.493, 90
Trd, 4319348.793, 75
Trd, 4319350.043, 107
Trd, 4319351.243, 118
Trd, 4319352.093, 105
Trd, 4319352.643, 112
Trd, 4319352.893, 111
Trd, 4319352.993, 95
Trd, 4319355.093, 140
Trd, 4319355.593, 140
Trd, 4319356.043, 140
Trd, 4319356.593, 139
Trd, 4319356.893, 136
Trd, 4319357.543, 127
Trd, 4319358.843, 128
Trd, 4319359.043, 83
Trd, 4319360.793, 90
Trd, 4319362.643, 73
Trd, 4319362.943, 70
Trd, 4319363.143, 69
Trd, 4319364.143, 99
Trd, 4319364.643, 77
Trd, 4319365.243, 78
Trd, 4319366.443, 126
Trd, 4319366.993, 137
Trd, 4319367.193, 117
Trd, 4319367.643, 140
Trd, 4319368.843, 93
Trd, 4319370.843, 99
Trd, 4319372.493, 97
Trd, 4319372.593, 95
Trd, 4319372.743, 95
Trd, 4319373.643, 90
Trd, 4319373.893, 90
Trd, 4319373.993, 77
Trd, 4319375.143, 69
Trd, 4319376.343, 140
Trd, 4319376.993, 69
Trd, 4319377.243, 70
Trd, 4319377.743, 68
Trd, 4319378.743, 118
Trd, 4319378.843, 133
Trd, 4319380.393, 140
Trd, 4319380.843, 81
Trd, 4319381.543, 140
Trd, 4319381.943, 104
Trd, 4319383.193, 136
Trd, 4319383.443, 136
Trd, 4319383.793, 107
Trd, 4319384.693, 100
Trd, 4319385.143, 121
Trd, 4319386.043, 127
Trd, 4319386.693, 94
Trd, 4319387.243, 106
Trd, 4319387.493, 130
Trd, 4319387.593, 83
Trd, 4319388.343, 60
Trd, 4319389.343, 116
Trd, 4319389.793, 63
Trd, 4319390.943, 119
Trd, 4319391.193, 80
Trd, 4319391.943, 129
Trd, 4319392.743, 110
Trd, 4319394.243, 111
Trd, 4319394.493, 109
Trd, 4319395.493, 140
Trd, 4319395.643, 140
Trd, 4319396.543, 116
Trd, 4319397.143, 96
Trd, 4319397.993, 92
Trd, 4319398.343, 137
Trd, 4319399.293, 103
Trd, 4319399.343, 100
Trd, 4319399.543, 140
Trd, 4319400.643, 100
Trd, 4319402.043, 91
Trd, 4319403.293, 101
Trd, 4319403.543, 99
Trd, 4319403.843, 92
Trd, 4319406.543, 99
Trd, 4319407.143, 89
Trd, 4319407.743, 140
Trd, 4319408.293, 140
Trd, 4319408.793, 140
Trd, 4319409.293, 140
Trd, 4319409.993, 138
Trd, 4319410.193, 123
Trd, 4319411.143, 100
Trd, 4319411.793, 112
Trd, 4319412.243, 98
Trd, 4319413.493, 86
Trd, 4319413.893, 78
Trd, 4319414.743, 84
Trd, 4319415.843, 127
Trd, 4319416.693, 87
Trd, 4319416.843, 95
Trd, 4319416.893, 86
Trd, 4319417.343, 137
Trd, 4319417.893, 140
Trd, 4319418.093, 126
Trd, 4319418.393, 116
Trd, 4319419.293, 89
Trd, 4319420.193, 69
Trd, 4319421.143, 140
Trd, 4319421.443, 140
Trd, 4319421.943, 104
Trd, 4319422.793, 140
Trd, 4319424.343, 129
Trd, 4319424.993, 130
Trd, 4319425.593, 129
Trd, 4319426.293, 106
Trd, 4319426.343, 98
Trd, 4319427.693, 140
Trd, 4319429.143, 140
Trd, 4319429.543, 140
Trd, 4319429.643, 133
Trd, 4319429.693, 120
Trd, 4319430.093, 113
Trd, 4319430.343, 106
Trd, 4319432.993, 100
Trd, 4319433.593, 119
Trd, 4319433.793, 120
Trd, 4319434.043, 100
Trd, 4319434.893, 100
Trd, 4319437.843, 110
Trd, 4319438.093, 124
Trd, 4319438.643, 87
Trd, 4319438.793, 89
Trd, 4319439.993, 140
Trd, 4319441.493, 140
Trd, 4319441.743, 140
Trd, 4319442.243, 140
Trd, 4319443.193, 140
Trd, 4319443.243, 130
Trd, 4319444.093, 111
Trd, 4319444.293, 110
Trd, 4319444.943, 108
Trd, 4319445.493, 140
Trd, 4319446.243, 120
Trd, 4319447.243, 114
Trd, 4319448.343, 100
Trd, 4319448.693, 139
Trd, 4319448.893, 84
Trd, 4319450.493, 138
Trd, 4319451.643, 121
Trd, 4319454.243, 129
Trd, 4319454.343, 102
Trd, 4319454.493, 100
Trd, 4319455.393, 105
Trd, 4319455.793, 128
Trd, 4319456.643, 100
Trd, 4319457.693, 96
Trd, 4319458.443, 116
Trd, 4319459.693, 140
Trd, 4319460.393, 140
Trd, 4319460.543, 139
Trd, 4319461.193, 140
Trd, 4319461.393, 129
Trd, 4319461.793, 140
Trd, 4319462.743, 119
Trd, 4319463.443, 81
Trd, 4319465.593, 97
Trd, 4319466.693, 136
Trd, 4319467.593, 107
Trd, 4319468.843, 98
Trd, 4319468.893, 97
Trd, 4319468.943, 95
Trd, 4319469.243, 111
Trd, 4319469.543, 128
Trd, 4319470.643, 90
Trd, 4319471.993, 80
Trd, 4319472.393, 93
Trd, 4319472.993, 85
Trd, 4319474.443, 89
Trd, 4319474.693, 140
Trd, 4319475.243, 101
Trd, 4319476.993, 130
Trd, 4319477.793, 140
Trd, 4319477.943, 136
Trd, 4319479.043, 122
Trd, 4319479.243, 140
Trd, 4319479.643, 97
Trd, 4319481.793, 107
Trd, 4319482.393, 95
Trd, 4319483.493, 140
Trd, 4319484.743, 120
Trd, 4319485.593, 114
Trd, 4319485.643, 113
Trd, 4319485.843, 112
Trd, 4319486.143, 137
Trd, 4319486.793, 107
Trd, 4319488.293, 118
Trd, 4319489.093, 137
Trd, 4319489.243, 138
Trd, 4319489.643, 103
Trd, 4319490.843, 118
Trd, 4319490.943, 105
Trd, 4319490.993, 103
Trd, 4319492.043, 100
Trd, 4319493.043, 100
Trd, 4319493.643, 140
Trd, 4319493.843, 119
Trd, 4319496.193, 134
Trd, 4319496.493, 125
Trd, 4319496.993, 124
Trd, 4319497.293, 115
Trd, 4319498.093, 132
Trd, 4319500.293, 140
Trd, 4319500.543, 140
Trd, 4319500.643, 140
Trd, 4319500.793, 140
Trd, 4319501.543, 140
Trd, 4319501.643, 119
Trd, 4319503.843, 140
Trd, 4319504.343, 121
Trd, 4319504.543, 121
Trd, 4319506.143, 138
Trd, 4319506.193, 130
Trd, 4319506.443, 122
Trd, 4319508.193, 140
Trd, 4319508.493, 140
Trd, 4319508.643, 139
Trd, 4319509.993, 126
Trd, 4319510.593, 109
Trd, 4319511.243, 140
Trd, 4319513.193, 132
Trd, 4319513.493, 110
Trd, 4319513.943, 109
Trd, 4319514.093, 96
Trd, 4319514.793, 105
Trd, 4319515.993, 112
Trd, 4319516.143, 87
Trd, 4319516.743, 88
Trd, 4319517.093, 107
Trd, 4319517.693, 108
Trd, 4319518.143, 106
Trd, 4319518.443, 140
Trd, 4319518.843, 96
Trd, 4319520.393, 64
Trd, 4319522.793, 67
Trd, 4319523.293, 67
Trd, 4319523.893, 71
Trd, 4319524.443, 66
Trd, 4319524.893, 75
Trd, 4319525.843, 64
Trd, 4319527.043, 68
Trd, 4319527.143, 70
Trd, 4319529.443, 81
Trd, 4319529.593, 80
Trd, 4319529.793, 137
Trd, 4319530.643, 140
Trd, 4319530.843, 139
Trd, 4319531.943, 140
Trd, 4319532.093, 140
Trd, 4319532.943, 118
Trd, 4319533.043, 104
Trd, 4319533.743, 139
Trd, 4319533.943, 117
Trd, 4319534.343, 91
Trd, 4319535.343, 60
Trd, 4319537.393, 92
Trd, 4319538.543, 90
Trd, 4319539.793, 87
Trd, 4319541.043, 140
Trd, 4319541.293, 139
Trd, 4319541.693, 122
Trd, 4319542.043, 137
Trd, 4319543.493, 140
Trd, 4319543.543, 139
Trd, 4319543.943, 139
Trd, 4319544.143, 138
Trd, 4319545.343, 104
Trd, 4319546.143, 140
Trd, 4319546.593, 89
Trd, 4319547.393, 88
Trd, 4319547.693, 80
Trd, 4319548.493, 82
Trd, 4319549.143, 81
Trd, 4319549.443, 78
Trd, 4319549.643, 134
Trd, 4319551.243, 74
Trd, 4319551.843, 136
Trd, 4319552.343, 83
Trd, 4319552.693, 80
Trd, 4319554.943, 84
Trd, 4319555.793, 93
Trd, 4319556.893, 104
Trd, 4319558.593, 103
Trd, 4319558.693, 102
Trd, 4319558.793, 101
Trd, 4319559.693, 140
Trd, 4319560.943, 140
Trd, 4319561.043, 140
Trd, 4319561.493, 140
Trd, 4319562.143, 124
Trd, 4319563.493, 107
Trd, 4319563.543, 102
Trd, 4319565.143, 126
Trd, 4319565.393, 125
Trd, 4319565.793, 140
Trd, 4319566.093, 121
Trd, 4319566.243, 116
Trd, 4319567.243, 140
Trd, 4319569.893, 140
Trd, 4319570.143, 140
Trd, 4319571.243, 140
Trd, 4319571.993, 121
Trd, 4319572.143, 115
Trd, 4319572.593, 116
Trd, 4319572.793, 115
Trd, 4319574.693, 116
Trd, 4319575.143, 117
Trd, 4319575.643, 140
Trd, 4319576.693, 124
Trd, 4319576.893, 123
Trd, 4319577.993, 139
Trd, 4319578.043, 126
Trd, 4319579.093, 139
Trd, 4319579.293, 114
Trd, 4319580.993, 85
Trd, 4319581.543, 104
Trd, 4319581.943, 65
Trd, 4319582.393, 84
Trd, 4319583.393, 75
Trd, 4319584.793, 92
Trd, 4319585.393, 100
Trd, 4319586.193, 99
Trd, 4319586.793, 89
Trd, 4319587.093, 93
Trd, 4319587.343, 91
Trd, 4319588.743, 93
Trd, 4319589.993, 140
Trd, 4319591.193, 96
Trd, 4319591.793, 132
Trd, 4319592.093, 94
Trd, 4319592.343, 93
Trd, 4319595.093, 103
Trd, 4319595.143, 99
Trd, 4319595.593, 140
Trd, 4319595.743, 116
Trd, 4319597.093, 119
Trd, 4319597.643, 110
Trd, 4319598.643, 140
Trd, 4319599.643, 139
Trd, 4319599.693, 138
Trd, 4319599.893, 109
Trd, 4319600.393, 103
Trd, 4319601.743, 82
Trd, 4319602.543, 114
Trd, 4319603.043, 94
Trd, 4319603.343, 100
Trd, 4319605.093, 88
Trd, 4319606.243, 114
Trd, 4319606.343, 112
Trd, 4319606.993, 140
Trd, 4319607.343, 89
Trd, 4319609.193, 133
Trd, 4319609.893, 87
Trd, 4319610.593, 83
Trd, 4319610.893, 81
Trd, 4319612.943, 100
Trd, 4319613.093, 104
Trd, 4319613.643, 96
Trd, 4319613.693, 88
Trd, 4319614.293, 138
Trd, 4319614.343, 116
Trd, 4319617.693, 140
Trd, 4319618.243, 140
Trd, 4319618.293, 140
Trd, 4319618.993, 140
Trd, 4319620.293, 140
Trd, 4319620.393, 139
Trd, 4319620.943, 123
Trd, 4319622.293, 140
Trd, 4319622.643, 139
Trd, 4319625.043, 109
Trd, 4319625.193, 106
Trd, 4319625.443, 105
Trd, 4319626.693, 100
Trd, 4319627.793, 107
Trd, 4319628.293, 130
Trd, 4319628.343, 104
Trd, 4319629.343, 139
Trd, 4319629.943, 140
Trd, 4319631.843, 140
Trd, 4319632.193, 125
Trd, 4319633.243, 124
Trd, 4319633.493, 119
Trd, 4319634.143, 102
Trd, 4319635.543, 140
Trd, 4319635.943, 140
Trd, 4319636.093, 119
Trd, 4319637.293, 121
Trd, 4319637.593, 116
Trd, 4319637.843, 103
Trd, 4319639.793, 129
Trd, 4319640.143, 128
Trd, 4319640.293, 128
Trd, 4319640.343, 127
Trd, 4319642.393, 67
Trd, 4319642.543, 75
Trd, 4319643.293, 109
Trd, 4319643.543, 140
Trd, 4319643.843, 120
Trd, 4319644.693, 121
Trd, 4319647.243, 114
Trd, 4319647.293, 113
Trd, 4319647.843, 104
Trd, 4319648.293, 110
Trd, 4319648.493, 97
Trd, 4319648.943, 80
Trd, 4319649.343, 69
Trd, 4319649.543, 92
Trd, 4319649.693, 139
Trd, 4319651.293, 83
Trd, 4319651.593, 94
Trd, 4319653.443, 71
Trd, 4319654.743, 109
Trd, 4319655.343, 81
Trd, 4319655.843, 80
Trd, 4319656.443, 113
Trd, 4319657.143, 81
Trd, 4319657.943, 112
Trd, 4319659.143, 112
Trd, 4319660.343, 118
Trd, 4319661.093, 96
Trd, 4319661.343, 124
Trd, 4319662.143, 109
Trd, 4319662.443, 108
Trd, 4319663.043, 140
Trd, 4319663.193, 140
Trd, 4319663.243, 119
Trd, 4319665.893, 61
Trd, 4319667.643, 86
Trd, 4319668.043, 70
Trd, 4319668.893, 103
Trd, 4319669.243, 75
Trd, 4319669.593, 108
Trd, 4319670.493, 97
Trd, 4319670.743, 87
Trd, 4319671.143, 92
Trd, 4319671.243, 91
Trd, 4319672.743, 140
Trd, 4319673.943, 140
Trd, 4319674.243, 140
Trd, 4319675.143, 122
Trd, 4319676.443, 139
Trd, 4319676.593, 111
Trd, 4319676.693, 106
Trd, 4319676.943, 106
Trd, 4319677.843, 139
Trd, 4319679.843, 140
Trd, 4319679.993, 140
Trd, 4319680.343, 140
Trd, 4319680.893, 123
Trd, 4319682.443, 128
Trd, 4319682.943, 138
Trd, 4319683.043, 127
Trd, 4319683.593, 140
Trd, 4319684.293, 120
Trd, 4319685.043, 118
Trd, 4319685.193, 108
Trd, 4319686.643, 140
Trd, 4319686.993, 140
Trd, 4319687.593, 140
Trd, 4319687.993, 107
Trd, 4319688.743, 101
Trd, 4319688.793, 97
Trd, 4319692.443, 140
Trd, 4319692.993, 118
Trd, 4319693.693, 140
Trd, 4319694.243, 140
Trd, 4319694.293, 119
Trd, 4319694.543, 116
Trd, 4319694.993, 118
Trd, 4319695.443, 111
Trd, 4319695.893, 140
Trd, 4319695.993, 107
Trd, 4319696.443, 94
Trd, 4319696.893, 92
Trd, 4319697.243, 91
Trd, 4319699.493, 140
Trd, 4319700.343, 140
Trd, 4319700.993, 140
Trd, 4319701.243, 122
Trd, 4319701.793, 115
Trd, 4319702.293, 113
Trd, 4319704.543, 140
Trd, 4319705.693, 140
Trd, 4319706.043, 140
Trd, 4319706.143, 140
Trd, 4319706.443, 140
Trd, 4319706.793, 137
Trd, 4319706.893, 115
Trd, 4319708.543, 131
Trd, 4319708.943, 129
Trd, 4319709.243, 129
Trd, 4319710.493, 135
Trd, 4319710.543, 119
Trd, 4319712.493, 90
Trd, 4319712.843, 110
Trd, 4319713.593, 140
Trd, 4319714.743, 140
Trd, 4319715.143, 140
Trd, 4319715.393, 140
Trd, 4319716.243, 140
Trd, 4319717.243, 108
Trd, 4319718.093, 109
Trd, 4319718.293, 107
Trd, 4319719.343, 112
Trd, 4319719.543, 109
Trd, 4319720.743, 140
Trd, 4319721.393, 122
Trd, 4319721.493, 116
Trd, 4319721.943, 140
Trd, 4319722.293, 137
Trd, 4319724.143, 107
Trd, 4319725.243, 115
Trd, 4319725.543, 136
Trd, 4319727.193, 120
Trd, 4319727.343, 120
Trd, 4319727.393, 119
Trd, 4319727.693, 102
Trd, 4319727.993, 139
Trd, 4319728.943, 134
Trd, 4319729.243, 102
Trd, 4319731.893, 100
Trd, 4319732.093, 136
Trd, 4319732.143, 96
Trd, 4319732.393, 82
Trd, 4319734.143, 77
Trd, 4319735.693, 61
Trd, 4319735.793, 69
Trd, 4319736.443, 66
Trd, 4319736.743, 100
Trd, 4319738.193, 65
Trd, 4319738.593, 70
Trd, 4319740.043, 84
Trd, 4319740.443, 76
Trd, 4319743.043, 116
Trd, 4319743.343, 96
Trd, 4319744.093, 111
Trd, 4319744.143, 92
Trd, 4319745.043, 92
Trd, 4319745.443, 134
Trd, 4319745.693, 89
Trd, 4319746.243, 139
Trd, 4319746.743, 139
Trd, 4319748.043, 71
Trd, 4319748.943, 60
Trd, 4319751.493, 123
Trd, 4319751.643, 121
Trd, 4319752.393, 109
Trd, 4319752.693, 100
Trd, 4319753.843, 140
Trd, 4319754.143, 118
Trd, 4319755.393, 119
Trd, 4319756.043, 118
Trd, 4319757.343, 140
Trd, 4319758.043, 140
Trd, 4319758.743, 108
Trd, 4319759.543, 102
Trd, 4319759.643, 101
Trd, 4319760.193, 102
Trd, 4319760.743, 95
Trd, 4319761.243, 136
Trd, 4319761.693, 94
Trd, 4319762.393, 78
Trd, 4319763.393, 102
Trd, 4319764.443, 108
Trd, 4319765.793, 79
Trd, 4319766.143, 70
Trd, 4319767.493, 135
Trd, 4319768.993, 136
Trd, 4319769.793, 140
Trd, 4319770.543, 139
Trd, 4319771.443, 140
Trd, 4319771.743, 120
Trd, 4319771.843, 117
Trd, 4319771.893, 108
Trd, 4319772.443, 107
Trd, 4319773.343, 122
Trd, 4319774.243, 140
Trd, 4319774.993, 140
Trd, 4319775.243, 140
Trd, 4319776.443, 116
Trd, 4319778.293, 137
Trd, 4319778.643, 115
Trd, 4319779.343, 91
Trd, 4319780.793, 125
Trd, 4319780.993, 133
Trd, 4319781.493, 109
Trd, 4319782.793, 99
Trd, 4319782.943, 98
Trd, 4319783.293, 95
Trd, 4319783.493, 140
Trd, 4319784.293, 118
Trd, 4319785.093, 89
Trd, 4319785.143, 87
Trd, 4319785.393, 114
Trd, 4319787.443, 82
Trd, 4319787.493, 81
Trd, 4319790.543, 140
Trd, 4319790.693, 140
Trd, 4319790.743, 140
Trd, 4319791.493, 140
Trd, 4319792.043, 112
Trd, 4319793.593, 72
Trd, 4319793.643, 68
Trd, 4319795.293, 63
Trd, 4319795.343, 83
Trd, 4319795.743, 109
Trd, 4319796.193, 140
Trd, 4319796.793, 65
Trd, 4319797.543, 99
Trd, 4319799.193, 123
Trd, 4319799.393, 98
Trd, 4319800.443, 107
Trd, 4319800.993, 133
Trd, 4319801.393, 116
Trd, 4319802.693, 111
Trd, 4319803.193, 97
Trd, 4319803.443, 94
Trd, 4319805.343, 93
Trd, 4319806.293, 60
Trd, 4319806.893, 61
Trd, 4319807.393, 79
Trd, 4319807.693, 89
Trd, 4319810.043, 101
Trd, 4319810.193, 104
Trd, 4319810.393, 102
Trd, 4319811.843, 108
Trd, 4319812.943, 112
Trd, 4319814.293, 109
Trd, 4319815.293, 121
Trd, 4319816.193, 102
Trd, 4319816.993, 110
Trd, 4319817.793, 108
Trd, 4319818.343, 140
Trd, 4319819.643, 138
Trd, 4319820.093, 120
Trd, 4319820.993, 107
Trd, 4319821.893, 140
Trd, 4319823.143, 87
Trd, 4319823.493, 77
Trd, 4319824.943, 72
Trd, 4319825.743, 71
Trd, 4319826.343, 140
Trd, 4319827.993, 66
Trd, 4319828.243, 66
Trd, 4319828.693, 98
Trd, 4319829.943, 67
Trd, 4319831.193, 140
Trd, 4319831.693, 140
Trd, 4319833.193, 140
Trd, 4319833.443, 140
Trd, 4319833.893, 140
Trd, 4319835.393, 139
Trd, 4319836.293, 104
Trd, 4319836.493, 86
Trd, 4319836.693, 84
Trd, 4319837.693, 62
Trd, 4319838.493, 98
Trd, 4319840.043, 65
Trd, 4319840.843, 68
Trd, 4319841.843, 63
Trd, 4319843.093, 131
Trd, 4319845.093, 140
Trd, 4319845.193, 140
Trd, 4319847.093, 140
Trd, 4319847.693, 140
Trd, 4319848.043, 140
Trd, 4319848.193, 140
Trd, 4319848.693, 138
Trd, 4319848.743, 137
Trd, 4319849.343, 122
Trd, 4319849.393, 109
Trd, 4319849.743, 103
Trd, 4319850.093, 103
Trd, 4319850.793, 101
Trd, 4319851.893, 82
Trd, 4319852.543, 138
Trd, 4319853.143, 139
Trd, 4319854.843, 63
Trd, 4319855.343, 72
Trd, 4319856.693, 86
Trd, 4319857.143, 109
Trd, 4319857.493, 81
Trd, 4319858.043, 82
Trd, 4319858.943, 112
Trd, 4319859.193, 120
Trd, 4319860.993, 140
Trd, 4319862.243, 88
Trd, 4319863.393, 110
Trd, 4319863.643, 98
Trd, 4319863.843, 95
Trd, 4319864.493, 108
Trd, 4319864.993, 89
Trd, 4319867.293, 91
Trd, 4319867.643, 84
Trd, 4319868.143, 87
Trd, 4319869.193, 95
Trd, 4319869.743, 80
Trd, 4319870.343, 140
Trd, 4319870.593, 139
Trd, 4319870.743, 133
Trd, 4319870.993, 108
Trd, 4319871.543, 75
Trd, 4319871.893, 88
Trd, 4319872.243, 88
Trd, 4319873.943, 70
Trd, 4319876.693, 61
Trd, 4319877.043, 68
Trd, 4319877.593, 70
Trd, 4319878.043, 61
Trd, 4319879.393, 93
Trd, 4319879.593, 97
Trd, 4319881.243, 124
Trd, 4319881.793, 124
Trd, 4319882.693, 118
Trd, 4319882.893, 117
Trd, 4319883.093, 126
Trd, 4319885.193, 121
Trd, 4319885.443, 97
Trd, 4319887.443, 110
Trd, 4319888.843, 118
Trd, 4319888.993, 99
Trd, 4319889.093, 92
Trd, 4319889.793, 96
Trd, 4319891.243, 106
Trd, 4319891.693, 103
Trd, 4319892.143, 135
Trd, 4319892.793, 100
Trd, 4319893.443, 97
Trd, 4319895.193, 117
Trd, 4319896.093, 140
Trd, 4319897.193, 73
Trd, 4319897.293, 72
Trd, 4319899.543, 81
Trd, 4319899.993, 108
Trd, 4319900.243, 82
Trd, 4319900.493, 82
Trd, 4319901.543, 96
Trd, 4319902.643, 98
Trd, 4319903.443, 140
Trd, 4319904.343, 140
Trd, 4319905.293, 110
Trd, 4319905.693, 140
Trd, 4319906.243, 101
Trd, 4319906.493, 140
Trd, 4319907.893, 95
Trd, 4319908.043, 102
Trd, 4319909.143, 94
Trd, 4319909.543, 120
Trd, 4319910.093, 99
Trd, 4319910.593, 136
Trd, 4319912.443, 130
Trd, 4319913.343, 140
Trd, 4319914.193, 137
Trd, 4319914.443, 117
Trd, 4319914.593, 101
Trd, 4319915.543, 92
Trd, 4319916.543, 91
Trd, 4319916.743, 90
Trd, 4319917.493, 90
Trd, 4319918.093, 80
Trd, 4319918.343, 66
Trd, 4319918.543, 115
Trd, 4319919.093, 65
Trd, 4319919.493, 140
Trd, 4319921.743, 140
Trd, 4319921.993, 136
Trd, 4319922.143, 77
Trd, 4319923.993, 124
Trd, 4319924.543, 97
Trd, 4319925.143, 140
Trd, 4319926.243, 140
Trd, 4319926.293, 124
Trd, 4319928.343, 140
Trd, 4319928.593, 140
Trd, 4319929.293, 106
Trd, 4319929.693, 97
Trd, 4319931.393, 102
Trd, 4319931.693, 102
Trd, 4319931.893, 98
Trd, 4319933.243, 140
Trd, 4319933.593, 140
Trd, 4319933.943, 104
Trd, 4319935.493, 140
Trd, 4319935.943, 140
Trd, 4319937.093, 140
Trd, 4319937.193, 138
Trd, 4319937.443, 139
Trd, 4319938.843, 139
Trd, 4319939.143, 122
Trd, 4319939.443, 114
Trd, 4319939.793, 111
Trd, 4319941.193, 139
Trd, 4319941.993, 138
Trd, 4319942.243, 140
Trd, 4319942.993, 119
Trd, 4319943.143, 109
Trd, 4319944.043, 107
Trd, 4319945.843, 108
Trd, 4319946.643, 107
Trd, 4319946.843, 139
Trd, 4319948.143, 121
Trd, 4319948.793, 115
Trd, 4319948.843, 102
Trd, 4319948.993, 94
Trd, 4319950.093, 139
Trd, 4319950.893, 137
Trd, 4319953.643, 63
Trd, 4319954.093, 64
Trd, 4319954.743, 72
Trd, 4319954.843, 107
Trd, 4319956.143, 132
Trd, 4319956.243, 95
Trd, 4319956.443, 87
Trd, 4319957.093, 120
Trd, 4319957.193, 85
Trd, 4319957.643, 105
Trd, 4319958.743, 140
Trd, 4319959.693, 85
Trd, 4319960.093, 131
Trd, 4319960.393, 95
Trd, 4319961.443, 84
Trd, 4319963.443, 93
Trd, 4319965.343, 113
Trd, 4319965.493, 139
Trd, 4319966.343, 126
Trd, 4319966.543, 114
Trd, 4319967.843, 120
Trd, 4319968.093, 119
Trd, 4319968.593, 91
Trd, 4319969.243, 88
Trd, 4319970.843, 140
Trd, 4319971.793, 108
Trd, 4319973.393, 140
Trd, 4319973.793, 139
Trd, 4319974.193, 115
Trd, 4319974.843, 102
Trd, 4319976.093, 113
Trd, 4319976.593, 105
Trd, 4319976.693, 102
Trd, 4319977.243, 82
Trd, 4319977.293, 115
Trd, 4319977.993, 70
Trd, 4319979.543, 93
Trd, 4319979.743, 92
Trd, 4319979.893, 88
Trd, 4319981.543, 96
Trd, 4319982.593, 103
Trd, 4319983.093, 102
Trd, 4319983.293, 100
Trd, 4319983.343, 99
Trd, 4319984.193, 65
Trd, 4319984.493, 140
Trd, 4319985.043, 114
Trd, 4319986.343, 74
Trd, 4319989.393, 87
Trd, 4319990.093, 74
Trd, 4319990.143, 73
Trd, 4319991.493, 74
Trd, 4319991.593, 89
Trd, 4319991.693, 69
Trd, 4319992.993, 68
Trd, 4319993.843, 66
Trd, 4319994.543, 136
Trd, 4319995.393, 140
Trd, 4319996.893, 122
Trd, 4319997.293, 121
Trd, 4319997.343, 112
Trd, 4319997.593, 112
Trd, 4319999.843, 140
