Trd, 4318164.943, 63
Trd, 4318165.843, 62
Trd, 4318167.693, 60
Trd, 4318167.793, 63
Trd, 4318167.943, 78
Trd, 4318168.443, 82
Trd, 4318169.643, 61
Trd, 4318170.493, 60
Trd, 4318171.193, 60
Trd, 4318172.243, 61
Trd, 4318172.543, 62
Trd, 4318173.143, 65
Trd, 4318173.543, 61
Trd, 4318174.593, 77
Trd, 4318175.043, 80
Trd, 4318175.143, 66
Trd, 4318175.843, 61
Trd, 4318177.243, 60
Trd, 4318178.743, 69
Trd, 4318178.943, 72
Trd, 4318179.443, 65
Trd, 4318179.893, 88
Trd, 4318182.193, 60
Trd, 4318182.393, 74
Trd, 4318184.243, 82
Trd, 4318184.993, 64
Trd, 4318185.143, 69
Trd, 4318185.293, 65
Trd, 4318185.643, 62
Trd, 4318185.743, 68
Trd, 4318186.643, 62
Trd, 4318187.693, 85
Trd, 4318188.193, 75
Trd, 4318188.343, 74
Trd, 4318189.243, 72
Trd, 4318189.843, 140
Trd, 4318190.143, 128
Trd, 4318190.543, 121
Trd, 4318191.243, 102
Trd, 4318191.693, 88
Trd, 4318191.993, 108
Trd, 4318192.243, 84
Trd, 4318192.543, 127
Trd, 4318193.993, 61
Trd, 4318195.293, 65
Trd, 4318195.393, 72
Trd, 4318195.793, 61
Trd, 4318196.543, 61
Trd, 4318197.043, 70
Trd, 4318198.443, 63
Trd, 4318198.693, 66
Trd, 4318199.393, 73
Trd, 4318200.743, 69
Trd, 4318201.693, 77
Trd, 4318202.093, 77
Trd, 4318202.943, 90
Trd, 4318203.143, 119
Trd, 4318203.643, 79
Trd, 4318204.793, 113
Trd, 4318204.943, 135
Trd, 4318205.493, 118
Trd, 4318206.093, 111
Trd, 4318206.243, 112
Trd, 4318206.493, 110
Trd, 4318207.643, 101
Trd, 4318208.443, 81
Trd, 4318210.643, 60
Trd, 4318211.193, 60
Trd, 4318212.293, 61
Trd, 4318212.443, 62
Trd, 4318212.793, 77
Trd, 4318214.643, 94
Trd, 4318215.043, 92
Trd, 4318215.793, 64
Trd, 4318217.343, 61
Trd, 4318217.793, 63
Trd, 4318218.893, 65
Trd, 4318219.593, 65
Trd, 4318219.743, 91
Trd, 4318220.343, 137
Trd, 4318220.893, 135
Trd, 4318221.643, 132
Trd, 4318222.393, 120
Trd, 4318222.743, 117
Trd, 4318224.143, 123
Trd, 4318224.543, 121
Trd, 4318224.893, 139
Trd, 4318224.993, 137
Trd, 4318225.093, 108
Trd, 4318225.643, 105
Trd, 4318226.743, 92
Trd, 4318226.843, 87
Trd, 4318227.593, 73
Trd, 4318228.343, 68
Trd, 4318228.743, 76
Trd, 4318230.093, 89
Trd, 4318230.543, 88
Trd, 4318230.893, 97
Trd, 4318231.293, 62
Trd, 4318231.493, 117
Trd, 4318232.293, 140
Trd, 4318232.493, 136
Trd, 4318234.443, 62
Trd, 4318235.993, 63
Trd, 4318236.443, 61
Trd, 4318237.093, 74
Trd, 4318237.743, 64
Trd, 4318238.593, 82
Trd, 4318239.643, 60
Trd, 4318240.643, 62
Trd, 4318240.743, 63
Trd, 4318240.943, 60
Trd, 4318240.993, 119
Trd, 4318242.893, 60
Trd, 4318243.643, 62
Trd, 4318244.993, 61
Trd, 4318245.743, 62
Trd, 4318246.393, 70
Trd, 4318246.943, 61
Trd, 4318248.443, 60
Trd, 4318249.243, 60
Trd, 4318249.793, 99
Trd, 4318250.243, 104
Trd, 4318250.543, 103
Trd, 4318251.093, 101
Trd, 4318251.993, 127
Trd, 4318252.993, 90
Trd, 4318253.143, 89
Trd, 4318253.343, 84
Trd, 4318253.893, 88
Trd, 4318255.043, 68
Trd, 4318255.193, 83
Trd, 4318255.893, 61
Trd, 4318256.793, 127
Trd, 4318257.643, 102
Trd, 4318258.193, 66
Trd, 4318258.243, 67
Trd, 4318259.393, 66
Trd, 4318260.793, 68
Trd, 4318261.593, 73
Trd, 4318261.843, 66
Trd, 4318262.093, 77
Trd, 4318262.393, 66
Trd, 4318262.793, 78
Trd, 4318262.893, 116
Trd, 4318264.193, 62
Trd, 4318265.393, 70
Trd, 4318265.893, 66
Trd, 4318266.543, 126
Trd, 4318267.243, 67
Trd, 4318267.743, 116
Trd, 4318268.543, 63
Trd, 4318269.543, 90
Trd, 4318269.943, 72
Trd, 4318270.693, 60
Trd, 4318271.743, 60
Trd, 4318271.943, 62
Trd, 4318272.493, 64
Trd, 4318273.393, 66
Trd, 4318273.643, 68
Trd, 4318274.443, 128
Trd, 4318275.693, 75
Trd, 4318275.893, 74
Trd, 4318276.843, 110
Trd, 4318276.893, 109
Trd, 4318277.393, 61
Trd, 4318278.643, 81
Trd, 4318280.043, 114
Trd, 4318280.143, 113
Trd, 4318280.793, 140
Trd, 4318281.443, 106
Trd, 4318281.993, 92
Trd, 4318282.043, 91
Trd, 4318283.593, 70
Trd, 4318284.343, 76
Trd, 4318285.643, 89
Trd, 4318285.843, 77
Trd, 4318286.043, 62
Trd, 4318286.893, 140
Trd, 4318287.043, 138
Trd, 4318287.143, 137
Trd, 4318287.843, 129
Trd, 4318288.343, 137
Trd, 4318288.693, 108
Trd, 4318290.093, 114
Trd, 4318291.943, 77
Trd, 4318292.593, 63
Trd, 4318292.643, 84
Trd, 4318293.343, 62
Trd, 4318293.893, 72
Trd, 4318296.493, 61
Trd, 4318297.293, 63
Trd, 4318298.343, 73
Trd, 4318298.443, 73
Trd, 4318298.843, 74
Trd, 4318299.943, 62
Trd, 4318300.343, 67
Trd, 4318300.493, 69
Trd, 4318300.643, 84
Trd, 4318300.843, 138
Trd, 4318301.043, 61
Trd, 4318303.193, 61
Trd, 4318303.393, 71
Trd, 4318304.993, 130
Trd, 4318305.393, 123
Trd, 4318305.443, 120
Trd, 4318305.743, 91
Trd, 4318306.193, 111
Trd, 4318307.643, 98
Trd, 4318308.143, 122
Trd, 4318309.693, 118
Trd, 4318310.293, 140
Trd, 4318310.943, 132
Trd, 4318311.893, 134
Trd, 4318312.793, 119
Trd, 4318313.593, 139
Trd, 4318315.193, 136
Trd, 4318315.343, 132
Trd, 4318315.443, 121
Trd, 4318315.693, 114
Trd, 4318316.343, 63
Trd, 4318316.943, 63
Trd, 4318318.343, 62
Trd, 4318318.793, 67
Trd, 4318319.393, 80
Trd, 4318319.993, 103
Trd, 4318320.243, 102
Trd, 4318320.293, 102
Trd, 4318320.843, 126
Trd, 4318322.743, 114
Trd, 4318322.893, 114
Trd, 4318322.943, 100
Trd, 4318323.743, 101
Trd, 4318324.893, 100
Trd, 4318325.643, 91
Trd, 4318326.093, 65
Trd, 4318326.393, 107
Trd, 4318326.693, 61
Trd, 4318327.193, 75
Trd, 4318327.893, 65
Trd, 4318328.493, 111
Trd, 4318328.943, 97
Trd, 4318329.143, 89
Trd, 4318329.243, 87
Trd, 4318331.093, 62
Trd, 4318331.693, 60
Trd, 4318332.743, 62
Trd, 4318332.893, 64
Trd, 4318334.593, 61
Trd, 4318335.643, 62
Trd, 4318335.693, 75
Trd, 4318336.093, 64
Trd, 4318338.693, 60
Trd, 4318339.043, 79
Trd, 4318339.843, 61
Trd, 4318340.293, 62
Trd, 4318341.743, 65
Trd, 4318342.143, 60
Trd, 4318342.493, 64
Trd, 4318343.693, 79
Trd, 4318344.243, 61
Trd, 4318345.743, 62
Trd, 4318346.193, 67
Trd, 4318346.543, 68
Trd, 4318346.643, 83
Trd, 4318347.193, 124
Trd, 4318347.343, 88
Trd, 4318347.443, 65
Trd, 4318347.893, 138
Trd, 4318348.143, 121
Trd, 4318349.793, 61
Trd, 4318351.293, 60
Trd, 4318351.843, 61
Trd, 4318353.343, 70
Trd, 4318353.593, 71
Trd, 4318353.643, 83
Trd, 4318354.143, 96
Trd, 4318355.693, 72
Trd, 4318356.143, 139
Trd, 4318356.393, 73
Trd, 4318358.443, 78
Trd, 4318359.793, 61
Trd, 4318360.293, 105
Trd, 4318360.993, 82
Trd, 4318361.393, 89
Trd, 4318362.443, 133
Trd, 4318362.643, 112
Trd, 4318362.743, 111
Trd, 4318363.893, 128
Trd, 4318364.243, 112
Trd, 4318365.093, 113
Trd, 4318365.593, 97
Trd, 4318365.743, 113
Trd, 4318366.343, 112
Trd, 4318367.893, 60
Trd, 4318368.493, 69
Trd, 4318369.943, 72
Trd, 4318370.193, 64
Trd, 4318371.193, 69
Trd, 4318371.293, 67
Trd, 4318372.193, 84
Trd, 4318373.043, 140
Trd, 4318373.693, 137
Trd, 4318373.743, 137
Trd, 4318374.143, 131
Trd, 4318374.193, 122
Trd, 4318374.293, 108
Trd, 4318375.743, 138
Trd, 4318376.443, 111
Trd, 4318376.543, 114
Trd, 4318377.443, 110
Trd, 4318378.693, 107
Trd, 4318379.043, 93
Trd, 4318379.143, 92
Trd, 4318379.343, 88
Trd, 4318379.793, 101
Trd, 4318381.043, 121
Trd, 4318381.543, 120
Trd, 4318381.943, 98
Trd, 4318382.093, 97
Trd, 4318382.193, 104
Trd, 4318383.343, 87
Trd, 4318383.793, 60
Trd, 4318384.143, 66
Trd, 4318384.693, 89
Trd, 4318385.043, 92
Trd, 4318385.193, 81
Trd, 4318386.093, 83
Trd, 4318386.293, 81
Trd, 4318387.393, 66
Trd, 4318388.693, 61
Trd, 4318389.493, 63
Trd, 4318390.043, 65
Trd, 4318390.743, 62
Trd, 4318391.293, 77
Trd, 4318392.243, 88
Trd, 4318393.043, 74
Trd, 4318393.643, 125
Trd, 4318394.093, 117
Trd, 4318394.943, 79
Trd, 4318394.993, 75
Trd, 4318396.093, 86
Trd, 4318396.243, 74
Trd, 4318397.493, 60
Trd, 4318398.093, 62
Trd, 4318398.843, 68
Trd, 4318399.093, 78
Trd, 4318400.643, 114
Trd, 4318400.993, 113
Trd, 4318401.143, 111
Trd, 4318401.293, 103
Trd, 4318401.643, 118
Trd, 4318401.843, 136
Trd, 4318403.193, 115
Trd, 4318403.843, 102
Trd, 4318404.593, 101
Trd, 4318404.843, 97
Trd, 4318405.643, 99
Trd, 4318405.993, 85
Trd, 4318407.693, 71
Trd, 4318408.143, 86
Trd, 4318408.393, 93
Trd, 4318409.343, 109
Trd, 4318409.443, 108
Trd, 4318409.893, 98
Trd, 4318410.043, 69
Trd, 4318410.993, 91
Trd, 4318411.343, 90
Trd, 4318411.843, 63
Trd, 4318412.243, 85
Trd, 4318412.593, 66
Trd, 4318414.093, 83
Trd, 4318414.643, 83
Trd, 4318415.243, 96
Trd, 4318415.743, 139
Trd, 4318415.893, 136
Trd, 4318416.093, 84
Trd, 4318416.543, 64
Trd, 4318417.193, 63
Trd, 4318417.593, 135
Trd, 4318418.043, 118
Trd, 4318418.643, 70
Trd, 4318419.543, 140
Trd, 4318422.243, 67
Trd, 4318422.393, 78
Trd, 4318423.193, 76
Trd, 4318423.243, 75
Trd, 4318424.093, 101
Trd, 4318424.393, 99
Trd, 4318425.043, 137
Trd, 4318425.343, 92
Trd, 4318426.043, 112
Trd, 4318426.093, 111
Trd, 4318426.443, 93
Trd, 4318427.393, 60
Trd, 4318428.393, 140
Trd, 4318428.643, 139
Trd, 4318429.493, 136
Trd, 4318429.843, 122
Trd, 4318429.893, 106
Trd, 4318430.343, 128
Trd, 4318430.393, 125
Trd, 4318431.793, 135
Trd, 4318432.093, 115
Trd, 4318432.743, 124
Trd, 4318433.543, 94
Trd, 4318433.993, 99
Trd, 4318434.693, 89
Trd, 4318434.943, 78
Trd, 4318435.693, 74
Trd, 4318435.893, 64
Trd, 4318436.843, 64
Trd, 4318437.543, 140
Trd, 4318438.593, 116
Trd, 4318439.893, 140
Trd, 4318440.043, 139
Trd, 4318440.293, 136
Trd, 4318440.693, 133
Trd, 4318440.793, 115
Trd, 4318442.093, 139
Trd, 4318442.193, 136
Trd, 4318442.693, 133
Trd, 4318443.143, 132
Trd, 4318445.393, 140
Trd, 4318445.693, 137
Trd, 4318445.893, 107
Trd, 4318445.993, 107
Trd, 4318446.793, 79
Trd, 4318447.243, 77
Trd, 4318448.643, 73
Trd, 4318448.993, 75
Trd, 4318449.693, 85
Trd, 4318450.443, 140
Trd, 4318451.093, 98
Trd, 4318451.743, 80
Trd, 4318451.943, 65
Trd, 4318452.143, 140
Trd, 4318453.293, 63
Trd, 4318454.143, 98
Trd, 4318454.893, 64
Trd, 4318455.643, 68
Trd, 4318456.293, 69
Trd, 4318456.493, 79
Trd, 4318456.793, 80
Trd, 4318457.443, 68
Trd, 4318459.743, 60
Trd, 4318460.043, 66
Trd, 4318460.443, 60
Trd, 4318461.043, 68
Trd, 4318461.593, 69
Trd, 4318462.743, 134
Trd, 4318463.393, 133
Trd, 4318463.493, 132
Trd, 4318464.243, 140
Trd, 4318464.593, 105
Trd, 4318465.143, 118
Trd, 4318465.243, 129
Trd, 4318468.293, 61
Trd, 4318468.793, 63
Trd, 4318469.043, 67
Trd, 4318470.693, 60
Trd, 4318471.293, 65
Trd, 4318471.393, 83
Trd, 4318472.393, 76
Trd, 4318473.343, 74
Trd, 4318473.543, 72
Trd, 4318474.293, 139
Trd, 4318475.343, 90
Trd, 4318475.393, 82
Trd, 4318475.843, 97
Trd, 4318476.593, 131
Trd, 4318477.893, 136
Trd, 4318478.243, 134
Trd, 4318478.743, 132
Trd, 4318479.343, 130
Trd, 4318480.793, 130
Trd, 4318480.893, 127
Trd, 4318481.093, 126
Trd, 4318481.393, 139
Trd, 4318481.593, 123
Trd, 4318481.943, 71
Trd, 4318483.043, 139
Trd, 4318484.993, 111
Trd, 4318485.193, 110
Trd, 4318486.143, 67
Trd, 4318487.143, 87
Trd, 4318487.893, 67
Trd, 4318488.143, 84
Trd, 4318488.793, 140
Trd, 4318489.993, 140
Trd, 4318490.343, 123
Trd, 4318490.443, 88
Trd, 4318491.793, 70
Trd, 4318493.393, 140
Trd, 4318494.043, 139
Trd, 4318494.093, 137
Trd, 4318494.743, 115
Trd, 4318495.243, 110
Trd, 4318496.743, 137
Trd, 4318496.943, 124
Trd, 4318497.193, 121
Trd, 4318497.493, 122
Trd, 4318497.743, 107
Trd, 4318497.893, 90
Trd, 4318498.543, 107
Trd, 4318499.493, 99
Trd, 4318500.293, 63
Trd, 4318501.543, 88
Trd, 4318502.193, 84
Trd, 4318502.443, 68
Trd, 4318502.593, 140
Trd, 4318502.693, 65
Trd, 4318504.393, 65
Trd, 4318504.793, 90
Trd, 4318505.193, 69
Trd, 4318506.243, 65
Trd, 4318506.293, 63
Trd, 4318507.693, 99
Trd, 4318508.093, 64
Trd, 4318509.093, 138
Trd, 4318509.793, 67
Trd, 4318511.643, 138
Trd, 4318511.893, 113
Trd, 4318512.043, 135
Trd, 4318512.093, 103
Trd, 4318512.143, 99
Trd, 4318512.743, 140
Trd, 4318513.393, 136
Trd, 4318513.743, 122
Trd, 4318513.993, 104
Trd, 4318514.593, 67
Trd, 4318515.793, 65
Trd, 4318516.743, 61
Trd, 4318517.593, 61
Trd, 4318518.443, 78
Trd, 4318519.043, 75
Trd, 4318520.143, 74
Trd, 4318520.293, 73
Trd, 4318520.493, 76
Trd, 4318521.893, 68
Trd, 4318522.993, 60
Trd, 4318523.493, 60
Trd, 4318524.993, 90
Trd, 4318525.293, 107
Trd, 4318525.743, 76
Trd, 4318525.843, 73
Trd, 4318526.393, 96
Trd, 4318527.693, 67
Trd, 4318528.493, 62
Trd, 4318528.643, 61
Trd, 4318528.793, 73
Trd, 4318529.643, 61
Trd, 4318529.843, 92
Trd, 4318530.693, 71
Trd, 4318531.443, 117
Trd, 4318531.943, 102
Trd, 4318532.593, 90
Trd, 4318532.843, 88
Trd, 4318535.393, 61
Trd, 4318535.543, 64
Trd, 4318536.443, 63
Trd, 4318537.793, 64
Trd, 4318538.543, 68
Trd, 4318539.443, 68
Trd, 4318539.743, 104
Trd, 4318540.893, 62
Trd, 4318541.043, 90
Trd, 4318541.743, 100
Trd, 4318542.693, 62
Trd, 4318543.193, 69
Trd, 4318543.343, 64
Trd, 4318543.643, 107
Trd, 4318544.993, 67
Trd, 4318545.093, 81
Trd, 4318545.443, 92
Trd, 4318545.893, 119
Trd, 4318545.943, 131
Trd, 4318546.493, 97
Trd, 4318546.943, 89
Trd, 4318547.743, 61
Trd, 4318550.143, 61
Trd, 4318550.993, 61
Trd, 4318551.793, 64
Trd, 4318552.543, 65
Trd, 4318552.593, 89
Trd, 4318553.793, 83
Trd, 4318555.093, 63
Trd, 4318555.443, 107
Trd, 4318555.743, 123
Trd, 4318556.193, 108
Trd, 4318556.243, 106
Trd, 4318556.393, 105
Trd, 4318557.343, 62
Trd, 4318558.543, 61
Trd, 4318559.493, 74
Trd, 4318559.843, 77
Trd, 4318559.893, 93
Trd, 4318560.993, 97
Trd, 4318561.243, 96
Trd, 4318561.343, 81
Trd, 4318561.943, 79
Trd, 4318562.143, 109
Trd, 4318564.343, 62
Trd, 4318564.493, 64
Trd, 4318565.743, 63
Trd, 4318566.093, 72
Trd, 4318566.393, 86
Trd, 4318566.443, 107
Trd, 4318567.693, 60
Trd, 4318568.293, 60
Trd, 4318569.843, 62
Trd, 4318570.143, 61
Trd, 4318571.443, 61
Trd, 4318571.493, 63
Trd, 4318571.843, 62
Trd, 4318572.993, 68
Trd, 4318574.693, 65
Trd, 4318574.943, 63
Trd, 4318575.443, 65
Trd, 4318575.743, 61
Trd, 4318575.793, 65
Trd, 4318576.493, 78
Trd, 4318577.843, 62
Trd, 4318577.943, 82
Trd, 4318578.093, 84
Trd, 4318578.193, 60
Trd, 4318579.893, 66
Trd, 4318580.293, 90
Trd, 4318581.393, 61
Trd, 4318581.793, 66
Trd, 4318582.393, 67
Trd, 4318583.343, 70
Trd, 4318584.743, 68
Trd, 4318585.743, 64
Trd, 4318586.143, 65
Trd, 4318586.443, 68
Trd, 4318586.843, 77
Trd, 4318587.093, 73
Trd, 4318587.293, 117
Trd, 4318588.543, 66
Trd, 4318588.843, 102
Trd, 4318590.193, 71
Trd, 4318590.293, 76
Trd, 4318591.193, 129
Trd, 4318592.193, 91
Trd, 4318592.393, 90
Trd, 4318592.843, 79
Trd, 4318593.343, 115
Trd, 4318594.743, 136
Trd, 4318595.043, 88
Trd, 4318595.893, 66
Trd, 4318598.793, 62
Trd, 4318599.093, 66
Trd, 4318599.143, 68
Trd, 4318599.893, 73
Trd, 4318601.043, 68
Trd, 4318601.093, 70
Trd, 4318601.743, 96
Trd, 4318601.843, 94
Trd, 4318602.193, 93
Trd, 4318602.243, 104
Trd, 4318602.343, 87
Trd, 4318603.893, 69
Trd, 4318604.243, 69
Trd, 4318604.543, 85
Trd, 4318605.093, 73
Trd, 4318606.043, 66
Trd, 4318607.893, 63
Trd, 4318608.193, 121
Trd, 4318609.443, 66
Trd, 4318609.693, 67
Trd, 4318609.843, 84
Trd, 4318610.093, 72
Trd, 4318610.343, 64
Trd, 4318610.643, 68
Trd, 4318611.543, 112
Trd, 4318612.593, 60
Trd, 4318613.643, 68
Trd, 4318615.293, 67
Trd, 4318615.543, 76
Trd, 4318615.593, 65
Trd, 4318617.843, 60
Trd, 4318617.993, 62
Trd, 4318619.193, 72
Trd, 4318620.293, 61
Trd, 4318620.443, 65
Trd, 4318620.493, 88
Trd, 4318621.293, 140
Trd, 4318622.093, 137
Trd, 4318622.393, 136
Trd, 4318622.793, 126
Trd, 4318623.143, 124
Trd, 4318623.643, 108
Trd, 4318623.693, 95
Trd, 4318625.443, 61
Trd, 4318626.193, 66
Trd, 4318627.543, 66
Trd, 4318627.893, 74
Trd, 4318627.993, 78
Trd, 4318628.293, 68
Trd, 4318629.543, 64
Trd, 4318630.743, 136
Trd, 4318631.043, 140
Trd, 4318631.643, 137
Trd, 4318631.693, 135
Trd, 4318632.243, 82
Trd, 4318632.543, 83
Trd, 4318632.993, 64
Trd, 4318634.093, 63
Trd, 4318634.593, 62
Trd, 4318635.343, 71
Trd, 4318635.843, 75
Trd, 4318636.893, 80
Trd, 4318636.943, 94
Trd, 4318637.093, 76
Trd, 4318637.343, 70
Trd, 4318637.593, 62
Trd, 4318638.493, 61
Trd, 4318640.343, 63
Trd, 4318641.293, 66
Trd, 4318641.343, 65
Trd, 4318642.043, 66
Trd, 4318642.793, 112
Trd, 4318643.143, 97
Trd, 4318643.693, 82
Trd, 4318643.843, 139
Trd, 4318644.443, 138
Trd, 4318644.493, 81
Trd, 4318645.093, 73
Trd, 4318647.193, 60
Trd, 4318647.993, 62
Trd, 4318648.593, 71
Trd, 4318649.043, 92
Trd, 4318649.243, 91
Trd, 4318649.593, 118
Trd, 4318649.743, 92
Trd, 4318650.743, 112
Trd, 4318651.243, 117
Trd, 4318652.593, 126
Trd, 4318652.793, 139
Trd, 4318653.193, 90
Trd, 4318653.743, 93
Trd, 4318654.493, 79
Trd, 4318654.693, 78
Trd, 4318655.093, 76
Trd, 4318656.243, 115
Trd, 4318657.143, 80
Trd, 4318657.393, 80
Trd, 4318658.693, 140
Trd, 4318659.593, 62
Trd, 4318660.643, 63
Trd, 4318663.893, 61
Trd, 4318664.193, 62
Trd, 4318664.643, 63
Trd, 4318665.393, 97
Trd, 4318665.593, 102
Trd, 4318668.393, 60
Trd, 4318668.643, 60
Trd, 4318669.093, 62
Trd, 4318669.293, 63
Trd, 4318669.793, 63
Trd, 4318670.443, 64
Trd, 4318670.893, 70
Trd, 4318671.043, 72
Trd, 4318671.993, 134
Trd, 4318672.493, 130
Trd, 4318672.593, 126
Trd, 4318674.243, 62
Trd, 4318674.443, 62
Trd, 4318676.043, 73
Trd, 4318676.443, 91
Trd, 4318677.393, 79
Trd, 4318677.443, 88
Trd, 4318677.943, 62
Trd, 4318679.693, 77
Trd, 4318681.243, 80
Trd, 4318681.343, 79
Trd, 4318681.393, 99
Trd, 4318682.193, 69
Trd, 4318682.793, 136
Trd, 4318682.843, 106
Trd, 4318683.143, 69
Trd, 4318683.243, 71
Trd, 4318685.093, 119
Trd, 4318685.143, 78
Trd, 4318685.243, 72
Trd, 4318686.743, 62
Trd, 4318688.693, 66
Trd, 4318689.293, 130
Trd, 4318689.343, 113
Trd, 4318689.443, 107
Trd, 4318690.343, 139
Trd, 4318690.493, 136
Trd, 4318690.693, 136
Trd, 4318691.993, 136
Trd, 4318693.393, 138
Trd, 4318693.643, 137
Trd, 4318693.793, 134
Trd, 4318693.893, 133
Trd, 4318694.343, 119
Trd, 4318694.493, 113
Trd, 4318695.043, 136
Trd, 4318696.043, 140
Trd, 4318696.393, 139
Trd, 4318696.443, 138
Trd, 4318697.343, 114
Trd, 4318697.593, 106
Trd, 4318697.993, 88
Trd, 4318698.343, 88
Trd, 4318698.993, 112
Trd, 4318699.393, 114
Trd, 4318700.493, 140
Trd, 4318700.843, 139
Trd, 4318701.443, 137
Trd, 4318701.743, 60
Trd, 4318702.993, 101
Trd, 4318703.093, 90
Trd, 4318703.343, 140
Trd, 4318705.293, 80
Trd, 4318705.643, 64
Trd, 4318706.893, 65
Trd, 4318706.943, 64
Trd, 4318707.343, 137
Trd, 4318707.643, 106
Trd, 4318708.643, 61
Trd, 4318708.843, 66
Trd, 4318709.593, 103
Trd, 4318710.293, 98
Trd, 4318710.493, 78
Trd, 4318711.443, 78
Trd, 4318712.393, 126
Trd, 4318713.493, 66
Trd, 4318713.693, 65
Trd, 4318713.843, 64
Trd, 4318713.893, 78
Trd, 4318713.993, 126
Trd, 4318715.393, 103
Trd, 4318715.843, 73
Trd, 4318716.593, 77
Trd, 4318717.043, 67
Trd, 4318717.193, 123
Trd, 4318719.293, 62
Trd, 4318719.343, 65
Trd, 4318720.393, 76
Trd, 4318720.543, 60
Trd, 4318721.193, 64
Trd, 4318721.743, 123
Trd, 4318722.543, 60
Trd, 4318723.193, 61
Trd, 4318723.993, 139
Trd, 4318724.143, 138
Trd, 4318724.493, 137
Trd, 4318725.643, 127
Trd, 4318725.743, 110
Trd, 4318725.793, 110
Trd, 4318726.893, 62
Trd, 4318728.843, 61
Trd, 4318729.043, 61
Trd, 4318729.193, 63
Trd, 4318729.793, 76
Trd, 4318730.643, 97
Trd, 4318731.143, 101
Trd, 4318731.843, 91
Trd, 4318732.043, 90
Trd, 4318732.143, 80
Trd, 4318732.593, 77
Trd, 4318733.043, 91
Trd, 4318734.993, 127
Trd, 4318735.493, 126
Trd, 4318735.993, 139
Trd, 4318736.443, 121
Trd, 4318736.593, 113
Trd, 4318737.093, 60
Trd, 4318738.143, 61
Trd, 4318739.293, 139
Trd, 4318739.393, 128
Trd, 4318741.993, 65
Trd, 4318742.143, 66
Trd, 4318742.193, 69
Trd, 4318743.093, 64
Trd, 4318743.443, 65
Trd, 4318743.893, 60
Trd, 4318744.143, 79
Trd, 4318744.893, 95
Trd, 4318746.243, 65
Trd, 4318746.343, 104
Trd, 4318746.943, 73
Trd, 4318748.793, 81
Trd, 4318748.943, 82
Trd, 4318749.443, 79
Trd, 4318749.493, 88
Trd, 4318749.693, 105
Trd, 4318750.543, 106
Trd, 4318751.093, 102
Trd, 4318751.443, 98
Trd, 4318752.593, 70
Trd, 4318753.593, 62
Trd, 4318755.443, 78
Trd, 4318755.593, 82
Trd, 4318756.793, 60
Trd, 4318759.193, 66
Trd, 4318759.543, 60
Trd, 4318761.143, 61
Trd, 4318761.743, 64
Trd, 4318762.443, 63
Trd, 4318764.743, 63
Trd, 4318765.393, 119
Trd, 4318766.143, 119
Trd, 4318766.193, 108
Trd, 4318766.643, 77
Trd, 4318766.893, 80
Trd, 4318767.393, 99
Trd, 4318767.743, 78
Trd, 4318768.143, 100
Trd, 4318768.643, 65
Trd, 4318768.943, 69
Trd, 4318769.493, 66
Trd, 4318770.293, 93
Trd, 4318770.643, 74
Trd, 4318771.243, 66
Trd, 4318771.643, 136
Trd, 4318772.193, 62
Trd, 4318773.093, 140
Trd, 4318773.243, 139
Trd, 4318774.493, 63
Trd, 4318775.493, 61
Trd, 4318776.893, 60
Trd, 4318777.243, 76
Trd, 4318779.243, 64
Trd, 4318779.593, 76
Trd, 4318780.493, 106
Trd, 4318780.543, 105
Trd, 4318781.793, 138
Trd, 4318782.193, 99
Trd, 4318782.643, 82
Trd, 4318783.243, 70
Trd, 4318783.343, 61
Trd, 4318783.693, 104
Trd, 4318784.143, 63
Trd, 4318784.593, 102
Trd, 4318786.093, 61
Trd, 4318786.393, 60
Trd, 4318786.943, 85
Trd, 4318787.943, 66
Trd, 4318789.593, 62
Trd, 4318790.293, 60
Trd, 4318791.193, 61
Trd, 4318791.943, 61
Trd, 4318791.993, 64
Trd, 4318792.193, 73
Trd, 4318793.643, 63
Trd, 4318794.243, 61
Trd, 4318795.393, 86
Trd, 4318795.743, 62
Trd, 4318796.843, 63
Trd, 4318797.143, 61
Trd, 4318798.693, 100
Trd, 4318799.293, 74
Trd, 4318799.893, 88
Trd, 4318800.193, 87
Trd, 4318800.643, 116
Trd, 4318800.793, 133
Trd, 4318800.943, 87
Trd, 4318801.593, 139
Trd, 4318802.093, 95
Trd, 4318803.193, 73
Trd, 4318803.393, 97
Trd, 4318804.143, 135
Trd, 4318804.193, 130
Trd, 4318804.443, 117
Trd, 4318805.643, 115
Trd, 4318806.993, 140
Trd, 4318807.593, 125
Trd, 4318808.693, 123
Trd, 4318808.993, 121
Trd, 4318809.143, 110
Trd, 4318810.793, 139
Trd, 4318810.843, 138
Trd, 4318811.093, 136
Trd, 4318811.693, 135
Trd, 4318812.843, 140
Trd, 4318813.043, 136
Trd, 4318813.193, 103
Trd, 4318814.143, 62
Trd, 4318814.843, 95
Trd, 4318815.793, 62
Trd, 4318817.193, 61
Trd, 4318817.493, 72
Trd, 4318818.893, 69
Trd, 4318819.493, 63
Trd, 4318820.193, 95
Trd, 4318820.743, 106
Trd, 4318821.343, 70
Trd, 4318821.393, 69
Trd, 4318821.993, 98
Trd, 4318822.543, 97
Trd, 4318823.143, 125
Trd, 4318823.393, 123
Trd, 4318823.743, 102
Trd, 4318824.543, 88
Trd, 4318825.643, 64
Trd, 4318826.393, 60
Trd, 4318826.843, 62
Trd, 4318827.643, 65
Trd, 4318830.393, 68
Trd, 4318830.493, 96
Trd, 4318831.143, 89
Trd, 4318831.193, 70
Trd, 4318831.393, 69
Trd, 4318831.493, 68
Trd, 4318831.693, 86
Trd, 4318832.143, 67
Trd, 4318833.543, 73
Trd, 4318833.593, 72
Trd, 4318834.393, 124
Trd, 4318835.643, 96
Trd, 4318837.443, 61
Trd, 4318837.743, 64
Trd, 4318837.793, 90
Trd, 4318837.893, 116
Trd, 4318838.243, 63
Trd, 4318838.793, 61
Trd, 4318839.543, 72
Trd, 4318840.643, 61
Trd, 4318842.043, 64
Trd, 4318842.343, 65
Trd, 4318843.943, 62
Trd, 4318845.193, 61
Trd, 4318845.943, 73
Trd, 4318846.043, 83
Trd, 4318847.043, 60
Trd, 4318847.493, 65
Trd, 4318849.393, 66
Trd, 4318850.093, 66
Trd, 4318851.943, 67
Trd, 4318853.093, 65
Trd, 4318853.443, 62
Trd, 4318853.993, 79
Trd, 4318854.143, 61
Trd, 4318854.643, 119
Trd, 4318855.243, 125
Trd, 4318855.793, 117
Trd, 4318856.043, 116
Trd, 4318856.193, 114
Trd, 4318858.193, 126
Trd, 4318858.243, 113
Trd, 4318858.393, 107
Trd, 4318858.693, 122
Trd, 4318858.893, 130
Trd, 4318860.843, 71
Trd, 4318861.843, 63
Trd, 4318862.143, 64
Trd, 4318864.043, 60
Trd, 4318864.143, 62
Trd, 4318864.543, 60
Trd, 4318866.293, 64
Trd, 4318866.793, 65
Trd, 4318867.493, 60
Trd, 4318868.493, 60
Trd, 4318868.943, 65
Trd, 4318869.643, 62
Trd, 4318870.893, 61
Trd, 4318871.043, 62
Trd, 4318871.143, 65
Trd, 4318871.293, 117
Trd, 4318871.643, 123
Trd, 4318871.793, 71
Trd, 4318872.793, 113
Trd, 4318873.543, 113
Trd, 4318874.193, 111
Trd, 4318874.293, 104
Trd, 4318875.343, 131
Trd, 4318875.843, 113
Trd, 4318876.243, 94
Trd, 4318877.293, 119
Trd, 4318878.143, 138
Trd, 4318878.443, 132
Trd, 4318879.743, 136
Trd, 4318879.943, 111
Trd, 4318879.993, 106
Trd, 4318881.093, 130
Trd, 4318881.943, 122
Trd, 4318882.043, 117
Trd, 4318882.743, 103
Trd, 4318883.143, 114
Trd, 4318883.993, 140
Trd, 4318884.243, 137
Trd, 4318884.643, 112
Trd, 4318884.693, 110
Trd, 4318884.743, 89
Trd, 4318885.293, 93
Trd, 4318886.143, 65
Trd, 4318887.593, 61
Trd, 4318888.393, 63
Trd, 4318889.243, 88
Trd, 4318891.043, 60
Trd, 4318891.193, 84
Trd, 4318891.393, 60
Trd, 4318892.043, 127
Trd, 4318892.693, 131
Trd, 4318893.943, 75
Trd, 4318894.543, 73
Trd, 4318895.743, 117
Trd, 4318896.093, 63
Trd, 4318897.043, 81
Trd, 4318898.743, 77
Trd, 4318899.093, 85
Trd, 4318899.343, 70
Trd, 4318899.693, 69
Trd, 4318900.543, 68
Trd, 4318903.043, 115
Trd, 4318903.243, 80
Trd, 4318903.593, 78
Trd, 4318903.993, 78
Trd, 4318904.593, 69
Trd, 4318904.793, 62
Trd, 4318905.393, 72
Trd, 4318905.443, 86
Trd, 4318907.943, 135
Trd, 4318908.643, 135
Trd, 4318909.343, 128
Trd, 4318909.443, 127
Trd, 4318910.143, 131
Trd, 4318910.443, 125
Trd, 4318911.443, 111
Trd, 4318912.043, 117
Trd, 4318912.443, 114
Trd, 4318912.493, 113
Trd, 4318912.693, 93
Trd, 4318913.193, 117
Trd, 4318915.343, 60
Trd, 4318915.793, 60
Trd, 4318916.443, 61
Trd, 4318917.043, 98
Trd, 4318917.543, 73
Trd, 4318918.343, 61
Trd, 4318919.443, 66
Trd, 4318919.493, 66
Trd, 4318919.743, 71
Trd, 4318920.693, 107
Trd, 4318921.093, 60
Trd, 4318922.293, 99
Trd, 4318923.093, 117
Trd, 4318923.443, 115
Trd, 4318923.793, 116
Trd, 4318924.043, 114
Trd, 4318924.393, 136
Trd, 4318924.593, 104
Trd, 4318925.193, 87
Trd, 4318925.893, 139
Trd, 4318928.393, 60
Trd, 4318928.793, 69
Trd, 4318931.493, 61
Trd, 4318931.593, 60
Trd, 4318932.043, 60
Trd, 4318932.143, 61
Trd, 4318932.343, 65
Trd, 4318932.493, 65
Trd, 4318932.743, 67
Trd, 4318932.943, 91
Trd, 4318933.043, 94
Trd, 4318933.493, 65
Trd, 4318937.643, 63
Trd, 4318938.793, 60
Trd, 4318938.893, 60
Trd, 4318939.293, 63
Trd, 4318939.843, 71
Trd, 4318940.443, 87
Trd, 4318942.043, 130
Trd, 4318942.993, 129
Trd, 4318943.243, 140
Trd, 4318943.893, 127
Trd, 4318944.643, 125
Trd, 4318945.093, 109
Trd, 4318945.293, 129
Trd, 4318945.793, 109
Trd, 4318945.943, 103
Trd, 4318946.643, 84
Trd, 4318947.593, 106
Trd, 4318948.093, 83
Trd, 4318948.543, 61
Trd, 4318950.693, 60
Trd, 4318951.493, 63
Trd, 4318952.793, 61
Trd, 4318953.193, 63
Trd, 4318953.293, 83
Trd, 4318954.043, 125
Trd, 4318954.293, 122
Trd, 4318954.543, 121
Trd, 4318955.393, 61
Trd, 4318956.993, 60
Trd, 4318957.493, 61
Trd, 4318958.143, 102
Trd, 4318958.943, 80
Trd, 4318959.093, 105
Trd, 4318959.943, 84
Trd, 4318960.293, 82
Trd, 4318960.443, 85
Trd, 4318960.943, 81
Trd, 4318961.093, 78
Trd, 4318961.793, 131
Trd, 4318964.143, 61
Trd, 4318964.693, 64
Trd, 4318965.543, 65
Trd, 4318965.993, 82
Trd, 4318966.143, 92
Trd, 4318966.693, 87
Trd, 4318967.693, 86
Trd, 4318968.043, 87
Trd, 4318968.743, 86
Trd, 4318968.993, 76
Trd, 4318969.793, 124
Trd, 4318969.843, 75
Trd, 4318970.043, 69
Trd, 4318970.393, 126
Trd, 4318971.443, 61
Trd, 4318971.893, 127
Trd, 4318972.693, 61
Trd, 4318973.243, 73
Trd, 4318974.143, 60
Trd, 4318974.843, 75
Trd, 4318975.093, 94
Trd, 4318976.343, 73
Trd, 4318976.843, 73
Trd, 4318977.743, 72
Trd, 4318978.693, 73
Trd, 4318978.993, 72
Trd, 4318979.393, 63
Trd, 4318979.993, 138
Trd, 4318980.193, 137
Trd, 4318981.393, 67
Trd, 4318981.443, 68
Trd, 4318982.243, 63
Trd, 4318982.943, 70
Trd, 4318983.943, 61
Trd, 4318984.143, 62
Trd, 4318984.493, 79
Trd, 4318986.243, 62
Trd, 4318986.743, 87
Trd, 4318987.093, 69
Trd, 4318987.793, 62
Trd, 4318988.293, 68
Trd, 4318988.843, 72
Trd, 4318989.093, 75
Trd, 4318989.793, 74
Trd, 4318990.243, 71
Trd, 4318990.293, 98
Trd, 4318991.043, 64
Trd, 4318991.843, 138
Trd, 4318992.593, 63
Trd, 4318993.143, 62
Trd, 4318993.893, 63
Trd, 4318994.593, 129
Trd, 4318996.293, 63
Trd, 4318996.943, 65
Trd, 4318997.743, 139
Trd, 4318997.943, 136
Trd, 4318998.093, 119
Trd, 4318999.293, 68
Trd, 4318999.943, 104
Trd, 4319000.843, 92
Trd, 4319001.093, 95
Trd, 4319001.593, 90
Trd, 4319001.693, 88
Trd, 4319002.293, 61
Trd, 4319003.443, 63
Trd, 4319004.443, 60
Trd, 4319006.093, 63
Trd, 4319006.243, 65
Trd, 4319006.293, 64
Trd, 4319007.493, 108
Trd, 4319007.543, 106
Trd, 4319007.793, 64
Trd, 4319008.243, 103
Trd, 4319009.143, 140
Trd, 4319009.843, 133
Trd, 4319010.743, 140
Trd, 4319011.193, 73
Trd, 4319011.593, 68
Trd, 4319012.193, 129
Trd, 4319012.243, 125
Trd, 4319014.043, 61
Trd, 4319014.393, 60
Trd, 4319014.643, 77
Trd, 4319015.893, 75
Trd, 4319016.293, 72
Trd, 4319016.893, 75
Trd, 4319017.343, 77
Trd, 4319017.943, 140
Trd, 4319018.693, 110
Trd, 4319020.543, 68
Trd, 4319020.643, 98
Trd, 4319021.243, 95
Trd, 4319022.343, 93
Trd, 4319022.393, 93
Trd, 4319022.893, 106
Trd, 4319022.943, 100
Trd, 4319023.293, 83
Trd, 4319024.043, 131
Trd, 4319024.143, 81
Trd, 4319024.943, 82
Trd, 4319026.593, 62
Trd, 4319027.343, 64
Trd, 4319027.843, 68
Trd, 4319027.993, 70
Trd, 4319028.143, 64
Trd, 4319028.543, 140
Trd, 4319028.943, 127
Trd, 4319030.293, 106
Trd, 4319031.143, 113
Trd, 4319031.843, 116
Trd, 4319032.043, 114
Trd, 4319032.993, 115
Trd, 4319033.993, 108
Trd, 4319034.643, 106
Trd, 4319035.093, 126
Trd, 4319035.593, 127
Trd, 4319035.743, 110
Trd, 4319038.293, 125
Trd, 4319038.543, 84
Trd, 4319039.943, 140
Trd, 4319040.343, 140
Trd, 4319040.593, 127
Trd, 4319040.993, 104
Trd, 4319041.443, 91
Trd, 4319041.743, 113
Trd, 4319042.343, 138
Trd, 4319042.743, 86
Trd, 4319043.293, 126
Trd, 4319045.493, 62
Trd, 4319045.693, 63
Trd, 4319046.243, 61
Trd, 4319046.793, 65
Trd, 4319046.943, 64
Trd, 4319047.093, 62
Trd, 4319047.193, 87
Trd, 4319048.093, 75
Trd, 4319048.443, 65
Trd, 4319049.393, 68
Trd, 4319050.593, 66
Trd, 4319051.243, 109
Trd, 4319052.643, 90
Trd, 4319052.843, 68
Trd, 4319053.943, 103
Trd, 4319054.143, 140
Trd, 4319054.243, 101
Trd, 4319054.543, 101
Trd, 4319054.843, 60
Trd, 4319055.493, 62
Trd, 4319056.693, 63
Trd, 4319057.243, 121
Trd, 4319057.393, 119
Trd, 4319057.543, 60
Trd, 4319059.443, 128
Trd, 4319060.093, 61
Trd, 4319060.343, 72
Trd, 4319061.243, 62
Trd, 4319061.993, 89
Trd, 4319062.293, 63
Trd, 4319063.343, 128
Trd, 4319063.993, 123
Trd, 4319064.343, 122
Trd, 4319064.393, 120
Trd, 4319065.093, 117
Trd, 4319065.593, 103
Trd, 4319066.093, 139
Trd, 4319066.643, 137
Trd, 4319066.693, 129
Trd, 4319068.193, 139
Trd, 4319068.893, 95
Trd, 4319069.543, 87
Trd, 4319069.993, 94
Trd, 4319070.993, 134
Trd, 4319071.243, 84
Trd, 4319071.893, 101
Trd, 4319071.943, 92
Trd, 4319072.693, 134
Trd, 4319072.943, 131
Trd, 4319073.443, 100
Trd, 4319074.943, 137
Trd, 4319074.993, 134
Trd, 4319075.543, 95
Trd, 4319076.843, 90
Trd, 4319078.493, 63
Trd, 4319079.143, 68
Trd, 4319079.993, 63
Trd, 4319080.793, 60
Trd, 4319081.493, 60
Trd, 4319082.043, 61
Trd, 4319082.343, 61
Trd, 4319082.543, 60
Trd, 4319082.793, 66
Trd, 4319084.243, 101
Trd, 4319084.693, 100
Trd, 4319084.843, 99
Trd, 4319085.693, 61
Trd, 4319086.393, 63
Trd, 4319086.643, 66
Trd, 4319087.893, 129
Trd, 4319090.593, 83
Trd, 4319090.643, 82
Trd, 4319090.793, 114
Trd, 4319091.393, 83
Trd, 4319091.643, 85
Trd, 4319091.843, 97
Trd, 4319092.593, 120
Trd, 4319092.743, 86
Trd, 4319093.293, 140
Trd, 4319093.343, 124
Trd, 4319094.393, 119
Trd, 4319094.743, 116
Trd, 4319095.493, 62
Trd, 4319096.743, 109
Trd, 4319097.493, 107
Trd, 4319098.093, 89
Trd, 4319098.543, 107
Trd, 4319100.243, 82
Trd, 4319100.693, 78
Trd, 4319100.843, 78
Trd, 4319101.243, 112
Trd, 4319101.293, 77
Trd, 4319101.843, 87
Trd, 4319102.293, 62
Trd, 4319102.343, 68
Trd, 4319103.943, 103
Trd, 4319104.243, 68
Trd, 4319104.743, 137
Trd, 4319105.193, 129
Trd, 4319106.043, 121
Trd, 4319106.543, 117
Trd, 4319106.593, 113
Trd, 4319107.993, 63
Trd, 4319109.143, 76
Trd, 4319109.393, 71
Trd, 4319110.643, 83
Trd, 4319110.793, 86
Trd, 4319111.893, 81
Trd, 4319112.393, 80
Trd, 4319113.143, 78
Trd, 4319113.643, 103
Trd, 4319113.693, 91
Trd, 4319114.493, 119
Trd, 4319115.393, 132
Trd, 4319116.393, 136
Trd, 4319116.893, 134
Trd, 4319117.243, 131
Trd, 4319117.293, 96
Trd, 4319118.593, 60
Trd, 4319118.643, 65
Trd, 4319119.693, 64
Trd, 4319119.893, 62
Trd, 4319120.693, 71
Trd, 4319121.993, 66
Trd, 4319122.143, 76
Trd, 4319124.293, 75
Trd, 4319126.093, 62
Trd, 4319126.193, 60
Trd, 4319127.093, 67
Trd, 4319127.493, 60
Trd, 4319127.843, 66
Trd, 4319128.743, 75
Trd, 4319129.093, 82
Trd, 4319129.193, 80
Trd, 4319130.693, 62
Trd, 4319131.543, 60
Trd, 4319131.743, 64
Trd, 4319133.393, 93
Trd, 4319133.843, 82
Trd, 4319134.593, 71
Trd, 4319135.043, 90
Trd, 4319135.643, 105
Trd, 4319135.743, 66
Trd, 4319135.843, 66
Trd, 4319136.793, 66
Trd, 4319137.443, 66
Trd, 4319137.643, 86
Trd, 4319139.793, 107
Trd, 4319140.093, 94
Trd, 4319141.093, 68
Trd, 4319141.193, 91
Trd, 4319141.343, 68
Trd, 4319141.993, 124
Trd, 4319142.093, 123
Trd, 4319142.843, 136
Trd, 4319143.243, 77
Trd, 4319144.593, 76
Trd, 4319145.043, 68
Trd, 4319145.293, 72
Trd, 4319145.493, 138
Trd, 4319146.093, 66
Trd, 4319147.543, 140
Trd, 4319147.693, 104
Trd, 4319148.293, 107
Trd, 4319148.493, 80
Trd, 4319150.143, 64
Trd, 4319150.243, 83
Trd, 4319151.043, 61
Trd, 4319151.193, 61
Trd, 4319151.843, 88
Trd, 4319152.343, 84
Trd, 4319152.993, 83
Trd, 4319154.843, 60
Trd, 4319155.193, 77
Trd, 4319155.493, 105
Trd, 4319155.943, 113
Trd, 4319156.293, 107
Trd, 4319156.643, 69
Trd, 4319157.643, 71
Trd, 4319157.693, 68
Trd, 4319157.793, 78
Trd, 4319159.093, 140
Trd, 4319160.043, 103
Trd, 4319160.693, 90
Trd, 4319162.093, 71
Trd, 4319162.393, 65
Trd, 4319162.993, 74
Trd, 4319164.343, 123
Trd, 4319164.443, 123
Trd, 4319164.643, 106
Trd, 4319165.493, 108
Trd, 4319165.643, 105
Trd, 4319165.693, 96
Trd, 4319166.793, 138
Trd, 4319167.593, 81
Trd, 4319169.143, 113
Trd, 4319169.443, 117
Trd, 4319169.543, 126
Trd, 4319169.693, 107
Trd, 4319170.243, 102
Trd, 4319170.293, 101
Trd, 4319172.343, 97
Trd, 4319173.093, 137
Trd, 4319173.843, 104
Trd, 4319174.243, 103
Trd, 4319174.443, 113
Trd, 4319174.693, 101
Trd, 4319175.343, 139
Trd, 4319176.493, 140
Trd, 4319177.293, 133
Trd, 4319178.143, 120
Trd, 4319178.193, 102
Trd, 4319178.693, 101
Trd, 4319179.093, 126
Trd, 4319179.293, 111
Trd, 4319179.943, 101
Trd, 4319180.243, 71
Trd, 4319181.193, 114
Trd, 4319183.193, 74
Trd, 4319183.543, 121
Trd, 4319183.993, 140
Trd, 4319184.093, 139
Trd, 4319184.143, 90
Trd, 4319184.943, 118
Trd, 4319185.393, 103
Trd, 4319185.793, 140
Trd, 4319185.993, 65
Trd, 4319187.243, 87
Trd, 4319187.443, 86
Trd, 4319187.643, 107
Trd, 4319187.993, 86
Trd, 4319189.543, 116
Trd, 4319189.693, 72
Trd, 4319190.293, 73
Trd, 4319190.443, 138
Trd, 4319190.743, 72
Trd, 4319191.343, 68
Trd, 4319192.693, 64
Trd, 4319193.643, 78
Trd, 4319195.843, 67
Trd, 4319195.943, 73
Trd, 4319196.093, 72
Trd, 4319196.843, 69
Trd, 4319198.343, 66
Trd, 4319199.193, 66
Trd, 4319199.493, 97
Trd, 4319199.643, 92
Trd, 4319200.143, 67
Trd, 4319200.543, 105
Trd, 4319201.643, 106
Trd, 4319203.443, 60
Trd, 4319203.593, 61
Trd, 4319203.793, 63
Trd, 4319203.893, 75
Trd, 4319204.393, 93
Trd, 4319205.093, 85
Trd, 4319205.793, 60
Trd, 4319207.143, 72
Trd, 4319208.093, 64
Trd, 4319208.843, 100
Trd, 4319209.343, 109
Trd, 4319210.043, 138
Trd, 4319210.343, 114
Trd, 4319210.893, 139
Trd, 4319211.493, 137
Trd, 4319211.693, 110
Trd, 4319212.243, 61
Trd, 4319214.143, 132
Trd, 4319214.793, 130
Trd, 4319214.893, 127
Trd, 4319215.793, 113
Trd, 4319215.843, 113
Trd, 4319216.043, 112
Trd, 4319217.143, 62
Trd, 4319218.793, 70
Trd, 4319218.993, 102
Trd, 4319220.243, 62
Trd, 4319221.793, 61
Trd, 4319222.143, 75
Trd, 4319223.043, 71
Trd, 4319223.993, 69
Trd, 4319224.143, 85
Trd, 4319224.293, 62
Trd, 4319224.543, 61
Trd, 4319225.293, 112
Trd, 4319225.593, 86
Trd, 4319226.793, 71
Trd, 4319227.293, 61
Trd, 4319227.443, 70
Trd, 4319227.793, 91
Trd, 4319231.943, 60
Trd, 4319232.043, 60
Trd, 4319233.093, 61
Trd, 4319233.643, 60
Trd, 4319234.843, 63
Trd, 4319235.043, 66
Trd, 4319236.293, 67
Trd, 4319236.443, 79
Trd, 4319236.543, 85
Trd, 4319237.143, 133
Trd, 4319237.943, 114
Trd, 4319238.993, 107
Trd, 4319240.393, 108
Trd, 4319241.393, 128
Trd, 4319241.493, 127
Trd, 4319241.593, 125
Trd, 4319242.093, 140
Trd, 4319242.443, 115
Trd, 4319242.643, 126
Trd, 4319242.793, 106
Trd, 4319244.193, 63
Trd, 4319244.393, 90
Trd, 4319245.293, 111
Trd, 4319246.793, 60
Trd, 4319247.443, 61
Trd, 4319248.343, 62
Trd, 4319248.493, 65
Trd, 4319248.793, 132
Trd, 4319249.493, 81
Trd, 4319249.793, 79
Trd, 4319249.843, 79
Trd, 4319250.443, 81
Trd, 4319250.593, 89
Trd, 4319250.943, 129
Trd, 4319250.993, 116
Trd, 4319252.343, 140
Trd, 4319253.843, 62
Trd, 4319254.593, 60
Trd, 4319254.993, 63
Trd, 4319255.093, 80
Trd, 4319257.443, 74
Trd, 4319258.243, 123
Trd, 4319258.293, 76
Trd, 4319259.293, 131
Trd, 4319259.543, 129
Trd, 4319260.943, 140
Trd, 4319261.293, 140
Trd, 4319261.393, 136
Trd, 4319261.843, 110
Trd, 4319262.143, 109
Trd, 4319262.593, 107
Trd, 4319262.793, 91
Trd, 4319263.693, 83
Trd, 4319264.193, 64
Trd, 4319264.993, 112
Trd, 4319265.343, 128
Trd, 4319266.043, 109
Trd, 4319267.243, 64
Trd, 4319267.393, 67
Trd, 4319269.743, 61
Trd, 4319270.893, 60
Trd, 4319271.093, 61
Trd, 4319272.093, 60
Trd, 4319272.143, 60
Trd, 4319272.793, 61
Trd, 4319272.843, 61
Trd, 4319273.893, 68
Trd, 4319274.393, 65
Trd, 4319275.793, 76
Trd, 4319276.443, 94
Trd, 4319276.493, 76
Trd, 4319277.393, 84
Trd, 4319278.093, 60
Trd, 4319278.293, 61
Trd, 4319279.693, 140
Trd, 4319279.743, 104
Trd, 4319280.193, 103
Trd, 4319280.293, 101
Trd, 4319281.643, 127
Trd, 4319281.793, 76
Trd, 4319283.443, 95
Trd, 4319284.593, 60
Trd, 4319285.793, 61
Trd, 4319287.143, 73
Trd, 4319288.693, 61
Trd, 4319289.593, 62
Trd, 4319289.743, 66
Trd, 4319289.893, 87
Trd, 4319290.743, 60
Trd, 4319291.343, 62
Trd, 4319291.893, 68
Trd, 4319292.043, 94
Trd, 4319292.693, 140
Trd, 4319292.743, 139
Trd, 4319292.843, 137
Trd, 4319293.393, 113
Trd, 4319294.293, 66
Trd, 4319296.093, 140
Trd, 4319296.293, 137
Trd, 4319296.443, 92
Trd, 4319297.093, 80
Trd, 4319297.993, 74
Trd, 4319298.693, 68
Trd, 4319298.793, 73
Trd, 4319299.193, 76
Trd, 4319299.643, 77
Trd, 4319300.593, 70
Trd, 4319300.643, 65
Trd, 4319302.143, 132
Trd, 4319302.393, 102
Trd, 4319303.293, 113
Trd, 4319303.643, 99
Trd, 4319303.693, 90
Trd, 4319304.693, 60
Trd, 4319305.543, 95
Trd, 4319305.643, 63
Trd, 4319306.043, 72
Trd, 4319306.443, 75
Trd, 4319307.843, 115
Trd, 4319307.943, 131
Trd, 4319309.243, 92
Trd, 4319309.443, 86
Trd, 4319309.543, 127
Trd, 4319310.993, 140
Trd, 4319311.543, 139
Trd, 4319312.493, 135
Trd, 4319312.543, 134
Trd, 4319312.693, 126
Trd, 4319313.343, 98
Trd, 4319314.393, 65
Trd, 4319315.293, 61
Trd, 4319315.693, 63
Trd, 4319316.343, 74
Trd, 4319316.993, 75
Trd, 4319317.093, 76
Trd, 4319317.293, 73
Trd, 4319317.493, 76
Trd, 4319317.543, 69
Trd, 4319319.393, 70
Trd, 4319320.543, 139
Trd, 4319320.893, 103
Trd, 4319320.943, 101
Trd, 4319321.493, 129
Trd, 4319322.043, 127
Trd, 4319322.143, 125
Trd, 4319323.143, 139
Trd, 4319323.843, 101
Trd, 4319323.943, 100
Trd, 4319324.943, 68
Trd, 4319325.593, 140
Trd, 4319326.443, 115
Trd, 4319326.843, 114
Trd, 4319327.093, 72
Trd, 4319328.593, 62
Trd, 4319328.993, 63
Trd, 4319330.793, 67
Trd, 4319331.143, 74
Trd, 4319331.893, 62
Trd, 4319332.493, 77
Trd, 4319333.243, 82
Trd, 4319333.743, 132
Trd, 4319333.993, 127
Trd, 4319335.193, 100
Trd, 4319336.393, 64
Trd, 4319337.243, 73
Trd, 4319339.293, 60
Trd, 4319339.343, 63
Trd, 4319339.593, 71
Trd, 4319341.493, 66
Trd, 4319341.643, 91
Trd, 4319341.993, 64
Trd, 4319342.293, 81
Trd, 4319342.993, 66
Trd, 4319343.043, 62
Trd, 4319343.543, 90
Trd, 4319344.243, 140
Trd, 4319345.543, 104
Trd, 4319345.793, 103
Trd, 4319345.993, 95
Trd, 4319347.243, 137
Trd, 4319347.293, 134
Trd, 4319347.493, 116
Trd, 4319348.143, 77
Trd, 4319348.393, 130
Trd, 4319349.093, 108
Trd, 4319349.793, 63
Trd, 4319350.993, 62
Trd, 4319351.893, 60
Trd, 4319352.643, 100
Trd, 4319353.293, 66
Trd, 4319353.743, 64
Trd, 4319354.143, 74
Trd, 4319354.943, 72
Trd, 4319355.293, 80
Trd, 4319356.593, 78
Trd, 4319356.943, 66
Trd, 4319356.993, 102
Trd, 4319357.693, 65
Trd, 4319359.893, 97
Trd, 4319359.993, 67
Trd, 4319360.793, 139
Trd, 4319361.643, 66
Trd, 4319361.743, 65
Trd, 4319362.343, 76
Trd, 4319362.943, 137
Trd, 4319363.743, 133
Trd, 4319364.193, 112
Trd, 4319364.543, 70
Trd, 4319364.593, 68
Trd, 4319365.293, 66
Trd, 4319366.793, 140
Trd, 4319367.543, 140
Trd, 4319367.743, 122
Trd, 4319368.193, 107
Trd, 4319368.543, 96
Trd, 4319369.143, 104
Trd, 4319369.643, 82
Trd, 4319370.893, 99
Trd, 4319371.343, 78
Trd, 4319372.843, 64
Trd, 4319373.193, 124
Trd, 4319373.793, 100
Trd, 4319374.593, 97
Trd, 4319375.293, 118
Trd, 4319375.343, 94
Trd, 4319375.643, 83
Trd, 4319375.943, 74
Trd, 4319376.443, 68
Trd, 4319376.993, 68
Trd, 4319377.893, 140
Trd, 4319378.643, 65
Trd, 4319378.943, 125
Trd, 4319380.293, 82
Trd, 4319380.593, 105
Trd, 4319381.193, 70
Trd, 4319381.693, 126
Trd, 4319382.793, 62
Trd, 4319383.093, 74
Trd, 4319384.043, 107
Trd, 4319384.893, 76
Trd, 4319385.143, 74
Trd, 4319386.143, 137
Trd, 4319386.293, 139
Trd, 4319386.793, 118
Trd, 4319387.993, 92
Trd, 4319388.343, 113
Trd, 4319388.743, 93
Trd, 4319389.743, 121
Trd, 4319390.343, 140
Trd, 4319391.293, 139
Trd, 4319391.443, 136
Trd, 4319391.643, 102
Trd, 4319391.693, 101
Trd, 4319391.743, 101
Trd, 4319392.793, 103
Trd, 4319392.993, 63
Trd, 4319393.593, 107
Trd, 4319394.693, 62
Trd, 4319397.493, 61
Trd, 4319397.643, 66
Trd, 4319398.243, 79
Trd, 4319398.643, 68
Trd, 4319399.243, 84
Trd, 4319399.643, 72
Trd, 4319400.043, 61
Trd, 4319402.743, 61
Trd, 4319403.143, 63
Trd, 4319403.743, 65
Trd, 4319403.893, 74
Trd, 4319405.443, 61
Trd, 4319405.693, 74
Trd, 4319406.293, 116
Trd, 4319406.693, 105
Trd, 4319407.193, 111
Trd, 4319407.343, 70
Trd, 4319407.893, 67
Trd, 4319408.793, 68
Trd, 4319408.943, 111
Trd, 4319409.293, 77
Trd, 4319409.993, 67
Trd, 4319410.343, 61
Trd, 4319412.393, 60
Trd, 4319412.843, 65
Trd, 4319414.293, 66
Trd, 4319414.743, 85
Trd, 4319414.893, 64
Trd, 4319415.593, 88
Trd, 4319415.643, 82
Trd, 4319415.693, 67
Trd, 4319416.143, 122
Trd, 4319417.393, 136
Trd, 4319417.693, 125
Trd, 4319419.143, 140
Trd, 4319419.543, 139
Trd, 4319419.693, 135
Trd, 4319420.743, 139
Trd, 4319420.793, 126
Trd, 4319421.593, 126
Trd, 4319422.543, 111
Trd, 4319422.793, 73
Trd, 4319424.093, 107
Trd, 4319424.843, 105
Trd, 4319425.093, 137
Trd, 4319425.543, 104
Trd, 4319426.443, 61
Trd, 4319427.093, 114
Trd, 4319428.793, 116
Trd, 4319429.143, 136
Trd, 4319429.243, 103
Trd, 4319429.593, 102
Trd, 4319430.143, 101
Trd, 4319431.393, 127
Trd, 4319431.643, 126
Trd, 4319431.693, 115
Trd, 4319433.743, 116
Trd, 4319434.043, 100
Trd, 4319434.543, 89
Trd, 4319434.793, 79
Trd, 4319435.893, 86
Trd, 4319436.293, 85
Trd, 4319436.693, 137
Trd, 4319436.993, 100
Trd, 4319437.993, 116
Trd, 4319438.243, 105
Trd, 4319438.843, 112
Trd, 4319439.043, 103
Trd, 4319439.143, 92
Trd, 4319441.493, 140
Trd, 4319442.143, 140
Trd, 4319442.243, 137
Trd, 4319442.393, 114
Trd, 4319444.043, 90
Trd, 4319444.693, 116
Trd, 4319445.343, 114
Trd, 4319445.543, 112
Trd, 4319445.593, 102
Trd, 4319446.293, 68
Trd, 4319446.593, 91
Trd, 4319447.443, 64
Trd, 4319447.693, 97
Trd, 4319448.243, 70
Trd, 4319448.643, 70
Trd, 4319448.943, 68
Trd, 4319449.843, 94
Trd, 4319450.493, 140
Trd, 4319450.743, 122
Trd, 4319451.793, 93
Trd, 4319452.993, 69
Trd, 4319453.993, 135
Trd, 4319454.243, 125
Trd, 4319454.843, 124
Trd, 4319454.893, 122
Trd, 4319455.593, 70
Trd, 4319455.643, 78
Trd, 4319456.493, 126
Trd, 4319456.743, 139
Trd, 4319456.943, 124
Trd, 4319457.193, 71
Trd, 4319457.893, 114
Trd, 4319459.993, 94
Trd, 4319460.893, 92
Trd, 4319461.043, 140
Trd, 4319461.293, 96
Trd, 4319461.643, 123
Trd, 4319462.193, 125
Trd, 4319462.943, 95
Trd, 4319464.293, 96
Trd, 4319464.443, 90
Trd, 4319464.843, 107
Trd, 4319465.943, 63
Trd, 4319466.193, 73
Trd, 4319466.343, 84
Trd, 4319468.493, 64
Trd, 4319469.293, 67
Trd, 4319469.393, 84
Trd, 4319469.993, 61
Trd, 4319470.693, 61
Trd, 4319471.643, 61
Trd, 4319472.343, 62
Trd, 4319473.443, 80
Trd, 4319473.593, 96
Trd, 4319473.893, 78
Trd, 4319474.193, 74
Trd, 4319474.643, 86
Trd, 4319475.343, 101
Trd, 4319475.443, 122
Trd, 4319475.943, 96
Trd, 4319476.743, 120
Trd, 4319477.093, 78
Trd, 4319477.443, 69
Trd, 4319478.293, 76
Trd, 4319479.193, 62
Trd, 4319480.093, 62
Trd, 4319481.643, 60
Trd, 4319482.093, 63
Trd, 4319482.343, 83
Trd, 4319482.593, 74
Trd, 4319484.593, 71
Trd, 4319485.593, 64
Trd, 4319486.393, 62
Trd, 4319486.693, 65
Trd, 4319486.793, 76
Trd, 4319488.193, 70
Trd, 4319488.693, 83
Trd, 4319489.093, 68
Trd, 4319489.643, 68
Trd, 4319489.843, 67
Trd, 4319490.043, 67
Trd, 4319490.093, 76
Trd, 4319491.543, 63
Trd, 4319491.893, 63
Trd, 4319494.793, 60
Trd, 4319495.443, 62
Trd, 4319495.943, 60
Trd, 4319497.093, 65
Trd, 4319497.393, 67
Trd, 4319497.943, 92
Trd, 4319498.443, 81
Trd, 4319499.693, 98
Trd, 4319500.293, 84
Trd, 4319500.393, 80
Trd, 4319500.493, 79
Trd, 4319500.893, 112
Trd, 4319501.343, 89
Trd, 4319503.443, 72
Trd, 4319503.793, 62
Trd, 4319503.843, 75
Trd, 4319504.443, 76
Trd, 4319504.793, 84
Trd, 4319504.893, 95
Trd, 4319507.093, 60
Trd, 4319508.193, 82
Trd, 4319508.943, 81
Trd, 4319509.193, 111
Trd, 4319509.293, 81
Trd, 4319510.043, 105
Trd, 4319511.143, 80
Trd, 4319511.343, 64
Trd, 4319512.193, 63
Trd, 4319512.943, 140
Trd, 4319513.443, 117
Trd, 4319513.643, 77
Trd, 4319515.343, 63
Trd, 4319516.093, 60
Trd, 4319517.243, 64
Trd, 4319518.043, 64
Trd, 4319518.943, 72
Trd, 4319519.643, 81
Trd, 4319520.143, 76
Trd, 4319520.243, 82
Trd, 4319520.343, 89
Trd, 4319520.843, 88
Trd, 4319521.543, 104
Trd, 4319521.943, 81
Trd, 4319522.393, 82
Trd, 4319522.643, 111
Trd, 4319522.793, 72
Trd, 4319524.243, 140
Trd, 4319524.593, 140
Trd, 4319524.843, 137
Trd, 4319525.593, 138
Trd, 4319525.693, 136
Trd, 4319525.993, 140
Trd, 4319527.243, 140
Trd, 4319527.893, 127
Trd, 4319528.793, 77
Trd, 4319529.843, 60
Trd, 4319530.143, 101
Trd, 4319530.993, 87
Trd, 4319531.343, 85
Trd, 4319532.143, 88
Trd, 4319533.143, 71
Trd, 4319533.343, 63
Trd, 4319534.693, 83
Trd, 4319534.893, 61
Trd, 4319535.243, 78
Trd, 4319535.293, 76
Trd, 4319536.693, 61
Trd, 4319536.743, 71
Trd, 4319537.043, 85
Trd, 4319538.493, 62
Trd, 4319539.593, 60
Trd, 4319541.293, 64
Trd, 4319541.693, 63
Trd, 4319541.893, 68
Trd, 4319542.193, 65
Trd, 4319543.293, 64
Trd, 4319543.443, 71
Trd, 4319543.643, 104
Trd, 4319545.643, 60
Trd, 4319546.543, 76
Trd, 4319546.593, 71
Trd, 4319548.093, 63
Trd, 4319548.443, 62
Trd, 4319548.493, 61
Trd, 4319549.293, 71
Trd, 4319549.793, 61
Trd, 4319549.893, 116
Trd, 4319550.043, 60
Trd, 4319551.093, 140
Trd, 4319551.943, 137
Trd, 4319552.193, 123
Trd, 4319553.043, 119
Trd, 4319553.293, 114
Trd, 4319554.443, 123
Trd, 4319554.543, 121
Trd, 4319554.643, 83
Trd, 4319555.793, 140
Trd, 4319556.393, 129
Trd, 4319556.843, 126
Trd, 4319557.293, 139
Trd, 4319557.693, 135
Trd, 4319557.843, 119
Trd, 4319559.343, 125
Trd, 4319560.593, 108
Trd, 4319560.743, 98
Trd, 4319560.893, 109
Trd, 4319561.593, 83
Trd, 4319562.543, 137
Trd, 4319562.693, 134
Trd, 4319563.143, 114
Trd, 4319563.643, 105
Trd, 4319564.393, 140
Trd, 4319564.943, 133
Trd, 4319565.743, 134
Trd, 4319566.693, 128
Trd, 4319566.743, 121
Trd, 4319566.893, 105
Trd, 4319567.043, 73
Trd, 4319568.093, 101
Trd, 4319570.593, 60
Trd, 4319570.743, 65
Trd, 4319572.093, 64
Trd, 4319572.193, 68
Trd, 4319573.243, 67
Trd, 4319573.743, 62
Trd, 4319575.093, 61
Trd, 4319575.693, 60
Trd, 4319575.943, 61
Trd, 4319576.393, 65
Trd, 4319577.293, 94
Trd, 4319577.543, 61
Trd, 4319577.943, 60
Trd, 4319578.493, 77
Trd, 4319579.793, 69
Trd, 4319580.043, 66
Trd, 4319581.293, 60
Trd, 4319581.343, 63
Trd, 4319582.193, 132
Trd, 4319582.593, 116
Trd, 4319583.243, 69
Trd, 4319583.443, 62
Trd, 4319584.743, 68
Trd, 4319586.393, 68
Trd, 4319586.793, 87
Trd, 4319587.593, 77
Trd, 4319587.793, 69
Trd, 4319588.293, 82
Trd, 4319588.643, 69
Trd, 4319589.293, 70
Trd, 4319589.543, 68
Trd, 4319590.993, 65
Trd, 4319591.343, 73
Trd, 4319593.543, 61
Trd, 4319594.193, 60
Trd, 4319594.843, 61
Trd, 4319595.043, 70
Trd, 4319596.193, 75
Trd, 4319596.393, 72
Trd, 4319596.793, 66
Trd, 4319598.643, 61
Trd, 4319598.693, 61
Trd, 4319600.943, 64
Trd, 4319601.543, 61
Trd, 4319602.093, 87
Trd, 4319602.143, 64
Trd, 4319602.643, 117
Trd, 4319603.043, 116
Trd, 4319604.143, 67
Trd, 4319604.743, 90
Trd, 4319605.093, 140
Trd, 4319605.343, 138
Trd, 4319606.343, 136
Trd, 4319606.493, 134
Trd, 4319606.993, 121
Trd, 4319607.043, 106
Trd, 4319607.893, 124
Trd, 4319608.343, 120
Trd, 4319610.193, 84
Trd, 4319610.593, 113
Trd, 4319610.693, 98
Trd, 4319611.643, 60
Trd, 4319611.943, 60
Trd, 4319612.893, 116
Trd, 4319613.943, 126
Trd, 4319614.093, 129
Trd, 4319615.043, 123
Trd, 4319615.293, 120
Trd, 4319617.243, 68
Trd, 4319617.393, 70
Trd, 4319617.693, 65
Trd, 4319618.343, 115
Trd, 4319618.843, 100
Trd, 4319619.443, 139
Trd, 4319620.343, 112
Trd, 4319620.543, 136
Trd, 4319621.293, 117
Trd, 4319622.293, 140
Trd, 4319623.543, 60
Trd, 4319624.643, 61
Trd, 4319624.993, 60
Trd, 4319625.543, 81
Trd, 4319626.243, 90
Trd, 4319627.643, 69
Trd, 4319627.943, 62
Trd, 4319628.243, 60
Trd, 4319628.743, 64
Trd, 4319629.543, 61
Trd, 4319630.393, 61
Trd, 4319632.543, 63
Trd, 4319632.793, 79
Trd, 4319632.843, 63
Trd, 4319633.343, 62
Trd, 4319634.143, 81
Trd, 4319635.343, 60
Trd, 4319635.793, 62
Trd, 4319636.393, 65
Trd, 4319637.043, 79
Trd, 4319637.893, 74
Trd, 4319638.643, 102
Trd, 4319638.893, 75
Trd, 4319639.043, 66
Trd, 4319639.393, 96
Trd, 4319641.293, 116
Trd, 4319641.593, 113
Trd, 4319642.193, 109
Trd, 4319642.793, 101
Trd, 4319643.143, 85
Trd, 4319643.343, 84
Trd, 4319644.493, 60
Trd, 4319645.243, 98
Trd, 4319646.143, 131
Trd, 4319646.893, 128
Trd, 4319647.193, 86
Trd, 4319647.293, 85
Trd, 4319648.843, 132
Trd, 4319649.043, 131
Trd, 4319649.443, 140
Trd, 4319650.893, 126
Trd, 4319651.043, 125
Trd, 4319651.143, 111
Trd, 4319651.193, 81
Trd, 4319651.593, 140
Trd, 4319651.643, 136
Trd, 4319651.893, 92
Trd, 4319653.743, 60
Trd, 4319653.893, 100
Trd, 4319654.843, 110
Trd, 4319655.543, 109
Trd, 4319655.843, 74
Trd, 4319656.243, 75
Trd, 4319657.843, 61
Trd, 4319658.193, 62
Trd, 4319658.943, 61
Trd, 4319659.393, 60
Trd, 4319660.143, 82
Trd, 4319660.693, 81
Trd, 4319660.893, 91
Trd, 4319661.493, 98
Trd, 4319662.843, 139
Trd, 4319662.993, 136
Trd, 4319663.943, 139
Trd, 4319664.243, 136
Trd, 4319664.843, 124
Trd, 4319664.893, 110
Trd, 4319665.693, 137
Trd, 4319666.593, 135
Trd, 4319667.843, 129
Trd, 4319668.893, 77
Trd, 4319669.493, 65
Trd, 4319670.993, 82
Trd, 4319671.193, 75
Trd, 4319672.643, 128
Trd, 4319672.943, 126
Trd, 4319673.393, 137
Trd, 4319673.843, 125
Trd, 4319674.843, 124
Trd, 4319674.943, 111
Trd, 4319675.393, 103
Trd, 4319675.893, 70
Trd, 4319676.293, 81
Trd, 4319677.593, 61
Trd, 4319678.343, 67
Trd, 4319678.543, 69
Trd, 4319680.543, 68
Trd, 4319681.143, 70
Trd, 4319681.493, 74
Trd, 4319682.093, 63
Trd, 4319682.443, 113
Trd, 4319682.993, 62
Trd, 4319683.393, 66
Trd, 4319684.143, 131
Trd, 4319686.143, 84
Trd, 4319686.493, 71
Trd, 4319687.193, 61
Trd, 4319687.943, 98
Trd, 4319688.443, 88
Trd, 4319688.693, 60
Trd, 4319689.343, 81
Trd, 4319691.393, 136
Trd, 4319691.443, 135
Trd, 4319691.643, 133
Trd, 4319691.693, 119
Trd, 4319691.793, 70
Trd, 4319692.943, 65
Trd, 4319692.993, 62
Trd, 4319694.043, 63
Trd, 4319694.293, 65
Trd, 4319694.793, 74
Trd, 4319695.893, 60
Trd, 4319696.843, 60
Trd, 4319698.343, 60
Trd, 4319698.593, 62
Trd, 4319698.643, 67
Trd, 4319700.093, 60
Trd, 4319700.293, 62
Trd, 4319701.843, 61
Trd, 4319702.793, 60
Trd, 4319704.093, 66
Trd, 4319704.193, 61
Trd, 4319704.493, 70
Trd, 4319704.943, 69
Trd, 4319705.293, 61
Trd, 4319705.393, 73
Trd, 4319706.193, 77
Trd, 4319706.843, 71
Trd, 4319707.643, 69
Trd, 4319708.243, 60
Trd, 4319708.943, 87
Trd, 4319709.143, 138
Trd, 4319710.593, 74
Trd, 4319711.993, 61
Trd, 4319713.193, 77
Trd, 4319713.993, 106
Trd, 4319714.343, 98
Trd, 4319714.393, 92
Trd, 4319714.643, 89
Trd, 4319715.243, 88
Trd, 4319715.593, 87
Trd, 4319716.093, 86
Trd, 4319717.343, 60
Trd, 4319718.143, 63
Trd, 4319719.293, 60
Trd, 4319720.943, 60
Trd, 4319721.093, 60
Trd, 4319721.793, 75
Trd, 4319723.493, 82
Trd, 4319723.543, 101
Trd, 4319724.243, 121
Trd, 4319724.293, 116
Trd, 4319724.443, 115
Trd, 4319725.143, 65
Trd, 4319725.343, 63
Trd, 4319726.343, 67
Trd, 4319728.743, 68
Trd, 4319728.843, 82
Trd, 4319729.343, 71
Trd, 4319729.393, 109
Trd, 4319729.593, 70
Trd, 4319730.193, 90
Trd, 4319730.993, 86
Trd, 4319731.043, 85
Trd, 4319731.293, 127
Trd, 4319731.343, 78
Trd, 4319732.743, 63
Trd, 4319734.043, 68
Trd, 4319735.443, 61
Trd, 4319735.943, 66
Trd, 4319736.043, 69
Trd, 4319737.343, 65
Trd, 4319737.543, 68
Trd, 4319737.743, 62
Trd, 4319738.693, 81
Trd, 4319739.043, 80
Trd, 4319739.143, 79
Trd, 4319740.593, 140
Trd, 4319740.693, 140
Trd, 4319740.893, 137
Trd, 4319741.143, 133
Trd, 4319742.543, 65
Trd, 4319742.743, 99
Trd, 4319743.293, 61
Trd, 4319744.693, 140
Trd, 4319745.643, 89
Trd, 4319746.243, 109
Trd, 4319746.993, 92
Trd, 4319747.643, 92
Trd, 4319747.943, 140
Trd, 4319748.243, 100
Trd, 4319748.543, 99
Trd, 4319748.743, 98
Trd, 4319749.493, 126
Trd, 4319749.543, 109
Trd, 4319751.543, 72
Trd, 4319752.743, 75
Trd, 4319752.943, 73
Trd, 4319753.343, 73
Trd, 4319753.543, 82
Trd, 4319753.793, 76
Trd, 4319754.743, 110
Trd, 4319755.193, 67
Trd, 4319755.743, 62
Trd, 4319758.143, 64
Trd, 4319758.493, 68
Trd, 4319759.193, 62
Trd, 4319759.293, 64
Trd, 4319759.643, 73
Trd, 4319759.793, 82
Trd, 4319761.143, 85
Trd, 4319762.643, 73
Trd, 4319762.893, 75
Trd, 4319763.193, 71
Trd, 4319763.493, 103
Trd, 4319764.093, 74
Trd, 4319764.443, 127
Trd, 4319764.743, 123
Trd, 4319765.493, 119
Trd, 4319766.943, 91
Trd, 4319767.793, 100
Trd, 4319767.943, 75
Trd, 4319768.493, 140
Trd, 4319769.343, 133
Trd, 4319769.893, 123
Trd, 4319770.093, 122
Trd, 4319771.043, 119
Trd, 4319771.243, 117
Trd, 4319772.793, 104
Trd, 4319772.843, 103
Trd, 4319772.943, 103
Trd, 4319773.693, 136
Trd, 4319774.393, 137
Trd, 4319774.593, 134
Trd, 4319774.893, 132
Trd, 4319775.443, 138
Trd, 4319776.193, 124
Trd, 4319776.743, 131
Trd, 4319777.893, 138
Trd, 4319778.093, 137
Trd, 4319778.943, 103
Trd, 4319779.093, 129
Trd, 4319779.893, 96
Trd, 4319781.293, 138
Trd, 4319781.843, 113
Trd, 4319782.293, 113
Trd, 4319782.743, 98
Trd, 4319783.693, 93
Trd, 4319785.093, 139
Trd, 4319785.543, 139
Trd, 4319785.743, 111
Trd, 4319786.043, 106
Trd, 4319786.293, 99
Trd, 4319786.693, 95
Trd, 4319787.893, 62
Trd, 4319790.093, 109
Trd, 4319790.443, 63
Trd, 4319791.093, 62
Trd, 4319791.193, 61
Trd, 4319791.443, 103
Trd, 4319792.993, 123
Trd, 4319793.643, 140
Trd, 4319793.943, 135
Trd, 4319794.093, 97
Trd, 4319794.393, 77
Trd, 4319794.693, 127
Trd, 4319795.343, 115
Trd, 4319795.443, 100
Trd, 4319796.493, 79
Trd, 4319796.893, 85
Trd, 4319798.593, 65
Trd, 4319798.993, 71
Trd, 4319799.893, 128
Trd, 4319800.143, 109
Trd, 4319801.043, 84
Trd, 4319801.443, 82
Trd, 4319801.943, 87
Trd, 4319802.093, 81
Trd, 4319802.693, 61
Trd, 4319802.793, 101
Trd, 4319803.943, 66
Trd, 4319806.143, 64
Trd, 4319808.193, 62
Trd, 4319809.743, 60
Trd, 4319810.093, 80
Trd, 4319811.143, 63
Trd, 4319811.743, 67
Trd, 4319811.843, 110
Trd, 4319812.093, 61
Trd, 4319812.943, 64
Trd, 4319813.793, 63
Trd, 4319813.943, 79
Trd, 4319815.593, 72
Trd, 4319816.443, 72
Trd, 4319816.493, 65
Trd, 4319817.293, 122
Trd, 4319818.593, 70
Trd, 4319819.093, 74
Trd, 4319819.643, 63
Trd, 4319820.593, 68
Trd, 4319821.193, 98
Trd, 4319821.793, 95
Trd, 4319821.943, 94
Trd, 4319821.993, 116
Trd, 4319822.293, 90
Trd, 4319822.893, 65
Trd, 4319823.993, 74
Trd, 4319824.043, 100
Trd, 4319824.693, 61
Trd, 4319825.793, 62
Trd, 4319827.343, 71
Trd, 4319827.443, 71
Trd, 4319829.943, 60
Trd, 4319831.043, 63
Trd, 4319831.293, 64
Trd, 4319831.393, 90
Trd, 4319831.743, 61
Trd, 4319832.793, 62
Trd, 4319833.043, 77
Trd, 4319833.143, 71
Trd, 4319834.593, 104
Trd, 4319836.043, 74
Trd, 4319836.093, 71
Trd, 4319836.143, 70
Trd, 4319836.193, 62
Trd, 4319837.243, 78
Trd, 4319838.143, 83
Trd, 4319838.943, 92
Trd, 4319839.493, 101
Trd, 4319839.693, 96
Trd, 4319840.493, 140
Trd, 4319840.593, 127
Trd, 4319841.143, 107
Trd, 4319842.193, 88
Trd, 4319842.893, 104
Trd, 4319843.393, 131
Trd, 4319843.943, 83
Trd, 4319844.343, 82
Trd, 4319846.293, 94
Trd, 4319846.343, 99
Trd, 4319846.893, 139
Trd, 4319847.443, 99
Trd, 4319847.793, 97
Trd, 4319848.143, 95
Trd, 4319848.493, 62
Trd, 4319849.143, 72
Trd, 4319851.543, 60
Trd, 4319852.493, 66
Trd, 4319852.643, 70
Trd, 4319852.843, 75
Trd, 4319853.193, 61
Trd, 4319854.593, 61
Trd, 4319855.243, 63
Trd, 4319856.243, 65
Trd, 4319856.593, 70
Trd, 4319856.843, 78
Trd, 4319857.643, 67
Trd, 4319858.243, 73
Trd, 4319858.593, 84
Trd, 4319858.943, 93
Trd, 4319858.993, 82
Trd, 4319860.693, 67
Trd, 4319861.193, 87
Trd, 4319861.893, 66
Trd, 4319862.393, 135
Trd, 4319862.893, 132
Trd, 4319864.243, 83
Trd, 4319864.293, 82
Trd, 4319864.593, 62
Trd, 4319866.143, 60
Trd, 4319866.543, 66
Trd, 4319867.493, 71
Trd, 4319867.793, 61
Trd, 4319868.643, 65
Trd, 4319870.093, 61
Trd, 4319870.543, 63
Trd, 4319870.643, 64
Trd, 4319870.843, 89
Trd, 4319871.843, 75
Trd, 4319872.493, 63
Trd, 4319872.743, 84
Trd, 4319873.243, 68
Trd, 4319873.343, 67
Trd, 4319874.493, 73
Trd, 4319874.793, 69
Trd, 4319875.343, 66
Trd, 4319876.043, 66
Trd, 4319876.143, 69
Trd, 4319876.543, 103
Trd, 4319878.743, 63
Trd, 4319878.993, 61
Trd, 4319879.443, 60
Trd, 4319880.793, 61
Trd, 4319881.693, 62
Trd, 4319883.243, 65
Trd, 4319883.643, 89
Trd, 4319884.293, 60
Trd, 4319884.843, 75
Trd, 4319884.943, 65
Trd, 4319886.143, 60
Trd, 4319886.993, 131
Trd, 4319887.143, 134
Trd, 4319887.893, 82
Trd, 4319888.743, 119
Trd, 4319889.093, 101
Trd, 4319889.843, 134
Trd, 4319890.393, 98
Trd, 4319891.743, 87
Trd, 4319891.943, 60
Trd, 4319892.293, 78
Trd, 4319894.243, 60
Trd, 4319894.893, 76
Trd, 4319894.943, 78
Trd, 4319895.143, 66
Trd, 4319895.543, 75
Trd, 4319895.793, 60
Trd, 4319896.743, 100
Trd, 4319897.343, 99
Trd, 4319897.793, 93
Trd, 4319898.043, 78
Trd, 4319898.693, 77
Trd, 4319900.143, 140
Trd, 4319900.893, 131
Trd, 4319901.643, 126
Trd, 4319902.293, 124
Trd, 4319902.743, 125
Trd, 4319903.493, 126
Trd, 4319903.543, 113
Trd, 4319903.843, 86
Trd, 4319904.693, 138
Trd, 4319904.943, 85
Trd, 4319905.093, 129
Trd, 4319906.493, 78
Trd, 4319908.243, 65
Trd, 4319908.893, 80
Trd, 4319909.693, 62
Trd, 4319910.343, 60
Trd, 4319910.643, 61
Trd, 4319910.843, 61
Trd, 4319911.993, 61
Trd, 4319912.293, 62
Trd, 4319912.343, 61
Trd, 4319913.193, 99
Trd, 4319913.893, 84
Trd, 4319914.093, 82
Trd, 4319915.243, 81
Trd, 4319915.343, 71
Trd, 4319915.743, 94
Trd, 4319917.393, 61
Trd, 4319918.593, 66
Trd, 4319918.943, 62
Trd, 4319920.443, 64
Trd, 4319920.593, 64
Trd, 4319920.743, 93
Trd, 4319921.843, 63
Trd, 4319922.293, 81
Trd, 4319923.043, 71
Trd, 4319923.743, 63
Trd, 4319926.043, 62
Trd, 4319926.843, 63
Trd, 4319927.193, 132
Trd, 4319927.893, 108
Trd, 4319928.343, 106
Trd, 4319928.743, 103
Trd, 4319929.643, 64
Trd, 4319929.793, 66
Trd, 4319930.093, 120
Trd, 4319930.693, 66
Trd, 4319931.743, 62
Trd, 4319932.343, 61
Trd, 4319932.893, 71
Trd, 4319933.793, 61
Trd, 4319934.193, 60
Trd, 4319934.743, 67
Trd, 4319935.543, 61
Trd, 4319935.743, 75
Trd, 4319936.243, 69
Trd, 4319937.143, 79
Trd, 4319937.843, 67
Trd, 4319938.093, 66
Trd, 4319939.593, 73
Trd, 4319939.693, 67
Trd, 4319940.693, 66
Trd, 4319940.843, 105
Trd, 4319940.893, 64
Trd, 4319941.293, 113
Trd, 4319943.243, 60
Trd, 4319943.743, 64
Trd, 4319944.193, 83
Trd, 4319944.593, 103
Trd, 4319945.493, 100
Trd, 4319945.943, 107
Trd, 4319946.743, 110
Trd, 4319947.693, 77
Trd, 4319947.743, 78
Trd, 4319948.343, 137
Trd, 4319948.693, 136
Trd, 4319948.743, 134
Trd, 4319949.393, 133
Trd, 4319949.843, 115
Trd, 4319950.193, 86
Trd, 4319950.943, 132
Trd, 4319952.643, 66
Trd, 4319953.093, 62
Trd, 4319954.243, 63
Trd, 4319954.643, 60
Trd, 4319955.943, 60
Trd, 4319956.293, 75
Trd, 4319957.143, 119
Trd, 4319957.693, 60
Trd, 4319959.343, 71
Trd, 4319959.793, 77
Trd, 4319960.593, 67
Trd, 4319961.243, 66
Trd, 4319961.893, 65
Trd, 4319962.243, 79
Trd, 4319962.493, 66
Trd, 4319963.993, 98
Trd, 4319964.293, 96
Trd, 4319964.343, 94
Trd, 4319964.393, 63
Trd, 4319965.193, 138
Trd, 4319965.343, 136
Trd, 4319966.043, 90
Trd, 4319966.493, 90
Trd, 4319966.693, 63
Trd, 4319967.943, 68
Trd, 4319968.743, 62
Trd, 4319969.393, 100
Trd, 4319971.043, 60
Trd, 4319971.243, 63
Trd, 4319972.193, 62
Trd, 4319973.693, 60
Trd, 4319974.693, 63
Trd, 4319974.893, 75
Trd, 4319975.543, 63
Trd, 4319977.193, 61
Trd, 4319977.293, 96
Trd, 4319977.793, 99
Trd, 4319977.993, 61
Trd, 4319978.443, 66
Trd, 4319978.543, 60
Trd, 4319978.943, 101
Trd, 4319980.093, 101
Trd, 4319980.493, 99
Trd, 4319981.293, 62
Trd, 4319982.843, 61
Trd, 4319983.343, 64
Trd, 4319983.493, 66
Trd, 4319983.943, 60
Trd, 4319984.743, 67
Trd, 4319984.793, 73
Trd, 4319985.293, 83
Trd, 4319986.693, 63
Trd, 4319987.093, 65
Trd, 4319987.243, 88
Trd, 4319988.043, 98
Trd, 4319988.843, 65
Trd, 4319989.343, 103
Trd, 4319989.793, 66
Trd, 4319990.043, 116
Trd, 4319991.593, 106
Trd, 4319992.443, 62
Trd, 4319993.193, 63
Trd, 4319993.593, 61
Trd, 4319995.143, 60
Trd, 4319995.493, 65
Trd, 4319995.893, 70
Trd, 4319996.043, 75
Trd, 4319997.743, 73
Trd, 4319998.043, 75
Trd, 4319998.343, 91
Trd, 4319998.793, 79
Trd, 4319999.343, 73
