Trd, 4318156.393, 65
Trd, 4318156.693, 74
Trd, 4318157.143, 140
Trd, 4318157.893, 62
Trd, 4318159.493, 60
Trd, 4318159.593, 60
Trd, 4318160.293, 60
Trd, 4318161.243, 60
Trd, 4318161.643, 60
Trd, 4318161.893, 60
Trd, 4318164.043, 61
Trd, 4318164.693, 61
Trd, 4318165.293, 60
Trd, 4318165.343, 60
Trd, 4318167.043, 60
Trd, 4318167.393, 60
Trd, 4318168.243, 61
Trd, 4318168.993, 60
Trd, 4318169.393, 61
Trd, 4318170.543, 60
Trd, 4318171.393, 60
Trd, 4318171.443, 64
Trd, 4318171.943, 65
Trd, 4318172.593, 62
Trd, 4318173.893, 64
Trd, 4318174.893, 74
Trd, 4318175.543, 96
Trd, 4318175.693, 118
Trd, 4318175.893, 140
Trd, 4318176.943, 110
Trd, 4318177.343, 139
Trd, 4318178.243, 61
Trd, 4318179.293, 140
Trd, 4318179.893, 140
Trd, 4318180.993, 140
Trd, 4318181.593, 140
Trd, 4318182.293, 140
Trd, 4318182.643, 139
Trd, 4318184.043, 140
Trd, 4318184.143, 138
Trd, 4318185.393, 140
Trd, 4318185.443, 138
Trd, 4318185.693, 137
Trd, 4318186.493, 115
Trd, 4318187.693, 138
Trd, 4318188.843, 140
Trd, 4318189.043, 139
Trd, 4318189.593, 125
Trd, 4318190.243, 139
Trd, 4318190.643, 140
Trd, 4318191.793, 116
Trd, 4318192.743, 140
Trd, 4318193.093, 72
Trd, 4318193.843, 140
Trd, 4318193.993, 140
Trd, 4318195.043, 140
Trd, 4318195.343, 139
Trd, 4318195.693, 138
Trd, 4318196.093, 130
Trd, 4318197.143, 60
Trd, 4318197.893, 60
Trd, 4318197.943, 60
Trd, 4318198.743, 62
Trd, 4318199.443, 62
Trd, 4318199.643, 61
Trd, 4318200.493, 62
Trd, 4318201.643, 62
Trd, 4318201.893, 62
Trd, 4318202.493, 64
Trd, 4318203.893, 60
Trd, 4318204.793, 61
Trd, 4318205.393, 60
Trd, 4318206.593, 60
Trd, 4318207.293, 60
Trd, 4318207.943, 60
Trd, 4318208.543, 61
Trd, 4318208.843, 60
Trd, 4318208.893, 62
Trd, 4318209.893, 65
Trd, 4318210.543, 61
Trd, 4318211.943, 60
Trd, 4318211.993, 61
Trd, 4318212.593, 60
Trd, 4318213.043, 69
Trd, 4318213.493, 70
Trd, 4318213.643, 63
Trd, 4318213.693, 62
Trd, 4318214.893, 139
Trd, 4318214.943, 139
Trd, 4318216.043, 60
Trd, 4318216.293, 62
Trd, 4318217.343, 60
Trd, 4318217.443, 61
Trd, 4318217.743, 64
Trd, 4318219.193, 140
Trd, 4318220.043, 140
Trd, 4318220.543, 140
Trd, 4318220.793, 66
Trd, 4318221.643, 60
Trd, 4318222.893, 63
Trd, 4318222.993, 63
Trd, 4318223.493, 64
Trd, 4318224.993, 60
Trd, 4318225.293, 61
Trd, 4318226.093, 62
Trd, 4318226.593, 61
Trd, 4318228.693, 60
Trd, 4318230.293, 60
Trd, 4318230.943, 63
Trd, 4318231.193, 62
Trd, 4318231.293, 64
Trd, 4318232.143, 62
Trd, 4318233.093, 63
Trd, 4318233.443, 64
Trd, 4318233.693, 63
Trd, 4318234.043, 67
Trd, 4318234.793, 77
Trd, 4318235.143, 65
Trd, 4318235.593, 64
Trd, 4318235.993, 60
Trd, 4318236.693, 62
Trd, 4318237.293, 64
Trd, 4318238.193, 135
Trd, 4318238.293, 140
Trd, 4318238.943, 139
Trd, 4318239.243, 67
Trd, 4318240.293, 122
Trd, 4318241.343, 126
Trd, 4318241.643, 125
Trd, 4318241.793, 139
Trd, 4318242.043, 124
Trd, 4318244.043, 71
Trd, 4318244.243, 139
Trd, 4318244.293, 100
Trd, 4318244.843, 140
Trd, 4318246.443, 139
Trd, 4318248.143, 140
Trd, 4318248.593, 140
Trd, 4318249.043, 140
Trd, 4318250.193, 140
Trd, 4318251.243, 140
Trd, 4318251.543, 140
Trd, 4318252.043, 139
Trd, 4318252.093, 96
Trd, 4318253.493, 60
Trd, 4318254.243, 74
Trd, 4318254.643, 60
Trd, 4318254.893, 67
Trd, 4318255.543, 66
Trd, 4318256.143, 73
Trd, 4318256.643, 67
Trd, 4318256.943, 63
Trd, 4318257.843, 63
Trd, 4318257.993, 70
Trd, 4318258.243, 76
Trd, 4318259.343, 63
Trd, 4318259.443, 66
Trd, 4318259.893, 115
Trd, 4318261.293, 67
Trd, 4318261.393, 68
Trd, 4318262.543, 63
Trd, 4318263.943, 61
Trd, 4318265.143, 60
Trd, 4318265.193, 61
Trd, 4318267.293, 63
Trd, 4318267.443, 60
Trd, 4318267.843, 63
Trd, 4318267.993, 61
Trd, 4318268.093, 68
Trd, 4318269.043, 134
Trd, 4318269.543, 76
Trd, 4318270.443, 60
Trd, 4318270.743, 60
Trd, 4318271.793, 60
Trd, 4318272.793, 60
Trd, 4318272.993, 60
Trd, 4318273.943, 60
Trd, 4318274.843, 60
Trd, 4318275.243, 60
Trd, 4318276.243, 61
Trd, 4318276.893, 61
Trd, 4318277.693, 63
Trd, 4318278.543, 61
Trd, 4318280.143, 62
Trd, 4318280.643, 61
Trd, 4318282.093, 60
Trd, 4318282.293, 61
Trd, 4318282.443, 62
Trd, 4318282.693, 60
Trd, 4318283.143, 60
Trd, 4318283.443, 60
Trd, 4318284.743, 61
Trd, 4318287.043, 60
Trd, 4318287.443, 60
Trd, 4318287.743, 61
Trd, 4318288.193, 63
Trd, 4318288.543, 65
Trd, 4318289.993, 63
Trd, 4318290.943, 62
Trd, 4318291.043, 61
Trd, 4318292.093, 63
Trd, 4318292.593, 60
Trd, 4318292.743, 64
Trd, 4318293.143, 66
Trd, 4318293.843, 68
Trd, 4318294.593, 62
Trd, 4318294.643, 86
Trd, 4318296.093, 70
Trd, 4318296.193, 94
Trd, 4318298.793, 60
Trd, 4318299.643, 60
Trd, 4318301.043, 60
Trd, 4318301.243, 61
Trd, 4318301.493, 65
Trd, 4318302.093, 60
Trd, 4318302.993, 61
Trd, 4318303.693, 60
Trd, 4318303.943, 62
Trd, 4318304.293, 63
Trd, 4318304.943, 70
Trd, 4318305.893, 63
Trd, 4318306.843, 61
Trd, 4318308.343, 60
Trd, 4318308.493, 60
Trd, 4318308.543, 60
Trd, 4318310.043, 60
Trd, 4318310.143, 62
Trd, 4318310.793, 70
Trd, 4318311.043, 79
Trd, 4318311.743, 60
Trd, 4318312.293, 60
Trd, 4318313.143, 60
Trd, 4318313.193, 61
Trd, 4318313.643, 72
Trd, 4318315.093, 106
Trd, 4318316.393, 60
Trd, 4318316.693, 60
Trd, 4318316.943, 60
Trd, 4318318.043, 60
Trd, 4318318.793, 60
Trd, 4318321.043, 60
Trd, 4318321.493, 60
Trd, 4318321.843, 60
Trd, 4318322.293, 61
Trd, 4318322.643, 61
Trd, 4318323.343, 62
Trd, 4318323.593, 66
Trd, 4318323.893, 60
Trd, 4318324.293, 66
Trd, 4318325.193, 60
Trd, 4318325.343, 60
Trd, 4318327.343, 60
Trd, 4318328.193, 60
Trd, 4318328.343, 62
Trd, 4318328.893, 67
Trd, 4318329.393, 60
Trd, 4318329.543, 75
Trd, 4318331.043, 61
Trd, 4318332.193, 61
Trd, 4318333.243, 61
Trd, 4318334.143, 62
Trd, 4318334.993, 60
Trd, 4318335.793, 60
Trd, 4318336.343, 61
Trd, 4318336.643, 60
Trd, 4318337.593, 60
Trd, 4318337.893, 61
Trd, 4318339.393, 60
Trd, 4318339.443, 62
Trd, 4318339.993, 60
Trd, 4318341.193, 60
Trd, 4318341.493, 64
Trd, 4318341.893, 68
Trd, 4318342.793, 64
Trd, 4318342.943, 69
Trd, 4318343.543, 62
Trd, 4318343.943, 62
Trd, 4318344.543, 63
Trd, 4318345.593, 60
Trd, 4318345.743, 62
Trd, 4318347.143, 66
Trd, 4318348.393, 60
Trd, 4318348.543, 62
Trd, 4318349.493, 61
Trd, 4318350.093, 60
Trd, 4318352.343, 60
Trd, 4318352.843, 60
Trd, 4318353.343, 60
Trd, 4318353.743, 62
Trd, 4318354.143, 61
Trd, 4318355.743, 60
Trd, 4318356.093, 61
Trd, 4318357.643, 61
Trd, 4318357.943, 61
Trd, 4318359.293, 60
Trd, 4318359.543, 60
Trd, 4318360.543, 60
Trd, 4318362.043, 60
Trd, 4318362.743, 60
Trd, 4318363.193, 63
Trd, 4318363.443, 65
Trd, 4318364.343, 60
Trd, 4318365.193, 60
Trd, 4318365.293, 65
Trd, 4318365.393, 65
Trd, 4318366.843, 71
Trd, 4318366.893, 76
Trd, 4318367.143, 66
Trd, 4318367.593, 65
Trd, 4318368.243, 67
Trd, 4318368.543, 80
Trd, 4318368.743, 139
Trd, 4318369.693, 60
Trd, 4318371.643, 60
Trd, 4318371.693, 61
Trd, 4318372.943, 60
Trd, 4318373.493, 60
Trd, 4318374.043, 60
Trd, 4318374.193, 63
Trd, 4318374.343, 69
Trd, 4318375.443, 60
Trd, 4318375.993, 71
Trd, 4318376.343, 70
Trd, 4318376.443, 100
Trd, 4318377.593, 60
Trd, 4318378.543, 60
Trd, 4318378.593, 60
Trd, 4318378.843, 60
Trd, 4318379.443, 60
Trd, 4318380.193, 63
Trd, 4318381.093, 61
Trd, 4318381.543, 60
Trd, 4318383.143, 62
Trd, 4318383.943, 62
Trd, 4318384.293, 62
Trd, 4318384.993, 62
Trd, 4318385.393, 60
Trd, 4318386.393, 63
Trd, 4318387.643, 60
Trd, 4318388.193, 60
Trd, 4318388.693, 60
Trd, 4318388.943, 60
Trd, 4318389.543, 60
Trd, 4318390.093, 60
Trd, 4318390.193, 60
Trd, 4318391.343, 60
Trd, 4318393.143, 60
Trd, 4318393.193, 60
Trd, 4318393.743, 60
Trd, 4318393.843, 60
Trd, 4318394.393, 63
Trd, 4318396.043, 60
Trd, 4318396.643, 60
Trd, 4318397.143, 61
Trd, 4318397.543, 60
Trd, 4318397.993, 64
Trd, 4318398.943, 60
Trd, 4318399.093, 60
Trd, 4318399.243, 61
Trd, 4318399.793, 61
Trd, 4318400.543, 60
Trd, 4318401.643, 60
Trd, 4318402.193, 61
Trd, 4318402.693, 62
Trd, 4318403.193, 63
Trd, 4318404.793, 60
Trd, 4318404.843, 61
Trd, 4318406.143, 60
Trd, 4318406.793, 62
Trd, 4318407.543, 60
Trd, 4318408.093, 71
Trd, 4318408.343, 60
Trd, 4318408.393, 61
Trd, 4318409.443, 73
Trd, 4318409.693, 68
Trd, 4318410.843, 131
Trd, 4318410.893, 64
Trd, 4318412.093, 135
Trd, 4318412.593, 138
Trd, 4318414.393, 140
Trd, 4318415.593, 140
Trd, 4318415.893, 140
Trd, 4318416.293, 140
Trd, 4318416.543, 140
Trd, 4318418.293, 140
Trd, 4318418.343, 140
Trd, 4318418.393, 139
Trd, 4318418.993, 60
Trd, 4318419.943, 140
Trd, 4318420.693, 140
Trd, 4318421.443, 140
Trd, 4318422.043, 140
Trd, 4318423.293, 140
Trd, 4318423.843, 140
Trd, 4318424.143, 138
Trd, 4318425.193, 126
Trd, 4318426.293, 140
Trd, 4318426.643, 138
Trd, 4318427.693, 133
Trd, 4318428.943, 140
Trd, 4318429.143, 140
Trd, 4318429.393, 140
Trd, 4318430.143, 139
Trd, 4318431.143, 100
Trd, 4318431.293, 99
Trd, 4318431.543, 140
Trd, 4318431.893, 139
Trd, 4318433.343, 137
Trd, 4318433.593, 64
Trd, 4318434.343, 139
Trd, 4318435.993, 70
Trd, 4318436.743, 108
Trd, 4318436.843, 107
Trd, 4318437.593, 65
Trd, 4318437.643, 64
Trd, 4318437.943, 139
Trd, 4318438.093, 140
Trd, 4318438.543, 139
Trd, 4318439.243, 140
Trd, 4318439.293, 139
Trd, 4318441.993, 139
Trd, 4318442.443, 138
Trd, 4318443.943, 140
Trd, 4318444.043, 140
Trd, 4318444.943, 140
Trd, 4318445.493, 140
Trd, 4318446.893, 138
Trd, 4318447.143, 140
Trd, 4318447.243, 119
Trd, 4318448.593, 101
Trd, 4318448.643, 74
Trd, 4318448.743, 71
Trd, 4318449.243, 118
Trd, 4318449.393, 89
Trd, 4318449.893, 140
Trd, 4318450.293, 140
Trd, 4318452.043, 140
Trd, 4318452.093, 140
Trd, 4318452.243, 140
Trd, 4318452.493, 117
Trd, 4318453.043, 62
Trd, 4318454.043, 63
Trd, 4318454.693, 64
Trd, 4318456.293, 60
Trd, 4318457.893, 62
Trd, 4318458.193, 60
Trd, 4318458.543, 60
Trd, 4318459.193, 67
Trd, 4318459.593, 63
Trd, 4318459.943, 62
Trd, 4318460.393, 68
Trd, 4318460.443, 71
Trd, 4318460.493, 75
Trd, 4318462.393, 140
Trd, 4318462.793, 140
Trd, 4318463.893, 140
Trd, 4318464.093, 140
Trd, 4318464.393, 140
Trd, 4318464.943, 69
Trd, 4318465.543, 107
Trd, 4318465.843, 80
Trd, 4318467.393, 60
Trd, 4318467.443, 60
Trd, 4318467.693, 60
Trd, 4318468.143, 60
Trd, 4318468.643, 60
Trd, 4318469.743, 60
Trd, 4318470.143, 60
Trd, 4318470.243, 79
Trd, 4318471.493, 60
Trd, 4318472.343, 60
Trd, 4318472.643, 61
Trd, 4318474.093, 65
Trd, 4318474.693, 70
Trd, 4318475.293, 60
Trd, 4318475.643, 63
Trd, 4318476.043, 117
Trd, 4318477.193, 60
Trd, 4318477.293, 60
Trd, 4318477.743, 62
Trd, 4318477.793, 65
Trd, 4318480.143, 63
Trd, 4318480.443, 101
Trd, 4318480.693, 75
Trd, 4318480.893, 114
Trd, 4318482.293, 61
Trd, 4318482.893, 61
Trd, 4318483.693, 61
Trd, 4318483.893, 63
Trd, 4318484.643, 62
Trd, 4318485.143, 61
Trd, 4318485.793, 62
Trd, 4318487.593, 61
Trd, 4318487.743, 62
Trd, 4318489.093, 60
Trd, 4318489.743, 60
Trd, 4318489.843, 60
Trd, 4318490.493, 60
Trd, 4318491.093, 63
Trd, 4318492.293, 61
Trd, 4318492.393, 63
Trd, 4318494.543, 60
Trd, 4318494.943, 61
Trd, 4318495.393, 61
Trd, 4318495.693, 60
Trd, 4318496.143, 66
Trd, 4318496.693, 64
Trd, 4318496.943, 62
Trd, 4318496.993, 67
Trd, 4318498.793, 65
Trd, 4318499.493, 60
Trd, 4318499.743, 61
Trd, 4318500.093, 109
Trd, 4318501.993, 65
Trd, 4318502.643, 64
Trd, 4318503.243, 65
Trd, 4318503.743, 77
Trd, 4318503.893, 70
Trd, 4318504.343, 91
Trd, 4318504.793, 138
Trd, 4318505.243, 139
Trd, 4318505.643, 140
Trd, 4318506.543, 140
Trd, 4318506.593, 139
Trd, 4318508.743, 60
Trd, 4318508.843, 61
Trd, 4318509.743, 66
Trd, 4318510.693, 61
Trd, 4318511.543, 60
Trd, 4318511.593, 61
Trd, 4318512.093, 62
Trd, 4318512.493, 140
Trd, 4318513.793, 140
Trd, 4318515.043, 137
Trd, 4318515.393, 134
Trd, 4318515.893, 140
Trd, 4318516.393, 139
Trd, 4318516.593, 123
Trd, 4318516.643, 122
Trd, 4318518.143, 138
Trd, 4318519.543, 140
Trd, 4318519.693, 136
Trd, 4318519.993, 106
Trd, 4318520.493, 140
Trd, 4318521.143, 140
Trd, 4318521.443, 138
Trd, 4318522.093, 140
Trd, 4318523.593, 60
Trd, 4318523.793, 61
Trd, 4318524.093, 66
Trd, 4318524.993, 98
Trd, 4318525.443, 87
Trd, 4318526.093, 103
Trd, 4318526.243, 89
Trd, 4318526.893, 118
Trd, 4318528.243, 116
Trd, 4318528.293, 117
Trd, 4318528.643, 111
Trd, 4318529.293, 139
Trd, 4318529.343, 111
Trd, 4318529.693, 101
Trd, 4318530.243, 139
Trd, 4318531.843, 60
Trd, 4318531.943, 60
Trd, 4318532.243, 72
Trd, 4318533.043, 60
Trd, 4318533.693, 66
Trd, 4318534.393, 140
Trd, 4318535.493, 60
Trd, 4318535.993, 60
Trd, 4318536.493, 61
Trd, 4318538.793, 63
Trd, 4318539.393, 62
Trd, 4318539.593, 65
Trd, 4318539.893, 62
Trd, 4318540.293, 61
Trd, 4318541.493, 69
Trd, 4318541.743, 65
Trd, 4318543.643, 73
Trd, 4318544.343, 79
Trd, 4318545.093, 78
Trd, 4318545.343, 70
Trd, 4318545.643, 70
Trd, 4318545.943, 78
Trd, 4318546.893, 140
Trd, 4318546.943, 70
Trd, 4318548.343, 64
Trd, 4318548.643, 70
Trd, 4318549.593, 67
Trd, 4318550.443, 66
Trd, 4318551.393, 84
Trd, 4318551.843, 131
Trd, 4318553.393, 140
Trd, 4318553.543, 140
Trd, 4318554.993, 140
Trd, 4318555.093, 139
Trd, 4318556.143, 139
Trd, 4318556.543, 138
Trd, 4318557.043, 90
Trd, 4318558.093, 140
Trd, 4318558.243, 93
Trd, 4318559.643, 140
Trd, 4318559.843, 139
Trd, 4318560.243, 140
Trd, 4318560.343, 106
Trd, 4318561.443, 60
Trd, 4318563.243, 61
Trd, 4318563.343, 62
Trd, 4318563.893, 60
Trd, 4318564.193, 63
Trd, 4318564.843, 68
Trd, 4318564.993, 61
Trd, 4318567.943, 60
Trd, 4318568.193, 61
Trd, 4318568.593, 61
Trd, 4318569.093, 60
Trd, 4318569.293, 61
Trd, 4318570.593, 68
Trd, 4318571.143, 60
Trd, 4318572.043, 61
Trd, 4318572.293, 60
Trd, 4318574.043, 60
Trd, 4318574.893, 60
Trd, 4318576.143, 62
Trd, 4318576.493, 67
Trd, 4318576.743, 68
Trd, 4318576.993, 70
Trd, 4318577.643, 62
Trd, 4318577.993, 63
Trd, 4318578.093, 92
Trd, 4318578.343, 62
Trd, 4318579.493, 131
Trd, 4318580.593, 140
Trd, 4318581.493, 140
Trd, 4318581.843, 139
Trd, 4318582.793, 139
Trd, 4318582.943, 138
Trd, 4318583.143, 137
Trd, 4318583.893, 140
Trd, 4318584.293, 140
Trd, 4318585.093, 140
Trd, 4318585.493, 140
Trd, 4318585.693, 62
Trd, 4318586.643, 84
Trd, 4318589.443, 140
Trd, 4318589.793, 139
Trd, 4318591.043, 139
Trd, 4318591.993, 140
Trd, 4318592.193, 140
Trd, 4318592.543, 67
Trd, 4318593.293, 140
Trd, 4318594.193, 70
Trd, 4318595.343, 60
Trd, 4318595.793, 60
Trd, 4318596.443, 61
Trd, 4318596.593, 62
Trd, 4318597.743, 99
Trd, 4318597.793, 85
Trd, 4318597.843, 84
Trd, 4318599.443, 62
Trd, 4318600.243, 60
Trd, 4318601.493, 60
Trd, 4318601.843, 60
Trd, 4318601.993, 61
Trd, 4318602.743, 68
Trd, 4318603.393, 64
Trd, 4318603.743, 66
Trd, 4318603.943, 67
Trd, 4318604.393, 68
Trd, 4318604.493, 62
Trd, 4318604.843, 67
Trd, 4318605.293, 118
Trd, 4318606.443, 65
Trd, 4318607.893, 61
Trd, 4318608.993, 60
Trd, 4318609.193, 61
Trd, 4318610.443, 61
Trd, 4318611.043, 62
Trd, 4318611.543, 60
Trd, 4318612.093, 61
Trd, 4318612.243, 61
Trd, 4318612.843, 60
Trd, 4318614.193, 61
Trd, 4318614.343, 61
Trd, 4318614.693, 64
Trd, 4318615.543, 60
Trd, 4318617.593, 62
Trd, 4318617.643, 64
Trd, 4318617.793, 78
Trd, 4318619.943, 60
Trd, 4318619.993, 61
Trd, 4318620.043, 66
Trd, 4318620.293, 66
Trd, 4318620.393, 67
Trd, 4318620.943, 61
Trd, 4318621.343, 133
Trd, 4318621.843, 125
Trd, 4318622.293, 124
Trd, 4318622.843, 124
Trd, 4318623.193, 123
Trd, 4318624.293, 66
Trd, 4318625.493, 140
Trd, 4318625.693, 140
Trd, 4318626.593, 140
Trd, 4318626.743, 77
Trd, 4318627.493, 62
Trd, 4318627.943, 67
Trd, 4318628.643, 139
Trd, 4318629.143, 135
Trd, 4318629.593, 135
Trd, 4318629.693, 134
Trd, 4318630.793, 140
Trd, 4318633.693, 140
Trd, 4318633.843, 140
Trd, 4318634.243, 140
Trd, 4318634.843, 140
Trd, 4318635.943, 140
Trd, 4318636.493, 140
Trd, 4318636.543, 140
Trd, 4318636.943, 140
Trd, 4318637.043, 125
Trd, 4318637.543, 139
Trd, 4318638.993, 140
Trd, 4318640.443, 140
Trd, 4318640.643, 138
Trd, 4318640.943, 137
Trd, 4318642.493, 140
Trd, 4318643.093, 140
Trd, 4318643.543, 139
Trd, 4318644.843, 140
Trd, 4318644.993, 140
Trd, 4318645.343, 139
Trd, 4318645.593, 66
Trd, 4318646.543, 140
Trd, 4318647.543, 140
Trd, 4318648.143, 125
Trd, 4318648.393, 123
Trd, 4318649.443, 139
Trd, 4318649.493, 138
Trd, 4318651.243, 140
Trd, 4318651.593, 140
Trd, 4318652.193, 140
Trd, 4318652.493, 139
Trd, 4318652.993, 140
Trd, 4318655.093, 140
Trd, 4318655.443, 140
Trd, 4318656.043, 140
Trd, 4318656.343, 140
Trd, 4318656.593, 140
Trd, 4318657.443, 137
Trd, 4318658.093, 103
Trd, 4318659.043, 64
Trd, 4318659.843, 60
Trd, 4318659.893, 64
Trd, 4318660.243, 65
Trd, 4318660.793, 61
Trd, 4318661.393, 72
Trd, 4318661.493, 140
Trd, 4318663.093, 62
Trd, 4318663.893, 62
Trd, 4318665.043, 60
Trd, 4318666.043, 60
Trd, 4318666.843, 60
Trd, 4318667.593, 60
Trd, 4318667.693, 64
Trd, 4318669.093, 60
Trd, 4318669.943, 60
Trd, 4318670.193, 61
Trd, 4318671.443, 66
Trd, 4318671.893, 64
Trd, 4318672.243, 63
Trd, 4318672.393, 64
Trd, 4318672.693, 65
Trd, 4318673.493, 69
Trd, 4318674.093, 60
Trd, 4318674.543, 61
Trd, 4318675.593, 61
Trd, 4318676.243, 60
Trd, 4318676.643, 60
Trd, 4318677.093, 60
Trd, 4318677.843, 60
Trd, 4318678.243, 103
Trd, 4318679.293, 68
Trd, 4318680.443, 61
Trd, 4318680.693, 68
Trd, 4318682.493, 64
Trd, 4318683.693, 60
Trd, 4318684.093, 61
Trd, 4318684.293, 61
Trd, 4318684.743, 66
Trd, 4318686.143, 61
Trd, 4318687.093, 64
Trd, 4318687.193, 65
Trd, 4318688.593, 60
Trd, 4318688.843, 63
Trd, 4318689.193, 63
Trd, 4318690.193, 63
Trd, 4318690.293, 63
Trd, 4318691.293, 63
Trd, 4318691.493, 77
Trd, 4318692.443, 61
Trd, 4318692.493, 62
Trd, 4318692.643, 61
Trd, 4318693.643, 61
Trd, 4318693.993, 84
Trd, 4318696.093, 61
Trd, 4318696.243, 61
Trd, 4318696.393, 67
Trd, 4318696.643, 68
Trd, 4318697.143, 63
Trd, 4318697.593, 98
Trd, 4318697.743, 62
Trd, 4318699.993, 60
Trd, 4318700.093, 61
Trd, 4318701.543, 60
Trd, 4318702.343, 60
Trd, 4318703.393, 60
Trd, 4318704.093, 60
Trd, 4318704.393, 65
Trd, 4318704.543, 65
Trd, 4318706.143, 61
Trd, 4318706.393, 66
Trd, 4318706.543, 67
Trd, 4318707.243, 65
Trd, 4318708.393, 60
Trd, 4318708.793, 63
Trd, 4318710.093, 61
Trd, 4318710.193, 64
Trd, 4318711.843, 61
Trd, 4318713.293, 60
Trd, 4318713.743, 63
Trd, 4318714.793, 61
Trd, 4318715.143, 61
Trd, 4318715.293, 64
Trd, 4318715.543, 61
Trd, 4318716.843, 60
Trd, 4318716.893, 65
Trd, 4318717.943, 63
Trd, 4318718.193, 64
Trd, 4318719.893, 60
Trd, 4318720.343, 60
Trd, 4318720.593, 65
Trd, 4318721.343, 60
Trd, 4318721.393, 60
Trd, 4318723.493, 60
Trd, 4318724.643, 62
Trd, 4318724.893, 63
Trd, 4318726.543, 60
Trd, 4318726.693, 60
Trd, 4318726.893, 60
Trd, 4318727.243, 63
Trd, 4318728.143, 63
Trd, 4318728.743, 62
Trd, 4318728.893, 63
Trd, 4318729.543, 60
Trd, 4318729.993, 77
Trd, 4318731.243, 62
Trd, 4318731.393, 63
Trd, 4318732.343, 62
Trd, 4318732.893, 60
Trd, 4318733.393, 60
Trd, 4318734.693, 64
Trd, 4318735.743, 62
Trd, 4318735.843, 61
Trd, 4318736.393, 82
Trd, 4318737.043, 61
Trd, 4318737.843, 60
Trd, 4318738.143, 62
Trd, 4318738.443, 62
Trd, 4318740.243, 75
Trd, 4318740.393, 74
Trd, 4318740.743, 69
Trd, 4318740.843, 112
Trd, 4318741.093, 66
Trd, 4318743.843, 60
Trd, 4318743.893, 61
Trd, 4318744.243, 64
Trd, 4318744.593, 64
Trd, 4318745.193, 97
Trd, 4318745.393, 124
Trd, 4318746.493, 61
Trd, 4318746.843, 137
Trd, 4318747.593, 67
Trd, 4318747.993, 68
Trd, 4318749.093, 66
Trd, 4318749.743, 63
Trd, 4318749.843, 62
Trd, 4318750.193, 61
Trd, 4318751.093, 62
Trd, 4318751.743, 134
Trd, 4318752.243, 66
Trd, 4318752.893, 81
Trd, 4318754.993, 71
Trd, 4318755.443, 60
Trd, 4318755.543, 65
Trd, 4318756.193, 62
Trd, 4318757.193, 63
Trd, 4318757.443, 65
Trd, 4318757.643, 71
Trd, 4318758.293, 126
Trd, 4318758.843, 64
Trd, 4318759.443, 61
Trd, 4318759.993, 63
Trd, 4318760.693, 64
Trd, 4318762.493, 60
Trd, 4318763.343, 94
Trd, 4318763.593, 68
Trd, 4318764.343, 62
Trd, 4318764.593, 123
Trd, 4318765.243, 60
Trd, 4318767.093, 60
Trd, 4318767.243, 62
Trd, 4318768.393, 61
Trd, 4318768.593, 62
Trd, 4318768.843, 63
Trd, 4318768.943, 73
Trd, 4318769.793, 86
Trd, 4318769.993, 62
Trd, 4318771.043, 62
Trd, 4318771.643, 63
Trd, 4318772.093, 70
Trd, 4318772.693, 66
Trd, 4318773.393, 65
Trd, 4318774.493, 61
Trd, 4318774.693, 62
Trd, 4318775.993, 61
Trd, 4318776.093, 61
Trd, 4318776.193, 61
Trd, 4318776.893, 61
Trd, 4318777.443, 61
Trd, 4318778.243, 61
Trd, 4318778.543, 62
Trd, 4318779.393, 60
Trd, 4318779.793, 61
Trd, 4318779.993, 62
Trd, 4318781.543, 61
Trd, 4318782.893, 60
Trd, 4318783.193, 61
Trd, 4318783.993, 64
Trd, 4318784.343, 62
Trd, 4318784.993, 60
Trd, 4318786.193, 62
Trd, 4318787.443, 61
Trd, 4318788.593, 61
Trd, 4318788.793, 60
Trd, 4318788.843, 63
Trd, 4318789.393, 71
Trd, 4318789.543, 72
Trd, 4318789.793, 140
Trd, 4318789.993, 140
Trd, 4318790.593, 104
Trd, 4318791.393, 138
Trd, 4318792.993, 140
Trd, 4318793.893, 140
Trd, 4318794.093, 140
Trd, 4318794.943, 140
Trd, 4318795.643, 140
Trd, 4318797.493, 140
Trd, 4318797.793, 140
Trd, 4318798.493, 140
Trd, 4318799.493, 140
Trd, 4318799.793, 140
Trd, 4318800.793, 140
Trd, 4318801.293, 140
Trd, 4318802.143, 140
Trd, 4318802.943, 140
Trd, 4318803.843, 140
Trd, 4318803.943, 140
Trd, 4318803.993, 139
Trd, 4318804.593, 139
Trd, 4318804.893, 140
Trd, 4318806.543, 122
Trd, 4318806.893, 138
Trd, 4318807.043, 117
Trd, 4318808.193, 60
Trd, 4318808.343, 60
Trd, 4318808.493, 61
Trd, 4318808.843, 60
Trd, 4318810.143, 60
Trd, 4318810.993, 96
Trd, 4318811.193, 105
Trd, 4318811.293, 106
Trd, 4318812.793, 63
Trd, 4318815.143, 60
Trd, 4318815.843, 60
Trd, 4318816.293, 60
Trd, 4318816.693, 60
Trd, 4318816.743, 61
Trd, 4318817.793, 60
Trd, 4318817.943, 60
Trd, 4318819.343, 65
Trd, 4318820.193, 60
Trd, 4318820.343, 62
Trd, 4318820.993, 61
Trd, 4318823.243, 61
Trd, 4318824.393, 64
Trd, 4318824.643, 65
Trd, 4318824.743, 63
Trd, 4318825.943, 60
Trd, 4318826.293, 62
Trd, 4318827.543, 67
Trd, 4318827.593, 77
Trd, 4318827.993, 78
Trd, 4318828.693, 85
Trd, 4318829.543, 61
Trd, 4318830.643, 60
Trd, 4318831.343, 60
Trd, 4318831.393, 61
Trd, 4318831.843, 71
Trd, 4318832.193, 72
Trd, 4318832.693, 62
Trd, 4318832.993, 60
Trd, 4318833.393, 89
Trd, 4318834.743, 64
Trd, 4318835.743, 60
Trd, 4318836.043, 60
Trd, 4318836.293, 60
Trd, 4318836.493, 72
Trd, 4318837.593, 60
Trd, 4318837.643, 62
Trd, 4318838.443, 71
Trd, 4318839.043, 62
Trd, 4318839.393, 71
Trd, 4318840.493, 69
Trd, 4318841.243, 64
Trd, 4318841.643, 70
Trd, 4318842.593, 107
Trd, 4318843.993, 67
Trd, 4318844.243, 107
Trd, 4318844.593, 140
Trd, 4318845.593, 99
Trd, 4318845.693, 73
Trd, 4318845.793, 109
Trd, 4318845.993, 72
Trd, 4318846.443, 137
Trd, 4318846.893, 140
Trd, 4318847.343, 86
Trd, 4318850.093, 64
Trd, 4318850.193, 66
Trd, 4318850.743, 61
Trd, 4318851.493, 60
Trd, 4318851.643, 65
Trd, 4318852.043, 60
Trd, 4318852.393, 61
Trd, 4318853.143, 63
Trd, 4318854.043, 62
Trd, 4318854.793, 60
Trd, 4318855.693, 61
Trd, 4318856.243, 67
Trd, 4318856.893, 75
Trd, 4318858.393, 60
Trd, 4318858.593, 60
Trd, 4318859.243, 65
Trd, 4318861.243, 61
Trd, 4318861.693, 63
Trd, 4318861.943, 61
Trd, 4318862.443, 65
Trd, 4318863.043, 63
Trd, 4318863.793, 60
Trd, 4318863.893, 64
Trd, 4318864.693, 66
Trd, 4318865.343, 67
Trd, 4318866.043, 63
Trd, 4318866.543, 64
Trd, 4318866.693, 62
Trd, 4318867.143, 66
Trd, 4318868.343, 64
Trd, 4318868.593, 64
Trd, 4318870.093, 61
Trd, 4318870.343, 63
Trd, 4318872.093, 68
Trd, 4318872.493, 60
Trd, 4318873.043, 65
Trd, 4318873.293, 60
Trd, 4318873.343, 70
Trd, 4318873.543, 75
Trd, 4318873.893, 60
Trd, 4318874.793, 65
Trd, 4318875.643, 74
Trd, 4318876.443, 74
Trd, 4318877.193, 140
Trd, 4318877.493, 140
Trd, 4318877.843, 140
Trd, 4318878.193, 81
Trd, 4318879.193, 140
Trd, 4318879.993, 139
Trd, 4318880.243, 140
Trd, 4318881.143, 115
Trd, 4318882.293, 140
Trd, 4318882.743, 140
Trd, 4318883.493, 140
Trd, 4318884.593, 140
Trd, 4318885.893, 138
Trd, 4318886.093, 137
Trd, 4318886.393, 137
Trd, 4318886.543, 139
Trd, 4318887.143, 124
Trd, 4318887.943, 139
Trd, 4318888.943, 140
Trd, 4318889.093, 140
Trd, 4318889.243, 134
Trd, 4318890.093, 93
Trd, 4318890.943, 75
Trd, 4318892.343, 135
Trd, 4318892.393, 83
Trd, 4318892.943, 140
Trd, 4318893.393, 134
Trd, 4318894.793, 140
Trd, 4318894.893, 139
Trd, 4318896.793, 138
Trd, 4318897.493, 79
Trd, 4318898.143, 77
Trd, 4318898.993, 64
Trd, 4318899.043, 65
Trd, 4318899.443, 73
Trd, 4318900.393, 140
Trd, 4318901.593, 140
Trd, 4318902.643, 140
Trd, 4318903.393, 140
Trd, 4318904.043, 139
Trd, 4318904.143, 139
Trd, 4318905.893, 139
Trd, 4318906.243, 139
Trd, 4318906.743, 135
Trd, 4318907.143, 61
Trd, 4318907.243, 62
Trd, 4318908.693, 139
Trd, 4318908.793, 133
Trd, 4318909.843, 134
Trd, 4318910.693, 140
Trd, 4318910.793, 140
Trd, 4318910.893, 137
Trd, 4318911.693, 60
Trd, 4318911.893, 60
Trd, 4318912.243, 61
Trd, 4318912.893, 60
Trd, 4318914.093, 67
Trd, 4318914.543, 62
Trd, 4318916.443, 61
Trd, 4318917.193, 60
Trd, 4318917.493, 60
Trd, 4318917.843, 61
Trd, 4318918.243, 61
Trd, 4318919.343, 60
Trd, 4318919.493, 61
Trd, 4318919.793, 61
Trd, 4318920.543, 65
Trd, 4318920.993, 66
Trd, 4318921.343, 61
Trd, 4318922.543, 69
Trd, 4318922.693, 75
Trd, 4318923.443, 67
Trd, 4318924.093, 109
Trd, 4318924.793, 70
Trd, 4318925.393, 140
Trd, 4318925.893, 140
Trd, 4318926.743, 138
Trd, 4318926.793, 137
Trd, 4318927.243, 139
Trd, 4318927.493, 137
Trd, 4318927.593, 118
Trd, 4318928.043, 67
Trd, 4318929.493, 61
Trd, 4318931.343, 64
Trd, 4318931.393, 64
Trd, 4318931.593, 87
Trd, 4318932.593, 60
Trd, 4318932.693, 62
Trd, 4318934.293, 60
Trd, 4318934.593, 62
Trd, 4318935.693, 62
Trd, 4318936.743, 62
Trd, 4318936.993, 63
Trd, 4318937.693, 60
Trd, 4318938.693, 60
Trd, 4318939.243, 60
Trd, 4318939.943, 60
Trd, 4318940.243, 62
Trd, 4318940.943, 60
Trd, 4318941.693, 60
Trd, 4318942.643, 111
Trd, 4318943.543, 81
Trd, 4318944.243, 140
Trd, 4318944.393, 140
Trd, 4318945.343, 140
Trd, 4318947.393, 139
Trd, 4318948.393, 139
Trd, 4318948.543, 139
Trd, 4318949.193, 137
Trd, 4318949.543, 131
Trd, 4318949.743, 130
Trd, 4318950.043, 92
Trd, 4318950.643, 71
Trd, 4318951.343, 67
Trd, 4318951.793, 66
Trd, 4318951.893, 104
Trd, 4318952.793, 140
Trd, 4318953.093, 140
Trd, 4318954.393, 140
Trd, 4318956.043, 140
Trd, 4318956.543, 128
Trd, 4318957.293, 140
Trd, 4318958.693, 139
Trd, 4318959.293, 140
Trd, 4318959.443, 80
Trd, 4318959.493, 79
Trd, 4318962.293, 140
Trd, 4318962.343, 140
Trd, 4318963.193, 140
Trd, 4318964.143, 140
Trd, 4318964.593, 140
Trd, 4318964.693, 139
Trd, 4318964.993, 120
Trd, 4318965.943, 139
Trd, 4318966.293, 138
Trd, 4318966.393, 69
Trd, 4318967.443, 126
Trd, 4318967.893, 113
Trd, 4318969.193, 140
Trd, 4318969.243, 140
Trd, 4318969.443, 63
Trd, 4318970.293, 124
Trd, 4318970.943, 96
Trd, 4318971.893, 140
Trd, 4318972.893, 140
Trd, 4318972.993, 140
Trd, 4318974.593, 140
Trd, 4318975.093, 140
Trd, 4318975.393, 140
Trd, 4318975.743, 90
Trd, 4318976.793, 61
Trd, 4318977.143, 70
Trd, 4318979.093, 60
Trd, 4318980.143, 61
Trd, 4318980.243, 61
Trd, 4318980.793, 61
Trd, 4318981.593, 111
Trd, 4318982.243, 61
Trd, 4318982.443, 62
Trd, 4318982.493, 81
Trd, 4318983.143, 140
Trd, 4318983.793, 140
Trd, 4318984.093, 140
Trd, 4318984.743, 140
Trd, 4318985.293, 137
Trd, 4318985.493, 113
Trd, 4318986.493, 99
Trd, 4318986.693, 140
Trd, 4318986.993, 120
Trd, 4318987.343, 109
Trd, 4318987.443, 108
Trd, 4318989.393, 140
Trd, 4318990.743, 140
Trd, 4318990.943, 140
Trd, 4318991.743, 140
Trd, 4318991.793, 140
Trd, 4318992.543, 139
Trd, 4318992.693, 99
Trd, 4318992.893, 140
Trd, 4318994.193, 140
Trd, 4318994.743, 120
Trd, 4318995.743, 140
Trd, 4318996.793, 140
Trd, 4318997.743, 140
Trd, 4318997.943, 140
Trd, 4318998.293, 140
Trd, 4318999.643, 140
Trd, 4319000.293, 140
Trd, 4319000.593, 140
Trd, 4319000.743, 140
Trd, 4319001.493, 140
Trd, 4319001.643, 138
Trd, 4319002.893, 118
Trd, 4319003.043, 115
Trd, 4319003.193, 65
Trd, 4319004.843, 135
Trd, 4319006.093, 140
Trd, 4319006.243, 137
Trd, 4319006.643, 121
Trd, 4319007.093, 140
Trd, 4319007.743, 139
Trd, 4319007.943, 138
Trd, 4319008.593, 60
Trd, 4319009.193, 61
Trd, 4319010.243, 61
Trd, 4319010.393, 64
Trd, 4319011.393, 140
Trd, 4319011.443, 140
Trd, 4319012.643, 61
Trd, 4319013.793, 64
Trd, 4319013.843, 62
Trd, 4319015.293, 61
Trd, 4319016.043, 60
Trd, 4319016.193, 60
Trd, 4319016.293, 60
Trd, 4319017.343, 62
Trd, 4319017.993, 63
Trd, 4319018.443, 65
Trd, 4319018.743, 67
Trd, 4319018.993, 66
Trd, 4319020.143, 80
Trd, 4319020.593, 67
Trd, 4319021.243, 62
Trd, 4319021.843, 63
Trd, 4319022.243, 65
Trd, 4319022.993, 60
Trd, 4319023.143, 67
Trd, 4319023.593, 61
Trd, 4319024.743, 61
Trd, 4319025.243, 60
Trd, 4319026.043, 60
Trd, 4319026.693, 61
Trd, 4319027.293, 61
Trd, 4319028.893, 61
Trd, 4319029.243, 61
Trd, 4319030.643, 60
Trd, 4319032.043, 66
Trd, 4319032.443, 60
Trd, 4319032.843, 61
Trd, 4319033.243, 61
Trd, 4319033.743, 70
Trd, 4319033.943, 91
Trd, 4319034.993, 63
Trd, 4319035.593, 64
Trd, 4319036.093, 61
Trd, 4319036.143, 63
Trd, 4319037.793, 61
Trd, 4319038.493, 61
Trd, 4319039.143, 60
Trd, 4319040.543, 65
Trd, 4319041.143, 140
Trd, 4319041.693, 140
Trd, 4319042.193, 140
Trd, 4319042.393, 140
Trd, 4319042.843, 118
Trd, 4319043.293, 139
Trd, 4319044.293, 139
Trd, 4319045.543, 140
Trd, 4319045.593, 140
Trd, 4319046.343, 140
Trd, 4319046.743, 140
Trd, 4319047.243, 140
Trd, 4319047.993, 140
Trd, 4319048.293, 140
Trd, 4319049.993, 140
Trd, 4319050.293, 140
Trd, 4319050.493, 140
Trd, 4319051.243, 140
Trd, 4319052.993, 140
Trd, 4319053.193, 140
Trd, 4319055.093, 140
Trd, 4319055.343, 140
Trd, 4319055.843, 139
Trd, 4319056.743, 140
Trd, 4319056.793, 140
Trd, 4319057.243, 140
Trd, 4319058.443, 140
Trd, 4319059.493, 140
Trd, 4319060.143, 139
Trd, 4319061.243, 140
Trd, 4319062.193, 123
Trd, 4319062.843, 140
Trd, 4319063.143, 140
Trd, 4319063.193, 139
Trd, 4319063.593, 90
Trd, 4319063.793, 140
Trd, 4319064.743, 65
Trd, 4319065.193, 61
Trd, 4319066.043, 67
Trd, 4319066.393, 63
Trd, 4319067.193, 64
Trd, 4319068.243, 119
Trd, 4319068.493, 71
Trd, 4319068.893, 90
Trd, 4319069.043, 132
Trd, 4319069.593, 61
Trd, 4319069.943, 61
Trd, 4319071.693, 61
Trd, 4319071.993, 60
Trd, 4319072.293, 65
Trd, 4319073.793, 65
Trd, 4319074.043, 63
Trd, 4319074.443, 64
Trd, 4319074.993, 60
Trd, 4319075.743, 63
Trd, 4319076.743, 73
Trd, 4319077.093, 61
Trd, 4319077.793, 63
Trd, 4319078.043, 112
Trd, 4319078.693, 134
Trd, 4319079.093, 133
Trd, 4319079.143, 132
Trd, 4319079.593, 139
Trd, 4319080.743, 140
Trd, 4319080.943, 138
Trd, 4319081.193, 130
Trd, 4319081.493, 129
Trd, 4319083.293, 60
Trd, 4319084.793, 60
Trd, 4319085.093, 60
Trd, 4319085.493, 61
Trd, 4319086.043, 74
Trd, 4319086.093, 87
Trd, 4319087.193, 139
Trd, 4319088.993, 60
Trd, 4319089.243, 60
Trd, 4319089.793, 60
Trd, 4319089.943, 65
Trd, 4319090.093, 68
Trd, 4319090.943, 61
Trd, 4319091.393, 61
Trd, 4319091.943, 62
Trd, 4319092.543, 66
Trd, 4319093.743, 68
Trd, 4319094.043, 67
Trd, 4319094.393, 68
Trd, 4319094.543, 75
Trd, 4319094.893, 86
Trd, 4319095.343, 100
Trd, 4319095.543, 68
Trd, 4319096.793, 89
Trd, 4319096.993, 67
Trd, 4319098.593, 62
Trd, 4319098.643, 72
Trd, 4319098.743, 93
Trd, 4319099.343, 140
Trd, 4319100.493, 140
Trd, 4319100.693, 140
Trd, 4319101.443, 140
Trd, 4319101.893, 138
Trd, 4319102.793, 140
Trd, 4319102.893, 140
Trd, 4319102.943, 116
Trd, 4319103.293, 84
Trd, 4319103.943, 139
Trd, 4319105.293, 140
Trd, 4319105.793, 60
Trd, 4319106.093, 66
Trd, 4319107.943, 60
Trd, 4319108.943, 60
Trd, 4319109.243, 63
Trd, 4319109.843, 140
Trd, 4319110.393, 140
Trd, 4319110.593, 139
Trd, 4319110.943, 140
Trd, 4319112.293, 140
Trd, 4319112.443, 140
Trd, 4319113.443, 69
Trd, 4319113.993, 138
Trd, 4319114.143, 135
Trd, 4319114.543, 85
Trd, 4319115.793, 140
Trd, 4319116.993, 140
Trd, 4319117.093, 140
Trd, 4319117.693, 138
Trd, 4319118.243, 139
Trd, 4319118.893, 140
Trd, 4319119.843, 140
Trd, 4319121.093, 140
Trd, 4319121.143, 139
Trd, 4319121.793, 140
Trd, 4319122.493, 140
Trd, 4319123.693, 137
Trd, 4319124.043, 124
Trd, 4319124.493, 60
Trd, 4319127.493, 60
Trd, 4319128.193, 61
Trd, 4319128.593, 60
Trd, 4319128.643, 60
Trd, 4319129.393, 60
Trd, 4319129.643, 61
Trd, 4319130.693, 62
Trd, 4319130.993, 62
Trd, 4319131.593, 68
Trd, 4319131.793, 62
Trd, 4319132.343, 74
Trd, 4319132.443, 75
Trd, 4319132.993, 73
Trd, 4319133.393, 137
Trd, 4319133.943, 138
Trd, 4319135.193, 137
Trd, 4319135.793, 138
Trd, 4319136.543, 62
Trd, 4319136.743, 66
Trd, 4319137.543, 73
Trd, 4319138.043, 115
Trd, 4319138.143, 114
Trd, 4319138.993, 60
Trd, 4319139.193, 63
Trd, 4319139.743, 63
Trd, 4319140.493, 65
Trd, 4319141.243, 60
Trd, 4319143.493, 60
Trd, 4319143.593, 60
Trd, 4319143.793, 61
Trd, 4319144.293, 63
Trd, 4319145.143, 66
Trd, 4319145.493, 110
Trd, 4319145.943, 138
Trd, 4319146.643, 140
Trd, 4319146.793, 137
Trd, 4319147.093, 64
Trd, 4319148.343, 61
Trd, 4319149.743, 70
Trd, 4319150.093, 60
Trd, 4319151.293, 60
Trd, 4319151.393, 61
Trd, 4319151.543, 68
Trd, 4319152.093, 62
Trd, 4319153.393, 83
Trd, 4319153.693, 62
Trd, 4319154.343, 62
Trd, 4319155.243, 83
Trd, 4319155.393, 60
Trd, 4319156.343, 63
Trd, 4319157.093, 136
Trd, 4319157.293, 124
Trd, 4319157.943, 81
Trd, 4319158.443, 81
Trd, 4319159.093, 140
Trd, 4319160.443, 140
Trd, 4319160.493, 140
Trd, 4319160.643, 116
Trd, 4319160.793, 66
Trd, 4319163.493, 140
Trd, 4319164.043, 140
Trd, 4319164.593, 140
Trd, 4319165.293, 140
Trd, 4319165.443, 140
Trd, 4319166.343, 139
Trd, 4319166.393, 78
Trd, 4319168.793, 140
Trd, 4319168.943, 140
Trd, 4319169.893, 140
Trd, 4319170.043, 140
Trd, 4319170.393, 140
Trd, 4319171.643, 140
Trd, 4319171.743, 139
Trd, 4319172.443, 138
Trd, 4319172.993, 137
Trd, 4319173.243, 109
Trd, 4319174.193, 140
Trd, 4319174.993, 140
Trd, 4319175.393, 140
Trd, 4319176.193, 131
Trd, 4319176.343, 139
Trd, 4319177.193, 140
Trd, 4319177.793, 133
Trd, 4319178.643, 140
Trd, 4319179.643, 140
Trd, 4319179.893, 138
Trd, 4319179.943, 71
Trd, 4319180.993, 64
Trd, 4319181.343, 113
Trd, 4319182.243, 77
Trd, 4319182.643, 60
Trd, 4319185.043, 140
Trd, 4319185.093, 140
Trd, 4319185.343, 140
Trd, 4319185.493, 140
Trd, 4319187.343, 140
Trd, 4319187.393, 140
Trd, 4319187.443, 139
Trd, 4319188.543, 130
Trd, 4319189.243, 140
Trd, 4319189.793, 91
Trd, 4319190.293, 63
Trd, 4319190.693, 64
Trd, 4319190.843, 60
Trd, 4319191.293, 140
Trd, 4319192.493, 60
Trd, 4319193.093, 62
Trd, 4319193.943, 64
Trd, 4319194.043, 61
Trd, 4319194.343, 62
Trd, 4319195.593, 60
Trd, 4319195.693, 68
Trd, 4319196.543, 70
Trd, 4319197.343, 140
Trd, 4319197.443, 77
Trd, 4319197.943, 139
Trd, 4319197.993, 138
Trd, 4319198.593, 65
Trd, 4319200.043, 60
Trd, 4319200.693, 60
Trd, 4319201.293, 63
Trd, 4319201.393, 65
Trd, 4319203.743, 60
Trd, 4319204.093, 62
Trd, 4319204.393, 63
Trd, 4319204.593, 63
Trd, 4319205.843, 65
Trd, 4319206.693, 60
Trd, 4319207.093, 61
Trd, 4319207.493, 60
Trd, 4319208.043, 69
Trd, 4319210.543, 60
Trd, 4319211.443, 60
Trd, 4319212.593, 60
Trd, 4319213.593, 60
Trd, 4319214.843, 60
Trd, 4319214.993, 60
Trd, 4319215.443, 60
Trd, 4319216.093, 63
Trd, 4319217.093, 63
Trd, 4319217.343, 63
Trd, 4319218.943, 61
Trd, 4319219.243, 61
Trd, 4319219.443, 62
Trd, 4319221.443, 60
Trd, 4319222.593, 60
Trd, 4319223.643, 60
Trd, 4319223.743, 60
Trd, 4319223.843, 63
Trd, 4319224.493, 60
Trd, 4319224.593, 60
Trd, 4319225.343, 60
Trd, 4319225.743, 68
Trd, 4319226.193, 101
Trd, 4319226.943, 100
Trd, 4319227.443, 109
Trd, 4319227.993, 61
Trd, 4319229.493, 82
Trd, 4319229.943, 64
Trd, 4319230.243, 95
Trd, 4319230.443, 63
Trd, 4319230.643, 103
Trd, 4319231.993, 60
Trd, 4319232.793, 60
Trd, 4319234.143, 60
Trd, 4319234.193, 61
Trd, 4319234.343, 88
Trd, 4319235.293, 61
Trd, 4319235.693, 120
Trd, 4319236.143, 60
Trd, 4319236.993, 65
Trd, 4319237.043, 68
Trd, 4319238.993, 61
Trd, 4319239.443, 61
Trd, 4319239.493, 82
Trd, 4319239.843, 88
Trd, 4319240.243, 103
Trd, 4319241.093, 62
Trd, 4319241.793, 76
Trd, 4319243.043, 68
Trd, 4319244.293, 136
Trd, 4319244.443, 96
Trd, 4319244.693, 62
Trd, 4319245.093, 140
Trd, 4319245.443, 138
Trd, 4319246.293, 140
Trd, 4319246.593, 140
Trd, 4319247.093, 140
Trd, 4319248.343, 140
Trd, 4319249.543, 140
Trd, 4319249.793, 140
Trd, 4319249.943, 140
Trd, 4319251.143, 140
Trd, 4319251.843, 139
Trd, 4319252.393, 139
Trd, 4319252.793, 93
Trd, 4319253.093, 128
Trd, 4319255.043, 140
Trd, 4319255.693, 140
Trd, 4319255.943, 140
Trd, 4319255.993, 139
Trd, 4319257.143, 140
Trd, 4319258.493, 140
Trd, 4319258.543, 140
Trd, 4319258.793, 140
Trd, 4319258.843, 140
Trd, 4319261.093, 139
Trd, 4319261.443, 138
Trd, 4319261.643, 87
Trd, 4319262.843, 137
Trd, 4319262.993, 119
Trd, 4319263.243, 140
Trd, 4319264.293, 140
Trd, 4319264.593, 140
Trd, 4319265.093, 140
Trd, 4319265.743, 140
Trd, 4319266.443, 139
Trd, 4319268.643, 140
Trd, 4319268.793, 140
Trd, 4319268.893, 140
Trd, 4319269.593, 135
Trd, 4319269.993, 139
Trd, 4319270.243, 129
Trd, 4319272.743, 140
Trd, 4319273.243, 140
Trd, 4319273.543, 140
Trd, 4319274.743, 79
Trd, 4319275.543, 140
Trd, 4319275.843, 140
Trd, 4319276.693, 140
Trd, 4319278.543, 140
Trd, 4319279.743, 140
Trd, 4319280.493, 140
Trd, 4319281.093, 140
Trd, 4319281.143, 140
Trd, 4319281.543, 140
Trd, 4319281.693, 140
Trd, 4319282.543, 140
Trd, 4319283.143, 139
Trd, 4319283.393, 105
Trd, 4319283.993, 77
Trd, 4319284.543, 72
Trd, 4319285.593, 140
Trd, 4319285.893, 140
Trd, 4319286.843, 140
Trd, 4319287.243, 139
Trd, 4319287.943, 140
Trd, 4319288.643, 140
Trd, 4319289.193, 140
Trd, 4319289.493, 99
Trd, 4319291.093, 140
Trd, 4319292.043, 140
Trd, 4319293.193, 139
Trd, 4319293.893, 140
Trd, 4319294.693, 140
Trd, 4319295.243, 139
Trd, 4319295.693, 138
Trd, 4319296.493, 140
Trd, 4319296.843, 140
Trd, 4319297.393, 125
Trd, 4319297.793, 126
Trd, 4319298.193, 140
Trd, 4319298.543, 87
Trd, 4319298.743, 106
Trd, 4319299.593, 68
Trd, 4319299.843, 72
Trd, 4319300.943, 101
Trd, 4319301.943, 140
Trd, 4319303.943, 140
Trd, 4319305.143, 140
Trd, 4319305.243, 140
Trd, 4319305.393, 140
Trd, 4319305.693, 139
Trd, 4319306.893, 85
Trd, 4319307.893, 60
Trd, 4319307.943, 61
Trd, 4319307.993, 129
Trd, 4319308.743, 62
Trd, 4319309.893, 60
Trd, 4319310.043, 60
Trd, 4319311.893, 60
Trd, 4319312.293, 60
Trd, 4319312.393, 60
Trd, 4319313.343, 63
Trd, 4319314.593, 65
Trd, 4319316.893, 63
Trd, 4319317.143, 60
Trd, 4319317.293, 65
Trd, 4319317.393, 66
Trd, 4319318.543, 63
Trd, 4319320.493, 60
Trd, 4319321.243, 60
Trd, 4319322.043, 60
Trd, 4319322.393, 60
Trd, 4319322.643, 60
Trd, 4319322.743, 62
Trd, 4319323.143, 60
Trd, 4319323.743, 65
Trd, 4319325.493, 61
Trd, 4319326.193, 62
Trd, 4319326.243, 68
Trd, 4319326.993, 60
Trd, 4319327.643, 60
Trd, 4319329.543, 60
Trd, 4319329.843, 60
Trd, 4319330.493, 60
Trd, 4319331.243, 60
Trd, 4319331.593, 60
Trd, 4319331.893, 66
Trd, 4319332.243, 60
Trd, 4319332.543, 62
Trd, 4319333.293, 60
Trd, 4319334.293, 87
Trd, 4319334.593, 88
Trd, 4319335.143, 140
Trd, 4319335.343, 140
Trd, 4319335.693, 66
Trd, 4319336.993, 70
Trd, 4319337.143, 61
Trd, 4319339.443, 60
Trd, 4319340.043, 60
Trd, 4319340.093, 60
Trd, 4319340.193, 61
Trd, 4319340.443, 61
Trd, 4319340.993, 60
Trd, 4319341.393, 61
Trd, 4319342.193, 60
Trd, 4319342.293, 63
Trd, 4319344.143, 60
Trd, 4319344.193, 61
Trd, 4319345.293, 67
Trd, 4319345.393, 68
Trd, 4319346.143, 74
Trd, 4319348.043, 61
Trd, 4319348.893, 60
Trd, 4319349.243, 60
Trd, 4319349.493, 60
Trd, 4319349.993, 63
Trd, 4319350.143, 65
Trd, 4319350.493, 61
Trd, 4319350.593, 67
Trd, 4319352.693, 60
Trd, 4319352.943, 62
Trd, 4319353.743, 68
Trd, 4319354.093, 140
Trd, 4319354.193, 85
Trd, 4319355.843, 61
Trd, 4319356.793, 60
Trd, 4319357.043, 62
Trd, 4319359.743, 60
Trd, 4319359.843, 61
Trd, 4319361.193, 60
Trd, 4319361.943, 60
Trd, 4319362.143, 60
Trd, 4319363.443, 62
Trd, 4319366.093, 60
Trd, 4319366.643, 60
Trd, 4319367.143, 61
Trd, 4319367.193, 61
Trd, 4319367.343, 60
Trd, 4319368.193, 61
Trd, 4319368.543, 61
Trd, 4319369.043, 60
Trd, 4319369.843, 60
Trd, 4319370.893, 60
Trd, 4319370.993, 66
Trd, 4319372.043, 60
Trd, 4319372.443, 62
Trd, 4319373.993, 60
Trd, 4319375.343, 61
Trd, 4319375.393, 63
Trd, 4319375.493, 71
Trd, 4319376.093, 69
Trd, 4319376.443, 63
Trd, 4319378.393, 60
Trd, 4319379.393, 60
Trd, 4319379.743, 60
Trd, 4319381.093, 63
Trd, 4319381.443, 63
Trd, 4319381.893, 64
Trd, 4319382.293, 60
Trd, 4319383.043, 62
Trd, 4319383.743, 60
Trd, 4319385.143, 60
Trd, 4319386.043, 60
Trd, 4319386.943, 60
Trd, 4319387.043, 63
Trd, 4319388.143, 60
Trd, 4319388.343, 63
Trd, 4319388.693, 69
Trd, 4319388.793, 70
Trd, 4319389.793, 60
Trd, 4319389.943, 80
Trd, 4319390.993, 61
Trd, 4319391.693, 66
Trd, 4319393.243, 71
Trd, 4319393.343, 127
Trd, 4319394.043, 60
Trd, 4319394.243, 75
Trd, 4319394.543, 110
Trd, 4319395.293, 140
Trd, 4319395.693, 140
Trd, 4319397.493, 140
Trd, 4319397.943, 140
Trd, 4319398.243, 140
Trd, 4319399.093, 140
Trd, 4319399.693, 138
Trd, 4319399.943, 140
Trd, 4319400.443, 139
Trd, 4319400.943, 140
Trd, 4319403.993, 140
Trd, 4319404.493, 140
Trd, 4319404.543, 140
Trd, 4319404.643, 140
Trd, 4319404.893, 120
Trd, 4319405.043, 104
Trd, 4319405.093, 139
Trd, 4319405.293, 140
Trd, 4319406.043, 72
Trd, 4319406.793, 60
Trd, 4319408.443, 66
Trd, 4319409.493, 61
Trd, 4319409.793, 73
Trd, 4319410.493, 64
Trd, 4319411.743, 66
Trd, 4319412.143, 61
Trd, 4319412.943, 66
Trd, 4319413.043, 67
Trd, 4319415.943, 61
Trd, 4319416.593, 60
Trd, 4319417.593, 61
Trd, 4319417.843, 62
Trd, 4319418.093, 69
Trd, 4319418.293, 61
Trd, 4319419.343, 63
Trd, 4319419.493, 66
Trd, 4319419.843, 62
Trd, 4319420.493, 60
Trd, 4319421.793, 61
Trd, 4319422.593, 61
Trd, 4319423.193, 60
Trd, 4319423.743, 60
Trd, 4319424.143, 61
Trd, 4319424.643, 61
Trd, 4319426.043, 60
Trd, 4319426.343, 60
Trd, 4319426.593, 68
Trd, 4319427.093, 68
Trd, 4319427.143, 67
Trd, 4319427.693, 140
Trd, 4319429.343, 63
Trd, 4319429.543, 64
Trd, 4319430.493, 62
Trd, 4319431.493, 60
Trd, 4319432.043, 64
Trd, 4319432.293, 68
Trd, 4319433.143, 63
Trd, 4319433.743, 62
Trd, 4319435.943, 60
Trd, 4319436.043, 60
Trd, 4319436.493, 65
Trd, 4319436.893, 65
Trd, 4319437.343, 94
Trd, 4319438.193, 140
Trd, 4319438.293, 140
Trd, 4319438.543, 140
Trd, 4319438.793, 116
Trd, 4319439.693, 125
Trd, 4319440.443, 105
Trd, 4319440.743, 140
Trd, 4319441.143, 60
Trd, 4319442.393, 68
Trd, 4319442.893, 69
Trd, 4319443.243, 99
Trd, 4319444.743, 61
Trd, 4319444.793, 61
Trd, 4319445.193, 64
Trd, 4319446.043, 61
Trd, 4319446.593, 63
Trd, 4319448.693, 60
Trd, 4319449.493, 60
Trd, 4319449.893, 60
Trd, 4319452.343, 62
Trd, 4319452.543, 60
Trd, 4319452.743, 63
Trd, 4319452.893, 67
Trd, 4319452.993, 69
Trd, 4319453.493, 140
Trd, 4319454.343, 136
Trd, 4319455.043, 139
Trd, 4319455.443, 140
Trd, 4319456.043, 139
Trd, 4319456.443, 73
Trd, 4319458.493, 139
Trd, 4319458.593, 139
Trd, 4319459.693, 140
Trd, 4319459.843, 139
Trd, 4319459.993, 137
Trd, 4319460.393, 91
Trd, 4319461.693, 140
Trd, 4319461.793, 140
Trd, 4319463.243, 139
Trd, 4319463.343, 113
Trd, 4319463.393, 140
Trd, 4319463.943, 63
Trd, 4319464.943, 70
Trd, 4319465.293, 93
Trd, 4319466.743, 138
Trd, 4319467.143, 60
Trd, 4319468.893, 64
Trd, 4319469.443, 61
Trd, 4319469.843, 66
Trd, 4319470.343, 62
Trd, 4319470.443, 68
Trd, 4319471.843, 69
Trd, 4319472.893, 122
Trd, 4319473.243, 139
Trd, 4319473.543, 139
Trd, 4319473.693, 137
Trd, 4319473.843, 133
Trd, 4319474.393, 140
Trd, 4319474.793, 140
Trd, 4319475.493, 107
Trd, 4319476.943, 140
Trd, 4319478.643, 140
Trd, 4319478.893, 140
Trd, 4319479.043, 140
Trd, 4319479.193, 102
Trd, 4319479.893, 140
Trd, 4319480.443, 70
Trd, 4319481.793, 130
Trd, 4319482.043, 117
Trd, 4319482.393, 138
Trd, 4319483.093, 139
Trd, 4319483.693, 112
Trd, 4319483.993, 112
Trd, 4319485.293, 113
Trd, 4319485.793, 60
Trd, 4319485.943, 60
Trd, 4319486.043, 64
Trd, 4319486.743, 102
Trd, 4319487.093, 70
Trd, 4319487.793, 61
Trd, 4319489.543, 60
Trd, 4319490.593, 60
Trd, 4319491.993, 60
Trd, 4319492.343, 62
Trd, 4319492.593, 65
Trd, 4319492.943, 64
Trd, 4319493.693, 63
Trd, 4319493.743, 64
Trd, 4319494.743, 61
Trd, 4319496.293, 60
Trd, 4319496.793, 60
Trd, 4319497.243, 60
Trd, 4319497.993, 61
Trd, 4319499.593, 60
Trd, 4319500.293, 60
Trd, 4319500.443, 60
Trd, 4319500.693, 61
Trd, 4319501.293, 60
Trd, 4319501.843, 60
Trd, 4319501.943, 61
Trd, 4319502.193, 60
Trd, 4319502.993, 60
Trd, 4319503.243, 61
Trd, 4319503.593, 64
Trd, 4319503.643, 91
Trd, 4319506.143, 60
Trd, 4319507.243, 61
Trd, 4319507.793, 60
Trd, 4319509.093, 63
Trd, 4319510.193, 61
Trd, 4319510.943, 61
Trd, 4319511.393, 62
Trd, 4319511.643, 65
Trd, 4319512.193, 60
Trd, 4319512.993, 61
Trd, 4319513.443, 60
Trd, 4319513.643, 60
Trd, 4319513.743, 61
Trd, 4319514.043, 74
Trd, 4319514.793, 99
Trd, 4319514.943, 100
Trd, 4319515.943, 71
Trd, 4319516.893, 72
Trd, 4319518.043, 70
Trd, 4319519.343, 140
Trd, 4319520.093, 140
Trd, 4319520.293, 138
Trd, 4319520.943, 122
Trd, 4319521.343, 121
Trd, 4319522.593, 60
Trd, 4319523.593, 61
Trd, 4319523.643, 63
Trd, 4319524.243, 68
Trd, 4319524.493, 66
Trd, 4319524.993, 72
Trd, 4319525.043, 81
Trd, 4319526.293, 60
Trd, 4319527.993, 60
Trd, 4319528.393, 61
Trd, 4319529.243, 63
Trd, 4319529.593, 67
Trd, 4319530.543, 72
Trd, 4319531.743, 66
Trd, 4319532.143, 64
Trd, 4319533.143, 61
Trd, 4319533.343, 61
Trd, 4319533.443, 62
Trd, 4319534.193, 60
Trd, 4319535.343, 61
Trd, 4319535.643, 66
Trd, 4319535.743, 75
Trd, 4319536.693, 66
Trd, 4319537.943, 140
Trd, 4319538.593, 60
Trd, 4319539.793, 60
Trd, 4319540.443, 60
Trd, 4319541.193, 60
Trd, 4319541.643, 60
Trd, 4319542.693, 60
Trd, 4319542.793, 62
Trd, 4319544.143, 60
Trd, 4319544.643, 62
Trd, 4319544.843, 63
Trd, 4319544.993, 88
Trd, 4319545.743, 139
Trd, 4319546.593, 76
Trd, 4319547.393, 72
Trd, 4319547.443, 90
Trd, 4319548.443, 66
Trd, 4319548.543, 65
Trd, 4319548.893, 67
Trd, 4319549.943, 65
Trd, 4319550.693, 60
Trd, 4319551.143, 60
Trd, 4319552.593, 63
Trd, 4319552.893, 68
Trd, 4319554.843, 78
Trd, 4319555.443, 60
Trd, 4319556.343, 60
Trd, 4319556.393, 69
Trd, 4319557.543, 60
Trd, 4319558.443, 61
Trd, 4319558.543, 62
Trd, 4319559.143, 62
Trd, 4319559.193, 63
Trd, 4319561.243, 60
Trd, 4319561.443, 60
Trd, 4319562.093, 61
Trd, 4319562.393, 61
Trd, 4319563.843, 63
Trd, 4319563.943, 69
Trd, 4319565.093, 60
Trd, 4319565.243, 61
Trd, 4319567.343, 67
Trd, 4319568.743, 63
Trd, 4319569.343, 61
Trd, 4319569.493, 61
Trd, 4319569.593, 61
Trd, 4319569.793, 60
Trd, 4319570.993, 65
Trd, 4319571.643, 61
Trd, 4319572.243, 63
Trd, 4319572.393, 64
Trd, 4319572.693, 64
Trd, 4319573.243, 112
Trd, 4319573.293, 119
Trd, 4319573.843, 73
Trd, 4319573.893, 72
Trd, 4319575.843, 139
Trd, 4319575.943, 104
Trd, 4319576.543, 140
Trd, 4319577.593, 140
Trd, 4319577.743, 140
Trd, 4319577.893, 140
Trd, 4319577.943, 65
Trd, 4319578.543, 140
Trd, 4319579.193, 139
Trd, 4319579.743, 127
Trd, 4319581.593, 140
Trd, 4319583.243, 140
Trd, 4319583.643, 140
Trd, 4319584.193, 140
Trd, 4319584.243, 139
Trd, 4319585.843, 140
Trd, 4319586.143, 140
Trd, 4319586.343, 140
Trd, 4319588.143, 140
Trd, 4319588.443, 139
Trd, 4319588.693, 140
Trd, 4319589.593, 132
Trd, 4319589.693, 86
Trd, 4319591.093, 140
Trd, 4319591.343, 140
Trd, 4319593.143, 140
Trd, 4319593.693, 140
Trd, 4319593.743, 140
Trd, 4319594.843, 140
Trd, 4319595.093, 140
Trd, 4319596.693, 139
Trd, 4319596.893, 138
Trd, 4319596.993, 138
Trd, 4319599.993, 140
Trd, 4319600.293, 140
Trd, 4319600.793, 140
Trd, 4319601.593, 140
Trd, 4319602.443, 140
Trd, 4319603.043, 139
Trd, 4319603.893, 140
Trd, 4319603.993, 140
Trd, 4319605.843, 137
Trd, 4319606.443, 135
Trd, 4319607.193, 140
Trd, 4319607.693, 140
Trd, 4319608.493, 127
Trd, 4319608.643, 117
Trd, 4319609.343, 140
Trd, 4319609.643, 74
Trd, 4319610.693, 60
Trd, 4319612.143, 60
Trd, 4319612.493, 67
Trd, 4319612.993, 60
Trd, 4319613.543, 66
Trd, 4319614.193, 63
Trd, 4319614.543, 78
Trd, 4319616.393, 62
Trd, 4319616.493, 61
Trd, 4319616.793, 65
Trd, 4319617.943, 72
Trd, 4319618.543, 65
Trd, 4319618.993, 66
Trd, 4319619.043, 64
Trd, 4319619.993, 71
Trd, 4319620.243, 96
Trd, 4319620.293, 60
Trd, 4319620.843, 68
Trd, 4319622.093, 140
Trd, 4319622.293, 140
Trd, 4319624.043, 140
Trd, 4319624.193, 140
Trd, 4319625.943, 140
Trd, 4319626.193, 140
Trd, 4319626.843, 139
Trd, 4319628.443, 140
Trd, 4319629.443, 139
Trd, 4319629.643, 140
Trd, 4319630.193, 140
Trd, 4319630.243, 127
Trd, 4319630.943, 127
Trd, 4319631.143, 105
Trd, 4319632.693, 140
Trd, 4319633.843, 140
Trd, 4319633.893, 140
Trd, 4319634.043, 140
Trd, 4319634.093, 137
Trd, 4319634.943, 71
Trd, 4319635.193, 73
Trd, 4319636.493, 140
Trd, 4319636.593, 140
Trd, 4319639.343, 140
Trd, 4319639.843, 140
Trd, 4319639.993, 137
Trd, 4319640.443, 139
Trd, 4319641.343, 139
Trd, 4319643.443, 140
Trd, 4319644.143, 140
Trd, 4319644.493, 140
Trd, 4319644.793, 140
Trd, 4319645.443, 139
Trd, 4319645.843, 138
Trd, 4319645.893, 110
Trd, 4319646.943, 92
Trd, 4319647.143, 138
Trd, 4319648.293, 60
Trd, 4319648.943, 63
Trd, 4319649.793, 60
Trd, 4319649.893, 62
Trd, 4319650.143, 60
Trd, 4319651.093, 74
Trd, 4319651.893, 61
Trd, 4319652.693, 69
Trd, 4319653.343, 79
Trd, 4319653.593, 94
Trd, 4319653.643, 70
Trd, 4319654.393, 70
Trd, 4319654.743, 133
Trd, 4319655.343, 95
Trd, 4319656.443, 138
Trd, 4319656.943, 140
Trd, 4319658.543, 139
Trd, 4319658.793, 138
Trd, 4319659.043, 109
Trd, 4319659.343, 140
Trd, 4319660.543, 139
Trd, 4319661.743, 60
Trd, 4319661.943, 60
Trd, 4319662.493, 62
Trd, 4319663.293, 61
Trd, 4319663.543, 61
Trd, 4319664.043, 62
Trd, 4319664.243, 61
Trd, 4319664.943, 62
Trd, 4319665.093, 78
Trd, 4319665.193, 63
Trd, 4319665.543, 136
Trd, 4319666.743, 64
Trd, 4319667.293, 63
Trd, 4319668.543, 61
Trd, 4319668.893, 65
Trd, 4319669.343, 62
Trd, 4319671.043, 64
Trd, 4319672.143, 61
Trd, 4319673.243, 61
Trd, 4319674.043, 68
Trd, 4319674.143, 72
Trd, 4319675.593, 60
Trd, 4319675.743, 60
Trd, 4319676.093, 60
Trd, 4319676.593, 62
Trd, 4319677.693, 60
Trd, 4319677.993, 61
Trd, 4319678.593, 61
Trd, 4319678.993, 62
Trd, 4319679.343, 62
Trd, 4319679.493, 62
Trd, 4319680.443, 62
Trd, 4319680.943, 64
Trd, 4319682.543, 65
Trd, 4319682.943, 68
Trd, 4319683.193, 63
Trd, 4319683.993, 64
Trd, 4319684.393, 65
Trd, 4319685.243, 60
Trd, 4319686.693, 61
Trd, 4319687.743, 61
Trd, 4319687.893, 67
Trd, 4319688.943, 64
Trd, 4319690.993, 60
Trd, 4319691.193, 62
Trd, 4319691.993, 61
Trd, 4319693.243, 60
Trd, 4319693.443, 60
Trd, 4319694.343, 61
Trd, 4319695.793, 60
Trd, 4319695.893, 64
Trd, 4319696.143, 61
Trd, 4319696.993, 63
Trd, 4319697.343, 64
Trd, 4319697.443, 76
Trd, 4319697.593, 60
Trd, 4319698.593, 125
Trd, 4319699.443, 81
Trd, 4319699.943, 60
Trd, 4319701.293, 60
Trd, 4319701.543, 60
Trd, 4319701.993, 60
Trd, 4319703.443, 60
Trd, 4319704.443, 65
Trd, 4319704.543, 66
Trd, 4319704.743, 138
Trd, 4319705.543, 60
Trd, 4319706.643, 60
Trd, 4319707.093, 61
Trd, 4319707.193, 61
Trd, 4319707.693, 62
Trd, 4319709.893, 62
Trd, 4319710.243, 62
Trd, 4319710.543, 61
Trd, 4319711.843, 60
Trd, 4319712.093, 60
Trd, 4319712.793, 60
Trd, 4319713.393, 60
Trd, 4319715.043, 60
Trd, 4319715.143, 62
Trd, 4319715.243, 60
Trd, 4319716.343, 61
Trd, 4319716.593, 63
Trd, 4319717.243, 64
Trd, 4319718.893, 66
Trd, 4319718.993, 70
Trd, 4319719.393, 71
Trd, 4319719.793, 62
Trd, 4319720.143, 70
Trd, 4319720.343, 60
Trd, 4319721.343, 60
Trd, 4319722.093, 63
Trd, 4319722.943, 109
Trd, 4319723.193, 87
Trd, 4319723.293, 87
Trd, 4319724.643, 60
Trd, 4319725.093, 60
Trd, 4319725.393, 61
Trd, 4319725.743, 62
Trd, 4319727.293, 60
Trd, 4319727.943, 60
Trd, 4319728.443, 67
Trd, 4319729.493, 60
Trd, 4319729.793, 60
Trd, 4319730.593, 60
Trd, 4319730.693, 61
Trd, 4319730.843, 64
Trd, 4319731.343, 66
Trd, 4319731.993, 60
Trd, 4319732.893, 60
Trd, 4319733.293, 60
Trd, 4319734.793, 62
Trd, 4319734.943, 62
Trd, 4319735.943, 68
Trd, 4319736.643, 71
Trd, 4319738.243, 60
Trd, 4319738.843, 60
Trd, 4319738.993, 62
Trd, 4319740.143, 60
Trd, 4319740.793, 60
Trd, 4319741.093, 62
Trd, 4319742.243, 61
Trd, 4319742.693, 60
Trd, 4319743.543, 62
Trd, 4319743.743, 64
Trd, 4319745.093, 62
Trd, 4319745.993, 60
Trd, 4319746.343, 61
Trd, 4319746.893, 63
Trd, 4319747.493, 60
Trd, 4319747.793, 63
Trd, 4319748.743, 67
Trd, 4319749.293, 63
Trd, 4319750.543, 62
Trd, 4319751.593, 60
Trd, 4319752.043, 61
Trd, 4319752.943, 61
Trd, 4319753.043, 61
Trd, 4319754.043, 64
Trd, 4319754.693, 62
Trd, 4319754.943, 63
Trd, 4319755.693, 62
Trd, 4319756.043, 61
Trd, 4319756.143, 62
Trd, 4319756.293, 63
Trd, 4319756.693, 63
Trd, 4319757.843, 139
Trd, 4319758.843, 65
Trd, 4319759.393, 68
Trd, 4319759.693, 71
Trd, 4319760.693, 63
Trd, 4319761.793, 64
Trd, 4319761.893, 68
Trd, 4319764.143, 63
Trd, 4319765.593, 60
Trd, 4319765.643, 61
Trd, 4319766.343, 60
Trd, 4319767.693, 60
Trd, 4319767.843, 60
Trd, 4319767.943, 61
Trd, 4319768.093, 64
Trd, 4319768.693, 60
Trd, 4319768.843, 60
Trd, 4319771.093, 60
Trd, 4319771.943, 63
Trd, 4319771.993, 64
Trd, 4319772.543, 60
Trd, 4319773.243, 63
Trd, 4319773.593, 62
Trd, 4319774.193, 140
Trd, 4319774.593, 63
Trd, 4319776.293, 60
Trd, 4319776.543, 60
Trd, 4319777.893, 60
Trd, 4319779.243, 60
Trd, 4319780.643, 60
Trd, 4319780.893, 60
Trd, 4319780.943, 61
Trd, 4319782.143, 60
Trd, 4319782.843, 65
Trd, 4319783.343, 65
Trd, 4319783.543, 60
Trd, 4319784.743, 60
Trd, 4319785.243, 60
Trd, 4319786.143, 61
Trd, 4319786.593, 61
Trd, 4319786.793, 65
Trd, 4319787.193, 65
Trd, 4319787.793, 62
Trd, 4319787.943, 64
Trd, 4319788.393, 61
Trd, 4319789.593, 62
Trd, 4319789.993, 64
Trd, 4319790.643, 61
Trd, 4319792.143, 60
Trd, 4319793.393, 64
Trd, 4319794.043, 60
Trd, 4319794.543, 61
Trd, 4319794.793, 63
Trd, 4319795.293, 118
Trd, 4319796.193, 139
Trd, 4319797.543, 140
Trd, 4319797.793, 140
Trd, 4319798.343, 140
Trd, 4319798.443, 140
Trd, 4319798.993, 73
Trd, 4319800.493, 140
Trd, 4319800.743, 140
Trd, 4319800.793, 140
Trd, 4319803.193, 140
Trd, 4319803.543, 139
Trd, 4319803.793, 91
Trd, 4319804.043, 80
Trd, 4319804.643, 60
Trd, 4319804.993, 60
Trd, 4319806.343, 64
Trd, 4319807.293, 68
Trd, 4319807.593, 65
Trd, 4319808.343, 89
Trd, 4319809.193, 136
Trd, 4319809.693, 60
Trd, 4319809.993, 102
Trd, 4319810.743, 60
Trd, 4319811.393, 62
Trd, 4319811.993, 63
Trd, 4319812.443, 64
Trd, 4319812.543, 90
Trd, 4319814.243, 60
Trd, 4319815.243, 60
Trd, 4319816.193, 61
Trd, 4319816.243, 62
Trd, 4319816.993, 61
Trd, 4319817.243, 60
Trd, 4319817.843, 65
Trd, 4319818.643, 140
Trd, 4319818.843, 140
Trd, 4319819.393, 140
Trd, 4319819.743, 139
Trd, 4319820.743, 61
Trd, 4319821.893, 76
Trd, 4319822.543, 80
Trd, 4319823.293, 140
Trd, 4319823.743, 139
Trd, 4319824.243, 139
Trd, 4319824.543, 78
Trd, 4319824.893, 61
Trd, 4319825.493, 60
Trd, 4319826.143, 62
Trd, 4319827.693, 106
Trd, 4319828.493, 64
Trd, 4319828.593, 65
Trd, 4319828.893, 62
Trd, 4319829.793, 62
Trd, 4319829.843, 63
Trd, 4319830.143, 137
Trd, 4319830.193, 61
Trd, 4319831.843, 140
Trd, 4319832.493, 140
Trd, 4319833.093, 140
Trd, 4319833.543, 118
Trd, 4319833.743, 126
Trd, 4319834.593, 66
Trd, 4319835.743, 61
Trd, 4319835.993, 62
Trd, 4319836.493, 60
Trd, 4319837.443, 68
Trd, 4319839.593, 65
Trd, 4319840.443, 66
Trd, 4319840.593, 69
Trd, 4319842.093, 61
Trd, 4319843.043, 60
Trd, 4319843.243, 62
Trd, 4319843.693, 64
Trd, 4319843.793, 70
Trd, 4319844.893, 60
Trd, 4319846.693, 64
Trd, 4319847.193, 63
Trd, 4319847.593, 60
Trd, 4319848.443, 61
Trd, 4319848.993, 60
Trd, 4319849.693, 60
Trd, 4319849.843, 60
Trd, 4319850.393, 62
Trd, 4319851.443, 62
Trd, 4319852.593, 65
Trd, 4319853.193, 80
Trd, 4319853.993, 62
Trd, 4319854.493, 63
Trd, 4319854.793, 66
Trd, 4319855.093, 72
Trd, 4319855.943, 64
Trd, 4319856.543, 67
Trd, 4319857.393, 76
Trd, 4319858.093, 63
Trd, 4319858.593, 62
Trd, 4319859.843, 60
Trd, 4319860.593, 60
Trd, 4319860.793, 64
Trd, 4319861.593, 61
Trd, 4319862.093, 62
Trd, 4319862.393, 64
Trd, 4319863.343, 76
Trd, 4319864.493, 63
Trd, 4319865.193, 62
Trd, 4319866.593, 60
Trd, 4319866.743, 60
Trd, 4319867.043, 61
Trd, 4319868.443, 62
Trd, 4319868.543, 65
Trd, 4319869.943, 60
Trd, 4319870.693, 62
Trd, 4319871.943, 63
Trd, 4319873.043, 60
Trd, 4319873.643, 62
Trd, 4319874.243, 63
Trd, 4319874.493, 64
Trd, 4319876.243, 60
Trd, 4319877.043, 60
Trd, 4319877.243, 60
Trd, 4319877.343, 61
Trd, 4319877.793, 69
Trd, 4319877.943, 75
Trd, 4319878.293, 61
Trd, 4319878.593, 62
Trd, 4319880.443, 65
Trd, 4319880.693, 63
Trd, 4319880.793, 74
Trd, 4319881.243, 71
Trd, 4319881.493, 61
Trd, 4319882.993, 60
Trd, 4319883.243, 67
Trd, 4319883.893, 67
Trd, 4319884.893, 60
Trd, 4319885.343, 60
Trd, 4319885.443, 61
Trd, 4319886.593, 65
Trd, 4319887.543, 64
Trd, 4319887.693, 64
Trd, 4319887.943, 62
Trd, 4319888.993, 74
Trd, 4319889.793, 135
Trd, 4319889.893, 134
Trd, 4319889.943, 88
Trd, 4319891.693, 61
Trd, 4319891.793, 65
Trd, 4319892.843, 64
Trd, 4319893.143, 65
Trd, 4319893.743, 62
Trd, 4319895.143, 121
Trd, 4319895.493, 62
Trd, 4319896.193, 63
Trd, 4319896.443, 65
Trd, 4319896.793, 70
Trd, 4319898.343, 60
Trd, 4319898.443, 60
Trd, 4319899.343, 60
Trd, 4319899.443, 61
Trd, 4319899.543, 62
Trd, 4319900.143, 61
Trd, 4319900.643, 64
Trd, 4319900.993, 81
Trd, 4319902.093, 140
Trd, 4319902.843, 64
Trd, 4319902.943, 70
Trd, 4319904.393, 61
Trd, 4319904.443, 63
Trd, 4319905.693, 66
Trd, 4319906.393, 99
Trd, 4319906.593, 64
Trd, 4319906.843, 62
Trd, 4319908.043, 62
Trd, 4319908.093, 60
Trd, 4319908.643, 62
Trd, 4319908.693, 96
Trd, 4319909.543, 60
Trd, 4319910.693, 68
Trd, 4319910.993, 62
Trd, 4319911.543, 62
Trd, 4319912.493, 79
Trd, 4319913.543, 83
Trd, 4319914.893, 61
Trd, 4319915.143, 63
Trd, 4319915.843, 60
Trd, 4319917.093, 60
Trd, 4319918.493, 60
Trd, 4319919.943, 61
Trd, 4319920.093, 62
Trd, 4319921.043, 62
Trd, 4319921.093, 62
Trd, 4319921.393, 60
Trd, 4319922.343, 61
Trd, 4319922.593, 62
Trd, 4319922.743, 60
Trd, 4319923.343, 64
Trd, 4319923.393, 68
Trd, 4319925.843, 62
Trd, 4319926.393, 69
Trd, 4319927.293, 61
Trd, 4319927.493, 65
Trd, 4319927.843, 70
Trd, 4319931.093, 61
Trd, 4319931.693, 60
Trd, 4319932.143, 60
Trd, 4319932.343, 60
Trd, 4319932.493, 62
Trd, 4319933.393, 62
Trd, 4319933.843, 65
Trd, 4319933.893, 67
Trd, 4319934.643, 89
Trd, 4319934.993, 140
Trd, 4319935.043, 140
Trd, 4319935.093, 139
Trd, 4319937.193, 140
Trd, 4319938.343, 140
Trd, 4319938.543, 140
Trd, 4319938.743, 140
Trd, 4319939.293, 119
Trd, 4319939.393, 91
Trd, 4319940.093, 78
Trd, 4319940.893, 79
Trd, 4319941.393, 73
Trd, 4319942.193, 73
Trd, 4319942.343, 95
Trd, 4319942.493, 94
Trd, 4319942.693, 140
Trd, 4319943.793, 88
Trd, 4319944.193, 74
Trd, 4319944.993, 100
Trd, 4319945.043, 72
Trd, 4319945.993, 61
Trd, 4319946.393, 62
Trd, 4319948.093, 60
Trd, 4319948.693, 60
Trd, 4319948.943, 64
Trd, 4319950.843, 66
Trd, 4319951.543, 60
Trd, 4319952.193, 61
Trd, 4319952.993, 63
Trd, 4319954.193, 61
Trd, 4319954.343, 64
Trd, 4319954.443, 60
Trd, 4319954.943, 63
Trd, 4319955.143, 71
Trd, 4319955.543, 61
Trd, 4319955.893, 74
Trd, 4319956.443, 74
Trd, 4319958.293, 60
Trd, 4319959.043, 61
Trd, 4319959.193, 61
Trd, 4319960.493, 63
Trd, 4319962.043, 61
Trd, 4319962.593, 62
Trd, 4319963.693, 60
Trd, 4319964.443, 61
Trd, 4319965.293, 60
Trd, 4319965.343, 64
Trd, 4319965.843, 65
Trd, 4319966.693, 62
Trd, 4319967.443, 65
Trd, 4319967.743, 64
Trd, 4319968.193, 63
Trd, 4319969.743, 60
Trd, 4319970.043, 60
Trd, 4319970.443, 63
Trd, 4319970.493, 103
Trd, 4319971.293, 120
Trd, 4319972.393, 60
Trd, 4319973.243, 139
Trd, 4319973.343, 138
Trd, 4319974.593, 140
Trd, 4319974.743, 139
Trd, 4319975.243, 137
Trd, 4319976.743, 140
Trd, 4319976.993, 140
Trd, 4319977.843, 136
Trd, 4319977.993, 136
Trd, 4319978.893, 140
Trd, 4319979.543, 139
Trd, 4319980.393, 138
Trd, 4319980.593, 97
Trd, 4319980.893, 94
Trd, 4319981.443, 87
Trd, 4319982.293, 118
Trd, 4319982.343, 117
Trd, 4319983.543, 140
Trd, 4319983.943, 140
Trd, 4319983.993, 136
Trd, 4319984.093, 135
Trd, 4319985.243, 74
Trd, 4319987.443, 139
Trd, 4319987.493, 138
Trd, 4319987.793, 106
Trd, 4319988.443, 61
Trd, 4319989.293, 60
Trd, 4319989.893, 60
Trd, 4319990.643, 60
Trd, 4319991.193, 62
Trd, 4319992.143, 101
Trd, 4319992.343, 114
Trd, 4319992.993, 60
Trd, 4319994.543, 60
Trd, 4319995.643, 62
Trd, 4319997.543, 60
Trd, 4319997.893, 60
Trd, 4319998.893, 60
Trd, 4319999.043, 61
Trd, 4319999.743, 60
Trd, 4319999.893, 138
