Trd, 4318129.843, 140
Trd, 4318130.043, 140
Trd, 4318130.593, 140
Trd, 4318131.093, 140
Trd, 4318131.643, 137
Trd, 4318133.093, 79
Trd, 4318134.043, 60
Trd, 4318134.393, 61
Trd, 4318134.493, 62
Trd, 4318134.893, 71
Trd, 4318136.343, 62
Trd, 4318137.443, 60
Trd, 4318137.843, 61
Trd, 4318137.893, 63
Trd, 4318138.393, 69
Trd, 4318140.493, 60
Trd, 4318141.493, 60
Trd, 4318141.843, 61
Trd, 4318142.193, 60
Trd, 4318142.743, 61
Trd, 4318143.093, 60
Trd, 4318143.143, 67
Trd, 4318143.993, 66
Trd, 4318144.793, 61
Trd, 4318146.443, 62
Trd, 4318146.743, 140
Trd, 4318146.943, 101
Trd, 4318148.343, 139
Trd, 4318148.643, 117
Trd, 4318149.193, 139
Trd, 4318149.293, 74
Trd, 4318149.843, 140
Trd, 4318150.393, 98
Trd, 4318150.793, 96
Trd, 4318151.693, 111
Trd, 4318153.343, 135
Trd, 4318153.543, 134
Trd, 4318154.893, 140
Trd, 4318155.593, 140
Trd, 4318156.743, 140
Trd, 4318157.593, 140
Trd, 4318157.993, 140
Trd, 4318158.343, 139
Trd, 4318158.793, 71
Trd, 4318159.543, 133
Trd, 4318159.743, 72
Trd, 4318161.193, 140
Trd, 4318161.393, 139
Trd, 4318162.393, 68
Trd, 4318163.193, 82
Trd, 4318165.093, 60
Trd, 4318165.893, 64
Trd, 4318166.643, 61
Trd, 4318167.293, 73
Trd, 4318169.493, 60
Trd, 4318169.793, 61
Trd, 4318170.543, 60
Trd, 4318172.293, 60
Trd, 4318172.693, 62
Trd, 4318172.943, 63
Trd, 4318173.843, 60
Trd, 4318174.643, 62
Trd, 4318175.493, 60
Trd, 4318175.893, 60
Trd, 4318175.993, 60
Trd, 4318176.043, 66
Trd, 4318176.543, 67
Trd, 4318177.893, 65
Trd, 4318177.993, 61
Trd, 4318178.643, 62
Trd, 4318179.143, 139
Trd, 4318180.143, 64
Trd, 4318180.693, 76
Trd, 4318182.843, 63
Trd, 4318182.943, 61
Trd, 4318183.243, 61
Trd, 4318183.493, 60
Trd, 4318183.543, 65
Trd, 4318184.143, 65
Trd, 4318186.143, 140
Trd, 4318186.493, 140
Trd, 4318188.993, 140
Trd, 4318189.843, 140
Trd, 4318190.343, 140
Trd, 4318190.393, 140
Trd, 4318190.693, 140
Trd, 4318191.043, 140
Trd, 4318191.943, 140
Trd, 4318192.493, 140
Trd, 4318192.543, 139
Trd, 4318192.893, 104
Trd, 4318193.593, 140
Trd, 4318194.943, 140
Trd, 4318195.643, 140
Trd, 4318196.443, 140
Trd, 4318197.643, 140
Trd, 4318199.393, 140
Trd, 4318199.443, 140
Trd, 4318200.343, 140
Trd, 4318201.243, 138
Trd, 4318201.843, 129
Trd, 4318201.993, 127
Trd, 4318202.543, 139
Trd, 4318202.793, 138
Trd, 4318203.343, 140
Trd, 4318204.843, 140
Trd, 4318205.593, 140
Trd, 4318206.543, 140
Trd, 4318207.543, 140
Trd, 4318208.143, 140
Trd, 4318209.093, 140
Trd, 4318209.943, 140
Trd, 4318210.943, 140
Trd, 4318211.243, 140
Trd, 4318212.443, 140
Trd, 4318213.393, 140
Trd, 4318213.793, 140
Trd, 4318213.843, 125
Trd, 4318214.743, 140
Trd, 4318215.593, 126
Trd, 4318216.543, 128
Trd, 4318217.793, 140
Trd, 4318217.843, 140
Trd, 4318219.743, 140
Trd, 4318220.493, 140
Trd, 4318220.543, 140
Trd, 4318220.693, 139
Trd, 4318220.993, 140
Trd, 4318221.393, 139
Trd, 4318222.793, 127
Trd, 4318224.993, 140
Trd, 4318225.343, 140
Trd, 4318225.943, 140
Trd, 4318226.643, 140
Trd, 4318227.343, 140
Trd, 4318228.343, 140
Trd, 4318229.643, 140
Trd, 4318229.743, 140
Trd, 4318230.643, 140
Trd, 4318231.593, 140
Trd, 4318232.693, 140
Trd, 4318232.743, 140
Trd, 4318232.793, 97
Trd, 4318233.343, 75
Trd, 4318233.793, 117
Trd, 4318234.093, 139
Trd, 4318234.793, 140
Trd, 4318236.643, 140
Trd, 4318237.093, 140
Trd, 4318237.743, 140
Trd, 4318237.893, 139
Trd, 4318238.343, 139
Trd, 4318239.693, 140
Trd, 4318240.393, 139
Trd, 4318242.043, 140
Trd, 4318242.393, 140
Trd, 4318243.343, 140
Trd, 4318244.193, 140
Trd, 4318244.293, 140
Trd, 4318244.543, 140
Trd, 4318244.793, 140
Trd, 4318245.193, 139
Trd, 4318246.043, 137
Trd, 4318246.143, 131
Trd, 4318247.893, 140
Trd, 4318248.343, 140
Trd, 4318248.593, 140
Trd, 4318248.743, 139
Trd, 4318250.343, 106
Trd, 4318251.743, 138
Trd, 4318251.943, 133
Trd, 4318253.343, 97
Trd, 4318254.043, 119
Trd, 4318254.443, 104
Trd, 4318255.293, 140
Trd, 4318256.043, 140
Trd, 4318256.093, 140
Trd, 4318256.443, 140
Trd, 4318257.593, 137
Trd, 4318257.743, 136
Trd, 4318259.243, 117
Trd, 4318259.493, 140
Trd, 4318261.443, 140
Trd, 4318261.593, 138
Trd, 4318262.093, 84
Trd, 4318262.893, 140
Trd, 4318263.043, 140
Trd, 4318264.143, 98
Trd, 4318264.443, 75
Trd, 4318265.193, 140
Trd, 4318266.493, 60
Trd, 4318268.593, 61
Trd, 4318268.693, 63
Trd, 4318268.743, 64
Trd, 4318271.693, 60
Trd, 4318271.843, 60
Trd, 4318272.543, 60
Trd, 4318272.693, 61
Trd, 4318273.043, 61
Trd, 4318273.193, 60
Trd, 4318273.343, 62
Trd, 4318274.543, 65
Trd, 4318274.893, 61
Trd, 4318275.743, 60
Trd, 4318276.993, 70
Trd, 4318277.593, 66
Trd, 4318278.943, 137
Trd, 4318280.343, 60
Trd, 4318281.143, 60
Trd, 4318281.243, 60
Trd, 4318281.743, 60
Trd, 4318282.243, 62
Trd, 4318282.293, 66
Trd, 4318282.493, 63
Trd, 4318284.193, 140
Trd, 4318284.243, 140
Trd, 4318285.543, 132
Trd, 4318285.943, 67
Trd, 4318286.843, 139
Trd, 4318287.243, 74
Trd, 4318287.493, 67
Trd, 4318288.143, 131
Trd, 4318288.693, 130
Trd, 4318289.043, 136
Trd, 4318289.893, 61
Trd, 4318291.193, 139
Trd, 4318291.443, 140
Trd, 4318292.193, 119
Trd, 4318292.393, 139
Trd, 4318293.443, 98
Trd, 4318293.893, 94
Trd, 4318294.393, 139
Trd, 4318296.343, 140
Trd, 4318296.543, 139
Trd, 4318297.643, 140
Trd, 4318298.293, 140
Trd, 4318298.893, 140
Trd, 4318299.243, 140
Trd, 4318301.293, 140
Trd, 4318301.893, 140
Trd, 4318302.143, 140
Trd, 4318303.493, 140
Trd, 4318303.743, 140
Trd, 4318303.893, 140
Trd, 4318303.993, 140
Trd, 4318305.693, 140
Trd, 4318305.993, 139
Trd, 4318307.743, 140
Trd, 4318308.093, 140
Trd, 4318308.293, 140
Trd, 4318309.143, 131
Trd, 4318309.293, 130
Trd, 4318310.893, 140
Trd, 4318311.693, 140
Trd, 4318312.343, 140
Trd, 4318312.493, 140
Trd, 4318312.843, 140
Trd, 4318314.093, 140
Trd, 4318314.393, 134
Trd, 4318315.993, 134
Trd, 4318316.893, 140
Trd, 4318317.343, 135
Trd, 4318317.793, 133
Trd, 4318318.143, 112
Trd, 4318319.143, 83
Trd, 4318319.293, 77
Trd, 4318320.693, 60
Trd, 4318321.243, 60
Trd, 4318321.893, 60
Trd, 4318322.193, 65
Trd, 4318322.743, 62
Trd, 4318323.093, 64
Trd, 4318324.843, 61
Trd, 4318325.043, 62
Trd, 4318325.093, 66
Trd, 4318325.493, 66
Trd, 4318326.043, 140
Trd, 4318327.843, 60
Trd, 4318328.293, 62
Trd, 4318329.093, 60
Trd, 4318331.343, 60
Trd, 4318331.743, 62
Trd, 4318332.893, 60
Trd, 4318333.843, 60
Trd, 4318334.693, 61
Trd, 4318335.393, 61
Trd, 4318335.743, 60
Trd, 4318335.893, 61
Trd, 4318338.143, 60
Trd, 4318338.193, 61
Trd, 4318339.543, 60
Trd, 4318339.993, 66
Trd, 4318340.593, 75
Trd, 4318341.243, 70
Trd, 4318342.293, 140
Trd, 4318342.343, 140
Trd, 4318343.543, 140
Trd, 4318343.843, 140
Trd, 4318344.993, 140
Trd, 4318345.843, 140
Trd, 4318346.093, 140
Trd, 4318346.643, 140
Trd, 4318347.343, 140
Trd, 4318348.493, 138
Trd, 4318349.093, 139
Trd, 4318349.543, 140
Trd, 4318349.893, 136
Trd, 4318349.943, 74
Trd, 4318351.093, 140
Trd, 4318353.293, 106
Trd, 4318353.343, 105
Trd, 4318353.893, 140
Trd, 4318354.293, 137
Trd, 4318355.693, 135
Trd, 4318356.493, 140
Trd, 4318356.693, 139
Trd, 4318359.293, 140
Trd, 4318359.643, 140
Trd, 4318360.293, 140
Trd, 4318360.493, 140
Trd, 4318360.793, 139
Trd, 4318361.843, 140
Trd, 4318362.543, 75
Trd, 4318363.243, 133
Trd, 4318363.543, 131
Trd, 4318365.593, 140
Trd, 4318365.943, 140
Trd, 4318366.293, 140
Trd, 4318366.493, 134
Trd, 4318367.593, 111
Trd, 4318367.993, 77
Trd, 4318369.243, 140
Trd, 4318369.543, 119
Trd, 4318369.643, 74
Trd, 4318370.893, 63
Trd, 4318372.193, 60
Trd, 4318372.743, 61
Trd, 4318374.043, 60
Trd, 4318374.143, 70
Trd, 4318374.493, 131
Trd, 4318375.493, 140
Trd, 4318375.793, 140
Trd, 4318376.293, 140
Trd, 4318376.543, 140
Trd, 4318377.143, 140
Trd, 4318377.293, 90
Trd, 4318377.593, 60
Trd, 4318378.943, 71
Trd, 4318379.193, 65
Trd, 4318380.643, 60
Trd, 4318381.043, 60
Trd, 4318381.293, 60
Trd, 4318381.943, 63
Trd, 4318382.643, 140
Trd, 4318383.193, 136
Trd, 4318383.293, 134
Trd, 4318384.593, 60
Trd, 4318384.993, 60
Trd, 4318385.893, 61
Trd, 4318386.643, 61
Trd, 4318387.393, 60
Trd, 4318388.493, 60
Trd, 4318389.543, 62
Trd, 4318389.893, 65
Trd, 4318389.993, 64
Trd, 4318390.243, 65
Trd, 4318390.493, 63
Trd, 4318390.743, 69
Trd, 4318391.643, 62
Trd, 4318392.543, 65
Trd, 4318393.143, 64
Trd, 4318395.143, 61
Trd, 4318395.793, 60
Trd, 4318395.993, 61
Trd, 4318397.193, 140
Trd, 4318398.043, 140
Trd, 4318398.593, 140
Trd, 4318399.243, 140
Trd, 4318399.443, 140
Trd, 4318400.293, 140
Trd, 4318402.093, 140
Trd, 4318402.593, 140
Trd, 4318403.193, 140
Trd, 4318403.393, 108
Trd, 4318403.443, 107
Trd, 4318404.193, 139
Trd, 4318404.993, 112
Trd, 4318405.593, 61
Trd, 4318407.243, 60
Trd, 4318407.693, 140
Trd, 4318408.793, 140
Trd, 4318409.493, 140
Trd, 4318410.693, 140
Trd, 4318410.793, 140
Trd, 4318411.243, 140
Trd, 4318412.143, 139
Trd, 4318412.493, 95
Trd, 4318413.543, 140
Trd, 4318413.943, 139
Trd, 4318415.143, 123
Trd, 4318415.493, 129
Trd, 4318415.643, 118
Trd, 4318416.593, 140
Trd, 4318417.093, 140
Trd, 4318418.143, 140
Trd, 4318418.593, 140
Trd, 4318419.743, 138
Trd, 4318420.893, 140
Trd, 4318422.193, 140
Trd, 4318422.443, 140
Trd, 4318422.493, 140
Trd, 4318423.193, 112
Trd, 4318423.293, 111
Trd, 4318424.793, 140
Trd, 4318424.893, 140
Trd, 4318425.143, 140
Trd, 4318425.843, 115
Trd, 4318427.493, 140
Trd, 4318427.543, 140
Trd, 4318428.593, 140
Trd, 4318430.093, 140
Trd, 4318430.693, 140
Trd, 4318431.393, 138
Trd, 4318431.443, 115
Trd, 4318432.043, 115
Trd, 4318432.793, 139
Trd, 4318433.743, 103
Trd, 4318434.543, 140
Trd, 4318434.943, 105
Trd, 4318434.993, 81
Trd, 4318436.393, 137
Trd, 4318436.493, 134
Trd, 4318436.643, 133
Trd, 4318436.993, 96
Trd, 4318437.643, 120
Trd, 4318438.893, 135
Trd, 4318439.143, 83
Trd, 4318439.943, 73
Trd, 4318440.793, 67
Trd, 4318441.443, 140
Trd, 4318441.643, 140
Trd, 4318442.493, 140
Trd, 4318443.193, 140
Trd, 4318443.493, 140
Trd, 4318443.793, 139
Trd, 4318445.493, 140
Trd, 4318446.143, 140
Trd, 4318446.743, 140
Trd, 4318446.943, 140
Trd, 4318448.993, 140
Trd, 4318449.793, 140
Trd, 4318450.393, 140
Trd, 4318450.543, 140
Trd, 4318450.593, 140
Trd, 4318451.493, 138
Trd, 4318452.993, 140
Trd, 4318454.143, 140
Trd, 4318454.693, 140
Trd, 4318454.943, 140
Trd, 4318455.143, 115
Trd, 4318455.243, 115
Trd, 4318457.593, 140
Trd, 4318457.843, 140
Trd, 4318457.893, 140
Trd, 4318458.293, 140
Trd, 4318460.293, 140
Trd, 4318461.393, 140
Trd, 4318462.493, 140
Trd, 4318462.593, 139
Trd, 4318463.093, 140
Trd, 4318463.293, 140
Trd, 4318464.593, 137
Trd, 4318464.743, 139
Trd, 4318465.343, 140
Trd, 4318466.593, 140
Trd, 4318467.393, 140
Trd, 4318468.143, 140
Trd, 4318468.493, 140
Trd, 4318468.993, 134
Trd, 4318469.543, 133
Trd, 4318470.293, 140
Trd, 4318470.543, 95
Trd, 4318471.693, 140
Trd, 4318471.743, 140
Trd, 4318472.793, 107
Trd, 4318473.543, 140
Trd, 4318473.843, 134
Trd, 4318475.143, 138
Trd, 4318476.093, 140
Trd, 4318476.593, 138
Trd, 4318476.843, 137
Trd, 4318477.193, 139
Trd, 4318478.293, 140
Trd, 4318479.543, 116
Trd, 4318479.743, 140
Trd, 4318480.243, 140
Trd, 4318481.193, 117
Trd, 4318481.743, 137
Trd, 4318483.993, 140
Trd, 4318484.143, 140
Trd, 4318484.543, 140
Trd, 4318484.793, 138
Trd, 4318485.293, 139
Trd, 4318486.043, 124
Trd, 4318486.693, 139
Trd, 4318488.543, 140
Trd, 4318488.793, 140
Trd, 4318488.943, 140
Trd, 4318489.543, 140
Trd, 4318490.993, 140
Trd, 4318491.493, 140
Trd, 4318492.493, 140
Trd, 4318492.543, 140
Trd, 4318492.643, 140
Trd, 4318495.343, 137
Trd, 4318495.993, 136
Trd, 4318496.043, 135
Trd, 4318496.893, 140
Trd, 4318496.943, 140
Trd, 4318497.393, 105
Trd, 4318497.543, 131
Trd, 4318499.843, 140
Trd, 4318501.043, 140
Trd, 4318501.143, 140
Trd, 4318501.593, 140
Trd, 4318503.093, 140
Trd, 4318503.643, 140
Trd, 4318504.393, 140
Trd, 4318504.543, 140
Trd, 4318504.943, 139
Trd, 4318505.793, 139
Trd, 4318506.393, 127
Trd, 4318506.893, 127
Trd, 4318507.093, 66
Trd, 4318509.043, 140
Trd, 4318509.143, 140
Trd, 4318509.443, 139
Trd, 4318511.243, 140
Trd, 4318511.643, 140
Trd, 4318512.243, 140
Trd, 4318512.393, 134
Trd, 4318512.543, 140
Trd, 4318513.393, 140
Trd, 4318514.643, 140
Trd, 4318515.043, 110
Trd, 4318515.693, 134
Trd, 4318516.143, 62
Trd, 4318517.443, 61
Trd, 4318517.693, 63
Trd, 4318517.793, 69
Trd, 4318519.693, 121
Trd, 4318520.443, 108
Trd, 4318520.493, 107
Trd, 4318521.243, 104
Trd, 4318521.293, 103
Trd, 4318521.993, 140
Trd, 4318522.743, 60
Trd, 4318522.943, 61
Trd, 4318525.343, 60
Trd, 4318526.643, 60
Trd, 4318527.843, 60
Trd, 4318528.393, 60
Trd, 4318528.693, 60
Trd, 4318529.943, 60
Trd, 4318530.093, 60
Trd, 4318530.293, 60
Trd, 4318530.443, 60
Trd, 4318530.793, 61
Trd, 4318531.343, 61
Trd, 4318531.693, 60
Trd, 4318531.743, 61
Trd, 4318534.493, 60
Trd, 4318534.943, 60
Trd, 4318535.193, 61
Trd, 4318535.243, 68
Trd, 4318536.793, 61
Trd, 4318537.193, 68
Trd, 4318537.893, 140
Trd, 4318538.043, 140
Trd, 4318538.093, 140
Trd, 4318538.943, 61
Trd, 4318539.443, 86
Trd, 4318541.493, 120
Trd, 4318542.193, 131
Trd, 4318542.243, 129
Trd, 4318543.193, 119
Trd, 4318543.943, 139
Trd, 4318544.093, 134
Trd, 4318544.793, 140
Trd, 4318545.043, 119
Trd, 4318545.593, 139
Trd, 4318546.843, 127
Trd, 4318548.343, 120
Trd, 4318549.443, 138
Trd, 4318550.193, 120
Trd, 4318550.393, 137
Trd, 4318552.393, 140
Trd, 4318552.693, 140
Trd, 4318552.893, 140
Trd, 4318553.443, 140
Trd, 4318553.843, 140
Trd, 4318554.243, 140
Trd, 4318555.593, 140
Trd, 4318556.743, 140
Trd, 4318556.793, 140
Trd, 4318558.743, 140
Trd, 4318558.943, 140
Trd, 4318560.143, 140
Trd, 4318560.243, 132
Trd, 4318561.493, 140
Trd, 4318561.743, 139
Trd, 4318563.393, 140
Trd, 4318563.843, 140
Trd, 4318564.543, 140
Trd, 4318564.893, 134
Trd, 4318565.743, 134
Trd, 4318566.193, 133
Trd, 4318567.243, 140
Trd, 4318567.593, 140
Trd, 4318568.393, 140
Trd, 4318569.093, 137
Trd, 4318569.193, 136
Trd, 4318571.393, 140
Trd, 4318571.493, 140
Trd, 4318572.093, 131
Trd, 4318573.743, 140
Trd, 4318574.043, 139
Trd, 4318574.343, 126
Trd, 4318574.643, 140
Trd, 4318574.843, 90
Trd, 4318575.343, 129
Trd, 4318576.343, 60
Trd, 4318576.493, 60
Trd, 4318578.443, 62
Trd, 4318579.343, 60
Trd, 4318579.793, 61
Trd, 4318580.043, 60
Trd, 4318581.993, 60
Trd, 4318583.793, 60
Trd, 4318584.143, 61
Trd, 4318584.643, 60
Trd, 4318584.893, 60
Trd, 4318585.143, 61
Trd, 4318586.143, 64
Trd, 4318586.443, 60
Trd, 4318587.243, 61
Trd, 4318587.543, 61
Trd, 4318587.793, 67
Trd, 4318587.943, 60
Trd, 4318588.143, 61
Trd, 4318589.743, 69
Trd, 4318590.043, 68
Trd, 4318590.793, 68
Trd, 4318591.843, 60
Trd, 4318592.443, 64
Trd, 4318592.543, 74
Trd, 4318593.943, 61
Trd, 4318594.143, 61
Trd, 4318595.043, 96
Trd, 4318596.743, 66
Trd, 4318597.293, 60
Trd, 4318598.243, 60
Trd, 4318598.593, 60
Trd, 4318599.043, 65
Trd, 4318599.443, 61
Trd, 4318600.443, 64
Trd, 4318601.393, 61
Trd, 4318601.493, 62
Trd, 4318602.193, 60
Trd, 4318603.193, 60
Trd, 4318603.893, 60
Trd, 4318604.143, 63
Trd, 4318605.543, 61
Trd, 4318607.993, 60
Trd, 4318608.443, 60
Trd, 4318609.343, 60
Trd, 4318609.543, 60
Trd, 4318611.693, 60
Trd, 4318611.943, 60
Trd, 4318612.243, 60
Trd, 4318612.343, 61
Trd, 4318612.443, 61
Trd, 4318612.993, 64
Trd, 4318613.443, 67
Trd, 4318614.693, 139
Trd, 4318614.743, 137
Trd, 4318615.693, 140
Trd, 4318616.943, 140
Trd, 4318616.993, 140
Trd, 4318617.343, 138
Trd, 4318618.093, 121
Trd, 4318618.443, 114
Trd, 4318618.593, 91
Trd, 4318619.493, 138
Trd, 4318621.043, 67
Trd, 4318621.293, 60
Trd, 4318622.143, 61
Trd, 4318623.443, 63
Trd, 4318623.543, 63
Trd, 4318623.743, 65
Trd, 4318624.243, 106
Trd, 4318624.843, 62
Trd, 4318626.293, 140
Trd, 4318626.693, 140
Trd, 4318627.443, 140
Trd, 4318627.593, 140
Trd, 4318628.493, 140
Trd, 4318628.993, 140
Trd, 4318629.843, 140
Trd, 4318631.393, 140
Trd, 4318631.743, 139
Trd, 4318633.593, 140
Trd, 4318634.193, 140
Trd, 4318634.443, 140
Trd, 4318634.693, 140
Trd, 4318635.493, 140
Trd, 4318636.143, 140
Trd, 4318637.243, 140
Trd, 4318637.443, 140
Trd, 4318638.343, 131
Trd, 4318638.643, 130
Trd, 4318639.143, 140
Trd, 4318641.243, 140
Trd, 4318641.743, 140
Trd, 4318642.443, 140
Trd, 4318643.443, 140
Trd, 4318643.643, 140
Trd, 4318644.593, 140
Trd, 4318645.893, 140
Trd, 4318646.143, 140
Trd, 4318646.693, 140
Trd, 4318646.993, 140
Trd, 4318647.093, 140
Trd, 4318647.193, 112
Trd, 4318648.293, 140
Trd, 4318648.643, 92
Trd, 4318648.993, 87
Trd, 4318650.143, 90
Trd, 4318650.593, 131
Trd, 4318652.593, 140
Trd, 4318653.643, 140
Trd, 4318653.893, 140
Trd, 4318654.193, 140
Trd, 4318655.093, 140
Trd, 4318655.193, 140
Trd, 4318655.343, 140
Trd, 4318655.893, 90
Trd, 4318657.493, 139
Trd, 4318658.543, 140
Trd, 4318659.493, 140
Trd, 4318659.593, 140
Trd, 4318660.243, 140
Trd, 4318660.493, 107
Trd, 4318661.343, 140
Trd, 4318662.943, 140
Trd, 4318663.093, 139
Trd, 4318664.093, 140
Trd, 4318665.193, 140
Trd, 4318665.443, 118
Trd, 4318667.093, 140
Trd, 4318668.293, 110
Trd, 4318669.043, 110
Trd, 4318669.993, 140
Trd, 4318670.943, 140
Trd, 4318671.793, 140
Trd, 4318672.193, 140
Trd, 4318672.693, 140
Trd, 4318673.243, 140
Trd, 4318674.143, 140
Trd, 4318674.443, 113
Trd, 4318674.593, 116
Trd, 4318675.493, 138
Trd, 4318676.693, 132
Trd, 4318678.143, 138
Trd, 4318678.543, 117
Trd, 4318679.093, 126
Trd, 4318679.343, 80
Trd, 4318679.643, 89
Trd, 4318679.743, 69
Trd, 4318680.143, 138
Trd, 4318681.043, 63
Trd, 4318681.593, 62
Trd, 4318682.493, 60
Trd, 4318683.143, 110
Trd, 4318683.793, 61
Trd, 4318683.893, 62
Trd, 4318685.743, 60
Trd, 4318687.243, 60
Trd, 4318687.593, 60
Trd, 4318687.793, 61
Trd, 4318688.393, 62
Trd, 4318688.543, 64
Trd, 4318690.193, 62
Trd, 4318690.493, 64
Trd, 4318690.543, 63
Trd, 4318690.643, 62
Trd, 4318691.343, 61
Trd, 4318691.993, 136
Trd, 4318692.343, 62
Trd, 4318692.893, 140
Trd, 4318692.993, 140
Trd, 4318693.693, 97
Trd, 4318695.443, 140
Trd, 4318696.643, 140
Trd, 4318696.843, 133
Trd, 4318698.893, 129
Trd, 4318699.093, 128
Trd, 4318699.443, 137
Trd, 4318700.193, 140
Trd, 4318700.293, 140
Trd, 4318701.043, 137
Trd, 4318701.893, 140
Trd, 4318701.943, 121
Trd, 4318704.543, 140
Trd, 4318704.943, 140
Trd, 4318705.393, 140
Trd, 4318706.193, 140
Trd, 4318706.393, 137
Trd, 4318706.793, 135
Trd, 4318707.743, 140
Trd, 4318708.743, 140
Trd, 4318709.093, 140
Trd, 4318709.343, 138
Trd, 4318709.443, 138
Trd, 4318710.493, 138
Trd, 4318710.743, 100
Trd, 4318711.293, 100
Trd, 4318711.693, 67
Trd, 4318713.343, 61
Trd, 4318713.793, 60
Trd, 4318714.893, 61
Trd, 4318715.043, 60
Trd, 4318717.143, 60
Trd, 4318717.393, 60
Trd, 4318718.093, 62
Trd, 4318719.093, 61
Trd, 4318719.543, 60
Trd, 4318721.043, 61
Trd, 4318721.193, 61
Trd, 4318722.143, 63
Trd, 4318722.743, 60
Trd, 4318723.043, 60
Trd, 4318723.243, 60
Trd, 4318723.493, 60
Trd, 4318724.043, 61
Trd, 4318724.193, 62
Trd, 4318724.493, 62
Trd, 4318725.543, 62
Trd, 4318726.243, 140
Trd, 4318728.393, 140
Trd, 4318728.893, 140
Trd, 4318729.193, 140
Trd, 4318729.993, 140
Trd, 4318730.393, 140
Trd, 4318730.693, 140
Trd, 4318732.643, 140
Trd, 4318733.793, 140
Trd, 4318734.193, 140
Trd, 4318734.243, 139
Trd, 4318734.593, 138
Trd, 4318736.043, 140
Trd, 4318736.193, 140
Trd, 4318736.393, 135
Trd, 4318736.843, 125
Trd, 4318737.493, 110
Trd, 4318738.343, 140
Trd, 4318738.643, 140
Trd, 4318739.193, 140
Trd, 4318741.993, 140
Trd, 4318743.143, 140
Trd, 4318743.443, 140
Trd, 4318743.893, 140
Trd, 4318744.693, 140
Trd, 4318745.343, 140
Trd, 4318746.043, 140
Trd, 4318746.193, 139
Trd, 4318748.143, 140
Trd, 4318748.393, 139
Trd, 4318748.593, 116
Trd, 4318749.993, 96
Trd, 4318750.193, 94
Trd, 4318751.093, 140
Trd, 4318751.593, 140
Trd, 4318753.093, 139
Trd, 4318753.793, 138
Trd, 4318755.843, 140
Trd, 4318755.893, 140
Trd, 4318755.993, 140
Trd, 4318756.193, 140
Trd, 4318756.893, 140
Trd, 4318757.243, 129
Trd, 4318757.993, 121
Trd, 4318759.543, 140
Trd, 4318760.043, 140
Trd, 4318761.443, 140
Trd, 4318761.843, 140
Trd, 4318762.493, 138
Trd, 4318763.193, 139
Trd, 4318763.343, 138
Trd, 4318763.943, 140
Trd, 4318765.143, 140
Trd, 4318765.393, 140
Trd, 4318765.943, 136
Trd, 4318766.643, 132
Trd, 4318766.943, 131
Trd, 4318768.043, 140
Trd, 4318768.293, 140
Trd, 4318768.793, 132
Trd, 4318769.443, 140
Trd, 4318770.043, 140
Trd, 4318771.143, 138
Trd, 4318771.693, 139
Trd, 4318772.593, 140
Trd, 4318774.093, 140
Trd, 4318774.593, 139
Trd, 4318774.793, 99
Trd, 4318775.193, 70
Trd, 4318775.693, 65
Trd, 4318776.743, 140
Trd, 4318778.593, 140
Trd, 4318778.943, 140
Trd, 4318779.043, 140
Trd, 4318779.693, 138
Trd, 4318780.393, 140
Trd, 4318780.443, 137
Trd, 4318781.543, 130
Trd, 4318782.743, 126
Trd, 4318783.143, 123
Trd, 4318783.343, 76
Trd, 4318784.843, 71
Trd, 4318786.393, 60
Trd, 4318786.543, 60
Trd, 4318787.543, 60
Trd, 4318787.843, 61
Trd, 4318788.943, 62
Trd, 4318788.993, 64
Trd, 4318789.093, 61
Trd, 4318789.893, 62
Trd, 4318789.943, 61
Trd, 4318790.793, 139
Trd, 4318791.593, 138
Trd, 4318792.293, 61
Trd, 4318792.593, 67
Trd, 4318793.343, 63
Trd, 4318794.243, 61
Trd, 4318794.493, 64
Trd, 4318797.093, 60
Trd, 4318797.493, 62
Trd, 4318797.543, 64
Trd, 4318797.643, 66
Trd, 4318799.943, 60
Trd, 4318800.293, 60
Trd, 4318800.443, 60
Trd, 4318800.643, 60
Trd, 4318800.693, 61
Trd, 4318800.943, 60
Trd, 4318803.393, 60
Trd, 4318805.493, 60
Trd, 4318806.043, 60
Trd, 4318807.393, 61
Trd, 4318807.793, 63
Trd, 4318808.443, 61
Trd, 4318808.493, 63
Trd, 4318809.643, 63
Trd, 4318809.793, 131
Trd, 4318809.893, 66
Trd, 4318810.293, 108
Trd, 4318811.393, 72
Trd, 4318811.593, 68
Trd, 4318811.993, 67
Trd, 4318813.543, 137
Trd, 4318814.043, 140
Trd, 4318814.343, 140
Trd, 4318815.943, 138
Trd, 4318817.193, 138
Trd, 4318817.693, 72
Trd, 4318817.743, 70
Trd, 4318818.643, 140
Trd, 4318818.693, 140
Trd, 4318819.343, 64
Trd, 4318821.693, 61
Trd, 4318822.893, 60
Trd, 4318823.043, 63
Trd, 4318823.293, 60
Trd, 4318824.143, 61
Trd, 4318824.593, 60
Trd, 4318824.943, 61
Trd, 4318825.143, 60
Trd, 4318825.243, 61
Trd, 4318825.743, 60
Trd, 4318826.293, 64
Trd, 4318826.593, 68
Trd, 4318827.693, 61
Trd, 4318827.893, 60
Trd, 4318829.393, 140
Trd, 4318829.893, 140
Trd, 4318830.893, 140
Trd, 4318831.393, 140
Trd, 4318831.593, 140
Trd, 4318832.593, 140
Trd, 4318832.743, 140
Trd, 4318832.993, 140
Trd, 4318833.093, 140
Trd, 4318833.893, 138
Trd, 4318834.143, 94
Trd, 4318835.443, 60
Trd, 4318836.643, 60
Trd, 4318836.893, 60
Trd, 4318837.943, 61
Trd, 4318838.243, 63
Trd, 4318838.293, 67
Trd, 4318839.993, 139
Trd, 4318840.343, 140
Trd, 4318840.643, 140
Trd, 4318841.993, 140
Trd, 4318842.643, 140
Trd, 4318842.993, 139
Trd, 4318843.893, 140
Trd, 4318843.993, 134
Trd, 4318844.293, 133
Trd, 4318844.593, 78
Trd, 4318845.343, 139
Trd, 4318846.643, 110
Trd, 4318847.143, 106
Trd, 4318847.693, 140
Trd, 4318848.643, 140
Trd, 4318849.193, 101
Trd, 4318850.043, 101
Trd, 4318850.143, 69
Trd, 4318851.143, 140
Trd, 4318851.393, 140
Trd, 4318852.693, 140
Trd, 4318852.943, 140
Trd, 4318854.393, 109
Trd, 4318855.193, 140
Trd, 4318855.493, 140
Trd, 4318855.593, 140
Trd, 4318857.343, 140
Trd, 4318858.043, 140
Trd, 4318858.743, 140
Trd, 4318859.143, 139
Trd, 4318860.493, 140
Trd, 4318861.293, 140
Trd, 4318862.593, 140
Trd, 4318863.543, 140
Trd, 4318863.643, 139
Trd, 4318863.793, 137
Trd, 4318863.843, 127
Trd, 4318864.743, 140
Trd, 4318866.293, 140
Trd, 4318866.443, 137
Trd, 4318867.443, 140
Trd, 4318867.643, 140
Trd, 4318868.793, 114
Trd, 4318869.193, 104
Trd, 4318870.393, 134
Trd, 4318870.993, 140
Trd, 4318871.643, 127
Trd, 4318872.493, 140
Trd, 4318873.843, 140
Trd, 4318874.393, 140
Trd, 4318874.693, 140
Trd, 4318875.393, 140
Trd, 4318875.693, 140
Trd, 4318875.793, 140
Trd, 4318877.293, 139
Trd, 4318877.993, 140
Trd, 4318878.193, 134
Trd, 4318879.643, 140
Trd, 4318880.543, 139
Trd, 4318880.693, 138
Trd, 4318881.143, 140
Trd, 4318881.193, 108
Trd, 4318881.943, 108
Trd, 4318882.993, 139
Trd, 4318884.143, 119
Trd, 4318884.893, 136
Trd, 4318885.943, 136
Trd, 4318886.543, 129
Trd, 4318887.443, 139
Trd, 4318887.943, 132
Trd, 4318888.343, 69
Trd, 4318889.093, 69
Trd, 4318889.243, 69
Trd, 4318889.443, 69
Trd, 4318889.593, 68
Trd, 4318890.693, 138
Trd, 4318891.493, 140
Trd, 4318891.543, 139
Trd, 4318892.143, 140
Trd, 4318892.593, 140
Trd, 4318894.093, 135
Trd, 4318894.193, 73
Trd, 4318894.793, 140
Trd, 4318895.843, 140
Trd, 4318897.243, 140
Trd, 4318897.393, 140
Trd, 4318897.893, 140
Trd, 4318898.043, 91
Trd, 4318899.993, 138
Trd, 4318900.343, 137
Trd, 4318901.243, 91
Trd, 4318901.843, 68
Trd, 4318901.993, 60
Trd, 4318902.493, 69
Trd, 4318903.843, 62
Trd, 4318904.343, 61
Trd, 4318905.893, 60
Trd, 4318905.943, 61
Trd, 4318906.143, 68
Trd, 4318907.843, 60
Trd, 4318907.893, 60
Trd, 4318908.943, 60
Trd, 4318909.843, 60
Trd, 4318912.393, 61
Trd, 4318912.493, 60
Trd, 4318912.543, 62
Trd, 4318912.743, 65
Trd, 4318913.093, 60
Trd, 4318913.843, 61
Trd, 4318914.193, 68
Trd, 4318914.343, 71
Trd, 4318915.343, 140
Trd, 4318916.193, 140
Trd, 4318916.343, 140
Trd, 4318918.993, 140
Trd, 4318919.693, 140
Trd, 4318919.993, 140
Trd, 4318920.793, 140
Trd, 4318923.043, 140
Trd, 4318924.293, 140
Trd, 4318924.593, 140
Trd, 4318924.993, 140
Trd, 4318925.993, 140
Trd, 4318926.243, 140
Trd, 4318926.593, 138
Trd, 4318927.093, 140
Trd, 4318928.143, 139
Trd, 4318929.043, 140
Trd, 4318929.443, 140
Trd, 4318930.643, 140
Trd, 4318931.793, 140
Trd, 4318932.543, 140
Trd, 4318932.693, 140
Trd, 4318932.793, 139
Trd, 4318934.943, 140
Trd, 4318935.343, 140
Trd, 4318937.143, 140
Trd, 4318937.743, 140
Trd, 4318938.493, 140
Trd, 4318938.743, 140
Trd, 4318940.043, 140
Trd, 4318940.743, 140
Trd, 4318940.893, 140
Trd, 4318941.293, 140
Trd, 4318943.243, 140
Trd, 4318943.543, 140
Trd, 4318944.193, 138
Trd, 4318944.943, 140
Trd, 4318945.493, 139
Trd, 4318946.093, 140
Trd, 4318946.493, 120
Trd, 4318947.243, 138
Trd, 4318948.493, 118
Trd, 4318949.143, 135
Trd, 4318949.193, 92
Trd, 4318950.693, 139
Trd, 4318951.093, 140
Trd, 4318951.143, 140
Trd, 4318952.593, 140
Trd, 4318953.293, 137
Trd, 4318953.743, 136
Trd, 4318954.293, 129
Trd, 4318954.643, 129
Trd, 4318954.893, 139
Trd, 4318956.043, 139
Trd, 4318956.293, 86
Trd, 4318958.243, 140
Trd, 4318958.393, 140
Trd, 4318958.793, 112
Trd, 4318959.393, 93
Trd, 4318960.343, 96
Trd, 4318960.993, 90
Trd, 4318961.293, 88
Trd, 4318961.443, 87
Trd, 4318962.593, 119
Trd, 4318963.793, 115
Trd, 4318964.093, 133
Trd, 4318964.943, 138
Trd, 4318965.693, 140
Trd, 4318965.793, 140
Trd, 4318966.293, 139
Trd, 4318967.343, 140
Trd, 4318969.343, 140
Trd, 4318969.443, 140
Trd, 4318970.193, 140
Trd, 4318970.243, 140
Trd, 4318970.943, 138
Trd, 4318972.893, 140
Trd, 4318973.043, 140
Trd, 4318973.643, 140
Trd, 4318975.493, 140
Trd, 4318975.593, 140
Trd, 4318975.693, 140
Trd, 4318975.943, 139
Trd, 4318976.143, 129
Trd, 4318976.793, 140
Trd, 4318976.943, 128
Trd, 4318977.943, 60
Trd, 4318978.943, 60
Trd, 4318979.293, 60
Trd, 4318979.643, 60
Trd, 4318982.043, 60
Trd, 4318982.143, 62
Trd, 4318982.493, 64
Trd, 4318983.393, 67
Trd, 4318984.043, 61
Trd, 4318984.793, 60
Trd, 4318986.743, 60
Trd, 4318987.793, 60
Trd, 4318988.793, 60
Trd, 4318989.943, 60
Trd, 4318991.043, 60
Trd, 4318991.593, 60
Trd, 4318991.643, 63
Trd, 4318992.293, 64
Trd, 4318992.393, 61
Trd, 4318992.643, 61
Trd, 4318993.393, 62
Trd, 4318993.593, 61
Trd, 4318993.643, 64
Trd, 4318994.943, 68
Trd, 4318995.543, 64
Trd, 4318998.443, 60
Trd, 4318998.743, 60
Trd, 4318998.893, 62
Trd, 4319000.393, 60
Trd, 4319001.093, 63
Trd, 4319001.543, 60
Trd, 4319002.243, 61
Trd, 4319002.693, 60
Trd, 4319004.193, 60
Trd, 4319004.343, 60
Trd, 4319005.193, 60
Trd, 4319006.293, 60
Trd, 4319007.093, 60
Trd, 4319008.543, 60
Trd, 4319008.793, 61
Trd, 4319009.043, 62
Trd, 4319009.143, 63
Trd, 4319010.293, 63
Trd, 4319011.643, 67
Trd, 4319011.843, 69
Trd, 4319011.993, 70
Trd, 4319012.593, 80
Trd, 4319012.793, 66
Trd, 4319013.043, 63
Trd, 4319014.843, 140
Trd, 4319015.193, 140
Trd, 4319016.043, 131
Trd, 4319016.093, 128
Trd, 4319016.443, 123
Trd, 4319016.643, 122
Trd, 4319018.493, 135
Trd, 4319018.793, 140
Trd, 4319020.393, 140
Trd, 4319020.443, 140
Trd, 4319021.943, 137
Trd, 4319022.443, 124
Trd, 4319023.343, 132
Trd, 4319023.643, 107
Trd, 4319025.743, 140
Trd, 4319026.293, 140
Trd, 4319026.343, 140
Trd, 4319028.393, 140
Trd, 4319028.993, 140
Trd, 4319029.343, 140
Trd, 4319030.093, 140
Trd, 4319030.893, 140
Trd, 4319031.493, 138
Trd, 4319031.993, 70
Trd, 4319032.843, 104
Trd, 4319034.243, 140
Trd, 4319034.343, 140
Trd, 4319034.393, 140
Trd, 4319034.943, 140
Trd, 4319035.843, 140
Trd, 4319036.243, 140
Trd, 4319036.393, 140
Trd, 4319038.143, 140
Trd, 4319038.293, 140
Trd, 4319038.393, 140
Trd, 4319039.543, 140
Trd, 4319041.143, 140
Trd, 4319041.593, 140
Trd, 4319041.843, 126
Trd, 4319042.193, 125
Trd, 4319042.693, 86
Trd, 4319042.743, 119
Trd, 4319043.893, 140
Trd, 4319044.643, 140
Trd, 4319045.493, 138
Trd, 4319045.693, 128
Trd, 4319046.843, 129
Trd, 4319047.293, 100
Trd, 4319048.443, 140
Trd, 4319048.943, 140
Trd, 4319049.193, 140
Trd, 4319049.293, 112
Trd, 4319050.293, 136
Trd, 4319050.743, 86
Trd, 4319051.443, 62
Trd, 4319052.443, 69
Trd, 4319052.993, 81
Trd, 4319053.093, 78
Trd, 4319055.243, 140
Trd, 4319055.293, 140
Trd, 4319056.793, 140
Trd, 4319057.293, 140
Trd, 4319057.443, 140
Trd, 4319059.293, 140
Trd, 4319059.343, 140
Trd, 4319060.043, 140
Trd, 4319060.643, 140
Trd, 4319060.793, 140
Trd, 4319061.443, 60
Trd, 4319062.943, 140
Trd, 4319063.093, 139
Trd, 4319063.193, 133
Trd, 4319063.893, 140
Trd, 4319065.043, 116
Trd, 4319066.293, 104
Trd, 4319066.893, 131
Trd, 4319067.993, 140
Trd, 4319069.443, 140
Trd, 4319069.893, 137
Trd, 4319070.943, 132
Trd, 4319071.093, 132
Trd, 4319071.943, 139
Trd, 4319073.293, 140
Trd, 4319073.493, 140
Trd, 4319073.543, 140
Trd, 4319074.393, 140
Trd, 4319075.143, 140
Trd, 4319075.293, 126
Trd, 4319076.893, 136
Trd, 4319077.943, 139
Trd, 4319078.343, 140
Trd, 4319079.593, 136
Trd, 4319079.943, 118
Trd, 4319081.043, 140
Trd, 4319081.943, 140
Trd, 4319082.043, 140
Trd, 4319082.093, 138
Trd, 4319082.593, 113
Trd, 4319086.493, 140
Trd, 4319086.993, 140
Trd, 4319087.093, 140
Trd, 4319087.393, 139
Trd, 4319087.893, 140
Trd, 4319088.093, 140
Trd, 4319088.493, 138
Trd, 4319088.793, 119
Trd, 4319089.593, 140
Trd, 4319091.843, 113
Trd, 4319092.643, 140
Trd, 4319092.743, 140
Trd, 4319092.943, 140
Trd, 4319094.043, 140
Trd, 4319095.793, 136
Trd, 4319097.043, 99
Trd, 4319097.093, 98
Trd, 4319097.343, 136
Trd, 4319097.843, 95
Trd, 4319098.443, 138
Trd, 4319099.493, 137
Trd, 4319099.643, 136
Trd, 4319099.743, 125
Trd, 4319101.693, 140
Trd, 4319102.093, 140
Trd, 4319102.343, 140
Trd, 4319102.743, 140
Trd, 4319104.193, 140
Trd, 4319104.843, 140
Trd, 4319105.293, 140
Trd, 4319106.143, 140
Trd, 4319106.343, 140
Trd, 4319108.043, 140
Trd, 4319108.443, 139
Trd, 4319109.243, 140
Trd, 4319110.543, 140
Trd, 4319110.793, 140
Trd, 4319111.693, 140
Trd, 4319111.893, 138
Trd, 4319112.093, 130
Trd, 4319113.093, 139
Trd, 4319113.343, 92
Trd, 4319114.343, 139
Trd, 4319115.443, 140
Trd, 4319116.793, 140
Trd, 4319116.843, 131
Trd, 4319117.193, 124
Trd, 4319118.093, 117
Trd, 4319119.093, 65
Trd, 4319119.843, 90
Trd, 4319120.793, 82
Trd, 4319121.393, 74
Trd, 4319121.743, 92
Trd, 4319123.193, 140
Trd, 4319123.293, 140
Trd, 4319123.493, 139
Trd, 4319123.643, 135
Trd, 4319124.493, 140
Trd, 4319124.743, 139
Trd, 4319125.493, 60
Trd, 4319126.293, 65
Trd, 4319126.993, 62
Trd, 4319128.593, 61
Trd, 4319128.793, 63
Trd, 4319129.543, 61
Trd, 4319130.843, 63
Trd, 4319131.143, 64
Trd, 4319131.493, 64
Trd, 4319132.043, 69
Trd, 4319132.843, 60
Trd, 4319133.793, 61
Trd, 4319134.793, 68
Trd, 4319135.293, 91
Trd, 4319135.493, 67
Trd, 4319136.043, 67
Trd, 4319136.093, 73
Trd, 4319137.343, 125
Trd, 4319137.793, 62
Trd, 4319138.043, 64
Trd, 4319139.043, 140
Trd, 4319140.843, 140
Trd, 4319142.193, 140
Trd, 4319142.293, 138
Trd, 4319142.343, 136
Trd, 4319143.343, 60
Trd, 4319143.643, 60
Trd, 4319143.693, 60
Trd, 4319143.993, 61
Trd, 4319145.943, 64
Trd, 4319147.293, 139
Trd, 4319148.293, 60
Trd, 4319148.343, 61
Trd, 4319149.043, 60
Trd, 4319149.543, 60
Trd, 4319150.593, 60
Trd, 4319151.093, 65
Trd, 4319151.193, 66
Trd, 4319151.793, 68
Trd, 4319153.693, 60
Trd, 4319154.093, 61
Trd, 4319154.543, 61
Trd, 4319155.243, 61
Trd, 4319157.443, 60
Trd, 4319157.493, 60
Trd, 4319158.143, 61
Trd, 4319159.543, 60
Trd, 4319159.793, 61
Trd, 4319160.593, 62
Trd, 4319160.993, 62
Trd, 4319161.093, 62
Trd, 4319161.293, 61
Trd, 4319161.543, 61
Trd, 4319163.193, 60
Trd, 4319164.793, 63
Trd, 4319165.193, 61
Trd, 4319165.743, 62
Trd, 4319166.293, 63
Trd, 4319167.143, 72
Trd, 4319167.993, 60
Trd, 4319168.643, 60
Trd, 4319169.243, 60
Trd, 4319169.643, 64
Trd, 4319171.693, 64
Trd, 4319171.993, 61
Trd, 4319172.643, 60
Trd, 4319174.243, 60
Trd, 4319174.443, 63
Trd, 4319174.543, 63
Trd, 4319174.943, 61
Trd, 4319175.743, 61
Trd, 4319175.843, 60
Trd, 4319176.693, 60
Trd, 4319177.143, 60
Trd, 4319177.343, 61
Trd, 4319178.593, 61
Trd, 4319182.443, 60
Trd, 4319182.543, 62
Trd, 4319183.643, 60
Trd, 4319183.943, 60
Trd, 4319184.243, 60
Trd, 4319184.393, 61
Trd, 4319184.493, 61
Trd, 4319184.893, 60
Trd, 4319185.043, 61
Trd, 4319185.193, 62
Trd, 4319185.793, 63
Trd, 4319187.493, 60
Trd, 4319187.693, 60
Trd, 4319187.993, 61
Trd, 4319188.793, 61
Trd, 4319188.893, 64
Trd, 4319189.743, 61
Trd, 4319190.443, 60
Trd, 4319191.543, 61
Trd, 4319192.943, 60
Trd, 4319193.643, 60
Trd, 4319195.243, 60
Trd, 4319195.493, 60
Trd, 4319198.293, 61
Trd, 4319199.243, 62
Trd, 4319199.493, 61
Trd, 4319199.843, 62
Trd, 4319200.293, 61
Trd, 4319200.393, 60
Trd, 4319201.493, 60
Trd, 4319201.693, 60
Trd, 4319202.593, 63
Trd, 4319203.493, 63
Trd, 4319203.643, 64
Trd, 4319204.243, 64
Trd, 4319204.793, 60
Trd, 4319205.243, 66
Trd, 4319207.343, 60
Trd, 4319208.093, 60
Trd, 4319208.493, 60
Trd, 4319209.393, 60
Trd, 4319210.243, 60
Trd, 4319210.293, 60
Trd, 4319210.493, 68
Trd, 4319211.093, 66
Trd, 4319211.493, 66
Trd, 4319212.143, 66
Trd, 4319212.293, 65
Trd, 4319212.443, 62
Trd, 4319214.193, 140
Trd, 4319214.493, 140
Trd, 4319214.593, 139
Trd, 4319215.493, 139
Trd, 4319215.843, 140
Trd, 4319216.143, 139
Trd, 4319216.993, 140
Trd, 4319217.693, 138
Trd, 4319218.593, 120
Trd, 4319219.693, 140
Trd, 4319219.743, 140
Trd, 4319220.243, 140
Trd, 4319220.743, 110
Trd, 4319220.893, 109
Trd, 4319221.843, 86
Trd, 4319222.893, 80
Trd, 4319224.193, 140
Trd, 4319224.293, 132
Trd, 4319225.193, 140
Trd, 4319225.693, 140
Trd, 4319225.793, 116
Trd, 4319226.743, 140
Trd, 4319228.193, 140
Trd, 4319228.743, 140
Trd, 4319229.093, 140
Trd, 4319230.143, 140
Trd, 4319230.793, 140
Trd, 4319230.993, 139
Trd, 4319231.843, 140
Trd, 4319231.943, 139
Trd, 4319232.593, 118
Trd, 4319232.643, 117
Trd, 4319233.993, 140
Trd, 4319234.243, 137
Trd, 4319235.793, 123
Trd, 4319235.993, 121
Trd, 4319236.393, 129
Trd, 4319238.393, 140
Trd, 4319238.593, 139
Trd, 4319240.093, 140
Trd, 4319240.193, 139
Trd, 4319241.043, 140
Trd, 4319241.693, 139
Trd, 4319242.093, 124
Trd, 4319242.293, 98
Trd, 4319243.643, 140
Trd, 4319243.743, 140
Trd, 4319244.493, 139
Trd, 4319246.843, 140
Trd, 4319247.443, 140
Trd, 4319248.443, 140
Trd, 4319248.643, 140
Trd, 4319249.143, 140
Trd, 4319249.693, 140
Trd, 4319250.443, 138
Trd, 4319251.093, 136
Trd, 4319251.293, 90
Trd, 4319251.593, 135
Trd, 4319253.243, 138
Trd, 4319253.543, 131
Trd, 4319253.743, 131
Trd, 4319254.493, 131
Trd, 4319255.243, 140
Trd, 4319255.843, 124
Trd, 4319256.293, 139
Trd, 4319258.943, 130
Trd, 4319259.193, 127
Trd, 4319259.243, 126
Trd, 4319259.393, 114
Trd, 4319259.843, 140
Trd, 4319260.343, 140
Trd, 4319261.343, 139
Trd, 4319262.243, 139
Trd, 4319262.793, 139
Trd, 4319262.843, 134
Trd, 4319263.243, 123
Trd, 4319263.793, 140
Trd, 4319263.893, 84
Trd, 4319265.993, 140
Trd, 4319266.943, 140
Trd, 4319267.743, 140
Trd, 4319269.043, 140
Trd, 4319269.943, 140
Trd, 4319270.193, 140
Trd, 4319270.243, 139
Trd, 4319271.193, 140
Trd, 4319271.793, 100
Trd, 4319271.943, 139
Trd, 4319272.693, 140
Trd, 4319273.293, 139
Trd, 4319274.843, 139
Trd, 4319275.393, 140
Trd, 4319275.443, 105
Trd, 4319275.493, 90
Trd, 4319277.143, 120
Trd, 4319278.093, 122
Trd, 4319279.143, 140
Trd, 4319279.543, 140
Trd, 4319280.043, 140
Trd, 4319280.943, 140
Trd, 4319281.443, 140
Trd, 4319283.143, 140
Trd, 4319284.543, 140
Trd, 4319285.093, 140
Trd, 4319285.343, 140
Trd, 4319285.993, 140
Trd, 4319286.193, 122
Trd, 4319287.243, 140
Trd, 4319288.293, 140
Trd, 4319288.593, 140
Trd, 4319289.443, 140
Trd, 4319289.593, 139
Trd, 4319291.043, 140
Trd, 4319291.743, 138
Trd, 4319292.293, 103
Trd, 4319293.093, 138
Trd, 4319293.243, 136
Trd, 4319294.193, 139
Trd, 4319294.243, 136
Trd, 4319294.993, 138
Trd, 4319295.193, 83
Trd, 4319296.643, 61
Trd, 4319298.043, 63
Trd, 4319298.293, 64
Trd, 4319298.493, 67
Trd, 4319299.743, 60
Trd, 4319300.943, 60
Trd, 4319301.943, 60
Trd, 4319302.743, 60
Trd, 4319302.793, 60
Trd, 4319302.893, 60
Trd, 4319303.743, 67
Trd, 4319304.243, 61
Trd, 4319304.543, 63
Trd, 4319305.393, 86
Trd, 4319305.643, 60
Trd, 4319306.043, 61
Trd, 4319306.643, 64
Trd, 4319307.643, 140
Trd, 4319307.743, 140
Trd, 4319309.093, 139
Trd, 4319309.693, 140
Trd, 4319310.943, 139
Trd, 4319311.243, 140
Trd, 4319311.493, 140
Trd, 4319312.493, 88
Trd, 4319313.293, 117
Trd, 4319313.693, 138
Trd, 4319313.893, 139
Trd, 4319314.943, 140
Trd, 4319315.493, 140
Trd, 4319316.543, 140
Trd, 4319319.843, 140
Trd, 4319320.393, 140
Trd, 4319320.543, 140
Trd, 4319321.643, 140
Trd, 4319321.993, 140
Trd, 4319322.593, 140
Trd, 4319322.743, 140
Trd, 4319323.093, 139
Trd, 4319323.143, 137
Trd, 4319325.143, 74
Trd, 4319326.043, 63
Trd, 4319326.643, 60
Trd, 4319327.993, 61
Trd, 4319328.643, 61
Trd, 4319328.693, 63
Trd, 4319329.593, 61
Trd, 4319330.643, 60
Trd, 4319330.843, 62
Trd, 4319330.943, 72
Trd, 4319332.093, 61
Trd, 4319333.343, 60
Trd, 4319333.693, 63
Trd, 4319333.893, 61
Trd, 4319335.243, 62
Trd, 4319336.243, 60
Trd, 4319337.093, 61
Trd, 4319337.643, 60
Trd, 4319338.393, 60
Trd, 4319338.843, 60
Trd, 4319339.343, 61
Trd, 4319339.393, 62
Trd, 4319339.993, 66
Trd, 4319340.943, 73
Trd, 4319341.493, 120
Trd, 4319341.843, 119
Trd, 4319342.593, 73
Trd, 4319342.993, 74
Trd, 4319343.043, 72
Trd, 4319344.093, 135
Trd, 4319344.143, 66
Trd, 4319345.343, 60
Trd, 4319346.043, 60
Trd, 4319346.643, 60
Trd, 4319347.643, 62
Trd, 4319348.043, 60
Trd, 4319349.943, 79
Trd, 4319350.493, 132
Trd, 4319350.793, 95
Trd, 4319350.943, 95
Trd, 4319351.843, 107
Trd, 4319351.993, 106
Trd, 4319352.443, 140
Trd, 4319352.543, 127
Trd, 4319354.943, 140
Trd, 4319355.443, 140
Trd, 4319356.143, 140
Trd, 4319356.793, 140
Trd, 4319357.643, 140
Trd, 4319358.243, 140
Trd, 4319358.543, 138
Trd, 4319358.893, 127
Trd, 4319360.293, 64
Trd, 4319360.343, 64
Trd, 4319361.143, 140
Trd, 4319362.293, 140
Trd, 4319362.793, 139
Trd, 4319363.693, 140
Trd, 4319363.943, 139
Trd, 4319365.093, 140
Trd, 4319365.343, 140
Trd, 4319365.743, 140
Trd, 4319365.793, 128
Trd, 4319366.243, 119
Trd, 4319367.443, 140
Trd, 4319368.493, 86
Trd, 4319369.943, 139
Trd, 4319370.193, 135
Trd, 4319370.993, 84
Trd, 4319371.643, 140
Trd, 4319371.893, 139
Trd, 4319372.443, 140
Trd, 4319372.543, 135
Trd, 4319375.043, 140
Trd, 4319375.293, 140
Trd, 4319375.843, 140
Trd, 4319376.343, 139
Trd, 4319377.143, 138
Trd, 4319377.343, 135
Trd, 4319378.293, 139
Trd, 4319378.443, 138
Trd, 4319380.193, 109
Trd, 4319380.793, 99
Trd, 4319380.893, 98
Trd, 4319381.743, 132
Trd, 4319382.493, 140
Trd, 4319382.843, 139
Trd, 4319383.193, 140
Trd, 4319383.443, 138
Trd, 4319383.743, 122
Trd, 4319384.743, 98
Trd, 4319385.293, 98
Trd, 4319385.593, 140
Trd, 4319385.993, 140
Trd, 4319387.793, 140
Trd, 4319388.443, 140
Trd, 4319388.843, 140
Trd, 4319389.693, 140
Trd, 4319390.093, 140
Trd, 4319391.193, 140
Trd, 4319392.093, 140
Trd, 4319392.443, 140
Trd, 4319392.543, 140
Trd, 4319394.043, 140
Trd, 4319394.493, 140
Trd, 4319395.743, 140
Trd, 4319396.093, 140
Trd, 4319396.193, 140
Trd, 4319396.393, 140
Trd, 4319396.643, 139
Trd, 4319396.793, 136
Trd, 4319398.993, 138
Trd, 4319399.043, 137
Trd, 4319399.593, 117
Trd, 4319399.693, 70
Trd, 4319402.093, 140
Trd, 4319402.243, 140
Trd, 4319403.043, 140
Trd, 4319403.993, 140
Trd, 4319404.743, 140
Trd, 4319405.543, 140
Trd, 4319406.293, 140
Trd, 4319406.343, 140
Trd, 4319408.093, 140
Trd, 4319408.893, 140
Trd, 4319409.493, 139
Trd, 4319409.743, 136
Trd, 4319410.943, 140
Trd, 4319411.193, 139
Trd, 4319411.493, 136
Trd, 4319413.643, 140
Trd, 4319414.193, 140
Trd, 4319414.343, 140
Trd, 4319414.393, 140
Trd, 4319414.843, 107
Trd, 4319416.743, 139
Trd, 4319417.143, 137
Trd, 4319417.543, 136
Trd, 4319418.043, 140
Trd, 4319419.493, 139
Trd, 4319420.343, 138
Trd, 4319420.543, 134
Trd, 4319421.543, 137
Trd, 4319422.343, 119
Trd, 4319422.943, 140
Trd, 4319423.143, 106
Trd, 4319423.943, 101
Trd, 4319425.093, 115
Trd, 4319426.143, 137
Trd, 4319426.443, 138
Trd, 4319427.393, 139
Trd, 4319427.693, 138
Trd, 4319428.793, 140
Trd, 4319429.093, 134
Trd, 4319429.193, 133
Trd, 4319429.993, 128
Trd, 4319431.093, 140
Trd, 4319432.093, 139
Trd, 4319433.293, 140
Trd, 4319434.543, 140
Trd, 4319435.293, 140
Trd, 4319435.993, 140
Trd, 4319436.393, 140
Trd, 4319436.693, 136
Trd, 4319437.993, 140
Trd, 4319439.793, 133
Trd, 4319439.893, 69
Trd, 4319440.293, 128
Trd, 4319440.443, 97
Trd, 4319442.793, 60
Trd, 4319443.293, 60
Trd, 4319443.643, 63
Trd, 4319444.493, 65
Trd, 4319444.693, 60
Trd, 4319444.843, 138
Trd, 4319445.443, 79
Trd, 4319447.143, 64
Trd, 4319447.343, 63
Trd, 4319447.943, 65
Trd, 4319448.793, 66
Trd, 4319448.993, 67
Trd, 4319450.643, 140
Trd, 4319450.693, 140
Trd, 4319451.343, 61
Trd, 4319451.493, 64
Trd, 4319452.793, 140
Trd, 4319453.843, 140
Trd, 4319454.293, 111
Trd, 4319454.793, 110
Trd, 4319455.593, 133
Trd, 4319456.543, 140
Trd, 4319456.643, 140
Trd, 4319457.593, 96
Trd, 4319457.743, 63
Trd, 4319459.443, 60
Trd, 4319459.493, 63
Trd, 4319460.343, 60
Trd, 4319460.393, 61
Trd, 4319460.993, 61
Trd, 4319462.693, 61
Trd, 4319462.743, 62
Trd, 4319463.893, 60
Trd, 4319465.843, 60
Trd, 4319465.893, 60
Trd, 4319465.943, 62
Trd, 4319466.243, 63
Trd, 4319466.943, 60
Trd, 4319466.993, 64
Trd, 4319468.093, 61
Trd, 4319468.193, 66
Trd, 4319468.593, 60
Trd, 4319469.393, 60
Trd, 4319470.093, 136
Trd, 4319470.493, 61
Trd, 4319471.943, 60
Trd, 4319473.093, 61
Trd, 4319474.393, 60
Trd, 4319474.593, 61
Trd, 4319475.793, 60
Trd, 4319476.143, 62
Trd, 4319476.993, 63
Trd, 4319477.193, 65
Trd, 4319477.243, 62
Trd, 4319477.543, 66
Trd, 4319478.793, 79
Trd, 4319479.343, 67
Trd, 4319479.543, 77
Trd, 4319480.043, 60
Trd, 4319481.293, 64
Trd, 4319481.343, 61
Trd, 4319482.293, 63
Trd, 4319483.093, 64
Trd, 4319483.643, 64
Trd, 4319483.743, 71
Trd, 4319484.943, 60
Trd, 4319485.893, 60
Trd, 4319486.293, 60
Trd, 4319488.443, 60
Trd, 4319488.843, 60
Trd, 4319489.243, 60
Trd, 4319490.693, 60
Trd, 4319491.443, 60
Trd, 4319491.993, 61
Trd, 4319492.093, 61
Trd, 4319492.193, 63
Trd, 4319493.143, 63
Trd, 4319493.493, 104
Trd, 4319494.543, 64
Trd, 4319495.393, 140
Trd, 4319496.143, 75
Trd, 4319496.343, 74
Trd, 4319497.793, 60
Trd, 4319498.093, 60
Trd, 4319499.093, 63
Trd, 4319499.293, 63
Trd, 4319499.893, 69
Trd, 4319500.393, 62
Trd, 4319500.793, 61
Trd, 4319501.293, 60
Trd, 4319501.793, 140
Trd, 4319502.843, 140
Trd, 4319503.293, 139
Trd, 4319503.543, 98
Trd, 4319503.943, 96
Trd, 4319505.443, 115
Trd, 4319505.993, 115
Trd, 4319506.843, 118
Trd, 4319507.343, 140
Trd, 4319508.193, 140
Trd, 4319509.793, 140
Trd, 4319509.843, 140
Trd, 4319509.993, 138
Trd, 4319512.043, 140
Trd, 4319513.643, 140
Trd, 4319514.643, 140
Trd, 4319514.893, 140
Trd, 4319516.493, 140
Trd, 4319516.793, 140
Trd, 4319516.943, 137
Trd, 4319517.943, 137
Trd, 4319518.643, 140
Trd, 4319520.093, 140
Trd, 4319520.193, 140
Trd, 4319521.743, 140
Trd, 4319521.893, 140
Trd, 4319522.743, 140
Trd, 4319522.893, 138
Trd, 4319523.143, 69
Trd, 4319524.043, 134
Trd, 4319525.093, 140
Trd, 4319526.793, 140
Trd, 4319528.393, 140
Trd, 4319529.643, 140
Trd, 4319530.543, 140
Trd, 4319530.593, 140
Trd, 4319530.693, 139
Trd, 4319531.293, 138
Trd, 4319531.443, 138
Trd, 4319531.593, 93
Trd, 4319532.293, 124
Trd, 4319533.443, 129
Trd, 4319533.693, 93
Trd, 4319535.793, 62
Trd, 4319536.293, 66
Trd, 4319536.543, 139
Trd, 4319537.143, 69
Trd, 4319537.693, 64
Trd, 4319538.693, 120
Trd, 4319538.943, 121
Trd, 4319539.143, 68
Trd, 4319539.543, 140
Trd, 4319540.093, 66
Trd, 4319541.743, 140
Trd, 4319542.893, 140
Trd, 4319543.243, 138
Trd, 4319543.443, 67
Trd, 4319543.793, 139
Trd, 4319545.493, 138
Trd, 4319546.243, 140
Trd, 4319546.593, 140
Trd, 4319546.893, 140
Trd, 4319547.043, 140
Trd, 4319548.143, 140
Trd, 4319549.643, 140
Trd, 4319550.343, 140
Trd, 4319550.543, 140
Trd, 4319551.593, 140
Trd, 4319551.993, 139
Trd, 4319552.543, 140
Trd, 4319552.893, 123
Trd, 4319554.743, 140
Trd, 4319555.043, 135
Trd, 4319556.243, 136
Trd, 4319556.693, 134
Trd, 4319557.093, 137
Trd, 4319557.443, 140
Trd, 4319557.743, 110
Trd, 4319560.243, 139
Trd, 4319560.543, 139
Trd, 4319560.693, 125
Trd, 4319561.093, 140
Trd, 4319561.943, 140
Trd, 4319563.293, 140
Trd, 4319564.193, 140
Trd, 4319564.743, 140
Trd, 4319564.893, 140
Trd, 4319565.343, 140
Trd, 4319566.243, 136
Trd, 4319566.743, 136
Trd, 4319567.293, 118
Trd, 4319567.643, 137
Trd, 4319568.443, 136
Trd, 4319569.143, 121
Trd, 4319569.543, 140
Trd, 4319570.343, 140
Trd, 4319570.693, 140
Trd, 4319571.243, 140
Trd, 4319571.393, 133
Trd, 4319573.943, 140
Trd, 4319574.143, 122
Trd, 4319574.843, 130
Trd, 4319574.993, 70
Trd, 4319576.293, 124
Trd, 4319576.343, 63
Trd, 4319576.643, 60
Trd, 4319577.143, 60
Trd, 4319578.243, 62
Trd, 4319578.393, 67
Trd, 4319579.793, 140
Trd, 4319581.043, 84
Trd, 4319581.843, 137
Trd, 4319581.993, 106
Trd, 4319582.843, 86
Trd, 4319583.243, 102
Trd, 4319583.393, 83
Trd, 4319584.143, 140
Trd, 4319585.793, 139
Trd, 4319586.693, 67
Trd, 4319587.443, 61
Trd, 4319587.493, 64
Trd, 4319589.893, 140
Trd, 4319590.543, 119
Trd, 4319590.693, 140
Trd, 4319590.893, 117
Trd, 4319591.143, 116
Trd, 4319592.443, 116
Trd, 4319593.243, 140
Trd, 4319593.743, 140
Trd, 4319594.793, 140
Trd, 4319595.393, 140
Trd, 4319596.343, 140
Trd, 4319597.293, 140
Trd, 4319597.643, 140
Trd, 4319597.843, 140
Trd, 4319600.393, 140
Trd, 4319600.843, 140
Trd, 4319601.343, 140
Trd, 4319601.543, 140
Trd, 4319602.593, 140
Trd, 4319602.893, 139
Trd, 4319603.093, 139
Trd, 4319603.143, 137
Trd, 4319604.293, 140
Trd, 4319604.743, 140
Trd, 4319605.643, 140
Trd, 4319606.043, 74
Trd, 4319606.743, 116
Trd, 4319607.693, 136
Trd, 4319608.293, 140
Trd, 4319609.193, 63
Trd, 4319609.793, 60
Trd, 4319611.143, 60
Trd, 4319611.543, 60
Trd, 4319611.843, 60
Trd, 4319612.843, 64
Trd, 4319613.143, 67
Trd, 4319613.443, 62
Trd, 4319614.143, 65
Trd, 4319614.793, 119
Trd, 4319615.143, 61
Trd, 4319617.343, 140
Trd, 4319617.843, 140
Trd, 4319617.993, 140
Trd, 4319618.493, 140
Trd, 4319619.343, 140
Trd, 4319619.393, 140
Trd, 4319620.193, 140
Trd, 4319620.493, 140
Trd, 4319620.893, 138
Trd, 4319622.893, 140
Trd, 4319622.943, 140
Trd, 4319623.093, 140
Trd, 4319624.743, 137
Trd, 4319625.543, 137
Trd, 4319625.743, 137
Trd, 4319626.093, 136
Trd, 4319628.143, 140
Trd, 4319628.243, 140
Trd, 4319629.343, 139
Trd, 4319630.093, 139
Trd, 4319631.543, 140
Trd, 4319632.343, 140
Trd, 4319632.643, 139
Trd, 4319632.793, 138
Trd, 4319633.743, 135
Trd, 4319634.093, 138
Trd, 4319635.293, 140
Trd, 4319636.243, 140
Trd, 4319636.893, 140
Trd, 4319637.093, 139
Trd, 4319637.693, 138
Trd, 4319638.793, 136
Trd, 4319638.893, 127
Trd, 4319639.043, 136
Trd, 4319639.593, 140
Trd, 4319640.343, 140
Trd, 4319641.393, 140
Trd, 4319642.193, 140
Trd, 4319642.393, 139
Trd, 4319643.043, 120
Trd, 4319643.443, 114
Trd, 4319644.093, 140
Trd, 4319645.193, 140
Trd, 4319645.243, 139
Trd, 4319646.493, 136
Trd, 4319647.143, 136
Trd, 4319648.043, 139
Trd, 4319648.993, 139
Trd, 4319649.943, 140
Trd, 4319649.993, 140
Trd, 4319651.343, 120
Trd, 4319652.093, 140
Trd, 4319653.043, 75
Trd, 4319653.743, 140
Trd, 4319654.993, 140
Trd, 4319655.093, 140
Trd, 4319655.593, 139
Trd, 4319656.443, 136
Trd, 4319657.093, 136
Trd, 4319657.143, 134
Trd, 4319657.643, 77
Trd, 4319658.043, 75
Trd, 4319659.893, 140
Trd, 4319660.293, 140
Trd, 4319661.493, 140
Trd, 4319662.543, 140
Trd, 4319662.843, 140
Trd, 4319663.393, 83
Trd, 4319664.243, 122
Trd, 4319665.093, 139
Trd, 4319667.343, 140
Trd, 4319667.493, 140
Trd, 4319667.643, 140
Trd, 4319667.693, 140
Trd, 4319668.343, 140
Trd, 4319669.943, 140
Trd, 4319670.343, 140
Trd, 4319670.693, 137
Trd, 4319670.743, 128
Trd, 4319671.793, 112
Trd, 4319672.493, 140
Trd, 4319672.543, 98
Trd, 4319674.093, 137
Trd, 4319674.743, 138
Trd, 4319675.443, 137
Trd, 4319677.643, 140
Trd, 4319678.193, 140
Trd, 4319678.343, 139
Trd, 4319678.493, 136
Trd, 4319678.693, 106
Trd, 4319679.143, 89
Trd, 4319680.043, 140
Trd, 4319680.543, 140
Trd, 4319682.293, 140
Trd, 4319682.643, 140
Trd, 4319684.243, 60
Trd, 4319684.643, 60
Trd, 4319684.743, 60
Trd, 4319686.043, 60
Trd, 4319686.143, 60
Trd, 4319686.393, 60
Trd, 4319687.143, 61
Trd, 4319687.493, 61
Trd, 4319688.393, 64
Trd, 4319688.593, 71
Trd, 4319688.743, 64
Trd, 4319688.843, 63
Trd, 4319689.543, 140
Trd, 4319690.143, 140
Trd, 4319690.793, 61
Trd, 4319691.343, 70
Trd, 4319693.043, 60
Trd, 4319694.493, 61
Trd, 4319694.843, 60
Trd, 4319695.643, 60
Trd, 4319696.343, 63
Trd, 4319699.493, 60
Trd, 4319699.543, 60
Trd, 4319699.743, 62
Trd, 4319699.793, 63
Trd, 4319701.043, 60
Trd, 4319701.243, 60
Trd, 4319701.443, 60
Trd, 4319702.293, 60
Trd, 4319703.293, 64
Trd, 4319703.743, 62
Trd, 4319703.993, 68
Trd, 4319704.743, 67
Trd, 4319705.093, 73
Trd, 4319705.143, 64
Trd, 4319706.193, 60
Trd, 4319706.643, 61
Trd, 4319707.193, 131
Trd, 4319708.243, 104
Trd, 4319708.543, 60
Trd, 4319709.493, 140
Trd, 4319709.543, 137
Trd, 4319709.593, 68
Trd, 4319710.593, 60
Trd, 4319712.443, 60
Trd, 4319712.593, 60
Trd, 4319713.093, 61
Trd, 4319714.193, 63
Trd, 4319715.093, 61
Trd, 4319715.343, 60
Trd, 4319715.793, 61
Trd, 4319715.943, 60
Trd, 4319716.343, 73
Trd, 4319716.593, 62
Trd, 4319717.443, 95
Trd, 4319717.743, 75
Trd, 4319718.193, 113
Trd, 4319718.693, 87
Trd, 4319719.493, 76
Trd, 4319720.043, 60
Trd, 4319720.693, 60
Trd, 4319721.743, 60
Trd, 4319721.993, 68
Trd, 4319722.643, 65
Trd, 4319722.943, 60
Trd, 4319723.993, 60
Trd, 4319725.243, 60
Trd, 4319725.543, 60
Trd, 4319725.643, 63
Trd, 4319726.793, 60
Trd, 4319727.093, 61
Trd, 4319727.493, 61
Trd, 4319729.543, 60
Trd, 4319730.493, 60
Trd, 4319731.243, 60
Trd, 4319733.343, 60
Trd, 4319733.543, 60
Trd, 4319733.993, 60
Trd, 4319735.443, 60
Trd, 4319735.493, 61
Trd, 4319735.643, 63
Trd, 4319737.743, 62
Trd, 4319738.093, 61
Trd, 4319738.693, 60
Trd, 4319738.743, 62
Trd, 4319738.993, 60
Trd, 4319740.293, 65
Trd, 4319741.943, 60
Trd, 4319742.443, 60
Trd, 4319742.843, 62
Trd, 4319742.893, 60
Trd, 4319743.993, 61
Trd, 4319744.343, 60
Trd, 4319744.543, 61
Trd, 4319744.743, 60
Trd, 4319745.693, 60
Trd, 4319745.893, 60
Trd, 4319746.593, 68
Trd, 4319746.693, 61
Trd, 4319747.543, 61
Trd, 4319748.093, 62
Trd, 4319748.393, 60
Trd, 4319749.493, 63
Trd, 4319750.293, 64
Trd, 4319751.143, 140
Trd, 4319751.543, 140
Trd, 4319751.643, 111
Trd, 4319752.543, 62
Trd, 4319752.893, 68
Trd, 4319753.443, 75
Trd, 4319755.193, 140
Trd, 4319755.543, 140
Trd, 4319756.043, 140
Trd, 4319757.093, 140
Trd, 4319757.693, 140
Trd, 4319758.193, 140
Trd, 4319758.343, 125
Trd, 4319759.593, 140
Trd, 4319760.793, 140
Trd, 4319761.093, 140
Trd, 4319761.643, 140
Trd, 4319762.643, 136
Trd, 4319765.543, 60
Trd, 4319765.693, 60
Trd, 4319765.943, 61
Trd, 4319765.993, 61
Trd, 4319766.093, 62
Trd, 4319766.193, 66
Trd, 4319766.843, 63
Trd, 4319767.843, 64
Trd, 4319768.593, 107
Trd, 4319769.143, 140
Trd, 4319770.993, 60
Trd, 4319771.143, 61
Trd, 4319771.293, 61
Trd, 4319771.593, 62
Trd, 4319772.593, 66
Trd, 4319773.343, 61
Trd, 4319773.543, 62
Trd, 4319774.693, 61
Trd, 4319774.743, 62
Trd, 4319775.393, 63
Trd, 4319775.843, 61
Trd, 4319776.943, 60
Trd, 4319777.143, 61
Trd, 4319778.743, 60
Trd, 4319779.043, 60
Trd, 4319780.593, 61
Trd, 4319782.193, 60
Trd, 4319782.643, 60
Trd, 4319783.593, 60
Trd, 4319784.143, 62
Trd, 4319784.643, 65
Trd, 4319785.193, 64
Trd, 4319785.893, 67
Trd, 4319786.043, 66
Trd, 4319786.193, 65
Trd, 4319786.593, 63
Trd, 4319787.843, 62
Trd, 4319788.693, 64
Trd, 4319789.293, 65
Trd, 4319789.993, 65
Trd, 4319790.093, 66
Trd, 4319791.443, 139
Trd, 4319791.793, 139
Trd, 4319792.693, 140
Trd, 4319792.793, 140
Trd, 4319793.193, 140
Trd, 4319793.443, 138
Trd, 4319794.793, 140
Trd, 4319795.043, 127
Trd, 4319796.343, 127
Trd, 4319797.143, 140
Trd, 4319797.743, 125
Trd, 4319797.893, 83
Trd, 4319799.393, 138
Trd, 4319799.893, 134
Trd, 4319801.143, 61
Trd, 4319801.343, 62
Trd, 4319801.643, 66
Trd, 4319803.293, 140
Trd, 4319804.043, 140
Trd, 4319804.143, 140
Trd, 4319805.193, 140
Trd, 4319806.593, 140
Trd, 4319806.943, 140
Trd, 4319807.143, 140
Trd, 4319808.143, 139
Trd, 4319808.243, 127
Trd, 4319808.593, 121
Trd, 4319809.143, 120
Trd, 4319810.693, 140
Trd, 4319811.093, 140
Trd, 4319811.343, 140
Trd, 4319811.493, 140
Trd, 4319812.993, 140
Trd, 4319814.443, 140
Trd, 4319815.193, 140
Trd, 4319816.643, 140
Trd, 4319817.043, 140
Trd, 4319817.243, 134
Trd, 4319817.793, 139
Trd, 4319818.043, 138
Trd, 4319818.293, 129
Trd, 4319819.543, 140
Trd, 4319820.343, 140
Trd, 4319821.093, 140
Trd, 4319821.643, 140
Trd, 4319823.243, 140
Trd, 4319824.043, 140
Trd, 4319824.293, 140
Trd, 4319824.443, 140
Trd, 4319825.143, 139
Trd, 4319826.193, 106
Trd, 4319826.243, 125
Trd, 4319826.443, 105
Trd, 4319827.543, 124
Trd, 4319829.243, 61
Trd, 4319829.943, 60
Trd, 4319830.943, 61
Trd, 4319831.093, 63
Trd, 4319831.443, 64
Trd, 4319831.843, 65
Trd, 4319832.343, 62
Trd, 4319833.493, 60
Trd, 4319834.493, 61
Trd, 4319835.643, 60
Trd, 4319837.493, 60
Trd, 4319837.643, 60
Trd, 4319838.043, 61
Trd, 4319838.293, 62
Trd, 4319838.843, 61
Trd, 4319838.943, 65
Trd, 4319841.693, 140
Trd, 4319842.343, 140
Trd, 4319842.393, 140
Trd, 4319842.593, 139
Trd, 4319842.693, 136
Trd, 4319842.793, 126
Trd, 4319844.293, 71
Trd, 4319845.693, 139
Trd, 4319846.643, 140
Trd, 4319846.693, 139
Trd, 4319846.743, 137
Trd, 4319847.843, 137
Trd, 4319848.793, 138
Trd, 4319849.243, 136
Trd, 4319849.393, 92
Trd, 4319849.793, 80
Trd, 4319851.343, 140
Trd, 4319851.593, 140
Trd, 4319852.193, 140
Trd, 4319852.993, 140
Trd, 4319853.443, 140
Trd, 4319853.493, 140
Trd, 4319854.393, 140
Trd, 4319856.643, 140
Trd, 4319856.693, 140
Trd, 4319856.993, 140
Trd, 4319857.193, 140
Trd, 4319858.143, 140
Trd, 4319858.243, 133
Trd, 4319858.693, 100
Trd, 4319860.443, 60
Trd, 4319861.343, 60
Trd, 4319862.593, 60
Trd, 4319862.843, 60
Trd, 4319863.043, 60
Trd, 4319863.193, 60
Trd, 4319863.693, 62
Trd, 4319865.343, 60
Trd, 4319866.243, 60
Trd, 4319866.643, 60
Trd, 4319866.793, 61
Trd, 4319867.843, 61
Trd, 4319868.743, 60
Trd, 4319868.893, 63
Trd, 4319869.443, 63
Trd, 4319870.193, 62
Trd, 4319870.743, 60
Trd, 4319871.043, 62
Trd, 4319872.193, 65
Trd, 4319872.493, 65
Trd, 4319874.493, 60
Trd, 4319875.143, 60
Trd, 4319875.193, 61
Trd, 4319876.943, 60
Trd, 4319877.193, 61
Trd, 4319878.193, 60
Trd, 4319878.843, 62
Trd, 4319880.393, 60
Trd, 4319880.993, 60
Trd, 4319881.443, 60
Trd, 4319881.693, 60
Trd, 4319881.993, 62
Trd, 4319882.693, 61
Trd, 4319883.493, 64
Trd, 4319884.293, 64
Trd, 4319884.693, 64
Trd, 4319885.693, 60
Trd, 4319887.243, 61
Trd, 4319887.943, 62
Trd, 4319888.643, 61
Trd, 4319890.043, 60
Trd, 4319891.493, 60
Trd, 4319892.943, 60
Trd, 4319893.093, 60
Trd, 4319893.493, 60
Trd, 4319893.793, 60
Trd, 4319894.243, 60
Trd, 4319894.443, 60
Trd, 4319894.843, 63
Trd, 4319895.793, 60
Trd, 4319896.993, 63
Trd, 4319897.693, 64
Trd, 4319897.843, 62
Trd, 4319898.193, 60
Trd, 4319898.843, 60
Trd, 4319899.243, 62
Trd, 4319899.843, 61
Trd, 4319899.893, 64
Trd, 4319900.643, 126
Trd, 4319900.993, 125
Trd, 4319904.093, 140
Trd, 4319904.193, 140
Trd, 4319904.643, 140
Trd, 4319905.643, 140
Trd, 4319905.893, 140
Trd, 4319907.093, 115
Trd, 4319907.243, 115
Trd, 4319908.143, 140
Trd, 4319908.693, 140
Trd, 4319909.993, 140
Trd, 4319910.443, 140
Trd, 4319911.793, 140
Trd, 4319912.043, 125
Trd, 4319912.343, 77
Trd, 4319914.443, 60
Trd, 4319915.293, 61
Trd, 4319916.343, 61
Trd, 4319917.543, 60
Trd, 4319917.793, 60
Trd, 4319918.193, 62
Trd, 4319918.843, 61
Trd, 4319920.893, 61
Trd, 4319921.843, 62
Trd, 4319921.943, 62
Trd, 4319922.093, 63
Trd, 4319923.443, 60
Trd, 4319923.593, 65
Trd, 4319924.743, 60
Trd, 4319925.893, 60
Trd, 4319926.043, 62
Trd, 4319926.443, 63
Trd, 4319927.493, 140
Trd, 4319927.593, 140
Trd, 4319927.843, 61
Trd, 4319930.193, 60
Trd, 4319930.843, 60
Trd, 4319933.093, 60
Trd, 4319934.143, 60
Trd, 4319934.393, 60
Trd, 4319934.743, 61
Trd, 4319935.593, 60
Trd, 4319935.693, 61
Trd, 4319936.243, 60
Trd, 4319937.393, 64
Trd, 4319938.393, 60
Trd, 4319938.843, 70
Trd, 4319939.443, 63
Trd, 4319939.593, 105
Trd, 4319940.393, 140
Trd, 4319941.743, 139
Trd, 4319942.443, 138
Trd, 4319943.943, 115
Trd, 4319944.543, 140
Trd, 4319945.043, 115
Trd, 4319945.093, 114
Trd, 4319945.743, 140
Trd, 4319946.043, 140
Trd, 4319946.493, 140
Trd, 4319948.493, 140
Trd, 4319949.843, 140
Trd, 4319950.793, 140
Trd, 4319950.843, 139
Trd, 4319951.843, 140
Trd, 4319952.593, 140
Trd, 4319953.093, 139
Trd, 4319953.743, 140
Trd, 4319954.893, 140
Trd, 4319955.543, 139
Trd, 4319956.093, 131
Trd, 4319956.993, 140
Trd, 4319957.143, 140
Trd, 4319958.293, 123
Trd, 4319959.493, 117
Trd, 4319959.843, 116
Trd, 4319960.143, 122
Trd, 4319960.793, 140
Trd, 4319960.993, 139
Trd, 4319962.193, 111
Trd, 4319962.543, 138
Trd, 4319964.993, 140
Trd, 4319965.393, 140
Trd, 4319966.543, 140
Trd, 4319967.243, 140
Trd, 4319967.843, 140
Trd, 4319969.343, 140
Trd, 4319970.743, 140
Trd, 4319971.693, 140
Trd, 4319972.093, 139
Trd, 4319972.943, 118
Trd, 4319974.143, 137
Trd, 4319974.243, 95
Trd, 4319974.593, 94
Trd, 4319974.693, 70
Trd, 4319976.193, 140
Trd, 4319977.443, 140
Trd, 4319977.493, 140
Trd, 4319978.293, 140
Trd, 4319978.643, 140
Trd, 4319979.293, 140
Trd, 4319979.843, 140
Trd, 4319982.693, 140
Trd, 4319982.793, 140
Trd, 4319982.843, 140
Trd, 4319983.393, 140
Trd, 4319983.593, 140
Trd, 4319985.443, 140
Trd, 4319985.593, 137
Trd, 4319986.243, 131
Trd, 4319988.193, 135
Trd, 4319988.443, 138
Trd, 4319988.843, 131
Trd, 4319989.493, 140
Trd, 4319989.593, 140
Trd, 4319990.593, 140
Trd, 4319991.193, 140
Trd, 4319991.243, 139
Trd, 4319991.393, 75
Trd, 4319992.493, 137
Trd, 4319993.293, 63
Trd, 4319993.493, 64
Trd, 4319993.693, 79
Trd, 4319995.243, 71
Trd, 4319996.243, 140
Trd, 4319997.193, 75
Trd, 4319997.393, 110
Trd, 4319998.043, 66
Trd, 4319998.843, 140
Trd, 4319999.843, 140
