Trd, 4318112.493, 78
Trd, 4318112.893, 89
Trd, 4318114.543, 126
Trd, 4318115.243, 139
Trd, 4318115.843, 134
Trd, 4318116.043, 87
Trd, 4318117.143, 124
Trd, 4318118.143, 128
Trd, 4318118.193, 126
Trd, 4318119.243, 98
Trd, 4318119.543, 104
Trd, 4318119.643, 103
Trd, 4318120.593, 100
Trd, 4318121.193, 99
Trd, 4318121.493, 90
Trd, 4318122.343, 84
Trd, 4318123.193, 137
Trd, 4318123.643, 111
Trd, 4318125.543, 115
Trd, 4318126.243, 126
Trd, 4318126.493, 79
Trd, 4318128.293, 137
Trd, 4318128.843, 123
Trd, 4318130.543, 131
Trd, 4318131.093, 126
Trd, 4318131.293, 116
Trd, 4318134.693, 136
Trd, 4318135.893, 135
Trd, 4318137.093, 92
Trd, 4318137.343, 127
Trd, 4318137.493, 117
Trd, 4318137.643, 140
Trd, 4318138.243, 115
Trd, 4318138.543, 125
Trd, 4318138.643, 100
Trd, 4318139.093, 104
Trd, 4318140.693, 137
Trd, 4318141.543, 93
Trd, 4318142.943, 112
Trd, 4318143.593, 98
Trd, 4318144.043, 118
Trd, 4318144.693, 109
Trd, 4318145.093, 102
Trd, 4318146.543, 103
Trd, 4318146.693, 98
Trd, 4318146.893, 66
Trd, 4318147.793, 109
Trd, 4318147.943, 75
Trd, 4318148.393, 131
Trd, 4318149.493, 97
Trd, 4318150.693, 118
Trd, 4318150.893, 119
Trd, 4318151.893, 131
Trd, 4318151.993, 131
Trd, 4318153.743, 111
Trd, 4318155.093, 109
Trd, 4318155.793, 133
Trd, 4318155.843, 128
Trd, 4318156.043, 72
Trd, 4318156.643, 92
Trd, 4318157.293, 130
Trd, 4318157.893, 131
Trd, 4318158.093, 77
Trd, 4318158.993, 77
Trd, 4318160.193, 139
Trd, 4318160.593, 91
Trd, 4318161.193, 102
Trd, 4318162.243, 137
Trd, 4318163.293, 123
Trd, 4318164.243, 122
Trd, 4318165.243, 109
Trd, 4318165.343, 106
Trd, 4318166.093, 71
Trd, 4318166.193, 106
Trd, 4318166.943, 107
Trd, 4318167.943, 128
Trd, 4318168.593, 128
Trd, 4318169.293, 120
Trd, 4318169.643, 119
Trd, 4318170.343, 108
Trd, 4318170.793, 85
Trd, 4318171.643, 135
Trd, 4318172.243, 133
Trd, 4318172.493, 115
Trd, 4318173.093, 131
Trd, 4318173.343, 67
Trd, 4318174.593, 121
Trd, 4318176.743, 107
Trd, 4318178.643, 124
Trd, 4318179.043, 139
Trd, 4318179.293, 98
Trd, 4318181.143, 127
Trd, 4318182.143, 133
Trd, 4318182.343, 131
Trd, 4318183.043, 106
Trd, 4318183.443, 117
Trd, 4318184.443, 117
Trd, 4318184.993, 77
Trd, 4318186.543, 130
Trd, 4318186.693, 96
Trd, 4318187.143, 103
Trd, 4318187.693, 131
Trd, 4318188.593, 103
Trd, 4318189.343, 131
Trd, 4318189.843, 117
Trd, 4318190.343, 116
Trd, 4318190.693, 116
Trd, 4318191.593, 122
Trd, 4318191.993, 133
Trd, 4318192.193, 117
Trd, 4318192.443, 92
Trd, 4318194.343, 120
Trd, 4318195.193, 105
Trd, 4318196.193, 133
Trd, 4318196.743, 102
Trd, 4318197.193, 140
Trd, 4318197.393, 112
Trd, 4318199.193, 101
Trd, 4318199.393, 114
Trd, 4318199.943, 137
Trd, 4318200.693, 132
Trd, 4318200.993, 101
Trd, 4318202.443, 87
Trd, 4318203.593, 136
Trd, 4318204.293, 137
Trd, 4318204.493, 129
Trd, 4318204.843, 106
Trd, 4318206.893, 114
Trd, 4318207.593, 128
Trd, 4318208.393, 124
Trd, 4318208.743, 137
Trd, 4318208.993, 121
Trd, 4318209.493, 125
Trd, 4318210.493, 138
Trd, 4318210.693, 106
Trd, 4318212.743, 62
Trd, 4318212.993, 100
Trd, 4318213.043, 113
Trd, 4318213.593, 70
Trd, 4318214.943, 135
Trd, 4318216.593, 124
Trd, 4318216.793, 110
Trd, 4318216.893, 125
Trd, 4318217.943, 94
Trd, 4318217.993, 86
Trd, 4318218.193, 136
Trd, 4318218.343, 80
Trd, 4318221.043, 113
Trd, 4318221.593, 91
Trd, 4318221.993, 97
Trd, 4318222.493, 77
Trd, 4318223.493, 114
Trd, 4318224.393, 86
Trd, 4318225.343, 81
Trd, 4318226.393, 96
Trd, 4318227.893, 106
Trd, 4318227.993, 106
Trd, 4318228.443, 135
Trd, 4318228.943, 124
Trd, 4318229.143, 105
Trd, 4318230.843, 128
Trd, 4318230.893, 111
Trd, 4318231.243, 107
Trd, 4318231.643, 98
Trd, 4318231.893, 96
Trd, 4318232.693, 86
Trd, 4318233.043, 97
Trd, 4318234.243, 81
Trd, 4318234.943, 85
Trd, 4318235.393, 112
Trd, 4318236.443, 137
Trd, 4318236.793, 136
Trd, 4318238.593, 111
Trd, 4318240.043, 136
Trd, 4318240.843, 125
Trd, 4318241.443, 137
Trd, 4318242.043, 111
Trd, 4318242.593, 105
Trd, 4318243.193, 101
Trd, 4318243.393, 93
Trd, 4318243.543, 125
Trd, 4318244.193, 140
Trd, 4318244.693, 140
Trd, 4318245.743, 136
Trd, 4318245.793, 113
Trd, 4318247.893, 101
Trd, 4318248.043, 93
Trd, 4318248.193, 121
Trd, 4318249.293, 138
Trd, 4318249.643, 108
Trd, 4318250.443, 69
Trd, 4318250.593, 72
Trd, 4318252.493, 71
Trd, 4318253.693, 127
Trd, 4318254.493, 111
Trd, 4318254.593, 110
Trd, 4318254.793, 119
Trd, 4318255.693, 132
Trd, 4318256.893, 110
Trd, 4318256.993, 74
Trd, 4318257.493, 69
Trd, 4318257.793, 87
Trd, 4318258.393, 109
Trd, 4318258.643, 67
Trd, 4318259.543, 81
Trd, 4318259.643, 80
Trd, 4318260.443, 82
Trd, 4318261.943, 126
Trd, 4318262.043, 120
Trd, 4318262.843, 92
Trd, 4318263.293, 107
Trd, 4318264.793, 104
Trd, 4318264.993, 87
Trd, 4318266.493, 138
Trd, 4318266.743, 110
Trd, 4318267.143, 139
Trd, 4318267.693, 112
Trd, 4318269.343, 135
Trd, 4318269.743, 136
Trd, 4318270.143, 131
Trd, 4318271.193, 117
Trd, 4318271.293, 115
Trd, 4318273.543, 121
Trd, 4318273.843, 102
Trd, 4318273.943, 76
Trd, 4318274.193, 92
Trd, 4318274.293, 72
Trd, 4318275.193, 111
Trd, 4318276.193, 130
Trd, 4318276.543, 130
Trd, 4318277.293, 126
Trd, 4318277.343, 122
Trd, 4318277.543, 120
Trd, 4318278.443, 106
Trd, 4318278.943, 93
Trd, 4318279.643, 104
Trd, 4318280.593, 139
Trd, 4318280.743, 133
Trd, 4318281.543, 84
Trd, 4318281.943, 120
Trd, 4318282.093, 124
Trd, 4318282.643, 130
Trd, 4318284.143, 72
Trd, 4318285.593, 112
Trd, 4318285.943, 124
Trd, 4318286.093, 110
Trd, 4318287.093, 128
Trd, 4318287.393, 127
Trd, 4318288.743, 132
Trd, 4318289.493, 94
Trd, 4318290.493, 130
Trd, 4318290.893, 88
Trd, 4318291.793, 138
Trd, 4318292.043, 123
Trd, 4318292.393, 117
Trd, 4318293.043, 114
Trd, 4318294.043, 60
Trd, 4318294.293, 103
Trd, 4318295.743, 112
Trd, 4318296.143, 91
Trd, 4318296.593, 65
Trd, 4318297.543, 97
Trd, 4318297.843, 115
Trd, 4318298.943, 87
Trd, 4318299.543, 134
Trd, 4318300.343, 139
Trd, 4318301.843, 126
Trd, 4318302.343, 132
Trd, 4318302.993, 114
Trd, 4318303.243, 99
Trd, 4318304.493, 77
Trd, 4318304.543, 89
Trd, 4318305.743, 125
Trd, 4318306.493, 125
Trd, 4318306.643, 121
Trd, 4318307.193, 127
Trd, 4318307.443, 97
Trd, 4318308.293, 138
Trd, 4318310.193, 80
Trd, 4318310.393, 91
Trd, 4318310.893, 130
Trd, 4318311.043, 126
Trd, 4318313.093, 132
Trd, 4318313.393, 125
Trd, 4318314.343, 127
Trd, 4318314.993, 119
Trd, 4318315.293, 102
Trd, 4318316.093, 135
Trd, 4318316.443, 78
Trd, 4318318.893, 110
Trd, 4318319.043, 65
Trd, 4318321.093, 138
Trd, 4318321.293, 139
Trd, 4318321.843, 104
Trd, 4318321.893, 101
Trd, 4318322.193, 126
Trd, 4318323.393, 89
Trd, 4318324.293, 116
Trd, 4318324.893, 123
Trd, 4318325.643, 138
Trd, 4318326.343, 96
Trd, 4318326.543, 128
Trd, 4318327.243, 104
Trd, 4318327.743, 100
Trd, 4318328.993, 122
Trd, 4318329.993, 140
Trd, 4318330.443, 140
Trd, 4318331.493, 109
Trd, 4318332.343, 118
Trd, 4318332.693, 122
Trd, 4318332.743, 104
Trd, 4318333.643, 102
Trd, 4318334.843, 128
Trd, 4318336.093, 132
Trd, 4318336.593, 126
Trd, 4318336.943, 104
Trd, 4318337.643, 90
Trd, 4318337.993, 137
Trd, 4318340.543, 138
Trd, 4318341.393, 129
Trd, 4318341.793, 122
Trd, 4318342.243, 137
Trd, 4318342.843, 121
Trd, 4318343.593, 108
Trd, 4318344.343, 136
Trd, 4318344.543, 122
Trd, 4318345.093, 107
Trd, 4318346.143, 110
Trd, 4318347.243, 95
Trd, 4318347.493, 98
Trd, 4318347.543, 83
Trd, 4318348.193, 137
Trd, 4318348.893, 127
Trd, 4318348.993, 125
Trd, 4318350.343, 140
Trd, 4318350.843, 138
Trd, 4318351.743, 136
Trd, 4318352.993, 132
Trd, 4318354.293, 132
Trd, 4318354.543, 123
Trd, 4318354.943, 119
Trd, 4318355.343, 94
Trd, 4318355.443, 131
Trd, 4318356.143, 108
Trd, 4318356.893, 95
Trd, 4318358.843, 125
Trd, 4318359.543, 103
Trd, 4318360.243, 101
Trd, 4318360.643, 91
Trd, 4318361.893, 112
Trd, 4318362.643, 120
Trd, 4318363.443, 132
Trd, 4318364.093, 128
Trd, 4318364.793, 114
Trd, 4318364.943, 107
Trd, 4318366.643, 118
Trd, 4318367.243, 117
Trd, 4318368.943, 117
Trd, 4318369.693, 126
Trd, 4318369.743, 116
Trd, 4318369.943, 126
Trd, 4318370.093, 109
Trd, 4318372.293, 84
Trd, 4318372.943, 120
Trd, 4318373.943, 116
Trd, 4318376.043, 96
Trd, 4318376.393, 89
Trd, 4318376.893, 110
Trd, 4318377.543, 134
Trd, 4318379.843, 139
Trd, 4318380.593, 137
Trd, 4318381.793, 132
Trd, 4318382.643, 127
Trd, 4318382.993, 98
Trd, 4318383.893, 94
Trd, 4318384.443, 134
Trd, 4318385.593, 119
Trd, 4318386.143, 110
Trd, 4318386.293, 102
Trd, 4318386.993, 130
Trd, 4318387.893, 75
Trd, 4318389.743, 88
Trd, 4318389.843, 124
Trd, 4318391.243, 105
Trd, 4318391.543, 129
Trd, 4318391.893, 92
Trd, 4318392.143, 76
Trd, 4318392.893, 126
Trd, 4318394.743, 88
Trd, 4318395.793, 72
Trd, 4318395.893, 82
Trd, 4318396.193, 100
Trd, 4318396.643, 83
Trd, 4318398.593, 75
Trd, 4318398.743, 112
Trd, 4318400.393, 120
Trd, 4318400.793, 129
Trd, 4318401.343, 130
Trd, 4318402.143, 92
Trd, 4318402.793, 108
Trd, 4318403.993, 77
Trd, 4318404.393, 116
Trd, 4318405.093, 64
Trd, 4318405.293, 102
Trd, 4318405.393, 102
Trd, 4318406.643, 127
Trd, 4318407.643, 117
Trd, 4318408.793, 116
Trd, 4318409.443, 135
Trd, 4318410.393, 116
Trd, 4318410.443, 115
Trd, 4318411.243, 118
Trd, 4318411.593, 101
Trd, 4318412.493, 133
Trd, 4318412.593, 110
Trd, 4318414.143, 135
Trd, 4318414.793, 124
Trd, 4318415.543, 92
Trd, 4318416.843, 115
Trd, 4318417.493, 130
Trd, 4318418.393, 139
Trd, 4318418.743, 135
Trd, 4318418.843, 115
Trd, 4318418.893, 93
Trd, 4318420.743, 127
Trd, 4318421.443, 103
Trd, 4318421.543, 138
Trd, 4318421.793, 102
Trd, 4318422.093, 92
Trd, 4318422.843, 75
Trd, 4318423.393, 139
Trd, 4318424.243, 111
Trd, 4318424.843, 125
Trd, 4318425.893, 134
Trd, 4318426.843, 130
Trd, 4318427.493, 126
Trd, 4318427.543, 107
Trd, 4318428.393, 110
Trd, 4318431.093, 113
Trd, 4318431.293, 104
Trd, 4318431.493, 108
Trd, 4318431.843, 114
Trd, 4318432.043, 110
Trd, 4318433.143, 103
Trd, 4318433.243, 97
Trd, 4318433.343, 124
Trd, 4318435.393, 73
Trd, 4318435.993, 110
Trd, 4318436.043, 112
Trd, 4318436.343, 95
Trd, 4318436.743, 90
Trd, 4318437.243, 117
Trd, 4318438.893, 112
Trd, 4318439.293, 121
Trd, 4318440.043, 130
Trd, 4318440.193, 86
Trd, 4318441.693, 133
Trd, 4318442.693, 105
Trd, 4318442.843, 86
Trd, 4318443.643, 99
Trd, 4318444.543, 89
Trd, 4318444.993, 116
Trd, 4318445.243, 116
Trd, 4318445.443, 108
Trd, 4318446.043, 128
Trd, 4318446.543, 115
Trd, 4318447.393, 118
Trd, 4318447.993, 137
Trd, 4318448.093, 136
Trd, 4318449.093, 103
Trd, 4318449.743, 90
Trd, 4318451.543, 120
Trd, 4318452.843, 135
Trd, 4318452.943, 134
Trd, 4318454.993, 136
Trd, 4318455.093, 135
Trd, 4318455.843, 110
Trd, 4318455.943, 89
Trd, 4318456.293, 88
Trd, 4318456.993, 130
Trd, 4318457.943, 114
Trd, 4318458.893, 131
Trd, 4318459.043, 129
Trd, 4318460.793, 97
Trd, 4318461.393, 99
Trd, 4318461.693, 99
Trd, 4318462.143, 98
Trd, 4318462.993, 109
Trd, 4318464.343, 136
Trd, 4318464.743, 134
Trd, 4318464.893, 133
Trd, 4318466.193, 84
Trd, 4318466.843, 86
Trd, 4318469.543, 140
Trd, 4318469.893, 137
Trd, 4318470.893, 108
Trd, 4318471.393, 136
Trd, 4318473.543, 109
Trd, 4318474.743, 105
Trd, 4318475.143, 122
Trd, 4318475.893, 117
Trd, 4318476.643, 139
Trd, 4318476.743, 107
Trd, 4318477.343, 100
Trd, 4318477.543, 109
Trd, 4318479.093, 88
Trd, 4318479.193, 101
Trd, 4318479.843, 91
Trd, 4318480.543, 70
Trd, 4318482.243, 124
Trd, 4318484.593, 132
Trd, 4318484.843, 128
Trd, 4318484.893, 127
Trd, 4318485.993, 97
Trd, 4318486.143, 134
Trd, 4318486.843, 112
Trd, 4318486.893, 108
Trd, 4318488.543, 123
Trd, 4318489.393, 101
Trd, 4318489.493, 84
Trd, 4318490.643, 139
Trd, 4318491.493, 135
Trd, 4318492.843, 121
Trd, 4318494.243, 125
Trd, 4318495.293, 140
Trd, 4318496.593, 136
Trd, 4318497.893, 139
Trd, 4318497.993, 138
Trd, 4318498.293, 136
Trd, 4318498.393, 134
Trd, 4318498.443, 112
Trd, 4318499.343, 136
Trd, 4318499.443, 131
Trd, 4318500.243, 81
Trd, 4318501.593, 79
Trd, 4318501.843, 125
Trd, 4318502.043, 122
Trd, 4318503.693, 131
Trd, 4318505.443, 117
Trd, 4318505.643, 133
Trd, 4318506.643, 132
Trd, 4318507.043, 125
Trd, 4318507.143, 106
Trd, 4318508.343, 106
Trd, 4318510.743, 124
Trd, 4318510.993, 124
Trd, 4318512.043, 133
Trd, 4318512.743, 124
Trd, 4318513.093, 126
Trd, 4318514.193, 116
Trd, 4318514.593, 98
Trd, 4318515.143, 92
Trd, 4318515.543, 120
Trd, 4318515.643, 131
Trd, 4318516.093, 91
Trd, 4318517.343, 61
Trd, 4318517.993, 89
Trd, 4318519.343, 123
Trd, 4318520.193, 140
Trd, 4318520.893, 139
Trd, 4318521.443, 121
Trd, 4318522.093, 126
Trd, 4318522.943, 122
Trd, 4318523.243, 117
Trd, 4318523.793, 123
Trd, 4318524.693, 104
Trd, 4318526.143, 72
Trd, 4318526.893, 82
Trd, 4318527.143, 103
Trd, 4318527.543, 134
Trd, 4318528.143, 91
Trd, 4318529.143, 112
Trd, 4318529.843, 113
Trd, 4318529.893, 111
Trd, 4318530.593, 130
Trd, 4318530.743, 126
Trd, 4318531.293, 119
Trd, 4318532.543, 132
Trd, 4318532.943, 114
Trd, 4318534.093, 100
Trd, 4318534.693, 138
Trd, 4318534.743, 110
Trd, 4318535.293, 115
Trd, 4318536.343, 122
Trd, 4318537.443, 126
Trd, 4318538.043, 73
Trd, 4318538.443, 72
Trd, 4318538.493, 94
Trd, 4318539.243, 130
Trd, 4318539.293, 110
Trd, 4318540.143, 80
Trd, 4318540.793, 113
Trd, 4318541.193, 127
Trd, 4318542.643, 107
Trd, 4318543.793, 114
Trd, 4318543.843, 101
Trd, 4318544.793, 135
Trd, 4318545.193, 123
Trd, 4318546.943, 136
Trd, 4318547.093, 123
Trd, 4318548.643, 124
Trd, 4318549.093, 128
Trd, 4318549.243, 133
Trd, 4318550.843, 140
Trd, 4318551.043, 138
Trd, 4318551.593, 132
Trd, 4318551.943, 127
Trd, 4318552.343, 128
Trd, 4318553.393, 123
Trd, 4318553.693, 137
Trd, 4318554.793, 140
Trd, 4318555.793, 131
Trd, 4318555.943, 130
Trd, 4318556.193, 109
Trd, 4318558.593, 118
Trd, 4318558.893, 128
Trd, 4318559.943, 93
Trd, 4318560.393, 101
Trd, 4318561.343, 101
Trd, 4318561.493, 105
Trd, 4318562.193, 115
Trd, 4318562.343, 85
Trd, 4318563.243, 66
Trd, 4318563.793, 92
Trd, 4318565.393, 122
Trd, 4318567.193, 125
Trd, 4318567.343, 109
Trd, 4318569.043, 119
Trd, 4318569.893, 123
Trd, 4318571.243, 105
Trd, 4318571.293, 104
Trd, 4318574.093, 129
Trd, 4318574.293, 119
Trd, 4318574.593, 115
Trd, 4318574.693, 132
Trd, 4318575.193, 116
Trd, 4318575.993, 94
Trd, 4318577.243, 114
Trd, 4318578.043, 95
Trd, 4318578.143, 113
Trd, 4318579.243, 88
Trd, 4318579.493, 101
Trd, 4318580.243, 118
Trd, 4318581.543, 97
Trd, 4318582.393, 109
Trd, 4318582.693, 108
Trd, 4318583.043, 75
Trd, 4318583.593, 125
Trd, 4318585.343, 130
Trd, 4318585.943, 108
Trd, 4318586.093, 117
Trd, 4318586.143, 106
Trd, 4318587.193, 133
Trd, 4318588.393, 105
Trd, 4318589.093, 113
Trd, 4318589.243, 127
Trd, 4318589.893, 82
Trd, 4318591.393, 79
Trd, 4318591.843, 114
Trd, 4318592.593, 139
Trd, 4318592.793, 85
Trd, 4318593.093, 105
Trd, 4318594.893, 139
Trd, 4318595.843, 101
Trd, 4318596.643, 135
Trd, 4318596.743, 86
Trd, 4318598.093, 112
Trd, 4318598.493, 101
Trd, 4318598.643, 121
Trd, 4318599.693, 67
Trd, 4318600.393, 85
Trd, 4318601.743, 83
Trd, 4318602.243, 135
Trd, 4318602.693, 67
Trd, 4318602.843, 87
Trd, 4318603.493, 126
Trd, 4318605.693, 122
Trd, 4318606.143, 111
Trd, 4318606.693, 123
Trd, 4318607.043, 122
Trd, 4318607.343, 121
Trd, 4318607.743, 100
Trd, 4318608.343, 94
Trd, 4318608.593, 100
Trd, 4318608.843, 92
Trd, 4318609.293, 129
Trd, 4318610.693, 121
Trd, 4318611.393, 140
Trd, 4318611.693, 140
Trd, 4318612.693, 122
Trd, 4318613.743, 124
Trd, 4318615.093, 140
Trd, 4318615.643, 83
Trd, 4318616.843, 100
Trd, 4318617.643, 129
Trd, 4318618.193, 136
Trd, 4318618.543, 140
Trd, 4318618.593, 140
Trd, 4318620.843, 132
Trd, 4318620.993, 109
Trd, 4318621.343, 137
Trd, 4318622.093, 138
Trd, 4318623.693, 135
Trd, 4318624.293, 129
Trd, 4318625.043, 131
Trd, 4318625.393, 129
Trd, 4318626.543, 111
Trd, 4318626.943, 115
Trd, 4318627.943, 133
Trd, 4318628.593, 75
Trd, 4318628.893, 89
Trd, 4318629.643, 104
Trd, 4318630.343, 113
Trd, 4318630.943, 132
Trd, 4318631.893, 83
Trd, 4318632.643, 139
Trd, 4318632.843, 135
Trd, 4318633.793, 107
Trd, 4318634.093, 104
Trd, 4318635.193, 130
Trd, 4318637.593, 126
Trd, 4318638.093, 128
Trd, 4318639.743, 138
Trd, 4318639.843, 123
Trd, 4318640.593, 99
Trd, 4318641.943, 110
Trd, 4318642.843, 109
Trd, 4318643.143, 110
Trd, 4318643.743, 98
Trd, 4318644.093, 102
Trd, 4318644.543, 109
Trd, 4318645.943, 140
Trd, 4318645.993, 140
Trd, 4318646.943, 110
Trd, 4318647.343, 139
Trd, 4318648.143, 102
Trd, 4318648.643, 101
Trd, 4318648.743, 84
Trd, 4318649.293, 102
Trd, 4318649.993, 77
Trd, 4318652.393, 125
Trd, 4318652.543, 136
Trd, 4318653.193, 99
Trd, 4318653.893, 113
Trd, 4318654.093, 138
Trd, 4318654.443, 93
Trd, 4318656.593, 109
Trd, 4318656.843, 118
Trd, 4318657.393, 106
Trd, 4318657.493, 105
Trd, 4318657.843, 128
Trd, 4318658.243, 102
Trd, 4318659.543, 100
Trd, 4318659.843, 74
Trd, 4318660.493, 114
Trd, 4318661.093, 115
Trd, 4318661.293, 139
Trd, 4318662.793, 95
Trd, 4318663.343, 95
Trd, 4318664.843, 92
Trd, 4318665.143, 103
Trd, 4318665.293, 88
Trd, 4318665.993, 103
Trd, 4318667.543, 100
Trd, 4318668.493, 88
Trd, 4318668.793, 83
Trd, 4318669.743, 134
Trd, 4318670.143, 125
Trd, 4318671.193, 104
Trd, 4318672.343, 93
Trd, 4318672.593, 99
Trd, 4318673.343, 112
Trd, 4318674.893, 139
Trd, 4318675.193, 131
Trd, 4318675.393, 122
Trd, 4318675.993, 125
Trd, 4318676.843, 107
Trd, 4318677.143, 113
Trd, 4318678.793, 128
Trd, 4318678.843, 109
Trd, 4318679.593, 125
Trd, 4318680.093, 100
Trd, 4318681.393, 121
Trd, 4318682.643, 118
Trd, 4318682.993, 117
Trd, 4318684.493, 127
Trd, 4318685.293, 129
Trd, 4318685.543, 109
Trd, 4318687.643, 116
Trd, 4318687.693, 106
Trd, 4318688.093, 123
Trd, 4318688.193, 90
Trd, 4318689.443, 135
Trd, 4318690.143, 120
Trd, 4318692.593, 130
Trd, 4318692.643, 128
Trd, 4318692.993, 122
Trd, 4318693.743, 140
Trd, 4318693.843, 140
Trd, 4318693.893, 104
Trd, 4318695.893, 131
Trd, 4318696.443, 120
Trd, 4318696.743, 137
Trd, 4318696.843, 69
Trd, 4318697.093, 118
Trd, 4318698.243, 138
Trd, 4318699.043, 112
Trd, 4318699.393, 136
Trd, 4318701.293, 125
Trd, 4318701.543, 101
Trd, 4318703.193, 113
Trd, 4318703.493, 106
Trd, 4318704.693, 95
Trd, 4318704.793, 109
Trd, 4318705.743, 131
Trd, 4318706.193, 101
Trd, 4318707.493, 109
Trd, 4318707.543, 95
Trd, 4318708.043, 96
Trd, 4318708.193, 80
Trd, 4318708.693, 65
Trd, 4318709.693, 96
Trd, 4318710.143, 136
Trd, 4318710.793, 114
Trd, 4318712.593, 75
Trd, 4318714.043, 74
Trd, 4318714.193, 70
Trd, 4318714.743, 136
Trd, 4318716.143, 122
Trd, 4318716.293, 106
Trd, 4318716.943, 103
Trd, 4318717.393, 97
Trd, 4318719.243, 133
Trd, 4318719.643, 103
Trd, 4318719.743, 120
Trd, 4318720.293, 135
Trd, 4318720.843, 132
Trd, 4318722.443, 139
Trd, 4318723.443, 111
Trd, 4318724.043, 119
Trd, 4318725.643, 132
Trd, 4318726.293, 129
Trd, 4318726.443, 102
Trd, 4318727.293, 134
Trd, 4318727.843, 124
Trd, 4318728.493, 82
Trd, 4318728.643, 91
Trd, 4318729.393, 98
Trd, 4318730.743, 126
Trd, 4318730.793, 80
Trd, 4318731.593, 121
Trd, 4318732.743, 102
Trd, 4318734.493, 132
Trd, 4318735.543, 123
Trd, 4318735.693, 122
Trd, 4318735.893, 120
Trd, 4318736.593, 120
Trd, 4318736.843, 99
Trd, 4318737.993, 78
Trd, 4318739.243, 83
Trd, 4318740.543, 108
Trd, 4318740.743, 89
Trd, 4318740.943, 88
Trd, 4318741.143, 93
Trd, 4318742.143, 135
Trd, 4318742.543, 106
Trd, 4318744.343, 116
Trd, 4318744.843, 118
Trd, 4318745.293, 113
Trd, 4318746.443, 112
Trd, 4318747.093, 121
Trd, 4318747.193, 132
Trd, 4318747.543, 107
Trd, 4318747.993, 115
Trd, 4318750.243, 123
Trd, 4318750.593, 137
Trd, 4318751.693, 135
Trd, 4318751.793, 119
Trd, 4318752.593, 138
Trd, 4318753.543, 124
Trd, 4318753.793, 88
Trd, 4318754.243, 105
Trd, 4318756.093, 133
Trd, 4318756.443, 119
Trd, 4318756.493, 116
Trd, 4318756.893, 129
Trd, 4318757.443, 107
Trd, 4318758.443, 137
Trd, 4318759.893, 136
Trd, 4318760.093, 130
Trd, 4318760.243, 104
Trd, 4318761.243, 130
Trd, 4318761.443, 99
Trd, 4318763.143, 129
Trd, 4318763.493, 136
Trd, 4318763.593, 116
Trd, 4318764.093, 103
Trd, 4318765.543, 120
Trd, 4318766.093, 111
Trd, 4318766.193, 93
Trd, 4318766.743, 128
Trd, 4318767.193, 137
Trd, 4318767.943, 124
Trd, 4318768.043, 136
Trd, 4318768.743, 133
Trd, 4318769.243, 125
Trd, 4318770.843, 70
Trd, 4318770.893, 79
Trd, 4318774.043, 131
Trd, 4318774.693, 128
Trd, 4318775.393, 129
Trd, 4318775.543, 124
Trd, 4318775.893, 102
Trd, 4318776.593, 128
Trd, 4318777.493, 85
Trd, 4318778.293, 97
Trd, 4318778.993, 106
Trd, 4318780.343, 109
Trd, 4318780.843, 119
Trd, 4318781.743, 137
Trd, 4318781.893, 136
Trd, 4318782.193, 126
Trd, 4318782.493, 104
Trd, 4318783.043, 139
Trd, 4318783.143, 109
Trd, 4318784.093, 137
Trd, 4318784.443, 115
Trd, 4318784.893, 93
Trd, 4318785.793, 71
Trd, 4318787.143, 70
Trd, 4318787.893, 131
Trd, 4318788.043, 71
Trd, 4318788.843, 138
Trd, 4318789.193, 128
Trd, 4318790.693, 79
Trd, 4318791.093, 64
Trd, 4318792.793, 132
Trd, 4318793.043, 136
Trd, 4318793.693, 135
Trd, 4318793.993, 126
Trd, 4318794.893, 107
Trd, 4318794.943, 92
Trd, 4318795.743, 124
Trd, 4318796.493, 126
Trd, 4318796.893, 76
Trd, 4318798.943, 97
Trd, 4318799.543, 134
Trd, 4318799.843, 121
Trd, 4318801.893, 117
Trd, 4318802.993, 140
Trd, 4318803.543, 136
Trd, 4318803.643, 109
Trd, 4318804.043, 100
Trd, 4318805.943, 139
Trd, 4318807.893, 130
Trd, 4318808.243, 128
Trd, 4318808.443, 135
Trd, 4318809.093, 133
Trd, 4318809.593, 121
Trd, 4318809.643, 96
Trd, 4318810.593, 91
Trd, 4318811.043, 105
Trd, 4318811.293, 137
Trd, 4318812.693, 89
Trd, 4318813.243, 86
Trd, 4318815.243, 117
Trd, 4318815.343, 119
Trd, 4318815.893, 100
Trd, 4318816.443, 103
Trd, 4318816.493, 91
Trd, 4318816.943, 89
Trd, 4318817.843, 97
Trd, 4318818.743, 106
Trd, 4318818.843, 102
Trd, 4318819.043, 129
Trd, 4318819.143, 127
Trd, 4318820.743, 117
Trd, 4318820.893, 85
Trd, 4318822.843, 83
Trd, 4318823.043, 80
Trd, 4318823.793, 129
Trd, 4318824.043, 115
Trd, 4318824.643, 100
Trd, 4318825.193, 125
Trd, 4318826.843, 121
Trd, 4318826.993, 83
Trd, 4318829.443, 139
Trd, 4318830.143, 139
Trd, 4318830.293, 136
Trd, 4318831.093, 116
Trd, 4318831.243, 126
Trd, 4318832.493, 134
Trd, 4318832.643, 109
Trd, 4318833.243, 77
Trd, 4318834.793, 128
Trd, 4318834.993, 119
Trd, 4318835.593, 139
Trd, 4318837.293, 135
Trd, 4318837.993, 127
Trd, 4318838.943, 138
Trd, 4318839.243, 130
Trd, 4318839.693, 102
Trd, 4318839.893, 110
Trd, 4318840.143, 132
Trd, 4318842.243, 75
Trd, 4318842.343, 74
Trd, 4318842.693, 91
Trd, 4318843.343, 122
Trd, 4318844.493, 140
Trd, 4318844.893, 125
Trd, 4318845.193, 105
Trd, 4318847.093, 110
Trd, 4318848.543, 127
Trd, 4318849.343, 113
Trd, 4318850.743, 133
Trd, 4318850.893, 115
Trd, 4318851.493, 124
Trd, 4318851.743, 98
Trd, 4318852.643, 109
Trd, 4318853.193, 108
Trd, 4318854.593, 110
Trd, 4318854.843, 109
Trd, 4318855.493, 125
Trd, 4318857.443, 126
Trd, 4318858.343, 134
Trd, 4318858.893, 122
Trd, 4318859.243, 113
Trd, 4318859.393, 112
Trd, 4318860.493, 139
Trd, 4318860.743, 140
Trd, 4318861.243, 129
Trd, 4318861.993, 128
Trd, 4318863.243, 117
Trd, 4318863.543, 113
Trd, 4318864.093, 83
Trd, 4318864.443, 63
Trd, 4318865.443, 69
Trd, 4318865.893, 112
Trd, 4318866.693, 94
Trd, 4318867.843, 133
Trd, 4318869.193, 107
Trd, 4318869.893, 133
Trd, 4318870.943, 137
Trd, 4318871.093, 108
Trd, 4318871.293, 92
Trd, 4318872.943, 121
Trd, 4318873.393, 132
Trd, 4318874.743, 136
Trd, 4318874.893, 111
Trd, 4318875.443, 123
Trd, 4318876.643, 138
Trd, 4318877.793, 128
Trd, 4318878.043, 124
Trd, 4318879.443, 121
Trd, 4318879.793, 111
Trd, 4318879.843, 101
Trd, 4318880.493, 115
Trd, 4318881.493, 99
Trd, 4318881.543, 100
Trd, 4318884.243, 113
Trd, 4318884.943, 130
Trd, 4318886.193, 108
Trd, 4318887.293, 87
Trd, 4318887.343, 106
Trd, 4318887.993, 89
Trd, 4318888.843, 113
Trd, 4318889.643, 81
Trd, 4318889.843, 114
Trd, 4318891.193, 79
Trd, 4318891.443, 86
Trd, 4318891.793, 100
Trd, 4318893.143, 62
Trd, 4318894.343, 63
Trd, 4318895.993, 78
Trd, 4318896.093, 88
Trd, 4318896.343, 70
Trd, 4318896.643, 108
Trd, 4318900.643, 97
Trd, 4318901.043, 108
Trd, 4318902.643, 115
Trd, 4318903.293, 91
Trd, 4318904.093, 89
Trd, 4318904.193, 92
Trd, 4318904.493, 115
Trd, 4318905.093, 76
Trd, 4318906.243, 129
Trd, 4318907.793, 91
Trd, 4318908.543, 140
Trd, 4318909.093, 133
Trd, 4318909.143, 130
Trd, 4318909.993, 109
Trd, 4318910.893, 83
Trd, 4318912.493, 136
Trd, 4318913.243, 129
Trd, 4318913.693, 121
Trd, 4318914.243, 127
Trd, 4318915.143, 135
Trd, 4318916.493, 131
Trd, 4318916.543, 119
Trd, 4318916.993, 85
Trd, 4318917.243, 123
Trd, 4318917.793, 124
Trd, 4318918.693, 133
Trd, 4318919.743, 108
Trd, 4318919.843, 107
Trd, 4318920.843, 103
Trd, 4318921.593, 125
Trd, 4318921.643, 124
Trd, 4318922.843, 139
Trd, 4318922.893, 131
Trd, 4318923.293, 62
Trd, 4318924.543, 116
Trd, 4318924.743, 124
Trd, 4318925.193, 132
Trd, 4318925.743, 125
Trd, 4318926.393, 123
Trd, 4318926.443, 124
Trd, 4318927.893, 114
Trd, 4318928.393, 112
Trd, 4318929.343, 99
Trd, 4318930.343, 112
Trd, 4318931.343, 135
Trd, 4318933.393, 139
Trd, 4318933.543, 134
Trd, 4318933.943, 120
Trd, 4318934.543, 114
Trd, 4318936.143, 123
Trd, 4318936.943, 122
Trd, 4318937.593, 110
Trd, 4318937.893, 100
Trd, 4318938.043, 120
Trd, 4318938.493, 107
Trd, 4318938.993, 136
Trd, 4318939.693, 104
Trd, 4318941.543, 73
Trd, 4318942.143, 103
Trd, 4318943.543, 133
Trd, 4318944.743, 97
Trd, 4318945.293, 104
Trd, 4318945.543, 97
Trd, 4318945.843, 126
Trd, 4318945.943, 116
Trd, 4318946.143, 125
Trd, 4318947.043, 61
Trd, 4318948.243, 124
Trd, 4318948.543, 78
Trd, 4318949.543, 89
Trd, 4318950.393, 63
Trd, 4318951.693, 138
Trd, 4318952.343, 86
Trd, 4318952.693, 139
Trd, 4318952.943, 121
Trd, 4318953.993, 121
Trd, 4318954.743, 122
Trd, 4318955.443, 89
Trd, 4318955.693, 84
Trd, 4318956.893, 130
Trd, 4318956.943, 107
Trd, 4318958.043, 120
Trd, 4318958.093, 103
Trd, 4318959.243, 137
Trd, 4318959.443, 134
Trd, 4318960.043, 135
Trd, 4318961.743, 128
Trd, 4318961.943, 120
Trd, 4318963.993, 136
Trd, 4318964.193, 122
Trd, 4318964.543, 121
Trd, 4318964.743, 117
Trd, 4318965.893, 97
Trd, 4318966.243, 92
Trd, 4318966.593, 103
Trd, 4318966.943, 92
Trd, 4318967.843, 130
Trd, 4318968.443, 86
Trd, 4318969.743, 97
Trd, 4318970.993, 82
Trd, 4318971.743, 128
Trd, 4318971.793, 112
Trd, 4318972.793, 138
Trd, 4318973.193, 109
Trd, 4318973.593, 123
Trd, 4318974.693, 124
Trd, 4318976.243, 123
Trd, 4318976.643, 80
Trd, 4318977.243, 82
Trd, 4318978.243, 112
Trd, 4318978.993, 101
Trd, 4318979.643, 88
Trd, 4318980.343, 63
Trd, 4318980.443, 76
Trd, 4318980.693, 77
Trd, 4318981.743, 95
Trd, 4318981.793, 90
Trd, 4318982.643, 133
Trd, 4318983.393, 124
Trd, 4318984.093, 135
Trd, 4318984.493, 135
Trd, 4318985.293, 103
Trd, 4318985.543, 78
Trd, 4318986.393, 67
Trd, 4318986.643, 133
Trd, 4318987.343, 94
Trd, 4318989.193, 118
Trd, 4318989.593, 133
Trd, 4318990.493, 109
Trd, 4318990.643, 108
Trd, 4318990.693, 88
Trd, 4318990.843, 87
Trd, 4318991.293, 65
Trd, 4318992.143, 88
Trd, 4318992.843, 69
Trd, 4318992.893, 104
Trd, 4318993.643, 140
Trd, 4318995.243, 88
Trd, 4318996.043, 64
Trd, 4318997.093, 127
Trd, 4318998.743, 130
Trd, 4318999.043, 98
Trd, 4319000.543, 82
Trd, 4319001.093, 84
Trd, 4319001.393, 88
Trd, 4319001.543, 91
Trd, 4319002.543, 138
Trd, 4319003.343, 132
Trd, 4319003.743, 135
Trd, 4319005.893, 124
Trd, 4319006.393, 113
Trd, 4319006.693, 113
Trd, 4319008.493, 119
Trd, 4319008.993, 109
Trd, 4319009.543, 84
Trd, 4319009.943, 122
Trd, 4319010.143, 78
Trd, 4319010.743, 118
Trd, 4319011.243, 135
Trd, 4319011.943, 119
Trd, 4319013.693, 139
Trd, 4319014.093, 127
Trd, 4319014.243, 125
Trd, 4319014.693, 120
Trd, 4319015.393, 73
Trd, 4319016.393, 81
Trd, 4319017.943, 130
Trd, 4319017.993, 117
Trd, 4319018.493, 91
Trd, 4319018.793, 128
Trd, 4319020.693, 104
Trd, 4319020.993, 113
Trd, 4319021.393, 98
Trd, 4319021.843, 70
Trd, 4319023.443, 122
Trd, 4319023.843, 74
Trd, 4319024.443, 85
Trd, 4319024.593, 97
Trd, 4319025.243, 66
Trd, 4319025.693, 79
Trd, 4319025.993, 129
Trd, 4319027.093, 68
Trd, 4319027.893, 100
Trd, 4319029.093, 77
Trd, 4319029.793, 75
Trd, 4319030.843, 105
Trd, 4319031.593, 79
Trd, 4319032.643, 134
Trd, 4319033.393, 89
Trd, 4319034.093, 114
Trd, 4319034.393, 103
Trd, 4319034.543, 128
Trd, 4319034.743, 102
Trd, 4319036.343, 130
Trd, 4319037.043, 124
Trd, 4319037.443, 138
Trd, 4319038.843, 111
Trd, 4319038.893, 129
Trd, 4319039.243, 133
Trd, 4319039.443, 110
Trd, 4319040.143, 74
Trd, 4319041.143, 74
Trd, 4319041.593, 65
Trd, 4319042.643, 78
Trd, 4319043.293, 95
Trd, 4319044.343, 90
Trd, 4319044.693, 103
Trd, 4319046.793, 128
Trd, 4319046.993, 97
Trd, 4319048.793, 97
Trd, 4319048.893, 124
Trd, 4319048.943, 94
Trd, 4319048.993, 87
Trd, 4319049.193, 124
Trd, 4319050.593, 126
Trd, 4319052.693, 132
Trd, 4319053.893, 134
Trd, 4319053.943, 129
Trd, 4319054.193, 127
Trd, 4319054.843, 116
Trd, 4319055.443, 81
Trd, 4319057.443, 98
Trd, 4319057.943, 120
Trd, 4319059.093, 132
Trd, 4319059.393, 125
Trd, 4319060.193, 103
Trd, 4319061.143, 123
Trd, 4319062.793, 124
Trd, 4319063.343, 126
Trd, 4319063.893, 136
Trd, 4319064.293, 135
Trd, 4319064.843, 131
Trd, 4319065.243, 125
Trd, 4319065.293, 122
Trd, 4319065.893, 111
Trd, 4319066.593, 125
Trd, 4319068.893, 127
Trd, 4319068.943, 125
Trd, 4319069.893, 89
Trd, 4319070.843, 105
Trd, 4319071.293, 106
Trd, 4319071.593, 103
Trd, 4319071.843, 90
Trd, 4319072.193, 113
Trd, 4319074.693, 134
Trd, 4319075.143, 130
Trd, 4319076.193, 132
Trd, 4319077.693, 136
Trd, 4319077.793, 134
Trd, 4319078.943, 136
Trd, 4319079.393, 119
Trd, 4319080.843, 112
Trd, 4319081.193, 123
Trd, 4319082.143, 133
Trd, 4319082.343, 133
Trd, 4319083.143, 140
Trd, 4319083.993, 106
Trd, 4319084.243, 105
Trd, 4319084.993, 119
Trd, 4319086.193, 131
Trd, 4319086.243, 118
Trd, 4319086.593, 121
Trd, 4319088.293, 130
Trd, 4319088.343, 128
Trd, 4319089.693, 110
Trd, 4319089.893, 84
Trd, 4319091.043, 118
Trd, 4319091.143, 113
Trd, 4319092.193, 88
Trd, 4319092.643, 75
Trd, 4319093.443, 123
Trd, 4319094.343, 88
Trd, 4319094.743, 113
Trd, 4319095.543, 107
Trd, 4319096.643, 62
Trd, 4319096.893, 68
Trd, 4319097.193, 72
Trd, 4319097.393, 77
Trd, 4319098.593, 82
Trd, 4319099.243, 82
Trd, 4319100.243, 83
Trd, 4319100.443, 116
Trd, 4319102.293, 90
Trd, 4319102.543, 119
Trd, 4319103.193, 89
Trd, 4319104.843, 130
Trd, 4319105.943, 107
Trd, 4319106.793, 140
Trd, 4319107.143, 140
Trd, 4319107.843, 129
Trd, 4319108.093, 123
Trd, 4319108.843, 116
Trd, 4319111.643, 107
Trd, 4319112.043, 136
Trd, 4319113.443, 99
Trd, 4319113.743, 87
Trd, 4319114.143, 134
Trd, 4319114.893, 137
Trd, 4319115.693, 140
Trd, 4319116.243, 69
Trd, 4319116.843, 82
Trd, 4319117.593, 136
Trd, 4319119.043, 133
Trd, 4319120.043, 132
Trd, 4319121.343, 88
Trd, 4319122.743, 98
Trd, 4319122.893, 104
Trd, 4319122.993, 87
Trd, 4319123.343, 111
Trd, 4319124.543, 123
Trd, 4319125.343, 90
Trd, 4319125.793, 86
Trd, 4319126.193, 93
Trd, 4319126.393, 122
Trd, 4319127.693, 124
Trd, 4319128.343, 139
Trd, 4319128.993, 139
Trd, 4319130.143, 107
Trd, 4319130.443, 125
Trd, 4319131.193, 126
Trd, 4319132.143, 69
Trd, 4319132.643, 89
Trd, 4319133.393, 130
Trd, 4319133.593, 130
Trd, 4319133.643, 129
Trd, 4319135.593, 127
Trd, 4319136.293, 117
Trd, 4319136.943, 124
Trd, 4319138.043, 139
Trd, 4319139.093, 117
Trd, 4319139.793, 133
Trd, 4319139.893, 115
Trd, 4319140.543, 113
Trd, 4319141.093, 120
Trd, 4319141.343, 99
Trd, 4319142.293, 88
Trd, 4319142.493, 81
Trd, 4319143.293, 121
Trd, 4319143.443, 123
Trd, 4319145.493, 109
Trd, 4319145.993, 97
Trd, 4319146.293, 89
Trd, 4319147.543, 137
Trd, 4319148.843, 139
Trd, 4319149.293, 101
Trd, 4319149.643, 110
Trd, 4319149.743, 127
Trd, 4319151.143, 133
Trd, 4319151.293, 131
Trd, 4319152.293, 93
Trd, 4319152.493, 65
Trd, 4319153.593, 95
Trd, 4319155.943, 123
Trd, 4319156.393, 108
Trd, 4319156.943, 83
Trd, 4319157.193, 140
Trd, 4319157.543, 108
Trd, 4319157.743, 95
Trd, 4319158.793, 119
Trd, 4319159.293, 115
Trd, 4319161.843, 134
Trd, 4319162.493, 68
Trd, 4319163.343, 104
Trd, 4319163.493, 113
Trd, 4319163.693, 108
Trd, 4319163.793, 120
Trd, 4319164.493, 95
Trd, 4319165.143, 110
Trd, 4319165.843, 99
Trd, 4319166.343, 114
Trd, 4319166.893, 112
Trd, 4319167.593, 128
Trd, 4319168.993, 70
Trd, 4319169.093, 88
Trd, 4319170.393, 119
Trd, 4319171.343, 105
Trd, 4319171.693, 80
Trd, 4319172.593, 113
Trd, 4319172.743, 85
Trd, 4319173.393, 130
Trd, 4319173.743, 120
Trd, 4319173.843, 111
Trd, 4319175.143, 140
Trd, 4319175.743, 100
Trd, 4319176.193, 84
Trd, 4319176.443, 83
Trd, 4319178.443, 140
Trd, 4319178.543, 139
Trd, 4319178.893, 118
Trd, 4319179.693, 100
Trd, 4319180.243, 87
Trd, 4319180.893, 99
Trd, 4319182.343, 139
Trd, 4319182.593, 139
Trd, 4319182.943, 97
Trd, 4319185.543, 120
Trd, 4319186.193, 125
Trd, 4319187.793, 102
Trd, 4319188.393, 120
Trd, 4319188.443, 97
Trd, 4319189.243, 120
Trd, 4319190.643, 139
Trd, 4319190.693, 121
Trd, 4319191.093, 124
Trd, 4319192.293, 108
Trd, 4319192.843, 117
Trd, 4319193.893, 107
Trd, 4319194.043, 115
Trd, 4319194.993, 100
Trd, 4319197.493, 117
Trd, 4319197.593, 115
Trd, 4319198.143, 98
Trd, 4319199.043, 131
Trd, 4319200.443, 87
Trd, 4319200.843, 86
Trd, 4319200.943, 87
Trd, 4319201.093, 110
Trd, 4319201.343, 129
Trd, 4319203.193, 80
Trd, 4319203.843, 81
Trd, 4319204.293, 66
Trd, 4319205.043, 133
Trd, 4319205.243, 137
Trd, 4319206.893, 123
Trd, 4319207.043, 126
Trd, 4319208.643, 129
Trd, 4319208.743, 127
Trd, 4319209.943, 118
Trd, 4319210.243, 107
Trd, 4319211.043, 133
Trd, 4319211.443, 140
Trd, 4319212.293, 119
Trd, 4319212.493, 107
Trd, 4319213.393, 133
Trd, 4319214.793, 137
Trd, 4319214.843, 134
Trd, 4319215.293, 91
Trd, 4319216.093, 106
Trd, 4319216.943, 140
Trd, 4319217.843, 140
Trd, 4319220.393, 114
Trd, 4319220.543, 91
Trd, 4319221.393, 111
Trd, 4319221.693, 94
Trd, 4319223.293, 127
Trd, 4319224.193, 120
Trd, 4319224.393, 129
Trd, 4319224.793, 132
Trd, 4319225.093, 114
Trd, 4319225.143, 110
Trd, 4319225.443, 87
Trd, 4319225.993, 123
Trd, 4319226.793, 120
Trd, 4319227.593, 64
Trd, 4319227.743, 93
Trd, 4319229.143, 136
Trd, 4319229.843, 125
Trd, 4319230.393, 115
Trd, 4319230.493, 122
Trd, 4319232.393, 61
Trd, 4319233.243, 60
Trd, 4319234.043, 73
Trd, 4319234.193, 80
Trd, 4319235.193, 117
Trd, 4319235.693, 137
Trd, 4319236.593, 132
Trd, 4319237.543, 102
Trd, 4319239.193, 115
Trd, 4319239.443, 132
Trd, 4319240.443, 133
Trd, 4319241.193, 124
Trd, 4319241.943, 81
Trd, 4319242.743, 119
Trd, 4319243.243, 118
Trd, 4319243.493, 139
Trd, 4319244.143, 125
Trd, 4319244.393, 124
Trd, 4319245.043, 122
Trd, 4319247.093, 92
Trd, 4319247.293, 107
Trd, 4319247.543, 107
Trd, 4319248.043, 112
Trd, 4319248.293, 134
Trd, 4319250.143, 77
Trd, 4319250.843, 120
Trd, 4319252.543, 133
Trd, 4319253.243, 133
Trd, 4319253.793, 140
Trd, 4319254.543, 117
Trd, 4319255.243, 113
Trd, 4319255.543, 136
Trd, 4319256.793, 123
Trd, 4319257.043, 139
Trd, 4319257.343, 102
Trd, 4319260.093, 130
Trd, 4319260.543, 101
Trd, 4319260.993, 129
Trd, 4319261.243, 113
Trd, 4319261.843, 118
Trd, 4319263.143, 72
Trd, 4319263.243, 77
Trd, 4319263.593, 115
Trd, 4319264.193, 111
Trd, 4319264.943, 111
Trd, 4319266.293, 134
Trd, 4319267.143, 130
Trd, 4319267.693, 128
Trd, 4319267.943, 127
Trd, 4319269.243, 123
Trd, 4319269.343, 90
Trd, 4319270.543, 74
Trd, 4319270.743, 69
Trd, 4319270.993, 62
Trd, 4319271.693, 123
Trd, 4319273.193, 121
Trd, 4319273.343, 123
Trd, 4319274.893, 127
Trd, 4319275.243, 105
Trd, 4319275.543, 118
Trd, 4319276.343, 101
Trd, 4319276.593, 107
Trd, 4319276.893, 99
Trd, 4319277.193, 62
Trd, 4319278.243, 127
Trd, 4319278.543, 61
Trd, 4319280.093, 118
Trd, 4319281.793, 119
Trd, 4319282.043, 124
Trd, 4319282.493, 135
Trd, 4319283.043, 97
Trd, 4319283.643, 117
Trd, 4319284.093, 79
Trd, 4319284.393, 134
Trd, 4319285.943, 95
Trd, 4319286.493, 119
Trd, 4319287.393, 137
Trd, 4319288.043, 99
Trd, 4319288.243, 98
Trd, 4319289.443, 101
Trd, 4319291.143, 131
Trd, 4319292.093, 101
Trd, 4319292.943, 131
Trd, 4319293.043, 130
Trd, 4319293.693, 122
Trd, 4319295.093, 129
Trd, 4319296.193, 135
Trd, 4319296.393, 124
Trd, 4319296.743, 100
Trd, 4319296.943, 84
Trd, 4319298.093, 82
Trd, 4319298.443, 103
Trd, 4319298.943, 69
Trd, 4319300.643, 71
Trd, 4319301.293, 95
Trd, 4319301.493, 119
Trd, 4319301.943, 89
Trd, 4319302.543, 68
Trd, 4319303.043, 71
Trd, 4319303.293, 93
Trd, 4319305.143, 83
Trd, 4319306.193, 120
Trd, 4319306.693, 115
Trd, 4319307.393, 107
Trd, 4319308.193, 121
Trd, 4319308.743, 125
Trd, 4319309.043, 86
Trd, 4319309.343, 112
Trd, 4319309.993, 61
Trd, 4319310.243, 65
Trd, 4319311.943, 133
Trd, 4319313.493, 127
Trd, 4319314.243, 127
Trd, 4319314.343, 126
Trd, 4319314.443, 123
Trd, 4319315.743, 136
Trd, 4319317.243, 139
Trd, 4319317.893, 140
Trd, 4319317.993, 108
Trd, 4319318.043, 81
Trd, 4319320.043, 138
Trd, 4319320.093, 130
Trd, 4319320.793, 118
Trd, 4319320.993, 63
Trd, 4319321.943, 88
Trd, 4319322.593, 78
Trd, 4319323.793, 139
Trd, 4319325.693, 132
Trd, 4319325.843, 100
Trd, 4319326.543, 130
Trd, 4319327.993, 104
Trd, 4319328.093, 99
Trd, 4319328.893, 96
Trd, 4319329.093, 122
Trd, 4319329.743, 117
Trd, 4319329.893, 137
Trd, 4319330.593, 139
Trd, 4319330.893, 89
Trd, 4319331.543, 62
Trd, 4319332.243, 83
Trd, 4319332.443, 79
Trd, 4319334.393, 117
Trd, 4319334.993, 127
Trd, 4319335.343, 114
Trd, 4319336.193, 104
Trd, 4319336.693, 133
Trd, 4319337.143, 78
Trd, 4319338.143, 86
Trd, 4319338.493, 86
Trd, 4319338.743, 105
Trd, 4319340.993, 133
Trd, 4319341.243, 112
Trd, 4319341.343, 110
Trd, 4319342.893, 94
Trd, 4319343.043, 94
Trd, 4319344.593, 129
Trd, 4319344.793, 108
Trd, 4319345.743, 136
Trd, 4319346.743, 111
Trd, 4319347.243, 115
Trd, 4319347.993, 129
Trd, 4319349.043, 81
Trd, 4319349.343, 82
Trd, 4319351.043, 81
Trd, 4319352.093, 80
Trd, 4319352.843, 93
Trd, 4319353.143, 93
Trd, 4319353.493, 91
Trd, 4319353.943, 103
Trd, 4319354.393, 123
Trd, 4319354.543, 122
Trd, 4319355.293, 139
Trd, 4319355.443, 93
Trd, 4319356.343, 108
Trd, 4319356.643, 78
Trd, 4319357.643, 64
Trd, 4319357.993, 133
Trd, 4319359.493, 140
Trd, 4319359.893, 128
Trd, 4319360.343, 122
Trd, 4319360.743, 108
Trd, 4319362.543, 139
Trd, 4319363.643, 125
Trd, 4319363.943, 109
Trd, 4319364.243, 120
Trd, 4319364.693, 97
Trd, 4319365.443, 84
Trd, 4319365.893, 138
Trd, 4319366.193, 82
Trd, 4319366.943, 94
Trd, 4319367.543, 126
Trd, 4319367.993, 137
Trd, 4319369.793, 128
Trd, 4319370.193, 139
Trd, 4319370.393, 91
Trd, 4319370.843, 110
Trd, 4319371.343, 123
Trd, 4319372.193, 80
Trd, 4319372.493, 97
Trd, 4319372.993, 76
Trd, 4319373.743, 80
Trd, 4319374.293, 76
Trd, 4319375.593, 106
Trd, 4319376.243, 83
Trd, 4319376.693, 88
Trd, 4319377.343, 114
Trd, 4319378.443, 140
Trd, 4319380.293, 140
Trd, 4319380.643, 139
Trd, 4319382.243, 116
Trd, 4319382.293, 107
Trd, 4319382.493, 74
Trd, 4319382.943, 90
Trd, 4319384.493, 118
Trd, 4319385.743, 99
Trd, 4319385.843, 110
Trd, 4319386.143, 125
Trd, 4319387.943, 131
Trd, 4319389.893, 119
Trd, 4319390.143, 120
Trd, 4319390.593, 117
Trd, 4319391.143, 123
Trd, 4319391.843, 132
Trd, 4319392.443, 124
Trd, 4319393.793, 134
Trd, 4319393.943, 122
Trd, 4319394.793, 79
Trd, 4319395.143, 85
Trd, 4319395.593, 133
Trd, 4319396.093, 109
Trd, 4319397.243, 125
Trd, 4319398.293, 105
Trd, 4319398.893, 104
Trd, 4319399.043, 108
Trd, 4319400.893, 123
Trd, 4319401.193, 121
Trd, 4319401.643, 120
Trd, 4319402.043, 78
Trd, 4319402.293, 133
Trd, 4319403.693, 134
Trd, 4319403.943, 108
Trd, 4319404.243, 123
Trd, 4319405.593, 112
Trd, 4319405.943, 90
Trd, 4319406.693, 100
Trd, 4319407.093, 106
Trd, 4319408.393, 89
Trd, 4319408.993, 72
Trd, 4319410.093, 89
Trd, 4319410.343, 110
Trd, 4319410.593, 89
Trd, 4319411.943, 64
Trd, 4319412.393, 127
Trd, 4319413.093, 121
Trd, 4319413.143, 115
Trd, 4319413.593, 94
Trd, 4319414.543, 133
Trd, 4319415.343, 132
Trd, 4319415.693, 122
Trd, 4319418.193, 140
Trd, 4319420.343, 137
Trd, 4319420.443, 137
Trd, 4319421.143, 134
Trd, 4319422.243, 137
Trd, 4319422.593, 126
Trd, 4319422.843, 118
Trd, 4319422.993, 119
Trd, 4319423.493, 62
Trd, 4319424.043, 125
Trd, 4319424.993, 62
Trd, 4319425.743, 134
Trd, 4319426.943, 122
Trd, 4319428.193, 132
Trd, 4319428.393, 137
Trd, 4319428.743, 108
Trd, 4319428.943, 104
Trd, 4319429.793, 119
Trd, 4319430.493, 74
Trd, 4319431.093, 101
Trd, 4319432.543, 97
Trd, 4319433.193, 137
Trd, 4319433.543, 136
Trd, 4319433.943, 112
Trd, 4319434.893, 119
Trd, 4319436.043, 115
Trd, 4319436.243, 113
Trd, 4319436.943, 98
Trd, 4319437.793, 72
Trd, 4319439.193, 114
Trd, 4319439.793, 90
Trd, 4319440.593, 77
Trd, 4319440.643, 69
Trd, 4319441.943, 139
Trd, 4319442.143, 130
Trd, 4319443.593, 137
Trd, 4319443.943, 114
Trd, 4319444.293, 86
Trd, 4319445.993, 105
Trd, 4319448.393, 115
Trd, 4319448.793, 105
Trd, 4319449.443, 94
Trd, 4319449.493, 92
Trd, 4319450.093, 133
Trd, 4319451.443, 131
Trd, 4319451.893, 113
Trd, 4319452.243, 96
Trd, 4319452.943, 131
Trd, 4319453.243, 123
Trd, 4319455.143, 127
Trd, 4319455.193, 116
Trd, 4319455.843, 115
Trd, 4319455.993, 95
Trd, 4319457.343, 134
Trd, 4319458.143, 114
Trd, 4319459.843, 109
Trd, 4319459.993, 108
Trd, 4319461.543, 128
Trd, 4319461.693, 121
Trd, 4319462.893, 124
Trd, 4319462.943, 117
Trd, 4319464.043, 132
Trd, 4319464.993, 138
Trd, 4319465.493, 131
Trd, 4319466.493, 124
Trd, 4319467.593, 111
Trd, 4319468.143, 103
Trd, 4319469.043, 111
Trd, 4319469.193, 115
Trd, 4319469.293, 99
Trd, 4319470.143, 106
Trd, 4319470.943, 112
Trd, 4319471.293, 70
Trd, 4319472.743, 70
Trd, 4319473.743, 133
Trd, 4319474.893, 140
Trd, 4319475.143, 105
Trd, 4319475.793, 126
Trd, 4319476.143, 119
Trd, 4319477.543, 130
Trd, 4319478.393, 121
Trd, 4319478.493, 105
Trd, 4319479.443, 97
Trd, 4319479.843, 104
Trd, 4319479.993, 105
Trd, 4319480.593, 98
Trd, 4319481.043, 103
Trd, 4319483.043, 117
Trd, 4319483.393, 114
Trd, 4319484.393, 104
Trd, 4319484.993, 98
Trd, 4319485.443, 102
Trd, 4319487.593, 139
Trd, 4319487.843, 108
Trd, 4319488.643, 131
Trd, 4319488.943, 111
Trd, 4319489.593, 138
Trd, 4319489.693, 124
Trd, 4319490.143, 136
Trd, 4319490.743, 112
Trd, 4319491.093, 107
Trd, 4319492.643, 129
Trd, 4319492.993, 122
Trd, 4319493.893, 123
Trd, 4319494.243, 124
Trd, 4319494.943, 111
Trd, 4319495.643, 126
Trd, 4319496.293, 112
Trd, 4319496.643, 95
Trd, 4319497.643, 101
Trd, 4319498.943, 80
Trd, 4319498.993, 83
Trd, 4319499.043, 68
Trd, 4319499.143, 113
Trd, 4319499.343, 60
Trd, 4319499.993, 66
Trd, 4319500.343, 75
Trd, 4319501.743, 112
Trd, 4319504.643, 140
Trd, 4319505.293, 98
Trd, 4319505.493, 87
Trd, 4319507.093, 127
Trd, 4319507.443, 119
Trd, 4319507.993, 136
Trd, 4319508.293, 119
Trd, 4319508.793, 100
Trd, 4319509.143, 139
Trd, 4319509.793, 83
Trd, 4319510.293, 78
Trd, 4319511.293, 105
Trd, 4319511.943, 124
Trd, 4319512.793, 89
Trd, 4319513.093, 130
Trd, 4319513.393, 110
Trd, 4319514.143, 109
Trd, 4319514.193, 106
Trd, 4319515.043, 132
Trd, 4319515.643, 102
Trd, 4319516.493, 78
Trd, 4319517.043, 112
Trd, 4319517.893, 117
Trd, 4319518.093, 105
Trd, 4319518.393, 93
Trd, 4319519.293, 92
Trd, 4319521.143, 139
Trd, 4319522.793, 135
Trd, 4319523.543, 120
Trd, 4319524.943, 100
Trd, 4319525.493, 106
Trd, 4319527.243, 139
Trd, 4319527.643, 118
Trd, 4319527.943, 102
Trd, 4319528.243, 100
Trd, 4319528.743, 113
Trd, 4319529.643, 102
Trd, 4319530.693, 124
Trd, 4319530.793, 119
Trd, 4319532.043, 132
Trd, 4319532.793, 104
Trd, 4319535.693, 135
Trd, 4319535.793, 135
Trd, 4319536.343, 134
Trd, 4319536.593, 122
Trd, 4319536.793, 137
Trd, 4319537.543, 95
Trd, 4319538.643, 100
Trd, 4319538.793, 78
Trd, 4319539.793, 73
Trd, 4319540.243, 108
Trd, 4319540.793, 104
Trd, 4319542.493, 137
Trd, 4319542.543, 122
Trd, 4319544.443, 92
Trd, 4319545.093, 119
Trd, 4319545.443, 129
Trd, 4319546.293, 98
Trd, 4319547.193, 130
Trd, 4319547.543, 137
Trd, 4319547.843, 118
Trd, 4319548.443, 105
Trd, 4319549.243, 122
Trd, 4319549.593, 113
Trd, 4319549.693, 110
Trd, 4319550.043, 108
Trd, 4319550.493, 129
Trd, 4319550.643, 103
Trd, 4319551.143, 107
Trd, 4319552.693, 109
Trd, 4319553.693, 93
Trd, 4319556.443, 103
Trd, 4319556.543, 102
Trd, 4319556.693, 98
Trd, 4319556.793, 97
Trd, 4319557.143, 79
Trd, 4319558.543, 125
Trd, 4319559.593, 131
Trd, 4319560.493, 124
Trd, 4319560.893, 122
Trd, 4319560.993, 116
Trd, 4319563.143, 139
Trd, 4319564.093, 140
Trd, 4319564.643, 140
Trd, 4319564.693, 129
Trd, 4319565.393, 122
Trd, 4319565.443, 120
Trd, 4319566.043, 132
Trd, 4319566.443, 115
Trd, 4319567.443, 109
Trd, 4319567.693, 103
Trd, 4319569.043, 111
Trd, 4319570.293, 106
Trd, 4319571.393, 106
Trd, 4319571.493, 104
Trd, 4319572.143, 136
Trd, 4319572.943, 101
Trd, 4319574.193, 122
Trd, 4319574.943, 131
Trd, 4319575.393, 108
Trd, 4319576.643, 119
Trd, 4319576.893, 102
Trd, 4319578.593, 137
Trd, 4319578.793, 134
Trd, 4319579.743, 138
Trd, 4319580.593, 123
Trd, 4319581.943, 117
Trd, 4319582.743, 115
Trd, 4319583.743, 119
Trd, 4319584.693, 119
Trd, 4319585.193, 121
Trd, 4319586.143, 134
Trd, 4319586.993, 111
Trd, 4319588.243, 135
Trd, 4319588.293, 124
Trd, 4319589.393, 126
Trd, 4319590.893, 114
Trd, 4319591.343, 103
Trd, 4319591.593, 102
Trd, 4319592.443, 83
Trd, 4319594.643, 118
Trd, 4319594.793, 134
Trd, 4319594.843, 109
Trd, 4319594.893, 106
Trd, 4319595.393, 134
Trd, 4319598.043, 129
Trd, 4319598.443, 134
Trd, 4319598.893, 117
Trd, 4319600.043, 136
Trd, 4319600.393, 135
Trd, 4319601.043, 139
Trd, 4319601.093, 117
Trd, 4319604.143, 136
Trd, 4319604.593, 114
Trd, 4319605.943, 122
Trd, 4319606.143, 95
Trd, 4319606.993, 102
Trd, 4319607.543, 69
Trd, 4319608.343, 106
Trd, 4319610.143, 122
Trd, 4319610.443, 122
Trd, 4319610.743, 121
Trd, 4319611.993, 127
Trd, 4319612.443, 99
Trd, 4319613.443, 121
Trd, 4319613.743, 138
Trd, 4319615.643, 135
Trd, 4319615.893, 135
Trd, 4319616.443, 133
Trd, 4319617.243, 107
Trd, 4319617.593, 105
Trd, 4319617.943, 106
Trd, 4319618.893, 130
Trd, 4319619.243, 124
Trd, 4319620.293, 139
Trd, 4319621.593, 133
Trd, 4319621.993, 131
Trd, 4319622.343, 111
Trd, 4319622.593, 86
Trd, 4319623.943, 132
Trd, 4319624.293, 98
Trd, 4319624.393, 137
Trd, 4319625.793, 130
Trd, 4319626.343, 120
Trd, 4319627.093, 133
Trd, 4319628.493, 109
Trd, 4319628.993, 121
Trd, 4319629.393, 126
Trd, 4319630.493, 125
Trd, 4319630.893, 117
Trd, 4319631.193, 107
Trd, 4319632.193, 140
Trd, 4319632.343, 137
Trd, 4319633.393, 84
Trd, 4319634.193, 121
Trd, 4319634.493, 110
Trd, 4319635.293, 129
Trd, 4319635.393, 126
Trd, 4319637.093, 135
Trd, 4319637.343, 132
Trd, 4319637.893, 111
Trd, 4319638.143, 115
Trd, 4319638.743, 102
Trd, 4319639.143, 113
Trd, 4319640.793, 139
Trd, 4319641.843, 73
Trd, 4319642.143, 77
Trd, 4319643.743, 119
Trd, 4319643.893, 68
Trd, 4319644.443, 135
Trd, 4319645.293, 129
Trd, 4319646.093, 88
Trd, 4319646.443, 81
Trd, 4319647.843, 128
Trd, 4319648.293, 95
Trd, 4319649.243, 85
Trd, 4319649.393, 91
Trd, 4319650.143, 100
Trd, 4319650.743, 140
Trd, 4319651.293, 135
Trd, 4319652.893, 125
Trd, 4319652.993, 114
Trd, 4319653.493, 103
Trd, 4319653.993, 105
Trd, 4319654.743, 111
Trd, 4319655.593, 133
Trd, 4319657.093, 70
Trd, 4319658.193, 72
Trd, 4319658.293, 99
Trd, 4319659.293, 83
Trd, 4319659.593, 100
Trd, 4319659.843, 101
Trd, 4319660.693, 93
Trd, 4319660.943, 99
Trd, 4319661.543, 87
Trd, 4319662.293, 61
Trd, 4319662.443, 68
Trd, 4319663.343, 88
Trd, 4319664.293, 106
Trd, 4319665.193, 100
Trd, 4319666.443, 75
Trd, 4319666.543, 76
Trd, 4319667.743, 121
Trd, 4319668.293, 117
Trd, 4319668.993, 131
Trd, 4319669.693, 96
Trd, 4319670.643, 91
Trd, 4319671.743, 139
Trd, 4319671.843, 111
Trd, 4319673.293, 138
Trd, 4319673.843, 107
Trd, 4319674.243, 82
Trd, 4319675.893, 70
Trd, 4319676.343, 136
Trd, 4319677.493, 125
Trd, 4319678.543, 107
Trd, 4319679.243, 118
Trd, 4319680.193, 125
Trd, 4319680.943, 124
Trd, 4319681.193, 117
Trd, 4319681.543, 99
Trd, 4319682.343, 118
Trd, 4319683.293, 77
Trd, 4319683.843, 71
Trd, 4319684.493, 128
Trd, 4319684.743, 106
Trd, 4319685.493, 81
Trd, 4319686.343, 101
Trd, 4319686.693, 132
Trd, 4319686.993, 104
Trd, 4319687.243, 103
Trd, 4319687.293, 100
Trd, 4319688.943, 89
Trd, 4319690.093, 72
Trd, 4319690.443, 102
Trd, 4319691.793, 74
Trd, 4319692.793, 137
Trd, 4319692.893, 111
Trd, 4319693.393, 123
Trd, 4319693.493, 88
Trd, 4319693.793, 117
Trd, 4319695.143, 135
Trd, 4319695.993, 120
Trd, 4319698.143, 126
Trd, 4319698.193, 106
Trd, 4319699.193, 129
Trd, 4319699.243, 127
Trd, 4319699.293, 122
Trd, 4319700.143, 78
Trd, 4319700.843, 89
Trd, 4319701.193, 86
Trd, 4319701.843, 97
Trd, 4319703.243, 140
Trd, 4319703.843, 129
Trd, 4319704.943, 125
Trd, 4319705.743, 125
Trd, 4319706.893, 131
Trd, 4319708.393, 134
Trd, 4319708.893, 136
Trd, 4319708.943, 133
Trd, 4319710.343, 134
Trd, 4319710.793, 114
Trd, 4319712.543, 131
Trd, 4319712.693, 123
Trd, 4319712.943, 124
Trd, 4319713.793, 113
Trd, 4319714.743, 113
Trd, 4319714.843, 134
Trd, 4319715.593, 112
Trd, 4319715.993, 93
Trd, 4319716.243, 100
Trd, 4319717.693, 105
Trd, 4319719.293, 118
Trd, 4319719.343, 105
Trd, 4319719.943, 116
Trd, 4319720.193, 113
Trd, 4319720.743, 68
Trd, 4319721.143, 106
Trd, 4319721.443, 128
Trd, 4319721.793, 100
Trd, 4319723.043, 75
Trd, 4319724.643, 106
Trd, 4319725.093, 82
Trd, 4319726.543, 129
Trd, 4319726.593, 129
Trd, 4319727.393, 107
Trd, 4319728.143, 130
Trd, 4319728.593, 99
Trd, 4319728.943, 71
Trd, 4319729.243, 73
Trd, 4319729.743, 106
Trd, 4319730.293, 87
Trd, 4319731.643, 113
Trd, 4319733.193, 129
Trd, 4319733.443, 120
Trd, 4319734.893, 128
Trd, 4319735.393, 135
Trd, 4319735.743, 125
Trd, 4319736.093, 125
Trd, 4319736.143, 117
Trd, 4319736.343, 112
Trd, 4319736.693, 115
Trd, 4319738.993, 113
Trd, 4319739.693, 101
Trd, 4319740.943, 96
Trd, 4319741.093, 100
Trd, 4319741.993, 105
Trd, 4319742.493, 140
Trd, 4319743.193, 134
Trd, 4319743.243, 77
Trd, 4319744.643, 139
Trd, 4319744.943, 103
Trd, 4319745.193, 93
Trd, 4319746.743, 89
Trd, 4319748.493, 118
Trd, 4319748.893, 106
Trd, 4319750.543, 126
Trd, 4319751.243, 123
Trd, 4319752.293, 113
Trd, 4319752.343, 104
Trd, 4319753.543, 126
Trd, 4319753.643, 135
Trd, 4319754.293, 116
Trd, 4319754.443, 109
Trd, 4319755.093, 93
Trd, 4319755.893, 66
Trd, 4319757.143, 130
Trd, 4319757.593, 62
Trd, 4319758.693, 62
Trd, 4319758.743, 104
Trd, 4319759.793, 121
Trd, 4319760.393, 103
Trd, 4319760.943, 117
Trd, 4319761.643, 62
Trd, 4319761.993, 90
Trd, 4319762.993, 137
Trd, 4319763.243, 132
Trd, 4319763.443, 124
Trd, 4319764.893, 90
Trd, 4319765.293, 127
Trd, 4319765.393, 90
Trd, 4319766.693, 75
Trd, 4319767.093, 99
Trd, 4319768.193, 119
Trd, 4319768.743, 137
Trd, 4319769.643, 89
Trd, 4319769.843, 84
Trd, 4319771.493, 107
Trd, 4319771.993, 126
Trd, 4319772.293, 109
Trd, 4319773.343, 134
Trd, 4319774.893, 72
Trd, 4319775.343, 88
Trd, 4319775.993, 125
Trd, 4319776.593, 138
Trd, 4319777.093, 131
Trd, 4319777.793, 124
Trd, 4319779.343, 101
Trd, 4319779.993, 83
Trd, 4319780.793, 80
Trd, 4319780.893, 81
Trd, 4319781.843, 109
Trd, 4319783.343, 130
Trd, 4319783.843, 67
Trd, 4319785.993, 127
Trd, 4319786.393, 116
Trd, 4319787.493, 133
Trd, 4319788.093, 127
Trd, 4319788.543, 135
Trd, 4319788.793, 102
Trd, 4319789.393, 124
Trd, 4319790.593, 139
Trd, 4319791.443, 138
Trd, 4319791.593, 137
Trd, 4319791.743, 113
Trd, 4319792.493, 113
Trd, 4319793.943, 73
Trd, 4319795.193, 124
Trd, 4319795.693, 112
Trd, 4319797.643, 137
Trd, 4319797.793, 134
Trd, 4319797.843, 125
Trd, 4319798.893, 130
Trd, 4319799.293, 138
Trd, 4319800.293, 137
Trd, 4319800.693, 131
Trd, 4319802.343, 119
Trd, 4319803.243, 133
Trd, 4319803.493, 115
Trd, 4319804.793, 123
Trd, 4319805.243, 97
Trd, 4319805.693, 109
Trd, 4319806.343, 66
Trd, 4319807.193, 114
Trd, 4319807.993, 133
Trd, 4319808.493, 119
Trd, 4319808.993, 126
Trd, 4319809.943, 119
Trd, 4319810.243, 101
Trd, 4319810.743, 95
Trd, 4319811.093, 132
Trd, 4319812.943, 101
Trd, 4319813.793, 85
Trd, 4319813.943, 85
Trd, 4319814.593, 132
Trd, 4319814.643, 118
Trd, 4319815.693, 139
Trd, 4319815.793, 113
Trd, 4319817.143, 138
Trd, 4319817.343, 87
Trd, 4319818.343, 86
Trd, 4319818.793, 107
Trd, 4319819.143, 105
Trd, 4319819.693, 111
Trd, 4319820.193, 118
Trd, 4319820.493, 76
Trd, 4319822.743, 86
Trd, 4319823.093, 93
Trd, 4319823.343, 94
Trd, 4319824.743, 128
Trd, 4319824.943, 122
Trd, 4319825.143, 116
Trd, 4319826.043, 96
Trd, 4319826.943, 134
Trd, 4319827.093, 133
Trd, 4319827.543, 136
Trd, 4319828.193, 138
Trd, 4319829.243, 60
Trd, 4319830.143, 60
Trd, 4319830.543, 67
Trd, 4319830.893, 107
Trd, 4319831.443, 123
Trd, 4319831.993, 133
Trd, 4319833.243, 136
Trd, 4319834.493, 137
Trd, 4319835.693, 138
Trd, 4319836.243, 137
Trd, 4319836.393, 105
Trd, 4319838.243, 138
Trd, 4319838.693, 131
Trd, 4319839.243, 111
Trd, 4319839.493, 107
Trd, 4319840.293, 121
Trd, 4319841.193, 92
Trd, 4319841.643, 115
Trd, 4319842.393, 114
Trd, 4319843.193, 108
Trd, 4319843.293, 105
Trd, 4319843.843, 101
Trd, 4319844.843, 101
Trd, 4319845.343, 81
Trd, 4319846.443, 98
Trd, 4319847.143, 114
Trd, 4319847.443, 138
Trd, 4319848.593, 128
Trd, 4319849.993, 110
Trd, 4319850.543, 95
Trd, 4319850.793, 82
Trd, 4319851.493, 70
Trd, 4319852.293, 113
Trd, 4319852.893, 113
Trd, 4319854.193, 102
Trd, 4319854.443, 140
Trd, 4319855.543, 139
Trd, 4319855.943, 139
Trd, 4319857.193, 102
Trd, 4319857.893, 132
Trd, 4319857.993, 119
Trd, 4319858.393, 68
Trd, 4319859.843, 109
Trd, 4319860.543, 108
Trd, 4319861.943, 136
Trd, 4319862.843, 140
Trd, 4319863.093, 137
Trd, 4319863.193, 136
Trd, 4319863.393, 111
Trd, 4319863.643, 65
Trd, 4319864.693, 80
Trd, 4319866.143, 87
Trd, 4319866.593, 76
Trd, 4319867.093, 140
Trd, 4319868.143, 62
Trd, 4319868.643, 70
Trd, 4319868.993, 85
Trd, 4319869.643, 61
Trd, 4319870.593, 76
Trd, 4319870.993, 98
Trd, 4319871.143, 79
Trd, 4319871.893, 70
Trd, 4319872.043, 129
Trd, 4319872.493, 120
Trd, 4319873.893, 140
Trd, 4319874.793, 116
Trd, 4319875.643, 99
Trd, 4319875.943, 94
Trd, 4319876.993, 120
Trd, 4319877.743, 100
Trd, 4319878.093, 100
Trd, 4319878.293, 102
Trd, 4319879.043, 67
Trd, 4319879.893, 109
Trd, 4319881.393, 133
Trd, 4319882.193, 120
Trd, 4319882.293, 119
Trd, 4319882.993, 122
Trd, 4319883.043, 112
Trd, 4319884.493, 113
Trd, 4319884.743, 112
Trd, 4319884.793, 110
Trd, 4319885.243, 98
Trd, 4319887.793, 118
Trd, 4319887.893, 112
Trd, 4319888.293, 138
Trd, 4319889.143, 121
Trd, 4319890.493, 104
Trd, 4319890.693, 131
Trd, 4319891.243, 137
Trd, 4319893.043, 84
Trd, 4319893.093, 93
Trd, 4319893.293, 94
Trd, 4319893.543, 94
Trd, 4319893.793, 87
Trd, 4319895.143, 94
Trd, 4319895.443, 83
Trd, 4319895.943, 67
Trd, 4319896.443, 117
Trd, 4319896.993, 134
Trd, 4319898.043, 137
Trd, 4319898.593, 124
Trd, 4319901.893, 129
Trd, 4319902.193, 119
Trd, 4319902.443, 116
Trd, 4319903.143, 124
Trd, 4319903.543, 133
Trd, 4319903.793, 125
Trd, 4319904.993, 113
Trd, 4319906.043, 116
Trd, 4319906.293, 109
Trd, 4319907.093, 119
Trd, 4319908.343, 140
Trd, 4319908.493, 139
Trd, 4319909.593, 106
Trd, 4319910.543, 128
Trd, 4319911.793, 114
Trd, 4319911.893, 93
Trd, 4319913.543, 126
Trd, 4319913.743, 120
Trd, 4319914.443, 80
Trd, 4319914.743, 113
Trd, 4319916.743, 139
Trd, 4319917.193, 137
Trd, 4319917.393, 117
Trd, 4319918.143, 130
Trd, 4319918.193, 128
Trd, 4319918.443, 115
Trd, 4319919.643, 103
Trd, 4319919.693, 75
Trd, 4319920.693, 128
Trd, 4319921.343, 103
Trd, 4319922.343, 116
Trd, 4319922.643, 120
Trd, 4319923.243, 138
Trd, 4319923.843, 135
Trd, 4319925.193, 135
Trd, 4319925.743, 134
Trd, 4319927.193, 65
Trd, 4319927.843, 66
Trd, 4319928.193, 100
Trd, 4319928.693, 95
Trd, 4319930.493, 132
Trd, 4319931.293, 135
Trd, 4319931.593, 126
Trd, 4319932.493, 138
Trd, 4319932.893, 136
Trd, 4319933.393, 124
Trd, 4319935.893, 134
Trd, 4319936.543, 131
Trd, 4319936.693, 113
Trd, 4319936.843, 111
Trd, 4319937.743, 97
Trd, 4319938.743, 75
Trd, 4319940.343, 109
Trd, 4319941.143, 115
Trd, 4319941.243, 109
Trd, 4319941.743, 77
Trd, 4319944.143, 104
Trd, 4319945.293, 138
Trd, 4319946.093, 138
Trd, 4319946.943, 140
Trd, 4319947.643, 108
Trd, 4319947.793, 96
Trd, 4319948.443, 109
Trd, 4319948.993, 81
Trd, 4319949.843, 81
Trd, 4319949.943, 100
Trd, 4319950.393, 75
Trd, 4319950.593, 70
Trd, 4319951.393, 76
Trd, 4319952.443, 90
Trd, 4319953.343, 60
Trd, 4319953.943, 82
Trd, 4319955.143, 106
Trd, 4319956.243, 84
Trd, 4319956.793, 73
Trd, 4319958.643, 137
Trd, 4319958.793, 115
Trd, 4319958.943, 113
Trd, 4319959.293, 135
Trd, 4319960.293, 107
Trd, 4319960.393, 79
Trd, 4319961.593, 130
Trd, 4319962.793, 117
Trd, 4319963.193, 116
Trd, 4319964.093, 84
Trd, 4319964.593, 96
Trd, 4319964.993, 129
Trd, 4319965.493, 123
Trd, 4319966.643, 137
Trd, 4319968.843, 101
Trd, 4319969.193, 91
Trd, 4319969.493, 90
Trd, 4319970.243, 117
Trd, 4319971.543, 116
Trd, 4319972.143, 108
Trd, 4319972.743, 140
Trd, 4319972.993, 139
Trd, 4319973.943, 102
Trd, 4319974.893, 92
Trd, 4319975.493, 122
Trd, 4319976.693, 119
Trd, 4319976.893, 78
Trd, 4319977.393, 104
Trd, 4319978.193, 91
Trd, 4319980.593, 135
Trd, 4319980.843, 123
Trd, 4319981.243, 124
Trd, 4319981.293, 107
Trd, 4319981.343, 94
Trd, 4319981.593, 94
Trd, 4319982.043, 136
Trd, 4319982.393, 132
Trd, 4319982.693, 117
Trd, 4319983.243, 93
Trd, 4319983.643, 60
Trd, 4319985.393, 88
Trd, 4319985.893, 109
Trd, 4319986.493, 95
Trd, 4319987.493, 71
Trd, 4319988.243, 127
Trd, 4319988.343, 116
Trd, 4319988.793, 132
Trd, 4319990.743, 110
Trd, 4319990.893, 128
Trd, 4319992.043, 79
Trd, 4319992.093, 85
Trd, 4319992.543, 128
Trd, 4319994.343, 88
Trd, 4319994.893, 115
Trd, 4319995.193, 89
Trd, 4319996.943, 135
Trd, 4319997.643, 81
Trd, 4319998.643, 138
Trd, 4319999.043, 140
Trd, 4319999.693, 137
