Trd, 4318121.043, 119
Trd, 4318122.093, 111
Trd, 4318122.543, 109
Trd, 4318122.893, 121
Trd, 4318124.043, 107
Trd, 4318125.443, 140
Trd, 4318125.993, 109
Trd, 4318126.843, 120
Trd, 4318127.393, 140
Trd, 4318128.043, 97
Trd, 4318128.143, 77
Trd, 4318128.293, 122
Trd, 4318128.843, 98
Trd, 4318129.093, 70
Trd, 4318130.943, 140
Trd, 4318131.043, 129
Trd, 4318132.143, 129
Trd, 4318132.593, 112
Trd, 4318132.893, 136
Trd, 4318133.993, 97
Trd, 4318134.393, 133
Trd, 4318135.243, 99
Trd, 4318136.043, 139
Trd, 4318136.443, 134
Trd, 4318138.043, 131
Trd, 4318138.193, 130
Trd, 4318139.493, 129
Trd, 4318139.893, 120
Trd, 4318140.143, 95
Trd, 4318140.243, 70
Trd, 4318140.793, 66
Trd, 4318142.943, 113
Trd, 4318144.443, 139
Trd, 4318145.143, 139
Trd, 4318145.343, 137
Trd, 4318146.293, 136
Trd, 4318146.743, 129
Trd, 4318147.393, 140
Trd, 4318147.493, 121
Trd, 4318149.243, 98
Trd, 4318149.393, 97
Trd, 4318149.643, 69
Trd, 4318151.443, 139
Trd, 4318151.743, 136
Trd, 4318152.293, 134
Trd, 4318152.993, 129
Trd, 4318153.743, 140
Trd, 4318154.393, 130
Trd, 4318154.643, 100
Trd, 4318154.793, 96
Trd, 4318154.943, 89
Trd, 4318156.243, 78
Trd, 4318157.293, 110
Trd, 4318158.293, 137
Trd, 4318158.493, 138
Trd, 4318159.893, 84
Trd, 4318160.543, 83
Trd, 4318161.043, 117
Trd, 4318161.093, 76
Trd, 4318161.543, 140
Trd, 4318162.093, 99
Trd, 4318163.093, 83
Trd, 4318163.893, 93
Trd, 4318164.093, 75
Trd, 4318165.993, 114
Trd, 4318166.543, 102
Trd, 4318166.643, 79
Trd, 4318167.443, 65
Trd, 4318168.993, 140
Trd, 4318169.893, 137
Trd, 4318169.993, 132
Trd, 4318170.943, 79
Trd, 4318171.643, 60
Trd, 4318172.943, 62
Trd, 4318174.243, 62
Trd, 4318175.243, 60
Trd, 4318175.343, 60
Trd, 4318176.693, 63
Trd, 4318177.793, 62
Trd, 4318178.343, 62
Trd, 4318178.543, 65
Trd, 4318178.943, 88
Trd, 4318179.543, 68
Trd, 4318180.243, 140
Trd, 4318180.793, 140
Trd, 4318181.843, 73
Trd, 4318182.343, 71
Trd, 4318182.643, 87
Trd, 4318183.043, 60
Trd, 4318183.143, 60
Trd, 4318184.293, 72
Trd, 4318185.043, 137
Trd, 4318185.993, 118
Trd, 4318186.893, 93
Trd, 4318188.343, 139
Trd, 4318188.443, 134
Trd, 4318188.643, 134
Trd, 4318188.943, 138
Trd, 4318190.993, 97
Trd, 4318191.193, 91
Trd, 4318191.793, 70
Trd, 4318191.993, 83
Trd, 4318194.143, 90
Trd, 4318194.543, 90
Trd, 4318195.993, 89
Trd, 4318196.043, 88
Trd, 4318197.543, 140
Trd, 4318197.943, 139
Trd, 4318199.543, 112
Trd, 4318199.843, 91
Trd, 4318199.993, 90
Trd, 4318200.093, 71
Trd, 4318201.143, 97
Trd, 4318201.693, 94
Trd, 4318201.893, 106
Trd, 4318202.543, 77
Trd, 4318203.843, 122
Trd, 4318204.043, 114
Trd, 4318204.593, 79
Trd, 4318204.943, 122
Trd, 4318206.393, 117
Trd, 4318207.343, 112
Trd, 4318208.143, 140
Trd, 4318208.193, 134
Trd, 4318208.643, 140
Trd, 4318209.543, 134
Trd, 4318210.343, 133
Trd, 4318210.543, 118
Trd, 4318210.643, 83
Trd, 4318211.043, 82
Trd, 4318212.843, 90
Trd, 4318213.293, 139
Trd, 4318214.093, 68
Trd, 4318215.443, 111
Trd, 4318215.893, 66
Trd, 4318216.093, 128
Trd, 4318216.493, 100
Trd, 4318217.693, 129
Trd, 4318219.043, 140
Trd, 4318219.943, 140
Trd, 4318220.243, 140
Trd, 4318221.093, 140
Trd, 4318222.043, 138
Trd, 4318222.793, 133
Trd, 4318223.643, 124
Trd, 4318224.443, 101
Trd, 4318225.393, 140
Trd, 4318225.443, 139
Trd, 4318226.293, 129
Trd, 4318226.793, 98
Trd, 4318227.643, 137
Trd, 4318227.693, 72
Trd, 4318228.743, 116
Trd, 4318230.543, 79
Trd, 4318230.693, 90
Trd, 4318230.793, 70
Trd, 4318231.243, 60
Trd, 4318232.043, 63
Trd, 4318233.643, 134
Trd, 4318233.693, 114
Trd, 4318235.243, 107
Trd, 4318235.593, 99
Trd, 4318235.693, 98
Trd, 4318235.893, 86
Trd, 4318237.043, 140
Trd, 4318237.643, 62
Trd, 4318238.543, 62
Trd, 4318239.893, 62
Trd, 4318240.143, 66
Trd, 4318241.443, 122
Trd, 4318241.793, 81
Trd, 4318242.843, 117
Trd, 4318244.993, 140
Trd, 4318245.043, 139
Trd, 4318245.943, 130
Trd, 4318246.543, 115
Trd, 4318247.493, 114
Trd, 4318247.643, 111
Trd, 4318248.343, 81
Trd, 4318249.593, 140
Trd, 4318249.993, 106
Trd, 4318250.443, 102
Trd, 4318251.393, 140
Trd, 4318252.443, 140
Trd, 4318253.493, 140
Trd, 4318254.343, 130
Trd, 4318255.493, 114
Trd, 4318255.543, 112
Trd, 4318255.993, 99
Trd, 4318256.643, 90
Trd, 4318257.043, 140
Trd, 4318258.243, 140
Trd, 4318258.293, 107
Trd, 4318258.843, 111
Trd, 4318260.593, 136
Trd, 4318261.843, 110
Trd, 4318261.893, 109
Trd, 4318262.093, 108
Trd, 4318262.993, 105
Trd, 4318264.393, 140
Trd, 4318265.743, 138
Trd, 4318266.393, 125
Trd, 4318266.893, 121
Trd, 4318266.993, 77
Trd, 4318267.693, 80
Trd, 4318267.943, 66
Trd, 4318268.293, 139
Trd, 4318269.793, 125
Trd, 4318270.743, 123
Trd, 4318270.843, 118
Trd, 4318272.043, 140
Trd, 4318272.843, 112
Trd, 4318273.993, 139
Trd, 4318274.643, 140
Trd, 4318274.843, 117
Trd, 4318275.393, 112
Trd, 4318276.893, 127
Trd, 4318277.143, 122
Trd, 4318277.793, 118
Trd, 4318279.293, 115
Trd, 4318279.343, 113
Trd, 4318280.793, 110
Trd, 4318282.293, 140
Trd, 4318282.393, 140
Trd, 4318282.543, 129
Trd, 4318282.993, 103
Trd, 4318283.493, 100
Trd, 4318284.593, 140
Trd, 4318285.093, 140
Trd, 4318286.643, 124
Trd, 4318287.143, 125
Trd, 4318287.193, 120
Trd, 4318288.593, 140
Trd, 4318289.043, 107
Trd, 4318290.543, 98
Trd, 4318291.093, 112
Trd, 4318291.793, 124
Trd, 4318292.443, 140
Trd, 4318292.493, 140
Trd, 4318292.843, 136
Trd, 4318294.093, 130
Trd, 4318294.343, 140
Trd, 4318294.693, 129
Trd, 4318295.093, 125
Trd, 4318296.593, 105
Trd, 4318296.793, 103
Trd, 4318297.043, 103
Trd, 4318298.643, 139
Trd, 4318298.743, 96
Trd, 4318299.393, 140
Trd, 4318299.593, 115
Trd, 4318300.193, 114
Trd, 4318300.943, 140
Trd, 4318301.043, 110
Trd, 4318303.293, 140
Trd, 4318303.393, 140
Trd, 4318304.843, 138
Trd, 4318305.143, 139
Trd, 4318305.493, 98
Trd, 4318305.793, 83
Trd, 4318306.943, 60
Trd, 4318307.543, 133
Trd, 4318308.443, 140
Trd, 4318308.543, 128
Trd, 4318309.043, 139
Trd, 4318309.943, 123
Trd, 4318310.843, 135
Trd, 4318311.493, 132
Trd, 4318313.743, 140
Trd, 4318313.893, 140
Trd, 4318314.843, 139
Trd, 4318315.143, 139
Trd, 4318316.093, 140
Trd, 4318316.343, 139
Trd, 4318317.043, 131
Trd, 4318317.493, 92
Trd, 4318318.093, 96
Trd, 4318318.943, 92
Trd, 4318319.593, 123
Trd, 4318319.893, 115
Trd, 4318321.743, 139
Trd, 4318322.543, 135
Trd, 4318323.093, 96
Trd, 4318323.493, 78
Trd, 4318324.393, 139
Trd, 4318325.193, 79
Trd, 4318325.743, 78
Trd, 4318326.093, 79
Trd, 4318326.893, 73
Trd, 4318328.043, 137
Trd, 4318328.493, 103
Trd, 4318328.593, 96
Trd, 4318329.643, 138
Trd, 4318330.893, 109
Trd, 4318331.993, 105
Trd, 4318332.293, 101
Trd, 4318332.943, 140
Trd, 4318334.043, 130
Trd, 4318334.343, 101
Trd, 4318334.393, 99
Trd, 4318334.443, 74
Trd, 4318335.543, 139
Trd, 4318335.843, 115
Trd, 4318337.293, 140
Trd, 4318337.343, 140
Trd, 4318339.093, 108
Trd, 4318339.893, 68
Trd, 4318340.493, 76
Trd, 4318340.893, 118
Trd, 4318341.393, 140
Trd, 4318341.843, 101
Trd, 4318343.693, 140
Trd, 4318343.943, 133
Trd, 4318344.293, 113
Trd, 4318345.243, 136
Trd, 4318345.593, 107
Trd, 4318346.943, 64
Trd, 4318347.543, 66
Trd, 4318348.093, 76
Trd, 4318349.143, 137
Trd, 4318349.243, 105
Trd, 4318349.293, 97
Trd, 4318350.543, 140
Trd, 4318351.743, 95
Trd, 4318352.193, 93
Trd, 4318352.793, 117
Trd, 4318352.893, 89
Trd, 4318353.043, 81
Trd, 4318353.993, 105
Trd, 4318354.443, 99
Trd, 4318355.293, 124
Trd, 4318356.243, 124
Trd, 4318357.143, 139
Trd, 4318357.293, 100
Trd, 4318357.843, 83
Trd, 4318358.193, 101
Trd, 4318358.893, 97
Trd, 4318359.393, 140
Trd, 4318359.793, 140
Trd, 4318361.493, 138
Trd, 4318361.593, 133
Trd, 4318362.093, 103
Trd, 4318362.443, 101
Trd, 4318362.743, 100
Trd, 4318365.243, 98
Trd, 4318365.843, 60
Trd, 4318366.643, 73
Trd, 4318366.893, 72
Trd, 4318367.793, 135
Trd, 4318368.393, 126
Trd, 4318369.343, 140
Trd, 4318369.593, 138
Trd, 4318370.793, 111
Trd, 4318372.443, 140
Trd, 4318372.593, 126
Trd, 4318372.943, 134
Trd, 4318373.443, 124
Trd, 4318374.993, 99
Trd, 4318375.443, 95
Trd, 4318375.493, 89
Trd, 4318376.193, 97
Trd, 4318376.443, 77
Trd, 4318377.993, 139
Trd, 4318378.043, 128
Trd, 4318378.093, 76
Trd, 4318378.693, 67
Trd, 4318379.443, 139
Trd, 4318379.793, 109
Trd, 4318381.993, 140
Trd, 4318382.393, 140
Trd, 4318383.443, 140
Trd, 4318383.643, 134
Trd, 4318383.843, 100
Trd, 4318383.943, 92
Trd, 4318385.293, 140
Trd, 4318387.643, 117
Trd, 4318387.943, 99
Trd, 4318388.193, 99
Trd, 4318389.493, 99
Trd, 4318390.993, 122
Trd, 4318391.043, 116
Trd, 4318391.293, 97
Trd, 4318391.343, 74
Trd, 4318391.643, 133
Trd, 4318392.393, 97
Trd, 4318393.643, 65
Trd, 4318394.743, 140
Trd, 4318395.243, 140
Trd, 4318395.893, 109
Trd, 4318397.493, 66
Trd, 4318398.043, 62
Trd, 4318398.343, 76
Trd, 4318399.193, 65
Trd, 4318400.493, 60
Trd, 4318400.693, 67
Trd, 4318402.093, 62
Trd, 4318403.193, 100
Trd, 4318404.243, 140
Trd, 4318404.543, 139
Trd, 4318406.093, 139
Trd, 4318406.143, 137
Trd, 4318406.743, 126
Trd, 4318406.793, 115
Trd, 4318408.043, 139
Trd, 4318408.093, 138
Trd, 4318408.393, 122
Trd, 4318409.943, 119
Trd, 4318410.943, 120
Trd, 4318411.043, 85
Trd, 4318412.343, 100
Trd, 4318412.493, 120
Trd, 4318413.443, 138
Trd, 4318414.393, 101
Trd, 4318415.093, 130
Trd, 4318416.893, 138
Trd, 4318417.393, 128
Trd, 4318417.543, 74
Trd, 4318419.143, 140
Trd, 4318419.543, 140
Trd, 4318422.643, 140
Trd, 4318422.893, 140
Trd, 4318423.143, 140
Trd, 4318423.243, 134
Trd, 4318423.743, 101
Trd, 4318424.543, 140
Trd, 4318425.793, 102
Trd, 4318426.693, 89
Trd, 4318427.093, 88
Trd, 4318427.493, 75
Trd, 4318427.943, 139
Trd, 4318428.943, 129
Trd, 4318429.493, 139
Trd, 4318429.993, 133
Trd, 4318430.893, 140
Trd, 4318433.793, 140
Trd, 4318434.593, 123
Trd, 4318434.643, 121
Trd, 4318434.843, 106
Trd, 4318435.593, 138
Trd, 4318435.743, 85
Trd, 4318436.593, 131
Trd, 4318437.343, 111
Trd, 4318437.843, 87
Trd, 4318438.043, 61
Trd, 4318439.343, 60
Trd, 4318440.493, 61
Trd, 4318440.993, 74
Trd, 4318441.943, 60
Trd, 4318442.993, 63
Trd, 4318443.143, 64
Trd, 4318443.593, 65
Trd, 4318444.743, 66
Trd, 4318444.943, 112
Trd, 4318445.843, 89
Trd, 4318447.543, 65
Trd, 4318447.743, 72
Trd, 4318448.543, 130
Trd, 4318449.343, 139
Trd, 4318450.393, 140
Trd, 4318451.343, 93
Trd, 4318452.343, 86
Trd, 4318454.043, 103
Trd, 4318454.643, 84
Trd, 4318455.393, 134
Trd, 4318455.793, 140
Trd, 4318455.893, 139
Trd, 4318456.243, 96
Trd, 4318457.243, 68
Trd, 4318458.043, 63
Trd, 4318458.693, 129
Trd, 4318459.793, 60
Trd, 4318460.043, 67
Trd, 4318461.893, 140
Trd, 4318462.043, 139
Trd, 4318462.143, 128
Trd, 4318462.293, 125
Trd, 4318462.643, 123
Trd, 4318463.193, 121
Trd, 4318465.093, 63
Trd, 4318465.443, 72
Trd, 4318465.993, 60
Trd, 4318466.543, 133
Trd, 4318467.293, 140
Trd, 4318467.443, 83
Trd, 4318468.893, 62
Trd, 4318469.093, 68
Trd, 4318470.443, 63
Trd, 4318471.093, 140
Trd, 4318471.743, 140
Trd, 4318472.043, 134
Trd, 4318472.543, 139
Trd, 4318473.343, 140
Trd, 4318474.643, 140
Trd, 4318475.393, 124
Trd, 4318475.943, 80
Trd, 4318475.993, 74
Trd, 4318476.243, 69
Trd, 4318477.793, 130
Trd, 4318478.843, 112
Trd, 4318478.993, 104
Trd, 4318479.493, 102
Trd, 4318480.143, 92
Trd, 4318481.443, 140
Trd, 4318481.843, 140
Trd, 4318482.143, 140
Trd, 4318482.443, 99
Trd, 4318483.843, 61
Trd, 4318484.043, 62
Trd, 4318484.793, 77
Trd, 4318485.843, 138
Trd, 4318486.443, 133
Trd, 4318487.393, 121
Trd, 4318488.593, 139
Trd, 4318488.693, 112
Trd, 4318489.493, 100
Trd, 4318490.293, 108
Trd, 4318490.593, 96
Trd, 4318491.243, 94
Trd, 4318492.643, 140
Trd, 4318493.643, 81
Trd, 4318493.993, 118
Trd, 4318494.193, 96
Trd, 4318494.593, 82
Trd, 4318494.743, 71
Trd, 4318495.843, 140
Trd, 4318496.843, 81
Trd, 4318498.093, 71
Trd, 4318498.693, 105
Trd, 4318499.093, 69
Trd, 4318500.343, 61
Trd, 4318501.643, 60
Trd, 4318501.743, 60
Trd, 4318501.943, 62
Trd, 4318502.143, 140
Trd, 4318503.793, 60
Trd, 4318503.843, 60
Trd, 4318504.093, 61
Trd, 4318504.543, 118
Trd, 4318505.643, 140
Trd, 4318505.793, 139
Trd, 4318506.193, 129
Trd, 4318506.493, 65
Trd, 4318507.543, 63
Trd, 4318508.343, 77
Trd, 4318509.143, 60
Trd, 4318509.793, 60
Trd, 4318510.993, 71
Trd, 4318511.743, 71
Trd, 4318512.643, 133
Trd, 4318513.243, 63
Trd, 4318513.793, 97
Trd, 4318514.643, 140
Trd, 4318515.343, 75
Trd, 4318515.493, 74
Trd, 4318517.043, 115
Trd, 4318518.393, 68
Trd, 4318519.143, 61
Trd, 4318520.543, 68
Trd, 4318521.943, 121
Trd, 4318522.293, 119
Trd, 4318522.593, 123
Trd, 4318522.643, 80
Trd, 4318522.943, 61
Trd, 4318524.893, 82
Trd, 4318525.493, 84
Trd, 4318525.643, 140
Trd, 4318525.793, 62
Trd, 4318529.243, 81
Trd, 4318529.493, 70
Trd, 4318529.643, 112
Trd, 4318530.893, 104
Trd, 4318531.043, 102
Trd, 4318531.693, 73
Trd, 4318532.543, 117
Trd, 4318532.593, 113
Trd, 4318532.993, 140
Trd, 4318534.593, 139
Trd, 4318534.943, 135
Trd, 4318535.043, 121
Trd, 4318536.043, 128
Trd, 4318536.293, 123
Trd, 4318536.693, 92
Trd, 4318537.593, 136
Trd, 4318537.993, 121
Trd, 4318538.293, 97
Trd, 4318540.843, 136
Trd, 4318541.193, 139
Trd, 4318541.243, 132
Trd, 4318541.543, 98
Trd, 4318541.993, 98
Trd, 4318542.443, 103
Trd, 4318543.843, 87
Trd, 4318544.593, 140
Trd, 4318545.093, 69
Trd, 4318545.293, 68
Trd, 4318545.543, 65
Trd, 4318546.593, 140
Trd, 4318546.693, 134
Trd, 4318547.593, 74
Trd, 4318547.793, 88
Trd, 4318548.193, 69
Trd, 4318548.343, 62
Trd, 4318549.743, 138
Trd, 4318551.543, 140
Trd, 4318551.743, 140
Trd, 4318553.043, 140
Trd, 4318553.243, 139
Trd, 4318554.643, 138
Trd, 4318554.993, 139
Trd, 4318555.193, 134
Trd, 4318557.193, 106
Trd, 4318560.493, 92
Trd, 4318560.693, 92
Trd, 4318560.743, 72
Trd, 4318561.093, 140
Trd, 4318562.243, 140
Trd, 4318562.443, 111
Trd, 4318564.893, 118
Trd, 4318564.943, 95
Trd, 4318566.093, 138
Trd, 4318566.793, 140
Trd, 4318566.843, 140
Trd, 4318566.993, 101
Trd, 4318567.543, 104
Trd, 4318567.893, 71
Trd, 4318568.943, 67
Trd, 4318570.343, 129
Trd, 4318572.143, 139
Trd, 4318572.393, 140
Trd, 4318572.543, 140
Trd, 4318572.593, 128
Trd, 4318572.843, 125
Trd, 4318573.043, 124
Trd, 4318573.293, 137
Trd, 4318574.993, 105
Trd, 4318575.643, 67
Trd, 4318576.593, 80
Trd, 4318576.693, 87
Trd, 4318577.143, 139
Trd, 4318577.893, 86
Trd, 4318579.093, 78
Trd, 4318579.743, 139
Trd, 4318579.893, 68
Trd, 4318581.793, 140
Trd, 4318581.943, 74
Trd, 4318582.043, 66
Trd, 4318584.293, 106
Trd, 4318585.093, 139
Trd, 4318585.343, 135
Trd, 4318585.843, 140
Trd, 4318586.243, 130
Trd, 4318586.393, 111
Trd, 4318586.993, 111
Trd, 4318587.743, 135
Trd, 4318587.993, 105
Trd, 4318589.743, 140
Trd, 4318589.943, 140
Trd, 4318590.193, 126
Trd, 4318590.743, 139
Trd, 4318592.093, 113
Trd, 4318592.193, 112
Trd, 4318592.593, 108
Trd, 4318593.043, 91
Trd, 4318594.443, 139
Trd, 4318595.143, 94
Trd, 4318595.193, 92
Trd, 4318597.143, 127
Trd, 4318598.243, 136
Trd, 4318598.743, 106
Trd, 4318599.543, 100
Trd, 4318600.343, 109
Trd, 4318600.393, 78
Trd, 4318601.643, 119
Trd, 4318602.443, 86
Trd, 4318602.843, 122
Trd, 4318603.593, 140
Trd, 4318605.243, 140
Trd, 4318605.393, 139
Trd, 4318605.593, 135
Trd, 4318606.543, 139
Trd, 4318606.643, 109
Trd, 4318609.143, 62
Trd, 4318609.193, 66
Trd, 4318609.993, 106
Trd, 4318610.343, 89
Trd, 4318611.993, 138
Trd, 4318612.043, 98
Trd, 4318612.493, 139
Trd, 4318613.293, 80
Trd, 4318614.793, 77
Trd, 4318614.843, 108
Trd, 4318615.443, 140
Trd, 4318616.793, 140
Trd, 4318616.893, 140
Trd, 4318617.093, 116
Trd, 4318617.943, 102
Trd, 4318618.443, 97
Trd, 4318618.943, 115
Trd, 4318619.843, 64
Trd, 4318620.993, 65
Trd, 4318621.293, 104
Trd, 4318621.693, 90
Trd, 4318622.693, 82
Trd, 4318623.843, 89
Trd, 4318624.393, 85
Trd, 4318624.793, 79
Trd, 4318625.793, 68
Trd, 4318625.893, 68
Trd, 4318626.643, 128
Trd, 4318626.843, 96
Trd, 4318627.893, 86
Trd, 4318629.043, 69
Trd, 4318630.843, 140
Trd, 4318631.343, 140
Trd, 4318631.493, 140
Trd, 4318632.393, 139
Trd, 4318633.193, 140
Trd, 4318633.843, 140
Trd, 4318634.143, 134
Trd, 4318634.743, 130
Trd, 4318635.493, 139
Trd, 4318635.643, 117
Trd, 4318635.943, 80
Trd, 4318636.593, 61
Trd, 4318638.393, 70
Trd, 4318639.393, 63
Trd, 4318639.543, 83
Trd, 4318640.293, 69
Trd, 4318640.343, 66
Trd, 4318641.043, 97
Trd, 4318642.743, 118
Trd, 4318642.943, 111
Trd, 4318643.743, 127
Trd, 4318643.843, 81
Trd, 4318644.943, 74
Trd, 4318646.843, 60
Trd, 4318648.043, 103
Trd, 4318648.443, 96
Trd, 4318648.843, 140
Trd, 4318648.943, 124
Trd, 4318649.443, 140
Trd, 4318649.493, 139
Trd, 4318650.443, 96
Trd, 4318650.493, 94
Trd, 4318650.793, 94
Trd, 4318651.293, 87
Trd, 4318652.793, 133
Trd, 4318653.093, 117
Trd, 4318653.143, 111
Trd, 4318653.243, 104
Trd, 4318654.993, 61
Trd, 4318655.693, 84
Trd, 4318656.543, 85
Trd, 4318657.293, 75
Trd, 4318658.793, 75
Trd, 4318659.793, 139
Trd, 4318660.093, 91
Trd, 4318660.193, 90
Trd, 4318661.093, 140
Trd, 4318661.943, 140
Trd, 4318662.343, 133
Trd, 4318662.393, 130
Trd, 4318662.993, 110
Trd, 4318664.743, 140
Trd, 4318665.143, 129
Trd, 4318665.593, 80
Trd, 4318666.993, 60
Trd, 4318667.493, 129
Trd, 4318668.493, 71
Trd, 4318670.093, 108
Trd, 4318670.543, 104
Trd, 4318671.193, 140
Trd, 4318671.493, 119
Trd, 4318672.593, 98
Trd, 4318673.393, 119
Trd, 4318674.193, 86
Trd, 4318674.393, 83
Trd, 4318674.843, 81
Trd, 4318675.193, 93
Trd, 4318675.543, 81
Trd, 4318677.093, 119
Trd, 4318677.393, 104
Trd, 4318678.393, 132
Trd, 4318679.593, 139
Trd, 4318679.643, 134
Trd, 4318680.093, 134
Trd, 4318680.193, 131
Trd, 4318680.693, 94
Trd, 4318681.543, 139
Trd, 4318681.593, 79
Trd, 4318682.693, 73
Trd, 4318682.793, 98
Trd, 4318683.743, 75
Trd, 4318685.543, 105
Trd, 4318686.243, 109
Trd, 4318686.343, 103
Trd, 4318687.243, 95
Trd, 4318687.943, 140
Trd, 4318688.493, 135
Trd, 4318688.543, 98
Trd, 4318689.143, 139
Trd, 4318690.293, 110
Trd, 4318690.443, 107
Trd, 4318690.493, 81
Trd, 4318691.593, 89
Trd, 4318692.243, 101
Trd, 4318692.743, 117
Trd, 4318694.693, 140
Trd, 4318694.993, 140
Trd, 4318695.093, 140
Trd, 4318697.793, 140
Trd, 4318698.193, 138
Trd, 4318698.943, 140
Trd, 4318700.143, 139
Trd, 4318700.493, 110
Trd, 4318700.543, 106
Trd, 4318701.543, 113
Trd, 4318701.793, 118
Trd, 4318702.643, 113
Trd, 4318703.743, 86
Trd, 4318703.843, 85
Trd, 4318705.243, 138
Trd, 4318706.143, 140
Trd, 4318706.293, 134
Trd, 4318707.443, 97
Trd, 4318707.593, 96
Trd, 4318709.293, 140
Trd, 4318709.543, 140
Trd, 4318710.393, 139
Trd, 4318710.693, 134
Trd, 4318711.343, 96
Trd, 4318711.743, 120
Trd, 4318712.493, 140
Trd, 4318714.193, 140
Trd, 4318714.643, 140
Trd, 4318715.093, 114
Trd, 4318716.843, 134
Trd, 4318716.893, 130
Trd, 4318717.643, 111
Trd, 4318718.143, 108
Trd, 4318718.743, 140
Trd, 4318719.293, 105
Trd, 4318719.743, 110
Trd, 4318720.493, 137
Trd, 4318721.943, 123
Trd, 4318722.393, 118
Trd, 4318723.143, 139
Trd, 4318723.543, 112
Trd, 4318723.793, 140
Trd, 4318723.993, 108
Trd, 4318725.993, 103
Trd, 4318726.493, 100
Trd, 4318727.593, 126
Trd, 4318728.943, 103
Trd, 4318728.993, 89
Trd, 4318729.993, 87
Trd, 4318730.693, 89
Trd, 4318731.193, 136
Trd, 4318731.393, 110
Trd, 4318731.843, 104
Trd, 4318732.743, 80
Trd, 4318734.893, 62
Trd, 4318735.343, 63
Trd, 4318735.393, 98
Trd, 4318735.743, 89
Trd, 4318736.193, 67
Trd, 4318736.693, 139
Trd, 4318737.043, 140
Trd, 4318737.843, 122
Trd, 4318739.243, 75
Trd, 4318741.043, 140
Trd, 4318742.543, 131
Trd, 4318742.643, 130
Trd, 4318742.743, 124
Trd, 4318743.093, 118
Trd, 4318744.843, 140
Trd, 4318745.093, 139
Trd, 4318745.193, 130
Trd, 4318746.643, 119
Trd, 4318747.443, 127
Trd, 4318748.543, 139
Trd, 4318749.143, 100
Trd, 4318749.743, 97
Trd, 4318750.343, 96
Trd, 4318750.643, 86
Trd, 4318751.893, 139
Trd, 4318752.243, 126
Trd, 4318752.443, 124
Trd, 4318753.393, 127
Trd, 4318753.993, 126
Trd, 4318754.243, 111
Trd, 4318754.393, 133
Trd, 4318756.093, 126
Trd, 4318756.793, 130
Trd, 4318759.093, 140
Trd, 4318759.243, 137
Trd, 4318760.043, 136
Trd, 4318760.993, 140
Trd, 4318761.193, 137
Trd, 4318762.293, 107
Trd, 4318762.393, 103
Trd, 4318763.093, 98
Trd, 4318763.593, 93
Trd, 4318763.893, 139
Trd, 4318764.393, 123
Trd, 4318765.293, 119
Trd, 4318765.593, 139
Trd, 4318765.843, 116
Trd, 4318766.443, 105
Trd, 4318767.193, 130
Trd, 4318768.443, 82
Trd, 4318769.043, 64
Trd, 4318769.893, 63
Trd, 4318771.043, 63
Trd, 4318771.343, 62
Trd, 4318771.493, 110
Trd, 4318772.343, 112
Trd, 4318772.443, 125
Trd, 4318773.043, 140
Trd, 4318773.143, 140
Trd, 4318774.343, 111
Trd, 4318775.993, 140
Trd, 4318776.143, 115
Trd, 4318776.943, 87
Trd, 4318778.043, 140
Trd, 4318778.093, 139
Trd, 4318778.443, 129
Trd, 4318779.293, 140
Trd, 4318780.293, 128
Trd, 4318780.693, 139
Trd, 4318780.993, 119
Trd, 4318781.193, 118
Trd, 4318782.493, 126
Trd, 4318782.643, 76
Trd, 4318784.093, 61
Trd, 4318784.193, 63
Trd, 4318785.993, 140
Trd, 4318786.143, 140
Trd, 4318786.293, 137
Trd, 4318787.343, 134
Trd, 4318787.593, 129
Trd, 4318788.543, 100
Trd, 4318788.593, 96
Trd, 4318789.143, 139
Trd, 4318790.693, 140
Trd, 4318791.643, 95
Trd, 4318792.043, 92
Trd, 4318792.093, 89
Trd, 4318792.843, 72
Trd, 4318794.043, 90
Trd, 4318794.243, 75
Trd, 4318794.493, 84
Trd, 4318795.643, 98
Trd, 4318797.193, 140
Trd, 4318797.343, 131
Trd, 4318798.393, 84
Trd, 4318799.143, 100
Trd, 4318799.993, 140
Trd, 4318800.243, 92
Trd, 4318800.943, 79
Trd, 4318802.143, 101
Trd, 4318802.343, 100
Trd, 4318803.643, 132
Trd, 4318804.243, 139
Trd, 4318804.693, 132
Trd, 4318805.293, 131
Trd, 4318806.693, 117
Trd, 4318807.543, 140
Trd, 4318808.343, 121
Trd, 4318808.793, 139
Trd, 4318809.243, 90
Trd, 4318809.293, 75
Trd, 4318811.393, 75
Trd, 4318811.493, 135
Trd, 4318812.093, 77
Trd, 4318813.193, 98
Trd, 4318813.743, 64
Trd, 4318814.243, 72
Trd, 4318815.343, 140
Trd, 4318815.643, 110
Trd, 4318815.693, 107
Trd, 4318818.193, 140
Trd, 4318818.343, 140
Trd, 4318818.393, 104
Trd, 4318819.543, 140
Trd, 4318819.643, 139
Trd, 4318820.593, 103
Trd, 4318821.393, 66
Trd, 4318823.993, 97
Trd, 4318824.243, 92
Trd, 4318825.293, 97
Trd, 4318825.893, 140
Trd, 4318827.193, 117
Trd, 4318827.343, 116
Trd, 4318828.293, 132
Trd, 4318828.643, 137
Trd, 4318829.293, 118
Trd, 4318829.943, 139
Trd, 4318830.243, 122
Trd, 4318831.043, 88
Trd, 4318831.343, 84
Trd, 4318832.093, 101
Trd, 4318834.293, 140
Trd, 4318835.693, 136
Trd, 4318836.693, 140
Trd, 4318837.043, 125
Trd, 4318837.843, 133
Trd, 4318839.143, 101
Trd, 4318839.743, 107
Trd, 4318839.943, 100
Trd, 4318840.293, 96
Trd, 4318840.843, 140
Trd, 4318842.293, 133
Trd, 4318843.043, 136
Trd, 4318843.643, 130
Trd, 4318844.393, 99
Trd, 4318844.793, 98
Trd, 4318845.043, 138
Trd, 4318845.343, 97
Trd, 4318847.443, 107
Trd, 4318847.693, 106
Trd, 4318848.243, 140
Trd, 4318848.643, 121
Trd, 4318848.943, 97
Trd, 4318849.693, 92
Trd, 4318851.043, 108
Trd, 4318851.643, 63
Trd, 4318852.793, 123
Trd, 4318853.093, 135
Trd, 4318853.243, 117
Trd, 4318854.693, 140
Trd, 4318854.743, 139
Trd, 4318855.243, 118
Trd, 4318856.793, 72
Trd, 4318856.993, 88
Trd, 4318857.543, 71
Trd, 4318858.393, 117
Trd, 4318858.593, 137
Trd, 4318858.993, 62
Trd, 4318860.493, 80
Trd, 4318861.843, 136
Trd, 4318862.143, 135
Trd, 4318862.793, 92
Trd, 4318863.143, 74
Trd, 4318864.793, 88
Trd, 4318865.993, 139
Trd, 4318866.443, 139
Trd, 4318866.993, 140
Trd, 4318867.793, 133
Trd, 4318868.193, 134
Trd, 4318868.293, 93
Trd, 4318869.293, 91
Trd, 4318870.293, 123
Trd, 4318870.493, 118
Trd, 4318871.793, 140
Trd, 4318872.243, 126
Trd, 4318873.893, 133
Trd, 4318874.193, 137
Trd, 4318874.243, 97
Trd, 4318874.493, 96
Trd, 4318874.543, 138
Trd, 4318876.543, 131
Trd, 4318876.693, 103
Trd, 4318878.293, 66
Trd, 4318878.693, 73
Trd, 4318879.343, 87
Trd, 4318881.243, 124
Trd, 4318881.593, 108
Trd, 4318882.043, 90
Trd, 4318882.843, 88
Trd, 4318882.893, 82
Trd, 4318883.743, 63
Trd, 4318883.843, 139
Trd, 4318885.743, 61
Trd, 4318886.543, 62
Trd, 4318886.993, 140
Trd, 4318888.143, 88
Trd, 4318888.393, 86
Trd, 4318888.843, 110
Trd, 4318889.293, 102
Trd, 4318889.493, 85
Trd, 4318890.243, 110
Trd, 4318891.193, 140
Trd, 4318891.593, 140
Trd, 4318892.443, 112
Trd, 4318892.593, 121
Trd, 4318895.043, 140
Trd, 4318896.093, 140
Trd, 4318896.593, 139
Trd, 4318897.043, 135
Trd, 4318897.293, 129
Trd, 4318898.943, 67
Trd, 4318899.393, 74
Trd, 4318900.493, 111
Trd, 4318900.693, 109
Trd, 4318901.543, 60
Trd, 4318902.543, 63
Trd, 4318902.643, 81
Trd, 4318903.243, 63
Trd, 4318904.543, 60
Trd, 4318906.343, 63
Trd, 4318906.693, 61
Trd, 4318907.693, 61
Trd, 4318907.893, 61
Trd, 4318908.443, 73
Trd, 4318909.093, 64
Trd, 4318909.993, 63
Trd, 4318910.443, 140
Trd, 4318911.143, 132
Trd, 4318911.293, 109
Trd, 4318912.893, 90
Trd, 4318913.543, 73
Trd, 4318914.193, 139
Trd, 4318915.393, 140
Trd, 4318915.743, 140
Trd, 4318916.343, 140
Trd, 4318917.043, 140
Trd, 4318917.343, 129
Trd, 4318917.793, 93
Trd, 4318919.643, 140
Trd, 4318920.343, 135
Trd, 4318920.643, 129
Trd, 4318921.293, 131
Trd, 4318923.043, 137
Trd, 4318923.893, 140
Trd, 4318924.243, 140
Trd, 4318924.643, 134
Trd, 4318924.893, 113
Trd, 4318925.593, 94
Trd, 4318925.793, 94
Trd, 4318926.193, 128
Trd, 4318926.693, 87
Trd, 4318928.393, 140
Trd, 4318928.943, 82
Trd, 4318929.593, 82
Trd, 4318930.543, 67
Trd, 4318931.093, 139
Trd, 4318933.143, 140
Trd, 4318933.693, 134
Trd, 4318933.943, 132
Trd, 4318934.593, 140
Trd, 4318934.843, 107
Trd, 4318934.943, 106
Trd, 4318936.143, 104
Trd, 4318937.243, 95
Trd, 4318938.143, 97
Trd, 4318938.543, 90
Trd, 4318939.043, 103
Trd, 4318939.343, 78
Trd, 4318940.143, 140
Trd, 4318940.493, 140
Trd, 4318941.543, 63
Trd, 4318942.393, 140
Trd, 4318943.093, 139
Trd, 4318943.743, 128
Trd, 4318944.743, 101
Trd, 4318944.843, 121
Trd, 4318944.893, 100
Trd, 4318945.143, 98
Trd, 4318945.793, 119
Trd, 4318946.793, 139
Trd, 4318947.743, 140
Trd, 4318949.493, 123
Trd, 4318950.643, 109
Trd, 4318951.043, 127
Trd, 4318951.643, 140
Trd, 4318952.593, 139
Trd, 4318952.793, 63
Trd, 4318953.593, 125
Trd, 4318953.993, 109
Trd, 4318954.243, 105
Trd, 4318955.443, 61
Trd, 4318957.193, 139
Trd, 4318957.393, 134
Trd, 4318957.793, 100
Trd, 4318958.943, 139
Trd, 4318960.393, 117
Trd, 4318960.693, 112
Trd, 4318961.043, 100
Trd, 4318961.793, 103
Trd, 4318962.943, 119
Trd, 4318963.393, 112
Trd, 4318963.993, 120
Trd, 4318964.693, 68
Trd, 4318965.493, 110
Trd, 4318966.393, 64
Trd, 4318966.743, 61
Trd, 4318967.043, 138
Trd, 4318968.643, 63
Trd, 4318969.393, 65
Trd, 4318969.593, 64
Trd, 4318971.593, 140
Trd, 4318972.043, 139
Trd, 4318972.493, 134
Trd, 4318972.793, 138
Trd, 4318973.243, 119
Trd, 4318974.743, 68
Trd, 4318975.043, 103
Trd, 4318976.093, 140
Trd, 4318976.293, 139
Trd, 4318977.693, 130
Trd, 4318979.493, 140
Trd, 4318980.193, 138
Trd, 4318980.243, 134
Trd, 4318980.793, 115
Trd, 4318981.543, 105
Trd, 4318982.493, 137
Trd, 4318982.693, 82
Trd, 4318983.343, 61
Trd, 4318984.043, 139
Trd, 4318984.093, 88
Trd, 4318986.043, 113
Trd, 4318987.143, 112
Trd, 4318987.593, 68
Trd, 4318988.593, 75
Trd, 4318988.743, 63
Trd, 4318990.193, 136
Trd, 4318990.393, 135
Trd, 4318991.243, 107
Trd, 4318991.993, 102
Trd, 4318992.643, 106
Trd, 4318993.493, 75
Trd, 4318994.793, 140
Trd, 4318995.043, 140
Trd, 4318995.343, 121
Trd, 4318996.193, 140
Trd, 4318997.293, 126
Trd, 4318997.443, 94
Trd, 4318997.593, 78
Trd, 4318998.593, 139
Trd, 4318999.243, 102
Trd, 4318999.793, 130
Trd, 4318999.893, 114
Trd, 4319001.393, 115
Trd, 4319003.093, 105
Trd, 4319004.193, 125
Trd, 4319004.443, 102
Trd, 4319004.793, 101
Trd, 4319004.993, 98
Trd, 4319005.393, 62
Trd, 4319007.093, 136
Trd, 4319007.343, 134
Trd, 4319008.293, 138
Trd, 4319009.593, 129
Trd, 4319010.143, 123
Trd, 4319010.293, 105
Trd, 4319010.443, 92
Trd, 4319011.243, 133
Trd, 4319013.243, 140
Trd, 4319013.393, 121
Trd, 4319013.493, 120
Trd, 4319015.093, 140
Trd, 4319015.993, 140
Trd, 4319016.693, 140
Trd, 4319016.943, 134
Trd, 4319017.043, 133
Trd, 4319017.593, 99
Trd, 4319017.793, 98
Trd, 4319018.043, 67
Trd, 4319018.193, 96
Trd, 4319020.543, 140
Trd, 4319020.943, 137
Trd, 4319021.343, 106
Trd, 4319023.043, 140
Trd, 4319023.143, 134
Trd, 4319023.693, 110
Trd, 4319024.493, 139
Trd, 4319025.143, 139
Trd, 4319025.443, 114
Trd, 4319025.743, 98
Trd, 4319026.793, 140
Trd, 4319027.943, 111
Trd, 4319028.243, 73
Trd, 4319030.693, 140
Trd, 4319030.943, 138
Trd, 4319030.993, 134
Trd, 4319031.243, 108
Trd, 4319031.593, 106
Trd, 4319032.043, 105
Trd, 4319033.743, 113
Trd, 4319035.293, 140
Trd, 4319036.543, 140
Trd, 4319036.643, 100
Trd, 4319037.443, 114
Trd, 4319037.493, 99
Trd, 4319037.593, 97
Trd, 4319038.143, 120
Trd, 4319039.843, 140
Trd, 4319040.193, 116
Trd, 4319041.093, 107
Trd, 4319041.843, 140
Trd, 4319042.493, 140
Trd, 4319042.693, 108
Trd, 4319042.993, 95
Trd, 4319043.693, 62
Trd, 4319044.793, 140
Trd, 4319045.193, 140
Trd, 4319046.243, 97
Trd, 4319047.193, 60
Trd, 4319047.793, 104
Trd, 4319047.943, 76
Trd, 4319048.593, 108
Trd, 4319050.393, 139
Trd, 4319050.593, 104
Trd, 4319050.643, 103
Trd, 4319051.893, 140
Trd, 4319052.043, 139
Trd, 4319052.393, 82
Trd, 4319053.793, 130
Trd, 4319053.843, 125
Trd, 4319054.343, 140
Trd, 4319055.593, 68
Trd, 4319055.793, 61
Trd, 4319056.643, 60
Trd, 4319056.693, 62
Trd, 4319057.743, 66
Trd, 4319057.893, 60
Trd, 4319059.293, 60
Trd, 4319059.893, 60
Trd, 4319061.693, 119
Trd, 4319061.743, 118
Trd, 4319062.193, 115
Trd, 4319062.593, 113
Trd, 4319063.093, 80
Trd, 4319063.393, 78
Trd, 4319065.093, 129
Trd, 4319065.243, 105
Trd, 4319067.543, 140
Trd, 4319068.293, 140
Trd, 4319069.293, 140
Trd, 4319070.443, 138
Trd, 4319070.643, 139
Trd, 4319072.493, 134
Trd, 4319074.343, 135
Trd, 4319074.443, 106
Trd, 4319074.793, 103
Trd, 4319074.993, 101
Trd, 4319075.093, 89
Trd, 4319075.243, 71
Trd, 4319075.593, 108
Trd, 4319077.793, 136
Trd, 4319078.043, 94
Trd, 4319078.443, 74
Trd, 4319080.243, 81
Trd, 4319080.993, 88
Trd, 4319081.043, 81
Trd, 4319082.343, 127
Trd, 4319082.943, 125
Trd, 4319083.193, 80
Trd, 4319083.843, 140
Trd, 4319084.443, 138
Trd, 4319084.643, 137
Trd, 4319085.493, 139
Trd, 4319086.793, 125
Trd, 4319086.993, 103
Trd, 4319087.493, 129
Trd, 4319087.693, 74
Trd, 4319087.993, 112
Trd, 4319091.293, 140
Trd, 4319091.543, 139
Trd, 4319091.793, 139
Trd, 4319091.893, 134
Trd, 4319091.993, 116
Trd, 4319092.443, 115
Trd, 4319094.093, 140
Trd, 4319094.843, 83
Trd, 4319094.893, 83
Trd, 4319097.743, 140
Trd, 4319098.093, 136
Trd, 4319098.543, 134
Trd, 4319098.993, 132
Trd, 4319100.443, 131
Trd, 4319100.943, 136
Trd, 4319101.643, 125
Trd, 4319101.893, 127
Trd, 4319103.343, 139
Trd, 4319103.443, 117
Trd, 4319103.543, 112
Trd, 4319103.993, 129
Trd, 4319104.093, 104
Trd, 4319104.343, 97
Trd, 4319106.443, 64
Trd, 4319107.443, 66
Trd, 4319107.843, 95
Trd, 4319108.393, 112
Trd, 4319109.093, 138
Trd, 4319109.143, 99
Trd, 4319110.043, 136
Trd, 4319110.993, 109
Trd, 4319112.443, 116
Trd, 4319112.943, 110
Trd, 4319113.143, 109
Trd, 4319114.593, 121
Trd, 4319114.743, 84
Trd, 4319114.943, 82
Trd, 4319116.043, 99
Trd, 4319117.093, 61
Trd, 4319118.043, 140
Trd, 4319118.793, 96
Trd, 4319119.493, 140
Trd, 4319120.643, 139
Trd, 4319120.743, 93
Trd, 4319120.993, 83
Trd, 4319121.193, 73
Trd, 4319122.093, 69
Trd, 4319122.793, 118
Trd, 4319124.093, 133
Trd, 4319124.993, 140
Trd, 4319125.543, 140
Trd, 4319125.743, 113
Trd, 4319126.443, 99
Trd, 4319127.543, 139
Trd, 4319128.343, 122
Trd, 4319128.643, 122
Trd, 4319128.893, 114
Trd, 4319129.443, 136
Trd, 4319129.943, 139
Trd, 4319130.293, 126
Trd, 4319130.393, 91
Trd, 4319132.393, 122
Trd, 4319132.793, 138
Trd, 4319132.943, 63
Trd, 4319134.343, 63
Trd, 4319134.693, 93
Trd, 4319136.393, 101
Trd, 4319136.593, 140
Trd, 4319137.493, 86
Trd, 4319138.193, 77
Trd, 4319139.243, 66
Trd, 4319140.693, 101
Trd, 4319140.893, 100
Trd, 4319141.143, 97
Trd, 4319142.193, 140
Trd, 4319142.293, 139
Trd, 4319143.993, 91
Trd, 4319145.393, 140
Trd, 4319146.693, 124
Trd, 4319147.443, 140
Trd, 4319148.143, 113
Trd, 4319148.493, 112
Trd, 4319149.243, 108
Trd, 4319150.993, 126
Trd, 4319151.343, 105
Trd, 4319151.793, 108
Trd, 4319152.243, 139
Trd, 4319153.093, 95
Trd, 4319153.443, 94
Trd, 4319154.993, 129
Trd, 4319155.043, 124
Trd, 4319155.443, 122
Trd, 4319155.693, 113
Trd, 4319156.443, 98
Trd, 4319157.343, 120
Trd, 4319157.393, 113
Trd, 4319158.143, 140
Trd, 4319160.543, 140
Trd, 4319160.893, 134
Trd, 4319161.093, 122
Trd, 4319161.843, 140
Trd, 4319162.443, 106
Trd, 4319163.193, 99
Trd, 4319163.993, 117
Trd, 4319166.843, 138
Trd, 4319167.143, 140
Trd, 4319167.893, 137
Trd, 4319168.693, 138
Trd, 4319168.893, 130
Trd, 4319169.143, 122
Trd, 4319169.343, 110
Trd, 4319169.843, 88
Trd, 4319170.043, 80
Trd, 4319170.543, 65
Trd, 4319171.193, 107
Trd, 4319171.593, 75
Trd, 4319173.043, 140
Trd, 4319173.393, 139
Trd, 4319175.243, 140
Trd, 4319175.443, 138
Trd, 4319175.493, 133
Trd, 4319175.793, 104
Trd, 4319175.843, 93
Trd, 4319176.443, 91
Trd, 4319177.993, 61
Trd, 4319178.043, 64
Trd, 4319179.443, 140
Trd, 4319179.793, 140
Trd, 4319179.893, 109
Trd, 4319181.593, 95
Trd, 4319182.193, 94
Trd, 4319182.393, 93
Trd, 4319183.243, 140
Trd, 4319184.243, 140
Trd, 4319185.093, 122
Trd, 4319185.893, 90
Trd, 4319186.593, 140
Trd, 4319187.443, 98
Trd, 4319187.493, 84
Trd, 4319187.743, 79
Trd, 4319187.793, 78
Trd, 4319188.843, 60
Trd, 4319190.393, 137
Trd, 4319190.743, 135
Trd, 4319191.293, 129
Trd, 4319192.693, 139
Trd, 4319192.793, 112
Trd, 4319194.343, 129
Trd, 4319195.443, 126
Trd, 4319195.793, 117
Trd, 4319196.793, 104
Trd, 4319197.243, 99
Trd, 4319197.643, 79
Trd, 4319198.593, 140
Trd, 4319199.193, 130
Trd, 4319199.293, 129
Trd, 4319199.893, 90
Trd, 4319200.843, 112
Trd, 4319201.543, 87
Trd, 4319203.193, 140
Trd, 4319203.793, 138
Trd, 4319204.193, 138
Trd, 4319205.343, 135
Trd, 4319206.243, 140
Trd, 4319206.743, 135
Trd, 4319207.593, 98
Trd, 4319209.193, 101
Trd, 4319209.243, 100
Trd, 4319210.043, 107
Trd, 4319210.593, 136
Trd, 4319211.043, 131
Trd, 4319211.093, 120
Trd, 4319212.093, 89
Trd, 4319212.343, 88
Trd, 4319212.693, 138
Trd, 4319212.943, 64
Trd, 4319214.943, 110
Trd, 4319216.193, 140
Trd, 4319217.193, 140
Trd, 4319217.293, 134
Trd, 4319217.993, 123
Trd, 4319218.093, 122
Trd, 4319218.893, 132
Trd, 4319218.943, 113
Trd, 4319219.793, 88
Trd, 4319221.293, 139
Trd, 4319221.643, 98
Trd, 4319222.943, 136
Trd, 4319222.993, 131
Trd, 4319223.343, 102
Trd, 4319225.043, 139
Trd, 4319225.743, 93
Trd, 4319226.093, 99
Trd, 4319226.843, 84
Trd, 4319226.943, 95
Trd, 4319228.493, 107
Trd, 4319229.343, 106
Trd, 4319230.093, 139
Trd, 4319230.193, 135
Trd, 4319231.543, 120
Trd, 4319231.943, 119
Trd, 4319232.093, 95
Trd, 4319233.243, 140
Trd, 4319234.243, 140
Trd, 4319234.493, 137
Trd, 4319235.193, 111
Trd, 4319236.693, 132
Trd, 4319236.893, 131
Trd, 4319237.493, 136
Trd, 4319237.893, 104
Trd, 4319237.993, 103
Trd, 4319238.693, 62
Trd, 4319239.143, 110
Trd, 4319240.643, 64
Trd, 4319241.643, 67
Trd, 4319241.843, 95
Trd, 4319242.143, 84
Trd, 4319243.743, 61
Trd, 4319244.093, 133
Trd, 4319245.493, 119
Trd, 4319245.693, 116
Trd, 4319246.993, 140
Trd, 4319247.693, 107
Trd, 4319248.043, 99
Trd, 4319249.093, 140
Trd, 4319249.143, 99
Trd, 4319250.643, 95
Trd, 4319251.293, 88
Trd, 4319251.643, 103
Trd, 4319251.693, 99
Trd, 4319252.143, 84
Trd, 4319253.143, 80
Trd, 4319253.393, 79
Trd, 4319254.543, 136
Trd, 4319254.943, 128
Trd, 4319255.793, 138
Trd, 4319256.643, 110
Trd, 4319256.743, 109
Trd, 4319257.593, 94
Trd, 4319258.093, 67
Trd, 4319259.093, 136
Trd, 4319260.693, 135
Trd, 4319260.843, 130
Trd, 4319261.093, 139
Trd, 4319261.843, 123
Trd, 4319262.093, 91
Trd, 4319262.493, 140
Trd, 4319264.143, 67
Trd, 4319264.543, 118
Trd, 4319265.193, 117
Trd, 4319266.093, 100
Trd, 4319266.543, 116
Trd, 4319266.943, 93
Trd, 4319267.043, 90
Trd, 4319268.993, 136
Trd, 4319269.143, 139
Trd, 4319269.693, 105
Trd, 4319270.143, 97
Trd, 4319270.193, 117
Trd, 4319271.893, 139
Trd, 4319272.043, 134
Trd, 4319273.143, 111
Trd, 4319273.493, 109
Trd, 4319274.343, 109
Trd, 4319275.593, 140
Trd, 4319275.693, 140
Trd, 4319276.093, 76
Trd, 4319276.443, 105
Trd, 4319276.943, 102
Trd, 4319277.443, 86
Trd, 4319278.593, 78
Trd, 4319278.643, 77
Trd, 4319279.843, 140
Trd, 4319280.843, 113
Trd, 4319281.643, 140
Trd, 4319282.293, 70
Trd, 4319283.743, 138
Trd, 4319283.943, 139
Trd, 4319284.293, 78
Trd, 4319284.843, 139
Trd, 4319285.793, 77
Trd, 4319286.543, 67
Trd, 4319288.143, 134
Trd, 4319288.193, 129
Trd, 4319288.243, 90
Trd, 4319290.093, 124
Trd, 4319290.443, 140
Trd, 4319291.743, 130
Trd, 4319291.793, 112
Trd, 4319291.843, 110
Trd, 4319292.093, 106
Trd, 4319292.693, 71
Trd, 4319293.393, 139
Trd, 4319294.393, 140
Trd, 4319294.793, 75
Trd, 4319297.293, 140
Trd, 4319297.643, 140
Trd, 4319298.043, 140
Trd, 4319299.693, 111
Trd, 4319300.043, 140
Trd, 4319300.393, 99
Trd, 4319301.693, 109
Trd, 4319302.493, 140
Trd, 4319302.843, 135
Trd, 4319303.643, 136
Trd, 4319304.793, 140
Trd, 4319305.143, 140
Trd, 4319305.293, 134
Trd, 4319308.693, 140
Trd, 4319309.493, 140
Trd, 4319311.143, 140
Trd, 4319311.743, 140
Trd, 4319312.143, 129
Trd, 4319312.593, 85
Trd, 4319313.443, 140
Trd, 4319314.493, 140
Trd, 4319315.093, 126
Trd, 4319315.943, 108
Trd, 4319316.343, 139
Trd, 4319316.693, 107
Trd, 4319317.343, 130
Trd, 4319318.143, 140
Trd, 4319318.843, 115
Trd, 4319319.593, 112
Trd, 4319320.343, 138
Trd, 4319321.293, 135
Trd, 4319322.393, 128
Trd, 4319322.593, 114
Trd, 4319322.643, 98
Trd, 4319323.193, 139
Trd, 4319323.543, 126
Trd, 4319323.793, 125
Trd, 4319324.143, 88
Trd, 4319324.493, 80
Trd, 4319324.893, 90
Trd, 4319326.043, 140
Trd, 4319327.443, 101
Trd, 4319327.693, 93
Trd, 4319330.643, 129
Trd, 4319330.743, 128
Trd, 4319331.043, 124
Trd, 4319331.643, 123
Trd, 4319331.693, 128
Trd, 4319332.543, 105
Trd, 4319333.643, 140
Trd, 4319333.893, 107
Trd, 4319335.943, 140
Trd, 4319337.193, 139
Trd, 4319337.243, 138
Trd, 4319337.993, 135
Trd, 4319338.543, 136
Trd, 4319339.143, 111
Trd, 4319339.693, 96
Trd, 4319339.743, 93
Trd, 4319339.993, 139
Trd, 4319340.493, 109
Trd, 4319342.593, 114
Trd, 4319342.743, 140
Trd, 4319343.993, 99
Trd, 4319344.293, 97
Trd, 4319345.143, 140
Trd, 4319345.493, 139
Trd, 4319346.043, 138
Trd, 4319346.243, 133
Trd, 4319348.043, 108
Trd, 4319348.943, 112
Trd, 4319349.043, 105
Trd, 4319351.043, 140
Trd, 4319351.243, 140
Trd, 4319351.343, 140
Trd, 4319352.443, 135
Trd, 4319353.543, 139
Trd, 4319354.093, 106
Trd, 4319354.843, 97
Trd, 4319356.743, 113
Trd, 4319356.793, 101
Trd, 4319357.193, 134
Trd, 4319357.593, 133
Trd, 4319359.343, 140
Trd, 4319359.993, 140
Trd, 4319360.643, 140
Trd, 4319361.793, 137
Trd, 4319361.843, 122
Trd, 4319362.243, 110
Trd, 4319362.593, 85
Trd, 4319363.443, 61
Trd, 4319364.043, 61
Trd, 4319365.193, 139
Trd, 4319365.493, 135
Trd, 4319365.993, 125
Trd, 4319366.343, 98
Trd, 4319366.693, 140
Trd, 4319368.243, 115
Trd, 4319368.293, 114
Trd, 4319369.793, 140
Trd, 4319371.243, 126
Trd, 4319371.593, 131
Trd, 4319371.893, 107
Trd, 4319371.943, 107
Trd, 4319373.493, 139
Trd, 4319373.743, 106
Trd, 4319373.943, 115
Trd, 4319374.493, 135
Trd, 4319376.143, 90
Trd, 4319376.543, 75
Trd, 4319376.893, 74
Trd, 4319377.293, 107
Trd, 4319377.943, 97
Trd, 4319378.543, 113
Trd, 4319380.143, 117
Trd, 4319381.393, 138
Trd, 4319381.543, 134
Trd, 4319383.143, 140
Trd, 4319384.143, 140
Trd, 4319384.293, 124
Trd, 4319384.943, 118
Trd, 4319385.643, 137
Trd, 4319386.243, 138
Trd, 4319386.843, 139
Trd, 4319388.243, 114
Trd, 4319389.393, 65
Trd, 4319389.543, 114
Trd, 4319390.393, 85
Trd, 4319392.093, 131
Trd, 4319392.543, 131
Trd, 4319392.743, 127
Trd, 4319392.893, 139
Trd, 4319393.093, 111
Trd, 4319393.643, 93
Trd, 4319394.093, 92
Trd, 4319395.393, 80
Trd, 4319395.793, 79
Trd, 4319397.193, 139
Trd, 4319397.443, 102
Trd, 4319398.193, 139
Trd, 4319399.293, 130
Trd, 4319401.743, 140
Trd, 4319402.193, 139
Trd, 4319402.493, 134
Trd, 4319402.993, 94
Trd, 4319403.293, 90
Trd, 4319404.143, 122
Trd, 4319404.343, 104
Trd, 4319404.893, 80
Trd, 4319405.493, 139
Trd, 4319406.493, 62
Trd, 4319407.993, 139
Trd, 4319408.943, 130
Trd, 4319410.293, 126
Trd, 4319410.393, 85
Trd, 4319411.743, 123
Trd, 4319412.743, 117
Trd, 4319414.093, 139
Trd, 4319414.893, 121
Trd, 4319415.093, 115
Trd, 4319415.593, 109
Trd, 4319416.293, 76
Trd, 4319417.243, 109
Trd, 4319417.543, 83
Trd, 4319418.343, 107
Trd, 4319418.543, 72
Trd, 4319419.093, 60
Trd, 4319419.593, 130
Trd, 4319420.343, 62
Trd, 4319420.443, 106
Trd, 4319422.993, 60
Trd, 4319423.293, 63
Trd, 4319424.193, 64
Trd, 4319424.543, 75
Trd, 4319425.043, 131
Trd, 4319425.843, 139
Trd, 4319426.593, 72
Trd, 4319427.093, 63
Trd, 4319427.443, 62
Trd, 4319427.493, 67
Trd, 4319428.043, 62
Trd, 4319428.193, 140
Trd, 4319428.893, 72
Trd, 4319429.893, 63
Trd, 4319430.493, 134
Trd, 4319431.143, 120
Trd, 4319431.493, 112
Trd, 4319432.043, 127
Trd, 4319432.393, 71
Trd, 4319433.293, 73
Trd, 4319433.943, 62
Trd, 4319434.243, 65
Trd, 4319434.443, 63
Trd, 4319436.393, 140
Trd, 4319436.643, 140
Trd, 4319436.793, 134
Trd, 4319436.843, 94
Trd, 4319438.343, 139
Trd, 4319438.693, 118
Trd, 4319440.193, 137
Trd, 4319440.543, 113
Trd, 4319441.093, 126
Trd, 4319441.693, 105
Trd, 4319443.893, 139
Trd, 4319444.093, 91
Trd, 4319444.193, 139
Trd, 4319444.593, 98
Trd, 4319444.693, 102
Trd, 4319444.743, 89
Trd, 4319446.743, 114
Trd, 4319447.143, 104
Trd, 4319447.343, 100
Trd, 4319448.843, 140
Trd, 4319449.093, 140
Trd, 4319449.543, 102
Trd, 4319450.443, 104
Trd, 4319450.643, 140
Trd, 4319451.893, 73
Trd, 4319452.093, 67
Trd, 4319453.693, 139
Trd, 4319454.193, 138
Trd, 4319455.243, 113
Trd, 4319455.293, 110
Trd, 4319456.343, 106
Trd, 4319456.443, 78
Trd, 4319456.693, 63
Trd, 4319456.943, 111
Trd, 4319458.843, 63
Trd, 4319460.093, 63
Trd, 4319460.643, 74
Trd, 4319461.193, 66
Trd, 4319461.443, 103
Trd, 4319463.593, 61
Trd, 4319463.893, 140
Trd, 4319464.593, 63
Trd, 4319465.293, 98
Trd, 4319465.643, 67
Trd, 4319466.143, 75
Trd, 4319466.793, 73
Trd, 4319467.293, 62
Trd, 4319468.793, 103
Trd, 4319468.843, 84
Trd, 4319470.693, 100
Trd, 4319470.993, 139
Trd, 4319472.193, 61
Trd, 4319473.593, 60
Trd, 4319473.643, 63
Trd, 4319474.193, 63
Trd, 4319474.593, 61
Trd, 4319475.043, 69
Trd, 4319477.543, 118
Trd, 4319477.943, 139
Trd, 4319478.693, 140
Trd, 4319479.293, 137
Trd, 4319479.493, 136
Trd, 4319479.593, 135
Trd, 4319480.843, 76
Trd, 4319481.643, 107
Trd, 4319483.293, 140
Trd, 4319483.693, 140
Trd, 4319485.043, 140
Trd, 4319485.343, 140
Trd, 4319485.393, 134
Trd, 4319485.443, 131
Trd, 4319486.093, 102
Trd, 4319486.643, 91
Trd, 4319486.843, 78
Trd, 4319486.993, 77
Trd, 4319488.043, 60
Trd, 4319488.493, 62
Trd, 4319488.843, 60
Trd, 4319489.893, 80
Trd, 4319491.643, 140
Trd, 4319491.793, 140
Trd, 4319492.943, 137
Trd, 4319493.193, 138
Trd, 4319493.543, 138
Trd, 4319494.593, 100
Trd, 4319494.893, 95
Trd, 4319494.993, 92
Trd, 4319496.443, 62
Trd, 4319497.093, 65
Trd, 4319497.793, 140
Trd, 4319497.893, 68
Trd, 4319499.293, 106
Trd, 4319499.993, 140
Trd, 4319500.893, 108
Trd, 4319501.193, 91
Trd, 4319501.543, 97
Trd, 4319502.143, 98
Trd, 4319502.643, 93
Trd, 4319502.693, 90
Trd, 4319503.293, 91
Trd, 4319504.093, 134
Trd, 4319504.393, 60
Trd, 4319505.293, 135
Trd, 4319505.993, 91
Trd, 4319506.893, 104
Trd, 4319507.393, 95
Trd, 4319507.993, 93
Trd, 4319508.043, 92
Trd, 4319508.293, 98
Trd, 4319508.743, 88
Trd, 4319510.393, 140
Trd, 4319510.493, 140
Trd, 4319511.743, 106
Trd, 4319511.793, 76
Trd, 4319513.443, 60
Trd, 4319514.093, 60
Trd, 4319514.143, 65
Trd, 4319514.393, 106
Trd, 4319515.993, 70
Trd, 4319516.293, 84
Trd, 4319517.893, 68
Trd, 4319518.243, 62
Trd, 4319518.293, 61
Trd, 4319519.043, 137
Trd, 4319519.593, 140
Trd, 4319519.993, 90
Trd, 4319520.893, 94
Trd, 4319522.393, 68
Trd, 4319522.943, 63
Trd, 4319523.393, 115
Trd, 4319523.593, 114
Trd, 4319523.743, 103
Trd, 4319524.043, 123
Trd, 4319528.193, 62
Trd, 4319528.243, 61
Trd, 4319528.293, 63
Trd, 4319529.193, 67
Trd, 4319529.343, 71
Trd, 4319530.843, 140
Trd, 4319531.343, 138
Trd, 4319531.443, 134
Trd, 4319531.493, 119
Trd, 4319531.893, 103
Trd, 4319534.143, 60
Trd, 4319534.593, 63
Trd, 4319535.043, 60
Trd, 4319536.443, 101
Trd, 4319536.943, 94
Trd, 4319538.943, 137
Trd, 4319539.693, 138
Trd, 4319540.093, 136
Trd, 4319540.643, 133
Trd, 4319541.543, 121
Trd, 4319541.793, 82
Trd, 4319542.293, 131
Trd, 4319542.693, 127
Trd, 4319543.143, 120
Trd, 4319543.843, 115
Trd, 4319545.393, 139
Trd, 4319545.743, 100
Trd, 4319546.193, 119
Trd, 4319546.293, 97
Trd, 4319548.393, 96
Trd, 4319548.843, 96
Trd, 4319550.193, 102
Trd, 4319551.293, 138
Trd, 4319551.693, 109
Trd, 4319552.793, 140
Trd, 4319553.143, 135
Trd, 4319553.293, 134
Trd, 4319553.693, 128
Trd, 4319554.393, 109
Trd, 4319554.443, 107
Trd, 4319555.043, 105
Trd, 4319555.643, 135
Trd, 4319556.143, 103
Trd, 4319556.443, 102
Trd, 4319557.493, 137
Trd, 4319557.993, 140
Trd, 4319560.043, 138
Trd, 4319560.543, 137
Trd, 4319560.893, 106
Trd, 4319561.093, 103
Trd, 4319561.293, 62
Trd, 4319562.243, 61
Trd, 4319564.193, 62
Trd, 4319565.043, 62
Trd, 4319565.193, 62
Trd, 4319566.193, 116
Trd, 4319566.443, 112
Trd, 4319567.143, 70
Trd, 4319567.693, 69
Trd, 4319567.943, 133
Trd, 4319568.293, 119
Trd, 4319568.943, 61
Trd, 4319570.193, 88
Trd, 4319570.593, 140
Trd, 4319570.743, 87
Trd, 4319570.793, 92
Trd, 4319572.143, 60
Trd, 4319572.943, 69
Trd, 4319573.593, 93
Trd, 4319574.143, 99
Trd, 4319575.043, 100
Trd, 4319575.643, 96
Trd, 4319576.493, 140
Trd, 4319576.593, 139
Trd, 4319577.293, 82
Trd, 4319579.293, 140
Trd, 4319579.693, 139
Trd, 4319580.143, 129
Trd, 4319580.293, 117
Trd, 4319580.793, 95
Trd, 4319581.443, 67
Trd, 4319582.893, 63
Trd, 4319583.943, 65
Trd, 4319584.643, 81
Trd, 4319585.943, 140
Trd, 4319586.293, 140
Trd, 4319586.443, 139
Trd, 4319587.493, 140
Trd, 4319587.593, 134
Trd, 4319587.893, 91
Trd, 4319589.143, 62
Trd, 4319589.643, 70
Trd, 4319590.643, 61
Trd, 4319590.943, 67
Trd, 4319591.693, 78
Trd, 4319593.093, 140
Trd, 4319593.843, 130
Trd, 4319594.093, 124
Trd, 4319594.843, 122
Trd, 4319595.793, 98
Trd, 4319596.643, 62
Trd, 4319597.393, 139
Trd, 4319597.793, 134
Trd, 4319600.343, 119
Trd, 4319600.543, 96
Trd, 4319600.693, 86
Trd, 4319601.193, 78
Trd, 4319601.793, 140
Trd, 4319602.293, 64
Trd, 4319603.293, 70
Trd, 4319603.343, 121
Trd, 4319604.743, 118
Trd, 4319605.043, 87
Trd, 4319605.093, 87
Trd, 4319605.543, 82
Trd, 4319607.143, 66
Trd, 4319608.293, 115
Trd, 4319608.443, 77
Trd, 4319610.043, 107
Trd, 4319611.293, 140
Trd, 4319611.443, 140
Trd, 4319611.643, 96
Trd, 4319611.793, 90
Trd, 4319613.043, 86
Trd, 4319613.843, 116
Trd, 4319615.743, 135
Trd, 4319615.993, 134
Trd, 4319616.743, 133
Trd, 4319618.043, 140
Trd, 4319618.093, 97
Trd, 4319619.143, 77
Trd, 4319619.443, 103
Trd, 4319620.593, 140
Trd, 4319620.993, 138
Trd, 4319621.493, 129
Trd, 4319622.793, 140
Trd, 4319623.293, 139
Trd, 4319623.393, 112
Trd, 4319624.243, 108
Trd, 4319625.843, 135
Trd, 4319626.243, 130
Trd, 4319626.343, 130
Trd, 4319627.793, 100
Trd, 4319628.043, 96
Trd, 4319628.193, 100
Trd, 4319628.743, 140
Trd, 4319628.843, 95
Trd, 4319630.843, 139
Trd, 4319631.643, 136
Trd, 4319632.243, 134
Trd, 4319633.393, 140
Trd, 4319634.593, 108
Trd, 4319634.893, 106
Trd, 4319635.293, 108
Trd, 4319636.643, 137
Trd, 4319637.243, 95
Trd, 4319637.493, 94
Trd, 4319638.843, 137
Trd, 4319639.543, 109
Trd, 4319641.493, 140
Trd, 4319642.343, 125
Trd, 4319642.743, 125
Trd, 4319643.143, 96
Trd, 4319643.943, 140
Trd, 4319644.143, 140
Trd, 4319644.993, 101
Trd, 4319645.943, 95
Trd, 4319647.393, 119
Trd, 4319647.693, 98
Trd, 4319648.193, 136
Trd, 4319649.093, 101
Trd, 4319650.543, 140
Trd, 4319650.693, 139
Trd, 4319651.343, 103
Trd, 4319652.793, 60
Trd, 4319653.843, 118
Trd, 4319653.943, 74
Trd, 4319654.893, 76
Trd, 4319656.793, 140
Trd, 4319657.293, 140
Trd, 4319657.493, 140
Trd, 4319657.593, 137
Trd, 4319658.043, 105
Trd, 4319660.593, 140
Trd, 4319661.343, 132
Trd, 4319661.393, 128
Trd, 4319661.443, 114
Trd, 4319661.693, 82
Trd, 4319662.043, 129
Trd, 4319662.693, 80
Trd, 4319663.743, 62
Trd, 4319664.293, 93
Trd, 4319665.093, 71
Trd, 4319666.443, 123
Trd, 4319667.143, 94
Trd, 4319667.343, 135
Trd, 4319667.393, 82
Trd, 4319667.693, 60
Trd, 4319669.793, 60
Trd, 4319670.143, 66
Trd, 4319671.393, 138
Trd, 4319671.843, 140
Trd, 4319671.993, 111
Trd, 4319672.943, 140
Trd, 4319673.543, 112
Trd, 4319674.043, 137
Trd, 4319674.843, 134
Trd, 4319675.293, 106
Trd, 4319675.743, 82
Trd, 4319676.943, 140
Trd, 4319676.993, 134
Trd, 4319677.443, 139
Trd, 4319678.143, 109
Trd, 4319679.293, 71
Trd, 4319679.743, 72
Trd, 4319682.893, 140
Trd, 4319683.293, 140
Trd, 4319683.943, 140
Trd, 4319684.443, 139
Trd, 4319685.043, 131
Trd, 4319685.443, 135
Trd, 4319685.843, 124
Trd, 4319686.993, 140
Trd, 4319687.543, 140
Trd, 4319688.543, 140
Trd, 4319688.743, 140
Trd, 4319689.443, 111
Trd, 4319689.743, 114
Trd, 4319691.793, 135
Trd, 4319692.143, 140
Trd, 4319692.193, 134
Trd, 4319692.293, 129
Trd, 4319692.343, 127
Trd, 4319692.743, 105
Trd, 4319694.093, 71
Trd, 4319695.343, 140
Trd, 4319696.243, 116
Trd, 4319697.293, 112
Trd, 4319697.643, 140
Trd, 4319698.543, 133
Trd, 4319698.943, 78
Trd, 4319699.743, 64
Trd, 4319700.093, 60
Trd, 4319702.243, 61
Trd, 4319702.293, 64
Trd, 4319702.643, 78
Trd, 4319703.643, 139
Trd, 4319704.093, 140
Trd, 4319704.343, 139
Trd, 4319704.843, 98
Trd, 4319704.943, 95
Trd, 4319706.343, 73
Trd, 4319707.043, 134
Trd, 4319707.443, 128
Trd, 4319708.243, 140
Trd, 4319708.343, 131
Trd, 4319708.693, 104
Trd, 4319708.743, 91
Trd, 4319709.143, 135
Trd, 4319711.843, 97
Trd, 4319712.193, 140
Trd, 4319712.743, 107
Trd, 4319713.643, 91
Trd, 4319714.293, 96
Trd, 4319714.843, 89
Trd, 4319715.243, 89
Trd, 4319716.493, 139
Trd, 4319716.593, 134
Trd, 4319717.493, 140
Trd, 4319719.043, 126
Trd, 4319719.843, 101
Trd, 4319719.893, 100
Trd, 4319720.043, 95
Trd, 4319721.993, 140
Trd, 4319723.593, 139
Trd, 4319723.993, 127
Trd, 4319724.493, 84
Trd, 4319725.243, 140
Trd, 4319725.343, 139
Trd, 4319726.193, 92
Trd, 4319726.793, 139
Trd, 4319727.243, 112
Trd, 4319727.943, 101
Trd, 4319728.143, 92
Trd, 4319729.693, 73
Trd, 4319731.193, 140
Trd, 4319732.043, 139
Trd, 4319732.843, 139
Trd, 4319733.693, 140
Trd, 4319733.993, 121
Trd, 4319734.793, 122
Trd, 4319735.443, 108
Trd, 4319735.693, 139
Trd, 4319735.993, 123
Trd, 4319736.193, 87
Trd, 4319737.693, 82
Trd, 4319738.893, 140
Trd, 4319739.093, 130
Trd, 4319740.793, 60
Trd, 4319740.993, 66
Trd, 4319742.193, 60
Trd, 4319742.743, 64
Trd, 4319742.993, 138
Trd, 4319743.493, 62
Trd, 4319743.693, 61
Trd, 4319744.343, 89
Trd, 4319746.493, 110
Trd, 4319747.493, 106
Trd, 4319747.743, 140
Trd, 4319747.843, 139
Trd, 4319749.193, 107
Trd, 4319750.093, 125
Trd, 4319750.893, 108
Trd, 4319751.643, 140
Trd, 4319751.743, 100
Trd, 4319752.943, 61
Trd, 4319753.943, 61
Trd, 4319754.143, 64
Trd, 4319755.293, 109
Trd, 4319756.243, 116
Trd, 4319759.443, 140
Trd, 4319759.593, 140
Trd, 4319760.693, 140
Trd, 4319761.193, 139
Trd, 4319761.793, 129
Trd, 4319762.143, 97
Trd, 4319763.293, 140
Trd, 4319763.843, 140
Trd, 4319764.593, 140
Trd, 4319764.643, 99
Trd, 4319765.043, 73
Trd, 4319766.993, 116
Trd, 4319768.443, 118
Trd, 4319768.843, 123
Trd, 4319768.943, 113
Trd, 4319769.793, 99
Trd, 4319770.543, 108
Trd, 4319771.043, 102
Trd, 4319772.243, 73
Trd, 4319773.243, 140
Trd, 4319773.393, 139
Trd, 4319775.293, 140
Trd, 4319775.343, 139
Trd, 4319775.493, 134
Trd, 4319776.443, 139
Trd, 4319776.493, 138
Trd, 4319776.843, 139
Trd, 4319776.893, 105
Trd, 4319778.143, 100
Trd, 4319778.743, 122
Trd, 4319779.643, 130
Trd, 4319781.093, 130
Trd, 4319781.443, 118
Trd, 4319781.793, 109
Trd, 4319782.193, 91
Trd, 4319783.193, 120
Trd, 4319783.943, 117
Trd, 4319784.043, 116
Trd, 4319784.593, 109
Trd, 4319785.543, 140
Trd, 4319786.643, 95
Trd, 4319787.443, 109
Trd, 4319787.793, 140
Trd, 4319789.743, 137
Trd, 4319789.793, 126
Trd, 4319790.443, 110
Trd, 4319790.543, 109
Trd, 4319791.793, 98
Trd, 4319792.093, 75
Trd, 4319793.143, 111
Trd, 4319794.243, 81
Trd, 4319794.543, 78
Trd, 4319795.343, 109
Trd, 4319796.243, 62
Trd, 4319796.693, 60
Trd, 4319797.543, 140
Trd, 4319798.243, 77
Trd, 4319798.743, 68
Trd, 4319799.443, 60
Trd, 4319800.993, 101
Trd, 4319801.293, 123
Trd, 4319801.943, 138
Trd, 4319803.243, 126
Trd, 4319803.443, 122
Trd, 4319803.943, 135
Trd, 4319804.443, 71
Trd, 4319804.643, 100
Trd, 4319804.843, 69
Trd, 4319807.193, 140
Trd, 4319808.543, 140
Trd, 4319808.793, 139
Trd, 4319809.693, 140
Trd, 4319810.143, 139
Trd, 4319810.193, 112
Trd, 4319811.143, 114
Trd, 4319812.143, 115
Trd, 4319812.343, 112
Trd, 4319812.793, 88
Trd, 4319812.893, 87
Trd, 4319814.293, 65
Trd, 4319815.543, 125
Trd, 4319816.193, 138
Trd, 4319816.993, 140
Trd, 4319817.093, 140
Trd, 4319817.193, 137
Trd, 4319817.293, 109
Trd, 4319818.443, 140
Trd, 4319818.843, 139
Trd, 4319819.893, 94
Trd, 4319821.443, 92
Trd, 4319821.893, 86
Trd, 4319823.693, 62
Trd, 4319824.093, 60
Trd, 4319824.193, 62
Trd, 4319825.743, 66
Trd, 4319825.843, 137
Trd, 4319826.643, 80
Trd, 4319827.043, 60
Trd, 4319827.693, 72
Trd, 4319828.393, 66
Trd, 4319829.143, 65
Trd, 4319829.893, 62
Trd, 4319830.343, 66
Trd, 4319831.193, 78
Trd, 4319831.443, 65
Trd, 4319832.343, 140
Trd, 4319833.093, 140
Trd, 4319834.343, 66
Trd, 4319834.493, 60
Trd, 4319836.093, 79
Trd, 4319836.593, 80
Trd, 4319837.693, 140
Trd, 4319839.143, 140
Trd, 4319839.493, 139
Trd, 4319839.693, 124
Trd, 4319840.093, 106
Trd, 4319841.243, 134
Trd, 4319842.493, 127
Trd, 4319843.743, 115
Trd, 4319845.293, 104
Trd, 4319845.343, 103
Trd, 4319845.893, 79
Trd, 4319846.443, 61
Trd, 4319846.543, 82
Trd, 4319847.443, 140
Trd, 4319849.393, 135
Trd, 4319850.043, 92
Trd, 4319850.293, 128
Trd, 4319850.743, 81
Trd, 4319851.993, 63
Trd, 4319852.243, 69
Trd, 4319854.243, 63
Trd, 4319854.543, 75
Trd, 4319855.093, 72
Trd, 4319855.893, 60
Trd, 4319857.443, 140
Trd, 4319857.493, 138
Trd, 4319858.243, 132
Trd, 4319858.293, 127
Trd, 4319858.393, 93
Trd, 4319858.943, 95
Trd, 4319860.393, 60
Trd, 4319861.243, 60
Trd, 4319861.343, 65
Trd, 4319861.593, 83
Trd, 4319862.743, 74
Trd, 4319864.993, 60
Trd, 4319865.593, 60
Trd, 4319866.743, 60
Trd, 4319866.843, 64
Trd, 4319867.243, 76
Trd, 4319868.193, 134
Trd, 4319870.793, 140
Trd, 4319870.893, 136
Trd, 4319870.993, 134
Trd, 4319871.543, 111
Trd, 4319872.093, 132
Trd, 4319872.293, 116
Trd, 4319872.393, 115
Trd, 4319873.743, 104
Trd, 4319875.043, 135
Trd, 4319875.193, 134
Trd, 4319876.193, 97
Trd, 4319876.443, 117
Trd, 4319877.793, 67
Trd, 4319878.243, 140
Trd, 4319878.543, 140
Trd, 4319878.943, 72
Trd, 4319879.643, 87
Trd, 4319880.193, 69
Trd, 4319880.643, 61
Trd, 4319881.643, 140
Trd, 4319882.693, 140
Trd, 4319884.093, 140
Trd, 4319884.943, 140
Trd, 4319885.243, 137
Trd, 4319886.243, 96
Trd, 4319887.593, 105
Trd, 4319888.293, 114
Trd, 4319889.093, 109
Trd, 4319889.193, 105
Trd, 4319889.743, 107
Trd, 4319890.443, 107
Trd, 4319890.843, 106
Trd, 4319891.543, 140
Trd, 4319892.443, 139
Trd, 4319892.693, 93
Trd, 4319893.793, 90
Trd, 4319893.993, 87
Trd, 4319894.343, 68
Trd, 4319896.893, 81
Trd, 4319897.293, 80
Trd, 4319897.793, 78
Trd, 4319898.893, 112
Trd, 4319899.993, 140
Trd, 4319900.843, 140
Trd, 4319900.893, 135
Trd, 4319900.943, 134
Trd, 4319901.093, 110
Trd, 4319901.943, 140
Trd, 4319902.593, 134
Trd, 4319903.543, 136
Trd, 4319905.243, 90
Trd, 4319905.293, 94
Trd, 4319906.193, 84
Trd, 4319907.143, 139
Trd, 4319907.443, 132
Trd, 4319909.093, 69
Trd, 4319909.143, 67
Trd, 4319910.293, 65
Trd, 4319910.393, 97
Trd, 4319911.193, 66
Trd, 4319912.193, 93
Trd, 4319913.543, 62
Trd, 4319913.943, 122
Trd, 4319914.243, 118
Trd, 4319915.043, 117
Trd, 4319915.393, 69
Trd, 4319916.293, 81
Trd, 4319917.393, 123
Trd, 4319917.943, 127
Trd, 4319919.393, 140
Trd, 4319919.693, 140
Trd, 4319921.893, 140
Trd, 4319922.093, 140
Trd, 4319922.493, 139
Trd, 4319922.593, 134
Trd, 4319923.543, 140
Trd, 4319923.993, 140
Trd, 4319924.693, 108
Trd, 4319925.093, 109
Trd, 4319925.943, 129
Trd, 4319926.593, 105
Trd, 4319927.193, 108
Trd, 4319928.193, 137
Trd, 4319929.543, 127
Trd, 4319929.943, 86
Trd, 4319930.343, 84
Trd, 4319930.593, 62
Trd, 4319931.243, 80
Trd, 4319932.443, 81
Trd, 4319932.493, 86
Trd, 4319933.243, 80
Trd, 4319933.593, 119
Trd, 4319934.493, 83
Trd, 4319935.643, 88
Trd, 4319936.593, 122
Trd, 4319937.693, 134
Trd, 4319939.643, 139
Trd, 4319939.893, 137
Trd, 4319940.543, 133
Trd, 4319940.893, 126
Trd, 4319941.143, 129
Trd, 4319941.593, 94
Trd, 4319944.243, 111
Trd, 4319944.293, 110
Trd, 4319944.393, 107
Trd, 4319944.593, 91
Trd, 4319946.243, 140
Trd, 4319948.693, 140
Trd, 4319948.843, 140
Trd, 4319949.143, 140
Trd, 4319949.693, 139
Trd, 4319950.143, 134
Trd, 4319951.343, 139
Trd, 4319951.743, 133
Trd, 4319952.193, 114
Trd, 4319952.993, 130
Trd, 4319953.443, 89
Trd, 4319954.143, 106
Trd, 4319956.643, 140
Trd, 4319956.943, 140
Trd, 4319958.093, 140
Trd, 4319958.843, 140
Trd, 4319959.393, 140
Trd, 4319959.593, 140
Trd, 4319960.093, 140
Trd, 4319960.193, 134
Trd, 4319960.593, 73
Trd, 4319961.043, 96
Trd, 4319963.693, 119
Trd, 4319964.993, 139
Trd, 4319965.293, 139
Trd, 4319965.443, 138
Trd, 4319965.543, 133
Trd, 4319966.343, 139
Trd, 4319967.493, 95
Trd, 4319968.193, 140
Trd, 4319968.593, 106
Trd, 4319970.143, 134
Trd, 4319970.193, 133
Trd, 4319971.043, 93
Trd, 4319971.443, 121
Trd, 4319973.043, 107
Trd, 4319973.493, 106
Trd, 4319973.593, 116
Trd, 4319974.493, 103
Trd, 4319975.643, 140
Trd, 4319976.093, 80
Trd, 4319976.343, 140
Trd, 4319976.543, 128
Trd, 4319977.993, 104
Trd, 4319978.993, 105
Trd, 4319979.493, 104
Trd, 4319979.693, 110
Trd, 4319979.743, 99
Trd, 4319979.993, 140
Trd, 4319981.193, 79
Trd, 4319982.143, 79
Trd, 4319982.993, 77
Trd, 4319983.843, 140
Trd, 4319984.093, 85
Trd, 4319985.343, 140
Trd, 4319986.493, 140
Trd, 4319987.393, 139
Trd, 4319987.643, 137
Trd, 4319988.443, 133
Trd, 4319988.643, 128
Trd, 4319989.593, 105
Trd, 4319990.243, 108
Trd, 4319991.393, 100
Trd, 4319991.693, 128
Trd, 4319992.243, 78
Trd, 4319994.043, 61
Trd, 4319994.643, 60
Trd, 4319994.943, 61
Trd, 4319995.993, 119
Trd, 4319997.043, 66
Trd, 4319998.843, 62
Trd, 4319998.993, 62
Trd, 4319999.793, 140
