Trd, 4318144.143, 140
Trd, 4318144.243, 140
Trd, 4318145.043, 140
Trd, 4318146.493, 60
Trd, 4318146.843, 62
Trd, 4318146.893, 84
Trd, 4318147.293, 64
Trd, 4318147.793, 64
Trd, 4318147.943, 72
Trd, 4318149.143, 138
Trd, 4318149.393, 80
Trd, 4318149.843, 63
Trd, 4318150.843, 140
Trd, 4318151.393, 140
Trd, 4318152.193, 140
Trd, 4318152.593, 139
Trd, 4318152.643, 139
Trd, 4318154.193, 125
Trd, 4318154.293, 108
Trd, 4318154.843, 140
Trd, 4318155.793, 68
Trd, 4318156.093, 62
Trd, 4318157.343, 140
Trd, 4318158.043, 140
Trd, 4318159.443, 140
Trd, 4318159.593, 140
Trd, 4318159.993, 140
Trd, 4318161.643, 140
Trd, 4318161.943, 140
Trd, 4318163.793, 140
Trd, 4318163.843, 139
Trd, 4318164.293, 140
Trd, 4318164.993, 139
Trd, 4318166.243, 137
Trd, 4318166.593, 139
Trd, 4318167.393, 138
Trd, 4318167.443, 101
Trd, 4318167.643, 98
Trd, 4318169.193, 138
Trd, 4318169.543, 137
Trd, 4318169.643, 86
Trd, 4318169.743, 85
Trd, 4318170.243, 140
Trd, 4318172.893, 140
Trd, 4318173.193, 140
Trd, 4318173.293, 140
Trd, 4318174.093, 140
Trd, 4318174.243, 139
Trd, 4318174.443, 138
Trd, 4318175.093, 136
Trd, 4318176.343, 90
Trd, 4318177.243, 139
Trd, 4318177.843, 140
Trd, 4318179.143, 140
Trd, 4318180.993, 140
Trd, 4318181.393, 140
Trd, 4318182.143, 139
Trd, 4318182.193, 138
Trd, 4318182.693, 118
Trd, 4318182.943, 75
Trd, 4318183.493, 80
Trd, 4318183.543, 77
Trd, 4318183.693, 62
Trd, 4318184.743, 140
Trd, 4318185.243, 140
Trd, 4318186.493, 139
Trd, 4318187.443, 60
Trd, 4318187.643, 64
Trd, 4318188.793, 70
Trd, 4318189.493, 60
Trd, 4318190.043, 61
Trd, 4318190.193, 63
Trd, 4318190.343, 77
Trd, 4318190.693, 61
Trd, 4318191.243, 64
Trd, 4318193.343, 140
Trd, 4318193.493, 140
Trd, 4318193.793, 140
Trd, 4318195.243, 140
Trd, 4318195.893, 140
Trd, 4318197.543, 140
Trd, 4318197.793, 140
Trd, 4318198.493, 140
Trd, 4318198.743, 139
Trd, 4318199.243, 122
Trd, 4318200.443, 140
Trd, 4318200.693, 140
Trd, 4318200.993, 138
Trd, 4318201.343, 133
Trd, 4318202.543, 136
Trd, 4318202.743, 134
Trd, 4318203.043, 138
Trd, 4318204.143, 123
Trd, 4318204.343, 136
Trd, 4318204.593, 64
Trd, 4318205.543, 61
Trd, 4318207.543, 70
Trd, 4318207.993, 140
Trd, 4318208.993, 140
Trd, 4318209.143, 139
Trd, 4318210.043, 140
Trd, 4318210.993, 140
Trd, 4318211.093, 139
Trd, 4318211.493, 140
Trd, 4318211.993, 140
Trd, 4318213.293, 140
Trd, 4318213.743, 140
Trd, 4318214.093, 105
Trd, 4318215.443, 140
Trd, 4318216.443, 140
Trd, 4318216.593, 140
Trd, 4318217.693, 140
Trd, 4318217.793, 137
Trd, 4318218.843, 140
Trd, 4318219.843, 140
Trd, 4318220.743, 140
Trd, 4318221.193, 140
Trd, 4318222.543, 140
Trd, 4318222.593, 140
Trd, 4318224.243, 140
Trd, 4318224.693, 140
Trd, 4318225.293, 139
Trd, 4318226.393, 140
Trd, 4318227.193, 140
Trd, 4318227.493, 140
Trd, 4318227.693, 139
Trd, 4318229.393, 140
Trd, 4318230.243, 140
Trd, 4318231.043, 138
Trd, 4318231.193, 113
Trd, 4318232.243, 113
Trd, 4318232.593, 96
Trd, 4318233.693, 63
Trd, 4318233.793, 64
Trd, 4318234.693, 66
Trd, 4318234.793, 76
Trd, 4318235.043, 61
Trd, 4318235.843, 61
Trd, 4318236.243, 138
Trd, 4318236.943, 140
Trd, 4318238.143, 71
Trd, 4318238.943, 63
Trd, 4318239.143, 64
Trd, 4318240.043, 62
Trd, 4318240.543, 60
Trd, 4318241.243, 63
Trd, 4318241.393, 113
Trd, 4318242.843, 60
Trd, 4318242.893, 60
Trd, 4318243.093, 61
Trd, 4318243.943, 60
Trd, 4318246.093, 60
Trd, 4318246.893, 60
Trd, 4318247.943, 60
Trd, 4318248.143, 60
Trd, 4318248.493, 60
Trd, 4318248.893, 60
Trd, 4318249.543, 61
Trd, 4318249.593, 62
Trd, 4318249.743, 62
Trd, 4318250.693, 61
Trd, 4318251.543, 93
Trd, 4318252.143, 116
Trd, 4318253.493, 61
Trd, 4318254.943, 60
Trd, 4318255.093, 60
Trd, 4318255.943, 60
Trd, 4318256.043, 60
Trd, 4318256.243, 60
Trd, 4318256.493, 61
Trd, 4318256.843, 64
Trd, 4318257.343, 65
Trd, 4318257.743, 63
Trd, 4318258.093, 64
Trd, 4318258.443, 65
Trd, 4318260.593, 62
Trd, 4318261.043, 62
Trd, 4318262.743, 60
Trd, 4318262.843, 62
Trd, 4318263.093, 71
Trd, 4318263.343, 72
Trd, 4318264.143, 106
Trd, 4318264.843, 117
Trd, 4318266.193, 123
Trd, 4318266.393, 82
Trd, 4318266.493, 60
Trd, 4318266.843, 60
Trd, 4318267.743, 138
Trd, 4318268.693, 65
Trd, 4318270.193, 60
Trd, 4318270.893, 60
Trd, 4318272.293, 60
Trd, 4318272.743, 60
Trd, 4318272.943, 60
Trd, 4318273.043, 60
Trd, 4318273.193, 61
Trd, 4318273.793, 60
Trd, 4318274.343, 60
Trd, 4318274.393, 61
Trd, 4318276.043, 60
Trd, 4318276.793, 60
Trd, 4318276.843, 60
Trd, 4318276.943, 62
Trd, 4318277.543, 60
Trd, 4318277.743, 72
Trd, 4318279.493, 140
Trd, 4318280.093, 140
Trd, 4318280.243, 140
Trd, 4318281.243, 140
Trd, 4318281.293, 133
Trd, 4318282.593, 140
Trd, 4318283.043, 61
Trd, 4318284.193, 140
Trd, 4318284.743, 138
Trd, 4318284.843, 108
Trd, 4318285.243, 139
Trd, 4318285.593, 61
Trd, 4318286.293, 61
Trd, 4318286.343, 62
Trd, 4318288.243, 62
Trd, 4318289.043, 60
Trd, 4318290.293, 60
Trd, 4318290.343, 60
Trd, 4318291.093, 60
Trd, 4318291.293, 62
Trd, 4318292.093, 63
Trd, 4318292.993, 60
Trd, 4318293.143, 60
Trd, 4318293.693, 60
Trd, 4318293.893, 72
Trd, 4318294.593, 62
Trd, 4318296.043, 60
Trd, 4318296.643, 60
Trd, 4318297.893, 61
Trd, 4318298.643, 61
Trd, 4318299.143, 63
Trd, 4318301.043, 60
Trd, 4318301.093, 60
Trd, 4318301.193, 60
Trd, 4318302.343, 60
Trd, 4318302.643, 60
Trd, 4318303.093, 60
Trd, 4318303.443, 60
Trd, 4318304.393, 63
Trd, 4318305.593, 65
Trd, 4318307.743, 60
Trd, 4318308.843, 60
Trd, 4318309.143, 60
Trd, 4318309.243, 60
Trd, 4318309.493, 61
Trd, 4318309.893, 63
Trd, 4318310.193, 66
Trd, 4318310.893, 140
Trd, 4318310.993, 139
Trd, 4318312.343, 139
Trd, 4318312.693, 139
Trd, 4318312.843, 70
Trd, 4318313.593, 140
Trd, 4318316.093, 60
Trd, 4318316.693, 60
Trd, 4318316.843, 61
Trd, 4318317.043, 63
Trd, 4318317.643, 140
Trd, 4318317.843, 140
Trd, 4318318.443, 62
Trd, 4318319.143, 62
Trd, 4318319.793, 63
Trd, 4318320.243, 70
Trd, 4318321.393, 112
Trd, 4318322.243, 112
Trd, 4318322.843, 96
Trd, 4318323.143, 138
Trd, 4318324.043, 139
Trd, 4318324.343, 138
Trd, 4318325.293, 140
Trd, 4318325.443, 140
Trd, 4318325.993, 61
Trd, 4318326.343, 61
Trd, 4318327.193, 61
Trd, 4318327.793, 64
Trd, 4318328.793, 135
Trd, 4318328.893, 105
Trd, 4318329.443, 89
Trd, 4318330.193, 68
Trd, 4318330.493, 71
Trd, 4318331.393, 65
Trd, 4318332.093, 60
Trd, 4318333.693, 60
Trd, 4318334.243, 60
Trd, 4318334.293, 63
Trd, 4318334.793, 64
Trd, 4318335.593, 62
Trd, 4318336.343, 60
Trd, 4318336.993, 66
Trd, 4318337.793, 140
Trd, 4318338.143, 61
Trd, 4318338.743, 65
Trd, 4318340.243, 60
Trd, 4318341.743, 60
Trd, 4318341.993, 60
Trd, 4318342.243, 61
Trd, 4318342.443, 61
Trd, 4318342.943, 63
Trd, 4318343.043, 63
Trd, 4318344.093, 60
Trd, 4318344.793, 60
Trd, 4318344.993, 61
Trd, 4318346.393, 63
Trd, 4318346.943, 72
Trd, 4318347.293, 63
Trd, 4318348.393, 60
Trd, 4318348.643, 64
Trd, 4318349.193, 61
Trd, 4318350.343, 60
Trd, 4318350.693, 60
Trd, 4318351.193, 62
Trd, 4318351.543, 70
Trd, 4318351.643, 90
Trd, 4318352.043, 64
Trd, 4318352.343, 66
Trd, 4318353.843, 68
Trd, 4318354.243, 82
Trd, 4318355.043, 97
Trd, 4318355.843, 140
Trd, 4318356.643, 140
Trd, 4318356.993, 101
Trd, 4318357.793, 65
Trd, 4318358.243, 66
Trd, 4318358.293, 65
Trd, 4318358.693, 64
Trd, 4318359.343, 63
Trd, 4318360.393, 63
Trd, 4318361.343, 96
Trd, 4318362.093, 140
Trd, 4318362.743, 101
Trd, 4318363.193, 88
Trd, 4318363.243, 88
Trd, 4318363.693, 61
Trd, 4318364.493, 139
Trd, 4318364.693, 140
Trd, 4318365.993, 139
Trd, 4318366.493, 61
Trd, 4318367.143, 60
Trd, 4318367.343, 60
Trd, 4318367.593, 63
Trd, 4318369.043, 60
Trd, 4318369.143, 61
Trd, 4318369.193, 63
Trd, 4318371.493, 136
Trd, 4318371.693, 140
Trd, 4318372.643, 140
Trd, 4318373.643, 140
Trd, 4318374.343, 140
Trd, 4318374.543, 71
Trd, 4318374.993, 99
Trd, 4318375.193, 100
Trd, 4318375.643, 139
Trd, 4318376.993, 139
Trd, 4318377.793, 60
Trd, 4318378.743, 139
Trd, 4318379.143, 126
Trd, 4318379.793, 126
Trd, 4318379.943, 137
Trd, 4318380.093, 108
Trd, 4318380.493, 102
Trd, 4318381.143, 60
Trd, 4318382.193, 140
Trd, 4318382.893, 127
Trd, 4318383.143, 70
Trd, 4318384.793, 63
Trd, 4318385.193, 140
Trd, 4318386.243, 60
Trd, 4318386.343, 60
Trd, 4318386.393, 60
Trd, 4318387.493, 61
Trd, 4318388.493, 60
Trd, 4318388.843, 60
Trd, 4318388.943, 60
Trd, 4318389.143, 66
Trd, 4318389.343, 125
Trd, 4318389.543, 90
Trd, 4318390.943, 60
Trd, 4318392.293, 61
Trd, 4318393.193, 60
Trd, 4318393.243, 60
Trd, 4318393.393, 61
Trd, 4318393.793, 60
Trd, 4318394.143, 62
Trd, 4318395.093, 63
Trd, 4318395.443, 60
Trd, 4318395.743, 116
Trd, 4318396.193, 60
Trd, 4318397.993, 60
Trd, 4318398.393, 60
Trd, 4318400.293, 66
Trd, 4318400.493, 68
Trd, 4318400.793, 70
Trd, 4318401.093, 70
Trd, 4318401.443, 71
Trd, 4318402.493, 66
Trd, 4318402.843, 129
Trd, 4318403.443, 60
Trd, 4318403.693, 63
Trd, 4318403.793, 63
Trd, 4318405.643, 140
Trd, 4318406.743, 140
Trd, 4318407.893, 140
Trd, 4318407.993, 140
Trd, 4318408.493, 140
Trd, 4318408.743, 139
Trd, 4318408.893, 138
Trd, 4318409.393, 135
Trd, 4318411.043, 60
Trd, 4318411.693, 60
Trd, 4318411.943, 60
Trd, 4318412.093, 60
Trd, 4318412.143, 60
Trd, 4318412.693, 137
Trd, 4318414.893, 140
Trd, 4318414.943, 140
Trd, 4318415.143, 140
Trd, 4318415.543, 140
Trd, 4318416.693, 133
Trd, 4318416.743, 127
Trd, 4318417.993, 139
Trd, 4318418.793, 140
Trd, 4318420.543, 140
Trd, 4318420.993, 138
Trd, 4318422.843, 140
Trd, 4318422.943, 140
Trd, 4318424.343, 140
Trd, 4318424.743, 140
Trd, 4318425.093, 140
Trd, 4318425.993, 140
Trd, 4318426.593, 140
Trd, 4318426.943, 74
Trd, 4318428.143, 140
Trd, 4318428.493, 140
Trd, 4318429.743, 140
Trd, 4318429.893, 139
Trd, 4318429.993, 128
Trd, 4318431.843, 140
Trd, 4318432.343, 138
Trd, 4318432.793, 137
Trd, 4318433.093, 137
Trd, 4318433.593, 137
Trd, 4318434.293, 73
Trd, 4318434.993, 137
Trd, 4318435.093, 122
Trd, 4318435.243, 137
Trd, 4318435.693, 140
Trd, 4318437.093, 60
Trd, 4318438.193, 97
Trd, 4318438.543, 60
Trd, 4318439.443, 140
Trd, 4318440.693, 139
Trd, 4318440.793, 94
Trd, 4318441.643, 140
Trd, 4318442.393, 140
Trd, 4318443.493, 140
Trd, 4318444.843, 140
Trd, 4318445.243, 140
Trd, 4318446.143, 140
Trd, 4318446.743, 140
Trd, 4318447.743, 140
Trd, 4318448.693, 140
Trd, 4318449.093, 140
Trd, 4318451.543, 140
Trd, 4318452.093, 140
Trd, 4318453.193, 140
Trd, 4318453.693, 140
Trd, 4318453.743, 140
Trd, 4318455.443, 140
Trd, 4318455.743, 140
Trd, 4318456.243, 140
Trd, 4318457.643, 136
Trd, 4318457.993, 139
Trd, 4318458.993, 140
Trd, 4318459.243, 140
Trd, 4318459.293, 132
Trd, 4318460.393, 140
Trd, 4318461.943, 138
Trd, 4318461.993, 138
Trd, 4318462.293, 103
Trd, 4318463.443, 140
Trd, 4318465.343, 140
Trd, 4318465.943, 140
Trd, 4318466.243, 140
Trd, 4318467.593, 140
Trd, 4318467.893, 140
Trd, 4318468.543, 140
Trd, 4318469.643, 140
Trd, 4318470.743, 140
Trd, 4318471.743, 140
Trd, 4318471.793, 140
Trd, 4318472.493, 140
Trd, 4318472.993, 139
Trd, 4318473.543, 91
Trd, 4318473.793, 113
Trd, 4318474.143, 80
Trd, 4318474.843, 60
Trd, 4318478.393, 140
Trd, 4318478.943, 140
Trd, 4318479.893, 140
Trd, 4318479.993, 140
Trd, 4318480.343, 140
Trd, 4318480.493, 89
Trd, 4318481.343, 138
Trd, 4318481.443, 118
Trd, 4318483.843, 140
Trd, 4318484.493, 140
Trd, 4318485.293, 140
Trd, 4318486.293, 140
Trd, 4318486.443, 140
Trd, 4318488.593, 140
Trd, 4318488.793, 140
Trd, 4318489.643, 134
Trd, 4318489.743, 135
Trd, 4318490.043, 136
Trd, 4318490.593, 140
Trd, 4318491.193, 64
Trd, 4318491.843, 63
Trd, 4318492.143, 68
Trd, 4318492.243, 70
Trd, 4318493.693, 140
Trd, 4318494.043, 140
Trd, 4318494.993, 140
Trd, 4318495.043, 112
Trd, 4318496.093, 62
Trd, 4318496.943, 137
Trd, 4318497.043, 137
Trd, 4318497.193, 136
Trd, 4318497.393, 120
Trd, 4318498.193, 138
Trd, 4318500.493, 140
Trd, 4318501.893, 140
Trd, 4318502.193, 140
Trd, 4318502.243, 140
Trd, 4318502.343, 68
Trd, 4318502.743, 60
Trd, 4318502.943, 63
Trd, 4318503.743, 60
Trd, 4318505.693, 60
Trd, 4318505.993, 60
Trd, 4318506.293, 60
Trd, 4318506.743, 61
Trd, 4318506.793, 61
Trd, 4318507.293, 60
Trd, 4318508.343, 64
Trd, 4318509.443, 60
Trd, 4318509.493, 69
Trd, 4318510.593, 61
Trd, 4318510.793, 67
Trd, 4318511.193, 69
Trd, 4318511.493, 60
Trd, 4318512.143, 60
Trd, 4318512.293, 61
Trd, 4318514.443, 62
Trd, 4318514.493, 64
Trd, 4318515.343, 64
Trd, 4318515.443, 65
Trd, 4318516.243, 61
Trd, 4318517.393, 60
Trd, 4318518.143, 63
Trd, 4318519.243, 66
Trd, 4318519.343, 69
Trd, 4318519.943, 69
Trd, 4318520.193, 70
Trd, 4318520.443, 66
Trd, 4318520.893, 60
Trd, 4318522.443, 61
Trd, 4318522.693, 61
Trd, 4318524.193, 60
Trd, 4318524.993, 60
Trd, 4318525.293, 65
Trd, 4318526.743, 60
Trd, 4318527.093, 60
Trd, 4318527.243, 64
Trd, 4318527.393, 65
Trd, 4318527.693, 68
Trd, 4318528.293, 64
Trd, 4318529.243, 64
Trd, 4318529.343, 67
Trd, 4318530.293, 62
Trd, 4318530.493, 64
Trd, 4318530.793, 70
Trd, 4318531.643, 140
Trd, 4318532.243, 140
Trd, 4318532.643, 101
Trd, 4318533.393, 140
Trd, 4318534.493, 140
Trd, 4318535.693, 137
Trd, 4318535.993, 138
Trd, 4318536.893, 140
Trd, 4318537.443, 139
Trd, 4318538.493, 140
Trd, 4318538.943, 140
Trd, 4318540.243, 140
Trd, 4318540.843, 140
Trd, 4318541.393, 140
Trd, 4318541.493, 120
Trd, 4318543.793, 140
Trd, 4318543.843, 140
Trd, 4318544.193, 139
Trd, 4318544.643, 140
Trd, 4318544.843, 138
Trd, 4318546.143, 131
Trd, 4318546.193, 78
Trd, 4318547.693, 118
Trd, 4318548.443, 140
Trd, 4318548.643, 94
Trd, 4318549.643, 94
Trd, 4318550.093, 100
Trd, 4318551.843, 60
Trd, 4318551.893, 60
Trd, 4318551.943, 64
Trd, 4318552.093, 67
Trd, 4318553.343, 60
Trd, 4318553.643, 60
Trd, 4318554.493, 60
Trd, 4318554.993, 60
Trd, 4318555.593, 61
Trd, 4318555.993, 65
Trd, 4318556.993, 140
Trd, 4318557.793, 136
Trd, 4318558.743, 140
Trd, 4318559.493, 140
Trd, 4318559.993, 139
Trd, 4318560.393, 138
Trd, 4318560.543, 135
Trd, 4318562.243, 140
Trd, 4318562.393, 120
Trd, 4318564.093, 140
Trd, 4318565.243, 140
Trd, 4318565.593, 139
Trd, 4318566.393, 140
Trd, 4318566.543, 140
Trd, 4318566.793, 139
Trd, 4318568.743, 66
Trd, 4318568.793, 81
Trd, 4318569.543, 60
Trd, 4318569.593, 81
Trd, 4318569.643, 86
Trd, 4318569.893, 117
Trd, 4318572.393, 60
Trd, 4318573.093, 60
Trd, 4318573.143, 60
Trd, 4318573.293, 60
Trd, 4318574.193, 60
Trd, 4318575.043, 61
Trd, 4318575.843, 63
Trd, 4318576.943, 60
Trd, 4318577.393, 60
Trd, 4318577.693, 61
Trd, 4318577.843, 63
Trd, 4318577.943, 67
Trd, 4318581.393, 60
Trd, 4318581.743, 60
Trd, 4318582.043, 60
Trd, 4318582.793, 61
Trd, 4318582.843, 63
Trd, 4318583.593, 61
Trd, 4318583.643, 64
Trd, 4318583.843, 60
Trd, 4318584.143, 67
Trd, 4318584.793, 61
Trd, 4318585.943, 60
Trd, 4318586.043, 61
Trd, 4318586.693, 61
Trd, 4318586.793, 72
Trd, 4318588.093, 60
Trd, 4318588.893, 60
Trd, 4318589.593, 60
Trd, 4318589.993, 60
Trd, 4318590.043, 61
Trd, 4318590.543, 67
Trd, 4318591.343, 61
Trd, 4318592.243, 62
Trd, 4318593.893, 61
Trd, 4318593.993, 62
Trd, 4318594.093, 62
Trd, 4318594.643, 139
Trd, 4318595.543, 93
Trd, 4318595.843, 72
Trd, 4318596.043, 108
Trd, 4318596.243, 70
Trd, 4318596.693, 140
Trd, 4318597.443, 140
Trd, 4318599.043, 140
Trd, 4318599.293, 140
Trd, 4318600.193, 61
Trd, 4318600.343, 72
Trd, 4318602.243, 140
Trd, 4318602.343, 140
Trd, 4318604.443, 140
Trd, 4318605.093, 139
Trd, 4318605.193, 128
Trd, 4318605.893, 139
Trd, 4318606.543, 140
Trd, 4318606.793, 138
Trd, 4318607.243, 139
Trd, 4318607.993, 140
Trd, 4318609.193, 126
Trd, 4318610.743, 140
Trd, 4318611.143, 140
Trd, 4318611.743, 114
Trd, 4318612.093, 140
Trd, 4318613.293, 140
Trd, 4318613.493, 139
Trd, 4318613.543, 140
Trd, 4318614.343, 138
Trd, 4318614.493, 115
Trd, 4318614.793, 64
Trd, 4318615.493, 139
Trd, 4318616.593, 139
Trd, 4318616.693, 139
Trd, 4318616.943, 120
Trd, 4318618.593, 60
Trd, 4318619.193, 60
Trd, 4318619.543, 60
Trd, 4318621.293, 60
Trd, 4318621.543, 60
Trd, 4318622.243, 61
Trd, 4318623.143, 60
Trd, 4318623.293, 63
Trd, 4318623.593, 65
Trd, 4318624.293, 60
Trd, 4318624.593, 60
Trd, 4318625.193, 60
Trd, 4318625.393, 66
Trd, 4318626.293, 66
Trd, 4318626.593, 60
Trd, 4318626.843, 67
Trd, 4318628.843, 80
Trd, 4318628.893, 79
Trd, 4318629.093, 70
Trd, 4318629.643, 64
Trd, 4318629.893, 61
Trd, 4318630.493, 61
Trd, 4318630.693, 64
Trd, 4318631.593, 100
Trd, 4318631.993, 63
Trd, 4318632.093, 101
Trd, 4318632.943, 61
Trd, 4318633.693, 140
Trd, 4318633.893, 139
Trd, 4318634.493, 86
Trd, 4318636.143, 140
Trd, 4318636.393, 140
Trd, 4318636.943, 140
Trd, 4318637.343, 140
Trd, 4318637.943, 140
Trd, 4318638.593, 139
Trd, 4318640.193, 140
Trd, 4318641.143, 140
Trd, 4318641.793, 140
Trd, 4318642.493, 140
Trd, 4318643.093, 140
Trd, 4318644.493, 140
Trd, 4318644.943, 140
Trd, 4318645.393, 139
Trd, 4318646.943, 140
Trd, 4318647.993, 140
Trd, 4318648.193, 139
Trd, 4318648.243, 138
Trd, 4318648.943, 139
Trd, 4318650.043, 140
Trd, 4318650.743, 140
Trd, 4318651.293, 140
Trd, 4318651.343, 136
Trd, 4318652.243, 128
Trd, 4318652.493, 126
Trd, 4318652.843, 96
Trd, 4318655.593, 140
Trd, 4318657.893, 140
Trd, 4318657.943, 140
Trd, 4318658.143, 140
Trd, 4318658.893, 139
Trd, 4318659.743, 140
Trd, 4318660.143, 134
Trd, 4318660.493, 132
Trd, 4318661.243, 134
Trd, 4318661.343, 120
Trd, 4318661.993, 62
Trd, 4318662.293, 62
Trd, 4318663.493, 140
Trd, 4318663.943, 140
Trd, 4318664.093, 136
Trd, 4318664.493, 60
Trd, 4318664.643, 60
Trd, 4318665.543, 140
Trd, 4318665.943, 127
Trd, 4318666.843, 140
Trd, 4318667.493, 132
Trd, 4318668.393, 131
Trd, 4318668.793, 140
Trd, 4318670.093, 132
Trd, 4318671.293, 139
Trd, 4318671.343, 113
Trd, 4318672.143, 137
Trd, 4318672.993, 140
Trd, 4318674.093, 140
Trd, 4318674.493, 140
Trd, 4318674.743, 138
Trd, 4318674.793, 137
Trd, 4318676.993, 140
Trd, 4318677.793, 140
Trd, 4318678.443, 140
Trd, 4318678.843, 140
Trd, 4318678.893, 140
Trd, 4318679.043, 140
Trd, 4318679.443, 138
Trd, 4318679.943, 70
Trd, 4318681.093, 135
Trd, 4318681.843, 60
Trd, 4318681.993, 61
Trd, 4318682.193, 61
Trd, 4318684.343, 60
Trd, 4318684.743, 60
Trd, 4318685.143, 60
Trd, 4318685.643, 60
Trd, 4318685.943, 60
Trd, 4318686.393, 60
Trd, 4318686.443, 65
Trd, 4318688.743, 60
Trd, 4318689.343, 62
Trd, 4318689.593, 72
Trd, 4318690.393, 128
Trd, 4318690.443, 62
Trd, 4318690.743, 129
Trd, 4318691.643, 140
Trd, 4318692.893, 60
Trd, 4318693.093, 60
Trd, 4318693.843, 104
Trd, 4318694.243, 138
Trd, 4318694.443, 72
Trd, 4318695.093, 140
Trd, 4318695.193, 140
Trd, 4318695.793, 69
Trd, 4318696.643, 139
Trd, 4318698.193, 137
Trd, 4318698.893, 139
Trd, 4318699.093, 101
Trd, 4318699.493, 60
Trd, 4318701.143, 140
Trd, 4318701.643, 140
Trd, 4318702.393, 140
Trd, 4318702.743, 140
Trd, 4318704.543, 138
Trd, 4318705.993, 125
Trd, 4318706.643, 139
Trd, 4318707.093, 140
Trd, 4318708.193, 140
Trd, 4318708.293, 127
Trd, 4318710.193, 140
Trd, 4318710.993, 140
Trd, 4318711.243, 140
Trd, 4318712.593, 140
Trd, 4318712.893, 140
Trd, 4318713.593, 140
Trd, 4318713.643, 138
Trd, 4318714.893, 140
Trd, 4318715.843, 140
Trd, 4318716.143, 140
Trd, 4318716.843, 139
Trd, 4318717.993, 140
Trd, 4318718.243, 140
Trd, 4318718.543, 139
Trd, 4318718.693, 138
Trd, 4318719.243, 130
Trd, 4318719.893, 140
Trd, 4318720.243, 140
Trd, 4318721.343, 138
Trd, 4318721.843, 140
Trd, 4318721.993, 102
Trd, 4318722.543, 94
Trd, 4318723.343, 140
Trd, 4318723.943, 139
Trd, 4318724.043, 139
Trd, 4318724.343, 140
Trd, 4318724.993, 60
Trd, 4318726.243, 66
Trd, 4318726.393, 64
Trd, 4318726.543, 92
Trd, 4318727.693, 64
Trd, 4318728.543, 63
Trd, 4318728.843, 64
Trd, 4318729.793, 68
Trd, 4318731.293, 140
Trd, 4318731.493, 91
Trd, 4318733.893, 60
Trd, 4318734.443, 60
Trd, 4318734.743, 60
Trd, 4318734.843, 60
Trd, 4318735.193, 61
Trd, 4318735.293, 116
Trd, 4318736.893, 60
Trd, 4318737.043, 61
Trd, 4318737.343, 68
Trd, 4318738.343, 63
Trd, 4318739.793, 60
Trd, 4318740.043, 60
Trd, 4318740.143, 60
Trd, 4318741.893, 60
Trd, 4318742.243, 61
Trd, 4318742.493, 62
Trd, 4318743.943, 60
Trd, 4318744.043, 63
Trd, 4318745.393, 61
Trd, 4318745.743, 60
Trd, 4318747.293, 60
Trd, 4318748.043, 60
Trd, 4318748.093, 61
Trd, 4318748.443, 62
Trd, 4318749.193, 60
Trd, 4318749.743, 60
Trd, 4318750.143, 60
Trd, 4318751.193, 60
Trd, 4318751.643, 61
Trd, 4318752.543, 62
Trd, 4318753.493, 61
Trd, 4318753.743, 60
Trd, 4318754.693, 60
Trd, 4318755.193, 60
Trd, 4318755.843, 63
Trd, 4318755.943, 64
Trd, 4318756.443, 67
Trd, 4318757.443, 60
Trd, 4318757.793, 60
Trd, 4318757.943, 62
Trd, 4318758.943, 62
Trd, 4318759.243, 61
Trd, 4318759.393, 73
Trd, 4318760.143, 112
Trd, 4318760.793, 140
Trd, 4318761.843, 60
Trd, 4318763.243, 62
Trd, 4318763.543, 63
Trd, 4318764.343, 62
Trd, 4318766.093, 60
Trd, 4318766.143, 60
Trd, 4318766.243, 62
Trd, 4318767.093, 67
Trd, 4318768.743, 60
Trd, 4318768.943, 60
Trd, 4318769.093, 60
Trd, 4318769.493, 60
Trd, 4318769.893, 60
Trd, 4318769.993, 70
Trd, 4318770.693, 62
Trd, 4318772.343, 60
Trd, 4318772.843, 60
Trd, 4318773.543, 60
Trd, 4318773.843, 60
Trd, 4318774.143, 64
Trd, 4318774.593, 60
Trd, 4318774.893, 62
Trd, 4318776.393, 139
Trd, 4318776.493, 138
Trd, 4318777.443, 140
Trd, 4318777.643, 132
Trd, 4318777.993, 140
Trd, 4318778.243, 140
Trd, 4318778.743, 66
Trd, 4318780.993, 140
Trd, 4318781.343, 140
Trd, 4318781.843, 140
Trd, 4318783.143, 140
Trd, 4318783.293, 140
Trd, 4318786.493, 140
Trd, 4318786.543, 139
Trd, 4318786.793, 139
Trd, 4318787.293, 136
Trd, 4318787.543, 83
Trd, 4318788.243, 140
Trd, 4318788.393, 139
Trd, 4318790.093, 140
Trd, 4318790.543, 140
Trd, 4318790.743, 140
Trd, 4318791.693, 140
Trd, 4318792.343, 139
Trd, 4318795.093, 140
Trd, 4318795.493, 140
Trd, 4318795.743, 140
Trd, 4318796.693, 140
Trd, 4318797.093, 140
Trd, 4318798.093, 140
Trd, 4318798.593, 140
Trd, 4318798.643, 107
Trd, 4318798.843, 71
Trd, 4318800.293, 140
Trd, 4318801.593, 140
Trd, 4318801.793, 140
Trd, 4318802.243, 140
Trd, 4318802.343, 98
Trd, 4318803.593, 110
Trd, 4318803.993, 136
Trd, 4318804.343, 137
Trd, 4318804.543, 65
Trd, 4318804.943, 138
Trd, 4318805.943, 112
Trd, 4318806.343, 112
Trd, 4318806.593, 104
Trd, 4318806.943, 113
Trd, 4318807.143, 87
Trd, 4318807.443, 63
Trd, 4318807.593, 140
Trd, 4318809.443, 60
Trd, 4318810.193, 140
Trd, 4318810.443, 140
Trd, 4318810.593, 139
Trd, 4318811.693, 140
Trd, 4318812.293, 107
Trd, 4318813.393, 140
Trd, 4318814.193, 140
Trd, 4318815.593, 140
Trd, 4318815.793, 139
Trd, 4318815.843, 138
Trd, 4318818.693, 140
Trd, 4318820.343, 140
Trd, 4318820.943, 140
Trd, 4318821.393, 140
Trd, 4318821.443, 140
Trd, 4318821.793, 140
Trd, 4318822.493, 140
Trd, 4318823.443, 140
Trd, 4318824.843, 140
Trd, 4318825.743, 140
Trd, 4318825.843, 140
Trd, 4318825.893, 140
Trd, 4318827.643, 140
Trd, 4318827.943, 140
Trd, 4318829.293, 139
Trd, 4318830.243, 140
Trd, 4318830.693, 140
Trd, 4318831.343, 140
Trd, 4318831.943, 139
Trd, 4318833.443, 136
Trd, 4318833.493, 137
Trd, 4318833.543, 123
Trd, 4318833.643, 138
Trd, 4318834.443, 88
Trd, 4318834.843, 140
Trd, 4318835.093, 93
Trd, 4318835.543, 60
Trd, 4318836.343, 61
Trd, 4318836.443, 62
Trd, 4318837.043, 104
Trd, 4318838.243, 92
Trd, 4318839.493, 140
Trd, 4318840.243, 140
Trd, 4318841.243, 140
Trd, 4318842.243, 140
Trd, 4318842.643, 140
Trd, 4318843.243, 140
Trd, 4318843.593, 140
Trd, 4318843.893, 139
Trd, 4318844.143, 72
Trd, 4318845.543, 140
Trd, 4318845.793, 60
Trd, 4318847.643, 139
Trd, 4318848.493, 140
Trd, 4318848.593, 138
Trd, 4318850.193, 140
Trd, 4318850.793, 137
Trd, 4318850.893, 70
Trd, 4318851.993, 60
Trd, 4318852.393, 60
Trd, 4318852.943, 64
Trd, 4318853.393, 139
Trd, 4318853.693, 60
Trd, 4318854.343, 60
Trd, 4318855.693, 60
Trd, 4318855.793, 60
Trd, 4318856.443, 61
Trd, 4318856.693, 63
Trd, 4318857.343, 62
Trd, 4318857.443, 60
Trd, 4318857.543, 81
Trd, 4318859.193, 140
Trd, 4318859.993, 140
Trd, 4318861.193, 140
Trd, 4318861.393, 140
Trd, 4318861.843, 140
Trd, 4318862.493, 140
Trd, 4318862.893, 140
Trd, 4318864.493, 140
Trd, 4318865.643, 140
Trd, 4318865.993, 139
Trd, 4318866.793, 137
Trd, 4318867.343, 139
Trd, 4318868.293, 140
Trd, 4318868.393, 139
Trd, 4318869.293, 140
Trd, 4318869.543, 140
Trd, 4318869.643, 135
Trd, 4318870.693, 134
Trd, 4318872.093, 140
Trd, 4318872.643, 139
Trd, 4318872.843, 139
Trd, 4318874.593, 140
Trd, 4318874.693, 140
Trd, 4318874.943, 140
Trd, 4318876.693, 140
Trd, 4318876.993, 140
Trd, 4318877.393, 139
Trd, 4318878.093, 140
Trd, 4318878.443, 140
Trd, 4318879.093, 140
Trd, 4318879.193, 139
Trd, 4318879.243, 81
Trd, 4318879.993, 137
Trd, 4318881.093, 138
Trd, 4318881.243, 139
Trd, 4318881.543, 137
Trd, 4318881.993, 139
Trd, 4318883.443, 60
Trd, 4318883.543, 61
Trd, 4318883.693, 60
Trd, 4318884.443, 64
Trd, 4318884.993, 93
Trd, 4318885.593, 139
Trd, 4318886.043, 61
Trd, 4318886.443, 64
Trd, 4318887.093, 60
Trd, 4318887.993, 67
Trd, 4318888.093, 68
Trd, 4318889.393, 61
Trd, 4318890.143, 63
Trd, 4318890.243, 132
Trd, 4318891.693, 66
Trd, 4318891.793, 64
Trd, 4318892.693, 140
Trd, 4318892.793, 137
Trd, 4318893.293, 115
Trd, 4318894.493, 140
Trd, 4318894.893, 140
Trd, 4318896.793, 140
Trd, 4318897.193, 138
Trd, 4318897.793, 140
Trd, 4318898.393, 140
Trd, 4318899.193, 140
Trd, 4318900.093, 140
Trd, 4318900.193, 140
Trd, 4318902.293, 140
Trd, 4318903.193, 140
Trd, 4318903.343, 139
Trd, 4318904.443, 140
Trd, 4318904.593, 140
Trd, 4318904.693, 138
Trd, 4318905.793, 140
Trd, 4318905.843, 138
Trd, 4318906.393, 122
Trd, 4318906.843, 140
Trd, 4318907.743, 105
Trd, 4318909.093, 139
Trd, 4318910.893, 140
Trd, 4318910.943, 140
Trd, 4318911.943, 140
Trd, 4318912.393, 136
Trd, 4318913.493, 135
Trd, 4318913.593, 134
Trd, 4318914.443, 138
Trd, 4318914.743, 77
Trd, 4318914.943, 139
Trd, 4318915.193, 140
Trd, 4318916.393, 140
Trd, 4318916.543, 125
Trd, 4318917.293, 110
Trd, 4318918.693, 140
Trd, 4318919.543, 140
Trd, 4318919.643, 137
Trd, 4318921.843, 140
Trd, 4318922.743, 140
Trd, 4318922.893, 140
Trd, 4318923.993, 140
Trd, 4318924.293, 140
Trd, 4318924.593, 140
Trd, 4318925.743, 140
Trd, 4318926.543, 140
Trd, 4318927.443, 140
Trd, 4318927.893, 140
Trd, 4318928.843, 139
Trd, 4318929.093, 138
Trd, 4318930.193, 122
Trd, 4318930.693, 121
Trd, 4318932.143, 140
Trd, 4318933.243, 140
Trd, 4318933.493, 140
Trd, 4318934.393, 140
Trd, 4318935.093, 140
Trd, 4318935.943, 139
Trd, 4318937.243, 138
Trd, 4318938.443, 140
Trd, 4318938.793, 139
Trd, 4318938.993, 140
Trd, 4318939.743, 139
Trd, 4318940.193, 139
Trd, 4318941.143, 140
Trd, 4318942.343, 140
Trd, 4318942.843, 140
Trd, 4318942.993, 140
Trd, 4318943.843, 139
Trd, 4318944.893, 139
Trd, 4318945.993, 76
Trd, 4318946.493, 61
Trd, 4318946.993, 88
Trd, 4318947.493, 72
Trd, 4318948.643, 140
Trd, 4318949.593, 60
Trd, 4318949.693, 60
Trd, 4318949.893, 64
Trd, 4318951.743, 60
Trd, 4318952.593, 60
Trd, 4318952.693, 60
Trd, 4318953.393, 60
Trd, 4318954.493, 62
Trd, 4318955.093, 60
Trd, 4318955.193, 63
Trd, 4318955.493, 60
Trd, 4318956.243, 60
Trd, 4318957.343, 60
Trd, 4318957.893, 60
Trd, 4318958.793, 61
Trd, 4318958.843, 64
Trd, 4318959.243, 64
Trd, 4318959.993, 62
Trd, 4318960.443, 60
Trd, 4318960.993, 61
Trd, 4318961.243, 66
Trd, 4318961.693, 66
Trd, 4318962.243, 67
Trd, 4318963.693, 60
Trd, 4318963.793, 66
Trd, 4318965.143, 60
Trd, 4318965.243, 62
Trd, 4318967.443, 61
Trd, 4318967.943, 61
Trd, 4318968.743, 60
Trd, 4318970.143, 61
Trd, 4318970.343, 60
Trd, 4318970.443, 62
Trd, 4318970.843, 61
Trd, 4318970.893, 67
Trd, 4318971.543, 60
Trd, 4318971.743, 60
Trd, 4318972.043, 120
Trd, 4318972.543, 63
Trd, 4318972.693, 65
Trd, 4318972.793, 68
Trd, 4318974.193, 62
Trd, 4318974.293, 88
Trd, 4318976.443, 140
Trd, 4318977.293, 139
Trd, 4318977.393, 139
Trd, 4318977.593, 138
Trd, 4318977.893, 125
Trd, 4318978.093, 92
Trd, 4318978.493, 108
Trd, 4318978.693, 137
Trd, 4318979.243, 68
Trd, 4318980.493, 140
Trd, 4318980.593, 140
Trd, 4318981.443, 60
Trd, 4318983.143, 60
Trd, 4318983.343, 60
Trd, 4318984.393, 60
Trd, 4318984.643, 60
Trd, 4318984.843, 60
Trd, 4318985.543, 63
Trd, 4318986.193, 60
Trd, 4318986.693, 62
Trd, 4318986.993, 65
Trd, 4318987.293, 69
Trd, 4318988.043, 63
Trd, 4318988.643, 94
Trd, 4318989.943, 61
Trd, 4318990.743, 60
Trd, 4318991.043, 60
Trd, 4318991.443, 60
Trd, 4318992.643, 133
Trd, 4318992.893, 140
Trd, 4318993.543, 60
Trd, 4318993.643, 61
Trd, 4318994.693, 60
Trd, 4318995.943, 60
Trd, 4318996.393, 60
Trd, 4318996.793, 60
Trd, 4318996.943, 60
Trd, 4318997.743, 60
Trd, 4318998.843, 60
Trd, 4318999.593, 60
Trd, 4319000.793, 60
Trd, 4319001.993, 60
Trd, 4319002.493, 61
Trd, 4319002.793, 63
Trd, 4319003.043, 60
Trd, 4319004.143, 60
Trd, 4319004.243, 64
Trd, 4319005.593, 61
Trd, 4319006.443, 64
Trd, 4319006.543, 68
Trd, 4319006.743, 69
Trd, 4319006.893, 76
Trd, 4319007.293, 60
Trd, 4319008.093, 100
Trd, 4319009.243, 60
Trd, 4319009.643, 63
Trd, 4319011.093, 60
Trd, 4319011.343, 60
Trd, 4319012.043, 61
Trd, 4319012.643, 64
Trd, 4319012.943, 66
Trd, 4319014.393, 60
Trd, 4319015.643, 60
Trd, 4319016.593, 60
Trd, 4319016.643, 60
Trd, 4319016.893, 60
Trd, 4319017.593, 60
Trd, 4319017.743, 61
Trd, 4319017.943, 60
Trd, 4319018.143, 61
Trd, 4319018.743, 61
Trd, 4319018.793, 62
Trd, 4319020.993, 60
Trd, 4319021.343, 60
Trd, 4319022.093, 81
Trd, 4319022.443, 60
Trd, 4319022.793, 71
Trd, 4319024.593, 60
Trd, 4319024.893, 62
Trd, 4319025.043, 78
Trd, 4319025.793, 61
Trd, 4319025.893, 60
Trd, 4319026.493, 60
Trd, 4319026.643, 61
Trd, 4319027.593, 63
Trd, 4319027.793, 90
Trd, 4319028.493, 60
Trd, 4319028.943, 62
Trd, 4319029.643, 67
Trd, 4319030.243, 138
Trd, 4319031.393, 100
Trd, 4319032.343, 135
Trd, 4319032.893, 73
Trd, 4319033.243, 139
Trd, 4319034.043, 140
Trd, 4319035.493, 60
Trd, 4319035.643, 60
Trd, 4319035.843, 61
Trd, 4319036.743, 128
Trd, 4319037.343, 139
Trd, 4319038.343, 138
Trd, 4319039.143, 140
Trd, 4319040.093, 132
Trd, 4319040.543, 128
Trd, 4319041.243, 75
Trd, 4319041.493, 74
Trd, 4319042.193, 140
Trd, 4319042.993, 140
Trd, 4319043.793, 140
Trd, 4319044.193, 140
Trd, 4319044.343, 139
Trd, 4319045.293, 140
Trd, 4319047.343, 140
Trd, 4319049.393, 140
Trd, 4319049.443, 140
Trd, 4319049.793, 140
Trd, 4319050.793, 140
Trd, 4319050.893, 140
Trd, 4319051.043, 116
Trd, 4319051.843, 136
Trd, 4319052.293, 62
Trd, 4319053.043, 66
Trd, 4319053.143, 67
Trd, 4319053.943, 74
Trd, 4319055.093, 61
Trd, 4319055.143, 62
Trd, 4319055.693, 60
Trd, 4319055.893, 60
Trd, 4319056.943, 61
Trd, 4319057.643, 137
Trd, 4319058.343, 140
Trd, 4319058.393, 138
Trd, 4319060.043, 139
Trd, 4319060.393, 140
Trd, 4319060.793, 62
Trd, 4319061.643, 77
Trd, 4319062.293, 99
Trd, 4319062.943, 101
Trd, 4319063.993, 124
Trd, 4319064.393, 124
Trd, 4319064.843, 108
Trd, 4319065.343, 83
Trd, 4319066.093, 140
Trd, 4319066.793, 140
Trd, 4319067.843, 140
Trd, 4319068.143, 135
Trd, 4319069.243, 140
Trd, 4319069.793, 139
Trd, 4319070.643, 139
Trd, 4319072.393, 140
Trd, 4319072.543, 140
Trd, 4319072.643, 139
Trd, 4319073.643, 140
Trd, 4319074.243, 89
Trd, 4319076.093, 140
Trd, 4319076.593, 140
Trd, 4319078.143, 140
Trd, 4319079.193, 140
Trd, 4319080.193, 139
Trd, 4319082.543, 140
Trd, 4319082.893, 140
Trd, 4319082.943, 139
Trd, 4319083.493, 139
Trd, 4319084.643, 140
Trd, 4319084.843, 140
Trd, 4319084.893, 140
Trd, 4319085.943, 139
Trd, 4319086.543, 140
Trd, 4319087.193, 140
Trd, 4319087.243, 140
Trd, 4319087.643, 140
Trd, 4319089.143, 139
Trd, 4319089.743, 123
Trd, 4319090.793, 137
Trd, 4319091.643, 138
Trd, 4319091.993, 133
Trd, 4319092.093, 83
Trd, 4319093.143, 83
Trd, 4319093.493, 138
Trd, 4319094.993, 74
Trd, 4319095.443, 64
Trd, 4319096.243, 140
Trd, 4319096.643, 113
Trd, 4319097.943, 140
Trd, 4319098.043, 140
Trd, 4319098.143, 69
Trd, 4319099.493, 140
Trd, 4319100.493, 140
Trd, 4319101.843, 140
Trd, 4319102.843, 140
Trd, 4319102.993, 140
Trd, 4319103.693, 140
Trd, 4319103.843, 140
Trd, 4319104.093, 138
Trd, 4319106.143, 140
Trd, 4319106.643, 140
Trd, 4319107.793, 140
Trd, 4319108.043, 140
Trd, 4319109.143, 138
Trd, 4319109.443, 122
Trd, 4319109.493, 121
Trd, 4319110.243, 137
Trd, 4319110.493, 140
Trd, 4319110.843, 138
Trd, 4319111.743, 125
Trd, 4319111.843, 124
Trd, 4319113.093, 70
Trd, 4319113.693, 65
Trd, 4319113.943, 66
Trd, 4319114.493, 62
Trd, 4319115.093, 61
Trd, 4319115.893, 87
Trd, 4319116.793, 140
Trd, 4319118.193, 60
Trd, 4319118.343, 61
Trd, 4319118.493, 65
Trd, 4319119.193, 60
Trd, 4319120.693, 60
Trd, 4319120.893, 60
Trd, 4319121.343, 62
Trd, 4319122.493, 60
Trd, 4319123.593, 60
Trd, 4319123.843, 60
Trd, 4319124.443, 60
Trd, 4319126.793, 60
Trd, 4319126.893, 61
Trd, 4319126.993, 62
Trd, 4319127.193, 64
Trd, 4319127.293, 64
Trd, 4319127.793, 72
Trd, 4319128.793, 60
Trd, 4319129.443, 63
Trd, 4319130.093, 137
Trd, 4319131.643, 140
Trd, 4319132.043, 140
Trd, 4319132.593, 140
Trd, 4319133.693, 140
Trd, 4319134.543, 140
Trd, 4319135.443, 137
Trd, 4319135.843, 139
Trd, 4319136.343, 140
Trd, 4319136.943, 136
Trd, 4319138.293, 140
Trd, 4319139.343, 140
Trd, 4319140.443, 140
Trd, 4319141.593, 140
Trd, 4319142.943, 140
Trd, 4319143.193, 138
Trd, 4319143.943, 138
Trd, 4319144.693, 139
Trd, 4319146.393, 140
Trd, 4319146.943, 140
Trd, 4319147.993, 140
Trd, 4319148.643, 140
Trd, 4319149.243, 140
Trd, 4319149.343, 132
Trd, 4319149.593, 139
Trd, 4319151.043, 133
Trd, 4319151.893, 140
Trd, 4319152.443, 138
Trd, 4319152.793, 137
Trd, 4319152.843, 115
Trd, 4319153.543, 64
Trd, 4319154.193, 133
Trd, 4319154.793, 62
Trd, 4319155.293, 140
Trd, 4319155.643, 138
Trd, 4319157.443, 139
Trd, 4319157.643, 140
Trd, 4319159.143, 140
Trd, 4319159.993, 140
Trd, 4319160.793, 140
Trd, 4319161.793, 139
Trd, 4319162.193, 110
Trd, 4319163.743, 140
Trd, 4319163.893, 140
Trd, 4319164.843, 140
Trd, 4319165.393, 132
Trd, 4319165.693, 117
Trd, 4319165.793, 121
Trd, 4319166.893, 140
Trd, 4319169.243, 140
Trd, 4319169.843, 140
Trd, 4319169.943, 140
Trd, 4319170.293, 140
Trd, 4319171.543, 140
Trd, 4319172.743, 140
Trd, 4319173.593, 140
Trd, 4319173.693, 140
Trd, 4319174.193, 140
Trd, 4319174.843, 139
Trd, 4319175.643, 82
Trd, 4319177.893, 140
Trd, 4319178.343, 139
Trd, 4319178.993, 139
Trd, 4319179.093, 135
Trd, 4319179.193, 134
Trd, 4319179.743, 140
Trd, 4319181.793, 139
Trd, 4319181.893, 129
Trd, 4319182.193, 87
Trd, 4319184.043, 140
Trd, 4319184.743, 140
Trd, 4319185.293, 140
Trd, 4319185.493, 140
Trd, 4319185.893, 140
Trd, 4319186.893, 138
Trd, 4319187.243, 140
Trd, 4319190.943, 140
Trd, 4319191.193, 140
Trd, 4319191.593, 123
Trd, 4319191.693, 113
Trd, 4319191.843, 139
Trd, 4319192.743, 140
Trd, 4319192.893, 140
Trd, 4319194.293, 140
Trd, 4319194.743, 140
Trd, 4319195.843, 140
Trd, 4319196.093, 140
Trd, 4319196.243, 139
Trd, 4319197.543, 138
Trd, 4319197.693, 127
Trd, 4319198.043, 140
Trd, 4319198.543, 83
Trd, 4319199.093, 75
Trd, 4319200.143, 136
Trd, 4319201.543, 138
Trd, 4319201.593, 81
Trd, 4319203.693, 140
Trd, 4319203.943, 140
Trd, 4319204.143, 140
Trd, 4319204.193, 139
Trd, 4319205.993, 140
Trd, 4319206.793, 140
Trd, 4319207.443, 139
Trd, 4319207.493, 137
Trd, 4319209.393, 140
Trd, 4319210.693, 135
Trd, 4319211.043, 134
Trd, 4319211.143, 135
Trd, 4319211.493, 117
Trd, 4319211.793, 131
Trd, 4319212.493, 61
Trd, 4319212.693, 62
Trd, 4319213.343, 60
Trd, 4319213.793, 60
Trd, 4319214.093, 139
Trd, 4319215.743, 140
Trd, 4319216.043, 140
Trd, 4319217.443, 140
Trd, 4319218.593, 140
Trd, 4319220.043, 140
Trd, 4319220.143, 140
Trd, 4319222.193, 139
Trd, 4319222.243, 137
Trd, 4319223.543, 140
Trd, 4319224.043, 140
Trd, 4319224.843, 140
Trd, 4319225.943, 140
Trd, 4319226.243, 140
Trd, 4319227.343, 140
Trd, 4319227.893, 140
Trd, 4319228.493, 139
Trd, 4319229.143, 119
Trd, 4319229.193, 118
Trd, 4319229.793, 135
Trd, 4319230.243, 139
Trd, 4319231.143, 139
Trd, 4319231.993, 139
Trd, 4319232.143, 137
Trd, 4319234.193, 138
Trd, 4319234.693, 138
Trd, 4319234.843, 137
Trd, 4319235.143, 74
Trd, 4319235.493, 62
Trd, 4319235.693, 79
Trd, 4319236.793, 137
Trd, 4319236.843, 120
Trd, 4319238.043, 97
Trd, 4319238.843, 97
Trd, 4319238.993, 88
Trd, 4319239.993, 97
Trd, 4319240.243, 87
Trd, 4319240.393, 98
Trd, 4319241.093, 65
Trd, 4319241.343, 65
Trd, 4319241.493, 66
Trd, 4319242.443, 61
Trd, 4319244.193, 60
Trd, 4319244.493, 60
Trd, 4319244.993, 61
Trd, 4319245.493, 62
Trd, 4319246.093, 63
Trd, 4319246.443, 63
Trd, 4319247.543, 61
Trd, 4319248.343, 60
Trd, 4319248.543, 61
Trd, 4319248.643, 77
Trd, 4319249.993, 60
Trd, 4319251.293, 60
Trd, 4319251.943, 60
Trd, 4319252.743, 63
Trd, 4319253.743, 64
Trd, 4319253.943, 71
Trd, 4319254.593, 60
Trd, 4319254.843, 60
Trd, 4319255.843, 73
Trd, 4319256.343, 60
Trd, 4319256.793, 60
Trd, 4319256.893, 61
Trd, 4319257.393, 60
Trd, 4319259.393, 60
Trd, 4319259.643, 61
Trd, 4319259.893, 63
Trd, 4319260.293, 63
Trd, 4319260.593, 62
Trd, 4319260.793, 61
Trd, 4319261.243, 61
Trd, 4319263.093, 63
Trd, 4319263.143, 64
Trd, 4319263.293, 60
Trd, 4319265.243, 60
Trd, 4319265.493, 60
Trd, 4319265.743, 62
Trd, 4319266.743, 60
Trd, 4319267.143, 60
Trd, 4319268.043, 60
Trd, 4319268.493, 62
Trd, 4319269.543, 61
Trd, 4319270.243, 60
Trd, 4319271.443, 60
Trd, 4319273.393, 60
Trd, 4319273.443, 60
Trd, 4319273.593, 61
Trd, 4319273.943, 61
Trd, 4319274.743, 60
Trd, 4319274.943, 62
Trd, 4319275.593, 60
Trd, 4319275.693, 65
Trd, 4319276.493, 61
Trd, 4319276.993, 62
Trd, 4319277.193, 65
Trd, 4319277.493, 75
Trd, 4319277.593, 61
Trd, 4319278.743, 60
Trd, 4319278.993, 65
Trd, 4319279.943, 63
Trd, 4319281.493, 60
Trd, 4319282.043, 60
Trd, 4319284.343, 61
Trd, 4319284.693, 62
Trd, 4319285.043, 65
Trd, 4319285.143, 71
Trd, 4319285.443, 140
Trd, 4319285.493, 140
Trd, 4319286.243, 140
Trd, 4319287.343, 140
Trd, 4319287.643, 140
Trd, 4319288.743, 140
Trd, 4319290.093, 140
Trd, 4319291.293, 140
Trd, 4319291.793, 140
Trd, 4319291.893, 140
Trd, 4319292.193, 140
Trd, 4319293.793, 139
Trd, 4319294.193, 132
Trd, 4319294.393, 131
Trd, 4319295.993, 140
Trd, 4319296.493, 139
Trd, 4319298.243, 140
Trd, 4319298.493, 140
Trd, 4319298.993, 140
Trd, 4319300.243, 140
Trd, 4319300.893, 140
Trd, 4319302.293, 140
Trd, 4319302.393, 140
Trd, 4319302.743, 140
Trd, 4319303.043, 139
Trd, 4319303.143, 140
Trd, 4319304.493, 137
Trd, 4319305.693, 140
Trd, 4319306.243, 140
Trd, 4319306.543, 119
Trd, 4319306.943, 124
Trd, 4319308.193, 140
Trd, 4319311.093, 140
Trd, 4319311.243, 140
Trd, 4319311.493, 140
Trd, 4319311.843, 140
Trd, 4319312.343, 139
Trd, 4319313.143, 140
Trd, 4319313.293, 140
Trd, 4319314.293, 140
Trd, 4319314.443, 139
Trd, 4319315.593, 140
Trd, 4319317.393, 140
Trd, 4319317.593, 139
Trd, 4319319.793, 140
Trd, 4319321.143, 140
Trd, 4319321.393, 140
Trd, 4319321.793, 137
Trd, 4319322.043, 134
Trd, 4319322.243, 140
Trd, 4319322.393, 123
Trd, 4319322.543, 91
Trd, 4319322.943, 139
Trd, 4319323.093, 122
Trd, 4319323.643, 61
Trd, 4319325.043, 64
Trd, 4319325.793, 140
Trd, 4319326.243, 140
Trd, 4319326.993, 139
Trd, 4319327.793, 140
Trd, 4319328.443, 79
Trd, 4319328.693, 64
Trd, 4319329.143, 139
Trd, 4319330.443, 140
Trd, 4319330.793, 140
Trd, 4319330.943, 139
Trd, 4319331.243, 134
Trd, 4319333.743, 140
Trd, 4319333.993, 140
Trd, 4319335.293, 140
Trd, 4319335.793, 140
Trd, 4319336.643, 136
Trd, 4319337.193, 79
Trd, 4319338.093, 67
Trd, 4319338.293, 61
Trd, 4319338.643, 62
Trd, 4319339.343, 90
Trd, 4319341.243, 140
Trd, 4319342.793, 140
Trd, 4319343.293, 140
Trd, 4319344.493, 140
Trd, 4319345.243, 140
Trd, 4319345.443, 137
Trd, 4319346.643, 140
Trd, 4319347.193, 140
Trd, 4319347.593, 140
Trd, 4319347.943, 140
Trd, 4319348.593, 140
Trd, 4319349.093, 116
Trd, 4319349.943, 140
Trd, 4319352.143, 140
Trd, 4319353.293, 138
Trd, 4319353.343, 138
Trd, 4319353.593, 81
Trd, 4319354.143, 135
Trd, 4319354.643, 93
Trd, 4319356.443, 60
Trd, 4319356.493, 60
Trd, 4319357.043, 60
Trd, 4319357.943, 60
Trd, 4319358.643, 60
Trd, 4319358.843, 60
Trd, 4319359.143, 73
Trd, 4319359.893, 62
Trd, 4319360.343, 64
Trd, 4319360.443, 79
Trd, 4319361.793, 140
Trd, 4319362.693, 140
Trd, 4319363.143, 140
Trd, 4319363.593, 139
Trd, 4319364.943, 139
Trd, 4319367.343, 140
Trd, 4319367.543, 140
Trd, 4319367.643, 138
Trd, 4319368.643, 131
Trd, 4319368.893, 138
Trd, 4319369.593, 140
Trd, 4319370.493, 139
Trd, 4319370.593, 99
Trd, 4319371.793, 140
Trd, 4319372.393, 139
Trd, 4319372.693, 138
Trd, 4319373.743, 140
Trd, 4319374.193, 140
Trd, 4319374.643, 139
Trd, 4319375.293, 138
Trd, 4319376.593, 140
Trd, 4319378.243, 140
Trd, 4319378.343, 140
Trd, 4319378.443, 138
Trd, 4319378.643, 138
Trd, 4319379.993, 114
Trd, 4319380.493, 138
Trd, 4319380.543, 128
Trd, 4319382.393, 140
Trd, 4319383.343, 137
Trd, 4319383.743, 140
Trd, 4319383.793, 71
Trd, 4319384.143, 86
Trd, 4319384.943, 140
Trd, 4319386.293, 79
Trd, 4319386.393, 78
Trd, 4319386.893, 139
Trd, 4319387.143, 64
Trd, 4319388.093, 136
Trd, 4319389.993, 140
Trd, 4319390.593, 140
Trd, 4319391.593, 140
Trd, 4319391.893, 139
Trd, 4319393.743, 140
Trd, 4319393.793, 140
Trd, 4319395.293, 138
Trd, 4319395.543, 135
Trd, 4319395.993, 140
Trd, 4319396.543, 140
Trd, 4319396.693, 85
Trd, 4319398.543, 140
Trd, 4319398.843, 139
Trd, 4319400.143, 140
Trd, 4319401.243, 63
Trd, 4319402.193, 139
Trd, 4319403.293, 96
Trd, 4319403.393, 87
Trd, 4319404.093, 133
Trd, 4319404.343, 137
Trd, 4319404.743, 84
Trd, 4319405.393, 140
Trd, 4319406.743, 140
Trd, 4319407.843, 140
Trd, 4319408.843, 140
Trd, 4319409.193, 140
Trd, 4319409.543, 138
Trd, 4319410.143, 140
Trd, 4319411.143, 140
Trd, 4319411.193, 140
Trd, 4319411.343, 139
Trd, 4319411.543, 139
Trd, 4319411.843, 140
Trd, 4319413.993, 140
Trd, 4319414.643, 140
Trd, 4319415.993, 140
Trd, 4319416.593, 140
Trd, 4319417.143, 135
Trd, 4319417.243, 134
Trd, 4319417.643, 139
Trd, 4319417.693, 140
Trd, 4319418.843, 109
Trd, 4319419.443, 60
Trd, 4319420.043, 65
Trd, 4319421.493, 69
Trd, 4319421.843, 60
Trd, 4319422.443, 64
Trd, 4319422.793, 70
Trd, 4319423.043, 140
Trd, 4319423.293, 80
Trd, 4319425.143, 140
Trd, 4319425.393, 140
Trd, 4319426.193, 120
Trd, 4319426.743, 136
Trd, 4319427.043, 135
Trd, 4319427.593, 127
Trd, 4319428.743, 139
Trd, 4319429.443, 140
Trd, 4319429.843, 138
Trd, 4319430.643, 140
Trd, 4319431.093, 138
Trd, 4319431.693, 132
Trd, 4319434.393, 140
Trd, 4319434.643, 140
Trd, 4319436.043, 140
Trd, 4319436.143, 140
Trd, 4319436.243, 137
Trd, 4319437.493, 140
Trd, 4319438.593, 140
Trd, 4319438.993, 139
Trd, 4319439.743, 139
Trd, 4319440.243, 117
Trd, 4319441.093, 102
Trd, 4319441.693, 135
Trd, 4319444.093, 140
Trd, 4319444.693, 140
Trd, 4319444.793, 137
Trd, 4319445.043, 139
Trd, 4319445.693, 131
Trd, 4319446.193, 140
Trd, 4319446.443, 104
Trd, 4319447.443, 139
Trd, 4319448.243, 111
Trd, 4319448.543, 108
Trd, 4319449.993, 140
Trd, 4319450.343, 127
Trd, 4319450.643, 77
Trd, 4319450.893, 140
Trd, 4319451.193, 139
Trd, 4319451.893, 140
Trd, 4319451.993, 140
Trd, 4319453.243, 140
Trd, 4319454.793, 140
Trd, 4319456.593, 140
Trd, 4319456.893, 140
Trd, 4319457.343, 139
Trd, 4319458.443, 140
Trd, 4319459.943, 140
Trd, 4319460.293, 140
Trd, 4319461.243, 140
Trd, 4319461.343, 134
Trd, 4319462.143, 140
Trd, 4319462.993, 140
Trd, 4319463.543, 140
Trd, 4319465.143, 140
Trd, 4319465.693, 140
Trd, 4319465.743, 139
Trd, 4319466.593, 140
Trd, 4319467.643, 140
Trd, 4319467.843, 139
Trd, 4319468.993, 62
Trd, 4319469.843, 140
Trd, 4319470.793, 140
Trd, 4319471.643, 140
Trd, 4319471.743, 140
Trd, 4319472.693, 140
Trd, 4319473.093, 140
Trd, 4319473.243, 140
Trd, 4319473.893, 139
Trd, 4319474.793, 140
Trd, 4319475.193, 140
Trd, 4319477.293, 140
Trd, 4319477.393, 140
Trd, 4319478.493, 140
Trd, 4319478.793, 109
Trd, 4319478.943, 93
Trd, 4319480.243, 60
Trd, 4319480.393, 60
Trd, 4319480.493, 61
Trd, 4319481.243, 67
Trd, 4319482.093, 67
Trd, 4319482.993, 138
Trd, 4319483.543, 140
Trd, 4319484.343, 138
Trd, 4319484.543, 137
Trd, 4319485.693, 140
Trd, 4319487.193, 140
Trd, 4319487.943, 140
Trd, 4319488.243, 140
Trd, 4319489.543, 140
Trd, 4319489.793, 140
Trd, 4319492.843, 140
Trd, 4319492.893, 140
Trd, 4319492.993, 140
Trd, 4319493.093, 106
Trd, 4319493.243, 89
Trd, 4319494.593, 140
Trd, 4319495.093, 140
Trd, 4319495.143, 138
Trd, 4319496.343, 140
Trd, 4319498.443, 140
Trd, 4319498.693, 140
Trd, 4319498.843, 140
Trd, 4319500.043, 140
Trd, 4319501.443, 140
Trd, 4319501.643, 140
Trd, 4319502.893, 140
Trd, 4319503.843, 140
Trd, 4319504.043, 140
Trd, 4319505.243, 140
Trd, 4319505.943, 139
Trd, 4319507.743, 140
Trd, 4319509.643, 140
Trd, 4319509.793, 140
Trd, 4319510.343, 140
Trd, 4319510.393, 139
Trd, 4319510.493, 137
Trd, 4319511.343, 138
Trd, 4319512.343, 140
Trd, 4319512.943, 138
Trd, 4319513.993, 125
Trd, 4319514.193, 119
Trd, 4319514.543, 134
Trd, 4319514.593, 138
Trd, 4319514.993, 139
Trd, 4319516.743, 140
Trd, 4319517.493, 139
Trd, 4319517.543, 67
Trd, 4319517.843, 65
Trd, 4319519.093, 140
Trd, 4319519.143, 69
Trd, 4319520.993, 61
Trd, 4319521.843, 61
Trd, 4319522.943, 60
Trd, 4319523.543, 62
Trd, 4319523.593, 63
Trd, 4319523.643, 65
Trd, 4319524.793, 61
Trd, 4319524.843, 62
Trd, 4319524.943, 86
Trd, 4319525.493, 140
Trd, 4319525.543, 140
Trd, 4319526.243, 135
Trd, 4319526.793, 63
Trd, 4319527.343, 139
Trd, 4319528.893, 140
Trd, 4319529.693, 140
Trd, 4319530.043, 139
Trd, 4319530.993, 140
Trd, 4319531.293, 140
Trd, 4319531.493, 140
Trd, 4319533.543, 140
Trd, 4319534.043, 140
Trd, 4319534.843, 139
Trd, 4319535.993, 140
Trd, 4319536.393, 140
Trd, 4319536.793, 139
Trd, 4319538.543, 140
Trd, 4319538.843, 140
Trd, 4319538.993, 139
Trd, 4319539.043, 138
Trd, 4319540.193, 139
Trd, 4319541.093, 140
Trd, 4319541.943, 140
Trd, 4319542.993, 140
Trd, 4319543.143, 140
Trd, 4319543.993, 93
Trd, 4319545.393, 140
Trd, 4319546.193, 140
Trd, 4319546.993, 139
Trd, 4319547.593, 139
Trd, 4319548.793, 140
Trd, 4319551.693, 140
Trd, 4319551.793, 140
Trd, 4319551.893, 140
Trd, 4319552.443, 139
Trd, 4319554.143, 140
Trd, 4319554.793, 140
Trd, 4319555.243, 140
Trd, 4319556.443, 140
Trd, 4319556.743, 139
Trd, 4319556.993, 139
Trd, 4319557.343, 139
Trd, 4319557.393, 132
Trd, 4319558.893, 140
Trd, 4319559.393, 140
Trd, 4319560.193, 140
Trd, 4319560.793, 140
Trd, 4319560.893, 139
Trd, 4319561.893, 140
Trd, 4319563.993, 140
Trd, 4319564.843, 140
Trd, 4319565.793, 140
Trd, 4319566.293, 140
Trd, 4319566.393, 140
Trd, 4319567.193, 138
Trd, 4319568.343, 140
Trd, 4319568.493, 140
Trd, 4319568.943, 140
Trd, 4319569.143, 102
Trd, 4319569.343, 138
Trd, 4319569.843, 139
Trd, 4319571.543, 125
Trd, 4319571.843, 140
Trd, 4319572.843, 140
Trd, 4319573.343, 140
Trd, 4319573.943, 140
Trd, 4319574.293, 140
Trd, 4319574.493, 140
Trd, 4319575.043, 140
Trd, 4319575.943, 111
Trd, 4319576.043, 110
Trd, 4319576.393, 139
Trd, 4319576.843, 140
Trd, 4319577.943, 104
Trd, 4319578.043, 79
Trd, 4319579.493, 140
Trd, 4319580.693, 140
Trd, 4319580.893, 139
Trd, 4319581.343, 140
Trd, 4319581.593, 139
Trd, 4319582.343, 140
Trd, 4319583.143, 73
Trd, 4319583.493, 61
Trd, 4319583.893, 64
Trd, 4319585.193, 140
Trd, 4319585.643, 140
Trd, 4319585.843, 140
Trd, 4319587.393, 139
Trd, 4319589.593, 140
Trd, 4319589.743, 140
Trd, 4319590.243, 140
Trd, 4319591.193, 140
Trd, 4319591.893, 140
Trd, 4319592.443, 140
Trd, 4319593.093, 137
Trd, 4319593.243, 136
Trd, 4319594.243, 140
Trd, 4319595.193, 140
Trd, 4319595.643, 140
Trd, 4319596.293, 139
Trd, 4319597.593, 140
Trd, 4319598.143, 139
Trd, 4319599.293, 140
Trd, 4319600.043, 140
Trd, 4319600.293, 140
Trd, 4319601.143, 138
Trd, 4319601.893, 106
Trd, 4319602.993, 140
Trd, 4319603.093, 140
Trd, 4319603.643, 138
Trd, 4319603.993, 109
Trd, 4319604.593, 139
Trd, 4319607.243, 140
Trd, 4319607.843, 140
Trd, 4319607.943, 140
Trd, 4319609.443, 129
Trd, 4319610.443, 139
Trd, 4319610.793, 140
Trd, 4319610.893, 117
Trd, 4319611.343, 140
Trd, 4319612.543, 76
Trd, 4319613.893, 140
Trd, 4319614.343, 139
Trd, 4319614.793, 136
Trd, 4319615.843, 140
Trd, 4319616.093, 121
Trd, 4319616.343, 139
Trd, 4319616.393, 140
Trd, 4319616.893, 140
Trd, 4319617.243, 73
Trd, 4319619.393, 140
Trd, 4319619.443, 140
Trd, 4319619.743, 139
Trd, 4319621.193, 140
Trd, 4319622.643, 140
Trd, 4319622.693, 140
Trd, 4319622.993, 77
Trd, 4319623.093, 135
Trd, 4319623.943, 126
Trd, 4319624.843, 86
Trd, 4319624.943, 84
Trd, 4319625.343, 130
Trd, 4319625.843, 131
Trd, 4319626.193, 65
Trd, 4319627.293, 60
Trd, 4319628.243, 138
Trd, 4319629.893, 65
Trd, 4319630.493, 66
Trd, 4319630.743, 61
Trd, 4319631.943, 140
Trd, 4319632.793, 140
Trd, 4319632.993, 140
Trd, 4319634.043, 140
Trd, 4319635.993, 140
Trd, 4319636.193, 140
Trd, 4319636.843, 140
Trd, 4319637.043, 140
Trd, 4319637.593, 140
Trd, 4319638.293, 140
Trd, 4319638.893, 140
Trd, 4319640.093, 140
Trd, 4319641.293, 140
Trd, 4319641.543, 137
Trd, 4319641.943, 97
Trd, 4319643.043, 139
Trd, 4319643.943, 140
Trd, 4319644.143, 130
Trd, 4319646.393, 140
Trd, 4319647.043, 140
Trd, 4319647.743, 140
Trd, 4319647.843, 140
Trd, 4319647.893, 139
Trd, 4319647.943, 139
Trd, 4319648.193, 137
Trd, 4319649.693, 140
Trd, 4319649.793, 140
Trd, 4319650.093, 140
Trd, 4319651.093, 140
Trd, 4319651.143, 138
Trd, 4319652.993, 140
Trd, 4319654.293, 140
Trd, 4319654.343, 139
Trd, 4319655.293, 135
Trd, 4319656.243, 140
Trd, 4319657.143, 140
Trd, 4319657.243, 139
Trd, 4319658.593, 139
Trd, 4319658.943, 139
Trd, 4319659.093, 138
Trd, 4319659.443, 109
Trd, 4319660.543, 100
Trd, 4319661.193, 86
Trd, 4319661.743, 117
Trd, 4319662.043, 118
Trd, 4319662.393, 97
Trd, 4319662.593, 137
Trd, 4319663.593, 62
Trd, 4319664.693, 69
Trd, 4319665.843, 60
Trd, 4319666.443, 61
Trd, 4319667.643, 60
Trd, 4319667.993, 60
Trd, 4319668.543, 60
Trd, 4319668.743, 60
Trd, 4319669.193, 62
Trd, 4319670.893, 62
Trd, 4319672.293, 60
Trd, 4319672.443, 60
Trd, 4319672.593, 60
Trd, 4319672.743, 60
Trd, 4319672.793, 61
Trd, 4319673.293, 140
Trd, 4319673.643, 140
Trd, 4319673.693, 140
Trd, 4319675.243, 140
Trd, 4319675.993, 140
Trd, 4319676.043, 139
Trd, 4319676.993, 140
Trd, 4319677.943, 140
Trd, 4319678.793, 101
Trd, 4319680.393, 140
Trd, 4319680.993, 110
Trd, 4319681.143, 109
Trd, 4319682.493, 60
Trd, 4319682.593, 60
Trd, 4319682.943, 60
Trd, 4319683.993, 61
Trd, 4319684.243, 61
Trd, 4319684.843, 61
Trd, 4319686.543, 61
Trd, 4319687.043, 60
Trd, 4319687.093, 63
Trd, 4319687.293, 64
Trd, 4319688.693, 60
Trd, 4319688.793, 60
Trd, 4319688.943, 61
Trd, 4319689.593, 68
Trd, 4319690.043, 60
Trd, 4319690.693, 140
Trd, 4319691.093, 78
Trd, 4319691.593, 140
Trd, 4319691.643, 140
Trd, 4319693.793, 140
Trd, 4319694.193, 139
Trd, 4319695.943, 139
Trd, 4319696.243, 138
Trd, 4319696.393, 139
Trd, 4319698.043, 140
Trd, 4319698.093, 140
Trd, 4319698.393, 137
Trd, 4319698.793, 134
Trd, 4319699.343, 135
Trd, 4319699.593, 132
Trd, 4319700.193, 67
Trd, 4319701.143, 134
Trd, 4319701.293, 135
Trd, 4319702.793, 140
Trd, 4319703.443, 104
Trd, 4319704.893, 140
Trd, 4319705.293, 140
Trd, 4319705.393, 127
Trd, 4319706.893, 137
Trd, 4319707.543, 137
Trd, 4319708.043, 137
Trd, 4319708.393, 140
Trd, 4319709.043, 140
Trd, 4319709.493, 140
Trd, 4319710.093, 116
Trd, 4319711.243, 140
Trd, 4319711.343, 134
Trd, 4319711.793, 79
Trd, 4319713.643, 61
Trd, 4319713.693, 62
Trd, 4319713.793, 63
Trd, 4319714.243, 140
Trd, 4319714.843, 138
Trd, 4319715.693, 140
Trd, 4319715.743, 139
Trd, 4319717.293, 60
Trd, 4319717.893, 61
Trd, 4319717.943, 64
Trd, 4319718.743, 132
Trd, 4319719.343, 139
Trd, 4319720.993, 140
Trd, 4319721.043, 140
Trd, 4319721.693, 140
Trd, 4319722.143, 138
Trd, 4319723.193, 139
Trd, 4319723.743, 137
Trd, 4319725.143, 139
Trd, 4319725.243, 137
Trd, 4319726.593, 91
Trd, 4319726.993, 136
Trd, 4319727.843, 60
Trd, 4319729.443, 60
Trd, 4319729.593, 66
Trd, 4319730.293, 61
Trd, 4319730.343, 71
Trd, 4319731.393, 140
Trd, 4319731.793, 139
Trd, 4319732.043, 73
Trd, 4319732.493, 67
Trd, 4319734.293, 139
Trd, 4319735.343, 140
Trd, 4319735.543, 139
Trd, 4319737.943, 140
Trd, 4319738.193, 138
Trd, 4319738.393, 116
Trd, 4319739.393, 140
Trd, 4319739.543, 95
Trd, 4319740.443, 139
Trd, 4319740.843, 139
Trd, 4319741.493, 140
Trd, 4319741.543, 139
Trd, 4319741.893, 136
Trd, 4319742.193, 104
Trd, 4319743.293, 140
Trd, 4319744.093, 140
Trd, 4319747.293, 140
Trd, 4319747.443, 140
Trd, 4319748.043, 140
Trd, 4319749.493, 140
Trd, 4319749.843, 140
Trd, 4319750.393, 140
Trd, 4319750.493, 140
Trd, 4319751.493, 139
Trd, 4319751.693, 139
Trd, 4319752.293, 137
Trd, 4319753.343, 114
Trd, 4319754.093, 130
Trd, 4319754.193, 129
Trd, 4319755.243, 65
Trd, 4319755.293, 65
Trd, 4319755.943, 113
Trd, 4319756.943, 140
Trd, 4319758.193, 95
Trd, 4319758.543, 65
Trd, 4319759.193, 65
Trd, 4319760.493, 140
Trd, 4319760.543, 140
Trd, 4319761.043, 140
Trd, 4319761.793, 140
Trd, 4319761.843, 140
Trd, 4319763.593, 140
Trd, 4319764.143, 140
Trd, 4319764.993, 139
Trd, 4319765.393, 140
Trd, 4319766.643, 140
Trd, 4319767.493, 139
Trd, 4319769.493, 140
Trd, 4319769.543, 140
Trd, 4319770.493, 139
Trd, 4319771.493, 140
Trd, 4319771.643, 140
Trd, 4319772.593, 140
Trd, 4319774.093, 140
Trd, 4319774.393, 140
Trd, 4319775.243, 140
Trd, 4319775.693, 140
Trd, 4319776.193, 140
Trd, 4319776.793, 140
Trd, 4319776.943, 137
Trd, 4319777.493, 137
Trd, 4319777.543, 138
Trd, 4319778.093, 93
Trd, 4319778.893, 60
Trd, 4319778.943, 61
Trd, 4319779.993, 60
Trd, 4319780.243, 60
Trd, 4319781.443, 62
Trd, 4319782.093, 61
Trd, 4319782.893, 60
Trd, 4319783.143, 60
Trd, 4319783.693, 60
Trd, 4319786.093, 61
Trd, 4319786.143, 63
Trd, 4319786.493, 64
Trd, 4319786.993, 60
Trd, 4319787.943, 60
Trd, 4319788.943, 61
Trd, 4319789.193, 66
Trd, 4319790.343, 60
Trd, 4319790.593, 60
Trd, 4319791.243, 63
Trd, 4319791.643, 60
Trd, 4319791.793, 60
Trd, 4319791.893, 60
Trd, 4319792.193, 61
Trd, 4319793.493, 61
Trd, 4319794.093, 61
Trd, 4319794.143, 63
Trd, 4319794.293, 65
Trd, 4319795.643, 61
Trd, 4319796.593, 60
Trd, 4319796.843, 71
Trd, 4319797.743, 65
Trd, 4319798.443, 61
Trd, 4319799.043, 60
Trd, 4319799.643, 60
Trd, 4319800.193, 60
Trd, 4319800.693, 65
Trd, 4319800.793, 66
Trd, 4319801.943, 140
Trd, 4319802.243, 68
Trd, 4319803.043, 71
Trd, 4319803.593, 98
Trd, 4319805.343, 70
Trd, 4319805.443, 140
Trd, 4319806.143, 94
Trd, 4319807.743, 140
Trd, 4319808.143, 140
Trd, 4319808.493, 139
Trd, 4319808.943, 110
Trd, 4319810.093, 138
Trd, 4319811.093, 140
Trd, 4319812.993, 140
Trd, 4319813.843, 140
Trd, 4319814.443, 140
Trd, 4319815.293, 140
Trd, 4319816.443, 140
Trd, 4319816.843, 140
Trd, 4319816.943, 138
Trd, 4319818.043, 140
Trd, 4319818.793, 137
Trd, 4319818.943, 136
Trd, 4319819.843, 140
Trd, 4319821.293, 139
Trd, 4319822.793, 140
Trd, 4319823.043, 65
Trd, 4319823.543, 138
Trd, 4319824.693, 139
Trd, 4319826.693, 140
Trd, 4319827.593, 140
Trd, 4319828.593, 140
Trd, 4319828.693, 140
Trd, 4319829.493, 140
Trd, 4319830.043, 140
Trd, 4319830.693, 140
Trd, 4319831.343, 140
Trd, 4319832.693, 140
Trd, 4319832.893, 140
Trd, 4319834.343, 140
Trd, 4319834.543, 140
Trd, 4319834.593, 140
Trd, 4319835.193, 140
Trd, 4319836.793, 140
Trd, 4319837.343, 140
Trd, 4319837.443, 139
Trd, 4319838.993, 140
Trd, 4319839.043, 139
Trd, 4319840.693, 140
Trd, 4319841.793, 140
Trd, 4319842.443, 140
Trd, 4319842.893, 140
Trd, 4319843.043, 140
Trd, 4319843.243, 140
Trd, 4319844.443, 134
Trd, 4319844.543, 138
Trd, 4319844.643, 81
Trd, 4319845.543, 140
Trd, 4319845.693, 139
Trd, 4319846.843, 140
Trd, 4319848.393, 139
Trd, 4319848.493, 138
Trd, 4319849.293, 97
Trd, 4319849.843, 139
Trd, 4319851.243, 140
Trd, 4319851.443, 140
Trd, 4319851.693, 140
Trd, 4319852.693, 140
Trd, 4319852.943, 138
Trd, 4319854.093, 140
Trd, 4319855.143, 139
Trd, 4319855.243, 105
Trd, 4319856.293, 64
Trd, 4319857.993, 140
Trd, 4319858.293, 140
Trd, 4319858.393, 140
Trd, 4319858.743, 139
Trd, 4319858.993, 140
Trd, 4319859.043, 140
Trd, 4319860.043, 139
Trd, 4319860.643, 101
Trd, 4319860.693, 79
Trd, 4319862.693, 140
Trd, 4319862.993, 139
Trd, 4319863.593, 140
Trd, 4319864.193, 138
Trd, 4319865.143, 115
Trd, 4319866.743, 139
Trd, 4319866.793, 136
Trd, 4319868.143, 140
Trd, 4319868.293, 140
Trd, 4319869.193, 140
Trd, 4319869.743, 115
Trd, 4319870.393, 140
Trd, 4319872.143, 140
Trd, 4319872.443, 140
Trd, 4319872.693, 108
Trd, 4319873.743, 140
Trd, 4319873.943, 139
Trd, 4319875.093, 140
Trd, 4319875.743, 140
Trd, 4319875.993, 139
Trd, 4319877.793, 140
Trd, 4319877.943, 140
Trd, 4319878.293, 140
Trd, 4319878.593, 140
Trd, 4319879.493, 139
Trd, 4319880.343, 138
Trd, 4319882.143, 140
Trd, 4319882.493, 140
Trd, 4319882.743, 140
Trd, 4319882.993, 101
Trd, 4319883.293, 139
Trd, 4319883.543, 140
Trd, 4319883.743, 128
Trd, 4319884.493, 140
Trd, 4319885.993, 139
Trd, 4319886.593, 140
Trd, 4319887.193, 139
Trd, 4319888.993, 140
Trd, 4319889.693, 140
Trd, 4319889.893, 140
Trd, 4319890.243, 139
Trd, 4319890.993, 140
Trd, 4319891.043, 139
Trd, 4319891.793, 140
Trd, 4319892.293, 135
Trd, 4319893.243, 139
Trd, 4319894.143, 140
Trd, 4319894.443, 139
Trd, 4319895.943, 140
Trd, 4319896.243, 140
Trd, 4319897.343, 136
Trd, 4319897.793, 125
Trd, 4319898.393, 136
Trd, 4319899.443, 140
Trd, 4319900.393, 140
Trd, 4319900.793, 140
Trd, 4319902.093, 140
Trd, 4319902.793, 139
Trd, 4319903.093, 139
Trd, 4319905.693, 140
Trd, 4319905.893, 140
Trd, 4319907.093, 138
Trd, 4319908.643, 140
Trd, 4319908.893, 139
Trd, 4319908.943, 82
Trd, 4319909.993, 138
Trd, 4319911.343, 140
Trd, 4319911.593, 140
Trd, 4319911.943, 140
Trd, 4319912.143, 138
Trd, 4319912.343, 77
Trd, 4319913.493, 62
Trd, 4319914.293, 63
Trd, 4319914.543, 66
Trd, 4319915.143, 138
Trd, 4319916.693, 140
Trd, 4319917.043, 140
Trd, 4319917.093, 140
Trd, 4319918.093, 140
Trd, 4319918.143, 140
Trd, 4319919.143, 139
Trd, 4319919.943, 140
Trd, 4319921.643, 140
Trd, 4319922.043, 140
Trd, 4319922.093, 140
Trd, 4319922.443, 139
Trd, 4319923.443, 139
Trd, 4319923.793, 134
Trd, 4319924.793, 139
Trd, 4319925.143, 64
Trd, 4319925.643, 89
Trd, 4319926.343, 88
Trd, 4319926.893, 140
Trd, 4319927.743, 139
Trd, 4319927.793, 137
Trd, 4319928.593, 137
Trd, 4319929.543, 118
Trd, 4319931.043, 118
Trd, 4319931.443, 116
Trd, 4319932.793, 140
Trd, 4319932.943, 140
Trd, 4319933.143, 140
Trd, 4319934.493, 140
Trd, 4319934.743, 140
Trd, 4319934.943, 99
Trd, 4319935.043, 98
Trd, 4319936.943, 104
Trd, 4319937.393, 140
Trd, 4319938.643, 140
Trd, 4319939.343, 139
Trd, 4319939.893, 139
Trd, 4319940.693, 139
Trd, 4319941.693, 139
Trd, 4319941.793, 136
Trd, 4319943.443, 140
Trd, 4319944.643, 138
Trd, 4319945.143, 138
Trd, 4319945.593, 140
Trd, 4319947.493, 140
Trd, 4319947.693, 140
Trd, 4319947.843, 135
Trd, 4319948.993, 140
Trd, 4319949.943, 140
Trd, 4319950.093, 140
Trd, 4319950.443, 140
Trd, 4319952.593, 140
Trd, 4319952.743, 140
Trd, 4319952.893, 135
Trd, 4319953.343, 110
Trd, 4319953.943, 129
Trd, 4319954.043, 86
Trd, 4319954.743, 61
Trd, 4319955.493, 123
Trd, 4319956.893, 61
Trd, 4319956.943, 62
Trd, 4319958.843, 60
Trd, 4319959.143, 61
Trd, 4319959.243, 63
Trd, 4319959.643, 63
Trd, 4319960.543, 62
Trd, 4319960.893, 62
Trd, 4319962.143, 60
Trd, 4319962.293, 62
Trd, 4319962.443, 63
Trd, 4319963.793, 60
Trd, 4319964.193, 60
Trd, 4319964.893, 60
Trd, 4319965.943, 61
Trd, 4319966.193, 62
Trd, 4319967.643, 63
Trd, 4319967.843, 61
Trd, 4319968.793, 63
Trd, 4319969.693, 67
Trd, 4319970.643, 60
Trd, 4319971.143, 62
Trd, 4319971.743, 66
Trd, 4319971.893, 67
Trd, 4319973.543, 60
Trd, 4319973.993, 62
Trd, 4319974.293, 62
Trd, 4319975.243, 60
Trd, 4319975.393, 61
Trd, 4319975.843, 137
Trd, 4319976.143, 61
Trd, 4319977.343, 62
Trd, 4319978.093, 138
Trd, 4319978.543, 137
Trd, 4319979.393, 69
Trd, 4319979.543, 61
Trd, 4319979.943, 140
Trd, 4319980.393, 62
Trd, 4319980.943, 66
Trd, 4319982.193, 140
Trd, 4319982.493, 140
Trd, 4319983.593, 140
Trd, 4319983.793, 140
Trd, 4319984.243, 138
Trd, 4319985.793, 140
Trd, 4319986.493, 139
Trd, 4319987.043, 139
Trd, 4319987.093, 138
Trd, 4319988.643, 140
Trd, 4319990.343, 140
Trd, 4319990.393, 140
Trd, 4319990.443, 139
Trd, 4319990.543, 139
Trd, 4319990.843, 100
Trd, 4319991.943, 139
Trd, 4319992.693, 140
Trd, 4319993.893, 140
Trd, 4319994.343, 139
Trd, 4319995.643, 140
Trd, 4319995.993, 140
Trd, 4319996.993, 140
Trd, 4319998.843, 140
Trd, 4319998.943, 140
Trd, 4319999.843, 140
