Trd, 4318140.443, 107
Trd, 4318141.093, 134
Trd, 4318141.343, 133
Trd, 4318141.893, 117
Trd, 4318141.993, 112
Trd, 4318142.943, 88
Trd, 4318143.693, 87
Trd, 4318144.393, 62
Trd, 4318144.843, 102
Trd, 4318145.593, 94
Trd, 4318146.543, 99
Trd, 4318146.893, 128
Trd, 4318147.093, 128
Trd, 4318147.493, 129
Trd, 4318148.193, 127
Trd, 4318148.943, 119
Trd, 4318149.643, 99
Trd, 4318150.243, 91
Trd, 4318151.193, 136
Trd, 4318152.043, 129
Trd, 4318152.693, 124
Trd, 4318152.993, 66
Trd, 4318154.393, 88
Trd, 4318154.593, 81
Trd, 4318155.093, 88
Trd, 4318155.193, 114
Trd, 4318155.243, 87
Trd, 4318155.393, 126
Trd, 4318156.443, 65
Trd, 4318158.793, 102
Trd, 4318160.093, 140
Trd, 4318160.143, 75
Trd, 4318160.193, 73
Trd, 4318160.743, 64
Trd, 4318161.293, 71
Trd, 4318161.493, 63
Trd, 4318161.693, 61
Trd, 4318162.093, 110
Trd, 4318164.143, 69
Trd, 4318165.143, 131
Trd, 4318165.543, 129
Trd, 4318166.343, 115
Trd, 4318167.393, 120
Trd, 4318167.643, 140
Trd, 4318167.793, 139
Trd, 4318168.993, 127
Trd, 4318169.243, 111
Trd, 4318169.643, 106
Trd, 4318169.843, 104
Trd, 4318170.343, 93
Trd, 4318171.593, 86
Trd, 4318172.493, 84
Trd, 4318172.793, 129
Trd, 4318173.993, 92
Trd, 4318174.043, 91
Trd, 4318174.393, 119
Trd, 4318174.543, 85
Trd, 4318174.843, 87
Trd, 4318176.943, 135
Trd, 4318177.143, 119
Trd, 4318177.593, 111
Trd, 4318178.743, 107
Trd, 4318179.343, 117
Trd, 4318179.793, 115
Trd, 4318180.043, 127
Trd, 4318182.293, 128
Trd, 4318183.393, 114
Trd, 4318184.143, 100
Trd, 4318184.393, 98
Trd, 4318185.043, 83
Trd, 4318185.243, 101
Trd, 4318186.343, 127
Trd, 4318186.943, 122
Trd, 4318187.143, 121
Trd, 4318188.443, 107
Trd, 4318188.943, 107
Trd, 4318189.143, 102
Trd, 4318189.593, 101
Trd, 4318190.593, 92
Trd, 4318190.893, 86
Trd, 4318191.093, 83
Trd, 4318192.343, 119
Trd, 4318192.593, 140
Trd, 4318194.193, 60
Trd, 4318194.593, 68
Trd, 4318195.393, 95
Trd, 4318196.193, 125
Trd, 4318196.743, 131
Trd, 4318198.143, 114
Trd, 4318198.693, 127
Trd, 4318199.143, 60
Trd, 4318200.443, 62
Trd, 4318201.343, 98
Trd, 4318201.893, 102
Trd, 4318203.393, 64
Trd, 4318203.793, 62
Trd, 4318204.643, 102
Trd, 4318205.293, 123
Trd, 4318206.293, 140
Trd, 4318207.243, 125
Trd, 4318207.693, 123
Trd, 4318209.293, 127
Trd, 4318210.443, 135
Trd, 4318210.693, 123
Trd, 4318211.343, 82
Trd, 4318211.843, 61
Trd, 4318213.343, 128
Trd, 4318213.543, 126
Trd, 4318213.593, 115
Trd, 4318214.493, 94
Trd, 4318214.893, 131
Trd, 4318215.443, 65
Trd, 4318215.643, 95
Trd, 4318216.793, 99
Trd, 4318216.843, 82
Trd, 4318217.193, 137
Trd, 4318217.593, 94
Trd, 4318217.893, 86
Trd, 4318220.943, 134
Trd, 4318221.543, 133
Trd, 4318221.693, 126
Trd, 4318222.043, 137
Trd, 4318222.993, 60
Trd, 4318223.693, 90
Trd, 4318223.943, 92
Trd, 4318224.293, 79
Trd, 4318224.893, 79
Trd, 4318225.343, 118
Trd, 4318226.093, 129
Trd, 4318227.843, 73
Trd, 4318228.093, 68
Trd, 4318229.493, 117
Trd, 4318229.593, 103
Trd, 4318229.893, 133
Trd, 4318229.943, 100
Trd, 4318230.643, 113
Trd, 4318231.443, 84
Trd, 4318231.993, 81
Trd, 4318233.593, 134
Trd, 4318233.993, 137
Trd, 4318234.593, 124
Trd, 4318235.193, 123
Trd, 4318236.193, 109
Trd, 4318238.193, 137
Trd, 4318238.743, 123
Trd, 4318238.993, 105
Trd, 4318239.143, 110
Trd, 4318240.243, 103
Trd, 4318240.543, 102
Trd, 4318240.593, 99
Trd, 4318241.943, 99
Trd, 4318242.893, 87
Trd, 4318243.493, 85
Trd, 4318243.793, 84
Trd, 4318245.093, 92
Trd, 4318245.143, 91
Trd, 4318245.193, 80
Trd, 4318245.743, 74
Trd, 4318247.043, 66
Trd, 4318247.593, 109
Trd, 4318247.693, 104
Trd, 4318248.543, 63
Trd, 4318249.343, 64
Trd, 4318249.993, 67
Trd, 4318250.343, 70
Trd, 4318251.043, 140
Trd, 4318252.343, 138
Trd, 4318252.443, 132
Trd, 4318252.693, 123
Trd, 4318252.793, 108
Trd, 4318253.593, 61
Trd, 4318254.543, 72
Trd, 4318257.343, 139
Trd, 4318257.743, 129
Trd, 4318257.893, 128
Trd, 4318258.143, 116
Trd, 4318258.443, 111
Trd, 4318260.343, 128
Trd, 4318261.043, 125
Trd, 4318261.143, 109
Trd, 4318261.193, 103
Trd, 4318261.793, 69
Trd, 4318262.493, 123
Trd, 4318263.043, 76
Trd, 4318264.593, 67
Trd, 4318265.043, 95
Trd, 4318265.193, 76
Trd, 4318265.543, 100
Trd, 4318266.593, 79
Trd, 4318266.993, 104
Trd, 4318267.643, 124
Trd, 4318268.043, 118
Trd, 4318268.493, 122
Trd, 4318269.243, 133
Trd, 4318269.993, 101
Trd, 4318270.193, 126
Trd, 4318272.093, 139
Trd, 4318272.243, 138
Trd, 4318272.793, 135
Trd, 4318274.293, 129
Trd, 4318274.743, 106
Trd, 4318274.843, 92
Trd, 4318275.893, 132
Trd, 4318277.043, 103
Trd, 4318277.293, 140
Trd, 4318278.793, 105
Trd, 4318279.243, 95
Trd, 4318279.343, 94
Trd, 4318280.093, 88
Trd, 4318280.543, 130
Trd, 4318281.493, 129
Trd, 4318281.843, 124
Trd, 4318282.093, 96
Trd, 4318282.543, 138
Trd, 4318283.243, 95
Trd, 4318285.443, 81
Trd, 4318286.143, 77
Trd, 4318286.843, 121
Trd, 4318287.693, 62
Trd, 4318288.943, 136
Trd, 4318289.243, 107
Trd, 4318289.343, 106
Trd, 4318290.143, 120
Trd, 4318291.043, 139
Trd, 4318291.193, 138
Trd, 4318291.793, 120
Trd, 4318293.793, 126
Trd, 4318294.593, 125
Trd, 4318294.743, 131
Trd, 4318294.893, 110
Trd, 4318295.393, 109
Trd, 4318296.943, 101
Trd, 4318297.843, 88
Trd, 4318299.243, 74
Trd, 4318299.893, 124
Trd, 4318300.193, 60
Trd, 4318300.393, 90
Trd, 4318301.893, 65
Trd, 4318303.093, 116
Trd, 4318304.793, 107
Trd, 4318305.243, 107
Trd, 4318305.793, 93
Trd, 4318306.393, 123
Trd, 4318307.443, 64
Trd, 4318307.643, 74
Trd, 4318307.893, 118
Trd, 4318308.143, 110
Trd, 4318310.393, 135
Trd, 4318310.493, 120
Trd, 4318310.943, 107
Trd, 4318310.993, 98
Trd, 4318312.093, 77
Trd, 4318312.493, 107
Trd, 4318312.843, 69
Trd, 4318313.093, 135
Trd, 4318314.243, 124
Trd, 4318315.443, 105
Trd, 4318316.143, 117
Trd, 4318316.743, 98
Trd, 4318316.793, 89
Trd, 4318317.843, 123
Trd, 4318318.493, 97
Trd, 4318319.343, 110
Trd, 4318319.643, 93
Trd, 4318319.793, 93
Trd, 4318320.293, 83
Trd, 4318321.093, 105
Trd, 4318321.693, 103
Trd, 4318321.793, 95
Trd, 4318321.843, 94
Trd, 4318323.393, 83
Trd, 4318323.793, 124
Trd, 4318325.193, 125
Trd, 4318325.643, 123
Trd, 4318326.093, 106
Trd, 4318327.143, 132
Trd, 4318327.443, 85
Trd, 4318328.793, 104
Trd, 4318329.143, 117
Trd, 4318329.393, 104
Trd, 4318330.043, 103
Trd, 4318330.593, 105
Trd, 4318332.093, 112
Trd, 4318332.443, 117
Trd, 4318332.843, 112
Trd, 4318333.743, 84
Trd, 4318334.993, 97
Trd, 4318335.843, 93
Trd, 4318335.943, 91
Trd, 4318336.793, 97
Trd, 4318337.193, 101
Trd, 4318337.943, 87
Trd, 4318338.093, 86
Trd, 4318338.793, 67
Trd, 4318339.693, 113
Trd, 4318340.293, 116
Trd, 4318340.543, 115
Trd, 4318341.493, 107
Trd, 4318341.593, 90
Trd, 4318342.993, 128
Trd, 4318343.243, 123
Trd, 4318343.493, 100
Trd, 4318344.943, 71
Trd, 4318345.443, 90
Trd, 4318346.493, 77
Trd, 4318346.543, 120
Trd, 4318347.293, 114
Trd, 4318347.693, 113
Trd, 4318349.543, 119
Trd, 4318350.043, 117
Trd, 4318350.493, 134
Trd, 4318351.643, 127
Trd, 4318352.043, 108
Trd, 4318352.393, 107
Trd, 4318352.693, 106
Trd, 4318353.443, 85
Trd, 4318353.793, 73
Trd, 4318355.193, 128
Trd, 4318355.293, 137
Trd, 4318357.143, 121
Trd, 4318357.443, 117
Trd, 4318357.793, 117
Trd, 4318358.093, 115
Trd, 4318358.243, 115
Trd, 4318358.293, 97
Trd, 4318360.843, 125
Trd, 4318360.893, 123
Trd, 4318361.693, 89
Trd, 4318362.743, 102
Trd, 4318363.643, 93
Trd, 4318363.693, 95
Trd, 4318365.893, 80
Trd, 4318366.293, 94
Trd, 4318367.243, 130
Trd, 4318367.743, 115
Trd, 4318367.993, 93
Trd, 4318368.343, 82
Trd, 4318370.043, 137
Trd, 4318370.493, 140
Trd, 4318370.843, 136
Trd, 4318371.293, 130
Trd, 4318371.593, 72
Trd, 4318372.293, 71
Trd, 4318372.993, 85
Trd, 4318373.243, 95
Trd, 4318374.793, 85
Trd, 4318375.693, 117
Trd, 4318375.793, 105
Trd, 4318377.193, 110
Trd, 4318377.293, 82
Trd, 4318378.093, 118
Trd, 4318378.243, 123
Trd, 4318379.393, 70
Trd, 4318380.043, 132
Trd, 4318381.093, 105
Trd, 4318383.393, 96
Trd, 4318383.893, 98
Trd, 4318383.943, 89
Trd, 4318384.143, 83
Trd, 4318384.893, 93
Trd, 4318386.793, 95
Trd, 4318387.093, 108
Trd, 4318387.293, 119
Trd, 4318388.193, 126
Trd, 4318388.493, 89
Trd, 4318388.743, 89
Trd, 4318388.943, 88
Trd, 4318390.193, 129
Trd, 4318390.593, 123
Trd, 4318390.793, 122
Trd, 4318391.993, 90
Trd, 4318392.243, 96
Trd, 4318392.893, 139
Trd, 4318393.443, 123
Trd, 4318393.543, 118
Trd, 4318393.893, 107
Trd, 4318394.343, 60
Trd, 4318395.443, 94
Trd, 4318396.543, 96
Trd, 4318396.593, 93
Trd, 4318397.593, 138
Trd, 4318397.643, 128
Trd, 4318397.693, 122
Trd, 4318398.893, 91
Trd, 4318399.093, 90
Trd, 4318400.493, 90
Trd, 4318400.993, 95
Trd, 4318401.193, 91
Trd, 4318401.543, 89
Trd, 4318403.393, 135
Trd, 4318403.693, 108
Trd, 4318404.043, 76
Trd, 4318404.493, 90
Trd, 4318405.543, 87
Trd, 4318405.643, 102
Trd, 4318405.943, 124
Trd, 4318406.643, 60
Trd, 4318407.493, 60
Trd, 4318407.793, 61
Trd, 4318409.093, 93
Trd, 4318410.493, 110
Trd, 4318410.693, 109
Trd, 4318411.843, 71
Trd, 4318412.543, 73
Trd, 4318412.593, 109
Trd, 4318412.843, 74
Trd, 4318414.693, 109
Trd, 4318414.943, 95
Trd, 4318416.543, 126
Trd, 4318416.843, 109
Trd, 4318417.143, 108
Trd, 4318418.043, 103
Trd, 4318418.993, 71
Trd, 4318419.093, 71
Trd, 4318419.943, 64
Trd, 4318420.793, 94
Trd, 4318421.243, 107
Trd, 4318422.243, 75
Trd, 4318423.293, 113
Trd, 4318424.193, 111
Trd, 4318424.243, 110
Trd, 4318425.243, 126
Trd, 4318426.393, 122
Trd, 4318426.743, 95
Trd, 4318427.993, 65
Trd, 4318429.093, 100
Trd, 4318429.893, 69
Trd, 4318430.293, 64
Trd, 4318430.643, 77
Trd, 4318431.593, 95
Trd, 4318431.843, 61
Trd, 4318432.193, 62
Trd, 4318432.643, 76
Trd, 4318433.793, 93
Trd, 4318433.893, 82
Trd, 4318434.493, 103
Trd, 4318434.793, 96
Trd, 4318436.393, 122
Trd, 4318437.993, 126
Trd, 4318438.293, 100
Trd, 4318438.543, 98
Trd, 4318439.293, 131
Trd, 4318439.893, 102
Trd, 4318440.143, 88
Trd, 4318440.543, 108
Trd, 4318440.693, 84
Trd, 4318440.943, 64
Trd, 4318442.243, 124
Trd, 4318443.043, 122
Trd, 4318444.093, 98
Trd, 4318444.943, 140
Trd, 4318445.543, 139
Trd, 4318445.643, 123
Trd, 4318445.693, 90
Trd, 4318446.493, 129
Trd, 4318447.893, 126
Trd, 4318448.393, 97
Trd, 4318449.243, 95
Trd, 4318449.893, 96
Trd, 4318450.093, 95
Trd, 4318451.643, 94
Trd, 4318451.843, 93
Trd, 4318451.893, 79
Trd, 4318452.393, 132
Trd, 4318452.943, 121
Trd, 4318453.643, 82
Trd, 4318454.193, 117
Trd, 4318455.343, 135
Trd, 4318455.593, 109
Trd, 4318457.543, 106
Trd, 4318457.893, 104
Trd, 4318458.193, 96
Trd, 4318458.843, 93
Trd, 4318459.993, 97
Trd, 4318460.493, 134
Trd, 4318461.443, 113
Trd, 4318462.143, 89
Trd, 4318463.993, 96
Trd, 4318464.043, 90
Trd, 4318464.243, 97
Trd, 4318464.493, 84
Trd, 4318465.043, 108
Trd, 4318465.543, 71
Trd, 4318467.493, 115
Trd, 4318467.743, 114
Trd, 4318467.793, 102
Trd, 4318468.393, 68
Trd, 4318469.493, 92
Trd, 4318469.693, 98
Trd, 4318471.043, 112
Trd, 4318471.293, 101
Trd, 4318471.443, 93
Trd, 4318471.693, 108
Trd, 4318472.093, 118
Trd, 4318472.443, 84
Trd, 4318473.393, 132
Trd, 4318473.693, 126
Trd, 4318475.093, 101
Trd, 4318475.743, 106
Trd, 4318475.893, 110
Trd, 4318476.643, 85
Trd, 4318477.343, 95
Trd, 4318478.843, 109
Trd, 4318479.043, 117
Trd, 4318479.093, 91
Trd, 4318479.343, 119
Trd, 4318479.843, 82
Trd, 4318481.193, 102
Trd, 4318482.443, 61
Trd, 4318483.043, 61
Trd, 4318483.343, 109
Trd, 4318484.043, 92
Trd, 4318484.543, 100
Trd, 4318486.343, 120
Trd, 4318486.493, 74
Trd, 4318487.843, 97
Trd, 4318488.943, 88
Trd, 4318490.993, 99
Trd, 4318491.293, 98
Trd, 4318492.343, 88
Trd, 4318492.843, 102
Trd, 4318493.493, 83
Trd, 4318493.993, 101
Trd, 4318494.393, 128
Trd, 4318494.543, 104
Trd, 4318495.343, 100
Trd, 4318495.893, 91
Trd, 4318497.093, 121
Trd, 4318497.293, 121
Trd, 4318497.393, 91
Trd, 4318498.993, 101
Trd, 4318499.643, 103
Trd, 4318499.843, 110
Trd, 4318500.643, 105
Trd, 4318501.543, 132
Trd, 4318501.593, 131
Trd, 4318502.243, 102
Trd, 4318502.293, 92
Trd, 4318503.893, 122
Trd, 4318504.143, 104
Trd, 4318504.343, 103
Trd, 4318506.343, 114
Trd, 4318507.043, 107
Trd, 4318507.093, 101
Trd, 4318507.393, 104
Trd, 4318508.293, 99
Trd, 4318508.443, 98
Trd, 4318509.193, 83
Trd, 4318510.393, 126
Trd, 4318511.043, 60
Trd, 4318511.143, 66
Trd, 4318511.343, 67
Trd, 4318512.543, 124
Trd, 4318513.843, 63
Trd, 4318514.743, 94
Trd, 4318514.943, 75
Trd, 4318515.693, 69
Trd, 4318516.593, 74
Trd, 4318516.793, 65
Trd, 4318518.743, 130
Trd, 4318519.193, 134
Trd, 4318519.343, 121
Trd, 4318519.793, 139
Trd, 4318522.543, 130
Trd, 4318522.643, 114
Trd, 4318522.943, 113
Trd, 4318524.193, 128
Trd, 4318524.343, 127
Trd, 4318524.993, 129
Trd, 4318525.493, 126
Trd, 4318526.143, 137
Trd, 4318526.693, 132
Trd, 4318528.243, 128
Trd, 4318528.543, 120
Trd, 4318528.693, 119
Trd, 4318529.043, 133
Trd, 4318529.443, 115
Trd, 4318529.893, 123
Trd, 4318530.843, 87
Trd, 4318531.193, 126
Trd, 4318531.693, 112
Trd, 4318532.043, 110
Trd, 4318532.743, 115
Trd, 4318533.793, 103
Trd, 4318534.093, 111
Trd, 4318535.643, 118
Trd, 4318536.443, 104
Trd, 4318537.843, 102
Trd, 4318538.593, 120
Trd, 4318539.943, 95
Trd, 4318540.743, 109
Trd, 4318541.443, 121
Trd, 4318542.493, 121
Trd, 4318542.593, 105
Trd, 4318542.793, 96
Trd, 4318543.243, 94
Trd, 4318543.393, 86
Trd, 4318543.693, 83
Trd, 4318544.593, 74
Trd, 4318545.093, 77
Trd, 4318545.293, 82
Trd, 4318545.793, 117
Trd, 4318547.193, 140
Trd, 4318548.393, 108
Trd, 4318548.493, 87
Trd, 4318548.943, 100
Trd, 4318549.843, 64
Trd, 4318550.393, 103
Trd, 4318550.993, 98
Trd, 4318552.543, 113
Trd, 4318552.693, 103
Trd, 4318552.993, 107
Trd, 4318553.293, 86
Trd, 4318554.943, 109
Trd, 4318555.143, 86
Trd, 4318555.193, 77
Trd, 4318557.943, 75
Trd, 4318558.393, 75
Trd, 4318558.443, 118
Trd, 4318559.343, 117
Trd, 4318559.693, 134
Trd, 4318561.093, 92
Trd, 4318561.193, 76
Trd, 4318561.343, 74
Trd, 4318562.093, 91
Trd, 4318562.193, 70
Trd, 4318562.543, 63
Trd, 4318563.393, 129
Trd, 4318564.093, 95
Trd, 4318565.243, 89
Trd, 4318565.993, 86
Trd, 4318566.293, 90
Trd, 4318567.693, 88
Trd, 4318568.193, 81
Trd, 4318568.293, 80
Trd, 4318569.193, 88
Trd, 4318569.643, 87
Trd, 4318570.343, 109
Trd, 4318570.543, 69
Trd, 4318570.943, 82
Trd, 4318570.993, 99
Trd, 4318572.093, 63
Trd, 4318574.443, 116
Trd, 4318575.143, 116
Trd, 4318575.493, 136
Trd, 4318575.993, 106
Trd, 4318576.343, 80
Trd, 4318577.143, 99
Trd, 4318577.443, 99
Trd, 4318578.593, 115
Trd, 4318579.593, 121
Trd, 4318580.093, 138
Trd, 4318580.343, 129
Trd, 4318582.293, 126
Trd, 4318582.393, 117
Trd, 4318582.443, 110
Trd, 4318582.843, 103
Trd, 4318583.593, 101
Trd, 4318584.293, 104
Trd, 4318585.093, 79
Trd, 4318586.543, 125
Trd, 4318586.693, 124
Trd, 4318586.943, 117
Trd, 4318587.293, 109
Trd, 4318587.793, 103
Trd, 4318589.043, 79
Trd, 4318590.843, 61
Trd, 4318591.293, 79
Trd, 4318591.743, 82
Trd, 4318592.193, 69
Trd, 4318592.343, 78
Trd, 4318593.443, 77
Trd, 4318593.893, 95
Trd, 4318595.243, 85
Trd, 4318595.343, 85
Trd, 4318595.443, 88
Trd, 4318596.493, 132
Trd, 4318597.343, 94
Trd, 4318598.843, 97
Trd, 4318599.643, 88
Trd, 4318599.693, 87
Trd, 4318602.343, 134
Trd, 4318602.793, 124
Trd, 4318602.843, 122
Trd, 4318603.093, 113
Trd, 4318603.643, 132
Trd, 4318603.693, 93
Trd, 4318604.243, 71
Trd, 4318604.793, 61
Trd, 4318604.943, 112
Trd, 4318606.193, 137
Trd, 4318606.793, 140
Trd, 4318607.543, 140
Trd, 4318608.043, 74
Trd, 4318608.993, 71
Trd, 4318609.693, 103
Trd, 4318611.993, 122
Trd, 4318612.043, 117
Trd, 4318612.593, 139
Trd, 4318612.643, 138
Trd, 4318613.393, 101
Trd, 4318613.443, 93
Trd, 4318614.693, 97
Trd, 4318615.243, 99
Trd, 4318616.493, 63
Trd, 4318617.193, 100
Trd, 4318617.943, 105
Trd, 4318618.193, 104
Trd, 4318618.643, 125
Trd, 4318619.293, 97
Trd, 4318621.093, 120
Trd, 4318621.793, 135
Trd, 4318622.043, 124
Trd, 4318623.393, 140
Trd, 4318623.593, 137
Trd, 4318624.543, 92
Trd, 4318624.893, 131
Trd, 4318626.043, 102
Trd, 4318627.343, 83
Trd, 4318628.643, 133
Trd, 4318629.293, 128
Trd, 4318629.393, 127
Trd, 4318630.693, 123
Trd, 4318630.893, 123
Trd, 4318631.143, 122
Trd, 4318631.443, 96
Trd, 4318631.543, 112
Trd, 4318632.943, 93
Trd, 4318633.943, 101
Trd, 4318634.043, 115
Trd, 4318635.143, 96
Trd, 4318635.543, 93
Trd, 4318635.593, 86
Trd, 4318637.043, 132
Trd, 4318637.593, 134
Trd, 4318638.343, 132
Trd, 4318638.843, 115
Trd, 4318639.143, 92
Trd, 4318641.293, 119
Trd, 4318642.143, 137
Trd, 4318642.693, 138
Trd, 4318643.093, 136
Trd, 4318644.443, 131
Trd, 4318645.093, 128
Trd, 4318645.643, 115
Trd, 4318645.993, 136
Trd, 4318647.093, 125
Trd, 4318647.143, 114
Trd, 4318647.593, 113
Trd, 4318647.793, 113
Trd, 4318648.043, 106
Trd, 4318648.343, 91
Trd, 4318651.193, 128
Trd, 4318651.293, 126
Trd, 4318651.393, 115
Trd, 4318651.843, 140
Trd, 4318651.893, 121
Trd, 4318652.443, 106
Trd, 4318653.643, 92
Trd, 4318654.793, 127
Trd, 4318655.393, 130
Trd, 4318655.793, 119
Trd, 4318657.943, 101
Trd, 4318658.293, 124
Trd, 4318658.343, 98
Trd, 4318659.393, 103
Trd, 4318660.593, 137
Trd, 4318661.093, 112
Trd, 4318661.243, 103
Trd, 4318661.293, 103
Trd, 4318663.643, 117
Trd, 4318663.993, 115
Trd, 4318664.243, 61
Trd, 4318664.593, 116
Trd, 4318665.493, 108
Trd, 4318665.543, 82
Trd, 4318666.543, 82
Trd, 4318667.443, 114
Trd, 4318667.843, 125
Trd, 4318668.093, 91
Trd, 4318668.343, 132
Trd, 4318669.993, 70
Trd, 4318672.843, 61
Trd, 4318672.943, 93
Trd, 4318673.393, 87
Trd, 4318675.043, 60
Trd, 4318675.393, 129
Trd, 4318675.943, 99
Trd, 4318676.893, 99
Trd, 4318676.943, 98
Trd, 4318677.443, 83
Trd, 4318677.993, 137
Trd, 4318678.443, 94
Trd, 4318678.493, 74
Trd, 4318680.793, 106
Trd, 4318681.343, 82
Trd, 4318681.793, 80
Trd, 4318682.193, 74
Trd, 4318682.393, 73
Trd, 4318682.593, 103
Trd, 4318685.993, 132
Trd, 4318686.043, 92
Trd, 4318686.343, 77
Trd, 4318686.393, 73
Trd, 4318686.543, 74
Trd, 4318687.493, 86
Trd, 4318689.393, 116
Trd, 4318690.343, 125
Trd, 4318690.543, 113
Trd, 4318691.843, 118
Trd, 4318693.043, 135
Trd, 4318693.193, 127
Trd, 4318693.443, 125
Trd, 4318693.543, 114
Trd, 4318693.593, 112
Trd, 4318694.143, 139
Trd, 4318694.693, 72
Trd, 4318695.793, 75
Trd, 4318696.693, 93
Trd, 4318698.293, 99
Trd, 4318698.493, 106
Trd, 4318698.943, 109
Trd, 4318698.993, 108
Trd, 4318699.193, 60
Trd, 4318699.943, 65
Trd, 4318701.143, 77
Trd, 4318702.843, 111
Trd, 4318703.143, 101
Trd, 4318703.393, 100
Trd, 4318703.793, 86
Trd, 4318703.893, 84
Trd, 4318705.293, 110
Trd, 4318706.243, 63
Trd, 4318707.093, 75
Trd, 4318708.343, 135
Trd, 4318708.943, 120
Trd, 4318709.143, 111
Trd, 4318709.593, 109
Trd, 4318709.793, 122
Trd, 4318710.393, 95
Trd, 4318711.193, 110
Trd, 4318712.243, 121
Trd, 4318712.793, 118
Trd, 4318714.043, 99
Trd, 4318714.343, 122
Trd, 4318715.243, 123
Trd, 4318715.293, 114
Trd, 4318716.743, 89
Trd, 4318717.293, 112
Trd, 4318718.643, 140
Trd, 4318719.043, 136
Trd, 4318719.443, 124
Trd, 4318719.793, 102
Trd, 4318720.993, 97
Trd, 4318722.293, 140
Trd, 4318722.493, 140
Trd, 4318722.543, 138
Trd, 4318723.693, 120
Trd, 4318724.243, 116
Trd, 4318724.993, 124
Trd, 4318726.393, 111
Trd, 4318726.943, 81
Trd, 4318727.943, 76
Trd, 4318728.993, 118
Trd, 4318730.293, 110
Trd, 4318730.843, 119
Trd, 4318731.193, 109
Trd, 4318731.393, 106
Trd, 4318731.543, 136
Trd, 4318731.693, 98
Trd, 4318731.943, 91
Trd, 4318733.243, 117
Trd, 4318733.743, 107
Trd, 4318734.093, 135
Trd, 4318734.793, 103
Trd, 4318735.843, 84
Trd, 4318738.193, 100
Trd, 4318738.343, 100
Trd, 4318738.643, 90
Trd, 4318739.143, 106
Trd, 4318739.643, 84
Trd, 4318740.393, 116
Trd, 4318740.793, 72
Trd, 4318741.493, 62
Trd, 4318742.293, 73
Trd, 4318743.043, 121
Trd, 4318744.093, 127
Trd, 4318744.443, 119
Trd, 4318745.293, 103
Trd, 4318745.343, 101
Trd, 4318745.443, 93
Trd, 4318746.943, 135
Trd, 4318747.243, 134
Trd, 4318747.893, 133
Trd, 4318748.343, 117
Trd, 4318748.643, 131
Trd, 4318749.993, 76
Trd, 4318750.793, 86
Trd, 4318752.043, 69
Trd, 4318752.393, 73
Trd, 4318752.693, 93
Trd, 4318752.843, 110
Trd, 4318754.143, 102
Trd, 4318754.643, 89
Trd, 4318755.743, 89
Trd, 4318755.993, 77
Trd, 4318756.993, 89
Trd, 4318757.093, 88
Trd, 4318757.193, 98
Trd, 4318758.243, 138
Trd, 4318758.593, 96
Trd, 4318758.693, 95
Trd, 4318760.143, 130
Trd, 4318760.593, 118
Trd, 4318761.493, 113
Trd, 4318761.793, 112
Trd, 4318762.243, 110
Trd, 4318763.343, 130
Trd, 4318763.593, 120
Trd, 4318764.543, 119
Trd, 4318764.993, 124
Trd, 4318765.793, 121
Trd, 4318766.143, 107
Trd, 4318767.343, 89
Trd, 4318768.043, 80
Trd, 4318768.093, 99
Trd, 4318769.593, 66
Trd, 4318771.593, 62
Trd, 4318772.193, 131
Trd, 4318772.593, 136
Trd, 4318773.143, 104
Trd, 4318773.543, 103
Trd, 4318774.143, 127
Trd, 4318774.793, 125
Trd, 4318775.693, 123
Trd, 4318775.943, 122
Trd, 4318776.893, 124
Trd, 4318777.043, 104
Trd, 4318777.393, 103
Trd, 4318777.443, 90
Trd, 4318779.843, 119
Trd, 4318780.993, 137
Trd, 4318781.493, 127
Trd, 4318782.093, 124
Trd, 4318783.293, 136
Trd, 4318783.343, 135
Trd, 4318783.543, 134
Trd, 4318785.643, 126
Trd, 4318785.693, 105
Trd, 4318786.843, 127
Trd, 4318787.293, 113
Trd, 4318787.893, 107
Trd, 4318788.143, 98
Trd, 4318788.693, 135
Trd, 4318788.943, 86
Trd, 4318789.693, 92
Trd, 4318791.843, 128
Trd, 4318791.893, 117
Trd, 4318792.043, 135
Trd, 4318792.443, 78
Trd, 4318793.093, 102
Trd, 4318794.843, 86
Trd, 4318795.293, 90
Trd, 4318795.443, 67
Trd, 4318795.893, 66
Trd, 4318796.843, 124
Trd, 4318797.293, 122
Trd, 4318797.793, 102
Trd, 4318798.693, 62
Trd, 4318799.243, 64
Trd, 4318799.693, 63
Trd, 4318800.393, 65
Trd, 4318800.743, 127
Trd, 4318802.043, 130
Trd, 4318802.193, 117
Trd, 4318803.043, 136
Trd, 4318805.143, 111
Trd, 4318805.243, 106
Trd, 4318805.793, 140
Trd, 4318806.093, 114
Trd, 4318806.493, 91
Trd, 4318808.493, 127
Trd, 4318808.643, 138
Trd, 4318809.143, 124
Trd, 4318809.893, 140
Trd, 4318810.593, 106
Trd, 4318811.493, 132
Trd, 4318812.593, 140
Trd, 4318812.643, 88
Trd, 4318813.843, 70
Trd, 4318814.543, 70
Trd, 4318814.793, 77
Trd, 4318815.693, 73
Trd, 4318815.893, 73
Trd, 4318815.993, 79
Trd, 4318817.493, 116
Trd, 4318817.793, 134
Trd, 4318818.643, 137
Trd, 4318819.043, 89
Trd, 4318820.843, 102
Trd, 4318821.393, 102
Trd, 4318822.493, 101
Trd, 4318823.643, 117
Trd, 4318823.693, 92
Trd, 4318823.943, 130
Trd, 4318825.193, 84
Trd, 4318825.243, 67
Trd, 4318826.293, 77
Trd, 4318827.543, 114
Trd, 4318827.893, 72
Trd, 4318828.093, 125
Trd, 4318828.343, 70
Trd, 4318828.793, 120
Trd, 4318830.293, 83
Trd, 4318831.393, 79
Trd, 4318831.943, 75
Trd, 4318832.893, 76
Trd, 4318833.243, 69
Trd, 4318833.493, 61
Trd, 4318833.743, 114
Trd, 4318834.093, 108
Trd, 4318835.343, 61
Trd, 4318837.293, 87
Trd, 4318837.443, 80
Trd, 4318837.893, 94
Trd, 4318838.893, 117
Trd, 4318840.393, 106
Trd, 4318840.793, 108
Trd, 4318841.043, 105
Trd, 4318841.243, 94
Trd, 4318841.993, 63
Trd, 4318842.843, 61
Trd, 4318843.093, 73
Trd, 4318843.243, 75
Trd, 4318844.693, 106
Trd, 4318844.843, 83
Trd, 4318845.443, 81
Trd, 4318846.343, 97
Trd, 4318847.893, 65
Trd, 4318848.143, 85
Trd, 4318848.993, 133
Trd, 4318849.143, 65
Trd, 4318850.043, 79
Trd, 4318850.743, 64
Trd, 4318851.643, 114
Trd, 4318852.293, 116
Trd, 4318852.743, 102
Trd, 4318854.293, 116
Trd, 4318854.793, 114
Trd, 4318854.843, 108
Trd, 4318855.493, 121
Trd, 4318857.343, 60
Trd, 4318857.593, 109
Trd, 4318858.393, 69
Trd, 4318858.593, 68
Trd, 4318859.543, 63
Trd, 4318859.743, 82
Trd, 4318860.893, 107
Trd, 4318861.793, 73
Trd, 4318861.943, 82
Trd, 4318862.093, 96
Trd, 4318862.393, 70
Trd, 4318863.743, 65
Trd, 4318865.193, 83
Trd, 4318865.393, 71
Trd, 4318865.943, 114
Trd, 4318866.693, 96
Trd, 4318867.343, 124
Trd, 4318869.043, 127
Trd, 4318869.093, 126
Trd, 4318869.643, 133
Trd, 4318870.743, 131
Trd, 4318870.843, 123
Trd, 4318871.193, 107
Trd, 4318871.893, 124
Trd, 4318872.093, 122
Trd, 4318872.843, 121
Trd, 4318873.743, 120
Trd, 4318874.443, 119
Trd, 4318874.743, 117
Trd, 4318876.343, 116
Trd, 4318876.643, 107
Trd, 4318878.343, 102
Trd, 4318878.543, 118
Trd, 4318878.993, 101
Trd, 4318879.743, 101
Trd, 4318880.593, 87
Trd, 4318880.793, 139
Trd, 4318881.043, 117
Trd, 4318882.443, 132
Trd, 4318884.443, 126
Trd, 4318885.093, 126
Trd, 4318885.293, 124
Trd, 4318886.543, 136
Trd, 4318886.643, 136
Trd, 4318886.743, 135
Trd, 4318886.893, 122
Trd, 4318887.843, 99
Trd, 4318888.643, 78
Trd, 4318889.593, 103
Trd, 4318890.043, 105
Trd, 4318890.943, 66
Trd, 4318892.693, 94
Trd, 4318893.093, 127
Trd, 4318893.243, 116
Trd, 4318895.093, 83
Trd, 4318895.543, 94
Trd, 4318896.693, 138
Trd, 4318897.093, 135
Trd, 4318897.543, 134
Trd, 4318897.743, 124
Trd, 4318898.093, 120
Trd, 4318898.243, 88
Trd, 4318898.293, 122
Trd, 4318898.893, 61
Trd, 4318901.093, 60
Trd, 4318901.893, 74
Trd, 4318902.443, 75
Trd, 4318902.993, 61
Trd, 4318904.043, 129
Trd, 4318904.343, 61
Trd, 4318904.843, 102
Trd, 4318906.143, 109
Trd, 4318906.743, 100
Trd, 4318907.143, 75
Trd, 4318907.443, 84
Trd, 4318908.843, 106
Trd, 4318909.643, 140
Trd, 4318910.693, 105
Trd, 4318911.593, 99
Trd, 4318911.693, 92
Trd, 4318911.843, 72
Trd, 4318913.793, 97
Trd, 4318914.193, 108
Trd, 4318914.593, 73
Trd, 4318915.043, 103
Trd, 4318915.693, 140
Trd, 4318916.143, 140
Trd, 4318916.343, 116
Trd, 4318918.093, 60
Trd, 4318918.293, 63
Trd, 4318919.193, 97
Trd, 4318920.293, 110
Trd, 4318921.243, 73
Trd, 4318921.743, 118
Trd, 4318922.343, 130
Trd, 4318922.543, 117
Trd, 4318923.693, 119
Trd, 4318924.043, 118
Trd, 4318925.343, 126
Trd, 4318925.593, 112
Trd, 4318926.943, 77
Trd, 4318928.593, 134
Trd, 4318928.843, 114
Trd, 4318929.443, 107
Trd, 4318929.893, 95
Trd, 4318931.493, 107
Trd, 4318931.693, 96
Trd, 4318932.293, 131
Trd, 4318932.543, 128
Trd, 4318934.643, 89
Trd, 4318934.743, 110
Trd, 4318935.543, 120
Trd, 4318936.143, 119
Trd, 4318936.843, 133
Trd, 4318937.543, 106
Trd, 4318937.843, 99
Trd, 4318937.993, 97
Trd, 4318938.643, 108
Trd, 4318941.293, 102
Trd, 4318941.343, 94
Trd, 4318941.393, 84
Trd, 4318941.543, 97
Trd, 4318942.643, 78
Trd, 4318943.193, 130
Trd, 4318943.443, 86
Trd, 4318945.043, 99
Trd, 4318945.543, 65
Trd, 4318945.693, 65
Trd, 4318947.493, 126
Trd, 4318948.393, 125
Trd, 4318949.093, 115
Trd, 4318949.443, 117
Trd, 4318950.093, 104
Trd, 4318950.293, 93
Trd, 4318950.793, 118
Trd, 4318951.593, 85
Trd, 4318952.643, 84
Trd, 4318953.493, 111
Trd, 4318953.793, 140
Trd, 4318954.193, 92
Trd, 4318955.043, 125
Trd, 4318957.593, 128
Trd, 4318958.243, 125
Trd, 4318958.343, 108
Trd, 4318959.143, 97
Trd, 4318959.243, 83
Trd, 4318960.093, 123
Trd, 4318960.943, 112
Trd, 4318961.093, 111
Trd, 4318961.643, 124
Trd, 4318962.343, 96
Trd, 4318963.343, 123
Trd, 4318963.993, 103
Trd, 4318964.893, 128
Trd, 4318965.893, 99
Trd, 4318966.093, 99
Trd, 4318966.343, 79
Trd, 4318966.493, 108
Trd, 4318967.243, 93
Trd, 4318968.043, 119
Trd, 4318969.343, 100
Trd, 4318970.243, 90
Trd, 4318972.193, 132
Trd, 4318973.043, 103
Trd, 4318974.143, 121
Trd, 4318974.293, 120
Trd, 4318974.793, 119
Trd, 4318974.843, 114
Trd, 4318976.193, 74
Trd, 4318976.493, 103
Trd, 4318976.643, 70
Trd, 4318976.843, 122
Trd, 4318977.943, 128
Trd, 4318978.193, 85
Trd, 4318979.793, 120
Trd, 4318979.893, 85
Trd, 4318980.293, 95
Trd, 4318982.943, 105
Trd, 4318984.143, 123
Trd, 4318984.393, 110
Trd, 4318985.193, 110
Trd, 4318986.043, 111
Trd, 4318986.293, 82
Trd, 4318987.643, 94
Trd, 4318988.593, 71
Trd, 4318988.643, 119
Trd, 4318989.543, 64
Trd, 4318989.943, 60
Trd, 4318990.193, 75
Trd, 4318991.643, 103
Trd, 4318991.743, 104
Trd, 4318992.043, 102
Trd, 4318992.093, 99
Trd, 4318993.143, 132
Trd, 4318994.693, 100
Trd, 4318996.093, 96
Trd, 4318997.043, 85
Trd, 4318997.393, 81
Trd, 4318997.643, 82
Trd, 4318997.993, 80
Trd, 4318998.493, 119
Trd, 4319000.343, 110
Trd, 4319000.943, 122
Trd, 4319001.143, 101
Trd, 4319001.443, 99
Trd, 4319001.693, 98
Trd, 4319002.243, 117
Trd, 4319002.643, 110
Trd, 4319004.043, 111
Trd, 4319004.943, 138
Trd, 4319006.093, 89
Trd, 4319006.293, 127
Trd, 4319006.743, 107
Trd, 4319007.243, 100
Trd, 4319008.443, 100
Trd, 4319008.693, 107
Trd, 4319009.043, 97
Trd, 4319010.893, 102
Trd, 4319010.993, 84
Trd, 4319011.493, 136
Trd, 4319012.443, 90
Trd, 4319012.643, 88
Trd, 4319013.343, 140
Trd, 4319013.893, 138
Trd, 4319014.443, 110
Trd, 4319015.693, 125
Trd, 4319017.393, 125
Trd, 4319017.443, 124
Trd, 4319017.643, 111
Trd, 4319017.843, 89
Trd, 4319018.093, 73
Trd, 4319019.243, 133
Trd, 4319020.493, 98
Trd, 4319020.793, 97
Trd, 4319021.293, 118
Trd, 4319021.943, 97
Trd, 4319022.443, 79
Trd, 4319022.793, 83
Trd, 4319024.593, 83
Trd, 4319025.993, 81
Trd, 4319026.393, 81
Trd, 4319026.643, 82
Trd, 4319027.343, 123
Trd, 4319027.743, 130
Trd, 4319028.043, 135
Trd, 4319028.093, 125
Trd, 4319029.193, 73
Trd, 4319030.593, 61
Trd, 4319031.193, 68
Trd, 4319031.393, 121
Trd, 4319032.643, 61
Trd, 4319032.843, 62
Trd, 4319033.343, 69
Trd, 4319033.393, 93
Trd, 4319033.543, 121
Trd, 4319034.943, 92
Trd, 4319036.143, 137
Trd, 4319037.293, 117
Trd, 4319038.143, 137
Trd, 4319038.493, 137
Trd, 4319038.893, 136
Trd, 4319039.443, 135
Trd, 4319039.543, 134
Trd, 4319040.793, 89
Trd, 4319041.343, 115
Trd, 4319041.643, 107
Trd, 4319042.093, 86
Trd, 4319042.743, 83
Trd, 4319042.943, 135
Trd, 4319043.693, 122
Trd, 4319046.193, 100
Trd, 4319047.493, 125
Trd, 4319047.793, 102
Trd, 4319047.893, 100
Trd, 4319048.343, 99
Trd, 4319048.943, 109
Trd, 4319049.343, 109
Trd, 4319050.543, 112
Trd, 4319051.143, 136
Trd, 4319052.193, 102
Trd, 4319052.743, 128
Trd, 4319052.893, 116
Trd, 4319053.243, 102
Trd, 4319054.093, 120
Trd, 4319054.193, 119
Trd, 4319055.043, 72
Trd, 4319055.243, 84
Trd, 4319055.693, 96
Trd, 4319056.493, 73
Trd, 4319057.693, 99
Trd, 4319059.693, 108
Trd, 4319059.843, 108
Trd, 4319060.943, 61
Trd, 4319061.343, 67
Trd, 4319061.993, 71
Trd, 4319062.393, 77
Trd, 4319062.493, 65
Trd, 4319062.893, 63
Trd, 4319063.443, 95
Trd, 4319064.343, 98
Trd, 4319065.893, 119
Trd, 4319065.943, 82
Trd, 4319066.243, 128
Trd, 4319067.893, 112
Trd, 4319068.143, 99
Trd, 4319068.293, 85
Trd, 4319068.343, 113
Trd, 4319068.643, 76
Trd, 4319068.943, 65
Trd, 4319071.093, 86
Trd, 4319071.493, 89
Trd, 4319071.693, 115
Trd, 4319072.093, 75
Trd, 4319073.893, 104
Trd, 4319074.343, 88
Trd, 4319075.243, 61
Trd, 4319076.393, 60
Trd, 4319076.543, 79
Trd, 4319078.393, 85
Trd, 4319078.443, 105
Trd, 4319080.993, 95
Trd, 4319081.043, 93
Trd, 4319081.243, 91
Trd, 4319082.443, 65
Trd, 4319082.943, 135
Trd, 4319084.343, 81
Trd, 4319085.143, 83
Trd, 4319085.493, 84
Trd, 4319086.043, 130
Trd, 4319086.193, 88
Trd, 4319086.343, 130
Trd, 4319088.093, 98
Trd, 4319088.493, 88
Trd, 4319088.793, 84
Trd, 4319089.093, 109
Trd, 4319089.193, 79
Trd, 4319089.743, 67
Trd, 4319090.443, 120
Trd, 4319091.693, 133
Trd, 4319093.143, 139
Trd, 4319093.193, 136
Trd, 4319093.443, 140
Trd, 4319093.593, 124
Trd, 4319094.843, 120
Trd, 4319095.343, 97
Trd, 4319095.393, 85
Trd, 4319095.793, 78
Trd, 4319096.593, 118
Trd, 4319096.793, 116
Trd, 4319098.743, 134
Trd, 4319098.993, 129
Trd, 4319099.793, 60
Trd, 4319100.393, 62
Trd, 4319101.243, 85
Trd, 4319101.693, 127
Trd, 4319102.693, 131
Trd, 4319102.843, 120
Trd, 4319105.493, 130
Trd, 4319106.193, 140
Trd, 4319106.243, 138
Trd, 4319107.043, 115
Trd, 4319107.343, 94
Trd, 4319108.293, 128
Trd, 4319108.393, 83
Trd, 4319109.043, 116
Trd, 4319109.493, 94
Trd, 4319110.193, 123
Trd, 4319110.743, 115
Trd, 4319111.743, 109
Trd, 4319111.993, 96
Trd, 4319112.393, 124
Trd, 4319112.793, 74
Trd, 4319113.043, 139
Trd, 4319115.393, 105
Trd, 4319117.043, 119
Trd, 4319117.243, 106
Trd, 4319117.743, 89
Trd, 4319118.193, 77
Trd, 4319119.093, 99
Trd, 4319119.843, 126
Trd, 4319119.943, 102
Trd, 4319119.993, 92
Trd, 4319120.643, 70
Trd, 4319122.793, 109
Trd, 4319123.343, 61
Trd, 4319124.093, 113
Trd, 4319124.743, 92
Trd, 4319125.093, 97
Trd, 4319125.143, 96
Trd, 4319126.143, 127
Trd, 4319126.593, 133
Trd, 4319127.693, 134
Trd, 4319128.643, 126
Trd, 4319129.043, 108
Trd, 4319130.493, 111
Trd, 4319130.893, 112
Trd, 4319131.143, 110
Trd, 4319131.293, 106
Trd, 4319131.893, 108
Trd, 4319132.793, 106
Trd, 4319133.143, 105
Trd, 4319134.043, 126
Trd, 4319134.143, 121
Trd, 4319134.393, 95
Trd, 4319135.293, 106
Trd, 4319135.793, 104
Trd, 4319136.493, 96
Trd, 4319137.893, 88
Trd, 4319138.693, 81
Trd, 4319139.043, 123
Trd, 4319140.243, 128
Trd, 4319140.643, 108
Trd, 4319141.043, 136
Trd, 4319141.093, 108
Trd, 4319142.793, 120
Trd, 4319143.593, 119
Trd, 4319143.943, 118
Trd, 4319144.593, 122
Trd, 4319144.643, 102
Trd, 4319145.193, 109
Trd, 4319146.343, 128
Trd, 4319146.593, 127
Trd, 4319146.843, 123
Trd, 4319147.143, 122
Trd, 4319147.343, 119
Trd, 4319148.193, 70
Trd, 4319149.543, 82
Trd, 4319149.643, 77
Trd, 4319150.843, 113
Trd, 4319150.943, 74
Trd, 4319151.843, 103
Trd, 4319153.443, 64
Trd, 4319153.543, 71
Trd, 4319153.943, 87
Trd, 4319154.543, 120
Trd, 4319154.743, 69
Trd, 4319155.193, 86
Trd, 4319155.293, 64
Trd, 4319156.643, 96
Trd, 4319157.343, 68
Trd, 4319157.743, 97
Trd, 4319158.443, 72
Trd, 4319158.543, 70
Trd, 4319159.643, 60
Trd, 4319161.393, 81
Trd, 4319161.693, 139
Trd, 4319161.943, 91
Trd, 4319162.243, 66
Trd, 4319162.643, 115
Trd, 4319164.093, 140
Trd, 4319164.143, 69
Trd, 4319165.793, 68
Trd, 4319166.943, 67
Trd, 4319169.043, 81
Trd, 4319169.443, 81
Trd, 4319169.643, 94
Trd, 4319169.893, 79
Trd, 4319170.243, 130
Trd, 4319170.843, 79
Trd, 4319171.143, 81
Trd, 4319172.243, 84
Trd, 4319173.393, 98
Trd, 4319173.493, 112
Trd, 4319175.243, 114
Trd, 4319176.243, 111
Trd, 4319176.393, 117
Trd, 4319176.493, 102
Trd, 4319177.243, 110
Trd, 4319177.993, 113
Trd, 4319180.193, 90
Trd, 4319180.243, 89
Trd, 4319180.443, 79
Trd, 4319181.843, 106
Trd, 4319181.943, 98
Trd, 4319183.093, 88
Trd, 4319183.793, 139
Trd, 4319184.243, 96
Trd, 4319185.993, 101
Trd, 4319186.293, 89
Trd, 4319186.343, 88
Trd, 4319186.643, 123
Trd, 4319187.393, 84
Trd, 4319187.593, 137
Trd, 4319189.143, 138
Trd, 4319189.293, 136
Trd, 4319189.993, 140
Trd, 4319190.193, 95
Trd, 4319191.643, 83
Trd, 4319191.843, 69
Trd, 4319193.643, 128
Trd, 4319193.793, 114
Trd, 4319194.393, 92
Trd, 4319194.493, 71
Trd, 4319195.493, 136
Trd, 4319195.843, 119
Trd, 4319196.543, 100
Trd, 4319197.093, 122
Trd, 4319198.543, 136
Trd, 4319198.993, 138
Trd, 4319199.493, 107
Trd, 4319199.943, 124
Trd, 4319199.993, 95
Trd, 4319201.543, 128
Trd, 4319201.593, 124
Trd, 4319201.743, 92
Trd, 4319202.143, 86
Trd, 4319203.493, 60
Trd, 4319204.143, 62
Trd, 4319206.443, 121
Trd, 4319206.493, 97
Trd, 4319207.393, 137
Trd, 4319207.793, 133
Trd, 4319207.943, 96
Trd, 4319208.893, 108
Trd, 4319209.493, 90
Trd, 4319209.543, 82
Trd, 4319210.293, 121
Trd, 4319211.143, 87
Trd, 4319211.693, 75
Trd, 4319212.343, 115
Trd, 4319213.543, 60
Trd, 4319214.243, 137
Trd, 4319215.143, 120
Trd, 4319215.793, 94
Trd, 4319215.943, 64
Trd, 4319216.543, 71
Trd, 4319218.193, 90
Trd, 4319218.993, 121
Trd, 4319219.193, 97
Trd, 4319219.543, 96
Trd, 4319219.843, 104
Trd, 4319219.993, 95
Trd, 4319220.643, 85
Trd, 4319220.943, 106
Trd, 4319222.043, 102
Trd, 4319222.793, 86
Trd, 4319223.743, 85
Trd, 4319224.693, 94
Trd, 4319225.093, 112
Trd, 4319225.493, 85
Trd, 4319225.593, 77
Trd, 4319226.543, 139
Trd, 4319226.943, 122
Trd, 4319227.493, 125
Trd, 4319227.793, 108
Trd, 4319228.443, 100
Trd, 4319229.543, 118
Trd, 4319229.843, 92
Trd, 4319230.893, 111
Trd, 4319231.093, 105
Trd, 4319232.093, 105
Trd, 4319233.493, 113
Trd, 4319233.693, 116
Trd, 4319235.493, 101
Trd, 4319235.643, 88
Trd, 4319236.393, 127
Trd, 4319236.843, 130
Trd, 4319237.943, 127
Trd, 4319238.193, 125
Trd, 4319239.493, 130
Trd, 4319239.543, 129
Trd, 4319240.043, 124
Trd, 4319242.293, 103
Trd, 4319243.943, 106
Trd, 4319244.943, 122
Trd, 4319245.393, 95
Trd, 4319245.743, 119
Trd, 4319247.443, 62
Trd, 4319247.643, 68
Trd, 4319249.643, 66
Trd, 4319250.343, 67
Trd, 4319250.393, 110
Trd, 4319251.043, 101
Trd, 4319252.093, 103
Trd, 4319252.493, 117
Trd, 4319252.743, 122
Trd, 4319253.393, 99
Trd, 4319254.193, 92
Trd, 4319254.443, 81
Trd, 4319255.543, 83
Trd, 4319256.093, 72
Trd, 4319257.093, 116
Trd, 4319257.393, 110
Trd, 4319257.593, 80
Trd, 4319259.843, 60
Trd, 4319259.993, 67
Trd, 4319260.443, 68
Trd, 4319261.343, 66
Trd, 4319263.393, 115
Trd, 4319263.693, 71
Trd, 4319264.543, 111
Trd, 4319265.043, 83
Trd, 4319265.493, 86
Trd, 4319266.243, 90
Trd, 4319266.593, 100
Trd, 4319267.093, 119
Trd, 4319268.693, 103
Trd, 4319268.843, 128
Trd, 4319269.043, 86
Trd, 4319269.493, 98
Trd, 4319269.843, 76
Trd, 4319270.493, 115
Trd, 4319270.993, 140
Trd, 4319272.443, 66
Trd, 4319272.543, 77
Trd, 4319272.843, 70
Trd, 4319273.593, 106
Trd, 4319275.143, 71
Trd, 4319275.243, 70
Trd, 4319275.693, 70
Trd, 4319275.743, 69
Trd, 4319277.443, 95
Trd, 4319277.693, 107
Trd, 4319279.243, 69
Trd, 4319279.993, 79
Trd, 4319280.193, 96
Trd, 4319280.943, 68
Trd, 4319282.343, 63
Trd, 4319282.493, 67
Trd, 4319283.343, 61
Trd, 4319284.043, 78
Trd, 4319284.793, 90
Trd, 4319285.443, 117
Trd, 4319285.593, 130
Trd, 4319286.343, 83
Trd, 4319286.393, 82
Trd, 4319287.743, 130
Trd, 4319289.193, 127
Trd, 4319289.243, 125
Trd, 4319289.443, 116
Trd, 4319290.143, 74
Trd, 4319291.543, 115
Trd, 4319291.793, 128
Trd, 4319292.293, 135
Trd, 4319292.443, 114
Trd, 4319292.993, 138
Trd, 4319295.143, 140
Trd, 4319295.743, 134
Trd, 4319295.993, 133
Trd, 4319297.143, 121
Trd, 4319297.493, 121
Trd, 4319297.893, 113
Trd, 4319299.193, 133
Trd, 4319299.693, 131
Trd, 4319300.543, 105
Trd, 4319301.543, 137
Trd, 4319302.443, 132
Trd, 4319302.843, 125
Trd, 4319303.943, 112
Trd, 4319303.993, 109
Trd, 4319304.943, 127
Trd, 4319305.893, 96
Trd, 4319306.343, 96
Trd, 4319306.743, 84
Trd, 4319307.693, 84
Trd, 4319308.043, 97
Trd, 4319308.443, 71
Trd, 4319308.843, 77
Trd, 4319310.293, 77
Trd, 4319310.893, 109
Trd, 4319311.293, 83
Trd, 4319312.043, 76
Trd, 4319312.493, 126
Trd, 4319313.793, 130
Trd, 4319314.243, 134
Trd, 4319314.393, 111
Trd, 4319315.043, 89
Trd, 4319316.193, 112
Trd, 4319316.793, 125
Trd, 4319316.893, 111
Trd, 4319318.243, 112
Trd, 4319318.293, 99
Trd, 4319318.793, 71
Trd, 4319319.593, 60
Trd, 4319321.093, 70
Trd, 4319322.043, 107
Trd, 4319322.493, 84
Trd, 4319322.793, 133
Trd, 4319322.893, 84
Trd, 4319323.343, 83
Trd, 4319324.443, 89
Trd, 4319325.343, 76
Trd, 4319327.143, 134
Trd, 4319327.193, 115
Trd, 4319328.043, 113
Trd, 4319328.493, 85
Trd, 4319329.393, 81
Trd, 4319329.443, 132
Trd, 4319329.593, 80
Trd, 4319330.293, 90
Trd, 4319331.543, 139
Trd, 4319331.893, 135
Trd, 4319332.243, 133
Trd, 4319332.543, 135
Trd, 4319333.393, 129
Trd, 4319333.843, 97
Trd, 4319334.093, 99
Trd, 4319335.793, 64
Trd, 4319336.143, 79
Trd, 4319336.393, 111
Trd, 4319336.893, 79
Trd, 4319337.743, 62
Trd, 4319338.343, 60
Trd, 4319338.693, 65
Trd, 4319340.293, 77
Trd, 4319341.993, 74
Trd, 4319342.693, 79
Trd, 4319342.743, 84
Trd, 4319342.893, 89
Trd, 4319343.293, 100
Trd, 4319343.793, 103
Trd, 4319345.493, 110
Trd, 4319345.793, 108
Trd, 4319346.643, 113
Trd, 4319346.843, 101
Trd, 4319346.993, 101
Trd, 4319347.893, 140
Trd, 4319348.793, 138
Trd, 4319349.593, 130
Trd, 4319350.593, 128
Trd, 4319350.793, 126
Trd, 4319351.093, 123
Trd, 4319351.193, 115
Trd, 4319352.143, 112
Trd, 4319353.193, 104
Trd, 4319353.243, 99
Trd, 4319355.943, 138
Trd, 4319356.143, 138
Trd, 4319356.293, 131
Trd, 4319357.143, 130
Trd, 4319357.793, 116
Trd, 4319358.443, 91
Trd, 4319358.843, 98
Trd, 4319359.343, 79
Trd, 4319360.293, 60
Trd, 4319361.043, 70
Trd, 4319361.293, 101
Trd, 4319361.793, 116
Trd, 4319362.393, 140
Trd, 4319362.943, 68
Trd, 4319363.293, 105
Trd, 4319363.543, 104
Trd, 4319364.043, 107
Trd, 4319364.843, 94
Trd, 4319365.443, 61
Trd, 4319367.593, 61
Trd, 4319368.543, 65
Trd, 4319368.593, 97
Trd, 4319369.543, 103
Trd, 4319369.893, 136
Trd, 4319370.293, 134
Trd, 4319371.693, 77
Trd, 4319372.343, 60
Trd, 4319372.943, 97
Trd, 4319373.593, 107
Trd, 4319373.843, 67
Trd, 4319374.643, 95
Trd, 4319375.093, 85
Trd, 4319375.793, 61
Trd, 4319376.943, 60
Trd, 4319376.993, 81
Trd, 4319377.593, 66
Trd, 4319377.793, 119
Trd, 4319379.543, 61
Trd, 4319380.243, 64
Trd, 4319380.793, 63
Trd, 4319381.743, 107
Trd, 4319382.093, 92
Trd, 4319383.343, 93
Trd, 4319383.593, 72
Trd, 4319384.043, 128
Trd, 4319384.293, 62
Trd, 4319384.893, 87
Trd, 4319385.693, 83
Trd, 4319385.793, 73
Trd, 4319386.693, 88
Trd, 4319387.743, 65
Trd, 4319388.443, 120
Trd, 4319389.143, 117
Trd, 4319389.243, 116
Trd, 4319389.993, 92
Trd, 4319390.743, 134
Trd, 4319390.943, 119
Trd, 4319391.593, 107
Trd, 4319392.493, 97
Trd, 4319392.543, 95
Trd, 4319394.043, 120
Trd, 4319394.143, 110
Trd, 4319395.543, 110
Trd, 4319395.693, 108
Trd, 4319395.743, 107
Trd, 4319396.493, 117
Trd, 4319398.393, 110
Trd, 4319398.643, 136
Trd, 4319399.193, 135
Trd, 4319399.943, 140
Trd, 4319400.493, 100
Trd, 4319401.443, 134
Trd, 4319401.593, 119
Trd, 4319401.943, 98
Trd, 4319403.393, 108
Trd, 4319403.543, 96
Trd, 4319403.643, 93
Trd, 4319404.293, 88
Trd, 4319404.743, 100
Trd, 4319407.043, 129
Trd, 4319407.743, 128
Trd, 4319407.893, 108
Trd, 4319407.993, 107
Trd, 4319409.143, 130
Trd, 4319410.043, 109
Trd, 4319410.843, 131
Trd, 4319411.293, 105
Trd, 4319411.643, 108
Trd, 4319412.193, 91
Trd, 4319413.393, 62
Trd, 4319414.543, 99
Trd, 4319414.993, 108
Trd, 4319416.443, 112
Trd, 4319416.693, 111
Trd, 4319416.793, 103
Trd, 4319416.943, 91
Trd, 4319417.343, 135
Trd, 4319418.543, 88
Trd, 4319419.793, 116
Trd, 4319420.543, 140
Trd, 4319421.143, 111
Trd, 4319421.943, 115
Trd, 4319422.043, 99
Trd, 4319423.893, 77
Trd, 4319424.143, 123
Trd, 4319424.543, 107
Trd, 4319424.943, 78
Trd, 4319424.993, 78
Trd, 4319426.643, 97
Trd, 4319427.293, 74
Trd, 4319427.593, 110
Trd, 4319427.943, 108
Trd, 4319428.093, 81
Trd, 4319429.643, 62
Trd, 4319430.293, 124
Trd, 4319430.843, 140
Trd, 4319431.043, 137
Trd, 4319431.543, 136
Trd, 4319432.093, 123
Trd, 4319432.693, 82
Trd, 4319433.943, 139
Trd, 4319434.393, 95
Trd, 4319434.893, 82
Trd, 4319435.143, 76
Trd, 4319436.593, 61
Trd, 4319436.843, 73
Trd, 4319437.643, 60
Trd, 4319438.293, 63
Trd, 4319438.543, 136
Trd, 4319439.843, 118
Trd, 4319441.193, 106
Trd, 4319442.293, 95
Trd, 4319443.093, 112
Trd, 4319443.443, 103
Trd, 4319443.543, 103
Trd, 4319444.093, 86
Trd, 4319444.193, 81
Trd, 4319445.243, 63
Trd, 4319446.143, 134
Trd, 4319447.543, 113
Trd, 4319447.643, 112
Trd, 4319447.943, 90
Trd, 4319449.343, 99
Trd, 4319450.293, 62
Trd, 4319451.043, 96
Trd, 4319451.693, 62
Trd, 4319452.393, 85
Trd, 4319453.093, 98
Trd, 4319453.843, 61
Trd, 4319454.293, 62
Trd, 4319456.043, 106
Trd, 4319456.593, 74
Trd, 4319456.843, 75
Trd, 4319457.843, 109
Trd, 4319458.693, 111
Trd, 4319459.543, 94
Trd, 4319460.543, 137
Trd, 4319461.443, 100
Trd, 4319462.093, 134
Trd, 4319462.493, 130
Trd, 4319463.443, 112
Trd, 4319464.693, 120
Trd, 4319465.393, 110
Trd, 4319465.793, 115
Trd, 4319465.843, 100
Trd, 4319467.043, 90
Trd, 4319467.243, 100
Trd, 4319467.943, 128
Trd, 4319468.093, 130
Trd, 4319468.443, 134
Trd, 4319470.043, 114
Trd, 4319470.643, 136
Trd, 4319471.393, 111
Trd, 4319471.843, 110
Trd, 4319472.543, 96
Trd, 4319474.443, 91
Trd, 4319474.543, 91
Trd, 4319475.243, 101
Trd, 4319476.093, 82
Trd, 4319476.193, 77
Trd, 4319476.593, 130
Trd, 4319477.793, 85
Trd, 4319477.893, 119
Trd, 4319478.293, 107
Trd, 4319479.543, 140
Trd, 4319480.293, 94
Trd, 4319480.893, 109
Trd, 4319481.693, 133
Trd, 4319482.893, 126
Trd, 4319484.393, 127
Trd, 4319484.543, 126
Trd, 4319485.643, 98
Trd, 4319486.693, 92
Trd, 4319487.993, 127
Trd, 4319488.493, 111
Trd, 4319489.543, 87
Trd, 4319490.093, 89
Trd, 4319490.493, 88
Trd, 4319491.093, 102
Trd, 4319492.293, 88
Trd, 4319492.443, 85
Trd, 4319492.643, 81
Trd, 4319493.743, 131
Trd, 4319494.243, 77
Trd, 4319494.493, 72
Trd, 4319495.643, 68
Trd, 4319495.743, 70
Trd, 4319495.893, 71
Trd, 4319496.243, 64
Trd, 4319498.243, 90
Trd, 4319498.943, 112
Trd, 4319499.343, 136
Trd, 4319499.593, 94
Trd, 4319499.793, 93
Trd, 4319500.593, 122
Trd, 4319500.693, 134
Trd, 4319500.743, 121
Trd, 4319501.243, 74
Trd, 4319502.043, 134
Trd, 4319503.093, 136
Trd, 4319503.443, 74
Trd, 4319504.093, 126
Trd, 4319505.193, 72
Trd, 4319505.543, 78
Trd, 4319505.943, 62
Trd, 4319507.093, 83
Trd, 4319508.643, 67
Trd, 4319508.843, 71
Trd, 4319509.943, 87
Trd, 4319510.243, 70
Trd, 4319511.143, 71
Trd, 4319512.043, 80
Trd, 4319512.443, 102
Trd, 4319513.293, 92
Trd, 4319513.343, 82
Trd, 4319516.193, 72
Trd, 4319517.493, 60
Trd, 4319517.993, 61
Trd, 4319518.093, 63
Trd, 4319518.243, 70
Trd, 4319518.643, 97
Trd, 4319519.893, 74
Trd, 4319519.943, 91
Trd, 4319520.643, 102
Trd, 4319521.993, 107
Trd, 4319522.543, 120
Trd, 4319522.693, 119
Trd, 4319523.793, 61
Trd, 4319525.443, 60
Trd, 4319525.793, 95
Trd, 4319525.893, 85
Trd, 4319526.743, 121
Trd, 4319527.193, 75
Trd, 4319528.143, 82
Trd, 4319528.593, 67
Trd, 4319529.993, 119
Trd, 4319530.643, 66
Trd, 4319531.493, 83
Trd, 4319532.493, 97
Trd, 4319532.793, 79
Trd, 4319534.893, 123
Trd, 4319535.543, 99
Trd, 4319536.143, 93
Trd, 4319536.293, 88
Trd, 4319536.743, 106
Trd, 4319536.893, 87
Trd, 4319537.493, 124
Trd, 4319537.793, 105
Trd, 4319538.293, 131
Trd, 4319539.293, 125
Trd, 4319540.043, 97
Trd, 4319541.693, 122
Trd, 4319541.743, 112
Trd, 4319544.093, 115
Trd, 4319544.243, 114
Trd, 4319544.343, 73
Trd, 4319544.593, 127
Trd, 4319545.143, 115
Trd, 4319546.393, 71
Trd, 4319548.693, 118
Trd, 4319548.943, 117
Trd, 4319549.043, 108
Trd, 4319549.643, 96
Trd, 4319551.143, 105
Trd, 4319551.493, 103
Trd, 4319551.793, 129
Trd, 4319553.093, 128
Trd, 4319553.393, 126
Trd, 4319553.443, 117
Trd, 4319554.793, 135
Trd, 4319555.243, 135
Trd, 4319555.543, 133
Trd, 4319556.843, 85
Trd, 4319557.743, 61
Trd, 4319558.043, 82
Trd, 4319558.643, 139
Trd, 4319559.493, 119
Trd, 4319560.193, 116
Trd, 4319560.243, 105
Trd, 4319560.293, 104
Trd, 4319562.693, 130
Trd, 4319563.593, 128
Trd, 4319563.893, 127
Trd, 4319564.893, 126
Trd, 4319564.943, 117
Trd, 4319565.093, 114
Trd, 4319565.793, 89
Trd, 4319566.793, 83
Trd, 4319567.243, 97
Trd, 4319568.143, 83
Trd, 4319568.843, 139
Trd, 4319570.643, 112
Trd, 4319570.943, 103
Trd, 4319571.943, 106
Trd, 4319572.893, 123
Trd, 4319572.943, 122
Trd, 4319573.093, 100
Trd, 4319573.843, 120
Trd, 4319574.193, 109
Trd, 4319574.393, 111
Trd, 4319574.793, 103
Trd, 4319574.843, 73
Trd, 4319577.693, 62
Trd, 4319578.093, 61
Trd, 4319579.643, 98
Trd, 4319580.693, 101
Trd, 4319580.743, 109
Trd, 4319581.443, 75
Trd, 4319582.943, 77
Trd, 4319584.443, 88
Trd, 4319585.043, 74
Trd, 4319585.293, 64
Trd, 4319586.343, 68
Trd, 4319587.143, 126
Trd, 4319588.043, 114
Trd, 4319588.493, 61
Trd, 4319589.543, 86
Trd, 4319590.093, 86
Trd, 4319590.443, 66
Trd, 4319590.493, 93
Trd, 4319591.443, 115
Trd, 4319591.993, 109
Trd, 4319592.243, 107
Trd, 4319592.493, 101
Trd, 4319595.193, 91
Trd, 4319595.893, 125
Trd, 4319596.243, 75
Trd, 4319596.493, 131
Trd, 4319596.993, 91
Trd, 4319598.493, 64
Trd, 4319599.293, 72
Trd, 4319600.343, 122
Trd, 4319601.543, 129
Trd, 4319601.793, 129
Trd, 4319602.143, 128
Trd, 4319602.293, 125
Trd, 4319603.243, 107
Trd, 4319603.343, 79
Trd, 4319603.593, 129
Trd, 4319604.143, 114
Trd, 4319604.943, 103
Trd, 4319605.143, 91
Trd, 4319606.393, 63
Trd, 4319607.993, 101
Trd, 4319608.593, 104
Trd, 4319608.843, 93
Trd, 4319609.643, 80
Trd, 4319610.093, 79
Trd, 4319610.543, 139
Trd, 4319611.143, 102
Trd, 4319612.343, 78
Trd, 4319612.493, 101
Trd, 4319612.893, 90
Trd, 4319613.343, 65
Trd, 4319613.743, 81
Trd, 4319614.643, 65
Trd, 4319615.593, 90
Trd, 4319616.093, 85
Trd, 4319616.943, 88
Trd, 4319618.093, 61
Trd, 4319619.093, 60
Trd, 4319619.293, 62
Trd, 4319619.943, 61
Trd, 4319620.643, 139
Trd, 4319621.043, 138
Trd, 4319622.693, 82
Trd, 4319622.893, 124
Trd, 4319623.743, 71
Trd, 4319625.543, 125
Trd, 4319626.293, 121
Trd, 4319627.393, 131
Trd, 4319627.943, 124
Trd, 4319628.543, 122
Trd, 4319629.193, 127
Trd, 4319629.293, 121
Trd, 4319629.693, 129
Trd, 4319630.243, 109
Trd, 4319630.543, 61
Trd, 4319630.693, 63
Trd, 4319631.493, 136
Trd, 4319631.893, 115
Trd, 4319633.843, 104
Trd, 4319634.993, 100
Trd, 4319635.043, 93
Trd, 4319635.493, 121
Trd, 4319635.593, 119
Trd, 4319635.843, 95
Trd, 4319638.143, 66
Trd, 4319638.743, 133
Trd, 4319638.843, 73
Trd, 4319639.443, 63
Trd, 4319639.643, 73
Trd, 4319640.193, 86
Trd, 4319641.693, 123
Trd, 4319642.543, 120
Trd, 4319644.493, 136
Trd, 4319644.693, 133
Trd, 4319646.793, 129
Trd, 4319647.293, 133
Trd, 4319648.143, 139
Trd, 4319648.243, 138
Trd, 4319648.543, 119
Trd, 4319648.643, 109
Trd, 4319648.743, 98
Trd, 4319649.893, 86
Trd, 4319650.243, 135
Trd, 4319652.043, 86
Trd, 4319652.143, 77
Trd, 4319652.893, 108
Trd, 4319652.993, 78
Trd, 4319653.693, 84
Trd, 4319654.793, 109
Trd, 4319654.943, 107
Trd, 4319655.093, 99
Trd, 4319655.993, 135
Trd, 4319656.643, 115
Trd, 4319656.893, 67
Trd, 4319657.143, 108
Trd, 4319659.443, 72
Trd, 4319659.943, 60
Trd, 4319660.793, 64
Trd, 4319662.093, 63
Trd, 4319662.543, 89
Trd, 4319663.043, 90
Trd, 4319664.193, 136
Trd, 4319664.443, 104
Trd, 4319664.793, 103
Trd, 4319664.843, 86
Trd, 4319664.993, 79
Trd, 4319666.343, 139
Trd, 4319666.593, 138
Trd, 4319666.843, 124
Trd, 4319667.043, 96
Trd, 4319667.693, 68
Trd, 4319669.293, 67
Trd, 4319669.593, 78
Trd, 4319670.393, 87
Trd, 4319671.493, 99
Trd, 4319671.943, 97
Trd, 4319672.793, 94
Trd, 4319674.493, 84
Trd, 4319674.743, 76
Trd, 4319674.943, 76
Trd, 4319676.693, 137
Trd, 4319677.893, 112
Trd, 4319677.993, 111
Trd, 4319678.343, 107
Trd, 4319680.343, 117
Trd, 4319680.493, 105
Trd, 4319680.843, 98
Trd, 4319681.993, 63
Trd, 4319682.593, 112
Trd, 4319683.343, 120
Trd, 4319683.493, 104
Trd, 4319684.493, 109
Trd, 4319684.943, 96
Trd, 4319685.743, 100
Trd, 4319686.343, 93
Trd, 4319687.143, 71
Trd, 4319687.693, 135
Trd, 4319688.393, 92
Trd, 4319688.643, 109
Trd, 4319691.043, 130
Trd, 4319691.193, 119
Trd, 4319692.093, 117
Trd, 4319692.243, 96
Trd, 4319693.093, 94
Trd, 4319693.843, 95
Trd, 4319694.743, 121
Trd, 4319694.893, 119
Trd, 4319695.143, 135
Trd, 4319695.493, 100
Trd, 4319696.093, 95
Trd, 4319696.293, 82
Trd, 4319698.243, 65
Trd, 4319698.843, 121
Trd, 4319699.593, 120
Trd, 4319699.843, 95
Trd, 4319700.343, 140
Trd, 4319700.793, 104
Trd, 4319701.743, 102
Trd, 4319702.443, 77
Trd, 4319702.693, 83
Trd, 4319704.843, 89
Trd, 4319704.893, 88
Trd, 4319705.693, 80
Trd, 4319705.943, 91
Trd, 4319706.343, 81
Trd, 4319706.493, 75
Trd, 4319706.993, 71
Trd, 4319708.493, 93
Trd, 4319708.943, 82
Trd, 4319709.643, 88
Trd, 4319709.993, 68
Trd, 4319710.993, 64
Trd, 4319711.443, 61
Trd, 4319712.143, 115
Trd, 4319713.393, 72
Trd, 4319713.693, 127
Trd, 4319714.293, 61
Trd, 4319714.443, 63
Trd, 4319715.593, 69
Trd, 4319717.043, 83
Trd, 4319717.343, 130
Trd, 4319717.643, 128
Trd, 4319717.943, 114
Trd, 4319718.793, 78
Trd, 4319718.993, 76
Trd, 4319720.293, 92
Trd, 4319721.443, 120
Trd, 4319721.693, 94
Trd, 4319722.493, 79
Trd, 4319722.693, 63
Trd, 4319722.843, 78
Trd, 4319723.743, 85
Trd, 4319724.743, 126
Trd, 4319725.893, 138
Trd, 4319725.943, 137
Trd, 4319726.343, 83
Trd, 4319726.893, 60
Trd, 4319728.193, 64
Trd, 4319728.493, 68
Trd, 4319729.893, 118
Trd, 4319730.343, 116
Trd, 4319730.643, 106
Trd, 4319731.193, 82
Trd, 4319734.393, 107
Trd, 4319734.643, 132
Trd, 4319735.843, 138
Trd, 4319735.893, 117
Trd, 4319736.743, 115
Trd, 4319736.943, 106
Trd, 4319737.643, 96
Trd, 4319738.043, 91
Trd, 4319738.693, 100
Trd, 4319739.443, 116
Trd, 4319739.843, 127
Trd, 4319740.493, 120
Trd, 4319740.693, 119
Trd, 4319741.443, 69
Trd, 4319741.593, 71
Trd, 4319742.443, 84
Trd, 4319743.593, 84
Trd, 4319744.343, 111
Trd, 4319744.393, 105
Trd, 4319745.893, 131
Trd, 4319747.043, 115
Trd, 4319747.243, 102
Trd, 4319748.343, 76
Trd, 4319748.593, 95
Trd, 4319749.093, 68
Trd, 4319749.443, 119
Trd, 4319749.693, 93
Trd, 4319750.743, 127
Trd, 4319751.443, 125
Trd, 4319752.193, 110
Trd, 4319752.293, 101
Trd, 4319753.043, 125
Trd, 4319754.643, 86
Trd, 4319754.743, 101
Trd, 4319754.843, 71
Trd, 4319757.293, 74
Trd, 4319757.343, 104
Trd, 4319759.093, 129
Trd, 4319759.843, 95
Trd, 4319760.643, 99
Trd, 4319760.843, 73
Trd, 4319761.393, 114
Trd, 4319762.343, 79
Trd, 4319763.593, 97
Trd, 4319763.943, 87
Trd, 4319764.193, 86
Trd, 4319764.493, 84
Trd, 4319764.693, 87
Trd, 4319766.343, 140
Trd, 4319769.043, 71
Trd, 4319769.093, 79
Trd, 4319770.393, 87
Trd, 4319770.843, 133
Trd, 4319771.543, 94
Trd, 4319771.643, 110
Trd, 4319772.243, 116
Trd, 4319773.243, 111
Trd, 4319774.443, 125
Trd, 4319774.793, 124
Trd, 4319774.893, 114
Trd, 4319775.193, 101
Trd, 4319776.593, 96
Trd, 4319776.993, 108
Trd, 4319777.643, 124
Trd, 4319778.093, 79
Trd, 4319779.243, 139
Trd, 4319779.393, 139
Trd, 4319779.443, 138
Trd, 4319779.743, 117
Trd, 4319780.543, 65
Trd, 4319782.143, 134
Trd, 4319782.893, 116
Trd, 4319783.243, 89
Trd, 4319784.593, 122
Trd, 4319784.893, 99
Trd, 4319785.143, 95
Trd, 4319785.643, 102
Trd, 4319785.993, 117
Trd, 4319787.943, 63
Trd, 4319788.143, 71
Trd, 4319789.293, 103
Trd, 4319789.693, 86
Trd, 4319790.693, 75
Trd, 4319791.593, 67
Trd, 4319793.143, 68
Trd, 4319793.243, 79
Trd, 4319794.043, 74
Trd, 4319794.743, 68
Trd, 4319794.943, 94
Trd, 4319795.743, 77
Trd, 4319795.943, 69
Trd, 4319796.043, 86
Trd, 4319797.343, 135
Trd, 4319798.293, 102
Trd, 4319798.893, 100
Trd, 4319799.143, 123
Trd, 4319799.593, 96
Trd, 4319800.143, 75
Trd, 4319800.943, 88
Trd, 4319801.293, 68
Trd, 4319801.593, 77
Trd, 4319802.443, 65
Trd, 4319804.143, 64
Trd, 4319804.593, 65
Trd, 4319805.943, 123
Trd, 4319806.143, 111
Trd, 4319806.293, 110
Trd, 4319806.493, 88
Trd, 4319807.093, 86
Trd, 4319807.943, 71
Trd, 4319808.893, 66
Trd, 4319810.093, 78
Trd, 4319811.543, 94
Trd, 4319812.243, 92
Trd, 4319812.943, 88
Trd, 4319813.943, 71
Trd, 4319814.493, 114
Trd, 4319814.593, 97
Trd, 4319814.643, 123
Trd, 4319815.943, 118
Trd, 4319816.243, 120
Trd, 4319816.593, 108
Trd, 4319816.643, 105
Trd, 4319817.793, 67
Trd, 4319819.243, 140
Trd, 4319819.993, 132
Trd, 4319820.143, 131
Trd, 4319820.643, 102
Trd, 4319820.743, 100
Trd, 4319820.993, 92
Trd, 4319821.143, 101
Trd, 4319822.393, 104
Trd, 4319823.893, 88
Trd, 4319824.243, 88
Trd, 4319825.993, 120
Trd, 4319826.693, 100
Trd, 4319827.193, 96
Trd, 4319827.293, 81
Trd, 4319828.093, 89
Trd, 4319828.543, 136
Trd, 4319828.743, 135
Trd, 4319828.793, 78
Trd, 4319829.993, 112
Trd, 4319831.743, 134
Trd, 4319832.143, 132
Trd, 4319832.193, 125
Trd, 4319833.093, 106
Trd, 4319833.193, 103
Trd, 4319834.343, 123
Trd, 4319834.843, 114
Trd, 4319835.643, 127
Trd, 4319837.543, 112
Trd, 4319837.643, 112
Trd, 4319837.743, 94
Trd, 4319838.043, 107
Trd, 4319838.693, 96
Trd, 4319839.243, 84
Trd, 4319839.893, 65
Trd, 4319840.093, 66
Trd, 4319840.743, 95
Trd, 4319841.043, 63
Trd, 4319841.743, 60
Trd, 4319841.893, 116
Trd, 4319843.943, 123
Trd, 4319844.143, 126
Trd, 4319844.843, 109
Trd, 4319845.443, 108
Trd, 4319846.543, 138
Trd, 4319847.943, 93
Trd, 4319849.143, 129
Trd, 4319849.193, 88
Trd, 4319849.843, 96
Trd, 4319850.693, 93
Trd, 4319852.093, 90
Trd, 4319854.593, 136
Trd, 4319854.993, 130
Trd, 4319855.493, 114
Trd, 4319856.293, 108
Trd, 4319856.443, 107
Trd, 4319856.943, 81
Trd, 4319857.393, 104
Trd, 4319857.493, 100
Trd, 4319859.043, 123
Trd, 4319859.343, 111
Trd, 4319860.143, 90
Trd, 4319860.243, 100
Trd, 4319861.093, 130
Trd, 4319861.393, 108
Trd, 4319862.393, 119
Trd, 4319862.793, 118
Trd, 4319863.143, 64
Trd, 4319864.793, 68
Trd, 4319866.843, 121
Trd, 4319867.093, 83
Trd, 4319867.993, 138
Trd, 4319868.243, 82
Trd, 4319869.493, 138
Trd, 4319869.643, 123
Trd, 4319869.693, 103
Trd, 4319870.693, 120
Trd, 4319871.293, 61
Trd, 4319872.093, 89
Trd, 4319872.143, 121
Trd, 4319873.493, 80
Trd, 4319874.243, 64
Trd, 4319876.693, 105
Trd, 4319877.093, 130
Trd, 4319877.643, 124
Trd, 4319877.693, 104
Trd, 4319878.193, 123
Trd, 4319878.693, 98
Trd, 4319878.893, 135
Trd, 4319879.943, 136
Trd, 4319880.143, 116
Trd, 4319880.493, 101
Trd, 4319882.343, 136
Trd, 4319882.543, 123
Trd, 4319883.543, 118
Trd, 4319883.993, 93
Trd, 4319884.593, 113
Trd, 4319884.793, 109
Trd, 4319885.343, 140
Trd, 4319885.693, 136
Trd, 4319887.193, 135
Trd, 4319887.343, 109
Trd, 4319887.743, 96
Trd, 4319888.143, 80
Trd, 4319888.193, 80
Trd, 4319889.443, 95
Trd, 4319889.543, 67
Trd, 4319890.193, 137
Trd, 4319891.293, 90
Trd, 4319892.693, 136
Trd, 4319892.893, 135
Trd, 4319893.093, 134
Trd, 4319893.593, 105
Trd, 4319893.793, 73
Trd, 4319894.493, 100
Trd, 4319894.593, 70
Trd, 4319895.143, 95
Trd, 4319896.743, 111
Trd, 4319898.343, 135
Trd, 4319898.693, 133
Trd, 4319898.793, 133
Trd, 4319898.943, 129
Trd, 4319899.543, 86
Trd, 4319901.893, 112
Trd, 4319902.343, 85
Trd, 4319902.493, 71
Trd, 4319903.193, 101
Trd, 4319903.343, 101
Trd, 4319903.743, 82
Trd, 4319903.943, 105
Trd, 4319904.993, 133
Trd, 4319905.243, 129
Trd, 4319907.343, 73
Trd, 4319907.593, 81
Trd, 4319907.793, 70
Trd, 4319908.793, 132
Trd, 4319909.643, 134
Trd, 4319910.743, 127
Trd, 4319911.343, 99
Trd, 4319913.143, 123
Trd, 4319913.493, 101
Trd, 4319913.843, 80
Trd, 4319914.743, 61
Trd, 4319915.593, 132
Trd, 4319915.693, 129
Trd, 4319915.793, 100
Trd, 4319916.093, 81
Trd, 4319916.893, 87
Trd, 4319917.843, 129
Trd, 4319918.693, 105
Trd, 4319919.093, 94
Trd, 4319919.443, 131
Trd, 4319919.543, 111
Trd, 4319919.643, 110
Trd, 4319921.493, 92
Trd, 4319921.693, 70
Trd, 4319922.043, 127
Trd, 4319922.543, 60
Trd, 4319923.593, 78
Trd, 4319925.293, 124
Trd, 4319926.943, 97
Trd, 4319927.343, 103
Trd, 4319927.593, 96
Trd, 4319928.093, 132
Trd, 4319928.293, 99
Trd, 4319929.393, 114
Trd, 4319929.993, 114
Trd, 4319930.093, 113
Trd, 4319930.993, 86
Trd, 4319931.943, 67
Trd, 4319932.143, 114
Trd, 4319932.643, 72
Trd, 4319932.993, 134
Trd, 4319934.343, 62
Trd, 4319935.493, 98
Trd, 4319936.443, 84
Trd, 4319937.443, 91
Trd, 4319937.643, 74
Trd, 4319937.693, 63
Trd, 4319940.843, 96
Trd, 4319941.993, 65
Trd, 4319942.643, 88
Trd, 4319942.943, 75
Trd, 4319943.493, 88
Trd, 4319943.943, 98
Trd, 4319944.093, 92
Trd, 4319944.543, 103
Trd, 4319945.043, 68
Trd, 4319945.643, 80
Trd, 4319946.193, 133
Trd, 4319948.393, 85
Trd, 4319948.993, 92
Trd, 4319949.243, 98
Trd, 4319950.193, 115
Trd, 4319950.343, 71
Trd, 4319950.793, 70
Trd, 4319952.643, 101
Trd, 4319953.493, 65
Trd, 4319954.043, 133
Trd, 4319954.743, 133
Trd, 4319954.843, 128
Trd, 4319954.943, 119
Trd, 4319956.193, 89
Trd, 4319956.243, 76
Trd, 4319956.293, 75
Trd, 4319956.843, 67
Trd, 4319957.293, 60
Trd, 4319959.793, 80
Trd, 4319960.143, 78
Trd, 4319960.743, 122
Trd, 4319961.993, 100
Trd, 4319962.243, 112
Trd, 4319964.243, 116
Trd, 4319964.593, 109
Trd, 4319965.993, 106
Trd, 4319966.743, 111
Trd, 4319966.993, 100
Trd, 4319967.193, 97
Trd, 4319967.743, 88
Trd, 4319968.043, 71
Trd, 4319970.393, 106
Trd, 4319970.993, 78
Trd, 4319972.293, 132
Trd, 4319973.093, 122
Trd, 4319973.843, 132
Trd, 4319974.643, 121
Trd, 4319975.743, 114
Trd, 4319975.993, 92
Trd, 4319976.843, 63
Trd, 4319978.443, 110
Trd, 4319978.543, 100
Trd, 4319979.193, 94
Trd, 4319979.243, 63
Trd, 4319980.593, 70
Trd, 4319980.743, 97
Trd, 4319981.693, 91
Trd, 4319981.843, 104
Trd, 4319982.893, 78
Trd, 4319982.943, 110
Trd, 4319983.393, 61
Trd, 4319985.493, 88
Trd, 4319986.093, 86
Trd, 4319986.443, 95
Trd, 4319986.493, 87
Trd, 4319988.143, 103
Trd, 4319988.593, 102
Trd, 4319989.193, 134
Trd, 4319989.393, 107
Trd, 4319990.593, 60
Trd, 4319991.843, 140
Trd, 4319992.993, 130
Trd, 4319993.093, 115
Trd, 4319994.293, 136
Trd, 4319994.593, 115
Trd, 4319995.543, 95
Trd, 4319995.643, 85
Trd, 4319996.793, 107
Trd, 4319996.943, 86
Trd, 4319997.943, 88
Trd, 4319998.393, 78
Trd, 4319998.743, 116
Trd, 4319999.543, 124
