Trd, 4318186.993, 118
Trd, 4318187.443, 140
Trd, 4318187.643, 117
Trd, 4318188.593, 102
Trd, 4318189.193, 111
Trd, 4318189.243, 92
Trd, 4318189.543, 139
Trd, 4318189.843, 140
Trd, 4318190.643, 140
Trd, 4318190.993, 140
Trd, 4318191.443, 140
Trd, 4318192.443, 140
Trd, 4318192.943, 140
Trd, 4318193.393, 138
Trd, 4318193.493, 68
Trd, 4318194.493, 140
Trd, 4318195.093, 140
Trd, 4318195.243, 66
Trd, 4318195.643, 77
Trd, 4318197.593, 140
Trd, 4318198.243, 101
Trd, 4318199.593, 140
Trd, 4318199.693, 140
Trd, 4318200.193, 139
Trd, 4318200.993, 136
Trd, 4318201.443, 140
Trd, 4318201.693, 140
Trd, 4318202.593, 139
Trd, 4318202.893, 64
Trd, 4318203.843, 61
Trd, 4318204.293, 60
Trd, 4318204.843, 65
Trd, 4318205.343, 66
Trd, 4318205.593, 62
Trd, 4318205.843, 139
Trd, 4318206.243, 61
Trd, 4318207.293, 61
Trd, 4318208.343, 62
Trd, 4318208.843, 60
Trd, 4318209.343, 65
Trd, 4318210.493, 60
Trd, 4318211.143, 61
Trd, 4318211.593, 61
Trd, 4318212.093, 60
Trd, 4318212.343, 61
Trd, 4318212.693, 62
Trd, 4318213.293, 61
Trd, 4318214.893, 61
Trd, 4318215.293, 60
Trd, 4318215.743, 60
Trd, 4318216.043, 63
Trd, 4318216.843, 60
Trd, 4318217.393, 60
Trd, 4318217.893, 60
Trd, 4318218.543, 62
Trd, 4318218.843, 62
Trd, 4318219.693, 61
Trd, 4318219.993, 61
Trd, 4318220.943, 61
Trd, 4318221.293, 61
Trd, 4318222.093, 61
Trd, 4318222.493, 64
Trd, 4318223.243, 64
Trd, 4318223.593, 64
Trd, 4318224.243, 63
Trd, 4318224.943, 63
Trd, 4318225.293, 60
Trd, 4318225.493, 64
Trd, 4318226.743, 65
Trd, 4318227.243, 60
Trd, 4318228.943, 61
Trd, 4318229.193, 61
Trd, 4318230.043, 61
Trd, 4318230.793, 61
Trd, 4318231.543, 61
Trd, 4318231.593, 62
Trd, 4318231.743, 65
Trd, 4318232.843, 60
Trd, 4318232.993, 60
Trd, 4318233.593, 61
Trd, 4318233.693, 61
Trd, 4318234.093, 140
Trd, 4318234.343, 61
Trd, 4318234.843, 66
Trd, 4318235.493, 60
Trd, 4318236.143, 61
Trd, 4318236.993, 68
Trd, 4318237.793, 60
Trd, 4318238.493, 139
Trd, 4318238.743, 61
Trd, 4318239.543, 60
Trd, 4318240.343, 61
Trd, 4318240.693, 62
Trd, 4318242.393, 60
Trd, 4318242.943, 61
Trd, 4318243.493, 60
Trd, 4318243.993, 62
Trd, 4318244.093, 60
Trd, 4318244.243, 62
Trd, 4318245.643, 60
Trd, 4318246.693, 60
Trd, 4318246.943, 60
Trd, 4318247.543, 60
Trd, 4318249.293, 63
Trd, 4318250.143, 60
Trd, 4318250.643, 60
Trd, 4318251.143, 61
Trd, 4318252.193, 60
Trd, 4318252.843, 60
Trd, 4318252.993, 60
Trd, 4318254.343, 64
Trd, 4318254.693, 64
Trd, 4318255.293, 60
Trd, 4318255.893, 60
Trd, 4318256.743, 62
Trd, 4318256.943, 60
Trd, 4318257.193, 78
Trd, 4318258.293, 60
Trd, 4318258.393, 60
Trd, 4318259.693, 62
Trd, 4318260.643, 60
Trd, 4318261.643, 61
Trd, 4318262.643, 60
Trd, 4318264.093, 60
Trd, 4318264.643, 60
Trd, 4318265.393, 60
Trd, 4318266.093, 62
Trd, 4318266.193, 63
Trd, 4318266.443, 64
Trd, 4318267.793, 60
Trd, 4318268.043, 60
Trd, 4318268.943, 62
Trd, 4318269.343, 63
Trd, 4318269.393, 65
Trd, 4318269.843, 60
Trd, 4318270.693, 60
Trd, 4318270.893, 69
Trd, 4318271.393, 61
Trd, 4318272.743, 60
Trd, 4318273.543, 60
Trd, 4318274.393, 65
Trd, 4318274.843, 65
Trd, 4318275.143, 66
Trd, 4318275.593, 60
Trd, 4318275.643, 61
Trd, 4318276.493, 60
Trd, 4318277.943, 61
Trd, 4318279.043, 61
Trd, 4318279.493, 61
Trd, 4318279.593, 69
Trd, 4318281.293, 60
Trd, 4318281.743, 61
Trd, 4318282.143, 61
Trd, 4318282.543, 60
Trd, 4318284.843, 60
Trd, 4318285.293, 62
Trd, 4318286.093, 63
Trd, 4318286.393, 62
Trd, 4318286.443, 63
Trd, 4318286.893, 61
Trd, 4318287.343, 61
Trd, 4318287.443, 140
Trd, 4318288.293, 65
Trd, 4318288.493, 105
Trd, 4318288.693, 136
Trd, 4318291.493, 140
Trd, 4318292.093, 140
Trd, 4318292.743, 140
Trd, 4318292.843, 140
Trd, 4318292.943, 139
Trd, 4318293.393, 135
Trd, 4318293.543, 133
Trd, 4318294.393, 95
Trd, 4318294.443, 83
Trd, 4318294.593, 128
Trd, 4318295.693, 140
Trd, 4318295.743, 139
Trd, 4318296.243, 138
Trd, 4318296.943, 140
Trd, 4318297.643, 139
Trd, 4318297.893, 69
Trd, 4318298.693, 68
Trd, 4318299.293, 140
Trd, 4318299.443, 140
Trd, 4318300.693, 60
Trd, 4318300.743, 62
Trd, 4318300.943, 74
Trd, 4318301.493, 64
Trd, 4318302.943, 61
Trd, 4318303.193, 62
Trd, 4318303.493, 61
Trd, 4318305.993, 60
Trd, 4318306.093, 61
Trd, 4318307.843, 60
Trd, 4318308.243, 61
Trd, 4318308.493, 62
Trd, 4318308.643, 69
Trd, 4318311.193, 60
Trd, 4318311.543, 60
Trd, 4318311.793, 61
Trd, 4318312.193, 60
Trd, 4318312.793, 61
Trd, 4318313.093, 60
Trd, 4318314.443, 60
Trd, 4318314.743, 61
Trd, 4318314.993, 61
Trd, 4318315.043, 65
Trd, 4318317.443, 60
Trd, 4318317.543, 60
Trd, 4318317.593, 61
Trd, 4318318.093, 62
Trd, 4318320.443, 61
Trd, 4318320.543, 62
Trd, 4318320.593, 62
Trd, 4318321.493, 60
Trd, 4318321.693, 60
Trd, 4318322.043, 60
Trd, 4318322.443, 60
Trd, 4318322.843, 60
Trd, 4318323.393, 61
Trd, 4318323.543, 70
Trd, 4318324.243, 60
Trd, 4318325.393, 62
Trd, 4318326.093, 61
Trd, 4318327.043, 60
Trd, 4318327.793, 60
Trd, 4318328.743, 60
Trd, 4318328.893, 61
Trd, 4318329.193, 60
Trd, 4318329.943, 62
Trd, 4318330.093, 63
Trd, 4318330.693, 63
Trd, 4318331.143, 63
Trd, 4318334.643, 60
Trd, 4318334.943, 61
Trd, 4318335.143, 62
Trd, 4318335.643, 61
Trd, 4318336.543, 63
Trd, 4318336.593, 65
Trd, 4318336.893, 60
Trd, 4318337.593, 60
Trd, 4318338.193, 60
Trd, 4318339.993, 60
Trd, 4318341.093, 60
Trd, 4318341.443, 60
Trd, 4318341.993, 60
Trd, 4318342.243, 62
Trd, 4318343.343, 61
Trd, 4318343.443, 62
Trd, 4318343.643, 64
Trd, 4318343.743, 65
Trd, 4318345.043, 64
Trd, 4318345.843, 61
Trd, 4318346.143, 62
Trd, 4318347.143, 60
Trd, 4318347.493, 60
Trd, 4318347.993, 60
Trd, 4318349.243, 60
Trd, 4318349.643, 61
Trd, 4318350.393, 60
Trd, 4318351.193, 60
Trd, 4318351.643, 61
Trd, 4318351.793, 63
Trd, 4318352.093, 64
Trd, 4318352.743, 61
Trd, 4318352.843, 64
Trd, 4318354.643, 63
Trd, 4318355.193, 61
Trd, 4318355.493, 60
Trd, 4318356.143, 60
Trd, 4318357.143, 62
Trd, 4318357.693, 60
Trd, 4318358.293, 61
Trd, 4318358.443, 60
Trd, 4318360.443, 61
Trd, 4318360.543, 61
Trd, 4318360.943, 60
Trd, 4318361.443, 62
Trd, 4318361.493, 62
Trd, 4318361.693, 60
Trd, 4318362.193, 60
Trd, 4318363.243, 61
Trd, 4318363.543, 60
Trd, 4318363.743, 60
Trd, 4318364.543, 60
Trd, 4318365.293, 62
Trd, 4318365.693, 65
Trd, 4318365.893, 66
Trd, 4318366.293, 60
Trd, 4318367.243, 62
Trd, 4318367.843, 61
Trd, 4318368.493, 64
Trd, 4318369.093, 70
Trd, 4318370.743, 60
Trd, 4318370.893, 61
Trd, 4318372.043, 61
Trd, 4318372.693, 62
Trd, 4318373.193, 62
Trd, 4318374.093, 62
Trd, 4318374.243, 62
Trd, 4318375.743, 60
Trd, 4318376.043, 60
Trd, 4318376.143, 60
Trd, 4318376.893, 60
Trd, 4318377.243, 61
Trd, 4318377.843, 63
Trd, 4318377.993, 62
Trd, 4318378.643, 61
Trd, 4318380.243, 60
Trd, 4318380.293, 60
Trd, 4318380.443, 62
Trd, 4318380.743, 63
Trd, 4318382.743, 60
Trd, 4318382.993, 60
Trd, 4318384.093, 62
Trd, 4318384.793, 63
Trd, 4318385.293, 62
Trd, 4318385.343, 65
Trd, 4318385.743, 61
Trd, 4318387.993, 60
Trd, 4318388.943, 61
Trd, 4318389.243, 61
Trd, 4318389.343, 60
Trd, 4318389.393, 61
Trd, 4318389.843, 62
Trd, 4318390.193, 62
Trd, 4318390.693, 61
Trd, 4318391.193, 61
Trd, 4318391.393, 63
Trd, 4318391.793, 68
Trd, 4318392.043, 69
Trd, 4318393.193, 139
Trd, 4318394.143, 61
Trd, 4318395.743, 61
Trd, 4318395.893, 63
Trd, 4318396.293, 60
Trd, 4318396.393, 69
Trd, 4318398.143, 62
Trd, 4318398.193, 64
Trd, 4318398.343, 140
Trd, 4318398.693, 81
Trd, 4318399.343, 62
Trd, 4318399.443, 92
Trd, 4318400.343, 62
Trd, 4318401.443, 60
Trd, 4318401.593, 61
Trd, 4318401.743, 62
Trd, 4318402.593, 61
Trd, 4318403.693, 60
Trd, 4318404.843, 60
Trd, 4318405.693, 61
Trd, 4318406.493, 60
Trd, 4318406.543, 60
Trd, 4318407.493, 61
Trd, 4318408.493, 61
Trd, 4318409.543, 60
Trd, 4318409.593, 60
Trd, 4318409.943, 60
Trd, 4318411.193, 61
Trd, 4318412.343, 62
Trd, 4318412.693, 63
Trd, 4318413.743, 62
Trd, 4318414.243, 61
Trd, 4318415.043, 61
Trd, 4318415.143, 62
Trd, 4318415.343, 67
Trd, 4318415.993, 60
Trd, 4318416.493, 60
Trd, 4318417.643, 63
Trd, 4318417.943, 61
Trd, 4318418.193, 139
Trd, 4318419.093, 140
Trd, 4318419.143, 140
Trd, 4318420.643, 60
Trd, 4318422.143, 61
Trd, 4318422.393, 62
Trd, 4318422.443, 63
Trd, 4318423.393, 60
Trd, 4318423.443, 60
Trd, 4318423.543, 61
Trd, 4318424.243, 62
Trd, 4318424.743, 63
Trd, 4318424.943, 65
Trd, 4318425.293, 60
Trd, 4318426.293, 61
Trd, 4318427.243, 140
Trd, 4318427.393, 140
Trd, 4318428.393, 139
Trd, 4318428.493, 137
Trd, 4318429.293, 68
Trd, 4318429.693, 63
Trd, 4318431.543, 60
Trd, 4318432.443, 63
Trd, 4318432.593, 63
Trd, 4318432.993, 60
Trd, 4318433.393, 61
Trd, 4318433.743, 60
Trd, 4318434.643, 64
Trd, 4318434.793, 67
Trd, 4318436.043, 110
Trd, 4318436.793, 140
Trd, 4318436.993, 140
Trd, 4318437.543, 139
Trd, 4318437.943, 65
Trd, 4318438.893, 60
Trd, 4318439.393, 61
Trd, 4318439.543, 62
Trd, 4318441.093, 60
Trd, 4318442.493, 60
Trd, 4318442.893, 61
Trd, 4318443.393, 65
Trd, 4318443.643, 63
Trd, 4318444.043, 62
Trd, 4318444.393, 139
Trd, 4318445.643, 140
Trd, 4318445.943, 140
Trd, 4318447.993, 140
Trd, 4318448.093, 139
Trd, 4318449.243, 140
Trd, 4318449.393, 140
Trd, 4318449.593, 140
Trd, 4318450.043, 114
Trd, 4318450.143, 98
Trd, 4318450.943, 139
Trd, 4318452.093, 60
Trd, 4318452.643, 63
Trd, 4318452.743, 66
Trd, 4318453.393, 60
Trd, 4318453.943, 73
Trd, 4318454.393, 140
Trd, 4318455.543, 68
Trd, 4318456.093, 81
Trd, 4318457.043, 61
Trd, 4318457.293, 138
Trd, 4318457.593, 140
Trd, 4318458.243, 60
Trd, 4318458.793, 60
Trd, 4318459.593, 60
Trd, 4318459.693, 65
Trd, 4318460.593, 60
Trd, 4318461.693, 60
Trd, 4318462.193, 61
Trd, 4318462.693, 62
Trd, 4318465.043, 60
Trd, 4318465.343, 61
Trd, 4318465.543, 61
Trd, 4318465.693, 67
Trd, 4318466.193, 61
Trd, 4318466.593, 60
Trd, 4318466.643, 71
Trd, 4318468.043, 61
Trd, 4318468.243, 61
Trd, 4318468.643, 60
Trd, 4318470.293, 63
Trd, 4318470.343, 63
Trd, 4318470.393, 67
Trd, 4318471.043, 63
Trd, 4318471.793, 62
Trd, 4318472.093, 60
Trd, 4318472.743, 63
Trd, 4318474.693, 61
Trd, 4318475.193, 61
Trd, 4318475.693, 61
Trd, 4318475.943, 60
Trd, 4318476.243, 60
Trd, 4318477.243, 60
Trd, 4318477.443, 61
Trd, 4318477.893, 60
Trd, 4318478.643, 61
Trd, 4318479.193, 63
Trd, 4318479.243, 63
Trd, 4318479.943, 63
Trd, 4318480.943, 60
Trd, 4318481.493, 64
Trd, 4318483.243, 63
Trd, 4318483.743, 63
Trd, 4318485.093, 61
Trd, 4318485.393, 61
Trd, 4318485.643, 61
Trd, 4318487.093, 61
Trd, 4318487.243, 60
Trd, 4318488.543, 60
Trd, 4318489.043, 60
Trd, 4318489.343, 61
Trd, 4318489.893, 61
Trd, 4318490.943, 63
Trd, 4318490.993, 65
Trd, 4318491.893, 65
Trd, 4318492.143, 66
Trd, 4318492.193, 67
Trd, 4318492.543, 139
Trd, 4318492.743, 138
Trd, 4318493.843, 62
Trd, 4318495.243, 60
Trd, 4318495.493, 60
Trd, 4318495.593, 61
Trd, 4318496.643, 61
Trd, 4318496.843, 61
Trd, 4318498.043, 60
Trd, 4318499.893, 60
Trd, 4318500.143, 60
Trd, 4318502.043, 60
Trd, 4318502.093, 60
Trd, 4318502.593, 70
Trd, 4318503.793, 60
Trd, 4318504.043, 62
Trd, 4318504.293, 61
Trd, 4318504.643, 63
Trd, 4318505.693, 135
Trd, 4318505.843, 134
Trd, 4318506.143, 125
Trd, 4318506.743, 140
Trd, 4318507.043, 137
Trd, 4318507.393, 60
Trd, 4318508.343, 60
Trd, 4318508.693, 63
Trd, 4318509.243, 64
Trd, 4318509.493, 140
Trd, 4318511.293, 62
Trd, 4318511.393, 67
Trd, 4318512.893, 140
Trd, 4318513.443, 139
Trd, 4318514.093, 140
Trd, 4318514.643, 140
Trd, 4318514.843, 139
Trd, 4318515.443, 139
Trd, 4318515.493, 98
Trd, 4318516.793, 131
Trd, 4318517.543, 140
Trd, 4318517.943, 135
Trd, 4318518.093, 98
Trd, 4318518.793, 139
Trd, 4318520.443, 140
Trd, 4318520.593, 139
Trd, 4318521.693, 127
Trd, 4318521.743, 117
Trd, 4318522.393, 140
Trd, 4318523.493, 140
Trd, 4318523.543, 140
Trd, 4318523.793, 138
Trd, 4318524.093, 140
Trd, 4318525.593, 140
Trd, 4318525.743, 140
Trd, 4318525.943, 140
Trd, 4318527.043, 136
Trd, 4318527.093, 72
Trd, 4318527.593, 138
Trd, 4318529.143, 60
Trd, 4318530.943, 60
Trd, 4318531.293, 61
Trd, 4318531.343, 62
Trd, 4318531.793, 60
Trd, 4318532.743, 60
Trd, 4318533.043, 61
Trd, 4318533.443, 60
Trd, 4318534.643, 60
Trd, 4318534.993, 60
Trd, 4318535.193, 69
Trd, 4318536.543, 62
Trd, 4318536.943, 63
Trd, 4318537.593, 61
Trd, 4318537.893, 62
Trd, 4318538.643, 62
Trd, 4318539.143, 140
Trd, 4318539.243, 139
Trd, 4318540.943, 65
Trd, 4318541.843, 61
Trd, 4318542.043, 61
Trd, 4318542.293, 60
Trd, 4318542.793, 61
Trd, 4318543.343, 139
Trd, 4318544.193, 138
Trd, 4318544.793, 65
Trd, 4318545.743, 139
Trd, 4318546.493, 60
Trd, 4318546.793, 62
Trd, 4318547.643, 64
Trd, 4318547.793, 60
Trd, 4318547.943, 63
Trd, 4318549.143, 61
Trd, 4318549.843, 60
Trd, 4318550.693, 60
Trd, 4318551.143, 63
Trd, 4318551.693, 63
Trd, 4318552.243, 64
Trd, 4318552.593, 140
Trd, 4318552.943, 100
Trd, 4318553.843, 131
Trd, 4318554.143, 64
Trd, 4318555.193, 60
Trd, 4318555.993, 60
Trd, 4318556.143, 61
Trd, 4318557.443, 61
Trd, 4318557.693, 63
Trd, 4318558.043, 66
Trd, 4318558.243, 61
Trd, 4318559.193, 140
Trd, 4318560.443, 140
Trd, 4318560.493, 140
Trd, 4318560.693, 138
Trd, 4318562.643, 140
Trd, 4318562.743, 138
Trd, 4318563.843, 140
Trd, 4318563.993, 140
Trd, 4318565.043, 140
Trd, 4318565.543, 140
Trd, 4318566.643, 112
Trd, 4318566.843, 140
Trd, 4318567.393, 140
Trd, 4318567.493, 62
Trd, 4318568.243, 60
Trd, 4318568.293, 62
Trd, 4318570.143, 65
Trd, 4318570.443, 64
Trd, 4318570.743, 64
Trd, 4318572.293, 60
Trd, 4318572.993, 60
Trd, 4318573.293, 62
Trd, 4318573.993, 63
Trd, 4318574.393, 61
Trd, 4318575.593, 60
Trd, 4318575.843, 62
Trd, 4318575.943, 68
Trd, 4318577.093, 60
Trd, 4318577.443, 63
Trd, 4318577.593, 64
Trd, 4318578.593, 61
Trd, 4318579.493, 62
Trd, 4318579.693, 63
Trd, 4318580.593, 60
Trd, 4318580.693, 62
Trd, 4318581.943, 74
Trd, 4318582.693, 63
Trd, 4318583.043, 62
Trd, 4318583.943, 61
Trd, 4318584.193, 74
Trd, 4318584.393, 64
Trd, 4318585.493, 62
Trd, 4318585.893, 68
Trd, 4318586.443, 100
Trd, 4318587.143, 60
Trd, 4318587.843, 131
Trd, 4318589.993, 60
Trd, 4318590.593, 62
Trd, 4318590.693, 63
Trd, 4318591.543, 61
Trd, 4318591.793, 60
Trd, 4318592.393, 60
Trd, 4318593.193, 61
Trd, 4318594.693, 60
Trd, 4318595.343, 60
Trd, 4318595.593, 61
Trd, 4318596.693, 60
Trd, 4318596.943, 60
Trd, 4318597.693, 60
Trd, 4318598.843, 60
Trd, 4318598.993, 61
Trd, 4318600.393, 60
Trd, 4318600.543, 62
Trd, 4318602.043, 60
Trd, 4318602.443, 61
Trd, 4318602.843, 62
Trd, 4318603.743, 60
Trd, 4318603.993, 60
Trd, 4318604.193, 65
Trd, 4318604.243, 65
Trd, 4318604.443, 67
Trd, 4318604.593, 73
Trd, 4318606.593, 61
Trd, 4318607.393, 60
Trd, 4318607.993, 62
Trd, 4318608.843, 60
Trd, 4318609.293, 60
Trd, 4318610.193, 60
Trd, 4318610.343, 60
Trd, 4318610.443, 60
Trd, 4318611.443, 61
Trd, 4318612.543, 60
Trd, 4318612.943, 60
Trd, 4318613.093, 61
Trd, 4318613.143, 61
Trd, 4318614.093, 60
Trd, 4318614.343, 60
Trd, 4318614.743, 63
Trd, 4318615.193, 140
Trd, 4318616.343, 64
Trd, 4318616.443, 65
Trd, 4318617.543, 60
Trd, 4318618.143, 64
Trd, 4318619.643, 61
Trd, 4318619.843, 60
Trd, 4318620.393, 65
Trd, 4318620.743, 63
Trd, 4318621.993, 60
Trd, 4318622.493, 62
Trd, 4318624.443, 60
Trd, 4318625.243, 60
Trd, 4318625.443, 60
Trd, 4318625.593, 63
Trd, 4318626.643, 60
Trd, 4318627.093, 61
Trd, 4318627.643, 61
Trd, 4318628.043, 60
Trd, 4318628.693, 60
Trd, 4318629.743, 60
Trd, 4318630.093, 70
Trd, 4318630.793, 140
Trd, 4318630.943, 138
Trd, 4318631.443, 65
Trd, 4318633.143, 60
Trd, 4318633.593, 60
Trd, 4318633.993, 62
Trd, 4318634.693, 63
Trd, 4318635.443, 65
Trd, 4318635.593, 68
Trd, 4318636.193, 60
Trd, 4318636.743, 62
Trd, 4318637.193, 60
Trd, 4318637.493, 62
Trd, 4318637.943, 60
Trd, 4318639.393, 60
Trd, 4318639.893, 60
Trd, 4318640.743, 60
Trd, 4318641.143, 63
Trd, 4318641.293, 60
Trd, 4318641.993, 65
Trd, 4318642.893, 60
Trd, 4318643.743, 63
Trd, 4318643.893, 64
Trd, 4318644.443, 60
Trd, 4318644.593, 61
Trd, 4318645.243, 61
Trd, 4318646.643, 60
Trd, 4318646.693, 67
Trd, 4318647.643, 62
Trd, 4318648.093, 66
Trd, 4318648.443, 74
Trd, 4318649.393, 60
Trd, 4318650.243, 60
Trd, 4318650.443, 61
Trd, 4318650.493, 61
Trd, 4318653.143, 60
Trd, 4318653.343, 61
Trd, 4318654.343, 60
Trd, 4318654.443, 60
Trd, 4318654.743, 60
Trd, 4318655.343, 61
Trd, 4318655.543, 60
Trd, 4318655.893, 60
Trd, 4318655.943, 61
Trd, 4318658.243, 60
Trd, 4318658.443, 60
Trd, 4318660.043, 60
Trd, 4318660.443, 61
Trd, 4318660.843, 61
Trd, 4318661.343, 60
Trd, 4318663.343, 60
Trd, 4318663.693, 60
Trd, 4318663.743, 60
Trd, 4318663.943, 61
Trd, 4318664.293, 63
Trd, 4318664.493, 62
Trd, 4318665.993, 62
Trd, 4318666.693, 62
Trd, 4318667.243, 60
Trd, 4318668.343, 62
Trd, 4318668.793, 60
Trd, 4318669.093, 60
Trd, 4318669.343, 62
Trd, 4318670.293, 66
Trd, 4318670.443, 61
Trd, 4318670.993, 61
Trd, 4318671.043, 62
Trd, 4318671.693, 76
Trd, 4318673.343, 68
Trd, 4318674.343, 60
Trd, 4318674.793, 60
Trd, 4318674.843, 62
Trd, 4318676.593, 61
Trd, 4318677.493, 60
Trd, 4318678.293, 60
Trd, 4318678.493, 61
Trd, 4318678.543, 62
Trd, 4318678.743, 60
Trd, 4318679.493, 62
Trd, 4318681.343, 60
Trd, 4318681.693, 61
Trd, 4318681.743, 67
Trd, 4318683.293, 62
Trd, 4318684.043, 60
Trd, 4318684.893, 60
Trd, 4318684.993, 60
Trd, 4318686.493, 60
Trd, 4318688.143, 60
Trd, 4318688.743, 62
Trd, 4318689.493, 61
Trd, 4318689.743, 63
Trd, 4318690.093, 61
Trd, 4318690.343, 60
Trd, 4318690.693, 62
Trd, 4318691.543, 61
Trd, 4318692.093, 60
Trd, 4318693.093, 64
Trd, 4318693.193, 66
Trd, 4318694.043, 62
Trd, 4318695.093, 60
Trd, 4318695.943, 60
Trd, 4318695.993, 62
Trd, 4318696.043, 68
Trd, 4318697.393, 61
Trd, 4318699.143, 60
Trd, 4318699.343, 60
Trd, 4318699.843, 60
Trd, 4318699.893, 62
Trd, 4318701.343, 60
Trd, 4318701.843, 60
Trd, 4318702.193, 61
Trd, 4318702.693, 63
Trd, 4318703.593, 62
Trd, 4318704.343, 61
Trd, 4318704.393, 64
Trd, 4318704.893, 63
Trd, 4318705.893, 62
Trd, 4318706.193, 64
Trd, 4318706.343, 60
Trd, 4318706.943, 64
Trd, 4318708.493, 60
Trd, 4318709.743, 67
Trd, 4318709.793, 60
Trd, 4318709.893, 69
Trd, 4318710.293, 61
Trd, 4318710.643, 60
Trd, 4318710.893, 62
Trd, 4318711.393, 62
Trd, 4318711.843, 75
Trd, 4318711.993, 72
Trd, 4318712.493, 139
Trd, 4318713.893, 60
Trd, 4318714.593, 61
Trd, 4318714.943, 66
Trd, 4318717.243, 61
Trd, 4318717.343, 60
Trd, 4318717.743, 60
Trd, 4318718.143, 60
Trd, 4318718.493, 60
Trd, 4318719.043, 61
Trd, 4318719.343, 61
Trd, 4318719.893, 63
Trd, 4318721.043, 63
Trd, 4318721.743, 60
Trd, 4318722.093, 83
Trd, 4318722.543, 62
Trd, 4318723.093, 65
Trd, 4318723.343, 66
Trd, 4318724.293, 64
Trd, 4318724.543, 63
Trd, 4318724.943, 71
Trd, 4318725.743, 140
Trd, 4318726.293, 140
Trd, 4318726.893, 140
Trd, 4318726.993, 138
Trd, 4318728.143, 140
Trd, 4318728.293, 73
Trd, 4318729.743, 140
Trd, 4318730.143, 139
Trd, 4318730.993, 140
Trd, 4318731.443, 140
Trd, 4318732.343, 140
Trd, 4318732.543, 140
Trd, 4318733.143, 128
Trd, 4318733.343, 107
Trd, 4318734.693, 140
Trd, 4318735.893, 140
Trd, 4318736.393, 140
Trd, 4318736.443, 139
Trd, 4318736.793, 139
Trd, 4318738.043, 139
Trd, 4318739.143, 117
Trd, 4318739.243, 64
Trd, 4318739.593, 69
Trd, 4318740.593, 60
Trd, 4318741.143, 60
Trd, 4318741.593, 60
Trd, 4318742.993, 68
Trd, 4318743.643, 62
Trd, 4318743.793, 61
Trd, 4318743.993, 115
Trd, 4318744.993, 116
Trd, 4318745.293, 140
Trd, 4318745.343, 140
Trd, 4318745.543, 99
Trd, 4318747.093, 140
Trd, 4318747.293, 139
Trd, 4318747.493, 132
Trd, 4318747.993, 140
Trd, 4318748.393, 64
Trd, 4318749.543, 63
Trd, 4318749.943, 64
Trd, 4318750.693, 60
Trd, 4318751.693, 65
Trd, 4318753.143, 63
Trd, 4318753.443, 60
Trd, 4318753.643, 60
Trd, 4318753.993, 60
Trd, 4318754.143, 63
Trd, 4318754.593, 72
Trd, 4318754.893, 90
Trd, 4318756.443, 60
Trd, 4318756.993, 62
Trd, 4318757.043, 62
Trd, 4318757.693, 62
Trd, 4318758.343, 61
Trd, 4318758.943, 60
Trd, 4318760.093, 60
Trd, 4318760.893, 60
Trd, 4318761.143, 62
Trd, 4318761.193, 62
Trd, 4318762.043, 63
Trd, 4318763.043, 62
Trd, 4318763.093, 68
Trd, 4318763.743, 60
Trd, 4318765.043, 63
Trd, 4318765.443, 61
Trd, 4318766.493, 65
Trd, 4318767.293, 61
Trd, 4318767.943, 60
Trd, 4318768.143, 61
Trd, 4318769.043, 69
Trd, 4318769.243, 67
Trd, 4318769.543, 62
Trd, 4318770.043, 68
Trd, 4318770.543, 139
Trd, 4318771.093, 64
Trd, 4318771.343, 65
Trd, 4318772.393, 62
Trd, 4318772.693, 61
Trd, 4318773.343, 60
Trd, 4318774.143, 61
Trd, 4318774.543, 62
Trd, 4318775.493, 60
Trd, 4318775.693, 63
Trd, 4318776.993, 62
Trd, 4318777.143, 62
Trd, 4318777.743, 63
Trd, 4318778.793, 60
Trd, 4318780.443, 62
Trd, 4318780.943, 62
Trd, 4318782.343, 62
Trd, 4318782.543, 62
Trd, 4318782.843, 64
Trd, 4318783.893, 60
Trd, 4318785.943, 60
Trd, 4318786.093, 60
Trd, 4318786.193, 60
Trd, 4318786.693, 61
Trd, 4318787.243, 60
Trd, 4318787.943, 61
Trd, 4318788.093, 62
Trd, 4318788.543, 140
Trd, 4318789.543, 64
Trd, 4318789.893, 60
Trd, 4318790.043, 66
Trd, 4318791.443, 60
Trd, 4318791.993, 61
Trd, 4318792.293, 63
Trd, 4318792.943, 60
Trd, 4318793.393, 61
Trd, 4318793.593, 61
Trd, 4318793.643, 62
Trd, 4318794.443, 60
Trd, 4318794.643, 63
Trd, 4318795.393, 140
Trd, 4318796.693, 69
Trd, 4318797.043, 63
Trd, 4318797.443, 65
Trd, 4318798.643, 63
Trd, 4318800.143, 60
Trd, 4318801.043, 60
Trd, 4318801.243, 61
Trd, 4318801.293, 62
Trd, 4318801.443, 62
Trd, 4318802.593, 60
Trd, 4318803.293, 60
Trd, 4318804.093, 63
Trd, 4318804.593, 64
Trd, 4318806.343, 60
Trd, 4318806.743, 60
Trd, 4318807.243, 60
Trd, 4318807.293, 61
Trd, 4318807.743, 61
Trd, 4318807.843, 61
Trd, 4318808.143, 77
Trd, 4318808.693, 126
Trd, 4318809.193, 140
Trd, 4318809.343, 125
Trd, 4318811.393, 60
Trd, 4318811.543, 61
Trd, 4318811.743, 63
Trd, 4318812.943, 61
Trd, 4318812.993, 64
Trd, 4318813.093, 72
Trd, 4318813.393, 61
Trd, 4318814.493, 63
Trd, 4318815.043, 64
Trd, 4318815.093, 64
Trd, 4318816.093, 60
Trd, 4318817.243, 60
Trd, 4318817.843, 60
Trd, 4318818.093, 64
Trd, 4318818.243, 64
Trd, 4318819.043, 61
Trd, 4318820.993, 60
Trd, 4318821.843, 60
Trd, 4318822.343, 60
Trd, 4318823.143, 61
Trd, 4318823.443, 61
Trd, 4318825.043, 62
Trd, 4318825.193, 62
Trd, 4318826.393, 60
Trd, 4318826.693, 60
Trd, 4318826.993, 61
Trd, 4318828.043, 61
Trd, 4318829.493, 61
Trd, 4318830.143, 60
Trd, 4318830.493, 62
Trd, 4318830.593, 63
Trd, 4318831.193, 64
Trd, 4318831.393, 65
Trd, 4318832.093, 65
Trd, 4318832.693, 62
Trd, 4318833.593, 61
Trd, 4318833.993, 61
Trd, 4318835.243, 60
Trd, 4318836.443, 62
Trd, 4318836.593, 62
Trd, 4318837.343, 67
Trd, 4318837.793, 70
Trd, 4318837.843, 61
Trd, 4318837.943, 70
Trd, 4318838.943, 60
Trd, 4318840.593, 60
Trd, 4318840.793, 60
Trd, 4318841.743, 60
Trd, 4318841.843, 63
Trd, 4318842.093, 60
Trd, 4318842.743, 61
Trd, 4318843.393, 62
Trd, 4318845.493, 62
Trd, 4318845.543, 64
Trd, 4318847.343, 60
Trd, 4318847.743, 61
Trd, 4318847.843, 63
Trd, 4318848.093, 60
Trd, 4318848.143, 64
Trd, 4318848.193, 67
Trd, 4318848.593, 71
Trd, 4318849.593, 139
Trd, 4318849.893, 112
Trd, 4318850.543, 60
Trd, 4318850.893, 60
Trd, 4318853.243, 60
Trd, 4318853.343, 61
Trd, 4318853.593, 64
Trd, 4318854.043, 61
Trd, 4318854.393, 62
Trd, 4318854.443, 62
Trd, 4318854.743, 60
Trd, 4318855.293, 140
Trd, 4318855.493, 140
Trd, 4318856.193, 140
Trd, 4318856.943, 69
Trd, 4318857.493, 62
Trd, 4318858.093, 139
Trd, 4318858.493, 64
Trd, 4318859.593, 124
Trd, 4318860.493, 63
Trd, 4318860.743, 61
Trd, 4318861.493, 140
Trd, 4318862.343, 61
Trd, 4318862.543, 140
Trd, 4318863.343, 140
Trd, 4318863.643, 62
Trd, 4318864.243, 62
Trd, 4318864.893, 109
Trd, 4318865.893, 137
Trd, 4318867.343, 139
Trd, 4318867.543, 139
Trd, 4318867.643, 94
Trd, 4318868.393, 73
Trd, 4318868.593, 140
Trd, 4318868.893, 140
Trd, 4318869.443, 61
Trd, 4318869.493, 60
Trd, 4318871.143, 140
Trd, 4318871.693, 140
Trd, 4318872.543, 140
Trd, 4318872.793, 140
Trd, 4318872.893, 140
Trd, 4318873.693, 140
Trd, 4318873.793, 140
Trd, 4318874.343, 132
Trd, 4318875.193, 92
Trd, 4318875.943, 140
Trd, 4318876.693, 140
Trd, 4318877.693, 140
Trd, 4318878.893, 139
Trd, 4318879.393, 127
Trd, 4318880.993, 140
Trd, 4318881.143, 140
Trd, 4318881.293, 139
Trd, 4318881.443, 139
Trd, 4318882.343, 134
Trd, 4318882.593, 127
Trd, 4318883.293, 64
Trd, 4318884.043, 67
Trd, 4318884.593, 138
Trd, 4318886.093, 133
Trd, 4318886.443, 132
Trd, 4318886.993, 60
Trd, 4318888.193, 60
Trd, 4318888.943, 60
Trd, 4318889.143, 60
Trd, 4318889.693, 61
Trd, 4318889.943, 61
Trd, 4318890.443, 121
Trd, 4318891.343, 137
Trd, 4318891.993, 61
Trd, 4318892.943, 61
Trd, 4318893.243, 62
Trd, 4318893.593, 140
Trd, 4318894.293, 140
Trd, 4318894.393, 140
Trd, 4318894.593, 140
Trd, 4318895.443, 140
Trd, 4318896.143, 140
Trd, 4318896.893, 139
Trd, 4318897.043, 139
Trd, 4318898.443, 61
Trd, 4318898.843, 140
Trd, 4318899.143, 140
Trd, 4318899.193, 140
Trd, 4318899.793, 140
Trd, 4318900.643, 86
Trd, 4318901.293, 139
Trd, 4318902.493, 63
Trd, 4318902.543, 64
Trd, 4318902.993, 139
Trd, 4318903.093, 61
Trd, 4318904.393, 140
Trd, 4318904.993, 140
Trd, 4318905.493, 136
Trd, 4318906.443, 131
Trd, 4318906.493, 128
Trd, 4318908.093, 140
Trd, 4318908.143, 140
Trd, 4318908.843, 140
Trd, 4318909.143, 140
Trd, 4318909.193, 139
Trd, 4318909.993, 106
Trd, 4318910.443, 63
Trd, 4318910.893, 64
Trd, 4318911.843, 139
Trd, 4318912.643, 140
Trd, 4318913.343, 139
Trd, 4318913.743, 140
Trd, 4318913.843, 139
Trd, 4318914.143, 139
Trd, 4318914.743, 127
Trd, 4318916.493, 140
Trd, 4318916.593, 138
Trd, 4318917.643, 68
Trd, 4318918.043, 65
Trd, 4318918.443, 70
Trd, 4318919.093, 60
Trd, 4318919.293, 65
Trd, 4318920.043, 67
Trd, 4318920.643, 62
Trd, 4318921.193, 63
Trd, 4318921.943, 76
Trd, 4318922.243, 60
Trd, 4318922.843, 62
Trd, 4318923.293, 63
Trd, 4318924.793, 61
Trd, 4318925.043, 62
Trd, 4318925.993, 63
Trd, 4318926.143, 66
Trd, 4318926.843, 63
Trd, 4318927.693, 63
Trd, 4318927.793, 62
Trd, 4318928.693, 61
Trd, 4318929.143, 62
Trd, 4318929.343, 60
Trd, 4318929.943, 62
Trd, 4318930.343, 63
Trd, 4318931.643, 62
Trd, 4318932.593, 64
Trd, 4318933.393, 60
Trd, 4318933.493, 69
Trd, 4318934.643, 60
Trd, 4318934.943, 60
Trd, 4318935.343, 60
Trd, 4318936.193, 61
Trd, 4318936.543, 64
Trd, 4318936.893, 140
Trd, 4318938.093, 60
Trd, 4318938.643, 61
Trd, 4318938.893, 60
Trd, 4318939.143, 66
Trd, 4318940.043, 61
Trd, 4318940.293, 65
Trd, 4318941.193, 61
Trd, 4318941.793, 64
Trd, 4318941.893, 61
Trd, 4318943.593, 60
Trd, 4318943.793, 60
Trd, 4318943.843, 61
Trd, 4318944.843, 60
Trd, 4318945.643, 60
Trd, 4318946.093, 60
Trd, 4318946.643, 64
Trd, 4318947.243, 61
Trd, 4318947.993, 63
Trd, 4318949.093, 66
Trd, 4318950.143, 60
Trd, 4318950.443, 61
Trd, 4318951.393, 61
Trd, 4318951.643, 61
Trd, 4318951.843, 66
Trd, 4318952.243, 80
Trd, 4318954.493, 60
Trd, 4318956.443, 60
Trd, 4318956.893, 60
Trd, 4318957.293, 60
Trd, 4318957.343, 61
Trd, 4318958.593, 60
Trd, 4318959.143, 62
Trd, 4318959.343, 63
Trd, 4318960.043, 60
Trd, 4318960.143, 62
Trd, 4318960.943, 63
Trd, 4318961.193, 60
Trd, 4318962.643, 61
Trd, 4318962.793, 60
Trd, 4318963.393, 63
Trd, 4318963.643, 66
Trd, 4318964.693, 64
Trd, 4318965.643, 60
Trd, 4318966.243, 62
Trd, 4318967.143, 62
Trd, 4318967.193, 70
Trd, 4318967.243, 60
Trd, 4318968.093, 62
Trd, 4318968.793, 62
Trd, 4318969.193, 62
Trd, 4318969.393, 65
Trd, 4318969.943, 60
Trd, 4318971.743, 61
Trd, 4318972.443, 63
Trd, 4318973.043, 64
Trd, 4318973.243, 68
Trd, 4318974.193, 61
Trd, 4318975.093, 60
Trd, 4318975.443, 61
Trd, 4318976.043, 60
Trd, 4318976.093, 63
Trd, 4318978.043, 60
Trd, 4318978.493, 60
Trd, 4318978.643, 65
Trd, 4318978.893, 68
Trd, 4318979.293, 65
Trd, 4318979.943, 74
Trd, 4318982.043, 65
Trd, 4318982.943, 60
Trd, 4318983.393, 61
Trd, 4318984.443, 63
Trd, 4318984.693, 63
Trd, 4318985.293, 64
Trd, 4318985.393, 69
Trd, 4318986.343, 61
Trd, 4318988.243, 60
Trd, 4318988.543, 62
Trd, 4318989.193, 62
Trd, 4318989.293, 62
Trd, 4318989.693, 67
Trd, 4318990.443, 140
Trd, 4318990.593, 140
Trd, 4318990.893, 99
Trd, 4318992.393, 62
Trd, 4318992.543, 62
Trd, 4318992.793, 72
Trd, 4318993.393, 85
Trd, 4318993.893, 68
Trd, 4318995.443, 62
Trd, 4318996.343, 60
Trd, 4318996.493, 60
Trd, 4318996.993, 62
Trd, 4318997.343, 63
Trd, 4318997.743, 61
Trd, 4318999.643, 60
Trd, 4319000.243, 62
Trd, 4319000.393, 63
Trd, 4319000.543, 64
Trd, 4319001.643, 63
Trd, 4319003.193, 60
Trd, 4319003.293, 61
Trd, 4319003.693, 62
Trd, 4319004.043, 62
Trd, 4319004.393, 63
Trd, 4319004.543, 63
Trd, 4319006.393, 61
Trd, 4319007.643, 61
Trd, 4319008.143, 60
Trd, 4319008.543, 67
Trd, 4319008.693, 61
Trd, 4319009.343, 63
Trd, 4319010.193, 60
Trd, 4319010.343, 60
Trd, 4319010.593, 61
Trd, 4319010.643, 62
Trd, 4319011.843, 60
Trd, 4319012.243, 62
Trd, 4319012.443, 63
Trd, 4319012.893, 118
Trd, 4319014.043, 64
Trd, 4319016.093, 60
Trd, 4319016.293, 61
Trd, 4319016.343, 61
Trd, 4319017.093, 60
Trd, 4319017.693, 60
Trd, 4319019.043, 60
Trd, 4319019.193, 61
Trd, 4319019.593, 60
Trd, 4319020.643, 61
Trd, 4319021.893, 60
Trd, 4319022.093, 62
Trd, 4319022.543, 62
Trd, 4319023.643, 61
Trd, 4319023.993, 63
Trd, 4319024.293, 60
Trd, 4319024.993, 60
Trd, 4319025.893, 60
Trd, 4319025.993, 60
Trd, 4319026.793, 61
Trd, 4319027.293, 60
Trd, 4319029.893, 60
Trd, 4319029.993, 61
Trd, 4319030.293, 62
Trd, 4319030.993, 60
Trd, 4319032.543, 60
Trd, 4319033.943, 60
Trd, 4319034.393, 61
Trd, 4319034.993, 62
Trd, 4319035.843, 60
Trd, 4319036.343, 60
Trd, 4319037.243, 62
Trd, 4319037.593, 60
Trd, 4319037.743, 65
Trd, 4319038.643, 63
Trd, 4319039.143, 62
Trd, 4319039.843, 60
Trd, 4319040.593, 140
Trd, 4319040.743, 139
Trd, 4319041.793, 140
Trd, 4319041.943, 139
Trd, 4319042.043, 121
Trd, 4319042.743, 60
Trd, 4319043.543, 62
Trd, 4319044.343, 67
Trd, 4319045.293, 60
Trd, 4319045.693, 60
Trd, 4319046.443, 61
Trd, 4319046.593, 64
Trd, 4319047.343, 60
Trd, 4319048.343, 61
Trd, 4319048.593, 61
Trd, 4319050.293, 60
Trd, 4319050.343, 61
Trd, 4319050.443, 60
Trd, 4319052.293, 60
Trd, 4319052.543, 60
Trd, 4319055.143, 60
Trd, 4319055.293, 60
Trd, 4319055.993, 60
Trd, 4319056.143, 61
Trd, 4319056.443, 61
Trd, 4319056.543, 66
Trd, 4319057.193, 140
Trd, 4319057.443, 140
Trd, 4319057.843, 138
Trd, 4319057.943, 114
Trd, 4319058.443, 62
Trd, 4319058.843, 62
Trd, 4319059.293, 63
Trd, 4319059.893, 138
Trd, 4319060.493, 140
Trd, 4319060.943, 140
Trd, 4319061.743, 140
Trd, 4319061.793, 138
Trd, 4319063.043, 60
Trd, 4319063.443, 64
Trd, 4319064.193, 65
Trd, 4319065.743, 60
Trd, 4319066.293, 60
Trd, 4319066.343, 61
Trd, 4319066.643, 60
Trd, 4319068.343, 60
Trd, 4319068.693, 61
Trd, 4319069.193, 60
Trd, 4319069.593, 62
Trd, 4319070.543, 60
Trd, 4319070.793, 60
Trd, 4319071.343, 60
Trd, 4319072.693, 60
Trd, 4319073.893, 62
Trd, 4319074.093, 62
Trd, 4319074.693, 61
Trd, 4319075.643, 60
Trd, 4319076.243, 60
Trd, 4319076.543, 60
Trd, 4319078.143, 62
Trd, 4319078.243, 64
Trd, 4319078.293, 65
Trd, 4319078.493, 62
Trd, 4319079.093, 60
Trd, 4319079.143, 60
Trd, 4319080.043, 62
Trd, 4319080.193, 63
Trd, 4319080.593, 60
Trd, 4319081.793, 63
Trd, 4319082.193, 60
Trd, 4319083.243, 60
Trd, 4319084.493, 62
Trd, 4319085.393, 60
Trd, 4319085.593, 61
Trd, 4319085.943, 66
Trd, 4319087.343, 64
Trd, 4319087.643, 63
Trd, 4319088.993, 60
Trd, 4319089.143, 61
Trd, 4319089.893, 62
Trd, 4319089.993, 62
Trd, 4319091.093, 62
Trd, 4319091.593, 60
Trd, 4319092.393, 60
Trd, 4319092.693, 60
Trd, 4319093.793, 60
Trd, 4319093.993, 61
Trd, 4319095.243, 60
Trd, 4319095.993, 60
Trd, 4319096.143, 60
Trd, 4319096.393, 65
Trd, 4319097.543, 60
Trd, 4319097.943, 72
Trd, 4319098.343, 64
Trd, 4319099.743, 60
Trd, 4319099.843, 60
Trd, 4319099.993, 62
Trd, 4319100.993, 61
Trd, 4319101.643, 60
Trd, 4319103.043, 60
Trd, 4319103.543, 60
Trd, 4319104.393, 62
Trd, 4319104.743, 64
Trd, 4319106.793, 61
Trd, 4319107.093, 60
Trd, 4319107.293, 60
Trd, 4319107.493, 60
Trd, 4319108.193, 60
Trd, 4319108.543, 62
Trd, 4319109.193, 60
Trd, 4319109.293, 63
Trd, 4319110.193, 60
Trd, 4319110.493, 62
Trd, 4319110.593, 64
Trd, 4319111.693, 140
Trd, 4319112.343, 61
Trd, 4319113.393, 64
Trd, 4319113.893, 61
Trd, 4319113.993, 63
Trd, 4319115.193, 60
Trd, 4319116.593, 60
Trd, 4319117.043, 64
Trd, 4319117.443, 65
Trd, 4319117.493, 74
Trd, 4319117.893, 73
Trd, 4319118.443, 66
Trd, 4319118.893, 62
Trd, 4319119.193, 62
Trd, 4319120.043, 60
Trd, 4319121.393, 60
Trd, 4319121.593, 60
Trd, 4319122.443, 62
Trd, 4319122.543, 66
Trd, 4319123.493, 60
Trd, 4319123.793, 73
Trd, 4319124.693, 60
Trd, 4319124.843, 61
Trd, 4319124.893, 66
Trd, 4319125.743, 60
Trd, 4319127.593, 60
Trd, 4319128.793, 60
Trd, 4319128.993, 60
Trd, 4319130.793, 60
Trd, 4319131.043, 60
Trd, 4319131.193, 60
Trd, 4319131.493, 60
Trd, 4319131.543, 62
Trd, 4319131.843, 64
Trd, 4319133.093, 64
Trd, 4319133.743, 62
Trd, 4319134.043, 67
Trd, 4319135.393, 60
Trd, 4319135.693, 60
Trd, 4319136.293, 61
Trd, 4319136.543, 61
Trd, 4319137.693, 60
Trd, 4319138.893, 60
Trd, 4319139.293, 60
Trd, 4319139.943, 65
Trd, 4319140.993, 62
Trd, 4319141.093, 66
Trd, 4319144.043, 60
Trd, 4319144.243, 60
Trd, 4319144.743, 60
Trd, 4319146.393, 61
Trd, 4319146.743, 60
Trd, 4319148.143, 60
Trd, 4319148.743, 60
Trd, 4319149.393, 63
Trd, 4319149.443, 63
Trd, 4319149.643, 65
Trd, 4319150.043, 63
Trd, 4319150.493, 66
Trd, 4319150.993, 66
Trd, 4319151.043, 67
Trd, 4319152.493, 63
Trd, 4319153.343, 60
Trd, 4319154.043, 60
Trd, 4319154.143, 65
Trd, 4319154.493, 66
Trd, 4319155.443, 60
Trd, 4319155.493, 83
Trd, 4319157.543, 60
Trd, 4319157.643, 60
Trd, 4319158.893, 60
Trd, 4319159.093, 60
Trd, 4319160.993, 60
Trd, 4319162.093, 61
Trd, 4319162.593, 61
Trd, 4319162.843, 60
Trd, 4319162.993, 61
Trd, 4319163.943, 60
Trd, 4319164.293, 64
Trd, 4319164.993, 61
Trd, 4319165.043, 67
Trd, 4319166.093, 61
Trd, 4319166.243, 72
Trd, 4319166.493, 139
Trd, 4319167.393, 140
Trd, 4319167.593, 140
Trd, 4319168.943, 62
Trd, 4319169.043, 62
Trd, 4319169.943, 60
Trd, 4319170.793, 69
Trd, 4319171.493, 66
Trd, 4319171.993, 110
Trd, 4319172.893, 60
Trd, 4319173.293, 60
Trd, 4319173.843, 63
Trd, 4319174.343, 61
Trd, 4319175.093, 61
Trd, 4319176.043, 63
Trd, 4319176.293, 64
Trd, 4319176.993, 65
Trd, 4319177.243, 66
Trd, 4319177.343, 60
Trd, 4319177.943, 74
Trd, 4319178.393, 140
Trd, 4319178.743, 62
Trd, 4319179.843, 138
Trd, 4319180.543, 60
Trd, 4319180.843, 66
Trd, 4319182.093, 69
Trd, 4319182.393, 66
Trd, 4319183.893, 60
Trd, 4319184.043, 62
Trd, 4319184.943, 60
Trd, 4319185.693, 60
Trd, 4319185.793, 64
Trd, 4319186.593, 66
Trd, 4319186.843, 70
Trd, 4319189.243, 60
Trd, 4319189.643, 60
Trd, 4319190.393, 61
Trd, 4319190.443, 61
Trd, 4319191.343, 61
Trd, 4319193.093, 60
Trd, 4319193.843, 60
Trd, 4319193.893, 62
Trd, 4319194.543, 61
Trd, 4319194.993, 61
Trd, 4319195.293, 65
Trd, 4319196.043, 62
Trd, 4319197.243, 62
Trd, 4319197.293, 65
Trd, 4319197.743, 65
Trd, 4319197.793, 74
Trd, 4319198.743, 61
Trd, 4319199.193, 68
Trd, 4319199.693, 62
Trd, 4319200.093, 60
Trd, 4319200.993, 60
Trd, 4319201.143, 66
Trd, 4319201.593, 68
Trd, 4319202.593, 140
Trd, 4319202.693, 138
Trd, 4319203.093, 60
Trd, 4319204.893, 63
Trd, 4319205.043, 70
Trd, 4319205.793, 140
Trd, 4319205.993, 124
Trd, 4319207.793, 60
Trd, 4319209.143, 60
Trd, 4319209.593, 61
Trd, 4319210.093, 60
Trd, 4319210.493, 61
Trd, 4319210.693, 62
Trd, 4319210.993, 62
Trd, 4319211.093, 65
Trd, 4319211.993, 140
Trd, 4319212.143, 140
Trd, 4319212.943, 140
Trd, 4319213.093, 140
Trd, 4319213.343, 140
Trd, 4319213.793, 118
Trd, 4319213.843, 106
Trd, 4319214.543, 140
Trd, 4319214.743, 122
Trd, 4319217.193, 140
Trd, 4319217.943, 123
Trd, 4319218.093, 113
Trd, 4319218.643, 65
Trd, 4319218.743, 68
Trd, 4319218.993, 69
Trd, 4319219.243, 138
Trd, 4319219.593, 62
Trd, 4319219.843, 139
Trd, 4319220.993, 70
Trd, 4319221.293, 87
Trd, 4319222.143, 136
Trd, 4319222.743, 140
Trd, 4319223.243, 138
Trd, 4319223.443, 136
Trd, 4319225.193, 136
Trd, 4319225.493, 140
Trd, 4319225.793, 119
Trd, 4319227.493, 140
Trd, 4319228.043, 140
Trd, 4319228.693, 140
Trd, 4319228.843, 140
Trd, 4319229.743, 139
Trd, 4319230.143, 140
Trd, 4319230.193, 134
Trd, 4319231.493, 140
Trd, 4319231.843, 140
Trd, 4319232.543, 84
Trd, 4319232.693, 138
Trd, 4319233.243, 68
Trd, 4319234.093, 60
Trd, 4319234.243, 61
Trd, 4319235.193, 72
Trd, 4319235.993, 140
Trd, 4319236.043, 113
Trd, 4319236.143, 66
Trd, 4319236.543, 70
Trd, 4319237.393, 139
Trd, 4319238.043, 61
Trd, 4319238.443, 60
Trd, 4319238.693, 60
Trd, 4319239.743, 140
Trd, 4319240.643, 140
Trd, 4319240.893, 139
Trd, 4319241.343, 140
Trd, 4319242.143, 137
Trd, 4319242.693, 140
Trd, 4319242.893, 106
Trd, 4319243.043, 98
Trd, 4319243.993, 133
Trd, 4319244.193, 132
Trd, 4319246.343, 140
Trd, 4319246.543, 140
Trd, 4319246.743, 139
Trd, 4319246.893, 138
Trd, 4319247.893, 139
Trd, 4319248.743, 131
Trd, 4319249.393, 110
Trd, 4319250.143, 140
Trd, 4319250.243, 118
Trd, 4319250.993, 140
Trd, 4319251.393, 140
Trd, 4319251.543, 140
Trd, 4319251.643, 139
Trd, 4319251.943, 112
Trd, 4319253.743, 136
Trd, 4319254.043, 131
Trd, 4319254.543, 76
Trd, 4319254.943, 66
Trd, 4319256.293, 77
Trd, 4319256.693, 140
Trd, 4319257.643, 140
Trd, 4319257.943, 140
Trd, 4319258.243, 140
Trd, 4319259.793, 140
Trd, 4319261.543, 140
Trd, 4319261.743, 139
Trd, 4319262.193, 140
Trd, 4319262.493, 140
Trd, 4319262.643, 139
Trd, 4319262.793, 132
Trd, 4319263.593, 139
Trd, 4319263.643, 96
Trd, 4319263.743, 69
Trd, 4319265.443, 140
Trd, 4319265.493, 140
Trd, 4319265.893, 140
Trd, 4319266.843, 140
Trd, 4319267.543, 61
Trd, 4319268.343, 139
Trd, 4319268.693, 62
Trd, 4319268.993, 61
Trd, 4319270.743, 61
Trd, 4319271.643, 77
Trd, 4319271.943, 78
Trd, 4319271.993, 77
Trd, 4319273.193, 62
Trd, 4319274.693, 61
Trd, 4319275.043, 60
Trd, 4319275.343, 81
Trd, 4319275.893, 60
Trd, 4319276.243, 67
Trd, 4319276.693, 60
Trd, 4319277.043, 61
Trd, 4319277.293, 63
Trd, 4319277.393, 65
Trd, 4319278.493, 62
Trd, 4319278.843, 64
Trd, 4319279.593, 61
Trd, 4319280.843, 60
Trd, 4319281.643, 60
Trd, 4319281.843, 63
Trd, 4319282.843, 60
Trd, 4319283.243, 61
Trd, 4319283.393, 67
Trd, 4319284.743, 62
Trd, 4319284.793, 60
Trd, 4319285.543, 65
Trd, 4319285.743, 77
Trd, 4319286.493, 60
Trd, 4319287.643, 60
Trd, 4319288.143, 61
Trd, 4319288.393, 63
Trd, 4319289.193, 64
Trd, 4319290.343, 60
Trd, 4319290.843, 61
Trd, 4319292.343, 60
Trd, 4319293.293, 60
Trd, 4319294.093, 60
Trd, 4319294.393, 60
Trd, 4319295.093, 61
Trd, 4319295.593, 60
Trd, 4319296.693, 60
Trd, 4319297.093, 60
Trd, 4319297.143, 61
Trd, 4319297.893, 60
Trd, 4319297.943, 60
Trd, 4319297.993, 71
Trd, 4319298.343, 64
Trd, 4319299.643, 60
Trd, 4319299.893, 61
Trd, 4319299.943, 64
Trd, 4319300.843, 64
Trd, 4319300.993, 61
Trd, 4319301.943, 61
Trd, 4319302.193, 65
Trd, 4319302.643, 140
Trd, 4319302.843, 139
Trd, 4319303.243, 140
Trd, 4319303.593, 139
Trd, 4319304.243, 61
Trd, 4319304.743, 66
Trd, 4319305.843, 138
Trd, 4319307.193, 140
Trd, 4319307.443, 138
Trd, 4319307.943, 60
Trd, 4319308.843, 60
Trd, 4319308.893, 60
Trd, 4319309.143, 62
Trd, 4319310.543, 137
Trd, 4319311.193, 136
Trd, 4319311.393, 90
Trd, 4319312.643, 97
Trd, 4319313.043, 131
Trd, 4319313.593, 96
Trd, 4319313.793, 70
Trd, 4319314.493, 138
Trd, 4319315.343, 139
Trd, 4319315.493, 69
Trd, 4319315.693, 140
Trd, 4319316.193, 67
Trd, 4319316.893, 85
Trd, 4319317.593, 70
Trd, 4319318.293, 60
Trd, 4319318.393, 71
Trd, 4319319.443, 61
Trd, 4319319.643, 60
Trd, 4319321.343, 60
Trd, 4319322.893, 61
Trd, 4319323.393, 60
Trd, 4319323.493, 60
Trd, 4319323.893, 60
Trd, 4319324.043, 62
Trd, 4319324.793, 60
Trd, 4319325.693, 60
Trd, 4319326.043, 60
Trd, 4319326.743, 60
Trd, 4319327.293, 60
Trd, 4319328.843, 62
Trd, 4319329.043, 63
Trd, 4319329.343, 65
Trd, 4319329.543, 66
Trd, 4319329.943, 69
Trd, 4319331.693, 60
Trd, 4319331.893, 62
Trd, 4319333.493, 63
Trd, 4319333.693, 61
Trd, 4319335.043, 60
Trd, 4319335.193, 60
Trd, 4319335.593, 60
Trd, 4319336.343, 60
Trd, 4319336.393, 63
Trd, 4319337.043, 65
Trd, 4319337.943, 61
Trd, 4319338.943, 60
Trd, 4319338.993, 60
Trd, 4319339.093, 63
Trd, 4319340.793, 65
Trd, 4319341.143, 60
Trd, 4319341.793, 60
Trd, 4319342.193, 61
Trd, 4319343.993, 60
Trd, 4319344.543, 60
Trd, 4319345.943, 60
Trd, 4319346.193, 62
Trd, 4319346.993, 61
Trd, 4319347.443, 61
Trd, 4319347.543, 64
Trd, 4319347.643, 69
Trd, 4319349.743, 61
Trd, 4319350.293, 60
Trd, 4319350.343, 61
Trd, 4319350.843, 62
Trd, 4319351.243, 61
Trd, 4319351.343, 68
Trd, 4319351.743, 66
Trd, 4319352.343, 73
Trd, 4319353.843, 69
Trd, 4319354.393, 61
Trd, 4319355.893, 138
Trd, 4319355.993, 132
Trd, 4319356.393, 60
Trd, 4319357.593, 61
Trd, 4319358.043, 61
Trd, 4319358.293, 68
Trd, 4319358.993, 66
Trd, 4319360.643, 60
Trd, 4319360.993, 61
Trd, 4319361.443, 61
Trd, 4319362.843, 61
Trd, 4319363.143, 60
Trd, 4319363.293, 62
Trd, 4319363.493, 61
Trd, 4319364.643, 60
Trd, 4319364.793, 61
Trd, 4319365.043, 69
Trd, 4319366.243, 61
Trd, 4319366.493, 62
Trd, 4319366.893, 63
Trd, 4319367.943, 61
Trd, 4319368.193, 63
Trd, 4319368.643, 60
Trd, 4319369.693, 61
Trd, 4319370.843, 60
Trd, 4319370.993, 61
Trd, 4319371.793, 63
Trd, 4319372.343, 62
Trd, 4319372.843, 63
Trd, 4319374.793, 60
Trd, 4319374.893, 65
Trd, 4319375.093, 62
Trd, 4319375.543, 62
Trd, 4319376.543, 61
Trd, 4319377.043, 62
Trd, 4319378.293, 61
Trd, 4319378.693, 61
Trd, 4319378.793, 62
Trd, 4319380.393, 139
Trd, 4319380.493, 138
Trd, 4319380.693, 100
Trd, 4319382.743, 61
Trd, 4319382.793, 62
Trd, 4319382.993, 62
Trd, 4319383.143, 139
Trd, 4319384.543, 64
Trd, 4319384.693, 60
Trd, 4319385.093, 61
Trd, 4319385.243, 65
Trd, 4319385.793, 60
Trd, 4319386.443, 63
Trd, 4319387.393, 65
Trd, 4319388.193, 137
Trd, 4319388.243, 131
Trd, 4319388.493, 137
Trd, 4319389.143, 139
Trd, 4319389.943, 60
Trd, 4319390.593, 60
Trd, 4319390.693, 63
Trd, 4319390.793, 66
Trd, 4319391.443, 60
Trd, 4319392.593, 60
Trd, 4319393.543, 60
Trd, 4319394.143, 60
Trd, 4319394.243, 60
Trd, 4319395.443, 60
Trd, 4319395.643, 62
Trd, 4319395.993, 64
Trd, 4319396.193, 62
Trd, 4319397.193, 60
Trd, 4319397.243, 60
Trd, 4319397.593, 60
Trd, 4319398.043, 60
Trd, 4319399.093, 60
Trd, 4319400.743, 62
Trd, 4319401.493, 60
Trd, 4319401.993, 62
Trd, 4319403.143, 63
Trd, 4319403.343, 68
Trd, 4319403.443, 69
Trd, 4319403.793, 61
Trd, 4319403.993, 62
Trd, 4319404.893, 60
Trd, 4319405.243, 63
Trd, 4319406.593, 63
Trd, 4319406.993, 60
Trd, 4319407.593, 61
Trd, 4319408.393, 66
Trd, 4319408.743, 73
Trd, 4319409.793, 62
Trd, 4319410.943, 60
Trd, 4319411.893, 60
Trd, 4319411.993, 60
Trd, 4319412.743, 60
Trd, 4319413.493, 60
Trd, 4319415.093, 60
Trd, 4319415.193, 60
Trd, 4319415.543, 61
Trd, 4319417.043, 60
Trd, 4319417.743, 60
Trd, 4319417.943, 60
Trd, 4319418.043, 60
Trd, 4319418.393, 61
Trd, 4319418.993, 63
Trd, 4319419.893, 62
Trd, 4319419.943, 61
Trd, 4319420.093, 63
Trd, 4319420.393, 68
Trd, 4319421.643, 60
Trd, 4319422.693, 60
Trd, 4319422.893, 61
Trd, 4319423.693, 63
Trd, 4319424.543, 60
Trd, 4319424.643, 64
Trd, 4319425.243, 60
Trd, 4319425.443, 62
Trd, 4319426.993, 60
Trd, 4319427.343, 61
Trd, 4319428.043, 62
Trd, 4319428.493, 61
Trd, 4319428.993, 65
Trd, 4319429.593, 63
Trd, 4319430.143, 60
Trd, 4319430.543, 63
Trd, 4319431.293, 62
Trd, 4319432.093, 61
Trd, 4319433.843, 63
Trd, 4319434.243, 61
Trd, 4319434.343, 74
Trd, 4319436.043, 60
Trd, 4319436.493, 60
Trd, 4319437.443, 61
Trd, 4319437.543, 67
Trd, 4319437.743, 68
Trd, 4319438.743, 62
Trd, 4319439.443, 60
Trd, 4319439.993, 60
Trd, 4319440.393, 60
Trd, 4319440.543, 61
Trd, 4319440.593, 62
Trd, 4319441.593, 60
Trd, 4319441.743, 60
Trd, 4319442.093, 65
Trd, 4319442.593, 65
Trd, 4319443.593, 63
Trd, 4319443.993, 61
Trd, 4319445.043, 60
Trd, 4319445.693, 60
Trd, 4319445.843, 65
Trd, 4319446.643, 60
Trd, 4319449.093, 60
Trd, 4319449.293, 60
Trd, 4319449.493, 60
Trd, 4319449.843, 60
Trd, 4319450.143, 60
Trd, 4319450.343, 61
Trd, 4319451.493, 60
Trd, 4319452.043, 61
Trd, 4319454.093, 60
Trd, 4319454.343, 60
Trd, 4319455.143, 61
Trd, 4319455.743, 60
Trd, 4319456.343, 64
Trd, 4319456.743, 64
Trd, 4319457.543, 66
Trd, 4319459.543, 60
Trd, 4319459.943, 60
Trd, 4319460.043, 61
Trd, 4319460.143, 62
Trd, 4319460.893, 60
Trd, 4319461.493, 61
Trd, 4319461.693, 63
Trd, 4319461.943, 68
Trd, 4319462.993, 63
Trd, 4319463.243, 69
Trd, 4319465.043, 61
Trd, 4319465.693, 60
Trd, 4319466.193, 60
Trd, 4319467.143, 61
Trd, 4319467.193, 61
Trd, 4319467.393, 140
Trd, 4319467.793, 65
Trd, 4319468.293, 102
Trd, 4319469.343, 140
Trd, 4319470.343, 140
Trd, 4319471.193, 138
Trd, 4319471.543, 132
Trd, 4319471.993, 62
Trd, 4319473.893, 60
Trd, 4319474.993, 60
Trd, 4319475.393, 61
Trd, 4319475.793, 60
Trd, 4319475.893, 61
Trd, 4319476.243, 62
Trd, 4319476.643, 63
Trd, 4319477.343, 61
Trd, 4319477.893, 62
Trd, 4319478.693, 61
Trd, 4319478.743, 62
Trd, 4319479.993, 62
Trd, 4319480.193, 122
Trd, 4319481.143, 62
Trd, 4319481.243, 63
Trd, 4319481.643, 61
Trd, 4319483.293, 60
Trd, 4319483.493, 62
Trd, 4319484.143, 61
Trd, 4319485.893, 60
Trd, 4319485.993, 61
Trd, 4319486.743, 60
Trd, 4319486.943, 61
Trd, 4319486.993, 61
Trd, 4319488.293, 60
Trd, 4319488.693, 63
Trd, 4319490.493, 60
Trd, 4319490.693, 60
Trd, 4319490.793, 60
Trd, 4319490.843, 60
Trd, 4319490.893, 63
Trd, 4319492.443, 60
Trd, 4319493.743, 60
Trd, 4319493.943, 60
Trd, 4319495.443, 61
Trd, 4319495.743, 64
Trd, 4319496.693, 61
Trd, 4319497.093, 62
Trd, 4319497.193, 62
Trd, 4319497.243, 67
Trd, 4319498.743, 128
Trd, 4319498.793, 126
Trd, 4319499.593, 140
Trd, 4319499.743, 139
Trd, 4319499.793, 134
Trd, 4319500.743, 139
Trd, 4319500.843, 101
Trd, 4319501.843, 140
Trd, 4319502.093, 128
Trd, 4319502.143, 93
Trd, 4319503.293, 139
Trd, 4319504.043, 135
Trd, 4319504.243, 106
Trd, 4319504.693, 72
Trd, 4319504.843, 140
Trd, 4319507.943, 140
Trd, 4319508.593, 140
Trd, 4319508.643, 140
Trd, 4319509.043, 139
Trd, 4319509.843, 71
Trd, 4319510.843, 137
Trd, 4319511.043, 139
Trd, 4319511.393, 140
Trd, 4319511.993, 138
Trd, 4319512.093, 103
Trd, 4319512.543, 127
Trd, 4319513.543, 140
Trd, 4319513.843, 75
Trd, 4319514.443, 62
Trd, 4319515.193, 60
Trd, 4319515.643, 61
Trd, 4319516.143, 60
Trd, 4319517.343, 60
Trd, 4319518.693, 61
Trd, 4319519.443, 61
Trd, 4319519.693, 61
Trd, 4319519.743, 71
Trd, 4319520.643, 67
Trd, 4319522.593, 60
Trd, 4319522.943, 60
Trd, 4319523.343, 60
Trd, 4319523.393, 60
Trd, 4319524.493, 62
Trd, 4319524.843, 61
Trd, 4319526.393, 60
Trd, 4319527.043, 60
Trd, 4319527.443, 60
Trd, 4319528.243, 60
Trd, 4319528.643, 60
Trd, 4319529.293, 61
Trd, 4319529.493, 60
Trd, 4319529.843, 62
Trd, 4319530.043, 64
Trd, 4319531.143, 62
Trd, 4319531.493, 62
Trd, 4319532.243, 60
Trd, 4319532.543, 140
Trd, 4319532.893, 61
Trd, 4319533.993, 62
Trd, 4319534.093, 69
Trd, 4319534.643, 60
Trd, 4319535.393, 60
Trd, 4319536.593, 61
Trd, 4319537.693, 60
Trd, 4319537.843, 62
Trd, 4319538.493, 60
Trd, 4319538.943, 63
Trd, 4319539.643, 61
Trd, 4319541.743, 61
Trd, 4319541.793, 61
Trd, 4319542.893, 61
Trd, 4319543.193, 60
Trd, 4319543.393, 61
Trd, 4319543.593, 63
Trd, 4319545.393, 60
Trd, 4319546.193, 65
Trd, 4319546.893, 61
Trd, 4319547.193, 63
Trd, 4319547.343, 64
Trd, 4319548.593, 65
Trd, 4319548.643, 66
Trd, 4319548.843, 70
Trd, 4319548.893, 77
Trd, 4319550.193, 61
Trd, 4319550.293, 64
Trd, 4319552.693, 60
Trd, 4319552.843, 61
Trd, 4319553.593, 61
Trd, 4319553.893, 66
Trd, 4319553.943, 71
Trd, 4319555.093, 60
Trd, 4319555.843, 65
Trd, 4319555.943, 68
Trd, 4319557.043, 60
Trd, 4319557.543, 60
Trd, 4319558.093, 65
Trd, 4319558.343, 73
Trd, 4319558.393, 74
Trd, 4319558.643, 62
Trd, 4319559.143, 64
Trd, 4319560.293, 60
Trd, 4319560.393, 60
Trd, 4319560.943, 61
Trd, 4319561.793, 62
Trd, 4319562.243, 61
Trd, 4319562.543, 63
Trd, 4319562.743, 60
Trd, 4319563.343, 62
Trd, 4319565.093, 60
Trd, 4319566.093, 62
Trd, 4319567.193, 60
Trd, 4319567.493, 62
Trd, 4319568.493, 63
Trd, 4319568.943, 62
Trd, 4319569.493, 67
Trd, 4319569.993, 64
Trd, 4319570.693, 64
Trd, 4319570.943, 75
Trd, 4319571.393, 64
Trd, 4319572.443, 64
Trd, 4319573.743, 140
Trd, 4319574.043, 140
Trd, 4319575.143, 61
Trd, 4319575.993, 64
Trd, 4319576.093, 64
Trd, 4319576.343, 81
Trd, 4319576.993, 61
Trd, 4319577.243, 60
Trd, 4319577.443, 60
Trd, 4319578.343, 60
Trd, 4319578.893, 63
Trd, 4319579.143, 61
Trd, 4319579.743, 61
Trd, 4319580.343, 140
Trd, 4319580.843, 140
Trd, 4319582.043, 62
Trd, 4319583.043, 62
Trd, 4319583.143, 61
Trd, 4319583.193, 64
Trd, 4319583.343, 71
Trd, 4319584.043, 60
Trd, 4319585.243, 140
Trd, 4319586.243, 140
Trd, 4319587.093, 139
Trd, 4319587.143, 137
Trd, 4319587.343, 73
Trd, 4319587.643, 68
Trd, 4319588.643, 60
Trd, 4319589.493, 60
Trd, 4319589.943, 60
Trd, 4319590.243, 60
Trd, 4319590.393, 61
Trd, 4319590.593, 62
Trd, 4319590.743, 139
Trd, 4319592.293, 60
Trd, 4319593.393, 61
Trd, 4319593.893, 62
Trd, 4319594.493, 60
Trd, 4319595.743, 60
Trd, 4319595.943, 61
Trd, 4319597.143, 61
Trd, 4319597.593, 61
Trd, 4319597.693, 62
Trd, 4319598.743, 61
Trd, 4319599.193, 62
Trd, 4319599.593, 64
Trd, 4319599.743, 66
Trd, 4319600.143, 140
Trd, 4319600.293, 140
Trd, 4319600.443, 93
Trd, 4319601.343, 92
Trd, 4319602.293, 140
Trd, 4319602.543, 102
Trd, 4319602.893, 140
Trd, 4319604.043, 138
Trd, 4319604.643, 126
Trd, 4319606.393, 140
Trd, 4319606.593, 140
Trd, 4319606.643, 120
Trd, 4319606.993, 138
Trd, 4319608.093, 140
Trd, 4319608.993, 140
Trd, 4319609.293, 139
Trd, 4319609.393, 97
Trd, 4319609.643, 96
Trd, 4319610.643, 140
Trd, 4319610.693, 140
Trd, 4319611.993, 140
Trd, 4319612.043, 140
Trd, 4319612.343, 138
Trd, 4319614.143, 67
Trd, 4319614.343, 60
Trd, 4319614.793, 140
Trd, 4319614.943, 140
Trd, 4319615.443, 138
Trd, 4319615.593, 99
Trd, 4319616.993, 140
Trd, 4319618.243, 140
Trd, 4319618.293, 140
Trd, 4319619.043, 137
Trd, 4319619.343, 82
Trd, 4319620.143, 139
Trd, 4319620.543, 136
Trd, 4319621.743, 140
Trd, 4319621.843, 139
Trd, 4319621.993, 89
Trd, 4319623.093, 67
Trd, 4319623.543, 68
Trd, 4319623.893, 68
Trd, 4319624.493, 62
Trd, 4319625.743, 60
Trd, 4319626.093, 64
Trd, 4319626.693, 65
Trd, 4319626.793, 137
Trd, 4319627.293, 140
Trd, 4319627.693, 139
Trd, 4319628.293, 139
Trd, 4319629.543, 63
Trd, 4319629.943, 95
Trd, 4319631.793, 60
Trd, 4319631.843, 61
Trd, 4319632.043, 63
Trd, 4319632.393, 60
Trd, 4319632.493, 62
Trd, 4319632.993, 64
Trd, 4319633.443, 63
Trd, 4319633.693, 61
Trd, 4319634.193, 64
Trd, 4319634.893, 61
Trd, 4319636.593, 60
Trd, 4319636.943, 60
Trd, 4319637.343, 65
Trd, 4319637.743, 64
Trd, 4319637.843, 62
Trd, 4319638.143, 65
Trd, 4319638.293, 67
Trd, 4319639.143, 140
Trd, 4319639.593, 140
Trd, 4319639.793, 140
Trd, 4319640.143, 140
Trd, 4319640.993, 139
Trd, 4319641.943, 140
Trd, 4319641.993, 92
Trd, 4319642.993, 140
Trd, 4319643.593, 60
Trd, 4319643.993, 133
Trd, 4319644.893, 133
Trd, 4319646.143, 140
Trd, 4319646.943, 140
Trd, 4319646.993, 138
Trd, 4319647.893, 140
Trd, 4319648.143, 139
Trd, 4319648.593, 80
Trd, 4319649.143, 69
Trd, 4319649.893, 140
Trd, 4319650.343, 83
Trd, 4319651.143, 68
Trd, 4319651.593, 67
Trd, 4319652.043, 68
Trd, 4319652.643, 67
Trd, 4319653.243, 63
Trd, 4319653.693, 62
Trd, 4319654.193, 60
Trd, 4319654.793, 60
Trd, 4319655.293, 60
Trd, 4319655.693, 60
Trd, 4319655.743, 67
Trd, 4319656.593, 60
Trd, 4319656.993, 64
Trd, 4319658.193, 61
Trd, 4319658.743, 61
Trd, 4319659.743, 60
Trd, 4319660.493, 62
Trd, 4319661.493, 61
Trd, 4319663.193, 60
Trd, 4319663.343, 61
Trd, 4319663.593, 61
Trd, 4319664.243, 61
Trd, 4319664.543, 62
Trd, 4319664.993, 64
Trd, 4319666.093, 60
Trd, 4319666.343, 60
Trd, 4319666.743, 60
Trd, 4319667.593, 60
Trd, 4319668.443, 61
Trd, 4319669.193, 63
Trd, 4319669.393, 63
Trd, 4319670.843, 60
Trd, 4319671.793, 60
Trd, 4319672.743, 60
Trd, 4319673.243, 63
Trd, 4319673.943, 60
Trd, 4319675.243, 60
Trd, 4319675.793, 60
Trd, 4319676.193, 60
Trd, 4319676.893, 60
Trd, 4319678.843, 61
Trd, 4319678.993, 62
Trd, 4319679.793, 60
Trd, 4319680.293, 60
Trd, 4319680.393, 62
Trd, 4319680.443, 65
Trd, 4319681.643, 60
Trd, 4319683.093, 62
Trd, 4319683.693, 61
Trd, 4319683.993, 60
Trd, 4319684.743, 61
Trd, 4319685.293, 60
Trd, 4319685.793, 61
Trd, 4319686.943, 60
Trd, 4319687.493, 60
Trd, 4319687.993, 60
Trd, 4319688.493, 62
Trd, 4319688.543, 65
Trd, 4319689.793, 61
Trd, 4319690.393, 64
Trd, 4319691.943, 62
Trd, 4319692.543, 63
Trd, 4319692.893, 63
Trd, 4319693.393, 63
Trd, 4319694.043, 61
Trd, 4319694.193, 61
Trd, 4319694.793, 62
Trd, 4319695.143, 65
Trd, 4319696.893, 61
Trd, 4319697.293, 60
Trd, 4319698.193, 60
Trd, 4319699.993, 62
Trd, 4319700.093, 60
Trd, 4319700.193, 63
Trd, 4319700.393, 63
Trd, 4319702.143, 60
Trd, 4319703.343, 61
Trd, 4319704.443, 60
Trd, 4319704.643, 60
Trd, 4319704.943, 61
Trd, 4319705.243, 60
Trd, 4319706.193, 60
Trd, 4319706.343, 60
Trd, 4319707.043, 60
Trd, 4319707.743, 60
Trd, 4319708.593, 60
Trd, 4319709.093, 62
Trd, 4319709.643, 61
Trd, 4319710.643, 61
Trd, 4319710.793, 62
Trd, 4319711.393, 60
Trd, 4319713.243, 60
Trd, 4319713.493, 66
Trd, 4319713.593, 60
Trd, 4319713.843, 60
Trd, 4319715.343, 60
Trd, 4319715.693, 60
Trd, 4319715.743, 70
Trd, 4319717.793, 62
Trd, 4319718.493, 64
Trd, 4319719.693, 60
Trd, 4319720.443, 60
Trd, 4319720.543, 60
Trd, 4319720.643, 61
Trd, 4319720.693, 62
Trd, 4319720.993, 60
Trd, 4319721.543, 67
Trd, 4319722.543, 61
Trd, 4319723.693, 60
Trd, 4319724.193, 60
Trd, 4319725.493, 60
Trd, 4319726.293, 60
Trd, 4319726.393, 60
Trd, 4319727.093, 60
Trd, 4319727.443, 60
Trd, 4319729.193, 60
Trd, 4319729.593, 60
Trd, 4319730.743, 60
Trd, 4319731.093, 61
Trd, 4319731.193, 62
Trd, 4319732.593, 60
Trd, 4319733.093, 60
Trd, 4319734.493, 60
Trd, 4319734.843, 60
Trd, 4319735.493, 60
Trd, 4319736.293, 61
Trd, 4319736.343, 62
Trd, 4319736.493, 64
Trd, 4319737.743, 65
Trd, 4319738.093, 62
Trd, 4319738.393, 66
Trd, 4319739.243, 61
Trd, 4319740.043, 60
Trd, 4319740.543, 61
Trd, 4319741.043, 60
Trd, 4319742.493, 60
Trd, 4319743.543, 61
Trd, 4319743.643, 61
Trd, 4319744.843, 60
Trd, 4319745.643, 63
Trd, 4319746.243, 64
Trd, 4319746.443, 62
Trd, 4319746.793, 64
Trd, 4319747.043, 63
Trd, 4319748.793, 61
Trd, 4319748.893, 61
Trd, 4319749.343, 61
Trd, 4319750.293, 60
Trd, 4319751.793, 60
Trd, 4319752.643, 60
Trd, 4319753.043, 61
Trd, 4319753.143, 60
Trd, 4319753.193, 62
Trd, 4319753.493, 60
Trd, 4319754.193, 60
Trd, 4319754.893, 61
Trd, 4319754.993, 61
Trd, 4319755.843, 61
Trd, 4319756.043, 61
Trd, 4319757.893, 60
Trd, 4319758.643, 60
Trd, 4319759.293, 60
Trd, 4319760.393, 60
Trd, 4319761.193, 61
Trd, 4319761.593, 60
Trd, 4319761.843, 61
Trd, 4319762.893, 60
Trd, 4319763.293, 61
Trd, 4319763.893, 62
Trd, 4319764.293, 61
Trd, 4319765.293, 60
Trd, 4319765.343, 60
Trd, 4319766.343, 63
Trd, 4319766.543, 63
Trd, 4319766.893, 63
Trd, 4319767.443, 62
Trd, 4319767.643, 63
Trd, 4319768.443, 62
Trd, 4319769.193, 62
Trd, 4319770.143, 60
Trd, 4319770.543, 62
Trd, 4319771.843, 60
Trd, 4319773.393, 62
Trd, 4319773.843, 62
Trd, 4319773.993, 60
Trd, 4319774.243, 62
Trd, 4319774.593, 61
Trd, 4319775.193, 62
Trd, 4319775.793, 60
Trd, 4319775.843, 62
Trd, 4319776.043, 72
Trd, 4319777.043, 62
Trd, 4319778.393, 60
Trd, 4319778.643, 63
Trd, 4319779.493, 60
Trd, 4319779.693, 61
Trd, 4319780.093, 61
Trd, 4319781.693, 61
Trd, 4319782.343, 60
Trd, 4319782.543, 63
Trd, 4319783.643, 66
Trd, 4319783.693, 66
Trd, 4319783.943, 64
Trd, 4319786.093, 60
Trd, 4319786.743, 60
Trd, 4319787.343, 62
Trd, 4319787.893, 60
Trd, 4319788.243, 60
Trd, 4319788.543, 64
Trd, 4319788.993, 60
Trd, 4319789.593, 60
Trd, 4319791.343, 60
Trd, 4319791.443, 60
Trd, 4319792.693, 61
Trd, 4319793.343, 60
Trd, 4319793.693, 61
Trd, 4319793.893, 137
Trd, 4319793.993, 60
Trd, 4319796.343, 62
Trd, 4319796.593, 64
Trd, 4319796.643, 65
Trd, 4319798.093, 62
Trd, 4319798.393, 89
Trd, 4319800.093, 60
Trd, 4319800.493, 60
Trd, 4319800.643, 60
Trd, 4319800.793, 60
Trd, 4319801.293, 60
Trd, 4319802.593, 60
Trd, 4319803.593, 60
Trd, 4319804.943, 60
Trd, 4319805.043, 61
Trd, 4319806.843, 60
Trd, 4319806.993, 62
Trd, 4319807.643, 60
Trd, 4319807.843, 60
Trd, 4319808.093, 64
Trd, 4319808.893, 61
Trd, 4319810.593, 60
Trd, 4319810.693, 62
Trd, 4319810.793, 66
Trd, 4319810.843, 66
Trd, 4319810.943, 63
Trd, 4319811.043, 69
Trd, 4319812.943, 61
Trd, 4319813.443, 60
Trd, 4319813.493, 60
Trd, 4319814.643, 60
Trd, 4319816.043, 60
Trd, 4319816.243, 60
Trd, 4319816.593, 60
Trd, 4319816.693, 62
Trd, 4319817.993, 60
Trd, 4319818.443, 61
Trd, 4319819.893, 60
Trd, 4319820.743, 60
Trd, 4319820.843, 62
Trd, 4319821.343, 62
Trd, 4319821.793, 62
Trd, 4319822.093, 65
Trd, 4319822.843, 140
Trd, 4319823.243, 140
Trd, 4319824.143, 139
Trd, 4319825.143, 64
Trd, 4319825.343, 65
Trd, 4319825.493, 61
Trd, 4319825.993, 60
Trd, 4319826.793, 63
Trd, 4319827.443, 77
Trd, 4319827.993, 76
Trd, 4319828.693, 139
Trd, 4319829.093, 140
Trd, 4319830.743, 140
Trd, 4319830.993, 140
Trd, 4319831.493, 140
Trd, 4319831.893, 140
Trd, 4319832.343, 130
Trd, 4319832.493, 136
Trd, 4319834.543, 140
Trd, 4319835.143, 140
Trd, 4319836.293, 140
Trd, 4319836.643, 140
Trd, 4319836.843, 139
Trd, 4319836.993, 140
Trd, 4319838.443, 140
Trd, 4319838.593, 140
Trd, 4319839.293, 140
Trd, 4319839.493, 140
Trd, 4319839.743, 139
Trd, 4319840.393, 140
Trd, 4319841.593, 140
Trd, 4319841.643, 140
Trd, 4319841.993, 139
Trd, 4319842.943, 60
Trd, 4319844.343, 140
Trd, 4319844.843, 137
Trd, 4319846.193, 138
Trd, 4319846.443, 78
Trd, 4319847.593, 60
Trd, 4319847.693, 61
Trd, 4319847.943, 62
Trd, 4319848.693, 68
Trd, 4319848.793, 69
Trd, 4319849.793, 60
Trd, 4319850.343, 82
Trd, 4319851.643, 61
Trd, 4319852.293, 75
Trd, 4319852.443, 77
Trd, 4319853.043, 63
Trd, 4319853.193, 66
Trd, 4319853.743, 61
Trd, 4319854.343, 78
Trd, 4319855.993, 62
Trd, 4319856.893, 60
Trd, 4319857.043, 60
Trd, 4319858.193, 60
Trd, 4319859.343, 60
Trd, 4319859.693, 60
Trd, 4319861.093, 60
Trd, 4319861.193, 64
Trd, 4319861.893, 60
Trd, 4319862.593, 64
Trd, 4319862.843, 69
Trd, 4319863.043, 64
Trd, 4319864.743, 60
Trd, 4319865.943, 64
Trd, 4319866.043, 65
Trd, 4319866.143, 64
Trd, 4319866.243, 67
Trd, 4319866.343, 63
Trd, 4319866.693, 140
Trd, 4319867.443, 61
Trd, 4319869.593, 61
Trd, 4319870.243, 60
Trd, 4319870.643, 61
Trd, 4319871.493, 61
Trd, 4319871.693, 61
Trd, 4319871.743, 66
Trd, 4319872.043, 68
Trd, 4319873.143, 60
Trd, 4319873.243, 60
Trd, 4319875.293, 60
Trd, 4319876.243, 60
Trd, 4319876.393, 63
Trd, 4319876.443, 67
Trd, 4319879.143, 60
Trd, 4319879.843, 60
Trd, 4319880.943, 60
Trd, 4319881.443, 61
Trd, 4319881.593, 61
Trd, 4319882.993, 60
Trd, 4319883.043, 60
Trd, 4319883.293, 60
Trd, 4319884.143, 61
Trd, 4319885.493, 60
Trd, 4319886.543, 63
Trd, 4319886.793, 63
Trd, 4319887.443, 60
Trd, 4319888.343, 60
Trd, 4319888.793, 63
Trd, 4319888.893, 64
Trd, 4319890.043, 61
Trd, 4319890.343, 62
Trd, 4319890.493, 62
Trd, 4319891.143, 61
Trd, 4319892.243, 63
Trd, 4319894.343, 60
Trd, 4319895.843, 61
Trd, 4319895.993, 63
Trd, 4319896.343, 61
Trd, 4319896.593, 61
Trd, 4319896.843, 64
Trd, 4319897.643, 60
Trd, 4319897.793, 61
Trd, 4319898.293, 61
Trd, 4319899.543, 60
Trd, 4319899.743, 62
Trd, 4319899.793, 63
Trd, 4319900.443, 79
Trd, 4319901.193, 140
Trd, 4319901.293, 139
Trd, 4319901.593, 60
Trd, 4319901.843, 62
Trd, 4319901.993, 66
Trd, 4319902.843, 61
Trd, 4319903.693, 140
Trd, 4319904.093, 139
Trd, 4319904.243, 137
Trd, 4319905.243, 60
Trd, 4319905.493, 61
Trd, 4319907.193, 60
Trd, 4319907.393, 63
Trd, 4319907.793, 63
Trd, 4319908.143, 62
Trd, 4319909.543, 60
Trd, 4319909.793, 64
Trd, 4319909.993, 64
Trd, 4319910.893, 61
Trd, 4319912.243, 67
Trd, 4319912.643, 62
Trd, 4319914.793, 60
Trd, 4319915.143, 60
Trd, 4319915.593, 63
Trd, 4319916.443, 61
Trd, 4319916.993, 61
Trd, 4319917.243, 61
Trd, 4319920.393, 60
Trd, 4319920.593, 60
Trd, 4319920.643, 60
Trd, 4319920.743, 61
Trd, 4319920.893, 63
Trd, 4319920.943, 64
Trd, 4319921.193, 69
Trd, 4319922.043, 62
Trd, 4319922.343, 61
Trd, 4319922.593, 77
Trd, 4319924.243, 60
Trd, 4319924.593, 65
Trd, 4319925.043, 140
Trd, 4319925.293, 139
Trd, 4319925.643, 136
Trd, 4319926.793, 140
Trd, 4319927.343, 140
Trd, 4319927.443, 140
Trd, 4319927.643, 139
Trd, 4319928.193, 140
Trd, 4319929.443, 64
Trd, 4319929.993, 137
Trd, 4319930.493, 60
Trd, 4319930.543, 63
Trd, 4319931.543, 140
Trd, 4319932.093, 139
Trd, 4319932.743, 73
Trd, 4319933.893, 140
Trd, 4319934.243, 140
Trd, 4319934.493, 122
Trd, 4319934.743, 133
Trd, 4319935.493, 139
Trd, 4319935.893, 139
Trd, 4319936.043, 108
Trd, 4319936.643, 139
Trd, 4319937.043, 140
Trd, 4319937.993, 139
Trd, 4319938.293, 139
Trd, 4319938.443, 136
Trd, 4319939.543, 90
Trd, 4319940.593, 140
Trd, 4319941.643, 140
Trd, 4319942.093, 140
Trd, 4319942.643, 140
Trd, 4319942.993, 140
Trd, 4319943.293, 138
Trd, 4319944.343, 140
Trd, 4319944.543, 139
Trd, 4319945.343, 85
Trd, 4319946.093, 61
Trd, 4319947.393, 61
Trd, 4319947.493, 66
Trd, 4319948.693, 61
Trd, 4319949.093, 63
Trd, 4319949.943, 60
Trd, 4319951.443, 63
Trd, 4319952.143, 60
Trd, 4319952.593, 64
Trd, 4319953.543, 60
Trd, 4319954.143, 60
Trd, 4319954.343, 61
Trd, 4319955.943, 60
Trd, 4319956.343, 63
Trd, 4319956.643, 60
Trd, 4319957.743, 60
Trd, 4319958.943, 60
Trd, 4319959.693, 60
Trd, 4319960.243, 60
Trd, 4319960.543, 60
Trd, 4319961.193, 60
Trd, 4319961.793, 60
Trd, 4319961.893, 60
Trd, 4319962.843, 60
Trd, 4319964.393, 61
Trd, 4319965.143, 61
Trd, 4319965.243, 62
Trd, 4319965.593, 63
Trd, 4319965.743, 62
Trd, 4319965.993, 65
Trd, 4319967.143, 60
Trd, 4319967.993, 60
Trd, 4319968.893, 60
Trd, 4319969.443, 61
Trd, 4319970.343, 60
Trd, 4319970.493, 62
Trd, 4319970.843, 61
Trd, 4319971.743, 60
Trd, 4319973.093, 61
Trd, 4319973.143, 63
Trd, 4319974.543, 60
Trd, 4319975.843, 60
Trd, 4319976.143, 60
Trd, 4319976.293, 62
Trd, 4319976.643, 61
Trd, 4319978.193, 62
Trd, 4319978.293, 64
Trd, 4319978.543, 62
Trd, 4319978.843, 65
Trd, 4319979.543, 65
Trd, 4319980.193, 65
Trd, 4319980.593, 66
Trd, 4319981.193, 64
Trd, 4319982.943, 60
Trd, 4319983.743, 60
Trd, 4319984.343, 60
Trd, 4319985.393, 60
Trd, 4319985.443, 62
Trd, 4319985.493, 62
Trd, 4319986.593, 61
Trd, 4319986.743, 60
Trd, 4319987.143, 65
Trd, 4319988.343, 136
Trd, 4319989.093, 60
Trd, 4319989.193, 60
Trd, 4319989.643, 64
Trd, 4319989.743, 66
Trd, 4319991.043, 60
Trd, 4319991.893, 61
Trd, 4319992.393, 62
Trd, 4319992.843, 61
Trd, 4319993.693, 62
Trd, 4319995.193, 60
Trd, 4319995.343, 61
Trd, 4319995.543, 62
Trd, 4319995.993, 60
Trd, 4319996.443, 61
Trd, 4319998.293, 64
Trd, 4319999.343, 62
Trd, 4319999.393, 60
Trd, 4319999.643, 64
