Trd, 4318109.593, 95
Trd, 4318111.043, 96
Trd, 4318111.093, 123
Trd, 4318111.193, 87
Trd, 4318113.543, 101
Trd, 4318114.393, 119
Trd, 4318114.793, 108
Trd, 4318115.643, 105
Trd, 4318116.593, 112
Trd, 4318117.393, 117
Trd, 4318118.243, 99
Trd, 4318118.543, 115
Trd, 4318118.693, 98
Trd, 4318119.043, 102
Trd, 4318119.393, 122
Trd, 4318119.543, 106
Trd, 4318120.393, 77
Trd, 4318121.893, 117
Trd, 4318122.043, 112
Trd, 4318123.143, 85
Trd, 4318123.843, 73
Trd, 4318125.043, 105
Trd, 4318125.243, 104
Trd, 4318125.843, 106
Trd, 4318126.543, 96
Trd, 4318127.093, 84
Trd, 4318128.893, 104
Trd, 4318129.643, 134
Trd, 4318130.093, 105
Trd, 4318130.293, 82
Trd, 4318130.443, 73
Trd, 4318131.043, 104
Trd, 4318132.543, 101
Trd, 4318133.893, 137
Trd, 4318134.193, 137
Trd, 4318134.743, 95
Trd, 4318135.193, 92
Trd, 4318136.143, 112
Trd, 4318137.143, 79
Trd, 4318137.193, 104
Trd, 4318138.193, 132
Trd, 4318138.593, 94
Trd, 4318139.143, 113
Trd, 4318140.843, 124
Trd, 4318142.943, 130
Trd, 4318143.193, 115
Trd, 4318143.693, 110
Trd, 4318144.393, 131
Trd, 4318145.493, 127
Trd, 4318145.793, 117
Trd, 4318146.393, 118
Trd, 4318147.443, 113
Trd, 4318147.493, 72
Trd, 4318150.043, 137
Trd, 4318150.743, 72
Trd, 4318151.543, 81
Trd, 4318152.543, 64
Trd, 4318152.943, 81
Trd, 4318153.993, 86
Trd, 4318154.693, 120
Trd, 4318156.593, 129
Trd, 4318157.443, 121
Trd, 4318157.543, 116
Trd, 4318158.043, 126
Trd, 4318158.193, 115
Trd, 4318158.943, 93
Trd, 4318159.193, 129
Trd, 4318160.793, 123
Trd, 4318161.893, 105
Trd, 4318163.643, 124
Trd, 4318163.993, 113
Trd, 4318164.343, 132
Trd, 4318165.143, 105
Trd, 4318165.743, 113
Trd, 4318166.143, 130
Trd, 4318166.693, 117
Trd, 4318167.293, 114
Trd, 4318168.043, 113
Trd, 4318168.143, 92
Trd, 4318168.293, 83
Trd, 4318169.743, 117
Trd, 4318172.143, 99
Trd, 4318172.343, 100
Trd, 4318172.393, 92
Trd, 4318174.693, 96
Trd, 4318175.043, 81
Trd, 4318175.393, 87
Trd, 4318175.743, 118
Trd, 4318176.493, 81
Trd, 4318178.243, 75
Trd, 4318178.393, 78
Trd, 4318178.843, 70
Trd, 4318180.193, 77
Trd, 4318180.643, 90
Trd, 4318181.293, 110
Trd, 4318181.593, 108
Trd, 4318181.693, 90
Trd, 4318182.593, 63
Trd, 4318183.143, 97
Trd, 4318183.793, 60
Trd, 4318185.193, 77
Trd, 4318185.893, 135
Trd, 4318185.943, 108
Trd, 4318186.343, 99
Trd, 4318186.893, 101
Trd, 4318187.093, 114
Trd, 4318187.243, 89
Trd, 4318187.843, 63
Trd, 4318188.493, 66
Trd, 4318188.593, 107
Trd, 4318189.593, 89
Trd, 4318190.893, 89
Trd, 4318193.393, 115
Trd, 4318194.393, 117
Trd, 4318194.593, 126
Trd, 4318195.493, 108
Trd, 4318195.643, 101
Trd, 4318196.693, 104
Trd, 4318197.293, 87
Trd, 4318197.643, 90
Trd, 4318197.893, 78
Trd, 4318198.293, 97
Trd, 4318199.293, 129
Trd, 4318201.543, 111
Trd, 4318201.993, 109
Trd, 4318202.093, 108
Trd, 4318202.643, 86
Trd, 4318203.293, 131
Trd, 4318205.343, 136
Trd, 4318205.943, 124
Trd, 4318207.293, 140
Trd, 4318207.543, 123
Trd, 4318207.743, 106
Trd, 4318207.993, 96
Trd, 4318208.843, 75
Trd, 4318210.343, 137
Trd, 4318211.493, 114
Trd, 4318212.443, 111
Trd, 4318213.793, 111
Trd, 4318214.093, 119
Trd, 4318215.793, 95
Trd, 4318215.993, 134
Trd, 4318217.443, 112
Trd, 4318217.693, 112
Trd, 4318218.093, 89
Trd, 4318218.443, 116
Trd, 4318218.843, 105
Trd, 4318218.943, 125
Trd, 4318220.543, 106
Trd, 4318221.193, 101
Trd, 4318221.593, 108
Trd, 4318223.143, 123
Trd, 4318223.943, 102
Trd, 4318224.793, 103
Trd, 4318225.693, 123
Trd, 4318226.543, 116
Trd, 4318226.593, 112
Trd, 4318228.793, 132
Trd, 4318230.093, 131
Trd, 4318230.143, 126
Trd, 4318230.843, 125
Trd, 4318231.943, 106
Trd, 4318232.243, 71
Trd, 4318233.593, 139
Trd, 4318234.243, 121
Trd, 4318234.543, 113
Trd, 4318234.793, 116
Trd, 4318236.143, 109
Trd, 4318237.393, 127
Trd, 4318238.343, 137
Trd, 4318238.393, 123
Trd, 4318240.543, 110
Trd, 4318240.593, 95
Trd, 4318240.943, 113
Trd, 4318242.093, 80
Trd, 4318243.293, 127
Trd, 4318244.293, 115
Trd, 4318245.293, 107
Trd, 4318245.843, 93
Trd, 4318246.543, 103
Trd, 4318249.543, 127
Trd, 4318249.643, 100
Trd, 4318249.793, 95
Trd, 4318251.643, 140
Trd, 4318252.293, 130
Trd, 4318253.743, 135
Trd, 4318254.093, 129
Trd, 4318254.343, 115
Trd, 4318254.943, 100
Trd, 4318255.743, 67
Trd, 4318256.093, 120
Trd, 4318256.393, 131
Trd, 4318257.543, 73
Trd, 4318258.143, 104
Trd, 4318259.443, 134
Trd, 4318259.693, 126
Trd, 4318260.143, 92
Trd, 4318261.643, 129
Trd, 4318261.793, 128
Trd, 4318262.343, 116
Trd, 4318263.743, 128
Trd, 4318264.043, 98
Trd, 4318264.693, 97
Trd, 4318265.393, 91
Trd, 4318265.843, 70
Trd, 4318266.293, 102
Trd, 4318267.893, 89
Trd, 4318268.443, 103
Trd, 4318268.743, 134
Trd, 4318269.893, 92
Trd, 4318270.843, 81
Trd, 4318271.393, 65
Trd, 4318271.643, 76
Trd, 4318273.443, 80
Trd, 4318273.543, 64
Trd, 4318274.493, 63
Trd, 4318275.043, 80
Trd, 4318275.743, 92
Trd, 4318277.443, 72
Trd, 4318278.343, 140
Trd, 4318279.243, 125
Trd, 4318281.143, 102
Trd, 4318281.643, 100
Trd, 4318281.743, 98
Trd, 4318283.943, 89
Trd, 4318285.543, 134
Trd, 4318285.693, 136
Trd, 4318285.993, 101
Trd, 4318286.393, 86
Trd, 4318286.493, 84
Trd, 4318286.693, 110
Trd, 4318287.943, 119
Trd, 4318287.993, 95
Trd, 4318289.943, 129
Trd, 4318291.893, 126
Trd, 4318292.943, 128
Trd, 4318292.993, 121
Trd, 4318293.593, 134
Trd, 4318293.993, 94
Trd, 4318294.593, 125
Trd, 4318295.293, 109
Trd, 4318295.493, 92
Trd, 4318296.043, 132
Trd, 4318296.493, 115
Trd, 4318297.493, 117
Trd, 4318297.693, 107
Trd, 4318297.843, 86
Trd, 4318298.893, 96
Trd, 4318300.043, 120
Trd, 4318300.693, 81
Trd, 4318301.493, 87
Trd, 4318301.693, 93
Trd, 4318303.943, 100
Trd, 4318305.143, 122
Trd, 4318305.493, 106
Trd, 4318305.943, 111
Trd, 4318306.643, 107
Trd, 4318308.293, 109
Trd, 4318308.693, 134
Trd, 4318309.593, 117
Trd, 4318310.443, 85
Trd, 4318311.093, 77
Trd, 4318311.793, 131
Trd, 4318311.843, 122
Trd, 4318312.443, 71
Trd, 4318313.043, 116
Trd, 4318314.343, 77
Trd, 4318315.093, 71
Trd, 4318317.143, 129
Trd, 4318317.293, 128
Trd, 4318317.743, 128
Trd, 4318318.293, 109
Trd, 4318319.193, 117
Trd, 4318320.093, 123
Trd, 4318321.343, 124
Trd, 4318321.693, 128
Trd, 4318322.593, 109
Trd, 4318322.693, 101
Trd, 4318323.543, 107
Trd, 4318323.643, 95
Trd, 4318323.793, 88
Trd, 4318325.493, 97
Trd, 4318326.743, 125
Trd, 4318328.693, 115
Trd, 4318328.893, 114
Trd, 4318329.243, 100
Trd, 4318329.493, 112
Trd, 4318329.943, 92
Trd, 4318330.793, 70
Trd, 4318331.293, 67
Trd, 4318333.043, 78
Trd, 4318334.843, 113
Trd, 4318335.493, 132
Trd, 4318335.543, 113
Trd, 4318336.043, 134
Trd, 4318336.193, 119
Trd, 4318336.993, 64
Trd, 4318337.643, 62
Trd, 4318339.343, 99
Trd, 4318339.843, 105
Trd, 4318341.543, 126
Trd, 4318342.143, 123
Trd, 4318344.043, 114
Trd, 4318344.343, 86
Trd, 4318344.543, 72
Trd, 4318345.443, 105
Trd, 4318345.643, 90
Trd, 4318345.843, 123
Trd, 4318345.943, 74
Trd, 4318346.193, 115
Trd, 4318347.143, 127
Trd, 4318348.843, 124
Trd, 4318350.043, 101
Trd, 4318350.493, 125
Trd, 4318351.243, 100
Trd, 4318352.943, 89
Trd, 4318353.443, 104
Trd, 4318353.543, 102
Trd, 4318353.743, 127
Trd, 4318353.893, 96
Trd, 4318354.993, 63
Trd, 4318355.443, 66
Trd, 4318356.093, 125
Trd, 4318356.143, 108
Trd, 4318356.343, 91
Trd, 4318356.993, 94
Trd, 4318358.443, 68
Trd, 4318359.743, 99
Trd, 4318362.493, 108
Trd, 4318362.943, 107
Trd, 4318363.843, 133
Trd, 4318364.143, 128
Trd, 4318364.693, 122
Trd, 4318365.193, 116
Trd, 4318365.993, 125
Trd, 4318366.093, 99
Trd, 4318366.943, 95
Trd, 4318367.393, 130
Trd, 4318367.743, 94
Trd, 4318369.043, 133
Trd, 4318370.143, 91
Trd, 4318370.193, 68
Trd, 4318371.293, 79
Trd, 4318371.843, 87
Trd, 4318372.443, 81
Trd, 4318373.943, 100
Trd, 4318374.543, 135
Trd, 4318374.793, 99
Trd, 4318378.093, 118
Trd, 4318378.893, 111
Trd, 4318379.143, 110
Trd, 4318379.493, 116
Trd, 4318379.693, 119
Trd, 4318380.243, 103
Trd, 4318380.793, 102
Trd, 4318380.993, 89
Trd, 4318381.443, 113
Trd, 4318381.493, 88
Trd, 4318382.843, 127
Trd, 4318384.893, 106
Trd, 4318384.993, 102
Trd, 4318386.193, 100
Trd, 4318386.693, 134
Trd, 4318387.243, 124
Trd, 4318388.493, 107
Trd, 4318388.693, 104
Trd, 4318389.543, 81
Trd, 4318389.643, 83
Trd, 4318389.843, 91
Trd, 4318390.493, 121
Trd, 4318390.993, 80
Trd, 4318391.893, 85
Trd, 4318392.743, 107
Trd, 4318392.943, 128
Trd, 4318392.993, 83
Trd, 4318395.643, 92
Trd, 4318395.843, 87
Trd, 4318396.193, 60
Trd, 4318396.993, 78
Trd, 4318397.443, 107
Trd, 4318398.493, 108
Trd, 4318399.043, 119
Trd, 4318399.193, 137
Trd, 4318400.043, 129
Trd, 4318401.043, 95
Trd, 4318401.693, 78
Trd, 4318402.643, 126
Trd, 4318402.893, 123
Trd, 4318403.393, 131
Trd, 4318403.443, 123
Trd, 4318405.543, 61
Trd, 4318406.343, 116
Trd, 4318407.043, 93
Trd, 4318407.443, 100
Trd, 4318407.693, 121
Trd, 4318408.493, 133
Trd, 4318408.593, 121
Trd, 4318409.593, 105
Trd, 4318410.543, 70
Trd, 4318411.643, 116
Trd, 4318411.843, 114
Trd, 4318412.643, 76
Trd, 4318413.543, 91
Trd, 4318414.043, 79
Trd, 4318414.693, 113
Trd, 4318415.143, 88
Trd, 4318416.693, 117
Trd, 4318417.593, 126
Trd, 4318418.843, 101
Trd, 4318419.793, 109
Trd, 4318419.993, 104
Trd, 4318420.393, 87
Trd, 4318420.743, 61
Trd, 4318422.743, 108
Trd, 4318423.043, 136
Trd, 4318423.693, 81
Trd, 4318424.093, 104
Trd, 4318424.793, 95
Trd, 4318425.493, 91
Trd, 4318427.293, 96
Trd, 4318427.443, 140
Trd, 4318428.243, 138
Trd, 4318428.993, 76
Trd, 4318429.343, 100
Trd, 4318429.993, 101
Trd, 4318430.343, 72
Trd, 4318430.743, 64
Trd, 4318431.993, 106
Trd, 4318432.993, 107
Trd, 4318434.593, 103
Trd, 4318435.893, 136
Trd, 4318435.943, 100
Trd, 4318435.993, 93
Trd, 4318436.243, 76
Trd, 4318436.443, 76
Trd, 4318437.143, 116
Trd, 4318437.493, 86
Trd, 4318437.943, 66
Trd, 4318438.193, 98
Trd, 4318443.143, 123
Trd, 4318444.043, 96
Trd, 4318444.243, 129
Trd, 4318444.643, 123
Trd, 4318445.943, 99
Trd, 4318446.043, 99
Trd, 4318446.093, 113
Trd, 4318447.793, 124
Trd, 4318449.293, 111
Trd, 4318449.943, 102
Trd, 4318450.243, 110
Trd, 4318450.543, 90
Trd, 4318452.993, 129
Trd, 4318453.393, 134
Trd, 4318454.393, 136
Trd, 4318454.443, 100
Trd, 4318455.043, 73
Trd, 4318457.393, 119
Trd, 4318457.643, 126
Trd, 4318457.693, 90
Trd, 4318458.593, 109
Trd, 4318459.093, 95
Trd, 4318459.693, 118
Trd, 4318460.043, 135
Trd, 4318460.693, 90
Trd, 4318460.893, 91
Trd, 4318461.493, 76
Trd, 4318462.843, 130
Trd, 4318463.293, 131
Trd, 4318463.943, 125
Trd, 4318464.193, 135
Trd, 4318465.693, 127
Trd, 4318465.943, 107
Trd, 4318466.643, 79
Trd, 4318467.493, 103
Trd, 4318468.843, 115
Trd, 4318469.443, 106
Trd, 4318470.093, 134
Trd, 4318471.043, 120
Trd, 4318471.243, 111
Trd, 4318471.543, 79
Trd, 4318473.393, 99
Trd, 4318473.593, 135
Trd, 4318473.643, 89
Trd, 4318474.993, 83
Trd, 4318475.293, 77
Trd, 4318475.843, 103
Trd, 4318477.543, 126
Trd, 4318477.643, 124
Trd, 4318477.693, 77
Trd, 4318478.443, 62
Trd, 4318478.943, 121
Trd, 4318479.493, 74
Trd, 4318480.643, 125
Trd, 4318481.143, 112
Trd, 4318481.593, 76
Trd, 4318482.943, 106
Trd, 4318483.393, 74
Trd, 4318484.993, 96
Trd, 4318486.293, 132
Trd, 4318486.993, 94
Trd, 4318487.343, 103
Trd, 4318487.793, 119
Trd, 4318487.893, 97
Trd, 4318488.293, 92
Trd, 4318488.593, 83
Trd, 4318489.243, 140
Trd, 4318491.143, 80
Trd, 4318491.343, 102
Trd, 4318492.143, 60
Trd, 4318493.143, 67
Trd, 4318494.293, 138
Trd, 4318494.743, 116
Trd, 4318495.193, 135
Trd, 4318496.293, 106
Trd, 4318496.343, 96
Trd, 4318497.443, 92
Trd, 4318497.593, 113
Trd, 4318498.343, 65
Trd, 4318499.043, 114
Trd, 4318499.993, 75
Trd, 4318500.443, 66
Trd, 4318501.893, 115
Trd, 4318502.793, 110
Trd, 4318503.243, 80
Trd, 4318504.393, 75
Trd, 4318505.943, 82
Trd, 4318506.993, 104
Trd, 4318507.193, 128
Trd, 4318507.443, 96
Trd, 4318507.843, 111
Trd, 4318509.143, 102
Trd, 4318509.693, 92
Trd, 4318510.593, 127
Trd, 4318510.843, 107
Trd, 4318511.393, 77
Trd, 4318512.143, 121
Trd, 4318512.293, 127
Trd, 4318512.943, 128
Trd, 4318513.993, 79
Trd, 4318515.843, 129
Trd, 4318516.343, 135
Trd, 4318516.493, 122
Trd, 4318516.843, 130
Trd, 4318516.993, 104
Trd, 4318517.543, 100
Trd, 4318517.743, 89
Trd, 4318520.143, 83
Trd, 4318521.493, 122
Trd, 4318521.593, 109
Trd, 4318521.693, 100
Trd, 4318521.743, 83
Trd, 4318522.643, 137
Trd, 4318522.793, 108
Trd, 4318523.993, 114
Trd, 4318524.093, 109
Trd, 4318525.343, 129
Trd, 4318525.943, 88
Trd, 4318528.493, 92
Trd, 4318528.943, 136
Trd, 4318529.893, 127
Trd, 4318529.993, 123
Trd, 4318530.043, 114
Trd, 4318531.893, 110
Trd, 4318532.293, 120
Trd, 4318533.393, 119
Trd, 4318533.893, 134
Trd, 4318534.043, 96
Trd, 4318534.793, 71
Trd, 4318534.993, 88
Trd, 4318535.193, 73
Trd, 4318535.943, 103
Trd, 4318536.443, 128
Trd, 4318537.193, 102
Trd, 4318539.293, 135
Trd, 4318539.593, 136
Trd, 4318540.193, 129
Trd, 4318541.143, 124
Trd, 4318542.493, 102
Trd, 4318543.643, 118
Trd, 4318544.643, 97
Trd, 4318544.843, 97
Trd, 4318545.243, 115
Trd, 4318546.293, 86
Trd, 4318546.393, 80
Trd, 4318546.993, 87
Trd, 4318547.593, 99
Trd, 4318548.293, 119
Trd, 4318548.343, 89
Trd, 4318548.593, 86
Trd, 4318549.143, 73
Trd, 4318549.743, 67
Trd, 4318551.043, 91
Trd, 4318551.093, 96
Trd, 4318551.793, 63
Trd, 4318552.843, 96
Trd, 4318556.243, 95
Trd, 4318556.693, 137
Trd, 4318557.843, 128
Trd, 4318558.243, 111
Trd, 4318558.843, 93
Trd, 4318558.943, 105
Trd, 4318559.993, 130
Trd, 4318560.143, 117
Trd, 4318560.543, 125
Trd, 4318563.093, 86
Trd, 4318563.343, 97
Trd, 4318563.893, 107
Trd, 4318564.193, 97
Trd, 4318565.393, 86
Trd, 4318565.993, 119
Trd, 4318566.893, 64
Trd, 4318567.943, 101
Trd, 4318568.393, 106
Trd, 4318568.893, 81
Trd, 4318569.243, 118
Trd, 4318570.393, 105
Trd, 4318571.393, 84
Trd, 4318571.543, 78
Trd, 4318572.693, 128
Trd, 4318572.993, 127
Trd, 4318573.343, 122
Trd, 4318573.793, 85
Trd, 4318573.943, 106
Trd, 4318575.443, 86
Trd, 4318576.793, 86
Trd, 4318576.893, 94
Trd, 4318577.693, 101
Trd, 4318577.893, 100
Trd, 4318579.493, 116
Trd, 4318580.293, 120
Trd, 4318580.693, 131
Trd, 4318581.793, 125
Trd, 4318581.843, 106
Trd, 4318582.643, 97
Trd, 4318582.893, 113
Trd, 4318583.793, 128
Trd, 4318583.993, 85
Trd, 4318585.093, 69
Trd, 4318585.793, 102
Trd, 4318586.093, 133
Trd, 4318586.343, 104
Trd, 4318587.993, 125
Trd, 4318588.643, 76
Trd, 4318590.493, 81
Trd, 4318591.243, 114
Trd, 4318592.193, 139
Trd, 4318593.043, 132
Trd, 4318593.543, 125
Trd, 4318593.643, 124
Trd, 4318594.293, 119
Trd, 4318594.743, 97
Trd, 4318595.193, 140
Trd, 4318595.643, 128
Trd, 4318596.643, 127
Trd, 4318596.893, 124
Trd, 4318596.993, 123
Trd, 4318597.093, 110
Trd, 4318597.943, 94
Trd, 4318597.993, 67
Trd, 4318598.943, 113
Trd, 4318600.343, 125
Trd, 4318601.093, 128
Trd, 4318601.693, 123
Trd, 4318602.043, 110
Trd, 4318602.993, 98
Trd, 4318603.593, 110
Trd, 4318604.093, 90
Trd, 4318604.293, 120
Trd, 4318605.443, 92
Trd, 4318605.843, 82
Trd, 4318607.793, 106
Trd, 4318607.993, 107
Trd, 4318608.843, 102
Trd, 4318609.143, 130
Trd, 4318609.443, 87
Trd, 4318609.543, 94
Trd, 4318610.043, 124
Trd, 4318611.693, 129
Trd, 4318611.993, 121
Trd, 4318612.143, 116
Trd, 4318613.343, 101
Trd, 4318613.593, 78
Trd, 4318614.293, 117
Trd, 4318615.093, 138
Trd, 4318615.693, 68
Trd, 4318617.343, 129
Trd, 4318618.393, 116
Trd, 4318618.543, 100
Trd, 4318619.043, 93
Trd, 4318619.943, 121
Trd, 4318620.693, 118
Trd, 4318620.943, 107
Trd, 4318622.443, 105
Trd, 4318623.543, 129
Trd, 4318623.793, 140
Trd, 4318624.193, 139
Trd, 4318625.493, 126
Trd, 4318625.593, 124
Trd, 4318626.293, 114
Trd, 4318627.243, 108
Trd, 4318627.793, 117
Trd, 4318628.093, 111
Trd, 4318629.343, 134
Trd, 4318630.093, 106
Trd, 4318630.743, 121
Trd, 4318631.843, 64
Trd, 4318632.243, 79
Trd, 4318632.543, 102
Trd, 4318634.193, 92
Trd, 4318635.443, 108
Trd, 4318635.843, 96
Trd, 4318636.443, 86
Trd, 4318637.793, 113
Trd, 4318639.143, 84
Trd, 4318639.393, 123
Trd, 4318640.843, 135
Trd, 4318641.043, 123
Trd, 4318641.893, 124
Trd, 4318642.443, 109
Trd, 4318643.143, 90
Trd, 4318643.343, 92
Trd, 4318643.593, 67
Trd, 4318646.243, 90
Trd, 4318646.493, 66
Trd, 4318647.293, 133
Trd, 4318647.343, 104
Trd, 4318647.943, 62
Trd, 4318648.193, 63
Trd, 4318648.593, 97
Trd, 4318649.843, 116
Trd, 4318649.943, 92
Trd, 4318650.393, 123
Trd, 4318650.543, 86
Trd, 4318651.193, 94
Trd, 4318653.343, 134
Trd, 4318653.393, 114
Trd, 4318654.343, 124
Trd, 4318654.793, 118
Trd, 4318656.393, 111
Trd, 4318656.743, 90
Trd, 4318656.843, 84
Trd, 4318657.693, 116
Trd, 4318658.143, 111
Trd, 4318659.943, 124
Trd, 4318661.043, 91
Trd, 4318661.493, 89
Trd, 4318661.543, 85
Trd, 4318662.493, 64
Trd, 4318663.393, 83
Trd, 4318664.793, 131
Trd, 4318665.943, 111
Trd, 4318666.093, 105
Trd, 4318667.393, 101
Trd, 4318668.193, 138
Trd, 4318669.993, 130
Trd, 4318670.143, 139
Trd, 4318670.543, 105
Trd, 4318670.893, 133
Trd, 4318671.593, 91
Trd, 4318672.943, 111
Trd, 4318673.293, 118
Trd, 4318673.943, 114
Trd, 4318674.043, 108
Trd, 4318675.593, 114
Trd, 4318676.193, 109
Trd, 4318677.943, 114
Trd, 4318678.393, 105
Trd, 4318679.143, 132
Trd, 4318679.993, 110
Trd, 4318680.193, 133
Trd, 4318680.393, 127
Trd, 4318680.543, 117
Trd, 4318680.993, 86
Trd, 4318682.343, 71
Trd, 4318683.543, 114
Trd, 4318684.293, 81
Trd, 4318684.793, 81
Trd, 4318685.143, 77
Trd, 4318686.993, 116
Trd, 4318688.343, 98
Trd, 4318689.743, 114
Trd, 4318689.793, 90
Trd, 4318690.293, 94
Trd, 4318690.443, 123
Trd, 4318691.193, 91
Trd, 4318691.693, 80
Trd, 4318692.043, 107
Trd, 4318692.543, 70
Trd, 4318694.043, 128
Trd, 4318694.243, 105
Trd, 4318694.893, 86
Trd, 4318695.793, 137
Trd, 4318696.243, 112
Trd, 4318696.993, 66
Trd, 4318698.593, 64
Trd, 4318698.693, 61
Trd, 4318699.293, 97
Trd, 4318699.493, 67
Trd, 4318700.843, 115
Trd, 4318701.543, 121
Trd, 4318702.643, 124
Trd, 4318703.893, 133
Trd, 4318705.243, 100
Trd, 4318706.693, 138
Trd, 4318707.143, 136
Trd, 4318708.343, 124
Trd, 4318708.743, 98
Trd, 4318709.143, 113
Trd, 4318709.243, 122
Trd, 4318709.893, 133
Trd, 4318709.943, 121
Trd, 4318710.793, 101
Trd, 4318711.493, 82
Trd, 4318712.043, 131
Trd, 4318712.743, 83
Trd, 4318714.243, 72
Trd, 4318715.193, 105
Trd, 4318715.543, 139
Trd, 4318715.693, 96
Trd, 4318715.843, 99
Trd, 4318716.343, 72
Trd, 4318717.993, 60
Trd, 4318719.493, 86
Trd, 4318720.843, 133
Trd, 4318721.343, 114
Trd, 4318722.243, 105
Trd, 4318723.393, 127
Trd, 4318723.443, 97
Trd, 4318725.143, 97
Trd, 4318725.693, 106
Trd, 4318725.943, 94
Trd, 4318728.243, 117
Trd, 4318728.893, 124
Trd, 4318729.143, 98
Trd, 4318730.493, 138
Trd, 4318730.893, 109
Trd, 4318731.193, 131
Trd, 4318732.043, 68
Trd, 4318732.893, 110
Trd, 4318735.293, 97
Trd, 4318735.443, 100
Trd, 4318735.893, 88
Trd, 4318736.243, 128
Trd, 4318737.143, 86
Trd, 4318737.493, 93
Trd, 4318738.893, 77
Trd, 4318739.243, 74
Trd, 4318740.293, 109
Trd, 4318743.093, 114
Trd, 4318743.143, 97
Trd, 4318743.343, 66
Trd, 4318744.593, 105
Trd, 4318744.793, 122
Trd, 4318744.843, 92
Trd, 4318745.443, 140
Trd, 4318746.543, 120
Trd, 4318748.143, 84
Trd, 4318748.293, 74
Trd, 4318749.043, 128
Trd, 4318749.343, 131
Trd, 4318749.643, 66
Trd, 4318749.793, 62
Trd, 4318750.893, 103
Trd, 4318753.843, 94
Trd, 4318754.693, 137
Trd, 4318755.993, 114
Trd, 4318756.293, 100
Trd, 4318756.393, 96
Trd, 4318757.193, 101
Trd, 4318757.993, 137
Trd, 4318758.943, 135
Trd, 4318759.093, 123
Trd, 4318759.143, 107
Trd, 4318760.043, 133
Trd, 4318760.093, 94
Trd, 4318760.193, 86
Trd, 4318762.493, 116
Trd, 4318763.793, 119
Trd, 4318764.843, 109
Trd, 4318765.543, 126
Trd, 4318765.643, 127
Trd, 4318766.243, 126
Trd, 4318766.693, 120
Trd, 4318768.393, 140
Trd, 4318769.643, 131
Trd, 4318770.093, 118
Trd, 4318771.543, 107
Trd, 4318771.943, 138
Trd, 4318772.593, 82
Trd, 4318772.693, 76
Trd, 4318773.443, 90
Trd, 4318773.993, 105
Trd, 4318774.043, 84
Trd, 4318774.743, 90
Trd, 4318775.043, 78
Trd, 4318777.843, 113
Trd, 4318777.993, 111
Trd, 4318778.543, 85
Trd, 4318779.693, 125
Trd, 4318780.143, 111
Trd, 4318780.493, 99
Trd, 4318781.793, 98
Trd, 4318782.393, 129
Trd, 4318782.893, 84
Trd, 4318782.993, 99
Trd, 4318783.343, 89
Trd, 4318784.043, 69
Trd, 4318784.243, 67
Trd, 4318784.493, 81
Trd, 4318784.843, 114
Trd, 4318786.393, 82
Trd, 4318786.993, 117
Trd, 4318787.143, 82
Trd, 4318788.243, 94
Trd, 4318788.493, 73
Trd, 4318788.543, 72
Trd, 4318791.293, 86
Trd, 4318791.543, 77
Trd, 4318791.593, 107
Trd, 4318792.043, 93
Trd, 4318792.693, 116
Trd, 4318793.893, 77
Trd, 4318794.793, 86
Trd, 4318794.843, 71
Trd, 4318796.093, 127
Trd, 4318796.143, 125
Trd, 4318797.893, 111
Trd, 4318798.443, 98
Trd, 4318798.793, 137
Trd, 4318799.893, 117
Trd, 4318800.093, 111
Trd, 4318800.493, 99
Trd, 4318801.393, 134
Trd, 4318802.443, 93
Trd, 4318802.543, 84
Trd, 4318803.043, 85
Trd, 4318804.343, 113
Trd, 4318805.293, 129
Trd, 4318805.543, 114
Trd, 4318806.443, 116
Trd, 4318807.343, 110
Trd, 4318807.693, 95
Trd, 4318808.993, 75
Trd, 4318809.293, 119
Trd, 4318810.043, 105
Trd, 4318810.793, 132
Trd, 4318811.293, 108
Trd, 4318812.043, 88
Trd, 4318812.543, 91
Trd, 4318812.893, 124
Trd, 4318813.393, 121
Trd, 4318814.993, 94
Trd, 4318816.293, 124
Trd, 4318816.743, 114
Trd, 4318816.793, 111
Trd, 4318817.643, 121
Trd, 4318818.243, 133
Trd, 4318818.943, 88
Trd, 4318821.493, 121
Trd, 4318821.643, 110
Trd, 4318822.193, 135
Trd, 4318822.493, 115
Trd, 4318823.043, 112
Trd, 4318823.243, 106
Trd, 4318824.943, 134
Trd, 4318825.443, 116
Trd, 4318826.093, 101
Trd, 4318827.993, 102
Trd, 4318828.193, 100
Trd, 4318828.843, 137
Trd, 4318829.693, 103
Trd, 4318829.893, 109
Trd, 4318830.443, 85
Trd, 4318831.943, 127
Trd, 4318832.443, 86
Trd, 4318832.643, 82
Trd, 4318832.793, 134
Trd, 4318833.093, 100
Trd, 4318833.293, 88
Trd, 4318834.143, 101
Trd, 4318837.093, 119
Trd, 4318837.393, 94
Trd, 4318837.693, 130
Trd, 4318838.493, 107
Trd, 4318838.793, 101
Trd, 4318838.993, 77
Trd, 4318841.093, 126
Trd, 4318841.643, 131
Trd, 4318842.793, 126
Trd, 4318843.043, 127
Trd, 4318845.243, 123
Trd, 4318846.543, 132
Trd, 4318847.843, 124
Trd, 4318847.943, 105
Trd, 4318848.193, 139
Trd, 4318848.593, 94
Trd, 4318848.693, 91
Trd, 4318850.293, 110
Trd, 4318850.593, 101
Trd, 4318851.643, 132
Trd, 4318851.943, 93
Trd, 4318853.493, 115
Trd, 4318855.343, 140
Trd, 4318855.593, 139
Trd, 4318855.943, 109
Trd, 4318856.093, 104
Trd, 4318857.743, 106
Trd, 4318858.143, 131
Trd, 4318858.393, 114
Trd, 4318859.143, 102
Trd, 4318859.993, 137
Trd, 4318861.443, 125
Trd, 4318861.893, 122
Trd, 4318862.393, 110
Trd, 4318863.493, 106
Trd, 4318863.943, 95
Trd, 4318864.143, 82
Trd, 4318865.243, 78
Trd, 4318865.993, 81
Trd, 4318867.793, 109
Trd, 4318868.943, 106
Trd, 4318869.243, 99
Trd, 4318869.493, 113
Trd, 4318869.693, 81
Trd, 4318870.043, 129
Trd, 4318870.593, 90
Trd, 4318872.143, 65
Trd, 4318872.243, 101
Trd, 4318872.643, 94
Trd, 4318872.793, 66
Trd, 4318874.393, 87
Trd, 4318875.293, 126
Trd, 4318876.343, 134
Trd, 4318876.393, 113
Trd, 4318876.943, 122
Trd, 4318877.643, 103
Trd, 4318877.793, 82
Trd, 4318878.043, 124
Trd, 4318879.593, 126
Trd, 4318879.993, 71
Trd, 4318880.343, 89
Trd, 4318880.743, 73
Trd, 4318881.443, 111
Trd, 4318881.643, 88
Trd, 4318882.593, 60
Trd, 4318883.693, 104
Trd, 4318884.143, 112
Trd, 4318884.643, 83
Trd, 4318887.193, 134
Trd, 4318888.593, 113
Trd, 4318888.943, 114
Trd, 4318889.293, 115
Trd, 4318889.493, 101
Trd, 4318891.693, 103
Trd, 4318892.493, 130
Trd, 4318892.743, 124
Trd, 4318894.343, 110
Trd, 4318894.643, 112
Trd, 4318895.193, 98
Trd, 4318895.343, 120
Trd, 4318896.893, 86
Trd, 4318897.443, 124
Trd, 4318897.493, 115
Trd, 4318899.593, 137
Trd, 4318900.193, 133
Trd, 4318900.243, 112
Trd, 4318902.043, 111
Trd, 4318902.993, 83
Trd, 4318903.193, 99
Trd, 4318903.993, 113
Trd, 4318904.693, 93
Trd, 4318905.593, 116
Trd, 4318906.743, 92
Trd, 4318907.993, 113
Trd, 4318908.443, 100
Trd, 4318909.643, 97
Trd, 4318909.993, 89
Trd, 4318910.543, 131
Trd, 4318910.993, 127
Trd, 4318911.843, 121
Trd, 4318912.743, 101
Trd, 4318913.193, 94
Trd, 4318913.643, 130
Trd, 4318913.793, 103
Trd, 4318914.243, 93
Trd, 4318916.193, 79
Trd, 4318916.943, 90
Trd, 4318917.143, 97
Trd, 4318918.093, 116
Trd, 4318918.343, 62
Trd, 4318918.843, 65
Trd, 4318920.493, 107
Trd, 4318921.793, 85
Trd, 4318923.443, 68
Trd, 4318924.343, 82
Trd, 4318924.493, 95
Trd, 4318925.193, 124
Trd, 4318926.093, 87
Trd, 4318926.943, 67
Trd, 4318927.793, 95
Trd, 4318928.693, 118
Trd, 4318929.343, 103
Trd, 4318929.493, 109
Trd, 4318930.043, 115
Trd, 4318930.343, 106
Trd, 4318931.943, 138
Trd, 4318932.443, 89
Trd, 4318933.293, 107
Trd, 4318934.543, 101
Trd, 4318934.593, 99
Trd, 4318935.943, 106
Trd, 4318936.143, 104
Trd, 4318936.543, 104
Trd, 4318937.693, 122
Trd, 4318937.993, 87
Trd, 4318938.443, 82
Trd, 4318938.843, 107
Trd, 4318940.543, 103
Trd, 4318941.243, 99
Trd, 4318941.543, 120
Trd, 4318942.193, 122
Trd, 4318942.743, 130
Trd, 4318943.843, 119
Trd, 4318944.543, 108
Trd, 4318946.643, 73
Trd, 4318947.293, 60
Trd, 4318947.643, 81
Trd, 4318947.843, 130
Trd, 4318948.093, 87
Trd, 4318948.293, 89
Trd, 4318948.743, 134
Trd, 4318948.793, 111
Trd, 4318951.943, 82
Trd, 4318952.693, 106
Trd, 4318953.543, 82
Trd, 4318953.793, 61
Trd, 4318954.443, 78
Trd, 4318955.043, 113
Trd, 4318956.193, 82
Trd, 4318956.493, 60
Trd, 4318956.993, 69
Trd, 4318957.893, 60
Trd, 4318958.193, 80
Trd, 4318958.793, 127
Trd, 4318958.893, 68
Trd, 4318960.943, 137
Trd, 4318962.293, 129
Trd, 4318962.493, 112
Trd, 4318963.493, 108
Trd, 4318963.993, 106
Trd, 4318964.893, 127
Trd, 4318965.293, 97
Trd, 4318966.043, 87
Trd, 4318966.593, 66
Trd, 4318967.243, 137
Trd, 4318967.543, 104
Trd, 4318968.643, 116
Trd, 4318969.593, 92
Trd, 4318969.943, 129
Trd, 4318971.343, 130
Trd, 4318971.393, 107
Trd, 4318971.743, 101
Trd, 4318972.843, 119
Trd, 4318973.593, 135
Trd, 4318974.343, 134
Trd, 4318975.693, 131
Trd, 4318976.543, 130
Trd, 4318978.093, 126
Trd, 4318978.393, 119
Trd, 4318979.743, 130
Trd, 4318979.793, 118
Trd, 4318980.043, 116
Trd, 4318980.243, 120
Trd, 4318980.343, 102
Trd, 4318981.793, 118
Trd, 4318981.993, 111
Trd, 4318983.193, 111
Trd, 4318983.243, 100
Trd, 4318984.293, 134
Trd, 4318984.543, 125
Trd, 4318985.943, 133
Trd, 4318986.143, 124
Trd, 4318986.493, 117
Trd, 4318987.343, 122
Trd, 4318988.493, 84
Trd, 4318988.693, 72
Trd, 4318988.943, 106
Trd, 4318990.043, 100
Trd, 4318990.693, 74
Trd, 4318990.943, 80
Trd, 4318992.943, 130
Trd, 4318993.643, 110
Trd, 4318993.993, 75
Trd, 4318994.293, 102
Trd, 4318995.593, 113
Trd, 4318995.893, 84
Trd, 4318996.893, 108
Trd, 4318997.593, 83
Trd, 4318997.943, 78
Trd, 4318998.643, 136
Trd, 4319000.343, 98
Trd, 4319000.693, 111
Trd, 4319000.893, 128
Trd, 4319001.143, 88
Trd, 4319002.343, 131
Trd, 4319003.743, 131
Trd, 4319003.893, 117
Trd, 4319004.493, 123
Trd, 4319005.243, 110
Trd, 4319005.393, 109
Trd, 4319007.443, 111
Trd, 4319007.843, 86
Trd, 4319007.943, 86
Trd, 4319008.693, 75
Trd, 4319008.943, 122
Trd, 4319009.293, 78
Trd, 4319009.843, 101
Trd, 4319010.293, 118
Trd, 4319010.543, 99
Trd, 4319011.293, 100
Trd, 4319013.543, 125
Trd, 4319013.693, 104
Trd, 4319014.443, 123
Trd, 4319014.943, 105
Trd, 4319015.443, 94
Trd, 4319015.943, 95
Trd, 4319016.843, 99
Trd, 4319017.793, 101
Trd, 4319017.843, 128
Trd, 4319017.893, 97
Trd, 4319018.293, 127
Trd, 4319018.393, 138
Trd, 4319018.643, 88
Trd, 4319019.993, 103
Trd, 4319021.193, 132
Trd, 4319021.793, 112
Trd, 4319022.293, 99
Trd, 4319023.543, 115
Trd, 4319024.143, 104
Trd, 4319024.243, 103
Trd, 4319024.593, 93
Trd, 4319026.493, 100
Trd, 4319026.893, 137
Trd, 4319027.043, 113
Trd, 4319027.743, 102
Trd, 4319028.443, 127
Trd, 4319029.593, 113
Trd, 4319031.693, 109
Trd, 4319032.393, 90
Trd, 4319032.943, 97
Trd, 4319033.493, 95
Trd, 4319035.293, 95
Trd, 4319036.543, 129
Trd, 4319036.593, 105
Trd, 4319037.043, 97
Trd, 4319037.143, 100
Trd, 4319037.493, 88
Trd, 4319037.743, 140
Trd, 4319039.043, 109
Trd, 4319041.093, 135
Trd, 4319041.593, 128
Trd, 4319041.943, 109
Trd, 4319041.993, 95
Trd, 4319042.093, 90
Trd, 4319042.493, 88
Trd, 4319043.493, 85
Trd, 4319044.093, 94
Trd, 4319044.193, 112
Trd, 4319047.143, 101
Trd, 4319049.293, 121
Trd, 4319050.543, 112
Trd, 4319051.293, 127
Trd, 4319052.043, 85
Trd, 4319053.193, 68
Trd, 4319053.293, 71
Trd, 4319053.543, 124
Trd, 4319053.943, 84
Trd, 4319054.543, 92
Trd, 4319055.143, 136
Trd, 4319056.443, 84
Trd, 4319057.493, 125
Trd, 4319058.943, 130
Trd, 4319059.843, 99
Trd, 4319060.543, 95
Trd, 4319060.593, 99
Trd, 4319060.693, 85
Trd, 4319060.893, 67
Trd, 4319062.493, 140
Trd, 4319062.793, 118
Trd, 4319063.843, 107
Trd, 4319064.093, 97
Trd, 4319064.843, 93
Trd, 4319065.443, 85
Trd, 4319066.243, 76
Trd, 4319066.293, 104
Trd, 4319067.193, 92
Trd, 4319067.393, 101
Trd, 4319069.193, 99
Trd, 4319069.543, 116
Trd, 4319070.293, 130
Trd, 4319070.393, 116
Trd, 4319072.493, 109
Trd, 4319072.943, 91
Trd, 4319073.343, 110
Trd, 4319075.193, 127
Trd, 4319076.093, 129
Trd, 4319076.293, 123
Trd, 4319077.443, 128
Trd, 4319078.043, 106
Trd, 4319078.293, 110
Trd, 4319079.593, 121
Trd, 4319079.643, 99
Trd, 4319080.643, 123
Trd, 4319081.143, 111
Trd, 4319081.243, 108
Trd, 4319082.093, 116
Trd, 4319082.243, 99
Trd, 4319083.943, 80
Trd, 4319085.143, 123
Trd, 4319086.043, 77
Trd, 4319086.493, 107
Trd, 4319087.493, 64
Trd, 4319088.243, 83
Trd, 4319090.043, 122
Trd, 4319090.793, 113
Trd, 4319090.893, 135
Trd, 4319093.993, 122
Trd, 4319094.643, 106
Trd, 4319095.093, 125
Trd, 4319096.093, 97
Trd, 4319096.643, 104
Trd, 4319096.743, 126
Trd, 4319097.343, 116
Trd, 4319098.693, 120
Trd, 4319099.693, 140
Trd, 4319100.843, 120
Trd, 4319102.043, 125
Trd, 4319102.343, 105
Trd, 4319102.743, 112
Trd, 4319103.993, 138
Trd, 4319104.043, 120
Trd, 4319105.043, 99
Trd, 4319105.893, 123
Trd, 4319106.193, 106
Trd, 4319107.543, 88
Trd, 4319107.693, 82
Trd, 4319108.243, 105
Trd, 4319108.293, 105
Trd, 4319110.743, 118
Trd, 4319110.893, 118
Trd, 4319111.043, 110
Trd, 4319111.093, 92
Trd, 4319111.593, 92
Trd, 4319114.043, 116
Trd, 4319116.293, 132
Trd, 4319117.343, 131
Trd, 4319117.543, 103
Trd, 4319118.043, 103
Trd, 4319120.243, 119
Trd, 4319120.293, 104
Trd, 4319120.543, 117
Trd, 4319120.943, 75
Trd, 4319122.643, 121
Trd, 4319123.943, 139
Trd, 4319125.443, 112
Trd, 4319126.343, 134
Trd, 4319127.093, 134
Trd, 4319128.443, 114
Trd, 4319128.843, 107
Trd, 4319129.693, 106
Trd, 4319130.293, 136
Trd, 4319130.593, 101
Trd, 4319131.143, 64
Trd, 4319131.893, 68
Trd, 4319132.343, 74
Trd, 4319132.743, 78
Trd, 4319134.443, 112
Trd, 4319135.543, 71
Trd, 4319135.693, 78
Trd, 4319136.543, 118
Trd, 4319137.143, 124
Trd, 4319138.443, 126
Trd, 4319139.243, 96
Trd, 4319139.543, 82
Trd, 4319139.643, 100
Trd, 4319142.043, 125
Trd, 4319142.193, 120
Trd, 4319142.943, 130
Trd, 4319143.043, 105
Trd, 4319144.343, 124
Trd, 4319144.493, 123
Trd, 4319144.793, 118
Trd, 4319145.543, 114
Trd, 4319145.993, 117
Trd, 4319146.393, 111
Trd, 4319146.793, 124
Trd, 4319148.393, 129
Trd, 4319148.843, 106
Trd, 4319149.343, 88
Trd, 4319149.643, 79
Trd, 4319150.793, 77
Trd, 4319151.093, 62
Trd, 4319151.493, 128
Trd, 4319152.693, 79
Trd, 4319154.343, 114
Trd, 4319154.793, 135
Trd, 4319154.843, 129
Trd, 4319155.743, 103
Trd, 4319155.843, 105
Trd, 4319157.843, 110
Trd, 4319157.993, 103
Trd, 4319158.593, 106
Trd, 4319159.893, 93
Trd, 4319159.943, 89
Trd, 4319160.843, 126
Trd, 4319162.193, 120
Trd, 4319162.393, 133
Trd, 4319163.693, 106
Trd, 4319164.493, 101
Trd, 4319164.693, 122
Trd, 4319164.843, 98
Trd, 4319165.943, 109
Trd, 4319166.743, 125
Trd, 4319166.893, 117
Trd, 4319167.543, 102
Trd, 4319169.693, 104
Trd, 4319169.993, 98
Trd, 4319170.343, 88
Trd, 4319171.493, 107
Trd, 4319172.043, 123
Trd, 4319172.493, 94
Trd, 4319172.743, 128
Trd, 4319175.943, 96
Trd, 4319176.293, 81
Trd, 4319177.093, 109
Trd, 4319178.243, 117
Trd, 4319179.043, 116
Trd, 4319179.393, 115
Trd, 4319179.543, 110
Trd, 4319180.193, 69
Trd, 4319180.593, 79
Trd, 4319182.293, 100
Trd, 4319182.393, 113
Trd, 4319182.443, 100
Trd, 4319183.543, 63
Trd, 4319184.493, 63
Trd, 4319185.143, 60
Trd, 4319185.343, 84
Trd, 4319185.843, 115
Trd, 4319186.743, 131
Trd, 4319187.493, 121
Trd, 4319188.293, 109
Trd, 4319188.943, 81
Trd, 4319189.243, 120
Trd, 4319191.293, 105
Trd, 4319191.393, 80
Trd, 4319192.043, 120
Trd, 4319192.593, 105
Trd, 4319192.943, 91
Trd, 4319193.743, 86
Trd, 4319195.143, 107
Trd, 4319195.993, 120
Trd, 4319196.143, 84
Trd, 4319196.893, 114
Trd, 4319197.093, 105
Trd, 4319198.043, 105
Trd, 4319198.793, 73
Trd, 4319199.393, 93
Trd, 4319199.643, 123
Trd, 4319201.043, 138
Trd, 4319201.893, 72
Trd, 4319202.943, 114
Trd, 4319203.743, 126
Trd, 4319204.993, 111
Trd, 4319205.143, 135
Trd, 4319205.843, 120
Trd, 4319206.743, 122
Trd, 4319207.343, 94
Trd, 4319207.843, 125
Trd, 4319208.593, 103
Trd, 4319208.643, 88
Trd, 4319209.043, 105
Trd, 4319209.843, 137
Trd, 4319211.843, 125
Trd, 4319211.943, 99
Trd, 4319212.743, 69
Trd, 4319213.593, 62
Trd, 4319213.993, 64
Trd, 4319214.343, 71
Trd, 4319216.293, 139
Trd, 4319216.643, 92
Trd, 4319216.743, 126
Trd, 4319217.743, 67
Trd, 4319219.093, 115
Trd, 4319219.243, 115
Trd, 4319219.793, 85
Trd, 4319220.343, 124
Trd, 4319220.393, 121
Trd, 4319221.143, 106
Trd, 4319223.343, 114
Trd, 4319223.793, 129
Trd, 4319223.993, 117
Trd, 4319225.543, 137
Trd, 4319226.193, 129
Trd, 4319226.693, 77
Trd, 4319227.743, 123
Trd, 4319228.243, 103
Trd, 4319229.243, 135
Trd, 4319229.993, 112
Trd, 4319231.193, 136
Trd, 4319234.543, 103
Trd, 4319234.743, 86
Trd, 4319235.043, 116
Trd, 4319235.493, 97
Trd, 4319235.793, 121
Trd, 4319237.493, 115
Trd, 4319237.643, 98
Trd, 4319238.293, 113
Trd, 4319238.943, 92
Trd, 4319239.143, 75
Trd, 4319239.643, 98
Trd, 4319240.043, 87
Trd, 4319241.793, 138
Trd, 4319242.343, 103
Trd, 4319243.543, 104
Trd, 4319243.993, 97
Trd, 4319244.593, 122
Trd, 4319245.093, 114
Trd, 4319245.493, 133
Trd, 4319246.193, 118
Trd, 4319248.193, 135
Trd, 4319248.393, 136
Trd, 4319249.293, 87
Trd, 4319249.693, 103
Trd, 4319249.893, 83
Trd, 4319250.043, 76
Trd, 4319251.043, 99
Trd, 4319251.193, 86
Trd, 4319252.643, 127
Trd, 4319253.743, 116
Trd, 4319254.493, 130
Trd, 4319255.093, 122
Trd, 4319255.543, 117
Trd, 4319255.693, 118
Trd, 4319256.043, 79
Trd, 4319257.443, 109
Trd, 4319258.043, 95
Trd, 4319258.693, 87
Trd, 4319259.193, 137
Trd, 4319261.043, 101
Trd, 4319262.043, 108
Trd, 4319262.593, 109
Trd, 4319262.843, 88
Trd, 4319262.993, 95
Trd, 4319263.693, 93
Trd, 4319264.843, 83
Trd, 4319264.993, 101
Trd, 4319266.193, 136
Trd, 4319266.293, 123
Trd, 4319266.593, 117
Trd, 4319267.643, 102
Trd, 4319267.693, 90
Trd, 4319269.893, 136
Trd, 4319270.843, 125
Trd, 4319271.393, 110
Trd, 4319271.543, 128
Trd, 4319271.643, 95
Trd, 4319272.193, 129
Trd, 4319272.693, 126
Trd, 4319273.093, 115
Trd, 4319274.493, 61
Trd, 4319274.793, 84
Trd, 4319275.943, 66
Trd, 4319276.443, 90
Trd, 4319278.343, 137
Trd, 4319278.443, 97
Trd, 4319278.893, 100
Trd, 4319279.843, 131
Trd, 4319280.343, 107
Trd, 4319281.243, 137
Trd, 4319281.393, 125
Trd, 4319282.593, 124
Trd, 4319282.993, 93
Trd, 4319283.743, 139
Trd, 4319285.293, 98
Trd, 4319285.993, 138
Trd, 4319287.043, 120
Trd, 4319287.893, 86
Trd, 4319287.993, 68
Trd, 4319288.843, 104
Trd, 4319288.893, 129
Trd, 4319289.293, 82
Trd, 4319289.443, 85
Trd, 4319290.093, 94
Trd, 4319292.143, 132
Trd, 4319292.843, 124
Trd, 4319293.743, 113
Trd, 4319293.793, 97
Trd, 4319293.893, 87
Trd, 4319294.243, 132
Trd, 4319295.393, 97
Trd, 4319296.643, 90
Trd, 4319296.993, 107
Trd, 4319297.093, 116
Trd, 4319298.543, 96
Trd, 4319298.693, 80
Trd, 4319298.943, 70
Trd, 4319299.643, 95
Trd, 4319300.193, 62
Trd, 4319301.743, 124
Trd, 4319304.243, 118
Trd, 4319304.293, 127
Trd, 4319304.343, 110
Trd, 4319305.093, 67
Trd, 4319306.593, 61
Trd, 4319307.193, 78
Trd, 4319307.843, 67
Trd, 4319308.793, 65
Trd, 4319309.393, 102
Trd, 4319310.493, 110
Trd, 4319310.793, 107
Trd, 4319311.243, 135
Trd, 4319311.543, 79
Trd, 4319312.293, 67
Trd, 4319313.743, 100
Trd, 4319313.943, 82
Trd, 4319314.693, 116
Trd, 4319315.443, 89
Trd, 4319316.743, 112
Trd, 4319317.393, 131
Trd, 4319317.643, 102
Trd, 4319317.993, 95
Trd, 4319320.293, 112
Trd, 4319320.843, 101
Trd, 4319321.443, 91
Trd, 4319322.043, 95
Trd, 4319323.643, 139
Trd, 4319324.693, 136
Trd, 4319324.993, 113
Trd, 4319325.243, 93
Trd, 4319325.843, 95
Trd, 4319326.093, 96
Trd, 4319326.593, 73
Trd, 4319327.893, 135
Trd, 4319329.543, 116
Trd, 4319329.943, 102
Trd, 4319330.193, 135
Trd, 4319331.143, 115
Trd, 4319331.693, 129
Trd, 4319331.843, 121
Trd, 4319331.893, 113
Trd, 4319333.543, 103
Trd, 4319333.793, 71
Trd, 4319333.843, 116
Trd, 4319335.143, 106
Trd, 4319335.443, 77
Trd, 4319335.893, 76
Trd, 4319336.593, 68
Trd, 4319337.193, 101
Trd, 4319337.793, 118
Trd, 4319338.393, 86
Trd, 4319339.243, 134
Trd, 4319340.093, 118
Trd, 4319341.643, 114
Trd, 4319342.193, 108
Trd, 4319343.093, 113
Trd, 4319343.893, 136
Trd, 4319344.693, 132
Trd, 4319345.343, 85
Trd, 4319346.493, 121
Trd, 4319346.543, 126
Trd, 4319347.493, 135
Trd, 4319348.093, 118
Trd, 4319349.443, 103
Trd, 4319349.893, 105
Trd, 4319350.343, 89
Trd, 4319350.693, 97
Trd, 4319350.843, 85
Trd, 4319351.893, 125
Trd, 4319352.243, 89
Trd, 4319352.743, 64
Trd, 4319353.293, 92
Trd, 4319353.743, 125
Trd, 4319354.043, 81
Trd, 4319355.593, 111
Trd, 4319356.693, 118
Trd, 4319357.443, 107
Trd, 4319357.993, 114
Trd, 4319358.293, 103
Trd, 4319359.993, 123
Trd, 4319360.143, 109
Trd, 4319360.993, 90
Trd, 4319361.093, 76
Trd, 4319361.593, 114
Trd, 4319362.343, 93
Trd, 4319362.993, 74
Trd, 4319363.493, 122
Trd, 4319364.593, 107
Trd, 4319364.793, 106
Trd, 4319365.243, 92
Trd, 4319365.993, 65
Trd, 4319366.293, 76
Trd, 4319366.843, 63
Trd, 4319367.693, 61
Trd, 4319368.643, 90
Trd, 4319369.793, 61
Trd, 4319369.993, 61
Trd, 4319370.093, 117
Trd, 4319370.593, 126
Trd, 4319371.243, 95
Trd, 4319372.843, 110
Trd, 4319374.593, 129
Trd, 4319376.443, 104
Trd, 4319378.593, 127
Trd, 4319378.743, 95
Trd, 4319378.993, 115
Trd, 4319379.593, 135
Trd, 4319380.143, 123
Trd, 4319380.193, 104
Trd, 4319381.943, 99
Trd, 4319382.943, 114
Trd, 4319383.643, 111
Trd, 4319383.743, 128
Trd, 4319384.393, 89
Trd, 4319384.793, 69
Trd, 4319385.343, 98
Trd, 4319386.193, 139
Trd, 4319386.943, 105
Trd, 4319387.093, 85
Trd, 4319388.143, 69
Trd, 4319388.293, 89
Trd, 4319389.493, 105
Trd, 4319389.543, 91
Trd, 4319389.843, 89
Trd, 4319392.343, 128
Trd, 4319393.643, 117
Trd, 4319394.243, 107
Trd, 4319395.293, 124
Trd, 4319395.493, 134
Trd, 4319395.843, 105
Trd, 4319396.193, 70
Trd, 4319396.543, 119
Trd, 4319397.743, 131
Trd, 4319397.993, 109
Trd, 4319399.443, 121
Trd, 4319400.293, 139
Trd, 4319400.943, 117
Trd, 4319400.993, 112
Trd, 4319401.643, 83
Trd, 4319402.143, 102
Trd, 4319403.793, 112
Trd, 4319403.843, 108
Trd, 4319403.943, 80
Trd, 4319405.543, 85
Trd, 4319406.643, 134
Trd, 4319406.943, 123
Trd, 4319407.643, 90
Trd, 4319408.343, 115
Trd, 4319408.943, 116
Trd, 4319409.143, 115
Trd, 4319410.343, 126
Trd, 4319410.693, 95
Trd, 4319411.393, 127
Trd, 4319411.443, 125
Trd, 4319412.343, 99
Trd, 4319412.493, 80
Trd, 4319413.693, 86
Trd, 4319413.793, 85
Trd, 4319414.843, 65
Trd, 4319415.243, 60
Trd, 4319415.693, 92
Trd, 4319416.793, 138
Trd, 4319418.493, 118
Trd, 4319418.543, 96
Trd, 4319418.593, 94
Trd, 4319418.893, 96
Trd, 4319419.143, 117
Trd, 4319420.343, 88
Trd, 4319421.393, 79
Trd, 4319422.543, 109
Trd, 4319423.193, 75
Trd, 4319423.943, 80
Trd, 4319424.893, 88
Trd, 4319426.193, 118
Trd, 4319427.593, 134
Trd, 4319428.593, 116
Trd, 4319428.793, 114
Trd, 4319429.743, 100
Trd, 4319429.893, 98
Trd, 4319430.843, 100
Trd, 4319431.193, 78
Trd, 4319432.743, 65
Trd, 4319432.843, 102
Trd, 4319434.843, 66
Trd, 4319435.343, 116
Trd, 4319435.793, 88
Trd, 4319436.893, 126
Trd, 4319436.993, 97
Trd, 4319437.693, 96
Trd, 4319438.793, 113
Trd, 4319439.293, 70
Trd, 4319439.443, 106
Trd, 4319439.943, 110
Trd, 4319440.593, 115
Trd, 4319440.893, 110
Trd, 4319441.693, 130
Trd, 4319442.193, 123
Trd, 4319442.693, 83
Trd, 4319442.893, 79
Trd, 4319443.843, 81
Trd, 4319444.193, 116
Trd, 4319444.543, 88
Trd, 4319444.643, 74
Trd, 4319445.593, 133
Trd, 4319445.693, 127
Trd, 4319447.343, 124
Trd, 4319447.693, 95
Trd, 4319447.893, 117
Trd, 4319448.643, 61
Trd, 4319449.043, 74
Trd, 4319449.143, 84
Trd, 4319449.343, 99
Trd, 4319451.093, 63
Trd, 4319451.493, 69
Trd, 4319452.243, 99
Trd, 4319452.893, 100
Trd, 4319453.893, 105
Trd, 4319455.043, 92
Trd, 4319455.293, 87
Trd, 4319455.893, 136
Trd, 4319457.593, 110
Trd, 4319457.893, 104
Trd, 4319459.093, 126
Trd, 4319459.193, 117
Trd, 4319460.143, 122
Trd, 4319460.243, 104
Trd, 4319460.293, 84
Trd, 4319460.943, 85
Trd, 4319460.993, 79
Trd, 4319461.893, 102
Trd, 4319462.943, 103
Trd, 4319463.443, 133
Trd, 4319464.543, 129
Trd, 4319464.593, 92
Trd, 4319466.043, 132
Trd, 4319466.893, 135
Trd, 4319467.443, 118
Trd, 4319468.343, 105
Trd, 4319469.593, 117
Trd, 4319469.793, 67
Trd, 4319469.893, 74
Trd, 4319471.093, 107
Trd, 4319472.543, 107
Trd, 4319473.293, 75
Trd, 4319473.993, 123
Trd, 4319474.393, 103
Trd, 4319474.693, 84
Trd, 4319476.593, 114
Trd, 4319476.943, 122
Trd, 4319477.243, 130
Trd, 4319479.143, 121
Trd, 4319479.343, 95
Trd, 4319480.043, 137
Trd, 4319480.593, 94
Trd, 4319481.193, 89
Trd, 4319481.743, 110
Trd, 4319482.393, 81
Trd, 4319483.193, 108
Trd, 4319483.843, 103
Trd, 4319484.043, 114
Trd, 4319484.493, 120
Trd, 4319485.543, 111
Trd, 4319486.043, 102
Trd, 4319487.143, 83
Trd, 4319487.693, 116
Trd, 4319487.943, 106
Trd, 4319488.343, 76
Trd, 4319488.493, 66
Trd, 4319489.193, 132
Trd, 4319490.443, 103
Trd, 4319491.793, 118
Trd, 4319492.893, 109
Trd, 4319493.893, 123
Trd, 4319493.993, 106
Trd, 4319494.343, 113
Trd, 4319495.693, 118
Trd, 4319495.943, 101
Trd, 4319495.993, 96
Trd, 4319498.393, 132
Trd, 4319498.993, 105
Trd, 4319499.193, 103
Trd, 4319499.743, 126
Trd, 4319500.943, 136
Trd, 4319502.593, 105
Trd, 4319503.093, 112
Trd, 4319503.993, 129
Trd, 4319504.193, 101
Trd, 4319505.043, 86
Trd, 4319505.293, 111
Trd, 4319506.593, 96
Trd, 4319507.493, 112
Trd, 4319508.343, 104
Trd, 4319508.943, 121
Trd, 4319509.593, 120
Trd, 4319511.593, 112
Trd, 4319511.843, 95
Trd, 4319512.393, 120
Trd, 4319515.193, 110
Trd, 4319515.743, 116
Trd, 4319515.943, 102
Trd, 4319516.143, 101
Trd, 4319516.793, 125
Trd, 4319517.343, 110
Trd, 4319517.793, 130
Trd, 4319518.593, 112
Trd, 4319518.843, 108
Trd, 4319519.543, 98
Trd, 4319521.793, 66
Trd, 4319522.193, 100
Trd, 4319523.243, 88
Trd, 4319523.793, 104
Trd, 4319524.793, 72
Trd, 4319525.743, 132
Trd, 4319526.193, 127
Trd, 4319526.593, 105
Trd, 4319527.243, 79
Trd, 4319527.593, 94
Trd, 4319529.343, 94
Trd, 4319530.293, 75
Trd, 4319530.493, 76
Trd, 4319530.843, 80
Trd, 4319532.193, 93
Trd, 4319533.693, 77
Trd, 4319533.943, 81
Trd, 4319534.493, 75
Trd, 4319535.443, 70
Trd, 4319535.493, 85
Trd, 4319537.493, 88
Trd, 4319538.743, 86
Trd, 4319539.043, 97
Trd, 4319539.693, 106
Trd, 4319540.343, 101
Trd, 4319541.143, 71
Trd, 4319541.393, 68
Trd, 4319542.343, 79
Trd, 4319544.193, 110
Trd, 4319544.443, 88
Trd, 4319544.743, 81
Trd, 4319545.443, 77
Trd, 4319545.843, 113
Trd, 4319546.443, 79
Trd, 4319549.043, 97
Trd, 4319549.593, 97
Trd, 4319550.093, 130
Trd, 4319550.343, 77
Trd, 4319550.893, 118
Trd, 4319551.743, 107
Trd, 4319552.143, 120
Trd, 4319552.243, 82
Trd, 4319553.643, 128
Trd, 4319554.093, 132
Trd, 4319555.393, 92
Trd, 4319555.993, 135
Trd, 4319556.843, 126
Trd, 4319557.643, 137
Trd, 4319557.843, 138
Trd, 4319558.243, 113
Trd, 4319558.893, 127
Trd, 4319559.843, 130
Trd, 4319559.943, 123
Trd, 4319560.843, 108
Trd, 4319561.343, 85
Trd, 4319562.343, 134
Trd, 4319564.343, 95
Trd, 4319564.393, 85
Trd, 4319567.193, 107
Trd, 4319567.793, 113
Trd, 4319567.893, 89
Trd, 4319567.993, 75
Trd, 4319568.293, 73
Trd, 4319568.643, 114
Trd, 4319569.293, 75
Trd, 4319571.443, 68
Trd, 4319571.693, 107
Trd, 4319572.193, 108
Trd, 4319573.343, 97
Trd, 4319573.893, 122
Trd, 4319574.443, 76
Trd, 4319575.143, 102
Trd, 4319576.343, 128
Trd, 4319577.143, 125
Trd, 4319577.343, 122
Trd, 4319577.693, 125
Trd, 4319577.993, 128
Trd, 4319578.093, 111
Trd, 4319579.843, 84
Trd, 4319580.043, 85
Trd, 4319582.143, 112
Trd, 4319583.243, 116
Trd, 4319583.743, 83
Trd, 4319585.093, 86
Trd, 4319585.693, 130
Trd, 4319586.093, 108
Trd, 4319586.793, 101
Trd, 4319587.293, 88
Trd, 4319587.843, 82
Trd, 4319588.043, 113
Trd, 4319588.193, 86
Trd, 4319588.743, 123
Trd, 4319588.893, 102
Trd, 4319589.493, 85
Trd, 4319590.843, 125
Trd, 4319593.493, 132
Trd, 4319594.643, 103
Trd, 4319594.793, 94
Trd, 4319595.193, 117
Trd, 4319595.693, 125
Trd, 4319595.993, 116
Trd, 4319596.093, 85
Trd, 4319598.393, 138
Trd, 4319598.593, 108
Trd, 4319599.293, 135
Trd, 4319601.043, 137
Trd, 4319602.143, 118
Trd, 4319602.393, 99
Trd, 4319603.343, 110
Trd, 4319603.743, 109
Trd, 4319604.143, 83
Trd, 4319604.593, 91
Trd, 4319604.943, 89
Trd, 4319606.293, 94
Trd, 4319606.493, 140
Trd, 4319607.343, 70
Trd, 4319607.543, 75
Trd, 4319607.593, 80
Trd, 4319608.393, 89
Trd, 4319608.693, 127
Trd, 4319610.743, 125
Trd, 4319612.443, 131
Trd, 4319612.793, 104
Trd, 4319613.143, 105
Trd, 4319613.543, 67
Trd, 4319614.093, 109
Trd, 4319615.393, 131
Trd, 4319616.193, 133
Trd, 4319616.743, 118
Trd, 4319617.143, 99
Trd, 4319617.743, 115
Trd, 4319618.193, 107
Trd, 4319619.293, 119
Trd, 4319619.343, 109
Trd, 4319619.543, 101
Trd, 4319620.193, 95
Trd, 4319620.693, 104
Trd, 4319621.193, 116
Trd, 4319621.893, 70
Trd, 4319623.593, 66
Trd, 4319624.793, 116
Trd, 4319624.843, 110
Trd, 4319625.393, 117
Trd, 4319626.393, 115
Trd, 4319627.193, 101
Trd, 4319628.693, 132
Trd, 4319630.093, 114
Trd, 4319630.193, 65
Trd, 4319631.193, 100
Trd, 4319631.393, 74
Trd, 4319631.993, 121
Trd, 4319632.543, 88
Trd, 4319632.993, 101
Trd, 4319634.193, 118
Trd, 4319635.443, 120
Trd, 4319636.193, 127
Trd, 4319636.293, 104
Trd, 4319636.793, 100
Trd, 4319637.293, 121
Trd, 4319637.543, 117
Trd, 4319639.293, 128
Trd, 4319639.343, 101
Trd, 4319640.693, 117
Trd, 4319640.743, 96
Trd, 4319641.643, 133
Trd, 4319642.093, 95
Trd, 4319643.143, 95
Trd, 4319643.843, 101
Trd, 4319644.143, 101
Trd, 4319644.393, 100
Trd, 4319645.643, 89
Trd, 4319647.193, 132
Trd, 4319647.643, 129
Trd, 4319648.893, 127
Trd, 4319649.093, 87
Trd, 4319649.643, 102
Trd, 4319649.843, 98
Trd, 4319650.243, 129
Trd, 4319650.993, 93
Trd, 4319651.443, 84
Trd, 4319651.993, 100
Trd, 4319652.993, 70
Trd, 4319653.243, 125
Trd, 4319653.393, 120
Trd, 4319655.293, 125
Trd, 4319656.243, 103
Trd, 4319657.543, 140
Trd, 4319657.593, 139
Trd, 4319657.693, 84
Trd, 4319659.143, 61
Trd, 4319659.443, 88
Trd, 4319659.693, 97
Trd, 4319660.393, 110
Trd, 4319660.643, 100
Trd, 4319661.793, 99
Trd, 4319661.943, 102
Trd, 4319663.293, 140
Trd, 4319664.893, 120
Trd, 4319665.593, 127
Trd, 4319665.743, 119
Trd, 4319665.993, 93
Trd, 4319666.443, 93
Trd, 4319666.793, 120
Trd, 4319667.143, 138
Trd, 4319667.343, 124
Trd, 4319669.443, 140
Trd, 4319669.943, 82
Trd, 4319670.243, 122
Trd, 4319672.293, 101
Trd, 4319673.293, 110
Trd, 4319673.643, 124
Trd, 4319674.793, 91
Trd, 4319675.143, 88
Trd, 4319676.143, 109
Trd, 4319676.243, 108
Trd, 4319676.643, 90
Trd, 4319678.393, 77
Trd, 4319678.443, 74
Trd, 4319679.043, 76
Trd, 4319680.293, 73
Trd, 4319682.293, 114
Trd, 4319682.943, 112
Trd, 4319683.443, 103
Trd, 4319683.993, 117
Trd, 4319684.443, 124
Trd, 4319685.043, 134
Trd, 4319685.243, 123
Trd, 4319685.993, 118
Trd, 4319687.643, 120
Trd, 4319687.743, 105
Trd, 4319688.143, 124
Trd, 4319688.693, 114
Trd, 4319688.893, 100
Trd, 4319689.093, 106
Trd, 4319689.243, 138
Trd, 4319690.493, 93
Trd, 4319690.593, 106
Trd, 4319691.143, 88
Trd, 4319692.343, 72
Trd, 4319693.393, 64
Trd, 4319696.193, 125
Trd, 4319696.493, 137
Trd, 4319697.393, 119
Trd, 4319698.143, 103
Trd, 4319698.993, 122
Trd, 4319699.093, 121
Trd, 4319700.393, 125
Trd, 4319701.643, 125
Trd, 4319701.693, 131
Trd, 4319702.243, 138
Trd, 4319702.893, 125
Trd, 4319704.143, 96
Trd, 4319704.443, 128
Trd, 4319704.793, 101
Trd, 4319705.593, 111
Trd, 4319706.143, 93
Trd, 4319706.443, 107
Trd, 4319707.043, 118
Trd, 4319707.993, 117
Trd, 4319708.643, 119
Trd, 4319709.193, 109
Trd, 4319709.693, 111
Trd, 4319709.743, 99
Trd, 4319711.193, 120
Trd, 4319712.143, 110
Trd, 4319713.093, 103
Trd, 4319713.443, 112
Trd, 4319713.943, 94
Trd, 4319714.393, 100
Trd, 4319715.093, 127
Trd, 4319715.793, 136
Trd, 4319716.593, 120
Trd, 4319716.993, 116
Trd, 4319717.543, 109
Trd, 4319718.093, 109
Trd, 4319719.843, 90
Trd, 4319719.893, 76
Trd, 4319720.543, 123
Trd, 4319721.543, 98
Trd, 4319721.643, 109
Trd, 4319722.343, 112
Trd, 4319722.443, 100
Trd, 4319722.493, 106
Trd, 4319723.043, 98
Trd, 4319723.093, 80
Trd, 4319724.293, 78
Trd, 4319725.743, 95
Trd, 4319727.493, 93
Trd, 4319727.693, 68
Trd, 4319727.743, 63
Trd, 4319728.193, 118
Trd, 4319729.693, 130
Trd, 4319730.343, 138
Trd, 4319730.393, 109
Trd, 4319731.143, 133
Trd, 4319731.993, 126
Trd, 4319732.143, 103
Trd, 4319732.643, 98
Trd, 4319732.993, 93
Trd, 4319733.243, 65
Trd, 4319733.993, 63
Trd, 4319734.743, 139
Trd, 4319735.143, 121
Trd, 4319735.543, 121
Trd, 4319735.793, 112
Trd, 4319737.743, 90
Trd, 4319738.043, 112
Trd, 4319738.193, 92
Trd, 4319739.443, 100
Trd, 4319740.643, 106
Trd, 4319741.493, 97
Trd, 4319742.093, 117
Trd, 4319742.643, 117
Trd, 4319743.743, 133
Trd, 4319744.043, 65
Trd, 4319746.143, 102
Trd, 4319748.143, 139
Trd, 4319748.243, 131
Trd, 4319748.393, 128
Trd, 4319749.093, 116
Trd, 4319749.643, 111
Trd, 4319749.693, 93
Trd, 4319750.693, 97
Trd, 4319751.143, 101
Trd, 4319753.243, 128
Trd, 4319753.793, 110
Trd, 4319753.893, 120
Trd, 4319754.243, 86
Trd, 4319755.043, 126
Trd, 4319755.343, 130
Trd, 4319757.643, 122
Trd, 4319757.843, 139
Trd, 4319758.143, 85
Trd, 4319759.443, 111
Trd, 4319759.893, 89
Trd, 4319760.343, 92
Trd, 4319760.543, 99
Trd, 4319761.093, 104
Trd, 4319762.343, 112
Trd, 4319762.493, 125
Trd, 4319763.143, 108
Trd, 4319763.493, 111
Trd, 4319764.143, 124
Trd, 4319764.243, 76
Trd, 4319765.443, 112
Trd, 4319766.543, 102
Trd, 4319767.743, 139
Trd, 4319768.943, 81
Trd, 4319769.593, 67
Trd, 4319769.893, 65
Trd, 4319770.293, 67
Trd, 4319770.593, 72
Trd, 4319771.893, 79
Trd, 4319772.593, 84
Trd, 4319772.993, 107
Trd, 4319775.443, 101
Trd, 4319775.693, 140
Trd, 4319776.343, 125
Trd, 4319777.943, 102
Trd, 4319778.743, 134
Trd, 4319778.943, 114
Trd, 4319779.643, 93
Trd, 4319780.243, 113
Trd, 4319780.343, 93
Trd, 4319780.643, 91
Trd, 4319781.893, 93
Trd, 4319785.243, 101
Trd, 4319785.593, 132
Trd, 4319785.943, 96
Trd, 4319786.193, 102
Trd, 4319787.043, 95
Trd, 4319787.143, 82
Trd, 4319787.193, 77
Trd, 4319788.793, 112
Trd, 4319788.943, 105
Trd, 4319789.143, 101
Trd, 4319789.243, 96
Trd, 4319789.893, 77
Trd, 4319791.443, 136
Trd, 4319792.293, 80
Trd, 4319792.943, 106
Trd, 4319793.743, 80
Trd, 4319793.843, 86
Trd, 4319794.443, 75
Trd, 4319795.043, 72
Trd, 4319796.643, 126
Trd, 4319797.343, 131
Trd, 4319797.893, 101
Trd, 4319798.943, 103
Trd, 4319800.443, 132
Trd, 4319800.643, 127
Trd, 4319801.193, 115
Trd, 4319801.893, 89
Trd, 4319803.943, 133
Trd, 4319805.593, 118
Trd, 4319806.093, 113
Trd, 4319806.193, 108
Trd, 4319806.643, 107
Trd, 4319807.893, 104
Trd, 4319808.743, 112
Trd, 4319809.243, 97
Trd, 4319809.843, 125
Trd, 4319809.993, 88
Trd, 4319810.393, 77
Trd, 4319811.543, 69
Trd, 4319812.143, 82
Trd, 4319812.743, 125
Trd, 4319813.393, 98
Trd, 4319815.043, 109
Trd, 4319815.293, 121
Trd, 4319815.493, 103
Trd, 4319816.193, 99
Trd, 4319817.643, 113
Trd, 4319817.693, 99
Trd, 4319818.343, 73
Trd, 4319819.843, 81
Trd, 4319820.143, 85
Trd, 4319821.843, 128
Trd, 4319822.093, 100
Trd, 4319822.743, 95
Trd, 4319823.093, 101
Trd, 4319824.493, 129
Trd, 4319825.493, 105
Trd, 4319826.143, 110
Trd, 4319826.593, 101
Trd, 4319828.193, 104
Trd, 4319829.093, 123
Trd, 4319829.643, 113
Trd, 4319830.543, 102
Trd, 4319830.643, 87
Trd, 4319832.743, 105
Trd, 4319832.993, 113
Trd, 4319834.293, 105
Trd, 4319834.643, 119
Trd, 4319835.193, 101
Trd, 4319836.093, 137
Trd, 4319836.443, 111
Trd, 4319836.593, 113
Trd, 4319836.993, 100
Trd, 4319837.793, 93
Trd, 4319838.243, 112
Trd, 4319839.293, 76
Trd, 4319839.793, 89
Trd, 4319841.493, 110
Trd, 4319841.793, 131
Trd, 4319842.293, 117
Trd, 4319843.393, 102
Trd, 4319845.293, 120
Trd, 4319846.893, 117
Trd, 4319847.043, 129
Trd, 4319847.143, 116
Trd, 4319847.443, 131
Trd, 4319847.793, 97
Trd, 4319848.143, 104
Trd, 4319849.443, 136
Trd, 4319849.843, 133
Trd, 4319850.243, 62
Trd, 4319851.343, 97
Trd, 4319851.843, 128
Trd, 4319852.093, 85
Trd, 4319853.293, 98
Trd, 4319853.993, 139
Trd, 4319855.293, 125
Trd, 4319855.793, 126
Trd, 4319856.193, 124
Trd, 4319856.643, 106
Trd, 4319856.893, 100
Trd, 4319857.393, 101
Trd, 4319858.043, 108
Trd, 4319859.193, 92
Trd, 4319859.293, 79
Trd, 4319859.443, 100
Trd, 4319860.043, 122
Trd, 4319860.343, 83
Trd, 4319860.843, 114
Trd, 4319862.293, 129
Trd, 4319862.443, 118
Trd, 4319864.443, 120
Trd, 4319864.543, 95
Trd, 4319864.893, 102
Trd, 4319866.243, 84
Trd, 4319866.693, 91
Trd, 4319867.543, 140
Trd, 4319868.493, 119
Trd, 4319869.243, 136
Trd, 4319869.593, 119
Trd, 4319869.793, 90
Trd, 4319872.443, 103
Trd, 4319872.493, 108
Trd, 4319874.043, 99
Trd, 4319874.593, 62
Trd, 4319874.943, 100
Trd, 4319875.093, 139
Trd, 4319875.693, 124
Trd, 4319876.643, 109
Trd, 4319877.143, 112
Trd, 4319877.693, 117
Trd, 4319879.543, 132
Trd, 4319879.643, 116
Trd, 4319879.693, 106
Trd, 4319880.393, 105
Trd, 4319880.743, 116
Trd, 4319880.793, 95
Trd, 4319882.993, 87
Trd, 4319883.543, 108
Trd, 4319883.843, 83
Trd, 4319884.393, 104
Trd, 4319884.543, 97
Trd, 4319885.193, 128
Trd, 4319887.193, 103
Trd, 4319887.243, 80
Trd, 4319888.343, 120
Trd, 4319889.593, 105
Trd, 4319889.693, 99
Trd, 4319889.893, 76
Trd, 4319890.443, 111
Trd, 4319890.843, 111
Trd, 4319892.343, 98
Trd, 4319892.843, 81
Trd, 4319893.743, 91
Trd, 4319894.143, 113
Trd, 4319894.743, 85
Trd, 4319895.143, 85
Trd, 4319895.993, 105
Trd, 4319897.093, 106
Trd, 4319897.393, 77
Trd, 4319898.443, 67
Trd, 4319899.193, 115
Trd, 4319902.493, 126
Trd, 4319903.143, 106
Trd, 4319903.543, 130
Trd, 4319903.643, 111
Trd, 4319904.743, 113
Trd, 4319905.193, 68
Trd, 4319906.493, 110
Trd, 4319906.993, 62
Trd, 4319907.843, 102
Trd, 4319908.443, 101
Trd, 4319908.693, 102
Trd, 4319909.043, 92
Trd, 4319909.493, 105
Trd, 4319909.793, 115
Trd, 4319910.743, 90
Trd, 4319911.993, 128
Trd, 4319912.293, 83
Trd, 4319912.993, 102
Trd, 4319913.743, 85
Trd, 4319914.343, 124
Trd, 4319915.193, 131
Trd, 4319916.543, 133
Trd, 4319917.943, 99
Trd, 4319918.243, 93
Trd, 4319918.543, 81
Trd, 4319918.943, 80
Trd, 4319921.043, 73
Trd, 4319921.543, 140
Trd, 4319922.393, 133
Trd, 4319922.543, 132
Trd, 4319923.193, 125
Trd, 4319923.293, 117
Trd, 4319923.843, 130
Trd, 4319924.143, 104
Trd, 4319924.443, 93
Trd, 4319925.293, 98
Trd, 4319925.693, 114
Trd, 4319926.893, 133
Trd, 4319928.393, 113
Trd, 4319928.543, 88
Trd, 4319930.493, 102
Trd, 4319931.143, 91
Trd, 4319931.243, 98
Trd, 4319931.393, 93
Trd, 4319932.593, 101
Trd, 4319933.193, 128
Trd, 4319933.243, 87
Trd, 4319935.143, 106
Trd, 4319935.593, 131
Trd, 4319935.993, 99
Trd, 4319937.093, 84
Trd, 4319938.193, 120
Trd, 4319939.343, 109
Trd, 4319941.393, 104
Trd, 4319941.743, 116
Trd, 4319942.393, 70
Trd, 4319943.893, 80
Trd, 4319944.393, 101
Trd, 4319944.693, 113
Trd, 4319944.893, 85
Trd, 4319945.343, 121
Trd, 4319945.893, 117
Trd, 4319945.943, 95
Trd, 4319946.193, 76
Trd, 4319948.643, 115
Trd, 4319949.393, 62
Trd, 4319949.643, 72
Trd, 4319949.843, 71
Trd, 4319950.543, 79
Trd, 4319951.193, 106
Trd, 4319951.443, 75
Trd, 4319952.143, 120
Trd, 4319952.593, 104
Trd, 4319952.693, 67
Trd, 4319953.693, 92
Trd, 4319954.193, 120
Trd, 4319956.743, 94
Trd, 4319957.543, 116
Trd, 4319957.743, 111
Trd, 4319958.393, 102
Trd, 4319958.443, 75
Trd, 4319958.943, 98
Trd, 4319959.793, 99
Trd, 4319960.443, 78
Trd, 4319961.893, 103
Trd, 4319962.593, 88
Trd, 4319964.193, 107
Trd, 4319964.493, 119
Trd, 4319964.543, 104
Trd, 4319964.893, 97
Trd, 4319965.243, 111
Trd, 4319966.493, 114
Trd, 4319966.843, 90
Trd, 4319967.293, 80
Trd, 4319968.293, 130
Trd, 4319969.693, 122
Trd, 4319970.993, 86
Trd, 4319971.293, 86
Trd, 4319971.543, 111
Trd, 4319972.543, 89
Trd, 4319973.893, 102
Trd, 4319974.193, 131
Trd, 4319974.443, 132
Trd, 4319975.743, 109
Trd, 4319976.543, 96
Trd, 4319976.893, 68
Trd, 4319977.893, 85
Trd, 4319978.393, 100
Trd, 4319978.593, 85
Trd, 4319979.643, 86
Trd, 4319979.993, 99
Trd, 4319980.593, 134
Trd, 4319981.293, 134
Trd, 4319981.593, 109
Trd, 4319981.643, 107
Trd, 4319981.993, 76
Trd, 4319982.643, 101
Trd, 4319983.593, 93
Trd, 4319984.593, 108
Trd, 4319984.993, 66
Trd, 4319985.243, 65
Trd, 4319985.593, 64
Trd, 4319986.543, 102
Trd, 4319986.993, 106
Trd, 4319988.843, 139
Trd, 4319989.243, 128
Trd, 4319990.393, 138
Trd, 4319990.793, 121
Trd, 4319990.943, 114
Trd, 4319991.493, 111
Trd, 4319992.193, 117
Trd, 4319992.243, 95
Trd, 4319992.543, 72
Trd, 4319993.493, 92
Trd, 4319994.693, 80
Trd, 4319994.843, 112
Trd, 4319994.993, 80
Trd, 4319995.693, 72
Trd, 4319995.743, 100
Trd, 4319997.993, 131
Trd, 4319999.343, 102
