Trd, 4318076.293, 91
Trd, 4318076.593, 123
Trd, 4318078.493, 93
Trd, 4318080.843, 127
Trd, 4318082.543, 137
Trd, 4318083.293, 120
Trd, 4318084.093, 107
Trd, 4318084.393, 115
Trd, 4318085.643, 124
Trd, 4318086.443, 116
Trd, 4318087.643, 117
Trd, 4318087.693, 116
Trd, 4318088.593, 140
Trd, 4318089.143, 140
Trd, 4318089.943, 121
Trd, 4318090.543, 86
Trd, 4318092.843, 104
Trd, 4318092.943, 124
Trd, 4318093.793, 107
Trd, 4318093.843, 109
Trd, 4318094.343, 105
Trd, 4318095.843, 110
Trd, 4318096.193, 108
Trd, 4318096.643, 119
Trd, 4318097.943, 122
Trd, 4318098.393, 110
Trd, 4318098.843, 114
Trd, 4318098.943, 98
Trd, 4318099.243, 102
Trd, 4318100.493, 95
Trd, 4318101.243, 98
Trd, 4318101.693, 138
Trd, 4318101.843, 89
Trd, 4318104.393, 112
Trd, 4318104.493, 111
Trd, 4318105.093, 114
Trd, 4318105.343, 113
Trd, 4318105.993, 104
Trd, 4318106.893, 103
Trd, 4318107.843, 139
Trd, 4318108.843, 140
Trd, 4318109.943, 126
Trd, 4318111.193, 106
Trd, 4318111.793, 121
Trd, 4318112.443, 140
Trd, 4318113.243, 129
Trd, 4318113.843, 123
Trd, 4318113.893, 134
Trd, 4318114.143, 95
Trd, 4318115.643, 108
Trd, 4318116.143, 87
Trd, 4318116.243, 109
Trd, 4318117.343, 140
Trd, 4318117.443, 116
Trd, 4318118.293, 140
Trd, 4318118.643, 88
Trd, 4318120.943, 101
Trd, 4318121.793, 86
Trd, 4318122.093, 94
Trd, 4318122.343, 75
Trd, 4318123.043, 140
Trd, 4318123.993, 140
Trd, 4318124.343, 140
Trd, 4318124.693, 134
Trd, 4318124.943, 92
Trd, 4318125.493, 92
Trd, 4318126.593, 62
Trd, 4318127.093, 70
Trd, 4318127.643, 88
Trd, 4318128.093, 98
Trd, 4318130.543, 62
Trd, 4318131.443, 124
Trd, 4318131.893, 68
Trd, 4318133.143, 66
Trd, 4318133.193, 106
Trd, 4318133.743, 136
Trd, 4318134.343, 60
Trd, 4318136.093, 126
Trd, 4318136.693, 140
Trd, 4318136.893, 126
Trd, 4318137.643, 114
Trd, 4318138.043, 98
Trd, 4318138.243, 94
Trd, 4318139.243, 138
Trd, 4318139.543, 103
Trd, 4318140.693, 99
Trd, 4318142.193, 96
Trd, 4318143.043, 106
Trd, 4318143.743, 123
Trd, 4318144.493, 101
Trd, 4318144.793, 106
Trd, 4318145.093, 102
Trd, 4318145.643, 101
Trd, 4318146.043, 140
Trd, 4318146.743, 136
Trd, 4318148.893, 92
Trd, 4318149.443, 106
Trd, 4318149.693, 105
Trd, 4318149.743, 103
Trd, 4318149.893, 107
Trd, 4318151.543, 140
Trd, 4318152.693, 140
Trd, 4318153.493, 140
Trd, 4318154.393, 122
Trd, 4318155.193, 139
Trd, 4318155.243, 126
Trd, 4318157.843, 78
Trd, 4318158.843, 140
Trd, 4318159.293, 136
Trd, 4318159.643, 135
Trd, 4318159.743, 115
Trd, 4318160.193, 86
Trd, 4318161.643, 140
Trd, 4318162.043, 88
Trd, 4318162.543, 123
Trd, 4318162.993, 123
Trd, 4318163.793, 140
Trd, 4318164.043, 102
Trd, 4318164.393, 96
Trd, 4318164.643, 94
Trd, 4318165.293, 60
Trd, 4318166.143, 67
Trd, 4318168.493, 92
Trd, 4318168.543, 98
Trd, 4318169.393, 122
Trd, 4318169.543, 123
Trd, 4318169.693, 88
Trd, 4318169.893, 85
Trd, 4318171.993, 92
Trd, 4318172.193, 101
Trd, 4318173.243, 131
Trd, 4318173.543, 82
Trd, 4318173.693, 140
Trd, 4318174.643, 88
Trd, 4318175.343, 120
Trd, 4318176.093, 70
Trd, 4318176.443, 135
Trd, 4318177.193, 67
Trd, 4318178.143, 93
Trd, 4318178.693, 88
Trd, 4318178.793, 98
Trd, 4318179.893, 126
Trd, 4318180.243, 112
Trd, 4318181.643, 139
Trd, 4318181.793, 124
Trd, 4318182.443, 112
Trd, 4318183.043, 95
Trd, 4318183.143, 94
Trd, 4318183.293, 92
Trd, 4318183.843, 74
Trd, 4318184.243, 114
Trd, 4318184.743, 115
Trd, 4318185.943, 116
Trd, 4318186.693, 123
Trd, 4318189.393, 140
Trd, 4318190.343, 140
Trd, 4318190.843, 140
Trd, 4318191.093, 140
Trd, 4318191.443, 127
Trd, 4318192.993, 140
Trd, 4318193.293, 140
Trd, 4318193.643, 139
Trd, 4318194.943, 138
Trd, 4318195.093, 113
Trd, 4318195.143, 109
Trd, 4318195.843, 121
Trd, 4318198.143, 134
Trd, 4318198.243, 114
Trd, 4318199.293, 140
Trd, 4318200.193, 140
Trd, 4318200.393, 140
Trd, 4318200.643, 140
Trd, 4318201.743, 140
Trd, 4318201.843, 115
Trd, 4318203.093, 113
Trd, 4318205.193, 140
Trd, 4318205.793, 140
Trd, 4318206.093, 140
Trd, 4318207.843, 139
Trd, 4318208.193, 111
Trd, 4318208.743, 85
Trd, 4318209.443, 110
Trd, 4318209.643, 72
Trd, 4318210.343, 89
Trd, 4318211.593, 124
Trd, 4318212.693, 140
Trd, 4318212.743, 138
Trd, 4318213.093, 115
Trd, 4318214.293, 140
Trd, 4318214.443, 119
Trd, 4318214.793, 113
Trd, 4318216.343, 140
Trd, 4318216.593, 91
Trd, 4318218.993, 70
Trd, 4318219.643, 112
Trd, 4318220.593, 140
Trd, 4318222.393, 140
Trd, 4318222.693, 140
Trd, 4318223.193, 140
Trd, 4318223.343, 125
Trd, 4318224.343, 139
Trd, 4318224.393, 104
Trd, 4318227.593, 111
Trd, 4318227.993, 94
Trd, 4318228.943, 140
Trd, 4318229.743, 98
Trd, 4318230.093, 96
Trd, 4318231.143, 94
Trd, 4318231.543, 136
Trd, 4318233.793, 89
Trd, 4318234.643, 99
Trd, 4318235.143, 133
Trd, 4318235.443, 140
Trd, 4318235.693, 86
Trd, 4318236.943, 118
Trd, 4318237.143, 117
Trd, 4318237.643, 81
Trd, 4318239.043, 140
Trd, 4318239.443, 139
Trd, 4318240.343, 120
Trd, 4318240.393, 100
Trd, 4318241.093, 137
Trd, 4318241.543, 115
Trd, 4318242.043, 86
Trd, 4318242.593, 82
Trd, 4318244.543, 80
Trd, 4318244.743, 140
Trd, 4318245.943, 140
Trd, 4318246.093, 98
Trd, 4318246.893, 103
Trd, 4318248.093, 94
Trd, 4318248.193, 114
Trd, 4318248.843, 140
Trd, 4318249.443, 140
Trd, 4318251.643, 140
Trd, 4318252.293, 140
Trd, 4318252.393, 140
Trd, 4318252.443, 140
Trd, 4318252.743, 126
Trd, 4318252.943, 101
Trd, 4318253.893, 137
Trd, 4318253.943, 115
Trd, 4318256.443, 98
Trd, 4318256.943, 92
Trd, 4318257.043, 99
Trd, 4318257.693, 83
Trd, 4318258.693, 120
Trd, 4318259.743, 125
Trd, 4318260.293, 91
Trd, 4318261.343, 140
Trd, 4318261.743, 140
Trd, 4318261.943, 136
Trd, 4318262.193, 115
Trd, 4318263.793, 138
Trd, 4318264.193, 123
Trd, 4318264.593, 123
Trd, 4318264.843, 121
Trd, 4318265.493, 137
Trd, 4318266.643, 104
Trd, 4318268.043, 82
Trd, 4318270.393, 140
Trd, 4318270.943, 139
Trd, 4318271.043, 138
Trd, 4318272.243, 138
Trd, 4318272.443, 129
Trd, 4318272.693, 139
Trd, 4318274.243, 139
Trd, 4318275.693, 122
Trd, 4318275.893, 120
Trd, 4318276.343, 140
Trd, 4318276.643, 128
Trd, 4318277.093, 113
Trd, 4318277.543, 112
Trd, 4318277.743, 110
Trd, 4318279.343, 91
Trd, 4318279.493, 103
Trd, 4318280.693, 131
Trd, 4318280.993, 90
Trd, 4318281.343, 125
Trd, 4318281.593, 90
Trd, 4318282.893, 140
Trd, 4318284.943, 83
Trd, 4318285.043, 65
Trd, 4318285.843, 95
Trd, 4318286.243, 70
Trd, 4318286.643, 66
Trd, 4318287.643, 139
Trd, 4318288.493, 100
Trd, 4318289.943, 95
Trd, 4318291.193, 140
Trd, 4318291.543, 140
Trd, 4318291.643, 140
Trd, 4318291.793, 130
Trd, 4318292.993, 109
Trd, 4318293.343, 121
Trd, 4318294.443, 112
Trd, 4318295.893, 140
Trd, 4318296.043, 140
Trd, 4318296.143, 139
Trd, 4318296.843, 102
Trd, 4318299.243, 113
Trd, 4318299.593, 121
Trd, 4318300.393, 140
Trd, 4318300.493, 120
Trd, 4318302.293, 140
Trd, 4318303.243, 140
Trd, 4318304.393, 140
Trd, 4318304.893, 138
Trd, 4318305.393, 124
Trd, 4318306.843, 140
Trd, 4318306.943, 140
Trd, 4318307.543, 123
Trd, 4318307.843, 124
Trd, 4318308.143, 122
Trd, 4318309.193, 140
Trd, 4318310.393, 116
Trd, 4318310.793, 118
Trd, 4318312.393, 139
Trd, 4318312.993, 134
Trd, 4318314.343, 139
Trd, 4318314.493, 139
Trd, 4318314.793, 140
Trd, 4318316.293, 139
Trd, 4318316.593, 138
Trd, 4318318.043, 99
Trd, 4318318.793, 60
Trd, 4318318.993, 61
Trd, 4318319.843, 70
Trd, 4318321.193, 95
Trd, 4318321.393, 93
Trd, 4318322.743, 94
Trd, 4318323.093, 90
Trd, 4318324.493, 95
Trd, 4318324.893, 139
Trd, 4318326.293, 105
Trd, 4318326.693, 110
Trd, 4318327.393, 134
Trd, 4318327.493, 104
Trd, 4318328.143, 140
Trd, 4318328.443, 114
Trd, 4318330.343, 120
Trd, 4318331.643, 140
Trd, 4318332.293, 138
Trd, 4318333.243, 122
Trd, 4318333.293, 121
Trd, 4318333.693, 118
Trd, 4318333.743, 119
Trd, 4318333.893, 102
Trd, 4318334.643, 74
Trd, 4318335.493, 71
Trd, 4318336.993, 60
Trd, 4318337.343, 63
Trd, 4318338.743, 140
Trd, 4318338.943, 139
Trd, 4318340.793, 140
Trd, 4318341.043, 126
Trd, 4318341.243, 103
Trd, 4318341.943, 140
Trd, 4318343.193, 140
Trd, 4318343.393, 140
Trd, 4318344.543, 140
Trd, 4318344.943, 115
Trd, 4318345.143, 132
Trd, 4318345.693, 137
Trd, 4318346.543, 85
Trd, 4318347.793, 87
Trd, 4318348.093, 86
Trd, 4318348.293, 64
Trd, 4318348.493, 63
Trd, 4318349.293, 86
Trd, 4318349.393, 90
Trd, 4318351.143, 104
Trd, 4318352.093, 127
Trd, 4318353.543, 140
Trd, 4318353.643, 124
Trd, 4318355.243, 119
Trd, 4318355.843, 120
Trd, 4318355.943, 118
Trd, 4318356.143, 117
Trd, 4318357.143, 108
Trd, 4318357.693, 87
Trd, 4318358.743, 140
Trd, 4318359.493, 109
Trd, 4318360.043, 108
Trd, 4318360.243, 128
Trd, 4318362.543, 111
Trd, 4318362.693, 105
Trd, 4318363.493, 125
Trd, 4318363.643, 94
Trd, 4318364.143, 139
Trd, 4318365.193, 140
Trd, 4318366.293, 129
Trd, 4318366.593, 117
Trd, 4318368.593, 119
Trd, 4318368.943, 117
Trd, 4318369.193, 114
Trd, 4318369.693, 99
Trd, 4318370.393, 126
Trd, 4318371.793, 137
Trd, 4318372.693, 102
Trd, 4318373.443, 136
Trd, 4318375.093, 140
Trd, 4318376.093, 140
Trd, 4318377.443, 140
Trd, 4318377.793, 140
Trd, 4318378.143, 139
Trd, 4318378.393, 138
Trd, 4318381.993, 140
Trd, 4318382.243, 137
Trd, 4318383.143, 140
Trd, 4318383.443, 114
Trd, 4318383.643, 112
Trd, 4318383.993, 101
Trd, 4318384.393, 115
Trd, 4318384.693, 80
Trd, 4318385.743, 63
Trd, 4318389.493, 139
Trd, 4318389.893, 103
Trd, 4318390.393, 104
Trd, 4318391.543, 136
Trd, 4318391.843, 112
Trd, 4318391.993, 89
Trd, 4318393.243, 138
Trd, 4318394.143, 140
Trd, 4318395.093, 132
Trd, 4318395.393, 126
Trd, 4318395.993, 139
Trd, 4318397.443, 117
Trd, 4318397.593, 116
Trd, 4318397.793, 115
Trd, 4318398.293, 85
Trd, 4318399.543, 140
Trd, 4318401.343, 139
Trd, 4318402.093, 140
Trd, 4318402.393, 139
Trd, 4318403.993, 138
Trd, 4318405.243, 140
Trd, 4318405.443, 137
Trd, 4318406.443, 114
Trd, 4318406.543, 101
Trd, 4318408.143, 79
Trd, 4318408.343, 80
Trd, 4318408.393, 70
Trd, 4318410.293, 85
Trd, 4318410.343, 78
Trd, 4318411.243, 137
Trd, 4318411.843, 99
Trd, 4318412.343, 110
Trd, 4318412.943, 62
Trd, 4318415.043, 140
Trd, 4318416.243, 112
Trd, 4318417.293, 140
Trd, 4318418.443, 107
Trd, 4318418.493, 116
Trd, 4318418.993, 102
Trd, 4318421.393, 119
Trd, 4318421.793, 119
Trd, 4318422.193, 118
Trd, 4318423.893, 127
Trd, 4318424.743, 140
Trd, 4318425.543, 139
Trd, 4318426.093, 139
Trd, 4318427.093, 140
Trd, 4318427.543, 134
Trd, 4318429.393, 140
Trd, 4318430.243, 139
Trd, 4318430.893, 115
Trd, 4318431.943, 125
Trd, 4318432.493, 124
Trd, 4318432.943, 102
Trd, 4318433.293, 132
Trd, 4318435.493, 138
Trd, 4318436.293, 139
Trd, 4318436.993, 139
Trd, 4318437.293, 138
Trd, 4318438.293, 114
Trd, 4318438.593, 92
Trd, 4318438.943, 92
Trd, 4318440.143, 97
Trd, 4318441.243, 138
Trd, 4318441.793, 136
Trd, 4318442.143, 113
Trd, 4318442.693, 87
Trd, 4318443.293, 75
Trd, 4318443.693, 107
Trd, 4318444.193, 91
Trd, 4318446.593, 100
Trd, 4318446.743, 101
Trd, 4318446.893, 90
Trd, 4318447.243, 87
Trd, 4318449.893, 71
Trd, 4318450.043, 87
Trd, 4318450.543, 72
Trd, 4318453.293, 140
Trd, 4318453.343, 137
Trd, 4318453.493, 134
Trd, 4318453.543, 118
Trd, 4318454.893, 112
Trd, 4318456.043, 94
Trd, 4318457.143, 135
Trd, 4318457.643, 139
Trd, 4318458.393, 124
Trd, 4318458.743, 96
Trd, 4318459.393, 77
Trd, 4318459.743, 90
Trd, 4318460.993, 140
Trd, 4318462.193, 140
Trd, 4318462.543, 113
Trd, 4318463.293, 139
Trd, 4318463.843, 117
Trd, 4318465.043, 118
Trd, 4318465.193, 117
Trd, 4318465.293, 116
Trd, 4318465.393, 111
Trd, 4318468.143, 136
Trd, 4318468.593, 109
Trd, 4318468.893, 91
Trd, 4318469.543, 102
Trd, 4318469.643, 84
Trd, 4318470.793, 140
Trd, 4318470.843, 139
Trd, 4318472.543, 133
Trd, 4318472.593, 117
Trd, 4318474.143, 92
Trd, 4318474.393, 91
Trd, 4318475.193, 105
Trd, 4318475.893, 127
Trd, 4318476.743, 106
Trd, 4318477.393, 105
Trd, 4318478.943, 140
Trd, 4318479.043, 140
Trd, 4318480.343, 116
Trd, 4318481.543, 139
Trd, 4318481.843, 138
Trd, 4318483.493, 140
Trd, 4318483.893, 133
Trd, 4318484.643, 112
Trd, 4318486.243, 129
Trd, 4318486.893, 107
Trd, 4318488.043, 106
Trd, 4318488.643, 139
Trd, 4318489.943, 140
Trd, 4318490.593, 140
Trd, 4318490.893, 140
Trd, 4318491.543, 140
Trd, 4318493.843, 140
Trd, 4318495.143, 140
Trd, 4318495.793, 140
Trd, 4318495.843, 111
Trd, 4318496.693, 95
Trd, 4318496.893, 94
Trd, 4318497.343, 139
Trd, 4318497.443, 136
Trd, 4318498.593, 76
Trd, 4318499.293, 80
Trd, 4318500.543, 75
Trd, 4318500.593, 79
Trd, 4318503.193, 140
Trd, 4318504.543, 122
Trd, 4318505.943, 123
Trd, 4318506.143, 132
Trd, 4318506.793, 106
Trd, 4318507.243, 94
Trd, 4318509.193, 140
Trd, 4318509.693, 139
Trd, 4318509.893, 140
Trd, 4318509.943, 139
Trd, 4318510.493, 116
Trd, 4318512.193, 89
Trd, 4318512.643, 126
Trd, 4318513.193, 124
Trd, 4318513.793, 87
Trd, 4318514.893, 67
Trd, 4318514.943, 70
Trd, 4318516.043, 65
Trd, 4318518.093, 139
Trd, 4318518.593, 136
Trd, 4318518.993, 110
Trd, 4318519.243, 109
Trd, 4318521.643, 78
Trd, 4318521.693, 79
Trd, 4318525.043, 108
Trd, 4318525.943, 126
Trd, 4318525.993, 120
Trd, 4318527.293, 124
Trd, 4318527.443, 139
Trd, 4318529.793, 123
Trd, 4318529.843, 121
Trd, 4318530.343, 135
Trd, 4318530.443, 138
Trd, 4318530.943, 128
Trd, 4318532.043, 129
Trd, 4318533.443, 138
Trd, 4318533.643, 130
Trd, 4318534.143, 113
Trd, 4318534.743, 110
Trd, 4318535.543, 116
Trd, 4318535.693, 126
Trd, 4318536.393, 140
Trd, 4318536.593, 109
Trd, 4318538.193, 138
Trd, 4318540.343, 140
Trd, 4318540.793, 130
Trd, 4318540.993, 140
Trd, 4318541.843, 128
Trd, 4318543.993, 139
Trd, 4318544.743, 138
Trd, 4318545.693, 126
Trd, 4318546.393, 138
Trd, 4318546.693, 137
Trd, 4318548.793, 130
Trd, 4318549.193, 131
Trd, 4318550.143, 140
Trd, 4318550.393, 139
Trd, 4318551.993, 140
Trd, 4318552.593, 140
Trd, 4318552.643, 139
Trd, 4318555.593, 140
Trd, 4318556.243, 140
Trd, 4318556.293, 140
Trd, 4318556.743, 140
Trd, 4318557.593, 114
Trd, 4318558.843, 140
Trd, 4318558.993, 140
Trd, 4318559.193, 140
Trd, 4318560.543, 140
Trd, 4318562.143, 107
Trd, 4318562.243, 126
Trd, 4318562.693, 122
Trd, 4318563.093, 66
Trd, 4318564.193, 114
Trd, 4318565.643, 79
Trd, 4318565.693, 95
Trd, 4318565.843, 78
Trd, 4318566.993, 69
Trd, 4318569.343, 71
Trd, 4318570.243, 70
Trd, 4318571.143, 129
Trd, 4318571.843, 140
Trd, 4318571.943, 139
Trd, 4318573.193, 132
Trd, 4318574.343, 140
Trd, 4318575.293, 111
Trd, 4318575.943, 136
Trd, 4318576.343, 113
Trd, 4318576.543, 82
Trd, 4318577.293, 140
Trd, 4318578.893, 140
Trd, 4318579.143, 138
Trd, 4318579.793, 138
Trd, 4318580.093, 114
Trd, 4318581.543, 77
Trd, 4318582.893, 140
Trd, 4318583.843, 112
Trd, 4318584.343, 121
Trd, 4318584.793, 139
Trd, 4318585.243, 137
Trd, 4318586.043, 136
Trd, 4318586.493, 110
Trd, 4318587.393, 97
Trd, 4318589.243, 140
Trd, 4318589.543, 140
Trd, 4318590.393, 135
Trd, 4318590.543, 112
Trd, 4318591.143, 140
Trd, 4318591.793, 65
Trd, 4318592.693, 65
Trd, 4318593.943, 81
Trd, 4318594.343, 78
Trd, 4318594.443, 71
Trd, 4318595.693, 66
Trd, 4318596.743, 130
Trd, 4318597.043, 75
Trd, 4318598.893, 128
Trd, 4318599.843, 128
Trd, 4318600.043, 113
Trd, 4318601.193, 140
Trd, 4318601.343, 140
Trd, 4318601.593, 140
Trd, 4318602.543, 120
Trd, 4318602.943, 140
Trd, 4318603.393, 118
Trd, 4318606.043, 124
Trd, 4318606.393, 107
Trd, 4318607.293, 105
Trd, 4318607.593, 102
Trd, 4318608.143, 100
Trd, 4318608.793, 113
Trd, 4318609.593, 138
Trd, 4318609.643, 131
Trd, 4318610.193, 139
Trd, 4318612.393, 140
Trd, 4318612.893, 107
Trd, 4318613.443, 140
Trd, 4318614.943, 140
Trd, 4318615.293, 140
Trd, 4318615.443, 113
Trd, 4318617.843, 100
Trd, 4318618.343, 134
Trd, 4318619.043, 92
Trd, 4318619.643, 137
Trd, 4318621.043, 107
Trd, 4318621.243, 92
Trd, 4318621.493, 138
Trd, 4318622.043, 140
Trd, 4318622.793, 140
Trd, 4318624.143, 140
Trd, 4318624.393, 112
Trd, 4318625.293, 140
Trd, 4318625.993, 132
Trd, 4318626.643, 124
Trd, 4318626.693, 102
Trd, 4318628.043, 140
Trd, 4318628.143, 103
Trd, 4318629.543, 130
Trd, 4318630.643, 134
Trd, 4318630.943, 138
Trd, 4318631.043, 118
Trd, 4318631.893, 113
Trd, 4318632.743, 110
Trd, 4318632.943, 116
Trd, 4318633.293, 89
Trd, 4318635.343, 138
Trd, 4318635.743, 137
Trd, 4318636.493, 116
Trd, 4318636.593, 102
Trd, 4318637.143, 76
Trd, 4318638.043, 139
Trd, 4318638.943, 136
Trd, 4318640.493, 123
Trd, 4318642.643, 140
Trd, 4318643.243, 140
Trd, 4318643.293, 140
Trd, 4318643.943, 127
Trd, 4318645.743, 134
Trd, 4318646.693, 140
Trd, 4318646.843, 140
Trd, 4318647.343, 101
Trd, 4318647.993, 80
Trd, 4318648.593, 124
Trd, 4318648.993, 85
Trd, 4318649.143, 140
Trd, 4318651.493, 60
Trd, 4318652.093, 61
Trd, 4318652.293, 63
Trd, 4318654.043, 67
Trd, 4318654.943, 108
Trd, 4318657.543, 140
Trd, 4318658.593, 140
Trd, 4318658.693, 140
Trd, 4318659.243, 140
Trd, 4318661.793, 138
Trd, 4318662.543, 130
Trd, 4318663.293, 140
Trd, 4318663.343, 130
Trd, 4318663.693, 111
Trd, 4318664.843, 76
Trd, 4318665.043, 72
Trd, 4318666.143, 71
Trd, 4318666.643, 116
Trd, 4318667.293, 124
Trd, 4318669.643, 136
Trd, 4318670.393, 134
Trd, 4318671.243, 134
Trd, 4318672.843, 138
Trd, 4318673.393, 136
Trd, 4318673.543, 135
Trd, 4318674.543, 92
Trd, 4318675.043, 79
Trd, 4318675.693, 85
Trd, 4318676.843, 61
Trd, 4318677.693, 87
Trd, 4318677.793, 80
Trd, 4318679.443, 128
Trd, 4318680.293, 103
Trd, 4318681.293, 140
Trd, 4318681.343, 139
Trd, 4318681.643, 139
Trd, 4318682.693, 140
Trd, 4318683.693, 140
Trd, 4318683.793, 140
Trd, 4318684.293, 77
Trd, 4318685.193, 128
Trd, 4318685.393, 128
Trd, 4318686.543, 61
Trd, 4318687.243, 67
Trd, 4318687.743, 68
Trd, 4318688.543, 71
Trd, 4318689.893, 140
Trd, 4318691.743, 119
Trd, 4318691.943, 80
Trd, 4318693.193, 92
Trd, 4318694.043, 117
Trd, 4318694.993, 140
Trd, 4318695.443, 140
Trd, 4318695.943, 140
Trd, 4318696.943, 140
Trd, 4318698.093, 140
Trd, 4318698.593, 140
Trd, 4318699.093, 140
Trd, 4318699.143, 140
Trd, 4318699.993, 140
Trd, 4318701.243, 140
Trd, 4318701.943, 124
Trd, 4318703.393, 98
Trd, 4318703.743, 118
Trd, 4318703.943, 129
Trd, 4318704.393, 96
Trd, 4318704.893, 105
Trd, 4318705.993, 109
Trd, 4318707.693, 104
Trd, 4318709.593, 132
Trd, 4318709.793, 109
Trd, 4318710.493, 140
Trd, 4318711.393, 121
Trd, 4318713.743, 137
Trd, 4318714.643, 105
Trd, 4318714.893, 86
Trd, 4318715.793, 117
Trd, 4318716.593, 74
Trd, 4318717.743, 115
Trd, 4318717.893, 130
Trd, 4318719.193, 107
Trd, 4318720.443, 99
Trd, 4318720.543, 85
Trd, 4318720.743, 139
Trd, 4318720.993, 84
Trd, 4318722.193, 103
Trd, 4318723.443, 140
Trd, 4318724.743, 116
Trd, 4318724.943, 111
Trd, 4318725.793, 140
Trd, 4318726.143, 140
Trd, 4318726.393, 111
Trd, 4318726.843, 113
Trd, 4318729.693, 140
Trd, 4318730.443, 140
Trd, 4318731.093, 132
Trd, 4318731.143, 113
Trd, 4318731.243, 109
Trd, 4318732.043, 139
Trd, 4318732.193, 123
Trd, 4318732.743, 68
Trd, 4318733.293, 139
Trd, 4318733.843, 138
Trd, 4318738.893, 140
Trd, 4318739.143, 140
Trd, 4318740.043, 140
Trd, 4318741.443, 140
Trd, 4318741.893, 140
Trd, 4318742.243, 140
Trd, 4318742.293, 112
Trd, 4318743.343, 123
Trd, 4318744.043, 122
Trd, 4318744.643, 139
Trd, 4318745.893, 140
Trd, 4318746.543, 91
Trd, 4318747.993, 88
Trd, 4318748.543, 89
Trd, 4318748.793, 86
Trd, 4318749.943, 97
Trd, 4318750.493, 101
Trd, 4318752.243, 94
Trd, 4318752.993, 92
Trd, 4318753.293, 102
Trd, 4318754.093, 140
Trd, 4318754.393, 138
Trd, 4318756.193, 95
Trd, 4318756.593, 132
Trd, 4318756.843, 97
Trd, 4318757.543, 92
Trd, 4318757.643, 90
Trd, 4318758.993, 60
Trd, 4318760.043, 70
Trd, 4318761.143, 118
Trd, 4318762.293, 83
Trd, 4318763.443, 105
Trd, 4318764.843, 79
Trd, 4318765.293, 120
Trd, 4318765.343, 78
Trd, 4318765.493, 96
Trd, 4318766.943, 140
Trd, 4318767.143, 140
Trd, 4318769.843, 113
Trd, 4318770.043, 97
Trd, 4318770.543, 140
Trd, 4318771.143, 140
Trd, 4318771.393, 140
Trd, 4318771.493, 139
Trd, 4318773.643, 70
Trd, 4318774.943, 74
Trd, 4318775.443, 70
Trd, 4318776.193, 117
Trd, 4318776.543, 130
Trd, 4318776.793, 72
Trd, 4318777.843, 115
Trd, 4318778.343, 96
Trd, 4318778.643, 88
Trd, 4318778.943, 82
Trd, 4318781.193, 71
Trd, 4318781.693, 77
Trd, 4318782.393, 90
Trd, 4318783.243, 69
Trd, 4318783.643, 81
Trd, 4318784.143, 114
Trd, 4318785.143, 86
Trd, 4318786.643, 87
Trd, 4318786.743, 83
Trd, 4318787.793, 110
Trd, 4318789.693, 78
Trd, 4318791.543, 140
Trd, 4318791.693, 140
Trd, 4318791.943, 140
Trd, 4318793.143, 140
Trd, 4318793.193, 138
Trd, 4318793.393, 115
Trd, 4318794.743, 139
Trd, 4318795.743, 104
Trd, 4318797.343, 108
Trd, 4318797.943, 106
Trd, 4318798.893, 116
Trd, 4318799.843, 100
Trd, 4318800.493, 127
Trd, 4318801.493, 97
Trd, 4318802.943, 97
Trd, 4318802.993, 71
Trd, 4318803.443, 122
Trd, 4318803.543, 101
Trd, 4318804.693, 140
Trd, 4318804.893, 139
Trd, 4318805.393, 139
Trd, 4318805.543, 138
Trd, 4318805.693, 111
Trd, 4318807.893, 123
Trd, 4318809.293, 140
Trd, 4318810.043, 120
Trd, 4318810.443, 104
Trd, 4318810.493, 105
Trd, 4318812.093, 61
Trd, 4318813.543, 124
Trd, 4318813.893, 121
Trd, 4318814.343, 115
Trd, 4318814.643, 111
Trd, 4318815.793, 139
Trd, 4318815.843, 114
Trd, 4318816.493, 68
Trd, 4318816.993, 84
Trd, 4318817.193, 67
Trd, 4318819.443, 139
Trd, 4318819.493, 136
Trd, 4318819.943, 134
Trd, 4318820.643, 115
Trd, 4318822.593, 70
Trd, 4318823.443, 139
Trd, 4318825.343, 128
Trd, 4318825.893, 128
Trd, 4318825.993, 127
Trd, 4318826.193, 110
Trd, 4318828.743, 140
Trd, 4318829.193, 140
Trd, 4318830.893, 138
Trd, 4318831.043, 130
Trd, 4318831.443, 140
Trd, 4318831.693, 139
Trd, 4318832.343, 106
Trd, 4318832.593, 105
Trd, 4318834.043, 140
Trd, 4318834.143, 134
Trd, 4318834.743, 135
Trd, 4318834.793, 117
Trd, 4318835.393, 111
Trd, 4318838.743, 140
Trd, 4318839.493, 127
Trd, 4318840.393, 132
Trd, 4318840.943, 130
Trd, 4318841.543, 112
Trd, 4318842.343, 112
Trd, 4318842.943, 137
Trd, 4318843.493, 140
Trd, 4318843.593, 136
Trd, 4318843.893, 107
Trd, 4318845.693, 140
Trd, 4318846.043, 137
Trd, 4318846.843, 102
Trd, 4318847.143, 99
Trd, 4318847.843, 92
Trd, 4318848.793, 90
Trd, 4318849.243, 94
Trd, 4318851.043, 102
Trd, 4318852.343, 138
Trd, 4318852.643, 105
Trd, 4318852.993, 105
Trd, 4318853.393, 140
Trd, 4318853.543, 112
Trd, 4318854.693, 108
Trd, 4318855.193, 97
Trd, 4318855.593, 74
Trd, 4318855.693, 85
Trd, 4318856.293, 116
Trd, 4318857.443, 140
Trd, 4318860.243, 140
Trd, 4318860.293, 140
Trd, 4318861.193, 140
Trd, 4318861.343, 140
Trd, 4318862.093, 112
Trd, 4318863.393, 121
Trd, 4318863.743, 94
Trd, 4318864.793, 124
Trd, 4318867.093, 140
Trd, 4318867.893, 140
Trd, 4318868.493, 140
Trd, 4318868.643, 137
Trd, 4318869.143, 132
Trd, 4318871.093, 140
Trd, 4318871.193, 140
Trd, 4318871.743, 140
Trd, 4318872.293, 140
Trd, 4318873.093, 140
Trd, 4318874.643, 128
Trd, 4318875.793, 138
Trd, 4318876.693, 121
Trd, 4318877.343, 120
Trd, 4318877.743, 112
Trd, 4318877.893, 110
Trd, 4318878.643, 80
Trd, 4318880.793, 124
Trd, 4318881.043, 123
Trd, 4318881.643, 124
Trd, 4318882.243, 122
Trd, 4318882.993, 137
Trd, 4318883.593, 132
Trd, 4318883.843, 89
Trd, 4318885.193, 119
Trd, 4318886.993, 140
Trd, 4318887.193, 114
Trd, 4318887.893, 140
Trd, 4318887.943, 126
Trd, 4318889.543, 139
Trd, 4318890.993, 129
Trd, 4318892.193, 138
Trd, 4318892.893, 130
Trd, 4318893.343, 131
Trd, 4318894.893, 102
Trd, 4318895.793, 107
Trd, 4318895.993, 101
Trd, 4318896.093, 101
Trd, 4318897.793, 140
Trd, 4318899.093, 139
Trd, 4318899.393, 109
Trd, 4318900.293, 140
Trd, 4318900.443, 139
Trd, 4318900.743, 140
Trd, 4318902.293, 95
Trd, 4318902.343, 106
Trd, 4318902.443, 102
Trd, 4318902.843, 92
Trd, 4318903.843, 61
Trd, 4318904.543, 140
Trd, 4318905.743, 140
Trd, 4318906.743, 140
Trd, 4318906.793, 138
Trd, 4318907.093, 119
Trd, 4318909.793, 140
Trd, 4318910.293, 140
Trd, 4318912.743, 140
Trd, 4318913.643, 140
Trd, 4318914.143, 136
Trd, 4318914.493, 140
Trd, 4318916.243, 115
Trd, 4318916.893, 114
Trd, 4318917.893, 123
Trd, 4318918.743, 121
Trd, 4318918.943, 98
Trd, 4318919.643, 140
Trd, 4318919.893, 80
Trd, 4318920.043, 114
Trd, 4318921.043, 140
Trd, 4318921.393, 140
Trd, 4318921.943, 113
Trd, 4318922.443, 113
Trd, 4318923.393, 136
Trd, 4318924.343, 140
Trd, 4318925.093, 82
Trd, 4318925.393, 138
Trd, 4318927.643, 108
Trd, 4318928.193, 75
Trd, 4318928.693, 70
Trd, 4318928.793, 76
Trd, 4318929.943, 67
Trd, 4318930.493, 64
Trd, 4318930.743, 68
Trd, 4318931.193, 122
Trd, 4318932.193, 137
Trd, 4318933.743, 130
Trd, 4318933.793, 131
Trd, 4318934.343, 105
Trd, 4318934.893, 92
Trd, 4318936.493, 139
Trd, 4318937.143, 124
Trd, 4318939.143, 126
Trd, 4318939.343, 129
Trd, 4318939.543, 123
Trd, 4318940.393, 104
Trd, 4318941.093, 110
Trd, 4318941.493, 71
Trd, 4318943.043, 127
Trd, 4318943.093, 105
Trd, 4318943.293, 103
Trd, 4318943.693, 90
Trd, 4318944.243, 139
Trd, 4318945.093, 133
Trd, 4318945.193, 81
Trd, 4318946.093, 140
Trd, 4318946.843, 140
Trd, 4318947.193, 139
Trd, 4318948.043, 140
Trd, 4318948.543, 112
Trd, 4318951.093, 112
Trd, 4318951.893, 114
Trd, 4318952.193, 123
Trd, 4318952.443, 73
Trd, 4318954.543, 140
Trd, 4318954.843, 140
Trd, 4318955.093, 140
Trd, 4318955.443, 140
Trd, 4318955.843, 131
Trd, 4318956.843, 111
Trd, 4318957.793, 139
Trd, 4318958.293, 81
Trd, 4318959.243, 111
Trd, 4318959.643, 87
Trd, 4318960.493, 88
Trd, 4318960.943, 91
Trd, 4318961.143, 92
Trd, 4318961.493, 83
Trd, 4318961.893, 126
Trd, 4318962.293, 123
Trd, 4318962.593, 83
Trd, 4318963.893, 84
Trd, 4318964.243, 107
Trd, 4318964.793, 140
Trd, 4318964.943, 140
Trd, 4318966.643, 109
Trd, 4318967.843, 92
Trd, 4318967.993, 100
Trd, 4318968.393, 61
Trd, 4318969.693, 140
Trd, 4318970.693, 139
Trd, 4318971.593, 108
Trd, 4318971.893, 90
Trd, 4318972.593, 140
Trd, 4318974.493, 105
Trd, 4318976.093, 140
Trd, 4318976.793, 140
Trd, 4318977.893, 140
Trd, 4318978.143, 140
Trd, 4318978.293, 93
Trd, 4318978.843, 79
Trd, 4318980.543, 132
Trd, 4318980.593, 107
Trd, 4318981.593, 73
Trd, 4318982.593, 137
Trd, 4318982.743, 136
Trd, 4318983.543, 125
Trd, 4318984.643, 129
Trd, 4318985.393, 139
Trd, 4318985.443, 138
Trd, 4318987.443, 98
Trd, 4318987.943, 98
Trd, 4318988.843, 93
Trd, 4318989.343, 89
Trd, 4318990.043, 101
Trd, 4318991.293, 131
Trd, 4318993.193, 108
Trd, 4318993.243, 106
Trd, 4318994.793, 115
Trd, 4318994.943, 134
Trd, 4318995.293, 115
Trd, 4318995.493, 113
Trd, 4318995.793, 111
Trd, 4318996.043, 86
Trd, 4318997.893, 64
Trd, 4318999.043, 64
Trd, 4318999.143, 69
Trd, 4318999.443, 93
Trd, 4319000.593, 110
Trd, 4319002.393, 128
Trd, 4319002.893, 125
Trd, 4319003.143, 117
Trd, 4319003.243, 108
Trd, 4319003.543, 90
Trd, 4319004.793, 130
Trd, 4319005.593, 93
Trd, 4319006.643, 140
Trd, 4319007.343, 71
Trd, 4319007.943, 113
Trd, 4319009.793, 107
Trd, 4319009.993, 108
Trd, 4319010.193, 80
Trd, 4319010.793, 116
Trd, 4319011.043, 116
Trd, 4319012.143, 113
Trd, 4319013.293, 136
Trd, 4319014.993, 110
Trd, 4319015.593, 101
Trd, 4319016.593, 101
Trd, 4319018.843, 140
Trd, 4319019.593, 140
Trd, 4319019.943, 140
Trd, 4319020.793, 138
Trd, 4319022.193, 102
Trd, 4319022.593, 76
Trd, 4319023.543, 68
Trd, 4319023.693, 75
Trd, 4319024.043, 93
Trd, 4319024.443, 91
Trd, 4319026.143, 135
Trd, 4319026.743, 131
Trd, 4319027.243, 140
Trd, 4319027.643, 89
Trd, 4319029.093, 140
Trd, 4319030.593, 140
Trd, 4319030.843, 140
Trd, 4319030.993, 139
Trd, 4319032.793, 136
Trd, 4319033.343, 139
Trd, 4319033.743, 115
Trd, 4319036.043, 93
Trd, 4319037.093, 94
Trd, 4319037.143, 93
Trd, 4319037.493, 97
Trd, 4319037.593, 99
Trd, 4319038.743, 94
Trd, 4319040.993, 87
Trd, 4319041.693, 90
Trd, 4319042.043, 140
Trd, 4319044.093, 116
Trd, 4319044.143, 115
Trd, 4319044.543, 114
Trd, 4319045.493, 97
Trd, 4319046.643, 114
Trd, 4319047.593, 105
Trd, 4319048.343, 140
Trd, 4319048.793, 140
Trd, 4319049.043, 139
Trd, 4319049.393, 134
Trd, 4319049.443, 121
Trd, 4319051.193, 76
Trd, 4319051.543, 134
Trd, 4319051.943, 67
Trd, 4319052.343, 126
Trd, 4319053.243, 97
Trd, 4319053.793, 70
Trd, 4319054.593, 71
Trd, 4319056.043, 136
Trd, 4319056.693, 112
Trd, 4319057.743, 106
Trd, 4319058.243, 139
Trd, 4319058.793, 104
Trd, 4319058.993, 103
Trd, 4319059.093, 74
Trd, 4319060.343, 64
Trd, 4319061.943, 108
Trd, 4319062.893, 100
Trd, 4319064.893, 139
Trd, 4319065.093, 130
Trd, 4319066.943, 140
Trd, 4319067.793, 140
Trd, 4319067.943, 140
Trd, 4319069.843, 140
Trd, 4319071.843, 140
Trd, 4319072.093, 140
Trd, 4319072.593, 116
Trd, 4319072.643, 135
Trd, 4319072.843, 106
Trd, 4319074.293, 114
Trd, 4319074.493, 82
Trd, 4319074.893, 135
Trd, 4319076.143, 78
Trd, 4319076.543, 138
Trd, 4319078.493, 140
Trd, 4319078.593, 140
Trd, 4319078.793, 140
Trd, 4319079.743, 127
Trd, 4319079.793, 126
Trd, 4319080.043, 83
Trd, 4319080.093, 79
Trd, 4319080.293, 130
Trd, 4319081.443, 63
Trd, 4319083.993, 140
Trd, 4319084.593, 140
Trd, 4319085.093, 140
Trd, 4319085.543, 140
Trd, 4319085.743, 139
Trd, 4319086.393, 138
Trd, 4319087.743, 140
Trd, 4319090.593, 105
Trd, 4319090.643, 105
Trd, 4319090.743, 104
Trd, 4319091.943, 114
Trd, 4319092.343, 140
Trd, 4319094.943, 140
Trd, 4319095.593, 140
Trd, 4319095.743, 140
Trd, 4319096.393, 139
Trd, 4319097.943, 140
Trd, 4319098.143, 140
Trd, 4319098.343, 139
Trd, 4319099.443, 113
Trd, 4319099.593, 112
Trd, 4319100.443, 111
Trd, 4319101.243, 139
Trd, 4319102.343, 60
Trd, 4319103.643, 139
Trd, 4319105.393, 140
Trd, 4319105.943, 140
Trd, 4319106.993, 140
Trd, 4319107.893, 140
Trd, 4319108.393, 140
Trd, 4319108.993, 140
Trd, 4319109.143, 140
Trd, 4319109.243, 126
Trd, 4319110.393, 89
Trd, 4319110.993, 96
Trd, 4319111.143, 139
Trd, 4319112.743, 121
Trd, 4319113.093, 130
Trd, 4319113.893, 99
Trd, 4319116.993, 140
Trd, 4319117.093, 139
Trd, 4319117.193, 140
Trd, 4319118.343, 140
Trd, 4319119.393, 101
Trd, 4319119.643, 109
Trd, 4319120.343, 94
Trd, 4319120.743, 107
Trd, 4319121.143, 68
Trd, 4319121.343, 80
Trd, 4319121.993, 108
Trd, 4319122.893, 69
Trd, 4319123.043, 65
Trd, 4319125.193, 101
Trd, 4319125.293, 100
Trd, 4319126.343, 88
Trd, 4319127.743, 140
Trd, 4319127.893, 139
Trd, 4319128.843, 116
Trd, 4319129.693, 111
Trd, 4319129.743, 110
Trd, 4319131.743, 101
Trd, 4319132.293, 101
Trd, 4319132.793, 120
Trd, 4319133.493, 140
Trd, 4319133.693, 140
Trd, 4319133.843, 119
Trd, 4319134.343, 118
Trd, 4319134.743, 140
Trd, 4319135.843, 88
Trd, 4319136.093, 132
Trd, 4319137.143, 100
Trd, 4319137.293, 97
Trd, 4319139.243, 131
Trd, 4319140.493, 140
Trd, 4319140.893, 139
Trd, 4319140.993, 138
Trd, 4319142.393, 138
Trd, 4319143.643, 104
Trd, 4319144.643, 126
Trd, 4319145.543, 122
Trd, 4319145.843, 121
Trd, 4319146.943, 112
Trd, 4319147.743, 113
Trd, 4319148.643, 123
Trd, 4319148.743, 100
Trd, 4319149.143, 71
Trd, 4319151.343, 60
Trd, 4319151.893, 62
Trd, 4319151.943, 79
Trd, 4319152.493, 140
Trd, 4319152.643, 114
Trd, 4319152.943, 105
Trd, 4319154.043, 60
Trd, 4319155.093, 60
Trd, 4319156.193, 140
Trd, 4319156.393, 119
Trd, 4319156.443, 117
Trd, 4319156.793, 126
Trd, 4319157.743, 78
Trd, 4319158.843, 99
Trd, 4319158.943, 88
Trd, 4319159.943, 111
Trd, 4319160.243, 116
Trd, 4319160.843, 72
Trd, 4319162.743, 93
Trd, 4319163.193, 104
Trd, 4319163.743, 82
Trd, 4319164.143, 124
Trd, 4319164.743, 103
Trd, 4319165.743, 140
Trd, 4319165.893, 84
Trd, 4319167.793, 137
Trd, 4319169.343, 125
Trd, 4319169.393, 124
Trd, 4319170.143, 106
Trd, 4319171.493, 86
Trd, 4319171.843, 72
Trd, 4319172.393, 83
Trd, 4319173.393, 81
Trd, 4319173.693, 139
Trd, 4319174.093, 138
Trd, 4319174.593, 77
Trd, 4319175.293, 138
Trd, 4319176.143, 77
Trd, 4319176.293, 72
Trd, 4319176.993, 65
Trd, 4319178.143, 103
Trd, 4319178.493, 72
Trd, 4319180.343, 99
Trd, 4319181.943, 108
Trd, 4319182.793, 107
Trd, 4319182.993, 70
Trd, 4319183.243, 95
Trd, 4319183.293, 115
Trd, 4319184.193, 140
Trd, 4319185.043, 129
Trd, 4319185.943, 87
Trd, 4319186.793, 104
Trd, 4319186.893, 103
Trd, 4319187.643, 140
Trd, 4319189.043, 140
Trd, 4319189.293, 134
Trd, 4319191.293, 140
Trd, 4319191.443, 140
Trd, 4319191.543, 136
Trd, 4319191.993, 84
Trd, 4319192.493, 63
Trd, 4319194.693, 140
Trd, 4319194.893, 140
Trd, 4319196.293, 138
Trd, 4319197.993, 114
Trd, 4319199.143, 136
Trd, 4319199.743, 121
Trd, 4319200.843, 81
Trd, 4319201.893, 88
Trd, 4319202.793, 82
Trd, 4319204.593, 140
Trd, 4319204.793, 140
Trd, 4319205.243, 140
Trd, 4319206.893, 140
Trd, 4319206.943, 139
Trd, 4319207.243, 139
Trd, 4319207.743, 114
Trd, 4319207.793, 106
Trd, 4319207.893, 136
Trd, 4319208.143, 94
Trd, 4319208.493, 61
Trd, 4319209.893, 75
Trd, 4319212.693, 121
Trd, 4319212.793, 119
Trd, 4319213.693, 118
Trd, 4319213.843, 74
Trd, 4319215.193, 122
Trd, 4319216.193, 121
Trd, 4319216.393, 140
Trd, 4319217.743, 140
Trd, 4319217.843, 136
Trd, 4319218.893, 113
Trd, 4319219.843, 117
Trd, 4319220.393, 122
Trd, 4319220.443, 125
Trd, 4319221.043, 112
Trd, 4319221.693, 113
Trd, 4319222.093, 89
Trd, 4319222.943, 115
Trd, 4319225.243, 63
Trd, 4319225.343, 64
Trd, 4319225.793, 90
Trd, 4319226.993, 96
Trd, 4319227.393, 97
Trd, 4319227.943, 97
Trd, 4319228.593, 82
Trd, 4319229.293, 81
Trd, 4319229.493, 68
Trd, 4319229.643, 88
Trd, 4319230.443, 138
Trd, 4319230.493, 118
Trd, 4319231.593, 83
Trd, 4319231.993, 132
Trd, 4319235.343, 63
Trd, 4319235.643, 109
Trd, 4319236.143, 138
Trd, 4319236.393, 138
Trd, 4319236.743, 137
Trd, 4319238.343, 62
Trd, 4319239.243, 110
Trd, 4319239.643, 137
Trd, 4319239.693, 89
Trd, 4319239.843, 136
Trd, 4319240.193, 74
Trd, 4319242.443, 84
Trd, 4319242.743, 82
Trd, 4319244.893, 103
Trd, 4319247.643, 140
Trd, 4319247.943, 140
Trd, 4319248.393, 140
Trd, 4319248.693, 136
Trd, 4319249.043, 117
Trd, 4319251.243, 109
Trd, 4319251.343, 108
Trd, 4319253.143, 139
Trd, 4319253.443, 128
Trd, 4319254.043, 139
Trd, 4319256.293, 125
Trd, 4319256.443, 124
Trd, 4319256.693, 121
Trd, 4319257.243, 82
Trd, 4319257.393, 74
Trd, 4319258.793, 140
Trd, 4319259.843, 77
Trd, 4319261.093, 140
Trd, 4319262.443, 140
Trd, 4319263.193, 140
Trd, 4319263.393, 120
Trd, 4319263.693, 111
Trd, 4319263.993, 140
Trd, 4319266.243, 140
Trd, 4319267.093, 140
Trd, 4319267.293, 140
Trd, 4319267.593, 138
Trd, 4319267.943, 136
Trd, 4319268.393, 109
Trd, 4319268.843, 135
Trd, 4319269.643, 90
Trd, 4319270.893, 77
Trd, 4319271.193, 95
Trd, 4319271.443, 96
Trd, 4319273.693, 125
Trd, 4319273.893, 107
Trd, 4319274.793, 93
Trd, 4319274.893, 92
Trd, 4319275.543, 124
Trd, 4319278.543, 140
Trd, 4319278.693, 140
Trd, 4319280.343, 140
Trd, 4319280.843, 140
Trd, 4319280.943, 140
Trd, 4319281.393, 140
Trd, 4319282.693, 138
Trd, 4319282.943, 136
Trd, 4319284.243, 91
Trd, 4319284.443, 115
Trd, 4319284.843, 69
Trd, 4319285.993, 122
Trd, 4319286.243, 99
Trd, 4319289.443, 140
Trd, 4319289.593, 137
Trd, 4319290.443, 137
Trd, 4319290.993, 137
Trd, 4319291.993, 140
Trd, 4319292.093, 139
Trd, 4319292.843, 119
Trd, 4319293.293, 120
Trd, 4319293.443, 118
Trd, 4319294.493, 117
Trd, 4319294.643, 124
Trd, 4319294.893, 126
Trd, 4319297.093, 103
Trd, 4319297.543, 80
Trd, 4319298.943, 139
Trd, 4319299.343, 140
Trd, 4319301.193, 140
Trd, 4319301.593, 140
Trd, 4319301.943, 140
Trd, 4319302.093, 125
Trd, 4319304.143, 139
Trd, 4319305.043, 140
Trd, 4319305.193, 140
Trd, 4319305.293, 131
Trd, 4319305.343, 113
Trd, 4319306.943, 135
Trd, 4319307.443, 134
Trd, 4319307.493, 94
Trd, 4319309.043, 126
Trd, 4319309.493, 84
Trd, 4319310.193, 67
Trd, 4319311.743, 139
Trd, 4319312.293, 140
Trd, 4319312.793, 139
Trd, 4319314.993, 125
Trd, 4319315.043, 124
Trd, 4319315.293, 120
Trd, 4319315.643, 119
Trd, 4319315.793, 63
Trd, 4319316.443, 123
Trd, 4319316.693, 139
Trd, 4319318.093, 111
Trd, 4319318.243, 107
Trd, 4319318.693, 107
Trd, 4319319.393, 101
Trd, 4319320.193, 139
Trd, 4319321.193, 139
Trd, 4319323.543, 112
Trd, 4319323.993, 73
Trd, 4319324.343, 120
Trd, 4319325.043, 139
Trd, 4319326.093, 77
Trd, 4319326.593, 112
Trd, 4319327.243, 109
Trd, 4319327.493, 88
Trd, 4319327.543, 78
Trd, 4319328.393, 106
Trd, 4319328.993, 93
Trd, 4319329.793, 71
Trd, 4319330.493, 106
Trd, 4319331.093, 119
Trd, 4319332.543, 119
Trd, 4319332.643, 110
Trd, 4319333.343, 129
Trd, 4319333.743, 122
Trd, 4319334.843, 122
Trd, 4319335.943, 139
Trd, 4319336.793, 119
Trd, 4319338.743, 118
Trd, 4319340.693, 139
Trd, 4319340.893, 140
Trd, 4319342.143, 140
Trd, 4319343.443, 140
Trd, 4319343.993, 140
Trd, 4319344.043, 140
Trd, 4319344.343, 129
Trd, 4319345.993, 138
Trd, 4319346.493, 123
Trd, 4319348.193, 130
Trd, 4319348.693, 140
Trd, 4319349.343, 120
Trd, 4319349.893, 113
Trd, 4319350.243, 112
Trd, 4319352.343, 137
Trd, 4319352.393, 104
Trd, 4319353.193, 111
Trd, 4319353.593, 101
Trd, 4319353.643, 92
Trd, 4319354.543, 64
Trd, 4319356.343, 92
Trd, 4319357.393, 81
Trd, 4319357.593, 80
Trd, 4319358.293, 86
Trd, 4319359.593, 78
Trd, 4319359.643, 101
Trd, 4319359.743, 106
Trd, 4319363.193, 140
Trd, 4319363.643, 140
Trd, 4319364.793, 140
Trd, 4319366.193, 106
Trd, 4319366.943, 95
Trd, 4319367.293, 115
Trd, 4319367.543, 93
Trd, 4319367.793, 131
Trd, 4319369.593, 137
Trd, 4319369.693, 117
Trd, 4319370.293, 116
Trd, 4319371.293, 128
Trd, 4319371.693, 88
Trd, 4319372.993, 126
Trd, 4319373.593, 140
Trd, 4319375.843, 140
Trd, 4319375.893, 140
Trd, 4319378.393, 108
Trd, 4319379.093, 135
Trd, 4319379.193, 134
Trd, 4319379.293, 116
Trd, 4319382.143, 140
Trd, 4319382.293, 140
Trd, 4319383.093, 140
Trd, 4319383.743, 138
Trd, 4319383.843, 113
Trd, 4319384.193, 97
Trd, 4319385.093, 112
Trd, 4319385.243, 90
Trd, 4319387.043, 140
Trd, 4319387.293, 121
Trd, 4319388.293, 120
Trd, 4319390.293, 138
Trd, 4319391.143, 135
Trd, 4319391.493, 133
Trd, 4319391.643, 133
Trd, 4319391.793, 117
Trd, 4319392.543, 78
Trd, 4319394.793, 140
Trd, 4319395.193, 140
Trd, 4319395.243, 137
Trd, 4319395.343, 121
Trd, 4319396.493, 130
Trd, 4319397.043, 80
Trd, 4319398.293, 140
Trd, 4319398.443, 137
Trd, 4319398.943, 96
Trd, 4319400.043, 140
Trd, 4319400.843, 108
Trd, 4319402.143, 104
Trd, 4319403.093, 105
Trd, 4319404.193, 99
Trd, 4319404.443, 139
Trd, 4319406.143, 120
Trd, 4319406.343, 103
Trd, 4319407.443, 102
Trd, 4319407.843, 139
Trd, 4319408.743, 94
Trd, 4319409.443, 99
Trd, 4319409.893, 84
Trd, 4319411.693, 138
Trd, 4319411.993, 124
Trd, 4319412.593, 137
Trd, 4319413.593, 119
Trd, 4319414.243, 114
Trd, 4319416.493, 110
Trd, 4319416.843, 121
Trd, 4319417.743, 115
Trd, 4319417.893, 105
Trd, 4319418.593, 121
Trd, 4319419.793, 94
Trd, 4319420.593, 84
Trd, 4319421.693, 85
Trd, 4319421.743, 85
Trd, 4319422.293, 65
Trd, 4319423.593, 136
Trd, 4319423.943, 100
Trd, 4319424.743, 111
Trd, 4319425.443, 130
Trd, 4319425.843, 130
Trd, 4319425.943, 129
Trd, 4319426.593, 135
Trd, 4319428.943, 140
Trd, 4319429.193, 139
Trd, 4319429.793, 138
Trd, 4319430.393, 116
Trd, 4319430.893, 115
Trd, 4319432.643, 140
Trd, 4319432.743, 139
Trd, 4319433.693, 140
Trd, 4319434.343, 139
Trd, 4319435.693, 139
Trd, 4319438.243, 112
Trd, 4319438.343, 111
Trd, 4319438.493, 116
Trd, 4319440.093, 107
Trd, 4319441.143, 101
Trd, 4319441.243, 102
Trd, 4319442.293, 140
Trd, 4319442.693, 138
Trd, 4319443.143, 128
Trd, 4319443.593, 113
Trd, 4319444.143, 113
Trd, 4319444.443, 92
Trd, 4319444.543, 82
Trd, 4319445.593, 78
Trd, 4319446.793, 112
Trd, 4319448.443, 102
Trd, 4319448.493, 101
Trd, 4319448.593, 97
Trd, 4319449.243, 82
Trd, 4319449.743, 130
Trd, 4319450.793, 98
Trd, 4319451.743, 95
Trd, 4319451.993, 88
Trd, 4319453.893, 63
Trd, 4319454.193, 87
Trd, 4319454.793, 88
Trd, 4319455.693, 77
Trd, 4319456.293, 137
Trd, 4319456.893, 77
Trd, 4319457.293, 76
Trd, 4319459.093, 140
Trd, 4319459.343, 122
Trd, 4319460.943, 140
Trd, 4319462.193, 140
Trd, 4319462.693, 140
Trd, 4319463.993, 140
Trd, 4319464.193, 140
Trd, 4319464.643, 138
Trd, 4319464.943, 100
Trd, 4319465.393, 63
Trd, 4319467.493, 63
Trd, 4319468.443, 64
Trd, 4319469.043, 64
Trd, 4319469.993, 63
Trd, 4319470.043, 64
Trd, 4319471.393, 119
Trd, 4319472.443, 106
Trd, 4319472.893, 103
Trd, 4319473.093, 124
Trd, 4319473.643, 105
Trd, 4319474.243, 89
Trd, 4319477.843, 138
Trd, 4319478.843, 140
Trd, 4319479.093, 139
Trd, 4319479.193, 137
Trd, 4319479.893, 115
Trd, 4319479.943, 118
Trd, 4319480.543, 138
Trd, 4319481.393, 101
Trd, 4319481.493, 91
Trd, 4319482.793, 139
Trd, 4319483.743, 140
Trd, 4319485.243, 140
Trd, 4319485.693, 140
Trd, 4319487.143, 94
Trd, 4319487.693, 77
Trd, 4319488.543, 140
Trd, 4319488.893, 130
Trd, 4319488.943, 108
Trd, 4319490.743, 140
Trd, 4319491.443, 140
Trd, 4319492.093, 140
Trd, 4319492.393, 94
Trd, 4319494.143, 137
Trd, 4319494.243, 121
Trd, 4319495.193, 140
Trd, 4319495.243, 140
Trd, 4319496.893, 121
Trd, 4319497.043, 121
Trd, 4319497.143, 113
Trd, 4319497.543, 106
Trd, 4319498.593, 134
Trd, 4319499.143, 110
Trd, 4319499.493, 108
Trd, 4319499.693, 99
Trd, 4319501.343, 140
Trd, 4319501.843, 140
Trd, 4319502.743, 104
Trd, 4319503.743, 105
Trd, 4319504.493, 114
Trd, 4319507.043, 139
Trd, 4319507.143, 138
Trd, 4319509.243, 117
Trd, 4319510.243, 140
Trd, 4319510.343, 140
Trd, 4319511.643, 119
Trd, 4319511.893, 113
Trd, 4319512.343, 136
Trd, 4319512.393, 136
Trd, 4319515.293, 140
Trd, 4319516.293, 139
Trd, 4319517.043, 120
Trd, 4319517.543, 119
Trd, 4319517.693, 118
Trd, 4319517.993, 104
Trd, 4319518.493, 100
Trd, 4319518.643, 131
Trd, 4319519.293, 123
Trd, 4319521.993, 85
Trd, 4319524.493, 130
Trd, 4319525.043, 140
Trd, 4319526.143, 108
Trd, 4319526.293, 107
Trd, 4319526.493, 106
Trd, 4319526.593, 116
Trd, 4319526.893, 84
Trd, 4319527.643, 103
Trd, 4319528.693, 140
Trd, 4319529.543, 140
Trd, 4319530.443, 140
Trd, 4319530.793, 140
Trd, 4319531.393, 111
Trd, 4319532.193, 90
Trd, 4319532.893, 140
Trd, 4319533.343, 67
Trd, 4319535.243, 107
Trd, 4319538.943, 140
Trd, 4319541.343, 140
Trd, 4319542.543, 140
Trd, 4319543.193, 140
Trd, 4319543.543, 140
Trd, 4319543.943, 140
Trd, 4319544.043, 140
Trd, 4319545.443, 65
Trd, 4319545.743, 60
Trd, 4319547.743, 126
Trd, 4319548.193, 99
Trd, 4319548.443, 98
Trd, 4319548.843, 131
Trd, 4319549.343, 140
Trd, 4319550.893, 105
Trd, 4319551.093, 118
Trd, 4319551.293, 79
Trd, 4319553.193, 140
Trd, 4319553.443, 140
Trd, 4319554.793, 140
Trd, 4319556.893, 140
Trd, 4319558.293, 140
Trd, 4319558.993, 120
Trd, 4319559.593, 140
Trd, 4319559.743, 140
Trd, 4319560.143, 123
Trd, 4319560.243, 83
Trd, 4319561.993, 60
Trd, 4319562.293, 60
Trd, 4319563.743, 140
Trd, 4319565.043, 140
Trd, 4319565.393, 140
Trd, 4319565.943, 140
Trd, 4319566.543, 140
Trd, 4319567.193, 128
Trd, 4319567.493, 119
Trd, 4319568.493, 140
Trd, 4319568.843, 140
Trd, 4319569.743, 140
Trd, 4319570.593, 119
Trd, 4319571.143, 140
Trd, 4319572.593, 125
Trd, 4319573.193, 139
Trd, 4319574.143, 125
Trd, 4319574.843, 125
Trd, 4319575.643, 116
Trd, 4319575.843, 115
Trd, 4319576.543, 129
Trd, 4319577.093, 108
Trd, 4319577.443, 79
Trd, 4319578.193, 140
Trd, 4319580.093, 140
Trd, 4319580.743, 140
Trd, 4319580.893, 140
Trd, 4319581.043, 125
Trd, 4319582.493, 136
Trd, 4319583.043, 94
Trd, 4319584.193, 102
Trd, 4319584.493, 89
Trd, 4319584.793, 88
Trd, 4319585.243, 117
Trd, 4319585.643, 87
Trd, 4319586.543, 101
Trd, 4319587.493, 97
Trd, 4319590.193, 90
Trd, 4319590.543, 83
Trd, 4319590.893, 83
Trd, 4319592.093, 139
Trd, 4319592.643, 137
Trd, 4319593.093, 119
Trd, 4319593.143, 115
Trd, 4319593.543, 112
Trd, 4319594.293, 104
Trd, 4319594.943, 105
Trd, 4319595.543, 140
Trd, 4319597.293, 118
Trd, 4319598.743, 140
Trd, 4319599.243, 140
Trd, 4319599.543, 140
Trd, 4319601.693, 136
Trd, 4319601.893, 123
Trd, 4319603.593, 125
Trd, 4319604.043, 125
Trd, 4319604.593, 124
Trd, 4319604.843, 127
Trd, 4319604.943, 98
Trd, 4319605.693, 87
Trd, 4319607.393, 140
Trd, 4319608.193, 139
Trd, 4319608.493, 137
Trd, 4319609.993, 140
Trd, 4319610.043, 116
Trd, 4319610.343, 140
Trd, 4319610.593, 114
Trd, 4319612.593, 100
Trd, 4319613.443, 100
Trd, 4319614.093, 100
Trd, 4319615.893, 138
Trd, 4319618.493, 140
Trd, 4319618.993, 128
Trd, 4319619.093, 108
Trd, 4319619.793, 77
Trd, 4319620.393, 83
Trd, 4319620.443, 94
Trd, 4319620.843, 67
Trd, 4319623.793, 140
Trd, 4319624.243, 140
Trd, 4319624.793, 121
Trd, 4319625.843, 138
Trd, 4319627.243, 97
Trd, 4319627.393, 98
Trd, 4319627.493, 99
Trd, 4319627.643, 96
Trd, 4319627.893, 95
Trd, 4319628.243, 122
Trd, 4319628.993, 103
Trd, 4319629.893, 140
Trd, 4319629.993, 122
Trd, 4319630.793, 77
Trd, 4319630.993, 71
Trd, 4319632.193, 109
Trd, 4319633.243, 140
Trd, 4319634.493, 140
Trd, 4319635.093, 140
Trd, 4319636.443, 139
Trd, 4319637.443, 140
Trd, 4319638.243, 136
Trd, 4319638.693, 140
Trd, 4319638.993, 137
Trd, 4319639.493, 130
Trd, 4319639.543, 128
Trd, 4319639.793, 120
Trd, 4319644.043, 140
Trd, 4319644.243, 128
Trd, 4319645.343, 102
Trd, 4319645.443, 107
Trd, 4319646.143, 129
Trd, 4319646.443, 104
Trd, 4319647.393, 110
Trd, 4319647.843, 121
Trd, 4319648.243, 138
Trd, 4319649.493, 111
Trd, 4319649.993, 140
Trd, 4319652.643, 131
Trd, 4319653.093, 130
Trd, 4319653.193, 79
Trd, 4319653.693, 119
Trd, 4319654.543, 138
Trd, 4319655.293, 140
Trd, 4319655.343, 140
Trd, 4319655.443, 138
Trd, 4319656.743, 111
Trd, 4319659.243, 103
Trd, 4319659.593, 106
Trd, 4319659.943, 101
Trd, 4319660.143, 79
Trd, 4319661.143, 104
Trd, 4319662.243, 108
Trd, 4319663.343, 96
Trd, 4319663.993, 92
Trd, 4319664.293, 98
Trd, 4319664.743, 140
Trd, 4319664.993, 101
Trd, 4319665.293, 92
Trd, 4319665.443, 91
Trd, 4319666.693, 131
Trd, 4319666.743, 130
Trd, 4319668.293, 89
Trd, 4319669.093, 126
Trd, 4319669.993, 139
Trd, 4319670.343, 129
Trd, 4319671.543, 125
Trd, 4319672.743, 140
Trd, 4319673.843, 140
Trd, 4319674.243, 140
Trd, 4319674.543, 140
Trd, 4319675.993, 139
Trd, 4319677.293, 122
Trd, 4319677.793, 99
Trd, 4319678.043, 98
Trd, 4319678.393, 115
Trd, 4319678.493, 114
Trd, 4319679.193, 83
Trd, 4319680.293, 122
Trd, 4319681.543, 140
Trd, 4319682.143, 136
Trd, 4319682.543, 128
Trd, 4319684.543, 136
Trd, 4319686.743, 116
Trd, 4319686.843, 115
Trd, 4319687.043, 98
Trd, 4319688.193, 140
Trd, 4319688.593, 140
Trd, 4319690.593, 140
Trd, 4319690.993, 140
Trd, 4319691.843, 116
Trd, 4319692.193, 116
Trd, 4319692.443, 119
Trd, 4319692.943, 108
Trd, 4319694.943, 83
Trd, 4319695.643, 107
Trd, 4319696.093, 131
Trd, 4319696.643, 140
Trd, 4319697.643, 131
Trd, 4319699.443, 140
Trd, 4319701.943, 140
Trd, 4319702.193, 140
Trd, 4319702.743, 140
Trd, 4319703.193, 140
Trd, 4319703.243, 139
Trd, 4319703.993, 121
Trd, 4319706.293, 140
Trd, 4319706.893, 140
Trd, 4319707.993, 140
Trd, 4319709.493, 139
Trd, 4319710.393, 110
Trd, 4319710.893, 104
Trd, 4319711.043, 95
Trd, 4319711.543, 60
Trd, 4319713.193, 63
Trd, 4319713.693, 73
Trd, 4319714.193, 77
Trd, 4319714.493, 60
Trd, 4319714.793, 69
Trd, 4319714.993, 84
Trd, 4319717.243, 110
Trd, 4319718.593, 81
Trd, 4319720.293, 116
Trd, 4319720.393, 125
Trd, 4319721.293, 87
Trd, 4319721.593, 133
Trd, 4319723.443, 120
Trd, 4319724.943, 140
Trd, 4319725.293, 140
Trd, 4319726.243, 140
Trd, 4319726.843, 140
Trd, 4319727.743, 138
Trd, 4319728.743, 112
Trd, 4319729.093, 130
Trd, 4319730.393, 140
Trd, 4319730.543, 129
Trd, 4319730.943, 125
Trd, 4319730.993, 124
Trd, 4319731.143, 81
Trd, 4319733.093, 140
Trd, 4319733.943, 140
Trd, 4319735.693, 140
Trd, 4319736.443, 140
Trd, 4319736.593, 137
Trd, 4319738.143, 140
Trd, 4319738.543, 139
Trd, 4319738.643, 138
Trd, 4319739.343, 90
Trd, 4319740.093, 90
Trd, 4319741.743, 106
Trd, 4319742.143, 91
Trd, 4319742.393, 73
Trd, 4319742.893, 69
Trd, 4319744.693, 140
Trd, 4319745.943, 121
Trd, 4319746.693, 121
Trd, 4319747.293, 134
Trd, 4319747.543, 139
Trd, 4319748.543, 139
Trd, 4319749.943, 139
Trd, 4319750.943, 140
Trd, 4319751.643, 140
Trd, 4319752.193, 106
Trd, 4319752.393, 94
Trd, 4319752.893, 66
Trd, 4319753.493, 73
Trd, 4319754.093, 91
Trd, 4319757.393, 138
Trd, 4319758.043, 117
Trd, 4319758.443, 140
Trd, 4319759.593, 140
Trd, 4319760.143, 135
Trd, 4319760.543, 113
Trd, 4319761.943, 129
Trd, 4319763.443, 121
Trd, 4319764.043, 139
Trd, 4319765.143, 140
Trd, 4319765.893, 140
Trd, 4319766.393, 136
Trd, 4319768.443, 136
Trd, 4319769.393, 137
Trd, 4319769.793, 139
Trd, 4319771.493, 140
Trd, 4319773.093, 131
Trd, 4319773.293, 138
Trd, 4319773.343, 116
Trd, 4319774.043, 114
Trd, 4319774.443, 108
Trd, 4319774.493, 125
Trd, 4319775.393, 60
Trd, 4319776.243, 65
Trd, 4319777.693, 67
Trd, 4319777.793, 75
Trd, 4319780.793, 91
Trd, 4319781.393, 96
Trd, 4319781.643, 78
Trd, 4319782.593, 86
Trd, 4319782.843, 140
Trd, 4319783.493, 110
Trd, 4319783.743, 87
Trd, 4319784.193, 78
Trd, 4319786.943, 140
Trd, 4319787.743, 139
Trd, 4319788.493, 82
Trd, 4319788.893, 90
Trd, 4319790.593, 100
Trd, 4319790.643, 118
Trd, 4319792.243, 115
Trd, 4319793.493, 101
Trd, 4319793.743, 82
Trd, 4319795.593, 89
Trd, 4319796.193, 92
Trd, 4319797.243, 140
Trd, 4319797.443, 140
Trd, 4319798.743, 90
Trd, 4319800.193, 81
Trd, 4319800.393, 89
Trd, 4319800.693, 81
Trd, 4319800.943, 91
Trd, 4319801.393, 61
Trd, 4319802.293, 62
Trd, 4319803.043, 92
Trd, 4319803.593, 137
Trd, 4319804.343, 113
Trd, 4319805.043, 92
Trd, 4319805.443, 76
Trd, 4319806.643, 140
Trd, 4319806.693, 140
Trd, 4319807.793, 136
Trd, 4319807.993, 135
Trd, 4319809.293, 111
Trd, 4319809.743, 94
Trd, 4319810.243, 77
Trd, 4319813.043, 140
Trd, 4319813.443, 140
Trd, 4319813.643, 139
Trd, 4319813.943, 139
Trd, 4319815.593, 140
Trd, 4319815.793, 140
Trd, 4319818.243, 140
Trd, 4319818.443, 113
Trd, 4319819.543, 140
Trd, 4319819.993, 112
Trd, 4319821.293, 140
Trd, 4319822.293, 139
Trd, 4319822.343, 138
Trd, 4319823.893, 109
Trd, 4319824.293, 108
Trd, 4319824.593, 106
Trd, 4319824.743, 97
Trd, 4319825.493, 112
Trd, 4319826.243, 109
Trd, 4319826.293, 121
Trd, 4319827.043, 100
Trd, 4319827.743, 63
Trd, 4319829.393, 140
Trd, 4319829.793, 140
Trd, 4319829.993, 140
Trd, 4319832.843, 140
Trd, 4319833.043, 140
Trd, 4319833.893, 140
Trd, 4319835.093, 118
Trd, 4319835.943, 110
Trd, 4319837.743, 109
Trd, 4319837.843, 108
Trd, 4319838.793, 88
Trd, 4319839.443, 81
Trd, 4319840.393, 70
Trd, 4319840.593, 80
Trd, 4319841.593, 137
Trd, 4319843.393, 140
Trd, 4319843.493, 140
Trd, 4319843.543, 126
Trd, 4319843.843, 119
Trd, 4319845.243, 130
Trd, 4319845.843, 91
Trd, 4319846.243, 126
Trd, 4319846.843, 85
Trd, 4319846.893, 82
Trd, 4319849.143, 140
Trd, 4319849.543, 138
Trd, 4319849.643, 112
Trd, 4319850.243, 109
Trd, 4319851.593, 123
Trd, 4319851.843, 118
Trd, 4319853.243, 139
Trd, 4319853.293, 126
Trd, 4319854.093, 96
Trd, 4319854.443, 107
Trd, 4319855.143, 63
Trd, 4319856.093, 66
Trd, 4319856.893, 64
Trd, 4319858.193, 138
Trd, 4319858.343, 138
Trd, 4319860.493, 140
Trd, 4319860.793, 140
Trd, 4319861.393, 139
Trd, 4319862.093, 118
Trd, 4319863.043, 139
Trd, 4319863.593, 136
Trd, 4319864.293, 139
Trd, 4319865.093, 112
Trd, 4319867.143, 140
Trd, 4319867.443, 140
Trd, 4319867.993, 140
Trd, 4319868.693, 113
Trd, 4319869.093, 107
Trd, 4319870.593, 115
Trd, 4319871.443, 97
Trd, 4319871.693, 96
Trd, 4319872.093, 77
Trd, 4319874.643, 137
Trd, 4319874.893, 123
Trd, 4319875.793, 134
Trd, 4319876.343, 130
Trd, 4319876.843, 122
Trd, 4319876.993, 87
Trd, 4319878.743, 95
Trd, 4319878.843, 103
Trd, 4319879.143, 109
Trd, 4319879.693, 127
Trd, 4319879.993, 100
Trd, 4319882.793, 140
Trd, 4319883.443, 140
Trd, 4319883.943, 140
Trd, 4319885.543, 140
Trd, 4319886.193, 140
Trd, 4319886.493, 140
Trd, 4319887.043, 98
Trd, 4319887.293, 139
Trd, 4319888.143, 109
Trd, 4319888.993, 129
Trd, 4319889.193, 88
Trd, 4319889.443, 140
Trd, 4319892.243, 139
Trd, 4319892.743, 138
Trd, 4319893.043, 139
Trd, 4319893.393, 137
Trd, 4319893.743, 105
Trd, 4319895.093, 140
Trd, 4319895.693, 140
Trd, 4319896.093, 140
Trd, 4319896.693, 124
Trd, 4319897.243, 123
Trd, 4319897.343, 113
Trd, 4319898.793, 138
Trd, 4319899.893, 124
Trd, 4319900.143, 95
Trd, 4319901.093, 124
Trd, 4319901.193, 123
Trd, 4319903.393, 137
Trd, 4319903.993, 136
Trd, 4319904.243, 92
Trd, 4319904.343, 92
Trd, 4319904.693, 68
Trd, 4319905.543, 106
Trd, 4319906.443, 112
Trd, 4319907.993, 123
Trd, 4319908.293, 95
Trd, 4319909.243, 140
Trd, 4319911.343, 140
Trd, 4319911.393, 140
Trd, 4319911.543, 71
Trd, 4319912.543, 140
Trd, 4319913.443, 137
Trd, 4319913.893, 140
Trd, 4319914.893, 132
Trd, 4319915.093, 117
Trd, 4319916.143, 111
Trd, 4319916.293, 98
Trd, 4319917.093, 60
Trd, 4319918.393, 104
Trd, 4319919.693, 100
Trd, 4319920.643, 131
Trd, 4319921.043, 104
Trd, 4319921.143, 103
Trd, 4319921.493, 92
Trd, 4319922.093, 122
Trd, 4319924.743, 77
Trd, 4319925.443, 100
Trd, 4319926.293, 92
Trd, 4319926.593, 90
Trd, 4319927.143, 80
Trd, 4319927.343, 78
Trd, 4319928.493, 95
Trd, 4319928.993, 96
Trd, 4319929.193, 67
Trd, 4319930.743, 118
Trd, 4319930.893, 105
Trd, 4319932.043, 84
Trd, 4319933.393, 140
Trd, 4319933.543, 140
Trd, 4319936.743, 139
Trd, 4319937.243, 138
Trd, 4319937.393, 137
Trd, 4319937.893, 78
Trd, 4319939.293, 122
Trd, 4319939.393, 121
Trd, 4319939.493, 120
Trd, 4319939.843, 93
Trd, 4319940.243, 112
Trd, 4319940.893, 109
Trd, 4319940.943, 118
Trd, 4319942.543, 90
Trd, 4319943.043, 107
Trd, 4319945.043, 76
Trd, 4319945.843, 70
Trd, 4319946.193, 77
Trd, 4319946.443, 64
Trd, 4319947.643, 67
Trd, 4319948.193, 66
Trd, 4319948.593, 68
Trd, 4319949.093, 118
Trd, 4319949.543, 126
Trd, 4319949.743, 118
Trd, 4319949.893, 106
Trd, 4319950.043, 105
Trd, 4319951.193, 110
Trd, 4319951.993, 60
Trd, 4319952.343, 108
Trd, 4319954.693, 140
Trd, 4319954.993, 123
Trd, 4319957.143, 135
Trd, 4319957.743, 140
Trd, 4319959.193, 140
Trd, 4319959.443, 140
Trd, 4319960.143, 140
Trd, 4319960.893, 138
Trd, 4319961.893, 113
Trd, 4319961.993, 112
Trd, 4319963.543, 139
Trd, 4319967.143, 140
Trd, 4319967.693, 139
Trd, 4319968.343, 131
Trd, 4319969.143, 131
Trd, 4319969.193, 130
Trd, 4319969.643, 137
Trd, 4319970.393, 140
Trd, 4319970.693, 129
Trd, 4319971.493, 137
Trd, 4319972.393, 135
Trd, 4319972.643, 135
Trd, 4319972.943, 134
Trd, 4319975.093, 140
Trd, 4319975.193, 97
Trd, 4319975.493, 92
Trd, 4319976.793, 94
Trd, 4319977.243, 117
Trd, 4319977.543, 109
Trd, 4319977.643, 140
Trd, 4319977.993, 73
Trd, 4319979.643, 116
Trd, 4319980.043, 134
Trd, 4319981.743, 128
Trd, 4319981.993, 127
Trd, 4319982.943, 109
Trd, 4319983.143, 90
Trd, 4319983.593, 98
Trd, 4319983.843, 79
Trd, 4319985.543, 140
Trd, 4319987.443, 139
Trd, 4319987.943, 139
Trd, 4319988.293, 135
Trd, 4319988.343, 134
Trd, 4319988.893, 109
Trd, 4319990.193, 89
Trd, 4319991.493, 86
Trd, 4319991.593, 89
Trd, 4319992.293, 115
Trd, 4319993.543, 110
Trd, 4319993.843, 105
Trd, 4319994.043, 82
Trd, 4319994.243, 64
Trd, 4319996.443, 140
Trd, 4319996.593, 140
Trd, 4319996.843, 139
Trd, 4319997.093, 98
Trd, 4319997.343, 140
Trd, 4319998.693, 137
Trd, 4319999.093, 136
