Trd, 4318067.243, 90
Trd, 4318067.343, 91
Trd, 4318067.643, 89
Trd, 4318067.993, 66
Trd, 4318068.993, 92
Trd, 4318069.393, 83
Trd, 4318070.293, 140
Trd, 4318071.593, 140
Trd, 4318072.243, 140
Trd, 4318073.993, 80
Trd, 4318074.543, 81
Trd, 4318074.993, 74
Trd, 4318076.143, 140
Trd, 4318077.093, 140
Trd, 4318077.393, 140
Trd, 4318077.593, 89
Trd, 4318078.093, 66
Trd, 4318078.993, 138
Trd, 4318079.843, 140
Trd, 4318081.593, 91
Trd, 4318082.843, 65
Trd, 4318085.443, 60
Trd, 4318085.693, 60
Trd, 4318085.793, 64
Trd, 4318087.043, 62
Trd, 4318088.143, 60
Trd, 4318088.343, 64
Trd, 4318089.043, 66
Trd, 4318090.043, 71
Trd, 4318090.393, 114
Trd, 4318090.543, 74
Trd, 4318092.143, 140
Trd, 4318093.343, 140
Trd, 4318094.093, 140
Trd, 4318094.593, 140
Trd, 4318096.043, 140
Trd, 4318096.843, 140
Trd, 4318097.043, 140
Trd, 4318098.193, 140
Trd, 4318098.343, 140
Trd, 4318100.243, 140
Trd, 4318100.793, 140
Trd, 4318100.843, 140
Trd, 4318101.293, 140
Trd, 4318101.693, 129
Trd, 4318102.543, 140
Trd, 4318102.843, 140
Trd, 4318104.143, 140
Trd, 4318105.193, 140
Trd, 4318106.743, 140
Trd, 4318106.993, 140
Trd, 4318107.043, 140
Trd, 4318108.393, 71
Trd, 4318108.643, 114
Trd, 4318109.893, 140
Trd, 4318109.943, 140
Trd, 4318110.493, 88
Trd, 4318110.843, 82
Trd, 4318111.843, 97
Trd, 4318113.993, 81
Trd, 4318114.143, 96
Trd, 4318114.493, 68
Trd, 4318115.393, 140
Trd, 4318115.593, 75
Trd, 4318117.693, 140
Trd, 4318119.093, 140
Trd, 4318121.643, 140
Trd, 4318121.993, 140
Trd, 4318122.543, 140
Trd, 4318122.643, 140
Trd, 4318123.093, 140
Trd, 4318123.143, 134
Trd, 4318123.343, 137
Trd, 4318126.393, 136
Trd, 4318126.893, 102
Trd, 4318127.593, 132
Trd, 4318128.493, 132
Trd, 4318128.793, 131
Trd, 4318129.843, 140
Trd, 4318129.943, 140
Trd, 4318130.093, 140
Trd, 4318130.393, 106
Trd, 4318132.043, 132
Trd, 4318132.443, 60
Trd, 4318133.093, 60
Trd, 4318134.743, 60
Trd, 4318135.543, 140
Trd, 4318136.243, 140
Trd, 4318136.293, 140
Trd, 4318137.143, 140
Trd, 4318137.843, 140
Trd, 4318138.043, 140
Trd, 4318138.343, 139
Trd, 4318139.193, 137
Trd, 4318139.993, 136
Trd, 4318140.093, 135
Trd, 4318141.943, 140
Trd, 4318142.193, 140
Trd, 4318142.343, 140
Trd, 4318143.293, 68
Trd, 4318143.693, 80
Trd, 4318144.143, 69
Trd, 4318145.193, 70
Trd, 4318145.743, 68
Trd, 4318147.493, 138
Trd, 4318147.643, 134
Trd, 4318149.243, 140
Trd, 4318150.643, 139
Trd, 4318151.643, 134
Trd, 4318151.843, 134
Trd, 4318153.543, 128
Trd, 4318153.693, 129
Trd, 4318154.493, 126
Trd, 4318154.793, 76
Trd, 4318154.843, 74
Trd, 4318155.993, 88
Trd, 4318156.543, 140
Trd, 4318156.893, 140
Trd, 4318157.343, 90
Trd, 4318158.693, 109
Trd, 4318159.443, 140
Trd, 4318159.693, 110
Trd, 4318160.293, 109
Trd, 4318161.843, 111
Trd, 4318162.393, 139
Trd, 4318162.443, 109
Trd, 4318162.693, 108
Trd, 4318163.693, 68
Trd, 4318164.493, 68
Trd, 4318165.743, 140
Trd, 4318166.243, 140
Trd, 4318167.143, 140
Trd, 4318168.143, 140
Trd, 4318168.543, 140
Trd, 4318168.843, 132
Trd, 4318169.243, 130
Trd, 4318171.593, 140
Trd, 4318172.443, 140
Trd, 4318173.893, 140
Trd, 4318174.343, 140
Trd, 4318175.393, 138
Trd, 4318175.493, 140
Trd, 4318177.193, 89
Trd, 4318178.443, 94
Trd, 4318178.793, 93
Trd, 4318179.093, 128
Trd, 4318180.043, 140
Trd, 4318180.893, 140
Trd, 4318181.793, 140
Trd, 4318181.843, 140
Trd, 4318182.293, 103
Trd, 4318182.493, 61
Trd, 4318183.043, 60
Trd, 4318183.293, 63
Trd, 4318185.443, 130
Trd, 4318186.843, 138
Trd, 4318188.543, 140
Trd, 4318189.343, 140
Trd, 4318189.843, 140
Trd, 4318189.943, 140
Trd, 4318191.093, 140
Trd, 4318191.143, 138
Trd, 4318192.043, 140
Trd, 4318192.943, 138
Trd, 4318193.893, 67
Trd, 4318194.443, 60
Trd, 4318195.993, 60
Trd, 4318197.893, 60
Trd, 4318197.943, 61
Trd, 4318198.043, 66
Trd, 4318199.143, 60
Trd, 4318199.393, 61
Trd, 4318201.493, 119
Trd, 4318202.793, 138
Trd, 4318203.043, 119
Trd, 4318203.393, 88
Trd, 4318204.043, 136
Trd, 4318205.293, 125
Trd, 4318205.343, 72
Trd, 4318205.443, 133
Trd, 4318206.593, 135
Trd, 4318206.643, 66
Trd, 4318208.693, 64
Trd, 4318209.243, 66
Trd, 4318210.893, 71
Trd, 4318211.243, 75
Trd, 4318211.593, 139
Trd, 4318213.243, 140
Trd, 4318213.993, 140
Trd, 4318214.143, 140
Trd, 4318214.393, 140
Trd, 4318215.443, 140
Trd, 4318216.643, 140
Trd, 4318217.043, 140
Trd, 4318217.443, 115
Trd, 4318217.893, 108
Trd, 4318218.943, 140
Trd, 4318219.493, 92
Trd, 4318221.443, 140
Trd, 4318222.143, 140
Trd, 4318224.443, 140
Trd, 4318225.243, 140
Trd, 4318225.743, 140
Trd, 4318226.143, 140
Trd, 4318227.793, 140
Trd, 4318229.193, 140
Trd, 4318231.293, 140
Trd, 4318231.393, 140
Trd, 4318231.793, 140
Trd, 4318231.943, 140
Trd, 4318232.443, 140
Trd, 4318233.893, 140
Trd, 4318234.293, 140
Trd, 4318237.343, 140
Trd, 4318237.493, 140
Trd, 4318237.593, 140
Trd, 4318238.143, 140
Trd, 4318238.293, 108
Trd, 4318239.393, 91
Trd, 4318241.143, 140
Trd, 4318242.393, 140
Trd, 4318242.543, 140
Trd, 4318243.543, 140
Trd, 4318244.443, 140
Trd, 4318246.093, 140
Trd, 4318246.443, 140
Trd, 4318248.543, 140
Trd, 4318248.793, 140
Trd, 4318249.343, 140
Trd, 4318249.593, 140
Trd, 4318250.993, 140
Trd, 4318251.243, 140
Trd, 4318251.343, 140
Trd, 4318251.893, 139
Trd, 4318253.543, 140
Trd, 4318253.643, 139
Trd, 4318253.993, 97
Trd, 4318255.443, 60
Trd, 4318255.893, 60
Trd, 4318255.943, 64
Trd, 4318257.593, 127
Trd, 4318258.893, 140
Trd, 4318259.693, 140
Trd, 4318260.193, 140
Trd, 4318260.243, 140
Trd, 4318260.743, 140
Trd, 4318260.843, 140
Trd, 4318261.393, 140
Trd, 4318262.193, 140
Trd, 4318262.693, 140
Trd, 4318265.093, 140
Trd, 4318265.493, 140
Trd, 4318265.693, 138
Trd, 4318265.793, 125
Trd, 4318267.093, 138
Trd, 4318268.393, 77
Trd, 4318269.043, 66
Trd, 4318270.493, 63
Trd, 4318270.743, 65
Trd, 4318271.443, 61
Trd, 4318272.543, 60
Trd, 4318274.093, 64
Trd, 4318275.593, 140
Trd, 4318275.943, 140
Trd, 4318276.043, 138
Trd, 4318276.993, 138
Trd, 4318277.443, 137
Trd, 4318278.593, 127
Trd, 4318279.593, 140
Trd, 4318279.693, 140
Trd, 4318279.843, 140
Trd, 4318279.943, 127
Trd, 4318280.693, 140
Trd, 4318281.343, 114
Trd, 4318282.693, 140
Trd, 4318283.293, 97
Trd, 4318285.093, 140
Trd, 4318285.693, 140
Trd, 4318285.793, 140
Trd, 4318286.593, 140
Trd, 4318287.043, 140
Trd, 4318290.243, 140
Trd, 4318290.493, 140
Trd, 4318290.743, 140
Trd, 4318292.793, 140
Trd, 4318293.143, 140
Trd, 4318293.243, 140
Trd, 4318294.043, 138
Trd, 4318294.993, 140
Trd, 4318296.993, 140
Trd, 4318297.343, 140
Trd, 4318298.193, 140
Trd, 4318298.543, 140
Trd, 4318298.743, 140
Trd, 4318299.193, 140
Trd, 4318299.843, 140
Trd, 4318300.793, 140
Trd, 4318301.293, 140
Trd, 4318302.493, 140
Trd, 4318303.043, 140
Trd, 4318304.193, 140
Trd, 4318306.043, 134
Trd, 4318306.243, 110
Trd, 4318306.643, 94
Trd, 4318306.893, 94
Trd, 4318307.443, 75
Trd, 4318308.993, 140
Trd, 4318311.393, 140
Trd, 4318312.043, 140
Trd, 4318312.293, 140
Trd, 4318312.843, 140
Trd, 4318313.393, 140
Trd, 4318313.643, 140
Trd, 4318313.843, 74
Trd, 4318314.893, 88
Trd, 4318315.793, 121
Trd, 4318316.893, 136
Trd, 4318317.543, 140
Trd, 4318319.093, 140
Trd, 4318320.993, 140
Trd, 4318322.843, 140
Trd, 4318322.943, 140
Trd, 4318323.293, 140
Trd, 4318323.643, 140
Trd, 4318323.693, 140
Trd, 4318323.743, 138
Trd, 4318324.793, 137
Trd, 4318325.243, 140
Trd, 4318326.893, 140
Trd, 4318327.843, 140
Trd, 4318328.293, 140
Trd, 4318328.943, 140
Trd, 4318329.793, 140
Trd, 4318330.043, 140
Trd, 4318330.693, 140
Trd, 4318332.993, 140
Trd, 4318333.693, 140
Trd, 4318335.543, 140
Trd, 4318337.243, 140
Trd, 4318337.393, 140
Trd, 4318337.843, 140
Trd, 4318338.043, 139
Trd, 4318338.393, 140
Trd, 4318338.793, 139
Trd, 4318340.293, 140
Trd, 4318341.393, 140
Trd, 4318342.443, 140
Trd, 4318343.743, 140
Trd, 4318343.943, 138
Trd, 4318344.493, 140
Trd, 4318345.143, 139
Trd, 4318345.493, 139
Trd, 4318346.293, 125
Trd, 4318347.043, 114
Trd, 4318348.543, 140
Trd, 4318348.743, 139
Trd, 4318348.793, 131
Trd, 4318349.093, 140
Trd, 4318350.793, 138
Trd, 4318351.243, 140
Trd, 4318351.743, 140
Trd, 4318352.043, 140
Trd, 4318353.693, 139
Trd, 4318353.793, 125
Trd, 4318356.093, 140
Trd, 4318357.293, 129
Trd, 4318357.643, 124
Trd, 4318358.743, 134
Trd, 4318359.793, 140
Trd, 4318359.893, 140
Trd, 4318360.243, 140
Trd, 4318360.893, 140
Trd, 4318360.993, 140
Trd, 4318362.393, 140
Trd, 4318364.393, 140
Trd, 4318365.443, 140
Trd, 4318365.693, 140
Trd, 4318367.743, 140
Trd, 4318367.793, 103
Trd, 4318368.943, 136
Trd, 4318369.693, 140
Trd, 4318369.843, 140
Trd, 4318369.993, 140
Trd, 4318370.793, 116
Trd, 4318371.193, 106
Trd, 4318372.343, 113
Trd, 4318372.393, 120
Trd, 4318373.143, 118
Trd, 4318374.643, 81
Trd, 4318375.343, 116
Trd, 4318375.893, 84
Trd, 4318376.243, 77
Trd, 4318377.293, 140
Trd, 4318377.993, 140
Trd, 4318378.393, 140
Trd, 4318379.593, 124
Trd, 4318380.693, 87
Trd, 4318381.793, 116
Trd, 4318382.293, 125
Trd, 4318383.043, 92
Trd, 4318383.343, 91
Trd, 4318383.893, 140
Trd, 4318386.643, 140
Trd, 4318386.743, 140
Trd, 4318386.893, 139
Trd, 4318387.043, 140
Trd, 4318387.493, 136
Trd, 4318388.093, 61
Trd, 4318389.243, 60
Trd, 4318390.943, 63
Trd, 4318390.993, 62
Trd, 4318391.243, 70
Trd, 4318392.143, 122
Trd, 4318392.743, 105
Trd, 4318394.043, 140
Trd, 4318395.143, 140
Trd, 4318396.093, 117
Trd, 4318396.693, 139
Trd, 4318397.243, 63
Trd, 4318397.393, 72
Trd, 4318398.043, 61
Trd, 4318399.793, 74
Trd, 4318400.143, 77
Trd, 4318400.893, 139
Trd, 4318401.593, 81
Trd, 4318401.943, 81
Trd, 4318402.843, 107
Trd, 4318403.993, 117
Trd, 4318404.193, 119
Trd, 4318404.593, 117
Trd, 4318405.393, 119
Trd, 4318405.893, 117
Trd, 4318406.543, 117
Trd, 4318406.643, 119
Trd, 4318406.993, 114
Trd, 4318407.443, 120
Trd, 4318408.343, 103
Trd, 4318409.643, 113
Trd, 4318410.543, 67
Trd, 4318410.693, 66
Trd, 4318410.743, 65
Trd, 4318413.393, 60
Trd, 4318413.793, 60
Trd, 4318415.093, 60
Trd, 4318416.043, 63
Trd, 4318417.793, 60
Trd, 4318418.393, 60
Trd, 4318418.593, 60
Trd, 4318418.993, 61
Trd, 4318419.093, 63
Trd, 4318420.143, 64
Trd, 4318421.393, 75
Trd, 4318421.843, 66
Trd, 4318422.743, 68
Trd, 4318423.093, 73
Trd, 4318423.193, 74
Trd, 4318424.493, 140
Trd, 4318424.843, 140
Trd, 4318426.693, 140
Trd, 4318426.793, 140
Trd, 4318428.843, 140
Trd, 4318429.693, 140
Trd, 4318430.793, 140
Trd, 4318430.893, 140
Trd, 4318432.343, 140
Trd, 4318433.793, 140
Trd, 4318434.593, 140
Trd, 4318434.793, 140
Trd, 4318436.193, 140
Trd, 4318436.393, 140
Trd, 4318437.593, 140
Trd, 4318437.743, 140
Trd, 4318438.193, 140
Trd, 4318438.293, 136
Trd, 4318439.943, 140
Trd, 4318440.243, 140
Trd, 4318440.593, 140
Trd, 4318441.493, 113
Trd, 4318443.043, 140
Trd, 4318443.293, 139
Trd, 4318444.943, 106
Trd, 4318444.993, 105
Trd, 4318445.093, 105
Trd, 4318446.893, 136
Trd, 4318447.293, 88
Trd, 4318447.443, 137
Trd, 4318447.593, 138
Trd, 4318447.693, 82
Trd, 4318450.093, 128
Trd, 4318450.793, 137
Trd, 4318451.243, 127
Trd, 4318451.743, 98
Trd, 4318451.943, 97
Trd, 4318452.293, 61
Trd, 4318454.843, 62
Trd, 4318455.543, 73
Trd, 4318455.993, 62
Trd, 4318457.693, 61
Trd, 4318458.343, 60
Trd, 4318458.693, 60
Trd, 4318461.243, 60
Trd, 4318461.593, 60
Trd, 4318461.743, 61
Trd, 4318461.993, 61
Trd, 4318462.143, 62
Trd, 4318463.593, 60
Trd, 4318464.093, 61
Trd, 4318464.543, 61
Trd, 4318466.543, 60
Trd, 4318466.943, 61
Trd, 4318467.043, 67
Trd, 4318467.993, 76
Trd, 4318468.993, 64
Trd, 4318470.643, 86
Trd, 4318471.143, 85
Trd, 4318471.693, 84
Trd, 4318471.793, 97
Trd, 4318473.393, 88
Trd, 4318474.043, 107
Trd, 4318474.193, 75
Trd, 4318475.743, 65
Trd, 4318475.993, 72
Trd, 4318478.493, 72
Trd, 4318478.843, 139
Trd, 4318479.293, 60
Trd, 4318480.943, 60
Trd, 4318481.693, 61
Trd, 4318481.843, 64
Trd, 4318483.393, 80
Trd, 4318484.193, 82
Trd, 4318485.293, 140
Trd, 4318485.443, 115
Trd, 4318485.893, 140
Trd, 4318488.693, 140
Trd, 4318488.793, 140
Trd, 4318489.493, 140
Trd, 4318490.093, 140
Trd, 4318491.193, 140
Trd, 4318491.393, 140
Trd, 4318491.643, 140
Trd, 4318493.393, 140
Trd, 4318493.843, 140
Trd, 4318494.193, 140
Trd, 4318496.393, 140
Trd, 4318496.793, 140
Trd, 4318496.843, 140
Trd, 4318496.993, 140
Trd, 4318498.193, 117
Trd, 4318500.093, 135
Trd, 4318501.243, 136
Trd, 4318501.543, 134
Trd, 4318501.743, 133
Trd, 4318502.343, 140
Trd, 4318503.293, 140
Trd, 4318505.043, 140
Trd, 4318506.143, 140
Trd, 4318506.193, 140
Trd, 4318507.593, 140
Trd, 4318507.993, 140
Trd, 4318508.193, 140
Trd, 4318510.293, 140
Trd, 4318511.393, 140
Trd, 4318512.143, 140
Trd, 4318512.743, 140
Trd, 4318512.893, 140
Trd, 4318513.693, 139
Trd, 4318514.043, 139
Trd, 4318514.393, 105
Trd, 4318514.893, 140
Trd, 4318515.643, 139
Trd, 4318515.843, 97
Trd, 4318516.693, 99
Trd, 4318517.943, 121
Trd, 4318518.693, 86
Trd, 4318519.343, 93
Trd, 4318519.743, 93
Trd, 4318519.943, 73
Trd, 4318522.793, 140
Trd, 4318523.393, 140
Trd, 4318525.343, 140
Trd, 4318525.543, 140
Trd, 4318525.893, 140
Trd, 4318527.743, 140
Trd, 4318528.743, 140
Trd, 4318529.243, 140
Trd, 4318530.693, 140
Trd, 4318531.793, 140
Trd, 4318532.643, 140
Trd, 4318534.843, 140
Trd, 4318534.993, 140
Trd, 4318536.243, 140
Trd, 4318536.443, 140
Trd, 4318536.743, 140
Trd, 4318537.243, 115
Trd, 4318537.793, 140
Trd, 4318538.043, 138
Trd, 4318538.993, 129
Trd, 4318540.593, 139
Trd, 4318543.043, 140
Trd, 4318543.293, 140
Trd, 4318543.543, 140
Trd, 4318544.093, 140
Trd, 4318544.643, 140
Trd, 4318546.643, 140
Trd, 4318547.593, 140
Trd, 4318548.443, 140
Trd, 4318548.743, 140
Trd, 4318549.743, 140
Trd, 4318551.793, 140
Trd, 4318551.893, 140
Trd, 4318552.993, 140
Trd, 4318553.093, 140
Trd, 4318553.493, 140
Trd, 4318553.843, 140
Trd, 4318554.893, 140
Trd, 4318555.543, 133
Trd, 4318558.193, 140
Trd, 4318558.843, 140
Trd, 4318559.443, 140
Trd, 4318559.993, 140
Trd, 4318561.593, 140
Trd, 4318562.293, 140
Trd, 4318562.443, 139
Trd, 4318563.193, 140
Trd, 4318564.043, 85
Trd, 4318565.093, 128
Trd, 4318566.143, 110
Trd, 4318566.993, 108
Trd, 4318567.543, 107
Trd, 4318567.793, 76
Trd, 4318568.043, 104
Trd, 4318568.793, 83
Trd, 4318569.943, 61
Trd, 4318570.743, 60
Trd, 4318571.343, 61
Trd, 4318573.643, 60
Trd, 4318574.243, 64
Trd, 4318574.543, 80
Trd, 4318575.393, 65
Trd, 4318576.643, 132
Trd, 4318576.693, 131
Trd, 4318577.293, 131
Trd, 4318578.143, 132
Trd, 4318578.393, 86
Trd, 4318578.743, 86
Trd, 4318579.093, 134
Trd, 4318579.293, 105
Trd, 4318581.493, 140
Trd, 4318581.543, 140
Trd, 4318582.093, 140
Trd, 4318585.143, 140
Trd, 4318585.543, 140
Trd, 4318585.743, 140
Trd, 4318587.243, 140
Trd, 4318587.793, 140
Trd, 4318587.993, 140
Trd, 4318588.443, 139
Trd, 4318589.293, 140
Trd, 4318592.343, 140
Trd, 4318592.493, 140
Trd, 4318592.543, 140
Trd, 4318592.643, 140
Trd, 4318593.443, 140
Trd, 4318594.693, 140
Trd, 4318595.943, 136
Trd, 4318596.693, 128
Trd, 4318597.193, 140
Trd, 4318597.843, 139
Trd, 4318597.943, 126
Trd, 4318600.593, 123
Trd, 4318601.843, 140
Trd, 4318601.893, 140
Trd, 4318601.943, 140
Trd, 4318602.343, 137
Trd, 4318602.643, 133
Trd, 4318604.643, 136
Trd, 4318604.693, 133
Trd, 4318605.593, 140
Trd, 4318605.693, 140
Trd, 4318607.743, 140
Trd, 4318608.193, 140
Trd, 4318609.393, 140
Trd, 4318609.643, 140
Trd, 4318609.743, 137
Trd, 4318610.543, 121
Trd, 4318611.743, 132
Trd, 4318613.343, 140
Trd, 4318613.693, 140
Trd, 4318614.743, 140
Trd, 4318614.993, 140
Trd, 4318615.243, 140
Trd, 4318616.143, 140
Trd, 4318617.043, 140
Trd, 4318617.293, 139
Trd, 4318618.593, 113
Trd, 4318619.293, 63
Trd, 4318619.643, 64
Trd, 4318622.243, 60
Trd, 4318622.443, 63
Trd, 4318623.893, 61
Trd, 4318625.193, 60
Trd, 4318626.243, 61
Trd, 4318628.093, 60
Trd, 4318628.243, 62
Trd, 4318628.743, 63
Trd, 4318629.043, 62
Trd, 4318629.793, 65
Trd, 4318630.093, 139
Trd, 4318630.943, 109
Trd, 4318631.893, 89
Trd, 4318632.443, 122
Trd, 4318634.243, 140
Trd, 4318635.443, 140
Trd, 4318636.043, 140
Trd, 4318636.493, 140
Trd, 4318638.143, 140
Trd, 4318638.593, 140
Trd, 4318638.993, 140
Trd, 4318640.193, 140
Trd, 4318640.543, 140
Trd, 4318640.993, 104
Trd, 4318641.993, 126
Trd, 4318642.343, 125
Trd, 4318642.793, 121
Trd, 4318643.793, 115
Trd, 4318644.743, 118
Trd, 4318646.193, 140
Trd, 4318646.543, 140
Trd, 4318646.643, 108
Trd, 4318648.843, 140
Trd, 4318649.443, 140
Trd, 4318650.493, 140
Trd, 4318650.593, 140
Trd, 4318651.843, 140
Trd, 4318652.493, 140
Trd, 4318653.743, 140
Trd, 4318654.093, 140
Trd, 4318654.343, 140
Trd, 4318655.743, 115
Trd, 4318657.143, 140
Trd, 4318657.993, 140
Trd, 4318658.143, 139
Trd, 4318660.693, 140
Trd, 4318660.793, 140
Trd, 4318661.493, 140
Trd, 4318661.893, 139
Trd, 4318661.993, 138
Trd, 4318663.693, 140
Trd, 4318664.443, 140
Trd, 4318665.443, 140
Trd, 4318665.843, 138
Trd, 4318667.543, 140
Trd, 4318667.943, 140
Trd, 4318670.243, 140
Trd, 4318670.293, 140
Trd, 4318671.093, 140
Trd, 4318671.543, 140
Trd, 4318671.893, 138
Trd, 4318672.343, 140
Trd, 4318672.993, 140
Trd, 4318674.793, 140
Trd, 4318675.393, 124
Trd, 4318676.143, 133
Trd, 4318676.493, 140
Trd, 4318676.743, 134
Trd, 4318677.493, 136
Trd, 4318679.143, 140
Trd, 4318679.393, 140
Trd, 4318679.893, 140
Trd, 4318680.943, 140
Trd, 4318682.593, 140
Trd, 4318682.743, 140
Trd, 4318683.593, 140
Trd, 4318684.643, 140
Trd, 4318684.943, 140
Trd, 4318686.043, 140
Trd, 4318686.543, 139
Trd, 4318686.643, 104
Trd, 4318687.793, 82
Trd, 4318688.393, 82
Trd, 4318689.693, 140
Trd, 4318690.143, 140
Trd, 4318690.743, 140
Trd, 4318692.143, 120
Trd, 4318692.793, 119
Trd, 4318693.593, 118
Trd, 4318694.343, 140
Trd, 4318695.443, 105
Trd, 4318695.493, 139
Trd, 4318696.693, 134
Trd, 4318696.793, 125
Trd, 4318697.793, 107
Trd, 4318697.993, 106
Trd, 4318699.543, 61
Trd, 4318700.793, 106
Trd, 4318700.843, 109
Trd, 4318702.343, 61
Trd, 4318703.293, 68
Trd, 4318703.743, 96
Trd, 4318704.243, 60
Trd, 4318704.393, 60
Trd, 4318704.743, 61
Trd, 4318705.943, 129
Trd, 4318708.543, 140
Trd, 4318708.993, 140
Trd, 4318709.993, 140
Trd, 4318710.193, 139
Trd, 4318711.043, 140
Trd, 4318711.643, 138
Trd, 4318714.493, 140
Trd, 4318714.693, 140
Trd, 4318715.493, 140
Trd, 4318716.543, 140
Trd, 4318716.693, 140
Trd, 4318718.543, 140
Trd, 4318718.993, 140
Trd, 4318719.243, 140
Trd, 4318719.943, 140
Trd, 4318720.393, 140
Trd, 4318720.443, 140
Trd, 4318721.043, 138
Trd, 4318722.293, 139
Trd, 4318723.093, 140
Trd, 4318723.143, 140
Trd, 4318723.743, 102
Trd, 4318724.943, 78
Trd, 4318725.293, 77
Trd, 4318727.243, 137
Trd, 4318727.343, 127
Trd, 4318727.943, 65
Trd, 4318729.293, 60
Trd, 4318731.293, 60
Trd, 4318731.343, 60
Trd, 4318731.993, 61
Trd, 4318732.193, 64
Trd, 4318734.293, 62
Trd, 4318734.843, 63
Trd, 4318734.893, 62
Trd, 4318735.143, 85
Trd, 4318735.643, 82
Trd, 4318736.293, 67
Trd, 4318736.443, 130
Trd, 4318736.693, 65
Trd, 4318738.493, 60
Trd, 4318738.893, 66
Trd, 4318739.143, 62
Trd, 4318740.093, 65
Trd, 4318740.193, 71
Trd, 4318740.493, 72
Trd, 4318740.943, 67
Trd, 4318742.243, 68
Trd, 4318742.593, 67
Trd, 4318744.543, 106
Trd, 4318745.343, 139
Trd, 4318747.443, 140
Trd, 4318747.793, 140
Trd, 4318748.543, 140
Trd, 4318749.243, 140
Trd, 4318750.243, 140
Trd, 4318750.893, 140
Trd, 4318752.043, 140
Trd, 4318752.393, 140
Trd, 4318752.493, 140
Trd, 4318754.293, 140
Trd, 4318755.543, 140
Trd, 4318756.743, 140
Trd, 4318758.093, 140
Trd, 4318758.443, 140
Trd, 4318758.543, 140
Trd, 4318758.943, 140
Trd, 4318759.643, 140
Trd, 4318760.643, 140
Trd, 4318761.743, 140
Trd, 4318762.043, 140
Trd, 4318762.143, 140
Trd, 4318762.793, 140
Trd, 4318763.193, 112
Trd, 4318763.293, 139
Trd, 4318766.343, 140
Trd, 4318767.043, 140
Trd, 4318767.493, 140
Trd, 4318767.743, 139
Trd, 4318769.093, 140
Trd, 4318769.143, 140
Trd, 4318770.843, 140
Trd, 4318771.093, 140
Trd, 4318771.643, 139
Trd, 4318772.043, 138
Trd, 4318772.993, 137
Trd, 4318775.493, 140
Trd, 4318776.143, 140
Trd, 4318776.293, 137
Trd, 4318776.493, 137
Trd, 4318777.893, 140
Trd, 4318778.893, 140
Trd, 4318779.243, 140
Trd, 4318780.793, 140
Trd, 4318782.393, 140
Trd, 4318782.493, 140
Trd, 4318782.593, 140
Trd, 4318782.693, 140
Trd, 4318783.843, 140
Trd, 4318783.943, 139
Trd, 4318784.493, 140
Trd, 4318785.593, 140
Trd, 4318786.693, 140
Trd, 4318786.943, 140
Trd, 4318786.993, 139
Trd, 4318788.893, 107
Trd, 4318789.343, 105
Trd, 4318789.643, 131
Trd, 4318790.293, 105
Trd, 4318791.293, 140
Trd, 4318792.593, 135
Trd, 4318792.893, 133
Trd, 4318793.343, 116
Trd, 4318794.743, 131
Trd, 4318794.943, 131
Trd, 4318797.893, 140
Trd, 4318798.593, 140
Trd, 4318798.943, 136
Trd, 4318799.393, 97
Trd, 4318800.143, 92
Trd, 4318802.393, 140
Trd, 4318802.943, 140
Trd, 4318803.593, 140
Trd, 4318803.693, 140
Trd, 4318806.143, 135
Trd, 4318806.393, 134
Trd, 4318807.643, 139
Trd, 4318809.693, 140
Trd, 4318810.243, 140
Trd, 4318811.793, 140
Trd, 4318812.343, 140
Trd, 4318812.843, 139
Trd, 4318813.043, 135
Trd, 4318813.543, 140
Trd, 4318814.043, 139
Trd, 4318815.143, 77
Trd, 4318815.893, 96
Trd, 4318816.343, 140
Trd, 4318818.193, 114
Trd, 4318819.093, 95
Trd, 4318819.293, 95
Trd, 4318821.043, 123
Trd, 4318821.343, 122
Trd, 4318821.393, 102
Trd, 4318822.893, 115
Trd, 4318823.393, 120
Trd, 4318823.593, 132
Trd, 4318824.443, 133
Trd, 4318825.693, 139
Trd, 4318825.893, 139
Trd, 4318827.043, 140
Trd, 4318827.093, 135
Trd, 4318828.893, 124
Trd, 4318831.093, 132
Trd, 4318831.543, 132
Trd, 4318831.643, 131
Trd, 4318832.193, 117
Trd, 4318833.643, 140
Trd, 4318833.943, 140
Trd, 4318835.143, 140
Trd, 4318835.643, 140
Trd, 4318835.893, 140
Trd, 4318837.543, 140
Trd, 4318837.643, 140
Trd, 4318838.943, 140
Trd, 4318839.443, 140
Trd, 4318840.593, 140
Trd, 4318840.793, 140
Trd, 4318840.943, 140
Trd, 4318841.393, 121
Trd, 4318843.143, 140
Trd, 4318843.993, 140
Trd, 4318844.043, 140
Trd, 4318844.493, 96
Trd, 4318844.743, 127
Trd, 4318845.693, 91
Trd, 4318847.893, 98
Trd, 4318848.243, 124
Trd, 4318849.143, 99
Trd, 4318849.493, 115
Trd, 4318851.393, 140
Trd, 4318852.993, 140
Trd, 4318853.043, 140
Trd, 4318853.693, 140
Trd, 4318855.593, 140
Trd, 4318855.693, 140
Trd, 4318856.443, 140
Trd, 4318856.793, 140
Trd, 4318858.443, 140
Trd, 4318858.743, 140
Trd, 4318858.843, 139
Trd, 4318858.993, 139
Trd, 4318861.043, 140
Trd, 4318861.443, 140
Trd, 4318862.793, 140
Trd, 4318862.843, 139
Trd, 4318864.943, 140
Trd, 4318865.643, 140
Trd, 4318866.843, 140
Trd, 4318867.143, 140
Trd, 4318867.693, 140
Trd, 4318868.293, 140
Trd, 4318869.043, 139
Trd, 4318870.543, 140
Trd, 4318870.593, 140
Trd, 4318870.793, 140
Trd, 4318871.193, 134
Trd, 4318871.643, 127
Trd, 4318872.443, 86
Trd, 4318873.043, 136
Trd, 4318873.293, 86
Trd, 4318873.893, 139
Trd, 4318874.743, 82
Trd, 4318875.643, 64
Trd, 4318877.143, 60
Trd, 4318877.543, 61
Trd, 4318877.593, 61
Trd, 4318878.143, 64
Trd, 4318878.543, 62
Trd, 4318879.443, 140
Trd, 4318880.693, 126
Trd, 4318880.993, 126
Trd, 4318881.843, 129
Trd, 4318882.143, 130
Trd, 4318883.193, 129
Trd, 4318883.243, 116
Trd, 4318886.143, 140
Trd, 4318887.493, 115
Trd, 4318887.593, 114
Trd, 4318887.693, 113
Trd, 4318888.043, 112
Trd, 4318888.693, 134
Trd, 4318890.593, 130
Trd, 4318890.693, 115
Trd, 4318891.193, 114
Trd, 4318892.143, 138
Trd, 4318893.093, 106
Trd, 4318893.593, 140
Trd, 4318894.093, 139
Trd, 4318895.093, 140
Trd, 4318898.043, 140
Trd, 4318898.393, 140
Trd, 4318899.043, 140
Trd, 4318899.243, 140
Trd, 4318900.043, 140
Trd, 4318900.343, 140
Trd, 4318902.343, 140
Trd, 4318904.143, 139
Trd, 4318906.743, 140
Trd, 4318907.693, 140
Trd, 4318907.943, 140
Trd, 4318908.293, 139
Trd, 4318909.043, 136
Trd, 4318909.493, 138
Trd, 4318910.243, 140
Trd, 4318911.343, 140
Trd, 4318911.593, 140
Trd, 4318911.693, 140
Trd, 4318912.293, 140
Trd, 4318912.393, 123
Trd, 4318913.293, 88
Trd, 4318914.443, 140
Trd, 4318914.793, 140
Trd, 4318915.443, 140
Trd, 4318915.943, 130
Trd, 4318916.743, 130
Trd, 4318917.843, 130
Trd, 4318919.643, 140
Trd, 4318920.493, 140
Trd, 4318920.543, 140
Trd, 4318920.793, 128
Trd, 4318921.043, 109
Trd, 4318922.443, 61
Trd, 4318923.343, 65
Trd, 4318923.843, 65
Trd, 4318924.793, 112
Trd, 4318924.943, 83
Trd, 4318925.443, 64
Trd, 4318926.993, 138
Trd, 4318927.293, 133
Trd, 4318927.743, 133
Trd, 4318928.493, 140
Trd, 4318929.243, 140
Trd, 4318929.443, 140
Trd, 4318930.493, 140
Trd, 4318930.543, 140
Trd, 4318931.343, 137
Trd, 4318933.643, 140
Trd, 4318934.393, 140
Trd, 4318934.943, 140
Trd, 4318935.693, 139
Trd, 4318937.843, 140
Trd, 4318938.643, 140
Trd, 4318939.643, 140
Trd, 4318939.943, 140
Trd, 4318940.293, 139
Trd, 4318940.743, 139
Trd, 4318941.593, 137
Trd, 4318942.993, 140
Trd, 4318944.393, 140
Trd, 4318945.543, 140
Trd, 4318945.643, 140
Trd, 4318947.143, 140
Trd, 4318947.643, 140
Trd, 4318949.593, 140
Trd, 4318949.893, 140
Trd, 4318950.643, 140
Trd, 4318950.793, 140
Trd, 4318953.443, 140
Trd, 4318953.693, 140
Trd, 4318954.143, 140
Trd, 4318954.543, 140
Trd, 4318954.943, 139
Trd, 4318955.343, 140
Trd, 4318955.993, 138
Trd, 4318956.643, 139
Trd, 4318957.993, 136
Trd, 4318959.293, 137
Trd, 4318959.693, 140
Trd, 4318959.843, 140
Trd, 4318960.493, 138
Trd, 4318961.143, 140
Trd, 4318962.043, 140
Trd, 4318962.793, 139
Trd, 4318963.993, 76
Trd, 4318965.643, 107
Trd, 4318965.893, 130
Trd, 4318967.793, 139
Trd, 4318968.843, 140
Trd, 4318969.243, 140
Trd, 4318970.043, 140
Trd, 4318970.943, 140
Trd, 4318971.343, 140
Trd, 4318972.493, 140
Trd, 4318973.643, 135
Trd, 4318974.143, 135
Trd, 4318974.793, 140
Trd, 4318975.743, 140
Trd, 4318976.143, 140
Trd, 4318976.343, 140
Trd, 4318976.893, 140
Trd, 4318978.043, 140
Trd, 4318978.693, 140
Trd, 4318981.343, 140
Trd, 4318982.293, 140
Trd, 4318982.493, 140
Trd, 4318982.693, 140
Trd, 4318983.843, 140
Trd, 4318984.093, 140
Trd, 4318985.093, 140
Trd, 4318985.593, 140
Trd, 4318985.793, 140
Trd, 4318986.343, 140
Trd, 4318986.743, 140
Trd, 4318987.993, 117
Trd, 4318989.893, 83
Trd, 4318990.093, 136
Trd, 4318990.443, 83
Trd, 4318991.093, 115
Trd, 4318991.743, 115
Trd, 4318992.843, 113
Trd, 4318993.243, 105
Trd, 4318993.843, 135
Trd, 4318994.793, 140
Trd, 4318995.043, 91
Trd, 4318995.743, 113
Trd, 4318996.393, 125
Trd, 4318998.643, 140
Trd, 4318998.693, 140
Trd, 4318999.243, 123
Trd, 4319000.793, 140
Trd, 4319001.393, 140
Trd, 4319001.443, 140
Trd, 4319001.993, 67
Trd, 4319002.093, 68
Trd, 4319003.293, 60
Trd, 4319004.793, 65
Trd, 4319005.143, 68
Trd, 4319005.193, 66
Trd, 4319006.793, 71
Trd, 4319006.943, 94
Trd, 4319007.393, 109
Trd, 4319008.393, 140
Trd, 4319008.493, 140
Trd, 4319009.493, 140
Trd, 4319010.293, 125
Trd, 4319010.993, 113
Trd, 4319011.543, 115
Trd, 4319012.043, 140
Trd, 4319012.793, 118
Trd, 4319015.143, 135
Trd, 4319016.243, 138
Trd, 4319017.693, 140
Trd, 4319020.493, 140
Trd, 4319020.743, 140
Trd, 4319021.093, 140
Trd, 4319021.893, 140
Trd, 4319022.093, 140
Trd, 4319022.443, 140
Trd, 4319022.643, 132
Trd, 4319024.093, 140
Trd, 4319024.343, 140
Trd, 4319025.293, 140
Trd, 4319025.743, 140
Trd, 4319026.743, 140
Trd, 4319026.943, 140
Trd, 4319027.993, 140
Trd, 4319028.743, 140
Trd, 4319029.543, 140
Trd, 4319030.743, 139
Trd, 4319031.493, 140
Trd, 4319033.243, 140
Trd, 4319033.893, 140
Trd, 4319034.143, 140
Trd, 4319036.543, 140
Trd, 4319036.693, 140
Trd, 4319036.943, 140
Trd, 4319037.543, 140
Trd, 4319038.143, 140
Trd, 4319038.243, 109
Trd, 4319040.193, 140
Trd, 4319040.243, 140
Trd, 4319040.393, 140
Trd, 4319042.293, 140
Trd, 4319042.593, 140
Trd, 4319044.243, 139
Trd, 4319044.643, 130
Trd, 4319046.543, 140
Trd, 4319047.793, 140
Trd, 4319047.943, 140
Trd, 4319048.193, 140
Trd, 4319048.243, 139
Trd, 4319049.343, 122
Trd, 4319050.293, 123
Trd, 4319050.943, 123
Trd, 4319051.343, 131
Trd, 4319051.893, 125
Trd, 4319053.193, 117
Trd, 4319053.393, 118
Trd, 4319053.443, 110
Trd, 4319054.393, 140
Trd, 4319054.443, 140
Trd, 4319055.543, 86
Trd, 4319056.643, 62
Trd, 4319057.643, 60
Trd, 4319058.393, 62
Trd, 4319058.743, 62
Trd, 4319058.893, 63
Trd, 4319059.843, 64
Trd, 4319060.143, 63
Trd, 4319060.493, 64
Trd, 4319062.793, 139
Trd, 4319064.743, 140
Trd, 4319064.843, 140
Trd, 4319065.643, 140
Trd, 4319066.043, 134
Trd, 4319067.793, 140
Trd, 4319067.943, 140
Trd, 4319068.793, 140
Trd, 4319069.093, 133
Trd, 4319071.243, 140
Trd, 4319071.293, 140
Trd, 4319071.343, 139
Trd, 4319073.043, 140
Trd, 4319073.393, 140
Trd, 4319076.093, 140
Trd, 4319077.643, 140
Trd, 4319078.143, 140
Trd, 4319078.693, 140
Trd, 4319078.893, 140
Trd, 4319078.943, 140
Trd, 4319079.243, 140
Trd, 4319079.793, 140
Trd, 4319080.993, 77
Trd, 4319081.593, 139
Trd, 4319084.843, 140
Trd, 4319085.343, 140
Trd, 4319085.693, 140
Trd, 4319085.943, 140
Trd, 4319086.793, 139
Trd, 4319086.943, 111
Trd, 4319087.493, 111
Trd, 4319087.743, 97
Trd, 4319089.793, 130
Trd, 4319090.143, 129
Trd, 4319090.593, 139
Trd, 4319091.393, 127
Trd, 4319092.243, 128
Trd, 4319092.993, 139
Trd, 4319093.043, 138
Trd, 4319095.993, 140
Trd, 4319096.043, 138
Trd, 4319096.843, 133
Trd, 4319097.343, 139
Trd, 4319097.593, 140
Trd, 4319097.993, 137
Trd, 4319098.243, 135
Trd, 4319099.143, 100
Trd, 4319099.293, 97
Trd, 4319100.543, 97
Trd, 4319100.943, 92
Trd, 4319101.743, 84
Trd, 4319101.993, 82
Trd, 4319102.043, 95
Trd, 4319104.643, 61
Trd, 4319104.693, 69
Trd, 4319106.293, 69
Trd, 4319106.343, 73
Trd, 4319107.493, 63
Trd, 4319107.693, 64
Trd, 4319108.293, 62
Trd, 4319108.543, 72
Trd, 4319108.943, 64
Trd, 4319109.843, 71
Trd, 4319111.293, 72
Trd, 4319111.543, 73
Trd, 4319111.793, 70
Trd, 4319112.293, 98
Trd, 4319113.343, 102
Trd, 4319114.943, 119
Trd, 4319115.043, 110
Trd, 4319116.193, 140
Trd, 4319117.143, 115
Trd, 4319117.943, 116
Trd, 4319118.343, 133
Trd, 4319119.793, 122
Trd, 4319120.143, 120
Trd, 4319120.643, 120
Trd, 4319121.693, 118
Trd, 4319123.793, 140
Trd, 4319123.993, 140
Trd, 4319124.543, 140
Trd, 4319125.543, 140
Trd, 4319125.893, 140
Trd, 4319127.643, 140
Trd, 4319129.043, 140
Trd, 4319130.043, 140
Trd, 4319130.193, 140
Trd, 4319130.643, 135
Trd, 4319130.743, 134
Trd, 4319131.193, 108
Trd, 4319132.693, 78
Trd, 4319133.193, 79
Trd, 4319135.943, 140
Trd, 4319136.743, 140
Trd, 4319136.843, 140
Trd, 4319137.243, 140
Trd, 4319138.593, 140
Trd, 4319138.843, 140
Trd, 4319139.943, 140
Trd, 4319140.443, 140
Trd, 4319140.643, 140
Trd, 4319141.893, 140
Trd, 4319142.243, 127
Trd, 4319143.393, 116
Trd, 4319145.093, 140
Trd, 4319145.143, 140
Trd, 4319146.443, 135
Trd, 4319148.943, 138
Trd, 4319149.093, 138
Trd, 4319149.543, 139
Trd, 4319151.393, 140
Trd, 4319152.293, 140
Trd, 4319152.643, 140
Trd, 4319154.043, 140
Trd, 4319154.843, 140
Trd, 4319155.843, 140
Trd, 4319156.193, 139
Trd, 4319157.393, 124
Trd, 4319157.693, 124
Trd, 4319158.243, 115
Trd, 4319158.593, 134
Trd, 4319159.993, 140
Trd, 4319161.143, 109
Trd, 4319162.943, 140
Trd, 4319164.293, 133
Trd, 4319164.593, 131
Trd, 4319165.193, 133
Trd, 4319167.593, 140
Trd, 4319168.243, 140
Trd, 4319169.393, 140
Trd, 4319170.343, 140
Trd, 4319171.293, 140
Trd, 4319172.043, 140
Trd, 4319172.243, 140
Trd, 4319173.343, 140
Trd, 4319174.843, 140
Trd, 4319175.643, 140
Trd, 4319176.843, 140
Trd, 4319176.893, 138
Trd, 4319178.793, 140
Trd, 4319180.443, 140
Trd, 4319180.693, 140
Trd, 4319181.443, 140
Trd, 4319181.643, 140
Trd, 4319182.093, 140
Trd, 4319182.143, 140
Trd, 4319183.443, 140
Trd, 4319184.093, 140
Trd, 4319184.243, 139
Trd, 4319185.493, 81
Trd, 4319185.743, 137
Trd, 4319187.193, 127
Trd, 4319187.493, 135
Trd, 4319187.693, 136
Trd, 4319189.793, 60
Trd, 4319190.443, 61
Trd, 4319190.893, 64
Trd, 4319191.693, 85
Trd, 4319192.193, 67
Trd, 4319192.743, 97
Trd, 4319193.693, 140
Trd, 4319193.793, 140
Trd, 4319194.693, 122
Trd, 4319195.043, 140
Trd, 4319197.143, 114
Trd, 4319198.593, 109
Trd, 4319198.993, 71
Trd, 4319199.743, 98
Trd, 4319200.193, 74
Trd, 4319200.493, 74
Trd, 4319200.593, 111
Trd, 4319202.093, 64
Trd, 4319203.093, 63
Trd, 4319204.593, 140
Trd, 4319204.943, 140
Trd, 4319205.593, 138
Trd, 4319206.193, 110
Trd, 4319209.043, 140
Trd, 4319209.793, 140
Trd, 4319209.843, 140
Trd, 4319210.043, 140
Trd, 4319210.543, 140
Trd, 4319211.893, 140
Trd, 4319212.193, 140
Trd, 4319212.843, 139
Trd, 4319213.093, 128
Trd, 4319215.393, 140
Trd, 4319215.493, 136
Trd, 4319215.593, 133
Trd, 4319216.343, 128
Trd, 4319218.793, 140
Trd, 4319219.543, 140
Trd, 4319220.443, 140
Trd, 4319221.543, 140
Trd, 4319222.143, 140
Trd, 4319223.293, 140
Trd, 4319223.643, 140
Trd, 4319225.393, 140
Trd, 4319226.243, 140
Trd, 4319226.443, 140
Trd, 4319227.493, 140
Trd, 4319227.993, 140
Trd, 4319230.893, 140
Trd, 4319231.443, 140
Trd, 4319232.993, 140
Trd, 4319233.693, 140
Trd, 4319233.893, 140
Trd, 4319235.443, 139
Trd, 4319235.643, 138
Trd, 4319236.443, 111
Trd, 4319237.493, 111
Trd, 4319237.743, 113
Trd, 4319237.893, 111
Trd, 4319238.543, 119
Trd, 4319238.743, 118
Trd, 4319239.593, 140
Trd, 4319241.793, 132
Trd, 4319241.843, 138
Trd, 4319242.593, 102
Trd, 4319243.393, 101
Trd, 4319244.943, 139
Trd, 4319245.793, 140
Trd, 4319246.093, 140
Trd, 4319247.493, 140
Trd, 4319248.543, 140
Trd, 4319248.843, 140
Trd, 4319249.393, 140
Trd, 4319249.493, 140
Trd, 4319250.293, 140
Trd, 4319252.043, 140
Trd, 4319252.843, 140
Trd, 4319252.893, 140
Trd, 4319253.293, 139
Trd, 4319253.793, 100
Trd, 4319256.093, 140
Trd, 4319256.543, 140
Trd, 4319257.343, 140
Trd, 4319257.643, 138
Trd, 4319260.543, 140
Trd, 4319260.993, 140
Trd, 4319261.293, 140
Trd, 4319263.443, 140
Trd, 4319264.093, 140
Trd, 4319264.593, 112
Trd, 4319264.693, 110
Trd, 4319266.093, 63
Trd, 4319266.843, 140
Trd, 4319268.493, 140
Trd, 4319270.093, 140
Trd, 4319270.643, 140
Trd, 4319270.693, 140
Trd, 4319271.293, 140
Trd, 4319272.293, 140
Trd, 4319272.493, 140
Trd, 4319272.893, 139
Trd, 4319273.943, 139
Trd, 4319274.493, 139
Trd, 4319275.993, 140
Trd, 4319276.393, 140
Trd, 4319276.693, 139
Trd, 4319277.943, 101
Trd, 4319279.593, 126
Trd, 4319280.593, 131
Trd, 4319280.693, 137
Trd, 4319281.193, 134
Trd, 4319281.543, 134
Trd, 4319282.193, 140
Trd, 4319282.893, 136
Trd, 4319283.843, 139
Trd, 4319283.943, 136
Trd, 4319284.843, 135
Trd, 4319284.993, 88
Trd, 4319285.943, 140
Trd, 4319287.643, 133
Trd, 4319288.143, 140
Trd, 4319289.893, 140
Trd, 4319290.593, 140
Trd, 4319291.043, 140
Trd, 4319291.993, 140
Trd, 4319293.493, 140
Trd, 4319294.193, 140
Trd, 4319294.593, 133
Trd, 4319295.593, 132
Trd, 4319295.643, 140
Trd, 4319296.493, 135
Trd, 4319296.643, 134
Trd, 4319298.393, 140
Trd, 4319298.793, 139
Trd, 4319300.143, 140
Trd, 4319300.343, 139
Trd, 4319300.943, 100
Trd, 4319302.093, 103
Trd, 4319302.693, 140
Trd, 4319304.943, 140
Trd, 4319305.143, 140
Trd, 4319305.543, 138
Trd, 4319306.743, 137
Trd, 4319306.793, 125
Trd, 4319307.043, 140
Trd, 4319307.693, 85
Trd, 4319309.843, 140
Trd, 4319309.943, 125
Trd, 4319311.143, 140
Trd, 4319311.393, 140
Trd, 4319312.143, 140
Trd, 4319312.593, 78
Trd, 4319313.643, 139
Trd, 4319313.693, 138
Trd, 4319316.043, 139
Trd, 4319316.643, 77
Trd, 4319317.393, 122
Trd, 4319318.193, 107
Trd, 4319318.693, 91
Trd, 4319318.793, 93
Trd, 4319321.793, 121
Trd, 4319322.743, 129
Trd, 4319322.943, 131
Trd, 4319323.343, 125
Trd, 4319323.943, 125
Trd, 4319325.243, 125
Trd, 4319326.493, 138
Trd, 4319326.543, 138
Trd, 4319327.593, 132
Trd, 4319328.043, 133
Trd, 4319328.593, 140
Trd, 4319330.943, 140
Trd, 4319331.943, 140
Trd, 4319332.393, 140
Trd, 4319332.843, 140
Trd, 4319333.293, 140
Trd, 4319334.743, 87
Trd, 4319336.143, 140
Trd, 4319336.243, 140
Trd, 4319336.443, 137
Trd, 4319336.493, 131
Trd, 4319337.743, 138
Trd, 4319338.243, 126
Trd, 4319339.593, 103
Trd, 4319340.543, 119
Trd, 4319342.793, 122
Trd, 4319343.543, 122
Trd, 4319343.943, 140
Trd, 4319344.193, 140
Trd, 4319344.293, 140
Trd, 4319344.743, 140
Trd, 4319345.493, 140
Trd, 4319347.093, 138
Trd, 4319347.293, 137
Trd, 4319348.293, 121
Trd, 4319348.443, 122
Trd, 4319349.343, 140
Trd, 4319350.243, 140
Trd, 4319350.843, 133
Trd, 4319352.793, 132
Trd, 4319352.943, 128
Trd, 4319354.343, 139
Trd, 4319355.293, 140
Trd, 4319356.193, 126
Trd, 4319357.393, 140
Trd, 4319357.543, 140
Trd, 4319357.793, 119
Trd, 4319359.443, 119
Trd, 4319360.693, 140
Trd, 4319360.843, 140
Trd, 4319362.093, 140
Trd, 4319362.993, 140
Trd, 4319363.193, 140
Trd, 4319363.593, 91
Trd, 4319363.943, 91
Trd, 4319364.443, 135
Trd, 4319365.493, 60
Trd, 4319366.843, 140
Trd, 4319368.943, 106
Trd, 4319369.443, 139
Trd, 4319370.643, 139
Trd, 4319371.743, 140
Trd, 4319372.243, 140
Trd, 4319372.743, 140
Trd, 4319373.043, 140
Trd, 4319373.443, 140
Trd, 4319374.193, 135
Trd, 4319375.543, 113
Trd, 4319377.743, 140
Trd, 4319377.793, 140
Trd, 4319378.493, 140
Trd, 4319379.393, 140
Trd, 4319379.843, 140
Trd, 4319380.243, 140
Trd, 4319380.793, 140
Trd, 4319381.843, 129
Trd, 4319382.843, 135
Trd, 4319383.393, 71
Trd, 4319384.693, 60
Trd, 4319385.343, 64
Trd, 4319386.993, 140
Trd, 4319387.193, 140
Trd, 4319387.293, 140
Trd, 4319387.843, 127
Trd, 4319388.493, 129
Trd, 4319389.943, 109
Trd, 4319390.143, 129
Trd, 4319390.643, 102
Trd, 4319391.743, 118
Trd, 4319391.893, 89
Trd, 4319392.993, 111
Trd, 4319393.443, 128
Trd, 4319395.093, 129
Trd, 4319396.943, 123
Trd, 4319397.693, 128
Trd, 4319397.793, 128
Trd, 4319398.193, 127
Trd, 4319398.443, 140
Trd, 4319398.593, 123
Trd, 4319400.793, 97
Trd, 4319401.893, 140
Trd, 4319401.943, 139
Trd, 4319402.693, 134
Trd, 4319403.443, 134
Trd, 4319404.193, 140
Trd, 4319406.393, 140
Trd, 4319407.493, 140
Trd, 4319408.393, 140
Trd, 4319408.893, 140
Trd, 4319409.293, 140
Trd, 4319410.243, 140
Trd, 4319410.343, 140
Trd, 4319410.543, 139
Trd, 4319410.793, 138
Trd, 4319412.443, 138
Trd, 4319413.943, 140
Trd, 4319415.243, 140
Trd, 4319415.543, 140
Trd, 4319417.543, 140
Trd, 4319418.043, 140
Trd, 4319419.143, 140
Trd, 4319419.843, 140
Trd, 4319420.293, 140
Trd, 4319420.443, 140
Trd, 4319420.993, 121
Trd, 4319421.743, 139
Trd, 4319423.943, 140
Trd, 4319424.093, 140
Trd, 4319425.193, 140
Trd, 4319425.243, 140
Trd, 4319425.543, 140
Trd, 4319426.193, 140
Trd, 4319426.493, 140
Trd, 4319428.193, 140
Trd, 4319429.643, 140
Trd, 4319430.143, 140
Trd, 4319430.493, 140
Trd, 4319430.543, 140
Trd, 4319431.043, 136
Trd, 4319431.543, 80
Trd, 4319433.593, 64
Trd, 4319434.693, 123
Trd, 4319434.993, 137
Trd, 4319435.043, 136
Trd, 4319435.243, 64
Trd, 4319437.143, 140
Trd, 4319437.243, 140
Trd, 4319437.343, 140
Trd, 4319437.743, 140
Trd, 4319438.543, 140
Trd, 4319440.493, 140
Trd, 4319441.143, 140
Trd, 4319441.443, 138
Trd, 4319441.893, 138
Trd, 4319442.643, 138
Trd, 4319443.493, 119
Trd, 4319443.893, 107
Trd, 4319445.893, 116
Trd, 4319446.593, 140
Trd, 4319447.243, 140
Trd, 4319448.143, 140
Trd, 4319448.443, 140
Trd, 4319449.543, 134
Trd, 4319449.693, 133
Trd, 4319451.543, 139
Trd, 4319452.043, 139
Trd, 4319452.243, 139
Trd, 4319454.543, 140
Trd, 4319454.743, 140
Trd, 4319455.193, 140
Trd, 4319455.643, 130
Trd, 4319455.943, 128
Trd, 4319458.593, 140
Trd, 4319459.343, 140
Trd, 4319459.743, 140
Trd, 4319461.143, 140
Trd, 4319461.193, 140
Trd, 4319461.243, 138
Trd, 4319463.043, 123
Trd, 4319463.343, 125
Trd, 4319466.943, 140
Trd, 4319467.193, 140
Trd, 4319467.743, 139
Trd, 4319468.893, 140
Trd, 4319469.193, 140
Trd, 4319469.693, 140
Trd, 4319471.743, 140
Trd, 4319471.793, 140
Trd, 4319472.543, 140
Trd, 4319472.893, 139
Trd, 4319473.543, 76
Trd, 4319474.293, 114
Trd, 4319474.593, 140
Trd, 4319476.093, 140
Trd, 4319477.643, 140
Trd, 4319478.243, 140
Trd, 4319478.843, 140
Trd, 4319478.893, 140
Trd, 4319480.493, 140
Trd, 4319481.343, 140
Trd, 4319481.893, 140
Trd, 4319481.993, 140
Trd, 4319483.393, 138
Trd, 4319483.943, 140
Trd, 4319484.243, 140
Trd, 4319487.843, 140
Trd, 4319488.093, 140
Trd, 4319488.193, 140
Trd, 4319489.393, 140
Trd, 4319489.693, 140
Trd, 4319490.293, 140
Trd, 4319490.693, 126
Trd, 4319491.843, 138
Trd, 4319492.093, 132
Trd, 4319493.193, 129
Trd, 4319493.743, 133
Trd, 4319493.793, 129
Trd, 4319494.193, 126
Trd, 4319494.593, 136
Trd, 4319494.743, 92
Trd, 4319495.243, 91
Trd, 4319495.843, 140
Trd, 4319497.393, 112
Trd, 4319500.093, 140
Trd, 4319500.293, 140
Trd, 4319500.343, 138
Trd, 4319500.993, 139
Trd, 4319501.593, 136
Trd, 4319501.693, 134
Trd, 4319502.493, 132
Trd, 4319503.393, 118
Trd, 4319503.543, 73
Trd, 4319503.793, 137
Trd, 4319504.843, 106
Trd, 4319507.243, 136
Trd, 4319509.143, 140
Trd, 4319509.593, 140
Trd, 4319510.493, 140
Trd, 4319511.043, 140
Trd, 4319512.493, 140
Trd, 4319512.793, 140
Trd, 4319513.843, 140
Trd, 4319514.543, 140
Trd, 4319515.593, 140
Trd, 4319515.893, 140
Trd, 4319516.043, 140
Trd, 4319516.093, 140
Trd, 4319518.093, 140
Trd, 4319518.293, 140
Trd, 4319518.493, 139
Trd, 4319519.493, 140
Trd, 4319519.593, 140
Trd, 4319520.743, 119
Trd, 4319521.293, 118
Trd, 4319521.393, 117
Trd, 4319523.243, 139
Trd, 4319525.143, 140
Trd, 4319525.743, 140
Trd, 4319527.543, 140
Trd, 4319529.443, 140
Trd, 4319529.693, 140
Trd, 4319529.943, 140
Trd, 4319530.193, 140
Trd, 4319531.243, 140
Trd, 4319532.043, 140
Trd, 4319532.443, 140
Trd, 4319533.293, 140
Trd, 4319535.243, 140
Trd, 4319535.593, 140
Trd, 4319535.893, 140
Trd, 4319536.193, 140
Trd, 4319537.393, 102
Trd, 4319537.793, 140
Trd, 4319538.793, 82
Trd, 4319539.143, 83
Trd, 4319541.243, 82
Trd, 4319543.043, 140
Trd, 4319543.543, 140
Trd, 4319543.643, 140
Trd, 4319544.043, 139
Trd, 4319544.243, 138
Trd, 4319544.493, 121
Trd, 4319544.793, 122
Trd, 4319546.043, 123
Trd, 4319546.743, 137
Trd, 4319547.343, 139
Trd, 4319549.193, 140
Trd, 4319549.343, 140
Trd, 4319549.793, 88
Trd, 4319550.393, 85
Trd, 4319550.643, 122
Trd, 4319552.793, 135
Trd, 4319552.893, 134
Trd, 4319553.143, 140
Trd, 4319553.543, 139
Trd, 4319554.543, 140
Trd, 4319554.843, 136
Trd, 4319555.793, 140
Trd, 4319558.093, 140
Trd, 4319558.143, 140
Trd, 4319559.443, 139
Trd, 4319560.693, 140
Trd, 4319561.393, 140
Trd, 4319561.493, 140
Trd, 4319561.693, 140
Trd, 4319562.093, 139
Trd, 4319563.343, 93
Trd, 4319564.143, 70
Trd, 4319564.843, 140
Trd, 4319565.943, 139
Trd, 4319566.743, 139
Trd, 4319568.143, 122
Trd, 4319569.043, 137
Trd, 4319570.293, 140
Trd, 4319572.143, 140
Trd, 4319572.843, 140
Trd, 4319574.343, 140
Trd, 4319574.643, 140
Trd, 4319574.743, 125
Trd, 4319574.943, 130
Trd, 4319575.043, 113
Trd, 4319575.943, 140
Trd, 4319576.343, 126
Trd, 4319577.893, 119
Trd, 4319578.243, 117
Trd, 4319578.543, 123
Trd, 4319579.593, 128
Trd, 4319580.893, 129
Trd, 4319581.793, 121
Trd, 4319581.893, 96
Trd, 4319582.743, 75
Trd, 4319584.043, 60
Trd, 4319584.943, 60
Trd, 4319585.293, 62
Trd, 4319587.143, 65
Trd, 4319587.543, 65
Trd, 4319588.143, 140
Trd, 4319588.243, 63
Trd, 4319589.043, 111
Trd, 4319589.643, 137
Trd, 4319590.593, 70
Trd, 4319591.043, 70
Trd, 4319591.793, 110
Trd, 4319592.193, 68
Trd, 4319592.793, 60
Trd, 4319593.043, 68
Trd, 4319593.793, 130
Trd, 4319594.993, 65
Trd, 4319595.543, 60
Trd, 4319596.743, 60
Trd, 4319597.793, 60
Trd, 4319597.993, 61
Trd, 4319598.643, 71
Trd, 4319598.743, 73
Trd, 4319599.943, 75
Trd, 4319600.193, 83
Trd, 4319601.193, 61
Trd, 4319602.343, 98
Trd, 4319602.443, 64
Trd, 4319603.793, 81
Trd, 4319603.843, 66
Trd, 4319605.993, 140
Trd, 4319606.093, 140
Trd, 4319606.493, 140
Trd, 4319606.593, 140
Trd, 4319606.793, 140
Trd, 4319607.043, 114
Trd, 4319609.493, 140
Trd, 4319609.743, 140
Trd, 4319610.043, 132
Trd, 4319612.993, 140
Trd, 4319613.543, 140
Trd, 4319614.593, 140
Trd, 4319615.443, 140
Trd, 4319615.893, 140
Trd, 4319616.243, 140
Trd, 4319616.493, 140
Trd, 4319616.543, 96
Trd, 4319616.693, 90
Trd, 4319617.493, 64
Trd, 4319617.843, 63
Trd, 4319619.393, 60
Trd, 4319620.093, 60
Trd, 4319620.243, 60
Trd, 4319621.843, 114
Trd, 4319621.943, 113
Trd, 4319622.393, 118
Trd, 4319623.243, 140
Trd, 4319623.293, 140
Trd, 4319624.093, 61
Trd, 4319626.393, 140
Trd, 4319627.043, 140
Trd, 4319628.293, 140
Trd, 4319628.943, 140
Trd, 4319629.543, 140
Trd, 4319632.043, 140
Trd, 4319633.043, 140
Trd, 4319633.143, 140
Trd, 4319633.643, 140
Trd, 4319634.443, 140
Trd, 4319634.643, 140
Trd, 4319634.893, 140
Trd, 4319635.443, 140
Trd, 4319635.593, 140
Trd, 4319635.793, 140
Trd, 4319636.843, 140
Trd, 4319637.193, 94
Trd, 4319638.793, 123
Trd, 4319640.493, 125
Trd, 4319640.593, 91
Trd, 4319640.993, 80
Trd, 4319643.593, 140
Trd, 4319643.743, 140
Trd, 4319643.943, 140
Trd, 4319644.443, 140
Trd, 4319645.143, 140
Trd, 4319645.743, 140
Trd, 4319647.193, 140
Trd, 4319647.793, 140
Trd, 4319649.943, 140
Trd, 4319651.543, 140
Trd, 4319652.043, 140
Trd, 4319652.393, 140
Trd, 4319653.793, 140
Trd, 4319654.793, 140
Trd, 4319655.593, 140
Trd, 4319656.643, 140
Trd, 4319657.093, 140
Trd, 4319657.643, 140
Trd, 4319658.143, 140
Trd, 4319658.843, 140
Trd, 4319659.043, 140
Trd, 4319659.643, 139
Trd, 4319661.143, 140
Trd, 4319662.193, 140
Trd, 4319662.843, 140
Trd, 4319663.293, 140
Trd, 4319664.093, 140
Trd, 4319665.343, 140
Trd, 4319666.243, 140
Trd, 4319666.593, 140
Trd, 4319667.093, 140
Trd, 4319668.443, 140
Trd, 4319670.593, 140
Trd, 4319671.193, 87
Trd, 4319671.343, 60
Trd, 4319671.393, 116
Trd, 4319671.993, 60
Trd, 4319672.243, 63
Trd, 4319673.843, 70
Trd, 4319675.043, 79
Trd, 4319675.693, 102
Trd, 4319676.943, 140
Trd, 4319677.193, 140
Trd, 4319677.543, 140
Trd, 4319677.693, 140
Trd, 4319678.393, 140
Trd, 4319679.593, 140
Trd, 4319680.143, 140
Trd, 4319680.743, 139
Trd, 4319681.743, 140
Trd, 4319682.543, 140
Trd, 4319683.593, 124
Trd, 4319683.793, 125
Trd, 4319684.643, 140
Trd, 4319686.943, 139
Trd, 4319687.093, 98
Trd, 4319687.143, 97
Trd, 4319688.243, 135
Trd, 4319689.393, 140
Trd, 4319690.343, 140
Trd, 4319690.493, 140
Trd, 4319692.493, 140
Trd, 4319694.893, 140
Trd, 4319695.193, 140
Trd, 4319695.293, 140
Trd, 4319695.593, 140
Trd, 4319695.693, 140
Trd, 4319697.443, 137
Trd, 4319697.743, 136
Trd, 4319698.093, 117
Trd, 4319699.693, 138
Trd, 4319699.993, 120
Trd, 4319700.543, 122
Trd, 4319700.743, 123
Trd, 4319701.393, 125
Trd, 4319701.443, 124
Trd, 4319701.493, 136
Trd, 4319702.693, 70
Trd, 4319703.893, 79
Trd, 4319703.943, 65
Trd, 4319704.743, 131
Trd, 4319706.843, 140
Trd, 4319708.093, 140
Trd, 4319708.543, 140
Trd, 4319709.543, 140
Trd, 4319710.143, 140
Trd, 4319710.293, 140
Trd, 4319712.793, 140
Trd, 4319713.243, 140
Trd, 4319714.143, 140
Trd, 4319714.693, 140
Trd, 4319715.193, 140
Trd, 4319715.593, 139
Trd, 4319715.743, 117
Trd, 4319718.143, 139
Trd, 4319718.993, 140
Trd, 4319719.543, 140
Trd, 4319720.243, 140
Trd, 4319721.393, 140
Trd, 4319721.543, 140
Trd, 4319723.543, 140
Trd, 4319723.743, 140
Trd, 4319724.193, 140
Trd, 4319724.543, 140
Trd, 4319724.993, 99
Trd, 4319725.843, 140
Trd, 4319727.593, 140
Trd, 4319728.393, 140
Trd, 4319728.443, 140
Trd, 4319728.993, 140
Trd, 4319729.293, 140
Trd, 4319730.943, 136
Trd, 4319733.093, 108
Trd, 4319733.393, 92
Trd, 4319733.493, 72
Trd, 4319734.643, 140
Trd, 4319735.443, 140
Trd, 4319735.793, 140
Trd, 4319735.843, 140
Trd, 4319737.643, 140
Trd, 4319738.293, 140
Trd, 4319738.593, 138
Trd, 4319739.393, 119
Trd, 4319741.043, 140
Trd, 4319741.393, 140
Trd, 4319741.643, 140
Trd, 4319742.093, 140
Trd, 4319743.843, 140
Trd, 4319744.143, 140
Trd, 4319744.543, 140
Trd, 4319746.943, 140
Trd, 4319747.193, 140
Trd, 4319749.643, 140
Trd, 4319749.793, 140
Trd, 4319751.443, 140
Trd, 4319751.643, 140
Trd, 4319752.243, 140
Trd, 4319752.393, 140
Trd, 4319753.443, 140
Trd, 4319754.443, 140
Trd, 4319755.993, 140
Trd, 4319756.543, 140
Trd, 4319756.643, 140
Trd, 4319758.743, 140
Trd, 4319759.393, 140
Trd, 4319761.143, 140
Trd, 4319762.643, 140
Trd, 4319764.043, 140
Trd, 4319765.643, 140
Trd, 4319765.843, 140
Trd, 4319766.143, 140
Trd, 4319766.693, 140
Trd, 4319768.043, 139
Trd, 4319768.593, 118
Trd, 4319769.443, 138
Trd, 4319770.243, 126
Trd, 4319770.593, 126
Trd, 4319771.043, 126
Trd, 4319771.143, 125
Trd, 4319773.643, 140
Trd, 4319773.743, 140
Trd, 4319774.143, 140
Trd, 4319775.493, 140
Trd, 4319776.243, 140
Trd, 4319777.443, 140
Trd, 4319778.393, 140
Trd, 4319779.593, 140
Trd, 4319780.443, 140
Trd, 4319780.493, 140
Trd, 4319781.693, 139
Trd, 4319783.843, 140
Trd, 4319784.543, 140
Trd, 4319785.593, 140
Trd, 4319785.943, 140
Trd, 4319787.493, 140
Trd, 4319788.193, 140
Trd, 4319788.993, 140
Trd, 4319790.093, 140
Trd, 4319790.543, 140
Trd, 4319790.793, 140
Trd, 4319791.343, 140
Trd, 4319791.393, 139
Trd, 4319793.443, 126
Trd, 4319793.643, 84
Trd, 4319794.293, 113
Trd, 4319795.743, 140
Trd, 4319796.043, 140
Trd, 4319796.493, 138
Trd, 4319796.943, 121
Trd, 4319798.293, 96
Trd, 4319799.093, 140
Trd, 4319799.993, 140
Trd, 4319800.343, 140
Trd, 4319801.693, 140
Trd, 4319802.693, 140
Trd, 4319804.243, 140
Trd, 4319804.443, 138
Trd, 4319805.543, 139
Trd, 4319807.393, 132
Trd, 4319808.143, 119
Trd, 4319808.293, 118
Trd, 4319808.493, 133
Trd, 4319809.243, 124
Trd, 4319809.743, 140
Trd, 4319809.993, 124
Trd, 4319811.093, 139
Trd, 4319812.093, 140
Trd, 4319812.443, 140
Trd, 4319813.443, 140
Trd, 4319814.193, 140
Trd, 4319815.693, 140
Trd, 4319815.843, 140
Trd, 4319818.343, 140
Trd, 4319818.793, 140
Trd, 4319819.343, 140
Trd, 4319819.743, 140
Trd, 4319820.043, 140
Trd, 4319821.143, 140
Trd, 4319821.293, 140
Trd, 4319822.543, 135
Trd, 4319822.743, 134
Trd, 4319823.743, 94
Trd, 4319824.743, 140
Trd, 4319825.143, 140
Trd, 4319825.293, 140
Trd, 4319825.543, 139
Trd, 4319826.493, 131
Trd, 4319828.843, 140
Trd, 4319829.493, 140
Trd, 4319830.293, 140
Trd, 4319830.943, 139
Trd, 4319831.243, 67
Trd, 4319832.193, 74
Trd, 4319833.343, 104
Trd, 4319834.093, 76
Trd, 4319835.343, 110
Trd, 4319835.443, 109
Trd, 4319836.393, 120
Trd, 4319837.193, 140
Trd, 4319839.293, 140
Trd, 4319839.743, 140
Trd, 4319840.293, 140
Trd, 4319840.593, 112
Trd, 4319841.443, 136
Trd, 4319841.643, 136
Trd, 4319842.543, 140
Trd, 4319843.093, 140
Trd, 4319843.243, 136
Trd, 4319845.043, 140
Trd, 4319845.793, 140
Trd, 4319845.893, 140
Trd, 4319846.593, 140
Trd, 4319846.643, 140
Trd, 4319847.293, 140
Trd, 4319847.843, 140
Trd, 4319849.693, 127
Trd, 4319850.093, 127
Trd, 4319850.593, 100
Trd, 4319851.443, 122
Trd, 4319852.543, 140
Trd, 4319853.093, 140
Trd, 4319854.493, 137
Trd, 4319855.393, 140
Trd, 4319855.943, 139
Trd, 4319856.343, 111
Trd, 4319856.993, 105
Trd, 4319857.493, 105
Trd, 4319859.093, 60
Trd, 4319859.393, 60
Trd, 4319860.993, 60
Trd, 4319861.243, 62
Trd, 4319861.343, 68
Trd, 4319861.643, 60
Trd, 4319863.243, 61
Trd, 4319863.643, 61
Trd, 4319863.693, 63
Trd, 4319864.293, 91
Trd, 4319865.693, 140
Trd, 4319866.093, 140
Trd, 4319867.693, 140
Trd, 4319868.393, 140
Trd, 4319869.393, 139
Trd, 4319869.993, 140
Trd, 4319871.993, 140
Trd, 4319872.593, 140
Trd, 4319873.143, 140
Trd, 4319874.343, 140
Trd, 4319874.393, 140
Trd, 4319875.093, 140
Trd, 4319876.543, 140
Trd, 4319876.593, 140
Trd, 4319877.343, 140
Trd, 4319878.093, 140
Trd, 4319879.643, 140
Trd, 4319881.143, 140
Trd, 4319881.243, 140
Trd, 4319881.743, 140
Trd, 4319885.443, 140
Trd, 4319885.993, 140
Trd, 4319886.393, 140
Trd, 4319887.343, 140
Trd, 4319887.793, 140
Trd, 4319888.293, 139
Trd, 4319888.443, 138
Trd, 4319890.093, 136
Trd, 4319890.543, 140
Trd, 4319892.193, 140
Trd, 4319892.243, 139
Trd, 4319892.543, 136
Trd, 4319893.643, 84
Trd, 4319894.943, 140
Trd, 4319895.043, 139
Trd, 4319895.543, 138
Trd, 4319896.143, 139
Trd, 4319896.393, 138
Trd, 4319896.543, 114
Trd, 4319896.993, 87
Trd, 4319897.993, 137
Trd, 4319899.593, 78
Trd, 4319900.043, 107
Trd, 4319900.193, 78
Trd, 4319901.493, 79
Trd, 4319902.093, 87
Trd, 4319903.543, 140
Trd, 4319904.193, 140
Trd, 4319904.743, 140
Trd, 4319904.993, 140
Trd, 4319905.393, 140
Trd, 4319905.893, 66
Trd, 4319906.643, 66
Trd, 4319907.043, 139
Trd, 4319908.693, 60
Trd, 4319908.943, 60
Trd, 4319911.893, 60
Trd, 4319912.143, 61
Trd, 4319912.293, 60
Trd, 4319912.693, 61
Trd, 4319913.293, 61
Trd, 4319913.493, 63
Trd, 4319914.543, 72
Trd, 4319914.943, 67
Trd, 4319915.393, 66
Trd, 4319916.993, 84
Trd, 4319919.143, 140
Trd, 4319920.393, 140
Trd, 4319920.593, 140
Trd, 4319921.243, 139
Trd, 4319922.993, 140
Trd, 4319924.593, 140
Trd, 4319925.543, 140
Trd, 4319926.143, 140
Trd, 4319926.693, 140
Trd, 4319927.643, 140
Trd, 4319929.143, 140
Trd, 4319929.693, 140
Trd, 4319929.943, 140
Trd, 4319930.143, 140
Trd, 4319930.443, 118
Trd, 4319931.493, 140
Trd, 4319933.493, 114
Trd, 4319934.243, 140
Trd, 4319935.493, 140
Trd, 4319935.743, 140
Trd, 4319936.843, 140
Trd, 4319936.943, 139
Trd, 4319937.693, 65
Trd, 4319938.543, 71
Trd, 4319938.893, 85
Trd, 4319939.393, 140
Trd, 4319940.393, 61
Trd, 4319941.593, 63
Trd, 4319941.943, 63
Trd, 4319941.993, 68
Trd, 4319944.393, 140
Trd, 4319945.143, 140
Trd, 4319946.493, 140
Trd, 4319947.293, 140
Trd, 4319949.043, 140
Trd, 4319949.893, 140
Trd, 4319950.543, 140
Trd, 4319951.443, 140
Trd, 4319952.193, 140
Trd, 4319953.393, 140
Trd, 4319953.943, 140
Trd, 4319954.793, 140
Trd, 4319956.243, 140
Trd, 4319956.543, 140
Trd, 4319956.743, 85
Trd, 4319957.793, 140
Trd, 4319958.593, 140
Trd, 4319959.093, 140
Trd, 4319959.293, 140
Trd, 4319959.943, 140
Trd, 4319960.043, 140
Trd, 4319961.143, 140
Trd, 4319962.343, 106
Trd, 4319962.993, 105
Trd, 4319964.543, 140
Trd, 4319966.143, 140
Trd, 4319966.693, 140
Trd, 4319967.093, 140
Trd, 4319967.543, 140
Trd, 4319968.593, 140
Trd, 4319970.343, 140
Trd, 4319970.493, 140
Trd, 4319973.693, 140
Trd, 4319974.543, 140
Trd, 4319974.593, 140
Trd, 4319975.143, 140
Trd, 4319975.493, 140
Trd, 4319976.693, 140
Trd, 4319977.043, 140
Trd, 4319977.093, 140
Trd, 4319977.393, 140
Trd, 4319977.443, 118
Trd, 4319978.543, 137
Trd, 4319981.743, 137
Trd, 4319982.593, 136
Trd, 4319982.693, 134
Trd, 4319983.343, 140
Trd, 4319983.593, 123
Trd, 4319983.893, 99
Trd, 4319984.243, 88
Trd, 4319987.543, 140
Trd, 4319988.093, 140
Trd, 4319990.593, 140
Trd, 4319991.043, 140
Trd, 4319991.443, 140
Trd, 4319992.243, 140
Trd, 4319993.493, 140
Trd, 4319994.243, 140
Trd, 4319995.693, 140
Trd, 4319996.043, 140
Trd, 4319997.293, 140
Trd, 4319998.543, 140
Trd, 4319999.093, 140
Trd, 4319999.293, 140
