Trd, 4318074.593, 114
Trd, 4318074.743, 105
Trd, 4318075.843, 110
Trd, 4318076.543, 113
Trd, 4318077.243, 116
Trd, 4318077.593, 98
Trd, 4318079.643, 105
Trd, 4318079.743, 104
Trd, 4318080.043, 94
Trd, 4318081.343, 97
Trd, 4318081.393, 91
Trd, 4318082.493, 83
Trd, 4318083.593, 109
Trd, 4318084.643, 111
Trd, 4318084.943, 89
Trd, 4318086.243, 125
Trd, 4318086.493, 115
Trd, 4318086.993, 104
Trd, 4318089.043, 81
Trd, 4318089.243, 79
Trd, 4318089.393, 73
Trd, 4318090.293, 111
Trd, 4318090.393, 71
Trd, 4318090.643, 70
Trd, 4318092.043, 94
Trd, 4318093.543, 70
Trd, 4318093.943, 78
Trd, 4318094.143, 64
Trd, 4318094.593, 62
Trd, 4318095.993, 96
Trd, 4318096.143, 94
Trd, 4318097.343, 100
Trd, 4318098.143, 122
Trd, 4318098.343, 93
Trd, 4318098.693, 72
Trd, 4318099.743, 122
Trd, 4318099.993, 89
Trd, 4318102.593, 86
Trd, 4318102.743, 136
Trd, 4318103.843, 73
Trd, 4318104.143, 89
Trd, 4318104.543, 93
Trd, 4318106.093, 61
Trd, 4318107.593, 80
Trd, 4318107.843, 82
Trd, 4318108.093, 107
Trd, 4318108.343, 76
Trd, 4318108.893, 60
Trd, 4318109.643, 86
Trd, 4318111.343, 101
Trd, 4318111.593, 101
Trd, 4318112.043, 117
Trd, 4318112.143, 94
Trd, 4318112.693, 114
Trd, 4318113.693, 126
Trd, 4318114.993, 108
Trd, 4318115.193, 124
Trd, 4318116.293, 106
Trd, 4318117.793, 109
Trd, 4318117.893, 103
Trd, 4318118.293, 129
Trd, 4318118.793, 123
Trd, 4318119.443, 105
Trd, 4318119.793, 80
Trd, 4318120.743, 72
Trd, 4318122.393, 72
Trd, 4318122.443, 76
Trd, 4318122.743, 80
Trd, 4318123.643, 78
Trd, 4318124.093, 80
Trd, 4318124.593, 76
Trd, 4318125.893, 129
Trd, 4318126.493, 84
Trd, 4318127.243, 72
Trd, 4318129.043, 75
Trd, 4318129.243, 90
Trd, 4318129.843, 81
Trd, 4318130.793, 107
Trd, 4318130.843, 87
Trd, 4318131.493, 84
Trd, 4318132.743, 61
Trd, 4318132.943, 84
Trd, 4318135.743, 119
Trd, 4318135.843, 87
Trd, 4318136.243, 98
Trd, 4318137.543, 107
Trd, 4318137.593, 94
Trd, 4318137.743, 93
Trd, 4318139.643, 91
Trd, 4318140.743, 111
Trd, 4318140.943, 107
Trd, 4318141.143, 90
Trd, 4318143.093, 90
Trd, 4318144.093, 72
Trd, 4318144.343, 94
Trd, 4318145.443, 88
Trd, 4318145.593, 103
Trd, 4318145.843, 87
Trd, 4318146.943, 107
Trd, 4318147.843, 95
Trd, 4318147.993, 111
Trd, 4318148.893, 122
Trd, 4318149.043, 121
Trd, 4318149.893, 90
Trd, 4318150.243, 120
Trd, 4318151.693, 95
Trd, 4318153.393, 75
Trd, 4318153.543, 80
Trd, 4318155.043, 87
Trd, 4318155.543, 109
Trd, 4318156.393, 86
Trd, 4318157.243, 90
Trd, 4318157.293, 92
Trd, 4318157.643, 76
Trd, 4318157.993, 70
Trd, 4318159.143, 94
Trd, 4318159.543, 77
Trd, 4318159.943, 75
Trd, 4318160.893, 96
Trd, 4318161.743, 113
Trd, 4318162.593, 103
Trd, 4318162.843, 99
Trd, 4318163.243, 98
Trd, 4318163.443, 105
Trd, 4318163.743, 80
Trd, 4318166.093, 120
Trd, 4318167.243, 99
Trd, 4318168.443, 104
Trd, 4318169.293, 123
Trd, 4318169.593, 98
Trd, 4318169.893, 98
Trd, 4318170.143, 91
Trd, 4318170.443, 120
Trd, 4318171.643, 77
Trd, 4318172.043, 96
Trd, 4318172.193, 109
Trd, 4318172.993, 60
Trd, 4318174.493, 69
Trd, 4318174.993, 86
Trd, 4318177.943, 82
Trd, 4318178.043, 74
Trd, 4318178.643, 90
Trd, 4318178.743, 100
Trd, 4318179.243, 87
Trd, 4318180.443, 123
Trd, 4318180.643, 83
Trd, 4318180.943, 79
Trd, 4318181.243, 74
Trd, 4318181.393, 123
Trd, 4318183.893, 114
Trd, 4318184.193, 97
Trd, 4318185.343, 122
Trd, 4318185.393, 96
Trd, 4318185.693, 104
Trd, 4318186.593, 83
Trd, 4318188.193, 73
Trd, 4318188.593, 64
Trd, 4318188.693, 66
Trd, 4318189.643, 89
Trd, 4318190.093, 96
Trd, 4318190.743, 63
Trd, 4318191.093, 67
Trd, 4318193.093, 73
Trd, 4318193.393, 73
Trd, 4318193.493, 70
Trd, 4318195.243, 104
Trd, 4318195.843, 109
Trd, 4318196.343, 104
Trd, 4318197.193, 95
Trd, 4318197.543, 92
Trd, 4318198.243, 111
Trd, 4318198.843, 90
Trd, 4318199.693, 87
Trd, 4318200.243, 106
Trd, 4318201.243, 75
Trd, 4318201.643, 120
Trd, 4318201.743, 119
Trd, 4318203.043, 91
Trd, 4318206.243, 99
Trd, 4318206.593, 97
Trd, 4318207.743, 101
Trd, 4318208.193, 121
Trd, 4318209.493, 117
Trd, 4318209.893, 113
Trd, 4318210.093, 109
Trd, 4318210.693, 99
Trd, 4318210.743, 95
Trd, 4318210.843, 121
Trd, 4318212.343, 77
Trd, 4318213.143, 90
Trd, 4318215.043, 93
Trd, 4318215.293, 102
Trd, 4318215.443, 89
Trd, 4318216.443, 63
Trd, 4318218.043, 106
Trd, 4318218.743, 106
Trd, 4318218.843, 92
Trd, 4318219.343, 88
Trd, 4318220.243, 86
Trd, 4318220.743, 85
Trd, 4318221.043, 74
Trd, 4318222.043, 89
Trd, 4318222.943, 78
Trd, 4318223.593, 86
Trd, 4318224.243, 83
Trd, 4318224.743, 76
Trd, 4318225.893, 82
Trd, 4318226.243, 71
Trd, 4318227.093, 120
Trd, 4318229.143, 114
Trd, 4318229.343, 108
Trd, 4318229.443, 107
Trd, 4318230.043, 100
Trd, 4318231.293, 105
Trd, 4318232.343, 123
Trd, 4318232.893, 91
Trd, 4318233.293, 69
Trd, 4318235.143, 65
Trd, 4318236.493, 75
Trd, 4318236.793, 77
Trd, 4318236.893, 73
Trd, 4318237.293, 73
Trd, 4318238.993, 84
Trd, 4318239.893, 87
Trd, 4318240.643, 96
Trd, 4318241.993, 111
Trd, 4318242.143, 99
Trd, 4318242.693, 91
Trd, 4318243.293, 81
Trd, 4318245.593, 114
Trd, 4318245.643, 113
Trd, 4318245.793, 112
Trd, 4318246.893, 98
Trd, 4318247.243, 96
Trd, 4318248.043, 91
Trd, 4318248.493, 131
Trd, 4318249.343, 127
Trd, 4318250.043, 101
Trd, 4318251.893, 125
Trd, 4318252.543, 111
Trd, 4318252.993, 103
Trd, 4318253.393, 87
Trd, 4318253.493, 124
Trd, 4318254.493, 86
Trd, 4318255.893, 98
Trd, 4318256.543, 108
Trd, 4318256.893, 89
Trd, 4318257.993, 96
Trd, 4318258.993, 117
Trd, 4318259.993, 87
Trd, 4318260.543, 81
Trd, 4318260.643, 93
Trd, 4318261.793, 77
Trd, 4318262.843, 74
Trd, 4318262.993, 81
Trd, 4318263.843, 113
Trd, 4318264.843, 120
Trd, 4318265.143, 87
Trd, 4318266.743, 108
Trd, 4318267.393, 103
Trd, 4318267.743, 90
Trd, 4318268.343, 101
Trd, 4318269.293, 91
Trd, 4318269.943, 81
Trd, 4318270.743, 71
Trd, 4318271.343, 60
Trd, 4318272.793, 73
Trd, 4318272.993, 78
Trd, 4318273.443, 89
Trd, 4318275.143, 100
Trd, 4318275.393, 87
Trd, 4318276.043, 108
Trd, 4318278.043, 89
Trd, 4318278.993, 100
Trd, 4318280.443, 95
Trd, 4318280.543, 88
Trd, 4318280.643, 80
Trd, 4318281.293, 113
Trd, 4318283.093, 91
Trd, 4318283.443, 67
Trd, 4318284.793, 86
Trd, 4318285.643, 87
Trd, 4318286.093, 90
Trd, 4318287.443, 78
Trd, 4318288.743, 63
Trd, 4318288.993, 77
Trd, 4318291.793, 90
Trd, 4318292.793, 106
Trd, 4318294.143, 125
Trd, 4318294.293, 112
Trd, 4318294.693, 107
Trd, 4318295.943, 106
Trd, 4318296.443, 82
Trd, 4318296.693, 74
Trd, 4318297.593, 83
Trd, 4318299.143, 66
Trd, 4318300.743, 115
Trd, 4318300.943, 87
Trd, 4318301.743, 84
Trd, 4318302.843, 102
Trd, 4318303.193, 73
Trd, 4318304.643, 96
Trd, 4318304.893, 80
Trd, 4318305.793, 110
Trd, 4318305.993, 75
Trd, 4318306.343, 76
Trd, 4318307.843, 103
Trd, 4318309.243, 92
Trd, 4318309.943, 84
Trd, 4318310.143, 67
Trd, 4318311.543, 93
Trd, 4318311.643, 79
Trd, 4318312.143, 93
Trd, 4318313.243, 94
Trd, 4318316.293, 124
Trd, 4318316.493, 120
Trd, 4318317.243, 110
Trd, 4318318.043, 78
Trd, 4318319.643, 115
Trd, 4318320.693, 103
Trd, 4318322.543, 92
Trd, 4318322.793, 84
Trd, 4318323.143, 101
Trd, 4318323.443, 88
Trd, 4318323.793, 85
Trd, 4318324.293, 111
Trd, 4318324.693, 86
Trd, 4318325.493, 95
Trd, 4318326.293, 70
Trd, 4318326.843, 69
Trd, 4318328.043, 71
Trd, 4318329.793, 81
Trd, 4318330.043, 83
Trd, 4318331.593, 112
Trd, 4318331.843, 107
Trd, 4318332.393, 115
Trd, 4318333.143, 106
Trd, 4318333.193, 98
Trd, 4318333.293, 97
Trd, 4318334.393, 109
Trd, 4318334.643, 90
Trd, 4318334.843, 85
Trd, 4318335.593, 80
Trd, 4318336.643, 105
Trd, 4318338.143, 88
Trd, 4318338.243, 107
Trd, 4318338.393, 80
Trd, 4318339.593, 117
Trd, 4318341.393, 76
Trd, 4318341.443, 97
Trd, 4318342.393, 103
Trd, 4318343.143, 103
Trd, 4318343.193, 66
Trd, 4318343.743, 67
Trd, 4318344.693, 62
Trd, 4318345.143, 66
Trd, 4318345.743, 77
Trd, 4318347.143, 68
Trd, 4318347.793, 74
Trd, 4318348.693, 82
Trd, 4318348.993, 74
Trd, 4318349.993, 109
Trd, 4318352.093, 84
Trd, 4318352.393, 74
Trd, 4318353.843, 117
Trd, 4318354.943, 98
Trd, 4318354.993, 87
Trd, 4318355.793, 91
Trd, 4318355.893, 90
Trd, 4318359.243, 84
Trd, 4318359.643, 83
Trd, 4318359.843, 88
Trd, 4318360.543, 75
Trd, 4318361.193, 89
Trd, 4318361.743, 88
Trd, 4318362.293, 97
Trd, 4318362.393, 66
Trd, 4318365.093, 135
Trd, 4318365.143, 133
Trd, 4318366.593, 98
Trd, 4318366.943, 93
Trd, 4318367.093, 97
Trd, 4318368.743, 90
Trd, 4318370.493, 130
Trd, 4318370.793, 114
Trd, 4318371.143, 115
Trd, 4318371.743, 122
Trd, 4318372.293, 88
Trd, 4318373.293, 93
Trd, 4318373.993, 89
Trd, 4318374.843, 90
Trd, 4318375.843, 110
Trd, 4318375.943, 92
Trd, 4318377.893, 108
Trd, 4318379.193, 107
Trd, 4318379.393, 102
Trd, 4318380.843, 90
Trd, 4318381.143, 104
Trd, 4318383.043, 74
Trd, 4318383.343, 124
Trd, 4318383.443, 107
Trd, 4318383.493, 105
Trd, 4318384.793, 104
Trd, 4318384.993, 99
Trd, 4318388.093, 100
Trd, 4318389.393, 90
Trd, 4318389.543, 92
Trd, 4318391.393, 62
Trd, 4318391.593, 72
Trd, 4318391.943, 62
Trd, 4318392.243, 81
Trd, 4318393.393, 134
Trd, 4318393.643, 110
Trd, 4318394.243, 96
Trd, 4318394.793, 137
Trd, 4318396.793, 131
Trd, 4318397.243, 111
Trd, 4318397.643, 104
Trd, 4318397.893, 86
Trd, 4318399.543, 108
Trd, 4318399.693, 111
Trd, 4318400.843, 113
Trd, 4318401.793, 115
Trd, 4318402.693, 114
Trd, 4318402.843, 112
Trd, 4318402.993, 94
Trd, 4318403.843, 92
Trd, 4318406.243, 98
Trd, 4318406.843, 69
Trd, 4318407.093, 97
Trd, 4318407.343, 84
Trd, 4318408.743, 109
Trd, 4318408.793, 87
Trd, 4318409.343, 127
Trd, 4318409.843, 78
Trd, 4318410.243, 84
Trd, 4318411.143, 102
Trd, 4318412.143, 85
Trd, 4318412.643, 82
Trd, 4318412.943, 81
Trd, 4318413.343, 76
Trd, 4318414.243, 90
Trd, 4318414.643, 61
Trd, 4318415.793, 70
Trd, 4318416.743, 85
Trd, 4318417.293, 131
Trd, 4318417.993, 114
Trd, 4318420.743, 98
Trd, 4318421.393, 94
Trd, 4318422.893, 91
Trd, 4318423.293, 103
Trd, 4318425.543, 88
Trd, 4318425.743, 126
Trd, 4318425.943, 88
Trd, 4318426.293, 75
Trd, 4318426.693, 80
Trd, 4318427.243, 94
Trd, 4318428.043, 115
Trd, 4318429.093, 99
Trd, 4318430.793, 127
Trd, 4318431.593, 125
Trd, 4318431.693, 121
Trd, 4318433.793, 128
Trd, 4318434.093, 115
Trd, 4318435.593, 108
Trd, 4318436.693, 117
Trd, 4318437.143, 125
Trd, 4318438.393, 78
Trd, 4318439.193, 110
Trd, 4318439.843, 77
Trd, 4318440.293, 74
Trd, 4318441.593, 88
Trd, 4318441.793, 90
Trd, 4318442.943, 78
Trd, 4318443.643, 117
Trd, 4318444.693, 125
Trd, 4318444.993, 124
Trd, 4318445.043, 119
Trd, 4318446.493, 102
Trd, 4318446.793, 108
Trd, 4318448.593, 115
Trd, 4318448.743, 93
Trd, 4318449.193, 136
Trd, 4318451.543, 129
Trd, 4318451.643, 119
Trd, 4318451.843, 118
Trd, 4318452.293, 107
Trd, 4318452.643, 125
Trd, 4318452.943, 105
Trd, 4318453.093, 96
Trd, 4318456.843, 120
Trd, 4318456.893, 97
Trd, 4318457.743, 103
Trd, 4318458.243, 98
Trd, 4318459.393, 94
Trd, 4318460.593, 119
Trd, 4318461.543, 125
Trd, 4318461.643, 85
Trd, 4318463.193, 88
Trd, 4318463.293, 116
Trd, 4318464.193, 85
Trd, 4318464.743, 100
Trd, 4318465.393, 110
Trd, 4318465.793, 99
Trd, 4318466.343, 114
Trd, 4318466.443, 83
Trd, 4318468.243, 79
Trd, 4318469.143, 120
Trd, 4318470.043, 114
Trd, 4318470.793, 93
Trd, 4318472.143, 89
Trd, 4318472.393, 82
Trd, 4318473.143, 90
Trd, 4318473.643, 89
Trd, 4318474.393, 93
Trd, 4318475.693, 66
Trd, 4318477.493, 80
Trd, 4318478.243, 91
Trd, 4318478.543, 120
Trd, 4318479.143, 70
Trd, 4318482.443, 83
Trd, 4318482.993, 90
Trd, 4318483.143, 83
Trd, 4318483.493, 89
Trd, 4318484.643, 80
Trd, 4318485.993, 79
Trd, 4318486.293, 111
Trd, 4318486.943, 83
Trd, 4318487.493, 95
Trd, 4318488.143, 107
Trd, 4318489.693, 118
Trd, 4318490.693, 80
Trd, 4318492.043, 93
Trd, 4318492.443, 78
Trd, 4318494.393, 97
Trd, 4318494.643, 80
Trd, 4318495.093, 75
Trd, 4318496.443, 80
Trd, 4318496.493, 112
Trd, 4318498.043, 125
Trd, 4318499.043, 129
Trd, 4318499.643, 128
Trd, 4318500.343, 113
Trd, 4318500.993, 129
Trd, 4318501.693, 100
Trd, 4318503.393, 96
Trd, 4318504.143, 87
Trd, 4318504.443, 92
Trd, 4318504.593, 97
Trd, 4318506.193, 113
Trd, 4318506.443, 88
Trd, 4318506.493, 98
Trd, 4318508.343, 104
Trd, 4318510.143, 81
Trd, 4318510.543, 109
Trd, 4318510.593, 94
Trd, 4318510.693, 110
Trd, 4318511.043, 120
Trd, 4318511.693, 122
Trd, 4318512.893, 95
Trd, 4318513.293, 91
Trd, 4318513.793, 100
Trd, 4318514.043, 98
Trd, 4318516.243, 126
Trd, 4318516.543, 118
Trd, 4318517.493, 102
Trd, 4318519.043, 121
Trd, 4318520.493, 106
Trd, 4318520.843, 104
Trd, 4318521.493, 103
Trd, 4318522.493, 94
Trd, 4318522.543, 101
Trd, 4318523.243, 118
Trd, 4318523.293, 98
Trd, 4318523.443, 89
Trd, 4318524.843, 95
Trd, 4318525.393, 118
Trd, 4318526.593, 99
Trd, 4318526.893, 98
Trd, 4318527.493, 105
Trd, 4318528.443, 85
Trd, 4318529.243, 137
Trd, 4318529.643, 101
Trd, 4318529.993, 107
Trd, 4318530.243, 71
Trd, 4318531.793, 102
Trd, 4318534.343, 99
Trd, 4318535.643, 98
Trd, 4318535.943, 92
Trd, 4318536.193, 115
Trd, 4318537.593, 82
Trd, 4318538.243, 78
Trd, 4318538.793, 78
Trd, 4318539.743, 72
Trd, 4318541.693, 80
Trd, 4318541.743, 72
Trd, 4318542.593, 88
Trd, 4318543.243, 97
Trd, 4318546.343, 101
Trd, 4318546.693, 120
Trd, 4318546.993, 107
Trd, 4318547.843, 91
Trd, 4318549.343, 97
Trd, 4318549.793, 94
Trd, 4318550.493, 93
Trd, 4318550.593, 94
Trd, 4318550.693, 76
Trd, 4318553.443, 113
Trd, 4318553.993, 135
Trd, 4318555.243, 106
Trd, 4318556.743, 90
Trd, 4318556.793, 99
Trd, 4318557.093, 86
Trd, 4318557.343, 84
Trd, 4318557.593, 89
Trd, 4318558.393, 67
Trd, 4318559.293, 94
Trd, 4318560.293, 110
Trd, 4318560.593, 101
Trd, 4318560.843, 104
Trd, 4318563.143, 117
Trd, 4318564.443, 105
Trd, 4318565.993, 95
Trd, 4318566.843, 95
Trd, 4318567.243, 94
Trd, 4318567.593, 105
Trd, 4318568.243, 121
Trd, 4318568.743, 105
Trd, 4318570.343, 100
Trd, 4318570.743, 88
Trd, 4318571.593, 83
Trd, 4318571.943, 116
Trd, 4318573.743, 101
Trd, 4318574.193, 100
Trd, 4318574.443, 99
Trd, 4318574.993, 129
Trd, 4318575.343, 112
Trd, 4318576.193, 113
Trd, 4318576.293, 112
Trd, 4318577.593, 94
Trd, 4318577.643, 90
Trd, 4318578.793, 85
Trd, 4318579.843, 119
Trd, 4318580.593, 119
Trd, 4318581.043, 118
Trd, 4318581.143, 112
Trd, 4318582.443, 117
Trd, 4318583.193, 108
Trd, 4318583.393, 97
Trd, 4318584.943, 121
Trd, 4318584.993, 104
Trd, 4318585.543, 103
Trd, 4318586.343, 80
Trd, 4318588.393, 89
Trd, 4318589.243, 101
Trd, 4318589.343, 103
Trd, 4318590.793, 108
Trd, 4318590.943, 108
Trd, 4318592.393, 95
Trd, 4318593.293, 93
Trd, 4318593.593, 85
Trd, 4318594.393, 100
Trd, 4318594.843, 91
Trd, 4318595.293, 87
Trd, 4318597.593, 109
Trd, 4318597.793, 117
Trd, 4318599.343, 117
Trd, 4318600.393, 132
Trd, 4318601.593, 99
Trd, 4318602.843, 102
Trd, 4318604.143, 113
Trd, 4318604.543, 95
Trd, 4318604.843, 87
Trd, 4318607.443, 97
Trd, 4318608.043, 90
Trd, 4318608.443, 128
Trd, 4318608.843, 90
Trd, 4318609.393, 121
Trd, 4318610.143, 106
Trd, 4318610.543, 121
Trd, 4318610.993, 120
Trd, 4318611.793, 108
Trd, 4318612.243, 122
Trd, 4318613.893, 138
Trd, 4318613.993, 126
Trd, 4318614.393, 104
Trd, 4318615.843, 95
Trd, 4318617.793, 108
Trd, 4318618.243, 107
Trd, 4318619.443, 136
Trd, 4318619.893, 109
Trd, 4318620.393, 109
Trd, 4318620.743, 101
Trd, 4318621.543, 89
Trd, 4318623.443, 112
Trd, 4318623.893, 111
Trd, 4318624.793, 111
Trd, 4318624.843, 109
Trd, 4318624.993, 96
Trd, 4318626.393, 94
Trd, 4318626.843, 89
Trd, 4318627.793, 85
Trd, 4318628.593, 92
Trd, 4318628.643, 80
Trd, 4318629.493, 64
Trd, 4318630.143, 65
Trd, 4318631.243, 67
Trd, 4318632.443, 72
Trd, 4318633.293, 74
Trd, 4318633.793, 78
Trd, 4318634.043, 79
Trd, 4318634.793, 100
Trd, 4318636.093, 106
Trd, 4318636.593, 85
Trd, 4318638.043, 105
Trd, 4318638.643, 113
Trd, 4318639.693, 99
Trd, 4318639.943, 85
Trd, 4318640.393, 89
Trd, 4318641.793, 132
Trd, 4318643.043, 129
Trd, 4318643.743, 113
Trd, 4318643.843, 112
Trd, 4318644.043, 111
Trd, 4318644.143, 105
Trd, 4318644.293, 94
Trd, 4318644.443, 87
Trd, 4318645.893, 83
Trd, 4318646.893, 93
Trd, 4318648.193, 99
Trd, 4318649.143, 86
Trd, 4318649.193, 98
Trd, 4318650.243, 113
Trd, 4318650.593, 111
Trd, 4318650.643, 109
Trd, 4318650.993, 101
Trd, 4318651.093, 76
Trd, 4318651.443, 73
Trd, 4318653.393, 73
Trd, 4318654.143, 130
Trd, 4318654.193, 102
Trd, 4318655.293, 77
Trd, 4318656.393, 125
Trd, 4318657.743, 103
Trd, 4318658.393, 88
Trd, 4318658.643, 80
Trd, 4318658.793, 91
Trd, 4318659.543, 126
Trd, 4318660.493, 117
Trd, 4318660.793, 96
Trd, 4318661.243, 90
Trd, 4318661.493, 79
Trd, 4318662.643, 121
Trd, 4318663.993, 119
Trd, 4318664.943, 104
Trd, 4318666.043, 87
Trd, 4318666.543, 100
Trd, 4318668.443, 97
Trd, 4318668.743, 94
Trd, 4318669.793, 92
Trd, 4318670.043, 96
Trd, 4318670.843, 93
Trd, 4318671.493, 91
Trd, 4318673.493, 119
Trd, 4318674.193, 127
Trd, 4318674.593, 110
Trd, 4318675.393, 115
Trd, 4318676.143, 129
Trd, 4318678.893, 96
Trd, 4318679.143, 94
Trd, 4318680.793, 94
Trd, 4318680.943, 122
Trd, 4318681.893, 106
Trd, 4318682.843, 119
Trd, 4318683.143, 118
Trd, 4318683.993, 115
Trd, 4318684.193, 113
Trd, 4318684.693, 94
Trd, 4318685.493, 83
Trd, 4318686.343, 85
Trd, 4318686.843, 87
Trd, 4318687.593, 101
Trd, 4318687.743, 126
Trd, 4318688.243, 83
Trd, 4318689.443, 82
Trd, 4318689.893, 63
Trd, 4318692.593, 63
Trd, 4318693.043, 71
Trd, 4318693.243, 74
Trd, 4318693.643, 90
Trd, 4318693.893, 76
Trd, 4318695.743, 129
Trd, 4318695.993, 119
Trd, 4318698.043, 119
Trd, 4318699.043, 81
Trd, 4318699.943, 96
Trd, 4318700.543, 104
Trd, 4318702.093, 98
Trd, 4318704.293, 105
Trd, 4318704.543, 92
Trd, 4318704.893, 116
Trd, 4318705.393, 89
Trd, 4318705.843, 88
Trd, 4318706.843, 118
Trd, 4318707.043, 93
Trd, 4318707.893, 79
Trd, 4318708.993, 129
Trd, 4318709.393, 91
Trd, 4318710.993, 96
Trd, 4318713.343, 113
Trd, 4318713.493, 112
Trd, 4318713.643, 106
Trd, 4318713.693, 101
Trd, 4318714.093, 100
Trd, 4318715.093, 101
Trd, 4318717.393, 91
Trd, 4318718.143, 108
Trd, 4318718.193, 98
Trd, 4318718.443, 93
Trd, 4318720.243, 88
Trd, 4318720.443, 84
Trd, 4318722.943, 135
Trd, 4318722.993, 130
Trd, 4318723.243, 125
Trd, 4318724.793, 78
Trd, 4318724.943, 84
Trd, 4318725.843, 112
Trd, 4318726.443, 96
Trd, 4318727.443, 92
Trd, 4318728.143, 108
Trd, 4318730.393, 91
Trd, 4318731.093, 89
Trd, 4318731.493, 85
Trd, 4318732.143, 99
Trd, 4318732.643, 93
Trd, 4318733.393, 92
Trd, 4318734.693, 103
Trd, 4318735.043, 68
Trd, 4318735.143, 79
Trd, 4318735.293, 100
Trd, 4318738.393, 91
Trd, 4318740.043, 86
Trd, 4318740.093, 85
Trd, 4318740.843, 85
Trd, 4318741.343, 84
Trd, 4318742.743, 102
Trd, 4318742.893, 80
Trd, 4318743.193, 73
Trd, 4318744.393, 111
Trd, 4318746.893, 131
Trd, 4318747.393, 124
Trd, 4318748.343, 130
Trd, 4318748.393, 129
Trd, 4318748.443, 119
Trd, 4318748.593, 111
Trd, 4318749.893, 107
Trd, 4318751.093, 98
Trd, 4318751.543, 94
Trd, 4318751.943, 100
Trd, 4318752.193, 107
Trd, 4318752.243, 79
Trd, 4318752.693, 105
Trd, 4318753.543, 100
Trd, 4318754.443, 130
Trd, 4318754.593, 103
Trd, 4318755.843, 124
Trd, 4318758.343, 125
Trd, 4318758.493, 119
Trd, 4318759.393, 106
Trd, 4318760.593, 99
Trd, 4318761.843, 109
Trd, 4318761.943, 104
Trd, 4318762.343, 111
Trd, 4318762.493, 72
Trd, 4318763.893, 122
Trd, 4318764.743, 95
Trd, 4318765.193, 92
Trd, 4318765.593, 107
Trd, 4318766.993, 80
Trd, 4318768.193, 112
Trd, 4318769.143, 90
Trd, 4318769.843, 85
Trd, 4318770.543, 68
Trd, 4318770.693, 94
Trd, 4318770.893, 116
Trd, 4318773.043, 96
Trd, 4318773.543, 110
Trd, 4318774.093, 105
Trd, 4318775.143, 130
Trd, 4318775.193, 113
Trd, 4318775.493, 92
Trd, 4318776.493, 94
Trd, 4318777.293, 96
Trd, 4318778.643, 91
Trd, 4318778.893, 88
Trd, 4318779.093, 78
Trd, 4318779.843, 82
Trd, 4318780.643, 94
Trd, 4318781.093, 62
Trd, 4318781.193, 100
Trd, 4318782.593, 80
Trd, 4318783.393, 109
Trd, 4318783.793, 82
Trd, 4318784.293, 79
Trd, 4318785.093, 95
Trd, 4318785.343, 97
Trd, 4318788.543, 103
Trd, 4318789.793, 93
Trd, 4318789.843, 93
Trd, 4318790.343, 109
Trd, 4318791.243, 110
Trd, 4318791.843, 101
Trd, 4318792.193, 99
Trd, 4318793.143, 90
Trd, 4318794.843, 98
Trd, 4318795.293, 88
Trd, 4318795.343, 82
Trd, 4318795.993, 77
Trd, 4318797.093, 91
Trd, 4318797.793, 129
Trd, 4318798.293, 106
Trd, 4318798.343, 106
Trd, 4318798.743, 82
Trd, 4318799.493, 91
Trd, 4318800.993, 96
Trd, 4318801.893, 106
Trd, 4318803.193, 92
Trd, 4318804.993, 89
Trd, 4318805.743, 126
Trd, 4318805.993, 87
Trd, 4318807.443, 135
Trd, 4318808.043, 124
Trd, 4318809.843, 115
Trd, 4318809.943, 116
Trd, 4318811.193, 109
Trd, 4318812.143, 101
Trd, 4318813.043, 120
Trd, 4318813.643, 117
Trd, 4318814.293, 116
Trd, 4318814.993, 105
Trd, 4318815.643, 90
Trd, 4318816.593, 66
Trd, 4318817.393, 115
Trd, 4318818.243, 128
Trd, 4318818.343, 116
Trd, 4318818.993, 105
Trd, 4318820.043, 122
Trd, 4318821.043, 120
Trd, 4318822.543, 99
Trd, 4318824.193, 97
Trd, 4318824.343, 91
Trd, 4318825.793, 121
Trd, 4318825.893, 91
Trd, 4318826.293, 93
Trd, 4318827.093, 126
Trd, 4318827.343, 75
Trd, 4318827.493, 70
Trd, 4318829.543, 66
Trd, 4318830.843, 97
Trd, 4318830.893, 87
Trd, 4318831.343, 86
Trd, 4318831.393, 73
Trd, 4318832.543, 89
Trd, 4318835.093, 99
Trd, 4318835.143, 96
Trd, 4318835.743, 95
Trd, 4318836.943, 94
Trd, 4318837.493, 94
Trd, 4318837.943, 83
Trd, 4318838.993, 105
Trd, 4318839.643, 90
Trd, 4318840.143, 79
Trd, 4318840.593, 72
Trd, 4318840.893, 76
Trd, 4318840.943, 97
Trd, 4318841.493, 90
Trd, 4318842.343, 120
Trd, 4318844.293, 79
Trd, 4318845.743, 73
Trd, 4318845.993, 122
Trd, 4318846.243, 115
Trd, 4318846.793, 114
Trd, 4318846.943, 107
Trd, 4318847.543, 98
Trd, 4318849.093, 118
Trd, 4318849.143, 102
Trd, 4318851.693, 91
Trd, 4318852.293, 100
Trd, 4318852.643, 89
Trd, 4318853.493, 92
Trd, 4318853.643, 96
Trd, 4318854.293, 109
Trd, 4318854.693, 120
Trd, 4318855.693, 110
Trd, 4318856.293, 115
Trd, 4318856.493, 109
Trd, 4318856.943, 110
Trd, 4318857.593, 104
Trd, 4318858.493, 130
Trd, 4318858.843, 110
Trd, 4318859.193, 85
Trd, 4318860.443, 84
Trd, 4318861.993, 75
Trd, 4318862.093, 112
Trd, 4318863.093, 106
Trd, 4318863.143, 81
Trd, 4318864.293, 89
Trd, 4318865.043, 86
Trd, 4318865.993, 93
Trd, 4318866.193, 89
Trd, 4318866.843, 73
Trd, 4318868.643, 99
Trd, 4318869.043, 97
Trd, 4318869.093, 83
Trd, 4318869.493, 77
Trd, 4318869.943, 77
Trd, 4318870.493, 74
Trd, 4318872.293, 84
Trd, 4318872.543, 61
Trd, 4318873.143, 99
Trd, 4318873.443, 83
Trd, 4318874.243, 109
Trd, 4318874.343, 102
Trd, 4318876.793, 109
Trd, 4318877.043, 106
Trd, 4318877.643, 107
Trd, 4318878.943, 103
Trd, 4318879.943, 103
Trd, 4318880.143, 111
Trd, 4318880.643, 88
Trd, 4318880.893, 84
Trd, 4318881.043, 90
Trd, 4318883.593, 113
Trd, 4318883.743, 95
Trd, 4318883.993, 87
Trd, 4318885.643, 80
Trd, 4318888.643, 69
Trd, 4318888.693, 70
Trd, 4318889.093, 76
Trd, 4318889.193, 87
Trd, 4318889.393, 99
Trd, 4318890.593, 101
Trd, 4318890.693, 97
Trd, 4318890.893, 90
Trd, 4318892.443, 98
Trd, 4318892.643, 102
Trd, 4318892.893, 107
Trd, 4318894.193, 112
Trd, 4318894.393, 133
Trd, 4318896.743, 70
Trd, 4318897.143, 76
Trd, 4318898.343, 87
Trd, 4318898.993, 76
Trd, 4318899.593, 83
Trd, 4318899.993, 89
Trd, 4318901.093, 103
Trd, 4318902.243, 125
Trd, 4318902.793, 123
Trd, 4318902.893, 114
Trd, 4318902.943, 103
Trd, 4318904.143, 110
Trd, 4318905.393, 91
Trd, 4318906.543, 91
Trd, 4318906.743, 107
Trd, 4318908.143, 95
Trd, 4318908.543, 101
Trd, 4318908.593, 89
Trd, 4318910.243, 111
Trd, 4318911.343, 109
Trd, 4318911.593, 113
Trd, 4318912.443, 119
Trd, 4318912.593, 77
Trd, 4318913.843, 86
Trd, 4318914.893, 72
Trd, 4318915.493, 71
Trd, 4318916.443, 78
Trd, 4318917.493, 109
Trd, 4318917.693, 101
Trd, 4318917.893, 92
Trd, 4318918.493, 107
Trd, 4318918.893, 80
Trd, 4318920.493, 115
Trd, 4318922.693, 121
Trd, 4318923.643, 97
Trd, 4318924.293, 117
Trd, 4318924.443, 84
Trd, 4318925.943, 109
Trd, 4318926.343, 96
Trd, 4318927.593, 111
Trd, 4318927.743, 95
Trd, 4318928.293, 105
Trd, 4318928.593, 114
Trd, 4318931.343, 119
Trd, 4318931.843, 91
Trd, 4318932.593, 89
Trd, 4318933.643, 86
Trd, 4318935.993, 135
Trd, 4318936.293, 128
Trd, 4318936.843, 112
Trd, 4318937.743, 103
Trd, 4318938.093, 102
Trd, 4318938.843, 81
Trd, 4318939.093, 79
Trd, 4318940.643, 81
Trd, 4318941.143, 64
Trd, 4318942.293, 74
Trd, 4318943.593, 79
Trd, 4318943.743, 80
Trd, 4318944.043, 82
Trd, 4318944.743, 71
Trd, 4318945.443, 118
Trd, 4318946.343, 134
Trd, 4318946.493, 81
Trd, 4318947.843, 101
Trd, 4318948.143, 94
Trd, 4318948.593, 105
Trd, 4318949.543, 90
Trd, 4318950.193, 104
Trd, 4318951.443, 87
Trd, 4318953.693, 112
Trd, 4318953.943, 94
Trd, 4318954.743, 111
Trd, 4318956.143, 112
Trd, 4318957.043, 105
Trd, 4318957.093, 109
Trd, 4318957.143, 98
Trd, 4318958.243, 113
Trd, 4318958.493, 83
Trd, 4318959.293, 86
Trd, 4318959.493, 80
Trd, 4318960.843, 92
Trd, 4318961.643, 80
Trd, 4318962.593, 65
Trd, 4318963.893, 69
Trd, 4318965.543, 114
Trd, 4318965.693, 87
Trd, 4318965.843, 136
Trd, 4318966.193, 81
Trd, 4318966.743, 68
Trd, 4318968.543, 89
Trd, 4318969.143, 72
Trd, 4318970.843, 93
Trd, 4318972.193, 89
Trd, 4318972.443, 95
Trd, 4318972.893, 84
Trd, 4318973.743, 103
Trd, 4318973.843, 109
Trd, 4318974.343, 98
Trd, 4318974.743, 99
Trd, 4318975.443, 113
Trd, 4318975.843, 103
Trd, 4318976.393, 119
Trd, 4318977.143, 101
Trd, 4318977.693, 101
Trd, 4318977.993, 119
Trd, 4318979.243, 87
Trd, 4318979.393, 122
Trd, 4318980.293, 84
Trd, 4318981.043, 74
Trd, 4318982.043, 80
Trd, 4318984.843, 94
Trd, 4318986.193, 93
Trd, 4318986.343, 83
Trd, 4318986.693, 95
Trd, 4318986.893, 81
Trd, 4318986.993, 78
Trd, 4318988.543, 86
Trd, 4318988.693, 85
Trd, 4318989.643, 91
Trd, 4318991.493, 114
Trd, 4318993.393, 116
Trd, 4318993.743, 102
Trd, 4318993.893, 97
Trd, 4318993.993, 122
Trd, 4318994.243, 122
Trd, 4318995.693, 84
Trd, 4318996.193, 71
Trd, 4318996.293, 71
Trd, 4318997.193, 110
Trd, 4318998.093, 104
Trd, 4318999.893, 99
Trd, 4319001.193, 91
Trd, 4319001.693, 85
Trd, 4319003.343, 82
Trd, 4319003.743, 94
Trd, 4319004.343, 92
Trd, 4319005.293, 70
Trd, 4319006.493, 84
Trd, 4319008.943, 93
Trd, 4319009.693, 113
Trd, 4319010.393, 93
Trd, 4319010.493, 86
Trd, 4319011.543, 118
Trd, 4319012.143, 116
Trd, 4319012.343, 106
Trd, 4319012.893, 109
Trd, 4319013.043, 111
Trd, 4319013.193, 106
Trd, 4319013.693, 112
Trd, 4319015.093, 83
Trd, 4319015.443, 69
Trd, 4319016.843, 84
Trd, 4319016.943, 86
Trd, 4319017.843, 69
Trd, 4319018.293, 125
Trd, 4319018.343, 108
Trd, 4319018.893, 60
Trd, 4319018.993, 68
Trd, 4319019.693, 118
Trd, 4319022.393, 102
Trd, 4319023.093, 87
Trd, 4319023.343, 92
Trd, 4319023.393, 81
Trd, 4319024.693, 99
Trd, 4319024.793, 98
Trd, 4319026.793, 78
Trd, 4319027.543, 117
Trd, 4319028.393, 100
Trd, 4319028.493, 90
Trd, 4319029.443, 75
Trd, 4319029.993, 122
Trd, 4319030.143, 111
Trd, 4319030.293, 113
Trd, 4319032.093, 121
Trd, 4319033.943, 115
Trd, 4319036.043, 105
Trd, 4319036.893, 96
Trd, 4319037.243, 94
Trd, 4319037.393, 89
Trd, 4319038.343, 132
Trd, 4319038.943, 128
Trd, 4319040.493, 114
Trd, 4319040.793, 103
Trd, 4319042.343, 89
Trd, 4319042.393, 87
Trd, 4319042.443, 130
Trd, 4319044.543, 97
Trd, 4319045.793, 88
Trd, 4319046.493, 93
Trd, 4319046.743, 103
Trd, 4319047.743, 86
Trd, 4319049.293, 117
Trd, 4319049.943, 102
Trd, 4319051.743, 101
Trd, 4319051.843, 96
Trd, 4319052.643, 95
Trd, 4319053.693, 131
Trd, 4319053.943, 129
Trd, 4319054.043, 115
Trd, 4319054.743, 97
Trd, 4319055.643, 110
Trd, 4319056.043, 81
Trd, 4319056.443, 85
Trd, 4319057.693, 77
Trd, 4319058.343, 133
Trd, 4319059.293, 117
Trd, 4319060.043, 99
Trd, 4319061.443, 137
Trd, 4319062.043, 120
Trd, 4319062.593, 122
Trd, 4319065.143, 102
Trd, 4319065.243, 95
Trd, 4319065.743, 98
Trd, 4319066.243, 93
Trd, 4319066.993, 126
Trd, 4319067.743, 96
Trd, 4319068.143, 131
Trd, 4319069.643, 122
Trd, 4319070.943, 94
Trd, 4319071.493, 94
Trd, 4319071.693, 82
Trd, 4319071.993, 76
Trd, 4319073.593, 120
Trd, 4319073.643, 76
Trd, 4319073.943, 121
Trd, 4319074.293, 67
Trd, 4319075.893, 64
Trd, 4319077.093, 111
Trd, 4319077.493, 110
Trd, 4319078.993, 84
Trd, 4319079.193, 111
Trd, 4319079.993, 122
Trd, 4319080.243, 101
Trd, 4319080.843, 75
Trd, 4319080.893, 68
Trd, 4319081.843, 103
Trd, 4319084.093, 88
Trd, 4319084.193, 87
Trd, 4319085.443, 84
Trd, 4319086.293, 126
Trd, 4319088.293, 66
Trd, 4319088.493, 70
Trd, 4319090.093, 120
Trd, 4319090.593, 93
Trd, 4319090.793, 87
Trd, 4319090.943, 90
Trd, 4319091.643, 100
Trd, 4319092.093, 89
Trd, 4319092.843, 89
Trd, 4319093.843, 87
Trd, 4319094.393, 90
Trd, 4319094.993, 78
Trd, 4319096.993, 103
Trd, 4319097.843, 117
Trd, 4319098.693, 103
Trd, 4319098.993, 91
Trd, 4319100.043, 77
Trd, 4319100.243, 69
Trd, 4319100.343, 83
Trd, 4319102.093, 90
Trd, 4319102.293, 82
Trd, 4319103.343, 115
Trd, 4319103.593, 103
Trd, 4319105.493, 104
Trd, 4319105.543, 86
Trd, 4319106.143, 83
Trd, 4319107.143, 119
Trd, 4319108.143, 109
Trd, 4319108.393, 99
Trd, 4319109.843, 89
Trd, 4319111.543, 112
Trd, 4319111.693, 94
Trd, 4319111.843, 94
Trd, 4319113.243, 114
Trd, 4319113.293, 105
Trd, 4319113.543, 104
Trd, 4319115.393, 104
Trd, 4319116.593, 127
Trd, 4319116.643, 84
Trd, 4319117.943, 81
Trd, 4319118.193, 80
Trd, 4319119.643, 92
Trd, 4319120.093, 97
Trd, 4319120.543, 99
Trd, 4319121.443, 98
Trd, 4319121.593, 97
Trd, 4319122.493, 89
Trd, 4319123.543, 95
Trd, 4319123.843, 97
Trd, 4319124.743, 92
Trd, 4319125.443, 119
Trd, 4319125.943, 120
Trd, 4319126.093, 109
Trd, 4319130.243, 104
Trd, 4319130.343, 101
Trd, 4319131.543, 94
Trd, 4319132.393, 84
Trd, 4319133.143, 89
Trd, 4319134.043, 89
Trd, 4319134.493, 90
Trd, 4319134.693, 97
Trd, 4319135.343, 100
Trd, 4319135.443, 96
Trd, 4319138.093, 96
Trd, 4319138.993, 102
Trd, 4319139.143, 99
Trd, 4319139.793, 110
Trd, 4319140.493, 77
Trd, 4319141.493, 79
Trd, 4319142.193, 92
Trd, 4319142.543, 99
Trd, 4319143.343, 78
Trd, 4319143.793, 77
Trd, 4319144.193, 76
Trd, 4319145.793, 86
Trd, 4319146.943, 87
Trd, 4319147.843, 120
Trd, 4319148.243, 118
Trd, 4319148.493, 117
Trd, 4319148.793, 110
Trd, 4319148.893, 92
Trd, 4319149.693, 88
Trd, 4319150.993, 91
Trd, 4319151.443, 87
Trd, 4319152.393, 82
Trd, 4319152.893, 100
Trd, 4319153.843, 91
Trd, 4319154.693, 85
Trd, 4319155.043, 73
Trd, 4319156.393, 81
Trd, 4319156.493, 95
Trd, 4319156.743, 71
Trd, 4319158.543, 86
Trd, 4319158.793, 85
Trd, 4319159.643, 104
Trd, 4319160.843, 81
Trd, 4319161.543, 121
Trd, 4319162.293, 120
Trd, 4319162.343, 99
Trd, 4319163.143, 115
Trd, 4319163.743, 110
Trd, 4319163.943, 105
Trd, 4319164.693, 119
Trd, 4319164.893, 124
Trd, 4319165.043, 98
Trd, 4319167.093, 102
Trd, 4319169.043, 98
Trd, 4319169.943, 103
Trd, 4319171.693, 131
Trd, 4319172.893, 130
Trd, 4319173.293, 137
Trd, 4319173.343, 107
Trd, 4319174.143, 121
Trd, 4319174.593, 119
Trd, 4319174.693, 116
Trd, 4319175.543, 108
Trd, 4319176.593, 127
Trd, 4319176.793, 111
Trd, 4319177.443, 96
Trd, 4319178.243, 96
Trd, 4319179.343, 127
Trd, 4319181.643, 135
Trd, 4319181.693, 123
Trd, 4319182.143, 94
Trd, 4319182.943, 80
Trd, 4319183.693, 64
Trd, 4319184.193, 66
Trd, 4319184.843, 87
Trd, 4319185.943, 92
Trd, 4319186.893, 113
Trd, 4319187.943, 109
Trd, 4319187.993, 87
Trd, 4319188.443, 83
Trd, 4319190.193, 90
Trd, 4319191.143, 125
Trd, 4319191.643, 93
Trd, 4319192.243, 94
Trd, 4319192.643, 92
Trd, 4319193.143, 76
Trd, 4319193.493, 99
Trd, 4319194.393, 83
Trd, 4319195.093, 106
Trd, 4319195.993, 122
Trd, 4319197.043, 98
Trd, 4319197.393, 98
Trd, 4319198.993, 122
Trd, 4319199.993, 134
Trd, 4319200.693, 116
Trd, 4319200.843, 108
Trd, 4319201.843, 110
Trd, 4319202.193, 138
Trd, 4319206.243, 109
Trd, 4319207.343, 97
Trd, 4319208.143, 109
Trd, 4319208.643, 102
Trd, 4319208.743, 94
Trd, 4319209.193, 110
Trd, 4319209.843, 112
Trd, 4319210.143, 89
Trd, 4319210.393, 67
Trd, 4319210.743, 76
Trd, 4319211.693, 70
Trd, 4319211.793, 72
Trd, 4319212.343, 137
Trd, 4319213.793, 73
Trd, 4319215.693, 102
Trd, 4319216.893, 109
Trd, 4319217.493, 107
Trd, 4319217.643, 90
Trd, 4319217.993, 102
Trd, 4319218.993, 97
Trd, 4319220.043, 100
Trd, 4319221.943, 93
Trd, 4319225.043, 119
Trd, 4319225.743, 83
Trd, 4319225.893, 80
Trd, 4319227.093, 94
Trd, 4319228.143, 87
Trd, 4319228.443, 97
Trd, 4319229.343, 92
Trd, 4319231.893, 124
Trd, 4319231.993, 123
Trd, 4319232.193, 113
Trd, 4319232.243, 112
Trd, 4319233.493, 96
Trd, 4319233.893, 75
Trd, 4319235.493, 110
Trd, 4319235.793, 104
Trd, 4319235.843, 112
Trd, 4319236.093, 100
Trd, 4319237.293, 102
Trd, 4319237.443, 99
Trd, 4319237.943, 98
Trd, 4319238.343, 77
Trd, 4319239.493, 78
Trd, 4319239.943, 91
Trd, 4319240.443, 102
Trd, 4319240.743, 75
Trd, 4319240.793, 118
Trd, 4319241.293, 85
Trd, 4319242.693, 62
Trd, 4319243.843, 103
Trd, 4319244.543, 120
Trd, 4319246.093, 89
Trd, 4319246.393, 102
Trd, 4319246.993, 78
Trd, 4319247.693, 68
Trd, 4319248.593, 85
Trd, 4319248.693, 114
Trd, 4319249.443, 115
Trd, 4319249.793, 87
Trd, 4319251.193, 120
Trd, 4319252.743, 85
Trd, 4319252.943, 85
Trd, 4319253.193, 95
Trd, 4319253.243, 92
Trd, 4319254.093, 82
Trd, 4319254.443, 80
Trd, 4319256.243, 103
Trd, 4319256.293, 103
Trd, 4319256.593, 80
Trd, 4319258.193, 136
Trd, 4319258.243, 109
Trd, 4319258.393, 139
Trd, 4319259.143, 109
Trd, 4319260.493, 103
Trd, 4319261.993, 99
Trd, 4319262.793, 108
Trd, 4319262.843, 90
Trd, 4319263.643, 105
Trd, 4319264.793, 92
Trd, 4319265.643, 76
Trd, 4319267.143, 100
Trd, 4319268.493, 93
Trd, 4319269.043, 113
Trd, 4319269.993, 83
Trd, 4319270.293, 83
Trd, 4319270.343, 84
Trd, 4319270.543, 81
Trd, 4319271.943, 117
Trd, 4319272.693, 109
Trd, 4319274.893, 100
Trd, 4319275.243, 101
Trd, 4319276.143, 105
Trd, 4319276.443, 109
Trd, 4319276.643, 114
Trd, 4319278.293, 96
Trd, 4319279.143, 90
Trd, 4319279.843, 91
Trd, 4319282.843, 133
Trd, 4319283.343, 108
Trd, 4319284.343, 101
Trd, 4319284.443, 92
Trd, 4319285.093, 99
Trd, 4319285.943, 103
Trd, 4319287.943, 109
Trd, 4319288.143, 90
Trd, 4319288.243, 85
Trd, 4319290.343, 139
Trd, 4319290.493, 130
Trd, 4319291.093, 120
Trd, 4319291.443, 109
Trd, 4319292.343, 82
Trd, 4319294.443, 94
Trd, 4319294.943, 100
Trd, 4319295.443, 92
Trd, 4319295.793, 86
Trd, 4319295.893, 79
Trd, 4319296.343, 88
Trd, 4319296.843, 73
Trd, 4319298.243, 78
Trd, 4319299.693, 82
Trd, 4319300.693, 60
Trd, 4319301.493, 86
Trd, 4319301.643, 115
Trd, 4319301.893, 84
Trd, 4319302.093, 116
Trd, 4319304.593, 82
Trd, 4319304.693, 94
Trd, 4319305.143, 125
Trd, 4319305.693, 104
Trd, 4319306.593, 90
Trd, 4319308.093, 120
Trd, 4319308.543, 94
Trd, 4319308.793, 91
Trd, 4319309.143, 89
Trd, 4319309.843, 99
Trd, 4319310.393, 91
Trd, 4319311.143, 97
Trd, 4319311.943, 130
Trd, 4319312.243, 105
Trd, 4319312.343, 99
Trd, 4319312.543, 65
Trd, 4319313.893, 63
Trd, 4319315.793, 63
Trd, 4319316.193, 66
Trd, 4319317.043, 96
Trd, 4319318.743, 114
Trd, 4319319.393, 108
Trd, 4319321.093, 129
Trd, 4319322.343, 94
Trd, 4319322.843, 126
Trd, 4319322.993, 120
Trd, 4319323.043, 97
Trd, 4319324.943, 88
Trd, 4319325.243, 91
Trd, 4319326.093, 109
Trd, 4319326.343, 66
Trd, 4319327.143, 111
Trd, 4319327.493, 113
Trd, 4319329.143, 119
Trd, 4319329.243, 117
Trd, 4319330.393, 96
Trd, 4319331.993, 129
Trd, 4319332.543, 114
Trd, 4319332.693, 113
Trd, 4319332.893, 93
Trd, 4319333.593, 89
Trd, 4319333.693, 84
Trd, 4319336.043, 103
Trd, 4319336.193, 102
Trd, 4319336.243, 101
Trd, 4319336.293, 120
Trd, 4319338.243, 124
Trd, 4319338.693, 104
Trd, 4319338.993, 135
Trd, 4319340.893, 111
Trd, 4319342.493, 110
Trd, 4319343.893, 101
Trd, 4319343.993, 119
Trd, 4319344.193, 100
Trd, 4319345.643, 117
Trd, 4319345.993, 106
Trd, 4319346.043, 96
Trd, 4319347.393, 126
Trd, 4319348.493, 124
Trd, 4319349.193, 118
Trd, 4319351.143, 135
Trd, 4319351.493, 115
Trd, 4319352.093, 108
Trd, 4319352.343, 118
Trd, 4319354.043, 110
Trd, 4319354.893, 110
Trd, 4319355.293, 104
Trd, 4319356.043, 125
Trd, 4319356.343, 105
Trd, 4319356.693, 97
Trd, 4319358.893, 128
Trd, 4319359.793, 127
Trd, 4319359.993, 128
Trd, 4319360.343, 111
Trd, 4319360.993, 96
Trd, 4319361.793, 114
Trd, 4319362.243, 114
Trd, 4319363.193, 117
Trd, 4319364.243, 106
Trd, 4319364.293, 96
Trd, 4319365.193, 106
Trd, 4319365.343, 88
Trd, 4319365.993, 106
Trd, 4319366.993, 131
Trd, 4319367.143, 110
Trd, 4319368.893, 126
Trd, 4319370.843, 125
Trd, 4319371.193, 113
Trd, 4319371.693, 116
Trd, 4319371.743, 101
Trd, 4319372.393, 101
Trd, 4319372.593, 99
Trd, 4319373.343, 98
Trd, 4319374.493, 119
Trd, 4319374.793, 128
Trd, 4319376.293, 117
Trd, 4319377.393, 112
Trd, 4319377.543, 106
Trd, 4319377.643, 102
Trd, 4319378.643, 117
Trd, 4319379.693, 94
Trd, 4319380.893, 132
Trd, 4319381.443, 118
Trd, 4319382.243, 132
Trd, 4319382.593, 121
Trd, 4319383.293, 104
Trd, 4319383.743, 94
Trd, 4319384.643, 86
Trd, 4319385.543, 109
Trd, 4319385.943, 84
Trd, 4319386.193, 125
Trd, 4319386.943, 84
Trd, 4319387.593, 82
Trd, 4319389.893, 131
Trd, 4319389.943, 130
Trd, 4319390.543, 107
Trd, 4319390.593, 68
Trd, 4319390.643, 67
Trd, 4319391.093, 105
Trd, 4319393.043, 104
Trd, 4319394.043, 115
Trd, 4319394.643, 101
Trd, 4319396.093, 125
Trd, 4319396.593, 123
Trd, 4319396.643, 110
Trd, 4319396.943, 106
Trd, 4319397.793, 91
Trd, 4319398.993, 105
Trd, 4319399.493, 97
Trd, 4319399.593, 89
Trd, 4319401.843, 125
Trd, 4319401.893, 116
Trd, 4319401.993, 106
Trd, 4319402.193, 86
Trd, 4319402.793, 102
Trd, 4319405.093, 117
Trd, 4319406.293, 104
Trd, 4319406.943, 110
Trd, 4319407.943, 105
Trd, 4319408.643, 118
Trd, 4319409.543, 125
Trd, 4319410.643, 103
Trd, 4319411.843, 108
Trd, 4319411.893, 87
Trd, 4319412.843, 99
Trd, 4319413.293, 87
Trd, 4319413.343, 84
Trd, 4319413.943, 121
Trd, 4319414.143, 103
Trd, 4319414.543, 116
Trd, 4319415.443, 119
Trd, 4319415.593, 90
Trd, 4319417.293, 79
Trd, 4319419.543, 110
Trd, 4319419.693, 93
Trd, 4319420.543, 93
Trd, 4319420.643, 107
Trd, 4319421.693, 107
Trd, 4319423.243, 101
Trd, 4319424.093, 94
Trd, 4319424.593, 94
Trd, 4319425.443, 90
Trd, 4319426.943, 89
Trd, 4319427.343, 98
Trd, 4319427.993, 113
Trd, 4319428.593, 91
Trd, 4319429.293, 93
Trd, 4319430.443, 109
Trd, 4319431.843, 112
Trd, 4319432.743, 124
Trd, 4319432.943, 82
Trd, 4319433.293, 122
Trd, 4319434.293, 70
Trd, 4319435.193, 78
Trd, 4319435.643, 65
Trd, 4319436.293, 84
Trd, 4319437.243, 72
Trd, 4319438.543, 71
Trd, 4319440.643, 104
Trd, 4319441.343, 101
Trd, 4319441.643, 124
Trd, 4319442.793, 98
Trd, 4319443.393, 120
Trd, 4319443.793, 111
Trd, 4319444.843, 120
Trd, 4319448.593, 96
Trd, 4319449.093, 98
Trd, 4319450.193, 90
Trd, 4319451.443, 93
Trd, 4319452.143, 103
Trd, 4319452.343, 84
Trd, 4319452.443, 83
Trd, 4319454.293, 128
Trd, 4319455.093, 127
Trd, 4319455.893, 108
Trd, 4319456.293, 88
Trd, 4319457.143, 78
Trd, 4319457.943, 104
Trd, 4319458.543, 84
Trd, 4319459.243, 83
Trd, 4319460.593, 79
Trd, 4319460.893, 85
Trd, 4319461.693, 92
Trd, 4319462.893, 110
Trd, 4319462.993, 79
Trd, 4319463.943, 108
Trd, 4319465.343, 114
Trd, 4319465.693, 82
Trd, 4319466.393, 110
Trd, 4319466.643, 116
Trd, 4319467.743, 112
Trd, 4319469.443, 106
Trd, 4319469.993, 106
Trd, 4319470.393, 107
Trd, 4319471.743, 105
Trd, 4319471.993, 107
Trd, 4319472.243, 95
Trd, 4319473.693, 83
Trd, 4319473.893, 131
Trd, 4319475.243, 108
Trd, 4319476.343, 101
Trd, 4319477.793, 99
Trd, 4319478.243, 82
Trd, 4319479.843, 96
Trd, 4319482.043, 111
Trd, 4319482.543, 109
Trd, 4319483.393, 91
Trd, 4319484.743, 109
Trd, 4319485.093, 97
Trd, 4319486.293, 133
Trd, 4319486.943, 119
Trd, 4319487.193, 111
Trd, 4319488.543, 100
Trd, 4319489.943, 78
Trd, 4319490.393, 74
Trd, 4319490.493, 76
Trd, 4319491.493, 71
Trd, 4319491.743, 82
Trd, 4319494.293, 105
Trd, 4319494.343, 96
Trd, 4319494.743, 76
Trd, 4319495.193, 75
Trd, 4319497.243, 102
Trd, 4319497.643, 111
Trd, 4319497.993, 100
Trd, 4319499.043, 94
Trd, 4319500.843, 116
Trd, 4319501.243, 85
Trd, 4319501.393, 74
Trd, 4319501.643, 103
Trd, 4319502.193, 104
Trd, 4319503.043, 107
Trd, 4319503.493, 103
Trd, 4319503.993, 70
Trd, 4319506.743, 76
Trd, 4319507.193, 83
Trd, 4319507.243, 109
Trd, 4319509.343, 103
Trd, 4319509.593, 94
Trd, 4319509.843, 89
Trd, 4319509.943, 87
Trd, 4319510.643, 90
Trd, 4319511.693, 96
Trd, 4319511.893, 96
Trd, 4319513.293, 125
Trd, 4319514.193, 126
Trd, 4319514.993, 107
Trd, 4319515.493, 107
Trd, 4319516.343, 106
Trd, 4319516.643, 88
Trd, 4319516.693, 72
Trd, 4319517.243, 96
Trd, 4319517.793, 88
Trd, 4319518.193, 98
Trd, 4319519.143, 117
Trd, 4319520.543, 120
Trd, 4319521.393, 102
Trd, 4319521.993, 87
Trd, 4319523.893, 109
Trd, 4319524.993, 116
Trd, 4319525.293, 123
Trd, 4319525.943, 105
Trd, 4319528.443, 92
Trd, 4319529.343, 74
Trd, 4319529.643, 111
Trd, 4319529.843, 104
Trd, 4319530.443, 109
Trd, 4319532.393, 87
Trd, 4319533.593, 88
Trd, 4319534.343, 65
Trd, 4319535.493, 92
Trd, 4319535.643, 90
Trd, 4319536.393, 94
Trd, 4319536.793, 107
Trd, 4319536.843, 113
Trd, 4319537.393, 100
Trd, 4319539.793, 101
Trd, 4319540.143, 106
Trd, 4319540.243, 97
Trd, 4319540.293, 94
Trd, 4319540.443, 91
Trd, 4319540.993, 77
Trd, 4319541.993, 82
Trd, 4319542.843, 94
Trd, 4319544.093, 113
Trd, 4319545.943, 128
Trd, 4319546.793, 116
Trd, 4319547.393, 114
Trd, 4319547.543, 115
Trd, 4319547.593, 107
Trd, 4319549.143, 99
Trd, 4319549.593, 106
Trd, 4319549.893, 91
Trd, 4319550.393, 85
Trd, 4319551.593, 136
Trd, 4319551.893, 120
Trd, 4319552.443, 119
Trd, 4319552.643, 115
Trd, 4319553.043, 131
Trd, 4319553.893, 110
Trd, 4319554.643, 101
Trd, 4319555.643, 75
Trd, 4319556.043, 79
Trd, 4319556.643, 75
Trd, 4319557.193, 92
Trd, 4319557.643, 98
Trd, 4319558.443, 97
Trd, 4319559.543, 93
Trd, 4319560.143, 100
Trd, 4319560.543, 98
Trd, 4319561.093, 125
Trd, 4319563.343, 103
Trd, 4319563.443, 98
Trd, 4319563.843, 90
Trd, 4319564.943, 120
Trd, 4319565.643, 98
Trd, 4319566.443, 112
Trd, 4319566.643, 111
Trd, 4319567.843, 126
Trd, 4319570.093, 109
Trd, 4319571.043, 108
Trd, 4319571.393, 121
Trd, 4319572.193, 94
Trd, 4319572.743, 117
Trd, 4319573.943, 90
Trd, 4319574.543, 90
Trd, 4319574.743, 95
Trd, 4319577.093, 104
Trd, 4319577.293, 122
Trd, 4319578.643, 103
Trd, 4319580.143, 94
Trd, 4319580.693, 90
Trd, 4319581.593, 97
Trd, 4319582.143, 112
Trd, 4319582.643, 103
Trd, 4319582.693, 102
Trd, 4319583.893, 103
Trd, 4319584.193, 97
Trd, 4319585.543, 110
Trd, 4319585.693, 104
Trd, 4319586.793, 111
Trd, 4319587.593, 102
Trd, 4319587.643, 92
Trd, 4319588.193, 111
Trd, 4319589.793, 69
Trd, 4319590.443, 69
Trd, 4319591.043, 101
Trd, 4319591.493, 93
Trd, 4319591.693, 90
Trd, 4319592.893, 64
Trd, 4319595.793, 102
Trd, 4319596.093, 100
Trd, 4319596.693, 88
Trd, 4319597.443, 94
Trd, 4319597.993, 99
Trd, 4319598.493, 112
Trd, 4319598.643, 99
Trd, 4319599.043, 98
Trd, 4319600.743, 105
Trd, 4319600.793, 101
Trd, 4319601.143, 107
Trd, 4319601.993, 134
Trd, 4319602.143, 132
Trd, 4319602.193, 105
Trd, 4319603.093, 71
Trd, 4319604.443, 105
Trd, 4319606.393, 113
Trd, 4319607.343, 116
Trd, 4319607.793, 111
Trd, 4319608.843, 98
Trd, 4319609.043, 86
Trd, 4319609.293, 79
Trd, 4319610.743, 95
Trd, 4319611.793, 92
Trd, 4319612.143, 90
Trd, 4319612.443, 110
Trd, 4319612.943, 86
Trd, 4319615.143, 64
Trd, 4319616.643, 60
Trd, 4319616.843, 63
Trd, 4319617.393, 70
Trd, 4319618.143, 90
Trd, 4319618.993, 114
Trd, 4319619.743, 82
Trd, 4319619.993, 81
Trd, 4319620.693, 87
Trd, 4319621.443, 85
Trd, 4319624.743, 88
Trd, 4319626.193, 80
Trd, 4319627.793, 100
Trd, 4319627.993, 86
Trd, 4319628.893, 67
Trd, 4319629.043, 71
Trd, 4319629.493, 76
Trd, 4319629.543, 78
Trd, 4319630.493, 94
Trd, 4319630.993, 98
Trd, 4319632.593, 83
Trd, 4319633.793, 74
Trd, 4319633.893, 87
Trd, 4319635.093, 115
Trd, 4319637.043, 66
Trd, 4319638.093, 66
Trd, 4319638.293, 68
Trd, 4319638.543, 81
Trd, 4319640.043, 89
Trd, 4319640.493, 107
Trd, 4319641.393, 66
Trd, 4319642.493, 88
Trd, 4319642.843, 105
Trd, 4319643.643, 90
Trd, 4319644.543, 60
Trd, 4319645.143, 99
Trd, 4319645.993, 95
Trd, 4319646.043, 83
Trd, 4319647.993, 61
Trd, 4319648.343, 68
Trd, 4319648.443, 70
Trd, 4319648.943, 124
Trd, 4319650.993, 77
Trd, 4319651.543, 77
Trd, 4319652.743, 76
Trd, 4319655.593, 109
Trd, 4319655.643, 107
Trd, 4319655.893, 93
Trd, 4319656.343, 119
Trd, 4319657.643, 123
Trd, 4319657.993, 122
Trd, 4319658.993, 137
Trd, 4319660.093, 131
Trd, 4319660.843, 123
Trd, 4319661.243, 108
Trd, 4319661.743, 112
Trd, 4319663.593, 117
Trd, 4319663.643, 122
Trd, 4319663.743, 97
Trd, 4319664.793, 71
Trd, 4319665.393, 95
Trd, 4319665.443, 87
Trd, 4319667.893, 108
Trd, 4319667.943, 128
Trd, 4319668.893, 107
Trd, 4319669.593, 99
Trd, 4319669.893, 91
Trd, 4319671.843, 78
Trd, 4319672.443, 74
Trd, 4319672.893, 85
Trd, 4319673.043, 98
Trd, 4319673.393, 78
Trd, 4319673.543, 103
Trd, 4319674.543, 91
Trd, 4319674.743, 79
Trd, 4319676.443, 101
Trd, 4319677.193, 102
Trd, 4319677.993, 100
Trd, 4319678.743, 123
Trd, 4319679.093, 94
Trd, 4319679.693, 76
Trd, 4319679.943, 102
Trd, 4319680.543, 103
Trd, 4319681.843, 108
Trd, 4319682.893, 86
Trd, 4319683.743, 109
Trd, 4319683.793, 100
Trd, 4319684.743, 115
Trd, 4319684.893, 83
Trd, 4319686.243, 131
Trd, 4319687.143, 83
Trd, 4319687.843, 94
Trd, 4319688.443, 97
Trd, 4319688.843, 84
Trd, 4319689.143, 91
Trd, 4319689.643, 93
Trd, 4319690.393, 65
Trd, 4319690.993, 82
Trd, 4319692.843, 128
Trd, 4319693.393, 135
Trd, 4319694.193, 114
Trd, 4319694.443, 109
Trd, 4319696.443, 98
Trd, 4319696.693, 91
Trd, 4319697.093, 140
Trd, 4319700.193, 100
Trd, 4319700.643, 79
Trd, 4319700.693, 81
Trd, 4319702.543, 103
Trd, 4319702.593, 105
Trd, 4319702.743, 81
Trd, 4319703.043, 67
Trd, 4319704.743, 102
Trd, 4319704.943, 101
Trd, 4319707.093, 98
Trd, 4319707.943, 110
Trd, 4319708.693, 100
Trd, 4319708.843, 97
Trd, 4319709.093, 115
Trd, 4319709.893, 104
Trd, 4319711.493, 62
Trd, 4319712.243, 69
Trd, 4319712.593, 71
Trd, 4319713.343, 85
Trd, 4319714.493, 64
Trd, 4319717.343, 98
Trd, 4319717.893, 84
Trd, 4319719.243, 85
Trd, 4319719.393, 84
Trd, 4319719.843, 78
Trd, 4319720.093, 89
Trd, 4319720.243, 91
Trd, 4319720.843, 77
Trd, 4319721.593, 71
Trd, 4319722.043, 78
Trd, 4319723.243, 76
Trd, 4319724.293, 71
Trd, 4319726.593, 132
Trd, 4319727.093, 122
Trd, 4319727.543, 122
Trd, 4319728.293, 109
Trd, 4319729.143, 111
Trd, 4319730.293, 126
Trd, 4319731.543, 130
Trd, 4319732.643, 117
Trd, 4319732.943, 116
Trd, 4319733.893, 111
Trd, 4319734.743, 109
Trd, 4319735.293, 106
Trd, 4319735.443, 107
Trd, 4319735.993, 86
Trd, 4319736.493, 120
Trd, 4319736.693, 110
Trd, 4319737.743, 87
Trd, 4319740.143, 100
Trd, 4319740.243, 78
Trd, 4319741.143, 122
Trd, 4319741.293, 121
Trd, 4319741.443, 109
Trd, 4319742.443, 98
Trd, 4319743.343, 110
Trd, 4319744.093, 96
Trd, 4319746.543, 100
Trd, 4319746.793, 92
Trd, 4319747.893, 90
Trd, 4319747.943, 89
Trd, 4319749.593, 90
Trd, 4319749.693, 89
Trd, 4319749.943, 78
Trd, 4319750.243, 131
Trd, 4319751.093, 77
Trd, 4319751.443, 71
Trd, 4319752.643, 84
Trd, 4319753.343, 89
Trd, 4319754.393, 103
Trd, 4319755.593, 121
Trd, 4319756.143, 116
Trd, 4319756.443, 96
Trd, 4319756.993, 95
Trd, 4319758.293, 138
Trd, 4319758.393, 125
Trd, 4319759.093, 112
Trd, 4319759.393, 98
Trd, 4319759.843, 112
Trd, 4319760.293, 98
Trd, 4319762.543, 106
Trd, 4319762.943, 102
Trd, 4319763.293, 88
Trd, 4319763.893, 121
Trd, 4319764.093, 96
Trd, 4319764.443, 98
Trd, 4319764.643, 95
Trd, 4319765.843, 84
Trd, 4319766.443, 129
Trd, 4319767.993, 65
Trd, 4319768.793, 94
Trd, 4319768.893, 109
Trd, 4319770.693, 73
Trd, 4319771.543, 117
Trd, 4319772.293, 73
Trd, 4319774.443, 81
Trd, 4319775.493, 104
Trd, 4319776.093, 130
Trd, 4319776.443, 111
Trd, 4319776.693, 104
Trd, 4319777.093, 103
Trd, 4319778.543, 140
Trd, 4319779.143, 126
Trd, 4319781.343, 118
Trd, 4319781.393, 103
Trd, 4319782.143, 100
Trd, 4319783.293, 100
Trd, 4319783.493, 99
Trd, 4319783.993, 100
Trd, 4319784.893, 106
Trd, 4319785.143, 121
Trd, 4319785.643, 83
Trd, 4319785.943, 81
Trd, 4319787.793, 76
Trd, 4319788.643, 83
Trd, 4319788.693, 75
Trd, 4319790.343, 137
Trd, 4319791.493, 107
Trd, 4319791.593, 82
Trd, 4319792.193, 85
Trd, 4319792.993, 113
Trd, 4319793.043, 108
Trd, 4319793.893, 93
Trd, 4319794.443, 92
Trd, 4319796.093, 136
Trd, 4319796.443, 77
Trd, 4319797.343, 103
Trd, 4319799.143, 113
Trd, 4319800.043, 116
Trd, 4319800.543, 90
Trd, 4319800.743, 89
Trd, 4319801.843, 92
Trd, 4319803.443, 122
Trd, 4319804.493, 113
Trd, 4319804.993, 110
Trd, 4319805.793, 133
Trd, 4319807.193, 105
Trd, 4319807.493, 96
Trd, 4319807.943, 93
Trd, 4319808.443, 116
Trd, 4319809.093, 89
Trd, 4319809.693, 96
Trd, 4319811.043, 95
Trd, 4319811.193, 94
Trd, 4319811.643, 130
Trd, 4319811.843, 82
Trd, 4319812.493, 95
Trd, 4319813.793, 120
Trd, 4319814.143, 92
Trd, 4319815.493, 85
Trd, 4319815.593, 80
Trd, 4319815.993, 104
Trd, 4319816.143, 79
Trd, 4319817.593, 90
Trd, 4319818.643, 121
Trd, 4319820.293, 91
Trd, 4319820.443, 112
Trd, 4319822.243, 78
Trd, 4319823.143, 103
Trd, 4319823.743, 105
Trd, 4319826.243, 101
Trd, 4319826.543, 101
Trd, 4319827.093, 89
Trd, 4319827.993, 70
Trd, 4319828.543, 61
Trd, 4319829.443, 77
Trd, 4319829.643, 100
Trd, 4319829.843, 102
Trd, 4319830.743, 83
Trd, 4319832.393, 71
Trd, 4319832.693, 63
Trd, 4319833.793, 85
Trd, 4319833.943, 84
Trd, 4319835.593, 86
Trd, 4319835.943, 84
Trd, 4319836.793, 83
Trd, 4319837.443, 125
Trd, 4319837.693, 109
Trd, 4319837.893, 102
Trd, 4319838.493, 110
Trd, 4319839.293, 97
Trd, 4319840.193, 92
Trd, 4319840.743, 129
Trd, 4319840.993, 91
Trd, 4319844.993, 113
Trd, 4319845.343, 96
Trd, 4319845.593, 96
Trd, 4319845.643, 95
Trd, 4319846.243, 109
Trd, 4319846.993, 114
Trd, 4319848.893, 120
Trd, 4319849.543, 96
Trd, 4319849.793, 88
Trd, 4319850.193, 104
Trd, 4319850.643, 107
Trd, 4319853.093, 97
Trd, 4319855.993, 97
Trd, 4319856.143, 88
Trd, 4319856.293, 85
Trd, 4319858.993, 90
Trd, 4319859.693, 87
Trd, 4319860.193, 135
Trd, 4319862.393, 116
Trd, 4319863.243, 109
Trd, 4319864.293, 116
Trd, 4319864.743, 99
Trd, 4319865.743, 122
Trd, 4319866.293, 108
Trd, 4319866.393, 108
Trd, 4319866.493, 107
Trd, 4319867.543, 98
Trd, 4319870.093, 91
Trd, 4319870.143, 102
Trd, 4319870.443, 113
Trd, 4319870.943, 69
Trd, 4319872.843, 121
Trd, 4319872.943, 93
Trd, 4319873.393, 110
Trd, 4319873.493, 97
Trd, 4319874.093, 103
Trd, 4319875.293, 104
Trd, 4319875.543, 78
Trd, 4319875.693, 78
Trd, 4319877.493, 96
Trd, 4319877.643, 119
Trd, 4319878.043, 70
Trd, 4319879.743, 97
Trd, 4319881.443, 106
Trd, 4319881.543, 100
Trd, 4319881.843, 99
Trd, 4319881.943, 98
Trd, 4319882.643, 75
Trd, 4319883.893, 63
Trd, 4319884.043, 74
Trd, 4319885.843, 107
Trd, 4319886.043, 133
Trd, 4319886.193, 102
Trd, 4319887.543, 98
Trd, 4319887.943, 114
Trd, 4319889.593, 107
Trd, 4319890.393, 122
Trd, 4319890.793, 105
Trd, 4319891.043, 85
Trd, 4319892.143, 60
Trd, 4319892.493, 78
Trd, 4319893.943, 79
Trd, 4319896.293, 88
Trd, 4319897.143, 99
Trd, 4319897.243, 98
Trd, 4319898.643, 81
Trd, 4319898.693, 86
Trd, 4319899.493, 88
Trd, 4319901.493, 102
Trd, 4319901.943, 109
Trd, 4319903.593, 87
Trd, 4319904.393, 99
Trd, 4319904.893, 82
Trd, 4319905.043, 84
Trd, 4319905.293, 80
Trd, 4319907.143, 105
Trd, 4319907.343, 99
Trd, 4319907.893, 108
Trd, 4319908.393, 110
Trd, 4319908.893, 79
Trd, 4319909.343, 75
Trd, 4319909.843, 95
Trd, 4319910.893, 107
Trd, 4319911.793, 76
Trd, 4319911.943, 75
Trd, 4319911.993, 72
Trd, 4319913.893, 74
Trd, 4319914.343, 103
Trd, 4319914.943, 97
Trd, 4319917.093, 106
Trd, 4319917.393, 104
Trd, 4319917.943, 103
Trd, 4319918.293, 105
Trd, 4319919.893, 113
Trd, 4319920.193, 100
Trd, 4319921.893, 96
Trd, 4319922.593, 99
Trd, 4319922.893, 92
Trd, 4319923.143, 84
Trd, 4319923.793, 67
Trd, 4319925.093, 109
Trd, 4319925.593, 63
Trd, 4319926.943, 113
Trd, 4319928.393, 82
Trd, 4319928.843, 108
Trd, 4319930.493, 131
Trd, 4319930.993, 109
Trd, 4319932.343, 131
Trd, 4319932.693, 126
Trd, 4319933.493, 124
Trd, 4319934.943, 116
Trd, 4319935.143, 114
Trd, 4319935.243, 104
Trd, 4319936.893, 109
Trd, 4319937.143, 100
Trd, 4319938.193, 117
Trd, 4319939.593, 120
Trd, 4319939.843, 119
Trd, 4319941.043, 104
Trd, 4319941.593, 102
Trd, 4319941.793, 98
Trd, 4319942.793, 84
Trd, 4319943.893, 120
Trd, 4319944.443, 106
Trd, 4319944.493, 92
Trd, 4319946.293, 135
Trd, 4319947.993, 87
Trd, 4319948.543, 114
Trd, 4319948.793, 94
Trd, 4319948.943, 79
Trd, 4319949.343, 69
Trd, 4319951.193, 95
Trd, 4319952.043, 68
Trd, 4319952.593, 65
Trd, 4319952.993, 61
Trd, 4319954.593, 90
Trd, 4319954.643, 78
Trd, 4319954.693, 75
Trd, 4319955.343, 62
Trd, 4319956.343, 73
Trd, 4319956.643, 94
Trd, 4319958.043, 73
Trd, 4319958.343, 75
Trd, 4319959.493, 60
Trd, 4319960.143, 63
Trd, 4319962.243, 113
Trd, 4319962.793, 111
Trd, 4319963.343, 100
Trd, 4319963.893, 104
Trd, 4319964.993, 100
Trd, 4319965.743, 94
Trd, 4319966.293, 82
Trd, 4319967.643, 124
Trd, 4319968.293, 122
Trd, 4319968.543, 102
Trd, 4319970.043, 96
Trd, 4319970.693, 76
Trd, 4319972.643, 100
Trd, 4319972.993, 90
Trd, 4319973.443, 86
Trd, 4319973.643, 110
Trd, 4319974.743, 80
Trd, 4319975.493, 93
Trd, 4319975.843, 91
Trd, 4319976.443, 99
Trd, 4319977.843, 102
Trd, 4319978.143, 114
Trd, 4319978.393, 91
Trd, 4319978.743, 91
Trd, 4319979.343, 95
Trd, 4319980.693, 63
Trd, 4319983.343, 69
Trd, 4319983.743, 101
Trd, 4319983.793, 87
Trd, 4319984.193, 74
Trd, 4319985.143, 138
Trd, 4319985.193, 136
Trd, 4319985.243, 111
Trd, 4319987.393, 102
Trd, 4319988.143, 131
Trd, 4319989.193, 116
Trd, 4319989.493, 128
Trd, 4319990.193, 104
Trd, 4319990.543, 103
Trd, 4319990.993, 103
Trd, 4319991.843, 97
Trd, 4319993.293, 97
Trd, 4319993.993, 88
Trd, 4319994.893, 109
Trd, 4319995.093, 106
Trd, 4319995.243, 106
Trd, 4319996.193, 115
Trd, 4319996.443, 115
Trd, 4319996.543, 93
Trd, 4319997.943, 96
Trd, 4319998.143, 101
Trd, 4319998.743, 103
Trd, 4319999.393, 90
