Trd, 4318184.243, 140
Trd, 4318184.393, 140
Trd, 4318184.843, 126
Trd, 4318185.993, 140
Trd, 4318186.193, 139
Trd, 4318186.843, 140
Trd, 4318188.493, 139
Trd, 4318189.193, 139
Trd, 4318189.493, 136
Trd, 4318189.843, 127
Trd, 4318189.943, 121
Trd, 4318190.043, 94
Trd, 4318191.043, 140
Trd, 4318191.593, 140
Trd, 4318192.793, 140
Trd, 4318194.243, 138
Trd, 4318194.993, 140
Trd, 4318195.393, 139
Trd, 4318196.143, 140
Trd, 4318196.693, 138
Trd, 4318197.243, 137
Trd, 4318198.193, 115
Trd, 4318198.393, 100
Trd, 4318199.093, 64
Trd, 4318199.243, 66
Trd, 4318199.693, 60
Trd, 4318200.693, 140
Trd, 4318201.193, 140
Trd, 4318201.693, 137
Trd, 4318202.643, 136
Trd, 4318202.693, 130
Trd, 4318202.993, 132
Trd, 4318204.593, 140
Trd, 4318204.993, 140
Trd, 4318205.093, 128
Trd, 4318205.843, 139
Trd, 4318207.743, 60
Trd, 4318208.243, 76
Trd, 4318208.493, 98
Trd, 4318209.043, 93
Trd, 4318209.693, 61
Trd, 4318209.943, 71
Trd, 4318210.493, 137
Trd, 4318212.343, 139
Trd, 4318212.593, 137
Trd, 4318212.693, 130
Trd, 4318214.043, 140
Trd, 4318214.393, 137
Trd, 4318214.643, 137
Trd, 4318214.943, 140
Trd, 4318215.393, 118
Trd, 4318216.193, 140
Trd, 4318216.993, 140
Trd, 4318217.443, 125
Trd, 4318218.743, 140
Trd, 4318219.443, 140
Trd, 4318219.943, 125
Trd, 4318219.993, 120
Trd, 4318220.293, 110
Trd, 4318221.443, 140
Trd, 4318221.693, 139
Trd, 4318223.093, 140
Trd, 4318224.193, 139
Trd, 4318224.293, 134
Trd, 4318224.793, 130
Trd, 4318225.543, 140
Trd, 4318226.193, 136
Trd, 4318226.493, 127
Trd, 4318227.043, 106
Trd, 4318227.293, 109
Trd, 4318227.543, 140
Trd, 4318229.693, 140
Trd, 4318229.793, 139
Trd, 4318230.043, 139
Trd, 4318230.093, 137
Trd, 4318230.993, 138
Trd, 4318231.343, 107
Trd, 4318231.643, 99
Trd, 4318232.093, 87
Trd, 4318232.543, 87
Trd, 4318232.843, 79
Trd, 4318234.593, 140
Trd, 4318235.243, 140
Trd, 4318235.293, 138
Trd, 4318236.343, 136
Trd, 4318236.543, 125
Trd, 4318237.643, 140
Trd, 4318239.093, 140
Trd, 4318239.493, 140
Trd, 4318240.443, 140
Trd, 4318241.343, 140
Trd, 4318241.743, 140
Trd, 4318242.293, 140
Trd, 4318244.143, 139
Trd, 4318244.843, 138
Trd, 4318245.393, 139
Trd, 4318245.693, 128
Trd, 4318246.243, 140
Trd, 4318246.743, 140
Trd, 4318247.493, 140
Trd, 4318248.093, 136
Trd, 4318248.643, 140
Trd, 4318249.443, 121
Trd, 4318249.993, 140
Trd, 4318250.793, 140
Trd, 4318251.593, 140
Trd, 4318252.043, 140
Trd, 4318252.093, 105
Trd, 4318252.643, 140
Trd, 4318253.593, 135
Trd, 4318253.693, 125
Trd, 4318254.793, 138
Trd, 4318255.493, 140
Trd, 4318256.143, 140
Trd, 4318257.093, 139
Trd, 4318257.293, 138
Trd, 4318257.343, 118
Trd, 4318258.143, 140
Trd, 4318258.343, 140
Trd, 4318259.343, 140
Trd, 4318259.393, 100
Trd, 4318260.343, 67
Trd, 4318261.443, 137
Trd, 4318262.593, 140
Trd, 4318262.843, 140
Trd, 4318263.293, 140
Trd, 4318264.243, 140
Trd, 4318265.243, 140
Trd, 4318265.693, 139
Trd, 4318265.943, 114
Trd, 4318266.293, 98
Trd, 4318266.943, 140
Trd, 4318268.493, 140
Trd, 4318269.143, 140
Trd, 4318269.993, 140
Trd, 4318270.793, 140
Trd, 4318272.143, 140
Trd, 4318273.043, 140
Trd, 4318273.193, 139
Trd, 4318274.193, 140
Trd, 4318274.743, 140
Trd, 4318274.843, 139
Trd, 4318274.893, 134
Trd, 4318275.093, 129
Trd, 4318275.643, 75
Trd, 4318276.743, 99
Trd, 4318277.143, 69
Trd, 4318277.393, 72
Trd, 4318278.143, 60
Trd, 4318279.793, 140
Trd, 4318280.043, 114
Trd, 4318280.293, 138
Trd, 4318280.743, 137
Trd, 4318281.793, 140
Trd, 4318282.043, 139
Trd, 4318282.093, 98
Trd, 4318283.043, 123
Trd, 4318283.843, 140
Trd, 4318284.293, 140
Trd, 4318284.793, 139
Trd, 4318285.493, 107
Trd, 4318285.843, 108
Trd, 4318286.943, 140
Trd, 4318287.093, 139
Trd, 4318287.243, 136
Trd, 4318287.643, 85
Trd, 4318287.893, 113
Trd, 4318288.293, 73
Trd, 4318289.493, 60
Trd, 4318289.693, 99
Trd, 4318291.343, 140
Trd, 4318292.393, 137
Trd, 4318293.293, 136
Trd, 4318293.893, 137
Trd, 4318293.943, 134
Trd, 4318294.893, 117
Trd, 4318295.193, 138
Trd, 4318295.493, 140
Trd, 4318296.043, 106
Trd, 4318296.543, 60
Trd, 4318297.093, 79
Trd, 4318297.293, 66
Trd, 4318298.793, 61
Trd, 4318299.043, 62
Trd, 4318299.593, 70
Trd, 4318299.943, 121
Trd, 4318300.843, 138
Trd, 4318302.043, 62
Trd, 4318302.493, 110
Trd, 4318302.643, 140
Trd, 4318304.493, 67
Trd, 4318304.893, 140
Trd, 4318304.993, 139
Trd, 4318305.943, 139
Trd, 4318305.993, 139
Trd, 4318308.143, 140
Trd, 4318308.593, 140
Trd, 4318309.843, 134
Trd, 4318310.093, 140
Trd, 4318310.443, 140
Trd, 4318311.893, 140
Trd, 4318313.593, 139
Trd, 4318314.493, 139
Trd, 4318315.343, 140
Trd, 4318315.443, 140
Trd, 4318315.593, 131
Trd, 4318316.443, 140
Trd, 4318317.543, 140
Trd, 4318317.643, 138
Trd, 4318318.093, 136
Trd, 4318318.793, 140
Trd, 4318319.093, 126
Trd, 4318319.893, 139
Trd, 4318320.193, 95
Trd, 4318321.243, 138
Trd, 4318322.493, 140
Trd, 4318323.143, 140
Trd, 4318324.393, 140
Trd, 4318324.843, 140
Trd, 4318325.443, 140
Trd, 4318326.243, 138
Trd, 4318326.693, 140
Trd, 4318327.043, 139
Trd, 4318327.743, 103
Trd, 4318327.993, 87
Trd, 4318328.243, 93
Trd, 4318329.343, 139
Trd, 4318330.143, 138
Trd, 4318330.693, 139
Trd, 4318331.093, 113
Trd, 4318331.543, 61
Trd, 4318332.843, 126
Trd, 4318334.493, 67
Trd, 4318335.093, 63
Trd, 4318335.193, 80
Trd, 4318335.493, 99
Trd, 4318336.093, 140
Trd, 4318336.293, 113
Trd, 4318337.143, 138
Trd, 4318337.693, 70
Trd, 4318338.093, 138
Trd, 4318338.443, 111
Trd, 4318339.043, 61
Trd, 4318339.393, 109
Trd, 4318340.093, 84
Trd, 4318340.693, 138
Trd, 4318341.093, 67
Trd, 4318341.393, 140
Trd, 4318343.943, 139
Trd, 4318344.043, 113
Trd, 4318344.293, 105
Trd, 4318344.993, 140
Trd, 4318345.543, 125
Trd, 4318346.693, 124
Trd, 4318347.293, 140
Trd, 4318348.093, 139
Trd, 4318348.943, 89
Trd, 4318349.293, 140
Trd, 4318350.793, 137
Trd, 4318351.043, 136
Trd, 4318351.193, 119
Trd, 4318352.043, 140
Trd, 4318352.193, 139
Trd, 4318353.743, 118
Trd, 4318356.793, 140
Trd, 4318356.943, 140
Trd, 4318357.093, 140
Trd, 4318359.043, 140
Trd, 4318359.193, 140
Trd, 4318359.243, 139
Trd, 4318359.543, 128
Trd, 4318359.793, 103
Trd, 4318359.993, 137
Trd, 4318360.593, 127
Trd, 4318361.143, 124
Trd, 4318363.093, 140
Trd, 4318363.393, 140
Trd, 4318363.543, 137
Trd, 4318363.893, 136
Trd, 4318365.743, 140
Trd, 4318365.943, 139
Trd, 4318366.093, 138
Trd, 4318366.193, 125
Trd, 4318367.143, 140
Trd, 4318367.743, 140
Trd, 4318368.493, 127
Trd, 4318368.743, 122
Trd, 4318369.443, 138
Trd, 4318370.093, 140
Trd, 4318371.243, 140
Trd, 4318372.243, 139
Trd, 4318372.393, 138
Trd, 4318372.643, 126
Trd, 4318373.543, 139
Trd, 4318374.643, 140
Trd, 4318375.643, 140
Trd, 4318376.143, 140
Trd, 4318376.493, 135
Trd, 4318376.693, 123
Trd, 4318376.793, 125
Trd, 4318378.093, 81
Trd, 4318378.943, 60
Trd, 4318379.093, 62
Trd, 4318379.343, 138
Trd, 4318379.893, 140
Trd, 4318380.493, 110
Trd, 4318380.893, 60
Trd, 4318381.943, 75
Trd, 4318383.893, 138
Trd, 4318384.093, 129
Trd, 4318384.493, 122
Trd, 4318384.843, 88
Trd, 4318386.443, 140
Trd, 4318386.843, 136
Trd, 4318387.193, 140
Trd, 4318387.943, 117
Trd, 4318388.343, 63
Trd, 4318388.493, 60
Trd, 4318389.943, 67
Trd, 4318390.493, 65
Trd, 4318391.693, 61
Trd, 4318391.743, 61
Trd, 4318392.443, 78
Trd, 4318392.993, 61
Trd, 4318393.143, 61
Trd, 4318394.143, 61
Trd, 4318395.043, 61
Trd, 4318395.543, 60
Trd, 4318397.043, 140
Trd, 4318397.743, 105
Trd, 4318397.893, 77
Trd, 4318399.143, 140
Trd, 4318399.193, 140
Trd, 4318400.043, 140
Trd, 4318400.193, 128
Trd, 4318400.993, 69
Trd, 4318401.743, 140
Trd, 4318403.943, 140
Trd, 4318404.593, 140
Trd, 4318405.043, 140
Trd, 4318405.393, 139
Trd, 4318405.543, 138
Trd, 4318405.593, 125
Trd, 4318406.543, 140
Trd, 4318406.693, 137
Trd, 4318407.393, 140
Trd, 4318407.493, 134
Trd, 4318408.293, 140
Trd, 4318408.893, 139
Trd, 4318409.093, 108
Trd, 4318410.743, 140
Trd, 4318411.193, 140
Trd, 4318411.343, 119
Trd, 4318412.743, 140
Trd, 4318412.793, 105
Trd, 4318413.993, 139
Trd, 4318415.043, 138
Trd, 4318415.143, 130
Trd, 4318415.543, 126
Trd, 4318415.793, 76
Trd, 4318415.893, 60
Trd, 4318416.643, 64
Trd, 4318416.693, 65
Trd, 4318417.743, 140
Trd, 4318418.443, 139
Trd, 4318419.243, 126
Trd, 4318420.793, 140
Trd, 4318422.293, 139
Trd, 4318422.493, 131
Trd, 4318423.193, 140
Trd, 4318423.943, 101
Trd, 4318424.043, 92
Trd, 4318424.343, 117
Trd, 4318425.093, 140
Trd, 4318425.793, 140
Trd, 4318427.243, 61
Trd, 4318427.443, 60
Trd, 4318427.743, 61
Trd, 4318427.843, 63
Trd, 4318428.993, 60
Trd, 4318429.243, 95
Trd, 4318430.743, 140
Trd, 4318431.043, 137
Trd, 4318431.143, 140
Trd, 4318431.793, 120
Trd, 4318433.143, 64
Trd, 4318433.493, 67
Trd, 4318433.743, 68
Trd, 4318434.443, 139
Trd, 4318434.993, 139
Trd, 4318436.543, 137
Trd, 4318437.293, 139
Trd, 4318437.543, 138
Trd, 4318437.843, 125
Trd, 4318438.243, 101
Trd, 4318438.493, 140
Trd, 4318439.043, 60
Trd, 4318440.043, 79
Trd, 4318440.593, 118
Trd, 4318441.743, 140
Trd, 4318442.793, 140
Trd, 4318442.943, 135
Trd, 4318444.393, 139
Trd, 4318444.443, 137
Trd, 4318444.493, 133
Trd, 4318445.193, 138
Trd, 4318446.193, 140
Trd, 4318447.593, 140
Trd, 4318447.893, 140
Trd, 4318448.193, 126
Trd, 4318448.493, 117
Trd, 4318449.143, 70
Trd, 4318449.643, 70
Trd, 4318450.743, 130
Trd, 4318451.843, 106
Trd, 4318452.193, 128
Trd, 4318452.243, 90
Trd, 4318452.343, 71
Trd, 4318452.943, 140
Trd, 4318453.043, 97
Trd, 4318453.843, 63
Trd, 4318454.243, 63
Trd, 4318456.193, 140
Trd, 4318457.693, 99
Trd, 4318458.043, 63
Trd, 4318458.143, 61
Trd, 4318458.843, 140
Trd, 4318459.743, 106
Trd, 4318460.143, 132
Trd, 4318460.793, 140
Trd, 4318461.693, 140
Trd, 4318461.843, 138
Trd, 4318462.193, 111
Trd, 4318462.743, 140
Trd, 4318463.243, 126
Trd, 4318464.393, 140
Trd, 4318464.643, 127
Trd, 4318465.693, 139
Trd, 4318467.143, 140
Trd, 4318468.093, 140
Trd, 4318468.143, 139
Trd, 4318468.443, 140
Trd, 4318468.643, 137
Trd, 4318469.393, 113
Trd, 4318469.743, 137
Trd, 4318469.793, 130
Trd, 4318472.043, 60
Trd, 4318472.143, 71
Trd, 4318473.193, 87
Trd, 4318473.543, 88
Trd, 4318474.093, 60
Trd, 4318474.693, 138
Trd, 4318474.943, 63
Trd, 4318475.593, 94
Trd, 4318477.143, 60
Trd, 4318477.543, 62
Trd, 4318477.693, 117
Trd, 4318479.093, 135
Trd, 4318479.843, 140
Trd, 4318480.193, 139
Trd, 4318480.493, 115
Trd, 4318480.843, 63
Trd, 4318481.543, 140
Trd, 4318482.793, 139
Trd, 4318483.143, 139
Trd, 4318483.993, 121
Trd, 4318485.143, 140
Trd, 4318485.493, 140
Trd, 4318485.893, 136
Trd, 4318486.093, 136
Trd, 4318487.393, 133
Trd, 4318487.943, 116
Trd, 4318488.893, 137
Trd, 4318489.793, 123
Trd, 4318490.143, 110
Trd, 4318490.843, 140
Trd, 4318492.543, 140
Trd, 4318492.893, 139
Trd, 4318492.943, 139
Trd, 4318493.693, 140
Trd, 4318493.743, 138
Trd, 4318495.543, 88
Trd, 4318496.343, 138
Trd, 4318496.393, 130
Trd, 4318497.243, 140
Trd, 4318498.293, 76
Trd, 4318498.693, 60
Trd, 4318499.643, 61
Trd, 4318500.393, 61
Trd, 4318500.943, 92
Trd, 4318501.393, 93
Trd, 4318501.493, 123
Trd, 4318501.743, 68
Trd, 4318503.193, 140
Trd, 4318503.343, 140
Trd, 4318503.843, 129
Trd, 4318504.193, 137
Trd, 4318505.193, 138
Trd, 4318505.293, 125
Trd, 4318505.993, 139
Trd, 4318506.643, 139
Trd, 4318506.793, 121
Trd, 4318508.143, 140
Trd, 4318508.393, 138
Trd, 4318508.643, 139
Trd, 4318509.193, 84
Trd, 4318509.843, 138
Trd, 4318510.893, 140
Trd, 4318511.293, 139
Trd, 4318512.043, 131
Trd, 4318512.543, 140
Trd, 4318513.743, 140
Trd, 4318514.143, 140
Trd, 4318515.443, 140
Trd, 4318515.593, 140
Trd, 4318516.793, 137
Trd, 4318517.543, 140
Trd, 4318518.143, 120
Trd, 4318518.293, 60
Trd, 4318519.593, 80
Trd, 4318519.943, 93
Trd, 4318521.093, 138
Trd, 4318521.793, 136
Trd, 4318521.843, 124
Trd, 4318521.993, 114
Trd, 4318523.093, 140
Trd, 4318523.293, 99
Trd, 4318525.293, 140
Trd, 4318525.643, 138
Trd, 4318525.893, 140
Trd, 4318526.293, 139
Trd, 4318526.543, 130
Trd, 4318526.693, 126
Trd, 4318527.643, 140
Trd, 4318528.143, 139
Trd, 4318529.593, 140
Trd, 4318530.243, 140
Trd, 4318530.343, 125
Trd, 4318531.093, 139
Trd, 4318532.143, 140
Trd, 4318532.443, 140
Trd, 4318533.143, 138
Trd, 4318533.843, 140
Trd, 4318534.193, 114
Trd, 4318535.343, 131
Trd, 4318536.393, 113
Trd, 4318537.193, 139
Trd, 4318537.293, 139
Trd, 4318537.443, 102
Trd, 4318538.343, 138
Trd, 4318538.543, 138
Trd, 4318540.043, 140
Trd, 4318540.793, 139
Trd, 4318541.443, 140
Trd, 4318541.943, 138
Trd, 4318542.993, 140
Trd, 4318543.243, 140
Trd, 4318544.043, 138
Trd, 4318545.343, 140
Trd, 4318545.493, 104
Trd, 4318545.543, 97
Trd, 4318546.243, 118
Trd, 4318546.843, 140
Trd, 4318547.293, 140
Trd, 4318548.743, 140
Trd, 4318549.593, 140
Trd, 4318549.843, 140
Trd, 4318550.043, 140
Trd, 4318551.693, 140
Trd, 4318551.743, 139
Trd, 4318552.243, 138
Trd, 4318553.043, 140
Trd, 4318553.193, 140
Trd, 4318553.243, 125
Trd, 4318553.843, 106
Trd, 4318555.743, 140
Trd, 4318556.093, 138
Trd, 4318556.543, 139
Trd, 4318556.943, 116
Trd, 4318557.143, 112
Trd, 4318557.293, 71
Trd, 4318558.293, 140
Trd, 4318559.193, 135
Trd, 4318559.243, 124
Trd, 4318560.793, 140
Trd, 4318561.393, 139
Trd, 4318561.993, 138
Trd, 4318562.343, 140
Trd, 4318562.393, 123
Trd, 4318563.043, 139
Trd, 4318563.443, 138
Trd, 4318563.543, 125
Trd, 4318564.943, 140
Trd, 4318565.193, 140
Trd, 4318565.243, 138
Trd, 4318566.493, 139
Trd, 4318567.393, 98
Trd, 4318568.143, 67
Trd, 4318568.693, 70
Trd, 4318568.943, 71
Trd, 4318569.843, 112
Trd, 4318570.793, 63
Trd, 4318570.893, 121
Trd, 4318571.743, 137
Trd, 4318571.793, 123
Trd, 4318572.243, 112
Trd, 4318572.393, 99
Trd, 4318574.643, 140
Trd, 4318575.293, 140
Trd, 4318575.993, 79
Trd, 4318576.093, 64
Trd, 4318576.893, 140
Trd, 4318576.993, 60
Trd, 4318577.493, 139
Trd, 4318577.793, 107
Trd, 4318578.593, 139
Trd, 4318578.793, 124
Trd, 4318579.993, 139
Trd, 4318580.243, 112
Trd, 4318581.093, 62
Trd, 4318581.493, 64
Trd, 4318581.593, 71
Trd, 4318582.193, 78
Trd, 4318582.793, 77
Trd, 4318583.043, 62
Trd, 4318585.893, 140
Trd, 4318585.993, 140
Trd, 4318586.043, 137
Trd, 4318586.093, 120
Trd, 4318586.143, 110
Trd, 4318586.493, 105
Trd, 4318587.893, 131
Trd, 4318588.143, 119
Trd, 4318589.193, 74
Trd, 4318589.243, 90
Trd, 4318589.893, 132
Trd, 4318590.993, 140
Trd, 4318591.043, 80
Trd, 4318592.143, 138
Trd, 4318592.393, 138
Trd, 4318593.393, 64
Trd, 4318594.393, 60
Trd, 4318594.743, 60
Trd, 4318595.143, 60
Trd, 4318596.643, 139
Trd, 4318597.043, 117
Trd, 4318597.393, 140
Trd, 4318598.393, 133
Trd, 4318598.643, 124
Trd, 4318598.843, 121
Trd, 4318599.493, 117
Trd, 4318601.093, 70
Trd, 4318601.343, 137
Trd, 4318602.993, 139
Trd, 4318604.393, 140
Trd, 4318604.793, 140
Trd, 4318604.843, 139
Trd, 4318605.693, 140
Trd, 4318605.843, 140
Trd, 4318605.943, 138
Trd, 4318607.143, 139
Trd, 4318608.543, 140
Trd, 4318609.193, 140
Trd, 4318609.493, 139
Trd, 4318609.593, 137
Trd, 4318610.593, 123
Trd, 4318610.793, 111
Trd, 4318611.243, 139
Trd, 4318612.193, 116
Trd, 4318613.043, 139
Trd, 4318613.543, 139
Trd, 4318613.643, 100
Trd, 4318614.593, 140
Trd, 4318614.693, 139
Trd, 4318615.593, 125
Trd, 4318616.093, 60
Trd, 4318616.793, 140
Trd, 4318617.193, 138
Trd, 4318618.643, 140
Trd, 4318619.543, 134
Trd, 4318619.843, 132
Trd, 4318619.943, 119
Trd, 4318621.143, 140
Trd, 4318621.943, 139
Trd, 4318622.393, 139
Trd, 4318622.493, 128
Trd, 4318623.993, 140
Trd, 4318624.143, 139
Trd, 4318624.593, 86
Trd, 4318625.193, 140
Trd, 4318626.093, 135
Trd, 4318627.743, 138
Trd, 4318627.793, 131
Trd, 4318628.493, 138
Trd, 4318629.593, 125
Trd, 4318629.643, 140
Trd, 4318630.443, 139
Trd, 4318630.793, 140
Trd, 4318631.143, 140
Trd, 4318631.643, 140
Trd, 4318631.793, 140
Trd, 4318632.743, 140
Trd, 4318633.693, 140
Trd, 4318633.793, 98
Trd, 4318634.043, 96
Trd, 4318634.393, 139
Trd, 4318634.893, 140
Trd, 4318635.343, 130
Trd, 4318635.443, 125
Trd, 4318636.543, 139
Trd, 4318636.743, 140
Trd, 4318638.143, 139
Trd, 4318638.543, 64
Trd, 4318638.943, 137
Trd, 4318640.193, 140
Trd, 4318640.693, 138
Trd, 4318640.743, 117
Trd, 4318641.443, 73
Trd, 4318642.993, 60
Trd, 4318643.143, 63
Trd, 4318643.393, 73
Trd, 4318645.193, 140
Trd, 4318645.393, 139
Trd, 4318646.143, 62
Trd, 4318646.993, 106
Trd, 4318647.493, 73
Trd, 4318647.743, 61
Trd, 4318647.793, 91
Trd, 4318648.793, 62
Trd, 4318648.843, 77
Trd, 4318649.843, 140
Trd, 4318650.143, 101
Trd, 4318651.493, 111
Trd, 4318651.543, 74
Trd, 4318652.193, 117
Trd, 4318653.043, 139
Trd, 4318653.143, 61
Trd, 4318653.693, 140
Trd, 4318654.893, 60
Trd, 4318656.293, 60
Trd, 4318656.943, 139
Trd, 4318657.893, 140
Trd, 4318657.943, 139
Trd, 4318658.643, 139
Trd, 4318658.993, 137
Trd, 4318659.593, 63
Trd, 4318660.293, 126
Trd, 4318660.943, 137
Trd, 4318662.043, 140
Trd, 4318663.143, 140
Trd, 4318663.393, 136
Trd, 4318664.393, 139
Trd, 4318664.493, 125
Trd, 4318665.093, 138
Trd, 4318666.193, 140
Trd, 4318666.243, 140
Trd, 4318668.493, 140
Trd, 4318668.893, 140
Trd, 4318669.543, 139
Trd, 4318671.443, 140
Trd, 4318671.593, 126
Trd, 4318671.843, 126
Trd, 4318671.893, 121
Trd, 4318672.943, 140
Trd, 4318673.493, 140
Trd, 4318674.543, 138
Trd, 4318674.893, 137
Trd, 4318675.493, 140
Trd, 4318676.043, 139
Trd, 4318676.893, 140
Trd, 4318678.293, 138
Trd, 4318678.593, 140
Trd, 4318679.393, 136
Trd, 4318679.743, 137
Trd, 4318680.243, 123
Trd, 4318680.343, 115
Trd, 4318680.593, 106
Trd, 4318681.393, 138
Trd, 4318682.343, 64
Trd, 4318682.443, 65
Trd, 4318682.743, 140
Trd, 4318683.543, 60
Trd, 4318684.293, 61
Trd, 4318685.343, 139
Trd, 4318686.143, 139
Trd, 4318686.593, 140
Trd, 4318688.043, 140
Trd, 4318688.443, 140
Trd, 4318688.943, 140
Trd, 4318689.493, 139
Trd, 4318689.693, 110
Trd, 4318690.793, 140
Trd, 4318691.093, 139
Trd, 4318691.343, 107
Trd, 4318692.843, 68
Trd, 4318693.043, 76
Trd, 4318693.543, 81
Trd, 4318693.993, 137
Trd, 4318694.593, 60
Trd, 4318696.443, 71
Trd, 4318696.693, 91
Trd, 4318697.343, 60
Trd, 4318697.493, 60
Trd, 4318699.143, 65
Trd, 4318699.793, 65
Trd, 4318700.143, 61
Trd, 4318700.643, 66
Trd, 4318700.943, 67
Trd, 4318701.793, 133
Trd, 4318702.143, 81
Trd, 4318703.343, 61
Trd, 4318704.093, 63
Trd, 4318705.043, 66
Trd, 4318705.843, 63
Trd, 4318706.043, 65
Trd, 4318707.043, 61
Trd, 4318707.843, 60
Trd, 4318708.093, 63
Trd, 4318708.693, 60
Trd, 4318709.593, 60
Trd, 4318709.643, 60
Trd, 4318709.793, 65
Trd, 4318710.543, 120
Trd, 4318710.793, 93
Trd, 4318711.343, 100
Trd, 4318711.443, 76
Trd, 4318712.343, 140
Trd, 4318712.893, 98
Trd, 4318713.843, 70
Trd, 4318713.943, 125
Trd, 4318714.993, 61
Trd, 4318715.943, 110
Trd, 4318716.243, 76
Trd, 4318716.943, 140
Trd, 4318717.043, 137
Trd, 4318717.443, 113
Trd, 4318718.993, 140
Trd, 4318719.043, 140
Trd, 4318720.193, 140
Trd, 4318720.793, 140
Trd, 4318722.443, 140
Trd, 4318722.593, 140
Trd, 4318723.393, 139
Trd, 4318723.443, 139
Trd, 4318723.943, 139
Trd, 4318724.143, 113
Trd, 4318724.593, 138
Trd, 4318726.293, 140
Trd, 4318726.643, 139
Trd, 4318727.943, 136
Trd, 4318728.743, 137
Trd, 4318728.993, 119
Trd, 4318729.343, 111
Trd, 4318729.493, 96
Trd, 4318729.843, 140
Trd, 4318730.993, 69
Trd, 4318731.393, 70
Trd, 4318733.043, 65
Trd, 4318733.593, 140
Trd, 4318733.793, 140
Trd, 4318734.493, 95
Trd, 4318735.043, 72
Trd, 4318735.143, 137
Trd, 4318735.393, 136
Trd, 4318736.143, 140
Trd, 4318736.543, 140
Trd, 4318737.443, 70
Trd, 4318738.293, 140
Trd, 4318738.343, 140
Trd, 4318738.693, 114
Trd, 4318739.993, 140
Trd, 4318740.193, 139
Trd, 4318740.493, 134
Trd, 4318741.443, 140
Trd, 4318742.093, 139
Trd, 4318742.243, 134
Trd, 4318744.793, 140
Trd, 4318744.843, 140
Trd, 4318745.893, 138
Trd, 4318745.943, 127
Trd, 4318746.143, 107
Trd, 4318746.343, 73
Trd, 4318746.843, 60
Trd, 4318746.993, 61
Trd, 4318748.093, 63
Trd, 4318748.893, 60
Trd, 4318749.593, 63
Trd, 4318749.643, 64
Trd, 4318750.593, 106
Trd, 4318750.743, 99
Trd, 4318750.943, 61
Trd, 4318751.843, 61
Trd, 4318754.193, 139
Trd, 4318754.643, 140
Trd, 4318755.043, 128
Trd, 4318755.443, 125
Trd, 4318755.793, 109
Trd, 4318756.543, 62
Trd, 4318756.743, 63
Trd, 4318756.793, 65
Trd, 4318757.043, 88
Trd, 4318757.493, 75
Trd, 4318757.743, 131
Trd, 4318758.043, 134
Trd, 4318759.443, 121
Trd, 4318759.693, 92
Trd, 4318761.493, 140
Trd, 4318761.543, 140
Trd, 4318762.343, 140
Trd, 4318763.343, 60
Trd, 4318763.993, 61
Trd, 4318765.643, 60
Trd, 4318766.043, 60
Trd, 4318766.143, 60
Trd, 4318766.843, 64
Trd, 4318766.893, 67
Trd, 4318767.293, 94
Trd, 4318767.943, 139
Trd, 4318768.043, 140
Trd, 4318768.693, 139
Trd, 4318769.743, 139
Trd, 4318769.993, 119
Trd, 4318771.193, 98
Trd, 4318771.843, 139
Trd, 4318771.993, 140
Trd, 4318773.143, 139
Trd, 4318773.243, 108
Trd, 4318773.793, 138
Trd, 4318774.093, 140
Trd, 4318774.293, 140
Trd, 4318775.543, 139
Trd, 4318775.893, 130
Trd, 4318776.243, 118
Trd, 4318777.243, 140
Trd, 4318777.643, 99
Trd, 4318778.893, 62
Trd, 4318779.093, 65
Trd, 4318779.293, 70
Trd, 4318779.893, 140
Trd, 4318780.793, 138
Trd, 4318781.643, 140
Trd, 4318782.293, 140
Trd, 4318783.043, 112
Trd, 4318783.143, 101
Trd, 4318783.193, 80
Trd, 4318784.093, 66
Trd, 4318785.693, 60
Trd, 4318785.893, 70
Trd, 4318786.943, 62
Trd, 4318787.143, 63
Trd, 4318787.393, 132
Trd, 4318788.743, 60
Trd, 4318789.943, 62
Trd, 4318789.993, 75
Trd, 4318790.093, 60
Trd, 4318790.293, 103
Trd, 4318790.693, 68
Trd, 4318791.643, 138
Trd, 4318792.793, 137
Trd, 4318793.043, 76
Trd, 4318793.493, 136
Trd, 4318793.943, 139
Trd, 4318794.243, 140
Trd, 4318795.243, 140
Trd, 4318795.643, 117
Trd, 4318796.093, 138
Trd, 4318796.443, 96
Trd, 4318797.243, 140
Trd, 4318798.943, 140
Trd, 4318799.693, 140
Trd, 4318799.843, 138
Trd, 4318800.893, 140
Trd, 4318801.243, 140
Trd, 4318801.793, 128
Trd, 4318802.093, 140
Trd, 4318802.943, 104
Trd, 4318803.743, 62
Trd, 4318804.493, 63
Trd, 4318805.243, 65
Trd, 4318806.293, 140
Trd, 4318806.493, 139
Trd, 4318807.243, 140
Trd, 4318808.393, 139
Trd, 4318808.893, 139
Trd, 4318810.343, 133
Trd, 4318810.443, 123
Trd, 4318810.793, 122
Trd, 4318811.093, 86
Trd, 4318811.493, 61
Trd, 4318811.843, 62
Trd, 4318812.593, 60
Trd, 4318813.093, 62
Trd, 4318813.243, 63
Trd, 4318813.843, 140
Trd, 4318815.343, 140
Trd, 4318815.593, 131
Trd, 4318816.193, 65
Trd, 4318816.643, 140
Trd, 4318816.893, 135
Trd, 4318818.393, 140
Trd, 4318818.893, 121
Trd, 4318819.343, 119
Trd, 4318819.693, 140
Trd, 4318819.943, 90
Trd, 4318821.143, 74
Trd, 4318821.643, 138
Trd, 4318821.893, 139
Trd, 4318822.193, 134
Trd, 4318822.843, 140
Trd, 4318823.593, 125
Trd, 4318825.543, 140
Trd, 4318826.143, 140
Trd, 4318826.243, 140
Trd, 4318826.393, 108
Trd, 4318827.393, 140
Trd, 4318827.443, 139
Trd, 4318827.743, 103
Trd, 4318827.793, 140
Trd, 4318828.593, 140
Trd, 4318829.193, 125
Trd, 4318830.493, 140
Trd, 4318831.543, 140
Trd, 4318832.543, 140
Trd, 4318832.593, 140
Trd, 4318832.743, 138
Trd, 4318832.943, 138
Trd, 4318832.993, 133
Trd, 4318833.693, 106
Trd, 4318834.193, 138
Trd, 4318834.393, 89
Trd, 4318835.193, 61
Trd, 4318837.193, 60
Trd, 4318837.693, 61
Trd, 4318837.993, 69
Trd, 4318839.143, 139
Trd, 4318839.243, 138
Trd, 4318840.443, 131
Trd, 4318841.393, 139
Trd, 4318841.543, 118
Trd, 4318841.693, 138
Trd, 4318841.943, 119
Trd, 4318843.393, 139
Trd, 4318844.843, 140
Trd, 4318845.143, 140
Trd, 4318845.993, 138
Trd, 4318846.543, 137
Trd, 4318846.943, 140
Trd, 4318847.643, 138
Trd, 4318848.743, 136
Trd, 4318848.943, 130
Trd, 4318849.693, 139
Trd, 4318850.043, 140
Trd, 4318850.543, 132
Trd, 4318852.193, 139
Trd, 4318853.193, 136
Trd, 4318853.593, 85
Trd, 4318854.343, 79
Trd, 4318854.593, 134
Trd, 4318855.143, 69
Trd, 4318855.843, 136
Trd, 4318856.393, 138
Trd, 4318856.693, 87
Trd, 4318857.193, 140
Trd, 4318857.743, 139
Trd, 4318859.293, 140
Trd, 4318859.593, 139
Trd, 4318862.293, 140
Trd, 4318862.393, 137
Trd, 4318862.443, 129
Trd, 4318863.193, 140
Trd, 4318863.793, 140
Trd, 4318866.793, 140
Trd, 4318866.993, 140
Trd, 4318867.043, 139
Trd, 4318867.093, 139
Trd, 4318867.193, 138
Trd, 4318867.293, 129
Trd, 4318867.993, 139
Trd, 4318868.893, 131
Trd, 4318869.243, 137
Trd, 4318869.393, 127
Trd, 4318871.143, 140
Trd, 4318871.393, 140
Trd, 4318872.043, 140
Trd, 4318872.443, 139
Trd, 4318873.293, 138
Trd, 4318874.543, 140
Trd, 4318874.793, 139
Trd, 4318875.193, 138
Trd, 4318875.693, 140
Trd, 4318875.793, 136
Trd, 4318877.293, 140
Trd, 4318877.743, 139
Trd, 4318877.843, 139
Trd, 4318879.643, 140
Trd, 4318880.543, 134
Trd, 4318880.793, 137
Trd, 4318881.143, 130
Trd, 4318882.643, 106
Trd, 4318883.143, 139
Trd, 4318883.743, 140
Trd, 4318884.343, 140
Trd, 4318884.393, 137
Trd, 4318884.693, 140
Trd, 4318885.243, 140
Trd, 4318886.143, 68
Trd, 4318886.793, 64
Trd, 4318886.943, 65
Trd, 4318888.143, 90
Trd, 4318889.743, 140
Trd, 4318890.593, 140
Trd, 4318891.443, 140
Trd, 4318891.543, 140
Trd, 4318891.993, 140
Trd, 4318892.293, 139
Trd, 4318892.343, 125
Trd, 4318892.643, 124
Trd, 4318893.393, 77
Trd, 4318893.793, 138
Trd, 4318895.693, 140
Trd, 4318896.093, 140
Trd, 4318896.343, 139
Trd, 4318896.943, 92
Trd, 4318897.393, 140
Trd, 4318899.843, 139
Trd, 4318900.943, 140
Trd, 4318901.093, 137
Trd, 4318901.393, 140
Trd, 4318902.593, 140
Trd, 4318902.643, 120
Trd, 4318904.343, 137
Trd, 4318904.493, 139
Trd, 4318904.843, 130
Trd, 4318905.343, 140
Trd, 4318906.043, 140
Trd, 4318906.293, 139
Trd, 4318906.443, 127
Trd, 4318907.643, 67
Trd, 4318908.093, 91
Trd, 4318908.393, 72
Trd, 4318909.393, 113
Trd, 4318909.443, 104
Trd, 4318910.793, 66
Trd, 4318910.843, 68
Trd, 4318911.843, 139
Trd, 4318913.043, 66
Trd, 4318913.343, 84
Trd, 4318913.393, 86
Trd, 4318913.943, 85
Trd, 4318914.393, 79
Trd, 4318915.693, 140
Trd, 4318916.243, 125
Trd, 4318917.143, 140
Trd, 4318917.543, 138
Trd, 4318918.043, 139
Trd, 4318918.493, 125
Trd, 4318918.693, 99
Trd, 4318918.993, 64
Trd, 4318919.543, 140
Trd, 4318920.793, 61
Trd, 4318921.643, 71
Trd, 4318922.093, 71
Trd, 4318922.693, 73
Trd, 4318923.543, 116
Trd, 4318923.893, 60
Trd, 4318924.843, 140
Trd, 4318925.193, 74
Trd, 4318925.693, 73
Trd, 4318925.893, 138
Trd, 4318926.143, 130
Trd, 4318926.893, 133
Trd, 4318927.343, 139
Trd, 4318928.043, 71
Trd, 4318929.593, 140
Trd, 4318929.693, 138
Trd, 4318929.843, 126
Trd, 4318930.743, 139
Trd, 4318932.793, 140
Trd, 4318933.193, 140
Trd, 4318933.343, 140
Trd, 4318933.443, 125
Trd, 4318933.893, 113
Trd, 4318933.993, 140
Trd, 4318934.093, 66
Trd, 4318934.843, 64
Trd, 4318936.743, 60
Trd, 4318937.093, 63
Trd, 4318937.743, 71
Trd, 4318938.493, 60
Trd, 4318938.543, 70
Trd, 4318938.643, 73
Trd, 4318938.843, 80
Trd, 4318939.693, 98
Trd, 4318940.843, 60
Trd, 4318941.393, 139
Trd, 4318942.793, 62
Trd, 4318943.293, 71
Trd, 4318943.543, 128
Trd, 4318944.343, 140
Trd, 4318944.493, 119
Trd, 4318945.443, 64
Trd, 4318946.043, 138
Trd, 4318946.843, 62
Trd, 4318947.243, 63
Trd, 4318947.543, 68
Trd, 4318948.343, 136
Trd, 4318949.943, 140
Trd, 4318950.093, 139
Trd, 4318950.293, 132
Trd, 4318950.643, 128
Trd, 4318951.893, 139
Trd, 4318951.993, 132
Trd, 4318952.943, 140
Trd, 4318954.493, 140
Trd, 4318954.693, 127
Trd, 4318954.993, 137
Trd, 4318955.043, 92
Trd, 4318955.293, 138
Trd, 4318957.193, 139
Trd, 4318958.693, 139
Trd, 4318958.993, 139
Trd, 4318959.393, 139
Trd, 4318959.693, 139
Trd, 4318960.843, 140
Trd, 4318961.543, 139
Trd, 4318962.143, 124
Trd, 4318962.393, 114
Trd, 4318962.843, 139
Trd, 4318963.343, 140
Trd, 4318965.293, 140
Trd, 4318965.693, 140
Trd, 4318965.743, 140
Trd, 4318966.293, 140
Trd, 4318967.343, 139
Trd, 4318967.993, 140
Trd, 4318969.443, 140
Trd, 4318969.643, 140
Trd, 4318969.843, 140
Trd, 4318970.543, 140
Trd, 4318972.093, 139
Trd, 4318972.243, 137
Trd, 4318972.543, 125
Trd, 4318973.993, 140
Trd, 4318975.193, 140
Trd, 4318976.093, 137
Trd, 4318976.193, 126
Trd, 4318977.943, 140
Trd, 4318977.993, 138
Trd, 4318978.343, 137
Trd, 4318979.243, 138
Trd, 4318979.693, 99
Trd, 4318979.743, 76
Trd, 4318980.543, 106
Trd, 4318980.893, 140
Trd, 4318981.393, 140
Trd, 4318982.643, 140
Trd, 4318982.943, 136
Trd, 4318983.243, 140
Trd, 4318984.793, 140
Trd, 4318984.943, 124
Trd, 4318985.293, 140
Trd, 4318986.393, 140
Trd, 4318986.693, 126
Trd, 4318987.493, 134
Trd, 4318988.243, 140
Trd, 4318988.643, 138
Trd, 4318989.743, 140
Trd, 4318991.793, 140
Trd, 4318991.893, 139
Trd, 4318992.093, 139
Trd, 4318993.143, 140
Trd, 4318993.193, 136
Trd, 4318994.493, 140
Trd, 4318994.593, 138
Trd, 4318994.643, 132
Trd, 4318995.443, 140
Trd, 4318995.793, 125
Trd, 4318996.043, 139
Trd, 4318997.293, 138
Trd, 4318997.893, 138
Trd, 4318998.543, 131
Trd, 4318999.343, 139
Trd, 4319000.593, 140
Trd, 4319000.793, 140
Trd, 4319000.843, 140
Trd, 4319001.143, 125
Trd, 4319002.643, 140
Trd, 4319002.693, 115
Trd, 4319003.843, 140
Trd, 4319003.893, 138
Trd, 4319004.543, 140
Trd, 4319005.943, 140
Trd, 4319006.993, 127
Trd, 4319007.743, 140
Trd, 4319008.093, 134
Trd, 4319008.193, 75
Trd, 4319008.543, 81
Trd, 4319009.093, 81
Trd, 4319009.943, 60
Trd, 4319010.793, 69
Trd, 4319011.993, 140
Trd, 4319013.143, 139
Trd, 4319014.093, 140
Trd, 4319014.293, 129
Trd, 4319014.343, 125
Trd, 4319015.543, 140
Trd, 4319016.943, 140
Trd, 4319017.693, 140
Trd, 4319017.943, 139
Trd, 4319018.343, 139
Trd, 4319019.143, 140
Trd, 4319019.343, 139
Trd, 4319019.693, 140
Trd, 4319022.093, 139
Trd, 4319022.293, 138
Trd, 4319022.493, 139
Trd, 4319023.643, 140
Trd, 4319023.943, 140
Trd, 4319025.493, 140
Trd, 4319025.743, 137
Trd, 4319025.893, 140
Trd, 4319026.893, 139
Trd, 4319027.143, 130
Trd, 4319029.493, 140
Trd, 4319029.543, 140
Trd, 4319029.993, 140
Trd, 4319030.243, 140
Trd, 4319030.593, 140
Trd, 4319031.343, 139
Trd, 4319031.693, 116
Trd, 4319032.293, 140
Trd, 4319033.343, 140
Trd, 4319033.593, 140
Trd, 4319034.693, 138
Trd, 4319035.493, 118
Trd, 4319036.443, 140
Trd, 4319036.793, 140
Trd, 4319037.043, 140
Trd, 4319037.143, 126
Trd, 4319038.093, 140
Trd, 4319038.343, 140
Trd, 4319038.793, 123
Trd, 4319038.943, 73
Trd, 4319039.993, 139
Trd, 4319040.493, 140
Trd, 4319040.793, 121
Trd, 4319042.543, 136
Trd, 4319043.043, 140
Trd, 4319043.343, 118
Trd, 4319043.893, 140
Trd, 4319044.143, 139
Trd, 4319044.993, 139
Trd, 4319046.343, 65
Trd, 4319048.193, 60
Trd, 4319048.543, 60
Trd, 4319048.593, 63
Trd, 4319049.193, 138
Trd, 4319049.593, 140
Trd, 4319050.293, 121
Trd, 4319050.493, 111
Trd, 4319051.443, 139
Trd, 4319052.443, 140
Trd, 4319053.443, 139
Trd, 4319054.243, 140
Trd, 4319054.943, 140
Trd, 4319055.043, 139
Trd, 4319056.293, 140
Trd, 4319056.393, 140
Trd, 4319056.793, 139
Trd, 4319057.093, 123
Trd, 4319058.293, 140
Trd, 4319058.893, 115
Trd, 4319060.343, 138
Trd, 4319060.943, 135
Trd, 4319060.993, 124
Trd, 4319061.243, 108
Trd, 4319061.293, 80
Trd, 4319062.393, 140
Trd, 4319062.593, 139
Trd, 4319063.693, 140
Trd, 4319063.943, 139
Trd, 4319064.243, 140
Trd, 4319065.793, 140
Trd, 4319065.943, 140
Trd, 4319066.593, 133
Trd, 4319066.693, 117
Trd, 4319067.893, 129
Trd, 4319068.143, 140
Trd, 4319068.393, 121
Trd, 4319069.793, 60
Trd, 4319070.343, 60
Trd, 4319070.543, 61
Trd, 4319071.043, 62
Trd, 4319071.943, 116
Trd, 4319072.693, 140
Trd, 4319073.643, 139
Trd, 4319073.693, 138
Trd, 4319073.893, 137
Trd, 4319074.343, 140
Trd, 4319075.143, 69
Trd, 4319076.143, 140
Trd, 4319076.493, 134
Trd, 4319077.093, 139
Trd, 4319077.393, 139
Trd, 4319077.593, 140
Trd, 4319078.243, 140
Trd, 4319079.443, 103
Trd, 4319079.793, 140
Trd, 4319080.043, 134
Trd, 4319081.043, 93
Trd, 4319081.993, 107
Trd, 4319082.243, 108
Trd, 4319082.443, 71
Trd, 4319083.593, 140
Trd, 4319083.893, 140
Trd, 4319084.743, 140
Trd, 4319086.093, 100
Trd, 4319086.393, 140
Trd, 4319086.693, 108
Trd, 4319087.843, 140
Trd, 4319088.093, 109
Trd, 4319088.843, 60
Trd, 4319089.693, 138
Trd, 4319090.193, 138
Trd, 4319090.593, 138
Trd, 4319091.793, 133
Trd, 4319091.943, 116
Trd, 4319092.843, 140
Trd, 4319092.893, 104
Trd, 4319094.043, 87
Trd, 4319094.643, 139
Trd, 4319094.843, 64
Trd, 4319095.793, 60
Trd, 4319096.343, 60
Trd, 4319096.393, 67
Trd, 4319096.593, 140
Trd, 4319097.343, 119
Trd, 4319098.743, 139
Trd, 4319098.993, 119
Trd, 4319099.093, 115
Trd, 4319100.193, 61
Trd, 4319101.193, 140
Trd, 4319101.893, 95
Trd, 4319102.293, 138
Trd, 4319103.093, 140
Trd, 4319103.243, 139
Trd, 4319105.093, 139
Trd, 4319105.493, 139
Trd, 4319106.893, 140
Trd, 4319106.943, 140
Trd, 4319107.143, 139
Trd, 4319107.343, 90
Trd, 4319108.343, 95
Trd, 4319108.443, 81
Trd, 4319109.593, 140
Trd, 4319111.143, 140
Trd, 4319111.543, 137
Trd, 4319111.893, 137
Trd, 4319111.993, 125
Trd, 4319112.243, 116
Trd, 4319113.293, 136
Trd, 4319114.393, 139
Trd, 4319114.793, 138
Trd, 4319114.993, 138
Trd, 4319116.093, 138
Trd, 4319116.543, 103
Trd, 4319116.693, 97
Trd, 4319116.893, 96
Trd, 4319119.343, 140
Trd, 4319119.543, 140
Trd, 4319120.493, 140
Trd, 4319120.993, 140
Trd, 4319121.693, 140
Trd, 4319122.193, 138
Trd, 4319122.743, 138
Trd, 4319122.843, 72
Trd, 4319124.443, 137
Trd, 4319124.593, 128
Trd, 4319126.393, 140
Trd, 4319126.593, 140
Trd, 4319126.793, 139
Trd, 4319127.943, 60
Trd, 4319128.493, 60
Trd, 4319128.643, 62
Trd, 4319129.343, 65
Trd, 4319129.643, 70
Trd, 4319130.093, 132
Trd, 4319130.743, 82
Trd, 4319131.293, 139
Trd, 4319131.793, 85
Trd, 4319132.143, 62
Trd, 4319132.443, 64
Trd, 4319132.843, 69
Trd, 4319133.943, 100
Trd, 4319134.143, 105
Trd, 4319135.043, 140
Trd, 4319135.443, 140
Trd, 4319135.793, 81
Trd, 4319136.393, 62
Trd, 4319136.843, 87
Trd, 4319137.893, 131
Trd, 4319138.843, 140
Trd, 4319139.143, 125
Trd, 4319139.393, 64
Trd, 4319140.293, 93
Trd, 4319140.793, 65
Trd, 4319141.593, 66
Trd, 4319141.893, 135
Trd, 4319142.643, 140
Trd, 4319143.443, 140
Trd, 4319144.043, 71
Trd, 4319144.843, 140
Trd, 4319145.343, 78
Trd, 4319145.643, 119
Trd, 4319146.343, 139
Trd, 4319147.343, 140
Trd, 4319147.943, 137
Trd, 4319148.543, 99
Trd, 4319149.393, 60
Trd, 4319149.993, 60
Trd, 4319150.193, 90
Trd, 4319150.593, 128
Trd, 4319150.643, 132
Trd, 4319150.943, 140
Trd, 4319151.293, 63
Trd, 4319151.843, 134
Trd, 4319153.293, 61
Trd, 4319154.293, 60
Trd, 4319154.543, 139
Trd, 4319154.843, 139
Trd, 4319155.043, 134
Trd, 4319156.093, 140
Trd, 4319157.043, 138
Trd, 4319157.693, 140
Trd, 4319158.743, 140
Trd, 4319159.293, 136
Trd, 4319159.493, 94
Trd, 4319160.143, 63
Trd, 4319160.793, 78
Trd, 4319161.443, 63
Trd, 4319161.793, 73
Trd, 4319162.343, 139
Trd, 4319163.043, 64
Trd, 4319163.843, 60
Trd, 4319164.193, 60
Trd, 4319164.293, 60
Trd, 4319164.493, 64
Trd, 4319164.893, 82
Trd, 4319166.243, 68
Trd, 4319166.593, 97
Trd, 4319167.393, 139
Trd, 4319167.993, 140
Trd, 4319168.193, 137
Trd, 4319169.593, 98
Trd, 4319170.443, 140
Trd, 4319171.093, 140
Trd, 4319171.343, 138
Trd, 4319171.543, 114
Trd, 4319172.293, 140
Trd, 4319173.093, 139
Trd, 4319173.493, 116
Trd, 4319173.993, 131
Trd, 4319174.793, 140
Trd, 4319175.093, 140
Trd, 4319176.643, 140
Trd, 4319176.893, 137
Trd, 4319177.393, 102
Trd, 4319177.943, 137
Trd, 4319178.493, 139
Trd, 4319178.793, 138
Trd, 4319179.393, 139
Trd, 4319179.793, 124
Trd, 4319180.843, 138
Trd, 4319181.043, 118
Trd, 4319182.343, 140
Trd, 4319182.643, 140
Trd, 4319183.093, 139
Trd, 4319183.243, 104
Trd, 4319184.343, 121
Trd, 4319184.993, 140
Trd, 4319185.493, 140
Trd, 4319185.543, 132
Trd, 4319186.843, 139
Trd, 4319188.793, 140
Trd, 4319188.993, 140
Trd, 4319189.093, 140
Trd, 4319189.543, 137
Trd, 4319190.493, 140
Trd, 4319190.743, 140
Trd, 4319191.243, 117
Trd, 4319191.693, 140
Trd, 4319192.993, 140
Trd, 4319193.143, 138
Trd, 4319193.343, 121
Trd, 4319194.293, 140
Trd, 4319195.693, 140
Trd, 4319195.993, 136
Trd, 4319196.243, 123
Trd, 4319197.993, 140
Trd, 4319198.493, 140
Trd, 4319198.543, 139
Trd, 4319198.793, 138
Trd, 4319199.643, 123
Trd, 4319199.793, 140
Trd, 4319200.243, 78
Trd, 4319201.143, 130
Trd, 4319202.393, 140
Trd, 4319203.543, 140
Trd, 4319203.593, 140
Trd, 4319203.893, 139
Trd, 4319204.143, 124
Trd, 4319204.243, 102
Trd, 4319205.493, 139
Trd, 4319205.993, 140
Trd, 4319206.393, 139
Trd, 4319207.543, 139
Trd, 4319207.943, 140
Trd, 4319207.993, 139
Trd, 4319209.443, 140
Trd, 4319209.493, 136
Trd, 4319209.643, 132
Trd, 4319210.243, 107
Trd, 4319211.443, 139
Trd, 4319211.943, 138
Trd, 4319212.893, 139
Trd, 4319213.243, 137
Trd, 4319213.643, 128
Trd, 4319215.243, 140
Trd, 4319215.343, 135
Trd, 4319216.543, 140
Trd, 4319217.043, 140
Trd, 4319217.143, 140
Trd, 4319217.193, 139
Trd, 4319217.743, 68
Trd, 4319218.643, 136
Trd, 4319220.393, 139
Trd, 4319221.093, 140
Trd, 4319221.393, 139
Trd, 4319223.093, 137
Trd, 4319224.093, 140
Trd, 4319224.593, 140
Trd, 4319225.093, 139
Trd, 4319225.843, 140
Trd, 4319225.993, 140
Trd, 4319226.093, 139
Trd, 4319226.443, 140
Trd, 4319226.593, 138
Trd, 4319227.293, 138
Trd, 4319227.443, 140
Trd, 4319227.843, 140
Trd, 4319228.293, 97
Trd, 4319229.543, 137
Trd, 4319230.443, 138
Trd, 4319231.193, 139
Trd, 4319231.593, 74
Trd, 4319232.143, 74
Trd, 4319232.893, 86
Trd, 4319233.043, 86
Trd, 4319233.143, 69
Trd, 4319233.543, 87
Trd, 4319234.543, 63
Trd, 4319235.743, 140
Trd, 4319235.993, 140
Trd, 4319236.143, 139
Trd, 4319236.743, 140
Trd, 4319237.693, 140
Trd, 4319238.243, 140
Trd, 4319239.043, 140
Trd, 4319240.443, 140
Trd, 4319241.343, 139
Trd, 4319241.843, 138
Trd, 4319241.993, 137
Trd, 4319242.343, 139
Trd, 4319243.893, 140
Trd, 4319245.193, 139
Trd, 4319245.593, 140
Trd, 4319245.943, 138
Trd, 4319246.193, 140
Trd, 4319246.393, 107
Trd, 4319246.693, 100
Trd, 4319246.843, 95
Trd, 4319247.493, 136
Trd, 4319249.343, 140
Trd, 4319250.243, 139
Trd, 4319250.343, 139
Trd, 4319251.193, 139
Trd, 4319251.393, 136
Trd, 4319251.793, 118
Trd, 4319251.843, 116
Trd, 4319251.993, 61
Trd, 4319253.843, 137
Trd, 4319255.043, 119
Trd, 4319255.293, 106
Trd, 4319255.793, 107
Trd, 4319256.543, 140
Trd, 4319256.693, 140
Trd, 4319257.143, 126
Trd, 4319257.243, 128
Trd, 4319257.593, 126
Trd, 4319258.343, 136
Trd, 4319258.493, 139
Trd, 4319258.843, 136
Trd, 4319260.093, 82
Trd, 4319260.943, 66
Trd, 4319261.493, 61
Trd, 4319261.893, 140
Trd, 4319263.593, 62
Trd, 4319264.093, 71
Trd, 4319264.893, 63
Trd, 4319265.093, 64
Trd, 4319266.143, 63
Trd, 4319267.743, 62
Trd, 4319267.843, 62
Trd, 4319268.143, 64
Trd, 4319268.443, 67
Trd, 4319268.843, 68
Trd, 4319268.943, 65
Trd, 4319269.543, 72
Trd, 4319270.543, 139
Trd, 4319271.343, 140
Trd, 4319271.393, 136
Trd, 4319272.793, 140
Trd, 4319273.243, 139
Trd, 4319273.443, 93
Trd, 4319274.093, 72
Trd, 4319275.043, 104
Trd, 4319276.543, 74
Trd, 4319277.143, 137
Trd, 4319277.243, 134
Trd, 4319277.793, 140
Trd, 4319279.143, 140
Trd, 4319279.593, 140
Trd, 4319279.993, 139
Trd, 4319280.193, 139
Trd, 4319281.293, 137
Trd, 4319282.743, 140
Trd, 4319283.093, 140
Trd, 4319283.393, 104
Trd, 4319283.593, 86
Trd, 4319283.843, 138
Trd, 4319284.193, 125
Trd, 4319284.693, 140
Trd, 4319285.693, 112
Trd, 4319285.843, 110
Trd, 4319286.743, 139
Trd, 4319288.443, 140
Trd, 4319289.993, 140
Trd, 4319290.143, 140
Trd, 4319290.393, 140
Trd, 4319291.043, 140
Trd, 4319291.593, 138
Trd, 4319291.693, 137
Trd, 4319292.393, 138
Trd, 4319292.543, 138
Trd, 4319293.593, 87
Trd, 4319293.943, 67
Trd, 4319295.343, 135
Trd, 4319295.643, 123
Trd, 4319295.793, 118
Trd, 4319296.443, 140
Trd, 4319298.093, 140
Trd, 4319298.143, 139
Trd, 4319298.543, 140
Trd, 4319298.793, 140
Trd, 4319299.493, 126
Trd, 4319299.943, 62
Trd, 4319300.143, 63
Trd, 4319301.143, 140
Trd, 4319301.693, 140
Trd, 4319302.493, 139
Trd, 4319302.693, 140
Trd, 4319304.043, 140
Trd, 4319304.593, 140
Trd, 4319305.093, 139
Trd, 4319305.443, 134
Trd, 4319305.593, 126
Trd, 4319306.643, 140
Trd, 4319307.143, 140
Trd, 4319307.943, 140
Trd, 4319308.543, 139
Trd, 4319309.643, 109
Trd, 4319309.843, 110
Trd, 4319310.193, 60
Trd, 4319310.593, 94
Trd, 4319311.393, 136
Trd, 4319311.543, 140
Trd, 4319311.643, 75
Trd, 4319313.643, 61
Trd, 4319314.043, 65
Trd, 4319315.593, 61
Trd, 4319315.643, 95
Trd, 4319316.193, 140
Trd, 4319316.393, 105
Trd, 4319317.693, 65
Trd, 4319317.993, 135
Trd, 4319319.443, 60
Trd, 4319319.943, 61
Trd, 4319320.293, 65
Trd, 4319321.043, 98
Trd, 4319321.843, 140
Trd, 4319322.643, 139
Trd, 4319323.293, 140
Trd, 4319324.393, 117
Trd, 4319326.543, 140
Trd, 4319326.943, 139
Trd, 4319326.993, 133
Trd, 4319327.143, 88
Trd, 4319327.793, 140
Trd, 4319328.343, 140
Trd, 4319328.643, 137
Trd, 4319330.193, 139
Trd, 4319330.743, 138
Trd, 4319331.293, 140
Trd, 4319331.443, 140
Trd, 4319331.643, 123
Trd, 4319332.843, 123
Trd, 4319333.643, 62
Trd, 4319334.793, 137
Trd, 4319335.043, 112
Trd, 4319335.193, 100
Trd, 4319336.693, 60
Trd, 4319336.743, 62
Trd, 4319336.993, 62
Trd, 4319337.293, 139
Trd, 4319338.543, 139
Trd, 4319338.793, 136
Trd, 4319339.343, 135
Trd, 4319339.593, 115
Trd, 4319340.443, 113
Trd, 4319341.693, 140
Trd, 4319341.993, 139
Trd, 4319342.043, 110
Trd, 4319342.193, 76
Trd, 4319342.743, 90
Trd, 4319342.843, 92
Trd, 4319343.493, 133
Trd, 4319344.093, 123
Trd, 4319344.643, 93
Trd, 4319346.293, 140
Trd, 4319346.343, 126
Trd, 4319347.343, 87
Trd, 4319347.793, 140
Trd, 4319348.343, 140
Trd, 4319349.043, 140
Trd, 4319349.243, 140
Trd, 4319349.793, 140
Trd, 4319351.143, 140
Trd, 4319351.743, 140
Trd, 4319351.793, 140
Trd, 4319352.343, 137
Trd, 4319354.043, 140
Trd, 4319354.793, 139
Trd, 4319355.093, 139
Trd, 4319355.793, 139
Trd, 4319355.943, 125
Trd, 4319357.043, 130
Trd, 4319357.943, 61
Trd, 4319357.993, 64
Trd, 4319358.143, 75
Trd, 4319358.643, 140
Trd, 4319359.243, 138
Trd, 4319359.493, 140
Trd, 4319360.493, 140
Trd, 4319360.743, 86
Trd, 4319362.143, 140
Trd, 4319362.543, 126
Trd, 4319362.993, 139
Trd, 4319364.043, 140
Trd, 4319364.843, 140
Trd, 4319365.243, 136
Trd, 4319366.043, 138
Trd, 4319366.693, 120
Trd, 4319366.893, 84
Trd, 4319367.243, 140
Trd, 4319368.443, 138
Trd, 4319368.693, 125
Trd, 4319370.993, 140
Trd, 4319371.093, 139
Trd, 4319371.193, 136
Trd, 4319371.393, 91
Trd, 4319372.143, 63
Trd, 4319372.743, 74
Trd, 4319373.543, 140
Trd, 4319374.893, 140
Trd, 4319375.043, 105
Trd, 4319375.543, 138
Trd, 4319376.043, 92
Trd, 4319378.193, 140
Trd, 4319378.393, 140
Trd, 4319378.443, 137
Trd, 4319378.793, 140
Trd, 4319379.443, 140
Trd, 4319380.443, 138
Trd, 4319380.493, 124
Trd, 4319381.143, 137
Trd, 4319381.543, 115
Trd, 4319382.393, 133
Trd, 4319382.693, 139
Trd, 4319383.343, 139
Trd, 4319383.643, 129
Trd, 4319384.093, 111
Trd, 4319385.843, 140
Trd, 4319385.943, 138
Trd, 4319386.393, 94
Trd, 4319386.493, 115
Trd, 4319386.843, 139
Trd, 4319388.043, 140
Trd, 4319388.443, 133
Trd, 4319388.743, 138
Trd, 4319388.993, 119
Trd, 4319389.443, 86
Trd, 4319389.893, 137
Trd, 4319390.443, 63
Trd, 4319392.243, 140
Trd, 4319392.493, 140
Trd, 4319393.393, 119
Trd, 4319394.543, 139
Trd, 4319395.643, 140
Trd, 4319396.493, 140
Trd, 4319396.893, 140
Trd, 4319397.593, 140
Trd, 4319397.743, 126
Trd, 4319398.393, 139
Trd, 4319398.693, 139
Trd, 4319399.093, 109
Trd, 4319399.493, 139
Trd, 4319399.793, 140
Trd, 4319400.193, 140
Trd, 4319400.893, 140
Trd, 4319401.743, 130
Trd, 4319401.993, 140
Trd, 4319402.093, 104
Trd, 4319403.143, 65
Trd, 4319404.043, 62
Trd, 4319405.293, 140
Trd, 4319405.793, 138
Trd, 4319407.343, 140
Trd, 4319407.493, 140
Trd, 4319407.743, 140
Trd, 4319408.193, 127
Trd, 4319408.843, 136
Trd, 4319409.493, 133
Trd, 4319409.743, 136
Trd, 4319410.393, 95
Trd, 4319411.693, 139
Trd, 4319411.993, 138
Trd, 4319412.743, 140
Trd, 4319412.843, 126
Trd, 4319414.193, 139
Trd, 4319414.543, 140
Trd, 4319414.743, 124
Trd, 4319415.093, 140
Trd, 4319415.943, 91
Trd, 4319416.543, 70
Trd, 4319416.743, 61
Trd, 4319417.293, 119
Trd, 4319417.743, 102
Trd, 4319419.993, 60
Trd, 4319420.043, 69
Trd, 4319420.443, 62
Trd, 4319420.493, 69
Trd, 4319421.493, 68
Trd, 4319422.243, 63
Trd, 4319422.543, 60
Trd, 4319422.643, 64
Trd, 4319423.993, 67
Trd, 4319424.243, 68
Trd, 4319425.193, 61
Trd, 4319425.693, 91
Trd, 4319426.343, 60
Trd, 4319427.043, 139
Trd, 4319427.993, 69
Trd, 4319429.043, 139
Trd, 4319430.293, 140
Trd, 4319431.243, 140
Trd, 4319432.243, 140
Trd, 4319432.493, 140
Trd, 4319432.843, 138
Trd, 4319433.443, 140
Trd, 4319433.543, 133
Trd, 4319434.943, 140
Trd, 4319435.243, 140
Trd, 4319436.043, 123
Trd, 4319436.593, 137
Trd, 4319436.993, 60
Trd, 4319439.193, 140
Trd, 4319439.943, 140
Trd, 4319440.143, 138
Trd, 4319441.243, 140
Trd, 4319441.493, 140
Trd, 4319441.943, 130
Trd, 4319444.093, 140
Trd, 4319444.443, 138
Trd, 4319445.343, 140
Trd, 4319446.443, 140
Trd, 4319446.593, 140
Trd, 4319447.093, 139
Trd, 4319447.193, 133
Trd, 4319449.143, 140
Trd, 4319449.443, 140
Trd, 4319450.343, 140
Trd, 4319450.443, 139
Trd, 4319450.643, 125
Trd, 4319450.743, 107
Trd, 4319451.493, 139
Trd, 4319451.693, 117
Trd, 4319453.493, 140
Trd, 4319454.593, 140
Trd, 4319455.343, 140
Trd, 4319455.393, 139
Trd, 4319455.443, 139
Trd, 4319455.693, 110
Trd, 4319456.943, 139
Trd, 4319457.243, 125
Trd, 4319457.643, 139
Trd, 4319457.793, 69
Trd, 4319458.093, 139
Trd, 4319458.443, 97
Trd, 4319459.493, 110
Trd, 4319459.543, 64
Trd, 4319461.093, 139
Trd, 4319461.343, 140
Trd, 4319462.793, 140
Trd, 4319462.893, 140
Trd, 4319463.293, 137
Trd, 4319464.293, 139
Trd, 4319465.843, 140
Trd, 4319465.943, 140
Trd, 4319466.193, 125
Trd, 4319466.893, 135
Trd, 4319467.343, 140
Trd, 4319467.393, 101
Trd, 4319467.993, 140
Trd, 4319469.243, 140
Trd, 4319470.093, 130
Trd, 4319471.143, 140
Trd, 4319471.243, 140
Trd, 4319471.643, 137
Trd, 4319472.093, 140
Trd, 4319472.443, 138
Trd, 4319474.443, 140
Trd, 4319474.843, 139
Trd, 4319476.393, 137
Trd, 4319476.443, 133
Trd, 4319476.693, 111
Trd, 4319477.293, 140
Trd, 4319477.693, 139
Trd, 4319479.093, 122
Trd, 4319479.393, 98
Trd, 4319479.993, 140
Trd, 4319481.043, 140
Trd, 4319481.743, 140
Trd, 4319482.593, 139
Trd, 4319482.743, 89
Trd, 4319484.143, 77
Trd, 4319484.443, 78
Trd, 4319485.143, 138
Trd, 4319485.643, 112
Trd, 4319486.643, 139
Trd, 4319486.893, 76
Trd, 4319487.793, 140
Trd, 4319489.593, 139
Trd, 4319490.243, 135
Trd, 4319490.543, 140
Trd, 4319491.243, 139
Trd, 4319491.643, 138
Trd, 4319491.743, 138
Trd, 4319492.843, 139
Trd, 4319493.893, 138
Trd, 4319493.993, 137
Trd, 4319494.293, 131
Trd, 4319496.693, 140
Trd, 4319497.093, 139
Trd, 4319497.543, 138
Trd, 4319497.743, 136
Trd, 4319498.193, 126
Trd, 4319498.293, 114
Trd, 4319499.693, 139
Trd, 4319500.643, 138
Trd, 4319500.943, 138
Trd, 4319501.643, 139
Trd, 4319502.093, 140
Trd, 4319502.443, 139
Trd, 4319503.043, 140
Trd, 4319503.543, 115
Trd, 4319504.293, 132
Trd, 4319505.443, 140
Trd, 4319506.243, 140
Trd, 4319506.893, 140
Trd, 4319507.093, 137
Trd, 4319507.143, 100
Trd, 4319509.193, 140
Trd, 4319510.293, 139
Trd, 4319510.593, 139
Trd, 4319510.893, 138
Trd, 4319511.043, 134
Trd, 4319512.193, 138
Trd, 4319512.393, 129
Trd, 4319512.743, 138
Trd, 4319513.193, 135
Trd, 4319514.543, 74
Trd, 4319514.893, 65
Trd, 4319516.343, 61
Trd, 4319516.443, 71
Trd, 4319517.293, 71
Trd, 4319517.693, 92
Trd, 4319517.793, 114
Trd, 4319519.243, 140
Trd, 4319519.393, 126
Trd, 4319519.543, 104
Trd, 4319520.343, 139
Trd, 4319520.393, 114
Trd, 4319521.193, 136
Trd, 4319522.593, 140
Trd, 4319523.443, 73
Trd, 4319524.443, 74
Trd, 4319524.993, 117
Trd, 4319525.443, 140
Trd, 4319525.943, 67
Trd, 4319526.593, 140
Trd, 4319526.643, 140
Trd, 4319527.893, 140
Trd, 4319528.543, 114
Trd, 4319528.593, 98
Trd, 4319528.793, 137
Trd, 4319529.393, 62
Trd, 4319529.843, 101
Trd, 4319530.743, 138
Trd, 4319531.443, 140
Trd, 4319531.893, 140
Trd, 4319533.293, 140
Trd, 4319533.843, 135
Trd, 4319534.343, 140
Trd, 4319534.743, 140
Trd, 4319535.593, 139
Trd, 4319536.243, 139
Trd, 4319536.443, 139
Trd, 4319537.493, 140
Trd, 4319538.243, 140
Trd, 4319538.293, 140
Trd, 4319539.193, 119
Trd, 4319539.543, 110
Trd, 4319539.943, 97
Trd, 4319541.493, 140
Trd, 4319542.143, 60
Trd, 4319542.843, 77
Trd, 4319542.993, 102
Trd, 4319544.843, 140
Trd, 4319546.143, 140
Trd, 4319546.343, 139
Trd, 4319546.443, 139
Trd, 4319546.743, 140
Trd, 4319546.893, 125
Trd, 4319547.243, 124
Trd, 4319547.793, 140
Trd, 4319548.093, 140
Trd, 4319548.193, 140
Trd, 4319550.393, 60
Trd, 4319550.643, 60
Trd, 4319551.293, 66
Trd, 4319551.593, 60
Trd, 4319551.793, 64
Trd, 4319552.043, 78
Trd, 4319552.343, 62
Trd, 4319552.843, 107
Trd, 4319555.543, 66
Trd, 4319555.643, 71
Trd, 4319556.793, 60
Trd, 4319557.843, 62
Trd, 4319557.993, 74
Trd, 4319558.243, 88
Trd, 4319558.843, 65
Trd, 4319559.243, 113
Trd, 4319560.443, 140
Trd, 4319560.593, 127
Trd, 4319561.093, 114
Trd, 4319561.343, 140
Trd, 4319563.493, 140
Trd, 4319564.593, 139
Trd, 4319565.193, 138
Trd, 4319565.393, 138
Trd, 4319565.893, 140
Trd, 4319566.093, 124
Trd, 4319566.493, 101
Trd, 4319566.993, 94
Trd, 4319567.393, 100
Trd, 4319568.143, 119
Trd, 4319568.393, 139
Trd, 4319568.643, 139
Trd, 4319569.443, 140
Trd, 4319571.093, 140
Trd, 4319571.693, 140
Trd, 4319572.893, 140
Trd, 4319573.393, 139
Trd, 4319573.593, 139
Trd, 4319574.043, 140
Trd, 4319574.893, 140
Trd, 4319575.343, 139
Trd, 4319576.193, 136
Trd, 4319576.743, 140
Trd, 4319576.843, 126
Trd, 4319577.343, 103
Trd, 4319578.843, 139
Trd, 4319579.843, 140
Trd, 4319579.943, 133
Trd, 4319581.343, 139
Trd, 4319581.493, 139
Trd, 4319581.743, 139
Trd, 4319582.793, 87
Trd, 4319583.643, 140
Trd, 4319584.193, 139
Trd, 4319585.043, 60
Trd, 4319585.593, 60
Trd, 4319585.743, 62
Trd, 4319586.193, 60
Trd, 4319586.943, 62
Trd, 4319587.143, 108
Trd, 4319588.043, 138
Trd, 4319588.643, 140
Trd, 4319588.993, 139
Trd, 4319589.293, 139
Trd, 4319591.043, 60
Trd, 4319591.093, 66
Trd, 4319591.593, 108
Trd, 4319592.143, 61
Trd, 4319592.443, 60
Trd, 4319592.643, 61
Trd, 4319593.743, 61
Trd, 4319593.793, 63
Trd, 4319594.943, 133
Trd, 4319595.543, 140
Trd, 4319595.593, 94
Trd, 4319596.593, 139
Trd, 4319597.543, 140
Trd, 4319597.843, 138
Trd, 4319598.493, 140
Trd, 4319599.593, 113
Trd, 4319599.843, 107
Trd, 4319600.493, 74
Trd, 4319602.393, 140
Trd, 4319602.643, 139
Trd, 4319602.743, 139
Trd, 4319603.193, 135
Trd, 4319603.243, 116
Trd, 4319604.393, 109
Trd, 4319604.643, 140
Trd, 4319605.893, 138
Trd, 4319606.393, 140
Trd, 4319606.943, 60
Trd, 4319607.193, 71
Trd, 4319607.693, 60
Trd, 4319609.093, 140
Trd, 4319610.493, 113
Trd, 4319611.043, 95
Trd, 4319611.193, 112
Trd, 4319611.543, 73
Trd, 4319611.743, 66
Trd, 4319611.793, 75
Trd, 4319612.893, 116
Trd, 4319613.993, 140
Trd, 4319614.693, 140
Trd, 4319615.443, 126
Trd, 4319616.193, 101
Trd, 4319616.443, 140
Trd, 4319616.543, 140
Trd, 4319618.293, 140
Trd, 4319618.343, 140
Trd, 4319619.143, 140
Trd, 4319619.743, 137
Trd, 4319621.043, 139
Trd, 4319621.343, 139
Trd, 4319622.593, 140
Trd, 4319622.893, 140
Trd, 4319623.343, 140
Trd, 4319624.093, 140
Trd, 4319625.493, 138
Trd, 4319625.743, 126
Trd, 4319627.393, 140
Trd, 4319627.843, 140
Trd, 4319628.743, 140
Trd, 4319628.843, 140
Trd, 4319628.893, 125
Trd, 4319628.993, 108
Trd, 4319629.443, 99
Trd, 4319629.943, 63
Trd, 4319631.293, 140
Trd, 4319631.543, 139
Trd, 4319632.343, 134
Trd, 4319633.343, 140
Trd, 4319633.393, 138
Trd, 4319634.243, 139
Trd, 4319634.343, 139
Trd, 4319634.393, 139
Trd, 4319634.593, 140
Trd, 4319635.593, 140
Trd, 4319636.193, 103
Trd, 4319636.543, 108
Trd, 4319636.843, 140
Trd, 4319638.293, 130
Trd, 4319638.393, 126
Trd, 4319638.693, 123
Trd, 4319639.393, 117
Trd, 4319640.693, 140
Trd, 4319640.943, 84
Trd, 4319641.693, 140
Trd, 4319642.043, 139
Trd, 4319643.143, 139
Trd, 4319643.343, 140
Trd, 4319643.443, 138
Trd, 4319643.843, 136
Trd, 4319645.043, 140
Trd, 4319645.643, 140
Trd, 4319646.543, 139
Trd, 4319646.943, 105
Trd, 4319647.343, 138
Trd, 4319648.043, 68
Trd, 4319649.893, 140
Trd, 4319651.193, 139
Trd, 4319651.293, 139
Trd, 4319651.993, 139
Trd, 4319652.393, 137
Trd, 4319653.693, 140
Trd, 4319653.943, 106
Trd, 4319654.143, 91
Trd, 4319655.843, 140
Trd, 4319655.993, 139
Trd, 4319656.643, 140
Trd, 4319656.943, 71
Trd, 4319657.643, 60
Trd, 4319657.993, 74
Trd, 4319658.243, 111
Trd, 4319658.943, 140
Trd, 4319659.543, 118
Trd, 4319661.293, 138
Trd, 4319662.293, 140
Trd, 4319663.293, 140
Trd, 4319663.593, 140
Trd, 4319663.643, 139
Trd, 4319663.993, 140
Trd, 4319664.943, 139
Trd, 4319665.093, 140
Trd, 4319665.843, 138
Trd, 4319666.343, 140
Trd, 4319668.493, 140
Trd, 4319668.543, 137
Trd, 4319668.743, 140
Trd, 4319668.993, 114
Trd, 4319669.293, 106
Trd, 4319670.093, 140
Trd, 4319671.443, 139
Trd, 4319671.493, 125
Trd, 4319672.043, 121
Trd, 4319672.993, 138
Trd, 4319673.943, 139
Trd, 4319674.043, 138
Trd, 4319674.343, 140
Trd, 4319674.543, 140
Trd, 4319675.343, 139
Trd, 4319677.143, 140
Trd, 4319677.643, 135
Trd, 4319677.743, 125
Trd, 4319678.543, 139
Trd, 4319678.693, 134
Trd, 4319679.493, 140
Trd, 4319679.693, 139
Trd, 4319680.043, 100
Trd, 4319680.993, 134
Trd, 4319681.293, 118
Trd, 4319682.893, 139
Trd, 4319683.343, 138
Trd, 4319684.693, 137
Trd, 4319685.093, 140
Trd, 4319685.193, 140
Trd, 4319685.243, 97
Trd, 4319685.593, 140
Trd, 4319686.343, 139
Trd, 4319686.893, 64
Trd, 4319687.393, 140
Trd, 4319688.993, 74
Trd, 4319689.643, 75
Trd, 4319690.143, 62
Trd, 4319690.293, 64
Trd, 4319691.493, 65
Trd, 4319691.693, 97
Trd, 4319692.493, 64
Trd, 4319692.993, 61
Trd, 4319693.543, 64
Trd, 4319694.193, 140
Trd, 4319694.493, 97
Trd, 4319694.993, 139
Trd, 4319696.193, 120
Trd, 4319696.843, 108
Trd, 4319697.443, 140
Trd, 4319698.093, 140
Trd, 4319698.493, 136
Trd, 4319698.643, 125
Trd, 4319699.743, 140
Trd, 4319699.993, 140
Trd, 4319701.093, 140
Trd, 4319702.293, 139
Trd, 4319702.643, 138
Trd, 4319702.743, 125
Trd, 4319702.943, 140
Trd, 4319703.343, 139
Trd, 4319704.543, 139
Trd, 4319706.043, 139
Trd, 4319706.243, 128
Trd, 4319706.843, 134
Trd, 4319707.043, 101
Trd, 4319707.093, 92
Trd, 4319707.143, 91
Trd, 4319707.993, 139
Trd, 4319708.343, 140
Trd, 4319708.593, 131
Trd, 4319709.843, 64
Trd, 4319710.243, 139
Trd, 4319711.043, 140
Trd, 4319711.293, 139
Trd, 4319713.743, 140
Trd, 4319713.893, 140
Trd, 4319714.643, 140
Trd, 4319714.893, 139
Trd, 4319715.393, 139
Trd, 4319715.593, 125
Trd, 4319715.993, 94
Trd, 4319717.943, 140
Trd, 4319718.243, 140
Trd, 4319719.043, 140
Trd, 4319719.793, 140
Trd, 4319719.993, 140
Trd, 4319721.193, 121
Trd, 4319721.343, 126
Trd, 4319722.043, 140
Trd, 4319722.543, 139
Trd, 4319723.043, 140
Trd, 4319724.343, 139
Trd, 4319725.193, 138
Trd, 4319725.843, 140
Trd, 4319726.793, 134
Trd, 4319727.543, 140
Trd, 4319728.693, 139
Trd, 4319729.793, 140
Trd, 4319730.693, 138
Trd, 4319731.093, 134
Trd, 4319731.243, 114
Trd, 4319732.943, 140
Trd, 4319732.993, 95
Trd, 4319733.843, 140
Trd, 4319735.343, 140
Trd, 4319735.793, 140
Trd, 4319735.943, 138
Trd, 4319736.243, 139
Trd, 4319736.443, 138
Trd, 4319737.093, 139
Trd, 4319737.593, 94
Trd, 4319739.393, 140
Trd, 4319739.893, 137
Trd, 4319740.543, 140
Trd, 4319740.793, 140
Trd, 4319741.243, 133
Trd, 4319742.743, 140
Trd, 4319742.993, 140
Trd, 4319743.593, 138
Trd, 4319744.143, 139
Trd, 4319744.593, 129
Trd, 4319744.743, 73
Trd, 4319745.443, 140
Trd, 4319745.793, 131
Trd, 4319745.843, 118
Trd, 4319746.693, 62
Trd, 4319747.543, 71
Trd, 4319747.793, 67
Trd, 4319748.093, 138
Trd, 4319749.043, 69
Trd, 4319749.143, 91
Trd, 4319752.693, 140
Trd, 4319752.893, 140
Trd, 4319752.943, 140
Trd, 4319753.043, 137
Trd, 4319754.043, 139
Trd, 4319754.143, 137
Trd, 4319754.293, 139
Trd, 4319755.843, 140
Trd, 4319756.493, 139
Trd, 4319756.543, 125
Trd, 4319756.743, 137
Trd, 4319756.993, 140
Trd, 4319758.043, 140
Trd, 4319758.443, 76
Trd, 4319760.693, 140
Trd, 4319761.043, 138
Trd, 4319761.843, 140
Trd, 4319762.543, 140
Trd, 4319762.593, 138
Trd, 4319762.793, 132
Trd, 4319764.293, 139
Trd, 4319765.843, 116
Trd, 4319766.043, 137
Trd, 4319766.093, 138
Trd, 4319766.243, 74
Trd, 4319766.593, 61
Trd, 4319767.043, 139
Trd, 4319767.743, 63
Trd, 4319769.443, 62
Trd, 4319769.593, 65
Trd, 4319769.643, 74
Trd, 4319769.993, 60
Trd, 4319770.493, 117
Trd, 4319771.443, 60
Trd, 4319772.493, 65
Trd, 4319773.643, 71
Trd, 4319773.743, 73
Trd, 4319773.843, 81
Trd, 4319774.843, 79
Trd, 4319775.093, 99
Trd, 4319775.693, 66
Trd, 4319775.943, 65
Trd, 4319776.343, 73
Trd, 4319777.243, 60
Trd, 4319777.793, 140
Trd, 4319778.943, 140
Trd, 4319779.543, 140
Trd, 4319779.693, 139
Trd, 4319781.043, 140
Trd, 4319781.393, 140
Trd, 4319781.593, 139
Trd, 4319781.693, 138
Trd, 4319781.743, 126
Trd, 4319782.593, 139
Trd, 4319782.943, 139
Trd, 4319783.243, 138
Trd, 4319783.643, 140
Trd, 4319784.393, 138
Trd, 4319785.743, 131
Trd, 4319786.043, 60
Trd, 4319786.443, 62
Trd, 4319787.443, 140
Trd, 4319787.793, 82
Trd, 4319788.993, 140
Trd, 4319789.093, 140
Trd, 4319789.343, 139
Trd, 4319790.543, 140
Trd, 4319790.793, 125
Trd, 4319791.543, 130
Trd, 4319792.143, 140
Trd, 4319792.193, 118
Trd, 4319792.593, 139
Trd, 4319792.743, 125
Trd, 4319794.243, 89
Trd, 4319794.693, 139
Trd, 4319795.243, 115
Trd, 4319796.243, 138
Trd, 4319797.193, 140
Trd, 4319797.443, 140
Trd, 4319797.943, 140
Trd, 4319798.493, 60
Trd, 4319799.143, 138
Trd, 4319801.243, 139
Trd, 4319801.543, 125
Trd, 4319801.793, 120
Trd, 4319803.793, 140
Trd, 4319804.543, 140
Trd, 4319805.143, 140
Trd, 4319805.243, 139
Trd, 4319805.743, 138
Trd, 4319805.893, 137
Trd, 4319805.993, 114
Trd, 4319806.643, 80
Trd, 4319806.893, 139
Trd, 4319808.093, 130
Trd, 4319808.293, 131
Trd, 4319808.793, 103
Trd, 4319808.993, 140
Trd, 4319809.693, 140
Trd, 4319810.893, 139
Trd, 4319812.243, 125
Trd, 4319812.293, 117
Trd, 4319812.543, 136
Trd, 4319813.443, 68
Trd, 4319813.593, 74
Trd, 4319814.243, 61
Trd, 4319814.293, 98
Trd, 4319814.843, 63
Trd, 4319816.143, 102
Trd, 4319816.643, 71
Trd, 4319816.843, 91
Trd, 4319817.243, 62
Trd, 4319818.043, 92
Trd, 4319818.593, 80
Trd, 4319820.343, 140
Trd, 4319820.743, 133
Trd, 4319821.993, 140
Trd, 4319822.343, 140
Trd, 4319822.743, 140
Trd, 4319823.143, 137
Trd, 4319823.443, 128
Trd, 4319824.293, 109
Trd, 4319824.793, 90
Trd, 4319825.543, 105
Trd, 4319826.193, 65
Trd, 4319827.043, 139
Trd, 4319827.143, 97
Trd, 4319828.693, 138
Trd, 4319828.793, 122
Trd, 4319829.193, 140
Trd, 4319829.693, 138
Trd, 4319830.743, 100
Trd, 4319830.893, 66
Trd, 4319831.843, 140
Trd, 4319832.343, 140
Trd, 4319833.193, 139
Trd, 4319835.043, 140
Trd, 4319835.343, 140
Trd, 4319835.643, 139
Trd, 4319835.743, 120
Trd, 4319836.493, 61
Trd, 4319837.193, 99
Trd, 4319837.443, 140
Trd, 4319838.593, 140
Trd, 4319838.843, 136
Trd, 4319839.343, 139
Trd, 4319839.693, 124
Trd, 4319840.093, 138
Trd, 4319840.793, 84
Trd, 4319841.043, 140
Trd, 4319843.143, 140
Trd, 4319843.493, 140
Trd, 4319843.993, 140
Trd, 4319844.093, 138
Trd, 4319846.643, 140
Trd, 4319846.993, 140
Trd, 4319847.243, 139
Trd, 4319847.543, 140
Trd, 4319847.643, 137
Trd, 4319848.393, 138
Trd, 4319849.343, 124
Trd, 4319849.493, 112
Trd, 4319850.443, 60
Trd, 4319850.843, 72
Trd, 4319851.293, 140
Trd, 4319852.443, 140
Trd, 4319854.093, 139
Trd, 4319854.143, 139
Trd, 4319854.743, 140
Trd, 4319854.993, 138
Trd, 4319855.243, 125
Trd, 4319856.443, 125
Trd, 4319856.643, 135
Trd, 4319856.693, 66
Trd, 4319857.993, 76
Trd, 4319858.993, 130
Trd, 4319859.343, 118
Trd, 4319859.693, 70
Trd, 4319861.143, 140
Trd, 4319861.393, 140
Trd, 4319861.693, 140
Trd, 4319862.793, 140
Trd, 4319864.093, 140
Trd, 4319865.193, 112
Trd, 4319866.093, 140
Trd, 4319866.643, 140
Trd, 4319867.543, 134
Trd, 4319867.843, 117
Trd, 4319869.143, 140
Trd, 4319869.193, 140
Trd, 4319869.493, 140
Trd, 4319869.743, 139
Trd, 4319870.743, 140
Trd, 4319871.843, 139
Trd, 4319872.193, 138
Trd, 4319872.543, 134
Trd, 4319873.693, 140
Trd, 4319874.443, 140
Trd, 4319874.693, 139
Trd, 4319874.943, 136
Trd, 4319875.093, 123
Trd, 4319875.993, 138
Trd, 4319876.643, 140
Trd, 4319877.043, 123
Trd, 4319878.143, 140
Trd, 4319879.643, 140
Trd, 4319879.693, 140
Trd, 4319880.243, 140
Trd, 4319880.543, 138
Trd, 4319880.993, 139
Trd, 4319881.593, 135
Trd, 4319882.443, 139
Trd, 4319883.843, 139
Trd, 4319884.393, 104
Trd, 4319886.443, 140
Trd, 4319886.593, 136
Trd, 4319886.743, 126
Trd, 4319887.193, 140
Trd, 4319887.793, 140
Trd, 4319887.843, 133
Trd, 4319888.093, 139
Trd, 4319889.093, 61
Trd, 4319889.443, 62
Trd, 4319890.993, 66
Trd, 4319891.093, 69
Trd, 4319892.043, 138
Trd, 4319893.593, 60
Trd, 4319893.793, 65
Trd, 4319894.193, 140
Trd, 4319895.243, 140
Trd, 4319895.393, 140
Trd, 4319896.243, 138
Trd, 4319896.643, 140
Trd, 4319897.093, 140
Trd, 4319898.393, 140
Trd, 4319898.993, 140
Trd, 4319899.343, 93
Trd, 4319899.393, 74
Trd, 4319900.093, 140
Trd, 4319900.943, 140
Trd, 4319902.593, 140
Trd, 4319902.743, 140
Trd, 4319902.993, 140
Trd, 4319903.593, 126
Trd, 4319903.893, 98
Trd, 4319905.493, 140
Trd, 4319906.043, 140
Trd, 4319906.543, 140
Trd, 4319907.143, 139
Trd, 4319907.393, 139
Trd, 4319907.993, 140
Trd, 4319908.843, 139
Trd, 4319909.843, 132
Trd, 4319910.443, 140
Trd, 4319910.693, 139
Trd, 4319911.993, 105
Trd, 4319912.143, 139
Trd, 4319912.443, 68
Trd, 4319912.693, 115
Trd, 4319913.343, 105
Trd, 4319914.793, 60
Trd, 4319915.643, 64
Trd, 4319916.393, 66
Trd, 4319916.493, 63
Trd, 4319917.143, 71
Trd, 4319917.593, 138
Trd, 4319918.143, 102
Trd, 4319919.043, 138
Trd, 4319920.043, 137
Trd, 4319921.193, 132
Trd, 4319921.493, 139
Trd, 4319922.793, 140
Trd, 4319923.093, 135
Trd, 4319923.543, 138
Trd, 4319924.093, 98
Trd, 4319924.143, 83
Trd, 4319924.743, 134
Trd, 4319925.843, 139
Trd, 4319926.593, 140
Trd, 4319927.793, 140
Trd, 4319928.143, 139
Trd, 4319928.243, 138
Trd, 4319928.343, 125
Trd, 4319928.643, 60
Trd, 4319930.093, 140
Trd, 4319930.843, 92
Trd, 4319931.443, 126
Trd, 4319932.093, 140
Trd, 4319932.443, 60
Trd, 4319932.843, 140
Trd, 4319933.343, 140
Trd, 4319933.493, 126
Trd, 4319934.293, 62
Trd, 4319935.893, 140
Trd, 4319937.643, 140
Trd, 4319937.793, 106
Trd, 4319937.943, 96
Trd, 4319939.493, 140
Trd, 4319939.843, 140
Trd, 4319940.093, 136
Trd, 4319940.593, 103
Trd, 4319941.093, 140
Trd, 4319941.793, 140
Trd, 4319941.893, 137
Trd, 4319942.193, 139
Trd, 4319942.893, 140
Trd, 4319943.543, 139
Trd, 4319944.343, 76
Trd, 4319945.343, 62
Trd, 4319945.543, 70
Trd, 4319945.693, 71
Trd, 4319946.443, 63
Trd, 4319948.043, 65
Trd, 4319948.593, 112
Trd, 4319949.143, 61
Trd, 4319949.293, 64
Trd, 4319949.993, 83
Trd, 4319950.693, 62
Trd, 4319951.743, 60
Trd, 4319952.643, 70
Trd, 4319952.693, 77
Trd, 4319952.943, 71
Trd, 4319952.993, 105
Trd, 4319953.543, 61
Trd, 4319953.843, 107
Trd, 4319957.093, 140
Trd, 4319957.143, 139
Trd, 4319957.893, 62
Trd, 4319958.293, 69
Trd, 4319958.643, 70
Trd, 4319959.043, 62
Trd, 4319960.243, 60
Trd, 4319960.843, 62
Trd, 4319961.293, 97
Trd, 4319961.493, 98
Trd, 4319961.593, 99
Trd, 4319961.843, 140
Trd, 4319962.593, 69
Trd, 4319963.393, 60
Trd, 4319963.443, 88
Trd, 4319964.693, 67
Trd, 4319965.143, 62
Trd, 4319965.643, 93
Trd, 4319967.043, 71
Trd, 4319967.343, 140
Trd, 4319969.193, 140
Trd, 4319969.793, 134
Trd, 4319970.093, 68
Trd, 4319970.943, 66
Trd, 4319972.143, 140
Trd, 4319972.493, 140
Trd, 4319972.893, 140
Trd, 4319973.293, 140
Trd, 4319974.243, 125
Trd, 4319974.543, 123
Trd, 4319974.943, 91
Trd, 4319975.043, 122
Trd, 4319975.493, 139
Trd, 4319975.993, 95
Trd, 4319976.343, 62
Trd, 4319976.393, 63
Trd, 4319977.843, 140
Trd, 4319978.493, 139
Trd, 4319979.193, 140
Trd, 4319979.893, 133
Trd, 4319980.193, 130
Trd, 4319980.243, 106
Trd, 4319981.243, 77
Trd, 4319981.543, 137
Trd, 4319981.743, 76
Trd, 4319982.493, 63
Trd, 4319983.093, 101
Trd, 4319983.593, 138
Trd, 4319984.393, 127
Trd, 4319985.643, 140
Trd, 4319985.843, 140
Trd, 4319985.893, 139
Trd, 4319985.943, 107
Trd, 4319986.343, 75
Trd, 4319987.543, 65
Trd, 4319988.193, 61
Trd, 4319988.343, 65
Trd, 4319989.293, 140
Trd, 4319989.893, 74
Trd, 4319990.493, 112
Trd, 4319990.843, 63
Trd, 4319992.293, 136
Trd, 4319992.993, 140
Trd, 4319993.543, 127
Trd, 4319994.043, 125
Trd, 4319994.143, 99
Trd, 4319995.593, 139
Trd, 4319996.043, 137
Trd, 4319996.743, 140
Trd, 4319998.093, 140
Trd, 4319998.143, 140
Trd, 4319998.593, 101
Trd, 4319998.693, 95
Trd, 4319999.443, 140
Trd, 4319999.743, 62
Trd, 4319999.893, 63
