Trd, 4318089.243, 107
Trd, 4318089.493, 126
Trd, 4318090.143, 99
Trd, 4318091.343, 127
Trd, 4318091.393, 99
Trd, 4318091.743, 99
Trd, 4318092.893, 139
Trd, 4318094.793, 140
Trd, 4318095.143, 140
Trd, 4318095.293, 139
Trd, 4318096.443, 95
Trd, 4318097.443, 138
Trd, 4318097.593, 99
Trd, 4318098.643, 101
Trd, 4318098.893, 99
Trd, 4318099.343, 99
Trd, 4318100.593, 140
Trd, 4318101.093, 140
Trd, 4318102.643, 60
Trd, 4318103.243, 60
Trd, 4318103.393, 60
Trd, 4318104.643, 140
Trd, 4318106.193, 140
Trd, 4318107.343, 140
Trd, 4318107.843, 140
Trd, 4318108.543, 140
Trd, 4318108.793, 140
Trd, 4318109.493, 140
Trd, 4318111.143, 140
Trd, 4318111.793, 140
Trd, 4318112.193, 140
Trd, 4318112.793, 140
Trd, 4318112.943, 107
Trd, 4318115.143, 140
Trd, 4318116.443, 140
Trd, 4318116.893, 140
Trd, 4318117.793, 140
Trd, 4318118.293, 140
Trd, 4318118.493, 140
Trd, 4318120.893, 140
Trd, 4318121.243, 140
Trd, 4318122.943, 140
Trd, 4318123.393, 140
Trd, 4318123.743, 140
Trd, 4318126.543, 140
Trd, 4318128.093, 140
Trd, 4318128.643, 140
Trd, 4318128.943, 140
Trd, 4318129.443, 140
Trd, 4318130.593, 140
Trd, 4318132.493, 140
Trd, 4318133.693, 140
Trd, 4318133.843, 140
Trd, 4318134.143, 140
Trd, 4318134.293, 140
Trd, 4318135.093, 140
Trd, 4318135.443, 140
Trd, 4318135.543, 140
Trd, 4318135.743, 140
Trd, 4318135.993, 140
Trd, 4318138.293, 138
Trd, 4318138.543, 125
Trd, 4318139.993, 72
Trd, 4318140.043, 72
Trd, 4318141.093, 60
Trd, 4318142.193, 60
Trd, 4318142.293, 61
Trd, 4318142.493, 66
Trd, 4318142.743, 74
Trd, 4318143.143, 86
Trd, 4318144.243, 68
Trd, 4318145.593, 140
Trd, 4318145.843, 140
Trd, 4318146.543, 139
Trd, 4318149.193, 140
Trd, 4318150.493, 140
Trd, 4318150.543, 140
Trd, 4318152.143, 140
Trd, 4318153.743, 140
Trd, 4318153.943, 140
Trd, 4318155.793, 140
Trd, 4318157.593, 140
Trd, 4318158.193, 140
Trd, 4318158.543, 140
Trd, 4318158.793, 140
Trd, 4318159.043, 140
Trd, 4318160.593, 140
Trd, 4318161.143, 140
Trd, 4318161.793, 138
Trd, 4318162.393, 125
Trd, 4318162.643, 123
Trd, 4318164.343, 140
Trd, 4318164.393, 140
Trd, 4318165.143, 140
Trd, 4318166.243, 140
Trd, 4318166.293, 140
Trd, 4318167.343, 140
Trd, 4318167.643, 140
Trd, 4318167.793, 140
Trd, 4318168.143, 139
Trd, 4318168.293, 122
Trd, 4318169.693, 138
Trd, 4318170.193, 78
Trd, 4318170.643, 138
Trd, 4318171.093, 140
Trd, 4318171.743, 62
Trd, 4318172.243, 60
Trd, 4318174.293, 63
Trd, 4318175.443, 60
Trd, 4318176.593, 98
Trd, 4318177.293, 100
Trd, 4318177.543, 97
Trd, 4318178.043, 96
Trd, 4318179.443, 102
Trd, 4318179.543, 105
Trd, 4318180.143, 107
Trd, 4318180.193, 108
Trd, 4318180.893, 104
Trd, 4318181.343, 102
Trd, 4318182.393, 137
Trd, 4318183.043, 71
Trd, 4318184.093, 140
Trd, 4318184.543, 139
Trd, 4318185.843, 140
Trd, 4318186.043, 140
Trd, 4318187.193, 140
Trd, 4318187.693, 140
Trd, 4318187.793, 140
Trd, 4318189.793, 140
Trd, 4318190.243, 140
Trd, 4318190.943, 140
Trd, 4318192.043, 140
Trd, 4318192.993, 140
Trd, 4318193.443, 140
Trd, 4318194.393, 140
Trd, 4318195.693, 140
Trd, 4318196.993, 140
Trd, 4318198.493, 140
Trd, 4318198.543, 140
Trd, 4318200.893, 140
Trd, 4318201.743, 140
Trd, 4318201.943, 140
Trd, 4318202.693, 140
Trd, 4318203.943, 140
Trd, 4318204.443, 140
Trd, 4318206.343, 140
Trd, 4318206.493, 140
Trd, 4318207.393, 140
Trd, 4318209.343, 140
Trd, 4318209.393, 140
Trd, 4318211.043, 140
Trd, 4318211.243, 140
Trd, 4318211.843, 140
Trd, 4318212.343, 140
Trd, 4318212.543, 140
Trd, 4318214.893, 140
Trd, 4318214.993, 140
Trd, 4318216.493, 140
Trd, 4318216.693, 140
Trd, 4318216.793, 140
Trd, 4318216.993, 138
Trd, 4318218.493, 108
Trd, 4318218.843, 61
Trd, 4318219.093, 62
Trd, 4318219.843, 135
Trd, 4318221.393, 60
Trd, 4318221.793, 60
Trd, 4318223.793, 60
Trd, 4318225.843, 60
Trd, 4318225.893, 62
Trd, 4318225.943, 63
Trd, 4318226.493, 61
Trd, 4318226.943, 60
Trd, 4318227.793, 60
Trd, 4318230.093, 60
Trd, 4318230.393, 60
Trd, 4318230.743, 60
Trd, 4318231.143, 60
Trd, 4318231.343, 60
Trd, 4318231.443, 60
Trd, 4318233.343, 60
Trd, 4318234.093, 60
Trd, 4318234.493, 60
Trd, 4318234.643, 61
Trd, 4318234.743, 65
Trd, 4318235.643, 61
Trd, 4318236.793, 60
Trd, 4318236.943, 67
Trd, 4318239.893, 60
Trd, 4318240.893, 60
Trd, 4318241.193, 60
Trd, 4318242.243, 60
Trd, 4318243.243, 63
Trd, 4318243.393, 64
Trd, 4318243.443, 66
Trd, 4318244.343, 64
Trd, 4318244.693, 66
Trd, 4318245.943, 64
Trd, 4318246.043, 69
Trd, 4318246.143, 71
Trd, 4318247.543, 63
Trd, 4318247.643, 99
Trd, 4318248.643, 86
Trd, 4318250.043, 73
Trd, 4318250.843, 60
Trd, 4318252.243, 60
Trd, 4318252.993, 64
Trd, 4318254.043, 64
Trd, 4318254.743, 62
Trd, 4318255.393, 60
Trd, 4318256.693, 62
Trd, 4318257.293, 62
Trd, 4318257.643, 64
Trd, 4318257.893, 65
Trd, 4318258.043, 64
Trd, 4318259.593, 65
Trd, 4318260.493, 139
Trd, 4318261.193, 106
Trd, 4318261.343, 104
Trd, 4318261.393, 138
Trd, 4318262.193, 106
Trd, 4318262.643, 135
Trd, 4318263.993, 132
Trd, 4318265.393, 92
Trd, 4318266.043, 99
Trd, 4318266.593, 125
Trd, 4318266.893, 97
Trd, 4318267.043, 121
Trd, 4318267.593, 97
Trd, 4318267.643, 127
Trd, 4318268.293, 95
Trd, 4318269.943, 62
Trd, 4318270.093, 62
Trd, 4318270.193, 67
Trd, 4318271.693, 60
Trd, 4318272.793, 61
Trd, 4318273.543, 75
Trd, 4318274.243, 70
Trd, 4318274.393, 68
Trd, 4318275.043, 120
Trd, 4318275.593, 68
Trd, 4318277.193, 140
Trd, 4318277.943, 140
Trd, 4318278.143, 140
Trd, 4318278.843, 140
Trd, 4318279.843, 140
Trd, 4318281.293, 140
Trd, 4318282.043, 140
Trd, 4318282.193, 140
Trd, 4318282.843, 139
Trd, 4318284.793, 140
Trd, 4318284.993, 140
Trd, 4318285.843, 140
Trd, 4318286.193, 140
Trd, 4318286.343, 140
Trd, 4318286.893, 140
Trd, 4318286.993, 140
Trd, 4318287.293, 140
Trd, 4318287.543, 139
Trd, 4318289.543, 127
Trd, 4318291.593, 140
Trd, 4318291.843, 140
Trd, 4318293.243, 140
Trd, 4318293.343, 140
Trd, 4318294.093, 138
Trd, 4318294.443, 107
Trd, 4318295.943, 140
Trd, 4318296.143, 140
Trd, 4318298.093, 140
Trd, 4318298.893, 140
Trd, 4318301.593, 140
Trd, 4318301.743, 140
Trd, 4318301.893, 140
Trd, 4318302.093, 140
Trd, 4318304.493, 140
Trd, 4318304.643, 140
Trd, 4318306.243, 140
Trd, 4318306.493, 140
Trd, 4318307.743, 140
Trd, 4318307.793, 140
Trd, 4318308.043, 140
Trd, 4318308.193, 140
Trd, 4318308.443, 140
Trd, 4318309.343, 134
Trd, 4318309.443, 138
Trd, 4318309.893, 73
Trd, 4318310.593, 63
Trd, 4318312.443, 106
Trd, 4318313.143, 121
Trd, 4318313.343, 126
Trd, 4318314.343, 119
Trd, 4318315.143, 119
Trd, 4318315.543, 119
Trd, 4318315.793, 120
Trd, 4318316.293, 123
Trd, 4318316.943, 122
Trd, 4318317.343, 118
Trd, 4318317.443, 107
Trd, 4318318.043, 140
Trd, 4318318.843, 140
Trd, 4318321.443, 140
Trd, 4318321.593, 140
Trd, 4318321.793, 140
Trd, 4318322.393, 140
Trd, 4318323.943, 140
Trd, 4318324.093, 140
Trd, 4318326.543, 140
Trd, 4318326.993, 140
Trd, 4318328.893, 140
Trd, 4318329.193, 140
Trd, 4318329.293, 140
Trd, 4318331.193, 140
Trd, 4318331.943, 140
Trd, 4318332.093, 140
Trd, 4318332.943, 140
Trd, 4318334.093, 140
Trd, 4318335.593, 140
Trd, 4318335.643, 140
Trd, 4318336.043, 140
Trd, 4318336.393, 140
Trd, 4318337.993, 140
Trd, 4318338.493, 140
Trd, 4318338.643, 140
Trd, 4318338.943, 140
Trd, 4318339.493, 118
Trd, 4318340.793, 134
Trd, 4318342.243, 101
Trd, 4318342.593, 101
Trd, 4318343.093, 77
Trd, 4318343.143, 76
Trd, 4318343.293, 72
Trd, 4318343.943, 72
Trd, 4318344.543, 127
Trd, 4318344.593, 99
Trd, 4318344.793, 73
Trd, 4318349.143, 60
Trd, 4318349.293, 60
Trd, 4318349.343, 60
Trd, 4318349.493, 60
Trd, 4318351.793, 60
Trd, 4318352.193, 60
Trd, 4318352.393, 60
Trd, 4318353.643, 60
Trd, 4318353.843, 60
Trd, 4318353.893, 60
Trd, 4318353.993, 60
Trd, 4318354.293, 60
Trd, 4318354.843, 62
Trd, 4318355.843, 61
Trd, 4318357.193, 60
Trd, 4318358.093, 60
Trd, 4318359.243, 60
Trd, 4318361.843, 60
Trd, 4318363.643, 60
Trd, 4318364.743, 60
Trd, 4318365.543, 60
Trd, 4318365.593, 60
Trd, 4318365.643, 61
Trd, 4318365.943, 61
Trd, 4318366.543, 62
Trd, 4318367.043, 67
Trd, 4318367.293, 62
Trd, 4318368.293, 66
Trd, 4318368.343, 115
Trd, 4318368.943, 115
Trd, 4318369.593, 140
Trd, 4318370.243, 137
Trd, 4318371.743, 71
Trd, 4318371.993, 70
Trd, 4318373.143, 140
Trd, 4318373.493, 82
Trd, 4318373.793, 82
Trd, 4318375.843, 140
Trd, 4318375.943, 140
Trd, 4318376.143, 140
Trd, 4318379.043, 140
Trd, 4318379.143, 140
Trd, 4318379.393, 140
Trd, 4318379.493, 140
Trd, 4318380.043, 140
Trd, 4318381.043, 140
Trd, 4318384.493, 140
Trd, 4318386.143, 140
Trd, 4318386.793, 140
Trd, 4318386.893, 140
Trd, 4318386.943, 138
Trd, 4318387.693, 75
Trd, 4318388.393, 140
Trd, 4318388.593, 140
Trd, 4318388.893, 140
Trd, 4318389.343, 140
Trd, 4318389.643, 140
Trd, 4318391.193, 140
Trd, 4318391.643, 140
Trd, 4318392.093, 137
Trd, 4318392.993, 64
Trd, 4318394.693, 140
Trd, 4318395.793, 140
Trd, 4318396.943, 140
Trd, 4318399.043, 140
Trd, 4318399.393, 140
Trd, 4318399.793, 140
Trd, 4318399.843, 140
Trd, 4318399.943, 140
Trd, 4318400.043, 140
Trd, 4318400.993, 91
Trd, 4318402.043, 93
Trd, 4318403.993, 140
Trd, 4318404.243, 138
Trd, 4318405.093, 140
Trd, 4318405.943, 140
Trd, 4318405.993, 123
Trd, 4318407.093, 140
Trd, 4318407.993, 140
Trd, 4318408.743, 140
Trd, 4318409.243, 140
Trd, 4318409.693, 140
Trd, 4318410.793, 140
Trd, 4318411.243, 139
Trd, 4318411.643, 85
Trd, 4318412.243, 103
Trd, 4318414.393, 140
Trd, 4318416.093, 140
Trd, 4318416.593, 140
Trd, 4318417.793, 140
Trd, 4318418.743, 140
Trd, 4318419.393, 140
Trd, 4318420.143, 140
Trd, 4318420.443, 140
Trd, 4318420.493, 140
Trd, 4318420.743, 140
Trd, 4318421.193, 140
Trd, 4318421.543, 138
Trd, 4318422.743, 138
Trd, 4318423.193, 139
Trd, 4318423.343, 136
Trd, 4318424.293, 137
Trd, 4318425.093, 80
Trd, 4318427.543, 127
Trd, 4318427.793, 93
Trd, 4318428.493, 122
Trd, 4318428.743, 95
Trd, 4318432.743, 140
Trd, 4318433.093, 140
Trd, 4318433.293, 140
Trd, 4318433.443, 140
Trd, 4318434.343, 140
Trd, 4318434.493, 140
Trd, 4318435.193, 140
Trd, 4318436.793, 140
Trd, 4318437.543, 140
Trd, 4318437.593, 140
Trd, 4318437.893, 140
Trd, 4318438.593, 104
Trd, 4318438.693, 103
Trd, 4318438.893, 84
Trd, 4318438.943, 137
Trd, 4318440.443, 76
Trd, 4318441.293, 116
Trd, 4318442.543, 62
Trd, 4318443.243, 61
Trd, 4318444.043, 60
Trd, 4318447.243, 60
Trd, 4318447.893, 60
Trd, 4318447.993, 60
Trd, 4318448.193, 60
Trd, 4318448.693, 60
Trd, 4318449.443, 61
Trd, 4318449.743, 60
Trd, 4318450.893, 63
Trd, 4318452.093, 63
Trd, 4318453.893, 60
Trd, 4318455.193, 60
Trd, 4318455.493, 60
Trd, 4318455.743, 60
Trd, 4318456.293, 60
Trd, 4318456.793, 78
Trd, 4318458.743, 61
Trd, 4318458.943, 60
Trd, 4318460.143, 60
Trd, 4318460.593, 60
Trd, 4318461.043, 63
Trd, 4318461.193, 69
Trd, 4318461.243, 62
Trd, 4318462.943, 65
Trd, 4318463.043, 66
Trd, 4318464.943, 60
Trd, 4318465.493, 60
Trd, 4318465.893, 65
Trd, 4318467.193, 63
Trd, 4318467.743, 137
Trd, 4318469.843, 69
Trd, 4318470.243, 74
Trd, 4318470.843, 71
Trd, 4318471.293, 70
Trd, 4318471.443, 70
Trd, 4318472.643, 60
Trd, 4318472.743, 60
Trd, 4318473.943, 61
Trd, 4318474.043, 62
Trd, 4318474.493, 62
Trd, 4318474.793, 60
Trd, 4318475.193, 61
Trd, 4318476.293, 139
Trd, 4318476.443, 65
Trd, 4318478.043, 66
Trd, 4318478.543, 87
Trd, 4318479.493, 140
Trd, 4318480.793, 140
Trd, 4318481.743, 140
Trd, 4318481.793, 140
Trd, 4318482.193, 140
Trd, 4318482.243, 140
Trd, 4318483.493, 140
Trd, 4318483.993, 140
Trd, 4318484.243, 140
Trd, 4318484.443, 138
Trd, 4318484.793, 139
Trd, 4318484.893, 88
Trd, 4318486.043, 60
Trd, 4318488.393, 60
Trd, 4318489.643, 60
Trd, 4318491.093, 60
Trd, 4318491.243, 60
Trd, 4318491.393, 61
Trd, 4318491.493, 62
Trd, 4318492.143, 63
Trd, 4318492.643, 62
Trd, 4318495.093, 60
Trd, 4318495.443, 61
Trd, 4318495.493, 62
Trd, 4318497.743, 60
Trd, 4318497.843, 60
Trd, 4318497.993, 60
Trd, 4318498.143, 60
Trd, 4318498.493, 60
Trd, 4318499.443, 62
Trd, 4318501.493, 60
Trd, 4318501.943, 60
Trd, 4318503.143, 60
Trd, 4318504.593, 60
Trd, 4318505.693, 60
Trd, 4318506.393, 62
Trd, 4318506.543, 60
Trd, 4318506.693, 66
Trd, 4318506.893, 62
Trd, 4318507.443, 139
Trd, 4318507.493, 138
Trd, 4318508.093, 68
Trd, 4318509.543, 140
Trd, 4318510.993, 140
Trd, 4318511.393, 139
Trd, 4318511.943, 139
Trd, 4318513.243, 140
Trd, 4318513.493, 139
Trd, 4318513.743, 137
Trd, 4318514.143, 137
Trd, 4318514.443, 62
Trd, 4318516.143, 93
Trd, 4318516.593, 92
Trd, 4318519.343, 140
Trd, 4318519.693, 140
Trd, 4318520.043, 140
Trd, 4318520.143, 139
Trd, 4318521.943, 140
Trd, 4318523.643, 140
Trd, 4318524.443, 140
Trd, 4318524.693, 140
Trd, 4318524.943, 140
Trd, 4318525.743, 139
Trd, 4318525.943, 139
Trd, 4318526.793, 140
Trd, 4318527.493, 124
Trd, 4318527.693, 139
Trd, 4318527.843, 124
Trd, 4318528.193, 123
Trd, 4318528.393, 103
Trd, 4318530.243, 65
Trd, 4318531.043, 140
Trd, 4318531.143, 140
Trd, 4318532.593, 140
Trd, 4318535.243, 140
Trd, 4318535.343, 140
Trd, 4318535.893, 140
Trd, 4318535.993, 140
Trd, 4318537.293, 140
Trd, 4318538.293, 140
Trd, 4318538.743, 139
Trd, 4318540.493, 140
Trd, 4318541.693, 140
Trd, 4318542.793, 140
Trd, 4318542.893, 140
Trd, 4318545.493, 140
Trd, 4318546.043, 140
Trd, 4318546.143, 140
Trd, 4318547.293, 140
Trd, 4318547.693, 140
Trd, 4318548.143, 140
Trd, 4318549.143, 140
Trd, 4318549.643, 140
Trd, 4318550.543, 140
Trd, 4318550.743, 140
Trd, 4318551.193, 140
Trd, 4318551.543, 140
Trd, 4318551.643, 128
Trd, 4318552.193, 79
Trd, 4318552.493, 78
Trd, 4318553.693, 140
Trd, 4318554.193, 140
Trd, 4318554.493, 140
Trd, 4318556.793, 140
Trd, 4318557.743, 140
Trd, 4318558.343, 140
Trd, 4318559.593, 140
Trd, 4318559.943, 140
Trd, 4318560.943, 140
Trd, 4318560.993, 140
Trd, 4318561.043, 140
Trd, 4318562.043, 106
Trd, 4318563.743, 61
Trd, 4318563.843, 127
Trd, 4318564.543, 75
Trd, 4318565.443, 63
Trd, 4318566.343, 68
Trd, 4318567.043, 67
Trd, 4318567.543, 68
Trd, 4318567.593, 105
Trd, 4318568.393, 66
Trd, 4318569.843, 69
Trd, 4318570.043, 97
Trd, 4318570.593, 91
Trd, 4318570.693, 97
Trd, 4318570.893, 97
Trd, 4318571.893, 97
Trd, 4318573.093, 140
Trd, 4318573.293, 78
Trd, 4318574.093, 84
Trd, 4318575.393, 139
Trd, 4318575.843, 140
Trd, 4318576.393, 140
Trd, 4318578.393, 140
Trd, 4318578.793, 140
Trd, 4318579.443, 140
Trd, 4318579.893, 140
Trd, 4318580.343, 136
Trd, 4318582.543, 106
Trd, 4318583.343, 122
Trd, 4318583.443, 109
Trd, 4318583.893, 111
Trd, 4318584.443, 121
Trd, 4318584.793, 121
Trd, 4318585.793, 138
Trd, 4318586.393, 85
Trd, 4318587.093, 85
Trd, 4318590.093, 140
Trd, 4318590.193, 140
Trd, 4318590.293, 140
Trd, 4318590.743, 139
Trd, 4318591.193, 139
Trd, 4318592.493, 140
Trd, 4318593.443, 140
Trd, 4318593.543, 140
Trd, 4318594.293, 140
Trd, 4318595.693, 140
Trd, 4318595.943, 139
Trd, 4318597.043, 108
Trd, 4318597.993, 140
Trd, 4318598.543, 135
Trd, 4318599.643, 93
Trd, 4318600.343, 138
Trd, 4318601.143, 139
Trd, 4318602.893, 140
Trd, 4318603.143, 140
Trd, 4318603.443, 139
Trd, 4318604.543, 140
Trd, 4318605.793, 140
Trd, 4318606.643, 140
Trd, 4318608.143, 140
Trd, 4318608.743, 140
Trd, 4318609.893, 140
Trd, 4318610.343, 140
Trd, 4318611.393, 140
Trd, 4318611.993, 140
Trd, 4318613.093, 140
Trd, 4318615.143, 140
Trd, 4318616.993, 140
Trd, 4318617.643, 140
Trd, 4318617.743, 140
Trd, 4318618.493, 140
Trd, 4318618.593, 140
Trd, 4318618.793, 140
Trd, 4318620.043, 140
Trd, 4318621.643, 140
Trd, 4318624.243, 140
Trd, 4318624.593, 140
Trd, 4318626.143, 140
Trd, 4318626.693, 140
Trd, 4318627.143, 140
Trd, 4318628.193, 140
Trd, 4318628.693, 140
Trd, 4318629.593, 140
Trd, 4318629.643, 140
Trd, 4318629.993, 140
Trd, 4318630.593, 129
Trd, 4318632.193, 60
Trd, 4318632.343, 62
Trd, 4318633.393, 61
Trd, 4318634.543, 65
Trd, 4318634.643, 65
Trd, 4318635.043, 61
Trd, 4318635.443, 60
Trd, 4318636.743, 60
Trd, 4318638.043, 69
Trd, 4318639.343, 139
Trd, 4318639.443, 138
Trd, 4318639.843, 74
Trd, 4318641.643, 140
Trd, 4318642.793, 140
Trd, 4318643.643, 140
Trd, 4318645.143, 140
Trd, 4318647.093, 140
Trd, 4318647.743, 140
Trd, 4318648.393, 140
Trd, 4318648.543, 140
Trd, 4318648.893, 140
Trd, 4318649.343, 140
Trd, 4318649.843, 140
Trd, 4318649.993, 140
Trd, 4318651.243, 140
Trd, 4318653.043, 140
Trd, 4318653.093, 140
Trd, 4318653.843, 140
Trd, 4318654.043, 140
Trd, 4318654.343, 140
Trd, 4318655.793, 140
Trd, 4318656.693, 140
Trd, 4318656.893, 140
Trd, 4318657.193, 140
Trd, 4318659.593, 140
Trd, 4318660.193, 140
Trd, 4318661.393, 140
Trd, 4318663.043, 140
Trd, 4318663.793, 140
Trd, 4318665.143, 140
Trd, 4318665.243, 140
Trd, 4318665.743, 139
Trd, 4318667.393, 140
Trd, 4318668.643, 140
Trd, 4318668.993, 140
Trd, 4318669.393, 140
Trd, 4318672.143, 140
Trd, 4318673.493, 140
Trd, 4318673.743, 140
Trd, 4318675.893, 140
Trd, 4318676.093, 140
Trd, 4318676.293, 140
Trd, 4318678.043, 140
Trd, 4318678.093, 140
Trd, 4318678.493, 140
Trd, 4318678.693, 140
Trd, 4318679.343, 140
Trd, 4318680.893, 140
Trd, 4318681.093, 138
Trd, 4318682.743, 140
Trd, 4318682.993, 132
Trd, 4318683.793, 128
Trd, 4318684.793, 140
Trd, 4318684.943, 140
Trd, 4318686.693, 140
Trd, 4318687.043, 140
Trd, 4318687.093, 138
Trd, 4318688.943, 140
Trd, 4318689.443, 140
Trd, 4318690.093, 140
Trd, 4318690.493, 140
Trd, 4318690.993, 139
Trd, 4318691.393, 117
Trd, 4318691.893, 138
Trd, 4318692.293, 139
Trd, 4318692.393, 138
Trd, 4318693.343, 79
Trd, 4318696.243, 140
Trd, 4318697.393, 140
Trd, 4318697.443, 140
Trd, 4318697.693, 140
Trd, 4318699.393, 140
Trd, 4318700.543, 140
Trd, 4318700.793, 140
Trd, 4318701.343, 139
Trd, 4318704.193, 139
Trd, 4318704.393, 115
Trd, 4318704.693, 112
Trd, 4318705.093, 80
Trd, 4318706.443, 140
Trd, 4318707.193, 140
Trd, 4318709.143, 140
Trd, 4318709.193, 140
Trd, 4318709.293, 140
Trd, 4318710.143, 140
Trd, 4318710.393, 140
Trd, 4318710.743, 140
Trd, 4318711.043, 138
Trd, 4318712.993, 138
Trd, 4318713.393, 137
Trd, 4318713.993, 140
Trd, 4318714.593, 140
Trd, 4318714.693, 140
Trd, 4318715.543, 140
Trd, 4318716.043, 140
Trd, 4318716.493, 140
Trd, 4318717.143, 137
Trd, 4318718.843, 94
Trd, 4318721.443, 140
Trd, 4318721.543, 140
Trd, 4318722.343, 140
Trd, 4318723.593, 140
Trd, 4318725.793, 140
Trd, 4318727.493, 140
Trd, 4318729.093, 140
Trd, 4318729.943, 140
Trd, 4318730.243, 140
Trd, 4318730.843, 140
Trd, 4318730.943, 140
Trd, 4318731.343, 140
Trd, 4318732.743, 140
Trd, 4318732.793, 140
Trd, 4318732.843, 139
Trd, 4318733.293, 139
Trd, 4318735.143, 140
Trd, 4318736.193, 140
Trd, 4318736.343, 140
Trd, 4318736.743, 140
Trd, 4318738.593, 140
Trd, 4318738.843, 138
Trd, 4318739.393, 108
Trd, 4318739.793, 140
Trd, 4318743.093, 140
Trd, 4318743.993, 140
Trd, 4318744.293, 140
Trd, 4318746.193, 140
Trd, 4318746.443, 140
Trd, 4318746.743, 140
Trd, 4318748.393, 140
Trd, 4318749.693, 140
Trd, 4318750.193, 140
Trd, 4318750.343, 140
Trd, 4318751.443, 140
Trd, 4318751.493, 140
Trd, 4318751.643, 140
Trd, 4318752.393, 140
Trd, 4318752.593, 140
Trd, 4318752.943, 140
Trd, 4318753.343, 136
Trd, 4318755.143, 140
Trd, 4318755.993, 140
Trd, 4318756.043, 140
Trd, 4318758.243, 140
Trd, 4318759.843, 140
Trd, 4318760.693, 140
Trd, 4318760.793, 140
Trd, 4318761.593, 140
Trd, 4318761.693, 140
Trd, 4318763.193, 139
Trd, 4318765.343, 140
Trd, 4318766.143, 140
Trd, 4318766.593, 140
Trd, 4318766.893, 140
Trd, 4318767.143, 140
Trd, 4318769.993, 140
Trd, 4318770.593, 140
Trd, 4318771.443, 140
Trd, 4318772.393, 140
Trd, 4318773.493, 140
Trd, 4318773.543, 140
Trd, 4318775.293, 140
Trd, 4318776.943, 140
Trd, 4318777.493, 140
Trd, 4318777.593, 140
Trd, 4318777.793, 140
Trd, 4318778.143, 140
Trd, 4318779.343, 61
Trd, 4318779.943, 60
Trd, 4318780.743, 60
Trd, 4318783.093, 60
Trd, 4318783.143, 60
Trd, 4318783.743, 61
Trd, 4318784.093, 63
Trd, 4318785.243, 65
Trd, 4318785.443, 65
Trd, 4318785.693, 62
Trd, 4318786.193, 63
Trd, 4318786.993, 60
Trd, 4318787.793, 60
Trd, 4318788.143, 60
Trd, 4318789.743, 60
Trd, 4318791.093, 60
Trd, 4318791.443, 60
Trd, 4318792.343, 62
Trd, 4318792.893, 62
Trd, 4318795.693, 60
Trd, 4318795.843, 60
Trd, 4318796.393, 60
Trd, 4318796.743, 60
Trd, 4318796.843, 60
Trd, 4318797.193, 62
Trd, 4318798.843, 60
Trd, 4318798.943, 63
Trd, 4318799.443, 64
Trd, 4318799.993, 60
Trd, 4318800.443, 60
Trd, 4318800.493, 64
Trd, 4318801.193, 60
Trd, 4318802.493, 60
Trd, 4318803.493, 60
Trd, 4318804.993, 60
Trd, 4318805.643, 62
Trd, 4318805.993, 66
Trd, 4318806.743, 61
Trd, 4318808.643, 60
Trd, 4318808.943, 60
Trd, 4318809.243, 60
Trd, 4318809.293, 60
Trd, 4318810.293, 62
Trd, 4318810.493, 65
Trd, 4318811.093, 68
Trd, 4318812.093, 67
Trd, 4318812.293, 66
Trd, 4318812.593, 79
Trd, 4318813.343, 139
Trd, 4318813.993, 61
Trd, 4318815.293, 140
Trd, 4318816.293, 140
Trd, 4318816.393, 140
Trd, 4318816.793, 140
Trd, 4318818.393, 140
Trd, 4318818.993, 140
Trd, 4318819.643, 140
Trd, 4318820.693, 140
Trd, 4318822.043, 140
Trd, 4318822.393, 140
Trd, 4318823.093, 140
Trd, 4318823.243, 138
Trd, 4318823.543, 136
Trd, 4318823.643, 137
Trd, 4318824.193, 92
Trd, 4318827.393, 60
Trd, 4318827.443, 60
Trd, 4318827.943, 60
Trd, 4318828.843, 60
Trd, 4318829.043, 60
Trd, 4318829.743, 60
Trd, 4318829.893, 60
Trd, 4318830.743, 60
Trd, 4318831.243, 61
Trd, 4318831.393, 60
Trd, 4318831.843, 61
Trd, 4318832.743, 71
Trd, 4318833.843, 61
Trd, 4318834.793, 63
Trd, 4318834.843, 63
Trd, 4318836.243, 60
Trd, 4318836.993, 61
Trd, 4318837.993, 61
Trd, 4318838.443, 61
Trd, 4318838.843, 61
Trd, 4318840.443, 64
Trd, 4318841.193, 68
Trd, 4318842.393, 60
Trd, 4318843.343, 63
Trd, 4318843.993, 62
Trd, 4318844.093, 63
Trd, 4318845.093, 65
Trd, 4318845.943, 66
Trd, 4318846.193, 122
Trd, 4318847.293, 71
Trd, 4318847.393, 64
Trd, 4318848.643, 61
Trd, 4318849.293, 62
Trd, 4318849.543, 70
Trd, 4318849.843, 71
Trd, 4318851.693, 60
Trd, 4318854.543, 60
Trd, 4318854.643, 60
Trd, 4318856.993, 60
Trd, 4318857.643, 60
Trd, 4318858.243, 60
Trd, 4318858.393, 60
Trd, 4318858.743, 60
Trd, 4318859.043, 64
Trd, 4318859.293, 61
Trd, 4318861.093, 60
Trd, 4318861.893, 60
Trd, 4318861.993, 60
Trd, 4318862.043, 68
Trd, 4318862.743, 60
Trd, 4318863.043, 61
Trd, 4318864.193, 126
Trd, 4318864.643, 126
Trd, 4318864.793, 126
Trd, 4318865.343, 140
Trd, 4318865.543, 96
Trd, 4318867.493, 77
Trd, 4318867.643, 101
Trd, 4318867.793, 102
Trd, 4318868.043, 74
Trd, 4318870.693, 140
Trd, 4318871.093, 140
Trd, 4318871.943, 140
Trd, 4318872.343, 140
Trd, 4318872.843, 140
Trd, 4318873.543, 140
Trd, 4318876.893, 140
Trd, 4318878.343, 140
Trd, 4318878.593, 140
Trd, 4318878.743, 140
Trd, 4318879.043, 140
Trd, 4318879.743, 140
Trd, 4318879.993, 140
Trd, 4318880.893, 140
Trd, 4318881.043, 140
Trd, 4318882.543, 67
Trd, 4318882.843, 68
Trd, 4318883.243, 70
Trd, 4318884.443, 62
Trd, 4318885.743, 61
Trd, 4318885.793, 60
Trd, 4318886.593, 63
Trd, 4318887.843, 140
Trd, 4318888.143, 139
Trd, 4318888.293, 105
Trd, 4318889.093, 60
Trd, 4318890.343, 60
Trd, 4318890.593, 60
Trd, 4318890.893, 60
Trd, 4318891.693, 60
Trd, 4318893.043, 140
Trd, 4318893.743, 140
Trd, 4318895.193, 140
Trd, 4318895.343, 140
Trd, 4318895.493, 140
Trd, 4318896.343, 140
Trd, 4318898.093, 140
Trd, 4318898.243, 140
Trd, 4318898.293, 135
Trd, 4318899.543, 140
Trd, 4318901.193, 140
Trd, 4318903.393, 140
Trd, 4318903.843, 140
Trd, 4318904.443, 140
Trd, 4318906.593, 140
Trd, 4318907.393, 139
Trd, 4318909.143, 140
Trd, 4318909.193, 140
Trd, 4318909.543, 140
Trd, 4318910.143, 140
Trd, 4318910.493, 140
Trd, 4318912.143, 140
Trd, 4318912.243, 140
Trd, 4318912.743, 140
Trd, 4318913.543, 140
Trd, 4318914.193, 140
Trd, 4318914.243, 140
Trd, 4318914.643, 140
Trd, 4318915.093, 140
Trd, 4318916.093, 140
Trd, 4318917.093, 140
Trd, 4318918.493, 140
Trd, 4318919.243, 140
Trd, 4318919.493, 140
Trd, 4318920.443, 140
Trd, 4318920.493, 140
Trd, 4318922.893, 140
Trd, 4318923.793, 140
Trd, 4318924.193, 140
Trd, 4318925.893, 140
Trd, 4318926.343, 140
Trd, 4318926.393, 140
Trd, 4318926.493, 140
Trd, 4318926.693, 140
Trd, 4318927.343, 140
Trd, 4318928.443, 139
Trd, 4318928.843, 140
Trd, 4318931.293, 140
Trd, 4318931.493, 140
Trd, 4318932.843, 140
Trd, 4318932.993, 140
Trd, 4318933.343, 140
Trd, 4318935.043, 140
Trd, 4318935.343, 140
Trd, 4318935.743, 140
Trd, 4318937.643, 140
Trd, 4318937.693, 140
Trd, 4318940.093, 140
Trd, 4318940.493, 140
Trd, 4318940.743, 140
Trd, 4318941.643, 140
Trd, 4318942.943, 140
Trd, 4318943.043, 140
Trd, 4318944.093, 140
Trd, 4318944.193, 140
Trd, 4318945.293, 140
Trd, 4318946.393, 140
Trd, 4318949.243, 140
Trd, 4318949.293, 139
Trd, 4318950.093, 140
Trd, 4318950.643, 140
Trd, 4318951.293, 140
Trd, 4318952.493, 140
Trd, 4318952.893, 140
Trd, 4318953.143, 140
Trd, 4318953.543, 140
Trd, 4318953.743, 140
Trd, 4318953.843, 139
Trd, 4318954.043, 63
Trd, 4318954.093, 66
Trd, 4318954.493, 64
Trd, 4318956.393, 132
Trd, 4318956.993, 139
Trd, 4318957.793, 138
Trd, 4318959.493, 140
Trd, 4318961.143, 140
Trd, 4318961.543, 140
Trd, 4318961.643, 140
Trd, 4318962.093, 140
Trd, 4318962.743, 140
Trd, 4318963.543, 140
Trd, 4318966.593, 140
Trd, 4318967.243, 140
Trd, 4318967.643, 140
Trd, 4318968.543, 140
Trd, 4318969.843, 140
Trd, 4318969.993, 140
Trd, 4318970.093, 140
Trd, 4318970.393, 138
Trd, 4318970.643, 139
Trd, 4318971.793, 140
Trd, 4318972.193, 139
Trd, 4318973.643, 140
Trd, 4318974.093, 140
Trd, 4318975.593, 140
Trd, 4318977.643, 139
Trd, 4318978.043, 139
Trd, 4318978.493, 140
Trd, 4318978.543, 139
Trd, 4318978.993, 140
Trd, 4318979.743, 140
Trd, 4318980.693, 140
Trd, 4318980.743, 140
Trd, 4318982.593, 140
Trd, 4318983.843, 140
Trd, 4318984.543, 140
Trd, 4318986.193, 140
Trd, 4318986.593, 140
Trd, 4318986.693, 140
Trd, 4318986.793, 140
Trd, 4318986.893, 140
Trd, 4318987.993, 140
Trd, 4318988.493, 139
Trd, 4318988.743, 139
Trd, 4318990.593, 140
Trd, 4318990.943, 140
Trd, 4318991.893, 140
Trd, 4318992.743, 140
Trd, 4318993.093, 139
Trd, 4318994.443, 94
Trd, 4318994.893, 94
Trd, 4318995.293, 78
Trd, 4318996.343, 121
Trd, 4318996.743, 118
Trd, 4318996.793, 123
Trd, 4318997.593, 140
Trd, 4318997.943, 84
Trd, 4318999.443, 140
Trd, 4318999.693, 140
Trd, 4319000.743, 140
Trd, 4319000.993, 140
Trd, 4319001.893, 140
Trd, 4319002.493, 140
Trd, 4319004.293, 140
Trd, 4319005.043, 140
Trd, 4319006.393, 140
Trd, 4319007.293, 140
Trd, 4319007.743, 124
Trd, 4319008.243, 108
Trd, 4319008.993, 107
Trd, 4319009.043, 80
Trd, 4319009.543, 140
Trd, 4319010.943, 140
Trd, 4319012.243, 140
Trd, 4319012.643, 140
Trd, 4319012.843, 140
Trd, 4319013.693, 140
Trd, 4319014.343, 140
Trd, 4319015.893, 140
Trd, 4319017.443, 140
Trd, 4319017.543, 140
Trd, 4319017.693, 140
Trd, 4319018.893, 140
Trd, 4319019.243, 140
Trd, 4319019.443, 140
Trd, 4319019.493, 140
Trd, 4319019.793, 140
Trd, 4319021.443, 140
Trd, 4319022.643, 140
Trd, 4319022.843, 138
Trd, 4319024.143, 140
Trd, 4319026.093, 140
Trd, 4319026.593, 140
Trd, 4319028.493, 140
Trd, 4319029.643, 140
Trd, 4319030.043, 140
Trd, 4319031.693, 140
Trd, 4319032.093, 140
Trd, 4319032.143, 140
Trd, 4319032.893, 140
Trd, 4319033.793, 140
Trd, 4319035.893, 140
Trd, 4319037.043, 140
Trd, 4319037.693, 140
Trd, 4319039.243, 140
Trd, 4319039.293, 140
Trd, 4319039.693, 139
Trd, 4319039.943, 139
Trd, 4319040.093, 138
Trd, 4319040.693, 139
Trd, 4319041.443, 140
Trd, 4319043.743, 140
Trd, 4319043.993, 140
Trd, 4319044.143, 140
Trd, 4319044.893, 140
Trd, 4319045.143, 140
Trd, 4319046.343, 140
Trd, 4319048.243, 140
Trd, 4319049.043, 140
Trd, 4319049.643, 140
Trd, 4319050.193, 140
Trd, 4319052.693, 140
Trd, 4319052.943, 140
Trd, 4319053.093, 140
Trd, 4319054.743, 140
Trd, 4319056.943, 140
Trd, 4319056.993, 140
Trd, 4319057.193, 140
Trd, 4319057.243, 140
Trd, 4319057.343, 140
Trd, 4319057.893, 140
Trd, 4319058.593, 137
Trd, 4319058.993, 69
Trd, 4319059.693, 61
Trd, 4319060.043, 60
Trd, 4319061.493, 67
Trd, 4319062.993, 140
Trd, 4319064.093, 140
Trd, 4319064.343, 140
Trd, 4319064.693, 140
Trd, 4319066.643, 140
Trd, 4319068.543, 140
Trd, 4319068.743, 140
Trd, 4319070.793, 140
Trd, 4319071.943, 140
Trd, 4319072.543, 140
Trd, 4319074.993, 140
Trd, 4319075.043, 140
Trd, 4319075.193, 140
Trd, 4319075.393, 140
Trd, 4319077.543, 140
Trd, 4319078.243, 140
Trd, 4319078.893, 140
Trd, 4319080.293, 140
Trd, 4319080.593, 140
Trd, 4319080.643, 140
Trd, 4319080.693, 140
Trd, 4319082.543, 140
Trd, 4319082.593, 140
Trd, 4319082.743, 140
Trd, 4319083.193, 140
Trd, 4319083.593, 139
Trd, 4319084.593, 139
Trd, 4319085.443, 139
Trd, 4319085.693, 140
Trd, 4319085.943, 138
Trd, 4319086.043, 116
Trd, 4319087.943, 140
Trd, 4319088.293, 140
Trd, 4319088.843, 140
Trd, 4319089.743, 140
Trd, 4319090.493, 140
Trd, 4319091.543, 139
Trd, 4319092.743, 140
Trd, 4319093.193, 140
Trd, 4319093.443, 138
Trd, 4319093.843, 139
Trd, 4319093.943, 135
Trd, 4319094.093, 74
Trd, 4319096.693, 93
Trd, 4319097.193, 91
Trd, 4319097.343, 71
Trd, 4319097.893, 72
Trd, 4319098.743, 71
Trd, 4319099.593, 88
Trd, 4319100.043, 87
Trd, 4319100.343, 79
Trd, 4319100.643, 78
Trd, 4319102.393, 139
Trd, 4319103.593, 140
Trd, 4319104.843, 140
Trd, 4319105.643, 140
Trd, 4319106.093, 140
Trd, 4319107.393, 140
Trd, 4319108.093, 140
Trd, 4319109.043, 140
Trd, 4319111.543, 140
Trd, 4319111.743, 140
Trd, 4319112.643, 140
Trd, 4319113.943, 140
Trd, 4319114.193, 140
Trd, 4319115.743, 140
Trd, 4319116.843, 140
Trd, 4319117.193, 140
Trd, 4319117.493, 140
Trd, 4319117.743, 139
Trd, 4319117.993, 139
Trd, 4319118.093, 111
Trd, 4319119.093, 140
Trd, 4319119.143, 140
Trd, 4319119.243, 74
Trd, 4319120.843, 61
Trd, 4319120.893, 140
Trd, 4319122.193, 97
Trd, 4319122.393, 97
Trd, 4319123.193, 138
Trd, 4319125.043, 140
Trd, 4319127.193, 140
Trd, 4319127.293, 140
Trd, 4319127.443, 140
Trd, 4319127.743, 140
Trd, 4319128.693, 140
Trd, 4319131.293, 140
Trd, 4319131.343, 139
Trd, 4319132.343, 140
Trd, 4319132.943, 140
Trd, 4319133.893, 140
Trd, 4319133.993, 139
Trd, 4319135.043, 139
Trd, 4319136.593, 61
Trd, 4319136.893, 114
Trd, 4319138.493, 140
Trd, 4319139.043, 140
Trd, 4319139.843, 140
Trd, 4319140.643, 140
Trd, 4319141.293, 140
Trd, 4319141.743, 140
Trd, 4319142.593, 140
Trd, 4319143.993, 140
Trd, 4319144.743, 140
Trd, 4319145.793, 140
Trd, 4319146.843, 140
Trd, 4319149.843, 140
Trd, 4319150.243, 140
Trd, 4319151.643, 140
Trd, 4319153.043, 140
Trd, 4319153.143, 140
Trd, 4319153.793, 140
Trd, 4319155.293, 140
Trd, 4319156.643, 140
Trd, 4319157.493, 140
Trd, 4319157.943, 140
Trd, 4319158.093, 140
Trd, 4319158.143, 140
Trd, 4319158.443, 139
Trd, 4319159.093, 139
Trd, 4319159.293, 140
Trd, 4319160.943, 60
Trd, 4319161.593, 60
Trd, 4319163.643, 60
Trd, 4319163.693, 60
Trd, 4319163.793, 62
Trd, 4319163.893, 60
Trd, 4319164.993, 66
Trd, 4319165.093, 67
Trd, 4319166.643, 140
Trd, 4319167.143, 140
Trd, 4319167.193, 140
Trd, 4319167.293, 140
Trd, 4319167.593, 139
Trd, 4319167.943, 138
Trd, 4319168.993, 140
Trd, 4319170.043, 140
Trd, 4319170.993, 140
Trd, 4319171.343, 139
Trd, 4319173.743, 140
Trd, 4319174.343, 140
Trd, 4319174.593, 114
Trd, 4319176.643, 140
Trd, 4319176.743, 140
Trd, 4319176.993, 140
Trd, 4319178.143, 140
Trd, 4319179.243, 101
Trd, 4319180.793, 140
Trd, 4319181.793, 140
Trd, 4319182.643, 140
Trd, 4319184.893, 140
Trd, 4319184.993, 140
Trd, 4319186.693, 140
Trd, 4319187.043, 140
Trd, 4319188.943, 140
Trd, 4319190.043, 140
Trd, 4319190.293, 140
Trd, 4319190.393, 140
Trd, 4319190.743, 140
Trd, 4319190.993, 140
Trd, 4319192.793, 140
Trd, 4319192.893, 140
Trd, 4319193.393, 140
Trd, 4319194.593, 140
Trd, 4319194.843, 140
Trd, 4319195.693, 140
Trd, 4319197.043, 140
Trd, 4319199.393, 140
Trd, 4319199.743, 140
Trd, 4319199.943, 140
Trd, 4319200.693, 140
Trd, 4319200.893, 140
Trd, 4319200.993, 140
Trd, 4319203.143, 140
Trd, 4319203.943, 140
Trd, 4319204.143, 140
Trd, 4319205.843, 140
Trd, 4319206.243, 140
Trd, 4319207.193, 140
Trd, 4319208.993, 140
Trd, 4319210.093, 140
Trd, 4319210.143, 140
Trd, 4319210.493, 140
Trd, 4319211.093, 140
Trd, 4319211.693, 140
Trd, 4319212.093, 139
Trd, 4319212.343, 138
Trd, 4319212.543, 99
Trd, 4319213.743, 60
Trd, 4319214.443, 61
Trd, 4319214.793, 60
Trd, 4319214.843, 61
Trd, 4319215.293, 64
Trd, 4319216.143, 60
Trd, 4319217.043, 60
Trd, 4319219.443, 60
Trd, 4319219.643, 60
Trd, 4319219.693, 60
Trd, 4319219.743, 60
Trd, 4319219.893, 61
Trd, 4319220.443, 63
Trd, 4319221.093, 64
Trd, 4319221.343, 65
Trd, 4319221.643, 73
Trd, 4319222.493, 66
Trd, 4319223.243, 61
Trd, 4319226.943, 60
Trd, 4319227.293, 60
Trd, 4319228.243, 60
Trd, 4319228.643, 60
Trd, 4319231.493, 60
Trd, 4319231.743, 60
Trd, 4319232.093, 60
Trd, 4319232.143, 61
Trd, 4319232.293, 64
Trd, 4319232.393, 65
Trd, 4319233.143, 62
Trd, 4319235.143, 140
Trd, 4319235.393, 140
Trd, 4319235.493, 140
Trd, 4319236.293, 140
Trd, 4319237.743, 140
Trd, 4319238.493, 140
Trd, 4319240.093, 138
Trd, 4319240.243, 140
Trd, 4319241.493, 140
Trd, 4319242.993, 140
Trd, 4319244.193, 140
Trd, 4319244.493, 140
Trd, 4319244.893, 140
Trd, 4319245.093, 140
Trd, 4319245.143, 140
Trd, 4319245.343, 137
Trd, 4319245.693, 140
Trd, 4319246.643, 92
Trd, 4319247.943, 140
Trd, 4319247.993, 139
Trd, 4319248.643, 140
Trd, 4319249.593, 134
Trd, 4319251.343, 60
Trd, 4319251.793, 60
Trd, 4319252.543, 60
Trd, 4319252.893, 60
Trd, 4319253.043, 60
Trd, 4319253.943, 60
Trd, 4319254.643, 60
Trd, 4319256.143, 60
Trd, 4319256.543, 60
Trd, 4319256.843, 60
Trd, 4319257.243, 60
Trd, 4319257.793, 63
Trd, 4319258.143, 64
Trd, 4319258.843, 66
Trd, 4319259.193, 64
Trd, 4319261.493, 60
Trd, 4319263.243, 60
Trd, 4319263.493, 61
Trd, 4319265.443, 60
Trd, 4319266.343, 60
Trd, 4319266.593, 61
Trd, 4319266.743, 62
Trd, 4319267.593, 61
Trd, 4319268.293, 60
Trd, 4319268.543, 60
Trd, 4319268.593, 67
Trd, 4319269.943, 60
Trd, 4319270.543, 60
Trd, 4319270.893, 61
Trd, 4319271.293, 64
Trd, 4319271.743, 138
Trd, 4319272.343, 111
Trd, 4319273.493, 62
Trd, 4319275.043, 60
Trd, 4319275.143, 61
Trd, 4319277.393, 60
Trd, 4319277.993, 60
Trd, 4319278.493, 60
Trd, 4319279.143, 60
Trd, 4319279.693, 61
Trd, 4319279.993, 60
Trd, 4319280.393, 61
Trd, 4319280.643, 61
Trd, 4319281.193, 60
Trd, 4319282.593, 60
Trd, 4319283.643, 60
Trd, 4319284.893, 60
Trd, 4319285.643, 60
Trd, 4319286.693, 60
Trd, 4319287.393, 60
Trd, 4319287.843, 61
Trd, 4319288.293, 61
Trd, 4319288.643, 64
Trd, 4319289.193, 69
Trd, 4319289.943, 62
Trd, 4319290.493, 66
Trd, 4319291.143, 69
Trd, 4319291.243, 67
Trd, 4319292.993, 77
Trd, 4319293.593, 80
Trd, 4319294.493, 82
Trd, 4319295.043, 81
Trd, 4319295.093, 128
Trd, 4319295.443, 99
Trd, 4319295.543, 129
Trd, 4319296.343, 109
Trd, 4319296.393, 123
Trd, 4319298.093, 114
Trd, 4319298.693, 91
Trd, 4319299.493, 94
Trd, 4319299.793, 112
Trd, 4319300.793, 112
Trd, 4319300.893, 117
Trd, 4319301.043, 111
Trd, 4319301.643, 110
Trd, 4319302.593, 112
Trd, 4319303.243, 140
Trd, 4319305.393, 140
Trd, 4319305.593, 140
Trd, 4319307.293, 140
Trd, 4319307.543, 140
Trd, 4319308.143, 140
Trd, 4319309.143, 140
Trd, 4319309.443, 139
Trd, 4319310.143, 139
Trd, 4319311.193, 140
Trd, 4319311.593, 140
Trd, 4319312.443, 140
Trd, 4319313.293, 140
Trd, 4319313.443, 140
Trd, 4319314.993, 140
Trd, 4319315.693, 140
Trd, 4319317.793, 140
Trd, 4319318.643, 140
Trd, 4319319.293, 140
Trd, 4319320.093, 140
Trd, 4319320.193, 140
Trd, 4319321.793, 140
Trd, 4319322.143, 140
Trd, 4319322.843, 140
Trd, 4319323.143, 140
Trd, 4319323.343, 140
Trd, 4319323.493, 140
Trd, 4319323.643, 140
Trd, 4319324.593, 140
Trd, 4319325.193, 140
Trd, 4319326.593, 140
Trd, 4319327.643, 140
Trd, 4319329.343, 140
Trd, 4319330.293, 140
Trd, 4319330.993, 140
Trd, 4319331.093, 140
Trd, 4319332.093, 140
Trd, 4319332.543, 140
Trd, 4319332.943, 140
Trd, 4319333.643, 136
Trd, 4319335.493, 140
Trd, 4319336.743, 140
Trd, 4319337.943, 140
Trd, 4319337.993, 140
Trd, 4319338.043, 140
Trd, 4319338.743, 139
Trd, 4319340.193, 140
Trd, 4319340.493, 140
Trd, 4319340.943, 140
Trd, 4319341.193, 140
Trd, 4319341.543, 127
Trd, 4319341.693, 126
Trd, 4319342.493, 104
Trd, 4319343.393, 140
Trd, 4319343.793, 138
Trd, 4319345.443, 95
Trd, 4319346.043, 139
Trd, 4319347.943, 121
Trd, 4319348.443, 121
Trd, 4319348.493, 122
Trd, 4319349.843, 140
Trd, 4319349.893, 140
Trd, 4319350.393, 140
Trd, 4319351.243, 140
Trd, 4319351.443, 140
Trd, 4319353.093, 60
Trd, 4319353.193, 60
Trd, 4319354.693, 60
Trd, 4319354.943, 60
Trd, 4319357.643, 60
Trd, 4319357.843, 60
Trd, 4319358.243, 60
Trd, 4319358.343, 61
Trd, 4319358.943, 71
Trd, 4319360.493, 60
Trd, 4319361.243, 60
Trd, 4319362.143, 60
Trd, 4319362.293, 61
Trd, 4319363.443, 60
Trd, 4319363.593, 60
Trd, 4319364.243, 60
Trd, 4319364.543, 60
Trd, 4319364.843, 61
Trd, 4319365.343, 60
Trd, 4319367.393, 60
Trd, 4319367.543, 61
Trd, 4319368.093, 60
Trd, 4319368.343, 61
Trd, 4319368.543, 63
Trd, 4319368.893, 64
Trd, 4319369.493, 64
Trd, 4319370.593, 60
Trd, 4319371.893, 91
Trd, 4319372.143, 127
Trd, 4319372.193, 73
Trd, 4319373.393, 101
Trd, 4319373.693, 125
Trd, 4319373.993, 103
Trd, 4319376.043, 109
Trd, 4319376.093, 108
Trd, 4319376.543, 109
Trd, 4319377.443, 140
Trd, 4319378.993, 140
Trd, 4319379.893, 140
Trd, 4319381.593, 140
Trd, 4319383.443, 140
Trd, 4319383.693, 140
Trd, 4319384.293, 140
Trd, 4319385.693, 140
Trd, 4319386.143, 140
Trd, 4319386.243, 140
Trd, 4319386.343, 140
Trd, 4319386.493, 140
Trd, 4319387.343, 139
Trd, 4319388.243, 121
Trd, 4319388.493, 139
Trd, 4319388.743, 120
Trd, 4319390.093, 124
Trd, 4319391.243, 124
Trd, 4319392.793, 140
Trd, 4319392.843, 140
Trd, 4319392.943, 140
Trd, 4319395.193, 140
Trd, 4319396.743, 140
Trd, 4319396.843, 140
Trd, 4319397.043, 138
Trd, 4319400.043, 140
Trd, 4319400.393, 140
Trd, 4319401.343, 140
Trd, 4319401.843, 140
Trd, 4319403.143, 140
Trd, 4319404.343, 140
Trd, 4319404.743, 140
Trd, 4319405.143, 139
Trd, 4319405.893, 104
Trd, 4319406.793, 140
Trd, 4319407.643, 140
Trd, 4319407.993, 140
Trd, 4319408.093, 139
Trd, 4319409.643, 99
Trd, 4319409.943, 68
Trd, 4319409.993, 66
Trd, 4319411.643, 61
Trd, 4319412.293, 60
Trd, 4319413.693, 60
Trd, 4319413.743, 60
Trd, 4319414.393, 60
Trd, 4319415.393, 63
Trd, 4319415.943, 62
Trd, 4319416.093, 67
Trd, 4319417.243, 64
Trd, 4319417.943, 65
Trd, 4319418.243, 66
Trd, 4319418.393, 65
Trd, 4319418.843, 64
Trd, 4319420.343, 139
Trd, 4319422.193, 140
Trd, 4319422.543, 139
Trd, 4319423.593, 140
Trd, 4319423.843, 140
Trd, 4319424.193, 140
Trd, 4319424.243, 140
Trd, 4319425.993, 138
Trd, 4319426.093, 137
Trd, 4319427.043, 140
Trd, 4319428.343, 140
Trd, 4319429.443, 140
Trd, 4319430.943, 140
Trd, 4319431.293, 140
Trd, 4319431.493, 140
Trd, 4319432.293, 140
Trd, 4319432.793, 140
Trd, 4319435.593, 140
Trd, 4319437.893, 140
Trd, 4319438.643, 140
Trd, 4319439.193, 140
Trd, 4319439.493, 140
Trd, 4319439.593, 140
Trd, 4319439.743, 140
Trd, 4319439.943, 140
Trd, 4319440.193, 140
Trd, 4319441.493, 84
Trd, 4319442.343, 67
Trd, 4319442.593, 97
Trd, 4319442.843, 140
Trd, 4319444.643, 76
Trd, 4319445.043, 102
Trd, 4319445.793, 140
Trd, 4319447.643, 140
Trd, 4319448.793, 140
Trd, 4319449.593, 140
Trd, 4319449.893, 140
Trd, 4319450.293, 140
Trd, 4319450.543, 60
Trd, 4319450.893, 138
Trd, 4319451.143, 140
Trd, 4319451.943, 139
Trd, 4319453.243, 139
Trd, 4319453.293, 71
Trd, 4319453.843, 70
Trd, 4319455.193, 127
Trd, 4319457.193, 96
Trd, 4319457.543, 97
Trd, 4319457.643, 95
Trd, 4319459.493, 63
Trd, 4319460.043, 62
Trd, 4319460.493, 60
Trd, 4319461.743, 60
Trd, 4319462.193, 60
Trd, 4319462.293, 60
Trd, 4319462.543, 61
Trd, 4319462.843, 60
Trd, 4319464.743, 60
Trd, 4319466.893, 60
Trd, 4319467.593, 60
Trd, 4319468.893, 60
Trd, 4319469.193, 60
Trd, 4319469.293, 60
Trd, 4319469.543, 60
Trd, 4319469.793, 60
Trd, 4319470.143, 60
Trd, 4319470.293, 60
Trd, 4319470.693, 60
Trd, 4319471.093, 61
Trd, 4319472.243, 64
Trd, 4319475.193, 60
Trd, 4319475.543, 60
Trd, 4319477.193, 60
Trd, 4319477.643, 60
Trd, 4319479.543, 60
Trd, 4319479.643, 60
Trd, 4319479.793, 60
Trd, 4319479.893, 60
Trd, 4319480.193, 61
Trd, 4319481.143, 63
Trd, 4319481.293, 64
Trd, 4319481.593, 62
Trd, 4319481.993, 61
Trd, 4319482.643, 64
Trd, 4319482.693, 70
Trd, 4319483.293, 101
Trd, 4319483.343, 100
Trd, 4319485.893, 61
Trd, 4319487.043, 60
Trd, 4319487.743, 60
Trd, 4319487.993, 60
Trd, 4319489.393, 61
Trd, 4319489.493, 63
Trd, 4319490.843, 63
Trd, 4319491.143, 61
Trd, 4319492.243, 60
Trd, 4319493.393, 60
Trd, 4319494.243, 60
Trd, 4319494.493, 60
Trd, 4319494.693, 60
Trd, 4319495.393, 60
Trd, 4319496.043, 63
Trd, 4319497.793, 60
Trd, 4319500.093, 62
Trd, 4319500.743, 61
Trd, 4319500.893, 61
Trd, 4319501.243, 61
Trd, 4319501.343, 62
Trd, 4319501.393, 63
Trd, 4319501.643, 64
Trd, 4319501.993, 62
Trd, 4319503.493, 62
Trd, 4319504.243, 63
Trd, 4319506.093, 120
Trd, 4319508.593, 60
Trd, 4319508.643, 60
Trd, 4319508.993, 60
Trd, 4319509.893, 60
Trd, 4319510.093, 63
Trd, 4319510.293, 63
Trd, 4319510.543, 63
Trd, 4319510.743, 67
Trd, 4319511.693, 62
Trd, 4319512.943, 60
Trd, 4319512.993, 61
Trd, 4319513.993, 60
Trd, 4319514.043, 60
Trd, 4319514.893, 60
Trd, 4319514.993, 61
Trd, 4319515.193, 60
Trd, 4319515.943, 63
Trd, 4319516.243, 61
Trd, 4319516.793, 62
Trd, 4319516.943, 65
Trd, 4319518.693, 61
Trd, 4319519.543, 62
Trd, 4319520.143, 63
Trd, 4319520.343, 62
Trd, 4319521.743, 60
Trd, 4319522.993, 60
Trd, 4319524.543, 60
Trd, 4319525.543, 60
Trd, 4319525.893, 60
Trd, 4319525.943, 60
Trd, 4319526.093, 61
Trd, 4319526.143, 62
Trd, 4319526.493, 79
Trd, 4319528.143, 68
Trd, 4319529.243, 140
Trd, 4319529.343, 140
Trd, 4319530.493, 139
Trd, 4319531.293, 140
Trd, 4319531.393, 140
Trd, 4319531.893, 140
Trd, 4319532.243, 140
Trd, 4319532.543, 138
Trd, 4319532.943, 106
Trd, 4319533.243, 140
Trd, 4319535.043, 60
Trd, 4319536.943, 60
Trd, 4319537.593, 60
Trd, 4319538.843, 60
Trd, 4319539.143, 60
Trd, 4319539.193, 63
Trd, 4319539.393, 64
Trd, 4319540.143, 67
Trd, 4319541.593, 85
Trd, 4319541.743, 75
Trd, 4319541.893, 74
Trd, 4319542.093, 71
Trd, 4319543.643, 140
Trd, 4319546.043, 140
Trd, 4319546.093, 140
Trd, 4319546.943, 140
Trd, 4319547.193, 140
Trd, 4319547.693, 140
Trd, 4319548.293, 140
Trd, 4319550.143, 140
Trd, 4319552.293, 140
Trd, 4319553.193, 140
Trd, 4319553.293, 140
Trd, 4319554.393, 140
Trd, 4319554.593, 140
Trd, 4319555.143, 140
Trd, 4319555.393, 140
Trd, 4319555.543, 139
Trd, 4319556.943, 64
Trd, 4319557.993, 65
Trd, 4319558.443, 64
Trd, 4319558.743, 65
Trd, 4319559.093, 64
Trd, 4319561.443, 63
Trd, 4319561.843, 61
Trd, 4319562.293, 63
Trd, 4319562.593, 140
Trd, 4319562.893, 137
Trd, 4319564.743, 140
Trd, 4319565.143, 140
Trd, 4319565.243, 140
Trd, 4319565.893, 140
Trd, 4319566.343, 140
Trd, 4319566.443, 140
Trd, 4319567.093, 140
Trd, 4319567.343, 98
Trd, 4319568.443, 140
Trd, 4319568.993, 140
Trd, 4319569.943, 120
Trd, 4319571.793, 140
Trd, 4319572.393, 140
Trd, 4319573.043, 140
Trd, 4319573.593, 140
Trd, 4319574.143, 140
Trd, 4319577.193, 140
Trd, 4319578.293, 140
Trd, 4319578.843, 140
Trd, 4319578.993, 140
Trd, 4319579.443, 140
Trd, 4319579.893, 140
Trd, 4319581.093, 140
Trd, 4319582.443, 140
Trd, 4319582.993, 140
Trd, 4319585.293, 140
Trd, 4319585.843, 140
Trd, 4319586.043, 140
Trd, 4319586.293, 140
Trd, 4319586.543, 140
Trd, 4319586.743, 140
Trd, 4319587.043, 140
Trd, 4319587.393, 139
Trd, 4319588.293, 140
Trd, 4319588.543, 111
Trd, 4319590.043, 140
Trd, 4319590.093, 140
Trd, 4319590.693, 94
Trd, 4319591.093, 72
Trd, 4319592.043, 60
Trd, 4319592.793, 60
Trd, 4319593.993, 60
Trd, 4319594.843, 60
Trd, 4319595.343, 62
Trd, 4319598.143, 60
Trd, 4319598.793, 60
Trd, 4319600.093, 60
Trd, 4319600.943, 60
Trd, 4319600.993, 62
Trd, 4319601.393, 61
Trd, 4319601.493, 68
Trd, 4319602.193, 140
Trd, 4319602.793, 140
Trd, 4319604.893, 140
Trd, 4319605.093, 140
Trd, 4319606.043, 139
Trd, 4319606.593, 99
Trd, 4319607.593, 62
Trd, 4319608.543, 60
Trd, 4319611.643, 60
Trd, 4319611.693, 60
Trd, 4319611.893, 60
Trd, 4319611.943, 60
Trd, 4319612.493, 68
Trd, 4319612.843, 68
Trd, 4319612.893, 60
Trd, 4319613.443, 60
Trd, 4319614.493, 140
Trd, 4319614.543, 140
Trd, 4319615.793, 140
Trd, 4319615.843, 140
Trd, 4319615.943, 140
Trd, 4319618.193, 140
Trd, 4319620.443, 140
Trd, 4319621.193, 140
Trd, 4319622.093, 140
Trd, 4319622.493, 140
Trd, 4319622.593, 140
Trd, 4319623.193, 140
Trd, 4319623.793, 140
Trd, 4319624.843, 140
Trd, 4319627.993, 140
Trd, 4319628.743, 140
Trd, 4319630.193, 140
Trd, 4319630.293, 140
Trd, 4319630.893, 140
Trd, 4319632.843, 140
Trd, 4319633.293, 140
Trd, 4319633.993, 140
Trd, 4319634.343, 140
Trd, 4319634.693, 140
Trd, 4319634.943, 140
Trd, 4319634.993, 139
Trd, 4319636.343, 140
Trd, 4319636.543, 139
Trd, 4319636.893, 136
Trd, 4319637.043, 136
Trd, 4319637.993, 60
Trd, 4319638.293, 61
Trd, 4319638.343, 60
Trd, 4319640.793, 68
Trd, 4319641.093, 140
Trd, 4319644.043, 140
Trd, 4319644.193, 140
Trd, 4319644.543, 140
Trd, 4319645.343, 140
Trd, 4319645.693, 140
Trd, 4319646.143, 140
Trd, 4319646.393, 140
Trd, 4319646.493, 117
Trd, 4319649.243, 140
Trd, 4319649.943, 140
Trd, 4319652.593, 140
Trd, 4319653.293, 140
Trd, 4319653.993, 140
Trd, 4319654.043, 140
Trd, 4319654.143, 140
Trd, 4319654.543, 139
Trd, 4319654.693, 139
Trd, 4319655.193, 138
Trd, 4319655.593, 111
Trd, 4319656.293, 138
Trd, 4319656.643, 102
Trd, 4319657.493, 118
Trd, 4319659.293, 139
Trd, 4319660.343, 110
Trd, 4319660.993, 112
Trd, 4319661.493, 140
Trd, 4319662.843, 140
Trd, 4319663.243, 140
Trd, 4319663.443, 140
Trd, 4319665.743, 140
Trd, 4319667.193, 140
Trd, 4319667.293, 140
Trd, 4319668.543, 140
Trd, 4319668.943, 140
Trd, 4319669.843, 140
Trd, 4319670.043, 140
Trd, 4319670.793, 140
Trd, 4319672.793, 140
Trd, 4319675.593, 140
Trd, 4319676.293, 140
Trd, 4319676.543, 140
Trd, 4319676.793, 140
Trd, 4319679.193, 140
Trd, 4319679.293, 140
Trd, 4319679.493, 140
Trd, 4319680.493, 140
Trd, 4319680.793, 140
Trd, 4319680.893, 81
Trd, 4319682.293, 133
Trd, 4319683.493, 60
Trd, 4319683.543, 132
Trd, 4319683.743, 133
Trd, 4319685.093, 68
Trd, 4319686.843, 85
Trd, 4319686.943, 82
Trd, 4319687.043, 139
Trd, 4319688.243, 139
Trd, 4319688.293, 101
Trd, 4319689.443, 77
Trd, 4319690.593, 60
Trd, 4319690.643, 60
Trd, 4319691.843, 60
Trd, 4319692.443, 60
Trd, 4319693.643, 60
Trd, 4319694.393, 65
Trd, 4319695.193, 60
Trd, 4319695.793, 61
Trd, 4319696.343, 63
Trd, 4319696.693, 62
Trd, 4319697.143, 63
Trd, 4319697.593, 72
Trd, 4319699.243, 61
Trd, 4319699.443, 62
Trd, 4319699.643, 61
Trd, 4319701.243, 60
Trd, 4319702.143, 61
Trd, 4319702.593, 60
Trd, 4319702.843, 60
Trd, 4319705.343, 60
Trd, 4319706.243, 60
Trd, 4319707.543, 60
Trd, 4319707.643, 60
Trd, 4319707.693, 60
Trd, 4319707.943, 61
Trd, 4319708.093, 62
Trd, 4319710.243, 61
Trd, 4319711.693, 62
Trd, 4319711.743, 62
Trd, 4319714.843, 60
Trd, 4319715.593, 60
Trd, 4319716.543, 60
Trd, 4319716.793, 60
Trd, 4319717.043, 61
Trd, 4319717.993, 61
Trd, 4319718.493, 61
Trd, 4319719.093, 62
Trd, 4319719.143, 62
Trd, 4319719.843, 67
Trd, 4319720.793, 66
Trd, 4319720.993, 67
Trd, 4319721.343, 67
Trd, 4319721.493, 68
Trd, 4319722.243, 73
Trd, 4319722.543, 66
Trd, 4319723.093, 60
Trd, 4319724.693, 62
Trd, 4319725.243, 139
Trd, 4319726.293, 140
Trd, 4319726.793, 140
Trd, 4319726.843, 140
Trd, 4319727.693, 140
Trd, 4319728.393, 137
Trd, 4319729.193, 139
Trd, 4319732.843, 140
Trd, 4319733.543, 140
Trd, 4319733.943, 140
Trd, 4319734.493, 140
Trd, 4319735.343, 140
Trd, 4319737.743, 140
Trd, 4319737.893, 140
Trd, 4319738.043, 140
Trd, 4319738.193, 140
Trd, 4319738.343, 140
Trd, 4319738.493, 140
Trd, 4319738.943, 140
Trd, 4319740.493, 140
Trd, 4319740.793, 139
Trd, 4319741.343, 103
Trd, 4319741.393, 102
Trd, 4319742.843, 114
Trd, 4319744.693, 140
Trd, 4319745.143, 140
Trd, 4319746.043, 139
Trd, 4319747.393, 140
Trd, 4319747.493, 139
Trd, 4319748.343, 139
Trd, 4319748.893, 139
Trd, 4319749.293, 86
Trd, 4319751.043, 140
Trd, 4319751.643, 140
Trd, 4319751.893, 140
Trd, 4319751.943, 138
Trd, 4319753.293, 89
Trd, 4319753.493, 139
Trd, 4319755.943, 126
Trd, 4319756.043, 98
Trd, 4319757.843, 140
Trd, 4319757.993, 140
Trd, 4319758.993, 140
Trd, 4319759.243, 140
Trd, 4319760.493, 139
Trd, 4319761.343, 88
Trd, 4319761.543, 89
Trd, 4319762.343, 87
Trd, 4319762.393, 84
Trd, 4319762.493, 89
Trd, 4319762.793, 83
Trd, 4319765.293, 131
Trd, 4319765.393, 130
Trd, 4319766.143, 136
Trd, 4319766.343, 76
Trd, 4319767.143, 77
Trd, 4319767.993, 80
Trd, 4319769.793, 127
Trd, 4319770.943, 132
Trd, 4319772.643, 140
Trd, 4319773.393, 140
Trd, 4319773.743, 140
Trd, 4319774.043, 140
Trd, 4319774.443, 140
Trd, 4319775.293, 140
Trd, 4319775.993, 140
Trd, 4319776.493, 140
Trd, 4319777.393, 140
Trd, 4319777.593, 140
Trd, 4319778.493, 140
Trd, 4319779.243, 66
Trd, 4319779.343, 67
Trd, 4319779.543, 138
Trd, 4319782.143, 114
Trd, 4319783.243, 129
Trd, 4319783.943, 114
Trd, 4319784.393, 126
Trd, 4319784.943, 114
Trd, 4319785.543, 114
Trd, 4319787.643, 113
Trd, 4319788.843, 61
Trd, 4319788.943, 62
Trd, 4319789.093, 63
Trd, 4319789.443, 60
Trd, 4319789.543, 63
Trd, 4319790.493, 128
Trd, 4319791.443, 140
Trd, 4319791.843, 129
Trd, 4319792.043, 128
Trd, 4319792.343, 115
Trd, 4319794.193, 64
Trd, 4319794.793, 60
Trd, 4319795.443, 62
Trd, 4319796.693, 61
Trd, 4319796.843, 62
Trd, 4319797.393, 61
Trd, 4319797.543, 62
Trd, 4319797.943, 61
Trd, 4319799.693, 103
Trd, 4319800.593, 139
Trd, 4319800.893, 104
Trd, 4319801.643, 105
Trd, 4319802.193, 105
Trd, 4319803.893, 131
Trd, 4319804.293, 130
Trd, 4319804.443, 131
Trd, 4319804.543, 127
Trd, 4319806.693, 140
Trd, 4319806.793, 140
Trd, 4319807.943, 140
Trd, 4319808.493, 140
Trd, 4319809.843, 140
Trd, 4319810.243, 140
Trd, 4319810.693, 140
Trd, 4319810.843, 140
Trd, 4319811.043, 122
Trd, 4319811.743, 74
Trd, 4319812.043, 75
Trd, 4319812.943, 75
Trd, 4319813.443, 124
Trd, 4319813.743, 83
Trd, 4319814.993, 124
Trd, 4319815.993, 86
Trd, 4319817.393, 92
Trd, 4319817.493, 98
Trd, 4319817.993, 93
Trd, 4319818.093, 114
Trd, 4319818.793, 93
Trd, 4319819.493, 108
Trd, 4319821.443, 79
Trd, 4319821.743, 79
Trd, 4319822.143, 130
Trd, 4319822.193, 133
Trd, 4319822.293, 80
Trd, 4319823.793, 140
Trd, 4319824.793, 140
Trd, 4319825.293, 140
Trd, 4319825.943, 140
Trd, 4319826.193, 140
Trd, 4319828.593, 140
Trd, 4319829.693, 140
Trd, 4319829.793, 137
Trd, 4319831.093, 140
Trd, 4319832.793, 140
Trd, 4319832.943, 140
Trd, 4319833.393, 140
Trd, 4319834.343, 137
Trd, 4319834.843, 118
Trd, 4319836.093, 122
Trd, 4319837.743, 125
Trd, 4319838.293, 135
Trd, 4319838.643, 140
Trd, 4319838.693, 140
Trd, 4319839.193, 124
Trd, 4319840.093, 140
Trd, 4319840.293, 108
Trd, 4319843.443, 140
Trd, 4319843.843, 140
Trd, 4319844.493, 140
Trd, 4319845.093, 140
Trd, 4319845.843, 140
Trd, 4319847.643, 140
Trd, 4319848.243, 140
Trd, 4319848.443, 140
Trd, 4319850.393, 140
Trd, 4319851.093, 140
Trd, 4319851.543, 140
Trd, 4319852.143, 140
Trd, 4319852.493, 140
Trd, 4319852.943, 139
Trd, 4319853.193, 139
Trd, 4319853.593, 139
Trd, 4319854.793, 138
Trd, 4319856.093, 140
Trd, 4319856.343, 140
Trd, 4319856.743, 123
Trd, 4319859.043, 140
Trd, 4319859.443, 140
Trd, 4319860.193, 140
Trd, 4319860.743, 140
Trd, 4319861.043, 140
Trd, 4319861.243, 140
Trd, 4319861.893, 73
Trd, 4319862.043, 137
Trd, 4319863.593, 112
Trd, 4319864.143, 135
Trd, 4319866.743, 97
Trd, 4319866.893, 95
Trd, 4319866.993, 98
Trd, 4319867.443, 94
Trd, 4319867.493, 99
Trd, 4319867.893, 93
Trd, 4319869.293, 79
Trd, 4319869.693, 120
Trd, 4319870.443, 88
Trd, 4319872.343, 65
Trd, 4319872.643, 64
Trd, 4319873.243, 63
Trd, 4319873.743, 61
Trd, 4319873.943, 61
Trd, 4319874.093, 60
Trd, 4319874.143, 62
Trd, 4319875.543, 74
Trd, 4319875.693, 63
Trd, 4319876.243, 63
Trd, 4319876.993, 63
Trd, 4319877.743, 61
Trd, 4319877.893, 61
Trd, 4319877.943, 62
Trd, 4319878.093, 63
Trd, 4319880.443, 61
Trd, 4319880.743, 64
Trd, 4319881.343, 62
Trd, 4319881.643, 62
Trd, 4319882.643, 60
Trd, 4319883.443, 63
Trd, 4319883.543, 60
Trd, 4319884.293, 61
Trd, 4319884.943, 60
Trd, 4319886.793, 60
Trd, 4319887.193, 60
Trd, 4319889.143, 60
Trd, 4319890.343, 60
Trd, 4319890.843, 60
Trd, 4319891.343, 60
Trd, 4319891.393, 60
Trd, 4319891.543, 61
Trd, 4319891.693, 61
Trd, 4319892.493, 61
Trd, 4319893.243, 60
Trd, 4319894.043, 60
Trd, 4319894.093, 60
Trd, 4319897.743, 60
Trd, 4319897.793, 60
Trd, 4319898.043, 60
Trd, 4319898.093, 60
Trd, 4319898.943, 60
Trd, 4319899.493, 62
Trd, 4319902.793, 60
Trd, 4319903.243, 60
Trd, 4319903.693, 60
Trd, 4319903.743, 60
Trd, 4319903.893, 60
Trd, 4319903.943, 61
Trd, 4319905.193, 60
Trd, 4319905.293, 60
Trd, 4319905.443, 60
Trd, 4319906.043, 60
Trd, 4319906.293, 62
Trd, 4319906.393, 64
Trd, 4319908.393, 140
Trd, 4319908.493, 140
Trd, 4319909.243, 140
Trd, 4319909.993, 140
Trd, 4319910.493, 140
Trd, 4319910.993, 107
Trd, 4319912.193, 139
Trd, 4319913.243, 140
Trd, 4319913.843, 140
Trd, 4319915.393, 140
Trd, 4319915.993, 140
Trd, 4319916.343, 140
Trd, 4319916.743, 140
Trd, 4319916.793, 140
Trd, 4319917.393, 139
Trd, 4319918.243, 97
Trd, 4319918.293, 140
Trd, 4319918.443, 96
Trd, 4319918.993, 94
Trd, 4319921.343, 140
Trd, 4319922.143, 140
Trd, 4319922.293, 140
Trd, 4319922.593, 140
Trd, 4319922.893, 140
Trd, 4319925.993, 140
Trd, 4319927.243, 140
Trd, 4319927.993, 140
Trd, 4319928.643, 140
Trd, 4319928.793, 140
Trd, 4319928.893, 137
Trd, 4319929.143, 136
Trd, 4319929.843, 136
Trd, 4319931.443, 140
Trd, 4319932.243, 140
Trd, 4319933.543, 140
Trd, 4319933.693, 140
Trd, 4319934.043, 140
Trd, 4319934.643, 107
Trd, 4319934.943, 108
Trd, 4319935.743, 130
Trd, 4319936.093, 132
Trd, 4319936.393, 134
Trd, 4319936.593, 137
Trd, 4319937.443, 62
Trd, 4319942.093, 60
Trd, 4319942.443, 60
Trd, 4319942.493, 60
Trd, 4319943.043, 60
Trd, 4319943.443, 61
Trd, 4319944.043, 61
Trd, 4319944.093, 63
Trd, 4319944.343, 64
Trd, 4319944.543, 60
Trd, 4319945.793, 60
Trd, 4319946.243, 60
Trd, 4319947.693, 62
Trd, 4319947.893, 61
Trd, 4319949.043, 67
Trd, 4319949.693, 74
Trd, 4319951.043, 60
Trd, 4319951.793, 60
Trd, 4319952.943, 60
Trd, 4319953.093, 60
Trd, 4319953.943, 60
Trd, 4319955.593, 60
Trd, 4319956.143, 60
Trd, 4319956.343, 60
Trd, 4319956.643, 61
Trd, 4319956.943, 65
Trd, 4319957.143, 61
Trd, 4319957.643, 60
Trd, 4319958.643, 62
Trd, 4319958.793, 65
Trd, 4319960.543, 60
Trd, 4319960.643, 60
Trd, 4319961.843, 60
Trd, 4319962.593, 60
Trd, 4319963.893, 60
Trd, 4319964.893, 60
Trd, 4319965.043, 60
Trd, 4319965.193, 60
Trd, 4319965.943, 60
Trd, 4319966.493, 61
Trd, 4319966.743, 62
Trd, 4319967.393, 62
Trd, 4319968.793, 81
Trd, 4319968.893, 83
Trd, 4319969.343, 60
Trd, 4319972.093, 60
Trd, 4319972.243, 60
Trd, 4319973.093, 65
Trd, 4319973.843, 60
Trd, 4319974.243, 60
Trd, 4319974.743, 60
Trd, 4319975.193, 61
Trd, 4319976.343, 61
Trd, 4319976.543, 63
Trd, 4319977.393, 70
Trd, 4319977.443, 68
Trd, 4319977.843, 127
Trd, 4319977.893, 67
Trd, 4319979.343, 63
Trd, 4319979.843, 62
Trd, 4319980.293, 63
Trd, 4319981.043, 60
Trd, 4319981.193, 61
Trd, 4319982.193, 69
Trd, 4319982.843, 67
Trd, 4319983.493, 68
Trd, 4319984.143, 67
Trd, 4319985.243, 71
Trd, 4319985.343, 72
Trd, 4319985.993, 65
Trd, 4319986.543, 86
Trd, 4319986.793, 68
Trd, 4319987.343, 139
Trd, 4319989.943, 60
Trd, 4319989.993, 60
Trd, 4319990.643, 61
Trd, 4319991.793, 60
Trd, 4319992.043, 60
Trd, 4319993.843, 60
Trd, 4319994.293, 61
Trd, 4319994.693, 61
Trd, 4319994.993, 62
Trd, 4319995.193, 66
Trd, 4319995.343, 62
Trd, 4319995.993, 75
Trd, 4319996.143, 79
Trd, 4319998.843, 60
Trd, 4319998.893, 60
