Trd, 4318182.443, 139
Trd, 4318182.693, 139
Trd, 4318183.193, 140
Trd, 4318183.943, 140
Trd, 4318184.893, 140
Trd, 4318185.443, 140
Trd, 4318186.593, 140
Trd, 4318186.993, 140
Trd, 4318187.193, 139
Trd, 4318187.693, 140
Trd, 4318188.643, 140
Trd, 4318190.143, 139
Trd, 4318190.643, 140
Trd, 4318190.793, 140
Trd, 4318190.843, 140
Trd, 4318191.993, 140
Trd, 4318192.943, 140
Trd, 4318193.293, 140
Trd, 4318193.343, 139
Trd, 4318194.543, 140
Trd, 4318194.843, 140
Trd, 4318195.143, 140
Trd, 4318195.793, 140
Trd, 4318197.093, 140
Trd, 4318197.143, 139
Trd, 4318198.293, 140
Trd, 4318198.343, 139
Trd, 4318199.293, 60
Trd, 4318199.493, 63
Trd, 4318200.293, 69
Trd, 4318200.343, 95
Trd, 4318200.543, 139
Trd, 4318201.143, 65
Trd, 4318201.693, 61
Trd, 4318202.743, 140
Trd, 4318203.293, 61
Trd, 4318203.843, 62
Trd, 4318204.293, 140
Trd, 4318204.343, 140
Trd, 4318204.943, 67
Trd, 4318205.543, 132
Trd, 4318205.943, 135
Trd, 4318206.393, 140
Trd, 4318207.643, 60
Trd, 4318208.893, 60
Trd, 4318209.293, 140
Trd, 4318209.593, 140
Trd, 4318209.793, 139
Trd, 4318210.743, 61
Trd, 4318211.493, 61
Trd, 4318211.743, 66
Trd, 4318211.993, 66
Trd, 4318212.143, 68
Trd, 4318213.193, 61
Trd, 4318213.743, 140
Trd, 4318214.593, 140
Trd, 4318214.843, 140
Trd, 4318215.343, 140
Trd, 4318215.993, 60
Trd, 4318216.543, 75
Trd, 4318217.143, 65
Trd, 4318218.443, 140
Trd, 4318218.643, 110
Trd, 4318219.393, 60
Trd, 4318220.193, 140
Trd, 4318221.193, 140
Trd, 4318221.293, 138
Trd, 4318221.943, 66
Trd, 4318222.193, 60
Trd, 4318222.443, 63
Trd, 4318222.843, 140
Trd, 4318225.093, 140
Trd, 4318225.693, 139
Trd, 4318225.993, 139
Trd, 4318226.193, 138
Trd, 4318227.043, 140
Trd, 4318228.093, 140
Trd, 4318228.743, 139
Trd, 4318229.193, 140
Trd, 4318229.243, 139
Trd, 4318230.443, 140
Trd, 4318230.743, 139
Trd, 4318230.843, 139
Trd, 4318231.393, 138
Trd, 4318231.943, 137
Trd, 4318232.543, 140
Trd, 4318234.193, 140
Trd, 4318234.893, 140
Trd, 4318235.343, 140
Trd, 4318235.893, 140
Trd, 4318235.943, 138
Trd, 4318236.243, 140
Trd, 4318237.143, 140
Trd, 4318237.193, 139
Trd, 4318238.393, 140
Trd, 4318239.343, 139
Trd, 4318239.543, 137
Trd, 4318240.043, 114
Trd, 4318240.643, 84
Trd, 4318241.543, 85
Trd, 4318241.993, 132
Trd, 4318242.493, 138
Trd, 4318243.843, 140
Trd, 4318244.743, 140
Trd, 4318244.843, 140
Trd, 4318244.993, 139
Trd, 4318245.893, 138
Trd, 4318246.493, 139
Trd, 4318246.943, 135
Trd, 4318248.143, 139
Trd, 4318248.743, 140
Trd, 4318249.343, 139
Trd, 4318249.793, 139
Trd, 4318250.143, 86
Trd, 4318250.543, 140
Trd, 4318250.593, 137
Trd, 4318251.793, 140
Trd, 4318252.843, 140
Trd, 4318253.893, 140
Trd, 4318254.093, 138
Trd, 4318255.593, 140
Trd, 4318255.743, 140
Trd, 4318256.593, 140
Trd, 4318256.893, 140
Trd, 4318258.393, 140
Trd, 4318258.493, 140
Trd, 4318259.043, 140
Trd, 4318259.593, 140
Trd, 4318260.743, 140
Trd, 4318261.543, 140
Trd, 4318261.593, 140
Trd, 4318262.493, 140
Trd, 4318263.193, 139
Trd, 4318264.143, 140
Trd, 4318264.943, 140
Trd, 4318265.043, 137
Trd, 4318265.943, 140
Trd, 4318266.143, 140
Trd, 4318266.243, 139
Trd, 4318266.543, 140
Trd, 4318266.993, 63
Trd, 4318269.393, 140
Trd, 4318269.993, 140
Trd, 4318270.743, 140
Trd, 4318270.793, 140
Trd, 4318270.893, 138
Trd, 4318271.093, 136
Trd, 4318271.443, 140
Trd, 4318272.393, 140
Trd, 4318273.293, 139
Trd, 4318274.843, 140
Trd, 4318275.393, 140
Trd, 4318276.543, 140
Trd, 4318276.793, 140
Trd, 4318277.343, 140
Trd, 4318278.393, 139
Trd, 4318278.893, 140
Trd, 4318278.943, 138
Trd, 4318279.443, 140
Trd, 4318280.193, 140
Trd, 4318280.893, 140
Trd, 4318280.943, 139
Trd, 4318282.693, 140
Trd, 4318283.543, 140
Trd, 4318283.743, 140
Trd, 4318284.093, 139
Trd, 4318284.693, 136
Trd, 4318285.293, 140
Trd, 4318285.543, 140
Trd, 4318285.993, 133
Trd, 4318287.043, 140
Trd, 4318287.593, 140
Trd, 4318287.743, 139
Trd, 4318287.943, 139
Trd, 4318288.593, 140
Trd, 4318288.693, 140
Trd, 4318289.543, 64
Trd, 4318290.243, 68
Trd, 4318291.693, 140
Trd, 4318292.143, 140
Trd, 4318292.243, 140
Trd, 4318292.743, 140
Trd, 4318293.543, 139
Trd, 4318294.443, 140
Trd, 4318295.093, 140
Trd, 4318296.093, 140
Trd, 4318296.393, 140
Trd, 4318297.243, 135
Trd, 4318297.443, 114
Trd, 4318297.793, 137
Trd, 4318298.093, 138
Trd, 4318298.993, 140
Trd, 4318299.693, 139
Trd, 4318299.793, 139
Trd, 4318299.943, 135
Trd, 4318302.893, 140
Trd, 4318303.143, 139
Trd, 4318303.943, 140
Trd, 4318304.093, 139
Trd, 4318305.443, 140
Trd, 4318305.793, 140
Trd, 4318307.293, 140
Trd, 4318307.593, 139
Trd, 4318307.793, 138
Trd, 4318308.493, 138
Trd, 4318308.543, 137
Trd, 4318309.193, 140
Trd, 4318310.393, 140
Trd, 4318311.193, 139
Trd, 4318312.143, 140
Trd, 4318312.343, 140
Trd, 4318312.543, 140
Trd, 4318313.143, 139
Trd, 4318313.393, 140
Trd, 4318314.093, 139
Trd, 4318314.143, 137
Trd, 4318314.593, 137
Trd, 4318316.343, 140
Trd, 4318316.543, 140
Trd, 4318317.043, 139
Trd, 4318317.843, 140
Trd, 4318318.943, 140
Trd, 4318319.143, 140
Trd, 4318319.543, 140
Trd, 4318320.043, 139
Trd, 4318320.993, 140
Trd, 4318321.393, 140
Trd, 4318321.593, 138
Trd, 4318322.843, 140
Trd, 4318324.093, 140
Trd, 4318324.893, 140
Trd, 4318325.043, 140
Trd, 4318326.143, 140
Trd, 4318327.193, 140
Trd, 4318327.693, 139
Trd, 4318327.793, 139
Trd, 4318327.993, 140
Trd, 4318328.443, 139
Trd, 4318328.693, 140
Trd, 4318328.993, 139
Trd, 4318329.643, 114
Trd, 4318330.143, 138
Trd, 4318330.843, 140
Trd, 4318331.393, 140
Trd, 4318331.593, 140
Trd, 4318332.093, 140
Trd, 4318332.893, 140
Trd, 4318333.943, 70
Trd, 4318334.643, 139
Trd, 4318334.943, 108
Trd, 4318335.443, 98
Trd, 4318335.843, 140
Trd, 4318336.743, 139
Trd, 4318337.543, 138
Trd, 4318337.943, 138
Trd, 4318338.043, 137
Trd, 4318339.893, 140
Trd, 4318340.543, 140
Trd, 4318341.093, 140
Trd, 4318341.443, 140
Trd, 4318342.343, 140
Trd, 4318342.543, 139
Trd, 4318343.143, 139
Trd, 4318343.543, 137
Trd, 4318344.443, 140
Trd, 4318346.043, 140
Trd, 4318346.143, 140
Trd, 4318347.493, 140
Trd, 4318348.243, 140
Trd, 4318349.293, 140
Trd, 4318349.643, 140
Trd, 4318350.343, 139
Trd, 4318350.693, 140
Trd, 4318351.743, 140
Trd, 4318352.843, 140
Trd, 4318352.893, 140
Trd, 4318352.993, 140
Trd, 4318354.093, 140
Trd, 4318354.293, 140
Trd, 4318355.243, 139
Trd, 4318356.993, 140
Trd, 4318357.143, 140
Trd, 4318358.593, 140
Trd, 4318359.243, 140
Trd, 4318359.493, 140
Trd, 4318359.893, 140
Trd, 4318360.243, 140
Trd, 4318360.893, 140
Trd, 4318361.443, 140
Trd, 4318362.243, 140
Trd, 4318363.143, 139
Trd, 4318363.443, 140
Trd, 4318363.893, 140
Trd, 4318365.493, 140
Trd, 4318365.543, 140
Trd, 4318365.693, 139
Trd, 4318367.243, 140
Trd, 4318367.743, 140
Trd, 4318367.893, 140
Trd, 4318368.443, 139
Trd, 4318370.543, 140
Trd, 4318370.743, 140
Trd, 4318370.893, 140
Trd, 4318371.043, 139
Trd, 4318371.793, 140
Trd, 4318372.743, 140
Trd, 4318373.043, 140
Trd, 4318373.693, 140
Trd, 4318374.493, 140
Trd, 4318375.093, 139
Trd, 4318376.093, 140
Trd, 4318376.243, 140
Trd, 4318376.493, 139
Trd, 4318376.843, 139
Trd, 4318377.293, 140
Trd, 4318378.743, 138
Trd, 4318379.093, 140
Trd, 4318379.643, 140
Trd, 4318380.343, 139
Trd, 4318380.493, 135
Trd, 4318381.543, 140
Trd, 4318381.693, 139
Trd, 4318382.093, 140
Trd, 4318383.293, 140
Trd, 4318384.093, 140
Trd, 4318384.143, 139
Trd, 4318384.543, 139
Trd, 4318384.843, 139
Trd, 4318385.943, 139
Trd, 4318386.443, 138
Trd, 4318387.593, 140
Trd, 4318387.943, 139
Trd, 4318388.293, 136
Trd, 4318388.593, 67
Trd, 4318389.093, 64
Trd, 4318389.343, 138
Trd, 4318390.243, 65
Trd, 4318391.143, 140
Trd, 4318391.843, 140
Trd, 4318392.343, 139
Trd, 4318392.793, 139
Trd, 4318393.193, 139
Trd, 4318393.393, 75
Trd, 4318394.293, 140
Trd, 4318394.443, 140
Trd, 4318395.243, 140
Trd, 4318395.293, 140
Trd, 4318397.293, 140
Trd, 4318397.393, 140
Trd, 4318398.043, 140
Trd, 4318398.293, 140
Trd, 4318398.343, 139
Trd, 4318398.843, 140
Trd, 4318400.643, 140
Trd, 4318401.243, 139
Trd, 4318401.543, 137
Trd, 4318402.493, 140
Trd, 4318403.843, 140
Trd, 4318405.143, 140
Trd, 4318405.693, 140
Trd, 4318405.793, 140
Trd, 4318405.943, 140
Trd, 4318406.043, 139
Trd, 4318406.343, 138
Trd, 4318407.993, 140
Trd, 4318408.643, 140
Trd, 4318408.843, 138
Trd, 4318408.893, 88
Trd, 4318410.093, 140
Trd, 4318410.493, 140
Trd, 4318410.743, 137
Trd, 4318410.993, 138
Trd, 4318412.343, 140
Trd, 4318413.293, 140
Trd, 4318414.343, 138
Trd, 4318415.143, 140
Trd, 4318415.543, 139
Trd, 4318416.043, 139
Trd, 4318417.393, 140
Trd, 4318417.693, 139
Trd, 4318418.343, 139
Trd, 4318418.743, 137
Trd, 4318419.593, 60
Trd, 4318419.843, 66
Trd, 4318419.943, 67
Trd, 4318420.193, 63
Trd, 4318421.393, 140
Trd, 4318421.743, 140
Trd, 4318422.743, 140
Trd, 4318423.643, 140
Trd, 4318424.593, 140
Trd, 4318425.193, 140
Trd, 4318425.643, 139
Trd, 4318427.293, 140
Trd, 4318427.643, 137
Trd, 4318428.193, 140
Trd, 4318428.293, 140
Trd, 4318428.593, 138
Trd, 4318429.043, 140
Trd, 4318430.093, 139
Trd, 4318430.193, 139
Trd, 4318431.343, 140
Trd, 4318432.093, 140
Trd, 4318432.343, 140
Trd, 4318432.893, 138
Trd, 4318434.243, 140
Trd, 4318434.443, 140
Trd, 4318434.893, 140
Trd, 4318435.993, 140
Trd, 4318436.043, 140
Trd, 4318437.093, 140
Trd, 4318438.643, 140
Trd, 4318438.993, 140
Trd, 4318439.493, 140
Trd, 4318439.543, 140
Trd, 4318439.943, 140
Trd, 4318440.643, 140
Trd, 4318440.793, 140
Trd, 4318441.193, 136
Trd, 4318441.243, 120
Trd, 4318443.293, 140
Trd, 4318444.343, 140
Trd, 4318444.393, 140
Trd, 4318444.443, 139
Trd, 4318444.543, 138
Trd, 4318445.293, 140
Trd, 4318445.693, 139
Trd, 4318446.593, 140
Trd, 4318446.793, 140
Trd, 4318447.143, 139
Trd, 4318448.493, 60
Trd, 4318449.843, 140
Trd, 4318450.293, 140
Trd, 4318450.393, 136
Trd, 4318451.193, 122
Trd, 4318451.393, 140
Trd, 4318451.743, 62
Trd, 4318452.543, 62
Trd, 4318453.393, 140
Trd, 4318453.443, 140
Trd, 4318453.843, 140
Trd, 4318454.793, 140
Trd, 4318455.293, 140
Trd, 4318455.343, 138
Trd, 4318456.793, 137
Trd, 4318458.243, 140
Trd, 4318458.593, 139
Trd, 4318459.043, 138
Trd, 4318459.293, 138
Trd, 4318459.493, 138
Trd, 4318460.143, 138
Trd, 4318461.093, 140
Trd, 4318461.243, 140
Trd, 4318462.193, 140
Trd, 4318462.943, 140
Trd, 4318463.243, 139
Trd, 4318466.143, 140
Trd, 4318466.193, 140
Trd, 4318466.343, 140
Trd, 4318467.093, 138
Trd, 4318467.243, 138
Trd, 4318468.043, 139
Trd, 4318468.543, 83
Trd, 4318469.043, 63
Trd, 4318469.943, 139
Trd, 4318470.693, 139
Trd, 4318471.043, 140
Trd, 4318471.593, 140
Trd, 4318473.193, 140
Trd, 4318473.493, 140
Trd, 4318474.193, 140
Trd, 4318475.393, 140
Trd, 4318475.593, 140
Trd, 4318476.243, 140
Trd, 4318476.543, 140
Trd, 4318476.843, 60
Trd, 4318477.193, 140
Trd, 4318478.343, 139
Trd, 4318478.543, 122
Trd, 4318480.043, 140
Trd, 4318480.193, 140
Trd, 4318480.443, 140
Trd, 4318481.543, 140
Trd, 4318481.693, 140
Trd, 4318482.643, 140
Trd, 4318483.143, 140
Trd, 4318484.543, 140
Trd, 4318484.893, 140
Trd, 4318484.993, 140
Trd, 4318487.143, 140
Trd, 4318488.543, 140
Trd, 4318488.993, 140
Trd, 4318489.793, 140
Trd, 4318490.193, 140
Trd, 4318490.643, 139
Trd, 4318492.493, 140
Trd, 4318493.993, 140
Trd, 4318494.143, 140
Trd, 4318495.593, 140
Trd, 4318495.893, 140
Trd, 4318496.193, 140
Trd, 4318496.493, 140
Trd, 4318497.393, 140
Trd, 4318497.493, 140
Trd, 4318498.793, 140
Trd, 4318498.943, 140
Trd, 4318500.293, 140
Trd, 4318501.943, 140
Trd, 4318503.243, 139
Trd, 4318503.343, 138
Trd, 4318503.493, 139
Trd, 4318503.643, 128
Trd, 4318504.893, 140
Trd, 4318505.543, 140
Trd, 4318507.143, 140
Trd, 4318507.393, 140
Trd, 4318508.193, 140
Trd, 4318508.443, 140
Trd, 4318508.643, 140
Trd, 4318509.643, 60
Trd, 4318509.693, 63
Trd, 4318510.193, 64
Trd, 4318510.843, 140
Trd, 4318511.293, 140
Trd, 4318512.893, 140
Trd, 4318512.943, 140
Trd, 4318513.643, 139
Trd, 4318514.493, 140
Trd, 4318514.643, 140
Trd, 4318515.493, 140
Trd, 4318516.643, 140
Trd, 4318517.043, 139
Trd, 4318517.543, 140
Trd, 4318518.243, 139
Trd, 4318518.793, 140
Trd, 4318518.843, 140
Trd, 4318519.143, 139
Trd, 4318519.743, 140
Trd, 4318520.393, 139
Trd, 4318520.493, 78
Trd, 4318521.493, 140
Trd, 4318522.043, 139
Trd, 4318522.543, 136
Trd, 4318523.643, 139
Trd, 4318524.143, 140
Trd, 4318524.693, 140
Trd, 4318525.593, 127
Trd, 4318525.793, 139
Trd, 4318526.993, 139
Trd, 4318527.443, 137
Trd, 4318528.593, 139
Trd, 4318529.243, 140
Trd, 4318530.343, 140
Trd, 4318530.693, 140
Trd, 4318531.343, 140
Trd, 4318531.643, 137
Trd, 4318533.493, 140
Trd, 4318533.543, 140
Trd, 4318533.743, 140
Trd, 4318534.043, 137
Trd, 4318534.743, 140
Trd, 4318535.743, 93
Trd, 4318536.243, 140
Trd, 4318536.643, 140
Trd, 4318536.843, 139
Trd, 4318537.543, 140
Trd, 4318538.343, 136
Trd, 4318538.593, 138
Trd, 4318539.843, 140
Trd, 4318541.643, 140
Trd, 4318541.993, 140
Trd, 4318542.593, 140
Trd, 4318543.043, 140
Trd, 4318544.243, 140
Trd, 4318544.793, 140
Trd, 4318545.093, 132
Trd, 4318545.243, 119
Trd, 4318546.693, 140
Trd, 4318547.093, 140
Trd, 4318547.243, 140
Trd, 4318547.943, 140
Trd, 4318548.293, 61
Trd, 4318549.043, 140
Trd, 4318549.143, 80
Trd, 4318550.943, 139
Trd, 4318551.943, 140
Trd, 4318552.193, 140
Trd, 4318553.243, 140
Trd, 4318553.393, 140
Trd, 4318553.543, 140
Trd, 4318553.743, 71
Trd, 4318554.293, 60
Trd, 4318554.343, 60
Trd, 4318555.793, 64
Trd, 4318555.843, 66
Trd, 4318557.093, 140
Trd, 4318557.193, 140
Trd, 4318557.393, 140
Trd, 4318557.643, 140
Trd, 4318558.293, 139
Trd, 4318558.843, 140
Trd, 4318560.343, 140
Trd, 4318561.743, 140
Trd, 4318562.543, 139
Trd, 4318563.593, 140
Trd, 4318563.793, 140
Trd, 4318563.843, 140
Trd, 4318564.493, 85
Trd, 4318564.743, 64
Trd, 4318565.643, 140
Trd, 4318566.743, 140
Trd, 4318567.093, 139
Trd, 4318567.343, 139
Trd, 4318569.393, 60
Trd, 4318569.543, 61
Trd, 4318569.843, 65
Trd, 4318570.093, 65
Trd, 4318571.093, 139
Trd, 4318572.493, 140
Trd, 4318572.543, 140
Trd, 4318572.793, 137
Trd, 4318573.393, 139
Trd, 4318573.543, 136
Trd, 4318573.893, 139
Trd, 4318575.093, 64
Trd, 4318575.293, 70
Trd, 4318575.643, 108
Trd, 4318576.493, 140
Trd, 4318576.693, 140
Trd, 4318577.743, 139
Trd, 4318578.293, 138
Trd, 4318578.443, 137
Trd, 4318579.143, 140
Trd, 4318579.693, 61
Trd, 4318580.043, 137
Trd, 4318581.243, 62
Trd, 4318581.293, 70
Trd, 4318582.493, 74
Trd, 4318582.943, 62
Trd, 4318583.043, 78
Trd, 4318584.243, 63
Trd, 4318584.493, 67
Trd, 4318585.543, 66
Trd, 4318586.693, 65
Trd, 4318587.043, 67
Trd, 4318587.643, 69
Trd, 4318587.993, 80
Trd, 4318588.093, 138
Trd, 4318588.693, 140
Trd, 4318588.793, 81
Trd, 4318590.393, 140
Trd, 4318590.593, 139
Trd, 4318590.743, 139
Trd, 4318591.193, 138
Trd, 4318592.993, 89
Trd, 4318593.543, 67
Trd, 4318593.593, 70
Trd, 4318593.893, 139
Trd, 4318595.643, 140
Trd, 4318595.793, 140
Trd, 4318596.443, 140
Trd, 4318597.543, 140
Trd, 4318597.643, 140
Trd, 4318599.143, 140
Trd, 4318599.293, 139
Trd, 4318599.743, 138
Trd, 4318599.793, 137
Trd, 4318599.893, 135
Trd, 4318601.743, 139
Trd, 4318602.043, 140
Trd, 4318602.493, 140
Trd, 4318603.043, 140
Trd, 4318603.593, 139
Trd, 4318603.793, 135
Trd, 4318604.393, 110
Trd, 4318606.193, 140
Trd, 4318606.893, 140
Trd, 4318607.243, 140
Trd, 4318607.593, 140
Trd, 4318607.993, 140
Trd, 4318608.043, 139
Trd, 4318609.093, 140
Trd, 4318610.093, 72
Trd, 4318610.693, 69
Trd, 4318611.893, 140
Trd, 4318612.093, 140
Trd, 4318612.343, 140
Trd, 4318612.493, 139
Trd, 4318613.243, 140
Trd, 4318613.543, 75
Trd, 4318614.993, 140
Trd, 4318615.193, 140
Trd, 4318616.043, 140
Trd, 4318618.343, 140
Trd, 4318618.643, 140
Trd, 4318619.743, 140
Trd, 4318619.893, 140
Trd, 4318620.793, 140
Trd, 4318620.893, 140
Trd, 4318622.093, 140
Trd, 4318622.393, 139
Trd, 4318623.143, 140
Trd, 4318623.993, 140
Trd, 4318624.943, 140
Trd, 4318625.693, 140
Trd, 4318626.443, 140
Trd, 4318626.543, 139
Trd, 4318627.793, 140
Trd, 4318627.943, 63
Trd, 4318628.193, 138
Trd, 4318629.393, 140
Trd, 4318629.693, 140
Trd, 4318630.543, 140
Trd, 4318630.693, 139
Trd, 4318631.143, 137
Trd, 4318631.693, 64
Trd, 4318632.743, 140
Trd, 4318632.993, 140
Trd, 4318634.643, 139
Trd, 4318635.893, 140
Trd, 4318636.043, 140
Trd, 4318636.743, 140
Trd, 4318637.043, 140
Trd, 4318637.743, 140
Trd, 4318638.493, 140
Trd, 4318639.093, 140
Trd, 4318639.343, 140
Trd, 4318640.493, 140
Trd, 4318640.543, 140
Trd, 4318640.693, 139
Trd, 4318641.393, 140
Trd, 4318642.043, 138
Trd, 4318643.893, 140
Trd, 4318644.993, 140
Trd, 4318645.293, 140
Trd, 4318645.493, 140
Trd, 4318645.593, 138
Trd, 4318646.093, 138
Trd, 4318646.543, 140
Trd, 4318647.393, 139
Trd, 4318648.043, 66
Trd, 4318648.343, 140
Trd, 4318649.143, 140
Trd, 4318649.243, 140
Trd, 4318650.393, 140
Trd, 4318652.543, 140
Trd, 4318653.593, 140
Trd, 4318653.793, 140
Trd, 4318654.393, 140
Trd, 4318654.843, 139
Trd, 4318655.143, 138
Trd, 4318655.493, 140
Trd, 4318656.143, 140
Trd, 4318657.343, 140
Trd, 4318657.943, 140
Trd, 4318658.293, 140
Trd, 4318658.643, 140
Trd, 4318658.943, 140
Trd, 4318659.843, 140
Trd, 4318660.243, 140
Trd, 4318661.443, 140
Trd, 4318661.743, 139
Trd, 4318661.793, 138
Trd, 4318663.243, 140
Trd, 4318663.443, 140
Trd, 4318664.543, 140
Trd, 4318664.643, 139
Trd, 4318665.193, 140
Trd, 4318666.043, 140
Trd, 4318666.943, 140
Trd, 4318667.743, 140
Trd, 4318667.893, 140
Trd, 4318668.393, 140
Trd, 4318669.343, 139
Trd, 4318669.393, 139
Trd, 4318669.743, 139
Trd, 4318669.893, 139
Trd, 4318671.193, 140
Trd, 4318671.693, 139
Trd, 4318673.443, 140
Trd, 4318673.943, 140
Trd, 4318674.393, 140
Trd, 4318674.493, 139
Trd, 4318675.493, 140
Trd, 4318675.993, 140
Trd, 4318677.093, 139
Trd, 4318677.493, 140
Trd, 4318678.493, 140
Trd, 4318679.193, 140
Trd, 4318680.193, 140
Trd, 4318681.093, 140
Trd, 4318682.193, 140
Trd, 4318683.643, 140
Trd, 4318683.793, 140
Trd, 4318683.893, 139
Trd, 4318684.743, 140
Trd, 4318684.943, 140
Trd, 4318685.793, 140
Trd, 4318686.393, 140
Trd, 4318687.193, 140
Trd, 4318687.993, 140
Trd, 4318688.193, 135
Trd, 4318688.593, 62
Trd, 4318689.193, 60
Trd, 4318689.243, 63
Trd, 4318689.643, 140
Trd, 4318690.393, 140
Trd, 4318691.293, 139
Trd, 4318691.743, 140
Trd, 4318692.543, 139
Trd, 4318692.843, 138
Trd, 4318693.493, 63
Trd, 4318693.993, 97
Trd, 4318694.893, 140
Trd, 4318695.243, 138
Trd, 4318695.943, 136
Trd, 4318696.793, 140
Trd, 4318697.543, 119
Trd, 4318698.843, 140
Trd, 4318699.693, 140
Trd, 4318700.293, 140
Trd, 4318700.743, 138
Trd, 4318700.993, 140
Trd, 4318701.343, 138
Trd, 4318702.193, 140
Trd, 4318702.593, 108
Trd, 4318703.293, 133
Trd, 4318703.893, 66
Trd, 4318704.243, 139
Trd, 4318705.193, 140
Trd, 4318705.243, 139
Trd, 4318705.943, 140
Trd, 4318706.193, 140
Trd, 4318707.493, 140
Trd, 4318708.243, 140
Trd, 4318708.693, 140
Trd, 4318710.193, 140
Trd, 4318710.243, 140
Trd, 4318711.893, 140
Trd, 4318711.943, 140
Trd, 4318712.193, 139
Trd, 4318712.743, 140
Trd, 4318713.093, 140
Trd, 4318714.043, 140
Trd, 4318714.793, 140
Trd, 4318714.893, 139
Trd, 4318715.593, 140
Trd, 4318715.793, 137
Trd, 4318717.593, 140
Trd, 4318717.643, 140
Trd, 4318717.993, 139
Trd, 4318718.743, 140
Trd, 4318719.743, 140
Trd, 4318719.843, 140
Trd, 4318720.093, 140
Trd, 4318721.343, 139
Trd, 4318722.043, 139
Trd, 4318722.843, 140
Trd, 4318723.343, 140
Trd, 4318723.943, 140
Trd, 4318724.243, 118
Trd, 4318725.293, 140
Trd, 4318726.193, 140
Trd, 4318726.393, 140
Trd, 4318727.893, 140
Trd, 4318729.093, 140
Trd, 4318729.493, 140
Trd, 4318730.443, 140
Trd, 4318731.693, 140
Trd, 4318731.893, 139
Trd, 4318732.043, 139
Trd, 4318732.193, 140
Trd, 4318732.793, 63
Trd, 4318732.843, 110
Trd, 4318734.193, 60
Trd, 4318734.443, 110
Trd, 4318735.293, 140
Trd, 4318735.843, 140
Trd, 4318736.093, 138
Trd, 4318736.943, 67
Trd, 4318737.193, 107
Trd, 4318738.043, 61
Trd, 4318738.893, 64
Trd, 4318739.093, 71
Trd, 4318739.293, 140
Trd, 4318740.443, 62
Trd, 4318740.893, 60
Trd, 4318741.193, 60
Trd, 4318741.993, 140
Trd, 4318742.443, 140
Trd, 4318743.293, 140
Trd, 4318743.543, 140
Trd, 4318744.243, 140
Trd, 4318744.993, 140
Trd, 4318745.193, 140
Trd, 4318745.293, 140
Trd, 4318746.793, 60
Trd, 4318747.443, 60
Trd, 4318747.693, 60
Trd, 4318748.293, 60
Trd, 4318748.593, 60
Trd, 4318749.043, 60
Trd, 4318749.493, 61
Trd, 4318750.393, 61
Trd, 4318751.893, 61
Trd, 4318752.493, 60
Trd, 4318752.593, 61
Trd, 4318753.343, 66
Trd, 4318753.543, 67
Trd, 4318753.793, 65
Trd, 4318754.993, 60
Trd, 4318755.943, 63
Trd, 4318755.993, 67
Trd, 4318756.543, 134
Trd, 4318757.343, 137
Trd, 4318758.643, 140
Trd, 4318759.443, 140
Trd, 4318759.643, 140
Trd, 4318760.043, 140
Trd, 4318761.643, 140
Trd, 4318762.193, 140
Trd, 4318762.543, 140
Trd, 4318764.143, 140
Trd, 4318764.493, 140
Trd, 4318764.543, 140
Trd, 4318764.593, 140
Trd, 4318765.243, 140
Trd, 4318766.693, 140
Trd, 4318767.243, 139
Trd, 4318768.043, 139
Trd, 4318768.893, 140
Trd, 4318769.193, 139
Trd, 4318769.743, 138
Trd, 4318770.443, 60
Trd, 4318770.993, 61
Trd, 4318771.243, 71
Trd, 4318772.193, 140
Trd, 4318773.143, 63
Trd, 4318773.443, 140
Trd, 4318774.743, 140
Trd, 4318774.993, 140
Trd, 4318775.343, 139
Trd, 4318776.243, 140
Trd, 4318777.193, 140
Trd, 4318777.893, 140
Trd, 4318777.943, 139
Trd, 4318778.043, 139
Trd, 4318778.743, 140
Trd, 4318778.843, 140
Trd, 4318779.693, 83
Trd, 4318780.593, 140
Trd, 4318780.843, 71
Trd, 4318781.943, 140
Trd, 4318783.243, 140
Trd, 4318783.543, 138
Trd, 4318784.843, 140
Trd, 4318786.793, 140
Trd, 4318787.243, 140
Trd, 4318787.593, 140
Trd, 4318788.593, 140
Trd, 4318788.993, 140
Trd, 4318789.693, 140
Trd, 4318789.843, 139
Trd, 4318791.793, 140
Trd, 4318792.093, 140
Trd, 4318792.193, 139
Trd, 4318793.243, 139
Trd, 4318793.993, 140
Trd, 4318794.193, 140
Trd, 4318794.343, 140
Trd, 4318795.443, 140
Trd, 4318796.243, 140
Trd, 4318796.543, 139
Trd, 4318796.893, 140
Trd, 4318797.893, 137
Trd, 4318798.293, 64
Trd, 4318798.393, 65
Trd, 4318799.143, 139
Trd, 4318800.993, 140
Trd, 4318801.243, 140
Trd, 4318801.343, 140
Trd, 4318802.343, 140
Trd, 4318802.543, 140
Trd, 4318803.543, 140
Trd, 4318804.293, 140
Trd, 4318804.793, 140
Trd, 4318805.343, 89
Trd, 4318805.893, 61
Trd, 4318806.193, 140
Trd, 4318807.343, 140
Trd, 4318807.443, 140
Trd, 4318809.293, 140
Trd, 4318810.043, 140
Trd, 4318810.643, 140
Trd, 4318811.193, 140
Trd, 4318812.143, 140
Trd, 4318812.543, 140
Trd, 4318813.243, 139
Trd, 4318814.193, 140
Trd, 4318814.293, 140
Trd, 4318815.693, 140
Trd, 4318816.243, 140
Trd, 4318816.593, 139
Trd, 4318816.843, 139
Trd, 4318817.843, 133
Trd, 4318818.293, 61
Trd, 4318819.293, 140
Trd, 4318819.443, 140
Trd, 4318819.593, 139
Trd, 4318820.543, 139
Trd, 4318820.893, 72
Trd, 4318821.143, 63
Trd, 4318822.843, 140
Trd, 4318823.043, 140
Trd, 4318824.343, 140
Trd, 4318824.593, 140
Trd, 4318824.743, 140
Trd, 4318825.243, 139
Trd, 4318828.243, 140
Trd, 4318829.193, 140
Trd, 4318829.543, 137
Trd, 4318830.343, 137
Trd, 4318830.693, 136
Trd, 4318831.893, 60
Trd, 4318831.943, 62
Trd, 4318832.293, 62
Trd, 4318833.643, 140
Trd, 4318833.793, 139
Trd, 4318834.243, 133
Trd, 4318834.443, 138
Trd, 4318835.243, 140
Trd, 4318835.943, 140
Trd, 4318836.143, 139
Trd, 4318836.793, 140
Trd, 4318837.493, 140
Trd, 4318837.993, 106
Trd, 4318838.943, 125
Trd, 4318839.593, 138
Trd, 4318840.143, 140
Trd, 4318840.793, 138
Trd, 4318842.043, 140
Trd, 4318842.293, 139
Trd, 4318842.543, 140
Trd, 4318843.093, 139
Trd, 4318843.643, 140
Trd, 4318843.693, 87
Trd, 4318844.093, 137
Trd, 4318844.843, 140
Trd, 4318845.143, 68
Trd, 4318845.593, 102
Trd, 4318846.643, 61
Trd, 4318846.793, 61
Trd, 4318848.193, 140
Trd, 4318848.893, 64
Trd, 4318849.093, 67
Trd, 4318849.943, 61
Trd, 4318850.893, 66
Trd, 4318851.293, 65
Trd, 4318852.843, 60
Trd, 4318853.193, 61
Trd, 4318853.493, 60
Trd, 4318853.743, 61
Trd, 4318854.393, 62
Trd, 4318854.943, 94
Trd, 4318855.143, 140
Trd, 4318855.693, 138
Trd, 4318856.443, 137
Trd, 4318856.893, 96
Trd, 4318857.293, 139
Trd, 4318857.443, 78
Trd, 4318858.693, 60
Trd, 4318858.943, 61
Trd, 4318859.193, 61
Trd, 4318859.243, 99
Trd, 4318860.793, 137
Trd, 4318862.043, 63
Trd, 4318862.443, 140
Trd, 4318862.793, 140
Trd, 4318863.293, 62
Trd, 4318863.843, 140
Trd, 4318865.243, 60
Trd, 4318866.093, 140
Trd, 4318866.243, 139
Trd, 4318866.593, 139
Trd, 4318868.493, 139
Trd, 4318868.543, 139
Trd, 4318868.893, 61
Trd, 4318870.093, 140
Trd, 4318870.493, 138
Trd, 4318870.543, 135
Trd, 4318870.843, 138
Trd, 4318871.843, 140
Trd, 4318872.093, 140
Trd, 4318874.043, 140
Trd, 4318874.093, 138
Trd, 4318875.243, 140
Trd, 4318875.693, 140
Trd, 4318876.443, 60
Trd, 4318876.893, 61
Trd, 4318876.993, 61
Trd, 4318877.243, 61
Trd, 4318877.893, 66
Trd, 4318878.193, 60
Trd, 4318878.443, 92
Trd, 4318879.493, 139
Trd, 4318880.743, 77
Trd, 4318880.793, 134
Trd, 4318881.643, 73
Trd, 4318882.793, 60
Trd, 4318883.443, 60
Trd, 4318884.243, 140
Trd, 4318884.893, 140
Trd, 4318884.943, 140
Trd, 4318885.043, 136
Trd, 4318886.093, 140
Trd, 4318887.093, 140
Trd, 4318888.993, 140
Trd, 4318889.193, 140
Trd, 4318889.793, 140
Trd, 4318889.843, 140
Trd, 4318890.693, 139
Trd, 4318890.843, 138
Trd, 4318891.993, 139
Trd, 4318892.293, 139
Trd, 4318893.443, 62
Trd, 4318893.843, 140
Trd, 4318894.093, 140
Trd, 4318896.193, 140
Trd, 4318896.643, 140
Trd, 4318897.943, 140
Trd, 4318898.143, 140
Trd, 4318898.343, 139
Trd, 4318898.643, 140
Trd, 4318898.943, 138
Trd, 4318900.143, 140
Trd, 4318900.243, 138
Trd, 4318900.843, 62
Trd, 4318903.243, 140
Trd, 4318903.293, 140
Trd, 4318904.793, 140
Trd, 4318905.193, 140
Trd, 4318906.543, 140
Trd, 4318907.793, 140
Trd, 4318907.893, 139
Trd, 4318907.943, 138
Trd, 4318908.043, 138
Trd, 4318910.143, 140
Trd, 4318911.143, 140
Trd, 4318912.693, 140
Trd, 4318913.093, 140
Trd, 4318913.643, 140
Trd, 4318914.093, 140
Trd, 4318914.243, 139
Trd, 4318914.443, 139
Trd, 4318915.093, 140
Trd, 4318915.593, 139
Trd, 4318916.593, 140
Trd, 4318917.243, 139
Trd, 4318919.143, 139
Trd, 4318919.193, 139
Trd, 4318919.393, 139
Trd, 4318919.593, 135
Trd, 4318919.643, 75
Trd, 4318920.743, 67
Trd, 4318920.843, 68
Trd, 4318921.643, 140
Trd, 4318923.093, 140
Trd, 4318923.143, 140
Trd, 4318923.643, 140
Trd, 4318923.993, 139
Trd, 4318924.193, 138
Trd, 4318925.893, 140
Trd, 4318926.243, 140
Trd, 4318926.793, 140
Trd, 4318926.943, 140
Trd, 4318927.543, 139
Trd, 4318927.943, 139
Trd, 4318928.493, 140
Trd, 4318928.543, 139
Trd, 4318929.793, 140
Trd, 4318930.993, 140
Trd, 4318931.243, 140
Trd, 4318931.693, 139
Trd, 4318932.143, 140
Trd, 4318932.293, 139
Trd, 4318932.893, 140
Trd, 4318933.893, 140
Trd, 4318934.793, 139
Trd, 4318935.543, 140
Trd, 4318935.643, 140
Trd, 4318937.093, 140
Trd, 4318938.393, 140
Trd, 4318938.993, 140
Trd, 4318939.143, 140
Trd, 4318939.743, 140
Trd, 4318940.093, 140
Trd, 4318940.543, 140
Trd, 4318941.193, 139
Trd, 4318941.443, 138
Trd, 4318942.693, 140
Trd, 4318942.743, 139
Trd, 4318944.093, 140
Trd, 4318944.293, 140
Trd, 4318945.443, 140
Trd, 4318945.543, 140
Trd, 4318946.193, 140
Trd, 4318946.793, 140
Trd, 4318947.793, 138
Trd, 4318948.193, 119
Trd, 4318948.493, 86
Trd, 4318948.793, 62
Trd, 4318951.193, 140
Trd, 4318951.343, 140
Trd, 4318952.093, 140
Trd, 4318952.543, 140
Trd, 4318952.893, 140
Trd, 4318954.543, 140
Trd, 4318954.643, 140
Trd, 4318955.443, 140
Trd, 4318956.393, 140
Trd, 4318956.593, 140
Trd, 4318957.293, 140
Trd, 4318957.943, 139
Trd, 4318958.293, 139
Trd, 4318958.743, 139
Trd, 4318959.693, 140
Trd, 4318960.193, 140
Trd, 4318961.543, 140
Trd, 4318962.693, 140
Trd, 4318963.093, 140
Trd, 4318963.743, 140
Trd, 4318964.093, 140
Trd, 4318964.593, 140
Trd, 4318966.243, 140
Trd, 4318966.893, 140
Trd, 4318967.343, 140
Trd, 4318967.493, 140
Trd, 4318967.893, 140
Trd, 4318968.293, 140
Trd, 4318968.743, 140
Trd, 4318969.343, 140
Trd, 4318971.743, 140
Trd, 4318971.893, 140
Trd, 4318973.943, 140
Trd, 4318974.243, 140
Trd, 4318974.293, 140
Trd, 4318974.893, 140
Trd, 4318975.543, 140
Trd, 4318976.543, 140
Trd, 4318976.793, 140
Trd, 4318979.043, 140
Trd, 4318979.093, 140
Trd, 4318979.393, 139
Trd, 4318980.943, 139
Trd, 4318981.043, 138
Trd, 4318981.243, 140
Trd, 4318981.443, 138
Trd, 4318982.393, 67
Trd, 4318982.993, 140
Trd, 4318983.443, 139
Trd, 4318984.643, 140
Trd, 4318985.093, 140
Trd, 4318986.593, 140
Trd, 4318987.243, 140
Trd, 4318987.993, 140
Trd, 4318988.093, 140
Trd, 4318988.743, 140
Trd, 4318988.893, 140
Trd, 4318989.493, 140
Trd, 4318989.693, 140
Trd, 4318989.843, 139
Trd, 4318990.793, 140
Trd, 4318991.643, 140
Trd, 4318991.693, 139
Trd, 4318992.343, 139
Trd, 4318993.843, 140
Trd, 4318995.293, 140
Trd, 4318996.393, 140
Trd, 4318996.643, 140
Trd, 4318996.943, 140
Trd, 4318997.143, 140
Trd, 4318998.693, 140
Trd, 4318999.293, 140
Trd, 4318999.693, 140
Trd, 4318999.793, 140
Trd, 4319000.843, 140
Trd, 4319001.293, 140
Trd, 4319001.343, 139
Trd, 4319001.493, 140
Trd, 4319002.793, 140
Trd, 4319004.443, 140
Trd, 4319004.743, 140
Trd, 4319004.993, 140
Trd, 4319005.393, 139
Trd, 4319006.293, 140
Trd, 4319007.593, 140
Trd, 4319007.843, 140
Trd, 4319008.193, 91
Trd, 4319009.043, 139
Trd, 4319009.443, 131
Trd, 4319009.993, 140
Trd, 4319011.593, 140
Trd, 4319011.693, 138
Trd, 4319011.943, 140
Trd, 4319012.693, 140
Trd, 4319012.893, 140
Trd, 4319014.743, 140
Trd, 4319014.943, 140
Trd, 4319015.093, 140
Trd, 4319015.443, 138
Trd, 4319015.993, 107
Trd, 4319017.193, 62
Trd, 4319017.543, 61
Trd, 4319018.293, 63
Trd, 4319018.843, 140
Trd, 4319019.843, 140
Trd, 4319020.093, 140
Trd, 4319020.193, 140
Trd, 4319021.893, 140
Trd, 4319022.093, 140
Trd, 4319023.093, 140
Trd, 4319023.593, 140
Trd, 4319024.493, 140
Trd, 4319024.943, 140
Trd, 4319025.443, 140
Trd, 4319025.643, 139
Trd, 4319027.843, 140
Trd, 4319028.643, 140
Trd, 4319028.993, 140
Trd, 4319029.043, 140
Trd, 4319029.393, 140
Trd, 4319029.743, 130
Trd, 4319030.343, 63
Trd, 4319030.993, 77
Trd, 4319031.793, 140
Trd, 4319032.693, 140
Trd, 4319033.143, 140
Trd, 4319033.893, 140
Trd, 4319034.893, 140
Trd, 4319035.593, 140
Trd, 4319037.143, 140
Trd, 4319037.493, 140
Trd, 4319038.043, 140
Trd, 4319038.293, 140
Trd, 4319038.643, 140
Trd, 4319039.643, 139
Trd, 4319040.243, 140
Trd, 4319040.893, 137
Trd, 4319041.193, 125
Trd, 4319042.593, 140
Trd, 4319042.643, 140
Trd, 4319042.793, 139
Trd, 4319044.643, 140
Trd, 4319045.143, 139
Trd, 4319045.343, 139
Trd, 4319045.943, 138
Trd, 4319046.143, 139
Trd, 4319046.693, 140
Trd, 4319047.093, 137
Trd, 4319048.493, 140
Trd, 4319048.893, 139
Trd, 4319050.243, 140
Trd, 4319051.143, 140
Trd, 4319051.443, 140
Trd, 4319051.643, 140
Trd, 4319052.043, 139
Trd, 4319052.593, 140
Trd, 4319052.643, 139
Trd, 4319052.843, 139
Trd, 4319052.943, 139
Trd, 4319053.793, 140
Trd, 4319054.793, 137
Trd, 4319055.593, 93
Trd, 4319055.843, 117
Trd, 4319056.293, 140
Trd, 4319057.343, 139
Trd, 4319057.743, 140
Trd, 4319058.043, 140
Trd, 4319058.743, 139
Trd, 4319059.393, 139
Trd, 4319059.643, 140
Trd, 4319060.543, 138
Trd, 4319061.143, 137
Trd, 4319061.393, 135
Trd, 4319062.143, 138
Trd, 4319063.393, 140
Trd, 4319063.693, 140
Trd, 4319063.743, 137
Trd, 4319065.143, 140
Trd, 4319065.993, 140
Trd, 4319066.243, 140
Trd, 4319066.343, 138
Trd, 4319066.793, 140
Trd, 4319068.093, 138
Trd, 4319070.093, 139
Trd, 4319070.643, 140
Trd, 4319070.743, 140
Trd, 4319070.843, 139
Trd, 4319070.943, 135
Trd, 4319071.693, 139
Trd, 4319072.693, 140
Trd, 4319072.843, 138
Trd, 4319073.643, 139
Trd, 4319075.393, 139
Trd, 4319075.843, 137
Trd, 4319077.343, 140
Trd, 4319077.493, 140
Trd, 4319077.993, 140
Trd, 4319079.093, 140
Trd, 4319079.143, 140
Trd, 4319079.643, 140
Trd, 4319080.593, 140
Trd, 4319081.193, 140
Trd, 4319081.793, 140
Trd, 4319081.993, 140
Trd, 4319082.893, 139
Trd, 4319083.893, 117
Trd, 4319084.193, 87
Trd, 4319085.193, 62
Trd, 4319085.343, 63
Trd, 4319086.093, 139
Trd, 4319086.193, 132
Trd, 4319086.693, 61
Trd, 4319087.843, 62
Trd, 4319088.393, 62
Trd, 4319088.993, 62
Trd, 4319089.243, 64
Trd, 4319089.343, 65
Trd, 4319090.243, 63
Trd, 4319091.143, 138
Trd, 4319091.693, 67
Trd, 4319092.343, 140
Trd, 4319092.743, 73
Trd, 4319094.893, 140
Trd, 4319095.143, 140
Trd, 4319095.593, 140
Trd, 4319096.343, 140
Trd, 4319096.493, 138
Trd, 4319096.693, 61
Trd, 4319098.193, 140
Trd, 4319098.293, 140
Trd, 4319099.343, 64
Trd, 4319100.043, 60
Trd, 4319100.543, 63
Trd, 4319100.593, 64
Trd, 4319100.693, 69
Trd, 4319101.093, 93
Trd, 4319101.743, 140
Trd, 4319102.693, 140
Trd, 4319102.993, 140
Trd, 4319103.743, 140
Trd, 4319104.343, 140
Trd, 4319104.693, 140
Trd, 4319107.393, 140
Trd, 4319107.493, 140
Trd, 4319107.543, 139
Trd, 4319107.593, 139
Trd, 4319108.543, 140
Trd, 4319108.693, 140
Trd, 4319109.393, 140
Trd, 4319109.443, 140
Trd, 4319110.693, 140
Trd, 4319111.093, 140
Trd, 4319111.343, 138
Trd, 4319112.793, 60
Trd, 4319113.693, 140
Trd, 4319114.743, 139
Trd, 4319114.843, 139
Trd, 4319114.943, 140
Trd, 4319115.493, 137
Trd, 4319115.943, 62
Trd, 4319116.593, 140
Trd, 4319117.643, 140
Trd, 4319117.893, 60
Trd, 4319119.093, 140
Trd, 4319119.243, 140
Trd, 4319121.293, 140
Trd, 4319121.843, 140
Trd, 4319121.893, 140
Trd, 4319122.093, 139
Trd, 4319122.543, 139
Trd, 4319123.093, 140
Trd, 4319124.993, 140
Trd, 4319125.043, 139
Trd, 4319125.443, 139
Trd, 4319126.693, 60
Trd, 4319127.193, 61
Trd, 4319128.143, 62
Trd, 4319128.443, 85
Trd, 4319129.193, 74
Trd, 4319129.543, 63
Trd, 4319130.193, 140
Trd, 4319130.993, 140
Trd, 4319132.493, 140
Trd, 4319132.993, 140
Trd, 4319133.493, 140
Trd, 4319133.593, 139
Trd, 4319134.193, 140
Trd, 4319134.943, 140
Trd, 4319134.993, 139
Trd, 4319136.543, 140
Trd, 4319137.743, 140
Trd, 4319137.793, 139
Trd, 4319137.843, 139
Trd, 4319138.543, 139
Trd, 4319139.343, 140
Trd, 4319139.593, 137
Trd, 4319140.043, 140
Trd, 4319140.743, 60
Trd, 4319141.343, 64
Trd, 4319141.893, 137
Trd, 4319142.843, 140
Trd, 4319143.893, 139
Trd, 4319144.793, 140
Trd, 4319145.443, 138
Trd, 4319145.693, 138
Trd, 4319146.093, 140
Trd, 4319146.343, 140
Trd, 4319146.393, 84
Trd, 4319147.593, 60
Trd, 4319148.843, 140
Trd, 4319149.093, 140
Trd, 4319149.293, 140
Trd, 4319149.843, 140
Trd, 4319150.243, 139
Trd, 4319150.543, 60
Trd, 4319150.993, 107
Trd, 4319151.393, 140
Trd, 4319152.243, 138
Trd, 4319152.693, 140
Trd, 4319154.443, 136
Trd, 4319154.993, 140
Trd, 4319155.243, 140
Trd, 4319155.793, 126
Trd, 4319156.693, 68
Trd, 4319157.193, 69
Trd, 4319157.893, 62
Trd, 4319158.993, 140
Trd, 4319159.143, 140
Trd, 4319160.193, 140
Trd, 4319160.293, 139
Trd, 4319160.443, 139
Trd, 4319161.393, 60
Trd, 4319161.443, 61
Trd, 4319162.243, 140
Trd, 4319162.893, 60
Trd, 4319163.093, 62
Trd, 4319164.043, 94
Trd, 4319164.093, 112
Trd, 4319164.843, 139
Trd, 4319165.793, 60
Trd, 4319166.193, 63
Trd, 4319166.693, 129
Trd, 4319167.143, 61
Trd, 4319168.543, 140
Trd, 4319168.943, 140
Trd, 4319169.443, 140
Trd, 4319169.843, 138
Trd, 4319170.393, 140
Trd, 4319170.943, 140
Trd, 4319171.343, 134
Trd, 4319171.543, 61
Trd, 4319172.493, 60
Trd, 4319172.893, 61
Trd, 4319173.193, 63
Trd, 4319173.693, 139
Trd, 4319174.743, 140
Trd, 4319174.943, 140
Trd, 4319175.893, 140
Trd, 4319176.643, 140
Trd, 4319177.693, 61
Trd, 4319177.993, 64
Trd, 4319179.243, 139
Trd, 4319179.993, 137
Trd, 4319180.343, 140
Trd, 4319182.143, 140
Trd, 4319184.043, 140
Trd, 4319184.093, 140
Trd, 4319184.543, 140
Trd, 4319184.643, 139
Trd, 4319184.943, 138
Trd, 4319185.393, 139
Trd, 4319185.893, 140
Trd, 4319186.093, 139
Trd, 4319186.693, 106
Trd, 4319187.693, 61
Trd, 4319187.943, 62
Trd, 4319188.643, 60
Trd, 4319188.943, 63
Trd, 4319189.693, 60
Trd, 4319190.593, 140
Trd, 4319191.343, 61
Trd, 4319191.793, 64
Trd, 4319192.893, 60
Trd, 4319193.393, 60
Trd, 4319193.543, 140
Trd, 4319194.543, 139
Trd, 4319194.993, 140
Trd, 4319195.093, 139
Trd, 4319195.443, 62
Trd, 4319195.893, 140
Trd, 4319196.643, 140
Trd, 4319197.443, 66
Trd, 4319199.393, 61
Trd, 4319199.493, 64
Trd, 4319200.193, 140
Trd, 4319201.593, 61
Trd, 4319202.193, 61
Trd, 4319202.293, 61
Trd, 4319203.143, 71
Trd, 4319203.243, 75
Trd, 4319203.943, 60
Trd, 4319204.093, 66
Trd, 4319205.543, 140
Trd, 4319206.143, 140
Trd, 4319207.493, 140
Trd, 4319207.993, 140
Trd, 4319208.093, 140
Trd, 4319208.143, 139
Trd, 4319208.193, 139
Trd, 4319209.243, 140
Trd, 4319209.743, 139
Trd, 4319211.393, 140
Trd, 4319211.943, 140
Trd, 4319213.543, 140
Trd, 4319214.193, 140
Trd, 4319214.293, 140
Trd, 4319214.793, 140
Trd, 4319214.943, 140
Trd, 4319215.543, 139
Trd, 4319216.393, 139
Trd, 4319217.293, 140
Trd, 4319217.693, 140
Trd, 4319218.843, 140
Trd, 4319219.243, 140
Trd, 4319219.793, 63
Trd, 4319220.443, 139
Trd, 4319221.243, 140
Trd, 4319221.893, 139
Trd, 4319222.193, 138
Trd, 4319223.343, 140
Trd, 4319224.743, 140
Trd, 4319225.443, 140
Trd, 4319225.893, 140
Trd, 4319225.993, 140
Trd, 4319226.943, 140
Trd, 4319227.143, 140
Trd, 4319227.743, 140
Trd, 4319228.693, 140
Trd, 4319228.843, 139
Trd, 4319229.043, 139
Trd, 4319229.793, 139
Trd, 4319229.893, 138
Trd, 4319230.293, 134
Trd, 4319231.843, 140
Trd, 4319231.943, 139
Trd, 4319233.143, 140
Trd, 4319233.443, 140
Trd, 4319233.793, 140
Trd, 4319235.193, 140
Trd, 4319235.493, 140
Trd, 4319236.543, 140
Trd, 4319237.143, 140
Trd, 4319238.893, 140
Trd, 4319239.943, 140
Trd, 4319240.143, 140
Trd, 4319240.493, 140
Trd, 4319241.393, 139
Trd, 4319241.943, 139
Trd, 4319242.243, 140
Trd, 4319243.293, 139
Trd, 4319243.393, 139
Trd, 4319243.543, 139
Trd, 4319243.993, 140
Trd, 4319244.443, 140
Trd, 4319244.743, 139
Trd, 4319245.793, 139
Trd, 4319245.893, 140
Trd, 4319247.843, 140
Trd, 4319247.893, 140
Trd, 4319248.293, 140
Trd, 4319248.593, 139
Trd, 4319249.493, 139
Trd, 4319249.743, 139
Trd, 4319254.243, 140
Trd, 4319254.443, 140
Trd, 4319254.793, 140
Trd, 4319255.593, 140
Trd, 4319255.843, 140
Trd, 4319256.243, 140
Trd, 4319256.493, 139
Trd, 4319257.343, 140
Trd, 4319257.693, 140
Trd, 4319257.893, 140
Trd, 4319258.243, 140
Trd, 4319258.293, 139
Trd, 4319259.243, 140
Trd, 4319259.893, 140
Trd, 4319260.943, 140
Trd, 4319261.293, 139
Trd, 4319261.793, 137
Trd, 4319262.743, 139
Trd, 4319262.943, 138
Trd, 4319263.893, 119
Trd, 4319264.543, 139
Trd, 4319265.793, 139
Trd, 4319265.993, 138
Trd, 4319266.543, 65
Trd, 4319267.893, 140
Trd, 4319268.243, 140
Trd, 4319268.993, 139
Trd, 4319269.193, 140
Trd, 4319269.643, 139
Trd, 4319269.843, 138
Trd, 4319270.843, 139
Trd, 4319271.793, 140
Trd, 4319271.893, 140
Trd, 4319272.093, 140
Trd, 4319272.143, 137
Trd, 4319274.643, 140
Trd, 4319274.793, 140
Trd, 4319275.193, 140
Trd, 4319276.493, 140
Trd, 4319276.543, 140
Trd, 4319276.643, 140
Trd, 4319277.893, 140
Trd, 4319278.343, 140
Trd, 4319278.843, 140
Trd, 4319279.143, 140
Trd, 4319279.793, 140
Trd, 4319280.143, 139
Trd, 4319280.693, 140
Trd, 4319281.393, 140
Trd, 4319282.293, 140
Trd, 4319282.543, 138
Trd, 4319283.243, 140
Trd, 4319284.293, 139
Trd, 4319285.393, 140
Trd, 4319286.193, 137
Trd, 4319286.793, 140
Trd, 4319286.943, 140
Trd, 4319287.543, 139
Trd, 4319287.843, 139
Trd, 4319288.543, 138
Trd, 4319290.243, 140
Trd, 4319291.743, 140
Trd, 4319291.893, 140
Trd, 4319292.443, 140
Trd, 4319293.793, 140
Trd, 4319293.943, 140
Trd, 4319293.993, 139
Trd, 4319294.343, 138
Trd, 4319294.943, 137
Trd, 4319295.343, 64
Trd, 4319295.593, 65
Trd, 4319296.793, 140
Trd, 4319297.193, 139
Trd, 4319297.793, 139
Trd, 4319297.843, 138
Trd, 4319299.643, 140
Trd, 4319299.893, 140
Trd, 4319300.643, 138
Trd, 4319300.943, 140
Trd, 4319300.993, 138
Trd, 4319301.593, 140
Trd, 4319303.043, 140
Trd, 4319304.093, 140
Trd, 4319304.743, 140
Trd, 4319304.793, 139
Trd, 4319306.543, 140
Trd, 4319307.493, 140
Trd, 4319307.693, 140
Trd, 4319307.743, 139
Trd, 4319308.493, 140
Trd, 4319309.543, 140
Trd, 4319309.693, 140
Trd, 4319309.993, 140
Trd, 4319310.193, 140
Trd, 4319311.193, 140
Trd, 4319311.243, 138
Trd, 4319311.893, 66
Trd, 4319312.693, 138
Trd, 4319312.843, 139
Trd, 4319313.043, 64
Trd, 4319314.243, 140
Trd, 4319315.543, 140
Trd, 4319315.893, 139
Trd, 4319316.093, 138
Trd, 4319317.343, 140
Trd, 4319317.493, 139
Trd, 4319317.743, 139
Trd, 4319318.293, 77
Trd, 4319319.143, 140
Trd, 4319319.343, 140
Trd, 4319320.293, 140
Trd, 4319320.843, 140
Trd, 4319321.393, 137
Trd, 4319322.343, 61
Trd, 4319322.443, 64
Trd, 4319323.843, 139
Trd, 4319324.393, 140
Trd, 4319324.693, 140
Trd, 4319325.193, 140
Trd, 4319326.593, 140
Trd, 4319327.443, 140
Trd, 4319327.543, 140
Trd, 4319328.293, 139
Trd, 4319328.643, 140
Trd, 4319329.243, 133
Trd, 4319329.493, 139
Trd, 4319329.943, 116
Trd, 4319330.143, 62
Trd, 4319332.343, 140
Trd, 4319332.643, 140
Trd, 4319332.943, 140
Trd, 4319333.643, 140
Trd, 4319333.843, 138
Trd, 4319334.143, 62
Trd, 4319335.043, 140
Trd, 4319336.343, 140
Trd, 4319337.593, 140
Trd, 4319337.843, 140
Trd, 4319338.193, 138
Trd, 4319338.493, 139
Trd, 4319339.493, 140
Trd, 4319340.593, 140
Trd, 4319340.943, 139
Trd, 4319341.493, 140
Trd, 4319341.993, 140
Trd, 4319343.493, 140
Trd, 4319344.393, 140
Trd, 4319344.593, 139
Trd, 4319345.693, 138
Trd, 4319346.793, 140
Trd, 4319348.343, 140
Trd, 4319348.843, 140
Trd, 4319349.143, 140
Trd, 4319349.193, 138
Trd, 4319349.293, 104
Trd, 4319349.843, 137
Trd, 4319351.443, 140
Trd, 4319351.493, 140
Trd, 4319351.993, 140
Trd, 4319352.893, 136
Trd, 4319353.393, 64
Trd, 4319354.093, 60
Trd, 4319354.143, 61
Trd, 4319354.593, 60
Trd, 4319354.743, 66
Trd, 4319354.943, 133
Trd, 4319355.593, 64
Trd, 4319356.693, 140
Trd, 4319356.943, 140
Trd, 4319357.643, 97
Trd, 4319358.043, 60
Trd, 4319358.293, 60
Trd, 4319358.693, 140
Trd, 4319359.993, 140
Trd, 4319360.343, 140
Trd, 4319360.993, 140
Trd, 4319361.093, 140
Trd, 4319361.793, 140
Trd, 4319362.343, 140
Trd, 4319363.143, 140
Trd, 4319363.743, 140
Trd, 4319363.843, 140
Trd, 4319364.693, 140
Trd, 4319365.593, 140
Trd, 4319367.293, 140
Trd, 4319367.393, 139
Trd, 4319367.893, 140
Trd, 4319368.193, 140
Trd, 4319368.693, 140
Trd, 4319369.993, 136
Trd, 4319371.143, 140
Trd, 4319371.243, 140
Trd, 4319371.293, 140
Trd, 4319373.193, 140
Trd, 4319373.693, 140
Trd, 4319373.993, 140
Trd, 4319374.293, 139
Trd, 4319375.243, 140
Trd, 4319375.843, 139
Trd, 4319376.193, 62
Trd, 4319377.093, 140
Trd, 4319378.443, 140
Trd, 4319379.843, 140
Trd, 4319380.043, 140
Trd, 4319380.093, 140
Trd, 4319380.343, 137
Trd, 4319381.093, 60
Trd, 4319381.893, 60
Trd, 4319382.643, 60
Trd, 4319383.393, 61
Trd, 4319383.693, 61
Trd, 4319383.843, 140
Trd, 4319384.343, 67
Trd, 4319385.093, 60
Trd, 4319385.293, 60
Trd, 4319386.543, 64
Trd, 4319386.993, 137
Trd, 4319389.043, 82
Trd, 4319389.343, 91
Trd, 4319389.843, 61
Trd, 4319390.393, 68
Trd, 4319391.043, 140
Trd, 4319391.643, 78
Trd, 4319392.293, 61
Trd, 4319393.393, 71
Trd, 4319393.493, 94
Trd, 4319393.893, 64
Trd, 4319394.593, 63
Trd, 4319395.293, 140
Trd, 4319396.493, 140
Trd, 4319396.893, 140
Trd, 4319397.193, 140
Trd, 4319398.643, 140
Trd, 4319398.743, 140
Trd, 4319398.843, 140
Trd, 4319399.093, 80
Trd, 4319400.093, 140
Trd, 4319400.793, 140
Trd, 4319400.993, 140
Trd, 4319401.343, 135
Trd, 4319401.793, 139
Trd, 4319402.543, 140
Trd, 4319403.043, 138
Trd, 4319403.493, 139
Trd, 4319404.293, 139
Trd, 4319404.493, 63
Trd, 4319405.143, 135
Trd, 4319405.343, 60
Trd, 4319406.543, 140
Trd, 4319406.893, 140
Trd, 4319408.593, 140
Trd, 4319409.143, 140
Trd, 4319409.243, 139
Trd, 4319409.793, 139
Trd, 4319410.743, 140
Trd, 4319411.343, 140
Trd, 4319412.543, 140
Trd, 4319413.143, 140
Trd, 4319413.843, 140
Trd, 4319413.993, 140
Trd, 4319414.793, 140
Trd, 4319415.093, 140
Trd, 4319415.243, 139
Trd, 4319416.043, 139
Trd, 4319416.593, 121
Trd, 4319416.993, 140
Trd, 4319417.143, 60
Trd, 4319417.743, 61
Trd, 4319418.243, 139
Trd, 4319419.593, 139
Trd, 4319419.943, 138
Trd, 4319421.593, 140
Trd, 4319421.693, 140
Trd, 4319421.893, 139
Trd, 4319423.143, 140
Trd, 4319423.643, 140
Trd, 4319424.893, 140
Trd, 4319425.893, 140
Trd, 4319426.443, 140
Trd, 4319428.143, 140
Trd, 4319428.793, 140
Trd, 4319429.043, 140
Trd, 4319429.643, 140
Trd, 4319429.843, 140
Trd, 4319430.143, 139
Trd, 4319430.293, 138
Trd, 4319430.643, 136
Trd, 4319431.593, 66
Trd, 4319432.993, 138
Trd, 4319433.743, 139
Trd, 4319433.843, 112
Trd, 4319435.043, 139
Trd, 4319435.093, 138
Trd, 4319435.493, 140
Trd, 4319436.493, 140
Trd, 4319437.043, 140
Trd, 4319437.543, 140
Trd, 4319437.743, 139
Trd, 4319438.043, 138
Trd, 4319438.543, 134
Trd, 4319438.843, 61
Trd, 4319439.493, 140
Trd, 4319440.193, 140
Trd, 4319440.393, 136
Trd, 4319441.743, 140
Trd, 4319442.193, 63
Trd, 4319442.343, 69
Trd, 4319443.343, 61
Trd, 4319445.143, 140
Trd, 4319445.193, 140
Trd, 4319445.893, 140
Trd, 4319446.243, 140
Trd, 4319446.393, 140
Trd, 4319447.293, 140
Trd, 4319449.193, 140
Trd, 4319449.393, 140
Trd, 4319450.443, 140
Trd, 4319451.143, 140
Trd, 4319451.543, 140
Trd, 4319452.693, 140
Trd, 4319452.793, 140
Trd, 4319453.093, 140
Trd, 4319453.243, 140
Trd, 4319453.593, 139
Trd, 4319454.843, 140
Trd, 4319455.793, 140
Trd, 4319456.343, 140
Trd, 4319458.343, 140
Trd, 4319458.643, 140
Trd, 4319458.943, 140
Trd, 4319458.993, 140
Trd, 4319459.843, 140
Trd, 4319460.793, 140
Trd, 4319460.943, 140
Trd, 4319464.343, 140
Trd, 4319464.543, 140
Trd, 4319465.043, 140
Trd, 4319465.193, 140
Trd, 4319465.393, 140
Trd, 4319465.743, 140
Trd, 4319465.943, 60
Trd, 4319467.293, 140
Trd, 4319467.643, 139
Trd, 4319468.343, 110
Trd, 4319468.793, 68
Trd, 4319469.393, 60
Trd, 4319469.593, 61
Trd, 4319469.993, 140
Trd, 4319470.693, 140
Trd, 4319471.193, 140
Trd, 4319471.393, 140
Trd, 4319472.693, 140
Trd, 4319473.193, 140
Trd, 4319473.943, 139
Trd, 4319474.043, 137
Trd, 4319474.143, 137
Trd, 4319475.043, 60
Trd, 4319475.343, 60
Trd, 4319475.893, 139
Trd, 4319476.593, 61
Trd, 4319477.693, 61
Trd, 4319478.093, 60
Trd, 4319478.193, 62
Trd, 4319479.243, 140
Trd, 4319480.493, 140
Trd, 4319480.543, 139
Trd, 4319480.643, 139
Trd, 4319481.143, 63
Trd, 4319482.093, 61
Trd, 4319482.343, 61
Trd, 4319482.393, 63
Trd, 4319483.193, 61
Trd, 4319483.443, 82
Trd, 4319484.543, 140
Trd, 4319485.393, 140
Trd, 4319485.543, 140
Trd, 4319487.793, 139
Trd, 4319488.093, 139
Trd, 4319488.893, 138
Trd, 4319489.043, 138
Trd, 4319489.993, 108
Trd, 4319490.543, 140
Trd, 4319491.443, 140
Trd, 4319492.693, 140
Trd, 4319493.093, 140
Trd, 4319493.143, 140
Trd, 4319494.343, 140
Trd, 4319494.793, 140
Trd, 4319495.043, 140
Trd, 4319495.193, 137
Trd, 4319497.743, 140
Trd, 4319497.993, 140
Trd, 4319498.143, 140
Trd, 4319498.443, 140
Trd, 4319498.643, 138
Trd, 4319499.043, 139
Trd, 4319499.743, 139
Trd, 4319500.643, 140
Trd, 4319501.393, 140
Trd, 4319501.693, 140
Trd, 4319502.443, 140
Trd, 4319502.793, 140
Trd, 4319503.643, 140
Trd, 4319503.993, 140
Trd, 4319504.693, 140
Trd, 4319505.543, 139
Trd, 4319506.143, 140
Trd, 4319506.543, 140
Trd, 4319507.043, 140
Trd, 4319507.193, 83
Trd, 4319508.093, 61
Trd, 4319508.393, 66
Trd, 4319509.293, 62
Trd, 4319509.843, 62
Trd, 4319510.943, 60
Trd, 4319511.243, 61
Trd, 4319511.893, 60
Trd, 4319512.143, 62
Trd, 4319512.893, 60
Trd, 4319513.193, 86
Trd, 4319513.493, 140
Trd, 4319514.193, 140
Trd, 4319514.543, 140
Trd, 4319515.193, 140
Trd, 4319515.643, 140
Trd, 4319515.943, 138
Trd, 4319517.593, 140
Trd, 4319517.843, 99
Trd, 4319518.793, 140
Trd, 4319518.943, 139
Trd, 4319519.593, 140
Trd, 4319521.043, 140
Trd, 4319521.793, 140
Trd, 4319522.643, 140
Trd, 4319523.043, 140
Trd, 4319523.593, 140
Trd, 4319524.093, 138
Trd, 4319525.243, 140
Trd, 4319525.993, 140
Trd, 4319526.093, 140
Trd, 4319526.593, 140
Trd, 4319527.243, 140
Trd, 4319527.943, 138
Trd, 4319528.893, 140
Trd, 4319530.593, 140
Trd, 4319530.643, 140
Trd, 4319531.393, 139
Trd, 4319531.593, 140
Trd, 4319531.743, 138
Trd, 4319532.393, 139
Trd, 4319533.093, 140
Trd, 4319533.693, 94
Trd, 4319533.943, 139
Trd, 4319535.993, 140
Trd, 4319536.493, 140
Trd, 4319536.643, 140
Trd, 4319536.893, 137
Trd, 4319538.243, 140
Trd, 4319538.743, 140
Trd, 4319539.793, 140
Trd, 4319540.293, 140
Trd, 4319540.543, 140
Trd, 4319541.243, 140
Trd, 4319541.543, 140
Trd, 4319542.143, 139
Trd, 4319542.843, 62
Trd, 4319542.993, 75
Trd, 4319543.993, 140
Trd, 4319544.143, 139
Trd, 4319545.493, 139
Trd, 4319546.043, 140
Trd, 4319546.593, 139
Trd, 4319547.143, 140
Trd, 4319547.543, 62
Trd, 4319548.093, 61
Trd, 4319548.243, 118
Trd, 4319548.943, 63
Trd, 4319548.993, 65
Trd, 4319549.193, 140
Trd, 4319550.993, 60
Trd, 4319551.393, 60
Trd, 4319551.893, 63
Trd, 4319553.243, 62
Trd, 4319553.743, 68
Trd, 4319555.243, 140
Trd, 4319556.193, 140
Trd, 4319556.843, 140
Trd, 4319556.943, 140
Trd, 4319557.043, 139
Trd, 4319557.643, 140
Trd, 4319558.243, 138
Trd, 4319559.193, 137
Trd, 4319560.043, 140
Trd, 4319560.643, 140
Trd, 4319561.243, 140
Trd, 4319562.593, 140
Trd, 4319563.343, 140
Trd, 4319565.843, 140
Trd, 4319565.943, 140
Trd, 4319565.993, 140
Trd, 4319566.443, 140
Trd, 4319566.693, 139
Trd, 4319566.993, 140
Trd, 4319567.293, 140
Trd, 4319568.243, 136
Trd, 4319569.143, 60
Trd, 4319569.643, 130
Trd, 4319569.893, 131
Trd, 4319570.393, 60
Trd, 4319570.643, 65
Trd, 4319571.243, 64
Trd, 4319572.493, 140
Trd, 4319573.693, 67
Trd, 4319574.643, 62
Trd, 4319574.743, 63
Trd, 4319575.643, 69
Trd, 4319575.893, 66
Trd, 4319576.143, 60
Trd, 4319576.243, 140
Trd, 4319577.343, 69
Trd, 4319577.493, 139
Trd, 4319577.893, 82
Trd, 4319578.593, 63
Trd, 4319578.993, 74
Trd, 4319580.143, 69
Trd, 4319581.143, 60
Trd, 4319582.043, 61
Trd, 4319582.093, 63
Trd, 4319582.693, 70
Trd, 4319582.943, 140
Trd, 4319584.293, 104
Trd, 4319584.793, 105
Trd, 4319585.693, 139
Trd, 4319586.593, 61
Trd, 4319587.243, 60
Trd, 4319587.743, 60
Trd, 4319588.143, 62
Trd, 4319588.443, 61
Trd, 4319588.643, 64
Trd, 4319589.193, 63
Trd, 4319589.743, 61
Trd, 4319590.343, 136
Trd, 4319591.193, 63
Trd, 4319593.693, 140
Trd, 4319594.093, 140
Trd, 4319594.443, 139
Trd, 4319594.643, 140
Trd, 4319595.193, 135
Trd, 4319595.493, 60
Trd, 4319595.893, 60
Trd, 4319596.043, 66
Trd, 4319596.243, 70
Trd, 4319597.043, 70
Trd, 4319597.593, 139
Trd, 4319598.393, 140
Trd, 4319599.543, 140
Trd, 4319599.793, 140
Trd, 4319600.493, 140
Trd, 4319600.943, 140
Trd, 4319601.143, 139
Trd, 4319602.393, 140
Trd, 4319602.943, 139
Trd, 4319603.743, 67
Trd, 4319604.393, 125
Trd, 4319605.793, 60
Trd, 4319606.043, 68
Trd, 4319606.543, 66
Trd, 4319606.693, 140
Trd, 4319606.893, 140
Trd, 4319607.693, 62
Trd, 4319609.143, 62
Trd, 4319609.243, 60
Trd, 4319609.293, 65
Trd, 4319610.943, 140
Trd, 4319611.343, 140
Trd, 4319612.143, 63
Trd, 4319612.843, 60
Trd, 4319613.493, 60
Trd, 4319613.543, 66
Trd, 4319614.343, 61
Trd, 4319614.693, 61
Trd, 4319614.993, 62
Trd, 4319615.343, 71
Trd, 4319615.743, 109
Trd, 4319616.343, 60
Trd, 4319617.593, 140
Trd, 4319618.293, 140
Trd, 4319618.393, 136
Trd, 4319619.443, 140
Trd, 4319619.693, 140
Trd, 4319620.993, 64
Trd, 4319621.093, 106
Trd, 4319621.243, 63
Trd, 4319622.693, 62
Trd, 4319623.243, 98
Trd, 4319623.843, 139
Trd, 4319624.443, 63
Trd, 4319625.493, 60
Trd, 4319625.593, 60
Trd, 4319626.093, 60
Trd, 4319626.643, 62
Trd, 4319626.793, 66
Trd, 4319626.943, 83
Trd, 4319627.643, 60
Trd, 4319628.293, 80
Trd, 4319629.993, 61
Trd, 4319630.093, 62
Trd, 4319630.443, 60
Trd, 4319630.543, 70
Trd, 4319632.643, 140
Trd, 4319633.193, 140
Trd, 4319633.343, 137
Trd, 4319633.993, 139
Trd, 4319634.243, 137
Trd, 4319634.893, 139
Trd, 4319635.143, 140
Trd, 4319636.143, 132
Trd, 4319636.743, 140
Trd, 4319637.793, 139
Trd, 4319637.993, 140
Trd, 4319638.093, 140
Trd, 4319639.393, 140
Trd, 4319640.743, 140
Trd, 4319640.893, 131
Trd, 4319641.843, 140
Trd, 4319642.793, 140
Trd, 4319643.993, 140
Trd, 4319644.493, 140
Trd, 4319644.943, 140
Trd, 4319645.493, 140
Trd, 4319646.693, 68
Trd, 4319646.993, 74
Trd, 4319647.693, 63
Trd, 4319648.343, 140
Trd, 4319648.643, 140
Trd, 4319649.343, 140
Trd, 4319649.693, 140
Trd, 4319649.943, 140
Trd, 4319651.093, 140
Trd, 4319651.293, 140
Trd, 4319652.943, 140
Trd, 4319654.193, 140
Trd, 4319655.043, 140
Trd, 4319655.343, 139
Trd, 4319656.143, 140
Trd, 4319656.493, 140
Trd, 4319657.393, 140
Trd, 4319657.643, 139
Trd, 4319658.493, 140
Trd, 4319658.543, 140
Trd, 4319658.593, 138
Trd, 4319659.043, 140
Trd, 4319659.643, 140
Trd, 4319660.943, 140
Trd, 4319661.393, 68
Trd, 4319661.543, 83
Trd, 4319662.993, 140
Trd, 4319663.293, 140
Trd, 4319663.393, 139
Trd, 4319664.493, 140
Trd, 4319665.393, 140
Trd, 4319665.993, 140
Trd, 4319666.493, 139
Trd, 4319666.943, 140
Trd, 4319667.243, 140
Trd, 4319669.193, 139
Trd, 4319669.293, 139
Trd, 4319669.393, 138
Trd, 4319670.393, 140
Trd, 4319671.043, 140
Trd, 4319671.843, 140
Trd, 4319672.893, 140
Trd, 4319673.043, 140
Trd, 4319673.443, 140
Trd, 4319673.693, 140
Trd, 4319674.843, 140
Trd, 4319674.893, 138
Trd, 4319675.293, 139
Trd, 4319676.743, 140
Trd, 4319676.793, 139
Trd, 4319677.343, 140
Trd, 4319677.843, 136
Trd, 4319678.093, 74
Trd, 4319679.793, 139
Trd, 4319680.893, 138
Trd, 4319681.643, 60
Trd, 4319682.043, 139
Trd, 4319682.293, 65
Trd, 4319682.843, 140
Trd, 4319683.393, 139
Trd, 4319683.843, 140
Trd, 4319684.143, 139
Trd, 4319685.693, 140
Trd, 4319685.993, 140
Trd, 4319686.043, 140
Trd, 4319687.893, 140
Trd, 4319688.443, 140
Trd, 4319688.743, 140
Trd, 4319689.143, 140
Trd, 4319689.243, 139
Trd, 4319689.643, 140
Trd, 4319690.343, 140
Trd, 4319690.543, 140
Trd, 4319690.943, 140
Trd, 4319691.543, 63
Trd, 4319692.543, 62
Trd, 4319694.193, 140
Trd, 4319694.343, 139
Trd, 4319694.993, 140
Trd, 4319695.543, 140
Trd, 4319695.943, 140
Trd, 4319696.043, 140
Trd, 4319696.593, 140
Trd, 4319698.093, 140
Trd, 4319698.943, 140
Trd, 4319699.193, 140
Trd, 4319699.393, 140
Trd, 4319701.493, 140
Trd, 4319703.393, 140
Trd, 4319703.543, 138
Trd, 4319704.193, 140
Trd, 4319704.443, 140
Trd, 4319704.643, 140
Trd, 4319705.043, 140
Trd, 4319705.093, 140
Trd, 4319705.543, 140
Trd, 4319706.043, 64
Trd, 4319706.343, 69
Trd, 4319706.893, 140
Trd, 4319707.793, 140
Trd, 4319708.193, 140
Trd, 4319709.343, 140
Trd, 4319710.393, 140
Trd, 4319711.343, 140
Trd, 4319711.493, 139
Trd, 4319712.193, 140
Trd, 4319712.793, 140
Trd, 4319712.943, 140
Trd, 4319713.893, 140
Trd, 4319714.143, 140
Trd, 4319714.893, 140
Trd, 4319715.143, 137
Trd, 4319715.943, 140
Trd, 4319716.143, 138
Trd, 4319716.993, 139
Trd, 4319718.243, 140
Trd, 4319719.093, 140
Trd, 4319719.843, 140
Trd, 4319720.593, 140
Trd, 4319720.743, 134
Trd, 4319720.843, 94
Trd, 4319722.843, 140
Trd, 4319723.293, 140
Trd, 4319723.493, 140
Trd, 4319723.593, 138
Trd, 4319724.193, 140
Trd, 4319724.643, 137
Trd, 4319724.893, 114
Trd, 4319726.543, 140
Trd, 4319726.893, 140
Trd, 4319727.243, 138
Trd, 4319727.943, 140
Trd, 4319728.243, 140
Trd, 4319729.343, 139
Trd, 4319729.543, 139
Trd, 4319730.293, 140
Trd, 4319732.193, 140
Trd, 4319732.593, 140
Trd, 4319733.043, 140
Trd, 4319734.093, 140
Trd, 4319734.943, 140
Trd, 4319735.143, 140
Trd, 4319736.143, 140
Trd, 4319736.343, 140
Trd, 4319736.443, 140
Trd, 4319736.943, 139
Trd, 4319737.943, 60
Trd, 4319738.543, 60
Trd, 4319740.093, 140
Trd, 4319740.443, 140
Trd, 4319740.493, 140
Trd, 4319741.443, 140
Trd, 4319742.793, 140
Trd, 4319742.843, 139
Trd, 4319743.243, 140
Trd, 4319743.743, 140
Trd, 4319744.093, 140
Trd, 4319745.343, 140
Trd, 4319745.843, 140
Trd, 4319746.593, 139
Trd, 4319746.793, 140
Trd, 4319747.293, 140
Trd, 4319748.443, 140
Trd, 4319749.643, 140
Trd, 4319749.793, 140
Trd, 4319750.443, 139
Trd, 4319750.543, 106
Trd, 4319750.993, 140
Trd, 4319753.393, 140
Trd, 4319753.843, 140
Trd, 4319754.493, 140
Trd, 4319754.543, 138
Trd, 4319755.743, 140
Trd, 4319755.843, 140
Trd, 4319756.093, 140
Trd, 4319756.243, 140
Trd, 4319756.493, 140
Trd, 4319758.143, 140
Trd, 4319758.493, 140
Trd, 4319759.343, 140
Trd, 4319759.993, 140
Trd, 4319760.893, 140
Trd, 4319761.393, 140
Trd, 4319761.593, 140
Trd, 4319762.543, 140
Trd, 4319763.093, 140
Trd, 4319763.443, 140
Trd, 4319763.793, 138
Trd, 4319764.643, 139
Trd, 4319764.743, 139
Trd, 4319764.993, 140
Trd, 4319766.443, 138
Trd, 4319767.793, 140
Trd, 4319767.893, 140
Trd, 4319769.043, 140
Trd, 4319769.143, 86
Trd, 4319769.943, 140
Trd, 4319770.493, 138
Trd, 4319770.743, 138
Trd, 4319771.093, 138
Trd, 4319772.643, 140
Trd, 4319773.393, 140
Trd, 4319773.593, 140
Trd, 4319773.993, 140
Trd, 4319774.293, 140
Trd, 4319775.493, 140
Trd, 4319775.643, 140
Trd, 4319776.443, 140
Trd, 4319777.493, 140
Trd, 4319777.743, 140
Trd, 4319777.843, 139
Trd, 4319779.243, 139
Trd, 4319779.443, 140
Trd, 4319779.793, 140
Trd, 4319780.043, 139
Trd, 4319780.643, 140
Trd, 4319780.943, 140
Trd, 4319782.143, 139
Trd, 4319782.193, 139
Trd, 4319782.893, 138
Trd, 4319784.943, 140
Trd, 4319785.343, 140
Trd, 4319785.843, 140
Trd, 4319786.343, 140
Trd, 4319787.293, 140
Trd, 4319788.393, 140
Trd, 4319789.643, 140
Trd, 4319791.043, 140
Trd, 4319791.243, 140
Trd, 4319791.793, 140
Trd, 4319792.193, 140
Trd, 4319792.543, 140
Trd, 4319792.993, 139
Trd, 4319793.793, 140
Trd, 4319794.493, 140
Trd, 4319794.643, 139
Trd, 4319796.543, 140
Trd, 4319796.843, 140
Trd, 4319797.343, 140
Trd, 4319798.693, 140
Trd, 4319799.093, 140
Trd, 4319799.693, 140
Trd, 4319800.793, 140
Trd, 4319801.093, 140
Trd, 4319801.243, 140
Trd, 4319802.443, 140
Trd, 4319803.093, 140
Trd, 4319803.743, 140
Trd, 4319804.443, 139
Trd, 4319804.593, 139
Trd, 4319805.993, 140
Trd, 4319806.743, 140
Trd, 4319806.893, 140
Trd, 4319807.043, 140
Trd, 4319807.593, 139
Trd, 4319808.493, 140
Trd, 4319808.743, 137
Trd, 4319809.093, 139
Trd, 4319809.893, 140
Trd, 4319810.193, 70
Trd, 4319810.343, 139
Trd, 4319810.843, 63
Trd, 4319811.493, 61
Trd, 4319812.343, 138
Trd, 4319812.993, 140
Trd, 4319813.443, 137
Trd, 4319813.543, 100
Trd, 4319814.793, 138
Trd, 4319816.193, 140
Trd, 4319817.193, 140
Trd, 4319817.343, 140
Trd, 4319817.643, 140
Trd, 4319818.593, 140
Trd, 4319818.843, 140
Trd, 4319820.243, 140
Trd, 4319821.243, 140
Trd, 4319821.293, 140
Trd, 4319822.293, 140
Trd, 4319822.593, 140
Trd, 4319822.693, 139
Trd, 4319824.443, 140
Trd, 4319824.543, 140
Trd, 4319825.443, 140
Trd, 4319826.393, 140
Trd, 4319826.593, 140
Trd, 4319826.943, 139
Trd, 4319827.393, 139
Trd, 4319827.443, 138
Trd, 4319827.893, 139
Trd, 4319828.843, 139
Trd, 4319829.743, 139
Trd, 4319829.843, 138
Trd, 4319830.143, 139
Trd, 4319832.293, 140
Trd, 4319832.493, 133
Trd, 4319832.843, 126
Trd, 4319833.143, 139
Trd, 4319833.943, 140
Trd, 4319834.843, 136
Trd, 4319836.643, 140
Trd, 4319837.143, 140
Trd, 4319837.243, 140
Trd, 4319837.343, 60
Trd, 4319837.893, 139
Trd, 4319839.293, 140
Trd, 4319839.643, 140
Trd, 4319840.193, 61
Trd, 4319840.343, 139
Trd, 4319841.043, 60
Trd, 4319841.893, 67
Trd, 4319841.943, 72
Trd, 4319842.493, 139
Trd, 4319842.743, 136
Trd, 4319843.393, 67
Trd, 4319843.593, 140
Trd, 4319845.093, 140
Trd, 4319845.743, 140
Trd, 4319846.743, 140
Trd, 4319846.993, 139
Trd, 4319847.293, 140
Trd, 4319847.443, 139
Trd, 4319847.843, 140
Trd, 4319849.193, 140
Trd, 4319849.393, 140
Trd, 4319850.143, 140
Trd, 4319850.443, 140
Trd, 4319850.843, 140
Trd, 4319851.293, 140
Trd, 4319852.343, 140
Trd, 4319852.643, 140
Trd, 4319853.193, 139
Trd, 4319853.443, 140
Trd, 4319854.343, 139
Trd, 4319854.893, 138
Trd, 4319855.893, 138
Trd, 4319856.793, 140
Trd, 4319857.743, 140
Trd, 4319858.193, 140
Trd, 4319858.493, 140
Trd, 4319858.843, 138
Trd, 4319859.293, 140
Trd, 4319860.493, 64
Trd, 4319861.093, 140
Trd, 4319862.493, 140
Trd, 4319863.093, 140
Trd, 4319863.343, 140
Trd, 4319864.493, 140
Trd, 4319864.993, 140
Trd, 4319865.393, 139
Trd, 4319865.643, 139
Trd, 4319867.543, 139
Trd, 4319867.743, 139
Trd, 4319867.793, 138
Trd, 4319867.943, 116
Trd, 4319869.643, 139
Trd, 4319869.843, 139
Trd, 4319870.593, 140
Trd, 4319870.893, 140
Trd, 4319872.043, 140
Trd, 4319872.143, 140
Trd, 4319873.993, 140
Trd, 4319874.393, 139
Trd, 4319874.643, 138
Trd, 4319875.593, 140
Trd, 4319876.243, 140
Trd, 4319877.243, 140
Trd, 4319877.493, 139
Trd, 4319877.593, 139
Trd, 4319878.593, 140
Trd, 4319879.343, 140
Trd, 4319879.893, 140
Trd, 4319880.693, 140
Trd, 4319881.293, 140
Trd, 4319881.993, 140
Trd, 4319882.743, 140
Trd, 4319883.243, 140
Trd, 4319883.543, 138
Trd, 4319883.693, 95
Trd, 4319885.243, 139
Trd, 4319885.493, 140
Trd, 4319886.193, 140
Trd, 4319886.343, 138
Trd, 4319886.943, 139
Trd, 4319887.793, 140
Trd, 4319888.843, 140
Trd, 4319889.093, 139
Trd, 4319889.843, 140
Trd, 4319890.493, 140
Trd, 4319890.643, 140
Trd, 4319892.243, 140
Trd, 4319892.593, 140
Trd, 4319892.743, 140
Trd, 4319893.193, 140
Trd, 4319893.843, 139
Trd, 4319894.593, 140
Trd, 4319894.743, 137
Trd, 4319896.493, 139
Trd, 4319897.793, 140
Trd, 4319898.593, 140
Trd, 4319899.143, 140
Trd, 4319900.243, 140
Trd, 4319900.493, 140
Trd, 4319900.943, 140
Trd, 4319902.143, 140
Trd, 4319902.293, 134
Trd, 4319903.043, 100
Trd, 4319903.093, 98
Trd, 4319903.943, 140
Trd, 4319904.243, 62
Trd, 4319905.193, 63
Trd, 4319905.993, 140
Trd, 4319906.743, 140
Trd, 4319907.043, 140
Trd, 4319907.143, 139
Trd, 4319907.643, 140
Trd, 4319909.243, 140
Trd, 4319910.743, 140
Trd, 4319911.093, 140
Trd, 4319911.143, 140
Trd, 4319912.593, 140
Trd, 4319913.093, 140
Trd, 4319913.843, 140
Trd, 4319914.643, 140
Trd, 4319915.393, 140
Trd, 4319915.843, 140
Trd, 4319916.343, 140
Trd, 4319916.593, 65
Trd, 4319917.943, 140
Trd, 4319918.793, 140
Trd, 4319919.243, 140
Trd, 4319919.543, 140
Trd, 4319920.043, 140
Trd, 4319920.743, 140
Trd, 4319921.093, 140
Trd, 4319921.693, 140
Trd, 4319921.893, 101
Trd, 4319922.193, 140
Trd, 4319922.643, 139
Trd, 4319923.343, 140
Trd, 4319923.693, 139
Trd, 4319924.493, 134
Trd, 4319925.393, 140
Trd, 4319925.993, 140
Trd, 4319926.443, 140
Trd, 4319927.743, 139
Trd, 4319928.193, 140
Trd, 4319929.143, 139
Trd, 4319929.293, 139
Trd, 4319931.193, 140
Trd, 4319932.293, 140
Trd, 4319932.543, 140
Trd, 4319932.743, 140
Trd, 4319933.843, 140
Trd, 4319933.943, 138
Trd, 4319934.393, 140
Trd, 4319935.243, 140
Trd, 4319935.843, 137
Trd, 4319936.093, 123
Trd, 4319936.993, 138
Trd, 4319937.843, 60
Trd, 4319937.943, 60
Trd, 4319938.793, 61
Trd, 4319938.943, 66
Trd, 4319939.243, 128
Trd, 4319939.393, 85
Trd, 4319939.693, 62
Trd, 4319939.893, 138
Trd, 4319940.493, 64
Trd, 4319942.143, 62
Trd, 4319942.243, 66
Trd, 4319943.343, 62
Trd, 4319943.643, 63
Trd, 4319943.843, 64
Trd, 4319944.343, 63
Trd, 4319945.193, 100
Trd, 4319946.093, 140
Trd, 4319947.343, 93
Trd, 4319947.743, 140
Trd, 4319948.343, 138
Trd, 4319948.393, 82
Trd, 4319948.593, 80
Trd, 4319949.443, 139
Trd, 4319950.093, 140
Trd, 4319950.843, 140
Trd, 4319951.093, 140
Trd, 4319951.493, 140
Trd, 4319951.793, 62
Trd, 4319953.043, 139
Trd, 4319953.643, 139
Trd, 4319954.793, 140
Trd, 4319954.943, 138
Trd, 4319956.143, 139
Trd, 4319957.093, 140
Trd, 4319957.543, 140
Trd, 4319957.793, 140
Trd, 4319957.943, 140
Trd, 4319958.343, 60
Trd, 4319959.443, 60
Trd, 4319959.793, 60
Trd, 4319960.443, 130
Trd, 4319961.493, 60
Trd, 4319962.143, 140
Trd, 4319962.443, 139
Trd, 4319964.343, 60
Trd, 4319965.193, 60
Trd, 4319965.243, 60
Trd, 4319965.643, 60
Trd, 4319965.993, 64
Trd, 4319966.293, 64
Trd, 4319966.993, 60
Trd, 4319968.393, 139
Trd, 4319968.493, 140
Trd, 4319969.443, 140
Trd, 4319970.143, 140
Trd, 4319971.193, 140
Trd, 4319971.343, 140
Trd, 4319971.393, 140
Trd, 4319971.443, 87
Trd, 4319972.393, 140
Trd, 4319972.693, 65
Trd, 4319972.843, 63
Trd, 4319974.293, 140
Trd, 4319975.093, 140
Trd, 4319977.743, 140
Trd, 4319978.043, 140
Trd, 4319978.543, 140
Trd, 4319978.593, 140
Trd, 4319978.693, 140
Trd, 4319979.893, 139
Trd, 4319980.443, 140
Trd, 4319982.093, 140
Trd, 4319982.193, 140
Trd, 4319982.243, 139
Trd, 4319982.293, 126
Trd, 4319982.943, 139
Trd, 4319984.143, 140
Trd, 4319985.693, 140
Trd, 4319985.993, 140
Trd, 4319986.543, 140
Trd, 4319987.093, 140
Trd, 4319987.943, 139
Trd, 4319989.343, 140
Trd, 4319989.443, 139
Trd, 4319989.693, 140
Trd, 4319990.843, 140
Trd, 4319991.093, 138
Trd, 4319991.293, 140
Trd, 4319991.343, 137
Trd, 4319991.693, 134
Trd, 4319993.093, 140
Trd, 4319994.143, 140
Trd, 4319994.443, 140
Trd, 4319994.593, 139
Trd, 4319995.793, 99
Trd, 4319996.043, 140
Trd, 4319997.393, 140
Trd, 4319997.893, 140
Trd, 4319998.793, 140
