Trd, 4318130.043, 121
Trd, 4318130.293, 109
Trd, 4318130.743, 75
Trd, 4318131.943, 105
Trd, 4318132.393, 103
Trd, 4318132.593, 99
Trd, 4318134.393, 91
Trd, 4318134.943, 120
Trd, 4318135.843, 94
Trd, 4318136.193, 90
Trd, 4318137.993, 82
Trd, 4318138.043, 90
Trd, 4318138.193, 98
Trd, 4318138.693, 94
Trd, 4318139.293, 78
Trd, 4318140.493, 105
Trd, 4318140.543, 104
Trd, 4318141.243, 98
Trd, 4318141.393, 95
Trd, 4318142.893, 123
Trd, 4318143.693, 113
Trd, 4318143.793, 111
Trd, 4318144.043, 105
Trd, 4318144.743, 128
Trd, 4318145.443, 63
Trd, 4318146.393, 62
Trd, 4318146.493, 78
Trd, 4318147.193, 64
Trd, 4318148.393, 89
Trd, 4318148.993, 102
Trd, 4318149.343, 100
Trd, 4318151.293, 101
Trd, 4318151.843, 96
Trd, 4318151.993, 102
Trd, 4318152.293, 86
Trd, 4318152.943, 120
Trd, 4318154.043, 61
Trd, 4318154.243, 73
Trd, 4318154.593, 88
Trd, 4318154.843, 95
Trd, 4318156.143, 103
Trd, 4318157.293, 98
Trd, 4318157.593, 65
Trd, 4318157.793, 93
Trd, 4318158.893, 128
Trd, 4318159.243, 68
Trd, 4318160.143, 99
Trd, 4318160.943, 104
Trd, 4318161.743, 107
Trd, 4318162.293, 116
Trd, 4318162.393, 101
Trd, 4318162.993, 91
Trd, 4318163.443, 87
Trd, 4318164.093, 127
Trd, 4318165.093, 71
Trd, 4318165.993, 67
Trd, 4318167.343, 136
Trd, 4318167.393, 84
Trd, 4318168.543, 84
Trd, 4318168.943, 104
Trd, 4318169.393, 93
Trd, 4318170.293, 108
Trd, 4318170.493, 89
Trd, 4318171.093, 85
Trd, 4318172.543, 79
Trd, 4318172.893, 87
Trd, 4318173.243, 69
Trd, 4318173.793, 69
Trd, 4318175.243, 88
Trd, 4318175.393, 89
Trd, 4318176.693, 75
Trd, 4318177.193, 114
Trd, 4318178.393, 81
Trd, 4318178.743, 114
Trd, 4318179.143, 114
Trd, 4318179.343, 99
Trd, 4318179.793, 78
Trd, 4318181.793, 132
Trd, 4318182.343, 127
Trd, 4318183.993, 119
Trd, 4318184.043, 113
Trd, 4318184.543, 101
Trd, 4318185.193, 112
Trd, 4318185.743, 109
Trd, 4318186.243, 102
Trd, 4318186.543, 113
Trd, 4318187.843, 87
Trd, 4318188.193, 71
Trd, 4318188.543, 69
Trd, 4318189.393, 66
Trd, 4318191.693, 104
Trd, 4318192.093, 98
Trd, 4318193.293, 100
Trd, 4318193.443, 89
Trd, 4318194.593, 63
Trd, 4318194.693, 70
Trd, 4318194.993, 84
Trd, 4318195.893, 84
Trd, 4318196.993, 65
Trd, 4318197.893, 117
Trd, 4318198.343, 126
Trd, 4318200.143, 83
Trd, 4318201.143, 72
Trd, 4318201.343, 70
Trd, 4318202.843, 89
Trd, 4318204.043, 95
Trd, 4318204.293, 101
Trd, 4318204.643, 85
Trd, 4318204.843, 84
Trd, 4318205.593, 104
Trd, 4318206.093, 104
Trd, 4318206.143, 102
Trd, 4318206.293, 92
Trd, 4318206.543, 131
Trd, 4318206.943, 109
Trd, 4318208.743, 82
Trd, 4318208.893, 74
Trd, 4318209.443, 65
Trd, 4318209.993, 62
Trd, 4318212.693, 88
Trd, 4318212.943, 119
Trd, 4318213.243, 84
Trd, 4318214.193, 67
Trd, 4318214.543, 90
Trd, 4318215.093, 98
Trd, 4318215.843, 97
Trd, 4318215.943, 65
Trd, 4318216.643, 90
Trd, 4318217.893, 137
Trd, 4318218.293, 136
Trd, 4318218.543, 129
Trd, 4318218.843, 74
Trd, 4318220.743, 82
Trd, 4318222.043, 107
Trd, 4318222.793, 140
Trd, 4318222.943, 131
Trd, 4318224.343, 129
Trd, 4318224.843, 122
Trd, 4318224.943, 117
Trd, 4318225.293, 120
Trd, 4318226.793, 62
Trd, 4318227.593, 134
Trd, 4318229.093, 91
Trd, 4318229.893, 103
Trd, 4318230.643, 90
Trd, 4318231.043, 90
Trd, 4318231.693, 105
Trd, 4318232.743, 94
Trd, 4318233.193, 87
Trd, 4318233.593, 100
Trd, 4318233.993, 85
Trd, 4318234.193, 71
Trd, 4318234.843, 75
Trd, 4318235.143, 86
Trd, 4318236.693, 65
Trd, 4318237.243, 67
Trd, 4318238.993, 80
Trd, 4318239.443, 74
Trd, 4318239.493, 69
Trd, 4318241.543, 90
Trd, 4318242.643, 74
Trd, 4318242.793, 70
Trd, 4318243.243, 80
Trd, 4318243.843, 95
Trd, 4318243.943, 71
Trd, 4318245.293, 90
Trd, 4318245.743, 69
Trd, 4318246.793, 107
Trd, 4318246.893, 104
Trd, 4318248.043, 116
Trd, 4318248.193, 115
Trd, 4318248.793, 99
Trd, 4318250.793, 108
Trd, 4318251.993, 123
Trd, 4318252.043, 122
Trd, 4318252.243, 112
Trd, 4318252.993, 99
Trd, 4318253.143, 116
Trd, 4318254.443, 92
Trd, 4318255.443, 84
Trd, 4318255.493, 93
Trd, 4318256.043, 84
Trd, 4318257.493, 80
Trd, 4318257.943, 75
Trd, 4318259.293, 75
Trd, 4318259.643, 64
Trd, 4318261.243, 101
Trd, 4318261.643, 109
Trd, 4318261.843, 100
Trd, 4318261.993, 103
Trd, 4318262.443, 119
Trd, 4318263.593, 104
Trd, 4318263.693, 82
Trd, 4318263.793, 84
Trd, 4318265.293, 69
Trd, 4318265.543, 82
Trd, 4318267.643, 75
Trd, 4318268.093, 60
Trd, 4318268.543, 77
Trd, 4318269.193, 66
Trd, 4318269.993, 124
Trd, 4318270.343, 113
Trd, 4318270.793, 111
Trd, 4318271.693, 114
Trd, 4318272.043, 88
Trd, 4318272.843, 97
Trd, 4318273.293, 97
Trd, 4318274.343, 93
Trd, 4318275.293, 95
Trd, 4318275.593, 133
Trd, 4318275.943, 119
Trd, 4318276.093, 103
Trd, 4318276.443, 86
Trd, 4318277.343, 87
Trd, 4318278.143, 62
Trd, 4318279.393, 89
Trd, 4318279.543, 86
Trd, 4318280.543, 105
Trd, 4318281.543, 85
Trd, 4318281.643, 82
Trd, 4318282.843, 86
Trd, 4318283.943, 120
Trd, 4318284.043, 109
Trd, 4318285.093, 125
Trd, 4318285.593, 119
Trd, 4318286.293, 109
Trd, 4318287.193, 129
Trd, 4318287.393, 114
Trd, 4318287.593, 79
Trd, 4318288.393, 111
Trd, 4318289.993, 122
Trd, 4318290.443, 111
Trd, 4318291.543, 100
Trd, 4318292.843, 105
Trd, 4318292.943, 101
Trd, 4318293.543, 65
Trd, 4318294.943, 62
Trd, 4318295.093, 76
Trd, 4318296.993, 64
Trd, 4318297.293, 76
Trd, 4318297.393, 85
Trd, 4318297.843, 105
Trd, 4318298.843, 94
Trd, 4318299.593, 92
Trd, 4318299.693, 83
Trd, 4318300.793, 61
Trd, 4318301.893, 64
Trd, 4318303.343, 78
Trd, 4318303.893, 93
Trd, 4318304.893, 96
Trd, 4318306.293, 113
Trd, 4318306.493, 78
Trd, 4318306.943, 97
Trd, 4318307.243, 76
Trd, 4318307.293, 71
Trd, 4318307.993, 131
Trd, 4318308.843, 121
Trd, 4318309.493, 100
Trd, 4318310.893, 101
Trd, 4318311.293, 98
Trd, 4318312.043, 96
Trd, 4318312.443, 98
Trd, 4318312.743, 93
Trd, 4318313.493, 110
Trd, 4318314.093, 89
Trd, 4318314.143, 87
Trd, 4318316.043, 94
Trd, 4318316.093, 92
Trd, 4318316.293, 90
Trd, 4318317.293, 78
Trd, 4318318.393, 111
Trd, 4318318.843, 66
Trd, 4318319.743, 75
Trd, 4318320.843, 76
Trd, 4318321.443, 76
Trd, 4318322.393, 93
Trd, 4318323.543, 85
Trd, 4318323.793, 123
Trd, 4318324.393, 113
Trd, 4318324.843, 105
Trd, 4318327.093, 124
Trd, 4318327.943, 123
Trd, 4318328.043, 116
Trd, 4318328.543, 103
Trd, 4318329.343, 128
Trd, 4318329.793, 121
Trd, 4318330.343, 115
Trd, 4318332.543, 140
Trd, 4318333.243, 132
Trd, 4318333.993, 115
Trd, 4318334.343, 128
Trd, 4318334.643, 98
Trd, 4318335.093, 97
Trd, 4318337.493, 91
Trd, 4318337.543, 89
Trd, 4318337.593, 81
Trd, 4318337.743, 67
Trd, 4318339.943, 61
Trd, 4318340.393, 60
Trd, 4318341.393, 76
Trd, 4318342.043, 95
Trd, 4318342.443, 101
Trd, 4318343.343, 120
Trd, 4318344.393, 127
Trd, 4318344.943, 121
Trd, 4318345.693, 116
Trd, 4318346.493, 98
Trd, 4318347.343, 78
Trd, 4318347.693, 128
Trd, 4318347.743, 75
Trd, 4318349.743, 77
Trd, 4318349.993, 139
Trd, 4318351.093, 125
Trd, 4318351.143, 118
Trd, 4318352.443, 123
Trd, 4318352.743, 99
Trd, 4318352.993, 91
Trd, 4318354.593, 64
Trd, 4318355.593, 95
Trd, 4318356.993, 105
Trd, 4318357.293, 106
Trd, 4318358.843, 116
Trd, 4318359.593, 88
Trd, 4318359.943, 109
Trd, 4318360.443, 131
Trd, 4318360.693, 88
Trd, 4318360.993, 97
Trd, 4318361.643, 101
Trd, 4318361.693, 96
Trd, 4318362.043, 86
Trd, 4318362.643, 76
Trd, 4318364.043, 66
Trd, 4318364.943, 74
Trd, 4318366.243, 63
Trd, 4318367.043, 63
Trd, 4318367.343, 64
Trd, 4318367.893, 67
Trd, 4318368.643, 74
Trd, 4318369.593, 119
Trd, 4318370.443, 74
Trd, 4318371.693, 79
Trd, 4318371.993, 71
Trd, 4318373.443, 83
Trd, 4318373.693, 135
Trd, 4318374.043, 77
Trd, 4318376.143, 62
Trd, 4318376.543, 67
Trd, 4318376.693, 83
Trd, 4318376.893, 71
Trd, 4318378.493, 76
Trd, 4318378.743, 128
Trd, 4318378.943, 64
Trd, 4318379.393, 63
Trd, 4318380.243, 79
Trd, 4318380.693, 110
Trd, 4318380.843, 103
Trd, 4318381.293, 91
Trd, 4318382.093, 97
Trd, 4318383.343, 96
Trd, 4318384.093, 81
Trd, 4318385.293, 87
Trd, 4318385.593, 98
Trd, 4318385.993, 119
Trd, 4318386.743, 64
Trd, 4318386.793, 81
Trd, 4318388.393, 60
Trd, 4318388.993, 107
Trd, 4318389.793, 106
Trd, 4318389.993, 105
Trd, 4318390.593, 102
Trd, 4318390.893, 105
Trd, 4318391.143, 98
Trd, 4318393.193, 85
Trd, 4318394.343, 124
Trd, 4318394.843, 117
Trd, 4318395.543, 94
Trd, 4318396.643, 99
Trd, 4318397.193, 109
Trd, 4318398.043, 103
Trd, 4318398.093, 101
Trd, 4318398.243, 116
Trd, 4318398.493, 109
Trd, 4318398.993, 124
Trd, 4318399.243, 123
Trd, 4318399.793, 122
Trd, 4318401.343, 80
Trd, 4318403.293, 111
Trd, 4318403.743, 108
Trd, 4318403.943, 100
Trd, 4318405.193, 69
Trd, 4318405.593, 64
Trd, 4318405.793, 88
Trd, 4318408.693, 79
Trd, 4318408.893, 117
Trd, 4318409.393, 98
Trd, 4318410.193, 75
Trd, 4318410.493, 119
Trd, 4318411.043, 91
Trd, 4318411.143, 74
Trd, 4318411.243, 62
Trd, 4318411.493, 93
Trd, 4318412.893, 116
Trd, 4318412.943, 118
Trd, 4318414.043, 120
Trd, 4318414.293, 101
Trd, 4318414.843, 99
Trd, 4318416.193, 133
Trd, 4318417.493, 128
Trd, 4318417.643, 121
Trd, 4318417.843, 121
Trd, 4318418.293, 119
Trd, 4318418.593, 68
Trd, 4318421.043, 125
Trd, 4318421.543, 118
Trd, 4318421.593, 107
Trd, 4318421.943, 123
Trd, 4318422.043, 106
Trd, 4318424.543, 124
Trd, 4318425.493, 118
Trd, 4318425.693, 114
Trd, 4318425.743, 113
Trd, 4318426.893, 101
Trd, 4318426.993, 100
Trd, 4318427.643, 123
Trd, 4318427.993, 87
Trd, 4318428.743, 90
Trd, 4318429.993, 63
Trd, 4318430.093, 65
Trd, 4318430.293, 73
Trd, 4318430.843, 90
Trd, 4318432.093, 65
Trd, 4318432.293, 77
Trd, 4318433.643, 137
Trd, 4318433.943, 115
Trd, 4318435.743, 103
Trd, 4318436.543, 123
Trd, 4318437.693, 112
Trd, 4318439.343, 87
Trd, 4318440.193, 81
Trd, 4318440.293, 79
Trd, 4318441.293, 68
Trd, 4318441.693, 89
Trd, 4318442.493, 64
Trd, 4318442.843, 60
Trd, 4318444.143, 89
Trd, 4318444.593, 85
Trd, 4318445.143, 80
Trd, 4318445.293, 71
Trd, 4318446.243, 67
Trd, 4318446.743, 60
Trd, 4318446.893, 64
Trd, 4318448.143, 64
Trd, 4318449.043, 69
Trd, 4318449.793, 64
Trd, 4318450.843, 123
Trd, 4318451.493, 85
Trd, 4318451.693, 83
Trd, 4318452.393, 114
Trd, 4318453.443, 110
Trd, 4318454.343, 89
Trd, 4318455.393, 88
Trd, 4318455.643, 85
Trd, 4318456.243, 117
Trd, 4318456.393, 105
Trd, 4318456.943, 96
Trd, 4318458.093, 67
Trd, 4318458.693, 84
Trd, 4318458.743, 97
Trd, 4318460.443, 114
Trd, 4318460.693, 103
Trd, 4318461.443, 102
Trd, 4318462.493, 103
Trd, 4318463.343, 76
Trd, 4318463.693, 89
Trd, 4318464.443, 70
Trd, 4318465.093, 71
Trd, 4318466.543, 69
Trd, 4318467.143, 71
Trd, 4318467.543, 90
Trd, 4318469.343, 108
Trd, 4318469.543, 103
Trd, 4318470.093, 100
Trd, 4318471.343, 131
Trd, 4318472.043, 85
Trd, 4318472.343, 89
Trd, 4318473.293, 124
Trd, 4318473.343, 84
Trd, 4318474.393, 75
Trd, 4318474.793, 67
Trd, 4318475.593, 74
Trd, 4318475.943, 66
Trd, 4318476.893, 71
Trd, 4318477.343, 92
Trd, 4318478.143, 75
Trd, 4318478.793, 100
Trd, 4318479.793, 112
Trd, 4318480.793, 100
Trd, 4318481.443, 105
Trd, 4318482.193, 106
Trd, 4318482.343, 104
Trd, 4318482.743, 100
Trd, 4318484.943, 139
Trd, 4318485.243, 127
Trd, 4318485.343, 108
Trd, 4318485.593, 84
Trd, 4318486.443, 124
Trd, 4318487.643, 94
Trd, 4318488.593, 116
Trd, 4318489.593, 110
Trd, 4318489.993, 120
Trd, 4318490.493, 104
Trd, 4318491.793, 72
Trd, 4318492.543, 82
Trd, 4318493.093, 79
Trd, 4318494.043, 63
Trd, 4318495.643, 61
Trd, 4318496.193, 62
Trd, 4318496.243, 70
Trd, 4318497.143, 80
Trd, 4318497.393, 68
Trd, 4318498.643, 103
Trd, 4318499.343, 99
Trd, 4318499.693, 93
Trd, 4318500.793, 79
Trd, 4318500.893, 82
Trd, 4318501.993, 128
Trd, 4318502.343, 127
Trd, 4318502.543, 120
Trd, 4318503.943, 89
Trd, 4318504.843, 85
Trd, 4318505.993, 84
Trd, 4318506.743, 121
Trd, 4318506.793, 78
Trd, 4318507.293, 114
Trd, 4318507.993, 94
Trd, 4318508.743, 93
Trd, 4318508.943, 79
Trd, 4318509.243, 78
Trd, 4318510.543, 77
Trd, 4318510.943, 68
Trd, 4318512.343, 100
Trd, 4318513.743, 109
Trd, 4318514.743, 128
Trd, 4318515.993, 113
Trd, 4318516.593, 68
Trd, 4318517.593, 68
Trd, 4318518.243, 61
Trd, 4318518.493, 112
Trd, 4318518.593, 110
Trd, 4318520.093, 71
Trd, 4318520.143, 78
Trd, 4318521.443, 64
Trd, 4318521.943, 120
Trd, 4318522.193, 106
Trd, 4318522.943, 76
Trd, 4318523.943, 105
Trd, 4318524.743, 66
Trd, 4318524.993, 92
Trd, 4318525.943, 113
Trd, 4318526.393, 92
Trd, 4318527.343, 98
Trd, 4318527.393, 88
Trd, 4318528.343, 66
Trd, 4318530.243, 92
Trd, 4318530.543, 100
Trd, 4318530.743, 91
Trd, 4318531.193, 104
Trd, 4318533.943, 121
Trd, 4318534.043, 101
Trd, 4318534.693, 89
Trd, 4318534.843, 88
Trd, 4318534.993, 67
Trd, 4318535.943, 65
Trd, 4318536.243, 67
Trd, 4318537.493, 67
Trd, 4318537.893, 64
Trd, 4318537.993, 75
Trd, 4318538.143, 110
Trd, 4318538.393, 129
Trd, 4318540.043, 92
Trd, 4318540.893, 94
Trd, 4318541.093, 93
Trd, 4318541.743, 76
Trd, 4318542.293, 90
Trd, 4318543.193, 79
Trd, 4318543.843, 94
Trd, 4318544.043, 68
Trd, 4318544.293, 82
Trd, 4318544.793, 93
Trd, 4318545.343, 68
Trd, 4318547.843, 76
Trd, 4318548.793, 91
Trd, 4318549.243, 88
Trd, 4318549.943, 74
Trd, 4318550.893, 64
Trd, 4318551.043, 82
Trd, 4318552.043, 62
Trd, 4318552.693, 119
Trd, 4318553.543, 134
Trd, 4318554.243, 109
Trd, 4318555.093, 61
Trd, 4318555.843, 123
Trd, 4318556.593, 109
Trd, 4318557.893, 130
Trd, 4318558.493, 132
Trd, 4318558.543, 119
Trd, 4318558.793, 103
Trd, 4318558.843, 101
Trd, 4318559.893, 98
Trd, 4318560.193, 93
Trd, 4318560.743, 66
Trd, 4318561.943, 109
Trd, 4318562.043, 93
Trd, 4318562.243, 90
Trd, 4318563.243, 137
Trd, 4318564.393, 91
Trd, 4318565.243, 88
Trd, 4318565.543, 84
Trd, 4318565.943, 93
Trd, 4318566.343, 75
Trd, 4318568.943, 63
Trd, 4318569.843, 65
Trd, 4318570.643, 62
Trd, 4318570.843, 74
Trd, 4318571.443, 96
Trd, 4318572.093, 69
Trd, 4318572.393, 67
Trd, 4318573.793, 68
Trd, 4318574.043, 109
Trd, 4318574.193, 64
Trd, 4318577.243, 111
Trd, 4318577.643, 107
Trd, 4318577.693, 80
Trd, 4318578.143, 71
Trd, 4318578.193, 72
Trd, 4318578.293, 116
Trd, 4318578.593, 70
Trd, 4318579.543, 65
Trd, 4318580.093, 125
Trd, 4318581.593, 66
Trd, 4318582.293, 76
Trd, 4318582.593, 93
Trd, 4318584.093, 91
Trd, 4318585.243, 82
Trd, 4318585.993, 81
Trd, 4318586.343, 79
Trd, 4318586.693, 108
Trd, 4318587.393, 102
Trd, 4318588.593, 105
Trd, 4318589.793, 135
Trd, 4318590.293, 128
Trd, 4318590.743, 122
Trd, 4318591.093, 115
Trd, 4318591.893, 109
Trd, 4318592.993, 101
Trd, 4318593.643, 127
Trd, 4318593.893, 115
Trd, 4318594.943, 130
Trd, 4318595.343, 102
Trd, 4318596.693, 104
Trd, 4318596.843, 103
Trd, 4318596.943, 97
Trd, 4318597.493, 85
Trd, 4318598.043, 122
Trd, 4318598.593, 110
Trd, 4318599.843, 105
Trd, 4318599.943, 102
Trd, 4318600.493, 65
Trd, 4318600.743, 90
Trd, 4318601.143, 83
Trd, 4318602.243, 92
Trd, 4318603.243, 77
Trd, 4318603.593, 71
Trd, 4318604.243, 87
Trd, 4318604.393, 85
Trd, 4318604.843, 84
Trd, 4318606.343, 60
Trd, 4318607.693, 63
Trd, 4318607.943, 80
Trd, 4318609.093, 63
Trd, 4318609.243, 86
Trd, 4318609.943, 99
Trd, 4318610.743, 100
Trd, 4318611.543, 107
Trd, 4318612.793, 60
Trd, 4318614.643, 62
Trd, 4318614.743, 83
Trd, 4318615.093, 67
Trd, 4318615.543, 71
Trd, 4318615.593, 74
Trd, 4318615.843, 66
Trd, 4318617.643, 65
Trd, 4318618.543, 62
Trd, 4318618.793, 94
Trd, 4318619.193, 109
Trd, 4318620.543, 78
Trd, 4318621.143, 95
Trd, 4318621.543, 96
Trd, 4318622.143, 94
Trd, 4318622.943, 139
Trd, 4318623.293, 105
Trd, 4318624.143, 91
Trd, 4318625.293, 107
Trd, 4318626.143, 93
Trd, 4318626.243, 91
Trd, 4318627.443, 63
Trd, 4318627.643, 68
Trd, 4318627.893, 68
Trd, 4318628.743, 67
Trd, 4318629.743, 70
Trd, 4318631.543, 63
Trd, 4318631.643, 64
Trd, 4318632.843, 72
Trd, 4318633.393, 77
Trd, 4318633.793, 72
Trd, 4318634.843, 80
Trd, 4318636.593, 100
Trd, 4318636.743, 84
Trd, 4318638.043, 84
Trd, 4318638.543, 80
Trd, 4318638.943, 65
Trd, 4318639.793, 112
Trd, 4318639.993, 115
Trd, 4318641.043, 75
Trd, 4318641.943, 82
Trd, 4318641.993, 76
Trd, 4318642.843, 119
Trd, 4318643.743, 95
Trd, 4318645.093, 97
Trd, 4318645.893, 101
Trd, 4318646.293, 113
Trd, 4318646.343, 88
Trd, 4318647.493, 121
Trd, 4318647.543, 103
Trd, 4318648.743, 100
Trd, 4318648.893, 123
Trd, 4318648.943, 96
Trd, 4318649.393, 96
Trd, 4318650.843, 75
Trd, 4318652.043, 80
Trd, 4318652.543, 72
Trd, 4318653.093, 137
Trd, 4318653.793, 129
Trd, 4318654.693, 123
Trd, 4318656.293, 116
Trd, 4318656.993, 110
Trd, 4318657.443, 105
Trd, 4318657.643, 102
Trd, 4318658.593, 101
Trd, 4318658.993, 109
Trd, 4318659.043, 84
Trd, 4318659.493, 66
Trd, 4318660.843, 109
Trd, 4318661.343, 97
Trd, 4318661.843, 94
Trd, 4318661.943, 86
Trd, 4318662.493, 118
Trd, 4318662.693, 117
Trd, 4318664.293, 87
Trd, 4318664.893, 114
Trd, 4318666.343, 110
Trd, 4318666.593, 103
Trd, 4318668.093, 95
Trd, 4318669.393, 87
Trd, 4318669.493, 76
Trd, 4318669.693, 94
Trd, 4318671.393, 92
Trd, 4318672.893, 92
Trd, 4318673.243, 87
Trd, 4318673.293, 94
Trd, 4318674.543, 80
Trd, 4318674.943, 67
Trd, 4318675.643, 69
Trd, 4318675.743, 71
Trd, 4318676.093, 82
Trd, 4318676.543, 75
Trd, 4318677.093, 111
Trd, 4318677.943, 108
Trd, 4318678.193, 106
Trd, 4318678.243, 84
Trd, 4318680.193, 65
Trd, 4318683.193, 66
Trd, 4318683.643, 69
Trd, 4318684.093, 65
Trd, 4318684.493, 75
Trd, 4318685.093, 67
Trd, 4318685.143, 71
Trd, 4318686.043, 79
Trd, 4318686.193, 77
Trd, 4318686.493, 74
Trd, 4318686.893, 104
Trd, 4318688.943, 123
Trd, 4318689.143, 120
Trd, 4318689.643, 118
Trd, 4318690.293, 116
Trd, 4318690.643, 107
Trd, 4318690.793, 105
Trd, 4318690.993, 97
Trd, 4318692.843, 67
Trd, 4318693.393, 65
Trd, 4318693.443, 63
Trd, 4318693.843, 68
Trd, 4318694.593, 118
Trd, 4318697.093, 103
Trd, 4318697.643, 107
Trd, 4318697.943, 102
Trd, 4318698.143, 91
Trd, 4318698.943, 62
Trd, 4318699.643, 115
Trd, 4318700.693, 105
Trd, 4318701.143, 136
Trd, 4318702.293, 113
Trd, 4318703.143, 104
Trd, 4318703.343, 88
Trd, 4318703.743, 134
Trd, 4318704.843, 110
Trd, 4318705.543, 98
Trd, 4318708.443, 121
Trd, 4318709.193, 126
Trd, 4318709.293, 114
Trd, 4318710.643, 110
Trd, 4318710.993, 119
Trd, 4318711.143, 104
Trd, 4318711.293, 94
Trd, 4318713.043, 64
Trd, 4318713.143, 72
Trd, 4318713.393, 76
Trd, 4318714.843, 61
Trd, 4318715.393, 68
Trd, 4318715.693, 116
Trd, 4318715.893, 73
Trd, 4318717.143, 120
Trd, 4318717.793, 92
Trd, 4318717.843, 89
Trd, 4318718.643, 96
Trd, 4318721.043, 138
Trd, 4318721.293, 131
Trd, 4318721.693, 125
Trd, 4318721.893, 105
Trd, 4318722.143, 119
Trd, 4318722.943, 73
Trd, 4318723.193, 118
Trd, 4318723.543, 114
Trd, 4318726.593, 107
Trd, 4318727.043, 85
Trd, 4318727.993, 104
Trd, 4318728.143, 98
Trd, 4318728.193, 76
Trd, 4318728.243, 76
Trd, 4318729.593, 73
Trd, 4318730.843, 62
Trd, 4318732.743, 106
Trd, 4318733.493, 64
Trd, 4318733.893, 82
Trd, 4318734.793, 81
Trd, 4318735.443, 95
Trd, 4318736.093, 125
Trd, 4318736.193, 94
Trd, 4318736.293, 84
Trd, 4318736.893, 77
Trd, 4318737.343, 101
Trd, 4318740.093, 65
Trd, 4318740.143, 114
Trd, 4318740.793, 60
Trd, 4318742.243, 82
Trd, 4318742.643, 76
Trd, 4318742.693, 88
Trd, 4318743.243, 71
Trd, 4318744.293, 66
Trd, 4318744.893, 109
Trd, 4318745.393, 102
Trd, 4318745.443, 96
Trd, 4318746.293, 105
Trd, 4318746.693, 87
Trd, 4318747.093, 86
Trd, 4318747.643, 134
Trd, 4318748.393, 87
Trd, 4318748.493, 86
Trd, 4318749.743, 117
Trd, 4318751.243, 130
Trd, 4318751.293, 123
Trd, 4318751.443, 123
Trd, 4318751.843, 81
Trd, 4318753.593, 123
Trd, 4318754.393, 120
Trd, 4318754.443, 114
Trd, 4318754.893, 103
Trd, 4318755.693, 107
Trd, 4318757.643, 64
Trd, 4318757.693, 72
Trd, 4318758.343, 122
Trd, 4318758.643, 95
Trd, 4318758.793, 94
Trd, 4318760.143, 111
Trd, 4318760.693, 103
Trd, 4318761.343, 101
Trd, 4318763.293, 66
Trd, 4318763.793, 60
Trd, 4318764.843, 63
Trd, 4318765.843, 95
Trd, 4318766.543, 131
Trd, 4318767.293, 136
Trd, 4318767.893, 96
Trd, 4318768.843, 125
Trd, 4318768.993, 102
Trd, 4318770.343, 98
Trd, 4318771.143, 102
Trd, 4318771.243, 102
Trd, 4318771.843, 94
Trd, 4318771.943, 77
Trd, 4318773.343, 91
Trd, 4318774.193, 108
Trd, 4318774.243, 91
Trd, 4318774.743, 106
Trd, 4318775.343, 106
Trd, 4318775.843, 93
Trd, 4318776.043, 92
Trd, 4318776.893, 71
Trd, 4318777.293, 63
Trd, 4318777.693, 61
Trd, 4318778.043, 61
Trd, 4318779.243, 79
Trd, 4318780.693, 62
Trd, 4318781.493, 73
Trd, 4318781.693, 86
Trd, 4318781.943, 131
Trd, 4318782.593, 83
Trd, 4318782.643, 97
Trd, 4318783.393, 74
Trd, 4318786.243, 77
Trd, 4318786.743, 103
Trd, 4318786.893, 94
Trd, 4318787.043, 95
Trd, 4318787.693, 91
Trd, 4318788.093, 90
Trd, 4318788.343, 103
Trd, 4318789.093, 99
Trd, 4318790.943, 122
Trd, 4318791.293, 66
Trd, 4318792.193, 68
Trd, 4318793.443, 65
Trd, 4318793.893, 133
Trd, 4318793.943, 61
Trd, 4318794.143, 116
Trd, 4318795.443, 65
Trd, 4318796.393, 89
Trd, 4318797.693, 60
Trd, 4318797.743, 62
Trd, 4318798.893, 74
Trd, 4318799.743, 97
Trd, 4318800.143, 138
Trd, 4318800.593, 76
Trd, 4318801.343, 78
Trd, 4318801.493, 66
Trd, 4318802.493, 88
Trd, 4318802.693, 66
Trd, 4318804.343, 118
Trd, 4318805.043, 138
Trd, 4318806.043, 115
Trd, 4318806.193, 104
Trd, 4318806.343, 100
Trd, 4318806.493, 97
Trd, 4318806.793, 80
Trd, 4318808.043, 79
Trd, 4318808.993, 92
Trd, 4318809.393, 77
Trd, 4318809.793, 88
Trd, 4318810.693, 94
Trd, 4318810.943, 98
Trd, 4318811.193, 93
Trd, 4318812.293, 97
Trd, 4318812.743, 123
Trd, 4318813.693, 113
Trd, 4318816.193, 135
Trd, 4318816.293, 135
Trd, 4318816.443, 127
Trd, 4318817.243, 92
Trd, 4318818.043, 70
Trd, 4318818.393, 75
Trd, 4318818.593, 63
Trd, 4318819.143, 80
Trd, 4318819.643, 102
Trd, 4318820.993, 103
Trd, 4318821.393, 96
Trd, 4318821.993, 92
Trd, 4318822.643, 74
Trd, 4318824.643, 106
Trd, 4318825.143, 106
Trd, 4318825.443, 95
Trd, 4318825.993, 74
Trd, 4318826.593, 111
Trd, 4318827.143, 139
Trd, 4318828.043, 98
Trd, 4318828.393, 123
Trd, 4318828.493, 93
Trd, 4318828.743, 92
Trd, 4318830.193, 111
Trd, 4318831.743, 104
Trd, 4318832.293, 116
Trd, 4318832.643, 105
Trd, 4318833.443, 115
Trd, 4318833.543, 109
Trd, 4318834.243, 121
Trd, 4318834.843, 100
Trd, 4318836.693, 98
Trd, 4318837.143, 101
Trd, 4318837.543, 62
Trd, 4318838.243, 82
Trd, 4318838.943, 117
Trd, 4318839.893, 98
Trd, 4318840.493, 97
Trd, 4318841.743, 102
Trd, 4318841.993, 98
Trd, 4318842.193, 89
Trd, 4318843.243, 99
Trd, 4318844.293, 62
Trd, 4318845.543, 78
Trd, 4318845.643, 78
Trd, 4318847.043, 79
Trd, 4318847.543, 108
Trd, 4318848.343, 78
Trd, 4318848.843, 90
Trd, 4318849.043, 79
Trd, 4318849.593, 78
Trd, 4318850.193, 81
Trd, 4318850.493, 77
Trd, 4318852.893, 64
Trd, 4318853.043, 60
Trd, 4318853.693, 62
Trd, 4318854.293, 68
Trd, 4318855.243, 60
Trd, 4318855.943, 71
Trd, 4318856.193, 79
Trd, 4318857.243, 93
Trd, 4318857.793, 90
Trd, 4318857.993, 111
Trd, 4318858.743, 83
Trd, 4318859.443, 99
Trd, 4318860.143, 117
Trd, 4318860.243, 85
Trd, 4318863.193, 97
Trd, 4318863.343, 93
Trd, 4318863.393, 93
Trd, 4318863.943, 110
Trd, 4318864.143, 107
Trd, 4318864.593, 84
Trd, 4318864.993, 83
Trd, 4318865.593, 77
Trd, 4318867.143, 85
Trd, 4318867.743, 122
Trd, 4318867.893, 90
Trd, 4318868.543, 85
Trd, 4318868.993, 66
Trd, 4318869.893, 119
Trd, 4318870.843, 87
Trd, 4318871.943, 60
Trd, 4318872.743, 82
Trd, 4318872.893, 81
Trd, 4318875.043, 93
Trd, 4318876.693, 117
Trd, 4318876.843, 105
Trd, 4318877.293, 102
Trd, 4318878.243, 108
Trd, 4318878.343, 99
Trd, 4318879.143, 94
Trd, 4318879.993, 121
Trd, 4318880.493, 69
Trd, 4318881.343, 123
Trd, 4318881.393, 122
Trd, 4318882.293, 89
Trd, 4318882.743, 77
Trd, 4318883.443, 107
Trd, 4318884.893, 87
Trd, 4318885.043, 83
Trd, 4318887.093, 72
Trd, 4318887.443, 88
Trd, 4318888.393, 63
Trd, 4318888.493, 77
Trd, 4318888.743, 83
Trd, 4318889.643, 66
Trd, 4318890.043, 67
Trd, 4318891.343, 85
Trd, 4318892.593, 130
Trd, 4318893.493, 93
Trd, 4318893.743, 96
Trd, 4318894.093, 116
Trd, 4318897.093, 109
Trd, 4318897.193, 108
Trd, 4318897.543, 103
Trd, 4318897.693, 97
Trd, 4318897.793, 121
Trd, 4318898.443, 96
Trd, 4318898.693, 76
Trd, 4318900.693, 117
Trd, 4318900.893, 85
Trd, 4318901.643, 83
Trd, 4318902.593, 93
Trd, 4318903.193, 88
Trd, 4318904.193, 110
Trd, 4318905.243, 120
Trd, 4318905.493, 119
Trd, 4318905.993, 139
Trd, 4318906.043, 138
Trd, 4318906.743, 114
Trd, 4318907.743, 73
Trd, 4318908.543, 81
Trd, 4318909.143, 71
Trd, 4318909.693, 78
Trd, 4318911.343, 83
Trd, 4318911.643, 80
Trd, 4318911.993, 102
Trd, 4318913.393, 76
Trd, 4318914.343, 104
Trd, 4318914.793, 103
Trd, 4318915.743, 96
Trd, 4318916.393, 81
Trd, 4318916.593, 136
Trd, 4318917.243, 108
Trd, 4318917.843, 140
Trd, 4318918.593, 86
Trd, 4318918.943, 93
Trd, 4318919.143, 91
Trd, 4318920.443, 85
Trd, 4318921.343, 138
Trd, 4318921.593, 116
Trd, 4318923.343, 93
Trd, 4318923.943, 110
Trd, 4318924.293, 103
Trd, 4318924.743, 90
Trd, 4318925.043, 89
Trd, 4318925.643, 87
Trd, 4318926.693, 79
Trd, 4318927.543, 87
Trd, 4318927.993, 78
Trd, 4318929.393, 110
Trd, 4318929.493, 64
Trd, 4318930.943, 60
Trd, 4318931.443, 68
Trd, 4318932.193, 65
Trd, 4318932.843, 72
Trd, 4318933.543, 75
Trd, 4318934.243, 62
Trd, 4318936.043, 63
Trd, 4318936.843, 65
Trd, 4318938.793, 86
Trd, 4318939.243, 102
Trd, 4318939.993, 106
Trd, 4318940.343, 71
Trd, 4318941.443, 124
Trd, 4318941.993, 117
Trd, 4318942.343, 111
Trd, 4318943.893, 93
Trd, 4318944.593, 126
Trd, 4318945.043, 107
Trd, 4318945.093, 105
Trd, 4318945.693, 68
Trd, 4318946.093, 103
Trd, 4318946.293, 100
Trd, 4318946.493, 69
Trd, 4318947.543, 89
Trd, 4318948.293, 84
Trd, 4318949.743, 79
Trd, 4318950.043, 75
Trd, 4318950.543, 81
Trd, 4318950.743, 107
Trd, 4318952.043, 101
Trd, 4318952.343, 107
Trd, 4318952.843, 107
Trd, 4318953.843, 100
Trd, 4318953.993, 106
Trd, 4318954.593, 129
Trd, 4318956.193, 104
Trd, 4318956.243, 102
Trd, 4318956.893, 105
Trd, 4318957.493, 99
Trd, 4318958.093, 123
Trd, 4318958.543, 95
Trd, 4318958.893, 126
Trd, 4318959.793, 117
Trd, 4318961.143, 98
Trd, 4318963.143, 103
Trd, 4318963.243, 100
Trd, 4318963.443, 107
Trd, 4318964.593, 98
Trd, 4318964.893, 98
Trd, 4318965.493, 90
Trd, 4318965.693, 114
Trd, 4318967.543, 120
Trd, 4318968.193, 95
Trd, 4318968.343, 66
Trd, 4318969.193, 60
Trd, 4318969.243, 83
Trd, 4318969.893, 99
Trd, 4318971.343, 101
Trd, 4318971.493, 94
Trd, 4318972.643, 115
Trd, 4318973.543, 97
Trd, 4318973.593, 68
Trd, 4318974.893, 64
Trd, 4318975.793, 67
Trd, 4318976.543, 77
Trd, 4318976.593, 66
Trd, 4318976.843, 78
Trd, 4318978.243, 67
Trd, 4318979.293, 67
Trd, 4318980.643, 78
Trd, 4318981.093, 81
Trd, 4318981.893, 103
Trd, 4318981.993, 86
Trd, 4318982.493, 84
Trd, 4318983.493, 95
Trd, 4318984.143, 126
Trd, 4318984.843, 82
Trd, 4318986.043, 136
Trd, 4318986.593, 130
Trd, 4318988.343, 125
Trd, 4318989.043, 119
Trd, 4318989.943, 108
Trd, 4318990.093, 123
Trd, 4318990.243, 103
Trd, 4318991.793, 122
Trd, 4318992.093, 116
Trd, 4318993.243, 76
Trd, 4318993.393, 74
Trd, 4318994.243, 87
Trd, 4318995.393, 126
Trd, 4318995.493, 124
Trd, 4318996.993, 98
Trd, 4318997.193, 105
Trd, 4318997.343, 99
Trd, 4318997.743, 99
Trd, 4319000.043, 69
Trd, 4319000.943, 77
Trd, 4319000.993, 99
Trd, 4319001.443, 78
Trd, 4319003.043, 69
Trd, 4319003.793, 93
Trd, 4319005.093, 104
Trd, 4319005.143, 94
Trd, 4319005.293, 85
Trd, 4319006.193, 93
Trd, 4319006.443, 67
Trd, 4319006.893, 131
Trd, 4319007.993, 119
Trd, 4319008.243, 118
Trd, 4319008.443, 67
Trd, 4319009.343, 84
Trd, 4319009.493, 94
Trd, 4319010.093, 101
Trd, 4319011.293, 121
Trd, 4319012.393, 117
Trd, 4319012.743, 105
Trd, 4319014.443, 80
Trd, 4319014.543, 72
Trd, 4319015.593, 71
Trd, 4319016.593, 63
Trd, 4319017.893, 68
Trd, 4319017.943, 67
Trd, 4319018.893, 107
Trd, 4319019.843, 99
Trd, 4319020.743, 70
Trd, 4319022.593, 68
Trd, 4319023.043, 69
Trd, 4319023.743, 78
Trd, 4319024.043, 72
Trd, 4319025.443, 85
Trd, 4319025.643, 111
Trd, 4319025.993, 82
Trd, 4319027.043, 77
Trd, 4319028.293, 94
Trd, 4319029.043, 100
Trd, 4319029.543, 99
Trd, 4319030.393, 98
Trd, 4319030.493, 97
Trd, 4319030.543, 86
Trd, 4319032.643, 65
Trd, 4319033.043, 70
Trd, 4319033.743, 67
Trd, 4319033.843, 73
Trd, 4319034.943, 72
Trd, 4319036.193, 104
Trd, 4319036.593, 101
Trd, 4319037.143, 122
Trd, 4319037.243, 95
Trd, 4319037.693, 71
Trd, 4319039.193, 117
Trd, 4319040.143, 70
Trd, 4319041.143, 119
Trd, 4319041.893, 60
Trd, 4319042.093, 71
Trd, 4319042.543, 60
Trd, 4319042.843, 60
Trd, 4319045.243, 76
Trd, 4319046.193, 80
Trd, 4319046.743, 80
Trd, 4319047.293, 79
Trd, 4319048.043, 84
Trd, 4319048.443, 83
Trd, 4319049.893, 111
Trd, 4319049.943, 105
Trd, 4319049.993, 105
Trd, 4319050.843, 74
Trd, 4319051.843, 89
Trd, 4319052.193, 101
Trd, 4319052.743, 83
Trd, 4319053.143, 63
Trd, 4319054.743, 80
Trd, 4319054.793, 81
Trd, 4319055.093, 122
Trd, 4319055.693, 121
Trd, 4319056.143, 128
Trd, 4319058.843, 86
Trd, 4319059.043, 87
Trd, 4319059.243, 83
Trd, 4319059.693, 82
Trd, 4319060.293, 75
Trd, 4319060.593, 73
Trd, 4319061.743, 66
Trd, 4319062.043, 69
Trd, 4319062.593, 79
Trd, 4319063.693, 67
Trd, 4319064.943, 63
Trd, 4319065.693, 61
Trd, 4319066.743, 63
Trd, 4319068.093, 69
Trd, 4319068.143, 67
Trd, 4319068.343, 67
Trd, 4319069.543, 64
Trd, 4319069.593, 74
Trd, 4319070.293, 81
Trd, 4319071.243, 64
Trd, 4319071.393, 61
Trd, 4319072.093, 78
Trd, 4319073.293, 107
Trd, 4319074.243, 130
Trd, 4319074.343, 118
Trd, 4319074.693, 113
Trd, 4319075.343, 95
Trd, 4319075.393, 93
Trd, 4319075.943, 82
Trd, 4319076.943, 90
Trd, 4319077.343, 99
Trd, 4319078.243, 86
Trd, 4319079.193, 84
Trd, 4319079.893, 120
Trd, 4319080.293, 79
Trd, 4319080.643, 116
Trd, 4319082.693, 77
Trd, 4319084.643, 106
Trd, 4319085.193, 101
Trd, 4319086.293, 138
Trd, 4319087.043, 130
Trd, 4319087.293, 112
Trd, 4319088.343, 103
Trd, 4319088.443, 85
Trd, 4319089.393, 111
Trd, 4319090.693, 137
Trd, 4319091.143, 114
Trd, 4319091.243, 110
Trd, 4319092.193, 120
Trd, 4319092.743, 137
Trd, 4319093.243, 124
Trd, 4319094.393, 118
Trd, 4319095.043, 109
Trd, 4319095.293, 108
Trd, 4319095.543, 94
Trd, 4319097.093, 75
Trd, 4319097.593, 80
Trd, 4319098.443, 111
Trd, 4319099.093, 107
Trd, 4319099.243, 99
Trd, 4319099.843, 92
Trd, 4319100.993, 61
Trd, 4319101.293, 119
Trd, 4319102.393, 98
Trd, 4319103.643, 95
Trd, 4319103.893, 113
Trd, 4319104.443, 89
Trd, 4319104.843, 87
Trd, 4319105.743, 121
Trd, 4319106.293, 73
Trd, 4319107.343, 102
Trd, 4319107.693, 115
Trd, 4319108.693, 118
Trd, 4319109.093, 107
Trd, 4319109.693, 95
Trd, 4319110.843, 131
Trd, 4319111.043, 123
Trd, 4319111.743, 114
Trd, 4319111.793, 113
Trd, 4319111.893, 110
Trd, 4319113.193, 99
Trd, 4319114.343, 60
Trd, 4319116.393, 109
Trd, 4319116.493, 104
Trd, 4319116.893, 100
Trd, 4319118.243, 92
Trd, 4319118.693, 114
Trd, 4319118.943, 97
Trd, 4319119.343, 110
Trd, 4319119.693, 115
Trd, 4319120.693, 111
Trd, 4319121.143, 103
Trd, 4319121.243, 92
Trd, 4319121.843, 73
Trd, 4319124.243, 114
Trd, 4319124.843, 130
Trd, 4319125.393, 81
Trd, 4319125.493, 68
Trd, 4319126.693, 110
Trd, 4319126.993, 110
Trd, 4319127.943, 82
Trd, 4319128.843, 82
Trd, 4319129.843, 76
Trd, 4319130.043, 78
Trd, 4319130.393, 78
Trd, 4319130.893, 71
Trd, 4319131.393, 94
Trd, 4319131.943, 66
Trd, 4319133.693, 83
Trd, 4319134.893, 102
Trd, 4319135.993, 89
Trd, 4319136.143, 88
Trd, 4319136.693, 81
Trd, 4319137.143, 85
Trd, 4319137.293, 71
Trd, 4319138.393, 92
Trd, 4319140.393, 97
Trd, 4319140.643, 93
Trd, 4319140.993, 96
Trd, 4319141.493, 93
Trd, 4319141.593, 91
Trd, 4319142.193, 89
Trd, 4319142.693, 101
Trd, 4319143.593, 63
Trd, 4319145.193, 103
Trd, 4319146.793, 113
Trd, 4319147.043, 127
Trd, 4319147.943, 100
Trd, 4319148.543, 139
Trd, 4319148.843, 101
Trd, 4319149.893, 125
Trd, 4319150.093, 102
Trd, 4319152.043, 105
Trd, 4319153.043, 126
Trd, 4319153.293, 111
Trd, 4319153.543, 108
Trd, 4319154.193, 106
Trd, 4319154.243, 95
Trd, 4319155.193, 81
Trd, 4319155.843, 74
Trd, 4319156.643, 89
Trd, 4319156.693, 85
Trd, 4319156.993, 90
Trd, 4319157.393, 83
Trd, 4319157.843, 72
Trd, 4319158.793, 71
Trd, 4319159.943, 73
Trd, 4319160.993, 64
Trd, 4319162.293, 65
Trd, 4319162.543, 88
Trd, 4319163.443, 70
Trd, 4319163.793, 92
Trd, 4319164.843, 98
Trd, 4319165.193, 98
Trd, 4319165.693, 90
Trd, 4319167.893, 98
Trd, 4319168.793, 106
Trd, 4319169.243, 76
Trd, 4319169.843, 94
Trd, 4319170.343, 75
Trd, 4319170.443, 71
Trd, 4319172.193, 72
Trd, 4319172.393, 86
Trd, 4319172.543, 60
Trd, 4319173.693, 101
Trd, 4319175.043, 74
Trd, 4319175.593, 133
Trd, 4319175.693, 73
Trd, 4319176.493, 60
Trd, 4319176.693, 107
Trd, 4319177.243, 62
Trd, 4319177.943, 81
Trd, 4319178.593, 72
Trd, 4319179.993, 72
Trd, 4319180.843, 60
Trd, 4319181.443, 63
Trd, 4319181.843, 64
Trd, 4319181.893, 70
Trd, 4319182.343, 75
Trd, 4319182.843, 87
Trd, 4319183.843, 71
Trd, 4319185.393, 83
Trd, 4319185.493, 79
Trd, 4319185.743, 69
Trd, 4319186.543, 130
Trd, 4319187.993, 117
Trd, 4319188.293, 97
Trd, 4319189.293, 92
Trd, 4319190.093, 79
Trd, 4319191.143, 138
Trd, 4319192.443, 100
Trd, 4319193.643, 126
Trd, 4319193.943, 122
Trd, 4319193.993, 72
Trd, 4319194.693, 72
Trd, 4319195.243, 61
Trd, 4319196.743, 95
Trd, 4319197.193, 132
Trd, 4319197.693, 110
Trd, 4319197.993, 136
Trd, 4319198.493, 124
Trd, 4319199.693, 96
Trd, 4319199.993, 96
Trd, 4319201.193, 74
Trd, 4319201.493, 110
Trd, 4319201.793, 109
Trd, 4319202.893, 85
Trd, 4319203.843, 69
Trd, 4319204.143, 80
Trd, 4319204.493, 77
Trd, 4319204.743, 134
Trd, 4319207.443, 133
Trd, 4319208.293, 125
Trd, 4319208.893, 99
Trd, 4319209.243, 98
Trd, 4319209.443, 91
Trd, 4319209.893, 72
Trd, 4319210.143, 109
Trd, 4319210.393, 116
Trd, 4319210.643, 61
Trd, 4319212.943, 85
Trd, 4319213.043, 75
Trd, 4319213.193, 94
Trd, 4319214.043, 102
Trd, 4319214.593, 71
Trd, 4319215.593, 77
Trd, 4319215.643, 75
Trd, 4319216.093, 101
Trd, 4319217.543, 112
Trd, 4319218.193, 102
Trd, 4319218.693, 97
Trd, 4319218.793, 89
Trd, 4319219.893, 133
Trd, 4319220.943, 110
Trd, 4319221.893, 124
Trd, 4319222.693, 122
Trd, 4319222.993, 117
Trd, 4319223.643, 124
Trd, 4319224.243, 107
Trd, 4319224.693, 117
Trd, 4319224.993, 115
Trd, 4319225.643, 102
Trd, 4319226.743, 73
Trd, 4319226.843, 96
Trd, 4319227.093, 88
Trd, 4319227.493, 75
Trd, 4319228.743, 63
Trd, 4319230.043, 74
Trd, 4319230.493, 114
Trd, 4319230.743, 103
Trd, 4319232.443, 92
Trd, 4319233.093, 69
Trd, 4319233.993, 64
Trd, 4319234.743, 119
Trd, 4319234.943, 118
Trd, 4319236.543, 130
Trd, 4319236.793, 122
Trd, 4319237.493, 95
Trd, 4319238.043, 89
Trd, 4319238.293, 61
Trd, 4319238.943, 127
Trd, 4319239.343, 118
Trd, 4319239.393, 117
Trd, 4319240.393, 65
Trd, 4319240.793, 61
Trd, 4319241.243, 67
Trd, 4319241.943, 115
Trd, 4319243.093, 126
Trd, 4319243.443, 99
Trd, 4319244.043, 82
Trd, 4319244.743, 113
Trd, 4319245.743, 80
Trd, 4319245.943, 70
Trd, 4319247.643, 97
Trd, 4319248.043, 85
Trd, 4319248.493, 90
Trd, 4319248.993, 81
Trd, 4319249.093, 83
Trd, 4319249.193, 80
Trd, 4319250.793, 93
Trd, 4319252.343, 85
Trd, 4319252.643, 138
Trd, 4319252.743, 87
Trd, 4319254.043, 82
Trd, 4319254.743, 84
Trd, 4319254.993, 84
Trd, 4319255.743, 77
Trd, 4319256.643, 81
Trd, 4319257.993, 64
Trd, 4319258.143, 64
Trd, 4319258.343, 71
Trd, 4319258.893, 82
Trd, 4319258.993, 84
Trd, 4319260.043, 68
Trd, 4319261.393, 63
Trd, 4319261.643, 94
Trd, 4319262.143, 111
Trd, 4319262.843, 60
Trd, 4319263.193, 69
Trd, 4319265.193, 100
Trd, 4319266.793, 117
Trd, 4319266.843, 113
Trd, 4319267.043, 112
Trd, 4319267.593, 117
Trd, 4319268.243, 99
Trd, 4319268.643, 97
Trd, 4319269.143, 73
Trd, 4319271.593, 85
Trd, 4319271.693, 85
Trd, 4319272.143, 105
Trd, 4319272.743, 77
Trd, 4319273.243, 120
Trd, 4319273.393, 74
Trd, 4319273.993, 80
Trd, 4319275.093, 77
Trd, 4319275.543, 106
Trd, 4319275.643, 105
Trd, 4319276.693, 89
Trd, 4319277.243, 86
Trd, 4319277.393, 78
Trd, 4319278.093, 64
Trd, 4319279.643, 66
Trd, 4319280.893, 69
Trd, 4319281.193, 86
Trd, 4319282.243, 92
Trd, 4319282.493, 91
Trd, 4319283.843, 69
Trd, 4319284.093, 95
Trd, 4319284.843, 116
Trd, 4319286.693, 92
Trd, 4319286.743, 75
Trd, 4319287.043, 66
Trd, 4319287.843, 88
Trd, 4319288.393, 70
Trd, 4319289.343, 101
Trd, 4319291.593, 112
Trd, 4319291.693, 102
Trd, 4319291.943, 100
Trd, 4319292.293, 100
Trd, 4319292.643, 98
Trd, 4319292.793, 105
Trd, 4319293.193, 102
Trd, 4319294.543, 117
Trd, 4319295.143, 97
Trd, 4319295.393, 75
Trd, 4319295.443, 73
Trd, 4319296.543, 81
Trd, 4319298.193, 64
Trd, 4319298.393, 66
Trd, 4319299.193, 132
Trd, 4319299.643, 125
Trd, 4319300.793, 104
Trd, 4319301.893, 103
Trd, 4319303.493, 135
Trd, 4319303.543, 126
Trd, 4319303.743, 115
Trd, 4319304.743, 120
Trd, 4319304.893, 119
Trd, 4319305.943, 108
Trd, 4319306.493, 98
Trd, 4319307.693, 68
Trd, 4319308.493, 94
Trd, 4319309.193, 109
Trd, 4319309.893, 83
Trd, 4319310.043, 101
Trd, 4319310.693, 78
Trd, 4319311.793, 72
Trd, 4319311.893, 69
Trd, 4319312.393, 74
Trd, 4319313.543, 86
Trd, 4319314.143, 75
Trd, 4319314.393, 66
Trd, 4319314.793, 91
Trd, 4319316.443, 120
Trd, 4319316.893, 115
Trd, 4319316.943, 108
Trd, 4319317.093, 76
Trd, 4319318.643, 130
Trd, 4319319.343, 126
Trd, 4319319.643, 120
Trd, 4319320.343, 121
Trd, 4319320.393, 114
Trd, 4319321.293, 70
Trd, 4319322.193, 71
Trd, 4319322.643, 71
Trd, 4319322.793, 67
Trd, 4319324.793, 66
Trd, 4319325.143, 68
Trd, 4319326.393, 61
Trd, 4319326.893, 72
Trd, 4319327.543, 84
Trd, 4319328.793, 129
Trd, 4319329.843, 71
Trd, 4319329.993, 118
Trd, 4319330.443, 70
Trd, 4319331.393, 109
Trd, 4319331.993, 102
Trd, 4319333.493, 114
Trd, 4319334.243, 107
Trd, 4319334.493, 111
Trd, 4319334.693, 102
Trd, 4319334.743, 101
Trd, 4319336.143, 79
Trd, 4319336.443, 83
Trd, 4319336.943, 102
Trd, 4319337.493, 79
Trd, 4319338.843, 126
Trd, 4319338.993, 120
Trd, 4319339.743, 139
Trd, 4319339.993, 118
Trd, 4319340.293, 129
Trd, 4319341.393, 125
Trd, 4319341.743, 124
Trd, 4319342.043, 118
Trd, 4319343.693, 128
Trd, 4319343.843, 125
Trd, 4319345.793, 110
Trd, 4319345.893, 86
Trd, 4319346.693, 114
Trd, 4319347.193, 101
Trd, 4319347.243, 89
Trd, 4319348.093, 108
Trd, 4319349.293, 85
Trd, 4319349.793, 126
Trd, 4319351.043, 94
Trd, 4319351.343, 91
Trd, 4319351.643, 79
Trd, 4319352.593, 95
Trd, 4319352.993, 91
Trd, 4319353.343, 105
Trd, 4319353.643, 110
Trd, 4319354.593, 91
Trd, 4319354.893, 118
Trd, 4319355.443, 129
Trd, 4319355.793, 63
Trd, 4319356.393, 96
Trd, 4319356.993, 100
Trd, 4319358.143, 113
Trd, 4319358.343, 109
Trd, 4319359.993, 119
Trd, 4319360.493, 99
Trd, 4319360.943, 121
Trd, 4319361.293, 108
Trd, 4319362.143, 65
Trd, 4319362.943, 139
Trd, 4319363.143, 132
Trd, 4319363.593, 131
Trd, 4319363.893, 111
Trd, 4319364.493, 71
Trd, 4319366.093, 128
Trd, 4319366.343, 127
Trd, 4319366.493, 90
Trd, 4319366.693, 86
Trd, 4319367.393, 125
Trd, 4319367.693, 78
Trd, 4319370.193, 122
Trd, 4319370.943, 102
Trd, 4319371.293, 101
Trd, 4319371.393, 129
Trd, 4319371.543, 96
Trd, 4319372.443, 120
Trd, 4319374.193, 88
Trd, 4319374.243, 86
Trd, 4319374.693, 108
Trd, 4319376.093, 95
Trd, 4319376.293, 104
Trd, 4319376.993, 93
Trd, 4319377.493, 86
Trd, 4319378.193, 99
Trd, 4319378.543, 82
Trd, 4319379.543, 111
Trd, 4319379.993, 104
Trd, 4319380.443, 101
Trd, 4319380.743, 98
Trd, 4319382.843, 76
Trd, 4319382.943, 77
Trd, 4319384.943, 61
Trd, 4319386.793, 135
Trd, 4319388.043, 114
Trd, 4319388.793, 108
Trd, 4319389.193, 98
Trd, 4319389.843, 99
Trd, 4319390.343, 94
Trd, 4319390.793, 116
Trd, 4319390.843, 90
Trd, 4319390.993, 116
Trd, 4319391.293, 86
Trd, 4319392.843, 129
Trd, 4319393.443, 137
Trd, 4319395.193, 107
Trd, 4319395.643, 138
Trd, 4319396.443, 67
Trd, 4319397.093, 61
Trd, 4319397.543, 65
Trd, 4319398.893, 99
Trd, 4319400.293, 117
Trd, 4319400.493, 130
Trd, 4319400.893, 87
Trd, 4319401.143, 90
Trd, 4319401.493, 84
Trd, 4319402.193, 108
Trd, 4319402.393, 72
Trd, 4319403.093, 60
Trd, 4319403.343, 60
Trd, 4319403.643, 63
Trd, 4319404.443, 63
Trd, 4319407.093, 128
Trd, 4319407.743, 109
Trd, 4319408.043, 96
Trd, 4319408.593, 126
Trd, 4319409.043, 124
Trd, 4319409.293, 122
Trd, 4319409.593, 98
Trd, 4319410.743, 71
Trd, 4319411.693, 109
Trd, 4319411.893, 104
Trd, 4319412.993, 128
Trd, 4319413.543, 116
Trd, 4319413.793, 122
Trd, 4319414.893, 111
Trd, 4319414.993, 109
Trd, 4319416.743, 61
Trd, 4319417.493, 110
Trd, 4319418.243, 89
Trd, 4319418.943, 86
Trd, 4319419.143, 76
Trd, 4319420.043, 101
Trd, 4319420.143, 73
Trd, 4319421.893, 89
Trd, 4319422.793, 88
Trd, 4319423.343, 85
Trd, 4319424.243, 91
Trd, 4319426.293, 107
Trd, 4319426.343, 101
Trd, 4319426.393, 86
Trd, 4319427.093, 123
Trd, 4319427.843, 106
Trd, 4319428.193, 85
Trd, 4319428.243, 82
Trd, 4319429.093, 123
Trd, 4319430.343, 82
Trd, 4319430.643, 80
Trd, 4319430.843, 123
Trd, 4319431.943, 124
Trd, 4319432.093, 115
Trd, 4319433.543, 83
Trd, 4319433.593, 81
Trd, 4319434.043, 98
Trd, 4319434.893, 90
Trd, 4319435.243, 83
Trd, 4319436.593, 117
Trd, 4319437.093, 76
Trd, 4319437.143, 70
Trd, 4319437.993, 69
Trd, 4319438.443, 83
Trd, 4319439.043, 89
Trd, 4319440.943, 70
Trd, 4319441.643, 125
Trd, 4319442.243, 123
Trd, 4319442.393, 128
Trd, 4319444.193, 116
Trd, 4319444.243, 112
Trd, 4319444.543, 104
Trd, 4319444.843, 97
Trd, 4319444.993, 84
Trd, 4319445.793, 76
Trd, 4319446.943, 99
Trd, 4319447.343, 106
Trd, 4319447.793, 61
Trd, 4319448.543, 109
Trd, 4319449.293, 70
Trd, 4319450.693, 82
Trd, 4319451.993, 102
Trd, 4319452.093, 98
Trd, 4319452.743, 66
Trd, 4319452.993, 72
Trd, 4319453.193, 76
Trd, 4319454.443, 94
Trd, 4319454.493, 90
Trd, 4319454.743, 76
Trd, 4319455.793, 120
Trd, 4319456.143, 85
Trd, 4319457.293, 114
Trd, 4319457.643, 110
Trd, 4319458.493, 106
Trd, 4319459.643, 121
Trd, 4319460.043, 110
Trd, 4319460.193, 111
Trd, 4319461.493, 112
Trd, 4319461.543, 106
Trd, 4319461.993, 110
Trd, 4319462.393, 62
Trd, 4319465.093, 62
Trd, 4319466.193, 85
Trd, 4319466.443, 137
Trd, 4319467.743, 84
Trd, 4319468.643, 99
Trd, 4319468.843, 114
Trd, 4319469.443, 110
Trd, 4319469.693, 106
Trd, 4319469.943, 101
Trd, 4319470.193, 95
Trd, 4319472.193, 112
Trd, 4319472.493, 80
Trd, 4319474.043, 95
Trd, 4319474.493, 116
Trd, 4319474.943, 87
Trd, 4319475.493, 93
Trd, 4319475.943, 85
Trd, 4319476.843, 114
Trd, 4319478.093, 110
Trd, 4319478.993, 107
Trd, 4319479.343, 83
Trd, 4319480.493, 101
Trd, 4319482.593, 114
Trd, 4319482.993, 124
Trd, 4319484.043, 108
Trd, 4319484.293, 94
Trd, 4319484.993, 74
Trd, 4319485.393, 70
Trd, 4319486.393, 129
Trd, 4319488.093, 91
Trd, 4319488.843, 110
Trd, 4319489.493, 88
Trd, 4319489.593, 87
Trd, 4319490.143, 105
Trd, 4319491.443, 115
Trd, 4319491.843, 82
Trd, 4319493.543, 93
Trd, 4319493.593, 87
Trd, 4319494.193, 109
Trd, 4319494.543, 116
Trd, 4319495.693, 106
Trd, 4319495.793, 82
Trd, 4319496.093, 78
Trd, 4319497.643, 131
Trd, 4319498.743, 121
Trd, 4319499.293, 120
Trd, 4319500.443, 130
Trd, 4319500.643, 129
Trd, 4319501.243, 122
Trd, 4319501.343, 103
Trd, 4319502.293, 126
Trd, 4319502.743, 124
Trd, 4319502.843, 104
Trd, 4319503.093, 104
Trd, 4319504.743, 76
Trd, 4319505.493, 134
Trd, 4319506.093, 76
Trd, 4319506.343, 102
Trd, 4319506.443, 94
Trd, 4319506.843, 73
Trd, 4319507.493, 127
Trd, 4319507.743, 119
Trd, 4319508.293, 60
Trd, 4319508.693, 103
Trd, 4319509.943, 62
Trd, 4319511.343, 108
Trd, 4319511.393, 107
Trd, 4319511.693, 104
Trd, 4319513.543, 73
Trd, 4319514.743, 94
Trd, 4319515.943, 102
Trd, 4319516.843, 137
Trd, 4319517.343, 123
Trd, 4319518.593, 111
Trd, 4319519.043, 128
Trd, 4319519.243, 123
Trd, 4319519.943, 120
Trd, 4319522.543, 131
Trd, 4319522.593, 123
Trd, 4319522.843, 122
Trd, 4319524.043, 110
Trd, 4319524.243, 107
Trd, 4319524.743, 99
Trd, 4319525.243, 81
Trd, 4319527.443, 104
Trd, 4319527.643, 126
Trd, 4319528.443, 67
Trd, 4319529.043, 69
Trd, 4319529.443, 72
Trd, 4319530.243, 117
Trd, 4319530.993, 96
Trd, 4319531.443, 68
Trd, 4319533.043, 126
Trd, 4319533.543, 127
Trd, 4319533.893, 120
Trd, 4319534.643, 119
Trd, 4319534.993, 108
Trd, 4319535.743, 129
Trd, 4319536.793, 109
Trd, 4319537.693, 60
Trd, 4319537.843, 86
Trd, 4319538.993, 60
Trd, 4319540.093, 65
Trd, 4319540.643, 70
Trd, 4319541.043, 88
Trd, 4319542.043, 91
Trd, 4319542.193, 88
Trd, 4319543.443, 70
Trd, 4319545.243, 113
Trd, 4319545.293, 108
Trd, 4319546.243, 90
Trd, 4319546.693, 88
Trd, 4319548.393, 76
Trd, 4319549.293, 122
Trd, 4319549.593, 114
Trd, 4319549.943, 118
Trd, 4319551.743, 65
Trd, 4319552.243, 68
Trd, 4319552.393, 79
Trd, 4319553.493, 64
Trd, 4319554.943, 132
Trd, 4319555.093, 125
Trd, 4319555.693, 98
Trd, 4319555.893, 80
Trd, 4319556.493, 118
Trd, 4319556.893, 122
Trd, 4319557.893, 119
Trd, 4319558.393, 101
Trd, 4319558.843, 93
Trd, 4319559.193, 89
Trd, 4319559.493, 79
Trd, 4319560.343, 109
Trd, 4319560.543, 88
Trd, 4319562.293, 79
Trd, 4319563.493, 110
Trd, 4319564.193, 124
Trd, 4319565.193, 113
Trd, 4319565.793, 87
Trd, 4319566.393, 135
Trd, 4319566.443, 71
Trd, 4319566.543, 67
Trd, 4319567.843, 91
Trd, 4319568.793, 63
Trd, 4319568.943, 98
Trd, 4319570.743, 62
Trd, 4319571.493, 62
Trd, 4319571.893, 66
Trd, 4319573.193, 115
Trd, 4319574.043, 132
Trd, 4319574.693, 104
Trd, 4319575.643, 70
Trd, 4319575.793, 120
Trd, 4319576.643, 85
Trd, 4319577.093, 103
Trd, 4319578.243, 80
Trd, 4319579.043, 100
Trd, 4319579.393, 98
Trd, 4319579.993, 85
Trd, 4319580.743, 83
Trd, 4319581.993, 116
Trd, 4319582.143, 105
Trd, 4319582.843, 69
Trd, 4319583.293, 95
Trd, 4319583.843, 82
Trd, 4319584.293, 73
Trd, 4319585.743, 68
Trd, 4319586.343, 69
Trd, 4319586.893, 113
Trd, 4319587.543, 71
Trd, 4319588.043, 138
Trd, 4319588.943, 97
Trd, 4319589.293, 81
Trd, 4319589.943, 125
Trd, 4319590.593, 110
Trd, 4319591.443, 86
Trd, 4319591.493, 83
Trd, 4319592.943, 134
Trd, 4319593.643, 126
Trd, 4319593.743, 119
Trd, 4319595.793, 68
Trd, 4319595.943, 76
Trd, 4319596.193, 65
Trd, 4319596.693, 62
Trd, 4319597.393, 80
Trd, 4319598.593, 100
Trd, 4319599.293, 90
Trd, 4319600.543, 87
Trd, 4319600.743, 99
Trd, 4319600.793, 87
Trd, 4319602.143, 89
Trd, 4319604.393, 105
Trd, 4319604.593, 93
Trd, 4319604.643, 92
Trd, 4319605.743, 62
Trd, 4319606.543, 94
Trd, 4319606.593, 82
Trd, 4319606.993, 80
Trd, 4319607.443, 94
Trd, 4319608.393, 72
Trd, 4319609.143, 87
Trd, 4319609.493, 108
Trd, 4319611.193, 70
Trd, 4319611.743, 65
Trd, 4319611.843, 73
Trd, 4319612.493, 136
Trd, 4319613.943, 119
Trd, 4319614.393, 108
Trd, 4319615.143, 103
Trd, 4319615.293, 101
Trd, 4319616.543, 109
Trd, 4319617.443, 110
Trd, 4319617.943, 109
Trd, 4319618.743, 97
Trd, 4319618.843, 93
Trd, 4319619.093, 130
Trd, 4319622.543, 127
Trd, 4319623.393, 122
Trd, 4319623.543, 114
Trd, 4319623.743, 114
Trd, 4319624.643, 135
Trd, 4319624.793, 109
Trd, 4319624.993, 79
Trd, 4319626.593, 88
Trd, 4319627.443, 113
Trd, 4319627.593, 105
Trd, 4319628.693, 123
Trd, 4319629.393, 127
Trd, 4319629.943, 107
Trd, 4319630.143, 95
Trd, 4319630.493, 113
Trd, 4319631.593, 91
Trd, 4319631.793, 86
Trd, 4319631.843, 110
Trd, 4319633.243, 120
Trd, 4319633.893, 111
Trd, 4319634.943, 87
Trd, 4319635.843, 92
Trd, 4319636.393, 86
Trd, 4319636.593, 110
Trd, 4319636.643, 84
Trd, 4319637.093, 72
Trd, 4319637.993, 106
Trd, 4319639.343, 67
Trd, 4319640.043, 65
Trd, 4319641.143, 85
Trd, 4319641.493, 66
Trd, 4319642.343, 69
Trd, 4319642.843, 85
Trd, 4319645.543, 95
Trd, 4319645.843, 102
Trd, 4319646.493, 94
Trd, 4319647.043, 90
Trd, 4319647.293, 86
Trd, 4319647.543, 66
Trd, 4319648.843, 66
Trd, 4319649.093, 71
Trd, 4319649.243, 71
Trd, 4319650.193, 127
Trd, 4319650.243, 109
Trd, 4319652.443, 73
Trd, 4319653.943, 114
Trd, 4319653.993, 104
Trd, 4319654.293, 99
Trd, 4319654.393, 84
Trd, 4319655.493, 68
Trd, 4319656.143, 68
Trd, 4319657.493, 64
Trd, 4319657.893, 66
Trd, 4319658.043, 105
Trd, 4319658.343, 103
Trd, 4319659.543, 100
Trd, 4319659.943, 94
Trd, 4319660.393, 121
Trd, 4319661.743, 107
Trd, 4319661.843, 108
Trd, 4319662.443, 104
Trd, 4319664.493, 108
Trd, 4319664.643, 93
Trd, 4319665.093, 81
Trd, 4319666.343, 65
Trd, 4319666.993, 94
Trd, 4319667.543, 77
Trd, 4319669.093, 94
Trd, 4319669.693, 111
Trd, 4319669.743, 73
Trd, 4319670.943, 68
Trd, 4319671.593, 65
Trd, 4319673.543, 63
Trd, 4319673.793, 73
Trd, 4319674.493, 77
Trd, 4319675.243, 111
Trd, 4319675.743, 119
Trd, 4319676.493, 120
Trd, 4319677.143, 62
Trd, 4319677.943, 116
Trd, 4319678.743, 94
Trd, 4319679.543, 90
Trd, 4319680.393, 99
Trd, 4319680.743, 97
Trd, 4319681.443, 98
Trd, 4319682.093, 105
Trd, 4319682.643, 97
Trd, 4319682.793, 103
Trd, 4319683.593, 135
Trd, 4319683.943, 129
Trd, 4319685.043, 100
Trd, 4319686.043, 97
Trd, 4319686.893, 124
Trd, 4319687.543, 101
Trd, 4319687.743, 96
Trd, 4319688.643, 104
Trd, 4319688.693, 96
Trd, 4319688.893, 94
Trd, 4319689.493, 77
Trd, 4319690.493, 119
Trd, 4319690.943, 115
Trd, 4319691.093, 109
Trd, 4319692.743, 64
Trd, 4319692.793, 101
Trd, 4319693.893, 91
Trd, 4319693.943, 89
Trd, 4319694.193, 98
Trd, 4319695.143, 75
Trd, 4319696.143, 113
Trd, 4319696.643, 131
Trd, 4319697.093, 97
Trd, 4319698.143, 125
Trd, 4319698.443, 96
Trd, 4319698.643, 91
Trd, 4319699.393, 118
Trd, 4319701.443, 137
Trd, 4319701.493, 124
Trd, 4319701.843, 61
Trd, 4319702.593, 72
Trd, 4319704.243, 71
Trd, 4319704.293, 93
Trd, 4319704.693, 70
Trd, 4319705.343, 75
Trd, 4319705.993, 63
Trd, 4319707.343, 71
Trd, 4319707.543, 76
Trd, 4319708.843, 107
Trd, 4319709.293, 81
Trd, 4319709.493, 60
Trd, 4319709.593, 82
Trd, 4319711.143, 116
Trd, 4319711.343, 114
Trd, 4319711.793, 95
Trd, 4319712.243, 113
Trd, 4319713.193, 85
Trd, 4319714.593, 124
Trd, 4319715.043, 63
Trd, 4319716.343, 70
Trd, 4319716.693, 109
Trd, 4319718.293, 89
Trd, 4319718.393, 83
Trd, 4319718.543, 107
Trd, 4319719.693, 95
Trd, 4319720.593, 84
Trd, 4319720.643, 91
Trd, 4319720.943, 116
Trd, 4319721.643, 115
Trd, 4319722.493, 97
Trd, 4319722.993, 95
Trd, 4319723.493, 96
Trd, 4319724.443, 105
Trd, 4319724.643, 100
Trd, 4319725.543, 120
Trd, 4319725.793, 106
Trd, 4319726.843, 110
Trd, 4319728.143, 134
Trd, 4319728.543, 133
Trd, 4319729.343, 122
Trd, 4319730.743, 105
Trd, 4319730.943, 103
Trd, 4319731.593, 95
Trd, 4319732.193, 87
Trd, 4319732.493, 103
Trd, 4319733.643, 68
Trd, 4319734.543, 106
Trd, 4319734.693, 101
Trd, 4319735.443, 72
Trd, 4319735.793, 70
Trd, 4319736.743, 139
Trd, 4319736.793, 115
Trd, 4319737.893, 118
Trd, 4319739.493, 115
Trd, 4319739.593, 113
Trd, 4319739.743, 101
Trd, 4319740.243, 88
Trd, 4319740.643, 96
Trd, 4319740.893, 127
Trd, 4319741.293, 78
Trd, 4319743.193, 85
Trd, 4319743.293, 78
Trd, 4319743.593, 97
Trd, 4319743.743, 74
Trd, 4319745.393, 129
Trd, 4319745.543, 124
Trd, 4319745.893, 112
Trd, 4319746.693, 118
Trd, 4319746.743, 117
Trd, 4319748.493, 114
Trd, 4319749.493, 113
Trd, 4319749.993, 106
Trd, 4319750.143, 99
Trd, 4319750.643, 127
Trd, 4319751.393, 125
Trd, 4319751.593, 121
Trd, 4319752.943, 113
Trd, 4319753.493, 98
Trd, 4319753.993, 113
Trd, 4319755.943, 60
Trd, 4319756.693, 62
Trd, 4319757.143, 71
Trd, 4319758.043, 70
Trd, 4319759.593, 71
Trd, 4319760.243, 79
Trd, 4319760.343, 79
Trd, 4319762.143, 75
Trd, 4319762.193, 87
Trd, 4319763.893, 75
Trd, 4319764.243, 71
Trd, 4319765.193, 63
Trd, 4319765.293, 63
Trd, 4319765.693, 67
Trd, 4319766.643, 116
Trd, 4319767.043, 91
Trd, 4319768.743, 62
Trd, 4319768.893, 64
Trd, 4319769.443, 65
Trd, 4319770.393, 129
Trd, 4319771.643, 116
Trd, 4319772.593, 84
Trd, 4319772.793, 74
Trd, 4319773.243, 84
Trd, 4319773.643, 116
Trd, 4319774.143, 70
Trd, 4319775.743, 130
Trd, 4319776.693, 101
Trd, 4319777.743, 108
Trd, 4319778.143, 96
Trd, 4319778.293, 95
Trd, 4319778.443, 91
Trd, 4319779.843, 73
Trd, 4319780.143, 71
Trd, 4319781.143, 97
Trd, 4319782.043, 121
Trd, 4319782.243, 110
Trd, 4319782.743, 110
Trd, 4319783.993, 128
Trd, 4319784.393, 130
Trd, 4319785.643, 91
Trd, 4319787.043, 68
Trd, 4319787.543, 60
Trd, 4319789.243, 81
Trd, 4319789.843, 92
Trd, 4319790.243, 92
Trd, 4319790.443, 72
Trd, 4319790.843, 69
Trd, 4319791.943, 98
Trd, 4319791.993, 96
Trd, 4319792.343, 77
Trd, 4319793.293, 101
Trd, 4319794.193, 98
Trd, 4319794.793, 136
Trd, 4319795.143, 95
Trd, 4319796.193, 94
Trd, 4319796.593, 82
Trd, 4319797.193, 119
Trd, 4319797.693, 100
Trd, 4319798.443, 73
Trd, 4319798.743, 73
Trd, 4319799.693, 65
Trd, 4319800.843, 66
Trd, 4319802.693, 84
Trd, 4319802.843, 82
Trd, 4319804.893, 70
Trd, 4319806.143, 93
Trd, 4319806.343, 90
Trd, 4319806.493, 77
Trd, 4319806.993, 103
Trd, 4319807.943, 71
Trd, 4319808.143, 71
Trd, 4319809.343, 67
Trd, 4319809.443, 68
Trd, 4319810.193, 65
Trd, 4319811.043, 84
Trd, 4319811.893, 129
Trd, 4319812.193, 110
Trd, 4319812.293, 104
Trd, 4319812.993, 76
Trd, 4319813.243, 87
Trd, 4319813.643, 82
Trd, 4319814.793, 64
Trd, 4319815.393, 63
Trd, 4319815.893, 68
Trd, 4319816.893, 62
Trd, 4319817.443, 76
Trd, 4319818.693, 96
Trd, 4319819.293, 66
Trd, 4319820.893, 67
Trd, 4319820.943, 74
Trd, 4319821.843, 92
Trd, 4319822.393, 93
Trd, 4319822.443, 91
Trd, 4319824.743, 84
Trd, 4319825.193, 88
Trd, 4319825.793, 93
Trd, 4319826.593, 117
Trd, 4319827.693, 122
Trd, 4319827.793, 105
Trd, 4319829.543, 117
Trd, 4319829.993, 129
Trd, 4319830.193, 91
Trd, 4319830.643, 96
Trd, 4319831.543, 85
Trd, 4319833.143, 116
Trd, 4319833.643, 105
Trd, 4319833.943, 100
Trd, 4319834.443, 105
Trd, 4319836.093, 121
Trd, 4319836.943, 129
Trd, 4319837.343, 127
Trd, 4319837.543, 122
Trd, 4319838.343, 117
Trd, 4319839.443, 112
Trd, 4319840.243, 95
Trd, 4319840.393, 91
Trd, 4319840.993, 106
Trd, 4319841.643, 133
Trd, 4319842.593, 117
Trd, 4319842.893, 110
Trd, 4319843.393, 100
Trd, 4319843.743, 86
Trd, 4319844.543, 88
Trd, 4319846.743, 62
Trd, 4319847.743, 68
Trd, 4319848.793, 77
Trd, 4319849.693, 99
Trd, 4319850.143, 96
Trd, 4319850.443, 65
Trd, 4319851.143, 64
Trd, 4319852.143, 62
Trd, 4319852.343, 82
Trd, 4319853.543, 103
Trd, 4319853.893, 105
Trd, 4319854.343, 68
Trd, 4319856.443, 74
Trd, 4319856.793, 93
Trd, 4319857.293, 76
Trd, 4319857.393, 75
Trd, 4319857.993, 79
Trd, 4319858.393, 112
Trd, 4319859.043, 111
Trd, 4319859.493, 106
Trd, 4319860.943, 100
Trd, 4319861.293, 121
Trd, 4319861.493, 99
Trd, 4319862.943, 109
Trd, 4319863.343, 108
Trd, 4319864.343, 99
Trd, 4319865.193, 118
Trd, 4319865.343, 113
Trd, 4319865.743, 113
Trd, 4319867.143, 89
Trd, 4319867.393, 89
Trd, 4319867.843, 87
Trd, 4319868.243, 84
Trd, 4319868.943, 122
Trd, 4319869.693, 105
Trd, 4319870.293, 102
Trd, 4319872.043, 125
Trd, 4319872.193, 130
Trd, 4319872.293, 106
Trd, 4319873.043, 100
Trd, 4319873.643, 99
Trd, 4319874.243, 135
Trd, 4319874.393, 85
Trd, 4319875.243, 88
Trd, 4319875.943, 115
Trd, 4319876.843, 135
Trd, 4319876.993, 127
Trd, 4319878.093, 74
Trd, 4319878.543, 96
Trd, 4319879.043, 91
Trd, 4319879.293, 115
Trd, 4319880.143, 83
Trd, 4319880.943, 94
Trd, 4319882.593, 110
Trd, 4319883.493, 126
Trd, 4319884.043, 108
Trd, 4319884.543, 107
Trd, 4319885.493, 114
Trd, 4319886.293, 127
Trd, 4319886.493, 125
Trd, 4319886.693, 104
Trd, 4319886.843, 99
Trd, 4319887.043, 114
Trd, 4319888.093, 123
Trd, 4319888.643, 119
Trd, 4319890.143, 108
Trd, 4319890.443, 103
Trd, 4319891.293, 100
Trd, 4319891.693, 97
Trd, 4319892.693, 114
Trd, 4319893.043, 123
Trd, 4319893.193, 110
Trd, 4319894.193, 120
Trd, 4319894.243, 107
Trd, 4319895.293, 125
Trd, 4319896.493, 110
Trd, 4319896.593, 104
Trd, 4319896.843, 103
Trd, 4319898.143, 132
Trd, 4319898.593, 115
Trd, 4319899.043, 107
Trd, 4319899.143, 99
Trd, 4319899.743, 105
Trd, 4319901.543, 114
Trd, 4319901.893, 106
Trd, 4319902.843, 127
Trd, 4319903.493, 114
Trd, 4319903.643, 99
Trd, 4319905.443, 87
Trd, 4319905.693, 93
Trd, 4319905.743, 84
Trd, 4319906.593, 85
Trd, 4319907.393, 120
Trd, 4319907.643, 115
Trd, 4319907.743, 114
Trd, 4319908.193, 84
Trd, 4319909.993, 114
Trd, 4319910.543, 103
Trd, 4319911.593, 136
Trd, 4319911.643, 103
Trd, 4319913.443, 84
Trd, 4319914.243, 82
Trd, 4319914.893, 79
Trd, 4319915.243, 75
Trd, 4319915.393, 61
Trd, 4319915.943, 123
Trd, 4319916.743, 74
Trd, 4319917.693, 69
Trd, 4319917.893, 75
Trd, 4319918.743, 94
Trd, 4319919.693, 75
Trd, 4319920.493, 94
Trd, 4319922.693, 103
Trd, 4319922.743, 98
Trd, 4319923.193, 97
Trd, 4319924.093, 98
Trd, 4319924.543, 92
Trd, 4319924.793, 77
Trd, 4319925.743, 102
Trd, 4319926.643, 119
Trd, 4319927.443, 71
Trd, 4319928.993, 109
Trd, 4319930.393, 98
Trd, 4319930.943, 101
Trd, 4319931.093, 101
Trd, 4319931.643, 87
Trd, 4319932.693, 103
Trd, 4319932.943, 75
Trd, 4319933.343, 113
Trd, 4319933.593, 85
Trd, 4319934.493, 111
Trd, 4319934.893, 78
Trd, 4319935.743, 76
Trd, 4319936.593, 69
Trd, 4319936.993, 76
Trd, 4319937.343, 87
Trd, 4319938.643, 63
Trd, 4319939.893, 115
Trd, 4319940.343, 107
Trd, 4319941.093, 81
Trd, 4319941.243, 81
Trd, 4319943.093, 125
Trd, 4319943.343, 114
Trd, 4319943.893, 93
Trd, 4319944.143, 81
Trd, 4319944.893, 110
Trd, 4319945.893, 111
Trd, 4319946.243, 100
Trd, 4319948.193, 130
Trd, 4319948.393, 115
Trd, 4319948.443, 111
Trd, 4319948.693, 128
Trd, 4319949.793, 120
Trd, 4319949.843, 109
Trd, 4319950.743, 71
Trd, 4319952.243, 111
Trd, 4319952.893, 78
Trd, 4319953.343, 77
Trd, 4319954.743, 124
Trd, 4319954.843, 87
Trd, 4319956.143, 90
Trd, 4319956.593, 96
Trd, 4319956.793, 130
Trd, 4319957.893, 96
Trd, 4319958.043, 96
Trd, 4319958.793, 89
Trd, 4319959.243, 89
Trd, 4319959.893, 100
Trd, 4319960.243, 86
Trd, 4319961.193, 96
Trd, 4319961.393, 89
Trd, 4319962.043, 105
Trd, 4319962.143, 82
Trd, 4319963.093, 117
Trd, 4319963.143, 112
Trd, 4319963.293, 110
Trd, 4319964.543, 99
Trd, 4319965.893, 103
Trd, 4319967.243, 127
Trd, 4319968.143, 115
Trd, 4319969.243, 80
Trd, 4319969.643, 85
Trd, 4319970.043, 77
Trd, 4319970.143, 85
Trd, 4319971.443, 75
Trd, 4319971.593, 90
Trd, 4319972.043, 88
Trd, 4319973.143, 101
Trd, 4319973.743, 74
Trd, 4319975.193, 108
Trd, 4319975.693, 107
Trd, 4319976.143, 103
Trd, 4319977.793, 79
Trd, 4319978.243, 81
Trd, 4319980.143, 60
Trd, 4319980.393, 69
Trd, 4319980.543, 78
Trd, 4319981.243, 122
Trd, 4319981.843, 101
Trd, 4319983.293, 114
Trd, 4319983.893, 107
Trd, 4319984.993, 101
Trd, 4319985.693, 116
Trd, 4319985.893, 89
Trd, 4319985.993, 101
Trd, 4319987.193, 101
Trd, 4319988.143, 73
Trd, 4319988.693, 84
Trd, 4319989.693, 65
Trd, 4319991.343, 107
Trd, 4319991.843, 108
Trd, 4319992.243, 102
Trd, 4319992.443, 101
Trd, 4319992.843, 90
Trd, 4319993.193, 116
Trd, 4319994.793, 94
Trd, 4319995.093, 93
Trd, 4319995.743, 112
Trd, 4319997.243, 117
Trd, 4319997.693, 112
Trd, 4319997.843, 108
Trd, 4319998.343, 81
Trd, 4319999.643, 85
