Trd, 4318112.243, 117
Trd, 4318113.193, 72
Trd, 4318113.743, 66
Trd, 4318114.493, 73
Trd, 4318115.793, 140
Trd, 4318116.293, 137
Trd, 4318117.093, 140
Trd, 4318117.743, 140
Trd, 4318118.093, 122
Trd, 4318118.193, 71
Trd, 4318118.943, 113
Trd, 4318120.243, 97
Trd, 4318120.843, 111
Trd, 4318121.643, 95
Trd, 4318121.793, 122
Trd, 4318122.143, 124
Trd, 4318123.043, 139
Trd, 4318123.343, 140
Trd, 4318123.793, 92
Trd, 4318125.443, 126
Trd, 4318125.543, 135
Trd, 4318126.293, 109
Trd, 4318126.793, 88
Trd, 4318127.743, 113
Trd, 4318128.343, 138
Trd, 4318129.843, 139
Trd, 4318130.343, 140
Trd, 4318130.693, 136
Trd, 4318131.143, 130
Trd, 4318131.343, 89
Trd, 4318131.493, 73
Trd, 4318132.543, 140
Trd, 4318133.993, 120
Trd, 4318134.293, 119
Trd, 4318134.943, 118
Trd, 4318135.893, 97
Trd, 4318136.243, 93
Trd, 4318136.943, 140
Trd, 4318138.493, 131
Trd, 4318138.993, 140
Trd, 4318139.893, 139
Trd, 4318140.643, 132
Trd, 4318141.043, 131
Trd, 4318141.493, 100
Trd, 4318141.943, 89
Trd, 4318142.093, 92
Trd, 4318142.943, 129
Trd, 4318143.993, 137
Trd, 4318144.643, 140
Trd, 4318145.743, 140
Trd, 4318147.443, 140
Trd, 4318147.843, 138
Trd, 4318147.993, 126
Trd, 4318149.693, 124
Trd, 4318149.843, 122
Trd, 4318150.143, 104
Trd, 4318150.593, 81
Trd, 4318150.793, 140
Trd, 4318152.243, 63
Trd, 4318153.043, 76
Trd, 4318153.693, 107
Trd, 4318153.743, 92
Trd, 4318154.143, 140
Trd, 4318155.393, 109
Trd, 4318156.443, 140
Trd, 4318156.743, 138
Trd, 4318157.593, 132
Trd, 4318158.043, 117
Trd, 4318158.393, 108
Trd, 4318159.093, 138
Trd, 4318159.943, 86
Trd, 4318160.493, 106
Trd, 4318161.843, 104
Trd, 4318162.043, 140
Trd, 4318162.943, 131
Trd, 4318162.993, 126
Trd, 4318163.043, 107
Trd, 4318163.193, 105
Trd, 4318163.793, 92
Trd, 4318164.993, 136
Trd, 4318165.443, 135
Trd, 4318166.143, 140
Trd, 4318168.343, 140
Trd, 4318168.443, 140
Trd, 4318168.743, 133
Trd, 4318168.793, 130
Trd, 4318168.843, 88
Trd, 4318169.543, 137
Trd, 4318170.593, 96
Trd, 4318170.643, 71
Trd, 4318171.843, 140
Trd, 4318172.793, 121
Trd, 4318172.843, 100
Trd, 4318173.093, 135
Trd, 4318173.843, 130
Trd, 4318174.293, 97
Trd, 4318174.743, 69
Trd, 4318176.243, 139
Trd, 4318176.843, 98
Trd, 4318177.293, 118
Trd, 4318177.693, 120
Trd, 4318179.293, 140
Trd, 4318179.743, 109
Trd, 4318179.993, 132
Trd, 4318180.143, 90
Trd, 4318181.593, 136
Trd, 4318183.293, 105
Trd, 4318183.543, 92
Trd, 4318184.443, 140
Trd, 4318185.143, 140
Trd, 4318185.293, 93
Trd, 4318185.693, 92
Trd, 4318188.743, 137
Trd, 4318188.893, 135
Trd, 4318189.093, 134
Trd, 4318190.243, 105
Trd, 4318190.743, 68
Trd, 4318191.143, 66
Trd, 4318192.743, 136
Trd, 4318192.943, 133
Trd, 4318193.343, 112
Trd, 4318193.993, 88
Trd, 4318194.093, 86
Trd, 4318197.143, 128
Trd, 4318197.543, 118
Trd, 4318197.743, 98
Trd, 4318197.943, 108
Trd, 4318198.393, 129
Trd, 4318199.793, 139
Trd, 4318199.893, 113
Trd, 4318200.393, 98
Trd, 4318200.643, 138
Trd, 4318201.093, 140
Trd, 4318202.293, 89
Trd, 4318202.643, 140
Trd, 4318202.843, 87
Trd, 4318203.093, 96
Trd, 4318203.843, 139
Trd, 4318203.943, 86
Trd, 4318206.093, 140
Trd, 4318206.793, 139
Trd, 4318208.093, 140
Trd, 4318209.093, 140
Trd, 4318209.893, 140
Trd, 4318210.843, 140
Trd, 4318211.493, 138
Trd, 4318212.543, 132
Trd, 4318212.843, 125
Trd, 4318214.493, 140
Trd, 4318214.743, 139
Trd, 4318215.293, 136
Trd, 4318215.443, 135
Trd, 4318215.493, 125
Trd, 4318216.193, 140
Trd, 4318217.093, 132
Trd, 4318218.443, 140
Trd, 4318218.493, 138
Trd, 4318219.743, 140
Trd, 4318220.543, 140
Trd, 4318220.643, 136
Trd, 4318222.393, 131
Trd, 4318222.543, 117
Trd, 4318222.693, 111
Trd, 4318223.193, 102
Trd, 4318224.193, 140
Trd, 4318224.993, 97
Trd, 4318226.193, 140
Trd, 4318226.593, 98
Trd, 4318226.693, 117
Trd, 4318227.243, 122
Trd, 4318227.693, 114
Trd, 4318228.443, 70
Trd, 4318229.543, 86
Trd, 4318229.793, 112
Trd, 4318230.693, 136
Trd, 4318233.293, 122
Trd, 4318233.443, 120
Trd, 4318233.493, 104
Trd, 4318233.843, 121
Trd, 4318235.393, 122
Trd, 4318235.543, 124
Trd, 4318237.193, 67
Trd, 4318237.643, 67
Trd, 4318238.043, 136
Trd, 4318238.993, 140
Trd, 4318239.993, 140
Trd, 4318240.643, 140
Trd, 4318240.793, 136
Trd, 4318241.093, 110
Trd, 4318242.293, 134
Trd, 4318242.643, 129
Trd, 4318243.143, 135
Trd, 4318244.093, 139
Trd, 4318244.143, 137
Trd, 4318245.093, 126
Trd, 4318246.043, 113
Trd, 4318246.193, 83
Trd, 4318249.343, 139
Trd, 4318249.793, 120
Trd, 4318250.593, 119
Trd, 4318250.943, 134
Trd, 4318251.693, 140
Trd, 4318251.743, 138
Trd, 4318252.243, 115
Trd, 4318252.993, 87
Trd, 4318253.443, 67
Trd, 4318254.793, 127
Trd, 4318254.893, 136
Trd, 4318254.943, 100
Trd, 4318257.093, 113
Trd, 4318258.293, 140
Trd, 4318258.443, 140
Trd, 4318259.793, 136
Trd, 4318260.043, 132
Trd, 4318260.493, 140
Trd, 4318260.643, 139
Trd, 4318261.343, 97
Trd, 4318262.543, 138
Trd, 4318263.543, 135
Trd, 4318265.943, 140
Trd, 4318266.293, 139
Trd, 4318267.643, 140
Trd, 4318268.593, 135
Trd, 4318268.693, 134
Trd, 4318269.193, 124
Trd, 4318270.143, 138
Trd, 4318271.693, 133
Trd, 4318271.743, 136
Trd, 4318272.243, 131
Trd, 4318272.643, 137
Trd, 4318273.343, 139
Trd, 4318274.243, 136
Trd, 4318275.143, 140
Trd, 4318276.243, 121
Trd, 4318277.793, 140
Trd, 4318278.393, 136
Trd, 4318278.493, 101
Trd, 4318278.643, 135
Trd, 4318279.643, 140
Trd, 4318280.743, 140
Trd, 4318281.543, 132
Trd, 4318282.493, 120
Trd, 4318282.843, 109
Trd, 4318283.593, 140
Trd, 4318283.893, 84
Trd, 4318284.793, 138
Trd, 4318285.743, 129
Trd, 4318286.593, 130
Trd, 4318287.993, 113
Trd, 4318289.493, 140
Trd, 4318289.543, 136
Trd, 4318290.443, 139
Trd, 4318292.343, 140
Trd, 4318292.493, 116
Trd, 4318292.593, 114
Trd, 4318293.393, 137
Trd, 4318294.243, 111
Trd, 4318294.493, 139
Trd, 4318294.943, 123
Trd, 4318295.843, 139
Trd, 4318296.143, 115
Trd, 4318296.843, 109
Trd, 4318298.943, 127
Trd, 4318299.243, 122
Trd, 4318301.293, 140
Trd, 4318301.443, 140
Trd, 4318301.793, 132
Trd, 4318301.943, 102
Trd, 4318303.193, 138
Trd, 4318304.893, 139
Trd, 4318304.993, 133
Trd, 4318305.243, 114
Trd, 4318306.243, 139
Trd, 4318306.443, 139
Trd, 4318307.993, 113
Trd, 4318308.693, 112
Trd, 4318310.293, 140
Trd, 4318310.443, 134
Trd, 4318310.843, 133
Trd, 4318312.743, 111
Trd, 4318312.893, 137
Trd, 4318313.143, 108
Trd, 4318313.393, 105
Trd, 4318313.893, 140
Trd, 4318318.393, 140
Trd, 4318318.493, 139
Trd, 4318318.743, 136
Trd, 4318319.493, 81
Trd, 4318320.393, 140
Trd, 4318321.293, 122
Trd, 4318322.043, 97
Trd, 4318322.193, 91
Trd, 4318324.243, 140
Trd, 4318324.743, 139
Trd, 4318325.293, 136
Trd, 4318325.893, 138
Trd, 4318326.093, 137
Trd, 4318326.743, 140
Trd, 4318327.693, 140
Trd, 4318328.443, 138
Trd, 4318328.543, 131
Trd, 4318330.693, 101
Trd, 4318332.043, 140
Trd, 4318332.243, 140
Trd, 4318332.793, 139
Trd, 4318332.993, 118
Trd, 4318333.343, 94
Trd, 4318333.693, 76
Trd, 4318335.243, 138
Trd, 4318335.793, 140
Trd, 4318335.843, 133
Trd, 4318336.743, 119
Trd, 4318337.243, 115
Trd, 4318337.543, 107
Trd, 4318338.343, 65
Trd, 4318339.693, 65
Trd, 4318341.143, 118
Trd, 4318341.593, 117
Trd, 4318342.093, 115
Trd, 4318342.143, 95
Trd, 4318342.643, 89
Trd, 4318343.043, 63
Trd, 4318343.943, 61
Trd, 4318344.793, 140
Trd, 4318345.943, 140
Trd, 4318346.543, 140
Trd, 4318347.193, 140
Trd, 4318348.493, 140
Trd, 4318348.993, 139
Trd, 4318349.443, 130
Trd, 4318349.493, 106
Trd, 4318349.943, 99
Trd, 4318350.743, 140
Trd, 4318352.193, 140
Trd, 4318352.543, 132
Trd, 4318352.593, 102
Trd, 4318353.793, 139
Trd, 4318354.693, 136
Trd, 4318354.793, 112
Trd, 4318355.943, 139
Trd, 4318357.343, 140
Trd, 4318357.843, 137
Trd, 4318358.393, 135
Trd, 4318358.743, 134
Trd, 4318359.193, 128
Trd, 4318359.243, 114
Trd, 4318361.643, 137
Trd, 4318361.943, 136
Trd, 4318362.943, 139
Trd, 4318363.643, 140
Trd, 4318363.943, 134
Trd, 4318365.543, 140
Trd, 4318365.693, 140
Trd, 4318366.343, 130
Trd, 4318366.443, 129
Trd, 4318367.043, 135
Trd, 4318368.793, 137
Trd, 4318369.243, 131
Trd, 4318370.243, 107
Trd, 4318371.193, 118
Trd, 4318372.193, 140
Trd, 4318372.493, 117
Trd, 4318372.743, 125
Trd, 4318373.793, 129
Trd, 4318375.293, 140
Trd, 4318376.743, 140
Trd, 4318377.943, 139
Trd, 4318378.493, 140
Trd, 4318378.693, 134
Trd, 4318380.693, 121
Trd, 4318380.943, 138
Trd, 4318381.293, 85
Trd, 4318381.943, 61
Trd, 4318382.093, 116
Trd, 4318383.293, 62
Trd, 4318385.343, 135
Trd, 4318385.543, 114
Trd, 4318385.743, 100
Trd, 4318385.793, 82
Trd, 4318387.143, 140
Trd, 4318387.743, 137
Trd, 4318387.793, 128
Trd, 4318388.143, 137
Trd, 4318388.193, 101
Trd, 4318390.243, 88
Trd, 4318390.693, 67
Trd, 4318392.193, 67
Trd, 4318393.993, 140
Trd, 4318394.393, 139
Trd, 4318394.693, 120
Trd, 4318395.043, 128
Trd, 4318395.743, 123
Trd, 4318396.543, 106
Trd, 4318396.693, 115
Trd, 4318396.943, 87
Trd, 4318396.993, 93
Trd, 4318398.193, 99
Trd, 4318400.193, 95
Trd, 4318400.393, 80
Trd, 4318402.593, 138
Trd, 4318404.193, 140
Trd, 4318404.793, 140
Trd, 4318405.993, 138
Trd, 4318406.993, 138
Trd, 4318407.593, 128
Trd, 4318408.143, 120
Trd, 4318410.043, 140
Trd, 4318410.193, 136
Trd, 4318410.443, 135
Trd, 4318410.793, 125
Trd, 4318411.643, 140
Trd, 4318412.093, 139
Trd, 4318413.293, 138
Trd, 4318415.593, 133
Trd, 4318416.593, 138
Trd, 4318417.343, 138
Trd, 4318418.493, 140
Trd, 4318418.993, 140
Trd, 4318419.843, 132
Trd, 4318420.293, 133
Trd, 4318421.243, 138
Trd, 4318422.143, 140
Trd, 4318422.443, 130
Trd, 4318423.093, 114
Trd, 4318423.493, 112
Trd, 4318424.793, 84
Trd, 4318425.093, 96
Trd, 4318425.693, 66
Trd, 4318425.843, 64
Trd, 4318427.593, 140
Trd, 4318427.643, 88
Trd, 4318427.943, 139
Trd, 4318429.943, 139
Trd, 4318431.193, 139
Trd, 4318431.293, 135
Trd, 4318431.643, 123
Trd, 4318431.993, 104
Trd, 4318432.093, 102
Trd, 4318432.393, 129
Trd, 4318433.693, 60
Trd, 4318434.143, 61
Trd, 4318434.293, 134
Trd, 4318436.043, 131
Trd, 4318436.143, 86
Trd, 4318437.443, 138
Trd, 4318438.943, 140
Trd, 4318439.493, 138
Trd, 4318439.793, 137
Trd, 4318441.393, 140
Trd, 4318442.193, 140
Trd, 4318442.693, 125
Trd, 4318443.093, 140
Trd, 4318444.543, 110
Trd, 4318445.393, 140
Trd, 4318446.343, 139
Trd, 4318446.543, 132
Trd, 4318449.343, 136
Trd, 4318449.493, 140
Trd, 4318450.293, 140
Trd, 4318451.343, 140
Trd, 4318451.493, 139
Trd, 4318452.043, 122
Trd, 4318452.693, 122
Trd, 4318453.443, 110
Trd, 4318454.993, 140
Trd, 4318455.443, 135
Trd, 4318455.543, 132
Trd, 4318455.893, 124
Trd, 4318458.393, 139
Trd, 4318459.143, 136
Trd, 4318459.293, 135
Trd, 4318459.693, 133
Trd, 4318460.143, 139
Trd, 4318460.393, 131
Trd, 4318460.993, 131
Trd, 4318462.343, 90
Trd, 4318462.743, 90
Trd, 4318463.493, 140
Trd, 4318463.993, 125
Trd, 4318464.993, 140
Trd, 4318466.293, 121
Trd, 4318467.443, 139
Trd, 4318468.093, 138
Trd, 4318469.243, 106
Trd, 4318470.193, 80
Trd, 4318470.893, 140
Trd, 4318471.543, 131
Trd, 4318472.293, 128
Trd, 4318473.743, 140
Trd, 4318473.943, 139
Trd, 4318474.043, 138
Trd, 4318476.443, 140
Trd, 4318476.493, 136
Trd, 4318476.593, 133
Trd, 4318478.143, 134
Trd, 4318478.193, 133
Trd, 4318478.293, 84
Trd, 4318478.443, 69
Trd, 4318479.043, 79
Trd, 4318479.843, 125
Trd, 4318482.193, 140
Trd, 4318482.643, 139
Trd, 4318482.693, 89
Trd, 4318483.893, 79
Trd, 4318484.243, 132
Trd, 4318485.043, 64
Trd, 4318485.543, 91
Trd, 4318485.843, 106
Trd, 4318486.993, 136
Trd, 4318487.743, 135
Trd, 4318489.443, 140
Trd, 4318490.193, 140
Trd, 4318490.543, 136
Trd, 4318490.993, 139
Trd, 4318491.843, 138
Trd, 4318492.143, 137
Trd, 4318494.243, 140
Trd, 4318494.343, 128
Trd, 4318494.643, 114
Trd, 4318494.893, 92
Trd, 4318495.993, 140
Trd, 4318497.593, 128
Trd, 4318498.493, 71
Trd, 4318499.943, 140
Trd, 4318500.343, 139
Trd, 4318501.393, 105
Trd, 4318501.993, 136
Trd, 4318502.293, 136
Trd, 4318503.243, 125
Trd, 4318505.193, 140
Trd, 4318505.293, 136
Trd, 4318506.143, 136
Trd, 4318506.393, 108
Trd, 4318506.743, 80
Trd, 4318507.543, 120
Trd, 4318508.543, 62
Trd, 4318509.043, 69
Trd, 4318509.743, 67
Trd, 4318509.943, 82
Trd, 4318511.743, 136
Trd, 4318512.993, 134
Trd, 4318514.243, 124
Trd, 4318515.293, 125
Trd, 4318515.343, 124
Trd, 4318515.543, 120
Trd, 4318516.193, 138
Trd, 4318517.943, 140
Trd, 4318519.093, 135
Trd, 4318520.193, 140
Trd, 4318520.593, 140
Trd, 4318520.993, 139
Trd, 4318521.843, 131
Trd, 4318522.493, 88
Trd, 4318523.293, 108
Trd, 4318524.093, 63
Trd, 4318524.193, 64
Trd, 4318524.643, 138
Trd, 4318527.493, 140
Trd, 4318528.243, 136
Trd, 4318528.843, 133
Trd, 4318529.443, 140
Trd, 4318529.543, 112
Trd, 4318529.943, 103
Trd, 4318530.543, 87
Trd, 4318531.893, 129
Trd, 4318533.443, 108
Trd, 4318534.343, 110
Trd, 4318534.593, 138
Trd, 4318535.293, 107
Trd, 4318535.543, 105
Trd, 4318535.593, 91
Trd, 4318536.693, 139
Trd, 4318538.043, 69
Trd, 4318539.243, 65
Trd, 4318539.693, 73
Trd, 4318540.993, 140
Trd, 4318541.243, 139
Trd, 4318541.793, 69
Trd, 4318541.993, 66
Trd, 4318542.343, 65
Trd, 4318543.043, 140
Trd, 4318543.343, 139
Trd, 4318544.593, 140
Trd, 4318546.893, 132
Trd, 4318547.393, 132
Trd, 4318548.143, 128
Trd, 4318548.793, 127
Trd, 4318549.193, 124
Trd, 4318551.393, 140
Trd, 4318551.793, 140
Trd, 4318551.943, 129
Trd, 4318552.643, 138
Trd, 4318553.193, 132
Trd, 4318553.493, 138
Trd, 4318554.843, 139
Trd, 4318554.993, 97
Trd, 4318556.143, 136
Trd, 4318556.693, 131
Trd, 4318557.143, 128
Trd, 4318557.293, 119
Trd, 4318559.243, 125
Trd, 4318559.593, 112
Trd, 4318559.793, 95
Trd, 4318560.893, 138
Trd, 4318561.843, 140
Trd, 4318562.743, 137
Trd, 4318562.943, 135
Trd, 4318563.893, 124
Trd, 4318564.443, 136
Trd, 4318565.243, 120
Trd, 4318566.393, 108
Trd, 4318566.843, 62
Trd, 4318567.243, 140
Trd, 4318567.393, 140
Trd, 4318568.843, 104
Trd, 4318569.993, 136
Trd, 4318570.693, 140
Trd, 4318570.993, 128
Trd, 4318571.193, 124
Trd, 4318572.043, 140
Trd, 4318572.843, 136
Trd, 4318574.243, 126
Trd, 4318574.493, 126
Trd, 4318575.693, 91
Trd, 4318576.493, 101
Trd, 4318577.243, 137
Trd, 4318577.893, 139
Trd, 4318579.043, 128
Trd, 4318579.943, 138
Trd, 4318581.243, 125
Trd, 4318581.593, 140
Trd, 4318581.843, 123
Trd, 4318582.193, 140
Trd, 4318582.393, 96
Trd, 4318582.643, 98
Trd, 4318583.243, 140
Trd, 4318585.443, 138
Trd, 4318587.043, 117
Trd, 4318587.243, 103
Trd, 4318587.893, 140
Trd, 4318588.143, 137
Trd, 4318588.593, 124
Trd, 4318589.593, 103
Trd, 4318590.693, 101
Trd, 4318591.093, 114
Trd, 4318591.743, 119
Trd, 4318592.343, 129
Trd, 4318592.443, 100
Trd, 4318593.143, 106
Trd, 4318593.943, 96
Trd, 4318594.343, 90
Trd, 4318594.793, 85
Trd, 4318595.343, 61
Trd, 4318595.993, 123
Trd, 4318596.443, 61
Trd, 4318597.093, 134
Trd, 4318597.593, 60
Trd, 4318598.693, 73
Trd, 4318599.243, 63
Trd, 4318601.743, 117
Trd, 4318601.943, 115
Trd, 4318602.193, 70
Trd, 4318602.643, 78
Trd, 4318602.693, 123
Trd, 4318602.943, 133
Trd, 4318603.943, 140
Trd, 4318604.093, 137
Trd, 4318605.793, 137
Trd, 4318605.993, 140
Trd, 4318606.093, 135
Trd, 4318607.093, 95
Trd, 4318607.443, 132
Trd, 4318609.793, 140
Trd, 4318610.143, 132
Trd, 4318610.293, 129
Trd, 4318611.193, 140
Trd, 4318611.293, 107
Trd, 4318611.643, 140
Trd, 4318612.493, 76
Trd, 4318614.243, 138
Trd, 4318616.293, 134
Trd, 4318616.393, 132
Trd, 4318616.943, 129
Trd, 4318617.343, 98
Trd, 4318617.893, 97
Trd, 4318617.943, 83
Trd, 4318618.993, 99
Trd, 4318619.593, 71
Trd, 4318620.643, 65
Trd, 4318620.793, 97
Trd, 4318621.593, 138
Trd, 4318622.843, 106
Trd, 4318623.293, 118
Trd, 4318623.643, 82
Trd, 4318624.593, 132
Trd, 4318625.193, 139
Trd, 4318626.693, 140
Trd, 4318627.043, 135
Trd, 4318629.693, 140
Trd, 4318629.893, 140
Trd, 4318629.943, 136
Trd, 4318630.593, 133
Trd, 4318630.993, 91
Trd, 4318631.043, 115
Trd, 4318633.393, 140
Trd, 4318634.843, 140
Trd, 4318634.993, 136
Trd, 4318635.293, 135
Trd, 4318635.543, 127
Trd, 4318635.943, 79
Trd, 4318636.543, 140
Trd, 4318638.693, 140
Trd, 4318638.843, 140
Trd, 4318639.593, 128
Trd, 4318640.143, 138
Trd, 4318641.543, 136
Trd, 4318642.343, 140
Trd, 4318642.943, 124
Trd, 4318642.993, 122
Trd, 4318644.443, 140
Trd, 4318644.943, 139
Trd, 4318645.043, 136
Trd, 4318645.443, 134
Trd, 4318645.693, 124
Trd, 4318645.843, 88
Trd, 4318648.893, 134
Trd, 4318649.643, 140
Trd, 4318650.443, 139
Trd, 4318650.743, 138
Trd, 4318650.893, 136
Trd, 4318651.993, 140
Trd, 4318654.643, 140
Trd, 4318654.693, 140
Trd, 4318656.493, 140
Trd, 4318656.543, 139
Trd, 4318657.493, 140
Trd, 4318658.393, 113
Trd, 4318658.743, 134
Trd, 4318658.793, 112
Trd, 4318660.443, 138
Trd, 4318660.643, 104
Trd, 4318661.343, 114
Trd, 4318662.443, 118
Trd, 4318663.243, 71
Trd, 4318663.393, 134
Trd, 4318666.493, 122
Trd, 4318667.493, 140
Trd, 4318668.243, 122
Trd, 4318668.493, 126
Trd, 4318668.893, 121
Trd, 4318668.993, 119
Trd, 4318669.343, 70
Trd, 4318670.643, 62
Trd, 4318672.243, 63
Trd, 4318672.693, 75
Trd, 4318673.093, 61
Trd, 4318673.843, 61
Trd, 4318673.993, 75
Trd, 4318674.793, 140
Trd, 4318675.043, 105
Trd, 4318675.743, 104
Trd, 4318677.693, 66
Trd, 4318678.343, 63
Trd, 4318678.393, 108
Trd, 4318679.193, 62
Trd, 4318680.293, 122
Trd, 4318681.243, 140
Trd, 4318682.093, 140
Trd, 4318682.343, 136
Trd, 4318682.543, 139
Trd, 4318682.593, 133
Trd, 4318683.143, 80
Trd, 4318683.593, 117
Trd, 4318685.893, 100
Trd, 4318686.793, 61
Trd, 4318686.893, 83
Trd, 4318687.893, 61
Trd, 4318688.493, 71
Trd, 4318689.043, 85
Trd, 4318689.693, 101
Trd, 4318689.743, 80
Trd, 4318690.893, 138
Trd, 4318691.593, 138
Trd, 4318692.393, 137
Trd, 4318692.643, 135
Trd, 4318693.043, 133
Trd, 4318693.843, 115
Trd, 4318694.293, 137
Trd, 4318694.843, 138
Trd, 4318696.343, 71
Trd, 4318696.993, 112
Trd, 4318697.993, 114
Trd, 4318698.243, 139
Trd, 4318698.543, 107
Trd, 4318699.393, 128
Trd, 4318700.143, 106
Trd, 4318700.293, 103
Trd, 4318700.793, 135
Trd, 4318703.443, 130
Trd, 4318703.943, 140
Trd, 4318704.293, 137
Trd, 4318704.343, 136
Trd, 4318704.593, 124
Trd, 4318704.693, 91
Trd, 4318705.893, 129
Trd, 4318707.593, 132
Trd, 4318707.943, 140
Trd, 4318708.893, 107
Trd, 4318709.443, 88
Trd, 4318710.243, 136
Trd, 4318710.693, 140
Trd, 4318711.043, 133
Trd, 4318713.193, 65
Trd, 4318713.843, 72
Trd, 4318714.243, 77
Trd, 4318714.843, 106
Trd, 4318714.943, 73
Trd, 4318715.243, 132
Trd, 4318716.993, 139
Trd, 4318717.693, 135
Trd, 4318718.693, 140
Trd, 4318719.243, 132
Trd, 4318719.343, 124
Trd, 4318720.143, 127
Trd, 4318720.843, 125
Trd, 4318720.993, 118
Trd, 4318722.543, 140
Trd, 4318724.143, 87
Trd, 4318724.543, 139
Trd, 4318724.643, 130
Trd, 4318724.993, 122
Trd, 4318726.043, 94
Trd, 4318726.893, 95
Trd, 4318726.943, 87
Trd, 4318728.293, 136
Trd, 4318728.693, 115
Trd, 4318729.443, 140
Trd, 4318730.793, 140
Trd, 4318731.193, 125
Trd, 4318731.893, 135
Trd, 4318733.293, 138
Trd, 4318734.543, 140
Trd, 4318734.893, 139
Trd, 4318735.593, 129
Trd, 4318735.643, 110
Trd, 4318735.743, 88
Trd, 4318736.893, 134
Trd, 4318737.143, 129
Trd, 4318737.193, 128
Trd, 4318738.993, 68
Trd, 4318739.943, 106
Trd, 4318741.293, 129
Trd, 4318742.093, 139
Trd, 4318742.493, 139
Trd, 4318743.443, 139
Trd, 4318745.443, 140
Trd, 4318745.593, 140
Trd, 4318745.743, 132
Trd, 4318745.993, 122
Trd, 4318747.293, 139
Trd, 4318748.193, 140
Trd, 4318748.543, 140
Trd, 4318748.593, 139
Trd, 4318748.943, 136
Trd, 4318750.093, 125
Trd, 4318750.693, 140
Trd, 4318751.143, 129
Trd, 4318751.893, 104
Trd, 4318752.693, 127
Trd, 4318753.793, 134
Trd, 4318754.193, 133
Trd, 4318754.893, 140
Trd, 4318755.443, 111
Trd, 4318755.993, 99
Trd, 4318756.993, 132
Trd, 4318757.593, 114
Trd, 4318758.293, 101
Trd, 4318758.993, 112
Trd, 4318760.543, 140
Trd, 4318761.043, 139
Trd, 4318761.093, 136
Trd, 4318761.343, 88
Trd, 4318763.743, 126
Trd, 4318764.443, 125
Trd, 4318765.093, 126
Trd, 4318765.193, 125
Trd, 4318765.493, 133
Trd, 4318765.893, 68
Trd, 4318768.143, 140
Trd, 4318768.593, 140
Trd, 4318768.793, 117
Trd, 4318769.143, 101
Trd, 4318769.393, 61
Trd, 4318770.243, 81
Trd, 4318771.393, 60
Trd, 4318771.893, 61
Trd, 4318772.693, 60
Trd, 4318773.143, 63
Trd, 4318774.393, 107
Trd, 4318775.493, 123
Trd, 4318775.643, 121
Trd, 4318777.193, 128
Trd, 4318777.993, 127
Trd, 4318778.393, 131
Trd, 4318779.443, 138
Trd, 4318779.593, 120
Trd, 4318779.793, 100
Trd, 4318782.093, 139
Trd, 4318782.793, 139
Trd, 4318783.443, 138
Trd, 4318784.143, 136
Trd, 4318784.993, 139
Trd, 4318785.043, 129
Trd, 4318785.793, 132
Trd, 4318786.143, 135
Trd, 4318786.793, 89
Trd, 4318787.043, 110
Trd, 4318788.893, 64
Trd, 4318789.643, 139
Trd, 4318790.143, 65
Trd, 4318791.793, 81
Trd, 4318792.143, 106
Trd, 4318793.043, 135
Trd, 4318793.343, 120
Trd, 4318794.193, 134
Trd, 4318794.743, 138
Trd, 4318795.043, 110
Trd, 4318795.543, 89
Trd, 4318796.043, 140
Trd, 4318796.093, 82
Trd, 4318798.343, 140
Trd, 4318799.193, 93
Trd, 4318799.443, 132
Trd, 4318799.643, 107
Trd, 4318799.943, 75
Trd, 4318802.143, 133
Trd, 4318802.593, 140
Trd, 4318803.043, 139
Trd, 4318803.793, 125
Trd, 4318804.243, 128
Trd, 4318804.643, 93
Trd, 4318805.743, 108
Trd, 4318806.793, 109
Trd, 4318807.193, 111
Trd, 4318807.843, 74
Trd, 4318808.543, 84
Trd, 4318809.943, 135
Trd, 4318811.193, 123
Trd, 4318811.293, 121
Trd, 4318811.893, 140
Trd, 4318812.543, 81
Trd, 4318812.993, 83
Trd, 4318813.943, 64
Trd, 4318814.343, 140
Trd, 4318814.943, 137
Trd, 4318815.993, 128
Trd, 4318817.043, 128
Trd, 4318817.443, 135
Trd, 4318817.643, 122
Trd, 4318818.943, 92
Trd, 4318821.493, 140
Trd, 4318821.743, 116
Trd, 4318821.893, 89
Trd, 4318822.643, 140
Trd, 4318822.943, 132
Trd, 4318822.993, 93
Trd, 4318823.243, 92
Trd, 4318823.893, 139
Trd, 4318825.743, 139
Trd, 4318826.393, 130
Trd, 4318826.593, 128
Trd, 4318827.543, 60
Trd, 4318827.943, 139
Trd, 4318828.443, 140
Trd, 4318829.293, 139
Trd, 4318829.743, 140
Trd, 4318830.243, 138
Trd, 4318830.943, 89
Trd, 4318831.193, 71
Trd, 4318831.543, 134
Trd, 4318833.343, 137
Trd, 4318833.993, 136
Trd, 4318834.843, 116
Trd, 4318834.943, 115
Trd, 4318834.993, 114
Trd, 4318836.243, 107
Trd, 4318836.343, 100
Trd, 4318837.293, 140
Trd, 4318837.343, 119
Trd, 4318838.693, 140
Trd, 4318839.043, 138
Trd, 4318839.193, 124
Trd, 4318840.743, 110
Trd, 4318840.993, 134
Trd, 4318841.243, 102
Trd, 4318841.593, 73
Trd, 4318842.693, 126
Trd, 4318843.193, 127
Trd, 4318843.293, 71
Trd, 4318843.443, 140
Trd, 4318846.193, 140
Trd, 4318846.743, 140
Trd, 4318847.893, 140
Trd, 4318848.493, 121
Trd, 4318848.693, 106
Trd, 4318849.143, 130
Trd, 4318849.443, 114
Trd, 4318849.493, 105
Trd, 4318849.743, 138
Trd, 4318852.543, 139
Trd, 4318853.143, 113
Trd, 4318853.943, 98
Trd, 4318854.643, 93
Trd, 4318855.293, 74
Trd, 4318856.743, 140
Trd, 4318857.143, 118
Trd, 4318858.293, 139
Trd, 4318858.493, 136
Trd, 4318859.443, 139
Trd, 4318860.293, 139
Trd, 4318860.543, 102
Trd, 4318861.393, 135
Trd, 4318861.743, 138
Trd, 4318862.193, 125
Trd, 4318862.743, 140
Trd, 4318862.843, 132
Trd, 4318864.093, 124
Trd, 4318864.293, 122
Trd, 4318865.243, 116
Trd, 4318865.843, 139
Trd, 4318866.943, 82
Trd, 4318867.343, 83
Trd, 4318867.443, 103
Trd, 4318867.693, 74
Trd, 4318868.793, 139
Trd, 4318868.943, 120
Trd, 4318870.143, 129
Trd, 4318871.893, 124
Trd, 4318872.693, 126
Trd, 4318872.893, 138
Trd, 4318873.893, 60
Trd, 4318874.493, 139
Trd, 4318875.593, 66
Trd, 4318876.743, 132
Trd, 4318877.443, 139
Trd, 4318878.043, 136
Trd, 4318878.643, 139
Trd, 4318878.693, 138
Trd, 4318879.193, 135
Trd, 4318879.543, 132
Trd, 4318881.193, 139
Trd, 4318881.543, 139
Trd, 4318882.393, 139
Trd, 4318882.693, 119
Trd, 4318883.193, 112
Trd, 4318884.293, 60
Trd, 4318884.343, 65
Trd, 4318884.843, 64
Trd, 4318886.043, 64
Trd, 4318886.643, 140
Trd, 4318887.493, 140
Trd, 4318887.593, 139
Trd, 4318888.543, 101
Trd, 4318888.943, 108
Trd, 4318889.193, 78
Trd, 4318890.643, 71
Trd, 4318891.043, 97
Trd, 4318892.393, 128
Trd, 4318893.743, 131
Trd, 4318893.843, 62
Trd, 4318894.543, 74
Trd, 4318895.493, 140
Trd, 4318896.193, 139
Trd, 4318896.943, 60
Trd, 4318898.143, 140
Trd, 4318898.643, 83
Trd, 4318900.693, 136
Trd, 4318900.793, 134
Trd, 4318901.343, 131
Trd, 4318902.793, 130
Trd, 4318903.043, 102
Trd, 4318903.243, 134
Trd, 4318905.293, 135
Trd, 4318905.393, 80
Trd, 4318905.693, 140
Trd, 4318909.343, 135
Trd, 4318909.593, 94
Trd, 4318909.743, 136
Trd, 4318911.543, 139
Trd, 4318912.893, 140
Trd, 4318913.093, 133
Trd, 4318913.543, 112
Trd, 4318913.793, 117
Trd, 4318914.293, 139
Trd, 4318914.843, 109
Trd, 4318915.143, 140
Trd, 4318915.293, 92
Trd, 4318917.593, 140
Trd, 4318918.293, 140
Trd, 4318918.743, 136
Trd, 4318919.243, 121
Trd, 4318920.293, 123
Trd, 4318920.943, 122
Trd, 4318921.093, 102
Trd, 4318921.893, 98
Trd, 4318921.993, 115
Trd, 4318923.343, 139
Trd, 4318924.193, 138
Trd, 4318924.593, 125
Trd, 4318924.793, 138
Trd, 4318926.943, 131
Trd, 4318928.093, 140
Trd, 4318929.093, 140
Trd, 4318929.493, 140
Trd, 4318930.643, 139
Trd, 4318930.893, 128
Trd, 4318931.543, 90
Trd, 4318931.593, 87
Trd, 4318932.893, 65
Trd, 4318934.543, 140
Trd, 4318934.693, 115
Trd, 4318935.393, 140
Trd, 4318935.843, 81
Trd, 4318936.743, 60
Trd, 4318937.293, 136
Trd, 4318938.443, 67
Trd, 4318938.843, 115
Trd, 4318939.093, 125
Trd, 4318939.693, 120
Trd, 4318941.743, 140
Trd, 4318943.043, 135
Trd, 4318943.143, 133
Trd, 4318943.643, 133
Trd, 4318943.743, 115
Trd, 4318944.243, 134
Trd, 4318945.993, 140
Trd, 4318948.643, 140
Trd, 4318949.543, 140
Trd, 4318949.893, 140
Trd, 4318949.943, 139
Trd, 4318950.693, 140
Trd, 4318951.893, 115
Trd, 4318952.093, 111
Trd, 4318952.243, 134
Trd, 4318952.943, 85
Trd, 4318953.443, 105
Trd, 4318954.443, 140
Trd, 4318954.643, 139
Trd, 4318955.393, 116
Trd, 4318955.843, 70
Trd, 4318957.193, 79
Trd, 4318959.643, 113
Trd, 4318959.693, 110
Trd, 4318960.443, 120
Trd, 4318961.193, 84
Trd, 4318961.593, 126
Trd, 4318961.993, 137
Trd, 4318962.993, 102
Trd, 4318963.243, 117
Trd, 4318963.593, 119
Trd, 4318963.893, 136
Trd, 4318964.443, 90
Trd, 4318966.993, 120
Trd, 4318967.843, 140
Trd, 4318968.393, 136
Trd, 4318968.843, 134
Trd, 4318969.093, 127
Trd, 4318969.693, 88
Trd, 4318970.593, 140
Trd, 4318971.193, 131
Trd, 4318971.843, 130
Trd, 4318973.043, 130
Trd, 4318973.143, 130
Trd, 4318973.343, 136
Trd, 4318973.893, 101
Trd, 4318974.193, 140
Trd, 4318974.793, 139
Trd, 4318977.293, 136
Trd, 4318977.493, 133
Trd, 4318978.793, 140
Trd, 4318978.943, 140
Trd, 4318979.043, 89
Trd, 4318979.593, 84
Trd, 4318980.943, 129
Trd, 4318982.143, 140
Trd, 4318982.493, 140
Trd, 4318982.643, 105
Trd, 4318982.943, 120
Trd, 4318984.243, 140
Trd, 4318984.693, 95
Trd, 4318985.193, 130
Trd, 4318985.543, 131
Trd, 4318987.343, 140
Trd, 4318987.443, 133
Trd, 4318988.643, 140
Trd, 4318989.043, 136
Trd, 4318989.243, 97
Trd, 4318989.893, 135
Trd, 4318990.243, 140
Trd, 4318990.493, 133
Trd, 4318991.243, 112
Trd, 4318991.293, 79
Trd, 4318993.243, 133
Trd, 4318994.843, 117
Trd, 4318994.943, 115
Trd, 4318995.943, 93
Trd, 4318995.993, 93
Trd, 4318996.243, 136
Trd, 4318997.193, 140
Trd, 4318998.293, 140
Trd, 4318999.243, 139
Trd, 4318999.543, 140
Trd, 4319000.243, 136
Trd, 4319000.793, 133
Trd, 4319001.543, 82
Trd, 4319003.543, 139
Trd, 4319003.793, 102
Trd, 4319004.543, 140
Trd, 4319005.593, 139
Trd, 4319006.643, 140
Trd, 4319006.743, 136
Trd, 4319006.793, 135
Trd, 4319007.743, 88
Trd, 4319007.943, 87
Trd, 4319007.993, 118
Trd, 4319008.543, 137
Trd, 4319009.493, 63
Trd, 4319010.643, 140
Trd, 4319011.343, 132
Trd, 4319011.393, 65
Trd, 4319012.043, 120
Trd, 4319012.393, 75
Trd, 4319012.893, 78
Trd, 4319013.893, 64
Trd, 4319014.143, 109
Trd, 4319016.243, 140
Trd, 4319017.793, 134
Trd, 4319018.093, 128
Trd, 4319018.343, 107
Trd, 4319020.093, 138
Trd, 4319020.293, 139
Trd, 4319021.143, 140
Trd, 4319021.593, 133
Trd, 4319021.843, 133
Trd, 4319022.993, 135
Trd, 4319024.043, 138
Trd, 4319024.143, 128
Trd, 4319025.043, 140
Trd, 4319026.243, 137
Trd, 4319026.793, 140
Trd, 4319026.893, 140
Trd, 4319027.393, 110
Trd, 4319027.443, 110
Trd, 4319028.793, 82
Trd, 4319029.693, 61
Trd, 4319030.793, 64
Trd, 4319031.343, 96
Trd, 4319032.343, 140
Trd, 4319033.043, 138
Trd, 4319033.193, 136
Trd, 4319034.143, 119
Trd, 4319034.493, 118
Trd, 4319036.793, 140
Trd, 4319036.893, 139
Trd, 4319037.493, 135
Trd, 4319037.643, 124
Trd, 4319038.593, 137
Trd, 4319039.443, 96
Trd, 4319039.943, 138
Trd, 4319040.293, 113
Trd, 4319041.293, 100
Trd, 4319042.443, 140
Trd, 4319042.493, 124
Trd, 4319043.143, 140
Trd, 4319043.243, 139
Trd, 4319043.543, 90
Trd, 4319045.093, 140
Trd, 4319047.443, 137
Trd, 4319047.543, 136
Trd, 4319048.443, 138
Trd, 4319048.943, 137
Trd, 4319049.643, 134
Trd, 4319050.293, 136
Trd, 4319050.443, 111
Trd, 4319051.193, 140
Trd, 4319051.843, 121
Trd, 4319053.293, 114
Trd, 4319054.093, 140
Trd, 4319054.193, 139
Trd, 4319055.743, 131
Trd, 4319056.643, 132
Trd, 4319057.493, 137
Trd, 4319057.593, 129
Trd, 4319057.943, 118
Trd, 4319058.743, 139
Trd, 4319059.393, 140
Trd, 4319060.493, 129
Trd, 4319061.043, 120
Trd, 4319061.243, 71
Trd, 4319061.843, 133
Trd, 4319062.543, 132
Trd, 4319063.293, 126
Trd, 4319064.593, 137
Trd, 4319065.393, 138
Trd, 4319066.343, 139
Trd, 4319068.443, 140
Trd, 4319068.843, 140
Trd, 4319069.393, 140
Trd, 4319070.343, 133
Trd, 4319070.443, 122
Trd, 4319071.243, 136
Trd, 4319072.943, 131
Trd, 4319073.143, 98
Trd, 4319073.243, 137
Trd, 4319074.193, 81
Trd, 4319075.043, 134
Trd, 4319075.493, 113
Trd, 4319076.743, 77
Trd, 4319077.093, 70
Trd, 4319077.643, 68
Trd, 4319078.343, 140
Trd, 4319079.393, 140
Trd, 4319079.743, 140
Trd, 4319080.893, 138
Trd, 4319081.393, 104
Trd, 4319081.993, 140
Trd, 4319082.193, 136
Trd, 4319083.193, 140
Trd, 4319083.393, 140
Trd, 4319084.793, 140
Trd, 4319086.193, 140
Trd, 4319086.543, 140
Trd, 4319086.643, 138
Trd, 4319087.693, 74
Trd, 4319088.393, 77
Trd, 4319089.443, 63
Trd, 4319089.593, 81
Trd, 4319091.643, 90
Trd, 4319092.193, 89
Trd, 4319092.543, 101
Trd, 4319092.643, 139
Trd, 4319094.243, 136
Trd, 4319094.443, 126
Trd, 4319095.193, 140
Trd, 4319095.993, 115
Trd, 4319097.493, 140
Trd, 4319098.493, 125
Trd, 4319099.093, 120
Trd, 4319099.693, 131
Trd, 4319100.043, 120
Trd, 4319100.493, 88
Trd, 4319101.343, 137
Trd, 4319101.793, 127
Trd, 4319102.543, 139
Trd, 4319104.643, 133
Trd, 4319104.793, 133
Trd, 4319105.143, 140
Trd, 4319105.393, 124
Trd, 4319106.043, 140
Trd, 4319106.643, 127
Trd, 4319107.393, 130
Trd, 4319107.743, 129
Trd, 4319108.693, 100
Trd, 4319109.693, 140
Trd, 4319111.443, 97
Trd, 4319111.943, 95
Trd, 4319113.093, 110
Trd, 4319113.293, 101
Trd, 4319113.593, 133
Trd, 4319113.993, 138
Trd, 4319116.293, 140
Trd, 4319117.143, 140
Trd, 4319117.393, 138
Trd, 4319117.643, 136
Trd, 4319117.893, 128
Trd, 4319118.293, 112
Trd, 4319120.893, 139
Trd, 4319121.493, 138
Trd, 4319122.093, 140
Trd, 4319122.593, 135
Trd, 4319123.143, 133
Trd, 4319123.293, 108
Trd, 4319124.043, 123
Trd, 4319124.393, 112
Trd, 4319125.643, 136
Trd, 4319125.893, 128
Trd, 4319126.293, 140
Trd, 4319127.043, 118
Trd, 4319127.493, 140
Trd, 4319128.443, 132
Trd, 4319128.893, 111
Trd, 4319130.143, 116
Trd, 4319131.343, 83
Trd, 4319131.443, 126
Trd, 4319132.293, 139
Trd, 4319132.793, 98
Trd, 4319135.493, 134
Trd, 4319135.743, 131
Trd, 4319136.343, 140
Trd, 4319136.593, 119
Trd, 4319137.043, 117
Trd, 4319137.843, 74
Trd, 4319138.193, 135
Trd, 4319138.843, 139
Trd, 4319139.093, 136
Trd, 4319139.993, 137
Trd, 4319141.143, 139
Trd, 4319141.193, 135
Trd, 4319143.293, 140
Trd, 4319143.543, 138
Trd, 4319143.893, 140
Trd, 4319144.093, 137
Trd, 4319145.343, 138
Trd, 4319145.493, 137
Trd, 4319145.843, 140
Trd, 4319147.393, 136
Trd, 4319147.443, 133
Trd, 4319147.493, 93
Trd, 4319148.043, 123
Trd, 4319148.943, 139
Trd, 4319151.293, 139
Trd, 4319151.993, 111
Trd, 4319152.543, 108
Trd, 4319152.643, 106
Trd, 4319152.843, 123
Trd, 4319153.093, 136
Trd, 4319153.893, 138
Trd, 4319154.793, 110
Trd, 4319155.493, 137
Trd, 4319155.543, 120
Trd, 4319156.243, 61
Trd, 4319158.443, 138
Trd, 4319159.193, 140
Trd, 4319159.593, 133
Trd, 4319160.443, 138
Trd, 4319160.693, 135
Trd, 4319161.043, 109
Trd, 4319163.443, 140
Trd, 4319163.543, 140
Trd, 4319163.843, 139
Trd, 4319164.143, 138
Trd, 4319164.643, 134
Trd, 4319164.993, 126
Trd, 4319167.143, 140
Trd, 4319167.993, 140
Trd, 4319168.143, 133
Trd, 4319168.243, 129
Trd, 4319168.893, 127
Trd, 4319169.693, 140
Trd, 4319170.743, 124
Trd, 4319171.343, 117
Trd, 4319171.443, 115
Trd, 4319171.793, 140
Trd, 4319172.793, 128
Trd, 4319173.093, 125
Trd, 4319174.393, 138
Trd, 4319174.443, 137
Trd, 4319175.893, 93
Trd, 4319177.143, 130
Trd, 4319178.243, 132
Trd, 4319178.643, 140
Trd, 4319178.793, 93
Trd, 4319178.893, 88
Trd, 4319180.093, 97
Trd, 4319180.643, 128
Trd, 4319182.293, 140
Trd, 4319182.743, 140
Trd, 4319182.893, 136
Trd, 4319184.093, 140
Trd, 4319184.243, 94
Trd, 4319186.293, 113
Trd, 4319186.743, 81
Trd, 4319187.593, 75
Trd, 4319188.543, 83
Trd, 4319188.793, 139
Trd, 4319189.643, 138
Trd, 4319189.743, 137
Trd, 4319189.843, 135
Trd, 4319191.343, 138
Trd, 4319192.343, 116
Trd, 4319192.693, 112
Trd, 4319193.143, 137
Trd, 4319193.843, 120
Trd, 4319195.993, 140
Trd, 4319196.343, 138
Trd, 4319197.143, 134
Trd, 4319197.643, 139
Trd, 4319197.693, 131
Trd, 4319197.743, 120
Trd, 4319199.643, 105
Trd, 4319199.743, 131
Trd, 4319200.843, 117
Trd, 4319200.943, 102
Trd, 4319201.993, 140
Trd, 4319203.193, 134
Trd, 4319204.193, 140
Trd, 4319204.293, 133
Trd, 4319204.893, 128
Trd, 4319206.893, 140
Trd, 4319207.393, 130
Trd, 4319208.343, 136
Trd, 4319208.493, 128
Trd, 4319208.943, 136
Trd, 4319209.793, 132
Trd, 4319210.393, 140
Trd, 4319210.993, 140
Trd, 4319211.643, 127
Trd, 4319211.743, 140
Trd, 4319212.393, 140
Trd, 4319212.743, 138
Trd, 4319215.543, 140
Trd, 4319215.943, 140
Trd, 4319216.293, 136
Trd, 4319217.393, 140
Trd, 4319217.493, 140
Trd, 4319218.743, 139
Trd, 4319219.093, 101
Trd, 4319220.693, 139
Trd, 4319220.843, 129
Trd, 4319221.893, 119
Trd, 4319222.143, 134
Trd, 4319222.193, 117
Trd, 4319223.193, 110
Trd, 4319223.343, 109
Trd, 4319225.193, 140
Trd, 4319227.343, 139
Trd, 4319227.393, 135
Trd, 4319227.543, 139
Trd, 4319227.693, 135
Trd, 4319228.293, 134
Trd, 4319228.693, 108
Trd, 4319229.093, 100
Trd, 4319231.543, 64
Trd, 4319233.143, 128
Trd, 4319233.343, 107
Trd, 4319234.593, 96
Trd, 4319235.543, 64
Trd, 4319235.593, 82
Trd, 4319235.843, 73
Trd, 4319236.093, 133
Trd, 4319236.993, 89
Trd, 4319237.593, 98
Trd, 4319238.093, 110
Trd, 4319238.293, 113
Trd, 4319238.443, 121
Trd, 4319240.093, 60
Trd, 4319241.543, 63
Trd, 4319241.943, 138
Trd, 4319244.193, 132
Trd, 4319244.493, 126
Trd, 4319244.593, 125
Trd, 4319244.643, 125
Trd, 4319245.593, 136
Trd, 4319247.243, 107
Trd, 4319249.543, 139
Trd, 4319249.693, 136
Trd, 4319250.643, 136
Trd, 4319250.693, 135
Trd, 4319251.043, 125
Trd, 4319251.843, 140
Trd, 4319252.543, 140
Trd, 4319252.893, 140
Trd, 4319253.243, 77
Trd, 4319254.343, 134
Trd, 4319254.843, 104
Trd, 4319255.593, 125
Trd, 4319257.243, 100
Trd, 4319258.443, 135
Trd, 4319259.543, 104
Trd, 4319260.143, 139
Trd, 4319260.293, 104
Trd, 4319260.443, 101
Trd, 4319260.793, 98
Trd, 4319261.093, 96
Trd, 4319261.793, 114
Trd, 4319261.993, 127
Trd, 4319262.543, 140
Trd, 4319262.843, 136
Trd, 4319264.693, 130
Trd, 4319265.143, 118
Trd, 4319265.743, 130
Trd, 4319266.393, 140
Trd, 4319266.943, 113
Trd, 4319266.993, 110
Trd, 4319267.393, 117
Trd, 4319267.593, 78
Trd, 4319268.493, 95
Trd, 4319269.993, 138
Trd, 4319270.443, 135
Trd, 4319270.493, 73
Trd, 4319270.943, 89
Trd, 4319272.293, 61
Trd, 4319274.293, 137
Trd, 4319275.493, 139
Trd, 4319276.643, 140
Trd, 4319276.993, 136
Trd, 4319277.543, 134
Trd, 4319278.143, 139
Trd, 4319278.343, 133
Trd, 4319279.593, 128
Trd, 4319280.593, 109
Trd, 4319280.793, 116
Trd, 4319281.043, 123
Trd, 4319281.643, 62
Trd, 4319283.143, 132
Trd, 4319284.493, 136
Trd, 4319284.743, 99
Trd, 4319285.693, 89
Trd, 4319285.893, 104
Trd, 4319286.843, 136
Trd, 4319287.043, 71
Trd, 4319288.093, 74
Trd, 4319289.143, 128
Trd, 4319290.293, 117
Trd, 4319291.143, 111
Trd, 4319291.343, 110
Trd, 4319291.743, 114
Trd, 4319293.043, 140
Trd, 4319293.693, 128
Trd, 4319294.493, 119
Trd, 4319295.993, 139
Trd, 4319297.143, 140
Trd, 4319297.193, 136
Trd, 4319299.143, 140
Trd, 4319300.043, 140
Trd, 4319300.443, 140
Trd, 4319300.993, 138
Trd, 4319301.993, 132
Trd, 4319302.243, 127
Trd, 4319303.843, 140
Trd, 4319304.743, 100
Trd, 4319304.993, 68
Trd, 4319305.793, 75
Trd, 4319307.293, 136
Trd, 4319307.493, 100
Trd, 4319308.993, 140
Trd, 4319309.143, 139
Trd, 4319309.893, 140
Trd, 4319310.643, 137
Trd, 4319311.193, 133
Trd, 4319312.593, 140
Trd, 4319312.993, 97
Trd, 4319314.343, 126
Trd, 4319314.543, 96
Trd, 4319315.043, 94
Trd, 4319317.043, 139
Trd, 4319318.243, 139
Trd, 4319318.893, 140
Trd, 4319319.093, 134
Trd, 4319320.043, 140
Trd, 4319320.393, 136
Trd, 4319320.693, 135
Trd, 4319321.493, 140
Trd, 4319322.443, 128
Trd, 4319322.543, 87
Trd, 4319322.943, 88
Trd, 4319323.993, 129
Trd, 4319325.493, 138
Trd, 4319325.543, 111
Trd, 4319327.093, 93
Trd, 4319327.143, 100
Trd, 4319327.943, 93
Trd, 4319328.293, 96
Trd, 4319329.193, 111
Trd, 4319329.443, 130
Trd, 4319330.193, 114
Trd, 4319330.293, 104
Trd, 4319330.543, 135
Trd, 4319331.943, 120
Trd, 4319332.893, 134
Trd, 4319333.043, 105
Trd, 4319333.093, 103
Trd, 4319333.293, 140
Trd, 4319333.393, 102
Trd, 4319333.993, 70
Trd, 4319335.043, 74
Trd, 4319336.393, 128
Trd, 4319337.893, 140
Trd, 4319339.993, 138
Trd, 4319340.743, 100
Trd, 4319340.943, 96
Trd, 4319341.093, 94
Trd, 4319341.393, 95
Trd, 4319341.993, 138
Trd, 4319342.243, 138
Trd, 4319342.793, 120
Trd, 4319343.593, 121
Trd, 4319344.143, 137
Trd, 4319345.193, 66
Trd, 4319346.093, 103
Trd, 4319346.893, 139
Trd, 4319347.393, 93
Trd, 4319348.643, 140
Trd, 4319349.043, 140
Trd, 4319349.143, 136
Trd, 4319349.343, 121
Trd, 4319349.593, 104
Trd, 4319350.193, 140
Trd, 4319351.093, 110
Trd, 4319353.743, 140
Trd, 4319354.693, 139
Trd, 4319355.443, 140
Trd, 4319356.443, 139
Trd, 4319356.793, 140
Trd, 4319356.843, 133
Trd, 4319356.993, 131
Trd, 4319358.693, 133
Trd, 4319358.943, 131
Trd, 4319359.143, 139
Trd, 4319359.393, 125
Trd, 4319361.693, 133
Trd, 4319363.143, 140
Trd, 4319363.193, 140
Trd, 4319363.243, 136
Trd, 4319365.243, 101
Trd, 4319365.843, 102
Trd, 4319367.893, 137
Trd, 4319368.193, 137
Trd, 4319368.593, 139
Trd, 4319368.843, 136
Trd, 4319369.393, 134
Trd, 4319370.743, 139
Trd, 4319371.193, 123
Trd, 4319371.243, 99
Trd, 4319372.243, 132
Trd, 4319372.993, 126
Trd, 4319373.693, 131
Trd, 4319374.843, 92
Trd, 4319375.393, 135
Trd, 4319376.043, 139
Trd, 4319377.743, 139
Trd, 4319378.393, 126
Trd, 4319378.793, 111
Trd, 4319379.593, 73
Trd, 4319382.143, 70
Trd, 4319383.593, 140
Trd, 4319384.043, 140
Trd, 4319384.093, 140
Trd, 4319384.493, 140
Trd, 4319384.993, 129
Trd, 4319385.543, 126
Trd, 4319385.693, 98
Trd, 4319386.193, 109
Trd, 4319388.293, 75
Trd, 4319388.543, 135
Trd, 4319389.493, 86
Trd, 4319390.443, 140
Trd, 4319392.543, 140
Trd, 4319393.143, 133
Trd, 4319393.493, 132
Trd, 4319393.793, 113
Trd, 4319394.693, 76
Trd, 4319394.943, 136
Trd, 4319395.743, 140
Trd, 4319395.843, 105
Trd, 4319396.793, 94
Trd, 4319397.093, 119
Trd, 4319398.393, 61
Trd, 4319398.793, 65
Trd, 4319399.443, 60
Trd, 4319399.643, 74
Trd, 4319399.793, 118
Trd, 4319400.693, 122
Trd, 4319402.043, 134
Trd, 4319402.843, 124
Trd, 4319403.643, 140
Trd, 4319404.243, 140
Trd, 4319405.693, 91
Trd, 4319406.043, 140
Trd, 4319406.643, 140
Trd, 4319407.343, 124
Trd, 4319408.243, 65
Trd, 4319408.843, 108
Trd, 4319410.243, 99
Trd, 4319411.243, 139
Trd, 4319411.343, 136
Trd, 4319411.393, 115
Trd, 4319412.093, 138
Trd, 4319413.593, 138
Trd, 4319414.843, 126
Trd, 4319415.443, 122
Trd, 4319416.943, 136
Trd, 4319418.793, 132
Trd, 4319418.843, 130
Trd, 4319419.143, 124
Trd, 4319419.243, 120
Trd, 4319419.843, 138
Trd, 4319419.993, 132
Trd, 4319420.693, 93
Trd, 4319421.443, 89
Trd, 4319423.043, 65
Trd, 4319423.243, 80
Trd, 4319423.893, 116
Trd, 4319424.243, 79
Trd, 4319425.443, 140
Trd, 4319426.593, 64
Trd, 4319427.443, 124
Trd, 4319428.693, 140
Trd, 4319429.993, 139
Trd, 4319430.293, 133
Trd, 4319431.043, 138
Trd, 4319431.093, 135
Trd, 4319431.443, 112
Trd, 4319432.293, 110
Trd, 4319432.993, 103
Trd, 4319433.043, 102
Trd, 4319434.593, 140
Trd, 4319434.743, 135
Trd, 4319435.743, 140
Trd, 4319435.993, 140
Trd, 4319436.643, 133
Trd, 4319436.743, 131
Trd, 4319436.943, 121
Trd, 4319437.643, 82
Trd, 4319438.693, 106
Trd, 4319439.193, 140
Trd, 4319439.443, 136
Trd, 4319441.443, 117
Trd, 4319441.893, 112
Trd, 4319442.093, 101
Trd, 4319444.293, 140
Trd, 4319444.743, 140
Trd, 4319445.243, 134
Trd, 4319445.493, 139
Trd, 4319445.843, 115
Trd, 4319446.443, 111
Trd, 4319447.193, 128
Trd, 4319447.993, 140
Trd, 4319448.093, 126
Trd, 4319449.043, 140
Trd, 4319449.443, 127
Trd, 4319449.843, 128
Trd, 4319451.043, 115
Trd, 4319451.593, 125
Trd, 4319452.443, 110
Trd, 4319453.043, 136
Trd, 4319453.943, 80
Trd, 4319454.243, 140
Trd, 4319456.543, 112
Trd, 4319457.493, 140
Trd, 4319457.593, 138
Trd, 4319458.893, 135
Trd, 4319459.743, 127
Trd, 4319459.793, 91
Trd, 4319459.893, 77
Trd, 4319460.493, 139
Trd, 4319461.693, 140
Trd, 4319461.793, 129
Trd, 4319463.293, 132
Trd, 4319463.943, 113
Trd, 4319464.743, 140
Trd, 4319465.043, 100
Trd, 4319465.593, 137
Trd, 4319468.293, 139
Trd, 4319468.493, 133
Trd, 4319468.893, 120
Trd, 4319468.993, 118
Trd, 4319469.593, 92
Trd, 4319472.293, 140
Trd, 4319472.543, 140
Trd, 4319472.993, 106
Trd, 4319473.043, 97
Trd, 4319474.993, 140
Trd, 4319475.393, 139
Trd, 4319475.543, 136
Trd, 4319475.693, 135
Trd, 4319476.593, 139
Trd, 4319477.743, 140
Trd, 4319478.243, 135
Trd, 4319479.393, 132
Trd, 4319479.543, 129
Trd, 4319479.593, 88
Trd, 4319480.593, 137
Trd, 4319481.593, 140
Trd, 4319481.843, 140
Trd, 4319483.893, 134
Trd, 4319484.393, 139
Trd, 4319484.543, 128
Trd, 4319484.793, 109
Trd, 4319485.343, 84
Trd, 4319487.293, 140
Trd, 4319487.793, 139
Trd, 4319488.693, 139
Trd, 4319489.043, 121
Trd, 4319489.093, 94
Trd, 4319489.793, 140
Trd, 4319491.043, 140
Trd, 4319491.793, 139
Trd, 4319491.843, 136
Trd, 4319492.243, 103
Trd, 4319493.593, 106
Trd, 4319493.843, 120
Trd, 4319494.793, 137
Trd, 4319496.193, 139
Trd, 4319497.193, 123
Trd, 4319497.793, 140
Trd, 4319498.793, 140
Trd, 4319499.793, 140
Trd, 4319500.893, 140
Trd, 4319500.943, 125
Trd, 4319501.443, 113
Trd, 4319501.643, 134
Trd, 4319501.843, 87
Trd, 4319502.443, 139
Trd, 4319502.893, 106
Trd, 4319502.943, 85
Trd, 4319505.143, 140
Trd, 4319505.543, 134
Trd, 4319505.993, 133
Trd, 4319508.543, 133
Trd, 4319508.943, 130
Trd, 4319509.393, 129
Trd, 4319509.443, 129
Trd, 4319509.593, 124
Trd, 4319509.693, 93
Trd, 4319510.043, 94
Trd, 4319510.743, 78
Trd, 4319511.943, 61
Trd, 4319512.093, 67
Trd, 4319513.443, 69
Trd, 4319515.843, 130
Trd, 4319515.893, 124
Trd, 4319516.443, 139
Trd, 4319516.643, 123
Trd, 4319516.843, 120
Trd, 4319518.543, 136
Trd, 4319519.143, 96
Trd, 4319519.693, 103
Trd, 4319520.043, 85
Trd, 4319520.143, 140
Trd, 4319520.543, 136
Trd, 4319520.743, 135
Trd, 4319522.793, 132
Trd, 4319522.843, 131
Trd, 4319523.493, 77
Trd, 4319524.143, 68
Trd, 4319524.843, 121
Trd, 4319526.443, 139
Trd, 4319527.543, 140
Trd, 4319528.693, 140
Trd, 4319528.843, 140
Trd, 4319528.943, 137
Trd, 4319529.193, 118
Trd, 4319530.093, 94
Trd, 4319530.793, 109
Trd, 4319531.543, 139
Trd, 4319532.243, 136
Trd, 4319534.493, 140
Trd, 4319534.693, 136
Trd, 4319535.143, 140
Trd, 4319535.393, 130
Trd, 4319536.393, 129
Trd, 4319536.693, 132
Trd, 4319537.043, 110
Trd, 4319537.693, 96
Trd, 4319538.043, 70
Trd, 4319538.443, 140
Trd, 4319538.843, 140
Trd, 4319541.593, 136
Trd, 4319541.943, 134
Trd, 4319542.593, 128
Trd, 4319543.293, 106
Trd, 4319543.493, 104
Trd, 4319543.593, 99
Trd, 4319544.743, 125
Trd, 4319545.643, 127
Trd, 4319545.893, 98
Trd, 4319546.993, 107
Trd, 4319548.093, 64
Trd, 4319549.393, 138
Trd, 4319549.643, 136
Trd, 4319550.093, 140
Trd, 4319550.893, 139
Trd, 4319551.243, 118
Trd, 4319551.593, 118
Trd, 4319552.393, 117
Trd, 4319553.193, 127
Trd, 4319553.793, 111
Trd, 4319554.493, 79
Trd, 4319554.543, 140
Trd, 4319555.843, 123
Trd, 4319556.343, 140
Trd, 4319557.393, 74
Trd, 4319558.143, 115
Trd, 4319559.193, 136
Trd, 4319559.693, 140
Trd, 4319560.193, 139
Trd, 4319560.543, 136
Trd, 4319560.693, 78
Trd, 4319561.943, 103
Trd, 4319562.243, 123
Trd, 4319564.743, 140
Trd, 4319565.293, 136
Trd, 4319565.793, 140
Trd, 4319566.043, 132
Trd, 4319566.793, 140
Trd, 4319566.943, 119
Trd, 4319567.343, 100
Trd, 4319567.443, 94
Trd, 4319568.793, 138
Trd, 4319569.343, 69
Trd, 4319569.693, 133
Trd, 4319570.043, 140
Trd, 4319571.893, 133
Trd, 4319572.093, 84
Trd, 4319572.893, 71
Trd, 4319573.493, 139
Trd, 4319574.893, 139
Trd, 4319575.293, 136
Trd, 4319575.793, 131
Trd, 4319576.443, 139
Trd, 4319576.893, 98
Trd, 4319578.493, 124
Trd, 4319579.793, 140
Trd, 4319580.393, 110
Trd, 4319580.493, 108
Trd, 4319582.143, 117
Trd, 4319583.093, 78
Trd, 4319583.193, 124
Trd, 4319585.143, 140
Trd, 4319585.293, 140
Trd, 4319586.093, 140
Trd, 4319586.693, 136
Trd, 4319586.943, 128
Trd, 4319587.193, 60
Trd, 4319587.643, 140
Trd, 4319588.893, 61
Trd, 4319589.093, 86
Trd, 4319589.843, 140
Trd, 4319591.043, 74
Trd, 4319592.643, 133
Trd, 4319593.293, 76
Trd, 4319593.793, 130
Trd, 4319595.043, 138
Trd, 4319595.793, 138
Trd, 4319596.393, 140
Trd, 4319596.493, 130
Trd, 4319597.593, 131
Trd, 4319597.793, 124
Trd, 4319598.143, 101
Trd, 4319599.693, 115
Trd, 4319599.843, 69
Trd, 4319602.293, 139
Trd, 4319602.443, 88
Trd, 4319602.693, 71
Trd, 4319602.893, 77
Trd, 4319604.493, 138
Trd, 4319605.643, 139
Trd, 4319606.743, 107
Trd, 4319606.943, 118
Trd, 4319607.643, 131
Trd, 4319607.893, 104
Trd, 4319608.143, 137
Trd, 4319609.043, 109
Trd, 4319609.693, 132
Trd, 4319609.743, 99
Trd, 4319609.993, 84
Trd, 4319611.243, 60
Trd, 4319612.293, 138
Trd, 4319612.793, 124
Trd, 4319613.543, 100
Trd, 4319614.043, 98
Trd, 4319615.993, 138
Trd, 4319616.693, 137
Trd, 4319616.793, 134
Trd, 4319617.443, 136
Trd, 4319618.593, 137
Trd, 4319619.293, 124
Trd, 4319621.093, 139
Trd, 4319621.543, 139
Trd, 4319622.143, 136
Trd, 4319623.343, 136
Trd, 4319623.643, 124
Trd, 4319623.793, 103
Trd, 4319625.793, 134
Trd, 4319626.893, 140
Trd, 4319627.693, 135
Trd, 4319628.143, 138
Trd, 4319628.343, 135
Trd, 4319630.043, 132
Trd, 4319630.293, 129
Trd, 4319630.493, 114
Trd, 4319631.443, 98
Trd, 4319632.193, 140
Trd, 4319632.293, 111
Trd, 4319632.593, 112
Trd, 4319632.793, 96
Trd, 4319634.843, 140
Trd, 4319636.043, 139
Trd, 4319637.343, 136
Trd, 4319637.743, 140
Trd, 4319638.343, 139
Trd, 4319638.743, 140
Trd, 4319638.943, 104
Trd, 4319640.843, 139
Trd, 4319641.293, 140
Trd, 4319641.543, 139
Trd, 4319641.843, 136
Trd, 4319642.193, 119
Trd, 4319643.093, 136
Trd, 4319645.493, 86
Trd, 4319646.493, 68
Trd, 4319646.593, 74
Trd, 4319647.493, 102
Trd, 4319648.093, 61
Trd, 4319648.293, 66
Trd, 4319648.793, 60
Trd, 4319649.593, 135
Trd, 4319649.793, 84
Trd, 4319651.893, 65
Trd, 4319652.243, 112
Trd, 4319652.793, 92
Trd, 4319653.943, 137
Trd, 4319653.993, 117
Trd, 4319654.193, 101
Trd, 4319655.443, 138
Trd, 4319655.493, 128
Trd, 4319655.893, 139
Trd, 4319656.893, 97
Trd, 4319657.543, 115
Trd, 4319657.793, 84
Trd, 4319659.943, 140
Trd, 4319660.093, 139
Trd, 4319660.393, 138
Trd, 4319661.043, 123
Trd, 4319661.743, 136
Trd, 4319661.993, 114
Trd, 4319662.293, 74
Trd, 4319663.043, 130
Trd, 4319663.093, 127
Trd, 4319665.293, 140
Trd, 4319666.043, 137
Trd, 4319666.543, 106
Trd, 4319667.743, 128
Trd, 4319669.193, 88
Trd, 4319669.293, 87
Trd, 4319669.343, 99
Trd, 4319669.443, 117
Trd, 4319670.393, 138
Trd, 4319672.693, 95
Trd, 4319673.193, 134
Trd, 4319674.293, 139
Trd, 4319674.893, 139
Trd, 4319675.893, 140
Trd, 4319676.243, 136
Trd, 4319676.543, 108
Trd, 4319677.743, 121
Trd, 4319678.743, 140
Trd, 4319679.143, 120
Trd, 4319679.943, 124
Trd, 4319680.893, 133
Trd, 4319682.443, 140
Trd, 4319682.593, 139
Trd, 4319683.043, 135
Trd, 4319683.493, 139
Trd, 4319685.243, 101
Trd, 4319685.793, 123
Trd, 4319686.093, 95
Trd, 4319686.593, 131
Trd, 4319687.543, 62
Trd, 4319689.193, 139
Trd, 4319689.343, 136
Trd, 4319689.693, 62
Trd, 4319690.193, 100
Trd, 4319690.543, 71
Trd, 4319691.193, 139
Trd, 4319692.793, 140
Trd, 4319693.593, 137
Trd, 4319693.893, 134
Trd, 4319694.093, 83
Trd, 4319694.143, 82
Trd, 4319694.493, 72
Trd, 4319694.843, 106
Trd, 4319695.993, 88
Trd, 4319696.643, 84
Trd, 4319697.743, 103
Trd, 4319697.793, 60
Trd, 4319698.193, 62
Trd, 4319698.793, 62
Trd, 4319699.243, 128
Trd, 4319700.143, 64
Trd, 4319700.943, 104
Trd, 4319701.543, 96
Trd, 4319702.543, 64
Trd, 4319703.243, 61
Trd, 4319703.543, 60
Trd, 4319703.993, 132
Trd, 4319704.193, 131
Trd, 4319704.843, 128
Trd, 4319706.393, 66
Trd, 4319707.293, 97
Trd, 4319708.443, 105
Trd, 4319708.993, 138
Trd, 4319709.893, 137
Trd, 4319710.093, 131
Trd, 4319710.593, 88
Trd, 4319710.743, 78
Trd, 4319711.343, 60
Trd, 4319712.093, 89
Trd, 4319712.543, 80
Trd, 4319713.893, 140
Trd, 4319714.543, 136
Trd, 4319715.493, 135
Trd, 4319715.943, 93
Trd, 4319718.643, 140
Trd, 4319718.843, 136
Trd, 4319718.893, 127
Trd, 4319719.193, 131
Trd, 4319719.693, 116
Trd, 4319719.943, 136
Trd, 4319720.193, 136
Trd, 4319722.993, 140
Trd, 4319723.193, 140
Trd, 4319723.543, 136
Trd, 4319724.193, 137
Trd, 4319724.393, 103
Trd, 4319725.493, 131
Trd, 4319725.743, 123
Trd, 4319726.943, 110
Trd, 4319727.843, 80
Trd, 4319728.443, 118
Trd, 4319728.893, 113
Trd, 4319730.693, 133
Trd, 4319731.243, 132
Trd, 4319731.643, 103
Trd, 4319731.843, 69
Trd, 4319733.893, 140
Trd, 4319735.643, 140
Trd, 4319735.743, 138
Trd, 4319736.743, 118
Trd, 4319737.193, 106
Trd, 4319737.743, 138
Trd, 4319737.993, 80
Trd, 4319738.193, 79
Trd, 4319739.243, 80
Trd, 4319740.043, 84
Trd, 4319740.093, 94
Trd, 4319740.993, 139
Trd, 4319741.993, 66
Trd, 4319743.993, 134
Trd, 4319744.793, 128
Trd, 4319745.143, 140
Trd, 4319745.843, 127
Trd, 4319745.993, 120
Trd, 4319747.493, 97
Trd, 4319747.593, 139
Trd, 4319749.343, 140
Trd, 4319750.543, 136
Trd, 4319750.593, 101
Trd, 4319751.693, 132
Trd, 4319752.043, 138
Trd, 4319752.293, 137
Trd, 4319753.643, 96
Trd, 4319754.693, 89
Trd, 4319755.043, 93
Trd, 4319756.993, 140
Trd, 4319757.043, 133
Trd, 4319757.743, 128
Trd, 4319757.943, 102
Trd, 4319758.393, 140
Trd, 4319758.843, 140
Trd, 4319759.993, 134
Trd, 4319760.843, 130
Trd, 4319761.143, 122
Trd, 4319761.393, 121
Trd, 4319762.743, 140
Trd, 4319762.893, 125
Trd, 4319763.743, 106
Trd, 4319764.543, 140
Trd, 4319765.293, 118
Trd, 4319766.093, 62
Trd, 4319767.443, 106
Trd, 4319767.993, 127
Trd, 4319768.493, 140
Trd, 4319769.293, 65
Trd, 4319769.943, 73
Trd, 4319770.793, 87
Trd, 4319772.593, 140
Trd, 4319773.243, 139
Trd, 4319773.393, 136
Trd, 4319773.493, 136
Trd, 4319775.093, 140
Trd, 4319776.593, 140
Trd, 4319777.143, 136
Trd, 4319777.393, 130
Trd, 4319777.843, 130
Trd, 4319778.843, 139
Trd, 4319780.793, 140
Trd, 4319781.443, 140
Trd, 4319782.243, 133
Trd, 4319782.443, 138
Trd, 4319784.193, 140
Trd, 4319784.693, 120
Trd, 4319785.443, 92
Trd, 4319786.093, 138
Trd, 4319786.543, 122
Trd, 4319787.293, 133
Trd, 4319787.793, 64
Trd, 4319789.243, 130
Trd, 4319789.593, 97
Trd, 4319790.393, 139
Trd, 4319792.443, 140
Trd, 4319793.043, 123
Trd, 4319793.393, 122
Trd, 4319794.093, 140
Trd, 4319794.843, 129
Trd, 4319795.293, 139
Trd, 4319795.543, 136
Trd, 4319797.893, 139
Trd, 4319798.043, 134
Trd, 4319799.293, 139
Trd, 4319799.593, 136
Trd, 4319801.443, 132
Trd, 4319801.743, 139
Trd, 4319802.043, 139
Trd, 4319802.593, 121
Trd, 4319802.843, 126
Trd, 4319803.493, 125
Trd, 4319805.343, 116
Trd, 4319805.893, 102
Trd, 4319805.993, 100
Trd, 4319806.693, 87
Trd, 4319807.143, 79
Trd, 4319808.093, 120
Trd, 4319808.793, 115
Trd, 4319809.043, 139
Trd, 4319811.193, 140
Trd, 4319812.043, 139
Trd, 4319813.443, 138
Trd, 4319813.993, 138
Trd, 4319814.643, 127
Trd, 4319816.293, 133
Trd, 4319816.393, 132
Trd, 4319817.193, 129
Trd, 4319817.543, 139
Trd, 4319819.443, 137
Trd, 4319819.693, 134
Trd, 4319819.893, 129
Trd, 4319819.993, 79
Trd, 4319820.343, 94
Trd, 4319820.743, 66
Trd, 4319821.393, 139
Trd, 4319821.893, 104
Trd, 4319824.293, 140
Trd, 4319825.443, 139
Trd, 4319826.543, 140
Trd, 4319826.743, 136
Trd, 4319826.843, 138
Trd, 4319827.143, 129
Trd, 4319828.193, 95
Trd, 4319828.743, 76
Trd, 4319830.143, 140
Trd, 4319830.193, 140
Trd, 4319830.343, 127
Trd, 4319831.443, 98
Trd, 4319832.593, 123
Trd, 4319832.943, 134
Trd, 4319833.243, 94
Trd, 4319834.193, 140
Trd, 4319834.243, 136
Trd, 4319835.843, 137
Trd, 4319836.493, 98
Trd, 4319836.893, 98
Trd, 4319837.543, 116
Trd, 4319838.193, 138
Trd, 4319838.493, 129
Trd, 4319838.893, 105
Trd, 4319839.593, 99
Trd, 4319839.993, 71
Trd, 4319841.393, 139
Trd, 4319843.193, 140
Trd, 4319843.293, 134
Trd, 4319844.193, 93
Trd, 4319845.993, 140
Trd, 4319847.343, 140
Trd, 4319847.643, 140
Trd, 4319847.843, 139
Trd, 4319848.093, 136
Trd, 4319849.943, 140
Trd, 4319850.043, 138
Trd, 4319850.743, 135
Trd, 4319850.993, 99
Trd, 4319851.393, 115
Trd, 4319852.243, 111
Trd, 4319852.493, 108
Trd, 4319852.643, 99
Trd, 4319852.943, 139
Trd, 4319853.643, 124
Trd, 4319854.443, 137
Trd, 4319856.143, 126
Trd, 4319856.193, 112
Trd, 4319856.293, 109
Trd, 4319857.093, 125
Trd, 4319857.143, 102
Trd, 4319858.093, 65
Trd, 4319859.593, 140
Trd, 4319860.543, 137
Trd, 4319860.893, 136
Trd, 4319861.093, 108
Trd, 4319861.293, 102
Trd, 4319861.893, 90
Trd, 4319864.693, 140
Trd, 4319865.093, 140
Trd, 4319865.193, 139
Trd, 4319865.693, 136
Trd, 4319865.843, 95
Trd, 4319866.093, 94
Trd, 4319866.543, 140
Trd, 4319866.843, 80
Trd, 4319867.243, 73
Trd, 4319867.943, 137
Trd, 4319869.943, 63
Trd, 4319870.643, 122
Trd, 4319871.193, 62
Trd, 4319872.143, 138
Trd, 4319872.643, 101
Trd, 4319872.943, 133
Trd, 4319873.443, 111
Trd, 4319875.143, 135
Trd, 4319875.493, 94
Trd, 4319875.843, 94
Trd, 4319876.343, 124
Trd, 4319878.593, 130
Trd, 4319879.693, 136
Trd, 4319880.893, 137
Trd, 4319881.743, 137
Trd, 4319883.493, 129
Trd, 4319883.793, 128
Trd, 4319884.043, 125
Trd, 4319884.193, 121
Trd, 4319884.543, 100
Trd, 4319885.593, 82
Trd, 4319886.393, 62
Trd, 4319886.943, 100
Trd, 4319888.493, 138
Trd, 4319888.593, 130
Trd, 4319889.193, 87
Trd, 4319890.243, 140
Trd, 4319890.443, 132
Trd, 4319891.643, 139
Trd, 4319892.043, 140
Trd, 4319892.693, 124
Trd, 4319894.893, 138
Trd, 4319895.393, 111
Trd, 4319897.143, 139
Trd, 4319897.193, 124
Trd, 4319897.443, 122
Trd, 4319899.043, 140
Trd, 4319901.243, 117
Trd, 4319901.343, 116
Trd, 4319901.543, 97
Trd, 4319902.543, 140
Trd, 4319902.693, 138
Trd, 4319902.943, 109
Trd, 4319903.693, 140
Trd, 4319905.793, 140
Trd, 4319908.243, 140
Trd, 4319908.343, 139
Trd, 4319908.793, 136
Trd, 4319909.243, 119
Trd, 4319909.393, 117
Trd, 4319909.543, 111
Trd, 4319910.593, 99
Trd, 4319911.193, 111
Trd, 4319911.293, 104
Trd, 4319911.943, 95
Trd, 4319913.043, 140
Trd, 4319913.543, 140
Trd, 4319913.793, 140
Trd, 4319915.093, 137
Trd, 4319915.793, 62
Trd, 4319917.193, 140
Trd, 4319918.293, 96
Trd, 4319918.643, 99
Trd, 4319919.543, 72
Trd, 4319920.393, 82
Trd, 4319921.043, 60
Trd, 4319921.093, 66
Trd, 4319922.043, 74
Trd, 4319924.143, 139
Trd, 4319924.293, 138
Trd, 4319924.493, 138
Trd, 4319925.093, 137
Trd, 4319926.643, 125
Trd, 4319927.393, 140
Trd, 4319927.543, 92
Trd, 4319928.743, 138
Trd, 4319929.793, 138
Trd, 4319930.143, 122
Trd, 4319931.043, 126
Trd, 4319931.543, 116
Trd, 4319932.443, 126
Trd, 4319932.593, 112
Trd, 4319933.893, 140
Trd, 4319934.543, 140
Trd, 4319934.843, 139
Trd, 4319935.393, 138
Trd, 4319936.943, 135
Trd, 4319937.093, 126
Trd, 4319938.593, 139
Trd, 4319938.943, 105
Trd, 4319939.443, 109
Trd, 4319939.493, 107
Trd, 4319941.143, 101
Trd, 4319941.593, 140
Trd, 4319942.893, 140
Trd, 4319943.693, 140
Trd, 4319944.393, 126
Trd, 4319945.093, 137
Trd, 4319945.943, 121
Trd, 4319946.043, 119
Trd, 4319946.143, 106
Trd, 4319946.893, 132
Trd, 4319947.543, 127
Trd, 4319948.093, 99
Trd, 4319949.643, 121
Trd, 4319950.093, 140
Trd, 4319950.693, 139
Trd, 4319951.143, 118
Trd, 4319951.443, 121
Trd, 4319951.543, 111
Trd, 4319952.293, 97
Trd, 4319952.643, 72
Trd, 4319954.143, 115
Trd, 4319954.293, 119
Trd, 4319955.293, 119
Trd, 4319955.343, 79
Trd, 4319956.143, 77
Trd, 4319956.743, 75
Trd, 4319957.293, 74
Trd, 4319957.643, 128
Trd, 4319958.543, 67
Trd, 4319959.893, 140
Trd, 4319960.093, 134
Trd, 4319960.493, 102
Trd, 4319960.943, 91
Trd, 4319961.193, 102
Trd, 4319961.943, 61
Trd, 4319962.693, 140
Trd, 4319964.293, 140
Trd, 4319964.493, 94
Trd, 4319965.593, 116
Trd, 4319966.643, 60
Trd, 4319967.043, 60
Trd, 4319967.293, 63
Trd, 4319967.443, 99
Trd, 4319968.443, 66
Trd, 4319968.793, 102
Trd, 4319969.543, 140
Trd, 4319970.343, 137
Trd, 4319970.843, 137
Trd, 4319971.793, 126
Trd, 4319973.493, 126
Trd, 4319973.893, 124
Trd, 4319974.243, 138
Trd, 4319974.393, 124
Trd, 4319975.543, 131
Trd, 4319975.843, 129
Trd, 4319977.093, 140
Trd, 4319977.143, 62
Trd, 4319977.593, 130
Trd, 4319977.693, 108
Trd, 4319978.743, 63
Trd, 4319979.793, 139
Trd, 4319981.243, 130
Trd, 4319981.893, 129
Trd, 4319982.093, 126
Trd, 4319982.793, 97
Trd, 4319982.943, 96
Trd, 4319983.143, 89
Trd, 4319985.393, 140
Trd, 4319985.743, 140
Trd, 4319985.893, 139
Trd, 4319986.093, 136
Trd, 4319986.343, 128
Trd, 4319986.743, 124
Trd, 4319987.593, 140
Trd, 4319988.293, 139
Trd, 4319988.543, 109
Trd, 4319989.143, 114
Trd, 4319989.193, 85
Trd, 4319990.543, 140
Trd, 4319991.043, 126
Trd, 4319992.243, 79
Trd, 4319993.493, 67
Trd, 4319994.793, 85
Trd, 4319995.693, 138
Trd, 4319996.043, 140
Trd, 4319996.093, 140
Trd, 4319996.743, 139
Trd, 4319997.043, 136
Trd, 4319997.543, 97
Trd, 4319998.043, 139
Trd, 4319999.393, 129
Trd, 4319999.993, 120
