Trd, 4318004.193, 88
Trd, 4318005.443, 128
Trd, 4318005.743, 119
Trd, 4318006.193, 107
Trd, 4318007.043, 94
Trd, 4318008.493, 83
Trd, 4318009.943, 138
Trd, 4318010.193, 127
Trd, 4318011.943, 121
Trd, 4318012.193, 107
Trd, 4318012.893, 126
Trd, 4318013.143, 106
Trd, 4318013.543, 93
Trd, 4318014.443, 127
Trd, 4318015.293, 115
Trd, 4318016.443, 74
Trd, 4318016.943, 100
Trd, 4318018.043, 89
Trd, 4318019.393, 112
Trd, 4318020.293, 120
Trd, 4318021.443, 110
Trd, 4318021.543, 103
Trd, 4318021.993, 98
Trd, 4318022.893, 101
Trd, 4318023.743, 139
Trd, 4318025.493, 135
Trd, 4318026.093, 131
Trd, 4318026.843, 132
Trd, 4318027.343, 121
Trd, 4318029.243, 117
Trd, 4318029.443, 109
Trd, 4318030.293, 123
Trd, 4318030.843, 122
Trd, 4318030.893, 84
Trd, 4318032.443, 92
Trd, 4318032.993, 96
Trd, 4318033.843, 127
Trd, 4318034.443, 101
Trd, 4318036.193, 102
Trd, 4318036.293, 129
Trd, 4318036.943, 108
Trd, 4318037.293, 95
Trd, 4318037.643, 100
Trd, 4318037.943, 122
Trd, 4318038.793, 92
Trd, 4318039.193, 91
Trd, 4318040.293, 85
Trd, 4318041.443, 134
Trd, 4318042.643, 130
Trd, 4318043.593, 111
Trd, 4318044.293, 88
Trd, 4318045.293, 80
Trd, 4318045.393, 65
Trd, 4318047.443, 96
Trd, 4318048.893, 99
Trd, 4318049.143, 115
Trd, 4318049.643, 90
Trd, 4318050.893, 116
Trd, 4318051.343, 118
Trd, 4318051.493, 82
Trd, 4318052.093, 74
Trd, 4318052.843, 71
Trd, 4318055.993, 139
Trd, 4318056.643, 133
Trd, 4318057.043, 128
Trd, 4318057.993, 120
Trd, 4318058.743, 120
Trd, 4318058.943, 95
Trd, 4318059.443, 90
Trd, 4318059.643, 124
Trd, 4318061.193, 134
Trd, 4318062.393, 133
Trd, 4318062.543, 94
Trd, 4318063.593, 120
Trd, 4318067.043, 119
Trd, 4318068.643, 115
Trd, 4318069.443, 111
Trd, 4318070.043, 127
Trd, 4318071.043, 134
Trd, 4318071.343, 104
Trd, 4318071.593, 101
Trd, 4318075.243, 113
Trd, 4318075.743, 110
Trd, 4318076.343, 111
Trd, 4318077.043, 138
Trd, 4318078.243, 113
Trd, 4318079.093, 139
Trd, 4318080.343, 136
Trd, 4318080.493, 113
Trd, 4318081.943, 123
Trd, 4318082.193, 115
Trd, 4318082.493, 100
Trd, 4318083.093, 98
Trd, 4318084.043, 82
Trd, 4318085.143, 97
Trd, 4318086.043, 113
Trd, 4318087.243, 96
Trd, 4318087.543, 101
Trd, 4318088.993, 97
Trd, 4318091.743, 129
Trd, 4318092.193, 133
Trd, 4318092.793, 105
Trd, 4318094.443, 140
Trd, 4318094.593, 101
Trd, 4318096.093, 128
Trd, 4318097.643, 125
Trd, 4318098.543, 110
Trd, 4318099.293, 95
Trd, 4318099.493, 94
Trd, 4318100.693, 140
Trd, 4318100.993, 124
Trd, 4318102.243, 109
Trd, 4318106.043, 115
Trd, 4318106.293, 91
Trd, 4318106.643, 123
Trd, 4318109.043, 130
Trd, 4318109.443, 129
Trd, 4318109.943, 134
Trd, 4318110.343, 113
Trd, 4318112.243, 99
Trd, 4318112.593, 121
Trd, 4318113.043, 92
Trd, 4318115.143, 88
Trd, 4318115.693, 113
Trd, 4318116.293, 106
Trd, 4318117.243, 122
Trd, 4318117.593, 109
Trd, 4318120.593, 123
Trd, 4318120.943, 116
Trd, 4318121.993, 107
Trd, 4318123.243, 116
Trd, 4318123.893, 116
Trd, 4318127.043, 135
Trd, 4318127.343, 132
Trd, 4318127.493, 116
Trd, 4318129.243, 132
Trd, 4318129.693, 93
Trd, 4318130.393, 125
Trd, 4318131.393, 90
Trd, 4318132.643, 99
Trd, 4318133.193, 93
Trd, 4318133.493, 96
Trd, 4318134.893, 121
Trd, 4318136.593, 96
Trd, 4318137.243, 97
Trd, 4318138.793, 84
Trd, 4318139.493, 129
Trd, 4318139.693, 120
Trd, 4318140.443, 114
Trd, 4318141.943, 108
Trd, 4318143.343, 139
Trd, 4318145.443, 123
Trd, 4318147.193, 120
Trd, 4318147.643, 113
Trd, 4318148.593, 125
Trd, 4318149.643, 131
Trd, 4318150.593, 139
Trd, 4318151.243, 127
Trd, 4318153.243, 114
Trd, 4318154.093, 108
Trd, 4318155.143, 124
Trd, 4318155.693, 96
Trd, 4318156.643, 116
Trd, 4318157.793, 113
Trd, 4318158.393, 99
Trd, 4318158.643, 91
Trd, 4318158.893, 115
Trd, 4318159.143, 86
Trd, 4318160.943, 138
Trd, 4318161.443, 125
Trd, 4318163.193, 119
Trd, 4318163.493, 113
Trd, 4318164.293, 125
Trd, 4318165.393, 103
Trd, 4318165.893, 126
Trd, 4318167.643, 137
Trd, 4318167.793, 127
Trd, 4318168.243, 126
Trd, 4318170.093, 113
Trd, 4318171.343, 95
Trd, 4318172.293, 108
Trd, 4318175.043, 136
Trd, 4318178.343, 125
Trd, 4318178.543, 105
Trd, 4318178.593, 104
Trd, 4318180.093, 118
Trd, 4318181.143, 106
Trd, 4318181.393, 115
Trd, 4318182.043, 97
Trd, 4318182.543, 99
Trd, 4318182.943, 107
Trd, 4318183.593, 127
Trd, 4318185.143, 94
Trd, 4318185.793, 112
Trd, 4318188.243, 101
Trd, 4318188.843, 99
Trd, 4318189.193, 116
Trd, 4318189.643, 128
Trd, 4318191.093, 94
Trd, 4318192.443, 128
Trd, 4318192.543, 95
Trd, 4318192.593, 99
Trd, 4318192.993, 95
Trd, 4318195.043, 99
Trd, 4318195.393, 114
Trd, 4318195.993, 120
Trd, 4318196.943, 81
Trd, 4318197.343, 111
Trd, 4318198.843, 113
Trd, 4318199.243, 109
Trd, 4318199.493, 87
Trd, 4318200.943, 95
Trd, 4318201.443, 100
Trd, 4318202.343, 91
Trd, 4318203.643, 117
Trd, 4318204.243, 111
Trd, 4318205.043, 128
Trd, 4318205.143, 100
Trd, 4318205.293, 93
Trd, 4318206.693, 101
Trd, 4318206.793, 97
Trd, 4318209.093, 127
Trd, 4318209.493, 126
Trd, 4318210.993, 104
Trd, 4318211.043, 113
Trd, 4318212.143, 112
Trd, 4318212.493, 110
Trd, 4318212.793, 118
Trd, 4318213.693, 96
Trd, 4318213.993, 101
Trd, 4318214.843, 103
Trd, 4318217.593, 107
Trd, 4318218.243, 131
Trd, 4318218.443, 113
Trd, 4318219.193, 106
Trd, 4318220.993, 135
Trd, 4318222.443, 101
Trd, 4318223.293, 96
Trd, 4318223.943, 109
Trd, 4318225.093, 123
Trd, 4318225.693, 99
Trd, 4318226.443, 92
Trd, 4318226.843, 86
Trd, 4318227.043, 113
Trd, 4318228.043, 101
Trd, 4318231.093, 123
Trd, 4318231.593, 116
Trd, 4318231.693, 110
Trd, 4318232.093, 86
Trd, 4318233.093, 123
Trd, 4318234.543, 88
Trd, 4318234.943, 113
Trd, 4318235.443, 95
Trd, 4318236.843, 95
Trd, 4318237.093, 84
Trd, 4318237.293, 101
Trd, 4318238.143, 69
Trd, 4318241.593, 127
Trd, 4318241.743, 132
Trd, 4318243.693, 124
Trd, 4318244.843, 116
Trd, 4318244.893, 124
Trd, 4318245.443, 132
Trd, 4318247.493, 110
Trd, 4318248.593, 107
Trd, 4318250.143, 101
Trd, 4318250.693, 98
Trd, 4318251.593, 123
Trd, 4318252.993, 102
Trd, 4318254.143, 117
Trd, 4318255.643, 128
Trd, 4318255.693, 117
Trd, 4318257.043, 112
Trd, 4318257.193, 105
Trd, 4318259.743, 116
Trd, 4318260.143, 112
Trd, 4318260.543, 105
Trd, 4318261.843, 135
Trd, 4318262.393, 95
Trd, 4318262.443, 132
Trd, 4318263.293, 113
Trd, 4318265.043, 91
Trd, 4318265.293, 105
Trd, 4318265.743, 126
Trd, 4318266.093, 116
Trd, 4318266.943, 103
Trd, 4318268.043, 95
Trd, 4318270.243, 135
Trd, 4318270.793, 103
Trd, 4318271.343, 89
Trd, 4318271.593, 91
Trd, 4318271.843, 85
Trd, 4318272.393, 91
Trd, 4318273.643, 119
Trd, 4318274.343, 125
Trd, 4318274.793, 127
Trd, 4318275.093, 101
Trd, 4318277.393, 130
Trd, 4318277.693, 122
Trd, 4318277.843, 109
Trd, 4318278.943, 126
Trd, 4318280.193, 105
Trd, 4318280.643, 126
Trd, 4318280.993, 105
Trd, 4318282.993, 112
Trd, 4318283.393, 110
Trd, 4318283.943, 104
Trd, 4318284.043, 108
Trd, 4318285.243, 138
Trd, 4318287.443, 117
Trd, 4318289.093, 124
Trd, 4318289.193, 108
Trd, 4318290.243, 135
Trd, 4318291.493, 122
Trd, 4318291.643, 118
Trd, 4318291.843, 114
Trd, 4318292.143, 105
Trd, 4318292.993, 112
Trd, 4318294.393, 113
Trd, 4318294.443, 99
Trd, 4318295.643, 126
Trd, 4318295.693, 87
Trd, 4318297.443, 93
Trd, 4318299.493, 137
Trd, 4318300.143, 135
Trd, 4318300.993, 118
Trd, 4318301.443, 106
Trd, 4318304.043, 111
Trd, 4318304.743, 72
Trd, 4318305.243, 120
Trd, 4318305.593, 102
Trd, 4318305.743, 98
Trd, 4318305.893, 98
Trd, 4318307.593, 79
Trd, 4318308.293, 91
Trd, 4318310.993, 85
Trd, 4318313.193, 120
Trd, 4318314.693, 128
Trd, 4318315.743, 108
Trd, 4318316.193, 89
Trd, 4318316.293, 89
Trd, 4318319.143, 137
Trd, 4318319.193, 120
Trd, 4318319.593, 114
Trd, 4318320.343, 95
Trd, 4318320.493, 124
Trd, 4318320.843, 92
Trd, 4318321.643, 129
Trd, 4318321.993, 90
Trd, 4318322.443, 131
Trd, 4318323.043, 137
Trd, 4318323.393, 112
Trd, 4318325.443, 126
Trd, 4318325.743, 120
Trd, 4318325.793, 109
Trd, 4318326.843, 105
Trd, 4318327.893, 80
Trd, 4318329.043, 82
Trd, 4318330.193, 108
Trd, 4318332.543, 99
Trd, 4318333.343, 78
Trd, 4318335.743, 88
Trd, 4318335.793, 71
Trd, 4318336.643, 94
Trd, 4318337.443, 125
Trd, 4318337.643, 110
Trd, 4318339.143, 132
Trd, 4318340.243, 114
Trd, 4318341.993, 116
Trd, 4318343.743, 105
Trd, 4318344.643, 96
Trd, 4318344.943, 96
Trd, 4318346.143, 93
Trd, 4318347.193, 136
Trd, 4318348.393, 136
Trd, 4318348.943, 129
Trd, 4318350.443, 105
Trd, 4318350.693, 90
Trd, 4318350.893, 87
Trd, 4318351.293, 85
Trd, 4318352.193, 72
Trd, 4318352.993, 91
Trd, 4318353.993, 95
Trd, 4318354.243, 107
Trd, 4318354.793, 97
Trd, 4318355.843, 132
Trd, 4318356.943, 103
Trd, 4318357.293, 112
Trd, 4318359.093, 111
Trd, 4318359.243, 98
Trd, 4318360.143, 114
Trd, 4318360.643, 107
Trd, 4318360.793, 109
Trd, 4318362.043, 111
Trd, 4318362.893, 100
Trd, 4318364.193, 109
Trd, 4318364.843, 110
Trd, 4318365.143, 98
Trd, 4318366.343, 110
Trd, 4318366.943, 119
Trd, 4318367.443, 120
Trd, 4318368.093, 104
Trd, 4318369.143, 98
Trd, 4318370.543, 113
Trd, 4318373.043, 94
Trd, 4318374.093, 103
Trd, 4318374.643, 106
Trd, 4318375.693, 107
Trd, 4318376.293, 85
Trd, 4318376.743, 128
Trd, 4318378.593, 129
Trd, 4318379.293, 112
Trd, 4318380.543, 94
Trd, 4318381.343, 98
Trd, 4318381.643, 95
Trd, 4318382.443, 138
Trd, 4318384.893, 114
Trd, 4318385.743, 130
Trd, 4318386.243, 135
Trd, 4318386.893, 109
Trd, 4318387.593, 103
Trd, 4318388.293, 130
Trd, 4318388.343, 99
Trd, 4318388.993, 111
Trd, 4318389.093, 72
Trd, 4318390.593, 95
Trd, 4318391.993, 114
Trd, 4318392.593, 137
Trd, 4318392.843, 125
Trd, 4318394.193, 123
Trd, 4318394.743, 106
Trd, 4318395.243, 102
Trd, 4318397.193, 99
Trd, 4318398.393, 109
Trd, 4318401.843, 117
Trd, 4318402.193, 99
Trd, 4318403.443, 97
Trd, 4318404.743, 87
Trd, 4318406.093, 117
Trd, 4318406.993, 102
Trd, 4318407.343, 101
Trd, 4318407.493, 88
Trd, 4318408.193, 102
Trd, 4318408.643, 85
Trd, 4318408.743, 90
Trd, 4318410.443, 122
Trd, 4318411.143, 134
Trd, 4318412.093, 99
Trd, 4318415.443, 123
Trd, 4318416.293, 119
Trd, 4318416.693, 112
Trd, 4318416.993, 110
Trd, 4318418.443, 97
Trd, 4318419.493, 122
Trd, 4318419.993, 110
Trd, 4318420.493, 96
Trd, 4318422.493, 115
Trd, 4318422.743, 103
Trd, 4318422.943, 136
Trd, 4318423.343, 136
Trd, 4318424.193, 110
Trd, 4318424.743, 136
Trd, 4318425.543, 95
Trd, 4318428.243, 93
Trd, 4318428.443, 125
Trd, 4318428.743, 125
Trd, 4318431.093, 99
Trd, 4318432.543, 111
Trd, 4318433.143, 95
Trd, 4318433.393, 83
Trd, 4318433.793, 72
Trd, 4318434.643, 126
Trd, 4318437.643, 112
Trd, 4318438.493, 130
Trd, 4318438.643, 130
Trd, 4318438.693, 102
Trd, 4318441.443, 127
Trd, 4318441.793, 108
Trd, 4318442.493, 107
Trd, 4318443.843, 107
Trd, 4318444.793, 127
Trd, 4318445.093, 115
Trd, 4318445.443, 120
Trd, 4318447.143, 132
Trd, 4318447.793, 75
Trd, 4318447.843, 80
Trd, 4318449.543, 127
Trd, 4318451.493, 108
Trd, 4318452.993, 118
Trd, 4318453.793, 138
Trd, 4318454.543, 135
Trd, 4318454.693, 128
Trd, 4318457.543, 108
Trd, 4318458.643, 97
Trd, 4318460.093, 88
Trd, 4318460.993, 116
Trd, 4318461.293, 111
Trd, 4318463.293, 124
Trd, 4318463.643, 124
Trd, 4318466.093, 134
Trd, 4318466.493, 130
Trd, 4318466.543, 125
Trd, 4318466.643, 109
Trd, 4318467.343, 137
Trd, 4318468.343, 105
Trd, 4318468.693, 80
Trd, 4318468.843, 108
Trd, 4318471.743, 103
Trd, 4318472.393, 95
Trd, 4318472.443, 93
Trd, 4318473.093, 90
Trd, 4318473.193, 64
Trd, 4318473.843, 123
Trd, 4318476.143, 112
Trd, 4318477.093, 94
Trd, 4318478.393, 132
Trd, 4318478.593, 115
Trd, 4318479.493, 131
Trd, 4318479.993, 100
Trd, 4318481.093, 106
Trd, 4318481.243, 113
Trd, 4318482.043, 114
Trd, 4318482.643, 86
Trd, 4318482.943, 108
Trd, 4318484.893, 116
Trd, 4318485.293, 106
Trd, 4318486.293, 128
Trd, 4318486.643, 96
Trd, 4318486.893, 131
Trd, 4318488.143, 87
Trd, 4318488.393, 85
Trd, 4318489.693, 134
Trd, 4318490.193, 88
Trd, 4318491.293, 101
Trd, 4318491.743, 115
Trd, 4318493.843, 121
Trd, 4318494.393, 113
Trd, 4318494.693, 107
Trd, 4318494.793, 126
Trd, 4318497.743, 124
Trd, 4318498.193, 110
Trd, 4318498.493, 120
Trd, 4318500.443, 128
Trd, 4318501.643, 98
Trd, 4318502.093, 106
Trd, 4318502.843, 100
Trd, 4318503.393, 117
Trd, 4318503.543, 106
Trd, 4318503.693, 97
Trd, 4318504.243, 78
Trd, 4318505.693, 76
Trd, 4318507.693, 84
Trd, 4318507.793, 99
Trd, 4318509.043, 101
Trd, 4318509.943, 99
Trd, 4318510.393, 76
Trd, 4318510.443, 65
Trd, 4318512.393, 94
Trd, 4318512.643, 96
Trd, 4318513.143, 105
Trd, 4318513.193, 98
Trd, 4318513.493, 68
Trd, 4318515.643, 82
Trd, 4318515.693, 111
Trd, 4318516.293, 118
Trd, 4318517.993, 97
Trd, 4318518.293, 98
Trd, 4318519.243, 128
Trd, 4318519.793, 95
Trd, 4318521.843, 104
Trd, 4318521.943, 102
Trd, 4318522.243, 97
Trd, 4318524.443, 100
Trd, 4318525.743, 108
Trd, 4318526.393, 135
Trd, 4318526.843, 122
Trd, 4318527.293, 100
Trd, 4318527.893, 129
Trd, 4318527.943, 103
Trd, 4318529.043, 113
Trd, 4318530.543, 113
Trd, 4318530.993, 131
Trd, 4318532.343, 128
Trd, 4318532.993, 102
Trd, 4318533.143, 80
Trd, 4318533.893, 95
Trd, 4318534.343, 118
Trd, 4318534.993, 128
Trd, 4318535.393, 111
Trd, 4318538.693, 113
Trd, 4318538.743, 107
Trd, 4318539.543, 67
Trd, 4318539.943, 69
Trd, 4318540.343, 68
Trd, 4318541.293, 93
Trd, 4318542.143, 98
Trd, 4318542.193, 71
Trd, 4318543.093, 100
Trd, 4318543.893, 129
Trd, 4318544.043, 94
Trd, 4318546.143, 125
Trd, 4318546.943, 122
Trd, 4318548.843, 107
Trd, 4318549.243, 126
Trd, 4318549.443, 138
Trd, 4318549.893, 129
Trd, 4318551.843, 103
Trd, 4318552.093, 91
Trd, 4318552.643, 92
Trd, 4318554.393, 93
Trd, 4318556.443, 114
Trd, 4318556.643, 96
Trd, 4318556.743, 89
Trd, 4318557.843, 76
Trd, 4318558.293, 84
Trd, 4318559.093, 116
Trd, 4318560.143, 107
Trd, 4318561.543, 91
Trd, 4318562.743, 81
Trd, 4318563.793, 71
Trd, 4318565.193, 130
Trd, 4318565.843, 119
Trd, 4318566.593, 129
Trd, 4318567.343, 119
Trd, 4318568.143, 109
Trd, 4318568.293, 100
Trd, 4318569.643, 119
Trd, 4318571.343, 86
Trd, 4318571.993, 128
Trd, 4318572.793, 126
Trd, 4318575.893, 106
Trd, 4318576.293, 105
Trd, 4318576.943, 93
Trd, 4318577.643, 86
Trd, 4318578.393, 103
Trd, 4318579.943, 98
Trd, 4318580.443, 123
Trd, 4318581.393, 131
Trd, 4318581.543, 119
Trd, 4318582.343, 104
Trd, 4318585.743, 96
Trd, 4318586.143, 86
Trd, 4318587.243, 87
Trd, 4318587.993, 107
Trd, 4318588.693, 110
Trd, 4318589.293, 120
Trd, 4318590.043, 105
Trd, 4318591.293, 99
Trd, 4318593.943, 136
Trd, 4318594.043, 110
Trd, 4318594.543, 126
Trd, 4318596.093, 97
Trd, 4318597.393, 109
Trd, 4318598.443, 101
Trd, 4318600.193, 91
Trd, 4318600.793, 96
Trd, 4318601.593, 89
Trd, 4318603.593, 139
Trd, 4318604.643, 135
Trd, 4318604.943, 126
Trd, 4318605.093, 105
Trd, 4318607.043, 129
Trd, 4318607.243, 101
Trd, 4318609.393, 118
Trd, 4318610.393, 127
Trd, 4318610.893, 116
Trd, 4318611.993, 131
Trd, 4318612.243, 131
Trd, 4318613.443, 122
Trd, 4318614.293, 110
Trd, 4318614.643, 137
Trd, 4318618.593, 113
Trd, 4318618.693, 93
Trd, 4318619.643, 137
Trd, 4318620.293, 121
Trd, 4318622.243, 105
Trd, 4318622.393, 96
Trd, 4318622.693, 123
Trd, 4318623.943, 81
Trd, 4318624.243, 105
Trd, 4318624.693, 124
Trd, 4318625.993, 104
Trd, 4318626.893, 81
Trd, 4318627.593, 97
Trd, 4318627.993, 96
Trd, 4318628.943, 93
Trd, 4318629.293, 101
Trd, 4318629.493, 118
Trd, 4318631.493, 130
Trd, 4318631.793, 105
Trd, 4318632.643, 102
Trd, 4318632.843, 88
Trd, 4318633.143, 87
Trd, 4318634.493, 127
Trd, 4318634.593, 96
Trd, 4318635.043, 69
Trd, 4318635.893, 119
Trd, 4318636.493, 85
Trd, 4318637.343, 135
Trd, 4318637.843, 112
Trd, 4318639.293, 109
Trd, 4318639.543, 109
Trd, 4318642.243, 107
Trd, 4318643.193, 135
Trd, 4318643.643, 126
Trd, 4318644.493, 130
Trd, 4318645.443, 107
Trd, 4318647.843, 135
Trd, 4318648.243, 107
Trd, 4318649.043, 119
Trd, 4318649.643, 130
Trd, 4318649.743, 112
Trd, 4318649.943, 109
Trd, 4318653.093, 120
Trd, 4318654.093, 120
Trd, 4318654.343, 89
Trd, 4318654.593, 110
Trd, 4318654.843, 104
Trd, 4318655.793, 113
Trd, 4318657.693, 111
Trd, 4318659.743, 111
Trd, 4318660.943, 108
Trd, 4318661.493, 101
Trd, 4318662.893, 112
Trd, 4318663.943, 115
Trd, 4318663.993, 124
Trd, 4318664.343, 136
Trd, 4318666.893, 129
Trd, 4318668.493, 117
Trd, 4318669.193, 106
Trd, 4318671.343, 112
Trd, 4318671.443, 129
Trd, 4318672.993, 128
Trd, 4318673.743, 107
Trd, 4318675.743, 103
Trd, 4318677.093, 86
Trd, 4318677.593, 89
Trd, 4318678.293, 119
Trd, 4318679.193, 125
Trd, 4318679.543, 92
Trd, 4318680.443, 123
Trd, 4318681.493, 138
Trd, 4318681.593, 121
Trd, 4318682.693, 98
Trd, 4318682.793, 77
Trd, 4318684.393, 109
Trd, 4318686.243, 99
Trd, 4318686.443, 94
Trd, 4318687.543, 98
Trd, 4318688.143, 97
Trd, 4318689.893, 81
Trd, 4318689.993, 76
Trd, 4318690.193, 94
Trd, 4318691.743, 121
Trd, 4318691.893, 113
Trd, 4318692.543, 103
Trd, 4318692.993, 102
Trd, 4318694.243, 138
Trd, 4318694.543, 117
Trd, 4318694.593, 110
Trd, 4318695.493, 79
Trd, 4318696.793, 95
Trd, 4318697.293, 103
Trd, 4318697.593, 99
Trd, 4318698.343, 127
Trd, 4318698.593, 99
Trd, 4318699.693, 93
Trd, 4318700.093, 99
Trd, 4318700.793, 118
Trd, 4318700.893, 88
Trd, 4318702.243, 104
Trd, 4318704.143, 117
Trd, 4318704.193, 115
Trd, 4318704.743, 91
Trd, 4318704.943, 79
Trd, 4318706.793, 95
Trd, 4318708.693, 106
Trd, 4318710.543, 119
Trd, 4318711.793, 112
Trd, 4318712.343, 96
Trd, 4318713.993, 140
Trd, 4318714.743, 131
Trd, 4318714.843, 124
Trd, 4318715.043, 115
Trd, 4318716.493, 104
Trd, 4318717.443, 104
Trd, 4318717.943, 117
Trd, 4318720.543, 118
Trd, 4318720.793, 108
Trd, 4318721.993, 105
Trd, 4318725.693, 111
Trd, 4318726.293, 123
Trd, 4318727.793, 136
Trd, 4318728.343, 125
Trd, 4318728.843, 101
Trd, 4318729.843, 125
Trd, 4318730.043, 115
Trd, 4318731.293, 137
Trd, 4318731.693, 129
Trd, 4318731.943, 114
Trd, 4318732.343, 107
Trd, 4318734.643, 120
Trd, 4318736.143, 128
Trd, 4318736.193, 109
Trd, 4318736.743, 103
Trd, 4318736.993, 95
Trd, 4318738.843, 107
Trd, 4318739.793, 116
Trd, 4318739.893, 101
Trd, 4318742.193, 121
Trd, 4318742.643, 136
Trd, 4318743.493, 134
Trd, 4318744.993, 124
Trd, 4318745.093, 115
Trd, 4318745.543, 96
Trd, 4318746.343, 79
Trd, 4318747.343, 129
Trd, 4318751.043, 127
Trd, 4318751.193, 131
Trd, 4318751.943, 109
Trd, 4318753.643, 106
Trd, 4318754.993, 101
Trd, 4318755.843, 135
Trd, 4318757.193, 107
Trd, 4318757.393, 102
Trd, 4318760.243, 113
Trd, 4318761.643, 129
Trd, 4318763.643, 100
Trd, 4318763.793, 75
Trd, 4318765.443, 116
Trd, 4318767.743, 111
Trd, 4318768.643, 117
Trd, 4318769.443, 105
Trd, 4318770.143, 119
Trd, 4318770.543, 126
Trd, 4318770.943, 120
Trd, 4318772.093, 137
Trd, 4318773.893, 105
Trd, 4318774.543, 110
Trd, 4318775.143, 96
Trd, 4318776.143, 126
Trd, 4318776.393, 135
Trd, 4318777.243, 113
Trd, 4318777.693, 109
Trd, 4318778.743, 84
Trd, 4318779.243, 76
Trd, 4318780.243, 120
Trd, 4318780.693, 112
Trd, 4318781.493, 101
Trd, 4318782.393, 136
Trd, 4318782.893, 107
Trd, 4318784.243, 78
Trd, 4318784.693, 92
Trd, 4318786.293, 135
Trd, 4318786.543, 120
Trd, 4318786.693, 112
Trd, 4318789.793, 109
Trd, 4318789.943, 117
Trd, 4318792.293, 124
Trd, 4318792.393, 118
Trd, 4318794.243, 118
Trd, 4318794.493, 117
Trd, 4318795.693, 116
Trd, 4318797.843, 120
Trd, 4318798.243, 127
Trd, 4318798.843, 117
Trd, 4318800.793, 113
Trd, 4318801.993, 140
Trd, 4318802.493, 124
Trd, 4318803.093, 108
Trd, 4318804.193, 134
Trd, 4318804.443, 117
Trd, 4318805.443, 80
Trd, 4318806.993, 73
Trd, 4318808.943, 89
Trd, 4318809.243, 102
Trd, 4318811.343, 97
Trd, 4318811.743, 91
Trd, 4318811.993, 93
Trd, 4318812.393, 139
Trd, 4318812.443, 101
Trd, 4318814.593, 96
Trd, 4318815.443, 110
Trd, 4318815.893, 84
Trd, 4318816.993, 98
Trd, 4318817.543, 136
Trd, 4318818.793, 132
Trd, 4318819.443, 89
Trd, 4318820.043, 117
Trd, 4318820.743, 103
Trd, 4318824.743, 135
Trd, 4318825.593, 126
Trd, 4318826.893, 109
Trd, 4318828.043, 135
Trd, 4318828.443, 101
Trd, 4318828.593, 112
Trd, 4318829.293, 122
Trd, 4318830.093, 105
Trd, 4318832.243, 116
Trd, 4318835.443, 115
Trd, 4318835.993, 126
Trd, 4318836.693, 127
Trd, 4318836.943, 123
Trd, 4318837.893, 116
Trd, 4318838.593, 127
Trd, 4318838.993, 121
Trd, 4318839.293, 126
Trd, 4318840.343, 115
Trd, 4318842.143, 125
Trd, 4318844.493, 137
Trd, 4318845.093, 101
Trd, 4318845.193, 100
Trd, 4318846.293, 125
Trd, 4318846.893, 127
Trd, 4318847.243, 116
Trd, 4318847.343, 110
Trd, 4318848.243, 96
Trd, 4318850.393, 107
Trd, 4318852.543, 111
Trd, 4318852.693, 119
Trd, 4318853.343, 100
Trd, 4318854.193, 89
Trd, 4318854.443, 115
Trd, 4318854.693, 126
Trd, 4318857.293, 116
Trd, 4318858.743, 115
Trd, 4318859.243, 101
Trd, 4318859.343, 96
Trd, 4318860.593, 66
Trd, 4318860.793, 73
Trd, 4318863.643, 124
Trd, 4318865.093, 119
Trd, 4318865.793, 109
Trd, 4318866.143, 88
Trd, 4318866.943, 136
Trd, 4318867.243, 133
Trd, 4318867.693, 94
Trd, 4318868.943, 121
Trd, 4318869.443, 137
Trd, 4318869.943, 107
Trd, 4318872.243, 130
Trd, 4318873.243, 126
Trd, 4318874.093, 137
Trd, 4318874.893, 109
Trd, 4318875.143, 108
Trd, 4318877.643, 112
Trd, 4318877.793, 110
Trd, 4318877.893, 110
Trd, 4318878.943, 138
Trd, 4318880.543, 106
Trd, 4318880.643, 109
Trd, 4318881.193, 130
Trd, 4318882.643, 124
Trd, 4318882.793, 100
Trd, 4318884.093, 85
Trd, 4318884.393, 91
Trd, 4318885.093, 140
Trd, 4318886.243, 108
Trd, 4318886.893, 125
Trd, 4318887.143, 107
Trd, 4318888.493, 104
Trd, 4318889.043, 129
Trd, 4318890.693, 105
Trd, 4318891.143, 132
Trd, 4318893.093, 107
Trd, 4318893.193, 100
Trd, 4318893.293, 114
Trd, 4318894.343, 95
Trd, 4318895.443, 101
Trd, 4318895.643, 95
Trd, 4318897.093, 129
Trd, 4318898.593, 135
Trd, 4318899.293, 133
Trd, 4318899.993, 127
Trd, 4318900.393, 100
Trd, 4318901.343, 111
Trd, 4318903.143, 108
Trd, 4318903.793, 97
Trd, 4318904.593, 104
Trd, 4318904.793, 108
Trd, 4318905.593, 81
Trd, 4318907.993, 114
Trd, 4318908.393, 109
Trd, 4318909.793, 126
Trd, 4318910.593, 125
Trd, 4318911.043, 124
Trd, 4318911.743, 133
Trd, 4318911.793, 124
Trd, 4318912.443, 126
Trd, 4318914.343, 138
Trd, 4318915.893, 119
Trd, 4318916.793, 135
Trd, 4318918.143, 106
Trd, 4318918.693, 94
Trd, 4318919.043, 108
Trd, 4318920.543, 135
Trd, 4318920.593, 134
Trd, 4318923.643, 115
Trd, 4318924.643, 121
Trd, 4318924.893, 105
Trd, 4318925.243, 95
Trd, 4318925.343, 89
Trd, 4318925.493, 76
Trd, 4318926.093, 128
Trd, 4318927.593, 119
Trd, 4318928.743, 112
Trd, 4318928.993, 113
Trd, 4318929.943, 122
Trd, 4318930.643, 96
Trd, 4318931.093, 104
Trd, 4318931.743, 94
Trd, 4318932.693, 90
Trd, 4318934.343, 120
Trd, 4318935.293, 121
Trd, 4318938.143, 131
Trd, 4318938.743, 130
Trd, 4318939.193, 139
Trd, 4318939.293, 115
Trd, 4318941.343, 101
Trd, 4318941.793, 112
Trd, 4318942.343, 129
Trd, 4318942.543, 127
Trd, 4318943.193, 91
Trd, 4318945.043, 111
Trd, 4318946.243, 138
Trd, 4318946.643, 131
Trd, 4318946.693, 128
Trd, 4318947.093, 127
Trd, 4318948.943, 106
Trd, 4318949.243, 137
Trd, 4318949.693, 97
Trd, 4318949.893, 72
Trd, 4318951.093, 138
Trd, 4318952.093, 120
Trd, 4318953.043, 115
Trd, 4318953.743, 105
Trd, 4318954.843, 97
Trd, 4318956.993, 127
Trd, 4318957.793, 113
Trd, 4318958.443, 137
Trd, 4318958.543, 128
Trd, 4318958.643, 117
Trd, 4318960.343, 117
Trd, 4318960.593, 96
Trd, 4318960.693, 117
Trd, 4318961.143, 96
Trd, 4318964.243, 114
Trd, 4318964.443, 83
Trd, 4318964.693, 104
Trd, 4318965.493, 81
Trd, 4318966.393, 120
Trd, 4318967.693, 134
Trd, 4318968.243, 129
Trd, 4318968.293, 129
Trd, 4318969.043, 102
Trd, 4318969.193, 85
Trd, 4318970.393, 119
Trd, 4318972.493, 102
Trd, 4318973.393, 110
Trd, 4318973.643, 108
Trd, 4318974.143, 86
Trd, 4318975.043, 120
Trd, 4318979.793, 107
Trd, 4318980.143, 116
Trd, 4318981.043, 119
Trd, 4318981.443, 134
Trd, 4318981.843, 101
Trd, 4318982.243, 98
Trd, 4318983.743, 122
Trd, 4318984.943, 69
Trd, 4318985.593, 95
Trd, 4318986.393, 73
Trd, 4318988.293, 97
Trd, 4318988.493, 96
Trd, 4318989.243, 77
Trd, 4318990.193, 113
Trd, 4318991.043, 90
Trd, 4318991.393, 97
Trd, 4318992.043, 92
Trd, 4318993.543, 118
Trd, 4318994.393, 106
Trd, 4318994.443, 83
Trd, 4318994.793, 76
Trd, 4318996.493, 130
Trd, 4318997.443, 75
Trd, 4318997.993, 107
Trd, 4318999.493, 117
Trd, 4318999.793, 103
Trd, 4319001.043, 127
Trd, 4319002.043, 117
Trd, 4319002.243, 137
Trd, 4319002.893, 103
Trd, 4319003.093, 102
Trd, 4319004.143, 79
Trd, 4319006.593, 79
Trd, 4319006.743, 77
Trd, 4319007.143, 85
Trd, 4319008.943, 118
Trd, 4319011.243, 120
Trd, 4319011.493, 113
Trd, 4319011.843, 107
Trd, 4319013.593, 112
Trd, 4319013.693, 104
Trd, 4319013.843, 92
Trd, 4319014.793, 96
Trd, 4319015.343, 113
Trd, 4319016.393, 91
Trd, 4319019.443, 129
Trd, 4319020.393, 95
Trd, 4319020.493, 109
Trd, 4319022.493, 95
Trd, 4319023.293, 100
Trd, 4319023.343, 92
Trd, 4319023.643, 117
Trd, 4319024.243, 89
Trd, 4319026.843, 110
Trd, 4319027.093, 104
Trd, 4319027.493, 138
Trd, 4319027.543, 121
Trd, 4319028.093, 89
Trd, 4319029.193, 88
Trd, 4319031.043, 115
Trd, 4319032.443, 118
Trd, 4319034.043, 102
Trd, 4319035.543, 104
Trd, 4319035.693, 93
Trd, 4319038.693, 117
Trd, 4319040.143, 120
Trd, 4319040.593, 100
Trd, 4319041.443, 125
Trd, 4319041.643, 119
Trd, 4319041.843, 108
Trd, 4319042.443, 104
Trd, 4319043.593, 133
Trd, 4319043.643, 122
Trd, 4319045.443, 115
Trd, 4319048.143, 139
Trd, 4319049.193, 89
Trd, 4319049.393, 130
Trd, 4319051.243, 110
Trd, 4319051.743, 122
Trd, 4319052.043, 119
Trd, 4319052.343, 123
Trd, 4319053.843, 132
Trd, 4319054.343, 97
Trd, 4319055.293, 124
Trd, 4319055.693, 112
Trd, 4319056.543, 106
Trd, 4319058.693, 121
Trd, 4319059.893, 135
Trd, 4319060.343, 116
Trd, 4319061.593, 108
Trd, 4319062.043, 97
Trd, 4319064.643, 118
Trd, 4319065.243, 113
Trd, 4319066.593, 103
Trd, 4319066.943, 117
Trd, 4319067.343, 118
Trd, 4319068.093, 93
Trd, 4319068.643, 115
Trd, 4319070.843, 116
Trd, 4319072.293, 100
Trd, 4319072.393, 89
Trd, 4319073.293, 76
Trd, 4319073.793, 121
Trd, 4319076.693, 103
Trd, 4319077.293, 105
Trd, 4319078.393, 140
Trd, 4319080.593, 107
Trd, 4319081.143, 114
Trd, 4319081.693, 118
Trd, 4319083.493, 122
Trd, 4319085.243, 140
Trd, 4319087.893, 137
Trd, 4319088.343, 116
Trd, 4319088.443, 109
Trd, 4319088.643, 103
Trd, 4319088.843, 95
Trd, 4319089.493, 93
Trd, 4319090.743, 137
Trd, 4319091.643, 123
Trd, 4319092.543, 121
Trd, 4319094.243, 106
Trd, 4319094.643, 125
Trd, 4319095.193, 95
Trd, 4319095.593, 134
Trd, 4319095.843, 120
Trd, 4319096.743, 121
Trd, 4319097.993, 133
Trd, 4319098.093, 119
Trd, 4319099.643, 121
Trd, 4319099.693, 113
Trd, 4319101.843, 81
Trd, 4319103.293, 133
Trd, 4319104.193, 99
Trd, 4319104.293, 97
Trd, 4319105.693, 97
Trd, 4319106.643, 105
Trd, 4319106.943, 92
Trd, 4319107.043, 85
Trd, 4319108.293, 115
Trd, 4319108.393, 107
Trd, 4319109.793, 101
Trd, 4319110.293, 87
Trd, 4319111.493, 86
Trd, 4319112.243, 68
Trd, 4319112.893, 63
Trd, 4319113.343, 102
Trd, 4319113.743, 83
Trd, 4319115.743, 109
Trd, 4319116.793, 119
Trd, 4319117.393, 101
Trd, 4319117.743, 102
Trd, 4319118.943, 127
Trd, 4319119.243, 111
Trd, 4319119.593, 110
Trd, 4319120.993, 137
Trd, 4319121.793, 104
Trd, 4319122.993, 130
Trd, 4319123.443, 104
Trd, 4319124.543, 111
Trd, 4319125.143, 136
Trd, 4319125.393, 103
Trd, 4319126.143, 129
Trd, 4319126.243, 92
Trd, 4319127.593, 119
Trd, 4319128.493, 102
Trd, 4319128.693, 87
Trd, 4319129.993, 130
Trd, 4319130.043, 115
Trd, 4319130.843, 133
Trd, 4319131.043, 112
Trd, 4319131.943, 137
Trd, 4319132.043, 129
Trd, 4319134.643, 99
Trd, 4319134.943, 94
Trd, 4319135.243, 80
Trd, 4319135.493, 94
Trd, 4319136.793, 91
Trd, 4319137.243, 81
Trd, 4319137.643, 108
Trd, 4319139.993, 121
Trd, 4319140.593, 118
Trd, 4319141.193, 103
Trd, 4319141.343, 102
Trd, 4319141.643, 89
Trd, 4319142.043, 126
Trd, 4319142.443, 115
Trd, 4319144.643, 127
Trd, 4319145.343, 129
Trd, 4319145.743, 104
Trd, 4319146.093, 97
Trd, 4319147.193, 118
Trd, 4319147.543, 105
Trd, 4319148.243, 98
Trd, 4319151.093, 114
Trd, 4319151.443, 112
Trd, 4319152.893, 129
Trd, 4319153.043, 120
Trd, 4319154.343, 139
Trd, 4319155.843, 116
Trd, 4319156.743, 115
Trd, 4319159.043, 126
Trd, 4319159.793, 122
Trd, 4319159.843, 113
Trd, 4319160.243, 106
Trd, 4319161.293, 92
Trd, 4319162.493, 125
Trd, 4319162.793, 112
Trd, 4319164.343, 75
Trd, 4319167.293, 137
Trd, 4319167.393, 137
Trd, 4319168.093, 127
Trd, 4319168.243, 120
Trd, 4319169.243, 135
Trd, 4319169.643, 126
Trd, 4319170.443, 125
Trd, 4319171.693, 116
Trd, 4319172.143, 113
Trd, 4319172.293, 129
Trd, 4319173.243, 109
Trd, 4319173.343, 112
Trd, 4319174.093, 116
Trd, 4319175.043, 92
Trd, 4319176.093, 113
Trd, 4319176.793, 105
Trd, 4319179.093, 118
Trd, 4319181.093, 97
Trd, 4319181.543, 92
Trd, 4319182.793, 113
Trd, 4319184.393, 123
Trd, 4319184.943, 111
Trd, 4319187.093, 104
Trd, 4319188.393, 113
Trd, 4319188.443, 110
Trd, 4319188.793, 122
Trd, 4319191.293, 121
Trd, 4319191.343, 114
Trd, 4319191.643, 130
Trd, 4319191.693, 83
Trd, 4319192.693, 107
Trd, 4319194.543, 109
Trd, 4319194.693, 129
Trd, 4319196.343, 109
Trd, 4319196.993, 99
Trd, 4319197.893, 123
Trd, 4319197.943, 113
Trd, 4319198.543, 110
Trd, 4319198.943, 113
Trd, 4319199.593, 102
Trd, 4319199.943, 115
Trd, 4319201.593, 124
Trd, 4319201.743, 87
Trd, 4319203.543, 68
Trd, 4319205.043, 76
Trd, 4319205.843, 96
Trd, 4319206.293, 101
Trd, 4319206.943, 95
Trd, 4319207.843, 107
Trd, 4319209.243, 121
Trd, 4319209.693, 94
Trd, 4319210.493, 135
Trd, 4319211.093, 83
Trd, 4319211.343, 92
Trd, 4319211.843, 96
Trd, 4319212.843, 71
Trd, 4319215.443, 100
Trd, 4319215.493, 124
Trd, 4319216.343, 85
Trd, 4319217.143, 79
Trd, 4319217.243, 74
Trd, 4319219.243, 101
Trd, 4319221.593, 120
Trd, 4319223.543, 91
Trd, 4319226.093, 109
Trd, 4319226.393, 94
Trd, 4319227.343, 106
Trd, 4319228.593, 109
Trd, 4319230.993, 101
Trd, 4319231.643, 117
Trd, 4319231.993, 117
Trd, 4319233.393, 91
Trd, 4319234.993, 119
Trd, 4319237.243, 119
Trd, 4319237.793, 111
Trd, 4319238.293, 98
Trd, 4319239.043, 85
Trd, 4319239.343, 137
Trd, 4319240.043, 127
Trd, 4319241.993, 104
Trd, 4319242.743, 138
Trd, 4319242.793, 135
Trd, 4319243.243, 111
Trd, 4319245.393, 112
Trd, 4319248.043, 113
Trd, 4319248.193, 105
Trd, 4319250.293, 101
Trd, 4319250.643, 99
Trd, 4319250.843, 116
Trd, 4319251.493, 96
Trd, 4319252.993, 127
Trd, 4319253.493, 110
Trd, 4319253.993, 121
Trd, 4319254.043, 105
Trd, 4319255.093, 101
Trd, 4319255.143, 104
Trd, 4319255.793, 97
Trd, 4319256.093, 126
Trd, 4319257.043, 133
Trd, 4319257.543, 91
Trd, 4319259.193, 103
Trd, 4319259.593, 93
Trd, 4319260.543, 92
Trd, 4319261.243, 89
Trd, 4319261.443, 91
Trd, 4319261.693, 87
Trd, 4319266.543, 127
Trd, 4319266.943, 126
Trd, 4319268.043, 92
Trd, 4319268.493, 121
Trd, 4319269.343, 120
Trd, 4319270.793, 130
Trd, 4319271.493, 127
Trd, 4319272.743, 110
Trd, 4319273.243, 110
Trd, 4319273.343, 109
Trd, 4319273.643, 132
Trd, 4319273.693, 104
Trd, 4319274.543, 103
Trd, 4319276.743, 110
Trd, 4319276.843, 96
Trd, 4319277.793, 139
Trd, 4319278.693, 115
Trd, 4319279.743, 94
Trd, 4319280.243, 118
Trd, 4319281.343, 125
Trd, 4319281.993, 123
Trd, 4319282.093, 110
Trd, 4319282.193, 104
Trd, 4319282.993, 118
Trd, 4319283.143, 130
Trd, 4319284.693, 117
Trd, 4319285.793, 129
Trd, 4319286.243, 121
Trd, 4319288.493, 116
Trd, 4319291.843, 115
Trd, 4319292.643, 120
Trd, 4319293.043, 107
Trd, 4319294.393, 98
Trd, 4319295.193, 126
Trd, 4319295.343, 82
Trd, 4319295.543, 76
Trd, 4319296.493, 94
Trd, 4319299.893, 133
Trd, 4319300.143, 126
Trd, 4319300.293, 116
Trd, 4319300.543, 129
Trd, 4319300.843, 123
Trd, 4319301.143, 104
Trd, 4319302.343, 81
Trd, 4319305.293, 133
Trd, 4319305.643, 124
Trd, 4319307.593, 118
Trd, 4319308.843, 121
Trd, 4319309.693, 134
Trd, 4319310.793, 100
Trd, 4319311.543, 140
Trd, 4319311.593, 97
Trd, 4319312.293, 132
Trd, 4319313.343, 118
Trd, 4319314.143, 118
Trd, 4319314.443, 118
Trd, 4319314.893, 133
Trd, 4319315.593, 134
Trd, 4319315.693, 117
Trd, 4319317.443, 110
Trd, 4319318.293, 130
Trd, 4319318.643, 111
Trd, 4319319.793, 91
Trd, 4319320.843, 90
Trd, 4319320.943, 84
Trd, 4319321.043, 108
Trd, 4319322.343, 82
Trd, 4319323.693, 118
Trd, 4319325.193, 116
Trd, 4319325.543, 97
Trd, 4319326.143, 108
Trd, 4319326.993, 100
Trd, 4319327.843, 112
Trd, 4319329.293, 131
Trd, 4319329.943, 113
Trd, 4319331.643, 86
Trd, 4319331.743, 98
Trd, 4319331.943, 84
Trd, 4319332.493, 85
Trd, 4319333.043, 136
Trd, 4319333.293, 121
Trd, 4319334.443, 126
Trd, 4319335.093, 110
Trd, 4319336.643, 132
Trd, 4319337.193, 103
Trd, 4319337.893, 131
Trd, 4319338.293, 120
Trd, 4319338.693, 118
Trd, 4319340.443, 119
Trd, 4319340.593, 119
Trd, 4319341.043, 114
Trd, 4319341.793, 116
Trd, 4319342.093, 129
Trd, 4319342.843, 126
Trd, 4319343.543, 110
Trd, 4319343.693, 97
Trd, 4319345.743, 117
Trd, 4319348.743, 132
Trd, 4319348.893, 129
Trd, 4319349.793, 137
Trd, 4319349.993, 134
Trd, 4319351.143, 125
Trd, 4319352.093, 119
Trd, 4319353.393, 137
Trd, 4319354.493, 139
Trd, 4319354.593, 114
Trd, 4319355.293, 139
Trd, 4319357.993, 119
Trd, 4319358.793, 130
Trd, 4319359.293, 115
Trd, 4319362.643, 115
Trd, 4319362.743, 113
Trd, 4319364.643, 111
Trd, 4319365.593, 126
Trd, 4319366.093, 136
Trd, 4319366.543, 107
Trd, 4319367.243, 140
Trd, 4319367.843, 97
Trd, 4319368.243, 93
Trd, 4319370.193, 95
Trd, 4319371.293, 90
Trd, 4319372.593, 132
Trd, 4319373.243, 109
Trd, 4319373.693, 107
Trd, 4319373.943, 99
Trd, 4319374.543, 122
Trd, 4319375.743, 135
Trd, 4319377.793, 127
Trd, 4319379.043, 122
Trd, 4319379.143, 90
Trd, 4319380.743, 81
Trd, 4319380.793, 107
Trd, 4319381.143, 73
Trd, 4319383.793, 85
Trd, 4319384.243, 82
Trd, 4319384.743, 135
Trd, 4319385.093, 98
Trd, 4319387.143, 114
Trd, 4319388.493, 110
Trd, 4319388.693, 110
Trd, 4319389.193, 126
Trd, 4319390.643, 113
Trd, 4319391.393, 112
Trd, 4319391.743, 100
Trd, 4319393.293, 117
Trd, 4319393.543, 117
Trd, 4319396.493, 120
Trd, 4319396.943, 117
Trd, 4319397.193, 128
Trd, 4319397.443, 132
Trd, 4319397.943, 110
Trd, 4319399.343, 104
Trd, 4319401.943, 126
Trd, 4319402.193, 118
Trd, 4319403.693, 94
Trd, 4319404.043, 122
Trd, 4319404.543, 107
Trd, 4319404.943, 112
Trd, 4319404.993, 125
Trd, 4319408.643, 125
Trd, 4319408.993, 123
Trd, 4319411.343, 112
Trd, 4319412.043, 122
Trd, 4319412.393, 114
Trd, 4319412.643, 104
Trd, 4319413.893, 117
Trd, 4319414.193, 106
Trd, 4319415.543, 74
Trd, 4319415.643, 106
Trd, 4319416.493, 88
Trd, 4319416.993, 75
Trd, 4319418.793, 131
Trd, 4319418.993, 126
Trd, 4319420.093, 139
Trd, 4319420.393, 95
Trd, 4319420.643, 110
Trd, 4319421.593, 95
Trd, 4319422.143, 98
Trd, 4319422.943, 113
Trd, 4319423.993, 112
Trd, 4319424.743, 99
Trd, 4319426.093, 116
Trd, 4319427.793, 102
Trd, 4319428.143, 101
Trd, 4319428.843, 93
Trd, 4319430.293, 123
Trd, 4319431.093, 110
Trd, 4319431.993, 111
Trd, 4319432.143, 119
Trd, 4319435.393, 113
Trd, 4319437.043, 112
Trd, 4319437.543, 107
Trd, 4319438.743, 127
Trd, 4319439.393, 117
Trd, 4319440.693, 106
Trd, 4319441.393, 100
Trd, 4319441.743, 107
Trd, 4319442.043, 93
Trd, 4319442.093, 82
Trd, 4319443.493, 134
Trd, 4319444.593, 139
Trd, 4319445.443, 122
Trd, 4319445.543, 103
Trd, 4319445.843, 123
Trd, 4319446.743, 108
Trd, 4319447.993, 110
Trd, 4319448.443, 107
Trd, 4319449.543, 104
Trd, 4319451.393, 114
Trd, 4319452.043, 101
Trd, 4319452.743, 94
Trd, 4319453.993, 86
Trd, 4319455.193, 128
Trd, 4319455.543, 130
Trd, 4319455.693, 106
Trd, 4319455.993, 96
Trd, 4319456.743, 139
Trd, 4319456.843, 92
Trd, 4319458.043, 101
Trd, 4319458.843, 82
Trd, 4319459.793, 112
Trd, 4319461.793, 126
Trd, 4319463.643, 97
Trd, 4319464.743, 114
Trd, 4319466.793, 127
Trd, 4319467.643, 120
Trd, 4319467.693, 112
Trd, 4319468.743, 119
Trd, 4319468.843, 136
Trd, 4319470.193, 127
Trd, 4319471.343, 120
Trd, 4319472.543, 98
Trd, 4319472.843, 89
Trd, 4319472.943, 127
Trd, 4319473.793, 90
Trd, 4319477.243, 138
Trd, 4319477.993, 101
Trd, 4319478.143, 87
Trd, 4319478.343, 70
Trd, 4319479.543, 105
Trd, 4319479.793, 64
Trd, 4319481.593, 87
Trd, 4319482.993, 117
Trd, 4319483.093, 106
Trd, 4319483.343, 126
Trd, 4319485.293, 127
Trd, 4319487.793, 122
Trd, 4319488.693, 140
Trd, 4319489.893, 122
Trd, 4319490.693, 115
Trd, 4319491.293, 119
Trd, 4319491.843, 112
Trd, 4319492.543, 80
Trd, 4319494.043, 116
Trd, 4319494.993, 133
Trd, 4319495.293, 115
Trd, 4319496.093, 123
Trd, 4319497.843, 124
Trd, 4319499.443, 105
Trd, 4319501.043, 127
Trd, 4319501.643, 113
Trd, 4319502.143, 133
Trd, 4319504.193, 120
Trd, 4319504.543, 112
Trd, 4319506.043, 111
Trd, 4319506.893, 110
Trd, 4319506.943, 96
Trd, 4319507.593, 127
Trd, 4319507.693, 121
Trd, 4319507.943, 121
Trd, 4319508.043, 105
Trd, 4319509.343, 133
Trd, 4319510.443, 90
Trd, 4319510.743, 136
Trd, 4319511.393, 71
Trd, 4319513.243, 113
Trd, 4319514.093, 111
Trd, 4319515.193, 68
Trd, 4319516.693, 69
Trd, 4319517.043, 84
Trd, 4319519.193, 123
Trd, 4319519.993, 79
Trd, 4319520.893, 74
Trd, 4319521.043, 117
Trd, 4319521.893, 77
Trd, 4319522.643, 109
Trd, 4319524.193, 132
Trd, 4319527.493, 85
Trd, 4319527.843, 108
Trd, 4319528.743, 134
Trd, 4319529.093, 117
Trd, 4319529.943, 92
Trd, 4319530.093, 75
Trd, 4319530.643, 137
Trd, 4319531.343, 127
Trd, 4319531.993, 79
Trd, 4319534.643, 114
Trd, 4319536.443, 104
Trd, 4319537.243, 125
Trd, 4319537.393, 103
Trd, 4319537.943, 95
Trd, 4319539.643, 93
Trd, 4319541.043, 103
Trd, 4319541.093, 95
Trd, 4319542.543, 112
Trd, 4319543.593, 140
Trd, 4319544.043, 115
Trd, 4319544.543, 110
Trd, 4319545.193, 102
Trd, 4319547.093, 123
Trd, 4319548.293, 120
Trd, 4319548.793, 119
Trd, 4319550.343, 112
Trd, 4319550.443, 129
Trd, 4319550.643, 104
Trd, 4319553.643, 109
Trd, 4319553.743, 106
Trd, 4319553.893, 91
Trd, 4319555.593, 131
Trd, 4319556.393, 87
Trd, 4319556.493, 116
Trd, 4319558.393, 118
Trd, 4319559.393, 117
Trd, 4319560.443, 119
Trd, 4319560.893, 136
Trd, 4319561.193, 103
Trd, 4319562.243, 93
Trd, 4319563.193, 83
Trd, 4319564.893, 89
Trd, 4319565.093, 79
Trd, 4319565.493, 84
Trd, 4319565.693, 104
Trd, 4319567.293, 102
Trd, 4319567.343, 74
Trd, 4319568.493, 137
Trd, 4319569.743, 123
Trd, 4319570.043, 113
Trd, 4319572.043, 111
Trd, 4319572.593, 124
Trd, 4319573.943, 114
Trd, 4319574.993, 108
Trd, 4319575.493, 89
Trd, 4319576.643, 119
Trd, 4319578.493, 88
Trd, 4319580.193, 106
Trd, 4319580.293, 94
Trd, 4319580.393, 127
Trd, 4319581.543, 125
Trd, 4319582.143, 106
Trd, 4319584.593, 133
Trd, 4319584.693, 114
Trd, 4319584.743, 110
Trd, 4319585.143, 103
Trd, 4319588.343, 107
Trd, 4319588.593, 100
Trd, 4319588.693, 93
Trd, 4319589.993, 99
Trd, 4319590.593, 114
Trd, 4319591.243, 113
Trd, 4319592.093, 119
Trd, 4319592.643, 101
Trd, 4319593.193, 111
Trd, 4319593.693, 90
Trd, 4319594.243, 81
Trd, 4319594.343, 89
Trd, 4319595.993, 109
Trd, 4319597.543, 110
Trd, 4319598.743, 139
Trd, 4319600.643, 114
Trd, 4319600.743, 120
Trd, 4319600.943, 102
Trd, 4319601.343, 99
Trd, 4319602.793, 93
Trd, 4319603.543, 111
Trd, 4319603.693, 81
Trd, 4319605.143, 89
Trd, 4319607.543, 101
Trd, 4319608.543, 114
Trd, 4319609.793, 101
Trd, 4319610.043, 115
Trd, 4319611.093, 129
Trd, 4319612.343, 106
Trd, 4319613.693, 135
Trd, 4319614.293, 131
Trd, 4319615.893, 113
Trd, 4319617.543, 126
Trd, 4319618.893, 118
Trd, 4319619.993, 106
Trd, 4319620.343, 87
Trd, 4319621.143, 123
Trd, 4319621.793, 100
Trd, 4319624.243, 114
Trd, 4319624.293, 137
Trd, 4319624.693, 110
Trd, 4319624.743, 87
Trd, 4319626.393, 138
Trd, 4319627.593, 136
Trd, 4319627.993, 122
Trd, 4319628.193, 110
Trd, 4319628.543, 129
Trd, 4319628.593, 108
Trd, 4319630.493, 135
Trd, 4319630.993, 130
Trd, 4319632.393, 136
Trd, 4319635.393, 116
Trd, 4319635.443, 108
Trd, 4319636.343, 90
Trd, 4319637.343, 88
Trd, 4319638.993, 131
Trd, 4319639.593, 116
Trd, 4319640.393, 126
Trd, 4319642.243, 135
Trd, 4319642.393, 135
Trd, 4319642.643, 137
Trd, 4319642.693, 118
Trd, 4319643.343, 91
Trd, 4319644.243, 111
Trd, 4319645.693, 136
Trd, 4319647.593, 128
Trd, 4319648.443, 119
Trd, 4319649.043, 105
Trd, 4319649.243, 100
Trd, 4319650.143, 137
Trd, 4319651.443, 107
Trd, 4319652.193, 102
Trd, 4319652.743, 107
Trd, 4319655.943, 126
Trd, 4319656.343, 118
Trd, 4319657.293, 120
Trd, 4319658.143, 95
Trd, 4319659.143, 116
Trd, 4319659.843, 94
Trd, 4319660.493, 126
Trd, 4319662.093, 95
Trd, 4319663.243, 120
Trd, 4319663.293, 118
Trd, 4319664.743, 124
Trd, 4319665.393, 132
Trd, 4319665.943, 102
Trd, 4319666.893, 86
Trd, 4319667.193, 79
Trd, 4319668.143, 126
Trd, 4319668.193, 96
Trd, 4319668.793, 102
Trd, 4319669.443, 114
Trd, 4319672.393, 118
Trd, 4319674.093, 119
Trd, 4319674.143, 105
Trd, 4319674.743, 99
Trd, 4319676.343, 129
Trd, 4319677.343, 93
Trd, 4319679.293, 138
Trd, 4319679.743, 118
Trd, 4319679.893, 109
Trd, 4319681.843, 117
Trd, 4319683.193, 123
Trd, 4319683.543, 113
Trd, 4319685.093, 105
Trd, 4319685.543, 87
Trd, 4319686.043, 76
Trd, 4319686.243, 103
Trd, 4319686.593, 136
Trd, 4319688.643, 120
Trd, 4319689.943, 122
Trd, 4319690.693, 104
Trd, 4319691.443, 103
Trd, 4319693.243, 101
Trd, 4319693.543, 95
Trd, 4319696.343, 84
Trd, 4319697.093, 97
Trd, 4319698.143, 132
Trd, 4319698.693, 106
Trd, 4319699.443, 131
Trd, 4319700.993, 124
Trd, 4319701.293, 138
Trd, 4319702.843, 114
Trd, 4319703.493, 99
Trd, 4319705.243, 105
Trd, 4319705.493, 98
Trd, 4319707.493, 140
Trd, 4319707.543, 123
Trd, 4319708.143, 124
Trd, 4319709.193, 123
Trd, 4319711.843, 75
Trd, 4319711.993, 106
Trd, 4319713.893, 121
Trd, 4319714.143, 114
Trd, 4319714.843, 117
Trd, 4319715.343, 99
Trd, 4319716.143, 127
Trd, 4319716.393, 117
Trd, 4319716.543, 117
Trd, 4319717.893, 138
Trd, 4319718.693, 140
Trd, 4319718.793, 116
Trd, 4319720.093, 105
Trd, 4319721.143, 83
Trd, 4319721.593, 115
Trd, 4319723.443, 114
Trd, 4319724.443, 123
Trd, 4319724.543, 115
Trd, 4319725.793, 123
Trd, 4319725.893, 102
Trd, 4319726.643, 129
Trd, 4319727.843, 110
Trd, 4319728.143, 108
Trd, 4319728.993, 112
Trd, 4319729.843, 121
Trd, 4319731.193, 102
Trd, 4319732.443, 100
Trd, 4319732.943, 119
Trd, 4319733.793, 122
Trd, 4319735.293, 89
Trd, 4319736.093, 88
Trd, 4319736.393, 113
Trd, 4319737.193, 132
Trd, 4319737.693, 127
Trd, 4319738.893, 111
Trd, 4319739.893, 96
Trd, 4319740.343, 84
Trd, 4319742.093, 110
Trd, 4319745.043, 108
Trd, 4319745.293, 103
Trd, 4319745.793, 118
Trd, 4319746.743, 115
Trd, 4319747.093, 110
Trd, 4319750.143, 105
Trd, 4319750.543, 97
Trd, 4319750.993, 90
Trd, 4319751.143, 85
Trd, 4319753.343, 118
Trd, 4319753.393, 109
Trd, 4319754.043, 116
Trd, 4319754.493, 106
Trd, 4319754.943, 93
Trd, 4319755.193, 112
Trd, 4319756.593, 91
Trd, 4319757.093, 105
Trd, 4319757.843, 106
Trd, 4319758.693, 127
Trd, 4319760.193, 118
Trd, 4319760.343, 111
Trd, 4319760.743, 139
Trd, 4319761.393, 111
Trd, 4319761.543, 93
Trd, 4319762.843, 86
Trd, 4319763.093, 130
Trd, 4319765.143, 103
Trd, 4319766.343, 103
Trd, 4319766.393, 106
Trd, 4319766.693, 96
Trd, 4319769.493, 109
Trd, 4319770.143, 104
Trd, 4319770.643, 127
Trd, 4319770.843, 118
Trd, 4319773.443, 139
Trd, 4319775.343, 121
Trd, 4319776.243, 125
Trd, 4319776.643, 105
Trd, 4319777.843, 110
Trd, 4319778.393, 137
Trd, 4319778.443, 103
Trd, 4319778.493, 84
Trd, 4319779.143, 120
Trd, 4319780.993, 112
Trd, 4319781.843, 112
Trd, 4319781.893, 97
Trd, 4319782.043, 113
Trd, 4319782.193, 80
Trd, 4319782.443, 116
Trd, 4319784.043, 130
Trd, 4319785.443, 106
Trd, 4319786.943, 127
Trd, 4319787.843, 99
Trd, 4319788.593, 104
Trd, 4319788.943, 121
Trd, 4319789.543, 105
Trd, 4319790.243, 135
Trd, 4319790.643, 112
Trd, 4319791.943, 110
Trd, 4319794.043, 99
Trd, 4319794.593, 107
Trd, 4319794.893, 99
Trd, 4319797.393, 118
Trd, 4319797.643, 113
Trd, 4319798.493, 103
Trd, 4319799.343, 134
Trd, 4319800.693, 99
Trd, 4319800.793, 104
Trd, 4319802.093, 86
Trd, 4319802.943, 130
Trd, 4319803.343, 102
Trd, 4319805.443, 120
Trd, 4319807.793, 118
Trd, 4319807.893, 118
Trd, 4319808.293, 114
Trd, 4319809.743, 103
Trd, 4319810.693, 125
Trd, 4319811.443, 100
Trd, 4319812.643, 126
Trd, 4319814.043, 102
Trd, 4319815.193, 103
Trd, 4319816.043, 107
Trd, 4319816.093, 70
Trd, 4319817.343, 121
Trd, 4319819.643, 127
Trd, 4319820.393, 121
Trd, 4319820.843, 123
Trd, 4319821.243, 129
Trd, 4319822.343, 105
Trd, 4319822.893, 133
Trd, 4319823.543, 117
Trd, 4319825.993, 118
Trd, 4319826.493, 132
Trd, 4319827.243, 109
Trd, 4319828.193, 86
Trd, 4319828.393, 111
Trd, 4319828.793, 61
Trd, 4319832.893, 115
Trd, 4319833.143, 99
Trd, 4319833.743, 78
Trd, 4319835.643, 86
Trd, 4319835.793, 107
Trd, 4319836.343, 69
Trd, 4319836.443, 84
Trd, 4319837.093, 99
Trd, 4319837.643, 128
Trd, 4319839.843, 120
Trd, 4319842.143, 120
Trd, 4319843.893, 120
Trd, 4319843.943, 104
Trd, 4319844.543, 131
Trd, 4319845.343, 110
Trd, 4319846.643, 116
Trd, 4319847.043, 114
Trd, 4319847.393, 103
Trd, 4319849.093, 118
Trd, 4319849.143, 115
Trd, 4319849.793, 120
Trd, 4319851.443, 110
Trd, 4319852.793, 105
Trd, 4319853.543, 112
Trd, 4319854.443, 105
Trd, 4319855.593, 129
Trd, 4319855.643, 122
Trd, 4319858.993, 131
Trd, 4319859.193, 122
Trd, 4319859.293, 110
Trd, 4319860.293, 108
Trd, 4319861.293, 136
Trd, 4319861.543, 119
Trd, 4319861.643, 103
Trd, 4319862.543, 98
Trd, 4319862.993, 86
Trd, 4319863.043, 85
Trd, 4319863.943, 108
Trd, 4319865.643, 117
Trd, 4319869.493, 128
Trd, 4319870.093, 121
Trd, 4319870.793, 121
Trd, 4319870.893, 129
Trd, 4319870.993, 112
Trd, 4319871.393, 102
Trd, 4319873.093, 103
Trd, 4319874.193, 97
Trd, 4319876.543, 119
Trd, 4319876.893, 130
Trd, 4319877.543, 101
Trd, 4319878.043, 114
Trd, 4319878.493, 118
Trd, 4319879.193, 116
Trd, 4319879.743, 124
Trd, 4319880.243, 131
Trd, 4319880.943, 119
Trd, 4319883.493, 138
Trd, 4319884.693, 134
Trd, 4319884.893, 115
Trd, 4319885.643, 99
Trd, 4319886.993, 122
Trd, 4319888.793, 103
Trd, 4319890.193, 118
Trd, 4319890.793, 121
Trd, 4319891.493, 92
Trd, 4319892.443, 78
Trd, 4319892.793, 79
Trd, 4319893.493, 110
Trd, 4319893.693, 72
Trd, 4319893.843, 101
Trd, 4319895.043, 125
Trd, 4319895.743, 92
Trd, 4319896.593, 80
Trd, 4319898.543, 118
Trd, 4319900.393, 88
Trd, 4319900.793, 117
Trd, 4319902.743, 124
Trd, 4319902.893, 113
Trd, 4319903.793, 117
Trd, 4319905.993, 97
Trd, 4319906.343, 95
Trd, 4319907.543, 119
Trd, 4319908.793, 109
Trd, 4319909.843, 134
Trd, 4319910.343, 130
Trd, 4319910.593, 126
Trd, 4319910.793, 120
Trd, 4319910.943, 119
Trd, 4319912.393, 139
Trd, 4319914.293, 80
Trd, 4319915.593, 124
Trd, 4319916.743, 112
Trd, 4319916.943, 119
Trd, 4319919.493, 127
Trd, 4319920.093, 104
Trd, 4319920.843, 105
Trd, 4319921.443, 86
Trd, 4319921.493, 80
Trd, 4319922.243, 140
Trd, 4319923.843, 101
Trd, 4319925.443, 103
Trd, 4319926.543, 111
Trd, 4319927.393, 127
Trd, 4319927.443, 111
Trd, 4319928.893, 120
Trd, 4319930.143, 113
Trd, 4319930.243, 117
Trd, 4319932.093, 95
Trd, 4319932.443, 116
Trd, 4319932.543, 81
Trd, 4319934.343, 85
Trd, 4319936.443, 90
Trd, 4319936.593, 95
Trd, 4319937.893, 99
Trd, 4319938.493, 118
Trd, 4319939.293, 126
Trd, 4319940.543, 92
Trd, 4319942.843, 120
Trd, 4319942.893, 109
Trd, 4319943.443, 105
Trd, 4319943.993, 127
Trd, 4319945.293, 100
Trd, 4319947.243, 116
Trd, 4319947.893, 110
Trd, 4319948.543, 104
Trd, 4319949.143, 121
Trd, 4319950.593, 118
Trd, 4319950.743, 121
Trd, 4319951.093, 118
Trd, 4319952.843, 118
Trd, 4319953.393, 119
Trd, 4319954.643, 113
Trd, 4319954.693, 111
Trd, 4319957.093, 123
Trd, 4319957.143, 118
Trd, 4319957.743, 128
Trd, 4319958.443, 116
Trd, 4319961.043, 131
Trd, 4319961.193, 99
Trd, 4319961.293, 95
Trd, 4319961.493, 123
Trd, 4319962.243, 126
Trd, 4319963.943, 127
Trd, 4319965.943, 111
Trd, 4319966.193, 132
Trd, 4319968.593, 120
Trd, 4319968.993, 117
Trd, 4319969.443, 125
Trd, 4319970.343, 87
Trd, 4319971.893, 101
Trd, 4319974.043, 106
Trd, 4319974.143, 94
Trd, 4319974.693, 93
Trd, 4319975.393, 130
Trd, 4319977.093, 112
Trd, 4319977.343, 93
Trd, 4319979.093, 90
Trd, 4319979.243, 96
Trd, 4319980.343, 125
Trd, 4319980.843, 109
Trd, 4319981.093, 120
Trd, 4319981.393, 84
Trd, 4319982.793, 113
Trd, 4319983.143, 106
Trd, 4319983.743, 135
Trd, 4319985.043, 101
Trd, 4319986.593, 131
Trd, 4319988.493, 108
Trd, 4319989.893, 99
Trd, 4319990.143, 111
Trd, 4319991.593, 115
Trd, 4319992.343, 100
Trd, 4319992.393, 91
Trd, 4319992.943, 79
Trd, 4319993.693, 81
Trd, 4319995.343, 108
Trd, 4319997.243, 135
Trd, 4319997.643, 114
Trd, 4319999.193, 140
Trd, 4319999.993, 122
