Trd, 4318048.743, 113
Trd, 4318050.293, 124
Trd, 4318050.393, 127
Trd, 4318051.393, 116
Trd, 4318053.543, 135
Trd, 4318053.743, 129
Trd, 4318054.843, 125
Trd, 4318054.893, 118
Trd, 4318055.743, 108
Trd, 4318056.893, 114
Trd, 4318057.093, 99
Trd, 4318059.243, 137
Trd, 4318059.343, 108
Trd, 4318059.843, 105
Trd, 4318060.093, 102
Trd, 4318060.593, 134
Trd, 4318062.843, 121
Trd, 4318063.043, 110
Trd, 4318063.843, 129
Trd, 4318064.143, 115
Trd, 4318064.243, 91
Trd, 4318065.293, 140
Trd, 4318067.443, 137
Trd, 4318068.143, 129
Trd, 4318068.293, 119
Trd, 4318068.543, 122
Trd, 4318070.043, 105
Trd, 4318070.793, 75
Trd, 4318071.193, 89
Trd, 4318073.993, 132
Trd, 4318074.543, 128
Trd, 4318076.843, 128
Trd, 4318078.243, 126
Trd, 4318079.043, 121
Trd, 4318079.643, 71
Trd, 4318080.943, 67
Trd, 4318082.193, 125
Trd, 4318082.893, 88
Trd, 4318083.393, 102
Trd, 4318084.843, 115
Trd, 4318085.293, 102
Trd, 4318086.043, 128
Trd, 4318086.243, 98
Trd, 4318087.893, 121
Trd, 4318087.993, 93
Trd, 4318088.193, 74
Trd, 4318090.293, 95
Trd, 4318091.493, 118
Trd, 4318092.693, 119
Trd, 4318093.093, 81
Trd, 4318093.143, 96
Trd, 4318093.293, 128
Trd, 4318094.793, 125
Trd, 4318094.843, 123
Trd, 4318095.743, 104
Trd, 4318096.993, 138
Trd, 4318097.243, 97
Trd, 4318097.593, 140
Trd, 4318098.443, 132
Trd, 4318098.693, 97
Trd, 4318099.693, 121
Trd, 4318099.943, 72
Trd, 4318101.193, 112
Trd, 4318101.993, 109
Trd, 4318103.243, 94
Trd, 4318104.143, 105
Trd, 4318104.293, 98
Trd, 4318105.293, 122
Trd, 4318106.793, 131
Trd, 4318107.093, 116
Trd, 4318107.843, 134
Trd, 4318108.293, 133
Trd, 4318108.943, 108
Trd, 4318109.993, 126
Trd, 4318110.143, 131
Trd, 4318112.243, 140
Trd, 4318112.643, 131
Trd, 4318113.743, 140
Trd, 4318115.643, 94
Trd, 4318116.393, 131
Trd, 4318117.343, 124
Trd, 4318118.643, 138
Trd, 4318119.843, 133
Trd, 4318120.443, 100
Trd, 4318121.193, 95
Trd, 4318121.693, 90
Trd, 4318121.843, 116
Trd, 4318124.943, 102
Trd, 4318126.193, 130
Trd, 4318126.793, 110
Trd, 4318127.543, 95
Trd, 4318128.193, 87
Trd, 4318129.193, 85
Trd, 4318133.143, 104
Trd, 4318133.343, 102
Trd, 4318133.693, 111
Trd, 4318134.343, 132
Trd, 4318134.893, 114
Trd, 4318135.743, 108
Trd, 4318136.393, 114
Trd, 4318137.693, 112
Trd, 4318138.993, 103
Trd, 4318139.043, 93
Trd, 4318139.243, 129
Trd, 4318139.993, 112
Trd, 4318141.443, 114
Trd, 4318142.443, 123
Trd, 4318143.193, 138
Trd, 4318143.543, 132
Trd, 4318145.493, 122
Trd, 4318146.193, 100
Trd, 4318146.443, 87
Trd, 4318146.693, 81
Trd, 4318148.243, 100
Trd, 4318149.693, 126
Trd, 4318150.393, 121
Trd, 4318151.143, 114
Trd, 4318152.743, 134
Trd, 4318154.993, 106
Trd, 4318155.093, 115
Trd, 4318155.793, 127
Trd, 4318156.493, 98
Trd, 4318156.793, 92
Trd, 4318158.193, 94
Trd, 4318158.543, 110
Trd, 4318159.243, 121
Trd, 4318159.493, 111
Trd, 4318160.543, 133
Trd, 4318161.393, 83
Trd, 4318161.843, 109
Trd, 4318163.193, 81
Trd, 4318163.793, 66
Trd, 4318163.943, 62
Trd, 4318164.643, 114
Trd, 4318165.393, 121
Trd, 4318165.843, 114
Trd, 4318167.893, 115
Trd, 4318168.043, 106
Trd, 4318168.093, 102
Trd, 4318168.443, 82
Trd, 4318169.643, 111
Trd, 4318170.743, 119
Trd, 4318171.443, 112
Trd, 4318171.843, 116
Trd, 4318173.743, 140
Trd, 4318173.843, 113
Trd, 4318175.393, 121
Trd, 4318176.893, 96
Trd, 4318177.593, 104
Trd, 4318178.093, 74
Trd, 4318178.393, 73
Trd, 4318178.493, 71
Trd, 4318179.193, 76
Trd, 4318179.693, 66
Trd, 4318179.743, 63
Trd, 4318180.943, 106
Trd, 4318181.493, 90
Trd, 4318182.393, 105
Trd, 4318183.443, 92
Trd, 4318184.393, 126
Trd, 4318185.043, 130
Trd, 4318185.343, 98
Trd, 4318185.693, 78
Trd, 4318186.143, 135
Trd, 4318186.393, 98
Trd, 4318186.843, 89
Trd, 4318188.143, 135
Trd, 4318189.243, 120
Trd, 4318189.593, 86
Trd, 4318190.893, 126
Trd, 4318191.243, 117
Trd, 4318192.693, 109
Trd, 4318193.243, 125
Trd, 4318194.193, 86
Trd, 4318195.143, 135
Trd, 4318195.793, 106
Trd, 4318195.993, 95
Trd, 4318196.293, 121
Trd, 4318196.493, 93
Trd, 4318197.593, 140
Trd, 4318198.193, 135
Trd, 4318199.243, 115
Trd, 4318199.993, 79
Trd, 4318200.243, 95
Trd, 4318200.593, 85
Trd, 4318200.793, 103
Trd, 4318200.993, 72
Trd, 4318202.593, 69
Trd, 4318203.993, 111
Trd, 4318204.243, 106
Trd, 4318205.293, 95
Trd, 4318205.693, 98
Trd, 4318205.943, 62
Trd, 4318208.593, 126
Trd, 4318208.693, 94
Trd, 4318208.943, 107
Trd, 4318209.393, 102
Trd, 4318209.943, 102
Trd, 4318211.643, 103
Trd, 4318214.543, 101
Trd, 4318214.643, 108
Trd, 4318215.393, 118
Trd, 4318216.593, 134
Trd, 4318217.243, 102
Trd, 4318217.393, 98
Trd, 4318218.493, 129
Trd, 4318218.593, 105
Trd, 4318219.143, 105
Trd, 4318219.543, 117
Trd, 4318220.343, 138
Trd, 4318221.293, 61
Trd, 4318222.643, 124
Trd, 4318222.743, 80
Trd, 4318224.343, 105
Trd, 4318225.093, 78
Trd, 4318225.343, 95
Trd, 4318226.443, 130
Trd, 4318228.443, 137
Trd, 4318228.893, 128
Trd, 4318229.343, 128
Trd, 4318229.443, 121
Trd, 4318230.143, 124
Trd, 4318231.093, 112
Trd, 4318231.243, 108
Trd, 4318232.343, 99
Trd, 4318233.593, 117
Trd, 4318234.643, 118
Trd, 4318234.793, 135
Trd, 4318235.793, 138
Trd, 4318236.043, 120
Trd, 4318236.193, 116
Trd, 4318237.193, 136
Trd, 4318237.343, 125
Trd, 4318238.293, 117
Trd, 4318239.643, 114
Trd, 4318239.993, 112
Trd, 4318241.143, 121
Trd, 4318242.293, 118
Trd, 4318242.343, 98
Trd, 4318242.593, 91
Trd, 4318243.643, 105
Trd, 4318245.043, 100
Trd, 4318245.693, 106
Trd, 4318245.793, 135
Trd, 4318246.593, 137
Trd, 4318249.193, 140
Trd, 4318249.893, 107
Trd, 4318250.743, 82
Trd, 4318250.843, 100
Trd, 4318253.093, 124
Trd, 4318255.143, 126
Trd, 4318255.393, 115
Trd, 4318255.593, 110
Trd, 4318255.843, 116
Trd, 4318256.593, 118
Trd, 4318257.743, 126
Trd, 4318257.843, 108
Trd, 4318258.093, 122
Trd, 4318258.943, 113
Trd, 4318259.143, 108
Trd, 4318260.093, 121
Trd, 4318261.643, 121
Trd, 4318261.893, 101
Trd, 4318263.193, 110
Trd, 4318264.443, 111
Trd, 4318265.743, 126
Trd, 4318266.343, 118
Trd, 4318266.743, 118
Trd, 4318266.943, 103
Trd, 4318267.893, 118
Trd, 4318268.743, 114
Trd, 4318270.843, 111
Trd, 4318270.893, 128
Trd, 4318271.193, 87
Trd, 4318272.243, 131
Trd, 4318272.943, 112
Trd, 4318273.343, 137
Trd, 4318273.893, 111
Trd, 4318274.343, 110
Trd, 4318274.943, 126
Trd, 4318277.143, 107
Trd, 4318277.693, 111
Trd, 4318277.843, 129
Trd, 4318279.043, 111
Trd, 4318279.693, 117
Trd, 4318282.193, 125
Trd, 4318282.593, 117
Trd, 4318283.943, 129
Trd, 4318283.993, 122
Trd, 4318285.493, 136
Trd, 4318285.643, 107
Trd, 4318286.143, 121
Trd, 4318286.793, 140
Trd, 4318286.943, 84
Trd, 4318287.493, 93
Trd, 4318288.693, 128
Trd, 4318289.793, 139
Trd, 4318290.193, 131
Trd, 4318291.693, 120
Trd, 4318292.343, 107
Trd, 4318292.743, 109
Trd, 4318292.893, 99
Trd, 4318293.243, 93
Trd, 4318294.143, 115
Trd, 4318295.793, 110
Trd, 4318296.743, 123
Trd, 4318297.393, 104
Trd, 4318298.493, 85
Trd, 4318298.643, 122
Trd, 4318300.443, 125
Trd, 4318300.893, 119
Trd, 4318301.243, 112
Trd, 4318301.393, 104
Trd, 4318301.793, 119
Trd, 4318302.193, 136
Trd, 4318302.243, 117
Trd, 4318302.343, 109
Trd, 4318302.493, 96
Trd, 4318302.693, 115
Trd, 4318304.043, 105
Trd, 4318306.493, 126
Trd, 4318306.793, 134
Trd, 4318306.943, 114
Trd, 4318307.143, 63
Trd, 4318309.343, 139
Trd, 4318309.893, 124
Trd, 4318310.743, 125
Trd, 4318312.243, 128
Trd, 4318313.043, 122
Trd, 4318314.143, 116
Trd, 4318314.943, 116
Trd, 4318314.993, 112
Trd, 4318315.243, 105
Trd, 4318315.593, 97
Trd, 4318315.843, 132
Trd, 4318317.093, 91
Trd, 4318317.943, 94
Trd, 4318320.793, 102
Trd, 4318321.193, 136
Trd, 4318321.693, 85
Trd, 4318321.843, 105
Trd, 4318322.093, 127
Trd, 4318325.443, 140
Trd, 4318325.543, 131
Trd, 4318325.643, 109
Trd, 4318325.943, 115
Trd, 4318326.443, 112
Trd, 4318327.243, 98
Trd, 4318327.643, 99
Trd, 4318328.143, 101
Trd, 4318329.893, 93
Trd, 4318331.043, 109
Trd, 4318331.293, 103
Trd, 4318332.693, 112
Trd, 4318334.743, 131
Trd, 4318335.143, 117
Trd, 4318336.393, 129
Trd, 4318336.893, 126
Trd, 4318337.043, 139
Trd, 4318337.843, 116
Trd, 4318340.193, 80
Trd, 4318340.393, 97
Trd, 4318341.493, 127
Trd, 4318342.043, 120
Trd, 4318342.343, 104
Trd, 4318343.443, 101
Trd, 4318343.993, 124
Trd, 4318345.243, 136
Trd, 4318345.343, 129
Trd, 4318346.193, 131
Trd, 4318346.343, 116
Trd, 4318347.743, 123
Trd, 4318348.243, 94
Trd, 4318348.593, 119
Trd, 4318348.943, 135
Trd, 4318349.193, 109
Trd, 4318350.543, 111
Trd, 4318351.993, 94
Trd, 4318352.793, 114
Trd, 4318353.693, 86
Trd, 4318353.743, 98
Trd, 4318355.693, 121
Trd, 4318355.793, 99
Trd, 4318357.493, 86
Trd, 4318357.543, 74
Trd, 4318358.293, 101
Trd, 4318358.493, 97
Trd, 4318361.693, 125
Trd, 4318362.143, 117
Trd, 4318363.393, 101
Trd, 4318364.243, 99
Trd, 4318366.343, 132
Trd, 4318367.393, 127
Trd, 4318367.893, 131
Trd, 4318368.193, 122
Trd, 4318368.393, 117
Trd, 4318368.793, 133
Trd, 4318369.293, 113
Trd, 4318370.893, 138
Trd, 4318372.543, 125
Trd, 4318373.643, 113
Trd, 4318374.243, 115
Trd, 4318377.593, 122
Trd, 4318377.943, 120
Trd, 4318378.143, 106
Trd, 4318378.543, 84
Trd, 4318379.593, 88
Trd, 4318379.643, 114
Trd, 4318380.043, 76
Trd, 4318383.543, 110
Trd, 4318384.343, 127
Trd, 4318385.593, 129
Trd, 4318385.743, 127
Trd, 4318385.793, 123
Trd, 4318387.943, 135
Trd, 4318388.093, 134
Trd, 4318389.043, 130
Trd, 4318389.893, 120
Trd, 4318391.543, 135
Trd, 4318392.893, 114
Trd, 4318393.293, 120
Trd, 4318393.643, 113
Trd, 4318396.343, 96
Trd, 4318397.493, 93
Trd, 4318397.643, 88
Trd, 4318397.793, 102
Trd, 4318398.293, 137
Trd, 4318399.643, 126
Trd, 4318400.043, 136
Trd, 4318401.743, 122
Trd, 4318401.943, 120
Trd, 4318402.093, 113
Trd, 4318402.843, 120
Trd, 4318403.293, 118
Trd, 4318404.193, 94
Trd, 4318404.593, 81
Trd, 4318406.643, 85
Trd, 4318406.693, 102
Trd, 4318407.443, 100
Trd, 4318408.743, 134
Trd, 4318410.393, 119
Trd, 4318410.593, 134
Trd, 4318412.493, 73
Trd, 4318412.693, 68
Trd, 4318413.093, 118
Trd, 4318413.293, 60
Trd, 4318414.193, 88
Trd, 4318414.593, 73
Trd, 4318415.043, 120
Trd, 4318416.243, 86
Trd, 4318417.793, 109
Trd, 4318418.093, 82
Trd, 4318418.643, 60
Trd, 4318418.993, 116
Trd, 4318420.293, 76
Trd, 4318422.143, 124
Trd, 4318423.543, 127
Trd, 4318424.543, 110
Trd, 4318424.743, 130
Trd, 4318425.293, 115
Trd, 4318426.643, 129
Trd, 4318427.043, 120
Trd, 4318427.543, 113
Trd, 4318428.243, 135
Trd, 4318429.593, 98
Trd, 4318431.593, 99
Trd, 4318432.693, 110
Trd, 4318433.193, 116
Trd, 4318433.693, 79
Trd, 4318433.893, 95
Trd, 4318435.343, 121
Trd, 4318435.693, 117
Trd, 4318435.843, 139
Trd, 4318438.193, 61
Trd, 4318438.893, 80
Trd, 4318440.043, 76
Trd, 4318440.843, 100
Trd, 4318441.193, 96
Trd, 4318441.993, 119
Trd, 4318442.793, 116
Trd, 4318442.843, 72
Trd, 4318443.193, 134
Trd, 4318443.593, 64
Trd, 4318444.243, 65
Trd, 4318445.143, 70
Trd, 4318446.043, 135
Trd, 4318446.443, 111
Trd, 4318446.893, 105
Trd, 4318446.943, 88
Trd, 4318448.193, 137
Trd, 4318448.543, 133
Trd, 4318449.793, 122
Trd, 4318450.443, 115
Trd, 4318451.293, 82
Trd, 4318451.943, 62
Trd, 4318452.943, 102
Trd, 4318453.043, 122
Trd, 4318454.043, 95
Trd, 4318454.643, 95
Trd, 4318454.843, 109
Trd, 4318455.543, 101
Trd, 4318456.793, 104
Trd, 4318457.193, 119
Trd, 4318458.693, 115
Trd, 4318459.193, 113
Trd, 4318460.793, 137
Trd, 4318460.843, 129
Trd, 4318463.193, 94
Trd, 4318463.843, 98
Trd, 4318463.943, 137
Trd, 4318465.693, 132
Trd, 4318466.593, 139
Trd, 4318468.243, 124
Trd, 4318469.693, 110
Trd, 4318469.793, 98
Trd, 4318471.193, 135
Trd, 4318472.193, 123
Trd, 4318473.243, 112
Trd, 4318473.593, 114
Trd, 4318474.843, 137
Trd, 4318474.893, 118
Trd, 4318475.443, 117
Trd, 4318475.693, 106
Trd, 4318477.543, 91
Trd, 4318478.143, 124
Trd, 4318478.293, 111
Trd, 4318479.193, 132
Trd, 4318480.393, 112
Trd, 4318480.693, 99
Trd, 4318480.793, 110
Trd, 4318483.693, 122
Trd, 4318485.243, 100
Trd, 4318485.643, 98
Trd, 4318486.143, 94
Trd, 4318487.593, 89
Trd, 4318488.443, 86
Trd, 4318488.743, 128
Trd, 4318489.043, 113
Trd, 4318489.893, 115
Trd, 4318492.243, 85
Trd, 4318492.593, 88
Trd, 4318492.743, 82
Trd, 4318493.893, 120
Trd, 4318494.743, 119
Trd, 4318495.243, 130
Trd, 4318495.543, 116
Trd, 4318495.593, 116
Trd, 4318496.943, 71
Trd, 4318497.843, 113
Trd, 4318500.443, 104
Trd, 4318500.493, 101
Trd, 4318501.093, 96
Trd, 4318501.193, 112
Trd, 4318503.193, 128
Trd, 4318503.493, 128
Trd, 4318503.793, 104
Trd, 4318505.493, 108
Trd, 4318506.093, 137
Trd, 4318506.393, 115
Trd, 4318507.043, 124
Trd, 4318508.793, 107
Trd, 4318509.343, 106
Trd, 4318510.793, 110
Trd, 4318511.093, 116
Trd, 4318513.743, 133
Trd, 4318514.043, 107
Trd, 4318514.493, 92
Trd, 4318516.093, 120
Trd, 4318516.743, 116
Trd, 4318517.343, 139
Trd, 4318517.693, 107
Trd, 4318518.093, 104
Trd, 4318518.343, 106
Trd, 4318519.843, 76
Trd, 4318520.393, 90
Trd, 4318521.643, 105
Trd, 4318522.243, 130
Trd, 4318522.993, 130
Trd, 4318524.343, 101
Trd, 4318525.093, 85
Trd, 4318526.793, 81
Trd, 4318527.343, 131
Trd, 4318527.893, 128
Trd, 4318528.193, 123
Trd, 4318528.743, 140
Trd, 4318529.743, 126
Trd, 4318529.793, 115
Trd, 4318530.293, 97
Trd, 4318530.493, 92
Trd, 4318530.993, 95
Trd, 4318532.393, 108
Trd, 4318532.693, 129
Trd, 4318533.143, 121
Trd, 4318535.043, 125
Trd, 4318535.293, 118
Trd, 4318537.393, 125
Trd, 4318537.793, 118
Trd, 4318537.943, 117
Trd, 4318538.793, 113
Trd, 4318539.443, 129
Trd, 4318540.343, 116
Trd, 4318541.643, 115
Trd, 4318544.093, 115
Trd, 4318544.293, 133
Trd, 4318544.943, 131
Trd, 4318545.843, 127
Trd, 4318547.293, 124
Trd, 4318550.893, 120
Trd, 4318552.143, 112
Trd, 4318552.693, 108
Trd, 4318553.943, 131
Trd, 4318554.143, 118
Trd, 4318554.643, 68
Trd, 4318555.693, 119
Trd, 4318556.743, 118
Trd, 4318557.843, 124
Trd, 4318558.493, 114
Trd, 4318559.393, 106
Trd, 4318560.243, 97
Trd, 4318560.743, 109
Trd, 4318561.393, 113
Trd, 4318562.493, 87
Trd, 4318563.193, 133
Trd, 4318563.343, 132
Trd, 4318563.593, 132
Trd, 4318564.493, 93
Trd, 4318564.943, 116
Trd, 4318566.343, 123
Trd, 4318567.893, 121
Trd, 4318567.993, 121
Trd, 4318568.543, 93
Trd, 4318568.843, 140
Trd, 4318569.543, 97
Trd, 4318571.343, 95
Trd, 4318571.393, 96
Trd, 4318574.693, 136
Trd, 4318574.743, 119
Trd, 4318574.943, 128
Trd, 4318575.093, 124
Trd, 4318577.843, 121
Trd, 4318578.743, 136
Trd, 4318580.443, 118
Trd, 4318580.843, 121
Trd, 4318581.243, 131
Trd, 4318581.543, 113
Trd, 4318581.643, 75
Trd, 4318582.393, 126
Trd, 4318583.343, 134
Trd, 4318584.843, 108
Trd, 4318584.943, 108
Trd, 4318586.443, 110
Trd, 4318587.443, 117
Trd, 4318588.243, 118
Trd, 4318588.493, 77
Trd, 4318589.043, 92
Trd, 4318589.743, 135
Trd, 4318589.893, 128
Trd, 4318590.093, 121
Trd, 4318590.593, 120
Trd, 4318594.193, 140
Trd, 4318594.793, 115
Trd, 4318594.943, 134
Trd, 4318596.993, 123
Trd, 4318597.993, 94
Trd, 4318598.393, 87
Trd, 4318601.043, 109
Trd, 4318601.343, 76
Trd, 4318601.943, 102
Trd, 4318602.743, 130
Trd, 4318602.993, 123
Trd, 4318605.943, 118
Trd, 4318607.893, 128
Trd, 4318608.493, 140
Trd, 4318608.893, 126
Trd, 4318609.343, 118
Trd, 4318610.493, 111
Trd, 4318611.093, 87
Trd, 4318611.543, 121
Trd, 4318611.943, 116
Trd, 4318612.393, 122
Trd, 4318612.593, 115
Trd, 4318613.693, 132
Trd, 4318614.843, 137
Trd, 4318615.043, 120
Trd, 4318615.493, 97
Trd, 4318617.493, 112
Trd, 4318618.643, 128
Trd, 4318619.743, 127
Trd, 4318620.143, 126
Trd, 4318621.343, 122
Trd, 4318621.893, 111
Trd, 4318622.293, 86
Trd, 4318623.093, 81
Trd, 4318624.843, 113
Trd, 4318625.843, 113
Trd, 4318625.993, 103
Trd, 4318626.593, 92
Trd, 4318627.193, 137
Trd, 4318629.243, 116
Trd, 4318631.943, 123
Trd, 4318632.093, 117
Trd, 4318633.793, 112
Trd, 4318633.993, 111
Trd, 4318634.743, 77
Trd, 4318635.493, 131
Trd, 4318636.343, 134
Trd, 4318636.443, 127
Trd, 4318639.343, 131
Trd, 4318640.443, 127
Trd, 4318640.493, 116
Trd, 4318642.243, 132
Trd, 4318643.343, 132
Trd, 4318645.193, 114
Trd, 4318646.143, 113
Trd, 4318646.993, 102
Trd, 4318647.543, 110
Trd, 4318647.693, 102
Trd, 4318648.743, 109
Trd, 4318649.543, 129
Trd, 4318650.343, 98
Trd, 4318651.943, 106
Trd, 4318652.093, 87
Trd, 4318652.943, 122
Trd, 4318653.743, 82
Trd, 4318654.243, 137
Trd, 4318655.793, 103
Trd, 4318656.493, 127
Trd, 4318656.793, 111
Trd, 4318657.793, 115
Trd, 4318659.243, 126
Trd, 4318661.043, 85
Trd, 4318661.393, 96
Trd, 4318661.893, 81
Trd, 4318662.143, 138
Trd, 4318663.393, 95
Trd, 4318664.143, 139
Trd, 4318664.993, 129
Trd, 4318666.243, 138
Trd, 4318666.793, 119
Trd, 4318667.243, 121
Trd, 4318668.143, 100
Trd, 4318669.193, 91
Trd, 4318671.893, 140
Trd, 4318672.393, 120
Trd, 4318674.543, 116
Trd, 4318674.693, 109
Trd, 4318674.993, 124
Trd, 4318675.693, 125
Trd, 4318676.193, 106
Trd, 4318676.693, 96
Trd, 4318678.093, 93
Trd, 4318681.443, 112
Trd, 4318681.993, 124
Trd, 4318682.243, 113
Trd, 4318682.643, 113
Trd, 4318683.993, 127
Trd, 4318684.193, 110
Trd, 4318685.393, 90
Trd, 4318686.393, 95
Trd, 4318686.493, 116
Trd, 4318688.193, 131
Trd, 4318688.943, 105
Trd, 4318689.743, 95
Trd, 4318689.793, 114
Trd, 4318690.993, 128
Trd, 4318691.043, 118
Trd, 4318692.593, 139
Trd, 4318693.393, 133
Trd, 4318693.893, 116
Trd, 4318694.193, 104
Trd, 4318695.893, 119
Trd, 4318695.943, 96
Trd, 4318696.743, 125
Trd, 4318698.043, 114
Trd, 4318698.343, 106
Trd, 4318698.693, 73
Trd, 4318699.293, 87
Trd, 4318700.793, 131
Trd, 4318701.043, 108
Trd, 4318702.793, 132
Trd, 4318704.693, 136
Trd, 4318705.043, 127
Trd, 4318705.193, 120
Trd, 4318705.743, 138
Trd, 4318707.443, 115
Trd, 4318707.593, 93
Trd, 4318708.843, 139
Trd, 4318710.443, 101
Trd, 4318710.543, 99
Trd, 4318710.993, 98
Trd, 4318711.493, 103
Trd, 4318712.493, 122
Trd, 4318713.293, 108
Trd, 4318714.043, 123
Trd, 4318714.443, 114
Trd, 4318715.393, 131
Trd, 4318716.193, 120
Trd, 4318716.543, 105
Trd, 4318717.493, 102
Trd, 4318718.043, 96
Trd, 4318719.093, 134
Trd, 4318719.843, 127
Trd, 4318720.993, 107
Trd, 4318722.393, 136
Trd, 4318724.893, 136
Trd, 4318724.993, 129
Trd, 4318726.143, 137
Trd, 4318727.493, 118
Trd, 4318728.393, 126
Trd, 4318728.593, 127
Trd, 4318729.793, 113
Trd, 4318730.543, 111
Trd, 4318730.993, 134
Trd, 4318731.593, 121
Trd, 4318732.993, 120
Trd, 4318733.993, 104
Trd, 4318734.593, 109
Trd, 4318735.843, 133
Trd, 4318736.893, 133
Trd, 4318737.643, 120
Trd, 4318737.693, 114
Trd, 4318738.443, 79
Trd, 4318738.843, 69
Trd, 4318739.443, 135
Trd, 4318739.543, 126
Trd, 4318740.843, 88
Trd, 4318741.093, 98
Trd, 4318743.243, 110
Trd, 4318744.193, 119
Trd, 4318745.593, 140
Trd, 4318746.493, 129
Trd, 4318748.543, 128
Trd, 4318749.793, 126
Trd, 4318750.393, 124
Trd, 4318751.293, 120
Trd, 4318752.693, 114
Trd, 4318753.343, 114
Trd, 4318753.493, 113
Trd, 4318755.393, 117
Trd, 4318755.943, 132
Trd, 4318757.293, 131
Trd, 4318757.443, 83
Trd, 4318759.593, 102
Trd, 4318761.793, 134
Trd, 4318761.943, 127
Trd, 4318764.243, 118
Trd, 4318764.493, 89
Trd, 4318764.943, 125
Trd, 4318765.193, 126
Trd, 4318765.243, 108
Trd, 4318765.493, 114
Trd, 4318766.043, 87
Trd, 4318766.743, 107
Trd, 4318767.543, 125
Trd, 4318769.393, 139
Trd, 4318770.143, 138
Trd, 4318770.793, 108
Trd, 4318771.793, 117
Trd, 4318772.043, 110
Trd, 4318772.343, 128
Trd, 4318773.343, 122
Trd, 4318773.493, 123
Trd, 4318774.393, 105
Trd, 4318774.493, 126
Trd, 4318776.243, 122
Trd, 4318776.343, 115
Trd, 4318776.893, 102
Trd, 4318777.893, 105
Trd, 4318778.993, 105
Trd, 4318780.193, 101
Trd, 4318781.693, 124
Trd, 4318782.293, 112
Trd, 4318782.843, 105
Trd, 4318783.693, 112
Trd, 4318784.193, 127
Trd, 4318786.093, 116
Trd, 4318786.693, 100
Trd, 4318786.793, 110
Trd, 4318787.143, 134
Trd, 4318787.743, 109
Trd, 4318788.093, 114
Trd, 4318788.193, 107
Trd, 4318788.843, 137
Trd, 4318790.843, 86
Trd, 4318790.893, 81
Trd, 4318791.143, 71
Trd, 4318791.393, 100
Trd, 4318793.993, 103
Trd, 4318795.093, 114
Trd, 4318795.393, 98
Trd, 4318795.843, 135
Trd, 4318796.093, 81
Trd, 4318796.293, 125
Trd, 4318797.043, 123
Trd, 4318798.793, 128
Trd, 4318801.243, 111
Trd, 4318803.793, 106
Trd, 4318803.993, 98
Trd, 4318804.093, 71
Trd, 4318804.343, 95
Trd, 4318805.793, 72
Trd, 4318806.043, 96
Trd, 4318807.893, 94
Trd, 4318808.043, 103
Trd, 4318808.393, 125
Trd, 4318810.143, 139
Trd, 4318811.943, 137
Trd, 4318812.243, 116
Trd, 4318812.593, 107
Trd, 4318812.893, 115
Trd, 4318813.093, 117
Trd, 4318814.343, 107
Trd, 4318815.293, 109
Trd, 4318815.393, 123
Trd, 4318816.393, 125
Trd, 4318816.543, 112
Trd, 4318816.843, 106
Trd, 4318817.243, 119
Trd, 4318817.393, 97
Trd, 4318819.293, 115
Trd, 4318821.393, 114
Trd, 4318822.093, 138
Trd, 4318822.143, 111
Trd, 4318822.343, 133
Trd, 4318822.693, 108
Trd, 4318823.893, 70
Trd, 4318824.093, 91
Trd, 4318824.143, 133
Trd, 4318824.343, 63
Trd, 4318825.343, 117
Trd, 4318826.893, 65
Trd, 4318828.193, 131
Trd, 4318829.793, 129
Trd, 4318829.993, 122
Trd, 4318830.893, 72
Trd, 4318832.993, 119
Trd, 4318833.893, 120
Trd, 4318834.343, 99
Trd, 4318834.543, 115
Trd, 4318835.143, 101
Trd, 4318835.743, 117
Trd, 4318835.943, 102
Trd, 4318836.493, 62
Trd, 4318838.893, 93
Trd, 4318841.543, 113
Trd, 4318841.593, 119
Trd, 4318841.693, 99
Trd, 4318842.493, 110
Trd, 4318843.093, 106
Trd, 4318843.743, 93
Trd, 4318844.693, 120
Trd, 4318844.993, 113
Trd, 4318847.193, 107
Trd, 4318847.493, 113
Trd, 4318847.893, 124
Trd, 4318849.243, 126
Trd, 4318849.343, 120
Trd, 4318849.993, 91
Trd, 4318850.843, 119
Trd, 4318851.893, 113
Trd, 4318852.393, 139
Trd, 4318855.443, 137
Trd, 4318856.193, 135
Trd, 4318856.443, 115
Trd, 4318858.243, 106
Trd, 4318858.343, 111
Trd, 4318858.743, 103
Trd, 4318860.293, 120
Trd, 4318860.493, 81
Trd, 4318860.993, 86
Trd, 4318862.093, 123
Trd, 4318862.893, 127
Trd, 4318865.193, 138
Trd, 4318865.893, 128
Trd, 4318866.193, 118
Trd, 4318866.393, 117
Trd, 4318870.043, 107
Trd, 4318871.393, 106
Trd, 4318872.893, 112
Trd, 4318873.043, 103
Trd, 4318874.743, 121
Trd, 4318875.443, 121
Trd, 4318875.643, 132
Trd, 4318875.893, 102
Trd, 4318876.343, 110
Trd, 4318877.543, 87
Trd, 4318877.643, 137
Trd, 4318878.643, 99
Trd, 4318879.393, 78
Trd, 4318881.243, 134
Trd, 4318881.843, 138
Trd, 4318882.343, 112
Trd, 4318883.843, 122
Trd, 4318884.493, 125
Trd, 4318885.343, 130
Trd, 4318886.243, 109
Trd, 4318888.193, 92
Trd, 4318888.293, 93
Trd, 4318890.043, 137
Trd, 4318890.393, 113
Trd, 4318891.093, 105
Trd, 4318891.393, 103
Trd, 4318891.593, 101
Trd, 4318892.143, 104
Trd, 4318892.543, 116
Trd, 4318893.593, 119
Trd, 4318894.643, 117
Trd, 4318895.543, 128
Trd, 4318895.993, 95
Trd, 4318897.643, 125
Trd, 4318898.843, 137
Trd, 4318899.293, 123
Trd, 4318899.693, 92
Trd, 4318899.843, 106
Trd, 4318902.593, 124
Trd, 4318902.693, 117
Trd, 4318902.893, 120
Trd, 4318903.143, 109
Trd, 4318903.743, 133
Trd, 4318903.843, 119
Trd, 4318908.243, 107
Trd, 4318908.693, 119
Trd, 4318908.793, 101
Trd, 4318909.793, 99
Trd, 4318910.793, 111
Trd, 4318911.443, 117
Trd, 4318912.043, 102
Trd, 4318912.243, 118
Trd, 4318912.943, 106
Trd, 4318913.843, 120
Trd, 4318914.443, 136
Trd, 4318915.193, 117
Trd, 4318915.343, 109
Trd, 4318917.193, 133
Trd, 4318918.393, 127
Trd, 4318918.893, 115
Trd, 4318920.393, 125
Trd, 4318920.593, 125
Trd, 4318922.243, 90
Trd, 4318922.293, 98
Trd, 4318923.243, 109
Trd, 4318923.393, 96
Trd, 4318923.743, 76
Trd, 4318925.593, 79
Trd, 4318926.643, 131
Trd, 4318927.693, 100
Trd, 4318929.443, 125
Trd, 4318929.993, 90
Trd, 4318930.993, 78
Trd, 4318932.893, 88
Trd, 4318933.693, 86
Trd, 4318933.843, 91
Trd, 4318934.593, 139
Trd, 4318934.643, 124
Trd, 4318934.843, 121
Trd, 4318935.743, 115
Trd, 4318936.593, 118
Trd, 4318936.943, 104
Trd, 4318937.193, 98
Trd, 4318938.193, 113
Trd, 4318938.443, 105
Trd, 4318940.093, 90
Trd, 4318940.393, 94
Trd, 4318943.243, 138
Trd, 4318944.943, 140
Trd, 4318944.993, 125
Trd, 4318945.693, 110
Trd, 4318946.193, 111
Trd, 4318946.343, 119
Trd, 4318947.643, 108
Trd, 4318948.543, 91
Trd, 4318948.693, 87
Trd, 4318949.643, 118
Trd, 4318950.693, 110
Trd, 4318951.593, 127
Trd, 4318951.793, 100
Trd, 4318951.993, 96
Trd, 4318954.793, 94
Trd, 4318955.443, 84
Trd, 4318957.443, 121
Trd, 4318958.043, 116
Trd, 4318958.393, 125
Trd, 4318958.743, 96
Trd, 4318960.293, 90
Trd, 4318961.743, 138
Trd, 4318962.693, 118
Trd, 4318962.993, 130
Trd, 4318964.143, 119
Trd, 4318964.993, 115
Trd, 4318965.343, 78
Trd, 4318966.393, 121
Trd, 4318967.143, 92
Trd, 4318969.043, 135
Trd, 4318969.393, 100
Trd, 4318969.793, 109
Trd, 4318970.493, 116
Trd, 4318971.793, 99
Trd, 4318971.993, 76
Trd, 4318972.993, 120
Trd, 4318974.643, 127
Trd, 4318975.243, 128
Trd, 4318975.343, 110
Trd, 4318976.543, 114
Trd, 4318976.693, 117
Trd, 4318977.093, 90
Trd, 4318978.443, 139
Trd, 4318979.143, 136
Trd, 4318980.343, 125
Trd, 4318980.893, 120
Trd, 4318981.443, 113
Trd, 4318981.593, 89
Trd, 4318981.643, 72
Trd, 4318982.543, 134
Trd, 4318984.593, 64
Trd, 4318985.943, 128
Trd, 4318985.993, 121
Trd, 4318986.143, 117
Trd, 4318987.343, 115
Trd, 4318988.343, 119
Trd, 4318989.043, 139
Trd, 4318989.193, 130
Trd, 4318989.593, 83
Trd, 4318990.843, 94
Trd, 4318993.593, 137
Trd, 4318994.893, 128
Trd, 4318995.043, 123
Trd, 4318995.743, 111
Trd, 4318995.843, 96
Trd, 4318996.293, 91
Trd, 4318997.543, 122
Trd, 4318997.693, 112
Trd, 4318998.193, 113
Trd, 4318998.893, 113
Trd, 4318999.243, 79
Trd, 4319000.093, 123
Trd, 4319000.543, 127
Trd, 4319002.643, 110
Trd, 4319002.743, 115
Trd, 4319004.093, 105
Trd, 4319005.443, 115
Trd, 4319005.693, 118
Trd, 4319006.043, 125
Trd, 4319006.643, 114
Trd, 4319007.043, 104
Trd, 4319007.843, 120
Trd, 4319007.993, 85
Trd, 4319009.243, 90
Trd, 4319010.143, 122
Trd, 4319011.543, 73
Trd, 4319012.093, 100
Trd, 4319013.193, 132
Trd, 4319014.343, 89
Trd, 4319014.493, 83
Trd, 4319016.343, 118
Trd, 4319016.793, 120
Trd, 4319017.593, 87
Trd, 4319018.743, 112
Trd, 4319019.443, 119
Trd, 4319021.243, 108
Trd, 4319021.443, 89
Trd, 4319022.343, 113
Trd, 4319022.393, 93
Trd, 4319023.193, 113
Trd, 4319023.793, 125
Trd, 4319024.243, 114
Trd, 4319025.643, 107
Trd, 4319026.343, 102
Trd, 4319026.393, 96
Trd, 4319028.043, 107
Trd, 4319028.193, 108
Trd, 4319029.543, 79
Trd, 4319030.543, 96
Trd, 4319031.043, 105
Trd, 4319031.443, 130
Trd, 4319032.443, 109
Trd, 4319032.643, 93
Trd, 4319035.743, 76
Trd, 4319036.093, 74
Trd, 4319037.393, 120
Trd, 4319038.093, 114
Trd, 4319038.793, 108
Trd, 4319039.343, 113
Trd, 4319039.843, 105
Trd, 4319040.393, 94
Trd, 4319041.393, 134
Trd, 4319042.093, 115
Trd, 4319043.943, 134
Trd, 4319044.093, 127
Trd, 4319044.493, 85
Trd, 4319044.993, 118
Trd, 4319045.393, 106
Trd, 4319045.743, 95
Trd, 4319047.293, 101
Trd, 4319047.993, 87
Trd, 4319048.743, 87
Trd, 4319050.743, 114
Trd, 4319051.293, 109
Trd, 4319052.043, 125
Trd, 4319052.943, 116
Trd, 4319053.593, 113
Trd, 4319057.193, 123
Trd, 4319057.943, 125
Trd, 4319058.093, 115
Trd, 4319059.443, 128
Trd, 4319061.343, 125
Trd, 4319061.543, 138
Trd, 4319061.693, 121
Trd, 4319062.843, 118
Trd, 4319062.943, 113
Trd, 4319065.893, 83
Trd, 4319067.493, 100
Trd, 4319067.793, 108
Trd, 4319067.893, 77
Trd, 4319068.543, 82
Trd, 4319069.143, 120
Trd, 4319069.193, 99
Trd, 4319069.793, 133
Trd, 4319070.493, 85
Trd, 4319071.243, 76
Trd, 4319072.193, 97
Trd, 4319072.643, 100
Trd, 4319073.743, 104
Trd, 4319073.993, 96
Trd, 4319074.093, 105
Trd, 4319075.043, 74
Trd, 4319075.943, 70
Trd, 4319076.093, 64
Trd, 4319077.243, 93
Trd, 4319077.793, 133
Trd, 4319077.893, 126
Trd, 4319078.693, 123
Trd, 4319079.043, 117
Trd, 4319079.793, 115
Trd, 4319080.393, 117
Trd, 4319081.343, 87
Trd, 4319081.493, 131
Trd, 4319081.793, 126
Trd, 4319083.093, 132
Trd, 4319083.693, 86
Trd, 4319084.243, 82
Trd, 4319085.893, 125
Trd, 4319085.993, 106
Trd, 4319087.693, 107
Trd, 4319089.343, 135
Trd, 4319090.393, 119
Trd, 4319091.043, 128
Trd, 4319091.693, 115
Trd, 4319092.743, 117
Trd, 4319093.043, 125
Trd, 4319094.093, 118
Trd, 4319094.193, 116
Trd, 4319095.843, 86
Trd, 4319095.893, 76
Trd, 4319097.143, 85
Trd, 4319097.243, 98
Trd, 4319098.043, 98
Trd, 4319098.543, 118
Trd, 4319100.143, 103
Trd, 4319101.143, 105
Trd, 4319101.843, 123
Trd, 4319102.593, 105
Trd, 4319102.893, 119
Trd, 4319103.543, 62
Trd, 4319103.943, 101
Trd, 4319104.093, 139
Trd, 4319106.093, 121
Trd, 4319106.593, 140
Trd, 4319106.743, 115
Trd, 4319108.243, 92
Trd, 4319109.243, 88
Trd, 4319110.043, 81
Trd, 4319110.543, 113
Trd, 4319111.393, 83
Trd, 4319111.543, 80
Trd, 4319112.593, 122
Trd, 4319113.443, 110
Trd, 4319113.643, 94
Trd, 4319113.993, 123
Trd, 4319116.093, 127
Trd, 4319116.243, 117
Trd, 4319116.743, 136
Trd, 4319117.243, 138
Trd, 4319118.093, 111
Trd, 4319119.893, 99
Trd, 4319121.743, 92
Trd, 4319123.393, 108
Trd, 4319123.693, 79
Trd, 4319124.843, 125
Trd, 4319125.293, 120
Trd, 4319125.643, 127
Trd, 4319126.843, 132
Trd, 4319127.343, 113
Trd, 4319127.743, 137
Trd, 4319127.793, 98
Trd, 4319129.093, 117
Trd, 4319129.693, 111
Trd, 4319130.893, 74
Trd, 4319131.843, 91
Trd, 4319133.393, 96
Trd, 4319134.593, 113
Trd, 4319136.743, 119
Trd, 4319137.393, 113
Trd, 4319137.693, 134
Trd, 4319139.243, 93
Trd, 4319139.543, 134
Trd, 4319140.343, 117
Trd, 4319141.443, 136
Trd, 4319142.243, 105
Trd, 4319143.043, 85
Trd, 4319143.693, 94
Trd, 4319145.293, 68
Trd, 4319145.443, 84
Trd, 4319146.043, 125
Trd, 4319146.093, 118
Trd, 4319146.643, 75
Trd, 4319146.893, 75
Trd, 4319150.193, 117
Trd, 4319150.243, 113
Trd, 4319150.793, 134
Trd, 4319151.043, 113
Trd, 4319153.143, 136
Trd, 4319153.843, 130
Trd, 4319155.393, 106
Trd, 4319155.943, 114
Trd, 4319156.293, 105
Trd, 4319156.443, 83
Trd, 4319158.493, 127
Trd, 4319160.193, 116
Trd, 4319160.693, 136
Trd, 4319161.193, 108
Trd, 4319161.943, 129
Trd, 4319163.143, 103
Trd, 4319163.693, 105
Trd, 4319163.993, 99
Trd, 4319164.543, 122
Trd, 4319164.793, 87
Trd, 4319166.343, 117
Trd, 4319168.693, 112
Trd, 4319168.743, 102
Trd, 4319169.793, 116
Trd, 4319169.843, 101
Trd, 4319171.543, 126
Trd, 4319171.743, 109
Trd, 4319173.143, 111
Trd, 4319173.693, 84
Trd, 4319174.043, 85
Trd, 4319175.143, 109
Trd, 4319175.293, 125
Trd, 4319175.343, 95
Trd, 4319175.593, 84
Trd, 4319178.393, 121
Trd, 4319178.543, 111
Trd, 4319179.943, 137
Trd, 4319180.193, 113
Trd, 4319180.243, 109
Trd, 4319181.693, 124
Trd, 4319182.493, 119
Trd, 4319182.843, 105
Trd, 4319183.793, 130
Trd, 4319186.193, 115
Trd, 4319187.243, 98
Trd, 4319187.643, 118
Trd, 4319188.243, 137
Trd, 4319190.543, 125
Trd, 4319191.493, 134
Trd, 4319192.593, 136
Trd, 4319192.893, 129
Trd, 4319194.143, 133
Trd, 4319195.343, 113
Trd, 4319196.543, 103
Trd, 4319197.693, 126
Trd, 4319198.143, 113
Trd, 4319199.843, 92
Trd, 4319200.193, 133
Trd, 4319201.043, 133
Trd, 4319201.443, 86
Trd, 4319202.193, 130
Trd, 4319202.443, 110
Trd, 4319204.543, 138
Trd, 4319205.193, 101
Trd, 4319206.293, 117
Trd, 4319206.493, 124
Trd, 4319207.043, 113
Trd, 4319207.593, 100
Trd, 4319208.643, 125
Trd, 4319209.693, 140
Trd, 4319211.243, 120
Trd, 4319211.293, 120
Trd, 4319211.693, 92
Trd, 4319212.243, 70
Trd, 4319213.443, 60
Trd, 4319214.043, 76
Trd, 4319215.593, 137
Trd, 4319215.893, 134
Trd, 4319216.043, 66
Trd, 4319216.293, 71
Trd, 4319217.743, 137
Trd, 4319218.243, 108
Trd, 4319219.743, 139
Trd, 4319219.993, 122
Trd, 4319220.993, 97
Trd, 4319221.193, 115
Trd, 4319221.643, 95
Trd, 4319222.643, 71
Trd, 4319222.943, 94
Trd, 4319224.493, 96
Trd, 4319224.643, 80
Trd, 4319224.743, 73
Trd, 4319225.893, 120
Trd, 4319226.493, 120
Trd, 4319227.043, 114
Trd, 4319227.143, 95
Trd, 4319227.193, 126
Trd, 4319228.993, 75
Trd, 4319229.943, 133
Trd, 4319232.943, 114
Trd, 4319233.793, 109
Trd, 4319233.993, 112
Trd, 4319234.443, 99
Trd, 4319234.793, 83
Trd, 4319234.993, 80
Trd, 4319236.443, 97
Trd, 4319236.793, 107
Trd, 4319238.993, 123
Trd, 4319239.193, 136
Trd, 4319241.293, 122
Trd, 4319242.193, 133
Trd, 4319242.843, 131
Trd, 4319243.743, 132
Trd, 4319244.093, 123
Trd, 4319244.793, 135
Trd, 4319245.743, 112
Trd, 4319245.893, 106
Trd, 4319246.693, 117
Trd, 4319247.393, 96
Trd, 4319248.393, 86
Trd, 4319249.393, 114
Trd, 4319249.943, 71
Trd, 4319250.593, 114
Trd, 4319252.193, 135
Trd, 4319253.493, 128
Trd, 4319254.143, 121
Trd, 4319254.443, 78
Trd, 4319256.143, 140
Trd, 4319258.343, 139
Trd, 4319258.643, 131
Trd, 4319258.793, 131
Trd, 4319259.143, 98
Trd, 4319259.943, 115
Trd, 4319260.943, 138
Trd, 4319261.793, 134
Trd, 4319261.843, 132
Trd, 4319263.843, 126
Trd, 4319264.343, 85
Trd, 4319264.493, 113
Trd, 4319266.143, 121
Trd, 4319266.843, 132
Trd, 4319267.693, 123
Trd, 4319268.943, 78
Trd, 4319269.343, 75
Trd, 4319271.193, 135
Trd, 4319271.693, 128
Trd, 4319271.743, 123
Trd, 4319272.443, 129
Trd, 4319275.093, 123
Trd, 4319275.343, 111
Trd, 4319275.443, 82
Trd, 4319277.543, 138
Trd, 4319277.943, 130
Trd, 4319278.393, 123
Trd, 4319279.643, 126
Trd, 4319279.943, 112
Trd, 4319279.993, 94
Trd, 4319281.443, 112
Trd, 4319281.893, 102
Trd, 4319282.393, 102
Trd, 4319283.393, 92
Trd, 4319285.993, 129
Trd, 4319287.293, 130
Trd, 4319288.493, 131
Trd, 4319288.593, 115
Trd, 4319288.993, 126
Trd, 4319289.093, 99
Trd, 4319289.343, 93
Trd, 4319289.593, 129
Trd, 4319290.293, 137
Trd, 4319291.293, 112
Trd, 4319291.793, 109
Trd, 4319293.243, 120
Trd, 4319293.793, 99
Trd, 4319294.193, 64
Trd, 4319297.643, 138
Trd, 4319297.693, 130
Trd, 4319298.343, 136
Trd, 4319298.643, 119
Trd, 4319299.343, 112
Trd, 4319301.043, 119
Trd, 4319301.193, 114
Trd, 4319301.393, 112
Trd, 4319303.243, 125
Trd, 4319305.343, 110
Trd, 4319306.143, 101
Trd, 4319307.843, 123
Trd, 4319308.643, 127
Trd, 4319309.693, 99
Trd, 4319309.993, 98
Trd, 4319310.943, 90
Trd, 4319312.043, 104
Trd, 4319312.493, 78
Trd, 4319313.193, 113
Trd, 4319313.593, 123
Trd, 4319313.693, 73
Trd, 4319314.493, 109
Trd, 4319315.293, 110
Trd, 4319316.043, 86
Trd, 4319316.543, 119
Trd, 4319317.443, 128
Trd, 4319318.693, 128
Trd, 4319320.493, 120
Trd, 4319320.693, 115
Trd, 4319321.193, 140
Trd, 4319322.243, 112
Trd, 4319323.543, 126
Trd, 4319325.143, 125
Trd, 4319325.643, 119
Trd, 4319325.793, 113
Trd, 4319325.843, 105
Trd, 4319326.443, 77
Trd, 4319327.393, 123
Trd, 4319327.643, 96
Trd, 4319327.793, 90
Trd, 4319328.243, 73
Trd, 4319329.993, 71
Trd, 4319330.343, 95
Trd, 4319331.343, 138
Trd, 4319332.343, 106
Trd, 4319334.043, 133
Trd, 4319334.993, 99
Trd, 4319335.193, 107
Trd, 4319335.343, 119
Trd, 4319335.893, 83
Trd, 4319336.793, 78
Trd, 4319337.193, 76
Trd, 4319337.393, 98
Trd, 4319337.543, 106
Trd, 4319338.493, 128
Trd, 4319339.493, 115
Trd, 4319339.593, 100
Trd, 4319340.243, 101
Trd, 4319342.143, 119
Trd, 4319343.343, 92
Trd, 4319343.743, 105
Trd, 4319344.493, 95
Trd, 4319345.793, 117
Trd, 4319346.393, 122
Trd, 4319347.693, 98
Trd, 4319348.193, 109
Trd, 4319348.393, 104
Trd, 4319348.443, 91
Trd, 4319348.793, 124
Trd, 4319349.843, 76
Trd, 4319350.593, 71
Trd, 4319350.993, 104
Trd, 4319352.293, 94
Trd, 4319353.343, 72
Trd, 4319355.343, 133
Trd, 4319355.693, 120
Trd, 4319355.793, 114
Trd, 4319357.593, 108
Trd, 4319357.843, 99
Trd, 4319359.743, 90
Trd, 4319359.943, 96
Trd, 4319361.243, 133
Trd, 4319361.693, 138
Trd, 4319361.843, 126
Trd, 4319362.293, 116
Trd, 4319362.393, 108
Trd, 4319364.393, 113
Trd, 4319364.543, 108
Trd, 4319366.943, 114
Trd, 4319369.593, 116
Trd, 4319369.643, 109
Trd, 4319371.793, 88
Trd, 4319372.093, 97
Trd, 4319372.293, 72
Trd, 4319374.743, 120
Trd, 4319375.243, 106
Trd, 4319375.743, 103
Trd, 4319375.893, 72
Trd, 4319375.993, 138
Trd, 4319377.193, 130
Trd, 4319379.493, 107
Trd, 4319380.043, 105
Trd, 4319380.393, 120
Trd, 4319381.193, 100
Trd, 4319381.393, 125
Trd, 4319382.543, 131
Trd, 4319383.243, 89
Trd, 4319383.643, 121
Trd, 4319384.293, 86
Trd, 4319384.743, 88
Trd, 4319385.793, 81
Trd, 4319387.443, 117
Trd, 4319387.843, 102
Trd, 4319388.293, 84
Trd, 4319389.343, 115
Trd, 4319389.993, 130
Trd, 4319390.043, 108
Trd, 4319390.743, 88
Trd, 4319391.743, 111
Trd, 4319391.993, 129
Trd, 4319394.093, 135
Trd, 4319395.293, 129
Trd, 4319395.443, 126
Trd, 4319396.193, 130
Trd, 4319396.493, 120
Trd, 4319398.293, 105
Trd, 4319398.643, 109
Trd, 4319398.843, 124
Trd, 4319399.643, 123
Trd, 4319399.893, 134
Trd, 4319403.543, 128
Trd, 4319403.743, 122
Trd, 4319403.993, 120
Trd, 4319405.593, 117
Trd, 4319406.443, 128
Trd, 4319407.043, 134
Trd, 4319408.843, 82
Trd, 4319408.993, 75
Trd, 4319409.793, 92
Trd, 4319411.043, 124
Trd, 4319411.243, 115
Trd, 4319412.443, 122
Trd, 4319413.493, 112
Trd, 4319413.743, 114
Trd, 4319414.543, 76
Trd, 4319415.343, 85
Trd, 4319415.393, 67
Trd, 4319416.143, 130
Trd, 4319417.593, 125
Trd, 4319418.293, 91
Trd, 4319419.643, 76
Trd, 4319420.193, 122
Trd, 4319420.393, 115
Trd, 4319421.143, 134
Trd, 4319422.993, 138
Trd, 4319424.093, 134
Trd, 4319424.643, 111
Trd, 4319424.993, 69
Trd, 4319425.243, 80
Trd, 4319425.593, 130
Trd, 4319427.143, 136
Trd, 4319427.193, 128
Trd, 4319428.093, 136
Trd, 4319428.643, 118
Trd, 4319428.843, 123
Trd, 4319430.493, 83
Trd, 4319431.093, 120
Trd, 4319431.243, 100
Trd, 4319432.293, 88
Trd, 4319432.893, 132
Trd, 4319433.043, 129
Trd, 4319435.843, 126
Trd, 4319436.343, 95
Trd, 4319436.543, 117
Trd, 4319436.993, 93
Trd, 4319437.893, 84
Trd, 4319438.143, 129
Trd, 4319441.493, 127
Trd, 4319442.593, 127
Trd, 4319444.293, 124
Trd, 4319444.493, 122
Trd, 4319446.193, 100
Trd, 4319446.843, 112
Trd, 4319448.143, 133
Trd, 4319448.943, 137
Trd, 4319448.993, 108
Trd, 4319450.293, 117
Trd, 4319451.443, 136
Trd, 4319452.293, 129
Trd, 4319453.443, 109
Trd, 4319454.893, 123
Trd, 4319455.893, 115
Trd, 4319457.543, 101
Trd, 4319457.843, 129
Trd, 4319458.043, 110
Trd, 4319459.143, 94
Trd, 4319460.093, 129
Trd, 4319460.543, 125
Trd, 4319462.243, 137
Trd, 4319462.893, 109
Trd, 4319463.093, 121
Trd, 4319463.443, 103
Trd, 4319465.843, 132
Trd, 4319466.343, 111
Trd, 4319468.543, 136
Trd, 4319469.343, 124
Trd, 4319470.043, 134
Trd, 4319470.443, 102
Trd, 4319471.993, 117
Trd, 4319472.193, 139
Trd, 4319472.693, 115
Trd, 4319473.193, 96
Trd, 4319473.343, 90
Trd, 4319473.743, 115
Trd, 4319477.443, 127
Trd, 4319478.643, 134
Trd, 4319478.893, 122
Trd, 4319479.893, 134
Trd, 4319480.243, 132
Trd, 4319481.243, 134
Trd, 4319481.493, 110
Trd, 4319482.793, 126
Trd, 4319483.943, 115
Trd, 4319484.943, 114
Trd, 4319485.393, 106
Trd, 4319485.793, 102
Trd, 4319485.943, 127
Trd, 4319486.543, 114
Trd, 4319489.393, 132
Trd, 4319489.543, 125
Trd, 4319490.293, 123
Trd, 4319491.143, 115
Trd, 4319491.893, 83
Trd, 4319492.293, 90
Trd, 4319492.743, 90
Trd, 4319493.543, 112
Trd, 4319494.093, 102
Trd, 4319494.443, 74
Trd, 4319495.243, 88
Trd, 4319495.893, 116
Trd, 4319496.243, 117
Trd, 4319497.793, 103
Trd, 4319498.043, 73
Trd, 4319498.743, 124
Trd, 4319500.193, 124
Trd, 4319500.743, 107
Trd, 4319501.893, 132
Trd, 4319503.243, 126
Trd, 4319504.743, 124
Trd, 4319504.993, 120
Trd, 4319505.843, 129
Trd, 4319506.743, 133
Trd, 4319508.443, 115
Trd, 4319508.593, 99
Trd, 4319509.493, 87
Trd, 4319509.793, 73
Trd, 4319510.343, 118
Trd, 4319511.143, 133
Trd, 4319512.143, 78
Trd, 4319514.843, 137
Trd, 4319514.993, 125
Trd, 4319515.343, 127
Trd, 4319517.393, 127
Trd, 4319517.543, 115
Trd, 4319517.693, 89
Trd, 4319518.443, 107
Trd, 4319518.793, 136
Trd, 4319519.193, 97
Trd, 4319519.293, 88
Trd, 4319520.643, 114
Trd, 4319521.543, 93
Trd, 4319524.093, 134
Trd, 4319524.493, 134
Trd, 4319524.543, 128
Trd, 4319526.193, 114
Trd, 4319528.543, 122
Trd, 4319528.643, 83
Trd, 4319529.043, 86
Trd, 4319529.943, 137
Trd, 4319530.543, 90
Trd, 4319531.293, 79
Trd, 4319532.143, 96
Trd, 4319532.393, 112
Trd, 4319532.843, 100
Trd, 4319533.993, 107
Trd, 4319534.293, 93
Trd, 4319534.893, 108
Trd, 4319536.093, 82
Trd, 4319536.993, 84
Trd, 4319538.643, 123
Trd, 4319538.743, 83
Trd, 4319540.143, 86
Trd, 4319540.543, 103
Trd, 4319541.043, 95
Trd, 4319542.343, 130
Trd, 4319542.543, 89
Trd, 4319543.643, 101
Trd, 4319543.743, 115
Trd, 4319543.843, 98
Trd, 4319544.743, 91
Trd, 4319545.343, 90
Trd, 4319545.993, 133
Trd, 4319546.243, 139
Trd, 4319547.443, 83
Trd, 4319548.043, 89
Trd, 4319549.543, 88
Trd, 4319549.893, 78
Trd, 4319550.343, 129
Trd, 4319551.843, 113
Trd, 4319552.343, 116
Trd, 4319553.143, 139
Trd, 4319553.393, 105
Trd, 4319554.193, 94
Trd, 4319554.543, 116
Trd, 4319556.343, 138
Trd, 4319556.393, 112
Trd, 4319557.193, 92
Trd, 4319557.443, 91
Trd, 4319558.093, 122
Trd, 4319559.093, 91
Trd, 4319559.693, 90
Trd, 4319559.993, 91
Trd, 4319560.143, 78
Trd, 4319561.093, 118
Trd, 4319561.943, 108
Trd, 4319562.993, 102
Trd, 4319563.393, 119
Trd, 4319565.393, 119
Trd, 4319566.293, 126
Trd, 4319566.393, 127
Trd, 4319566.743, 113
Trd, 4319569.743, 121
Trd, 4319570.543, 136
Trd, 4319571.143, 137
Trd, 4319571.793, 140
Trd, 4319572.193, 125
Trd, 4319573.343, 125
Trd, 4319573.743, 130
Trd, 4319574.493, 140
Trd, 4319574.593, 91
Trd, 4319575.593, 64
Trd, 4319576.293, 119
Trd, 4319577.693, 108
Trd, 4319577.993, 97
Trd, 4319578.243, 133
Trd, 4319578.593, 115
Trd, 4319579.193, 88
Trd, 4319579.843, 93
Trd, 4319580.243, 109
Trd, 4319581.943, 134
Trd, 4319582.993, 97
Trd, 4319583.493, 117
Trd, 4319583.843, 83
Trd, 4319584.243, 67
Trd, 4319585.843, 69
Trd, 4319586.243, 68
Trd, 4319586.893, 114
Trd, 4319587.393, 109
Trd, 4319588.143, 78
Trd, 4319589.343, 64
Trd, 4319589.393, 101
Trd, 4319590.343, 112
Trd, 4319592.243, 116
Trd, 4319592.493, 133
Trd, 4319592.643, 116
Trd, 4319593.143, 106
Trd, 4319593.243, 90
Trd, 4319593.793, 77
Trd, 4319594.493, 90
Trd, 4319594.793, 73
Trd, 4319595.843, 82
Trd, 4319596.293, 98
Trd, 4319598.293, 113
Trd, 4319599.193, 113
Trd, 4319599.743, 112
Trd, 4319599.793, 107
Trd, 4319600.443, 118
Trd, 4319601.693, 117
Trd, 4319602.243, 105
Trd, 4319603.343, 131
Trd, 4319605.493, 136
Trd, 4319605.643, 117
Trd, 4319607.293, 131
Trd, 4319609.093, 130
Trd, 4319609.593, 135
Trd, 4319609.693, 125
Trd, 4319610.393, 118
Trd, 4319611.043, 132
Trd, 4319611.643, 128
Trd, 4319612.893, 134
Trd, 4319613.943, 120
Trd, 4319615.593, 116
Trd, 4319615.943, 126
Trd, 4319617.143, 138
Trd, 4319618.293, 131
Trd, 4319618.993, 124
Trd, 4319619.043, 130
Trd, 4319620.043, 136
Trd, 4319621.543, 110
Trd, 4319622.443, 106
Trd, 4319623.093, 133
Trd, 4319624.943, 122
Trd, 4319625.543, 121
Trd, 4319626.293, 128
Trd, 4319628.643, 120
Trd, 4319628.943, 117
Trd, 4319630.443, 139
Trd, 4319631.143, 119
Trd, 4319631.493, 139
Trd, 4319632.543, 124
Trd, 4319633.943, 127
Trd, 4319634.243, 123
Trd, 4319634.543, 110
Trd, 4319635.143, 136
Trd, 4319635.943, 120
Trd, 4319637.393, 127
Trd, 4319637.893, 104
Trd, 4319638.143, 96
Trd, 4319639.493, 135
Trd, 4319639.693, 122
Trd, 4319639.843, 97
Trd, 4319641.143, 122
Trd, 4319642.193, 121
Trd, 4319642.493, 125
Trd, 4319643.493, 127
Trd, 4319643.793, 120
Trd, 4319644.243, 107
Trd, 4319644.393, 122
Trd, 4319646.343, 109
Trd, 4319646.493, 107
Trd, 4319646.943, 120
Trd, 4319648.343, 120
Trd, 4319649.293, 116
Trd, 4319650.993, 127
Trd, 4319651.043, 114
Trd, 4319651.093, 101
Trd, 4319651.343, 97
Trd, 4319653.843, 121
Trd, 4319654.243, 130
Trd, 4319654.843, 120
Trd, 4319656.593, 100
Trd, 4319657.343, 110
Trd, 4319657.643, 81
Trd, 4319658.343, 80
Trd, 4319658.593, 105
Trd, 4319659.993, 97
Trd, 4319660.643, 100
Trd, 4319661.293, 80
Trd, 4319661.793, 89
Trd, 4319662.143, 115
Trd, 4319662.493, 84
Trd, 4319664.343, 65
Trd, 4319664.593, 95
Trd, 4319664.843, 87
Trd, 4319666.643, 79
Trd, 4319667.093, 73
Trd, 4319669.143, 121
Trd, 4319670.143, 86
Trd, 4319670.593, 119
Trd, 4319671.543, 107
Trd, 4319671.793, 138
Trd, 4319672.943, 124
Trd, 4319674.343, 126
Trd, 4319675.093, 126
Trd, 4319675.643, 114
Trd, 4319677.043, 63
Trd, 4319677.543, 99
Trd, 4319678.593, 103
Trd, 4319678.693, 101
Trd, 4319680.243, 138
Trd, 4319681.493, 128
Trd, 4319683.693, 121
Trd, 4319685.993, 125
Trd, 4319686.543, 104
Trd, 4319686.993, 128
Trd, 4319688.343, 109
Trd, 4319688.493, 105
Trd, 4319688.943, 92
Trd, 4319689.743, 125
Trd, 4319689.993, 120
Trd, 4319690.943, 67
Trd, 4319692.343, 70
Trd, 4319692.993, 105
Trd, 4319695.593, 137
Trd, 4319697.093, 124
Trd, 4319697.593, 98
Trd, 4319697.943, 99
Trd, 4319698.293, 106
Trd, 4319699.993, 131
Trd, 4319700.593, 86
Trd, 4319700.993, 101
Trd, 4319701.293, 90
Trd, 4319704.343, 70
Trd, 4319705.343, 123
Trd, 4319707.043, 136
Trd, 4319707.643, 112
Trd, 4319708.093, 97
Trd, 4319708.493, 124
Trd, 4319708.793, 116
Trd, 4319709.593, 119
Trd, 4319710.143, 115
Trd, 4319711.243, 136
Trd, 4319711.693, 124
Trd, 4319711.993, 114
Trd, 4319712.493, 113
Trd, 4319713.893, 122
Trd, 4319715.143, 88
Trd, 4319716.093, 124
Trd, 4319717.393, 135
Trd, 4319719.493, 117
Trd, 4319719.543, 101
Trd, 4319719.593, 133
Trd, 4319720.293, 106
Trd, 4319721.443, 87
Trd, 4319722.593, 121
Trd, 4319723.493, 109
Trd, 4319723.543, 92
Trd, 4319723.593, 84
Trd, 4319723.743, 74
Trd, 4319725.393, 140
Trd, 4319727.143, 113
Trd, 4319727.443, 123
Trd, 4319728.593, 140
Trd, 4319729.443, 140
Trd, 4319730.443, 134
Trd, 4319730.893, 125
Trd, 4319730.943, 124
Trd, 4319732.393, 122
Trd, 4319732.543, 121
Trd, 4319733.743, 136
Trd, 4319733.893, 129
Trd, 4319734.793, 103
Trd, 4319735.343, 89
Trd, 4319736.343, 133
Trd, 4319736.693, 93
Trd, 4319737.243, 106
Trd, 4319737.793, 85
Trd, 4319738.193, 88
Trd, 4319738.893, 79
Trd, 4319739.343, 127
Trd, 4319740.043, 109
Trd, 4319740.343, 113
Trd, 4319740.543, 101
Trd, 4319741.043, 132
Trd, 4319741.793, 88
Trd, 4319742.393, 66
Trd, 4319743.343, 136
Trd, 4319744.243, 98
Trd, 4319745.593, 140
Trd, 4319746.943, 110
Trd, 4319747.393, 102
Trd, 4319747.493, 130
Trd, 4319747.693, 97
Trd, 4319748.093, 104
Trd, 4319750.493, 139
Trd, 4319751.293, 137
Trd, 4319752.093, 116
Trd, 4319752.443, 114
Trd, 4319752.693, 133
Trd, 4319753.743, 102
Trd, 4319755.493, 88
Trd, 4319756.043, 82
Trd, 4319756.393, 91
Trd, 4319756.693, 106
Trd, 4319757.443, 73
Trd, 4319757.943, 85
Trd, 4319758.393, 86
Trd, 4319759.393, 122
Trd, 4319759.593, 87
Trd, 4319760.493, 109
Trd, 4319761.493, 88
Trd, 4319762.243, 136
Trd, 4319762.293, 129
Trd, 4319763.993, 126
Trd, 4319764.493, 107
Trd, 4319765.543, 138
Trd, 4319766.793, 112
Trd, 4319768.593, 118
Trd, 4319769.593, 97
Trd, 4319770.193, 102
Trd, 4319770.543, 84
Trd, 4319771.893, 97
Trd, 4319774.043, 130
Trd, 4319774.643, 138
Trd, 4319775.543, 118
Trd, 4319776.143, 113
Trd, 4319776.243, 113
Trd, 4319776.393, 88
Trd, 4319776.443, 88
Trd, 4319776.593, 70
Trd, 4319777.393, 101
Trd, 4319777.543, 105
Trd, 4319780.243, 92
Trd, 4319782.193, 103
Trd, 4319782.293, 113
Trd, 4319783.893, 115
Trd, 4319783.993, 99
Trd, 4319784.843, 110
Trd, 4319786.693, 97
Trd, 4319786.793, 93
Trd, 4319786.893, 121
Trd, 4319788.343, 119
Trd, 4319790.443, 117
Trd, 4319790.893, 131
Trd, 4319792.143, 105
Trd, 4319792.193, 82
Trd, 4319793.243, 95
Trd, 4319793.593, 76
Trd, 4319793.843, 85
Trd, 4319794.543, 101
Trd, 4319794.743, 96
Trd, 4319795.593, 86
Trd, 4319795.893, 99
Trd, 4319796.843, 98
Trd, 4319796.993, 122
Trd, 4319798.293, 129
Trd, 4319799.143, 75
Trd, 4319801.643, 128
Trd, 4319801.693, 126
Trd, 4319802.793, 118
Trd, 4319803.393, 108
Trd, 4319804.143, 130
Trd, 4319805.593, 123
Trd, 4319806.243, 120
Trd, 4319807.243, 125
Trd, 4319808.393, 118
Trd, 4319808.993, 113
Trd, 4319811.293, 126
Trd, 4319811.393, 114
Trd, 4319811.543, 106
Trd, 4319811.943, 114
Trd, 4319812.543, 99
Trd, 4319813.143, 103
Trd, 4319814.043, 128
Trd, 4319814.393, 118
Trd, 4319816.643, 115
Trd, 4319816.893, 106
Trd, 4319816.993, 93
Trd, 4319817.143, 85
Trd, 4319819.143, 113
Trd, 4319819.743, 114
Trd, 4319822.143, 113
Trd, 4319822.393, 104
Trd, 4319823.293, 119
Trd, 4319823.443, 111
Trd, 4319824.293, 131
Trd, 4319824.343, 131
Trd, 4319825.193, 131
Trd, 4319825.343, 115
Trd, 4319825.643, 126
Trd, 4319826.993, 113
Trd, 4319827.643, 131
Trd, 4319828.343, 115
Trd, 4319831.343, 131
Trd, 4319831.843, 125
Trd, 4319832.543, 116
Trd, 4319834.193, 115
Trd, 4319834.543, 135
Trd, 4319835.193, 125
Trd, 4319835.793, 111
Trd, 4319836.143, 110
Trd, 4319837.843, 107
Trd, 4319837.893, 102
Trd, 4319839.443, 102
Trd, 4319840.343, 123
Trd, 4319840.443, 113
Trd, 4319841.643, 90
Trd, 4319841.793, 92
Trd, 4319842.393, 128
Trd, 4319843.743, 115
Trd, 4319846.443, 120
Trd, 4319847.143, 135
Trd, 4319847.243, 128
Trd, 4319849.593, 105
Trd, 4319852.343, 113
Trd, 4319852.843, 117
Trd, 4319852.993, 111
Trd, 4319853.243, 102
Trd, 4319853.593, 97
Trd, 4319854.243, 111
Trd, 4319854.693, 132
Trd, 4319854.743, 93
Trd, 4319855.293, 65
Trd, 4319855.843, 91
Trd, 4319857.993, 131
Trd, 4319858.543, 76
Trd, 4319858.643, 117
Trd, 4319858.943, 136
Trd, 4319859.793, 129
Trd, 4319859.843, 91
Trd, 4319860.193, 68
Trd, 4319861.043, 98
Trd, 4319861.593, 119
Trd, 4319862.793, 100
Trd, 4319864.193, 128
Trd, 4319865.793, 106
Trd, 4319866.193, 101
Trd, 4319866.443, 86
Trd, 4319868.393, 127
Trd, 4319869.593, 140
Trd, 4319869.693, 110
Trd, 4319871.593, 78
Trd, 4319871.693, 87
Trd, 4319871.943, 70
Trd, 4319872.393, 133
Trd, 4319872.493, 126
Trd, 4319873.493, 73
Trd, 4319874.543, 93
Trd, 4319874.893, 133
Trd, 4319875.143, 106
Trd, 4319875.443, 85
Trd, 4319876.843, 79
Trd, 4319877.793, 88
Trd, 4319877.893, 114
Trd, 4319880.093, 131
Trd, 4319880.543, 95
Trd, 4319880.943, 91
Trd, 4319882.093, 130
Trd, 4319882.393, 122
Trd, 4319882.893, 97
Trd, 4319882.943, 96
Trd, 4319884.343, 102
Trd, 4319884.943, 131
Trd, 4319885.093, 103
Trd, 4319886.893, 118
Trd, 4319887.443, 94
Trd, 4319887.643, 97
Trd, 4319887.743, 93
Trd, 4319888.993, 114
Trd, 4319889.793, 115
Trd, 4319890.793, 91
Trd, 4319891.993, 93
Trd, 4319892.393, 89
Trd, 4319893.943, 113
Trd, 4319895.193, 107
Trd, 4319896.393, 100
Trd, 4319896.943, 98
Trd, 4319897.193, 110
Trd, 4319898.193, 130
Trd, 4319898.593, 109
Trd, 4319898.693, 112
Trd, 4319899.893, 126
Trd, 4319902.293, 127
Trd, 4319902.943, 119
Trd, 4319903.943, 132
Trd, 4319904.393, 68
Trd, 4319905.793, 123
Trd, 4319906.893, 133
Trd, 4319907.943, 128
Trd, 4319908.393, 133
Trd, 4319908.743, 119
Trd, 4319908.943, 118
Trd, 4319909.893, 122
Trd, 4319910.193, 112
Trd, 4319912.093, 119
Trd, 4319912.393, 95
Trd, 4319912.943, 84
Trd, 4319915.593, 136
Trd, 4319916.143, 130
Trd, 4319916.193, 106
Trd, 4319917.193, 88
Trd, 4319917.243, 107
Trd, 4319919.543, 103
Trd, 4319919.893, 113
Trd, 4319921.643, 90
Trd, 4319922.293, 93
Trd, 4319923.543, 104
Trd, 4319923.693, 101
Trd, 4319925.843, 128
Trd, 4319927.543, 133
Trd, 4319927.893, 112
Trd, 4319928.443, 128
Trd, 4319929.343, 116
Trd, 4319929.893, 120
Trd, 4319930.243, 100
Trd, 4319932.593, 109
Trd, 4319933.243, 98
Trd, 4319934.043, 134
Trd, 4319935.493, 135
Trd, 4319936.193, 129
Trd, 4319936.293, 123
Trd, 4319937.793, 123
Trd, 4319938.343, 126
Trd, 4319939.893, 131
Trd, 4319942.743, 122
Trd, 4319943.543, 127
Trd, 4319943.693, 127
Trd, 4319943.843, 115
Trd, 4319944.143, 103
Trd, 4319944.843, 128
Trd, 4319946.343, 117
Trd, 4319947.143, 130
Trd, 4319948.793, 131
Trd, 4319949.243, 113
Trd, 4319949.293, 99
Trd, 4319950.943, 119
Trd, 4319951.943, 117
Trd, 4319952.393, 112
Trd, 4319954.193, 102
Trd, 4319954.543, 119
Trd, 4319954.893, 118
Trd, 4319955.343, 116
Trd, 4319956.093, 116
Trd, 4319956.843, 73
Trd, 4319958.043, 111
Trd, 4319958.193, 110
Trd, 4319958.893, 122
Trd, 4319958.993, 128
Trd, 4319959.693, 126
Trd, 4319960.093, 97
Trd, 4319960.643, 122
Trd, 4319962.293, 100
Trd, 4319963.143, 139
Trd, 4319963.693, 110
Trd, 4319964.293, 105
Trd, 4319964.993, 132
Trd, 4319966.243, 135
Trd, 4319968.243, 87
Trd, 4319968.893, 66
Trd, 4319969.193, 126
Trd, 4319969.693, 104
Trd, 4319969.793, 116
Trd, 4319970.943, 109
Trd, 4319971.893, 96
Trd, 4319972.443, 82
Trd, 4319973.193, 125
Trd, 4319973.543, 73
Trd, 4319974.093, 137
Trd, 4319974.393, 137
Trd, 4319975.243, 91
Trd, 4319976.943, 95
Trd, 4319978.243, 98
Trd, 4319978.643, 109
Trd, 4319980.843, 117
Trd, 4319981.243, 112
Trd, 4319981.693, 116
Trd, 4319981.893, 93
Trd, 4319982.043, 118
Trd, 4319984.843, 125
Trd, 4319985.043, 74
Trd, 4319985.343, 129
Trd, 4319985.443, 124
Trd, 4319986.693, 123
Trd, 4319986.943, 99
Trd, 4319987.743, 110
Trd, 4319988.743, 124
Trd, 4319989.043, 121
Trd, 4319990.593, 95
Trd, 4319991.193, 108
Trd, 4319993.093, 104
Trd, 4319993.643, 102
Trd, 4319994.143, 132
Trd, 4319994.293, 125
Trd, 4319994.493, 79
Trd, 4319995.643, 106
Trd, 4319996.143, 109
Trd, 4319996.693, 109
