Trd, 4318147.743, 61
Trd, 4318148.043, 64
Trd, 4318148.193, 62
Trd, 4318148.493, 65
Trd, 4318148.843, 65
Trd, 4318149.093, 76
Trd, 4318149.943, 76
Trd, 4318150.143, 66
Trd, 4318151.243, 140
Trd, 4318151.793, 140
Trd, 4318152.293, 108
Trd, 4318152.643, 137
Trd, 4318152.743, 64
Trd, 4318153.493, 63
Trd, 4318154.993, 67
Trd, 4318155.243, 64
Trd, 4318157.893, 140
Trd, 4318157.993, 140
Trd, 4318158.793, 140
Trd, 4318159.243, 140
Trd, 4318159.293, 139
Trd, 4318159.493, 139
Trd, 4318159.593, 138
Trd, 4318159.793, 93
Trd, 4318161.393, 60
Trd, 4318161.743, 62
Trd, 4318162.543, 139
Trd, 4318163.143, 139
Trd, 4318163.393, 139
Trd, 4318166.693, 140
Trd, 4318166.843, 139
Trd, 4318167.543, 139
Trd, 4318167.693, 139
Trd, 4318167.743, 138
Trd, 4318168.143, 129
Trd, 4318168.693, 128
Trd, 4318169.843, 123
Trd, 4318170.343, 139
Trd, 4318171.743, 140
Trd, 4318172.143, 140
Trd, 4318172.643, 140
Trd, 4318173.793, 103
Trd, 4318174.293, 128
Trd, 4318174.393, 103
Trd, 4318174.643, 140
Trd, 4318175.393, 61
Trd, 4318175.543, 65
Trd, 4318176.143, 140
Trd, 4318177.593, 140
Trd, 4318177.993, 93
Trd, 4318178.143, 109
Trd, 4318179.693, 108
Trd, 4318180.043, 140
Trd, 4318180.293, 108
Trd, 4318180.493, 88
Trd, 4318181.693, 84
Trd, 4318181.843, 83
Trd, 4318183.393, 140
Trd, 4318183.493, 140
Trd, 4318183.893, 123
Trd, 4318184.043, 98
Trd, 4318185.293, 140
Trd, 4318186.093, 140
Trd, 4318186.443, 140
Trd, 4318187.143, 140
Trd, 4318187.243, 140
Trd, 4318188.443, 140
Trd, 4318188.793, 115
Trd, 4318191.243, 61
Trd, 4318193.293, 60
Trd, 4318193.393, 60
Trd, 4318193.793, 61
Trd, 4318193.943, 60
Trd, 4318194.443, 62
Trd, 4318194.643, 67
Trd, 4318194.893, 67
Trd, 4318195.443, 109
Trd, 4318196.643, 131
Trd, 4318197.443, 140
Trd, 4318197.493, 138
Trd, 4318197.793, 71
Trd, 4318198.893, 139
Trd, 4318199.293, 121
Trd, 4318199.343, 98
Trd, 4318200.893, 99
Trd, 4318201.293, 140
Trd, 4318201.593, 139
Trd, 4318202.693, 108
Trd, 4318203.593, 140
Trd, 4318203.693, 140
Trd, 4318204.943, 105
Trd, 4318205.243, 105
Trd, 4318205.893, 138
Trd, 4318206.143, 87
Trd, 4318207.543, 93
Trd, 4318208.443, 119
Trd, 4318208.693, 117
Trd, 4318209.243, 139
Trd, 4318210.943, 140
Trd, 4318211.043, 139
Trd, 4318211.393, 138
Trd, 4318212.443, 93
Trd, 4318213.043, 92
Trd, 4318213.543, 140
Trd, 4318213.893, 140
Trd, 4318213.993, 140
Trd, 4318214.293, 139
Trd, 4318214.593, 138
Trd, 4318215.343, 140
Trd, 4318216.243, 107
Trd, 4318217.343, 112
Trd, 4318218.093, 60
Trd, 4318218.793, 65
Trd, 4318219.793, 70
Trd, 4318220.643, 140
Trd, 4318220.943, 102
Trd, 4318221.993, 70
Trd, 4318222.543, 66
Trd, 4318223.643, 140
Trd, 4318223.893, 127
Trd, 4318224.693, 140
Trd, 4318225.893, 110
Trd, 4318226.243, 120
Trd, 4318226.343, 109
Trd, 4318228.743, 60
Trd, 4318229.243, 60
Trd, 4318229.943, 61
Trd, 4318230.693, 60
Trd, 4318230.793, 62
Trd, 4318231.143, 62
Trd, 4318232.243, 65
Trd, 4318235.193, 60
Trd, 4318235.643, 64
Trd, 4318235.893, 61
Trd, 4318236.393, 66
Trd, 4318236.793, 60
Trd, 4318236.893, 75
Trd, 4318237.443, 62
Trd, 4318238.693, 61
Trd, 4318239.293, 71
Trd, 4318239.543, 60
Trd, 4318240.093, 63
Trd, 4318241.243, 73
Trd, 4318242.093, 140
Trd, 4318242.393, 140
Trd, 4318243.693, 140
Trd, 4318244.893, 140
Trd, 4318245.593, 140
Trd, 4318246.043, 140
Trd, 4318246.143, 140
Trd, 4318246.693, 108
Trd, 4318247.393, 90
Trd, 4318247.693, 60
Trd, 4318248.093, 66
Trd, 4318249.643, 140
Trd, 4318249.943, 139
Trd, 4318250.493, 137
Trd, 4318251.143, 121
Trd, 4318251.493, 120
Trd, 4318253.243, 90
Trd, 4318253.293, 87
Trd, 4318253.393, 85
Trd, 4318254.393, 106
Trd, 4318254.693, 82
Trd, 4318254.943, 62
Trd, 4318255.193, 140
Trd, 4318255.393, 140
Trd, 4318256.493, 140
Trd, 4318257.943, 140
Trd, 4318259.193, 140
Trd, 4318259.443, 140
Trd, 4318260.243, 140
Trd, 4318260.343, 140
Trd, 4318260.643, 140
Trd, 4318260.743, 97
Trd, 4318260.943, 139
Trd, 4318261.943, 87
Trd, 4318262.593, 92
Trd, 4318263.043, 101
Trd, 4318263.993, 100
Trd, 4318264.693, 140
Trd, 4318266.243, 61
Trd, 4318266.543, 64
Trd, 4318268.293, 63
Trd, 4318269.393, 61
Trd, 4318269.743, 80
Trd, 4318271.043, 66
Trd, 4318271.593, 61
Trd, 4318271.693, 62
Trd, 4318272.493, 61
Trd, 4318272.793, 68
Trd, 4318272.993, 83
Trd, 4318275.293, 60
Trd, 4318275.693, 60
Trd, 4318276.193, 61
Trd, 4318277.443, 62
Trd, 4318279.793, 63
Trd, 4318280.093, 61
Trd, 4318280.443, 63
Trd, 4318281.293, 64
Trd, 4318281.393, 65
Trd, 4318282.043, 72
Trd, 4318282.193, 140
Trd, 4318282.693, 68
Trd, 4318283.993, 72
Trd, 4318284.093, 72
Trd, 4318284.443, 71
Trd, 4318285.093, 99
Trd, 4318286.043, 98
Trd, 4318286.793, 117
Trd, 4318287.093, 97
Trd, 4318287.543, 99
Trd, 4318287.693, 97
Trd, 4318290.143, 140
Trd, 4318290.243, 140
Trd, 4318291.093, 140
Trd, 4318291.193, 140
Trd, 4318291.543, 140
Trd, 4318292.243, 140
Trd, 4318292.993, 100
Trd, 4318294.143, 116
Trd, 4318294.493, 102
Trd, 4318294.593, 101
Trd, 4318296.193, 140
Trd, 4318297.993, 140
Trd, 4318298.543, 140
Trd, 4318298.593, 140
Trd, 4318298.793, 140
Trd, 4318300.393, 140
Trd, 4318300.893, 139
Trd, 4318301.443, 105
Trd, 4318302.193, 124
Trd, 4318302.443, 94
Trd, 4318302.943, 140
Trd, 4318303.193, 140
Trd, 4318303.243, 137
Trd, 4318303.843, 91
Trd, 4318304.443, 61
Trd, 4318305.093, 139
Trd, 4318305.593, 139
Trd, 4318306.193, 71
Trd, 4318308.093, 140
Trd, 4318308.493, 140
Trd, 4318309.043, 140
Trd, 4318309.843, 140
Trd, 4318310.543, 140
Trd, 4318310.843, 140
Trd, 4318311.143, 114
Trd, 4318311.493, 125
Trd, 4318311.843, 113
Trd, 4318313.593, 140
Trd, 4318313.643, 138
Trd, 4318315.243, 125
Trd, 4318315.843, 101
Trd, 4318316.243, 140
Trd, 4318316.643, 90
Trd, 4318318.043, 60
Trd, 4318319.743, 60
Trd, 4318321.343, 60
Trd, 4318321.393, 60
Trd, 4318321.493, 61
Trd, 4318322.543, 62
Trd, 4318323.743, 74
Trd, 4318325.243, 61
Trd, 4318325.343, 62
Trd, 4318325.793, 71
Trd, 4318325.893, 62
Trd, 4318326.543, 61
Trd, 4318328.393, 140
Trd, 4318328.643, 123
Trd, 4318329.243, 75
Trd, 4318329.593, 64
Trd, 4318330.543, 140
Trd, 4318330.693, 110
Trd, 4318330.843, 109
Trd, 4318331.443, 83
Trd, 4318332.093, 60
Trd, 4318332.843, 61
Trd, 4318333.343, 63
Trd, 4318334.693, 140
Trd, 4318334.793, 136
Trd, 4318335.943, 66
Trd, 4318336.343, 66
Trd, 4318337.893, 60
Trd, 4318338.893, 61
Trd, 4318339.293, 63
Trd, 4318339.793, 62
Trd, 4318340.443, 97
Trd, 4318342.643, 140
Trd, 4318343.093, 140
Trd, 4318343.393, 140
Trd, 4318343.443, 140
Trd, 4318343.893, 140
Trd, 4318343.943, 138
Trd, 4318343.993, 118
Trd, 4318344.243, 140
Trd, 4318344.493, 93
Trd, 4318345.893, 60
Trd, 4318347.793, 140
Trd, 4318348.143, 140
Trd, 4318348.493, 140
Trd, 4318349.043, 140
Trd, 4318349.643, 140
Trd, 4318350.043, 139
Trd, 4318350.893, 115
Trd, 4318351.293, 140
Trd, 4318352.843, 115
Trd, 4318353.293, 140
Trd, 4318353.893, 140
Trd, 4318354.793, 140
Trd, 4318354.943, 88
Trd, 4318355.443, 140
Trd, 4318355.643, 121
Trd, 4318356.993, 116
Trd, 4318357.343, 117
Trd, 4318358.093, 135
Trd, 4318358.643, 137
Trd, 4318359.643, 139
Trd, 4318360.543, 140
Trd, 4318360.793, 138
Trd, 4318361.743, 125
Trd, 4318363.443, 139
Trd, 4318364.143, 140
Trd, 4318364.293, 106
Trd, 4318365.343, 97
Trd, 4318365.743, 122
Trd, 4318366.143, 98
Trd, 4318367.293, 140
Trd, 4318368.643, 140
Trd, 4318368.843, 140
Trd, 4318368.893, 139
Trd, 4318369.293, 111
Trd, 4318369.693, 78
Trd, 4318370.593, 82
Trd, 4318371.243, 140
Trd, 4318371.443, 129
Trd, 4318372.793, 140
Trd, 4318373.893, 140
Trd, 4318374.493, 140
Trd, 4318375.143, 139
Trd, 4318375.443, 139
Trd, 4318377.043, 83
Trd, 4318377.543, 138
Trd, 4318377.693, 82
Trd, 4318379.243, 129
Trd, 4318379.643, 60
Trd, 4318380.143, 63
Trd, 4318381.043, 140
Trd, 4318381.093, 140
Trd, 4318381.643, 139
Trd, 4318381.943, 135
Trd, 4318382.143, 130
Trd, 4318382.993, 111
Trd, 4318385.243, 84
Trd, 4318385.743, 84
Trd, 4318385.943, 100
Trd, 4318386.193, 85
Trd, 4318386.293, 65
Trd, 4318388.043, 60
Trd, 4318388.243, 61
Trd, 4318388.693, 62
Trd, 4318389.093, 81
Trd, 4318389.993, 64
Trd, 4318391.493, 70
Trd, 4318391.793, 70
Trd, 4318391.843, 71
Trd, 4318392.393, 140
Trd, 4318393.093, 121
Trd, 4318393.443, 140
Trd, 4318393.943, 69
Trd, 4318394.393, 60
Trd, 4318395.943, 118
Trd, 4318396.993, 68
Trd, 4318397.293, 140
Trd, 4318397.643, 116
Trd, 4318398.593, 119
Trd, 4318399.243, 120
Trd, 4318399.893, 137
Trd, 4318400.443, 118
Trd, 4318401.243, 137
Trd, 4318401.343, 78
Trd, 4318401.893, 62
Trd, 4318401.993, 104
Trd, 4318404.693, 61
Trd, 4318405.393, 63
Trd, 4318406.443, 62
Trd, 4318407.043, 62
Trd, 4318407.293, 64
Trd, 4318407.393, 61
Trd, 4318407.993, 61
Trd, 4318408.293, 84
Trd, 4318408.993, 86
Trd, 4318409.843, 67
Trd, 4318410.843, 67
Trd, 4318411.743, 140
Trd, 4318412.493, 139
Trd, 4318412.943, 91
Trd, 4318412.993, 66
Trd, 4318413.893, 99
Trd, 4318415.593, 140
Trd, 4318416.243, 140
Trd, 4318416.693, 140
Trd, 4318417.243, 140
Trd, 4318417.543, 140
Trd, 4318418.493, 140
Trd, 4318418.743, 140
Trd, 4318418.893, 117
Trd, 4318418.943, 73
Trd, 4318419.143, 138
Trd, 4318421.443, 140
Trd, 4318421.593, 140
Trd, 4318421.843, 138
Trd, 4318422.843, 137
Trd, 4318423.043, 114
Trd, 4318424.493, 60
Trd, 4318424.693, 68
Trd, 4318425.993, 64
Trd, 4318428.093, 140
Trd, 4318428.443, 140
Trd, 4318428.593, 140
Trd, 4318428.943, 101
Trd, 4318429.093, 140
Trd, 4318429.143, 99
Trd, 4318429.993, 82
Trd, 4318430.143, 80
Trd, 4318430.843, 108
Trd, 4318430.893, 72
Trd, 4318432.343, 67
Trd, 4318432.393, 64
Trd, 4318432.893, 138
Trd, 4318433.043, 91
Trd, 4318433.743, 130
Trd, 4318434.293, 91
Trd, 4318435.343, 137
Trd, 4318435.593, 104
Trd, 4318435.693, 102
Trd, 4318437.193, 65
Trd, 4318438.493, 64
Trd, 4318438.893, 68
Trd, 4318439.743, 65
Trd, 4318441.293, 60
Trd, 4318441.793, 64
Trd, 4318442.143, 67
Trd, 4318443.543, 139
Trd, 4318445.943, 65
Trd, 4318446.643, 65
Trd, 4318446.893, 70
Trd, 4318448.393, 60
Trd, 4318448.543, 61
Trd, 4318449.643, 67
Trd, 4318450.293, 62
Trd, 4318450.843, 65
Trd, 4318451.843, 96
Trd, 4318452.193, 95
Trd, 4318452.343, 94
Trd, 4318453.293, 62
Trd, 4318453.943, 65
Trd, 4318454.743, 138
Trd, 4318455.593, 64
Trd, 4318457.043, 60
Trd, 4318457.243, 61
Trd, 4318458.893, 67
Trd, 4318458.943, 68
Trd, 4318459.093, 65
Trd, 4318460.593, 140
Trd, 4318460.643, 140
Trd, 4318460.743, 140
Trd, 4318460.793, 91
Trd, 4318461.143, 60
Trd, 4318461.893, 64
Trd, 4318462.293, 68
Trd, 4318464.443, 61
Trd, 4318465.793, 60
Trd, 4318466.393, 61
Trd, 4318466.893, 61
Trd, 4318467.243, 60
Trd, 4318467.393, 60
Trd, 4318467.893, 60
Trd, 4318468.993, 61
Trd, 4318469.293, 63
Trd, 4318471.043, 69
Trd, 4318472.243, 61
Trd, 4318472.993, 62
Trd, 4318473.493, 61
Trd, 4318474.143, 62
Trd, 4318475.093, 66
Trd, 4318475.443, 83
Trd, 4318476.043, 63
Trd, 4318477.243, 140
Trd, 4318477.343, 140
Trd, 4318477.893, 93
Trd, 4318477.993, 92
Trd, 4318479.893, 62
Trd, 4318480.743, 61
Trd, 4318481.043, 62
Trd, 4318482.393, 65
Trd, 4318483.143, 140
Trd, 4318483.643, 140
Trd, 4318484.143, 140
Trd, 4318484.343, 140
Trd, 4318484.643, 139
Trd, 4318485.243, 109
Trd, 4318485.643, 133
Trd, 4318486.993, 140
Trd, 4318487.293, 88
Trd, 4318487.993, 60
Trd, 4318488.743, 60
Trd, 4318490.043, 60
Trd, 4318490.393, 61
Trd, 4318490.943, 63
Trd, 4318492.143, 60
Trd, 4318492.193, 61
Trd, 4318493.343, 61
Trd, 4318494.293, 61
Trd, 4318495.243, 63
Trd, 4318496.243, 61
Trd, 4318496.493, 64
Trd, 4318497.293, 66
Trd, 4318497.843, 67
Trd, 4318498.243, 72
Trd, 4318500.293, 140
Trd, 4318500.393, 140
Trd, 4318500.993, 140
Trd, 4318501.443, 140
Trd, 4318501.593, 99
Trd, 4318502.793, 139
Trd, 4318503.743, 139
Trd, 4318504.243, 140
Trd, 4318504.393, 140
Trd, 4318504.693, 103
Trd, 4318504.943, 117
Trd, 4318505.693, 61
Trd, 4318507.743, 60
Trd, 4318508.743, 60
Trd, 4318509.443, 60
Trd, 4318510.443, 61
Trd, 4318511.493, 60
Trd, 4318511.593, 60
Trd, 4318512.393, 91
Trd, 4318513.093, 63
Trd, 4318513.893, 68
Trd, 4318515.693, 60
Trd, 4318515.843, 72
Trd, 4318516.543, 118
Trd, 4318517.543, 70
Trd, 4318518.293, 61
Trd, 4318518.943, 60
Trd, 4318519.143, 63
Trd, 4318521.443, 140
Trd, 4318521.993, 140
Trd, 4318522.093, 140
Trd, 4318523.093, 140
Trd, 4318523.843, 140
Trd, 4318524.593, 140
Trd, 4318525.843, 140
Trd, 4318525.993, 140
Trd, 4318526.293, 140
Trd, 4318526.343, 124
Trd, 4318526.743, 84
Trd, 4318526.993, 102
Trd, 4318527.343, 89
Trd, 4318527.493, 140
Trd, 4318529.943, 140
Trd, 4318531.093, 140
Trd, 4318531.693, 140
Trd, 4318531.793, 140
Trd, 4318532.043, 140
Trd, 4318532.243, 124
Trd, 4318533.493, 138
Trd, 4318533.543, 109
Trd, 4318533.643, 95
Trd, 4318534.243, 140
Trd, 4318534.493, 80
Trd, 4318536.193, 64
Trd, 4318536.743, 60
Trd, 4318536.993, 106
Trd, 4318538.093, 140
Trd, 4318538.243, 138
Trd, 4318538.643, 138
Trd, 4318539.343, 67
Trd, 4318539.893, 61
Trd, 4318540.843, 140
Trd, 4318540.993, 140
Trd, 4318541.643, 140
Trd, 4318541.943, 138
Trd, 4318542.143, 90
Trd, 4318543.343, 67
Trd, 4318544.293, 61
Trd, 4318545.493, 60
Trd, 4318545.793, 60
Trd, 4318546.893, 62
Trd, 4318547.093, 60
Trd, 4318548.043, 63
Trd, 4318549.543, 60
Trd, 4318549.943, 60
Trd, 4318551.243, 61
Trd, 4318551.543, 62
Trd, 4318552.793, 60
Trd, 4318553.193, 64
Trd, 4318554.443, 60
Trd, 4318554.943, 64
Trd, 4318554.993, 65
Trd, 4318555.043, 62
Trd, 4318556.143, 66
Trd, 4318558.093, 66
Trd, 4318558.143, 70
Trd, 4318559.143, 61
Trd, 4318559.193, 75
Trd, 4318559.493, 62
Trd, 4318560.493, 63
Trd, 4318560.943, 63
Trd, 4318562.393, 60
Trd, 4318563.243, 66
Trd, 4318563.693, 65
Trd, 4318564.543, 66
Trd, 4318565.893, 63
Trd, 4318566.493, 60
Trd, 4318566.943, 61
Trd, 4318568.243, 60
Trd, 4318570.643, 60
Trd, 4318571.243, 61
Trd, 4318571.293, 61
Trd, 4318571.443, 63
Trd, 4318571.943, 131
Trd, 4318572.343, 80
Trd, 4318573.393, 106
Trd, 4318573.443, 81
Trd, 4318574.043, 80
Trd, 4318574.843, 61
Trd, 4318574.943, 65
Trd, 4318575.643, 72
Trd, 4318576.743, 65
Trd, 4318577.393, 63
Trd, 4318578.193, 140
Trd, 4318579.493, 116
Trd, 4318579.543, 85
Trd, 4318581.143, 140
Trd, 4318581.243, 138
Trd, 4318581.693, 85
Trd, 4318582.693, 61
Trd, 4318582.893, 61
Trd, 4318583.393, 61
Trd, 4318584.093, 69
Trd, 4318584.193, 140
Trd, 4318585.393, 136
Trd, 4318587.193, 61
Trd, 4318588.143, 61
Trd, 4318588.843, 63
Trd, 4318589.693, 61
Trd, 4318590.393, 60
Trd, 4318590.593, 60
Trd, 4318590.743, 68
Trd, 4318590.843, 69
Trd, 4318593.493, 63
Trd, 4318593.593, 65
Trd, 4318594.343, 67
Trd, 4318594.393, 68
Trd, 4318596.493, 140
Trd, 4318596.643, 140
Trd, 4318596.993, 140
Trd, 4318597.693, 139
Trd, 4318597.743, 138
Trd, 4318598.043, 61
Trd, 4318598.693, 140
Trd, 4318599.143, 79
Trd, 4318600.993, 65
Trd, 4318601.543, 61
Trd, 4318601.693, 90
Trd, 4318601.993, 88
Trd, 4318602.243, 134
Trd, 4318603.343, 64
Trd, 4318604.943, 68
Trd, 4318606.443, 88
Trd, 4318606.693, 87
Trd, 4318607.143, 140
Trd, 4318607.343, 85
Trd, 4318607.543, 63
Trd, 4318608.543, 139
Trd, 4318609.093, 132
Trd, 4318610.193, 124
Trd, 4318610.443, 140
Trd, 4318611.593, 138
Trd, 4318611.893, 104
Trd, 4318612.493, 108
Trd, 4318612.893, 136
Trd, 4318613.293, 91
Trd, 4318614.493, 139
Trd, 4318616.393, 140
Trd, 4318616.543, 140
Trd, 4318617.393, 140
Trd, 4318617.743, 140
Trd, 4318618.093, 140
Trd, 4318618.143, 140
Trd, 4318618.943, 140
Trd, 4318619.243, 128
Trd, 4318620.543, 120
Trd, 4318620.693, 119
Trd, 4318621.243, 135
Trd, 4318622.293, 140
Trd, 4318622.443, 140
Trd, 4318622.843, 139
Trd, 4318623.343, 130
Trd, 4318624.343, 66
Trd, 4318625.643, 140
Trd, 4318626.493, 140
Trd, 4318627.743, 140
Trd, 4318628.193, 140
Trd, 4318628.243, 140
Trd, 4318628.693, 140
Trd, 4318628.793, 139
Trd, 4318630.893, 61
Trd, 4318631.293, 61
Trd, 4318631.593, 60
Trd, 4318631.743, 61
Trd, 4318631.943, 61
Trd, 4318633.193, 60
Trd, 4318633.943, 72
Trd, 4318636.693, 63
Trd, 4318637.693, 61
Trd, 4318638.393, 61
Trd, 4318638.493, 62
Trd, 4318638.793, 76
Trd, 4318639.843, 66
Trd, 4318639.943, 65
Trd, 4318640.093, 72
Trd, 4318640.243, 81
Trd, 4318640.393, 67
Trd, 4318642.193, 103
Trd, 4318642.693, 139
Trd, 4318643.393, 138
Trd, 4318643.593, 103
Trd, 4318644.243, 82
Trd, 4318645.343, 62
Trd, 4318647.293, 60
Trd, 4318648.193, 60
Trd, 4318648.493, 61
Trd, 4318648.693, 71
Trd, 4318648.743, 61
Trd, 4318649.593, 63
Trd, 4318650.843, 140
Trd, 4318651.893, 138
Trd, 4318652.643, 73
Trd, 4318653.493, 140
Trd, 4318653.693, 140
Trd, 4318654.193, 140
Trd, 4318654.793, 139
Trd, 4318655.193, 139
Trd, 4318656.193, 140
Trd, 4318657.243, 140
Trd, 4318657.743, 140
Trd, 4318657.893, 140
Trd, 4318658.593, 140
Trd, 4318659.643, 109
Trd, 4318659.843, 94
Trd, 4318662.493, 84
Trd, 4318662.943, 137
Trd, 4318663.893, 135
Trd, 4318664.143, 124
Trd, 4318664.293, 140
Trd, 4318664.393, 124
Trd, 4318665.393, 126
Trd, 4318667.043, 140
Trd, 4318667.593, 140
Trd, 4318667.793, 140
Trd, 4318668.143, 140
Trd, 4318668.493, 140
Trd, 4318669.093, 110
Trd, 4318670.093, 130
Trd, 4318670.293, 100
Trd, 4318670.493, 68
Trd, 4318670.943, 140
Trd, 4318671.493, 140
Trd, 4318671.793, 140
Trd, 4318671.943, 140
Trd, 4318672.193, 140
Trd, 4318674.193, 67
Trd, 4318675.493, 140
Trd, 4318675.693, 92
Trd, 4318675.793, 73
Trd, 4318676.643, 73
Trd, 4318677.643, 60
Trd, 4318678.393, 140
Trd, 4318678.493, 140
Trd, 4318678.743, 140
Trd, 4318679.693, 140
Trd, 4318679.993, 137
Trd, 4318681.293, 62
Trd, 4318681.493, 60
Trd, 4318682.143, 67
Trd, 4318682.843, 99
Trd, 4318683.143, 129
Trd, 4318683.943, 101
Trd, 4318684.243, 99
Trd, 4318684.993, 100
Trd, 4318686.193, 140
Trd, 4318687.193, 140
Trd, 4318687.693, 139
Trd, 4318688.643, 86
Trd, 4318688.743, 85
Trd, 4318690.043, 139
Trd, 4318690.093, 122
Trd, 4318690.693, 138
Trd, 4318691.693, 135
Trd, 4318692.393, 140
Trd, 4318692.943, 133
Trd, 4318694.343, 128
Trd, 4318694.643, 128
Trd, 4318694.743, 126
Trd, 4318695.243, 71
Trd, 4318695.643, 70
Trd, 4318696.193, 83
Trd, 4318697.393, 111
Trd, 4318698.043, 140
Trd, 4318698.243, 140
Trd, 4318699.293, 140
Trd, 4318699.543, 140
Trd, 4318700.093, 140
Trd, 4318700.493, 86
Trd, 4318701.393, 60
Trd, 4318702.043, 61
Trd, 4318702.393, 97
Trd, 4318703.143, 60
Trd, 4318704.793, 61
Trd, 4318706.343, 140
Trd, 4318706.593, 140
Trd, 4318707.093, 140
Trd, 4318707.143, 140
Trd, 4318707.293, 140
Trd, 4318708.393, 140
Trd, 4318708.693, 139
Trd, 4318709.343, 126
Trd, 4318709.393, 86
Trd, 4318709.843, 122
Trd, 4318712.193, 61
Trd, 4318712.743, 62
Trd, 4318712.793, 63
Trd, 4318713.693, 60
Trd, 4318715.393, 62
Trd, 4318716.243, 63
Trd, 4318717.993, 61
Trd, 4318718.443, 61
Trd, 4318719.643, 61
Trd, 4318720.043, 60
Trd, 4318720.443, 62
Trd, 4318721.193, 61
Trd, 4318721.343, 61
Trd, 4318721.543, 65
Trd, 4318722.343, 63
Trd, 4318722.843, 64
Trd, 4318723.993, 63
Trd, 4318724.493, 140
Trd, 4318724.643, 140
Trd, 4318724.793, 139
Trd, 4318727.343, 60
Trd, 4318728.693, 61
Trd, 4318728.843, 63
Trd, 4318729.193, 65
Trd, 4318729.793, 73
Trd, 4318730.543, 140
Trd, 4318731.443, 140
Trd, 4318731.493, 140
Trd, 4318731.793, 140
Trd, 4318733.093, 140
Trd, 4318733.893, 87
Trd, 4318734.193, 82
Trd, 4318734.243, 138
Trd, 4318735.493, 60
Trd, 4318736.193, 64
Trd, 4318737.493, 66
Trd, 4318737.793, 85
Trd, 4318738.343, 140
Trd, 4318738.843, 140
Trd, 4318740.143, 140
Trd, 4318740.293, 140
Trd, 4318740.343, 140
Trd, 4318740.793, 140
Trd, 4318741.293, 140
Trd, 4318741.793, 64
Trd, 4318742.043, 118
Trd, 4318745.343, 60
Trd, 4318745.393, 62
Trd, 4318745.943, 69
Trd, 4318746.793, 60
Trd, 4318747.043, 62
Trd, 4318749.293, 61
Trd, 4318750.543, 60
Trd, 4318750.943, 64
Trd, 4318750.993, 65
Trd, 4318751.193, 97
Trd, 4318751.843, 66
Trd, 4318752.743, 64
Trd, 4318752.843, 67
Trd, 4318752.943, 65
Trd, 4318752.993, 63
Trd, 4318755.193, 60
Trd, 4318755.793, 63
Trd, 4318757.043, 61
Trd, 4318758.493, 60
Trd, 4318758.943, 62
Trd, 4318759.193, 62
Trd, 4318759.843, 60
Trd, 4318762.343, 60
Trd, 4318762.593, 60
Trd, 4318762.793, 61
Trd, 4318763.493, 140
Trd, 4318764.343, 95
Trd, 4318764.443, 94
Trd, 4318764.793, 61
Trd, 4318765.693, 60
Trd, 4318766.893, 60
Trd, 4318768.193, 61
Trd, 4318768.243, 62
Trd, 4318769.043, 60
Trd, 4318769.093, 63
Trd, 4318770.343, 61
Trd, 4318771.493, 60
Trd, 4318772.293, 65
Trd, 4318773.093, 69
Trd, 4318773.893, 63
Trd, 4318774.393, 60
Trd, 4318775.343, 61
Trd, 4318775.443, 62
Trd, 4318776.143, 60
Trd, 4318777.043, 60
Trd, 4318777.943, 60
Trd, 4318778.493, 63
Trd, 4318779.643, 61
Trd, 4318780.293, 61
Trd, 4318780.643, 62
Trd, 4318781.893, 67
Trd, 4318782.243, 67
Trd, 4318782.843, 140
Trd, 4318783.843, 140
Trd, 4318784.243, 140
Trd, 4318784.943, 137
Trd, 4318786.093, 60
Trd, 4318786.843, 62
Trd, 4318789.593, 61
Trd, 4318789.643, 62
Trd, 4318791.243, 60
Trd, 4318791.843, 60
Trd, 4318792.043, 61
Trd, 4318792.243, 64
Trd, 4318792.793, 62
Trd, 4318793.543, 138
Trd, 4318794.093, 64
Trd, 4318794.243, 83
Trd, 4318794.493, 85
Trd, 4318795.493, 60
Trd, 4318797.193, 60
Trd, 4318797.243, 62
Trd, 4318798.443, 60
Trd, 4318799.043, 65
Trd, 4318799.893, 62
Trd, 4318800.293, 61
Trd, 4318800.493, 66
Trd, 4318800.693, 139
Trd, 4318801.943, 87
Trd, 4318802.193, 64
Trd, 4318802.993, 64
Trd, 4318803.143, 140
Trd, 4318803.743, 66
Trd, 4318805.243, 121
Trd, 4318805.743, 123
Trd, 4318806.293, 123
Trd, 4318806.843, 137
Trd, 4318807.643, 137
Trd, 4318807.893, 138
Trd, 4318808.243, 113
Trd, 4318809.443, 126
Trd, 4318809.693, 78
Trd, 4318810.343, 139
Trd, 4318810.543, 100
Trd, 4318810.793, 139
Trd, 4318811.493, 69
Trd, 4318812.193, 138
Trd, 4318813.193, 138
Trd, 4318814.443, 138
Trd, 4318815.543, 97
Trd, 4318815.643, 97
Trd, 4318816.143, 88
Trd, 4318816.493, 62
Trd, 4318817.493, 60
Trd, 4318817.843, 91
Trd, 4318818.143, 90
Trd, 4318819.893, 60
Trd, 4318820.843, 60
Trd, 4318821.143, 80
Trd, 4318821.893, 96
Trd, 4318822.443, 139
Trd, 4318822.693, 80
Trd, 4318823.893, 140
Trd, 4318824.443, 140
Trd, 4318825.493, 140
Trd, 4318826.343, 140
Trd, 4318826.843, 140
Trd, 4318826.893, 140
Trd, 4318826.943, 137
Trd, 4318829.193, 63
Trd, 4318829.493, 64
Trd, 4318830.493, 63
Trd, 4318831.743, 60
Trd, 4318832.543, 60
Trd, 4318834.193, 60
Trd, 4318834.443, 60
Trd, 4318834.793, 62
Trd, 4318835.493, 61
Trd, 4318835.993, 62
Trd, 4318836.993, 140
Trd, 4318837.743, 140
Trd, 4318839.543, 140
Trd, 4318840.443, 118
Trd, 4318840.893, 140
Trd, 4318841.193, 139
Trd, 4318841.443, 139
Trd, 4318841.593, 136
Trd, 4318841.693, 117
Trd, 4318843.243, 60
Trd, 4318843.943, 61
Trd, 4318844.893, 66
Trd, 4318845.843, 60
Trd, 4318846.543, 62
Trd, 4318847.193, 140
Trd, 4318847.593, 71
Trd, 4318847.793, 140
Trd, 4318848.593, 61
Trd, 4318850.043, 140
Trd, 4318850.243, 140
Trd, 4318850.743, 140
Trd, 4318852.243, 136
Trd, 4318852.343, 104
Trd, 4318852.643, 89
Trd, 4318853.243, 140
Trd, 4318854.093, 139
Trd, 4318854.643, 140
Trd, 4318855.943, 140
Trd, 4318856.393, 138
Trd, 4318858.093, 140
Trd, 4318858.893, 140
Trd, 4318858.943, 140
Trd, 4318860.193, 138
Trd, 4318860.243, 137
Trd, 4318860.393, 118
Trd, 4318861.043, 63
Trd, 4318861.593, 92
Trd, 4318862.843, 140
Trd, 4318864.243, 140
Trd, 4318864.543, 140
Trd, 4318864.943, 140
Trd, 4318865.493, 125
Trd, 4318865.743, 92
Trd, 4318867.043, 94
Trd, 4318867.143, 91
Trd, 4318867.543, 140
Trd, 4318867.743, 140
Trd, 4318868.243, 139
Trd, 4318868.943, 70
Trd, 4318869.093, 74
Trd, 4318870.643, 89
Trd, 4318871.843, 105
Trd, 4318872.143, 105
Trd, 4318872.643, 140
Trd, 4318872.743, 103
Trd, 4318873.193, 92
Trd, 4318873.943, 140
Trd, 4318874.793, 140
Trd, 4318875.493, 140
Trd, 4318876.393, 140
Trd, 4318876.443, 140
Trd, 4318878.193, 140
Trd, 4318879.993, 140
Trd, 4318880.043, 137
Trd, 4318880.143, 105
Trd, 4318881.543, 116
Trd, 4318881.843, 115
Trd, 4318882.443, 103
Trd, 4318882.543, 95
Trd, 4318884.643, 140
Trd, 4318885.493, 140
Trd, 4318885.543, 140
Trd, 4318887.093, 140
Trd, 4318887.143, 140
Trd, 4318887.343, 138
Trd, 4318887.843, 140
Trd, 4318888.343, 137
Trd, 4318889.043, 139
Trd, 4318890.993, 140
Trd, 4318891.343, 140
Trd, 4318891.643, 139
Trd, 4318892.143, 140
Trd, 4318892.293, 140
Trd, 4318893.043, 140
Trd, 4318894.143, 139
Trd, 4318894.193, 135
Trd, 4318894.943, 122
Trd, 4318895.393, 75
Trd, 4318895.743, 129
Trd, 4318896.943, 140
Trd, 4318897.343, 140
Trd, 4318898.843, 140
Trd, 4318898.993, 140
Trd, 4318899.143, 140
Trd, 4318899.343, 140
Trd, 4318899.743, 140
Trd, 4318900.143, 137
Trd, 4318900.543, 136
Trd, 4318901.543, 104
Trd, 4318902.343, 138
Trd, 4318902.643, 137
Trd, 4318903.543, 140
Trd, 4318903.643, 99
Trd, 4318904.943, 61
Trd, 4318905.593, 63
Trd, 4318907.093, 62
Trd, 4318908.243, 67
Trd, 4318908.593, 65
Trd, 4318909.343, 61
Trd, 4318910.393, 61
Trd, 4318911.493, 60
Trd, 4318912.093, 61
Trd, 4318912.943, 61
Trd, 4318913.843, 61
Trd, 4318914.943, 68
Trd, 4318915.643, 60
Trd, 4318917.243, 60
Trd, 4318917.493, 63
Trd, 4318917.793, 60
Trd, 4318917.843, 74
Trd, 4318918.393, 60
Trd, 4318919.893, 61
Trd, 4318920.543, 63
Trd, 4318921.143, 140
Trd, 4318921.543, 140
Trd, 4318922.043, 140
Trd, 4318922.093, 101
Trd, 4318922.593, 139
Trd, 4318923.743, 66
Trd, 4318924.843, 140
Trd, 4318925.293, 139
Trd, 4318925.943, 140
Trd, 4318927.393, 140
Trd, 4318927.693, 140
Trd, 4318927.793, 138
Trd, 4318928.193, 104
Trd, 4318929.093, 72
Trd, 4318929.543, 81
Trd, 4318930.193, 82
Trd, 4318931.343, 140
Trd, 4318931.943, 140
Trd, 4318931.993, 137
Trd, 4318933.343, 139
Trd, 4318933.693, 138
Trd, 4318934.393, 137
Trd, 4318935.693, 102
Trd, 4318936.293, 100
Trd, 4318936.493, 99
Trd, 4318936.693, 93
Trd, 4318938.243, 81
Trd, 4318938.843, 61
Trd, 4318939.593, 60
Trd, 4318940.643, 60
Trd, 4318941.293, 60
Trd, 4318943.243, 65
Trd, 4318943.943, 140
Trd, 4318944.393, 140
Trd, 4318944.493, 65
Trd, 4318945.043, 61
Trd, 4318945.193, 61
Trd, 4318946.443, 61
Trd, 4318946.993, 68
Trd, 4318947.343, 106
Trd, 4318948.493, 114
Trd, 4318948.943, 61
Trd, 4318949.293, 64
Trd, 4318949.843, 62
Trd, 4318950.643, 71
Trd, 4318952.393, 60
Trd, 4318952.893, 63
Trd, 4318953.443, 60
Trd, 4318953.743, 65
Trd, 4318954.393, 62
Trd, 4318955.093, 65
Trd, 4318956.243, 139
Trd, 4318957.093, 135
Trd, 4318957.143, 134
Trd, 4318957.243, 99
Trd, 4318958.743, 125
Trd, 4318958.993, 138
Trd, 4318959.743, 139
Trd, 4318960.493, 139
Trd, 4318960.543, 138
Trd, 4318961.293, 62
Trd, 4318961.793, 62
Trd, 4318962.543, 64
Trd, 4318962.593, 65
Trd, 4318963.193, 102
Trd, 4318963.693, 85
Trd, 4318964.243, 84
Trd, 4318965.193, 140
Trd, 4318965.293, 140
Trd, 4318965.743, 140
Trd, 4318966.443, 140
Trd, 4318967.393, 140
Trd, 4318968.193, 140
Trd, 4318968.643, 140
Trd, 4318969.743, 140
Trd, 4318970.093, 140
Trd, 4318970.393, 140
Trd, 4318970.893, 66
Trd, 4318972.343, 140
Trd, 4318972.793, 140
Trd, 4318973.243, 140
Trd, 4318973.293, 139
Trd, 4318974.593, 139
Trd, 4318975.093, 140
Trd, 4318975.893, 140
Trd, 4318976.343, 139
Trd, 4318976.843, 134
Trd, 4318977.293, 116
Trd, 4318977.843, 117
Trd, 4318978.493, 98
Trd, 4318978.643, 112
Trd, 4318979.493, 140
Trd, 4318980.393, 102
Trd, 4318981.593, 60
Trd, 4318982.443, 73
Trd, 4318983.593, 140
Trd, 4318984.043, 138
Trd, 4318984.293, 118
Trd, 4318985.493, 61
Trd, 4318985.693, 69
Trd, 4318987.443, 60
Trd, 4318987.493, 61
Trd, 4318989.393, 60
Trd, 4318989.643, 66
Trd, 4318990.243, 63
Trd, 4318990.443, 73
Trd, 4318990.493, 63
Trd, 4318990.643, 140
Trd, 4318991.743, 110
Trd, 4318993.143, 140
Trd, 4318993.593, 76
Trd, 4318995.443, 60
Trd, 4318995.743, 63
Trd, 4318995.943, 66
Trd, 4318996.243, 89
Trd, 4318996.643, 62
Trd, 4318996.793, 62
Trd, 4318997.043, 63
Trd, 4318997.143, 68
Trd, 4318998.343, 82
Trd, 4318999.393, 73
Trd, 4318999.543, 140
Trd, 4318999.893, 140
Trd, 4319000.143, 82
Trd, 4319000.293, 68
Trd, 4319001.393, 69
Trd, 4319001.693, 76
Trd, 4319003.093, 62
Trd, 4319004.043, 60
Trd, 4319004.343, 60
Trd, 4319007.693, 60
Trd, 4319008.193, 61
Trd, 4319008.393, 61
Trd, 4319008.693, 63
Trd, 4319009.043, 65
Trd, 4319009.443, 63
Trd, 4319009.493, 62
Trd, 4319009.693, 73
Trd, 4319010.893, 62
Trd, 4319011.493, 120
Trd, 4319012.743, 62
Trd, 4319013.693, 68
Trd, 4319014.643, 62
Trd, 4319015.893, 64
Trd, 4319016.093, 65
Trd, 4319016.943, 63
Trd, 4319017.293, 140
Trd, 4319018.043, 60
Trd, 4319019.793, 66
Trd, 4319019.993, 64
Trd, 4319021.343, 65
Trd, 4319021.843, 65
Trd, 4319021.893, 64
Trd, 4319022.193, 60
Trd, 4319022.643, 100
Trd, 4319023.843, 62
Trd, 4319024.343, 139
Trd, 4319024.943, 140
Trd, 4319026.393, 140
Trd, 4319026.993, 139
Trd, 4319027.093, 131
Trd, 4319027.193, 107
Trd, 4319028.443, 61
Trd, 4319029.693, 62
Trd, 4319030.743, 62
Trd, 4319031.143, 108
Trd, 4319031.943, 140
Trd, 4319032.243, 140
Trd, 4319033.343, 140
Trd, 4319033.943, 131
Trd, 4319034.043, 130
Trd, 4319034.793, 129
Trd, 4319034.993, 75
Trd, 4319036.143, 140
Trd, 4319036.843, 140
Trd, 4319038.043, 140
Trd, 4319038.443, 140
Trd, 4319038.643, 138
Trd, 4319039.593, 140
Trd, 4319039.743, 107
Trd, 4319040.243, 87
Trd, 4319041.243, 123
Trd, 4319041.943, 140
Trd, 4319042.193, 85
Trd, 4319042.393, 61
Trd, 4319043.993, 140
Trd, 4319044.043, 140
Trd, 4319044.393, 98
Trd, 4319045.443, 60
Trd, 4319046.043, 62
Trd, 4319046.993, 60
Trd, 4319048.793, 64
Trd, 4319050.193, 64
Trd, 4319050.643, 60
Trd, 4319051.193, 64
Trd, 4319051.793, 78
Trd, 4319052.793, 63
Trd, 4319053.193, 66
Trd, 4319053.793, 60
Trd, 4319054.393, 82
Trd, 4319055.743, 140
Trd, 4319055.943, 62
Trd, 4319056.343, 108
Trd, 4319057.043, 62
Trd, 4319057.343, 65
Trd, 4319059.643, 60
Trd, 4319059.843, 61
Trd, 4319060.293, 60
Trd, 4319061.543, 62
Trd, 4319061.843, 60
Trd, 4319063.643, 64
Trd, 4319063.843, 68
Trd, 4319065.693, 65
Trd, 4319067.443, 62
Trd, 4319067.593, 65
Trd, 4319068.393, 63
Trd, 4319068.443, 62
Trd, 4319068.493, 61
Trd, 4319069.493, 62
Trd, 4319069.643, 69
Trd, 4319070.443, 119
Trd, 4319070.793, 97
Trd, 4319071.193, 96
Trd, 4319073.643, 140
Trd, 4319073.943, 139
Trd, 4319074.893, 131
Trd, 4319075.443, 139
Trd, 4319075.843, 116
Trd, 4319076.593, 139
Trd, 4319076.693, 140
Trd, 4319077.943, 140
Trd, 4319078.943, 98
Trd, 4319079.443, 98
Trd, 4319079.843, 139
Trd, 4319080.443, 139
Trd, 4319081.443, 126
Trd, 4319081.793, 85
Trd, 4319082.693, 140
Trd, 4319082.843, 140
Trd, 4319083.293, 114
Trd, 4319083.743, 63
Trd, 4319084.593, 139
Trd, 4319084.743, 85
Trd, 4319086.093, 80
Trd, 4319086.443, 139
Trd, 4319087.143, 76
Trd, 4319087.443, 77
Trd, 4319088.393, 140
Trd, 4319090.293, 140
Trd, 4319090.393, 140
Trd, 4319091.443, 140
Trd, 4319091.893, 133
Trd, 4319092.093, 119
Trd, 4319092.493, 118
Trd, 4319094.493, 140
Trd, 4319094.643, 140
Trd, 4319095.193, 140
Trd, 4319095.743, 140
Trd, 4319095.793, 140
Trd, 4319097.493, 106
Trd, 4319098.293, 136
Trd, 4319098.343, 120
Trd, 4319100.393, 60
Trd, 4319100.793, 63
Trd, 4319101.043, 63
Trd, 4319102.093, 62
Trd, 4319102.293, 65
Trd, 4319102.993, 62
Trd, 4319103.143, 67
Trd, 4319104.843, 74
Trd, 4319105.943, 140
Trd, 4319106.293, 140
Trd, 4319107.093, 140
Trd, 4319107.493, 140
Trd, 4319107.693, 138
Trd, 4319107.943, 131
Trd, 4319109.143, 98
Trd, 4319109.543, 97
Trd, 4319110.643, 62
Trd, 4319111.293, 104
Trd, 4319111.793, 140
Trd, 4319112.893, 140
Trd, 4319113.093, 140
Trd, 4319113.793, 140
Trd, 4319113.893, 140
Trd, 4319114.093, 135
Trd, 4319114.193, 114
Trd, 4319116.493, 60
Trd, 4319116.993, 61
Trd, 4319117.393, 61
Trd, 4319118.343, 140
Trd, 4319118.393, 140
Trd, 4319118.693, 90
Trd, 4319119.343, 87
Trd, 4319120.693, 64
Trd, 4319120.843, 64
Trd, 4319121.993, 71
Trd, 4319123.043, 140
Trd, 4319123.493, 140
Trd, 4319124.243, 140
Trd, 4319125.443, 140
Trd, 4319126.143, 140
Trd, 4319126.743, 140
Trd, 4319126.943, 132
Trd, 4319127.643, 135
Trd, 4319128.493, 79
Trd, 4319128.593, 78
Trd, 4319130.293, 117
Trd, 4319130.443, 107
Trd, 4319130.593, 68
Trd, 4319132.093, 60
Trd, 4319133.643, 60
Trd, 4319133.743, 61
Trd, 4319136.043, 61
Trd, 4319136.393, 65
Trd, 4319136.743, 77
Trd, 4319137.093, 67
Trd, 4319137.293, 64
Trd, 4319138.093, 60
Trd, 4319138.143, 60
Trd, 4319138.893, 81
Trd, 4319140.293, 140
Trd, 4319140.693, 138
Trd, 4319140.893, 98
Trd, 4319140.943, 83
Trd, 4319141.293, 139
Trd, 4319141.593, 111
Trd, 4319142.793, 66
Trd, 4319145.193, 60
Trd, 4319145.993, 62
Trd, 4319146.093, 63
Trd, 4319147.593, 65
Trd, 4319148.243, 60
Trd, 4319148.443, 62
Trd, 4319149.343, 60
Trd, 4319151.243, 60
Trd, 4319151.893, 64
Trd, 4319152.293, 68
Trd, 4319152.343, 64
Trd, 4319153.393, 140
Trd, 4319153.743, 140
Trd, 4319153.793, 138
Trd, 4319153.843, 109
Trd, 4319154.543, 63
Trd, 4319155.193, 87
Trd, 4319156.243, 140
Trd, 4319157.043, 140
Trd, 4319157.343, 123
Trd, 4319157.593, 123
Trd, 4319157.693, 122
Trd, 4319159.643, 140
Trd, 4319159.793, 140
Trd, 4319161.643, 140
Trd, 4319161.843, 140
Trd, 4319162.193, 139
Trd, 4319162.543, 118
Trd, 4319162.993, 140
Trd, 4319163.993, 140
Trd, 4319165.943, 140
Trd, 4319166.043, 139
Trd, 4319166.093, 85
Trd, 4319167.393, 140
Trd, 4319167.593, 107
Trd, 4319168.193, 98
Trd, 4319168.293, 87
Trd, 4319168.343, 75
Trd, 4319169.343, 140
Trd, 4319169.393, 140
Trd, 4319170.743, 79
Trd, 4319171.093, 139
Trd, 4319171.893, 137
Trd, 4319171.993, 79
Trd, 4319173.393, 90
Trd, 4319173.793, 136
Trd, 4319175.043, 140
Trd, 4319175.093, 101
Trd, 4319175.643, 82
Trd, 4319175.843, 140
Trd, 4319176.643, 127
Trd, 4319176.893, 125
Trd, 4319178.393, 140
Trd, 4319178.693, 140
Trd, 4319179.993, 140
Trd, 4319180.743, 139
Trd, 4319181.793, 134
Trd, 4319181.843, 133
Trd, 4319182.043, 132
Trd, 4319183.343, 110
Trd, 4319184.343, 140
Trd, 4319184.593, 139
Trd, 4319185.493, 140
Trd, 4319185.693, 140
Trd, 4319185.743, 140
Trd, 4319187.443, 106
Trd, 4319187.543, 104
Trd, 4319187.743, 137
Trd, 4319187.843, 75
Trd, 4319190.093, 140
Trd, 4319190.143, 140
Trd, 4319190.843, 112
Trd, 4319191.943, 140
Trd, 4319192.043, 125
Trd, 4319193.743, 72
Trd, 4319194.043, 71
Trd, 4319194.143, 135
Trd, 4319194.343, 71
Trd, 4319195.343, 123
Trd, 4319195.443, 122
Trd, 4319196.193, 140
Trd, 4319197.043, 140
Trd, 4319197.543, 140
Trd, 4319198.193, 140
Trd, 4319199.893, 140
Trd, 4319200.093, 140
Trd, 4319200.143, 140
Trd, 4319201.193, 138
Trd, 4319201.893, 139
Trd, 4319202.043, 139
Trd, 4319202.443, 139
Trd, 4319203.743, 82
Trd, 4319204.743, 60
Trd, 4319204.793, 64
Trd, 4319204.993, 70
Trd, 4319205.093, 65
Trd, 4319206.143, 77
Trd, 4319207.143, 140
Trd, 4319207.343, 66
Trd, 4319208.443, 61
Trd, 4319208.893, 63
Trd, 4319209.293, 60
Trd, 4319210.243, 61
Trd, 4319211.993, 61
Trd, 4319213.243, 60
Trd, 4319213.793, 64
Trd, 4319213.943, 68
Trd, 4319214.343, 65
Trd, 4319215.093, 135
Trd, 4319216.093, 60
Trd, 4319216.993, 86
Trd, 4319217.393, 61
Trd, 4319219.043, 83
Trd, 4319219.293, 83
Trd, 4319219.793, 82
Trd, 4319221.393, 138
Trd, 4319221.593, 130
Trd, 4319221.693, 130
Trd, 4319221.793, 93
Trd, 4319223.193, 137
Trd, 4319223.793, 125
Trd, 4319223.893, 82
Trd, 4319224.993, 64
Trd, 4319225.593, 62
Trd, 4319226.393, 60
Trd, 4319226.493, 136
Trd, 4319226.893, 138
Trd, 4319228.693, 61
Trd, 4319229.093, 60
Trd, 4319229.193, 64
Trd, 4319229.993, 139
Trd, 4319231.393, 62
Trd, 4319231.543, 60
Trd, 4319232.443, 78
Trd, 4319233.443, 70
Trd, 4319233.693, 77
Trd, 4319234.043, 140
Trd, 4319234.343, 138
Trd, 4319234.843, 71
Trd, 4319234.993, 65
Trd, 4319236.593, 140
Trd, 4319237.193, 139
Trd, 4319237.693, 86
Trd, 4319238.043, 137
Trd, 4319238.343, 91
Trd, 4319239.343, 140
Trd, 4319239.743, 140
Trd, 4319240.093, 140
Trd, 4319240.693, 140
Trd, 4319240.993, 140
Trd, 4319242.643, 140
Trd, 4319243.293, 140
Trd, 4319244.493, 139
Trd, 4319244.543, 139
Trd, 4319245.393, 98
Trd, 4319245.743, 136
Trd, 4319246.143, 92
Trd, 4319246.493, 77
Trd, 4319246.543, 70
Trd, 4319248.793, 61
Trd, 4319249.793, 63
Trd, 4319250.093, 65
Trd, 4319250.443, 66
Trd, 4319250.643, 72
Trd, 4319251.093, 74
Trd, 4319251.593, 132
Trd, 4319251.943, 131
Trd, 4319252.493, 91
Trd, 4319252.993, 98
Trd, 4319253.593, 72
Trd, 4319253.993, 71
Trd, 4319255.543, 140
Trd, 4319255.743, 126
Trd, 4319257.393, 131
Trd, 4319257.543, 131
Trd, 4319258.493, 140
Trd, 4319258.643, 140
Trd, 4319259.193, 140
Trd, 4319259.693, 139
Trd, 4319260.043, 132
Trd, 4319260.393, 132
Trd, 4319261.243, 137
Trd, 4319262.543, 111
Trd, 4319263.293, 86
Trd, 4319263.943, 64
Trd, 4319264.493, 139
Trd, 4319264.793, 79
Trd, 4319265.793, 66
Trd, 4319266.493, 117
Trd, 4319266.593, 63
Trd, 4319267.193, 140
Trd, 4319268.243, 60
Trd, 4319268.943, 139
Trd, 4319270.643, 140
Trd, 4319270.743, 140
Trd, 4319270.943, 140
Trd, 4319271.193, 140
Trd, 4319271.943, 140
Trd, 4319272.343, 140
Trd, 4319273.143, 140
Trd, 4319273.293, 119
Trd, 4319274.443, 119
Trd, 4319274.993, 77
Trd, 4319275.043, 67
Trd, 4319276.093, 140
Trd, 4319277.143, 140
Trd, 4319278.693, 140
Trd, 4319278.793, 138
Trd, 4319279.293, 140
Trd, 4319279.493, 140
Trd, 4319280.843, 88
Trd, 4319281.093, 89
Trd, 4319281.493, 84
Trd, 4319282.343, 62
Trd, 4319283.543, 137
Trd, 4319283.593, 92
Trd, 4319284.793, 60
Trd, 4319285.243, 63
Trd, 4319285.543, 140
Trd, 4319286.693, 109
Trd, 4319286.793, 103
Trd, 4319287.793, 140
Trd, 4319288.443, 91
Trd, 4319288.793, 140
Trd, 4319289.493, 140
Trd, 4319290.093, 140
Trd, 4319290.493, 140
Trd, 4319290.993, 133
Trd, 4319291.143, 65
Trd, 4319293.243, 60
Trd, 4319293.343, 118
Trd, 4319293.993, 62
Trd, 4319295.643, 85
Trd, 4319296.393, 68
Trd, 4319296.443, 67
Trd, 4319296.843, 130
Trd, 4319297.243, 64
Trd, 4319297.943, 63
Trd, 4319298.243, 140
Trd, 4319299.943, 140
Trd, 4319300.043, 140
Trd, 4319300.493, 139
Trd, 4319301.393, 139
Trd, 4319301.493, 111
Trd, 4319301.843, 139
Trd, 4319302.843, 132
Trd, 4319303.893, 121
Trd, 4319304.343, 121
Trd, 4319304.443, 119
Trd, 4319305.343, 61
Trd, 4319305.643, 75
Trd, 4319306.443, 70
Trd, 4319307.393, 67
Trd, 4319308.393, 61
Trd, 4319309.343, 67
Trd, 4319309.743, 60
Trd, 4319309.943, 76
Trd, 4319311.193, 65
Trd, 4319311.843, 103
Trd, 4319312.043, 102
Trd, 4319312.493, 86
Trd, 4319312.893, 140
Trd, 4319313.093, 86
Trd, 4319313.843, 133
Trd, 4319314.293, 132
Trd, 4319316.093, 140
Trd, 4319316.143, 140
Trd, 4319316.393, 140
Trd, 4319317.543, 140
Trd, 4319318.993, 139
Trd, 4319319.643, 140
Trd, 4319320.093, 140
Trd, 4319320.693, 140
Trd, 4319321.043, 69
Trd, 4319322.393, 140
Trd, 4319322.443, 139
Trd, 4319323.543, 63
Trd, 4319324.143, 63
Trd, 4319325.443, 60
Trd, 4319325.943, 61
Trd, 4319326.143, 61
Trd, 4319326.343, 77
Trd, 4319326.793, 137
Trd, 4319327.343, 78
Trd, 4319328.643, 81
Trd, 4319330.443, 60
Trd, 4319330.843, 62
Trd, 4319330.993, 62
Trd, 4319331.393, 83
Trd, 4319332.593, 140
Trd, 4319333.293, 140
Trd, 4319333.543, 139
Trd, 4319333.993, 137
Trd, 4319334.193, 87
Trd, 4319335.093, 66
Trd, 4319335.993, 60
Trd, 4319336.643, 60
Trd, 4319338.093, 65
Trd, 4319338.293, 60
Trd, 4319339.593, 102
Trd, 4319340.093, 110
Trd, 4319340.293, 109
Trd, 4319341.043, 84
Trd, 4319341.393, 140
Trd, 4319341.593, 73
Trd, 4319341.943, 137
Trd, 4319341.993, 136
Trd, 4319343.993, 65
Trd, 4319345.593, 60
Trd, 4319346.743, 60
Trd, 4319347.243, 61
Trd, 4319348.293, 60
Trd, 4319348.393, 62
Trd, 4319349.143, 62
Trd, 4319349.643, 140
Trd, 4319350.393, 140
Trd, 4319351.243, 124
Trd, 4319351.543, 122
Trd, 4319351.893, 115
Trd, 4319352.143, 113
Trd, 4319352.593, 92
Trd, 4319353.093, 139
Trd, 4319353.293, 60
Trd, 4319354.743, 140
Trd, 4319354.993, 140
Trd, 4319355.643, 111
Trd, 4319356.643, 77
Trd, 4319357.693, 139
Trd, 4319357.793, 138
Trd, 4319358.693, 139
Trd, 4319359.793, 140
Trd, 4319359.893, 138
Trd, 4319360.243, 98
Trd, 4319360.993, 140
Trd, 4319361.593, 116
Trd, 4319362.543, 61
Trd, 4319365.743, 62
Trd, 4319366.593, 65
Trd, 4319367.093, 64
Trd, 4319367.293, 63
Trd, 4319367.393, 64
Trd, 4319367.743, 65
Trd, 4319368.943, 61
Trd, 4319369.193, 60
Trd, 4319370.493, 140
Trd, 4319370.743, 140
Trd, 4319371.143, 61
Trd, 4319371.443, 108
Trd, 4319371.893, 68
Trd, 4319372.343, 64
Trd, 4319373.093, 129
Trd, 4319374.543, 60
Trd, 4319376.793, 64
Trd, 4319377.243, 61
Trd, 4319377.643, 61
Trd, 4319378.893, 61
Trd, 4319378.993, 66
Trd, 4319379.393, 61
Trd, 4319380.893, 62
Trd, 4319381.043, 63
Trd, 4319382.543, 60
Trd, 4319382.593, 61
Trd, 4319383.393, 68
Trd, 4319385.193, 60
Trd, 4319386.343, 60
Trd, 4319387.143, 63
Trd, 4319387.193, 66
Trd, 4319387.643, 84
Trd, 4319388.443, 63
Trd, 4319389.893, 66
Trd, 4319390.143, 61
Trd, 4319390.943, 61
Trd, 4319391.193, 70
Trd, 4319392.243, 139
Trd, 4319392.343, 138
Trd, 4319392.843, 139
Trd, 4319394.043, 139
Trd, 4319395.143, 139
Trd, 4319395.343, 138
Trd, 4319395.693, 137
Trd, 4319396.093, 135
Trd, 4319397.243, 131
Trd, 4319397.293, 103
Trd, 4319397.393, 92
Trd, 4319398.343, 92
Trd, 4319398.643, 101
Trd, 4319399.593, 61
Trd, 4319401.343, 68
Trd, 4319401.543, 67
Trd, 4319401.693, 139
Trd, 4319403.293, 140
Trd, 4319403.343, 105
Trd, 4319403.443, 98
Trd, 4319404.143, 123
Trd, 4319404.243, 87
Trd, 4319405.443, 140
Trd, 4319405.943, 140
Trd, 4319406.593, 140
Trd, 4319407.643, 133
Trd, 4319408.093, 128
Trd, 4319409.743, 140
Trd, 4319409.793, 140
Trd, 4319410.243, 139
Trd, 4319411.193, 108
Trd, 4319411.993, 139
Trd, 4319412.493, 140
Trd, 4319413.243, 138
Trd, 4319413.493, 137
Trd, 4319413.843, 109
Trd, 4319414.443, 139
Trd, 4319414.993, 109
Trd, 4319415.393, 140
Trd, 4319415.443, 77
Trd, 4319416.643, 64
Trd, 4319418.343, 66
Trd, 4319419.443, 139
Trd, 4319419.793, 125
Trd, 4319420.593, 125
Trd, 4319420.843, 124
Trd, 4319421.893, 139
Trd, 4319422.393, 89
Trd, 4319423.393, 140
Trd, 4319423.593, 140
Trd, 4319423.743, 137
Trd, 4319424.293, 89
Trd, 4319424.343, 88
Trd, 4319425.143, 139
Trd, 4319425.843, 131
Trd, 4319426.193, 124
Trd, 4319426.393, 123
Trd, 4319427.943, 140
Trd, 4319428.993, 140
Trd, 4319429.243, 138
Trd, 4319429.693, 121
Trd, 4319429.743, 76
Trd, 4319431.193, 140
Trd, 4319431.543, 137
Trd, 4319431.793, 93
Trd, 4319433.543, 118
Trd, 4319434.493, 140
Trd, 4319434.543, 140
Trd, 4319434.793, 129
Trd, 4319435.393, 61
Trd, 4319438.043, 62
Trd, 4319439.393, 61
Trd, 4319439.893, 60
Trd, 4319439.993, 60
Trd, 4319441.143, 64
Trd, 4319441.293, 63
Trd, 4319441.593, 61
Trd, 4319441.643, 65
Trd, 4319441.693, 77
Trd, 4319443.093, 140
Trd, 4319443.493, 140
Trd, 4319444.543, 140
Trd, 4319444.693, 140
Trd, 4319444.893, 140
Trd, 4319445.743, 140
Trd, 4319446.793, 138
Trd, 4319446.843, 129
Trd, 4319449.043, 104
Trd, 4319449.193, 102
Trd, 4319449.443, 126
Trd, 4319450.143, 126
Trd, 4319450.893, 140
Trd, 4319451.193, 140
Trd, 4319452.193, 140
Trd, 4319452.693, 140
Trd, 4319453.593, 140
Trd, 4319453.643, 140
Trd, 4319454.243, 139
Trd, 4319454.943, 139
Trd, 4319456.043, 140
Trd, 4319456.393, 140
Trd, 4319457.993, 132
Trd, 4319458.043, 129
Trd, 4319459.543, 140
Trd, 4319459.693, 140
Trd, 4319460.093, 81
Trd, 4319460.143, 80
Trd, 4319460.793, 140
Trd, 4319461.143, 118
Trd, 4319462.843, 140
Trd, 4319463.743, 64
Trd, 4319465.343, 60
Trd, 4319465.543, 62
Trd, 4319465.793, 61
Trd, 4319466.093, 61
Trd, 4319467.143, 64
Trd, 4319467.343, 68
Trd, 4319467.443, 98
Trd, 4319467.943, 64
Trd, 4319469.743, 79
Trd, 4319471.143, 60
Trd, 4319471.543, 66
Trd, 4319472.143, 129
Trd, 4319472.543, 101
Trd, 4319472.843, 123
Trd, 4319473.043, 99
Trd, 4319475.443, 63
Trd, 4319476.743, 60
Trd, 4319478.093, 60
Trd, 4319478.343, 60
Trd, 4319479.293, 60
Trd, 4319479.693, 67
Trd, 4319480.443, 62
Trd, 4319481.293, 60
Trd, 4319481.893, 62
Trd, 4319484.193, 62
Trd, 4319484.493, 62
Trd, 4319484.693, 62
Trd, 4319484.943, 62
Trd, 4319485.893, 64
Trd, 4319486.143, 62
Trd, 4319486.593, 71
Trd, 4319487.293, 65
Trd, 4319487.693, 82
Trd, 4319488.493, 66
Trd, 4319488.943, 65
Trd, 4319489.743, 71
Trd, 4319490.493, 100
Trd, 4319490.793, 92
Trd, 4319491.343, 94
Trd, 4319491.643, 92
Trd, 4319492.393, 105
Trd, 4319492.443, 69
Trd, 4319493.593, 62
Trd, 4319494.343, 70
Trd, 4319495.043, 64
Trd, 4319495.593, 66
Trd, 4319496.993, 140
Trd, 4319497.443, 140
Trd, 4319498.293, 136
Trd, 4319498.693, 134
Trd, 4319498.793, 133
Trd, 4319499.243, 140
Trd, 4319499.643, 123
Trd, 4319501.643, 140
Trd, 4319501.893, 140
Trd, 4319502.193, 140
Trd, 4319502.343, 140
Trd, 4319502.493, 140
Trd, 4319502.543, 140
Trd, 4319503.543, 67
Trd, 4319505.243, 62
Trd, 4319506.093, 66
Trd, 4319506.793, 78
Trd, 4319506.843, 78
Trd, 4319507.543, 62
Trd, 4319509.343, 61
Trd, 4319510.293, 62
Trd, 4319510.593, 64
Trd, 4319510.893, 64
Trd, 4319511.093, 71
Trd, 4319511.793, 64
Trd, 4319513.743, 139
Trd, 4319514.143, 138
Trd, 4319514.243, 108
Trd, 4319514.943, 109
Trd, 4319514.993, 108
Trd, 4319516.493, 140
Trd, 4319517.143, 140
Trd, 4319517.193, 138
Trd, 4319517.493, 140
Trd, 4319517.543, 113
Trd, 4319518.343, 114
Trd, 4319519.493, 112
Trd, 4319519.943, 140
Trd, 4319521.143, 140
Trd, 4319522.693, 140
Trd, 4319522.993, 140
Trd, 4319523.093, 140
Trd, 4319523.143, 102
Trd, 4319524.243, 125
Trd, 4319524.793, 140
Trd, 4319525.593, 140
Trd, 4319526.193, 140
Trd, 4319527.293, 135
Trd, 4319527.593, 104
Trd, 4319527.643, 102
Trd, 4319529.343, 66
Trd, 4319529.993, 69
Trd, 4319530.643, 62
Trd, 4319530.893, 63
Trd, 4319531.193, 118
Trd, 4319532.743, 61
Trd, 4319533.843, 70
Trd, 4319534.493, 62
Trd, 4319535.993, 137
Trd, 4319536.143, 136
Trd, 4319536.193, 93
Trd, 4319536.893, 100
Trd, 4319537.143, 100
Trd, 4319537.643, 90
Trd, 4319537.943, 110
Trd, 4319538.493, 119
Trd, 4319538.843, 93
Trd, 4319538.993, 71
Trd, 4319540.093, 118
Trd, 4319541.543, 140
Trd, 4319541.843, 140
Trd, 4319541.993, 140
Trd, 4319542.493, 102
Trd, 4319543.193, 63
Trd, 4319544.343, 140
Trd, 4319544.643, 140
Trd, 4319545.193, 139
Trd, 4319546.043, 140
Trd, 4319547.343, 132
Trd, 4319547.643, 132
Trd, 4319547.843, 140
Trd, 4319549.093, 137
Trd, 4319550.043, 108
Trd, 4319550.593, 66
Trd, 4319550.793, 61
Trd, 4319551.343, 64
Trd, 4319552.393, 63
Trd, 4319552.943, 62
Trd, 4319553.393, 61
Trd, 4319555.693, 60
Trd, 4319556.043, 61
Trd, 4319556.343, 67
Trd, 4319557.743, 60
Trd, 4319558.143, 61
Trd, 4319558.943, 61
Trd, 4319559.143, 101
Trd, 4319559.693, 68
Trd, 4319559.743, 73
Trd, 4319560.043, 73
Trd, 4319560.943, 65
Trd, 4319561.393, 64
Trd, 4319562.893, 83
Trd, 4319563.143, 78
Trd, 4319563.943, 96
Trd, 4319564.193, 63
Trd, 4319566.043, 61
Trd, 4319566.293, 61
Trd, 4319566.793, 60
Trd, 4319567.243, 62
Trd, 4319570.243, 60
Trd, 4319570.393, 61
Trd, 4319570.493, 61
Trd, 4319571.193, 61
Trd, 4319572.643, 62
Trd, 4319573.643, 62
Trd, 4319574.343, 60
Trd, 4319574.693, 64
Trd, 4319575.443, 86
Trd, 4319576.493, 68
Trd, 4319576.543, 67
Trd, 4319576.793, 113
Trd, 4319576.943, 66
Trd, 4319578.543, 137
Trd, 4319579.093, 136
Trd, 4319579.843, 140
Trd, 4319580.093, 135
Trd, 4319580.193, 83
Trd, 4319581.643, 140
Trd, 4319582.343, 140
Trd, 4319582.393, 140
Trd, 4319583.393, 140
Trd, 4319585.193, 140
Trd, 4319585.393, 140
Trd, 4319586.293, 140
Trd, 4319587.543, 140
Trd, 4319588.043, 140
Trd, 4319588.543, 140
Trd, 4319588.643, 140
Trd, 4319588.743, 139
Trd, 4319589.143, 138
Trd, 4319590.093, 60
Trd, 4319590.743, 60
Trd, 4319591.693, 140
Trd, 4319592.293, 140
Trd, 4319592.693, 140
Trd, 4319593.043, 140
Trd, 4319593.093, 115
Trd, 4319594.343, 139
Trd, 4319594.843, 89
Trd, 4319595.393, 140
Trd, 4319597.093, 140
Trd, 4319597.193, 140
Trd, 4319597.443, 118
Trd, 4319598.343, 115
Trd, 4319599.343, 64
Trd, 4319600.143, 73
Trd, 4319601.093, 132
Trd, 4319602.243, 61
Trd, 4319602.543, 64
Trd, 4319602.843, 60
Trd, 4319603.693, 63
Trd, 4319603.893, 60
Trd, 4319604.543, 61
Trd, 4319605.043, 62
Trd, 4319605.193, 63
Trd, 4319605.393, 62
Trd, 4319606.093, 84
Trd, 4319606.343, 83
Trd, 4319607.543, 140
Trd, 4319607.593, 68
Trd, 4319608.593, 140
Trd, 4319609.793, 101
Trd, 4319609.893, 124
Trd, 4319610.093, 126
Trd, 4319610.493, 118
Trd, 4319611.943, 60
Trd, 4319613.343, 61
Trd, 4319615.643, 60
Trd, 4319615.943, 62
Trd, 4319616.443, 72
Trd, 4319616.493, 113
Trd, 4319617.043, 139
Trd, 4319617.693, 139
Trd, 4319617.943, 137
Trd, 4319618.343, 73
Trd, 4319618.993, 140
Trd, 4319619.093, 140
Trd, 4319619.693, 140
Trd, 4319619.943, 140
Trd, 4319620.993, 96
Trd, 4319621.843, 72
Trd, 4319623.393, 140
Trd, 4319623.693, 140
Trd, 4319624.593, 139
Trd, 4319624.693, 134
Trd, 4319625.943, 140
Trd, 4319626.193, 140
Trd, 4319627.293, 140
Trd, 4319627.843, 140
Trd, 4319629.743, 140
Trd, 4319629.993, 140
Trd, 4319631.143, 140
Trd, 4319631.643, 140
Trd, 4319631.793, 91
Trd, 4319631.843, 90
Trd, 4319632.393, 91
Trd, 4319632.643, 65
Trd, 4319634.393, 62
Trd, 4319635.443, 64
Trd, 4319636.893, 64
Trd, 4319637.243, 65
Trd, 4319637.943, 67
Trd, 4319638.593, 62
Trd, 4319638.843, 73
Trd, 4319640.943, 62
Trd, 4319641.493, 63
Trd, 4319641.543, 63
Trd, 4319641.643, 64
Trd, 4319641.943, 140
Trd, 4319642.043, 140
Trd, 4319643.293, 63
Trd, 4319643.893, 62
Trd, 4319644.543, 100
Trd, 4319645.143, 62
Trd, 4319646.993, 61
Trd, 4319648.043, 60
Trd, 4319648.243, 68
Trd, 4319648.643, 72
Trd, 4319649.143, 139
Trd, 4319649.593, 113
Trd, 4319650.693, 94
Trd, 4319650.893, 116
Trd, 4319651.943, 96
Trd, 4319651.993, 95
Trd, 4319652.843, 140
Trd, 4319653.243, 140
Trd, 4319653.743, 140
Trd, 4319653.793, 140
Trd, 4319654.043, 94
Trd, 4319654.443, 80
Trd, 4319655.493, 139
Trd, 4319655.893, 134
Trd, 4319656.993, 140
Trd, 4319657.043, 140
Trd, 4319658.243, 140
Trd, 4319658.343, 140
Trd, 4319660.693, 140
Trd, 4319661.093, 140
Trd, 4319661.593, 121
Trd, 4319662.193, 137
Trd, 4319663.543, 110
Trd, 4319663.843, 116
Trd, 4319664.493, 84
Trd, 4319665.093, 139
Trd, 4319666.793, 138
Trd, 4319667.393, 139
Trd, 4319667.443, 137
Trd, 4319668.343, 106
Trd, 4319669.393, 101
Trd, 4319669.843, 82
Trd, 4319669.993, 140
Trd, 4319670.043, 70
Trd, 4319670.343, 96
Trd, 4319671.393, 122
Trd, 4319672.243, 68
Trd, 4319672.693, 69
Trd, 4319674.343, 60
Trd, 4319675.643, 60
Trd, 4319676.193, 60
Trd, 4319676.443, 61
Trd, 4319676.493, 63
Trd, 4319677.243, 64
Trd, 4319677.743, 137
Trd, 4319678.643, 67
Trd, 4319679.093, 65
Trd, 4319679.293, 64
Trd, 4319680.193, 139
Trd, 4319681.543, 140
Trd, 4319681.793, 140
Trd, 4319682.293, 139
Trd, 4319682.543, 138
Trd, 4319683.343, 62
Trd, 4319684.143, 65
Trd, 4319684.293, 65
Trd, 4319684.693, 126
Trd, 4319685.543, 74
Trd, 4319686.643, 63
Trd, 4319687.993, 64
Trd, 4319688.093, 86
Trd, 4319689.343, 60
Trd, 4319689.693, 60
Trd, 4319689.993, 63
Trd, 4319690.043, 64
Trd, 4319690.693, 61
Trd, 4319691.593, 140
Trd, 4319692.593, 120
Trd, 4319693.993, 140
Trd, 4319695.743, 140
Trd, 4319695.843, 140
Trd, 4319695.993, 140
Trd, 4319696.093, 140
Trd, 4319696.343, 140
Trd, 4319696.593, 135
Trd, 4319697.343, 139
Trd, 4319697.443, 73
Trd, 4319698.693, 127
Trd, 4319699.043, 65
Trd, 4319699.893, 66
Trd, 4319701.093, 140
Trd, 4319702.393, 140
Trd, 4319702.593, 139
Trd, 4319703.243, 130
Trd, 4319703.343, 129
Trd, 4319704.143, 140
Trd, 4319705.393, 61
Trd, 4319706.443, 63
Trd, 4319707.243, 61
Trd, 4319707.593, 67
Trd, 4319708.593, 61
Trd, 4319708.643, 63
Trd, 4319709.743, 60
Trd, 4319709.893, 64
Trd, 4319710.943, 60
Trd, 4319711.743, 64
Trd, 4319712.243, 67
Trd, 4319712.543, 65
Trd, 4319713.143, 62
Trd, 4319713.393, 119
Trd, 4319713.743, 67
Trd, 4319714.443, 66
Trd, 4319715.793, 60
Trd, 4319716.143, 101
Trd, 4319717.443, 74
Trd, 4319717.843, 75
Trd, 4319718.043, 106
Trd, 4319718.943, 109
Trd, 4319719.093, 74
Trd, 4319720.093, 79
Trd, 4319721.093, 140
Trd, 4319721.243, 136
Trd, 4319722.243, 140
Trd, 4319722.393, 140
Trd, 4319722.543, 135
Trd, 4319722.693, 122
Trd, 4319724.293, 65
Trd, 4319725.993, 139
Trd, 4319726.093, 72
Trd, 4319727.043, 140
Trd, 4319728.193, 140
Trd, 4319728.793, 140
Trd, 4319729.043, 140
Trd, 4319729.393, 139
Trd, 4319729.443, 139
Trd, 4319729.943, 104
Trd, 4319730.843, 87
Trd, 4319731.093, 85
Trd, 4319732.443, 140
Trd, 4319732.593, 140
Trd, 4319733.343, 140
Trd, 4319734.243, 140
Trd, 4319734.693, 140
Trd, 4319734.843, 140
Trd, 4319735.193, 85
Trd, 4319735.493, 109
Trd, 4319735.843, 78
Trd, 4319736.593, 60
Trd, 4319737.643, 65
Trd, 4319739.493, 69
Trd, 4319739.893, 60
Trd, 4319741.493, 61
Trd, 4319743.543, 60
Trd, 4319744.243, 61
Trd, 4319744.643, 61
Trd, 4319745.393, 61
Trd, 4319745.893, 64
Trd, 4319746.293, 69
Trd, 4319746.493, 68
Trd, 4319746.893, 70
Trd, 4319747.043, 66
Trd, 4319748.393, 60
Trd, 4319749.193, 140
Trd, 4319749.493, 140
Trd, 4319749.593, 140
Trd, 4319750.643, 112
Trd, 4319750.793, 79
Trd, 4319751.293, 63
Trd, 4319752.743, 140
Trd, 4319754.293, 140
Trd, 4319754.493, 117
Trd, 4319754.793, 101
Trd, 4319755.593, 118
Trd, 4319755.793, 140
Trd, 4319757.593, 65
Trd, 4319758.193, 67
Trd, 4319759.343, 61
Trd, 4319760.443, 68
Trd, 4319761.043, 62
Trd, 4319762.643, 60
Trd, 4319762.793, 61
Trd, 4319763.743, 65
Trd, 4319764.343, 60
Trd, 4319764.993, 66
Trd, 4319765.543, 96
Trd, 4319765.593, 61
Trd, 4319765.993, 62
Trd, 4319766.493, 64
Trd, 4319767.143, 68
Trd, 4319767.843, 104
Trd, 4319768.243, 66
Trd, 4319768.393, 65
Trd, 4319768.643, 69
Trd, 4319769.093, 140
Trd, 4319769.243, 84
Trd, 4319773.643, 60
Trd, 4319774.793, 66
Trd, 4319774.893, 68
Trd, 4319775.593, 140
Trd, 4319775.743, 139
Trd, 4319776.243, 90
Trd, 4319776.693, 92
Trd, 4319776.893, 91
Trd, 4319777.293, 90
Trd, 4319779.393, 60
Trd, 4319779.493, 60
Trd, 4319780.143, 61
Trd, 4319780.993, 62
Trd, 4319781.143, 61
Trd, 4319782.743, 139
Trd, 4319783.443, 140
Trd, 4319784.043, 138
Trd, 4319784.443, 138
Trd, 4319784.893, 139
Trd, 4319785.043, 89
Trd, 4319785.443, 77
Trd, 4319786.293, 61
Trd, 4319787.293, 63
Trd, 4319787.893, 140
Trd, 4319788.643, 139
Trd, 4319788.693, 137
Trd, 4319789.143, 136
Trd, 4319790.143, 97
Trd, 4319790.293, 96
Trd, 4319792.043, 136
Trd, 4319792.093, 105
Trd, 4319792.243, 102
Trd, 4319793.843, 60
Trd, 4319793.993, 63
Trd, 4319796.143, 65
Trd, 4319796.293, 62
Trd, 4319796.893, 76
Trd, 4319798.143, 61
Trd, 4319798.293, 71
Trd, 4319799.093, 64
Trd, 4319800.043, 137
Trd, 4319800.093, 135
Trd, 4319801.193, 68
Trd, 4319801.543, 67
Trd, 4319801.943, 70
Trd, 4319803.543, 138
Trd, 4319804.243, 83
Trd, 4319804.493, 92
Trd, 4319805.543, 60
Trd, 4319806.193, 60
Trd, 4319806.493, 61
Trd, 4319807.643, 67
Trd, 4319810.543, 61
Trd, 4319810.643, 61
Trd, 4319811.493, 66
Trd, 4319811.643, 62
Trd, 4319812.193, 67
Trd, 4319812.293, 71
Trd, 4319814.243, 61
Trd, 4319814.343, 66
Trd, 4319815.143, 121
Trd, 4319815.593, 64
Trd, 4319816.093, 82
Trd, 4319816.193, 81
Trd, 4319816.393, 63
Trd, 4319817.443, 65
Trd, 4319817.493, 105
Trd, 4319818.643, 105
Trd, 4319819.643, 83
Trd, 4319819.793, 80
Trd, 4319820.443, 62
Trd, 4319820.693, 66
Trd, 4319821.443, 62
Trd, 4319822.943, 62
Trd, 4319824.593, 60
Trd, 4319824.993, 61
Trd, 4319826.243, 60
Trd, 4319827.393, 61
Trd, 4319827.593, 60
Trd, 4319828.593, 60
Trd, 4319829.243, 61
Trd, 4319830.893, 62
Trd, 4319831.393, 63
Trd, 4319831.443, 70
Trd, 4319831.643, 63
Trd, 4319832.043, 62
Trd, 4319832.643, 66
Trd, 4319832.943, 69
Trd, 4319833.193, 140
Trd, 4319834.293, 139
Trd, 4319834.743, 104
Trd, 4319835.443, 127
Trd, 4319835.643, 96
Trd, 4319837.143, 64
Trd, 4319837.293, 63
Trd, 4319838.793, 140
Trd, 4319839.243, 140
Trd, 4319840.093, 140
Trd, 4319840.393, 137
Trd, 4319840.443, 120
Trd, 4319840.843, 138
Trd, 4319841.943, 108
Trd, 4319842.343, 62
Trd, 4319843.293, 64
Trd, 4319843.793, 65
Trd, 4319844.493, 80
Trd, 4319844.943, 64
Trd, 4319847.693, 61
Trd, 4319847.793, 61
Trd, 4319848.193, 61
Trd, 4319849.193, 68
Trd, 4319850.243, 65
Trd, 4319850.493, 139
Trd, 4319851.343, 140
Trd, 4319851.693, 140
Trd, 4319852.443, 140
Trd, 4319854.193, 140
Trd, 4319854.243, 140
Trd, 4319854.543, 140
Trd, 4319854.793, 109
Trd, 4319855.193, 140
Trd, 4319855.593, 87
Trd, 4319857.043, 105
Trd, 4319857.343, 124
Trd, 4319857.993, 87
Trd, 4319859.143, 140
Trd, 4319859.493, 140
Trd, 4319859.593, 87
Trd, 4319860.543, 90
Trd, 4319861.143, 139
Trd, 4319861.593, 106
Trd, 4319862.393, 92
Trd, 4319863.493, 140
Trd, 4319863.643, 140
Trd, 4319863.743, 109
Trd, 4319864.643, 136
Trd, 4319864.743, 135
Trd, 4319865.793, 140
Trd, 4319866.543, 140
Trd, 4319867.443, 140
Trd, 4319868.943, 140
Trd, 4319868.993, 117
Trd, 4319870.293, 140
Trd, 4319871.643, 140
Trd, 4319872.393, 140
Trd, 4319872.443, 140
Trd, 4319872.593, 140
Trd, 4319872.693, 103
Trd, 4319873.643, 62
Trd, 4319873.843, 69
Trd, 4319875.343, 140
Trd, 4319875.543, 140
Trd, 4319876.393, 140
Trd, 4319876.543, 102
Trd, 4319877.893, 103
Trd, 4319878.293, 102
Trd, 4319878.493, 139
Trd, 4319879.193, 139
Trd, 4319879.343, 140
Trd, 4319881.243, 136
Trd, 4319881.593, 97
Trd, 4319882.143, 93
Trd, 4319882.693, 140
Trd, 4319884.693, 140
Trd, 4319885.043, 140
Trd, 4319885.543, 140
Trd, 4319885.843, 140
Trd, 4319886.143, 119
Trd, 4319886.793, 139
Trd, 4319887.243, 116
Trd, 4319888.343, 67
Trd, 4319888.493, 68
Trd, 4319888.693, 133
Trd, 4319890.293, 86
Trd, 4319892.393, 60
Trd, 4319893.293, 60
Trd, 4319893.493, 61
Trd, 4319893.593, 67
Trd, 4319894.143, 62
Trd, 4319894.443, 60
Trd, 4319894.493, 122
Trd, 4319894.843, 128
Trd, 4319895.093, 60
Trd, 4319895.943, 140
Trd, 4319897.993, 62
Trd, 4319898.993, 70
Trd, 4319899.793, 60
Trd, 4319900.643, 63
Trd, 4319901.293, 65
Trd, 4319901.543, 66
Trd, 4319901.943, 61
Trd, 4319903.043, 61
Trd, 4319903.193, 65
Trd, 4319903.393, 74
Trd, 4319903.843, 77
Trd, 4319905.593, 114
Trd, 4319906.043, 113
Trd, 4319906.693, 123
Trd, 4319907.993, 61
Trd, 4319908.043, 61
Trd, 4319908.993, 80
Trd, 4319909.393, 140
Trd, 4319909.993, 61
Trd, 4319910.893, 61
Trd, 4319910.993, 63
Trd, 4319912.693, 62
Trd, 4319914.243, 62
Trd, 4319914.693, 60
Trd, 4319915.043, 60
Trd, 4319915.793, 65
Trd, 4319917.193, 60
Trd, 4319917.493, 61
Trd, 4319918.393, 60
Trd, 4319918.493, 61
Trd, 4319919.843, 61
Trd, 4319920.493, 100
Trd, 4319921.643, 60
Trd, 4319923.043, 63
Trd, 4319923.393, 63
Trd, 4319923.793, 60
Trd, 4319925.043, 60
Trd, 4319925.443, 61
Trd, 4319926.643, 61
Trd, 4319927.943, 60
Trd, 4319928.043, 60
Trd, 4319928.643, 61
Trd, 4319928.943, 63
Trd, 4319930.393, 60
Trd, 4319930.843, 60
Trd, 4319931.393, 60
Trd, 4319931.743, 65
Trd, 4319932.993, 83
Trd, 4319933.993, 62
Trd, 4319934.293, 64
Trd, 4319934.743, 63
Trd, 4319934.943, 82
Trd, 4319935.193, 65
Trd, 4319936.293, 140
Trd, 4319936.693, 140
Trd, 4319937.043, 88
Trd, 4319937.393, 87
Trd, 4319938.743, 140
Trd, 4319939.143, 140
Trd, 4319939.443, 135
Trd, 4319939.643, 121
Trd, 4319939.793, 75
Trd, 4319940.093, 140
Trd, 4319941.793, 104
Trd, 4319942.093, 73
Trd, 4319943.643, 60
Trd, 4319943.693, 61
Trd, 4319944.243, 65
Trd, 4319945.543, 63
Trd, 4319945.643, 67
Trd, 4319947.543, 60
Trd, 4319947.793, 61
Trd, 4319948.343, 63
Trd, 4319948.593, 68
Trd, 4319948.743, 91
Trd, 4319949.043, 62
Trd, 4319949.943, 61
Trd, 4319950.093, 64
Trd, 4319950.793, 140
Trd, 4319952.443, 60
Trd, 4319954.143, 60
Trd, 4319954.193, 61
Trd, 4319954.743, 61
Trd, 4319955.093, 62
Trd, 4319955.543, 71
Trd, 4319955.593, 116
Trd, 4319955.843, 60
Trd, 4319959.243, 60
Trd, 4319960.343, 60
Trd, 4319960.443, 61
Trd, 4319960.843, 60
Trd, 4319961.693, 61
Trd, 4319961.943, 138
Trd, 4319962.093, 68
Trd, 4319963.743, 138
Trd, 4319964.493, 140
Trd, 4319964.543, 140
Trd, 4319965.243, 140
Trd, 4319965.443, 140
Trd, 4319965.493, 140
Trd, 4319966.193, 60
Trd, 4319967.343, 109
Trd, 4319968.093, 121
Trd, 4319968.243, 125
Trd, 4319970.343, 63
Trd, 4319970.493, 66
Trd, 4319970.893, 94
Trd, 4319970.943, 93
Trd, 4319973.443, 66
Trd, 4319973.993, 62
Trd, 4319974.193, 69
Trd, 4319975.043, 63
Trd, 4319975.143, 136
Trd, 4319976.693, 62
Trd, 4319976.843, 140
Trd, 4319978.843, 60
Trd, 4319978.943, 61
Trd, 4319979.093, 61
Trd, 4319979.343, 63
Trd, 4319980.243, 73
Trd, 4319980.493, 140
Trd, 4319981.293, 66
Trd, 4319981.643, 75
Trd, 4319981.843, 106
Trd, 4319982.493, 138
Trd, 4319982.943, 140
Trd, 4319983.593, 68
Trd, 4319985.193, 62
Trd, 4319985.793, 62
Trd, 4319985.843, 69
Trd, 4319987.693, 65
Trd, 4319988.793, 65
Trd, 4319990.393, 60
Trd, 4319990.593, 63
Trd, 4319991.193, 61
Trd, 4319992.893, 60
Trd, 4319993.043, 60
Trd, 4319993.443, 60
Trd, 4319994.743, 60
Trd, 4319995.143, 61
Trd, 4319996.793, 60
Trd, 4319996.993, 63
Trd, 4319997.243, 60
Trd, 4319998.593, 66
Trd, 4319998.643, 116
Trd, 4319998.793, 62
Trd, 4319999.843, 72
