Trd, 4318122.693, 114
Trd, 4318123.143, 87
Trd, 4318123.493, 89
Trd, 4318124.193, 79
Trd, 4318124.393, 68
Trd, 4318124.643, 66
Trd, 4318125.143, 95
Trd, 4318125.943, 92
Trd, 4318126.843, 88
Trd, 4318126.943, 72
Trd, 4318129.593, 92
Trd, 4318129.843, 87
Trd, 4318131.593, 131
Trd, 4318131.943, 113
Trd, 4318132.443, 111
Trd, 4318132.593, 110
Trd, 4318133.043, 99
Trd, 4318133.543, 123
Trd, 4318134.743, 124
Trd, 4318135.243, 116
Trd, 4318136.343, 116
Trd, 4318138.443, 139
Trd, 4318138.993, 122
Trd, 4318139.293, 113
Trd, 4318139.443, 112
Trd, 4318139.743, 94
Trd, 4318141.343, 84
Trd, 4318141.643, 75
Trd, 4318142.293, 83
Trd, 4318143.043, 123
Trd, 4318143.143, 75
Trd, 4318143.443, 74
Trd, 4318144.393, 101
Trd, 4318144.993, 100
Trd, 4318145.443, 116
Trd, 4318146.093, 98
Trd, 4318146.243, 97
Trd, 4318146.293, 96
Trd, 4318146.843, 127
Trd, 4318148.743, 97
Trd, 4318149.143, 111
Trd, 4318149.493, 88
Trd, 4318149.793, 117
Trd, 4318150.243, 80
Trd, 4318153.043, 107
Trd, 4318153.143, 90
Trd, 4318153.293, 88
Trd, 4318154.143, 91
Trd, 4318155.793, 98
Trd, 4318156.443, 95
Trd, 4318156.743, 84
Trd, 4318158.043, 108
Trd, 4318158.543, 100
Trd, 4318159.643, 113
Trd, 4318160.443, 110
Trd, 4318160.593, 104
Trd, 4318160.743, 102
Trd, 4318161.343, 93
Trd, 4318162.243, 95
Trd, 4318162.893, 96
Trd, 4318164.843, 112
Trd, 4318164.893, 107
Trd, 4318165.293, 121
Trd, 4318165.693, 100
Trd, 4318165.743, 91
Trd, 4318166.993, 90
Trd, 4318167.643, 84
Trd, 4318167.693, 92
Trd, 4318168.643, 106
Trd, 4318169.293, 105
Trd, 4318169.693, 96
Trd, 4318170.893, 102
Trd, 4318171.593, 121
Trd, 4318171.693, 120
Trd, 4318173.893, 60
Trd, 4318174.143, 60
Trd, 4318175.193, 64
Trd, 4318175.343, 72
Trd, 4318175.543, 93
Trd, 4318176.793, 73
Trd, 4318177.343, 96
Trd, 4318177.543, 73
Trd, 4318179.293, 73
Trd, 4318179.643, 65
Trd, 4318181.343, 71
Trd, 4318181.943, 104
Trd, 4318182.143, 86
Trd, 4318182.293, 83
Trd, 4318183.193, 128
Trd, 4318184.893, 65
Trd, 4318185.243, 69
Trd, 4318185.543, 75
Trd, 4318187.243, 117
Trd, 4318187.593, 134
Trd, 4318188.093, 133
Trd, 4318188.943, 72
Trd, 4318191.143, 102
Trd, 4318191.593, 108
Trd, 4318192.693, 105
Trd, 4318193.043, 94
Trd, 4318193.543, 87
Trd, 4318194.993, 98
Trd, 4318195.143, 96
Trd, 4318196.043, 99
Trd, 4318196.493, 107
Trd, 4318197.243, 110
Trd, 4318198.093, 98
Trd, 4318198.793, 84
Trd, 4318199.493, 140
Trd, 4318199.543, 63
Trd, 4318200.543, 69
Trd, 4318200.893, 78
Trd, 4318202.543, 94
Trd, 4318203.393, 83
Trd, 4318203.643, 78
Trd, 4318204.243, 92
Trd, 4318205.493, 139
Trd, 4318205.693, 124
Trd, 4318206.693, 104
Trd, 4318206.843, 95
Trd, 4318207.843, 60
Trd, 4318208.293, 87
Trd, 4318208.793, 121
Trd, 4318209.143, 105
Trd, 4318211.793, 84
Trd, 4318212.543, 100
Trd, 4318213.393, 137
Trd, 4318213.793, 136
Trd, 4318215.943, 129
Trd, 4318216.143, 123
Trd, 4318216.493, 101
Trd, 4318217.243, 121
Trd, 4318217.693, 88
Trd, 4318218.043, 95
Trd, 4318218.443, 71
Trd, 4318219.093, 100
Trd, 4318220.193, 113
Trd, 4318220.843, 68
Trd, 4318221.543, 69
Trd, 4318221.743, 93
Trd, 4318222.693, 60
Trd, 4318222.743, 73
Trd, 4318223.643, 68
Trd, 4318224.093, 66
Trd, 4318224.693, 79
Trd, 4318226.793, 66
Trd, 4318227.393, 76
Trd, 4318228.343, 61
Trd, 4318228.843, 86
Trd, 4318229.343, 99
Trd, 4318230.543, 102
Trd, 4318233.043, 66
Trd, 4318234.643, 63
Trd, 4318235.243, 61
Trd, 4318235.843, 68
Trd, 4318235.943, 85
Trd, 4318237.693, 79
Trd, 4318238.343, 87
Trd, 4318238.843, 80
Trd, 4318239.093, 78
Trd, 4318239.943, 103
Trd, 4318240.943, 78
Trd, 4318241.193, 97
Trd, 4318241.593, 98
Trd, 4318242.543, 98
Trd, 4318243.243, 100
Trd, 4318243.793, 108
Trd, 4318243.993, 101
Trd, 4318244.993, 129
Trd, 4318246.593, 122
Trd, 4318246.943, 113
Trd, 4318247.843, 110
Trd, 4318247.993, 109
Trd, 4318249.493, 90
Trd, 4318250.093, 107
Trd, 4318250.193, 87
Trd, 4318250.843, 80
Trd, 4318252.393, 70
Trd, 4318252.743, 72
Trd, 4318252.893, 81
Trd, 4318254.343, 74
Trd, 4318254.443, 70
Trd, 4318256.443, 60
Trd, 4318257.143, 60
Trd, 4318257.993, 69
Trd, 4318258.293, 61
Trd, 4318259.593, 63
Trd, 4318260.243, 69
Trd, 4318260.443, 65
Trd, 4318261.043, 68
Trd, 4318261.543, 67
Trd, 4318262.343, 111
Trd, 4318262.943, 82
Trd, 4318264.293, 103
Trd, 4318264.893, 101
Trd, 4318265.093, 99
Trd, 4318265.143, 94
Trd, 4318266.193, 69
Trd, 4318266.243, 107
Trd, 4318268.293, 66
Trd, 4318268.593, 72
Trd, 4318269.243, 123
Trd, 4318269.693, 87
Trd, 4318270.893, 60
Trd, 4318272.343, 70
Trd, 4318273.293, 84
Trd, 4318274.443, 92
Trd, 4318275.293, 81
Trd, 4318275.543, 76
Trd, 4318276.843, 112
Trd, 4318276.993, 107
Trd, 4318277.343, 127
Trd, 4318277.943, 107
Trd, 4318278.043, 107
Trd, 4318278.643, 76
Trd, 4318279.643, 113
Trd, 4318280.043, 100
Trd, 4318281.093, 100
Trd, 4318281.493, 135
Trd, 4318283.293, 111
Trd, 4318284.643, 98
Trd, 4318285.293, 112
Trd, 4318286.293, 128
Trd, 4318286.993, 130
Trd, 4318287.143, 126
Trd, 4318287.193, 115
Trd, 4318287.893, 109
Trd, 4318288.793, 109
Trd, 4318289.143, 128
Trd, 4318290.343, 124
Trd, 4318290.993, 112
Trd, 4318291.243, 93
Trd, 4318292.643, 86
Trd, 4318292.993, 84
Trd, 4318293.593, 84
Trd, 4318293.643, 82
Trd, 4318294.293, 84
Trd, 4318296.293, 75
Trd, 4318296.343, 122
Trd, 4318297.293, 63
Trd, 4318297.593, 97
Trd, 4318297.993, 117
Trd, 4318298.543, 95
Trd, 4318299.543, 113
Trd, 4318299.643, 112
Trd, 4318300.043, 97
Trd, 4318302.743, 102
Trd, 4318302.793, 92
Trd, 4318302.893, 85
Trd, 4318302.993, 83
Trd, 4318304.693, 71
Trd, 4318305.193, 62
Trd, 4318306.393, 62
Trd, 4318307.993, 65
Trd, 4318308.993, 68
Trd, 4318309.293, 85
Trd, 4318309.943, 77
Trd, 4318311.093, 94
Trd, 4318311.193, 87
Trd, 4318312.193, 133
Trd, 4318313.493, 116
Trd, 4318313.943, 106
Trd, 4318314.043, 103
Trd, 4318314.943, 130
Trd, 4318315.043, 67
Trd, 4318316.043, 61
Trd, 4318316.643, 60
Trd, 4318318.343, 104
Trd, 4318319.243, 89
Trd, 4318319.493, 94
Trd, 4318320.143, 89
Trd, 4318320.693, 90
Trd, 4318321.743, 82
Trd, 4318322.243, 131
Trd, 4318322.293, 109
Trd, 4318323.143, 105
Trd, 4318324.543, 101
Trd, 4318324.693, 96
Trd, 4318324.843, 81
Trd, 4318325.293, 60
Trd, 4318326.843, 68
Trd, 4318327.893, 74
Trd, 4318328.343, 100
Trd, 4318328.643, 96
Trd, 4318329.343, 95
Trd, 4318329.443, 90
Trd, 4318330.293, 70
Trd, 4318331.043, 79
Trd, 4318331.493, 86
Trd, 4318333.393, 114
Trd, 4318333.443, 92
Trd, 4318333.693, 97
Trd, 4318335.693, 80
Trd, 4318335.943, 100
Trd, 4318336.743, 83
Trd, 4318337.393, 96
Trd, 4318337.893, 79
Trd, 4318338.043, 75
Trd, 4318339.943, 98
Trd, 4318340.493, 91
Trd, 4318340.643, 105
Trd, 4318340.743, 90
Trd, 4318342.693, 70
Trd, 4318343.343, 70
Trd, 4318343.993, 69
Trd, 4318344.743, 74
Trd, 4318344.943, 72
Trd, 4318345.843, 73
Trd, 4318346.093, 70
Trd, 4318346.193, 73
Trd, 4318346.393, 77
Trd, 4318347.793, 130
Trd, 4318348.293, 108
Trd, 4318349.443, 126
Trd, 4318349.643, 102
Trd, 4318350.143, 137
Trd, 4318351.693, 116
Trd, 4318352.243, 121
Trd, 4318352.543, 118
Trd, 4318353.093, 112
Trd, 4318353.743, 103
Trd, 4318355.193, 111
Trd, 4318355.993, 101
Trd, 4318356.793, 99
Trd, 4318357.493, 116
Trd, 4318357.593, 106
Trd, 4318358.393, 97
Trd, 4318358.543, 98
Trd, 4318359.293, 97
Trd, 4318359.743, 92
Trd, 4318360.393, 82
Trd, 4318361.593, 64
Trd, 4318362.093, 67
Trd, 4318363.343, 73
Trd, 4318364.143, 73
Trd, 4318364.943, 91
Trd, 4318365.743, 89
Trd, 4318366.543, 105
Trd, 4318366.993, 96
Trd, 4318368.093, 86
Trd, 4318368.343, 80
Trd, 4318369.393, 67
Trd, 4318370.593, 70
Trd, 4318371.093, 107
Trd, 4318371.393, 106
Trd, 4318373.093, 108
Trd, 4318373.243, 103
Trd, 4318373.443, 103
Trd, 4318374.093, 82
Trd, 4318376.093, 113
Trd, 4318376.593, 113
Trd, 4318377.843, 106
Trd, 4318378.693, 138
Trd, 4318378.793, 116
Trd, 4318379.693, 113
Trd, 4318380.243, 109
Trd, 4318380.743, 108
Trd, 4318381.443, 116
Trd, 4318381.493, 97
Trd, 4318382.493, 119
Trd, 4318382.693, 86
Trd, 4318383.743, 112
Trd, 4318384.193, 97
Trd, 4318384.843, 101
Trd, 4318386.943, 133
Trd, 4318387.093, 128
Trd, 4318388.393, 125
Trd, 4318388.443, 124
Trd, 4318390.543, 138
Trd, 4318392.393, 122
Trd, 4318392.443, 122
Trd, 4318392.643, 99
Trd, 4318392.743, 88
Trd, 4318393.043, 87
Trd, 4318393.593, 75
Trd, 4318394.493, 99
Trd, 4318395.093, 110
Trd, 4318395.493, 121
Trd, 4318396.193, 98
Trd, 4318397.243, 95
Trd, 4318397.343, 106
Trd, 4318397.793, 95
Trd, 4318398.893, 133
Trd, 4318399.943, 101
Trd, 4318399.993, 100
Trd, 4318400.493, 87
Trd, 4318401.393, 123
Trd, 4318402.093, 93
Trd, 4318402.893, 91
Trd, 4318404.393, 102
Trd, 4318406.543, 102
Trd, 4318406.743, 101
Trd, 4318407.493, 119
Trd, 4318408.493, 101
Trd, 4318408.693, 98
Trd, 4318408.793, 90
Trd, 4318409.743, 88
Trd, 4318411.043, 76
Trd, 4318411.343, 85
Trd, 4318413.893, 122
Trd, 4318415.243, 117
Trd, 4318415.843, 111
Trd, 4318415.993, 110
Trd, 4318416.293, 106
Trd, 4318417.843, 111
Trd, 4318417.893, 94
Trd, 4318418.443, 77
Trd, 4318418.793, 114
Trd, 4318419.893, 121
Trd, 4318420.043, 75
Trd, 4318421.893, 94
Trd, 4318422.593, 119
Trd, 4318423.693, 86
Trd, 4318423.793, 100
Trd, 4318424.293, 84
Trd, 4318425.243, 101
Trd, 4318425.693, 87
Trd, 4318426.043, 83
Trd, 4318427.343, 63
Trd, 4318427.893, 89
Trd, 4318428.393, 63
Trd, 4318428.593, 65
Trd, 4318429.693, 109
Trd, 4318430.243, 93
Trd, 4318430.693, 105
Trd, 4318431.293, 120
Trd, 4318431.393, 100
Trd, 4318433.843, 105
Trd, 4318434.593, 112
Trd, 4318434.643, 96
Trd, 4318435.243, 85
Trd, 4318435.543, 67
Trd, 4318436.293, 127
Trd, 4318436.693, 96
Trd, 4318437.243, 92
Trd, 4318438.543, 91
Trd, 4318439.893, 99
Trd, 4318440.393, 137
Trd, 4318440.493, 114
Trd, 4318440.693, 108
Trd, 4318441.843, 103
Trd, 4318442.593, 107
Trd, 4318443.293, 108
Trd, 4318443.543, 102
Trd, 4318444.143, 99
Trd, 4318444.393, 65
Trd, 4318445.893, 65
Trd, 4318447.893, 60
Trd, 4318449.043, 67
Trd, 4318449.493, 61
Trd, 4318449.893, 99
Trd, 4318450.093, 60
Trd, 4318450.243, 108
Trd, 4318450.693, 92
Trd, 4318451.443, 83
Trd, 4318451.693, 81
Trd, 4318451.743, 88
Trd, 4318454.693, 60
Trd, 4318454.743, 61
Trd, 4318455.643, 61
Trd, 4318455.693, 64
Trd, 4318455.743, 96
Trd, 4318456.143, 86
Trd, 4318456.493, 86
Trd, 4318457.393, 98
Trd, 4318457.793, 86
Trd, 4318459.443, 103
Trd, 4318459.643, 106
Trd, 4318459.843, 98
Trd, 4318459.893, 87
Trd, 4318460.193, 110
Trd, 4318462.893, 122
Trd, 4318463.093, 131
Trd, 4318463.643, 116
Trd, 4318463.843, 115
Trd, 4318464.143, 114
Trd, 4318464.543, 106
Trd, 4318465.593, 121
Trd, 4318466.043, 122
Trd, 4318466.643, 115
Trd, 4318467.293, 113
Trd, 4318467.343, 96
Trd, 4318468.543, 87
Trd, 4318468.993, 103
Trd, 4318469.893, 124
Trd, 4318470.393, 118
Trd, 4318471.543, 118
Trd, 4318472.093, 121
Trd, 4318472.543, 110
Trd, 4318473.493, 109
Trd, 4318473.793, 117
Trd, 4318474.943, 105
Trd, 4318475.443, 94
Trd, 4318476.343, 116
Trd, 4318476.543, 104
Trd, 4318476.793, 99
Trd, 4318477.193, 129
Trd, 4318477.543, 84
Trd, 4318478.893, 135
Trd, 4318479.043, 128
Trd, 4318481.143, 112
Trd, 4318481.693, 117
Trd, 4318482.593, 110
Trd, 4318484.643, 115
Trd, 4318485.593, 109
Trd, 4318486.093, 94
Trd, 4318486.243, 90
Trd, 4318486.743, 114
Trd, 4318486.993, 99
Trd, 4318487.693, 108
Trd, 4318488.193, 96
Trd, 4318490.593, 105
Trd, 4318490.893, 113
Trd, 4318490.943, 100
Trd, 4318491.293, 103
Trd, 4318491.443, 98
Trd, 4318492.293, 134
Trd, 4318492.893, 120
Trd, 4318493.043, 106
Trd, 4318493.893, 115
Trd, 4318494.443, 108
Trd, 4318495.493, 82
Trd, 4318496.943, 98
Trd, 4318497.493, 90
Trd, 4318498.443, 127
Trd, 4318498.943, 104
Trd, 4318499.693, 116
Trd, 4318499.993, 110
Trd, 4318501.293, 128
Trd, 4318501.493, 112
Trd, 4318501.893, 111
Trd, 4318501.943, 108
Trd, 4318504.343, 112
Trd, 4318504.593, 110
Trd, 4318506.043, 130
Trd, 4318506.093, 130
Trd, 4318506.443, 111
Trd, 4318506.543, 103
Trd, 4318507.143, 136
Trd, 4318507.243, 112
Trd, 4318507.793, 102
Trd, 4318508.093, 94
Trd, 4318510.193, 99
Trd, 4318510.293, 108
Trd, 4318511.143, 98
Trd, 4318511.443, 109
Trd, 4318513.493, 138
Trd, 4318513.693, 131
Trd, 4318513.793, 115
Trd, 4318514.393, 107
Trd, 4318515.343, 106
Trd, 4318515.393, 115
Trd, 4318516.043, 105
Trd, 4318516.893, 90
Trd, 4318517.243, 89
Trd, 4318517.293, 80
Trd, 4318517.443, 101
Trd, 4318518.043, 77
Trd, 4318518.593, 72
Trd, 4318520.143, 100
Trd, 4318521.443, 99
Trd, 4318522.543, 95
Trd, 4318523.243, 96
Trd, 4318524.493, 100
Trd, 4318525.643, 126
Trd, 4318525.793, 101
Trd, 4318525.943, 96
Trd, 4318526.493, 100
Trd, 4318528.193, 64
Trd, 4318528.493, 75
Trd, 4318528.943, 67
Trd, 4318529.943, 62
Trd, 4318529.993, 113
Trd, 4318530.743, 77
Trd, 4318532.993, 65
Trd, 4318533.743, 106
Trd, 4318534.093, 119
Trd, 4318534.493, 88
Trd, 4318534.593, 87
Trd, 4318534.743, 103
Trd, 4318535.993, 140
Trd, 4318536.443, 131
Trd, 4318536.643, 129
Trd, 4318538.393, 104
Trd, 4318538.493, 126
Trd, 4318539.543, 103
Trd, 4318540.293, 95
Trd, 4318540.793, 90
Trd, 4318541.893, 127
Trd, 4318542.193, 103
Trd, 4318543.343, 100
Trd, 4318543.593, 98
Trd, 4318543.743, 109
Trd, 4318543.993, 96
Trd, 4318544.093, 94
Trd, 4318544.243, 78
Trd, 4318546.293, 60
Trd, 4318546.743, 64
Trd, 4318548.143, 60
Trd, 4318548.793, 60
Trd, 4318549.893, 68
Trd, 4318553.093, 64
Trd, 4318553.493, 63
Trd, 4318553.693, 66
Trd, 4318554.893, 90
Trd, 4318555.693, 136
Trd, 4318555.793, 114
Trd, 4318555.893, 96
Trd, 4318556.293, 89
Trd, 4318556.993, 95
Trd, 4318557.043, 101
Trd, 4318557.793, 87
Trd, 4318559.593, 125
Trd, 4318559.743, 122
Trd, 4318560.543, 110
Trd, 4318561.943, 104
Trd, 4318562.393, 100
Trd, 4318563.593, 95
Trd, 4318564.143, 112
Trd, 4318564.443, 83
Trd, 4318564.793, 105
Trd, 4318565.443, 94
Trd, 4318567.143, 124
Trd, 4318567.293, 95
Trd, 4318568.343, 65
Trd, 4318569.843, 135
Trd, 4318570.093, 93
Trd, 4318570.693, 92
Trd, 4318571.693, 118
Trd, 4318573.443, 108
Trd, 4318573.893, 106
Trd, 4318574.093, 98
Trd, 4318574.543, 85
Trd, 4318575.643, 90
Trd, 4318576.793, 131
Trd, 4318577.293, 127
Trd, 4318578.893, 128
Trd, 4318578.993, 125
Trd, 4318580.143, 123
Trd, 4318580.393, 121
Trd, 4318581.393, 136
Trd, 4318583.643, 118
Trd, 4318584.293, 112
Trd, 4318584.593, 109
Trd, 4318585.193, 124
Trd, 4318585.893, 103
Trd, 4318587.843, 125
Trd, 4318588.643, 107
Trd, 4318589.443, 112
Trd, 4318589.493, 107
Trd, 4318590.343, 106
Trd, 4318590.393, 89
Trd, 4318591.643, 84
Trd, 4318592.543, 107
Trd, 4318592.843, 127
Trd, 4318593.793, 92
Trd, 4318594.493, 135
Trd, 4318595.393, 113
Trd, 4318595.643, 68
Trd, 4318596.993, 78
Trd, 4318597.343, 106
Trd, 4318598.143, 105
Trd, 4318599.443, 106
Trd, 4318600.093, 106
Trd, 4318600.693, 105
Trd, 4318602.293, 131
Trd, 4318603.093, 121
Trd, 4318603.343, 120
Trd, 4318603.943, 114
Trd, 4318604.043, 111
Trd, 4318604.643, 104
Trd, 4318605.193, 96
Trd, 4318605.893, 91
Trd, 4318606.243, 134
Trd, 4318606.343, 106
Trd, 4318606.593, 89
Trd, 4318606.993, 81
Trd, 4318608.093, 86
Trd, 4318609.543, 102
Trd, 4318609.793, 101
Trd, 4318611.543, 119
Trd, 4318611.843, 119
Trd, 4318612.893, 111
Trd, 4318612.943, 110
Trd, 4318613.743, 122
Trd, 4318615.293, 125
Trd, 4318615.593, 118
Trd, 4318616.293, 92
Trd, 4318616.343, 90
Trd, 4318617.243, 108
Trd, 4318617.893, 92
Trd, 4318618.643, 89
Trd, 4318619.493, 84
Trd, 4318619.943, 95
Trd, 4318620.493, 98
Trd, 4318621.493, 122
Trd, 4318621.593, 108
Trd, 4318621.693, 106
Trd, 4318623.343, 78
Trd, 4318624.293, 95
Trd, 4318624.393, 80
Trd, 4318625.643, 120
Trd, 4318625.993, 94
Trd, 4318627.043, 125
Trd, 4318627.893, 105
Trd, 4318629.293, 99
Trd, 4318629.993, 91
Trd, 4318630.593, 91
Trd, 4318630.793, 101
Trd, 4318630.893, 90
Trd, 4318631.043, 89
Trd, 4318632.843, 61
Trd, 4318633.193, 86
Trd, 4318633.793, 116
Trd, 4318634.743, 91
Trd, 4318635.093, 130
Trd, 4318635.893, 84
Trd, 4318636.743, 105
Trd, 4318637.293, 86
Trd, 4318638.293, 89
Trd, 4318639.393, 81
Trd, 4318639.793, 139
Trd, 4318640.343, 71
Trd, 4318641.543, 101
Trd, 4318642.343, 103
Trd, 4318642.793, 87
Trd, 4318643.193, 83
Trd, 4318644.943, 82
Trd, 4318645.243, 73
Trd, 4318646.443, 79
Trd, 4318647.393, 80
Trd, 4318647.643, 91
Trd, 4318647.943, 90
Trd, 4318649.543, 115
Trd, 4318649.943, 76
Trd, 4318650.693, 92
Trd, 4318650.743, 72
Trd, 4318651.493, 74
Trd, 4318653.043, 118
Trd, 4318653.193, 87
Trd, 4318654.393, 121
Trd, 4318654.943, 114
Trd, 4318655.293, 106
Trd, 4318655.543, 105
Trd, 4318657.743, 88
Trd, 4318657.943, 86
Trd, 4318658.543, 87
Trd, 4318659.793, 93
Trd, 4318660.293, 85
Trd, 4318660.393, 83
Trd, 4318661.693, 120
Trd, 4318662.093, 104
Trd, 4318662.293, 105
Trd, 4318663.543, 83
Trd, 4318663.593, 123
Trd, 4318665.143, 77
Trd, 4318665.193, 74
Trd, 4318666.543, 72
Trd, 4318667.193, 87
Trd, 4318667.243, 68
Trd, 4318667.393, 111
Trd, 4318668.443, 66
Trd, 4318669.193, 93
Trd, 4318669.393, 76
Trd, 4318670.243, 118
Trd, 4318670.343, 78
Trd, 4318670.843, 71
Trd, 4318672.693, 77
Trd, 4318672.743, 94
Trd, 4318672.943, 75
Trd, 4318673.193, 93
Trd, 4318673.993, 74
Trd, 4318674.543, 101
Trd, 4318675.093, 75
Trd, 4318675.693, 85
Trd, 4318676.743, 84
Trd, 4318678.743, 90
Trd, 4318679.043, 129
Trd, 4318679.093, 89
Trd, 4318679.143, 78
Trd, 4318680.593, 105
Trd, 4318681.843, 128
Trd, 4318682.643, 131
Trd, 4318682.793, 113
Trd, 4318683.443, 106
Trd, 4318684.093, 101
Trd, 4318684.243, 96
Trd, 4318685.243, 121
Trd, 4318685.543, 93
Trd, 4318685.843, 87
Trd, 4318686.443, 93
Trd, 4318687.743, 83
Trd, 4318687.793, 81
Trd, 4318688.343, 67
Trd, 4318689.793, 97
Trd, 4318689.993, 76
Trd, 4318691.643, 90
Trd, 4318692.243, 77
Trd, 4318692.293, 123
Trd, 4318693.343, 116
Trd, 4318694.093, 109
Trd, 4318694.243, 103
Trd, 4318694.293, 92
Trd, 4318695.643, 81
Trd, 4318695.693, 76
Trd, 4318698.093, 67
Trd, 4318698.593, 61
Trd, 4318698.843, 80
Trd, 4318699.343, 78
Trd, 4318700.293, 102
Trd, 4318700.643, 79
Trd, 4318700.943, 77
Trd, 4318702.743, 85
Trd, 4318702.843, 80
Trd, 4318705.693, 121
Trd, 4318706.343, 117
Trd, 4318706.443, 112
Trd, 4318706.843, 105
Trd, 4318706.893, 87
Trd, 4318707.143, 93
Trd, 4318708.593, 92
Trd, 4318709.093, 112
Trd, 4318709.243, 109
Trd, 4318710.393, 105
Trd, 4318710.443, 115
Trd, 4318710.693, 101
Trd, 4318711.893, 110
Trd, 4318712.343, 97
Trd, 4318712.693, 77
Trd, 4318713.493, 117
Trd, 4318715.193, 86
Trd, 4318715.443, 60
Trd, 4318716.543, 91
Trd, 4318717.493, 98
Trd, 4318718.293, 78
Trd, 4318718.393, 85
Trd, 4318719.343, 89
Trd, 4318719.493, 83
Trd, 4318719.943, 76
Trd, 4318720.893, 109
Trd, 4318721.493, 128
Trd, 4318722.893, 113
Trd, 4318723.793, 111
Trd, 4318724.093, 97
Trd, 4318724.393, 93
Trd, 4318724.693, 93
Trd, 4318726.093, 74
Trd, 4318726.993, 66
Trd, 4318728.743, 85
Trd, 4318729.043, 80
Trd, 4318729.393, 81
Trd, 4318729.893, 77
Trd, 4318730.893, 72
Trd, 4318732.543, 135
Trd, 4318733.693, 122
Trd, 4318734.043, 121
Trd, 4318734.293, 121
Trd, 4318734.693, 107
Trd, 4318735.193, 107
Trd, 4318735.743, 99
Trd, 4318735.943, 95
Trd, 4318736.993, 116
Trd, 4318737.393, 101
Trd, 4318738.343, 118
Trd, 4318738.593, 116
Trd, 4318738.743, 103
Trd, 4318739.643, 97
Trd, 4318740.343, 101
Trd, 4318743.643, 105
Trd, 4318744.043, 104
Trd, 4318744.193, 93
Trd, 4318744.643, 114
Trd, 4318744.743, 109
Trd, 4318745.893, 111
Trd, 4318746.243, 101
Trd, 4318746.743, 90
Trd, 4318747.843, 77
Trd, 4318748.293, 102
Trd, 4318749.293, 81
Trd, 4318749.643, 80
Trd, 4318751.143, 94
Trd, 4318751.293, 89
Trd, 4318751.893, 102
Trd, 4318752.293, 92
Trd, 4318752.743, 97
Trd, 4318753.093, 91
Trd, 4318754.643, 80
Trd, 4318754.743, 77
Trd, 4318755.493, 74
Trd, 4318756.593, 108
Trd, 4318757.693, 95
Trd, 4318758.593, 101
Trd, 4318759.643, 111
Trd, 4318760.293, 117
Trd, 4318760.443, 88
Trd, 4318761.593, 126
Trd, 4318762.843, 125
Trd, 4318762.993, 107
Trd, 4318763.293, 107
Trd, 4318763.693, 104
Trd, 4318764.693, 82
Trd, 4318765.743, 111
Trd, 4318766.143, 102
Trd, 4318766.393, 97
Trd, 4318766.643, 83
Trd, 4318767.993, 106
Trd, 4318768.143, 86
Trd, 4318769.393, 108
Trd, 4318770.493, 101
Trd, 4318770.793, 101
Trd, 4318772.543, 124
Trd, 4318773.243, 135
Trd, 4318773.493, 102
Trd, 4318773.643, 92
Trd, 4318773.743, 80
Trd, 4318774.143, 75
Trd, 4318776.793, 118
Trd, 4318778.043, 120
Trd, 4318778.243, 79
Trd, 4318779.193, 107
Trd, 4318779.393, 133
Trd, 4318780.243, 106
Trd, 4318780.343, 97
Trd, 4318780.993, 84
Trd, 4318781.043, 110
Trd, 4318781.643, 139
Trd, 4318782.643, 76
Trd, 4318783.443, 74
Trd, 4318783.743, 66
Trd, 4318785.643, 70
Trd, 4318785.943, 73
Trd, 4318786.343, 123
Trd, 4318786.943, 127
Trd, 4318787.493, 67
Trd, 4318788.443, 99
Trd, 4318788.793, 98
Trd, 4318789.093, 91
Trd, 4318789.743, 112
Trd, 4318790.793, 112
Trd, 4318791.893, 95
Trd, 4318792.493, 89
Trd, 4318793.093, 100
Trd, 4318793.943, 73
Trd, 4318795.643, 100
Trd, 4318795.793, 92
Trd, 4318796.943, 73
Trd, 4318797.093, 83
Trd, 4318797.793, 82
Trd, 4318799.893, 89
Trd, 4318800.043, 101
Trd, 4318800.793, 80
Trd, 4318802.343, 78
Trd, 4318802.393, 93
Trd, 4318802.593, 121
Trd, 4318802.843, 77
Trd, 4318803.293, 70
Trd, 4318805.343, 93
Trd, 4318805.393, 88
Trd, 4318806.193, 111
Trd, 4318806.793, 93
Trd, 4318806.943, 85
Trd, 4318808.493, 119
Trd, 4318810.043, 103
Trd, 4318810.093, 108
Trd, 4318810.243, 91
Trd, 4318810.343, 84
Trd, 4318811.293, 84
Trd, 4318812.143, 136
Trd, 4318812.543, 110
Trd, 4318813.243, 106
Trd, 4318814.093, 100
Trd, 4318816.543, 103
Trd, 4318816.943, 102
Trd, 4318817.193, 96
Trd, 4318817.343, 94
Trd, 4318817.843, 91
Trd, 4318819.893, 106
Trd, 4318819.943, 94
Trd, 4318819.993, 89
Trd, 4318820.143, 88
Trd, 4318820.243, 81
Trd, 4318820.393, 109
Trd, 4318821.443, 104
Trd, 4318822.943, 96
Trd, 4318823.443, 84
Trd, 4318823.793, 93
Trd, 4318825.393, 128
Trd, 4318826.193, 104
Trd, 4318826.743, 139
Trd, 4318826.793, 104
Trd, 4318827.043, 81
Trd, 4318827.493, 80
Trd, 4318829.193, 111
Trd, 4318830.743, 108
Trd, 4318830.843, 97
Trd, 4318831.043, 92
Trd, 4318831.293, 88
Trd, 4318832.493, 75
Trd, 4318833.043, 112
Trd, 4318833.243, 84
Trd, 4318834.293, 80
Trd, 4318836.193, 62
Trd, 4318836.793, 67
Trd, 4318837.193, 71
Trd, 4318838.243, 69
Trd, 4318838.693, 70
Trd, 4318839.143, 71
Trd, 4318839.393, 69
Trd, 4318840.293, 68
Trd, 4318841.543, 66
Trd, 4318841.843, 65
Trd, 4318842.543, 63
Trd, 4318842.993, 90
Trd, 4318843.793, 87
Trd, 4318843.843, 79
Trd, 4318845.343, 98
Trd, 4318845.743, 93
Trd, 4318847.293, 90
Trd, 4318847.543, 83
Trd, 4318848.743, 135
Trd, 4318849.793, 125
Trd, 4318849.843, 121
Trd, 4318850.893, 95
Trd, 4318851.393, 115
Trd, 4318851.843, 88
Trd, 4318852.343, 75
Trd, 4318852.893, 72
Trd, 4318853.743, 82
Trd, 4318855.443, 98
Trd, 4318855.543, 93
Trd, 4318855.593, 90
Trd, 4318855.993, 89
Trd, 4318856.443, 77
Trd, 4318858.043, 87
Trd, 4318858.093, 86
Trd, 4318858.793, 75
Trd, 4318859.443, 136
Trd, 4318859.993, 115
Trd, 4318860.593, 69
Trd, 4318861.093, 69
Trd, 4318862.093, 74
Trd, 4318862.793, 70
Trd, 4318862.893, 65
Trd, 4318865.443, 93
Trd, 4318865.493, 89
Trd, 4318865.593, 85
Trd, 4318865.993, 78
Trd, 4318866.593, 68
Trd, 4318868.093, 74
Trd, 4318868.843, 100
Trd, 4318869.143, 99
Trd, 4318869.593, 102
Trd, 4318870.343, 85
Trd, 4318872.343, 76
Trd, 4318873.493, 77
Trd, 4318874.743, 85
Trd, 4318875.193, 117
Trd, 4318875.393, 103
Trd, 4318875.743, 134
Trd, 4318876.693, 104
Trd, 4318876.793, 103
Trd, 4318877.443, 106
Trd, 4318877.693, 105
Trd, 4318877.843, 93
Trd, 4318878.393, 87
Trd, 4318878.993, 86
Trd, 4318879.593, 108
Trd, 4318882.143, 100
Trd, 4318882.543, 90
Trd, 4318882.693, 87
Trd, 4318883.243, 74
Trd, 4318883.593, 109
Trd, 4318884.843, 89
Trd, 4318885.343, 97
Trd, 4318885.393, 94
Trd, 4318886.143, 74
Trd, 4318887.293, 62
Trd, 4318889.043, 60
Trd, 4318889.593, 74
Trd, 4318890.543, 62
Trd, 4318890.643, 68
Trd, 4318890.843, 98
Trd, 4318892.443, 94
Trd, 4318892.543, 74
Trd, 4318893.293, 77
Trd, 4318893.843, 86
Trd, 4318894.543, 76
Trd, 4318895.643, 100
Trd, 4318897.493, 133
Trd, 4318897.893, 111
Trd, 4318898.143, 123
Trd, 4318899.243, 109
Trd, 4318900.193, 88
Trd, 4318900.843, 86
Trd, 4318900.993, 76
Trd, 4318901.343, 78
Trd, 4318902.143, 71
Trd, 4318902.593, 104
Trd, 4318902.743, 72
Trd, 4318904.093, 104
Trd, 4318904.743, 65
Trd, 4318905.743, 75
Trd, 4318906.043, 72
Trd, 4318907.043, 68
Trd, 4318907.493, 123
Trd, 4318909.343, 86
Trd, 4318909.993, 95
Trd, 4318911.343, 96
Trd, 4318912.093, 90
Trd, 4318912.543, 84
Trd, 4318913.043, 78
Trd, 4318914.093, 97
Trd, 4318914.743, 102
Trd, 4318915.443, 100
Trd, 4318916.093, 114
Trd, 4318916.243, 106
Trd, 4318916.343, 100
Trd, 4318916.593, 96
Trd, 4318918.143, 133
Trd, 4318918.743, 92
Trd, 4318919.693, 89
Trd, 4318920.143, 104
Trd, 4318921.143, 114
Trd, 4318921.843, 66
Trd, 4318923.393, 76
Trd, 4318923.843, 94
Trd, 4318924.843, 98
Trd, 4318925.443, 94
Trd, 4318925.593, 83
Trd, 4318926.293, 94
Trd, 4318928.193, 108
Trd, 4318928.793, 99
Trd, 4318928.943, 97
Trd, 4318929.293, 102
Trd, 4318930.393, 76
Trd, 4318930.693, 122
Trd, 4318931.193, 91
Trd, 4318932.943, 105
Trd, 4318934.493, 119
Trd, 4318935.443, 100
Trd, 4318936.543, 96
Trd, 4318936.793, 86
Trd, 4318937.143, 87
Trd, 4318937.793, 100
Trd, 4318938.243, 95
Trd, 4318938.843, 91
Trd, 4318939.593, 98
Trd, 4318939.893, 74
Trd, 4318940.643, 68
Trd, 4318941.593, 122
Trd, 4318943.043, 121
Trd, 4318943.343, 99
Trd, 4318943.543, 92
Trd, 4318943.793, 62
Trd, 4318945.743, 61
Trd, 4318946.643, 60
Trd, 4318946.793, 66
Trd, 4318947.043, 89
Trd, 4318948.593, 131
Trd, 4318949.243, 104
Trd, 4318949.493, 94
Trd, 4318949.743, 90
Trd, 4318950.643, 109
Trd, 4318950.693, 108
Trd, 4318950.993, 80
Trd, 4318951.093, 75
Trd, 4318953.443, 62
Trd, 4318953.993, 63
Trd, 4318954.543, 63
Trd, 4318955.143, 64
Trd, 4318955.593, 94
Trd, 4318956.793, 116
Trd, 4318957.643, 115
Trd, 4318958.493, 96
Trd, 4318958.993, 106
Trd, 4318959.693, 98
Trd, 4318960.093, 67
Trd, 4318960.443, 68
Trd, 4318960.493, 61
Trd, 4318962.393, 87
Trd, 4318963.493, 87
Trd, 4318963.943, 87
Trd, 4318965.193, 84
Trd, 4318966.293, 68
Trd, 4318966.393, 72
Trd, 4318966.843, 70
Trd, 4318967.443, 71
Trd, 4318969.793, 135
Trd, 4318969.893, 127
Trd, 4318970.043, 126
Trd, 4318970.193, 127
Trd, 4318971.093, 126
Trd, 4318971.293, 115
Trd, 4318971.343, 102
Trd, 4318973.043, 118
Trd, 4318973.843, 98
Trd, 4318974.693, 104
Trd, 4318975.143, 138
Trd, 4318976.193, 138
Trd, 4318976.743, 98
Trd, 4318977.593, 89
Trd, 4318977.993, 90
Trd, 4318978.493, 87
Trd, 4318979.543, 88
Trd, 4318980.093, 81
Trd, 4318980.143, 72
Trd, 4318980.193, 62
Trd, 4318981.543, 73
Trd, 4318984.393, 108
Trd, 4318984.793, 102
Trd, 4318985.693, 92
Trd, 4318985.843, 105
Trd, 4318986.093, 115
Trd, 4318986.543, 125
Trd, 4318986.743, 120
Trd, 4318987.993, 92
Trd, 4318988.493, 90
Trd, 4318989.043, 116
Trd, 4318989.893, 90
Trd, 4318989.943, 89
Trd, 4318990.993, 119
Trd, 4318991.743, 136
Trd, 4318992.043, 118
Trd, 4318992.893, 102
Trd, 4318993.393, 117
Trd, 4318993.543, 114
Trd, 4318994.993, 139
Trd, 4318995.743, 116
Trd, 4318996.693, 108
Trd, 4318997.843, 102
Trd, 4318998.693, 102
Trd, 4319000.343, 127
Trd, 4319000.843, 114
Trd, 4319001.493, 121
Trd, 4319001.543, 106
Trd, 4319002.193, 119
Trd, 4319003.793, 137
Trd, 4319004.043, 130
Trd, 4319004.093, 116
Trd, 4319004.243, 112
Trd, 4319005.993, 103
Trd, 4319006.993, 104
Trd, 4319007.593, 102
Trd, 4319008.293, 98
Trd, 4319008.493, 92
Trd, 4319008.743, 91
Trd, 4319009.693, 120
Trd, 4319010.443, 118
Trd, 4319011.593, 112
Trd, 4319011.893, 106
Trd, 4319012.443, 84
Trd, 4319013.343, 93
Trd, 4319013.393, 87
Trd, 4319013.893, 81
Trd, 4319013.943, 126
Trd, 4319014.443, 110
Trd, 4319016.593, 101
Trd, 4319017.593, 82
Trd, 4319017.693, 81
Trd, 4319018.843, 129
Trd, 4319019.593, 112
Trd, 4319020.743, 109
Trd, 4319021.043, 100
Trd, 4319021.543, 129
Trd, 4319022.093, 92
Trd, 4319022.543, 86
Trd, 4319023.543, 75
Trd, 4319024.393, 100
Trd, 4319026.343, 89
Trd, 4319026.493, 88
Trd, 4319026.693, 102
Trd, 4319027.393, 84
Trd, 4319028.443, 104
Trd, 4319029.343, 104
Trd, 4319030.343, 125
Trd, 4319030.843, 96
Trd, 4319031.343, 108
Trd, 4319031.793, 94
Trd, 4319031.893, 93
Trd, 4319032.443, 115
Trd, 4319033.143, 116
Trd, 4319034.493, 99
Trd, 4319034.693, 86
Trd, 4319034.743, 76
Trd, 4319036.093, 61
Trd, 4319037.143, 61
Trd, 4319037.893, 75
Trd, 4319039.293, 62
Trd, 4319040.093, 61
Trd, 4319040.293, 63
Trd, 4319040.793, 70
Trd, 4319041.043, 109
Trd, 4319043.193, 88
Trd, 4319043.543, 67
Trd, 4319044.743, 90
Trd, 4319045.343, 98
Trd, 4319045.393, 76
Trd, 4319046.493, 83
Trd, 4319046.743, 67
Trd, 4319049.043, 91
Trd, 4319049.793, 107
Trd, 4319049.843, 90
Trd, 4319049.943, 88
Trd, 4319050.093, 95
Trd, 4319050.643, 86
Trd, 4319050.893, 98
Trd, 4319051.743, 83
Trd, 4319052.193, 80
Trd, 4319052.643, 77
Trd, 4319054.243, 85
Trd, 4319055.643, 115
Trd, 4319056.193, 112
Trd, 4319056.343, 103
Trd, 4319056.493, 102
Trd, 4319056.993, 108
Trd, 4319057.443, 104
Trd, 4319057.643, 114
Trd, 4319059.243, 137
Trd, 4319059.443, 136
Trd, 4319060.543, 95
Trd, 4319061.193, 93
Trd, 4319062.293, 111
Trd, 4319062.993, 100
Trd, 4319063.443, 95
Trd, 4319063.893, 79
Trd, 4319065.793, 70
Trd, 4319065.893, 116
Trd, 4319067.393, 61
Trd, 4319067.893, 68
Trd, 4319068.943, 110
Trd, 4319069.943, 129
Trd, 4319070.893, 109
Trd, 4319071.593, 105
Trd, 4319071.893, 103
Trd, 4319072.693, 94
Trd, 4319073.243, 103
Trd, 4319073.393, 93
Trd, 4319073.743, 103
Trd, 4319075.393, 113
Trd, 4319076.043, 88
Trd, 4319076.143, 120
Trd, 4319076.893, 120
Trd, 4319076.943, 119
Trd, 4319077.243, 104
Trd, 4319077.793, 95
Trd, 4319078.593, 93
Trd, 4319079.793, 113
Trd, 4319080.493, 122
Trd, 4319080.893, 104
Trd, 4319081.993, 95
Trd, 4319083.643, 115
Trd, 4319083.893, 118
Trd, 4319084.193, 99
Trd, 4319084.243, 98
Trd, 4319084.493, 93
Trd, 4319085.493, 94
Trd, 4319086.643, 70
Trd, 4319088.143, 119
Trd, 4319088.643, 120
Trd, 4319089.093, 115
Trd, 4319090.593, 106
Trd, 4319091.193, 94
Trd, 4319091.743, 93
Trd, 4319092.443, 96
Trd, 4319092.493, 93
Trd, 4319093.843, 88
Trd, 4319093.943, 84
Trd, 4319095.493, 132
Trd, 4319095.993, 117
Trd, 4319096.093, 115
Trd, 4319097.443, 99
Trd, 4319097.643, 114
Trd, 4319097.843, 97
Trd, 4319098.093, 84
Trd, 4319098.593, 80
Trd, 4319099.743, 63
Trd, 4319100.443, 105
Trd, 4319100.493, 101
Trd, 4319102.243, 60
Trd, 4319102.393, 65
Trd, 4319103.943, 139
Trd, 4319104.243, 140
Trd, 4319105.493, 124
Trd, 4319106.843, 100
Trd, 4319107.643, 92
Trd, 4319107.893, 86
Trd, 4319107.993, 83
Trd, 4319109.893, 118
Trd, 4319110.243, 102
Trd, 4319110.493, 100
Trd, 4319110.593, 109
Trd, 4319111.093, 100
Trd, 4319112.043, 91
Trd, 4319112.343, 111
Trd, 4319113.043, 105
Trd, 4319113.343, 105
Trd, 4319113.893, 86
Trd, 4319116.943, 105
Trd, 4319117.143, 101
Trd, 4319117.793, 97
Trd, 4319117.943, 97
Trd, 4319118.093, 124
Trd, 4319119.243, 110
Trd, 4319120.943, 119
Trd, 4319121.243, 119
Trd, 4319122.243, 123
Trd, 4319123.093, 106
Trd, 4319123.493, 102
Trd, 4319123.843, 135
Trd, 4319124.043, 99
Trd, 4319125.443, 123
Trd, 4319125.593, 97
Trd, 4319126.093, 85
Trd, 4319126.443, 78
Trd, 4319127.793, 122
Trd, 4319127.943, 103
Trd, 4319129.293, 121
Trd, 4319129.943, 102
Trd, 4319130.093, 91
Trd, 4319131.343, 121
Trd, 4319132.393, 105
Trd, 4319133.693, 126
Trd, 4319134.793, 86
Trd, 4319135.343, 77
Trd, 4319136.143, 136
Trd, 4319136.243, 106
Trd, 4319137.443, 104
Trd, 4319137.693, 89
Trd, 4319138.093, 74
Trd, 4319139.043, 85
Trd, 4319139.393, 67
Trd, 4319140.593, 89
Trd, 4319142.393, 140
Trd, 4319143.043, 140
Trd, 4319143.443, 126
Trd, 4319143.943, 118
Trd, 4319144.443, 129
Trd, 4319145.393, 115
Trd, 4319146.293, 104
Trd, 4319146.393, 102
Trd, 4319147.243, 84
Trd, 4319148.593, 122
Trd, 4319149.943, 140
Trd, 4319150.493, 139
Trd, 4319151.793, 94
Trd, 4319151.843, 93
Trd, 4319152.143, 91
Trd, 4319153.743, 92
Trd, 4319154.793, 138
Trd, 4319155.143, 131
Trd, 4319155.943, 130
Trd, 4319156.343, 112
Trd, 4319157.143, 109
Trd, 4319157.943, 104
Trd, 4319158.043, 99
Trd, 4319158.543, 130
Trd, 4319160.693, 104
Trd, 4319161.093, 112
Trd, 4319161.443, 101
Trd, 4319162.593, 107
Trd, 4319163.293, 100
Trd, 4319163.443, 93
Trd, 4319163.493, 89
Trd, 4319163.593, 62
Trd, 4319164.493, 98
Trd, 4319164.993, 79
Trd, 4319166.143, 75
Trd, 4319166.793, 62
Trd, 4319167.293, 65
Trd, 4319167.893, 64
Trd, 4319168.843, 95
Trd, 4319169.343, 93
Trd, 4319169.393, 90
Trd, 4319170.843, 138
Trd, 4319172.093, 113
Trd, 4319174.143, 93
Trd, 4319174.343, 95
Trd, 4319175.393, 138
Trd, 4319175.643, 135
Trd, 4319177.143, 113
Trd, 4319177.393, 109
Trd, 4319177.543, 108
Trd, 4319177.593, 104
Trd, 4319179.393, 98
Trd, 4319180.443, 131
Trd, 4319180.893, 130
Trd, 4319182.093, 112
Trd, 4319182.893, 89
Trd, 4319183.743, 112
Trd, 4319184.143, 106
Trd, 4319184.643, 106
Trd, 4319185.043, 94
Trd, 4319185.893, 88
Trd, 4319187.543, 119
Trd, 4319188.343, 109
Trd, 4319189.193, 95
Trd, 4319189.743, 120
Trd, 4319190.093, 95
Trd, 4319190.543, 134
Trd, 4319191.093, 90
Trd, 4319192.343, 109
Trd, 4319192.393, 95
Trd, 4319193.143, 89
Trd, 4319194.193, 139
Trd, 4319195.093, 102
Trd, 4319195.593, 99
Trd, 4319195.743, 96
Trd, 4319196.693, 82
Trd, 4319197.993, 110
Trd, 4319198.993, 111
Trd, 4319199.593, 124
Trd, 4319199.793, 106
Trd, 4319199.893, 99
Trd, 4319200.293, 96
Trd, 4319201.193, 110
Trd, 4319201.343, 90
Trd, 4319202.093, 93
Trd, 4319203.493, 84
Trd, 4319203.943, 103
Trd, 4319205.143, 71
Trd, 4319205.593, 63
Trd, 4319207.393, 71
Trd, 4319208.193, 94
Trd, 4319208.343, 79
Trd, 4319208.893, 81
Trd, 4319209.393, 93
Trd, 4319209.593, 77
Trd, 4319210.043, 76
Trd, 4319210.893, 128
Trd, 4319212.493, 115
Trd, 4319212.693, 114
Trd, 4319213.343, 97
Trd, 4319213.843, 140
Trd, 4319215.143, 97
Trd, 4319215.793, 109
Trd, 4319216.643, 102
Trd, 4319217.243, 89
Trd, 4319218.493, 121
Trd, 4319219.593, 100
Trd, 4319220.143, 105
Trd, 4319220.593, 120
Trd, 4319220.643, 114
Trd, 4319220.843, 88
Trd, 4319221.593, 115
Trd, 4319222.443, 126
Trd, 4319224.243, 60
Trd, 4319225.043, 63
Trd, 4319225.493, 60
Trd, 4319225.993, 61
Trd, 4319227.093, 81
Trd, 4319227.243, 77
Trd, 4319228.543, 83
Trd, 4319228.793, 83
Trd, 4319229.243, 82
Trd, 4319229.293, 79
Trd, 4319231.393, 140
Trd, 4319232.143, 114
Trd, 4319232.493, 103
Trd, 4319232.593, 102
Trd, 4319233.293, 93
Trd, 4319234.293, 108
Trd, 4319234.743, 103
Trd, 4319235.643, 100
Trd, 4319236.593, 93
Trd, 4319237.793, 101
Trd, 4319238.693, 137
Trd, 4319239.393, 107
Trd, 4319239.443, 103
Trd, 4319240.793, 98
Trd, 4319241.293, 98
Trd, 4319242.393, 101
Trd, 4319243.043, 94
Trd, 4319243.193, 81
Trd, 4319243.793, 112
Trd, 4319244.543, 75
Trd, 4319245.543, 122
Trd, 4319246.493, 85
Trd, 4319246.693, 83
Trd, 4319246.943, 91
Trd, 4319248.643, 114
Trd, 4319248.843, 94
Trd, 4319249.743, 93
Trd, 4319249.943, 66
Trd, 4319249.993, 66
Trd, 4319251.443, 106
Trd, 4319252.693, 114
Trd, 4319253.193, 113
Trd, 4319253.443, 107
Trd, 4319253.843, 100
Trd, 4319255.093, 91
Trd, 4319255.843, 85
Trd, 4319256.093, 133
Trd, 4319256.893, 98
Trd, 4319257.093, 78
Trd, 4319258.043, 119
Trd, 4319259.193, 117
Trd, 4319259.793, 96
Trd, 4319260.093, 91
Trd, 4319260.693, 74
Trd, 4319261.243, 76
Trd, 4319261.893, 104
Trd, 4319262.043, 100
Trd, 4319262.943, 70
Trd, 4319264.293, 66
Trd, 4319265.693, 120
Trd, 4319265.943, 67
Trd, 4319266.593, 76
Trd, 4319266.993, 67
Trd, 4319267.443, 76
Trd, 4319267.593, 91
Trd, 4319268.243, 86
Trd, 4319269.043, 92
Trd, 4319270.243, 105
Trd, 4319270.543, 105
Trd, 4319272.493, 130
Trd, 4319273.343, 113
Trd, 4319274.393, 106
Trd, 4319275.143, 84
Trd, 4319275.443, 137
Trd, 4319276.043, 101
Trd, 4319276.743, 98
Trd, 4319277.993, 115
Trd, 4319278.193, 111
Trd, 4319278.793, 114
Trd, 4319279.643, 97
Trd, 4319279.943, 74
Trd, 4319280.143, 112
Trd, 4319282.443, 91
Trd, 4319282.943, 80
Trd, 4319285.343, 114
Trd, 4319285.493, 103
Trd, 4319285.743, 87
Trd, 4319285.843, 122
Trd, 4319285.993, 78
Trd, 4319286.493, 66
Trd, 4319287.543, 60
Trd, 4319288.543, 62
Trd, 4319289.193, 116
Trd, 4319289.493, 93
Trd, 4319290.243, 114
Trd, 4319290.293, 72
Trd, 4319290.993, 61
Trd, 4319291.443, 62
Trd, 4319293.243, 60
Trd, 4319293.343, 61
Trd, 4319293.793, 70
Trd, 4319295.043, 79
Trd, 4319295.193, 70
Trd, 4319296.043, 108
Trd, 4319296.843, 85
Trd, 4319298.193, 114
Trd, 4319298.793, 120
Trd, 4319299.693, 122
Trd, 4319300.493, 114
Trd, 4319301.043, 134
Trd, 4319301.343, 105
Trd, 4319301.393, 105
Trd, 4319303.293, 122
Trd, 4319303.843, 110
Trd, 4319304.093, 105
Trd, 4319304.293, 104
Trd, 4319305.393, 103
Trd, 4319305.643, 140
Trd, 4319306.193, 64
Trd, 4319307.793, 83
Trd, 4319308.793, 88
Trd, 4319309.143, 130
Trd, 4319309.393, 78
Trd, 4319310.243, 75
Trd, 4319310.743, 125
Trd, 4319311.643, 103
Trd, 4319312.793, 99
Trd, 4319313.593, 94
Trd, 4319313.843, 111
Trd, 4319314.443, 87
Trd, 4319315.843, 85
Trd, 4319317.243, 93
Trd, 4319318.043, 127
Trd, 4319318.143, 126
Trd, 4319318.743, 136
Trd, 4319318.793, 129
Trd, 4319319.943, 96
Trd, 4319320.043, 93
Trd, 4319322.543, 123
Trd, 4319322.593, 112
Trd, 4319322.943, 110
Trd, 4319323.143, 103
Trd, 4319323.543, 96
Trd, 4319324.193, 123
Trd, 4319324.293, 105
Trd, 4319325.343, 99
Trd, 4319326.443, 118
Trd, 4319327.543, 83
Trd, 4319327.993, 98
Trd, 4319329.043, 66
Trd, 4319329.693, 111
Trd, 4319330.543, 88
Trd, 4319330.893, 84
Trd, 4319331.543, 75
Trd, 4319332.693, 71
Trd, 4319334.293, 73
Trd, 4319334.843, 81
Trd, 4319336.093, 137
Trd, 4319336.743, 132
Trd, 4319337.293, 116
Trd, 4319338.493, 107
Trd, 4319338.793, 135
Trd, 4319339.193, 90
Trd, 4319339.343, 80
Trd, 4319339.993, 66
Trd, 4319342.243, 140
Trd, 4319342.593, 137
Trd, 4319343.993, 102
Trd, 4319344.843, 120
Trd, 4319345.693, 89
Trd, 4319346.443, 124
Trd, 4319346.993, 128
Trd, 4319347.143, 121
Trd, 4319347.993, 105
Trd, 4319348.343, 97
Trd, 4319348.743, 100
Trd, 4319350.343, 69
Trd, 4319351.043, 65
Trd, 4319351.793, 66
Trd, 4319352.193, 64
Trd, 4319353.443, 81
Trd, 4319354.093, 113
Trd, 4319356.043, 97
Trd, 4319356.343, 102
Trd, 4319356.743, 105
Trd, 4319357.993, 97
Trd, 4319358.243, 92
Trd, 4319360.443, 125
Trd, 4319360.893, 120
Trd, 4319361.793, 122
Trd, 4319361.843, 118
Trd, 4319362.043, 114
Trd, 4319362.193, 100
Trd, 4319362.943, 120
Trd, 4319363.343, 110
Trd, 4319364.043, 106
Trd, 4319365.293, 118
Trd, 4319365.743, 92
Trd, 4319367.593, 88
Trd, 4319367.993, 84
Trd, 4319368.243, 98
Trd, 4319368.943, 82
Trd, 4319369.093, 116
Trd, 4319370.293, 109
Trd, 4319370.443, 106
Trd, 4319371.343, 95
Trd, 4319371.393, 82
Trd, 4319372.143, 87
Trd, 4319372.643, 97
Trd, 4319373.243, 95
Trd, 4319374.293, 74
Trd, 4319375.993, 104
Trd, 4319376.343, 101
Trd, 4319376.643, 76
Trd, 4319377.243, 73
Trd, 4319377.443, 86
Trd, 4319379.393, 90
Trd, 4319379.743, 91
Trd, 4319379.893, 69
Trd, 4319380.093, 64
Trd, 4319380.793, 134
Trd, 4319382.493, 88
Trd, 4319382.843, 67
Trd, 4319382.943, 65
Trd, 4319384.643, 83
Trd, 4319384.693, 70
Trd, 4319384.993, 67
Trd, 4319386.193, 61
Trd, 4319386.993, 128
Trd, 4319387.843, 121
Trd, 4319388.043, 120
Trd, 4319388.243, 110
Trd, 4319388.543, 138
Trd, 4319389.743, 108
Trd, 4319389.893, 92
Trd, 4319390.343, 84
Trd, 4319390.993, 116
Trd, 4319392.493, 137
Trd, 4319392.593, 85
Trd, 4319393.643, 72
Trd, 4319396.243, 61
Trd, 4319397.143, 60
Trd, 4319397.293, 64
Trd, 4319397.493, 78
Trd, 4319398.443, 68
Trd, 4319398.893, 71
Trd, 4319399.043, 63
Trd, 4319399.443, 67
Trd, 4319400.243, 67
Trd, 4319401.993, 88
Trd, 4319402.143, 70
Trd, 4319402.443, 114
Trd, 4319403.443, 82
Trd, 4319403.843, 61
Trd, 4319404.293, 62
Trd, 4319404.543, 68
Trd, 4319405.793, 63
Trd, 4319407.293, 76
Trd, 4319407.393, 75
Trd, 4319407.593, 79
Trd, 4319409.293, 60
Trd, 4319410.243, 60
Trd, 4319410.893, 64
Trd, 4319411.443, 104
Trd, 4319411.843, 106
Trd, 4319412.643, 84
Trd, 4319412.843, 63
Trd, 4319414.243, 89
Trd, 4319414.793, 66
Trd, 4319416.393, 135
Trd, 4319416.743, 106
Trd, 4319417.593, 85
Trd, 4319417.693, 84
Trd, 4319418.093, 72
Trd, 4319418.993, 92
Trd, 4319419.443, 70
Trd, 4319420.493, 78
Trd, 4319421.243, 65
Trd, 4319422.893, 78
Trd, 4319423.543, 110
Trd, 4319424.493, 96
Trd, 4319424.593, 95
Trd, 4319425.343, 94
Trd, 4319425.893, 111
Trd, 4319426.643, 108
Trd, 4319427.393, 116
Trd, 4319428.693, 116
Trd, 4319428.993, 125
Trd, 4319429.193, 120
Trd, 4319430.643, 122
Trd, 4319431.143, 120
Trd, 4319431.893, 117
Trd, 4319432.393, 114
Trd, 4319432.693, 113
Trd, 4319432.793, 105
Trd, 4319433.243, 96
Trd, 4319433.943, 81
Trd, 4319436.493, 127
Trd, 4319436.743, 113
Trd, 4319439.593, 115
Trd, 4319440.043, 117
Trd, 4319440.093, 118
Trd, 4319440.393, 110
Trd, 4319440.843, 104
Trd, 4319441.743, 123
Trd, 4319443.043, 87
Trd, 4319443.343, 85
Trd, 4319443.893, 85
Trd, 4319444.343, 81
Trd, 4319445.043, 73
Trd, 4319445.643, 76
Trd, 4319446.043, 67
Trd, 4319446.643, 113
Trd, 4319448.043, 65
Trd, 4319449.893, 93
Trd, 4319450.943, 123
Trd, 4319450.993, 87
Trd, 4319451.293, 83
Trd, 4319452.043, 106
Trd, 4319452.643, 78
Trd, 4319453.193, 77
Trd, 4319453.793, 92
Trd, 4319454.443, 90
Trd, 4319455.343, 99
Trd, 4319456.693, 130
Trd, 4319456.793, 81
Trd, 4319458.043, 117
Trd, 4319458.093, 104
Trd, 4319458.943, 104
Trd, 4319459.393, 107
Trd, 4319460.643, 90
Trd, 4319461.043, 76
Trd, 4319461.293, 96
Trd, 4319461.993, 116
Trd, 4319463.243, 96
Trd, 4319464.243, 104
Trd, 4319464.543, 100
Trd, 4319465.193, 100
Trd, 4319465.643, 95
Trd, 4319467.693, 140
Trd, 4319467.743, 94
Trd, 4319468.943, 133
Trd, 4319469.293, 91
Trd, 4319469.443, 74
Trd, 4319469.593, 74
Trd, 4319471.593, 114
Trd, 4319472.393, 127
Trd, 4319472.443, 104
Trd, 4319472.693, 99
Trd, 4319473.293, 93
Trd, 4319473.843, 117
Trd, 4319475.143, 88
Trd, 4319475.693, 114
Trd, 4319476.193, 113
Trd, 4319476.593, 83
Trd, 4319476.743, 82
Trd, 4319478.443, 84
Trd, 4319478.743, 111
Trd, 4319478.793, 83
Trd, 4319479.593, 129
Trd, 4319480.743, 111
Trd, 4319481.143, 102
Trd, 4319481.343, 98
Trd, 4319481.893, 84
Trd, 4319482.243, 81
Trd, 4319482.493, 70
Trd, 4319484.893, 122
Trd, 4319485.493, 122
Trd, 4319485.593, 118
Trd, 4319485.743, 114
Trd, 4319486.493, 132
Trd, 4319487.043, 131
Trd, 4319488.593, 121
Trd, 4319488.793, 118
Trd, 4319489.843, 123
Trd, 4319490.743, 102
Trd, 4319491.493, 97
Trd, 4319492.093, 77
Trd, 4319492.543, 93
Trd, 4319493.143, 89
Trd, 4319494.643, 103
Trd, 4319495.393, 138
Trd, 4319495.893, 120
Trd, 4319496.343, 115
Trd, 4319496.493, 104
Trd, 4319496.843, 81
Trd, 4319497.993, 77
Trd, 4319498.343, 132
Trd, 4319499.743, 127
Trd, 4319500.193, 116
Trd, 4319500.393, 125
Trd, 4319500.893, 119
Trd, 4319501.293, 104
Trd, 4319501.493, 91
Trd, 4319503.393, 103
Trd, 4319504.093, 103
Trd, 4319504.393, 98
Trd, 4319504.993, 111
Trd, 4319505.893, 116
Trd, 4319506.193, 86
Trd, 4319507.443, 68
Trd, 4319507.893, 65
Trd, 4319509.043, 64
Trd, 4319510.843, 105
Trd, 4319511.493, 107
Trd, 4319511.743, 136
Trd, 4319513.293, 105
Trd, 4319514.343, 104
Trd, 4319514.593, 101
Trd, 4319514.643, 94
Trd, 4319514.943, 118
Trd, 4319515.993, 119
Trd, 4319516.293, 118
Trd, 4319516.893, 112
Trd, 4319517.043, 115
Trd, 4319517.893, 94
Trd, 4319518.093, 91
Trd, 4319520.843, 96
Trd, 4319522.193, 97
Trd, 4319522.393, 102
Trd, 4319522.543, 116
Trd, 4319522.993, 95
Trd, 4319523.693, 87
Trd, 4319524.343, 95
Trd, 4319524.443, 91
Trd, 4319525.943, 77
Trd, 4319527.393, 93
Trd, 4319528.093, 108
Trd, 4319528.293, 84
Trd, 4319529.043, 90
Trd, 4319530.293, 97
Trd, 4319530.493, 100
Trd, 4319530.943, 82
Trd, 4319532.843, 107
Trd, 4319533.093, 106
Trd, 4319533.493, 105
Trd, 4319534.543, 130
Trd, 4319534.943, 106
Trd, 4319535.943, 95
Trd, 4319536.743, 84
Trd, 4319537.193, 94
Trd, 4319538.293, 83
Trd, 4319538.393, 95
Trd, 4319539.243, 86
Trd, 4319539.793, 83
Trd, 4319540.043, 74
Trd, 4319540.793, 61
Trd, 4319541.543, 60
Trd, 4319542.343, 85
Trd, 4319542.893, 124
Trd, 4319543.243, 100
Trd, 4319545.343, 99
Trd, 4319545.443, 95
Trd, 4319545.543, 89
Trd, 4319546.943, 63
Trd, 4319547.893, 76
Trd, 4319548.943, 63
Trd, 4319549.443, 111
Trd, 4319549.943, 80
Trd, 4319549.993, 76
Trd, 4319550.293, 85
Trd, 4319550.593, 109
Trd, 4319551.593, 66
Trd, 4319553.093, 68
Trd, 4319553.393, 75
Trd, 4319553.893, 135
Trd, 4319554.443, 86
Trd, 4319555.793, 80
Trd, 4319556.043, 68
Trd, 4319557.693, 135
Trd, 4319558.343, 114
Trd, 4319558.443, 109
Trd, 4319559.443, 96
Trd, 4319559.993, 86
Trd, 4319561.743, 123
Trd, 4319563.193, 137
Trd, 4319563.243, 129
Trd, 4319563.293, 122
Trd, 4319563.493, 104
Trd, 4319564.993, 83
Trd, 4319566.543, 75
Trd, 4319567.443, 121
Trd, 4319567.743, 103
Trd, 4319567.943, 102
Trd, 4319568.093, 100
Trd, 4319570.593, 97
Trd, 4319570.743, 75
Trd, 4319572.143, 72
Trd, 4319572.193, 71
Trd, 4319572.843, 76
Trd, 4319573.293, 92
Trd, 4319574.393, 108
Trd, 4319575.093, 137
Trd, 4319576.043, 84
Trd, 4319576.143, 84
Trd, 4319576.193, 76
Trd, 4319578.143, 101
Trd, 4319578.793, 101
Trd, 4319579.993, 99
Trd, 4319581.493, 129
Trd, 4319581.743, 124
Trd, 4319581.993, 122
Trd, 4319582.893, 116
Trd, 4319583.193, 114
Trd, 4319583.293, 102
Trd, 4319584.193, 95
Trd, 4319584.543, 94
Trd, 4319585.093, 117
Trd, 4319585.343, 83
Trd, 4319585.443, 82
Trd, 4319587.293, 93
Trd, 4319587.543, 73
Trd, 4319589.243, 93
Trd, 4319589.493, 92
Trd, 4319592.093, 78
Trd, 4319592.193, 77
Trd, 4319592.693, 74
Trd, 4319592.743, 76
Trd, 4319593.143, 72
Trd, 4319594.343, 112
Trd, 4319595.893, 113
Trd, 4319595.943, 112
Trd, 4319596.293, 137
Trd, 4319596.493, 103
Trd, 4319596.643, 103
Trd, 4319596.843, 94
Trd, 4319597.393, 91
Trd, 4319597.543, 88
Trd, 4319598.293, 88
Trd, 4319599.543, 121
Trd, 4319599.893, 114
Trd, 4319600.343, 107
Trd, 4319600.993, 120
Trd, 4319601.643, 139
Trd, 4319603.343, 68
Trd, 4319604.593, 62
Trd, 4319604.943, 64
Trd, 4319605.143, 70
Trd, 4319605.843, 87
Trd, 4319606.543, 63
Trd, 4319607.743, 122
Trd, 4319609.943, 92
Trd, 4319610.893, 87
Trd, 4319611.293, 86
Trd, 4319611.393, 106
Trd, 4319611.493, 117
Trd, 4319611.793, 77
Trd, 4319612.443, 114
Trd, 4319612.943, 129
Trd, 4319613.593, 90
Trd, 4319614.693, 73
Trd, 4319615.843, 65
Trd, 4319616.443, 71
Trd, 4319617.043, 71
Trd, 4319619.793, 129
Trd, 4319619.843, 123
Trd, 4319620.443, 121
Trd, 4319620.543, 109
Trd, 4319620.643, 90
Trd, 4319621.293, 91
Trd, 4319623.393, 114
Trd, 4319623.943, 105
Trd, 4319625.593, 95
Trd, 4319627.343, 89
Trd, 4319627.643, 76
Trd, 4319628.743, 98
Trd, 4319629.893, 94
Trd, 4319630.093, 89
Trd, 4319630.793, 108
Trd, 4319631.093, 95
Trd, 4319632.293, 116
Trd, 4319632.693, 115
Trd, 4319633.293, 110
Trd, 4319633.393, 123
Trd, 4319633.493, 88
Trd, 4319635.093, 79
Trd, 4319635.393, 78
Trd, 4319637.543, 70
Trd, 4319637.993, 70
Trd, 4319638.743, 98
Trd, 4319638.843, 83
Trd, 4319639.193, 71
Trd, 4319639.993, 79
Trd, 4319640.193, 83
Trd, 4319641.793, 80
Trd, 4319642.093, 75
Trd, 4319642.893, 84
Trd, 4319643.543, 117
Trd, 4319644.243, 138
Trd, 4319644.643, 109
Trd, 4319644.743, 104
Trd, 4319645.043, 113
Trd, 4319645.943, 94
Trd, 4319646.043, 101
Trd, 4319647.093, 105
Trd, 4319647.193, 102
Trd, 4319647.243, 86
Trd, 4319649.743, 60
Trd, 4319650.493, 61
Trd, 4319651.043, 94
Trd, 4319651.443, 100
Trd, 4319652.943, 117
Trd, 4319653.293, 99
Trd, 4319654.493, 113
Trd, 4319654.543, 112
Trd, 4319655.343, 101
Trd, 4319655.643, 91
Trd, 4319656.893, 65
Trd, 4319657.243, 60
Trd, 4319658.993, 61
Trd, 4319659.293, 60
Trd, 4319659.443, 85
Trd, 4319660.393, 66
Trd, 4319661.543, 83
Trd, 4319662.093, 69
Trd, 4319663.343, 65
Trd, 4319663.643, 64
Trd, 4319664.793, 61
Trd, 4319665.693, 68
Trd, 4319666.443, 103
Trd, 4319667.243, 88
Trd, 4319667.543, 81
Trd, 4319668.043, 77
Trd, 4319669.193, 101
Trd, 4319669.693, 92
Trd, 4319672.143, 103
Trd, 4319672.693, 105
Trd, 4319672.843, 100
Trd, 4319673.393, 74
Trd, 4319674.193, 132
Trd, 4319674.443, 75
Trd, 4319674.543, 74
Trd, 4319676.393, 118
Trd, 4319676.743, 117
Trd, 4319676.893, 105
Trd, 4319677.043, 94
Trd, 4319677.593, 102
Trd, 4319677.743, 80
Trd, 4319678.443, 135
Trd, 4319678.893, 132
Trd, 4319679.093, 104
Trd, 4319681.293, 96
Trd, 4319681.543, 91
Trd, 4319681.643, 70
Trd, 4319682.293, 107
Trd, 4319683.243, 107
Trd, 4319684.893, 93
Trd, 4319684.943, 92
Trd, 4319685.043, 81
Trd, 4319685.393, 88
Trd, 4319685.943, 123
Trd, 4319688.193, 137
Trd, 4319689.193, 121
Trd, 4319690.143, 110
Trd, 4319690.343, 106
Trd, 4319690.893, 118
Trd, 4319691.243, 105
Trd, 4319691.393, 100
Trd, 4319691.543, 92
Trd, 4319692.243, 109
Trd, 4319693.443, 110
Trd, 4319694.343, 122
Trd, 4319695.093, 124
Trd, 4319695.993, 92
Trd, 4319697.093, 104
Trd, 4319697.443, 87
Trd, 4319699.743, 122
Trd, 4319699.793, 104
Trd, 4319700.743, 99
Trd, 4319702.043, 102
Trd, 4319702.443, 123
Trd, 4319702.593, 94
Trd, 4319702.793, 111
Trd, 4319703.193, 92
Trd, 4319704.143, 133
Trd, 4319704.893, 106
Trd, 4319706.493, 111
Trd, 4319706.843, 101
Trd, 4319707.293, 95
Trd, 4319708.193, 74
Trd, 4319708.843, 77
Trd, 4319709.343, 89
Trd, 4319709.943, 77
Trd, 4319710.243, 89
Trd, 4319710.693, 65
Trd, 4319711.943, 87
Trd, 4319712.093, 79
Trd, 4319712.293, 77
Trd, 4319713.843, 74
Trd, 4319714.543, 73
Trd, 4319715.993, 86
Trd, 4319716.343, 78
Trd, 4319717.493, 138
Trd, 4319717.893, 137
Trd, 4319718.643, 129
Trd, 4319719.243, 114
Trd, 4319719.543, 116
Trd, 4319719.743, 107
Trd, 4319719.793, 117
Trd, 4319720.843, 101
Trd, 4319721.643, 116
Trd, 4319722.093, 103
Trd, 4319722.243, 92
Trd, 4319722.593, 86
Trd, 4319723.593, 69
Trd, 4319724.343, 70
Trd, 4319724.493, 76
Trd, 4319725.993, 74
Trd, 4319726.643, 94
Trd, 4319727.043, 66
Trd, 4319727.543, 104
Trd, 4319728.793, 127
Trd, 4319729.093, 108
Trd, 4319730.593, 106
Trd, 4319730.943, 101
Trd, 4319731.143, 95
Trd, 4319731.443, 84
Trd, 4319731.843, 80
Trd, 4319732.293, 70
Trd, 4319732.993, 72
Trd, 4319734.093, 69
Trd, 4319734.793, 97
Trd, 4319735.343, 126
Trd, 4319735.543, 119
Trd, 4319735.643, 105
Trd, 4319737.343, 100
Trd, 4319738.543, 111
Trd, 4319738.843, 92
Trd, 4319738.893, 87
Trd, 4319739.793, 82
Trd, 4319741.543, 72
Trd, 4319741.793, 83
Trd, 4319742.143, 83
Trd, 4319743.543, 96
Trd, 4319743.943, 96
Trd, 4319744.093, 95
Trd, 4319744.743, 88
Trd, 4319745.693, 136
Trd, 4319746.343, 69
Trd, 4319746.393, 108
Trd, 4319748.593, 76
Trd, 4319748.993, 120
Trd, 4319749.343, 74
Trd, 4319750.093, 79
Trd, 4319752.443, 84
Trd, 4319753.093, 78
Trd, 4319753.343, 89
Trd, 4319753.943, 71
Trd, 4319754.293, 73
Trd, 4319754.743, 82
Trd, 4319755.643, 118
Trd, 4319756.143, 98
Trd, 4319756.893, 73
Trd, 4319758.243, 90
Trd, 4319759.393, 73
Trd, 4319759.943, 67
Trd, 4319760.293, 117
Trd, 4319762.043, 84
Trd, 4319762.193, 71
Trd, 4319762.493, 118
Trd, 4319763.093, 99
Trd, 4319763.793, 98
Trd, 4319763.843, 89
Trd, 4319763.943, 75
Trd, 4319764.943, 63
Trd, 4319765.343, 74
Trd, 4319766.743, 96
Trd, 4319766.893, 97
Trd, 4319767.893, 129
Trd, 4319768.393, 119
Trd, 4319769.243, 118
Trd, 4319770.543, 103
Trd, 4319771.693, 108
Trd, 4319772.393, 88
Trd, 4319772.643, 114
Trd, 4319773.343, 86
Trd, 4319773.943, 102
Trd, 4319774.643, 124
Trd, 4319774.943, 87
Trd, 4319775.093, 73
Trd, 4319776.093, 79
Trd, 4319776.743, 96
Trd, 4319777.443, 86
Trd, 4319778.343, 130
Trd, 4319779.043, 117
Trd, 4319779.593, 110
Trd, 4319781.643, 111
Trd, 4319781.743, 108
Trd, 4319781.793, 108
Trd, 4319783.293, 102
Trd, 4319784.143, 109
Trd, 4319784.993, 131
Trd, 4319785.793, 124
Trd, 4319786.143, 123
Trd, 4319786.443, 119
Trd, 4319787.643, 106
Trd, 4319788.093, 105
Trd, 4319789.093, 115
Trd, 4319789.493, 135
Trd, 4319790.243, 120
Trd, 4319790.693, 111
Trd, 4319790.943, 137
Trd, 4319791.793, 105
Trd, 4319791.893, 100
Trd, 4319792.343, 107
Trd, 4319792.843, 94
Trd, 4319792.993, 87
Trd, 4319794.143, 137
Trd, 4319794.943, 95
Trd, 4319795.643, 104
Trd, 4319796.543, 124
Trd, 4319796.843, 104
Trd, 4319796.893, 104
Trd, 4319796.993, 97
Trd, 4319798.493, 61
Trd, 4319801.543, 110
Trd, 4319802.743, 131
Trd, 4319802.893, 95
Trd, 4319803.043, 128
Trd, 4319803.093, 92
Trd, 4319803.243, 89
Trd, 4319804.243, 128
Trd, 4319805.143, 113
Trd, 4319806.943, 98
Trd, 4319807.893, 103
Trd, 4319808.093, 94
Trd, 4319809.393, 139
Trd, 4319809.643, 125
Trd, 4319810.093, 119
Trd, 4319810.143, 118
Trd, 4319811.593, 101
Trd, 4319812.443, 110
Trd, 4319812.543, 112
Trd, 4319812.893, 117
Trd, 4319813.043, 78
Trd, 4319813.743, 69
Trd, 4319814.543, 71
Trd, 4319814.893, 97
Trd, 4319815.643, 62
Trd, 4319816.443, 65
Trd, 4319817.243, 117
Trd, 4319818.143, 66
Trd, 4319818.443, 89
Trd, 4319819.943, 67
Trd, 4319820.093, 77
Trd, 4319820.393, 104
Trd, 4319822.293, 130
Trd, 4319822.443, 104
Trd, 4319822.643, 102
Trd, 4319822.793, 100
Trd, 4319822.893, 85
Trd, 4319823.693, 94
Trd, 4319824.193, 93
Trd, 4319825.493, 77
Trd, 4319826.943, 99
Trd, 4319827.143, 106
Trd, 4319827.943, 87
Trd, 4319829.143, 114
Trd, 4319829.693, 94
Trd, 4319829.743, 84
Trd, 4319830.893, 92
Trd, 4319830.993, 86
Trd, 4319831.443, 107
Trd, 4319831.743, 106
Trd, 4319832.243, 74
Trd, 4319834.043, 60
Trd, 4319835.143, 61
Trd, 4319835.893, 64
Trd, 4319835.993, 67
Trd, 4319837.743, 66
Trd, 4319838.543, 85
Trd, 4319839.143, 71
Trd, 4319840.943, 100
Trd, 4319841.443, 123
Trd, 4319842.993, 123
Trd, 4319843.143, 111
Trd, 4319843.393, 122
Trd, 4319843.943, 108
Trd, 4319844.393, 103
Trd, 4319846.043, 129
Trd, 4319846.243, 118
Trd, 4319846.993, 75
Trd, 4319847.493, 109
Trd, 4319848.193, 96
Trd, 4319848.993, 91
Trd, 4319849.943, 82
Trd, 4319850.643, 108
Trd, 4319851.293, 135
Trd, 4319852.593, 105
Trd, 4319852.843, 104
Trd, 4319853.693, 76
Trd, 4319853.793, 98
Trd, 4319853.893, 75
Trd, 4319855.343, 130
Trd, 4319855.593, 71
Trd, 4319857.243, 67
Trd, 4319859.393, 90
Trd, 4319860.343, 112
Trd, 4319860.543, 103
Trd, 4319860.693, 98
Trd, 4319861.843, 106
Trd, 4319862.643, 135
Trd, 4319863.493, 99
Trd, 4319863.893, 91
Trd, 4319864.793, 85
Trd, 4319865.693, 86
Trd, 4319866.243, 67
Trd, 4319866.693, 64
Trd, 4319867.393, 136
Trd, 4319868.193, 85
Trd, 4319868.343, 74
Trd, 4319869.793, 125
Trd, 4319870.293, 110
Trd, 4319870.543, 106
Trd, 4319870.593, 97
Trd, 4319871.343, 90
Trd, 4319871.543, 134
Trd, 4319871.943, 99
Trd, 4319873.493, 107
Trd, 4319874.293, 103
Trd, 4319875.493, 111
Trd, 4319875.643, 100
Trd, 4319876.593, 114
Trd, 4319876.743, 100
Trd, 4319877.593, 121
Trd, 4319878.843, 121
Trd, 4319879.193, 116
Trd, 4319879.543, 102
Trd, 4319879.993, 100
Trd, 4319880.193, 99
Trd, 4319880.943, 71
Trd, 4319881.393, 64
Trd, 4319882.593, 112
Trd, 4319883.793, 110
Trd, 4319884.643, 122
Trd, 4319886.143, 102
Trd, 4319886.393, 114
Trd, 4319886.643, 90
Trd, 4319886.893, 97
Trd, 4319887.593, 77
Trd, 4319888.243, 83
Trd, 4319889.543, 78
Trd, 4319889.793, 115
Trd, 4319889.993, 84
Trd, 4319890.393, 74
Trd, 4319891.193, 67
Trd, 4319891.993, 91
Trd, 4319893.643, 75
Trd, 4319893.993, 87
Trd, 4319894.693, 71
Trd, 4319895.343, 97
Trd, 4319896.943, 112
Trd, 4319897.193, 104
Trd, 4319897.293, 76
Trd, 4319898.493, 118
Trd, 4319898.993, 98
Trd, 4319900.293, 130
Trd, 4319900.393, 129
Trd, 4319901.343, 123
Trd, 4319901.393, 103
Trd, 4319902.243, 86
Trd, 4319903.743, 100
Trd, 4319904.443, 98
Trd, 4319904.793, 80
Trd, 4319904.893, 102
Trd, 4319904.943, 80
Trd, 4319905.143, 74
Trd, 4319905.893, 78
Trd, 4319907.293, 119
Trd, 4319907.993, 93
Trd, 4319908.243, 99
Trd, 4319909.193, 95
Trd, 4319909.543, 134
Trd, 4319909.843, 88
Trd, 4319911.693, 98
Trd, 4319912.343, 97
Trd, 4319912.493, 94
Trd, 4319913.193, 87
Trd, 4319913.543, 86
Trd, 4319914.293, 104
Trd, 4319915.743, 120
Trd, 4319916.243, 113
Trd, 4319916.593, 126
Trd, 4319917.893, 110
Trd, 4319918.393, 100
Trd, 4319918.643, 94
Trd, 4319920.593, 97
Trd, 4319921.043, 92
Trd, 4319921.393, 91
Trd, 4319922.043, 85
Trd, 4319923.143, 100
Trd, 4319923.343, 84
Trd, 4319924.193, 129
Trd, 4319924.893, 123
Trd, 4319925.193, 110
Trd, 4319925.243, 109
Trd, 4319925.993, 131
Trd, 4319926.843, 102
Trd, 4319927.993, 62
Trd, 4319928.093, 73
Trd, 4319929.393, 64
Trd, 4319931.893, 82
Trd, 4319932.193, 66
Trd, 4319932.643, 131
Trd, 4319932.993, 73
Trd, 4319933.143, 103
Trd, 4319935.143, 103
Trd, 4319935.943, 128
Trd, 4319936.243, 99
Trd, 4319936.393, 113
Trd, 4319936.543, 95
Trd, 4319936.643, 80
Trd, 4319938.543, 74
Trd, 4319938.743, 81
Trd, 4319941.043, 96
Trd, 4319941.143, 97
Trd, 4319941.393, 79
Trd, 4319942.443, 78
Trd, 4319944.293, 73
Trd, 4319944.343, 73
Trd, 4319944.943, 132
Trd, 4319945.693, 70
Trd, 4319945.793, 69
Trd, 4319947.743, 79
Trd, 4319948.493, 99
Trd, 4319949.293, 83
Trd, 4319950.093, 121
Trd, 4319951.693, 109
Trd, 4319952.693, 108
Trd, 4319952.793, 104
Trd, 4319953.093, 93
Trd, 4319953.593, 114
Trd, 4319954.543, 84
Trd, 4319954.643, 72
Trd, 4319955.543, 109
Trd, 4319955.993, 67
Trd, 4319957.493, 90
Trd, 4319957.643, 79
Trd, 4319959.193, 118
Trd, 4319959.843, 124
Trd, 4319960.143, 114
Trd, 4319960.543, 113
Trd, 4319961.743, 140
Trd, 4319961.943, 116
Trd, 4319962.543, 112
Trd, 4319963.543, 107
Trd, 4319963.893, 106
Trd, 4319963.993, 91
Trd, 4319964.143, 84
Trd, 4319965.843, 82
Trd, 4319966.843, 63
Trd, 4319966.993, 67
Trd, 4319970.243, 62
Trd, 4319970.993, 60
Trd, 4319971.043, 67
Trd, 4319971.743, 66
Trd, 4319972.393, 92
Trd, 4319972.443, 93
Trd, 4319974.393, 135
Trd, 4319974.643, 119
Trd, 4319974.993, 108
Trd, 4319975.093, 89
Trd, 4319975.793, 81
Trd, 4319976.493, 123
Trd, 4319977.093, 125
Trd, 4319977.443, 117
Trd, 4319978.443, 86
Trd, 4319979.043, 85
Trd, 4319979.593, 85
Trd, 4319983.043, 132
Trd, 4319983.243, 126
Trd, 4319983.693, 109
Trd, 4319983.893, 104
Trd, 4319984.493, 131
Trd, 4319984.593, 126
Trd, 4319984.643, 103
Trd, 4319985.393, 102
Trd, 4319985.693, 95
Trd, 4319985.943, 83
Trd, 4319989.043, 60
Trd, 4319990.143, 63
Trd, 4319990.393, 73
Trd, 4319990.593, 75
Trd, 4319991.093, 62
Trd, 4319993.443, 85
Trd, 4319993.693, 122
Trd, 4319994.043, 94
Trd, 4319994.293, 85
Trd, 4319995.093, 88
Trd, 4319997.043, 102
Trd, 4319997.443, 116
Trd, 4319998.093, 94
Trd, 4319998.293, 85
Trd, 4319998.843, 84
