Trd, 4318008.143, 140
Trd, 4318008.493, 140
Trd, 4318009.843, 140
Trd, 4318010.043, 140
Trd, 4318010.743, 140
Trd, 4318011.093, 140
Trd, 4318015.243, 140
Trd, 4318015.993, 140
Trd, 4318017.143, 140
Trd, 4318017.343, 140
Trd, 4318017.743, 140
Trd, 4318017.793, 139
Trd, 4318018.343, 139
Trd, 4318018.493, 139
Trd, 4318018.793, 138
Trd, 4318019.043, 139
Trd, 4318019.393, 140
Trd, 4318020.343, 140
Trd, 4318021.393, 134
Trd, 4318021.643, 140
Trd, 4318024.243, 140
Trd, 4318026.493, 140
Trd, 4318027.643, 140
Trd, 4318028.193, 140
Trd, 4318028.243, 140
Trd, 4318028.693, 140
Trd, 4318029.443, 140
Trd, 4318029.693, 140
Trd, 4318030.693, 140
Trd, 4318030.943, 140
Trd, 4318031.793, 140
Trd, 4318032.093, 140
Trd, 4318032.143, 140
Trd, 4318032.443, 140
Trd, 4318035.043, 140
Trd, 4318036.143, 140
Trd, 4318036.643, 140
Trd, 4318039.193, 140
Trd, 4318039.693, 140
Trd, 4318041.143, 140
Trd, 4318041.243, 140
Trd, 4318041.693, 140
Trd, 4318041.793, 140
Trd, 4318041.843, 140
Trd, 4318041.893, 139
Trd, 4318045.343, 140
Trd, 4318045.893, 140
Trd, 4318046.493, 140
Trd, 4318049.993, 140
Trd, 4318050.043, 140
Trd, 4318050.743, 140
Trd, 4318051.943, 140
Trd, 4318051.993, 140
Trd, 4318053.293, 140
Trd, 4318053.493, 140
Trd, 4318053.843, 140
Trd, 4318053.943, 140
Trd, 4318054.043, 139
Trd, 4318054.243, 140
Trd, 4318054.593, 140
Trd, 4318056.143, 135
Trd, 4318056.793, 137
Trd, 4318057.093, 96
Trd, 4318059.043, 129
Trd, 4318060.693, 140
Trd, 4318060.893, 140
Trd, 4318061.443, 140
Trd, 4318065.393, 140
Trd, 4318065.893, 140
Trd, 4318065.993, 140
Trd, 4318069.193, 140
Trd, 4318069.593, 140
Trd, 4318069.993, 140
Trd, 4318070.143, 140
Trd, 4318070.393, 140
Trd, 4318070.793, 140
Trd, 4318071.193, 140
Trd, 4318071.343, 140
Trd, 4318072.993, 140
Trd, 4318073.043, 140
Trd, 4318073.093, 140
Trd, 4318073.343, 140
Trd, 4318074.893, 140
Trd, 4318078.943, 140
Trd, 4318078.993, 140
Trd, 4318080.193, 140
Trd, 4318080.543, 140
Trd, 4318080.593, 140
Trd, 4318080.693, 140
Trd, 4318080.893, 140
Trd, 4318081.443, 140
Trd, 4318081.943, 140
Trd, 4318082.943, 140
Trd, 4318084.293, 140
Trd, 4318087.893, 140
Trd, 4318087.943, 140
Trd, 4318088.093, 140
Trd, 4318088.143, 140
Trd, 4318088.343, 140
Trd, 4318089.043, 140
Trd, 4318090.193, 140
Trd, 4318090.243, 139
Trd, 4318090.643, 140
Trd, 4318093.193, 76
Trd, 4318094.243, 73
Trd, 4318095.743, 71
Trd, 4318097.093, 60
Trd, 4318097.143, 60
Trd, 4318098.143, 69
Trd, 4318098.493, 70
Trd, 4318100.293, 84
Trd, 4318100.643, 84
Trd, 4318100.843, 84
Trd, 4318101.243, 86
Trd, 4318104.593, 140
Trd, 4318106.093, 140
Trd, 4318106.543, 140
Trd, 4318106.843, 140
Trd, 4318106.943, 140
Trd, 4318107.393, 140
Trd, 4318107.693, 139
Trd, 4318108.093, 137
Trd, 4318109.043, 83
Trd, 4318109.543, 103
Trd, 4318109.793, 103
Trd, 4318110.043, 104
Trd, 4318110.843, 138
Trd, 4318111.043, 89
Trd, 4318113.743, 140
Trd, 4318113.843, 140
Trd, 4318117.243, 140
Trd, 4318117.343, 140
Trd, 4318117.743, 140
Trd, 4318118.343, 140
Trd, 4318118.893, 140
Trd, 4318119.443, 140
Trd, 4318121.743, 140
Trd, 4318123.343, 140
Trd, 4318123.793, 140
Trd, 4318123.893, 140
Trd, 4318123.943, 140
Trd, 4318124.143, 140
Trd, 4318124.543, 140
Trd, 4318124.743, 140
Trd, 4318125.443, 140
Trd, 4318128.293, 140
Trd, 4318129.393, 140
Trd, 4318131.193, 140
Trd, 4318131.593, 140
Trd, 4318132.293, 140
Trd, 4318132.643, 140
Trd, 4318133.243, 140
Trd, 4318134.843, 140
Trd, 4318136.643, 140
Trd, 4318137.143, 140
Trd, 4318137.743, 140
Trd, 4318138.343, 140
Trd, 4318138.493, 140
Trd, 4318138.643, 140
Trd, 4318138.893, 140
Trd, 4318139.643, 139
Trd, 4318140.593, 139
Trd, 4318142.693, 140
Trd, 4318145.593, 140
Trd, 4318146.643, 140
Trd, 4318147.293, 140
Trd, 4318147.543, 140
Trd, 4318147.643, 140
Trd, 4318148.543, 140
Trd, 4318149.243, 140
Trd, 4318151.143, 140
Trd, 4318151.243, 140
Trd, 4318152.293, 140
Trd, 4318153.393, 140
Trd, 4318157.743, 140
Trd, 4318158.193, 140
Trd, 4318158.643, 140
Trd, 4318158.693, 140
Trd, 4318158.793, 140
Trd, 4318158.943, 87
Trd, 4318159.793, 134
Trd, 4318161.043, 73
Trd, 4318163.193, 60
Trd, 4318163.343, 60
Trd, 4318164.543, 60
Trd, 4318165.743, 60
Trd, 4318165.893, 60
Trd, 4318166.243, 60
Trd, 4318166.943, 104
Trd, 4318169.543, 93
Trd, 4318169.993, 82
Trd, 4318170.143, 93
Trd, 4318170.843, 84
Trd, 4318171.893, 88
Trd, 4318172.093, 87
Trd, 4318172.393, 87
Trd, 4318172.843, 139
Trd, 4318174.393, 140
Trd, 4318176.093, 140
Trd, 4318177.993, 140
Trd, 4318178.743, 140
Trd, 4318179.643, 140
Trd, 4318180.093, 140
Trd, 4318181.693, 140
Trd, 4318183.193, 140
Trd, 4318183.493, 140
Trd, 4318183.743, 140
Trd, 4318184.093, 140
Trd, 4318184.293, 140
Trd, 4318184.743, 140
Trd, 4318186.743, 140
Trd, 4318188.443, 140
Trd, 4318190.943, 140
Trd, 4318192.343, 140
Trd, 4318195.643, 140
Trd, 4318196.343, 140
Trd, 4318196.443, 140
Trd, 4318197.693, 140
Trd, 4318198.693, 140
Trd, 4318198.943, 140
Trd, 4318199.043, 140
Trd, 4318199.343, 140
Trd, 4318199.443, 140
Trd, 4318200.243, 140
Trd, 4318200.293, 140
Trd, 4318200.493, 140
Trd, 4318200.643, 140
Trd, 4318201.193, 139
Trd, 4318205.293, 140
Trd, 4318205.693, 140
Trd, 4318209.243, 140
Trd, 4318210.143, 140
Trd, 4318210.243, 140
Trd, 4318210.793, 140
Trd, 4318211.143, 140
Trd, 4318211.493, 140
Trd, 4318211.743, 140
Trd, 4318211.793, 140
Trd, 4318211.893, 140
Trd, 4318214.543, 140
Trd, 4318215.693, 140
Trd, 4318215.743, 140
Trd, 4318216.493, 140
Trd, 4318216.793, 140
Trd, 4318219.993, 140
Trd, 4318220.343, 140
Trd, 4318221.343, 140
Trd, 4318222.593, 140
Trd, 4318222.793, 140
Trd, 4318223.393, 140
Trd, 4318223.593, 140
Trd, 4318223.743, 140
Trd, 4318224.243, 140
Trd, 4318226.593, 140
Trd, 4318226.643, 140
Trd, 4318227.243, 140
Trd, 4318227.593, 140
Trd, 4318229.643, 140
Trd, 4318231.693, 140
Trd, 4318234.693, 140
Trd, 4318235.043, 140
Trd, 4318235.143, 140
Trd, 4318236.743, 140
Trd, 4318237.393, 140
Trd, 4318237.493, 140
Trd, 4318237.743, 140
Trd, 4318239.043, 140
Trd, 4318239.593, 140
Trd, 4318241.093, 140
Trd, 4318242.193, 140
Trd, 4318243.293, 140
Trd, 4318246.843, 140
Trd, 4318247.693, 140
Trd, 4318250.393, 140
Trd, 4318250.593, 140
Trd, 4318250.693, 140
Trd, 4318250.843, 140
Trd, 4318251.443, 140
Trd, 4318253.293, 140
Trd, 4318254.293, 140
Trd, 4318255.743, 140
Trd, 4318256.843, 140
Trd, 4318256.893, 140
Trd, 4318257.043, 140
Trd, 4318257.843, 140
Trd, 4318258.143, 140
Trd, 4318258.743, 139
Trd, 4318258.993, 139
Trd, 4318261.043, 138
Trd, 4318261.493, 138
Trd, 4318261.843, 120
Trd, 4318262.943, 139
Trd, 4318263.293, 126
Trd, 4318264.593, 129
Trd, 4318264.943, 130
Trd, 4318267.243, 140
Trd, 4318267.493, 140
Trd, 4318267.993, 140
Trd, 4318268.343, 140
Trd, 4318269.193, 140
Trd, 4318271.593, 140
Trd, 4318272.943, 140
Trd, 4318275.293, 140
Trd, 4318277.143, 140
Trd, 4318277.693, 140
Trd, 4318277.993, 140
Trd, 4318278.393, 140
Trd, 4318278.943, 140
Trd, 4318279.393, 140
Trd, 4318279.593, 140
Trd, 4318280.443, 140
Trd, 4318281.993, 140
Trd, 4318282.043, 140
Trd, 4318282.693, 140
Trd, 4318282.743, 140
Trd, 4318285.943, 140
Trd, 4318290.793, 140
Trd, 4318291.143, 140
Trd, 4318291.743, 140
Trd, 4318291.993, 140
Trd, 4318292.243, 140
Trd, 4318292.493, 140
Trd, 4318292.543, 140
Trd, 4318295.243, 140
Trd, 4318295.843, 140
Trd, 4318296.243, 140
Trd, 4318296.443, 140
Trd, 4318296.893, 140
Trd, 4318298.443, 140
Trd, 4318298.743, 140
Trd, 4318298.843, 140
Trd, 4318299.093, 140
Trd, 4318301.693, 140
Trd, 4318301.893, 140
Trd, 4318303.843, 140
Trd, 4318304.343, 140
Trd, 4318307.293, 140
Trd, 4318309.593, 140
Trd, 4318309.893, 140
Trd, 4318310.843, 140
Trd, 4318313.493, 140
Trd, 4318313.793, 140
Trd, 4318313.993, 140
Trd, 4318314.743, 140
Trd, 4318315.843, 140
Trd, 4318318.293, 140
Trd, 4318319.043, 140
Trd, 4318320.793, 140
Trd, 4318325.443, 140
Trd, 4318325.593, 140
Trd, 4318326.293, 140
Trd, 4318326.693, 140
Trd, 4318327.393, 140
Trd, 4318327.443, 140
Trd, 4318328.343, 140
Trd, 4318330.643, 140
Trd, 4318330.993, 140
Trd, 4318334.493, 140
Trd, 4318335.743, 140
Trd, 4318336.443, 140
Trd, 4318337.243, 140
Trd, 4318337.693, 140
Trd, 4318337.993, 140
Trd, 4318338.293, 140
Trd, 4318338.693, 140
Trd, 4318339.193, 140
Trd, 4318339.743, 140
Trd, 4318340.143, 77
Trd, 4318342.543, 140
Trd, 4318344.393, 140
Trd, 4318345.793, 140
Trd, 4318346.793, 140
Trd, 4318348.293, 140
Trd, 4318350.043, 140
Trd, 4318350.193, 140
Trd, 4318351.593, 140
Trd, 4318352.943, 140
Trd, 4318353.343, 140
Trd, 4318353.893, 140
Trd, 4318353.943, 140
Trd, 4318356.093, 140
Trd, 4318356.993, 140
Trd, 4318357.643, 140
Trd, 4318360.143, 140
Trd, 4318361.793, 140
Trd, 4318362.393, 140
Trd, 4318362.693, 140
Trd, 4318362.943, 140
Trd, 4318363.693, 140
Trd, 4318365.043, 140
Trd, 4318365.543, 140
Trd, 4318365.943, 140
Trd, 4318366.943, 140
Trd, 4318370.743, 140
Trd, 4318370.893, 140
Trd, 4318371.143, 140
Trd, 4318371.193, 140
Trd, 4318371.593, 140
Trd, 4318372.193, 140
Trd, 4318372.643, 140
Trd, 4318373.493, 140
Trd, 4318374.143, 140
Trd, 4318376.043, 140
Trd, 4318377.843, 140
Trd, 4318379.193, 140
Trd, 4318379.443, 140
Trd, 4318379.493, 140
Trd, 4318379.893, 140
Trd, 4318382.093, 140
Trd, 4318382.343, 140
Trd, 4318383.043, 140
Trd, 4318383.293, 140
Trd, 4318383.743, 140
Trd, 4318384.293, 140
Trd, 4318384.593, 140
Trd, 4318384.743, 140
Trd, 4318386.593, 140
Trd, 4318388.843, 140
Trd, 4318389.093, 140
Trd, 4318390.493, 140
Trd, 4318391.993, 140
Trd, 4318392.893, 140
Trd, 4318393.943, 140
Trd, 4318394.543, 140
Trd, 4318394.843, 140
Trd, 4318395.893, 140
Trd, 4318396.043, 140
Trd, 4318396.343, 140
Trd, 4318396.543, 140
Trd, 4318397.993, 140
Trd, 4318398.293, 140
Trd, 4318398.943, 140
Trd, 4318400.943, 140
Trd, 4318401.893, 140
Trd, 4318402.293, 140
Trd, 4318402.743, 140
Trd, 4318407.743, 140
Trd, 4318410.043, 140
Trd, 4318410.643, 140
Trd, 4318411.443, 140
Trd, 4318411.893, 140
Trd, 4318412.643, 140
Trd, 4318412.793, 140
Trd, 4318413.043, 140
Trd, 4318414.943, 140
Trd, 4318415.193, 140
Trd, 4318416.443, 140
Trd, 4318416.493, 140
Trd, 4318417.193, 140
Trd, 4318417.693, 140
Trd, 4318419.543, 140
Trd, 4318420.743, 140
Trd, 4318421.093, 140
Trd, 4318421.243, 140
Trd, 4318422.843, 140
Trd, 4318424.693, 140
Trd, 4318427.793, 140
Trd, 4318428.143, 140
Trd, 4318428.193, 140
Trd, 4318428.543, 140
Trd, 4318429.393, 140
Trd, 4318429.693, 140
Trd, 4318430.293, 140
Trd, 4318433.343, 140
Trd, 4318435.043, 140
Trd, 4318435.993, 140
Trd, 4318438.593, 140
Trd, 4318438.643, 140
Trd, 4318439.043, 140
Trd, 4318439.243, 140
Trd, 4318440.143, 140
Trd, 4318440.193, 140
Trd, 4318443.343, 140
Trd, 4318444.193, 140
Trd, 4318444.893, 140
Trd, 4318445.043, 140
Trd, 4318445.193, 140
Trd, 4318445.443, 140
Trd, 4318446.493, 140
Trd, 4318446.543, 140
Trd, 4318446.743, 140
Trd, 4318448.993, 140
Trd, 4318449.043, 140
Trd, 4318450.193, 140
Trd, 4318452.093, 140
Trd, 4318454.193, 140
Trd, 4318454.243, 140
Trd, 4318455.393, 140
Trd, 4318455.493, 140
Trd, 4318455.843, 140
Trd, 4318455.893, 140
Trd, 4318456.493, 140
Trd, 4318456.743, 140
Trd, 4318457.293, 140
Trd, 4318457.343, 140
Trd, 4318459.943, 140
Trd, 4318462.193, 140
Trd, 4318462.643, 140
Trd, 4318463.143, 140
Trd, 4318463.193, 140
Trd, 4318463.693, 137
Trd, 4318463.893, 136
Trd, 4318464.843, 140
Trd, 4318468.093, 140
Trd, 4318469.243, 140
Trd, 4318469.493, 140
Trd, 4318469.893, 140
Trd, 4318472.043, 140
Trd, 4318472.443, 140
Trd, 4318472.593, 140
Trd, 4318472.793, 140
Trd, 4318473.493, 140
Trd, 4318473.643, 140
Trd, 4318475.443, 140
Trd, 4318477.393, 140
Trd, 4318477.543, 140
Trd, 4318477.643, 140
Trd, 4318477.693, 140
Trd, 4318478.343, 140
Trd, 4318478.793, 140
Trd, 4318484.643, 140
Trd, 4318485.143, 140
Trd, 4318485.593, 140
Trd, 4318487.243, 140
Trd, 4318487.443, 140
Trd, 4318488.343, 140
Trd, 4318489.093, 140
Trd, 4318489.493, 140
Trd, 4318489.843, 140
Trd, 4318489.943, 140
Trd, 4318490.443, 140
Trd, 4318491.293, 140
Trd, 4318492.893, 140
Trd, 4318493.543, 140
Trd, 4318495.593, 140
Trd, 4318495.643, 140
Trd, 4318497.843, 140
Trd, 4318497.943, 140
Trd, 4318498.193, 140
Trd, 4318498.643, 140
Trd, 4318498.743, 140
Trd, 4318499.193, 140
Trd, 4318501.143, 140
Trd, 4318502.243, 140
Trd, 4318502.593, 140
Trd, 4318502.993, 140
Trd, 4318506.493, 140
Trd, 4318508.893, 140
Trd, 4318509.793, 140
Trd, 4318510.893, 140
Trd, 4318511.043, 140
Trd, 4318511.193, 140
Trd, 4318511.743, 140
Trd, 4318512.443, 140
Trd, 4318512.593, 140
Trd, 4318512.843, 139
Trd, 4318513.043, 138
Trd, 4318513.293, 138
Trd, 4318517.743, 140
Trd, 4318517.843, 140
Trd, 4318518.093, 140
Trd, 4318518.143, 140
Trd, 4318519.543, 140
Trd, 4318519.643, 140
Trd, 4318520.643, 140
Trd, 4318520.893, 140
Trd, 4318525.243, 140
Trd, 4318525.743, 140
Trd, 4318525.943, 140
Trd, 4318525.993, 140
Trd, 4318526.643, 140
Trd, 4318528.993, 140
Trd, 4318529.243, 140
Trd, 4318530.293, 140
Trd, 4318530.343, 140
Trd, 4318530.443, 140
Trd, 4318530.543, 140
Trd, 4318530.893, 140
Trd, 4318531.143, 140
Trd, 4318531.293, 139
Trd, 4318535.243, 103
Trd, 4318536.293, 66
Trd, 4318536.493, 63
Trd, 4318536.993, 65
Trd, 4318537.543, 97
Trd, 4318538.943, 140
Trd, 4318540.793, 140
Trd, 4318542.293, 140
Trd, 4318542.843, 140
Trd, 4318545.593, 140
Trd, 4318545.693, 140
Trd, 4318547.343, 140
Trd, 4318548.293, 140
Trd, 4318548.393, 140
Trd, 4318548.693, 140
Trd, 4318548.993, 140
Trd, 4318549.493, 140
Trd, 4318551.393, 140
Trd, 4318554.343, 140
Trd, 4318554.493, 140
Trd, 4318555.893, 140
Trd, 4318557.443, 140
Trd, 4318557.493, 140
Trd, 4318557.643, 140
Trd, 4318557.743, 140
Trd, 4318557.793, 140
Trd, 4318558.993, 140
Trd, 4318559.093, 139
Trd, 4318559.493, 136
Trd, 4318564.393, 140
Trd, 4318565.493, 140
Trd, 4318566.943, 140
Trd, 4318567.293, 140
Trd, 4318567.393, 140
Trd, 4318567.443, 140
Trd, 4318567.693, 140
Trd, 4318567.943, 140
Trd, 4318568.143, 140
Trd, 4318568.993, 140
Trd, 4318569.343, 105
Trd, 4318569.893, 96
Trd, 4318570.343, 83
Trd, 4318570.543, 87
Trd, 4318573.093, 84
Trd, 4318573.443, 85
Trd, 4318574.743, 140
Trd, 4318575.243, 140
Trd, 4318575.693, 140
Trd, 4318577.243, 140
Trd, 4318577.443, 140
Trd, 4318577.893, 140
Trd, 4318578.143, 140
Trd, 4318579.493, 140
Trd, 4318580.993, 140
Trd, 4318581.793, 140
Trd, 4318582.093, 140
Trd, 4318582.393, 140
Trd, 4318582.543, 140
Trd, 4318583.193, 140
Trd, 4318585.093, 140
Trd, 4318585.593, 140
Trd, 4318586.643, 140
Trd, 4318587.743, 140
Trd, 4318588.293, 140
Trd, 4318588.443, 140
Trd, 4318591.943, 140
Trd, 4318592.993, 140
Trd, 4318595.243, 140
Trd, 4318595.693, 140
Trd, 4318596.043, 140
Trd, 4318596.143, 140
Trd, 4318596.193, 140
Trd, 4318597.043, 140
Trd, 4318597.893, 140
Trd, 4318599.193, 140
Trd, 4318599.843, 140
Trd, 4318600.143, 60
Trd, 4318600.243, 60
Trd, 4318601.943, 140
Trd, 4318602.043, 140
Trd, 4318602.243, 140
Trd, 4318603.243, 139
Trd, 4318604.793, 140
Trd, 4318607.443, 140
Trd, 4318610.843, 140
Trd, 4318610.943, 140
Trd, 4318612.643, 140
Trd, 4318612.993, 140
Trd, 4318613.143, 140
Trd, 4318613.893, 140
Trd, 4318614.443, 140
Trd, 4318615.043, 140
Trd, 4318615.243, 140
Trd, 4318615.493, 140
Trd, 4318619.643, 140
Trd, 4318620.043, 140
Trd, 4318621.393, 140
Trd, 4318621.493, 140
Trd, 4318621.593, 140
Trd, 4318621.993, 140
Trd, 4318622.143, 140
Trd, 4318623.143, 140
Trd, 4318623.893, 140
Trd, 4318623.943, 140
Trd, 4318623.993, 140
Trd, 4318624.293, 139
Trd, 4318624.443, 140
Trd, 4318625.643, 140
Trd, 4318628.093, 140
Trd, 4318628.593, 140
Trd, 4318631.393, 140
Trd, 4318631.693, 140
Trd, 4318631.843, 140
Trd, 4318635.093, 140
Trd, 4318635.443, 140
Trd, 4318635.593, 140
Trd, 4318635.643, 140
Trd, 4318635.893, 140
Trd, 4318636.043, 139
Trd, 4318636.443, 140
Trd, 4318640.993, 140
Trd, 4318645.593, 140
Trd, 4318646.143, 140
Trd, 4318646.343, 140
Trd, 4318646.543, 140
Trd, 4318646.593, 140
Trd, 4318647.093, 140
Trd, 4318647.293, 140
Trd, 4318649.043, 140
Trd, 4318649.193, 140
Trd, 4318650.543, 140
Trd, 4318651.093, 140
Trd, 4318651.243, 140
Trd, 4318651.493, 139
Trd, 4318651.543, 138
Trd, 4318651.643, 140
Trd, 4318653.243, 139
Trd, 4318654.143, 140
Trd, 4318657.143, 136
Trd, 4318657.243, 135
Trd, 4318658.543, 140
Trd, 4318659.543, 140
Trd, 4318660.543, 140
Trd, 4318663.393, 140
Trd, 4318663.443, 140
Trd, 4318664.943, 140
Trd, 4318665.343, 140
Trd, 4318665.443, 140
Trd, 4318666.493, 140
Trd, 4318668.693, 140
Trd, 4318669.243, 140
Trd, 4318670.043, 140
Trd, 4318670.143, 140
Trd, 4318670.193, 140
Trd, 4318670.743, 140
Trd, 4318671.043, 138
Trd, 4318671.593, 139
Trd, 4318671.843, 140
Trd, 4318675.543, 140
Trd, 4318675.793, 140
Trd, 4318676.893, 140
Trd, 4318680.293, 140
Trd, 4318680.443, 140
Trd, 4318681.093, 140
Trd, 4318681.593, 140
Trd, 4318681.793, 140
Trd, 4318683.193, 140
Trd, 4318684.043, 140
Trd, 4318687.593, 140
Trd, 4318687.893, 140
Trd, 4318688.743, 140
Trd, 4318688.793, 140
Trd, 4318689.043, 140
Trd, 4318689.143, 140
Trd, 4318689.343, 140
Trd, 4318689.493, 140
Trd, 4318690.293, 140
Trd, 4318690.693, 139
Trd, 4318690.943, 139
Trd, 4318695.143, 140
Trd, 4318695.293, 140
Trd, 4318697.343, 140
Trd, 4318698.843, 140
Trd, 4318700.093, 140
Trd, 4318700.243, 140
Trd, 4318700.443, 140
Trd, 4318700.643, 140
Trd, 4318700.893, 140
Trd, 4318701.193, 140
Trd, 4318703.043, 140
Trd, 4318707.343, 140
Trd, 4318710.893, 140
Trd, 4318712.393, 140
Trd, 4318712.793, 140
Trd, 4318713.043, 140
Trd, 4318713.743, 140
Trd, 4318714.643, 140
Trd, 4318714.693, 140
Trd, 4318714.943, 140
Trd, 4318716.843, 140
Trd, 4318717.393, 140
Trd, 4318718.843, 140
Trd, 4318720.343, 140
Trd, 4318721.443, 140
Trd, 4318722.143, 140
Trd, 4318722.693, 140
Trd, 4318723.343, 140
Trd, 4318723.843, 140
Trd, 4318724.093, 140
Trd, 4318724.293, 139
Trd, 4318725.343, 140
Trd, 4318726.793, 140
Trd, 4318727.443, 140
Trd, 4318727.843, 140
Trd, 4318730.893, 140
Trd, 4318734.193, 140
Trd, 4318734.493, 140
Trd, 4318738.643, 140
Trd, 4318739.193, 140
Trd, 4318739.943, 140
Trd, 4318740.093, 140
Trd, 4318740.193, 140
Trd, 4318741.093, 140
Trd, 4318741.143, 140
Trd, 4318742.643, 140
Trd, 4318743.043, 140
Trd, 4318743.693, 140
Trd, 4318746.593, 140
Trd, 4318748.043, 140
Trd, 4318748.143, 140
Trd, 4318748.243, 140
Trd, 4318748.893, 140
Trd, 4318750.043, 140
Trd, 4318750.093, 140
Trd, 4318750.993, 140
Trd, 4318752.393, 140
Trd, 4318754.843, 140
Trd, 4318754.943, 140
Trd, 4318754.993, 140
Trd, 4318755.193, 140
Trd, 4318755.543, 139
Trd, 4318755.693, 136
Trd, 4318756.743, 140
Trd, 4318757.543, 140
Trd, 4318758.793, 140
Trd, 4318761.543, 140
Trd, 4318763.743, 140
Trd, 4318763.793, 140
Trd, 4318764.993, 140
Trd, 4318765.243, 140
Trd, 4318765.393, 140
Trd, 4318765.493, 140
Trd, 4318766.643, 140
Trd, 4318767.443, 140
Trd, 4318767.493, 140
Trd, 4318769.343, 140
Trd, 4318770.793, 140
Trd, 4318770.943, 140
Trd, 4318771.093, 140
Trd, 4318771.343, 140
Trd, 4318771.493, 140
Trd, 4318771.943, 139
Trd, 4318772.743, 140
Trd, 4318774.093, 140
Trd, 4318776.943, 140
Trd, 4318779.893, 140
Trd, 4318781.743, 140
Trd, 4318781.993, 140
Trd, 4318782.693, 140
Trd, 4318782.893, 140
Trd, 4318783.143, 140
Trd, 4318783.743, 140
Trd, 4318784.043, 140
Trd, 4318789.393, 140
Trd, 4318791.843, 140
Trd, 4318792.843, 140
Trd, 4318792.893, 140
Trd, 4318793.243, 140
Trd, 4318793.843, 140
Trd, 4318794.143, 140
Trd, 4318794.293, 140
Trd, 4318794.593, 140
Trd, 4318794.843, 140
Trd, 4318798.793, 140
Trd, 4318799.893, 140
Trd, 4318800.193, 140
Trd, 4318802.643, 140
Trd, 4318802.843, 140
Trd, 4318803.543, 140
Trd, 4318804.843, 140
Trd, 4318805.043, 140
Trd, 4318805.343, 140
Trd, 4318805.393, 140
Trd, 4318808.193, 140
Trd, 4318808.393, 140
Trd, 4318813.643, 140
Trd, 4318813.893, 140
Trd, 4318814.143, 140
Trd, 4318814.943, 140
Trd, 4318815.093, 140
Trd, 4318815.243, 140
Trd, 4318815.543, 140
Trd, 4318816.843, 140
Trd, 4318817.243, 140
Trd, 4318817.893, 140
Trd, 4318818.893, 140
Trd, 4318819.393, 140
Trd, 4318820.943, 140
Trd, 4318821.093, 140
Trd, 4318822.893, 140
Trd, 4318823.443, 140
Trd, 4318827.343, 140
Trd, 4318827.643, 140
Trd, 4318827.893, 140
Trd, 4318828.293, 140
Trd, 4318828.343, 140
Trd, 4318828.493, 140
Trd, 4318828.593, 140
Trd, 4318831.693, 140
Trd, 4318832.543, 140
Trd, 4318833.293, 140
Trd, 4318833.893, 140
Trd, 4318834.243, 140
Trd, 4318834.643, 140
Trd, 4318835.143, 140
Trd, 4318836.693, 140
Trd, 4318838.993, 140
Trd, 4318839.743, 140
Trd, 4318839.793, 140
Trd, 4318839.993, 140
Trd, 4318840.243, 140
Trd, 4318840.993, 140
Trd, 4318841.543, 140
Trd, 4318842.043, 138
Trd, 4318842.093, 140
Trd, 4318846.193, 140
Trd, 4318846.843, 140
Trd, 4318847.243, 140
Trd, 4318849.143, 140
Trd, 4318850.693, 140
Trd, 4318850.993, 140
Trd, 4318854.243, 140
Trd, 4318854.343, 140
Trd, 4318854.793, 140
Trd, 4318855.193, 140
Trd, 4318855.243, 140
Trd, 4318855.743, 140
Trd, 4318856.493, 140
Trd, 4318856.943, 140
Trd, 4318861.443, 140
Trd, 4318861.493, 140
Trd, 4318861.743, 140
Trd, 4318862.043, 140
Trd, 4318862.343, 140
Trd, 4318862.393, 140
Trd, 4318864.493, 140
Trd, 4318867.693, 140
Trd, 4318868.193, 140
Trd, 4318869.193, 140
Trd, 4318869.343, 140
Trd, 4318870.343, 140
Trd, 4318870.443, 140
Trd, 4318871.193, 140
Trd, 4318871.243, 140
Trd, 4318871.543, 140
Trd, 4318872.893, 140
Trd, 4318873.593, 140
Trd, 4318875.093, 140
Trd, 4318878.143, 140
Trd, 4318879.443, 140
Trd, 4318880.193, 140
Trd, 4318880.443, 140
Trd, 4318881.643, 140
Trd, 4318881.943, 140
Trd, 4318882.543, 140
Trd, 4318882.593, 140
Trd, 4318883.793, 140
Trd, 4318883.993, 140
Trd, 4318884.293, 140
Trd, 4318888.843, 140
Trd, 4318889.393, 140
Trd, 4318889.493, 140
Trd, 4318894.243, 140
Trd, 4318894.693, 140
Trd, 4318895.293, 140
Trd, 4318896.243, 140
Trd, 4318896.443, 140
Trd, 4318896.493, 140
Trd, 4318896.543, 140
Trd, 4318897.593, 140
Trd, 4318897.843, 140
Trd, 4318898.543, 140
Trd, 4318898.743, 140
Trd, 4318899.293, 140
Trd, 4318900.193, 140
Trd, 4318904.793, 140
Trd, 4318904.943, 140
Trd, 4318905.143, 140
Trd, 4318905.743, 140
Trd, 4318906.843, 140
Trd, 4318906.943, 140
Trd, 4318907.443, 140
Trd, 4318908.993, 140
Trd, 4318909.593, 140
Trd, 4318911.343, 140
Trd, 4318912.193, 140
Trd, 4318916.143, 140
Trd, 4318917.343, 140
Trd, 4318919.093, 140
Trd, 4318919.193, 140
Trd, 4318919.243, 140
Trd, 4318919.743, 140
Trd, 4318919.993, 140
Trd, 4318921.443, 140
Trd, 4318922.143, 140
Trd, 4318923.093, 140
Trd, 4318923.993, 140
Trd, 4318926.943, 140
Trd, 4318928.993, 140
Trd, 4318929.393, 140
Trd, 4318929.643, 140
Trd, 4318929.943, 140
Trd, 4318930.043, 140
Trd, 4318930.243, 140
Trd, 4318930.743, 140
Trd, 4318931.993, 140
Trd, 4318933.793, 140
Trd, 4318938.143, 140
Trd, 4318938.343, 140
Trd, 4318938.543, 140
Trd, 4318938.593, 140
Trd, 4318939.143, 140
Trd, 4318940.743, 140
Trd, 4318942.343, 140
Trd, 4318942.793, 140
Trd, 4318943.243, 140
Trd, 4318945.593, 140
Trd, 4318946.893, 140
Trd, 4318949.793, 140
Trd, 4318949.893, 140
Trd, 4318950.093, 140
Trd, 4318950.193, 140
Trd, 4318950.393, 140
Trd, 4318951.593, 140
Trd, 4318952.593, 140
Trd, 4318953.243, 140
Trd, 4318954.143, 140
Trd, 4318955.543, 140
Trd, 4318957.193, 140
Trd, 4318959.143, 140
Trd, 4318959.193, 140
Trd, 4318959.493, 140
Trd, 4318960.443, 140
Trd, 4318960.643, 140
Trd, 4318960.693, 139
Trd, 4318961.043, 140
Trd, 4318961.443, 139
Trd, 4318963.693, 140
Trd, 4318964.143, 140
Trd, 4318964.693, 140
Trd, 4318967.843, 140
Trd, 4318968.643, 140
Trd, 4318969.793, 140
Trd, 4318970.693, 140
Trd, 4318971.443, 140
Trd, 4318971.693, 140
Trd, 4318972.093, 140
Trd, 4318972.243, 140
Trd, 4318972.943, 140
Trd, 4318973.943, 140
Trd, 4318977.093, 140
Trd, 4318979.043, 140
Trd, 4318979.093, 140
Trd, 4318982.443, 140
Trd, 4318982.943, 140
Trd, 4318983.143, 140
Trd, 4318983.193, 140
Trd, 4318983.843, 140
Trd, 4318984.493, 140
Trd, 4318984.543, 140
Trd, 4318984.593, 140
Trd, 4318984.793, 139
Trd, 4318987.043, 128
Trd, 4318987.343, 134
Trd, 4318987.393, 131
Trd, 4318987.543, 135
Trd, 4318989.093, 116
Trd, 4318989.193, 115
Trd, 4318989.793, 123
Trd, 4318990.393, 123
Trd, 4318991.043, 122
Trd, 4318991.843, 123
Trd, 4318995.993, 140
Trd, 4318996.593, 140
Trd, 4318996.893, 140
Trd, 4318997.343, 140
Trd, 4318999.643, 140
Trd, 4319000.643, 140
Trd, 4319000.693, 140
Trd, 4319001.293, 140
Trd, 4319001.743, 140
Trd, 4319003.193, 140
Trd, 4319003.493, 140
Trd, 4319003.943, 140
Trd, 4319004.593, 140
Trd, 4319005.143, 140
Trd, 4319007.043, 140
Trd, 4319009.443, 140
Trd, 4319009.543, 140
Trd, 4319009.643, 140
Trd, 4319009.893, 140
Trd, 4319010.743, 140
Trd, 4319010.993, 140
Trd, 4319011.193, 140
Trd, 4319011.543, 139
Trd, 4319011.893, 138
Trd, 4319012.493, 138
Trd, 4319013.843, 136
Trd, 4319014.343, 136
Trd, 4319014.443, 137
Trd, 4319015.793, 137
Trd, 4319019.443, 140
Trd, 4319021.643, 140
Trd, 4319022.043, 140
Trd, 4319022.593, 140
Trd, 4319022.693, 140
Trd, 4319022.843, 140
Trd, 4319022.993, 140
Trd, 4319023.493, 140
Trd, 4319026.043, 140
Trd, 4319027.593, 140
Trd, 4319028.193, 140
Trd, 4319032.043, 140
Trd, 4319032.693, 140
Trd, 4319032.843, 140
Trd, 4319032.893, 140
Trd, 4319033.043, 140
Trd, 4319034.343, 140
Trd, 4319035.093, 140
Trd, 4319038.343, 140
Trd, 4319038.943, 140
Trd, 4319039.993, 140
Trd, 4319041.843, 140
Trd, 4319042.193, 140
Trd, 4319042.243, 140
Trd, 4319042.293, 140
Trd, 4319042.893, 140
Trd, 4319043.093, 140
Trd, 4319046.193, 140
Trd, 4319046.993, 140
Trd, 4319049.043, 140
Trd, 4319049.643, 140
Trd, 4319051.243, 140
Trd, 4319051.443, 140
Trd, 4319051.543, 140
Trd, 4319051.893, 140
Trd, 4319052.193, 140
Trd, 4319053.693, 140
Trd, 4319054.293, 140
Trd, 4319056.043, 140
Trd, 4319056.243, 140
Trd, 4319056.293, 140
Trd, 4319056.593, 140
Trd, 4319057.093, 140
Trd, 4319057.393, 140
Trd, 4319059.943, 140
Trd, 4319060.893, 140
Trd, 4319062.243, 140
Trd, 4319062.743, 140
Trd, 4319064.643, 140
Trd, 4319065.743, 140
Trd, 4319065.793, 140
Trd, 4319066.043, 139
Trd, 4319066.443, 139
Trd, 4319066.543, 138
Trd, 4319067.443, 138
Trd, 4319067.493, 137
Trd, 4319067.993, 138
Trd, 4319069.293, 137
Trd, 4319070.343, 81
Trd, 4319070.693, 136
Trd, 4319072.493, 60
Trd, 4319074.343, 60
Trd, 4319074.393, 60
Trd, 4319074.493, 60
Trd, 4319074.643, 99
Trd, 4319076.243, 64
Trd, 4319077.293, 102
Trd, 4319078.593, 102
Trd, 4319078.693, 102
Trd, 4319078.993, 103
Trd, 4319079.493, 80
Trd, 4319080.993, 87
Trd, 4319082.093, 140
Trd, 4319082.343, 140
Trd, 4319082.493, 140
Trd, 4319085.743, 140
Trd, 4319085.943, 140
Trd, 4319086.143, 140
Trd, 4319086.393, 140
Trd, 4319087.193, 140
Trd, 4319087.693, 140
Trd, 4319088.293, 140
Trd, 4319090.493, 140
Trd, 4319091.693, 140
Trd, 4319092.793, 140
Trd, 4319093.393, 140
Trd, 4319093.443, 140
Trd, 4319093.843, 140
Trd, 4319094.043, 140
Trd, 4319094.393, 138
Trd, 4319096.843, 140
Trd, 4319096.893, 140
Trd, 4319097.793, 140
Trd, 4319097.943, 140
Trd, 4319097.993, 139
Trd, 4319099.143, 140
Trd, 4319103.443, 140
Trd, 4319105.343, 140
Trd, 4319107.243, 140
Trd, 4319109.493, 140
Trd, 4319110.093, 140
Trd, 4319110.543, 140
Trd, 4319110.593, 140
Trd, 4319110.693, 140
Trd, 4319112.593, 140
Trd, 4319113.843, 140
Trd, 4319113.893, 140
Trd, 4319114.743, 140
Trd, 4319115.493, 140
Trd, 4319115.993, 140
Trd, 4319116.443, 140
Trd, 4319117.043, 140
Trd, 4319117.693, 140
Trd, 4319119.093, 140
Trd, 4319120.693, 140
Trd, 4319120.943, 140
Trd, 4319120.993, 140
Trd, 4319121.193, 140
Trd, 4319122.543, 140
Trd, 4319123.743, 140
Trd, 4319123.993, 140
Trd, 4319124.143, 140
Trd, 4319124.743, 140
Trd, 4319128.743, 140
Trd, 4319131.643, 140
Trd, 4319134.343, 140
Trd, 4319134.593, 140
Trd, 4319135.243, 140
Trd, 4319135.443, 140
Trd, 4319135.693, 140
Trd, 4319135.793, 140
Trd, 4319135.893, 140
Trd, 4319136.093, 140
Trd, 4319137.143, 140
Trd, 4319137.243, 140
Trd, 4319139.393, 140
Trd, 4319141.393, 140
Trd, 4319141.443, 140
Trd, 4319142.093, 140
Trd, 4319143.843, 140
Trd, 4319144.043, 140
Trd, 4319144.093, 140
Trd, 4319144.443, 140
Trd, 4319144.743, 140
Trd, 4319146.793, 140
Trd, 4319147.393, 140
Trd, 4319147.643, 140
Trd, 4319147.843, 140
Trd, 4319148.493, 140
Trd, 4319148.743, 140
Trd, 4319148.893, 139
Trd, 4319152.693, 140
Trd, 4319153.893, 140
Trd, 4319154.993, 140
Trd, 4319155.793, 140
Trd, 4319157.043, 140
Trd, 4319157.493, 140
Trd, 4319157.993, 140
Trd, 4319158.943, 140
Trd, 4319159.443, 140
Trd, 4319159.643, 140
Trd, 4319159.943, 140
Trd, 4319164.343, 140
Trd, 4319164.593, 140
Trd, 4319164.993, 140
Trd, 4319165.043, 140
Trd, 4319165.593, 140
Trd, 4319165.643, 140
Trd, 4319165.943, 140
Trd, 4319166.393, 137
Trd, 4319167.943, 128
Trd, 4319168.993, 132
Trd, 4319173.043, 140
Trd, 4319173.143, 140
Trd, 4319173.393, 140
Trd, 4319173.443, 140
Trd, 4319173.543, 140
Trd, 4319173.593, 140
Trd, 4319173.643, 140
Trd, 4319174.293, 140
Trd, 4319176.643, 140
Trd, 4319177.493, 140
Trd, 4319179.793, 140
Trd, 4319180.093, 140
Trd, 4319180.643, 140
Trd, 4319182.593, 140
Trd, 4319182.843, 140
Trd, 4319184.093, 140
Trd, 4319184.343, 140
Trd, 4319185.693, 140
Trd, 4319186.043, 140
Trd, 4319186.143, 140
Trd, 4319186.193, 140
Trd, 4319186.793, 140
Trd, 4319187.943, 140
Trd, 4319189.043, 140
Trd, 4319191.743, 140
Trd, 4319194.893, 140
Trd, 4319195.293, 140
Trd, 4319196.493, 140
Trd, 4319197.193, 140
Trd, 4319197.793, 140
Trd, 4319198.243, 140
Trd, 4319201.693, 140
Trd, 4319202.243, 140
Trd, 4319202.943, 140
Trd, 4319203.293, 140
Trd, 4319204.143, 140
Trd, 4319204.193, 140
Trd, 4319204.743, 140
Trd, 4319204.843, 140
Trd, 4319207.143, 140
Trd, 4319207.193, 140
Trd, 4319207.493, 140
Trd, 4319208.643, 140
Trd, 4319208.943, 140
Trd, 4319212.243, 140
Trd, 4319213.143, 140
Trd, 4319214.643, 140
Trd, 4319214.743, 140
Trd, 4319214.843, 140
Trd, 4319214.993, 138
Trd, 4319215.793, 140
Trd, 4319216.393, 140
Trd, 4319217.393, 140
Trd, 4319217.543, 140
Trd, 4319218.343, 140
Trd, 4319219.193, 140
Trd, 4319219.293, 140
Trd, 4319221.043, 124
Trd, 4319222.893, 124
Trd, 4319223.043, 128
Trd, 4319223.993, 126
Trd, 4319224.143, 124
Trd, 4319225.793, 140
Trd, 4319230.093, 140
Trd, 4319231.093, 140
Trd, 4319232.443, 140
Trd, 4319232.943, 140
Trd, 4319234.293, 140
Trd, 4319234.793, 140
Trd, 4319234.993, 140
Trd, 4319235.443, 140
Trd, 4319236.993, 140
Trd, 4319237.393, 140
Trd, 4319237.843, 140
Trd, 4319238.343, 140
Trd, 4319239.143, 140
Trd, 4319239.193, 140
Trd, 4319240.243, 140
Trd, 4319242.093, 140
Trd, 4319243.193, 140
Trd, 4319243.943, 140
Trd, 4319245.593, 140
Trd, 4319245.643, 140
Trd, 4319247.593, 140
Trd, 4319247.793, 140
Trd, 4319247.843, 140
Trd, 4319248.193, 140
Trd, 4319248.393, 140
Trd, 4319249.693, 140
Trd, 4319251.443, 140
Trd, 4319253.743, 140
Trd, 4319254.543, 140
Trd, 4319254.593, 140
Trd, 4319255.093, 140
Trd, 4319255.293, 140
Trd, 4319255.693, 140
Trd, 4319255.843, 140
Trd, 4319256.593, 139
Trd, 4319256.893, 139
Trd, 4319257.443, 94
Trd, 4319257.843, 139
Trd, 4319262.443, 140
Trd, 4319262.643, 140
Trd, 4319263.343, 140
Trd, 4319265.993, 140
Trd, 4319266.543, 140
Trd, 4319266.943, 140
Trd, 4319267.043, 140
Trd, 4319268.143, 140
Trd, 4319268.493, 140
Trd, 4319268.693, 140
Trd, 4319269.143, 140
Trd, 4319271.593, 140
Trd, 4319272.343, 140
Trd, 4319274.243, 140
Trd, 4319274.943, 140
Trd, 4319275.193, 140
Trd, 4319275.493, 140
Trd, 4319280.093, 140
Trd, 4319280.343, 140
Trd, 4319280.493, 140
Trd, 4319280.693, 140
Trd, 4319281.393, 140
Trd, 4319282.043, 140
Trd, 4319282.443, 140
Trd, 4319282.493, 140
Trd, 4319283.443, 140
Trd, 4319284.193, 140
Trd, 4319284.643, 140
Trd, 4319284.893, 140
Trd, 4319287.593, 140
Trd, 4319289.093, 140
Trd, 4319289.143, 140
Trd, 4319289.643, 140
Trd, 4319289.793, 140
Trd, 4319289.893, 139
Trd, 4319290.093, 140
Trd, 4319292.693, 140
Trd, 4319296.193, 140
Trd, 4319296.393, 140
Trd, 4319297.393, 140
Trd, 4319297.593, 140
Trd, 4319297.743, 140
Trd, 4319298.093, 140
Trd, 4319298.493, 140
Trd, 4319299.493, 138
Trd, 4319299.593, 137
Trd, 4319301.093, 96
Trd, 4319301.193, 112
Trd, 4319302.693, 136
Trd, 4319303.093, 137
Trd, 4319304.443, 140
Trd, 4319305.243, 140
Trd, 4319307.093, 140
Trd, 4319308.343, 140
Trd, 4319308.493, 140
Trd, 4319308.643, 140
Trd, 4319308.693, 140
Trd, 4319309.443, 140
Trd, 4319309.843, 140
Trd, 4319312.093, 140
Trd, 4319312.693, 140
Trd, 4319313.893, 140
Trd, 4319314.293, 140
Trd, 4319315.043, 140
Trd, 4319315.443, 140
Trd, 4319315.693, 140
Trd, 4319316.043, 140
Trd, 4319317.593, 140
Trd, 4319318.643, 140
Trd, 4319319.293, 140
Trd, 4319323.043, 140
Trd, 4319323.143, 140
Trd, 4319323.293, 140
Trd, 4319326.393, 140
Trd, 4319327.143, 140
Trd, 4319329.493, 140
Trd, 4319329.743, 140
Trd, 4319330.343, 140
Trd, 4319330.593, 140
Trd, 4319330.993, 140
Trd, 4319331.293, 140
Trd, 4319332.243, 140
Trd, 4319333.993, 140
Trd, 4319337.543, 140
Trd, 4319337.843, 140
Trd, 4319338.943, 140
Trd, 4319339.993, 140
Trd, 4319340.443, 140
Trd, 4319342.543, 140
Trd, 4319342.743, 140
Trd, 4319343.193, 140
Trd, 4319343.793, 140
Trd, 4319344.543, 139
Trd, 4319345.093, 139
Trd, 4319345.393, 140
Trd, 4319346.743, 139
Trd, 4319347.493, 140
Trd, 4319348.943, 140
Trd, 4319350.543, 140
Trd, 4319350.793, 140
Trd, 4319352.843, 140
Trd, 4319352.893, 140
Trd, 4319353.643, 140
Trd, 4319353.843, 140
Trd, 4319353.893, 140
Trd, 4319354.093, 140
Trd, 4319354.193, 140
Trd, 4319359.493, 140
Trd, 4319360.443, 140
Trd, 4319361.343, 140
Trd, 4319362.693, 140
Trd, 4319362.743, 140
Trd, 4319362.943, 140
Trd, 4319363.843, 140
Trd, 4319364.093, 140
Trd, 4319364.393, 140
Trd, 4319364.743, 140
Trd, 4319364.793, 140
Trd, 4319366.343, 140
Trd, 4319369.293, 140
Trd, 4319372.343, 140
Trd, 4319372.593, 140
Trd, 4319376.593, 140
Trd, 4319376.793, 140
Trd, 4319377.793, 140
Trd, 4319378.493, 140
Trd, 4319378.843, 140
Trd, 4319378.943, 140
Trd, 4319379.093, 140
Trd, 4319379.143, 140
Trd, 4319379.243, 140
Trd, 4319381.793, 140
Trd, 4319383.993, 140
Trd, 4319387.093, 140
Trd, 4319387.843, 140
Trd, 4319388.443, 140
Trd, 4319388.493, 140
Trd, 4319389.043, 140
Trd, 4319389.093, 140
Trd, 4319389.143, 140
Trd, 4319389.943, 140
Trd, 4319390.293, 140
Trd, 4319391.643, 140
Trd, 4319391.793, 140
Trd, 4319392.843, 140
Trd, 4319393.843, 140
Trd, 4319394.143, 140
Trd, 4319395.743, 140
Trd, 4319395.993, 140
Trd, 4319397.493, 140
Trd, 4319399.693, 140
Trd, 4319399.893, 140
Trd, 4319400.143, 140
Trd, 4319401.093, 140
Trd, 4319401.343, 140
Trd, 4319402.093, 140
Trd, 4319402.943, 140
Trd, 4319404.393, 140
Trd, 4319405.343, 140
Trd, 4319405.893, 140
Trd, 4319405.943, 140
Trd, 4319409.193, 140
Trd, 4319409.843, 140
Trd, 4319410.443, 140
Trd, 4319410.493, 140
Trd, 4319412.143, 140
Trd, 4319414.943, 140
Trd, 4319414.993, 140
Trd, 4319416.393, 140
Trd, 4319418.793, 140
Trd, 4319419.093, 140
Trd, 4319419.143, 140
Trd, 4319419.293, 140
Trd, 4319420.893, 140
Trd, 4319422.193, 140
Trd, 4319422.443, 140
Trd, 4319423.143, 140
Trd, 4319423.493, 140
Trd, 4319423.543, 140
Trd, 4319423.643, 139
Trd, 4319424.043, 140
Trd, 4319425.443, 140
Trd, 4319427.543, 140
Trd, 4319429.943, 140
Trd, 4319430.043, 140
Trd, 4319430.793, 140
Trd, 4319430.943, 140
Trd, 4319430.993, 140
Trd, 4319431.143, 140
Trd, 4319432.943, 140
Trd, 4319433.193, 140
Trd, 4319434.143, 140
Trd, 4319435.793, 140
Trd, 4319436.693, 140
Trd, 4319438.743, 140
Trd, 4319439.743, 140
Trd, 4319439.793, 140
Trd, 4319439.943, 140
Trd, 4319440.193, 140
Trd, 4319440.693, 140
Trd, 4319442.743, 140
Trd, 4319447.143, 140
Trd, 4319448.443, 140
Trd, 4319448.493, 140
Trd, 4319448.543, 140
Trd, 4319448.743, 140
Trd, 4319448.993, 140
Trd, 4319449.043, 139
Trd, 4319449.843, 140
Trd, 4319449.943, 139
Trd, 4319451.293, 136
Trd, 4319453.193, 140
Trd, 4319453.293, 140
Trd, 4319453.693, 140
Trd, 4319454.643, 140
Trd, 4319455.643, 140
Trd, 4319458.143, 140
Trd, 4319460.193, 140
Trd, 4319461.793, 140
Trd, 4319462.393, 140
Trd, 4319463.393, 140
Trd, 4319464.743, 140
Trd, 4319465.993, 140
Trd, 4319466.093, 140
Trd, 4319466.393, 140
Trd, 4319466.693, 140
Trd, 4319469.793, 140
Trd, 4319469.893, 140
Trd, 4319469.943, 140
Trd, 4319473.193, 140
Trd, 4319474.293, 140
Trd, 4319477.193, 140
Trd, 4319477.243, 140
Trd, 4319477.343, 140
Trd, 4319477.493, 140
Trd, 4319477.543, 140
Trd, 4319478.943, 140
Trd, 4319479.243, 140
Trd, 4319480.893, 140
Trd, 4319481.743, 140
Trd, 4319481.893, 140
Trd, 4319482.443, 140
Trd, 4319482.893, 86
Trd, 4319483.893, 134
Trd, 4319485.243, 131
Trd, 4319485.843, 131
Trd, 4319485.993, 132
Trd, 4319489.493, 140
Trd, 4319489.743, 140
Trd, 4319491.643, 140
Trd, 4319491.693, 140
Trd, 4319491.943, 140
Trd, 4319492.593, 140
Trd, 4319492.743, 140
Trd, 4319498.343, 140
Trd, 4319499.243, 140
Trd, 4319499.393, 140
Trd, 4319499.443, 140
Trd, 4319499.843, 140
Trd, 4319500.193, 140
Trd, 4319500.543, 140
Trd, 4319500.843, 140
Trd, 4319501.193, 140
Trd, 4319502.593, 138
Trd, 4319502.843, 137
Trd, 4319503.993, 109
Trd, 4319504.143, 129
Trd, 4319506.893, 60
Trd, 4319507.893, 60
Trd, 4319509.143, 60
Trd, 4319509.643, 60
Trd, 4319510.993, 60
Trd, 4319511.343, 60
Trd, 4319511.993, 62
Trd, 4319512.343, 61
Trd, 4319512.543, 62
Trd, 4319513.043, 91
Trd, 4319513.943, 64
Trd, 4319515.643, 140
Trd, 4319517.043, 140
Trd, 4319517.443, 140
Trd, 4319517.993, 140
Trd, 4319520.043, 140
Trd, 4319520.643, 140
Trd, 4319521.093, 140
Trd, 4319521.343, 140
Trd, 4319521.443, 140
Trd, 4319521.543, 140
Trd, 4319523.593, 140
Trd, 4319526.393, 140
Trd, 4319526.543, 140
Trd, 4319526.843, 140
Trd, 4319527.443, 140
Trd, 4319527.743, 140
Trd, 4319528.843, 140
Trd, 4319528.943, 140
Trd, 4319531.293, 140
Trd, 4319531.643, 140
Trd, 4319531.993, 140
Trd, 4319532.993, 140
Trd, 4319533.193, 140
Trd, 4319535.493, 140
Trd, 4319538.243, 140
Trd, 4319542.793, 140
Trd, 4319543.293, 140
Trd, 4319543.993, 140
Trd, 4319544.793, 140
Trd, 4319544.893, 140
Trd, 4319545.493, 140
Trd, 4319545.793, 140
Trd, 4319546.743, 140
Trd, 4319547.093, 140
Trd, 4319547.793, 140
Trd, 4319547.943, 140
Trd, 4319548.343, 140
Trd, 4319550.943, 60
Trd, 4319552.643, 60
Trd, 4319553.693, 60
Trd, 4319554.943, 60
Trd, 4319555.193, 60
Trd, 4319556.243, 60
Trd, 4319557.943, 60
Trd, 4319557.993, 60
Trd, 4319558.043, 60
Trd, 4319558.993, 140
Trd, 4319559.093, 140
Trd, 4319559.393, 60
Trd, 4319562.843, 85
Trd, 4319564.243, 83
Trd, 4319564.543, 84
Trd, 4319564.643, 84
Trd, 4319565.593, 85
Trd, 4319565.743, 140
Trd, 4319567.293, 123
Trd, 4319567.593, 108
Trd, 4319567.893, 106
Trd, 4319568.993, 119
Trd, 4319570.043, 110
Trd, 4319571.643, 96
Trd, 4319572.543, 104
Trd, 4319572.643, 106
Trd, 4319573.093, 106
Trd, 4319573.643, 102
Trd, 4319574.443, 99
Trd, 4319574.893, 101
Trd, 4319575.593, 102
Trd, 4319577.643, 140
Trd, 4319578.843, 140
Trd, 4319579.243, 140
Trd, 4319579.843, 140
Trd, 4319580.993, 140
Trd, 4319582.343, 140
Trd, 4319583.093, 140
Trd, 4319583.443, 140
Trd, 4319583.543, 140
Trd, 4319588.093, 140
Trd, 4319590.093, 140
Trd, 4319590.243, 140
Trd, 4319590.393, 140
Trd, 4319590.743, 140
Trd, 4319590.893, 140
Trd, 4319591.293, 140
Trd, 4319591.343, 140
Trd, 4319594.443, 140
Trd, 4319594.693, 140
Trd, 4319596.343, 140
Trd, 4319596.393, 140
Trd, 4319597.493, 140
Trd, 4319597.543, 140
Trd, 4319597.843, 140
Trd, 4319598.093, 139
Trd, 4319600.743, 140
Trd, 4319601.493, 140
Trd, 4319601.743, 140
Trd, 4319602.193, 140
Trd, 4319602.493, 140
Trd, 4319603.143, 140
Trd, 4319606.843, 140
Trd, 4319607.643, 140
Trd, 4319607.693, 140
Trd, 4319607.843, 140
Trd, 4319607.893, 140
Trd, 4319608.393, 140
Trd, 4319608.543, 140
Trd, 4319609.393, 140
Trd, 4319611.343, 140
Trd, 4319611.593, 140
Trd, 4319611.943, 140
Trd, 4319612.193, 140
Trd, 4319612.243, 140
Trd, 4319612.993, 140
Trd, 4319613.993, 140
Trd, 4319614.643, 140
Trd, 4319616.293, 140
Trd, 4319619.143, 140
Trd, 4319619.393, 140
Trd, 4319620.043, 140
Trd, 4319620.093, 140
Trd, 4319620.193, 140
Trd, 4319624.193, 140
Trd, 4319624.643, 140
Trd, 4319626.743, 140
Trd, 4319626.793, 140
Trd, 4319626.843, 140
Trd, 4319627.043, 140
Trd, 4319627.443, 140
Trd, 4319629.143, 140
Trd, 4319629.693, 140
Trd, 4319631.793, 140
Trd, 4319634.593, 140
Trd, 4319634.993, 140
Trd, 4319635.393, 140
Trd, 4319635.693, 140
Trd, 4319636.143, 140
Trd, 4319636.793, 140
Trd, 4319637.293, 140
Trd, 4319637.643, 140
Trd, 4319641.743, 140
Trd, 4319643.043, 140
Trd, 4319644.293, 140
Trd, 4319645.293, 140
Trd, 4319645.393, 140
Trd, 4319645.943, 140
Trd, 4319646.193, 140
Trd, 4319646.243, 140
Trd, 4319646.543, 140
Trd, 4319647.143, 140
Trd, 4319647.643, 140
Trd, 4319647.693, 138
Trd, 4319648.343, 138
Trd, 4319649.143, 136
Trd, 4319649.893, 100
Trd, 4319651.693, 66
Trd, 4319652.143, 117
Trd, 4319652.693, 103
Trd, 4319657.243, 139
Trd, 4319657.343, 138
Trd, 4319658.593, 129
Trd, 4319659.243, 116
Trd, 4319659.343, 125
Trd, 4319660.643, 122
Trd, 4319660.943, 123
Trd, 4319661.243, 126
Trd, 4319663.193, 129
Trd, 4319663.593, 128
Trd, 4319663.843, 136
Trd, 4319664.093, 138
Trd, 4319665.093, 140
Trd, 4319665.393, 140
Trd, 4319666.193, 140
Trd, 4319669.293, 140
Trd, 4319670.543, 140
Trd, 4319671.193, 140
Trd, 4319673.943, 140
Trd, 4319675.793, 140
Trd, 4319676.243, 140
Trd, 4319677.343, 140
Trd, 4319679.693, 140
Trd, 4319679.943, 140
Trd, 4319680.693, 140
Trd, 4319682.143, 140
Trd, 4319683.943, 140
Trd, 4319684.443, 140
Trd, 4319685.093, 140
Trd, 4319685.793, 140
Trd, 4319685.893, 140
Trd, 4319688.043, 140
Trd, 4319688.443, 140
Trd, 4319689.643, 140
Trd, 4319690.943, 140
Trd, 4319694.693, 140
Trd, 4319694.743, 140
Trd, 4319694.793, 140
Trd, 4319694.843, 140
Trd, 4319695.343, 140
Trd, 4319695.543, 140
Trd, 4319696.543, 140
Trd, 4319697.893, 140
Trd, 4319698.843, 140
Trd, 4319699.043, 140
Trd, 4319699.543, 140
Trd, 4319699.793, 140
Trd, 4319700.293, 139
Trd, 4319700.343, 140
Trd, 4319700.693, 139
Trd, 4319701.343, 140
Trd, 4319701.543, 88
Trd, 4319706.093, 140
Trd, 4319707.443, 140
Trd, 4319707.843, 140
Trd, 4319711.243, 140
Trd, 4319711.943, 140
Trd, 4319712.093, 140
Trd, 4319712.743, 140
Trd, 4319712.993, 140
Trd, 4319713.643, 140
Trd, 4319714.643, 140
Trd, 4319715.593, 140
Trd, 4319716.193, 140
Trd, 4319720.493, 140
Trd, 4319721.943, 140
Trd, 4319722.593, 140
Trd, 4319724.093, 140
Trd, 4319724.293, 140
Trd, 4319724.493, 140
Trd, 4319725.143, 140
Trd, 4319725.493, 140
Trd, 4319726.243, 140
Trd, 4319727.693, 140
Trd, 4319728.343, 140
Trd, 4319728.493, 139
Trd, 4319728.993, 140
Trd, 4319730.343, 140
Trd, 4319730.793, 140
Trd, 4319731.643, 140
Trd, 4319731.743, 140
Trd, 4319733.893, 131
Trd, 4319734.843, 140
Trd, 4319735.343, 140
Trd, 4319738.343, 140
Trd, 4319739.343, 140
Trd, 4319740.043, 140
Trd, 4319740.443, 140
Trd, 4319740.593, 140
Trd, 4319741.793, 140
Trd, 4319743.843, 140
Trd, 4319743.893, 140
Trd, 4319744.243, 140
Trd, 4319745.043, 140
Trd, 4319745.243, 140
Trd, 4319745.443, 140
Trd, 4319745.693, 140
Trd, 4319746.543, 140
Trd, 4319747.293, 140
Trd, 4319749.743, 140
Trd, 4319752.593, 140
Trd, 4319753.993, 140
Trd, 4319754.093, 140
Trd, 4319754.343, 140
Trd, 4319754.393, 140
Trd, 4319755.693, 140
Trd, 4319756.893, 140
Trd, 4319756.993, 140
Trd, 4319759.093, 140
Trd, 4319759.243, 140
Trd, 4319759.793, 140
Trd, 4319760.743, 140
Trd, 4319761.343, 140
Trd, 4319764.143, 140
Trd, 4319764.193, 140
Trd, 4319764.543, 140
Trd, 4319767.293, 140
Trd, 4319767.893, 140
Trd, 4319768.093, 140
Trd, 4319768.193, 140
Trd, 4319768.843, 140
Trd, 4319769.293, 140
Trd, 4319769.643, 140
Trd, 4319769.743, 140
Trd, 4319771.743, 140
Trd, 4319772.493, 140
Trd, 4319775.143, 140
Trd, 4319777.043, 140
Trd, 4319778.593, 140
Trd, 4319778.943, 140
Trd, 4319780.743, 140
Trd, 4319780.993, 140
Trd, 4319781.243, 140
Trd, 4319781.843, 140
Trd, 4319781.943, 140
Trd, 4319782.243, 140
Trd, 4319782.843, 140
Trd, 4319782.943, 140
Trd, 4319783.943, 136
Trd, 4319784.493, 138
Trd, 4319785.443, 139
Trd, 4319785.543, 139
Trd, 4319786.993, 140
Trd, 4319789.743, 140
Trd, 4319789.893, 140
Trd, 4319790.193, 140
Trd, 4319791.193, 140
Trd, 4319791.693, 140
Trd, 4319792.493, 140
Trd, 4319794.293, 140
Trd, 4319794.343, 140
Trd, 4319794.493, 140
Trd, 4319794.943, 140
Trd, 4319795.343, 139
Trd, 4319799.193, 60
Trd, 4319799.593, 60
Trd, 4319799.643, 60
Trd, 4319799.993, 60
Trd, 4319800.143, 60
Trd, 4319800.493, 60
Trd, 4319801.243, 60
Trd, 4319801.493, 60
Trd, 4319804.393, 65
Trd, 4319804.593, 65
Trd, 4319804.943, 65
Trd, 4319805.443, 88
Trd, 4319806.643, 124
Trd, 4319807.793, 74
Trd, 4319809.543, 89
Trd, 4319810.243, 91
Trd, 4319810.493, 89
Trd, 4319810.693, 92
Trd, 4319810.993, 95
Trd, 4319811.543, 96
Trd, 4319814.343, 140
Trd, 4319815.993, 140
Trd, 4319816.043, 140
Trd, 4319818.543, 140
Trd, 4319818.643, 140
Trd, 4319818.993, 140
Trd, 4319819.593, 140
Trd, 4319819.893, 140
Trd, 4319819.943, 140
Trd, 4319821.093, 140
Trd, 4319821.943, 140
Trd, 4319821.993, 140
Trd, 4319823.493, 138
Trd, 4319823.543, 135
Trd, 4319826.293, 140
Trd, 4319828.693, 140
Trd, 4319829.143, 140
Trd, 4319832.793, 140
Trd, 4319833.093, 140
Trd, 4319833.143, 140
Trd, 4319833.943, 140
Trd, 4319834.493, 140
Trd, 4319834.643, 140
Trd, 4319836.693, 140
Trd, 4319836.743, 139
Trd, 4319837.043, 139
Trd, 4319840.493, 140
Trd, 4319841.993, 140
Trd, 4319842.293, 140
Trd, 4319842.393, 140
Trd, 4319842.893, 140
Trd, 4319843.493, 140
Trd, 4319843.543, 140
Trd, 4319844.243, 140
Trd, 4319845.693, 140
Trd, 4319845.843, 140
Trd, 4319846.393, 140
Trd, 4319846.493, 139
Trd, 4319846.643, 139
Trd, 4319847.993, 140
Trd, 4319850.143, 140
Trd, 4319851.293, 140
Trd, 4319852.143, 140
Trd, 4319852.543, 140
Trd, 4319852.643, 140
Trd, 4319853.343, 140
Trd, 4319853.593, 140
Trd, 4319854.243, 140
Trd, 4319854.843, 140
Trd, 4319856.393, 140
Trd, 4319856.493, 140
Trd, 4319859.293, 140
Trd, 4319861.043, 140
Trd, 4319862.243, 140
Trd, 4319862.343, 140
Trd, 4319862.543, 140
Trd, 4319862.743, 140
Trd, 4319862.893, 140
Trd, 4319863.243, 140
Trd, 4319865.393, 140
Trd, 4319869.093, 140
Trd, 4319870.043, 140
Trd, 4319871.743, 140
Trd, 4319873.043, 140
Trd, 4319873.143, 140
Trd, 4319875.543, 140
Trd, 4319876.243, 140
Trd, 4319878.043, 140
Trd, 4319879.143, 140
Trd, 4319879.543, 140
Trd, 4319879.593, 139
Trd, 4319879.743, 140
Trd, 4319879.793, 138
Trd, 4319881.993, 87
Trd, 4319882.143, 87
Trd, 4319882.543, 87
Trd, 4319882.643, 86
Trd, 4319883.543, 102
Trd, 4319884.443, 81
Trd, 4319888.693, 140
Trd, 4319888.893, 140
Trd, 4319889.093, 140
Trd, 4319890.143, 140
Trd, 4319890.443, 140
Trd, 4319890.593, 140
Trd, 4319890.893, 140
Trd, 4319890.993, 140
Trd, 4319891.243, 140
Trd, 4319891.693, 140
Trd, 4319892.393, 140
Trd, 4319892.593, 140
Trd, 4319894.093, 140
Trd, 4319896.943, 120
Trd, 4319897.043, 130
Trd, 4319897.843, 140
Trd, 4319902.143, 140
Trd, 4319902.193, 140
Trd, 4319902.943, 140
Trd, 4319903.143, 140
Trd, 4319903.893, 140
Trd, 4319904.343, 140
Trd, 4319906.543, 140
Trd, 4319908.443, 140
Trd, 4319909.093, 140
Trd, 4319911.643, 140
Trd, 4319912.143, 140
Trd, 4319912.893, 140
Trd, 4319913.143, 140
Trd, 4319913.343, 140
Trd, 4319914.143, 140
Trd, 4319914.193, 140
Trd, 4319918.093, 140
Trd, 4319918.293, 140
Trd, 4319918.693, 140
Trd, 4319920.493, 140
Trd, 4319920.593, 140
Trd, 4319920.693, 140
Trd, 4319921.043, 140
Trd, 4319921.393, 140
Trd, 4319921.793, 140
Trd, 4319922.043, 140
Trd, 4319922.543, 140
Trd, 4319923.293, 89
Trd, 4319924.293, 140
Trd, 4319925.443, 140
Trd, 4319927.793, 140
Trd, 4319929.393, 140
Trd, 4319931.543, 140
Trd, 4319931.943, 140
Trd, 4319932.393, 140
Trd, 4319932.493, 140
Trd, 4319932.643, 140
Trd, 4319933.243, 140
Trd, 4319936.593, 140
Trd, 4319937.943, 140
Trd, 4319938.143, 140
Trd, 4319938.443, 140
Trd, 4319938.543, 140
Trd, 4319938.643, 140
Trd, 4319938.893, 140
Trd, 4319941.543, 140
Trd, 4319941.643, 140
Trd, 4319942.443, 140
Trd, 4319942.543, 140
Trd, 4319942.943, 140
Trd, 4319943.393, 140
Trd, 4319943.743, 137
Trd, 4319946.093, 140
Trd, 4319946.693, 140
Trd, 4319946.993, 140
Trd, 4319948.793, 140
Trd, 4319949.143, 140
Trd, 4319949.493, 140
Trd, 4319950.243, 140
Trd, 4319950.393, 140
Trd, 4319952.193, 140
Trd, 4319953.143, 140
Trd, 4319953.193, 140
Trd, 4319953.543, 140
Trd, 4319954.743, 140
Trd, 4319955.393, 140
Trd, 4319956.243, 140
Trd, 4319956.593, 140
Trd, 4319957.243, 140
Trd, 4319957.693, 138
Trd, 4319958.143, 140
Trd, 4319960.393, 140
Trd, 4319961.543, 140
Trd, 4319961.993, 140
Trd, 4319964.543, 140
Trd, 4319966.693, 140
Trd, 4319966.743, 140
Trd, 4319967.143, 140
Trd, 4319967.193, 140
Trd, 4319968.993, 140
Trd, 4319969.593, 140
Trd, 4319970.393, 140
Trd, 4319971.093, 140
Trd, 4319971.193, 140
Trd, 4319974.743, 140
Trd, 4319977.693, 140
Trd, 4319981.493, 140
Trd, 4319982.243, 140
Trd, 4319982.593, 140
Trd, 4319983.293, 140
Trd, 4319983.443, 140
Trd, 4319984.193, 140
Trd, 4319984.343, 140
Trd, 4319984.893, 140
Trd, 4319986.493, 140
Trd, 4319988.693, 140
Trd, 4319991.643, 140
Trd, 4319992.493, 140
Trd, 4319992.693, 140
Trd, 4319993.043, 140
Trd, 4319993.093, 140
Trd, 4319993.143, 140
Trd, 4319994.043, 139
Trd, 4319994.093, 140
Trd, 4319995.743, 139
Trd, 4319996.093, 119
Trd, 4319996.293, 139
Trd, 4319998.793, 140
Trd, 4319999.493, 140
Trd, 4319999.743, 140
Trd, 4319999.793, 140
Trd, 4319999.893, 138
