Trd, 4318119.143, 60
Trd, 4318119.293, 60
Trd, 4318119.743, 108
Trd, 4318120.743, 69
Trd, 4318120.793, 68
Trd, 4318121.693, 61
Trd, 4318122.293, 105
Trd, 4318123.243, 92
Trd, 4318123.593, 90
Trd, 4318123.643, 94
Trd, 4318124.543, 116
Trd, 4318125.893, 90
Trd, 4318126.093, 78
Trd, 4318126.443, 78
Trd, 4318128.093, 82
Trd, 4318128.543, 95
Trd, 4318129.843, 96
Trd, 4318130.543, 103
Trd, 4318130.693, 82
Trd, 4318130.743, 106
Trd, 4318131.643, 83
Trd, 4318133.693, 87
Trd, 4318134.043, 118
Trd, 4318134.243, 85
Trd, 4318134.443, 66
Trd, 4318135.893, 66
Trd, 4318136.393, 66
Trd, 4318136.693, 90
Trd, 4318136.793, 88
Trd, 4318137.443, 72
Trd, 4318139.293, 69
Trd, 4318140.043, 74
Trd, 4318140.843, 67
Trd, 4318141.143, 63
Trd, 4318142.893, 72
Trd, 4318143.293, 70
Trd, 4318144.143, 109
Trd, 4318144.593, 139
Trd, 4318145.143, 95
Trd, 4318145.543, 94
Trd, 4318145.893, 88
Trd, 4318146.693, 122
Trd, 4318148.543, 131
Trd, 4318149.043, 102
Trd, 4318149.643, 99
Trd, 4318149.743, 94
Trd, 4318150.793, 88
Trd, 4318150.993, 76
Trd, 4318151.643, 63
Trd, 4318152.593, 96
Trd, 4318153.143, 91
Trd, 4318153.293, 86
Trd, 4318153.543, 119
Trd, 4318154.143, 114
Trd, 4318155.293, 66
Trd, 4318155.993, 138
Trd, 4318157.043, 63
Trd, 4318157.393, 61
Trd, 4318158.893, 78
Trd, 4318160.893, 107
Trd, 4318160.993, 88
Trd, 4318161.393, 123
Trd, 4318162.193, 111
Trd, 4318163.143, 76
Trd, 4318163.443, 64
Trd, 4318164.143, 82
Trd, 4318166.193, 93
Trd, 4318167.443, 75
Trd, 4318167.993, 75
Trd, 4318168.143, 92
Trd, 4318168.893, 75
Trd, 4318169.093, 78
Trd, 4318171.293, 105
Trd, 4318171.543, 101
Trd, 4318171.743, 96
Trd, 4318172.093, 119
Trd, 4318172.593, 122
Trd, 4318174.293, 79
Trd, 4318174.493, 115
Trd, 4318174.593, 75
Trd, 4318174.793, 71
Trd, 4318174.943, 92
Trd, 4318176.843, 80
Trd, 4318176.893, 71
Trd, 4318178.593, 103
Trd, 4318179.443, 102
Trd, 4318180.093, 111
Trd, 4318180.693, 122
Trd, 4318180.893, 100
Trd, 4318183.043, 119
Trd, 4318183.243, 117
Trd, 4318183.443, 108
Trd, 4318183.643, 70
Trd, 4318185.493, 104
Trd, 4318186.143, 132
Trd, 4318186.543, 113
Trd, 4318186.693, 112
Trd, 4318186.743, 106
Trd, 4318187.543, 123
Trd, 4318188.193, 139
Trd, 4318189.193, 105
Trd, 4318190.893, 92
Trd, 4318191.293, 86
Trd, 4318191.943, 73
Trd, 4318192.493, 109
Trd, 4318193.443, 97
Trd, 4318193.743, 72
Trd, 4318194.143, 103
Trd, 4318195.693, 61
Trd, 4318196.043, 72
Trd, 4318197.593, 91
Trd, 4318197.743, 90
Trd, 4318197.993, 81
Trd, 4318198.443, 93
Trd, 4318198.693, 109
Trd, 4318200.843, 114
Trd, 4318200.993, 108
Trd, 4318201.643, 107
Trd, 4318202.243, 131
Trd, 4318203.043, 119
Trd, 4318203.743, 111
Trd, 4318205.543, 103
Trd, 4318205.593, 134
Trd, 4318205.693, 101
Trd, 4318206.093, 99
Trd, 4318206.743, 86
Trd, 4318206.843, 98
Trd, 4318206.993, 75
Trd, 4318207.993, 63
Trd, 4318208.293, 80
Trd, 4318208.943, 74
Trd, 4318209.393, 74
Trd, 4318210.093, 78
Trd, 4318212.593, 110
Trd, 4318213.543, 108
Trd, 4318214.243, 71
Trd, 4318214.593, 80
Trd, 4318214.693, 99
Trd, 4318214.793, 75
Trd, 4318215.243, 68
Trd, 4318216.193, 107
Trd, 4318217.643, 70
Trd, 4318218.793, 85
Trd, 4318219.143, 90
Trd, 4318220.293, 128
Trd, 4318220.443, 127
Trd, 4318220.593, 132
Trd, 4318221.793, 114
Trd, 4318222.443, 108
Trd, 4318222.743, 107
Trd, 4318223.343, 87
Trd, 4318224.143, 66
Trd, 4318224.943, 62
Trd, 4318225.343, 91
Trd, 4318225.693, 97
Trd, 4318226.193, 99
Trd, 4318226.343, 64
Trd, 4318227.593, 66
Trd, 4318228.143, 65
Trd, 4318228.193, 90
Trd, 4318230.493, 110
Trd, 4318231.193, 120
Trd, 4318232.143, 106
Trd, 4318233.843, 124
Trd, 4318234.093, 130
Trd, 4318234.193, 123
Trd, 4318234.393, 108
Trd, 4318235.143, 101
Trd, 4318235.443, 98
Trd, 4318236.493, 85
Trd, 4318236.843, 65
Trd, 4318238.093, 75
Trd, 4318238.593, 60
Trd, 4318240.793, 80
Trd, 4318240.843, 72
Trd, 4318241.043, 83
Trd, 4318243.493, 60
Trd, 4318243.793, 61
Trd, 4318245.593, 77
Trd, 4318245.743, 72
Trd, 4318246.393, 100
Trd, 4318247.643, 98
Trd, 4318248.443, 100
Trd, 4318249.243, 125
Trd, 4318249.693, 122
Trd, 4318249.743, 118
Trd, 4318250.093, 138
Trd, 4318252.093, 60
Trd, 4318253.043, 79
Trd, 4318253.293, 69
Trd, 4318255.043, 100
Trd, 4318255.693, 88
Trd, 4318255.743, 111
Trd, 4318255.843, 87
Trd, 4318256.793, 103
Trd, 4318257.243, 85
Trd, 4318257.493, 85
Trd, 4318259.193, 71
Trd, 4318259.493, 85
Trd, 4318261.093, 74
Trd, 4318261.493, 72
Trd, 4318261.543, 79
Trd, 4318262.493, 99
Trd, 4318263.193, 113
Trd, 4318265.493, 60
Trd, 4318266.393, 60
Trd, 4318266.793, 68
Trd, 4318268.143, 66
Trd, 4318268.643, 77
Trd, 4318268.843, 137
Trd, 4318269.043, 68
Trd, 4318270.793, 67
Trd, 4318271.243, 76
Trd, 4318271.343, 92
Trd, 4318271.943, 76
Trd, 4318272.493, 92
Trd, 4318272.793, 91
Trd, 4318274.593, 123
Trd, 4318274.893, 120
Trd, 4318275.593, 111
Trd, 4318275.793, 108
Trd, 4318276.043, 103
Trd, 4318276.643, 106
Trd, 4318278.143, 82
Trd, 4318279.443, 140
Trd, 4318280.343, 108
Trd, 4318280.493, 96
Trd, 4318280.643, 140
Trd, 4318281.793, 112
Trd, 4318283.143, 140
Trd, 4318284.293, 140
Trd, 4318285.843, 140
Trd, 4318286.143, 139
Trd, 4318286.243, 130
Trd, 4318286.593, 128
Trd, 4318287.443, 127
Trd, 4318287.743, 123
Trd, 4318288.393, 96
Trd, 4318288.693, 95
Trd, 4318289.193, 101
Trd, 4318289.343, 77
Trd, 4318290.943, 140
Trd, 4318291.193, 135
Trd, 4318292.643, 116
Trd, 4318293.393, 97
Trd, 4318296.293, 121
Trd, 4318296.343, 120
Trd, 4318296.643, 117
Trd, 4318297.243, 108
Trd, 4318297.493, 140
Trd, 4318298.443, 119
Trd, 4318298.943, 110
Trd, 4318299.443, 110
Trd, 4318299.843, 72
Trd, 4318300.393, 116
Trd, 4318301.893, 108
Trd, 4318302.343, 107
Trd, 4318303.143, 140
Trd, 4318303.493, 131
Trd, 4318304.093, 135
Trd, 4318305.343, 139
Trd, 4318305.893, 128
Trd, 4318306.493, 126
Trd, 4318307.293, 85
Trd, 4318308.443, 79
Trd, 4318309.143, 95
Trd, 4318309.243, 83
Trd, 4318310.193, 118
Trd, 4318311.093, 122
Trd, 4318311.343, 70
Trd, 4318312.293, 108
Trd, 4318314.893, 73
Trd, 4318315.193, 70
Trd, 4318317.593, 90
Trd, 4318317.793, 92
Trd, 4318318.193, 88
Trd, 4318318.443, 93
Trd, 4318319.043, 85
Trd, 4318320.393, 108
Trd, 4318321.093, 80
Trd, 4318321.693, 74
Trd, 4318323.443, 104
Trd, 4318324.043, 113
Trd, 4318324.143, 104
Trd, 4318324.593, 104
Trd, 4318325.343, 103
Trd, 4318326.143, 104
Trd, 4318326.293, 101
Trd, 4318326.943, 135
Trd, 4318327.143, 138
Trd, 4318328.593, 114
Trd, 4318329.993, 114
Trd, 4318330.143, 117
Trd, 4318330.343, 111
Trd, 4318330.393, 104
Trd, 4318330.593, 81
Trd, 4318333.343, 140
Trd, 4318334.293, 140
Trd, 4318336.293, 132
Trd, 4318336.993, 140
Trd, 4318337.043, 130
Trd, 4318337.443, 126
Trd, 4318338.293, 121
Trd, 4318338.593, 121
Trd, 4318338.643, 108
Trd, 4318339.593, 75
Trd, 4318340.993, 140
Trd, 4318341.793, 140
Trd, 4318342.593, 106
Trd, 4318343.193, 103
Trd, 4318343.643, 113
Trd, 4318344.443, 95
Trd, 4318345.343, 109
Trd, 4318346.193, 116
Trd, 4318346.943, 94
Trd, 4318348.143, 98
Trd, 4318348.193, 92
Trd, 4318348.243, 115
Trd, 4318350.543, 138
Trd, 4318350.643, 112
Trd, 4318351.343, 118
Trd, 4318351.943, 117
Trd, 4318352.693, 115
Trd, 4318353.593, 111
Trd, 4318353.743, 109
Trd, 4318354.493, 123
Trd, 4318354.593, 105
Trd, 4318354.693, 94
Trd, 4318356.693, 140
Trd, 4318356.743, 139
Trd, 4318357.593, 140
Trd, 4318359.793, 140
Trd, 4318360.093, 104
Trd, 4318360.143, 102
Trd, 4318361.493, 121
Trd, 4318362.843, 108
Trd, 4318362.943, 96
Trd, 4318363.693, 104
Trd, 4318363.993, 99
Trd, 4318364.243, 98
Trd, 4318364.643, 105
Trd, 4318365.593, 120
Trd, 4318367.693, 95
Trd, 4318368.293, 96
Trd, 4318368.343, 95
Trd, 4318369.043, 102
Trd, 4318369.843, 103
Trd, 4318370.343, 96
Trd, 4318370.593, 87
Trd, 4318371.843, 61
Trd, 4318373.643, 65
Trd, 4318374.493, 84
Trd, 4318376.443, 65
Trd, 4318377.193, 93
Trd, 4318377.343, 70
Trd, 4318378.793, 67
Trd, 4318379.343, 65
Trd, 4318379.843, 78
Trd, 4318381.243, 82
Trd, 4318381.493, 73
Trd, 4318381.543, 72
Trd, 4318381.843, 82
Trd, 4318382.843, 72
Trd, 4318385.143, 103
Trd, 4318385.593, 109
Trd, 4318386.843, 121
Trd, 4318387.543, 122
Trd, 4318387.793, 120
Trd, 4318388.043, 111
Trd, 4318388.893, 119
Trd, 4318389.093, 105
Trd, 4318389.443, 139
Trd, 4318389.543, 78
Trd, 4318390.293, 101
Trd, 4318391.143, 98
Trd, 4318391.243, 77
Trd, 4318391.693, 80
Trd, 4318393.293, 136
Trd, 4318393.693, 110
Trd, 4318393.843, 97
Trd, 4318393.943, 96
Trd, 4318394.793, 106
Trd, 4318395.993, 111
Trd, 4318396.343, 108
Trd, 4318397.043, 121
Trd, 4318398.043, 119
Trd, 4318398.593, 140
Trd, 4318401.193, 140
Trd, 4318402.393, 140
Trd, 4318402.443, 140
Trd, 4318403.093, 139
Trd, 4318403.543, 140
Trd, 4318404.343, 131
Trd, 4318405.093, 129
Trd, 4318405.843, 100
Trd, 4318406.093, 130
Trd, 4318406.743, 117
Trd, 4318408.093, 80
Trd, 4318408.293, 78
Trd, 4318409.343, 71
Trd, 4318410.743, 91
Trd, 4318411.943, 98
Trd, 4318412.293, 100
Trd, 4318412.443, 99
Trd, 4318413.493, 108
Trd, 4318414.143, 84
Trd, 4318414.743, 123
Trd, 4318415.043, 122
Trd, 4318416.243, 99
Trd, 4318416.543, 96
Trd, 4318416.643, 138
Trd, 4318417.593, 139
Trd, 4318417.943, 66
Trd, 4318418.443, 89
Trd, 4318420.843, 64
Trd, 4318421.393, 63
Trd, 4318421.793, 65
Trd, 4318422.643, 61
Trd, 4318423.393, 60
Trd, 4318423.693, 64
Trd, 4318424.943, 140
Trd, 4318425.443, 138
Trd, 4318425.643, 136
Trd, 4318427.293, 113
Trd, 4318427.843, 106
Trd, 4318428.493, 139
Trd, 4318428.693, 135
Trd, 4318429.693, 128
Trd, 4318431.393, 136
Trd, 4318432.143, 124
Trd, 4318432.993, 121
Trd, 4318433.543, 105
Trd, 4318433.793, 102
Trd, 4318434.493, 112
Trd, 4318434.643, 89
Trd, 4318435.543, 107
Trd, 4318436.843, 122
Trd, 4318437.343, 98
Trd, 4318437.743, 86
Trd, 4318437.893, 85
Trd, 4318437.993, 105
Trd, 4318438.043, 85
Trd, 4318438.993, 60
Trd, 4318442.693, 103
Trd, 4318443.193, 137
Trd, 4318443.443, 99
Trd, 4318443.793, 89
Trd, 4318444.093, 140
Trd, 4318445.243, 97
Trd, 4318445.393, 71
Trd, 4318446.643, 94
Trd, 4318447.543, 97
Trd, 4318447.693, 117
Trd, 4318447.893, 82
Trd, 4318448.043, 65
Trd, 4318449.693, 99
Trd, 4318450.193, 71
Trd, 4318450.793, 63
Trd, 4318451.843, 96
Trd, 4318452.343, 138
Trd, 4318452.693, 125
Trd, 4318452.893, 114
Trd, 4318455.043, 107
Trd, 4318455.093, 103
Trd, 4318455.643, 140
Trd, 4318456.793, 94
Trd, 4318457.593, 94
Trd, 4318458.143, 110
Trd, 4318458.393, 111
Trd, 4318458.493, 92
Trd, 4318458.693, 91
Trd, 4318459.593, 87
Trd, 4318460.393, 78
Trd, 4318460.493, 70
Trd, 4318461.443, 77
Trd, 4318461.843, 78
Trd, 4318462.493, 89
Trd, 4318463.993, 70
Trd, 4318464.093, 76
Trd, 4318465.593, 78
Trd, 4318465.793, 69
Trd, 4318466.343, 83
Trd, 4318467.293, 67
Trd, 4318468.243, 124
Trd, 4318468.743, 123
Trd, 4318469.093, 115
Trd, 4318470.693, 95
Trd, 4318471.493, 132
Trd, 4318471.993, 119
Trd, 4318472.193, 118
Trd, 4318473.843, 140
Trd, 4318473.943, 103
Trd, 4318475.993, 139
Trd, 4318476.293, 125
Trd, 4318476.843, 119
Trd, 4318476.993, 117
Trd, 4318477.743, 135
Trd, 4318479.043, 114
Trd, 4318479.143, 112
Trd, 4318479.543, 97
Trd, 4318481.343, 99
Trd, 4318482.393, 140
Trd, 4318483.293, 140
Trd, 4318483.643, 140
Trd, 4318484.043, 140
Trd, 4318484.293, 140
Trd, 4318485.493, 127
Trd, 4318486.843, 122
Trd, 4318487.593, 138
Trd, 4318487.743, 127
Trd, 4318488.843, 114
Trd, 4318490.243, 138
Trd, 4318490.943, 122
Trd, 4318491.093, 104
Trd, 4318491.343, 98
Trd, 4318492.593, 120
Trd, 4318492.743, 74
Trd, 4318494.543, 139
Trd, 4318495.043, 134
Trd, 4318495.693, 127
Trd, 4318495.843, 126
Trd, 4318496.093, 89
Trd, 4318496.243, 71
Trd, 4318498.543, 102
Trd, 4318498.743, 101
Trd, 4318499.043, 128
Trd, 4318499.443, 102
Trd, 4318499.693, 90
Trd, 4318500.143, 90
Trd, 4318501.143, 107
Trd, 4318501.393, 94
Trd, 4318501.843, 100
Trd, 4318503.443, 109
Trd, 4318503.893, 111
Trd, 4318504.493, 108
Trd, 4318504.543, 99
Trd, 4318504.893, 86
Trd, 4318506.143, 104
Trd, 4318506.843, 134
Trd, 4318507.693, 133
Trd, 4318509.543, 103
Trd, 4318509.793, 76
Trd, 4318511.243, 101
Trd, 4318511.593, 95
Trd, 4318512.443, 70
Trd, 4318513.343, 96
Trd, 4318513.793, 104
Trd, 4318515.043, 108
Trd, 4318516.843, 129
Trd, 4318516.943, 128
Trd, 4318517.043, 97
Trd, 4318517.743, 91
Trd, 4318517.893, 85
Trd, 4318519.743, 101
Trd, 4318520.343, 138
Trd, 4318520.843, 137
Trd, 4318521.543, 130
Trd, 4318521.593, 106
Trd, 4318522.393, 138
Trd, 4318522.893, 86
Trd, 4318523.343, 104
Trd, 4318524.343, 123
Trd, 4318525.993, 63
Trd, 4318526.693, 83
Trd, 4318528.043, 72
Trd, 4318529.543, 76
Trd, 4318529.793, 78
Trd, 4318530.093, 78
Trd, 4318531.143, 78
Trd, 4318531.593, 76
Trd, 4318532.593, 111
Trd, 4318533.043, 106
Trd, 4318533.243, 80
Trd, 4318534.243, 125
Trd, 4318535.943, 78
Trd, 4318536.893, 82
Trd, 4318537.093, 79
Trd, 4318537.243, 67
Trd, 4318537.343, 62
Trd, 4318538.793, 95
Trd, 4318539.393, 82
Trd, 4318539.743, 112
Trd, 4318540.943, 67
Trd, 4318541.593, 73
Trd, 4318542.093, 108
Trd, 4318543.743, 86
Trd, 4318545.143, 138
Trd, 4318545.693, 127
Trd, 4318546.493, 120
Trd, 4318547.043, 120
Trd, 4318547.643, 109
Trd, 4318549.093, 140
Trd, 4318550.143, 140
Trd, 4318550.343, 140
Trd, 4318550.893, 129
Trd, 4318551.243, 119
Trd, 4318552.543, 105
Trd, 4318553.493, 138
Trd, 4318553.543, 134
Trd, 4318553.593, 116
Trd, 4318553.693, 88
Trd, 4318554.843, 81
Trd, 4318556.293, 72
Trd, 4318557.193, 107
Trd, 4318557.793, 96
Trd, 4318558.293, 92
Trd, 4318558.343, 91
Trd, 4318558.493, 89
Trd, 4318558.943, 107
Trd, 4318559.393, 84
Trd, 4318560.443, 75
Trd, 4318562.493, 65
Trd, 4318562.543, 66
Trd, 4318562.593, 83
Trd, 4318563.393, 65
Trd, 4318564.543, 70
Trd, 4318565.143, 98
Trd, 4318565.943, 139
Trd, 4318566.493, 89
Trd, 4318568.293, 111
Trd, 4318569.593, 61
Trd, 4318571.043, 115
Trd, 4318571.143, 114
Trd, 4318571.193, 113
Trd, 4318571.643, 140
Trd, 4318572.093, 137
Trd, 4318572.993, 116
Trd, 4318573.693, 112
Trd, 4318575.493, 108
Trd, 4318575.843, 102
Trd, 4318576.143, 87
Trd, 4318576.643, 87
Trd, 4318576.693, 85
Trd, 4318577.543, 79
Trd, 4318577.993, 140
Trd, 4318578.793, 100
Trd, 4318579.443, 124
Trd, 4318580.543, 117
Trd, 4318580.693, 116
Trd, 4318581.193, 116
Trd, 4318582.793, 140
Trd, 4318583.193, 129
Trd, 4318583.943, 91
Trd, 4318584.443, 84
Trd, 4318585.693, 89
Trd, 4318586.293, 83
Trd, 4318586.843, 83
Trd, 4318587.243, 104
Trd, 4318587.593, 105
Trd, 4318589.793, 91
Trd, 4318590.893, 115
Trd, 4318591.243, 114
Trd, 4318591.943, 123
Trd, 4318592.043, 110
Trd, 4318592.143, 125
Trd, 4318592.543, 116
Trd, 4318593.393, 91
Trd, 4318593.743, 88
Trd, 4318595.593, 85
Trd, 4318595.793, 86
Trd, 4318596.543, 84
Trd, 4318597.043, 71
Trd, 4318598.193, 120
Trd, 4318598.543, 140
Trd, 4318599.743, 112
Trd, 4318600.593, 130
Trd, 4318601.493, 110
Trd, 4318602.293, 104
Trd, 4318603.143, 102
Trd, 4318603.393, 83
Trd, 4318603.743, 87
Trd, 4318604.343, 103
Trd, 4318604.393, 88
Trd, 4318604.443, 87
Trd, 4318606.793, 102
Trd, 4318606.943, 90
Trd, 4318607.943, 88
Trd, 4318608.393, 131
Trd, 4318608.793, 100
Trd, 4318610.443, 83
Trd, 4318611.093, 77
Trd, 4318611.693, 96
Trd, 4318612.793, 69
Trd, 4318613.493, 87
Trd, 4318613.593, 84
Trd, 4318613.943, 109
Trd, 4318615.093, 110
Trd, 4318615.143, 109
Trd, 4318616.393, 137
Trd, 4318616.543, 102
Trd, 4318616.893, 99
Trd, 4318617.943, 109
Trd, 4318618.643, 87
Trd, 4318619.943, 137
Trd, 4318621.143, 117
Trd, 4318621.393, 138
Trd, 4318622.193, 112
Trd, 4318622.343, 110
Trd, 4318622.543, 111
Trd, 4318622.693, 108
Trd, 4318623.343, 107
Trd, 4318624.593, 95
Trd, 4318624.793, 78
Trd, 4318625.643, 140
Trd, 4318627.543, 103
Trd, 4318627.843, 102
Trd, 4318628.443, 96
Trd, 4318628.493, 95
Trd, 4318628.693, 107
Trd, 4318629.393, 105
Trd, 4318629.693, 109
Trd, 4318629.743, 88
Trd, 4318632.043, 66
Trd, 4318632.193, 67
Trd, 4318632.543, 70
Trd, 4318633.043, 79
Trd, 4318633.793, 67
Trd, 4318633.943, 85
Trd, 4318636.743, 92
Trd, 4318637.143, 93
Trd, 4318637.193, 77
Trd, 4318637.543, 78
Trd, 4318637.643, 74
Trd, 4318638.593, 68
Trd, 4318638.693, 129
Trd, 4318639.643, 89
Trd, 4318639.843, 88
Trd, 4318640.593, 66
Trd, 4318640.793, 109
Trd, 4318642.193, 71
Trd, 4318642.393, 97
Trd, 4318642.943, 69
Trd, 4318645.043, 63
Trd, 4318646.343, 64
Trd, 4318646.693, 70
Trd, 4318646.843, 62
Trd, 4318647.843, 69
Trd, 4318648.243, 76
Trd, 4318648.543, 79
Trd, 4318650.393, 104
Trd, 4318650.843, 104
Trd, 4318651.943, 120
Trd, 4318652.093, 86
Trd, 4318653.593, 69
Trd, 4318653.743, 71
Trd, 4318654.143, 72
Trd, 4318654.193, 75
Trd, 4318655.343, 66
Trd, 4318656.693, 62
Trd, 4318657.443, 78
Trd, 4318658.993, 69
Trd, 4318659.643, 73
Trd, 4318659.743, 71
Trd, 4318660.643, 76
Trd, 4318661.093, 70
Trd, 4318661.243, 72
Trd, 4318662.093, 87
Trd, 4318663.043, 68
Trd, 4318663.693, 140
Trd, 4318665.343, 106
Trd, 4318666.193, 109
Trd, 4318666.343, 106
Trd, 4318666.943, 103
Trd, 4318667.293, 80
Trd, 4318667.693, 125
Trd, 4318668.443, 124
Trd, 4318668.493, 122
Trd, 4318668.593, 121
Trd, 4318669.793, 109
Trd, 4318671.393, 82
Trd, 4318671.643, 130
Trd, 4318672.443, 100
Trd, 4318672.693, 123
Trd, 4318672.993, 93
Trd, 4318673.593, 93
Trd, 4318674.293, 108
Trd, 4318674.493, 95
Trd, 4318676.193, 129
Trd, 4318676.343, 125
Trd, 4318676.643, 125
Trd, 4318677.143, 124
Trd, 4318677.493, 140
Trd, 4318678.793, 119
Trd, 4318681.343, 108
Trd, 4318681.693, 103
Trd, 4318682.043, 100
Trd, 4318682.793, 109
Trd, 4318685.043, 124
Trd, 4318685.393, 139
Trd, 4318685.593, 124
Trd, 4318685.893, 99
Trd, 4318686.793, 93
Trd, 4318687.043, 88
Trd, 4318688.243, 95
Trd, 4318688.743, 92
Trd, 4318688.943, 139
Trd, 4318690.043, 84
Trd, 4318691.243, 140
Trd, 4318691.893, 140
Trd, 4318692.293, 110
Trd, 4318693.543, 132
Trd, 4318693.693, 115
Trd, 4318694.093, 114
Trd, 4318694.143, 114
Trd, 4318695.393, 99
Trd, 4318695.643, 140
Trd, 4318696.293, 98
Trd, 4318696.593, 96
Trd, 4318697.893, 133
Trd, 4318697.993, 102
Trd, 4318698.343, 77
Trd, 4318698.943, 76
Trd, 4318699.093, 75
Trd, 4318699.443, 65
Trd, 4318701.543, 90
Trd, 4318702.643, 124
Trd, 4318702.843, 120
Trd, 4318703.843, 136
Trd, 4318704.793, 122
Trd, 4318704.843, 112
Trd, 4318708.193, 122
Trd, 4318708.343, 117
Trd, 4318708.943, 105
Trd, 4318710.493, 127
Trd, 4318710.643, 140
Trd, 4318711.293, 101
Trd, 4318712.193, 92
Trd, 4318712.293, 90
Trd, 4318713.593, 62
Trd, 4318713.643, 63
Trd, 4318713.843, 65
Trd, 4318714.943, 96
Trd, 4318715.393, 98
Trd, 4318717.243, 126
Trd, 4318717.793, 122
Trd, 4318717.993, 121
Trd, 4318718.343, 103
Trd, 4318719.043, 92
Trd, 4318719.493, 140
Trd, 4318719.643, 95
Trd, 4318720.943, 112
Trd, 4318721.443, 84
Trd, 4318722.693, 93
Trd, 4318722.893, 86
Trd, 4318723.343, 83
Trd, 4318723.743, 74
Trd, 4318724.943, 93
Trd, 4318725.693, 112
Trd, 4318726.443, 117
Trd, 4318726.593, 113
Trd, 4318727.543, 80
Trd, 4318729.843, 113
Trd, 4318730.643, 138
Trd, 4318730.793, 89
Trd, 4318731.043, 78
Trd, 4318731.093, 82
Trd, 4318732.193, 120
Trd, 4318733.643, 136
Trd, 4318734.093, 127
Trd, 4318734.893, 139
Trd, 4318734.943, 137
Trd, 4318738.743, 125
Trd, 4318738.993, 110
Trd, 4318739.393, 109
Trd, 4318739.443, 108
Trd, 4318739.493, 107
Trd, 4318739.893, 134
Trd, 4318740.193, 100
Trd, 4318741.143, 97
Trd, 4318741.193, 96
Trd, 4318742.143, 84
Trd, 4318742.993, 95
Trd, 4318743.893, 87
Trd, 4318744.393, 98
Trd, 4318745.793, 118
Trd, 4318747.193, 96
Trd, 4318747.593, 100
Trd, 4318747.643, 90
Trd, 4318747.793, 89
Trd, 4318748.793, 91
Trd, 4318749.093, 105
Trd, 4318749.343, 127
Trd, 4318752.343, 92
Trd, 4318753.443, 76
Trd, 4318753.893, 90
Trd, 4318754.193, 98
Trd, 4318755.093, 89
Trd, 4318756.343, 140
Trd, 4318757.043, 140
Trd, 4318757.093, 139
Trd, 4318757.793, 140
Trd, 4318757.943, 135
Trd, 4318758.393, 118
Trd, 4318758.693, 113
Trd, 4318759.743, 109
Trd, 4318759.893, 107
Trd, 4318760.443, 101
Trd, 4318761.593, 138
Trd, 4318762.693, 82
Trd, 4318765.343, 128
Trd, 4318765.543, 93
Trd, 4318766.243, 92
Trd, 4318766.443, 93
Trd, 4318766.593, 90
Trd, 4318767.743, 134
Trd, 4318768.043, 125
Trd, 4318768.493, 94
Trd, 4318769.593, 140
Trd, 4318770.543, 137
Trd, 4318770.793, 131
Trd, 4318771.193, 120
Trd, 4318772.543, 100
Trd, 4318773.293, 94
Trd, 4318774.443, 74
Trd, 4318775.293, 67
Trd, 4318775.393, 60
Trd, 4318775.543, 93
Trd, 4318776.693, 78
Trd, 4318777.343, 82
Trd, 4318777.693, 103
Trd, 4318779.543, 140
Trd, 4318780.493, 138
Trd, 4318780.643, 135
Trd, 4318780.743, 127
Trd, 4318781.793, 109
Trd, 4318782.093, 65
Trd, 4318782.593, 140
Trd, 4318783.593, 97
Trd, 4318784.143, 133
Trd, 4318784.643, 123
Trd, 4318785.443, 122
Trd, 4318787.093, 103
Trd, 4318788.443, 102
Trd, 4318788.743, 82
Trd, 4318789.043, 64
Trd, 4318789.743, 62
Trd, 4318790.893, 65
Trd, 4318792.393, 66
Trd, 4318792.443, 67
Trd, 4318792.693, 73
Trd, 4318793.143, 80
Trd, 4318795.393, 74
Trd, 4318795.743, 71
Trd, 4318796.143, 80
Trd, 4318796.293, 67
Trd, 4318796.543, 65
Trd, 4318796.943, 69
Trd, 4318798.743, 69
Trd, 4318799.343, 73
Trd, 4318800.343, 71
Trd, 4318801.443, 68
Trd, 4318801.693, 75
Trd, 4318801.793, 76
Trd, 4318802.393, 132
Trd, 4318802.593, 67
Trd, 4318803.243, 66
Trd, 4318803.543, 80
Trd, 4318805.693, 88
Trd, 4318806.643, 87
Trd, 4318806.843, 93
Trd, 4318807.343, 87
Trd, 4318807.593, 106
Trd, 4318807.743, 86
Trd, 4318809.093, 63
Trd, 4318810.193, 68
Trd, 4318811.043, 76
Trd, 4318812.493, 60
Trd, 4318812.543, 61
Trd, 4318812.943, 103
Trd, 4318814.893, 73
Trd, 4318814.993, 75
Trd, 4318815.293, 82
Trd, 4318816.843, 104
Trd, 4318818.543, 83
Trd, 4318819.193, 86
Trd, 4318819.493, 122
Trd, 4318821.143, 99
Trd, 4318821.343, 88
Trd, 4318821.643, 87
Trd, 4318822.843, 95
Trd, 4318822.943, 92
Trd, 4318824.293, 99
Trd, 4318824.593, 112
Trd, 4318824.793, 136
Trd, 4318825.093, 89
Trd, 4318826.643, 77
Trd, 4318827.043, 69
Trd, 4318828.093, 66
Trd, 4318828.193, 63
Trd, 4318829.493, 106
Trd, 4318829.693, 101
Trd, 4318830.493, 125
Trd, 4318831.943, 134
Trd, 4318831.993, 107
Trd, 4318832.493, 103
Trd, 4318833.093, 96
Trd, 4318835.893, 140
Trd, 4318836.043, 105
Trd, 4318836.093, 104
Trd, 4318836.743, 100
Trd, 4318837.193, 98
Trd, 4318837.493, 88
Trd, 4318838.193, 66
Trd, 4318838.943, 89
Trd, 4318841.093, 140
Trd, 4318841.293, 140
Trd, 4318841.743, 135
Trd, 4318842.043, 138
Trd, 4318843.443, 119
Trd, 4318845.393, 97
Trd, 4318845.693, 78
Trd, 4318845.843, 72
Trd, 4318846.393, 129
Trd, 4318846.443, 65
Trd, 4318847.593, 116
Trd, 4318848.093, 115
Trd, 4318848.443, 104
Trd, 4318848.893, 139
Trd, 4318850.443, 106
Trd, 4318850.693, 104
Trd, 4318851.493, 100
Trd, 4318851.643, 85
Trd, 4318853.093, 60
Trd, 4318853.393, 82
Trd, 4318855.293, 75
Trd, 4318855.793, 66
Trd, 4318856.293, 70
Trd, 4318856.643, 98
Trd, 4318856.943, 63
Trd, 4318857.593, 114
Trd, 4318858.193, 61
Trd, 4318858.643, 62
Trd, 4318860.043, 66
Trd, 4318860.843, 125
Trd, 4318861.143, 67
Trd, 4318862.293, 102
Trd, 4318862.343, 114
Trd, 4318863.543, 95
Trd, 4318863.843, 84
Trd, 4318864.693, 90
Trd, 4318865.793, 72
Trd, 4318866.593, 88
Trd, 4318866.993, 72
Trd, 4318867.493, 84
Trd, 4318867.843, 85
Trd, 4318868.793, 87
Trd, 4318869.993, 92
Trd, 4318870.043, 88
Trd, 4318870.693, 87
Trd, 4318871.493, 72
Trd, 4318872.893, 62
Trd, 4318873.843, 78
Trd, 4318875.593, 63
Trd, 4318875.843, 77
Trd, 4318876.793, 89
Trd, 4318876.943, 90
Trd, 4318876.993, 85
Trd, 4318877.043, 79
Trd, 4318877.893, 73
Trd, 4318878.193, 130
Trd, 4318878.293, 126
Trd, 4318878.593, 125
Trd, 4318880.043, 133
Trd, 4318880.793, 132
Trd, 4318880.993, 132
Trd, 4318881.543, 127
Trd, 4318883.393, 113
Trd, 4318884.543, 109
Trd, 4318885.393, 110
Trd, 4318886.043, 121
Trd, 4318886.793, 111
Trd, 4318887.393, 110
Trd, 4318887.643, 104
Trd, 4318888.043, 117
Trd, 4318889.993, 74
Trd, 4318890.993, 73
Trd, 4318893.293, 139
Trd, 4318893.393, 135
Trd, 4318893.443, 129
Trd, 4318893.993, 118
Trd, 4318894.443, 121
Trd, 4318895.543, 111
Trd, 4318895.693, 99
Trd, 4318896.293, 99
Trd, 4318896.793, 82
Trd, 4318897.493, 66
Trd, 4318898.793, 74
Trd, 4318899.443, 105
Trd, 4318899.543, 79
Trd, 4318900.993, 91
Trd, 4318901.543, 77
Trd, 4318902.243, 100
Trd, 4318903.043, 85
Trd, 4318903.993, 84
Trd, 4318905.043, 104
Trd, 4318905.093, 101
Trd, 4318905.943, 139
Trd, 4318907.443, 105
Trd, 4318907.943, 140
Trd, 4318909.293, 139
Trd, 4318909.443, 128
Trd, 4318909.643, 105
Trd, 4318911.093, 131
Trd, 4318912.343, 73
Trd, 4318912.893, 139
Trd, 4318914.843, 116
Trd, 4318915.593, 123
Trd, 4318915.793, 122
Trd, 4318916.093, 118
Trd, 4318916.643, 112
Trd, 4318917.393, 76
Trd, 4318917.793, 72
Trd, 4318917.943, 106
Trd, 4318919.593, 72
Trd, 4318919.793, 70
Trd, 4318920.043, 69
Trd, 4318921.093, 61
Trd, 4318921.393, 63
Trd, 4318923.043, 140
Trd, 4318923.793, 140
Trd, 4318924.493, 139
Trd, 4318924.893, 131
Trd, 4318926.043, 120
Trd, 4318927.093, 106
Trd, 4318927.243, 126
Trd, 4318927.593, 139
Trd, 4318927.943, 93
Trd, 4318929.343, 124
Trd, 4318929.493, 94
Trd, 4318931.143, 106
Trd, 4318931.193, 105
Trd, 4318931.793, 112
Trd, 4318931.943, 102
Trd, 4318935.193, 96
Trd, 4318935.243, 95
Trd, 4318935.343, 73
Trd, 4318935.443, 101
Trd, 4318936.543, 139
Trd, 4318936.693, 138
Trd, 4318937.943, 139
Trd, 4318939.043, 138
Trd, 4318939.643, 136
Trd, 4318940.143, 122
Trd, 4318941.193, 118
Trd, 4318941.743, 114
Trd, 4318943.493, 115
Trd, 4318944.343, 108
Trd, 4318944.593, 119
Trd, 4318944.743, 86
Trd, 4318945.093, 84
Trd, 4318946.193, 83
Trd, 4318946.343, 81
Trd, 4318947.693, 112
Trd, 4318948.693, 67
Trd, 4318950.893, 62
Trd, 4318950.943, 64
Trd, 4318951.243, 64
Trd, 4318952.943, 82
Trd, 4318952.993, 82
Trd, 4318953.543, 65
Trd, 4318955.343, 79
Trd, 4318955.843, 81
Trd, 4318956.493, 88
Trd, 4318957.593, 107
Trd, 4318958.343, 131
Trd, 4318958.443, 130
Trd, 4318958.793, 95
Trd, 4318959.343, 77
Trd, 4318959.993, 85
Trd, 4318960.843, 96
Trd, 4318961.243, 73
Trd, 4318961.643, 74
Trd, 4318962.543, 139
Trd, 4318963.593, 74
Trd, 4318964.193, 130
Trd, 4318964.493, 118
Trd, 4318965.043, 114
Trd, 4318966.993, 120
Trd, 4318967.043, 119
Trd, 4318967.193, 139
Trd, 4318967.843, 102
Trd, 4318968.043, 139
Trd, 4318968.943, 70
Trd, 4318970.893, 65
Trd, 4318971.393, 97
Trd, 4318972.143, 86
Trd, 4318972.193, 84
Trd, 4318972.943, 62
Trd, 4318974.393, 89
Trd, 4318975.043, 126
Trd, 4318975.193, 122
Trd, 4318975.493, 106
Trd, 4318975.643, 90
Trd, 4318978.243, 139
Trd, 4318978.293, 128
Trd, 4318978.393, 102
Trd, 4318978.593, 86
Trd, 4318978.843, 82
Trd, 4318979.793, 121
Trd, 4318980.293, 117
Trd, 4318981.843, 126
Trd, 4318981.993, 125
Trd, 4318982.843, 112
Trd, 4318982.943, 111
Trd, 4318985.443, 69
Trd, 4318985.593, 66
Trd, 4318986.693, 85
Trd, 4318986.743, 83
Trd, 4318987.043, 92
Trd, 4318987.093, 79
Trd, 4318987.993, 71
Trd, 4318988.743, 105
Trd, 4318991.193, 116
Trd, 4318991.643, 122
Trd, 4318991.743, 121
Trd, 4318991.843, 112
Trd, 4318991.893, 107
Trd, 4318993.593, 101
Trd, 4318994.843, 110
Trd, 4318995.093, 94
Trd, 4318995.593, 81
Trd, 4318996.493, 120
Trd, 4318996.643, 106
Trd, 4318997.093, 121
Trd, 4318997.243, 74
Trd, 4318999.193, 96
Trd, 4318999.493, 139
Trd, 4319000.043, 98
Trd, 4319000.443, 96
Trd, 4319000.743, 95
Trd, 4319001.793, 81
Trd, 4319002.043, 110
Trd, 4319002.943, 77
Trd, 4319003.743, 76
Trd, 4319004.943, 76
Trd, 4319005.543, 76
Trd, 4319006.793, 79
Trd, 4319007.243, 102
Trd, 4319007.643, 96
Trd, 4319008.343, 138
Trd, 4319009.143, 64
Trd, 4319010.993, 140
Trd, 4319011.193, 140
Trd, 4319011.343, 135
Trd, 4319011.443, 94
Trd, 4319011.843, 97
Trd, 4319012.193, 108
Trd, 4319014.693, 139
Trd, 4319015.193, 132
Trd, 4319015.493, 131
Trd, 4319016.593, 140
Trd, 4319017.743, 127
Trd, 4319019.343, 130
Trd, 4319020.043, 107
Trd, 4319020.443, 104
Trd, 4319021.193, 88
Trd, 4319021.543, 104
Trd, 4319022.243, 63
Trd, 4319023.093, 90
Trd, 4319023.443, 136
Trd, 4319024.243, 64
Trd, 4319024.893, 140
Trd, 4319025.743, 128
Trd, 4319025.793, 92
Trd, 4319026.343, 111
Trd, 4319026.943, 113
Trd, 4319027.593, 110
Trd, 4319027.693, 107
Trd, 4319029.843, 120
Trd, 4319030.643, 140
Trd, 4319031.143, 131
Trd, 4319031.343, 128
Trd, 4319031.743, 127
Trd, 4319032.593, 122
Trd, 4319032.893, 119
Trd, 4319033.843, 118
Trd, 4319035.643, 137
Trd, 4319035.693, 113
Trd, 4319036.643, 107
Trd, 4319037.393, 125
Trd, 4319037.693, 100
Trd, 4319039.143, 81
Trd, 4319039.743, 96
Trd, 4319040.043, 114
Trd, 4319041.243, 140
Trd, 4319041.893, 80
Trd, 4319042.593, 82
Trd, 4319042.893, 82
Trd, 4319043.243, 139
Trd, 4319044.143, 124
Trd, 4319045.843, 140
Trd, 4319046.793, 140
Trd, 4319047.043, 131
Trd, 4319047.843, 129
Trd, 4319048.393, 128
Trd, 4319050.093, 120
Trd, 4319050.493, 99
Trd, 4319050.743, 140
Trd, 4319052.643, 107
Trd, 4319053.093, 99
Trd, 4319054.943, 80
Trd, 4319055.043, 82
Trd, 4319055.443, 104
Trd, 4319056.193, 82
Trd, 4319057.843, 86
Trd, 4319057.893, 108
Trd, 4319057.993, 82
Trd, 4319058.643, 84
Trd, 4319059.793, 91
Trd, 4319061.393, 91
Trd, 4319061.793, 90
Trd, 4319061.843, 88
Trd, 4319062.093, 111
Trd, 4319062.143, 125
Trd, 4319063.793, 92
Trd, 4319063.893, 91
Trd, 4319065.243, 91
Trd, 4319066.443, 132
Trd, 4319066.493, 127
Trd, 4319066.643, 123
Trd, 4319067.043, 72
Trd, 4319068.443, 71
Trd, 4319068.693, 72
Trd, 4319068.843, 65
Trd, 4319069.493, 67
Trd, 4319071.593, 113
Trd, 4319071.643, 86
Trd, 4319072.093, 125
Trd, 4319072.693, 87
Trd, 4319073.293, 86
Trd, 4319073.543, 107
Trd, 4319074.893, 85
Trd, 4319075.393, 78
Trd, 4319075.843, 103
Trd, 4319076.993, 82
Trd, 4319078.243, 88
Trd, 4319078.443, 118
Trd, 4319078.893, 130
Trd, 4319078.943, 102
Trd, 4319079.643, 86
Trd, 4319080.543, 86
Trd, 4319080.643, 85
Trd, 4319082.843, 76
Trd, 4319082.993, 75
Trd, 4319084.043, 92
Trd, 4319084.143, 70
Trd, 4319084.243, 105
Trd, 4319085.643, 71
Trd, 4319086.543, 96
Trd, 4319086.793, 68
Trd, 4319087.693, 88
Trd, 4319088.643, 89
Trd, 4319090.693, 140
Trd, 4319090.843, 140
Trd, 4319091.393, 131
Trd, 4319091.493, 99
Trd, 4319091.993, 135
Trd, 4319092.993, 140
Trd, 4319093.993, 100
Trd, 4319094.743, 93
Trd, 4319094.843, 94
Trd, 4319096.043, 70
Trd, 4319096.543, 71
Trd, 4319096.843, 70
Trd, 4319098.443, 101
Trd, 4319099.393, 107
Trd, 4319100.743, 99
Trd, 4319101.093, 114
Trd, 4319101.843, 106
Trd, 4319101.893, 98
Trd, 4319103.293, 116
Trd, 4319103.693, 109
Trd, 4319103.893, 94
Trd, 4319104.193, 121
Trd, 4319104.493, 78
Trd, 4319105.343, 85
Trd, 4319107.393, 117
Trd, 4319107.493, 116
Trd, 4319107.543, 113
Trd, 4319108.443, 138
Trd, 4319108.893, 82
Trd, 4319109.043, 71
Trd, 4319111.543, 62
Trd, 4319112.043, 74
Trd, 4319113.493, 77
Trd, 4319115.593, 86
Trd, 4319115.693, 84
Trd, 4319115.893, 84
Trd, 4319116.143, 87
Trd, 4319117.643, 71
Trd, 4319117.743, 67
Trd, 4319118.093, 62
Trd, 4319118.193, 80
Trd, 4319119.743, 110
Trd, 4319122.893, 60
Trd, 4319123.093, 108
Trd, 4319123.843, 73
Trd, 4319124.093, 132
Trd, 4319124.243, 63
Trd, 4319125.693, 89
Trd, 4319126.743, 111
Trd, 4319127.543, 140
Trd, 4319127.593, 112
Trd, 4319127.743, 109
Trd, 4319127.993, 108
Trd, 4319128.393, 94
Trd, 4319130.043, 60
Trd, 4319130.493, 60
Trd, 4319132.293, 77
Trd, 4319132.843, 68
Trd, 4319133.893, 102
Trd, 4319134.243, 65
Trd, 4319134.843, 89
Trd, 4319134.893, 131
Trd, 4319135.593, 76
Trd, 4319136.893, 62
Trd, 4319137.643, 62
Trd, 4319138.643, 65
Trd, 4319139.293, 70
Trd, 4319139.593, 69
Trd, 4319140.293, 81
Trd, 4319141.893, 120
Trd, 4319142.243, 119
Trd, 4319144.093, 80
Trd, 4319144.193, 87
Trd, 4319144.343, 108
Trd, 4319144.643, 110
Trd, 4319145.043, 65
Trd, 4319145.843, 67
Trd, 4319146.643, 74
Trd, 4319146.743, 65
Trd, 4319146.993, 92
Trd, 4319147.393, 64
Trd, 4319148.093, 106
Trd, 4319148.943, 107
Trd, 4319149.243, 102
Trd, 4319150.143, 97
Trd, 4319150.543, 91
Trd, 4319151.093, 103
Trd, 4319153.493, 102
Trd, 4319153.793, 98
Trd, 4319154.393, 139
Trd, 4319154.593, 138
Trd, 4319154.993, 112
Trd, 4319157.143, 99
Trd, 4319157.843, 98
Trd, 4319158.443, 111
Trd, 4319158.493, 84
Trd, 4319158.893, 71
Trd, 4319160.393, 104
Trd, 4319160.793, 99
Trd, 4319161.193, 95
Trd, 4319162.193, 92
Trd, 4319162.743, 91
Trd, 4319163.493, 60
Trd, 4319163.893, 84
Trd, 4319164.393, 90
Trd, 4319165.593, 114
Trd, 4319166.593, 88
Trd, 4319167.093, 75
Trd, 4319167.293, 74
Trd, 4319167.693, 73
Trd, 4319168.943, 99
Trd, 4319171.643, 93
Trd, 4319171.843, 91
Trd, 4319172.343, 94
Trd, 4319172.443, 91
Trd, 4319172.643, 87
Trd, 4319173.293, 84
Trd, 4319174.793, 87
Trd, 4319175.893, 128
Trd, 4319176.143, 127
Trd, 4319176.493, 89
Trd, 4319176.993, 85
Trd, 4319177.593, 85
Trd, 4319177.943, 84
Trd, 4319179.143, 81
Trd, 4319179.943, 136
Trd, 4319181.093, 100
Trd, 4319181.343, 82
Trd, 4319181.593, 139
Trd, 4319182.593, 137
Trd, 4319182.743, 134
Trd, 4319183.043, 100
Trd, 4319184.793, 84
Trd, 4319184.843, 93
Trd, 4319185.093, 72
Trd, 4319185.543, 107
Trd, 4319185.943, 91
Trd, 4319188.643, 80
Trd, 4319189.493, 88
Trd, 4319189.543, 75
Trd, 4319189.593, 116
Trd, 4319190.093, 100
Trd, 4319190.743, 71
Trd, 4319191.693, 105
Trd, 4319192.343, 140
Trd, 4319192.493, 78
Trd, 4319194.643, 87
Trd, 4319194.893, 86
Trd, 4319195.143, 88
Trd, 4319195.843, 84
Trd, 4319195.993, 90
Trd, 4319196.993, 97
Trd, 4319198.343, 106
Trd, 4319198.443, 108
Trd, 4319198.493, 91
Trd, 4319198.543, 91
Trd, 4319200.393, 76
Trd, 4319200.443, 75
Trd, 4319200.993, 114
Trd, 4319201.393, 116
Trd, 4319203.243, 113
Trd, 4319203.893, 126
Trd, 4319204.993, 136
Trd, 4319205.343, 108
Trd, 4319206.043, 140
Trd, 4319206.343, 107
Trd, 4319206.693, 106
Trd, 4319207.343, 105
Trd, 4319208.693, 99
Trd, 4319209.743, 97
Trd, 4319209.943, 100
Trd, 4319210.443, 107
Trd, 4319210.793, 93
Trd, 4319211.093, 71
Trd, 4319211.643, 65
Trd, 4319214.243, 78
Trd, 4319214.343, 69
Trd, 4319215.343, 140
Trd, 4319215.843, 140
Trd, 4319216.193, 140
Trd, 4319216.243, 135
Trd, 4319217.293, 108
Trd, 4319218.293, 102
Trd, 4319218.393, 126
Trd, 4319219.143, 104
Trd, 4319220.893, 74
Trd, 4319221.093, 77
Trd, 4319223.143, 140
Trd, 4319223.393, 139
Trd, 4319223.743, 135
Trd, 4319224.693, 130
Trd, 4319225.493, 140
Trd, 4319226.543, 107
Trd, 4319226.843, 104
Trd, 4319226.943, 82
Trd, 4319227.793, 140
Trd, 4319228.193, 129
Trd, 4319228.393, 119
Trd, 4319229.443, 68
Trd, 4319230.093, 101
Trd, 4319230.843, 136
Trd, 4319232.043, 91
Trd, 4319234.243, 116
Trd, 4319234.493, 107
Trd, 4319235.593, 126
Trd, 4319235.743, 124
Trd, 4319235.793, 73
Trd, 4319235.943, 67
Trd, 4319236.643, 129
Trd, 4319238.893, 90
Trd, 4319239.293, 86
Trd, 4319239.793, 83
Trd, 4319240.193, 102
Trd, 4319241.443, 116
Trd, 4319241.493, 115
Trd, 4319242.793, 64
Trd, 4319244.293, 131
Trd, 4319244.643, 132
Trd, 4319245.243, 125
Trd, 4319245.743, 140
Trd, 4319247.043, 112
Trd, 4319248.493, 111
Trd, 4319248.743, 115
Trd, 4319248.843, 112
Trd, 4319248.893, 110
Trd, 4319249.793, 138
Trd, 4319250.393, 130
Trd, 4319250.643, 127
Trd, 4319251.893, 72
Trd, 4319252.193, 70
Trd, 4319253.393, 83
Trd, 4319253.493, 75
Trd, 4319254.443, 94
Trd, 4319255.993, 140
Trd, 4319256.043, 140
Trd, 4319258.543, 110
Trd, 4319258.893, 94
Trd, 4319259.643, 95
Trd, 4319259.943, 90
Trd, 4319260.143, 123
Trd, 4319260.843, 104
Trd, 4319262.093, 139
Trd, 4319262.493, 131
Trd, 4319265.443, 130
Trd, 4319265.493, 128
Trd, 4319265.543, 123
Trd, 4319265.643, 116
Trd, 4319266.443, 86
Trd, 4319266.893, 78
Trd, 4319267.493, 79
Trd, 4319268.293, 95
Trd, 4319269.193, 61
Trd, 4319269.543, 136
Trd, 4319269.693, 135
Trd, 4319269.943, 134
Trd, 4319272.043, 98
Trd, 4319272.793, 101
Trd, 4319273.393, 94
Trd, 4319274.643, 105
Trd, 4319275.043, 135
Trd, 4319276.093, 139
Trd, 4319276.293, 120
Trd, 4319277.193, 122
Trd, 4319278.043, 127
Trd, 4319278.443, 123
Trd, 4319279.393, 140
Trd, 4319279.493, 121
Trd, 4319280.593, 120
Trd, 4319282.693, 140
Trd, 4319283.093, 135
Trd, 4319283.593, 136
Trd, 4319284.343, 126
Trd, 4319285.293, 104
Trd, 4319286.593, 105
Trd, 4319286.993, 81
Trd, 4319287.093, 106
Trd, 4319287.443, 75
Trd, 4319288.093, 76
Trd, 4319288.243, 66
Trd, 4319289.243, 105
Trd, 4319289.593, 62
Trd, 4319291.893, 61
Trd, 4319292.293, 66
Trd, 4319293.793, 60
Trd, 4319294.843, 78
Trd, 4319295.943, 62
Trd, 4319296.443, 61
Trd, 4319296.643, 62
Trd, 4319296.793, 64
Trd, 4319297.893, 93
Trd, 4319298.043, 129
Trd, 4319298.543, 67
Trd, 4319300.143, 127
Trd, 4319300.343, 130
Trd, 4319300.493, 109
Trd, 4319301.193, 114
Trd, 4319301.293, 108
Trd, 4319302.543, 108
Trd, 4319303.193, 107
Trd, 4319304.493, 92
Trd, 4319306.093, 140
Trd, 4319306.293, 136
Trd, 4319307.593, 132
Trd, 4319308.293, 101
Trd, 4319309.943, 110
Trd, 4319310.243, 125
Trd, 4319310.843, 93
Trd, 4319310.943, 87
Trd, 4319311.293, 76
Trd, 4319312.593, 94
Trd, 4319313.893, 129
Trd, 4319314.643, 77
Trd, 4319314.793, 107
Trd, 4319316.693, 99
Trd, 4319316.943, 98
Trd, 4319317.093, 95
Trd, 4319319.143, 139
Trd, 4319319.993, 138
Trd, 4319320.293, 130
Trd, 4319320.493, 105
Trd, 4319321.293, 118
Trd, 4319321.593, 102
Trd, 4319322.093, 78
Trd, 4319323.843, 89
Trd, 4319325.643, 104
Trd, 4319326.443, 101
Trd, 4319326.793, 99
Trd, 4319328.693, 140
Trd, 4319329.143, 139
Trd, 4319329.193, 129
Trd, 4319329.343, 111
Trd, 4319329.793, 113
Trd, 4319330.993, 120
Trd, 4319331.193, 109
Trd, 4319331.993, 137
Trd, 4319333.543, 140
Trd, 4319335.393, 140
Trd, 4319335.743, 132
Trd, 4319336.093, 131
Trd, 4319336.293, 80
Trd, 4319337.493, 140
Trd, 4319337.943, 140
Trd, 4319338.093, 129
Trd, 4319338.293, 83
Trd, 4319342.743, 139
Trd, 4319343.193, 138
Trd, 4319343.243, 135
Trd, 4319343.693, 127
Trd, 4319344.143, 140
Trd, 4319344.293, 87
Trd, 4319344.693, 114
Trd, 4319345.243, 105
Trd, 4319346.643, 140
Trd, 4319347.043, 111
Trd, 4319347.243, 110
Trd, 4319349.043, 133
Trd, 4319349.593, 123
Trd, 4319349.793, 119
Trd, 4319349.893, 115
Trd, 4319350.593, 116
Trd, 4319352.843, 115
Trd, 4319352.993, 114
Trd, 4319353.893, 113
Trd, 4319354.293, 115
Trd, 4319354.643, 140
Trd, 4319355.893, 114
Trd, 4319355.993, 112
Trd, 4319357.543, 89
Trd, 4319357.643, 88
Trd, 4319358.043, 99
Trd, 4319358.943, 102
Trd, 4319359.493, 140
Trd, 4319360.243, 135
Trd, 4319360.893, 110
Trd, 4319362.093, 129
Trd, 4319362.693, 117
Trd, 4319362.893, 116
Trd, 4319363.343, 117
Trd, 4319364.393, 60
Trd, 4319366.693, 64
Trd, 4319367.593, 63
Trd, 4319369.093, 67
Trd, 4319369.493, 70
Trd, 4319370.293, 95
Trd, 4319371.643, 76
Trd, 4319372.443, 62
Trd, 4319372.993, 101
Trd, 4319373.693, 63
Trd, 4319374.893, 84
Trd, 4319375.943, 77
Trd, 4319376.143, 81
Trd, 4319376.943, 129
Trd, 4319377.543, 126
Trd, 4319378.393, 115
Trd, 4319378.543, 90
Trd, 4319378.843, 90
Trd, 4319379.393, 104
Trd, 4319380.393, 85
Trd, 4319380.743, 83
Trd, 4319380.893, 85
Trd, 4319381.593, 101
Trd, 4319383.693, 72
Trd, 4319384.143, 88
Trd, 4319384.493, 101
Trd, 4319385.193, 75
Trd, 4319385.693, 75
Trd, 4319386.943, 74
Trd, 4319387.093, 72
Trd, 4319387.843, 77
Trd, 4319388.893, 90
Trd, 4319389.143, 74
Trd, 4319391.093, 117
Trd, 4319391.693, 115
Trd, 4319392.543, 140
Trd, 4319392.743, 140
Trd, 4319393.193, 129
Trd, 4319393.243, 111
Trd, 4319393.693, 133
Trd, 4319393.943, 112
Trd, 4319395.493, 86
Trd, 4319395.993, 125
Trd, 4319396.593, 89
Trd, 4319397.193, 115
Trd, 4319398.143, 128
Trd, 4319398.343, 104
Trd, 4319399.043, 105
Trd, 4319399.793, 113
Trd, 4319401.143, 107
Trd, 4319401.743, 101
Trd, 4319402.693, 71
Trd, 4319403.743, 74
Trd, 4319404.393, 116
Trd, 4319404.593, 129
Trd, 4319404.943, 72
Trd, 4319405.143, 73
Trd, 4319407.443, 140
Trd, 4319407.893, 140
Trd, 4319408.243, 138
Trd, 4319408.493, 137
Trd, 4319410.393, 140
Trd, 4319412.343, 121
Trd, 4319412.443, 119
Trd, 4319413.943, 131
Trd, 4319414.143, 118
Trd, 4319414.193, 117
Trd, 4319415.443, 99
Trd, 4319416.843, 113
Trd, 4319417.543, 111
Trd, 4319418.043, 128
Trd, 4319418.343, 124
Trd, 4319418.393, 117
Trd, 4319418.443, 77
Trd, 4319420.043, 140
Trd, 4319421.793, 107
Trd, 4319421.943, 106
Trd, 4319422.493, 98
Trd, 4319422.943, 62
Trd, 4319423.993, 130
Trd, 4319424.093, 134
Trd, 4319424.243, 101
Trd, 4319424.543, 102
Trd, 4319425.493, 103
Trd, 4319426.343, 73
Trd, 4319426.743, 72
Trd, 4319427.643, 133
Trd, 4319428.143, 78
Trd, 4319428.793, 75
Trd, 4319429.443, 66
Trd, 4319429.843, 79
Trd, 4319430.043, 63
Trd, 4319431.243, 123
Trd, 4319432.393, 74
Trd, 4319433.943, 140
Trd, 4319434.343, 140
Trd, 4319434.443, 127
Trd, 4319434.743, 82
Trd, 4319435.543, 104
Trd, 4319436.793, 99
Trd, 4319437.793, 92
Trd, 4319437.843, 91
Trd, 4319437.993, 76
Trd, 4319438.793, 138
Trd, 4319439.543, 103
Trd, 4319439.943, 70
Trd, 4319440.643, 111
Trd, 4319442.793, 123
Trd, 4319443.193, 137
Trd, 4319443.493, 121
Trd, 4319444.193, 121
Trd, 4319444.593, 113
Trd, 4319444.843, 111
Trd, 4319445.243, 85
Trd, 4319445.493, 84
Trd, 4319446.393, 89
Trd, 4319447.293, 90
Trd, 4319447.393, 84
Trd, 4319447.743, 83
Trd, 4319449.293, 82
Trd, 4319450.093, 90
Trd, 4319450.243, 78
Trd, 4319450.743, 80
Trd, 4319451.093, 72
Trd, 4319451.543, 115
Trd, 4319452.693, 109
Trd, 4319454.243, 140
Trd, 4319454.343, 109
Trd, 4319455.143, 109
Trd, 4319455.293, 124
Trd, 4319456.443, 99
Trd, 4319456.843, 90
Trd, 4319458.743, 127
Trd, 4319459.043, 119
Trd, 4319459.493, 133
Trd, 4319459.893, 118
Trd, 4319460.393, 110
Trd, 4319460.743, 139
Trd, 4319460.993, 72
Trd, 4319463.193, 61
Trd, 4319464.743, 105
Trd, 4319464.843, 105
Trd, 4319465.043, 113
Trd, 4319465.193, 90
Trd, 4319465.293, 84
Trd, 4319468.093, 63
Trd, 4319468.793, 63
Trd, 4319469.293, 60
Trd, 4319469.643, 64
Trd, 4319470.143, 65
Trd, 4319470.293, 61
Trd, 4319471.293, 99
Trd, 4319471.443, 99
Trd, 4319472.943, 115
Trd, 4319473.643, 91
Trd, 4319473.743, 84
Trd, 4319474.193, 92
Trd, 4319474.243, 70
Trd, 4319475.843, 106
Trd, 4319476.493, 91
Trd, 4319478.143, 71
Trd, 4319479.293, 94
Trd, 4319479.843, 130
Trd, 4319479.893, 129
Trd, 4319481.243, 132
Trd, 4319481.343, 105
Trd, 4319482.193, 105
Trd, 4319482.743, 63
Trd, 4319483.493, 74
Trd, 4319484.243, 76
Trd, 4319484.393, 72
Trd, 4319485.443, 70
Trd, 4319486.793, 79
Trd, 4319487.143, 107
Trd, 4319487.893, 85
Trd, 4319488.393, 69
Trd, 4319490.193, 70
Trd, 4319490.593, 68
Trd, 4319491.543, 86
Trd, 4319492.143, 93
Trd, 4319492.793, 89
Trd, 4319493.093, 86
Trd, 4319494.043, 85
Trd, 4319494.243, 80
Trd, 4319495.343, 73
Trd, 4319495.893, 73
Trd, 4319496.393, 88
Trd, 4319496.593, 101
Trd, 4319496.693, 86
Trd, 4319497.343, 107
Trd, 4319498.093, 94
Trd, 4319499.543, 117
Trd, 4319500.343, 137
Trd, 4319500.493, 136
Trd, 4319500.793, 123
Trd, 4319501.443, 118
Trd, 4319501.493, 94
Trd, 4319501.643, 78
Trd, 4319501.943, 72
Trd, 4319502.293, 131
Trd, 4319504.593, 60
Trd, 4319506.043, 71
Trd, 4319506.443, 79
Trd, 4319508.243, 84
Trd, 4319508.493, 78
Trd, 4319509.343, 81
Trd, 4319509.693, 91
Trd, 4319510.043, 82
Trd, 4319511.143, 140
Trd, 4319511.543, 128
Trd, 4319511.743, 113
Trd, 4319511.793, 103
Trd, 4319512.143, 139
Trd, 4319513.893, 69
Trd, 4319515.443, 88
Trd, 4319516.343, 63
Trd, 4319516.543, 65
Trd, 4319517.893, 72
Trd, 4319518.743, 76
Trd, 4319519.193, 73
Trd, 4319519.643, 72
Trd, 4319520.243, 94
Trd, 4319521.793, 84
Trd, 4319522.243, 68
Trd, 4319524.543, 64
Trd, 4319524.643, 65
Trd, 4319525.093, 72
Trd, 4319525.793, 119
Trd, 4319526.443, 74
Trd, 4319526.743, 67
Trd, 4319527.793, 68
Trd, 4319528.143, 73
Trd, 4319528.643, 64
Trd, 4319528.693, 90
Trd, 4319528.993, 75
Trd, 4319529.193, 140
Trd, 4319529.593, 139
Trd, 4319532.043, 65
Trd, 4319532.643, 70
Trd, 4319533.943, 64
Trd, 4319534.893, 67
Trd, 4319535.243, 65
Trd, 4319535.393, 69
Trd, 4319535.493, 71
Trd, 4319536.393, 88
Trd, 4319537.343, 65
Trd, 4319537.643, 72
Trd, 4319540.693, 87
Trd, 4319540.793, 89
Trd, 4319540.893, 85
Trd, 4319540.993, 97
Trd, 4319542.193, 106
Trd, 4319542.243, 105
Trd, 4319542.793, 111
Trd, 4319544.093, 108
Trd, 4319545.543, 60
Trd, 4319546.043, 66
Trd, 4319546.193, 80
Trd, 4319546.843, 82
Trd, 4319548.943, 68
Trd, 4319549.143, 87
Trd, 4319550.043, 79
Trd, 4319550.093, 71
Trd, 4319550.793, 110
Trd, 4319551.493, 82
Trd, 4319552.343, 77
Trd, 4319552.593, 68
Trd, 4319553.993, 90
Trd, 4319555.143, 128
Trd, 4319555.743, 127
Trd, 4319556.993, 132
Trd, 4319557.043, 104
Trd, 4319557.543, 102
Trd, 4319557.693, 102
Trd, 4319558.593, 67
Trd, 4319559.243, 95
Trd, 4319559.793, 77
Trd, 4319560.343, 84
Trd, 4319561.193, 82
Trd, 4319561.343, 85
Trd, 4319561.993, 74
Trd, 4319562.493, 76
Trd, 4319564.293, 122
Trd, 4319564.943, 119
Trd, 4319565.593, 99
Trd, 4319565.843, 74
Trd, 4319566.393, 70
Trd, 4319567.993, 94
Trd, 4319568.193, 108
Trd, 4319568.593, 108
Trd, 4319569.493, 107
Trd, 4319569.593, 106
Trd, 4319569.943, 101
Trd, 4319570.943, 96
Trd, 4319572.943, 70
Trd, 4319573.643, 64
Trd, 4319573.693, 74
Trd, 4319573.743, 75
Trd, 4319575.893, 140
Trd, 4319575.943, 135
Trd, 4319577.093, 134
Trd, 4319577.343, 124
Trd, 4319578.743, 131
Trd, 4319579.443, 127
Trd, 4319579.893, 124
Trd, 4319579.943, 114
Trd, 4319581.593, 115
Trd, 4319582.093, 123
Trd, 4319582.243, 114
Trd, 4319582.393, 132
Trd, 4319582.643, 113
Trd, 4319583.093, 111
Trd, 4319583.993, 90
Trd, 4319585.043, 68
Trd, 4319586.543, 60
Trd, 4319587.593, 63
Trd, 4319588.393, 67
Trd, 4319588.993, 82
Trd, 4319590.493, 77
Trd, 4319591.543, 62
Trd, 4319591.743, 64
Trd, 4319593.343, 61
Trd, 4319594.293, 75
Trd, 4319595.443, 77
Trd, 4319595.493, 85
Trd, 4319596.143, 75
Trd, 4319596.893, 74
Trd, 4319597.643, 97
Trd, 4319598.193, 84
Trd, 4319598.593, 76
Trd, 4319598.643, 72
Trd, 4319600.293, 96
Trd, 4319601.393, 89
Trd, 4319602.193, 140
Trd, 4319602.843, 108
Trd, 4319602.893, 101
Trd, 4319603.343, 87
Trd, 4319604.843, 99
Trd, 4319605.793, 108
Trd, 4319605.893, 107
Trd, 4319606.493, 100
Trd, 4319607.093, 121
Trd, 4319607.493, 100
Trd, 4319607.593, 94
Trd, 4319607.793, 64
Trd, 4319608.593, 122
Trd, 4319610.493, 60
Trd, 4319610.693, 60
Trd, 4319611.393, 100
Trd, 4319614.693, 76
Trd, 4319615.243, 82
Trd, 4319615.643, 65
Trd, 4319616.143, 68
Trd, 4319616.743, 73
Trd, 4319617.143, 79
Trd, 4319617.193, 79
Trd, 4319617.493, 69
Trd, 4319619.393, 63
Trd, 4319619.793, 78
Trd, 4319620.193, 99
Trd, 4319620.593, 65
Trd, 4319621.443, 69
Trd, 4319622.143, 140
Trd, 4319623.593, 140
Trd, 4319623.793, 132
Trd, 4319624.393, 122
Trd, 4319624.743, 122
Trd, 4319625.193, 121
Trd, 4319625.843, 83
Trd, 4319626.393, 84
Trd, 4319627.593, 139
Trd, 4319628.793, 98
Trd, 4319629.293, 89
Trd, 4319629.693, 91
Trd, 4319630.093, 111
Trd, 4319630.143, 91
Trd, 4319630.893, 86
Trd, 4319632.093, 109
Trd, 4319633.043, 76
Trd, 4319634.393, 110
Trd, 4319634.643, 134
Trd, 4319635.143, 140
Trd, 4319635.293, 116
Trd, 4319635.643, 109
Trd, 4319637.393, 128
Trd, 4319637.593, 124
Trd, 4319640.243, 93
Trd, 4319640.893, 93
Trd, 4319641.493, 85
Trd, 4319642.493, 89
Trd, 4319643.043, 87
Trd, 4319643.493, 131
Trd, 4319643.843, 101
Trd, 4319644.243, 134
Trd, 4319644.493, 100
Trd, 4319645.293, 130
Trd, 4319646.443, 118
Trd, 4319647.743, 77
Trd, 4319648.743, 129
Trd, 4319648.793, 85
Trd, 4319648.993, 83
Trd, 4319649.993, 95
Trd, 4319650.093, 71
Trd, 4319650.243, 92
Trd, 4319650.593, 96
Trd, 4319652.743, 100
Trd, 4319653.743, 74
Trd, 4319653.943, 75
Trd, 4319655.043, 99
Trd, 4319655.543, 84
Trd, 4319656.443, 100
Trd, 4319657.893, 111
Trd, 4319658.893, 140
Trd, 4319659.243, 94
Trd, 4319660.043, 91
Trd, 4319661.393, 105
Trd, 4319662.043, 125
Trd, 4319662.343, 99
Trd, 4319662.593, 111
Trd, 4319663.343, 95
Trd, 4319663.893, 85
Trd, 4319664.093, 107
Trd, 4319664.793, 76
Trd, 4319665.443, 137
Trd, 4319666.443, 117
Trd, 4319666.693, 140
Trd, 4319667.343, 92
Trd, 4319668.793, 100
Trd, 4319668.893, 101
Trd, 4319670.593, 95
Trd, 4319672.143, 113
Trd, 4319672.243, 112
Trd, 4319672.743, 82
Trd, 4319673.243, 105
Trd, 4319673.493, 137
Trd, 4319673.793, 126
Trd, 4319675.343, 70
Trd, 4319677.643, 135
Trd, 4319678.093, 97
Trd, 4319678.643, 96
Trd, 4319679.043, 95
Trd, 4319679.743, 115
Trd, 4319680.043, 85
Trd, 4319680.543, 90
Trd, 4319682.293, 99
Trd, 4319682.593, 98
Trd, 4319682.643, 78
Trd, 4319683.343, 129
Trd, 4319685.243, 133
Trd, 4319685.493, 132
Trd, 4319687.593, 139
Trd, 4319687.693, 137
Trd, 4319689.043, 123
Trd, 4319689.143, 115
Trd, 4319689.493, 127
Trd, 4319689.893, 125
Trd, 4319690.093, 119
Trd, 4319690.493, 89
Trd, 4319691.843, 79
Trd, 4319692.193, 139
Trd, 4319693.093, 136
Trd, 4319693.443, 128
Trd, 4319693.493, 113
Trd, 4319693.943, 101
Trd, 4319695.043, 95
Trd, 4319696.593, 92
Trd, 4319697.243, 118
Trd, 4319698.193, 107
Trd, 4319698.643, 107
Trd, 4319699.643, 101
Trd, 4319700.393, 137
Trd, 4319701.293, 138
Trd, 4319701.343, 127
Trd, 4319703.243, 95
Trd, 4319705.693, 140
Trd, 4319705.793, 140
Trd, 4319706.243, 121
Trd, 4319706.493, 109
Trd, 4319706.593, 89
Trd, 4319706.743, 72
Trd, 4319707.243, 64
Trd, 4319707.843, 87
Trd, 4319709.343, 140
Trd, 4319709.943, 121
Trd, 4319710.343, 124
Trd, 4319712.143, 120
Trd, 4319712.293, 116
Trd, 4319713.343, 138
Trd, 4319714.143, 126
Trd, 4319714.443, 126
Trd, 4319714.893, 118
Trd, 4319715.143, 110
Trd, 4319715.343, 90
Trd, 4319716.393, 93
Trd, 4319716.993, 71
Trd, 4319718.043, 85
Trd, 4319718.193, 87
Trd, 4319718.393, 119
Trd, 4319719.943, 103
Trd, 4319719.993, 86
Trd, 4319721.093, 139
Trd, 4319721.643, 72
Trd, 4319722.793, 60
Trd, 4319723.243, 61
Trd, 4319724.043, 70
Trd, 4319724.493, 104
Trd, 4319725.993, 112
Trd, 4319726.243, 111
Trd, 4319727.643, 104
Trd, 4319727.843, 104
Trd, 4319728.943, 139
Trd, 4319729.143, 137
Trd, 4319729.293, 101
Trd, 4319729.493, 94
Trd, 4319730.393, 89
Trd, 4319732.093, 118
Trd, 4319732.243, 117
Trd, 4319732.793, 102
Trd, 4319735.893, 137
Trd, 4319736.043, 136
Trd, 4319736.293, 132
Trd, 4319736.493, 95
Trd, 4319736.743, 131
Trd, 4319737.243, 120
Trd, 4319738.643, 115
Trd, 4319738.693, 113
Trd, 4319739.393, 96
Trd, 4319740.943, 105
Trd, 4319741.793, 95
Trd, 4319743.093, 97
Trd, 4319743.743, 94
Trd, 4319744.443, 95
Trd, 4319745.243, 105
Trd, 4319745.543, 94
Trd, 4319746.193, 119
Trd, 4319747.243, 118
Trd, 4319748.093, 115
Trd, 4319748.893, 123
Trd, 4319748.943, 118
Trd, 4319749.043, 116
Trd, 4319749.693, 77
Trd, 4319751.043, 91
Trd, 4319751.493, 120
Trd, 4319753.393, 63
Trd, 4319754.443, 78
Trd, 4319754.843, 88
Trd, 4319755.093, 80
Trd, 4319755.593, 95
Trd, 4319756.693, 93
Trd, 4319756.943, 92
Trd, 4319757.093, 94
Trd, 4319758.043, 135
Trd, 4319759.993, 125
Trd, 4319761.093, 129
Trd, 4319761.193, 123
Trd, 4319761.943, 116
Trd, 4319762.243, 128
Trd, 4319763.543, 88
Trd, 4319764.193, 103
Trd, 4319764.993, 86
Trd, 4319765.493, 84
Trd, 4319765.593, 96
Trd, 4319765.993, 117
Trd, 4319766.793, 131
Trd, 4319767.343, 118
Trd, 4319767.793, 116
Trd, 4319769.193, 109
Trd, 4319770.193, 108
Trd, 4319770.493, 105
Trd, 4319770.743, 83
Trd, 4319771.143, 129
Trd, 4319772.493, 84
Trd, 4319773.443, 74
Trd, 4319774.193, 86
Trd, 4319775.043, 71
Trd, 4319775.793, 94
Trd, 4319776.043, 83
Trd, 4319776.593, 77
Trd, 4319777.043, 76
Trd, 4319778.193, 85
Trd, 4319778.593, 70
Trd, 4319779.093, 69
Trd, 4319779.593, 99
Trd, 4319781.793, 140
Trd, 4319781.943, 140
Trd, 4319783.093, 140
Trd, 4319783.843, 127
Trd, 4319783.993, 87
Trd, 4319784.593, 128
Trd, 4319785.393, 96
Trd, 4319785.543, 90
Trd, 4319785.693, 106
Trd, 4319786.743, 140
Trd, 4319787.493, 136
Trd, 4319787.843, 134
Trd, 4319789.093, 126
Trd, 4319789.693, 135
Trd, 4319789.893, 125
Trd, 4319789.993, 89
Trd, 4319790.643, 139
Trd, 4319793.243, 65
Trd, 4319793.343, 75
Trd, 4319794.543, 72
Trd, 4319796.843, 60
Trd, 4319796.943, 62
Trd, 4319797.243, 65
Trd, 4319798.043, 125
Trd, 4319798.093, 124
Trd, 4319799.393, 125
Trd, 4319800.543, 98
Trd, 4319800.593, 92
Trd, 4319800.993, 114
Trd, 4319801.343, 130
Trd, 4319801.693, 109
Trd, 4319804.043, 105
Trd, 4319805.443, 107
Trd, 4319806.093, 104
Trd, 4319806.193, 98
Trd, 4319806.243, 130
Trd, 4319807.243, 78
Trd, 4319807.943, 81
Trd, 4319808.893, 123
Trd, 4319808.993, 116
Trd, 4319809.243, 124
Trd, 4319809.343, 112
Trd, 4319809.643, 71
Trd, 4319809.793, 73
Trd, 4319810.243, 85
Trd, 4319812.793, 62
Trd, 4319814.243, 66
Trd, 4319814.393, 72
Trd, 4319815.393, 60
Trd, 4319815.543, 63
Trd, 4319815.893, 64
Trd, 4319816.243, 69
Trd, 4319818.843, 70
Trd, 4319819.793, 96
Trd, 4319820.543, 97
Trd, 4319820.693, 89
Trd, 4319821.143, 85
Trd, 4319821.543, 84
Trd, 4319822.093, 121
Trd, 4319822.543, 105
Trd, 4319822.693, 87
Trd, 4319823.193, 138
Trd, 4319823.243, 126
Trd, 4319825.193, 80
Trd, 4319825.993, 82
Trd, 4319826.193, 96
Trd, 4319827.043, 62
Trd, 4319827.443, 66
Trd, 4319829.493, 64
Trd, 4319829.543, 77
Trd, 4319830.543, 83
Trd, 4319831.193, 91
Trd, 4319831.243, 93
Trd, 4319832.193, 90
Trd, 4319832.343, 89
Trd, 4319832.443, 69
Trd, 4319835.943, 75
Trd, 4319836.793, 76
Trd, 4319837.093, 72
Trd, 4319837.693, 93
Trd, 4319839.093, 97
Trd, 4319840.193, 105
Trd, 4319840.743, 99
Trd, 4319841.043, 98
Trd, 4319841.593, 116
Trd, 4319841.643, 128
Trd, 4319842.293, 81
Trd, 4319842.693, 79
Trd, 4319843.443, 64
Trd, 4319845.343, 107
Trd, 4319845.443, 106
Trd, 4319845.493, 103
Trd, 4319846.093, 140
Trd, 4319846.293, 81
Trd, 4319850.143, 66
Trd, 4319850.293, 66
Trd, 4319850.693, 67
Trd, 4319851.093, 64
Trd, 4319852.943, 67
Trd, 4319853.643, 64
Trd, 4319854.243, 65
Trd, 4319854.393, 120
Trd, 4319855.243, 92
Trd, 4319855.993, 129
Trd, 4319856.843, 66
Trd, 4319857.393, 68
Trd, 4319858.293, 78
Trd, 4319859.843, 118
Trd, 4319860.143, 103
Trd, 4319861.043, 91
Trd, 4319861.693, 111
Trd, 4319861.743, 125
Trd, 4319861.993, 109
Trd, 4319862.643, 98
Trd, 4319864.693, 103
Trd, 4319864.943, 102
Trd, 4319865.693, 95
Trd, 4319866.293, 113
Trd, 4319866.693, 96
Trd, 4319867.443, 94
Trd, 4319868.543, 63
Trd, 4319869.743, 114
Trd, 4319869.943, 133
Trd, 4319871.693, 98
Trd, 4319872.043, 99
Trd, 4319872.543, 86
Trd, 4319872.943, 74
Trd, 4319873.393, 74
Trd, 4319873.843, 104
Trd, 4319874.243, 82
Trd, 4319874.593, 73
Trd, 4319875.143, 97
Trd, 4319876.843, 73
Trd, 4319877.093, 101
Trd, 4319877.343, 85
Trd, 4319878.093, 64
Trd, 4319878.893, 74
Trd, 4319879.543, 72
Trd, 4319880.393, 139
Trd, 4319881.793, 130
Trd, 4319881.843, 124
Trd, 4319881.993, 123
Trd, 4319882.493, 122
Trd, 4319884.293, 113
Trd, 4319884.643, 130
Trd, 4319884.843, 111
Trd, 4319885.593, 109
Trd, 4319886.993, 139
Trd, 4319888.543, 134
Trd, 4319888.593, 131
Trd, 4319888.743, 110
Trd, 4319889.593, 140
Trd, 4319890.143, 121
Trd, 4319890.893, 139
Trd, 4319891.993, 120
Trd, 4319892.843, 118
Trd, 4319893.943, 109
Trd, 4319894.093, 109
Trd, 4319894.593, 139
Trd, 4319895.243, 101
Trd, 4319895.693, 96
Trd, 4319896.343, 93
Trd, 4319897.643, 111
Trd, 4319897.793, 118
Trd, 4319897.843, 78
Trd, 4319898.643, 89
Trd, 4319900.093, 106
Trd, 4319900.543, 105
Trd, 4319901.293, 135
Trd, 4319902.043, 109
Trd, 4319903.093, 100
Trd, 4319904.143, 111
Trd, 4319904.393, 114
Trd, 4319904.943, 105
Trd, 4319905.843, 85
Trd, 4319906.493, 97
Trd, 4319906.643, 72
Trd, 4319906.943, 70
Trd, 4319908.893, 140
Trd, 4319910.493, 131
Trd, 4319911.493, 127
Trd, 4319912.393, 129
Trd, 4319913.893, 121
Trd, 4319914.593, 115
Trd, 4319915.143, 111
Trd, 4319915.593, 117
Trd, 4319916.343, 101
Trd, 4319916.793, 134
Trd, 4319917.343, 114
Trd, 4319917.393, 113
Trd, 4319917.493, 110
Trd, 4319918.393, 104
Trd, 4319921.743, 61
Trd, 4319922.393, 75
Trd, 4319923.243, 140
Trd, 4319923.593, 130
Trd, 4319924.343, 123
Trd, 4319924.793, 122
Trd, 4319925.093, 95
Trd, 4319925.343, 117
Trd, 4319925.943, 96
Trd, 4319926.393, 81
Trd, 4319927.743, 86
Trd, 4319928.893, 132
Trd, 4319929.043, 132
Trd, 4319929.143, 130
Trd, 4319930.393, 140
Trd, 4319930.443, 121
Trd, 4319931.343, 83
Trd, 4319931.993, 96
Trd, 4319932.843, 137
Trd, 4319933.093, 99
Trd, 4319933.343, 98
Trd, 4319934.293, 97
Trd, 4319934.493, 114
Trd, 4319935.293, 95
Trd, 4319936.093, 100
Trd, 4319936.643, 92
Trd, 4319937.343, 88
Trd, 4319937.643, 85
Trd, 4319937.793, 115
Trd, 4319937.993, 116
Trd, 4319938.293, 81
Trd, 4319938.793, 71
Trd, 4319939.893, 105
Trd, 4319940.743, 93
Trd, 4319942.443, 87
Trd, 4319942.543, 107
Trd, 4319943.193, 129
Trd, 4319944.043, 74
Trd, 4319944.843, 77
Trd, 4319945.093, 77
Trd, 4319946.243, 78
Trd, 4319946.693, 77
Trd, 4319947.643, 76
Trd, 4319947.693, 81
Trd, 4319948.743, 83
Trd, 4319949.543, 112
Trd, 4319950.043, 139
Trd, 4319950.343, 96
Trd, 4319951.043, 83
Trd, 4319951.693, 102
Trd, 4319951.843, 102
Trd, 4319953.843, 139
Trd, 4319954.243, 135
Trd, 4319955.143, 137
Trd, 4319955.443, 124
Trd, 4319955.693, 73
Trd, 4319956.593, 139
Trd, 4319957.193, 119
Trd, 4319959.643, 135
Trd, 4319959.743, 135
Trd, 4319959.843, 130
Trd, 4319960.443, 124
Trd, 4319960.493, 109
Trd, 4319961.743, 119
Trd, 4319963.293, 117
Trd, 4319964.293, 138
Trd, 4319964.793, 138
Trd, 4319965.093, 126
Trd, 4319965.793, 134
Trd, 4319966.493, 111
Trd, 4319966.793, 127
Trd, 4319966.943, 105
Trd, 4319968.643, 140
Trd, 4319968.843, 137
Trd, 4319969.243, 135
Trd, 4319970.443, 133
Trd, 4319970.593, 131
Trd, 4319972.943, 71
Trd, 4319973.093, 68
Trd, 4319974.193, 71
Trd, 4319974.293, 72
Trd, 4319974.443, 65
Trd, 4319975.293, 75
Trd, 4319975.743, 68
Trd, 4319975.893, 77
Trd, 4319976.443, 80
Trd, 4319977.543, 94
Trd, 4319979.243, 81
Trd, 4319979.443, 66
Trd, 4319980.543, 71
Trd, 4319980.693, 74
Trd, 4319981.843, 61
Trd, 4319982.243, 86
Trd, 4319983.143, 94
Trd, 4319983.543, 69
Trd, 4319984.143, 64
Trd, 4319985.143, 67
Trd, 4319986.943, 61
Trd, 4319988.293, 122
Trd, 4319988.943, 77
Trd, 4319989.693, 105
Trd, 4319990.293, 118
Trd, 4319990.443, 116
Trd, 4319990.543, 109
Trd, 4319990.843, 129
Trd, 4319991.193, 73
Trd, 4319993.493, 138
Trd, 4319993.843, 134
Trd, 4319995.143, 108
Trd, 4319995.343, 138
Trd, 4319995.793, 109
Trd, 4319996.543, 96
Trd, 4319997.493, 74
Trd, 4319997.893, 140
Trd, 4319998.093, 71
Trd, 4319999.043, 61
Trd, 4319999.243, 61
Trd, 4319999.693, 76
