Trd, 4318092.843, 80
Trd, 4318093.093, 103
Trd, 4318093.393, 79
Trd, 4318093.693, 90
Trd, 4318094.093, 75
Trd, 4318095.643, 140
Trd, 4318095.843, 139
Trd, 4318096.593, 140
Trd, 4318096.893, 139
Trd, 4318097.743, 139
Trd, 4318097.943, 120
Trd, 4318099.093, 118
Trd, 4318100.393, 129
Trd, 4318100.943, 113
Trd, 4318101.843, 78
Trd, 4318102.043, 71
Trd, 4318102.493, 78
Trd, 4318102.793, 116
Trd, 4318103.893, 140
Trd, 4318105.493, 138
Trd, 4318107.643, 139
Trd, 4318107.893, 140
Trd, 4318108.243, 138
Trd, 4318108.793, 138
Trd, 4318108.843, 128
Trd, 4318109.143, 140
Trd, 4318109.493, 137
Trd, 4318109.793, 115
Trd, 4318109.943, 113
Trd, 4318112.743, 140
Trd, 4318113.743, 138
Trd, 4318114.843, 119
Trd, 4318115.143, 118
Trd, 4318116.143, 140
Trd, 4318117.343, 140
Trd, 4318117.593, 139
Trd, 4318118.543, 104
Trd, 4318119.293, 67
Trd, 4318119.743, 95
Trd, 4318120.243, 140
Trd, 4318121.243, 62
Trd, 4318121.493, 127
Trd, 4318123.793, 140
Trd, 4318124.243, 140
Trd, 4318125.443, 139
Trd, 4318127.693, 140
Trd, 4318127.793, 140
Trd, 4318128.343, 140
Trd, 4318128.893, 140
Trd, 4318130.643, 140
Trd, 4318131.243, 140
Trd, 4318131.993, 140
Trd, 4318132.443, 140
Trd, 4318132.993, 119
Trd, 4318133.793, 113
Trd, 4318134.093, 95
Trd, 4318135.043, 140
Trd, 4318135.293, 137
Trd, 4318135.793, 140
Trd, 4318136.893, 138
Trd, 4318139.393, 140
Trd, 4318140.043, 136
Trd, 4318140.693, 125
Trd, 4318141.643, 139
Trd, 4318141.693, 125
Trd, 4318142.193, 119
Trd, 4318142.893, 140
Trd, 4318144.193, 83
Trd, 4318144.393, 84
Trd, 4318144.943, 140
Trd, 4318145.343, 140
Trd, 4318146.393, 97
Trd, 4318147.443, 138
Trd, 4318147.843, 109
Trd, 4318147.993, 66
Trd, 4318149.693, 102
Trd, 4318149.893, 94
Trd, 4318150.293, 140
Trd, 4318150.843, 127
Trd, 4318152.243, 67
Trd, 4318153.093, 96
Trd, 4318153.593, 62
Trd, 4318153.643, 126
Trd, 4318155.593, 79
Trd, 4318155.943, 126
Trd, 4318157.543, 140
Trd, 4318157.593, 140
Trd, 4318158.193, 140
Trd, 4318158.693, 127
Trd, 4318159.043, 109
Trd, 4318159.693, 140
Trd, 4318160.293, 65
Trd, 4318161.343, 116
Trd, 4318161.393, 65
Trd, 4318161.743, 99
Trd, 4318162.743, 95
Trd, 4318164.343, 103
Trd, 4318164.393, 95
Trd, 4318164.493, 138
Trd, 4318165.793, 131
Trd, 4318166.293, 140
Trd, 4318166.693, 140
Trd, 4318167.243, 140
Trd, 4318167.393, 124
Trd, 4318168.893, 140
Trd, 4318169.443, 83
Trd, 4318169.693, 71
Trd, 4318169.743, 86
Trd, 4318171.143, 139
Trd, 4318171.393, 107
Trd, 4318173.093, 140
Trd, 4318173.693, 74
Trd, 4318174.643, 140
Trd, 4318176.243, 140
Trd, 4318176.293, 120
Trd, 4318177.243, 140
Trd, 4318177.843, 140
Trd, 4318177.943, 139
Trd, 4318179.043, 69
Trd, 4318179.493, 64
Trd, 4318180.893, 139
Trd, 4318181.693, 140
Trd, 4318182.043, 139
Trd, 4318183.443, 140
Trd, 4318183.743, 140
Trd, 4318184.543, 140
Trd, 4318185.643, 140
Trd, 4318185.743, 124
Trd, 4318186.243, 62
Trd, 4318186.993, 66
Trd, 4318187.693, 72
Trd, 4318188.543, 140
Trd, 4318190.893, 140
Trd, 4318191.143, 140
Trd, 4318191.293, 139
Trd, 4318191.993, 86
Trd, 4318192.793, 67
Trd, 4318193.543, 134
Trd, 4318193.893, 101
Trd, 4318194.743, 93
Trd, 4318195.293, 138
Trd, 4318195.493, 93
Trd, 4318196.593, 140
Trd, 4318196.893, 140
Trd, 4318198.843, 140
Trd, 4318198.943, 140
Trd, 4318199.443, 140
Trd, 4318200.393, 137
Trd, 4318200.843, 138
Trd, 4318201.443, 112
Trd, 4318202.393, 101
Trd, 4318202.893, 116
Trd, 4318204.493, 140
Trd, 4318204.843, 138
Trd, 4318205.143, 139
Trd, 4318205.343, 140
Trd, 4318205.943, 138
Trd, 4318206.793, 134
Trd, 4318207.293, 110
Trd, 4318207.343, 105
Trd, 4318209.343, 140
Trd, 4318209.693, 140
Trd, 4318210.293, 140
Trd, 4318210.693, 137
Trd, 4318211.243, 124
Trd, 4318211.543, 122
Trd, 4318212.393, 140
Trd, 4318213.043, 92
Trd, 4318214.493, 139
Trd, 4318214.743, 139
Trd, 4318216.793, 140
Trd, 4318217.343, 140
Trd, 4318217.743, 140
Trd, 4318219.543, 140
Trd, 4318220.243, 140
Trd, 4318220.543, 139
Trd, 4318222.343, 140
Trd, 4318222.643, 140
Trd, 4318223.043, 139
Trd, 4318223.343, 136
Trd, 4318224.343, 140
Trd, 4318227.843, 140
Trd, 4318228.043, 140
Trd, 4318229.493, 140
Trd, 4318229.543, 139
Trd, 4318230.493, 140
Trd, 4318231.143, 140
Trd, 4318231.893, 140
Trd, 4318231.943, 140
Trd, 4318233.943, 140
Trd, 4318234.643, 140
Trd, 4318234.843, 140
Trd, 4318234.893, 102
Trd, 4318235.793, 138
Trd, 4318236.893, 140
Trd, 4318238.243, 140
Trd, 4318238.393, 140
Trd, 4318238.843, 97
Trd, 4318239.393, 72
Trd, 4318239.493, 127
Trd, 4318240.043, 71
Trd, 4318241.593, 140
Trd, 4318241.993, 139
Trd, 4318243.693, 140
Trd, 4318244.043, 139
Trd, 4318244.843, 135
Trd, 4318246.693, 140
Trd, 4318247.543, 140
Trd, 4318248.293, 138
Trd, 4318250.143, 92
Trd, 4318252.093, 140
Trd, 4318252.243, 95
Trd, 4318252.343, 94
Trd, 4318252.543, 140
Trd, 4318254.093, 138
Trd, 4318254.143, 134
Trd, 4318255.443, 138
Trd, 4318255.743, 137
Trd, 4318255.793, 124
Trd, 4318257.643, 140
Trd, 4318257.743, 140
Trd, 4318258.343, 138
Trd, 4318258.643, 137
Trd, 4318259.043, 140
Trd, 4318259.293, 126
Trd, 4318260.143, 118
Trd, 4318260.443, 73
Trd, 4318262.443, 140
Trd, 4318263.343, 130
Trd, 4318263.493, 128
Trd, 4318264.743, 140
Trd, 4318264.993, 140
Trd, 4318265.193, 140
Trd, 4318265.993, 140
Trd, 4318267.293, 140
Trd, 4318267.993, 105
Trd, 4318268.843, 72
Trd, 4318270.893, 140
Trd, 4318271.193, 140
Trd, 4318271.243, 140
Trd, 4318271.843, 78
Trd, 4318272.343, 127
Trd, 4318273.293, 140
Trd, 4318275.243, 140
Trd, 4318275.693, 140
Trd, 4318275.793, 139
Trd, 4318278.493, 140
Trd, 4318278.643, 140
Trd, 4318278.943, 140
Trd, 4318279.093, 138
Trd, 4318280.843, 139
Trd, 4318280.943, 125
Trd, 4318281.593, 133
Trd, 4318281.893, 127
Trd, 4318284.793, 140
Trd, 4318285.093, 140
Trd, 4318285.143, 140
Trd, 4318285.293, 139
Trd, 4318286.493, 140
Trd, 4318286.943, 75
Trd, 4318287.443, 137
Trd, 4318288.543, 102
Trd, 4318290.043, 104
Trd, 4318290.993, 138
Trd, 4318291.093, 140
Trd, 4318291.193, 117
Trd, 4318291.293, 90
Trd, 4318293.043, 140
Trd, 4318294.593, 139
Trd, 4318295.043, 140
Trd, 4318295.293, 139
Trd, 4318297.393, 140
Trd, 4318298.693, 140
Trd, 4318298.893, 140
Trd, 4318299.593, 140
Trd, 4318299.893, 111
Trd, 4318301.093, 140
Trd, 4318301.193, 140
Trd, 4318301.893, 140
Trd, 4318303.543, 127
Trd, 4318303.993, 123
Trd, 4318304.443, 70
Trd, 4318304.993, 140
Trd, 4318305.743, 140
Trd, 4318305.943, 139
Trd, 4318306.743, 138
Trd, 4318306.793, 68
Trd, 4318307.893, 87
Trd, 4318308.443, 131
Trd, 4318309.393, 125
Trd, 4318309.693, 140
Trd, 4318309.793, 111
Trd, 4318310.893, 140
Trd, 4318312.193, 140
Trd, 4318312.493, 77
Trd, 4318312.693, 80
Trd, 4318314.243, 84
Trd, 4318315.243, 139
Trd, 4318315.643, 139
Trd, 4318315.843, 139
Trd, 4318317.893, 111
Trd, 4318318.793, 106
Trd, 4318319.693, 140
Trd, 4318320.443, 140
Trd, 4318320.643, 139
Trd, 4318321.443, 110
Trd, 4318321.693, 85
Trd, 4318322.543, 75
Trd, 4318324.093, 140
Trd, 4318324.593, 140
Trd, 4318325.393, 140
Trd, 4318325.643, 124
Trd, 4318327.443, 140
Trd, 4318327.643, 140
Trd, 4318327.793, 109
Trd, 4318328.843, 140
Trd, 4318329.943, 140
Trd, 4318331.193, 140
Trd, 4318331.693, 139
Trd, 4318332.343, 116
Trd, 4318332.493, 139
Trd, 4318333.043, 140
Trd, 4318334.643, 104
Trd, 4318335.593, 140
Trd, 4318336.093, 140
Trd, 4318337.293, 140
Trd, 4318337.893, 93
Trd, 4318339.043, 97
Trd, 4318339.493, 140
Trd, 4318339.743, 111
Trd, 4318339.993, 140
Trd, 4318341.643, 140
Trd, 4318342.943, 139
Trd, 4318343.143, 138
Trd, 4318343.543, 138
Trd, 4318344.593, 140
Trd, 4318345.543, 128
Trd, 4318345.743, 100
Trd, 4318345.843, 135
Trd, 4318346.793, 140
Trd, 4318347.543, 139
Trd, 4318348.393, 74
Trd, 4318349.293, 90
Trd, 4318351.143, 140
Trd, 4318351.893, 140
Trd, 4318352.193, 140
Trd, 4318353.343, 140
Trd, 4318354.893, 140
Trd, 4318355.893, 140
Trd, 4318355.993, 140
Trd, 4318356.393, 139
Trd, 4318356.443, 128
Trd, 4318357.493, 139
Trd, 4318358.443, 115
Trd, 4318359.943, 140
Trd, 4318360.343, 139
Trd, 4318360.743, 140
Trd, 4318361.043, 138
Trd, 4318362.393, 138
Trd, 4318363.893, 140
Trd, 4318364.143, 139
Trd, 4318364.893, 140
Trd, 4318365.443, 140
Trd, 4318366.193, 140
Trd, 4318366.293, 140
Trd, 4318366.493, 115
Trd, 4318367.393, 140
Trd, 4318368.243, 140
Trd, 4318370.693, 139
Trd, 4318370.743, 126
Trd, 4318371.043, 111
Trd, 4318371.393, 102
Trd, 4318372.993, 115
Trd, 4318373.243, 102
Trd, 4318373.343, 136
Trd, 4318373.943, 140
Trd, 4318374.543, 104
Trd, 4318374.893, 137
Trd, 4318377.343, 140
Trd, 4318378.593, 140
Trd, 4318378.843, 140
Trd, 4318378.893, 139
Trd, 4318379.243, 108
Trd, 4318380.843, 140
Trd, 4318381.993, 111
Trd, 4318382.143, 115
Trd, 4318382.843, 128
Trd, 4318383.393, 138
Trd, 4318383.743, 138
Trd, 4318385.843, 140
Trd, 4318386.193, 140
Trd, 4318386.443, 140
Trd, 4318386.493, 140
Trd, 4318387.593, 139
Trd, 4318391.743, 140
Trd, 4318391.893, 140
Trd, 4318392.093, 140
Trd, 4318392.193, 140
Trd, 4318392.693, 140
Trd, 4318393.793, 140
Trd, 4318394.743, 140
Trd, 4318394.843, 140
Trd, 4318396.743, 140
Trd, 4318397.593, 140
Trd, 4318398.243, 139
Trd, 4318398.343, 138
Trd, 4318399.593, 120
Trd, 4318400.393, 120
Trd, 4318400.593, 124
Trd, 4318401.443, 140
Trd, 4318402.443, 140
Trd, 4318403.493, 139
Trd, 4318403.793, 113
Trd, 4318404.243, 138
Trd, 4318405.043, 63
Trd, 4318405.793, 121
Trd, 4318406.293, 139
Trd, 4318406.743, 140
Trd, 4318407.343, 140
Trd, 4318408.593, 140
Trd, 4318408.993, 140
Trd, 4318409.193, 140
Trd, 4318409.843, 123
Trd, 4318410.593, 138
Trd, 4318411.743, 137
Trd, 4318411.843, 124
Trd, 4318413.493, 140
Trd, 4318413.843, 140
Trd, 4318415.093, 140
Trd, 4318415.493, 140
Trd, 4318416.393, 140
Trd, 4318416.943, 111
Trd, 4318417.293, 140
Trd, 4318417.993, 74
Trd, 4318418.043, 125
Trd, 4318418.493, 67
Trd, 4318419.343, 60
Trd, 4318419.593, 98
Trd, 4318419.843, 140
Trd, 4318421.193, 92
Trd, 4318421.543, 94
Trd, 4318421.693, 89
Trd, 4318422.743, 140
Trd, 4318422.843, 139
Trd, 4318424.793, 138
Trd, 4318425.093, 138
Trd, 4318425.343, 137
Trd, 4318426.293, 126
Trd, 4318427.393, 140
Trd, 4318428.243, 137
Trd, 4318428.393, 134
Trd, 4318429.043, 105
Trd, 4318429.643, 90
Trd, 4318431.243, 140
Trd, 4318432.943, 140
Trd, 4318433.343, 140
Trd, 4318433.493, 140
Trd, 4318433.693, 133
Trd, 4318434.843, 109
Trd, 4318434.893, 107
Trd, 4318436.143, 137
Trd, 4318436.493, 110
Trd, 4318437.293, 139
Trd, 4318438.193, 140
Trd, 4318438.893, 123
Trd, 4318439.843, 140
Trd, 4318440.893, 115
Trd, 4318441.193, 139
Trd, 4318441.743, 113
Trd, 4318442.393, 112
Trd, 4318442.743, 129
Trd, 4318443.193, 78
Trd, 4318443.693, 140
Trd, 4318445.293, 139
Trd, 4318445.543, 139
Trd, 4318446.393, 140
Trd, 4318447.393, 140
Trd, 4318448.043, 139
Trd, 4318449.143, 101
Trd, 4318449.593, 140
Trd, 4318452.143, 140
Trd, 4318452.393, 140
Trd, 4318453.043, 140
Trd, 4318453.143, 139
Trd, 4318453.693, 118
Trd, 4318453.893, 140
Trd, 4318454.743, 113
Trd, 4318455.893, 140
Trd, 4318455.943, 134
Trd, 4318456.243, 96
Trd, 4318457.143, 97
Trd, 4318457.643, 109
Trd, 4318458.943, 111
Trd, 4318459.743, 140
Trd, 4318460.043, 138
Trd, 4318461.643, 139
Trd, 4318461.693, 138
Trd, 4318462.893, 61
Trd, 4318464.193, 140
Trd, 4318464.493, 140
Trd, 4318465.943, 139
Trd, 4318466.243, 139
Trd, 4318466.343, 124
Trd, 4318466.793, 64
Trd, 4318468.293, 132
Trd, 4318469.493, 140
Trd, 4318470.143, 75
Trd, 4318470.593, 140
Trd, 4318472.143, 125
Trd, 4318472.893, 140
Trd, 4318472.993, 65
Trd, 4318473.443, 98
Trd, 4318474.343, 140
Trd, 4318476.143, 140
Trd, 4318476.243, 140
Trd, 4318477.343, 140
Trd, 4318478.243, 130
Trd, 4318479.093, 85
Trd, 4318480.343, 140
Trd, 4318480.843, 74
Trd, 4318481.143, 140
Trd, 4318481.793, 90
Trd, 4318483.293, 139
Trd, 4318483.443, 124
Trd, 4318484.443, 140
Trd, 4318485.693, 128
Trd, 4318485.993, 119
Trd, 4318486.143, 110
Trd, 4318486.643, 135
Trd, 4318486.743, 81
Trd, 4318489.043, 140
Trd, 4318489.093, 139
Trd, 4318489.293, 139
Trd, 4318489.343, 124
Trd, 4318489.493, 107
Trd, 4318490.593, 140
Trd, 4318490.943, 95
Trd, 4318493.093, 138
Trd, 4318493.443, 140
Trd, 4318493.793, 117
Trd, 4318493.843, 116
Trd, 4318494.293, 140
Trd, 4318495.043, 137
Trd, 4318495.193, 124
Trd, 4318496.693, 136
Trd, 4318498.543, 140
Trd, 4318499.593, 140
Trd, 4318499.993, 140
Trd, 4318500.143, 139
Trd, 4318500.743, 125
Trd, 4318502.693, 140
Trd, 4318503.093, 140
Trd, 4318503.343, 140
Trd, 4318503.743, 138
Trd, 4318505.543, 140
Trd, 4318505.693, 140
Trd, 4318506.643, 137
Trd, 4318507.293, 131
Trd, 4318507.393, 125
Trd, 4318508.543, 104
Trd, 4318509.343, 81
Trd, 4318509.943, 140
Trd, 4318510.893, 140
Trd, 4318511.643, 140
Trd, 4318512.293, 140
Trd, 4318512.693, 139
Trd, 4318513.293, 107
Trd, 4318514.443, 135
Trd, 4318515.743, 140
Trd, 4318515.893, 119
Trd, 4318516.443, 139
Trd, 4318516.793, 110
Trd, 4318517.093, 140
Trd, 4318518.293, 90
Trd, 4318518.393, 68
Trd, 4318520.093, 140
Trd, 4318521.943, 140
Trd, 4318524.093, 140
Trd, 4318525.693, 140
Trd, 4318526.443, 140
Trd, 4318526.793, 140
Trd, 4318528.343, 140
Trd, 4318528.643, 139
Trd, 4318528.693, 138
Trd, 4318529.443, 139
Trd, 4318529.943, 139
Trd, 4318530.743, 126
Trd, 4318534.543, 140
Trd, 4318535.043, 140
Trd, 4318535.993, 140
Trd, 4318536.043, 140
Trd, 4318536.293, 140
Trd, 4318536.393, 139
Trd, 4318537.043, 137
Trd, 4318538.193, 140
Trd, 4318538.693, 140
Trd, 4318539.143, 140
Trd, 4318540.293, 140
Trd, 4318540.843, 127
Trd, 4318541.893, 138
Trd, 4318542.193, 139
Trd, 4318542.243, 115
Trd, 4318543.543, 106
Trd, 4318544.543, 78
Trd, 4318544.643, 77
Trd, 4318544.693, 99
Trd, 4318547.043, 139
Trd, 4318548.393, 140
Trd, 4318548.693, 140
Trd, 4318550.043, 140
Trd, 4318550.743, 140
Trd, 4318551.843, 140
Trd, 4318551.893, 125
Trd, 4318552.043, 93
Trd, 4318552.443, 65
Trd, 4318552.743, 60
Trd, 4318552.993, 140
Trd, 4318554.643, 140
Trd, 4318555.993, 140
Trd, 4318556.143, 140
Trd, 4318556.643, 138
Trd, 4318557.693, 137
Trd, 4318558.793, 140
Trd, 4318558.843, 138
Trd, 4318559.343, 140
Trd, 4318561.243, 131
Trd, 4318562.043, 133
Trd, 4318562.593, 138
Trd, 4318563.093, 140
Trd, 4318563.193, 125
Trd, 4318563.693, 109
Trd, 4318564.443, 139
Trd, 4318564.943, 140
Trd, 4318565.693, 107
Trd, 4318566.543, 131
Trd, 4318566.793, 140
Trd, 4318567.643, 138
Trd, 4318568.443, 134
Trd, 4318570.243, 140
Trd, 4318571.093, 140
Trd, 4318571.843, 140
Trd, 4318572.193, 113
Trd, 4318572.443, 93
Trd, 4318572.493, 69
Trd, 4318573.043, 66
Trd, 4318573.643, 125
Trd, 4318574.343, 64
Trd, 4318575.043, 63
Trd, 4318575.243, 107
Trd, 4318576.143, 62
Trd, 4318576.943, 67
Trd, 4318577.293, 126
Trd, 4318578.043, 138
Trd, 4318579.193, 83
Trd, 4318579.693, 138
Trd, 4318580.793, 140
Trd, 4318581.343, 95
Trd, 4318581.793, 73
Trd, 4318582.693, 138
Trd, 4318582.943, 137
Trd, 4318583.343, 140
Trd, 4318584.243, 140
Trd, 4318584.943, 96
Trd, 4318586.693, 60
Trd, 4318587.793, 61
Trd, 4318589.293, 140
Trd, 4318589.443, 140
Trd, 4318589.793, 140
Trd, 4318590.293, 128
Trd, 4318590.443, 125
Trd, 4318591.343, 139
Trd, 4318591.793, 82
Trd, 4318592.093, 112
Trd, 4318592.893, 74
Trd, 4318594.643, 140
Trd, 4318594.893, 62
Trd, 4318595.093, 64
Trd, 4318596.943, 92
Trd, 4318599.243, 140
Trd, 4318600.093, 140
Trd, 4318601.643, 140
Trd, 4318602.543, 140
Trd, 4318602.893, 140
Trd, 4318602.993, 140
Trd, 4318603.143, 140
Trd, 4318604.593, 93
Trd, 4318605.343, 139
Trd, 4318605.693, 139
Trd, 4318607.143, 118
Trd, 4318608.093, 139
Trd, 4318608.643, 140
Trd, 4318609.293, 140
Trd, 4318609.343, 140
Trd, 4318609.443, 124
Trd, 4318609.993, 100
Trd, 4318611.043, 123
Trd, 4318611.843, 140
Trd, 4318612.993, 139
Trd, 4318613.143, 118
Trd, 4318614.743, 138
Trd, 4318615.243, 138
Trd, 4318616.293, 138
Trd, 4318617.193, 140
Trd, 4318617.593, 140
Trd, 4318617.843, 136
Trd, 4318618.143, 132
Trd, 4318618.843, 134
Trd, 4318619.693, 117
Trd, 4318620.743, 124
Trd, 4318620.843, 105
Trd, 4318621.043, 63
Trd, 4318622.243, 66
Trd, 4318622.793, 140
Trd, 4318624.443, 94
Trd, 4318624.543, 83
Trd, 4318624.993, 82
Trd, 4318625.993, 120
Trd, 4318626.693, 140
Trd, 4318627.643, 140
Trd, 4318627.843, 140
Trd, 4318627.943, 139
Trd, 4318628.893, 127
Trd, 4318629.193, 124
Trd, 4318630.243, 60
Trd, 4318630.393, 118
Trd, 4318632.443, 140
Trd, 4318632.793, 140
Trd, 4318633.243, 140
Trd, 4318634.993, 140
Trd, 4318636.243, 140
Trd, 4318636.493, 140
Trd, 4318638.243, 140
Trd, 4318638.893, 140
Trd, 4318639.143, 140
Trd, 4318639.343, 140
Trd, 4318640.393, 140
Trd, 4318640.893, 138
Trd, 4318641.393, 139
Trd, 4318641.443, 138
Trd, 4318642.293, 139
Trd, 4318642.693, 114
Trd, 4318644.043, 60
Trd, 4318645.793, 64
Trd, 4318647.043, 137
Trd, 4318647.643, 140
Trd, 4318648.143, 136
Trd, 4318649.943, 139
Trd, 4318651.343, 140
Trd, 4318652.043, 140
Trd, 4318653.343, 140
Trd, 4318653.643, 140
Trd, 4318654.243, 140
Trd, 4318654.743, 140
Trd, 4318655.693, 140
Trd, 4318656.093, 125
Trd, 4318656.143, 124
Trd, 4318656.593, 139
Trd, 4318658.943, 139
Trd, 4318660.143, 140
Trd, 4318660.593, 140
Trd, 4318661.193, 87
Trd, 4318661.443, 79
Trd, 4318662.393, 140
Trd, 4318662.843, 140
Trd, 4318665.043, 140
Trd, 4318665.143, 140
Trd, 4318665.193, 140
Trd, 4318666.493, 140
Trd, 4318666.993, 140
Trd, 4318667.493, 139
Trd, 4318667.943, 138
Trd, 4318669.443, 140
Trd, 4318670.393, 139
Trd, 4318670.443, 138
Trd, 4318670.543, 124
Trd, 4318670.893, 138
Trd, 4318671.743, 110
Trd, 4318672.693, 140
Trd, 4318673.493, 140
Trd, 4318674.243, 140
Trd, 4318675.093, 138
Trd, 4318675.693, 121
Trd, 4318676.843, 140
Trd, 4318676.993, 128
Trd, 4318678.343, 139
Trd, 4318680.093, 139
Trd, 4318680.343, 138
Trd, 4318680.993, 130
Trd, 4318681.443, 139
Trd, 4318682.143, 76
Trd, 4318683.693, 60
Trd, 4318684.043, 98
Trd, 4318684.843, 140
Trd, 4318685.293, 139
Trd, 4318685.543, 125
Trd, 4318688.093, 138
Trd, 4318688.143, 122
Trd, 4318688.993, 90
Trd, 4318689.393, 140
Trd, 4318689.493, 135
Trd, 4318691.743, 140
Trd, 4318691.793, 140
Trd, 4318691.993, 140
Trd, 4318692.243, 140
Trd, 4318694.143, 140
Trd, 4318694.293, 140
Trd, 4318694.743, 140
Trd, 4318697.543, 140
Trd, 4318697.843, 140
Trd, 4318697.993, 140
Trd, 4318698.493, 138
Trd, 4318699.593, 140
Trd, 4318699.943, 132
Trd, 4318700.143, 140
Trd, 4318700.493, 124
Trd, 4318700.943, 137
Trd, 4318701.343, 65
Trd, 4318703.393, 139
Trd, 4318703.543, 83
Trd, 4318703.893, 87
Trd, 4318705.243, 90
Trd, 4318705.993, 97
Trd, 4318707.243, 87
Trd, 4318708.143, 126
Trd, 4318708.343, 138
Trd, 4318709.943, 107
Trd, 4318710.593, 94
Trd, 4318711.993, 140
Trd, 4318712.793, 118
Trd, 4318712.993, 116
Trd, 4318713.643, 140
Trd, 4318713.943, 140
Trd, 4318714.043, 140
Trd, 4318714.543, 112
Trd, 4318715.393, 139
Trd, 4318715.793, 140
Trd, 4318717.143, 140
Trd, 4318717.193, 139
Trd, 4318717.893, 129
Trd, 4318718.393, 129
Trd, 4318720.793, 140
Trd, 4318721.143, 139
Trd, 4318721.193, 121
Trd, 4318721.593, 106
Trd, 4318721.743, 120
Trd, 4318722.343, 68
Trd, 4318722.593, 69
Trd, 4318725.293, 61
Trd, 4318725.593, 64
Trd, 4318727.543, 140
Trd, 4318727.743, 140
Trd, 4318727.893, 139
Trd, 4318727.993, 139
Trd, 4318728.943, 140
Trd, 4318729.543, 140
Trd, 4318730.743, 139
Trd, 4318731.243, 140
Trd, 4318731.293, 125
Trd, 4318732.043, 70
Trd, 4318733.893, 97
Trd, 4318735.593, 140
Trd, 4318735.743, 138
Trd, 4318736.493, 140
Trd, 4318736.543, 138
Trd, 4318737.393, 139
Trd, 4318739.693, 140
Trd, 4318740.993, 140
Trd, 4318741.543, 139
Trd, 4318741.793, 137
Trd, 4318742.143, 137
Trd, 4318742.443, 125
Trd, 4318744.143, 138
Trd, 4318746.143, 140
Trd, 4318746.393, 139
Trd, 4318746.543, 138
Trd, 4318747.293, 126
Trd, 4318747.593, 140
Trd, 4318747.743, 125
Trd, 4318747.893, 101
Trd, 4318748.643, 85
Trd, 4318749.993, 123
Trd, 4318750.693, 140
Trd, 4318751.643, 140
Trd, 4318752.793, 140
Trd, 4318753.343, 140
Trd, 4318753.443, 135
Trd, 4318754.093, 138
Trd, 4318755.393, 140
Trd, 4318755.893, 138
Trd, 4318755.943, 121
Trd, 4318757.043, 140
Trd, 4318757.393, 140
Trd, 4318758.043, 115
Trd, 4318758.743, 139
Trd, 4318759.593, 122
Trd, 4318760.993, 140
Trd, 4318761.743, 139
Trd, 4318762.343, 137
Trd, 4318764.043, 140
Trd, 4318764.993, 138
Trd, 4318765.643, 137
Trd, 4318766.393, 136
Trd, 4318766.493, 125
Trd, 4318766.943, 140
Trd, 4318767.243, 140
Trd, 4318767.543, 102
Trd, 4318767.943, 101
Trd, 4318769.993, 140
Trd, 4318772.143, 140
Trd, 4318772.443, 140
Trd, 4318773.843, 127
Trd, 4318773.993, 73
Trd, 4318774.093, 138
Trd, 4318774.393, 86
Trd, 4318774.743, 103
Trd, 4318775.793, 140
Trd, 4318776.693, 140
Trd, 4318776.793, 139
Trd, 4318777.743, 90
Trd, 4318778.943, 60
Trd, 4318779.693, 121
Trd, 4318780.193, 122
Trd, 4318780.243, 88
Trd, 4318780.393, 87
Trd, 4318781.943, 63
Trd, 4318782.243, 64
Trd, 4318782.443, 69
Trd, 4318782.743, 106
Trd, 4318783.393, 62
Trd, 4318784.693, 96
Trd, 4318786.443, 140
Trd, 4318786.893, 140
Trd, 4318787.143, 120
Trd, 4318787.543, 126
Trd, 4318788.343, 103
Trd, 4318789.693, 114
Trd, 4318789.743, 92
Trd, 4318790.643, 137
Trd, 4318791.043, 75
Trd, 4318791.693, 140
Trd, 4318792.543, 140
Trd, 4318793.143, 140
Trd, 4318793.193, 140
Trd, 4318793.943, 138
Trd, 4318794.993, 140
Trd, 4318796.193, 127
Trd, 4318797.743, 138
Trd, 4318797.793, 137
Trd, 4318800.243, 139
Trd, 4318800.643, 139
Trd, 4318800.843, 136
Trd, 4318801.143, 140
Trd, 4318801.493, 128
Trd, 4318803.143, 125
Trd, 4318804.193, 74
Trd, 4318804.543, 114
Trd, 4318805.543, 68
Trd, 4318806.693, 140
Trd, 4318806.943, 124
Trd, 4318807.793, 111
Trd, 4318808.043, 84
Trd, 4318809.893, 128
Trd, 4318810.143, 100
Trd, 4318810.193, 133
Trd, 4318810.293, 72
Trd, 4318810.793, 93
Trd, 4318811.643, 140
Trd, 4318811.843, 140
Trd, 4318812.943, 140
Trd, 4318813.393, 139
Trd, 4318813.743, 137
Trd, 4318814.393, 123
Trd, 4318815.193, 123
Trd, 4318815.443, 137
Trd, 4318817.093, 110
Trd, 4318817.543, 96
Trd, 4318818.693, 139
Trd, 4318820.693, 137
Trd, 4318821.693, 137
Trd, 4318822.193, 140
Trd, 4318822.293, 137
Trd, 4318822.693, 122
Trd, 4318823.293, 140
Trd, 4318823.343, 140
Trd, 4318825.043, 109
Trd, 4318826.143, 139
Trd, 4318826.993, 138
Trd, 4318827.743, 91
Trd, 4318828.643, 73
Trd, 4318830.843, 118
Trd, 4318831.543, 139
Trd, 4318831.843, 138
Trd, 4318832.393, 118
Trd, 4318832.543, 114
Trd, 4318832.743, 134
Trd, 4318833.243, 73
Trd, 4318833.443, 64
Trd, 4318834.043, 100
Trd, 4318836.393, 140
Trd, 4318837.043, 140
Trd, 4318837.243, 140
Trd, 4318837.893, 127
Trd, 4318839.393, 139
Trd, 4318839.543, 137
Trd, 4318839.993, 136
Trd, 4318840.043, 100
Trd, 4318840.593, 140
Trd, 4318842.093, 140
Trd, 4318842.543, 140
Trd, 4318843.293, 140
Trd, 4318843.593, 140
Trd, 4318843.743, 138
Trd, 4318845.593, 103
Trd, 4318845.643, 132
Trd, 4318846.843, 140
Trd, 4318848.693, 140
Trd, 4318848.793, 125
Trd, 4318849.293, 133
Trd, 4318849.643, 119
Trd, 4318850.493, 111
Trd, 4318852.693, 140
Trd, 4318854.043, 140
Trd, 4318855.443, 140
Trd, 4318855.493, 140
Trd, 4318855.593, 140
Trd, 4318856.643, 131
Trd, 4318856.993, 140
Trd, 4318858.543, 140
Trd, 4318858.893, 127
Trd, 4318859.243, 126
Trd, 4318859.743, 140
Trd, 4318860.243, 60
Trd, 4318860.793, 60
Trd, 4318861.843, 130
Trd, 4318862.043, 124
Trd, 4318863.993, 140
Trd, 4318864.693, 138
Trd, 4318865.243, 123
Trd, 4318865.993, 140
Trd, 4318867.043, 140
Trd, 4318867.293, 140
Trd, 4318868.493, 140
Trd, 4318869.143, 111
Trd, 4318871.643, 140
Trd, 4318871.693, 139
Trd, 4318872.293, 135
Trd, 4318874.393, 140
Trd, 4318874.643, 132
Trd, 4318874.843, 120
Trd, 4318876.993, 140
Trd, 4318877.743, 140
Trd, 4318877.893, 139
Trd, 4318878.243, 139
Trd, 4318878.593, 125
Trd, 4318879.143, 136
Trd, 4318880.393, 63
Trd, 4318881.093, 140
Trd, 4318881.343, 139
Trd, 4318882.093, 138
Trd, 4318882.593, 84
Trd, 4318884.893, 139
Trd, 4318885.443, 132
Trd, 4318886.093, 133
Trd, 4318886.943, 138
Trd, 4318887.893, 140
Trd, 4318888.593, 135
Trd, 4318888.843, 134
Trd, 4318888.943, 133
Trd, 4318889.643, 132
Trd, 4318889.693, 131
Trd, 4318891.143, 140
Trd, 4318891.193, 140
Trd, 4318893.193, 140
Trd, 4318893.443, 139
Trd, 4318893.593, 118
Trd, 4318893.793, 99
Trd, 4318894.593, 96
Trd, 4318895.443, 139
Trd, 4318895.843, 139
Trd, 4318895.943, 124
Trd, 4318896.693, 139
Trd, 4318899.393, 96
Trd, 4318900.693, 140
Trd, 4318901.243, 139
Trd, 4318901.993, 140
Trd, 4318902.193, 140
Trd, 4318902.443, 139
Trd, 4318902.993, 71
Trd, 4318903.393, 60
Trd, 4318903.743, 60
Trd, 4318904.443, 114
Trd, 4318905.093, 139
Trd, 4318905.793, 140
Trd, 4318905.993, 140
Trd, 4318906.243, 140
Trd, 4318908.493, 110
Trd, 4318910.043, 139
Trd, 4318910.393, 138
Trd, 4318911.243, 116
Trd, 4318912.293, 129
Trd, 4318912.393, 128
Trd, 4318913.593, 125
Trd, 4318913.893, 109
Trd, 4318914.993, 104
Trd, 4318915.043, 92
Trd, 4318915.393, 91
Trd, 4318916.643, 77
Trd, 4318916.943, 101
Trd, 4318918.743, 93
Trd, 4318919.793, 140
Trd, 4318919.843, 139
Trd, 4318921.693, 140
Trd, 4318921.743, 139
Trd, 4318922.593, 116
Trd, 4318922.643, 90
Trd, 4318923.093, 140
Trd, 4318923.693, 99
Trd, 4318926.643, 140
Trd, 4318927.243, 140
Trd, 4318927.643, 140
Trd, 4318927.893, 138
Trd, 4318928.743, 90
Trd, 4318928.943, 96
Trd, 4318930.243, 138
Trd, 4318930.443, 98
Trd, 4318930.693, 140
Trd, 4318931.643, 137
Trd, 4318931.693, 121
Trd, 4318933.593, 128
Trd, 4318934.743, 132
Trd, 4318935.393, 140
Trd, 4318935.543, 140
Trd, 4318935.843, 136
Trd, 4318936.943, 135
Trd, 4318937.143, 112
Trd, 4318939.243, 136
Trd, 4318939.943, 140
Trd, 4318940.493, 136
Trd, 4318940.593, 124
Trd, 4318941.843, 140
Trd, 4318942.893, 140
Trd, 4318943.893, 140
Trd, 4318944.693, 140
Trd, 4318945.243, 140
Trd, 4318945.443, 125
Trd, 4318945.743, 115
Trd, 4318947.843, 75
Trd, 4318949.343, 140
Trd, 4318950.293, 140
Trd, 4318951.443, 140
Trd, 4318951.993, 140
Trd, 4318952.843, 140
Trd, 4318952.893, 140
Trd, 4318953.293, 140
Trd, 4318953.343, 139
Trd, 4318954.193, 140
Trd, 4318955.543, 140
Trd, 4318956.443, 140
Trd, 4318956.543, 139
Trd, 4318957.243, 140
Trd, 4318958.293, 128
Trd, 4318958.443, 140
Trd, 4318959.843, 140
Trd, 4318961.993, 127
Trd, 4318962.443, 125
Trd, 4318963.843, 140
Trd, 4318964.293, 140
Trd, 4318965.143, 140
Trd, 4318966.293, 140
Trd, 4318968.343, 140
Trd, 4318968.793, 140
Trd, 4318970.143, 140
Trd, 4318970.443, 140
Trd, 4318970.893, 138
Trd, 4318971.593, 140
Trd, 4318972.693, 139
Trd, 4318972.843, 126
Trd, 4318973.093, 131
Trd, 4318973.243, 126
Trd, 4318973.793, 112
Trd, 4318974.693, 124
Trd, 4318977.093, 140
Trd, 4318977.943, 140
Trd, 4318978.043, 140
Trd, 4318978.843, 122
Trd, 4318979.443, 83
Trd, 4318980.643, 140
Trd, 4318980.693, 130
Trd, 4318981.793, 140
Trd, 4318982.143, 139
Trd, 4318982.393, 140
Trd, 4318982.943, 95
Trd, 4318984.243, 139
Trd, 4318984.543, 138
Trd, 4318984.943, 140
Trd, 4318984.993, 123
Trd, 4318985.493, 137
Trd, 4318986.193, 113
Trd, 4318987.993, 140
Trd, 4318988.393, 140
Trd, 4318988.493, 108
Trd, 4318989.443, 140
Trd, 4318990.043, 140
Trd, 4318990.443, 133
Trd, 4318991.543, 138
Trd, 4318991.793, 137
Trd, 4318992.093, 87
Trd, 4318993.993, 140
Trd, 4318994.243, 140
Trd, 4318995.393, 139
Trd, 4318996.293, 136
Trd, 4318996.343, 135
Trd, 4318996.493, 126
Trd, 4318997.143, 140
Trd, 4318997.293, 115
Trd, 4318998.943, 116
Trd, 4318999.043, 122
Trd, 4318999.393, 131
Trd, 4318999.493, 108
Trd, 4318999.893, 140
Trd, 4319000.343, 138
Trd, 4319002.993, 68
Trd, 4319004.443, 75
Trd, 4319004.943, 140
Trd, 4319004.993, 125
Trd, 4319006.093, 97
Trd, 4319007.293, 85
Trd, 4319008.093, 75
Trd, 4319008.543, 138
Trd, 4319009.643, 140
Trd, 4319011.693, 140
Trd, 4319011.793, 140
Trd, 4319012.743, 140
Trd, 4319013.143, 140
Trd, 4319013.893, 140
Trd, 4319014.293, 140
Trd, 4319015.893, 140
Trd, 4319016.093, 139
Trd, 4319016.243, 125
Trd, 4319017.393, 120
Trd, 4319017.793, 139
Trd, 4319019.243, 102
Trd, 4319019.643, 97
Trd, 4319020.143, 92
Trd, 4319020.243, 91
Trd, 4319022.043, 117
Trd, 4319023.243, 139
Trd, 4319023.393, 138
Trd, 4319024.793, 105
Trd, 4319025.243, 140
Trd, 4319025.393, 124
Trd, 4319025.543, 104
Trd, 4319026.293, 137
Trd, 4319026.543, 70
Trd, 4319026.893, 140
Trd, 4319027.893, 126
Trd, 4319028.543, 110
Trd, 4319028.843, 109
Trd, 4319031.993, 140
Trd, 4319033.193, 140
Trd, 4319033.493, 140
Trd, 4319034.043, 140
Trd, 4319034.593, 125
Trd, 4319034.993, 124
Trd, 4319036.343, 140
Trd, 4319036.543, 140
Trd, 4319037.093, 139
Trd, 4319037.443, 140
Trd, 4319038.593, 137
Trd, 4319039.043, 121
Trd, 4319040.493, 138
Trd, 4319041.693, 138
Trd, 4319042.293, 140
Trd, 4319042.393, 139
Trd, 4319043.743, 140
Trd, 4319043.893, 139
Trd, 4319044.943, 138
Trd, 4319045.543, 138
Trd, 4319045.893, 124
Trd, 4319047.043, 129
Trd, 4319047.593, 139
Trd, 4319048.193, 114
Trd, 4319049.293, 113
Trd, 4319049.843, 65
Trd, 4319050.893, 140
Trd, 4319051.843, 137
Trd, 4319052.693, 140
Trd, 4319053.843, 139
Trd, 4319054.893, 140
Trd, 4319056.093, 140
Trd, 4319057.343, 140
Trd, 4319058.093, 140
Trd, 4319058.393, 140
Trd, 4319059.293, 140
Trd, 4319059.743, 138
Trd, 4319060.493, 138
Trd, 4319061.043, 125
Trd, 4319062.243, 95
Trd, 4319062.443, 79
Trd, 4319065.393, 138
Trd, 4319066.243, 140
Trd, 4319066.543, 140
Trd, 4319066.693, 139
Trd, 4319066.843, 125
Trd, 4319067.143, 104
Trd, 4319067.793, 139
Trd, 4319068.293, 140
Trd, 4319071.293, 60
Trd, 4319071.393, 62
Trd, 4319072.293, 136
Trd, 4319073.443, 140
Trd, 4319073.943, 140
Trd, 4319074.143, 140
Trd, 4319074.843, 132
Trd, 4319075.093, 116
Trd, 4319075.243, 106
Trd, 4319077.543, 140
Trd, 4319078.543, 140
Trd, 4319079.043, 140
Trd, 4319081.293, 140
Trd, 4319082.243, 140
Trd, 4319082.343, 139
Trd, 4319082.543, 139
Trd, 4319082.643, 139
Trd, 4319082.793, 124
Trd, 4319083.693, 138
Trd, 4319084.543, 65
Trd, 4319085.693, 98
Trd, 4319086.093, 62
Trd, 4319086.593, 140
Trd, 4319087.493, 140
Trd, 4319087.893, 140
Trd, 4319088.143, 138
Trd, 4319089.143, 140
Trd, 4319089.543, 93
Trd, 4319090.243, 126
Trd, 4319091.393, 112
Trd, 4319092.193, 116
Trd, 4319092.793, 92
Trd, 4319093.893, 140
Trd, 4319094.193, 139
Trd, 4319094.943, 140
Trd, 4319096.293, 139
Trd, 4319096.993, 95
Trd, 4319097.093, 80
Trd, 4319098.093, 139
Trd, 4319098.343, 99
Trd, 4319099.593, 139
Trd, 4319099.793, 121
Trd, 4319100.643, 122
Trd, 4319102.293, 140
Trd, 4319103.343, 140
Trd, 4319104.143, 140
Trd, 4319104.943, 137
Trd, 4319105.393, 134
Trd, 4319105.843, 123
Trd, 4319107.443, 140
Trd, 4319108.543, 140
Trd, 4319108.893, 140
Trd, 4319108.993, 139
Trd, 4319110.193, 139
Trd, 4319112.293, 121
Trd, 4319112.793, 140
Trd, 4319112.993, 140
Trd, 4319113.343, 106
Trd, 4319114.193, 110
Trd, 4319114.293, 72
Trd, 4319114.543, 110
Trd, 4319114.843, 85
Trd, 4319115.093, 84
Trd, 4319115.643, 63
Trd, 4319116.343, 140
Trd, 4319119.843, 140
Trd, 4319120.143, 140
Trd, 4319120.543, 124
Trd, 4319120.893, 120
Trd, 4319122.343, 140
Trd, 4319123.243, 139
Trd, 4319124.743, 140
Trd, 4319125.593, 140
Trd, 4319126.343, 139
Trd, 4319127.393, 96
Trd, 4319128.393, 140
Trd, 4319128.593, 140
Trd, 4319128.943, 140
Trd, 4319130.693, 140
Trd, 4319131.243, 140
Trd, 4319131.893, 140
Trd, 4319132.443, 140
Trd, 4319133.343, 139
Trd, 4319133.493, 128
Trd, 4319135.593, 140
Trd, 4319135.943, 140
Trd, 4319136.443, 139
Trd, 4319136.993, 136
Trd, 4319138.493, 115
Trd, 4319139.143, 101
Trd, 4319140.243, 91
Trd, 4319141.843, 140
Trd, 4319142.943, 140
Trd, 4319143.043, 140
Trd, 4319143.793, 140
Trd, 4319144.193, 138
Trd, 4319145.043, 140
Trd, 4319146.193, 139
Trd, 4319146.443, 125
Trd, 4319146.993, 124
Trd, 4319147.993, 140
Trd, 4319148.543, 140
Trd, 4319148.893, 140
Trd, 4319148.943, 125
Trd, 4319149.743, 140
Trd, 4319151.993, 140
Trd, 4319152.193, 139
Trd, 4319153.193, 140
Trd, 4319153.343, 140
Trd, 4319154.843, 140
Trd, 4319155.643, 140
Trd, 4319157.243, 140
Trd, 4319157.393, 139
Trd, 4319157.693, 139
Trd, 4319158.543, 128
Trd, 4319160.993, 140
Trd, 4319162.343, 140
Trd, 4319162.493, 139
Trd, 4319162.543, 135
Trd, 4319163.243, 132
Trd, 4319164.593, 138
Trd, 4319164.943, 125
Trd, 4319165.743, 105
Trd, 4319165.843, 103
Trd, 4319166.093, 97
Trd, 4319167.243, 139
Trd, 4319167.293, 135
Trd, 4319170.993, 140
Trd, 4319171.643, 137
Trd, 4319172.293, 139
Trd, 4319172.743, 135
Trd, 4319173.443, 134
Trd, 4319173.843, 112
Trd, 4319174.293, 65
Trd, 4319175.493, 137
Trd, 4319176.743, 140
Trd, 4319177.843, 140
Trd, 4319178.143, 140
Trd, 4319178.493, 139
Trd, 4319179.493, 138
Trd, 4319181.043, 139
Trd, 4319182.743, 140
Trd, 4319183.143, 140
Trd, 4319183.193, 139
Trd, 4319184.643, 138
Trd, 4319184.693, 100
Trd, 4319184.793, 91
Trd, 4319186.893, 139
Trd, 4319187.693, 138
Trd, 4319188.443, 134
Trd, 4319188.643, 123
Trd, 4319190.293, 140
Trd, 4319190.993, 140
Trd, 4319193.293, 140
Trd, 4319193.393, 140
Trd, 4319193.793, 140
Trd, 4319195.643, 140
Trd, 4319196.093, 138
Trd, 4319197.443, 140
Trd, 4319201.893, 140
Trd, 4319201.993, 140
Trd, 4319202.243, 140
Trd, 4319202.593, 140
Trd, 4319203.143, 139
Trd, 4319203.593, 137
Trd, 4319204.043, 130
Trd, 4319204.543, 108
Trd, 4319205.893, 124
Trd, 4319206.343, 139
Trd, 4319206.493, 135
Trd, 4319207.393, 65
Trd, 4319207.843, 60
Trd, 4319210.143, 140
Trd, 4319211.593, 140
Trd, 4319212.793, 140
Trd, 4319213.293, 140
Trd, 4319213.543, 140
Trd, 4319214.393, 98
Trd, 4319215.143, 96
Trd, 4319215.193, 90
Trd, 4319215.793, 82
Trd, 4319216.243, 140
Trd, 4319216.593, 139
Trd, 4319216.743, 138
Trd, 4319217.643, 131
Trd, 4319219.243, 121
Trd, 4319219.543, 120
Trd, 4319221.293, 140
Trd, 4319221.343, 140
Trd, 4319221.943, 140
Trd, 4319222.543, 91
Trd, 4319223.643, 139
Trd, 4319224.343, 138
Trd, 4319224.643, 138
Trd, 4319225.193, 139
Trd, 4319226.493, 140
Trd, 4319226.793, 128
Trd, 4319228.143, 140
Trd, 4319228.543, 140
Trd, 4319228.693, 89
Trd, 4319230.193, 60
Trd, 4319231.093, 124
Trd, 4319231.693, 118
Trd, 4319231.843, 137
Trd, 4319232.143, 112
Trd, 4319235.243, 132
Trd, 4319236.093, 113
Trd, 4319236.193, 111
Trd, 4319236.543, 139
Trd, 4319237.093, 118
Trd, 4319237.693, 107
Trd, 4319238.393, 140
Trd, 4319238.543, 121
Trd, 4319239.993, 140
Trd, 4319240.243, 140
Trd, 4319240.493, 140
Trd, 4319240.843, 140
Trd, 4319241.493, 140
Trd, 4319242.193, 128
Trd, 4319242.943, 63
Trd, 4319244.543, 138
Trd, 4319245.243, 140
Trd, 4319245.393, 135
Trd, 4319245.943, 140
Trd, 4319245.993, 140
Trd, 4319246.193, 124
Trd, 4319246.993, 61
Trd, 4319247.393, 117
Trd, 4319248.843, 139
Trd, 4319249.193, 138
Trd, 4319251.193, 69
Trd, 4319251.543, 106
Trd, 4319252.593, 140
Trd, 4319253.443, 140
Trd, 4319254.243, 138
Trd, 4319255.943, 140
Trd, 4319256.393, 140
Trd, 4319256.643, 140
Trd, 4319256.693, 127
Trd, 4319257.643, 140
Trd, 4319257.893, 138
Trd, 4319258.943, 109
Trd, 4319259.693, 98
Trd, 4319260.543, 140
Trd, 4319260.843, 137
Trd, 4319260.893, 124
Trd, 4319261.493, 122
Trd, 4319262.143, 140
Trd, 4319262.793, 122
Trd, 4319263.443, 83
Trd, 4319264.443, 84
Trd, 4319265.743, 140
Trd, 4319266.593, 140
Trd, 4319267.143, 140
Trd, 4319267.843, 140
Trd, 4319267.893, 140
Trd, 4319268.443, 124
Trd, 4319268.793, 115
Trd, 4319269.393, 128
Trd, 4319269.593, 127
Trd, 4319269.943, 122
Trd, 4319271.193, 138
Trd, 4319271.893, 90
Trd, 4319273.743, 140
Trd, 4319274.243, 140
Trd, 4319275.193, 140
Trd, 4319275.443, 140
Trd, 4319275.793, 89
Trd, 4319276.443, 106
Trd, 4319277.243, 111
Trd, 4319278.243, 140
Trd, 4319279.043, 140
Trd, 4319280.493, 110
Trd, 4319281.043, 140
Trd, 4319281.343, 113
Trd, 4319282.693, 71
Trd, 4319282.943, 132
Trd, 4319284.043, 124
Trd, 4319284.393, 89
Trd, 4319285.993, 90
Trd, 4319286.393, 103
Trd, 4319286.943, 140
Trd, 4319286.993, 67
Trd, 4319288.643, 140
Trd, 4319289.343, 140
Trd, 4319289.793, 140
Trd, 4319290.443, 135
Trd, 4319290.843, 104
Trd, 4319291.693, 140
Trd, 4319293.693, 140
Trd, 4319293.843, 139
Trd, 4319295.043, 140
Trd, 4319295.143, 140
Trd, 4319295.643, 125
Trd, 4319296.293, 140
Trd, 4319296.743, 140
Trd, 4319298.343, 140
Trd, 4319299.343, 140
Trd, 4319299.743, 140
Trd, 4319300.443, 140
Trd, 4319301.443, 116
Trd, 4319301.843, 140
Trd, 4319302.743, 140
Trd, 4319303.943, 140
Trd, 4319304.343, 124
Trd, 4319304.393, 115
Trd, 4319305.743, 140
Trd, 4319306.093, 140
Trd, 4319306.943, 138
Trd, 4319307.643, 140
Trd, 4319308.493, 75
Trd, 4319309.643, 140
Trd, 4319310.193, 139
Trd, 4319311.593, 139
Trd, 4319311.893, 123
Trd, 4319312.793, 136
Trd, 4319313.843, 140
Trd, 4319314.143, 140
Trd, 4319315.143, 140
Trd, 4319315.193, 138
Trd, 4319315.893, 86
Trd, 4319316.443, 91
Trd, 4319319.443, 140
Trd, 4319319.593, 140
Trd, 4319320.293, 140
Trd, 4319320.793, 140
Trd, 4319321.193, 139
Trd, 4319321.343, 138
Trd, 4319323.443, 140
Trd, 4319323.843, 140
Trd, 4319324.093, 139
Trd, 4319324.543, 125
Trd, 4319325.493, 97
Trd, 4319326.643, 140
Trd, 4319328.193, 140
Trd, 4319328.443, 140
Trd, 4319328.843, 140
Trd, 4319329.143, 140
Trd, 4319329.643, 140
Trd, 4319330.243, 124
Trd, 4319331.593, 86
Trd, 4319333.143, 140
Trd, 4319333.293, 139
Trd, 4319334.443, 140
Trd, 4319336.743, 140
Trd, 4319337.043, 140
Trd, 4319337.443, 140
Trd, 4319337.493, 139
Trd, 4319338.143, 119
Trd, 4319338.343, 108
Trd, 4319338.493, 107
Trd, 4319339.343, 140
Trd, 4319340.693, 140
Trd, 4319341.593, 140
Trd, 4319341.743, 139
Trd, 4319342.443, 140
Trd, 4319343.043, 140
Trd, 4319343.093, 127
Trd, 4319343.543, 108
Trd, 4319344.943, 100
Trd, 4319346.943, 140
Trd, 4319347.043, 140
Trd, 4319347.593, 138
Trd, 4319348.443, 140
Trd, 4319348.743, 140
Trd, 4319348.843, 128
Trd, 4319350.093, 140
Trd, 4319350.693, 140
Trd, 4319352.143, 139
Trd, 4319352.243, 139
Trd, 4319354.743, 140
Trd, 4319354.993, 140
Trd, 4319355.893, 140
Trd, 4319356.993, 140
Trd, 4319358.743, 140
Trd, 4319359.043, 140
Trd, 4319359.343, 140
Trd, 4319359.593, 139
Trd, 4319361.293, 140
Trd, 4319361.943, 110
Trd, 4319362.243, 116
Trd, 4319362.743, 138
Trd, 4319364.193, 132
Trd, 4319365.143, 139
Trd, 4319365.393, 115
Trd, 4319366.493, 140
Trd, 4319366.643, 110
Trd, 4319367.993, 140
Trd, 4319369.293, 135
Trd, 4319369.343, 122
Trd, 4319371.143, 84
Trd, 4319371.493, 140
Trd, 4319372.193, 140
Trd, 4319373.143, 134
Trd, 4319374.743, 140
Trd, 4319374.943, 140
Trd, 4319375.293, 140
Trd, 4319375.343, 139
Trd, 4319375.943, 95
Trd, 4319377.193, 140
Trd, 4319378.393, 140
Trd, 4319379.143, 140
Trd, 4319379.343, 139
Trd, 4319380.193, 136
Trd, 4319382.893, 140
Trd, 4319383.193, 140
Trd, 4319383.593, 139
Trd, 4319383.743, 140
Trd, 4319384.493, 139
Trd, 4319385.143, 126
Trd, 4319385.393, 84
Trd, 4319387.093, 84
Trd, 4319387.393, 78
Trd, 4319387.943, 76
Trd, 4319389.193, 140
Trd, 4319389.493, 140
Trd, 4319390.193, 71
Trd, 4319390.343, 70
Trd, 4319391.443, 61
Trd, 4319393.143, 138
Trd, 4319393.893, 140
Trd, 4319394.293, 136
Trd, 4319394.743, 124
Trd, 4319395.193, 140
Trd, 4319395.893, 139
Trd, 4319396.193, 138
Trd, 4319396.793, 110
Trd, 4319397.293, 83
Trd, 4319399.793, 140
Trd, 4319399.843, 140
Trd, 4319400.643, 111
Trd, 4319401.793, 123
Trd, 4319401.893, 104
Trd, 4319401.993, 113
Trd, 4319402.693, 71
Trd, 4319403.643, 140
Trd, 4319405.043, 140
Trd, 4319405.393, 140
Trd, 4319406.543, 125
Trd, 4319407.893, 140
Trd, 4319408.043, 140
Trd, 4319408.243, 116
Trd, 4319408.993, 111
Trd, 4319409.193, 88
Trd, 4319409.693, 140
Trd, 4319412.393, 140
Trd, 4319413.343, 140
Trd, 4319413.593, 140
Trd, 4319413.693, 140
Trd, 4319414.243, 139
Trd, 4319414.593, 139
Trd, 4319414.943, 137
Trd, 4319415.793, 137
Trd, 4319415.843, 136
Trd, 4319418.693, 140
Trd, 4319418.743, 140
Trd, 4319418.893, 140
Trd, 4319420.893, 140
Trd, 4319421.043, 139
Trd, 4319422.443, 140
Trd, 4319423.243, 140
Trd, 4319423.743, 140
Trd, 4319424.943, 139
Trd, 4319425.193, 139
Trd, 4319425.543, 139
Trd, 4319426.043, 130
Trd, 4319426.143, 126
Trd, 4319426.493, 124
Trd, 4319426.943, 80
Trd, 4319427.393, 60
Trd, 4319427.743, 64
Trd, 4319428.393, 140
Trd, 4319430.243, 140
Trd, 4319430.493, 139
Trd, 4319430.993, 139
Trd, 4319431.143, 120
Trd, 4319431.993, 139
Trd, 4319432.193, 139
Trd, 4319432.393, 119
Trd, 4319433.043, 127
Trd, 4319436.393, 70
Trd, 4319437.393, 112
Trd, 4319437.693, 68
Trd, 4319438.243, 78
Trd, 4319439.143, 97
Trd, 4319439.643, 93
Trd, 4319440.093, 140
Trd, 4319441.443, 140
Trd, 4319441.493, 140
Trd, 4319442.393, 140
Trd, 4319442.643, 140
Trd, 4319443.693, 74
Trd, 4319444.393, 75
Trd, 4319446.293, 140
Trd, 4319446.743, 140
Trd, 4319447.093, 140
Trd, 4319447.843, 138
Trd, 4319448.343, 140
Trd, 4319449.293, 137
Trd, 4319449.793, 136
Trd, 4319451.593, 87
Trd, 4319452.393, 135
Trd, 4319453.693, 94
Trd, 4319453.793, 90
Trd, 4319454.393, 140
Trd, 4319456.043, 140
Trd, 4319457.593, 140
Trd, 4319458.193, 138
Trd, 4319459.243, 140
Trd, 4319460.143, 133
Trd, 4319460.593, 140
Trd, 4319460.993, 140
Trd, 4319463.293, 140
Trd, 4319463.893, 140
Trd, 4319464.543, 140
Trd, 4319464.693, 139
Trd, 4319464.993, 139
Trd, 4319465.293, 138
Trd, 4319466.543, 97
Trd, 4319466.593, 89
Trd, 4319468.143, 140
Trd, 4319468.443, 140
Trd, 4319469.043, 140
Trd, 4319469.093, 83
Trd, 4319470.443, 139
Trd, 4319471.843, 140
Trd, 4319472.393, 140
Trd, 4319472.943, 140
Trd, 4319474.043, 139
Trd, 4319475.193, 140
Trd, 4319476.193, 140
Trd, 4319476.543, 138
Trd, 4319477.093, 109
Trd, 4319478.043, 109
Trd, 4319478.693, 138
Trd, 4319479.493, 140
Trd, 4319480.543, 139
Trd, 4319481.643, 138
Trd, 4319481.843, 136
Trd, 4319484.293, 92
Trd, 4319484.343, 85
Trd, 4319484.593, 80
Trd, 4319484.943, 124
Trd, 4319487.993, 140
Trd, 4319489.693, 140
Trd, 4319490.443, 140
Trd, 4319491.843, 140
Trd, 4319492.043, 140
Trd, 4319492.293, 139
Trd, 4319492.443, 138
Trd, 4319493.043, 122
Trd, 4319493.643, 139
Trd, 4319494.743, 116
Trd, 4319495.943, 140
Trd, 4319496.043, 125
Trd, 4319496.943, 140
Trd, 4319497.943, 139
Trd, 4319499.443, 128
Trd, 4319499.993, 128
Trd, 4319500.143, 140
Trd, 4319500.793, 126
Trd, 4319501.943, 140
Trd, 4319502.193, 123
Trd, 4319502.593, 109
Trd, 4319503.043, 98
Trd, 4319504.243, 140
Trd, 4319504.493, 116
Trd, 4319505.993, 140
Trd, 4319506.893, 88
Trd, 4319506.943, 83
Trd, 4319507.893, 139
Trd, 4319508.593, 140
Trd, 4319508.943, 139
Trd, 4319509.593, 137
Trd, 4319510.043, 124
Trd, 4319510.143, 123
Trd, 4319510.543, 140
Trd, 4319515.593, 140
Trd, 4319516.393, 140
Trd, 4319516.443, 140
Trd, 4319517.293, 140
Trd, 4319517.443, 140
Trd, 4319517.743, 134
Trd, 4319518.243, 124
Trd, 4319518.393, 126
Trd, 4319519.793, 63
Trd, 4319519.943, 113
Trd, 4319522.543, 140
Trd, 4319522.993, 139
Trd, 4319523.293, 139
Trd, 4319523.943, 126
Trd, 4319524.693, 139
Trd, 4319525.443, 138
Trd, 4319525.993, 140
Trd, 4319527.493, 138
Trd, 4319528.643, 140
Trd, 4319528.693, 139
Trd, 4319528.793, 136
Trd, 4319530.093, 137
Trd, 4319530.143, 136
Trd, 4319534.893, 140
Trd, 4319535.093, 140
Trd, 4319536.643, 140
Trd, 4319537.043, 140
Trd, 4319537.293, 139
Trd, 4319538.093, 140
Trd, 4319538.643, 140
Trd, 4319539.343, 139
Trd, 4319539.693, 86
Trd, 4319539.843, 99
Trd, 4319540.743, 88
Trd, 4319540.893, 98
Trd, 4319543.293, 135
Trd, 4319543.793, 140
Trd, 4319544.893, 137
Trd, 4319546.293, 129
Trd, 4319547.193, 140
Trd, 4319548.443, 121
Trd, 4319548.943, 104
Trd, 4319549.143, 139
Trd, 4319549.993, 88
Trd, 4319551.493, 139
Trd, 4319552.093, 140
Trd, 4319552.693, 139
Trd, 4319552.743, 118
Trd, 4319553.493, 140
Trd, 4319554.743, 140
Trd, 4319556.043, 140
Trd, 4319556.743, 137
Trd, 4319556.893, 139
Trd, 4319557.393, 136
Trd, 4319557.493, 136
Trd, 4319558.443, 139
Trd, 4319559.093, 113
Trd, 4319560.943, 140
Trd, 4319561.543, 140
Trd, 4319562.443, 140
Trd, 4319562.743, 140
Trd, 4319562.993, 110
Trd, 4319564.193, 140
Trd, 4319565.743, 140
Trd, 4319566.693, 140
Trd, 4319567.243, 136
Trd, 4319567.443, 136
Trd, 4319568.093, 140
Trd, 4319568.993, 140
Trd, 4319569.943, 140
Trd, 4319570.943, 140
Trd, 4319571.293, 140
Trd, 4319572.043, 140
Trd, 4319572.093, 130
Trd, 4319572.493, 140
Trd, 4319572.543, 86
Trd, 4319574.843, 65
Trd, 4319575.043, 69
Trd, 4319575.293, 125
Trd, 4319576.093, 95
Trd, 4319576.293, 109
Trd, 4319577.893, 140
Trd, 4319578.193, 140
Trd, 4319579.343, 140
Trd, 4319579.643, 140
Trd, 4319580.693, 117
Trd, 4319580.843, 88
Trd, 4319581.843, 140
Trd, 4319582.843, 140
Trd, 4319583.543, 140
Trd, 4319583.693, 140
Trd, 4319584.543, 140
Trd, 4319585.043, 125
Trd, 4319585.443, 62
Trd, 4319586.143, 110
Trd, 4319586.293, 78
Trd, 4319586.743, 103
Trd, 4319589.293, 105
Trd, 4319589.993, 126
Trd, 4319590.143, 74
Trd, 4319590.943, 71
Trd, 4319591.043, 123
Trd, 4319591.143, 69
Trd, 4319592.443, 129
Trd, 4319593.343, 95
Trd, 4319593.743, 124
Trd, 4319594.543, 95
Trd, 4319595.693, 138
Trd, 4319595.793, 101
Trd, 4319596.593, 89
Trd, 4319596.793, 71
Trd, 4319597.643, 75
Trd, 4319598.243, 138
Trd, 4319598.743, 136
Trd, 4319599.193, 63
Trd, 4319601.093, 140
Trd, 4319601.293, 121
Trd, 4319601.693, 70
Trd, 4319603.393, 138
Trd, 4319605.443, 127
Trd, 4319605.943, 140
Trd, 4319607.893, 140
Trd, 4319608.243, 140
Trd, 4319608.943, 140
Trd, 4319609.393, 138
Trd, 4319610.693, 100
Trd, 4319611.293, 63
Trd, 4319611.843, 140
Trd, 4319611.893, 138
Trd, 4319612.593, 81
Trd, 4319613.043, 62
Trd, 4319613.243, 127
Trd, 4319613.743, 140
Trd, 4319614.193, 139
Trd, 4319614.543, 126
Trd, 4319615.143, 107
Trd, 4319615.793, 103
Trd, 4319617.393, 140
Trd, 4319617.993, 140
Trd, 4319618.493, 125
Trd, 4319619.443, 117
Trd, 4319620.293, 116
Trd, 4319622.343, 140
Trd, 4319625.593, 140
Trd, 4319626.943, 140
Trd, 4319627.643, 140
Trd, 4319627.943, 140
Trd, 4319628.143, 140
Trd, 4319628.343, 140
Trd, 4319628.893, 139
Trd, 4319629.693, 140
Trd, 4319630.093, 140
Trd, 4319630.393, 138
Trd, 4319630.543, 81
Trd, 4319632.543, 105
Trd, 4319632.793, 94
Trd, 4319633.893, 137
Trd, 4319633.993, 136
Trd, 4319634.143, 122
Trd, 4319635.893, 140
Trd, 4319636.493, 140
Trd, 4319639.643, 140
Trd, 4319639.693, 140
Trd, 4319639.843, 140
Trd, 4319641.843, 115
Trd, 4319642.143, 140
Trd, 4319643.743, 100
Trd, 4319644.143, 122
Trd, 4319644.243, 61
Trd, 4319644.443, 136
Trd, 4319645.143, 140
Trd, 4319645.193, 140
Trd, 4319646.643, 81
Trd, 4319647.843, 140
Trd, 4319648.993, 140
Trd, 4319650.143, 140
Trd, 4319650.543, 140
Trd, 4319650.943, 140
Trd, 4319651.793, 140
Trd, 4319652.093, 140
Trd, 4319652.893, 140
Trd, 4319653.743, 140
Trd, 4319654.443, 140
Trd, 4319655.593, 140
Trd, 4319655.693, 139
Trd, 4319655.893, 139
Trd, 4319656.093, 139
Trd, 4319657.893, 140
Trd, 4319659.293, 140
Trd, 4319659.393, 139
Trd, 4319660.493, 139
Trd, 4319662.393, 140
Trd, 4319663.943, 140
Trd, 4319664.093, 140
Trd, 4319664.443, 140
Trd, 4319665.143, 140
Trd, 4319665.793, 140
Trd, 4319667.693, 140
Trd, 4319668.893, 130
Trd, 4319668.993, 129
Trd, 4319669.243, 137
Trd, 4319670.743, 140
Trd, 4319671.693, 140
Trd, 4319672.393, 140
Trd, 4319673.593, 140
Trd, 4319674.143, 140
Trd, 4319674.693, 124
Trd, 4319675.393, 140
Trd, 4319675.543, 139
Trd, 4319675.843, 130
Trd, 4319678.093, 140
Trd, 4319678.343, 140
Trd, 4319678.593, 138
Trd, 4319679.043, 88
Trd, 4319680.293, 116
Trd, 4319680.693, 139
Trd, 4319681.343, 119
Trd, 4319682.143, 140
Trd, 4319682.743, 140
Trd, 4319682.943, 124
Trd, 4319684.293, 101
Trd, 4319684.943, 107
Trd, 4319685.943, 60
Trd, 4319687.443, 140
Trd, 4319688.043, 140
Trd, 4319689.493, 140
Trd, 4319690.093, 140
Trd, 4319690.743, 140
Trd, 4319691.043, 140
Trd, 4319691.143, 139
Trd, 4319691.243, 124
Trd, 4319692.193, 113
Trd, 4319693.243, 140
Trd, 4319693.393, 140
Trd, 4319696.493, 140
Trd, 4319696.593, 140
Trd, 4319697.593, 140
Trd, 4319697.993, 140
Trd, 4319698.143, 140
Trd, 4319698.543, 124
Trd, 4319699.293, 140
Trd, 4319699.743, 88
Trd, 4319700.593, 126
Trd, 4319701.093, 137
Trd, 4319701.843, 136
Trd, 4319702.143, 112
Trd, 4319702.693, 140
Trd, 4319704.493, 140
Trd, 4319705.993, 140
Trd, 4319706.343, 139
Trd, 4319706.893, 138
Trd, 4319707.643, 140
Trd, 4319709.043, 139
Trd, 4319709.443, 121
Trd, 4319709.643, 105
Trd, 4319711.393, 69
Trd, 4319711.543, 69
Trd, 4319711.793, 98
Trd, 4319712.443, 63
Trd, 4319713.443, 73
Trd, 4319713.693, 95
Trd, 4319715.443, 63
Trd, 4319715.643, 60
Trd, 4319715.943, 139
Trd, 4319717.043, 121
Trd, 4319718.293, 71
Trd, 4319719.043, 137
Trd, 4319719.843, 96
Trd, 4319723.143, 140
Trd, 4319723.893, 140
Trd, 4319723.943, 140
Trd, 4319724.043, 139
Trd, 4319724.093, 129
Trd, 4319725.393, 139
Trd, 4319725.593, 139
Trd, 4319726.143, 138
Trd, 4319727.243, 125
Trd, 4319728.343, 140
Trd, 4319729.943, 140
Trd, 4319730.193, 140
Trd, 4319732.193, 140
Trd, 4319732.543, 140
Trd, 4319732.743, 139
Trd, 4319732.793, 139
Trd, 4319733.493, 140
Trd, 4319734.143, 140
Trd, 4319734.943, 140
Trd, 4319735.843, 125
Trd, 4319735.943, 117
Trd, 4319736.493, 134
Trd, 4319737.093, 109
Trd, 4319738.743, 139
Trd, 4319739.393, 119
Trd, 4319739.593, 118
Trd, 4319739.693, 135
Trd, 4319740.193, 107
Trd, 4319741.593, 140
Trd, 4319742.143, 139
Trd, 4319743.643, 140
Trd, 4319744.393, 140
Trd, 4319745.243, 140
Trd, 4319746.193, 140
Trd, 4319746.793, 140
Trd, 4319747.293, 137
Trd, 4319747.543, 103
Trd, 4319747.693, 89
Trd, 4319748.893, 126
Trd, 4319749.193, 116
Trd, 4319749.243, 109
Trd, 4319749.793, 140
Trd, 4319750.193, 140
Trd, 4319750.393, 118
Trd, 4319752.993, 139
Trd, 4319753.193, 140
Trd, 4319753.893, 136
Trd, 4319755.293, 140
Trd, 4319755.343, 139
Trd, 4319755.443, 123
Trd, 4319755.643, 122
Trd, 4319756.443, 68
Trd, 4319757.393, 76
Trd, 4319757.493, 138
Trd, 4319758.243, 140
Trd, 4319759.043, 139
Trd, 4319760.393, 138
Trd, 4319762.093, 140
Trd, 4319762.193, 140
Trd, 4319762.293, 110
Trd, 4319763.443, 68
Trd, 4319764.643, 124
Trd, 4319765.543, 76
Trd, 4319765.843, 60
Trd, 4319765.943, 64
Trd, 4319766.093, 116
Trd, 4319767.293, 140
Trd, 4319767.393, 138
Trd, 4319770.093, 140
Trd, 4319770.493, 140
Trd, 4319771.443, 140
Trd, 4319772.043, 139
Trd, 4319773.393, 140
Trd, 4319773.943, 140
Trd, 4319774.643, 138
Trd, 4319775.643, 99
Trd, 4319775.743, 90
Trd, 4319776.043, 139
Trd, 4319776.943, 63
Trd, 4319778.643, 140
Trd, 4319779.143, 138
Trd, 4319780.093, 139
Trd, 4319780.493, 140
Trd, 4319782.243, 140
Trd, 4319782.893, 139
Trd, 4319783.393, 140
Trd, 4319783.493, 124
Trd, 4319783.743, 105
Trd, 4319784.343, 95
Trd, 4319785.993, 86
Trd, 4319786.043, 77
Trd, 4319786.443, 90
Trd, 4319788.393, 140
Trd, 4319788.793, 76
Trd, 4319789.893, 139
Trd, 4319790.093, 138
Trd, 4319791.643, 140
Trd, 4319791.743, 123
Trd, 4319792.543, 101
Trd, 4319793.593, 138
Trd, 4319793.993, 116
Trd, 4319794.043, 115
Trd, 4319794.993, 140
Trd, 4319795.793, 140
Trd, 4319797.343, 140
Trd, 4319798.643, 140
Trd, 4319799.093, 140
Trd, 4319799.593, 139
Trd, 4319799.643, 123
Trd, 4319800.443, 95
Trd, 4319801.693, 140
Trd, 4319801.793, 81
Trd, 4319804.143, 118
Trd, 4319805.743, 140
Trd, 4319806.393, 140
Trd, 4319806.843, 138
Trd, 4319807.593, 124
Trd, 4319808.743, 140
Trd, 4319808.943, 91
Trd, 4319809.143, 90
Trd, 4319810.293, 140
Trd, 4319811.493, 140
Trd, 4319812.143, 140
Trd, 4319813.093, 140
Trd, 4319813.193, 139
Trd, 4319813.793, 124
Trd, 4319814.493, 114
Trd, 4319815.243, 97
Trd, 4319815.943, 69
Trd, 4319817.393, 140
Trd, 4319817.743, 140
Trd, 4319818.443, 140
Trd, 4319819.893, 140
Trd, 4319820.393, 125
Trd, 4319820.943, 101
Trd, 4319822.943, 81
Trd, 4319824.493, 140
Trd, 4319824.593, 139
Trd, 4319824.843, 140
Trd, 4319825.843, 138
Trd, 4319826.643, 75
Trd, 4319827.193, 65
Trd, 4319827.343, 79
Trd, 4319828.143, 90
Trd, 4319828.943, 140
Trd, 4319830.743, 90
Trd, 4319830.993, 137
Trd, 4319831.543, 125
Trd, 4319831.893, 77
Trd, 4319832.343, 89
Trd, 4319833.093, 140
Trd, 4319833.243, 140
Trd, 4319833.293, 140
Trd, 4319834.943, 140
Trd, 4319835.193, 103
Trd, 4319835.343, 97
Trd, 4319837.293, 89
Trd, 4319837.493, 83
Trd, 4319837.893, 66
Trd, 4319839.043, 140
Trd, 4319840.593, 140
Trd, 4319840.893, 135
Trd, 4319842.543, 140
Trd, 4319842.693, 137
Trd, 4319843.193, 136
Trd, 4319843.493, 124
Trd, 4319844.043, 84
Trd, 4319844.843, 61
Trd, 4319846.293, 60
Trd, 4319846.343, 69
Trd, 4319846.693, 62
Trd, 4319847.493, 101
Trd, 4319847.993, 94
Trd, 4319848.443, 64
Trd, 4319849.543, 140
Trd, 4319850.943, 140
Trd, 4319851.443, 139
Trd, 4319851.643, 139
Trd, 4319851.843, 127
Trd, 4319852.993, 69
Trd, 4319854.043, 102
Trd, 4319855.443, 140
Trd, 4319856.243, 139
Trd, 4319857.193, 125
Trd, 4319857.643, 97
Trd, 4319859.043, 139
Trd, 4319859.093, 139
Trd, 4319859.143, 125
Trd, 4319859.493, 113
Trd, 4319860.043, 97
Trd, 4319860.943, 88
Trd, 4319862.593, 140
Trd, 4319862.993, 140
Trd, 4319863.443, 139
Trd, 4319863.693, 124
Trd, 4319863.743, 124
Trd, 4319864.243, 140
Trd, 4319865.243, 139
Trd, 4319866.243, 140
Trd, 4319867.843, 140
Trd, 4319867.993, 138
Trd, 4319869.743, 140
Trd, 4319869.943, 140
Trd, 4319869.993, 124
Trd, 4319872.243, 140
Trd, 4319872.743, 140
Trd, 4319873.393, 140
Trd, 4319873.843, 136
Trd, 4319875.093, 117
Trd, 4319876.093, 138
Trd, 4319878.093, 140
Trd, 4319878.293, 135
Trd, 4319878.693, 140
Trd, 4319878.743, 134
Trd, 4319880.493, 96
Trd, 4319882.093, 140
Trd, 4319883.993, 140
Trd, 4319884.943, 140
Trd, 4319885.243, 136
Trd, 4319885.493, 140
Trd, 4319886.943, 139
Trd, 4319887.093, 127
Trd, 4319887.143, 98
Trd, 4319888.393, 140
Trd, 4319889.193, 140
Trd, 4319890.193, 139
Trd, 4319891.743, 140
Trd, 4319892.543, 140
Trd, 4319895.093, 140
Trd, 4319895.443, 140
Trd, 4319896.843, 140
Trd, 4319897.293, 140
Trd, 4319897.493, 140
Trd, 4319897.793, 140
Trd, 4319897.993, 138
Trd, 4319898.443, 136
Trd, 4319899.093, 140
Trd, 4319900.543, 74
Trd, 4319901.743, 134
Trd, 4319903.343, 140
Trd, 4319903.743, 139
Trd, 4319904.193, 140
Trd, 4319904.643, 140
Trd, 4319904.743, 105
Trd, 4319905.493, 139
Trd, 4319906.093, 108
Trd, 4319907.843, 140
Trd, 4319908.893, 140
Trd, 4319909.243, 140
Trd, 4319909.343, 139
Trd, 4319910.693, 100
Trd, 4319910.993, 112
Trd, 4319911.143, 85
Trd, 4319911.643, 83
Trd, 4319912.943, 139
Trd, 4319913.493, 140
Trd, 4319913.643, 122
Trd, 4319914.743, 140
Trd, 4319916.443, 118
Trd, 4319917.193, 140
Trd, 4319917.343, 73
Trd, 4319918.543, 140
Trd, 4319921.143, 140
Trd, 4319922.293, 140
Trd, 4319922.443, 140
Trd, 4319923.243, 139
Trd, 4319923.593, 138
Trd, 4319923.743, 127
Trd, 4319924.693, 114
Trd, 4319924.793, 113
Trd, 4319925.143, 69
Trd, 4319926.943, 140
Trd, 4319927.293, 140
Trd, 4319927.793, 140
Trd, 4319927.843, 93
Trd, 4319928.343, 90
Trd, 4319928.993, 110
Trd, 4319930.293, 63
Trd, 4319931.443, 139
Trd, 4319931.743, 84
Trd, 4319931.793, 77
Trd, 4319932.443, 140
Trd, 4319935.443, 140
Trd, 4319935.543, 140
Trd, 4319936.593, 140
Trd, 4319936.893, 140
Trd, 4319936.943, 124
Trd, 4319937.643, 140
Trd, 4319937.893, 138
Trd, 4319938.643, 140
Trd, 4319939.443, 140
Trd, 4319939.543, 70
Trd, 4319940.593, 137
Trd, 4319940.943, 136
Trd, 4319942.893, 140
Trd, 4319943.043, 139
Trd, 4319945.993, 140
Trd, 4319946.643, 140
Trd, 4319947.993, 140
Trd, 4319948.143, 140
Trd, 4319948.993, 137
Trd, 4319949.093, 135
Trd, 4319949.393, 129
Trd, 4319950.293, 118
Trd, 4319950.793, 139
Trd, 4319950.843, 130
Trd, 4319952.443, 89
Trd, 4319952.743, 138
Trd, 4319953.843, 98
Trd, 4319954.593, 137
Trd, 4319954.893, 140
Trd, 4319955.443, 140
Trd, 4319956.343, 140
Trd, 4319957.143, 140
Trd, 4319957.493, 140
Trd, 4319958.143, 138
Trd, 4319958.793, 140
Trd, 4319960.943, 98
Trd, 4319961.043, 140
Trd, 4319961.843, 119
Trd, 4319962.343, 79
Trd, 4319962.793, 140
Trd, 4319963.993, 138
Trd, 4319964.243, 135
Trd, 4319964.393, 115
Trd, 4319965.643, 85
Trd, 4319965.843, 73
Trd, 4319966.243, 68
Trd, 4319966.293, 81
Trd, 4319966.343, 93
Trd, 4319969.293, 140
Trd, 4319969.943, 140
Trd, 4319970.393, 140
Trd, 4319973.443, 140
Trd, 4319973.593, 140
Trd, 4319973.793, 139
Trd, 4319974.543, 138
Trd, 4319974.693, 137
Trd, 4319975.743, 140
Trd, 4319975.843, 140
Trd, 4319976.493, 139
Trd, 4319976.793, 123
Trd, 4319977.393, 115
Trd, 4319978.543, 83
Trd, 4319979.293, 92
Trd, 4319980.043, 140
Trd, 4319980.543, 87
Trd, 4319981.993, 140
Trd, 4319982.743, 98
Trd, 4319983.993, 110
Trd, 4319985.393, 139
Trd, 4319985.643, 139
Trd, 4319985.993, 139
Trd, 4319986.193, 138
Trd, 4319987.193, 136
Trd, 4319988.843, 140
Trd, 4319992.043, 139
Trd, 4319992.243, 140
Trd, 4319992.293, 139
Trd, 4319994.343, 140
Trd, 4319994.443, 137
Trd, 4319996.843, 138
Trd, 4319996.993, 125
Trd, 4319997.093, 109
Trd, 4319998.443, 140
Trd, 4319999.493, 140
Trd, 4319999.943, 140
