Trd, 4318131.893, 68
Trd, 4318133.293, 135
Trd, 4318133.693, 83
Trd, 4318133.943, 78
Trd, 4318134.693, 117
Trd, 4318136.093, 101
Trd, 4318138.593, 132
Trd, 4318138.843, 114
Trd, 4318138.943, 100
Trd, 4318139.143, 125
Trd, 4318139.193, 106
Trd, 4318139.293, 86
Trd, 4318140.093, 87
Trd, 4318141.693, 100
Trd, 4318142.243, 96
Trd, 4318142.843, 78
Trd, 4318143.343, 115
Trd, 4318143.543, 109
Trd, 4318145.443, 132
Trd, 4318146.443, 115
Trd, 4318147.393, 130
Trd, 4318148.593, 121
Trd, 4318148.943, 120
Trd, 4318149.043, 104
Trd, 4318149.343, 103
Trd, 4318150.793, 106
Trd, 4318151.493, 89
Trd, 4318152.343, 108
Trd, 4318152.693, 110
Trd, 4318153.143, 106
Trd, 4318153.193, 86
Trd, 4318153.493, 91
Trd, 4318154.093, 128
Trd, 4318155.393, 124
Trd, 4318155.543, 115
Trd, 4318156.293, 103
Trd, 4318157.243, 102
Trd, 4318157.743, 138
Trd, 4318157.793, 93
Trd, 4318158.443, 119
Trd, 4318158.543, 103
Trd, 4318159.993, 115
Trd, 4318160.043, 125
Trd, 4318160.293, 140
Trd, 4318160.843, 108
Trd, 4318161.493, 100
Trd, 4318162.293, 115
Trd, 4318163.043, 85
Trd, 4318164.793, 135
Trd, 4318165.393, 82
Trd, 4318165.843, 87
Trd, 4318166.843, 75
Trd, 4318167.243, 92
Trd, 4318167.593, 120
Trd, 4318168.793, 75
Trd, 4318169.043, 105
Trd, 4318169.093, 87
Trd, 4318170.293, 124
Trd, 4318170.493, 96
Trd, 4318171.643, 97
Trd, 4318172.443, 70
Trd, 4318172.793, 68
Trd, 4318173.193, 76
Trd, 4318174.043, 66
Trd, 4318174.343, 135
Trd, 4318174.843, 97
Trd, 4318175.543, 136
Trd, 4318176.143, 81
Trd, 4318179.893, 116
Trd, 4318180.093, 92
Trd, 4318180.493, 104
Trd, 4318180.643, 92
Trd, 4318180.743, 70
Trd, 4318181.143, 116
Trd, 4318181.993, 115
Trd, 4318183.293, 94
Trd, 4318183.743, 90
Trd, 4318184.043, 71
Trd, 4318184.643, 63
Trd, 4318184.893, 116
Trd, 4318185.943, 61
Trd, 4318186.943, 129
Trd, 4318188.143, 117
Trd, 4318188.643, 112
Trd, 4318188.943, 71
Trd, 4318190.193, 115
Trd, 4318190.643, 130
Trd, 4318191.943, 128
Trd, 4318192.593, 127
Trd, 4318192.793, 116
Trd, 4318193.893, 86
Trd, 4318194.093, 88
Trd, 4318195.043, 112
Trd, 4318195.243, 116
Trd, 4318195.443, 109
Trd, 4318196.243, 130
Trd, 4318197.043, 93
Trd, 4318198.143, 132
Trd, 4318199.843, 129
Trd, 4318200.343, 113
Trd, 4318200.593, 88
Trd, 4318201.193, 117
Trd, 4318201.343, 113
Trd, 4318202.493, 105
Trd, 4318202.693, 102
Trd, 4318203.543, 86
Trd, 4318204.193, 127
Trd, 4318204.593, 117
Trd, 4318205.793, 102
Trd, 4318206.593, 119
Trd, 4318206.643, 110
Trd, 4318207.343, 138
Trd, 4318207.643, 136
Trd, 4318208.343, 73
Trd, 4318208.743, 69
Trd, 4318209.943, 67
Trd, 4318210.343, 131
Trd, 4318211.693, 116
Trd, 4318211.993, 82
Trd, 4318213.043, 122
Trd, 4318213.293, 111
Trd, 4318213.793, 131
Trd, 4318213.843, 120
Trd, 4318215.243, 114
Trd, 4318215.443, 109
Trd, 4318215.793, 122
Trd, 4318216.843, 112
Trd, 4318218.393, 106
Trd, 4318218.693, 94
Trd, 4318219.143, 79
Trd, 4318219.243, 83
Trd, 4318220.543, 118
Trd, 4318221.093, 81
Trd, 4318222.093, 113
Trd, 4318222.343, 140
Trd, 4318223.093, 121
Trd, 4318223.393, 93
Trd, 4318225.393, 123
Trd, 4318226.143, 111
Trd, 4318226.793, 108
Trd, 4318227.193, 108
Trd, 4318227.643, 101
Trd, 4318227.993, 115
Trd, 4318228.093, 98
Trd, 4318229.993, 130
Trd, 4318230.393, 127
Trd, 4318231.243, 116
Trd, 4318231.543, 73
Trd, 4318232.343, 135
Trd, 4318233.143, 74
Trd, 4318233.693, 71
Trd, 4318233.993, 73
Trd, 4318234.393, 78
Trd, 4318235.943, 104
Trd, 4318237.093, 107
Trd, 4318237.543, 101
Trd, 4318238.093, 122
Trd, 4318238.193, 89
Trd, 4318239.043, 84
Trd, 4318239.443, 68
Trd, 4318241.493, 138
Trd, 4318241.793, 133
Trd, 4318243.343, 139
Trd, 4318243.443, 134
Trd, 4318243.543, 118
Trd, 4318244.343, 131
Trd, 4318245.093, 117
Trd, 4318245.243, 116
Trd, 4318245.943, 96
Trd, 4318247.743, 119
Trd, 4318248.793, 125
Trd, 4318248.893, 109
Trd, 4318249.243, 107
Trd, 4318250.743, 140
Trd, 4318252.343, 129
Trd, 4318252.643, 129
Trd, 4318253.043, 116
Trd, 4318253.443, 125
Trd, 4318254.893, 125
Trd, 4318255.093, 118
Trd, 4318255.743, 110
Trd, 4318256.043, 130
Trd, 4318256.793, 120
Trd, 4318258.343, 99
Trd, 4318258.693, 135
Trd, 4318259.393, 117
Trd, 4318260.343, 133
Trd, 4318260.593, 109
Trd, 4318261.343, 117
Trd, 4318261.743, 120
Trd, 4318262.193, 132
Trd, 4318262.293, 114
Trd, 4318262.893, 78
Trd, 4318263.943, 127
Trd, 4318265.143, 129
Trd, 4318265.743, 107
Trd, 4318265.993, 115
Trd, 4318266.493, 103
Trd, 4318266.893, 120
Trd, 4318268.093, 135
Trd, 4318268.943, 125
Trd, 4318269.143, 132
Trd, 4318271.593, 90
Trd, 4318272.343, 105
Trd, 4318272.493, 112
Trd, 4318273.343, 133
Trd, 4318273.493, 118
Trd, 4318273.593, 115
Trd, 4318274.343, 110
Trd, 4318274.643, 105
Trd, 4318275.593, 99
Trd, 4318275.893, 85
Trd, 4318276.743, 120
Trd, 4318276.993, 133
Trd, 4318278.243, 131
Trd, 4318278.843, 133
Trd, 4318279.143, 111
Trd, 4318279.693, 94
Trd, 4318280.993, 64
Trd, 4318281.543, 95
Trd, 4318282.943, 138
Trd, 4318283.643, 75
Trd, 4318284.493, 125
Trd, 4318285.693, 77
Trd, 4318286.043, 66
Trd, 4318286.543, 109
Trd, 4318286.893, 111
Trd, 4318287.243, 102
Trd, 4318287.893, 131
Trd, 4318288.593, 122
Trd, 4318289.993, 65
Trd, 4318290.693, 138
Trd, 4318290.743, 122
Trd, 4318291.093, 114
Trd, 4318291.493, 139
Trd, 4318293.343, 96
Trd, 4318293.943, 97
Trd, 4318296.443, 139
Trd, 4318296.493, 137
Trd, 4318296.793, 120
Trd, 4318297.093, 115
Trd, 4318297.793, 105
Trd, 4318297.943, 104
Trd, 4318298.443, 117
Trd, 4318299.993, 136
Trd, 4318300.593, 72
Trd, 4318301.593, 75
Trd, 4318301.943, 66
Trd, 4318302.243, 81
Trd, 4318302.843, 103
Trd, 4318303.093, 90
Trd, 4318304.893, 87
Trd, 4318305.343, 111
Trd, 4318305.593, 95
Trd, 4318305.893, 124
Trd, 4318306.893, 84
Trd, 4318308.743, 84
Trd, 4318308.993, 81
Trd, 4318309.443, 110
Trd, 4318310.493, 110
Trd, 4318310.993, 97
Trd, 4318311.943, 134
Trd, 4318312.193, 96
Trd, 4318312.593, 110
Trd, 4318313.843, 94
Trd, 4318315.243, 124
Trd, 4318315.293, 114
Trd, 4318316.643, 102
Trd, 4318317.243, 105
Trd, 4318317.893, 77
Trd, 4318318.493, 73
Trd, 4318319.393, 87
Trd, 4318319.693, 100
Trd, 4318319.893, 89
Trd, 4318321.443, 64
Trd, 4318321.593, 133
Trd, 4318322.593, 101
Trd, 4318323.943, 90
Trd, 4318324.443, 96
Trd, 4318324.643, 89
Trd, 4318324.993, 82
Trd, 4318326.243, 102
Trd, 4318327.193, 89
Trd, 4318327.393, 121
Trd, 4318328.693, 81
Trd, 4318328.893, 63
Trd, 4318329.693, 100
Trd, 4318331.043, 87
Trd, 4318331.193, 90
Trd, 4318331.693, 87
Trd, 4318331.943, 95
Trd, 4318332.593, 83
Trd, 4318333.943, 120
Trd, 4318334.843, 116
Trd, 4318335.843, 72
Trd, 4318336.143, 60
Trd, 4318337.143, 75
Trd, 4318338.243, 137
Trd, 4318338.693, 115
Trd, 4318339.143, 118
Trd, 4318340.393, 112
Trd, 4318342.093, 126
Trd, 4318343.443, 129
Trd, 4318343.543, 113
Trd, 4318343.643, 88
Trd, 4318343.843, 95
Trd, 4318344.293, 121
Trd, 4318344.343, 97
Trd, 4318345.193, 117
Trd, 4318345.893, 69
Trd, 4318346.893, 79
Trd, 4318347.893, 94
Trd, 4318349.043, 106
Trd, 4318349.143, 91
Trd, 4318349.593, 73
Trd, 4318350.543, 100
Trd, 4318350.993, 87
Trd, 4318352.543, 118
Trd, 4318352.643, 109
Trd, 4318352.893, 85
Trd, 4318353.343, 123
Trd, 4318353.993, 92
Trd, 4318355.993, 124
Trd, 4318356.593, 95
Trd, 4318356.843, 97
Trd, 4318357.193, 89
Trd, 4318357.243, 82
Trd, 4318358.193, 62
Trd, 4318358.943, 89
Trd, 4318360.393, 82
Trd, 4318361.243, 74
Trd, 4318361.693, 62
Trd, 4318361.993, 112
Trd, 4318363.293, 88
Trd, 4318363.943, 115
Trd, 4318364.393, 128
Trd, 4318365.043, 106
Trd, 4318365.743, 105
Trd, 4318365.943, 115
Trd, 4318366.393, 95
Trd, 4318366.993, 129
Trd, 4318367.293, 83
Trd, 4318368.893, 114
Trd, 4318369.793, 88
Trd, 4318370.043, 106
Trd, 4318370.543, 135
Trd, 4318371.393, 140
Trd, 4318371.693, 86
Trd, 4318374.143, 93
Trd, 4318374.643, 128
Trd, 4318374.993, 139
Trd, 4318375.393, 107
Trd, 4318375.893, 82
Trd, 4318376.143, 72
Trd, 4318377.243, 131
Trd, 4318377.593, 140
Trd, 4318379.743, 118
Trd, 4318381.293, 118
Trd, 4318381.643, 113
Trd, 4318382.493, 89
Trd, 4318382.843, 122
Trd, 4318383.193, 113
Trd, 4318383.343, 109
Trd, 4318384.143, 85
Trd, 4318384.693, 88
Trd, 4318385.243, 98
Trd, 4318385.893, 134
Trd, 4318386.243, 84
Trd, 4318387.543, 64
Trd, 4318387.693, 69
Trd, 4318387.993, 93
Trd, 4318389.043, 73
Trd, 4318389.443, 85
Trd, 4318391.293, 78
Trd, 4318392.793, 93
Trd, 4318393.343, 72
Trd, 4318393.393, 97
Trd, 4318394.343, 117
Trd, 4318395.343, 101
Trd, 4318396.243, 120
Trd, 4318397.343, 83
Trd, 4318398.093, 67
Trd, 4318398.643, 134
Trd, 4318399.193, 93
Trd, 4318399.843, 94
Trd, 4318400.593, 101
Trd, 4318400.693, 79
Trd, 4318401.243, 74
Trd, 4318401.943, 88
Trd, 4318403.543, 88
Trd, 4318403.643, 103
Trd, 4318403.843, 79
Trd, 4318404.343, 134
Trd, 4318405.693, 105
Trd, 4318406.143, 119
Trd, 4318406.193, 96
Trd, 4318406.793, 105
Trd, 4318407.543, 125
Trd, 4318408.443, 131
Trd, 4318409.643, 128
Trd, 4318410.193, 114
Trd, 4318410.343, 108
Trd, 4318412.143, 135
Trd, 4318412.193, 121
Trd, 4318412.743, 115
Trd, 4318412.943, 107
Trd, 4318412.993, 102
Trd, 4318415.143, 108
Trd, 4318415.443, 105
Trd, 4318416.393, 112
Trd, 4318417.543, 87
Trd, 4318417.893, 82
Trd, 4318418.543, 60
Trd, 4318418.943, 128
Trd, 4318419.743, 118
Trd, 4318419.943, 129
Trd, 4318420.993, 70
Trd, 4318421.293, 69
Trd, 4318421.643, 73
Trd, 4318422.343, 95
Trd, 4318422.993, 62
Trd, 4318424.393, 130
Trd, 4318424.793, 117
Trd, 4318425.993, 140
Trd, 4318426.243, 135
Trd, 4318426.393, 123
Trd, 4318427.093, 125
Trd, 4318427.443, 112
Trd, 4318428.343, 60
Trd, 4318429.343, 61
Trd, 4318429.743, 87
Trd, 4318430.243, 101
Trd, 4318430.493, 92
Trd, 4318431.543, 74
Trd, 4318432.043, 93
Trd, 4318432.593, 121
Trd, 4318434.943, 111
Trd, 4318435.493, 109
Trd, 4318435.543, 96
Trd, 4318436.543, 96
Trd, 4318437.343, 122
Trd, 4318437.743, 85
Trd, 4318437.843, 81
Trd, 4318438.643, 76
Trd, 4318438.693, 82
Trd, 4318440.393, 99
Trd, 4318440.543, 115
Trd, 4318441.343, 134
Trd, 4318442.393, 139
Trd, 4318442.443, 107
Trd, 4318443.393, 110
Trd, 4318443.593, 103
Trd, 4318445.243, 105
Trd, 4318446.043, 91
Trd, 4318446.393, 86
Trd, 4318446.843, 85
Trd, 4318447.193, 82
Trd, 4318447.493, 100
Trd, 4318447.843, 126
Trd, 4318448.743, 131
Trd, 4318449.593, 125
Trd, 4318450.243, 130
Trd, 4318450.343, 112
Trd, 4318451.343, 60
Trd, 4318452.243, 92
Trd, 4318452.393, 75
Trd, 4318454.193, 102
Trd, 4318454.293, 124
Trd, 4318456.843, 140
Trd, 4318456.943, 138
Trd, 4318457.443, 124
Trd, 4318457.643, 121
Trd, 4318459.043, 128
Trd, 4318459.193, 114
Trd, 4318460.993, 132
Trd, 4318462.343, 139
Trd, 4318463.343, 132
Trd, 4318463.493, 121
Trd, 4318464.093, 136
Trd, 4318464.393, 118
Trd, 4318464.543, 115
Trd, 4318465.393, 82
Trd, 4318465.443, 83
Trd, 4318466.743, 121
Trd, 4318467.943, 81
Trd, 4318468.043, 92
Trd, 4318468.793, 105
Trd, 4318468.893, 93
Trd, 4318469.593, 119
Trd, 4318471.393, 126
Trd, 4318473.793, 130
Trd, 4318473.993, 123
Trd, 4318474.793, 100
Trd, 4318474.893, 94
Trd, 4318475.243, 83
Trd, 4318475.543, 136
Trd, 4318476.393, 82
Trd, 4318477.093, 83
Trd, 4318477.243, 89
Trd, 4318478.343, 67
Trd, 4318479.443, 110
Trd, 4318479.693, 112
Trd, 4318479.843, 107
Trd, 4318480.093, 102
Trd, 4318480.993, 124
Trd, 4318481.343, 111
Trd, 4318481.893, 88
Trd, 4318482.293, 109
Trd, 4318482.593, 131
Trd, 4318482.693, 89
Trd, 4318484.843, 62
Trd, 4318485.143, 123
Trd, 4318485.893, 73
Trd, 4318486.843, 109
Trd, 4318490.543, 127
Trd, 4318491.093, 125
Trd, 4318491.243, 121
Trd, 4318491.293, 114
Trd, 4318491.593, 98
Trd, 4318492.343, 108
Trd, 4318492.543, 103
Trd, 4318493.343, 110
Trd, 4318494.843, 94
Trd, 4318496.143, 140
Trd, 4318496.293, 130
Trd, 4318496.693, 114
Trd, 4318497.543, 105
Trd, 4318498.193, 95
Trd, 4318498.443, 92
Trd, 4318498.893, 102
Trd, 4318500.293, 118
Trd, 4318500.343, 105
Trd, 4318500.593, 94
Trd, 4318501.043, 117
Trd, 4318501.843, 65
Trd, 4318504.543, 138
Trd, 4318505.043, 140
Trd, 4318505.843, 136
Trd, 4318505.943, 115
Trd, 4318506.793, 120
Trd, 4318508.243, 124
Trd, 4318509.093, 116
Trd, 4318509.193, 102
Trd, 4318511.043, 104
Trd, 4318511.893, 137
Trd, 4318512.093, 135
Trd, 4318512.493, 126
Trd, 4318513.593, 139
Trd, 4318514.643, 93
Trd, 4318514.843, 83
Trd, 4318515.143, 108
Trd, 4318516.143, 88
Trd, 4318516.543, 123
Trd, 4318516.643, 101
Trd, 4318516.793, 73
Trd, 4318518.443, 88
Trd, 4318518.543, 69
Trd, 4318518.893, 119
Trd, 4318519.543, 125
Trd, 4318521.493, 65
Trd, 4318522.193, 69
Trd, 4318523.143, 79
Trd, 4318523.393, 67
Trd, 4318524.443, 87
Trd, 4318525.043, 88
Trd, 4318525.243, 92
Trd, 4318525.643, 125
Trd, 4318527.293, 103
Trd, 4318527.393, 74
Trd, 4318527.643, 114
Trd, 4318528.143, 126
Trd, 4318529.443, 75
Trd, 4318530.593, 63
Trd, 4318531.443, 108
Trd, 4318531.543, 65
Trd, 4318532.293, 107
Trd, 4318533.543, 69
Trd, 4318534.443, 79
Trd, 4318534.943, 75
Trd, 4318535.543, 69
Trd, 4318535.943, 62
Trd, 4318537.143, 136
Trd, 4318538.093, 137
Trd, 4318539.043, 103
Trd, 4318540.593, 112
Trd, 4318541.043, 108
Trd, 4318541.293, 102
Trd, 4318542.343, 89
Trd, 4318542.693, 89
Trd, 4318542.893, 76
Trd, 4318543.893, 94
Trd, 4318543.943, 86
Trd, 4318544.993, 132
Trd, 4318545.943, 116
Trd, 4318546.393, 113
Trd, 4318546.593, 112
Trd, 4318547.043, 111
Trd, 4318549.343, 113
Trd, 4318549.893, 110
Trd, 4318550.493, 131
Trd, 4318551.943, 110
Trd, 4318552.193, 106
Trd, 4318552.293, 132
Trd, 4318552.543, 130
Trd, 4318553.243, 89
Trd, 4318553.993, 103
Trd, 4318555.543, 129
Trd, 4318555.943, 88
Trd, 4318556.593, 101
Trd, 4318557.443, 90
Trd, 4318557.843, 118
Trd, 4318558.243, 102
Trd, 4318558.893, 132
Trd, 4318559.593, 111
Trd, 4318559.693, 78
Trd, 4318560.743, 116
Trd, 4318561.043, 123
Trd, 4318561.793, 66
Trd, 4318563.043, 115
Trd, 4318563.243, 110
Trd, 4318564.443, 96
Trd, 4318564.593, 92
Trd, 4318565.593, 121
Trd, 4318566.093, 110
Trd, 4318567.543, 100
Trd, 4318568.393, 89
Trd, 4318568.693, 114
Trd, 4318569.443, 134
Trd, 4318569.843, 136
Trd, 4318570.843, 107
Trd, 4318571.593, 103
Trd, 4318572.593, 123
Trd, 4318573.593, 109
Trd, 4318573.643, 99
Trd, 4318574.343, 139
Trd, 4318574.843, 120
Trd, 4318574.993, 65
Trd, 4318575.993, 120
Trd, 4318576.543, 104
Trd, 4318576.593, 98
Trd, 4318577.693, 132
Trd, 4318578.743, 104
Trd, 4318579.043, 118
Trd, 4318579.643, 91
Trd, 4318579.943, 94
Trd, 4318580.393, 96
Trd, 4318581.693, 138
Trd, 4318582.793, 136
Trd, 4318583.193, 113
Trd, 4318584.743, 113
Trd, 4318584.943, 100
Trd, 4318586.093, 105
Trd, 4318586.493, 126
Trd, 4318587.243, 117
Trd, 4318587.593, 130
Trd, 4318588.693, 105
Trd, 4318589.193, 129
Trd, 4318589.743, 130
Trd, 4318590.693, 133
Trd, 4318591.593, 119
Trd, 4318592.343, 98
Trd, 4318592.643, 137
Trd, 4318593.243, 119
Trd, 4318593.693, 102
Trd, 4318594.193, 86
Trd, 4318594.593, 85
Trd, 4318594.843, 137
Trd, 4318596.243, 123
Trd, 4318596.643, 105
Trd, 4318596.743, 124
Trd, 4318597.243, 107
Trd, 4318598.443, 62
Trd, 4318598.843, 121
Trd, 4318599.493, 130
Trd, 4318599.593, 108
Trd, 4318600.593, 129
Trd, 4318601.143, 110
Trd, 4318601.293, 69
Trd, 4318602.343, 91
Trd, 4318603.343, 90
Trd, 4318603.643, 96
Trd, 4318604.493, 81
Trd, 4318604.943, 78
Trd, 4318605.993, 114
Trd, 4318606.393, 132
Trd, 4318608.243, 132
Trd, 4318608.943, 121
Trd, 4318609.193, 112
Trd, 4318609.343, 100
Trd, 4318610.643, 127
Trd, 4318611.643, 125
Trd, 4318612.543, 138
Trd, 4318612.993, 129
Trd, 4318614.343, 120
Trd, 4318615.293, 125
Trd, 4318616.743, 138
Trd, 4318617.393, 117
Trd, 4318617.943, 139
Trd, 4318618.043, 97
Trd, 4318618.793, 86
Trd, 4318619.093, 99
Trd, 4318619.643, 66
Trd, 4318620.643, 125
Trd, 4318621.393, 137
Trd, 4318622.193, 127
Trd, 4318622.843, 122
Trd, 4318622.943, 108
Trd, 4318623.543, 72
Trd, 4318623.743, 103
Trd, 4318624.293, 105
Trd, 4318624.543, 96
Trd, 4318624.943, 82
Trd, 4318625.743, 101
Trd, 4318627.343, 67
Trd, 4318628.143, 103
Trd, 4318628.993, 133
Trd, 4318629.043, 67
Trd, 4318629.593, 108
Trd, 4318630.193, 99
Trd, 4318630.943, 93
Trd, 4318631.693, 101
Trd, 4318632.793, 90
Trd, 4318634.043, 139
Trd, 4318634.893, 134
Trd, 4318635.393, 119
Trd, 4318636.143, 136
Trd, 4318636.393, 115
Trd, 4318636.793, 130
Trd, 4318638.293, 140
Trd, 4318638.643, 139
Trd, 4318638.843, 111
Trd, 4318639.193, 107
Trd, 4318639.343, 93
Trd, 4318639.693, 64
Trd, 4318641.943, 96
Trd, 4318641.993, 95
Trd, 4318642.543, 86
Trd, 4318643.293, 112
Trd, 4318643.643, 114
Trd, 4318643.793, 119
Trd, 4318645.093, 127
Trd, 4318646.593, 124
Trd, 4318646.693, 123
Trd, 4318648.643, 119
Trd, 4318648.793, 115
Trd, 4318649.293, 99
Trd, 4318649.793, 130
Trd, 4318650.043, 91
Trd, 4318650.643, 117
Trd, 4318651.643, 133
Trd, 4318652.793, 136
Trd, 4318653.293, 109
Trd, 4318653.443, 84
Trd, 4318653.543, 92
Trd, 4318654.743, 64
Trd, 4318655.593, 134
Trd, 4318655.743, 124
Trd, 4318656.443, 129
Trd, 4318656.993, 138
Trd, 4318658.243, 103
Trd, 4318659.043, 122
Trd, 4318659.293, 98
Trd, 4318659.393, 88
Trd, 4318660.493, 112
Trd, 4318661.593, 132
Trd, 4318662.093, 114
Trd, 4318662.293, 119
Trd, 4318663.493, 110
Trd, 4318665.043, 132
Trd, 4318665.093, 100
Trd, 4318665.593, 69
Trd, 4318666.493, 93
Trd, 4318667.193, 136
Trd, 4318667.443, 123
Trd, 4318667.543, 123
Trd, 4318668.043, 121
Trd, 4318668.643, 84
Trd, 4318669.293, 122
Trd, 4318669.693, 118
Trd, 4318671.643, 115
Trd, 4318672.143, 90
Trd, 4318673.293, 127
Trd, 4318673.743, 136
Trd, 4318673.843, 129
Trd, 4318674.843, 110
Trd, 4318676.293, 108
Trd, 4318677.293, 107
Trd, 4318677.643, 97
Trd, 4318678.393, 98
Trd, 4318679.143, 86
Trd, 4318679.743, 130
Trd, 4318680.093, 95
Trd, 4318681.493, 100
Trd, 4318682.443, 95
Trd, 4318682.743, 115
Trd, 4318683.443, 113
Trd, 4318684.643, 128
Trd, 4318684.843, 131
Trd, 4318684.893, 121
Trd, 4318685.793, 131
Trd, 4318685.893, 138
Trd, 4318686.943, 132
Trd, 4318687.893, 116
Trd, 4318688.943, 138
Trd, 4318689.143, 136
Trd, 4318690.043, 118
Trd, 4318691.243, 112
Trd, 4318691.293, 100
Trd, 4318691.843, 132
Trd, 4318692.293, 84
Trd, 4318693.593, 138
Trd, 4318693.993, 128
Trd, 4318694.593, 138
Trd, 4318695.543, 113
Trd, 4318695.793, 112
Trd, 4318696.593, 113
Trd, 4318697.043, 92
Trd, 4318697.743, 103
Trd, 4318698.793, 104
Trd, 4318699.543, 105
Trd, 4318700.643, 91
Trd, 4318701.243, 94
Trd, 4318703.043, 112
Trd, 4318703.393, 111
Trd, 4318703.493, 101
Trd, 4318703.543, 121
Trd, 4318704.043, 98
Trd, 4318705.043, 100
Trd, 4318705.843, 93
Trd, 4318706.243, 132
Trd, 4318706.443, 122
Trd, 4318707.593, 95
Trd, 4318707.743, 69
Trd, 4318707.943, 123
Trd, 4318708.343, 132
Trd, 4318709.593, 116
Trd, 4318710.793, 110
Trd, 4318710.943, 99
Trd, 4318711.543, 119
Trd, 4318711.593, 97
Trd, 4318712.593, 139
Trd, 4318713.193, 120
Trd, 4318715.443, 123
Trd, 4318715.643, 135
Trd, 4318716.293, 118
Trd, 4318716.893, 123
Trd, 4318717.793, 130
Trd, 4318717.943, 117
Trd, 4318717.993, 112
Trd, 4318718.193, 98
Trd, 4318719.393, 104
Trd, 4318719.643, 109
Trd, 4318720.443, 75
Trd, 4318721.093, 83
Trd, 4318721.343, 140
Trd, 4318723.893, 101
Trd, 4318724.293, 88
Trd, 4318724.593, 67
Trd, 4318724.693, 112
Trd, 4318725.043, 85
Trd, 4318726.793, 100
Trd, 4318728.693, 72
Trd, 4318729.143, 82
Trd, 4318729.843, 60
Trd, 4318730.143, 76
Trd, 4318730.593, 109
Trd, 4318731.343, 130
Trd, 4318732.143, 102
Trd, 4318732.443, 89
Trd, 4318733.143, 121
Trd, 4318734.093, 112
Trd, 4318734.543, 104
Trd, 4318734.643, 118
Trd, 4318735.893, 127
Trd, 4318736.293, 95
Trd, 4318736.543, 90
Trd, 4318737.993, 70
Trd, 4318738.343, 76
Trd, 4318739.343, 61
Trd, 4318739.393, 76
Trd, 4318739.543, 92
Trd, 4318741.743, 87
Trd, 4318741.893, 100
Trd, 4318742.143, 103
Trd, 4318742.193, 70
Trd, 4318743.443, 136
Trd, 4318743.993, 101
Trd, 4318745.293, 130
Trd, 4318745.493, 63
Trd, 4318746.893, 97
Trd, 4318748.093, 95
Trd, 4318749.693, 94
Trd, 4318749.893, 116
Trd, 4318751.393, 115
Trd, 4318751.643, 92
Trd, 4318752.593, 82
Trd, 4318753.593, 124
Trd, 4318753.943, 114
Trd, 4318754.193, 126
Trd, 4318755.693, 99
Trd, 4318756.493, 128
Trd, 4318758.193, 118
Trd, 4318759.893, 130
Trd, 4318760.193, 131
Trd, 4318760.343, 112
Trd, 4318760.743, 133
Trd, 4318761.593, 140
Trd, 4318762.593, 102
Trd, 4318763.043, 124
Trd, 4318763.193, 107
Trd, 4318764.243, 131
Trd, 4318764.793, 113
Trd, 4318766.093, 130
Trd, 4318766.293, 95
Trd, 4318767.193, 114
Trd, 4318767.593, 105
Trd, 4318767.843, 103
Trd, 4318768.543, 76
Trd, 4318770.343, 74
Trd, 4318770.393, 82
Trd, 4318770.793, 90
Trd, 4318771.443, 71
Trd, 4318772.543, 91
Trd, 4318772.993, 100
Trd, 4318773.793, 95
Trd, 4318774.143, 106
Trd, 4318774.493, 127
Trd, 4318775.443, 61
Trd, 4318776.293, 68
Trd, 4318776.993, 137
Trd, 4318777.593, 113
Trd, 4318779.143, 110
Trd, 4318779.193, 109
Trd, 4318779.443, 120
Trd, 4318779.993, 120
Trd, 4318781.293, 112
Trd, 4318782.443, 107
Trd, 4318782.593, 83
Trd, 4318783.443, 121
Trd, 4318783.493, 118
Trd, 4318784.493, 101
Trd, 4318784.943, 139
Trd, 4318785.143, 123
Trd, 4318785.443, 125
Trd, 4318785.793, 133
Trd, 4318787.393, 102
Trd, 4318789.793, 123
Trd, 4318790.093, 122
Trd, 4318790.293, 121
Trd, 4318791.743, 140
Trd, 4318791.993, 122
Trd, 4318792.143, 115
Trd, 4318793.593, 87
Trd, 4318793.893, 78
Trd, 4318794.443, 77
Trd, 4318794.943, 131
Trd, 4318795.543, 121
Trd, 4318795.993, 103
Trd, 4318796.293, 85
Trd, 4318796.693, 77
Trd, 4318798.443, 129
Trd, 4318800.143, 135
Trd, 4318800.343, 129
Trd, 4318800.793, 94
Trd, 4318801.343, 132
Trd, 4318801.993, 90
Trd, 4318802.393, 92
Trd, 4318802.443, 121
Trd, 4318802.593, 72
Trd, 4318803.093, 113
Trd, 4318805.143, 124
Trd, 4318805.243, 109
Trd, 4318806.243, 111
Trd, 4318806.693, 111
Trd, 4318808.043, 104
Trd, 4318808.143, 100
Trd, 4318808.293, 90
Trd, 4318809.643, 110
Trd, 4318809.693, 87
Trd, 4318811.293, 96
Trd, 4318811.543, 82
Trd, 4318811.843, 79
Trd, 4318812.043, 83
Trd, 4318812.893, 132
Trd, 4318813.943, 111
Trd, 4318814.393, 108
Trd, 4318815.993, 103
Trd, 4318817.243, 119
Trd, 4318817.693, 118
Trd, 4318818.093, 62
Trd, 4318819.043, 91
Trd, 4318819.293, 105
Trd, 4318820.143, 86
Trd, 4318821.493, 122
Trd, 4318822.543, 122
Trd, 4318823.493, 111
Trd, 4318824.043, 97
Trd, 4318824.443, 131
Trd, 4318825.243, 138
Trd, 4318825.743, 127
Trd, 4318826.093, 104
Trd, 4318826.393, 129
Trd, 4318827.843, 126
Trd, 4318829.043, 109
Trd, 4318829.343, 66
Trd, 4318829.593, 75
Trd, 4318831.093, 96
Trd, 4318831.943, 125
Trd, 4318832.093, 131
Trd, 4318832.693, 130
Trd, 4318833.643, 118
Trd, 4318834.143, 128
Trd, 4318835.443, 118
Trd, 4318836.343, 101
Trd, 4318836.493, 97
Trd, 4318836.543, 115
Trd, 4318836.943, 85
Trd, 4318837.693, 69
Trd, 4318837.993, 133
Trd, 4318840.343, 135
Trd, 4318841.393, 139
Trd, 4318841.543, 129
Trd, 4318841.793, 107
Trd, 4318842.543, 106
Trd, 4318842.593, 71
Trd, 4318843.393, 124
Trd, 4318845.043, 127
Trd, 4318846.743, 130
Trd, 4318847.393, 119
Trd, 4318848.043, 123
Trd, 4318848.943, 117
Trd, 4318849.643, 107
Trd, 4318849.793, 117
Trd, 4318849.943, 133
Trd, 4318850.093, 98
Trd, 4318851.243, 111
Trd, 4318853.193, 131
Trd, 4318853.593, 113
Trd, 4318853.743, 113
Trd, 4318853.843, 94
Trd, 4318854.143, 134
Trd, 4318855.743, 133
Trd, 4318855.793, 88
Trd, 4318856.043, 133
Trd, 4318856.843, 92
Trd, 4318857.343, 126
Trd, 4318858.893, 120
Trd, 4318859.493, 127
Trd, 4318860.193, 120
Trd, 4318861.443, 116
Trd, 4318861.893, 131
Trd, 4318863.393, 134
Trd, 4318863.943, 132
Trd, 4318864.543, 121
Trd, 4318865.143, 113
Trd, 4318865.643, 108
Trd, 4318866.193, 118
Trd, 4318867.743, 96
Trd, 4318868.493, 121
Trd, 4318870.043, 140
Trd, 4318870.093, 133
Trd, 4318870.443, 116
Trd, 4318871.043, 130
Trd, 4318871.243, 128
Trd, 4318872.143, 113
Trd, 4318872.193, 104
Trd, 4318873.643, 136
Trd, 4318873.693, 123
Trd, 4318874.193, 122
Trd, 4318874.443, 112
Trd, 4318874.993, 139
Trd, 4318875.743, 93
Trd, 4318876.593, 109
Trd, 4318877.493, 103
Trd, 4318878.193, 130
Trd, 4318878.543, 135
Trd, 4318879.543, 91
Trd, 4318881.193, 134
Trd, 4318881.443, 109
Trd, 4318881.743, 107
Trd, 4318883.093, 114
Trd, 4318884.593, 117
Trd, 4318884.893, 114
Trd, 4318885.493, 128
Trd, 4318885.543, 103
Trd, 4318886.293, 78
Trd, 4318887.343, 133
Trd, 4318888.193, 93
Trd, 4318888.343, 107
Trd, 4318888.993, 130
Trd, 4318889.043, 109
Trd, 4318889.093, 94
Trd, 4318892.143, 115
Trd, 4318892.693, 93
Trd, 4318892.843, 89
Trd, 4318893.343, 89
Trd, 4318893.543, 80
Trd, 4318894.043, 105
Trd, 4318894.543, 127
Trd, 4318895.443, 129
Trd, 4318895.943, 97
Trd, 4318896.393, 72
Trd, 4318896.893, 79
Trd, 4318898.493, 103
Trd, 4318898.993, 119
Trd, 4318899.943, 107
Trd, 4318899.993, 98
Trd, 4318900.393, 121
Trd, 4318900.943, 110
Trd, 4318901.693, 87
Trd, 4318902.993, 91
Trd, 4318903.993, 81
Trd, 4318904.793, 102
Trd, 4318904.943, 111
Trd, 4318905.793, 106
Trd, 4318906.493, 122
Trd, 4318906.793, 137
Trd, 4318907.143, 122
Trd, 4318907.943, 107
Trd, 4318908.643, 124
Trd, 4318910.443, 135
Trd, 4318911.843, 121
Trd, 4318912.343, 136
Trd, 4318912.393, 113
Trd, 4318913.743, 133
Trd, 4318914.693, 139
Trd, 4318915.143, 132
Trd, 4318915.193, 129
Trd, 4318916.443, 104
Trd, 4318916.793, 71
Trd, 4318918.193, 101
Trd, 4318919.043, 97
Trd, 4318919.693, 93
Trd, 4318920.343, 68
Trd, 4318920.643, 113
Trd, 4318921.993, 84
Trd, 4318922.993, 132
Trd, 4318923.743, 122
Trd, 4318924.143, 119
Trd, 4318924.343, 111
Trd, 4318924.393, 107
Trd, 4318924.743, 129
Trd, 4318925.143, 90
Trd, 4318925.243, 130
Trd, 4318926.193, 67
Trd, 4318929.793, 124
Trd, 4318930.593, 99
Trd, 4318930.793, 99
Trd, 4318930.943, 96
Trd, 4318931.243, 131
Trd, 4318931.643, 108
Trd, 4318932.293, 116
Trd, 4318932.793, 132
Trd, 4318932.893, 107
Trd, 4318933.843, 129
Trd, 4318934.343, 103
Trd, 4318936.393, 120
Trd, 4318936.493, 104
Trd, 4318937.043, 110
Trd, 4318937.193, 95
Trd, 4318937.843, 135
Trd, 4318939.193, 118
Trd, 4318939.443, 128
Trd, 4318939.493, 104
Trd, 4318940.043, 95
Trd, 4318940.193, 102
Trd, 4318941.943, 95
Trd, 4318942.743, 104
Trd, 4318944.243, 131
Trd, 4318944.543, 129
Trd, 4318946.143, 114
Trd, 4318946.343, 90
Trd, 4318946.493, 130
Trd, 4318946.893, 122
Trd, 4318947.493, 116
Trd, 4318948.543, 83
Trd, 4318948.743, 79
Trd, 4318949.093, 83
Trd, 4318950.243, 87
Trd, 4318950.593, 90
Trd, 4318951.843, 128
Trd, 4318952.193, 133
Trd, 4318952.243, 124
Trd, 4318952.943, 136
Trd, 4318953.293, 129
Trd, 4318954.293, 119
Trd, 4318956.943, 117
Trd, 4318957.393, 100
Trd, 4318957.693, 94
Trd, 4318958.093, 105
Trd, 4318958.443, 125
Trd, 4318959.793, 117
Trd, 4318960.093, 115
Trd, 4318961.693, 135
Trd, 4318961.943, 131
Trd, 4318962.793, 109
Trd, 4318963.393, 135
Trd, 4318963.843, 87
Trd, 4318965.093, 109
Trd, 4318965.243, 105
Trd, 4318965.343, 103
Trd, 4318965.943, 84
Trd, 4318966.543, 82
Trd, 4318967.893, 122
Trd, 4318968.643, 124
Trd, 4318968.843, 94
Trd, 4318969.343, 106
Trd, 4318969.743, 133
Trd, 4318970.893, 129
Trd, 4318972.193, 126
Trd, 4318973.393, 115
Trd, 4318973.543, 107
Trd, 4318974.643, 134
Trd, 4318975.443, 133
Trd, 4318975.643, 118
Trd, 4318976.143, 124
Trd, 4318976.193, 102
Trd, 4318977.793, 121
Trd, 4318978.343, 99
Trd, 4318979.193, 94
Trd, 4318979.543, 122
Trd, 4318980.643, 124
Trd, 4318980.893, 125
Trd, 4318981.693, 107
Trd, 4318982.243, 89
Trd, 4318982.743, 123
Trd, 4318983.343, 116
Trd, 4318984.593, 122
Trd, 4318985.143, 123
Trd, 4318985.193, 114
Trd, 4318986.743, 115
Trd, 4318987.643, 97
Trd, 4318987.793, 111
Trd, 4318988.143, 104
Trd, 4318988.243, 112
Trd, 4318988.843, 78
Trd, 4318989.143, 113
Trd, 4318990.193, 139
Trd, 4318991.143, 88
Trd, 4318992.743, 74
Trd, 4318993.443, 73
Trd, 4318993.643, 86
Trd, 4318994.443, 132
Trd, 4318994.543, 93
Trd, 4318994.643, 74
Trd, 4318996.793, 85
Trd, 4318997.943, 139
Trd, 4318998.543, 109
Trd, 4318999.043, 139
Trd, 4319000.143, 110
Trd, 4319000.293, 87
Trd, 4319000.843, 60
Trd, 4319001.593, 62
Trd, 4319002.493, 86
Trd, 4319003.043, 72
Trd, 4319004.043, 112
Trd, 4319004.243, 111
Trd, 4319004.743, 110
Trd, 4319005.193, 106
Trd, 4319006.393, 99
Trd, 4319007.593, 119
Trd, 4319008.293, 110
Trd, 4319008.543, 96
Trd, 4319009.343, 112
Trd, 4319009.593, 102
Trd, 4319011.093, 120
Trd, 4319011.243, 117
Trd, 4319011.443, 79
Trd, 4319011.893, 76
Trd, 4319014.743, 125
Trd, 4319014.943, 111
Trd, 4319015.643, 107
Trd, 4319015.693, 91
Trd, 4319017.193, 105
Trd, 4319018.393, 93
Trd, 4319019.493, 105
Trd, 4319020.743, 139
Trd, 4319020.793, 116
Trd, 4319022.043, 100
Trd, 4319022.593, 93
Trd, 4319022.793, 96
Trd, 4319022.943, 74
Trd, 4319023.093, 67
Trd, 4319023.343, 132
Trd, 4319025.143, 122
Trd, 4319026.143, 140
Trd, 4319026.393, 87
Trd, 4319027.193, 74
Trd, 4319028.243, 70
Trd, 4319028.743, 66
Trd, 4319029.043, 91
Trd, 4319029.693, 96
Trd, 4319030.343, 72
Trd, 4319031.143, 109
Trd, 4319031.193, 116
Trd, 4319032.993, 115
Trd, 4319033.443, 131
Trd, 4319033.593, 107
Trd, 4319034.393, 103
Trd, 4319036.143, 89
Trd, 4319037.243, 80
Trd, 4319037.443, 78
Trd, 4319038.443, 97
Trd, 4319038.943, 135
Trd, 4319039.243, 130
Trd, 4319039.543, 118
Trd, 4319039.993, 104
Trd, 4319041.693, 87
Trd, 4319041.743, 109
Trd, 4319042.693, 115
Trd, 4319042.793, 112
Trd, 4319042.893, 97
Trd, 4319043.443, 96
Trd, 4319045.993, 90
Trd, 4319046.593, 106
Trd, 4319047.393, 121
Trd, 4319048.243, 105
Trd, 4319048.743, 115
Trd, 4319049.493, 126
Trd, 4319050.843, 104
Trd, 4319051.793, 134
Trd, 4319052.593, 135
Trd, 4319053.393, 132
Trd, 4319053.493, 115
Trd, 4319053.743, 131
Trd, 4319055.193, 95
Trd, 4319055.593, 97
Trd, 4319055.893, 129
Trd, 4319057.093, 100
Trd, 4319057.693, 131
Trd, 4319057.743, 110
Trd, 4319058.493, 113
Trd, 4319058.793, 84
Trd, 4319059.693, 71
Trd, 4319060.093, 78
Trd, 4319060.293, 77
Trd, 4319061.643, 132
Trd, 4319061.993, 89
Trd, 4319064.093, 68
Trd, 4319064.693, 86
Trd, 4319064.893, 101
Trd, 4319065.593, 82
Trd, 4319066.293, 76
Trd, 4319066.393, 79
Trd, 4319068.493, 94
Trd, 4319068.543, 98
Trd, 4319070.393, 119
Trd, 4319071.393, 94
Trd, 4319071.793, 90
Trd, 4319071.843, 82
Trd, 4319072.843, 66
Trd, 4319073.093, 61
Trd, 4319075.643, 126
Trd, 4319076.343, 130
Trd, 4319076.793, 103
Trd, 4319077.593, 108
Trd, 4319078.393, 128
Trd, 4319078.593, 112
Trd, 4319079.493, 102
Trd, 4319079.893, 101
Trd, 4319081.043, 108
Trd, 4319081.943, 118
Trd, 4319083.543, 123
Trd, 4319084.193, 114
Trd, 4319084.343, 113
Trd, 4319084.393, 106
Trd, 4319084.893, 103
Trd, 4319085.693, 118
Trd, 4319085.743, 84
Trd, 4319085.843, 94
Trd, 4319086.043, 122
Trd, 4319086.493, 75
Trd, 4319087.643, 108
Trd, 4319087.743, 90
Trd, 4319088.093, 108
Trd, 4319089.993, 123
Trd, 4319090.243, 111
Trd, 4319091.443, 138
Trd, 4319091.493, 125
Trd, 4319092.093, 117
Trd, 4319093.343, 123
Trd, 4319094.193, 130
Trd, 4319094.743, 129
Trd, 4319096.593, 131
Trd, 4319097.943, 134
Trd, 4319098.593, 132
Trd, 4319098.743, 97
Trd, 4319099.143, 132
Trd, 4319099.943, 131
Trd, 4319100.193, 114
Trd, 4319100.993, 113
Trd, 4319102.593, 100
Trd, 4319103.543, 93
Trd, 4319103.643, 83
Trd, 4319104.343, 69
Trd, 4319104.693, 109
Trd, 4319104.843, 123
Trd, 4319105.243, 114
Trd, 4319106.193, 116
Trd, 4319106.993, 99
Trd, 4319107.143, 135
Trd, 4319107.543, 79
Trd, 4319107.743, 70
Trd, 4319109.293, 137
Trd, 4319109.843, 119
Trd, 4319111.043, 82
Trd, 4319111.893, 66
Trd, 4319111.993, 62
Trd, 4319114.743, 105
Trd, 4319115.193, 100
Trd, 4319115.393, 91
Trd, 4319115.843, 128
Trd, 4319116.393, 73
Trd, 4319116.493, 71
Trd, 4319118.543, 92
Trd, 4319118.943, 89
Trd, 4319120.943, 119
Trd, 4319121.293, 109
Trd, 4319121.343, 105
Trd, 4319121.443, 104
Trd, 4319123.093, 97
Trd, 4319123.643, 130
Trd, 4319123.793, 100
Trd, 4319125.343, 62
Trd, 4319125.393, 67
Trd, 4319126.693, 130
Trd, 4319126.993, 133
Trd, 4319127.193, 118
Trd, 4319127.643, 87
Trd, 4319127.993, 79
Trd, 4319128.193, 91
Trd, 4319128.393, 132
Trd, 4319129.793, 132
Trd, 4319130.293, 125
Trd, 4319131.893, 91
Trd, 4319132.343, 112
Trd, 4319133.343, 116
Trd, 4319133.643, 93
Trd, 4319134.243, 122
Trd, 4319136.243, 140
Trd, 4319136.593, 140
Trd, 4319136.643, 120
Trd, 4319137.943, 127
Trd, 4319138.043, 117
Trd, 4319138.943, 117
Trd, 4319140.593, 108
Trd, 4319141.093, 130
Trd, 4319141.993, 134
Trd, 4319142.093, 121
Trd, 4319142.443, 126
Trd, 4319142.643, 111
Trd, 4319143.643, 96
Trd, 4319144.143, 117
Trd, 4319144.193, 94
Trd, 4319146.593, 104
Trd, 4319146.743, 97
Trd, 4319147.543, 117
Trd, 4319147.943, 104
Trd, 4319148.593, 134
Trd, 4319148.893, 131
Trd, 4319149.043, 103
Trd, 4319149.393, 138
Trd, 4319150.143, 110
Trd, 4319150.193, 84
Trd, 4319151.293, 85
Trd, 4319152.543, 89
Trd, 4319152.593, 103
Trd, 4319153.343, 99
Trd, 4319153.443, 78
Trd, 4319154.893, 98
Trd, 4319155.343, 132
Trd, 4319155.643, 130
Trd, 4319156.893, 114
Trd, 4319156.943, 92
Trd, 4319158.143, 99
Trd, 4319158.743, 68
Trd, 4319158.893, 107
Trd, 4319160.343, 120
Trd, 4319160.843, 113
Trd, 4319160.943, 110
Trd, 4319161.043, 100
Trd, 4319161.943, 120
Trd, 4319162.643, 110
Trd, 4319163.343, 89
Trd, 4319164.143, 121
Trd, 4319165.943, 87
Trd, 4319166.193, 79
Trd, 4319166.543, 103
Trd, 4319167.743, 88
Trd, 4319168.893, 109
Trd, 4319170.893, 132
Trd, 4319171.143, 119
Trd, 4319171.443, 140
Trd, 4319172.093, 137
Trd, 4319172.143, 133
Trd, 4319172.343, 122
Trd, 4319173.893, 114
Trd, 4319174.743, 126
Trd, 4319175.493, 110
Trd, 4319175.593, 97
Trd, 4319177.393, 119
Trd, 4319177.643, 114
Trd, 4319178.093, 136
Trd, 4319178.243, 129
Trd, 4319178.843, 104
Trd, 4319180.043, 102
Trd, 4319181.143, 132
Trd, 4319181.693, 107
Trd, 4319182.743, 137
Trd, 4319183.493, 87
Trd, 4319183.643, 98
Trd, 4319184.243, 105
Trd, 4319184.493, 84
Trd, 4319186.343, 128
Trd, 4319186.593, 117
Trd, 4319187.293, 117
Trd, 4319187.443, 111
Trd, 4319188.193, 97
Trd, 4319189.193, 113
Trd, 4319190.243, 93
Trd, 4319190.593, 110
Trd, 4319191.593, 98
Trd, 4319191.843, 94
Trd, 4319191.993, 112
Trd, 4319193.093, 113
Trd, 4319195.143, 133
Trd, 4319195.293, 94
Trd, 4319196.243, 98
Trd, 4319196.893, 81
Trd, 4319197.443, 112
Trd, 4319197.543, 75
Trd, 4319199.393, 104
Trd, 4319199.443, 95
Trd, 4319199.643, 85
Trd, 4319199.993, 95
Trd, 4319200.993, 129
Trd, 4319201.643, 106
Trd, 4319201.843, 103
Trd, 4319202.393, 132
Trd, 4319203.343, 119
Trd, 4319203.693, 140
Trd, 4319203.743, 127
Trd, 4319204.093, 121
Trd, 4319205.943, 98
Trd, 4319206.543, 82
Trd, 4319207.193, 118
Trd, 4319207.593, 116
Trd, 4319208.243, 82
Trd, 4319209.693, 85
Trd, 4319209.993, 85
Trd, 4319210.243, 118
Trd, 4319212.193, 108
Trd, 4319212.593, 122
Trd, 4319213.193, 113
Trd, 4319213.343, 130
Trd, 4319213.543, 102
Trd, 4319213.893, 83
Trd, 4319214.443, 95
Trd, 4319214.843, 102
Trd, 4319217.143, 122
Trd, 4319217.193, 109
Trd, 4319217.643, 110
Trd, 4319218.243, 140
Trd, 4319219.293, 118
Trd, 4319219.543, 111
Trd, 4319220.793, 96
Trd, 4319222.043, 128
Trd, 4319222.793, 133
Trd, 4319222.843, 116
Trd, 4319223.043, 72
Trd, 4319224.343, 117
Trd, 4319225.843, 116
Trd, 4319226.393, 127
Trd, 4319227.293, 130
Trd, 4319228.243, 109
Trd, 4319228.543, 126
Trd, 4319228.943, 131
Trd, 4319230.843, 124
Trd, 4319231.243, 121
Trd, 4319231.293, 110
Trd, 4319232.143, 123
Trd, 4319232.893, 103
Trd, 4319233.443, 107
Trd, 4319234.293, 112
Trd, 4319234.743, 103
Trd, 4319234.993, 97
Trd, 4319235.193, 90
Trd, 4319235.493, 86
Trd, 4319236.543, 96
Trd, 4319237.993, 76
Trd, 4319238.043, 81
Trd, 4319238.943, 127
Trd, 4319239.093, 83
Trd, 4319240.543, 126
Trd, 4319242.843, 91
Trd, 4319243.843, 78
Trd, 4319244.043, 71
Trd, 4319245.193, 74
Trd, 4319245.693, 111
Trd, 4319246.043, 107
Trd, 4319247.093, 110
Trd, 4319247.993, 109
Trd, 4319248.793, 127
Trd, 4319249.693, 86
Trd, 4319250.093, 105
Trd, 4319250.793, 101
Trd, 4319251.993, 70
Trd, 4319252.393, 81
Trd, 4319252.893, 127
Trd, 4319254.543, 111
Trd, 4319254.593, 104
Trd, 4319255.043, 93
Trd, 4319256.093, 123
Trd, 4319256.493, 91
Trd, 4319256.593, 67
Trd, 4319257.843, 104
Trd, 4319259.093, 90
Trd, 4319259.243, 89
Trd, 4319259.743, 118
Trd, 4319259.893, 121
Trd, 4319261.343, 100
Trd, 4319261.643, 113
Trd, 4319262.093, 83
Trd, 4319262.993, 65
Trd, 4319264.193, 139
Trd, 4319264.843, 89
Trd, 4319265.493, 125
Trd, 4319266.293, 100
Trd, 4319267.143, 95
Trd, 4319267.543, 75
Trd, 4319267.593, 77
Trd, 4319267.793, 73
Trd, 4319267.843, 131
Trd, 4319268.043, 72
Trd, 4319269.343, 137
Trd, 4319269.893, 119
Trd, 4319270.343, 112
Trd, 4319271.843, 131
Trd, 4319272.293, 109
Trd, 4319273.143, 110
Trd, 4319273.693, 133
Trd, 4319273.943, 97
Trd, 4319274.243, 135
Trd, 4319274.993, 134
Trd, 4319276.593, 112
Trd, 4319276.643, 114
Trd, 4319277.493, 123
Trd, 4319279.393, 130
Trd, 4319279.543, 123
Trd, 4319279.643, 99
Trd, 4319279.943, 96
Trd, 4319280.793, 89
Trd, 4319281.343, 109
Trd, 4319282.243, 121
Trd, 4319283.343, 99
Trd, 4319283.643, 119
Trd, 4319283.743, 98
Trd, 4319284.993, 87
Trd, 4319285.743, 116
Trd, 4319286.543, 127
Trd, 4319287.193, 137
Trd, 4319289.143, 133
Trd, 4319289.443, 102
Trd, 4319290.343, 128
Trd, 4319290.693, 117
Trd, 4319290.943, 116
Trd, 4319291.593, 117
Trd, 4319291.643, 112
Trd, 4319292.143, 109
Trd, 4319292.693, 100
Trd, 4319293.243, 137
Trd, 4319294.043, 104
Trd, 4319295.993, 129
Trd, 4319296.643, 119
Trd, 4319296.843, 102
Trd, 4319297.493, 121
Trd, 4319298.543, 129
Trd, 4319298.643, 113
Trd, 4319299.293, 129
Trd, 4319300.043, 113
Trd, 4319300.643, 86
Trd, 4319300.893, 73
Trd, 4319301.343, 133
Trd, 4319304.343, 116
Trd, 4319304.693, 115
Trd, 4319306.293, 115
Trd, 4319307.243, 122
Trd, 4319307.443, 112
Trd, 4319308.243, 121
Trd, 4319308.643, 112
Trd, 4319309.193, 123
Trd, 4319309.293, 130
Trd, 4319309.793, 125
Trd, 4319309.893, 97
Trd, 4319311.393, 106
Trd, 4319312.143, 128
Trd, 4319312.793, 116
Trd, 4319313.193, 99
Trd, 4319314.993, 132
Trd, 4319315.093, 131
Trd, 4319316.743, 118
Trd, 4319317.493, 112
Trd, 4319317.643, 101
Trd, 4319318.743, 93
Trd, 4319318.943, 88
Trd, 4319319.743, 124
Trd, 4319319.993, 113
Trd, 4319320.143, 98
Trd, 4319322.443, 104
Trd, 4319323.193, 132
Trd, 4319323.443, 108
Trd, 4319324.443, 71
Trd, 4319324.543, 63
Trd, 4319324.943, 126
Trd, 4319326.193, 138
Trd, 4319327.643, 116
Trd, 4319328.193, 104
Trd, 4319328.743, 128
Trd, 4319329.543, 131
Trd, 4319330.143, 126
Trd, 4319330.643, 92
Trd, 4319332.343, 139
Trd, 4319332.493, 100
Trd, 4319332.593, 85
Trd, 4319332.943, 98
Trd, 4319334.243, 126
Trd, 4319334.593, 101
Trd, 4319334.643, 98
Trd, 4319336.293, 124
Trd, 4319336.443, 123
Trd, 4319336.593, 103
Trd, 4319338.343, 137
Trd, 4319340.093, 115
Trd, 4319340.893, 137
Trd, 4319341.893, 84
Trd, 4319342.643, 124
Trd, 4319343.293, 127
Trd, 4319344.193, 91
Trd, 4319344.893, 112
Trd, 4319347.193, 116
Trd, 4319347.343, 125
Trd, 4319347.443, 105
Trd, 4319348.243, 137
Trd, 4319348.943, 139
Trd, 4319349.993, 95
Trd, 4319350.743, 126
Trd, 4319352.093, 136
Trd, 4319352.593, 115
Trd, 4319354.193, 124
Trd, 4319354.693, 122
Trd, 4319354.993, 92
Trd, 4319355.393, 98
Trd, 4319355.693, 81
Trd, 4319356.943, 132
Trd, 4319357.643, 90
Trd, 4319357.793, 90
Trd, 4319358.243, 100
Trd, 4319358.693, 132
Trd, 4319359.293, 66
Trd, 4319359.493, 97
Trd, 4319361.643, 119
Trd, 4319361.693, 110
Trd, 4319361.893, 107
Trd, 4319362.443, 96
Trd, 4319366.043, 95
Trd, 4319366.793, 136
Trd, 4319366.943, 90
Trd, 4319367.293, 111
Trd, 4319368.793, 134
Trd, 4319370.043, 137
Trd, 4319370.693, 102
Trd, 4319371.493, 134
Trd, 4319372.043, 118
Trd, 4319372.293, 100
Trd, 4319372.843, 127
Trd, 4319373.093, 118
Trd, 4319373.343, 112
Trd, 4319373.943, 119
Trd, 4319375.843, 76
Trd, 4319376.793, 85
Trd, 4319378.343, 125
Trd, 4319378.693, 110
Trd, 4319378.993, 127
Trd, 4319379.743, 70
Trd, 4319380.893, 85
Trd, 4319381.743, 91
Trd, 4319381.993, 98
Trd, 4319383.193, 107
Trd, 4319383.443, 89
Trd, 4319384.693, 114
Trd, 4319385.193, 112
Trd, 4319386.443, 132
Trd, 4319387.443, 128
Trd, 4319388.243, 140
Trd, 4319388.743, 119
Trd, 4319389.293, 125
Trd, 4319389.443, 115
Trd, 4319390.443, 117
Trd, 4319390.543, 100
Trd, 4319390.593, 121
Trd, 4319390.943, 94
Trd, 4319391.543, 72
Trd, 4319392.443, 128
Trd, 4319393.793, 134
Trd, 4319395.843, 129
Trd, 4319397.193, 133
Trd, 4319397.393, 120
Trd, 4319397.593, 110
Trd, 4319398.093, 107
Trd, 4319398.243, 106
Trd, 4319398.793, 137
Trd, 4319398.993, 73
Trd, 4319399.543, 76
Trd, 4319401.693, 64
Trd, 4319401.893, 88
Trd, 4319402.693, 127
Trd, 4319403.343, 104
Trd, 4319403.843, 111
Trd, 4319404.193, 93
Trd, 4319404.493, 132
Trd, 4319406.493, 129
Trd, 4319406.593, 103
Trd, 4319407.193, 94
Trd, 4319407.643, 84
Trd, 4319408.293, 87
Trd, 4319408.793, 72
Trd, 4319409.293, 85
Trd, 4319409.643, 140
Trd, 4319410.243, 72
Trd, 4319411.243, 135
Trd, 4319411.843, 106
Trd, 4319413.743, 106
Trd, 4319414.043, 137
Trd, 4319414.893, 102
Trd, 4319417.043, 127
Trd, 4319417.093, 107
Trd, 4319417.193, 93
Trd, 4319417.593, 135
Trd, 4319417.643, 108
Trd, 4319418.193, 82
Trd, 4319418.693, 113
Trd, 4319418.993, 104
Trd, 4319420.393, 132
Trd, 4319422.393, 92
Trd, 4319422.693, 77
Trd, 4319422.893, 70
Trd, 4319423.493, 71
Trd, 4319424.043, 106
Trd, 4319425.293, 93
Trd, 4319425.993, 106
Trd, 4319426.643, 120
Trd, 4319426.743, 130
Trd, 4319427.843, 108
Trd, 4319427.993, 102
Trd, 4319428.993, 95
Trd, 4319429.293, 100
Trd, 4319430.693, 95
Trd, 4319431.643, 88
Trd, 4319432.043, 116
Trd, 4319432.943, 134
Trd, 4319433.293, 60
Trd, 4319433.793, 114
Trd, 4319434.143, 136
Trd, 4319435.743, 132
Trd, 4319436.243, 110
Trd, 4319437.543, 109
Trd, 4319438.693, 87
Trd, 4319439.143, 70
Trd, 4319439.493, 80
Trd, 4319439.743, 81
Trd, 4319440.443, 134
Trd, 4319440.643, 74
Trd, 4319441.943, 110
Trd, 4319442.593, 121
Trd, 4319443.543, 95
Trd, 4319444.143, 79
Trd, 4319445.343, 95
Trd, 4319445.643, 81
Trd, 4319446.343, 109
Trd, 4319446.843, 115
Trd, 4319447.143, 131
Trd, 4319449.243, 134
Trd, 4319450.143, 105
Trd, 4319450.393, 90
Trd, 4319451.193, 94
Trd, 4319452.543, 119
Trd, 4319452.993, 130
Trd, 4319453.093, 124
Trd, 4319453.743, 113
Trd, 4319455.493, 138
Trd, 4319455.543, 117
Trd, 4319456.493, 131
Trd, 4319456.643, 96
Trd, 4319457.943, 76
Trd, 4319460.693, 98
Trd, 4319460.843, 111
Trd, 4319461.993, 130
Trd, 4319462.293, 120
Trd, 4319462.793, 134
Trd, 4319463.193, 123
Trd, 4319463.743, 119
Trd, 4319464.643, 109
Trd, 4319464.793, 105
Trd, 4319464.893, 98
Trd, 4319465.193, 127
Trd, 4319467.293, 101
Trd, 4319467.993, 115
Trd, 4319468.943, 101
Trd, 4319469.093, 93
Trd, 4319469.843, 92
Trd, 4319470.093, 122
Trd, 4319470.393, 89
Trd, 4319472.993, 110
Trd, 4319473.243, 121
Trd, 4319473.393, 102
Trd, 4319473.893, 136
Trd, 4319475.043, 120
Trd, 4319475.193, 117
Trd, 4319475.493, 116
Trd, 4319475.893, 72
Trd, 4319477.343, 139
Trd, 4319478.343, 135
Trd, 4319478.943, 133
Trd, 4319479.243, 108
Trd, 4319480.293, 126
Trd, 4319480.493, 88
Trd, 4319480.843, 138
Trd, 4319480.893, 125
Trd, 4319481.293, 77
Trd, 4319481.893, 68
Trd, 4319483.543, 122
Trd, 4319484.143, 119
Trd, 4319484.943, 115
Trd, 4319485.843, 132
Trd, 4319486.043, 115
Trd, 4319486.243, 129
Trd, 4319486.943, 106
Trd, 4319487.193, 90
Trd, 4319487.843, 97
Trd, 4319488.643, 114
Trd, 4319489.393, 137
Trd, 4319489.493, 79
Trd, 4319490.743, 90
Trd, 4319491.343, 67
Trd, 4319491.843, 83
Trd, 4319492.093, 88
Trd, 4319492.743, 109
Trd, 4319494.043, 113
Trd, 4319494.943, 127
Trd, 4319495.193, 112
Trd, 4319495.493, 104
Trd, 4319496.543, 111
Trd, 4319496.893, 98
Trd, 4319496.993, 71
Trd, 4319497.943, 117
Trd, 4319499.043, 73
Trd, 4319499.193, 134
Trd, 4319499.793, 99
Trd, 4319500.593, 118
Trd, 4319501.643, 64
Trd, 4319502.593, 125
Trd, 4319503.643, 120
Trd, 4319505.143, 127
Trd, 4319505.193, 96
Trd, 4319505.943, 136
Trd, 4319506.143, 93
Trd, 4319506.693, 72
Trd, 4319507.893, 100
Trd, 4319508.743, 91
Trd, 4319509.843, 70
Trd, 4319510.093, 64
Trd, 4319510.743, 113
Trd, 4319512.743, 77
Trd, 4319512.893, 78
Trd, 4319514.143, 125
Trd, 4319514.593, 99
Trd, 4319516.193, 131
Trd, 4319517.293, 114
Trd, 4319518.743, 137
Trd, 4319518.893, 135
Trd, 4319519.343, 117
Trd, 4319520.243, 115
Trd, 4319520.893, 133
Trd, 4319521.543, 121
Trd, 4319521.643, 121
Trd, 4319522.393, 114
Trd, 4319523.393, 115
Trd, 4319524.093, 108
Trd, 4319524.493, 115
Trd, 4319525.593, 126
Trd, 4319526.043, 116
Trd, 4319526.393, 104
Trd, 4319526.793, 100
Trd, 4319528.593, 132
Trd, 4319528.643, 111
Trd, 4319529.493, 116
Trd, 4319529.593, 103
Trd, 4319530.243, 127
Trd, 4319531.043, 94
Trd, 4319531.843, 100
Trd, 4319532.143, 99
Trd, 4319533.093, 127
Trd, 4319533.293, 105
Trd, 4319533.743, 111
Trd, 4319534.543, 121
Trd, 4319535.143, 70
Trd, 4319535.843, 138
Trd, 4319535.993, 90
Trd, 4319536.943, 126
Trd, 4319537.143, 75
Trd, 4319538.043, 117
Trd, 4319538.643, 92
Trd, 4319539.093, 91
Trd, 4319539.293, 137
Trd, 4319539.893, 62
Trd, 4319540.293, 64
Trd, 4319542.043, 89
Trd, 4319542.543, 93
Trd, 4319543.493, 102
Trd, 4319544.193, 101
Trd, 4319544.543, 90
Trd, 4319545.293, 92
Trd, 4319546.543, 108
Trd, 4319546.843, 104
Trd, 4319546.993, 99
Trd, 4319547.393, 121
Trd, 4319548.143, 112
Trd, 4319548.643, 117
Trd, 4319550.743, 112
Trd, 4319550.943, 99
Trd, 4319550.993, 96
Trd, 4319551.593, 101
Trd, 4319551.743, 82
Trd, 4319552.393, 87
Trd, 4319554.193, 132
Trd, 4319554.293, 123
Trd, 4319556.143, 85
Trd, 4319556.793, 109
Trd, 4319557.143, 93
Trd, 4319557.193, 88
Trd, 4319558.343, 129
Trd, 4319559.743, 105
Trd, 4319559.943, 131
Trd, 4319561.393, 98
Trd, 4319561.543, 92
Trd, 4319562.193, 60
Trd, 4319562.893, 60
Trd, 4319563.143, 67
Trd, 4319564.243, 79
Trd, 4319564.893, 77
Trd, 4319565.243, 104
Trd, 4319565.593, 97
Trd, 4319566.443, 101
Trd, 4319567.293, 112
Trd, 4319567.593, 65
Trd, 4319569.093, 130
Trd, 4319569.143, 120
Trd, 4319569.643, 124
Trd, 4319570.543, 112
Trd, 4319570.843, 105
Trd, 4319571.093, 121
Trd, 4319572.743, 102
Trd, 4319573.593, 95
Trd, 4319574.043, 63
Trd, 4319574.193, 117
Trd, 4319574.393, 83
Trd, 4319576.193, 129
Trd, 4319576.693, 127
Trd, 4319576.893, 111
Trd, 4319577.893, 112
Trd, 4319579.093, 114
Trd, 4319579.343, 104
Trd, 4319579.393, 92
Trd, 4319580.043, 91
Trd, 4319580.193, 80
Trd, 4319581.543, 123
Trd, 4319582.143, 112
Trd, 4319583.343, 95
Trd, 4319583.543, 91
Trd, 4319583.843, 83
Trd, 4319584.543, 77
Trd, 4319585.193, 75
Trd, 4319586.643, 132
Trd, 4319586.943, 85
Trd, 4319587.143, 113
Trd, 4319588.293, 128
Trd, 4319589.543, 89
Trd, 4319589.943, 96
Trd, 4319591.793, 128
Trd, 4319591.993, 118
Trd, 4319592.343, 96
Trd, 4319593.043, 140
Trd, 4319594.243, 116
Trd, 4319594.693, 105
Trd, 4319595.193, 101
Trd, 4319595.993, 119
Trd, 4319597.193, 115
Trd, 4319597.493, 111
Trd, 4319598.293, 105
Trd, 4319598.593, 94
Trd, 4319599.393, 107
Trd, 4319599.693, 113
Trd, 4319600.193, 130
Trd, 4319600.643, 126
Trd, 4319603.593, 106
Trd, 4319603.943, 103
Trd, 4319604.243, 131
Trd, 4319605.443, 60
Trd, 4319606.193, 60
Trd, 4319606.693, 66
Trd, 4319608.143, 64
Trd, 4319608.293, 66
Trd, 4319608.493, 85
Trd, 4319609.343, 81
Trd, 4319609.743, 67
Trd, 4319610.393, 75
Trd, 4319611.393, 115
Trd, 4319612.193, 125
Trd, 4319612.693, 131
Trd, 4319613.443, 109
Trd, 4319613.643, 98
Trd, 4319614.493, 134
Trd, 4319615.593, 107
Trd, 4319617.143, 133
Trd, 4319618.043, 126
Trd, 4319618.493, 112
Trd, 4319619.343, 124
Trd, 4319619.443, 101
Trd, 4319620.243, 121
Trd, 4319620.543, 108
Trd, 4319621.643, 95
Trd, 4319622.043, 140
Trd, 4319622.293, 102
Trd, 4319623.143, 120
Trd, 4319623.443, 104
Trd, 4319623.543, 75
Trd, 4319625.443, 112
Trd, 4319625.793, 119
Trd, 4319626.393, 100
Trd, 4319626.943, 133
Trd, 4319627.143, 92
Trd, 4319628.743, 134
Trd, 4319629.093, 121
Trd, 4319629.993, 132
Trd, 4319630.643, 102
Trd, 4319630.993, 105
Trd, 4319632.193, 137
Trd, 4319633.443, 114
Trd, 4319633.843, 109
Trd, 4319634.293, 91
Trd, 4319635.043, 120
Trd, 4319635.543, 130
Trd, 4319635.593, 89
Trd, 4319636.093, 119
Trd, 4319636.393, 90
Trd, 4319637.293, 113
Trd, 4319638.643, 116
Trd, 4319638.693, 103
Trd, 4319640.543, 97
Trd, 4319640.743, 96
Trd, 4319641.343, 90
Trd, 4319641.893, 68
Trd, 4319642.993, 80
Trd, 4319643.643, 103
Trd, 4319643.893, 136
Trd, 4319645.143, 134
Trd, 4319645.893, 132
Trd, 4319647.343, 126
Trd, 4319648.093, 139
Trd, 4319649.243, 113
Trd, 4319649.293, 104
Trd, 4319650.843, 132
Trd, 4319651.143, 104
Trd, 4319652.193, 72
Trd, 4319652.643, 93
Trd, 4319652.693, 78
Trd, 4319653.043, 131
Trd, 4319653.293, 111
Trd, 4319654.693, 126
Trd, 4319654.743, 112
Trd, 4319655.993, 115
Trd, 4319656.643, 87
Trd, 4319656.893, 93
Trd, 4319658.093, 111
Trd, 4319658.693, 135
Trd, 4319658.943, 119
Trd, 4319659.143, 106
Trd, 4319660.543, 127
Trd, 4319662.093, 131
Trd, 4319662.493, 137
Trd, 4319662.993, 105
Trd, 4319663.443, 89
Trd, 4319663.693, 129
Trd, 4319664.993, 77
Trd, 4319666.543, 127
Trd, 4319667.143, 96
Trd, 4319667.493, 90
Trd, 4319667.743, 114
Trd, 4319667.893, 86
Trd, 4319667.943, 78
Trd, 4319669.293, 73
Trd, 4319669.943, 81
Trd, 4319671.293, 136
Trd, 4319671.643, 106
Trd, 4319672.093, 119
Trd, 4319672.193, 102
Trd, 4319672.793, 135
Trd, 4319674.643, 119
Trd, 4319675.593, 80
Trd, 4319676.343, 128
Trd, 4319676.643, 63
Trd, 4319678.443, 118
Trd, 4319678.543, 104
Trd, 4319679.543, 114
Trd, 4319679.843, 133
Trd, 4319680.143, 107
Trd, 4319680.393, 94
Trd, 4319680.993, 88
Trd, 4319682.243, 89
Trd, 4319682.493, 119
Trd, 4319683.043, 71
Trd, 4319684.243, 94
Trd, 4319685.043, 112
Trd, 4319685.343, 101
Trd, 4319685.993, 76
Trd, 4319686.993, 134
Trd, 4319687.643, 136
Trd, 4319688.093, 122
Trd, 4319689.243, 130
Trd, 4319689.443, 105
Trd, 4319690.193, 105
Trd, 4319691.043, 100
Trd, 4319691.093, 89
Trd, 4319691.993, 111
Trd, 4319693.343, 110
Trd, 4319693.943, 94
Trd, 4319694.893, 120
Trd, 4319694.943, 126
Trd, 4319695.343, 115
Trd, 4319696.243, 104
Trd, 4319696.743, 135
Trd, 4319697.393, 106
Trd, 4319698.143, 105
Trd, 4319700.193, 128
Trd, 4319700.443, 78
Trd, 4319700.993, 73
Trd, 4319703.093, 91
Trd, 4319703.193, 79
Trd, 4319703.493, 109
Trd, 4319703.743, 77
Trd, 4319705.493, 76
Trd, 4319705.893, 139
Trd, 4319706.693, 101
Trd, 4319706.843, 68
Trd, 4319707.143, 121
Trd, 4319707.593, 91
Trd, 4319707.943, 74
Trd, 4319709.243, 121
Trd, 4319709.343, 118
Trd, 4319709.843, 97
Trd, 4319710.893, 92
Trd, 4319711.893, 94
Trd, 4319713.393, 125
Trd, 4319713.643, 117
Trd, 4319713.693, 104
Trd, 4319714.493, 103
Trd, 4319714.843, 76
Trd, 4319716.143, 64
Trd, 4319717.493, 123
Trd, 4319717.693, 124
Trd, 4319717.943, 108
Trd, 4319718.443, 125
Trd, 4319718.743, 120
Trd, 4319719.243, 71
Trd, 4319719.493, 82
Trd, 4319720.343, 74
Trd, 4319720.493, 69
Trd, 4319720.793, 99
Trd, 4319721.593, 119
Trd, 4319724.493, 107
Trd, 4319724.693, 127
Trd, 4319725.793, 120
Trd, 4319725.893, 115
Trd, 4319726.243, 100
Trd, 4319726.343, 91
Trd, 4319726.793, 97
Trd, 4319727.643, 72
Trd, 4319727.993, 78
Trd, 4319729.193, 112
Trd, 4319729.543, 105
Trd, 4319731.193, 114
Trd, 4319731.393, 107
Trd, 4319733.493, 134
Trd, 4319734.493, 122
Trd, 4319735.243, 139
Trd, 4319735.343, 132
Trd, 4319735.493, 125
Trd, 4319735.693, 80
Trd, 4319735.993, 88
Trd, 4319736.443, 133
Trd, 4319736.843, 120
Trd, 4319738.143, 85
Trd, 4319738.193, 84
Trd, 4319738.593, 73
Trd, 4319739.743, 93
Trd, 4319741.443, 111
Trd, 4319742.643, 90
Trd, 4319743.293, 107
Trd, 4319743.993, 98
Trd, 4319744.293, 111
Trd, 4319746.093, 124
Trd, 4319746.493, 129
Trd, 4319746.943, 113
Trd, 4319747.843, 102
Trd, 4319748.593, 77
Trd, 4319749.043, 77
Trd, 4319749.193, 69
Trd, 4319750.743, 135
Trd, 4319751.943, 110
Trd, 4319752.243, 92
Trd, 4319752.893, 139
Trd, 4319753.843, 127
Trd, 4319755.143, 135
Trd, 4319755.743, 120
Trd, 4319756.543, 103
Trd, 4319756.693, 98
Trd, 4319756.893, 100
Trd, 4319756.943, 97
Trd, 4319757.343, 92
Trd, 4319759.093, 139
Trd, 4319760.593, 131
Trd, 4319761.793, 114
Trd, 4319762.293, 104
Trd, 4319762.443, 99
Trd, 4319763.993, 140
Trd, 4319764.143, 128
Trd, 4319765.093, 126
Trd, 4319765.943, 133
Trd, 4319766.393, 122
Trd, 4319766.693, 113
Trd, 4319766.793, 109
Trd, 4319767.693, 111
Trd, 4319768.243, 133
Trd, 4319768.343, 123
Trd, 4319769.243, 109
Trd, 4319772.143, 130
Trd, 4319772.493, 120
Trd, 4319773.193, 110
Trd, 4319773.293, 107
Trd, 4319773.593, 99
Trd, 4319774.093, 100
Trd, 4319774.593, 95
Trd, 4319774.643, 66
Trd, 4319775.243, 76
Trd, 4319776.793, 66
Trd, 4319777.743, 85
Trd, 4319778.793, 97
Trd, 4319779.593, 100
Trd, 4319779.693, 93
Trd, 4319780.493, 112
Trd, 4319780.893, 97
Trd, 4319780.943, 82
Trd, 4319781.993, 104
Trd, 4319782.693, 140
Trd, 4319783.743, 84
Trd, 4319784.143, 67
Trd, 4319784.843, 96
Trd, 4319786.043, 123
Trd, 4319786.193, 114
Trd, 4319786.443, 115
Trd, 4319787.643, 101
Trd, 4319787.843, 90
Trd, 4319787.993, 71
Trd, 4319788.293, 71
Trd, 4319789.943, 92
Trd, 4319790.343, 97
Trd, 4319791.743, 115
Trd, 4319791.893, 96
Trd, 4319791.993, 93
Trd, 4319793.093, 125
Trd, 4319794.993, 131
Trd, 4319795.343, 113
Trd, 4319796.093, 93
Trd, 4319797.543, 111
Trd, 4319797.793, 92
Trd, 4319798.343, 136
Trd, 4319798.493, 119
Trd, 4319798.893, 117
Trd, 4319799.643, 131
Trd, 4319800.093, 137
Trd, 4319801.093, 104
Trd, 4319802.443, 87
Trd, 4319802.693, 90
Trd, 4319804.893, 117
Trd, 4319805.693, 137
Trd, 4319805.893, 132
Trd, 4319806.693, 127
Trd, 4319806.793, 116
Trd, 4319807.393, 120
Trd, 4319807.643, 110
Trd, 4319807.993, 140
Trd, 4319808.793, 127
Trd, 4319810.593, 137
Trd, 4319810.843, 109
Trd, 4319811.243, 121
Trd, 4319811.843, 102
Trd, 4319812.293, 94
Trd, 4319812.743, 89
Trd, 4319813.393, 76
Trd, 4319814.543, 110
Trd, 4319815.193, 89
Trd, 4319816.243, 94
Trd, 4319816.993, 91
Trd, 4319817.493, 90
Trd, 4319817.843, 88
Trd, 4319818.143, 84
Trd, 4319818.343, 83
Trd, 4319819.843, 97
Trd, 4319820.193, 90
Trd, 4319821.243, 99
Trd, 4319821.543, 76
Trd, 4319821.743, 113
Trd, 4319822.643, 71
Trd, 4319822.893, 63
Trd, 4319823.143, 84
Trd, 4319823.993, 80
Trd, 4319824.093, 71
Trd, 4319825.393, 60
Trd, 4319825.493, 88
Trd, 4319826.343, 93
Trd, 4319826.743, 114
Trd, 4319827.693, 134
Trd, 4319827.743, 124
Trd, 4319828.343, 120
Trd, 4319829.293, 124
Trd, 4319831.743, 138
Trd, 4319831.793, 137
Trd, 4319832.143, 124
Trd, 4319832.893, 98
Trd, 4319834.193, 104
Trd, 4319834.693, 108
Trd, 4319835.993, 115
Trd, 4319836.043, 101
Trd, 4319836.693, 109
Trd, 4319837.543, 132
Trd, 4319837.943, 108
Trd, 4319838.543, 82
Trd, 4319838.593, 71
Trd, 4319838.893, 83
Trd, 4319840.243, 130
Trd, 4319840.993, 128
Trd, 4319841.093, 117
Trd, 4319841.393, 103
Trd, 4319842.093, 132
Trd, 4319842.443, 120
Trd, 4319843.243, 127
Trd, 4319843.293, 111
Trd, 4319843.993, 79
Trd, 4319844.543, 129
Trd, 4319845.493, 102
Trd, 4319846.043, 88
Trd, 4319846.543, 138
Trd, 4319848.293, 110
Trd, 4319848.593, 85
Trd, 4319848.893, 113
Trd, 4319850.643, 60
Trd, 4319851.493, 122
Trd, 4319851.593, 109
Trd, 4319852.693, 109
Trd, 4319853.393, 140
Trd, 4319853.843, 122
Trd, 4319853.943, 102
Trd, 4319854.993, 122
Trd, 4319855.243, 107
Trd, 4319856.843, 117
Trd, 4319857.043, 112
Trd, 4319857.343, 119
Trd, 4319859.143, 112
Trd, 4319859.393, 110
Trd, 4319861.543, 136
Trd, 4319861.693, 123
Trd, 4319861.843, 112
Trd, 4319862.643, 140
Trd, 4319862.943, 128
Trd, 4319862.993, 116
Trd, 4319863.593, 105
Trd, 4319864.093, 93
Trd, 4319865.543, 128
Trd, 4319866.543, 126
Trd, 4319867.993, 137
Trd, 4319868.743, 120
Trd, 4319869.443, 86
Trd, 4319869.943, 120
Trd, 4319872.043, 128
Trd, 4319872.093, 118
Trd, 4319872.193, 113
Trd, 4319873.643, 93
Trd, 4319873.943, 80
Trd, 4319874.343, 127
Trd, 4319875.343, 94
Trd, 4319877.293, 105
Trd, 4319877.393, 104
Trd, 4319878.593, 110
Trd, 4319879.393, 109
Trd, 4319879.843, 94
Trd, 4319880.293, 130
Trd, 4319880.943, 127
Trd, 4319882.043, 122
Trd, 4319882.693, 110
Trd, 4319883.343, 103
Trd, 4319883.443, 113
Trd, 4319884.293, 98
Trd, 4319884.693, 88
Trd, 4319885.243, 89
Trd, 4319885.843, 98
Trd, 4319886.693, 61
Trd, 4319887.143, 63
Trd, 4319887.193, 121
Trd, 4319888.643, 129
Trd, 4319889.193, 130
Trd, 4319890.693, 126
Trd, 4319891.693, 121
Trd, 4319891.943, 108
Trd, 4319892.093, 107
Trd, 4319894.243, 117
Trd, 4319894.393, 138
Trd, 4319894.693, 98
Trd, 4319894.743, 95
Trd, 4319897.593, 138
Trd, 4319898.193, 132
Trd, 4319898.443, 120
Trd, 4319898.543, 119
Trd, 4319898.593, 119
Trd, 4319898.993, 95
Trd, 4319899.243, 115
Trd, 4319900.043, 112
Trd, 4319900.593, 100
Trd, 4319901.343, 93
Trd, 4319902.343, 107
Trd, 4319903.693, 119
Trd, 4319903.943, 114
Trd, 4319904.543, 130
Trd, 4319905.443, 109
Trd, 4319905.793, 118
Trd, 4319905.993, 118
Trd, 4319906.693, 130
Trd, 4319907.093, 102
Trd, 4319907.193, 97
Trd, 4319909.393, 117
Trd, 4319909.693, 91
Trd, 4319910.293, 125
Trd, 4319910.793, 76
Trd, 4319911.893, 112
Trd, 4319912.643, 130
Trd, 4319914.143, 109
Trd, 4319915.193, 133
Trd, 4319915.243, 118
Trd, 4319915.343, 116
Trd, 4319916.043, 100
Trd, 4319916.693, 91
Trd, 4319917.943, 104
Trd, 4319918.743, 128
Trd, 4319919.843, 104
Trd, 4319920.643, 116
Trd, 4319921.793, 109
Trd, 4319922.493, 103
Trd, 4319924.643, 127
Trd, 4319925.043, 124
Trd, 4319925.343, 121
Trd, 4319925.843, 107
Trd, 4319925.893, 103
Trd, 4319926.293, 112
Trd, 4319926.893, 79
Trd, 4319927.643, 83
Trd, 4319928.893, 96
Trd, 4319929.143, 110
Trd, 4319929.493, 76
Trd, 4319930.193, 114
Trd, 4319930.593, 116
Trd, 4319931.343, 86
Trd, 4319932.193, 89
Trd, 4319933.293, 109
Trd, 4319933.393, 96
Trd, 4319933.993, 137
Trd, 4319934.393, 73
Trd, 4319935.493, 137
Trd, 4319936.693, 94
Trd, 4319936.893, 93
Trd, 4319937.943, 81
Trd, 4319938.243, 82
Trd, 4319939.643, 121
Trd, 4319940.343, 118
Trd, 4319940.993, 123
Trd, 4319941.693, 122
Trd, 4319941.843, 109
Trd, 4319942.793, 115
Trd, 4319942.893, 108
Trd, 4319942.943, 104
Trd, 4319945.143, 111
Trd, 4319946.743, 126
Trd, 4319946.893, 124
Trd, 4319947.643, 97
Trd, 4319947.843, 97
Trd, 4319948.693, 99
Trd, 4319949.443, 129
Trd, 4319949.793, 138
Trd, 4319951.143, 121
Trd, 4319951.443, 128
Trd, 4319951.743, 106
Trd, 4319953.243, 131
Trd, 4319953.393, 128
Trd, 4319955.193, 113
Trd, 4319955.693, 133
Trd, 4319956.843, 118
Trd, 4319956.893, 104
Trd, 4319957.193, 134
Trd, 4319957.393, 129
Trd, 4319957.943, 80
Trd, 4319958.043, 85
Trd, 4319958.943, 99
Trd, 4319959.943, 111
Trd, 4319960.793, 106
Trd, 4319961.843, 92
Trd, 4319962.893, 67
Trd, 4319963.393, 115
Trd, 4319966.193, 118
Trd, 4319966.293, 116
Trd, 4319966.593, 115
Trd, 4319967.293, 84
Trd, 4319967.993, 136
Trd, 4319968.993, 138
Trd, 4319969.093, 129
Trd, 4319970.793, 86
Trd, 4319971.393, 112
Trd, 4319972.093, 109
Trd, 4319972.643, 113
Trd, 4319972.693, 130
Trd, 4319973.343, 89
Trd, 4319975.693, 82
Trd, 4319975.793, 110
Trd, 4319976.793, 128
Trd, 4319977.043, 80
Trd, 4319977.243, 98
Trd, 4319977.743, 123
Trd, 4319977.843, 77
Trd, 4319977.993, 135
Trd, 4319979.593, 91
Trd, 4319982.793, 122
Trd, 4319982.943, 95
Trd, 4319983.593, 95
Trd, 4319983.643, 110
Trd, 4319985.243, 91
Trd, 4319987.293, 104
Trd, 4319987.643, 94
Trd, 4319988.243, 124
Trd, 4319988.543, 136
Trd, 4319988.593, 117
Trd, 4319989.443, 138
Trd, 4319990.043, 122
Trd, 4319991.593, 140
Trd, 4319992.043, 112
Trd, 4319992.393, 116
Trd, 4319992.443, 102
Trd, 4319993.743, 132
Trd, 4319994.693, 136
Trd, 4319994.993, 135
Trd, 4319995.943, 131
Trd, 4319996.843, 127
Trd, 4319996.943, 118
Trd, 4319998.493, 116
Trd, 4319998.593, 99
Trd, 4319998.693, 82
Trd, 4319999.093, 126
Trd, 4319999.393, 124
