Trd, 4318067.943, 91
Trd, 4318068.093, 83
Trd, 4318068.593, 92
Trd, 4318068.743, 115
Trd, 4318072.043, 119
Trd, 4318072.393, 84
Trd, 4318072.493, 88
Trd, 4318073.443, 106
Trd, 4318073.893, 110
Trd, 4318074.393, 84
Trd, 4318074.543, 107
Trd, 4318075.293, 72
Trd, 4318076.643, 101
Trd, 4318077.093, 107
Trd, 4318077.393, 87
Trd, 4318077.743, 82
Trd, 4318079.443, 94
Trd, 4318079.593, 108
Trd, 4318079.993, 94
Trd, 4318082.693, 121
Trd, 4318083.043, 119
Trd, 4318083.193, 112
Trd, 4318083.443, 93
Trd, 4318084.043, 67
Trd, 4318084.293, 74
Trd, 4318084.443, 118
Trd, 4318084.943, 88
Trd, 4318085.843, 95
Trd, 4318087.043, 136
Trd, 4318087.593, 129
Trd, 4318088.093, 119
Trd, 4318088.143, 94
Trd, 4318089.793, 126
Trd, 4318090.243, 119
Trd, 4318092.843, 92
Trd, 4318092.993, 117
Trd, 4318093.193, 93
Trd, 4318093.893, 91
Trd, 4318094.543, 121
Trd, 4318095.343, 93
Trd, 4318095.393, 92
Trd, 4318095.543, 61
Trd, 4318096.943, 98
Trd, 4318097.093, 96
Trd, 4318098.393, 77
Trd, 4318099.243, 101
Trd, 4318099.693, 131
Trd, 4318100.543, 120
Trd, 4318101.493, 125
Trd, 4318101.893, 121
Trd, 4318102.793, 77
Trd, 4318102.993, 92
Trd, 4318104.493, 128
Trd, 4318104.543, 96
Trd, 4318106.693, 116
Trd, 4318107.393, 104
Trd, 4318107.593, 89
Trd, 4318108.043, 89
Trd, 4318108.543, 82
Trd, 4318108.893, 80
Trd, 4318109.543, 99
Trd, 4318112.093, 123
Trd, 4318112.693, 90
Trd, 4318112.993, 99
Trd, 4318114.443, 112
Trd, 4318115.093, 112
Trd, 4318115.243, 121
Trd, 4318117.543, 117
Trd, 4318118.693, 120
Trd, 4318119.043, 113
Trd, 4318119.093, 109
Trd, 4318119.143, 101
Trd, 4318119.343, 104
Trd, 4318119.643, 122
Trd, 4318121.293, 109
Trd, 4318121.343, 122
Trd, 4318122.543, 123
Trd, 4318122.793, 112
Trd, 4318123.193, 104
Trd, 4318123.843, 98
Trd, 4318124.043, 87
Trd, 4318126.093, 108
Trd, 4318126.593, 88
Trd, 4318126.643, 85
Trd, 4318128.843, 111
Trd, 4318129.043, 100
Trd, 4318129.243, 120
Trd, 4318130.093, 99
Trd, 4318131.643, 120
Trd, 4318132.793, 138
Trd, 4318134.443, 115
Trd, 4318134.593, 93
Trd, 4318134.693, 91
Trd, 4318136.793, 91
Trd, 4318137.143, 104
Trd, 4318137.193, 113
Trd, 4318139.393, 100
Trd, 4318140.293, 91
Trd, 4318142.243, 135
Trd, 4318142.843, 126
Trd, 4318142.943, 103
Trd, 4318143.293, 96
Trd, 4318144.443, 131
Trd, 4318144.693, 98
Trd, 4318145.443, 113
Trd, 4318145.693, 103
Trd, 4318146.893, 85
Trd, 4318147.143, 65
Trd, 4318149.243, 127
Trd, 4318149.843, 118
Trd, 4318150.543, 123
Trd, 4318150.793, 96
Trd, 4318151.593, 97
Trd, 4318152.393, 84
Trd, 4318152.593, 89
Trd, 4318154.193, 103
Trd, 4318154.293, 90
Trd, 4318154.343, 76
Trd, 4318154.493, 105
Trd, 4318155.593, 77
Trd, 4318157.543, 78
Trd, 4318157.593, 117
Trd, 4318158.193, 66
Trd, 4318159.293, 82
Trd, 4318159.643, 109
Trd, 4318160.043, 89
Trd, 4318161.043, 77
Trd, 4318163.043, 127
Trd, 4318163.343, 100
Trd, 4318163.493, 99
Trd, 4318163.893, 140
Trd, 4318165.293, 90
Trd, 4318165.643, 112
Trd, 4318167.893, 120
Trd, 4318168.143, 117
Trd, 4318168.543, 127
Trd, 4318169.093, 110
Trd, 4318170.393, 116
Trd, 4318170.643, 112
Trd, 4318171.493, 108
Trd, 4318172.293, 84
Trd, 4318172.493, 105
Trd, 4318173.143, 94
Trd, 4318173.943, 106
Trd, 4318174.793, 93
Trd, 4318175.243, 100
Trd, 4318175.893, 105
Trd, 4318176.593, 107
Trd, 4318176.843, 78
Trd, 4318177.193, 93
Trd, 4318178.093, 91
Trd, 4318178.643, 65
Trd, 4318178.693, 67
Trd, 4318180.693, 94
Trd, 4318180.743, 97
Trd, 4318182.643, 104
Trd, 4318183.143, 71
Trd, 4318183.693, 68
Trd, 4318186.543, 121
Trd, 4318186.793, 90
Trd, 4318187.143, 97
Trd, 4318187.643, 89
Trd, 4318188.343, 121
Trd, 4318188.993, 114
Trd, 4318191.043, 112
Trd, 4318191.843, 103
Trd, 4318192.093, 140
Trd, 4318192.393, 93
Trd, 4318192.793, 118
Trd, 4318194.593, 88
Trd, 4318195.243, 69
Trd, 4318196.793, 117
Trd, 4318197.993, 82
Trd, 4318198.243, 131
Trd, 4318198.693, 128
Trd, 4318198.993, 98
Trd, 4318200.093, 83
Trd, 4318200.993, 98
Trd, 4318201.193, 86
Trd, 4318203.493, 104
Trd, 4318203.993, 97
Trd, 4318205.243, 126
Trd, 4318205.393, 94
Trd, 4318206.643, 76
Trd, 4318209.243, 91
Trd, 4318209.693, 92
Trd, 4318210.243, 89
Trd, 4318210.843, 91
Trd, 4318211.243, 121
Trd, 4318211.793, 82
Trd, 4318212.643, 132
Trd, 4318213.593, 136
Trd, 4318214.043, 115
Trd, 4318215.643, 88
Trd, 4318215.993, 119
Trd, 4318216.843, 118
Trd, 4318218.543, 97
Trd, 4318218.993, 100
Trd, 4318220.143, 113
Trd, 4318220.543, 90
Trd, 4318220.843, 77
Trd, 4318221.793, 81
Trd, 4318221.943, 136
Trd, 4318222.993, 79
Trd, 4318223.443, 80
Trd, 4318224.143, 98
Trd, 4318225.143, 135
Trd, 4318225.393, 115
Trd, 4318226.343, 76
Trd, 4318228.693, 105
Trd, 4318229.093, 105
Trd, 4318229.643, 92
Trd, 4318230.593, 95
Trd, 4318231.643, 111
Trd, 4318233.143, 106
Trd, 4318234.743, 118
Trd, 4318235.993, 130
Trd, 4318237.093, 121
Trd, 4318237.343, 101
Trd, 4318238.943, 108
Trd, 4318239.343, 96
Trd, 4318239.593, 82
Trd, 4318240.443, 92
Trd, 4318241.793, 136
Trd, 4318242.993, 79
Trd, 4318243.743, 112
Trd, 4318243.943, 100
Trd, 4318243.993, 99
Trd, 4318245.493, 130
Trd, 4318245.943, 94
Trd, 4318246.193, 110
Trd, 4318247.343, 86
Trd, 4318248.093, 91
Trd, 4318248.893, 102
Trd, 4318249.643, 101
Trd, 4318249.843, 63
Trd, 4318251.393, 112
Trd, 4318252.943, 87
Trd, 4318253.443, 79
Trd, 4318253.843, 114
Trd, 4318255.143, 132
Trd, 4318255.593, 134
Trd, 4318256.793, 120
Trd, 4318257.143, 113
Trd, 4318257.743, 100
Trd, 4318257.793, 77
Trd, 4318259.393, 104
Trd, 4318260.093, 117
Trd, 4318261.943, 117
Trd, 4318262.143, 100
Trd, 4318262.343, 74
Trd, 4318263.743, 116
Trd, 4318264.043, 107
Trd, 4318264.743, 127
Trd, 4318265.093, 95
Trd, 4318267.493, 100
Trd, 4318267.843, 111
Trd, 4318268.643, 139
Trd, 4318268.993, 115
Trd, 4318269.443, 128
Trd, 4318270.643, 133
Trd, 4318270.693, 115
Trd, 4318271.293, 106
Trd, 4318271.793, 75
Trd, 4318273.393, 127
Trd, 4318274.243, 72
Trd, 4318274.943, 68
Trd, 4318274.993, 71
Trd, 4318275.093, 123
Trd, 4318277.393, 126
Trd, 4318278.393, 134
Trd, 4318279.043, 119
Trd, 4318279.893, 81
Trd, 4318280.993, 69
Trd, 4318281.993, 78
Trd, 4318282.943, 129
Trd, 4318283.743, 106
Trd, 4318284.593, 107
Trd, 4318285.143, 91
Trd, 4318285.293, 107
Trd, 4318285.443, 76
Trd, 4318288.393, 118
Trd, 4318288.443, 134
Trd, 4318288.643, 65
Trd, 4318289.293, 122
Trd, 4318290.143, 125
Trd, 4318291.293, 107
Trd, 4318292.543, 76
Trd, 4318292.943, 102
Trd, 4318295.093, 102
Trd, 4318295.543, 90
Trd, 4318296.793, 134
Trd, 4318297.243, 118
Trd, 4318297.893, 73
Trd, 4318298.243, 72
Trd, 4318300.043, 117
Trd, 4318301.593, 105
Trd, 4318301.843, 116
Trd, 4318302.043, 74
Trd, 4318303.893, 130
Trd, 4318304.143, 128
Trd, 4318304.993, 125
Trd, 4318305.093, 117
Trd, 4318305.843, 116
Trd, 4318306.443, 119
Trd, 4318306.943, 97
Trd, 4318307.093, 89
Trd, 4318308.593, 85
Trd, 4318309.893, 108
Trd, 4318310.993, 122
Trd, 4318311.143, 112
Trd, 4318312.043, 90
Trd, 4318312.493, 75
Trd, 4318314.443, 85
Trd, 4318314.593, 68
Trd, 4318315.543, 102
Trd, 4318316.043, 73
Trd, 4318316.193, 104
Trd, 4318317.543, 120
Trd, 4318317.843, 115
Trd, 4318318.793, 134
Trd, 4318319.593, 115
Trd, 4318319.743, 98
Trd, 4318320.093, 92
Trd, 4318320.693, 105
Trd, 4318322.043, 129
Trd, 4318322.743, 122
Trd, 4318323.993, 136
Trd, 4318324.743, 126
Trd, 4318326.043, 98
Trd, 4318327.793, 123
Trd, 4318328.443, 114
Trd, 4318329.193, 113
Trd, 4318330.093, 108
Trd, 4318330.393, 86
Trd, 4318332.493, 117
Trd, 4318333.243, 110
Trd, 4318333.793, 131
Trd, 4318334.493, 81
Trd, 4318335.643, 97
Trd, 4318336.493, 131
Trd, 4318336.543, 127
Trd, 4318336.993, 122
Trd, 4318337.943, 106
Trd, 4318337.993, 94
Trd, 4318339.693, 122
Trd, 4318339.843, 122
Trd, 4318339.993, 95
Trd, 4318340.543, 92
Trd, 4318341.993, 105
Trd, 4318342.093, 111
Trd, 4318342.943, 116
Trd, 4318343.293, 105
Trd, 4318344.143, 134
Trd, 4318345.693, 101
Trd, 4318346.193, 90
Trd, 4318346.343, 81
Trd, 4318347.843, 127
Trd, 4318348.793, 107
Trd, 4318349.493, 110
Trd, 4318350.943, 115
Trd, 4318351.743, 99
Trd, 4318352.693, 128
Trd, 4318353.543, 126
Trd, 4318353.593, 118
Trd, 4318355.293, 110
Trd, 4318355.493, 104
Trd, 4318356.643, 103
Trd, 4318357.593, 102
Trd, 4318358.293, 106
Trd, 4318359.043, 78
Trd, 4318359.343, 71
Trd, 4318359.643, 71
Trd, 4318360.343, 90
Trd, 4318361.693, 120
Trd, 4318362.293, 133
Trd, 4318362.793, 119
Trd, 4318363.343, 118
Trd, 4318364.493, 115
Trd, 4318365.593, 85
Trd, 4318366.343, 99
Trd, 4318367.293, 106
Trd, 4318367.843, 115
Trd, 4318369.043, 112
Trd, 4318370.093, 114
Trd, 4318370.193, 108
Trd, 4318371.693, 81
Trd, 4318372.593, 109
Trd, 4318373.693, 100
Trd, 4318376.343, 115
Trd, 4318377.643, 130
Trd, 4318377.943, 109
Trd, 4318379.193, 94
Trd, 4318379.893, 99
Trd, 4318380.743, 139
Trd, 4318381.093, 106
Trd, 4318381.793, 100
Trd, 4318382.643, 96
Trd, 4318383.943, 128
Trd, 4318383.993, 119
Trd, 4318387.093, 109
Trd, 4318387.393, 108
Trd, 4318388.443, 129
Trd, 4318389.043, 114
Trd, 4318389.693, 71
Trd, 4318391.143, 100
Trd, 4318391.543, 91
Trd, 4318391.793, 101
Trd, 4318392.843, 112
Trd, 4318393.543, 116
Trd, 4318394.793, 97
Trd, 4318395.093, 133
Trd, 4318395.443, 89
Trd, 4318396.543, 129
Trd, 4318397.993, 127
Trd, 4318399.293, 102
Trd, 4318400.743, 118
Trd, 4318401.743, 81
Trd, 4318402.093, 95
Trd, 4318402.393, 95
Trd, 4318402.543, 96
Trd, 4318403.943, 135
Trd, 4318404.493, 118
Trd, 4318405.793, 116
Trd, 4318406.493, 99
Trd, 4318408.693, 139
Trd, 4318408.943, 128
Trd, 4318408.993, 115
Trd, 4318410.343, 133
Trd, 4318411.193, 103
Trd, 4318411.893, 116
Trd, 4318412.043, 112
Trd, 4318412.993, 118
Trd, 4318413.593, 64
Trd, 4318414.043, 96
Trd, 4318415.143, 126
Trd, 4318416.093, 132
Trd, 4318416.593, 87
Trd, 4318418.043, 125
Trd, 4318418.493, 127
Trd, 4318419.393, 122
Trd, 4318419.493, 117
Trd, 4318420.943, 109
Trd, 4318421.293, 86
Trd, 4318421.493, 133
Trd, 4318422.993, 103
Trd, 4318423.643, 83
Trd, 4318423.793, 102
Trd, 4318425.743, 110
Trd, 4318426.543, 114
Trd, 4318428.543, 104
Trd, 4318428.943, 106
Trd, 4318429.393, 86
Trd, 4318429.443, 107
Trd, 4318431.543, 113
Trd, 4318432.793, 105
Trd, 4318432.893, 105
Trd, 4318433.443, 86
Trd, 4318433.593, 106
Trd, 4318435.193, 89
Trd, 4318436.993, 115
Trd, 4318437.543, 74
Trd, 4318439.243, 75
Trd, 4318439.543, 100
Trd, 4318439.693, 113
Trd, 4318440.193, 112
Trd, 4318441.743, 103
Trd, 4318444.243, 122
Trd, 4318444.393, 120
Trd, 4318444.493, 100
Trd, 4318445.493, 104
Trd, 4318445.993, 84
Trd, 4318446.343, 83
Trd, 4318446.893, 78
Trd, 4318448.493, 108
Trd, 4318448.993, 99
Trd, 4318449.043, 85
Trd, 4318450.393, 103
Trd, 4318450.543, 74
Trd, 4318450.843, 75
Trd, 4318451.243, 117
Trd, 4318451.643, 97
Trd, 4318453.643, 131
Trd, 4318454.643, 109
Trd, 4318455.143, 119
Trd, 4318455.993, 105
Trd, 4318456.543, 120
Trd, 4318456.743, 127
Trd, 4318457.143, 89
Trd, 4318458.493, 111
Trd, 4318459.193, 104
Trd, 4318460.543, 124
Trd, 4318460.893, 139
Trd, 4318461.343, 126
Trd, 4318461.393, 108
Trd, 4318462.693, 113
Trd, 4318463.893, 109
Trd, 4318464.643, 109
Trd, 4318464.893, 85
Trd, 4318465.643, 78
Trd, 4318468.193, 100
Trd, 4318468.643, 86
Trd, 4318469.343, 88
Trd, 4318469.993, 104
Trd, 4318470.343, 78
Trd, 4318470.443, 108
Trd, 4318472.343, 118
Trd, 4318472.643, 105
Trd, 4318473.243, 83
Trd, 4318474.243, 90
Trd, 4318474.393, 99
Trd, 4318474.593, 87
Trd, 4318477.593, 78
Trd, 4318478.143, 85
Trd, 4318478.193, 88
Trd, 4318480.193, 111
Trd, 4318480.243, 125
Trd, 4318480.643, 108
Trd, 4318481.543, 101
Trd, 4318481.743, 73
Trd, 4318482.393, 130
Trd, 4318483.343, 90
Trd, 4318483.943, 68
Trd, 4318484.843, 90
Trd, 4318486.843, 84
Trd, 4318489.143, 105
Trd, 4318489.193, 84
Trd, 4318490.993, 135
Trd, 4318491.393, 123
Trd, 4318491.943, 112
Trd, 4318493.543, 126
Trd, 4318494.643, 86
Trd, 4318495.943, 118
Trd, 4318497.743, 114
Trd, 4318498.643, 99
Trd, 4318499.093, 96
Trd, 4318499.293, 127
Trd, 4318499.393, 79
Trd, 4318500.743, 110
Trd, 4318500.793, 102
Trd, 4318502.543, 69
Trd, 4318502.843, 66
Trd, 4318502.993, 94
Trd, 4318503.893, 81
Trd, 4318505.193, 81
Trd, 4318505.243, 90
Trd, 4318506.343, 128
Trd, 4318507.493, 134
Trd, 4318507.543, 102
Trd, 4318507.843, 90
Trd, 4318511.393, 113
Trd, 4318511.743, 108
Trd, 4318512.093, 101
Trd, 4318514.293, 114
Trd, 4318514.843, 125
Trd, 4318514.893, 111
Trd, 4318516.293, 88
Trd, 4318516.593, 82
Trd, 4318517.093, 115
Trd, 4318517.543, 96
Trd, 4318518.293, 71
Trd, 4318519.993, 80
Trd, 4318520.793, 64
Trd, 4318521.143, 105
Trd, 4318521.993, 108
Trd, 4318522.493, 89
Trd, 4318522.943, 100
Trd, 4318523.343, 84
Trd, 4318524.593, 85
Trd, 4318525.043, 75
Trd, 4318525.993, 128
Trd, 4318528.143, 127
Trd, 4318528.593, 128
Trd, 4318529.443, 99
Trd, 4318529.693, 86
Trd, 4318530.993, 112
Trd, 4318531.543, 75
Trd, 4318531.743, 97
Trd, 4318532.093, 72
Trd, 4318533.493, 129
Trd, 4318534.393, 111
Trd, 4318535.093, 126
Trd, 4318535.243, 96
Trd, 4318536.743, 132
Trd, 4318537.043, 129
Trd, 4318538.193, 102
Trd, 4318539.893, 79
Trd, 4318540.493, 122
Trd, 4318540.593, 79
Trd, 4318541.043, 128
Trd, 4318542.493, 126
Trd, 4318542.743, 126
Trd, 4318543.643, 135
Trd, 4318544.893, 126
Trd, 4318545.093, 120
Trd, 4318545.293, 100
Trd, 4318546.043, 94
Trd, 4318547.993, 91
Trd, 4318549.743, 99
Trd, 4318549.843, 96
Trd, 4318550.893, 133
Trd, 4318551.393, 102
Trd, 4318553.043, 91
Trd, 4318554.743, 112
Trd, 4318556.343, 97
Trd, 4318556.543, 113
Trd, 4318556.693, 116
Trd, 4318557.043, 108
Trd, 4318558.393, 94
Trd, 4318561.193, 97
Trd, 4318561.893, 103
Trd, 4318562.093, 98
Trd, 4318563.193, 105
Trd, 4318563.293, 95
Trd, 4318564.343, 130
Trd, 4318564.843, 74
Trd, 4318565.043, 90
Trd, 4318565.743, 74
Trd, 4318565.993, 97
Trd, 4318566.293, 116
Trd, 4318567.143, 98
Trd, 4318568.193, 124
Trd, 4318568.743, 74
Trd, 4318569.493, 119
Trd, 4318569.943, 86
Trd, 4318570.943, 133
Trd, 4318571.043, 124
Trd, 4318571.643, 121
Trd, 4318573.843, 106
Trd, 4318574.193, 140
Trd, 4318574.493, 106
Trd, 4318576.293, 83
Trd, 4318576.343, 78
Trd, 4318577.593, 63
Trd, 4318578.193, 112
Trd, 4318580.043, 90
Trd, 4318580.243, 126
Trd, 4318581.143, 104
Trd, 4318581.493, 102
Trd, 4318582.443, 109
Trd, 4318582.543, 104
Trd, 4318582.743, 87
Trd, 4318583.343, 126
Trd, 4318584.043, 114
Trd, 4318585.543, 121
Trd, 4318587.693, 115
Trd, 4318587.993, 99
Trd, 4318588.393, 79
Trd, 4318589.643, 80
Trd, 4318589.843, 119
Trd, 4318590.193, 115
Trd, 4318590.843, 99
Trd, 4318591.443, 120
Trd, 4318591.493, 89
Trd, 4318592.643, 98
Trd, 4318592.843, 91
Trd, 4318593.193, 118
Trd, 4318594.193, 112
Trd, 4318594.593, 62
Trd, 4318596.393, 61
Trd, 4318598.193, 100
Trd, 4318598.993, 98
Trd, 4318600.043, 101
Trd, 4318601.143, 102
Trd, 4318601.443, 80
Trd, 4318601.493, 133
Trd, 4318603.043, 77
Trd, 4318603.393, 123
Trd, 4318603.793, 81
Trd, 4318604.543, 83
Trd, 4318605.393, 110
Trd, 4318607.393, 129
Trd, 4318607.793, 100
Trd, 4318608.443, 105
Trd, 4318608.843, 89
Trd, 4318608.893, 102
Trd, 4318609.793, 93
Trd, 4318609.993, 83
Trd, 4318611.593, 105
Trd, 4318612.243, 113
Trd, 4318614.093, 76
Trd, 4318614.843, 85
Trd, 4318615.093, 88
Trd, 4318616.293, 82
Trd, 4318616.393, 92
Trd, 4318617.593, 109
Trd, 4318619.093, 75
Trd, 4318619.243, 72
Trd, 4318621.193, 78
Trd, 4318621.993, 94
Trd, 4318622.343, 107
Trd, 4318622.643, 135
Trd, 4318624.993, 114
Trd, 4318626.193, 89
Trd, 4318626.293, 77
Trd, 4318627.193, 116
Trd, 4318627.343, 113
Trd, 4318627.943, 133
Trd, 4318628.393, 132
Trd, 4318630.093, 108
Trd, 4318630.343, 124
Trd, 4318631.343, 92
Trd, 4318631.693, 111
Trd, 4318631.893, 83
Trd, 4318632.543, 93
Trd, 4318633.093, 81
Trd, 4318633.343, 133
Trd, 4318634.293, 91
Trd, 4318634.993, 100
Trd, 4318635.243, 120
Trd, 4318636.243, 103
Trd, 4318637.393, 105
Trd, 4318638.093, 68
Trd, 4318638.793, 109
Trd, 4318639.143, 102
Trd, 4318641.243, 77
Trd, 4318641.893, 121
Trd, 4318642.393, 79
Trd, 4318642.843, 111
Trd, 4318643.943, 110
Trd, 4318644.393, 98
Trd, 4318644.893, 102
Trd, 4318645.393, 102
Trd, 4318645.893, 84
Trd, 4318646.693, 122
Trd, 4318647.393, 131
Trd, 4318648.493, 102
Trd, 4318649.893, 97
Trd, 4318650.043, 120
Trd, 4318651.743, 87
Trd, 4318653.593, 102
Trd, 4318653.743, 115
Trd, 4318654.143, 101
Trd, 4318654.793, 87
Trd, 4318655.193, 92
Trd, 4318655.243, 98
Trd, 4318657.093, 97
Trd, 4318657.593, 123
Trd, 4318657.843, 100
Trd, 4318658.743, 79
Trd, 4318659.543, 70
Trd, 4318661.393, 87
Trd, 4318661.593, 84
Trd, 4318662.593, 119
Trd, 4318664.543, 94
Trd, 4318664.943, 98
Trd, 4318665.243, 101
Trd, 4318665.643, 89
Trd, 4318667.593, 117
Trd, 4318667.693, 89
Trd, 4318668.793, 100
Trd, 4318670.093, 73
Trd, 4318670.493, 104
Trd, 4318670.593, 79
Trd, 4318672.143, 106
Trd, 4318672.843, 85
Trd, 4318673.543, 82
Trd, 4318675.643, 103
Trd, 4318676.393, 124
Trd, 4318677.643, 122
Trd, 4318677.993, 129
Trd, 4318678.693, 113
Trd, 4318679.093, 123
Trd, 4318679.293, 81
Trd, 4318679.893, 135
Trd, 4318680.343, 107
Trd, 4318681.543, 119
Trd, 4318681.793, 99
Trd, 4318682.643, 113
Trd, 4318683.293, 104
Trd, 4318684.393, 130
Trd, 4318684.793, 129
Trd, 4318685.443, 118
Trd, 4318685.643, 119
Trd, 4318685.893, 117
Trd, 4318688.043, 82
Trd, 4318688.293, 107
Trd, 4318690.493, 130
Trd, 4318690.993, 116
Trd, 4318691.293, 102
Trd, 4318692.343, 110
Trd, 4318693.093, 80
Trd, 4318693.543, 114
Trd, 4318695.643, 108
Trd, 4318696.243, 81
Trd, 4318696.743, 112
Trd, 4318697.293, 78
Trd, 4318698.593, 93
Trd, 4318698.793, 85
Trd, 4318700.043, 117
Trd, 4318700.893, 89
Trd, 4318701.643, 114
Trd, 4318702.843, 61
Trd, 4318703.893, 82
Trd, 4318703.943, 88
Trd, 4318704.543, 63
Trd, 4318705.543, 76
Trd, 4318706.693, 137
Trd, 4318706.893, 99
Trd, 4318707.593, 98
Trd, 4318708.193, 93
Trd, 4318708.543, 122
Trd, 4318709.443, 128
Trd, 4318710.193, 114
Trd, 4318711.343, 106
Trd, 4318713.793, 123
Trd, 4318714.693, 115
Trd, 4318715.143, 113
Trd, 4318715.643, 94
Trd, 4318715.743, 86
Trd, 4318716.343, 67
Trd, 4318718.443, 114
Trd, 4318718.793, 125
Trd, 4318719.043, 130
Trd, 4318720.043, 116
Trd, 4318720.493, 112
Trd, 4318721.293, 104
Trd, 4318721.343, 98
Trd, 4318722.393, 82
Trd, 4318722.793, 81
Trd, 4318723.693, 102
Trd, 4318724.293, 90
Trd, 4318724.693, 111
Trd, 4318724.743, 132
Trd, 4318725.493, 72
Trd, 4318725.643, 112
Trd, 4318726.043, 75
Trd, 4318727.293, 116
Trd, 4318729.343, 129
Trd, 4318729.893, 128
Trd, 4318730.243, 124
Trd, 4318730.293, 116
Trd, 4318731.093, 98
Trd, 4318731.593, 73
Trd, 4318734.193, 90
Trd, 4318735.593, 130
Trd, 4318735.843, 116
Trd, 4318736.493, 126
Trd, 4318736.943, 102
Trd, 4318737.493, 98
Trd, 4318738.343, 128
Trd, 4318739.493, 122
Trd, 4318740.343, 115
Trd, 4318741.193, 121
Trd, 4318741.693, 96
Trd, 4318742.943, 129
Trd, 4318743.043, 103
Trd, 4318744.393, 96
Trd, 4318744.493, 105
Trd, 4318746.443, 101
Trd, 4318746.943, 78
Trd, 4318747.043, 136
Trd, 4318747.393, 69
Trd, 4318748.793, 114
Trd, 4318748.843, 93
Trd, 4318750.093, 72
Trd, 4318751.543, 108
Trd, 4318752.043, 85
Trd, 4318752.493, 75
Trd, 4318753.193, 72
Trd, 4318754.343, 61
Trd, 4318755.493, 87
Trd, 4318756.043, 76
Trd, 4318756.493, 128
Trd, 4318756.593, 123
Trd, 4318758.143, 112
Trd, 4318759.043, 85
Trd, 4318760.443, 78
Trd, 4318761.893, 89
Trd, 4318762.443, 98
Trd, 4318763.693, 82
Trd, 4318764.343, 70
Trd, 4318764.443, 106
Trd, 4318765.593, 77
Trd, 4318767.643, 75
Trd, 4318768.893, 81
Trd, 4318769.843, 80
Trd, 4318770.243, 102
Trd, 4318770.893, 80
Trd, 4318770.993, 99
Trd, 4318771.643, 103
Trd, 4318771.843, 99
Trd, 4318773.643, 99
Trd, 4318773.893, 96
Trd, 4318775.643, 122
Trd, 4318776.793, 119
Trd, 4318777.293, 102
Trd, 4318777.643, 76
Trd, 4318778.393, 60
Trd, 4318779.093, 85
Trd, 4318780.243, 90
Trd, 4318781.593, 120
Trd, 4318782.643, 101
Trd, 4318783.043, 103
Trd, 4318783.343, 138
Trd, 4318784.193, 116
Trd, 4318784.243, 115
Trd, 4318784.993, 111
Trd, 4318785.343, 111
Trd, 4318786.893, 89
Trd, 4318787.043, 81
Trd, 4318788.593, 89
Trd, 4318789.393, 100
Trd, 4318789.493, 90
Trd, 4318791.043, 64
Trd, 4318791.093, 79
Trd, 4318791.443, 91
Trd, 4318791.843, 91
Trd, 4318792.993, 125
Trd, 4318793.593, 82
Trd, 4318794.043, 109
Trd, 4318795.943, 133
Trd, 4318796.893, 85
Trd, 4318797.843, 116
Trd, 4318799.343, 92
Trd, 4318799.643, 95
Trd, 4318800.493, 97
Trd, 4318801.393, 117
Trd, 4318801.593, 87
Trd, 4318802.593, 130
Trd, 4318805.343, 108
Trd, 4318805.793, 121
Trd, 4318805.893, 79
Trd, 4318807.393, 136
Trd, 4318808.693, 115
Trd, 4318809.043, 124
Trd, 4318809.193, 110
Trd, 4318809.293, 104
Trd, 4318809.993, 103
Trd, 4318810.293, 113
Trd, 4318811.493, 115
Trd, 4318812.743, 118
Trd, 4318813.543, 109
Trd, 4318814.793, 121
Trd, 4318815.293, 107
Trd, 4318817.293, 88
Trd, 4318817.393, 101
Trd, 4318817.793, 116
Trd, 4318817.943, 119
Trd, 4318819.393, 83
Trd, 4318820.493, 118
Trd, 4318820.793, 119
Trd, 4318821.793, 126
Trd, 4318822.143, 92
Trd, 4318822.193, 98
Trd, 4318822.793, 86
Trd, 4318823.043, 83
Trd, 4318824.193, 98
Trd, 4318824.343, 133
Trd, 4318824.893, 97
Trd, 4318826.243, 104
Trd, 4318826.943, 113
Trd, 4318827.593, 128
Trd, 4318828.643, 86
Trd, 4318829.843, 82
Trd, 4318830.193, 114
Trd, 4318830.693, 117
Trd, 4318831.043, 101
Trd, 4318831.643, 92
Trd, 4318831.843, 118
Trd, 4318832.193, 83
Trd, 4318832.343, 125
Trd, 4318836.293, 129
Trd, 4318836.493, 119
Trd, 4318836.843, 122
Trd, 4318837.343, 109
Trd, 4318838.493, 96
Trd, 4318839.643, 109
Trd, 4318839.893, 105
Trd, 4318841.543, 124
Trd, 4318843.543, 98
Trd, 4318844.843, 128
Trd, 4318845.293, 114
Trd, 4318845.343, 102
Trd, 4318846.143, 100
Trd, 4318847.243, 101
Trd, 4318847.443, 91
Trd, 4318849.293, 75
Trd, 4318849.943, 83
Trd, 4318850.043, 86
Trd, 4318850.293, 95
Trd, 4318850.543, 132
Trd, 4318851.493, 80
Trd, 4318852.093, 103
Trd, 4318853.143, 125
Trd, 4318854.543, 86
Trd, 4318854.643, 85
Trd, 4318856.293, 118
Trd, 4318856.893, 108
Trd, 4318860.443, 124
Trd, 4318860.993, 123
Trd, 4318861.193, 111
Trd, 4318861.243, 104
Trd, 4318861.343, 98
Trd, 4318863.193, 110
Trd, 4318864.693, 107
Trd, 4318866.443, 94
Trd, 4318866.543, 90
Trd, 4318866.693, 111
Trd, 4318867.993, 126
Trd, 4318868.043, 99
Trd, 4318868.343, 129
Trd, 4318869.993, 111
Trd, 4318870.443, 92
Trd, 4318871.243, 87
Trd, 4318871.293, 82
Trd, 4318871.893, 97
Trd, 4318872.743, 95
Trd, 4318874.293, 109
Trd, 4318874.493, 105
Trd, 4318875.193, 107
Trd, 4318875.793, 115
Trd, 4318875.893, 105
Trd, 4318877.843, 125
Trd, 4318878.093, 91
Trd, 4318878.193, 91
Trd, 4318879.843, 122
Trd, 4318880.793, 111
Trd, 4318882.143, 108
Trd, 4318882.443, 72
Trd, 4318883.143, 71
Trd, 4318884.143, 97
Trd, 4318885.093, 106
Trd, 4318885.243, 102
Trd, 4318885.693, 110
Trd, 4318888.943, 114
Trd, 4318890.043, 102
Trd, 4318890.393, 105
Trd, 4318891.093, 117
Trd, 4318891.443, 134
Trd, 4318891.993, 109
Trd, 4318893.493, 105
Trd, 4318893.693, 87
Trd, 4318894.343, 107
Trd, 4318894.393, 85
Trd, 4318895.243, 107
Trd, 4318895.493, 75
Trd, 4318896.393, 114
Trd, 4318897.243, 101
Trd, 4318898.143, 114
Trd, 4318898.193, 85
Trd, 4318898.943, 129
Trd, 4318900.343, 107
Trd, 4318900.743, 109
Trd, 4318900.843, 100
Trd, 4318902.193, 87
Trd, 4318902.743, 100
Trd, 4318903.093, 78
Trd, 4318903.843, 101
Trd, 4318904.143, 93
Trd, 4318905.193, 118
Trd, 4318906.293, 91
Trd, 4318906.543, 69
Trd, 4318908.393, 104
Trd, 4318908.493, 90
Trd, 4318908.793, 74
Trd, 4318909.243, 68
Trd, 4318912.893, 122
Trd, 4318913.393, 127
Trd, 4318913.893, 139
Trd, 4318915.093, 115
Trd, 4318915.293, 110
Trd, 4318916.143, 127
Trd, 4318916.693, 114
Trd, 4318918.293, 125
Trd, 4318918.343, 121
Trd, 4318919.543, 100
Trd, 4318920.893, 140
Trd, 4318922.643, 112
Trd, 4318922.993, 116
Trd, 4318923.843, 62
Trd, 4318924.393, 104
Trd, 4318925.093, 78
Trd, 4318925.593, 98
Trd, 4318926.543, 115
Trd, 4318927.543, 99
Trd, 4318927.743, 88
Trd, 4318928.443, 118
Trd, 4318930.143, 106
Trd, 4318931.043, 85
Trd, 4318931.393, 99
Trd, 4318931.793, 120
Trd, 4318932.643, 102
Trd, 4318932.743, 120
Trd, 4318932.943, 98
Trd, 4318933.743, 92
Trd, 4318935.293, 94
Trd, 4318936.293, 127
Trd, 4318936.743, 124
Trd, 4318937.243, 101
Trd, 4318939.143, 93
Trd, 4318940.343, 105
Trd, 4318942.443, 126
Trd, 4318942.643, 140
Trd, 4318943.143, 109
Trd, 4318944.593, 95
Trd, 4318944.993, 116
Trd, 4318947.093, 92
Trd, 4318948.143, 112
Trd, 4318949.043, 129
Trd, 4318949.743, 114
Trd, 4318950.043, 122
Trd, 4318950.793, 91
Trd, 4318951.743, 105
Trd, 4318953.443, 128
Trd, 4318953.843, 122
Trd, 4318953.943, 104
Trd, 4318954.793, 119
Trd, 4318955.093, 121
Trd, 4318955.143, 106
Trd, 4318956.393, 104
Trd, 4318957.693, 108
Trd, 4318957.993, 100
Trd, 4318958.943, 117
Trd, 4318960.743, 105
Trd, 4318960.843, 87
Trd, 4318961.493, 84
Trd, 4318962.343, 75
Trd, 4318962.543, 91
Trd, 4318963.093, 100
Trd, 4318965.193, 119
Trd, 4318965.443, 98
Trd, 4318965.493, 65
Trd, 4318965.893, 86
Trd, 4318966.043, 100
Trd, 4318969.293, 114
Trd, 4318969.543, 113
Trd, 4318970.493, 104
Trd, 4318972.093, 111
Trd, 4318972.943, 117
Trd, 4318973.193, 111
Trd, 4318974.043, 90
Trd, 4318974.393, 78
Trd, 4318975.243, 109
Trd, 4318975.593, 91
Trd, 4318975.843, 132
Trd, 4318975.943, 67
Trd, 4318976.343, 126
Trd, 4318976.943, 125
Trd, 4318980.943, 107
Trd, 4318981.043, 101
Trd, 4318982.193, 125
Trd, 4318982.243, 104
Trd, 4318983.043, 90
Trd, 4318983.643, 132
Trd, 4318984.593, 128
Trd, 4318985.093, 107
Trd, 4318985.643, 106
Trd, 4318985.843, 112
Trd, 4318987.093, 80
Trd, 4318987.243, 74
Trd, 4318988.643, 86
Trd, 4318989.143, 94
Trd, 4318989.243, 102
Trd, 4318989.943, 108
Trd, 4318990.093, 100
Trd, 4318992.493, 110
Trd, 4318993.093, 95
Trd, 4318993.943, 80
Trd, 4318994.743, 105
Trd, 4318995.043, 110
Trd, 4318996.143, 116
Trd, 4318996.543, 98
Trd, 4318996.643, 90
Trd, 4318997.643, 130
Trd, 4318998.643, 126
Trd, 4319000.243, 128
Trd, 4319000.443, 94
Trd, 4319001.193, 107
Trd, 4319003.043, 97
Trd, 4319003.743, 101
Trd, 4319006.643, 95
Trd, 4319007.043, 107
Trd, 4319008.043, 99
Trd, 4319008.793, 87
Trd, 4319009.993, 118
Trd, 4319010.843, 99
Trd, 4319011.543, 118
Trd, 4319011.593, 105
Trd, 4319013.893, 108
Trd, 4319013.943, 124
Trd, 4319014.643, 125
Trd, 4319015.043, 131
Trd, 4319016.693, 114
Trd, 4319017.343, 112
Trd, 4319018.643, 110
Trd, 4319018.693, 83
Trd, 4319019.293, 75
Trd, 4319019.543, 80
Trd, 4319021.243, 91
Trd, 4319021.643, 96
Trd, 4319022.143, 104
Trd, 4319023.393, 81
Trd, 4319024.043, 95
Trd, 4319024.543, 92
Trd, 4319024.693, 123
Trd, 4319024.993, 98
Trd, 4319026.993, 75
Trd, 4319027.193, 94
Trd, 4319027.493, 98
Trd, 4319027.543, 100
Trd, 4319028.943, 81
Trd, 4319029.193, 113
Trd, 4319030.843, 124
Trd, 4319031.743, 103
Trd, 4319032.093, 90
Trd, 4319032.593, 100
Trd, 4319033.893, 85
Trd, 4319033.943, 80
Trd, 4319036.043, 137
Trd, 4319037.193, 126
Trd, 4319037.293, 116
Trd, 4319038.193, 127
Trd, 4319038.243, 95
Trd, 4319038.693, 120
Trd, 4319040.193, 91
Trd, 4319040.693, 98
Trd, 4319041.443, 91
Trd, 4319042.143, 93
Trd, 4319042.443, 73
Trd, 4319043.843, 132
Trd, 4319045.343, 90
Trd, 4319045.843, 86
Trd, 4319047.293, 89
Trd, 4319047.493, 86
Trd, 4319047.793, 120
Trd, 4319048.093, 116
Trd, 4319048.593, 122
Trd, 4319048.993, 113
Trd, 4319049.943, 89
Trd, 4319052.593, 135
Trd, 4319052.943, 98
Trd, 4319053.843, 111
Trd, 4319054.093, 134
Trd, 4319054.243, 114
Trd, 4319054.743, 80
Trd, 4319054.943, 108
Trd, 4319055.693, 89
Trd, 4319056.343, 118
Trd, 4319056.693, 81
Trd, 4319060.293, 137
Trd, 4319060.343, 135
Trd, 4319060.993, 131
Trd, 4319061.043, 119
Trd, 4319061.543, 125
Trd, 4319062.043, 89
Trd, 4319062.193, 78
Trd, 4319063.143, 78
Trd, 4319063.343, 120
Trd, 4319064.343, 71
Trd, 4319065.843, 116
Trd, 4319067.493, 106
Trd, 4319067.993, 121
Trd, 4319068.693, 94
Trd, 4319070.393, 76
Trd, 4319070.993, 99
Trd, 4319071.643, 108
Trd, 4319071.693, 92
Trd, 4319072.193, 72
Trd, 4319072.343, 87
Trd, 4319073.793, 125
Trd, 4319074.493, 91
Trd, 4319074.793, 83
Trd, 4319076.293, 139
Trd, 4319076.643, 96
Trd, 4319076.943, 107
Trd, 4319077.693, 117
Trd, 4319078.743, 103
Trd, 4319079.543, 123
Trd, 4319079.993, 88
Trd, 4319080.943, 101
Trd, 4319081.443, 98
Trd, 4319081.693, 72
Trd, 4319083.193, 92
Trd, 4319083.843, 107
Trd, 4319084.193, 98
Trd, 4319086.893, 111
Trd, 4319087.543, 96
Trd, 4319088.243, 139
Trd, 4319088.393, 106
Trd, 4319089.993, 128
Trd, 4319091.093, 96
Trd, 4319091.993, 121
Trd, 4319092.493, 131
Trd, 4319092.893, 112
Trd, 4319093.993, 109
Trd, 4319094.393, 95
Trd, 4319095.243, 105
Trd, 4319096.193, 108
Trd, 4319098.143, 116
Trd, 4319098.693, 123
Trd, 4319099.393, 111
Trd, 4319099.493, 117
Trd, 4319099.643, 83
Trd, 4319101.743, 123
Trd, 4319102.293, 130
Trd, 4319102.693, 100
Trd, 4319103.343, 115
Trd, 4319104.593, 124
Trd, 4319104.643, 112
Trd, 4319105.393, 90
Trd, 4319105.743, 126
Trd, 4319106.493, 130
Trd, 4319107.143, 105
Trd, 4319107.993, 95
Trd, 4319108.543, 85
Trd, 4319109.493, 93
Trd, 4319110.043, 132
Trd, 4319110.093, 116
Trd, 4319110.593, 90
Trd, 4319111.593, 123
Trd, 4319112.193, 111
Trd, 4319112.293, 95
Trd, 4319114.093, 89
Trd, 4319114.143, 80
Trd, 4319114.193, 131
Trd, 4319114.943, 135
Trd, 4319118.643, 107
Trd, 4319118.793, 114
Trd, 4319119.843, 127
Trd, 4319120.093, 114
Trd, 4319121.293, 98
Trd, 4319122.093, 104
Trd, 4319123.093, 74
Trd, 4319123.243, 85
Trd, 4319123.543, 95
Trd, 4319125.043, 117
Trd, 4319126.293, 118
Trd, 4319126.693, 128
Trd, 4319127.343, 115
Trd, 4319127.393, 94
Trd, 4319129.043, 118
Trd, 4319129.243, 115
Trd, 4319129.493, 91
Trd, 4319130.593, 114
Trd, 4319132.193, 98
Trd, 4319132.393, 109
Trd, 4319132.693, 136
Trd, 4319132.743, 87
Trd, 4319133.893, 79
Trd, 4319135.693, 73
Trd, 4319136.593, 129
Trd, 4319137.493, 102
Trd, 4319137.593, 70
Trd, 4319138.393, 100
Trd, 4319138.743, 102
Trd, 4319139.343, 73
Trd, 4319140.843, 105
Trd, 4319141.443, 105
Trd, 4319142.443, 114
Trd, 4319143.593, 105
Trd, 4319143.743, 104
Trd, 4319144.043, 92
Trd, 4319144.693, 84
Trd, 4319145.393, 67
Trd, 4319146.043, 125
Trd, 4319146.893, 79
Trd, 4319147.193, 78
Trd, 4319148.143, 64
Trd, 4319148.393, 83
Trd, 4319148.843, 97
Trd, 4319149.793, 126
Trd, 4319150.593, 129
Trd, 4319151.793, 107
Trd, 4319152.543, 85
Trd, 4319153.143, 115
Trd, 4319153.343, 72
Trd, 4319153.443, 68
Trd, 4319154.043, 62
Trd, 4319155.593, 108
Trd, 4319155.843, 89
Trd, 4319156.793, 113
Trd, 4319158.393, 97
Trd, 4319158.943, 116
Trd, 4319159.343, 88
Trd, 4319160.643, 88
Trd, 4319162.393, 101
Trd, 4319162.493, 86
Trd, 4319162.793, 79
Trd, 4319165.093, 93
Trd, 4319165.743, 103
Trd, 4319166.843, 82
Trd, 4319167.943, 117
Trd, 4319168.893, 129
Trd, 4319170.143, 101
Trd, 4319171.243, 77
Trd, 4319171.493, 90
Trd, 4319171.543, 102
Trd, 4319171.593, 77
Trd, 4319172.243, 70
Trd, 4319173.143, 79
Trd, 4319173.893, 123
Trd, 4319174.543, 83
Trd, 4319176.693, 77
Trd, 4319177.893, 106
Trd, 4319178.993, 90
Trd, 4319179.543, 112
Trd, 4319180.093, 82
Trd, 4319180.743, 138
Trd, 4319182.043, 110
Trd, 4319182.143, 112
Trd, 4319183.243, 99
Trd, 4319183.693, 87
Trd, 4319184.893, 77
Trd, 4319185.593, 111
Trd, 4319186.193, 103
Trd, 4319186.343, 80
Trd, 4319186.843, 76
Trd, 4319187.593, 110
Trd, 4319188.093, 113
Trd, 4319190.243, 74
Trd, 4319190.943, 96
Trd, 4319192.243, 136
Trd, 4319192.393, 98
Trd, 4319192.743, 124
Trd, 4319194.143, 127
Trd, 4319194.643, 107
Trd, 4319195.193, 128
Trd, 4319196.493, 99
Trd, 4319197.093, 127
Trd, 4319199.043, 123
Trd, 4319199.193, 91
Trd, 4319199.343, 77
Trd, 4319200.343, 100
Trd, 4319201.293, 114
Trd, 4319201.993, 107
Trd, 4319203.293, 96
Trd, 4319204.293, 102
Trd, 4319205.543, 100
Trd, 4319207.093, 113
Trd, 4319207.993, 91
Trd, 4319209.193, 93
Trd, 4319209.593, 98
Trd, 4319209.943, 89
Trd, 4319210.643, 107
Trd, 4319211.843, 121
Trd, 4319212.043, 119
Trd, 4319212.143, 105
Trd, 4319213.443, 82
Trd, 4319214.743, 104
Trd, 4319215.743, 90
Trd, 4319216.243, 128
Trd, 4319217.493, 67
Trd, 4319217.843, 80
Trd, 4319218.793, 109
Trd, 4319219.243, 108
Trd, 4319219.343, 83
Trd, 4319219.493, 119
Trd, 4319221.893, 70
Trd, 4319222.243, 84
Trd, 4319223.293, 88
Trd, 4319224.243, 74
Trd, 4319224.343, 89
Trd, 4319224.943, 100
Trd, 4319225.743, 97
Trd, 4319226.893, 100
Trd, 4319229.393, 89
Trd, 4319229.493, 137
Trd, 4319229.593, 87
Trd, 4319230.593, 92
Trd, 4319231.243, 112
Trd, 4319232.043, 122
Trd, 4319232.943, 108
Trd, 4319234.243, 120
Trd, 4319234.593, 123
Trd, 4319235.893, 121
Trd, 4319236.043, 114
Trd, 4319236.493, 113
Trd, 4319236.793, 114
Trd, 4319237.393, 87
Trd, 4319239.343, 92
Trd, 4319239.493, 89
Trd, 4319240.443, 108
Trd, 4319240.643, 103
Trd, 4319242.343, 82
Trd, 4319244.543, 137
Trd, 4319244.693, 117
Trd, 4319245.193, 116
Trd, 4319245.893, 115
Trd, 4319245.943, 85
Trd, 4319246.093, 85
Trd, 4319247.193, 124
Trd, 4319247.793, 125
Trd, 4319250.843, 130
Trd, 4319252.193, 100
Trd, 4319252.493, 98
Trd, 4319253.093, 120
Trd, 4319254.393, 111
Trd, 4319254.593, 125
Trd, 4319254.843, 105
Trd, 4319254.993, 134
Trd, 4319258.093, 115
Trd, 4319258.193, 110
Trd, 4319259.193, 94
Trd, 4319259.243, 119
Trd, 4319260.043, 103
Trd, 4319260.643, 126
Trd, 4319260.893, 117
Trd, 4319261.443, 112
Trd, 4319262.743, 122
Trd, 4319264.193, 118
Trd, 4319264.543, 97
Trd, 4319265.443, 136
Trd, 4319265.843, 104
Trd, 4319266.593, 86
Trd, 4319268.643, 91
Trd, 4319269.493, 115
Trd, 4319269.743, 138
Trd, 4319271.393, 120
Trd, 4319271.543, 105
Trd, 4319271.593, 93
Trd, 4319272.793, 99
Trd, 4319273.093, 117
Trd, 4319274.393, 88
Trd, 4319276.343, 89
Trd, 4319277.943, 107
Trd, 4319278.093, 95
Trd, 4319278.943, 86
Trd, 4319279.143, 83
Trd, 4319280.393, 130
Trd, 4319280.493, 110
Trd, 4319282.143, 103
Trd, 4319282.243, 109
Trd, 4319284.393, 92
Trd, 4319284.793, 88
Trd, 4319285.093, 105
Trd, 4319286.543, 86
Trd, 4319287.143, 123
Trd, 4319289.243, 83
Trd, 4319290.543, 106
Trd, 4319290.943, 85
Trd, 4319291.943, 86
Trd, 4319292.093, 98
Trd, 4319293.443, 82
Trd, 4319294.543, 94
Trd, 4319295.343, 120
Trd, 4319295.443, 105
Trd, 4319295.743, 112
Trd, 4319296.393, 131
Trd, 4319296.643, 128
Trd, 4319296.743, 127
Trd, 4319297.043, 85
Trd, 4319297.343, 129
Trd, 4319298.543, 107
Trd, 4319298.743, 100
Trd, 4319300.143, 124
Trd, 4319300.343, 128
Trd, 4319300.793, 102
Trd, 4319302.743, 119
Trd, 4319303.043, 92
Trd, 4319304.343, 83
Trd, 4319304.543, 84
Trd, 4319304.843, 80
Trd, 4319305.593, 93
Trd, 4319306.143, 89
Trd, 4319307.193, 64
Trd, 4319308.593, 116
Trd, 4319309.893, 69
Trd, 4319310.193, 90
Trd, 4319311.643, 128
Trd, 4319312.193, 84
Trd, 4319313.093, 74
Trd, 4319313.293, 76
Trd, 4319314.143, 90
Trd, 4319315.143, 90
Trd, 4319316.693, 89
Trd, 4319317.593, 125
Trd, 4319318.743, 135
Trd, 4319319.143, 134
Trd, 4319319.593, 116
Trd, 4319320.893, 96
Trd, 4319321.293, 117
Trd, 4319322.593, 119
Trd, 4319322.643, 94
Trd, 4319323.643, 137
Trd, 4319324.993, 111
Trd, 4319326.293, 107
Trd, 4319328.843, 101
Trd, 4319329.143, 102
Trd, 4319329.443, 96
Trd, 4319329.793, 123
Trd, 4319331.693, 136
Trd, 4319331.993, 116
Trd, 4319332.493, 64
Trd, 4319333.543, 126
Trd, 4319334.493, 62
Trd, 4319335.693, 61
Trd, 4319336.593, 64
Trd, 4319337.143, 70
Trd, 4319337.843, 89
Trd, 4319338.693, 80
Trd, 4319340.793, 73
Trd, 4319340.893, 77
Trd, 4319341.343, 81
Trd, 4319341.793, 80
Trd, 4319342.993, 117
Trd, 4319343.593, 115
Trd, 4319343.693, 111
Trd, 4319344.293, 82
Trd, 4319345.043, 81
Trd, 4319346.143, 120
Trd, 4319346.843, 79
Trd, 4319347.593, 87
Trd, 4319348.343, 127
Trd, 4319348.443, 102
Trd, 4319349.093, 106
Trd, 4319349.543, 98
Trd, 4319350.093, 72
Trd, 4319350.593, 69
Trd, 4319351.293, 65
Trd, 4319352.893, 130
Trd, 4319353.443, 105
Trd, 4319353.993, 93
Trd, 4319355.243, 128
Trd, 4319355.793, 124
Trd, 4319356.543, 72
Trd, 4319357.293, 90
Trd, 4319357.843, 81
Trd, 4319358.993, 110
Trd, 4319359.193, 86
Trd, 4319359.343, 85
Trd, 4319360.993, 96
Trd, 4319361.043, 107
Trd, 4319361.643, 79
Trd, 4319363.043, 128
Trd, 4319363.543, 98
Trd, 4319364.193, 109
Trd, 4319364.993, 97
Trd, 4319366.543, 81
Trd, 4319367.643, 82
Trd, 4319367.893, 82
Trd, 4319368.993, 124
Trd, 4319369.593, 121
Trd, 4319369.843, 121
Trd, 4319370.043, 97
Trd, 4319370.393, 109
Trd, 4319371.143, 131
Trd, 4319371.243, 77
Trd, 4319373.593, 132
Trd, 4319374.193, 112
Trd, 4319374.443, 108
Trd, 4319375.593, 116
Trd, 4319376.893, 104
Trd, 4319377.193, 129
Trd, 4319377.493, 92
Trd, 4319379.593, 112
Trd, 4319380.293, 89
Trd, 4319381.193, 102
Trd, 4319381.343, 106
Trd, 4319382.343, 128
Trd, 4319382.593, 128
Trd, 4319384.843, 107
Trd, 4319385.043, 109
Trd, 4319385.843, 108
Trd, 4319386.293, 90
Trd, 4319387.393, 112
Trd, 4319387.443, 95
Trd, 4319387.943, 81
Trd, 4319389.393, 131
Trd, 4319389.693, 105
Trd, 4319390.543, 83
Trd, 4319391.743, 91
Trd, 4319392.543, 127
Trd, 4319393.793, 110
Trd, 4319394.393, 119
Trd, 4319394.793, 110
Trd, 4319395.043, 134
Trd, 4319395.343, 109
Trd, 4319397.143, 103
Trd, 4319398.543, 106
Trd, 4319399.193, 96
Trd, 4319399.793, 95
Trd, 4319400.593, 96
Trd, 4319400.643, 91
Trd, 4319400.843, 116
Trd, 4319401.643, 83
Trd, 4319402.043, 97
Trd, 4319403.443, 119
Trd, 4319403.943, 95
Trd, 4319404.793, 97
Trd, 4319405.993, 138
Trd, 4319406.293, 133
Trd, 4319407.293, 136
Trd, 4319407.643, 130
Trd, 4319408.593, 112
Trd, 4319409.693, 90
Trd, 4319410.493, 103
Trd, 4319410.543, 109
Trd, 4319410.643, 109
Trd, 4319411.943, 137
Trd, 4319414.343, 130
Trd, 4319414.593, 87
Trd, 4319415.643, 98
Trd, 4319416.393, 110
Trd, 4319417.793, 105
Trd, 4319418.743, 120
Trd, 4319419.093, 102
Trd, 4319419.793, 81
Trd, 4319419.993, 78
Trd, 4319420.343, 118
Trd, 4319421.543, 76
Trd, 4319422.443, 104
Trd, 4319423.993, 133
Trd, 4319424.443, 85
Trd, 4319424.743, 92
Trd, 4319424.893, 75
Trd, 4319426.093, 95
Trd, 4319426.293, 70
Trd, 4319427.043, 83
Trd, 4319428.343, 117
Trd, 4319429.193, 63
Trd, 4319429.443, 88
Trd, 4319429.843, 121
Trd, 4319430.693, 64
Trd, 4319431.043, 76
Trd, 4319431.193, 77
Trd, 4319431.943, 113
Trd, 4319433.793, 116
Trd, 4319434.993, 90
Trd, 4319436.843, 93
Trd, 4319437.593, 81
Trd, 4319439.093, 120
Trd, 4319439.543, 131
Trd, 4319439.843, 123
Trd, 4319442.093, 134
Trd, 4319443.043, 95
Trd, 4319443.443, 82
Trd, 4319444.593, 98
Trd, 4319444.843, 89
Trd, 4319447.943, 109
Trd, 4319448.143, 120
Trd, 4319449.743, 112
Trd, 4319449.993, 87
Trd, 4319450.843, 82
Trd, 4319450.993, 79
Trd, 4319451.493, 116
Trd, 4319451.693, 73
Trd, 4319451.993, 69
Trd, 4319453.743, 122
Trd, 4319453.843, 110
Trd, 4319454.193, 103
Trd, 4319455.043, 70
Trd, 4319456.393, 81
Trd, 4319457.043, 132
Trd, 4319458.293, 116
Trd, 4319458.443, 105
Trd, 4319458.493, 101
Trd, 4319459.893, 131
Trd, 4319460.193, 93
Trd, 4319460.443, 91
Trd, 4319460.593, 124
Trd, 4319461.543, 88
Trd, 4319462.043, 66
Trd, 4319463.093, 115
Trd, 4319463.393, 100
Trd, 4319465.793, 117
Trd, 4319466.643, 102
Trd, 4319466.993, 130
Trd, 4319467.043, 115
Trd, 4319467.743, 94
Trd, 4319469.243, 85
Trd, 4319470.093, 99
Trd, 4319470.193, 105
Trd, 4319471.743, 129
Trd, 4319472.393, 125
Trd, 4319473.393, 114
Trd, 4319474.243, 109
Trd, 4319474.593, 120
Trd, 4319474.643, 108
Trd, 4319475.243, 132
Trd, 4319475.593, 101
Trd, 4319476.843, 94
Trd, 4319478.693, 101
Trd, 4319478.743, 105
Trd, 4319480.243, 94
Trd, 4319481.043, 97
Trd, 4319481.793, 119
Trd, 4319482.293, 90
Trd, 4319482.493, 93
Trd, 4319483.893, 125
Trd, 4319484.693, 83
Trd, 4319485.043, 96
Trd, 4319485.493, 80
Trd, 4319485.993, 68
Trd, 4319486.193, 87
Trd, 4319486.843, 104
Trd, 4319487.193, 86
Trd, 4319487.893, 61
Trd, 4319488.543, 83
Trd, 4319489.543, 111
Trd, 4319490.543, 90
Trd, 4319492.543, 111
Trd, 4319492.943, 135
Trd, 4319493.693, 93
Trd, 4319494.293, 85
Trd, 4319495.043, 106
Trd, 4319495.893, 84
Trd, 4319496.093, 62
Trd, 4319498.643, 124
Trd, 4319499.243, 120
Trd, 4319500.193, 126
Trd, 4319500.743, 97
Trd, 4319501.193, 89
Trd, 4319501.643, 78
Trd, 4319503.243, 134
Trd, 4319504.343, 131
Trd, 4319504.643, 102
Trd, 4319505.043, 99
Trd, 4319506.843, 74
Trd, 4319508.393, 108
Trd, 4319508.543, 112
Trd, 4319509.243, 131
Trd, 4319509.943, 72
Trd, 4319510.943, 111
Trd, 4319511.043, 110
Trd, 4319511.193, 93
Trd, 4319513.043, 99
Trd, 4319514.193, 121
Trd, 4319515.343, 113
Trd, 4319516.443, 125
Trd, 4319516.543, 89
Trd, 4319516.743, 85
Trd, 4319517.493, 96
Trd, 4319518.293, 119
Trd, 4319519.993, 98
Trd, 4319522.043, 115
Trd, 4319522.193, 107
Trd, 4319522.543, 95
Trd, 4319523.543, 126
Trd, 4319523.643, 90
Trd, 4319524.193, 123
Trd, 4319524.393, 93
Trd, 4319524.643, 100
Trd, 4319527.293, 99
Trd, 4319527.343, 71
Trd, 4319529.143, 124
Trd, 4319529.293, 78
Trd, 4319530.043, 110
Trd, 4319530.893, 137
Trd, 4319531.093, 132
Trd, 4319533.293, 117
Trd, 4319533.443, 116
Trd, 4319534.993, 98
Trd, 4319535.143, 84
Trd, 4319536.093, 71
Trd, 4319537.643, 119
Trd, 4319538.493, 133
Trd, 4319538.993, 133
Trd, 4319539.093, 132
Trd, 4319539.943, 116
Trd, 4319541.693, 80
Trd, 4319542.843, 106
Trd, 4319543.443, 97
Trd, 4319544.993, 81
Trd, 4319545.493, 106
Trd, 4319546.693, 80
Trd, 4319547.143, 119
Trd, 4319547.793, 138
Trd, 4319548.593, 93
Trd, 4319548.793, 85
Trd, 4319548.993, 124
Trd, 4319552.243, 102
Trd, 4319552.543, 112
Trd, 4319552.793, 92
Trd, 4319555.643, 122
Trd, 4319556.893, 109
Trd, 4319557.343, 101
Trd, 4319557.843, 115
Trd, 4319559.143, 123
Trd, 4319560.543, 129
Trd, 4319561.143, 115
Trd, 4319561.793, 119
Trd, 4319562.643, 117
Trd, 4319562.993, 97
Trd, 4319563.143, 65
Trd, 4319563.893, 108
Trd, 4319565.293, 127
Trd, 4319565.393, 128
Trd, 4319566.943, 138
Trd, 4319567.093, 115
Trd, 4319568.143, 118
Trd, 4319568.393, 83
Trd, 4319569.393, 68
Trd, 4319570.243, 126
Trd, 4319572.693, 60
Trd, 4319573.793, 131
Trd, 4319574.193, 66
Trd, 4319574.893, 134
Trd, 4319575.293, 84
Trd, 4319576.043, 93
Trd, 4319576.093, 100
Trd, 4319577.243, 78
Trd, 4319578.243, 67
Trd, 4319578.393, 65
Trd, 4319579.043, 64
Trd, 4319579.143, 80
Trd, 4319580.793, 91
Trd, 4319581.793, 88
Trd, 4319582.543, 92
Trd, 4319582.843, 110
Trd, 4319584.343, 131
Trd, 4319584.593, 116
Trd, 4319585.843, 136
Trd, 4319586.543, 106
Trd, 4319587.193, 118
Trd, 4319588.593, 111
Trd, 4319589.093, 97
Trd, 4319589.893, 139
Trd, 4319591.393, 140
Trd, 4319591.493, 115
Trd, 4319591.843, 106
Trd, 4319592.743, 114
Trd, 4319593.193, 97
Trd, 4319593.693, 88
Trd, 4319595.393, 106
Trd, 4319595.443, 91
Trd, 4319596.793, 124
Trd, 4319597.143, 81
Trd, 4319598.793, 134
Trd, 4319600.143, 124
Trd, 4319601.793, 125
Trd, 4319602.543, 135
Trd, 4319602.793, 122
Trd, 4319604.943, 136
Trd, 4319605.593, 126
Trd, 4319606.643, 103
Trd, 4319607.393, 76
Trd, 4319607.643, 73
Trd, 4319607.943, 130
Trd, 4319608.193, 95
Trd, 4319608.593, 113
Trd, 4319608.993, 95
Trd, 4319609.593, 109
Trd, 4319610.143, 72
Trd, 4319610.443, 124
Trd, 4319612.443, 66
Trd, 4319613.143, 60
Trd, 4319614.043, 83
Trd, 4319614.693, 97
Trd, 4319615.593, 86
Trd, 4319616.443, 111
Trd, 4319617.143, 127
Trd, 4319617.393, 91
Trd, 4319619.643, 126
Trd, 4319621.543, 123
Trd, 4319621.743, 91
Trd, 4319622.393, 124
Trd, 4319622.943, 109
Trd, 4319622.993, 83
Trd, 4319623.893, 95
Trd, 4319625.043, 115
Trd, 4319625.493, 115
Trd, 4319625.743, 111
Trd, 4319626.093, 88
Trd, 4319626.493, 75
Trd, 4319627.993, 85
Trd, 4319628.743, 74
Trd, 4319628.993, 70
Trd, 4319629.143, 100
Trd, 4319630.693, 60
Trd, 4319631.243, 101
Trd, 4319631.843, 83
Trd, 4319632.593, 90
Trd, 4319633.393, 86
Trd, 4319633.443, 68
Trd, 4319633.893, 74
Trd, 4319634.043, 95
Trd, 4319634.793, 136
Trd, 4319635.743, 108
Trd, 4319637.393, 114
Trd, 4319637.543, 100
Trd, 4319637.743, 96
Trd, 4319638.443, 134
Trd, 4319639.443, 136
Trd, 4319640.493, 99
Trd, 4319641.093, 92
Trd, 4319641.243, 112
Trd, 4319642.793, 102
Trd, 4319644.593, 119
Trd, 4319645.093, 112
Trd, 4319645.343, 138
Trd, 4319645.393, 97
Trd, 4319646.743, 133
Trd, 4319647.743, 130
Trd, 4319647.943, 91
Trd, 4319648.293, 105
Trd, 4319648.993, 113
Trd, 4319649.793, 96
Trd, 4319650.443, 105
Trd, 4319650.743, 91
Trd, 4319652.293, 75
Trd, 4319653.243, 71
Trd, 4319653.343, 81
Trd, 4319654.743, 102
Trd, 4319657.143, 102
Trd, 4319658.243, 87
Trd, 4319659.043, 119
Trd, 4319659.193, 102
Trd, 4319659.793, 87
Trd, 4319660.143, 79
Trd, 4319660.693, 100
Trd, 4319661.893, 110
Trd, 4319662.193, 106
Trd, 4319662.343, 93
Trd, 4319662.793, 106
Trd, 4319663.793, 113
Trd, 4319664.943, 122
Trd, 4319665.043, 115
Trd, 4319665.543, 98
Trd, 4319666.593, 132
Trd, 4319667.743, 103
Trd, 4319669.093, 103
Trd, 4319669.293, 100
Trd, 4319669.493, 72
Trd, 4319670.093, 124
Trd, 4319670.543, 102
Trd, 4319670.893, 130
Trd, 4319670.943, 97
Trd, 4319673.243, 134
Trd, 4319673.693, 106
Trd, 4319675.743, 93
Trd, 4319676.043, 82
Trd, 4319676.643, 89
Trd, 4319677.043, 78
Trd, 4319679.343, 131
Trd, 4319679.443, 107
Trd, 4319681.043, 105
Trd, 4319681.243, 81
Trd, 4319681.643, 98
Trd, 4319681.993, 67
Trd, 4319682.693, 115
Trd, 4319683.593, 107
Trd, 4319683.943, 99
Trd, 4319687.243, 118
Trd, 4319687.743, 117
Trd, 4319687.843, 90
Trd, 4319687.893, 84
Trd, 4319688.243, 87
Trd, 4319689.093, 106
Trd, 4319690.893, 92
Trd, 4319691.243, 88
Trd, 4319691.543, 101
Trd, 4319692.393, 109
Trd, 4319692.893, 108
Trd, 4319693.643, 127
Trd, 4319694.793, 117
Trd, 4319696.193, 111
Trd, 4319696.793, 75
Trd, 4319697.543, 86
Trd, 4319698.843, 125
Trd, 4319699.543, 105
Trd, 4319699.843, 117
Trd, 4319699.943, 116
Trd, 4319702.093, 102
Trd, 4319702.243, 110
Trd, 4319702.693, 105
Trd, 4319703.993, 137
Trd, 4319704.243, 120
Trd, 4319704.793, 118
Trd, 4319705.743, 73
Trd, 4319707.493, 111
Trd, 4319707.643, 97
Trd, 4319708.193, 121
Trd, 4319709.443, 119
Trd, 4319710.843, 102
Trd, 4319711.793, 117
Trd, 4319712.193, 109
Trd, 4319712.243, 98
Trd, 4319713.093, 110
Trd, 4319713.143, 87
Trd, 4319713.993, 107
Trd, 4319714.143, 112
Trd, 4319715.293, 115
Trd, 4319715.643, 124
Trd, 4319716.893, 65
Trd, 4319718.643, 110
Trd, 4319718.993, 83
Trd, 4319720.843, 110
Trd, 4319721.593, 138
Trd, 4319721.693, 134
Trd, 4319721.843, 102
Trd, 4319723.143, 130
Trd, 4319723.193, 121
Trd, 4319724.743, 131
Trd, 4319725.043, 113
Trd, 4319725.993, 122
Trd, 4319727.943, 136
Trd, 4319727.993, 81
Trd, 4319728.843, 84
Trd, 4319729.793, 108
Trd, 4319731.693, 104
Trd, 4319732.993, 90
Trd, 4319733.593, 128
Trd, 4319733.943, 88
Trd, 4319734.543, 94
Trd, 4319735.543, 90
Trd, 4319736.643, 81
Trd, 4319737.343, 120
Trd, 4319737.993, 77
Trd, 4319738.193, 111
Trd, 4319738.843, 90
Trd, 4319739.193, 73
Trd, 4319740.443, 136
Trd, 4319741.393, 98
Trd, 4319742.093, 81
Trd, 4319743.743, 132
Trd, 4319745.393, 133
Trd, 4319745.593, 128
Trd, 4319746.243, 108
Trd, 4319747.043, 122
Trd, 4319747.493, 102
Trd, 4319747.893, 71
Trd, 4319748.243, 73
Trd, 4319749.543, 126
Trd, 4319750.193, 63
Trd, 4319753.443, 98
Trd, 4319754.093, 90
Trd, 4319754.843, 109
Trd, 4319755.643, 99
Trd, 4319756.443, 118
Trd, 4319756.693, 108
Trd, 4319758.593, 139
Trd, 4319758.643, 101
Trd, 4319758.693, 90
Trd, 4319759.593, 90
Trd, 4319760.043, 128
Trd, 4319761.643, 107
Trd, 4319762.493, 113
Trd, 4319762.843, 61
Trd, 4319765.193, 118
Trd, 4319765.693, 117
Trd, 4319766.843, 133
Trd, 4319766.893, 110
Trd, 4319767.193, 121
Trd, 4319768.743, 104
Trd, 4319769.093, 84
Trd, 4319769.743, 102
Trd, 4319770.093, 103
Trd, 4319770.443, 88
Trd, 4319770.743, 106
Trd, 4319771.643, 76
Trd, 4319773.093, 126
Trd, 4319773.193, 103
Trd, 4319774.643, 107
Trd, 4319774.843, 94
Trd, 4319776.443, 116
Trd, 4319777.593, 131
Trd, 4319778.243, 104
Trd, 4319778.943, 101
Trd, 4319779.393, 98
Trd, 4319780.293, 121
Trd, 4319781.743, 113
Trd, 4319782.393, 115
Trd, 4319782.643, 102
Trd, 4319783.093, 98
Trd, 4319783.843, 133
Trd, 4319784.393, 61
Trd, 4319784.543, 79
Trd, 4319785.143, 73
Trd, 4319786.543, 84
Trd, 4319786.693, 101
Trd, 4319787.893, 139
Trd, 4319788.243, 116
Trd, 4319789.493, 106
Trd, 4319791.343, 106
Trd, 4319791.743, 134
Trd, 4319792.143, 83
Trd, 4319792.893, 122
Trd, 4319793.643, 115
Trd, 4319794.293, 107
Trd, 4319794.693, 91
Trd, 4319795.493, 97
Trd, 4319797.893, 127
Trd, 4319801.143, 130
Trd, 4319801.943, 106
Trd, 4319802.493, 103
Trd, 4319802.943, 92
Trd, 4319803.943, 125
Trd, 4319805.643, 131
Trd, 4319805.793, 126
Trd, 4319806.693, 104
Trd, 4319806.993, 100
Trd, 4319808.143, 123
Trd, 4319810.143, 114
Trd, 4319810.193, 110
Trd, 4319811.393, 101
Trd, 4319811.943, 119
Trd, 4319812.343, 91
Trd, 4319812.393, 89
Trd, 4319814.393, 91
Trd, 4319814.743, 106
Trd, 4319816.043, 93
Trd, 4319816.093, 118
Trd, 4319817.543, 128
Trd, 4319817.793, 105
Trd, 4319818.793, 125
Trd, 4319819.543, 103
Trd, 4319820.243, 118
Trd, 4319821.493, 93
Trd, 4319822.093, 108
Trd, 4319822.443, 96
Trd, 4319822.843, 102
Trd, 4319823.393, 90
Trd, 4319824.893, 110
Trd, 4319827.493, 135
Trd, 4319828.593, 117
Trd, 4319828.943, 105
Trd, 4319829.843, 127
Trd, 4319830.443, 126
Trd, 4319830.493, 109
Trd, 4319833.943, 86
Trd, 4319834.643, 124
Trd, 4319834.893, 67
Trd, 4319835.193, 121
Trd, 4319835.893, 131
Trd, 4319836.493, 84
Trd, 4319837.193, 79
Trd, 4319837.393, 64
Trd, 4319837.593, 100
Trd, 4319838.393, 86
Trd, 4319839.093, 94
Trd, 4319839.793, 107
Trd, 4319840.943, 93
Trd, 4319841.793, 80
Trd, 4319842.443, 94
Trd, 4319842.643, 77
Trd, 4319842.893, 84
Trd, 4319843.193, 87
Trd, 4319843.493, 73
Trd, 4319844.643, 79
Trd, 4319845.193, 97
Trd, 4319846.643, 82
Trd, 4319847.493, 122
Trd, 4319847.743, 124
Trd, 4319847.893, 107
Trd, 4319848.743, 102
Trd, 4319851.193, 103
Trd, 4319851.593, 85
Trd, 4319851.943, 68
Trd, 4319852.243, 105
Trd, 4319853.793, 87
Trd, 4319855.143, 80
Trd, 4319855.443, 75
Trd, 4319856.193, 111
Trd, 4319856.843, 96
Trd, 4319859.443, 96
Trd, 4319860.093, 99
Trd, 4319860.343, 89
Trd, 4319862.243, 104
Trd, 4319862.443, 99
Trd, 4319862.993, 118
Trd, 4319863.293, 117
Trd, 4319864.493, 110
Trd, 4319864.593, 94
Trd, 4319865.793, 113
Trd, 4319866.593, 112
Trd, 4319867.693, 111
Trd, 4319867.893, 137
Trd, 4319868.293, 108
Trd, 4319868.493, 87
Trd, 4319869.793, 72
Trd, 4319870.243, 111
Trd, 4319870.543, 77
Trd, 4319870.643, 88
Trd, 4319871.393, 82
Trd, 4319872.743, 105
Trd, 4319873.193, 116
Trd, 4319876.143, 129
Trd, 4319876.693, 117
Trd, 4319876.843, 95
Trd, 4319877.143, 122
Trd, 4319877.193, 101
Trd, 4319877.643, 107
Trd, 4319878.593, 78
Trd, 4319882.543, 112
Trd, 4319884.043, 115
Trd, 4319884.393, 102
Trd, 4319885.443, 102
Trd, 4319885.893, 131
Trd, 4319886.243, 94
Trd, 4319887.293, 88
Trd, 4319889.093, 96
Trd, 4319889.343, 107
Trd, 4319889.993, 83
Trd, 4319892.143, 92
Trd, 4319892.443, 95
Trd, 4319892.843, 128
Trd, 4319893.393, 117
Trd, 4319894.443, 79
Trd, 4319895.393, 89
Trd, 4319895.443, 98
Trd, 4319895.943, 100
Trd, 4319897.793, 136
Trd, 4319897.843, 110
Trd, 4319898.443, 107
Trd, 4319898.743, 98
Trd, 4319899.393, 77
Trd, 4319899.593, 76
Trd, 4319899.643, 104
Trd, 4319901.193, 117
Trd, 4319903.143, 120
Trd, 4319904.993, 116
Trd, 4319905.393, 103
Trd, 4319906.043, 102
Trd, 4319906.093, 109
Trd, 4319906.393, 89
Trd, 4319907.643, 118
Trd, 4319908.843, 101
Trd, 4319909.493, 106
Trd, 4319909.793, 102
Trd, 4319910.443, 88
Trd, 4319911.193, 97
Trd, 4319911.493, 94
Trd, 4319912.043, 102
Trd, 4319913.193, 112
Trd, 4319913.593, 94
Trd, 4319914.443, 105
Trd, 4319915.043, 84
Trd, 4319915.293, 89
Trd, 4319916.493, 68
Trd, 4319917.393, 73
Trd, 4319917.893, 102
Trd, 4319917.943, 100
Trd, 4319919.343, 110
Trd, 4319921.543, 115
Trd, 4319922.193, 119
Trd, 4319923.493, 131
Trd, 4319923.743, 111
Trd, 4319924.043, 94
Trd, 4319925.343, 121
Trd, 4319926.043, 112
Trd, 4319927.043, 84
Trd, 4319927.943, 83
Trd, 4319929.243, 99
Trd, 4319930.443, 69
Trd, 4319930.693, 77
Trd, 4319932.393, 93
Trd, 4319932.693, 113
Trd, 4319933.893, 105
Trd, 4319935.443, 117
Trd, 4319937.293, 100
Trd, 4319937.543, 92
Trd, 4319938.493, 97
Trd, 4319938.743, 80
Trd, 4319939.443, 101
Trd, 4319940.143, 78
Trd, 4319940.643, 116
Trd, 4319941.443, 125
Trd, 4319942.593, 87
Trd, 4319944.143, 109
Trd, 4319944.393, 102
Trd, 4319944.843, 106
Trd, 4319946.293, 104
Trd, 4319946.793, 98
Trd, 4319947.543, 100
Trd, 4319948.693, 88
Trd, 4319949.043, 90
Trd, 4319949.943, 87
Trd, 4319952.393, 103
Trd, 4319953.543, 101
Trd, 4319953.993, 118
Trd, 4319955.093, 106
Trd, 4319955.343, 118
Trd, 4319956.043, 131
Trd, 4319956.493, 104
Trd, 4319956.643, 90
Trd, 4319957.443, 92
Trd, 4319958.143, 101
Trd, 4319959.193, 65
Trd, 4319959.393, 88
Trd, 4319959.643, 86
Trd, 4319960.993, 114
Trd, 4319961.993, 123
Trd, 4319962.643, 105
Trd, 4319962.893, 107
Trd, 4319963.343, 114
Trd, 4319964.143, 102
Trd, 4319965.493, 100
Trd, 4319966.293, 103
Trd, 4319966.643, 114
Trd, 4319968.293, 98
Trd, 4319968.393, 102
Trd, 4319969.443, 106
Trd, 4319970.793, 115
Trd, 4319971.343, 92
Trd, 4319973.193, 105
Trd, 4319973.343, 79
Trd, 4319974.243, 88
Trd, 4319974.343, 76
Trd, 4319974.593, 72
Trd, 4319974.943, 95
Trd, 4319975.693, 85
Trd, 4319977.643, 63
Trd, 4319978.593, 68
Trd, 4319978.943, 93
Trd, 4319979.093, 89
Trd, 4319979.793, 97
Trd, 4319981.693, 137
Trd, 4319982.393, 103
Trd, 4319983.493, 109
Trd, 4319984.993, 112
Trd, 4319985.193, 110
Trd, 4319985.993, 135
Trd, 4319986.443, 115
Trd, 4319987.443, 110
Trd, 4319988.693, 116
Trd, 4319989.593, 98
Trd, 4319990.443, 107
Trd, 4319991.343, 82
Trd, 4319991.843, 94
Trd, 4319992.043, 83
Trd, 4319992.743, 82
Trd, 4319993.593, 103
Trd, 4319994.643, 79
Trd, 4319994.843, 125
Trd, 4319995.043, 116
Trd, 4319995.743, 66
Trd, 4319996.943, 103
Trd, 4319997.993, 94
Trd, 4319999.143, 86
Trd, 4319999.943, 64
