Trd, 4318138.043, 140
Trd, 4318138.143, 140
Trd, 4318138.593, 140
Trd, 4318139.143, 140
Trd, 4318139.743, 133
Trd, 4318139.893, 111
Trd, 4318140.543, 111
Trd, 4318141.293, 140
Trd, 4318141.393, 125
Trd, 4318142.543, 127
Trd, 4318143.043, 128
Trd, 4318143.843, 140
Trd, 4318144.293, 140
Trd, 4318144.843, 125
Trd, 4318145.943, 139
Trd, 4318146.643, 127
Trd, 4318147.143, 125
Trd, 4318147.343, 108
Trd, 4318148.493, 98
Trd, 4318149.593, 136
Trd, 4318150.543, 140
Trd, 4318150.593, 136
Trd, 4318151.243, 103
Trd, 4318152.543, 140
Trd, 4318152.643, 139
Trd, 4318153.643, 140
Trd, 4318154.393, 140
Trd, 4318154.793, 139
Trd, 4318155.093, 111
Trd, 4318155.493, 96
Trd, 4318156.243, 130
Trd, 4318157.293, 131
Trd, 4318158.943, 138
Trd, 4318159.343, 137
Trd, 4318159.543, 136
Trd, 4318159.693, 103
Trd, 4318159.843, 98
Trd, 4318160.643, 76
Trd, 4318161.543, 138
Trd, 4318161.793, 90
Trd, 4318164.093, 60
Trd, 4318165.093, 60
Trd, 4318165.193, 60
Trd, 4318165.643, 64
Trd, 4318165.793, 63
Trd, 4318166.593, 65
Trd, 4318167.243, 66
Trd, 4318167.343, 64
Trd, 4318168.043, 68
Trd, 4318168.793, 65
Trd, 4318169.943, 138
Trd, 4318170.893, 60
Trd, 4318173.143, 60
Trd, 4318173.743, 60
Trd, 4318174.293, 62
Trd, 4318174.743, 81
Trd, 4318175.093, 94
Trd, 4318175.393, 75
Trd, 4318176.093, 134
Trd, 4318176.693, 77
Trd, 4318177.543, 67
Trd, 4318177.693, 74
Trd, 4318177.943, 67
Trd, 4318178.343, 78
Trd, 4318178.393, 94
Trd, 4318181.093, 61
Trd, 4318182.743, 60
Trd, 4318183.943, 60
Trd, 4318184.343, 60
Trd, 4318184.493, 62
Trd, 4318185.043, 65
Trd, 4318185.793, 74
Trd, 4318185.843, 72
Trd, 4318186.043, 64
Trd, 4318186.543, 60
Trd, 4318187.493, 139
Trd, 4318187.843, 125
Trd, 4318188.993, 113
Trd, 4318189.543, 114
Trd, 4318189.943, 112
Trd, 4318191.243, 138
Trd, 4318191.443, 122
Trd, 4318191.593, 114
Trd, 4318192.093, 140
Trd, 4318192.693, 118
Trd, 4318194.393, 140
Trd, 4318196.043, 140
Trd, 4318196.343, 140
Trd, 4318196.543, 140
Trd, 4318197.093, 137
Trd, 4318198.643, 133
Trd, 4318199.143, 140
Trd, 4318199.393, 111
Trd, 4318200.293, 140
Trd, 4318201.993, 111
Trd, 4318202.193, 111
Trd, 4318202.643, 111
Trd, 4318203.043, 110
Trd, 4318203.143, 94
Trd, 4318204.293, 134
Trd, 4318205.643, 139
Trd, 4318205.893, 138
Trd, 4318207.343, 73
Trd, 4318207.643, 70
Trd, 4318208.193, 74
Trd, 4318208.393, 65
Trd, 4318208.993, 136
Trd, 4318209.043, 135
Trd, 4318209.793, 140
Trd, 4318210.943, 137
Trd, 4318212.243, 62
Trd, 4318212.843, 99
Trd, 4318213.093, 98
Trd, 4318213.693, 76
Trd, 4318214.843, 61
Trd, 4318216.043, 63
Trd, 4318216.593, 60
Trd, 4318217.293, 135
Trd, 4318217.893, 60
Trd, 4318218.393, 64
Trd, 4318218.993, 140
Trd, 4318219.293, 139
Trd, 4318220.093, 110
Trd, 4318221.843, 140
Trd, 4318222.143, 136
Trd, 4318222.543, 135
Trd, 4318222.993, 106
Trd, 4318223.443, 140
Trd, 4318224.093, 139
Trd, 4318225.643, 137
Trd, 4318226.443, 138
Trd, 4318226.493, 137
Trd, 4318227.093, 113
Trd, 4318227.593, 140
Trd, 4318228.143, 140
Trd, 4318228.343, 140
Trd, 4318229.493, 131
Trd, 4318229.893, 69
Trd, 4318230.943, 139
Trd, 4318231.043, 93
Trd, 4318231.143, 71
Trd, 4318231.343, 69
Trd, 4318232.243, 60
Trd, 4318232.543, 61
Trd, 4318233.643, 115
Trd, 4318234.393, 114
Trd, 4318234.593, 113
Trd, 4318234.843, 92
Trd, 4318235.343, 137
Trd, 4318236.443, 94
Trd, 4318236.993, 92
Trd, 4318238.793, 139
Trd, 4318239.743, 140
Trd, 4318240.393, 140
Trd, 4318240.443, 138
Trd, 4318241.293, 140
Trd, 4318241.393, 140
Trd, 4318242.193, 140
Trd, 4318242.943, 103
Trd, 4318244.543, 106
Trd, 4318245.493, 140
Trd, 4318245.843, 140
Trd, 4318246.093, 140
Trd, 4318246.593, 140
Trd, 4318246.993, 84
Trd, 4318247.193, 78
Trd, 4318248.243, 138
Trd, 4318248.643, 63
Trd, 4318248.993, 93
Trd, 4318249.943, 60
Trd, 4318251.193, 61
Trd, 4318251.643, 79
Trd, 4318252.643, 61
Trd, 4318253.643, 61
Trd, 4318253.693, 61
Trd, 4318254.293, 68
Trd, 4318255.843, 140
Trd, 4318255.943, 140
Trd, 4318256.043, 118
Trd, 4318256.593, 104
Trd, 4318257.243, 137
Trd, 4318258.043, 109
Trd, 4318259.593, 140
Trd, 4318259.643, 140
Trd, 4318260.893, 107
Trd, 4318261.093, 106
Trd, 4318261.343, 96
Trd, 4318262.193, 140
Trd, 4318262.643, 139
Trd, 4318263.143, 139
Trd, 4318263.293, 107
Trd, 4318264.493, 133
Trd, 4318265.543, 133
Trd, 4318265.743, 132
Trd, 4318266.393, 140
Trd, 4318266.543, 101
Trd, 4318267.643, 133
Trd, 4318269.493, 140
Trd, 4318270.093, 139
Trd, 4318270.193, 123
Trd, 4318270.843, 107
Trd, 4318271.643, 77
Trd, 4318272.343, 139
Trd, 4318272.493, 89
Trd, 4318272.843, 88
Trd, 4318275.643, 140
Trd, 4318275.693, 140
Trd, 4318276.093, 140
Trd, 4318276.743, 139
Trd, 4318277.743, 133
Trd, 4318279.493, 140
Trd, 4318279.543, 129
Trd, 4318280.993, 140
Trd, 4318281.893, 140
Trd, 4318282.093, 140
Trd, 4318282.943, 140
Trd, 4318283.093, 140
Trd, 4318283.193, 138
Trd, 4318284.293, 112
Trd, 4318284.343, 110
Trd, 4318285.143, 136
Trd, 4318285.343, 140
Trd, 4318286.143, 140
Trd, 4318286.343, 136
Trd, 4318287.243, 137
Trd, 4318287.693, 140
Trd, 4318290.243, 139
Trd, 4318291.043, 130
Trd, 4318291.643, 117
Trd, 4318292.693, 134
Trd, 4318292.743, 121
Trd, 4318293.293, 95
Trd, 4318293.943, 140
Trd, 4318294.243, 138
Trd, 4318294.993, 108
Trd, 4318296.093, 133
Trd, 4318296.193, 85
Trd, 4318296.693, 84
Trd, 4318297.443, 113
Trd, 4318298.143, 121
Trd, 4318299.143, 99
Trd, 4318299.193, 80
Trd, 4318300.093, 82
Trd, 4318300.993, 134
Trd, 4318301.493, 131
Trd, 4318301.743, 130
Trd, 4318302.143, 120
Trd, 4318302.293, 99
Trd, 4318303.693, 62
Trd, 4318305.293, 63
Trd, 4318305.493, 64
Trd, 4318306.443, 64
Trd, 4318307.093, 65
Trd, 4318308.643, 66
Trd, 4318309.743, 62
Trd, 4318310.443, 62
Trd, 4318310.643, 64
Trd, 4318312.043, 61
Trd, 4318312.093, 61
Trd, 4318313.243, 62
Trd, 4318313.643, 62
Trd, 4318313.693, 64
Trd, 4318314.293, 65
Trd, 4318314.793, 65
Trd, 4318315.193, 88
Trd, 4318315.543, 70
Trd, 4318315.793, 140
Trd, 4318316.193, 64
Trd, 4318317.493, 60
Trd, 4318317.643, 60
Trd, 4318317.943, 64
Trd, 4318318.693, 60
Trd, 4318319.243, 60
Trd, 4318319.843, 61
Trd, 4318320.243, 63
Trd, 4318320.543, 64
Trd, 4318321.193, 63
Trd, 4318322.993, 99
Trd, 4318323.043, 98
Trd, 4318324.393, 140
Trd, 4318324.543, 140
Trd, 4318324.643, 140
Trd, 4318325.143, 92
Trd, 4318325.793, 77
Trd, 4318325.943, 136
Trd, 4318327.593, 66
Trd, 4318328.793, 140
Trd, 4318329.043, 111
Trd, 4318330.393, 64
Trd, 4318332.493, 60
Trd, 4318333.243, 63
Trd, 4318333.643, 66
Trd, 4318333.993, 62
Trd, 4318334.093, 81
Trd, 4318334.643, 80
Trd, 4318335.493, 69
Trd, 4318335.643, 67
Trd, 4318337.093, 75
Trd, 4318338.293, 138
Trd, 4318338.493, 88
Trd, 4318339.143, 102
Trd, 4318339.193, 88
Trd, 4318341.043, 140
Trd, 4318341.443, 140
Trd, 4318341.693, 140
Trd, 4318341.943, 140
Trd, 4318342.693, 140
Trd, 4318343.293, 140
Trd, 4318343.593, 140
Trd, 4318343.843, 140
Trd, 4318344.393, 140
Trd, 4318345.043, 139
Trd, 4318345.993, 107
Trd, 4318347.193, 101
Trd, 4318349.193, 140
Trd, 4318349.393, 140
Trd, 4318350.393, 140
Trd, 4318350.443, 140
Trd, 4318351.443, 140
Trd, 4318353.093, 139
Trd, 4318353.293, 136
Trd, 4318353.643, 133
Trd, 4318354.093, 130
Trd, 4318354.543, 107
Trd, 4318354.943, 119
Trd, 4318355.693, 140
Trd, 4318356.393, 140
Trd, 4318356.793, 118
Trd, 4318357.993, 119
Trd, 4318358.043, 117
Trd, 4318358.443, 115
Trd, 4318359.293, 115
Trd, 4318359.943, 117
Trd, 4318360.293, 115
Trd, 4318360.843, 103
Trd, 4318362.693, 140
Trd, 4318363.493, 138
Trd, 4318363.743, 140
Trd, 4318363.893, 139
Trd, 4318364.793, 139
Trd, 4318365.043, 134
Trd, 4318365.643, 113
Trd, 4318366.693, 114
Trd, 4318367.993, 98
Trd, 4318368.643, 136
Trd, 4318368.993, 133
Trd, 4318369.143, 139
Trd, 4318369.293, 105
Trd, 4318369.493, 89
Trd, 4318372.693, 62
Trd, 4318372.943, 71
Trd, 4318374.193, 73
Trd, 4318374.493, 68
Trd, 4318374.593, 73
Trd, 4318376.793, 140
Trd, 4318377.093, 140
Trd, 4318377.393, 140
Trd, 4318378.693, 137
Trd, 4318378.743, 136
Trd, 4318378.793, 107
Trd, 4318378.943, 103
Trd, 4318379.093, 65
Trd, 4318381.143, 60
Trd, 4318381.743, 60
Trd, 4318382.843, 62
Trd, 4318384.143, 65
Trd, 4318385.843, 63
Trd, 4318387.043, 60
Trd, 4318387.693, 60
Trd, 4318387.743, 60
Trd, 4318388.293, 61
Trd, 4318388.793, 80
Trd, 4318389.593, 91
Trd, 4318389.793, 90
Trd, 4318389.843, 102
Trd, 4318390.743, 140
Trd, 4318390.893, 140
Trd, 4318392.193, 140
Trd, 4318392.243, 140
Trd, 4318393.743, 139
Trd, 4318393.943, 135
Trd, 4318394.343, 91
Trd, 4318395.793, 60
Trd, 4318396.593, 60
Trd, 4318396.793, 60
Trd, 4318397.293, 62
Trd, 4318397.793, 62
Trd, 4318398.293, 65
Trd, 4318398.743, 75
Trd, 4318398.843, 64
Trd, 4318399.993, 66
Trd, 4318400.493, 62
Trd, 4318400.643, 67
Trd, 4318401.743, 61
Trd, 4318402.693, 62
Trd, 4318403.393, 63
Trd, 4318403.993, 67
Trd, 4318404.543, 83
Trd, 4318405.243, 131
Trd, 4318405.643, 70
Trd, 4318406.393, 66
Trd, 4318406.793, 69
Trd, 4318406.943, 67
Trd, 4318407.493, 123
Trd, 4318409.393, 71
Trd, 4318409.793, 72
Trd, 4318410.593, 82
Trd, 4318410.843, 79
Trd, 4318412.043, 71
Trd, 4318413.443, 137
Trd, 4318414.243, 140
Trd, 4318414.643, 140
Trd, 4318414.943, 140
Trd, 4318415.743, 136
Trd, 4318415.843, 136
Trd, 4318417.843, 137
Trd, 4318418.043, 140
Trd, 4318418.293, 135
Trd, 4318418.393, 109
Trd, 4318420.943, 140
Trd, 4318421.643, 140
Trd, 4318422.943, 140
Trd, 4318423.743, 140
Trd, 4318423.993, 140
Trd, 4318425.093, 138
Trd, 4318425.343, 124
Trd, 4318425.993, 128
Trd, 4318426.193, 137
Trd, 4318426.843, 138
Trd, 4318427.243, 138
Trd, 4318428.593, 140
Trd, 4318428.793, 136
Trd, 4318428.843, 136
Trd, 4318429.643, 106
Trd, 4318431.643, 140
Trd, 4318432.593, 140
Trd, 4318432.793, 140
Trd, 4318432.893, 140
Trd, 4318433.193, 110
Trd, 4318434.243, 105
Trd, 4318435.343, 135
Trd, 4318435.393, 103
Trd, 4318435.743, 67
Trd, 4318436.643, 140
Trd, 4318437.993, 139
Trd, 4318438.793, 139
Trd, 4318440.093, 134
Trd, 4318440.443, 140
Trd, 4318440.643, 135
Trd, 4318441.693, 134
Trd, 4318441.993, 117
Trd, 4318442.093, 108
Trd, 4318443.443, 106
Trd, 4318444.543, 107
Trd, 4318445.793, 135
Trd, 4318446.343, 140
Trd, 4318446.593, 107
Trd, 4318446.943, 107
Trd, 4318448.343, 140
Trd, 4318450.343, 140
Trd, 4318450.493, 140
Trd, 4318450.543, 138
Trd, 4318451.143, 139
Trd, 4318452.843, 140
Trd, 4318453.543, 140
Trd, 4318453.593, 140
Trd, 4318454.893, 139
Trd, 4318456.143, 140
Trd, 4318456.343, 137
Trd, 4318456.493, 111
Trd, 4318456.793, 100
Trd, 4318457.793, 81
Trd, 4318458.343, 139
Trd, 4318458.843, 139
Trd, 4318458.893, 109
Trd, 4318459.293, 70
Trd, 4318461.393, 137
Trd, 4318462.593, 125
Trd, 4318462.743, 123
Trd, 4318463.243, 139
Trd, 4318464.143, 105
Trd, 4318464.293, 123
Trd, 4318465.093, 108
Trd, 4318465.943, 88
Trd, 4318467.343, 90
Trd, 4318467.843, 103
Trd, 4318468.643, 140
Trd, 4318470.243, 139
Trd, 4318470.393, 138
Trd, 4318471.043, 126
Trd, 4318471.343, 140
Trd, 4318471.443, 121
Trd, 4318471.643, 112
Trd, 4318473.243, 99
Trd, 4318473.393, 103
Trd, 4318473.643, 98
Trd, 4318474.843, 137
Trd, 4318475.643, 139
Trd, 4318476.393, 139
Trd, 4318476.593, 138
Trd, 4318477.343, 124
Trd, 4318477.893, 137
Trd, 4318478.293, 137
Trd, 4318478.393, 124
Trd, 4318478.493, 123
Trd, 4318480.643, 139
Trd, 4318482.093, 140
Trd, 4318483.293, 140
Trd, 4318483.893, 140
Trd, 4318484.193, 140
Trd, 4318484.843, 140
Trd, 4318485.193, 139
Trd, 4318485.293, 127
Trd, 4318486.043, 138
Trd, 4318487.143, 117
Trd, 4318487.993, 118
Trd, 4318488.943, 133
Trd, 4318488.993, 132
Trd, 4318489.343, 130
Trd, 4318489.743, 74
Trd, 4318491.093, 140
Trd, 4318491.643, 140
Trd, 4318492.393, 140
Trd, 4318492.893, 140
Trd, 4318493.043, 139
Trd, 4318494.693, 131
Trd, 4318495.393, 140
Trd, 4318495.543, 140
Trd, 4318495.943, 139
Trd, 4318496.443, 134
Trd, 4318496.943, 139
Trd, 4318498.043, 140
Trd, 4318499.293, 140
Trd, 4318499.893, 139
Trd, 4318500.243, 124
Trd, 4318500.393, 111
Trd, 4318500.443, 107
Trd, 4318502.243, 136
Trd, 4318502.443, 134
Trd, 4318502.543, 134
Trd, 4318503.593, 140
Trd, 4318504.093, 137
Trd, 4318504.193, 137
Trd, 4318505.193, 124
Trd, 4318505.743, 86
Trd, 4318507.043, 123
Trd, 4318507.493, 124
Trd, 4318507.893, 108
Trd, 4318510.043, 131
Trd, 4318510.093, 130
Trd, 4318510.143, 110
Trd, 4318510.193, 96
Trd, 4318511.193, 87
Trd, 4318513.743, 60
Trd, 4318515.643, 60
Trd, 4318515.943, 61
Trd, 4318516.493, 61
Trd, 4318516.793, 60
Trd, 4318517.843, 65
Trd, 4318517.993, 63
Trd, 4318518.593, 62
Trd, 4318519.243, 63
Trd, 4318520.543, 62
Trd, 4318521.493, 60
Trd, 4318521.843, 60
Trd, 4318522.193, 62
Trd, 4318523.543, 60
Trd, 4318524.493, 60
Trd, 4318525.143, 65
Trd, 4318525.993, 67
Trd, 4318526.243, 66
Trd, 4318526.643, 68
Trd, 4318526.743, 63
Trd, 4318527.693, 85
Trd, 4318528.143, 65
Trd, 4318528.593, 62
Trd, 4318529.043, 63
Trd, 4318529.443, 64
Trd, 4318531.593, 140
Trd, 4318531.843, 140
Trd, 4318532.693, 140
Trd, 4318533.793, 128
Trd, 4318533.843, 126
Trd, 4318535.093, 60
Trd, 4318536.343, 63
Trd, 4318536.793, 64
Trd, 4318536.943, 140
Trd, 4318537.243, 140
Trd, 4318537.593, 63
Trd, 4318537.993, 63
Trd, 4318538.443, 91
Trd, 4318538.893, 70
Trd, 4318539.243, 66
Trd, 4318541.243, 140
Trd, 4318541.543, 101
Trd, 4318542.543, 136
Trd, 4318542.593, 135
Trd, 4318544.393, 140
Trd, 4318545.193, 140
Trd, 4318545.443, 140
Trd, 4318546.493, 140
Trd, 4318546.793, 139
Trd, 4318546.893, 114
Trd, 4318547.543, 140
Trd, 4318548.193, 114
Trd, 4318548.593, 135
Trd, 4318549.243, 90
Trd, 4318551.393, 140
Trd, 4318551.643, 140
Trd, 4318553.193, 138
Trd, 4318553.243, 137
Trd, 4318553.793, 136
Trd, 4318554.693, 139
Trd, 4318555.593, 135
Trd, 4318555.643, 120
Trd, 4318556.443, 140
Trd, 4318557.143, 122
Trd, 4318557.543, 102
Trd, 4318558.043, 88
Trd, 4318559.293, 60
Trd, 4318560.693, 63
Trd, 4318560.743, 65
Trd, 4318561.793, 63
Trd, 4318562.143, 61
Trd, 4318562.543, 76
Trd, 4318563.293, 140
Trd, 4318563.343, 140
Trd, 4318563.793, 140
Trd, 4318564.793, 140
Trd, 4318565.593, 140
Trd, 4318565.943, 140
Trd, 4318565.993, 140
Trd, 4318566.943, 140
Trd, 4318567.443, 140
Trd, 4318567.643, 114
Trd, 4318568.993, 61
Trd, 4318569.993, 60
Trd, 4318570.293, 61
Trd, 4318571.543, 60
Trd, 4318572.093, 62
Trd, 4318572.143, 63
Trd, 4318572.493, 63
Trd, 4318573.643, 62
Trd, 4318574.543, 61
Trd, 4318575.593, 63
Trd, 4318575.893, 63
Trd, 4318576.543, 64
Trd, 4318576.643, 114
Trd, 4318577.343, 68
Trd, 4318578.693, 65
Trd, 4318579.193, 60
Trd, 4318581.143, 77
Trd, 4318581.743, 69
Trd, 4318582.043, 68
Trd, 4318582.493, 68
Trd, 4318582.643, 72
Trd, 4318583.043, 67
Trd, 4318583.643, 64
Trd, 4318584.143, 135
Trd, 4318584.993, 66
Trd, 4318585.593, 64
Trd, 4318587.443, 60
Trd, 4318587.793, 61
Trd, 4318588.243, 64
Trd, 4318588.643, 65
Trd, 4318591.193, 60
Trd, 4318591.643, 60
Trd, 4318591.693, 60
Trd, 4318592.043, 61
Trd, 4318592.893, 72
Trd, 4318594.093, 60
Trd, 4318594.593, 60
Trd, 4318595.093, 60
Trd, 4318595.893, 133
Trd, 4318596.693, 136
Trd, 4318596.893, 135
Trd, 4318597.443, 87
Trd, 4318597.643, 140
Trd, 4318597.943, 85
Trd, 4318599.493, 61
Trd, 4318600.393, 64
Trd, 4318601.393, 63
Trd, 4318601.843, 62
Trd, 4318602.293, 67
Trd, 4318602.443, 67
Trd, 4318602.493, 71
Trd, 4318602.593, 110
Trd, 4318602.743, 67
Trd, 4318604.143, 140
Trd, 4318604.643, 61
Trd, 4318605.443, 88
Trd, 4318606.143, 76
Trd, 4318606.493, 130
Trd, 4318607.193, 129
Trd, 4318607.243, 75
Trd, 4318608.343, 65
Trd, 4318609.543, 62
Trd, 4318610.093, 68
Trd, 4318610.493, 62
Trd, 4318612.143, 78
Trd, 4318612.443, 80
Trd, 4318612.693, 61
Trd, 4318613.493, 65
Trd, 4318614.093, 122
Trd, 4318614.193, 65
Trd, 4318615.243, 64
Trd, 4318616.693, 138
Trd, 4318617.293, 139
Trd, 4318617.543, 137
Trd, 4318618.093, 138
Trd, 4318619.243, 140
Trd, 4318620.093, 140
Trd, 4318620.243, 140
Trd, 4318620.593, 108
Trd, 4318621.343, 140
Trd, 4318622.243, 140
Trd, 4318623.343, 140
Trd, 4318623.693, 140
Trd, 4318623.993, 140
Trd, 4318624.443, 134
Trd, 4318626.193, 140
Trd, 4318626.443, 106
Trd, 4318626.593, 103
Trd, 4318627.493, 135
Trd, 4318628.643, 90
Trd, 4318629.993, 127
Trd, 4318630.443, 92
Trd, 4318630.593, 69
Trd, 4318632.143, 140
Trd, 4318632.643, 139
Trd, 4318633.343, 140
Trd, 4318634.593, 140
Trd, 4318634.643, 140
Trd, 4318634.743, 140
Trd, 4318634.893, 140
Trd, 4318635.693, 122
Trd, 4318635.893, 121
Trd, 4318636.893, 138
Trd, 4318637.743, 135
Trd, 4318638.993, 97
Trd, 4318639.143, 96
Trd, 4318641.093, 140
Trd, 4318641.193, 140
Trd, 4318641.593, 140
Trd, 4318641.893, 136
Trd, 4318642.393, 136
Trd, 4318643.093, 131
Trd, 4318643.843, 140
Trd, 4318644.193, 102
Trd, 4318646.143, 140
Trd, 4318646.493, 140
Trd, 4318647.843, 108
Trd, 4318648.143, 103
Trd, 4318648.243, 73
Trd, 4318648.993, 66
Trd, 4318649.093, 114
Trd, 4318649.893, 60
Trd, 4318650.143, 115
Trd, 4318650.693, 137
Trd, 4318651.593, 80
Trd, 4318652.143, 81
Trd, 4318652.793, 65
Trd, 4318653.443, 64
Trd, 4318653.493, 63
Trd, 4318653.643, 62
Trd, 4318656.043, 60
Trd, 4318656.443, 60
Trd, 4318656.943, 60
Trd, 4318659.293, 62
Trd, 4318659.643, 62
Trd, 4318660.593, 60
Trd, 4318660.693, 60
Trd, 4318661.243, 64
Trd, 4318661.543, 61
Trd, 4318661.743, 112
Trd, 4318662.393, 64
Trd, 4318663.093, 85
Trd, 4318664.493, 67
Trd, 4318664.693, 70
Trd, 4318664.893, 125
Trd, 4318665.743, 84
Trd, 4318666.343, 73
Trd, 4318666.843, 72
Trd, 4318667.593, 138
Trd, 4318668.093, 81
Trd, 4318668.443, 140
Trd, 4318669.343, 112
Trd, 4318671.693, 129
Trd, 4318671.793, 127
Trd, 4318672.143, 129
Trd, 4318672.743, 60
Trd, 4318673.143, 136
Trd, 4318673.593, 131
Trd, 4318674.643, 140
Trd, 4318675.543, 140
Trd, 4318675.743, 140
Trd, 4318676.993, 140
Trd, 4318677.043, 140
Trd, 4318677.743, 139
Trd, 4318678.193, 137
Trd, 4318679.343, 125
Trd, 4318679.893, 111
Trd, 4318680.693, 134
Trd, 4318681.093, 112
Trd, 4318681.793, 92
Trd, 4318682.593, 131
Trd, 4318682.743, 130
Trd, 4318682.943, 80
Trd, 4318684.093, 78
Trd, 4318685.343, 137
Trd, 4318685.693, 72
Trd, 4318687.393, 60
Trd, 4318688.143, 61
Trd, 4318688.293, 63
Trd, 4318689.243, 66
Trd, 4318689.293, 65
Trd, 4318689.443, 129
Trd, 4318689.843, 66
Trd, 4318690.693, 139
Trd, 4318691.743, 133
Trd, 4318692.943, 139
Trd, 4318693.443, 137
Trd, 4318693.943, 137
Trd, 4318693.993, 133
Trd, 4318695.143, 125
Trd, 4318696.093, 140
Trd, 4318696.643, 139
Trd, 4318696.893, 107
Trd, 4318698.343, 129
Trd, 4318698.493, 118
Trd, 4318698.893, 84
Trd, 4318700.793, 88
Trd, 4318701.993, 91
Trd, 4318702.243, 88
Trd, 4318703.343, 140
Trd, 4318703.843, 140
Trd, 4318703.993, 136
Trd, 4318704.593, 117
Trd, 4318705.693, 140
Trd, 4318705.993, 140
Trd, 4318706.693, 131
Trd, 4318706.743, 130
Trd, 4318707.793, 140
Trd, 4318708.243, 102
Trd, 4318709.743, 138
Trd, 4318710.993, 140
Trd, 4318711.593, 140
Trd, 4318711.993, 138
Trd, 4318712.693, 137
Trd, 4318713.393, 140
Trd, 4318713.593, 139
Trd, 4318714.743, 109
Trd, 4318715.343, 108
Trd, 4318716.543, 109
Trd, 4318716.693, 97
Trd, 4318717.193, 129
Trd, 4318718.193, 140
Trd, 4318718.293, 128
Trd, 4318718.543, 123
Trd, 4318719.193, 129
Trd, 4318720.243, 133
Trd, 4318720.593, 132
Trd, 4318722.693, 109
Trd, 4318722.793, 107
Trd, 4318723.043, 107
Trd, 4318723.143, 136
Trd, 4318723.643, 108
Trd, 4318724.293, 140
Trd, 4318726.343, 127
Trd, 4318727.193, 112
Trd, 4318727.843, 111
Trd, 4318728.643, 128
Trd, 4318729.243, 115
Trd, 4318729.893, 82
Trd, 4318729.943, 74
Trd, 4318730.393, 65
Trd, 4318731.393, 60
Trd, 4318731.693, 133
Trd, 4318732.193, 60
Trd, 4318734.243, 60
Trd, 4318735.143, 62
Trd, 4318735.493, 64
Trd, 4318737.843, 62
Trd, 4318738.393, 63
Trd, 4318738.843, 62
Trd, 4318739.043, 66
Trd, 4318739.393, 61
Trd, 4318740.443, 60
Trd, 4318741.043, 74
Trd, 4318741.993, 61
Trd, 4318743.093, 61
Trd, 4318744.193, 62
Trd, 4318744.643, 61
Trd, 4318745.043, 115
Trd, 4318745.793, 62
Trd, 4318745.943, 64
Trd, 4318746.443, 61
Trd, 4318746.643, 131
Trd, 4318747.293, 140
Trd, 4318747.793, 82
Trd, 4318748.443, 60
Trd, 4318750.193, 63
Trd, 4318751.493, 60
Trd, 4318751.793, 62
Trd, 4318753.043, 61
Trd, 4318753.193, 63
Trd, 4318753.393, 70
Trd, 4318754.893, 89
Trd, 4318755.093, 92
Trd, 4318755.193, 94
Trd, 4318755.343, 88
Trd, 4318756.443, 139
Trd, 4318756.993, 102
Trd, 4318757.543, 140
Trd, 4318758.193, 140
Trd, 4318759.743, 140
Trd, 4318760.743, 140
Trd, 4318761.593, 140
Trd, 4318761.793, 140
Trd, 4318761.943, 140
Trd, 4318762.093, 110
Trd, 4318764.493, 140
Trd, 4318764.743, 139
Trd, 4318765.043, 137
Trd, 4318765.143, 136
Trd, 4318767.243, 140
Trd, 4318767.443, 133
Trd, 4318767.493, 120
Trd, 4318769.643, 115
Trd, 4318770.343, 125
Trd, 4318770.443, 124
Trd, 4318770.543, 123
Trd, 4318771.343, 85
Trd, 4318771.743, 98
Trd, 4318772.193, 127
Trd, 4318772.443, 68
Trd, 4318772.943, 138
Trd, 4318773.543, 64
Trd, 4318773.993, 63
Trd, 4318775.593, 60
Trd, 4318776.343, 69
Trd, 4318777.393, 70
Trd, 4318777.943, 140
Trd, 4318777.993, 140
Trd, 4318778.293, 140
Trd, 4318779.293, 140
Trd, 4318779.393, 140
Trd, 4318779.443, 140
Trd, 4318779.693, 115
Trd, 4318781.643, 128
Trd, 4318782.093, 140
Trd, 4318782.143, 119
Trd, 4318783.093, 135
Trd, 4318784.143, 137
Trd, 4318784.493, 95
Trd, 4318785.393, 126
Trd, 4318786.693, 140
Trd, 4318787.043, 139
Trd, 4318787.793, 91
Trd, 4318788.243, 89
Trd, 4318788.843, 88
Trd, 4318788.893, 101
Trd, 4318789.743, 72
Trd, 4318790.493, 70
Trd, 4318791.393, 132
Trd, 4318793.293, 109
Trd, 4318793.543, 114
Trd, 4318793.843, 109
Trd, 4318794.693, 140
Trd, 4318795.043, 140
Trd, 4318795.093, 83
Trd, 4318795.793, 84
Trd, 4318797.043, 63
Trd, 4318799.893, 62
Trd, 4318800.543, 64
Trd, 4318800.793, 70
Trd, 4318801.143, 71
Trd, 4318801.643, 64
Trd, 4318802.193, 67
Trd, 4318802.793, 68
Trd, 4318802.943, 67
Trd, 4318804.143, 139
Trd, 4318804.393, 138
Trd, 4318804.943, 120
Trd, 4318805.443, 120
Trd, 4318806.043, 126
Trd, 4318807.193, 135
Trd, 4318808.343, 133
Trd, 4318809.043, 132
Trd, 4318809.643, 60
Trd, 4318811.043, 77
Trd, 4318811.193, 74
Trd, 4318811.843, 60
Trd, 4318812.143, 61
Trd, 4318813.693, 63
Trd, 4318813.993, 64
Trd, 4318814.343, 64
Trd, 4318814.493, 64
Trd, 4318815.243, 60
Trd, 4318816.993, 64
Trd, 4318817.643, 65
Trd, 4318818.343, 65
Trd, 4318818.443, 66
Trd, 4318819.443, 63
Trd, 4318819.693, 65
Trd, 4318822.243, 71
Trd, 4318822.643, 65
Trd, 4318823.593, 60
Trd, 4318824.093, 66
Trd, 4318824.393, 62
Trd, 4318825.193, 64
Trd, 4318825.893, 64
Trd, 4318826.243, 139
Trd, 4318827.443, 140
Trd, 4318827.493, 140
Trd, 4318827.943, 138
Trd, 4318828.493, 137
Trd, 4318829.393, 87
Trd, 4318829.643, 138
Trd, 4318830.593, 140
Trd, 4318831.793, 124
Trd, 4318832.293, 124
Trd, 4318832.693, 130
Trd, 4318832.993, 123
Trd, 4318833.993, 140
Trd, 4318834.843, 140
Trd, 4318834.943, 138
Trd, 4318835.493, 140
Trd, 4318835.743, 138
Trd, 4318836.943, 115
Trd, 4318837.843, 77
Trd, 4318837.893, 76
Trd, 4318838.043, 77
Trd, 4318839.143, 140
Trd, 4318839.393, 93
Trd, 4318840.193, 92
Trd, 4318840.293, 136
Trd, 4318841.293, 136
Trd, 4318841.743, 138
Trd, 4318842.493, 112
Trd, 4318843.893, 130
Trd, 4318844.593, 126
Trd, 4318845.693, 136
Trd, 4318846.093, 128
Trd, 4318847.243, 140
Trd, 4318847.693, 139
Trd, 4318847.943, 138
Trd, 4318848.093, 138
Trd, 4318850.493, 140
Trd, 4318850.693, 139
Trd, 4318850.843, 111
Trd, 4318850.993, 91
Trd, 4318851.343, 63
Trd, 4318852.543, 79
Trd, 4318853.143, 93
Trd, 4318854.743, 140
Trd, 4318855.593, 140
Trd, 4318855.693, 140
Trd, 4318855.943, 140
Trd, 4318856.643, 101
Trd, 4318856.843, 87
Trd, 4318858.293, 60
Trd, 4318858.443, 62
Trd, 4318858.843, 61
Trd, 4318860.193, 61
Trd, 4318860.343, 63
Trd, 4318860.743, 61
Trd, 4318861.893, 60
Trd, 4318862.393, 67
Trd, 4318864.093, 62
Trd, 4318864.843, 103
Trd, 4318865.493, 61
Trd, 4318865.593, 63
Trd, 4318865.993, 100
Trd, 4318866.993, 103
Trd, 4318867.593, 132
Trd, 4318867.843, 101
Trd, 4318868.543, 100
Trd, 4318868.643, 84
Trd, 4318869.443, 89
Trd, 4318869.493, 88
Trd, 4318870.543, 139
Trd, 4318871.643, 68
Trd, 4318872.493, 103
Trd, 4318872.793, 103
Trd, 4318873.443, 115
Trd, 4318874.293, 107
Trd, 4318875.293, 107
Trd, 4318876.093, 139
Trd, 4318876.243, 139
Trd, 4318877.293, 139
Trd, 4318877.643, 126
Trd, 4318877.893, 125
Trd, 4318877.943, 122
Trd, 4318878.143, 92
Trd, 4318880.943, 121
Trd, 4318881.193, 84
Trd, 4318881.693, 130
Trd, 4318881.743, 121
Trd, 4318882.643, 136
Trd, 4318882.743, 135
Trd, 4318883.893, 131
Trd, 4318884.293, 130
Trd, 4318885.043, 130
Trd, 4318885.393, 140
Trd, 4318885.643, 108
Trd, 4318887.093, 140
Trd, 4318887.143, 124
Trd, 4318888.593, 115
Trd, 4318889.693, 136
Trd, 4318889.743, 106
Trd, 4318891.493, 105
Trd, 4318891.643, 125
Trd, 4318891.793, 105
Trd, 4318891.843, 104
Trd, 4318892.693, 131
Trd, 4318893.293, 140
Trd, 4318894.143, 137
Trd, 4318894.543, 136
Trd, 4318896.143, 104
Trd, 4318896.393, 103
Trd, 4318896.643, 140
Trd, 4318896.893, 78
Trd, 4318897.043, 65
Trd, 4318898.643, 135
Trd, 4318898.993, 125
Trd, 4318899.843, 128
Trd, 4318900.543, 136
Trd, 4318902.193, 140
Trd, 4318902.993, 138
Trd, 4318903.043, 126
Trd, 4318903.143, 119
Trd, 4318904.293, 140
Trd, 4318904.693, 140
Trd, 4318905.543, 140
Trd, 4318906.093, 140
Trd, 4318906.943, 112
Trd, 4318907.693, 88
Trd, 4318907.793, 83
Trd, 4318909.293, 130
Trd, 4318909.543, 129
Trd, 4318910.793, 111
Trd, 4318911.043, 138
Trd, 4318912.693, 140
Trd, 4318912.843, 140
Trd, 4318913.143, 140
Trd, 4318913.493, 139
Trd, 4318914.793, 77
Trd, 4318915.743, 76
Trd, 4318916.293, 113
Trd, 4318916.593, 73
Trd, 4318917.043, 73
Trd, 4318917.093, 74
Trd, 4318917.993, 64
Trd, 4318920.043, 117
Trd, 4318920.143, 95
Trd, 4318920.243, 91
Trd, 4318920.343, 66
Trd, 4318920.743, 127
Trd, 4318920.893, 61
Trd, 4318921.493, 63
Trd, 4318923.243, 127
Trd, 4318924.493, 133
Trd, 4318924.743, 129
Trd, 4318925.393, 118
Trd, 4318925.543, 117
Trd, 4318928.043, 60
Trd, 4318929.393, 60
Trd, 4318929.593, 62
Trd, 4318929.643, 64
Trd, 4318929.993, 60
Trd, 4318931.543, 65
Trd, 4318932.343, 106
Trd, 4318932.993, 105
Trd, 4318933.543, 104
Trd, 4318934.193, 139
Trd, 4318934.693, 87
Trd, 4318935.043, 114
Trd, 4318935.693, 69
Trd, 4318938.543, 140
Trd, 4318938.693, 140
Trd, 4318938.943, 93
Trd, 4318939.843, 139
Trd, 4318940.593, 140
Trd, 4318942.143, 129
Trd, 4318942.543, 140
Trd, 4318942.743, 125
Trd, 4318942.993, 95
Trd, 4318943.343, 97
Trd, 4318944.293, 97
Trd, 4318945.193, 105
Trd, 4318945.843, 109
Trd, 4318946.593, 109
Trd, 4318946.643, 108
Trd, 4318946.943, 89
Trd, 4318948.343, 139
Trd, 4318948.943, 140
Trd, 4318949.293, 140
Trd, 4318950.243, 140
Trd, 4318951.743, 140
Trd, 4318952.693, 140
Trd, 4318952.943, 139
Trd, 4318953.043, 137
Trd, 4318953.293, 124
Trd, 4318953.643, 101
Trd, 4318954.593, 72
Trd, 4318954.743, 123
Trd, 4318957.143, 140
Trd, 4318957.293, 140
Trd, 4318958.293, 140
Trd, 4318958.493, 140
Trd, 4318959.043, 140
Trd, 4318959.743, 140
Trd, 4318960.643, 140
Trd, 4318960.993, 138
Trd, 4318961.643, 138
Trd, 4318961.793, 140
Trd, 4318961.943, 137
Trd, 4318963.943, 83
Trd, 4318965.493, 62
Trd, 4318965.643, 63
Trd, 4318967.593, 60
Trd, 4318967.943, 60
Trd, 4318968.293, 62
Trd, 4318968.643, 64
Trd, 4318971.043, 61
Trd, 4318971.093, 62
Trd, 4318971.243, 75
Trd, 4318972.243, 67
Trd, 4318973.043, 68
Trd, 4318973.393, 60
Trd, 4318974.393, 140
Trd, 4318975.193, 140
Trd, 4318975.593, 140
Trd, 4318976.043, 136
Trd, 4318976.593, 99
Trd, 4318977.593, 93
Trd, 4318977.643, 91
Trd, 4318978.693, 83
Trd, 4318979.643, 140
Trd, 4318981.093, 137
Trd, 4318983.243, 140
Trd, 4318983.393, 137
Trd, 4318983.743, 136
Trd, 4318983.893, 122
Trd, 4318984.043, 117
Trd, 4318985.393, 126
Trd, 4318985.743, 62
Trd, 4318987.443, 96
Trd, 4318987.793, 124
Trd, 4318988.893, 140
Trd, 4318989.393, 139
Trd, 4318989.693, 113
Trd, 4318989.943, 106
Trd, 4318992.343, 68
Trd, 4318992.393, 98
Trd, 4318992.493, 61
Trd, 4318994.443, 65
Trd, 4318995.093, 106
Trd, 4318995.243, 90
Trd, 4318995.593, 92
Trd, 4318996.343, 105
Trd, 4318996.693, 84
Trd, 4318997.293, 65
Trd, 4318998.693, 61
Trd, 4319000.043, 61
Trd, 4319001.243, 66
Trd, 4319001.743, 63
Trd, 4319002.643, 65
Trd, 4319003.043, 71
Trd, 4319003.243, 73
Trd, 4319003.693, 64
Trd, 4319003.843, 63
Trd, 4319004.593, 85
Trd, 4319005.293, 62
Trd, 4319005.793, 60
Trd, 4319006.643, 61
Trd, 4319006.893, 73
Trd, 4319008.243, 60
Trd, 4319010.943, 60
Trd, 4319011.993, 60
Trd, 4319012.793, 61
Trd, 4319013.343, 60
Trd, 4319014.143, 61
Trd, 4319014.343, 62
Trd, 4319014.793, 64
Trd, 4319015.143, 62
Trd, 4319015.693, 63
Trd, 4319016.243, 61
Trd, 4319016.693, 126
Trd, 4319021.143, 60
Trd, 4319021.243, 60
Trd, 4319021.543, 63
Trd, 4319021.693, 61
Trd, 4319021.943, 63
Trd, 4319023.743, 62
Trd, 4319024.293, 63
Trd, 4319024.693, 62
Trd, 4319024.893, 62
Trd, 4319025.843, 61
Trd, 4319026.493, 80
Trd, 4319027.793, 69
Trd, 4319028.593, 61
Trd, 4319028.843, 62
Trd, 4319029.343, 64
Trd, 4319029.593, 63
Trd, 4319030.593, 81
Trd, 4319031.293, 95
Trd, 4319031.693, 94
Trd, 4319031.943, 77
Trd, 4319033.643, 135
Trd, 4319034.343, 96
Trd, 4319035.093, 98
Trd, 4319035.193, 97
Trd, 4319035.343, 93
Trd, 4319036.693, 133
Trd, 4319036.793, 80
Trd, 4319037.443, 80
Trd, 4319037.543, 78
Trd, 4319038.593, 110
Trd, 4319039.093, 60
Trd, 4319039.193, 66
Trd, 4319039.743, 60
Trd, 4319040.943, 139
Trd, 4319040.993, 137
Trd, 4319041.643, 140
Trd, 4319042.493, 134
Trd, 4319042.743, 114
Trd, 4319045.043, 140
Trd, 4319045.443, 140
Trd, 4319045.993, 139
Trd, 4319047.243, 140
Trd, 4319047.643, 139
Trd, 4319048.393, 140
Trd, 4319048.693, 138
Trd, 4319049.093, 135
Trd, 4319049.743, 137
Trd, 4319050.193, 132
Trd, 4319050.243, 131
Trd, 4319052.043, 140
Trd, 4319052.593, 131
Trd, 4319052.643, 119
Trd, 4319053.393, 104
Trd, 4319054.493, 140
Trd, 4319056.593, 140
Trd, 4319057.093, 140
Trd, 4319057.143, 139
Trd, 4319058.093, 125
Trd, 4319058.693, 140
Trd, 4319059.093, 140
Trd, 4319059.343, 139
Trd, 4319059.543, 138
Trd, 4319060.493, 132
Trd, 4319062.293, 140
Trd, 4319062.443, 139
Trd, 4319062.743, 133
Trd, 4319062.943, 128
Trd, 4319063.943, 140
Trd, 4319064.693, 106
Trd, 4319064.793, 104
Trd, 4319066.343, 60
Trd, 4319066.793, 68
Trd, 4319068.843, 60
Trd, 4319069.643, 60
Trd, 4319070.293, 61
Trd, 4319070.743, 60
Trd, 4319071.393, 61
Trd, 4319071.793, 61
Trd, 4319072.093, 61
Trd, 4319073.243, 67
Trd, 4319073.543, 68
Trd, 4319074.543, 61
Trd, 4319075.243, 134
Trd, 4319075.743, 60
Trd, 4319076.643, 60
Trd, 4319077.043, 60
Trd, 4319078.393, 64
Trd, 4319081.243, 60
Trd, 4319081.943, 60
Trd, 4319083.193, 60
Trd, 4319084.393, 64
Trd, 4319084.943, 62
Trd, 4319086.493, 60
Trd, 4319087.093, 60
Trd, 4319087.293, 61
Trd, 4319087.993, 64
Trd, 4319088.293, 62
Trd, 4319088.893, 65
Trd, 4319089.593, 60
Trd, 4319090.243, 63
Trd, 4319091.893, 60
Trd, 4319091.943, 61
Trd, 4319091.993, 61
Trd, 4319093.393, 61
Trd, 4319094.543, 60
Trd, 4319096.093, 60
Trd, 4319096.543, 61
Trd, 4319097.043, 68
Trd, 4319097.643, 67
Trd, 4319098.393, 71
Trd, 4319098.793, 86
Trd, 4319100.043, 139
Trd, 4319100.243, 138
Trd, 4319100.393, 105
Trd, 4319100.493, 103
Trd, 4319101.243, 103
Trd, 4319101.893, 102
Trd, 4319103.193, 140
Trd, 4319103.443, 140
Trd, 4319104.043, 83
Trd, 4319104.993, 125
Trd, 4319105.293, 124
Trd, 4319106.143, 137
Trd, 4319106.243, 128
Trd, 4319108.193, 140
Trd, 4319108.443, 129
Trd, 4319108.743, 133
Trd, 4319109.493, 138
Trd, 4319109.643, 127
Trd, 4319110.543, 119
Trd, 4319111.143, 140
Trd, 4319111.443, 138
Trd, 4319111.843, 135
Trd, 4319113.593, 128
Trd, 4319113.843, 128
Trd, 4319114.393, 129
Trd, 4319114.443, 126
Trd, 4319115.593, 138
Trd, 4319115.943, 98
Trd, 4319117.793, 140
Trd, 4319118.593, 134
Trd, 4319118.843, 130
Trd, 4319119.393, 138
Trd, 4319120.143, 140
Trd, 4319122.293, 138
Trd, 4319122.693, 137
Trd, 4319123.943, 139
Trd, 4319124.543, 134
Trd, 4319125.943, 140
Trd, 4319126.243, 140
Trd, 4319126.643, 140
Trd, 4319127.393, 140
Trd, 4319127.793, 138
Trd, 4319128.793, 140
Trd, 4319129.693, 140
Trd, 4319130.243, 140
Trd, 4319130.493, 139
Trd, 4319130.693, 134
Trd, 4319131.193, 93
Trd, 4319131.443, 86
Trd, 4319131.893, 134
Trd, 4319133.093, 139
Trd, 4319134.443, 89
Trd, 4319134.743, 105
Trd, 4319135.393, 90
Trd, 4319136.143, 91
Trd, 4319136.243, 90
Trd, 4319137.243, 91
Trd, 4319137.493, 86
Trd, 4319137.693, 94
Trd, 4319139.293, 92
Trd, 4319139.943, 88
Trd, 4319140.143, 73
Trd, 4319140.643, 134
Trd, 4319141.643, 62
Trd, 4319142.543, 66
Trd, 4319142.843, 74
Trd, 4319144.743, 138
Trd, 4319144.993, 134
Trd, 4319145.293, 132
Trd, 4319145.693, 104
Trd, 4319147.393, 136
Trd, 4319147.443, 100
Trd, 4319147.543, 99
Trd, 4319148.843, 100
Trd, 4319149.243, 99
Trd, 4319149.593, 131
Trd, 4319150.143, 78
Trd, 4319150.893, 64
Trd, 4319151.543, 135
Trd, 4319152.393, 139
Trd, 4319152.443, 138
Trd, 4319154.893, 122
Trd, 4319155.693, 122
Trd, 4319156.243, 123
Trd, 4319156.643, 139
Trd, 4319158.393, 140
Trd, 4319158.443, 140
Trd, 4319159.793, 138
Trd, 4319161.343, 137
Trd, 4319161.393, 136
Trd, 4319161.793, 119
Trd, 4319162.643, 121
Trd, 4319163.743, 127
Trd, 4319164.443, 138
Trd, 4319164.793, 140
Trd, 4319165.093, 140
Trd, 4319165.143, 137
Trd, 4319165.743, 126
Trd, 4319165.843, 107
Trd, 4319167.643, 140
Trd, 4319169.243, 140
Trd, 4319169.543, 140
Trd, 4319169.993, 140
Trd, 4319170.043, 124
Trd, 4319170.893, 138
Trd, 4319171.293, 140
Trd, 4319174.443, 140
Trd, 4319174.843, 136
Trd, 4319175.043, 110
Trd, 4319175.243, 106
Trd, 4319177.943, 60
Trd, 4319178.043, 61
Trd, 4319178.243, 62
Trd, 4319178.793, 64
Trd, 4319179.043, 61
Trd, 4319179.993, 60
Trd, 4319181.443, 65
Trd, 4319182.443, 70
Trd, 4319183.843, 63
Trd, 4319184.093, 62
Trd, 4319184.643, 62
Trd, 4319185.093, 65
Trd, 4319185.693, 87
Trd, 4319185.943, 67
Trd, 4319186.343, 68
Trd, 4319188.093, 140
Trd, 4319189.743, 130
Trd, 4319189.993, 128
Trd, 4319190.893, 140
Trd, 4319190.993, 140
Trd, 4319191.293, 129
Trd, 4319192.343, 107
Trd, 4319192.993, 112
Trd, 4319193.743, 140
Trd, 4319194.743, 140
Trd, 4319195.343, 124
Trd, 4319196.293, 114
Trd, 4319197.293, 114
Trd, 4319197.343, 112
Trd, 4319197.693, 109
Trd, 4319198.843, 61
Trd, 4319200.443, 63
Trd, 4319201.243, 62
Trd, 4319202.693, 61
Trd, 4319202.993, 62
Trd, 4319203.493, 66
Trd, 4319203.793, 65
Trd, 4319203.843, 63
Trd, 4319205.693, 140
Trd, 4319206.543, 140
Trd, 4319206.743, 140
Trd, 4319207.593, 127
Trd, 4319208.543, 140
Trd, 4319209.393, 140
Trd, 4319209.943, 140
Trd, 4319209.993, 110
Trd, 4319210.043, 103
Trd, 4319210.543, 137
Trd, 4319210.743, 131
Trd, 4319212.043, 137
Trd, 4319212.893, 129
Trd, 4319214.443, 122
Trd, 4319215.243, 102
Trd, 4319216.043, 103
Trd, 4319216.193, 127
Trd, 4319217.193, 109
Trd, 4319217.293, 91
Trd, 4319218.943, 60
Trd, 4319219.643, 61
Trd, 4319220.793, 62
Trd, 4319221.343, 62
Trd, 4319223.093, 64
Trd, 4319225.243, 61
Trd, 4319225.343, 61
Trd, 4319225.493, 61
Trd, 4319225.693, 61
Trd, 4319226.093, 67
Trd, 4319226.193, 62
Trd, 4319226.593, 64
Trd, 4319227.043, 69
Trd, 4319227.443, 64
Trd, 4319227.793, 101
Trd, 4319228.693, 137
Trd, 4319229.143, 140
Trd, 4319229.993, 71
Trd, 4319230.243, 70
Trd, 4319232.393, 140
Trd, 4319233.893, 140
Trd, 4319234.143, 140
Trd, 4319234.393, 137
Trd, 4319234.593, 137
Trd, 4319234.843, 136
Trd, 4319235.293, 137
Trd, 4319235.793, 108
Trd, 4319236.393, 138
Trd, 4319237.393, 138
Trd, 4319238.143, 138
Trd, 4319238.243, 115
Trd, 4319238.343, 109
Trd, 4319239.493, 140
Trd, 4319240.193, 140
Trd, 4319240.843, 140
Trd, 4319242.593, 140
Trd, 4319243.043, 140
Trd, 4319243.343, 138
Trd, 4319243.793, 137
Trd, 4319244.393, 92
Trd, 4319245.843, 63
Trd, 4319245.943, 64
Trd, 4319246.843, 71
Trd, 4319247.493, 140
Trd, 4319247.793, 140
Trd, 4319248.043, 140
Trd, 4319250.093, 118
Trd, 4319250.143, 114
Trd, 4319250.893, 115
Trd, 4319251.293, 114
Trd, 4319252.543, 140
Trd, 4319253.193, 138
Trd, 4319253.393, 137
Trd, 4319254.443, 137
Trd, 4319254.493, 136
Trd, 4319254.693, 112
Trd, 4319255.493, 60
Trd, 4319256.543, 106
Trd, 4319257.643, 99
Trd, 4319257.893, 85
Trd, 4319259.493, 60
Trd, 4319259.843, 60
Trd, 4319261.343, 61
Trd, 4319263.843, 62
Trd, 4319263.943, 61
Trd, 4319265.093, 61
Trd, 4319266.043, 67
Trd, 4319266.143, 75
Trd, 4319266.343, 63
Trd, 4319267.143, 64
Trd, 4319267.643, 70
Trd, 4319269.693, 74
Trd, 4319269.793, 71
Trd, 4319270.293, 73
Trd, 4319270.743, 62
Trd, 4319271.493, 64
Trd, 4319271.693, 72
Trd, 4319273.593, 89
Trd, 4319274.143, 89
Trd, 4319275.143, 140
Trd, 4319275.243, 140
Trd, 4319275.443, 128
Trd, 4319276.193, 106
Trd, 4319276.293, 137
Trd, 4319276.743, 103
Trd, 4319277.643, 139
Trd, 4319277.993, 94
Trd, 4319279.293, 92
Trd, 4319279.443, 92
Trd, 4319279.693, 76
Trd, 4319280.343, 140
Trd, 4319280.643, 140
Trd, 4319281.993, 63
Trd, 4319282.893, 128
Trd, 4319283.243, 138
Trd, 4319284.693, 137
Trd, 4319285.243, 136
Trd, 4319285.793, 136
Trd, 4319286.243, 135
Trd, 4319286.393, 135
Trd, 4319286.593, 127
Trd, 4319286.843, 114
Trd, 4319287.693, 118
Trd, 4319288.393, 93
Trd, 4319289.343, 72
Trd, 4319289.443, 106
Trd, 4319292.043, 140
Trd, 4319292.293, 133
Trd, 4319293.143, 134
Trd, 4319293.493, 133
Trd, 4319295.143, 79
Trd, 4319295.793, 86
Trd, 4319296.193, 66
Trd, 4319296.993, 140
Trd, 4319297.943, 140
Trd, 4319298.193, 140
Trd, 4319299.643, 140
Trd, 4319300.343, 140
Trd, 4319300.543, 140
Trd, 4319300.593, 139
Trd, 4319300.843, 124
Trd, 4319301.943, 106
Trd, 4319302.593, 89
Trd, 4319302.693, 84
Trd, 4319302.743, 117
Trd, 4319303.943, 77
Trd, 4319304.193, 70
Trd, 4319304.543, 69
Trd, 4319306.043, 61
Trd, 4319306.243, 62
Trd, 4319307.493, 61
Trd, 4319307.543, 81
Trd, 4319308.343, 61
Trd, 4319308.593, 65
Trd, 4319310.293, 60
Trd, 4319310.343, 62
Trd, 4319310.643, 133
Trd, 4319310.893, 139
Trd, 4319312.143, 98
Trd, 4319312.193, 97
Trd, 4319312.893, 82
Trd, 4319312.943, 62
Trd, 4319313.993, 60
Trd, 4319315.193, 63
Trd, 4319315.993, 61
Trd, 4319316.193, 124
Trd, 4319316.793, 62
Trd, 4319317.343, 62
Trd, 4319317.693, 63
Trd, 4319318.993, 70
Trd, 4319319.093, 73
Trd, 4319320.043, 131
Trd, 4319321.043, 137
Trd, 4319321.993, 132
Trd, 4319322.043, 130
Trd, 4319322.193, 99
Trd, 4319323.043, 137
Trd, 4319325.493, 140
Trd, 4319326.243, 138
Trd, 4319326.793, 139
Trd, 4319327.693, 111
Trd, 4319329.043, 140
Trd, 4319329.393, 140
Trd, 4319330.293, 140
Trd, 4319330.543, 140
Trd, 4319330.893, 140
Trd, 4319331.143, 132
Trd, 4319331.393, 119
Trd, 4319332.643, 140
Trd, 4319333.293, 121
Trd, 4319334.043, 140
Trd, 4319334.343, 140
Trd, 4319335.243, 108
Trd, 4319335.893, 79
Trd, 4319338.343, 140
Trd, 4319338.493, 140
Trd, 4319338.593, 140
Trd, 4319339.443, 140
Trd, 4319340.493, 137
Trd, 4319340.893, 137
Trd, 4319341.993, 139
Trd, 4319342.293, 109
Trd, 4319342.843, 110
Trd, 4319343.393, 109
Trd, 4319343.893, 119
Trd, 4319344.943, 80
Trd, 4319345.093, 67
Trd, 4319345.243, 124
Trd, 4319345.893, 60
Trd, 4319348.043, 61
Trd, 4319348.543, 68
Trd, 4319349.043, 70
Trd, 4319351.093, 66
Trd, 4319351.393, 61
Trd, 4319351.843, 66
Trd, 4319352.443, 61
Trd, 4319353.243, 65
Trd, 4319354.393, 63
Trd, 4319354.993, 63
Trd, 4319355.193, 61
Trd, 4319356.043, 61
Trd, 4319356.243, 67
Trd, 4319356.493, 60
Trd, 4319357.393, 139
Trd, 4319358.143, 65
Trd, 4319358.943, 61
Trd, 4319360.293, 62
Trd, 4319360.593, 62
Trd, 4319360.893, 63
Trd, 4319362.143, 63
Trd, 4319362.193, 66
Trd, 4319363.293, 90
Trd, 4319363.543, 64
Trd, 4319366.043, 140
Trd, 4319366.743, 140
Trd, 4319367.443, 140
Trd, 4319367.743, 140
Trd, 4319367.893, 138
Trd, 4319368.193, 136
Trd, 4319369.293, 124
Trd, 4319369.593, 122
Trd, 4319370.643, 86
Trd, 4319370.943, 68
Trd, 4319372.443, 140
Trd, 4319374.543, 140
Trd, 4319374.643, 140
Trd, 4319374.743, 136
Trd, 4319375.143, 136
Trd, 4319375.593, 101
Trd, 4319375.743, 101
Trd, 4319376.993, 140
Trd, 4319377.243, 138
Trd, 4319378.893, 107
Trd, 4319380.093, 133
Trd, 4319380.343, 117
Trd, 4319382.143, 140
Trd, 4319382.393, 130
Trd, 4319383.743, 137
Trd, 4319383.943, 137
Trd, 4319384.293, 137
Trd, 4319384.643, 130
Trd, 4319385.093, 140
Trd, 4319385.243, 130
Trd, 4319385.893, 115
Trd, 4319386.643, 108
Trd, 4319387.293, 98
Trd, 4319388.543, 129
Trd, 4319389.193, 116
Trd, 4319389.593, 102
Trd, 4319389.893, 96
Trd, 4319390.843, 97
Trd, 4319391.493, 99
Trd, 4319391.543, 105
Trd, 4319391.993, 140
Trd, 4319393.393, 140
Trd, 4319393.493, 140
Trd, 4319394.343, 110
Trd, 4319395.343, 110
Trd, 4319395.643, 111
Trd, 4319396.043, 127
Trd, 4319397.693, 139
Trd, 4319398.143, 137
Trd, 4319399.143, 135
Trd, 4319399.493, 133
Trd, 4319400.293, 117
Trd, 4319401.193, 139
Trd, 4319401.393, 107
Trd, 4319402.943, 140
Trd, 4319403.393, 139
Trd, 4319404.693, 139
Trd, 4319404.943, 124
Trd, 4319406.293, 107
Trd, 4319407.443, 100
Trd, 4319407.993, 138
Trd, 4319408.143, 138
Trd, 4319408.543, 83
Trd, 4319409.343, 129
Trd, 4319409.993, 79
Trd, 4319410.693, 77
Trd, 4319410.793, 74
Trd, 4319412.293, 140
Trd, 4319413.393, 136
Trd, 4319414.193, 120
Trd, 4319415.293, 139
Trd, 4319416.193, 140
Trd, 4319416.293, 140
Trd, 4319416.493, 140
Trd, 4319416.593, 139
Trd, 4319417.443, 121
Trd, 4319417.893, 122
Trd, 4319418.543, 122
Trd, 4319421.493, 140
Trd, 4319422.643, 140
Trd, 4319422.893, 140
Trd, 4319423.343, 138
Trd, 4319424.443, 138
Trd, 4319426.593, 122
Trd, 4319426.743, 121
Trd, 4319426.993, 137
Trd, 4319427.093, 118
Trd, 4319427.993, 110
Trd, 4319428.393, 109
Trd, 4319429.043, 109
Trd, 4319430.343, 140
Trd, 4319430.693, 139
Trd, 4319431.293, 121
Trd, 4319431.493, 109
Trd, 4319431.543, 74
Trd, 4319433.593, 140
Trd, 4319434.493, 139
Trd, 4319434.743, 140
Trd, 4319434.893, 138
Trd, 4319435.593, 115
Trd, 4319436.593, 90
Trd, 4319436.693, 119
Trd, 4319436.793, 88
Trd, 4319437.493, 90
Trd, 4319437.943, 124
Trd, 4319438.043, 123
Trd, 4319439.843, 133
Trd, 4319440.443, 140
Trd, 4319441.193, 113
Trd, 4319441.743, 112
Trd, 4319441.993, 71
Trd, 4319443.493, 60
Trd, 4319444.293, 60
Trd, 4319444.843, 60
Trd, 4319445.843, 62
Trd, 4319446.693, 60
Trd, 4319447.293, 66
Trd, 4319448.143, 65
Trd, 4319448.393, 66
Trd, 4319449.393, 74
Trd, 4319449.893, 73
Trd, 4319450.593, 126
Trd, 4319451.893, 62
Trd, 4319454.643, 60
Trd, 4319455.193, 60
Trd, 4319456.893, 62
Trd, 4319457.843, 60
Trd, 4319457.993, 61
Trd, 4319458.243, 61
Trd, 4319458.943, 62
Trd, 4319458.993, 62
Trd, 4319459.543, 61
Trd, 4319459.943, 92
Trd, 4319460.293, 60
Trd, 4319460.793, 125
Trd, 4319461.893, 65
Trd, 4319462.393, 79
Trd, 4319464.743, 81
Trd, 4319464.843, 74
Trd, 4319465.043, 103
Trd, 4319465.393, 138
Trd, 4319465.743, 76
Trd, 4319465.943, 73
Trd, 4319467.193, 62
Trd, 4319467.443, 103
Trd, 4319468.043, 139
Trd, 4319468.193, 133
Trd, 4319470.043, 60
Trd, 4319470.993, 61
Trd, 4319471.043, 67
Trd, 4319471.843, 60
Trd, 4319472.693, 60
Trd, 4319472.793, 61
Trd, 4319473.943, 140
Trd, 4319474.293, 140
Trd, 4319476.293, 110
Trd, 4319476.343, 63
Trd, 4319476.993, 66
Trd, 4319479.593, 62
Trd, 4319479.743, 65
Trd, 4319480.093, 65
Trd, 4319480.493, 66
Trd, 4319480.743, 71
Trd, 4319480.843, 65
Trd, 4319480.943, 72
Trd, 4319482.093, 128
Trd, 4319483.643, 107
Trd, 4319484.043, 139
Trd, 4319484.743, 105
Trd, 4319486.243, 140
Trd, 4319486.293, 140
Trd, 4319486.793, 139
Trd, 4319487.193, 138
Trd, 4319487.493, 138
Trd, 4319488.243, 139
Trd, 4319489.093, 117
Trd, 4319491.043, 119
Trd, 4319491.243, 118
Trd, 4319492.043, 121
Trd, 4319493.493, 140
Trd, 4319494.943, 140
Trd, 4319495.193, 139
Trd, 4319495.243, 137
Trd, 4319495.443, 136
Trd, 4319495.493, 118
Trd, 4319496.693, 139
Trd, 4319497.293, 95
Trd, 4319497.993, 96
Trd, 4319499.043, 132
Trd, 4319500.243, 115
Trd, 4319501.093, 111
Trd, 4319501.493, 113
Trd, 4319501.643, 112
Trd, 4319501.743, 108
Trd, 4319502.143, 140
Trd, 4319502.893, 84
Trd, 4319505.493, 136
Trd, 4319505.893, 135
Trd, 4319506.243, 136
Trd, 4319506.393, 126
Trd, 4319506.543, 99
Trd, 4319507.193, 99
Trd, 4319507.693, 99
Trd, 4319508.443, 133
Trd, 4319510.543, 134
Trd, 4319510.593, 132
Trd, 4319510.743, 125
Trd, 4319513.843, 140
Trd, 4319513.943, 140
Trd, 4319514.393, 127
Trd, 4319514.593, 112
Trd, 4319514.993, 126
Trd, 4319515.343, 108
Trd, 4319515.593, 106
Trd, 4319516.093, 63
Trd, 4319518.493, 62
Trd, 4319518.693, 61
Trd, 4319519.243, 66
Trd, 4319519.643, 140
Trd, 4319520.293, 63
Trd, 4319521.343, 66
Trd, 4319521.543, 66
Trd, 4319521.593, 67
Trd, 4319522.343, 66
Trd, 4319522.443, 72
Trd, 4319523.543, 66
Trd, 4319523.993, 92
Trd, 4319525.243, 140
Trd, 4319525.793, 140
Trd, 4319527.143, 140
Trd, 4319527.243, 140
Trd, 4319528.443, 140
Trd, 4319528.543, 140
Trd, 4319529.293, 140
Trd, 4319530.093, 140
Trd, 4319531.343, 140
Trd, 4319531.393, 140
Trd, 4319532.193, 137
Trd, 4319533.893, 127
Trd, 4319534.093, 122
Trd, 4319534.743, 140
Trd, 4319534.793, 122
Trd, 4319535.993, 140
Trd, 4319537.093, 124
Trd, 4319538.443, 138
Trd, 4319539.093, 139
Trd, 4319539.493, 135
Trd, 4319539.893, 140
Trd, 4319539.993, 140
Trd, 4319541.143, 83
Trd, 4319542.693, 103
Trd, 4319542.743, 80
Trd, 4319542.993, 77
Trd, 4319543.743, 100
Trd, 4319544.193, 132
Trd, 4319545.243, 101
Trd, 4319545.443, 100
Trd, 4319547.293, 140
Trd, 4319548.593, 140
Trd, 4319548.893, 140
Trd, 4319548.993, 139
Trd, 4319550.293, 135
Trd, 4319551.443, 140
Trd, 4319551.593, 140
Trd, 4319552.093, 140
Trd, 4319553.743, 120
Trd, 4319554.143, 140
Trd, 4319555.493, 140
Trd, 4319556.743, 139
Trd, 4319556.793, 138
Trd, 4319556.843, 137
Trd, 4319557.393, 104
Trd, 4319558.543, 138
Trd, 4319560.843, 140
Trd, 4319560.893, 140
Trd, 4319561.143, 140
Trd, 4319561.893, 139
Trd, 4319562.093, 137
Trd, 4319562.443, 140
Trd, 4319562.793, 135
Trd, 4319563.043, 128
Trd, 4319564.043, 140
Trd, 4319565.093, 98
Trd, 4319565.293, 97
Trd, 4319565.443, 97
Trd, 4319567.093, 100
Trd, 4319567.143, 134
Trd, 4319567.293, 98
Trd, 4319567.343, 90
Trd, 4319570.043, 60
Trd, 4319570.293, 62
Trd, 4319570.593, 61
Trd, 4319570.743, 64
Trd, 4319571.443, 67
Trd, 4319572.443, 66
Trd, 4319572.593, 99
Trd, 4319572.893, 127
Trd, 4319573.543, 68
Trd, 4319573.943, 73
Trd, 4319574.043, 126
Trd, 4319575.493, 108
Trd, 4319575.593, 101
Trd, 4319575.843, 100
Trd, 4319576.893, 104
Trd, 4319577.793, 140
Trd, 4319579.743, 140
Trd, 4319580.093, 140
Trd, 4319580.243, 139
Trd, 4319580.643, 108
Trd, 4319581.743, 136
Trd, 4319581.793, 127
Trd, 4319582.743, 106
Trd, 4319583.943, 116
Trd, 4319584.093, 115
Trd, 4319584.543, 117
Trd, 4319586.643, 66
Trd, 4319586.893, 60
Trd, 4319586.943, 60
Trd, 4319588.443, 61
Trd, 4319590.293, 60
Trd, 4319591.143, 62
Trd, 4319592.093, 60
Trd, 4319592.343, 60
Trd, 4319592.443, 61
Trd, 4319592.893, 61
Trd, 4319593.243, 68
Trd, 4319593.993, 76
Trd, 4319594.443, 112
Trd, 4319595.793, 138
Trd, 4319596.543, 108
Trd, 4319597.393, 112
Trd, 4319598.943, 139
Trd, 4319599.293, 138
Trd, 4319599.543, 122
Trd, 4319600.593, 108
Trd, 4319601.043, 107
Trd, 4319601.443, 80
Trd, 4319602.293, 67
Trd, 4319603.343, 140
Trd, 4319603.693, 140
Trd, 4319604.193, 135
Trd, 4319604.743, 140
Trd, 4319604.943, 105
Trd, 4319605.643, 79
Trd, 4319607.343, 116
Trd, 4319607.593, 114
Trd, 4319607.693, 126
Trd, 4319607.943, 107
Trd, 4319608.543, 80
Trd, 4319608.593, 120
Trd, 4319610.843, 63
Trd, 4319611.043, 68
Trd, 4319612.843, 60
Trd, 4319613.093, 61
Trd, 4319613.743, 61
Trd, 4319614.143, 61
Trd, 4319614.693, 63
Trd, 4319614.843, 67
Trd, 4319616.193, 89
Trd, 4319617.193, 66
Trd, 4319618.443, 138
Trd, 4319619.293, 140
Trd, 4319619.693, 139
Trd, 4319619.943, 140
Trd, 4319620.893, 138
Trd, 4319621.943, 99
Trd, 4319623.243, 96
Trd, 4319623.393, 95
Trd, 4319623.943, 137
Trd, 4319624.043, 93
Trd, 4319625.293, 119
Trd, 4319626.593, 140
Trd, 4319626.643, 140
Trd, 4319628.393, 132
Trd, 4319628.493, 131
Trd, 4319628.593, 113
Trd, 4319628.693, 107
Trd, 4319628.793, 88
Trd, 4319628.943, 87
Trd, 4319630.793, 64
Trd, 4319631.093, 104
Trd, 4319632.243, 60
Trd, 4319633.793, 60
Trd, 4319634.293, 62
Trd, 4319634.343, 69
Trd, 4319634.843, 63
Trd, 4319635.743, 139
Trd, 4319636.343, 100
Trd, 4319637.943, 104
Trd, 4319639.493, 99
Trd, 4319639.543, 98
Trd, 4319639.993, 83
Trd, 4319640.493, 105
Trd, 4319640.943, 86
Trd, 4319641.093, 83
Trd, 4319641.293, 80
Trd, 4319642.743, 65
Trd, 4319643.493, 60
Trd, 4319645.943, 60
Trd, 4319645.993, 60
Trd, 4319647.243, 62
Trd, 4319647.393, 62
Trd, 4319648.193, 60
Trd, 4319648.243, 61
Trd, 4319649.893, 60
Trd, 4319650.493, 61
Trd, 4319651.043, 64
Trd, 4319652.243, 72
Trd, 4319653.143, 69
Trd, 4319653.843, 70
Trd, 4319653.943, 73
Trd, 4319654.093, 140
Trd, 4319654.643, 61
Trd, 4319655.243, 60
Trd, 4319656.793, 60
Trd, 4319657.643, 64
Trd, 4319657.693, 93
Trd, 4319657.943, 60
Trd, 4319658.393, 139
Trd, 4319659.993, 60
Trd, 4319660.793, 61
Trd, 4319661.643, 62
Trd, 4319662.193, 66
Trd, 4319662.443, 61
Trd, 4319662.943, 62
Trd, 4319663.443, 61
Trd, 4319663.943, 60
Trd, 4319664.743, 61
Trd, 4319664.943, 63
Trd, 4319666.843, 62
Trd, 4319667.243, 61
Trd, 4319667.493, 62
Trd, 4319667.743, 67
Trd, 4319667.943, 64
Trd, 4319667.993, 104
Trd, 4319669.743, 60
Trd, 4319670.893, 62
Trd, 4319672.143, 60
Trd, 4319674.543, 60
Trd, 4319675.493, 61
Trd, 4319675.943, 62
Trd, 4319676.093, 63
Trd, 4319676.293, 70
Trd, 4319676.643, 62
Trd, 4319677.343, 63
Trd, 4319677.993, 121
Trd, 4319678.193, 62
Trd, 4319678.993, 63
Trd, 4319679.943, 137
Trd, 4319680.443, 139
Trd, 4319680.893, 136
Trd, 4319681.343, 118
Trd, 4319682.043, 133
Trd, 4319682.593, 112
Trd, 4319682.693, 103
Trd, 4319684.343, 140
Trd, 4319685.243, 140
Trd, 4319685.543, 140
Trd, 4319685.943, 67
Trd, 4319688.193, 60
Trd, 4319689.043, 60
Trd, 4319689.193, 60
Trd, 4319689.343, 60
Trd, 4319689.543, 62
Trd, 4319690.393, 107
Trd, 4319690.593, 105
Trd, 4319691.493, 114
Trd, 4319691.993, 99
Trd, 4319693.593, 60
Trd, 4319693.643, 63
Trd, 4319694.143, 64
Trd, 4319694.943, 66
Trd, 4319695.043, 71
Trd, 4319695.493, 63
Trd, 4319696.043, 137
Trd, 4319698.143, 67
Trd, 4319698.443, 66
Trd, 4319698.893, 68
Trd, 4319699.143, 67
Trd, 4319699.593, 70
Trd, 4319700.293, 72
Trd, 4319701.543, 122
Trd, 4319701.593, 109
Trd, 4319701.693, 108
Trd, 4319703.293, 62
Trd, 4319703.893, 70
Trd, 4319704.843, 139
Trd, 4319705.443, 140
Trd, 4319705.793, 140
Trd, 4319706.143, 140
Trd, 4319707.143, 140
Trd, 4319707.293, 104
Trd, 4319707.893, 104
Trd, 4319708.793, 140
Trd, 4319709.293, 140
Trd, 4319709.993, 140
Trd, 4319710.693, 122
Trd, 4319711.893, 78
Trd, 4319713.293, 64
Trd, 4319713.543, 60
Trd, 4319714.543, 89
Trd, 4319716.093, 140
Trd, 4319716.243, 140
Trd, 4319717.993, 140
Trd, 4319718.593, 140
Trd, 4319719.093, 140
Trd, 4319719.443, 140
Trd, 4319720.193, 140
Trd, 4319720.843, 140
Trd, 4319720.943, 138
Trd, 4319721.343, 140
Trd, 4319723.393, 140
Trd, 4319723.793, 140
Trd, 4319724.643, 140
Trd, 4319725.443, 140
Trd, 4319725.893, 139
Trd, 4319726.293, 128
Trd, 4319726.343, 122
Trd, 4319727.193, 107
Trd, 4319727.693, 108
Trd, 4319727.843, 105
Trd, 4319729.093, 98
Trd, 4319729.693, 73
Trd, 4319731.693, 61
Trd, 4319731.943, 63
Trd, 4319732.643, 62
Trd, 4319732.893, 62
Trd, 4319734.443, 64
Trd, 4319735.093, 61
Trd, 4319735.343, 69
Trd, 4319735.743, 75
Trd, 4319736.193, 63
Trd, 4319737.443, 60
Trd, 4319738.943, 60
Trd, 4319739.793, 61
Trd, 4319740.293, 61
Trd, 4319740.793, 61
Trd, 4319741.043, 66
Trd, 4319741.443, 63
Trd, 4319742.793, 60
Trd, 4319743.443, 65
Trd, 4319743.743, 62
Trd, 4319743.843, 62
Trd, 4319744.093, 68
Trd, 4319744.443, 62
Trd, 4319746.343, 61
Trd, 4319748.543, 92
Trd, 4319748.793, 75
Trd, 4319748.893, 74
Trd, 4319750.143, 139
Trd, 4319750.193, 105
Trd, 4319750.593, 77
Trd, 4319751.393, 140
Trd, 4319751.893, 140
Trd, 4319752.193, 140
Trd, 4319752.693, 140
Trd, 4319752.993, 137
Trd, 4319753.243, 93
Trd, 4319754.993, 128
Trd, 4319755.693, 136
Trd, 4319755.793, 104
Trd, 4319756.043, 97
Trd, 4319757.693, 126
Trd, 4319757.993, 127
Trd, 4319759.393, 137
Trd, 4319760.493, 126
Trd, 4319760.593, 123
Trd, 4319761.293, 109
Trd, 4319761.343, 108
Trd, 4319762.943, 140
Trd, 4319763.343, 140
Trd, 4319763.693, 139
Trd, 4319763.893, 134
Trd, 4319764.493, 104
Trd, 4319766.893, 122
Trd, 4319766.943, 96
Trd, 4319767.043, 90
Trd, 4319767.293, 72
Trd, 4319769.593, 73
Trd, 4319769.843, 70
Trd, 4319770.043, 140
Trd, 4319770.443, 101
Trd, 4319770.793, 132
Trd, 4319772.793, 66
Trd, 4319772.993, 72
Trd, 4319774.493, 103
Trd, 4319775.543, 99
Trd, 4319776.093, 94
Trd, 4319776.543, 93
Trd, 4319776.943, 104
Trd, 4319778.093, 140
Trd, 4319778.443, 140
Trd, 4319779.243, 140
Trd, 4319781.143, 140
Trd, 4319781.193, 140
Trd, 4319781.743, 140
Trd, 4319781.943, 133
Trd, 4319782.993, 140
Trd, 4319783.343, 128
Trd, 4319783.743, 92
Trd, 4319784.243, 98
Trd, 4319784.893, 112
Trd, 4319786.743, 140
Trd, 4319786.993, 140
Trd, 4319787.493, 140
Trd, 4319787.943, 109
Trd, 4319788.293, 102
Trd, 4319788.443, 95
Trd, 4319791.743, 63
Trd, 4319792.093, 61
Trd, 4319792.393, 62
Trd, 4319792.543, 64
Trd, 4319792.593, 134
Trd, 4319792.893, 61
Trd, 4319793.793, 139
Trd, 4319795.343, 139
Trd, 4319796.443, 140
Trd, 4319796.643, 140
Trd, 4319796.743, 139
Trd, 4319796.943, 134
Trd, 4319797.193, 103
Trd, 4319797.393, 71
Trd, 4319798.743, 61
Trd, 4319800.493, 60
Trd, 4319800.993, 63
Trd, 4319802.643, 61
Trd, 4319802.793, 64
Trd, 4319806.043, 60
Trd, 4319806.543, 61
Trd, 4319806.593, 61
Trd, 4319807.143, 60
Trd, 4319807.593, 62
Trd, 4319807.743, 63
Trd, 4319807.793, 68
Trd, 4319807.943, 74
Trd, 4319808.493, 75
Trd, 4319808.843, 65
Trd, 4319809.593, 97
Trd, 4319812.293, 60
Trd, 4319812.843, 60
Trd, 4319813.893, 60
Trd, 4319813.993, 60
Trd, 4319814.243, 116
Trd, 4319814.743, 60
Trd, 4319815.243, 62
Trd, 4319816.043, 62
Trd, 4319816.443, 67
Trd, 4319816.643, 65
Trd, 4319818.343, 61
Trd, 4319818.643, 61
Trd, 4319821.293, 63
Trd, 4319822.143, 61
Trd, 4319822.293, 62
Trd, 4319822.543, 66
Trd, 4319822.693, 64
Trd, 4319823.543, 140
Trd, 4319824.093, 138
Trd, 4319824.143, 137
Trd, 4319824.493, 120
Trd, 4319825.743, 140
Trd, 4319826.343, 140
Trd, 4319826.693, 123
Trd, 4319829.393, 140
Trd, 4319829.743, 135
Trd, 4319830.193, 138
Trd, 4319830.593, 140
Trd, 4319831.693, 140
Trd, 4319832.193, 140
Trd, 4319832.293, 140
Trd, 4319833.193, 140
Trd, 4319833.493, 140
Trd, 4319833.743, 140
Trd, 4319834.093, 104
Trd, 4319835.393, 65
Trd, 4319836.693, 68
Trd, 4319837.593, 84
Trd, 4319838.143, 102
Trd, 4319839.193, 137
Trd, 4319839.643, 136
Trd, 4319840.343, 104
Trd, 4319841.393, 109
Trd, 4319842.393, 140
Trd, 4319842.443, 106
Trd, 4319842.543, 105
Trd, 4319843.543, 140
Trd, 4319843.843, 140
Trd, 4319844.693, 140
Trd, 4319845.193, 140
Trd, 4319846.093, 116
Trd, 4319846.743, 136
Trd, 4319846.893, 109
Trd, 4319848.443, 139
Trd, 4319848.743, 136
Trd, 4319848.943, 139
Trd, 4319850.493, 140
Trd, 4319851.393, 115
Trd, 4319851.843, 116
Trd, 4319852.043, 110
Trd, 4319853.093, 125
Trd, 4319853.393, 124
Trd, 4319853.793, 104
Trd, 4319855.443, 140
Trd, 4319855.993, 106
Trd, 4319856.893, 131
Trd, 4319858.293, 140
Trd, 4319858.543, 139
Trd, 4319858.843, 140
Trd, 4319859.493, 136
Trd, 4319859.993, 135
Trd, 4319860.543, 122
Trd, 4319861.643, 123
Trd, 4319862.243, 122
Trd, 4319863.393, 140
Trd, 4319864.193, 139
Trd, 4319864.293, 107
Trd, 4319864.843, 105
Trd, 4319865.843, 140
Trd, 4319866.093, 139
Trd, 4319866.193, 97
Trd, 4319868.393, 126
Trd, 4319869.993, 140
Trd, 4319870.643, 140
Trd, 4319870.793, 140
Trd, 4319871.543, 127
Trd, 4319872.893, 140
Trd, 4319872.993, 131
Trd, 4319873.193, 127
Trd, 4319873.643, 114
Trd, 4319874.593, 83
Trd, 4319876.093, 60
Trd, 4319877.093, 140
Trd, 4319877.493, 140
Trd, 4319877.693, 140
Trd, 4319878.093, 138
Trd, 4319878.893, 140
Trd, 4319878.943, 140
Trd, 4319879.793, 140
Trd, 4319880.143, 139
Trd, 4319880.293, 132
Trd, 4319882.093, 138
Trd, 4319882.143, 137
Trd, 4319883.193, 89
Trd, 4319883.743, 117
Trd, 4319884.093, 105
Trd, 4319885.043, 126
Trd, 4319885.093, 104
Trd, 4319885.493, 109
Trd, 4319885.993, 139
Trd, 4319886.093, 127
Trd, 4319889.393, 61
Trd, 4319889.443, 61
Trd, 4319889.893, 64
Trd, 4319890.043, 65
Trd, 4319890.893, 63
Trd, 4319891.143, 79
Trd, 4319891.393, 68
Trd, 4319891.793, 61
Trd, 4319894.543, 62
Trd, 4319895.243, 63
Trd, 4319896.443, 88
Trd, 4319896.493, 85
Trd, 4319896.743, 84
Trd, 4319897.993, 65
Trd, 4319899.043, 129
Trd, 4319899.243, 60
Trd, 4319900.643, 68
Trd, 4319901.643, 69
Trd, 4319902.143, 64
Trd, 4319902.193, 66
Trd, 4319903.043, 100
Trd, 4319903.443, 94
Trd, 4319904.243, 134
Trd, 4319904.293, 125
Trd, 4319904.743, 111
Trd, 4319905.843, 67
Trd, 4319907.593, 69
Trd, 4319907.843, 66
Trd, 4319907.993, 92
Trd, 4319908.543, 88
Trd, 4319908.793, 76
Trd, 4319909.943, 89
Trd, 4319910.943, 92
Trd, 4319912.043, 92
Trd, 4319912.443, 140
Trd, 4319912.493, 140
Trd, 4319913.293, 89
Trd, 4319913.493, 88
Trd, 4319914.393, 140
Trd, 4319915.493, 90
Trd, 4319915.993, 89
Trd, 4319916.993, 140
Trd, 4319917.443, 140
Trd, 4319917.743, 134
Trd, 4319918.793, 136
Trd, 4319919.193, 139
Trd, 4319920.943, 140
Trd, 4319921.393, 140
Trd, 4319922.143, 140
Trd, 4319922.193, 126
Trd, 4319922.743, 110
Trd, 4319922.893, 129
Trd, 4319923.193, 86
Trd, 4319924.243, 65
Trd, 4319924.443, 88
Trd, 4319925.493, 62
Trd, 4319925.893, 63
Trd, 4319926.993, 60
Trd, 4319927.943, 60
Trd, 4319930.243, 60
Trd, 4319930.443, 63
Trd, 4319930.743, 60
Trd, 4319931.093, 64
Trd, 4319933.043, 62
Trd, 4319933.293, 64
Trd, 4319933.493, 76
Trd, 4319933.793, 63
Trd, 4319934.743, 66
Trd, 4319935.293, 65
Trd, 4319935.343, 63
Trd, 4319935.993, 67
Trd, 4319936.393, 65
Trd, 4319938.393, 60
Trd, 4319939.143, 67
Trd, 4319940.443, 61
Trd, 4319940.693, 61
Trd, 4319941.743, 61
Trd, 4319943.693, 60
Trd, 4319944.743, 61
Trd, 4319945.643, 60
Trd, 4319946.393, 61
Trd, 4319946.443, 65
Trd, 4319946.743, 86
Trd, 4319947.943, 61
Trd, 4319949.143, 61
Trd, 4319949.693, 60
Trd, 4319950.893, 60
Trd, 4319952.493, 60
Trd, 4319952.593, 62
Trd, 4319953.143, 63
Trd, 4319953.543, 138
Trd, 4319953.693, 62
Trd, 4319955.143, 64
Trd, 4319955.443, 140
Trd, 4319955.943, 139
Trd, 4319956.393, 109
Trd, 4319957.993, 140
Trd, 4319958.093, 140
Trd, 4319958.543, 104
Trd, 4319958.593, 103
Trd, 4319959.043, 71
Trd, 4319960.043, 140
Trd, 4319960.443, 103
Trd, 4319961.943, 71
Trd, 4319962.243, 63
Trd, 4319962.993, 69
Trd, 4319963.293, 60
Trd, 4319963.993, 139
Trd, 4319964.243, 61
Trd, 4319965.243, 62
Trd, 4319966.093, 139
Trd, 4319967.193, 140
Trd, 4319967.543, 140
Trd, 4319968.493, 140
Trd, 4319968.643, 140
Trd, 4319968.793, 136
Trd, 4319969.343, 94
Trd, 4319969.943, 89
Trd, 4319971.093, 140
Trd, 4319971.593, 140
Trd, 4319971.993, 140
Trd, 4319972.343, 140
Trd, 4319972.393, 140
Trd, 4319974.993, 140
Trd, 4319975.293, 140
Trd, 4319975.443, 140
Trd, 4319975.893, 140
Trd, 4319976.643, 120
Trd, 4319978.243, 140
Trd, 4319978.293, 140
Trd, 4319978.443, 107
Trd, 4319978.493, 106
Trd, 4319979.393, 61
Trd, 4319979.793, 60
Trd, 4319981.993, 61
Trd, 4319982.043, 61
Trd, 4319982.893, 61
Trd, 4319983.243, 61
Trd, 4319984.393, 140
Trd, 4319984.443, 140
Trd, 4319985.843, 90
Trd, 4319986.343, 105
Trd, 4319986.893, 140
Trd, 4319986.993, 139
Trd, 4319988.043, 140
Trd, 4319988.093, 127
Trd, 4319989.693, 84
Trd, 4319990.043, 92
Trd, 4319991.993, 140
Trd, 4319992.693, 140
Trd, 4319992.993, 140
Trd, 4319994.093, 140
Trd, 4319994.993, 140
Trd, 4319995.393, 140
Trd, 4319995.843, 139
Trd, 4319996.443, 140
Trd, 4319996.693, 136
Trd, 4319997.543, 84
Trd, 4319997.743, 83
Trd, 4319998.943, 104
Trd, 4319999.693, 140
