Trd, 4318067.793, 140
Trd, 4318068.543, 140
Trd, 4318069.393, 140
Trd, 4318069.743, 80
Trd, 4318071.243, 140
Trd, 4318071.793, 140
Trd, 4318071.993, 139
Trd, 4318073.093, 131
Trd, 4318073.793, 131
Trd, 4318074.593, 137
Trd, 4318076.193, 140
Trd, 4318076.993, 140
Trd, 4318077.943, 140
Trd, 4318077.993, 140
Trd, 4318079.043, 139
Trd, 4318079.243, 138
Trd, 4318079.393, 137
Trd, 4318079.743, 129
Trd, 4318079.843, 122
Trd, 4318083.893, 140
Trd, 4318084.693, 140
Trd, 4318085.693, 140
Trd, 4318086.293, 140
Trd, 4318087.043, 140
Trd, 4318088.193, 140
Trd, 4318088.593, 140
Trd, 4318091.343, 140
Trd, 4318091.593, 140
Trd, 4318092.293, 140
Trd, 4318094.193, 140
Trd, 4318094.243, 140
Trd, 4318094.543, 140
Trd, 4318095.743, 102
Trd, 4318096.243, 74
Trd, 4318096.693, 135
Trd, 4318098.143, 109
Trd, 4318098.343, 139
Trd, 4318098.393, 117
Trd, 4318098.993, 75
Trd, 4318100.543, 140
Trd, 4318100.843, 129
Trd, 4318101.443, 140
Trd, 4318102.043, 140
Trd, 4318103.943, 140
Trd, 4318103.993, 138
Trd, 4318104.293, 137
Trd, 4318105.393, 88
Trd, 4318106.043, 135
Trd, 4318106.143, 126
Trd, 4318106.293, 125
Trd, 4318107.693, 125
Trd, 4318108.593, 137
Trd, 4318110.293, 140
Trd, 4318110.343, 140
Trd, 4318111.543, 140
Trd, 4318112.693, 140
Trd, 4318112.993, 140
Trd, 4318113.443, 140
Trd, 4318113.893, 140
Trd, 4318114.243, 128
Trd, 4318115.543, 107
Trd, 4318117.293, 136
Trd, 4318118.093, 137
Trd, 4318118.593, 140
Trd, 4318118.643, 136
Trd, 4318120.293, 140
Trd, 4318120.543, 140
Trd, 4318121.243, 140
Trd, 4318121.643, 140
Trd, 4318122.143, 140
Trd, 4318122.443, 140
Trd, 4318123.043, 138
Trd, 4318124.043, 140
Trd, 4318124.543, 67
Trd, 4318125.143, 140
Trd, 4318126.743, 140
Trd, 4318126.893, 138
Trd, 4318128.193, 140
Trd, 4318128.793, 140
Trd, 4318129.043, 140
Trd, 4318130.643, 134
Trd, 4318130.893, 75
Trd, 4318131.893, 140
Trd, 4318131.943, 138
Trd, 4318133.393, 133
Trd, 4318134.693, 131
Trd, 4318136.093, 134
Trd, 4318137.243, 130
Trd, 4318137.493, 125
Trd, 4318138.493, 126
Trd, 4318138.893, 140
Trd, 4318139.543, 140
Trd, 4318140.143, 140
Trd, 4318140.993, 140
Trd, 4318141.393, 140
Trd, 4318143.243, 140
Trd, 4318144.343, 140
Trd, 4318144.593, 140
Trd, 4318145.193, 140
Trd, 4318145.743, 140
Trd, 4318147.043, 140
Trd, 4318147.093, 140
Trd, 4318147.593, 139
Trd, 4318148.593, 140
Trd, 4318148.793, 140
Trd, 4318148.943, 131
Trd, 4318150.843, 139
Trd, 4318151.193, 127
Trd, 4318151.293, 126
Trd, 4318152.943, 140
Trd, 4318153.493, 95
Trd, 4318154.343, 84
Trd, 4318155.943, 93
Trd, 4318156.493, 71
Trd, 4318156.643, 70
Trd, 4318157.993, 91
Trd, 4318158.943, 73
Trd, 4318159.943, 86
Trd, 4318160.293, 67
Trd, 4318161.043, 61
Trd, 4318161.743, 140
Trd, 4318162.893, 137
Trd, 4318163.193, 138
Trd, 4318163.393, 136
Trd, 4318163.993, 133
Trd, 4318164.843, 135
Trd, 4318166.093, 138
Trd, 4318167.243, 140
Trd, 4318168.143, 140
Trd, 4318168.243, 140
Trd, 4318169.093, 140
Trd, 4318171.193, 140
Trd, 4318172.693, 140
Trd, 4318172.893, 140
Trd, 4318173.643, 134
Trd, 4318175.043, 139
Trd, 4318175.093, 120
Trd, 4318176.143, 89
Trd, 4318177.593, 139
Trd, 4318179.743, 140
Trd, 4318179.793, 140
Trd, 4318179.843, 138
Trd, 4318180.343, 139
Trd, 4318180.693, 139
Trd, 4318181.743, 137
Trd, 4318182.643, 140
Trd, 4318182.843, 140
Trd, 4318185.143, 140
Trd, 4318185.243, 140
Trd, 4318186.043, 140
Trd, 4318187.293, 140
Trd, 4318188.043, 140
Trd, 4318188.343, 139
Trd, 4318188.943, 140
Trd, 4318189.843, 140
Trd, 4318190.443, 138
Trd, 4318190.793, 74
Trd, 4318191.593, 136
Trd, 4318192.443, 130
Trd, 4318192.643, 128
Trd, 4318193.343, 136
Trd, 4318195.343, 140
Trd, 4318195.993, 139
Trd, 4318196.393, 91
Trd, 4318196.643, 85
Trd, 4318199.243, 139
Trd, 4318200.443, 140
Trd, 4318200.593, 140
Trd, 4318201.193, 140
Trd, 4318202.093, 140
Trd, 4318202.293, 140
Trd, 4318203.343, 140
Trd, 4318203.443, 140
Trd, 4318203.643, 140
Trd, 4318204.093, 140
Trd, 4318204.293, 140
Trd, 4318205.393, 92
Trd, 4318206.243, 137
Trd, 4318206.893, 123
Trd, 4318207.743, 140
Trd, 4318208.693, 134
Trd, 4318209.693, 135
Trd, 4318209.893, 128
Trd, 4318210.343, 127
Trd, 4318211.143, 121
Trd, 4318211.793, 65
Trd, 4318212.643, 110
Trd, 4318212.893, 62
Trd, 4318213.243, 61
Trd, 4318214.443, 140
Trd, 4318215.093, 139
Trd, 4318216.193, 60
Trd, 4318216.793, 60
Trd, 4318217.243, 62
Trd, 4318218.493, 62
Trd, 4318218.793, 61
Trd, 4318220.293, 139
Trd, 4318220.743, 139
Trd, 4318223.243, 140
Trd, 4318223.443, 140
Trd, 4318223.843, 140
Trd, 4318224.993, 140
Trd, 4318225.693, 119
Trd, 4318226.143, 140
Trd, 4318227.243, 134
Trd, 4318228.743, 140
Trd, 4318229.193, 139
Trd, 4318229.493, 140
Trd, 4318229.593, 139
Trd, 4318231.493, 140
Trd, 4318231.593, 140
Trd, 4318232.543, 102
Trd, 4318232.843, 136
Trd, 4318232.993, 109
Trd, 4318233.393, 102
Trd, 4318233.943, 133
Trd, 4318236.193, 137
Trd, 4318239.093, 140
Trd, 4318240.693, 140
Trd, 4318240.843, 140
Trd, 4318242.393, 140
Trd, 4318243.393, 140
Trd, 4318243.743, 140
Trd, 4318244.393, 140
Trd, 4318246.143, 140
Trd, 4318246.643, 140
Trd, 4318247.393, 140
Trd, 4318247.643, 122
Trd, 4318249.943, 139
Trd, 4318250.393, 137
Trd, 4318250.943, 138
Trd, 4318251.343, 140
Trd, 4318253.343, 140
Trd, 4318253.843, 140
Trd, 4318255.143, 140
Trd, 4318257.243, 140
Trd, 4318257.393, 139
Trd, 4318257.543, 130
Trd, 4318258.843, 140
Trd, 4318259.093, 140
Trd, 4318259.193, 139
Trd, 4318260.443, 140
Trd, 4318261.093, 140
Trd, 4318261.193, 139
Trd, 4318261.543, 138
Trd, 4318262.443, 120
Trd, 4318263.693, 86
Trd, 4318263.843, 76
Trd, 4318265.293, 128
Trd, 4318267.343, 140
Trd, 4318267.493, 140
Trd, 4318268.643, 138
Trd, 4318270.693, 140
Trd, 4318270.893, 140
Trd, 4318271.293, 140
Trd, 4318271.543, 128
Trd, 4318272.193, 139
Trd, 4318272.493, 138
Trd, 4318272.643, 96
Trd, 4318273.543, 124
Trd, 4318275.543, 140
Trd, 4318276.993, 140
Trd, 4318279.593, 140
Trd, 4318279.643, 140
Trd, 4318280.043, 140
Trd, 4318280.743, 140
Trd, 4318281.293, 140
Trd, 4318283.493, 140
Trd, 4318284.443, 139
Trd, 4318285.843, 140
Trd, 4318286.643, 140
Trd, 4318286.693, 140
Trd, 4318286.893, 140
Trd, 4318289.193, 140
Trd, 4318289.343, 140
Trd, 4318289.793, 139
Trd, 4318291.543, 140
Trd, 4318291.893, 139
Trd, 4318292.893, 140
Trd, 4318295.043, 140
Trd, 4318295.543, 139
Trd, 4318295.893, 138
Trd, 4318296.493, 138
Trd, 4318296.993, 119
Trd, 4318297.543, 129
Trd, 4318298.293, 126
Trd, 4318298.443, 127
Trd, 4318298.543, 124
Trd, 4318298.593, 123
Trd, 4318300.193, 106
Trd, 4318300.493, 134
Trd, 4318300.993, 127
Trd, 4318302.793, 117
Trd, 4318304.093, 99
Trd, 4318305.443, 138
Trd, 4318306.293, 140
Trd, 4318308.293, 140
Trd, 4318308.393, 140
Trd, 4318308.493, 139
Trd, 4318308.793, 81
Trd, 4318309.593, 61
Trd, 4318309.743, 60
Trd, 4318312.143, 105
Trd, 4318312.193, 128
Trd, 4318314.293, 133
Trd, 4318315.293, 123
Trd, 4318315.843, 124
Trd, 4318317.793, 130
Trd, 4318318.043, 129
Trd, 4318318.543, 131
Trd, 4318318.593, 128
Trd, 4318318.943, 126
Trd, 4318318.993, 132
Trd, 4318319.043, 125
Trd, 4318320.243, 62
Trd, 4318320.643, 60
Trd, 4318322.343, 60
Trd, 4318322.593, 60
Trd, 4318323.743, 60
Trd, 4318324.643, 60
Trd, 4318324.893, 60
Trd, 4318325.843, 63
Trd, 4318326.243, 66
Trd, 4318326.743, 68
Trd, 4318326.943, 66
Trd, 4318327.193, 65
Trd, 4318328.143, 121
Trd, 4318329.493, 62
Trd, 4318329.693, 135
Trd, 4318330.043, 89
Trd, 4318331.843, 119
Trd, 4318331.943, 118
Trd, 4318332.093, 118
Trd, 4318332.743, 138
Trd, 4318335.643, 60
Trd, 4318335.943, 60
Trd, 4318335.993, 61
Trd, 4318336.243, 66
Trd, 4318336.493, 61
Trd, 4318337.643, 60
Trd, 4318337.693, 61
Trd, 4318339.543, 78
Trd, 4318339.793, 75
Trd, 4318340.943, 140
Trd, 4318341.993, 140
Trd, 4318344.193, 140
Trd, 4318344.693, 140
Trd, 4318345.093, 140
Trd, 4318345.893, 140
Trd, 4318346.143, 128
Trd, 4318348.043, 66
Trd, 4318348.393, 121
Trd, 4318348.643, 136
Trd, 4318350.193, 114
Trd, 4318350.243, 113
Trd, 4318351.843, 133
Trd, 4318352.393, 131
Trd, 4318354.493, 140
Trd, 4318354.643, 140
Trd, 4318355.043, 138
Trd, 4318355.243, 97
Trd, 4318355.743, 76
Trd, 4318356.893, 139
Trd, 4318358.593, 140
Trd, 4318360.043, 140
Trd, 4318360.143, 140
Trd, 4318361.043, 122
Trd, 4318361.693, 74
Trd, 4318363.293, 133
Trd, 4318363.543, 132
Trd, 4318363.943, 132
Trd, 4318364.743, 140
Trd, 4318365.993, 132
Trd, 4318366.043, 78
Trd, 4318366.193, 136
Trd, 4318367.393, 93
Trd, 4318369.093, 126
Trd, 4318369.993, 140
Trd, 4318370.543, 140
Trd, 4318371.543, 140
Trd, 4318372.293, 140
Trd, 4318373.043, 140
Trd, 4318374.193, 140
Trd, 4318374.393, 73
Trd, 4318374.993, 73
Trd, 4318375.193, 126
Trd, 4318375.993, 104
Trd, 4318376.693, 74
Trd, 4318377.243, 60
Trd, 4318379.193, 60
Trd, 4318379.543, 60
Trd, 4318380.243, 60
Trd, 4318380.743, 129
Trd, 4318380.843, 99
Trd, 4318382.393, 131
Trd, 4318383.893, 140
Trd, 4318383.993, 140
Trd, 4318384.693, 140
Trd, 4318384.943, 140
Trd, 4318387.643, 140
Trd, 4318387.893, 140
Trd, 4318389.993, 140
Trd, 4318391.193, 140
Trd, 4318391.743, 140
Trd, 4318393.293, 140
Trd, 4318393.343, 140
Trd, 4318393.643, 140
Trd, 4318394.643, 140
Trd, 4318394.693, 123
Trd, 4318394.793, 87
Trd, 4318395.493, 80
Trd, 4318395.843, 137
Trd, 4318396.593, 76
Trd, 4318396.743, 79
Trd, 4318397.343, 139
Trd, 4318399.293, 138
Trd, 4318399.943, 140
Trd, 4318400.593, 140
Trd, 4318400.993, 137
Trd, 4318401.743, 139
Trd, 4318402.493, 138
Trd, 4318404.693, 140
Trd, 4318404.743, 140
Trd, 4318405.243, 140
Trd, 4318406.493, 140
Trd, 4318407.143, 140
Trd, 4318409.893, 140
Trd, 4318410.493, 140
Trd, 4318411.593, 137
Trd, 4318411.643, 137
Trd, 4318411.843, 121
Trd, 4318412.243, 118
Trd, 4318413.093, 72
Trd, 4318413.643, 130
Trd, 4318414.043, 72
Trd, 4318414.443, 125
Trd, 4318414.693, 124
Trd, 4318414.943, 126
Trd, 4318415.093, 71
Trd, 4318416.793, 122
Trd, 4318417.893, 100
Trd, 4318418.293, 77
Trd, 4318418.693, 140
Trd, 4318420.493, 140
Trd, 4318420.743, 140
Trd, 4318423.643, 140
Trd, 4318425.093, 140
Trd, 4318425.193, 140
Trd, 4318425.343, 140
Trd, 4318426.393, 140
Trd, 4318426.593, 139
Trd, 4318428.593, 131
Trd, 4318430.543, 140
Trd, 4318431.393, 140
Trd, 4318431.693, 140
Trd, 4318432.943, 140
Trd, 4318433.143, 140
Trd, 4318433.343, 140
Trd, 4318433.593, 140
Trd, 4318434.443, 119
Trd, 4318435.343, 72
Trd, 4318436.043, 140
Trd, 4318436.593, 140
Trd, 4318437.843, 140
Trd, 4318438.893, 137
Trd, 4318439.593, 111
Trd, 4318439.843, 110
Trd, 4318440.643, 121
Trd, 4318440.693, 112
Trd, 4318442.093, 124
Trd, 4318442.493, 72
Trd, 4318443.943, 140
Trd, 4318445.343, 140
Trd, 4318447.193, 140
Trd, 4318447.593, 139
Trd, 4318447.893, 138
Trd, 4318447.993, 110
Trd, 4318449.293, 140
Trd, 4318450.493, 140
Trd, 4318451.443, 140
Trd, 4318451.743, 140
Trd, 4318451.843, 140
Trd, 4318453.743, 140
Trd, 4318454.193, 140
Trd, 4318455.843, 140
Trd, 4318457.593, 140
Trd, 4318458.293, 140
Trd, 4318459.643, 139
Trd, 4318459.743, 138
Trd, 4318461.393, 140
Trd, 4318461.843, 140
Trd, 4318461.893, 140
Trd, 4318462.493, 136
Trd, 4318464.843, 140
Trd, 4318466.543, 140
Trd, 4318466.843, 140
Trd, 4318467.393, 138
Trd, 4318468.493, 140
Trd, 4318469.343, 140
Trd, 4318470.993, 140
Trd, 4318471.093, 140
Trd, 4318472.243, 140
Trd, 4318473.343, 140
Trd, 4318473.443, 140
Trd, 4318474.543, 139
Trd, 4318475.693, 132
Trd, 4318476.093, 139
Trd, 4318477.393, 132
Trd, 4318477.843, 134
Trd, 4318478.393, 120
Trd, 4318479.243, 69
Trd, 4318479.393, 62
Trd, 4318479.543, 70
Trd, 4318480.343, 139
Trd, 4318481.043, 118
Trd, 4318483.743, 140
Trd, 4318485.343, 140
Trd, 4318486.343, 140
Trd, 4318486.443, 140
Trd, 4318487.443, 140
Trd, 4318487.793, 140
Trd, 4318487.843, 140
Trd, 4318487.893, 139
Trd, 4318488.193, 139
Trd, 4318488.293, 137
Trd, 4318488.993, 137
Trd, 4318489.343, 117
Trd, 4318490.043, 127
Trd, 4318490.593, 135
Trd, 4318492.543, 94
Trd, 4318493.293, 93
Trd, 4318494.093, 92
Trd, 4318495.793, 62
Trd, 4318496.793, 60
Trd, 4318496.893, 61
Trd, 4318497.643, 61
Trd, 4318498.693, 63
Trd, 4318498.943, 107
Trd, 4318500.193, 120
Trd, 4318501.243, 119
Trd, 4318501.493, 119
Trd, 4318501.693, 78
Trd, 4318502.393, 100
Trd, 4318502.643, 99
Trd, 4318504.743, 140
Trd, 4318504.893, 139
Trd, 4318505.293, 128
Trd, 4318506.593, 140
Trd, 4318507.043, 140
Trd, 4318507.143, 139
Trd, 4318509.443, 140
Trd, 4318511.743, 140
Trd, 4318512.493, 140
Trd, 4318512.943, 140
Trd, 4318513.443, 136
Trd, 4318513.893, 134
Trd, 4318514.293, 138
Trd, 4318514.993, 103
Trd, 4318517.043, 134
Trd, 4318518.143, 135
Trd, 4318518.693, 135
Trd, 4318519.043, 135
Trd, 4318519.293, 135
Trd, 4318519.843, 135
Trd, 4318520.543, 136
Trd, 4318520.593, 133
Trd, 4318521.843, 140
Trd, 4318522.043, 139
Trd, 4318523.643, 121
Trd, 4318524.243, 61
Trd, 4318524.693, 62
Trd, 4318525.743, 140
Trd, 4318526.143, 138
Trd, 4318526.243, 137
Trd, 4318526.443, 92
Trd, 4318526.943, 92
Trd, 4318529.793, 140
Trd, 4318529.943, 140
Trd, 4318530.593, 125
Trd, 4318531.293, 137
Trd, 4318533.043, 140
Trd, 4318533.793, 140
Trd, 4318534.643, 140
Trd, 4318534.943, 140
Trd, 4318537.693, 140
Trd, 4318537.793, 140
Trd, 4318538.343, 140
Trd, 4318538.993, 140
Trd, 4318540.743, 140
Trd, 4318541.793, 140
Trd, 4318541.943, 140
Trd, 4318542.143, 140
Trd, 4318543.743, 140
Trd, 4318543.793, 140
Trd, 4318543.893, 131
Trd, 4318545.193, 116
Trd, 4318545.843, 129
Trd, 4318545.943, 136
Trd, 4318547.193, 105
Trd, 4318547.743, 128
Trd, 4318547.993, 126
Trd, 4318550.093, 69
Trd, 4318551.043, 60
Trd, 4318551.393, 60
Trd, 4318551.643, 78
Trd, 4318552.893, 140
Trd, 4318554.393, 140
Trd, 4318554.993, 140
Trd, 4318555.893, 140
Trd, 4318556.693, 140
Trd, 4318557.093, 140
Trd, 4318558.243, 140
Trd, 4318558.893, 127
Trd, 4318559.593, 135
Trd, 4318560.293, 117
Trd, 4318560.893, 103
Trd, 4318562.243, 127
Trd, 4318563.043, 106
Trd, 4318563.193, 124
Trd, 4318563.543, 127
Trd, 4318563.743, 105
Trd, 4318564.193, 62
Trd, 4318564.343, 76
Trd, 4318565.543, 60
Trd, 4318567.143, 140
Trd, 4318567.593, 140
Trd, 4318568.593, 140
Trd, 4318569.493, 140
Trd, 4318569.843, 140
Trd, 4318571.443, 140
Trd, 4318572.293, 140
Trd, 4318573.093, 140
Trd, 4318573.793, 135
Trd, 4318573.943, 136
Trd, 4318574.043, 115
Trd, 4318575.043, 109
Trd, 4318575.343, 74
Trd, 4318576.593, 129
Trd, 4318577.793, 137
Trd, 4318578.043, 131
Trd, 4318578.293, 130
Trd, 4318579.793, 114
Trd, 4318580.993, 117
Trd, 4318581.043, 116
Trd, 4318582.493, 140
Trd, 4318582.643, 139
Trd, 4318584.343, 140
Trd, 4318585.743, 140
Trd, 4318587.193, 140
Trd, 4318587.243, 140
Trd, 4318588.093, 140
Trd, 4318589.593, 140
Trd, 4318590.293, 63
Trd, 4318590.793, 62
Trd, 4318590.943, 61
Trd, 4318591.643, 60
Trd, 4318591.693, 62
Trd, 4318592.093, 139
Trd, 4318593.093, 87
Trd, 4318594.693, 114
Trd, 4318594.743, 92
Trd, 4318595.893, 129
Trd, 4318596.993, 138
Trd, 4318597.593, 137
Trd, 4318597.943, 130
Trd, 4318598.343, 130
Trd, 4318600.193, 132
Trd, 4318601.043, 140
Trd, 4318603.243, 140
Trd, 4318603.293, 140
Trd, 4318604.093, 139
Trd, 4318604.243, 138
Trd, 4318605.093, 135
Trd, 4318606.343, 84
Trd, 4318606.793, 84
Trd, 4318607.843, 81
Trd, 4318608.193, 83
Trd, 4318608.643, 73
Trd, 4318609.643, 72
Trd, 4318609.693, 78
Trd, 4318610.443, 130
Trd, 4318611.693, 139
Trd, 4318612.193, 138
Trd, 4318613.093, 69
Trd, 4318613.243, 66
Trd, 4318614.643, 62
Trd, 4318616.693, 60
Trd, 4318616.843, 60
Trd, 4318616.943, 62
Trd, 4318618.093, 60
Trd, 4318618.343, 60
Trd, 4318618.993, 60
Trd, 4318619.143, 62
Trd, 4318619.393, 63
Trd, 4318620.893, 60
Trd, 4318621.543, 61
Trd, 4318623.393, 61
Trd, 4318623.543, 62
Trd, 4318623.993, 61
Trd, 4318624.743, 60
Trd, 4318624.993, 63
Trd, 4318625.443, 65
Trd, 4318626.243, 139
Trd, 4318627.993, 140
Trd, 4318628.143, 140
Trd, 4318628.443, 140
Trd, 4318628.843, 115
Trd, 4318629.743, 112
Trd, 4318631.293, 140
Trd, 4318631.593, 130
Trd, 4318632.093, 93
Trd, 4318632.543, 138
Trd, 4318632.893, 138
Trd, 4318634.043, 140
Trd, 4318634.193, 140
Trd, 4318635.443, 140
Trd, 4318636.493, 138
Trd, 4318637.543, 135
Trd, 4318637.943, 135
Trd, 4318638.293, 103
Trd, 4318639.043, 140
Trd, 4318640.143, 140
Trd, 4318640.893, 140
Trd, 4318641.243, 140
Trd, 4318642.493, 138
Trd, 4318642.693, 67
Trd, 4318645.443, 61
Trd, 4318645.943, 61
Trd, 4318646.443, 62
Trd, 4318646.943, 63
Trd, 4318647.243, 82
Trd, 4318647.743, 139
Trd, 4318648.643, 105
Trd, 4318648.943, 92
Trd, 4318649.343, 140
Trd, 4318649.993, 140
Trd, 4318652.393, 138
Trd, 4318654.243, 140
Trd, 4318654.393, 140
Trd, 4318655.343, 140
Trd, 4318657.743, 140
Trd, 4318657.843, 128
Trd, 4318658.193, 109
Trd, 4318658.343, 107
Trd, 4318658.493, 66
Trd, 4318659.293, 140
Trd, 4318659.993, 127
Trd, 4318660.693, 127
Trd, 4318661.293, 68
Trd, 4318662.893, 60
Trd, 4318663.143, 60
Trd, 4318663.393, 61
Trd, 4318663.993, 60
Trd, 4318664.393, 60
Trd, 4318665.193, 61
Trd, 4318665.643, 61
Trd, 4318665.743, 62
Trd, 4318666.793, 63
Trd, 4318666.993, 61
Trd, 4318668.243, 69
Trd, 4318669.493, 65
Trd, 4318669.593, 64
Trd, 4318669.993, 60
Trd, 4318670.193, 62
Trd, 4318671.643, 111
Trd, 4318673.093, 140
Trd, 4318673.193, 140
Trd, 4318673.293, 139
Trd, 4318674.343, 140
Trd, 4318674.493, 139
Trd, 4318675.243, 139
Trd, 4318676.843, 140
Trd, 4318676.943, 140
Trd, 4318677.393, 140
Trd, 4318678.493, 140
Trd, 4318678.943, 91
Trd, 4318679.593, 92
Trd, 4318681.593, 140
Trd, 4318681.843, 139
Trd, 4318683.493, 140
Trd, 4318683.743, 139
Trd, 4318684.243, 140
Trd, 4318684.343, 140
Trd, 4318684.993, 115
Trd, 4318686.143, 95
Trd, 4318687.543, 140
Trd, 4318689.193, 97
Trd, 4318690.143, 140
Trd, 4318690.693, 140
Trd, 4318692.193, 140
Trd, 4318692.643, 140
Trd, 4318692.943, 140
Trd, 4318693.743, 140
Trd, 4318694.193, 140
Trd, 4318695.093, 140
Trd, 4318695.593, 130
Trd, 4318695.693, 140
Trd, 4318696.443, 112
Trd, 4318697.243, 69
Trd, 4318697.393, 135
Trd, 4318697.593, 136
Trd, 4318697.693, 103
Trd, 4318700.143, 66
Trd, 4318701.043, 66
Trd, 4318701.743, 95
Trd, 4318702.293, 135
Trd, 4318702.343, 63
Trd, 4318704.643, 134
Trd, 4318705.893, 110
Trd, 4318707.043, 140
Trd, 4318707.143, 140
Trd, 4318708.293, 138
Trd, 4318709.093, 105
Trd, 4318709.243, 140
Trd, 4318709.693, 104
Trd, 4318710.143, 72
Trd, 4318710.693, 140
Trd, 4318711.493, 140
Trd, 4318711.943, 133
Trd, 4318712.293, 136
Trd, 4318713.143, 111
Trd, 4318715.893, 139
Trd, 4318716.093, 138
Trd, 4318716.543, 139
Trd, 4318719.443, 124
Trd, 4318719.843, 124
Trd, 4318719.943, 123
Trd, 4318720.093, 139
Trd, 4318721.443, 140
Trd, 4318722.443, 110
Trd, 4318723.193, 138
Trd, 4318723.343, 137
Trd, 4318724.393, 140
Trd, 4318724.693, 139
Trd, 4318725.093, 139
Trd, 4318725.643, 140
Trd, 4318726.193, 139
Trd, 4318726.843, 96
Trd, 4318727.743, 133
Trd, 4318727.993, 70
Trd, 4318729.943, 67
Trd, 4318730.243, 70
Trd, 4318731.343, 134
Trd, 4318732.543, 134
Trd, 4318733.093, 139
Trd, 4318733.293, 132
Trd, 4318733.543, 102
Trd, 4318735.743, 140
Trd, 4318736.743, 133
Trd, 4318738.293, 140
Trd, 4318738.543, 140
Trd, 4318738.993, 140
Trd, 4318740.043, 140
Trd, 4318740.743, 138
Trd, 4318742.093, 140
Trd, 4318742.643, 139
Trd, 4318744.043, 140
Trd, 4318744.943, 140
Trd, 4318745.093, 140
Trd, 4318745.443, 140
Trd, 4318745.643, 139
Trd, 4318746.643, 87
Trd, 4318746.943, 137
Trd, 4318748.293, 114
Trd, 4318748.643, 90
Trd, 4318748.693, 135
Trd, 4318749.093, 61
Trd, 4318749.393, 140
Trd, 4318751.443, 69
Trd, 4318752.243, 65
Trd, 4318754.343, 140
Trd, 4318754.543, 124
Trd, 4318755.043, 132
Trd, 4318756.393, 140
Trd, 4318757.343, 140
Trd, 4318757.593, 140
Trd, 4318758.143, 140
Trd, 4318759.843, 139
Trd, 4318760.443, 131
Trd, 4318762.343, 140
Trd, 4318762.543, 140
Trd, 4318765.693, 140
Trd, 4318765.793, 140
Trd, 4318766.243, 140
Trd, 4318766.493, 140
Trd, 4318767.443, 140
Trd, 4318767.643, 140
Trd, 4318767.893, 138
Trd, 4318768.543, 89
Trd, 4318769.693, 77
Trd, 4318771.243, 69
Trd, 4318771.293, 70
Trd, 4318771.493, 125
Trd, 4318772.293, 129
Trd, 4318772.893, 69
Trd, 4318774.343, 127
Trd, 4318775.693, 140
Trd, 4318776.943, 140
Trd, 4318777.943, 140
Trd, 4318778.743, 140
Trd, 4318779.643, 140
Trd, 4318780.193, 140
Trd, 4318780.343, 140
Trd, 4318781.393, 140
Trd, 4318781.993, 140
Trd, 4318785.643, 140
Trd, 4318786.643, 140
Trd, 4318786.693, 140
Trd, 4318786.993, 140
Trd, 4318787.093, 140
Trd, 4318787.943, 140
Trd, 4318789.243, 140
Trd, 4318789.993, 136
Trd, 4318791.443, 140
Trd, 4318791.743, 140
Trd, 4318791.793, 139
Trd, 4318793.043, 136
Trd, 4318793.943, 126
Trd, 4318795.143, 107
Trd, 4318795.393, 108
Trd, 4318796.193, 106
Trd, 4318796.443, 137
Trd, 4318796.543, 125
Trd, 4318796.843, 138
Trd, 4318797.843, 139
Trd, 4318797.893, 71
Trd, 4318799.043, 129
Trd, 4318799.543, 129
Trd, 4318800.493, 112
Trd, 4318800.943, 115
Trd, 4318802.693, 85
Trd, 4318803.593, 131
Trd, 4318804.643, 122
Trd, 4318806.143, 123
Trd, 4318806.643, 140
Trd, 4318807.743, 140
Trd, 4318808.743, 140
Trd, 4318809.743, 140
Trd, 4318810.793, 140
Trd, 4318811.143, 130
Trd, 4318812.893, 140
Trd, 4318813.893, 140
Trd, 4318814.093, 138
Trd, 4318815.743, 133
Trd, 4318815.943, 129
Trd, 4318816.843, 124
Trd, 4318817.643, 127
Trd, 4318817.893, 124
Trd, 4318818.793, 140
Trd, 4318818.893, 140
Trd, 4318820.243, 140
Trd, 4318820.843, 140
Trd, 4318820.943, 103
Trd, 4318822.393, 136
Trd, 4318822.893, 136
Trd, 4318823.293, 135
Trd, 4318824.093, 135
Trd, 4318826.693, 140
Trd, 4318827.743, 140
Trd, 4318828.143, 140
Trd, 4318829.893, 140
Trd, 4318829.943, 140
Trd, 4318830.693, 140
Trd, 4318831.043, 140
Trd, 4318832.493, 140
Trd, 4318833.543, 140
Trd, 4318834.493, 140
Trd, 4318834.593, 140
Trd, 4318835.893, 140
Trd, 4318836.393, 140
Trd, 4318836.693, 140
Trd, 4318836.793, 140
Trd, 4318837.043, 122
Trd, 4318837.493, 95
Trd, 4318837.643, 92
Trd, 4318838.193, 136
Trd, 4318838.893, 111
Trd, 4318840.993, 140
Trd, 4318841.593, 140
Trd, 4318842.293, 140
Trd, 4318844.343, 140
Trd, 4318844.593, 140
Trd, 4318844.843, 140
Trd, 4318846.193, 140
Trd, 4318846.543, 140
Trd, 4318847.793, 140
Trd, 4318850.193, 140
Trd, 4318850.843, 140
Trd, 4318851.093, 140
Trd, 4318852.043, 136
Trd, 4318853.393, 140
Trd, 4318854.043, 138
Trd, 4318854.593, 139
Trd, 4318855.793, 140
Trd, 4318856.093, 137
Trd, 4318858.243, 140
Trd, 4318859.143, 140
Trd, 4318859.193, 140
Trd, 4318859.593, 139
Trd, 4318859.793, 138
Trd, 4318860.493, 137
Trd, 4318860.743, 139
Trd, 4318862.793, 135
Trd, 4318863.243, 136
Trd, 4318863.293, 139
Trd, 4318863.393, 135
Trd, 4318865.693, 140
Trd, 4318865.943, 140
Trd, 4318867.443, 140
Trd, 4318867.543, 140
Trd, 4318868.643, 140
Trd, 4318869.393, 140
Trd, 4318870.543, 140
Trd, 4318870.993, 140
Trd, 4318871.093, 140
Trd, 4318871.643, 134
Trd, 4318871.943, 127
Trd, 4318872.343, 137
Trd, 4318874.393, 87
Trd, 4318874.943, 79
Trd, 4318875.393, 128
Trd, 4318876.393, 131
Trd, 4318876.643, 127
Trd, 4318877.193, 116
Trd, 4318877.993, 117
Trd, 4318878.093, 116
Trd, 4318878.743, 124
Trd, 4318880.393, 99
Trd, 4318881.143, 117
Trd, 4318881.293, 118
Trd, 4318881.393, 87
Trd, 4318881.693, 83
Trd, 4318882.543, 118
Trd, 4318882.843, 109
Trd, 4318884.243, 83
Trd, 4318885.643, 117
Trd, 4318885.993, 125
Trd, 4318887.143, 120
Trd, 4318888.443, 121
Trd, 4318889.043, 139
Trd, 4318889.193, 139
Trd, 4318889.493, 138
Trd, 4318890.193, 140
Trd, 4318892.043, 140
Trd, 4318893.393, 140
Trd, 4318893.793, 140
Trd, 4318894.343, 140
Trd, 4318894.493, 140
Trd, 4318895.393, 139
Trd, 4318895.943, 136
Trd, 4318896.243, 118
Trd, 4318896.843, 126
Trd, 4318898.343, 137
Trd, 4318899.593, 133
Trd, 4318900.893, 127
Trd, 4318903.043, 140
Trd, 4318904.093, 140
Trd, 4318904.293, 140
Trd, 4318905.593, 140
Trd, 4318906.343, 140
Trd, 4318906.993, 140
Trd, 4318907.143, 140
Trd, 4318907.543, 140
Trd, 4318907.643, 140
Trd, 4318908.643, 140
Trd, 4318908.743, 138
Trd, 4318908.843, 131
Trd, 4318909.943, 66
Trd, 4318911.543, 140
Trd, 4318911.693, 140
Trd, 4318912.493, 93
Trd, 4318913.443, 137
Trd, 4318913.793, 128
Trd, 4318914.393, 127
Trd, 4318915.143, 98
Trd, 4318916.343, 61
Trd, 4318916.443, 136
Trd, 4318917.043, 140
Trd, 4318918.293, 130
Trd, 4318918.343, 112
Trd, 4318919.393, 87
Trd, 4318919.843, 88
Trd, 4318919.943, 129
Trd, 4318921.493, 129
Trd, 4318921.893, 100
Trd, 4318921.943, 78
Trd, 4318922.493, 104
Trd, 4318923.693, 137
Trd, 4318924.793, 137
Trd, 4318925.243, 136
Trd, 4318926.093, 140
Trd, 4318926.643, 140
Trd, 4318927.393, 139
Trd, 4318928.093, 133
Trd, 4318928.443, 129
Trd, 4318929.843, 140
Trd, 4318930.293, 139
Trd, 4318932.643, 140
Trd, 4318934.193, 140
Trd, 4318934.643, 140
Trd, 4318934.693, 140
Trd, 4318934.793, 140
Trd, 4318935.193, 138
Trd, 4318935.893, 136
Trd, 4318937.543, 125
Trd, 4318937.743, 118
Trd, 4318938.793, 140
Trd, 4318938.993, 140
Trd, 4318941.893, 60
Trd, 4318942.193, 60
Trd, 4318942.543, 67
Trd, 4318943.343, 61
Trd, 4318943.443, 66
Trd, 4318944.543, 104
Trd, 4318944.693, 100
Trd, 4318945.543, 100
Trd, 4318946.893, 96
Trd, 4318947.543, 140
Trd, 4318948.143, 139
Trd, 4318949.193, 139
Trd, 4318950.743, 140
Trd, 4318951.143, 140
Trd, 4318953.693, 140
Trd, 4318954.793, 140
Trd, 4318955.043, 140
Trd, 4318955.543, 140
Trd, 4318955.593, 137
Trd, 4318957.243, 117
Trd, 4318957.443, 116
Trd, 4318957.493, 114
Trd, 4318958.743, 140
Trd, 4318958.793, 137
Trd, 4318959.943, 140
Trd, 4318960.243, 140
Trd, 4318961.993, 131
Trd, 4318963.593, 140
Trd, 4318964.143, 140
Trd, 4318964.193, 139
Trd, 4318964.693, 140
Trd, 4318965.793, 140
Trd, 4318966.193, 140
Trd, 4318966.393, 116
Trd, 4318967.193, 62
Trd, 4318967.493, 63
Trd, 4318968.193, 139
Trd, 4318968.643, 61
Trd, 4318969.793, 67
Trd, 4318971.043, 64
Trd, 4318971.343, 64
Trd, 4318971.543, 60
Trd, 4318972.743, 137
Trd, 4318973.143, 66
Trd, 4318974.843, 60
Trd, 4318975.493, 68
Trd, 4318976.143, 66
Trd, 4318977.443, 60
Trd, 4318978.143, 60
Trd, 4318978.943, 60
Trd, 4318979.493, 60
Trd, 4318979.793, 60
Trd, 4318979.943, 68
Trd, 4318980.443, 101
Trd, 4318981.193, 60
Trd, 4318981.743, 65
Trd, 4318982.893, 132
Trd, 4318985.143, 60
Trd, 4318986.143, 60
Trd, 4318987.193, 60
Trd, 4318989.043, 60
Trd, 4318989.443, 60
Trd, 4318990.743, 60
Trd, 4318990.843, 60
Trd, 4318990.943, 62
Trd, 4318991.143, 63
Trd, 4318991.693, 60
Trd, 4318991.843, 64
Trd, 4318992.293, 60
Trd, 4318992.943, 62
Trd, 4318992.993, 73
Trd, 4318993.943, 139
Trd, 4318996.143, 66
Trd, 4318996.743, 65
Trd, 4318996.943, 64
Trd, 4318996.993, 81
Trd, 4318997.393, 75
Trd, 4318998.043, 60
Trd, 4318999.393, 60
Trd, 4318999.693, 60
Trd, 4319000.443, 60
Trd, 4319000.543, 63
Trd, 4319001.693, 63
Trd, 4319002.093, 108
Trd, 4319002.193, 109
Trd, 4319002.743, 66
Trd, 4319003.943, 140
Trd, 4319003.993, 139
Trd, 4319004.543, 60
Trd, 4319006.793, 61
Trd, 4319006.943, 62
Trd, 4319008.243, 60
Trd, 4319009.293, 60
Trd, 4319010.393, 60
Trd, 4319010.643, 60
Trd, 4319011.443, 62
Trd, 4319011.543, 61
Trd, 4319012.043, 60
Trd, 4319012.493, 68
Trd, 4319012.893, 76
Trd, 4319013.443, 67
Trd, 4319013.843, 66
Trd, 4319013.943, 64
Trd, 4319014.193, 104
Trd, 4319015.693, 64
Trd, 4319016.693, 98
Trd, 4319017.593, 138
Trd, 4319018.243, 137
Trd, 4319019.993, 140
Trd, 4319020.093, 139
Trd, 4319020.193, 121
Trd, 4319022.393, 140
Trd, 4319022.493, 140
Trd, 4319024.093, 140
Trd, 4319025.193, 140
Trd, 4319025.893, 140
Trd, 4319027.543, 140
Trd, 4319027.993, 140
Trd, 4319028.043, 140
Trd, 4319028.693, 140
Trd, 4319029.043, 109
Trd, 4319029.593, 128
Trd, 4319030.393, 139
Trd, 4319031.643, 113
Trd, 4319032.843, 111
Trd, 4319033.493, 140
Trd, 4319033.943, 125
Trd, 4319034.493, 114
Trd, 4319036.293, 134
Trd, 4319037.493, 140
Trd, 4319037.743, 139
Trd, 4319039.793, 140
Trd, 4319040.243, 129
Trd, 4319041.743, 140
Trd, 4319041.943, 140
Trd, 4319042.393, 140
Trd, 4319042.543, 140
Trd, 4319042.693, 139
Trd, 4319044.143, 136
Trd, 4319044.243, 134
Trd, 4319044.993, 138
Trd, 4319045.843, 107
Trd, 4319046.743, 72
Trd, 4319047.843, 132
Trd, 4319047.943, 90
Trd, 4319048.343, 89
Trd, 4319048.543, 129
Trd, 4319049.793, 66
Trd, 4319050.343, 67
Trd, 4319053.043, 140
Trd, 4319053.743, 140
Trd, 4319054.443, 140
Trd, 4319056.643, 140
Trd, 4319057.043, 140
Trd, 4319057.643, 140
Trd, 4319058.043, 140
Trd, 4319060.493, 140
Trd, 4319062.293, 140
Trd, 4319062.343, 140
Trd, 4319062.743, 140
Trd, 4319063.893, 140
Trd, 4319064.093, 138
Trd, 4319065.643, 139
Trd, 4319065.743, 128
Trd, 4319066.293, 140
Trd, 4319066.693, 140
Trd, 4319068.593, 134
Trd, 4319070.043, 140
Trd, 4319071.493, 140
Trd, 4319071.693, 140
Trd, 4319072.843, 140
Trd, 4319072.993, 140
Trd, 4319075.093, 140
Trd, 4319075.393, 140
Trd, 4319075.543, 140
Trd, 4319076.243, 140
Trd, 4319076.293, 140
Trd, 4319076.343, 140
Trd, 4319078.193, 137
Trd, 4319078.243, 78
Trd, 4319079.893, 140
Trd, 4319081.043, 129
Trd, 4319081.893, 128
Trd, 4319081.943, 127
Trd, 4319081.993, 126
Trd, 4319083.593, 117
Trd, 4319086.093, 140
Trd, 4319086.443, 140
Trd, 4319086.793, 140
Trd, 4319087.093, 138
Trd, 4319089.093, 139
Trd, 4319089.593, 126
Trd, 4319090.393, 101
Trd, 4319091.293, 62
Trd, 4319093.243, 128
Trd, 4319093.593, 127
Trd, 4319094.043, 139
Trd, 4319095.243, 139
Trd, 4319096.793, 138
Trd, 4319097.693, 138
Trd, 4319098.193, 140
Trd, 4319098.643, 140
Trd, 4319099.493, 140
Trd, 4319099.743, 140
Trd, 4319100.643, 140
Trd, 4319101.043, 140
Trd, 4319101.543, 140
Trd, 4319101.743, 140
Trd, 4319101.943, 140
Trd, 4319103.043, 140
Trd, 4319104.043, 140
Trd, 4319106.243, 139
Trd, 4319106.443, 138
Trd, 4319107.143, 140
Trd, 4319107.293, 140
Trd, 4319109.243, 140
Trd, 4319109.793, 110
Trd, 4319110.293, 111
Trd, 4319111.243, 135
Trd, 4319111.343, 138
Trd, 4319112.343, 136
Trd, 4319112.943, 85
Trd, 4319113.993, 70
Trd, 4319114.343, 95
Trd, 4319115.993, 140
Trd, 4319117.593, 140
Trd, 4319119.793, 140
Trd, 4319121.093, 140
Trd, 4319121.393, 140
Trd, 4319121.893, 140
Trd, 4319122.993, 140
Trd, 4319123.493, 140
Trd, 4319123.643, 140
Trd, 4319123.793, 139
Trd, 4319124.943, 131
Trd, 4319125.643, 140
Trd, 4319126.743, 140
Trd, 4319126.943, 140
Trd, 4319128.343, 129
Trd, 4319128.993, 125
Trd, 4319129.743, 61
Trd, 4319130.143, 60
Trd, 4319130.693, 114
Trd, 4319130.893, 126
Trd, 4319131.693, 125
Trd, 4319132.593, 61
Trd, 4319133.193, 60
Trd, 4319135.393, 66
Trd, 4319136.293, 64
Trd, 4319136.793, 64
Trd, 4319137.043, 65
Trd, 4319138.293, 61
Trd, 4319138.343, 62
Trd, 4319139.043, 60
Trd, 4319140.543, 60
Trd, 4319143.093, 60
Trd, 4319143.143, 60
Trd, 4319143.743, 60
Trd, 4319144.543, 60
Trd, 4319144.743, 60
Trd, 4319145.593, 61
Trd, 4319145.743, 66
Trd, 4319146.393, 60
Trd, 4319146.593, 62
Trd, 4319146.743, 86
Trd, 4319147.643, 63
Trd, 4319148.143, 62
Trd, 4319148.593, 61
Trd, 4319149.243, 69
Trd, 4319150.393, 112
Trd, 4319151.243, 137
Trd, 4319152.343, 115
Trd, 4319154.343, 140
Trd, 4319154.593, 139
Trd, 4319154.793, 126
Trd, 4319155.493, 128
Trd, 4319158.843, 140
Trd, 4319159.293, 140
Trd, 4319159.793, 140
Trd, 4319160.843, 139
Trd, 4319161.893, 139
Trd, 4319162.093, 107
Trd, 4319162.693, 140
Trd, 4319163.943, 140
Trd, 4319165.843, 140
Trd, 4319166.243, 140
Trd, 4319166.393, 140
Trd, 4319167.143, 140
Trd, 4319167.793, 140
Trd, 4319169.593, 140
Trd, 4319169.643, 139
Trd, 4319169.943, 133
Trd, 4319171.943, 140
Trd, 4319172.893, 139
Trd, 4319173.293, 139
Trd, 4319175.093, 140
Trd, 4319178.343, 140
Trd, 4319178.493, 140
Trd, 4319178.593, 140
Trd, 4319179.743, 140
Trd, 4319180.343, 140
Trd, 4319180.593, 137
Trd, 4319182.393, 123
Trd, 4319182.693, 122
Trd, 4319182.743, 126
Trd, 4319183.993, 140
Trd, 4319184.043, 100
Trd, 4319185.493, 62
Trd, 4319185.643, 61
Trd, 4319185.743, 62
Trd, 4319185.793, 63
Trd, 4319187.043, 138
Trd, 4319187.393, 136
Trd, 4319188.293, 60
Trd, 4319191.543, 60
Trd, 4319191.743, 60
Trd, 4319191.893, 74
Trd, 4319192.793, 140
Trd, 4319194.043, 140
Trd, 4319195.193, 140
Trd, 4319195.643, 140
Trd, 4319196.043, 140
Trd, 4319196.693, 140
Trd, 4319197.543, 140
Trd, 4319197.793, 136
Trd, 4319198.493, 99
Trd, 4319198.843, 97
Trd, 4319201.443, 110
Trd, 4319203.043, 140
Trd, 4319203.343, 140
Trd, 4319204.843, 140
Trd, 4319204.993, 140
Trd, 4319206.043, 140
Trd, 4319207.843, 140
Trd, 4319208.993, 140
Trd, 4319209.293, 140
Trd, 4319210.543, 140
Trd, 4319211.743, 139
Trd, 4319211.793, 139
Trd, 4319211.843, 132
Trd, 4319213.393, 136
Trd, 4319213.943, 132
Trd, 4319214.243, 131
Trd, 4319214.393, 130
Trd, 4319215.093, 139
Trd, 4319216.343, 140
Trd, 4319216.793, 140
Trd, 4319217.543, 140
Trd, 4319218.343, 140
Trd, 4319219.693, 140
Trd, 4319220.843, 140
Trd, 4319221.093, 140
Trd, 4319221.543, 140
Trd, 4319221.943, 129
Trd, 4319222.943, 140
Trd, 4319223.093, 140
Trd, 4319223.793, 98
Trd, 4319224.893, 110
Trd, 4319226.643, 140
Trd, 4319226.793, 140
Trd, 4319226.943, 138
Trd, 4319228.593, 138
Trd, 4319229.293, 137
Trd, 4319229.693, 137
Trd, 4319229.893, 137
Trd, 4319230.443, 135
Trd, 4319232.693, 140
Trd, 4319233.193, 140
Trd, 4319233.343, 140
Trd, 4319233.693, 140
Trd, 4319234.443, 140
Trd, 4319235.043, 119
Trd, 4319237.793, 140
Trd, 4319237.843, 139
Trd, 4319238.493, 82
Trd, 4319239.943, 140
Trd, 4319240.393, 140
Trd, 4319241.543, 140
Trd, 4319242.393, 140
Trd, 4319242.893, 140
Trd, 4319242.993, 140
Trd, 4319243.943, 129
Trd, 4319243.993, 128
Trd, 4319245.343, 137
Trd, 4319246.243, 129
Trd, 4319246.643, 105
Trd, 4319247.793, 120
Trd, 4319248.293, 121
Trd, 4319248.643, 119
Trd, 4319250.293, 137
Trd, 4319250.993, 140
Trd, 4319251.343, 140
Trd, 4319251.993, 140
Trd, 4319253.993, 140
Trd, 4319254.643, 140
Trd, 4319255.893, 140
Trd, 4319256.293, 140
Trd, 4319256.393, 140
Trd, 4319257.543, 139
Trd, 4319257.643, 138
Trd, 4319258.093, 128
Trd, 4319258.493, 99
Trd, 4319258.993, 69
Trd, 4319259.493, 66
Trd, 4319259.743, 140
Trd, 4319262.593, 140
Trd, 4319262.793, 140
Trd, 4319264.243, 140
Trd, 4319264.843, 129
Trd, 4319267.443, 140
Trd, 4319268.493, 140
Trd, 4319269.293, 140
Trd, 4319269.843, 140
Trd, 4319271.143, 140
Trd, 4319271.643, 140
Trd, 4319271.743, 140
Trd, 4319273.143, 140
Trd, 4319273.693, 83
Trd, 4319275.343, 140
Trd, 4319276.693, 140
Trd, 4319276.743, 140
Trd, 4319276.843, 140
Trd, 4319276.993, 136
Trd, 4319277.093, 125
Trd, 4319278.493, 133
Trd, 4319280.143, 60
Trd, 4319280.893, 60
Trd, 4319281.093, 60
Trd, 4319281.943, 60
Trd, 4319282.193, 62
Trd, 4319282.693, 106
Trd, 4319283.243, 108
Trd, 4319285.243, 65
Trd, 4319285.443, 139
Trd, 4319285.893, 65
Trd, 4319286.593, 64
Trd, 4319286.843, 63
Trd, 4319287.293, 96
Trd, 4319287.893, 61
Trd, 4319289.393, 116
Trd, 4319290.093, 60
Trd, 4319290.143, 60
Trd, 4319290.243, 60
Trd, 4319290.693, 62
Trd, 4319291.843, 67
Trd, 4319292.393, 66
Trd, 4319292.493, 64
Trd, 4319293.193, 139
Trd, 4319294.793, 139
Trd, 4319295.243, 103
Trd, 4319296.543, 124
Trd, 4319296.593, 108
Trd, 4319299.943, 140
Trd, 4319300.043, 140
Trd, 4319300.193, 119
Trd, 4319301.243, 115
Trd, 4319301.743, 116
Trd, 4319302.343, 116
Trd, 4319304.543, 140
Trd, 4319306.143, 140
Trd, 4319306.543, 140
Trd, 4319308.093, 140
Trd, 4319308.343, 140
Trd, 4319308.393, 140
Trd, 4319308.843, 140
Trd, 4319309.293, 140
Trd, 4319310.193, 138
Trd, 4319312.343, 140
Trd, 4319312.793, 140
Trd, 4319313.293, 140
Trd, 4319314.093, 140
Trd, 4319316.143, 140
Trd, 4319316.793, 140
Trd, 4319317.993, 123
Trd, 4319319.143, 139
Trd, 4319319.293, 125
Trd, 4319319.943, 140
Trd, 4319320.743, 140
Trd, 4319321.843, 139
Trd, 4319322.093, 140
Trd, 4319322.293, 68
Trd, 4319323.643, 137
Trd, 4319324.593, 137
Trd, 4319324.643, 138
Trd, 4319327.193, 140
Trd, 4319327.493, 140
Trd, 4319327.543, 140
Trd, 4319328.943, 140
Trd, 4319329.643, 140
Trd, 4319330.193, 129
Trd, 4319331.593, 140
Trd, 4319332.843, 140
Trd, 4319333.093, 140
Trd, 4319334.143, 140
Trd, 4319334.393, 123
Trd, 4319335.193, 140
Trd, 4319335.693, 118
Trd, 4319336.843, 127
Trd, 4319338.293, 140
Trd, 4319338.343, 140
Trd, 4319340.143, 130
Trd, 4319340.243, 135
Trd, 4319340.443, 128
Trd, 4319341.093, 99
Trd, 4319341.793, 133
Trd, 4319342.893, 115
Trd, 4319343.143, 126
Trd, 4319343.743, 117
Trd, 4319344.093, 125
Trd, 4319344.293, 65
Trd, 4319345.443, 80
Trd, 4319345.843, 140
Trd, 4319346.293, 140
Trd, 4319346.693, 139
Trd, 4319347.593, 138
Trd, 4319349.093, 140
Trd, 4319350.493, 140
Trd, 4319351.043, 140
Trd, 4319351.643, 140
Trd, 4319352.543, 132
Trd, 4319354.693, 105
Trd, 4319356.193, 140
Trd, 4319356.943, 138
Trd, 4319357.193, 137
Trd, 4319357.343, 119
Trd, 4319358.193, 109
Trd, 4319358.393, 138
Trd, 4319358.643, 126
Trd, 4319359.043, 106
Trd, 4319360.043, 140
Trd, 4319360.093, 140
Trd, 4319360.843, 63
Trd, 4319362.093, 89
Trd, 4319362.943, 128
Trd, 4319364.693, 139
Trd, 4319365.443, 140
Trd, 4319368.093, 140
Trd, 4319368.243, 140
Trd, 4319368.593, 139
Trd, 4319368.943, 139
Trd, 4319369.493, 132
Trd, 4319370.393, 132
Trd, 4319373.443, 140
Trd, 4319373.743, 139
Trd, 4319374.443, 128
Trd, 4319376.693, 140
Trd, 4319377.743, 140
Trd, 4319378.243, 140
Trd, 4319378.393, 140
Trd, 4319378.793, 140
Trd, 4319379.793, 140
Trd, 4319381.793, 140
Trd, 4319382.743, 140
Trd, 4319383.693, 140
Trd, 4319383.993, 140
Trd, 4319384.043, 140
Trd, 4319385.593, 140
Trd, 4319385.743, 140
Trd, 4319386.943, 140
Trd, 4319387.743, 140
Trd, 4319388.243, 140
Trd, 4319388.743, 140
Trd, 4319389.293, 140
Trd, 4319389.893, 140
Trd, 4319390.543, 139
Trd, 4319391.393, 138
Trd, 4319391.843, 132
Trd, 4319393.543, 131
Trd, 4319394.443, 104
Trd, 4319394.693, 103
Trd, 4319395.543, 110
Trd, 4319396.443, 109
Trd, 4319397.043, 107
Trd, 4319397.193, 122
Trd, 4319398.393, 60
Trd, 4319398.993, 60
Trd, 4319399.043, 60
Trd, 4319401.943, 140
Trd, 4319402.243, 125
Trd, 4319403.043, 139
Trd, 4319403.243, 132
Trd, 4319403.693, 140
Trd, 4319404.443, 137
Trd, 4319405.843, 123
Trd, 4319407.343, 140
Trd, 4319407.593, 140
Trd, 4319407.993, 140
Trd, 4319409.193, 140
Trd, 4319410.593, 140
Trd, 4319410.693, 140
Trd, 4319410.993, 131
Trd, 4319413.293, 136
Trd, 4319414.093, 140
Trd, 4319414.543, 139
Trd, 4319414.893, 139
Trd, 4319415.193, 73
Trd, 4319415.943, 140
Trd, 4319418.343, 140
Trd, 4319418.393, 140
Trd, 4319418.793, 140
Trd, 4319420.043, 140
Trd, 4319420.693, 140
Trd, 4319421.493, 140
Trd, 4319422.643, 140
Trd, 4319422.843, 140
Trd, 4319423.543, 140
Trd, 4319424.343, 140
Trd, 4319424.543, 139
Trd, 4319425.493, 140
Trd, 4319427.193, 140
Trd, 4319428.193, 140
Trd, 4319429.193, 140
Trd, 4319429.693, 139
Trd, 4319430.893, 140
Trd, 4319431.893, 140
Trd, 4319432.893, 140
Trd, 4319433.243, 140
Trd, 4319434.193, 140
Trd, 4319434.543, 140
Trd, 4319434.943, 140
Trd, 4319435.243, 139
Trd, 4319435.493, 127
Trd, 4319435.793, 140
Trd, 4319436.193, 132
Trd, 4319436.343, 71
Trd, 4319439.443, 134
Trd, 4319441.443, 140
Trd, 4319442.493, 140
Trd, 4319443.143, 140
Trd, 4319443.593, 139
Trd, 4319443.693, 138
Trd, 4319444.493, 140
Trd, 4319446.743, 140
Trd, 4319446.843, 140
Trd, 4319447.193, 139
Trd, 4319447.743, 133
Trd, 4319448.243, 109
Trd, 4319448.493, 88
Trd, 4319450.293, 85
Trd, 4319451.443, 139
Trd, 4319453.343, 140
Trd, 4319453.993, 140
Trd, 4319454.043, 140
Trd, 4319454.493, 140
Trd, 4319454.793, 139
Trd, 4319454.943, 140
Trd, 4319455.743, 113
Trd, 4319455.793, 68
Trd, 4319456.593, 61
Trd, 4319458.093, 140
Trd, 4319458.843, 140
Trd, 4319460.343, 140
Trd, 4319461.093, 140
Trd, 4319461.593, 140
Trd, 4319462.343, 140
Trd, 4319462.643, 140
Trd, 4319462.943, 124
Trd, 4319463.143, 121
Trd, 4319464.443, 140
Trd, 4319466.193, 140
Trd, 4319466.243, 140
Trd, 4319467.293, 140
Trd, 4319467.993, 139
Trd, 4319469.743, 140
Trd, 4319470.043, 140
Trd, 4319470.443, 129
Trd, 4319472.643, 140
Trd, 4319473.293, 140
Trd, 4319473.743, 140
Trd, 4319475.793, 101
Trd, 4319478.043, 140
Trd, 4319478.993, 140
Trd, 4319479.643, 140
Trd, 4319479.693, 140
Trd, 4319479.993, 137
Trd, 4319480.343, 140
Trd, 4319481.793, 135
Trd, 4319483.843, 86
Trd, 4319483.943, 87
Trd, 4319484.543, 137
Trd, 4319484.643, 81
Trd, 4319485.193, 138
Trd, 4319485.443, 79
Trd, 4319486.143, 78
Trd, 4319487.843, 113
Trd, 4319488.493, 140
Trd, 4319488.793, 140
Trd, 4319488.943, 139
Trd, 4319489.593, 113
Trd, 4319492.043, 140
Trd, 4319492.093, 140
Trd, 4319492.543, 140
Trd, 4319493.793, 140
Trd, 4319495.093, 140
Trd, 4319497.443, 140
Trd, 4319497.593, 140
Trd, 4319498.893, 140
Trd, 4319499.343, 140
Trd, 4319499.843, 140
Trd, 4319500.743, 140
Trd, 4319501.943, 138
Trd, 4319503.543, 132
Trd, 4319504.443, 140
Trd, 4319505.143, 139
Trd, 4319505.893, 140
Trd, 4319506.193, 140
Trd, 4319506.443, 140
Trd, 4319507.243, 140
Trd, 4319508.843, 140
Trd, 4319509.743, 140
Trd, 4319511.643, 140
Trd, 4319512.943, 140
Trd, 4319513.843, 140
Trd, 4319514.193, 140
Trd, 4319514.443, 133
Trd, 4319514.593, 130
Trd, 4319515.243, 63
Trd, 4319515.643, 64
Trd, 4319516.443, 140
Trd, 4319517.443, 126
Trd, 4319519.393, 138
Trd, 4319520.193, 139
Trd, 4319520.843, 139
Trd, 4319522.393, 140
Trd, 4319523.543, 140
Trd, 4319524.993, 140
Trd, 4319525.193, 140
Trd, 4319525.293, 137
Trd, 4319526.243, 140
Trd, 4319527.793, 140
Trd, 4319529.143, 140
Trd, 4319529.543, 140
Trd, 4319530.643, 140
Trd, 4319531.893, 140
Trd, 4319532.993, 140
Trd, 4319533.043, 140
Trd, 4319533.243, 95
Trd, 4319533.743, 139
Trd, 4319536.493, 140
Trd, 4319537.993, 140
Trd, 4319539.243, 140
Trd, 4319539.543, 140
Trd, 4319540.743, 140
Trd, 4319541.043, 140
Trd, 4319542.043, 140
Trd, 4319544.543, 140
Trd, 4319544.643, 140
Trd, 4319545.043, 140
Trd, 4319545.193, 139
Trd, 4319545.943, 140
Trd, 4319546.643, 120
Trd, 4319547.193, 96
Trd, 4319547.793, 76
Trd, 4319548.743, 117
Trd, 4319550.793, 140
Trd, 4319551.793, 140
Trd, 4319552.993, 140
Trd, 4319553.143, 140
Trd, 4319554.643, 140
Trd, 4319555.443, 140
Trd, 4319555.693, 140
Trd, 4319557.393, 140
Trd, 4319557.493, 140
Trd, 4319559.493, 140
Trd, 4319560.493, 140
Trd, 4319561.843, 140
Trd, 4319563.443, 140
Trd, 4319563.643, 140
Trd, 4319564.193, 140
Trd, 4319565.843, 140
Trd, 4319567.593, 140
Trd, 4319568.443, 140
Trd, 4319568.893, 140
Trd, 4319569.993, 140
Trd, 4319570.793, 140
Trd, 4319570.843, 140
Trd, 4319572.093, 140
Trd, 4319572.793, 140
Trd, 4319573.243, 140
Trd, 4319573.293, 133
Trd, 4319574.393, 137
Trd, 4319574.443, 128
Trd, 4319576.893, 140
Trd, 4319576.993, 140
Trd, 4319579.643, 140
Trd, 4319579.843, 140
Trd, 4319580.243, 79
Trd, 4319580.543, 139
Trd, 4319581.193, 73
Trd, 4319582.693, 140
Trd, 4319582.943, 140
Trd, 4319584.143, 140
Trd, 4319585.843, 140
Trd, 4319586.143, 140
Trd, 4319587.543, 140
Trd, 4319589.243, 140
Trd, 4319589.643, 140
Trd, 4319589.893, 140
Trd, 4319590.193, 140
Trd, 4319590.593, 140
Trd, 4319592.093, 140
Trd, 4319592.793, 140
Trd, 4319594.343, 140
Trd, 4319595.743, 140
Trd, 4319596.193, 140
Trd, 4319596.343, 140
Trd, 4319596.493, 139
Trd, 4319597.043, 123
Trd, 4319598.093, 139
Trd, 4319598.493, 138
Trd, 4319598.693, 137
Trd, 4319598.743, 137
Trd, 4319600.143, 129
Trd, 4319600.193, 102
Trd, 4319601.543, 139
Trd, 4319601.593, 68
Trd, 4319602.793, 140
Trd, 4319603.743, 140
Trd, 4319604.643, 140
Trd, 4319605.143, 140
Trd, 4319605.193, 139
Trd, 4319605.893, 140
Trd, 4319606.193, 140
Trd, 4319606.943, 140
Trd, 4319607.293, 68
Trd, 4319608.693, 140
Trd, 4319608.943, 127
Trd, 4319611.043, 140
Trd, 4319613.243, 140
Trd, 4319613.393, 140
Trd, 4319613.443, 140
Trd, 4319613.493, 139
Trd, 4319613.893, 139
Trd, 4319614.743, 139
Trd, 4319615.743, 136
Trd, 4319615.893, 137
Trd, 4319616.393, 130
Trd, 4319616.843, 132
Trd, 4319617.943, 130
Trd, 4319621.143, 140
Trd, 4319622.043, 140
Trd, 4319622.193, 140
Trd, 4319623.643, 140
Trd, 4319624.193, 140
Trd, 4319625.043, 140
Trd, 4319625.293, 140
Trd, 4319627.093, 140
Trd, 4319627.143, 140
Trd, 4319628.943, 138
Trd, 4319629.843, 140
Trd, 4319630.293, 139
Trd, 4319631.293, 139
Trd, 4319631.693, 138
Trd, 4319634.493, 140
Trd, 4319635.993, 137
Trd, 4319636.543, 136
Trd, 4319637.543, 140
Trd, 4319637.743, 140
Trd, 4319637.893, 139
Trd, 4319637.943, 128
Trd, 4319640.393, 139
Trd, 4319640.643, 135
Trd, 4319641.693, 138
Trd, 4319642.193, 139
Trd, 4319642.293, 137
Trd, 4319642.943, 136
Trd, 4319644.393, 139
Trd, 4319645.243, 140
Trd, 4319645.743, 139
Trd, 4319645.843, 137
Trd, 4319646.693, 62
Trd, 4319647.893, 130
Trd, 4319648.193, 136
Trd, 4319648.293, 111
Trd, 4319649.443, 78
Trd, 4319649.843, 73
Trd, 4319651.243, 136
Trd, 4319651.693, 136
Trd, 4319652.293, 139
Trd, 4319653.843, 140
Trd, 4319655.543, 140
Trd, 4319655.893, 140
Trd, 4319656.643, 140
Trd, 4319656.693, 140
Trd, 4319657.143, 140
Trd, 4319658.293, 140
Trd, 4319659.543, 140
Trd, 4319660.193, 140
Trd, 4319661.043, 140
Trd, 4319662.543, 140
Trd, 4319662.893, 140
Trd, 4319663.993, 140
Trd, 4319664.093, 136
Trd, 4319664.293, 134
Trd, 4319664.643, 97
Trd, 4319666.093, 140
Trd, 4319667.193, 140
Trd, 4319667.493, 140
Trd, 4319667.693, 139
Trd, 4319668.843, 140
Trd, 4319669.343, 140
Trd, 4319670.043, 138
Trd, 4319670.693, 137
Trd, 4319670.893, 126
Trd, 4319672.143, 140
Trd, 4319672.543, 140
Trd, 4319673.043, 135
Trd, 4319674.743, 131
Trd, 4319675.843, 135
Trd, 4319677.343, 140
Trd, 4319678.093, 140
Trd, 4319678.743, 138
Trd, 4319678.793, 136
Trd, 4319679.793, 104
Trd, 4319680.993, 138
Trd, 4319681.043, 137
Trd, 4319681.393, 99
Trd, 4319684.093, 140
Trd, 4319684.743, 139
Trd, 4319685.793, 139
Trd, 4319687.093, 140
Trd, 4319688.543, 140
Trd, 4319688.593, 140
Trd, 4319689.643, 140
Trd, 4319690.093, 140
Trd, 4319690.793, 139
Trd, 4319690.893, 135
Trd, 4319691.143, 98
Trd, 4319692.143, 97
Trd, 4319692.743, 75
Trd, 4319694.293, 88
Trd, 4319694.443, 94
Trd, 4319695.343, 60
Trd, 4319695.793, 60
Trd, 4319697.143, 60
Trd, 4319697.443, 60
Trd, 4319698.843, 64
Trd, 4319699.693, 60
Trd, 4319701.043, 60
Trd, 4319703.393, 60
Trd, 4319703.493, 61
Trd, 4319704.693, 60
Trd, 4319705.343, 60
Trd, 4319705.493, 60
Trd, 4319706.543, 61
Trd, 4319706.743, 61
Trd, 4319707.243, 62
Trd, 4319707.393, 66
Trd, 4319708.343, 61
Trd, 4319708.543, 61
Trd, 4319710.243, 65
Trd, 4319710.293, 66
Trd, 4319710.393, 67
Trd, 4319710.893, 70
Trd, 4319712.343, 65
Trd, 4319713.843, 60
Trd, 4319715.243, 60
Trd, 4319715.893, 60
Trd, 4319716.543, 60
Trd, 4319716.593, 61
Trd, 4319718.293, 60
Trd, 4319718.843, 61
Trd, 4319720.293, 60
Trd, 4319720.743, 66
Trd, 4319721.543, 63
Trd, 4319721.643, 65
Trd, 4319722.093, 101
Trd, 4319722.593, 138
Trd, 4319724.243, 109
Trd, 4319724.293, 108
Trd, 4319725.293, 136
Trd, 4319726.643, 140
Trd, 4319727.043, 140
Trd, 4319727.143, 140
Trd, 4319728.543, 140
Trd, 4319730.643, 140
Trd, 4319731.343, 140
Trd, 4319732.393, 140
Trd, 4319733.593, 140
Trd, 4319733.893, 140
Trd, 4319735.343, 140
Trd, 4319735.743, 131
Trd, 4319736.043, 113
Trd, 4319736.343, 112
Trd, 4319737.593, 87
Trd, 4319739.693, 140
Trd, 4319740.043, 140
Trd, 4319741.043, 140
Trd, 4319741.243, 140
Trd, 4319741.893, 140
Trd, 4319742.993, 110
Trd, 4319743.243, 110
Trd, 4319743.493, 111
Trd, 4319744.193, 111
Trd, 4319744.443, 113
Trd, 4319745.893, 130
Trd, 4319746.693, 128
Trd, 4319746.893, 127
Trd, 4319748.743, 140
Trd, 4319749.943, 140
Trd, 4319750.143, 140
Trd, 4319751.893, 140
Trd, 4319752.643, 132
Trd, 4319752.743, 105
Trd, 4319753.543, 139
Trd, 4319754.293, 139
Trd, 4319755.193, 140
Trd, 4319756.093, 140
Trd, 4319757.593, 140
Trd, 4319757.943, 140
Trd, 4319759.243, 139
Trd, 4319759.793, 138
Trd, 4319760.643, 120
Trd, 4319760.793, 119
Trd, 4319761.443, 139
Trd, 4319762.143, 140
Trd, 4319762.643, 140
Trd, 4319762.943, 113
Trd, 4319764.643, 104
Trd, 4319764.743, 104
Trd, 4319766.243, 139
Trd, 4319766.693, 108
Trd, 4319768.443, 140
Trd, 4319769.293, 140
Trd, 4319769.543, 140
Trd, 4319769.593, 139
Trd, 4319770.793, 114
Trd, 4319771.293, 120
Trd, 4319772.193, 138
Trd, 4319773.893, 139
Trd, 4319774.843, 140
Trd, 4319775.593, 140
Trd, 4319776.243, 140
Trd, 4319778.493, 139
Trd, 4319779.143, 113
Trd, 4319779.743, 135
Trd, 4319780.643, 139
Trd, 4319780.943, 104
Trd, 4319781.093, 103
Trd, 4319782.193, 140
Trd, 4319782.943, 138
Trd, 4319783.793, 135
Trd, 4319785.543, 140
Trd, 4319786.943, 140
Trd, 4319788.193, 140
Trd, 4319790.243, 140
Trd, 4319790.493, 140
Trd, 4319790.893, 140
Trd, 4319791.093, 140
Trd, 4319791.543, 140
Trd, 4319793.493, 140
Trd, 4319793.893, 140
Trd, 4319794.643, 140
Trd, 4319794.743, 140
Trd, 4319795.493, 140
Trd, 4319796.043, 137
Trd, 4319796.293, 121
Trd, 4319797.343, 109
Trd, 4319798.543, 129
Trd, 4319799.643, 115
Trd, 4319800.593, 116
Trd, 4319800.943, 115
Trd, 4319801.593, 120
Trd, 4319801.843, 73
Trd, 4319803.793, 140
Trd, 4319805.143, 140
Trd, 4319806.393, 140
Trd, 4319806.893, 140
Trd, 4319806.943, 140
Trd, 4319807.043, 140
Trd, 4319807.493, 139
Trd, 4319808.993, 140
Trd, 4319810.143, 140
Trd, 4319810.993, 139
Trd, 4319812.493, 140
Trd, 4319813.393, 140
Trd, 4319813.843, 140
Trd, 4319813.943, 140
Trd, 4319814.343, 140
Trd, 4319814.393, 123
Trd, 4319817.093, 124
Trd, 4319817.343, 122
Trd, 4319818.843, 124
Trd, 4319820.243, 140
Trd, 4319820.493, 139
Trd, 4319820.943, 139
Trd, 4319821.143, 124
Trd, 4319823.693, 136
Trd, 4319824.693, 140
Trd, 4319824.743, 140
Trd, 4319824.893, 140
Trd, 4319826.543, 140
Trd, 4319826.893, 140
Trd, 4319827.443, 140
Trd, 4319828.793, 138
Trd, 4319829.293, 140
Trd, 4319829.443, 139
Trd, 4319829.593, 137
Trd, 4319829.743, 134
Trd, 4319830.393, 140
Trd, 4319830.843, 118
Trd, 4319832.143, 88
Trd, 4319833.893, 140
Trd, 4319836.143, 135
Trd, 4319836.243, 133
Trd, 4319837.043, 140
Trd, 4319837.593, 140
Trd, 4319838.243, 140
Trd, 4319839.393, 139
Trd, 4319841.493, 140
Trd, 4319842.843, 140
Trd, 4319842.943, 140
Trd, 4319843.043, 140
Trd, 4319843.093, 138
Trd, 4319844.043, 138
Trd, 4319845.893, 140
Trd, 4319846.193, 140
Trd, 4319846.593, 140
Trd, 4319848.043, 140
Trd, 4319848.343, 140
Trd, 4319848.643, 139
Trd, 4319848.843, 139
Trd, 4319849.793, 138
Trd, 4319853.193, 140
Trd, 4319855.193, 140
Trd, 4319855.493, 140
Trd, 4319856.343, 140
Trd, 4319856.643, 75
Trd, 4319857.343, 140
Trd, 4319857.643, 133
Trd, 4319859.343, 140
Trd, 4319859.743, 140
Trd, 4319860.643, 140
Trd, 4319861.943, 140
Trd, 4319862.593, 140
Trd, 4319863.593, 140
Trd, 4319864.943, 140
Trd, 4319865.143, 140
Trd, 4319865.243, 140
Trd, 4319867.843, 140
Trd, 4319867.893, 139
Trd, 4319868.093, 138
Trd, 4319868.493, 138
Trd, 4319870.043, 140
Trd, 4319870.393, 137
Trd, 4319870.743, 140
Trd, 4319871.343, 140
Trd, 4319871.693, 140
Trd, 4319872.243, 140
Trd, 4319872.643, 132
Trd, 4319873.143, 102
Trd, 4319873.893, 109
Trd, 4319874.643, 110
Trd, 4319874.793, 109
Trd, 4319875.243, 135
Trd, 4319875.893, 66
Trd, 4319876.693, 140
Trd, 4319877.243, 68
Trd, 4319877.743, 136
Trd, 4319879.943, 106
Trd, 4319880.843, 132
Trd, 4319881.543, 137
Trd, 4319882.893, 124
Trd, 4319883.093, 125
Trd, 4319884.093, 140
Trd, 4319885.593, 140
Trd, 4319886.343, 140
Trd, 4319886.543, 140
Trd, 4319887.193, 140
Trd, 4319887.543, 140
Trd, 4319888.543, 140
Trd, 4319889.143, 129
Trd, 4319890.143, 137
Trd, 4319890.393, 139
Trd, 4319890.593, 137
Trd, 4319891.393, 132
Trd, 4319892.943, 140
Trd, 4319893.393, 140
Trd, 4319894.143, 128
Trd, 4319894.743, 128
Trd, 4319895.743, 95
Trd, 4319896.043, 140
Trd, 4319896.943, 140
Trd, 4319898.743, 140
Trd, 4319899.493, 140
Trd, 4319899.943, 140
Trd, 4319900.393, 140
Trd, 4319901.793, 138
Trd, 4319902.393, 87
Trd, 4319902.893, 137
Trd, 4319903.993, 82
Trd, 4319906.043, 140
Trd, 4319906.193, 139
Trd, 4319907.693, 140
Trd, 4319908.493, 140
Trd, 4319908.593, 140
Trd, 4319909.143, 138
Trd, 4319910.093, 137
Trd, 4319910.193, 133
Trd, 4319910.593, 138
Trd, 4319911.343, 138
Trd, 4319911.593, 138
Trd, 4319912.293, 117
Trd, 4319912.443, 116
Trd, 4319913.443, 140
Trd, 4319917.493, 140
Trd, 4319918.393, 140
Trd, 4319918.893, 140
Trd, 4319919.043, 140
Trd, 4319919.743, 140
Trd, 4319919.943, 138
Trd, 4319920.043, 132
Trd, 4319922.543, 140
Trd, 4319922.993, 87
Trd, 4319923.243, 86
Trd, 4319923.343, 136
Trd, 4319924.643, 134
Trd, 4319925.693, 96
Trd, 4319926.543, 133
Trd, 4319927.143, 132
Trd, 4319927.543, 127
Trd, 4319927.593, 105
Trd, 4319928.293, 131
Trd, 4319928.943, 134
Trd, 4319929.393, 140
Trd, 4319930.443, 139
Trd, 4319932.093, 125
Trd, 4319932.793, 140
Trd, 4319932.843, 110
Trd, 4319933.243, 84
Trd, 4319935.043, 135
Trd, 4319935.293, 135
Trd, 4319937.443, 140
Trd, 4319938.493, 125
Trd, 4319938.693, 108
Trd, 4319938.843, 100
Trd, 4319939.493, 133
Trd, 4319939.743, 132
Trd, 4319941.093, 138
Trd, 4319943.043, 107
Trd, 4319943.493, 118
Trd, 4319943.793, 109
Trd, 4319943.893, 108
Trd, 4319944.493, 117
Trd, 4319945.393, 89
Trd, 4319945.643, 118
Trd, 4319946.143, 94
Trd, 4319946.793, 140
Trd, 4319946.893, 108
Trd, 4319947.093, 69
Trd, 4319948.743, 64
Trd, 4319949.993, 69
Trd, 4319950.593, 74
Trd, 4319951.093, 64
Trd, 4319952.543, 67
Trd, 4319952.593, 68
Trd, 4319953.093, 61
Trd, 4319953.493, 70
Trd, 4319954.043, 61
Trd, 4319954.293, 61
Trd, 4319954.643, 61
Trd, 4319955.393, 69
Trd, 4319956.893, 138
Trd, 4319957.043, 123
Trd, 4319958.243, 95
Trd, 4319958.693, 123
Trd, 4319960.943, 140
Trd, 4319961.193, 140
Trd, 4319961.293, 140
Trd, 4319962.143, 138
Trd, 4319962.293, 137
Trd, 4319962.643, 131
Trd, 4319962.793, 129
Trd, 4319963.843, 138
Trd, 4319965.193, 138
Trd, 4319967.493, 140
Trd, 4319967.943, 140
Trd, 4319968.193, 140
Trd, 4319968.593, 140
Trd, 4319969.093, 140
Trd, 4319969.743, 134
Trd, 4319969.893, 113
Trd, 4319970.893, 113
Trd, 4319972.843, 140
Trd, 4319973.443, 139
Trd, 4319973.993, 74
Trd, 4319975.393, 140
Trd, 4319976.743, 140
Trd, 4319977.943, 140
Trd, 4319979.243, 140
Trd, 4319979.893, 140
Trd, 4319981.843, 140
Trd, 4319982.793, 140
Trd, 4319982.943, 140
Trd, 4319983.593, 139
Trd, 4319984.693, 140
Trd, 4319985.793, 140
Trd, 4319986.643, 140
Trd, 4319986.743, 140
Trd, 4319986.943, 140
Trd, 4319988.143, 140
Trd, 4319988.593, 140
Trd, 4319989.443, 111
Trd, 4319990.043, 127
Trd, 4319990.493, 128
Trd, 4319991.343, 140
Trd, 4319991.443, 132
Trd, 4319992.793, 140
Trd, 4319993.493, 140
Trd, 4319995.493, 115
Trd, 4319996.293, 114
Trd, 4319998.393, 140
Trd, 4319998.593, 139
