Trd, 4318152.743, 140
Trd, 4318152.893, 140
Trd, 4318153.043, 61
Trd, 4318154.243, 140
Trd, 4318154.343, 140
Trd, 4318154.493, 87
Trd, 4318156.893, 63
Trd, 4318157.943, 60
Trd, 4318158.243, 63
Trd, 4318159.893, 140
Trd, 4318160.743, 140
Trd, 4318160.793, 140
Trd, 4318161.443, 140
Trd, 4318161.693, 140
Trd, 4318162.843, 140
Trd, 4318163.293, 140
Trd, 4318163.543, 136
Trd, 4318164.243, 139
Trd, 4318164.643, 139
Trd, 4318164.943, 114
Trd, 4318165.543, 115
Trd, 4318166.393, 60
Trd, 4318167.243, 63
Trd, 4318168.543, 140
Trd, 4318168.643, 140
Trd, 4318168.693, 140
Trd, 4318168.943, 140
Trd, 4318169.843, 139
Trd, 4318170.243, 120
Trd, 4318171.043, 120
Trd, 4318171.243, 126
Trd, 4318172.893, 140
Trd, 4318173.193, 106
Trd, 4318173.943, 60
Trd, 4318173.993, 62
Trd, 4318174.593, 140
Trd, 4318175.843, 60
Trd, 4318176.043, 61
Trd, 4318177.693, 60
Trd, 4318178.143, 64
Trd, 4318178.193, 64
Trd, 4318178.443, 68
Trd, 4318179.943, 64
Trd, 4318180.143, 62
Trd, 4318180.693, 139
Trd, 4318180.843, 139
Trd, 4318181.543, 140
Trd, 4318183.543, 71
Trd, 4318183.843, 72
Trd, 4318184.743, 64
Trd, 4318184.843, 68
Trd, 4318186.143, 74
Trd, 4318186.693, 73
Trd, 4318186.943, 73
Trd, 4318187.043, 75
Trd, 4318187.193, 72
Trd, 4318188.893, 140
Trd, 4318189.343, 140
Trd, 4318189.443, 140
Trd, 4318189.843, 140
Trd, 4318189.943, 138
Trd, 4318189.993, 96
Trd, 4318192.193, 61
Trd, 4318192.893, 61
Trd, 4318193.343, 61
Trd, 4318194.143, 60
Trd, 4318194.543, 61
Trd, 4318194.693, 66
Trd, 4318196.193, 140
Trd, 4318196.243, 140
Trd, 4318196.393, 109
Trd, 4318196.793, 77
Trd, 4318199.093, 60
Trd, 4318199.143, 60
Trd, 4318199.593, 63
Trd, 4318200.193, 63
Trd, 4318201.443, 67
Trd, 4318202.343, 70
Trd, 4318204.043, 93
Trd, 4318204.093, 92
Trd, 4318204.143, 90
Trd, 4318204.393, 70
Trd, 4318205.493, 140
Trd, 4318206.243, 140
Trd, 4318206.593, 139
Trd, 4318207.393, 140
Trd, 4318208.043, 140
Trd, 4318208.793, 140
Trd, 4318209.893, 140
Trd, 4318210.193, 140
Trd, 4318210.543, 139
Trd, 4318211.543, 62
Trd, 4318211.993, 60
Trd, 4318213.843, 61
Trd, 4318214.293, 61
Trd, 4318215.043, 62
Trd, 4318215.443, 63
Trd, 4318215.643, 61
Trd, 4318215.843, 68
Trd, 4318216.393, 140
Trd, 4318217.343, 139
Trd, 4318218.293, 60
Trd, 4318218.643, 62
Trd, 4318220.193, 61
Trd, 4318220.993, 60
Trd, 4318221.143, 60
Trd, 4318221.893, 61
Trd, 4318222.343, 63
Trd, 4318222.643, 64
Trd, 4318225.593, 60
Trd, 4318227.543, 61
Trd, 4318227.693, 65
Trd, 4318227.743, 68
Trd, 4318228.093, 71
Trd, 4318228.943, 76
Trd, 4318229.043, 77
Trd, 4318229.143, 124
Trd, 4318229.493, 140
Trd, 4318230.693, 60
Trd, 4318230.943, 60
Trd, 4318231.643, 62
Trd, 4318232.743, 63
Trd, 4318233.343, 60
Trd, 4318233.443, 62
Trd, 4318233.993, 60
Trd, 4318234.493, 60
Trd, 4318234.943, 60
Trd, 4318237.143, 63
Trd, 4318237.693, 60
Trd, 4318238.993, 140
Trd, 4318239.493, 140
Trd, 4318239.793, 140
Trd, 4318240.043, 140
Trd, 4318240.443, 120
Trd, 4318242.593, 140
Trd, 4318243.393, 140
Trd, 4318243.893, 140
Trd, 4318244.493, 139
Trd, 4318244.843, 140
Trd, 4318245.193, 140
Trd, 4318245.493, 139
Trd, 4318246.543, 120
Trd, 4318246.643, 94
Trd, 4318248.043, 140
Trd, 4318248.143, 140
Trd, 4318248.343, 62
Trd, 4318249.293, 140
Trd, 4318249.993, 140
Trd, 4318250.343, 140
Trd, 4318250.543, 140
Trd, 4318251.393, 140
Trd, 4318251.543, 102
Trd, 4318252.043, 140
Trd, 4318252.243, 85
Trd, 4318253.343, 64
Trd, 4318254.593, 66
Trd, 4318255.143, 73
Trd, 4318255.593, 139
Trd, 4318257.593, 61
Trd, 4318257.893, 61
Trd, 4318257.943, 61
Trd, 4318258.093, 60
Trd, 4318258.643, 62
Trd, 4318259.093, 64
Trd, 4318260.093, 66
Trd, 4318260.843, 61
Trd, 4318261.743, 60
Trd, 4318262.343, 61
Trd, 4318263.293, 63
Trd, 4318265.093, 60
Trd, 4318266.343, 66
Trd, 4318266.493, 70
Trd, 4318266.993, 71
Trd, 4318268.543, 60
Trd, 4318268.793, 63
Trd, 4318269.893, 62
Trd, 4318269.943, 61
Trd, 4318270.943, 139
Trd, 4318270.993, 83
Trd, 4318272.043, 136
Trd, 4318272.843, 64
Trd, 4318272.893, 63
Trd, 4318273.543, 60
Trd, 4318274.343, 140
Trd, 4318274.493, 140
Trd, 4318275.643, 137
Trd, 4318275.893, 83
Trd, 4318276.243, 82
Trd, 4318277.593, 140
Trd, 4318277.743, 140
Trd, 4318278.943, 114
Trd, 4318279.343, 88
Trd, 4318280.493, 66
Trd, 4318280.543, 70
Trd, 4318281.393, 67
Trd, 4318284.093, 60
Trd, 4318284.343, 62
Trd, 4318284.493, 62
Trd, 4318285.543, 62
Trd, 4318286.343, 64
Trd, 4318286.893, 66
Trd, 4318288.593, 87
Trd, 4318289.193, 138
Trd, 4318289.343, 87
Trd, 4318289.943, 110
Trd, 4318290.793, 140
Trd, 4318291.093, 88
Trd, 4318291.993, 61
Trd, 4318293.893, 62
Trd, 4318294.893, 62
Trd, 4318295.193, 62
Trd, 4318296.143, 68
Trd, 4318296.543, 66
Trd, 4318296.843, 60
Trd, 4318297.693, 63
Trd, 4318298.093, 62
Trd, 4318298.393, 63
Trd, 4318299.543, 140
Trd, 4318300.093, 140
Trd, 4318300.443, 140
Trd, 4318300.843, 140
Trd, 4318301.543, 140
Trd, 4318301.693, 139
Trd, 4318302.293, 140
Trd, 4318302.743, 140
Trd, 4318303.343, 140
Trd, 4318303.643, 140
Trd, 4318304.993, 140
Trd, 4318305.143, 140
Trd, 4318305.593, 140
Trd, 4318305.893, 139
Trd, 4318306.793, 140
Trd, 4318307.693, 87
Trd, 4318308.693, 139
Trd, 4318308.943, 121
Trd, 4318309.643, 72
Trd, 4318310.093, 140
Trd, 4318310.543, 139
Trd, 4318312.093, 121
Trd, 4318312.343, 137
Trd, 4318312.893, 120
Trd, 4318313.893, 114
Trd, 4318314.393, 140
Trd, 4318315.143, 140
Trd, 4318315.393, 140
Trd, 4318316.043, 63
Trd, 4318316.343, 139
Trd, 4318317.143, 88
Trd, 4318317.393, 60
Trd, 4318319.643, 64
Trd, 4318319.693, 70
Trd, 4318320.893, 62
Trd, 4318321.043, 68
Trd, 4318322.043, 60
Trd, 4318322.293, 62
Trd, 4318323.443, 61
Trd, 4318324.293, 60
Trd, 4318325.043, 140
Trd, 4318325.593, 140
Trd, 4318326.093, 140
Trd, 4318327.043, 140
Trd, 4318327.443, 112
Trd, 4318327.893, 139
Trd, 4318328.493, 140
Trd, 4318329.143, 60
Trd, 4318329.393, 67
Trd, 4318330.643, 60
Trd, 4318331.543, 130
Trd, 4318331.793, 129
Trd, 4318332.693, 140
Trd, 4318332.843, 139
Trd, 4318333.143, 93
Trd, 4318334.343, 136
Trd, 4318334.993, 140
Trd, 4318335.293, 140
Trd, 4318335.943, 62
Trd, 4318336.343, 140
Trd, 4318337.093, 66
Trd, 4318339.143, 140
Trd, 4318339.593, 140
Trd, 4318340.143, 134
Trd, 4318340.193, 133
Trd, 4318340.793, 100
Trd, 4318340.843, 76
Trd, 4318341.293, 116
Trd, 4318342.943, 119
Trd, 4318343.143, 118
Trd, 4318344.093, 140
Trd, 4318345.143, 139
Trd, 4318345.493, 139
Trd, 4318345.693, 94
Trd, 4318347.093, 60
Trd, 4318347.243, 63
Trd, 4318347.593, 60
Trd, 4318348.693, 67
Trd, 4318349.943, 60
Trd, 4318350.793, 60
Trd, 4318350.893, 64
Trd, 4318351.893, 63
Trd, 4318352.043, 62
Trd, 4318352.143, 67
Trd, 4318352.493, 139
Trd, 4318352.993, 64
Trd, 4318353.343, 65
Trd, 4318354.693, 60
Trd, 4318355.643, 60
Trd, 4318355.943, 63
Trd, 4318358.293, 60
Trd, 4318358.693, 60
Trd, 4318359.343, 60
Trd, 4318359.793, 60
Trd, 4318359.943, 60
Trd, 4318361.093, 61
Trd, 4318363.193, 62
Trd, 4318363.443, 61
Trd, 4318364.143, 62
Trd, 4318364.293, 61
Trd, 4318364.943, 62
Trd, 4318365.693, 60
Trd, 4318365.843, 61
Trd, 4318366.643, 61
Trd, 4318367.343, 61
Trd, 4318367.693, 63
Trd, 4318368.043, 62
Trd, 4318369.393, 136
Trd, 4318370.393, 60
Trd, 4318370.843, 66
Trd, 4318372.093, 60
Trd, 4318373.243, 60
Trd, 4318373.543, 67
Trd, 4318374.843, 60
Trd, 4318375.093, 60
Trd, 4318375.193, 60
Trd, 4318375.493, 61
Trd, 4318375.993, 61
Trd, 4318376.443, 61
Trd, 4318376.543, 114
Trd, 4318376.893, 60
Trd, 4318377.943, 60
Trd, 4318378.193, 61
Trd, 4318378.793, 66
Trd, 4318379.243, 61
Trd, 4318379.993, 68
Trd, 4318381.643, 138
Trd, 4318381.943, 60
Trd, 4318382.143, 67
Trd, 4318382.343, 61
Trd, 4318385.793, 60
Trd, 4318385.993, 60
Trd, 4318386.143, 61
Trd, 4318386.243, 61
Trd, 4318389.793, 60
Trd, 4318390.343, 61
Trd, 4318390.393, 61
Trd, 4318390.943, 62
Trd, 4318391.293, 62
Trd, 4318391.443, 66
Trd, 4318391.593, 61
Trd, 4318391.793, 60
Trd, 4318392.193, 64
Trd, 4318392.943, 64
Trd, 4318395.143, 140
Trd, 4318395.593, 103
Trd, 4318396.993, 61
Trd, 4318398.243, 60
Trd, 4318399.093, 61
Trd, 4318399.493, 60
Trd, 4318399.543, 61
Trd, 4318399.693, 63
Trd, 4318400.293, 63
Trd, 4318400.943, 139
Trd, 4318401.893, 63
Trd, 4318402.493, 62
Trd, 4318402.943, 62
Trd, 4318404.193, 140
Trd, 4318405.443, 140
Trd, 4318405.543, 140
Trd, 4318405.943, 140
Trd, 4318406.293, 140
Trd, 4318407.293, 140
Trd, 4318407.493, 140
Trd, 4318409.243, 140
Trd, 4318409.393, 140
Trd, 4318409.543, 139
Trd, 4318410.493, 125
Trd, 4318410.943, 126
Trd, 4318411.193, 124
Trd, 4318411.493, 138
Trd, 4318411.743, 140
Trd, 4318411.893, 83
Trd, 4318413.643, 68
Trd, 4318414.293, 63
Trd, 4318414.443, 65
Trd, 4318415.193, 60
Trd, 4318415.443, 136
Trd, 4318416.393, 140
Trd, 4318417.093, 64
Trd, 4318417.343, 60
Trd, 4318418.193, 137
Trd, 4318418.293, 137
Trd, 4318419.643, 64
Trd, 4318419.993, 136
Trd, 4318420.793, 139
Trd, 4318421.943, 60
Trd, 4318422.993, 61
Trd, 4318423.943, 70
Trd, 4318425.343, 61
Trd, 4318425.843, 60
Trd, 4318426.943, 62
Trd, 4318428.043, 60
Trd, 4318428.293, 61
Trd, 4318429.143, 65
Trd, 4318429.393, 61
Trd, 4318429.993, 140
Trd, 4318430.293, 64
Trd, 4318431.343, 85
Trd, 4318432.143, 140
Trd, 4318432.693, 140
Trd, 4318433.293, 140
Trd, 4318433.393, 97
Trd, 4318435.343, 127
Trd, 4318435.693, 140
Trd, 4318436.443, 102
Trd, 4318437.443, 140
Trd, 4318438.143, 140
Trd, 4318439.793, 140
Trd, 4318440.143, 140
Trd, 4318440.393, 140
Trd, 4318440.993, 140
Trd, 4318441.093, 140
Trd, 4318441.393, 88
Trd, 4318442.943, 62
Trd, 4318443.743, 62
Trd, 4318444.443, 60
Trd, 4318444.493, 71
Trd, 4318445.593, 61
Trd, 4318446.543, 70
Trd, 4318447.893, 60
Trd, 4318448.093, 62
Trd, 4318448.993, 60
Trd, 4318449.793, 60
Trd, 4318451.443, 60
Trd, 4318451.793, 60
Trd, 4318453.343, 60
Trd, 4318453.443, 67
Trd, 4318453.693, 108
Trd, 4318454.343, 140
Trd, 4318454.993, 140
Trd, 4318455.643, 140
Trd, 4318456.443, 140
Trd, 4318456.643, 140
Trd, 4318456.793, 140
Trd, 4318457.543, 140
Trd, 4318458.943, 140
Trd, 4318459.193, 140
Trd, 4318459.593, 140
Trd, 4318460.993, 140
Trd, 4318462.543, 140
Trd, 4318463.293, 140
Trd, 4318463.843, 140
Trd, 4318464.693, 140
Trd, 4318465.243, 140
Trd, 4318465.393, 140
Trd, 4318465.493, 139
Trd, 4318466.043, 140
Trd, 4318466.693, 140
Trd, 4318466.843, 139
Trd, 4318466.893, 138
Trd, 4318467.543, 67
Trd, 4318467.993, 62
Trd, 4318468.343, 70
Trd, 4318469.093, 138
Trd, 4318470.493, 140
Trd, 4318471.943, 140
Trd, 4318473.393, 140
Trd, 4318473.543, 140
Trd, 4318474.343, 140
Trd, 4318474.543, 140
Trd, 4318475.443, 140
Trd, 4318475.493, 140
Trd, 4318475.993, 140
Trd, 4318476.343, 140
Trd, 4318477.443, 140
Trd, 4318478.343, 140
Trd, 4318478.793, 139
Trd, 4318479.043, 134
Trd, 4318479.693, 122
Trd, 4318480.743, 140
Trd, 4318480.943, 139
Trd, 4318481.093, 73
Trd, 4318481.393, 72
Trd, 4318481.843, 139
Trd, 4318481.993, 139
Trd, 4318483.543, 60
Trd, 4318485.393, 60
Trd, 4318485.643, 63
Trd, 4318487.243, 61
Trd, 4318487.593, 63
Trd, 4318488.043, 61
Trd, 4318488.393, 70
Trd, 4318489.643, 60
Trd, 4318490.493, 60
Trd, 4318492.543, 60
Trd, 4318494.093, 61
Trd, 4318494.993, 60
Trd, 4318495.693, 60
Trd, 4318496.443, 61
Trd, 4318496.793, 61
Trd, 4318497.043, 68
Trd, 4318497.743, 63
Trd, 4318497.893, 61
Trd, 4318498.743, 62
Trd, 4318498.893, 62
Trd, 4318499.243, 74
Trd, 4318500.293, 140
Trd, 4318500.643, 131
Trd, 4318501.193, 138
Trd, 4318503.143, 62
Trd, 4318504.693, 63
Trd, 4318504.993, 60
Trd, 4318506.943, 61
Trd, 4318507.143, 62
Trd, 4318507.493, 61
Trd, 4318507.743, 81
Trd, 4318507.993, 105
Trd, 4318508.543, 131
Trd, 4318508.743, 132
Trd, 4318509.243, 130
Trd, 4318510.643, 140
Trd, 4318511.043, 140
Trd, 4318511.343, 139
Trd, 4318512.143, 135
Trd, 4318512.743, 60
Trd, 4318514.193, 62
Trd, 4318514.293, 68
Trd, 4318514.793, 61
Trd, 4318516.243, 67
Trd, 4318516.293, 70
Trd, 4318516.493, 75
Trd, 4318516.993, 140
Trd, 4318517.543, 60
Trd, 4318517.943, 61
Trd, 4318518.093, 62
Trd, 4318518.643, 61
Trd, 4318519.643, 60
Trd, 4318519.793, 117
Trd, 4318521.343, 62
Trd, 4318522.343, 140
Trd, 4318522.393, 140
Trd, 4318522.793, 139
Trd, 4318523.893, 140
Trd, 4318524.143, 140
Trd, 4318524.543, 140
Trd, 4318524.693, 138
Trd, 4318524.993, 86
Trd, 4318526.293, 117
Trd, 4318526.443, 87
Trd, 4318527.343, 61
Trd, 4318527.393, 81
Trd, 4318529.343, 60
Trd, 4318529.793, 66
Trd, 4318530.143, 61
Trd, 4318530.343, 67
Trd, 4318531.493, 70
Trd, 4318531.993, 140
Trd, 4318532.293, 140
Trd, 4318532.593, 140
Trd, 4318533.593, 63
Trd, 4318535.043, 76
Trd, 4318535.593, 102
Trd, 4318535.643, 101
Trd, 4318535.843, 101
Trd, 4318536.993, 61
Trd, 4318537.593, 66
Trd, 4318538.293, 140
Trd, 4318538.393, 140
Trd, 4318539.043, 139
Trd, 4318539.343, 138
Trd, 4318539.393, 100
Trd, 4318539.693, 140
Trd, 4318541.143, 63
Trd, 4318542.093, 74
Trd, 4318542.943, 60
Trd, 4318543.893, 63
Trd, 4318544.493, 67
Trd, 4318547.143, 64
Trd, 4318548.193, 60
Trd, 4318550.093, 60
Trd, 4318550.143, 62
Trd, 4318550.593, 60
Trd, 4318550.993, 60
Trd, 4318552.193, 60
Trd, 4318554.143, 60
Trd, 4318555.143, 61
Trd, 4318555.543, 60
Trd, 4318556.343, 60
Trd, 4318557.593, 62
Trd, 4318558.093, 65
Trd, 4318558.143, 70
Trd, 4318559.143, 62
Trd, 4318559.293, 61
Trd, 4318559.893, 60
Trd, 4318561.043, 60
Trd, 4318561.743, 60
Trd, 4318562.343, 61
Trd, 4318562.543, 62
Trd, 4318563.343, 60
Trd, 4318563.643, 60
Trd, 4318564.793, 61
Trd, 4318565.043, 60
Trd, 4318568.343, 60
Trd, 4318568.743, 62
Trd, 4318569.093, 61
Trd, 4318569.743, 61
Trd, 4318571.093, 60
Trd, 4318571.343, 68
Trd, 4318571.643, 61
Trd, 4318572.093, 64
Trd, 4318573.893, 140
Trd, 4318574.543, 140
Trd, 4318574.843, 140
Trd, 4318575.293, 140
Trd, 4318575.593, 64
Trd, 4318576.193, 140
Trd, 4318576.943, 140
Trd, 4318577.043, 140
Trd, 4318578.493, 140
Trd, 4318578.543, 70
Trd, 4318578.793, 139
Trd, 4318580.443, 140
Trd, 4318581.543, 139
Trd, 4318581.693, 139
Trd, 4318582.143, 106
Trd, 4318582.843, 140
Trd, 4318582.993, 139
Trd, 4318584.443, 69
Trd, 4318584.543, 68
Trd, 4318585.243, 64
Trd, 4318585.393, 65
Trd, 4318585.743, 73
Trd, 4318586.793, 140
Trd, 4318587.593, 140
Trd, 4318587.893, 140
Trd, 4318588.743, 140
Trd, 4318589.043, 140
Trd, 4318590.293, 140
Trd, 4318590.643, 140
Trd, 4318591.193, 140
Trd, 4318591.293, 140
Trd, 4318591.693, 140
Trd, 4318592.293, 139
Trd, 4318593.093, 140
Trd, 4318593.393, 101
Trd, 4318593.993, 138
Trd, 4318594.843, 102
Trd, 4318595.043, 101
Trd, 4318596.843, 139
Trd, 4318597.093, 138
Trd, 4318598.843, 140
Trd, 4318599.243, 140
Trd, 4318600.293, 140
Trd, 4318600.343, 140
Trd, 4318600.493, 81
Trd, 4318601.343, 66
Trd, 4318601.543, 71
Trd, 4318601.943, 64
Trd, 4318602.893, 140
Trd, 4318603.343, 140
Trd, 4318603.743, 140
Trd, 4318604.243, 140
Trd, 4318605.643, 140
Trd, 4318605.943, 140
Trd, 4318606.543, 140
Trd, 4318607.343, 140
Trd, 4318607.743, 140
Trd, 4318608.393, 140
Trd, 4318608.493, 140
Trd, 4318609.793, 64
Trd, 4318610.893, 140
Trd, 4318611.493, 140
Trd, 4318612.243, 130
Trd, 4318612.743, 67
Trd, 4318613.443, 140
Trd, 4318613.943, 135
Trd, 4318613.993, 66
Trd, 4318615.043, 140
Trd, 4318616.393, 140
Trd, 4318616.593, 140
Trd, 4318616.743, 140
Trd, 4318617.293, 140
Trd, 4318617.393, 140
Trd, 4318617.593, 66
Trd, 4318618.393, 108
Trd, 4318619.643, 133
Trd, 4318620.693, 140
Trd, 4318620.793, 119
Trd, 4318621.343, 140
Trd, 4318622.693, 140
Trd, 4318623.243, 140
Trd, 4318623.693, 140
Trd, 4318625.143, 140
Trd, 4318625.493, 140
Trd, 4318626.493, 140
Trd, 4318626.593, 140
Trd, 4318626.793, 139
Trd, 4318626.893, 139
Trd, 4318627.893, 140
Trd, 4318627.993, 117
Trd, 4318628.043, 115
Trd, 4318628.443, 78
Trd, 4318628.643, 75
Trd, 4318629.443, 140
Trd, 4318632.093, 140
Trd, 4318632.793, 140
Trd, 4318633.043, 140
Trd, 4318633.643, 70
Trd, 4318633.943, 133
Trd, 4318634.043, 132
Trd, 4318634.093, 69
Trd, 4318635.943, 140
Trd, 4318635.993, 140
Trd, 4318636.593, 140
Trd, 4318636.643, 140
Trd, 4318636.793, 139
Trd, 4318637.293, 138
Trd, 4318637.393, 109
Trd, 4318640.493, 63
Trd, 4318640.643, 70
Trd, 4318642.143, 60
Trd, 4318642.343, 65
Trd, 4318644.043, 61
Trd, 4318644.193, 60
Trd, 4318646.743, 60
Trd, 4318646.843, 60
Trd, 4318647.093, 63
Trd, 4318648.193, 60
Trd, 4318648.793, 60
Trd, 4318649.093, 60
Trd, 4318649.243, 60
Trd, 4318650.943, 60
Trd, 4318652.643, 60
Trd, 4318653.293, 61
Trd, 4318654.243, 63
Trd, 4318654.293, 63
Trd, 4318654.393, 67
Trd, 4318655.693, 60
Trd, 4318656.243, 140
Trd, 4318656.493, 140
Trd, 4318656.693, 140
Trd, 4318657.043, 140
Trd, 4318657.593, 140
Trd, 4318657.893, 88
Trd, 4318657.943, 86
Trd, 4318659.243, 140
Trd, 4318659.893, 140
Trd, 4318660.143, 140
Trd, 4318660.593, 70
Trd, 4318660.943, 71
Trd, 4318661.493, 69
Trd, 4318662.143, 61
Trd, 4318662.943, 60
Trd, 4318663.843, 60
Trd, 4318664.243, 140
Trd, 4318665.093, 65
Trd, 4318665.593, 60
Trd, 4318665.943, 60
Trd, 4318666.993, 74
Trd, 4318667.793, 60
Trd, 4318667.893, 66
Trd, 4318668.593, 140
Trd, 4318668.993, 140
Trd, 4318670.093, 65
Trd, 4318670.143, 96
Trd, 4318673.093, 60
Trd, 4318673.293, 60
Trd, 4318673.343, 63
Trd, 4318674.593, 60
Trd, 4318674.643, 62
Trd, 4318675.693, 62
Trd, 4318675.943, 62
Trd, 4318676.643, 63
Trd, 4318676.793, 62
Trd, 4318677.343, 65
Trd, 4318678.143, 60
Trd, 4318678.693, 61
Trd, 4318679.393, 61
Trd, 4318680.693, 60
Trd, 4318681.093, 62
Trd, 4318681.643, 67
Trd, 4318682.993, 61
Trd, 4318683.843, 61
Trd, 4318683.893, 61
Trd, 4318684.293, 136
Trd, 4318684.943, 62
Trd, 4318685.543, 137
Trd, 4318685.643, 126
Trd, 4318686.193, 63
Trd, 4318687.543, 68
Trd, 4318688.093, 64
Trd, 4318688.893, 140
Trd, 4318689.243, 139
Trd, 4318689.343, 78
Trd, 4318689.493, 77
Trd, 4318689.743, 60
Trd, 4318690.593, 60
Trd, 4318692.643, 61
Trd, 4318693.693, 64
Trd, 4318694.343, 65
Trd, 4318694.643, 64
Trd, 4318695.043, 68
Trd, 4318695.443, 86
Trd, 4318695.643, 63
Trd, 4318695.793, 79
Trd, 4318696.643, 66
Trd, 4318698.443, 64
Trd, 4318698.543, 67
Trd, 4318699.143, 83
Trd, 4318699.993, 61
Trd, 4318700.943, 64
Trd, 4318701.443, 60
Trd, 4318702.193, 65
Trd, 4318704.143, 60
Trd, 4318704.693, 62
Trd, 4318704.843, 61
Trd, 4318705.193, 66
Trd, 4318705.293, 61
Trd, 4318706.393, 140
Trd, 4318706.443, 90
Trd, 4318706.793, 140
Trd, 4318707.293, 140
Trd, 4318707.343, 139
Trd, 4318708.443, 139
Trd, 4318710.143, 61
Trd, 4318710.443, 60
Trd, 4318710.943, 61
Trd, 4318711.943, 61
Trd, 4318712.143, 61
Trd, 4318712.893, 61
Trd, 4318713.293, 66
Trd, 4318713.493, 61
Trd, 4318714.293, 66
Trd, 4318715.493, 140
Trd, 4318715.743, 137
Trd, 4318716.393, 140
Trd, 4318716.493, 60
Trd, 4318717.193, 140
Trd, 4318718.293, 81
Trd, 4318718.343, 78
Trd, 4318719.543, 120
Trd, 4318719.993, 85
Trd, 4318720.643, 139
Trd, 4318721.043, 62
Trd, 4318721.943, 99
Trd, 4318722.193, 98
Trd, 4318723.843, 140
Trd, 4318723.993, 140
Trd, 4318724.043, 137
Trd, 4318725.793, 140
Trd, 4318726.043, 140
Trd, 4318726.093, 137
Trd, 4318727.693, 62
Trd, 4318727.893, 130
Trd, 4318728.893, 68
Trd, 4318730.043, 60
Trd, 4318730.443, 60
Trd, 4318730.793, 76
Trd, 4318731.493, 62
Trd, 4318732.043, 60
Trd, 4318732.843, 136
Trd, 4318733.793, 139
Trd, 4318733.893, 79
Trd, 4318735.993, 62
Trd, 4318736.393, 63
Trd, 4318737.143, 61
Trd, 4318737.793, 60
Trd, 4318740.343, 60
Trd, 4318740.593, 63
Trd, 4318740.693, 64
Trd, 4318741.393, 62
Trd, 4318741.643, 63
Trd, 4318741.843, 60
Trd, 4318743.543, 61
Trd, 4318745.343, 60
Trd, 4318746.293, 62
Trd, 4318746.393, 62
Trd, 4318746.843, 67
Trd, 4318747.043, 69
Trd, 4318747.093, 69
Trd, 4318748.043, 62
Trd, 4318749.943, 61
Trd, 4318750.393, 61
Trd, 4318750.443, 63
Trd, 4318750.793, 62
Trd, 4318751.093, 61
Trd, 4318751.193, 76
Trd, 4318751.993, 62
Trd, 4318753.093, 140
Trd, 4318754.593, 140
Trd, 4318754.693, 140
Trd, 4318754.943, 140
Trd, 4318755.143, 139
Trd, 4318755.293, 139
Trd, 4318755.643, 140
Trd, 4318756.093, 112
Trd, 4318757.393, 67
Trd, 4318757.593, 65
Trd, 4318758.243, 140
Trd, 4318758.493, 140
Trd, 4318758.893, 140
Trd, 4318759.693, 140
Trd, 4318759.943, 139
Trd, 4318760.443, 128
Trd, 4318762.943, 60
Trd, 4318763.143, 73
Trd, 4318763.343, 63
Trd, 4318764.243, 61
Trd, 4318764.443, 63
Trd, 4318765.643, 64
Trd, 4318765.943, 64
Trd, 4318766.343, 62
Trd, 4318767.243, 64
Trd, 4318767.993, 60
Trd, 4318769.993, 60
Trd, 4318770.393, 60
Trd, 4318771.243, 60
Trd, 4318771.343, 61
Trd, 4318771.793, 62
Trd, 4318772.243, 64
Trd, 4318772.593, 63
Trd, 4318772.943, 62
Trd, 4318773.893, 62
Trd, 4318774.093, 63
Trd, 4318774.943, 61
Trd, 4318775.793, 64
Trd, 4318776.643, 76
Trd, 4318777.993, 60
Trd, 4318778.243, 60
Trd, 4318778.843, 60
Trd, 4318778.893, 62
Trd, 4318780.243, 64
Trd, 4318780.793, 61
Trd, 4318781.193, 60
Trd, 4318783.443, 60
Trd, 4318784.793, 61
Trd, 4318785.093, 61
Trd, 4318785.243, 61
Trd, 4318785.393, 60
Trd, 4318785.593, 61
Trd, 4318785.993, 64
Trd, 4318786.943, 62
Trd, 4318787.243, 63
Trd, 4318788.293, 60
Trd, 4318788.693, 60
Trd, 4318790.443, 60
Trd, 4318790.643, 60
Trd, 4318790.843, 61
Trd, 4318791.393, 60
Trd, 4318792.693, 60
Trd, 4318793.193, 61
Trd, 4318793.693, 65
Trd, 4318794.643, 62
Trd, 4318794.693, 67
Trd, 4318797.343, 63
Trd, 4318799.043, 60
Trd, 4318799.393, 62
Trd, 4318799.693, 63
Trd, 4318799.843, 65
Trd, 4318799.943, 61
Trd, 4318800.193, 64
Trd, 4318801.293, 68
Trd, 4318801.993, 60
Trd, 4318803.043, 140
Trd, 4318804.043, 140
Trd, 4318804.543, 140
Trd, 4318804.643, 140
Trd, 4318804.943, 138
Trd, 4318806.793, 140
Trd, 4318806.893, 140
Trd, 4318807.393, 140
Trd, 4318807.493, 140
Trd, 4318807.693, 140
Trd, 4318807.743, 137
Trd, 4318809.043, 140
Trd, 4318809.343, 130
Trd, 4318809.543, 127
Trd, 4318811.043, 140
Trd, 4318811.593, 140
Trd, 4318811.893, 140
Trd, 4318812.893, 140
Trd, 4318812.943, 140
Trd, 4318814.443, 140
Trd, 4318814.693, 140
Trd, 4318815.643, 140
Trd, 4318816.243, 140
Trd, 4318816.693, 139
Trd, 4318816.843, 139
Trd, 4318817.243, 87
Trd, 4318817.493, 70
Trd, 4318818.493, 78
Trd, 4318819.293, 64
Trd, 4318819.493, 69
Trd, 4318819.993, 136
Trd, 4318820.693, 60
Trd, 4318823.193, 60
Trd, 4318823.593, 60
Trd, 4318824.193, 61
Trd, 4318826.393, 60
Trd, 4318826.493, 61
Trd, 4318827.543, 61
Trd, 4318828.793, 60
Trd, 4318829.143, 60
Trd, 4318829.493, 60
Trd, 4318830.343, 60
Trd, 4318830.893, 60
Trd, 4318831.643, 62
Trd, 4318831.893, 63
Trd, 4318831.993, 64
Trd, 4318832.393, 63
Trd, 4318832.643, 82
Trd, 4318832.993, 62
Trd, 4318835.243, 60
Trd, 4318835.343, 61
Trd, 4318837.743, 61
Trd, 4318837.793, 65
Trd, 4318839.043, 60
Trd, 4318840.143, 61
Trd, 4318840.343, 61
Trd, 4318840.443, 75
Trd, 4318841.143, 68
Trd, 4318841.293, 65
Trd, 4318841.643, 62
Trd, 4318841.793, 64
Trd, 4318841.843, 72
Trd, 4318844.343, 61
Trd, 4318844.643, 63
Trd, 4318846.243, 61
Trd, 4318846.343, 62
Trd, 4318848.293, 61
Trd, 4318848.893, 60
Trd, 4318849.693, 60
Trd, 4318850.793, 62
Trd, 4318851.993, 60
Trd, 4318852.043, 61
Trd, 4318852.143, 63
Trd, 4318852.443, 62
Trd, 4318853.143, 60
Trd, 4318853.993, 62
Trd, 4318854.293, 71
Trd, 4318854.843, 62
Trd, 4318856.293, 65
Trd, 4318856.493, 63
Trd, 4318856.943, 140
Trd, 4318857.143, 140
Trd, 4318858.093, 64
Trd, 4318858.143, 65
Trd, 4318859.693, 67
Trd, 4318860.493, 60
Trd, 4318860.643, 65
Trd, 4318861.193, 60
Trd, 4318861.393, 61
Trd, 4318862.143, 80
Trd, 4318862.743, 139
Trd, 4318863.543, 91
Trd, 4318864.093, 137
Trd, 4318864.543, 136
Trd, 4318864.793, 140
Trd, 4318865.793, 110
Trd, 4318865.993, 139
Trd, 4318867.243, 62
Trd, 4318868.043, 64
Trd, 4318869.493, 63
Trd, 4318870.543, 139
Trd, 4318870.843, 81
Trd, 4318871.093, 80
Trd, 4318871.993, 61
Trd, 4318873.593, 60
Trd, 4318874.893, 60
Trd, 4318875.193, 68
Trd, 4318875.343, 60
Trd, 4318877.043, 62
Trd, 4318877.243, 61
Trd, 4318877.893, 104
Trd, 4318879.243, 130
Trd, 4318880.043, 140
Trd, 4318880.443, 135
Trd, 4318880.993, 103
Trd, 4318881.393, 138
Trd, 4318882.893, 90
Trd, 4318883.793, 81
Trd, 4318884.293, 65
Trd, 4318885.343, 60
Trd, 4318886.643, 68
Trd, 4318886.743, 62
Trd, 4318887.093, 64
Trd, 4318887.793, 140
Trd, 4318887.893, 139
Trd, 4318888.643, 60
Trd, 4318889.243, 62
Trd, 4318890.993, 60
Trd, 4318892.943, 60
Trd, 4318893.343, 60
Trd, 4318893.493, 60
Trd, 4318895.243, 60
Trd, 4318895.843, 60
Trd, 4318896.243, 62
Trd, 4318896.693, 66
Trd, 4318897.343, 67
Trd, 4318898.043, 61
Trd, 4318898.243, 62
Trd, 4318899.793, 65
Trd, 4318899.843, 66
Trd, 4318901.143, 139
Trd, 4318901.543, 138
Trd, 4318902.343, 68
Trd, 4318902.493, 63
Trd, 4318902.943, 61
Trd, 4318904.693, 62
Trd, 4318905.143, 60
Trd, 4318905.893, 61
Trd, 4318906.743, 64
Trd, 4318906.993, 63
Trd, 4318907.093, 60
Trd, 4318907.843, 90
Trd, 4318908.293, 139
Trd, 4318909.393, 139
Trd, 4318910.843, 140
Trd, 4318910.893, 120
Trd, 4318911.593, 140
Trd, 4318912.943, 80
Trd, 4318913.243, 71
Trd, 4318913.593, 62
Trd, 4318914.193, 138
Trd, 4318915.143, 75
Trd, 4318916.243, 63
Trd, 4318916.343, 69
Trd, 4318916.443, 77
Trd, 4318918.043, 140
Trd, 4318918.193, 139
Trd, 4318919.393, 61
Trd, 4318921.593, 62
Trd, 4318922.243, 60
Trd, 4318922.293, 63
Trd, 4318922.543, 64
Trd, 4318923.993, 63
Trd, 4318924.093, 79
Trd, 4318926.243, 60
Trd, 4318926.543, 63
Trd, 4318927.043, 61
Trd, 4318927.643, 140
Trd, 4318927.843, 117
Trd, 4318928.543, 88
Trd, 4318930.393, 140
Trd, 4318931.043, 140
Trd, 4318931.143, 140
Trd, 4318931.443, 140
Trd, 4318932.343, 140
Trd, 4318932.943, 140
Trd, 4318933.543, 140
Trd, 4318934.893, 139
Trd, 4318935.293, 138
Trd, 4318935.443, 101
Trd, 4318935.693, 68
Trd, 4318936.043, 140
Trd, 4318936.293, 139
Trd, 4318937.043, 60
Trd, 4318937.993, 85
Trd, 4318939.293, 67
Trd, 4318939.343, 67
Trd, 4318939.843, 63
Trd, 4318940.043, 72
Trd, 4318940.443, 98
Trd, 4318941.593, 72
Trd, 4318941.743, 139
Trd, 4318942.143, 68
Trd, 4318942.793, 69
Trd, 4318944.643, 60
Trd, 4318944.793, 61
Trd, 4318945.143, 61
Trd, 4318945.693, 70
Trd, 4318947.443, 61
Trd, 4318947.793, 61
Trd, 4318948.243, 63
Trd, 4318948.893, 67
Trd, 4318949.543, 69
Trd, 4318949.693, 113
Trd, 4318949.743, 69
Trd, 4318949.793, 68
Trd, 4318950.243, 140
Trd, 4318950.443, 136
Trd, 4318950.743, 62
Trd, 4318951.493, 71
Trd, 4318954.243, 64
Trd, 4318954.393, 64
Trd, 4318955.193, 65
Trd, 4318955.643, 66
Trd, 4318956.093, 65
Trd, 4318957.343, 62
Trd, 4318957.843, 68
Trd, 4318959.293, 61
Trd, 4318959.893, 61
Trd, 4318960.193, 62
Trd, 4318960.243, 63
Trd, 4318960.993, 64
Trd, 4318961.493, 63
Trd, 4318961.993, 140
Trd, 4318962.693, 120
Trd, 4318963.993, 140
Trd, 4318964.193, 140
Trd, 4318964.293, 139
Trd, 4318964.793, 140
Trd, 4318965.293, 139
Trd, 4318966.093, 140
Trd, 4318966.543, 140
Trd, 4318967.243, 92
Trd, 4318968.943, 60
Trd, 4318969.793, 61
Trd, 4318969.843, 64
Trd, 4318970.593, 64
Trd, 4318970.693, 66
Trd, 4318971.743, 140
Trd, 4318971.843, 140
Trd, 4318972.193, 140
Trd, 4318973.293, 140
Trd, 4318974.043, 140
Trd, 4318974.793, 140
Trd, 4318974.843, 140
Trd, 4318975.293, 140
Trd, 4318976.043, 140
Trd, 4318976.443, 140
Trd, 4318976.593, 109
Trd, 4318977.293, 109
Trd, 4318978.343, 140
Trd, 4318979.443, 140
Trd, 4318979.493, 140
Trd, 4318980.143, 140
Trd, 4318981.843, 140
Trd, 4318981.993, 140
Trd, 4318982.243, 138
Trd, 4318982.943, 140
Trd, 4318984.343, 140
Trd, 4318984.593, 99
Trd, 4318984.693, 98
Trd, 4318985.143, 136
Trd, 4318986.593, 140
Trd, 4318987.593, 140
Trd, 4318987.893, 65
Trd, 4318988.893, 60
Trd, 4318989.393, 64
Trd, 4318989.943, 60
Trd, 4318990.693, 61
Trd, 4318991.143, 61
Trd, 4318991.943, 61
Trd, 4318992.543, 60
Trd, 4318994.443, 61
Trd, 4318994.593, 65
Trd, 4318994.743, 67
Trd, 4318995.143, 61
Trd, 4318996.143, 140
Trd, 4318996.393, 140
Trd, 4318996.543, 140
Trd, 4318997.093, 67
Trd, 4318998.093, 139
Trd, 4318998.393, 96
Trd, 4318999.393, 61
Trd, 4318999.743, 139
Trd, 4319000.943, 60
Trd, 4319003.393, 60
Trd, 4319003.443, 61
Trd, 4319004.393, 61
Trd, 4319004.543, 67
Trd, 4319005.893, 60
Trd, 4319007.493, 61
Trd, 4319007.843, 61
Trd, 4319010.093, 61
Trd, 4319010.193, 63
Trd, 4319010.893, 62
Trd, 4319011.293, 60
Trd, 4319011.493, 60
Trd, 4319011.943, 62
Trd, 4319014.743, 60
Trd, 4319015.643, 61
Trd, 4319015.943, 60
Trd, 4319016.443, 62
Trd, 4319016.793, 61
Trd, 4319017.243, 63
Trd, 4319017.443, 60
Trd, 4319017.643, 64
Trd, 4319018.193, 60
Trd, 4319018.243, 67
Trd, 4319018.993, 70
Trd, 4319019.393, 62
Trd, 4319019.993, 136
Trd, 4319020.993, 64
Trd, 4319022.043, 70
Trd, 4319022.243, 140
Trd, 4319022.743, 140
Trd, 4319023.493, 140
Trd, 4319023.943, 139
Trd, 4319025.143, 60
Trd, 4319025.643, 61
Trd, 4319027.193, 63
Trd, 4319027.743, 68
Trd, 4319029.193, 65
Trd, 4319029.443, 68
Trd, 4319029.793, 62
Trd, 4319031.643, 60
Trd, 4319032.093, 61
Trd, 4319033.143, 61
Trd, 4319033.193, 62
Trd, 4319034.393, 62
Trd, 4319034.943, 61
Trd, 4319036.143, 63
Trd, 4319036.443, 63
Trd, 4319036.493, 63
Trd, 4319036.543, 62
Trd, 4319037.493, 61
Trd, 4319037.693, 69
Trd, 4319038.143, 61
Trd, 4319039.193, 64
Trd, 4319040.143, 61
Trd, 4319040.743, 64
Trd, 4319041.543, 85
Trd, 4319042.043, 139
Trd, 4319042.793, 68
Trd, 4319043.043, 61
Trd, 4319044.343, 61
Trd, 4319045.693, 62
Trd, 4319046.093, 61
Trd, 4319046.393, 63
Trd, 4319046.543, 62
Trd, 4319047.243, 131
Trd, 4319047.443, 78
Trd, 4319048.493, 140
Trd, 4319048.893, 140
Trd, 4319048.943, 140
Trd, 4319050.243, 61
Trd, 4319051.093, 140
Trd, 4319051.343, 137
Trd, 4319051.393, 92
Trd, 4319053.143, 62
Trd, 4319054.293, 62
Trd, 4319054.343, 64
Trd, 4319054.943, 61
Trd, 4319055.243, 61
Trd, 4319055.593, 63
Trd, 4319055.943, 70
Trd, 4319056.093, 63
Trd, 4319056.643, 95
Trd, 4319056.893, 139
Trd, 4319058.293, 140
Trd, 4319058.843, 77
Trd, 4319059.293, 62
Trd, 4319060.793, 60
Trd, 4319061.243, 63
Trd, 4319061.293, 66
Trd, 4319062.693, 62
Trd, 4319065.293, 61
Trd, 4319065.693, 63
Trd, 4319065.743, 63
Trd, 4319066.293, 63
Trd, 4319067.193, 61
Trd, 4319067.643, 61
Trd, 4319068.843, 62
Trd, 4319070.093, 63
Trd, 4319070.393, 62
Trd, 4319070.643, 67
Trd, 4319071.043, 71
Trd, 4319072.143, 61
Trd, 4319072.293, 62
Trd, 4319072.943, 62
Trd, 4319073.243, 60
Trd, 4319073.593, 140
Trd, 4319074.643, 139
Trd, 4319075.293, 140
Trd, 4319075.393, 133
Trd, 4319075.943, 60
Trd, 4319077.343, 60
Trd, 4319077.793, 64
Trd, 4319078.593, 140
Trd, 4319079.793, 140
Trd, 4319080.043, 140
Trd, 4319080.393, 140
Trd, 4319080.443, 140
Trd, 4319081.143, 140
Trd, 4319081.893, 125
Trd, 4319083.093, 125
Trd, 4319083.543, 62
Trd, 4319083.593, 80
Trd, 4319084.543, 112
Trd, 4319085.243, 61
Trd, 4319085.743, 139
Trd, 4319086.393, 60
Trd, 4319088.093, 61
Trd, 4319089.893, 60
Trd, 4319090.093, 61
Trd, 4319090.543, 60
Trd, 4319090.843, 61
Trd, 4319091.193, 60
Trd, 4319091.593, 66
Trd, 4319091.693, 118
Trd, 4319092.493, 62
Trd, 4319092.993, 64
Trd, 4319093.193, 63
Trd, 4319093.393, 61
Trd, 4319093.943, 67
Trd, 4319095.443, 60
Trd, 4319096.743, 105
Trd, 4319097.093, 140
Trd, 4319098.993, 66
Trd, 4319099.043, 61
Trd, 4319099.343, 67
Trd, 4319100.043, 62
Trd, 4319101.093, 64
Trd, 4319102.393, 79
Trd, 4319102.693, 78
Trd, 4319103.193, 121
Trd, 4319103.693, 71
Trd, 4319103.743, 70
Trd, 4319104.343, 69
Trd, 4319104.993, 139
Trd, 4319107.243, 140
Trd, 4319107.543, 140
Trd, 4319107.743, 140
Trd, 4319108.293, 140
Trd, 4319109.193, 140
Trd, 4319109.293, 138
Trd, 4319109.693, 140
Trd, 4319110.743, 139
Trd, 4319110.893, 74
Trd, 4319111.393, 62
Trd, 4319113.043, 63
Trd, 4319113.493, 63
Trd, 4319114.393, 63
Trd, 4319115.193, 68
Trd, 4319115.693, 60
Trd, 4319116.543, 65
Trd, 4319116.693, 63
Trd, 4319117.043, 60
Trd, 4319117.593, 71
Trd, 4319117.843, 65
Trd, 4319119.243, 61
Trd, 4319119.993, 64
Trd, 4319120.143, 68
Trd, 4319120.993, 61
Trd, 4319121.843, 62
Trd, 4319123.993, 60
Trd, 4319124.443, 61
Trd, 4319124.893, 60
Trd, 4319126.043, 62
Trd, 4319126.143, 60
Trd, 4319128.143, 64
Trd, 4319128.443, 71
Trd, 4319128.793, 63
Trd, 4319129.243, 69
Trd, 4319131.143, 67
Trd, 4319131.493, 67
Trd, 4319133.493, 62
Trd, 4319133.893, 66
Trd, 4319134.843, 62
Trd, 4319136.693, 61
Trd, 4319137.043, 62
Trd, 4319138.093, 63
Trd, 4319138.193, 65
Trd, 4319138.493, 64
Trd, 4319138.643, 62
Trd, 4319138.793, 113
Trd, 4319139.243, 64
Trd, 4319140.343, 65
Trd, 4319141.943, 61
Trd, 4319142.343, 66
Trd, 4319143.043, 60
Trd, 4319143.893, 64
Trd, 4319144.743, 76
Trd, 4319145.043, 60
Trd, 4319146.093, 60
Trd, 4319146.793, 60
Trd, 4319147.793, 60
Trd, 4319147.943, 65
Trd, 4319148.243, 69
Trd, 4319148.943, 64
Trd, 4319149.343, 62
Trd, 4319149.793, 62
Trd, 4319150.493, 60
Trd, 4319151.143, 61
Trd, 4319151.943, 140
Trd, 4319152.293, 140
Trd, 4319152.893, 140
Trd, 4319153.693, 140
Trd, 4319153.993, 140
Trd, 4319154.193, 140
Trd, 4319154.643, 76
Trd, 4319156.043, 60
Trd, 4319156.793, 140
Trd, 4319158.243, 140
Trd, 4319158.343, 140
Trd, 4319158.493, 140
Trd, 4319160.043, 140
Trd, 4319160.743, 138
Trd, 4319160.843, 137
Trd, 4319161.443, 139
Trd, 4319163.143, 140
Trd, 4319163.643, 139
Trd, 4319163.843, 78
Trd, 4319164.343, 140
Trd, 4319164.693, 60
Trd, 4319165.443, 60
Trd, 4319165.743, 60
Trd, 4319166.643, 63
Trd, 4319167.093, 64
Trd, 4319167.593, 66
Trd, 4319168.543, 64
Trd, 4319169.593, 60
Trd, 4319170.293, 63
Trd, 4319170.543, 121
Trd, 4319171.243, 65
Trd, 4319171.893, 68
Trd, 4319172.143, 137
Trd, 4319172.243, 66
Trd, 4319173.143, 138
Trd, 4319173.343, 137
Trd, 4319173.743, 136
Trd, 4319174.693, 139
Trd, 4319174.743, 64
Trd, 4319174.993, 130
Trd, 4319176.743, 62
Trd, 4319176.843, 64
Trd, 4319176.993, 140
Trd, 4319178.843, 136
Trd, 4319179.593, 108
Trd, 4319179.893, 109
Trd, 4319179.993, 108
Trd, 4319180.343, 107
Trd, 4319181.093, 101
Trd, 4319182.243, 66
Trd, 4319182.393, 71
Trd, 4319182.543, 139
Trd, 4319182.793, 63
Trd, 4319183.143, 72
Trd, 4319183.893, 139
Trd, 4319184.943, 84
Trd, 4319185.493, 83
Trd, 4319185.793, 68
Trd, 4319186.193, 65
Trd, 4319187.443, 139
Trd, 4319188.743, 140
Trd, 4319189.093, 140
Trd, 4319189.493, 140
Trd, 4319190.043, 140
Trd, 4319191.343, 140
Trd, 4319191.943, 140
Trd, 4319192.343, 140
Trd, 4319192.543, 124
Trd, 4319194.093, 64
Trd, 4319194.443, 140
Trd, 4319194.743, 140
Trd, 4319194.993, 140
Trd, 4319195.543, 140
Trd, 4319196.943, 140
Trd, 4319198.143, 140
Trd, 4319198.493, 140
Trd, 4319198.743, 140
Trd, 4319199.093, 140
Trd, 4319199.193, 140
Trd, 4319199.393, 139
Trd, 4319200.843, 138
Trd, 4319200.893, 132
Trd, 4319201.893, 140
Trd, 4319202.893, 140
Trd, 4319203.343, 140
Trd, 4319204.343, 140
Trd, 4319204.993, 69
Trd, 4319205.443, 60
Trd, 4319205.543, 115
Trd, 4319206.193, 140
Trd, 4319206.893, 140
Trd, 4319207.593, 140
Trd, 4319207.793, 140
Trd, 4319208.743, 75
Trd, 4319209.093, 139
Trd, 4319210.593, 137
Trd, 4319212.093, 140
Trd, 4319212.693, 140
Trd, 4319212.743, 140
Trd, 4319212.793, 140
Trd, 4319213.543, 139
Trd, 4319214.843, 111
Trd, 4319215.093, 139
Trd, 4319215.793, 137
Trd, 4319216.143, 111
Trd, 4319217.543, 140
Trd, 4319217.593, 134
Trd, 4319217.693, 133
Trd, 4319219.193, 140
Trd, 4319219.393, 140
Trd, 4319220.193, 140
Trd, 4319220.443, 107
Trd, 4319221.793, 140
Trd, 4319221.843, 140
Trd, 4319222.043, 137
Trd, 4319222.093, 135
Trd, 4319224.193, 84
Trd, 4319224.893, 77
Trd, 4319225.043, 76
Trd, 4319225.293, 75
Trd, 4319226.443, 140
Trd, 4319226.743, 63
Trd, 4319227.293, 65
Trd, 4319227.943, 71
Trd, 4319228.793, 140
Trd, 4319229.443, 140
Trd, 4319229.493, 140
Trd, 4319229.743, 140
Trd, 4319230.793, 140
Trd, 4319231.793, 135
Trd, 4319232.793, 60
Trd, 4319233.243, 62
Trd, 4319233.793, 62
Trd, 4319233.943, 62
Trd, 4319234.293, 74
Trd, 4319235.493, 140
Trd, 4319236.543, 140
Trd, 4319236.993, 140
Trd, 4319237.493, 140
Trd, 4319238.293, 140
Trd, 4319239.293, 140
Trd, 4319239.493, 140
Trd, 4319239.693, 60
Trd, 4319240.643, 91
Trd, 4319241.593, 70
Trd, 4319241.793, 70
Trd, 4319243.843, 68
Trd, 4319243.893, 80
Trd, 4319244.493, 140
Trd, 4319244.993, 60
Trd, 4319245.193, 61
Trd, 4319245.843, 140
Trd, 4319246.643, 140
Trd, 4319247.293, 140
Trd, 4319247.843, 138
Trd, 4319248.193, 138
Trd, 4319248.693, 140
Trd, 4319249.143, 140
Trd, 4319249.893, 138
Trd, 4319250.343, 65
Trd, 4319250.843, 61
Trd, 4319251.343, 60
Trd, 4319252.993, 62
Trd, 4319253.193, 63
Trd, 4319253.643, 65
Trd, 4319254.593, 63
Trd, 4319254.893, 65
Trd, 4319255.743, 140
Trd, 4319255.893, 140
Trd, 4319255.943, 140
Trd, 4319257.593, 61
Trd, 4319259.093, 61
Trd, 4319259.493, 61
Trd, 4319259.593, 60
Trd, 4319260.593, 60
Trd, 4319261.143, 62
Trd, 4319261.193, 79
Trd, 4319262.843, 61
Trd, 4319263.543, 69
Trd, 4319264.893, 140
Trd, 4319265.493, 140
Trd, 4319265.593, 140
Trd, 4319265.793, 139
Trd, 4319266.643, 140
Trd, 4319267.443, 88
Trd, 4319268.243, 139
Trd, 4319268.593, 104
Trd, 4319270.043, 101
Trd, 4319270.393, 100
Trd, 4319270.543, 96
Trd, 4319270.943, 140
Trd, 4319271.093, 140
Trd, 4319271.543, 138
Trd, 4319272.543, 62
Trd, 4319272.843, 66
Trd, 4319273.143, 74
Trd, 4319274.143, 63
Trd, 4319275.193, 64
Trd, 4319275.693, 67
Trd, 4319276.943, 140
Trd, 4319277.793, 140
Trd, 4319277.993, 140
Trd, 4319278.043, 140
Trd, 4319278.493, 140
Trd, 4319278.543, 140
Trd, 4319280.143, 140
Trd, 4319280.643, 62
Trd, 4319281.593, 62
Trd, 4319281.843, 139
Trd, 4319282.643, 65
Trd, 4319283.393, 138
Trd, 4319283.843, 66
Trd, 4319283.993, 68
Trd, 4319285.443, 84
Trd, 4319286.443, 139
Trd, 4319286.693, 140
Trd, 4319287.343, 138
Trd, 4319287.493, 137
Trd, 4319288.143, 140
Trd, 4319288.643, 127
Trd, 4319289.243, 124
Trd, 4319289.793, 140
Trd, 4319290.093, 140
Trd, 4319290.193, 102
Trd, 4319291.593, 66
Trd, 4319292.143, 60
Trd, 4319292.593, 63
Trd, 4319294.143, 60
Trd, 4319294.443, 63
Trd, 4319294.943, 85
Trd, 4319295.493, 63
Trd, 4319295.943, 73
Trd, 4319296.243, 74
Trd, 4319296.993, 75
Trd, 4319298.993, 74
Trd, 4319299.393, 74
Trd, 4319299.443, 73
Trd, 4319299.943, 121
Trd, 4319300.393, 122
Trd, 4319301.143, 140
Trd, 4319302.293, 60
Trd, 4319302.543, 122
Trd, 4319304.843, 60
Trd, 4319305.543, 60
Trd, 4319305.793, 64
Trd, 4319306.993, 60
Trd, 4319307.143, 60
Trd, 4319308.143, 61
Trd, 4319309.043, 60
Trd, 4319310.893, 62
Trd, 4319310.943, 64
Trd, 4319311.193, 61
Trd, 4319311.293, 62
Trd, 4319311.793, 62
Trd, 4319311.893, 63
Trd, 4319312.493, 140
Trd, 4319313.043, 138
Trd, 4319313.093, 137
Trd, 4319313.893, 77
Trd, 4319314.743, 139
Trd, 4319315.943, 140
Trd, 4319316.143, 139
Trd, 4319318.043, 60
Trd, 4319319.293, 62
Trd, 4319319.943, 61
Trd, 4319319.993, 63
Trd, 4319320.393, 64
Trd, 4319320.593, 62
Trd, 4319321.543, 68
Trd, 4319322.543, 61
Trd, 4319322.843, 62
Trd, 4319323.593, 66
Trd, 4319326.643, 60
Trd, 4319326.993, 62
Trd, 4319327.893, 60
Trd, 4319328.143, 60
Trd, 4319328.443, 64
Trd, 4319330.343, 60
Trd, 4319330.943, 60
Trd, 4319331.443, 61
Trd, 4319331.643, 60
Trd, 4319332.343, 62
Trd, 4319332.593, 64
Trd, 4319333.093, 62
Trd, 4319334.143, 65
Trd, 4319334.593, 66
Trd, 4319336.543, 63
Trd, 4319336.743, 60
Trd, 4319337.443, 61
Trd, 4319337.843, 63
Trd, 4319339.193, 60
Trd, 4319339.493, 68
Trd, 4319340.143, 69
Trd, 4319340.643, 60
Trd, 4319342.643, 60
Trd, 4319343.193, 60
Trd, 4319343.293, 62
Trd, 4319343.793, 62
Trd, 4319344.043, 62
Trd, 4319344.543, 62
Trd, 4319345.493, 72
Trd, 4319345.893, 64
Trd, 4319346.193, 61
Trd, 4319346.543, 72
Trd, 4319347.593, 119
Trd, 4319348.393, 139
Trd, 4319351.343, 61
Trd, 4319351.993, 62
Trd, 4319352.093, 62
Trd, 4319353.443, 61
Trd, 4319353.943, 61
Trd, 4319355.193, 60
Trd, 4319356.143, 61
Trd, 4319356.193, 64
Trd, 4319356.743, 64
Trd, 4319357.243, 61
Trd, 4319358.243, 61
Trd, 4319358.843, 62
Trd, 4319358.943, 60
Trd, 4319359.443, 140
Trd, 4319361.543, 65
Trd, 4319361.893, 139
Trd, 4319362.293, 139
Trd, 4319363.093, 140
Trd, 4319363.343, 140
Trd, 4319363.543, 139
Trd, 4319363.893, 138
Trd, 4319364.593, 140
Trd, 4319364.793, 81
Trd, 4319364.993, 137
Trd, 4319366.843, 61
Trd, 4319368.293, 60
Trd, 4319369.143, 60
Trd, 4319369.343, 62
Trd, 4319369.443, 64
Trd, 4319370.243, 139
Trd, 4319371.143, 60
Trd, 4319371.593, 62
Trd, 4319372.293, 61
Trd, 4319373.043, 120
Trd, 4319373.093, 119
Trd, 4319374.143, 62
Trd, 4319375.843, 63
Trd, 4319376.143, 65
Trd, 4319376.493, 65
Trd, 4319376.843, 66
Trd, 4319377.693, 67
Trd, 4319378.293, 140
Trd, 4319379.793, 140
Trd, 4319380.893, 140
Trd, 4319380.943, 140
Trd, 4319381.343, 140
Trd, 4319381.793, 140
Trd, 4319382.093, 139
Trd, 4319383.243, 140
Trd, 4319383.993, 140
Trd, 4319384.743, 138
Trd, 4319384.943, 140
Trd, 4319385.243, 131
Trd, 4319386.093, 138
Trd, 4319386.943, 85
Trd, 4319387.243, 112
Trd, 4319387.443, 84
Trd, 4319389.093, 67
Trd, 4319389.293, 60
Trd, 4319389.393, 61
Trd, 4319392.693, 61
Trd, 4319392.943, 61
Trd, 4319393.693, 62
Trd, 4319393.843, 61
Trd, 4319395.943, 61
Trd, 4319395.993, 62
Trd, 4319396.393, 62
Trd, 4319396.593, 63
Trd, 4319397.493, 60
Trd, 4319397.743, 61
Trd, 4319398.143, 61
Trd, 4319398.243, 66
Trd, 4319398.643, 62
Trd, 4319399.743, 61
Trd, 4319400.293, 61
Trd, 4319402.543, 60
Trd, 4319403.143, 60
Trd, 4319403.343, 60
Trd, 4319403.693, 65
Trd, 4319403.843, 75
Trd, 4319406.143, 60
Trd, 4319406.293, 61
Trd, 4319406.393, 61
Trd, 4319407.293, 61
Trd, 4319408.743, 60
Trd, 4319409.793, 61
Trd, 4319410.193, 62
Trd, 4319410.743, 63
Trd, 4319410.843, 62
Trd, 4319410.893, 67
Trd, 4319411.793, 65
Trd, 4319412.593, 66
Trd, 4319413.193, 61
Trd, 4319414.293, 60
Trd, 4319414.493, 124
Trd, 4319416.443, 64
Trd, 4319416.893, 73
Trd, 4319417.293, 63
Trd, 4319417.643, 63
Trd, 4319418.293, 63
Trd, 4319418.893, 61
Trd, 4319419.293, 140
Trd, 4319420.793, 63
Trd, 4319421.243, 65
Trd, 4319421.293, 66
Trd, 4319423.043, 62
Trd, 4319423.293, 136
Trd, 4319423.593, 100
Trd, 4319423.793, 138
Trd, 4319425.243, 138
Trd, 4319426.793, 60
Trd, 4319427.543, 60
Trd, 4319427.593, 63
Trd, 4319428.043, 60
Trd, 4319428.943, 60
Trd, 4319430.193, 60
Trd, 4319431.193, 60
Trd, 4319431.493, 60
Trd, 4319431.793, 62
Trd, 4319432.443, 63
Trd, 4319432.743, 65
Trd, 4319432.843, 64
Trd, 4319433.393, 61
Trd, 4319434.393, 126
Trd, 4319434.893, 125
Trd, 4319435.443, 138
Trd, 4319435.793, 113
Trd, 4319436.393, 113
Trd, 4319436.743, 112
Trd, 4319437.043, 111
Trd, 4319437.893, 62
Trd, 4319439.093, 66
Trd, 4319439.193, 62
Trd, 4319440.143, 63
Trd, 4319441.593, 140
Trd, 4319441.893, 140
Trd, 4319442.493, 140
Trd, 4319443.793, 139
Trd, 4319445.043, 140
Trd, 4319445.293, 139
Trd, 4319445.443, 61
Trd, 4319446.593, 139
Trd, 4319447.343, 140
Trd, 4319448.993, 140
Trd, 4319449.343, 140
Trd, 4319449.793, 139
Trd, 4319450.393, 140
Trd, 4319450.893, 140
Trd, 4319450.993, 140
Trd, 4319451.893, 140
Trd, 4319452.943, 140
Trd, 4319453.243, 94
Trd, 4319453.543, 94
Trd, 4319453.693, 93
Trd, 4319454.993, 140
Trd, 4319455.043, 139
Trd, 4319455.893, 138
Trd, 4319456.493, 110
Trd, 4319457.393, 60
Trd, 4319459.193, 63
Trd, 4319459.593, 61
Trd, 4319460.993, 140
Trd, 4319461.443, 140
Trd, 4319461.593, 140
Trd, 4319462.543, 140
Trd, 4319463.143, 140
Trd, 4319463.443, 139
Trd, 4319464.443, 140
Trd, 4319464.893, 140
Trd, 4319464.943, 139
Trd, 4319465.493, 69
Trd, 4319465.593, 78
Trd, 4319465.993, 62
Trd, 4319467.393, 140
Trd, 4319467.843, 100
Trd, 4319467.943, 98
Trd, 4319468.743, 60
Trd, 4319468.893, 64
Trd, 4319471.093, 139
Trd, 4319472.093, 140
Trd, 4319472.143, 140
Trd, 4319472.793, 140
Trd, 4319473.393, 140
Trd, 4319474.343, 140
Trd, 4319474.793, 139
Trd, 4319475.493, 90
Trd, 4319476.093, 116
Trd, 4319476.343, 90
Trd, 4319478.543, 140
Trd, 4319479.143, 137
Trd, 4319480.143, 138
Trd, 4319480.243, 137
Trd, 4319480.293, 91
Trd, 4319480.943, 97
Trd, 4319482.243, 60
Trd, 4319482.843, 61
Trd, 4319484.293, 60
Trd, 4319484.793, 60
Trd, 4319485.093, 64
Trd, 4319486.093, 61
Trd, 4319487.143, 60
Trd, 4319487.343, 60
Trd, 4319487.393, 64
Trd, 4319488.893, 67
Trd, 4319489.393, 138
Trd, 4319489.443, 65
Trd, 4319490.693, 64
Trd, 4319490.943, 67
Trd, 4319491.693, 140
Trd, 4319491.743, 138
Trd, 4319492.693, 138
Trd, 4319493.043, 138
Trd, 4319493.743, 137
Trd, 4319495.193, 88
Trd, 4319495.243, 121
Trd, 4319496.093, 136
Trd, 4319496.293, 122
Trd, 4319497.293, 140
Trd, 4319497.793, 140
Trd, 4319498.343, 140
Trd, 4319498.393, 132
Trd, 4319498.893, 109
Trd, 4319500.093, 90
Trd, 4319500.693, 65
Trd, 4319500.793, 66
Trd, 4319501.643, 68
Trd, 4319503.293, 64
Trd, 4319503.943, 116
Trd, 4319504.343, 68
Trd, 4319504.793, 126
Trd, 4319505.343, 125
Trd, 4319505.943, 139
Trd, 4319506.093, 77
Trd, 4319507.993, 60
Trd, 4319509.343, 63
Trd, 4319510.193, 60
Trd, 4319511.343, 62
Trd, 4319511.543, 67
Trd, 4319513.693, 60
Trd, 4319514.343, 61
Trd, 4319514.693, 60
Trd, 4319515.493, 62
Trd, 4319515.643, 63
Trd, 4319516.343, 60
Trd, 4319516.543, 66
Trd, 4319518.293, 64
Trd, 4319518.443, 64
Trd, 4319519.893, 140
Trd, 4319520.643, 138
Trd, 4319520.793, 74
Trd, 4319521.943, 140
Trd, 4319522.043, 134
Trd, 4319522.143, 138
Trd, 4319522.343, 133
Trd, 4319522.843, 140
Trd, 4319524.143, 94
Trd, 4319524.443, 91
Trd, 4319525.293, 62
Trd, 4319527.043, 60
Trd, 4319528.393, 62
Trd, 4319528.893, 62
Trd, 4319529.793, 66
Trd, 4319531.043, 61
Trd, 4319531.143, 64
Trd, 4319531.493, 60
Trd, 4319532.243, 129
Trd, 4319532.443, 62
Trd, 4319532.643, 61
Trd, 4319532.843, 82
Trd, 4319533.543, 65
Trd, 4319534.643, 66
Trd, 4319535.193, 66
Trd, 4319535.593, 140
Trd, 4319535.643, 65
Trd, 4319535.893, 61
Trd, 4319536.893, 68
Trd, 4319538.143, 62
Trd, 4319539.093, 63
Trd, 4319539.643, 65
Trd, 4319539.793, 60
Trd, 4319540.193, 140
Trd, 4319541.193, 140
Trd, 4319541.293, 140
Trd, 4319542.093, 140
Trd, 4319542.543, 140
Trd, 4319543.343, 80
Trd, 4319544.293, 61
Trd, 4319545.143, 61
Trd, 4319545.493, 60
Trd, 4319545.543, 62
Trd, 4319546.393, 66
Trd, 4319548.243, 62
Trd, 4319548.943, 63
Trd, 4319549.893, 69
Trd, 4319550.143, 75
Trd, 4319550.343, 140
Trd, 4319550.993, 139
Trd, 4319552.543, 61
Trd, 4319552.693, 63
Trd, 4319553.243, 60
Trd, 4319553.693, 66
Trd, 4319554.143, 140
Trd, 4319555.993, 61
Trd, 4319556.493, 61
Trd, 4319556.893, 62
Trd, 4319557.493, 90
Trd, 4319557.893, 140
Trd, 4319558.093, 115
Trd, 4319558.393, 140
Trd, 4319558.793, 140
Trd, 4319559.043, 140
Trd, 4319560.143, 109
Trd, 4319562.043, 114
Trd, 4319562.793, 140
Trd, 4319562.893, 140
Trd, 4319563.393, 140
Trd, 4319563.743, 140
Trd, 4319564.893, 140
Trd, 4319565.843, 139
Trd, 4319565.943, 109
Trd, 4319566.343, 95
Trd, 4319566.943, 140
Trd, 4319567.643, 136
Trd, 4319569.043, 137
Trd, 4319570.243, 140
Trd, 4319570.293, 140
Trd, 4319571.043, 136
Trd, 4319571.193, 135
Trd, 4319572.393, 140
Trd, 4319572.643, 140
Trd, 4319573.243, 140
Trd, 4319573.493, 140
Trd, 4319574.443, 140
Trd, 4319574.643, 140
Trd, 4319575.593, 140
Trd, 4319575.843, 140
Trd, 4319575.943, 139
Trd, 4319576.893, 139
Trd, 4319577.743, 137
Trd, 4319578.593, 61
Trd, 4319579.643, 62
Trd, 4319580.443, 63
Trd, 4319581.643, 60
Trd, 4319581.943, 63
Trd, 4319583.043, 61
Trd, 4319583.793, 60
Trd, 4319584.793, 60
Trd, 4319585.393, 122
Trd, 4319585.893, 85
Trd, 4319585.943, 84
Trd, 4319587.793, 140
Trd, 4319588.143, 140
Trd, 4319588.243, 140
Trd, 4319588.743, 140
Trd, 4319589.043, 140
Trd, 4319589.543, 67
Trd, 4319589.743, 63
Trd, 4319591.393, 60
Trd, 4319591.843, 61
Trd, 4319592.643, 61
Trd, 4319593.643, 140
Trd, 4319594.893, 140
Trd, 4319595.243, 140
Trd, 4319595.543, 140
Trd, 4319596.093, 140
Trd, 4319596.243, 140
Trd, 4319596.993, 60
Trd, 4319597.443, 61
Trd, 4319597.993, 67
Trd, 4319598.143, 63
Trd, 4319598.843, 60
Trd, 4319599.593, 60
Trd, 4319600.243, 63
Trd, 4319601.743, 140
Trd, 4319602.043, 140
Trd, 4319602.443, 140
Trd, 4319602.693, 102
Trd, 4319603.493, 63
Trd, 4319604.093, 80
Trd, 4319605.393, 60
Trd, 4319606.843, 60
Trd, 4319607.043, 61
Trd, 4319607.893, 60
Trd, 4319608.793, 61
Trd, 4319610.043, 61
Trd, 4319610.093, 66
Trd, 4319610.643, 65
Trd, 4319610.943, 64
Trd, 4319611.693, 139
Trd, 4319612.943, 63
Trd, 4319613.393, 70
Trd, 4319613.693, 140
Trd, 4319615.393, 65
Trd, 4319616.043, 60
Trd, 4319616.393, 72
Trd, 4319617.493, 61
Trd, 4319618.943, 61
Trd, 4319619.293, 62
Trd, 4319621.393, 60
Trd, 4319621.943, 61
Trd, 4319622.593, 60
Trd, 4319622.993, 60
Trd, 4319623.143, 62
Trd, 4319623.443, 63
Trd, 4319623.943, 60
Trd, 4319625.143, 61
Trd, 4319625.293, 61
Trd, 4319625.543, 62
Trd, 4319625.993, 64
Trd, 4319626.593, 140
Trd, 4319626.843, 140
Trd, 4319627.043, 61
Trd, 4319628.793, 60
Trd, 4319630.543, 72
Trd, 4319631.193, 76
Trd, 4319633.093, 60
Trd, 4319633.743, 60
Trd, 4319633.793, 61
Trd, 4319633.843, 61
Trd, 4319635.643, 60
Trd, 4319635.993, 60
Trd, 4319636.343, 64
Trd, 4319637.693, 61
Trd, 4319639.043, 61
Trd, 4319639.293, 61
Trd, 4319640.193, 60
Trd, 4319640.943, 62
Trd, 4319640.993, 62
Trd, 4319641.543, 62
Trd, 4319641.893, 63
Trd, 4319641.943, 66
Trd, 4319643.793, 140
Trd, 4319643.943, 140
Trd, 4319645.243, 140
Trd, 4319645.493, 140
Trd, 4319645.693, 140
Trd, 4319645.893, 139
Trd, 4319647.293, 140
Trd, 4319648.593, 84
Trd, 4319649.393, 83
Trd, 4319650.043, 75
Trd, 4319650.243, 67
Trd, 4319650.693, 61
Trd, 4319650.993, 76
Trd, 4319651.943, 60
Trd, 4319652.393, 140
Trd, 4319653.143, 140
Trd, 4319653.443, 140
Trd, 4319653.943, 140
Trd, 4319653.993, 140
Trd, 4319654.893, 119
Trd, 4319655.493, 60
Trd, 4319656.193, 73
Trd, 4319657.943, 60
Trd, 4319658.243, 62
Trd, 4319659.343, 66
Trd, 4319660.093, 111
Trd, 4319660.493, 140
Trd, 4319660.893, 111
Trd, 4319661.543, 114
Trd, 4319661.743, 113
Trd, 4319661.943, 99
Trd, 4319662.843, 140
Trd, 4319663.243, 140
Trd, 4319664.443, 140
Trd, 4319665.393, 140
Trd, 4319665.993, 140
Trd, 4319666.343, 140
Trd, 4319666.493, 140
Trd, 4319666.743, 140
Trd, 4319666.993, 140
Trd, 4319668.343, 140
Trd, 4319668.543, 139
Trd, 4319669.293, 103
Trd, 4319669.643, 60
Trd, 4319670.693, 60
Trd, 4319671.893, 135
Trd, 4319672.043, 139
Trd, 4319672.393, 61
Trd, 4319673.043, 61
Trd, 4319673.693, 92
Trd, 4319673.943, 63
Trd, 4319674.593, 60
Trd, 4319675.493, 91
Trd, 4319675.743, 138
Trd, 4319676.293, 139
Trd, 4319677.893, 61
Trd, 4319678.893, 61
Trd, 4319680.243, 63
Trd, 4319680.293, 61
Trd, 4319681.143, 140
Trd, 4319682.493, 61
Trd, 4319683.843, 60
Trd, 4319684.193, 63
Trd, 4319684.493, 64
Trd, 4319685.393, 64
Trd, 4319685.843, 62
Trd, 4319686.243, 61
Trd, 4319687.793, 60
Trd, 4319688.493, 60
Trd, 4319688.743, 60
Trd, 4319689.443, 64
Trd, 4319690.993, 61
Trd, 4319691.743, 61
Trd, 4319692.193, 61
Trd, 4319692.593, 61
Trd, 4319692.993, 64
Trd, 4319693.943, 72
Trd, 4319694.343, 65
Trd, 4319695.043, 65
Trd, 4319695.393, 64
Trd, 4319695.493, 63
Trd, 4319696.543, 140
Trd, 4319697.193, 140
Trd, 4319698.243, 65
Trd, 4319698.793, 61
Trd, 4319699.543, 66
Trd, 4319700.443, 140
Trd, 4319700.493, 140
Trd, 4319700.993, 140
Trd, 4319701.643, 140
Trd, 4319701.793, 140
Trd, 4319702.293, 140
Trd, 4319702.893, 79
Trd, 4319704.943, 60
Trd, 4319705.193, 60
Trd, 4319705.893, 60
Trd, 4319706.193, 60
Trd, 4319706.493, 61
Trd, 4319707.243, 64
Trd, 4319707.943, 140
Trd, 4319708.043, 140
Trd, 4319708.543, 140
Trd, 4319708.743, 139
Trd, 4319708.893, 138
Trd, 4319710.543, 140
Trd, 4319710.693, 138
Trd, 4319710.743, 84
Trd, 4319714.193, 62
Trd, 4319714.293, 63
Trd, 4319715.043, 65
Trd, 4319715.443, 60
Trd, 4319716.893, 61
Trd, 4319717.343, 63
Trd, 4319718.293, 140
Trd, 4319718.593, 140
Trd, 4319719.343, 140
Trd, 4319719.393, 140
Trd, 4319719.543, 139
Trd, 4319720.043, 138
Trd, 4319721.093, 139
Trd, 4319721.843, 140
Trd, 4319721.943, 140
Trd, 4319723.843, 140
Trd, 4319724.743, 140
Trd, 4319724.893, 140
Trd, 4319725.043, 138
Trd, 4319725.593, 139
Trd, 4319725.743, 139
Trd, 4319726.593, 139
Trd, 4319727.843, 140
Trd, 4319728.743, 139
Trd, 4319728.893, 140
Trd, 4319729.393, 138
Trd, 4319729.493, 136
Trd, 4319729.943, 64
Trd, 4319731.243, 64
Trd, 4319732.393, 60
Trd, 4319732.843, 61
Trd, 4319734.243, 65
Trd, 4319734.443, 66
Trd, 4319734.593, 70
Trd, 4319734.893, 71
Trd, 4319735.293, 86
Trd, 4319736.343, 139
Trd, 4319737.493, 140
Trd, 4319737.593, 140
Trd, 4319738.293, 140
Trd, 4319738.643, 139
Trd, 4319739.593, 140
Trd, 4319739.643, 139
Trd, 4319740.293, 138
Trd, 4319740.393, 63
Trd, 4319740.543, 64
Trd, 4319741.593, 140
Trd, 4319741.993, 139
Trd, 4319743.043, 78
Trd, 4319743.443, 137
Trd, 4319744.293, 95
Trd, 4319744.393, 69
Trd, 4319746.443, 61
Trd, 4319747.893, 64
Trd, 4319748.743, 69
Trd, 4319749.293, 63
Trd, 4319750.143, 140
Trd, 4319750.343, 140
Trd, 4319750.443, 97
Trd, 4319750.593, 62
Trd, 4319751.793, 60
Trd, 4319752.193, 62
Trd, 4319752.443, 140
Trd, 4319752.843, 140
Trd, 4319754.993, 140
Trd, 4319755.143, 140
Trd, 4319755.693, 140
Trd, 4319757.393, 140
Trd, 4319757.743, 140
Trd, 4319758.093, 139
Trd, 4319758.443, 139
Trd, 4319759.143, 68
Trd, 4319759.743, 140
Trd, 4319760.543, 72
Trd, 4319761.543, 65
Trd, 4319761.843, 63
Trd, 4319761.943, 67
Trd, 4319763.143, 140
Trd, 4319763.893, 140
Trd, 4319764.643, 139
Trd, 4319764.893, 140
Trd, 4319765.593, 140
Trd, 4319766.143, 140
Trd, 4319766.293, 140
Trd, 4319767.043, 140
Trd, 4319767.093, 140
Trd, 4319767.193, 99
Trd, 4319768.143, 83
Trd, 4319768.593, 139
Trd, 4319770.193, 140
Trd, 4319771.093, 140
Trd, 4319771.493, 140
Trd, 4319772.043, 140
Trd, 4319773.343, 140
Trd, 4319773.893, 140
Trd, 4319775.693, 140
Trd, 4319775.743, 140
Trd, 4319775.893, 140
Trd, 4319776.943, 139
Trd, 4319777.543, 140
Trd, 4319778.443, 140
Trd, 4319779.043, 139
Trd, 4319779.193, 138
Trd, 4319779.943, 140
Trd, 4319780.393, 140
Trd, 4319781.243, 140
Trd, 4319781.443, 140
Trd, 4319781.993, 138
Trd, 4319782.543, 140
Trd, 4319782.993, 104
Trd, 4319785.143, 60
Trd, 4319785.243, 62
Trd, 4319787.393, 60
Trd, 4319788.343, 60
Trd, 4319788.743, 60
Trd, 4319789.143, 61
Trd, 4319789.693, 60
Trd, 4319791.393, 60
Trd, 4319791.493, 60
Trd, 4319791.593, 60
Trd, 4319791.693, 61
Trd, 4319792.393, 65
Trd, 4319793.243, 60
Trd, 4319793.693, 61
Trd, 4319794.193, 67
Trd, 4319795.093, 60
Trd, 4319796.043, 139
Trd, 4319796.343, 137
Trd, 4319796.543, 103
Trd, 4319798.443, 61
Trd, 4319799.743, 60
Trd, 4319799.843, 60
Trd, 4319799.943, 62
Trd, 4319800.543, 60
Trd, 4319800.843, 66
Trd, 4319801.943, 140
Trd, 4319801.993, 140
Trd, 4319802.643, 140
Trd, 4319803.743, 138
Trd, 4319803.893, 106
Trd, 4319805.243, 62
Trd, 4319805.543, 140
Trd, 4319805.843, 139
Trd, 4319807.093, 60
Trd, 4319807.543, 60
Trd, 4319807.843, 60
Trd, 4319808.443, 62
Trd, 4319809.293, 60
Trd, 4319809.843, 63
Trd, 4319811.693, 60
Trd, 4319811.843, 60
Trd, 4319811.893, 61
Trd, 4319812.443, 64
Trd, 4319813.443, 63
Trd, 4319813.693, 64
Trd, 4319814.243, 69
Trd, 4319814.643, 65
Trd, 4319814.793, 65
Trd, 4319815.593, 140
Trd, 4319816.293, 138
Trd, 4319817.393, 61
Trd, 4319817.943, 60
Trd, 4319818.693, 67
Trd, 4319820.193, 60
Trd, 4319821.143, 60
Trd, 4319821.543, 65
Trd, 4319823.143, 60
Trd, 4319823.743, 64
Trd, 4319824.393, 68
Trd, 4319826.593, 63
Trd, 4319826.643, 65
Trd, 4319827.543, 61
Trd, 4319828.543, 60
Trd, 4319829.743, 60
Trd, 4319829.843, 60
Trd, 4319830.143, 62
Trd, 4319831.643, 63
Trd, 4319832.493, 69
Trd, 4319833.993, 61
Trd, 4319834.143, 62
Trd, 4319835.443, 140
Trd, 4319835.793, 140
Trd, 4319836.393, 140
Trd, 4319836.493, 140
Trd, 4319837.293, 140
Trd, 4319837.493, 140
Trd, 4319838.493, 140
Trd, 4319838.643, 140
Trd, 4319839.693, 137
Trd, 4319839.793, 136
Trd, 4319840.493, 99
Trd, 4319841.643, 119
Trd, 4319841.843, 126
Trd, 4319842.543, 140
Trd, 4319842.793, 61
Trd, 4319844.643, 64
Trd, 4319844.843, 67
Trd, 4319844.993, 133
Trd, 4319845.193, 63
Trd, 4319846.293, 62
Trd, 4319846.443, 76
Trd, 4319847.093, 60
Trd, 4319848.343, 140
Trd, 4319850.643, 60
Trd, 4319850.793, 61
Trd, 4319851.043, 61
Trd, 4319851.243, 61
Trd, 4319851.393, 64
Trd, 4319851.443, 66
Trd, 4319852.743, 63
Trd, 4319853.843, 68
Trd, 4319854.193, 67
Trd, 4319856.893, 61
Trd, 4319857.043, 62
Trd, 4319858.593, 60
Trd, 4319858.893, 66
Trd, 4319859.843, 60
Trd, 4319859.943, 65
Trd, 4319861.293, 140
Trd, 4319861.493, 140
Trd, 4319862.243, 110
Trd, 4319863.143, 65
Trd, 4319863.493, 63
Trd, 4319864.093, 140
Trd, 4319864.443, 75
Trd, 4319865.243, 140
Trd, 4319865.343, 140
Trd, 4319866.393, 139
Trd, 4319867.343, 140
Trd, 4319867.693, 140
Trd, 4319868.393, 140
Trd, 4319869.143, 140
Trd, 4319869.243, 139
Trd, 4319870.343, 139
Trd, 4319870.593, 140
Trd, 4319871.543, 140
Trd, 4319872.543, 140
Trd, 4319873.693, 140
Trd, 4319873.843, 139
Trd, 4319873.993, 140
Trd, 4319874.043, 77
Trd, 4319874.943, 62
Trd, 4319874.993, 65
Trd, 4319875.443, 62
Trd, 4319876.543, 69
Trd, 4319877.743, 62
Trd, 4319879.393, 61
Trd, 4319880.493, 60
Trd, 4319881.093, 61
Trd, 4319881.293, 72
Trd, 4319882.043, 70
Trd, 4319882.093, 69
Trd, 4319882.443, 68
Trd, 4319882.743, 97
Trd, 4319884.743, 140
Trd, 4319886.643, 140
Trd, 4319886.693, 140
Trd, 4319886.793, 139
Trd, 4319887.093, 140
Trd, 4319887.643, 140
Trd, 4319887.993, 140
Trd, 4319888.643, 140
Trd, 4319889.043, 139
Trd, 4319891.393, 140
Trd, 4319891.593, 140
Trd, 4319891.943, 140
Trd, 4319892.493, 139
Trd, 4319893.493, 139
Trd, 4319893.593, 138
Trd, 4319894.993, 138
Trd, 4319895.393, 87
Trd, 4319896.293, 62
Trd, 4319896.343, 61
Trd, 4319897.193, 106
Trd, 4319897.843, 69
Trd, 4319899.043, 140
Trd, 4319899.843, 139
Trd, 4319900.593, 140
Trd, 4319900.843, 140
Trd, 4319900.943, 140
Trd, 4319901.343, 140
Trd, 4319902.043, 139
Trd, 4319902.943, 140
Trd, 4319903.493, 140
Trd, 4319903.543, 66
Trd, 4319904.593, 104
Trd, 4319905.493, 133
Trd, 4319906.743, 61
Trd, 4319907.543, 64
Trd, 4319907.843, 70
Trd, 4319908.343, 64
Trd, 4319908.493, 134
Trd, 4319910.193, 140
Trd, 4319911.393, 140
Trd, 4319911.443, 140
Trd, 4319911.593, 81
Trd, 4319913.093, 140
Trd, 4319913.393, 140
Trd, 4319913.493, 139
Trd, 4319913.543, 124
Trd, 4319914.543, 60
Trd, 4319915.493, 76
Trd, 4319915.893, 138
Trd, 4319916.243, 61
Trd, 4319916.743, 63
Trd, 4319917.493, 63
Trd, 4319917.843, 63
Trd, 4319918.093, 60
Trd, 4319918.943, 140
Trd, 4319919.193, 138
Trd, 4319922.393, 60
Trd, 4319923.593, 60
Trd, 4319923.943, 61
Trd, 4319924.293, 61
Trd, 4319924.493, 62
Trd, 4319924.743, 63
Trd, 4319924.893, 66
Trd, 4319925.193, 69
Trd, 4319926.943, 63
Trd, 4319926.993, 63
Trd, 4319927.243, 84
Trd, 4319927.293, 63
Trd, 4319927.343, 98
Trd, 4319928.743, 71
Trd, 4319928.843, 69
Trd, 4319929.343, 69
Trd, 4319929.543, 65
Trd, 4319931.793, 60
Trd, 4319932.243, 61
Trd, 4319933.793, 61
Trd, 4319935.693, 60
Trd, 4319935.793, 61
Trd, 4319936.243, 61
Trd, 4319937.993, 60
Trd, 4319938.693, 63
Trd, 4319938.893, 63
Trd, 4319939.443, 64
Trd, 4319939.493, 66
Trd, 4319940.093, 137
Trd, 4319940.393, 136
Trd, 4319940.443, 68
Trd, 4319941.243, 65
Trd, 4319942.993, 63
Trd, 4319943.393, 64
Trd, 4319944.093, 60
Trd, 4319944.693, 62
Trd, 4319945.293, 62
Trd, 4319946.043, 60
Trd, 4319948.193, 60
Trd, 4319948.343, 64
Trd, 4319948.893, 61
Trd, 4319949.243, 62
Trd, 4319950.393, 61
Trd, 4319950.443, 61
Trd, 4319950.493, 64
Trd, 4319951.543, 60
Trd, 4319951.693, 60
Trd, 4319951.893, 65
Trd, 4319953.193, 62
Trd, 4319953.693, 66
Trd, 4319954.843, 66
Trd, 4319954.943, 77
Trd, 4319955.143, 65
Trd, 4319956.943, 138
Trd, 4319956.993, 82
Trd, 4319957.093, 60
Trd, 4319957.993, 137
Trd, 4319958.693, 139
Trd, 4319958.843, 118
Trd, 4319961.043, 140
Trd, 4319961.093, 140
Trd, 4319961.293, 125
Trd, 4319962.143, 100
Trd, 4319962.293, 100
Trd, 4319964.743, 140
Trd, 4319964.943, 99
Trd, 4319965.143, 139
Trd, 4319965.243, 65
Trd, 4319966.593, 62
Trd, 4319966.643, 63
Trd, 4319967.893, 133
Trd, 4319968.793, 140
Trd, 4319969.593, 140
Trd, 4319969.793, 140
Trd, 4319969.843, 140
Trd, 4319970.143, 140
Trd, 4319970.793, 139
Trd, 4319971.143, 137
Trd, 4319972.543, 111
Trd, 4319973.243, 104
Trd, 4319973.643, 104
Trd, 4319974.143, 103
Trd, 4319974.343, 72
Trd, 4319974.893, 61
Trd, 4319975.243, 66
Trd, 4319976.743, 140
Trd, 4319977.243, 140
Trd, 4319978.243, 140
Trd, 4319978.593, 140
Trd, 4319978.793, 139
Trd, 4319979.143, 140
Trd, 4319979.793, 139
Trd, 4319980.393, 140
Trd, 4319980.643, 140
Trd, 4319982.043, 140
Trd, 4319982.393, 65
Trd, 4319983.493, 61
Trd, 4319983.643, 140
Trd, 4319986.043, 60
Trd, 4319986.593, 61
Trd, 4319987.043, 60
Trd, 4319987.943, 60
Trd, 4319989.093, 65
Trd, 4319989.893, 61
Trd, 4319990.243, 62
Trd, 4319992.143, 61
Trd, 4319992.293, 62
Trd, 4319992.893, 61
Trd, 4319993.243, 62
Trd, 4319993.393, 62
Trd, 4319993.893, 64
Trd, 4319994.043, 71
Trd, 4319994.893, 64
Trd, 4319995.343, 64
Trd, 4319995.393, 74
Trd, 4319997.393, 62
Trd, 4319998.143, 140
Trd, 4319998.393, 139
Trd, 4319998.593, 63
