Trd, 4318122.893, 60
Trd, 4318123.243, 60
Trd, 4318123.293, 61
Trd, 4318124.343, 64
Trd, 4318124.493, 64
Trd, 4318124.593, 62
Trd, 4318124.693, 61
Trd, 4318125.043, 63
Trd, 4318125.643, 62
Trd, 4318126.943, 61
Trd, 4318127.843, 62
Trd, 4318128.993, 63
Trd, 4318129.043, 68
Trd, 4318129.943, 60
Trd, 4318130.093, 60
Trd, 4318130.493, 61
Trd, 4318131.993, 61
Trd, 4318132.243, 60
Trd, 4318132.493, 63
Trd, 4318132.793, 61
Trd, 4318132.893, 69
Trd, 4318133.243, 61
Trd, 4318134.993, 139
Trd, 4318135.293, 138
Trd, 4318136.743, 60
Trd, 4318136.843, 60
Trd, 4318137.293, 61
Trd, 4318139.593, 60
Trd, 4318139.693, 60
Trd, 4318139.793, 60
Trd, 4318140.643, 66
Trd, 4318141.093, 67
Trd, 4318141.493, 62
Trd, 4318141.593, 61
Trd, 4318141.943, 62
Trd, 4318141.993, 63
Trd, 4318142.743, 140
Trd, 4318144.243, 92
Trd, 4318145.093, 118
Trd, 4318145.493, 88
Trd, 4318148.293, 140
Trd, 4318148.343, 140
Trd, 4318148.793, 140
Trd, 4318148.843, 140
Trd, 4318150.393, 138
Trd, 4318150.543, 138
Trd, 4318150.743, 118
Trd, 4318151.193, 139
Trd, 4318151.293, 139
Trd, 4318151.943, 65
Trd, 4318152.343, 86
Trd, 4318152.643, 62
Trd, 4318153.893, 62
Trd, 4318153.943, 63
Trd, 4318156.143, 60
Trd, 4318156.793, 60
Trd, 4318156.993, 60
Trd, 4318157.243, 60
Trd, 4318157.493, 61
Trd, 4318157.743, 62
Trd, 4318157.843, 64
Trd, 4318158.193, 63
Trd, 4318159.093, 60
Trd, 4318160.693, 63
Trd, 4318161.043, 64
Trd, 4318161.843, 62
Trd, 4318162.543, 60
Trd, 4318163.893, 60
Trd, 4318163.993, 61
Trd, 4318164.593, 60
Trd, 4318164.893, 60
Trd, 4318165.093, 62
Trd, 4318165.543, 60
Trd, 4318166.093, 110
Trd, 4318167.493, 71
Trd, 4318167.843, 71
Trd, 4318168.293, 140
Trd, 4318170.493, 140
Trd, 4318170.843, 140
Trd, 4318171.143, 139
Trd, 4318171.693, 140
Trd, 4318172.093, 140
Trd, 4318173.693, 140
Trd, 4318174.643, 140
Trd, 4318175.543, 139
Trd, 4318176.193, 140
Trd, 4318176.443, 103
Trd, 4318177.643, 139
Trd, 4318178.843, 140
Trd, 4318179.043, 140
Trd, 4318179.093, 137
Trd, 4318181.043, 139
Trd, 4318181.193, 110
Trd, 4318181.493, 140
Trd, 4318182.293, 71
Trd, 4318183.143, 129
Trd, 4318183.993, 140
Trd, 4318184.143, 140
Trd, 4318185.493, 140
Trd, 4318185.993, 139
Trd, 4318186.443, 134
Trd, 4318188.743, 140
Trd, 4318189.043, 140
Trd, 4318189.243, 139
Trd, 4318191.543, 140
Trd, 4318191.643, 140
Trd, 4318192.993, 140
Trd, 4318193.493, 140
Trd, 4318194.343, 140
Trd, 4318194.843, 140
Trd, 4318196.093, 140
Trd, 4318196.943, 140
Trd, 4318196.993, 140
Trd, 4318199.193, 140
Trd, 4318199.343, 140
Trd, 4318200.143, 140
Trd, 4318200.493, 140
Trd, 4318200.693, 140
Trd, 4318201.143, 124
Trd, 4318202.043, 140
Trd, 4318203.093, 140
Trd, 4318203.143, 140
Trd, 4318204.893, 140
Trd, 4318204.943, 140
Trd, 4318205.243, 140
Trd, 4318206.843, 140
Trd, 4318207.043, 139
Trd, 4318207.493, 139
Trd, 4318207.743, 140
Trd, 4318209.543, 140
Trd, 4318209.893, 140
Trd, 4318210.343, 140
Trd, 4318211.693, 137
Trd, 4318211.743, 134
Trd, 4318212.293, 131
Trd, 4318213.143, 140
Trd, 4318213.543, 128
Trd, 4318215.443, 140
Trd, 4318216.093, 140
Trd, 4318216.143, 140
Trd, 4318216.793, 139
Trd, 4318218.293, 115
Trd, 4318218.943, 135
Trd, 4318219.443, 136
Trd, 4318219.743, 117
Trd, 4318219.993, 116
Trd, 4318220.143, 99
Trd, 4318220.593, 60
Trd, 4318221.643, 61
Trd, 4318221.743, 62
Trd, 4318222.343, 134
Trd, 4318224.743, 140
Trd, 4318224.843, 140
Trd, 4318224.893, 140
Trd, 4318225.093, 139
Trd, 4318225.743, 140
Trd, 4318227.493, 140
Trd, 4318227.893, 140
Trd, 4318228.643, 140
Trd, 4318229.293, 140
Trd, 4318229.393, 140
Trd, 4318230.043, 140
Trd, 4318230.493, 140
Trd, 4318231.293, 139
Trd, 4318231.493, 115
Trd, 4318231.943, 138
Trd, 4318233.293, 60
Trd, 4318233.493, 60
Trd, 4318234.093, 73
Trd, 4318235.243, 63
Trd, 4318235.943, 62
Trd, 4318235.993, 63
Trd, 4318236.443, 62
Trd, 4318236.893, 63
Trd, 4318238.243, 61
Trd, 4318238.843, 127
Trd, 4318239.093, 126
Trd, 4318239.543, 140
Trd, 4318241.193, 140
Trd, 4318241.393, 140
Trd, 4318242.243, 140
Trd, 4318243.143, 139
Trd, 4318244.143, 140
Trd, 4318244.593, 140
Trd, 4318245.893, 140
Trd, 4318246.043, 140
Trd, 4318246.243, 67
Trd, 4318246.543, 140
Trd, 4318248.343, 140
Trd, 4318248.793, 140
Trd, 4318249.193, 140
Trd, 4318249.543, 140
Trd, 4318251.493, 140
Trd, 4318252.493, 140
Trd, 4318252.693, 140
Trd, 4318253.593, 137
Trd, 4318254.743, 100
Trd, 4318254.993, 100
Trd, 4318255.143, 94
Trd, 4318255.193, 84
Trd, 4318256.743, 140
Trd, 4318257.393, 140
Trd, 4318258.393, 140
Trd, 4318258.893, 140
Trd, 4318259.343, 140
Trd, 4318260.143, 139
Trd, 4318261.193, 140
Trd, 4318261.443, 140
Trd, 4318262.443, 140
Trd, 4318263.943, 140
Trd, 4318264.243, 140
Trd, 4318264.843, 140
Trd, 4318265.643, 140
Trd, 4318266.493, 140
Trd, 4318267.093, 140
Trd, 4318267.493, 139
Trd, 4318268.193, 140
Trd, 4318270.743, 139
Trd, 4318271.043, 136
Trd, 4318271.443, 140
Trd, 4318271.843, 113
Trd, 4318272.093, 85
Trd, 4318272.993, 65
Trd, 4318274.243, 139
Trd, 4318274.843, 123
Trd, 4318274.993, 123
Trd, 4318275.343, 122
Trd, 4318275.793, 140
Trd, 4318276.443, 140
Trd, 4318277.643, 140
Trd, 4318279.343, 140
Trd, 4318280.093, 139
Trd, 4318280.193, 134
Trd, 4318280.393, 72
Trd, 4318280.893, 89
Trd, 4318281.843, 140
Trd, 4318282.293, 140
Trd, 4318282.893, 140
Trd, 4318283.743, 61
Trd, 4318285.193, 60
Trd, 4318286.043, 62
Trd, 4318286.143, 66
Trd, 4318286.893, 91
Trd, 4318287.643, 140
Trd, 4318288.243, 140
Trd, 4318289.593, 140
Trd, 4318290.143, 139
Trd, 4318290.443, 139
Trd, 4318290.893, 138
Trd, 4318291.093, 121
Trd, 4318292.693, 90
Trd, 4318294.143, 140
Trd, 4318294.443, 139
Trd, 4318294.643, 140
Trd, 4318297.143, 140
Trd, 4318297.493, 140
Trd, 4318297.843, 140
Trd, 4318298.593, 140
Trd, 4318298.943, 140
Trd, 4318299.593, 140
Trd, 4318299.743, 139
Trd, 4318300.293, 140
Trd, 4318303.993, 140
Trd, 4318304.093, 140
Trd, 4318305.243, 140
Trd, 4318306.493, 140
Trd, 4318306.693, 140
Trd, 4318307.243, 140
Trd, 4318307.593, 140
Trd, 4318307.643, 140
Trd, 4318308.343, 111
Trd, 4318308.493, 66
Trd, 4318310.293, 140
Trd, 4318310.393, 140
Trd, 4318310.893, 140
Trd, 4318312.493, 140
Trd, 4318313.393, 140
Trd, 4318313.893, 140
Trd, 4318314.543, 140
Trd, 4318314.843, 138
Trd, 4318315.893, 140
Trd, 4318316.693, 65
Trd, 4318316.943, 61
Trd, 4318317.593, 60
Trd, 4318317.843, 60
Trd, 4318319.243, 60
Trd, 4318320.043, 76
Trd, 4318320.593, 140
Trd, 4318320.843, 138
Trd, 4318320.893, 90
Trd, 4318322.993, 60
Trd, 4318324.643, 60
Trd, 4318326.043, 60
Trd, 4318326.143, 60
Trd, 4318327.343, 60
Trd, 4318327.843, 60
Trd, 4318327.893, 63
Trd, 4318328.793, 63
Trd, 4318328.893, 63
Trd, 4318330.343, 63
Trd, 4318331.343, 60
Trd, 4318331.693, 60
Trd, 4318331.993, 60
Trd, 4318332.293, 60
Trd, 4318332.843, 62
Trd, 4318334.093, 60
Trd, 4318334.143, 60
Trd, 4318334.393, 68
Trd, 4318334.593, 60
Trd, 4318336.393, 61
Trd, 4318336.593, 62
Trd, 4318338.193, 60
Trd, 4318339.093, 60
Trd, 4318339.143, 60
Trd, 4318340.393, 60
Trd, 4318340.993, 60
Trd, 4318341.443, 60
Trd, 4318342.093, 60
Trd, 4318344.243, 60
Trd, 4318344.593, 60
Trd, 4318344.893, 65
Trd, 4318345.143, 61
Trd, 4318345.793, 61
Trd, 4318345.943, 62
Trd, 4318345.993, 64
Trd, 4318346.393, 68
Trd, 4318347.043, 60
Trd, 4318348.593, 63
Trd, 4318350.543, 60
Trd, 4318351.443, 60
Trd, 4318351.593, 60
Trd, 4318351.893, 61
Trd, 4318352.093, 61
Trd, 4318353.643, 60
Trd, 4318353.693, 61
Trd, 4318354.343, 60
Trd, 4318354.743, 62
Trd, 4318354.943, 62
Trd, 4318355.093, 61
Trd, 4318357.493, 60
Trd, 4318358.293, 60
Trd, 4318360.043, 60
Trd, 4318360.093, 60
Trd, 4318360.143, 60
Trd, 4318360.293, 60
Trd, 4318360.393, 60
Trd, 4318362.343, 60
Trd, 4318362.843, 63
Trd, 4318362.893, 60
Trd, 4318363.343, 64
Trd, 4318364.143, 60
Trd, 4318365.493, 60
Trd, 4318365.743, 60
Trd, 4318366.443, 60
Trd, 4318367.743, 60
Trd, 4318367.843, 60
Trd, 4318369.143, 60
Trd, 4318369.643, 61
Trd, 4318370.143, 61
Trd, 4318371.643, 60
Trd, 4318372.293, 60
Trd, 4318373.243, 60
Trd, 4318373.993, 60
Trd, 4318375.943, 60
Trd, 4318376.893, 60
Trd, 4318376.993, 60
Trd, 4318377.343, 60
Trd, 4318378.243, 60
Trd, 4318378.443, 60
Trd, 4318378.643, 60
Trd, 4318378.843, 63
Trd, 4318378.993, 61
Trd, 4318379.293, 71
Trd, 4318380.943, 60
Trd, 4318381.093, 60
Trd, 4318381.693, 60
Trd, 4318382.193, 60
Trd, 4318383.343, 61
Trd, 4318384.493, 60
Trd, 4318385.543, 60
Trd, 4318385.593, 60
Trd, 4318385.943, 62
Trd, 4318386.443, 140
Trd, 4318386.993, 140
Trd, 4318387.593, 140
Trd, 4318388.443, 131
Trd, 4318388.643, 106
Trd, 4318388.893, 104
Trd, 4318389.943, 140
Trd, 4318392.193, 140
Trd, 4318392.543, 140
Trd, 4318392.993, 139
Trd, 4318393.493, 110
Trd, 4318393.843, 104
Trd, 4318394.743, 140
Trd, 4318396.843, 140
Trd, 4318396.893, 65
Trd, 4318398.143, 60
Trd, 4318398.193, 60
Trd, 4318398.493, 61
Trd, 4318398.543, 61
Trd, 4318398.743, 63
Trd, 4318399.793, 60
Trd, 4318400.943, 60
Trd, 4318401.093, 63
Trd, 4318401.943, 62
Trd, 4318402.843, 61
Trd, 4318403.143, 72
Trd, 4318404.043, 68
Trd, 4318406.243, 60
Trd, 4318406.393, 60
Trd, 4318407.043, 60
Trd, 4318408.243, 60
Trd, 4318408.693, 60
Trd, 4318408.893, 61
Trd, 4318410.693, 60
Trd, 4318411.043, 60
Trd, 4318412.543, 60
Trd, 4318412.843, 60
Trd, 4318413.343, 61
Trd, 4318413.393, 61
Trd, 4318413.493, 62
Trd, 4318413.943, 63
Trd, 4318414.193, 64
Trd, 4318414.793, 64
Trd, 4318417.043, 140
Trd, 4318417.393, 138
Trd, 4318417.443, 138
Trd, 4318417.643, 120
Trd, 4318418.193, 65
Trd, 4318419.243, 138
Trd, 4318420.093, 137
Trd, 4318421.143, 74
Trd, 4318422.643, 140
Trd, 4318423.143, 140
Trd, 4318423.193, 140
Trd, 4318423.243, 138
Trd, 4318423.443, 140
Trd, 4318426.343, 140
Trd, 4318426.593, 140
Trd, 4318427.143, 139
Trd, 4318429.293, 140
Trd, 4318430.093, 140
Trd, 4318430.443, 140
Trd, 4318430.543, 140
Trd, 4318430.843, 140
Trd, 4318431.843, 121
Trd, 4318432.993, 139
Trd, 4318434.393, 140
Trd, 4318434.643, 140
Trd, 4318434.993, 140
Trd, 4318437.743, 140
Trd, 4318438.143, 140
Trd, 4318438.693, 140
Trd, 4318438.843, 139
Trd, 4318439.393, 139
Trd, 4318439.593, 138
Trd, 4318440.743, 139
Trd, 4318441.093, 140
Trd, 4318442.543, 140
Trd, 4318442.643, 140
Trd, 4318443.943, 140
Trd, 4318444.343, 140
Trd, 4318445.093, 140
Trd, 4318445.343, 95
Trd, 4318446.993, 140
Trd, 4318447.393, 140
Trd, 4318448.243, 140
Trd, 4318448.443, 138
Trd, 4318450.143, 140
Trd, 4318451.593, 125
Trd, 4318451.893, 64
Trd, 4318452.343, 61
Trd, 4318453.693, 135
Trd, 4318453.843, 135
Trd, 4318454.793, 67
Trd, 4318454.943, 65
Trd, 4318455.143, 68
Trd, 4318456.093, 60
Trd, 4318456.593, 138
Trd, 4318456.643, 137
Trd, 4318459.393, 140
Trd, 4318460.143, 140
Trd, 4318461.293, 140
Trd, 4318461.343, 140
Trd, 4318462.243, 139
Trd, 4318462.993, 140
Trd, 4318464.043, 139
Trd, 4318464.193, 106
Trd, 4318466.343, 140
Trd, 4318466.393, 140
Trd, 4318466.843, 125
Trd, 4318467.143, 87
Trd, 4318468.093, 140
Trd, 4318469.793, 140
Trd, 4318470.193, 140
Trd, 4318470.543, 140
Trd, 4318470.743, 140
Trd, 4318470.893, 139
Trd, 4318471.043, 140
Trd, 4318472.243, 140
Trd, 4318473.143, 138
Trd, 4318473.543, 63
Trd, 4318474.643, 60
Trd, 4318475.743, 60
Trd, 4318475.843, 63
Trd, 4318478.043, 140
Trd, 4318479.443, 140
Trd, 4318479.493, 140
Trd, 4318479.543, 140
Trd, 4318480.293, 140
Trd, 4318480.543, 140
Trd, 4318481.793, 138
Trd, 4318481.993, 92
Trd, 4318482.843, 81
Trd, 4318484.043, 140
Trd, 4318484.243, 139
Trd, 4318487.693, 140
Trd, 4318488.143, 140
Trd, 4318488.243, 140
Trd, 4318489.893, 140
Trd, 4318490.043, 140
Trd, 4318490.193, 140
Trd, 4318490.843, 140
Trd, 4318492.143, 140
Trd, 4318493.193, 140
Trd, 4318493.493, 139
Trd, 4318494.043, 131
Trd, 4318494.543, 131
Trd, 4318495.793, 140
Trd, 4318496.243, 139
Trd, 4318497.443, 131
Trd, 4318497.543, 127
Trd, 4318498.443, 140
Trd, 4318498.643, 140
Trd, 4318499.543, 140
Trd, 4318500.043, 140
Trd, 4318501.193, 95
Trd, 4318502.393, 140
Trd, 4318503.943, 140
Trd, 4318504.293, 140
Trd, 4318505.093, 140
Trd, 4318505.693, 140
Trd, 4318506.443, 140
Trd, 4318506.543, 140
Trd, 4318508.243, 140
Trd, 4318508.343, 140
Trd, 4318508.693, 140
Trd, 4318509.893, 140
Trd, 4318510.393, 140
Trd, 4318510.593, 139
Trd, 4318511.043, 138
Trd, 4318511.743, 138
Trd, 4318513.093, 108
Trd, 4318514.443, 140
Trd, 4318514.693, 139
Trd, 4318515.093, 134
Trd, 4318516.643, 140
Trd, 4318517.043, 140
Trd, 4318518.193, 140
Trd, 4318518.293, 140
Trd, 4318519.593, 108
Trd, 4318520.643, 140
Trd, 4318520.793, 140
Trd, 4318521.343, 130
Trd, 4318522.143, 140
Trd, 4318522.943, 140
Trd, 4318523.693, 139
Trd, 4318525.743, 140
Trd, 4318525.893, 140
Trd, 4318526.443, 139
Trd, 4318527.293, 138
Trd, 4318528.043, 136
Trd, 4318528.343, 140
Trd, 4318528.693, 140
Trd, 4318528.993, 134
Trd, 4318529.043, 86
Trd, 4318530.193, 114
Trd, 4318533.143, 140
Trd, 4318533.193, 140
Trd, 4318533.893, 140
Trd, 4318534.393, 140
Trd, 4318534.893, 140
Trd, 4318535.093, 139
Trd, 4318536.093, 140
Trd, 4318537.893, 133
Trd, 4318538.443, 130
Trd, 4318539.293, 140
Trd, 4318540.993, 140
Trd, 4318541.043, 139
Trd, 4318541.493, 140
Trd, 4318542.043, 138
Trd, 4318543.143, 138
Trd, 4318543.293, 88
Trd, 4318544.143, 67
Trd, 4318544.343, 60
Trd, 4318544.593, 61
Trd, 4318545.443, 64
Trd, 4318547.893, 140
Trd, 4318547.993, 140
Trd, 4318548.793, 109
Trd, 4318548.843, 108
Trd, 4318549.343, 74
Trd, 4318550.893, 140
Trd, 4318551.293, 138
Trd, 4318551.493, 105
Trd, 4318552.743, 140
Trd, 4318553.243, 137
Trd, 4318555.343, 140
Trd, 4318555.843, 140
Trd, 4318555.893, 140
Trd, 4318556.893, 140
Trd, 4318557.493, 140
Trd, 4318557.743, 140
Trd, 4318558.193, 140
Trd, 4318558.993, 140
Trd, 4318559.393, 140
Trd, 4318560.043, 140
Trd, 4318561.793, 140
Trd, 4318564.193, 140
Trd, 4318564.393, 140
Trd, 4318564.893, 140
Trd, 4318565.543, 140
Trd, 4318566.393, 140
Trd, 4318567.343, 140
Trd, 4318568.093, 140
Trd, 4318568.693, 140
Trd, 4318569.393, 138
Trd, 4318569.843, 140
Trd, 4318570.843, 139
Trd, 4318571.093, 82
Trd, 4318571.193, 77
Trd, 4318572.643, 88
Trd, 4318573.143, 140
Trd, 4318573.893, 64
Trd, 4318575.093, 60
Trd, 4318576.393, 140
Trd, 4318576.893, 140
Trd, 4318577.643, 140
Trd, 4318577.943, 140
Trd, 4318578.643, 140
Trd, 4318579.693, 140
Trd, 4318580.093, 139
Trd, 4318581.493, 140
Trd, 4318582.693, 140
Trd, 4318582.943, 140
Trd, 4318583.543, 140
Trd, 4318585.893, 140
Trd, 4318586.693, 140
Trd, 4318587.143, 140
Trd, 4318588.143, 140
Trd, 4318588.543, 140
Trd, 4318588.993, 140
Trd, 4318590.443, 140
Trd, 4318590.793, 140
Trd, 4318591.043, 139
Trd, 4318592.943, 140
Trd, 4318593.093, 140
Trd, 4318594.043, 134
Trd, 4318595.093, 140
Trd, 4318595.893, 140
Trd, 4318596.443, 140
Trd, 4318596.643, 139
Trd, 4318598.243, 140
Trd, 4318598.493, 139
Trd, 4318598.893, 138
Trd, 4318599.693, 139
Trd, 4318601.293, 140
Trd, 4318601.693, 140
Trd, 4318601.843, 140
Trd, 4318602.343, 139
Trd, 4318602.993, 137
Trd, 4318603.593, 118
Trd, 4318604.093, 116
Trd, 4318604.343, 136
Trd, 4318605.293, 140
Trd, 4318605.993, 139
Trd, 4318607.543, 140
Trd, 4318608.593, 140
Trd, 4318609.193, 139
Trd, 4318610.193, 132
Trd, 4318611.493, 140
Trd, 4318612.543, 139
Trd, 4318613.343, 140
Trd, 4318613.743, 140
Trd, 4318613.843, 140
Trd, 4318614.393, 140
Trd, 4318615.343, 140
Trd, 4318615.993, 136
Trd, 4318617.093, 140
Trd, 4318617.143, 139
Trd, 4318617.743, 140
Trd, 4318619.343, 140
Trd, 4318619.593, 140
Trd, 4318620.743, 139
Trd, 4318621.243, 140
Trd, 4318622.343, 139
Trd, 4318622.543, 139
Trd, 4318623.693, 132
Trd, 4318623.993, 132
Trd, 4318626.293, 140
Trd, 4318626.643, 138
Trd, 4318626.843, 72
Trd, 4318628.693, 128
Trd, 4318629.143, 99
Trd, 4318630.093, 140
Trd, 4318630.143, 140
Trd, 4318630.243, 140
Trd, 4318631.293, 140
Trd, 4318631.443, 140
Trd, 4318632.093, 140
Trd, 4318633.143, 140
Trd, 4318633.443, 140
Trd, 4318634.443, 140
Trd, 4318634.793, 140
Trd, 4318636.393, 140
Trd, 4318636.493, 140
Trd, 4318637.543, 82
Trd, 4318638.393, 140
Trd, 4318638.943, 140
Trd, 4318640.293, 140
Trd, 4318640.943, 139
Trd, 4318641.393, 138
Trd, 4318642.043, 111
Trd, 4318642.293, 137
Trd, 4318642.593, 122
Trd, 4318642.793, 94
Trd, 4318645.543, 140
Trd, 4318646.743, 140
Trd, 4318647.043, 140
Trd, 4318647.493, 139
Trd, 4318648.093, 140
Trd, 4318649.743, 140
Trd, 4318650.443, 139
Trd, 4318652.043, 140
Trd, 4318652.143, 140
Trd, 4318652.343, 140
Trd, 4318653.143, 140
Trd, 4318653.493, 140
Trd, 4318654.693, 140
Trd, 4318655.693, 140
Trd, 4318656.893, 140
Trd, 4318657.143, 138
Trd, 4318657.993, 140
Trd, 4318658.293, 139
Trd, 4318658.743, 138
Trd, 4318660.293, 140
Trd, 4318661.793, 140
Trd, 4318662.093, 140
Trd, 4318662.793, 140
Trd, 4318663.693, 140
Trd, 4318664.343, 140
Trd, 4318665.593, 140
Trd, 4318666.993, 140
Trd, 4318667.193, 140
Trd, 4318668.343, 140
Trd, 4318669.443, 140
Trd, 4318669.493, 140
Trd, 4318670.093, 138
Trd, 4318670.443, 139
Trd, 4318671.693, 137
Trd, 4318672.293, 130
Trd, 4318672.643, 139
Trd, 4318674.143, 106
Trd, 4318674.993, 104
Trd, 4318675.243, 128
Trd, 4318676.193, 125
Trd, 4318676.243, 128
Trd, 4318676.693, 127
Trd, 4318677.543, 127
Trd, 4318678.143, 126
Trd, 4318679.093, 140
Trd, 4318679.193, 139
Trd, 4318679.293, 113
Trd, 4318680.243, 138
Trd, 4318680.843, 140
Trd, 4318681.043, 98
Trd, 4318682.543, 112
Trd, 4318683.943, 140
Trd, 4318685.543, 140
Trd, 4318686.093, 140
Trd, 4318686.143, 138
Trd, 4318687.643, 140
Trd, 4318687.893, 140
Trd, 4318688.193, 140
Trd, 4318689.193, 140
Trd, 4318689.743, 140
Trd, 4318689.843, 139
Trd, 4318690.493, 129
Trd, 4318692.843, 140
Trd, 4318692.943, 140
Trd, 4318693.143, 140
Trd, 4318693.843, 140
Trd, 4318695.293, 140
Trd, 4318695.843, 88
Trd, 4318696.843, 140
Trd, 4318697.543, 140
Trd, 4318698.043, 140
Trd, 4318698.193, 138
Trd, 4318698.793, 139
Trd, 4318699.143, 138
Trd, 4318699.643, 96
Trd, 4318701.343, 140
Trd, 4318702.743, 140
Trd, 4318703.093, 140
Trd, 4318703.193, 139
Trd, 4318704.043, 140
Trd, 4318705.043, 140
Trd, 4318705.243, 140
Trd, 4318706.343, 140
Trd, 4318707.843, 140
Trd, 4318708.043, 135
Trd, 4318709.493, 140
Trd, 4318710.143, 140
Trd, 4318710.793, 140
Trd, 4318711.193, 140
Trd, 4318712.043, 139
Trd, 4318713.393, 140
Trd, 4318713.893, 140
Trd, 4318714.093, 140
Trd, 4318714.343, 125
Trd, 4318715.193, 140
Trd, 4318716.693, 140
Trd, 4318718.393, 140
Trd, 4318718.793, 140
Trd, 4318719.143, 140
Trd, 4318720.043, 140
Trd, 4318720.393, 140
Trd, 4318721.443, 140
Trd, 4318722.843, 140
Trd, 4318724.143, 140
Trd, 4318724.543, 140
Trd, 4318725.143, 140
Trd, 4318725.193, 140
Trd, 4318726.443, 140
Trd, 4318727.343, 139
Trd, 4318727.693, 137
Trd, 4318727.993, 140
Trd, 4318728.293, 87
Trd, 4318728.893, 97
Trd, 4318731.493, 140
Trd, 4318732.143, 140
Trd, 4318733.393, 140
Trd, 4318733.443, 140
Trd, 4318733.693, 140
Trd, 4318733.843, 140
Trd, 4318734.443, 140
Trd, 4318736.093, 140
Trd, 4318736.293, 140
Trd, 4318737.393, 140
Trd, 4318737.743, 140
Trd, 4318738.843, 106
Trd, 4318739.493, 105
Trd, 4318739.993, 139
Trd, 4318741.193, 140
Trd, 4318741.343, 139
Trd, 4318742.393, 119
Trd, 4318742.793, 66
Trd, 4318744.243, 140
Trd, 4318744.443, 140
Trd, 4318744.543, 139
Trd, 4318744.643, 77
Trd, 4318744.693, 75
Trd, 4318745.293, 133
Trd, 4318745.643, 134
Trd, 4318746.893, 60
Trd, 4318749.193, 60
Trd, 4318749.593, 61
Trd, 4318750.593, 61
Trd, 4318750.643, 64
Trd, 4318751.093, 64
Trd, 4318751.993, 61
Trd, 4318752.093, 61
Trd, 4318752.193, 62
Trd, 4318753.943, 61
Trd, 4318754.443, 61
Trd, 4318755.043, 60
Trd, 4318755.143, 61
Trd, 4318756.443, 62
Trd, 4318756.993, 60
Trd, 4318757.393, 63
Trd, 4318757.743, 60
Trd, 4318757.793, 64
Trd, 4318758.793, 67
Trd, 4318760.143, 60
Trd, 4318760.243, 60
Trd, 4318761.693, 60
Trd, 4318763.293, 60
Trd, 4318763.993, 60
Trd, 4318764.293, 61
Trd, 4318766.193, 60
Trd, 4318766.743, 60
Trd, 4318768.493, 60
Trd, 4318770.293, 60
Trd, 4318770.793, 60
Trd, 4318770.843, 60
Trd, 4318771.243, 60
Trd, 4318771.543, 60
Trd, 4318771.793, 60
Trd, 4318772.493, 60
Trd, 4318772.993, 60
Trd, 4318773.493, 61
Trd, 4318773.693, 65
Trd, 4318774.793, 60
Trd, 4318775.343, 61
Trd, 4318775.593, 61
Trd, 4318776.843, 61
Trd, 4318776.943, 61
Trd, 4318777.643, 62
Trd, 4318779.393, 60
Trd, 4318779.793, 61
Trd, 4318780.993, 60
Trd, 4318781.043, 60
Trd, 4318781.493, 60
Trd, 4318781.643, 60
Trd, 4318781.743, 67
Trd, 4318782.143, 140
Trd, 4318782.893, 139
Trd, 4318784.043, 140
Trd, 4318784.143, 86
Trd, 4318785.443, 60
Trd, 4318785.693, 60
Trd, 4318785.743, 61
Trd, 4318786.143, 61
Trd, 4318786.243, 63
Trd, 4318787.143, 140
Trd, 4318787.293, 138
Trd, 4318789.193, 140
Trd, 4318789.593, 140
Trd, 4318789.693, 140
Trd, 4318790.893, 140
Trd, 4318791.143, 140
Trd, 4318792.193, 140
Trd, 4318792.393, 140
Trd, 4318793.343, 140
Trd, 4318794.393, 140
Trd, 4318796.243, 140
Trd, 4318797.143, 136
Trd, 4318797.193, 86
Trd, 4318797.393, 138
Trd, 4318798.193, 69
Trd, 4318798.243, 70
Trd, 4318799.493, 60
Trd, 4318800.443, 60
Trd, 4318800.843, 60
Trd, 4318801.193, 60
Trd, 4318801.843, 60
Trd, 4318801.993, 61
Trd, 4318802.243, 62
Trd, 4318802.293, 74
Trd, 4318803.443, 62
Trd, 4318803.893, 61
Trd, 4318804.393, 139
Trd, 4318804.693, 62
Trd, 4318805.643, 64
Trd, 4318807.543, 61
Trd, 4318807.943, 61
Trd, 4318808.143, 63
Trd, 4318808.243, 63
Trd, 4318809.243, 60
Trd, 4318809.393, 61
Trd, 4318812.943, 60
Trd, 4318813.693, 62
Trd, 4318814.243, 60
Trd, 4318814.843, 60
Trd, 4318815.493, 61
Trd, 4318815.743, 60
Trd, 4318816.393, 61
Trd, 4318816.893, 61
Trd, 4318817.293, 62
Trd, 4318817.443, 62
Trd, 4318817.743, 64
Trd, 4318818.543, 61
Trd, 4318819.593, 60
Trd, 4318820.143, 60
Trd, 4318820.643, 60
Trd, 4318821.643, 60
Trd, 4318823.593, 60
Trd, 4318823.893, 60
Trd, 4318824.493, 60
Trd, 4318825.293, 60
Trd, 4318825.793, 61
Trd, 4318826.793, 61
Trd, 4318827.143, 60
Trd, 4318827.443, 60
Trd, 4318828.593, 61
Trd, 4318828.993, 65
Trd, 4318830.193, 68
Trd, 4318831.093, 61
Trd, 4318831.193, 60
Trd, 4318831.593, 61
Trd, 4318832.143, 60
Trd, 4318833.143, 60
Trd, 4318833.593, 60
Trd, 4318833.993, 60
Trd, 4318834.093, 60
Trd, 4318834.493, 61
Trd, 4318834.893, 60
Trd, 4318835.243, 64
Trd, 4318835.893, 63
Trd, 4318836.193, 61
Trd, 4318836.543, 137
Trd, 4318837.343, 96
Trd, 4318838.743, 64
Trd, 4318839.193, 65
Trd, 4318840.293, 140
Trd, 4318840.793, 137
Trd, 4318841.843, 137
Trd, 4318844.193, 140
Trd, 4318844.393, 140
Trd, 4318844.593, 140
Trd, 4318845.643, 140
Trd, 4318846.743, 140
Trd, 4318847.093, 140
Trd, 4318847.143, 139
Trd, 4318847.693, 96
Trd, 4318850.343, 140
Trd, 4318850.643, 140
Trd, 4318850.793, 140
Trd, 4318851.043, 138
Trd, 4318851.993, 140
Trd, 4318853.443, 140
Trd, 4318853.493, 134
Trd, 4318854.043, 139
Trd, 4318854.243, 112
Trd, 4318855.393, 98
Trd, 4318856.843, 140
Trd, 4318856.993, 140
Trd, 4318857.243, 140
Trd, 4318857.443, 131
Trd, 4318858.893, 140
Trd, 4318860.143, 140
Trd, 4318861.393, 61
Trd, 4318862.543, 136
Trd, 4318863.443, 139
Trd, 4318863.493, 138
Trd, 4318864.243, 140
Trd, 4318864.393, 139
Trd, 4318864.743, 64
Trd, 4318865.143, 139
Trd, 4318866.293, 140
Trd, 4318867.793, 123
Trd, 4318868.343, 107
Trd, 4318869.143, 140
Trd, 4318869.643, 140
Trd, 4318870.393, 140
Trd, 4318871.693, 135
Trd, 4318871.743, 118
Trd, 4318872.443, 140
Trd, 4318873.993, 140
Trd, 4318875.143, 140
Trd, 4318876.143, 140
Trd, 4318876.193, 140
Trd, 4318876.393, 140
Trd, 4318877.043, 125
Trd, 4318877.893, 138
Trd, 4318878.643, 140
Trd, 4318879.343, 122
Trd, 4318880.443, 60
Trd, 4318880.943, 60
Trd, 4318881.193, 60
Trd, 4318881.443, 65
Trd, 4318883.293, 60
Trd, 4318883.743, 60
Trd, 4318884.343, 63
Trd, 4318884.643, 61
Trd, 4318885.943, 62
Trd, 4318886.293, 62
Trd, 4318887.993, 60
Trd, 4318888.243, 60
Trd, 4318888.743, 60
Trd, 4318889.543, 60
Trd, 4318889.643, 60
Trd, 4318891.643, 60
Trd, 4318892.093, 60
Trd, 4318892.193, 60
Trd, 4318892.993, 60
Trd, 4318893.343, 61
Trd, 4318893.793, 61
Trd, 4318895.443, 60
Trd, 4318896.193, 62
Trd, 4318896.293, 64
Trd, 4318897.143, 64
Trd, 4318897.293, 65
Trd, 4318898.093, 71
Trd, 4318898.393, 66
Trd, 4318898.593, 64
Trd, 4318899.243, 140
Trd, 4318899.443, 140
Trd, 4318901.243, 140
Trd, 4318901.943, 140
Trd, 4318902.093, 93
Trd, 4318902.543, 95
Trd, 4318903.143, 140
Trd, 4318903.193, 140
Trd, 4318904.593, 140
Trd, 4318905.843, 140
Trd, 4318907.093, 140
Trd, 4318908.393, 127
Trd, 4318909.593, 139
Trd, 4318909.793, 129
Trd, 4318910.143, 140
Trd, 4318910.293, 129
Trd, 4318910.543, 128
Trd, 4318911.493, 65
Trd, 4318911.593, 67
Trd, 4318911.793, 61
Trd, 4318911.843, 69
Trd, 4318912.543, 138
Trd, 4318914.143, 140
Trd, 4318914.443, 140
Trd, 4318915.193, 140
Trd, 4318915.343, 140
Trd, 4318917.243, 61
Trd, 4318918.393, 60
Trd, 4318918.643, 60
Trd, 4318919.043, 60
Trd, 4318919.543, 64
Trd, 4318920.293, 60
Trd, 4318920.743, 60
Trd, 4318921.143, 61
Trd, 4318921.893, 62
Trd, 4318922.143, 60
Trd, 4318922.593, 64
Trd, 4318923.393, 60
Trd, 4318923.793, 65
Trd, 4318924.143, 73
Trd, 4318924.593, 74
Trd, 4318925.293, 68
Trd, 4318925.793, 75
Trd, 4318925.993, 66
Trd, 4318926.793, 138
Trd, 4318927.793, 116
Trd, 4318928.493, 116
Trd, 4318929.493, 140
Trd, 4318929.893, 140
Trd, 4318930.643, 110
Trd, 4318931.443, 100
Trd, 4318931.893, 87
Trd, 4318932.743, 140
Trd, 4318933.043, 139
Trd, 4318934.743, 140
Trd, 4318935.243, 105
Trd, 4318935.993, 123
Trd, 4318937.243, 140
Trd, 4318937.543, 140
Trd, 4318938.943, 140
Trd, 4318938.993, 140
Trd, 4318940.393, 140
Trd, 4318940.693, 140
Trd, 4318942.743, 140
Trd, 4318943.393, 140
Trd, 4318944.243, 140
Trd, 4318944.693, 140
Trd, 4318944.893, 140
Trd, 4318944.943, 139
Trd, 4318946.293, 140
Trd, 4318946.593, 138
Trd, 4318947.643, 136
Trd, 4318949.493, 140
Trd, 4318949.693, 140
Trd, 4318950.393, 140
Trd, 4318950.643, 139
Trd, 4318952.143, 140
Trd, 4318952.993, 140
Trd, 4318953.293, 140
Trd, 4318953.693, 140
Trd, 4318953.843, 140
Trd, 4318956.393, 140
Trd, 4318956.743, 140
Trd, 4318956.993, 129
Trd, 4318959.393, 140
Trd, 4318959.943, 140
Trd, 4318960.043, 139
Trd, 4318961.093, 140
Trd, 4318961.543, 140
Trd, 4318961.843, 140
Trd, 4318962.593, 139
Trd, 4318963.143, 129
Trd, 4318964.443, 140
Trd, 4318964.893, 140
Trd, 4318965.093, 140
Trd, 4318965.143, 139
Trd, 4318965.443, 125
Trd, 4318966.243, 138
Trd, 4318966.293, 135
Trd, 4318967.743, 140
Trd, 4318968.293, 140
Trd, 4318968.993, 138
Trd, 4318969.693, 140
Trd, 4318970.493, 64
Trd, 4318970.893, 66
Trd, 4318971.393, 61
Trd, 4318971.593, 62
Trd, 4318971.693, 68
Trd, 4318972.843, 140
Trd, 4318972.893, 140
Trd, 4318973.893, 136
Trd, 4318975.443, 60
Trd, 4318975.793, 63
Trd, 4318976.793, 63
Trd, 4318977.493, 60
Trd, 4318978.193, 60
Trd, 4318979.543, 60
Trd, 4318982.243, 60
Trd, 4318982.343, 60
Trd, 4318982.493, 60
Trd, 4318982.543, 60
Trd, 4318982.693, 62
Trd, 4318983.443, 62
Trd, 4318984.193, 60
Trd, 4318984.493, 61
Trd, 4318985.593, 63
Trd, 4318985.743, 64
Trd, 4318987.443, 62
Trd, 4318987.643, 63
Trd, 4318989.643, 60
Trd, 4318990.043, 60
Trd, 4318991.043, 60
Trd, 4318991.343, 60
Trd, 4318991.493, 60
Trd, 4318992.143, 61
Trd, 4318992.593, 60
Trd, 4318992.643, 60
Trd, 4318992.893, 63
Trd, 4318993.643, 61
Trd, 4318994.493, 62
Trd, 4318994.593, 67
Trd, 4318995.443, 63
Trd, 4318996.593, 60
Trd, 4318997.093, 66
Trd, 4318997.493, 67
Trd, 4318998.743, 61
Trd, 4318999.543, 64
Trd, 4319000.743, 60
Trd, 4319001.493, 60
Trd, 4319002.493, 60
Trd, 4319002.743, 60
Trd, 4319002.993, 60
Trd, 4319003.693, 61
Trd, 4319004.193, 61
Trd, 4319004.243, 62
Trd, 4319004.693, 60
Trd, 4319005.843, 63
Trd, 4319005.893, 63
Trd, 4319006.393, 64
Trd, 4319006.443, 80
Trd, 4319006.943, 88
Trd, 4319007.193, 62
Trd, 4319007.343, 64
Trd, 4319008.443, 64
Trd, 4319009.643, 137
Trd, 4319010.743, 61
Trd, 4319011.143, 60
Trd, 4319011.643, 61
Trd, 4319013.793, 60
Trd, 4319013.893, 60
Trd, 4319013.943, 60
Trd, 4319013.993, 63
Trd, 4319014.343, 63
Trd, 4319017.143, 60
Trd, 4319019.443, 60
Trd, 4319019.893, 60
Trd, 4319020.243, 60
Trd, 4319020.643, 60
Trd, 4319022.143, 60
Trd, 4319022.443, 60
Trd, 4319023.493, 60
Trd, 4319024.543, 61
Trd, 4319025.193, 61
Trd, 4319025.493, 60
Trd, 4319026.093, 60
Trd, 4319026.593, 61
Trd, 4319026.843, 66
Trd, 4319027.093, 67
Trd, 4319027.693, 63
Trd, 4319030.243, 60
Trd, 4319031.193, 60
Trd, 4319031.343, 60
Trd, 4319031.593, 60
Trd, 4319033.393, 60
Trd, 4319033.643, 60
Trd, 4319034.193, 60
Trd, 4319034.543, 60
Trd, 4319034.643, 60
Trd, 4319035.693, 61
Trd, 4319036.043, 62
Trd, 4319036.993, 60
Trd, 4319037.743, 64
Trd, 4319038.043, 65
Trd, 4319038.493, 62
Trd, 4319038.643, 64
Trd, 4319039.493, 139
Trd, 4319040.443, 67
Trd, 4319041.493, 98
Trd, 4319041.543, 62
Trd, 4319043.693, 140
Trd, 4319043.743, 140
Trd, 4319044.743, 140
Trd, 4319045.243, 140
Trd, 4319045.893, 140
Trd, 4319047.393, 140
Trd, 4319048.143, 139
Trd, 4319049.093, 138
Trd, 4319049.643, 139
Trd, 4319050.493, 121
Trd, 4319051.193, 140
Trd, 4319052.843, 139
Trd, 4319053.543, 140
Trd, 4319053.843, 140
Trd, 4319053.993, 130
Trd, 4319054.543, 139
Trd, 4319055.093, 140
Trd, 4319057.093, 140
Trd, 4319057.343, 140
Trd, 4319057.743, 140
Trd, 4319059.093, 140
Trd, 4319059.693, 140
Trd, 4319060.143, 138
Trd, 4319061.293, 140
Trd, 4319062.493, 140
Trd, 4319063.743, 109
Trd, 4319063.893, 107
Trd, 4319064.843, 140
Trd, 4319065.393, 140
Trd, 4319065.893, 140
Trd, 4319066.543, 140
Trd, 4319067.043, 140
Trd, 4319067.243, 140
Trd, 4319069.593, 140
Trd, 4319069.743, 139
Trd, 4319070.343, 140
Trd, 4319071.893, 140
Trd, 4319072.193, 140
Trd, 4319072.393, 140
Trd, 4319072.743, 94
Trd, 4319073.093, 61
Trd, 4319074.443, 139
Trd, 4319075.093, 140
Trd, 4319075.493, 140
Trd, 4319077.293, 140
Trd, 4319078.143, 140
Trd, 4319078.393, 138
Trd, 4319079.193, 121
Trd, 4319079.543, 140
Trd, 4319080.493, 121
Trd, 4319081.493, 95
Trd, 4319082.143, 110
Trd, 4319083.293, 68
Trd, 4319083.693, 67
Trd, 4319084.143, 60
Trd, 4319084.343, 67
Trd, 4319085.843, 140
Trd, 4319086.293, 140
Trd, 4319086.343, 140
Trd, 4319087.193, 139
Trd, 4319088.493, 138
Trd, 4319088.843, 94
Trd, 4319089.393, 140
Trd, 4319089.793, 99
Trd, 4319090.443, 140
Trd, 4319093.493, 140
Trd, 4319094.093, 140
Trd, 4319094.593, 140
Trd, 4319094.643, 140
Trd, 4319094.793, 139
Trd, 4319095.593, 69
Trd, 4319096.543, 60
Trd, 4319096.993, 60
Trd, 4319097.493, 62
Trd, 4319097.593, 63
Trd, 4319098.043, 62
Trd, 4319098.743, 67
Trd, 4319099.843, 107
Trd, 4319100.743, 140
Trd, 4319102.343, 140
Trd, 4319102.693, 140
Trd, 4319103.193, 135
Trd, 4319103.343, 134
Trd, 4319103.493, 106
Trd, 4319105.693, 140
Trd, 4319105.943, 140
Trd, 4319105.993, 140
Trd, 4319106.943, 140
Trd, 4319108.193, 140
Trd, 4319110.243, 140
Trd, 4319110.893, 140
Trd, 4319111.243, 140
Trd, 4319111.593, 140
Trd, 4319111.743, 138
Trd, 4319111.993, 137
Trd, 4319112.793, 89
Trd, 4319114.593, 95
Trd, 4319115.643, 140
Trd, 4319116.093, 100
Trd, 4319116.193, 81
Trd, 4319118.693, 140
Trd, 4319118.793, 140
Trd, 4319119.143, 140
Trd, 4319119.543, 140
Trd, 4319119.943, 140
Trd, 4319120.943, 140
Trd, 4319121.143, 140
Trd, 4319122.143, 126
Trd, 4319122.893, 140
Trd, 4319123.643, 136
Trd, 4319125.243, 140
Trd, 4319126.343, 140
Trd, 4319126.443, 140
Trd, 4319126.693, 139
Trd, 4319128.093, 140
Trd, 4319128.193, 140
Trd, 4319130.143, 140
Trd, 4319130.693, 140
Trd, 4319130.793, 138
Trd, 4319132.293, 131
Trd, 4319132.343, 117
Trd, 4319133.793, 140
Trd, 4319133.943, 140
Trd, 4319133.993, 139
Trd, 4319134.893, 77
Trd, 4319135.193, 90
Trd, 4319136.543, 140
Trd, 4319136.793, 69
Trd, 4319138.093, 62
Trd, 4319138.293, 62
Trd, 4319138.393, 63
Trd, 4319138.643, 140
Trd, 4319139.543, 140
Trd, 4319139.793, 135
Trd, 4319141.393, 140
Trd, 4319142.543, 140
Trd, 4319143.393, 140
Trd, 4319143.443, 140
Trd, 4319143.793, 140
Trd, 4319144.443, 140
Trd, 4319145.543, 140
Trd, 4319145.993, 140
Trd, 4319147.193, 140
Trd, 4319147.643, 140
Trd, 4319148.143, 140
Trd, 4319148.843, 140
Trd, 4319149.243, 116
Trd, 4319150.143, 140
Trd, 4319151.293, 140
Trd, 4319151.443, 139
Trd, 4319152.443, 140
Trd, 4319153.243, 140
Trd, 4319153.993, 140
Trd, 4319154.043, 84
Trd, 4319154.793, 62
Trd, 4319155.943, 67
Trd, 4319156.843, 140
Trd, 4319158.893, 112
Trd, 4319158.943, 111
Trd, 4319159.093, 139
Trd, 4319159.443, 139
Trd, 4319159.893, 100
Trd, 4319160.893, 140
Trd, 4319161.293, 140
Trd, 4319162.493, 67
Trd, 4319162.543, 62
Trd, 4319164.243, 92
Trd, 4319165.243, 114
Trd, 4319165.393, 113
Trd, 4319166.343, 140
Trd, 4319167.993, 140
Trd, 4319168.343, 135
Trd, 4319169.643, 140
Trd, 4319170.693, 140
Trd, 4319170.993, 140
Trd, 4319171.793, 140
Trd, 4319171.843, 140
Trd, 4319172.343, 140
Trd, 4319172.743, 140
Trd, 4319173.143, 139
Trd, 4319174.093, 81
Trd, 4319175.493, 140
Trd, 4319175.743, 140
Trd, 4319177.443, 140
Trd, 4319178.043, 140
Trd, 4319178.143, 118
Trd, 4319178.543, 114
Trd, 4319179.793, 139
Trd, 4319180.193, 138
Trd, 4319182.143, 140
Trd, 4319183.343, 140
Trd, 4319183.793, 140
Trd, 4319185.093, 140
Trd, 4319185.193, 140
Trd, 4319185.443, 140
Trd, 4319186.443, 134
Trd, 4319186.943, 123
Trd, 4319188.243, 60
Trd, 4319188.493, 60
Trd, 4319188.643, 63
Trd, 4319189.143, 61
Trd, 4319189.843, 64
Trd, 4319190.943, 61
Trd, 4319191.643, 61
Trd, 4319193.143, 60
Trd, 4319193.543, 60
Trd, 4319193.693, 60
Trd, 4319194.243, 62
Trd, 4319194.743, 60
Trd, 4319195.443, 60
Trd, 4319195.793, 61
Trd, 4319196.293, 65
Trd, 4319197.793, 60
Trd, 4319198.593, 60
Trd, 4319199.643, 60
Trd, 4319200.243, 60
Trd, 4319200.493, 62
Trd, 4319201.143, 61
Trd, 4319201.393, 61
Trd, 4319201.443, 62
Trd, 4319201.493, 63
Trd, 4319201.943, 62
Trd, 4319203.043, 139
Trd, 4319204.493, 60
Trd, 4319204.843, 60
Trd, 4319205.393, 60
Trd, 4319206.893, 60
Trd, 4319207.243, 60
Trd, 4319207.393, 60
Trd, 4319210.193, 60
Trd, 4319210.543, 61
Trd, 4319210.743, 62
Trd, 4319212.393, 60
Trd, 4319212.843, 60
Trd, 4319213.693, 61
Trd, 4319214.343, 63
Trd, 4319214.443, 64
Trd, 4319215.693, 60
Trd, 4319215.943, 61
Trd, 4319216.843, 60
Trd, 4319218.243, 60
Trd, 4319218.893, 61
Trd, 4319219.493, 63
Trd, 4319220.043, 66
Trd, 4319220.893, 60
Trd, 4319221.093, 60
Trd, 4319223.243, 60
Trd, 4319223.443, 60
Trd, 4319223.593, 60
Trd, 4319223.843, 60
Trd, 4319223.943, 60
Trd, 4319224.143, 65
Trd, 4319224.993, 70
Trd, 4319225.043, 61
Trd, 4319225.543, 73
Trd, 4319226.393, 60
Trd, 4319227.343, 63
Trd, 4319227.943, 60
Trd, 4319229.643, 61
Trd, 4319229.893, 66
Trd, 4319230.793, 60
Trd, 4319230.893, 60
Trd, 4319232.843, 60
Trd, 4319232.893, 60
Trd, 4319232.993, 60
Trd, 4319233.293, 61
Trd, 4319233.643, 61
Trd, 4319234.493, 60
Trd, 4319234.843, 61
Trd, 4319236.193, 60
Trd, 4319236.543, 60
Trd, 4319237.093, 61
Trd, 4319237.443, 66
Trd, 4319238.243, 65
Trd, 4319238.943, 60
Trd, 4319240.643, 61
Trd, 4319240.793, 62
Trd, 4319242.443, 60
Trd, 4319242.743, 60
Trd, 4319243.443, 60
Trd, 4319243.843, 60
Trd, 4319244.493, 60
Trd, 4319244.543, 60
Trd, 4319246.443, 60
Trd, 4319247.343, 60
Trd, 4319247.693, 60
Trd, 4319248.843, 60
Trd, 4319249.143, 62
Trd, 4319250.143, 60
Trd, 4319250.243, 60
Trd, 4319250.493, 60
Trd, 4319250.643, 60
Trd, 4319251.893, 60
Trd, 4319252.793, 61
Trd, 4319253.993, 60
Trd, 4319254.093, 60
Trd, 4319254.393, 60
Trd, 4319255.193, 60
Trd, 4319255.443, 63
Trd, 4319256.043, 60
Trd, 4319256.743, 60
Trd, 4319257.043, 60
Trd, 4319257.293, 60
Trd, 4319258.343, 60
Trd, 4319258.943, 60
Trd, 4319261.293, 60
Trd, 4319261.843, 60
Trd, 4319262.593, 62
Trd, 4319263.143, 60
Trd, 4319263.493, 60
Trd, 4319263.793, 61
Trd, 4319263.893, 64
Trd, 4319264.393, 61
Trd, 4319266.593, 60
Trd, 4319268.193, 60
Trd, 4319268.643, 60
Trd, 4319268.843, 61
Trd, 4319268.993, 63
Trd, 4319269.593, 62
Trd, 4319270.093, 61
Trd, 4319270.143, 63
Trd, 4319272.593, 64
Trd, 4319272.843, 62
Trd, 4319272.943, 65
Trd, 4319273.093, 61
Trd, 4319273.143, 71
Trd, 4319274.493, 76
Trd, 4319275.743, 140
Trd, 4319275.993, 140
Trd, 4319276.643, 140
Trd, 4319277.543, 139
Trd, 4319277.793, 84
Trd, 4319277.943, 139
Trd, 4319277.993, 94
Trd, 4319279.943, 140
Trd, 4319280.243, 140
Trd, 4319281.343, 139
Trd, 4319282.793, 140
Trd, 4319283.793, 140
Trd, 4319283.893, 140
Trd, 4319286.043, 140
Trd, 4319286.443, 140
Trd, 4319287.193, 140
Trd, 4319287.293, 140
Trd, 4319287.493, 140
Trd, 4319288.143, 128
Trd, 4319288.443, 113
Trd, 4319289.543, 140
Trd, 4319290.393, 140
Trd, 4319291.793, 140
Trd, 4319293.743, 140
Trd, 4319294.543, 140
Trd, 4319294.693, 140
Trd, 4319295.293, 139
Trd, 4319295.493, 138
Trd, 4319295.643, 140
Trd, 4319297.443, 121
Trd, 4319297.543, 119
Trd, 4319299.293, 140
Trd, 4319299.393, 140
Trd, 4319299.993, 140
Trd, 4319300.843, 140
Trd, 4319301.993, 140
Trd, 4319302.893, 140
Trd, 4319304.193, 140
Trd, 4319304.543, 140
Trd, 4319304.893, 140
Trd, 4319306.643, 140
Trd, 4319308.243, 140
Trd, 4319309.093, 140
Trd, 4319309.543, 140
Trd, 4319310.643, 140
Trd, 4319311.343, 140
Trd, 4319311.593, 140
Trd, 4319312.043, 140
Trd, 4319312.493, 140
Trd, 4319313.843, 140
Trd, 4319314.443, 127
Trd, 4319314.543, 104
Trd, 4319314.643, 103
Trd, 4319316.643, 139
Trd, 4319317.093, 140
Trd, 4319317.793, 140
Trd, 4319318.643, 140
Trd, 4319318.993, 140
Trd, 4319319.543, 139
Trd, 4319320.143, 123
Trd, 4319320.643, 140
Trd, 4319321.643, 133
Trd, 4319322.493, 100
Trd, 4319323.993, 140
Trd, 4319324.093, 140
Trd, 4319327.243, 140
Trd, 4319327.293, 140
Trd, 4319327.443, 140
Trd, 4319327.743, 140
Trd, 4319328.993, 140
Trd, 4319329.643, 139
Trd, 4319331.493, 140
Trd, 4319332.843, 140
Trd, 4319333.293, 140
Trd, 4319334.043, 140
Trd, 4319334.093, 140
Trd, 4319334.793, 139
Trd, 4319336.043, 60
Trd, 4319336.393, 60
Trd, 4319336.443, 68
Trd, 4319337.193, 60
Trd, 4319338.293, 60
Trd, 4319338.743, 60
Trd, 4319339.243, 134
Trd, 4319339.443, 133
Trd, 4319340.693, 140
Trd, 4319341.343, 140
Trd, 4319341.743, 140
Trd, 4319342.293, 140
Trd, 4319342.343, 139
Trd, 4319344.393, 140
Trd, 4319345.143, 139
Trd, 4319346.143, 140
Trd, 4319346.293, 140
Trd, 4319346.443, 138
Trd, 4319346.543, 60
Trd, 4319348.093, 140
Trd, 4319349.443, 136
Trd, 4319349.593, 131
Trd, 4319351.693, 140
Trd, 4319352.193, 140
Trd, 4319352.593, 140
Trd, 4319353.493, 140
Trd, 4319354.993, 140
Trd, 4319355.793, 140
Trd, 4319356.343, 140
Trd, 4319357.443, 140
Trd, 4319357.493, 140
Trd, 4319358.193, 140
Trd, 4319359.193, 110
Trd, 4319360.043, 140
Trd, 4319361.143, 140
Trd, 4319361.793, 140
Trd, 4319363.093, 140
Trd, 4319363.443, 140
Trd, 4319364.193, 140
Trd, 4319364.993, 140
Trd, 4319365.543, 138
Trd, 4319367.243, 140
Trd, 4319367.743, 140
Trd, 4319368.093, 140
Trd, 4319368.643, 140
Trd, 4319370.793, 140
Trd, 4319371.343, 139
Trd, 4319371.743, 99
Trd, 4319371.843, 99
Trd, 4319372.143, 118
Trd, 4319374.493, 140
Trd, 4319374.593, 140
Trd, 4319375.143, 140
Trd, 4319375.443, 140
Trd, 4319375.693, 140
Trd, 4319377.293, 140
Trd, 4319377.643, 140
Trd, 4319378.143, 140
Trd, 4319379.093, 140
Trd, 4319380.843, 140
Trd, 4319381.193, 140
Trd, 4319381.343, 140
Trd, 4319381.943, 140
Trd, 4319384.593, 140
Trd, 4319384.943, 140
Trd, 4319385.593, 140
Trd, 4319386.143, 139
Trd, 4319386.343, 138
Trd, 4319387.393, 140
Trd, 4319388.643, 140
Trd, 4319388.693, 140
Trd, 4319389.043, 138
Trd, 4319389.593, 139
Trd, 4319390.393, 140
Trd, 4319390.943, 140
Trd, 4319391.343, 139
Trd, 4319391.593, 84
Trd, 4319391.893, 84
Trd, 4319391.943, 82
Trd, 4319393.093, 140
Trd, 4319393.243, 140
Trd, 4319393.593, 140
Trd, 4319394.093, 91
Trd, 4319394.843, 138
Trd, 4319396.093, 91
Trd, 4319396.943, 140
Trd, 4319397.243, 140
Trd, 4319398.743, 140
Trd, 4319399.193, 140
Trd, 4319399.593, 103
Trd, 4319400.543, 81
Trd, 4319401.593, 140
Trd, 4319403.143, 140
Trd, 4319403.493, 140
Trd, 4319405.543, 140
Trd, 4319406.343, 140
Trd, 4319407.293, 140
Trd, 4319407.543, 139
Trd, 4319408.393, 139
Trd, 4319408.993, 140
Trd, 4319409.643, 140
Trd, 4319410.293, 140
Trd, 4319411.643, 140
Trd, 4319412.343, 140
Trd, 4319413.193, 140
Trd, 4319413.743, 140
Trd, 4319414.393, 140
Trd, 4319414.843, 140
Trd, 4319414.993, 140
Trd, 4319415.043, 140
Trd, 4319415.293, 62
Trd, 4319416.793, 140
Trd, 4319418.243, 60
Trd, 4319418.393, 60
Trd, 4319419.193, 140
Trd, 4319419.343, 140
Trd, 4319421.593, 140
Trd, 4319421.793, 140
Trd, 4319421.993, 140
Trd, 4319422.693, 140
Trd, 4319423.593, 140
Trd, 4319424.393, 140
Trd, 4319424.443, 139
Trd, 4319424.543, 109
Trd, 4319425.893, 128
Trd, 4319426.993, 79
Trd, 4319427.543, 138
Trd, 4319428.893, 140
Trd, 4319430.543, 140
Trd, 4319431.543, 140
Trd, 4319431.693, 139
Trd, 4319431.993, 140
Trd, 4319433.193, 140
Trd, 4319434.193, 139
Trd, 4319434.243, 138
Trd, 4319435.243, 140
Trd, 4319435.543, 139
Trd, 4319436.293, 139
Trd, 4319436.943, 136
Trd, 4319437.743, 94
Trd, 4319437.893, 102
Trd, 4319438.393, 69
Trd, 4319439.893, 60
Trd, 4319440.493, 60
Trd, 4319441.093, 60
Trd, 4319441.493, 60
Trd, 4319441.543, 61
Trd, 4319443.593, 140
Trd, 4319444.593, 139
Trd, 4319444.993, 140
Trd, 4319445.193, 138
Trd, 4319445.793, 106
Trd, 4319446.743, 60
Trd, 4319447.093, 60
Trd, 4319447.443, 62
Trd, 4319447.943, 68
Trd, 4319448.893, 61
Trd, 4319449.143, 61
Trd, 4319451.693, 60
Trd, 4319452.143, 60
Trd, 4319452.543, 61
Trd, 4319454.943, 60
Trd, 4319455.943, 60
Trd, 4319456.143, 61
Trd, 4319456.493, 61
Trd, 4319456.593, 61
Trd, 4319456.893, 62
Trd, 4319457.443, 63
Trd, 4319457.943, 63
Trd, 4319458.493, 64
Trd, 4319458.943, 60
Trd, 4319459.143, 60
Trd, 4319459.743, 61
Trd, 4319459.943, 69
Trd, 4319460.993, 140
Trd, 4319461.693, 139
Trd, 4319462.343, 70
Trd, 4319462.743, 126
Trd, 4319463.593, 62
Trd, 4319464.693, 60
Trd, 4319465.243, 60
Trd, 4319466.243, 60
Trd, 4319466.393, 60
Trd, 4319466.743, 60
Trd, 4319467.093, 60
Trd, 4319467.943, 61
Trd, 4319468.343, 62
Trd, 4319468.593, 62
Trd, 4319468.793, 63
Trd, 4319468.993, 62
Trd, 4319470.193, 60
Trd, 4319470.593, 61
Trd, 4319472.243, 60
Trd, 4319472.443, 60
Trd, 4319472.593, 60
Trd, 4319474.393, 60
Trd, 4319474.843, 61
Trd, 4319474.893, 62
Trd, 4319475.893, 60
Trd, 4319477.193, 62
Trd, 4319477.393, 64
Trd, 4319478.693, 64
Trd, 4319479.193, 60
Trd, 4319479.443, 68
Trd, 4319480.743, 60
Trd, 4319481.143, 60
Trd, 4319481.243, 60
Trd, 4319481.643, 60
Trd, 4319481.843, 62
Trd, 4319482.543, 60
Trd, 4319485.193, 60
Trd, 4319485.393, 60
Trd, 4319485.543, 60
Trd, 4319486.643, 60
Trd, 4319487.543, 60
Trd, 4319488.193, 62
Trd, 4319488.343, 64
Trd, 4319489.193, 61
Trd, 4319489.443, 65
Trd, 4319489.743, 61
Trd, 4319490.243, 61
Trd, 4319490.393, 60
Trd, 4319492.243, 60
Trd, 4319492.493, 60
Trd, 4319492.643, 60
Trd, 4319493.443, 62
Trd, 4319495.643, 60
Trd, 4319496.243, 60
Trd, 4319497.493, 60
Trd, 4319497.593, 60
Trd, 4319497.993, 63
Trd, 4319498.743, 60
Trd, 4319498.993, 60
Trd, 4319499.893, 62
Trd, 4319501.793, 60
Trd, 4319502.393, 60
Trd, 4319502.643, 60
Trd, 4319502.943, 60
Trd, 4319503.043, 78
Trd, 4319504.943, 61
Trd, 4319505.243, 61
Trd, 4319505.793, 61
Trd, 4319506.143, 60
Trd, 4319507.493, 60
Trd, 4319508.693, 60
Trd, 4319508.893, 60
Trd, 4319509.393, 62
Trd, 4319509.993, 60
Trd, 4319511.043, 60
Trd, 4319511.493, 60
Trd, 4319511.943, 61
Trd, 4319512.093, 62
Trd, 4319512.293, 63
Trd, 4319512.493, 61
Trd, 4319513.943, 62
Trd, 4319514.043, 63
Trd, 4319515.043, 60
Trd, 4319516.343, 60
Trd, 4319516.993, 60
Trd, 4319517.793, 63
Trd, 4319517.893, 63
Trd, 4319518.543, 62
Trd, 4319518.843, 61
Trd, 4319519.643, 62
Trd, 4319520.843, 60
Trd, 4319521.393, 61
Trd, 4319522.793, 60
Trd, 4319522.893, 60
Trd, 4319524.093, 60
Trd, 4319524.243, 63
Trd, 4319524.293, 71
Trd, 4319525.043, 60
Trd, 4319525.243, 60
Trd, 4319525.493, 67
Trd, 4319526.493, 61
Trd, 4319527.493, 64
Trd, 4319527.943, 60
Trd, 4319529.443, 61
Trd, 4319529.693, 63
Trd, 4319530.243, 62
Trd, 4319530.893, 60
Trd, 4319531.843, 61
Trd, 4319532.393, 61
Trd, 4319532.643, 62
Trd, 4319534.443, 60
Trd, 4319535.243, 60
Trd, 4319535.343, 61
Trd, 4319535.993, 60
Trd, 4319536.193, 68
Trd, 4319537.043, 68
Trd, 4319538.293, 60
Trd, 4319539.993, 60
Trd, 4319540.493, 60
Trd, 4319540.593, 60
Trd, 4319541.693, 60
Trd, 4319541.743, 60
Trd, 4319542.243, 61
Trd, 4319544.043, 60
Trd, 4319544.943, 60
Trd, 4319545.843, 62
Trd, 4319546.693, 61
Trd, 4319547.343, 61
Trd, 4319548.393, 60
Trd, 4319548.793, 61
Trd, 4319549.543, 60
Trd, 4319549.843, 62
Trd, 4319550.843, 63
Trd, 4319551.443, 60
Trd, 4319551.793, 64
Trd, 4319551.993, 123
Trd, 4319552.543, 63
Trd, 4319552.893, 62
Trd, 4319553.543, 64
Trd, 4319554.893, 60
Trd, 4319555.043, 60
Trd, 4319555.143, 76
Trd, 4319556.243, 60
Trd, 4319556.993, 63
Trd, 4319557.043, 80
Trd, 4319558.593, 139
Trd, 4319558.693, 139
Trd, 4319560.243, 140
Trd, 4319560.393, 140
Trd, 4319561.043, 140
Trd, 4319562.393, 140
Trd, 4319562.443, 140
Trd, 4319564.543, 140
Trd, 4319564.893, 140
Trd, 4319564.993, 137
Trd, 4319565.093, 81
Trd, 4319566.193, 140
Trd, 4319566.843, 140
Trd, 4319566.893, 138
Trd, 4319568.293, 138
Trd, 4319568.343, 137
Trd, 4319569.143, 64
Trd, 4319570.343, 140
Trd, 4319570.693, 140
Trd, 4319571.743, 140
Trd, 4319572.943, 140
Trd, 4319573.293, 139
Trd, 4319574.743, 140
Trd, 4319575.543, 140
Trd, 4319575.743, 140
Trd, 4319576.193, 139
Trd, 4319577.193, 140
Trd, 4319578.193, 140
Trd, 4319578.743, 140
Trd, 4319579.593, 140
Trd, 4319580.993, 140
Trd, 4319581.293, 140
Trd, 4319581.993, 139
Trd, 4319582.093, 139
Trd, 4319583.343, 140
Trd, 4319583.793, 139
Trd, 4319585.593, 140
Trd, 4319585.993, 140
Trd, 4319586.843, 134
Trd, 4319587.343, 128
Trd, 4319587.743, 63
Trd, 4319588.293, 66
Trd, 4319589.143, 66
Trd, 4319589.743, 65
Trd, 4319591.293, 60
Trd, 4319591.493, 60
Trd, 4319592.343, 60
Trd, 4319592.443, 60
Trd, 4319592.643, 60
Trd, 4319592.843, 60
Trd, 4319593.143, 96
Trd, 4319593.393, 94
Trd, 4319594.343, 61
Trd, 4319596.393, 60
Trd, 4319596.443, 71
Trd, 4319597.243, 140
Trd, 4319597.993, 140
Trd, 4319598.643, 140
Trd, 4319599.343, 140
Trd, 4319599.393, 133
Trd, 4319600.293, 131
Trd, 4319602.543, 140
Trd, 4319603.043, 140
Trd, 4319603.293, 140
Trd, 4319604.043, 140
Trd, 4319605.593, 140
Trd, 4319605.693, 139
Trd, 4319605.793, 139
Trd, 4319606.543, 140
Trd, 4319607.343, 139
Trd, 4319608.343, 140
Trd, 4319610.093, 140
Trd, 4319610.393, 140
Trd, 4319610.793, 136
Trd, 4319611.143, 107
Trd, 4319611.943, 140
Trd, 4319612.093, 104
Trd, 4319613.243, 139
Trd, 4319613.943, 139
Trd, 4319614.343, 139
Trd, 4319616.043, 140
Trd, 4319616.393, 140
Trd, 4319618.643, 140
Trd, 4319619.443, 140
Trd, 4319619.643, 140
Trd, 4319619.893, 140
Trd, 4319621.343, 140
Trd, 4319622.293, 140
Trd, 4319623.443, 140
Trd, 4319624.893, 140
Trd, 4319625.993, 139
Trd, 4319626.793, 139
Trd, 4319626.843, 138
Trd, 4319628.193, 140
Trd, 4319628.243, 140
Trd, 4319629.543, 136
Trd, 4319631.243, 140
Trd, 4319631.843, 137
Trd, 4319632.693, 136
Trd, 4319632.743, 134
Trd, 4319633.693, 140
Trd, 4319633.943, 88
Trd, 4319634.993, 127
Trd, 4319635.093, 126
Trd, 4319635.743, 139
Trd, 4319636.193, 70
Trd, 4319636.793, 106
Trd, 4319637.893, 140
Trd, 4319639.393, 140
Trd, 4319640.143, 140
Trd, 4319640.543, 140
Trd, 4319640.993, 140
Trd, 4319642.043, 140
Trd, 4319642.093, 138
Trd, 4319643.093, 138
Trd, 4319643.493, 91
Trd, 4319643.893, 64
Trd, 4319645.043, 140
Trd, 4319647.893, 140
Trd, 4319648.843, 140
Trd, 4319649.043, 140
Trd, 4319649.693, 140
Trd, 4319649.893, 140
Trd, 4319650.443, 139
Trd, 4319651.193, 137
Trd, 4319653.393, 140
Trd, 4319653.443, 140
Trd, 4319654.443, 140
Trd, 4319654.743, 140
Trd, 4319654.943, 139
Trd, 4319655.343, 115
Trd, 4319655.843, 114
Trd, 4319656.343, 98
Trd, 4319656.693, 135
Trd, 4319658.193, 140
Trd, 4319658.343, 140
Trd, 4319659.593, 140
Trd, 4319661.393, 140
Trd, 4319661.543, 140
Trd, 4319661.893, 140
Trd, 4319661.993, 139
Trd, 4319663.343, 137
Trd, 4319663.743, 139
Trd, 4319664.243, 95
Trd, 4319666.143, 133
Trd, 4319666.193, 132
Trd, 4319667.143, 140
Trd, 4319667.243, 95
Trd, 4319668.143, 140
Trd, 4319668.893, 138
Trd, 4319669.893, 140
Trd, 4319670.643, 139
Trd, 4319670.843, 83
Trd, 4319672.993, 140
Trd, 4319674.393, 140
Trd, 4319674.693, 140
Trd, 4319674.843, 140
Trd, 4319675.543, 140
Trd, 4319675.843, 140
Trd, 4319677.443, 140
Trd, 4319678.543, 140
Trd, 4319678.693, 140
Trd, 4319678.793, 140
Trd, 4319679.143, 139
Trd, 4319681.293, 140
Trd, 4319681.893, 140
Trd, 4319682.693, 140
Trd, 4319682.743, 140
Trd, 4319684.193, 138
Trd, 4319684.543, 62
Trd, 4319685.043, 61
Trd, 4319685.143, 62
Trd, 4319685.593, 61
Trd, 4319686.043, 62
Trd, 4319686.543, 139
Trd, 4319686.893, 138
Trd, 4319686.993, 128
Trd, 4319688.293, 140
Trd, 4319689.843, 139
Trd, 4319690.193, 105
Trd, 4319690.893, 96
Trd, 4319692.293, 60
Trd, 4319692.593, 60
Trd, 4319692.993, 60
Trd, 4319693.843, 60
Trd, 4319694.343, 61
Trd, 4319694.443, 62
Trd, 4319694.993, 80
Trd, 4319695.393, 81
Trd, 4319695.793, 62
Trd, 4319698.043, 60
Trd, 4319698.393, 60
Trd, 4319698.493, 60
Trd, 4319698.593, 62
Trd, 4319698.693, 63
Trd, 4319700.793, 62
Trd, 4319700.843, 64
Trd, 4319701.043, 65
Trd, 4319702.043, 61
Trd, 4319702.493, 62
Trd, 4319703.343, 60
Trd, 4319704.993, 60
Trd, 4319705.443, 62
Trd, 4319706.093, 65
Trd, 4319706.593, 61
Trd, 4319706.643, 64
Trd, 4319707.193, 60
Trd, 4319707.443, 60
Trd, 4319707.743, 60
Trd, 4319707.893, 61
Trd, 4319709.293, 60
Trd, 4319709.643, 60
Trd, 4319710.593, 60
Trd, 4319711.893, 60
Trd, 4319712.343, 60
Trd, 4319713.043, 60
Trd, 4319713.543, 60
Trd, 4319713.743, 60
Trd, 4319714.293, 60
Trd, 4319716.493, 61
Trd, 4319716.693, 63
Trd, 4319719.493, 60
Trd, 4319719.593, 63
Trd, 4319719.943, 60
Trd, 4319719.993, 60
Trd, 4319720.143, 61
Trd, 4319720.693, 62
Trd, 4319720.843, 63
Trd, 4319722.293, 140
Trd, 4319723.243, 140
Trd, 4319723.543, 140
Trd, 4319723.993, 140
Trd, 4319724.043, 139
Trd, 4319725.393, 60
Trd, 4319725.943, 61
Trd, 4319726.443, 60
Trd, 4319728.043, 60
Trd, 4319729.843, 60
Trd, 4319729.943, 60
Trd, 4319730.443, 60
Trd, 4319730.643, 62
Trd, 4319731.093, 63
Trd, 4319732.543, 61
Trd, 4319734.493, 60
Trd, 4319735.043, 60
Trd, 4319735.143, 60
Trd, 4319735.293, 61
Trd, 4319736.493, 60
Trd, 4319736.643, 60
Trd, 4319737.143, 66
Trd, 4319737.293, 68
Trd, 4319738.793, 62
Trd, 4319740.493, 60
Trd, 4319740.643, 60
Trd, 4319741.793, 60
Trd, 4319741.843, 60
Trd, 4319742.743, 60
Trd, 4319743.593, 62
Trd, 4319743.743, 64
Trd, 4319743.943, 64
Trd, 4319744.643, 65
Trd, 4319745.243, 67
Trd, 4319745.743, 63
Trd, 4319746.793, 60
Trd, 4319748.043, 60
Trd, 4319749.293, 60
Trd, 4319749.343, 60
Trd, 4319749.493, 60
Trd, 4319749.543, 60
Trd, 4319751.193, 60
Trd, 4319751.693, 60
Trd, 4319751.943, 60
Trd, 4319751.993, 60
Trd, 4319752.593, 60
Trd, 4319753.043, 64
Trd, 4319753.143, 73
Trd, 4319753.893, 64
Trd, 4319753.943, 65
Trd, 4319754.343, 70
Trd, 4319756.793, 140
Trd, 4319757.043, 140
Trd, 4319757.343, 137
Trd, 4319757.793, 88
Trd, 4319759.043, 104
Trd, 4319759.193, 140
Trd, 4319759.943, 140
Trd, 4319760.993, 140
Trd, 4319762.343, 140
Trd, 4319762.393, 140
Trd, 4319762.843, 140
Trd, 4319764.893, 138
Trd, 4319765.193, 106
Trd, 4319765.893, 139
Trd, 4319766.543, 140
Trd, 4319766.943, 140
Trd, 4319767.143, 77
Trd, 4319767.893, 140
Trd, 4319769.293, 140
Trd, 4319770.393, 139
Trd, 4319770.443, 137
Trd, 4319773.493, 140
Trd, 4319773.693, 140
Trd, 4319773.993, 140
Trd, 4319774.343, 140
Trd, 4319775.693, 140
Trd, 4319775.893, 140
Trd, 4319777.143, 138
Trd, 4319778.093, 137
Trd, 4319778.543, 115
Trd, 4319779.793, 140
Trd, 4319780.693, 140
Trd, 4319781.893, 140
Trd, 4319781.993, 140
Trd, 4319783.043, 140
Trd, 4319783.143, 140
Trd, 4319783.693, 122
Trd, 4319784.443, 139
Trd, 4319786.793, 140
Trd, 4319787.293, 140
Trd, 4319787.593, 140
Trd, 4319789.193, 140
Trd, 4319789.493, 140
Trd, 4319790.293, 138
Trd, 4319790.743, 97
Trd, 4319791.343, 60
Trd, 4319791.693, 61
Trd, 4319792.493, 96
Trd, 4319793.493, 136
Trd, 4319793.743, 135
Trd, 4319795.093, 61
Trd, 4319795.193, 64
Trd, 4319795.893, 139
Trd, 4319796.493, 95
Trd, 4319797.243, 91
Trd, 4319798.493, 140
Trd, 4319798.793, 140
Trd, 4319798.843, 139
Trd, 4319799.893, 102
Trd, 4319800.743, 140
Trd, 4319801.493, 138
Trd, 4319801.543, 129
Trd, 4319803.093, 139
Trd, 4319803.693, 140
Trd, 4319803.993, 140
Trd, 4319804.443, 139
Trd, 4319805.743, 130
Trd, 4319805.993, 139
Trd, 4319806.043, 100
Trd, 4319807.543, 140
Trd, 4319808.493, 140
Trd, 4319809.093, 140
Trd, 4319810.143, 140
Trd, 4319811.893, 140
Trd, 4319812.743, 140
Trd, 4319812.993, 140
Trd, 4319813.093, 140
Trd, 4319813.393, 140
Trd, 4319815.043, 140
Trd, 4319815.943, 140
Trd, 4319817.693, 140
Trd, 4319817.793, 140
Trd, 4319819.543, 140
Trd, 4319819.893, 140
Trd, 4319820.543, 140
Trd, 4319820.893, 140
Trd, 4319821.893, 140
Trd, 4319822.543, 140
Trd, 4319823.093, 139
Trd, 4319823.443, 139
Trd, 4319824.043, 140
Trd, 4319824.593, 138
Trd, 4319826.143, 123
Trd, 4319827.393, 140
Trd, 4319827.743, 139
Trd, 4319828.193, 138
Trd, 4319829.793, 139
Trd, 4319831.043, 140
Trd, 4319831.343, 140
Trd, 4319831.443, 140
Trd, 4319832.293, 114
Trd, 4319832.543, 140
Trd, 4319833.293, 115
Trd, 4319833.393, 95
Trd, 4319835.643, 61
Trd, 4319836.493, 60
Trd, 4319836.893, 60
Trd, 4319837.093, 63
Trd, 4319840.493, 60
Trd, 4319841.143, 60
Trd, 4319841.493, 60
Trd, 4319841.793, 61
Trd, 4319842.243, 60
Trd, 4319842.443, 60
Trd, 4319842.543, 61
Trd, 4319842.693, 64
Trd, 4319843.343, 63
Trd, 4319843.643, 64
Trd, 4319845.043, 140
Trd, 4319845.593, 140
Trd, 4319845.643, 105
Trd, 4319847.493, 139
Trd, 4319847.843, 138
Trd, 4319848.293, 114
Trd, 4319849.193, 62
Trd, 4319849.343, 61
Trd, 4319849.893, 61
Trd, 4319850.043, 61
Trd, 4319850.593, 61
Trd, 4319850.943, 61
Trd, 4319851.543, 62
Trd, 4319852.693, 62
Trd, 4319852.843, 64
Trd, 4319853.043, 66
Trd, 4319853.893, 75
Trd, 4319854.543, 60
Trd, 4319855.043, 60
Trd, 4319855.843, 61
Trd, 4319857.593, 64
Trd, 4319858.393, 62
Trd, 4319858.693, 65
Trd, 4319859.193, 65
Trd, 4319861.393, 60
Trd, 4319861.693, 60
Trd, 4319862.243, 60
Trd, 4319862.393, 63
Trd, 4319862.743, 66
Trd, 4319863.243, 63
Trd, 4319863.343, 66
Trd, 4319863.543, 69
Trd, 4319864.243, 60
Trd, 4319864.843, 140
Trd, 4319865.793, 140
Trd, 4319866.593, 140
Trd, 4319866.893, 140
Trd, 4319868.643, 140
Trd, 4319870.293, 140
Trd, 4319870.793, 140
Trd, 4319871.093, 140
Trd, 4319872.543, 140
Trd, 4319872.593, 140
Trd, 4319873.743, 140
Trd, 4319874.643, 140
Trd, 4319875.193, 140
Trd, 4319875.943, 140
Trd, 4319876.293, 140
Trd, 4319876.393, 138
Trd, 4319878.643, 140
Trd, 4319880.443, 131
Trd, 4319880.793, 130
Trd, 4319880.893, 69
Trd, 4319881.293, 68
Trd, 4319881.693, 62
Trd, 4319882.393, 60
Trd, 4319883.343, 60
Trd, 4319883.543, 61
Trd, 4319885.693, 60
Trd, 4319886.593, 60
Trd, 4319887.493, 60
Trd, 4319887.693, 61
Trd, 4319888.093, 62
Trd, 4319888.243, 61
Trd, 4319888.343, 62
Trd, 4319889.393, 65
Trd, 4319890.593, 60
Trd, 4319890.943, 61
Trd, 4319891.193, 60
Trd, 4319891.393, 61
Trd, 4319892.043, 60
Trd, 4319893.043, 60
Trd, 4319893.443, 60
Trd, 4319893.693, 60
Trd, 4319894.293, 65
Trd, 4319896.343, 61
Trd, 4319896.843, 61
Trd, 4319897.143, 61
Trd, 4319897.393, 60
Trd, 4319897.743, 60
Trd, 4319899.043, 61
Trd, 4319900.543, 60
Trd, 4319900.843, 60
Trd, 4319900.993, 60
Trd, 4319901.543, 60
Trd, 4319901.993, 60
Trd, 4319902.143, 60
Trd, 4319902.593, 62
Trd, 4319903.343, 62
Trd, 4319903.543, 63
Trd, 4319904.243, 139
Trd, 4319905.543, 60
Trd, 4319906.593, 140
Trd, 4319908.293, 61
Trd, 4319908.643, 62
Trd, 4319909.343, 65
Trd, 4319909.393, 67
Trd, 4319911.693, 60
Trd, 4319912.043, 62
Trd, 4319912.143, 61
Trd, 4319912.643, 63
Trd, 4319912.793, 69
Trd, 4319913.193, 140
Trd, 4319913.393, 140
Trd, 4319914.893, 140
Trd, 4319915.143, 88
Trd, 4319915.293, 71
Trd, 4319916.343, 140
Trd, 4319917.293, 140
Trd, 4319917.743, 140
Trd, 4319919.093, 140
Trd, 4319919.593, 139
Trd, 4319919.743, 138
Trd, 4319920.443, 138
Trd, 4319920.643, 140
Trd, 4319921.543, 139
Trd, 4319922.993, 139
Trd, 4319923.393, 139
Trd, 4319924.193, 140
Trd, 4319925.293, 140
Trd, 4319926.743, 140
Trd, 4319928.093, 140
Trd, 4319928.793, 140
Trd, 4319929.143, 140
Trd, 4319930.493, 140
Trd, 4319930.743, 140
Trd, 4319930.793, 140
Trd, 4319931.643, 138
Trd, 4319932.093, 140
Trd, 4319933.293, 140
Trd, 4319934.693, 140
Trd, 4319936.493, 140
Trd, 4319936.693, 140
Trd, 4319936.793, 138
Trd, 4319936.943, 138
Trd, 4319938.443, 140
Trd, 4319939.243, 139
Trd, 4319939.443, 140
Trd, 4319939.593, 139
Trd, 4319940.193, 60
Trd, 4319941.793, 132
Trd, 4319942.593, 138
Trd, 4319943.043, 137
Trd, 4319944.243, 140
Trd, 4319944.993, 117
Trd, 4319945.943, 140
Trd, 4319946.093, 139
Trd, 4319946.993, 106
Trd, 4319947.093, 105
Trd, 4319947.293, 104
Trd, 4319947.743, 140
Trd, 4319950.193, 140
Trd, 4319950.393, 140
Trd, 4319952.093, 140
Trd, 4319953.143, 140
Trd, 4319954.393, 140
Trd, 4319954.593, 140
Trd, 4319954.943, 140
Trd, 4319956.193, 129
Trd, 4319957.143, 139
Trd, 4319958.193, 140
Trd, 4319958.343, 140
Trd, 4319959.243, 136
Trd, 4319960.843, 140
Trd, 4319961.993, 140
Trd, 4319962.393, 140
Trd, 4319962.493, 139
Trd, 4319963.243, 140
Trd, 4319964.193, 140
Trd, 4319964.393, 140
Trd, 4319964.743, 111
Trd, 4319965.093, 138
Trd, 4319965.843, 139
Trd, 4319966.443, 76
Trd, 4319968.593, 140
Trd, 4319969.143, 140
Trd, 4319969.543, 140
Trd, 4319970.393, 140
Trd, 4319971.043, 140
Trd, 4319971.393, 140
Trd, 4319971.843, 140
Trd, 4319972.393, 140
Trd, 4319973.193, 139
Trd, 4319973.243, 140
Trd, 4319974.843, 139
Trd, 4319974.943, 110
Trd, 4319975.893, 138
Trd, 4319976.043, 78
Trd, 4319976.593, 60
Trd, 4319977.643, 60
Trd, 4319977.743, 60
Trd, 4319979.343, 61
Trd, 4319979.993, 60
Trd, 4319980.043, 61
Trd, 4319980.243, 69
Trd, 4319981.493, 76
Trd, 4319983.393, 139
Trd, 4319983.593, 138
Trd, 4319983.793, 137
Trd, 4319985.943, 140
Trd, 4319986.143, 140
Trd, 4319986.793, 140
Trd, 4319986.943, 140
Trd, 4319987.743, 140
Trd, 4319988.843, 140
Trd, 4319989.693, 140
Trd, 4319990.643, 140
Trd, 4319990.943, 140
Trd, 4319992.343, 140
Trd, 4319992.993, 140
Trd, 4319993.043, 140
Trd, 4319995.593, 140
Trd, 4319996.343, 140
Trd, 4319997.793, 140
Trd, 4319998.943, 140
Trd, 4319998.993, 140
Trd, 4319999.843, 140
