Trd, 4318042.893, 135
Trd, 4318043.843, 139
Trd, 4318043.943, 133
Trd, 4318044.693, 131
Trd, 4318046.143, 131
Trd, 4318047.643, 124
Trd, 4318048.443, 120
Trd, 4318048.693, 93
Trd, 4318048.843, 111
Trd, 4318051.343, 127
Trd, 4318051.643, 118
Trd, 4318052.093, 120
Trd, 4318053.343, 120
Trd, 4318054.193, 123
Trd, 4318054.393, 83
Trd, 4318054.893, 112
Trd, 4318055.443, 133
Trd, 4318055.993, 117
Trd, 4318056.593, 106
Trd, 4318056.843, 111
Trd, 4318057.543, 107
Trd, 4318057.893, 107
Trd, 4318059.343, 125
Trd, 4318060.043, 109
Trd, 4318060.943, 115
Trd, 4318062.593, 124
Trd, 4318062.743, 124
Trd, 4318063.793, 139
Trd, 4318064.243, 133
Trd, 4318065.893, 128
Trd, 4318066.243, 122
Trd, 4318067.293, 102
Trd, 4318069.843, 138
Trd, 4318069.943, 131
Trd, 4318070.193, 130
Trd, 4318070.243, 111
Trd, 4318070.593, 106
Trd, 4318071.893, 114
Trd, 4318072.993, 123
Trd, 4318073.643, 123
Trd, 4318074.293, 127
Trd, 4318074.893, 101
Trd, 4318075.143, 85
Trd, 4318076.093, 73
Trd, 4318079.543, 136
Trd, 4318079.793, 134
Trd, 4318080.893, 123
Trd, 4318082.293, 127
Trd, 4318083.143, 109
Trd, 4318083.543, 136
Trd, 4318084.893, 137
Trd, 4318085.493, 133
Trd, 4318085.843, 134
Trd, 4318085.893, 133
Trd, 4318086.343, 140
Trd, 4318087.093, 111
Trd, 4318087.643, 103
Trd, 4318088.043, 118
Trd, 4318090.393, 109
Trd, 4318090.843, 121
Trd, 4318091.593, 121
Trd, 4318092.043, 118
Trd, 4318095.543, 131
Trd, 4318095.743, 129
Trd, 4318097.143, 125
Trd, 4318097.543, 112
Trd, 4318098.443, 132
Trd, 4318099.543, 140
Trd, 4318101.243, 127
Trd, 4318102.743, 133
Trd, 4318103.993, 132
Trd, 4318104.943, 115
Trd, 4318106.893, 140
Trd, 4318108.193, 119
Trd, 4318108.693, 107
Trd, 4318109.043, 113
Trd, 4318110.293, 94
Trd, 4318111.193, 132
Trd, 4318111.943, 133
Trd, 4318113.993, 128
Trd, 4318114.693, 108
Trd, 4318115.493, 134
Trd, 4318115.893, 101
Trd, 4318116.593, 111
Trd, 4318117.243, 112
Trd, 4318120.043, 136
Trd, 4318120.693, 131
Trd, 4318123.943, 122
Trd, 4318126.193, 135
Trd, 4318127.043, 122
Trd, 4318127.393, 131
Trd, 4318128.143, 100
Trd, 4318128.743, 89
Trd, 4318129.443, 91
Trd, 4318129.743, 132
Trd, 4318130.043, 118
Trd, 4318131.143, 118
Trd, 4318131.343, 115
Trd, 4318132.693, 86
Trd, 4318133.493, 88
Trd, 4318133.843, 89
Trd, 4318136.193, 118
Trd, 4318136.443, 107
Trd, 4318136.793, 122
Trd, 4318137.993, 127
Trd, 4318139.143, 137
Trd, 4318140.643, 128
Trd, 4318140.943, 124
Trd, 4318141.893, 135
Trd, 4318142.843, 131
Trd, 4318143.343, 129
Trd, 4318143.793, 124
Trd, 4318144.393, 115
Trd, 4318145.993, 122
Trd, 4318146.743, 106
Trd, 4318148.393, 133
Trd, 4318149.543, 125
Trd, 4318149.643, 122
Trd, 4318150.743, 113
Trd, 4318151.543, 110
Trd, 4318152.043, 107
Trd, 4318153.393, 139
Trd, 4318155.193, 115
Trd, 4318155.993, 137
Trd, 4318157.743, 137
Trd, 4318159.493, 128
Trd, 4318159.743, 126
Trd, 4318159.943, 122
Trd, 4318162.143, 129
Trd, 4318163.093, 134
Trd, 4318163.593, 137
Trd, 4318164.293, 126
Trd, 4318164.743, 137
Trd, 4318164.843, 123
Trd, 4318165.293, 97
Trd, 4318165.643, 87
Trd, 4318166.143, 79
Trd, 4318167.943, 132
Trd, 4318169.143, 108
Trd, 4318169.293, 106
Trd, 4318169.543, 126
Trd, 4318169.893, 102
Trd, 4318171.093, 110
Trd, 4318171.993, 107
Trd, 4318172.093, 96
Trd, 4318172.293, 75
Trd, 4318173.343, 123
Trd, 4318173.493, 115
Trd, 4318176.843, 119
Trd, 4318177.393, 94
Trd, 4318178.593, 136
Trd, 4318180.243, 129
Trd, 4318181.043, 107
Trd, 4318182.693, 128
Trd, 4318183.243, 139
Trd, 4318183.493, 123
Trd, 4318184.343, 137
Trd, 4318185.343, 123
Trd, 4318186.593, 135
Trd, 4318186.843, 117
Trd, 4318188.243, 98
Trd, 4318191.293, 126
Trd, 4318191.993, 133
Trd, 4318192.193, 139
Trd, 4318192.593, 133
Trd, 4318193.793, 127
Trd, 4318193.993, 117
Trd, 4318194.093, 115
Trd, 4318194.443, 111
Trd, 4318195.093, 128
Trd, 4318195.193, 118
Trd, 4318196.543, 84
Trd, 4318198.443, 139
Trd, 4318198.593, 120
Trd, 4318199.043, 111
Trd, 4318199.693, 135
Trd, 4318199.743, 103
Trd, 4318200.993, 120
Trd, 4318203.443, 115
Trd, 4318203.793, 115
Trd, 4318204.343, 133
Trd, 4318204.393, 99
Trd, 4318205.593, 101
Trd, 4318205.643, 96
Trd, 4318206.093, 133
Trd, 4318206.893, 121
Trd, 4318207.093, 117
Trd, 4318207.843, 107
Trd, 4318209.993, 113
Trd, 4318210.543, 107
Trd, 4318211.493, 71
Trd, 4318211.643, 106
Trd, 4318212.343, 118
Trd, 4318212.743, 91
Trd, 4318213.193, 109
Trd, 4318213.543, 89
Trd, 4318213.593, 135
Trd, 4318214.343, 83
Trd, 4318214.993, 123
Trd, 4318215.993, 108
Trd, 4318218.243, 132
Trd, 4318218.443, 123
Trd, 4318218.843, 133
Trd, 4318219.693, 134
Trd, 4318220.093, 120
Trd, 4318220.893, 130
Trd, 4318223.093, 115
Trd, 4318223.893, 121
Trd, 4318224.243, 127
Trd, 4318224.443, 109
Trd, 4318225.643, 129
Trd, 4318225.743, 111
Trd, 4318226.793, 99
Trd, 4318227.243, 94
Trd, 4318228.143, 110
Trd, 4318228.793, 100
Trd, 4318229.043, 99
Trd, 4318229.693, 123
Trd, 4318231.593, 139
Trd, 4318232.943, 138
Trd, 4318233.443, 132
Trd, 4318233.993, 120
Trd, 4318236.093, 134
Trd, 4318237.493, 132
Trd, 4318237.893, 125
Trd, 4318238.193, 106
Trd, 4318239.443, 72
Trd, 4318239.943, 118
Trd, 4318240.343, 136
Trd, 4318241.693, 125
Trd, 4318241.743, 134
Trd, 4318241.793, 120
Trd, 4318242.943, 123
Trd, 4318243.593, 105
Trd, 4318245.693, 96
Trd, 4318248.043, 127
Trd, 4318248.193, 115
Trd, 4318249.243, 132
Trd, 4318250.193, 128
Trd, 4318250.493, 123
Trd, 4318250.843, 116
Trd, 4318251.043, 111
Trd, 4318252.743, 63
Trd, 4318253.243, 99
Trd, 4318253.743, 111
Trd, 4318254.543, 107
Trd, 4318255.843, 138
Trd, 4318257.593, 102
Trd, 4318258.093, 91
Trd, 4318260.093, 138
Trd, 4318262.593, 138
Trd, 4318263.493, 132
Trd, 4318263.743, 126
Trd, 4318264.143, 114
Trd, 4318265.243, 99
Trd, 4318267.793, 105
Trd, 4318267.843, 89
Trd, 4318268.793, 138
Trd, 4318270.093, 137
Trd, 4318270.743, 131
Trd, 4318270.843, 114
Trd, 4318271.543, 137
Trd, 4318272.093, 132
Trd, 4318274.093, 135
Trd, 4318274.393, 135
Trd, 4318274.543, 134
Trd, 4318276.843, 129
Trd, 4318277.293, 127
Trd, 4318277.793, 112
Trd, 4318278.593, 96
Trd, 4318280.293, 139
Trd, 4318281.043, 121
Trd, 4318282.043, 135
Trd, 4318282.693, 121
Trd, 4318284.293, 126
Trd, 4318284.893, 126
Trd, 4318284.943, 112
Trd, 4318285.693, 111
Trd, 4318286.193, 81
Trd, 4318286.393, 77
Trd, 4318286.843, 117
Trd, 4318288.393, 126
Trd, 4318290.393, 112
Trd, 4318290.493, 117
Trd, 4318290.943, 137
Trd, 4318291.593, 139
Trd, 4318291.693, 138
Trd, 4318292.543, 113
Trd, 4318293.643, 118
Trd, 4318294.043, 119
Trd, 4318294.593, 112
Trd, 4318294.643, 114
Trd, 4318294.993, 118
Trd, 4318295.993, 131
Trd, 4318297.343, 111
Trd, 4318297.743, 104
Trd, 4318299.243, 102
Trd, 4318300.293, 135
Trd, 4318300.443, 130
Trd, 4318300.693, 133
Trd, 4318301.743, 121
Trd, 4318303.143, 130
Trd, 4318303.243, 128
Trd, 4318303.593, 121
Trd, 4318304.993, 109
Trd, 4318307.993, 107
Trd, 4318308.193, 111
Trd, 4318308.493, 91
Trd, 4318309.143, 114
Trd, 4318309.743, 97
Trd, 4318311.543, 120
Trd, 4318312.193, 114
Trd, 4318313.143, 140
Trd, 4318314.193, 115
Trd, 4318315.293, 123
Trd, 4318316.093, 124
Trd, 4318316.443, 128
Trd, 4318317.643, 117
Trd, 4318318.443, 123
Trd, 4318318.493, 105
Trd, 4318321.443, 139
Trd, 4318321.693, 137
Trd, 4318322.343, 126
Trd, 4318323.493, 127
Trd, 4318324.893, 112
Trd, 4318325.793, 136
Trd, 4318327.193, 120
Trd, 4318328.643, 114
Trd, 4318329.043, 114
Trd, 4318329.143, 124
Trd, 4318329.943, 103
Trd, 4318330.843, 91
Trd, 4318333.093, 116
Trd, 4318334.493, 104
Trd, 4318334.943, 93
Trd, 4318335.143, 112
Trd, 4318335.743, 105
Trd, 4318335.893, 96
Trd, 4318336.043, 75
Trd, 4318336.243, 111
Trd, 4318338.243, 130
Trd, 4318340.943, 139
Trd, 4318341.293, 133
Trd, 4318341.843, 90
Trd, 4318342.293, 111
Trd, 4318342.343, 128
Trd, 4318342.493, 101
Trd, 4318343.443, 102
Trd, 4318343.593, 94
Trd, 4318343.993, 114
Trd, 4318346.543, 126
Trd, 4318348.493, 130
Trd, 4318349.343, 133
Trd, 4318350.193, 123
Trd, 4318351.093, 104
Trd, 4318351.343, 101
Trd, 4318351.943, 88
Trd, 4318352.043, 100
Trd, 4318352.543, 98
Trd, 4318353.193, 140
Trd, 4318354.243, 140
Trd, 4318354.693, 129
Trd, 4318356.193, 122
Trd, 4318356.443, 94
Trd, 4318358.893, 139
Trd, 4318359.443, 119
Trd, 4318359.943, 114
Trd, 4318360.193, 114
Trd, 4318360.693, 137
Trd, 4318360.743, 94
Trd, 4318361.493, 134
Trd, 4318362.643, 114
Trd, 4318363.793, 137
Trd, 4318364.043, 113
Trd, 4318364.143, 105
Trd, 4318366.893, 83
Trd, 4318367.393, 88
Trd, 4318368.343, 119
Trd, 4318368.793, 116
Trd, 4318368.943, 140
Trd, 4318370.143, 133
Trd, 4318370.343, 129
Trd, 4318371.693, 129
Trd, 4318373.143, 140
Trd, 4318373.543, 116
Trd, 4318375.593, 104
Trd, 4318376.093, 110
Trd, 4318376.143, 102
Trd, 4318376.493, 114
Trd, 4318379.943, 130
Trd, 4318379.993, 127
Trd, 4318380.743, 99
Trd, 4318380.793, 115
Trd, 4318381.893, 109
Trd, 4318383.093, 131
Trd, 4318383.793, 124
Trd, 4318384.343, 111
Trd, 4318385.093, 124
Trd, 4318385.393, 135
Trd, 4318388.243, 140
Trd, 4318388.493, 126
Trd, 4318389.243, 137
Trd, 4318389.293, 136
Trd, 4318390.143, 126
Trd, 4318390.293, 107
Trd, 4318391.593, 125
Trd, 4318392.393, 87
Trd, 4318393.793, 90
Trd, 4318394.893, 65
Trd, 4318395.643, 105
Trd, 4318395.743, 115
Trd, 4318395.893, 122
Trd, 4318397.243, 130
Trd, 4318397.843, 115
Trd, 4318398.043, 104
Trd, 4318398.893, 73
Trd, 4318400.293, 120
Trd, 4318401.243, 100
Trd, 4318401.943, 80
Trd, 4318403.393, 140
Trd, 4318403.843, 100
Trd, 4318404.843, 110
Trd, 4318405.643, 107
Trd, 4318406.293, 110
Trd, 4318407.243, 99
Trd, 4318408.543, 133
Trd, 4318408.943, 113
Trd, 4318409.543, 120
Trd, 4318409.743, 109
Trd, 4318411.093, 73
Trd, 4318411.143, 75
Trd, 4318412.543, 64
Trd, 4318412.693, 130
Trd, 4318413.843, 137
Trd, 4318414.143, 131
Trd, 4318415.143, 127
Trd, 4318415.993, 97
Trd, 4318417.493, 138
Trd, 4318418.193, 97
Trd, 4318418.543, 88
Trd, 4318419.093, 119
Trd, 4318419.443, 125
Trd, 4318420.343, 115
Trd, 4318421.893, 124
Trd, 4318422.293, 132
Trd, 4318423.443, 140
Trd, 4318425.693, 131
Trd, 4318425.743, 131
Trd, 4318428.243, 130
Trd, 4318428.743, 129
Trd, 4318429.143, 124
Trd, 4318429.793, 132
Trd, 4318431.293, 128
Trd, 4318432.943, 127
Trd, 4318433.293, 118
Trd, 4318433.393, 102
Trd, 4318433.643, 134
Trd, 4318434.243, 133
Trd, 4318434.793, 103
Trd, 4318436.293, 119
Trd, 4318436.493, 77
Trd, 4318438.543, 139
Trd, 4318439.443, 133
Trd, 4318439.943, 124
Trd, 4318440.243, 104
Trd, 4318441.093, 136
Trd, 4318441.293, 129
Trd, 4318443.793, 130
Trd, 4318443.843, 127
Trd, 4318444.493, 139
Trd, 4318445.193, 119
Trd, 4318446.343, 120
Trd, 4318446.743, 116
Trd, 4318448.043, 100
Trd, 4318448.493, 96
Trd, 4318448.593, 94
Trd, 4318449.943, 140
Trd, 4318451.193, 124
Trd, 4318451.893, 120
Trd, 4318452.093, 98
Trd, 4318452.843, 138
Trd, 4318453.843, 112
Trd, 4318455.493, 112
Trd, 4318456.593, 125
Trd, 4318456.793, 108
Trd, 4318459.293, 131
Trd, 4318460.743, 132
Trd, 4318462.593, 134
Trd, 4318462.643, 130
Trd, 4318463.893, 111
Trd, 4318463.943, 107
Trd, 4318464.043, 103
Trd, 4318465.293, 105
Trd, 4318466.143, 131
Trd, 4318466.543, 135
Trd, 4318466.743, 100
Trd, 4318467.093, 128
Trd, 4318468.293, 125
Trd, 4318470.843, 135
Trd, 4318471.143, 132
Trd, 4318473.243, 128
Trd, 4318473.493, 110
Trd, 4318474.743, 82
Trd, 4318474.793, 101
Trd, 4318476.443, 112
Trd, 4318477.143, 133
Trd, 4318477.343, 125
Trd, 4318478.643, 120
Trd, 4318479.093, 103
Trd, 4318479.343, 120
Trd, 4318479.943, 131
Trd, 4318480.843, 120
Trd, 4318481.243, 139
Trd, 4318482.993, 128
Trd, 4318483.393, 107
Trd, 4318483.993, 123
Trd, 4318485.193, 110
Trd, 4318485.493, 102
Trd, 4318486.793, 91
Trd, 4318487.343, 123
Trd, 4318487.743, 89
Trd, 4318487.793, 102
Trd, 4318489.143, 103
Trd, 4318489.393, 80
Trd, 4318491.193, 121
Trd, 4318491.243, 118
Trd, 4318492.093, 138
Trd, 4318493.293, 140
Trd, 4318493.593, 99
Trd, 4318494.193, 128
Trd, 4318495.143, 138
Trd, 4318495.593, 93
Trd, 4318495.843, 86
Trd, 4318497.793, 86
Trd, 4318498.593, 83
Trd, 4318499.193, 81
Trd, 4318499.443, 136
Trd, 4318501.943, 83
Trd, 4318502.393, 112
Trd, 4318503.193, 110
Trd, 4318505.093, 138
Trd, 4318505.593, 130
Trd, 4318506.943, 121
Trd, 4318508.643, 112
Trd, 4318509.243, 136
Trd, 4318509.543, 122
Trd, 4318511.643, 135
Trd, 4318512.043, 123
Trd, 4318512.243, 129
Trd, 4318512.593, 127
Trd, 4318512.643, 112
Trd, 4318513.543, 121
Trd, 4318514.143, 128
Trd, 4318515.593, 68
Trd, 4318518.893, 134
Trd, 4318519.393, 129
Trd, 4318519.543, 123
Trd, 4318522.343, 137
Trd, 4318523.443, 130
Trd, 4318523.543, 119
Trd, 4318523.693, 94
Trd, 4318523.743, 89
Trd, 4318524.343, 120
Trd, 4318524.893, 138
Trd, 4318525.143, 135
Trd, 4318526.743, 119
Trd, 4318527.393, 119
Trd, 4318529.543, 132
Trd, 4318529.643, 124
Trd, 4318529.893, 125
Trd, 4318529.993, 108
Trd, 4318530.093, 102
Trd, 4318531.693, 80
Trd, 4318531.893, 93
Trd, 4318534.343, 129
Trd, 4318535.143, 114
Trd, 4318535.743, 132
Trd, 4318536.493, 102
Trd, 4318536.943, 85
Trd, 4318537.643, 114
Trd, 4318539.093, 118
Trd, 4318539.743, 80
Trd, 4318540.343, 120
Trd, 4318541.193, 78
Trd, 4318541.393, 90
Trd, 4318542.143, 127
Trd, 4318542.893, 108
Trd, 4318544.443, 105
Trd, 4318546.093, 106
Trd, 4318547.593, 128
Trd, 4318547.893, 119
Trd, 4318548.593, 130
Trd, 4318549.393, 119
Trd, 4318550.593, 109
Trd, 4318551.843, 104
Trd, 4318552.343, 102
Trd, 4318554.443, 131
Trd, 4318554.643, 125
Trd, 4318555.143, 136
Trd, 4318555.843, 139
Trd, 4318557.093, 96
Trd, 4318558.093, 113
Trd, 4318559.343, 133
Trd, 4318560.293, 126
Trd, 4318560.943, 123
Trd, 4318561.043, 118
Trd, 4318562.693, 126
Trd, 4318563.443, 105
Trd, 4318563.543, 121
Trd, 4318564.843, 89
Trd, 4318565.443, 79
Trd, 4318566.443, 128
Trd, 4318566.543, 122
Trd, 4318568.093, 120
Trd, 4318568.193, 73
Trd, 4318568.993, 121
Trd, 4318571.493, 119
Trd, 4318571.743, 134
Trd, 4318571.893, 122
Trd, 4318572.793, 137
Trd, 4318573.543, 124
Trd, 4318573.843, 119
Trd, 4318574.493, 111
Trd, 4318575.193, 126
Trd, 4318575.443, 138
Trd, 4318576.843, 126
Trd, 4318578.743, 118
Trd, 4318580.243, 135
Trd, 4318580.893, 120
Trd, 4318581.893, 138
Trd, 4318583.393, 119
Trd, 4318583.693, 125
Trd, 4318584.693, 128
Trd, 4318585.293, 116
Trd, 4318585.343, 111
Trd, 4318586.093, 131
Trd, 4318586.993, 107
Trd, 4318587.543, 130
Trd, 4318588.993, 78
Trd, 4318589.093, 73
Trd, 4318590.093, 106
Trd, 4318590.343, 111
Trd, 4318591.893, 134
Trd, 4318594.593, 131
Trd, 4318594.793, 129
Trd, 4318595.443, 120
Trd, 4318595.693, 124
Trd, 4318596.143, 108
Trd, 4318597.043, 136
Trd, 4318598.343, 122
Trd, 4318599.393, 136
Trd, 4318599.443, 127
Trd, 4318600.743, 110
Trd, 4318601.793, 118
Trd, 4318602.243, 137
Trd, 4318602.793, 126
Trd, 4318603.093, 107
Trd, 4318603.643, 122
Trd, 4318605.293, 129
Trd, 4318607.193, 137
Trd, 4318607.243, 131
Trd, 4318607.793, 127
Trd, 4318608.043, 112
Trd, 4318608.643, 125
Trd, 4318610.593, 87
Trd, 4318611.043, 84
Trd, 4318613.393, 135
Trd, 4318617.693, 106
Trd, 4318617.793, 102
Trd, 4318619.543, 130
Trd, 4318619.893, 102
Trd, 4318619.943, 76
Trd, 4318620.493, 121
Trd, 4318620.643, 124
Trd, 4318621.993, 128
Trd, 4318622.893, 138
Trd, 4318624.193, 123
Trd, 4318624.243, 114
Trd, 4318625.743, 93
Trd, 4318626.593, 112
Trd, 4318626.793, 115
Trd, 4318627.893, 84
Trd, 4318629.893, 113
Trd, 4318630.593, 110
Trd, 4318632.243, 125
Trd, 4318633.443, 115
Trd, 4318634.493, 123
Trd, 4318635.093, 105
Trd, 4318636.143, 122
Trd, 4318638.143, 140
Trd, 4318639.693, 140
Trd, 4318640.193, 133
Trd, 4318641.493, 100
Trd, 4318641.693, 97
Trd, 4318642.893, 138
Trd, 4318643.743, 118
Trd, 4318646.443, 133
Trd, 4318646.493, 120
Trd, 4318646.643, 119
Trd, 4318646.743, 138
Trd, 4318647.543, 94
Trd, 4318647.993, 103
Trd, 4318648.643, 133
Trd, 4318649.843, 124
Trd, 4318650.743, 120
Trd, 4318651.743, 135
Trd, 4318652.843, 132
Trd, 4318653.143, 127
Trd, 4318653.293, 109
Trd, 4318653.343, 88
Trd, 4318655.093, 136
Trd, 4318655.743, 116
Trd, 4318656.143, 132
Trd, 4318657.293, 113
Trd, 4318658.393, 135
Trd, 4318658.643, 123
Trd, 4318659.393, 135
Trd, 4318660.293, 109
Trd, 4318660.593, 67
Trd, 4318660.843, 125
Trd, 4318661.543, 69
Trd, 4318663.093, 110
Trd, 4318665.293, 137
Trd, 4318665.443, 128
Trd, 4318665.743, 132
Trd, 4318665.943, 104
Trd, 4318667.143, 125
Trd, 4318668.043, 134
Trd, 4318668.393, 120
Trd, 4318668.943, 105
Trd, 4318671.993, 133
Trd, 4318673.243, 129
Trd, 4318673.343, 121
Trd, 4318673.693, 120
Trd, 4318675.143, 137
Trd, 4318675.943, 140
Trd, 4318676.543, 126
Trd, 4318676.743, 101
Trd, 4318679.743, 122
Trd, 4318679.843, 124
Trd, 4318680.193, 129
Trd, 4318681.543, 131
Trd, 4318681.693, 118
Trd, 4318682.893, 132
Trd, 4318684.043, 120
Trd, 4318684.543, 99
Trd, 4318685.443, 78
Trd, 4318685.543, 92
Trd, 4318686.393, 128
Trd, 4318687.043, 116
Trd, 4318687.493, 101
Trd, 4318688.893, 135
Trd, 4318690.143, 105
Trd, 4318692.443, 130
Trd, 4318694.893, 140
Trd, 4318696.593, 140
Trd, 4318697.143, 139
Trd, 4318697.393, 136
Trd, 4318699.343, 140
Trd, 4318699.843, 132
Trd, 4318700.693, 134
Trd, 4318700.743, 128
Trd, 4318701.493, 133
Trd, 4318701.693, 128
Trd, 4318702.543, 115
Trd, 4318703.893, 129
Trd, 4318705.493, 126
Trd, 4318706.293, 138
Trd, 4318708.093, 126
Trd, 4318708.393, 113
Trd, 4318708.993, 114
Trd, 4318709.193, 106
Trd, 4318709.943, 87
Trd, 4318712.293, 123
Trd, 4318714.643, 96
Trd, 4318715.743, 126
Trd, 4318716.143, 136
Trd, 4318717.093, 98
Trd, 4318718.293, 136
Trd, 4318718.943, 129
Trd, 4318719.143, 136
Trd, 4318719.393, 117
Trd, 4318720.243, 134
Trd, 4318721.543, 135
Trd, 4318722.893, 120
Trd, 4318723.693, 103
Trd, 4318724.493, 99
Trd, 4318724.643, 101
Trd, 4318726.143, 85
Trd, 4318726.243, 84
Trd, 4318726.693, 119
Trd, 4318726.843, 76
Trd, 4318728.243, 135
Trd, 4318728.993, 120
Trd, 4318729.843, 136
Trd, 4318730.993, 114
Trd, 4318732.993, 100
Trd, 4318733.093, 97
Trd, 4318734.543, 113
Trd, 4318735.393, 140
Trd, 4318736.643, 138
Trd, 4318737.943, 132
Trd, 4318738.093, 101
Trd, 4318739.343, 130
Trd, 4318739.643, 87
Trd, 4318740.243, 127
Trd, 4318740.993, 113
Trd, 4318741.593, 97
Trd, 4318742.343, 135
Trd, 4318743.143, 133
Trd, 4318744.393, 128
Trd, 4318745.593, 113
Trd, 4318745.893, 113
Trd, 4318747.643, 128
Trd, 4318748.193, 135
Trd, 4318749.493, 123
Trd, 4318749.743, 118
Trd, 4318749.993, 99
Trd, 4318751.193, 90
Trd, 4318752.043, 100
Trd, 4318753.443, 85
Trd, 4318753.743, 101
Trd, 4318754.543, 108
Trd, 4318755.493, 131
Trd, 4318755.893, 110
Trd, 4318756.043, 80
Trd, 4318758.193, 113
Trd, 4318759.743, 107
Trd, 4318760.193, 133
Trd, 4318760.793, 125
Trd, 4318760.843, 116
Trd, 4318761.493, 112
Trd, 4318762.593, 123
Trd, 4318762.793, 77
Trd, 4318763.393, 75
Trd, 4318764.293, 79
Trd, 4318765.143, 90
Trd, 4318765.293, 73
Trd, 4318765.593, 140
Trd, 4318767.493, 89
Trd, 4318768.443, 128
Trd, 4318769.343, 132
Trd, 4318770.893, 125
Trd, 4318771.393, 121
Trd, 4318772.643, 119
Trd, 4318772.693, 84
Trd, 4318772.943, 82
Trd, 4318773.043, 67
Trd, 4318774.043, 120
Trd, 4318775.993, 129
Trd, 4318776.243, 104
Trd, 4318778.393, 127
Trd, 4318778.643, 123
Trd, 4318778.793, 129
Trd, 4318780.393, 97
Trd, 4318780.743, 94
Trd, 4318780.893, 110
Trd, 4318781.493, 119
Trd, 4318781.743, 112
Trd, 4318782.143, 117
Trd, 4318782.893, 111
Trd, 4318784.793, 99
Trd, 4318785.693, 84
Trd, 4318786.143, 94
Trd, 4318786.193, 110
Trd, 4318786.993, 79
Trd, 4318787.443, 130
Trd, 4318789.943, 113
Trd, 4318790.093, 94
Trd, 4318790.493, 112
Trd, 4318791.093, 104
Trd, 4318792.693, 95
Trd, 4318792.943, 140
Trd, 4318793.743, 122
Trd, 4318794.343, 115
Trd, 4318795.643, 127
Trd, 4318797.093, 139
Trd, 4318797.293, 127
Trd, 4318797.943, 87
Trd, 4318799.093, 125
Trd, 4318799.693, 132
Trd, 4318799.793, 102
Trd, 4318801.943, 135
Trd, 4318802.743, 136
Trd, 4318803.193, 116
Trd, 4318804.943, 108
Trd, 4318805.243, 119
Trd, 4318805.493, 132
Trd, 4318805.693, 107
Trd, 4318807.093, 114
Trd, 4318807.493, 101
Trd, 4318807.593, 116
Trd, 4318808.593, 107
Trd, 4318809.343, 86
Trd, 4318809.443, 118
Trd, 4318811.093, 89
Trd, 4318812.243, 106
Trd, 4318813.093, 110
Trd, 4318813.193, 112
Trd, 4318814.543, 73
Trd, 4318814.793, 77
Trd, 4318816.193, 135
Trd, 4318816.243, 130
Trd, 4318817.593, 122
Trd, 4318818.393, 95
Trd, 4318821.893, 133
Trd, 4318822.393, 96
Trd, 4318824.043, 137
Trd, 4318824.143, 131
Trd, 4318825.343, 126
Trd, 4318826.243, 125
Trd, 4318826.943, 136
Trd, 4318827.093, 120
Trd, 4318828.543, 128
Trd, 4318829.343, 118
Trd, 4318829.943, 130
Trd, 4318832.893, 131
Trd, 4318833.343, 140
Trd, 4318834.843, 139
Trd, 4318835.243, 123
Trd, 4318837.793, 132
Trd, 4318838.093, 128
Trd, 4318838.143, 127
Trd, 4318840.243, 127
Trd, 4318840.293, 122
Trd, 4318840.693, 136
Trd, 4318841.243, 118
Trd, 4318842.993, 103
Trd, 4318843.843, 123
Trd, 4318845.843, 121
Trd, 4318846.693, 121
Trd, 4318848.043, 97
Trd, 4318848.393, 118
Trd, 4318850.643, 92
Trd, 4318850.693, 97
Trd, 4318852.643, 134
Trd, 4318853.093, 136
Trd, 4318853.893, 122
Trd, 4318854.443, 122
Trd, 4318855.443, 97
Trd, 4318855.543, 112
Trd, 4318856.793, 106
Trd, 4318858.143, 108
Trd, 4318858.493, 134
Trd, 4318858.543, 129
Trd, 4318861.393, 125
Trd, 4318861.493, 118
Trd, 4318861.693, 109
Trd, 4318861.893, 105
Trd, 4318862.693, 132
Trd, 4318865.293, 138
Trd, 4318866.193, 105
Trd, 4318867.443, 129
Trd, 4318869.093, 127
Trd, 4318869.493, 121
Trd, 4318869.893, 139
Trd, 4318871.243, 128
Trd, 4318871.593, 135
Trd, 4318871.693, 127
Trd, 4318873.043, 137
Trd, 4318874.293, 114
Trd, 4318875.293, 100
Trd, 4318875.393, 133
Trd, 4318876.343, 67
Trd, 4318877.343, 98
Trd, 4318877.993, 91
Trd, 4318878.843, 66
Trd, 4318879.093, 85
Trd, 4318882.243, 132
Trd, 4318882.993, 110
Trd, 4318883.343, 118
Trd, 4318883.743, 138
Trd, 4318884.393, 120
Trd, 4318885.943, 131
Trd, 4318886.593, 139
Trd, 4318887.193, 126
Trd, 4318889.343, 118
Trd, 4318889.643, 136
Trd, 4318889.843, 130
Trd, 4318889.993, 109
Trd, 4318891.343, 93
Trd, 4318891.443, 132
Trd, 4318893.093, 140
Trd, 4318896.343, 137
Trd, 4318896.693, 140
Trd, 4318897.193, 127
Trd, 4318897.743, 124
Trd, 4318898.643, 104
Trd, 4318899.893, 130
Trd, 4318900.443, 106
Trd, 4318901.493, 138
Trd, 4318902.593, 121
Trd, 4318902.843, 111
Trd, 4318903.493, 139
Trd, 4318904.143, 130
Trd, 4318905.093, 135
Trd, 4318905.293, 123
Trd, 4318905.643, 114
Trd, 4318906.343, 122
Trd, 4318907.443, 105
Trd, 4318908.043, 136
Trd, 4318908.193, 111
Trd, 4318909.143, 140
Trd, 4318910.843, 100
Trd, 4318911.543, 116
Trd, 4318912.243, 92
Trd, 4318913.993, 128
Trd, 4318914.543, 108
Trd, 4318916.243, 117
Trd, 4318916.543, 114
Trd, 4318916.943, 114
Trd, 4318917.243, 132
Trd, 4318917.643, 125
Trd, 4318918.793, 133
Trd, 4318919.243, 108
Trd, 4318920.443, 62
Trd, 4318921.243, 134
Trd, 4318921.543, 129
Trd, 4318922.543, 117
Trd, 4318922.843, 120
Trd, 4318923.993, 140
Trd, 4318925.543, 119
Trd, 4318925.793, 129
Trd, 4318926.593, 138
Trd, 4318927.043, 102
Trd, 4318928.293, 132
Trd, 4318929.993, 120
Trd, 4318930.943, 111
Trd, 4318931.693, 114
Trd, 4318932.143, 95
Trd, 4318932.893, 139
Trd, 4318934.393, 107
Trd, 4318934.543, 136
Trd, 4318934.593, 105
Trd, 4318934.993, 112
Trd, 4318936.043, 136
Trd, 4318937.043, 128
Trd, 4318937.593, 118
Trd, 4318939.343, 133
Trd, 4318939.993, 130
Trd, 4318940.243, 118
Trd, 4318941.143, 139
Trd, 4318941.343, 115
Trd, 4318941.643, 100
Trd, 4318942.893, 124
Trd, 4318943.293, 124
Trd, 4318944.143, 100
Trd, 4318944.593, 107
Trd, 4318947.893, 137
Trd, 4318948.143, 132
Trd, 4318949.243, 105
Trd, 4318949.893, 129
Trd, 4318950.593, 126
Trd, 4318951.593, 121
Trd, 4318952.643, 109
Trd, 4318954.093, 98
Trd, 4318954.193, 115
Trd, 4318955.193, 80
Trd, 4318957.243, 138
Trd, 4318957.893, 139
Trd, 4318957.943, 132
Trd, 4318958.143, 111
Trd, 4318959.743, 134
Trd, 4318960.393, 116
Trd, 4318961.893, 104
Trd, 4318961.943, 87
Trd, 4318962.343, 109
Trd, 4318963.493, 96
Trd, 4318964.143, 101
Trd, 4318964.193, 87
Trd, 4318964.443, 70
Trd, 4318966.993, 75
Trd, 4318968.043, 122
Trd, 4318968.193, 115
Trd, 4318968.343, 104
Trd, 4318970.043, 97
Trd, 4318970.843, 129
Trd, 4318971.543, 124
Trd, 4318972.843, 130
Trd, 4318973.443, 115
Trd, 4318973.993, 136
Trd, 4318974.443, 138
Trd, 4318974.893, 130
Trd, 4318976.493, 125
Trd, 4318976.693, 120
Trd, 4318977.493, 112
Trd, 4318977.993, 65
Trd, 4318978.143, 119
Trd, 4318978.243, 65
Trd, 4318979.843, 131
Trd, 4318981.293, 129
Trd, 4318981.343, 104
Trd, 4318981.793, 119
Trd, 4318983.243, 129
Trd, 4318983.343, 125
Trd, 4318983.643, 139
Trd, 4318984.193, 103
Trd, 4318984.243, 73
Trd, 4318984.843, 108
Trd, 4318985.893, 125
Trd, 4318986.393, 117
Trd, 4318988.293, 75
Trd, 4318989.543, 113
Trd, 4318990.993, 136
Trd, 4318991.493, 133
Trd, 4318993.593, 130
Trd, 4318994.393, 120
Trd, 4318995.593, 135
Trd, 4318996.393, 140
Trd, 4318996.693, 132
Trd, 4318997.393, 113
Trd, 4318997.793, 113
Trd, 4318998.443, 130
Trd, 4318999.843, 140
Trd, 4319001.293, 129
Trd, 4319002.743, 139
Trd, 4319003.043, 126
Trd, 4319003.343, 106
Trd, 4319005.343, 123
Trd, 4319005.643, 139
Trd, 4319006.293, 118
Trd, 4319006.393, 140
Trd, 4319006.493, 113
Trd, 4319006.593, 109
Trd, 4319007.343, 137
Trd, 4319007.543, 99
Trd, 4319008.393, 103
Trd, 4319008.693, 118
Trd, 4319009.293, 111
Trd, 4319011.843, 120
Trd, 4319012.693, 112
Trd, 4319012.943, 108
Trd, 4319013.543, 102
Trd, 4319013.743, 99
Trd, 4319014.543, 95
Trd, 4319016.493, 128
Trd, 4319016.643, 124
Trd, 4319017.843, 131
Trd, 4319018.093, 113
Trd, 4319018.143, 108
Trd, 4319019.243, 129
Trd, 4319020.993, 137
Trd, 4319021.993, 128
Trd, 4319022.393, 134
Trd, 4319023.193, 132
Trd, 4319024.593, 128
Trd, 4319026.293, 123
Trd, 4319026.493, 118
Trd, 4319026.743, 116
Trd, 4319027.443, 104
Trd, 4319027.743, 97
Trd, 4319028.593, 134
Trd, 4319029.243, 129
Trd, 4319030.393, 62
Trd, 4319030.443, 89
Trd, 4319031.093, 95
Trd, 4319031.643, 101
Trd, 4319032.193, 63
Trd, 4319033.493, 65
Trd, 4319035.243, 140
Trd, 4319036.093, 127
Trd, 4319036.243, 68
Trd, 4319036.893, 79
Trd, 4319038.393, 101
Trd, 4319038.693, 109
Trd, 4319038.793, 93
Trd, 4319041.593, 126
Trd, 4319041.693, 120
Trd, 4319042.193, 63
Trd, 4319042.693, 89
Trd, 4319042.993, 119
Trd, 4319045.843, 130
Trd, 4319046.243, 127
Trd, 4319047.043, 140
Trd, 4319047.193, 132
Trd, 4319047.493, 119
Trd, 4319047.693, 116
Trd, 4319048.043, 91
Trd, 4319048.393, 121
Trd, 4319049.893, 96
Trd, 4319050.043, 136
Trd, 4319051.593, 140
Trd, 4319051.893, 131
Trd, 4319052.193, 122
Trd, 4319052.493, 71
Trd, 4319056.493, 140
Trd, 4319057.193, 136
Trd, 4319059.493, 132
Trd, 4319059.643, 127
Trd, 4319060.743, 118
Trd, 4319062.393, 127
Trd, 4319064.543, 122
Trd, 4319065.293, 125
Trd, 4319066.293, 118
Trd, 4319066.693, 117
Trd, 4319067.693, 138
Trd, 4319069.593, 127
Trd, 4319069.743, 116
Trd, 4319071.043, 132
Trd, 4319071.243, 123
Trd, 4319072.443, 134
Trd, 4319072.943, 127
Trd, 4319073.393, 111
Trd, 4319074.143, 139
Trd, 4319074.193, 121
Trd, 4319075.193, 120
Trd, 4319078.243, 121
Trd, 4319078.393, 131
Trd, 4319078.743, 131
Trd, 4319078.793, 116
Trd, 4319079.043, 101
Trd, 4319079.243, 100
Trd, 4319080.693, 77
Trd, 4319081.643, 102
Trd, 4319083.043, 126
Trd, 4319083.143, 115
Trd, 4319083.943, 103
Trd, 4319084.093, 100
Trd, 4319085.093, 78
Trd, 4319085.643, 136
Trd, 4319085.693, 131
Trd, 4319085.943, 81
Trd, 4319089.493, 139
Trd, 4319089.943, 131
Trd, 4319090.093, 117
Trd, 4319090.593, 109
Trd, 4319091.043, 138
Trd, 4319095.993, 102
Trd, 4319096.093, 111
Trd, 4319098.593, 135
Trd, 4319099.093, 128
Trd, 4319099.143, 118
Trd, 4319099.843, 138
Trd, 4319100.693, 132
Trd, 4319101.043, 116
Trd, 4319101.443, 115
Trd, 4319101.493, 105
Trd, 4319102.543, 112
Trd, 4319102.893, 118
Trd, 4319103.193, 109
Trd, 4319104.393, 61
Trd, 4319104.793, 134
Trd, 4319106.843, 135
Trd, 4319107.343, 107
Trd, 4319107.443, 103
Trd, 4319108.343, 112
Trd, 4319108.443, 137
Trd, 4319110.093, 111
Trd, 4319110.393, 111
Trd, 4319111.743, 137
Trd, 4319111.793, 102
Trd, 4319112.343, 119
Trd, 4319113.543, 133
Trd, 4319114.493, 118
Trd, 4319114.743, 113
Trd, 4319115.143, 92
Trd, 4319116.293, 108
Trd, 4319117.093, 97
Trd, 4319117.493, 136
Trd, 4319117.593, 120
Trd, 4319118.243, 131
Trd, 4319119.993, 112
Trd, 4319120.393, 86
Trd, 4319121.693, 76
Trd, 4319122.443, 121
Trd, 4319122.993, 119
Trd, 4319123.393, 111
Trd, 4319125.243, 93
Trd, 4319125.343, 105
Trd, 4319125.693, 131
Trd, 4319126.743, 113
Trd, 4319129.493, 119
Trd, 4319129.643, 119
Trd, 4319129.943, 128
Trd, 4319130.593, 137
Trd, 4319130.793, 120
Trd, 4319132.793, 96
Trd, 4319133.093, 114
Trd, 4319133.743, 95
Trd, 4319134.093, 140
Trd, 4319134.143, 138
Trd, 4319134.543, 104
Trd, 4319134.793, 115
Trd, 4319137.493, 133
Trd, 4319137.643, 119
Trd, 4319138.243, 120
Trd, 4319138.293, 112
Trd, 4319138.493, 99
Trd, 4319139.593, 99
Trd, 4319139.843, 93
Trd, 4319140.793, 128
Trd, 4319142.193, 93
Trd, 4319143.393, 116
Trd, 4319144.043, 97
Trd, 4319144.193, 113
Trd, 4319146.093, 113
Trd, 4319146.143, 109
Trd, 4319146.543, 108
Trd, 4319146.693, 123
Trd, 4319148.043, 93
Trd, 4319148.743, 113
Trd, 4319148.893, 91
Trd, 4319149.193, 121
Trd, 4319150.443, 134
Trd, 4319150.993, 123
Trd, 4319151.293, 120
Trd, 4319151.843, 90
Trd, 4319152.743, 122
Trd, 4319153.493, 100
Trd, 4319153.843, 105
Trd, 4319155.393, 122
Trd, 4319155.893, 117
Trd, 4319157.693, 83
Trd, 4319159.393, 115
Trd, 4319161.143, 140
Trd, 4319161.393, 137
Trd, 4319161.693, 123
Trd, 4319162.143, 135
Trd, 4319162.443, 132
Trd, 4319162.543, 122
Trd, 4319164.693, 138
Trd, 4319165.943, 132
Trd, 4319166.243, 131
Trd, 4319167.093, 139
Trd, 4319167.893, 123
Trd, 4319168.243, 134
Trd, 4319168.593, 92
Trd, 4319169.343, 136
Trd, 4319170.343, 109
Trd, 4319171.293, 131
Trd, 4319171.643, 126
Trd, 4319171.843, 118
Trd, 4319175.393, 93
Trd, 4319175.943, 126
Trd, 4319176.493, 130
Trd, 4319177.443, 112
Trd, 4319179.393, 114
Trd, 4319181.043, 139
Trd, 4319181.743, 123
Trd, 4319181.993, 98
Trd, 4319182.643, 125
Trd, 4319183.693, 102
Trd, 4319183.993, 93
Trd, 4319184.643, 84
Trd, 4319186.543, 135
Trd, 4319188.443, 136
Trd, 4319188.493, 129
Trd, 4319188.593, 116
Trd, 4319190.393, 134
Trd, 4319191.843, 138
Trd, 4319192.593, 132
Trd, 4319193.993, 127
Trd, 4319194.293, 127
Trd, 4319196.693, 138
Trd, 4319197.243, 129
Trd, 4319197.943, 130
Trd, 4319198.193, 134
Trd, 4319199.843, 126
Trd, 4319200.993, 124
Trd, 4319202.693, 136
Trd, 4319203.593, 135
Trd, 4319204.043, 123
Trd, 4319204.193, 122
Trd, 4319204.293, 118
Trd, 4319204.593, 134
Trd, 4319205.043, 112
Trd, 4319206.243, 120
Trd, 4319206.993, 117
Trd, 4319207.643, 116
Trd, 4319208.493, 108
Trd, 4319210.043, 131
Trd, 4319211.593, 134
Trd, 4319212.343, 125
Trd, 4319212.643, 123
Trd, 4319212.743, 130
Trd, 4319212.843, 140
Trd, 4319213.893, 96
Trd, 4319216.043, 124
Trd, 4319218.143, 133
Trd, 4319218.993, 125
Trd, 4319219.593, 126
Trd, 4319219.643, 119
Trd, 4319219.993, 128
Trd, 4319220.743, 136
Trd, 4319221.243, 102
Trd, 4319221.793, 99
Trd, 4319221.993, 81
Trd, 4319224.343, 110
Trd, 4319225.093, 137
Trd, 4319225.243, 115
Trd, 4319225.743, 119
Trd, 4319226.093, 110
Trd, 4319226.743, 133
Trd, 4319227.693, 117
Trd, 4319229.193, 127
Trd, 4319230.093, 105
Trd, 4319230.793, 124
Trd, 4319231.143, 132
Trd, 4319231.743, 114
Trd, 4319231.943, 114
Trd, 4319234.643, 112
Trd, 4319235.143, 140
Trd, 4319235.243, 133
Trd, 4319236.093, 97
Trd, 4319236.543, 108
Trd, 4319238.093, 115
Trd, 4319238.493, 114
Trd, 4319239.693, 99
Trd, 4319239.993, 119
Trd, 4319240.293, 121
Trd, 4319240.543, 113
Trd, 4319242.093, 138
Trd, 4319244.393, 133
Trd, 4319244.843, 129
Trd, 4319246.243, 137
Trd, 4319246.693, 121
Trd, 4319246.893, 120
Trd, 4319246.993, 109
Trd, 4319248.643, 127
Trd, 4319249.543, 129
Trd, 4319249.643, 134
Trd, 4319251.543, 118
Trd, 4319251.693, 98
Trd, 4319252.243, 120
Trd, 4319252.893, 101
Trd, 4319255.043, 137
Trd, 4319255.643, 131
Trd, 4319255.793, 123
Trd, 4319255.893, 117
Trd, 4319256.993, 134
Trd, 4319257.293, 130
Trd, 4319257.993, 126
Trd, 4319259.843, 132
Trd, 4319260.093, 115
Trd, 4319260.243, 107
Trd, 4319262.343, 135
Trd, 4319265.693, 137
Trd, 4319265.743, 129
Trd, 4319266.343, 140
Trd, 4319266.443, 127
Trd, 4319266.543, 122
Trd, 4319268.593, 121
Trd, 4319268.743, 114
Trd, 4319268.943, 103
Trd, 4319269.493, 126
Trd, 4319269.743, 91
Trd, 4319270.393, 99
Trd, 4319271.243, 121
Trd, 4319273.343, 124
Trd, 4319273.493, 121
Trd, 4319274.893, 131
Trd, 4319275.143, 121
Trd, 4319275.693, 135
Trd, 4319276.993, 105
Trd, 4319277.943, 105
Trd, 4319278.643, 119
Trd, 4319279.343, 113
Trd, 4319279.443, 110
Trd, 4319280.243, 80
Trd, 4319281.593, 123
Trd, 4319282.293, 134
Trd, 4319282.493, 106
Trd, 4319285.043, 132
Trd, 4319285.093, 128
Trd, 4319287.293, 106
Trd, 4319287.943, 106
Trd, 4319288.243, 101
Trd, 4319289.193, 125
Trd, 4319290.043, 124
Trd, 4319290.543, 130
Trd, 4319290.943, 112
Trd, 4319292.043, 133
Trd, 4319293.693, 129
Trd, 4319294.243, 117
Trd, 4319294.793, 119
Trd, 4319295.593, 78
Trd, 4319297.043, 118
Trd, 4319297.143, 110
Trd, 4319297.593, 136
Trd, 4319299.593, 138
Trd, 4319301.343, 133
Trd, 4319301.943, 128
Trd, 4319302.493, 128
Trd, 4319302.943, 109
Trd, 4319303.743, 133
Trd, 4319304.193, 126
Trd, 4319304.643, 100
Trd, 4319305.043, 89
Trd, 4319305.543, 118
Trd, 4319305.943, 135
Trd, 4319308.493, 134
Trd, 4319309.493, 134
Trd, 4319310.043, 140
Trd, 4319310.343, 120
Trd, 4319311.943, 138
Trd, 4319312.393, 132
Trd, 4319312.543, 125
Trd, 4319313.543, 127
Trd, 4319313.693, 107
Trd, 4319314.743, 87
Trd, 4319315.143, 86
Trd, 4319315.543, 100
Trd, 4319317.243, 120
Trd, 4319317.643, 118
Trd, 4319319.043, 120
Trd, 4319319.493, 134
Trd, 4319319.793, 102
Trd, 4319320.543, 130
Trd, 4319322.293, 91
Trd, 4319323.793, 119
Trd, 4319324.293, 80
Trd, 4319324.393, 114
Trd, 4319325.943, 137
Trd, 4319326.793, 121
Trd, 4319327.443, 112
Trd, 4319327.693, 111
Trd, 4319328.743, 119
Trd, 4319329.543, 130
Trd, 4319330.143, 127
Trd, 4319331.043, 137
Trd, 4319332.743, 139
Trd, 4319333.293, 121
Trd, 4319333.843, 134
Trd, 4319335.793, 117
Trd, 4319336.293, 110
Trd, 4319336.593, 105
Trd, 4319338.893, 125
Trd, 4319340.593, 118
Trd, 4319341.043, 139
Trd, 4319341.743, 109
Trd, 4319342.643, 132
Trd, 4319343.043, 130
Trd, 4319343.843, 110
Trd, 4319344.893, 120
Trd, 4319346.393, 127
Trd, 4319346.743, 124
Trd, 4319347.993, 114
Trd, 4319348.743, 111
Trd, 4319348.993, 85
Trd, 4319349.093, 129
Trd, 4319349.193, 120
Trd, 4319350.243, 63
Trd, 4319351.443, 85
Trd, 4319351.693, 115
Trd, 4319352.993, 129
Trd, 4319354.343, 114
Trd, 4319355.593, 139
Trd, 4319356.193, 129
Trd, 4319356.943, 136
Trd, 4319358.793, 121
Trd, 4319359.393, 99
Trd, 4319360.593, 131
Trd, 4319362.843, 138
Trd, 4319363.293, 140
Trd, 4319363.943, 135
Trd, 4319363.993, 89
Trd, 4319365.093, 139
Trd, 4319365.993, 132
Trd, 4319366.743, 137
Trd, 4319367.293, 116
Trd, 4319368.343, 131
Trd, 4319368.493, 128
Trd, 4319368.843, 126
Trd, 4319369.793, 135
Trd, 4319370.693, 120
Trd, 4319372.843, 140
Trd, 4319374.243, 125
Trd, 4319374.843, 106
Trd, 4319375.593, 133
Trd, 4319376.593, 110
Trd, 4319377.143, 113
Trd, 4319379.143, 134
Trd, 4319379.843, 124
Trd, 4319379.943, 112
Trd, 4319380.293, 138
Trd, 4319380.543, 104
Trd, 4319381.943, 104
Trd, 4319384.593, 135
Trd, 4319384.643, 130
Trd, 4319384.993, 124
Trd, 4319387.243, 115
Trd, 4319388.693, 125
Trd, 4319388.743, 112
Trd, 4319389.743, 91
Trd, 4319389.843, 82
Trd, 4319391.693, 109
Trd, 4319392.443, 131
Trd, 4319392.743, 116
Trd, 4319393.543, 103
Trd, 4319393.743, 135
Trd, 4319396.443, 127
Trd, 4319397.043, 137
Trd, 4319398.593, 130
Trd, 4319398.893, 125
Trd, 4319399.093, 139
Trd, 4319399.543, 119
Trd, 4319401.043, 106
Trd, 4319401.693, 100
Trd, 4319402.243, 88
Trd, 4319403.843, 129
Trd, 4319404.693, 135
Trd, 4319405.293, 138
Trd, 4319407.043, 138
Trd, 4319407.543, 135
Trd, 4319409.793, 102
Trd, 4319410.193, 105
Trd, 4319410.543, 99
Trd, 4319411.393, 122
Trd, 4319412.143, 114
Trd, 4319412.443, 127
Trd, 4319413.143, 132
Trd, 4319414.193, 133
Trd, 4319414.743, 115
Trd, 4319415.243, 111
Trd, 4319416.493, 121
Trd, 4319417.443, 119
Trd, 4319418.693, 140
Trd, 4319419.143, 133
Trd, 4319419.843, 111
Trd, 4319420.893, 102
Trd, 4319421.843, 114
Trd, 4319422.543, 120
Trd, 4319422.793, 129
Trd, 4319424.143, 119
Trd, 4319424.193, 115
Trd, 4319424.343, 111
Trd, 4319424.843, 140
Trd, 4319426.693, 129
Trd, 4319427.893, 127
Trd, 4319428.143, 111
Trd, 4319431.043, 127
Trd, 4319431.093, 128
Trd, 4319431.443, 124
Trd, 4319432.143, 131
Trd, 4319432.393, 126
Trd, 4319432.793, 114
Trd, 4319435.243, 112
Trd, 4319435.393, 100
Trd, 4319437.343, 127
Trd, 4319437.543, 127
Trd, 4319438.343, 115
Trd, 4319438.393, 108
Trd, 4319439.343, 105
Trd, 4319441.243, 131
Trd, 4319441.943, 138
Trd, 4319442.893, 98
Trd, 4319443.393, 136
Trd, 4319443.743, 128
Trd, 4319444.193, 109
Trd, 4319445.493, 135
Trd, 4319445.643, 132
Trd, 4319445.793, 117
Trd, 4319446.243, 68
Trd, 4319447.093, 69
Trd, 4319448.393, 113
Trd, 4319449.443, 133
Trd, 4319450.443, 123
Trd, 4319450.843, 121
Trd, 4319451.193, 119
Trd, 4319451.993, 138
Trd, 4319452.543, 118
Trd, 4319452.993, 139
Trd, 4319453.443, 134
Trd, 4319455.443, 139
Trd, 4319455.843, 138
Trd, 4319456.543, 132
Trd, 4319457.493, 135
Trd, 4319458.293, 137
Trd, 4319458.643, 122
Trd, 4319459.243, 102
Trd, 4319459.393, 98
Trd, 4319460.543, 115
Trd, 4319460.893, 112
Trd, 4319461.443, 105
Trd, 4319461.893, 102
Trd, 4319462.793, 72
Trd, 4319464.343, 116
Trd, 4319464.593, 112
Trd, 4319467.243, 132
Trd, 4319467.543, 132
Trd, 4319468.293, 125
Trd, 4319468.743, 123
Trd, 4319469.493, 135
Trd, 4319469.593, 131
Trd, 4319470.393, 136
Trd, 4319471.543, 137
Trd, 4319473.593, 140
Trd, 4319473.743, 122
Trd, 4319473.893, 118
Trd, 4319474.643, 139
Trd, 4319474.793, 118
Trd, 4319475.993, 139
Trd, 4319476.543, 137
Trd, 4319476.593, 129
Trd, 4319477.493, 100
Trd, 4319479.793, 123
Trd, 4319480.493, 116
Trd, 4319481.293, 128
Trd, 4319481.493, 125
Trd, 4319481.693, 117
Trd, 4319482.193, 133
Trd, 4319482.443, 115
Trd, 4319482.593, 111
Trd, 4319483.193, 113
Trd, 4319485.493, 101
Trd, 4319485.743, 131
Trd, 4319486.343, 126
Trd, 4319486.543, 102
Trd, 4319487.743, 139
Trd, 4319490.643, 139
Trd, 4319491.243, 138
Trd, 4319491.293, 137
Trd, 4319491.493, 132
Trd, 4319493.493, 110
Trd, 4319494.293, 139
Trd, 4319496.243, 127
Trd, 4319496.843, 110
Trd, 4319497.243, 119
Trd, 4319497.893, 139
Trd, 4319499.893, 136
Trd, 4319501.493, 137
Trd, 4319501.543, 132
Trd, 4319501.793, 117
Trd, 4319502.543, 115
Trd, 4319503.193, 129
Trd, 4319504.043, 118
Trd, 4319504.543, 111
Trd, 4319504.643, 98
Trd, 4319506.543, 132
Trd, 4319508.093, 127
Trd, 4319508.643, 132
Trd, 4319509.093, 135
Trd, 4319511.443, 138
Trd, 4319511.693, 132
Trd, 4319511.993, 134
Trd, 4319512.843, 102
Trd, 4319514.193, 140
Trd, 4319514.643, 123
Trd, 4319515.843, 105
Trd, 4319516.543, 87
Trd, 4319516.793, 125
Trd, 4319517.593, 127
Trd, 4319518.193, 131
Trd, 4319518.693, 138
Trd, 4319518.893, 90
Trd, 4319519.843, 100
Trd, 4319521.493, 114
Trd, 4319521.643, 112
Trd, 4319521.743, 107
Trd, 4319523.543, 61
Trd, 4319523.643, 67
Trd, 4319525.243, 138
Trd, 4319526.043, 128
Trd, 4319528.593, 134
Trd, 4319528.793, 129
Trd, 4319529.343, 95
Trd, 4319529.793, 90
Trd, 4319531.343, 130
Trd, 4319531.693, 109
Trd, 4319533.043, 130
Trd, 4319533.243, 120
Trd, 4319535.243, 139
Trd, 4319535.643, 133
Trd, 4319536.993, 99
Trd, 4319537.493, 127
Trd, 4319538.193, 137
Trd, 4319538.393, 135
Trd, 4319538.843, 127
Trd, 4319540.043, 124
Trd, 4319540.693, 126
Trd, 4319542.243, 119
Trd, 4319543.393, 134
Trd, 4319543.893, 139
Trd, 4319544.143, 125
Trd, 4319544.843, 137
Trd, 4319545.643, 136
Trd, 4319547.043, 120
Trd, 4319548.143, 115
Trd, 4319549.793, 111
Trd, 4319551.493, 111
Trd, 4319552.643, 121
Trd, 4319553.193, 107
Trd, 4319555.043, 139
Trd, 4319555.543, 129
Trd, 4319555.743, 126
Trd, 4319555.943, 134
Trd, 4319556.643, 104
Trd, 4319557.593, 140
Trd, 4319557.893, 104
Trd, 4319558.493, 109
Trd, 4319560.443, 131
Trd, 4319560.593, 120
Trd, 4319561.443, 134
Trd, 4319562.693, 114
Trd, 4319562.793, 111
Trd, 4319563.293, 102
Trd, 4319565.243, 140
Trd, 4319567.093, 130
Trd, 4319567.393, 123
Trd, 4319567.593, 129
Trd, 4319568.593, 133
Trd, 4319568.693, 120
Trd, 4319569.943, 120
Trd, 4319570.043, 106
Trd, 4319570.843, 93
Trd, 4319571.343, 93
Trd, 4319571.543, 91
Trd, 4319572.293, 90
Trd, 4319573.043, 136
Trd, 4319573.343, 126
Trd, 4319574.243, 123
Trd, 4319574.843, 139
Trd, 4319575.643, 68
Trd, 4319576.643, 116
Trd, 4319578.193, 136
Trd, 4319578.643, 117
Trd, 4319579.193, 78
Trd, 4319579.493, 137
Trd, 4319580.793, 111
Trd, 4319582.243, 116
Trd, 4319582.393, 107
Trd, 4319582.543, 116
Trd, 4319583.843, 100
Trd, 4319585.093, 130
Trd, 4319585.243, 121
Trd, 4319585.343, 121
Trd, 4319586.693, 126
Trd, 4319586.793, 77
Trd, 4319588.743, 130
Trd, 4319589.843, 102
Trd, 4319591.243, 139
Trd, 4319591.943, 119
Trd, 4319592.443, 139
Trd, 4319593.293, 138
Trd, 4319594.043, 123
Trd, 4319594.943, 140
Trd, 4319597.443, 139
Trd, 4319597.643, 133
Trd, 4319598.043, 126
Trd, 4319598.793, 113
Trd, 4319599.793, 115
Trd, 4319600.893, 117
Trd, 4319601.293, 137
Trd, 4319602.493, 102
Trd, 4319603.343, 137
Trd, 4319604.043, 134
Trd, 4319604.693, 134
Trd, 4319606.293, 121
Trd, 4319606.693, 113
Trd, 4319607.543, 115
Trd, 4319608.193, 135
Trd, 4319608.693, 118
Trd, 4319609.443, 133
Trd, 4319610.143, 108
Trd, 4319612.393, 131
Trd, 4319612.443, 118
Trd, 4319612.743, 113
Trd, 4319614.493, 126
Trd, 4319615.143, 135
Trd, 4319615.543, 135
Trd, 4319616.093, 121
Trd, 4319617.043, 108
Trd, 4319617.143, 120
Trd, 4319618.543, 140
Trd, 4319618.943, 103
Trd, 4319620.543, 93
Trd, 4319622.143, 132
Trd, 4319623.143, 134
Trd, 4319623.343, 130
Trd, 4319626.393, 134
Trd, 4319627.393, 111
Trd, 4319628.443, 101
Trd, 4319628.693, 90
Trd, 4319629.343, 121
Trd, 4319629.493, 117
Trd, 4319630.293, 102
Trd, 4319630.893, 133
Trd, 4319631.793, 101
Trd, 4319632.743, 139
Trd, 4319634.243, 126
Trd, 4319634.693, 117
Trd, 4319634.993, 112
Trd, 4319635.793, 137
Trd, 4319636.543, 122
Trd, 4319637.393, 123
Trd, 4319638.143, 103
Trd, 4319638.493, 100
Trd, 4319639.193, 130
Trd, 4319639.643, 95
Trd, 4319641.243, 119
Trd, 4319641.343, 105
Trd, 4319641.893, 113
Trd, 4319642.743, 136
Trd, 4319643.293, 121
Trd, 4319643.843, 138
Trd, 4319644.843, 137
Trd, 4319645.143, 131
Trd, 4319645.643, 126
Trd, 4319645.893, 120
Trd, 4319646.893, 137
Trd, 4319647.693, 100
Trd, 4319648.243, 116
Trd, 4319648.793, 75
Trd, 4319648.993, 113
Trd, 4319649.393, 104
Trd, 4319649.693, 110
Trd, 4319650.393, 96
Trd, 4319652.943, 93
Trd, 4319653.343, 118
Trd, 4319654.843, 132
Trd, 4319658.343, 129
Trd, 4319660.493, 137
Trd, 4319661.043, 126
Trd, 4319661.093, 121
Trd, 4319661.143, 114
Trd, 4319661.843, 80
Trd, 4319662.343, 128
Trd, 4319662.943, 137
Trd, 4319663.243, 138
Trd, 4319663.793, 125
Trd, 4319663.843, 96
Trd, 4319664.643, 138
Trd, 4319664.793, 93
Trd, 4319668.143, 138
Trd, 4319668.593, 123
Trd, 4319669.493, 137
Trd, 4319669.643, 132
Trd, 4319669.693, 131
Trd, 4319671.593, 138
Trd, 4319672.543, 124
Trd, 4319673.543, 112
Trd, 4319673.843, 136
Trd, 4319676.193, 135
Trd, 4319676.243, 121
Trd, 4319676.343, 114
Trd, 4319677.043, 114
Trd, 4319677.693, 123
Trd, 4319678.243, 114
Trd, 4319678.393, 103
Trd, 4319678.443, 121
Trd, 4319679.693, 130
Trd, 4319681.293, 118
Trd, 4319681.393, 113
Trd, 4319683.693, 136
Trd, 4319685.293, 113
Trd, 4319685.993, 127
Trd, 4319687.143, 92
Trd, 4319687.643, 89
Trd, 4319688.293, 78
Trd, 4319688.543, 91
Trd, 4319689.093, 113
Trd, 4319689.443, 113
Trd, 4319690.293, 123
Trd, 4319690.493, 135
Trd, 4319691.993, 93
Trd, 4319692.893, 126
Trd, 4319694.493, 129
Trd, 4319695.693, 110
Trd, 4319696.843, 132
Trd, 4319698.243, 122
Trd, 4319699.093, 126
Trd, 4319699.543, 114
Trd, 4319699.893, 112
Trd, 4319700.993, 127
Trd, 4319701.343, 114
Trd, 4319703.043, 108
Trd, 4319703.443, 132
Trd, 4319703.643, 113
Trd, 4319703.793, 79
Trd, 4319704.593, 129
Trd, 4319705.193, 100
Trd, 4319706.643, 140
Trd, 4319707.343, 138
Trd, 4319707.543, 132
Trd, 4319708.443, 65
Trd, 4319709.143, 135
Trd, 4319710.243, 137
Trd, 4319710.693, 119
Trd, 4319711.093, 135
Trd, 4319712.643, 106
Trd, 4319713.493, 92
Trd, 4319713.793, 77
Trd, 4319714.643, 80
Trd, 4319715.493, 131
Trd, 4319717.643, 140
Trd, 4319717.843, 133
Trd, 4319717.993, 128
Trd, 4319718.443, 140
Trd, 4319719.243, 123
Trd, 4319719.293, 121
Trd, 4319722.243, 139
Trd, 4319722.643, 135
Trd, 4319723.043, 129
Trd, 4319723.443, 124
Trd, 4319724.343, 103
Trd, 4319724.493, 111
Trd, 4319724.793, 96
Trd, 4319725.043, 85
Trd, 4319727.243, 95
Trd, 4319727.443, 128
Trd, 4319728.593, 130
Trd, 4319729.193, 121
Trd, 4319729.393, 112
Trd, 4319730.543, 81
Trd, 4319731.943, 132
Trd, 4319732.993, 100
Trd, 4319733.543, 88
Trd, 4319733.893, 95
Trd, 4319735.743, 131
Trd, 4319736.693, 137
Trd, 4319737.543, 132
Trd, 4319738.343, 126
Trd, 4319738.693, 124
Trd, 4319739.343, 122
Trd, 4319740.543, 117
Trd, 4319741.293, 114
Trd, 4319743.143, 131
Trd, 4319744.193, 124
Trd, 4319744.443, 118
Trd, 4319744.793, 112
Trd, 4319745.093, 112
Trd, 4319745.943, 107
Trd, 4319746.243, 103
Trd, 4319747.293, 100
Trd, 4319747.693, 109
Trd, 4319747.993, 136
Trd, 4319749.843, 138
Trd, 4319751.143, 138
Trd, 4319753.093, 135
Trd, 4319753.293, 117
Trd, 4319753.893, 134
Trd, 4319753.943, 89
Trd, 4319754.943, 87
Trd, 4319755.293, 99
Trd, 4319757.993, 113
Trd, 4319758.493, 72
Trd, 4319759.743, 132
Trd, 4319761.943, 130
Trd, 4319762.293, 125
Trd, 4319762.543, 119
Trd, 4319764.393, 140
Trd, 4319764.993, 125
Trd, 4319765.493, 131
Trd, 4319765.743, 123
Trd, 4319766.443, 128
Trd, 4319766.893, 128
Trd, 4319768.443, 134
Trd, 4319769.193, 106
Trd, 4319770.043, 120
Trd, 4319770.693, 123
Trd, 4319771.243, 119
Trd, 4319771.543, 139
Trd, 4319772.443, 131
Trd, 4319773.043, 111
Trd, 4319773.443, 111
Trd, 4319774.443, 132
Trd, 4319776.043, 130
Trd, 4319777.843, 139
Trd, 4319777.893, 123
Trd, 4319778.843, 135
Trd, 4319779.593, 114
Trd, 4319780.243, 108
Trd, 4319782.493, 106
Trd, 4319782.843, 103
Trd, 4319785.293, 119
Trd, 4319785.443, 116
Trd, 4319785.643, 110
Trd, 4319786.293, 131
Trd, 4319786.443, 104
Trd, 4319787.643, 138
Trd, 4319788.593, 133
Trd, 4319789.393, 137
Trd, 4319789.793, 93
Trd, 4319789.993, 68
Trd, 4319791.093, 136
Trd, 4319791.293, 118
Trd, 4319793.043, 134
Trd, 4319793.593, 96
Trd, 4319794.693, 138
Trd, 4319796.243, 132
Trd, 4319796.443, 125
Trd, 4319796.643, 123
Trd, 4319796.843, 113
Trd, 4319797.993, 95
Trd, 4319799.343, 111
Trd, 4319799.393, 108
Trd, 4319800.993, 137
Trd, 4319803.093, 131
Trd, 4319803.693, 126
Trd, 4319804.093, 140
Trd, 4319804.593, 138
Trd, 4319805.193, 126
Trd, 4319805.343, 120
Trd, 4319806.693, 99
Trd, 4319807.093, 95
Trd, 4319807.293, 93
Trd, 4319807.893, 132
Trd, 4319809.393, 134
Trd, 4319811.443, 139
Trd, 4319813.493, 117
Trd, 4319814.243, 104
Trd, 4319814.393, 88
Trd, 4319814.993, 109
Trd, 4319815.893, 136
Trd, 4319816.943, 72
Trd, 4319818.243, 132
Trd, 4319819.143, 126
Trd, 4319820.993, 87
Trd, 4319821.093, 99
Trd, 4319821.443, 130
Trd, 4319822.193, 60
Trd, 4319822.743, 129
Trd, 4319823.743, 132
Trd, 4319824.293, 112
Trd, 4319826.243, 140
Trd, 4319826.943, 129
Trd, 4319827.393, 124
Trd, 4319829.693, 93
Trd, 4319830.043, 112
Trd, 4319830.743, 91
Trd, 4319831.543, 87
Trd, 4319831.893, 137
Trd, 4319833.393, 90
Trd, 4319833.843, 91
Trd, 4319834.343, 93
Trd, 4319834.843, 133
Trd, 4319836.393, 136
Trd, 4319836.643, 132
Trd, 4319836.843, 126
Trd, 4319839.193, 137
Trd, 4319841.143, 139
Trd, 4319841.343, 123
Trd, 4319841.643, 110
Trd, 4319842.493, 136
Trd, 4319843.093, 119
Trd, 4319843.243, 114
Trd, 4319843.793, 120
Trd, 4319844.293, 105
Trd, 4319845.243, 139
Trd, 4319845.943, 133
Trd, 4319846.293, 119
Trd, 4319847.393, 139
Trd, 4319849.093, 128
Trd, 4319849.143, 112
Trd, 4319851.793, 136
Trd, 4319851.993, 131
Trd, 4319852.393, 128
Trd, 4319854.093, 105
Trd, 4319854.443, 101
Trd, 4319855.093, 131
Trd, 4319855.143, 131
Trd, 4319856.043, 109
Trd, 4319856.893, 134
Trd, 4319860.743, 127
Trd, 4319861.243, 117
Trd, 4319862.593, 136
Trd, 4319862.943, 131
Trd, 4319863.293, 131
Trd, 4319863.943, 125
Trd, 4319865.143, 126
Trd, 4319865.443, 132
Trd, 4319865.693, 135
Trd, 4319866.893, 109
Trd, 4319867.493, 109
Trd, 4319867.843, 104
Trd, 4319868.893, 113
Trd, 4319869.793, 109
Trd, 4319870.843, 70
Trd, 4319872.243, 125
Trd, 4319872.843, 126
Trd, 4319873.543, 122
Trd, 4319874.193, 102
Trd, 4319875.243, 124
Trd, 4319875.593, 106
Trd, 4319876.793, 131
Trd, 4319877.243, 126
Trd, 4319877.793, 134
Trd, 4319879.093, 138
Trd, 4319880.443, 116
Trd, 4319880.643, 139
Trd, 4319882.493, 123
Trd, 4319882.893, 138
Trd, 4319883.843, 136
Trd, 4319884.443, 115
Trd, 4319885.843, 102
Trd, 4319886.043, 100
Trd, 4319887.893, 109
Trd, 4319889.543, 131
Trd, 4319891.043, 136
Trd, 4319891.143, 109
Trd, 4319891.243, 109
Trd, 4319891.943, 94
Trd, 4319892.293, 122
Trd, 4319892.443, 60
Trd, 4319893.043, 89
Trd, 4319894.093, 133
Trd, 4319894.143, 131
Trd, 4319895.743, 111
Trd, 4319898.193, 136
Trd, 4319899.893, 140
Trd, 4319900.393, 122
Trd, 4319900.543, 123
Trd, 4319900.793, 114
Trd, 4319902.743, 122
Trd, 4319902.793, 119
Trd, 4319904.643, 139
Trd, 4319904.943, 126
Trd, 4319906.243, 136
Trd, 4319907.193, 122
Trd, 4319908.743, 119
Trd, 4319909.693, 140
Trd, 4319910.243, 138
Trd, 4319910.793, 140
Trd, 4319910.843, 91
Trd, 4319912.693, 140
Trd, 4319913.893, 129
Trd, 4319914.443, 139
Trd, 4319914.943, 128
Trd, 4319915.493, 131
Trd, 4319916.143, 139
Trd, 4319916.243, 116
Trd, 4319916.793, 137
Trd, 4319916.993, 93
Trd, 4319917.793, 131
Trd, 4319918.943, 132
Trd, 4319919.343, 92
Trd, 4319920.693, 77
Trd, 4319921.643, 134
Trd, 4319923.043, 129
Trd, 4319924.893, 124
Trd, 4319925.693, 132
Trd, 4319926.093, 136
Trd, 4319926.393, 106
Trd, 4319927.343, 109
Trd, 4319928.943, 108
Trd, 4319929.393, 105
Trd, 4319929.843, 124
Trd, 4319930.593, 140
Trd, 4319930.843, 131
Trd, 4319931.743, 123
Trd, 4319933.443, 136
Trd, 4319933.593, 134
Trd, 4319933.743, 131
Trd, 4319935.293, 112
Trd, 4319936.343, 108
Trd, 4319936.993, 99
Trd, 4319938.143, 135
Trd, 4319938.193, 116
Trd, 4319939.443, 116
Trd, 4319939.893, 114
Trd, 4319940.943, 131
Trd, 4319941.043, 128
Trd, 4319941.743, 110
Trd, 4319942.843, 90
Trd, 4319943.543, 123
Trd, 4319945.893, 116
Trd, 4319946.493, 103
Trd, 4319948.493, 137
Trd, 4319949.593, 119
Trd, 4319949.643, 126
Trd, 4319949.993, 103
Trd, 4319951.643, 104
Trd, 4319952.243, 136
Trd, 4319952.443, 101
Trd, 4319952.843, 101
Trd, 4319953.943, 133
Trd, 4319954.743, 139
Trd, 4319954.793, 72
Trd, 4319955.943, 135
Trd, 4319956.293, 127
Trd, 4319957.593, 101
Trd, 4319957.993, 108
Trd, 4319958.043, 99
Trd, 4319959.543, 129
Trd, 4319959.993, 112
Trd, 4319960.093, 77
Trd, 4319960.693, 123
Trd, 4319963.093, 101
Trd, 4319964.093, 95
Trd, 4319964.743, 108
Trd, 4319965.743, 135
Trd, 4319965.993, 119
Trd, 4319966.243, 114
Trd, 4319967.393, 128
Trd, 4319970.093, 124
Trd, 4319971.293, 138
Trd, 4319971.343, 132
Trd, 4319971.593, 127
Trd, 4319972.293, 100
Trd, 4319973.043, 109
Trd, 4319974.343, 121
Trd, 4319975.493, 134
Trd, 4319975.543, 129
Trd, 4319976.393, 140
Trd, 4319978.643, 110
Trd, 4319978.843, 102
Trd, 4319979.093, 137
Trd, 4319980.993, 82
Trd, 4319981.243, 126
Trd, 4319982.843, 134
Trd, 4319983.043, 110
Trd, 4319983.743, 127
Trd, 4319983.843, 90
Trd, 4319984.243, 91
Trd, 4319984.743, 88
Trd, 4319984.943, 88
Trd, 4319987.493, 129
Trd, 4319987.743, 106
Trd, 4319988.943, 109
Trd, 4319989.443, 100
Trd, 4319990.443, 108
Trd, 4319991.043, 117
Trd, 4319992.543, 129
Trd, 4319992.943, 119
Trd, 4319993.343, 96
Trd, 4319994.643, 108
Trd, 4319995.193, 106
Trd, 4319995.743, 63
Trd, 4319996.443, 139
Trd, 4319996.643, 130
Trd, 4319997.093, 137
Trd, 4319998.893, 131
