Trd, 4318143.393, 138
Trd, 4318144.143, 96
Trd, 4318144.393, 96
Trd, 4318144.493, 95
Trd, 4318145.143, 95
Trd, 4318145.343, 95
Trd, 4318146.393, 91
Trd, 4318146.693, 88
Trd, 4318147.193, 118
Trd, 4318149.593, 128
Trd, 4318149.693, 121
Trd, 4318150.043, 120
Trd, 4318150.293, 99
Trd, 4318150.943, 95
Trd, 4318151.293, 72
Trd, 4318151.493, 63
Trd, 4318154.043, 62
Trd, 4318154.143, 72
Trd, 4318155.143, 60
Trd, 4318155.293, 61
Trd, 4318155.743, 69
Trd, 4318156.843, 60
Trd, 4318158.043, 64
Trd, 4318158.643, 69
Trd, 4318159.043, 65
Trd, 4318159.143, 79
Trd, 4318159.243, 63
Trd, 4318159.643, 62
Trd, 4318161.143, 90
Trd, 4318162.543, 60
Trd, 4318163.643, 60
Trd, 4318164.893, 62
Trd, 4318165.343, 61
Trd, 4318166.393, 64
Trd, 4318166.743, 60
Trd, 4318168.793, 61
Trd, 4318170.493, 62
Trd, 4318170.943, 64
Trd, 4318171.493, 67
Trd, 4318171.543, 63
Trd, 4318171.743, 63
Trd, 4318171.943, 66
Trd, 4318173.443, 60
Trd, 4318174.243, 60
Trd, 4318175.593, 61
Trd, 4318175.793, 68
Trd, 4318176.693, 60
Trd, 4318176.743, 61
Trd, 4318178.743, 65
Trd, 4318179.043, 62
Trd, 4318179.843, 76
Trd, 4318180.593, 107
Trd, 4318180.793, 107
Trd, 4318181.143, 104
Trd, 4318182.143, 102
Trd, 4318182.193, 100
Trd, 4318182.293, 95
Trd, 4318182.893, 61
Trd, 4318185.143, 61
Trd, 4318185.193, 66
Trd, 4318187.243, 75
Trd, 4318187.493, 84
Trd, 4318187.593, 74
Trd, 4318187.943, 71
Trd, 4318189.593, 64
Trd, 4318189.943, 81
Trd, 4318190.343, 60
Trd, 4318190.793, 68
Trd, 4318192.293, 66
Trd, 4318192.343, 73
Trd, 4318192.643, 65
Trd, 4318193.443, 65
Trd, 4318194.243, 76
Trd, 4318195.393, 88
Trd, 4318195.743, 140
Trd, 4318196.193, 65
Trd, 4318196.943, 63
Trd, 4318197.143, 64
Trd, 4318198.043, 67
Trd, 4318198.593, 66
Trd, 4318198.643, 65
Trd, 4318198.893, 73
Trd, 4318199.043, 64
Trd, 4318200.093, 76
Trd, 4318201.693, 62
Trd, 4318202.443, 61
Trd, 4318203.243, 62
Trd, 4318203.343, 67
Trd, 4318203.993, 68
Trd, 4318204.043, 83
Trd, 4318205.493, 65
Trd, 4318205.693, 90
Trd, 4318206.343, 101
Trd, 4318206.743, 68
Trd, 4318207.043, 66
Trd, 4318207.793, 86
Trd, 4318208.393, 87
Trd, 4318209.143, 82
Trd, 4318209.543, 99
Trd, 4318211.243, 60
Trd, 4318211.943, 68
Trd, 4318212.893, 60
Trd, 4318213.543, 60
Trd, 4318213.593, 61
Trd, 4318215.643, 61
Trd, 4318216.393, 62
Trd, 4318216.793, 72
Trd, 4318216.993, 61
Trd, 4318218.693, 63
Trd, 4318218.993, 66
Trd, 4318220.493, 90
Trd, 4318221.043, 107
Trd, 4318221.493, 107
Trd, 4318222.243, 114
Trd, 4318222.993, 101
Trd, 4318223.643, 119
Trd, 4318224.143, 119
Trd, 4318224.443, 105
Trd, 4318227.693, 134
Trd, 4318227.743, 133
Trd, 4318228.843, 135
Trd, 4318229.143, 135
Trd, 4318229.343, 131
Trd, 4318229.693, 127
Trd, 4318230.593, 114
Trd, 4318231.493, 96
Trd, 4318232.043, 91
Trd, 4318233.043, 93
Trd, 4318233.243, 92
Trd, 4318235.393, 94
Trd, 4318235.643, 114
Trd, 4318235.993, 137
Trd, 4318236.643, 132
Trd, 4318236.893, 131
Trd, 4318238.293, 139
Trd, 4318239.043, 126
Trd, 4318239.393, 110
Trd, 4318239.693, 100
Trd, 4318240.093, 107
Trd, 4318240.343, 136
Trd, 4318240.893, 98
Trd, 4318241.943, 78
Trd, 4318241.993, 70
Trd, 4318244.143, 62
Trd, 4318244.493, 61
Trd, 4318245.993, 68
Trd, 4318246.093, 63
Trd, 4318246.893, 119
Trd, 4318247.043, 117
Trd, 4318247.143, 113
Trd, 4318248.543, 60
Trd, 4318249.143, 60
Trd, 4318249.743, 60
Trd, 4318251.293, 64
Trd, 4318251.943, 67
Trd, 4318252.543, 62
Trd, 4318252.993, 62
Trd, 4318253.993, 129
Trd, 4318255.193, 102
Trd, 4318255.793, 94
Trd, 4318256.143, 94
Trd, 4318257.443, 139
Trd, 4318257.743, 65
Trd, 4318257.993, 73
Trd, 4318259.493, 64
Trd, 4318261.843, 61
Trd, 4318262.843, 70
Trd, 4318263.193, 66
Trd, 4318263.743, 89
Trd, 4318264.193, 86
Trd, 4318264.243, 82
Trd, 4318265.593, 134
Trd, 4318265.643, 132
Trd, 4318266.043, 128
Trd, 4318267.043, 107
Trd, 4318267.593, 112
Trd, 4318268.443, 93
Trd, 4318269.143, 102
Trd, 4318270.593, 100
Trd, 4318271.443, 138
Trd, 4318271.793, 137
Trd, 4318272.093, 137
Trd, 4318272.843, 93
Trd, 4318273.243, 140
Trd, 4318273.443, 84
Trd, 4318273.493, 84
Trd, 4318273.943, 82
Trd, 4318275.893, 60
Trd, 4318276.243, 75
Trd, 4318276.643, 67
Trd, 4318277.943, 62
Trd, 4318278.793, 63
Trd, 4318279.043, 93
Trd, 4318279.643, 139
Trd, 4318279.693, 66
Trd, 4318281.243, 65
Trd, 4318281.443, 73
Trd, 4318281.893, 70
Trd, 4318282.493, 65
Trd, 4318282.793, 63
Trd, 4318283.193, 92
Trd, 4318283.393, 64
Trd, 4318285.343, 60
Trd, 4318287.093, 60
Trd, 4318287.743, 63
Trd, 4318287.843, 73
Trd, 4318290.243, 62
Trd, 4318291.293, 62
Trd, 4318291.543, 64
Trd, 4318291.943, 66
Trd, 4318292.243, 65
Trd, 4318292.343, 64
Trd, 4318292.693, 140
Trd, 4318293.343, 135
Trd, 4318293.993, 135
Trd, 4318294.293, 111
Trd, 4318294.793, 93
Trd, 4318295.543, 77
Trd, 4318295.743, 75
Trd, 4318297.643, 60
Trd, 4318298.943, 60
Trd, 4318300.093, 70
Trd, 4318301.193, 94
Trd, 4318301.243, 93
Trd, 4318301.443, 92
Trd, 4318301.543, 91
Trd, 4318301.743, 65
Trd, 4318302.543, 86
Trd, 4318303.893, 140
Trd, 4318305.743, 139
Trd, 4318306.643, 132
Trd, 4318306.993, 131
Trd, 4318307.793, 115
Trd, 4318307.993, 113
Trd, 4318309.043, 108
Trd, 4318309.193, 102
Trd, 4318309.343, 93
Trd, 4318310.793, 61
Trd, 4318312.293, 62
Trd, 4318312.493, 63
Trd, 4318313.193, 61
Trd, 4318314.393, 62
Trd, 4318315.143, 61
Trd, 4318315.493, 62
Trd, 4318316.593, 62
Trd, 4318317.293, 64
Trd, 4318317.693, 63
Trd, 4318318.443, 97
Trd, 4318318.743, 118
Trd, 4318320.443, 74
Trd, 4318320.843, 62
Trd, 4318321.093, 114
Trd, 4318321.593, 64
Trd, 4318322.243, 63
Trd, 4318322.593, 62
Trd, 4318323.393, 60
Trd, 4318324.143, 61
Trd, 4318324.843, 60
Trd, 4318325.343, 63
Trd, 4318325.543, 64
Trd, 4318326.393, 67
Trd, 4318326.943, 63
Trd, 4318328.343, 66
Trd, 4318329.843, 73
Trd, 4318330.043, 72
Trd, 4318330.793, 77
Trd, 4318331.693, 134
Trd, 4318332.193, 99
Trd, 4318332.493, 99
Trd, 4318332.843, 97
Trd, 4318333.843, 75
Trd, 4318334.043, 64
Trd, 4318334.743, 63
Trd, 4318335.343, 70
Trd, 4318336.543, 62
Trd, 4318338.693, 65
Trd, 4318339.043, 66
Trd, 4318339.093, 64
Trd, 4318339.143, 105
Trd, 4318339.893, 131
Trd, 4318340.593, 116
Trd, 4318341.143, 102
Trd, 4318341.593, 120
Trd, 4318342.043, 101
Trd, 4318342.143, 99
Trd, 4318343.343, 121
Trd, 4318343.393, 101
Trd, 4318345.593, 127
Trd, 4318345.743, 107
Trd, 4318345.793, 105
Trd, 4318345.893, 89
Trd, 4318346.693, 61
Trd, 4318348.193, 62
Trd, 4318350.143, 60
Trd, 4318350.243, 63
Trd, 4318350.343, 65
Trd, 4318350.593, 113
Trd, 4318351.693, 64
Trd, 4318351.743, 65
Trd, 4318353.093, 130
Trd, 4318354.043, 87
Trd, 4318354.493, 87
Trd, 4318354.693, 88
Trd, 4318355.643, 122
Trd, 4318355.843, 86
Trd, 4318355.893, 82
Trd, 4318356.043, 77
Trd, 4318357.343, 133
Trd, 4318358.043, 67
Trd, 4318358.743, 86
Trd, 4318359.593, 86
Trd, 4318359.843, 81
Trd, 4318359.943, 110
Trd, 4318360.143, 129
Trd, 4318360.293, 140
Trd, 4318361.743, 61
Trd, 4318364.493, 69
Trd, 4318366.143, 60
Trd, 4318367.343, 60
Trd, 4318367.993, 60
Trd, 4318368.143, 61
Trd, 4318368.893, 60
Trd, 4318369.593, 63
Trd, 4318369.843, 65
Trd, 4318371.343, 69
Trd, 4318372.293, 77
Trd, 4318373.693, 140
Trd, 4318374.043, 140
Trd, 4318374.193, 139
Trd, 4318374.393, 137
Trd, 4318374.643, 115
Trd, 4318374.743, 99
Trd, 4318374.893, 92
Trd, 4318375.443, 131
Trd, 4318376.393, 62
Trd, 4318377.043, 64
Trd, 4318377.943, 62
Trd, 4318378.593, 66
Trd, 4318378.643, 65
Trd, 4318379.043, 133
Trd, 4318379.743, 67
Trd, 4318381.693, 61
Trd, 4318382.093, 70
Trd, 4318383.293, 66
Trd, 4318383.343, 64
Trd, 4318383.643, 67
Trd, 4318383.743, 62
Trd, 4318384.693, 125
Trd, 4318386.293, 61
Trd, 4318388.043, 62
Trd, 4318388.143, 63
Trd, 4318388.693, 64
Trd, 4318388.743, 61
Trd, 4318389.193, 90
Trd, 4318390.493, 78
Trd, 4318390.793, 66
Trd, 4318391.393, 129
Trd, 4318392.393, 70
Trd, 4318392.593, 70
Trd, 4318392.643, 69
Trd, 4318393.393, 131
Trd, 4318394.193, 108
Trd, 4318394.243, 106
Trd, 4318394.393, 104
Trd, 4318396.543, 66
Trd, 4318396.993, 65
Trd, 4318398.093, 60
Trd, 4318398.743, 62
Trd, 4318399.143, 61
Trd, 4318399.243, 72
Trd, 4318400.793, 69
Trd, 4318400.893, 70
Trd, 4318401.143, 71
Trd, 4318402.743, 73
Trd, 4318403.443, 116
Trd, 4318404.743, 80
Trd, 4318404.843, 77
Trd, 4318406.193, 116
Trd, 4318406.343, 114
Trd, 4318406.443, 108
Trd, 4318406.993, 101
Trd, 4318407.243, 118
Trd, 4318407.543, 119
Trd, 4318408.643, 118
Trd, 4318409.193, 90
Trd, 4318409.943, 60
Trd, 4318410.793, 67
Trd, 4318410.993, 131
Trd, 4318412.393, 68
Trd, 4318412.493, 82
Trd, 4318413.143, 89
Trd, 4318414.943, 60
Trd, 4318415.993, 61
Trd, 4318417.243, 65
Trd, 4318418.143, 61
Trd, 4318418.243, 67
Trd, 4318418.793, 64
Trd, 4318419.043, 70
Trd, 4318419.143, 137
Trd, 4318419.843, 89
Trd, 4318420.043, 89
Trd, 4318420.443, 88
Trd, 4318420.693, 93
Trd, 4318423.343, 64
Trd, 4318424.793, 64
Trd, 4318424.893, 78
Trd, 4318425.143, 69
Trd, 4318427.343, 78
Trd, 4318427.443, 92
Trd, 4318427.793, 73
Trd, 4318427.893, 96
Trd, 4318429.143, 70
Trd, 4318429.193, 70
Trd, 4318429.893, 63
Trd, 4318430.343, 106
Trd, 4318430.693, 79
Trd, 4318431.743, 107
Trd, 4318432.293, 95
Trd, 4318432.443, 86
Trd, 4318433.093, 85
Trd, 4318433.893, 82
Trd, 4318433.943, 81
Trd, 4318434.593, 139
Trd, 4318434.943, 92
Trd, 4318436.043, 60
Trd, 4318436.493, 62
Trd, 4318437.243, 70
Trd, 4318437.693, 81
Trd, 4318438.643, 108
Trd, 4318438.943, 81
Trd, 4318440.393, 99
Trd, 4318440.843, 100
Trd, 4318440.893, 99
Trd, 4318441.643, 109
Trd, 4318442.343, 140
Trd, 4318443.693, 127
Trd, 4318444.393, 124
Trd, 4318444.493, 105
Trd, 4318444.743, 89
Trd, 4318444.943, 138
Trd, 4318445.693, 87
Trd, 4318446.393, 111
Trd, 4318447.843, 60
Trd, 4318448.143, 66
Trd, 4318448.943, 60
Trd, 4318449.493, 61
Trd, 4318449.843, 63
Trd, 4318449.993, 76
Trd, 4318450.193, 68
Trd, 4318451.293, 60
Trd, 4318452.443, 60
Trd, 4318454.793, 60
Trd, 4318455.143, 65
Trd, 4318455.493, 63
Trd, 4318456.643, 62
Trd, 4318456.743, 63
Trd, 4318457.293, 62
Trd, 4318457.793, 64
Trd, 4318458.293, 60
Trd, 4318458.493, 72
Trd, 4318458.743, 86
Trd, 4318459.843, 71
Trd, 4318461.893, 64
Trd, 4318463.193, 60
Trd, 4318463.843, 61
Trd, 4318464.793, 64
Trd, 4318465.143, 77
Trd, 4318465.443, 62
Trd, 4318465.993, 112
Trd, 4318466.593, 111
Trd, 4318466.693, 131
Trd, 4318467.943, 98
Trd, 4318468.443, 98
Trd, 4318469.743, 61
Trd, 4318470.293, 138
Trd, 4318470.493, 131
Trd, 4318470.593, 116
Trd, 4318471.743, 103
Trd, 4318472.043, 102
Trd, 4318472.393, 74
Trd, 4318472.643, 130
Trd, 4318473.143, 69
Trd, 4318474.093, 111
Trd, 4318474.893, 96
Trd, 4318474.993, 86
Trd, 4318475.943, 87
Trd, 4318476.143, 139
Trd, 4318476.993, 105
Trd, 4318477.193, 105
Trd, 4318477.343, 103
Trd, 4318479.993, 108
Trd, 4318480.493, 105
Trd, 4318480.643, 105
Trd, 4318480.943, 100
Trd, 4318481.593, 62
Trd, 4318481.793, 60
Trd, 4318482.343, 106
Trd, 4318484.293, 140
Trd, 4318484.493, 139
Trd, 4318484.593, 111
Trd, 4318484.843, 96
Trd, 4318485.243, 94
Trd, 4318486.043, 80
Trd, 4318487.193, 61
Trd, 4318488.593, 61
Trd, 4318489.793, 62
Trd, 4318489.943, 63
Trd, 4318490.993, 60
Trd, 4318491.143, 60
Trd, 4318491.643, 60
Trd, 4318493.243, 69
Trd, 4318493.643, 84
Trd, 4318493.743, 62
Trd, 4318494.543, 62
Trd, 4318494.993, 109
Trd, 4318495.493, 106
Trd, 4318495.693, 105
Trd, 4318497.093, 97
Trd, 4318497.543, 98
Trd, 4318497.643, 97
Trd, 4318498.393, 85
Trd, 4318498.793, 82
Trd, 4318499.943, 81
Trd, 4318501.143, 140
Trd, 4318501.693, 101
Trd, 4318501.843, 78
Trd, 4318502.843, 60
Trd, 4318504.643, 139
Trd, 4318504.693, 139
Trd, 4318504.743, 129
Trd, 4318504.943, 93
Trd, 4318505.293, 60
Trd, 4318506.993, 70
Trd, 4318507.193, 68
Trd, 4318507.943, 60
Trd, 4318508.243, 126
Trd, 4318508.943, 81
Trd, 4318510.843, 66
Trd, 4318510.893, 69
Trd, 4318511.543, 72
Trd, 4318511.893, 74
Trd, 4318512.443, 75
Trd, 4318513.543, 138
Trd, 4318513.743, 136
Trd, 4318514.843, 134
Trd, 4318515.093, 134
Trd, 4318515.143, 132
Trd, 4318515.293, 132
Trd, 4318515.693, 119
Trd, 4318516.043, 118
Trd, 4318516.443, 116
Trd, 4318518.093, 108
Trd, 4318518.693, 102
Trd, 4318518.743, 102
Trd, 4318519.393, 134
Trd, 4318519.793, 87
Trd, 4318520.143, 140
Trd, 4318522.243, 61
Trd, 4318522.443, 61
Trd, 4318524.343, 106
Trd, 4318524.493, 103
Trd, 4318524.893, 140
Trd, 4318524.993, 87
Trd, 4318525.843, 101
Trd, 4318525.993, 120
Trd, 4318526.793, 92
Trd, 4318527.243, 98
Trd, 4318527.393, 76
Trd, 4318528.093, 76
Trd, 4318528.493, 116
Trd, 4318529.743, 73
Trd, 4318530.443, 60
Trd, 4318532.493, 60
Trd, 4318534.443, 61
Trd, 4318534.793, 62
Trd, 4318535.843, 65
Trd, 4318536.093, 63
Trd, 4318536.743, 103
Trd, 4318536.943, 95
Trd, 4318537.543, 74
Trd, 4318538.493, 115
Trd, 4318540.043, 64
Trd, 4318540.093, 71
Trd, 4318540.743, 81
Trd, 4318541.793, 68
Trd, 4318541.843, 65
Trd, 4318541.943, 69
Trd, 4318542.343, 66
Trd, 4318543.243, 62
Trd, 4318543.793, 63
Trd, 4318544.593, 67
Trd, 4318545.243, 64
Trd, 4318545.743, 60
Trd, 4318547.143, 89
Trd, 4318551.143, 60
Trd, 4318551.543, 60
Trd, 4318551.643, 61
Trd, 4318551.743, 62
Trd, 4318552.043, 63
Trd, 4318552.643, 63
Trd, 4318552.943, 61
Trd, 4318553.593, 66
Trd, 4318554.843, 65
Trd, 4318555.343, 67
Trd, 4318555.893, 72
Trd, 4318556.293, 73
Trd, 4318557.593, 75
Trd, 4318557.993, 70
Trd, 4318558.393, 67
Trd, 4318559.443, 129
Trd, 4318559.793, 72
Trd, 4318560.143, 70
Trd, 4318561.243, 131
Trd, 4318561.743, 106
Trd, 4318562.093, 125
Trd, 4318562.243, 99
Trd, 4318563.643, 139
Trd, 4318564.043, 86
Trd, 4318564.593, 74
Trd, 4318565.643, 138
Trd, 4318565.843, 138
Trd, 4318565.993, 140
Trd, 4318566.443, 81
Trd, 4318567.093, 80
Trd, 4318567.293, 79
Trd, 4318568.343, 67
Trd, 4318568.643, 65
Trd, 4318569.343, 130
Trd, 4318570.043, 119
Trd, 4318570.793, 119
Trd, 4318571.893, 140
Trd, 4318572.043, 132
Trd, 4318573.443, 130
Trd, 4318574.193, 137
Trd, 4318574.943, 106
Trd, 4318576.493, 140
Trd, 4318576.993, 104
Trd, 4318577.093, 94
Trd, 4318577.793, 93
Trd, 4318577.893, 115
Trd, 4318579.043, 111
Trd, 4318579.843, 85
Trd, 4318580.293, 119
Trd, 4318581.293, 86
Trd, 4318581.743, 62
Trd, 4318582.193, 69
Trd, 4318583.343, 74
Trd, 4318583.593, 90
Trd, 4318584.493, 67
Trd, 4318584.793, 72
Trd, 4318586.093, 68
Trd, 4318586.793, 96
Trd, 4318587.243, 66
Trd, 4318588.143, 71
Trd, 4318589.093, 81
Trd, 4318589.143, 100
Trd, 4318589.193, 76
Trd, 4318589.743, 140
Trd, 4318590.993, 75
Trd, 4318592.043, 70
Trd, 4318592.643, 94
Trd, 4318592.693, 94
Trd, 4318592.743, 89
Trd, 4318593.093, 81
Trd, 4318593.343, 87
Trd, 4318594.593, 136
Trd, 4318594.743, 72
Trd, 4318595.543, 88
Trd, 4318596.843, 96
Trd, 4318597.393, 95
Trd, 4318597.493, 86
Trd, 4318597.893, 62
Trd, 4318599.343, 60
Trd, 4318600.943, 61
Trd, 4318600.993, 63
Trd, 4318602.543, 65
Trd, 4318602.743, 80
Trd, 4318604.243, 60
Trd, 4318604.443, 60
Trd, 4318605.143, 60
Trd, 4318605.293, 62
Trd, 4318605.643, 62
Trd, 4318606.193, 63
Trd, 4318607.293, 62
Trd, 4318609.293, 64
Trd, 4318609.443, 64
Trd, 4318609.793, 90
Trd, 4318609.893, 71
Trd, 4318610.093, 66
Trd, 4318610.943, 79
Trd, 4318611.793, 61
Trd, 4318612.643, 60
Trd, 4318613.093, 69
Trd, 4318613.893, 109
Trd, 4318614.693, 103
Trd, 4318615.243, 102
Trd, 4318615.393, 94
Trd, 4318616.393, 96
Trd, 4318616.443, 62
Trd, 4318617.393, 61
Trd, 4318619.193, 90
Trd, 4318619.343, 74
Trd, 4318619.693, 65
Trd, 4318619.893, 61
Trd, 4318620.043, 64
Trd, 4318620.143, 62
Trd, 4318620.593, 61
Trd, 4318623.543, 63
Trd, 4318625.293, 63
Trd, 4318626.093, 118
Trd, 4318626.793, 75
Trd, 4318627.693, 88
Trd, 4318628.543, 118
Trd, 4318628.643, 117
Trd, 4318628.743, 113
Trd, 4318629.043, 102
Trd, 4318629.593, 109
Trd, 4318629.793, 66
Trd, 4318631.343, 80
Trd, 4318632.443, 80
Trd, 4318633.043, 78
Trd, 4318633.593, 101
Trd, 4318634.293, 87
Trd, 4318635.293, 82
Trd, 4318636.343, 109
Trd, 4318636.443, 83
Trd, 4318637.193, 69
Trd, 4318637.893, 64
Trd, 4318638.743, 124
Trd, 4318639.043, 109
Trd, 4318639.343, 73
Trd, 4318639.843, 86
Trd, 4318639.893, 78
Trd, 4318641.243, 74
Trd, 4318642.093, 73
Trd, 4318642.743, 76
Trd, 4318642.843, 75
Trd, 4318642.893, 86
Trd, 4318645.093, 63
Trd, 4318645.443, 61
Trd, 4318646.243, 61
Trd, 4318647.393, 60
Trd, 4318647.943, 62
Trd, 4318648.593, 62
Trd, 4318648.643, 64
Trd, 4318649.193, 60
Trd, 4318649.543, 98
Trd, 4318650.893, 61
Trd, 4318651.043, 64
Trd, 4318651.393, 65
Trd, 4318651.743, 83
Trd, 4318652.393, 61
Trd, 4318652.693, 66
Trd, 4318655.743, 62
Trd, 4318656.493, 60
Trd, 4318658.193, 60
Trd, 4318659.943, 61
Trd, 4318660.543, 61
Trd, 4318661.293, 65
Trd, 4318661.743, 68
Trd, 4318663.193, 66
Trd, 4318663.393, 67
Trd, 4318663.693, 66
Trd, 4318663.943, 79
Trd, 4318664.393, 91
Trd, 4318664.793, 114
Trd, 4318664.943, 90
Trd, 4318666.243, 61
Trd, 4318666.343, 62
Trd, 4318667.593, 68
Trd, 4318669.193, 68
Trd, 4318669.493, 71
Trd, 4318670.593, 74
Trd, 4318671.643, 71
Trd, 4318672.643, 73
Trd, 4318673.243, 72
Trd, 4318673.793, 73
Trd, 4318673.893, 72
Trd, 4318674.143, 72
Trd, 4318674.893, 71
Trd, 4318674.943, 76
Trd, 4318676.493, 119
Trd, 4318677.043, 99
Trd, 4318677.093, 98
Trd, 4318677.543, 127
Trd, 4318679.693, 75
Trd, 4318679.893, 70
Trd, 4318680.143, 101
Trd, 4318680.393, 100
Trd, 4318680.643, 115
Trd, 4318680.793, 98
Trd, 4318683.293, 61
Trd, 4318684.043, 60
Trd, 4318684.793, 122
Trd, 4318685.743, 64
Trd, 4318686.343, 70
Trd, 4318686.643, 72
Trd, 4318686.993, 66
Trd, 4318687.693, 65
Trd, 4318688.943, 67
Trd, 4318689.293, 66
Trd, 4318690.393, 121
Trd, 4318691.243, 110
Trd, 4318691.993, 125
Trd, 4318693.543, 140
Trd, 4318693.993, 122
Trd, 4318694.243, 105
Trd, 4318694.343, 104
Trd, 4318695.043, 102
Trd, 4318695.193, 140
Trd, 4318695.593, 95
Trd, 4318697.143, 81
Trd, 4318697.793, 78
Trd, 4318699.293, 140
Trd, 4318699.693, 81
Trd, 4318700.093, 80
Trd, 4318700.843, 87
Trd, 4318700.893, 87
Trd, 4318703.393, 88
Trd, 4318703.943, 93
Trd, 4318704.193, 99
Trd, 4318704.393, 98
Trd, 4318704.693, 101
Trd, 4318704.893, 71
Trd, 4318705.643, 80
Trd, 4318706.143, 72
Trd, 4318706.993, 114
Trd, 4318707.943, 97
Trd, 4318709.193, 111
Trd, 4318709.993, 87
Trd, 4318710.093, 87
Trd, 4318710.443, 88
Trd, 4318710.493, 82
Trd, 4318711.343, 124
Trd, 4318713.093, 126
Trd, 4318713.293, 89
Trd, 4318714.193, 104
Trd, 4318714.643, 138
Trd, 4318714.843, 89
Trd, 4318715.593, 137
Trd, 4318716.493, 123
Trd, 4318716.693, 118
Trd, 4318716.843, 116
Trd, 4318717.743, 108
Trd, 4318718.493, 108
Trd, 4318718.593, 72
Trd, 4318719.343, 106
Trd, 4318719.643, 65
Trd, 4318720.043, 62
Trd, 4318721.593, 73
Trd, 4318722.643, 139
Trd, 4318722.693, 132
Trd, 4318722.943, 125
Trd, 4318723.243, 111
Trd, 4318724.493, 81
Trd, 4318724.743, 80
Trd, 4318725.193, 73
Trd, 4318725.643, 67
Trd, 4318726.193, 67
Trd, 4318726.393, 66
Trd, 4318727.693, 94
Trd, 4318729.043, 65
Trd, 4318729.143, 79
Trd, 4318730.243, 88
Trd, 4318730.493, 88
Trd, 4318730.543, 86
Trd, 4318730.843, 86
Trd, 4318731.443, 87
Trd, 4318731.643, 85
Trd, 4318732.293, 70
Trd, 4318732.543, 140
Trd, 4318733.393, 118
Trd, 4318734.393, 133
Trd, 4318734.443, 129
Trd, 4318735.343, 118
Trd, 4318736.243, 118
Trd, 4318736.393, 116
Trd, 4318736.943, 140
Trd, 4318737.393, 77
Trd, 4318737.593, 74
Trd, 4318738.893, 64
Trd, 4318740.893, 65
Trd, 4318742.093, 62
Trd, 4318742.193, 64
Trd, 4318744.243, 61
Trd, 4318744.643, 62
Trd, 4318744.743, 92
Trd, 4318744.943, 77
Trd, 4318745.243, 76
Trd, 4318746.093, 79
Trd, 4318746.493, 78
Trd, 4318746.843, 76
Trd, 4318746.893, 68
Trd, 4318748.693, 64
Trd, 4318749.593, 60
Trd, 4318750.143, 78
Trd, 4318750.293, 67
Trd, 4318751.293, 88
Trd, 4318752.593, 78
Trd, 4318752.943, 77
Trd, 4318754.193, 70
Trd, 4318754.293, 65
Trd, 4318754.743, 129
Trd, 4318754.893, 62
Trd, 4318756.143, 78
Trd, 4318756.993, 137
Trd, 4318757.143, 135
Trd, 4318757.593, 118
Trd, 4318758.143, 139
Trd, 4318758.193, 86
Trd, 4318758.443, 74
Trd, 4318759.143, 71
Trd, 4318761.193, 88
Trd, 4318762.493, 84
Trd, 4318762.793, 80
Trd, 4318763.493, 78
Trd, 4318764.243, 80
Trd, 4318764.293, 78
Trd, 4318764.943, 77
Trd, 4318765.443, 74
Trd, 4318766.043, 67
Trd, 4318766.943, 61
Trd, 4318768.143, 61
Trd, 4318768.643, 62
Trd, 4318769.743, 64
Trd, 4318771.793, 62
Trd, 4318772.393, 62
Trd, 4318773.293, 66
Trd, 4318773.343, 64
Trd, 4318773.743, 87
Trd, 4318774.193, 67
Trd, 4318775.443, 67
Trd, 4318776.093, 66
Trd, 4318776.393, 63
Trd, 4318776.643, 65
Trd, 4318777.443, 83
Trd, 4318778.993, 139
Trd, 4318779.893, 133
Trd, 4318780.543, 132
Trd, 4318780.643, 132
Trd, 4318781.243, 124
Trd, 4318781.943, 101
Trd, 4318781.993, 95
Trd, 4318782.593, 119
Trd, 4318782.993, 115
Trd, 4318784.793, 140
Trd, 4318784.843, 138
Trd, 4318785.093, 90
Trd, 4318785.843, 85
Trd, 4318786.443, 84
Trd, 4318786.693, 75
Trd, 4318787.443, 84
Trd, 4318788.893, 60
Trd, 4318791.343, 61
Trd, 4318791.493, 61
Trd, 4318792.143, 62
Trd, 4318792.243, 63
Trd, 4318793.243, 60
Trd, 4318794.493, 71
Trd, 4318795.593, 64
Trd, 4318795.993, 61
Trd, 4318797.443, 85
Trd, 4318797.843, 97
Trd, 4318798.193, 84
Trd, 4318798.693, 82
Trd, 4318799.943, 127
Trd, 4318800.343, 85
Trd, 4318800.693, 85
Trd, 4318800.793, 84
Trd, 4318802.043, 140
Trd, 4318802.293, 116
Trd, 4318802.793, 88
Trd, 4318803.743, 139
Trd, 4318804.693, 64
Trd, 4318805.643, 96
Trd, 4318805.993, 78
Trd, 4318806.493, 76
Trd, 4318807.443, 93
Trd, 4318808.493, 94
Trd, 4318808.843, 93
Trd, 4318808.943, 93
Trd, 4318809.393, 92
Trd, 4318810.193, 79
Trd, 4318810.743, 84
Trd, 4318811.393, 90
Trd, 4318811.793, 120
Trd, 4318811.943, 79
Trd, 4318812.193, 78
Trd, 4318813.593, 61
Trd, 4318813.993, 60
Trd, 4318814.243, 61
Trd, 4318815.843, 65
Trd, 4318817.343, 60
Trd, 4318818.193, 62
Trd, 4318819.093, 60
Trd, 4318819.593, 61
Trd, 4318820.293, 131
Trd, 4318820.343, 125
Trd, 4318821.693, 119
Trd, 4318822.193, 119
Trd, 4318822.243, 117
Trd, 4318822.643, 101
Trd, 4318824.043, 61
Trd, 4318824.493, 61
Trd, 4318825.343, 62
Trd, 4318826.143, 62
Trd, 4318826.443, 62
Trd, 4318827.993, 60
Trd, 4318828.043, 60
Trd, 4318828.343, 61
Trd, 4318828.843, 67
Trd, 4318830.843, 60
Trd, 4318831.993, 66
Trd, 4318832.443, 64
Trd, 4318832.843, 65
Trd, 4318833.293, 62
Trd, 4318835.043, 75
Trd, 4318835.093, 67
Trd, 4318835.743, 72
Trd, 4318836.593, 68
Trd, 4318838.493, 67
Trd, 4318839.293, 65
Trd, 4318839.543, 63
Trd, 4318839.743, 61
Trd, 4318840.943, 62
Trd, 4318841.743, 62
Trd, 4318842.193, 61
Trd, 4318843.243, 64
Trd, 4318843.293, 80
Trd, 4318844.193, 65
Trd, 4318844.793, 61
Trd, 4318845.093, 61
Trd, 4318845.843, 96
Trd, 4318846.793, 138
Trd, 4318847.293, 62
Trd, 4318848.643, 68
Trd, 4318848.743, 76
Trd, 4318849.043, 130
Trd, 4318849.093, 67
Trd, 4318849.543, 68
Trd, 4318849.693, 65
Trd, 4318851.843, 64
Trd, 4318854.293, 61
Trd, 4318855.043, 61
Trd, 4318855.393, 63
Trd, 4318856.693, 64
Trd, 4318856.993, 64
Trd, 4318857.743, 119
Trd, 4318858.443, 68
Trd, 4318860.143, 60
Trd, 4318860.543, 61
Trd, 4318861.043, 64
Trd, 4318861.843, 65
Trd, 4318861.893, 83
Trd, 4318862.843, 67
Trd, 4318865.343, 60
Trd, 4318866.243, 62
Trd, 4318867.093, 63
Trd, 4318867.593, 65
Trd, 4318868.443, 64
Trd, 4318868.693, 62
Trd, 4318869.143, 65
Trd, 4318869.693, 120
Trd, 4318871.493, 109
Trd, 4318871.643, 110
Trd, 4318871.843, 109
Trd, 4318872.043, 109
Trd, 4318872.243, 108
Trd, 4318872.343, 66
Trd, 4318873.043, 66
Trd, 4318873.943, 60
Trd, 4318874.393, 65
Trd, 4318876.193, 66
Trd, 4318878.693, 62
Trd, 4318878.743, 60
Trd, 4318878.893, 68
Trd, 4318880.393, 68
Trd, 4318880.743, 70
Trd, 4318880.943, 67
Trd, 4318881.043, 84
Trd, 4318881.143, 67
Trd, 4318882.543, 71
Trd, 4318883.043, 71
Trd, 4318883.793, 62
Trd, 4318884.793, 63
Trd, 4318885.193, 103
Trd, 4318885.343, 103
Trd, 4318885.843, 94
Trd, 4318886.093, 75
Trd, 4318887.843, 60
Trd, 4318888.793, 60
Trd, 4318889.143, 60
Trd, 4318889.243, 61
Trd, 4318890.543, 65
Trd, 4318891.143, 63
Trd, 4318891.743, 69
Trd, 4318892.293, 63
Trd, 4318892.593, 69
Trd, 4318894.143, 72
Trd, 4318894.193, 74
Trd, 4318895.793, 72
Trd, 4318896.043, 90
Trd, 4318896.593, 70
Trd, 4318898.293, 72
Trd, 4318898.443, 71
Trd, 4318898.693, 68
Trd, 4318899.443, 67
Trd, 4318899.543, 64
Trd, 4318899.693, 64
Trd, 4318899.943, 61
Trd, 4318900.393, 140
Trd, 4318900.943, 102
Trd, 4318902.643, 68
Trd, 4318904.543, 61
Trd, 4318904.593, 67
Trd, 4318904.743, 77
Trd, 4318906.793, 61
Trd, 4318907.143, 60
Trd, 4318907.893, 60
Trd, 4318909.443, 61
Trd, 4318909.993, 63
Trd, 4318910.343, 61
Trd, 4318911.993, 62
Trd, 4318913.893, 60
Trd, 4318913.993, 62
Trd, 4318914.393, 60
Trd, 4318914.793, 63
Trd, 4318915.143, 70
Trd, 4318915.593, 60
Trd, 4318916.543, 61
Trd, 4318916.593, 67
Trd, 4318916.893, 60
Trd, 4318916.993, 69
Trd, 4318918.493, 121
Trd, 4318918.943, 102
Trd, 4318919.143, 102
Trd, 4318921.193, 68
Trd, 4318921.393, 66
Trd, 4318921.793, 80
Trd, 4318923.043, 76
Trd, 4318923.693, 76
Trd, 4318924.893, 76
Trd, 4318924.993, 75
Trd, 4318925.143, 79
Trd, 4318925.393, 87
Trd, 4318925.943, 133
Trd, 4318926.443, 84
Trd, 4318926.693, 83
Trd, 4318929.043, 62
Trd, 4318929.643, 65
Trd, 4318929.843, 71
Trd, 4318930.193, 65
Trd, 4318930.393, 94
Trd, 4318931.143, 60
Trd, 4318932.043, 138
Trd, 4318932.293, 125
Trd, 4318932.443, 123
Trd, 4318934.893, 60
Trd, 4318937.543, 60
Trd, 4318937.593, 61
Trd, 4318938.093, 60
Trd, 4318938.593, 62
Trd, 4318939.343, 64
Trd, 4318939.993, 84
Trd, 4318940.793, 74
Trd, 4318941.343, 78
Trd, 4318941.693, 76
Trd, 4318942.093, 74
Trd, 4318942.393, 72
Trd, 4318944.343, 139
Trd, 4318944.393, 135
Trd, 4318945.093, 132
Trd, 4318945.143, 128
Trd, 4318946.993, 74
Trd, 4318947.493, 66
Trd, 4318947.793, 65
Trd, 4318948.793, 61
Trd, 4318949.243, 62
Trd, 4318949.943, 136
Trd, 4318951.193, 118
Trd, 4318951.393, 98
Trd, 4318952.443, 94
Trd, 4318952.993, 94
Trd, 4318953.643, 88
Trd, 4318953.843, 83
Trd, 4318954.243, 82
Trd, 4318955.493, 83
Trd, 4318957.093, 67
Trd, 4318957.443, 65
Trd, 4318958.493, 66
Trd, 4318958.943, 66
Trd, 4318959.943, 64
Trd, 4318961.543, 62
Trd, 4318961.593, 78
Trd, 4318963.143, 89
Trd, 4318963.243, 87
Trd, 4318963.743, 104
Trd, 4318964.043, 80
Trd, 4318964.193, 108
Trd, 4318964.843, 70
Trd, 4318966.843, 60
Trd, 4318966.943, 68
Trd, 4318969.793, 62
Trd, 4318970.193, 65
Trd, 4318970.493, 65
Trd, 4318970.643, 122
Trd, 4318971.593, 62
Trd, 4318972.743, 61
Trd, 4318973.843, 68
Trd, 4318974.793, 72
Trd, 4318974.843, 81
Trd, 4318975.543, 62
Trd, 4318975.743, 99
Trd, 4318976.093, 64
Trd, 4318977.693, 68
Trd, 4318977.993, 69
Trd, 4318978.293, 69
Trd, 4318978.393, 68
Trd, 4318978.643, 65
Trd, 4318979.843, 140
Trd, 4318980.593, 77
Trd, 4318980.743, 75
Trd, 4318983.593, 60
Trd, 4318984.143, 61
Trd, 4318984.693, 64
Trd, 4318984.993, 67
Trd, 4318985.193, 67
Trd, 4318985.743, 72
Trd, 4318986.293, 91
Trd, 4318986.443, 91
Trd, 4318987.593, 140
Trd, 4318987.993, 131
Trd, 4318988.793, 81
Trd, 4318988.943, 78
Trd, 4318990.893, 63
Trd, 4318990.993, 64
Trd, 4318991.743, 62
Trd, 4318991.943, 61
Trd, 4318992.943, 124
Trd, 4318993.293, 60
Trd, 4318994.243, 64
Trd, 4318994.793, 60
Trd, 4318995.793, 61
Trd, 4318997.393, 61
Trd, 4318999.993, 62
Trd, 4319000.193, 61
Trd, 4319000.293, 67
Trd, 4319000.593, 70
Trd, 4319000.643, 66
Trd, 4319001.293, 131
Trd, 4319001.843, 140
Trd, 4319004.093, 61
Trd, 4319004.393, 62
Trd, 4319004.793, 62
Trd, 4319005.243, 66
Trd, 4319005.693, 65
Trd, 4319006.143, 67
Trd, 4319006.593, 139
Trd, 4319006.743, 139
Trd, 4319008.243, 78
Trd, 4319009.893, 61
Trd, 4319010.043, 72
Trd, 4319010.593, 70
Trd, 4319011.093, 70
Trd, 4319011.393, 67
Trd, 4319013.143, 69
Trd, 4319013.743, 68
Trd, 4319013.793, 66
Trd, 4319014.143, 74
Trd, 4319014.843, 70
Trd, 4319016.243, 86
Trd, 4319016.293, 73
Trd, 4319016.493, 72
Trd, 4319017.193, 126
Trd, 4319018.043, 74
Trd, 4319018.893, 78
Trd, 4319019.393, 86
Trd, 4319019.593, 82
Trd, 4319019.793, 88
Trd, 4319020.343, 81
Trd, 4319021.193, 140
Trd, 4319021.343, 132
Trd, 4319022.793, 83
Trd, 4319025.143, 60
Trd, 4319025.543, 63
Trd, 4319025.893, 63
Trd, 4319026.143, 61
Trd, 4319026.393, 64
Trd, 4319027.993, 65
Trd, 4319028.193, 61
Trd, 4319030.193, 103
Trd, 4319030.793, 116
Trd, 4319031.043, 97
Trd, 4319031.093, 90
Trd, 4319031.293, 88
Trd, 4319031.443, 88
Trd, 4319032.893, 133
Trd, 4319033.393, 133
Trd, 4319033.493, 121
Trd, 4319033.993, 109
Trd, 4319035.043, 115
Trd, 4319036.143, 112
Trd, 4319036.843, 121
Trd, 4319037.393, 110
Trd, 4319037.643, 110
Trd, 4319038.493, 110
Trd, 4319038.793, 122
Trd, 4319042.093, 61
Trd, 4319042.593, 64
Trd, 4319042.693, 71
Trd, 4319043.993, 88
Trd, 4319044.143, 66
Trd, 4319044.993, 84
Trd, 4319045.943, 61
Trd, 4319046.743, 73
Trd, 4319046.893, 71
Trd, 4319047.043, 74
Trd, 4319047.243, 72
Trd, 4319048.493, 72
Trd, 4319048.693, 67
Trd, 4319048.743, 115
Trd, 4319049.943, 67
Trd, 4319050.543, 65
Trd, 4319050.893, 71
Trd, 4319051.043, 60
Trd, 4319051.743, 84
Trd, 4319054.143, 61
Trd, 4319054.443, 63
Trd, 4319055.993, 60
Trd, 4319056.193, 62
Trd, 4319056.293, 71
Trd, 4319057.093, 64
Trd, 4319057.543, 68
Trd, 4319058.243, 62
Trd, 4319060.293, 76
Trd, 4319060.793, 101
Trd, 4319060.843, 73
Trd, 4319060.943, 72
Trd, 4319061.543, 61
Trd, 4319062.393, 80
Trd, 4319063.743, 70
Trd, 4319064.093, 66
Trd, 4319064.193, 70
Trd, 4319064.593, 92
Trd, 4319065.143, 102
Trd, 4319065.643, 101
Trd, 4319065.943, 100
Trd, 4319066.243, 88
Trd, 4319066.843, 106
Trd, 4319068.443, 60
Trd, 4319068.843, 61
Trd, 4319069.793, 70
Trd, 4319070.493, 63
Trd, 4319070.793, 64
Trd, 4319071.743, 69
Trd, 4319071.793, 66
Trd, 4319073.393, 135
Trd, 4319073.843, 118
Trd, 4319074.343, 117
Trd, 4319074.493, 116
Trd, 4319074.543, 109
Trd, 4319074.843, 64
Trd, 4319076.743, 65
Trd, 4319076.843, 62
Trd, 4319077.643, 62
Trd, 4319077.843, 61
Trd, 4319078.243, 60
Trd, 4319079.193, 74
Trd, 4319080.143, 65
Trd, 4319080.243, 67
Trd, 4319081.043, 68
Trd, 4319083.043, 108
Trd, 4319083.193, 106
Trd, 4319083.293, 102
Trd, 4319083.643, 97
Trd, 4319083.693, 91
Trd, 4319084.543, 140
Trd, 4319085.293, 122
Trd, 4319085.593, 111
Trd, 4319086.443, 107
Trd, 4319086.743, 106
Trd, 4319086.993, 99
Trd, 4319088.943, 103
Trd, 4319088.993, 90
Trd, 4319089.543, 122
Trd, 4319089.643, 113
Trd, 4319091.643, 69
Trd, 4319091.893, 109
Trd, 4319092.343, 121
Trd, 4319093.193, 62
Trd, 4319094.193, 66
Trd, 4319094.243, 68
Trd, 4319094.893, 63
Trd, 4319095.593, 61
Trd, 4319095.943, 65
Trd, 4319096.393, 66
Trd, 4319096.943, 64
Trd, 4319097.293, 63
Trd, 4319098.043, 64
Trd, 4319099.393, 77
Trd, 4319099.493, 76
Trd, 4319100.293, 138
Trd, 4319100.593, 133
Trd, 4319101.343, 81
Trd, 4319101.543, 79
Trd, 4319102.393, 129
Trd, 4319102.743, 127
Trd, 4319103.843, 71
Trd, 4319104.393, 61
Trd, 4319104.843, 60
Trd, 4319105.543, 80
Trd, 4319106.843, 61
Trd, 4319107.493, 62
Trd, 4319107.643, 62
Trd, 4319107.893, 78
Trd, 4319108.193, 62
Trd, 4319108.493, 76
Trd, 4319110.743, 61
Trd, 4319112.293, 71
Trd, 4319112.543, 79
Trd, 4319112.643, 136
Trd, 4319112.943, 74
Trd, 4319113.743, 77
Trd, 4319113.843, 75
Trd, 4319114.793, 71
Trd, 4319115.443, 71
Trd, 4319115.693, 65
Trd, 4319116.543, 61
Trd, 4319116.793, 68
Trd, 4319117.193, 64
Trd, 4319117.993, 62
Trd, 4319118.243, 66
Trd, 4319119.493, 75
Trd, 4319121.093, 76
Trd, 4319121.193, 74
Trd, 4319121.493, 139
Trd, 4319121.693, 71
Trd, 4319122.793, 95
Trd, 4319123.243, 88
Trd, 4319123.843, 93
Trd, 4319124.693, 86
Trd, 4319125.343, 80
Trd, 4319126.293, 105
Trd, 4319127.593, 68
Trd, 4319127.643, 69
Trd, 4319128.143, 93
Trd, 4319128.243, 92
Trd, 4319128.993, 80
Trd, 4319129.443, 81
Trd, 4319129.793, 137
Trd, 4319130.143, 135
Trd, 4319130.793, 88
Trd, 4319131.743, 137
Trd, 4319132.093, 110
Trd, 4319132.693, 112
Trd, 4319134.143, 137
Trd, 4319134.593, 125
Trd, 4319135.343, 121
Trd, 4319135.393, 119
Trd, 4319135.493, 103
Trd, 4319136.793, 84
Trd, 4319137.343, 87
Trd, 4319138.043, 135
Trd, 4319138.793, 106
Trd, 4319140.043, 104
Trd, 4319140.293, 124
Trd, 4319140.393, 102
Trd, 4319141.643, 64
Trd, 4319142.043, 64
Trd, 4319144.043, 60
Trd, 4319144.493, 62
Trd, 4319144.643, 63
Trd, 4319144.843, 67
Trd, 4319144.943, 73
Trd, 4319145.093, 66
Trd, 4319146.093, 94
Trd, 4319147.693, 88
Trd, 4319147.993, 100
Trd, 4319149.643, 65
Trd, 4319151.093, 95
Trd, 4319151.693, 95
Trd, 4319151.793, 83
Trd, 4319151.893, 110
Trd, 4319152.443, 96
Trd, 4319154.393, 64
Trd, 4319155.143, 65
Trd, 4319156.043, 63
Trd, 4319156.593, 75
Trd, 4319157.093, 84
Trd, 4319157.743, 75
Trd, 4319157.793, 73
Trd, 4319158.243, 104
Trd, 4319158.893, 70
Trd, 4319159.043, 117
Trd, 4319159.443, 65
Trd, 4319159.893, 60
Trd, 4319160.543, 62
Trd, 4319160.793, 69
Trd, 4319162.893, 60
Trd, 4319163.743, 61
Trd, 4319163.843, 68
Trd, 4319164.343, 63
Trd, 4319165.793, 66
Trd, 4319166.543, 65
Trd, 4319166.743, 65
Trd, 4319166.893, 76
Trd, 4319167.293, 66
Trd, 4319168.193, 62
Trd, 4319168.843, 108
Trd, 4319169.043, 88
Trd, 4319170.693, 72
Trd, 4319170.943, 61
Trd, 4319171.693, 64
Trd, 4319172.343, 65
Trd, 4319174.893, 61
Trd, 4319175.843, 60
Trd, 4319176.243, 61
Trd, 4319177.743, 66
Trd, 4319178.143, 70
Trd, 4319178.493, 67
Trd, 4319178.843, 65
Trd, 4319179.493, 115
Trd, 4319180.393, 139
Trd, 4319182.143, 131
Trd, 4319182.343, 125
Trd, 4319182.643, 116
Trd, 4319182.993, 140
Trd, 4319183.343, 132
Trd, 4319183.693, 126
Trd, 4319184.293, 122
Trd, 4319184.693, 106
Trd, 4319186.093, 104
Trd, 4319186.243, 91
Trd, 4319186.443, 130
Trd, 4319187.093, 116
Trd, 4319187.993, 115
Trd, 4319188.193, 108
Trd, 4319188.893, 140
Trd, 4319190.093, 136
Trd, 4319191.043, 125
Trd, 4319191.443, 118
Trd, 4319191.843, 63
Trd, 4319193.993, 62
Trd, 4319194.993, 62
Trd, 4319196.993, 63
Trd, 4319197.593, 73
Trd, 4319198.393, 71
Trd, 4319199.093, 78
Trd, 4319199.393, 75
Trd, 4319199.543, 71
Trd, 4319199.893, 139
Trd, 4319200.043, 69
Trd, 4319200.743, 77
Trd, 4319201.093, 140
Trd, 4319201.543, 106
Trd, 4319202.443, 94
Trd, 4319202.843, 94
Trd, 4319203.693, 88
Trd, 4319203.993, 87
Trd, 4319205.093, 87
Trd, 4319205.993, 103
Trd, 4319206.043, 103
Trd, 4319206.493, 138
Trd, 4319206.543, 100
Trd, 4319207.693, 60
Trd, 4319208.593, 71
Trd, 4319210.143, 60
Trd, 4319210.593, 61
Trd, 4319210.843, 60
Trd, 4319212.093, 79
Trd, 4319213.243, 81
Trd, 4319213.293, 80
Trd, 4319213.343, 76
Trd, 4319213.843, 139
Trd, 4319214.593, 113
Trd, 4319215.093, 116
Trd, 4319215.693, 100
Trd, 4319216.543, 120
Trd, 4319216.693, 119
Trd, 4319217.293, 119
Trd, 4319217.743, 117
Trd, 4319218.693, 118
Trd, 4319219.443, 126
Trd, 4319219.893, 103
Trd, 4319220.393, 109
Trd, 4319221.593, 100
Trd, 4319222.593, 67
Trd, 4319223.643, 66
Trd, 4319223.943, 69
Trd, 4319224.443, 60
Trd, 4319225.743, 100
Trd, 4319225.893, 88
Trd, 4319226.393, 79
Trd, 4319226.993, 77
Trd, 4319227.243, 76
Trd, 4319228.343, 64
Trd, 4319229.393, 104
Trd, 4319230.543, 86
Trd, 4319230.593, 93
Trd, 4319230.643, 85
Trd, 4319231.643, 136
Trd, 4319232.893, 139
Trd, 4319233.193, 122
Trd, 4319233.243, 86
Trd, 4319234.793, 61
Trd, 4319235.793, 67
Trd, 4319235.843, 68
Trd, 4319236.843, 63
Trd, 4319237.743, 96
Trd, 4319238.143, 73
Trd, 4319238.943, 115
Trd, 4319239.043, 113
Trd, 4319239.243, 61
Trd, 4319239.643, 60
Trd, 4319240.843, 63
Trd, 4319241.393, 64
Trd, 4319244.043, 74
Trd, 4319244.193, 70
Trd, 4319244.543, 69
Trd, 4319244.993, 69
Trd, 4319245.843, 73
Trd, 4319246.493, 66
Trd, 4319248.843, 63
Trd, 4319248.893, 61
Trd, 4319249.043, 61
Trd, 4319249.093, 63
Trd, 4319249.243, 73
Trd, 4319250.393, 120
Trd, 4319250.993, 79
Trd, 4319251.343, 78
Trd, 4319251.743, 61
Trd, 4319252.343, 63
Trd, 4319255.243, 62
Trd, 4319255.493, 62
Trd, 4319255.593, 67
Trd, 4319256.193, 66
Trd, 4319256.893, 61
Trd, 4319257.493, 60
Trd, 4319257.543, 60
Trd, 4319258.243, 133
Trd, 4319258.943, 100
Trd, 4319259.793, 86
Trd, 4319260.093, 74
Trd, 4319260.393, 73
Trd, 4319262.143, 139
Trd, 4319262.293, 132
Trd, 4319262.593, 103
Trd, 4319263.143, 93
Trd, 4319263.243, 92
Trd, 4319265.643, 65
Trd, 4319265.843, 66
Trd, 4319265.993, 65
Trd, 4319266.093, 134
Trd, 4319266.643, 64
Trd, 4319267.543, 78
Trd, 4319268.193, 64
Trd, 4319268.243, 61
Trd, 4319269.343, 132
Trd, 4319270.293, 62
Trd, 4319271.193, 62
Trd, 4319272.143, 63
Trd, 4319273.043, 62
Trd, 4319273.243, 63
Trd, 4319273.843, 76
Trd, 4319275.493, 66
Trd, 4319275.793, 65
Trd, 4319276.243, 66
Trd, 4319276.393, 74
Trd, 4319276.793, 125
Trd, 4319277.443, 86
Trd, 4319279.143, 61
Trd, 4319281.243, 60
Trd, 4319281.293, 60
Trd, 4319281.693, 62
Trd, 4319281.993, 63
Trd, 4319282.393, 60
Trd, 4319282.443, 99
Trd, 4319283.143, 62
Trd, 4319283.843, 86
Trd, 4319284.443, 73
Trd, 4319284.793, 73
Trd, 4319285.443, 85
Trd, 4319285.593, 72
Trd, 4319286.193, 71
Trd, 4319287.793, 62
Trd, 4319287.943, 64
Trd, 4319289.143, 80
Trd, 4319289.293, 79
Trd, 4319290.343, 71
Trd, 4319290.443, 68
Trd, 4319291.843, 69
Trd, 4319295.593, 60
Trd, 4319295.993, 62
Trd, 4319296.243, 65
Trd, 4319296.343, 63
Trd, 4319296.643, 68
Trd, 4319297.843, 67
Trd, 4319298.743, 129
Trd, 4319299.643, 86
Trd, 4319299.893, 85
Trd, 4319301.143, 122
Trd, 4319301.843, 66
Trd, 4319304.293, 62
Trd, 4319305.493, 62
Trd, 4319305.593, 62
Trd, 4319306.393, 60
Trd, 4319306.943, 61
Trd, 4319308.493, 66
Trd, 4319308.993, 104
Trd, 4319309.093, 64
Trd, 4319309.743, 140
Trd, 4319311.943, 60
Trd, 4319313.143, 63
Trd, 4319313.743, 66
Trd, 4319314.593, 61
Trd, 4319314.643, 62
Trd, 4319315.493, 116
Trd, 4319317.443, 107
Trd, 4319317.693, 123
Trd, 4319317.843, 105
Trd, 4319317.893, 105
Trd, 4319318.193, 104
Trd, 4319319.243, 112
Trd, 4319319.543, 112
Trd, 4319320.143, 106
Trd, 4319320.643, 97
Trd, 4319321.243, 135
Trd, 4319321.893, 125
Trd, 4319322.743, 92
Trd, 4319325.393, 83
Trd, 4319325.943, 77
Trd, 4319326.193, 78
Trd, 4319326.593, 75
Trd, 4319326.793, 124
Trd, 4319327.893, 63
Trd, 4319328.143, 68
Trd, 4319329.393, 61
Trd, 4319330.293, 60
Trd, 4319331.193, 76
Trd, 4319331.843, 76
Trd, 4319332.343, 120
Trd, 4319332.543, 74
Trd, 4319333.193, 74
Trd, 4319333.993, 139
Trd, 4319334.693, 72
Trd, 4319334.843, 69
Trd, 4319335.643, 101
Trd, 4319335.893, 120
Trd, 4319336.293, 100
Trd, 4319337.093, 138
Trd, 4319337.543, 101
Trd, 4319338.593, 101
Trd, 4319339.343, 90
Trd, 4319340.593, 77
Trd, 4319341.343, 69
Trd, 4319341.793, 68
Trd, 4319342.393, 81
Trd, 4319342.793, 85
Trd, 4319343.193, 82
Trd, 4319343.343, 81
Trd, 4319343.493, 140
Trd, 4319344.743, 103
Trd, 4319344.793, 102
Trd, 4319345.193, 120
Trd, 4319346.643, 140
Trd, 4319347.143, 139
Trd, 4319348.643, 139
Trd, 4319348.743, 132
Trd, 4319348.893, 122
Trd, 4319349.393, 140
Trd, 4319349.493, 120
Trd, 4319349.543, 85
Trd, 4319350.293, 113
Trd, 4319350.493, 118
Trd, 4319351.293, 63
Trd, 4319354.343, 80
Trd, 4319355.593, 83
Trd, 4319356.043, 82
Trd, 4319356.493, 111
Trd, 4319356.643, 125
Trd, 4319357.393, 139
Trd, 4319358.093, 105
Trd, 4319358.443, 105
Trd, 4319358.493, 97
Trd, 4319359.743, 67
Trd, 4319360.693, 62
Trd, 4319361.693, 62
Trd, 4319361.843, 67
Trd, 4319362.593, 67
Trd, 4319362.993, 63
Trd, 4319364.343, 65
Trd, 4319365.593, 99
Trd, 4319365.993, 118
Trd, 4319366.593, 138
Trd, 4319366.843, 107
Trd, 4319367.393, 127
Trd, 4319367.943, 106
Trd, 4319369.343, 105
Trd, 4319371.043, 140
Trd, 4319371.343, 139
Trd, 4319371.393, 137
Trd, 4319372.043, 132
Trd, 4319372.443, 120
Trd, 4319372.943, 105
Trd, 4319374.143, 98
Trd, 4319374.693, 94
Trd, 4319375.143, 74
Trd, 4319375.543, 97
Trd, 4319375.593, 126
Trd, 4319376.993, 72
Trd, 4319377.343, 69
Trd, 4319377.393, 67
Trd, 4319378.343, 138
Trd, 4319378.893, 89
Trd, 4319378.993, 81
Trd, 4319380.293, 99
Trd, 4319380.443, 89
Trd, 4319383.893, 60
Trd, 4319384.493, 60
Trd, 4319386.293, 60
Trd, 4319386.893, 61
Trd, 4319387.043, 62
Trd, 4319387.593, 62
Trd, 4319387.643, 77
Trd, 4319387.993, 62
Trd, 4319388.593, 61
Trd, 4319389.143, 99
Trd, 4319389.593, 82
Trd, 4319390.143, 69
Trd, 4319390.993, 61
Trd, 4319391.193, 62
Trd, 4319392.543, 60
Trd, 4319392.743, 62
Trd, 4319394.643, 62
Trd, 4319396.093, 61
Trd, 4319396.143, 69
Trd, 4319396.943, 78
Trd, 4319396.993, 67
Trd, 4319397.993, 61
Trd, 4319398.693, 62
Trd, 4319399.293, 68
Trd, 4319400.343, 63
Trd, 4319403.043, 62
Trd, 4319403.093, 63
Trd, 4319403.143, 62
Trd, 4319403.693, 65
Trd, 4319404.093, 73
Trd, 4319404.443, 66
Trd, 4319404.793, 139
Trd, 4319405.243, 121
Trd, 4319406.143, 60
Trd, 4319406.593, 69
Trd, 4319408.343, 67
Trd, 4319408.893, 67
Trd, 4319409.543, 68
Trd, 4319410.243, 66
Trd, 4319411.293, 138
Trd, 4319411.993, 100
Trd, 4319412.193, 98
Trd, 4319412.543, 69
Trd, 4319412.893, 119
Trd, 4319413.793, 125
Trd, 4319413.993, 78
Trd, 4319414.893, 78
Trd, 4319414.943, 69
Trd, 4319415.643, 140
Trd, 4319415.893, 107
Trd, 4319416.893, 90
Trd, 4319417.093, 89
Trd, 4319417.993, 69
Trd, 4319418.543, 85
Trd, 4319419.293, 83
Trd, 4319420.743, 104
Trd, 4319421.293, 71
Trd, 4319421.393, 72
Trd, 4319421.893, 68
Trd, 4319422.093, 120
Trd, 4319423.143, 98
Trd, 4319424.743, 60
Trd, 4319426.293, 63
Trd, 4319426.793, 67
Trd, 4319427.643, 60
Trd, 4319427.993, 79
Trd, 4319428.393, 107
Trd, 4319428.593, 66
Trd, 4319429.343, 70
Trd, 4319429.443, 66
Trd, 4319430.343, 67
Trd, 4319430.443, 63
Trd, 4319430.693, 133
Trd, 4319431.093, 125
Trd, 4319431.693, 140
Trd, 4319431.943, 140
Trd, 4319432.293, 109
Trd, 4319434.893, 64
Trd, 4319435.393, 62
Trd, 4319435.593, 64
Trd, 4319436.993, 62
Trd, 4319437.043, 104
Trd, 4319437.793, 68
Trd, 4319438.543, 62
Trd, 4319439.343, 96
Trd, 4319439.593, 82
Trd, 4319439.993, 107
Trd, 4319440.593, 84
Trd, 4319441.443, 108
Trd, 4319442.093, 65
Trd, 4319442.593, 70
Trd, 4319442.643, 75
Trd, 4319444.093, 63
Trd, 4319445.093, 65
Trd, 4319446.093, 71
Trd, 4319446.493, 91
Trd, 4319447.293, 72
Trd, 4319447.543, 84
Trd, 4319448.293, 83
Trd, 4319448.343, 71
Trd, 4319449.693, 140
Trd, 4319450.093, 139
Trd, 4319450.343, 125
Trd, 4319450.643, 122
Trd, 4319451.843, 69
Trd, 4319452.243, 66
Trd, 4319455.093, 61
Trd, 4319455.193, 62
Trd, 4319455.693, 63
Trd, 4319456.843, 67
Trd, 4319457.393, 65
Trd, 4319457.543, 124
Trd, 4319457.693, 65
Trd, 4319457.993, 64
Trd, 4319459.043, 62
Trd, 4319459.943, 67
Trd, 4319461.293, 131
Trd, 4319461.343, 72
Trd, 4319461.943, 82
Trd, 4319462.243, 70
Trd, 4319462.643, 69
Trd, 4319464.493, 62
Trd, 4319464.943, 68
Trd, 4319465.443, 82
Trd, 4319465.793, 139
Trd, 4319465.893, 132
Trd, 4319466.843, 132
Trd, 4319467.193, 130
Trd, 4319468.393, 120
Trd, 4319469.193, 119
Trd, 4319469.793, 111
Trd, 4319470.343, 104
Trd, 4319470.943, 123
Trd, 4319471.243, 140
Trd, 4319472.543, 136
Trd, 4319472.793, 107
Trd, 4319472.893, 63
Trd, 4319474.493, 131
Trd, 4319474.543, 131
Trd, 4319475.143, 93
Trd, 4319475.393, 82
Trd, 4319476.243, 75
Trd, 4319476.643, 74
Trd, 4319477.393, 125
Trd, 4319477.793, 73
Trd, 4319478.793, 78
Trd, 4319479.693, 60
Trd, 4319480.143, 65
Trd, 4319481.443, 66
Trd, 4319481.843, 65
Trd, 4319482.043, 93
Trd, 4319482.493, 66
Trd, 4319483.343, 140
Trd, 4319483.693, 70
Trd, 4319484.143, 73
Trd, 4319485.393, 81
Trd, 4319486.143, 102
Trd, 4319486.293, 132
Trd, 4319486.443, 82
Trd, 4319486.643, 79
Trd, 4319486.943, 78
Trd, 4319488.793, 89
Trd, 4319489.143, 89
Trd, 4319489.193, 89
Trd, 4319489.543, 86
Trd, 4319489.993, 82
Trd, 4319490.943, 139
Trd, 4319491.443, 119
Trd, 4319491.693, 98
Trd, 4319492.843, 62
Trd, 4319494.543, 60
Trd, 4319494.893, 60
Trd, 4319497.993, 61
Trd, 4319498.143, 63
Trd, 4319498.193, 65
Trd, 4319498.493, 60
Trd, 4319498.743, 65
Trd, 4319499.293, 67
Trd, 4319500.443, 68
Trd, 4319500.743, 67
Trd, 4319502.543, 64
Trd, 4319503.943, 61
Trd, 4319503.993, 62
Trd, 4319504.743, 60
Trd, 4319504.893, 67
Trd, 4319505.743, 88
Trd, 4319507.843, 62
Trd, 4319507.993, 63
Trd, 4319508.193, 63
Trd, 4319508.493, 63
Trd, 4319509.593, 74
Trd, 4319509.893, 62
Trd, 4319511.193, 95
Trd, 4319511.743, 82
Trd, 4319514.093, 61
Trd, 4319515.393, 60
Trd, 4319516.693, 61
Trd, 4319517.443, 64
Trd, 4319518.293, 63
Trd, 4319518.993, 65
Trd, 4319519.193, 64
Trd, 4319519.893, 64
Trd, 4319521.093, 72
Trd, 4319521.793, 74
Trd, 4319523.393, 69
Trd, 4319523.543, 108
Trd, 4319523.843, 66
Trd, 4319523.893, 96
Trd, 4319523.993, 67
Trd, 4319524.393, 66
Trd, 4319525.543, 62
Trd, 4319526.343, 61
Trd, 4319526.543, 63
Trd, 4319528.643, 60
Trd, 4319529.393, 61
Trd, 4319529.993, 61
Trd, 4319530.693, 62
Trd, 4319530.893, 61
Trd, 4319532.043, 64
Trd, 4319532.493, 67
Trd, 4319532.943, 68
Trd, 4319533.143, 66
Trd, 4319534.243, 112
Trd, 4319535.093, 65
Trd, 4319535.293, 64
Trd, 4319536.193, 65
Trd, 4319536.443, 139
Trd, 4319537.593, 132
Trd, 4319538.243, 111
Trd, 4319539.143, 140
Trd, 4319539.643, 124
Trd, 4319540.043, 111
Trd, 4319540.343, 97
Trd, 4319541.843, 64
Trd, 4319542.293, 121
Trd, 4319543.143, 77
Trd, 4319545.043, 77
Trd, 4319545.543, 76
Trd, 4319545.743, 74
Trd, 4319545.893, 73
Trd, 4319546.093, 71
Trd, 4319546.893, 69
Trd, 4319548.443, 63
Trd, 4319548.993, 60
Trd, 4319550.793, 60
Trd, 4319551.793, 65
Trd, 4319552.393, 64
Trd, 4319553.643, 62
Trd, 4319553.843, 86
Trd, 4319554.143, 67
Trd, 4319554.993, 139
Trd, 4319555.493, 138
Trd, 4319555.543, 136
Trd, 4319555.993, 127
Trd, 4319557.493, 134
Trd, 4319558.143, 131
Trd, 4319558.493, 125
Trd, 4319559.243, 140
Trd, 4319559.393, 121
Trd, 4319559.843, 119
Trd, 4319560.543, 107
Trd, 4319560.743, 107
Trd, 4319562.043, 69
Trd, 4319562.593, 115
Trd, 4319562.793, 82
Trd, 4319565.343, 64
Trd, 4319565.643, 61
Trd, 4319566.093, 71
Trd, 4319567.893, 60
Trd, 4319569.993, 60
Trd, 4319570.543, 60
Trd, 4319570.693, 61
Trd, 4319571.243, 71
Trd, 4319571.693, 84
Trd, 4319572.693, 73
Trd, 4319573.243, 77
Trd, 4319574.293, 80
Trd, 4319575.393, 140
Trd, 4319575.493, 132
Trd, 4319575.793, 110
Trd, 4319576.493, 108
Trd, 4319576.643, 108
Trd, 4319576.843, 90
Trd, 4319579.343, 73
Trd, 4319580.043, 115
Trd, 4319580.193, 102
Trd, 4319580.393, 75
Trd, 4319580.693, 70
Trd, 4319580.893, 67
Trd, 4319583.543, 60
Trd, 4319583.893, 62
Trd, 4319584.843, 61
Trd, 4319585.343, 61
Trd, 4319585.843, 75
Trd, 4319586.343, 64
Trd, 4319587.443, 60
Trd, 4319591.143, 61
Trd, 4319591.243, 62
Trd, 4319591.793, 62
Trd, 4319592.493, 65
Trd, 4319593.093, 63
Trd, 4319593.543, 77
Trd, 4319593.943, 77
Trd, 4319594.593, 65
Trd, 4319595.543, 67
Trd, 4319596.693, 70
Trd, 4319597.893, 71
Trd, 4319598.643, 80
Trd, 4319598.793, 71
Trd, 4319599.193, 138
Trd, 4319599.493, 136
Trd, 4319601.943, 101
Trd, 4319602.043, 140
Trd, 4319603.093, 101
Trd, 4319603.343, 102
Trd, 4319603.443, 100
Trd, 4319603.843, 98
Trd, 4319603.993, 94
Trd, 4319604.543, 87
Trd, 4319604.643, 110
Trd, 4319605.343, 68
Trd, 4319605.593, 70
Trd, 4319606.543, 63
Trd, 4319607.543, 62
Trd, 4319608.693, 63
Trd, 4319609.043, 66
Trd, 4319609.293, 65
Trd, 4319609.743, 66
Trd, 4319610.093, 62
Trd, 4319611.943, 66
Trd, 4319612.893, 138
Trd, 4319612.993, 76
Trd, 4319614.093, 64
Trd, 4319614.393, 73
Trd, 4319615.093, 61
Trd, 4319615.193, 117
Trd, 4319615.793, 63
Trd, 4319616.143, 114
Trd, 4319616.493, 71
Trd, 4319617.643, 72
Trd, 4319619.343, 64
Trd, 4319620.793, 82
Trd, 4319621.393, 89
Trd, 4319622.043, 77
Trd, 4319623.443, 68
Trd, 4319624.543, 69
Trd, 4319624.843, 64
Trd, 4319625.143, 70
Trd, 4319625.693, 81
Trd, 4319626.093, 65
Trd, 4319626.693, 70
Trd, 4319627.243, 68
Trd, 4319628.193, 68
Trd, 4319628.693, 68
Trd, 4319629.843, 63
Trd, 4319630.693, 62
Trd, 4319631.693, 62
Trd, 4319633.243, 60
Trd, 4319633.743, 66
Trd, 4319633.893, 67
Trd, 4319635.993, 61
Trd, 4319637.293, 61
Trd, 4319637.643, 61
Trd, 4319638.393, 63
Trd, 4319639.193, 64
Trd, 4319639.543, 75
Trd, 4319640.043, 86
Trd, 4319640.443, 64
Trd, 4319641.943, 61
Trd, 4319642.543, 60
Trd, 4319643.543, 63
Trd, 4319645.443, 115
Trd, 4319645.893, 138
Trd, 4319646.693, 115
Trd, 4319646.793, 114
Trd, 4319646.943, 103
Trd, 4319646.993, 88
Trd, 4319647.643, 124
Trd, 4319650.493, 88
Trd, 4319651.293, 94
Trd, 4319651.393, 87
Trd, 4319651.543, 86
Trd, 4319651.643, 85
Trd, 4319652.193, 88
Trd, 4319652.443, 84
Trd, 4319652.743, 83
Trd, 4319654.043, 79
Trd, 4319655.393, 140
Trd, 4319655.693, 138
Trd, 4319656.293, 137
Trd, 4319656.593, 137
Trd, 4319657.493, 140
Trd, 4319657.893, 132
Trd, 4319658.793, 94
Trd, 4319659.143, 89
Trd, 4319661.293, 112
Trd, 4319661.593, 111
Trd, 4319661.893, 110
Trd, 4319662.593, 110
Trd, 4319663.143, 139
Trd, 4319664.243, 110
Trd, 4319664.393, 109
Trd, 4319664.693, 111
Trd, 4319665.393, 97
Trd, 4319666.143, 95
Trd, 4319666.793, 85
Trd, 4319667.443, 83
Trd, 4319668.443, 140
Trd, 4319668.943, 130
Trd, 4319669.043, 124
Trd, 4319669.793, 96
Trd, 4319670.493, 81
Trd, 4319671.493, 76
Trd, 4319671.693, 80
Trd, 4319672.043, 72
Trd, 4319672.593, 132
Trd, 4319673.493, 73
Trd, 4319673.993, 72
Trd, 4319674.843, 73
Trd, 4319676.793, 76
Trd, 4319677.243, 73
Trd, 4319677.743, 69
Trd, 4319677.993, 65
Trd, 4319678.643, 65
Trd, 4319679.993, 60
Trd, 4319680.193, 63
Trd, 4319680.693, 85
Trd, 4319680.793, 70
Trd, 4319682.593, 60
Trd, 4319682.893, 61
Trd, 4319684.193, 61
Trd, 4319685.793, 62
Trd, 4319687.043, 70
Trd, 4319687.093, 65
Trd, 4319687.593, 65
Trd, 4319687.843, 64
Trd, 4319688.393, 62
Trd, 4319688.543, 84
Trd, 4319689.943, 61
Trd, 4319689.993, 71
Trd, 4319691.693, 65
Trd, 4319693.343, 61
Trd, 4319693.443, 62
Trd, 4319693.843, 64
Trd, 4319695.193, 65
Trd, 4319695.993, 140
Trd, 4319696.643, 139
Trd, 4319697.193, 125
Trd, 4319697.693, 119
Trd, 4319698.093, 63
Trd, 4319699.043, 81
Trd, 4319699.893, 81
Trd, 4319700.143, 79
Trd, 4319700.543, 84
Trd, 4319700.843, 140
Trd, 4319702.293, 71
Trd, 4319702.443, 63
Trd, 4319703.193, 62
Trd, 4319703.393, 61
Trd, 4319704.043, 74
Trd, 4319704.693, 70
Trd, 4319705.443, 118
Trd, 4319705.643, 116
Trd, 4319706.043, 94
Trd, 4319706.393, 94
Trd, 4319708.643, 65
Trd, 4319708.793, 66
Trd, 4319710.093, 64
Trd, 4319711.293, 62
Trd, 4319711.493, 62
Trd, 4319712.193, 61
Trd, 4319713.043, 61
Trd, 4319714.093, 61
Trd, 4319714.293, 107
Trd, 4319714.543, 60
Trd, 4319715.993, 60
Trd, 4319716.043, 60
Trd, 4319717.243, 64
Trd, 4319717.593, 70
Trd, 4319717.693, 63
Trd, 4319717.993, 92
Trd, 4319720.043, 77
Trd, 4319720.243, 68
Trd, 4319720.593, 63
Trd, 4319720.843, 70
Trd, 4319721.093, 92
Trd, 4319721.243, 119
Trd, 4319721.743, 72
Trd, 4319722.743, 89
Trd, 4319724.643, 89
Trd, 4319724.993, 89
Trd, 4319725.243, 80
Trd, 4319725.393, 98
Trd, 4319726.243, 124
Trd, 4319727.143, 84
Trd, 4319727.293, 79
Trd, 4319727.593, 78
Trd, 4319728.193, 64
Trd, 4319728.293, 71
Trd, 4319729.893, 139
Trd, 4319730.393, 140
Trd, 4319730.443, 136
Trd, 4319731.793, 60
Trd, 4319731.993, 69
Trd, 4319732.793, 63
Trd, 4319732.893, 67
Trd, 4319733.393, 71
Trd, 4319735.943, 72
Trd, 4319735.993, 71
Trd, 4319736.543, 71
Trd, 4319737.843, 63
Trd, 4319738.743, 62
Trd, 4319739.193, 61
Trd, 4319740.143, 79
Trd, 4319740.743, 139
Trd, 4319741.043, 94
Trd, 4319742.093, 89
Trd, 4319742.993, 138
Trd, 4319743.093, 139
Trd, 4319743.393, 138
Trd, 4319745.193, 103
Trd, 4319745.243, 92
Trd, 4319745.543, 101
Trd, 4319746.593, 89
Trd, 4319746.743, 87
Trd, 4319747.393, 86
Trd, 4319748.093, 90
Trd, 4319748.593, 87
Trd, 4319749.193, 75
Trd, 4319749.293, 73
Trd, 4319749.843, 89
Trd, 4319750.593, 87
Trd, 4319750.843, 83
Trd, 4319750.993, 82
Trd, 4319752.493, 60
Trd, 4319752.743, 116
Trd, 4319755.093, 61
Trd, 4319755.193, 86
Trd, 4319755.493, 61
Trd, 4319756.593, 68
Trd, 4319757.343, 130
Trd, 4319757.393, 81
Trd, 4319757.893, 97
Trd, 4319758.493, 77
Trd, 4319758.543, 137
Trd, 4319759.443, 98
Trd, 4319759.693, 76
Trd, 4319759.993, 75
Trd, 4319761.843, 98
Trd, 4319762.393, 90
Trd, 4319762.693, 119
Trd, 4319762.793, 87
Trd, 4319763.943, 139
Trd, 4319764.343, 79
Trd, 4319764.893, 81
Trd, 4319765.593, 73
Trd, 4319768.093, 61
Trd, 4319768.743, 63
Trd, 4319770.043, 60
Trd, 4319770.893, 83
Trd, 4319770.943, 90
Trd, 4319771.343, 78
Trd, 4319771.493, 68
Trd, 4319772.243, 140
Trd, 4319772.643, 140
Trd, 4319773.093, 137
Trd, 4319773.593, 137
Trd, 4319774.393, 66
Trd, 4319774.793, 60
Trd, 4319774.893, 62
Trd, 4319777.243, 61
Trd, 4319778.743, 60
Trd, 4319778.993, 61
Trd, 4319779.393, 63
Trd, 4319779.843, 62
Trd, 4319780.293, 63
Trd, 4319781.593, 72
Trd, 4319781.843, 69
Trd, 4319782.693, 111
Trd, 4319784.443, 140
Trd, 4319785.093, 140
Trd, 4319785.143, 139
Trd, 4319785.243, 132
Trd, 4319785.293, 122
Trd, 4319785.393, 117
Trd, 4319785.993, 125
Trd, 4319789.393, 62
Trd, 4319790.843, 60
Trd, 4319791.043, 60
Trd, 4319791.193, 62
Trd, 4319792.493, 64
Trd, 4319793.343, 65
Trd, 4319793.943, 67
Trd, 4319794.643, 65
Trd, 4319794.743, 65
Trd, 4319795.143, 84
Trd, 4319796.343, 88
Trd, 4319796.393, 84
Trd, 4319796.493, 79
Trd, 4319796.643, 75
Trd, 4319797.343, 84
Trd, 4319797.493, 70
Trd, 4319799.793, 64
Trd, 4319800.043, 74
Trd, 4319800.743, 61
Trd, 4319802.243, 71
Trd, 4319802.743, 72
Trd, 4319803.193, 67
Trd, 4319803.393, 102
Trd, 4319804.493, 140
Trd, 4319804.593, 67
Trd, 4319805.393, 66
Trd, 4319805.593, 65
Trd, 4319806.893, 107
Trd, 4319807.393, 109
Trd, 4319808.343, 109
Trd, 4319808.393, 107
Trd, 4319809.343, 133
Trd, 4319809.643, 87
Trd, 4319810.493, 80
Trd, 4319810.793, 79
Trd, 4319810.843, 102
Trd, 4319810.993, 78
Trd, 4319813.593, 61
Trd, 4319814.543, 65
Trd, 4319814.943, 61
Trd, 4319816.643, 60
Trd, 4319816.843, 60
Trd, 4319817.243, 60
Trd, 4319818.493, 60
Trd, 4319819.343, 60
Trd, 4319819.743, 68
Trd, 4319820.343, 140
Trd, 4319820.493, 80
Trd, 4319821.143, 64
Trd, 4319824.043, 73
Trd, 4319824.243, 64
Trd, 4319824.843, 76
Trd, 4319825.143, 71
Trd, 4319825.643, 70
Trd, 4319826.493, 122
Trd, 4319826.843, 116
Trd, 4319827.793, 133
Trd, 4319828.143, 133
Trd, 4319829.143, 131
Trd, 4319830.143, 119
Trd, 4319830.243, 118
Trd, 4319830.543, 115
Trd, 4319831.093, 137
Trd, 4319832.593, 88
Trd, 4319832.743, 88
Trd, 4319833.293, 122
Trd, 4319834.293, 84
Trd, 4319834.643, 102
Trd, 4319835.143, 78
Trd, 4319835.293, 73
Trd, 4319836.343, 62
Trd, 4319837.993, 62
Trd, 4319838.443, 63
Trd, 4319839.043, 61
Trd, 4319839.243, 63
Trd, 4319839.693, 62
Trd, 4319840.993, 140
Trd, 4319841.593, 140
Trd, 4319841.643, 139
Trd, 4319841.693, 132
Trd, 4319842.043, 121
Trd, 4319842.643, 117
Trd, 4319844.193, 112
Trd, 4319844.843, 85
Trd, 4319845.393, 103
Trd, 4319845.643, 107
Trd, 4319846.043, 89
Trd, 4319846.593, 88
Trd, 4319847.143, 115
Trd, 4319848.543, 87
Trd, 4319850.093, 128
Trd, 4319850.993, 79
Trd, 4319851.293, 136
Trd, 4319851.343, 115
Trd, 4319851.443, 100
Trd, 4319851.993, 85
Trd, 4319852.093, 69
Trd, 4319853.693, 80
Trd, 4319855.793, 60
Trd, 4319856.043, 61
Trd, 4319856.893, 61
Trd, 4319857.443, 81
Trd, 4319857.643, 67
Trd, 4319857.993, 62
Trd, 4319858.043, 84
Trd, 4319859.993, 60
Trd, 4319861.493, 60
Trd, 4319861.893, 60
Trd, 4319862.393, 62
Trd, 4319862.643, 61
Trd, 4319863.393, 69
Trd, 4319863.543, 60
Trd, 4319864.593, 75
Trd, 4319865.143, 63
Trd, 4319865.193, 84
Trd, 4319866.643, 121
Trd, 4319866.693, 85
Trd, 4319867.043, 83
Trd, 4319867.493, 140
Trd, 4319867.693, 82
Trd, 4319869.443, 64
Trd, 4319869.893, 64
Trd, 4319871.443, 60
Trd, 4319872.343, 62
Trd, 4319872.943, 61
Trd, 4319873.693, 62
Trd, 4319874.743, 62
Trd, 4319874.943, 61
Trd, 4319875.493, 106
Trd, 4319877.143, 60
Trd, 4319877.293, 66
Trd, 4319877.893, 72
Trd, 4319878.393, 72
Trd, 4319878.543, 62
Trd, 4319879.093, 63
Trd, 4319879.193, 62
Trd, 4319880.443, 78
Trd, 4319881.693, 139
Trd, 4319882.343, 132
Trd, 4319882.393, 132
Trd, 4319882.893, 117
Trd, 4319883.493, 126
Trd, 4319883.793, 105
Trd, 4319883.993, 140
Trd, 4319884.543, 63
Trd, 4319884.693, 68
Trd, 4319885.893, 61
Trd, 4319888.393, 60
Trd, 4319888.493, 60
Trd, 4319889.793, 67
Trd, 4319890.293, 68
Trd, 4319890.343, 85
Trd, 4319890.493, 65
Trd, 4319891.493, 68
Trd, 4319891.743, 124
Trd, 4319892.793, 86
Trd, 4319892.993, 68
Trd, 4319893.143, 87
Trd, 4319893.893, 76
Trd, 4319894.093, 74
Trd, 4319894.393, 73
Trd, 4319896.843, 61
Trd, 4319899.043, 62
Trd, 4319899.543, 65
Trd, 4319899.843, 65
Trd, 4319900.643, 60
Trd, 4319901.193, 62
Trd, 4319901.243, 62
Trd, 4319902.643, 62
Trd, 4319903.343, 67
Trd, 4319903.843, 62
Trd, 4319905.593, 90
Trd, 4319905.743, 82
Trd, 4319905.943, 112
Trd, 4319906.793, 62
Trd, 4319907.293, 78
Trd, 4319907.593, 71
Trd, 4319908.843, 60
Trd, 4319909.343, 60
Trd, 4319910.293, 61
Trd, 4319910.493, 119
Trd, 4319913.193, 64
Trd, 4319913.743, 66
Trd, 4319913.793, 64
Trd, 4319914.443, 140
Trd, 4319914.793, 137
Trd, 4319914.893, 131
Trd, 4319915.293, 119
Trd, 4319915.493, 98
Trd, 4319916.593, 62
Trd, 4319916.993, 127
Trd, 4319917.143, 121
Trd, 4319917.543, 101
Trd, 4319917.943, 95
Trd, 4319919.143, 92
Trd, 4319920.443, 91
Trd, 4319920.493, 91
Trd, 4319920.793, 85
Trd, 4319921.093, 125
Trd, 4319922.293, 76
Trd, 4319923.843, 73
Trd, 4319924.043, 73
Trd, 4319924.893, 99
Trd, 4319925.893, 91
Trd, 4319926.393, 89
Trd, 4319928.343, 82
Trd, 4319928.893, 106
Trd, 4319928.943, 82
Trd, 4319928.993, 80
Trd, 4319929.343, 80
Trd, 4319929.743, 124
Trd, 4319930.343, 77
Trd, 4319930.793, 64
Trd, 4319930.893, 67
Trd, 4319931.643, 67
Trd, 4319932.043, 112
Trd, 4319933.193, 88
Trd, 4319933.793, 87
Trd, 4319934.443, 61
Trd, 4319937.443, 60
Trd, 4319937.543, 61
Trd, 4319937.643, 62
Trd, 4319937.693, 62
Trd, 4319939.493, 66
Trd, 4319940.743, 126
Trd, 4319941.093, 110
Trd, 4319941.193, 68
Trd, 4319941.743, 70
Trd, 4319942.593, 113
Trd, 4319943.143, 94
Trd, 4319943.243, 68
Trd, 4319944.143, 68
Trd, 4319944.243, 91
Trd, 4319945.443, 114
Trd, 4319945.543, 102
Trd, 4319946.143, 138
Trd, 4319946.693, 130
Trd, 4319946.893, 126
Trd, 4319947.343, 126
Trd, 4319949.443, 60
Trd, 4319950.393, 65
Trd, 4319951.493, 60
Trd, 4319951.643, 61
Trd, 4319954.293, 60
Trd, 4319954.693, 60
Trd, 4319954.793, 60
Trd, 4319955.743, 61
Trd, 4319956.593, 62
Trd, 4319956.943, 66
Trd, 4319957.193, 67
Trd, 4319957.893, 72
Trd, 4319957.993, 64
Trd, 4319958.343, 74
Trd, 4319959.593, 139
Trd, 4319960.843, 121
Trd, 4319961.093, 110
Trd, 4319961.293, 110
Trd, 4319961.693, 106
Trd, 4319961.743, 97
Trd, 4319962.443, 118
Trd, 4319962.593, 85
Trd, 4319963.293, 83
Trd, 4319964.093, 83
Trd, 4319964.843, 81
Trd, 4319965.243, 117
Trd, 4319965.793, 138
Trd, 4319966.243, 76
Trd, 4319966.943, 140
Trd, 4319966.993, 132
Trd, 4319967.243, 118
Trd, 4319969.393, 67
Trd, 4319971.243, 61
Trd, 4319971.293, 61
Trd, 4319972.043, 65
Trd, 4319972.793, 63
Trd, 4319973.843, 66
Trd, 4319975.243, 65
Trd, 4319975.493, 62
Trd, 4319977.893, 60
Trd, 4319978.643, 60
Trd, 4319978.793, 60
Trd, 4319979.243, 62
Trd, 4319979.693, 61
Trd, 4319980.193, 112
Trd, 4319980.393, 111
Trd, 4319980.443, 109
Trd, 4319980.893, 97
Trd, 4319981.893, 137
Trd, 4319983.043, 140
Trd, 4319983.643, 128
Trd, 4319984.093, 124
Trd, 4319984.393, 114
Trd, 4319984.593, 82
Trd, 4319984.843, 80
Trd, 4319985.893, 73
Trd, 4319986.143, 75
Trd, 4319986.243, 72
Trd, 4319988.143, 65
Trd, 4319988.343, 65
Trd, 4319988.943, 61
Trd, 4319989.543, 69
Trd, 4319990.093, 62
Trd, 4319991.643, 63
Trd, 4319991.893, 60
Trd, 4319992.193, 61
Trd, 4319993.193, 65
Trd, 4319994.093, 60
Trd, 4319994.343, 82
Trd, 4319995.343, 61
Trd, 4319995.643, 61
Trd, 4319997.293, 63
Trd, 4319997.493, 64
Trd, 4319997.843, 61
