Trd, 4318133.743, 83
Trd, 4318133.893, 93
Trd, 4318134.593, 103
Trd, 4318134.943, 114
Trd, 4318136.193, 107
Trd, 4318136.593, 140
Trd, 4318137.393, 63
Trd, 4318137.993, 118
Trd, 4318138.543, 72
Trd, 4318140.543, 99
Trd, 4318141.293, 104
Trd, 4318141.343, 94
Trd, 4318143.243, 90
Trd, 4318143.543, 88
Trd, 4318144.493, 96
Trd, 4318145.043, 95
Trd, 4318145.243, 82
Trd, 4318145.943, 131
Trd, 4318146.043, 85
Trd, 4318146.243, 84
Trd, 4318148.443, 140
Trd, 4318149.393, 135
Trd, 4318149.543, 131
Trd, 4318150.493, 133
Trd, 4318151.043, 134
Trd, 4318152.093, 126
Trd, 4318152.793, 113
Trd, 4318153.793, 95
Trd, 4318155.143, 140
Trd, 4318155.443, 139
Trd, 4318156.643, 136
Trd, 4318157.193, 130
Trd, 4318157.643, 116
Trd, 4318158.543, 130
Trd, 4318159.293, 67
Trd, 4318159.393, 108
Trd, 4318160.343, 127
Trd, 4318160.643, 87
Trd, 4318162.093, 131
Trd, 4318162.543, 126
Trd, 4318164.043, 125
Trd, 4318164.543, 116
Trd, 4318164.793, 113
Trd, 4318165.343, 117
Trd, 4318165.443, 85
Trd, 4318166.693, 68
Trd, 4318167.593, 132
Trd, 4318167.943, 65
Trd, 4318168.093, 95
Trd, 4318169.343, 105
Trd, 4318169.693, 107
Trd, 4318171.143, 113
Trd, 4318171.943, 109
Trd, 4318172.343, 100
Trd, 4318173.993, 61
Trd, 4318174.143, 70
Trd, 4318174.693, 88
Trd, 4318175.143, 103
Trd, 4318175.493, 98
Trd, 4318176.093, 102
Trd, 4318177.193, 124
Trd, 4318177.293, 108
Trd, 4318178.043, 126
Trd, 4318179.543, 133
Trd, 4318179.993, 124
Trd, 4318180.143, 113
Trd, 4318180.543, 121
Trd, 4318180.743, 116
Trd, 4318181.643, 134
Trd, 4318183.193, 136
Trd, 4318185.293, 100
Trd, 4318185.443, 122
Trd, 4318185.593, 124
Trd, 4318185.643, 118
Trd, 4318186.393, 129
Trd, 4318187.193, 111
Trd, 4318187.793, 99
Trd, 4318187.843, 92
Trd, 4318188.443, 122
Trd, 4318188.593, 89
Trd, 4318188.943, 118
Trd, 4318190.293, 96
Trd, 4318192.543, 76
Trd, 4318193.143, 65
Trd, 4318193.243, 79
Trd, 4318194.243, 63
Trd, 4318195.043, 130
Trd, 4318195.843, 125
Trd, 4318196.043, 116
Trd, 4318196.193, 111
Trd, 4318196.443, 134
Trd, 4318196.493, 75
Trd, 4318197.143, 139
Trd, 4318197.943, 71
Trd, 4318198.043, 77
Trd, 4318199.393, 129
Trd, 4318199.943, 106
Trd, 4318202.443, 137
Trd, 4318203.443, 128
Trd, 4318203.493, 115
Trd, 4318203.893, 102
Trd, 4318205.393, 98
Trd, 4318205.943, 112
Trd, 4318206.443, 98
Trd, 4318206.893, 70
Trd, 4318206.993, 94
Trd, 4318207.293, 122
Trd, 4318208.093, 131
Trd, 4318208.843, 89
Trd, 4318209.193, 92
Trd, 4318210.393, 108
Trd, 4318210.893, 102
Trd, 4318211.643, 139
Trd, 4318213.943, 140
Trd, 4318214.743, 121
Trd, 4318215.343, 139
Trd, 4318215.743, 123
Trd, 4318216.693, 139
Trd, 4318217.093, 139
Trd, 4318217.643, 123
Trd, 4318217.943, 81
Trd, 4318218.543, 100
Trd, 4318219.043, 101
Trd, 4318219.893, 114
Trd, 4318221.793, 132
Trd, 4318222.393, 73
Trd, 4318223.593, 69
Trd, 4318223.743, 77
Trd, 4318223.943, 77
Trd, 4318225.043, 139
Trd, 4318225.743, 130
Trd, 4318226.893, 123
Trd, 4318227.193, 112
Trd, 4318227.643, 110
Trd, 4318227.693, 78
Trd, 4318228.343, 120
Trd, 4318228.893, 105
Trd, 4318229.043, 81
Trd, 4318230.943, 132
Trd, 4318230.993, 125
Trd, 4318231.243, 121
Trd, 4318232.393, 112
Trd, 4318232.843, 140
Trd, 4318233.243, 74
Trd, 4318233.293, 105
Trd, 4318233.993, 79
Trd, 4318236.743, 117
Trd, 4318237.143, 91
Trd, 4318237.993, 116
Trd, 4318238.743, 88
Trd, 4318239.593, 94
Trd, 4318239.793, 84
Trd, 4318239.893, 128
Trd, 4318241.193, 140
Trd, 4318242.543, 123
Trd, 4318243.943, 101
Trd, 4318244.243, 82
Trd, 4318244.293, 118
Trd, 4318244.643, 121
Trd, 4318244.893, 98
Trd, 4318245.943, 127
Trd, 4318246.193, 137
Trd, 4318246.543, 68
Trd, 4318247.693, 68
Trd, 4318248.993, 132
Trd, 4318249.193, 77
Trd, 4318249.693, 133
Trd, 4318251.093, 67
Trd, 4318251.843, 61
Trd, 4318252.993, 128
Trd, 4318253.593, 95
Trd, 4318254.693, 137
Trd, 4318255.043, 120
Trd, 4318255.493, 117
Trd, 4318255.943, 92
Trd, 4318256.543, 84
Trd, 4318257.043, 121
Trd, 4318257.243, 80
Trd, 4318257.843, 102
Trd, 4318258.343, 77
Trd, 4318260.693, 131
Trd, 4318260.743, 124
Trd, 4318260.993, 114
Trd, 4318261.243, 96
Trd, 4318262.993, 96
Trd, 4318263.243, 134
Trd, 4318264.243, 97
Trd, 4318264.443, 110
Trd, 4318265.193, 115
Trd, 4318265.843, 77
Trd, 4318268.043, 129
Trd, 4318269.093, 116
Trd, 4318269.143, 101
Trd, 4318269.243, 98
Trd, 4318269.693, 94
Trd, 4318270.043, 93
Trd, 4318271.593, 138
Trd, 4318272.043, 134
Trd, 4318272.343, 130
Trd, 4318272.693, 106
Trd, 4318273.093, 98
Trd, 4318273.393, 130
Trd, 4318273.743, 98
Trd, 4318276.293, 137
Trd, 4318276.843, 130
Trd, 4318277.043, 133
Trd, 4318277.593, 125
Trd, 4318278.093, 121
Trd, 4318280.493, 126
Trd, 4318280.693, 113
Trd, 4318281.443, 109
Trd, 4318282.393, 103
Trd, 4318282.643, 104
Trd, 4318283.693, 126
Trd, 4318283.793, 116
Trd, 4318284.343, 130
Trd, 4318285.043, 134
Trd, 4318285.393, 105
Trd, 4318286.193, 92
Trd, 4318286.843, 124
Trd, 4318288.293, 140
Trd, 4318288.693, 111
Trd, 4318289.143, 126
Trd, 4318289.693, 103
Trd, 4318291.043, 139
Trd, 4318291.093, 126
Trd, 4318291.993, 104
Trd, 4318292.393, 115
Trd, 4318292.743, 101
Trd, 4318293.343, 95
Trd, 4318294.293, 61
Trd, 4318294.343, 84
Trd, 4318295.393, 98
Trd, 4318295.743, 85
Trd, 4318295.943, 110
Trd, 4318299.193, 118
Trd, 4318300.543, 118
Trd, 4318300.843, 115
Trd, 4318301.543, 109
Trd, 4318302.243, 108
Trd, 4318302.293, 101
Trd, 4318302.543, 125
Trd, 4318302.993, 129
Trd, 4318303.993, 60
Trd, 4318304.193, 78
Trd, 4318305.793, 82
Trd, 4318307.543, 80
Trd, 4318307.793, 77
Trd, 4318308.293, 80
Trd, 4318308.393, 111
Trd, 4318309.193, 127
Trd, 4318309.343, 115
Trd, 4318309.793, 130
Trd, 4318310.793, 87
Trd, 4318311.393, 61
Trd, 4318312.793, 90
Trd, 4318313.893, 79
Trd, 4318314.193, 131
Trd, 4318314.643, 83
Trd, 4318315.193, 128
Trd, 4318316.293, 62
Trd, 4318316.343, 66
Trd, 4318317.593, 103
Trd, 4318319.293, 114
Trd, 4318321.143, 100
Trd, 4318322.443, 74
Trd, 4318322.693, 75
Trd, 4318323.793, 112
Trd, 4318324.893, 125
Trd, 4318325.943, 139
Trd, 4318326.143, 109
Trd, 4318326.743, 129
Trd, 4318327.743, 123
Trd, 4318328.493, 119
Trd, 4318329.643, 75
Trd, 4318331.343, 90
Trd, 4318331.443, 64
Trd, 4318332.043, 135
Trd, 4318332.393, 95
Trd, 4318333.293, 139
Trd, 4318333.643, 129
Trd, 4318334.093, 83
Trd, 4318334.243, 137
Trd, 4318334.543, 76
Trd, 4318335.043, 104
Trd, 4318335.993, 64
Trd, 4318336.793, 88
Trd, 4318337.093, 72
Trd, 4318338.843, 92
Trd, 4318339.243, 134
Trd, 4318339.843, 105
Trd, 4318340.043, 96
Trd, 4318340.443, 85
Trd, 4318342.693, 138
Trd, 4318342.943, 122
Trd, 4318343.093, 131
Trd, 4318343.943, 122
Trd, 4318344.193, 112
Trd, 4318344.343, 97
Trd, 4318344.443, 65
Trd, 4318345.793, 112
Trd, 4318347.693, 129
Trd, 4318348.243, 93
Trd, 4318348.943, 86
Trd, 4318349.443, 73
Trd, 4318350.693, 120
Trd, 4318351.243, 75
Trd, 4318352.293, 131
Trd, 4318352.343, 95
Trd, 4318354.643, 122
Trd, 4318354.743, 110
Trd, 4318355.293, 101
Trd, 4318356.393, 124
Trd, 4318356.493, 76
Trd, 4318357.393, 62
Trd, 4318357.993, 135
Trd, 4318358.693, 60
Trd, 4318358.893, 113
Trd, 4318359.343, 99
Trd, 4318361.343, 117
Trd, 4318362.593, 109
Trd, 4318363.093, 92
Trd, 4318363.743, 130
Trd, 4318363.843, 98
Trd, 4318364.593, 87
Trd, 4318365.143, 64
Trd, 4318365.943, 113
Trd, 4318367.343, 73
Trd, 4318368.343, 140
Trd, 4318368.743, 84
Trd, 4318370.343, 124
Trd, 4318370.493, 108
Trd, 4318372.393, 63
Trd, 4318372.693, 63
Trd, 4318373.143, 98
Trd, 4318373.493, 112
Trd, 4318374.393, 127
Trd, 4318375.093, 73
Trd, 4318375.243, 83
Trd, 4318376.243, 140
Trd, 4318378.343, 128
Trd, 4318378.393, 114
Trd, 4318378.743, 113
Trd, 4318378.993, 105
Trd, 4318379.293, 66
Trd, 4318379.793, 92
Trd, 4318380.193, 138
Trd, 4318380.793, 118
Trd, 4318380.843, 112
Trd, 4318381.793, 82
Trd, 4318382.593, 92
Trd, 4318382.643, 121
Trd, 4318382.893, 99
Trd, 4318383.743, 101
Trd, 4318384.343, 61
Trd, 4318384.843, 115
Trd, 4318385.693, 63
Trd, 4318386.643, 140
Trd, 4318386.893, 115
Trd, 4318387.243, 127
Trd, 4318388.493, 75
Trd, 4318389.143, 61
Trd, 4318389.693, 89
Trd, 4318390.143, 107
Trd, 4318392.793, 134
Trd, 4318393.043, 121
Trd, 4318394.043, 110
Trd, 4318394.593, 132
Trd, 4318395.043, 115
Trd, 4318395.893, 119
Trd, 4318395.993, 112
Trd, 4318397.593, 122
Trd, 4318397.793, 139
Trd, 4318398.693, 133
Trd, 4318399.343, 131
Trd, 4318399.593, 106
Trd, 4318399.693, 123
Trd, 4318400.143, 121
Trd, 4318400.593, 120
Trd, 4318400.743, 87
Trd, 4318403.293, 124
Trd, 4318403.493, 129
Trd, 4318403.793, 109
Trd, 4318404.493, 84
Trd, 4318404.593, 93
Trd, 4318405.993, 116
Trd, 4318406.893, 126
Trd, 4318407.493, 114
Trd, 4318409.543, 116
Trd, 4318410.443, 132
Trd, 4318410.493, 102
Trd, 4318411.943, 139
Trd, 4318411.993, 127
Trd, 4318412.743, 104
Trd, 4318413.093, 113
Trd, 4318413.793, 130
Trd, 4318414.493, 117
Trd, 4318414.893, 103
Trd, 4318415.593, 126
Trd, 4318415.693, 110
Trd, 4318416.293, 86
Trd, 4318417.043, 89
Trd, 4318417.393, 139
Trd, 4318417.793, 73
Trd, 4318417.843, 79
Trd, 4318418.593, 135
Trd, 4318422.593, 120
Trd, 4318423.343, 137
Trd, 4318423.843, 114
Trd, 4318423.893, 113
Trd, 4318424.443, 94
Trd, 4318424.643, 68
Trd, 4318425.143, 108
Trd, 4318425.643, 108
Trd, 4318425.943, 121
Trd, 4318427.543, 125
Trd, 4318427.643, 98
Trd, 4318427.793, 96
Trd, 4318428.193, 121
Trd, 4318428.893, 128
Trd, 4318428.993, 106
Trd, 4318429.893, 134
Trd, 4318430.243, 120
Trd, 4318431.243, 138
Trd, 4318431.793, 118
Trd, 4318433.443, 126
Trd, 4318434.143, 89
Trd, 4318434.193, 86
Trd, 4318435.993, 107
Trd, 4318436.293, 101
Trd, 4318437.093, 94
Trd, 4318437.393, 88
Trd, 4318438.293, 119
Trd, 4318438.993, 113
Trd, 4318439.693, 85
Trd, 4318440.493, 113
Trd, 4318441.443, 114
Trd, 4318441.793, 66
Trd, 4318442.243, 137
Trd, 4318443.293, 115
Trd, 4318443.743, 109
Trd, 4318443.993, 75
Trd, 4318444.143, 68
Trd, 4318444.793, 137
Trd, 4318445.393, 125
Trd, 4318446.043, 126
Trd, 4318447.943, 102
Trd, 4318448.143, 61
Trd, 4318448.393, 62
Trd, 4318449.543, 137
Trd, 4318450.193, 125
Trd, 4318450.743, 121
Trd, 4318452.543, 88
Trd, 4318452.743, 65
Trd, 4318454.493, 60
Trd, 4318454.693, 84
Trd, 4318454.793, 100
Trd, 4318455.493, 99
Trd, 4318456.393, 117
Trd, 4318457.893, 129
Trd, 4318458.043, 87
Trd, 4318458.643, 140
Trd, 4318459.093, 84
Trd, 4318461.343, 104
Trd, 4318461.643, 91
Trd, 4318462.343, 94
Trd, 4318462.543, 90
Trd, 4318462.993, 121
Trd, 4318464.093, 122
Trd, 4318464.643, 129
Trd, 4318465.243, 123
Trd, 4318465.393, 103
Trd, 4318465.443, 88
Trd, 4318465.993, 111
Trd, 4318466.993, 137
Trd, 4318468.343, 122
Trd, 4318469.593, 101
Trd, 4318470.393, 125
Trd, 4318470.743, 137
Trd, 4318471.043, 83
Trd, 4318471.343, 126
Trd, 4318471.643, 123
Trd, 4318471.893, 110
Trd, 4318472.293, 89
Trd, 4318473.043, 88
Trd, 4318473.943, 112
Trd, 4318474.643, 123
Trd, 4318475.193, 73
Trd, 4318476.093, 140
Trd, 4318477.143, 91
Trd, 4318477.743, 79
Trd, 4318477.893, 94
Trd, 4318478.943, 131
Trd, 4318479.493, 132
Trd, 4318479.693, 106
Trd, 4318480.093, 89
Trd, 4318480.143, 94
Trd, 4318481.493, 92
Trd, 4318481.693, 121
Trd, 4318483.243, 125
Trd, 4318484.293, 139
Trd, 4318484.443, 124
Trd, 4318484.793, 124
Trd, 4318485.093, 118
Trd, 4318486.043, 131
Trd, 4318486.443, 80
Trd, 4318487.993, 109
Trd, 4318488.343, 85
Trd, 4318488.893, 82
Trd, 4318489.693, 96
Trd, 4318490.793, 129
Trd, 4318490.943, 112
Trd, 4318492.043, 138
Trd, 4318492.643, 136
Trd, 4318492.693, 122
Trd, 4318493.193, 92
Trd, 4318493.393, 87
Trd, 4318495.593, 111
Trd, 4318495.643, 89
Trd, 4318496.693, 104
Trd, 4318497.993, 107
Trd, 4318499.043, 117
Trd, 4318499.493, 64
Trd, 4318500.093, 79
Trd, 4318501.893, 128
Trd, 4318502.343, 131
Trd, 4318502.693, 96
Trd, 4318502.843, 76
Trd, 4318503.893, 108
Trd, 4318504.843, 135
Trd, 4318504.993, 132
Trd, 4318505.393, 124
Trd, 4318506.743, 131
Trd, 4318507.493, 126
Trd, 4318508.543, 110
Trd, 4318509.793, 95
Trd, 4318510.093, 81
Trd, 4318510.493, 95
Trd, 4318510.643, 92
Trd, 4318511.093, 66
Trd, 4318511.493, 68
Trd, 4318511.593, 122
Trd, 4318512.293, 126
Trd, 4318513.843, 110
Trd, 4318514.343, 140
Trd, 4318514.493, 108
Trd, 4318515.543, 139
Trd, 4318515.993, 99
Trd, 4318516.543, 84
Trd, 4318516.843, 94
Trd, 4318518.593, 103
Trd, 4318518.893, 139
Trd, 4318520.393, 132
Trd, 4318520.443, 123
Trd, 4318520.643, 114
Trd, 4318521.393, 130
Trd, 4318521.643, 111
Trd, 4318521.843, 89
Trd, 4318522.993, 98
Trd, 4318523.143, 100
Trd, 4318524.243, 60
Trd, 4318524.743, 61
Trd, 4318525.993, 71
Trd, 4318527.143, 95
Trd, 4318527.993, 79
Trd, 4318528.543, 125
Trd, 4318528.893, 112
Trd, 4318529.643, 61
Trd, 4318530.193, 123
Trd, 4318530.793, 134
Trd, 4318532.143, 136
Trd, 4318532.193, 107
Trd, 4318532.443, 97
Trd, 4318532.843, 110
Trd, 4318533.793, 63
Trd, 4318534.143, 93
Trd, 4318534.343, 68
Trd, 4318534.793, 92
Trd, 4318535.393, 107
Trd, 4318535.593, 119
Trd, 4318535.793, 95
Trd, 4318536.643, 97
Trd, 4318537.793, 101
Trd, 4318538.443, 73
Trd, 4318539.593, 135
Trd, 4318539.643, 73
Trd, 4318540.393, 78
Trd, 4318540.693, 87
Trd, 4318541.293, 109
Trd, 4318542.393, 124
Trd, 4318543.643, 138
Trd, 4318544.143, 123
Trd, 4318546.293, 134
Trd, 4318546.443, 116
Trd, 4318546.593, 93
Trd, 4318547.443, 71
Trd, 4318548.143, 104
Trd, 4318548.793, 127
Trd, 4318549.193, 116
Trd, 4318549.843, 132
Trd, 4318550.593, 130
Trd, 4318551.043, 133
Trd, 4318551.543, 104
Trd, 4318551.693, 83
Trd, 4318552.343, 119
Trd, 4318554.143, 116
Trd, 4318554.993, 123
Trd, 4318555.543, 101
Trd, 4318556.543, 114
Trd, 4318557.043, 106
Trd, 4318558.343, 114
Trd, 4318558.643, 123
Trd, 4318558.893, 109
Trd, 4318559.143, 110
Trd, 4318559.193, 111
Trd, 4318559.443, 98
Trd, 4318560.693, 69
Trd, 4318561.143, 138
Trd, 4318562.093, 73
Trd, 4318563.293, 95
Trd, 4318563.993, 90
Trd, 4318564.793, 103
Trd, 4318565.743, 100
Trd, 4318566.793, 114
Trd, 4318566.993, 98
Trd, 4318567.693, 124
Trd, 4318568.193, 136
Trd, 4318568.543, 114
Trd, 4318569.193, 137
Trd, 4318570.293, 127
Trd, 4318570.493, 110
Trd, 4318570.593, 97
Trd, 4318572.093, 108
Trd, 4318572.243, 98
Trd, 4318572.693, 130
Trd, 4318573.293, 97
Trd, 4318574.543, 81
Trd, 4318575.293, 104
Trd, 4318576.343, 140
Trd, 4318576.743, 123
Trd, 4318576.843, 92
Trd, 4318577.993, 74
Trd, 4318579.393, 69
Trd, 4318579.893, 66
Trd, 4318580.393, 109
Trd, 4318581.343, 135
Trd, 4318581.743, 123
Trd, 4318581.843, 98
Trd, 4318582.343, 123
Trd, 4318583.193, 118
Trd, 4318583.443, 108
Trd, 4318585.093, 93
Trd, 4318585.293, 81
Trd, 4318585.443, 62
Trd, 4318586.043, 74
Trd, 4318586.393, 127
Trd, 4318586.893, 71
Trd, 4318587.943, 70
Trd, 4318588.643, 137
Trd, 4318589.143, 117
Trd, 4318589.343, 119
Trd, 4318590.793, 140
Trd, 4318591.093, 106
Trd, 4318592.493, 130
Trd, 4318593.193, 120
Trd, 4318593.843, 128
Trd, 4318594.143, 104
Trd, 4318596.093, 70
Trd, 4318596.343, 111
Trd, 4318596.693, 77
Trd, 4318597.593, 74
Trd, 4318598.093, 66
Trd, 4318599.443, 138
Trd, 4318599.693, 121
Trd, 4318599.993, 96
Trd, 4318601.943, 102
Trd, 4318602.793, 98
Trd, 4318602.843, 101
Trd, 4318603.593, 118
Trd, 4318603.743, 80
Trd, 4318604.093, 130
Trd, 4318604.493, 63
Trd, 4318605.843, 78
Trd, 4318607.393, 116
Trd, 4318608.343, 131
Trd, 4318608.493, 124
Trd, 4318609.743, 134
Trd, 4318610.443, 100
Trd, 4318610.843, 82
Trd, 4318611.043, 86
Trd, 4318612.543, 128
Trd, 4318612.593, 124
Trd, 4318613.743, 119
Trd, 4318614.643, 124
Trd, 4318615.143, 69
Trd, 4318615.843, 131
Trd, 4318616.493, 130
Trd, 4318617.143, 122
Trd, 4318617.543, 89
Trd, 4318618.043, 71
Trd, 4318618.443, 97
Trd, 4318619.143, 131
Trd, 4318621.443, 135
Trd, 4318621.743, 118
Trd, 4318622.993, 132
Trd, 4318623.093, 111
Trd, 4318623.393, 133
Trd, 4318623.943, 65
Trd, 4318625.143, 69
Trd, 4318625.193, 67
Trd, 4318625.943, 134
Trd, 4318626.393, 98
Trd, 4318627.293, 95
Trd, 4318627.343, 117
Trd, 4318628.493, 97
Trd, 4318628.893, 81
Trd, 4318629.843, 76
Trd, 4318631.393, 100
Trd, 4318631.593, 60
Trd, 4318632.743, 136
Trd, 4318632.993, 111
Trd, 4318635.843, 121
Trd, 4318636.543, 125
Trd, 4318636.743, 117
Trd, 4318637.093, 120
Trd, 4318637.743, 112
Trd, 4318638.743, 104
Trd, 4318639.493, 137
Trd, 4318640.493, 101
Trd, 4318640.593, 120
Trd, 4318640.743, 125
Trd, 4318642.943, 121
Trd, 4318643.293, 112
Trd, 4318643.793, 75
Trd, 4318644.493, 80
Trd, 4318645.143, 130
Trd, 4318647.043, 121
Trd, 4318648.243, 133
Trd, 4318648.493, 113
Trd, 4318649.343, 79
Trd, 4318649.393, 107
Trd, 4318649.543, 73
Trd, 4318651.043, 135
Trd, 4318651.143, 118
Trd, 4318652.643, 138
Trd, 4318653.143, 130
Trd, 4318653.343, 79
Trd, 4318654.243, 111
Trd, 4318654.593, 112
Trd, 4318654.693, 100
Trd, 4318654.843, 90
Trd, 4318655.493, 61
Trd, 4318657.293, 89
Trd, 4318657.443, 108
Trd, 4318658.293, 107
Trd, 4318658.443, 101
Trd, 4318658.893, 99
Trd, 4318659.693, 103
Trd, 4318662.343, 103
Trd, 4318662.543, 131
Trd, 4318662.793, 98
Trd, 4318663.693, 121
Trd, 4318664.143, 116
Trd, 4318665.043, 139
Trd, 4318665.343, 108
Trd, 4318666.043, 111
Trd, 4318666.543, 105
Trd, 4318667.293, 88
Trd, 4318668.693, 130
Trd, 4318668.943, 136
Trd, 4318670.193, 116
Trd, 4318670.343, 112
Trd, 4318670.443, 100
Trd, 4318670.993, 78
Trd, 4318671.243, 69
Trd, 4318673.543, 114
Trd, 4318674.093, 91
Trd, 4318675.143, 108
Trd, 4318675.843, 81
Trd, 4318676.593, 90
Trd, 4318676.693, 81
Trd, 4318677.193, 69
Trd, 4318677.493, 66
Trd, 4318677.593, 66
Trd, 4318678.293, 64
Trd, 4318678.593, 65
Trd, 4318679.793, 100
Trd, 4318680.143, 84
Trd, 4318680.943, 69
Trd, 4318681.093, 70
Trd, 4318683.393, 73
Trd, 4318684.293, 81
Trd, 4318684.643, 76
Trd, 4318684.893, 121
Trd, 4318685.693, 123
Trd, 4318685.893, 92
Trd, 4318686.443, 72
Trd, 4318687.143, 128
Trd, 4318688.243, 113
Trd, 4318689.443, 132
Trd, 4318689.843, 104
Trd, 4318690.593, 97
Trd, 4318690.843, 127
Trd, 4318691.193, 107
Trd, 4318691.593, 91
Trd, 4318692.343, 94
Trd, 4318692.493, 80
Trd, 4318693.743, 91
Trd, 4318694.593, 87
Trd, 4318695.343, 99
Trd, 4318695.393, 81
Trd, 4318697.293, 77
Trd, 4318697.643, 82
Trd, 4318698.243, 127
Trd, 4318698.943, 112
Trd, 4318700.293, 132
Trd, 4318700.543, 117
Trd, 4318701.293, 80
Trd, 4318703.193, 123
Trd, 4318703.243, 82
Trd, 4318703.993, 123
Trd, 4318704.093, 115
Trd, 4318705.943, 122
Trd, 4318706.193, 104
Trd, 4318706.593, 109
Trd, 4318706.793, 101
Trd, 4318706.843, 91
Trd, 4318707.143, 83
Trd, 4318707.993, 88
Trd, 4318708.793, 137
Trd, 4318709.693, 103
Trd, 4318710.893, 136
Trd, 4318711.043, 132
Trd, 4318711.693, 127
Trd, 4318712.843, 125
Trd, 4318713.893, 118
Trd, 4318714.093, 107
Trd, 4318714.943, 98
Trd, 4318716.243, 88
Trd, 4318717.343, 109
Trd, 4318718.493, 136
Trd, 4318718.743, 105
Trd, 4318719.043, 105
Trd, 4318719.893, 117
Trd, 4318721.093, 131
Trd, 4318721.143, 106
Trd, 4318723.243, 126
Trd, 4318723.743, 133
Trd, 4318724.493, 140
Trd, 4318724.743, 108
Trd, 4318725.493, 121
Trd, 4318725.593, 99
Trd, 4318725.893, 110
Trd, 4318726.443, 106
Trd, 4318726.643, 98
Trd, 4318727.793, 112
Trd, 4318728.993, 131
Trd, 4318729.843, 115
Trd, 4318729.893, 107
Trd, 4318730.493, 131
Trd, 4318731.093, 120
Trd, 4318731.393, 137
Trd, 4318732.593, 82
Trd, 4318733.043, 85
Trd, 4318733.193, 108
Trd, 4318733.943, 103
Trd, 4318734.443, 138
Trd, 4318735.043, 138
Trd, 4318735.393, 77
Trd, 4318736.943, 132
Trd, 4318737.943, 77
Trd, 4318738.143, 133
Trd, 4318738.693, 134
Trd, 4318739.243, 93
Trd, 4318739.393, 91
Trd, 4318740.643, 120
Trd, 4318741.093, 116
Trd, 4318741.743, 123
Trd, 4318742.593, 114
Trd, 4318743.543, 97
Trd, 4318744.093, 137
Trd, 4318744.443, 132
Trd, 4318745.893, 79
Trd, 4318746.043, 77
Trd, 4318746.593, 82
Trd, 4318747.493, 72
Trd, 4318748.393, 75
Trd, 4318748.493, 93
Trd, 4318748.593, 100
Trd, 4318748.843, 98
Trd, 4318748.993, 95
Trd, 4318750.243, 119
Trd, 4318751.693, 97
Trd, 4318752.043, 87
Trd, 4318753.143, 78
Trd, 4318753.493, 86
Trd, 4318753.643, 114
Trd, 4318754.743, 140
Trd, 4318755.243, 112
Trd, 4318755.843, 137
Trd, 4318758.043, 138
Trd, 4318758.643, 130
Trd, 4318759.943, 128
Trd, 4318760.243, 130
Trd, 4318761.543, 118
Trd, 4318762.143, 125
Trd, 4318762.443, 104
Trd, 4318762.943, 105
Trd, 4318763.493, 95
Trd, 4318764.243, 110
Trd, 4318764.743, 104
Trd, 4318765.643, 139
Trd, 4318766.193, 91
Trd, 4318767.343, 75
Trd, 4318768.193, 103
Trd, 4318768.943, 107
Trd, 4318769.693, 81
Trd, 4318770.143, 68
Trd, 4318770.893, 66
Trd, 4318770.943, 78
Trd, 4318771.943, 102
Trd, 4318773.193, 115
Trd, 4318773.393, 122
Trd, 4318774.443, 113
Trd, 4318775.843, 131
Trd, 4318777.543, 131
Trd, 4318778.043, 124
Trd, 4318778.343, 131
Trd, 4318778.393, 124
Trd, 4318778.593, 111
Trd, 4318779.693, 119
Trd, 4318781.193, 133
Trd, 4318781.693, 125
Trd, 4318781.893, 98
Trd, 4318783.093, 136
Trd, 4318783.693, 83
Trd, 4318784.943, 140
Trd, 4318785.043, 136
Trd, 4318785.543, 132
Trd, 4318786.393, 135
Trd, 4318786.893, 134
Trd, 4318787.493, 108
Trd, 4318788.793, 136
Trd, 4318789.043, 119
Trd, 4318789.893, 114
Trd, 4318790.593, 117
Trd, 4318792.593, 98
Trd, 4318792.643, 88
Trd, 4318793.243, 103
Trd, 4318794.593, 102
Trd, 4318795.293, 133
Trd, 4318795.443, 113
Trd, 4318796.493, 78
Trd, 4318798.393, 140
Trd, 4318798.493, 129
Trd, 4318799.943, 140
Trd, 4318800.343, 130
Trd, 4318800.943, 121
Trd, 4318801.293, 110
Trd, 4318802.093, 112
Trd, 4318802.743, 105
Trd, 4318803.243, 138
Trd, 4318803.643, 139
Trd, 4318805.293, 91
Trd, 4318805.793, 95
Trd, 4318806.443, 79
Trd, 4318807.343, 134
Trd, 4318807.643, 125
Trd, 4318807.893, 126
Trd, 4318808.793, 104
Trd, 4318809.643, 137
Trd, 4318809.693, 108
Trd, 4318810.793, 139
Trd, 4318812.193, 107
Trd, 4318813.043, 71
Trd, 4318813.943, 71
Trd, 4318814.043, 104
Trd, 4318814.443, 89
Trd, 4318814.993, 115
Trd, 4318815.343, 95
Trd, 4318815.393, 87
Trd, 4318816.043, 123
Trd, 4318817.343, 73
Trd, 4318818.493, 108
Trd, 4318820.243, 73
Trd, 4318821.593, 78
Trd, 4318821.993, 106
Trd, 4318822.193, 76
Trd, 4318822.493, 74
Trd, 4318822.693, 110
Trd, 4318824.743, 128
Trd, 4318824.993, 81
Trd, 4318825.893, 113
Trd, 4318826.293, 109
Trd, 4318826.343, 107
Trd, 4318828.643, 99
Trd, 4318829.343, 80
Trd, 4318829.893, 140
Trd, 4318831.843, 137
Trd, 4318832.643, 129
Trd, 4318834.143, 126
Trd, 4318834.743, 136
Trd, 4318834.793, 119
Trd, 4318835.743, 115
Trd, 4318835.893, 102
Trd, 4318835.993, 119
Trd, 4318836.893, 68
Trd, 4318837.093, 68
Trd, 4318839.193, 135
Trd, 4318839.793, 116
Trd, 4318839.993, 104
Trd, 4318841.443, 138
Trd, 4318841.593, 110
Trd, 4318841.793, 83
Trd, 4318843.993, 107
Trd, 4318844.393, 72
Trd, 4318845.793, 115
Trd, 4318847.393, 132
Trd, 4318847.643, 112
Trd, 4318848.693, 94
Trd, 4318849.143, 135
Trd, 4318849.343, 85
Trd, 4318849.493, 84
Trd, 4318849.943, 108
Trd, 4318851.093, 118
Trd, 4318852.393, 88
Trd, 4318852.643, 95
Trd, 4318853.093, 89
Trd, 4318853.793, 129
Trd, 4318855.243, 102
Trd, 4318855.593, 118
Trd, 4318856.193, 124
Trd, 4318856.493, 135
Trd, 4318857.243, 106
Trd, 4318857.493, 64
Trd, 4318857.643, 68
Trd, 4318858.643, 103
Trd, 4318858.743, 66
Trd, 4318860.643, 133
Trd, 4318861.243, 98
Trd, 4318862.643, 125
Trd, 4318862.993, 137
Trd, 4318863.443, 73
Trd, 4318863.693, 98
Trd, 4318863.743, 71
Trd, 4318865.043, 111
Trd, 4318866.143, 72
Trd, 4318867.043, 118
Trd, 4318867.493, 68
Trd, 4318867.743, 115
Trd, 4318868.393, 129
Trd, 4318869.293, 121
Trd, 4318869.993, 60
Trd, 4318870.493, 122
Trd, 4318871.143, 114
Trd, 4318871.443, 108
Trd, 4318872.243, 80
Trd, 4318872.843, 136
Trd, 4318873.393, 113
Trd, 4318873.543, 101
Trd, 4318875.593, 105
Trd, 4318876.093, 79
Trd, 4318876.343, 76
Trd, 4318877.493, 79
Trd, 4318877.693, 110
Trd, 4318878.093, 130
Trd, 4318879.543, 140
Trd, 4318880.143, 130
Trd, 4318880.543, 126
Trd, 4318881.543, 135
Trd, 4318882.093, 127
Trd, 4318882.693, 102
Trd, 4318883.593, 76
Trd, 4318883.943, 132
Trd, 4318884.793, 140
Trd, 4318885.343, 113
Trd, 4318885.543, 67
Trd, 4318886.843, 115
Trd, 4318887.343, 135
Trd, 4318888.293, 135
Trd, 4318888.893, 128
Trd, 4318889.293, 104
Trd, 4318889.693, 96
Trd, 4318890.843, 92
Trd, 4318891.793, 85
Trd, 4318892.393, 92
Trd, 4318892.643, 125
Trd, 4318893.843, 129
Trd, 4318894.143, 114
Trd, 4318894.193, 112
Trd, 4318894.593, 132
Trd, 4318894.893, 129
Trd, 4318895.943, 121
Trd, 4318897.343, 110
Trd, 4318898.393, 86
Trd, 4318898.793, 75
Trd, 4318899.043, 72
Trd, 4318899.543, 139
Trd, 4318899.643, 108
Trd, 4318901.443, 129
Trd, 4318902.443, 109
Trd, 4318902.643, 108
Trd, 4318903.343, 89
Trd, 4318903.593, 76
Trd, 4318903.743, 119
Trd, 4318903.943, 135
Trd, 4318904.793, 125
Trd, 4318906.193, 97
Trd, 4318906.593, 127
Trd, 4318906.693, 124
Trd, 4318907.743, 133
Trd, 4318909.443, 118
Trd, 4318909.543, 96
Trd, 4318910.293, 92
Trd, 4318910.843, 68
Trd, 4318910.893, 90
Trd, 4318911.043, 114
Trd, 4318911.893, 68
Trd, 4318913.443, 94
Trd, 4318914.143, 92
Trd, 4318914.793, 93
Trd, 4318915.743, 111
Trd, 4318916.393, 122
Trd, 4318916.993, 115
Trd, 4318917.193, 106
Trd, 4318918.343, 119
Trd, 4318919.193, 135
Trd, 4318919.893, 123
Trd, 4318920.493, 96
Trd, 4318920.943, 123
Trd, 4318921.043, 94
Trd, 4318921.843, 61
Trd, 4318922.693, 118
Trd, 4318924.243, 124
Trd, 4318925.393, 87
Trd, 4318925.743, 76
Trd, 4318926.093, 140
Trd, 4318927.343, 129
Trd, 4318927.943, 112
Trd, 4318928.093, 110
Trd, 4318929.143, 64
Trd, 4318930.043, 107
Trd, 4318930.443, 86
Trd, 4318930.943, 86
Trd, 4318931.493, 118
Trd, 4318931.593, 110
Trd, 4318932.093, 139
Trd, 4318932.793, 78
Trd, 4318933.843, 120
Trd, 4318934.393, 117
Trd, 4318935.793, 136
Trd, 4318936.893, 116
Trd, 4318937.643, 120
Trd, 4318937.893, 100
Trd, 4318938.193, 94
Trd, 4318938.643, 113
Trd, 4318939.193, 67
Trd, 4318939.593, 104
Trd, 4318941.243, 103
Trd, 4318942.293, 130
Trd, 4318942.343, 90
Trd, 4318942.993, 114
Trd, 4318943.043, 100
Trd, 4318943.543, 134
Trd, 4318944.293, 122
Trd, 4318945.043, 116
Trd, 4318946.343, 132
Trd, 4318947.193, 107
Trd, 4318947.493, 104
Trd, 4318947.793, 92
Trd, 4318948.143, 80
Trd, 4318948.843, 122
Trd, 4318950.143, 132
Trd, 4318951.493, 126
Trd, 4318952.743, 122
Trd, 4318954.193, 125
Trd, 4318954.343, 112
Trd, 4318954.643, 131
Trd, 4318955.143, 117
Trd, 4318955.343, 104
Trd, 4318956.493, 109
Trd, 4318957.143, 126
Trd, 4318957.543, 92
Trd, 4318958.093, 79
Trd, 4318959.593, 64
Trd, 4318960.193, 80
Trd, 4318960.243, 112
Trd, 4318961.593, 84
Trd, 4318961.943, 72
Trd, 4318962.843, 61
Trd, 4318964.043, 79
Trd, 4318964.593, 91
Trd, 4318964.843, 103
Trd, 4318964.993, 93
Trd, 4318966.143, 65
Trd, 4318966.393, 106
Trd, 4318966.943, 95
Trd, 4318967.343, 72
Trd, 4318969.043, 134
Trd, 4318971.543, 123
Trd, 4318972.643, 122
Trd, 4318973.743, 109
Trd, 4318974.043, 112
Trd, 4318974.143, 90
Trd, 4318974.543, 90
Trd, 4318976.043, 83
Trd, 4318976.993, 70
Trd, 4318977.543, 95
Trd, 4318977.893, 76
Trd, 4318979.043, 113
Trd, 4318979.293, 87
Trd, 4318979.743, 70
Trd, 4318980.193, 89
Trd, 4318980.443, 119
Trd, 4318980.843, 137
Trd, 4318981.043, 102
Trd, 4318981.543, 118
Trd, 4318983.043, 93
Trd, 4318984.093, 131
Trd, 4318984.343, 125
Trd, 4318984.393, 110
Trd, 4318985.693, 106
Trd, 4318986.043, 109
Trd, 4318987.343, 131
Trd, 4318989.243, 122
Trd, 4318990.593, 117
Trd, 4318990.743, 126
Trd, 4318990.793, 107
Trd, 4318991.193, 110
Trd, 4318991.293, 99
Trd, 4318991.493, 96
Trd, 4318992.193, 88
Trd, 4318992.293, 136
Trd, 4318993.193, 63
Trd, 4318993.893, 134
Trd, 4318994.593, 132
Trd, 4318994.993, 122
Trd, 4318995.993, 79
Trd, 4318996.193, 104
Trd, 4318996.393, 112
Trd, 4318997.743, 139
Trd, 4318998.343, 103
Trd, 4318998.693, 120
Trd, 4318998.893, 96
Trd, 4318998.993, 92
Trd, 4319000.543, 134
Trd, 4319001.143, 111
Trd, 4319001.643, 99
Trd, 4319002.893, 137
Trd, 4319003.843, 117
Trd, 4319004.093, 110
Trd, 4319004.743, 117
Trd, 4319005.443, 116
Trd, 4319006.593, 128
Trd, 4319007.043, 134
Trd, 4319007.343, 129
Trd, 4319009.093, 135
Trd, 4319010.093, 124
Trd, 4319010.993, 112
Trd, 4319012.143, 126
Trd, 4319012.393, 122
Trd, 4319012.443, 121
Trd, 4319013.443, 85
Trd, 4319014.643, 123
Trd, 4319014.693, 118
Trd, 4319015.543, 134
Trd, 4319016.193, 106
Trd, 4319016.443, 102
Trd, 4319016.843, 77
Trd, 4319017.643, 89
Trd, 4319018.093, 84
Trd, 4319018.443, 72
Trd, 4319018.693, 88
Trd, 4319019.543, 122
Trd, 4319021.143, 139
Trd, 4319021.443, 77
Trd, 4319021.943, 84
Trd, 4319022.743, 76
Trd, 4319023.943, 125
Trd, 4319024.193, 128
Trd, 4319025.493, 139
Trd, 4319026.443, 122
Trd, 4319026.743, 128
Trd, 4319027.893, 131
Trd, 4319028.043, 105
Trd, 4319028.143, 102
Trd, 4319028.743, 89
Trd, 4319029.943, 115
Trd, 4319030.493, 65
Trd, 4319031.543, 99
Trd, 4319031.793, 94
Trd, 4319033.043, 129
Trd, 4319033.943, 116
Trd, 4319034.693, 94
Trd, 4319035.193, 121
Trd, 4319035.593, 112
Trd, 4319036.943, 93
Trd, 4319038.093, 76
Trd, 4319038.493, 90
Trd, 4319038.943, 62
Trd, 4319039.043, 74
Trd, 4319039.643, 96
Trd, 4319040.293, 112
Trd, 4319041.593, 89
Trd, 4319041.943, 126
Trd, 4319042.143, 90
Trd, 4319042.693, 124
Trd, 4319043.293, 89
Trd, 4319044.293, 86
Trd, 4319045.193, 110
Trd, 4319045.593, 133
Trd, 4319045.793, 107
Trd, 4319046.043, 84
Trd, 4319047.693, 123
Trd, 4319048.143, 111
Trd, 4319050.743, 124
Trd, 4319050.893, 117
Trd, 4319051.043, 96
Trd, 4319051.443, 97
Trd, 4319051.943, 95
Trd, 4319053.643, 138
Trd, 4319054.143, 120
Trd, 4319055.543, 79
Trd, 4319057.143, 125
Trd, 4319057.293, 128
Trd, 4319058.493, 123
Trd, 4319058.843, 133
Trd, 4319059.893, 121
Trd, 4319060.393, 87
Trd, 4319061.093, 103
Trd, 4319061.243, 85
Trd, 4319062.543, 123
Trd, 4319062.693, 104
Trd, 4319063.343, 123
Trd, 4319064.043, 106
Trd, 4319065.593, 132
Trd, 4319066.293, 111
Trd, 4319066.843, 92
Trd, 4319066.993, 84
Trd, 4319067.293, 76
Trd, 4319069.443, 105
Trd, 4319070.893, 126
Trd, 4319071.493, 110
Trd, 4319071.893, 123
Trd, 4319072.043, 104
Trd, 4319072.343, 130
Trd, 4319072.393, 112
Trd, 4319072.843, 102
Trd, 4319073.243, 68
Trd, 4319073.893, 60
Trd, 4319074.643, 90
Trd, 4319076.543, 73
Trd, 4319077.493, 139
Trd, 4319077.743, 111
Trd, 4319078.593, 102
Trd, 4319078.843, 101
Trd, 4319079.743, 63
Trd, 4319080.693, 70
Trd, 4319081.043, 100
Trd, 4319081.293, 102
Trd, 4319081.643, 128
Trd, 4319082.293, 90
Trd, 4319083.243, 107
Trd, 4319084.193, 122
Trd, 4319084.393, 134
Trd, 4319085.193, 113
Trd, 4319085.643, 112
Trd, 4319085.943, 73
Trd, 4319087.193, 72
Trd, 4319087.543, 71
Trd, 4319089.093, 119
Trd, 4319089.543, 119
Trd, 4319089.693, 76
Trd, 4319091.343, 99
Trd, 4319093.093, 93
Trd, 4319093.393, 104
Trd, 4319093.943, 135
Trd, 4319094.143, 128
Trd, 4319095.243, 119
Trd, 4319095.793, 134
Trd, 4319095.993, 114
Trd, 4319096.693, 113
Trd, 4319097.393, 95
Trd, 4319098.193, 136
Trd, 4319098.943, 123
Trd, 4319099.143, 109
Trd, 4319100.543, 130
Trd, 4319100.843, 129
Trd, 4319101.943, 113
Trd, 4319102.493, 111
Trd, 4319103.493, 120
Trd, 4319103.943, 105
Trd, 4319104.543, 130
Trd, 4319105.243, 98
Trd, 4319106.143, 70
Trd, 4319106.743, 65
Trd, 4319107.393, 87
Trd, 4319107.543, 101
Trd, 4319107.793, 109
Trd, 4319108.543, 129
Trd, 4319111.293, 124
Trd, 4319111.643, 127
Trd, 4319111.943, 103
Trd, 4319114.443, 139
Trd, 4319115.493, 134
Trd, 4319115.593, 118
Trd, 4319116.093, 91
Trd, 4319116.593, 124
Trd, 4319118.343, 96
Trd, 4319118.493, 77
Trd, 4319118.793, 73
Trd, 4319118.993, 103
Trd, 4319119.993, 119
Trd, 4319121.243, 77
Trd, 4319121.443, 77
Trd, 4319121.693, 90
Trd, 4319123.093, 91
Trd, 4319124.593, 80
Trd, 4319125.143, 83
Trd, 4319127.293, 140
Trd, 4319128.343, 116
Trd, 4319128.743, 101
Trd, 4319129.843, 117
Trd, 4319130.043, 89
Trd, 4319130.643, 94
Trd, 4319130.793, 95
Trd, 4319130.993, 105
Trd, 4319131.143, 132
Trd, 4319131.443, 115
Trd, 4319131.893, 103
Trd, 4319133.243, 92
Trd, 4319134.343, 132
Trd, 4319135.193, 109
Trd, 4319136.443, 104
Trd, 4319137.943, 140
Trd, 4319138.143, 104
Trd, 4319138.243, 97
Trd, 4319138.643, 82
Trd, 4319139.493, 89
Trd, 4319140.193, 87
Trd, 4319141.343, 140
Trd, 4319141.793, 118
Trd, 4319143.593, 115
Trd, 4319143.943, 133
Trd, 4319144.593, 105
Trd, 4319145.193, 101
Trd, 4319146.093, 121
Trd, 4319146.193, 120
Trd, 4319146.343, 132
Trd, 4319147.143, 108
Trd, 4319147.343, 105
Trd, 4319147.843, 123
Trd, 4319148.393, 89
Trd, 4319149.093, 83
Trd, 4319149.793, 70
Trd, 4319150.243, 118
Trd, 4319150.793, 85
Trd, 4319151.743, 90
Trd, 4319151.943, 122
Trd, 4319152.393, 134
Trd, 4319153.493, 82
Trd, 4319153.843, 72
Trd, 4319154.343, 134
Trd, 4319154.643, 118
Trd, 4319155.843, 80
Trd, 4319156.943, 113
Trd, 4319157.393, 112
Trd, 4319157.543, 120
Trd, 4319157.743, 98
Trd, 4319158.443, 67
Trd, 4319158.793, 99
Trd, 4319158.893, 62
Trd, 4319159.843, 139
Trd, 4319161.193, 130
Trd, 4319161.543, 133
Trd, 4319161.643, 125
Trd, 4319162.593, 62
Trd, 4319162.743, 64
Trd, 4319164.893, 139
Trd, 4319165.593, 111
Trd, 4319166.093, 117
Trd, 4319166.193, 128
Trd, 4319166.793, 99
Trd, 4319167.093, 80
Trd, 4319168.293, 122
Trd, 4319169.693, 111
Trd, 4319170.093, 107
Trd, 4319170.743, 76
Trd, 4319171.193, 85
Trd, 4319171.893, 64
Trd, 4319171.943, 68
Trd, 4319173.043, 65
Trd, 4319173.343, 93
Trd, 4319173.893, 80
Trd, 4319174.943, 75
Trd, 4319175.793, 112
Trd, 4319176.093, 96
Trd, 4319177.543, 115
Trd, 4319177.643, 74
Trd, 4319178.343, 111
Trd, 4319178.943, 123
Trd, 4319179.743, 127
Trd, 4319180.443, 92
Trd, 4319180.793, 119
Trd, 4319181.493, 91
Trd, 4319182.193, 109
Trd, 4319183.793, 129
Trd, 4319184.093, 113
Trd, 4319184.693, 103
Trd, 4319184.843, 90
Trd, 4319185.243, 132
Trd, 4319186.043, 121
Trd, 4319186.693, 111
Trd, 4319186.843, 125
Trd, 4319187.893, 101
Trd, 4319188.793, 71
Trd, 4319189.593, 83
Trd, 4319190.193, 106
Trd, 4319190.393, 66
Trd, 4319191.093, 69
Trd, 4319191.293, 96
Trd, 4319191.493, 112
Trd, 4319192.193, 129
Trd, 4319193.443, 113
Trd, 4319194.493, 112
Trd, 4319195.343, 116
Trd, 4319195.643, 133
Trd, 4319195.693, 90
Trd, 4319196.293, 93
Trd, 4319196.543, 90
Trd, 4319197.243, 85
Trd, 4319198.343, 92
Trd, 4319199.243, 124
Trd, 4319199.443, 114
Trd, 4319200.343, 99
Trd, 4319200.593, 117
Trd, 4319200.643, 81
Trd, 4319201.543, 132
Trd, 4319201.643, 78
Trd, 4319202.693, 135
Trd, 4319202.743, 115
Trd, 4319204.293, 122
Trd, 4319204.643, 125
Trd, 4319204.943, 81
Trd, 4319205.643, 104
Trd, 4319206.443, 92
Trd, 4319207.693, 63
Trd, 4319208.493, 95
Trd, 4319210.093, 118
Trd, 4319210.593, 132
Trd, 4319212.093, 119
Trd, 4319212.193, 126
Trd, 4319213.493, 92
Trd, 4319214.093, 137
Trd, 4319214.343, 116
Trd, 4319214.543, 114
Trd, 4319214.843, 100
Trd, 4319215.643, 140
Trd, 4319216.793, 92
Trd, 4319217.543, 132
Trd, 4319217.943, 127
Trd, 4319218.093, 104
Trd, 4319219.193, 121
Trd, 4319220.093, 127
Trd, 4319220.343, 137
Trd, 4319221.043, 103
Trd, 4319221.393, 102
Trd, 4319221.493, 110
Trd, 4319222.393, 114
Trd, 4319222.693, 69
Trd, 4319223.893, 117
Trd, 4319224.643, 114
Trd, 4319226.193, 118
Trd, 4319226.343, 93
Trd, 4319226.493, 86
Trd, 4319228.143, 132
Trd, 4319229.043, 127
Trd, 4319229.143, 127
Trd, 4319229.293, 105
Trd, 4319229.793, 116
Trd, 4319230.243, 72
Trd, 4319231.243, 94
Trd, 4319232.943, 89
Trd, 4319232.993, 72
Trd, 4319234.193, 83
Trd, 4319234.293, 102
Trd, 4319235.093, 104
Trd, 4319235.243, 71
Trd, 4319236.793, 131
Trd, 4319237.193, 103
Trd, 4319237.893, 61
Trd, 4319238.543, 140
Trd, 4319238.643, 117
Trd, 4319239.343, 129
Trd, 4319240.693, 67
Trd, 4319240.743, 82
Trd, 4319241.693, 75
Trd, 4319241.843, 113
Trd, 4319244.243, 66
Trd, 4319244.693, 64
Trd, 4319244.993, 66
Trd, 4319245.643, 99
Trd, 4319247.143, 129
Trd, 4319247.343, 119
Trd, 4319247.393, 115
Trd, 4319247.693, 134
Trd, 4319250.743, 133
Trd, 4319250.893, 131
Trd, 4319251.793, 118
Trd, 4319252.043, 112
Trd, 4319252.293, 122
Trd, 4319253.543, 103
Trd, 4319253.843, 90
Trd, 4319254.193, 78
Trd, 4319255.643, 97
Trd, 4319256.143, 125
Trd, 4319257.493, 122
Trd, 4319257.943, 113
Trd, 4319259.843, 125
Trd, 4319259.893, 121
Trd, 4319259.993, 99
Trd, 4319261.393, 74
Trd, 4319261.793, 88
Trd, 4319262.643, 72
Trd, 4319263.893, 98
Trd, 4319264.393, 112
Trd, 4319264.493, 99
Trd, 4319265.443, 123
Trd, 4319266.343, 113
Trd, 4319266.493, 128
Trd, 4319266.943, 112
Trd, 4319267.693, 116
Trd, 4319268.393, 97
Trd, 4319268.443, 80
Trd, 4319270.193, 131
Trd, 4319270.743, 131
Trd, 4319272.943, 135
Trd, 4319273.493, 125
Trd, 4319273.743, 108
Trd, 4319274.893, 109
Trd, 4319274.943, 123
Trd, 4319275.393, 118
Trd, 4319276.143, 98
Trd, 4319276.243, 135
Trd, 4319277.793, 98
Trd, 4319277.893, 70
Trd, 4319278.943, 102
Trd, 4319280.243, 77
Trd, 4319280.343, 83
Trd, 4319281.543, 118
Trd, 4319281.593, 94
Trd, 4319282.293, 80
Trd, 4319283.143, 71
Trd, 4319284.443, 125
Trd, 4319284.943, 132
Trd, 4319285.543, 101
Trd, 4319286.543, 108
Trd, 4319286.893, 93
Trd, 4319288.443, 137
Trd, 4319288.943, 120
Trd, 4319289.743, 60
Trd, 4319290.593, 70
Trd, 4319290.843, 81
Trd, 4319291.543, 62
Trd, 4319291.793, 61
Trd, 4319292.243, 61
Trd, 4319292.293, 81
Trd, 4319293.293, 105
Trd, 4319293.443, 122
Trd, 4319293.793, 96
Trd, 4319294.143, 64
Trd, 4319295.543, 131
Trd, 4319296.143, 134
Trd, 4319296.843, 91
Trd, 4319298.493, 136
Trd, 4319298.793, 116
Trd, 4319299.293, 115
Trd, 4319300.343, 138
Trd, 4319300.493, 126
Trd, 4319301.543, 105
Trd, 4319302.393, 89
Trd, 4319303.143, 101
Trd, 4319305.143, 130
Trd, 4319306.043, 129
Trd, 4319306.093, 127
Trd, 4319306.743, 110
Trd, 4319307.193, 107
Trd, 4319307.343, 99
Trd, 4319307.743, 117
Trd, 4319308.043, 129
Trd, 4319308.943, 68
Trd, 4319310.793, 125
Trd, 4319311.093, 121
Trd, 4319311.693, 135
Trd, 4319312.493, 137
Trd, 4319313.043, 127
Trd, 4319313.793, 117
Trd, 4319314.243, 105
Trd, 4319314.443, 107
Trd, 4319314.793, 63
Trd, 4319315.593, 109
Trd, 4319318.093, 139
Trd, 4319319.043, 88
Trd, 4319319.293, 88
Trd, 4319319.843, 124
Trd, 4319320.193, 91
Trd, 4319320.943, 138
Trd, 4319321.743, 137
Trd, 4319323.593, 132
Trd, 4319324.043, 124
Trd, 4319325.243, 121
Trd, 4319325.843, 137
Trd, 4319326.293, 120
Trd, 4319326.693, 115
Trd, 4319326.943, 71
Trd, 4319328.093, 129
Trd, 4319328.693, 69
Trd, 4319328.743, 81
Trd, 4319331.143, 136
Trd, 4319331.393, 128
Trd, 4319331.643, 123
Trd, 4319332.543, 97
Trd, 4319332.843, 115
Trd, 4319333.943, 107
Trd, 4319334.243, 106
Trd, 4319334.443, 104
Trd, 4319334.843, 133
Trd, 4319335.893, 103
Trd, 4319336.543, 122
Trd, 4319336.843, 115
Trd, 4319337.693, 110
Trd, 4319338.343, 88
Trd, 4319339.343, 131
Trd, 4319340.443, 123
Trd, 4319340.593, 94
Trd, 4319341.293, 81
Trd, 4319341.793, 124
Trd, 4319342.693, 67
Trd, 4319344.043, 121
Trd, 4319344.143, 75
Trd, 4319345.243, 89
Trd, 4319346.793, 137
Trd, 4319346.993, 108
Trd, 4319347.243, 89
Trd, 4319347.293, 78
Trd, 4319347.893, 130
Trd, 4319349.093, 135
Trd, 4319350.943, 111
Trd, 4319350.993, 109
Trd, 4319351.093, 65
Trd, 4319352.093, 139
Trd, 4319352.493, 127
Trd, 4319353.293, 124
Trd, 4319353.343, 115
Trd, 4319354.093, 118
Trd, 4319355.343, 110
Trd, 4319355.493, 75
Trd, 4319355.993, 86
Trd, 4319357.443, 86
Trd, 4319357.843, 96
Trd, 4319358.393, 80
Trd, 4319359.193, 80
Trd, 4319359.243, 70
Trd, 4319360.543, 76
Trd, 4319360.993, 102
Trd, 4319362.843, 123
Trd, 4319363.443, 63
Trd, 4319364.343, 77
Trd, 4319364.393, 79
Trd, 4319364.893, 88
Trd, 4319364.943, 74
Trd, 4319366.843, 131
Trd, 4319367.143, 103
Trd, 4319370.093, 136
Trd, 4319371.393, 117
Trd, 4319371.593, 107
Trd, 4319372.093, 86
Trd, 4319372.793, 106
Trd, 4319372.843, 84
Trd, 4319373.993, 83
Trd, 4319374.143, 115
Trd, 4319375.293, 137
Trd, 4319376.443, 114
Trd, 4319377.393, 140
Trd, 4319377.643, 129
Trd, 4319377.693, 128
Trd, 4319379.393, 134
Trd, 4319379.693, 123
Trd, 4319380.743, 96
Trd, 4319382.743, 136
Trd, 4319382.893, 132
Trd, 4319383.343, 129
Trd, 4319383.493, 128
Trd, 4319383.543, 124
Trd, 4319383.743, 122
Trd, 4319385.043, 70
Trd, 4319385.893, 87
Trd, 4319385.943, 90
Trd, 4319387.543, 130
Trd, 4319388.193, 98
Trd, 4319390.043, 127
Trd, 4319390.743, 129
Trd, 4319391.493, 131
Trd, 4319391.793, 132
Trd, 4319392.693, 132
Trd, 4319392.993, 115
Trd, 4319393.293, 84
Trd, 4319393.743, 91
Trd, 4319394.493, 106
Trd, 4319395.293, 140
Trd, 4319395.593, 137
Trd, 4319396.743, 65
Trd, 4319397.243, 80
Trd, 4319397.693, 67
Trd, 4319397.843, 95
Trd, 4319398.843, 110
Trd, 4319399.093, 102
Trd, 4319399.393, 74
Trd, 4319401.043, 125
Trd, 4319401.543, 116
Trd, 4319402.043, 117
Trd, 4319402.893, 136
Trd, 4319403.193, 113
Trd, 4319403.393, 109
Trd, 4319404.343, 95
Trd, 4319405.643, 70
Trd, 4319406.393, 67
Trd, 4319406.693, 70
Trd, 4319407.093, 103
Trd, 4319408.493, 90
Trd, 4319408.743, 99
Trd, 4319409.093, 82
Trd, 4319410.343, 129
Trd, 4319411.143, 137
Trd, 4319411.193, 134
Trd, 4319412.143, 113
Trd, 4319412.843, 116
Trd, 4319413.643, 115
Trd, 4319414.443, 104
Trd, 4319414.643, 111
Trd, 4319415.393, 72
Trd, 4319415.643, 84
Trd, 4319416.343, 138
Trd, 4319417.643, 125
Trd, 4319417.993, 122
Trd, 4319418.043, 128
Trd, 4319418.393, 109
Trd, 4319419.093, 103
Trd, 4319419.343, 83
Trd, 4319419.893, 110
Trd, 4319420.493, 94
Trd, 4319420.543, 82
Trd, 4319422.243, 139
Trd, 4319422.543, 127
Trd, 4319424.893, 139
Trd, 4319424.993, 122
Trd, 4319425.093, 121
Trd, 4319425.443, 115
Trd, 4319425.743, 83
Trd, 4319426.443, 87
Trd, 4319427.243, 128
Trd, 4319428.093, 126
Trd, 4319429.343, 105
Trd, 4319430.993, 94
Trd, 4319431.243, 89
Trd, 4319431.293, 133
Trd, 4319431.593, 64
Trd, 4319432.643, 70
Trd, 4319432.843, 114
Trd, 4319433.343, 76
Trd, 4319434.493, 93
Trd, 4319435.393, 134
Trd, 4319436.493, 126
Trd, 4319437.643, 139
Trd, 4319437.793, 81
Trd, 4319439.043, 84
Trd, 4319439.443, 69
Trd, 4319439.693, 136
Trd, 4319440.193, 132
Trd, 4319440.293, 115
Trd, 4319441.093, 109
Trd, 4319441.693, 109
Trd, 4319442.643, 140
Trd, 4319443.043, 121
Trd, 4319443.443, 126
Trd, 4319444.543, 90
Trd, 4319445.143, 139
Trd, 4319446.393, 134
Trd, 4319446.793, 121
Trd, 4319447.793, 140
Trd, 4319447.993, 117
Trd, 4319448.693, 63
Trd, 4319449.793, 62
Trd, 4319449.943, 68
Trd, 4319450.793, 106
Trd, 4319452.243, 60
Trd, 4319453.643, 135
Trd, 4319453.843, 140
Trd, 4319453.993, 84
Trd, 4319454.943, 137
Trd, 4319454.993, 120
Trd, 4319456.693, 101
Trd, 4319456.993, 65
Trd, 4319457.093, 106
Trd, 4319458.143, 63
Trd, 4319459.193, 65
Trd, 4319459.293, 100
Trd, 4319461.243, 110
Trd, 4319462.293, 100
Trd, 4319463.193, 91
Trd, 4319463.643, 98
Trd, 4319463.993, 97
Trd, 4319464.443, 113
Trd, 4319464.943, 87
Trd, 4319465.643, 140
Trd, 4319467.443, 140
Trd, 4319468.143, 120
Trd, 4319468.543, 107
Trd, 4319468.593, 98
Trd, 4319468.743, 133
Trd, 4319469.793, 118
Trd, 4319470.343, 83
Trd, 4319470.543, 62
Trd, 4319470.743, 65
Trd, 4319472.293, 60
Trd, 4319472.943, 69
Trd, 4319473.943, 135
Trd, 4319474.443, 117
Trd, 4319475.143, 83
Trd, 4319475.243, 113
Trd, 4319476.343, 119
Trd, 4319476.643, 111
Trd, 4319476.693, 89
Trd, 4319477.493, 93
Trd, 4319479.543, 134
Trd, 4319479.693, 120
Trd, 4319481.143, 115
Trd, 4319481.243, 111
Trd, 4319481.893, 103
Trd, 4319482.093, 78
Trd, 4319482.443, 74
Trd, 4319484.193, 140
Trd, 4319485.693, 115
Trd, 4319486.343, 92
Trd, 4319486.893, 90
Trd, 4319488.443, 103
Trd, 4319488.693, 112
Trd, 4319489.393, 125
Trd, 4319489.693, 134
Trd, 4319490.193, 110
Trd, 4319491.243, 100
Trd, 4319491.393, 72
Trd, 4319491.993, 126
Trd, 4319492.643, 60
Trd, 4319492.693, 74
Trd, 4319493.943, 81
Trd, 4319494.943, 79
Trd, 4319495.493, 124
Trd, 4319495.593, 120
Trd, 4319497.393, 128
Trd, 4319498.443, 128
Trd, 4319498.643, 128
Trd, 4319499.193, 125
Trd, 4319499.243, 113
Trd, 4319499.393, 91
Trd, 4319500.393, 126
Trd, 4319500.843, 125
Trd, 4319501.543, 80
Trd, 4319501.693, 75
Trd, 4319502.993, 96
Trd, 4319503.593, 85
Trd, 4319504.693, 104
Trd, 4319504.743, 114
Trd, 4319504.893, 94
Trd, 4319505.893, 133
Trd, 4319506.143, 91
Trd, 4319506.493, 66
Trd, 4319507.593, 135
Trd, 4319507.693, 103
Trd, 4319508.043, 107
Trd, 4319508.843, 112
Trd, 4319510.043, 122
Trd, 4319511.043, 113
Trd, 4319511.693, 113
Trd, 4319512.043, 107
Trd, 4319512.193, 93
Trd, 4319513.293, 138
Trd, 4319515.143, 125
Trd, 4319515.343, 95
Trd, 4319515.843, 105
Trd, 4319515.893, 98
Trd, 4319516.093, 82
Trd, 4319517.793, 72
Trd, 4319518.293, 103
Trd, 4319519.443, 75
Trd, 4319520.593, 99
Trd, 4319521.093, 100
Trd, 4319521.493, 106
Trd, 4319521.693, 68
Trd, 4319522.093, 101
Trd, 4319522.443, 118
Trd, 4319522.593, 89
Trd, 4319522.793, 84
Trd, 4319522.843, 96
Trd, 4319524.643, 126
Trd, 4319525.093, 139
Trd, 4319525.443, 131
Trd, 4319525.743, 65
Trd, 4319526.593, 120
Trd, 4319528.243, 117
Trd, 4319528.543, 107
Trd, 4319528.943, 90
Trd, 4319530.043, 133
Trd, 4319530.993, 122
Trd, 4319531.193, 133
Trd, 4319532.343, 140
Trd, 4319533.093, 121
Trd, 4319534.393, 126
Trd, 4319535.293, 110
Trd, 4319536.243, 131
Trd, 4319536.543, 113
Trd, 4319536.843, 116
Trd, 4319537.943, 114
Trd, 4319538.143, 119
Trd, 4319538.343, 101
Trd, 4319539.743, 120
Trd, 4319540.593, 113
Trd, 4319541.043, 89
Trd, 4319541.393, 95
Trd, 4319543.893, 137
Trd, 4319543.993, 119
Trd, 4319544.693, 118
Trd, 4319544.843, 102
Trd, 4319545.743, 129
Trd, 4319546.543, 121
Trd, 4319547.443, 139
Trd, 4319547.693, 136
Trd, 4319547.843, 131
Trd, 4319547.943, 121
Trd, 4319548.793, 81
Trd, 4319548.993, 68
Trd, 4319550.793, 121
Trd, 4319551.643, 137
Trd, 4319552.893, 117
Trd, 4319553.643, 137
Trd, 4319555.193, 107
Trd, 4319555.643, 104
Trd, 4319556.343, 95
Trd, 4319556.943, 132
Trd, 4319557.493, 139
Trd, 4319558.093, 110
Trd, 4319558.193, 108
Trd, 4319558.643, 138
Trd, 4319560.143, 133
Trd, 4319560.293, 127
Trd, 4319560.843, 97
Trd, 4319561.993, 112
Trd, 4319563.393, 90
Trd, 4319564.443, 132
Trd, 4319564.593, 119
Trd, 4319565.343, 101
Trd, 4319566.443, 138
Trd, 4319567.043, 134
Trd, 4319567.093, 128
Trd, 4319567.243, 78
Trd, 4319568.643, 118
Trd, 4319568.743, 94
Trd, 4319568.993, 113
Trd, 4319570.243, 113
Trd, 4319571.093, 136
Trd, 4319572.243, 112
Trd, 4319572.293, 90
Trd, 4319574.343, 133
Trd, 4319574.543, 132
Trd, 4319575.043, 108
Trd, 4319575.643, 106
Trd, 4319575.993, 100
Trd, 4319576.943, 94
Trd, 4319577.743, 75
Trd, 4319578.293, 81
Trd, 4319580.293, 120
Trd, 4319581.543, 127
Trd, 4319581.993, 135
Trd, 4319582.043, 113
Trd, 4319582.143, 102
Trd, 4319582.243, 92
Trd, 4319584.593, 109
Trd, 4319584.693, 96
Trd, 4319585.143, 93
Trd, 4319585.993, 114
Trd, 4319586.093, 102
Trd, 4319588.693, 130
Trd, 4319589.143, 102
Trd, 4319589.693, 70
Trd, 4319591.043, 102
Trd, 4319591.193, 93
Trd, 4319592.643, 129
Trd, 4319592.793, 103
Trd, 4319592.843, 81
Trd, 4319594.193, 111
Trd, 4319595.093, 120
Trd, 4319595.743, 117
Trd, 4319596.143, 103
Trd, 4319596.193, 109
Trd, 4319597.143, 131
Trd, 4319597.543, 74
Trd, 4319598.593, 135
Trd, 4319599.493, 134
Trd, 4319599.943, 105
Trd, 4319601.493, 107
Trd, 4319601.793, 104
Trd, 4319602.743, 117
Trd, 4319603.743, 106
Trd, 4319604.143, 127
Trd, 4319604.243, 136
Trd, 4319604.293, 112
Trd, 4319604.793, 101
Trd, 4319607.143, 91
Trd, 4319607.193, 82
Trd, 4319607.993, 97
Trd, 4319608.193, 76
Trd, 4319608.343, 116
Trd, 4319608.543, 66
Trd, 4319609.343, 136
Trd, 4319609.643, 61
Trd, 4319611.493, 113
Trd, 4319612.043, 71
Trd, 4319612.393, 104
Trd, 4319613.843, 99
Trd, 4319614.843, 96
Trd, 4319615.193, 76
Trd, 4319615.543, 112
Trd, 4319616.893, 84
Trd, 4319617.543, 72
Trd, 4319617.593, 83
Trd, 4319618.093, 104
Trd, 4319618.443, 102
Trd, 4319618.993, 134
Trd, 4319620.493, 125
Trd, 4319622.343, 124
Trd, 4319622.543, 127
Trd, 4319623.843, 104
Trd, 4319623.993, 88
Trd, 4319624.193, 128
Trd, 4319625.293, 102
Trd, 4319625.693, 139
Trd, 4319627.243, 130
Trd, 4319627.943, 131
Trd, 4319628.143, 116
Trd, 4319629.893, 124
Trd, 4319629.993, 116
Trd, 4319630.093, 84
Trd, 4319630.393, 127
Trd, 4319630.643, 68
Trd, 4319631.343, 100
Trd, 4319632.893, 117
Trd, 4319633.693, 83
Trd, 4319633.943, 86
Trd, 4319634.993, 102
Trd, 4319635.743, 64
Trd, 4319636.043, 69
Trd, 4319636.693, 123
Trd, 4319636.993, 110
Trd, 4319637.743, 83
Trd, 4319638.843, 72
Trd, 4319638.993, 84
Trd, 4319639.193, 71
Trd, 4319639.743, 65
Trd, 4319639.843, 88
Trd, 4319640.243, 80
Trd, 4319640.893, 81
Trd, 4319641.943, 92
Trd, 4319642.393, 126
Trd, 4319643.143, 95
Trd, 4319644.293, 107
Trd, 4319645.393, 120
Trd, 4319645.793, 82
Trd, 4319646.143, 80
Trd, 4319646.193, 87
Trd, 4319646.943, 127
Trd, 4319647.593, 108
Trd, 4319649.143, 112
Trd, 4319649.293, 137
Trd, 4319649.643, 99
Trd, 4319650.693, 131
Trd, 4319651.043, 98
Trd, 4319651.543, 101
Trd, 4319652.193, 81
Trd, 4319653.443, 86
Trd, 4319653.893, 97
Trd, 4319654.193, 109
Trd, 4319654.993, 119
Trd, 4319655.643, 127
Trd, 4319655.793, 79
Trd, 4319656.743, 76
Trd, 4319657.343, 134
Trd, 4319657.543, 134
Trd, 4319658.793, 107
Trd, 4319659.093, 109
Trd, 4319660.493, 72
Trd, 4319661.643, 72
Trd, 4319662.343, 92
Trd, 4319662.793, 94
Trd, 4319663.893, 114
Trd, 4319663.993, 76
Trd, 4319664.193, 69
Trd, 4319664.343, 98
Trd, 4319665.793, 104
Trd, 4319665.843, 78
Trd, 4319666.493, 90
Trd, 4319667.143, 123
Trd, 4319668.843, 112
Trd, 4319669.443, 124
Trd, 4319669.643, 98
Trd, 4319670.393, 67
Trd, 4319671.993, 136
Trd, 4319672.643, 135
Trd, 4319672.693, 108
Trd, 4319672.743, 104
Trd, 4319673.493, 137
Trd, 4319673.943, 129
Trd, 4319674.093, 87
Trd, 4319675.443, 114
Trd, 4319675.793, 80
Trd, 4319676.443, 86
Trd, 4319676.593, 79
Trd, 4319678.493, 101
Trd, 4319679.243, 126
Trd, 4319679.293, 110
Trd, 4319679.993, 102
Trd, 4319680.743, 62
Trd, 4319681.993, 140
Trd, 4319683.643, 87
Trd, 4319684.793, 120
Trd, 4319685.243, 76
Trd, 4319685.293, 65
Trd, 4319686.093, 100
Trd, 4319686.893, 94
Trd, 4319688.543, 135
Trd, 4319689.193, 133
Trd, 4319689.343, 118
Trd, 4319689.843, 132
Trd, 4319690.643, 107
Trd, 4319691.493, 104
Trd, 4319691.893, 95
Trd, 4319693.543, 85
Trd, 4319693.593, 121
Trd, 4319694.843, 101
Trd, 4319695.143, 94
Trd, 4319695.693, 89
Trd, 4319698.443, 140
Trd, 4319698.893, 117
Trd, 4319698.993, 109
Trd, 4319699.043, 97
Trd, 4319699.143, 90
Trd, 4319699.593, 125
Trd, 4319700.643, 109
Trd, 4319701.043, 110
Trd, 4319702.293, 137
Trd, 4319702.643, 119
Trd, 4319704.343, 126
Trd, 4319705.643, 107
Trd, 4319706.343, 95
Trd, 4319706.443, 84
Trd, 4319706.893, 134
Trd, 4319708.893, 134
Trd, 4319709.193, 115
Trd, 4319710.243, 136
Trd, 4319711.043, 134
Trd, 4319711.143, 118
Trd, 4319711.593, 109
Trd, 4319711.693, 107
Trd, 4319712.543, 127
Trd, 4319712.693, 123
Trd, 4319713.543, 84
Trd, 4319713.893, 106
Trd, 4319714.893, 94
Trd, 4319715.393, 128
Trd, 4319716.443, 132
Trd, 4319716.593, 110
Trd, 4319717.993, 130
Trd, 4319718.943, 126
Trd, 4319719.293, 94
Trd, 4319719.493, 130
Trd, 4319719.943, 94
Trd, 4319720.343, 135
Trd, 4319721.643, 115
Trd, 4319722.493, 138
Trd, 4319722.843, 123
Trd, 4319722.993, 92
Trd, 4319723.243, 106
Trd, 4319723.593, 84
Trd, 4319723.793, 63
Trd, 4319724.343, 86
Trd, 4319725.843, 116
Trd, 4319726.343, 85
Trd, 4319726.543, 89
Trd, 4319727.193, 107
Trd, 4319727.893, 96
Trd, 4319728.093, 72
Trd, 4319728.193, 111
Trd, 4319730.443, 60
Trd, 4319731.643, 82
Trd, 4319731.843, 65
Trd, 4319733.393, 71
Trd, 4319734.043, 74
Trd, 4319735.443, 126
Trd, 4319736.143, 137
Trd, 4319736.243, 119
Trd, 4319736.643, 117
Trd, 4319737.843, 98
Trd, 4319738.093, 116
Trd, 4319738.443, 84
Trd, 4319740.393, 138
Trd, 4319740.643, 108
Trd, 4319741.993, 121
Trd, 4319742.643, 115
Trd, 4319743.243, 127
Trd, 4319743.493, 102
Trd, 4319746.443, 139
Trd, 4319746.993, 130
Trd, 4319747.243, 127
Trd, 4319747.643, 127
Trd, 4319748.693, 124
Trd, 4319748.943, 121
Trd, 4319749.243, 116
Trd, 4319750.493, 89
Trd, 4319751.393, 87
Trd, 4319751.893, 134
Trd, 4319752.643, 67
Trd, 4319752.743, 126
Trd, 4319753.443, 105
Trd, 4319754.743, 91
Trd, 4319755.043, 78
Trd, 4319756.043, 85
Trd, 4319756.793, 127
Trd, 4319757.293, 135
Trd, 4319758.293, 123
Trd, 4319758.993, 136
Trd, 4319760.443, 137
Trd, 4319760.543, 120
Trd, 4319761.393, 121
Trd, 4319761.993, 112
Trd, 4319763.143, 133
Trd, 4319763.293, 114
Trd, 4319764.193, 121
Trd, 4319764.293, 105
Trd, 4319765.493, 136
Trd, 4319766.543, 132
Trd, 4319767.643, 116
Trd, 4319767.893, 112
Trd, 4319768.393, 113
Trd, 4319769.043, 125
Trd, 4319770.193, 111
Trd, 4319770.443, 123
Trd, 4319770.893, 96
Trd, 4319770.943, 70
Trd, 4319771.893, 126
Trd, 4319772.843, 108
Trd, 4319773.243, 102
Trd, 4319773.993, 86
Trd, 4319774.843, 99
Trd, 4319776.193, 109
Trd, 4319776.443, 81
Trd, 4319776.743, 78
Trd, 4319777.193, 109
Trd, 4319778.643, 132
Trd, 4319779.943, 111
Trd, 4319780.893, 136
Trd, 4319781.443, 132
Trd, 4319782.493, 104
Trd, 4319783.143, 140
Trd, 4319783.643, 126
Trd, 4319783.793, 107
Trd, 4319786.443, 132
Trd, 4319786.543, 123
Trd, 4319787.143, 134
Trd, 4319788.743, 124
Trd, 4319789.193, 136
Trd, 4319789.293, 122
Trd, 4319789.493, 100
Trd, 4319790.543, 117
Trd, 4319791.643, 130
Trd, 4319791.793, 129
Trd, 4319792.943, 84
Trd, 4319793.143, 88
Trd, 4319793.993, 93
Trd, 4319794.543, 130
Trd, 4319795.143, 118
Trd, 4319796.393, 138
Trd, 4319796.643, 68
Trd, 4319798.193, 102
Trd, 4319798.643, 74
Trd, 4319798.743, 130
Trd, 4319798.793, 72
Trd, 4319799.443, 115
Trd, 4319800.343, 100
Trd, 4319800.443, 105
Trd, 4319801.693, 94
Trd, 4319802.093, 129
Trd, 4319803.193, 91
Trd, 4319803.993, 113
Trd, 4319804.493, 80
Trd, 4319804.693, 63
Trd, 4319805.643, 139
Trd, 4319806.043, 137
Trd, 4319807.443, 127
Trd, 4319808.843, 123
Trd, 4319809.293, 112
Trd, 4319809.493, 107
Trd, 4319810.943, 92
Trd, 4319811.243, 89
Trd, 4319811.793, 72
Trd, 4319812.393, 119
Trd, 4319812.943, 108
Trd, 4319813.543, 122
Trd, 4319815.343, 125
Trd, 4319816.193, 118
Trd, 4319817.243, 116
Trd, 4319817.793, 93
Trd, 4319818.593, 134
Trd, 4319819.093, 122
Trd, 4319819.293, 77
Trd, 4319820.243, 71
Trd, 4319820.343, 63
Trd, 4319821.143, 128
Trd, 4319822.543, 125
Trd, 4319822.993, 133
Trd, 4319823.793, 85
Trd, 4319825.193, 113
Trd, 4319825.243, 100
Trd, 4319825.793, 122
Trd, 4319825.893, 105
Trd, 4319826.693, 121
Trd, 4319827.043, 70
Trd, 4319828.093, 139
Trd, 4319828.143, 90
Trd, 4319828.943, 81
Trd, 4319829.293, 113
Trd, 4319829.593, 140
Trd, 4319830.143, 99
Trd, 4319831.743, 112
Trd, 4319832.293, 121
Trd, 4319833.493, 84
Trd, 4319834.143, 126
Trd, 4319835.543, 126
Trd, 4319835.643, 108
Trd, 4319836.743, 108
Trd, 4319837.243, 107
Trd, 4319838.043, 133
Trd, 4319838.293, 90
Trd, 4319839.293, 60
Trd, 4319839.543, 61
Trd, 4319840.043, 105
Trd, 4319841.293, 123
Trd, 4319842.993, 133
Trd, 4319843.243, 122
Trd, 4319844.093, 101
Trd, 4319844.893, 131
Trd, 4319845.793, 107
Trd, 4319845.893, 93
Trd, 4319846.143, 66
Trd, 4319846.293, 119
Trd, 4319847.443, 80
Trd, 4319848.293, 122
Trd, 4319848.693, 82
Trd, 4319849.493, 123
Trd, 4319849.993, 134
Trd, 4319852.493, 120
Trd, 4319852.893, 111
Trd, 4319853.393, 130
Trd, 4319853.743, 90
Trd, 4319854.643, 120
Trd, 4319855.643, 137
Trd, 4319856.343, 107
Trd, 4319856.543, 92
Trd, 4319857.343, 125
Trd, 4319858.443, 107
Trd, 4319859.693, 127
Trd, 4319860.893, 129
Trd, 4319861.793, 118
Trd, 4319862.193, 114
Trd, 4319862.643, 116
Trd, 4319863.043, 96
Trd, 4319863.193, 96
Trd, 4319863.693, 101
Trd, 4319864.743, 129
Trd, 4319865.893, 138
Trd, 4319866.443, 136
Trd, 4319867.443, 121
Trd, 4319867.493, 105
Trd, 4319868.493, 95
Trd, 4319868.943, 119
Trd, 4319869.093, 139
Trd, 4319869.443, 117
Trd, 4319869.643, 92
Trd, 4319870.893, 94
Trd, 4319871.893, 119
Trd, 4319872.243, 132
Trd, 4319874.093, 121
Trd, 4319874.193, 113
Trd, 4319874.943, 118
Trd, 4319876.043, 126
Trd, 4319876.243, 111
Trd, 4319876.743, 124
Trd, 4319876.893, 99
Trd, 4319878.143, 117
Trd, 4319878.493, 113
Trd, 4319879.293, 89
Trd, 4319879.993, 122
Trd, 4319880.493, 103
Trd, 4319880.993, 92
Trd, 4319881.193, 105
Trd, 4319881.593, 108
Trd, 4319883.343, 72
Trd, 4319884.393, 122
Trd, 4319884.693, 114
Trd, 4319885.393, 98
Trd, 4319886.593, 115
Trd, 4319887.143, 103
Trd, 4319887.543, 133
Trd, 4319887.893, 133
Trd, 4319888.043, 126
Trd, 4319889.193, 120
Trd, 4319889.343, 107
Trd, 4319889.743, 97
Trd, 4319891.243, 62
Trd, 4319891.343, 64
Trd, 4319891.743, 84
Trd, 4319892.343, 62
Trd, 4319892.543, 86
Trd, 4319893.643, 67
Trd, 4319893.693, 125
Trd, 4319894.393, 66
Trd, 4319895.743, 140
Trd, 4319897.243, 129
Trd, 4319897.443, 117
Trd, 4319898.543, 125
Trd, 4319899.093, 114
Trd, 4319899.343, 101
Trd, 4319899.843, 91
Trd, 4319901.393, 69
Trd, 4319902.093, 68
Trd, 4319902.793, 103
Trd, 4319904.043, 76
Trd, 4319904.543, 106
Trd, 4319905.593, 74
Trd, 4319905.693, 71
Trd, 4319905.943, 97
Trd, 4319906.443, 135
Trd, 4319907.893, 108
Trd, 4319907.993, 97
Trd, 4319908.393, 138
Trd, 4319909.193, 113
Trd, 4319909.493, 103
Trd, 4319910.443, 92
Trd, 4319910.543, 81
Trd, 4319911.593, 82
Trd, 4319912.243, 114
Trd, 4319912.643, 100
Trd, 4319912.743, 99
Trd, 4319913.243, 116
Trd, 4319913.543, 85
Trd, 4319915.393, 130
Trd, 4319915.843, 110
Trd, 4319916.143, 123
Trd, 4319918.743, 77
Trd, 4319918.993, 112
Trd, 4319919.143, 67
Trd, 4319920.243, 111
Trd, 4319921.393, 140
Trd, 4319921.443, 118
Trd, 4319921.993, 138
Trd, 4319923.243, 103
Trd, 4319923.343, 121
Trd, 4319923.993, 99
Trd, 4319924.093, 88
Trd, 4319926.643, 126
Trd, 4319926.993, 128
Trd, 4319927.943, 87
Trd, 4319927.993, 87
Trd, 4319928.343, 122
Trd, 4319929.293, 117
Trd, 4319929.393, 103
Trd, 4319929.843, 89
Trd, 4319930.293, 93
Trd, 4319930.593, 140
Trd, 4319931.993, 122
Trd, 4319932.643, 111
Trd, 4319933.293, 114
Trd, 4319933.443, 90
Trd, 4319935.193, 139
Trd, 4319937.043, 123
Trd, 4319937.543, 97
Trd, 4319938.143, 138
Trd, 4319938.543, 100
Trd, 4319939.143, 107
Trd, 4319939.343, 85
Trd, 4319940.893, 126
Trd, 4319941.543, 109
Trd, 4319941.893, 123
Trd, 4319942.393, 125
Trd, 4319942.593, 103
Trd, 4319942.693, 99
Trd, 4319944.493, 137
Trd, 4319944.693, 133
Trd, 4319946.393, 121
Trd, 4319947.493, 108
Trd, 4319947.743, 107
Trd, 4319948.393, 95
Trd, 4319949.993, 105
Trd, 4319950.293, 134
Trd, 4319950.543, 98
Trd, 4319951.293, 94
Trd, 4319951.793, 129
Trd, 4319952.093, 113
Trd, 4319953.643, 102
Trd, 4319954.943, 106
Trd, 4319955.893, 126
Trd, 4319956.693, 124
Trd, 4319956.843, 109
Trd, 4319957.193, 115
Trd, 4319957.343, 108
Trd, 4319958.843, 133
Trd, 4319959.143, 120
Trd, 4319960.243, 107
Trd, 4319961.993, 117
Trd, 4319962.193, 105
Trd, 4319962.793, 96
Trd, 4319962.993, 120
Trd, 4319963.843, 134
Trd, 4319964.943, 92
Trd, 4319965.743, 102
Trd, 4319966.093, 121
Trd, 4319966.843, 113
Trd, 4319967.793, 120
Trd, 4319968.293, 64
Trd, 4319969.243, 107
Trd, 4319969.643, 79
Trd, 4319970.143, 119
Trd, 4319970.543, 140
Trd, 4319971.343, 78
Trd, 4319972.093, 120
Trd, 4319972.143, 75
Trd, 4319972.543, 87
Trd, 4319973.593, 126
Trd, 4319974.743, 86
Trd, 4319975.693, 99
Trd, 4319975.793, 98
Trd, 4319976.343, 116
Trd, 4319976.693, 114
Trd, 4319977.893, 134
Trd, 4319980.093, 125
Trd, 4319981.543, 87
Trd, 4319981.593, 80
Trd, 4319982.643, 115
Trd, 4319984.093, 134
Trd, 4319985.143, 138
Trd, 4319985.293, 120
Trd, 4319985.393, 139
Trd, 4319985.843, 107
Trd, 4319985.943, 104
Trd, 4319986.343, 109
Trd, 4319986.793, 104
Trd, 4319987.443, 73
Trd, 4319988.393, 130
Trd, 4319988.743, 106
Trd, 4319989.843, 99
Trd, 4319990.743, 71
Trd, 4319991.543, 115
Trd, 4319993.193, 111
Trd, 4319994.593, 127
Trd, 4319994.743, 120
Trd, 4319995.643, 137
Trd, 4319995.893, 120
Trd, 4319996.043, 101
Trd, 4319996.093, 92
Trd, 4319998.993, 140
Trd, 4319999.993, 101
