Trd, 4318108.643, 140
Trd, 4318108.843, 140
Trd, 4318109.243, 140
Trd, 4318110.343, 140
Trd, 4318111.143, 137
Trd, 4318112.093, 140
Trd, 4318112.693, 140
Trd, 4318112.793, 140
Trd, 4318112.843, 136
Trd, 4318113.943, 64
Trd, 4318115.293, 102
Trd, 4318115.393, 82
Trd, 4318115.643, 83
Trd, 4318117.343, 140
Trd, 4318117.643, 85
Trd, 4318119.443, 86
Trd, 4318119.893, 85
Trd, 4318119.943, 89
Trd, 4318120.543, 84
Trd, 4318120.593, 105
Trd, 4318121.293, 65
Trd, 4318122.293, 115
Trd, 4318123.843, 61
Trd, 4318124.043, 71
Trd, 4318125.043, 64
Trd, 4318125.493, 85
Trd, 4318125.693, 139
Trd, 4318127.193, 81
Trd, 4318127.243, 80
Trd, 4318127.743, 140
Trd, 4318127.793, 140
Trd, 4318129.993, 87
Trd, 4318131.093, 136
Trd, 4318131.393, 140
Trd, 4318131.843, 140
Trd, 4318133.443, 140
Trd, 4318134.243, 140
Trd, 4318134.343, 140
Trd, 4318135.493, 140
Trd, 4318135.593, 140
Trd, 4318135.693, 140
Trd, 4318135.743, 139
Trd, 4318136.793, 103
Trd, 4318137.193, 65
Trd, 4318137.843, 96
Trd, 4318140.543, 140
Trd, 4318141.493, 140
Trd, 4318142.393, 140
Trd, 4318142.693, 140
Trd, 4318142.743, 140
Trd, 4318143.543, 140
Trd, 4318144.743, 140
Trd, 4318145.393, 140
Trd, 4318145.943, 140
Trd, 4318147.243, 140
Trd, 4318148.043, 140
Trd, 4318149.043, 140
Trd, 4318149.443, 140
Trd, 4318150.393, 140
Trd, 4318150.593, 140
Trd, 4318151.593, 139
Trd, 4318152.343, 138
Trd, 4318152.393, 138
Trd, 4318153.043, 62
Trd, 4318156.193, 60
Trd, 4318156.293, 60
Trd, 4318158.343, 66
Trd, 4318158.843, 66
Trd, 4318159.393, 91
Trd, 4318159.493, 66
Trd, 4318159.993, 104
Trd, 4318160.193, 70
Trd, 4318161.293, 140
Trd, 4318161.793, 109
Trd, 4318161.993, 108
Trd, 4318162.293, 107
Trd, 4318162.593, 117
Trd, 4318162.993, 140
Trd, 4318163.943, 62
Trd, 4318167.093, 140
Trd, 4318167.293, 140
Trd, 4318167.443, 140
Trd, 4318168.743, 140
Trd, 4318168.943, 140
Trd, 4318169.093, 140
Trd, 4318169.593, 140
Trd, 4318169.993, 140
Trd, 4318171.843, 140
Trd, 4318172.193, 139
Trd, 4318172.293, 136
Trd, 4318173.543, 140
Trd, 4318173.993, 140
Trd, 4318174.593, 140
Trd, 4318174.643, 140
Trd, 4318174.993, 113
Trd, 4318176.493, 137
Trd, 4318177.143, 138
Trd, 4318177.443, 140
Trd, 4318178.393, 140
Trd, 4318179.043, 140
Trd, 4318179.143, 140
Trd, 4318181.243, 140
Trd, 4318181.793, 140
Trd, 4318182.293, 140
Trd, 4318183.093, 140
Trd, 4318184.043, 140
Trd, 4318184.193, 140
Trd, 4318185.793, 140
Trd, 4318186.493, 140
Trd, 4318187.293, 140
Trd, 4318187.443, 140
Trd, 4318188.193, 140
Trd, 4318188.393, 140
Trd, 4318188.743, 140
Trd, 4318189.643, 140
Trd, 4318192.043, 140
Trd, 4318193.693, 140
Trd, 4318193.843, 140
Trd, 4318193.893, 140
Trd, 4318193.993, 133
Trd, 4318195.343, 140
Trd, 4318195.693, 140
Trd, 4318196.543, 71
Trd, 4318196.793, 62
Trd, 4318198.193, 140
Trd, 4318198.893, 140
Trd, 4318199.243, 140
Trd, 4318199.343, 139
Trd, 4318199.593, 138
Trd, 4318200.393, 140
Trd, 4318201.243, 140
Trd, 4318201.993, 140
Trd, 4318203.243, 140
Trd, 4318203.393, 140
Trd, 4318205.243, 140
Trd, 4318206.393, 140
Trd, 4318206.943, 140
Trd, 4318207.893, 140
Trd, 4318208.443, 140
Trd, 4318208.643, 140
Trd, 4318209.243, 140
Trd, 4318209.993, 140
Trd, 4318210.793, 140
Trd, 4318210.893, 140
Trd, 4318211.393, 139
Trd, 4318212.343, 140
Trd, 4318212.693, 140
Trd, 4318213.243, 140
Trd, 4318213.293, 139
Trd, 4318214.343, 136
Trd, 4318214.543, 96
Trd, 4318215.993, 140
Trd, 4318217.493, 140
Trd, 4318217.693, 140
Trd, 4318218.443, 140
Trd, 4318218.693, 140
Trd, 4318219.593, 60
Trd, 4318220.493, 140
Trd, 4318221.443, 67
Trd, 4318223.293, 60
Trd, 4318223.493, 62
Trd, 4318223.543, 66
Trd, 4318224.143, 61
Trd, 4318224.993, 61
Trd, 4318226.193, 62
Trd, 4318226.493, 67
Trd, 4318227.193, 63
Trd, 4318228.143, 61
Trd, 4318230.443, 63
Trd, 4318230.693, 66
Trd, 4318231.143, 67
Trd, 4318232.343, 69
Trd, 4318234.043, 109
Trd, 4318234.543, 84
Trd, 4318235.393, 132
Trd, 4318235.693, 88
Trd, 4318235.793, 87
Trd, 4318236.143, 86
Trd, 4318236.293, 134
Trd, 4318236.793, 89
Trd, 4318237.293, 89
Trd, 4318237.343, 88
Trd, 4318239.593, 62
Trd, 4318240.343, 64
Trd, 4318241.043, 74
Trd, 4318242.443, 60
Trd, 4318244.143, 61
Trd, 4318244.343, 61
Trd, 4318244.593, 63
Trd, 4318245.493, 65
Trd, 4318245.993, 67
Trd, 4318246.443, 140
Trd, 4318247.293, 73
Trd, 4318247.343, 69
Trd, 4318247.943, 69
Trd, 4318248.043, 65
Trd, 4318248.843, 75
Trd, 4318249.943, 98
Trd, 4318251.593, 62
Trd, 4318251.643, 63
Trd, 4318253.943, 60
Trd, 4318253.993, 60
Trd, 4318254.343, 61
Trd, 4318254.393, 60
Trd, 4318255.593, 63
Trd, 4318255.993, 117
Trd, 4318256.343, 139
Trd, 4318257.393, 140
Trd, 4318257.793, 140
Trd, 4318258.543, 140
Trd, 4318259.993, 140
Trd, 4318260.893, 140
Trd, 4318261.193, 140
Trd, 4318261.243, 140
Trd, 4318262.143, 140
Trd, 4318262.243, 140
Trd, 4318262.293, 138
Trd, 4318262.943, 139
Trd, 4318263.343, 107
Trd, 4318263.843, 139
Trd, 4318266.593, 61
Trd, 4318266.843, 63
Trd, 4318268.243, 61
Trd, 4318268.943, 61
Trd, 4318268.993, 60
Trd, 4318269.243, 67
Trd, 4318270.093, 64
Trd, 4318270.493, 65
Trd, 4318271.493, 68
Trd, 4318272.393, 133
Trd, 4318272.743, 131
Trd, 4318273.943, 124
Trd, 4318274.393, 69
Trd, 4318274.943, 64
Trd, 4318275.093, 140
Trd, 4318276.793, 61
Trd, 4318278.443, 60
Trd, 4318278.943, 61
Trd, 4318281.793, 60
Trd, 4318282.593, 60
Trd, 4318282.793, 60
Trd, 4318283.193, 60
Trd, 4318284.143, 66
Trd, 4318284.493, 69
Trd, 4318284.593, 69
Trd, 4318285.443, 62
Trd, 4318285.793, 62
Trd, 4318286.393, 60
Trd, 4318289.593, 65
Trd, 4318289.993, 67
Trd, 4318290.643, 70
Trd, 4318291.343, 74
Trd, 4318291.843, 104
Trd, 4318291.943, 75
Trd, 4318293.543, 140
Trd, 4318293.793, 140
Trd, 4318294.743, 140
Trd, 4318295.893, 140
Trd, 4318296.043, 140
Trd, 4318297.243, 140
Trd, 4318298.093, 140
Trd, 4318298.193, 140
Trd, 4318299.193, 140
Trd, 4318299.893, 140
Trd, 4318299.943, 140
Trd, 4318300.343, 140
Trd, 4318300.393, 140
Trd, 4318301.593, 140
Trd, 4318302.143, 140
Trd, 4318302.343, 140
Trd, 4318303.143, 140
Trd, 4318304.793, 140
Trd, 4318305.193, 140
Trd, 4318305.943, 140
Trd, 4318306.193, 140
Trd, 4318306.643, 140
Trd, 4318307.443, 140
Trd, 4318307.893, 138
Trd, 4318308.543, 140
Trd, 4318310.543, 140
Trd, 4318310.843, 140
Trd, 4318310.943, 140
Trd, 4318311.543, 140
Trd, 4318312.343, 140
Trd, 4318312.943, 139
Trd, 4318313.543, 128
Trd, 4318313.693, 92
Trd, 4318315.243, 65
Trd, 4318316.143, 94
Trd, 4318316.643, 80
Trd, 4318319.493, 60
Trd, 4318319.843, 61
Trd, 4318320.393, 63
Trd, 4318321.093, 117
Trd, 4318321.143, 112
Trd, 4318322.743, 113
Trd, 4318324.143, 121
Trd, 4318324.343, 136
Trd, 4318325.043, 125
Trd, 4318325.493, 138
Trd, 4318326.093, 126
Trd, 4318326.193, 125
Trd, 4318326.293, 123
Trd, 4318326.743, 122
Trd, 4318326.943, 132
Trd, 4318328.093, 93
Trd, 4318328.593, 92
Trd, 4318329.293, 139
Trd, 4318330.443, 66
Trd, 4318330.993, 66
Trd, 4318332.243, 67
Trd, 4318332.293, 68
Trd, 4318332.943, 140
Trd, 4318333.893, 140
Trd, 4318334.093, 140
Trd, 4318335.493, 140
Trd, 4318335.543, 140
Trd, 4318335.593, 140
Trd, 4318335.743, 140
Trd, 4318336.493, 140
Trd, 4318337.593, 140
Trd, 4318338.143, 140
Trd, 4318338.543, 140
Trd, 4318340.093, 68
Trd, 4318341.793, 66
Trd, 4318343.743, 68
Trd, 4318343.943, 70
Trd, 4318344.893, 74
Trd, 4318345.143, 100
Trd, 4318345.343, 126
Trd, 4318346.343, 79
Trd, 4318346.443, 76
Trd, 4318346.893, 78
Trd, 4318347.843, 138
Trd, 4318348.793, 140
Trd, 4318349.943, 62
Trd, 4318350.243, 63
Trd, 4318352.943, 60
Trd, 4318353.743, 62
Trd, 4318354.593, 63
Trd, 4318356.193, 60
Trd, 4318356.343, 61
Trd, 4318357.143, 140
Trd, 4318357.193, 140
Trd, 4318357.293, 96
Trd, 4318358.043, 140
Trd, 4318358.393, 67
Trd, 4318359.693, 77
Trd, 4318360.793, 82
Trd, 4318361.443, 84
Trd, 4318362.693, 82
Trd, 4318363.293, 96
Trd, 4318363.843, 75
Trd, 4318363.893, 99
Trd, 4318365.043, 73
Trd, 4318365.193, 139
Trd, 4318365.993, 131
Trd, 4318367.143, 107
Trd, 4318367.543, 82
Trd, 4318368.243, 77
Trd, 4318369.243, 78
Trd, 4318369.443, 93
Trd, 4318369.843, 77
Trd, 4318370.343, 89
Trd, 4318375.193, 64
Trd, 4318375.543, 66
Trd, 4318376.293, 60
Trd, 4318377.293, 61
Trd, 4318378.343, 68
Trd, 4318378.943, 67
Trd, 4318379.143, 69
Trd, 4318379.843, 80
Trd, 4318380.143, 85
Trd, 4318380.443, 76
Trd, 4318383.143, 87
Trd, 4318383.293, 86
Trd, 4318384.493, 138
Trd, 4318384.693, 138
Trd, 4318384.993, 138
Trd, 4318385.943, 140
Trd, 4318386.793, 140
Trd, 4318387.343, 140
Trd, 4318387.493, 140
Trd, 4318388.393, 140
Trd, 4318389.343, 140
Trd, 4318389.893, 140
Trd, 4318390.043, 140
Trd, 4318390.793, 136
Trd, 4318391.093, 137
Trd, 4318392.093, 136
Trd, 4318392.543, 137
Trd, 4318392.993, 137
Trd, 4318393.643, 136
Trd, 4318394.843, 97
Trd, 4318394.893, 96
Trd, 4318395.243, 95
Trd, 4318396.243, 140
Trd, 4318396.893, 140
Trd, 4318398.393, 140
Trd, 4318399.043, 140
Trd, 4318399.443, 132
Trd, 4318400.143, 140
Trd, 4318400.493, 114
Trd, 4318400.543, 113
Trd, 4318402.293, 134
Trd, 4318402.593, 135
Trd, 4318403.043, 140
Trd, 4318404.893, 139
Trd, 4318405.243, 128
Trd, 4318406.593, 131
Trd, 4318406.893, 140
Trd, 4318406.943, 130
Trd, 4318407.393, 127
Trd, 4318407.643, 80
Trd, 4318409.693, 138
Trd, 4318411.293, 60
Trd, 4318413.243, 140
Trd, 4318413.343, 140
Trd, 4318413.393, 140
Trd, 4318413.543, 137
Trd, 4318415.093, 140
Trd, 4318415.343, 140
Trd, 4318416.293, 140
Trd, 4318416.993, 140
Trd, 4318417.043, 140
Trd, 4318417.693, 140
Trd, 4318417.943, 140
Trd, 4318419.743, 140
Trd, 4318420.893, 140
Trd, 4318421.693, 140
Trd, 4318422.743, 140
Trd, 4318422.893, 140
Trd, 4318424.643, 140
Trd, 4318424.693, 140
Trd, 4318425.043, 140
Trd, 4318426.143, 140
Trd, 4318426.443, 140
Trd, 4318426.893, 140
Trd, 4318427.743, 107
Trd, 4318428.043, 140
Trd, 4318429.343, 140
Trd, 4318429.993, 140
Trd, 4318430.143, 140
Trd, 4318430.493, 138
Trd, 4318432.493, 63
Trd, 4318433.143, 63
Trd, 4318433.443, 62
Trd, 4318433.593, 65
Trd, 4318433.693, 62
Trd, 4318434.593, 63
Trd, 4318435.093, 77
Trd, 4318435.143, 75
Trd, 4318435.443, 75
Trd, 4318437.293, 87
Trd, 4318437.343, 137
Trd, 4318437.943, 89
Trd, 4318439.243, 140
Trd, 4318440.693, 140
Trd, 4318441.243, 140
Trd, 4318441.643, 140
Trd, 4318441.693, 140
Trd, 4318442.743, 140
Trd, 4318442.993, 140
Trd, 4318443.843, 140
Trd, 4318445.043, 140
Trd, 4318445.643, 140
Trd, 4318446.293, 140
Trd, 4318447.543, 140
Trd, 4318447.793, 140
Trd, 4318448.093, 140
Trd, 4318448.893, 140
Trd, 4318451.293, 140
Trd, 4318451.593, 140
Trd, 4318452.043, 140
Trd, 4318452.443, 140
Trd, 4318452.793, 140
Trd, 4318453.043, 140
Trd, 4318453.593, 140
Trd, 4318453.843, 140
Trd, 4318455.543, 140
Trd, 4318455.943, 140
Trd, 4318456.293, 140
Trd, 4318456.743, 140
Trd, 4318457.343, 140
Trd, 4318458.543, 140
Trd, 4318460.043, 140
Trd, 4318460.343, 140
Trd, 4318460.743, 138
Trd, 4318460.843, 137
Trd, 4318462.443, 60
Trd, 4318462.943, 60
Trd, 4318465.393, 62
Trd, 4318465.743, 64
Trd, 4318465.993, 63
Trd, 4318466.243, 83
Trd, 4318466.993, 68
Trd, 4318467.543, 65
Trd, 4318468.893, 66
Trd, 4318469.593, 67
Trd, 4318470.493, 86
Trd, 4318471.693, 78
Trd, 4318472.343, 80
Trd, 4318474.243, 135
Trd, 4318474.743, 86
Trd, 4318475.393, 81
Trd, 4318475.643, 80
Trd, 4318475.843, 91
Trd, 4318476.643, 139
Trd, 4318476.943, 62
Trd, 4318478.293, 140
Trd, 4318480.393, 140
Trd, 4318480.543, 140
Trd, 4318480.843, 140
Trd, 4318481.543, 140
Trd, 4318481.993, 140
Trd, 4318482.893, 140
Trd, 4318483.793, 140
Trd, 4318484.593, 140
Trd, 4318484.743, 140
Trd, 4318486.043, 140
Trd, 4318486.093, 140
Trd, 4318486.543, 88
Trd, 4318487.243, 78
Trd, 4318488.643, 140
Trd, 4318488.693, 140
Trd, 4318489.393, 140
Trd, 4318489.793, 140
Trd, 4318490.393, 140
Trd, 4318491.493, 140
Trd, 4318492.193, 140
Trd, 4318492.493, 140
Trd, 4318492.693, 140
Trd, 4318492.943, 136
Trd, 4318493.793, 140
Trd, 4318494.693, 140
Trd, 4318496.093, 140
Trd, 4318496.343, 121
Trd, 4318496.543, 120
Trd, 4318497.643, 140
Trd, 4318497.843, 139
Trd, 4318500.193, 140
Trd, 4318500.643, 140
Trd, 4318501.243, 140
Trd, 4318502.943, 140
Trd, 4318503.343, 140
Trd, 4318503.643, 140
Trd, 4318504.943, 140
Trd, 4318505.093, 140
Trd, 4318505.993, 140
Trd, 4318506.343, 140
Trd, 4318507.243, 140
Trd, 4318507.393, 140
Trd, 4318508.293, 140
Trd, 4318508.693, 140
Trd, 4318508.993, 140
Trd, 4318509.393, 140
Trd, 4318510.943, 140
Trd, 4318511.443, 140
Trd, 4318512.443, 140
Trd, 4318512.543, 136
Trd, 4318513.043, 140
Trd, 4318513.743, 96
Trd, 4318514.043, 75
Trd, 4318516.543, 140
Trd, 4318516.593, 140
Trd, 4318516.793, 140
Trd, 4318518.443, 140
Trd, 4318519.493, 140
Trd, 4318519.743, 140
Trd, 4318519.793, 140
Trd, 4318520.443, 139
Trd, 4318520.993, 140
Trd, 4318521.793, 140
Trd, 4318521.893, 140
Trd, 4318522.443, 140
Trd, 4318524.743, 140
Trd, 4318524.793, 140
Trd, 4318525.393, 140
Trd, 4318525.743, 140
Trd, 4318526.443, 136
Trd, 4318527.093, 140
Trd, 4318528.293, 64
Trd, 4318528.593, 65
Trd, 4318529.143, 66
Trd, 4318529.743, 115
Trd, 4318529.793, 62
Trd, 4318531.093, 62
Trd, 4318532.693, 67
Trd, 4318532.893, 69
Trd, 4318533.593, 79
Trd, 4318535.193, 140
Trd, 4318535.443, 140
Trd, 4318536.143, 139
Trd, 4318536.543, 140
Trd, 4318537.793, 127
Trd, 4318537.993, 127
Trd, 4318538.193, 136
Trd, 4318539.093, 140
Trd, 4318541.243, 140
Trd, 4318541.393, 140
Trd, 4318541.693, 140
Trd, 4318542.843, 140
Trd, 4318543.143, 140
Trd, 4318544.793, 140
Trd, 4318545.443, 140
Trd, 4318545.593, 140
Trd, 4318545.693, 140
Trd, 4318546.043, 140
Trd, 4318546.843, 140
Trd, 4318547.093, 140
Trd, 4318547.643, 139
Trd, 4318548.093, 139
Trd, 4318548.193, 79
Trd, 4318548.493, 138
Trd, 4318550.843, 140
Trd, 4318551.343, 140
Trd, 4318552.243, 140
Trd, 4318552.443, 140
Trd, 4318554.443, 120
Trd, 4318555.143, 140
Trd, 4318555.193, 139
Trd, 4318555.893, 140
Trd, 4318556.143, 140
Trd, 4318556.643, 139
Trd, 4318558.243, 140
Trd, 4318558.493, 140
Trd, 4318558.893, 140
Trd, 4318559.793, 140
Trd, 4318562.243, 140
Trd, 4318562.343, 140
Trd, 4318562.893, 140
Trd, 4318563.093, 140
Trd, 4318563.643, 139
Trd, 4318563.943, 132
Trd, 4318565.243, 63
Trd, 4318567.243, 64
Trd, 4318567.343, 76
Trd, 4318568.043, 118
Trd, 4318568.393, 124
Trd, 4318568.643, 118
Trd, 4318569.593, 140
Trd, 4318570.293, 140
Trd, 4318570.543, 140
Trd, 4318570.993, 140
Trd, 4318574.443, 140
Trd, 4318575.343, 140
Trd, 4318576.243, 140
Trd, 4318577.093, 140
Trd, 4318578.093, 140
Trd, 4318578.143, 140
Trd, 4318578.743, 139
Trd, 4318578.993, 131
Trd, 4318581.543, 61
Trd, 4318582.443, 61
Trd, 4318583.843, 62
Trd, 4318585.693, 60
Trd, 4318586.093, 65
Trd, 4318586.493, 62
Trd, 4318587.693, 140
Trd, 4318587.843, 140
Trd, 4318587.943, 140
Trd, 4318587.993, 140
Trd, 4318589.843, 140
Trd, 4318589.943, 139
Trd, 4318590.093, 116
Trd, 4318590.693, 90
Trd, 4318591.743, 99
Trd, 4318592.093, 98
Trd, 4318592.293, 97
Trd, 4318592.943, 124
Trd, 4318593.793, 124
Trd, 4318594.843, 61
Trd, 4318595.593, 60
Trd, 4318597.943, 60
Trd, 4318598.093, 61
Trd, 4318598.293, 62
Trd, 4318598.593, 64
Trd, 4318599.393, 70
Trd, 4318600.193, 73
Trd, 4318600.893, 74
Trd, 4318601.793, 81
Trd, 4318602.293, 140
Trd, 4318602.393, 77
Trd, 4318602.843, 108
Trd, 4318602.893, 72
Trd, 4318603.443, 107
Trd, 4318608.043, 60
Trd, 4318608.393, 61
Trd, 4318610.043, 60
Trd, 4318610.193, 60
Trd, 4318610.543, 63
Trd, 4318610.793, 75
Trd, 4318611.493, 84
Trd, 4318611.593, 67
Trd, 4318612.593, 61
Trd, 4318614.143, 77
Trd, 4318614.993, 79
Trd, 4318615.443, 140
Trd, 4318615.593, 140
Trd, 4318617.993, 140
Trd, 4318618.143, 140
Trd, 4318619.393, 140
Trd, 4318620.743, 140
Trd, 4318620.943, 140
Trd, 4318621.193, 140
Trd, 4318621.343, 140
Trd, 4318622.043, 140
Trd, 4318622.493, 140
Trd, 4318623.493, 139
Trd, 4318624.893, 140
Trd, 4318626.093, 140
Trd, 4318626.243, 140
Trd, 4318627.143, 140
Trd, 4318627.543, 140
Trd, 4318627.643, 140
Trd, 4318627.693, 116
Trd, 4318629.143, 60
Trd, 4318631.643, 60
Trd, 4318632.493, 60
Trd, 4318633.843, 69
Trd, 4318633.893, 82
Trd, 4318634.393, 63
Trd, 4318635.093, 140
Trd, 4318635.793, 140
Trd, 4318636.643, 140
Trd, 4318637.493, 140
Trd, 4318637.693, 140
Trd, 4318637.893, 140
Trd, 4318638.893, 140
Trd, 4318640.143, 140
Trd, 4318640.393, 140
Trd, 4318640.443, 140
Trd, 4318641.643, 140
Trd, 4318641.843, 140
Trd, 4318642.943, 140
Trd, 4318643.543, 140
Trd, 4318644.793, 140
Trd, 4318645.043, 139
Trd, 4318645.493, 140
Trd, 4318645.543, 138
Trd, 4318646.793, 89
Trd, 4318647.293, 107
Trd, 4318648.993, 65
Trd, 4318649.993, 61
Trd, 4318651.293, 68
Trd, 4318651.793, 70
Trd, 4318652.193, 79
Trd, 4318655.293, 75
Trd, 4318656.743, 139
Trd, 4318657.043, 78
Trd, 4318658.093, 140
Trd, 4318658.193, 140
Trd, 4318658.893, 140
Trd, 4318659.143, 140
Trd, 4318659.693, 140
Trd, 4318661.543, 140
Trd, 4318662.043, 140
Trd, 4318662.643, 140
Trd, 4318663.293, 140
Trd, 4318663.793, 140
Trd, 4318664.443, 140
Trd, 4318664.543, 140
Trd, 4318665.343, 140
Trd, 4318665.793, 139
Trd, 4318666.143, 85
Trd, 4318667.093, 140
Trd, 4318667.443, 139
Trd, 4318669.743, 105
Trd, 4318669.843, 102
Trd, 4318670.243, 96
Trd, 4318671.643, 88
Trd, 4318671.843, 87
Trd, 4318672.793, 86
Trd, 4318674.993, 140
Trd, 4318675.743, 140
Trd, 4318676.393, 140
Trd, 4318677.443, 140
Trd, 4318677.643, 140
Trd, 4318677.893, 135
Trd, 4318679.093, 137
Trd, 4318679.693, 140
Trd, 4318680.493, 140
Trd, 4318681.393, 140
Trd, 4318682.343, 140
Trd, 4318682.643, 140
Trd, 4318683.293, 140
Trd, 4318683.543, 140
Trd, 4318683.793, 140
Trd, 4318684.093, 135
Trd, 4318685.893, 133
Trd, 4318686.893, 140
Trd, 4318687.043, 140
Trd, 4318687.693, 140
Trd, 4318687.843, 120
Trd, 4318688.993, 139
Trd, 4318690.693, 140
Trd, 4318691.293, 140
Trd, 4318691.843, 140
Trd, 4318692.293, 140
Trd, 4318692.343, 140
Trd, 4318692.793, 140
Trd, 4318693.143, 140
Trd, 4318693.343, 140
Trd, 4318694.643, 140
Trd, 4318695.543, 140
Trd, 4318695.943, 140
Trd, 4318696.143, 140
Trd, 4318697.543, 140
Trd, 4318699.243, 140
Trd, 4318699.943, 140
Trd, 4318700.093, 140
Trd, 4318700.643, 140
Trd, 4318701.693, 140
Trd, 4318701.793, 140
Trd, 4318702.143, 140
Trd, 4318702.193, 140
Trd, 4318703.293, 140
Trd, 4318705.543, 140
Trd, 4318706.093, 140
Trd, 4318706.443, 140
Trd, 4318707.343, 139
Trd, 4318707.643, 138
Trd, 4318708.343, 137
Trd, 4318708.593, 136
Trd, 4318710.093, 140
Trd, 4318711.493, 140
Trd, 4318711.893, 139
Trd, 4318712.143, 138
Trd, 4318712.243, 81
Trd, 4318712.543, 137
Trd, 4318712.993, 84
Trd, 4318713.443, 86
Trd, 4318715.243, 63
Trd, 4318716.543, 65
Trd, 4318718.293, 66
Trd, 4318719.493, 62
Trd, 4318720.893, 60
Trd, 4318721.793, 60
Trd, 4318722.193, 62
Trd, 4318722.293, 62
Trd, 4318723.443, 71
Trd, 4318723.493, 74
Trd, 4318724.243, 78
Trd, 4318725.143, 140
Trd, 4318725.893, 81
Trd, 4318727.193, 140
Trd, 4318728.043, 140
Trd, 4318728.493, 140
Trd, 4318728.693, 140
Trd, 4318730.643, 140
Trd, 4318731.893, 140
Trd, 4318732.093, 140
Trd, 4318732.293, 139
Trd, 4318732.443, 139
Trd, 4318733.043, 140
Trd, 4318733.493, 140
Trd, 4318733.843, 140
Trd, 4318735.043, 139
Trd, 4318736.993, 140
Trd, 4318737.393, 140
Trd, 4318737.693, 80
Trd, 4318738.193, 105
Trd, 4318740.043, 60
Trd, 4318741.543, 60
Trd, 4318742.743, 62
Trd, 4318743.843, 63
Trd, 4318744.993, 66
Trd, 4318745.193, 68
Trd, 4318745.293, 65
Trd, 4318745.393, 81
Trd, 4318746.643, 140
Trd, 4318746.693, 140
Trd, 4318748.043, 99
Trd, 4318748.793, 140
Trd, 4318749.043, 136
Trd, 4318750.293, 139
Trd, 4318750.543, 139
Trd, 4318750.693, 137
Trd, 4318751.143, 128
Trd, 4318751.493, 95
Trd, 4318751.643, 98
Trd, 4318754.143, 62
Trd, 4318754.843, 60
Trd, 4318755.143, 65
Trd, 4318755.593, 84
Trd, 4318756.043, 86
Trd, 4318756.393, 84
Trd, 4318758.293, 81
Trd, 4318758.493, 113
Trd, 4318760.043, 61
Trd, 4318761.043, 60
Trd, 4318762.243, 60
Trd, 4318763.593, 60
Trd, 4318764.593, 64
Trd, 4318766.343, 65
Trd, 4318766.993, 61
Trd, 4318768.243, 71
Trd, 4318768.293, 70
Trd, 4318768.343, 68
Trd, 4318769.343, 80
Trd, 4318769.493, 69
Trd, 4318770.343, 72
Trd, 4318770.743, 73
Trd, 4318771.093, 100
Trd, 4318773.043, 60
Trd, 4318774.693, 62
Trd, 4318775.193, 61
Trd, 4318776.543, 62
Trd, 4318777.593, 60
Trd, 4318777.793, 62
Trd, 4318778.393, 65
Trd, 4318780.543, 73
Trd, 4318780.993, 72
Trd, 4318781.443, 74
Trd, 4318781.593, 72
Trd, 4318781.743, 68
Trd, 4318782.093, 75
Trd, 4318783.243, 70
Trd, 4318783.543, 95
Trd, 4318783.793, 69
Trd, 4318784.193, 118
Trd, 4318784.843, 60
Trd, 4318787.193, 61
Trd, 4318787.843, 66
Trd, 4318788.643, 60
Trd, 4318790.393, 66
Trd, 4318792.093, 72
Trd, 4318792.143, 71
Trd, 4318792.243, 124
Trd, 4318793.043, 62
Trd, 4318793.443, 70
Trd, 4318795.293, 140
Trd, 4318795.643, 140
Trd, 4318795.743, 79
Trd, 4318796.743, 83
Trd, 4318796.843, 82
Trd, 4318797.093, 85
Trd, 4318798.493, 64
Trd, 4318799.143, 138
Trd, 4318801.293, 60
Trd, 4318802.393, 60
Trd, 4318803.143, 63
Trd, 4318804.143, 60
Trd, 4318804.643, 73
Trd, 4318806.493, 75
Trd, 4318806.993, 74
Trd, 4318807.243, 74
Trd, 4318807.443, 75
Trd, 4318807.893, 106
Trd, 4318808.543, 76
Trd, 4318809.093, 81
Trd, 4318809.293, 80
Trd, 4318809.943, 110
Trd, 4318810.143, 75
Trd, 4318810.593, 122
Trd, 4318811.593, 91
Trd, 4318812.593, 78
Trd, 4318813.093, 79
Trd, 4318814.393, 101
Trd, 4318814.943, 84
Trd, 4318815.093, 134
Trd, 4318816.193, 140
Trd, 4318816.343, 140
Trd, 4318816.993, 140
Trd, 4318818.693, 140
Trd, 4318818.943, 140
Trd, 4318819.493, 140
Trd, 4318821.143, 140
Trd, 4318822.193, 140
Trd, 4318822.343, 140
Trd, 4318822.443, 140
Trd, 4318822.543, 139
Trd, 4318822.993, 135
Trd, 4318824.343, 84
Trd, 4318824.593, 128
Trd, 4318825.343, 84
Trd, 4318825.993, 139
Trd, 4318826.443, 139
Trd, 4318827.143, 139
Trd, 4318827.693, 140
Trd, 4318828.193, 140
Trd, 4318829.493, 140
Trd, 4318830.293, 140
Trd, 4318830.343, 140
Trd, 4318831.343, 140
Trd, 4318831.843, 140
Trd, 4318832.593, 140
Trd, 4318832.943, 140
Trd, 4318833.243, 140
Trd, 4318834.093, 140
Trd, 4318834.343, 140
Trd, 4318834.593, 97
Trd, 4318836.193, 109
Trd, 4318836.343, 98
Trd, 4318837.143, 110
Trd, 4318837.443, 101
Trd, 4318839.893, 111
Trd, 4318840.543, 140
Trd, 4318840.593, 140
Trd, 4318841.643, 132
Trd, 4318842.143, 133
Trd, 4318842.843, 140
Trd, 4318844.193, 140
Trd, 4318845.243, 140
Trd, 4318845.693, 140
Trd, 4318845.793, 140
Trd, 4318846.643, 140
Trd, 4318846.993, 139
Trd, 4318847.893, 140
Trd, 4318848.593, 71
Trd, 4318849.493, 74
Trd, 4318849.993, 137
Trd, 4318851.443, 140
Trd, 4318852.393, 140
Trd, 4318852.543, 140
Trd, 4318852.593, 140
Trd, 4318854.093, 140
Trd, 4318854.943, 140
Trd, 4318856.193, 139
Trd, 4318856.443, 122
Trd, 4318857.093, 140
Trd, 4318857.393, 140
Trd, 4318857.743, 121
Trd, 4318859.443, 62
Trd, 4318860.243, 62
Trd, 4318861.643, 62
Trd, 4318863.193, 61
Trd, 4318863.743, 60
Trd, 4318864.493, 67
Trd, 4318866.043, 73
Trd, 4318866.093, 104
Trd, 4318866.843, 76
Trd, 4318867.643, 77
Trd, 4318868.193, 78
Trd, 4318868.743, 91
Trd, 4318868.793, 77
Trd, 4318869.543, 62
Trd, 4318870.343, 140
Trd, 4318870.493, 139
Trd, 4318871.093, 65
Trd, 4318872.543, 140
Trd, 4318872.643, 64
Trd, 4318873.843, 139
Trd, 4318874.493, 123
Trd, 4318875.643, 137
Trd, 4318875.743, 109
Trd, 4318877.893, 140
Trd, 4318878.093, 140
Trd, 4318878.193, 140
Trd, 4318878.593, 140
Trd, 4318880.043, 140
Trd, 4318880.143, 140
Trd, 4318880.693, 140
Trd, 4318880.893, 140
Trd, 4318881.843, 75
Trd, 4318882.743, 61
Trd, 4318883.693, 61
Trd, 4318884.443, 62
Trd, 4318885.443, 60
Trd, 4318885.493, 83
Trd, 4318887.093, 60
Trd, 4318890.093, 62
Trd, 4318890.393, 61
Trd, 4318890.493, 64
Trd, 4318891.243, 67
Trd, 4318892.093, 73
Trd, 4318892.843, 127
Trd, 4318893.643, 74
Trd, 4318895.493, 82
Trd, 4318895.593, 81
Trd, 4318896.443, 83
Trd, 4318896.693, 80
Trd, 4318898.393, 140
Trd, 4318898.443, 138
Trd, 4318900.343, 140
Trd, 4318901.043, 140
Trd, 4318901.243, 140
Trd, 4318901.443, 140
Trd, 4318902.243, 140
Trd, 4318903.543, 140
Trd, 4318905.193, 140
Trd, 4318905.293, 140
Trd, 4318905.593, 139
Trd, 4318905.893, 139
Trd, 4318906.643, 139
Trd, 4318907.693, 139
Trd, 4318907.743, 138
Trd, 4318909.343, 104
Trd, 4318909.693, 106
Trd, 4318910.393, 106
Trd, 4318910.543, 106
Trd, 4318910.593, 64
Trd, 4318911.743, 140
Trd, 4318912.293, 64
Trd, 4318914.493, 73
Trd, 4318915.243, 69
Trd, 4318915.893, 60
Trd, 4318917.393, 68
Trd, 4318917.593, 73
Trd, 4318917.743, 85
Trd, 4318918.693, 76
Trd, 4318919.093, 78
Trd, 4318919.843, 85
Trd, 4318920.243, 85
Trd, 4318921.193, 88
Trd, 4318921.493, 85
Trd, 4318921.893, 124
Trd, 4318922.393, 128
Trd, 4318923.043, 85
Trd, 4318924.243, 140
Trd, 4318924.593, 140
Trd, 4318925.393, 99
Trd, 4318926.193, 138
Trd, 4318926.693, 137
Trd, 4318927.043, 134
Trd, 4318927.593, 99
Trd, 4318927.993, 100
Trd, 4318928.093, 99
Trd, 4318929.393, 68
Trd, 4318929.643, 140
Trd, 4318930.793, 140
Trd, 4318931.443, 140
Trd, 4318932.193, 140
Trd, 4318933.143, 140
Trd, 4318933.543, 140
Trd, 4318933.993, 140
Trd, 4318934.793, 140
Trd, 4318935.343, 140
Trd, 4318935.593, 140
Trd, 4318936.493, 140
Trd, 4318937.893, 140
Trd, 4318938.593, 140
Trd, 4318938.743, 140
Trd, 4318939.243, 140
Trd, 4318939.793, 140
Trd, 4318941.593, 135
Trd, 4318942.393, 140
Trd, 4318943.143, 140
Trd, 4318943.793, 140
Trd, 4318944.343, 140
Trd, 4318944.743, 140
Trd, 4318944.993, 140
Trd, 4318945.043, 140
Trd, 4318945.793, 140
Trd, 4318946.293, 139
Trd, 4318946.593, 138
Trd, 4318946.893, 102
Trd, 4318948.343, 73
Trd, 4318948.893, 138
Trd, 4318949.793, 129
Trd, 4318950.493, 134
Trd, 4318951.393, 140
Trd, 4318951.593, 140
Trd, 4318951.943, 139
Trd, 4318951.993, 138
Trd, 4318952.593, 140
Trd, 4318952.843, 140
Trd, 4318955.043, 140
Trd, 4318956.293, 140
Trd, 4318956.893, 140
Trd, 4318957.243, 140
Trd, 4318957.293, 140
Trd, 4318957.743, 140
Trd, 4318959.393, 140
Trd, 4318959.743, 140
Trd, 4318960.493, 140
Trd, 4318961.043, 140
Trd, 4318963.493, 140
Trd, 4318963.643, 140
Trd, 4318964.043, 140
Trd, 4318964.493, 140
Trd, 4318965.093, 140
Trd, 4318965.293, 140
Trd, 4318965.793, 140
Trd, 4318967.843, 140
Trd, 4318968.043, 140
Trd, 4318968.093, 140
Trd, 4318968.143, 87
Trd, 4318968.543, 66
Trd, 4318969.943, 140
Trd, 4318970.543, 120
Trd, 4318970.643, 119
Trd, 4318971.543, 118
Trd, 4318971.643, 74
Trd, 4318973.143, 68
Trd, 4318974.443, 60
Trd, 4318975.443, 60
Trd, 4318977.893, 60
Trd, 4318980.643, 60
Trd, 4318980.693, 60
Trd, 4318980.743, 60
Trd, 4318981.043, 61
Trd, 4318981.443, 60
Trd, 4318982.143, 63
Trd, 4318982.843, 78
Trd, 4318983.043, 119
Trd, 4318983.243, 62
Trd, 4318983.343, 61
Trd, 4318984.993, 140
Trd, 4318986.243, 140
Trd, 4318986.293, 140
Trd, 4318987.043, 140
Trd, 4318987.193, 140
Trd, 4318987.693, 140
Trd, 4318987.793, 140
Trd, 4318988.143, 140
Trd, 4318990.893, 61
Trd, 4318992.593, 60
Trd, 4318994.593, 60
Trd, 4318994.843, 60
Trd, 4318995.893, 61
Trd, 4318996.293, 64
Trd, 4318996.743, 65
Trd, 4318996.893, 112
Trd, 4318998.593, 77
Trd, 4318999.543, 138
Trd, 4318999.643, 136
Trd, 4319000.143, 140
Trd, 4319000.493, 81
Trd, 4319001.493, 80
Trd, 4319002.093, 82
Trd, 4319003.593, 139
Trd, 4319003.993, 140
Trd, 4319004.843, 140
Trd, 4319005.393, 140
Trd, 4319005.993, 140
Trd, 4319006.943, 140
Trd, 4319006.993, 140
Trd, 4319009.393, 140
Trd, 4319009.443, 140
Trd, 4319009.643, 133
Trd, 4319010.243, 139
Trd, 4319011.743, 136
Trd, 4319012.493, 140
Trd, 4319013.343, 90
Trd, 4319013.693, 87
Trd, 4319013.993, 140
Trd, 4319014.143, 140
Trd, 4319014.843, 134
Trd, 4319016.543, 96
Trd, 4319017.093, 96
Trd, 4319017.193, 95
Trd, 4319018.093, 89
Trd, 4319019.243, 140
Trd, 4319019.893, 140
Trd, 4319020.343, 140
Trd, 4319021.193, 140
Trd, 4319021.393, 140
Trd, 4319021.593, 140
Trd, 4319022.193, 140
Trd, 4319022.543, 140
Trd, 4319022.793, 140
Trd, 4319025.193, 60
Trd, 4319025.543, 67
Trd, 4319026.043, 80
Trd, 4319026.693, 140
Trd, 4319027.743, 115
Trd, 4319028.443, 69
Trd, 4319030.493, 140
Trd, 4319030.943, 140
Trd, 4319031.093, 140
Trd, 4319031.293, 140
Trd, 4319031.693, 140
Trd, 4319031.893, 140
Trd, 4319032.893, 140
Trd, 4319033.043, 138
Trd, 4319034.143, 133
Trd, 4319035.243, 65
Trd, 4319035.943, 64
Trd, 4319036.343, 65
Trd, 4319036.393, 95
Trd, 4319039.243, 83
Trd, 4319039.343, 105
Trd, 4319039.393, 83
Trd, 4319039.893, 84
Trd, 4319040.743, 85
Trd, 4319041.243, 103
Trd, 4319041.543, 85
Trd, 4319042.193, 99
Trd, 4319042.293, 82
Trd, 4319043.543, 140
Trd, 4319043.743, 140
Trd, 4319044.093, 140
Trd, 4319046.443, 140
Trd, 4319046.843, 140
Trd, 4319047.143, 140
Trd, 4319047.993, 140
Trd, 4319048.793, 140
Trd, 4319050.293, 140
Trd, 4319051.193, 140
Trd, 4319051.443, 140
Trd, 4319052.843, 140
Trd, 4319052.993, 140
Trd, 4319054.343, 140
Trd, 4319054.943, 140
Trd, 4319056.443, 140
Trd, 4319056.793, 140
Trd, 4319058.593, 140
Trd, 4319059.993, 140
Trd, 4319060.393, 140
Trd, 4319061.043, 140
Trd, 4319061.993, 140
Trd, 4319062.293, 140
Trd, 4319063.343, 140
Trd, 4319064.293, 140
Trd, 4319065.093, 140
Trd, 4319065.393, 140
Trd, 4319065.743, 140
Trd, 4319066.943, 140
Trd, 4319067.193, 140
Trd, 4319067.393, 140
Trd, 4319067.643, 140
Trd, 4319068.243, 140
Trd, 4319068.893, 140
Trd, 4319068.993, 140
Trd, 4319070.543, 140
Trd, 4319070.993, 140
Trd, 4319071.143, 140
Trd, 4319071.643, 140
Trd, 4319072.443, 140
Trd, 4319074.893, 140
Trd, 4319075.543, 140
Trd, 4319075.743, 140
Trd, 4319076.243, 140
Trd, 4319077.793, 140
Trd, 4319078.193, 139
Trd, 4319079.093, 139
Trd, 4319079.193, 138
Trd, 4319079.243, 138
Trd, 4319079.693, 140
Trd, 4319080.843, 140
Trd, 4319083.693, 140
Trd, 4319083.843, 140
Trd, 4319084.343, 140
Trd, 4319085.393, 140
Trd, 4319085.893, 140
Trd, 4319086.043, 140
Trd, 4319087.493, 140
Trd, 4319088.893, 140
Trd, 4319089.193, 140
Trd, 4319090.243, 140
Trd, 4319090.693, 140
Trd, 4319090.993, 140
Trd, 4319092.643, 140
Trd, 4319092.693, 140
Trd, 4319092.743, 139
Trd, 4319093.443, 140
Trd, 4319094.343, 138
Trd, 4319095.343, 140
Trd, 4319095.393, 140
Trd, 4319096.293, 140
Trd, 4319096.643, 140
Trd, 4319096.693, 140
Trd, 4319098.793, 140
Trd, 4319099.143, 140
Trd, 4319099.593, 140
Trd, 4319100.143, 140
Trd, 4319100.543, 140
Trd, 4319100.743, 140
Trd, 4319102.243, 140
Trd, 4319103.393, 140
Trd, 4319104.343, 140
Trd, 4319104.643, 140
Trd, 4319105.593, 140
Trd, 4319105.643, 140
Trd, 4319106.393, 140
Trd, 4319106.543, 131
Trd, 4319107.743, 140
Trd, 4319108.143, 140
Trd, 4319110.143, 80
Trd, 4319110.293, 81
Trd, 4319111.393, 60
Trd, 4319111.543, 60
Trd, 4319113.243, 67
Trd, 4319113.693, 63
Trd, 4319115.343, 61
Trd, 4319116.093, 68
Trd, 4319116.893, 73
Trd, 4319117.143, 71
Trd, 4319118.043, 84
Trd, 4319118.743, 87
Trd, 4319119.793, 140
Trd, 4319120.593, 96
Trd, 4319120.893, 96
Trd, 4319121.443, 140
Trd, 4319121.943, 139
Trd, 4319122.343, 95
Trd, 4319123.493, 132
Trd, 4319125.293, 140
Trd, 4319126.393, 140
Trd, 4319127.343, 140
Trd, 4319127.593, 140
Trd, 4319129.393, 140
Trd, 4319130.343, 140
Trd, 4319130.743, 140
Trd, 4319131.743, 140
Trd, 4319131.843, 138
Trd, 4319131.943, 131
Trd, 4319132.143, 86
Trd, 4319134.243, 140
Trd, 4319134.943, 140
Trd, 4319134.993, 139
Trd, 4319135.693, 140
Trd, 4319137.243, 140
Trd, 4319137.893, 140
Trd, 4319137.943, 140
Trd, 4319138.543, 140
Trd, 4319139.693, 140
Trd, 4319140.793, 140
Trd, 4319141.943, 140
Trd, 4319142.043, 140
Trd, 4319143.843, 140
Trd, 4319143.893, 139
Trd, 4319144.643, 139
Trd, 4319145.093, 139
Trd, 4319145.543, 91
Trd, 4319145.793, 91
Trd, 4319146.543, 65
Trd, 4319148.343, 140
Trd, 4319148.593, 140
Trd, 4319148.793, 139
Trd, 4319149.293, 140
Trd, 4319149.493, 140
Trd, 4319151.693, 140
Trd, 4319153.143, 140
Trd, 4319153.843, 140
Trd, 4319154.143, 140
Trd, 4319156.043, 140
Trd, 4319156.143, 140
Trd, 4319158.293, 140
Trd, 4319158.343, 140
Trd, 4319158.443, 140
Trd, 4319158.493, 140
Trd, 4319158.743, 140
Trd, 4319159.843, 140
Trd, 4319160.643, 140
Trd, 4319161.443, 140
Trd, 4319161.643, 140
Trd, 4319161.793, 78
Trd, 4319162.293, 61
Trd, 4319164.893, 60
Trd, 4319166.843, 60
Trd, 4319168.193, 61
Trd, 4319168.743, 61
Trd, 4319168.843, 61
Trd, 4319168.893, 61
Trd, 4319169.943, 68
Trd, 4319170.243, 66
Trd, 4319171.343, 63
Trd, 4319171.543, 62
Trd, 4319172.743, 62
Trd, 4319172.843, 66
Trd, 4319174.843, 84
Trd, 4319174.893, 66
Trd, 4319175.143, 113
Trd, 4319175.943, 69
Trd, 4319176.193, 70
Trd, 4319176.793, 107
Trd, 4319178.443, 140
Trd, 4319179.243, 139
Trd, 4319179.893, 140
Trd, 4319180.143, 140
Trd, 4319180.543, 138
Trd, 4319180.793, 131
Trd, 4319182.293, 61
Trd, 4319182.543, 62
Trd, 4319183.343, 66
Trd, 4319185.793, 60
Trd, 4319185.893, 63
Trd, 4319187.293, 61
Trd, 4319188.993, 61
Trd, 4319190.693, 61
Trd, 4319191.993, 60
Trd, 4319192.043, 60
Trd, 4319192.493, 66
Trd, 4319193.093, 66
Trd, 4319193.143, 67
Trd, 4319193.743, 65
Trd, 4319194.393, 73
Trd, 4319194.693, 68
Trd, 4319194.793, 75
Trd, 4319195.593, 68
Trd, 4319196.893, 77
Trd, 4319198.193, 62
Trd, 4319198.893, 68
Trd, 4319201.993, 63
Trd, 4319204.493, 60
Trd, 4319204.843, 62
Trd, 4319205.043, 62
Trd, 4319205.543, 61
Trd, 4319206.243, 112
Trd, 4319207.393, 85
Trd, 4319207.493, 66
Trd, 4319208.343, 69
Trd, 4319208.743, 70
Trd, 4319210.043, 74
Trd, 4319210.193, 76
Trd, 4319210.593, 118
Trd, 4319212.793, 140
Trd, 4319213.643, 140
Trd, 4319213.693, 140
Trd, 4319213.843, 139
Trd, 4319214.543, 140
Trd, 4319214.893, 140
Trd, 4319215.343, 137
Trd, 4319215.593, 136
Trd, 4319216.593, 135
Trd, 4319216.943, 125
Trd, 4319217.143, 106
Trd, 4319217.493, 105
Trd, 4319218.193, 65
Trd, 4319218.443, 66
Trd, 4319220.893, 101
Trd, 4319221.593, 66
Trd, 4319221.943, 64
Trd, 4319223.343, 140
Trd, 4319223.443, 140
Trd, 4319223.643, 140
Trd, 4319225.793, 140
Trd, 4319225.943, 140
Trd, 4319226.443, 140
Trd, 4319226.493, 140
Trd, 4319227.743, 140
Trd, 4319228.693, 140
Trd, 4319229.293, 140
Trd, 4319231.993, 140
Trd, 4319232.293, 140
Trd, 4319233.443, 140
Trd, 4319234.343, 140
Trd, 4319236.043, 140
Trd, 4319236.443, 140
Trd, 4319236.943, 140
Trd, 4319237.643, 140
Trd, 4319238.243, 140
Trd, 4319239.343, 140
Trd, 4319239.543, 140
Trd, 4319240.143, 140
Trd, 4319240.543, 140
Trd, 4319242.193, 140
Trd, 4319243.843, 140
Trd, 4319244.243, 140
Trd, 4319244.643, 140
Trd, 4319244.693, 140
Trd, 4319244.893, 140
Trd, 4319246.593, 140
Trd, 4319247.043, 140
Trd, 4319247.843, 139
Trd, 4319248.393, 110
Trd, 4319249.943, 138
Trd, 4319250.093, 134
Trd, 4319250.443, 130
Trd, 4319250.893, 138
Trd, 4319251.743, 90
Trd, 4319252.443, 66
Trd, 4319254.143, 64
Trd, 4319256.193, 61
Trd, 4319256.493, 61
Trd, 4319257.093, 65
Trd, 4319257.493, 65
Trd, 4319257.543, 64
Trd, 4319258.093, 72
Trd, 4319258.393, 136
Trd, 4319259.343, 138
Trd, 4319260.793, 83
Trd, 4319261.643, 139
Trd, 4319262.743, 102
Trd, 4319262.993, 103
Trd, 4319263.243, 101
Trd, 4319264.043, 60
Trd, 4319265.093, 61
Trd, 4319266.343, 60
Trd, 4319267.843, 60
Trd, 4319268.193, 60
Trd, 4319268.443, 68
Trd, 4319269.843, 60
Trd, 4319271.793, 60
Trd, 4319271.993, 61
Trd, 4319273.143, 62
Trd, 4319274.443, 82
Trd, 4319276.793, 60
Trd, 4319277.393, 61
Trd, 4319277.543, 63
Trd, 4319277.643, 68
Trd, 4319278.843, 69
Trd, 4319278.943, 67
Trd, 4319279.043, 66
Trd, 4319279.543, 65
Trd, 4319281.493, 61
Trd, 4319282.043, 61
Trd, 4319284.643, 60
Trd, 4319284.893, 62
Trd, 4319286.893, 60
Trd, 4319287.143, 61
Trd, 4319288.743, 62
Trd, 4319289.093, 64
Trd, 4319289.193, 68
Trd, 4319289.843, 71
Trd, 4319290.893, 140
Trd, 4319291.043, 140
Trd, 4319291.893, 140
Trd, 4319292.743, 140
Trd, 4319293.643, 140
Trd, 4319295.443, 140
Trd, 4319295.593, 140
Trd, 4319296.593, 140
Trd, 4319296.693, 140
Trd, 4319297.243, 140
Trd, 4319297.793, 140
Trd, 4319298.093, 140
Trd, 4319299.043, 140
Trd, 4319299.243, 140
Trd, 4319299.393, 140
Trd, 4319299.843, 140
Trd, 4319301.343, 140
Trd, 4319302.143, 140
Trd, 4319302.193, 140
Trd, 4319302.243, 140
Trd, 4319303.743, 132
Trd, 4319303.793, 130
Trd, 4319304.893, 133
Trd, 4319306.143, 140
Trd, 4319306.393, 140
Trd, 4319306.593, 137
Trd, 4319307.893, 140
Trd, 4319308.843, 140
Trd, 4319308.993, 140
Trd, 4319310.193, 140
Trd, 4319310.493, 140
Trd, 4319310.743, 140
Trd, 4319311.993, 140
Trd, 4319312.643, 140
Trd, 4319312.793, 140
Trd, 4319313.093, 140
Trd, 4319313.993, 140
Trd, 4319315.093, 140
Trd, 4319315.893, 140
Trd, 4319316.193, 140
Trd, 4319317.943, 140
Trd, 4319318.243, 140
Trd, 4319318.693, 139
Trd, 4319319.493, 139
Trd, 4319319.743, 139
Trd, 4319321.943, 135
Trd, 4319322.493, 137
Trd, 4319322.593, 137
Trd, 4319323.543, 137
Trd, 4319323.943, 137
Trd, 4319325.243, 140
Trd, 4319325.443, 140
Trd, 4319326.393, 140
Trd, 4319326.593, 140
Trd, 4319326.743, 124
Trd, 4319327.643, 137
Trd, 4319329.093, 140
Trd, 4319329.743, 140
Trd, 4319329.893, 140
Trd, 4319330.043, 140
Trd, 4319331.443, 140
Trd, 4319331.843, 140
Trd, 4319332.493, 139
Trd, 4319333.343, 126
Trd, 4319334.293, 126
Trd, 4319334.643, 125
Trd, 4319336.643, 113
Trd, 4319337.143, 140
Trd, 4319337.393, 140
Trd, 4319338.493, 140
Trd, 4319339.193, 140
Trd, 4319339.243, 140
Trd, 4319339.993, 140
Trd, 4319340.593, 140
Trd, 4319341.093, 140
Trd, 4319341.493, 140
Trd, 4319341.593, 140
Trd, 4319343.343, 140
Trd, 4319343.993, 140
Trd, 4319344.743, 140
Trd, 4319345.643, 140
Trd, 4319346.543, 140
Trd, 4319346.993, 140
Trd, 4319347.743, 140
Trd, 4319348.943, 140
Trd, 4319349.043, 140
Trd, 4319349.843, 140
Trd, 4319350.893, 140
Trd, 4319351.043, 140
Trd, 4319351.443, 140
Trd, 4319351.993, 140
Trd, 4319354.043, 140
Trd, 4319354.793, 140
Trd, 4319356.193, 140
Trd, 4319356.993, 140
Trd, 4319358.243, 140
Trd, 4319358.743, 140
Trd, 4319358.843, 140
Trd, 4319359.293, 140
Trd, 4319359.593, 140
Trd, 4319360.543, 140
Trd, 4319361.493, 140
Trd, 4319362.243, 140
Trd, 4319363.143, 140
Trd, 4319363.193, 140
Trd, 4319363.443, 139
Trd, 4319363.793, 139
Trd, 4319364.293, 140
Trd, 4319364.493, 140
Trd, 4319365.193, 106
Trd, 4319365.243, 105
Trd, 4319365.793, 116
Trd, 4319366.843, 125
Trd, 4319368.843, 140
Trd, 4319369.143, 140
Trd, 4319369.593, 140
Trd, 4319371.193, 140
Trd, 4319371.793, 140
Trd, 4319371.843, 140
Trd, 4319372.393, 140
Trd, 4319372.993, 140
Trd, 4319374.793, 140
Trd, 4319374.943, 140
Trd, 4319375.593, 140
Trd, 4319377.393, 140
Trd, 4319377.443, 140
Trd, 4319378.143, 140
Trd, 4319378.443, 140
Trd, 4319378.943, 140
Trd, 4319380.293, 140
Trd, 4319380.893, 140
Trd, 4319381.093, 140
Trd, 4319381.993, 140
Trd, 4319382.093, 140
Trd, 4319382.493, 140
Trd, 4319382.543, 140
Trd, 4319383.643, 140
Trd, 4319383.793, 140
Trd, 4319384.843, 138
Trd, 4319387.393, 140
Trd, 4319387.743, 140
Trd, 4319388.493, 140
Trd, 4319388.593, 140
Trd, 4319388.743, 140
Trd, 4319388.943, 140
Trd, 4319389.293, 140
Trd, 4319390.343, 140
Trd, 4319390.843, 140
Trd, 4319391.293, 140
Trd, 4319394.093, 140
Trd, 4319394.443, 140
Trd, 4319395.243, 140
Trd, 4319395.443, 140
Trd, 4319396.543, 140
Trd, 4319396.993, 140
Trd, 4319397.643, 140
Trd, 4319399.193, 140
Trd, 4319399.293, 140
Trd, 4319399.343, 140
Trd, 4319400.643, 140
Trd, 4319400.793, 140
Trd, 4319402.393, 140
Trd, 4319402.643, 139
Trd, 4319403.743, 140
Trd, 4319403.943, 140
Trd, 4319404.543, 140
Trd, 4319407.043, 140
Trd, 4319407.843, 140
Trd, 4319408.093, 140
Trd, 4319408.443, 140
Trd, 4319408.643, 140
Trd, 4319409.193, 140
Trd, 4319409.393, 140
Trd, 4319410.293, 139
Trd, 4319411.493, 65
Trd, 4319413.193, 105
Trd, 4319413.243, 104
Trd, 4319414.493, 108
Trd, 4319415.443, 140
Trd, 4319415.843, 140
Trd, 4319417.543, 140
Trd, 4319417.943, 140
Trd, 4319417.993, 140
Trd, 4319418.943, 140
Trd, 4319419.793, 140
Trd, 4319420.393, 140
Trd, 4319421.043, 140
Trd, 4319421.393, 140
Trd, 4319421.543, 138
Trd, 4319422.643, 139
Trd, 4319423.393, 140
Trd, 4319423.543, 140
Trd, 4319425.143, 140
Trd, 4319425.993, 140
Trd, 4319426.143, 140
Trd, 4319426.343, 140
Trd, 4319428.143, 140
Trd, 4319428.843, 140
Trd, 4319430.293, 140
Trd, 4319430.793, 140
Trd, 4319431.143, 140
Trd, 4319431.643, 140
Trd, 4319431.743, 140
Trd, 4319432.393, 134
Trd, 4319434.743, 140
Trd, 4319434.943, 140
Trd, 4319435.143, 139
Trd, 4319435.343, 139
Trd, 4319437.143, 140
Trd, 4319437.693, 140
Trd, 4319437.993, 140
Trd, 4319438.343, 140
Trd, 4319439.093, 140
Trd, 4319439.543, 139
Trd, 4319439.793, 139
Trd, 4319440.693, 140
Trd, 4319441.543, 140
Trd, 4319443.843, 140
Trd, 4319444.843, 140
Trd, 4319444.943, 140
Trd, 4319445.093, 140
Trd, 4319445.243, 140
Trd, 4319445.643, 140
Trd, 4319446.293, 140
Trd, 4319446.443, 140
Trd, 4319446.543, 138
Trd, 4319446.693, 136
Trd, 4319448.543, 115
Trd, 4319449.643, 98
Trd, 4319450.093, 140
Trd, 4319450.743, 80
Trd, 4319451.143, 140
Trd, 4319452.993, 140
Trd, 4319453.493, 140
Trd, 4319454.293, 140
Trd, 4319454.343, 140
Trd, 4319454.643, 140
Trd, 4319455.043, 127
Trd, 4319457.343, 140
Trd, 4319457.493, 140
Trd, 4319457.743, 140
Trd, 4319459.793, 140
Trd, 4319460.043, 140
Trd, 4319460.493, 140
Trd, 4319460.793, 140
Trd, 4319461.143, 140
Trd, 4319461.493, 140
Trd, 4319463.393, 140
Trd, 4319463.643, 140
Trd, 4319463.793, 140
Trd, 4319464.393, 139
Trd, 4319465.443, 140
Trd, 4319465.543, 140
Trd, 4319466.443, 140
Trd, 4319466.943, 140
Trd, 4319468.643, 116
Trd, 4319470.193, 140
Trd, 4319470.343, 140
Trd, 4319470.843, 140
Trd, 4319471.393, 140
Trd, 4319471.793, 140
Trd, 4319473.493, 140
Trd, 4319474.543, 140
Trd, 4319475.143, 140
Trd, 4319475.293, 140
Trd, 4319475.343, 140
Trd, 4319476.343, 140
Trd, 4319478.443, 140
Trd, 4319478.493, 140
Trd, 4319479.743, 140
Trd, 4319479.843, 140
Trd, 4319481.043, 140
Trd, 4319481.343, 131
Trd, 4319481.543, 94
Trd, 4319482.593, 139
Trd, 4319484.643, 140
Trd, 4319485.143, 140
Trd, 4319485.343, 140
Trd, 4319485.693, 140
Trd, 4319486.193, 140
Trd, 4319486.393, 140
Trd, 4319487.043, 140
Trd, 4319487.543, 140
Trd, 4319487.943, 140
Trd, 4319488.393, 140
Trd, 4319489.693, 138
Trd, 4319489.743, 137
Trd, 4319490.693, 140
Trd, 4319491.343, 140
Trd, 4319493.893, 60
Trd, 4319494.043, 60
Trd, 4319495.793, 64
Trd, 4319495.943, 65
Trd, 4319496.043, 66
Trd, 4319498.293, 62
Trd, 4319499.243, 61
Trd, 4319499.443, 91
Trd, 4319500.493, 67
Trd, 4319500.693, 84
Trd, 4319501.343, 74
Trd, 4319501.593, 73
Trd, 4319502.643, 76
Trd, 4319503.943, 83
Trd, 4319504.193, 80
Trd, 4319504.293, 86
Trd, 4319504.993, 139
Trd, 4319506.593, 140
Trd, 4319508.143, 140
Trd, 4319508.693, 140
Trd, 4319509.493, 140
Trd, 4319510.493, 140
Trd, 4319511.043, 140
Trd, 4319511.093, 140
Trd, 4319512.293, 140
Trd, 4319512.993, 140
Trd, 4319514.843, 140
Trd, 4319515.643, 140
Trd, 4319515.993, 140
Trd, 4319516.093, 140
Trd, 4319516.293, 140
Trd, 4319517.343, 140
Trd, 4319517.743, 140
Trd, 4319518.293, 81
Trd, 4319518.643, 137
Trd, 4319519.193, 140
Trd, 4319520.043, 138
Trd, 4319520.193, 138
Trd, 4319520.693, 137
Trd, 4319522.493, 140
Trd, 4319523.743, 140
Trd, 4319524.793, 140
Trd, 4319525.443, 140
Trd, 4319526.043, 140
Trd, 4319526.143, 140
Trd, 4319526.743, 140
Trd, 4319527.093, 140
Trd, 4319527.343, 140
Trd, 4319528.743, 140
Trd, 4319528.993, 140
Trd, 4319529.243, 140
Trd, 4319530.193, 140
Trd, 4319530.243, 92
Trd, 4319530.943, 90
Trd, 4319532.943, 61
Trd, 4319533.293, 81
Trd, 4319533.943, 71
Trd, 4319534.243, 63
Trd, 4319534.843, 64
Trd, 4319535.393, 94
Trd, 4319535.793, 64
Trd, 4319536.643, 97
Trd, 4319537.943, 140
Trd, 4319538.643, 139
Trd, 4319538.993, 139
Trd, 4319539.243, 138
Trd, 4319540.443, 103
Trd, 4319544.143, 61
Trd, 4319544.393, 63
Trd, 4319545.293, 61
Trd, 4319546.493, 61
Trd, 4319546.593, 61
Trd, 4319546.793, 63
Trd, 4319547.443, 69
Trd, 4319548.243, 73
Trd, 4319548.493, 92
Trd, 4319549.043, 73
Trd, 4319549.943, 107
Trd, 4319550.193, 73
Trd, 4319552.543, 78
Trd, 4319553.193, 79
Trd, 4319553.243, 78
Trd, 4319554.143, 75
Trd, 4319554.643, 113
Trd, 4319555.043, 104
Trd, 4319555.743, 127
Trd, 4319556.743, 140
Trd, 4319557.943, 140
Trd, 4319557.993, 140
Trd, 4319558.543, 138
Trd, 4319558.943, 77
Trd, 4319560.693, 140
Trd, 4319560.843, 140
Trd, 4319561.593, 140
Trd, 4319561.843, 139
Trd, 4319562.693, 140
Trd, 4319563.043, 138
Trd, 4319564.443, 63
Trd, 4319565.393, 93
Trd, 4319566.143, 70
Trd, 4319567.593, 75
Trd, 4319567.793, 73
Trd, 4319568.093, 91
Trd, 4319568.243, 68
Trd, 4319570.243, 97
Trd, 4319570.793, 109
Trd, 4319571.493, 110
Trd, 4319571.643, 109
Trd, 4319572.543, 82
Trd, 4319573.993, 61
Trd, 4319574.993, 74
Trd, 4319575.193, 127
Trd, 4319576.543, 94
Trd, 4319577.193, 61
Trd, 4319577.343, 62
Trd, 4319578.193, 106
Trd, 4319578.643, 140
Trd, 4319578.893, 140
Trd, 4319580.743, 140
Trd, 4319581.293, 140
Trd, 4319582.193, 140
Trd, 4319582.393, 140
Trd, 4319583.043, 140
Trd, 4319583.193, 140
Trd, 4319583.343, 140
Trd, 4319583.693, 140
Trd, 4319585.243, 140
Trd, 4319586.493, 140
Trd, 4319587.643, 140
Trd, 4319587.893, 140
Trd, 4319588.143, 140
Trd, 4319588.293, 140
Trd, 4319588.843, 140
Trd, 4319588.893, 140
Trd, 4319589.543, 140
Trd, 4319591.293, 136
Trd, 4319591.443, 137
Trd, 4319591.643, 136
Trd, 4319592.043, 138
Trd, 4319592.393, 140
Trd, 4319592.543, 139
Trd, 4319594.293, 140
Trd, 4319595.493, 140
Trd, 4319596.543, 140
Trd, 4319596.743, 140
Trd, 4319597.193, 140
Trd, 4319597.743, 140
Trd, 4319598.093, 140
Trd, 4319598.993, 140
Trd, 4319600.043, 139
Trd, 4319601.143, 140
Trd, 4319601.593, 140
Trd, 4319602.243, 140
Trd, 4319602.493, 139
Trd, 4319602.793, 131
Trd, 4319604.293, 63
Trd, 4319604.643, 64
Trd, 4319605.343, 67
Trd, 4319606.293, 130
Trd, 4319606.393, 82
Trd, 4319606.943, 82
Trd, 4319606.993, 81
Trd, 4319608.143, 88
Trd, 4319608.593, 137
Trd, 4319609.393, 88
Trd, 4319610.043, 137
Trd, 4319610.143, 136
Trd, 4319611.343, 66
Trd, 4319612.643, 69
Trd, 4319613.543, 75
Trd, 4319614.243, 131
Trd, 4319615.043, 137
Trd, 4319615.443, 134
Trd, 4319616.443, 138
Trd, 4319616.793, 136
Trd, 4319617.793, 140
Trd, 4319619.143, 140
Trd, 4319620.293, 140
Trd, 4319620.543, 140
Trd, 4319621.143, 140
Trd, 4319622.093, 124
Trd, 4319623.043, 140
Trd, 4319624.943, 140
Trd, 4319625.143, 140
Trd, 4319625.293, 140
Trd, 4319625.843, 140
Trd, 4319626.543, 140
Trd, 4319627.343, 140
Trd, 4319628.343, 140
Trd, 4319628.643, 138
Trd, 4319629.693, 135
Trd, 4319629.993, 139
Trd, 4319630.343, 133
Trd, 4319630.393, 132
Trd, 4319630.893, 133
Trd, 4319631.743, 75
Trd, 4319632.993, 65
Trd, 4319633.293, 60
Trd, 4319633.993, 61
Trd, 4319634.743, 64
Trd, 4319634.793, 85
Trd, 4319635.793, 140
Trd, 4319636.293, 140
Trd, 4319636.493, 140
Trd, 4319638.593, 63
Trd, 4319638.793, 63
Trd, 4319641.643, 61
Trd, 4319641.843, 63
Trd, 4319641.943, 64
Trd, 4319642.743, 86
Trd, 4319643.693, 78
Trd, 4319643.793, 77
Trd, 4319643.993, 103
Trd, 4319644.743, 80
Trd, 4319644.943, 80
Trd, 4319645.743, 80
Trd, 4319646.343, 140
Trd, 4319646.743, 140
Trd, 4319646.793, 140
Trd, 4319648.043, 140
Trd, 4319648.943, 140
Trd, 4319649.193, 140
Trd, 4319651.293, 140
Trd, 4319652.243, 140
Trd, 4319652.293, 140
Trd, 4319652.943, 140
Trd, 4319653.293, 137
Trd, 4319653.493, 83
Trd, 4319654.393, 65
Trd, 4319655.393, 126
Trd, 4319657.043, 61
Trd, 4319657.943, 61
Trd, 4319658.793, 60
Trd, 4319658.893, 61
Trd, 4319659.093, 62
Trd, 4319661.243, 61
Trd, 4319662.393, 63
Trd, 4319662.843, 64
Trd, 4319663.243, 62
Trd, 4319663.943, 67
Trd, 4319664.443, 84
Trd, 4319665.093, 140
Trd, 4319665.243, 140
Trd, 4319665.893, 140
Trd, 4319666.143, 140
Trd, 4319667.293, 113
Trd, 4319668.493, 122
Trd, 4319670.143, 140
Trd, 4319670.693, 140
Trd, 4319671.143, 140
Trd, 4319671.643, 140
Trd, 4319672.043, 139
Trd, 4319673.293, 60
Trd, 4319673.593, 61
Trd, 4319675.043, 72
Trd, 4319676.293, 72
Trd, 4319676.393, 88
Trd, 4319677.943, 62
Trd, 4319679.493, 62
Trd, 4319680.243, 60
Trd, 4319680.643, 60
Trd, 4319681.643, 67
Trd, 4319681.943, 67
Trd, 4319682.843, 71
Trd, 4319684.343, 140
Trd, 4319684.643, 140
Trd, 4319686.393, 140
Trd, 4319687.493, 140
Trd, 4319687.693, 140
Trd, 4319688.043, 140
Trd, 4319688.843, 140
Trd, 4319688.943, 140
Trd, 4319688.993, 140
Trd, 4319690.193, 140
Trd, 4319691.393, 140
Trd, 4319691.943, 140
Trd, 4319692.393, 140
Trd, 4319692.593, 128
Trd, 4319694.043, 140
Trd, 4319694.393, 140
Trd, 4319695.343, 140
Trd, 4319696.793, 140
Trd, 4319696.993, 140
Trd, 4319698.193, 140
Trd, 4319698.843, 140
Trd, 4319700.793, 140
Trd, 4319700.893, 140
Trd, 4319701.443, 140
Trd, 4319702.543, 140
Trd, 4319702.643, 140
Trd, 4319704.143, 140
Trd, 4319705.043, 140
Trd, 4319706.343, 140
Trd, 4319706.543, 137
Trd, 4319707.043, 136
Trd, 4319707.193, 135
Trd, 4319708.243, 137
Trd, 4319708.893, 138
Trd, 4319708.943, 137
Trd, 4319709.643, 138
Trd, 4319711.093, 140
Trd, 4319712.193, 140
Trd, 4319712.243, 140
Trd, 4319713.443, 140
Trd, 4319713.743, 140
Trd, 4319714.493, 140
Trd, 4319714.993, 140
Trd, 4319715.143, 139
Trd, 4319715.193, 77
Trd, 4319717.293, 126
Trd, 4319718.343, 89
Trd, 4319719.843, 61
Trd, 4319720.543, 60
Trd, 4319721.693, 94
Trd, 4319721.943, 114
Trd, 4319723.043, 63
Trd, 4319723.343, 60
Trd, 4319723.943, 63
Trd, 4319724.793, 63
Trd, 4319726.243, 103
Trd, 4319726.993, 140
Trd, 4319727.793, 140
Trd, 4319728.993, 140
Trd, 4319729.593, 140
Trd, 4319731.193, 140
Trd, 4319732.093, 140
Trd, 4319732.143, 140
Trd, 4319732.643, 140
Trd, 4319732.743, 140
Trd, 4319734.043, 140
Trd, 4319734.143, 140
Trd, 4319734.943, 140
Trd, 4319735.843, 140
Trd, 4319736.543, 140
Trd, 4319736.693, 140
Trd, 4319737.243, 140
Trd, 4319737.693, 140
Trd, 4319737.843, 140
Trd, 4319739.443, 140
Trd, 4319739.543, 140
Trd, 4319739.593, 140
Trd, 4319740.043, 140
Trd, 4319740.943, 139
Trd, 4319741.943, 71
Trd, 4319743.543, 110
Trd, 4319743.843, 110
Trd, 4319744.193, 108
Trd, 4319745.543, 65
Trd, 4319746.843, 67
Trd, 4319747.493, 62
Trd, 4319751.393, 61
Trd, 4319751.693, 62
Trd, 4319751.843, 64
Trd, 4319751.943, 74
Trd, 4319752.393, 65
Trd, 4319752.443, 63
Trd, 4319752.843, 84
Trd, 4319752.943, 74
Trd, 4319754.493, 71
Trd, 4319755.993, 65
Trd, 4319756.493, 61
Trd, 4319757.193, 73
Trd, 4319758.843, 68
Trd, 4319759.543, 71
Trd, 4319759.643, 70
Trd, 4319760.093, 71
Trd, 4319760.143, 70
Trd, 4319760.893, 140
Trd, 4319761.343, 127
Trd, 4319761.393, 95
Trd, 4319763.143, 60
Trd, 4319763.343, 60
Trd, 4319764.243, 60
Trd, 4319767.593, 67
Trd, 4319768.693, 60
Trd, 4319768.993, 61
Trd, 4319769.643, 62
Trd, 4319770.593, 66
Trd, 4319771.193, 68
Trd, 4319771.443, 69
Trd, 4319771.493, 68
Trd, 4319771.943, 85
Trd, 4319773.343, 80
Trd, 4319773.543, 107
Trd, 4319773.943, 80
Trd, 4319774.743, 89
Trd, 4319774.843, 80
Trd, 4319776.493, 140
Trd, 4319776.643, 136
Trd, 4319777.393, 140
Trd, 4319777.643, 140
Trd, 4319778.893, 110
Trd, 4319779.593, 61
Trd, 4319780.943, 60
Trd, 4319782.743, 89
Trd, 4319783.743, 85
Trd, 4319785.093, 61
Trd, 4319785.193, 63
Trd, 4319785.693, 64
Trd, 4319786.243, 67
Trd, 4319786.343, 108
Trd, 4319787.643, 139
Trd, 4319788.093, 140
Trd, 4319788.143, 140
Trd, 4319788.393, 140
Trd, 4319789.793, 140
Trd, 4319791.493, 140
Trd, 4319792.293, 140
Trd, 4319792.343, 140
Trd, 4319793.943, 140
Trd, 4319794.093, 140
Trd, 4319794.593, 140
Trd, 4319795.243, 140
Trd, 4319796.793, 140
Trd, 4319797.193, 140
Trd, 4319797.493, 140
Trd, 4319799.343, 140
Trd, 4319800.093, 140
Trd, 4319800.343, 140
Trd, 4319800.943, 140
Trd, 4319801.593, 140
Trd, 4319802.293, 140
Trd, 4319803.693, 140
Trd, 4319803.843, 140
Trd, 4319804.743, 140
Trd, 4319805.343, 140
Trd, 4319805.493, 140
Trd, 4319806.643, 140
Trd, 4319807.093, 140
Trd, 4319807.193, 140
Trd, 4319808.393, 140
Trd, 4319808.843, 140
Trd, 4319810.093, 140
Trd, 4319810.443, 140
Trd, 4319810.793, 140
Trd, 4319812.093, 140
Trd, 4319812.343, 140
Trd, 4319812.743, 140
Trd, 4319814.043, 139
Trd, 4319814.393, 133
Trd, 4319814.543, 132
Trd, 4319815.243, 131
Trd, 4319816.743, 140
Trd, 4319817.093, 140
Trd, 4319817.393, 138
Trd, 4319818.293, 104
Trd, 4319818.393, 109
Trd, 4319819.443, 110
Trd, 4319821.543, 140
Trd, 4319821.793, 140
Trd, 4319821.943, 115
Trd, 4319822.243, 132
Trd, 4319822.593, 117
Trd, 4319823.043, 118
Trd, 4319823.893, 118
Trd, 4319824.393, 120
Trd, 4319824.543, 63
Trd, 4319825.543, 102
Trd, 4319827.493, 140
Trd, 4319827.843, 140
Trd, 4319828.393, 140
Trd, 4319828.493, 140
Trd, 4319829.493, 140
Trd, 4319829.843, 140
Trd, 4319830.343, 140
Trd, 4319831.293, 140
Trd, 4319833.543, 140
Trd, 4319834.593, 140
Trd, 4319835.043, 140
Trd, 4319835.843, 140
Trd, 4319836.293, 140
Trd, 4319836.543, 140
Trd, 4319837.993, 140
Trd, 4319838.943, 140
Trd, 4319839.043, 140
Trd, 4319839.143, 137
Trd, 4319839.543, 103
Trd, 4319841.343, 140
Trd, 4319842.543, 140
Trd, 4319843.343, 140
Trd, 4319843.393, 140
Trd, 4319844.343, 140
Trd, 4319844.643, 140
Trd, 4319846.243, 140
Trd, 4319847.693, 140
Trd, 4319848.093, 140
Trd, 4319848.543, 140
Trd, 4319849.493, 140
Trd, 4319850.443, 140
Trd, 4319850.643, 140
Trd, 4319850.693, 140
Trd, 4319852.893, 140
Trd, 4319853.043, 140
Trd, 4319853.693, 140
Trd, 4319853.743, 140
Trd, 4319854.293, 140
Trd, 4319855.743, 140
Trd, 4319856.443, 140
Trd, 4319856.843, 140
Trd, 4319857.843, 138
Trd, 4319858.093, 139
Trd, 4319858.343, 139
Trd, 4319858.443, 138
Trd, 4319859.693, 140
Trd, 4319859.843, 122
Trd, 4319859.993, 101
Trd, 4319861.143, 140
Trd, 4319861.693, 140
Trd, 4319863.193, 140
Trd, 4319864.093, 140
Trd, 4319864.393, 140
Trd, 4319866.043, 140
Trd, 4319866.593, 140
Trd, 4319867.543, 140
Trd, 4319867.593, 140
Trd, 4319868.093, 140
Trd, 4319868.393, 140
Trd, 4319868.693, 140
Trd, 4319869.293, 140
Trd, 4319870.043, 140
Trd, 4319870.593, 140
Trd, 4319871.893, 140
Trd, 4319872.893, 140
Trd, 4319873.043, 140
Trd, 4319873.143, 138
Trd, 4319873.693, 140
Trd, 4319874.793, 140
Trd, 4319875.393, 140
Trd, 4319876.093, 140
Trd, 4319877.593, 140
Trd, 4319879.243, 140
Trd, 4319880.193, 140
Trd, 4319880.443, 140
Trd, 4319880.893, 140
Trd, 4319881.743, 140
Trd, 4319883.793, 140
Trd, 4319883.993, 140
Trd, 4319884.293, 140
Trd, 4319885.193, 140
Trd, 4319886.043, 140
Trd, 4319886.643, 140
Trd, 4319887.093, 140
Trd, 4319887.943, 140
Trd, 4319889.893, 140
Trd, 4319891.093, 140
Trd, 4319891.143, 140
Trd, 4319892.293, 140
Trd, 4319892.693, 140
Trd, 4319892.743, 140
Trd, 4319893.243, 140
Trd, 4319893.593, 140
Trd, 4319893.843, 140
Trd, 4319894.793, 140
Trd, 4319895.693, 140
Trd, 4319897.643, 140
Trd, 4319898.043, 140
Trd, 4319898.493, 140
Trd, 4319899.493, 137
Trd, 4319900.843, 140
Trd, 4319901.193, 140
Trd, 4319901.643, 140
Trd, 4319902.293, 140
Trd, 4319902.493, 140
Trd, 4319902.793, 138
Trd, 4319903.743, 135
Trd, 4319907.143, 140
Trd, 4319907.193, 140
Trd, 4319907.493, 140
Trd, 4319909.093, 140
Trd, 4319909.943, 140
Trd, 4319910.143, 140
Trd, 4319910.393, 139
Trd, 4319911.843, 140
Trd, 4319913.493, 140
Trd, 4319913.593, 140
Trd, 4319913.643, 140
Trd, 4319914.743, 140
Trd, 4319914.993, 140
Trd, 4319915.793, 140
Trd, 4319916.793, 140
Trd, 4319917.293, 140
Trd, 4319917.943, 140
Trd, 4319918.093, 139
Trd, 4319918.393, 106
Trd, 4319918.593, 126
Trd, 4319920.643, 140
Trd, 4319921.043, 140
Trd, 4319921.793, 140
Trd, 4319922.093, 140
Trd, 4319922.293, 93
Trd, 4319923.043, 109
Trd, 4319924.243, 139
Trd, 4319924.593, 138
Trd, 4319928.493, 60
Trd, 4319929.093, 60
Trd, 4319929.243, 60
Trd, 4319929.343, 60
Trd, 4319929.893, 74
Trd, 4319931.693, 140
Trd, 4319932.593, 140
Trd, 4319933.493, 140
Trd, 4319934.543, 140
Trd, 4319934.593, 140
Trd, 4319934.693, 140
Trd, 4319934.943, 140
Trd, 4319935.093, 102
Trd, 4319935.343, 131
Trd, 4319936.643, 135
Trd, 4319937.643, 135
Trd, 4319937.793, 134
Trd, 4319937.943, 132
Trd, 4319939.293, 82
Trd, 4319939.343, 81
Trd, 4319939.793, 79
Trd, 4319941.143, 140
Trd, 4319942.043, 140
Trd, 4319942.093, 140
Trd, 4319943.193, 136
Trd, 4319944.843, 140
Trd, 4319945.493, 140
Trd, 4319945.693, 140
Trd, 4319946.893, 140
Trd, 4319947.843, 140
Trd, 4319948.343, 140
Trd, 4319948.493, 140
Trd, 4319948.793, 139
Trd, 4319949.343, 138
Trd, 4319949.943, 140
Trd, 4319950.243, 139
Trd, 4319950.793, 104
Trd, 4319951.293, 105
Trd, 4319953.293, 140
Trd, 4319954.493, 140
Trd, 4319955.343, 140
Trd, 4319955.893, 140
Trd, 4319956.393, 140
Trd, 4319957.543, 140
Trd, 4319957.993, 140
Trd, 4319958.543, 140
Trd, 4319959.793, 140
Trd, 4319960.193, 140
Trd, 4319960.693, 140
Trd, 4319962.093, 140
Trd, 4319962.593, 140
Trd, 4319963.693, 140
Trd, 4319963.843, 140
Trd, 4319963.943, 140
Trd, 4319965.793, 140
Trd, 4319965.843, 140
Trd, 4319966.743, 140
Trd, 4319966.893, 140
Trd, 4319968.893, 140
Trd, 4319969.593, 140
Trd, 4319969.793, 140
Trd, 4319969.843, 138
Trd, 4319969.993, 81
Trd, 4319970.693, 140
Trd, 4319971.193, 81
Trd, 4319973.443, 140
Trd, 4319974.493, 140
Trd, 4319974.993, 140
Trd, 4319975.493, 140
Trd, 4319977.143, 140
Trd, 4319977.193, 140
Trd, 4319979.043, 140
Trd, 4319979.343, 140
Trd, 4319979.643, 140
Trd, 4319981.693, 140
Trd, 4319982.143, 140
Trd, 4319982.243, 140
Trd, 4319982.393, 140
Trd, 4319983.493, 139
Trd, 4319984.893, 86
Trd, 4319985.793, 105
Trd, 4319985.843, 88
Trd, 4319987.193, 134
Trd, 4319988.093, 93
Trd, 4319988.443, 91
Trd, 4319988.843, 83
Trd, 4319988.893, 82
Trd, 4319989.193, 120
Trd, 4319992.593, 60
Trd, 4319993.693, 60
Trd, 4319994.193, 62
Trd, 4319994.843, 66
Trd, 4319997.893, 60
Trd, 4319998.093, 60
Trd, 4319998.693, 61
Trd, 4319999.093, 73
Trd, 4319999.543, 78
