Trd, 4318182.693, 62
Trd, 4318183.443, 60
Trd, 4318184.393, 79
Trd, 4318185.493, 62
Trd, 4318185.643, 61
Trd, 4318186.243, 60
Trd, 4318186.543, 60
Trd, 4318187.393, 61
Trd, 4318189.243, 60
Trd, 4318190.043, 60
Trd, 4318190.743, 60
Trd, 4318191.043, 61
Trd, 4318191.193, 78
Trd, 4318191.593, 61
Trd, 4318192.643, 61
Trd, 4318193.843, 70
Trd, 4318195.193, 62
Trd, 4318195.443, 60
Trd, 4318195.943, 60
Trd, 4318196.293, 61
Trd, 4318196.993, 67
Trd, 4318197.243, 85
Trd, 4318197.543, 134
Trd, 4318197.793, 125
Trd, 4318198.343, 78
Trd, 4318199.593, 64
Trd, 4318199.843, 68
Trd, 4318200.343, 139
Trd, 4318201.443, 60
Trd, 4318202.243, 64
Trd, 4318202.343, 72
Trd, 4318203.593, 68
Trd, 4318204.393, 60
Trd, 4318204.643, 62
Trd, 4318205.243, 64
Trd, 4318205.793, 77
Trd, 4318206.493, 85
Trd, 4318206.893, 66
Trd, 4318207.393, 80
Trd, 4318208.043, 140
Trd, 4318208.243, 66
Trd, 4318208.993, 66
Trd, 4318209.043, 66
Trd, 4318209.943, 138
Trd, 4318210.293, 129
Trd, 4318210.793, 118
Trd, 4318212.093, 108
Trd, 4318212.593, 140
Trd, 4318212.893, 115
Trd, 4318213.093, 140
Trd, 4318213.343, 86
Trd, 4318215.943, 64
Trd, 4318217.993, 60
Trd, 4318218.143, 62
Trd, 4318218.693, 61
Trd, 4318220.193, 60
Trd, 4318220.393, 64
Trd, 4318222.393, 60
Trd, 4318222.993, 60
Trd, 4318223.343, 67
Trd, 4318223.443, 88
Trd, 4318223.493, 67
Trd, 4318223.893, 71
Trd, 4318223.993, 73
Trd, 4318224.593, 60
Trd, 4318225.193, 133
Trd, 4318226.343, 108
Trd, 4318226.593, 107
Trd, 4318227.843, 61
Trd, 4318228.893, 61
Trd, 4318229.143, 64
Trd, 4318229.193, 65
Trd, 4318230.543, 64
Trd, 4318230.843, 83
Trd, 4318231.393, 117
Trd, 4318231.743, 116
Trd, 4318232.193, 138
Trd, 4318234.043, 117
Trd, 4318234.893, 105
Trd, 4318235.393, 104
Trd, 4318235.593, 97
Trd, 4318236.193, 110
Trd, 4318236.393, 87
Trd, 4318237.443, 140
Trd, 4318238.493, 138
Trd, 4318238.593, 137
Trd, 4318238.793, 129
Trd, 4318239.993, 108
Trd, 4318240.243, 102
Trd, 4318240.993, 140
Trd, 4318242.493, 61
Trd, 4318242.543, 63
Trd, 4318243.193, 63
Trd, 4318244.143, 101
Trd, 4318244.793, 106
Trd, 4318245.593, 138
Trd, 4318245.743, 104
Trd, 4318246.193, 93
Trd, 4318246.443, 108
Trd, 4318247.493, 67
Trd, 4318248.043, 65
Trd, 4318249.593, 64
Trd, 4318251.343, 124
Trd, 4318251.593, 120
Trd, 4318251.693, 108
Trd, 4318252.143, 60
Trd, 4318252.393, 65
Trd, 4318253.093, 128
Trd, 4318253.743, 138
Trd, 4318253.843, 130
Trd, 4318253.943, 140
Trd, 4318255.743, 61
Trd, 4318256.243, 61
Trd, 4318257.043, 81
Trd, 4318258.043, 60
Trd, 4318259.043, 61
Trd, 4318259.593, 64
Trd, 4318259.843, 134
Trd, 4318260.943, 62
Trd, 4318261.393, 140
Trd, 4318262.343, 62
Trd, 4318263.593, 60
Trd, 4318265.743, 61
Trd, 4318265.943, 63
Trd, 4318266.393, 69
Trd, 4318266.543, 80
Trd, 4318266.943, 95
Trd, 4318268.193, 80
Trd, 4318268.943, 112
Trd, 4318269.243, 70
Trd, 4318269.643, 140
Trd, 4318270.343, 140
Trd, 4318271.093, 135
Trd, 4318271.293, 130
Trd, 4318272.193, 121
Trd, 4318272.343, 113
Trd, 4318273.843, 62
Trd, 4318274.743, 100
Trd, 4318275.743, 140
Trd, 4318275.793, 138
Trd, 4318276.593, 140
Trd, 4318276.693, 130
Trd, 4318277.043, 129
Trd, 4318277.543, 116
Trd, 4318278.193, 140
Trd, 4318278.793, 112
Trd, 4318279.193, 106
Trd, 4318279.443, 112
Trd, 4318279.843, 137
Trd, 4318280.843, 140
Trd, 4318281.243, 121
Trd, 4318282.043, 69
Trd, 4318282.193, 76
Trd, 4318282.343, 82
Trd, 4318284.743, 136
Trd, 4318284.793, 74
Trd, 4318285.043, 70
Trd, 4318285.493, 120
Trd, 4318286.293, 124
Trd, 4318286.393, 123
Trd, 4318286.443, 113
Trd, 4318288.243, 129
Trd, 4318288.293, 109
Trd, 4318288.343, 108
Trd, 4318289.593, 70
Trd, 4318289.793, 60
Trd, 4318290.093, 60
Trd, 4318291.293, 60
Trd, 4318291.693, 61
Trd, 4318292.643, 138
Trd, 4318293.343, 60
Trd, 4318293.543, 72
Trd, 4318294.893, 60
Trd, 4318295.593, 60
Trd, 4318297.193, 60
Trd, 4318297.843, 62
Trd, 4318298.893, 68
Trd, 4318299.643, 63
Trd, 4318299.793, 64
Trd, 4318300.593, 61
Trd, 4318300.993, 63
Trd, 4318301.093, 71
Trd, 4318301.743, 60
Trd, 4318302.543, 136
Trd, 4318302.743, 134
Trd, 4318303.843, 67
Trd, 4318304.793, 61
Trd, 4318305.043, 62
Trd, 4318306.943, 61
Trd, 4318307.043, 64
Trd, 4318307.693, 64
Trd, 4318308.493, 61
Trd, 4318308.543, 61
Trd, 4318308.793, 61
Trd, 4318309.943, 63
Trd, 4318310.643, 67
Trd, 4318310.943, 62
Trd, 4318312.593, 64
Trd, 4318312.843, 66
Trd, 4318313.393, 60
Trd, 4318313.493, 108
Trd, 4318314.193, 61
Trd, 4318314.643, 60
Trd, 4318315.193, 88
Trd, 4318315.993, 137
Trd, 4318316.693, 113
Trd, 4318316.793, 101
Trd, 4318317.143, 65
Trd, 4318318.093, 61
Trd, 4318318.293, 80
Trd, 4318319.343, 107
Trd, 4318321.043, 60
Trd, 4318322.093, 62
Trd, 4318323.993, 62
Trd, 4318324.593, 60
Trd, 4318325.193, 62
Trd, 4318325.393, 64
Trd, 4318325.843, 61
Trd, 4318326.843, 61
Trd, 4318328.043, 65
Trd, 4318328.893, 61
Trd, 4318328.993, 61
Trd, 4318329.093, 64
Trd, 4318329.843, 60
Trd, 4318331.693, 63
Trd, 4318331.743, 70
Trd, 4318332.843, 78
Trd, 4318332.943, 77
Trd, 4318332.993, 73
Trd, 4318333.543, 70
Trd, 4318333.943, 114
Trd, 4318334.143, 122
Trd, 4318334.993, 88
Trd, 4318335.193, 71
Trd, 4318336.493, 140
Trd, 4318337.993, 60
Trd, 4318338.693, 60
Trd, 4318339.393, 61
Trd, 4318339.593, 62
Trd, 4318340.393, 61
Trd, 4318341.493, 60
Trd, 4318341.843, 62
Trd, 4318342.543, 66
Trd, 4318343.393, 61
Trd, 4318343.743, 63
Trd, 4318344.993, 83
Trd, 4318345.043, 81
Trd, 4318345.743, 138
Trd, 4318346.193, 121
Trd, 4318346.293, 97
Trd, 4318346.943, 62
Trd, 4318347.043, 70
Trd, 4318348.293, 122
Trd, 4318348.343, 95
Trd, 4318349.593, 132
Trd, 4318349.743, 115
Trd, 4318350.143, 69
Trd, 4318350.743, 67
Trd, 4318351.193, 71
Trd, 4318351.693, 65
Trd, 4318353.693, 60
Trd, 4318354.443, 63
Trd, 4318355.543, 62
Trd, 4318356.293, 61
Trd, 4318356.493, 65
Trd, 4318356.993, 60
Trd, 4318357.293, 60
Trd, 4318357.393, 60
Trd, 4318359.393, 61
Trd, 4318360.493, 60
Trd, 4318361.843, 61
Trd, 4318362.193, 61
Trd, 4318362.843, 65
Trd, 4318363.243, 62
Trd, 4318363.543, 62
Trd, 4318363.793, 64
Trd, 4318363.843, 108
Trd, 4318365.043, 62
Trd, 4318365.493, 67
Trd, 4318366.143, 69
Trd, 4318367.743, 61
Trd, 4318368.443, 66
Trd, 4318368.543, 69
Trd, 4318369.043, 66
Trd, 4318369.243, 64
Trd, 4318369.443, 61
Trd, 4318369.543, 118
Trd, 4318369.693, 69
Trd, 4318371.193, 64
Trd, 4318371.593, 60
Trd, 4318372.193, 89
Trd, 4318372.943, 61
Trd, 4318373.593, 73
Trd, 4318373.993, 79
Trd, 4318374.543, 64
Trd, 4318375.393, 81
Trd, 4318376.293, 117
Trd, 4318376.843, 112
Trd, 4318378.343, 132
Trd, 4318378.543, 123
Trd, 4318378.843, 111
Trd, 4318379.693, 104
Trd, 4318380.043, 106
Trd, 4318381.293, 139
Trd, 4318381.493, 135
Trd, 4318381.543, 107
Trd, 4318381.593, 98
Trd, 4318382.293, 123
Trd, 4318383.093, 132
Trd, 4318383.443, 116
Trd, 4318384.243, 140
Trd, 4318384.443, 138
Trd, 4318384.843, 137
Trd, 4318385.643, 90
Trd, 4318385.793, 60
Trd, 4318386.043, 126
Trd, 4318387.743, 66
Trd, 4318388.393, 63
Trd, 4318388.843, 70
Trd, 4318389.543, 66
Trd, 4318389.843, 137
Trd, 4318390.143, 106
Trd, 4318390.343, 99
Trd, 4318391.043, 98
Trd, 4318391.843, 94
Trd, 4318391.993, 60
Trd, 4318392.493, 110
Trd, 4318392.993, 120
Trd, 4318394.243, 72
Trd, 4318394.493, 64
Trd, 4318396.243, 67
Trd, 4318396.893, 139
Trd, 4318396.993, 134
Trd, 4318397.743, 137
Trd, 4318397.793, 108
Trd, 4318397.843, 98
Trd, 4318399.293, 60
Trd, 4318399.543, 68
Trd, 4318399.743, 92
Trd, 4318400.893, 60
Trd, 4318401.843, 64
Trd, 4318402.643, 61
Trd, 4318403.343, 62
Trd, 4318404.193, 64
Trd, 4318404.643, 61
Trd, 4318405.243, 63
Trd, 4318405.743, 67
Trd, 4318406.393, 133
Trd, 4318406.643, 131
Trd, 4318406.693, 122
Trd, 4318407.143, 131
Trd, 4318408.193, 136
Trd, 4318408.243, 106
Trd, 4318408.893, 101
Trd, 4318410.393, 139
Trd, 4318411.043, 130
Trd, 4318411.543, 97
Trd, 4318412.593, 61
Trd, 4318412.693, 63
Trd, 4318413.193, 132
Trd, 4318414.793, 66
Trd, 4318415.393, 67
Trd, 4318416.443, 68
Trd, 4318416.893, 61
Trd, 4318418.543, 62
Trd, 4318419.143, 65
Trd, 4318420.043, 60
Trd, 4318420.243, 61
Trd, 4318421.143, 66
Trd, 4318421.243, 67
Trd, 4318421.543, 62
Trd, 4318421.793, 65
Trd, 4318422.393, 62
Trd, 4318422.543, 60
Trd, 4318423.443, 62
Trd, 4318423.943, 70
Trd, 4318425.293, 62
Trd, 4318426.093, 62
Trd, 4318426.743, 67
Trd, 4318427.393, 62
Trd, 4318427.593, 66
Trd, 4318427.843, 63
Trd, 4318428.293, 68
Trd, 4318429.143, 130
Trd, 4318429.993, 60
Trd, 4318430.343, 64
Trd, 4318431.243, 76
Trd, 4318432.993, 134
Trd, 4318433.043, 125
Trd, 4318433.243, 72
Trd, 4318433.393, 62
Trd, 4318433.793, 73
Trd, 4318434.493, 69
Trd, 4318434.893, 140
Trd, 4318436.493, 140
Trd, 4318437.143, 133
Trd, 4318438.093, 126
Trd, 4318438.193, 117
Trd, 4318438.793, 97
Trd, 4318439.543, 78
Trd, 4318439.993, 104
Trd, 4318440.593, 138
Trd, 4318440.993, 140
Trd, 4318442.293, 77
Trd, 4318442.393, 88
Trd, 4318442.843, 67
Trd, 4318444.043, 139
Trd, 4318444.093, 96
Trd, 4318445.043, 130
Trd, 4318445.743, 129
Trd, 4318446.393, 99
Trd, 4318447.143, 75
Trd, 4318447.493, 130
Trd, 4318447.893, 112
Trd, 4318448.143, 97
Trd, 4318449.993, 139
Trd, 4318450.243, 139
Trd, 4318450.593, 131
Trd, 4318451.493, 139
Trd, 4318451.793, 117
Trd, 4318452.493, 140
Trd, 4318452.943, 80
Trd, 4318453.193, 65
Trd, 4318454.593, 62
Trd, 4318455.343, 63
Trd, 4318455.693, 117
Trd, 4318455.843, 109
Trd, 4318456.793, 140
Trd, 4318457.093, 128
Trd, 4318457.293, 126
Trd, 4318458.143, 70
Trd, 4318459.143, 71
Trd, 4318459.393, 112
Trd, 4318460.543, 71
Trd, 4318460.843, 66
Trd, 4318460.943, 85
Trd, 4318461.143, 139
Trd, 4318462.093, 66
Trd, 4318463.143, 60
Trd, 4318463.193, 61
Trd, 4318463.593, 102
Trd, 4318464.243, 66
Trd, 4318464.843, 124
Trd, 4318465.343, 102
Trd, 4318467.593, 139
Trd, 4318467.643, 130
Trd, 4318468.043, 127
Trd, 4318468.343, 77
Trd, 4318468.643, 76
Trd, 4318470.293, 116
Trd, 4318470.593, 136
Trd, 4318470.793, 136
Trd, 4318471.243, 115
Trd, 4318471.443, 107
Trd, 4318473.093, 60
Trd, 4318473.543, 64
Trd, 4318475.193, 96
Trd, 4318475.493, 121
Trd, 4318477.493, 138
Trd, 4318478.643, 139
Trd, 4318479.393, 134
Trd, 4318479.643, 129
Trd, 4318480.543, 126
Trd, 4318480.893, 122
Trd, 4318481.043, 113
Trd, 4318481.393, 108
Trd, 4318481.543, 103
Trd, 4318481.693, 72
Trd, 4318482.693, 60
Trd, 4318483.393, 62
Trd, 4318483.793, 139
Trd, 4318485.643, 63
Trd, 4318485.693, 63
Trd, 4318486.393, 65
Trd, 4318486.943, 70
Trd, 4318488.243, 60
Trd, 4318488.893, 62
Trd, 4318489.093, 62
Trd, 4318489.593, 60
Trd, 4318489.743, 61
Trd, 4318490.243, 64
Trd, 4318490.493, 67
Trd, 4318492.693, 63
Trd, 4318494.043, 98
Trd, 4318494.243, 97
Trd, 4318494.543, 140
Trd, 4318495.293, 137
Trd, 4318496.243, 140
Trd, 4318497.193, 125
Trd, 4318497.393, 139
Trd, 4318497.593, 122
Trd, 4318498.843, 116
Trd, 4318499.193, 88
Trd, 4318499.393, 84
Trd, 4318500.193, 119
Trd, 4318500.243, 110
Trd, 4318500.593, 115
Trd, 4318501.743, 75
Trd, 4318502.643, 140
Trd, 4318502.743, 137
Trd, 4318503.193, 82
Trd, 4318503.543, 60
Trd, 4318505.043, 115
Trd, 4318505.593, 108
Trd, 4318506.443, 138
Trd, 4318506.893, 107
Trd, 4318507.343, 102
Trd, 4318507.543, 75
Trd, 4318507.793, 73
Trd, 4318508.243, 105
Trd, 4318509.393, 74
Trd, 4318510.393, 140
Trd, 4318510.893, 134
Trd, 4318511.793, 116
Trd, 4318511.843, 115
Trd, 4318512.993, 139
Trd, 4318513.443, 94
Trd, 4318514.643, 139
Trd, 4318515.743, 107
Trd, 4318515.943, 104
Trd, 4318516.043, 102
Trd, 4318516.143, 89
Trd, 4318516.543, 112
Trd, 4318516.943, 103
Trd, 4318518.943, 140
Trd, 4318519.593, 133
Trd, 4318519.793, 124
Trd, 4318520.443, 135
Trd, 4318520.993, 134
Trd, 4318521.393, 111
Trd, 4318521.493, 60
Trd, 4318522.843, 140
Trd, 4318523.093, 127
Trd, 4318523.593, 114
Trd, 4318523.693, 139
Trd, 4318524.543, 60
Trd, 4318524.793, 63
Trd, 4318526.293, 60
Trd, 4318527.993, 60
Trd, 4318528.743, 63
Trd, 4318529.343, 62
Trd, 4318529.743, 61
Trd, 4318530.143, 140
Trd, 4318530.643, 116
Trd, 4318531.443, 101
Trd, 4318531.893, 103
Trd, 4318532.193, 99
Trd, 4318532.393, 96
Trd, 4318532.593, 83
Trd, 4318534.143, 65
Trd, 4318534.243, 60
Trd, 4318534.643, 76
Trd, 4318535.943, 113
Trd, 4318536.543, 111
Trd, 4318537.693, 109
Trd, 4318538.293, 60
Trd, 4318538.543, 61
Trd, 4318539.493, 140
Trd, 4318539.593, 106
Trd, 4318540.593, 102
Trd, 4318540.643, 86
Trd, 4318543.143, 61
Trd, 4318543.593, 62
Trd, 4318544.143, 66
Trd, 4318544.743, 61
Trd, 4318544.843, 66
Trd, 4318546.193, 70
Trd, 4318546.343, 138
Trd, 4318546.643, 99
Trd, 4318546.893, 74
Trd, 4318547.643, 74
Trd, 4318548.443, 61
Trd, 4318548.493, 61
Trd, 4318548.593, 114
Trd, 4318549.293, 138
Trd, 4318549.643, 114
Trd, 4318551.593, 139
Trd, 4318552.593, 135
Trd, 4318552.843, 128
Trd, 4318553.093, 74
Trd, 4318553.393, 62
Trd, 4318554.493, 99
Trd, 4318555.143, 106
Trd, 4318555.693, 101
Trd, 4318556.443, 60
Trd, 4318556.693, 77
Trd, 4318557.543, 60
Trd, 4318557.793, 60
Trd, 4318559.593, 67
Trd, 4318559.643, 64
Trd, 4318560.643, 69
Trd, 4318561.743, 140
Trd, 4318562.343, 134
Trd, 4318562.493, 133
Trd, 4318562.643, 106
Trd, 4318564.293, 60
Trd, 4318565.093, 61
Trd, 4318565.643, 63
Trd, 4318565.743, 69
Trd, 4318566.193, 138
Trd, 4318567.043, 71
Trd, 4318567.443, 71
Trd, 4318567.743, 70
Trd, 4318568.193, 60
Trd, 4318569.643, 138
Trd, 4318569.843, 137
Trd, 4318570.843, 126
Trd, 4318571.443, 104
Trd, 4318571.943, 89
Trd, 4318572.793, 116
Trd, 4318573.443, 100
Trd, 4318573.693, 64
Trd, 4318574.243, 138
Trd, 4318574.393, 136
Trd, 4318574.593, 127
Trd, 4318575.893, 140
Trd, 4318576.193, 77
Trd, 4318577.893, 62
Trd, 4318578.243, 64
Trd, 4318578.343, 73
Trd, 4318579.893, 70
Trd, 4318580.593, 65
Trd, 4318582.393, 61
Trd, 4318582.493, 62
Trd, 4318582.993, 137
Trd, 4318583.343, 60
Trd, 4318584.093, 61
Trd, 4318584.243, 65
Trd, 4318586.093, 65
Trd, 4318586.443, 60
Trd, 4318587.443, 138
Trd, 4318587.693, 132
Trd, 4318588.143, 62
Trd, 4318589.843, 64
Trd, 4318590.643, 62
Trd, 4318591.443, 69
Trd, 4318592.493, 137
Trd, 4318592.843, 75
Trd, 4318592.993, 73
Trd, 4318593.943, 118
Trd, 4318594.793, 61
Trd, 4318595.493, 140
Trd, 4318595.743, 139
Trd, 4318595.893, 137
Trd, 4318596.443, 111
Trd, 4318597.393, 63
Trd, 4318597.643, 82
Trd, 4318599.143, 139
Trd, 4318599.193, 130
Trd, 4318599.693, 71
Trd, 4318600.893, 62
Trd, 4318600.943, 63
Trd, 4318602.243, 114
Trd, 4318602.293, 61
Trd, 4318603.193, 85
Trd, 4318604.193, 139
Trd, 4318605.193, 104
Trd, 4318605.443, 99
Trd, 4318606.493, 140
Trd, 4318606.793, 75
Trd, 4318607.043, 113
Trd, 4318607.943, 111
Trd, 4318608.993, 138
Trd, 4318609.193, 134
Trd, 4318609.243, 78
Trd, 4318609.293, 73
Trd, 4318611.543, 140
Trd, 4318612.543, 137
Trd, 4318612.693, 137
Trd, 4318612.843, 103
Trd, 4318614.893, 132
Trd, 4318615.443, 137
Trd, 4318616.043, 135
Trd, 4318616.343, 136
Trd, 4318617.043, 134
Trd, 4318617.293, 129
Trd, 4318617.443, 126
Trd, 4318617.643, 122
Trd, 4318618.343, 103
Trd, 4318618.493, 77
Trd, 4318619.543, 62
Trd, 4318621.393, 60
Trd, 4318621.543, 61
Trd, 4318622.793, 60
Trd, 4318623.543, 64
Trd, 4318623.593, 70
Trd, 4318624.393, 127
Trd, 4318624.543, 106
Trd, 4318625.193, 131
Trd, 4318625.343, 95
Trd, 4318626.593, 135
Trd, 4318626.843, 140
Trd, 4318627.093, 123
Trd, 4318628.543, 106
Trd, 4318629.193, 106
Trd, 4318629.343, 99
Trd, 4318629.543, 98
Trd, 4318629.743, 88
Trd, 4318629.793, 83
Trd, 4318630.193, 138
Trd, 4318632.043, 101
Trd, 4318633.643, 138
Trd, 4318633.743, 129
Trd, 4318634.093, 122
Trd, 4318634.543, 121
Trd, 4318634.993, 108
Trd, 4318635.443, 140
Trd, 4318635.693, 71
Trd, 4318637.243, 139
Trd, 4318637.893, 135
Trd, 4318638.243, 139
Trd, 4318638.793, 131
Trd, 4318639.793, 118
Trd, 4318640.493, 117
Trd, 4318640.643, 117
Trd, 4318641.393, 139
Trd, 4318641.693, 137
Trd, 4318641.843, 129
Trd, 4318643.443, 136
Trd, 4318644.143, 87
Trd, 4318644.343, 86
Trd, 4318644.443, 80
Trd, 4318645.393, 102
Trd, 4318645.493, 80
Trd, 4318645.843, 80
Trd, 4318646.443, 114
Trd, 4318647.793, 78
Trd, 4318648.343, 139
Trd, 4318649.443, 124
Trd, 4318649.543, 115
Trd, 4318651.143, 139
Trd, 4318651.243, 130
Trd, 4318652.393, 97
Trd, 4318653.293, 61
Trd, 4318653.343, 120
Trd, 4318653.693, 63
Trd, 4318654.393, 135
Trd, 4318654.643, 126
Trd, 4318654.893, 139
Trd, 4318655.943, 128
Trd, 4318656.293, 112
Trd, 4318656.893, 132
Trd, 4318657.793, 136
Trd, 4318658.143, 140
Trd, 4318658.293, 127
Trd, 4318659.743, 64
Trd, 4318660.043, 62
Trd, 4318660.593, 60
Trd, 4318660.693, 74
Trd, 4318662.143, 60
Trd, 4318662.543, 61
Trd, 4318662.693, 62
Trd, 4318663.143, 69
Trd, 4318664.443, 61
Trd, 4318665.943, 61
Trd, 4318666.193, 63
Trd, 4318666.443, 64
Trd, 4318668.443, 63
Trd, 4318669.243, 62
Trd, 4318669.443, 63
Trd, 4318670.543, 64
Trd, 4318670.893, 63
Trd, 4318671.193, 67
Trd, 4318671.643, 63
Trd, 4318672.243, 74
Trd, 4318672.593, 82
Trd, 4318673.593, 113
Trd, 4318674.043, 126
Trd, 4318674.343, 121
Trd, 4318674.743, 117
Trd, 4318675.843, 109
Trd, 4318676.093, 138
Trd, 4318676.243, 92
Trd, 4318677.193, 136
Trd, 4318677.643, 132
Trd, 4318677.893, 119
Trd, 4318679.143, 95
Trd, 4318679.743, 71
Trd, 4318679.893, 70
Trd, 4318681.443, 111
Trd, 4318681.693, 133
Trd, 4318682.193, 127
Trd, 4318682.343, 118
Trd, 4318683.593, 65
Trd, 4318683.993, 63
Trd, 4318684.543, 70
Trd, 4318685.993, 61
Trd, 4318686.493, 137
Trd, 4318687.443, 133
Trd, 4318688.293, 137
Trd, 4318688.593, 121
Trd, 4318689.193, 107
Trd, 4318689.643, 140
Trd, 4318689.893, 107
Trd, 4318690.793, 135
Trd, 4318691.043, 130
Trd, 4318692.243, 138
Trd, 4318693.093, 132
Trd, 4318693.143, 128
Trd, 4318693.843, 140
Trd, 4318693.993, 125
Trd, 4318694.993, 140
Trd, 4318695.293, 74
Trd, 4318696.193, 60
Trd, 4318697.443, 117
Trd, 4318697.593, 116
Trd, 4318697.843, 64
Trd, 4318698.143, 139
Trd, 4318699.643, 138
Trd, 4318699.743, 128
Trd, 4318700.193, 113
Trd, 4318701.243, 70
Trd, 4318701.693, 60
Trd, 4318702.443, 118
Trd, 4318703.343, 116
Trd, 4318703.743, 116
Trd, 4318703.893, 115
Trd, 4318704.943, 138
Trd, 4318706.243, 137
Trd, 4318706.893, 139
Trd, 4318707.343, 125
Trd, 4318707.693, 75
Trd, 4318708.793, 71
Trd, 4318708.843, 69
Trd, 4318709.193, 90
Trd, 4318710.293, 90
Trd, 4318710.593, 89
Trd, 4318710.793, 77
Trd, 4318711.143, 76
Trd, 4318711.643, 72
Trd, 4318712.943, 139
Trd, 4318713.493, 129
Trd, 4318713.543, 123
Trd, 4318713.743, 120
Trd, 4318714.943, 108
Trd, 4318714.993, 92
Trd, 4318715.693, 68
Trd, 4318716.293, 125
Trd, 4318718.093, 63
Trd, 4318718.393, 96
Trd, 4318719.043, 63
Trd, 4318720.493, 65
Trd, 4318721.143, 69
Trd, 4318721.443, 60
Trd, 4318721.643, 73
Trd, 4318722.143, 140
Trd, 4318722.993, 113
Trd, 4318723.193, 112
Trd, 4318723.993, 140
Trd, 4318725.193, 64
Trd, 4318725.243, 66
Trd, 4318725.743, 139
Trd, 4318726.443, 139
Trd, 4318727.043, 133
Trd, 4318728.493, 140
Trd, 4318728.743, 97
Trd, 4318729.193, 139
Trd, 4318729.443, 119
Trd, 4318730.143, 118
Trd, 4318731.243, 110
Trd, 4318731.343, 106
Trd, 4318731.543, 99
Trd, 4318731.843, 139
Trd, 4318732.793, 66
Trd, 4318734.493, 62
Trd, 4318735.943, 65
Trd, 4318735.993, 94
Trd, 4318736.593, 60
Trd, 4318736.643, 72
Trd, 4318737.343, 130
Trd, 4318737.693, 72
Trd, 4318738.243, 140
Trd, 4318738.843, 140
Trd, 4318739.443, 127
Trd, 4318740.393, 121
Trd, 4318741.543, 105
Trd, 4318741.643, 106
Trd, 4318741.793, 104
Trd, 4318741.893, 105
Trd, 4318742.993, 117
Trd, 4318743.843, 140
Trd, 4318744.293, 132
Trd, 4318744.393, 108
Trd, 4318745.093, 137
Trd, 4318745.793, 128
Trd, 4318746.143, 60
Trd, 4318747.443, 65
Trd, 4318747.593, 74
Trd, 4318747.943, 62
Trd, 4318748.493, 82
Trd, 4318749.743, 68
Trd, 4318750.543, 128
Trd, 4318750.743, 126
Trd, 4318751.193, 111
Trd, 4318752.343, 117
Trd, 4318752.893, 103
Trd, 4318753.893, 139
Trd, 4318754.043, 103
Trd, 4318754.393, 102
Trd, 4318755.343, 111
Trd, 4318755.493, 100
Trd, 4318755.643, 95
Trd, 4318756.593, 140
Trd, 4318757.143, 100
Trd, 4318757.443, 96
Trd, 4318758.393, 137
Trd, 4318759.393, 140
Trd, 4318759.443, 128
Trd, 4318760.043, 136
Trd, 4318760.943, 114
Trd, 4318761.993, 140
Trd, 4318762.443, 103
Trd, 4318763.843, 140
Trd, 4318764.293, 138
Trd, 4318764.343, 130
Trd, 4318764.843, 87
Trd, 4318766.143, 138
Trd, 4318766.293, 128
Trd, 4318766.493, 110
Trd, 4318767.093, 111
Trd, 4318767.143, 106
Trd, 4318767.943, 63
Trd, 4318769.093, 61
Trd, 4318769.293, 62
Trd, 4318770.693, 134
Trd, 4318770.743, 132
Trd, 4318770.793, 127
Trd, 4318772.443, 138
Trd, 4318772.593, 138
Trd, 4318772.643, 128
Trd, 4318774.243, 139
Trd, 4318775.243, 137
Trd, 4318775.943, 128
Trd, 4318776.593, 140
Trd, 4318776.943, 137
Trd, 4318777.243, 89
Trd, 4318778.443, 140
Trd, 4318779.093, 139
Trd, 4318780.093, 119
Trd, 4318780.343, 128
Trd, 4318780.543, 107
Trd, 4318780.743, 63
Trd, 4318781.543, 140
Trd, 4318782.243, 110
Trd, 4318782.643, 61
Trd, 4318783.893, 62
Trd, 4318784.743, 63
Trd, 4318785.743, 65
Trd, 4318786.543, 61
Trd, 4318787.043, 62
Trd, 4318787.643, 62
Trd, 4318788.243, 60
Trd, 4318788.443, 63
Trd, 4318789.193, 140
Trd, 4318790.693, 64
Trd, 4318790.843, 64
Trd, 4318792.343, 60
Trd, 4318792.493, 61
Trd, 4318793.593, 61
Trd, 4318793.843, 61
Trd, 4318794.193, 62
Trd, 4318795.293, 61
Trd, 4318795.743, 64
Trd, 4318796.093, 67
Trd, 4318796.643, 67
Trd, 4318798.193, 109
Trd, 4318798.393, 108
Trd, 4318799.693, 137
Trd, 4318799.893, 94
Trd, 4318800.493, 71
Trd, 4318801.143, 118
Trd, 4318801.293, 110
Trd, 4318801.343, 110
Trd, 4318801.643, 109
Trd, 4318802.093, 80
Trd, 4318802.643, 88
Trd, 4318803.593, 91
Trd, 4318805.493, 60
Trd, 4318805.943, 61
Trd, 4318807.993, 60
Trd, 4318808.093, 60
Trd, 4318809.093, 65
Trd, 4318809.393, 65
Trd, 4318810.193, 62
Trd, 4318811.243, 140
Trd, 4318811.793, 139
Trd, 4318811.843, 121
Trd, 4318811.993, 63
Trd, 4318813.043, 64
Trd, 4318813.393, 64
Trd, 4318814.343, 64
Trd, 4318814.743, 97
Trd, 4318815.743, 60
Trd, 4318816.993, 61
Trd, 4318817.143, 63
Trd, 4318817.643, 73
Trd, 4318818.643, 74
Trd, 4318819.093, 114
Trd, 4318820.343, 118
Trd, 4318820.893, 140
Trd, 4318821.093, 115
Trd, 4318821.543, 111
Trd, 4318822.143, 104
Trd, 4318822.943, 139
Trd, 4318823.843, 140
Trd, 4318824.093, 135
Trd, 4318824.743, 137
Trd, 4318824.943, 83
Trd, 4318825.493, 66
Trd, 4318827.043, 61
Trd, 4318827.243, 70
Trd, 4318827.743, 69
Trd, 4318828.643, 101
Trd, 4318830.693, 140
Trd, 4318831.043, 140
Trd, 4318831.643, 128
Trd, 4318831.693, 110
Trd, 4318831.893, 110
Trd, 4318832.093, 80
Trd, 4318832.243, 65
Trd, 4318833.443, 61
Trd, 4318833.593, 63
Trd, 4318835.043, 61
Trd, 4318835.393, 60
Trd, 4318835.443, 64
Trd, 4318837.593, 108
Trd, 4318837.643, 104
Trd, 4318837.743, 102
Trd, 4318837.943, 130
Trd, 4318838.443, 138
Trd, 4318839.043, 117
Trd, 4318840.143, 65
Trd, 4318840.793, 72
Trd, 4318842.143, 62
Trd, 4318842.943, 62
Trd, 4318843.293, 65
Trd, 4318843.643, 61
Trd, 4318843.943, 96
Trd, 4318844.343, 105
Trd, 4318844.793, 137
Trd, 4318845.243, 129
Trd, 4318845.993, 71
Trd, 4318846.593, 120
Trd, 4318847.943, 125
Trd, 4318847.993, 119
Trd, 4318849.543, 61
Trd, 4318849.943, 64
Trd, 4318851.593, 64
Trd, 4318851.643, 71
Trd, 4318852.293, 140
Trd, 4318852.743, 135
Trd, 4318853.193, 125
Trd, 4318853.393, 75
Trd, 4318854.743, 140
Trd, 4318855.893, 116
Trd, 4318856.143, 140
Trd, 4318856.493, 121
Trd, 4318856.793, 136
Trd, 4318857.093, 114
Trd, 4318857.193, 119
Trd, 4318858.743, 110
Trd, 4318858.943, 94
Trd, 4318859.143, 129
Trd, 4318859.493, 89
Trd, 4318860.143, 80
Trd, 4318860.293, 79
Trd, 4318861.393, 140
Trd, 4318862.243, 118
Trd, 4318862.343, 137
Trd, 4318863.743, 135
Trd, 4318864.293, 131
Trd, 4318864.643, 119
Trd, 4318864.743, 114
Trd, 4318866.043, 127
Trd, 4318866.943, 130
Trd, 4318867.343, 139
Trd, 4318867.443, 130
Trd, 4318867.793, 136
Trd, 4318867.993, 116
Trd, 4318869.343, 139
Trd, 4318869.443, 138
Trd, 4318869.543, 138
Trd, 4318870.543, 140
Trd, 4318871.943, 139
Trd, 4318872.143, 137
Trd, 4318872.643, 130
Trd, 4318873.743, 125
Trd, 4318873.993, 125
Trd, 4318874.343, 125
Trd, 4318874.843, 106
Trd, 4318875.093, 86
Trd, 4318875.843, 85
Trd, 4318875.993, 138
Trd, 4318876.943, 97
Trd, 4318877.043, 96
Trd, 4318878.093, 60
Trd, 4318879.643, 140
Trd, 4318880.693, 136
Trd, 4318881.193, 136
Trd, 4318881.743, 140
Trd, 4318882.343, 140
Trd, 4318882.693, 137
Trd, 4318882.843, 130
Trd, 4318884.543, 63
Trd, 4318884.843, 136
Trd, 4318885.643, 127
Trd, 4318885.993, 140
Trd, 4318886.093, 99
Trd, 4318887.043, 98
Trd, 4318888.243, 120
Trd, 4318888.493, 140
Trd, 4318889.543, 121
Trd, 4318889.693, 117
Trd, 4318890.343, 111
Trd, 4318890.793, 107
Trd, 4318891.643, 115
Trd, 4318891.943, 103
Trd, 4318892.593, 96
Trd, 4318892.793, 86
Trd, 4318893.043, 85
Trd, 4318893.243, 85
Trd, 4318894.243, 136
Trd, 4318896.193, 137
Trd, 4318896.343, 94
Trd, 4318897.343, 139
Trd, 4318897.693, 106
Trd, 4318898.443, 104
Trd, 4318898.543, 102
Trd, 4318898.943, 110
Trd, 4318899.343, 78
Trd, 4318900.043, 139
Trd, 4318900.543, 132
Trd, 4318900.643, 131
Trd, 4318900.793, 129
Trd, 4318901.843, 64
Trd, 4318904.043, 67
Trd, 4318904.493, 135
Trd, 4318905.193, 123
Trd, 4318905.543, 113
Trd, 4318906.043, 60
Trd, 4318906.743, 60
Trd, 4318907.193, 60
Trd, 4318907.843, 64
Trd, 4318908.793, 134
Trd, 4318909.493, 61
Trd, 4318909.993, 116
Trd, 4318910.593, 139
Trd, 4318910.793, 71
Trd, 4318911.943, 124
Trd, 4318912.243, 77
Trd, 4318912.343, 71
Trd, 4318914.043, 64
Trd, 4318914.193, 121
Trd, 4318914.743, 127
Trd, 4318916.043, 83
Trd, 4318916.093, 79
Trd, 4318916.593, 105
Trd, 4318916.793, 98
Trd, 4318917.493, 139
Trd, 4318917.543, 137
Trd, 4318918.093, 114
Trd, 4318918.793, 75
Trd, 4318919.393, 132
Trd, 4318921.693, 60
Trd, 4318922.493, 62
Trd, 4318922.593, 63
Trd, 4318923.143, 90
Trd, 4318923.343, 115
Trd, 4318923.693, 133
Trd, 4318924.293, 136
Trd, 4318926.293, 132
Trd, 4318926.893, 140
Trd, 4318927.243, 129
Trd, 4318927.443, 128
Trd, 4318928.043, 125
Trd, 4318928.293, 120
Trd, 4318929.343, 135
Trd, 4318929.743, 101
Trd, 4318931.193, 60
Trd, 4318931.593, 69
Trd, 4318932.443, 62
Trd, 4318932.743, 67
Trd, 4318933.543, 62
Trd, 4318933.943, 71
Trd, 4318934.143, 121
Trd, 4318934.743, 136
Trd, 4318936.443, 137
Trd, 4318936.593, 135
Trd, 4318936.693, 128
Trd, 4318937.643, 139
Trd, 4318938.293, 129
Trd, 4318938.393, 89
Trd, 4318938.843, 79
Trd, 4318939.643, 123
Trd, 4318940.193, 97
Trd, 4318941.143, 63
Trd, 4318942.693, 140
Trd, 4318943.243, 106
Trd, 4318943.293, 106
Trd, 4318943.743, 113
Trd, 4318944.043, 97
Trd, 4318944.993, 106
Trd, 4318946.043, 123
Trd, 4318946.843, 139
Trd, 4318947.593, 63
Trd, 4318947.993, 61
Trd, 4318948.643, 60
Trd, 4318949.193, 62
Trd, 4318949.943, 135
Trd, 4318950.593, 79
Trd, 4318951.793, 140
Trd, 4318951.993, 137
Trd, 4318952.393, 122
Trd, 4318953.393, 60
Trd, 4318953.593, 64
Trd, 4318953.693, 64
Trd, 4318954.843, 60
Trd, 4318955.493, 66
Trd, 4318956.593, 106
Trd, 4318956.643, 99
Trd, 4318957.593, 100
Trd, 4318958.493, 94
Trd, 4318958.843, 93
Trd, 4318959.143, 86
Trd, 4318960.493, 104
Trd, 4318960.743, 134
Trd, 4318960.943, 63
Trd, 4318961.843, 60
Trd, 4318962.143, 63
Trd, 4318963.343, 72
Trd, 4318964.043, 61
Trd, 4318964.243, 61
Trd, 4318965.243, 137
Trd, 4318965.693, 135
Trd, 4318966.143, 129
Trd, 4318966.743, 130
Trd, 4318967.393, 64
Trd, 4318967.543, 65
Trd, 4318968.393, 125
Trd, 4318969.193, 129
Trd, 4318969.443, 120
Trd, 4318970.093, 60
Trd, 4318970.593, 139
Trd, 4318971.143, 60
Trd, 4318971.893, 62
Trd, 4318972.393, 62
Trd, 4318973.943, 60
Trd, 4318975.693, 60
Trd, 4318975.943, 61
Trd, 4318976.993, 62
Trd, 4318977.193, 66
Trd, 4318978.243, 136
Trd, 4318978.743, 132
Trd, 4318979.793, 127
Trd, 4318979.943, 119
Trd, 4318980.643, 119
Trd, 4318981.143, 113
Trd, 4318981.693, 72
Trd, 4318982.043, 73
Trd, 4318983.343, 124
Trd, 4318983.443, 117
Trd, 4318984.193, 87
Trd, 4318984.493, 140
Trd, 4318985.093, 139
Trd, 4318985.793, 65
Trd, 4318985.943, 69
Trd, 4318986.093, 64
Trd, 4318986.143, 107
Trd, 4318986.493, 100
Trd, 4318987.693, 61
Trd, 4318988.393, 61
Trd, 4318988.593, 94
Trd, 4318988.843, 63
Trd, 4318990.293, 65
Trd, 4318990.843, 61
Trd, 4318991.843, 139
Trd, 4318993.043, 60
Trd, 4318993.893, 60
Trd, 4318994.293, 69
Trd, 4318994.443, 67
Trd, 4318994.893, 67
Trd, 4318995.393, 68
Trd, 4318996.493, 66
Trd, 4318996.743, 61
Trd, 4318997.693, 62
Trd, 4318997.843, 66
Trd, 4318998.793, 61
Trd, 4319000.493, 62
Trd, 4319001.043, 64
Trd, 4319001.093, 73
Trd, 4319002.543, 64
Trd, 4319002.643, 72
Trd, 4319003.293, 73
Trd, 4319003.843, 61
Trd, 4319004.993, 140
Trd, 4319005.193, 127
Trd, 4319006.043, 113
Trd, 4319006.193, 109
Trd, 4319006.343, 68
Trd, 4319007.893, 61
Trd, 4319008.193, 92
Trd, 4319008.843, 66
Trd, 4319009.693, 105
Trd, 4319010.343, 100
Trd, 4319010.893, 60
Trd, 4319012.143, 60
Trd, 4319012.343, 68
Trd, 4319012.693, 62
Trd, 4319013.193, 92
Trd, 4319013.893, 122
Trd, 4319016.143, 138
Trd, 4319016.343, 137
Trd, 4319016.793, 128
Trd, 4319017.093, 126
Trd, 4319017.243, 125
Trd, 4319017.493, 79
Trd, 4319018.743, 85
Trd, 4319018.893, 82
Trd, 4319020.393, 140
Trd, 4319020.793, 138
Trd, 4319021.293, 131
Trd, 4319021.543, 128
Trd, 4319022.343, 140
Trd, 4319022.993, 129
Trd, 4319023.693, 132
Trd, 4319023.793, 117
Trd, 4319024.493, 75
Trd, 4319024.993, 69
Trd, 4319025.143, 68
Trd, 4319026.093, 140
Trd, 4319027.493, 140
Trd, 4319027.743, 131
Trd, 4319028.493, 81
Trd, 4319029.943, 140
Trd, 4319030.893, 128
Trd, 4319031.443, 125
Trd, 4319031.593, 125
Trd, 4319031.743, 119
Trd, 4319032.543, 118
Trd, 4319033.893, 134
Trd, 4319034.393, 140
Trd, 4319034.843, 130
Trd, 4319036.343, 136
Trd, 4319036.643, 138
Trd, 4319037.093, 121
Trd, 4319037.143, 120
Trd, 4319037.193, 114
Trd, 4319037.943, 68
Trd, 4319038.443, 133
Trd, 4319039.243, 136
Trd, 4319039.443, 123
Trd, 4319039.643, 114
Trd, 4319041.543, 61
Trd, 4319041.843, 63
Trd, 4319043.093, 66
Trd, 4319043.343, 64
Trd, 4319043.943, 60
Trd, 4319045.643, 63
Trd, 4319045.793, 66
Trd, 4319046.443, 62
Trd, 4319046.743, 71
Trd, 4319047.043, 64
Trd, 4319047.843, 71
Trd, 4319048.243, 60
Trd, 4319048.393, 75
Trd, 4319049.243, 62
Trd, 4319050.293, 65
Trd, 4319050.343, 69
Trd, 4319050.443, 140
Trd, 4319052.393, 61
Trd, 4319052.943, 60
Trd, 4319053.493, 62
Trd, 4319054.343, 139
Trd, 4319054.793, 110
Trd, 4319055.893, 107
Trd, 4319056.443, 137
Trd, 4319056.593, 129
Trd, 4319056.643, 118
Trd, 4319057.693, 91
Trd, 4319058.343, 84
Trd, 4319058.593, 105
Trd, 4319059.193, 62
Trd, 4319059.543, 138
Trd, 4319060.293, 133
Trd, 4319060.493, 128
Trd, 4319060.993, 122
Trd, 4319062.043, 137
Trd, 4319063.743, 63
Trd, 4319064.593, 60
Trd, 4319065.443, 65
Trd, 4319065.793, 72
Trd, 4319065.943, 72
Trd, 4319066.593, 70
Trd, 4319066.943, 140
Trd, 4319067.443, 110
Trd, 4319067.643, 71
Trd, 4319067.793, 107
Trd, 4319068.393, 69
Trd, 4319068.993, 121
Trd, 4319070.043, 63
Trd, 4319070.693, 135
Trd, 4319071.393, 114
Trd, 4319072.543, 109
Trd, 4319072.643, 105
Trd, 4319072.693, 103
Trd, 4319072.743, 98
Trd, 4319073.843, 85
Trd, 4319074.443, 64
Trd, 4319076.693, 129
Trd, 4319077.093, 60
Trd, 4319077.393, 136
Trd, 4319077.793, 60
Trd, 4319077.893, 60
Trd, 4319078.143, 67
Trd, 4319079.443, 67
Trd, 4319079.543, 74
Trd, 4319081.043, 64
Trd, 4319081.993, 64
Trd, 4319083.643, 62
Trd, 4319083.843, 63
Trd, 4319084.493, 60
Trd, 4319085.293, 133
Trd, 4319085.393, 124
Trd, 4319086.093, 62
Trd, 4319086.843, 87
Trd, 4319087.593, 137
Trd, 4319088.093, 140
Trd, 4319088.143, 129
Trd, 4319088.393, 127
Trd, 4319088.993, 140
Trd, 4319090.393, 110
Trd, 4319091.093, 140
Trd, 4319091.443, 124
Trd, 4319091.643, 108
Trd, 4319093.143, 62
Trd, 4319093.193, 71
Trd, 4319094.643, 131
Trd, 4319094.743, 128
Trd, 4319094.843, 66
Trd, 4319095.293, 125
Trd, 4319095.693, 138
Trd, 4319095.943, 140
Trd, 4319096.243, 129
Trd, 4319098.043, 76
Trd, 4319098.243, 76
Trd, 4319098.393, 73
Trd, 4319099.743, 137
Trd, 4319099.843, 128
Trd, 4319100.193, 77
Trd, 4319101.293, 118
Trd, 4319102.043, 114
Trd, 4319102.493, 71
Trd, 4319103.093, 60
Trd, 4319104.243, 140
Trd, 4319104.443, 131
Trd, 4319105.993, 138
Trd, 4319106.793, 131
Trd, 4319107.343, 139
Trd, 4319107.693, 127
Trd, 4319108.043, 118
Trd, 4319108.343, 66
Trd, 4319109.643, 127
Trd, 4319110.243, 77
Trd, 4319110.943, 140
Trd, 4319111.343, 120
Trd, 4319111.593, 100
Trd, 4319112.543, 120
Trd, 4319112.693, 92
Trd, 4319112.893, 140
Trd, 4319113.293, 139
Trd, 4319113.543, 107
Trd, 4319114.943, 139
Trd, 4319115.493, 122
Trd, 4319115.543, 120
Trd, 4319116.443, 60
Trd, 4319116.993, 62
Trd, 4319117.593, 67
Trd, 4319117.893, 76
Trd, 4319118.743, 68
Trd, 4319119.243, 64
Trd, 4319119.993, 83
Trd, 4319120.393, 64
Trd, 4319120.493, 109
Trd, 4319121.143, 61
Trd, 4319121.293, 62
Trd, 4319123.193, 60
Trd, 4319124.243, 61
Trd, 4319125.643, 62
Trd, 4319126.193, 61
Trd, 4319126.293, 73
Trd, 4319127.093, 73
Trd, 4319127.193, 61
Trd, 4319127.643, 85
Trd, 4319129.243, 60
Trd, 4319129.293, 64
Trd, 4319130.043, 140
Trd, 4319131.143, 127
Trd, 4319131.243, 118
Trd, 4319131.743, 104
Trd, 4319132.243, 106
Trd, 4319132.443, 61
Trd, 4319132.843, 64
Trd, 4319132.943, 73
Trd, 4319133.943, 84
Trd, 4319134.343, 87
Trd, 4319135.443, 78
Trd, 4319136.393, 126
Trd, 4319136.693, 104
Trd, 4319137.443, 96
Trd, 4319137.493, 96
Trd, 4319138.093, 139
Trd, 4319138.843, 82
Trd, 4319140.043, 135
Trd, 4319140.593, 140
Trd, 4319141.293, 121
Trd, 4319141.393, 116
Trd, 4319141.643, 108
Trd, 4319142.893, 91
Trd, 4319143.243, 129
Trd, 4319143.293, 99
Trd, 4319143.993, 71
Trd, 4319144.743, 137
Trd, 4319145.343, 140
Trd, 4319146.493, 137
Trd, 4319146.893, 76
Trd, 4319147.043, 73
Trd, 4319147.643, 135
Trd, 4319147.993, 69
Trd, 4319149.293, 123
Trd, 4319149.943, 108
Trd, 4319150.143, 85
Trd, 4319150.693, 140
Trd, 4319152.193, 132
Trd, 4319152.993, 123
Trd, 4319153.243, 128
Trd, 4319153.293, 127
Trd, 4319154.043, 125
Trd, 4319155.593, 117
Trd, 4319156.143, 139
Trd, 4319156.293, 67
Trd, 4319156.943, 134
Trd, 4319157.793, 138
Trd, 4319158.793, 120
Trd, 4319158.943, 113
Trd, 4319159.093, 82
Trd, 4319160.943, 85
Trd, 4319160.993, 70
Trd, 4319161.193, 105
Trd, 4319162.593, 139
Trd, 4319162.893, 138
Trd, 4319163.193, 129
Trd, 4319163.493, 125
Trd, 4319164.693, 140
Trd, 4319165.793, 135
Trd, 4319166.443, 116
Trd, 4319167.243, 132
Trd, 4319168.193, 140
Trd, 4319168.393, 130
Trd, 4319168.643, 135
Trd, 4319169.593, 82
Trd, 4319169.893, 140
Trd, 4319171.043, 62
Trd, 4319171.143, 62
Trd, 4319172.193, 99
Trd, 4319174.093, 67
Trd, 4319174.543, 74
Trd, 4319174.843, 122
Trd, 4319175.443, 140
Trd, 4319175.743, 72
Trd, 4319176.643, 70
Trd, 4319177.443, 91
Trd, 4319177.743, 71
Trd, 4319177.993, 67
Trd, 4319178.943, 94
Trd, 4319179.343, 69
Trd, 4319179.943, 124
Trd, 4319180.793, 121
Trd, 4319181.993, 127
Trd, 4319182.193, 130
Trd, 4319183.243, 122
Trd, 4319183.443, 121
Trd, 4319183.593, 138
Trd, 4319185.043, 62
Trd, 4319185.593, 63
Trd, 4319185.893, 63
Trd, 4319186.643, 132
Trd, 4319187.193, 68
Trd, 4319187.993, 114
Trd, 4319188.793, 71
Trd, 4319189.093, 72
Trd, 4319189.593, 140
Trd, 4319190.093, 137
Trd, 4319190.543, 135
Trd, 4319190.643, 128
Trd, 4319191.543, 67
Trd, 4319192.143, 62
Trd, 4319192.493, 62
Trd, 4319192.643, 96
Trd, 4319195.343, 109
Trd, 4319196.343, 60
Trd, 4319197.543, 106
Trd, 4319197.643, 78
Trd, 4319198.243, 94
Trd, 4319199.093, 140
Trd, 4319199.893, 136
Trd, 4319200.343, 126
Trd, 4319200.393, 107
Trd, 4319200.843, 139
Trd, 4319201.743, 113
Trd, 4319201.943, 139
Trd, 4319202.743, 99
Trd, 4319203.443, 139
Trd, 4319203.943, 125
Trd, 4319203.993, 122
Trd, 4319204.843, 116
Trd, 4319205.493, 136
Trd, 4319206.043, 77
Trd, 4319206.993, 61
Trd, 4319207.543, 61
Trd, 4319208.243, 137
Trd, 4319208.843, 61
Trd, 4319209.193, 60
Trd, 4319210.043, 61
Trd, 4319210.093, 87
Trd, 4319210.543, 102
Trd, 4319211.093, 60
Trd, 4319211.793, 62
Trd, 4319212.443, 61
Trd, 4319213.343, 60
Trd, 4319213.693, 63
Trd, 4319214.443, 136
Trd, 4319215.193, 140
Trd, 4319215.893, 133
Trd, 4319216.143, 93
Trd, 4319216.343, 80
Trd, 4319217.143, 140
Trd, 4319217.243, 129
Trd, 4319218.143, 60
Trd, 4319219.493, 127
Trd, 4319219.743, 100
Trd, 4319220.193, 135
Trd, 4319220.793, 105
Trd, 4319221.293, 105
Trd, 4319222.543, 60
Trd, 4319223.393, 71
Trd, 4319223.993, 121
Trd, 4319224.443, 138
Trd, 4319225.293, 127
Trd, 4319225.543, 122
Trd, 4319225.793, 138
Trd, 4319226.893, 127
Trd, 4319227.943, 139
Trd, 4319228.993, 113
Trd, 4319229.093, 113
Trd, 4319229.493, 106
Trd, 4319231.443, 138
Trd, 4319231.843, 113
Trd, 4319232.193, 119
Trd, 4319232.643, 65
Trd, 4319233.393, 79
Trd, 4319234.043, 140
Trd, 4319234.343, 140
Trd, 4319234.693, 78
Trd, 4319235.743, 115
Trd, 4319235.843, 104
Trd, 4319237.193, 127
Trd, 4319237.293, 121
Trd, 4319238.143, 139
Trd, 4319238.693, 113
Trd, 4319238.743, 113
Trd, 4319239.143, 83
Trd, 4319239.743, 77
Trd, 4319240.193, 63
Trd, 4319241.193, 60
Trd, 4319241.493, 66
Trd, 4319242.393, 60
Trd, 4319243.193, 64
Trd, 4319245.093, 60
Trd, 4319245.343, 66
Trd, 4319245.793, 62
Trd, 4319246.293, 85
Trd, 4319248.243, 67
Trd, 4319249.193, 68
Trd, 4319249.693, 64
Trd, 4319250.043, 67
Trd, 4319250.343, 70
Trd, 4319250.643, 74
Trd, 4319251.093, 90
Trd, 4319251.193, 113
Trd, 4319251.693, 128
Trd, 4319253.043, 117
Trd, 4319253.593, 139
Trd, 4319253.693, 89
Trd, 4319254.593, 73
Trd, 4319255.693, 114
Trd, 4319255.993, 115
Trd, 4319256.693, 65
Trd, 4319256.743, 65
Trd, 4319256.943, 66
Trd, 4319257.643, 140
Trd, 4319258.293, 139
Trd, 4319259.593, 130
Trd, 4319260.543, 65
Trd, 4319260.993, 67
Trd, 4319261.693, 63
Trd, 4319262.093, 69
Trd, 4319262.843, 62
Trd, 4319264.243, 60
Trd, 4319265.543, 83
Trd, 4319265.793, 77
Trd, 4319266.243, 77
Trd, 4319266.893, 113
Trd, 4319266.993, 76
Trd, 4319268.343, 60
Trd, 4319268.443, 62
Trd, 4319268.493, 101
Trd, 4319271.443, 60
Trd, 4319271.993, 62
Trd, 4319272.043, 66
Trd, 4319272.593, 63
Trd, 4319272.943, 67
Trd, 4319273.993, 62
Trd, 4319274.543, 63
Trd, 4319275.143, 66
Trd, 4319276.243, 112
Trd, 4319276.293, 105
Trd, 4319276.943, 88
Trd, 4319277.093, 93
Trd, 4319278.443, 139
Trd, 4319278.543, 137
Trd, 4319279.643, 124
Trd, 4319280.093, 140
Trd, 4319280.243, 137
Trd, 4319280.543, 71
Trd, 4319280.593, 70
Trd, 4319281.243, 140
Trd, 4319283.093, 65
Trd, 4319283.643, 67
Trd, 4319284.443, 74
Trd, 4319284.993, 67
Trd, 4319285.043, 69
Trd, 4319285.643, 60
Trd, 4319285.893, 61
Trd, 4319287.193, 66
Trd, 4319287.293, 107
Trd, 4319288.593, 115
Trd, 4319289.393, 122
Trd, 4319289.543, 116
Trd, 4319289.693, 112
Trd, 4319289.743, 109
Trd, 4319290.593, 139
Trd, 4319290.993, 129
Trd, 4319291.743, 129
Trd, 4319293.943, 137
Trd, 4319294.243, 135
Trd, 4319294.443, 103
Trd, 4319295.293, 139
Trd, 4319295.893, 122
Trd, 4319296.193, 139
Trd, 4319297.093, 110
Trd, 4319297.293, 108
Trd, 4319297.693, 63
Trd, 4319298.543, 139
Trd, 4319298.643, 134
Trd, 4319299.293, 128
Trd, 4319299.793, 72
Trd, 4319300.043, 72
Trd, 4319300.543, 69
Trd, 4319300.643, 67
Trd, 4319301.843, 102
Trd, 4319302.393, 139
Trd, 4319302.493, 129
Trd, 4319304.243, 139
Trd, 4319304.493, 130
Trd, 4319305.443, 139
Trd, 4319305.693, 129
Trd, 4319306.143, 128
Trd, 4319306.843, 126
Trd, 4319307.593, 121
Trd, 4319308.043, 82
Trd, 4319309.493, 139
Trd, 4319310.193, 127
Trd, 4319310.493, 124
Trd, 4319310.743, 127
Trd, 4319311.843, 118
Trd, 4319312.843, 139
Trd, 4319313.143, 137
Trd, 4319313.443, 110
Trd, 4319313.843, 122
Trd, 4319314.293, 102
Trd, 4319315.143, 62
Trd, 4319315.643, 60
Trd, 4319317.543, 66
Trd, 4319318.993, 70
Trd, 4319319.143, 70
Trd, 4319319.393, 92
Trd, 4319319.543, 68
Trd, 4319320.043, 81
Trd, 4319320.393, 63
Trd, 4319321.193, 78
Trd, 4319321.343, 94
Trd, 4319321.643, 67
Trd, 4319322.343, 139
Trd, 4319322.693, 106
Trd, 4319324.543, 93
Trd, 4319325.193, 60
Trd, 4319325.543, 106
Trd, 4319325.793, 61
Trd, 4319326.543, 140
Trd, 4319326.743, 80
Trd, 4319327.393, 80
Trd, 4319327.693, 77
Trd, 4319328.343, 76
Trd, 4319329.793, 63
Trd, 4319330.293, 60
Trd, 4319330.793, 61
Trd, 4319331.593, 68
Trd, 4319331.743, 75
Trd, 4319333.143, 140
Trd, 4319333.593, 122
Trd, 4319333.793, 138
Trd, 4319334.993, 78
Trd, 4319335.693, 105
Trd, 4319335.743, 123
Trd, 4319335.993, 73
Trd, 4319336.343, 118
Trd, 4319336.493, 105
Trd, 4319337.193, 60
Trd, 4319338.293, 73
Trd, 4319338.793, 140
Trd, 4319338.943, 130
Trd, 4319339.643, 68
Trd, 4319341.343, 60
Trd, 4319342.493, 85
Trd, 4319342.693, 131
Trd, 4319343.243, 60
Trd, 4319344.193, 68
Trd, 4319344.443, 61
Trd, 4319344.993, 68
Trd, 4319345.993, 62
Trd, 4319347.243, 139
Trd, 4319347.343, 128
Trd, 4319348.143, 125
Trd, 4319348.793, 118
Trd, 4319348.943, 115
Trd, 4319350.043, 139
Trd, 4319351.443, 138
Trd, 4319351.543, 92
Trd, 4319351.993, 92
Trd, 4319352.193, 91
Trd, 4319352.893, 88
Trd, 4319353.893, 138
Trd, 4319354.043, 138
Trd, 4319354.293, 122
Trd, 4319354.993, 107
Trd, 4319356.643, 134
Trd, 4319356.743, 130
Trd, 4319357.243, 133
Trd, 4319357.943, 129
Trd, 4319358.993, 122
Trd, 4319360.693, 120
Trd, 4319360.743, 100
Trd, 4319360.943, 70
Trd, 4319361.393, 138
Trd, 4319361.643, 137
Trd, 4319361.693, 136
Trd, 4319362.843, 140
Trd, 4319363.543, 74
Trd, 4319364.693, 60
Trd, 4319365.693, 63
Trd, 4319366.043, 61
Trd, 4319368.193, 60
Trd, 4319368.543, 60
Trd, 4319368.843, 61
Trd, 4319369.493, 60
Trd, 4319369.793, 61
Trd, 4319370.293, 65
Trd, 4319370.393, 120
Trd, 4319371.343, 74
Trd, 4319372.393, 64
Trd, 4319373.793, 61
Trd, 4319374.243, 140
Trd, 4319374.843, 126
Trd, 4319374.893, 123
Trd, 4319376.043, 140
Trd, 4319376.093, 131
Trd, 4319376.693, 62
Trd, 4319377.343, 69
Trd, 4319377.793, 70
Trd, 4319379.193, 139
Trd, 4319380.743, 137
Trd, 4319381.043, 136
Trd, 4319381.143, 134
Trd, 4319382.293, 139
Trd, 4319382.393, 130
Trd, 4319383.593, 86
Trd, 4319384.043, 108
Trd, 4319384.543, 84
Trd, 4319384.693, 76
Trd, 4319385.043, 63
Trd, 4319385.443, 60
Trd, 4319386.293, 60
Trd, 4319386.393, 95
Trd, 4319387.443, 61
Trd, 4319388.243, 93
Trd, 4319389.143, 137
Trd, 4319389.393, 82
Trd, 4319390.493, 60
Trd, 4319391.493, 62
Trd, 4319392.493, 71
Trd, 4319393.743, 61
Trd, 4319393.943, 110
Trd, 4319394.543, 122
Trd, 4319394.643, 116
Trd, 4319395.393, 140
Trd, 4319395.743, 137
Trd, 4319396.093, 126
Trd, 4319396.793, 62
Trd, 4319397.693, 139
Trd, 4319398.043, 130
Trd, 4319398.743, 107
Trd, 4319398.943, 102
Trd, 4319399.343, 112
Trd, 4319400.143, 118
Trd, 4319400.843, 139
Trd, 4319401.043, 86
Trd, 4319401.693, 115
Trd, 4319401.943, 101
Trd, 4319402.743, 77
Trd, 4319404.293, 95
Trd, 4319404.893, 94
Trd, 4319405.143, 127
Trd, 4319405.243, 78
Trd, 4319405.493, 137
Trd, 4319406.543, 65
Trd, 4319406.843, 92
Trd, 4319407.443, 61
Trd, 4319408.443, 63
Trd, 4319409.243, 61
Trd, 4319410.793, 60
Trd, 4319411.043, 61
Trd, 4319412.093, 67
Trd, 4319412.493, 70
Trd, 4319412.993, 122
Trd, 4319413.343, 139
Trd, 4319413.393, 137
Trd, 4319413.743, 100
Trd, 4319414.193, 122
Trd, 4319414.743, 109
Trd, 4319415.093, 103
Trd, 4319415.893, 68
Trd, 4319416.693, 129
Trd, 4319416.793, 126
Trd, 4319417.493, 79
Trd, 4319418.693, 79
Trd, 4319419.343, 62
Trd, 4319419.743, 61
Trd, 4319420.043, 69
Trd, 4319420.943, 140
Trd, 4319422.243, 118
Trd, 4319422.743, 131
Trd, 4319423.493, 62
Trd, 4319423.593, 67
Trd, 4319424.543, 60
Trd, 4319425.093, 62
Trd, 4319425.893, 60
Trd, 4319426.293, 67
Trd, 4319427.243, 61
Trd, 4319429.043, 60
Trd, 4319429.543, 67
Trd, 4319429.843, 63
Trd, 4319430.143, 66
Trd, 4319430.593, 60
Trd, 4319430.943, 61
Trd, 4319431.093, 60
Trd, 4319431.143, 63
Trd, 4319432.293, 126
Trd, 4319432.893, 63
Trd, 4319433.143, 66
Trd, 4319434.443, 62
Trd, 4319435.293, 63
Trd, 4319435.793, 70
Trd, 4319437.243, 60
Trd, 4319438.143, 60
Trd, 4319438.643, 113
Trd, 4319439.093, 128
Trd, 4319439.743, 107
Trd, 4319439.793, 101
Trd, 4319440.843, 138
Trd, 4319440.893, 97
Trd, 4319441.993, 96
Trd, 4319442.343, 66
Trd, 4319443.393, 140
Trd, 4319444.143, 129
Trd, 4319444.343, 120
Trd, 4319444.443, 120
Trd, 4319444.743, 98
Trd, 4319445.843, 70
Trd, 4319447.593, 123
Trd, 4319448.243, 140
Trd, 4319448.843, 137
Trd, 4319449.043, 130
Trd, 4319449.493, 122
Trd, 4319449.543, 76
Trd, 4319450.943, 120
Trd, 4319451.293, 137
Trd, 4319452.143, 135
Trd, 4319452.543, 80
Trd, 4319452.643, 67
Trd, 4319453.643, 62
Trd, 4319454.843, 60
Trd, 4319455.393, 62
Trd, 4319455.793, 68
Trd, 4319456.293, 62
Trd, 4319456.743, 60
Trd, 4319457.643, 61
Trd, 4319458.793, 62
Trd, 4319459.493, 63
Trd, 4319459.593, 62
Trd, 4319460.793, 63
Trd, 4319461.243, 116
Trd, 4319462.043, 64
Trd, 4319462.443, 72
Trd, 4319463.643, 60
Trd, 4319464.443, 61
Trd, 4319464.643, 64
Trd, 4319466.343, 63
Trd, 4319466.943, 60
Trd, 4319467.243, 60
Trd, 4319467.293, 61
Trd, 4319467.443, 67
Trd, 4319467.643, 140
Trd, 4319467.893, 130
Trd, 4319468.693, 121
Trd, 4319470.543, 111
Trd, 4319470.693, 108
Trd, 4319471.643, 61
Trd, 4319471.943, 61
Trd, 4319473.043, 60
Trd, 4319473.293, 71
Trd, 4319473.593, 82
Trd, 4319474.793, 64
Trd, 4319475.243, 60
Trd, 4319476.543, 109
Trd, 4319476.793, 107
Trd, 4319477.093, 103
Trd, 4319479.143, 140
Trd, 4319479.243, 140
Trd, 4319479.593, 135
Trd, 4319480.243, 120
Trd, 4319480.393, 84
Trd, 4319481.093, 77
Trd, 4319482.243, 101
Trd, 4319483.043, 132
Trd, 4319483.743, 96
Trd, 4319484.043, 93
Trd, 4319484.343, 139
Trd, 4319485.093, 128
Trd, 4319485.543, 137
Trd, 4319486.693, 73
Trd, 4319488.443, 60
Trd, 4319489.243, 65
Trd, 4319489.343, 72
Trd, 4319489.393, 83
Trd, 4319489.793, 64
Trd, 4319490.293, 67
Trd, 4319491.343, 68
Trd, 4319492.293, 61
Trd, 4319492.793, 60
Trd, 4319494.493, 60
Trd, 4319494.993, 61
Trd, 4319495.743, 60
Trd, 4319495.793, 61
Trd, 4319495.943, 61
Trd, 4319496.443, 110
Trd, 4319497.043, 124
Trd, 4319497.393, 71
Trd, 4319498.193, 139
Trd, 4319498.443, 138
Trd, 4319500.043, 140
Trd, 4319501.743, 74
Trd, 4319502.243, 62
Trd, 4319502.443, 63
Trd, 4319503.193, 74
Trd, 4319503.393, 82
Trd, 4319504.043, 68
Trd, 4319504.143, 62
Trd, 4319504.293, 84
Trd, 4319505.043, 138
Trd, 4319505.993, 107
Trd, 4319506.993, 134
Trd, 4319507.193, 98
Trd, 4319507.993, 73
Trd, 4319508.343, 73
Trd, 4319508.693, 60
Trd, 4319510.793, 140
Trd, 4319510.843, 129
Trd, 4319511.043, 129
Trd, 4319511.243, 135
Trd, 4319513.143, 62
Trd, 4319513.393, 73
Trd, 4319514.743, 103
Trd, 4319514.793, 98
Trd, 4319515.793, 117
Trd, 4319516.193, 60
Trd, 4319516.243, 130
Trd, 4319516.943, 60
Trd, 4319519.243, 63
Trd, 4319519.693, 62
Trd, 4319519.893, 65
Trd, 4319520.693, 65
Trd, 4319521.493, 62
Trd, 4319521.543, 65
Trd, 4319522.193, 65
Trd, 4319522.793, 63
Trd, 4319523.193, 64
Trd, 4319523.443, 66
Trd, 4319524.493, 63
Trd, 4319524.943, 140
Trd, 4319526.893, 140
Trd, 4319527.143, 129
Trd, 4319527.793, 127
Trd, 4319528.043, 119
Trd, 4319529.993, 136
Trd, 4319530.093, 127
Trd, 4319530.743, 132
Trd, 4319530.843, 78
Trd, 4319531.043, 122
Trd, 4319531.543, 114
Trd, 4319532.743, 112
Trd, 4319532.793, 68
Trd, 4319532.943, 137
Trd, 4319533.593, 120
Trd, 4319533.793, 64
Trd, 4319535.243, 65
Trd, 4319535.693, 60
Trd, 4319536.993, 60
Trd, 4319537.593, 78
Trd, 4319537.893, 79
Trd, 4319538.243, 76
Trd, 4319538.593, 73
Trd, 4319538.743, 98
Trd, 4319539.443, 74
Trd, 4319540.293, 61
Trd, 4319540.743, 60
Trd, 4319540.843, 70
Trd, 4319541.493, 84
Trd, 4319541.943, 64
Trd, 4319542.943, 60
Trd, 4319543.643, 68
Trd, 4319544.493, 70
Trd, 4319545.493, 139
Trd, 4319545.793, 130
Trd, 4319547.193, 63
Trd, 4319547.693, 60
Trd, 4319548.443, 60
Trd, 4319550.593, 60
Trd, 4319551.393, 60
Trd, 4319551.493, 60
Trd, 4319551.893, 62
Trd, 4319552.043, 66
Trd, 4319553.943, 91
Trd, 4319553.993, 90
Trd, 4319554.543, 88
Trd, 4319555.143, 139
Trd, 4319556.093, 105
Trd, 4319556.193, 112
Trd, 4319556.493, 87
Trd, 4319556.893, 60
Trd, 4319557.243, 62
Trd, 4319558.143, 138
Trd, 4319559.293, 128
Trd, 4319559.543, 113
Trd, 4319559.893, 105
Trd, 4319560.943, 134
Trd, 4319562.043, 138
Trd, 4319562.193, 129
Trd, 4319562.243, 109
Trd, 4319563.293, 140
Trd, 4319563.493, 138
Trd, 4319563.993, 119
Trd, 4319564.593, 96
Trd, 4319565.843, 120
Trd, 4319567.093, 67
Trd, 4319567.243, 61
Trd, 4319567.543, 60
Trd, 4319568.593, 67
Trd, 4319569.093, 61
Trd, 4319569.343, 63
Trd, 4319569.793, 77
Trd, 4319570.893, 67
Trd, 4319573.043, 122
Trd, 4319573.393, 121
Trd, 4319574.093, 105
Trd, 4319574.543, 118
Trd, 4319574.693, 104
Trd, 4319575.093, 92
Trd, 4319576.093, 60
Trd, 4319576.193, 61
Trd, 4319576.893, 65
Trd, 4319577.843, 137
Trd, 4319578.193, 134
Trd, 4319578.793, 127
Trd, 4319578.943, 120
Trd, 4319579.143, 113
Trd, 4319580.243, 127
Trd, 4319580.593, 92
Trd, 4319581.593, 60
Trd, 4319582.443, 61
Trd, 4319582.743, 61
Trd, 4319583.643, 61
Trd, 4319584.193, 62
Trd, 4319585.293, 132
Trd, 4319585.643, 130
Trd, 4319586.193, 118
Trd, 4319586.743, 62
Trd, 4319587.943, 61
Trd, 4319588.043, 77
Trd, 4319588.293, 127
Trd, 4319590.743, 64
Trd, 4319590.893, 64
Trd, 4319590.943, 65
Trd, 4319591.343, 66
Trd, 4319591.543, 69
Trd, 4319592.943, 63
Trd, 4319593.043, 65
Trd, 4319593.993, 130
Trd, 4319594.043, 125
Trd, 4319594.743, 140
Trd, 4319594.793, 70
Trd, 4319596.393, 98
Trd, 4319597.043, 69
Trd, 4319597.893, 69
Trd, 4319598.593, 60
Trd, 4319599.443, 83
Trd, 4319599.493, 68
Trd, 4319599.643, 102
Trd, 4319600.643, 68
Trd, 4319601.093, 69
Trd, 4319601.943, 78
Trd, 4319602.443, 62
Trd, 4319603.393, 62
Trd, 4319603.943, 62
Trd, 4319604.293, 65
Trd, 4319604.393, 65
Trd, 4319605.043, 64
Trd, 4319605.443, 60
Trd, 4319605.943, 139
Trd, 4319606.943, 85
Trd, 4319607.293, 75
Trd, 4319607.543, 70
Trd, 4319608.343, 75
Trd, 4319608.743, 132
Trd, 4319610.043, 70
Trd, 4319610.593, 63
Trd, 4319611.093, 62
Trd, 4319612.043, 68
Trd, 4319612.693, 60
Trd, 4319613.343, 60
Trd, 4319613.793, 67
Trd, 4319614.543, 76
Trd, 4319614.943, 62
Trd, 4319615.143, 81
Trd, 4319615.343, 68
Trd, 4319616.943, 90
Trd, 4319617.893, 124
Trd, 4319618.193, 96
Trd, 4319618.293, 88
Trd, 4319619.043, 102
Trd, 4319619.943, 65
Trd, 4319620.093, 73
Trd, 4319621.693, 67
Trd, 4319621.793, 76
Trd, 4319622.843, 140
Trd, 4319623.093, 65
Trd, 4319625.743, 62
Trd, 4319625.843, 62
Trd, 4319625.893, 65
Trd, 4319626.043, 96
Trd, 4319627.143, 80
Trd, 4319627.443, 82
Trd, 4319628.943, 133
Trd, 4319629.743, 117
Trd, 4319630.393, 126
Trd, 4319630.593, 61
Trd, 4319630.693, 92
Trd, 4319632.043, 62
Trd, 4319633.693, 60
Trd, 4319634.293, 61
Trd, 4319634.793, 60
Trd, 4319635.093, 65
Trd, 4319635.843, 60
Trd, 4319636.843, 60
Trd, 4319637.593, 60
Trd, 4319637.693, 69
Trd, 4319637.993, 61
Trd, 4319638.943, 139
Trd, 4319639.543, 108
Trd, 4319639.993, 79
Trd, 4319642.443, 87
Trd, 4319642.593, 84
Trd, 4319642.943, 83
Trd, 4319643.243, 110
Trd, 4319643.293, 123
Trd, 4319643.443, 135
Trd, 4319643.493, 73
Trd, 4319644.393, 60
Trd, 4319644.693, 94
Trd, 4319645.493, 64
Trd, 4319645.843, 65
Trd, 4319647.443, 66
Trd, 4319647.743, 63
Trd, 4319647.893, 83
Trd, 4319649.743, 69
Trd, 4319650.293, 99
Trd, 4319651.493, 140
Trd, 4319651.643, 128
Trd, 4319651.993, 124
Trd, 4319652.443, 119
Trd, 4319652.943, 110
Trd, 4319653.243, 118
Trd, 4319653.443, 90
Trd, 4319654.293, 67
Trd, 4319655.093, 123
Trd, 4319655.293, 93
Trd, 4319656.793, 114
Trd, 4319656.843, 99
Trd, 4319657.093, 138
Trd, 4319658.293, 62
Trd, 4319658.993, 94
Trd, 4319659.343, 140
Trd, 4319659.493, 137
Trd, 4319660.343, 85
Trd, 4319661.743, 101
Trd, 4319661.843, 104
Trd, 4319662.643, 140
Trd, 4319663.193, 138
Trd, 4319663.593, 134
Trd, 4319664.493, 121
Trd, 4319664.893, 124
Trd, 4319665.143, 109
Trd, 4319665.243, 109
Trd, 4319665.543, 95
Trd, 4319666.643, 138
Trd, 4319667.693, 64
Trd, 4319667.893, 85
Trd, 4319668.593, 97
Trd, 4319668.893, 102
Trd, 4319669.543, 71
Trd, 4319670.393, 140
Trd, 4319671.993, 137
Trd, 4319672.243, 133
Trd, 4319672.743, 128
Trd, 4319673.093, 118
Trd, 4319673.343, 137
Trd, 4319673.893, 117
Trd, 4319674.843, 110
Trd, 4319674.893, 109
Trd, 4319675.193, 85
Trd, 4319675.543, 91
Trd, 4319676.893, 101
Trd, 4319677.993, 114
Trd, 4319678.393, 113
Trd, 4319678.493, 108
Trd, 4319679.493, 136
Trd, 4319680.843, 123
Trd, 4319681.443, 130
Trd, 4319681.743, 105
Trd, 4319682.143, 100
Trd, 4319682.393, 110
Trd, 4319683.143, 89
Trd, 4319683.793, 85
Trd, 4319684.243, 139
Trd, 4319684.993, 140
Trd, 4319686.443, 140
Trd, 4319686.643, 97
Trd, 4319687.593, 87
Trd, 4319688.243, 62
Trd, 4319688.293, 64
Trd, 4319689.343, 70
Trd, 4319689.843, 131
Trd, 4319690.943, 126
Trd, 4319691.493, 119
Trd, 4319691.743, 69
Trd, 4319692.993, 140
Trd, 4319693.093, 136
Trd, 4319693.893, 132
Trd, 4319694.343, 123
Trd, 4319694.693, 120
Trd, 4319695.493, 65
Trd, 4319696.093, 68
Trd, 4319696.643, 96
Trd, 4319697.943, 134
Trd, 4319698.593, 136
Trd, 4319698.743, 136
Trd, 4319699.043, 127
Trd, 4319700.343, 69
Trd, 4319700.743, 114
Trd, 4319702.693, 137
Trd, 4319702.743, 135
Trd, 4319703.043, 131
Trd, 4319703.693, 133
Trd, 4319704.593, 140
Trd, 4319705.193, 129
Trd, 4319705.293, 114
Trd, 4319706.093, 89
Trd, 4319706.793, 98
Trd, 4319707.143, 101
Trd, 4319707.693, 140
Trd, 4319708.743, 137
Trd, 4319709.043, 133
Trd, 4319709.843, 122
Trd, 4319710.793, 120
Trd, 4319711.743, 118
Trd, 4319711.993, 105
Trd, 4319712.493, 134
Trd, 4319713.393, 140
Trd, 4319713.643, 137
Trd, 4319714.243, 110
Trd, 4319714.293, 102
Trd, 4319714.443, 68
Trd, 4319715.743, 70
Trd, 4319716.043, 129
Trd, 4319716.593, 115
Trd, 4319716.843, 138
Trd, 4319717.443, 140
Trd, 4319718.093, 134
Trd, 4319719.193, 127
Trd, 4319719.743, 121
Trd, 4319719.793, 87
Trd, 4319720.143, 138
Trd, 4319721.243, 128
Trd, 4319721.693, 104
Trd, 4319721.943, 139
Trd, 4319723.643, 140
Trd, 4319724.293, 120
Trd, 4319724.393, 115
Trd, 4319725.243, 99
Trd, 4319725.793, 122
Trd, 4319727.443, 136
Trd, 4319727.843, 124
Trd, 4319728.293, 116
Trd, 4319729.043, 140
Trd, 4319729.293, 108
Trd, 4319729.343, 103
Trd, 4319730.393, 117
Trd, 4319731.193, 140
Trd, 4319731.743, 129
Trd, 4319732.393, 123
Trd, 4319733.043, 60
Trd, 4319733.093, 65
Trd, 4319733.443, 126
Trd, 4319734.843, 137
Trd, 4319735.193, 130
Trd, 4319735.543, 129
Trd, 4319736.843, 133
Trd, 4319737.193, 116
Trd, 4319737.293, 116
Trd, 4319737.443, 73
Trd, 4319738.443, 95
Trd, 4319738.993, 88
Trd, 4319739.393, 115
Trd, 4319739.943, 107
Trd, 4319741.143, 71
Trd, 4319742.093, 137
Trd, 4319742.443, 137
Trd, 4319742.893, 131
Trd, 4319744.493, 130
Trd, 4319744.593, 129
Trd, 4319744.793, 128
Trd, 4319745.293, 115
Trd, 4319746.143, 63
Trd, 4319747.293, 68
Trd, 4319747.843, 103
Trd, 4319748.843, 67
Trd, 4319749.443, 65
Trd, 4319749.543, 65
Trd, 4319749.893, 62
Trd, 4319750.543, 140
Trd, 4319751.443, 140
Trd, 4319751.543, 121
Trd, 4319753.043, 138
Trd, 4319753.293, 138
Trd, 4319753.993, 136
Trd, 4319754.693, 133
Trd, 4319755.543, 130
Trd, 4319756.943, 139
Trd, 4319757.043, 137
Trd, 4319757.593, 104
Trd, 4319757.643, 92
Trd, 4319757.993, 60
Trd, 4319758.843, 60
Trd, 4319759.743, 85
Trd, 4319760.143, 64
Trd, 4319760.493, 94
Trd, 4319761.593, 140
Trd, 4319761.993, 98
Trd, 4319762.093, 97
Trd, 4319762.293, 90
Trd, 4319763.193, 64
Trd, 4319764.293, 119
Trd, 4319764.993, 140
Trd, 4319765.093, 131
Trd, 4319765.893, 62
Trd, 4319766.343, 60
Trd, 4319766.993, 62
Trd, 4319768.043, 113
Trd, 4319768.693, 135
Trd, 4319769.743, 124
Trd, 4319769.893, 121
Trd, 4319769.993, 120
Trd, 4319770.443, 140
Trd, 4319771.293, 108
Trd, 4319771.493, 88
Trd, 4319771.543, 71
Trd, 4319772.393, 60
Trd, 4319773.193, 109
Trd, 4319774.693, 66
Trd, 4319775.893, 139
Trd, 4319775.943, 137
Trd, 4319776.743, 62
Trd, 4319777.293, 61
Trd, 4319778.143, 69
Trd, 4319779.593, 132
Trd, 4319779.893, 123
Trd, 4319780.593, 76
Trd, 4319781.393, 73
Trd, 4319781.593, 133
Trd, 4319782.393, 64
Trd, 4319783.043, 60
Trd, 4319784.493, 63
Trd, 4319784.643, 60
Trd, 4319785.093, 60
Trd, 4319786.143, 61
Trd, 4319786.843, 61
Trd, 4319787.343, 62
Trd, 4319787.543, 67
Trd, 4319788.543, 123
Trd, 4319788.993, 84
Trd, 4319789.793, 129
Trd, 4319790.093, 127
Trd, 4319790.293, 84
Trd, 4319790.443, 80
Trd, 4319792.443, 120
Trd, 4319793.893, 61
Trd, 4319794.243, 133
Trd, 4319795.243, 63
Trd, 4319796.293, 60
Trd, 4319796.793, 60
Trd, 4319797.443, 60
Trd, 4319798.093, 60
Trd, 4319798.893, 62
Trd, 4319799.443, 60
Trd, 4319799.643, 61
Trd, 4319800.043, 64
Trd, 4319800.243, 87
Trd, 4319801.693, 64
Trd, 4319802.043, 61
Trd, 4319802.143, 75
Trd, 4319802.493, 61
Trd, 4319804.543, 62
Trd, 4319804.693, 89
Trd, 4319805.593, 63
Trd, 4319806.243, 68
Trd, 4319806.743, 83
Trd, 4319807.293, 79
Trd, 4319807.393, 98
Trd, 4319808.243, 138
Trd, 4319808.793, 86
Trd, 4319809.893, 89
Trd, 4319810.193, 83
Trd, 4319810.543, 102
Trd, 4319811.243, 140
Trd, 4319812.293, 139
Trd, 4319812.993, 138
Trd, 4319813.593, 139
Trd, 4319813.643, 130
Trd, 4319813.893, 129
Trd, 4319814.293, 120
Trd, 4319815.993, 102
Trd, 4319816.043, 96
Trd, 4319816.193, 71
Trd, 4319817.093, 70
Trd, 4319817.343, 61
Trd, 4319817.393, 131
Trd, 4319818.143, 120
Trd, 4319819.493, 62
Trd, 4319820.243, 69
Trd, 4319821.893, 139
Trd, 4319822.093, 130
Trd, 4319822.543, 129
Trd, 4319823.593, 136
Trd, 4319823.893, 140
Trd, 4319823.993, 134
Trd, 4319824.093, 130
Trd, 4319824.693, 118
Trd, 4319825.043, 127
Trd, 4319825.393, 103
Trd, 4319826.493, 128
Trd, 4319827.043, 111
Trd, 4319827.343, 106
Trd, 4319827.643, 105
Trd, 4319828.843, 140
Trd, 4319829.493, 133
Trd, 4319830.043, 128
Trd, 4319831.243, 139
Trd, 4319831.793, 140
Trd, 4319831.943, 120
Trd, 4319832.893, 117
Trd, 4319833.343, 117
Trd, 4319834.243, 132
Trd, 4319834.443, 111
Trd, 4319835.643, 129
Trd, 4319835.843, 136
Trd, 4319836.893, 62
Trd, 4319837.743, 62
Trd, 4319838.193, 70
Trd, 4319838.843, 139
Trd, 4319839.743, 118
Trd, 4319841.093, 137
Trd, 4319841.143, 111
Trd, 4319841.543, 138
Trd, 4319842.193, 101
Trd, 4319842.693, 140
Trd, 4319843.193, 128
Trd, 4319844.693, 128
Trd, 4319845.343, 95
Trd, 4319845.843, 135
Trd, 4319846.893, 138
Trd, 4319847.343, 140
Trd, 4319847.493, 136
Trd, 4319847.593, 130
Trd, 4319848.443, 75
Trd, 4319848.493, 128
Trd, 4319849.193, 73
Trd, 4319849.893, 116
Trd, 4319850.293, 94
Trd, 4319850.643, 77
Trd, 4319851.743, 138
Trd, 4319852.243, 137
Trd, 4319852.293, 129
Trd, 4319853.143, 88
Trd, 4319854.593, 68
Trd, 4319855.943, 140
Trd, 4319856.293, 130
Trd, 4319856.493, 104
Trd, 4319856.893, 92
Trd, 4319857.193, 82
Trd, 4319858.193, 136
Trd, 4319858.393, 123
Trd, 4319858.843, 121
Trd, 4319858.993, 110
Trd, 4319859.343, 107
Trd, 4319860.643, 139
Trd, 4319860.743, 131
Trd, 4319861.793, 122
Trd, 4319861.993, 125
Trd, 4319863.043, 111
Trd, 4319863.843, 140
Trd, 4319863.943, 121
Trd, 4319865.393, 140
Trd, 4319865.543, 137
Trd, 4319865.643, 129
Trd, 4319867.043, 128
Trd, 4319867.493, 119
Trd, 4319868.443, 139
Trd, 4319869.243, 134
Trd, 4319869.493, 96
Trd, 4319869.543, 95
Trd, 4319870.143, 66
Trd, 4319871.993, 127
Trd, 4319872.543, 140
Trd, 4319873.143, 132
Trd, 4319873.993, 118
Trd, 4319874.193, 117
Trd, 4319874.393, 130
Trd, 4319874.843, 138
Trd, 4319875.943, 133
Trd, 4319876.043, 124
Trd, 4319876.093, 116
Trd, 4319877.793, 140
Trd, 4319878.793, 137
Trd, 4319879.143, 119
Trd, 4319880.143, 101
Trd, 4319880.793, 132
Trd, 4319880.993, 93
Trd, 4319881.193, 93
Trd, 4319881.743, 139
Trd, 4319881.993, 113
Trd, 4319883.343, 137
Trd, 4319883.593, 98
Trd, 4319884.043, 131
Trd, 4319885.243, 140
Trd, 4319885.743, 112
Trd, 4319885.793, 98
Trd, 4319886.693, 65
Trd, 4319887.543, 101
Trd, 4319889.643, 109
Trd, 4319890.543, 121
Trd, 4319891.143, 116
Trd, 4319892.193, 137
Trd, 4319892.693, 137
Trd, 4319893.343, 135
Trd, 4319893.543, 117
Trd, 4319893.893, 109
Trd, 4319893.943, 104
Trd, 4319895.393, 63
Trd, 4319895.493, 64
Trd, 4319897.243, 62
Trd, 4319897.643, 64
Trd, 4319897.993, 77
Trd, 4319898.293, 63
Trd, 4319899.643, 136
Trd, 4319900.243, 140
Trd, 4319901.193, 135
Trd, 4319901.243, 134
Trd, 4319902.043, 127
Trd, 4319903.193, 140
Trd, 4319903.243, 134
Trd, 4319903.843, 128
Trd, 4319904.043, 123
Trd, 4319904.543, 121
Trd, 4319904.943, 115
Trd, 4319905.843, 140
Trd, 4319906.343, 139
Trd, 4319908.193, 135
Trd, 4319908.243, 122
Trd, 4319908.793, 138
Trd, 4319908.893, 122
Trd, 4319909.493, 109
Trd, 4319909.593, 102
Trd, 4319910.193, 65
Trd, 4319910.843, 127
Trd, 4319911.143, 139
Trd, 4319912.443, 139
Trd, 4319912.493, 122
Trd, 4319914.143, 120
Trd, 4319914.243, 116
Trd, 4319915.443, 119
Trd, 4319916.593, 138
Trd, 4319917.343, 120
Trd, 4319917.493, 89
Trd, 4319917.543, 83
Trd, 4319918.393, 140
Trd, 4319919.043, 132
Trd, 4319919.543, 138
Trd, 4319920.443, 139
Trd, 4319921.243, 134
Trd, 4319921.643, 81
Trd, 4319922.743, 125
Trd, 4319923.793, 137
Trd, 4319923.993, 129
Trd, 4319924.393, 91
Trd, 4319925.893, 139
Trd, 4319926.093, 128
Trd, 4319926.143, 120
Trd, 4319926.793, 65
Trd, 4319927.943, 61
Trd, 4319928.343, 87
Trd, 4319929.293, 140
Trd, 4319929.643, 138
Trd, 4319929.893, 137
Trd, 4319930.343, 124
Trd, 4319931.643, 140
Trd, 4319932.943, 138
Trd, 4319933.593, 136
Trd, 4319934.193, 129
Trd, 4319934.343, 112
Trd, 4319934.793, 83
Trd, 4319934.993, 76
Trd, 4319935.143, 113
Trd, 4319935.593, 64
Trd, 4319936.193, 132
Trd, 4319937.043, 137
Trd, 4319937.443, 124
Trd, 4319938.393, 112
Trd, 4319938.443, 111
Trd, 4319939.343, 139
Trd, 4319939.743, 127
Trd, 4319941.343, 136
Trd, 4319942.193, 125
Trd, 4319942.243, 117
Trd, 4319943.243, 108
Trd, 4319943.393, 104
Trd, 4319943.593, 123
Trd, 4319944.693, 62
Trd, 4319944.793, 74
Trd, 4319945.243, 105
Trd, 4319946.043, 116
Trd, 4319946.643, 108
Trd, 4319947.143, 116
Trd, 4319949.093, 140
Trd, 4319949.143, 137
Trd, 4319949.343, 121
Trd, 4319949.493, 83
Trd, 4319949.743, 103
Trd, 4319951.693, 120
Trd, 4319951.893, 102
Trd, 4319952.193, 132
Trd, 4319952.343, 124
Trd, 4319952.743, 67
Trd, 4319954.743, 77
Trd, 4319954.993, 75
Trd, 4319955.693, 83
Trd, 4319956.243, 135
Trd, 4319956.593, 107
Trd, 4319956.643, 81
Trd, 4319957.843, 136
Trd, 4319958.143, 127
Trd, 4319958.343, 95
Trd, 4319959.443, 61
Trd, 4319959.943, 66
Trd, 4319960.643, 63
Trd, 4319961.343, 63
Trd, 4319962.493, 117
Trd, 4319962.943, 101
Trd, 4319963.493, 95
Trd, 4319963.893, 134
Trd, 4319964.493, 102
Trd, 4319964.943, 140
Trd, 4319965.493, 119
Trd, 4319966.393, 64
Trd, 4319967.093, 74
Trd, 4319967.743, 118
Trd, 4319968.493, 64
Trd, 4319968.843, 66
Trd, 4319970.293, 140
Trd, 4319970.643, 137
Trd, 4319970.693, 135
Trd, 4319970.843, 128
Trd, 4319972.143, 60
Trd, 4319972.743, 69
Trd, 4319973.143, 61
Trd, 4319974.493, 70
Trd, 4319974.943, 60
Trd, 4319975.043, 73
Trd, 4319975.393, 72
Trd, 4319975.693, 86
Trd, 4319976.443, 65
Trd, 4319976.743, 63
Trd, 4319978.343, 60
Trd, 4319978.693, 69
Trd, 4319979.343, 139
Trd, 4319979.943, 62
Trd, 4319980.743, 133
Trd, 4319980.843, 131
Trd, 4319981.043, 124
Trd, 4319982.243, 97
Trd, 4319982.293, 106
Trd, 4319982.843, 82
Trd, 4319984.193, 139
Trd, 4319984.493, 90
Trd, 4319985.343, 135
Trd, 4319985.493, 133
Trd, 4319986.793, 136
Trd, 4319987.193, 133
Trd, 4319987.443, 127
Trd, 4319988.693, 61
Trd, 4319988.893, 61
Trd, 4319989.243, 78
Trd, 4319989.543, 90
Trd, 4319990.393, 60
Trd, 4319990.693, 72
Trd, 4319991.893, 63
Trd, 4319992.193, 64
Trd, 4319992.893, 66
Trd, 4319993.643, 63
Trd, 4319994.043, 94
Trd, 4319995.393, 64
Trd, 4319995.543, 60
Trd, 4319996.643, 60
Trd, 4319997.243, 61
Trd, 4319997.943, 62
Trd, 4319998.993, 60
