Trd, 4318124.243, 124
Trd, 4318124.743, 103
Trd, 4318124.843, 76
Trd, 4318125.693, 72
Trd, 4318126.043, 90
Trd, 4318127.593, 64
Trd, 4318127.893, 102
Trd, 4318128.843, 67
Trd, 4318129.043, 135
Trd, 4318129.893, 78
Trd, 4318130.543, 124
Trd, 4318131.243, 140
Trd, 4318131.843, 139
Trd, 4318132.393, 121
Trd, 4318133.243, 120
Trd, 4318133.343, 120
Trd, 4318133.993, 98
Trd, 4318136.143, 80
Trd, 4318136.693, 76
Trd, 4318136.893, 72
Trd, 4318137.493, 101
Trd, 4318138.093, 62
Trd, 4318138.743, 103
Trd, 4318139.093, 96
Trd, 4318139.543, 115
Trd, 4318139.993, 114
Trd, 4318140.843, 136
Trd, 4318141.693, 88
Trd, 4318141.993, 99
Trd, 4318142.693, 75
Trd, 4318143.893, 76
Trd, 4318144.643, 90
Trd, 4318144.993, 75
Trd, 4318146.593, 114
Trd, 4318147.893, 109
Trd, 4318148.043, 107
Trd, 4318148.293, 123
Trd, 4318149.393, 64
Trd, 4318149.543, 71
Trd, 4318149.893, 134
Trd, 4318151.443, 63
Trd, 4318152.543, 67
Trd, 4318152.593, 63
Trd, 4318153.993, 130
Trd, 4318154.143, 77
Trd, 4318154.243, 72
Trd, 4318156.393, 60
Trd, 4318156.693, 120
Trd, 4318156.793, 134
Trd, 4318160.143, 115
Trd, 4318160.943, 99
Trd, 4318162.043, 126
Trd, 4318162.443, 116
Trd, 4318163.893, 130
Trd, 4318163.993, 122
Trd, 4318165.643, 139
Trd, 4318165.793, 116
Trd, 4318166.193, 120
Trd, 4318167.243, 114
Trd, 4318167.443, 110
Trd, 4318167.893, 104
Trd, 4318170.443, 140
Trd, 4318171.843, 123
Trd, 4318172.893, 125
Trd, 4318173.043, 111
Trd, 4318173.193, 110
Trd, 4318173.393, 138
Trd, 4318174.043, 134
Trd, 4318174.543, 77
Trd, 4318174.843, 65
Trd, 4318175.893, 90
Trd, 4318176.443, 75
Trd, 4318176.693, 93
Trd, 4318176.943, 121
Trd, 4318177.543, 73
Trd, 4318178.793, 129
Trd, 4318179.643, 79
Trd, 4318179.943, 79
Trd, 4318180.643, 91
Trd, 4318181.593, 130
Trd, 4318182.743, 101
Trd, 4318183.243, 97
Trd, 4318184.393, 86
Trd, 4318184.793, 84
Trd, 4318185.593, 83
Trd, 4318186.143, 80
Trd, 4318187.443, 115
Trd, 4318187.843, 121
Trd, 4318188.343, 127
Trd, 4318189.093, 138
Trd, 4318189.643, 112
Trd, 4318190.293, 100
Trd, 4318191.193, 135
Trd, 4318192.743, 136
Trd, 4318194.143, 124
Trd, 4318194.243, 121
Trd, 4318194.393, 90
Trd, 4318194.793, 74
Trd, 4318195.243, 107
Trd, 4318195.343, 93
Trd, 4318196.743, 113
Trd, 4318197.043, 116
Trd, 4318197.243, 113
Trd, 4318197.393, 109
Trd, 4318198.493, 111
Trd, 4318199.843, 106
Trd, 4318200.543, 128
Trd, 4318201.493, 113
Trd, 4318201.843, 100
Trd, 4318202.843, 93
Trd, 4318203.793, 61
Trd, 4318204.693, 71
Trd, 4318205.193, 88
Trd, 4318205.743, 131
Trd, 4318206.243, 76
Trd, 4318207.143, 137
Trd, 4318207.593, 119
Trd, 4318207.793, 135
Trd, 4318209.043, 100
Trd, 4318209.443, 119
Trd, 4318210.243, 133
Trd, 4318210.393, 126
Trd, 4318211.393, 122
Trd, 4318211.793, 115
Trd, 4318212.643, 121
Trd, 4318212.793, 107
Trd, 4318213.843, 109
Trd, 4318214.193, 87
Trd, 4318214.343, 82
Trd, 4318214.443, 67
Trd, 4318216.443, 107
Trd, 4318216.593, 106
Trd, 4318217.193, 84
Trd, 4318218.093, 81
Trd, 4318218.743, 80
Trd, 4318218.893, 82
Trd, 4318219.893, 64
Trd, 4318219.993, 64
Trd, 4318221.043, 84
Trd, 4318222.193, 73
Trd, 4318223.543, 71
Trd, 4318223.793, 76
Trd, 4318224.593, 77
Trd, 4318225.243, 104
Trd, 4318225.293, 104
Trd, 4318225.493, 102
Trd, 4318227.443, 130
Trd, 4318227.643, 124
Trd, 4318227.793, 99
Trd, 4318230.493, 114
Trd, 4318230.943, 134
Trd, 4318231.193, 125
Trd, 4318231.393, 119
Trd, 4318232.093, 129
Trd, 4318232.193, 129
Trd, 4318232.943, 123
Trd, 4318233.793, 99
Trd, 4318234.193, 96
Trd, 4318235.493, 126
Trd, 4318236.393, 126
Trd, 4318236.993, 132
Trd, 4318237.443, 124
Trd, 4318237.593, 120
Trd, 4318238.093, 118
Trd, 4318238.693, 118
Trd, 4318240.093, 130
Trd, 4318240.843, 127
Trd, 4318242.593, 119
Trd, 4318243.543, 128
Trd, 4318243.993, 114
Trd, 4318244.793, 122
Trd, 4318245.193, 122
Trd, 4318245.593, 128
Trd, 4318245.643, 108
Trd, 4318246.593, 125
Trd, 4318247.743, 134
Trd, 4318248.643, 127
Trd, 4318249.093, 126
Trd, 4318249.543, 123
Trd, 4318250.543, 105
Trd, 4318251.643, 85
Trd, 4318252.043, 81
Trd, 4318253.443, 87
Trd, 4318253.543, 81
Trd, 4318253.993, 84
Trd, 4318255.193, 95
Trd, 4318255.743, 121
Trd, 4318257.043, 134
Trd, 4318257.443, 138
Trd, 4318259.043, 119
Trd, 4318259.243, 119
Trd, 4318260.743, 112
Trd, 4318261.193, 128
Trd, 4318261.543, 94
Trd, 4318261.943, 124
Trd, 4318262.243, 74
Trd, 4318263.943, 137
Trd, 4318265.243, 136
Trd, 4318265.343, 110
Trd, 4318265.443, 89
Trd, 4318267.543, 135
Trd, 4318268.043, 133
Trd, 4318270.493, 110
Trd, 4318270.543, 107
Trd, 4318271.293, 94
Trd, 4318271.543, 94
Trd, 4318271.593, 102
Trd, 4318273.043, 69
Trd, 4318273.593, 117
Trd, 4318273.893, 71
Trd, 4318274.943, 74
Trd, 4318276.393, 128
Trd, 4318277.243, 104
Trd, 4318278.293, 106
Trd, 4318279.343, 118
Trd, 4318279.393, 118
Trd, 4318279.443, 104
Trd, 4318280.393, 127
Trd, 4318281.443, 120
Trd, 4318281.793, 134
Trd, 4318281.843, 106
Trd, 4318282.893, 123
Trd, 4318282.943, 100
Trd, 4318283.943, 81
Trd, 4318284.193, 111
Trd, 4318284.443, 77
Trd, 4318285.293, 139
Trd, 4318286.043, 126
Trd, 4318286.293, 112
Trd, 4318287.343, 119
Trd, 4318287.943, 115
Trd, 4318288.443, 86
Trd, 4318289.843, 120
Trd, 4318290.043, 86
Trd, 4318291.443, 83
Trd, 4318292.093, 121
Trd, 4318292.143, 86
Trd, 4318292.193, 85
Trd, 4318293.493, 137
Trd, 4318293.843, 136
Trd, 4318294.543, 110
Trd, 4318295.593, 90
Trd, 4318296.793, 104
Trd, 4318296.893, 90
Trd, 4318298.343, 118
Trd, 4318298.493, 105
Trd, 4318299.043, 137
Trd, 4318299.443, 96
Trd, 4318299.743, 109
Trd, 4318300.143, 95
Trd, 4318301.693, 99
Trd, 4318301.793, 94
Trd, 4318302.093, 116
Trd, 4318302.993, 134
Trd, 4318303.943, 126
Trd, 4318306.343, 132
Trd, 4318307.093, 130
Trd, 4318307.293, 122
Trd, 4318308.343, 109
Trd, 4318308.543, 109
Trd, 4318309.493, 117
Trd, 4318310.443, 120
Trd, 4318310.593, 112
Trd, 4318310.843, 71
Trd, 4318311.743, 64
Trd, 4318311.843, 94
Trd, 4318314.143, 92
Trd, 4318315.043, 92
Trd, 4318315.743, 122
Trd, 4318315.893, 113
Trd, 4318315.993, 89
Trd, 4318316.893, 122
Trd, 4318318.293, 135
Trd, 4318318.643, 124
Trd, 4318319.443, 79
Trd, 4318321.043, 114
Trd, 4318321.793, 121
Trd, 4318322.443, 114
Trd, 4318322.643, 113
Trd, 4318323.793, 112
Trd, 4318324.143, 101
Trd, 4318324.693, 132
Trd, 4318324.843, 112
Trd, 4318326.893, 66
Trd, 4318327.643, 112
Trd, 4318328.293, 108
Trd, 4318328.743, 88
Trd, 4318329.643, 62
Trd, 4318329.943, 79
Trd, 4318331.093, 60
Trd, 4318331.943, 93
Trd, 4318333.143, 98
Trd, 4318333.293, 97
Trd, 4318333.493, 95
Trd, 4318333.543, 111
Trd, 4318335.293, 113
Trd, 4318335.693, 113
Trd, 4318336.843, 97
Trd, 4318337.243, 95
Trd, 4318337.543, 91
Trd, 4318338.193, 116
Trd, 4318339.543, 97
Trd, 4318340.943, 99
Trd, 4318341.343, 115
Trd, 4318341.743, 140
Trd, 4318341.943, 70
Trd, 4318342.593, 60
Trd, 4318343.693, 68
Trd, 4318344.343, 74
Trd, 4318345.993, 70
Trd, 4318346.943, 76
Trd, 4318346.993, 82
Trd, 4318347.143, 89
Trd, 4318347.343, 63
Trd, 4318347.643, 85
Trd, 4318348.643, 88
Trd, 4318349.993, 111
Trd, 4318350.793, 137
Trd, 4318351.093, 98
Trd, 4318352.043, 103
Trd, 4318352.993, 102
Trd, 4318353.493, 115
Trd, 4318353.893, 99
Trd, 4318355.143, 132
Trd, 4318356.193, 115
Trd, 4318357.043, 126
Trd, 4318357.443, 115
Trd, 4318357.943, 111
Trd, 4318358.343, 107
Trd, 4318358.793, 93
Trd, 4318359.543, 89
Trd, 4318360.343, 106
Trd, 4318360.843, 86
Trd, 4318362.093, 86
Trd, 4318362.493, 73
Trd, 4318363.693, 75
Trd, 4318364.443, 63
Trd, 4318365.943, 97
Trd, 4318366.793, 72
Trd, 4318367.093, 72
Trd, 4318367.293, 77
Trd, 4318368.143, 76
Trd, 4318368.243, 62
Trd, 4318368.893, 80
Trd, 4318370.243, 132
Trd, 4318370.543, 124
Trd, 4318371.743, 122
Trd, 4318372.143, 115
Trd, 4318373.643, 110
Trd, 4318373.843, 97
Trd, 4318376.193, 93
Trd, 4318376.243, 93
Trd, 4318376.343, 90
Trd, 4318376.893, 124
Trd, 4318376.943, 90
Trd, 4318377.743, 64
Trd, 4318377.893, 65
Trd, 4318378.393, 94
Trd, 4318379.643, 89
Trd, 4318380.293, 102
Trd, 4318380.793, 97
Trd, 4318382.093, 122
Trd, 4318383.443, 122
Trd, 4318383.793, 118
Trd, 4318384.543, 130
Trd, 4318384.593, 127
Trd, 4318384.893, 122
Trd, 4318385.193, 118
Trd, 4318385.843, 113
Trd, 4318386.143, 96
Trd, 4318387.693, 138
Trd, 4318388.943, 130
Trd, 4318389.093, 130
Trd, 4318389.543, 123
Trd, 4318390.243, 99
Trd, 4318390.843, 116
Trd, 4318392.643, 133
Trd, 4318392.893, 106
Trd, 4318393.543, 91
Trd, 4318395.443, 100
Trd, 4318395.893, 100
Trd, 4318396.193, 73
Trd, 4318396.543, 74
Trd, 4318397.793, 93
Trd, 4318398.643, 112
Trd, 4318399.493, 109
Trd, 4318399.643, 105
Trd, 4318399.993, 105
Trd, 4318400.443, 104
Trd, 4318400.643, 120
Trd, 4318400.743, 128
Trd, 4318402.643, 116
Trd, 4318402.793, 82
Trd, 4318404.093, 130
Trd, 4318405.093, 113
Trd, 4318405.843, 102
Trd, 4318406.493, 96
Trd, 4318406.693, 92
Trd, 4318408.193, 131
Trd, 4318408.743, 117
Trd, 4318409.193, 120
Trd, 4318410.293, 128
Trd, 4318410.643, 120
Trd, 4318411.093, 114
Trd, 4318412.193, 104
Trd, 4318412.793, 95
Trd, 4318413.543, 135
Trd, 4318414.343, 134
Trd, 4318414.443, 110
Trd, 4318415.593, 110
Trd, 4318416.093, 106
Trd, 4318416.493, 97
Trd, 4318417.243, 94
Trd, 4318418.043, 97
Trd, 4318418.893, 137
Trd, 4318418.943, 129
Trd, 4318419.193, 91
Trd, 4318420.593, 131
Trd, 4318420.893, 104
Trd, 4318421.293, 119
Trd, 4318422.793, 96
Trd, 4318424.393, 61
Trd, 4318424.693, 67
Trd, 4318424.843, 98
Trd, 4318425.443, 73
Trd, 4318426.593, 69
Trd, 4318427.143, 66
Trd, 4318427.843, 80
Trd, 4318428.993, 66
Trd, 4318430.143, 94
Trd, 4318431.093, 80
Trd, 4318431.593, 78
Trd, 4318431.693, 112
Trd, 4318432.693, 96
Trd, 4318433.243, 76
Trd, 4318433.343, 76
Trd, 4318434.043, 94
Trd, 4318434.243, 85
Trd, 4318435.043, 99
Trd, 4318435.093, 87
Trd, 4318435.843, 78
Trd, 4318437.193, 99
Trd, 4318438.193, 140
Trd, 4318438.493, 111
Trd, 4318438.893, 117
Trd, 4318440.193, 122
Trd, 4318440.643, 122
Trd, 4318441.293, 112
Trd, 4318443.093, 103
Trd, 4318443.943, 120
Trd, 4318444.243, 120
Trd, 4318445.043, 125
Trd, 4318445.393, 119
Trd, 4318445.593, 111
Trd, 4318445.843, 100
Trd, 4318446.193, 97
Trd, 4318447.043, 131
Trd, 4318448.693, 116
Trd, 4318448.793, 104
Trd, 4318449.043, 102
Trd, 4318449.193, 82
Trd, 4318451.343, 64
Trd, 4318453.193, 74
Trd, 4318453.443, 66
Trd, 4318453.993, 78
Trd, 4318454.643, 123
Trd, 4318455.843, 101
Trd, 4318456.093, 103
Trd, 4318456.893, 97
Trd, 4318457.493, 92
Trd, 4318457.693, 65
Trd, 4318458.393, 75
Trd, 4318458.743, 71
Trd, 4318458.893, 72
Trd, 4318459.693, 84
Trd, 4318460.193, 124
Trd, 4318461.193, 89
Trd, 4318461.743, 100
Trd, 4318462.193, 99
Trd, 4318462.943, 125
Trd, 4318463.643, 116
Trd, 4318464.993, 105
Trd, 4318465.793, 138
Trd, 4318466.493, 124
Trd, 4318467.493, 120
Trd, 4318467.593, 117
Trd, 4318468.693, 127
Trd, 4318470.093, 85
Trd, 4318470.843, 78
Trd, 4318471.093, 75
Trd, 4318472.093, 83
Trd, 4318472.843, 81
Trd, 4318473.593, 131
Trd, 4318475.093, 114
Trd, 4318476.293, 139
Trd, 4318476.793, 138
Trd, 4318477.143, 130
Trd, 4318477.343, 122
Trd, 4318479.393, 90
Trd, 4318480.143, 62
Trd, 4318480.293, 78
Trd, 4318481.443, 108
Trd, 4318482.493, 114
Trd, 4318483.493, 108
Trd, 4318483.793, 108
Trd, 4318484.243, 133
Trd, 4318484.493, 102
Trd, 4318484.793, 99
Trd, 4318485.943, 128
Trd, 4318486.093, 94
Trd, 4318486.793, 93
Trd, 4318488.643, 102
Trd, 4318489.143, 122
Trd, 4318489.993, 109
Trd, 4318490.543, 112
Trd, 4318490.893, 108
Trd, 4318491.193, 106
Trd, 4318492.643, 135
Trd, 4318493.893, 133
Trd, 4318494.393, 126
Trd, 4318494.943, 121
Trd, 4318495.293, 121
Trd, 4318495.993, 102
Trd, 4318496.143, 96
Trd, 4318496.493, 77
Trd, 4318496.943, 62
Trd, 4318498.193, 96
Trd, 4318499.143, 64
Trd, 4318500.293, 68
Trd, 4318501.443, 71
Trd, 4318502.043, 73
Trd, 4318502.493, 96
Trd, 4318502.643, 98
Trd, 4318503.543, 72
Trd, 4318504.243, 63
Trd, 4318504.993, 77
Trd, 4318506.143, 68
Trd, 4318506.593, 65
Trd, 4318506.643, 102
Trd, 4318507.693, 83
Trd, 4318507.943, 65
Trd, 4318508.943, 119
Trd, 4318510.143, 122
Trd, 4318510.593, 98
Trd, 4318510.743, 103
Trd, 4318512.193, 60
Trd, 4318513.443, 75
Trd, 4318514.493, 108
Trd, 4318515.743, 102
Trd, 4318516.143, 96
Trd, 4318516.193, 96
Trd, 4318517.493, 137
Trd, 4318517.643, 137
Trd, 4318518.093, 63
Trd, 4318519.843, 66
Trd, 4318519.943, 84
Trd, 4318520.743, 73
Trd, 4318520.793, 95
Trd, 4318521.893, 84
Trd, 4318522.093, 111
Trd, 4318522.793, 108
Trd, 4318523.543, 88
Trd, 4318524.393, 97
Trd, 4318525.393, 134
Trd, 4318525.593, 109
Trd, 4318526.593, 88
Trd, 4318526.893, 127
Trd, 4318527.843, 62
Trd, 4318527.993, 63
Trd, 4318529.643, 107
Trd, 4318530.443, 89
Trd, 4318530.693, 115
Trd, 4318530.843, 70
Trd, 4318532.243, 97
Trd, 4318532.343, 117
Trd, 4318532.643, 72
Trd, 4318535.293, 61
Trd, 4318535.443, 77
Trd, 4318537.193, 139
Trd, 4318537.643, 139
Trd, 4318538.043, 131
Trd, 4318538.993, 119
Trd, 4318540.393, 88
Trd, 4318540.543, 95
Trd, 4318540.893, 93
Trd, 4318542.543, 90
Trd, 4318542.943, 105
Trd, 4318543.643, 78
Trd, 4318543.943, 80
Trd, 4318544.293, 80
Trd, 4318544.593, 80
Trd, 4318545.693, 103
Trd, 4318547.243, 125
Trd, 4318547.343, 125
Trd, 4318548.693, 116
Trd, 4318549.343, 109
Trd, 4318549.793, 109
Trd, 4318551.193, 109
Trd, 4318551.893, 106
Trd, 4318552.693, 90
Trd, 4318553.343, 113
Trd, 4318553.543, 134
Trd, 4318553.593, 90
Trd, 4318554.043, 83
Trd, 4318554.643, 67
Trd, 4318556.843, 97
Trd, 4318557.143, 96
Trd, 4318557.493, 85
Trd, 4318558.543, 78
Trd, 4318560.243, 60
Trd, 4318560.593, 85
Trd, 4318561.393, 99
Trd, 4318562.343, 64
Trd, 4318564.293, 68
Trd, 4318565.293, 70
Trd, 4318565.643, 119
Trd, 4318567.493, 73
Trd, 4318567.893, 95
Trd, 4318568.543, 117
Trd, 4318568.593, 65
Trd, 4318568.743, 65
Trd, 4318569.343, 80
Trd, 4318569.843, 87
Trd, 4318569.943, 96
Trd, 4318571.543, 118
Trd, 4318571.943, 123
Trd, 4318573.743, 119
Trd, 4318574.843, 118
Trd, 4318574.893, 114
Trd, 4318575.243, 108
Trd, 4318575.693, 108
Trd, 4318575.843, 106
Trd, 4318576.343, 62
Trd, 4318578.243, 120
Trd, 4318578.643, 89
Trd, 4318579.393, 64
Trd, 4318579.643, 87
Trd, 4318580.593, 107
Trd, 4318582.143, 100
Trd, 4318582.243, 97
Trd, 4318582.843, 72
Trd, 4318583.643, 62
Trd, 4318585.493, 61
Trd, 4318586.243, 95
Trd, 4318587.343, 61
Trd, 4318589.293, 82
Trd, 4318589.593, 107
Trd, 4318589.793, 133
Trd, 4318590.793, 74
Trd, 4318591.243, 72
Trd, 4318592.343, 124
Trd, 4318593.593, 98
Trd, 4318593.893, 98
Trd, 4318594.293, 98
Trd, 4318594.543, 106
Trd, 4318595.143, 91
Trd, 4318595.793, 89
Trd, 4318597.393, 98
Trd, 4318597.593, 103
Trd, 4318598.093, 117
Trd, 4318598.243, 127
Trd, 4318598.943, 90
Trd, 4318599.143, 108
Trd, 4318599.743, 125
Trd, 4318600.193, 125
Trd, 4318601.593, 93
Trd, 4318602.993, 138
Trd, 4318603.243, 130
Trd, 4318603.343, 100
Trd, 4318603.843, 84
Trd, 4318605.293, 84
Trd, 4318606.543, 104
Trd, 4318606.593, 78
Trd, 4318607.393, 80
Trd, 4318608.193, 66
Trd, 4318609.193, 120
Trd, 4318609.493, 111
Trd, 4318610.443, 81
Trd, 4318610.843, 133
Trd, 4318611.743, 119
Trd, 4318611.893, 122
Trd, 4318613.593, 124
Trd, 4318614.043, 131
Trd, 4318614.243, 122
Trd, 4318614.493, 119
Trd, 4318615.093, 133
Trd, 4318615.393, 125
Trd, 4318616.543, 73
Trd, 4318617.493, 84
Trd, 4318619.443, 87
Trd, 4318620.393, 96
Trd, 4318621.193, 104
Trd, 4318621.893, 104
Trd, 4318621.943, 98
Trd, 4318622.493, 87
Trd, 4318622.743, 73
Trd, 4318622.993, 91
Trd, 4318624.593, 62
Trd, 4318626.093, 62
Trd, 4318626.743, 71
Trd, 4318627.443, 101
Trd, 4318627.793, 61
Trd, 4318628.843, 140
Trd, 4318629.943, 71
Trd, 4318630.143, 86
Trd, 4318631.293, 95
Trd, 4318632.143, 84
Trd, 4318633.093, 110
Trd, 4318633.843, 104
Trd, 4318634.043, 131
Trd, 4318634.743, 127
Trd, 4318635.043, 100
Trd, 4318636.093, 88
Trd, 4318636.743, 86
Trd, 4318637.193, 86
Trd, 4318637.243, 86
Trd, 4318638.193, 72
Trd, 4318638.993, 89
Trd, 4318639.393, 115
Trd, 4318639.643, 83
Trd, 4318640.343, 111
Trd, 4318640.593, 110
Trd, 4318643.193, 101
Trd, 4318643.443, 97
Trd, 4318643.893, 91
Trd, 4318645.443, 129
Trd, 4318646.093, 110
Trd, 4318646.593, 96
Trd, 4318647.493, 86
Trd, 4318647.543, 84
Trd, 4318647.743, 98
Trd, 4318648.543, 124
Trd, 4318649.543, 116
Trd, 4318649.843, 114
Trd, 4318650.543, 98
Trd, 4318651.143, 81
Trd, 4318651.843, 78
Trd, 4318652.593, 125
Trd, 4318652.793, 110
Trd, 4318653.593, 132
Trd, 4318653.843, 98
Trd, 4318654.593, 137
Trd, 4318655.943, 101
Trd, 4318656.743, 93
Trd, 4318656.893, 89
Trd, 4318657.093, 71
Trd, 4318659.043, 103
Trd, 4318659.543, 98
Trd, 4318659.643, 78
Trd, 4318659.943, 109
Trd, 4318660.143, 107
Trd, 4318661.643, 88
Trd, 4318662.343, 98
Trd, 4318662.993, 64
Trd, 4318663.243, 85
Trd, 4318663.993, 109
Trd, 4318664.243, 91
Trd, 4318664.643, 126
Trd, 4318665.843, 111
Trd, 4318666.043, 131
Trd, 4318666.643, 69
Trd, 4318667.993, 119
Trd, 4318669.593, 84
Trd, 4318669.793, 80
Trd, 4318669.843, 94
Trd, 4318670.993, 66
Trd, 4318672.743, 77
Trd, 4318672.843, 83
Trd, 4318672.943, 131
Trd, 4318673.943, 67
Trd, 4318673.993, 65
Trd, 4318675.093, 66
Trd, 4318675.643, 65
Trd, 4318675.843, 64
Trd, 4318678.793, 97
Trd, 4318679.143, 113
Trd, 4318679.243, 98
Trd, 4318679.943, 126
Trd, 4318681.993, 92
Trd, 4318682.093, 90
Trd, 4318682.643, 97
Trd, 4318684.093, 100
Trd, 4318684.643, 95
Trd, 4318686.393, 113
Trd, 4318687.293, 121
Trd, 4318687.543, 87
Trd, 4318687.943, 72
Trd, 4318688.343, 64
Trd, 4318690.543, 68
Trd, 4318691.343, 73
Trd, 4318692.293, 121
Trd, 4318693.843, 121
Trd, 4318694.693, 112
Trd, 4318694.743, 111
Trd, 4318695.343, 100
Trd, 4318695.693, 77
Trd, 4318696.393, 121
Trd, 4318697.793, 138
Trd, 4318697.993, 116
Trd, 4318698.543, 79
Trd, 4318698.593, 75
Trd, 4318699.693, 65
Trd, 4318700.143, 73
Trd, 4318700.443, 73
Trd, 4318701.143, 63
Trd, 4318701.393, 65
Trd, 4318701.943, 75
Trd, 4318703.143, 123
Trd, 4318704.143, 115
Trd, 4318705.343, 95
Trd, 4318705.493, 95
Trd, 4318706.293, 116
Trd, 4318706.643, 95
Trd, 4318706.793, 129
Trd, 4318707.443, 91
Trd, 4318707.843, 88
Trd, 4318707.893, 85
Trd, 4318710.093, 68
Trd, 4318710.693, 90
Trd, 4318711.343, 78
Trd, 4318711.993, 94
Trd, 4318713.243, 75
Trd, 4318713.643, 65
Trd, 4318713.793, 74
Trd, 4318713.993, 96
Trd, 4318714.543, 110
Trd, 4318715.243, 128
Trd, 4318716.043, 96
Trd, 4318717.043, 88
Trd, 4318717.993, 100
Trd, 4318718.093, 100
Trd, 4318719.743, 88
Trd, 4318719.893, 88
Trd, 4318719.943, 86
Trd, 4318720.343, 86
Trd, 4318720.843, 73
Trd, 4318722.693, 80
Trd, 4318723.643, 112
Trd, 4318724.093, 97
Trd, 4318724.243, 122
Trd, 4318724.893, 96
Trd, 4318725.443, 88
Trd, 4318726.943, 99
Trd, 4318727.893, 104
Trd, 4318728.043, 73
Trd, 4318728.493, 73
Trd, 4318729.193, 113
Trd, 4318730.593, 60
Trd, 4318730.893, 64
Trd, 4318731.243, 76
Trd, 4318732.243, 86
Trd, 4318732.793, 116
Trd, 4318733.893, 65
Trd, 4318734.643, 60
Trd, 4318735.543, 61
Trd, 4318735.693, 73
Trd, 4318736.543, 60
Trd, 4318737.843, 95
Trd, 4318738.393, 116
Trd, 4318738.793, 118
Trd, 4318739.093, 71
Trd, 4318739.343, 124
Trd, 4318741.193, 88
Trd, 4318741.243, 75
Trd, 4318741.893, 78
Trd, 4318742.643, 81
Trd, 4318743.493, 104
Trd, 4318745.993, 105
Trd, 4318746.193, 105
Trd, 4318746.443, 129
Trd, 4318747.093, 104
Trd, 4318747.343, 97
Trd, 4318747.693, 96
Trd, 4318747.943, 91
Trd, 4318748.093, 75
Trd, 4318749.393, 82
Trd, 4318750.243, 89
Trd, 4318751.343, 121
Trd, 4318751.493, 115
Trd, 4318751.793, 101
Trd, 4318752.493, 89
Trd, 4318752.693, 97
Trd, 4318754.093, 68
Trd, 4318754.343, 60
Trd, 4318755.243, 82
Trd, 4318755.543, 89
Trd, 4318757.393, 117
Trd, 4318757.643, 114
Trd, 4318757.693, 112
Trd, 4318758.493, 94
Trd, 4318758.593, 75
Trd, 4318760.043, 115
Trd, 4318761.943, 75
Trd, 4318762.093, 72
Trd, 4318762.593, 66
Trd, 4318764.243, 117
Trd, 4318764.743, 107
Trd, 4318764.843, 106
Trd, 4318765.543, 130
Trd, 4318766.793, 110
Trd, 4318768.743, 72
Trd, 4318769.493, 84
Trd, 4318770.293, 67
Trd, 4318771.093, 63
Trd, 4318771.143, 63
Trd, 4318771.843, 75
Trd, 4318774.093, 121
Trd, 4318774.393, 101
Trd, 4318775.093, 120
Trd, 4318775.493, 102
Trd, 4318775.593, 89
Trd, 4318776.243, 128
Trd, 4318777.343, 124
Trd, 4318777.543, 121
Trd, 4318778.193, 121
Trd, 4318778.293, 114
Trd, 4318779.843, 139
Trd, 4318779.943, 125
Trd, 4318780.743, 101
Trd, 4318782.343, 122
Trd, 4318782.443, 97
Trd, 4318783.693, 60
Trd, 4318783.843, 62
Trd, 4318784.243, 114
Trd, 4318786.193, 96
Trd, 4318786.293, 86
Trd, 4318786.543, 132
Trd, 4318787.293, 85
Trd, 4318788.143, 109
Trd, 4318788.593, 91
Trd, 4318789.493, 119
Trd, 4318790.543, 118
Trd, 4318791.943, 127
Trd, 4318792.443, 117
Trd, 4318792.943, 113
Trd, 4318793.043, 107
Trd, 4318794.743, 89
Trd, 4318795.093, 100
Trd, 4318795.443, 91
Trd, 4318796.643, 87
Trd, 4318796.843, 113
Trd, 4318797.493, 80
Trd, 4318798.943, 117
Trd, 4318799.393, 115
Trd, 4318800.493, 131
Trd, 4318800.993, 109
Trd, 4318801.943, 110
Trd, 4318802.293, 107
Trd, 4318802.593, 106
Trd, 4318802.893, 100
Trd, 4318803.243, 134
Trd, 4318805.843, 92
Trd, 4318806.243, 100
Trd, 4318806.593, 92
Trd, 4318807.343, 128
Trd, 4318808.043, 121
Trd, 4318808.293, 114
Trd, 4318808.593, 125
Trd, 4318811.293, 110
Trd, 4318811.443, 105
Trd, 4318811.943, 105
Trd, 4318812.493, 82
Trd, 4318812.543, 82
Trd, 4318813.843, 82
Trd, 4318814.043, 66
Trd, 4318815.343, 123
Trd, 4318815.493, 117
Trd, 4318815.993, 65
Trd, 4318816.693, 119
Trd, 4318817.393, 125
Trd, 4318818.043, 111
Trd, 4318819.443, 140
Trd, 4318819.593, 129
Trd, 4318820.093, 95
Trd, 4318820.493, 101
Trd, 4318820.943, 80
Trd, 4318822.543, 88
Trd, 4318822.943, 108
Trd, 4318823.843, 113
Trd, 4318823.943, 107
Trd, 4318824.493, 108
Trd, 4318825.743, 95
Trd, 4318826.543, 91
Trd, 4318826.793, 89
Trd, 4318828.193, 134
Trd, 4318828.793, 96
Trd, 4318829.243, 127
Trd, 4318830.343, 110
Trd, 4318830.593, 103
Trd, 4318831.143, 102
Trd, 4318831.543, 97
Trd, 4318831.943, 94
Trd, 4318832.143, 107
Trd, 4318832.843, 75
Trd, 4318833.743, 93
Trd, 4318834.943, 64
Trd, 4318835.943, 83
Trd, 4318835.993, 101
Trd, 4318837.793, 101
Trd, 4318838.543, 98
Trd, 4318838.593, 96
Trd, 4318838.993, 92
Trd, 4318839.293, 83
Trd, 4318839.643, 99
Trd, 4318840.393, 83
Trd, 4318840.893, 83
Trd, 4318840.943, 82
Trd, 4318841.093, 77
Trd, 4318843.893, 99
Trd, 4318844.843, 116
Trd, 4318847.243, 133
Trd, 4318847.643, 129
Trd, 4318848.443, 118
Trd, 4318848.843, 139
Trd, 4318850.093, 116
Trd, 4318850.493, 134
Trd, 4318851.043, 106
Trd, 4318851.193, 101
Trd, 4318852.193, 88
Trd, 4318852.593, 86
Trd, 4318853.443, 82
Trd, 4318853.643, 83
Trd, 4318854.193, 92
Trd, 4318854.943, 88
Trd, 4318855.793, 111
Trd, 4318857.443, 110
Trd, 4318858.143, 113
Trd, 4318858.493, 128
Trd, 4318859.143, 90
Trd, 4318859.643, 116
Trd, 4318860.793, 116
Trd, 4318861.393, 136
Trd, 4318861.743, 136
Trd, 4318861.943, 90
Trd, 4318862.043, 85
Trd, 4318863.793, 110
Trd, 4318863.993, 110
Trd, 4318864.443, 104
Trd, 4318864.743, 83
Trd, 4318867.493, 132
Trd, 4318867.793, 121
Trd, 4318867.843, 121
Trd, 4318867.993, 104
Trd, 4318868.993, 104
Trd, 4318869.143, 106
Trd, 4318870.643, 130
Trd, 4318870.743, 128
Trd, 4318871.193, 125
Trd, 4318872.093, 123
Trd, 4318872.293, 101
Trd, 4318873.393, 85
Trd, 4318874.993, 100
Trd, 4318876.043, 78
Trd, 4318876.193, 88
Trd, 4318876.343, 78
Trd, 4318877.043, 91
Trd, 4318878.443, 92
Trd, 4318879.393, 121
Trd, 4318879.493, 116
Trd, 4318879.693, 89
Trd, 4318880.593, 61
Trd, 4318881.843, 90
Trd, 4318882.893, 108
Trd, 4318883.243, 90
Trd, 4318883.493, 89
Trd, 4318884.443, 131
Trd, 4318884.643, 126
Trd, 4318884.943, 117
Trd, 4318886.393, 140
Trd, 4318886.793, 139
Trd, 4318887.643, 131
Trd, 4318888.043, 123
Trd, 4318888.093, 111
Trd, 4318890.293, 115
Trd, 4318890.343, 109
Trd, 4318891.093, 101
Trd, 4318891.593, 107
Trd, 4318891.893, 96
Trd, 4318892.043, 96
Trd, 4318893.093, 134
Trd, 4318893.393, 126
Trd, 4318893.793, 121
Trd, 4318894.243, 90
Trd, 4318896.143, 121
Trd, 4318896.193, 101
Trd, 4318896.843, 105
Trd, 4318897.343, 109
Trd, 4318898.193, 103
Trd, 4318898.293, 101
Trd, 4318899.293, 126
Trd, 4318900.493, 139
Trd, 4318900.793, 122
Trd, 4318901.293, 101
Trd, 4318901.393, 100
Trd, 4318901.943, 95
Trd, 4318903.393, 62
Trd, 4318903.793, 91
Trd, 4318905.043, 138
Trd, 4318905.243, 124
Trd, 4318906.643, 111
Trd, 4318907.693, 132
Trd, 4318908.093, 111
Trd, 4318908.643, 100
Trd, 4318909.293, 87
Trd, 4318909.543, 82
Trd, 4318909.593, 66
Trd, 4318911.143, 107
Trd, 4318911.593, 84
Trd, 4318912.743, 93
Trd, 4318914.193, 119
Trd, 4318914.343, 119
Trd, 4318914.843, 88
Trd, 4318915.443, 98
Trd, 4318917.843, 87
Trd, 4318917.943, 119
Trd, 4318918.993, 118
Trd, 4318919.193, 117
Trd, 4318919.443, 129
Trd, 4318920.143, 127
Trd, 4318920.793, 132
Trd, 4318920.893, 116
Trd, 4318922.443, 110
Trd, 4318922.993, 111
Trd, 4318924.443, 121
Trd, 4318924.543, 115
Trd, 4318925.593, 119
Trd, 4318926.243, 114
Trd, 4318926.643, 118
Trd, 4318927.193, 74
Trd, 4318927.793, 101
Trd, 4318929.293, 100
Trd, 4318930.243, 96
Trd, 4318930.943, 90
Trd, 4318930.993, 89
Trd, 4318931.193, 87
Trd, 4318931.393, 86
Trd, 4318932.493, 80
Trd, 4318932.793, 115
Trd, 4318935.193, 134
Trd, 4318935.393, 129
Trd, 4318935.793, 126
Trd, 4318935.843, 119
Trd, 4318936.643, 106
Trd, 4318938.493, 134
Trd, 4318938.743, 117
Trd, 4318939.893, 114
Trd, 4318939.943, 113
Trd, 4318940.693, 116
Trd, 4318940.743, 132
Trd, 4318940.893, 111
Trd, 4318941.243, 110
Trd, 4318941.743, 102
Trd, 4318941.943, 84
Trd, 4318943.743, 124
Trd, 4318944.693, 123
Trd, 4318944.793, 126
Trd, 4318945.043, 103
Trd, 4318946.593, 97
Trd, 4318946.793, 99
Trd, 4318947.543, 102
Trd, 4318947.593, 95
Trd, 4318947.693, 107
Trd, 4318947.843, 95
Trd, 4318949.593, 81
Trd, 4318951.043, 117
Trd, 4318952.243, 136
Trd, 4318952.643, 65
Trd, 4318955.043, 79
Trd, 4318955.943, 61
Trd, 4318955.993, 67
Trd, 4318956.143, 72
Trd, 4318956.393, 62
Trd, 4318956.743, 89
Trd, 4318957.993, 60
Trd, 4318958.493, 69
Trd, 4318959.943, 84
Trd, 4318960.643, 80
Trd, 4318961.093, 83
Trd, 4318961.193, 84
Trd, 4318961.293, 76
Trd, 4318961.693, 88
Trd, 4318963.393, 91
Trd, 4318965.393, 85
Trd, 4318965.943, 78
Trd, 4318966.043, 75
Trd, 4318967.343, 106
Trd, 4318969.543, 125
Trd, 4318969.943, 125
Trd, 4318971.343, 93
Trd, 4318971.893, 119
Trd, 4318972.543, 67
Trd, 4318972.693, 62
Trd, 4318973.993, 69
Trd, 4318975.593, 93
Trd, 4318976.043, 136
Trd, 4318976.443, 120
Trd, 4318976.943, 80
Trd, 4318977.243, 132
Trd, 4318977.643, 93
Trd, 4318978.093, 100
Trd, 4318978.443, 75
Trd, 4318980.093, 124
Trd, 4318981.343, 103
Trd, 4318981.493, 102
Trd, 4318981.743, 101
Trd, 4318982.793, 136
Trd, 4318983.743, 125
Trd, 4318984.093, 115
Trd, 4318985.293, 89
Trd, 4318985.543, 89
Trd, 4318985.993, 115
Trd, 4318988.193, 115
Trd, 4318988.593, 72
Trd, 4318988.793, 77
Trd, 4318989.443, 139
Trd, 4318990.093, 136
Trd, 4318990.343, 136
Trd, 4318990.743, 114
Trd, 4318991.093, 119
Trd, 4318992.793, 80
Trd, 4318993.143, 64
Trd, 4318993.293, 78
Trd, 4318995.243, 130
Trd, 4318996.693, 71
Trd, 4318997.343, 113
Trd, 4318998.893, 116
Trd, 4318999.343, 114
Trd, 4318999.393, 107
Trd, 4319000.043, 91
Trd, 4319000.193, 83
Trd, 4319001.543, 98
Trd, 4319002.043, 113
Trd, 4319002.993, 130
Trd, 4319003.393, 118
Trd, 4319004.193, 121
Trd, 4319005.143, 105
Trd, 4319005.993, 127
Trd, 4319006.043, 127
Trd, 4319006.293, 99
Trd, 4319006.693, 68
Trd, 4319007.993, 109
Trd, 4319008.493, 123
Trd, 4319009.343, 135
Trd, 4319009.593, 112
Trd, 4319009.843, 105
Trd, 4319009.943, 104
Trd, 4319010.243, 105
Trd, 4319012.293, 118
Trd, 4319014.043, 137
Trd, 4319014.793, 134
Trd, 4319015.643, 128
Trd, 4319015.793, 121
Trd, 4319015.943, 101
Trd, 4319017.043, 137
Trd, 4319017.393, 129
Trd, 4319017.443, 128
Trd, 4319019.393, 109
Trd, 4319020.093, 124
Trd, 4319020.193, 116
Trd, 4319021.243, 113
Trd, 4319021.593, 108
Trd, 4319021.943, 136
Trd, 4319022.293, 90
Trd, 4319023.793, 68
Trd, 4319024.193, 66
Trd, 4319025.493, 112
Trd, 4319025.693, 121
Trd, 4319025.793, 112
Trd, 4319027.393, 127
Trd, 4319027.793, 93
Trd, 4319028.793, 114
Trd, 4319028.893, 102
Trd, 4319029.793, 89
Trd, 4319030.893, 74
Trd, 4319031.493, 77
Trd, 4319031.843, 67
Trd, 4319032.043, 103
Trd, 4319033.243, 133
Trd, 4319034.543, 126
Trd, 4319035.193, 134
Trd, 4319035.493, 128
Trd, 4319036.093, 125
Trd, 4319036.943, 68
Trd, 4319037.543, 133
Trd, 4319038.243, 121
Trd, 4319038.743, 106
Trd, 4319039.693, 90
Trd, 4319040.593, 92
Trd, 4319040.893, 90
Trd, 4319042.593, 75
Trd, 4319042.693, 105
Trd, 4319044.043, 80
Trd, 4319044.693, 76
Trd, 4319045.593, 81
Trd, 4319046.343, 122
Trd, 4319046.543, 89
Trd, 4319047.793, 99
Trd, 4319048.193, 87
Trd, 4319048.393, 87
Trd, 4319049.093, 121
Trd, 4319049.393, 95
Trd, 4319050.093, 87
Trd, 4319050.843, 110
Trd, 4319052.193, 102
Trd, 4319052.793, 97
Trd, 4319053.293, 121
Trd, 4319053.493, 82
Trd, 4319053.943, 111
Trd, 4319054.693, 110
Trd, 4319055.293, 95
Trd, 4319055.543, 81
Trd, 4319056.343, 136
Trd, 4319057.243, 130
Trd, 4319057.693, 111
Trd, 4319057.993, 111
Trd, 4319059.643, 85
Trd, 4319060.193, 133
Trd, 4319060.393, 132
Trd, 4319060.493, 126
Trd, 4319061.243, 92
Trd, 4319062.343, 78
Trd, 4319063.793, 101
Trd, 4319064.493, 91
Trd, 4319065.243, 120
Trd, 4319065.293, 109
Trd, 4319066.393, 79
Trd, 4319066.693, 109
Trd, 4319066.743, 79
Trd, 4319069.643, 137
Trd, 4319069.793, 137
Trd, 4319069.843, 129
Trd, 4319070.293, 118
Trd, 4319071.243, 126
Trd, 4319071.743, 105
Trd, 4319071.893, 95
Trd, 4319073.993, 108
Trd, 4319074.293, 103
Trd, 4319074.943, 102
Trd, 4319075.193, 94
Trd, 4319075.693, 77
Trd, 4319077.343, 111
Trd, 4319077.643, 110
Trd, 4319078.143, 98
Trd, 4319078.743, 95
Trd, 4319078.993, 77
Trd, 4319080.693, 120
Trd, 4319080.743, 103
Trd, 4319081.843, 102
Trd, 4319081.943, 71
Trd, 4319083.443, 73
Trd, 4319083.743, 68
Trd, 4319083.893, 80
Trd, 4319084.743, 120
Trd, 4319085.043, 96
Trd, 4319086.743, 133
Trd, 4319087.043, 126
Trd, 4319087.793, 132
Trd, 4319088.143, 103
Trd, 4319088.943, 75
Trd, 4319089.043, 66
Trd, 4319090.043, 105
Trd, 4319091.393, 79
Trd, 4319092.243, 77
Trd, 4319092.493, 140
Trd, 4319092.893, 107
Trd, 4319093.743, 77
Trd, 4319094.393, 130
Trd, 4319094.443, 124
Trd, 4319095.293, 138
Trd, 4319096.293, 114
Trd, 4319097.393, 97
Trd, 4319097.693, 109
Trd, 4319097.993, 75
Trd, 4319098.043, 75
Trd, 4319098.343, 102
Trd, 4319099.743, 109
Trd, 4319100.093, 128
Trd, 4319100.193, 86
Trd, 4319100.893, 74
Trd, 4319101.743, 96
Trd, 4319103.593, 90
Trd, 4319103.643, 83
Trd, 4319104.343, 80
Trd, 4319105.493, 99
Trd, 4319105.893, 94
Trd, 4319106.243, 102
Trd, 4319107.193, 98
Trd, 4319107.493, 97
Trd, 4319107.643, 92
Trd, 4319109.193, 105
Trd, 4319110.393, 91
Trd, 4319112.193, 128
Trd, 4319112.593, 76
Trd, 4319112.743, 109
Trd, 4319113.793, 129
Trd, 4319114.693, 132
Trd, 4319114.793, 125
Trd, 4319114.993, 94
Trd, 4319115.793, 80
Trd, 4319116.843, 76
Trd, 4319117.393, 114
Trd, 4319117.543, 102
Trd, 4319118.593, 82
Trd, 4319120.393, 112
Trd, 4319120.743, 139
Trd, 4319121.043, 107
Trd, 4319121.693, 104
Trd, 4319122.543, 118
Trd, 4319122.643, 112
Trd, 4319125.193, 111
Trd, 4319126.593, 105
Trd, 4319126.993, 111
Trd, 4319127.693, 116
Trd, 4319127.943, 121
Trd, 4319128.643, 96
Trd, 4319128.743, 95
Trd, 4319129.593, 119
Trd, 4319129.993, 105
Trd, 4319131.043, 107
Trd, 4319131.593, 111
Trd, 4319132.243, 100
Trd, 4319132.693, 91
Trd, 4319133.393, 84
Trd, 4319133.643, 112
Trd, 4319134.093, 109
Trd, 4319135.543, 62
Trd, 4319135.843, 95
Trd, 4319136.493, 121
Trd, 4319136.993, 121
Trd, 4319137.893, 118
Trd, 4319138.393, 139
Trd, 4319138.593, 131
Trd, 4319139.193, 126
Trd, 4319140.293, 101
Trd, 4319140.993, 134
Trd, 4319141.343, 86
Trd, 4319141.793, 61
Trd, 4319142.343, 68
Trd, 4319144.643, 74
Trd, 4319144.943, 85
Trd, 4319145.593, 70
Trd, 4319145.993, 72
Trd, 4319146.343, 102
Trd, 4319147.543, 64
Trd, 4319147.693, 68
Trd, 4319147.793, 101
Trd, 4319150.343, 100
Trd, 4319151.143, 101
Trd, 4319151.193, 98
Trd, 4319151.643, 139
Trd, 4319152.443, 104
Trd, 4319152.993, 110
Trd, 4319153.993, 121
Trd, 4319154.143, 114
Trd, 4319154.243, 70
Trd, 4319154.793, 74
Trd, 4319155.493, 81
Trd, 4319156.893, 88
Trd, 4319157.693, 77
Trd, 4319158.243, 126
Trd, 4319158.743, 75
Trd, 4319160.643, 63
Trd, 4319161.193, 61
Trd, 4319162.643, 106
Trd, 4319164.593, 129
Trd, 4319165.643, 126
Trd, 4319165.793, 116
Trd, 4319166.493, 123
Trd, 4319167.843, 137
Trd, 4319168.743, 135
Trd, 4319168.993, 122
Trd, 4319169.243, 120
Trd, 4319170.293, 102
Trd, 4319171.193, 120
Trd, 4319171.243, 113
Trd, 4319172.343, 96
Trd, 4319172.793, 85
Trd, 4319173.043, 96
Trd, 4319173.843, 140
Trd, 4319174.693, 117
Trd, 4319174.993, 126
Trd, 4319175.893, 101
Trd, 4319176.693, 104
Trd, 4319178.693, 118
Trd, 4319178.843, 137
Trd, 4319178.893, 100
Trd, 4319180.243, 136
Trd, 4319180.643, 133
Trd, 4319181.893, 124
Trd, 4319181.943, 124
Trd, 4319182.343, 96
Trd, 4319182.843, 94
Trd, 4319184.043, 133
Trd, 4319184.493, 133
Trd, 4319185.043, 118
Trd, 4319185.093, 116
Trd, 4319185.493, 109
Trd, 4319186.043, 83
Trd, 4319186.793, 140
Trd, 4319186.993, 131
Trd, 4319188.093, 109
Trd, 4319188.693, 89
Trd, 4319190.743, 124
Trd, 4319191.143, 124
Trd, 4319191.593, 114
Trd, 4319192.443, 120
Trd, 4319194.143, 108
Trd, 4319194.493, 103
Trd, 4319195.093, 106
Trd, 4319195.843, 99
Trd, 4319196.193, 80
Trd, 4319198.143, 71
Trd, 4319199.443, 110
Trd, 4319199.543, 111
Trd, 4319200.093, 110
Trd, 4319200.443, 107
Trd, 4319200.593, 105
Trd, 4319201.093, 140
Trd, 4319201.693, 104
Trd, 4319201.793, 77
Trd, 4319202.193, 105
Trd, 4319203.193, 133
Trd, 4319203.593, 79
Trd, 4319204.343, 80
Trd, 4319205.193, 82
Trd, 4319205.793, 124
Trd, 4319205.843, 80
Trd, 4319206.493, 77
Trd, 4319207.793, 64
Trd, 4319207.993, 65
Trd, 4319208.243, 105
Trd, 4319209.543, 72
Trd, 4319209.993, 98
Trd, 4319210.943, 92
Trd, 4319211.793, 86
Trd, 4319212.193, 88
Trd, 4319213.093, 111
Trd, 4319214.093, 128
Trd, 4319214.143, 110
Trd, 4319216.293, 83
Trd, 4319217.193, 103
Trd, 4319217.743, 100
Trd, 4319217.993, 127
Trd, 4319218.993, 103
Trd, 4319220.243, 106
Trd, 4319220.493, 104
Trd, 4319220.543, 102
Trd, 4319220.693, 101
Trd, 4319221.093, 115
Trd, 4319221.243, 94
Trd, 4319221.843, 120
Trd, 4319222.393, 97
Trd, 4319222.743, 82
Trd, 4319226.393, 60
Trd, 4319226.593, 64
Trd, 4319227.743, 65
Trd, 4319227.993, 68
Trd, 4319228.293, 84
Trd, 4319229.743, 109
Trd, 4319229.893, 106
Trd, 4319230.093, 103
Trd, 4319230.643, 91
Trd, 4319231.293, 92
Trd, 4319232.393, 71
Trd, 4319232.693, 92
Trd, 4319233.343, 136
Trd, 4319234.543, 95
Trd, 4319236.393, 120
Trd, 4319236.543, 120
Trd, 4319236.793, 120
Trd, 4319237.343, 113
Trd, 4319237.543, 113
Trd, 4319237.993, 113
Trd, 4319239.293, 108
Trd, 4319240.043, 102
Trd, 4319240.293, 106
Trd, 4319241.393, 131
Trd, 4319241.493, 96
Trd, 4319244.043, 136
Trd, 4319244.243, 129
Trd, 4319245.343, 108
Trd, 4319245.643, 104
Trd, 4319245.893, 98
Trd, 4319247.643, 133
Trd, 4319248.093, 133
Trd, 4319248.543, 133
Trd, 4319248.893, 106
Trd, 4319249.393, 82
Trd, 4319250.443, 66
Trd, 4319251.793, 63
Trd, 4319252.843, 106
Trd, 4319253.593, 60
Trd, 4319255.143, 69
Trd, 4319257.143, 83
Trd, 4319258.093, 92
Trd, 4319258.843, 70
Trd, 4319259.093, 69
Trd, 4319259.343, 83
Trd, 4319260.343, 133
Trd, 4319261.893, 133
Trd, 4319262.343, 105
Trd, 4319262.593, 106
Trd, 4319263.693, 124
Trd, 4319264.593, 111
Trd, 4319265.593, 123
Trd, 4319266.093, 106
Trd, 4319267.493, 111
Trd, 4319267.943, 107
Trd, 4319268.743, 103
Trd, 4319269.293, 107
Trd, 4319269.593, 97
Trd, 4319269.843, 96
Trd, 4319270.543, 122
Trd, 4319271.293, 114
Trd, 4319273.793, 94
Trd, 4319274.143, 97
Trd, 4319274.193, 92
Trd, 4319275.693, 103
Trd, 4319276.843, 125
Trd, 4319277.593, 102
Trd, 4319277.943, 102
Trd, 4319278.393, 99
Trd, 4319278.443, 102
Trd, 4319278.643, 93
Trd, 4319279.843, 90
Trd, 4319280.393, 78
Trd, 4319280.993, 92
Trd, 4319282.793, 109
Trd, 4319283.143, 129
Trd, 4319284.443, 79
Trd, 4319284.543, 85
Trd, 4319285.443, 103
Trd, 4319285.843, 97
Trd, 4319287.243, 103
Trd, 4319290.343, 96
Trd, 4319291.093, 92
Trd, 4319291.143, 122
Trd, 4319292.243, 136
Trd, 4319292.543, 123
Trd, 4319293.093, 87
Trd, 4319293.293, 74
Trd, 4319293.793, 128
Trd, 4319294.793, 110
Trd, 4319295.093, 84
Trd, 4319295.493, 111
Trd, 4319296.243, 65
Trd, 4319297.693, 61
Trd, 4319297.793, 68
Trd, 4319299.043, 68
Trd, 4319299.943, 81
Trd, 4319301.993, 93
Trd, 4319302.043, 94
Trd, 4319302.693, 65
Trd, 4319304.143, 73
Trd, 4319304.793, 83
Trd, 4319305.393, 109
Trd, 4319305.993, 113
Trd, 4319308.093, 71
Trd, 4319308.343, 74
Trd, 4319308.493, 79
Trd, 4319309.343, 70
Trd, 4319309.643, 84
Trd, 4319310.943, 130
Trd, 4319311.693, 96
Trd, 4319312.043, 92
Trd, 4319312.093, 87
Trd, 4319312.743, 104
Trd, 4319314.193, 69
Trd, 4319314.943, 60
Trd, 4319316.343, 66
Trd, 4319316.893, 82
Trd, 4319316.993, 85
Trd, 4319317.643, 74
Trd, 4319317.843, 69
Trd, 4319319.293, 84
Trd, 4319320.043, 98
Trd, 4319320.243, 93
Trd, 4319320.543, 94
Trd, 4319321.643, 117
Trd, 4319322.793, 110
Trd, 4319322.943, 103
Trd, 4319324.393, 65
Trd, 4319325.093, 74
Trd, 4319326.543, 89
Trd, 4319326.793, 92
Trd, 4319327.393, 89
Trd, 4319330.093, 122
Trd, 4319330.193, 122
Trd, 4319330.243, 119
Trd, 4319330.743, 106
Trd, 4319332.393, 109
Trd, 4319333.343, 126
Trd, 4319333.943, 108
Trd, 4319334.143, 132
Trd, 4319335.043, 82
Trd, 4319335.443, 98
Trd, 4319336.243, 81
Trd, 4319337.243, 77
Trd, 4319337.493, 121
Trd, 4319338.493, 84
Trd, 4319340.543, 124
Trd, 4319341.143, 125
Trd, 4319341.693, 102
Trd, 4319342.093, 101
Trd, 4319342.693, 97
Trd, 4319342.743, 93
Trd, 4319343.393, 91
Trd, 4319343.893, 119
Trd, 4319344.593, 138
Trd, 4319345.243, 106
Trd, 4319346.243, 104
Trd, 4319346.343, 90
Trd, 4319347.343, 74
Trd, 4319348.243, 92
Trd, 4319348.993, 94
Trd, 4319350.043, 127
Trd, 4319350.393, 125
Trd, 4319350.593, 109
Trd, 4319351.043, 88
Trd, 4319351.343, 78
Trd, 4319352.943, 81
Trd, 4319353.443, 80
Trd, 4319354.843, 113
Trd, 4319355.293, 123
Trd, 4319356.343, 109
Trd, 4319356.793, 109
Trd, 4319356.843, 105
Trd, 4319357.143, 84
Trd, 4319357.393, 115
Trd, 4319357.643, 61
Trd, 4319359.643, 87
Trd, 4319360.393, 100
Trd, 4319361.893, 136
Trd, 4319362.093, 138
Trd, 4319362.943, 122
Trd, 4319363.643, 115
Trd, 4319364.443, 106
Trd, 4319365.343, 102
Trd, 4319365.743, 126
Trd, 4319366.343, 120
Trd, 4319366.993, 135
Trd, 4319367.543, 89
Trd, 4319367.693, 122
Trd, 4319369.793, 130
Trd, 4319369.993, 122
Trd, 4319370.343, 115
Trd, 4319370.643, 82
Trd, 4319371.593, 71
Trd, 4319372.193, 82
Trd, 4319373.643, 82
Trd, 4319374.243, 62
Trd, 4319374.393, 72
Trd, 4319376.243, 70
Trd, 4319377.643, 60
Trd, 4319378.793, 68
Trd, 4319379.243, 95
Trd, 4319379.743, 96
Trd, 4319380.243, 92
Trd, 4319381.293, 134
Trd, 4319382.093, 102
Trd, 4319383.043, 124
Trd, 4319383.693, 137
Trd, 4319384.193, 104
Trd, 4319385.443, 93
Trd, 4319386.243, 117
Trd, 4319386.543, 93
Trd, 4319386.793, 90
Trd, 4319387.393, 102
Trd, 4319387.993, 132
Trd, 4319388.793, 137
Trd, 4319389.793, 86
Trd, 4319390.593, 65
Trd, 4319390.793, 110
Trd, 4319391.943, 74
Trd, 4319392.843, 110
Trd, 4319393.293, 120
Trd, 4319393.343, 109
Trd, 4319393.443, 103
Trd, 4319395.143, 118
Trd, 4319395.243, 114
Trd, 4319395.993, 109
Trd, 4319396.343, 105
Trd, 4319397.193, 84
Trd, 4319398.043, 75
Trd, 4319399.043, 102
Trd, 4319399.493, 75
Trd, 4319399.693, 72
Trd, 4319401.693, 135
Trd, 4319401.893, 103
Trd, 4319402.293, 102
Trd, 4319403.593, 96
Trd, 4319404.543, 120
Trd, 4319404.743, 114
Trd, 4319407.043, 94
Trd, 4319407.443, 87
Trd, 4319407.693, 78
Trd, 4319408.493, 129
Trd, 4319408.793, 116
Trd, 4319409.443, 110
Trd, 4319410.393, 106
Trd, 4319411.593, 99
Trd, 4319412.193, 99
Trd, 4319412.993, 107
Trd, 4319413.093, 103
Trd, 4319413.943, 70
Trd, 4319416.193, 134
Trd, 4319417.043, 100
Trd, 4319417.093, 100
Trd, 4319418.093, 100
Trd, 4319418.493, 97
Trd, 4319419.043, 98
Trd, 4319419.393, 103
Trd, 4319419.493, 103
Trd, 4319420.843, 81
Trd, 4319421.493, 120
Trd, 4319423.343, 95
Trd, 4319423.643, 95
Trd, 4319423.993, 93
Trd, 4319424.043, 88
Trd, 4319424.543, 102
Trd, 4319426.493, 84
Trd, 4319427.043, 117
Trd, 4319427.343, 109
Trd, 4319427.693, 106
Trd, 4319428.493, 106
Trd, 4319429.893, 132
Trd, 4319430.843, 137
Trd, 4319431.093, 124
Trd, 4319431.943, 110
Trd, 4319432.093, 109
Trd, 4319432.143, 107
Trd, 4319432.843, 120
Trd, 4319433.643, 96
Trd, 4319433.943, 119
Trd, 4319434.993, 107
Trd, 4319435.193, 101
Trd, 4319436.293, 105
Trd, 4319436.743, 103
Trd, 4319436.993, 102
Trd, 4319437.593, 79
Trd, 4319438.593, 78
Trd, 4319438.993, 113
Trd, 4319439.493, 109
Trd, 4319439.793, 109
Trd, 4319440.243, 101
Trd, 4319440.743, 128
Trd, 4319441.793, 82
Trd, 4319443.243, 79
Trd, 4319444.443, 81
Trd, 4319444.843, 82
Trd, 4319445.143, 132
Trd, 4319445.893, 101
Trd, 4319446.393, 104
Trd, 4319447.643, 112
Trd, 4319448.893, 111
Trd, 4319449.543, 102
Trd, 4319449.843, 115
Trd, 4319450.443, 124
Trd, 4319450.643, 105
Trd, 4319451.543, 99
Trd, 4319451.693, 93
Trd, 4319452.543, 122
Trd, 4319453.193, 84
Trd, 4319454.593, 74
Trd, 4319456.893, 93
Trd, 4319457.443, 127
Trd, 4319457.843, 125
Trd, 4319458.043, 125
Trd, 4319458.693, 118
Trd, 4319459.693, 140
Trd, 4319459.893, 98
Trd, 4319460.493, 74
Trd, 4319461.243, 83
Trd, 4319462.843, 79
Trd, 4319464.493, 102
Trd, 4319464.643, 90
Trd, 4319465.293, 85
Trd, 4319466.143, 129
Trd, 4319466.343, 97
Trd, 4319467.843, 99
Trd, 4319467.893, 80
Trd, 4319468.943, 134
Trd, 4319469.293, 121
Trd, 4319470.143, 127
Trd, 4319470.393, 126
Trd, 4319472.193, 124
Trd, 4319472.643, 126
Trd, 4319473.393, 119
Trd, 4319473.643, 118
Trd, 4319474.793, 113
Trd, 4319475.793, 103
Trd, 4319476.143, 124
Trd, 4319476.193, 124
Trd, 4319477.943, 90
Trd, 4319479.143, 128
Trd, 4319479.643, 106
Trd, 4319479.943, 101
Trd, 4319479.993, 97
Trd, 4319480.243, 84
Trd, 4319481.243, 73
Trd, 4319481.443, 65
Trd, 4319483.693, 97
Trd, 4319484.193, 129
Trd, 4319485.043, 81
Trd, 4319485.243, 90
Trd, 4319485.593, 77
Trd, 4319485.843, 121
Trd, 4319486.293, 73
Trd, 4319487.143, 98
Trd, 4319487.843, 72
Trd, 4319488.193, 76
Trd, 4319489.193, 82
Trd, 4319489.993, 88
Trd, 4319490.093, 86
Trd, 4319491.093, 114
Trd, 4319491.993, 83
Trd, 4319492.893, 85
Trd, 4319493.693, 81
Trd, 4319494.193, 82
Trd, 4319494.493, 137
Trd, 4319494.843, 67
Trd, 4319495.893, 123
Trd, 4319496.693, 113
Trd, 4319496.793, 132
Trd, 4319496.843, 82
Trd, 4319496.993, 73
Trd, 4319498.143, 128
Trd, 4319498.193, 125
Trd, 4319499.143, 107
Trd, 4319500.693, 131
Trd, 4319502.593, 131
Trd, 4319503.593, 131
Trd, 4319504.343, 131
Trd, 4319504.493, 127
Trd, 4319504.943, 128
Trd, 4319505.543, 116
Trd, 4319505.893, 122
Trd, 4319507.643, 101
Trd, 4319507.743, 100
Trd, 4319508.243, 105
Trd, 4319508.543, 98
Trd, 4319509.843, 124
Trd, 4319510.193, 134
Trd, 4319511.643, 117
Trd, 4319512.443, 110
Trd, 4319512.643, 104
Trd, 4319513.893, 129
Trd, 4319515.543, 127
Trd, 4319515.743, 127
Trd, 4319516.693, 113
Trd, 4319517.343, 96
Trd, 4319517.843, 65
Trd, 4319519.593, 92
Trd, 4319520.493, 139
Trd, 4319521.443, 138
Trd, 4319521.493, 130
Trd, 4319521.543, 130
Trd, 4319521.943, 139
Trd, 4319522.893, 111
Trd, 4319522.943, 111
Trd, 4319524.193, 88
Trd, 4319524.643, 129
Trd, 4319526.243, 120
Trd, 4319526.643, 115
Trd, 4319526.793, 111
Trd, 4319527.193, 111
Trd, 4319527.543, 82
Trd, 4319528.393, 108
Trd, 4319529.343, 119
Trd, 4319529.743, 119
Trd, 4319530.743, 60
Trd, 4319531.593, 72
Trd, 4319531.843, 77
Trd, 4319532.393, 108
Trd, 4319532.793, 108
Trd, 4319534.493, 103
Trd, 4319535.093, 116
Trd, 4319535.493, 110
Trd, 4319535.593, 129
Trd, 4319537.043, 101
Trd, 4319537.743, 130
Trd, 4319538.093, 101
Trd, 4319538.243, 89
Trd, 4319539.543, 124
Trd, 4319540.943, 108
Trd, 4319541.543, 108
Trd, 4319541.943, 102
Trd, 4319542.143, 97
Trd, 4319542.643, 94
Trd, 4319542.743, 78
Trd, 4319543.143, 70
Trd, 4319543.793, 77
Trd, 4319544.193, 75
Trd, 4319545.143, 123
Trd, 4319546.243, 123
Trd, 4319547.193, 117
Trd, 4319547.993, 131
Trd, 4319548.593, 108
Trd, 4319548.743, 103
Trd, 4319549.793, 129
Trd, 4319549.843, 105
Trd, 4319549.993, 104
Trd, 4319551.493, 101
Trd, 4319552.043, 129
Trd, 4319552.293, 85
Trd, 4319553.843, 91
Trd, 4319554.543, 140
Trd, 4319555.743, 139
Trd, 4319555.843, 131
Trd, 4319556.843, 80
Trd, 4319557.343, 109
Trd, 4319557.443, 79
Trd, 4319557.643, 75
Trd, 4319557.843, 74
Trd, 4319558.243, 73
Trd, 4319558.793, 131
Trd, 4319559.943, 101
Trd, 4319561.593, 119
Trd, 4319561.993, 119
Trd, 4319562.543, 107
Trd, 4319562.693, 107
Trd, 4319562.843, 80
Trd, 4319563.293, 125
Trd, 4319564.093, 69
Trd, 4319564.843, 67
Trd, 4319565.943, 61
Trd, 4319566.193, 98
Trd, 4319566.443, 119
Trd, 4319566.893, 96
Trd, 4319568.693, 125
Trd, 4319568.943, 82
Trd, 4319570.093, 131
Trd, 4319570.193, 123
Trd, 4319571.693, 99
Trd, 4319572.043, 96
Trd, 4319572.493, 123
Trd, 4319572.643, 137
Trd, 4319572.743, 134
Trd, 4319573.243, 106
Trd, 4319575.143, 138
Trd, 4319575.393, 116
Trd, 4319575.843, 110
Trd, 4319577.443, 108
Trd, 4319577.493, 104
Trd, 4319579.393, 85
Trd, 4319579.543, 85
Trd, 4319579.943, 86
Trd, 4319580.843, 79
Trd, 4319581.143, 78
Trd, 4319581.193, 89
Trd, 4319583.143, 133
Trd, 4319583.193, 126
Trd, 4319585.743, 87
Trd, 4319587.893, 82
Trd, 4319587.943, 95
Trd, 4319588.143, 104
Trd, 4319588.393, 78
Trd, 4319588.493, 76
Trd, 4319588.993, 136
Trd, 4319589.243, 113
Trd, 4319589.343, 107
Trd, 4319589.643, 94
Trd, 4319590.193, 99
Trd, 4319591.293, 79
Trd, 4319593.293, 70
Trd, 4319595.843, 87
Trd, 4319595.993, 120
Trd, 4319596.393, 62
Trd, 4319597.143, 81
Trd, 4319597.593, 63
Trd, 4319598.493, 87
Trd, 4319599.243, 82
Trd, 4319600.693, 62
Trd, 4319602.393, 69
Trd, 4319602.893, 114
Trd, 4319603.743, 87
Trd, 4319604.343, 140
Trd, 4319605.243, 139
Trd, 4319605.593, 109
Trd, 4319605.643, 106
Trd, 4319606.143, 71
Trd, 4319606.893, 100
Trd, 4319607.393, 71
Trd, 4319607.793, 98
Trd, 4319610.793, 61
Trd, 4319612.143, 84
Trd, 4319612.693, 129
Trd, 4319612.793, 129
Trd, 4319613.193, 77
Trd, 4319613.393, 73
Trd, 4319613.843, 83
Trd, 4319614.543, 75
Trd, 4319614.943, 97
Trd, 4319616.693, 115
Trd, 4319617.493, 126
Trd, 4319618.693, 122
Trd, 4319618.743, 115
Trd, 4319619.493, 96
Trd, 4319619.593, 95
Trd, 4319619.743, 78
Trd, 4319619.993, 75
Trd, 4319620.343, 125
Trd, 4319621.893, 109
Trd, 4319623.093, 117
Trd, 4319623.293, 110
Trd, 4319623.393, 106
Trd, 4319623.993, 102
Trd, 4319626.143, 102
Trd, 4319626.643, 100
Trd, 4319626.893, 73
Trd, 4319628.043, 89
Trd, 4319629.693, 92
Trd, 4319630.243, 93
Trd, 4319630.893, 80
Trd, 4319632.093, 85
Trd, 4319632.793, 101
Trd, 4319633.093, 96
Trd, 4319633.393, 75
Trd, 4319634.343, 123
Trd, 4319634.743, 113
Trd, 4319635.043, 115
Trd, 4319635.093, 71
Trd, 4319636.793, 130
Trd, 4319636.893, 127
Trd, 4319637.543, 103
Trd, 4319639.043, 135
Trd, 4319639.243, 135
Trd, 4319640.143, 133
Trd, 4319640.243, 127
Trd, 4319641.193, 125
Trd, 4319641.543, 92
Trd, 4319642.793, 79
Trd, 4319642.893, 98
Trd, 4319643.693, 102
Trd, 4319644.393, 82
Trd, 4319645.043, 128
Trd, 4319645.893, 130
Trd, 4319646.293, 108
Trd, 4319647.343, 103
Trd, 4319647.993, 84
Trd, 4319649.143, 81
Trd, 4319649.943, 107
Trd, 4319650.693, 81
Trd, 4319651.143, 82
Trd, 4319651.593, 114
Trd, 4319652.143, 114
Trd, 4319653.093, 82
Trd, 4319654.043, 76
Trd, 4319654.093, 98
Trd, 4319654.293, 133
Trd, 4319655.643, 81
Trd, 4319655.993, 97
Trd, 4319656.843, 78
Trd, 4319657.293, 61
Trd, 4319658.893, 109
Trd, 4319659.343, 68
Trd, 4319660.193, 113
Trd, 4319660.693, 108
Trd, 4319660.743, 102
Trd, 4319661.743, 60
Trd, 4319663.193, 114
Trd, 4319664.193, 95
Trd, 4319664.743, 79
Trd, 4319665.743, 90
Trd, 4319667.343, 103
Trd, 4319667.643, 111
Trd, 4319667.693, 113
Trd, 4319667.993, 71
Trd, 4319668.043, 98
Trd, 4319668.843, 84
Trd, 4319669.793, 95
Trd, 4319670.493, 100
Trd, 4319671.093, 100
Trd, 4319671.593, 120
Trd, 4319671.693, 89
Trd, 4319672.443, 87
Trd, 4319673.143, 107
Trd, 4319675.243, 67
Trd, 4319675.693, 80
Trd, 4319676.593, 82
Trd, 4319676.743, 115
Trd, 4319678.693, 63
Trd, 4319678.843, 66
Trd, 4319679.843, 130
Trd, 4319680.393, 127
Trd, 4319681.193, 120
Trd, 4319682.193, 90
Trd, 4319682.243, 72
Trd, 4319683.243, 73
Trd, 4319683.343, 137
Trd, 4319684.393, 65
Trd, 4319685.193, 83
Trd, 4319685.793, 95
Trd, 4319685.943, 84
Trd, 4319687.893, 69
Trd, 4319688.193, 100
Trd, 4319688.693, 107
Trd, 4319689.643, 61
Trd, 4319689.693, 100
Trd, 4319690.093, 84
Trd, 4319690.393, 125
Trd, 4319692.393, 82
Trd, 4319692.693, 80
Trd, 4319693.493, 84
Trd, 4319695.643, 136
Trd, 4319695.693, 124
Trd, 4319696.543, 73
Trd, 4319696.893, 85
Trd, 4319699.543, 122
Trd, 4319699.643, 123
Trd, 4319700.493, 122
Trd, 4319700.643, 122
Trd, 4319701.243, 118
Trd, 4319702.893, 118
Trd, 4319702.943, 113
Trd, 4319703.143, 112
Trd, 4319703.743, 91
Trd, 4319703.993, 125
Trd, 4319704.343, 69
Trd, 4319705.143, 88
Trd, 4319705.593, 69
Trd, 4319706.243, 65
Trd, 4319708.493, 120
Trd, 4319708.843, 120
Trd, 4319709.193, 115
Trd, 4319709.493, 111
Trd, 4319709.843, 103
Trd, 4319710.243, 87
Trd, 4319710.393, 85
Trd, 4319711.543, 92
Trd, 4319711.693, 90
Trd, 4319711.743, 80
Trd, 4319712.043, 79
Trd, 4319712.993, 92
Trd, 4319714.843, 132
Trd, 4319716.043, 138
Trd, 4319716.093, 138
Trd, 4319716.143, 131
Trd, 4319716.343, 120
Trd, 4319717.393, 111
Trd, 4319717.443, 109
Trd, 4319718.143, 125
Trd, 4319719.243, 69
Trd, 4319719.843, 135
Trd, 4319720.843, 101
Trd, 4319721.843, 92
Trd, 4319722.793, 84
Trd, 4319723.343, 94
Trd, 4319723.643, 81
Trd, 4319724.943, 85
Trd, 4319726.293, 108
Trd, 4319726.443, 100
Trd, 4319727.093, 99
Trd, 4319727.293, 101
Trd, 4319728.093, 85
Trd, 4319728.643, 100
Trd, 4319728.893, 85
Trd, 4319730.693, 133
Trd, 4319730.893, 96
Trd, 4319731.093, 104
Trd, 4319733.893, 128
Trd, 4319734.493, 128
Trd, 4319735.193, 122
Trd, 4319735.643, 128
Trd, 4319736.143, 111
Trd, 4319736.893, 129
Trd, 4319737.643, 111
Trd, 4319738.393, 105
Trd, 4319739.593, 99
Trd, 4319739.643, 99
Trd, 4319740.293, 85
Trd, 4319741.193, 139
Trd, 4319741.693, 86
Trd, 4319742.993, 136
Trd, 4319744.093, 101
Trd, 4319744.343, 88
Trd, 4319744.643, 104
Trd, 4319744.893, 85
Trd, 4319745.443, 140
Trd, 4319746.043, 101
Trd, 4319746.143, 95
Trd, 4319747.643, 124
Trd, 4319748.093, 103
Trd, 4319749.193, 131
Trd, 4319749.893, 138
Trd, 4319750.343, 130
Trd, 4319750.643, 134
Trd, 4319752.243, 123
Trd, 4319752.843, 122
Trd, 4319753.243, 129
Trd, 4319754.143, 122
Trd, 4319754.643, 122
Trd, 4319754.893, 115
Trd, 4319755.793, 115
Trd, 4319756.593, 116
Trd, 4319756.643, 97
Trd, 4319756.893, 92
Trd, 4319759.593, 63
Trd, 4319760.593, 75
Trd, 4319761.343, 81
Trd, 4319761.443, 83
Trd, 4319762.643, 66
Trd, 4319763.293, 62
Trd, 4319763.693, 64
Trd, 4319763.993, 72
Trd, 4319765.593, 98
Trd, 4319766.393, 73
Trd, 4319766.543, 78
Trd, 4319766.943, 75
Trd, 4319767.843, 122
Trd, 4319768.343, 115
Trd, 4319768.793, 98
Trd, 4319769.193, 70
Trd, 4319769.943, 77
Trd, 4319770.643, 85
Trd, 4319771.843, 89
Trd, 4319772.493, 93
Trd, 4319772.893, 81
Trd, 4319773.043, 101
Trd, 4319774.593, 127
Trd, 4319774.993, 72
Trd, 4319775.843, 123
Trd, 4319775.893, 122
Trd, 4319776.343, 121
Trd, 4319776.743, 131
Trd, 4319777.193, 134
Trd, 4319778.293, 139
Trd, 4319779.193, 112
Trd, 4319780.043, 112
Trd, 4319780.243, 108
Trd, 4319780.343, 113
Trd, 4319780.443, 92
Trd, 4319780.993, 86
Trd, 4319781.393, 83
Trd, 4319782.343, 77
Trd, 4319782.793, 126
Trd, 4319784.543, 138
Trd, 4319785.693, 80
Trd, 4319786.243, 106
Trd, 4319787.343, 83
Trd, 4319787.443, 81
Trd, 4319788.693, 79
Trd, 4319788.993, 82
Trd, 4319789.193, 70
Trd, 4319789.543, 110
Trd, 4319790.543, 104
Trd, 4319790.593, 100
Trd, 4319791.343, 74
Trd, 4319792.543, 133
Trd, 4319792.593, 133
Trd, 4319793.643, 121
Trd, 4319793.993, 92
Trd, 4319794.793, 100
Trd, 4319795.593, 99
Trd, 4319795.993, 102
Trd, 4319796.193, 111
Trd, 4319797.043, 98
Trd, 4319797.093, 93
Trd, 4319797.743, 85
Trd, 4319799.043, 88
Trd, 4319799.993, 69
Trd, 4319800.693, 95
Trd, 4319801.343, 134
Trd, 4319802.093, 96
Trd, 4319802.443, 139
Trd, 4319804.143, 95
Trd, 4319804.843, 121
Trd, 4319805.093, 121
Trd, 4319805.193, 117
Trd, 4319806.343, 95
Trd, 4319806.943, 89
Trd, 4319808.843, 139
Trd, 4319808.943, 132
Trd, 4319809.693, 137
Trd, 4319810.493, 116
Trd, 4319810.643, 110
Trd, 4319811.443, 96
Trd, 4319812.093, 61
Trd, 4319812.143, 77
Trd, 4319813.043, 89
Trd, 4319813.843, 129
Trd, 4319814.743, 81
Trd, 4319815.793, 98
Trd, 4319816.343, 139
Trd, 4319817.043, 101
Trd, 4319817.393, 96
Trd, 4319817.543, 113
Trd, 4319817.743, 94
Trd, 4319819.243, 88
Trd, 4319819.543, 81
Trd, 4319820.593, 101
Trd, 4319820.693, 134
Trd, 4319822.143, 90
Trd, 4319822.193, 87
Trd, 4319823.393, 80
Trd, 4319824.643, 74
Trd, 4319825.643, 79
Trd, 4319826.293, 67
Trd, 4319827.743, 84
Trd, 4319827.993, 92
Trd, 4319828.693, 122
Trd, 4319829.393, 93
Trd, 4319830.143, 130
Trd, 4319830.393, 111
Trd, 4319831.643, 84
Trd, 4319831.793, 77
Trd, 4319832.793, 75
Trd, 4319834.243, 113
Trd, 4319834.493, 97
Trd, 4319835.043, 88
Trd, 4319835.143, 86
Trd, 4319835.593, 79
Trd, 4319836.593, 71
Trd, 4319836.693, 111
Trd, 4319839.493, 63
Trd, 4319839.543, 70
Trd, 4319840.543, 68
Trd, 4319840.893, 72
Trd, 4319841.993, 64
Trd, 4319843.843, 97
Trd, 4319844.243, 83
Trd, 4319845.693, 128
Trd, 4319845.943, 105
Trd, 4319846.143, 92
Trd, 4319846.193, 82
Trd, 4319846.993, 66
Trd, 4319847.493, 109
Trd, 4319848.493, 97
Trd, 4319849.293, 94
Trd, 4319849.493, 89
Trd, 4319850.893, 120
Trd, 4319851.043, 97
Trd, 4319851.193, 92
Trd, 4319851.393, 74
Trd, 4319851.843, 74
Trd, 4319852.743, 97
Trd, 4319854.893, 108
Trd, 4319855.293, 73
Trd, 4319856.543, 107
Trd, 4319856.893, 94
Trd, 4319857.343, 91
Trd, 4319857.893, 91
Trd, 4319858.393, 71
Trd, 4319858.543, 99
Trd, 4319859.043, 94
Trd, 4319860.643, 120
Trd, 4319861.343, 137
Trd, 4319861.543, 108
Trd, 4319861.643, 111
Trd, 4319862.493, 96
Trd, 4319864.893, 135
Trd, 4319865.443, 122
Trd, 4319866.393, 122
Trd, 4319866.793, 121
Trd, 4319867.543, 121
Trd, 4319868.143, 125
Trd, 4319868.493, 124
Trd, 4319868.843, 117
Trd, 4319870.643, 108
Trd, 4319870.693, 110
Trd, 4319871.343, 100
Trd, 4319871.993, 127
Trd, 4319872.543, 113
Trd, 4319874.143, 115
Trd, 4319874.643, 83
Trd, 4319874.693, 83
Trd, 4319875.243, 85
Trd, 4319875.293, 86
Trd, 4319876.343, 130
Trd, 4319878.643, 76
Trd, 4319878.793, 110
Trd, 4319878.993, 71
Trd, 4319879.193, 106
Trd, 4319879.543, 74
Trd, 4319880.393, 138
Trd, 4319881.143, 71
Trd, 4319882.243, 121
Trd, 4319882.543, 115
Trd, 4319883.393, 107
Trd, 4319883.593, 102
Trd, 4319884.443, 91
Trd, 4319885.593, 117
Trd, 4319885.693, 116
Trd, 4319886.793, 98
Trd, 4319887.493, 131
Trd, 4319889.093, 124
Trd, 4319889.293, 91
Trd, 4319890.343, 92
Trd, 4319890.943, 94
Trd, 4319890.993, 91
Trd, 4319891.243, 113
Trd, 4319892.493, 90
Trd, 4319893.643, 91
Trd, 4319894.693, 84
Trd, 4319895.543, 125
Trd, 4319896.493, 105
Trd, 4319897.893, 100
Trd, 4319898.193, 92
Trd, 4319898.293, 90
Trd, 4319898.443, 80
Trd, 4319899.393, 109
Trd, 4319899.993, 86
Trd, 4319900.143, 92
Trd, 4319901.793, 85
Trd, 4319902.293, 75
Trd, 4319902.893, 78
Trd, 4319902.943, 74
Trd, 4319903.993, 95
Trd, 4319904.843, 91
Trd, 4319906.243, 117
Trd, 4319907.443, 105
Trd, 4319907.843, 100
Trd, 4319908.693, 124
Trd, 4319909.043, 84
Trd, 4319909.743, 84
Trd, 4319909.843, 80
Trd, 4319911.043, 100
Trd, 4319911.243, 81
Trd, 4319911.543, 67
Trd, 4319912.543, 82
Trd, 4319912.993, 122
Trd, 4319914.643, 76
Trd, 4319915.043, 134
Trd, 4319915.293, 132
Trd, 4319915.993, 65
Trd, 4319917.893, 68
Trd, 4319917.943, 80
Trd, 4319918.893, 106
Trd, 4319919.493, 69
Trd, 4319920.693, 78
Trd, 4319922.193, 75
Trd, 4319922.543, 73
Trd, 4319923.043, 72
Trd, 4319924.643, 91
Trd, 4319925.793, 127
Trd, 4319925.843, 129
Trd, 4319927.393, 139
Trd, 4319928.443, 137
Trd, 4319928.693, 129
Trd, 4319929.093, 131
Trd, 4319929.643, 138
Trd, 4319930.093, 137
Trd, 4319930.543, 111
Trd, 4319930.693, 109
Trd, 4319931.093, 110
Trd, 4319932.593, 72
Trd, 4319933.643, 86
Trd, 4319934.543, 124
Trd, 4319934.843, 125
Trd, 4319935.493, 104
Trd, 4319935.693, 94
Trd, 4319935.943, 92
Trd, 4319936.243, 79
Trd, 4319937.143, 108
Trd, 4319939.293, 123
Trd, 4319939.393, 104
Trd, 4319941.143, 114
Trd, 4319941.543, 114
Trd, 4319941.693, 87
Trd, 4319942.643, 72
Trd, 4319943.343, 123
Trd, 4319944.493, 112
Trd, 4319945.543, 121
Trd, 4319945.643, 80
Trd, 4319946.693, 80
Trd, 4319946.843, 87
Trd, 4319946.893, 101
Trd, 4319947.843, 140
Trd, 4319948.093, 131
Trd, 4319948.243, 124
Trd, 4319948.893, 106
Trd, 4319949.793, 83
Trd, 4319950.643, 82
Trd, 4319951.193, 109
Trd, 4319951.543, 93
Trd, 4319951.593, 75
Trd, 4319952.093, 76
Trd, 4319952.293, 83
Trd, 4319955.093, 96
Trd, 4319955.543, 118
Trd, 4319955.743, 109
Trd, 4319957.443, 101
Trd, 4319958.193, 123
Trd, 4319958.593, 107
Trd, 4319959.893, 96
Trd, 4319960.543, 96
Trd, 4319960.893, 92
Trd, 4319961.993, 135
Trd, 4319962.343, 115
Trd, 4319962.593, 84
Trd, 4319962.893, 127
Trd, 4319964.743, 135
Trd, 4319965.793, 127
Trd, 4319965.993, 127
Trd, 4319966.393, 113
Trd, 4319968.343, 110
Trd, 4319968.843, 108
Trd, 4319969.143, 106
Trd, 4319969.693, 105
Trd, 4319969.993, 126
Trd, 4319970.743, 80
Trd, 4319971.443, 76
Trd, 4319971.493, 92
Trd, 4319973.193, 124
Trd, 4319974.043, 74
Trd, 4319974.343, 72
Trd, 4319975.043, 114
Trd, 4319975.193, 80
Trd, 4319975.393, 81
Trd, 4319976.543, 113
Trd, 4319977.143, 115
Trd, 4319977.543, 105
Trd, 4319979.393, 91
Trd, 4319979.943, 136
Trd, 4319980.593, 106
Trd, 4319980.743, 115
Trd, 4319981.943, 76
Trd, 4319982.993, 122
Trd, 4319983.393, 122
Trd, 4319983.743, 109
Trd, 4319984.293, 119
Trd, 4319984.793, 94
Trd, 4319985.093, 119
Trd, 4319985.543, 107
Trd, 4319986.643, 114
Trd, 4319987.243, 138
Trd, 4319988.093, 109
Trd, 4319988.493, 126
Trd, 4319988.943, 94
Trd, 4319989.943, 126
Trd, 4319990.093, 118
Trd, 4319990.143, 111
Trd, 4319991.393, 95
Trd, 4319991.693, 89
Trd, 4319992.943, 78
Trd, 4319993.093, 77
Trd, 4319993.643, 88
Trd, 4319995.143, 78
Trd, 4319995.293, 77
Trd, 4319996.443, 84
Trd, 4319996.843, 75
Trd, 4319997.643, 74
Trd, 4319998.143, 110
Trd, 4319998.443, 119
