Trd, 4318090.793, 61
Trd, 4318091.093, 71
Trd, 4318091.693, 114
Trd, 4318092.943, 140
Trd, 4318093.343, 83
Trd, 4318095.393, 60
Trd, 4318095.793, 60
Trd, 4318096.043, 62
Trd, 4318096.293, 72
Trd, 4318096.843, 63
Trd, 4318097.343, 63
Trd, 4318097.643, 67
Trd, 4318097.693, 116
Trd, 4318098.793, 107
Trd, 4318101.243, 107
Trd, 4318101.293, 106
Trd, 4318101.343, 127
Trd, 4318101.543, 130
Trd, 4318102.193, 140
Trd, 4318102.793, 107
Trd, 4318103.493, 107
Trd, 4318104.293, 140
Trd, 4318104.843, 140
Trd, 4318105.293, 140
Trd, 4318105.793, 140
Trd, 4318106.443, 126
Trd, 4318107.343, 138
Trd, 4318107.543, 135
Trd, 4318108.493, 60
Trd, 4318109.943, 105
Trd, 4318111.893, 140
Trd, 4318112.143, 140
Trd, 4318113.593, 140
Trd, 4318115.393, 140
Trd, 4318115.593, 140
Trd, 4318116.593, 140
Trd, 4318116.743, 140
Trd, 4318117.043, 140
Trd, 4318117.643, 140
Trd, 4318118.143, 140
Trd, 4318119.543, 140
Trd, 4318120.593, 139
Trd, 4318121.843, 140
Trd, 4318121.943, 139
Trd, 4318123.093, 140
Trd, 4318123.143, 140
Trd, 4318123.443, 63
Trd, 4318125.743, 60
Trd, 4318126.293, 60
Trd, 4318126.393, 60
Trd, 4318128.293, 61
Trd, 4318128.893, 61
Trd, 4318128.993, 67
Trd, 4318129.793, 60
Trd, 4318130.143, 94
Trd, 4318132.543, 60
Trd, 4318132.943, 69
Trd, 4318133.343, 63
Trd, 4318133.543, 64
Trd, 4318134.343, 65
Trd, 4318135.543, 70
Trd, 4318136.293, 66
Trd, 4318136.493, 94
Trd, 4318137.493, 66
Trd, 4318138.293, 71
Trd, 4318140.643, 61
Trd, 4318142.043, 60
Trd, 4318142.643, 60
Trd, 4318142.743, 61
Trd, 4318143.043, 63
Trd, 4318143.193, 75
Trd, 4318144.793, 65
Trd, 4318145.493, 68
Trd, 4318146.793, 140
Trd, 4318147.443, 140
Trd, 4318148.343, 140
Trd, 4318148.443, 140
Trd, 4318149.193, 140
Trd, 4318149.293, 82
Trd, 4318150.593, 63
Trd, 4318151.743, 140
Trd, 4318152.143, 140
Trd, 4318153.043, 140
Trd, 4318153.093, 140
Trd, 4318154.693, 140
Trd, 4318154.893, 140
Trd, 4318156.243, 91
Trd, 4318157.393, 140
Trd, 4318157.593, 67
Trd, 4318158.293, 62
Trd, 4318160.093, 65
Trd, 4318161.543, 60
Trd, 4318161.943, 70
Trd, 4318163.343, 63
Trd, 4318163.393, 63
Trd, 4318163.593, 64
Trd, 4318163.643, 61
Trd, 4318164.343, 71
Trd, 4318165.443, 73
Trd, 4318166.093, 73
Trd, 4318166.293, 99
Trd, 4318167.643, 140
Trd, 4318169.093, 140
Trd, 4318169.643, 140
Trd, 4318170.243, 140
Trd, 4318170.743, 140
Trd, 4318170.793, 140
Trd, 4318172.193, 140
Trd, 4318173.943, 140
Trd, 4318174.093, 140
Trd, 4318174.993, 140
Trd, 4318176.643, 140
Trd, 4318176.793, 140
Trd, 4318176.893, 140
Trd, 4318177.693, 140
Trd, 4318177.993, 140
Trd, 4318178.493, 140
Trd, 4318179.543, 139
Trd, 4318180.243, 139
Trd, 4318181.593, 140
Trd, 4318182.193, 140
Trd, 4318182.643, 140
Trd, 4318183.143, 98
Trd, 4318183.443, 97
Trd, 4318186.093, 60
Trd, 4318186.493, 62
Trd, 4318187.493, 66
Trd, 4318187.693, 67
Trd, 4318187.843, 99
Trd, 4318188.343, 138
Trd, 4318188.693, 62
Trd, 4318189.943, 71
Trd, 4318190.593, 72
Trd, 4318191.193, 72
Trd, 4318192.693, 138
Trd, 4318193.043, 137
Trd, 4318193.593, 140
Trd, 4318194.643, 140
Trd, 4318195.393, 140
Trd, 4318196.793, 140
Trd, 4318198.893, 140
Trd, 4318199.293, 140
Trd, 4318200.043, 140
Trd, 4318200.193, 140
Trd, 4318200.293, 140
Trd, 4318201.493, 140
Trd, 4318201.793, 140
Trd, 4318201.993, 140
Trd, 4318202.943, 139
Trd, 4318203.493, 140
Trd, 4318204.543, 140
Trd, 4318204.893, 140
Trd, 4318205.243, 140
Trd, 4318206.043, 128
Trd, 4318206.493, 140
Trd, 4318206.593, 82
Trd, 4318207.193, 80
Trd, 4318208.943, 63
Trd, 4318210.243, 60
Trd, 4318210.343, 62
Trd, 4318210.993, 88
Trd, 4318212.493, 61
Trd, 4318212.693, 64
Trd, 4318214.243, 61
Trd, 4318214.743, 63
Trd, 4318215.993, 61
Trd, 4318216.793, 60
Trd, 4318218.393, 60
Trd, 4318218.793, 60
Trd, 4318220.243, 60
Trd, 4318220.893, 61
Trd, 4318221.043, 60
Trd, 4318221.543, 61
Trd, 4318221.993, 60
Trd, 4318222.093, 63
Trd, 4318224.743, 60
Trd, 4318225.843, 60
Trd, 4318226.093, 60
Trd, 4318226.193, 61
Trd, 4318228.343, 68
Trd, 4318228.643, 63
Trd, 4318229.443, 61
Trd, 4318230.343, 65
Trd, 4318230.593, 110
Trd, 4318231.493, 74
Trd, 4318231.593, 62
Trd, 4318232.593, 60
Trd, 4318234.493, 60
Trd, 4318234.943, 60
Trd, 4318236.343, 60
Trd, 4318236.943, 61
Trd, 4318237.443, 62
Trd, 4318238.843, 61
Trd, 4318240.643, 60
Trd, 4318240.843, 61
Trd, 4318240.943, 62
Trd, 4318241.493, 60
Trd, 4318242.193, 93
Trd, 4318242.843, 116
Trd, 4318243.993, 138
Trd, 4318244.493, 140
Trd, 4318244.543, 140
Trd, 4318244.643, 65
Trd, 4318246.293, 139
Trd, 4318246.943, 140
Trd, 4318247.743, 138
Trd, 4318248.943, 140
Trd, 4318249.743, 140
Trd, 4318251.493, 140
Trd, 4318251.693, 140
Trd, 4318251.743, 140
Trd, 4318252.093, 140
Trd, 4318252.293, 74
Trd, 4318254.143, 140
Trd, 4318254.443, 140
Trd, 4318254.993, 140
Trd, 4318255.393, 140
Trd, 4318256.643, 140
Trd, 4318257.543, 140
Trd, 4318257.743, 139
Trd, 4318259.493, 140
Trd, 4318259.643, 140
Trd, 4318261.943, 140
Trd, 4318262.043, 140
Trd, 4318262.893, 140
Trd, 4318263.343, 140
Trd, 4318263.693, 140
Trd, 4318263.943, 140
Trd, 4318264.093, 138
Trd, 4318265.043, 140
Trd, 4318265.743, 140
Trd, 4318267.193, 140
Trd, 4318268.043, 140
Trd, 4318268.693, 140
Trd, 4318268.943, 140
Trd, 4318269.993, 140
Trd, 4318270.393, 139
Trd, 4318271.043, 140
Trd, 4318272.193, 140
Trd, 4318273.893, 140
Trd, 4318275.643, 140
Trd, 4318276.193, 140
Trd, 4318276.543, 140
Trd, 4318276.643, 140
Trd, 4318277.643, 140
Trd, 4318279.143, 140
Trd, 4318279.743, 140
Trd, 4318280.243, 140
Trd, 4318281.743, 140
Trd, 4318282.443, 140
Trd, 4318282.793, 140
Trd, 4318284.493, 140
Trd, 4318284.843, 140
Trd, 4318285.943, 140
Trd, 4318287.043, 140
Trd, 4318287.693, 140
Trd, 4318288.293, 140
Trd, 4318288.443, 140
Trd, 4318288.993, 139
Trd, 4318290.293, 140
Trd, 4318290.743, 140
Trd, 4318291.443, 140
Trd, 4318291.993, 94
Trd, 4318292.543, 88
Trd, 4318292.793, 124
Trd, 4318294.293, 139
Trd, 4318294.543, 140
Trd, 4318294.943, 138
Trd, 4318296.943, 140
Trd, 4318297.093, 140
Trd, 4318297.143, 140
Trd, 4318297.343, 140
Trd, 4318298.693, 140
Trd, 4318299.843, 140
Trd, 4318300.743, 140
Trd, 4318300.843, 139
Trd, 4318302.693, 140
Trd, 4318303.793, 114
Trd, 4318304.843, 139
Trd, 4318305.243, 140
Trd, 4318305.743, 140
Trd, 4318305.993, 140
Trd, 4318306.493, 140
Trd, 4318306.543, 140
Trd, 4318308.743, 140
Trd, 4318309.193, 140
Trd, 4318311.793, 140
Trd, 4318312.193, 140
Trd, 4318312.743, 140
Trd, 4318312.893, 140
Trd, 4318313.693, 140
Trd, 4318315.393, 140
Trd, 4318315.493, 140
Trd, 4318316.293, 140
Trd, 4318317.093, 140
Trd, 4318317.743, 140
Trd, 4318317.793, 140
Trd, 4318320.793, 140
Trd, 4318320.843, 140
Trd, 4318320.943, 140
Trd, 4318322.193, 140
Trd, 4318322.743, 140
Trd, 4318322.993, 140
Trd, 4318323.493, 140
Trd, 4318323.793, 140
Trd, 4318324.743, 62
Trd, 4318325.293, 82
Trd, 4318325.443, 81
Trd, 4318327.293, 68
Trd, 4318328.593, 68
Trd, 4318328.893, 69
Trd, 4318329.193, 68
Trd, 4318329.293, 90
Trd, 4318330.043, 67
Trd, 4318331.643, 62
Trd, 4318332.393, 63
Trd, 4318333.443, 89
Trd, 4318334.693, 61
Trd, 4318335.443, 61
Trd, 4318335.843, 61
Trd, 4318336.193, 60
Trd, 4318336.293, 62
Trd, 4318336.493, 63
Trd, 4318337.243, 63
Trd, 4318337.843, 62
Trd, 4318338.443, 96
Trd, 4318338.743, 140
Trd, 4318340.143, 62
Trd, 4318342.493, 61
Trd, 4318343.893, 67
Trd, 4318344.193, 68
Trd, 4318346.343, 61
Trd, 4318347.243, 62
Trd, 4318347.293, 62
Trd, 4318347.743, 64
Trd, 4318348.193, 81
Trd, 4318348.393, 100
Trd, 4318348.693, 64
Trd, 4318349.593, 140
Trd, 4318349.843, 140
Trd, 4318350.243, 140
Trd, 4318352.243, 140
Trd, 4318352.343, 140
Trd, 4318352.993, 140
Trd, 4318353.193, 140
Trd, 4318354.343, 140
Trd, 4318354.493, 140
Trd, 4318355.043, 140
Trd, 4318356.893, 140
Trd, 4318357.443, 140
Trd, 4318357.993, 140
Trd, 4318360.993, 140
Trd, 4318361.143, 140
Trd, 4318361.443, 140
Trd, 4318362.343, 140
Trd, 4318363.193, 140
Trd, 4318363.543, 140
Trd, 4318363.743, 140
Trd, 4318364.593, 140
Trd, 4318365.093, 140
Trd, 4318366.493, 140
Trd, 4318367.143, 140
Trd, 4318368.093, 140
Trd, 4318368.793, 140
Trd, 4318369.443, 140
Trd, 4318369.493, 139
Trd, 4318371.743, 140
Trd, 4318372.393, 140
Trd, 4318373.493, 140
Trd, 4318373.743, 140
Trd, 4318374.293, 140
Trd, 4318374.593, 140
Trd, 4318375.443, 140
Trd, 4318376.443, 140
Trd, 4318377.293, 140
Trd, 4318377.793, 140
Trd, 4318378.343, 140
Trd, 4318380.443, 140
Trd, 4318382.043, 140
Trd, 4318382.593, 140
Trd, 4318382.943, 140
Trd, 4318383.193, 139
Trd, 4318383.743, 140
Trd, 4318384.043, 140
Trd, 4318386.093, 140
Trd, 4318386.293, 140
Trd, 4318386.943, 140
Trd, 4318387.143, 140
Trd, 4318388.043, 140
Trd, 4318388.093, 66
Trd, 4318390.643, 60
Trd, 4318390.793, 60
Trd, 4318391.543, 62
Trd, 4318391.943, 63
Trd, 4318392.493, 63
Trd, 4318393.093, 69
Trd, 4318393.193, 68
Trd, 4318393.243, 92
Trd, 4318394.243, 74
Trd, 4318394.793, 140
Trd, 4318395.543, 140
Trd, 4318396.193, 126
Trd, 4318397.293, 110
Trd, 4318397.393, 132
Trd, 4318397.843, 140
Trd, 4318397.993, 102
Trd, 4318399.293, 72
Trd, 4318399.343, 63
Trd, 4318400.543, 69
Trd, 4318401.043, 75
Trd, 4318401.693, 136
Trd, 4318401.943, 66
Trd, 4318403.643, 139
Trd, 4318403.693, 138
Trd, 4318403.943, 140
Trd, 4318404.493, 139
Trd, 4318406.043, 91
Trd, 4318406.843, 62
Trd, 4318407.643, 70
Trd, 4318407.793, 60
Trd, 4318407.943, 71
Trd, 4318408.343, 63
Trd, 4318409.543, 68
Trd, 4318410.193, 138
Trd, 4318412.193, 63
Trd, 4318414.043, 60
Trd, 4318414.143, 60
Trd, 4318414.193, 61
Trd, 4318414.993, 60
Trd, 4318415.493, 61
Trd, 4318416.293, 80
Trd, 4318417.843, 122
Trd, 4318419.343, 60
Trd, 4318419.693, 65
Trd, 4318420.943, 60
Trd, 4318421.293, 60
Trd, 4318421.543, 61
Trd, 4318421.743, 61
Trd, 4318422.193, 62
Trd, 4318422.743, 64
Trd, 4318423.693, 67
Trd, 4318424.843, 63
Trd, 4318424.893, 66
Trd, 4318425.143, 61
Trd, 4318425.593, 70
Trd, 4318430.493, 60
Trd, 4318430.943, 60
Trd, 4318432.843, 60
Trd, 4318432.993, 60
Trd, 4318433.343, 60
Trd, 4318434.193, 61
Trd, 4318434.743, 63
Trd, 4318434.793, 63
Trd, 4318435.143, 61
Trd, 4318435.443, 93
Trd, 4318436.943, 61
Trd, 4318438.793, 60
Trd, 4318439.343, 60
Trd, 4318439.693, 60
Trd, 4318440.143, 62
Trd, 4318440.743, 61
Trd, 4318441.543, 60
Trd, 4318443.043, 60
Trd, 4318443.643, 80
Trd, 4318443.993, 60
Trd, 4318444.093, 60
Trd, 4318444.943, 61
Trd, 4318445.343, 61
Trd, 4318445.693, 61
Trd, 4318446.543, 140
Trd, 4318447.243, 140
Trd, 4318447.643, 140
Trd, 4318449.243, 67
Trd, 4318449.793, 63
Trd, 4318449.893, 96
Trd, 4318449.943, 104
Trd, 4318450.593, 85
Trd, 4318452.343, 62
Trd, 4318452.543, 63
Trd, 4318454.293, 62
Trd, 4318454.643, 60
Trd, 4318454.943, 68
Trd, 4318455.143, 61
Trd, 4318455.193, 72
Trd, 4318457.143, 68
Trd, 4318458.343, 140
Trd, 4318458.393, 140
Trd, 4318458.543, 140
Trd, 4318459.893, 140
Trd, 4318460.493, 140
Trd, 4318461.143, 140
Trd, 4318462.743, 140
Trd, 4318463.293, 140
Trd, 4318463.493, 140
Trd, 4318463.643, 139
Trd, 4318465.093, 140
Trd, 4318465.893, 140
Trd, 4318466.593, 140
Trd, 4318467.243, 140
Trd, 4318468.193, 140
Trd, 4318468.993, 64
Trd, 4318469.793, 137
Trd, 4318470.293, 138
Trd, 4318470.543, 139
Trd, 4318471.643, 139
Trd, 4318471.793, 138
Trd, 4318472.543, 140
Trd, 4318472.943, 140
Trd, 4318474.793, 140
Trd, 4318475.643, 140
Trd, 4318476.093, 140
Trd, 4318476.343, 140
Trd, 4318477.593, 140
Trd, 4318478.143, 138
Trd, 4318479.043, 67
Trd, 4318479.693, 121
Trd, 4318480.243, 63
Trd, 4318480.943, 68
Trd, 4318481.593, 140
Trd, 4318481.943, 140
Trd, 4318484.243, 140
Trd, 4318484.343, 140
Trd, 4318484.743, 140
Trd, 4318485.443, 140
Trd, 4318485.643, 140
Trd, 4318486.843, 140
Trd, 4318487.043, 140
Trd, 4318488.493, 140
Trd, 4318490.143, 140
Trd, 4318490.343, 140
Trd, 4318491.043, 140
Trd, 4318491.893, 140
Trd, 4318492.343, 140
Trd, 4318493.143, 140
Trd, 4318493.943, 140
Trd, 4318495.793, 140
Trd, 4318496.193, 140
Trd, 4318496.543, 140
Trd, 4318498.543, 140
Trd, 4318498.643, 140
Trd, 4318499.293, 140
Trd, 4318499.843, 140
Trd, 4318500.293, 140
Trd, 4318501.393, 140
Trd, 4318501.493, 140
Trd, 4318502.293, 133
Trd, 4318502.343, 132
Trd, 4318503.093, 104
Trd, 4318505.143, 140
Trd, 4318505.243, 140
Trd, 4318505.393, 140
Trd, 4318505.593, 102
Trd, 4318506.893, 140
Trd, 4318507.043, 140
Trd, 4318507.843, 140
Trd, 4318508.793, 140
Trd, 4318509.543, 140
Trd, 4318510.443, 140
Trd, 4318512.443, 140
Trd, 4318513.443, 140
Trd, 4318514.443, 140
Trd, 4318514.743, 140
Trd, 4318516.543, 140
Trd, 4318517.143, 140
Trd, 4318518.393, 140
Trd, 4318519.043, 140
Trd, 4318519.543, 140
Trd, 4318520.193, 140
Trd, 4318520.693, 140
Trd, 4318521.443, 140
Trd, 4318522.093, 140
Trd, 4318523.443, 99
Trd, 4318524.743, 102
Trd, 4318524.943, 63
Trd, 4318524.993, 103
Trd, 4318526.393, 75
Trd, 4318526.543, 106
Trd, 4318526.893, 139
Trd, 4318528.243, 114
Trd, 4318528.843, 140
Trd, 4318529.043, 140
Trd, 4318529.193, 139
Trd, 4318529.543, 88
Trd, 4318530.993, 97
Trd, 4318532.493, 140
Trd, 4318533.143, 140
Trd, 4318533.793, 140
Trd, 4318534.743, 140
Trd, 4318535.043, 140
Trd, 4318535.293, 140
Trd, 4318536.193, 140
Trd, 4318536.393, 110
Trd, 4318536.993, 138
Trd, 4318537.043, 97
Trd, 4318537.893, 140
Trd, 4318539.243, 72
Trd, 4318541.443, 65
Trd, 4318541.943, 69
Trd, 4318542.193, 78
Trd, 4318542.593, 126
Trd, 4318543.493, 61
Trd, 4318543.543, 139
Trd, 4318544.993, 118
Trd, 4318545.093, 118
Trd, 4318546.793, 139
Trd, 4318547.593, 140
Trd, 4318548.543, 140
Trd, 4318548.943, 140
Trd, 4318549.193, 140
Trd, 4318550.793, 140
Trd, 4318551.243, 140
Trd, 4318551.543, 140
Trd, 4318552.093, 140
Trd, 4318552.543, 140
Trd, 4318553.993, 134
Trd, 4318554.693, 88
Trd, 4318555.243, 105
Trd, 4318555.943, 140
Trd, 4318556.543, 140
Trd, 4318557.443, 140
Trd, 4318557.793, 140
Trd, 4318557.843, 140
Trd, 4318558.443, 139
Trd, 4318559.143, 138
Trd, 4318559.593, 82
Trd, 4318559.693, 64
Trd, 4318560.843, 140
Trd, 4318561.493, 140
Trd, 4318561.793, 140
Trd, 4318563.293, 139
Trd, 4318564.793, 140
Trd, 4318565.593, 140
Trd, 4318566.193, 140
Trd, 4318567.643, 140
Trd, 4318567.693, 140
Trd, 4318568.343, 140
Trd, 4318568.593, 109
Trd, 4318570.093, 140
Trd, 4318570.493, 140
Trd, 4318571.893, 140
Trd, 4318572.593, 140
Trd, 4318573.143, 140
Trd, 4318573.943, 140
Trd, 4318574.493, 140
Trd, 4318575.493, 140
Trd, 4318575.693, 140
Trd, 4318576.243, 140
Trd, 4318577.243, 140
Trd, 4318579.343, 140
Trd, 4318579.693, 140
Trd, 4318580.493, 140
Trd, 4318581.043, 140
Trd, 4318581.893, 140
Trd, 4318582.443, 140
Trd, 4318582.543, 140
Trd, 4318582.793, 140
Trd, 4318585.043, 140
Trd, 4318585.143, 140
Trd, 4318585.443, 140
Trd, 4318586.393, 140
Trd, 4318586.493, 140
Trd, 4318586.943, 128
Trd, 4318587.393, 136
Trd, 4318588.093, 140
Trd, 4318589.243, 140
Trd, 4318591.443, 140
Trd, 4318592.193, 140
Trd, 4318592.243, 140
Trd, 4318592.443, 138
Trd, 4318592.843, 140
Trd, 4318593.143, 125
Trd, 4318594.943, 87
Trd, 4318595.643, 110
Trd, 4318596.293, 139
Trd, 4318597.143, 140
Trd, 4318597.293, 140
Trd, 4318599.393, 140
Trd, 4318600.943, 140
Trd, 4318601.593, 140
Trd, 4318601.943, 140
Trd, 4318601.993, 140
Trd, 4318603.493, 140
Trd, 4318604.843, 139
Trd, 4318604.943, 132
Trd, 4318605.943, 119
Trd, 4318607.043, 140
Trd, 4318607.443, 140
Trd, 4318608.343, 140
Trd, 4318608.643, 139
Trd, 4318609.393, 139
Trd, 4318610.343, 140
Trd, 4318611.143, 140
Trd, 4318613.543, 140
Trd, 4318613.643, 139
Trd, 4318613.893, 140
Trd, 4318613.943, 140
Trd, 4318614.443, 102
Trd, 4318614.943, 101
Trd, 4318618.193, 140
Trd, 4318618.443, 140
Trd, 4318618.893, 140
Trd, 4318619.493, 140
Trd, 4318619.743, 139
Trd, 4318620.443, 138
Trd, 4318620.693, 140
Trd, 4318620.943, 139
Trd, 4318622.043, 121
Trd, 4318622.543, 115
Trd, 4318623.893, 139
Trd, 4318624.293, 139
Trd, 4318624.593, 137
Trd, 4318624.893, 140
Trd, 4318626.443, 140
Trd, 4318627.543, 140
Trd, 4318627.993, 140
Trd, 4318628.793, 140
Trd, 4318628.843, 140
Trd, 4318629.793, 140
Trd, 4318630.343, 140
Trd, 4318630.893, 140
Trd, 4318631.593, 140
Trd, 4318632.143, 140
Trd, 4318632.593, 138
Trd, 4318633.243, 64
Trd, 4318634.693, 65
Trd, 4318635.043, 65
Trd, 4318636.293, 62
Trd, 4318636.893, 64
Trd, 4318637.193, 72
Trd, 4318638.143, 76
Trd, 4318638.393, 104
Trd, 4318641.793, 60
Trd, 4318642.243, 60
Trd, 4318642.793, 60
Trd, 4318642.943, 67
Trd, 4318643.293, 68
Trd, 4318643.493, 126
Trd, 4318644.193, 62
Trd, 4318644.543, 140
Trd, 4318645.193, 139
Trd, 4318645.243, 138
Trd, 4318646.393, 140
Trd, 4318647.543, 140
Trd, 4318647.793, 140
Trd, 4318648.243, 140
Trd, 4318650.093, 140
Trd, 4318650.443, 140
Trd, 4318651.193, 140
Trd, 4318651.493, 140
Trd, 4318651.643, 140
Trd, 4318651.793, 140
Trd, 4318652.543, 140
Trd, 4318652.793, 140
Trd, 4318655.693, 140
Trd, 4318655.793, 140
Trd, 4318656.543, 140
Trd, 4318657.143, 137
Trd, 4318657.393, 113
Trd, 4318657.643, 63
Trd, 4318658.793, 140
Trd, 4318659.093, 140
Trd, 4318659.443, 140
Trd, 4318660.343, 81
Trd, 4318662.043, 78
Trd, 4318662.193, 77
Trd, 4318664.343, 73
Trd, 4318664.593, 60
Trd, 4318665.393, 62
Trd, 4318665.843, 65
Trd, 4318665.993, 113
Trd, 4318666.293, 140
Trd, 4318666.493, 64
Trd, 4318668.793, 71
Trd, 4318669.143, 126
Trd, 4318669.493, 125
Trd, 4318670.593, 140
Trd, 4318671.093, 140
Trd, 4318671.643, 138
Trd, 4318672.993, 140
Trd, 4318673.593, 140
Trd, 4318673.693, 140
Trd, 4318675.643, 140
Trd, 4318676.543, 140
Trd, 4318678.093, 140
Trd, 4318678.243, 140
Trd, 4318680.343, 140
Trd, 4318681.993, 140
Trd, 4318683.193, 140
Trd, 4318683.443, 140
Trd, 4318683.543, 140
Trd, 4318685.143, 140
Trd, 4318685.293, 140
Trd, 4318686.343, 140
Trd, 4318687.243, 140
Trd, 4318687.293, 139
Trd, 4318687.893, 140
Trd, 4318688.393, 140
Trd, 4318689.243, 140
Trd, 4318690.343, 140
Trd, 4318693.343, 140
Trd, 4318693.793, 140
Trd, 4318693.893, 140
Trd, 4318693.993, 140
Trd, 4318694.143, 140
Trd, 4318694.193, 140
Trd, 4318694.993, 140
Trd, 4318696.193, 139
Trd, 4318696.743, 91
Trd, 4318697.843, 91
Trd, 4318698.343, 84
Trd, 4318698.893, 69
Trd, 4318698.943, 70
Trd, 4318700.293, 60
Trd, 4318701.743, 60
Trd, 4318703.943, 60
Trd, 4318704.643, 60
Trd, 4318704.843, 61
Trd, 4318706.193, 60
Trd, 4318706.543, 61
Trd, 4318707.693, 61
Trd, 4318708.143, 61
Trd, 4318708.693, 61
Trd, 4318708.793, 61
Trd, 4318708.943, 92
Trd, 4318709.943, 66
Trd, 4318711.593, 69
Trd, 4318712.043, 68
Trd, 4318712.143, 103
Trd, 4318712.993, 140
Trd, 4318714.793, 140
Trd, 4318715.443, 140
Trd, 4318716.093, 140
Trd, 4318717.593, 140
Trd, 4318717.943, 140
Trd, 4318718.993, 140
Trd, 4318719.843, 140
Trd, 4318719.943, 140
Trd, 4318720.343, 140
Trd, 4318720.743, 140
Trd, 4318721.793, 140
Trd, 4318722.193, 139
Trd, 4318722.493, 87
Trd, 4318724.843, 140
Trd, 4318725.293, 140
Trd, 4318725.493, 140
Trd, 4318727.343, 140
Trd, 4318728.793, 140
Trd, 4318729.243, 140
Trd, 4318729.393, 140
Trd, 4318729.593, 140
Trd, 4318730.043, 138
Trd, 4318733.143, 140
Trd, 4318733.493, 140
Trd, 4318733.593, 140
Trd, 4318735.043, 140
Trd, 4318735.393, 140
Trd, 4318735.893, 140
Trd, 4318736.693, 140
Trd, 4318737.143, 140
Trd, 4318737.193, 140
Trd, 4318738.293, 140
Trd, 4318738.843, 140
Trd, 4318739.243, 140
Trd, 4318739.743, 140
Trd, 4318741.943, 140
Trd, 4318743.393, 140
Trd, 4318744.543, 140
Trd, 4318745.393, 140
Trd, 4318747.293, 140
Trd, 4318747.693, 140
Trd, 4318749.493, 140
Trd, 4318749.943, 140
Trd, 4318750.293, 140
Trd, 4318751.243, 140
Trd, 4318751.443, 140
Trd, 4318751.643, 140
Trd, 4318753.793, 140
Trd, 4318753.893, 139
Trd, 4318756.043, 140
Trd, 4318756.093, 140
Trd, 4318756.443, 140
Trd, 4318757.143, 140
Trd, 4318759.593, 140
Trd, 4318759.693, 140
Trd, 4318760.593, 140
Trd, 4318761.893, 140
Trd, 4318763.843, 140
Trd, 4318763.943, 140
Trd, 4318764.443, 140
Trd, 4318765.343, 140
Trd, 4318766.093, 140
Trd, 4318766.293, 140
Trd, 4318768.593, 140
Trd, 4318769.093, 140
Trd, 4318769.493, 140
Trd, 4318770.143, 140
Trd, 4318772.193, 140
Trd, 4318772.793, 140
Trd, 4318773.343, 140
Trd, 4318773.443, 140
Trd, 4318773.793, 138
Trd, 4318773.893, 68
Trd, 4318774.243, 60
Trd, 4318775.843, 66
Trd, 4318777.143, 140
Trd, 4318777.793, 140
Trd, 4318780.043, 140
Trd, 4318780.593, 140
Trd, 4318781.093, 140
Trd, 4318781.293, 140
Trd, 4318782.843, 140
Trd, 4318783.143, 139
Trd, 4318783.893, 140
Trd, 4318785.043, 140
Trd, 4318785.593, 140
Trd, 4318785.693, 140
Trd, 4318786.443, 140
Trd, 4318788.593, 140
Trd, 4318788.743, 140
Trd, 4318789.693, 140
Trd, 4318790.043, 140
Trd, 4318790.643, 140
Trd, 4318791.243, 140
Trd, 4318792.893, 140
Trd, 4318793.093, 140
Trd, 4318793.843, 137
Trd, 4318794.793, 61
Trd, 4318797.543, 61
Trd, 4318798.293, 60
Trd, 4318798.493, 62
Trd, 4318798.643, 68
Trd, 4318798.743, 68
Trd, 4318798.843, 61
Trd, 4318800.143, 140
Trd, 4318800.243, 140
Trd, 4318801.093, 62
Trd, 4318802.043, 60
Trd, 4318804.893, 60
Trd, 4318805.843, 60
Trd, 4318807.543, 60
Trd, 4318808.293, 60
Trd, 4318808.493, 60
Trd, 4318808.743, 60
Trd, 4318809.043, 61
Trd, 4318809.393, 64
Trd, 4318809.443, 67
Trd, 4318809.493, 93
Trd, 4318812.193, 63
Trd, 4318813.893, 60
Trd, 4318814.343, 60
Trd, 4318814.493, 60
Trd, 4318815.293, 60
Trd, 4318815.843, 60
Trd, 4318816.093, 61
Trd, 4318816.293, 60
Trd, 4318817.693, 60
Trd, 4318819.143, 60
Trd, 4318820.793, 60
Trd, 4318821.043, 60
Trd, 4318821.243, 67
Trd, 4318821.793, 67
Trd, 4318823.243, 60
Trd, 4318824.693, 63
Trd, 4318825.693, 63
Trd, 4318826.593, 67
Trd, 4318827.093, 67
Trd, 4318827.143, 66
Trd, 4318827.193, 72
Trd, 4318828.593, 68
Trd, 4318829.043, 92
Trd, 4318831.443, 140
Trd, 4318832.343, 140
Trd, 4318832.393, 140
Trd, 4318832.993, 140
Trd, 4318833.143, 140
Trd, 4318833.243, 140
Trd, 4318833.293, 140
Trd, 4318835.643, 140
Trd, 4318836.343, 140
Trd, 4318837.043, 140
Trd, 4318838.043, 140
Trd, 4318839.693, 140
Trd, 4318839.743, 140
Trd, 4318840.043, 140
Trd, 4318841.893, 75
Trd, 4318842.093, 139
Trd, 4318842.643, 133
Trd, 4318843.293, 137
Trd, 4318843.743, 134
Trd, 4318843.893, 138
Trd, 4318843.943, 134
Trd, 4318844.393, 108
Trd, 4318844.643, 107
Trd, 4318846.593, 140
Trd, 4318847.793, 140
Trd, 4318847.993, 140
Trd, 4318848.943, 75
Trd, 4318849.543, 75
Trd, 4318850.393, 140
Trd, 4318851.543, 140
Trd, 4318851.943, 140
Trd, 4318852.393, 140
Trd, 4318852.993, 140
Trd, 4318853.343, 140
Trd, 4318854.643, 140
Trd, 4318854.843, 140
Trd, 4318856.043, 140
Trd, 4318856.193, 140
Trd, 4318858.193, 140
Trd, 4318858.893, 140
Trd, 4318859.143, 140
Trd, 4318859.543, 140
Trd, 4318861.443, 137
Trd, 4318861.993, 134
Trd, 4318862.393, 124
Trd, 4318862.943, 125
Trd, 4318863.743, 126
Trd, 4318863.793, 124
Trd, 4318865.193, 139
Trd, 4318865.693, 134
Trd, 4318867.093, 140
Trd, 4318867.843, 140
Trd, 4318868.743, 140
Trd, 4318869.693, 140
Trd, 4318871.693, 140
Trd, 4318871.843, 140
Trd, 4318872.043, 140
Trd, 4318872.593, 140
Trd, 4318872.643, 140
Trd, 4318874.743, 139
Trd, 4318875.043, 140
Trd, 4318875.293, 140
Trd, 4318875.793, 140
Trd, 4318877.093, 140
Trd, 4318877.793, 140
Trd, 4318879.093, 140
Trd, 4318881.093, 140
Trd, 4318882.293, 140
Trd, 4318883.343, 140
Trd, 4318883.943, 140
Trd, 4318884.593, 140
Trd, 4318885.593, 140
Trd, 4318886.143, 140
Trd, 4318886.893, 140
Trd, 4318887.043, 140
Trd, 4318887.293, 140
Trd, 4318887.393, 140
Trd, 4318887.993, 140
Trd, 4318889.043, 140
Trd, 4318889.543, 140
Trd, 4318890.443, 140
Trd, 4318891.393, 140
Trd, 4318891.743, 140
Trd, 4318892.693, 140
Trd, 4318892.793, 140
Trd, 4318893.293, 140
Trd, 4318894.093, 139
Trd, 4318894.543, 99
Trd, 4318894.743, 62
Trd, 4318895.343, 82
Trd, 4318896.393, 60
Trd, 4318897.093, 139
Trd, 4318898.743, 133
Trd, 4318899.493, 137
Trd, 4318900.543, 140
Trd, 4318900.843, 140
Trd, 4318901.493, 140
Trd, 4318902.193, 140
Trd, 4318902.993, 140
Trd, 4318905.043, 119
Trd, 4318906.893, 140
Trd, 4318907.543, 140
Trd, 4318907.843, 140
Trd, 4318907.943, 140
Trd, 4318908.743, 140
Trd, 4318910.193, 140
Trd, 4318910.343, 140
Trd, 4318910.543, 140
Trd, 4318911.743, 140
Trd, 4318913.193, 140
Trd, 4318914.743, 140
Trd, 4318914.843, 140
Trd, 4318915.393, 140
Trd, 4318916.043, 140
Trd, 4318916.443, 140
Trd, 4318918.593, 140
Trd, 4318919.143, 140
Trd, 4318919.793, 140
Trd, 4318921.193, 140
Trd, 4318921.543, 140
Trd, 4318921.693, 140
Trd, 4318921.793, 140
Trd, 4318923.093, 118
Trd, 4318924.293, 140
Trd, 4318924.443, 139
Trd, 4318925.643, 135
Trd, 4318925.843, 117
Trd, 4318926.993, 109
Trd, 4318928.393, 62
Trd, 4318928.843, 60
Trd, 4318930.443, 64
Trd, 4318931.593, 60
Trd, 4318933.043, 61
Trd, 4318933.093, 62
Trd, 4318933.393, 60
Trd, 4318933.793, 69
Trd, 4318933.843, 103
Trd, 4318935.643, 139
Trd, 4318935.793, 126
Trd, 4318936.343, 60
Trd, 4318936.843, 61
Trd, 4318939.493, 60
Trd, 4318939.593, 60
Trd, 4318939.743, 63
Trd, 4318941.543, 63
Trd, 4318942.643, 60
Trd, 4318942.793, 65
Trd, 4318945.043, 60
Trd, 4318945.193, 62
Trd, 4318946.543, 106
Trd, 4318947.043, 140
Trd, 4318947.143, 140
Trd, 4318948.143, 140
Trd, 4318948.743, 140
Trd, 4318948.893, 140
Trd, 4318950.493, 140
Trd, 4318951.193, 140
Trd, 4318951.443, 140
Trd, 4318952.693, 140
Trd, 4318954.393, 140
Trd, 4318955.393, 140
Trd, 4318955.643, 140
Trd, 4318958.293, 140
Trd, 4318958.393, 140
Trd, 4318959.043, 140
Trd, 4318959.293, 138
Trd, 4318960.093, 134
Trd, 4318960.293, 140
Trd, 4318960.343, 139
Trd, 4318960.643, 131
Trd, 4318961.443, 61
Trd, 4318962.043, 61
Trd, 4318962.943, 61
Trd, 4318963.243, 63
Trd, 4318963.543, 94
Trd, 4318964.643, 63
Trd, 4318965.693, 77
Trd, 4318967.493, 69
Trd, 4318967.993, 66
Trd, 4318970.543, 60
Trd, 4318971.743, 60
Trd, 4318972.643, 60
Trd, 4318973.943, 60
Trd, 4318974.393, 60
Trd, 4318974.543, 61
Trd, 4318974.643, 60
Trd, 4318975.393, 61
Trd, 4318975.993, 61
Trd, 4318976.393, 69
Trd, 4318976.793, 93
Trd, 4318977.243, 72
Trd, 4318978.143, 71
Trd, 4318978.243, 68
Trd, 4318978.993, 60
Trd, 4318979.493, 140
Trd, 4318980.593, 140
Trd, 4318981.693, 140
Trd, 4318982.043, 140
Trd, 4318983.343, 140
Trd, 4318983.393, 140
Trd, 4318984.993, 140
Trd, 4318985.093, 140
Trd, 4318986.643, 140
Trd, 4318987.043, 140
Trd, 4318987.093, 140
Trd, 4318988.393, 136
Trd, 4318988.543, 136
Trd, 4318989.093, 140
Trd, 4318990.593, 130
Trd, 4318991.243, 140
Trd, 4318991.743, 140
Trd, 4318992.243, 139
Trd, 4318992.293, 131
Trd, 4318992.993, 86
Trd, 4318994.843, 134
Trd, 4318995.443, 134
Trd, 4318996.743, 95
Trd, 4318997.293, 96
Trd, 4318997.493, 95
Trd, 4318997.893, 102
Trd, 4318998.143, 103
Trd, 4318998.193, 115
Trd, 4318999.643, 95
Trd, 4319000.493, 88
Trd, 4319001.443, 90
Trd, 4319001.693, 90
Trd, 4319002.093, 73
Trd, 4319002.893, 97
Trd, 4319003.043, 98
Trd, 4319004.093, 104
Trd, 4319005.693, 140
Trd, 4319005.893, 140
Trd, 4319006.143, 140
Trd, 4319006.493, 140
Trd, 4319006.893, 140
Trd, 4319009.943, 140
Trd, 4319009.993, 140
Trd, 4319010.143, 140
Trd, 4319010.793, 140
Trd, 4319011.443, 140
Trd, 4319011.693, 140
Trd, 4319011.793, 139
Trd, 4319014.093, 140
Trd, 4319014.793, 140
Trd, 4319016.343, 140
Trd, 4319016.493, 140
Trd, 4319016.693, 140
Trd, 4319017.293, 140
Trd, 4319017.443, 139
Trd, 4319017.593, 138
Trd, 4319018.693, 131
Trd, 4319019.093, 140
Trd, 4319019.443, 138
Trd, 4319020.743, 60
Trd, 4319023.493, 60
Trd, 4319023.743, 60
Trd, 4319025.143, 60
Trd, 4319026.343, 60
Trd, 4319026.393, 60
Trd, 4319026.443, 60
Trd, 4319026.993, 60
Trd, 4319027.843, 62
Trd, 4319029.043, 63
Trd, 4319029.143, 72
Trd, 4319029.193, 104
Trd, 4319030.343, 81
Trd, 4319030.393, 80
Trd, 4319031.493, 73
Trd, 4319033.993, 140
Trd, 4319034.643, 140
Trd, 4319035.293, 140
Trd, 4319035.943, 140
Trd, 4319036.343, 140
Trd, 4319037.043, 140
Trd, 4319037.143, 140
Trd, 4319037.593, 138
Trd, 4319040.043, 140
Trd, 4319040.243, 100
Trd, 4319040.743, 95
Trd, 4319040.793, 94
Trd, 4319041.843, 140
Trd, 4319043.043, 140
Trd, 4319043.993, 140
Trd, 4319045.143, 140
Trd, 4319045.193, 140
Trd, 4319045.893, 140
Trd, 4319045.943, 140
Trd, 4319047.193, 140
Trd, 4319049.393, 140
Trd, 4319049.593, 140
Trd, 4319050.893, 140
Trd, 4319051.243, 140
Trd, 4319051.893, 140
Trd, 4319052.843, 140
Trd, 4319053.693, 140
Trd, 4319054.193, 140
Trd, 4319054.243, 140
Trd, 4319054.293, 140
Trd, 4319056.243, 140
Trd, 4319056.443, 140
Trd, 4319056.643, 129
Trd, 4319056.693, 103
Trd, 4319059.093, 61
Trd, 4319059.343, 62
Trd, 4319060.093, 64
Trd, 4319060.893, 65
Trd, 4319061.593, 66
Trd, 4319062.543, 73
Trd, 4319062.793, 65
Trd, 4319063.393, 60
Trd, 4319063.993, 63
Trd, 4319064.093, 82
Trd, 4319066.143, 60
Trd, 4319067.243, 60
Trd, 4319068.643, 60
Trd, 4319069.743, 60
Trd, 4319070.043, 60
Trd, 4319071.243, 63
Trd, 4319072.343, 64
Trd, 4319072.393, 65
Trd, 4319072.993, 62
Trd, 4319073.293, 64
Trd, 4319073.643, 122
Trd, 4319074.193, 101
Trd, 4319074.343, 99
Trd, 4319075.493, 95
Trd, 4319076.293, 96
Trd, 4319076.843, 138
Trd, 4319077.943, 60
Trd, 4319078.993, 60
Trd, 4319079.293, 60
Trd, 4319082.443, 60
Trd, 4319082.493, 64
Trd, 4319082.893, 60
Trd, 4319083.443, 62
Trd, 4319083.743, 61
Trd, 4319084.143, 63
Trd, 4319085.743, 64
Trd, 4319085.843, 65
Trd, 4319086.143, 63
Trd, 4319086.193, 67
Trd, 4319086.243, 78
Trd, 4319086.743, 76
Trd, 4319088.193, 121
Trd, 4319089.843, 66
Trd, 4319090.393, 60
Trd, 4319091.043, 60
Trd, 4319091.843, 93
Trd, 4319093.343, 60
Trd, 4319094.993, 60
Trd, 4319095.893, 60
Trd, 4319096.693, 61
Trd, 4319097.343, 63
Trd, 4319097.593, 64
Trd, 4319098.043, 64
Trd, 4319098.543, 67
Trd, 4319099.143, 65
Trd, 4319099.243, 68
Trd, 4319099.893, 67
Trd, 4319100.943, 72
Trd, 4319101.443, 140
Trd, 4319102.443, 140
Trd, 4319103.043, 140
Trd, 4319103.393, 139
Trd, 4319103.543, 124
Trd, 4319105.243, 60
Trd, 4319105.493, 121
Trd, 4319106.543, 60
Trd, 4319108.043, 60
Trd, 4319108.493, 60
Trd, 4319109.893, 60
Trd, 4319109.993, 61
Trd, 4319111.043, 61
Trd, 4319111.543, 62
Trd, 4319111.793, 88
Trd, 4319112.293, 88
Trd, 4319112.493, 87
Trd, 4319112.593, 124
Trd, 4319114.343, 61
Trd, 4319114.493, 61
Trd, 4319115.443, 62
Trd, 4319117.293, 60
Trd, 4319120.243, 60
Trd, 4319120.743, 60
Trd, 4319121.093, 61
Trd, 4319121.493, 63
Trd, 4319121.743, 68
Trd, 4319122.393, 65
Trd, 4319122.593, 62
Trd, 4319123.093, 74
Trd, 4319123.693, 74
Trd, 4319124.093, 60
Trd, 4319125.443, 63
Trd, 4319126.393, 67
Trd, 4319128.093, 60
Trd, 4319128.693, 60
Trd, 4319129.793, 63
Trd, 4319129.943, 67
Trd, 4319130.293, 68
Trd, 4319130.493, 67
Trd, 4319131.143, 68
Trd, 4319132.393, 132
Trd, 4319132.593, 130
Trd, 4319133.743, 140
Trd, 4319134.293, 140
Trd, 4319135.793, 140
Trd, 4319135.943, 140
Trd, 4319136.693, 140
Trd, 4319137.993, 140
Trd, 4319139.193, 140
Trd, 4319139.743, 140
Trd, 4319140.193, 140
Trd, 4319140.793, 140
Trd, 4319142.493, 140
Trd, 4319142.643, 139
Trd, 4319142.993, 140
Trd, 4319143.643, 140
Trd, 4319145.043, 140
Trd, 4319146.243, 140
Trd, 4319146.393, 140
Trd, 4319146.543, 139
Trd, 4319146.943, 140
Trd, 4319147.493, 134
Trd, 4319147.743, 133
Trd, 4319147.943, 132
Trd, 4319150.843, 103
Trd, 4319150.993, 102
Trd, 4319152.343, 139
Trd, 4319154.143, 60
Trd, 4319154.193, 60
Trd, 4319154.593, 61
Trd, 4319156.043, 61
Trd, 4319157.243, 60
Trd, 4319158.093, 60
Trd, 4319158.693, 61
Trd, 4319159.643, 97
Trd, 4319159.743, 105
Trd, 4319160.143, 75
Trd, 4319161.243, 121
Trd, 4319162.243, 140
Trd, 4319162.843, 140
Trd, 4319163.243, 140
Trd, 4319163.993, 140
Trd, 4319165.243, 140
Trd, 4319166.693, 140
Trd, 4319168.743, 140
Trd, 4319168.993, 140
Trd, 4319169.193, 140
Trd, 4319169.843, 140
Trd, 4319170.043, 140
Trd, 4319170.693, 140
Trd, 4319171.593, 140
Trd, 4319172.093, 138
Trd, 4319172.593, 120
Trd, 4319173.093, 140
Trd, 4319174.193, 140
Trd, 4319174.443, 140
Trd, 4319174.843, 140
Trd, 4319176.393, 140
Trd, 4319178.393, 140
Trd, 4319178.993, 140
Trd, 4319179.393, 140
Trd, 4319180.193, 140
Trd, 4319180.293, 138
Trd, 4319181.393, 139
Trd, 4319181.793, 140
Trd, 4319182.443, 140
Trd, 4319184.093, 140
Trd, 4319184.143, 140
Trd, 4319185.343, 139
Trd, 4319186.243, 127
Trd, 4319187.243, 130
Trd, 4319187.543, 130
Trd, 4319189.593, 140
Trd, 4319191.543, 140
Trd, 4319192.193, 140
Trd, 4319192.393, 140
Trd, 4319192.893, 140
Trd, 4319193.043, 140
Trd, 4319195.043, 140
Trd, 4319195.293, 140
Trd, 4319197.843, 140
Trd, 4319198.343, 140
Trd, 4319198.393, 140
Trd, 4319198.543, 140
Trd, 4319198.943, 140
Trd, 4319199.093, 139
Trd, 4319200.293, 139
Trd, 4319202.143, 140
Trd, 4319202.743, 140
Trd, 4319203.643, 140
Trd, 4319203.843, 140
Trd, 4319204.193, 140
Trd, 4319204.843, 140
Trd, 4319205.143, 139
Trd, 4319206.493, 140
Trd, 4319207.093, 140
Trd, 4319207.393, 140
Trd, 4319207.743, 140
Trd, 4319209.293, 140
Trd, 4319210.843, 140
Trd, 4319210.943, 140
Trd, 4319211.693, 139
Trd, 4319213.293, 140
Trd, 4319214.793, 140
Trd, 4319214.893, 140
Trd, 4319215.543, 140
Trd, 4319215.893, 140
Trd, 4319216.143, 140
Trd, 4319218.943, 140
Trd, 4319219.643, 140
Trd, 4319220.493, 140
Trd, 4319223.143, 140
Trd, 4319223.293, 140
Trd, 4319224.143, 140
Trd, 4319224.293, 140
Trd, 4319224.643, 140
Trd, 4319226.143, 140
Trd, 4319226.193, 140
Trd, 4319226.343, 140
Trd, 4319226.743, 139
Trd, 4319228.893, 140
Trd, 4319228.943, 140
Trd, 4319229.143, 135
Trd, 4319229.793, 135
Trd, 4319230.143, 140
Trd, 4319231.143, 140
Trd, 4319232.093, 140
Trd, 4319232.593, 140
Trd, 4319234.843, 140
Trd, 4319234.943, 140
Trd, 4319236.393, 140
Trd, 4319236.793, 140
Trd, 4319237.443, 140
Trd, 4319237.843, 64
Trd, 4319238.993, 60
Trd, 4319239.043, 63
Trd, 4319239.243, 91
Trd, 4319239.593, 100
Trd, 4319240.743, 140
Trd, 4319241.093, 140
Trd, 4319241.793, 140
Trd, 4319241.943, 140
Trd, 4319242.893, 140
Trd, 4319243.643, 138
Trd, 4319244.943, 140
Trd, 4319245.393, 140
Trd, 4319246.893, 140
Trd, 4319247.143, 140
Trd, 4319247.593, 140
Trd, 4319247.893, 140
Trd, 4319248.193, 140
Trd, 4319249.893, 66
Trd, 4319250.293, 67
Trd, 4319250.593, 72
Trd, 4319250.943, 134
Trd, 4319251.493, 74
Trd, 4319251.743, 140
Trd, 4319253.693, 77
Trd, 4319254.443, 137
Trd, 4319256.943, 140
Trd, 4319257.293, 140
Trd, 4319257.743, 140
Trd, 4319258.043, 140
Trd, 4319258.393, 140
Trd, 4319260.943, 140
Trd, 4319261.143, 140
Trd, 4319261.643, 140
Trd, 4319261.743, 140
Trd, 4319262.943, 140
Trd, 4319263.393, 140
Trd, 4319264.093, 140
Trd, 4319264.743, 140
Trd, 4319264.943, 103
Trd, 4319265.293, 96
Trd, 4319266.893, 140
Trd, 4319267.843, 140
Trd, 4319269.293, 140
Trd, 4319269.593, 140
Trd, 4319270.893, 140
Trd, 4319271.043, 140
Trd, 4319271.843, 140
Trd, 4319272.593, 140
Trd, 4319272.893, 139
Trd, 4319273.243, 139
Trd, 4319275.043, 140
Trd, 4319275.243, 139
Trd, 4319276.493, 140
Trd, 4319277.643, 140
Trd, 4319277.793, 140
Trd, 4319279.543, 140
Trd, 4319281.293, 140
Trd, 4319282.293, 140
Trd, 4319282.743, 140
Trd, 4319283.593, 140
Trd, 4319284.793, 140
Trd, 4319286.093, 140
Trd, 4319286.243, 140
Trd, 4319286.493, 140
Trd, 4319287.943, 140
Trd, 4319288.293, 140
Trd, 4319288.793, 140
Trd, 4319289.243, 140
Trd, 4319289.543, 139
Trd, 4319291.493, 140
Trd, 4319291.593, 140
Trd, 4319291.643, 140
Trd, 4319292.793, 140
Trd, 4319294.493, 140
Trd, 4319294.693, 140
Trd, 4319295.293, 140
Trd, 4319295.393, 140
Trd, 4319295.543, 139
Trd, 4319296.093, 139
Trd, 4319298.043, 104
Trd, 4319298.093, 102
Trd, 4319299.593, 140
Trd, 4319300.893, 140
Trd, 4319300.993, 140
Trd, 4319301.393, 134
Trd, 4319302.243, 140
Trd, 4319303.743, 140
Trd, 4319304.243, 140
Trd, 4319304.693, 140
Trd, 4319306.143, 140
Trd, 4319306.943, 140
Trd, 4319308.043, 140
Trd, 4319308.643, 140
Trd, 4319309.793, 140
Trd, 4319310.343, 140
Trd, 4319310.593, 140
Trd, 4319313.243, 140
Trd, 4319313.293, 140
Trd, 4319313.343, 140
Trd, 4319313.593, 139
Trd, 4319314.193, 136
Trd, 4319315.743, 140
Trd, 4319318.143, 140
Trd, 4319318.643, 137
Trd, 4319318.693, 109
Trd, 4319319.893, 136
Trd, 4319321.293, 140
Trd, 4319321.393, 140
Trd, 4319322.043, 140
Trd, 4319323.493, 140
Trd, 4319324.743, 140
Trd, 4319325.193, 140
Trd, 4319325.593, 140
Trd, 4319325.993, 140
Trd, 4319326.443, 140
Trd, 4319328.593, 140
Trd, 4319329.243, 140
Trd, 4319329.443, 140
Trd, 4319330.893, 140
Trd, 4319330.943, 140
Trd, 4319332.043, 140
Trd, 4319332.093, 140
Trd, 4319332.393, 140
Trd, 4319334.093, 140
Trd, 4319334.493, 140
Trd, 4319335.043, 140
Trd, 4319335.243, 140
Trd, 4319336.743, 139
Trd, 4319337.393, 138
Trd, 4319338.193, 140
Trd, 4319339.543, 140
Trd, 4319340.043, 140
Trd, 4319340.593, 90
Trd, 4319340.793, 61
Trd, 4319341.193, 139
Trd, 4319342.443, 136
Trd, 4319344.343, 140
Trd, 4319344.593, 140
Trd, 4319345.843, 140
Trd, 4319347.543, 140
Trd, 4319348.043, 140
Trd, 4319348.193, 140
Trd, 4319348.743, 140
Trd, 4319349.493, 140
Trd, 4319349.793, 140
Trd, 4319350.093, 140
Trd, 4319350.293, 77
Trd, 4319350.593, 78
Trd, 4319351.093, 76
Trd, 4319351.993, 113
Trd, 4319353.043, 138
Trd, 4319353.993, 139
Trd, 4319355.193, 140
Trd, 4319356.443, 140
Trd, 4319356.743, 139
Trd, 4319356.993, 66
Trd, 4319357.693, 82
Trd, 4319357.993, 83
Trd, 4319359.443, 83
Trd, 4319359.643, 72
Trd, 4319360.443, 102
Trd, 4319360.693, 104
Trd, 4319361.243, 138
Trd, 4319361.643, 63
Trd, 4319362.843, 64
Trd, 4319363.643, 73
Trd, 4319364.693, 140
Trd, 4319364.893, 140
Trd, 4319364.943, 139
Trd, 4319366.193, 65
Trd, 4319368.543, 60
Trd, 4319368.893, 60
Trd, 4319369.043, 60
Trd, 4319370.343, 66
Trd, 4319370.643, 63
Trd, 4319371.943, 70
Trd, 4319372.143, 61
Trd, 4319372.293, 99
Trd, 4319373.643, 62
Trd, 4319375.843, 60
Trd, 4319375.893, 60
Trd, 4319376.843, 60
Trd, 4319376.993, 64
Trd, 4319377.793, 69
Trd, 4319378.343, 68
Trd, 4319379.243, 70
Trd, 4319379.693, 69
Trd, 4319380.593, 60
Trd, 4319380.743, 93
Trd, 4319381.793, 68
Trd, 4319384.593, 60
Trd, 4319385.643, 61
Trd, 4319386.443, 61
Trd, 4319387.143, 60
Trd, 4319387.443, 61
Trd, 4319387.743, 63
Trd, 4319388.193, 135
Trd, 4319388.543, 134
Trd, 4319389.393, 108
Trd, 4319390.693, 111
Trd, 4319390.743, 109
Trd, 4319391.643, 114
Trd, 4319391.943, 113
Trd, 4319392.743, 115
Trd, 4319393.743, 140
Trd, 4319396.143, 140
Trd, 4319396.243, 140
Trd, 4319396.293, 140
Trd, 4319397.243, 140
Trd, 4319398.043, 140
Trd, 4319399.093, 140
Trd, 4319400.643, 140
Trd, 4319401.043, 140
Trd, 4319401.143, 140
Trd, 4319401.843, 140
Trd, 4319401.943, 140
Trd, 4319402.493, 137
Trd, 4319402.693, 63
Trd, 4319403.993, 69
Trd, 4319406.343, 62
Trd, 4319406.843, 93
Trd, 4319406.993, 140
Trd, 4319408.493, 62
Trd, 4319408.743, 63
Trd, 4319410.543, 60
Trd, 4319411.293, 60
Trd, 4319411.343, 61
Trd, 4319411.743, 61
Trd, 4319412.593, 64
Trd, 4319413.193, 61
Trd, 4319413.243, 66
Trd, 4319414.343, 62
Trd, 4319415.143, 60
Trd, 4319415.193, 64
Trd, 4319415.743, 64
Trd, 4319416.693, 66
Trd, 4319416.743, 74
Trd, 4319419.343, 66
Trd, 4319420.843, 62
Trd, 4319421.393, 67
Trd, 4319421.793, 67
Trd, 4319422.143, 73
Trd, 4319422.543, 71
Trd, 4319422.993, 74
Trd, 4319423.443, 102
Trd, 4319423.643, 70
Trd, 4319423.893, 115
Trd, 4319425.743, 140
Trd, 4319426.793, 139
Trd, 4319427.693, 140
Trd, 4319427.843, 107
Trd, 4319429.993, 140
Trd, 4319430.043, 140
Trd, 4319430.543, 140
Trd, 4319431.243, 140
Trd, 4319432.793, 140
Trd, 4319433.643, 140
Trd, 4319433.693, 140
Trd, 4319433.943, 140
Trd, 4319434.493, 140
Trd, 4319436.793, 140
Trd, 4319436.993, 140
Trd, 4319437.193, 140
Trd, 4319437.793, 140
Trd, 4319438.043, 121
Trd, 4319439.193, 140
Trd, 4319440.493, 140
Trd, 4319441.543, 140
Trd, 4319442.293, 140
Trd, 4319443.093, 140
Trd, 4319444.043, 140
Trd, 4319444.943, 140
Trd, 4319445.843, 140
Trd, 4319447.243, 140
Trd, 4319448.393, 140
Trd, 4319448.493, 140
Trd, 4319450.093, 140
Trd, 4319450.593, 140
Trd, 4319452.043, 140
Trd, 4319452.193, 140
Trd, 4319453.743, 140
Trd, 4319454.693, 140
Trd, 4319454.943, 140
Trd, 4319455.743, 140
Trd, 4319457.893, 140
Trd, 4319457.943, 140
Trd, 4319458.393, 140
Trd, 4319458.693, 140
Trd, 4319459.143, 140
Trd, 4319459.443, 140
Trd, 4319460.543, 140
Trd, 4319461.293, 140
Trd, 4319462.043, 140
Trd, 4319462.193, 140
Trd, 4319463.293, 140
Trd, 4319463.943, 140
Trd, 4319464.893, 140
Trd, 4319465.193, 140
Trd, 4319465.393, 140
Trd, 4319465.793, 140
Trd, 4319466.743, 139
Trd, 4319467.993, 140
Trd, 4319468.093, 140
Trd, 4319469.343, 140
Trd, 4319470.343, 140
Trd, 4319471.593, 140
Trd, 4319472.143, 60
Trd, 4319472.293, 88
Trd, 4319473.043, 86
Trd, 4319473.793, 85
Trd, 4319474.393, 140
Trd, 4319474.943, 140
Trd, 4319475.243, 139
Trd, 4319476.393, 93
Trd, 4319477.943, 69
Trd, 4319477.993, 66
Trd, 4319478.443, 68
Trd, 4319478.543, 69
Trd, 4319479.643, 106
Trd, 4319479.993, 104
Trd, 4319480.243, 103
Trd, 4319480.393, 106
Trd, 4319480.493, 110
Trd, 4319480.993, 140
Trd, 4319481.743, 140
Trd, 4319482.243, 69
Trd, 4319482.443, 69
Trd, 4319483.693, 119
Trd, 4319484.543, 88
Trd, 4319486.493, 90
Trd, 4319486.693, 89
Trd, 4319487.443, 135
Trd, 4319488.443, 91
Trd, 4319489.043, 138
Trd, 4319490.493, 100
Trd, 4319490.993, 100
Trd, 4319491.493, 102
Trd, 4319491.643, 102
Trd, 4319493.293, 140
Trd, 4319493.593, 140
Trd, 4319494.143, 140
Trd, 4319495.243, 140
Trd, 4319495.843, 140
Trd, 4319496.393, 140
Trd, 4319496.693, 140
Trd, 4319496.943, 140
Trd, 4319497.793, 140
Trd, 4319498.893, 139
Trd, 4319498.943, 139
Trd, 4319499.293, 95
Trd, 4319501.243, 67
Trd, 4319501.643, 140
Trd, 4319501.843, 140
Trd, 4319502.343, 61
Trd, 4319502.993, 139
Trd, 4319506.043, 60
Trd, 4319506.643, 72
Trd, 4319507.093, 60
Trd, 4319508.593, 61
Trd, 4319509.493, 61
Trd, 4319510.343, 60
Trd, 4319510.443, 61
Trd, 4319510.643, 61
Trd, 4319510.743, 61
Trd, 4319510.993, 62
Trd, 4319511.143, 62
Trd, 4319511.393, 62
Trd, 4319512.743, 65
Trd, 4319514.193, 140
Trd, 4319514.343, 140
Trd, 4319514.993, 140
Trd, 4319515.493, 140
Trd, 4319515.693, 140
Trd, 4319517.843, 140
Trd, 4319517.993, 140
Trd, 4319518.643, 140
Trd, 4319520.393, 140
Trd, 4319521.793, 140
Trd, 4319522.493, 140
Trd, 4319522.543, 140
Trd, 4319522.793, 140
Trd, 4319522.893, 139
Trd, 4319523.093, 134
Trd, 4319523.193, 82
Trd, 4319526.343, 140
Trd, 4319527.993, 140
Trd, 4319528.643, 140
Trd, 4319529.643, 140
Trd, 4319530.493, 140
Trd, 4319531.593, 140
Trd, 4319531.893, 139
Trd, 4319532.193, 140
Trd, 4319535.843, 140
Trd, 4319536.093, 140
Trd, 4319536.293, 140
Trd, 4319536.543, 140
Trd, 4319536.943, 140
Trd, 4319537.543, 139
Trd, 4319538.843, 75
Trd, 4319539.793, 60
Trd, 4319541.093, 62
Trd, 4319541.193, 64
Trd, 4319541.643, 65
Trd, 4319542.593, 62
Trd, 4319543.793, 61
Trd, 4319546.343, 79
Trd, 4319547.343, 90
Trd, 4319547.693, 82
Trd, 4319548.043, 80
Trd, 4319548.443, 90
Trd, 4319548.743, 81
Trd, 4319548.843, 76
Trd, 4319550.643, 65
Trd, 4319550.743, 97
Trd, 4319551.093, 60
Trd, 4319552.743, 61
Trd, 4319553.693, 60
Trd, 4319554.743, 60
Trd, 4319556.393, 60
Trd, 4319557.243, 61
Trd, 4319557.593, 64
Trd, 4319557.893, 64
Trd, 4319558.293, 64
Trd, 4319558.443, 65
Trd, 4319558.793, 64
Trd, 4319559.993, 60
Trd, 4319560.443, 62
Trd, 4319560.543, 62
Trd, 4319562.393, 60
Trd, 4319564.543, 60
Trd, 4319565.093, 60
Trd, 4319565.793, 62
Trd, 4319565.943, 64
Trd, 4319566.343, 61
Trd, 4319566.993, 68
Trd, 4319568.243, 140
Trd, 4319568.343, 140
Trd, 4319568.493, 138
Trd, 4319569.693, 97
Trd, 4319570.093, 99
Trd, 4319570.793, 105
Trd, 4319570.943, 102
Trd, 4319571.543, 140
Trd, 4319572.393, 140
Trd, 4319573.543, 140
Trd, 4319574.193, 140
Trd, 4319575.443, 140
Trd, 4319575.993, 140
Trd, 4319577.993, 140
Trd, 4319578.243, 140
Trd, 4319578.443, 140
Trd, 4319578.993, 140
Trd, 4319581.093, 140
Trd, 4319581.393, 140
Trd, 4319581.493, 140
Trd, 4319582.543, 140
Trd, 4319583.093, 140
Trd, 4319583.493, 140
Trd, 4319585.743, 140
Trd, 4319585.943, 140
Trd, 4319585.993, 140
Trd, 4319587.293, 140
Trd, 4319587.343, 139
Trd, 4319589.393, 128
Trd, 4319590.493, 113
Trd, 4319590.793, 111
Trd, 4319591.143, 138
Trd, 4319591.793, 140
Trd, 4319592.843, 140
Trd, 4319592.943, 140
Trd, 4319593.193, 139
Trd, 4319594.393, 140
Trd, 4319594.693, 140
Trd, 4319595.093, 66
Trd, 4319595.793, 96
Trd, 4319596.643, 139
Trd, 4319597.643, 104
Trd, 4319598.143, 73
Trd, 4319599.143, 105
Trd, 4319599.343, 128
Trd, 4319601.593, 140
Trd, 4319602.043, 140
Trd, 4319602.693, 140
Trd, 4319602.743, 140
Trd, 4319604.443, 140
Trd, 4319605.943, 140
Trd, 4319606.593, 140
Trd, 4319606.943, 140
Trd, 4319607.843, 140
Trd, 4319608.393, 140
Trd, 4319609.243, 140
Trd, 4319609.393, 140
Trd, 4319609.493, 135
Trd, 4319610.043, 97
Trd, 4319611.243, 60
Trd, 4319611.943, 60
Trd, 4319612.443, 60
Trd, 4319613.293, 60
Trd, 4319613.743, 60
Trd, 4319615.543, 140
Trd, 4319615.993, 140
Trd, 4319616.443, 140
Trd, 4319617.493, 140
Trd, 4319617.593, 140
Trd, 4319618.143, 140
Trd, 4319619.393, 140
Trd, 4319619.643, 140
Trd, 4319620.143, 140
Trd, 4319621.793, 140
Trd, 4319622.193, 139
Trd, 4319622.793, 140
Trd, 4319623.743, 140
Trd, 4319625.193, 140
Trd, 4319625.343, 140
Trd, 4319626.793, 140
Trd, 4319626.943, 140
Trd, 4319627.193, 140
Trd, 4319628.043, 140
Trd, 4319628.693, 109
Trd, 4319629.693, 126
Trd, 4319629.793, 137
Trd, 4319631.393, 121
Trd, 4319632.243, 136
Trd, 4319632.493, 122
Trd, 4319632.693, 121
Trd, 4319633.143, 140
Trd, 4319633.843, 140
Trd, 4319634.443, 140
Trd, 4319635.693, 63
Trd, 4319636.343, 65
Trd, 4319636.593, 66
Trd, 4319637.493, 82
Trd, 4319638.543, 140
Trd, 4319639.793, 140
Trd, 4319639.943, 139
Trd, 4319640.943, 140
Trd, 4319640.993, 140
Trd, 4319641.343, 64
Trd, 4319642.993, 104
Trd, 4319645.993, 60
Trd, 4319646.093, 60
Trd, 4319647.793, 64
Trd, 4319647.893, 65
Trd, 4319648.543, 65
Trd, 4319649.043, 65
Trd, 4319649.443, 66
Trd, 4319649.493, 69
Trd, 4319649.743, 65
Trd, 4319649.943, 103
Trd, 4319650.143, 61
Trd, 4319651.443, 63
Trd, 4319652.543, 116
Trd, 4319655.193, 60
Trd, 4319655.243, 60
Trd, 4319656.043, 66
Trd, 4319657.393, 60
Trd, 4319657.843, 61
Trd, 4319659.043, 65
Trd, 4319660.993, 60
Trd, 4319661.843, 60
Trd, 4319661.943, 60
Trd, 4319662.143, 71
Trd, 4319663.193, 68
Trd, 4319663.593, 68
Trd, 4319663.743, 69
Trd, 4319665.543, 75
Trd, 4319665.793, 80
Trd, 4319667.043, 85
Trd, 4319668.393, 94
Trd, 4319668.493, 91
Trd, 4319668.893, 110
Trd, 4319669.393, 92
Trd, 4319669.893, 109
Trd, 4319671.293, 140
Trd, 4319672.093, 138
Trd, 4319672.293, 71
Trd, 4319672.493, 60
Trd, 4319674.343, 140
Trd, 4319674.793, 140
Trd, 4319676.243, 140
Trd, 4319676.843, 140
Trd, 4319677.143, 140
Trd, 4319677.193, 140
Trd, 4319677.393, 139
Trd, 4319678.843, 140
Trd, 4319679.543, 140
Trd, 4319680.093, 140
Trd, 4319680.343, 140
Trd, 4319680.793, 140
Trd, 4319681.493, 140
Trd, 4319682.143, 140
Trd, 4319682.693, 140
Trd, 4319683.493, 140
Trd, 4319684.543, 140
Trd, 4319685.643, 140
Trd, 4319686.043, 140
Trd, 4319686.693, 82
Trd, 4319688.643, 140
Trd, 4319688.693, 140
Trd, 4319689.693, 140
Trd, 4319689.993, 140
Trd, 4319690.143, 140
Trd, 4319691.493, 140
Trd, 4319692.093, 140
Trd, 4319692.743, 140
Trd, 4319693.843, 140
Trd, 4319694.393, 140
Trd, 4319695.643, 140
Trd, 4319696.743, 140
Trd, 4319697.043, 140
Trd, 4319697.193, 140
Trd, 4319698.143, 140
Trd, 4319698.293, 140
Trd, 4319699.143, 140
Trd, 4319700.043, 139
Trd, 4319700.443, 94
Trd, 4319702.093, 138
Trd, 4319702.643, 138
Trd, 4319703.343, 139
Trd, 4319705.043, 140
Trd, 4319706.143, 140
Trd, 4319706.743, 140
Trd, 4319708.743, 140
Trd, 4319709.043, 140
Trd, 4319709.443, 140
Trd, 4319710.543, 140
Trd, 4319710.743, 140
Trd, 4319711.643, 140
Trd, 4319712.793, 140
Trd, 4319712.943, 140
Trd, 4319713.843, 139
Trd, 4319714.793, 140
Trd, 4319715.843, 140
Trd, 4319717.043, 140
Trd, 4319717.643, 140
Trd, 4319719.293, 140
Trd, 4319719.493, 140
Trd, 4319719.943, 140
Trd, 4319720.093, 140
Trd, 4319720.893, 140
Trd, 4319720.943, 139
Trd, 4319721.793, 140
Trd, 4319722.193, 140
Trd, 4319723.043, 140
Trd, 4319723.443, 140
Trd, 4319725.193, 132
Trd, 4319727.243, 140
Trd, 4319727.643, 140
Trd, 4319727.693, 140
Trd, 4319728.193, 140
Trd, 4319729.093, 140
Trd, 4319729.343, 140
Trd, 4319730.343, 140
Trd, 4319731.393, 140
Trd, 4319731.743, 140
Trd, 4319731.793, 139
Trd, 4319733.993, 95
Trd, 4319734.443, 96
Trd, 4319734.643, 96
Trd, 4319735.793, 140
Trd, 4319736.393, 140
Trd, 4319737.443, 140
Trd, 4319737.593, 140
Trd, 4319738.943, 140
Trd, 4319739.843, 140
Trd, 4319741.643, 140
Trd, 4319741.843, 140
Trd, 4319742.043, 140
Trd, 4319742.443, 140
Trd, 4319742.543, 140
Trd, 4319742.893, 140
Trd, 4319744.693, 140
Trd, 4319744.843, 140
Trd, 4319745.343, 140
Trd, 4319745.593, 140
Trd, 4319745.793, 140
Trd, 4319746.693, 140
Trd, 4319747.293, 140
Trd, 4319748.143, 140
Trd, 4319749.143, 140
Trd, 4319749.793, 140
Trd, 4319749.993, 140
Trd, 4319750.693, 140
Trd, 4319752.543, 140
Trd, 4319752.693, 140
Trd, 4319752.993, 67
Trd, 4319753.843, 140
Trd, 4319755.243, 140
Trd, 4319756.343, 140
Trd, 4319756.743, 140
Trd, 4319757.593, 140
Trd, 4319758.393, 140
Trd, 4319758.943, 140
Trd, 4319761.043, 140
Trd, 4319761.093, 140
Trd, 4319761.493, 140
Trd, 4319761.993, 140
Trd, 4319762.493, 140
Trd, 4319762.693, 140
Trd, 4319763.193, 72
Trd, 4319764.243, 65
Trd, 4319765.143, 139
Trd, 4319766.043, 140
Trd, 4319766.793, 140
Trd, 4319767.043, 140
Trd, 4319767.343, 140
Trd, 4319769.743, 140
Trd, 4319770.993, 140
Trd, 4319771.193, 140
Trd, 4319771.243, 140
Trd, 4319771.643, 139
Trd, 4319773.493, 139
Trd, 4319773.893, 139
Trd, 4319773.943, 124
Trd, 4319774.943, 140
Trd, 4319775.993, 140
Trd, 4319777.193, 140
Trd, 4319777.693, 140
Trd, 4319778.243, 140
Trd, 4319778.443, 140
Trd, 4319779.793, 140
Trd, 4319780.793, 140
Trd, 4319780.843, 140
Trd, 4319781.593, 140
Trd, 4319782.493, 140
Trd, 4319783.943, 140
Trd, 4319785.193, 140
Trd, 4319785.343, 140
Trd, 4319785.493, 140
Trd, 4319785.843, 140
Trd, 4319786.493, 140
Trd, 4319786.693, 139
Trd, 4319787.093, 135
Trd, 4319787.143, 104
Trd, 4319788.143, 136
Trd, 4319788.793, 71
Trd, 4319789.693, 72
Trd, 4319790.793, 64
Trd, 4319791.643, 94
Trd, 4319791.893, 95
Trd, 4319791.993, 89
Trd, 4319792.343, 63
Trd, 4319792.893, 123
Trd, 4319793.443, 101
Trd, 4319793.943, 138
Trd, 4319795.193, 102
Trd, 4319795.393, 98
Trd, 4319795.643, 139
Trd, 4319797.143, 62
Trd, 4319798.643, 61
Trd, 4319799.243, 63
Trd, 4319799.443, 68
Trd, 4319800.293, 62
Trd, 4319800.393, 60
Trd, 4319800.493, 127
Trd, 4319801.893, 60
Trd, 4319803.443, 64
Trd, 4319804.243, 60
Trd, 4319805.393, 60
Trd, 4319806.593, 60
Trd, 4319806.743, 63
Trd, 4319807.043, 61
Trd, 4319807.393, 60
Trd, 4319808.493, 140
Trd, 4319809.293, 140
Trd, 4319809.493, 140
Trd, 4319810.743, 140
Trd, 4319811.943, 140
Trd, 4319812.443, 140
Trd, 4319812.643, 140
Trd, 4319814.093, 140
Trd, 4319814.193, 140
Trd, 4319816.443, 140
Trd, 4319816.493, 140
Trd, 4319817.343, 140
Trd, 4319817.843, 140
Trd, 4319818.543, 140
Trd, 4319819.493, 140
Trd, 4319819.793, 140
Trd, 4319820.343, 140
Trd, 4319820.943, 140
Trd, 4319821.743, 140
Trd, 4319822.193, 140
Trd, 4319822.293, 140
Trd, 4319826.193, 140
Trd, 4319826.243, 140
Trd, 4319826.943, 140
Trd, 4319827.043, 140
Trd, 4319827.193, 140
Trd, 4319827.943, 140
Trd, 4319828.893, 140
Trd, 4319829.793, 140
Trd, 4319830.093, 140
Trd, 4319830.593, 99
Trd, 4319832.693, 140
Trd, 4319835.943, 140
Trd, 4319836.093, 140
Trd, 4319836.443, 140
Trd, 4319837.243, 140
Trd, 4319837.543, 140
Trd, 4319837.793, 134
Trd, 4319839.143, 92
Trd, 4319839.743, 140
Trd, 4319841.243, 140
Trd, 4319841.593, 140
Trd, 4319841.793, 140
Trd, 4319843.143, 140
Trd, 4319843.843, 140
Trd, 4319845.693, 140
Trd, 4319846.493, 140
Trd, 4319847.243, 140
Trd, 4319848.093, 140
Trd, 4319848.143, 140
Trd, 4319848.343, 140
Trd, 4319848.443, 140
Trd, 4319850.493, 140
Trd, 4319851.593, 140
Trd, 4319853.343, 140
Trd, 4319854.043, 140
Trd, 4319855.193, 140
Trd, 4319855.343, 140
Trd, 4319857.043, 140
Trd, 4319857.393, 140
Trd, 4319858.343, 140
Trd, 4319859.293, 140
Trd, 4319859.943, 140
Trd, 4319860.243, 140
Trd, 4319861.693, 61
Trd, 4319862.643, 69
Trd, 4319863.093, 68
Trd, 4319863.393, 68
Trd, 4319863.693, 69
Trd, 4319863.993, 70
Trd, 4319865.743, 140
Trd, 4319867.443, 140
Trd, 4319868.643, 140
Trd, 4319869.043, 140
Trd, 4319870.793, 140
Trd, 4319871.393, 140
Trd, 4319872.243, 140
Trd, 4319872.593, 140
Trd, 4319874.043, 140
Trd, 4319875.543, 140
Trd, 4319876.193, 140
Trd, 4319876.593, 140
Trd, 4319877.293, 140
Trd, 4319877.893, 140
Trd, 4319878.693, 140
Trd, 4319879.693, 140
Trd, 4319880.993, 140
Trd, 4319881.093, 140
Trd, 4319883.443, 140
Trd, 4319883.693, 140
Trd, 4319883.993, 140
Trd, 4319884.343, 140
Trd, 4319885.643, 140
Trd, 4319887.143, 140
Trd, 4319887.343, 140
Trd, 4319888.143, 140
Trd, 4319888.243, 140
Trd, 4319888.493, 140
Trd, 4319889.693, 140
Trd, 4319889.843, 140
Trd, 4319890.543, 140
Trd, 4319890.793, 140
Trd, 4319894.093, 140
Trd, 4319895.493, 140
Trd, 4319895.643, 140
Trd, 4319895.793, 140
Trd, 4319896.393, 140
Trd, 4319896.493, 137
Trd, 4319899.043, 140
Trd, 4319899.493, 140
Trd, 4319901.093, 140
Trd, 4319901.693, 140
Trd, 4319901.993, 140
Trd, 4319902.593, 140
Trd, 4319902.743, 140
Trd, 4319903.543, 140
Trd, 4319904.193, 139
Trd, 4319904.743, 138
Trd, 4319904.993, 71
Trd, 4319906.093, 86
Trd, 4319907.143, 140
Trd, 4319908.643, 140
Trd, 4319909.243, 140
Trd, 4319909.743, 140
Trd, 4319910.143, 140
Trd, 4319911.993, 140
Trd, 4319912.193, 136
Trd, 4319912.293, 135
Trd, 4319912.993, 88
Trd, 4319913.693, 64
Trd, 4319914.593, 95
Trd, 4319915.593, 122
Trd, 4319916.543, 140
Trd, 4319916.593, 140
Trd, 4319917.243, 140
Trd, 4319917.743, 140
Trd, 4319918.543, 69
Trd, 4319918.893, 139
Trd, 4319919.993, 131
Trd, 4319921.293, 138
Trd, 4319921.843, 114
Trd, 4319921.943, 137
Trd, 4319923.093, 117
Trd, 4319923.943, 116
Trd, 4319924.043, 115
Trd, 4319925.043, 140
Trd, 4319925.543, 140
Trd, 4319926.943, 139
Trd, 4319927.193, 136
Trd, 4319927.343, 78
Trd, 4319928.243, 140
Trd, 4319930.443, 140
Trd, 4319930.493, 140
Trd, 4319930.693, 140
Trd, 4319930.993, 139
Trd, 4319932.343, 140
Trd, 4319932.843, 140
Trd, 4319934.493, 140
Trd, 4319934.643, 140
Trd, 4319934.893, 140
Trd, 4319936.343, 140
Trd, 4319937.193, 140
Trd, 4319938.093, 140
Trd, 4319938.243, 140
Trd, 4319939.043, 140
Trd, 4319939.493, 140
Trd, 4319942.993, 140
Trd, 4319944.343, 140
Trd, 4319944.543, 140
Trd, 4319944.793, 140
Trd, 4319944.943, 140
Trd, 4319945.743, 140
Trd, 4319947.093, 140
Trd, 4319947.493, 140
Trd, 4319948.093, 139
Trd, 4319949.193, 140
Trd, 4319949.543, 140
Trd, 4319949.993, 140
Trd, 4319950.143, 138
Trd, 4319950.693, 63
Trd, 4319952.693, 119
Trd, 4319953.093, 67
Trd, 4319953.493, 65
Trd, 4319953.793, 84
Trd, 4319954.493, 61
Trd, 4319955.793, 60
Trd, 4319955.943, 90
Trd, 4319956.893, 63
Trd, 4319956.993, 62
Trd, 4319958.593, 70
Trd, 4319959.693, 102
Trd, 4319959.793, 101
Trd, 4319959.893, 100
Trd, 4319960.043, 111
Trd, 4319960.143, 98
Trd, 4319960.793, 78
Trd, 4319960.993, 79
Trd, 4319962.643, 60
Trd, 4319963.793, 61
Trd, 4319964.943, 60
Trd, 4319965.543, 62
Trd, 4319967.243, 60
Trd, 4319967.293, 60
Trd, 4319968.893, 62
Trd, 4319969.593, 63
Trd, 4319970.043, 63
Trd, 4319971.743, 60
Trd, 4319971.943, 60
Trd, 4319972.243, 63
Trd, 4319972.493, 62
Trd, 4319972.643, 61
Trd, 4319973.693, 124
Trd, 4319974.143, 60
Trd, 4319976.043, 60
Trd, 4319977.793, 60
Trd, 4319978.843, 60
Trd, 4319979.093, 60
Trd, 4319979.193, 61
Trd, 4319980.593, 61
Trd, 4319981.993, 60
Trd, 4319982.543, 60
Trd, 4319983.193, 63
Trd, 4319983.543, 63
Trd, 4319983.743, 64
Trd, 4319984.143, 63
Trd, 4319986.643, 140
Trd, 4319986.943, 140
Trd, 4319987.793, 140
Trd, 4319988.093, 140
Trd, 4319988.993, 140
Trd, 4319990.193, 140
Trd, 4319992.143, 140
Trd, 4319992.193, 140
Trd, 4319992.443, 140
Trd, 4319993.043, 140
Trd, 4319993.443, 140
Trd, 4319994.493, 140
Trd, 4319994.843, 140
Trd, 4319995.293, 140
Trd, 4319997.093, 60
Trd, 4319997.293, 62
Trd, 4319997.943, 126
Trd, 4319999.743, 140
Trd, 4319999.993, 140
