Trd, 4318123.693, 61
Trd, 4318124.093, 61
Trd, 4318125.043, 62
Trd, 4318125.393, 63
Trd, 4318125.743, 65
Trd, 4318126.293, 64
Trd, 4318127.143, 108
Trd, 4318128.143, 74
Trd, 4318128.593, 75
Trd, 4318128.893, 74
Trd, 4318129.643, 70
Trd, 4318129.743, 140
Trd, 4318130.243, 117
Trd, 4318132.443, 67
Trd, 4318133.393, 68
Trd, 4318133.893, 63
Trd, 4318134.593, 94
Trd, 4318136.343, 60
Trd, 4318138.193, 60
Trd, 4318138.493, 61
Trd, 4318138.593, 60
Trd, 4318139.343, 62
Trd, 4318140.293, 64
Trd, 4318140.493, 67
Trd, 4318141.043, 61
Trd, 4318141.543, 60
Trd, 4318142.643, 60
Trd, 4318143.493, 71
Trd, 4318143.643, 75
Trd, 4318144.943, 64
Trd, 4318145.493, 61
Trd, 4318145.793, 66
Trd, 4318146.693, 66
Trd, 4318147.193, 87
Trd, 4318148.193, 72
Trd, 4318148.943, 73
Trd, 4318149.293, 72
Trd, 4318149.643, 71
Trd, 4318150.243, 84
Trd, 4318150.893, 73
Trd, 4318151.593, 80
Trd, 4318152.143, 61
Trd, 4318152.993, 65
Trd, 4318153.293, 138
Trd, 4318154.343, 71
Trd, 4318154.943, 70
Trd, 4318155.643, 67
Trd, 4318156.293, 72
Trd, 4318157.193, 75
Trd, 4318157.743, 61
Trd, 4318158.943, 60
Trd, 4318161.443, 63
Trd, 4318162.443, 63
Trd, 4318163.043, 64
Trd, 4318163.643, 63
Trd, 4318163.893, 68
Trd, 4318164.343, 66
Trd, 4318164.443, 64
Trd, 4318164.493, 63
Trd, 4318164.743, 70
Trd, 4318167.193, 65
Trd, 4318167.793, 61
Trd, 4318168.443, 78
Trd, 4318168.693, 65
Trd, 4318170.043, 124
Trd, 4318170.143, 70
Trd, 4318170.943, 102
Trd, 4318171.443, 71
Trd, 4318172.893, 77
Trd, 4318173.143, 76
Trd, 4318173.543, 60
Trd, 4318174.193, 66
Trd, 4318175.043, 64
Trd, 4318178.443, 61
Trd, 4318178.843, 60
Trd, 4318180.543, 60
Trd, 4318180.943, 62
Trd, 4318181.093, 63
Trd, 4318181.243, 64
Trd, 4318181.393, 62
Trd, 4318184.793, 62
Trd, 4318185.243, 61
Trd, 4318186.293, 60
Trd, 4318186.443, 60
Trd, 4318186.543, 61
Trd, 4318186.943, 63
Trd, 4318187.143, 114
Trd, 4318187.243, 113
Trd, 4318187.743, 60
Trd, 4318188.493, 64
Trd, 4318188.643, 60
Trd, 4318189.293, 115
Trd, 4318190.643, 63
Trd, 4318192.193, 62
Trd, 4318193.293, 61
Trd, 4318195.743, 62
Trd, 4318196.193, 60
Trd, 4318196.493, 60
Trd, 4318196.843, 60
Trd, 4318197.243, 138
Trd, 4318198.593, 68
Trd, 4318198.893, 70
Trd, 4318199.293, 72
Trd, 4318199.643, 73
Trd, 4318200.143, 109
Trd, 4318200.643, 127
Trd, 4318201.093, 72
Trd, 4318202.043, 73
Trd, 4318202.093, 73
Trd, 4318202.443, 69
Trd, 4318204.043, 132
Trd, 4318204.693, 132
Trd, 4318205.443, 131
Trd, 4318205.943, 128
Trd, 4318206.243, 79
Trd, 4318206.743, 92
Trd, 4318207.593, 79
Trd, 4318208.243, 128
Trd, 4318208.743, 131
Trd, 4318209.593, 131
Trd, 4318209.643, 130
Trd, 4318209.693, 129
Trd, 4318211.393, 139
Trd, 4318211.543, 128
Trd, 4318211.893, 82
Trd, 4318211.943, 81
Trd, 4318213.793, 60
Trd, 4318214.343, 67
Trd, 4318215.493, 60
Trd, 4318216.243, 60
Trd, 4318217.593, 60
Trd, 4318217.643, 60
Trd, 4318218.543, 61
Trd, 4318219.293, 60
Trd, 4318219.393, 61
Trd, 4318220.993, 60
Trd, 4318221.093, 62
Trd, 4318221.443, 60
Trd, 4318222.293, 63
Trd, 4318223.793, 109
Trd, 4318223.843, 64
Trd, 4318224.043, 63
Trd, 4318224.793, 85
Trd, 4318224.993, 66
Trd, 4318225.893, 67
Trd, 4318226.043, 95
Trd, 4318227.343, 66
Trd, 4318228.893, 61
Trd, 4318229.243, 63
Trd, 4318230.393, 68
Trd, 4318230.743, 111
Trd, 4318231.293, 123
Trd, 4318232.643, 61
Trd, 4318235.493, 60
Trd, 4318235.993, 60
Trd, 4318236.793, 65
Trd, 4318238.343, 60
Trd, 4318238.593, 63
Trd, 4318239.893, 64
Trd, 4318240.493, 76
Trd, 4318240.993, 77
Trd, 4318241.193, 86
Trd, 4318242.643, 86
Trd, 4318243.143, 86
Trd, 4318243.993, 93
Trd, 4318244.793, 94
Trd, 4318245.143, 94
Trd, 4318245.243, 93
Trd, 4318245.543, 81
Trd, 4318246.143, 140
Trd, 4318247.493, 126
Trd, 4318247.893, 125
Trd, 4318248.243, 139
Trd, 4318249.893, 83
Trd, 4318250.693, 62
Trd, 4318252.643, 60
Trd, 4318254.443, 60
Trd, 4318256.243, 63
Trd, 4318256.343, 64
Trd, 4318256.593, 64
Trd, 4318257.293, 62
Trd, 4318257.643, 62
Trd, 4318257.993, 60
Trd, 4318258.393, 140
Trd, 4318258.943, 64
Trd, 4318261.843, 81
Trd, 4318261.943, 77
Trd, 4318262.243, 83
Trd, 4318262.293, 106
Trd, 4318262.993, 84
Trd, 4318263.643, 60
Trd, 4318264.893, 118
Trd, 4318265.593, 118
Trd, 4318265.843, 119
Trd, 4318266.393, 118
Trd, 4318266.543, 117
Trd, 4318267.443, 124
Trd, 4318267.593, 114
Trd, 4318267.843, 112
Trd, 4318268.043, 111
Trd, 4318271.043, 60
Trd, 4318271.743, 60
Trd, 4318272.243, 61
Trd, 4318272.543, 60
Trd, 4318273.293, 61
Trd, 4318274.343, 67
Trd, 4318274.893, 64
Trd, 4318276.193, 63
Trd, 4318276.493, 108
Trd, 4318277.193, 61
Trd, 4318277.243, 108
Trd, 4318277.743, 64
Trd, 4318278.043, 112
Trd, 4318278.843, 65
Trd, 4318279.443, 66
Trd, 4318279.493, 63
Trd, 4318279.993, 62
Trd, 4318280.593, 61
Trd, 4318280.643, 76
Trd, 4318284.043, 61
Trd, 4318285.143, 62
Trd, 4318286.043, 67
Trd, 4318286.093, 87
Trd, 4318287.443, 66
Trd, 4318287.493, 66
Trd, 4318287.543, 67
Trd, 4318288.443, 140
Trd, 4318288.643, 139
Trd, 4318289.393, 72
Trd, 4318290.343, 74
Trd, 4318290.743, 75
Trd, 4318291.243, 106
Trd, 4318291.643, 70
Trd, 4318291.993, 71
Trd, 4318293.043, 72
Trd, 4318293.243, 72
Trd, 4318293.793, 70
Trd, 4318296.043, 60
Trd, 4318296.193, 60
Trd, 4318297.293, 61
Trd, 4318298.843, 65
Trd, 4318299.093, 65
Trd, 4318299.643, 67
Trd, 4318299.893, 68
Trd, 4318300.643, 70
Trd, 4318300.893, 70
Trd, 4318301.943, 81
Trd, 4318302.043, 80
Trd, 4318302.743, 92
Trd, 4318303.843, 77
Trd, 4318303.893, 76
Trd, 4318304.643, 61
Trd, 4318304.893, 66
Trd, 4318305.943, 108
Trd, 4318306.993, 77
Trd, 4318308.443, 86
Trd, 4318308.743, 85
Trd, 4318309.393, 110
Trd, 4318309.443, 109
Trd, 4318309.693, 85
Trd, 4318310.493, 80
Trd, 4318312.643, 120
Trd, 4318313.443, 140
Trd, 4318313.693, 140
Trd, 4318314.043, 88
Trd, 4318314.143, 86
Trd, 4318314.993, 64
Trd, 4318316.793, 60
Trd, 4318318.493, 60
Trd, 4318318.893, 60
Trd, 4318318.943, 60
Trd, 4318319.543, 60
Trd, 4318319.993, 63
Trd, 4318321.043, 64
Trd, 4318321.193, 63
Trd, 4318321.443, 63
Trd, 4318322.643, 63
Trd, 4318323.793, 60
Trd, 4318324.693, 68
Trd, 4318325.193, 69
Trd, 4318325.493, 60
Trd, 4318328.493, 60
Trd, 4318328.693, 61
Trd, 4318328.793, 64
Trd, 4318329.793, 67
Trd, 4318332.443, 60
Trd, 4318332.693, 61
Trd, 4318333.193, 60
Trd, 4318334.293, 62
Trd, 4318334.693, 68
Trd, 4318334.993, 61
Trd, 4318335.443, 63
Trd, 4318336.293, 64
Trd, 4318336.593, 64
Trd, 4318337.643, 66
Trd, 4318337.843, 68
Trd, 4318338.343, 71
Trd, 4318340.193, 76
Trd, 4318340.543, 133
Trd, 4318341.593, 124
Trd, 4318341.793, 125
Trd, 4318341.943, 123
Trd, 4318341.993, 123
Trd, 4318342.343, 121
Trd, 4318343.443, 122
Trd, 4318344.393, 136
Trd, 4318344.543, 139
Trd, 4318344.743, 137
Trd, 4318345.493, 138
Trd, 4318346.143, 140
Trd, 4318346.593, 140
Trd, 4318347.093, 129
Trd, 4318347.743, 117
Trd, 4318348.843, 103
Trd, 4318349.693, 140
Trd, 4318350.643, 124
Trd, 4318350.793, 123
Trd, 4318351.293, 114
Trd, 4318352.993, 122
Trd, 4318353.343, 125
Trd, 4318353.593, 140
Trd, 4318354.193, 139
Trd, 4318355.793, 137
Trd, 4318355.943, 136
Trd, 4318356.293, 131
Trd, 4318357.543, 132
Trd, 4318357.793, 130
Trd, 4318357.993, 129
Trd, 4318358.893, 140
Trd, 4318359.693, 96
Trd, 4318362.393, 140
Trd, 4318362.893, 140
Trd, 4318363.343, 140
Trd, 4318363.493, 138
Trd, 4318363.593, 137
Trd, 4318363.693, 83
Trd, 4318364.843, 64
Trd, 4318365.093, 79
Trd, 4318365.543, 67
Trd, 4318365.593, 63
Trd, 4318367.393, 140
Trd, 4318367.593, 140
Trd, 4318367.893, 138
Trd, 4318367.943, 137
Trd, 4318369.593, 131
Trd, 4318369.693, 130
Trd, 4318370.043, 125
Trd, 4318370.543, 73
Trd, 4318372.143, 138
Trd, 4318372.243, 138
Trd, 4318372.493, 135
Trd, 4318373.193, 140
Trd, 4318373.893, 135
Trd, 4318374.243, 134
Trd, 4318374.393, 99
Trd, 4318375.593, 113
Trd, 4318375.793, 112
Trd, 4318376.793, 112
Trd, 4318377.093, 111
Trd, 4318377.143, 132
Trd, 4318377.693, 63
Trd, 4318378.093, 89
Trd, 4318380.093, 60
Trd, 4318382.243, 61
Trd, 4318382.643, 63
Trd, 4318382.843, 62
Trd, 4318383.643, 78
Trd, 4318383.843, 70
Trd, 4318385.193, 71
Trd, 4318385.693, 73
Trd, 4318386.293, 85
Trd, 4318388.443, 129
Trd, 4318388.793, 128
Trd, 4318389.843, 122
Trd, 4318390.393, 140
Trd, 4318391.143, 137
Trd, 4318392.343, 66
Trd, 4318392.393, 66
Trd, 4318392.993, 103
Trd, 4318393.293, 64
Trd, 4318394.293, 76
Trd, 4318395.443, 60
Trd, 4318398.993, 60
Trd, 4318399.343, 60
Trd, 4318399.743, 60
Trd, 4318400.193, 60
Trd, 4318400.893, 63
Trd, 4318401.093, 64
Trd, 4318401.343, 63
Trd, 4318402.043, 62
Trd, 4318403.643, 61
Trd, 4318404.843, 64
Trd, 4318405.143, 67
Trd, 4318405.693, 65
Trd, 4318406.543, 69
Trd, 4318406.743, 66
Trd, 4318407.093, 64
Trd, 4318407.243, 86
Trd, 4318407.593, 84
Trd, 4318409.843, 91
Trd, 4318410.893, 131
Trd, 4318411.093, 136
Trd, 4318411.693, 94
Trd, 4318412.743, 110
Trd, 4318413.043, 109
Trd, 4318415.293, 62
Trd, 4318415.643, 62
Trd, 4318416.093, 63
Trd, 4318416.493, 126
Trd, 4318416.843, 109
Trd, 4318417.193, 107
Trd, 4318417.443, 107
Trd, 4318418.293, 60
Trd, 4318421.143, 60
Trd, 4318421.393, 62
Trd, 4318421.943, 60
Trd, 4318422.343, 60
Trd, 4318422.643, 60
Trd, 4318423.143, 61
Trd, 4318423.543, 62
Trd, 4318423.593, 61
Trd, 4318423.993, 60
Trd, 4318424.343, 63
Trd, 4318424.493, 97
Trd, 4318426.393, 89
Trd, 4318427.943, 107
Trd, 4318428.243, 68
Trd, 4318428.543, 68
Trd, 4318428.743, 114
Trd, 4318429.043, 67
Trd, 4318429.893, 98
Trd, 4318430.243, 135
Trd, 4318430.493, 134
Trd, 4318431.093, 131
Trd, 4318431.393, 89
Trd, 4318433.043, 131
Trd, 4318433.843, 132
Trd, 4318434.493, 130
Trd, 4318434.693, 130
Trd, 4318434.893, 129
Trd, 4318436.543, 140
Trd, 4318436.743, 140
Trd, 4318438.793, 61
Trd, 4318440.143, 64
Trd, 4318441.793, 61
Trd, 4318442.243, 61
Trd, 4318442.543, 63
Trd, 4318443.293, 73
Trd, 4318443.543, 71
Trd, 4318444.393, 82
Trd, 4318444.993, 69
Trd, 4318445.193, 107
Trd, 4318445.393, 68
Trd, 4318445.643, 133
Trd, 4318446.493, 70
Trd, 4318446.843, 69
Trd, 4318447.993, 94
Trd, 4318448.693, 72
Trd, 4318450.043, 121
Trd, 4318450.843, 140
Trd, 4318451.493, 140
Trd, 4318451.643, 140
Trd, 4318452.243, 139
Trd, 4318452.493, 137
Trd, 4318453.293, 81
Trd, 4318455.393, 108
Trd, 4318455.843, 112
Trd, 4318456.043, 111
Trd, 4318456.143, 111
Trd, 4318457.043, 128
Trd, 4318457.693, 111
Trd, 4318459.193, 109
Trd, 4318459.543, 106
Trd, 4318461.293, 112
Trd, 4318461.593, 111
Trd, 4318463.493, 122
Trd, 4318463.693, 121
Trd, 4318464.493, 121
Trd, 4318464.893, 120
Trd, 4318465.193, 100
Trd, 4318465.693, 62
Trd, 4318466.293, 118
Trd, 4318466.343, 118
Trd, 4318466.993, 118
Trd, 4318467.543, 126
Trd, 4318467.693, 65
Trd, 4318469.393, 85
Trd, 4318470.193, 65
Trd, 4318470.393, 93
Trd, 4318471.143, 60
Trd, 4318473.093, 60
Trd, 4318474.293, 60
Trd, 4318474.793, 60
Trd, 4318475.293, 60
Trd, 4318476.093, 60
Trd, 4318476.693, 62
Trd, 4318477.093, 63
Trd, 4318477.343, 66
Trd, 4318477.443, 65
Trd, 4318478.093, 68
Trd, 4318478.193, 67
Trd, 4318481.693, 60
Trd, 4318483.843, 60
Trd, 4318484.193, 60
Trd, 4318485.193, 65
Trd, 4318485.593, 67
Trd, 4318485.643, 65
Trd, 4318485.793, 78
Trd, 4318486.393, 62
Trd, 4318488.093, 65
Trd, 4318488.143, 67
Trd, 4318488.793, 83
Trd, 4318488.893, 82
Trd, 4318488.943, 82
Trd, 4318489.293, 79
Trd, 4318492.243, 61
Trd, 4318494.043, 61
Trd, 4318495.643, 62
Trd, 4318495.943, 62
Trd, 4318496.193, 60
Trd, 4318496.493, 62
Trd, 4318496.693, 66
Trd, 4318497.643, 69
Trd, 4318497.893, 79
Trd, 4318499.393, 74
Trd, 4318500.943, 121
Trd, 4318501.143, 121
Trd, 4318501.643, 121
Trd, 4318501.843, 121
Trd, 4318502.743, 123
Trd, 4318503.643, 119
Trd, 4318503.893, 107
Trd, 4318505.743, 99
Trd, 4318505.993, 98
Trd, 4318506.543, 99
Trd, 4318506.843, 97
Trd, 4318507.293, 96
Trd, 4318507.793, 139
Trd, 4318508.243, 115
Trd, 4318508.493, 107
Trd, 4318509.443, 67
Trd, 4318512.093, 62
Trd, 4318514.293, 60
Trd, 4318514.743, 60
Trd, 4318514.993, 61
Trd, 4318515.343, 67
Trd, 4318515.843, 66
Trd, 4318515.993, 64
Trd, 4318516.393, 67
Trd, 4318517.343, 109
Trd, 4318517.943, 60
Trd, 4318519.493, 61
Trd, 4318519.893, 62
Trd, 4318520.543, 63
Trd, 4318523.643, 60
Trd, 4318525.043, 60
Trd, 4318525.543, 60
Trd, 4318525.643, 61
Trd, 4318526.643, 61
Trd, 4318526.793, 63
Trd, 4318527.493, 69
Trd, 4318527.793, 63
Trd, 4318528.793, 69
Trd, 4318529.243, 101
Trd, 4318530.243, 83
Trd, 4318530.493, 74
Trd, 4318532.243, 77
Trd, 4318532.343, 79
Trd, 4318532.843, 75
Trd, 4318533.643, 80
Trd, 4318535.043, 78
Trd, 4318535.493, 76
Trd, 4318536.543, 79
Trd, 4318538.143, 105
Trd, 4318538.543, 107
Trd, 4318538.993, 105
Trd, 4318539.843, 100
Trd, 4318539.943, 125
Trd, 4318540.293, 112
Trd, 4318540.343, 99
Trd, 4318541.493, 139
Trd, 4318541.543, 99
Trd, 4318542.343, 113
Trd, 4318543.643, 101
Trd, 4318544.443, 140
Trd, 4318545.093, 118
Trd, 4318546.393, 140
Trd, 4318546.443, 140
Trd, 4318546.543, 139
Trd, 4318546.593, 137
Trd, 4318546.793, 117
Trd, 4318548.393, 60
Trd, 4318548.993, 61
Trd, 4318549.443, 71
Trd, 4318549.843, 138
Trd, 4318550.643, 64
Trd, 4318551.243, 62
Trd, 4318551.293, 64
Trd, 4318552.943, 61
Trd, 4318555.343, 61
Trd, 4318555.493, 62
Trd, 4318557.693, 60
Trd, 4318557.993, 61
Trd, 4318559.243, 62
Trd, 4318559.393, 63
Trd, 4318560.243, 70
Trd, 4318560.743, 104
Trd, 4318560.793, 103
Trd, 4318562.743, 118
Trd, 4318563.743, 118
Trd, 4318564.393, 117
Trd, 4318566.293, 131
Trd, 4318566.443, 134
Trd, 4318566.843, 115
Trd, 4318566.993, 115
Trd, 4318567.593, 115
Trd, 4318567.993, 113
Trd, 4318568.393, 118
Trd, 4318568.843, 74
Trd, 4318569.243, 135
Trd, 4318570.643, 79
Trd, 4318570.743, 77
Trd, 4318572.293, 77
Trd, 4318572.743, 91
Trd, 4318573.693, 137
Trd, 4318573.743, 114
Trd, 4318574.093, 90
Trd, 4318576.393, 61
Trd, 4318576.793, 64
Trd, 4318576.993, 62
Trd, 4318577.793, 63
Trd, 4318578.893, 63
Trd, 4318579.593, 63
Trd, 4318580.293, 74
Trd, 4318580.843, 97
Trd, 4318581.443, 65
Trd, 4318581.943, 92
Trd, 4318581.993, 118
Trd, 4318582.093, 65
Trd, 4318584.843, 119
Trd, 4318586.343, 113
Trd, 4318586.593, 111
Trd, 4318586.693, 111
Trd, 4318588.093, 112
Trd, 4318588.693, 112
Trd, 4318589.893, 113
Trd, 4318590.043, 112
Trd, 4318590.243, 110
Trd, 4318591.193, 74
Trd, 4318591.293, 73
Trd, 4318592.243, 96
Trd, 4318592.843, 96
Trd, 4318592.993, 119
Trd, 4318593.543, 96
Trd, 4318594.893, 101
Trd, 4318594.993, 98
Trd, 4318595.343, 95
Trd, 4318595.943, 62
Trd, 4318596.793, 115
Trd, 4318596.843, 106
Trd, 4318597.743, 140
Trd, 4318598.593, 63
Trd, 4318599.143, 66
Trd, 4318599.743, 68
Trd, 4318601.893, 66
Trd, 4318603.193, 91
Trd, 4318603.793, 84
Trd, 4318603.993, 84
Trd, 4318604.343, 77
Trd, 4318604.593, 137
Trd, 4318604.893, 80
Trd, 4318606.293, 86
Trd, 4318606.443, 86
Trd, 4318606.493, 85
Trd, 4318608.143, 87
Trd, 4318608.493, 109
Trd, 4318609.893, 140
Trd, 4318611.043, 139
Trd, 4318611.543, 136
Trd, 4318611.693, 135
Trd, 4318612.093, 131
Trd, 4318612.693, 140
Trd, 4318612.843, 139
Trd, 4318612.943, 115
Trd, 4318613.493, 106
Trd, 4318614.243, 139
Trd, 4318616.393, 62
Trd, 4318617.443, 63
Trd, 4318617.793, 63
Trd, 4318618.943, 70
Trd, 4318619.043, 68
Trd, 4318619.293, 92
Trd, 4318619.743, 83
Trd, 4318619.843, 71
Trd, 4318620.093, 73
Trd, 4318620.893, 90
Trd, 4318621.543, 89
Trd, 4318622.093, 87
Trd, 4318622.443, 75
Trd, 4318623.043, 76
Trd, 4318626.243, 140
Trd, 4318626.293, 138
Trd, 4318626.693, 139
Trd, 4318626.793, 137
Trd, 4318628.693, 113
Trd, 4318628.743, 111
Trd, 4318629.343, 62
Trd, 4318630.293, 62
Trd, 4318630.543, 65
Trd, 4318632.043, 60
Trd, 4318632.993, 64
Trd, 4318633.393, 67
Trd, 4318633.693, 80
Trd, 4318635.293, 122
Trd, 4318635.393, 122
Trd, 4318636.893, 124
Trd, 4318636.943, 123
Trd, 4318637.293, 121
Trd, 4318637.943, 121
Trd, 4318638.443, 121
Trd, 4318638.743, 120
Trd, 4318638.943, 85
Trd, 4318639.593, 84
Trd, 4318640.493, 140
Trd, 4318640.693, 139
Trd, 4318641.343, 138
Trd, 4318642.043, 130
Trd, 4318642.493, 126
Trd, 4318643.693, 140
Trd, 4318644.243, 113
Trd, 4318644.393, 112
Trd, 4318644.493, 113
Trd, 4318644.893, 111
Trd, 4318646.593, 120
Trd, 4318647.093, 122
Trd, 4318647.443, 122
Trd, 4318647.543, 120
Trd, 4318647.993, 125
Trd, 4318648.443, 139
Trd, 4318649.343, 72
Trd, 4318649.943, 71
Trd, 4318650.043, 93
Trd, 4318650.893, 131
Trd, 4318651.243, 96
Trd, 4318653.343, 123
Trd, 4318653.693, 122
Trd, 4318654.143, 123
Trd, 4318654.793, 121
Trd, 4318655.393, 119
Trd, 4318655.693, 82
Trd, 4318656.593, 140
Trd, 4318657.543, 64
Trd, 4318660.193, 61
Trd, 4318660.493, 64
Trd, 4318661.593, 60
Trd, 4318661.893, 84
Trd, 4318662.943, 63
Trd, 4318663.343, 61
Trd, 4318664.343, 66
Trd, 4318664.943, 64
Trd, 4318665.193, 64
Trd, 4318665.743, 60
Trd, 4318667.343, 140
Trd, 4318667.493, 140
Trd, 4318668.393, 133
Trd, 4318668.893, 64
Trd, 4318670.743, 95
Trd, 4318671.043, 93
Trd, 4318671.693, 93
Trd, 4318671.943, 92
Trd, 4318672.043, 131
Trd, 4318672.593, 137
Trd, 4318673.643, 92
Trd, 4318673.843, 91
Trd, 4318674.793, 97
Trd, 4318675.593, 60
Trd, 4318675.793, 64
Trd, 4318677.493, 128
Trd, 4318678.143, 128
Trd, 4318678.993, 136
Trd, 4318679.493, 129
Trd, 4318679.643, 128
Trd, 4318679.943, 128
Trd, 4318682.943, 64
Trd, 4318683.993, 62
Trd, 4318684.043, 62
Trd, 4318684.393, 63
Trd, 4318684.543, 64
Trd, 4318684.893, 61
Trd, 4318685.793, 60
Trd, 4318685.843, 68
Trd, 4318687.793, 61
Trd, 4318687.993, 62
Trd, 4318688.843, 64
Trd, 4318689.593, 70
Trd, 4318689.743, 76
Trd, 4318689.993, 69
Trd, 4318691.743, 72
Trd, 4318692.693, 95
Trd, 4318692.743, 84
Trd, 4318692.793, 83
Trd, 4318692.943, 82
Trd, 4318693.793, 85
Trd, 4318694.943, 61
Trd, 4318697.543, 60
Trd, 4318697.943, 60
Trd, 4318698.493, 113
Trd, 4318698.643, 113
Trd, 4318698.943, 113
Trd, 4318699.093, 113
Trd, 4318699.393, 112
Trd, 4318701.093, 60
Trd, 4318702.293, 118
Trd, 4318702.993, 80
Trd, 4318703.143, 123
Trd, 4318703.243, 80
Trd, 4318703.493, 84
Trd, 4318703.643, 80
Trd, 4318703.693, 79
Trd, 4318704.693, 77
Trd, 4318705.343, 120
Trd, 4318706.943, 61
Trd, 4318708.193, 61
Trd, 4318709.493, 60
Trd, 4318709.693, 61
Trd, 4318710.893, 67
Trd, 4318712.893, 63
Trd, 4318713.043, 64
Trd, 4318713.443, 65
Trd, 4318713.693, 79
Trd, 4318713.943, 138
Trd, 4318714.293, 68
Trd, 4318715.043, 84
Trd, 4318715.743, 86
Trd, 4318716.293, 104
Trd, 4318716.343, 87
Trd, 4318717.693, 89
Trd, 4318718.243, 89
Trd, 4318719.293, 60
Trd, 4318719.543, 72
Trd, 4318721.693, 60
Trd, 4318723.393, 60
Trd, 4318723.693, 61
Trd, 4318724.593, 71
Trd, 4318725.693, 61
Trd, 4318729.093, 61
Trd, 4318729.393, 62
Trd, 4318729.643, 60
Trd, 4318730.243, 62
Trd, 4318730.343, 66
Trd, 4318730.843, 61
Trd, 4318731.193, 66
Trd, 4318731.843, 60
Trd, 4318732.093, 61
Trd, 4318733.343, 64
Trd, 4318734.993, 77
Trd, 4318736.043, 64
Trd, 4318736.693, 69
Trd, 4318736.993, 70
Trd, 4318737.643, 68
Trd, 4318738.843, 67
Trd, 4318738.993, 107
Trd, 4318739.393, 93
Trd, 4318740.193, 72
Trd, 4318740.393, 70
Trd, 4318740.543, 70
Trd, 4318740.643, 69
Trd, 4318742.993, 61
Trd, 4318744.893, 60
Trd, 4318745.393, 64
Trd, 4318745.443, 65
Trd, 4318746.293, 66
Trd, 4318746.443, 64
Trd, 4318747.443, 87
Trd, 4318747.843, 65
Trd, 4318748.243, 67
Trd, 4318749.343, 97
Trd, 4318749.843, 96
Trd, 4318750.143, 110
Trd, 4318750.493, 71
Trd, 4318751.343, 117
Trd, 4318751.393, 117
Trd, 4318752.643, 138
Trd, 4318753.643, 103
Trd, 4318753.843, 79
Trd, 4318755.343, 60
Trd, 4318755.643, 97
Trd, 4318756.343, 60
Trd, 4318757.843, 60
Trd, 4318757.943, 106
Trd, 4318758.343, 60
Trd, 4318759.243, 60
Trd, 4318759.293, 60
Trd, 4318759.993, 60
Trd, 4318760.593, 65
Trd, 4318761.293, 69
Trd, 4318761.643, 65
Trd, 4318763.493, 81
Trd, 4318763.593, 116
Trd, 4318764.093, 74
Trd, 4318764.843, 75
Trd, 4318764.943, 74
Trd, 4318766.243, 101
Trd, 4318766.793, 62
Trd, 4318767.943, 101
Trd, 4318768.693, 89
Trd, 4318768.843, 87
Trd, 4318771.243, 60
Trd, 4318771.893, 60
Trd, 4318772.443, 64
Trd, 4318773.493, 62
Trd, 4318774.193, 69
Trd, 4318774.693, 68
Trd, 4318775.343, 69
Trd, 4318775.443, 68
Trd, 4318776.493, 69
Trd, 4318777.293, 110
Trd, 4318777.393, 108
Trd, 4318777.993, 64
Trd, 4318778.043, 62
Trd, 4318778.693, 140
Trd, 4318778.793, 97
Trd, 4318780.993, 60
Trd, 4318782.143, 61
Trd, 4318782.643, 60
Trd, 4318784.393, 60
Trd, 4318784.993, 60
Trd, 4318789.593, 62
Trd, 4318789.793, 61
Trd, 4318790.293, 63
Trd, 4318790.543, 64
Trd, 4318791.393, 75
Trd, 4318791.593, 102
Trd, 4318792.543, 76
Trd, 4318792.843, 109
Trd, 4318793.143, 75
Trd, 4318793.243, 65
Trd, 4318793.393, 96
Trd, 4318797.443, 60
Trd, 4318797.843, 60
Trd, 4318797.893, 61
Trd, 4318798.293, 63
Trd, 4318798.743, 63
Trd, 4318799.243, 63
Trd, 4318799.593, 63
Trd, 4318799.993, 61
Trd, 4318801.243, 64
Trd, 4318801.943, 68
Trd, 4318804.043, 81
Trd, 4318804.243, 77
Trd, 4318805.543, 76
Trd, 4318806.093, 75
Trd, 4318806.343, 116
Trd, 4318806.543, 73
Trd, 4318807.493, 67
Trd, 4318807.693, 72
Trd, 4318809.093, 139
Trd, 4318809.493, 137
Trd, 4318809.993, 136
Trd, 4318810.593, 134
Trd, 4318811.243, 104
Trd, 4318811.943, 122
Trd, 4318812.493, 122
Trd, 4318813.093, 122
Trd, 4318813.343, 131
Trd, 4318815.193, 128
Trd, 4318815.443, 127
Trd, 4318815.543, 126
Trd, 4318816.243, 126
Trd, 4318816.493, 125
Trd, 4318816.943, 117
Trd, 4318818.193, 140
Trd, 4318818.943, 92
Trd, 4318820.893, 116
Trd, 4318821.093, 95
Trd, 4318821.243, 93
Trd, 4318821.643, 99
Trd, 4318821.893, 139
Trd, 4318823.143, 90
Trd, 4318823.843, 91
Trd, 4318824.293, 98
Trd, 4318825.193, 95
Trd, 4318825.243, 95
Trd, 4318825.543, 94
Trd, 4318825.893, 99
Trd, 4318826.843, 66
Trd, 4318826.893, 102
Trd, 4318828.193, 100
Trd, 4318828.743, 108
Trd, 4318828.893, 107
Trd, 4318829.643, 104
Trd, 4318829.993, 118
Trd, 4318830.143, 103
Trd, 4318830.243, 104
Trd, 4318831.343, 105
Trd, 4318831.943, 103
Trd, 4318832.593, 136
Trd, 4318832.743, 102
Trd, 4318834.443, 127
Trd, 4318834.743, 126
Trd, 4318835.493, 140
Trd, 4318835.593, 123
Trd, 4318836.343, 97
Trd, 4318836.493, 96
Trd, 4318837.743, 60
Trd, 4318838.493, 64
Trd, 4318839.093, 87
Trd, 4318840.393, 138
Trd, 4318840.843, 126
Trd, 4318842.193, 125
Trd, 4318842.293, 125
Trd, 4318842.693, 125
Trd, 4318843.043, 123
Trd, 4318844.893, 129
Trd, 4318844.943, 130
Trd, 4318845.493, 88
Trd, 4318846.043, 88
Trd, 4318846.143, 93
Trd, 4318846.293, 86
Trd, 4318849.693, 60
Trd, 4318850.093, 62
Trd, 4318853.343, 60
Trd, 4318853.693, 60
Trd, 4318856.043, 60
Trd, 4318856.093, 60
Trd, 4318856.343, 60
Trd, 4318856.593, 60
Trd, 4318857.043, 61
Trd, 4318857.793, 67
Trd, 4318858.093, 71
Trd, 4318858.143, 62
Trd, 4318859.343, 97
Trd, 4318859.743, 97
Trd, 4318859.793, 95
Trd, 4318861.093, 77
Trd, 4318861.843, 90
Trd, 4318862.293, 86
Trd, 4318864.393, 63
Trd, 4318865.043, 64
Trd, 4318865.093, 74
Trd, 4318865.793, 64
Trd, 4318866.143, 78
Trd, 4318866.393, 66
Trd, 4318867.143, 66
Trd, 4318868.843, 70
Trd, 4318869.293, 71
Trd, 4318870.193, 140
Trd, 4318870.693, 139
Trd, 4318870.743, 138
Trd, 4318870.943, 137
Trd, 4318872.393, 60
Trd, 4318873.143, 60
Trd, 4318873.543, 60
Trd, 4318874.993, 60
Trd, 4318875.493, 71
Trd, 4318878.693, 60
Trd, 4318878.793, 61
Trd, 4318878.943, 61
Trd, 4318879.293, 62
Trd, 4318879.493, 62
Trd, 4318879.943, 62
Trd, 4318880.343, 62
Trd, 4318880.493, 61
Trd, 4318881.893, 77
Trd, 4318884.093, 60
Trd, 4318884.843, 60
Trd, 4318885.493, 66
Trd, 4318886.043, 75
Trd, 4318887.293, 63
Trd, 4318887.543, 62
Trd, 4318887.743, 62
Trd, 4318889.793, 69
Trd, 4318890.143, 69
Trd, 4318890.843, 140
Trd, 4318891.743, 140
Trd, 4318891.993, 140
Trd, 4318893.043, 136
Trd, 4318893.193, 134
Trd, 4318893.643, 101
Trd, 4318894.993, 139
Trd, 4318895.243, 127
Trd, 4318895.543, 128
Trd, 4318896.493, 102
Trd, 4318896.843, 104
Trd, 4318897.843, 117
Trd, 4318898.993, 102
Trd, 4318899.193, 101
Trd, 4318899.343, 132
Trd, 4318900.493, 102
Trd, 4318900.643, 101
Trd, 4318901.243, 71
Trd, 4318901.643, 74
Trd, 4318901.743, 87
Trd, 4318903.243, 75
Trd, 4318903.693, 123
Trd, 4318903.843, 88
Trd, 4318904.893, 138
Trd, 4318906.593, 82
Trd, 4318906.843, 81
Trd, 4318907.143, 87
Trd, 4318907.843, 118
Trd, 4318908.093, 118
Trd, 4318908.593, 118
Trd, 4318908.693, 117
Trd, 4318909.393, 116
Trd, 4318910.243, 118
Trd, 4318910.793, 119
Trd, 4318910.893, 117
Trd, 4318911.343, 117
Trd, 4318911.993, 118
Trd, 4318913.093, 121
Trd, 4318914.243, 120
Trd, 4318914.693, 118
Trd, 4318916.243, 140
Trd, 4318916.393, 140
Trd, 4318917.693, 136
Trd, 4318917.743, 136
Trd, 4318918.293, 138
Trd, 4318918.793, 138
Trd, 4318919.143, 139
Trd, 4318919.443, 135
Trd, 4318919.543, 134
Trd, 4318920.093, 126
Trd, 4318920.143, 125
Trd, 4318923.143, 60
Trd, 4318924.343, 60
Trd, 4318925.143, 60
Trd, 4318925.693, 60
Trd, 4318926.843, 61
Trd, 4318927.943, 60
Trd, 4318928.243, 61
Trd, 4318928.593, 64
Trd, 4318928.693, 63
Trd, 4318928.793, 63
Trd, 4318929.093, 88
Trd, 4318929.443, 60
Trd, 4318929.993, 60
Trd, 4318931.493, 62
Trd, 4318931.543, 61
Trd, 4318931.893, 99
Trd, 4318931.993, 62
Trd, 4318933.143, 136
Trd, 4318933.193, 134
Trd, 4318933.543, 133
Trd, 4318934.343, 116
Trd, 4318935.393, 78
Trd, 4318936.493, 140
Trd, 4318937.493, 140
Trd, 4318937.543, 139
Trd, 4318937.593, 135
Trd, 4318937.793, 109
Trd, 4318939.093, 134
Trd, 4318939.943, 118
Trd, 4318940.293, 117
Trd, 4318940.693, 95
Trd, 4318940.993, 86
Trd, 4318941.143, 86
Trd, 4318941.443, 135
Trd, 4318941.993, 84
Trd, 4318942.093, 119
Trd, 4318943.343, 85
Trd, 4318943.393, 83
Trd, 4318944.493, 66
Trd, 4318945.293, 60
Trd, 4318946.043, 60
Trd, 4318947.693, 60
Trd, 4318947.843, 62
Trd, 4318949.843, 62
Trd, 4318950.193, 62
Trd, 4318950.343, 63
Trd, 4318950.393, 71
Trd, 4318951.843, 64
Trd, 4318953.443, 95
Trd, 4318953.743, 94
Trd, 4318954.893, 98
Trd, 4318955.193, 140
Trd, 4318955.893, 140
Trd, 4318956.143, 139
Trd, 4318956.193, 137
Trd, 4318957.193, 102
Trd, 4318958.343, 122
Trd, 4318958.693, 122
Trd, 4318959.193, 121
Trd, 4318960.243, 85
Trd, 4318960.843, 86
Trd, 4318961.393, 75
Trd, 4318962.293, 83
Trd, 4318963.743, 61
Trd, 4318964.693, 62
Trd, 4318964.743, 61
Trd, 4318965.193, 62
Trd, 4318965.593, 63
Trd, 4318965.843, 62
Trd, 4318966.193, 97
Trd, 4318966.793, 64
Trd, 4318967.043, 61
Trd, 4318968.693, 61
Trd, 4318974.043, 60
Trd, 4318974.343, 66
Trd, 4318975.093, 60
Trd, 4318975.143, 61
Trd, 4318975.693, 62
Trd, 4318976.343, 62
Trd, 4318976.843, 64
Trd, 4318977.343, 112
Trd, 4318978.443, 75
Trd, 4318979.693, 73
Trd, 4318979.943, 76
Trd, 4318979.993, 73
Trd, 4318980.043, 70
Trd, 4318980.493, 69
Trd, 4318981.043, 71
Trd, 4318981.643, 72
Trd, 4318981.693, 71
Trd, 4318981.893, 139
Trd, 4318984.393, 140
Trd, 4318984.793, 140
Trd, 4318985.693, 140
Trd, 4318986.493, 137
Trd, 4318986.543, 136
Trd, 4318986.943, 121
Trd, 4318987.243, 96
Trd, 4318988.293, 60
Trd, 4318988.393, 61
Trd, 4318989.043, 73
Trd, 4318992.093, 63
Trd, 4318992.993, 60
Trd, 4318994.193, 62
Trd, 4318994.293, 63
Trd, 4318995.193, 64
Trd, 4318995.293, 83
Trd, 4318996.093, 69
Trd, 4318996.343, 69
Trd, 4318996.793, 69
Trd, 4318996.893, 67
Trd, 4318997.743, 64
Trd, 4319000.193, 63
Trd, 4319000.393, 67
Trd, 4319002.793, 60
Trd, 4319003.643, 60
Trd, 4319003.843, 65
Trd, 4319004.193, 64
Trd, 4319004.243, 65
Trd, 4319004.793, 72
Trd, 4319005.493, 125
Trd, 4319006.043, 88
Trd, 4319007.743, 82
Trd, 4319007.993, 79
Trd, 4319008.093, 113
Trd, 4319008.743, 61
Trd, 4319009.493, 65
Trd, 4319011.943, 61
Trd, 4319014.093, 60
Trd, 4319014.493, 61
Trd, 4319015.393, 62
Trd, 4319016.043, 61
Trd, 4319016.393, 60
Trd, 4319017.343, 65
Trd, 4319017.543, 60
Trd, 4319018.493, 62
Trd, 4319018.543, 62
Trd, 4319019.893, 66
Trd, 4319020.243, 67
Trd, 4319020.993, 80
Trd, 4319021.993, 101
Trd, 4319022.443, 133
Trd, 4319023.143, 103
Trd, 4319023.393, 102
Trd, 4319024.193, 104
Trd, 4319024.443, 103
Trd, 4319024.793, 102
Trd, 4319025.893, 66
Trd, 4319026.693, 76
Trd, 4319027.393, 95
Trd, 4319027.843, 91
Trd, 4319028.493, 76
Trd, 4319028.593, 75
Trd, 4319028.893, 70
Trd, 4319031.243, 61
Trd, 4319032.393, 60
Trd, 4319033.043, 61
Trd, 4319033.843, 62
Trd, 4319033.943, 63
Trd, 4319037.343, 63
Trd, 4319037.393, 64
Trd, 4319037.993, 61
Trd, 4319038.943, 69
Trd, 4319041.193, 61
Trd, 4319041.693, 61
Trd, 4319041.943, 62
Trd, 4319042.093, 64
Trd, 4319042.843, 60
Trd, 4319043.043, 67
Trd, 4319043.243, 62
Trd, 4319043.593, 69
Trd, 4319044.893, 140
Trd, 4319045.543, 139
Trd, 4319046.443, 139
Trd, 4319046.693, 139
Trd, 4319047.443, 140
Trd, 4319048.543, 140
Trd, 4319049.093, 140
Trd, 4319050.293, 140
Trd, 4319050.843, 140
Trd, 4319050.893, 140
Trd, 4319051.743, 138
Trd, 4319052.143, 139
Trd, 4319052.843, 139
Trd, 4319053.093, 138
Trd, 4319053.693, 137
Trd, 4319054.093, 140
Trd, 4319054.643, 73
Trd, 4319055.843, 85
Trd, 4319056.993, 64
Trd, 4319057.193, 69
Trd, 4319057.693, 64
Trd, 4319057.993, 72
Trd, 4319058.843, 68
Trd, 4319059.593, 97
Trd, 4319059.993, 98
Trd, 4319060.043, 97
Trd, 4319061.893, 140
Trd, 4319062.393, 140
Trd, 4319063.593, 140
Trd, 4319063.843, 138
Trd, 4319064.193, 133
Trd, 4319064.393, 125
Trd, 4319064.793, 139
Trd, 4319067.443, 67
Trd, 4319068.793, 60
Trd, 4319070.643, 60
Trd, 4319071.843, 60
Trd, 4319072.143, 61
Trd, 4319072.393, 61
Trd, 4319073.043, 63
Trd, 4319073.693, 61
Trd, 4319074.043, 64
Trd, 4319074.693, 62
Trd, 4319074.843, 62
Trd, 4319076.393, 60
Trd, 4319076.643, 60
Trd, 4319077.043, 60
Trd, 4319078.043, 61
Trd, 4319078.093, 61
Trd, 4319079.143, 70
Trd, 4319081.193, 63
Trd, 4319083.143, 61
Trd, 4319084.343, 62
Trd, 4319084.393, 63
Trd, 4319085.043, 106
Trd, 4319085.143, 61
Trd, 4319085.743, 64
Trd, 4319085.793, 71
Trd, 4319086.443, 108
Trd, 4319087.643, 62
Trd, 4319088.143, 64
Trd, 4319089.093, 140
Trd, 4319090.143, 65
Trd, 4319090.643, 62
Trd, 4319090.943, 71
Trd, 4319091.293, 78
Trd, 4319092.793, 94
Trd, 4319093.243, 80
Trd, 4319093.993, 112
Trd, 4319095.093, 112
Trd, 4319095.393, 126
Trd, 4319095.593, 127
Trd, 4319096.293, 129
Trd, 4319096.693, 80
Trd, 4319097.793, 140
Trd, 4319098.893, 70
Trd, 4319099.393, 61
Trd, 4319100.243, 60
Trd, 4319100.343, 61
Trd, 4319101.993, 65
Trd, 4319102.543, 66
Trd, 4319103.943, 73
Trd, 4319104.193, 74
Trd, 4319104.243, 103
Trd, 4319105.343, 76
Trd, 4319105.593, 89
Trd, 4319106.293, 140
Trd, 4319106.393, 121
Trd, 4319106.643, 122
Trd, 4319106.793, 120
Trd, 4319108.293, 119
Trd, 4319109.143, 61
Trd, 4319109.793, 84
Trd, 4319110.643, 63
Trd, 4319111.243, 69
Trd, 4319111.593, 70
Trd, 4319114.243, 63
Trd, 4319114.843, 63
Trd, 4319115.793, 63
Trd, 4319115.843, 63
Trd, 4319115.943, 65
Trd, 4319115.993, 66
Trd, 4319117.793, 76
Trd, 4319117.993, 73
Trd, 4319119.043, 69
Trd, 4319119.343, 68
Trd, 4319119.393, 68
Trd, 4319119.543, 69
Trd, 4319121.293, 61
Trd, 4319121.393, 66
Trd, 4319122.343, 62
Trd, 4319123.393, 77
Trd, 4319125.993, 60
Trd, 4319126.543, 61
Trd, 4319128.343, 60
Trd, 4319128.643, 62
Trd, 4319129.293, 62
Trd, 4319129.543, 63
Trd, 4319129.693, 108
Trd, 4319130.093, 70
Trd, 4319130.143, 68
Trd, 4319131.643, 65
Trd, 4319132.093, 69
Trd, 4319132.343, 81
Trd, 4319134.343, 86
Trd, 4319135.093, 130
Trd, 4319135.293, 129
Trd, 4319135.493, 129
Trd, 4319136.243, 86
Trd, 4319136.643, 112
Trd, 4319137.393, 103
Trd, 4319138.293, 64
Trd, 4319138.543, 65
Trd, 4319139.643, 60
Trd, 4319140.393, 71
Trd, 4319141.393, 70
Trd, 4319141.893, 69
Trd, 4319142.193, 68
Trd, 4319142.243, 61
Trd, 4319143.543, 61
Trd, 4319144.693, 60
Trd, 4319146.293, 62
Trd, 4319146.443, 61
Trd, 4319147.043, 67
Trd, 4319147.493, 63
Trd, 4319149.093, 78
Trd, 4319149.443, 77
Trd, 4319149.493, 77
Trd, 4319149.643, 73
Trd, 4319149.793, 107
Trd, 4319150.293, 107
Trd, 4319150.643, 83
Trd, 4319150.693, 78
Trd, 4319151.593, 139
Trd, 4319151.993, 137
Trd, 4319153.443, 61
Trd, 4319154.343, 61
Trd, 4319155.493, 60
Trd, 4319157.643, 60
Trd, 4319157.693, 72
Trd, 4319158.693, 83
Trd, 4319159.393, 72
Trd, 4319159.543, 71
Trd, 4319159.593, 70
Trd, 4319159.793, 68
Trd, 4319161.843, 84
Trd, 4319162.343, 140
Trd, 4319162.543, 140
Trd, 4319164.343, 129
Trd, 4319164.443, 128
Trd, 4319164.593, 128
Trd, 4319165.493, 61
Trd, 4319166.343, 63
Trd, 4319167.243, 61
Trd, 4319168.643, 63
Trd, 4319170.293, 60
Trd, 4319170.593, 62
Trd, 4319170.643, 67
Trd, 4319171.293, 60
Trd, 4319173.893, 60
Trd, 4319174.093, 60
Trd, 4319174.843, 60
Trd, 4319175.693, 61
Trd, 4319175.843, 61
Trd, 4319176.193, 61
Trd, 4319176.443, 62
Trd, 4319177.193, 63
Trd, 4319178.943, 65
Trd, 4319179.393, 65
Trd, 4319179.543, 63
Trd, 4319179.843, 63
Trd, 4319180.243, 63
Trd, 4319180.593, 69
Trd, 4319181.043, 67
Trd, 4319181.193, 66
Trd, 4319181.243, 114
Trd, 4319182.693, 82
Trd, 4319183.043, 73
Trd, 4319184.643, 111
Trd, 4319185.193, 140
Trd, 4319185.443, 140
Trd, 4319185.993, 137
Trd, 4319187.043, 140
Trd, 4319187.343, 140
Trd, 4319188.443, 64
Trd, 4319189.793, 120
Trd, 4319190.843, 76
Trd, 4319191.943, 99
Trd, 4319192.093, 116
Trd, 4319192.393, 99
Trd, 4319193.243, 140
Trd, 4319193.843, 140
Trd, 4319194.443, 137
Trd, 4319195.143, 115
Trd, 4319196.793, 138
Trd, 4319197.593, 140
Trd, 4319198.193, 140
Trd, 4319199.193, 134
Trd, 4319199.993, 133
Trd, 4319200.193, 77
Trd, 4319201.093, 63
Trd, 4319201.993, 62
Trd, 4319202.843, 63
Trd, 4319204.293, 61
Trd, 4319205.193, 64
Trd, 4319206.543, 63
Trd, 4319208.143, 61
Trd, 4319208.193, 69
Trd, 4319209.343, 69
Trd, 4319209.843, 66
Trd, 4319210.893, 83
Trd, 4319211.143, 73
Trd, 4319211.243, 72
Trd, 4319212.043, 71
Trd, 4319212.243, 77
Trd, 4319212.993, 74
Trd, 4319214.793, 78
Trd, 4319215.393, 112
Trd, 4319215.493, 130
Trd, 4319215.893, 129
Trd, 4319217.343, 130
Trd, 4319217.743, 95
Trd, 4319218.443, 100
Trd, 4319219.343, 100
Trd, 4319220.143, 137
Trd, 4319221.943, 135
Trd, 4319221.993, 134
Trd, 4319222.893, 135
Trd, 4319223.293, 135
Trd, 4319224.343, 140
Trd, 4319224.493, 139
Trd, 4319225.793, 137
Trd, 4319226.643, 138
Trd, 4319226.743, 136
Trd, 4319226.893, 125
Trd, 4319228.243, 139
Trd, 4319228.393, 94
Trd, 4319228.643, 82
Trd, 4319229.593, 66
Trd, 4319232.343, 60
Trd, 4319233.443, 60
Trd, 4319234.043, 62
Trd, 4319236.243, 63
Trd, 4319236.393, 64
Trd, 4319236.743, 69
Trd, 4319237.743, 66
Trd, 4319237.993, 64
Trd, 4319238.543, 99
Trd, 4319239.293, 70
Trd, 4319240.593, 97
Trd, 4319241.043, 97
Trd, 4319242.043, 140
Trd, 4319242.843, 140
Trd, 4319242.893, 139
Trd, 4319243.043, 137
Trd, 4319243.693, 140
Trd, 4319244.743, 138
Trd, 4319244.943, 128
Trd, 4319246.643, 127
Trd, 4319247.243, 127
Trd, 4319248.943, 139
Trd, 4319249.543, 139
Trd, 4319249.843, 138
Trd, 4319250.193, 136
Trd, 4319250.993, 126
Trd, 4319251.493, 118
Trd, 4319251.793, 97
Trd, 4319252.443, 72
Trd, 4319252.793, 85
Trd, 4319253.493, 72
Trd, 4319254.893, 62
Trd, 4319257.043, 60
Trd, 4319257.843, 60
Trd, 4319258.043, 62
Trd, 4319260.143, 61
Trd, 4319262.393, 60
Trd, 4319262.543, 61
Trd, 4319262.793, 64
Trd, 4319263.243, 65
Trd, 4319263.843, 66
Trd, 4319263.993, 64
Trd, 4319264.143, 68
Trd, 4319264.193, 67
Trd, 4319265.443, 127
Trd, 4319265.643, 80
Trd, 4319266.543, 60
Trd, 4319266.843, 64
Trd, 4319268.343, 64
Trd, 4319269.743, 68
Trd, 4319270.493, 100
Trd, 4319270.543, 70
Trd, 4319271.093, 71
Trd, 4319271.293, 123
Trd, 4319272.143, 90
Trd, 4319272.193, 89
Trd, 4319272.243, 88
Trd, 4319273.693, 85
Trd, 4319274.143, 74
Trd, 4319274.193, 74
Trd, 4319274.893, 74
Trd, 4319275.843, 62
Trd, 4319275.893, 63
Trd, 4319276.693, 70
Trd, 4319278.893, 60
Trd, 4319280.893, 60
Trd, 4319281.543, 60
Trd, 4319282.093, 62
Trd, 4319282.593, 62
Trd, 4319284.643, 60
Trd, 4319284.943, 60
Trd, 4319285.343, 60
Trd, 4319285.443, 61
Trd, 4319285.543, 61
Trd, 4319285.943, 60
Trd, 4319286.643, 61
Trd, 4319287.343, 71
Trd, 4319287.993, 68
Trd, 4319288.793, 87
Trd, 4319289.143, 76
Trd, 4319289.793, 73
Trd, 4319290.043, 74
Trd, 4319290.543, 83
Trd, 4319290.593, 73
Trd, 4319291.543, 74
Trd, 4319291.893, 74
Trd, 4319294.293, 61
Trd, 4319296.543, 61
Trd, 4319296.593, 62
Trd, 4319297.693, 73
Trd, 4319298.493, 103
Trd, 4319299.243, 65
Trd, 4319299.543, 69
Trd, 4319299.593, 70
Trd, 4319299.943, 73
Trd, 4319300.093, 70
Trd, 4319303.843, 60
Trd, 4319305.593, 60
Trd, 4319306.293, 63
Trd, 4319306.393, 63
Trd, 4319306.493, 62
Trd, 4319306.943, 64
Trd, 4319307.893, 61
Trd, 4319308.593, 61
Trd, 4319308.743, 61
Trd, 4319310.843, 69
Trd, 4319310.893, 68
Trd, 4319311.293, 90
Trd, 4319311.693, 74
Trd, 4319313.193, 117
Trd, 4319313.243, 117
Trd, 4319313.343, 116
Trd, 4319313.843, 140
Trd, 4319315.043, 138
Trd, 4319315.243, 116
Trd, 4319315.393, 136
Trd, 4319316.393, 104
Trd, 4319320.393, 60
Trd, 4319321.893, 60
Trd, 4319322.043, 60
Trd, 4319322.143, 60
Trd, 4319322.693, 61
Trd, 4319322.993, 76
Trd, 4319323.793, 110
Trd, 4319324.343, 123
Trd, 4319324.843, 123
Trd, 4319324.993, 122
Trd, 4319325.593, 110
Trd, 4319326.143, 110
Trd, 4319326.543, 109
Trd, 4319328.143, 110
Trd, 4319328.593, 84
Trd, 4319329.193, 86
Trd, 4319329.543, 131
Trd, 4319329.643, 137
Trd, 4319330.143, 84
Trd, 4319331.093, 133
Trd, 4319332.393, 100
Trd, 4319332.643, 99
Trd, 4319333.693, 74
Trd, 4319335.093, 104
Trd, 4319335.193, 102
Trd, 4319335.543, 78
Trd, 4319335.843, 60
Trd, 4319337.993, 60
Trd, 4319338.143, 60
Trd, 4319340.143, 61
Trd, 4319340.443, 62
Trd, 4319340.743, 61
Trd, 4319341.443, 66
Trd, 4319341.743, 64
Trd, 4319342.293, 66
Trd, 4319342.593, 65
Trd, 4319344.393, 85
Trd, 4319344.543, 84
Trd, 4319344.843, 122
Trd, 4319345.343, 115
Trd, 4319345.993, 96
Trd, 4319346.493, 94
Trd, 4319346.693, 128
Trd, 4319346.993, 95
Trd, 4319347.593, 139
Trd, 4319347.843, 115
Trd, 4319347.993, 95
Trd, 4319351.193, 63
Trd, 4319351.593, 60
Trd, 4319353.293, 60
Trd, 4319353.543, 61
Trd, 4319353.893, 61
Trd, 4319356.593, 60
Trd, 4319356.993, 60
Trd, 4319358.443, 62
Trd, 4319358.843, 62
Trd, 4319359.093, 80
Trd, 4319359.843, 65
Trd, 4319360.843, 68
Trd, 4319360.993, 67
Trd, 4319361.093, 69
Trd, 4319361.693, 74
Trd, 4319362.443, 121
Trd, 4319363.693, 103
Trd, 4319363.843, 93
Trd, 4319364.143, 93
Trd, 4319365.393, 140
Trd, 4319365.543, 137
Trd, 4319365.893, 121
Trd, 4319367.043, 90
Trd, 4319367.393, 89
Trd, 4319367.593, 89
Trd, 4319368.593, 85
Trd, 4319369.743, 76
Trd, 4319370.293, 74
Trd, 4319370.443, 100
Trd, 4319370.793, 102
Trd, 4319371.293, 94
Trd, 4319372.493, 77
Trd, 4319372.943, 76
Trd, 4319373.093, 140
Trd, 4319373.993, 76
Trd, 4319374.193, 73
Trd, 4319374.593, 84
Trd, 4319377.293, 60
Trd, 4319378.143, 61
Trd, 4319379.143, 60
Trd, 4319381.143, 60
Trd, 4319381.693, 61
Trd, 4319382.593, 135
Trd, 4319382.693, 67
Trd, 4319382.943, 66
Trd, 4319383.443, 67
Trd, 4319383.943, 84
Trd, 4319384.743, 69
Trd, 4319384.793, 98
Trd, 4319385.743, 140
Trd, 4319386.143, 140
Trd, 4319386.343, 139
Trd, 4319387.093, 138
Trd, 4319387.943, 139
Trd, 4319388.493, 138
Trd, 4319389.143, 137
Trd, 4319389.243, 106
Trd, 4319389.543, 86
Trd, 4319389.893, 61
Trd, 4319391.193, 102
Trd, 4319392.943, 65
Trd, 4319395.443, 61
Trd, 4319396.043, 62
Trd, 4319396.743, 61
Trd, 4319397.593, 66
Trd, 4319399.143, 62
Trd, 4319399.243, 62
Trd, 4319399.343, 63
Trd, 4319399.993, 65
Trd, 4319400.543, 63
Trd, 4319402.193, 67
Trd, 4319402.343, 68
Trd, 4319403.843, 73
Trd, 4319404.543, 74
Trd, 4319405.143, 74
Trd, 4319405.293, 98
Trd, 4319405.493, 130
Trd, 4319407.393, 90
Trd, 4319407.543, 89
Trd, 4319408.193, 91
Trd, 4319408.393, 88
Trd, 4319408.893, 76
Trd, 4319410.343, 60
Trd, 4319411.343, 61
Trd, 4319412.443, 61
Trd, 4319413.093, 62
Trd, 4319413.493, 61
Trd, 4319413.643, 61
Trd, 4319413.943, 103
Trd, 4319415.443, 68
Trd, 4319416.893, 76
Trd, 4319417.393, 73
Trd, 4319417.493, 73
Trd, 4319418.093, 74
Trd, 4319418.293, 82
Trd, 4319419.193, 74
Trd, 4319419.393, 115
Trd, 4319419.743, 108
Trd, 4319419.843, 72
Trd, 4319420.943, 139
Trd, 4319422.643, 64
Trd, 4319423.243, 65
Trd, 4319423.893, 67
Trd, 4319424.293, 67
Trd, 4319424.643, 66
Trd, 4319424.893, 65
Trd, 4319425.443, 96
Trd, 4319425.843, 137
Trd, 4319426.293, 103
Trd, 4319426.993, 100
Trd, 4319427.593, 98
Trd, 4319427.693, 82
Trd, 4319429.293, 108
Trd, 4319431.143, 61
Trd, 4319431.843, 61
Trd, 4319432.543, 61
Trd, 4319433.293, 60
Trd, 4319434.993, 60
Trd, 4319435.393, 60
Trd, 4319436.043, 62
Trd, 4319436.793, 76
Trd, 4319436.843, 68
Trd, 4319437.993, 75
Trd, 4319438.243, 94
Trd, 4319438.493, 73
Trd, 4319438.543, 121
Trd, 4319442.093, 60
Trd, 4319442.343, 60
Trd, 4319442.993, 60
Trd, 4319444.493, 61
Trd, 4319446.743, 62
Trd, 4319447.793, 60
Trd, 4319449.643, 60
Trd, 4319449.743, 60
Trd, 4319449.793, 60
Trd, 4319450.043, 61
Trd, 4319450.643, 62
Trd, 4319450.743, 64
Trd, 4319452.293, 63
Trd, 4319452.443, 71
Trd, 4319452.693, 64
Trd, 4319453.743, 64
Trd, 4319454.243, 64
Trd, 4319455.143, 112
Trd, 4319455.943, 112
Trd, 4319456.493, 140
Trd, 4319456.543, 122
Trd, 4319457.343, 98
Trd, 4319457.743, 80
Trd, 4319459.093, 110
Trd, 4319459.143, 108
Trd, 4319459.293, 105
Trd, 4319459.593, 104
Trd, 4319461.243, 130
Trd, 4319462.893, 127
Trd, 4319463.593, 139
Trd, 4319463.693, 138
Trd, 4319463.793, 88
Trd, 4319465.343, 62
Trd, 4319466.993, 60
Trd, 4319468.143, 60
Trd, 4319468.693, 61
Trd, 4319468.893, 60
Trd, 4319469.243, 61
Trd, 4319469.793, 62
Trd, 4319470.193, 64
Trd, 4319471.743, 64
Trd, 4319472.643, 138
Trd, 4319472.693, 65
Trd, 4319473.793, 139
Trd, 4319475.543, 74
Trd, 4319475.693, 75
Trd, 4319476.193, 76
Trd, 4319476.243, 73
Trd, 4319478.293, 83
Trd, 4319478.893, 78
Trd, 4319478.993, 78
Trd, 4319479.243, 94
Trd, 4319479.393, 74
Trd, 4319479.643, 81
Trd, 4319480.293, 102
Trd, 4319480.593, 76
Trd, 4319481.143, 111
Trd, 4319482.993, 61
Trd, 4319483.943, 60
Trd, 4319484.343, 60
Trd, 4319484.643, 61
Trd, 4319484.743, 63
Trd, 4319486.543, 65
Trd, 4319486.943, 69
Trd, 4319487.043, 70
Trd, 4319488.593, 60
Trd, 4319489.793, 60
Trd, 4319489.893, 62
Trd, 4319491.693, 60
Trd, 4319492.243, 61
Trd, 4319492.843, 60
Trd, 4319494.093, 63
Trd, 4319494.143, 83
Trd, 4319495.193, 63
Trd, 4319495.643, 68
Trd, 4319495.843, 65
Trd, 4319496.143, 78
Trd, 4319496.793, 82
Trd, 4319497.343, 69
Trd, 4319497.993, 65
Trd, 4319499.743, 60
Trd, 4319502.143, 74
Trd, 4319502.893, 60
Trd, 4319503.693, 74
Trd, 4319503.843, 69
Trd, 4319504.443, 67
Trd, 4319505.393, 69
Trd, 4319505.493, 68
Trd, 4319505.593, 118
Trd, 4319505.943, 87
Trd, 4319506.743, 125
Trd, 4319509.093, 140
Trd, 4319509.643, 140
Trd, 4319509.843, 140
Trd, 4319509.893, 140
Trd, 4319509.943, 137
Trd, 4319510.393, 128
Trd, 4319510.543, 95
Trd, 4319511.143, 69
Trd, 4319511.243, 68
Trd, 4319512.043, 112
Trd, 4319512.493, 91
Trd, 4319515.793, 60
Trd, 4319516.043, 68
Trd, 4319516.993, 61
Trd, 4319518.943, 60
Trd, 4319520.493, 62
Trd, 4319520.593, 62
Trd, 4319522.693, 62
Trd, 4319522.793, 62
Trd, 4319523.693, 61
Trd, 4319523.793, 62
Trd, 4319523.943, 61
Trd, 4319524.293, 62
Trd, 4319525.093, 74
Trd, 4319525.993, 65
Trd, 4319526.193, 65
Trd, 4319526.493, 64
Trd, 4319527.393, 99
Trd, 4319528.693, 139
Trd, 4319529.143, 100
Trd, 4319529.493, 100
Trd, 4319530.243, 99
Trd, 4319530.293, 75
Trd, 4319531.643, 74
Trd, 4319533.143, 68
Trd, 4319534.443, 93
Trd, 4319534.493, 93
Trd, 4319534.593, 69
Trd, 4319535.243, 125
Trd, 4319535.543, 124
Trd, 4319536.143, 122
Trd, 4319536.993, 120
Trd, 4319537.393, 140
Trd, 4319538.293, 140
Trd, 4319539.393, 140
Trd, 4319539.493, 137
Trd, 4319539.793, 140
Trd, 4319540.493, 123
Trd, 4319541.143, 122
Trd, 4319542.043, 123
Trd, 4319543.343, 140
Trd, 4319543.743, 140
Trd, 4319543.843, 140
Trd, 4319544.093, 137
Trd, 4319544.793, 132
Trd, 4319545.043, 131
Trd, 4319547.093, 60
Trd, 4319547.643, 85
Trd, 4319548.193, 87
Trd, 4319548.593, 86
Trd, 4319548.743, 84
Trd, 4319550.093, 64
Trd, 4319551.143, 91
Trd, 4319553.243, 62
Trd, 4319553.993, 61
Trd, 4319554.393, 64
Trd, 4319554.643, 62
Trd, 4319555.493, 134
Trd, 4319555.543, 64
Trd, 4319556.343, 75
Trd, 4319556.543, 68
Trd, 4319556.793, 68
Trd, 4319557.243, 67
Trd, 4319557.643, 60
Trd, 4319558.443, 100
Trd, 4319558.943, 100
Trd, 4319559.493, 99
Trd, 4319560.593, 90
Trd, 4319561.693, 89
Trd, 4319561.793, 88
Trd, 4319562.543, 97
Trd, 4319564.393, 136
Trd, 4319564.843, 135
Trd, 4319565.393, 135
Trd, 4319565.643, 133
Trd, 4319565.693, 118
Trd, 4319566.693, 140
Trd, 4319567.593, 140
Trd, 4319567.743, 140
Trd, 4319568.043, 139
Trd, 4319568.543, 138
Trd, 4319568.843, 119
Trd, 4319569.343, 76
Trd, 4319571.343, 138
Trd, 4319572.443, 87
Trd, 4319574.993, 60
Trd, 4319575.693, 60
Trd, 4319576.443, 62
Trd, 4319577.093, 61
Trd, 4319577.293, 61
Trd, 4319577.343, 64
Trd, 4319578.193, 62
Trd, 4319578.543, 63
Trd, 4319579.243, 79
Trd, 4319579.943, 64
Trd, 4319580.043, 64
Trd, 4319580.793, 64
Trd, 4319581.493, 68
Trd, 4319583.093, 129
Trd, 4319583.693, 63
Trd, 4319584.493, 76
Trd, 4319584.843, 66
Trd, 4319586.043, 61
Trd, 4319587.943, 60
Trd, 4319588.843, 61
Trd, 4319588.943, 61
Trd, 4319589.993, 63
Trd, 4319590.943, 104
Trd, 4319591.593, 67
Trd, 4319591.693, 66
Trd, 4319592.043, 126
Trd, 4319592.143, 125
Trd, 4319592.993, 65
Trd, 4319593.343, 63
Trd, 4319594.643, 68
Trd, 4319594.893, 77
Trd, 4319595.393, 63
Trd, 4319596.043, 66
Trd, 4319599.093, 61
Trd, 4319599.743, 65
Trd, 4319600.443, 64
Trd, 4319601.543, 63
Trd, 4319602.693, 60
Trd, 4319603.493, 60
Trd, 4319603.743, 62
Trd, 4319604.743, 67
Trd, 4319606.793, 94
Trd, 4319606.993, 70
Trd, 4319607.043, 67
Trd, 4319607.543, 66
Trd, 4319607.593, 64
Trd, 4319608.343, 67
Trd, 4319610.793, 60
Trd, 4319611.443, 65
Trd, 4319612.443, 65
Trd, 4319612.493, 68
Trd, 4319612.543, 64
Trd, 4319612.693, 77
Trd, 4319612.843, 63
Trd, 4319614.293, 67
Trd, 4319614.543, 71
Trd, 4319615.243, 70
Trd, 4319615.643, 69
Trd, 4319615.793, 140
Trd, 4319616.343, 60
Trd, 4319618.643, 61
Trd, 4319619.293, 64
Trd, 4319620.043, 64
Trd, 4319620.093, 65
Trd, 4319621.043, 60
Trd, 4319622.693, 60
Trd, 4319623.143, 60
Trd, 4319623.343, 62
Trd, 4319623.593, 65
Trd, 4319624.293, 125
Trd, 4319625.593, 71
Trd, 4319625.943, 70
Trd, 4319626.343, 69
Trd, 4319628.193, 61
Trd, 4319628.543, 62
Trd, 4319628.643, 61
Trd, 4319628.943, 61
Trd, 4319630.193, 65
Trd, 4319630.593, 62
Trd, 4319631.143, 62
Trd, 4319631.543, 98
Trd, 4319631.943, 61
Trd, 4319633.143, 64
Trd, 4319634.593, 60
Trd, 4319635.493, 60
Trd, 4319637.843, 60
Trd, 4319638.643, 61
Trd, 4319639.893, 62
Trd, 4319640.293, 63
Trd, 4319640.343, 73
Trd, 4319641.093, 67
Trd, 4319641.543, 68
Trd, 4319641.993, 68
Trd, 4319642.293, 67
Trd, 4319642.843, 133
Trd, 4319643.893, 65
Trd, 4319644.843, 69
Trd, 4319645.993, 68
Trd, 4319646.093, 65
Trd, 4319647.143, 95
Trd, 4319647.593, 96
Trd, 4319647.843, 68
Trd, 4319648.543, 105
Trd, 4319648.593, 104
Trd, 4319648.693, 64
Trd, 4319651.593, 60
Trd, 4319651.993, 63
Trd, 4319653.443, 74
Trd, 4319654.893, 60
Trd, 4319657.343, 60
Trd, 4319657.443, 60
Trd, 4319658.493, 62
Trd, 4319659.043, 62
Trd, 4319659.093, 65
Trd, 4319660.843, 65
Trd, 4319661.193, 66
Trd, 4319661.493, 65
Trd, 4319661.843, 77
Trd, 4319662.043, 64
Trd, 4319662.843, 118
Trd, 4319662.943, 117
Trd, 4319663.443, 76
Trd, 4319664.393, 86
Trd, 4319665.143, 140
Trd, 4319665.443, 140
Trd, 4319665.943, 138
Trd, 4319667.293, 99
Trd, 4319668.843, 103
Trd, 4319669.143, 102
Trd, 4319669.343, 101
Trd, 4319670.243, 131
Trd, 4319670.443, 90
Trd, 4319670.643, 84
Trd, 4319670.993, 74
Trd, 4319671.343, 72
Trd, 4319672.293, 135
Trd, 4319673.043, 140
Trd, 4319674.393, 63
Trd, 4319674.593, 89
Trd, 4319676.393, 62
Trd, 4319676.443, 77
Trd, 4319677.843, 70
Trd, 4319678.343, 68
Trd, 4319678.743, 67
Trd, 4319679.043, 66
Trd, 4319680.243, 77
Trd, 4319680.443, 68
Trd, 4319680.743, 67
Trd, 4319680.943, 65
Trd, 4319681.493, 78
Trd, 4319682.693, 65
Trd, 4319684.093, 61
Trd, 4319684.593, 65
Trd, 4319686.143, 60
Trd, 4319686.243, 61
Trd, 4319686.393, 61
Trd, 4319686.943, 62
Trd, 4319687.493, 66
Trd, 4319687.993, 66
Trd, 4319688.143, 65
Trd, 4319689.243, 62
Trd, 4319689.293, 73
Trd, 4319690.743, 65
Trd, 4319691.143, 62
Trd, 4319694.693, 60
Trd, 4319694.743, 61
Trd, 4319694.993, 61
Trd, 4319696.243, 60
Trd, 4319696.543, 60
Trd, 4319697.393, 62
Trd, 4319698.893, 65
Trd, 4319699.193, 66
Trd, 4319699.493, 71
Trd, 4319699.943, 65
Trd, 4319699.993, 75
Trd, 4319700.043, 65
Trd, 4319701.943, 64
Trd, 4319704.243, 60
Trd, 4319705.293, 64
Trd, 4319705.543, 61
Trd, 4319705.593, 63
Trd, 4319705.843, 65
Trd, 4319707.643, 76
Trd, 4319708.293, 74
Trd, 4319708.393, 74
Trd, 4319708.643, 72
Trd, 4319709.593, 60
Trd, 4319711.943, 61
Trd, 4319712.093, 61
Trd, 4319712.243, 61
Trd, 4319713.093, 94
Trd, 4319713.193, 85
Trd, 4319713.493, 87
Trd, 4319713.643, 86
Trd, 4319715.143, 125
Trd, 4319715.643, 62
Trd, 4319715.893, 67
Trd, 4319718.993, 60
Trd, 4319720.293, 60
Trd, 4319720.943, 60
Trd, 4319722.293, 60
Trd, 4319722.543, 62
Trd, 4319723.043, 63
Trd, 4319723.143, 64
Trd, 4319723.193, 72
Trd, 4319723.843, 69
Trd, 4319724.143, 69
Trd, 4319725.043, 64
Trd, 4319725.093, 65
Trd, 4319725.493, 82
Trd, 4319726.393, 83
Trd, 4319727.193, 140
Trd, 4319728.043, 140
Trd, 4319728.193, 138
Trd, 4319729.193, 140
Trd, 4319730.393, 140
Trd, 4319730.743, 140
Trd, 4319731.693, 138
Trd, 4319732.993, 123
Trd, 4319733.043, 115
Trd, 4319733.943, 116
Trd, 4319734.843, 138
Trd, 4319735.643, 139
Trd, 4319735.743, 138
Trd, 4319735.893, 137
Trd, 4319736.293, 137
Trd, 4319736.593, 135
Trd, 4319736.993, 110
Trd, 4319738.693, 71
Trd, 4319738.893, 139
Trd, 4319739.243, 131
Trd, 4319740.093, 79
Trd, 4319741.943, 63
Trd, 4319743.743, 60
Trd, 4319745.243, 60
Trd, 4319745.443, 60
Trd, 4319745.493, 61
Trd, 4319745.843, 62
Trd, 4319746.143, 61
Trd, 4319746.493, 62
Trd, 4319747.343, 68
Trd, 4319747.943, 78
Trd, 4319748.293, 98
Trd, 4319748.543, 71
Trd, 4319748.893, 70
Trd, 4319750.143, 139
Trd, 4319750.643, 140
Trd, 4319751.093, 138
Trd, 4319751.543, 137
Trd, 4319752.043, 134
Trd, 4319752.593, 111
Trd, 4319755.043, 60
Trd, 4319755.943, 60
Trd, 4319756.293, 60
Trd, 4319756.643, 61
Trd, 4319756.993, 62
Trd, 4319757.743, 64
Trd, 4319758.143, 73
Trd, 4319758.593, 65
Trd, 4319759.743, 116
Trd, 4319760.243, 116
Trd, 4319760.993, 118
Trd, 4319761.493, 115
Trd, 4319762.143, 123
Trd, 4319762.293, 122
Trd, 4319762.343, 115
Trd, 4319762.843, 64
Trd, 4319764.643, 140
Trd, 4319765.443, 140
Trd, 4319765.543, 140
Trd, 4319766.043, 64
Trd, 4319767.693, 68
Trd, 4319767.743, 68
Trd, 4319768.643, 72
Trd, 4319769.143, 71
Trd, 4319769.193, 71
Trd, 4319770.343, 110
Trd, 4319771.093, 71
Trd, 4319771.743, 70
Trd, 4319771.843, 68
Trd, 4319771.893, 74
Trd, 4319772.193, 81
Trd, 4319772.943, 61
Trd, 4319775.093, 140
Trd, 4319775.193, 140
Trd, 4319776.043, 140
Trd, 4319776.193, 140
Trd, 4319776.493, 140
Trd, 4319777.743, 139
Trd, 4319778.993, 138
Trd, 4319779.493, 136
Trd, 4319779.793, 136
Trd, 4319780.743, 90
Trd, 4319781.593, 102
Trd, 4319782.193, 106
Trd, 4319783.093, 128
Trd, 4319783.893, 98
Trd, 4319784.243, 98
Trd, 4319785.243, 99
Trd, 4319785.843, 140
Trd, 4319786.793, 105
Trd, 4319786.843, 104
Trd, 4319787.543, 102
Trd, 4319787.793, 100
Trd, 4319788.093, 133
Trd, 4319789.193, 82
Trd, 4319789.743, 87
Trd, 4319789.843, 81
Trd, 4319790.693, 71
Trd, 4319792.493, 64
Trd, 4319792.643, 65
Trd, 4319795.743, 60
Trd, 4319795.893, 62
Trd, 4319796.243, 89
Trd, 4319796.643, 62
Trd, 4319797.443, 85
Trd, 4319797.743, 60
Trd, 4319799.243, 61
Trd, 4319800.143, 66
Trd, 4319800.843, 64
Trd, 4319803.193, 61
Trd, 4319803.943, 60
Trd, 4319805.343, 60
Trd, 4319805.543, 62
Trd, 4319806.243, 63
Trd, 4319806.593, 65
Trd, 4319807.443, 64
Trd, 4319808.043, 84
Trd, 4319809.143, 106
Trd, 4319809.343, 103
Trd, 4319809.943, 111
Trd, 4319810.393, 105
Trd, 4319810.693, 138
Trd, 4319811.443, 106
Trd, 4319812.493, 106
Trd, 4319813.193, 118
Trd, 4319813.293, 116
Trd, 4319813.793, 117
Trd, 4319813.893, 117
Trd, 4319814.143, 78
Trd, 4319815.143, 71
Trd, 4319815.793, 140
Trd, 4319815.943, 123
Trd, 4319817.043, 60
Trd, 4319818.243, 60
Trd, 4319818.993, 64
Trd, 4319820.693, 66
Trd, 4319820.843, 61
Trd, 4319821.743, 62
Trd, 4319822.093, 62
Trd, 4319822.193, 62
Trd, 4319822.343, 60
Trd, 4319823.293, 63
Trd, 4319823.443, 62
Trd, 4319824.493, 67
Trd, 4319825.093, 98
Trd, 4319825.643, 104
Trd, 4319826.043, 103
Trd, 4319827.443, 109
Trd, 4319828.043, 102
Trd, 4319829.043, 130
Trd, 4319829.343, 92
Trd, 4319829.943, 140
Trd, 4319829.993, 139
Trd, 4319830.693, 136
Trd, 4319832.793, 91
Trd, 4319833.943, 61
Trd, 4319834.993, 66
Trd, 4319835.143, 77
Trd, 4319836.293, 61
Trd, 4319836.643, 62
Trd, 4319836.693, 64
Trd, 4319837.943, 66
Trd, 4319838.693, 72
Trd, 4319839.393, 71
Trd, 4319839.793, 70
Trd, 4319840.493, 74
Trd, 4319840.543, 75
Trd, 4319841.543, 131
Trd, 4319841.593, 130
Trd, 4319841.843, 85
Trd, 4319842.443, 81
Trd, 4319843.693, 75
Trd, 4319844.943, 129
Trd, 4319845.693, 129
Trd, 4319846.243, 112
Trd, 4319846.493, 109
Trd, 4319846.793, 108
Trd, 4319847.193, 139
Trd, 4319848.093, 105
Trd, 4319848.143, 68
Trd, 4319849.443, 127
Trd, 4319849.793, 128
Trd, 4319850.343, 128
Trd, 4319850.793, 126
Trd, 4319852.443, 120
Trd, 4319853.293, 140
Trd, 4319853.643, 136
Trd, 4319853.693, 84
Trd, 4319854.293, 112
Trd, 4319855.643, 140
Trd, 4319856.893, 140
Trd, 4319857.493, 140
Trd, 4319857.943, 140
Trd, 4319858.843, 140
Trd, 4319859.943, 138
Trd, 4319860.043, 138
Trd, 4319860.293, 137
Trd, 4319860.843, 133
Trd, 4319860.993, 130
Trd, 4319861.543, 107
Trd, 4319861.943, 99
Trd, 4319863.193, 103
Trd, 4319863.893, 112
Trd, 4319864.893, 117
Trd, 4319865.293, 107
Trd, 4319865.643, 106
Trd, 4319865.893, 106
Trd, 4319867.593, 114
Trd, 4319867.893, 124
Trd, 4319868.243, 124
Trd, 4319869.043, 140
Trd, 4319869.943, 140
Trd, 4319871.543, 140
Trd, 4319871.693, 139
Trd, 4319871.793, 138
Trd, 4319871.943, 137
Trd, 4319872.143, 122
Trd, 4319872.693, 120
Trd, 4319873.893, 119
Trd, 4319875.293, 140
Trd, 4319875.943, 140
Trd, 4319876.443, 140
Trd, 4319876.543, 139
Trd, 4319877.293, 138
Trd, 4319878.143, 138
Trd, 4319878.943, 134
Trd, 4319879.093, 119
Trd, 4319879.493, 137
Trd, 4319880.293, 118
Trd, 4319880.743, 117
Trd, 4319881.143, 99
Trd, 4319882.293, 91
Trd, 4319883.093, 94
Trd, 4319883.793, 94
Trd, 4319883.993, 96
Trd, 4319885.543, 61
Trd, 4319885.693, 61
Trd, 4319885.793, 66
Trd, 4319886.743, 140
Trd, 4319886.943, 139
Trd, 4319887.293, 138
Trd, 4319889.143, 118
Trd, 4319889.293, 79
Trd, 4319890.593, 61
Trd, 4319890.693, 61
Trd, 4319891.793, 61
Trd, 4319892.843, 63
Trd, 4319893.493, 62
Trd, 4319893.543, 63
Trd, 4319893.693, 69
Trd, 4319894.143, 64
Trd, 4319894.743, 63
Trd, 4319895.693, 63
Trd, 4319896.093, 135
Trd, 4319896.943, 62
Trd, 4319898.743, 60
Trd, 4319898.843, 62
Trd, 4319899.743, 101
Trd, 4319900.993, 60
Trd, 4319901.143, 61
Trd, 4319901.743, 67
Trd, 4319902.193, 69
Trd, 4319902.443, 67
Trd, 4319904.343, 113
Trd, 4319904.793, 88
Trd, 4319905.393, 70
Trd, 4319906.443, 60
Trd, 4319907.793, 61
Trd, 4319908.093, 71
Trd, 4319908.393, 97
Trd, 4319909.743, 62
Trd, 4319910.093, 64
Trd, 4319910.343, 78
Trd, 4319912.093, 65
Trd, 4319913.043, 68
Trd, 4319913.643, 88
Trd, 4319913.843, 67
Trd, 4319914.593, 139
Trd, 4319914.643, 127
Trd, 4319914.993, 125
Trd, 4319915.193, 70
Trd, 4319915.843, 128
Trd, 4319916.293, 76
Trd, 4319917.393, 71
Trd, 4319918.893, 60
Trd, 4319919.143, 73
Trd, 4319920.543, 130
Trd, 4319921.043, 63
Trd, 4319922.443, 68
Trd, 4319922.643, 117
Trd, 4319923.093, 116
Trd, 4319923.393, 116
Trd, 4319924.043, 68
Trd, 4319924.293, 81
Trd, 4319925.193, 112
Trd, 4319925.593, 65
Trd, 4319926.443, 87
Trd, 4319926.793, 114
Trd, 4319927.793, 60
Trd, 4319929.293, 60
Trd, 4319929.543, 60
Trd, 4319930.843, 60
Trd, 4319931.393, 61
Trd, 4319931.493, 60
Trd, 4319933.143, 67
Trd, 4319933.943, 72
Trd, 4319934.043, 67
Trd, 4319935.193, 67
Trd, 4319935.743, 78
Trd, 4319936.593, 69
Trd, 4319937.293, 60
Trd, 4319938.343, 63
Trd, 4319939.793, 64
Trd, 4319941.293, 60
Trd, 4319941.543, 61
Trd, 4319943.893, 60
Trd, 4319944.093, 62
Trd, 4319944.493, 64
Trd, 4319944.943, 62
Trd, 4319945.043, 93
Trd, 4319947.543, 64
Trd, 4319947.893, 65
Trd, 4319948.593, 62
Trd, 4319949.393, 67
Trd, 4319949.443, 61
Trd, 4319949.643, 60
Trd, 4319949.993, 64
Trd, 4319950.743, 64
Trd, 4319950.843, 65
Trd, 4319951.993, 63
Trd, 4319952.193, 64
Trd, 4319953.393, 67
Trd, 4319954.093, 100
Trd, 4319954.193, 99
Trd, 4319954.543, 68
Trd, 4319955.643, 71
Trd, 4319956.443, 73
Trd, 4319956.693, 71
Trd, 4319956.793, 74
Trd, 4319959.443, 139
Trd, 4319959.643, 128
Trd, 4319960.543, 118
Trd, 4319961.243, 117
Trd, 4319962.443, 123
Trd, 4319962.693, 122
Trd, 4319963.293, 139
Trd, 4319963.443, 120
Trd, 4319964.493, 122
Trd, 4319964.743, 122
Trd, 4319965.043, 115
Trd, 4319965.843, 114
Trd, 4319965.893, 114
Trd, 4319965.943, 100
Trd, 4319967.643, 60
Trd, 4319969.143, 60
Trd, 4319969.293, 62
Trd, 4319971.193, 60
Trd, 4319971.443, 61
Trd, 4319973.193, 60
Trd, 4319973.643, 64
Trd, 4319973.743, 63
Trd, 4319973.943, 63
Trd, 4319975.043, 61
Trd, 4319975.793, 63
Trd, 4319975.943, 67
Trd, 4319976.493, 67
Trd, 4319977.593, 66
Trd, 4319978.493, 70
Trd, 4319978.643, 66
Trd, 4319978.993, 99
Trd, 4319979.943, 140
Trd, 4319980.443, 140
Trd, 4319980.493, 139
Trd, 4319981.493, 102
Trd, 4319982.443, 68
Trd, 4319983.443, 71
Trd, 4319983.493, 104
Trd, 4319984.193, 71
Trd, 4319984.293, 109
Trd, 4319984.693, 139
Trd, 4319985.193, 138
Trd, 4319985.293, 136
Trd, 4319985.443, 70
Trd, 4319986.993, 113
Trd, 4319987.493, 66
Trd, 4319987.643, 71
Trd, 4319987.993, 71
Trd, 4319988.693, 72
Trd, 4319990.543, 60
Trd, 4319992.243, 60
Trd, 4319992.643, 63
Trd, 4319993.043, 62
Trd, 4319994.543, 63
Trd, 4319997.143, 61
Trd, 4319998.493, 61
Trd, 4319998.693, 62
Trd, 4319999.043, 62
Trd, 4319999.393, 62
