Trd, 4318120.843, 140
Trd, 4318121.193, 138
Trd, 4318121.593, 140
Trd, 4318123.793, 140
Trd, 4318123.843, 140
Trd, 4318123.893, 140
Trd, 4318125.093, 140
Trd, 4318125.793, 140
Trd, 4318126.643, 129
Trd, 4318126.943, 128
Trd, 4318128.643, 140
Trd, 4318128.943, 140
Trd, 4318129.643, 139
Trd, 4318132.393, 140
Trd, 4318132.443, 139
Trd, 4318132.543, 139
Trd, 4318133.943, 140
Trd, 4318134.043, 136
Trd, 4318134.893, 140
Trd, 4318134.943, 140
Trd, 4318135.093, 94
Trd, 4318135.693, 107
Trd, 4318137.143, 140
Trd, 4318138.943, 139
Trd, 4318139.693, 137
Trd, 4318140.343, 135
Trd, 4318141.043, 137
Trd, 4318141.943, 135
Trd, 4318141.993, 132
Trd, 4318143.393, 138
Trd, 4318143.643, 138
Trd, 4318143.743, 82
Trd, 4318144.593, 64
Trd, 4318145.843, 122
Trd, 4318147.343, 61
Trd, 4318148.293, 122
Trd, 4318148.393, 121
Trd, 4318148.693, 118
Trd, 4318149.793, 63
Trd, 4318149.893, 64
Trd, 4318149.993, 65
Trd, 4318151.143, 60
Trd, 4318152.043, 62
Trd, 4318152.343, 63
Trd, 4318154.743, 116
Trd, 4318154.793, 115
Trd, 4318154.993, 117
Trd, 4318156.043, 82
Trd, 4318156.343, 139
Trd, 4318157.543, 140
Trd, 4318157.943, 108
Trd, 4318159.143, 61
Trd, 4318159.193, 61
Trd, 4318160.293, 64
Trd, 4318160.443, 119
Trd, 4318162.193, 60
Trd, 4318162.293, 60
Trd, 4318162.343, 61
Trd, 4318162.743, 62
Trd, 4318162.993, 73
Trd, 4318164.493, 64
Trd, 4318164.693, 64
Trd, 4318164.843, 65
Trd, 4318166.993, 60
Trd, 4318167.293, 60
Trd, 4318167.643, 60
Trd, 4318167.843, 60
Trd, 4318168.393, 60
Trd, 4318169.043, 60
Trd, 4318169.393, 60
Trd, 4318169.943, 60
Trd, 4318170.643, 60
Trd, 4318171.143, 60
Trd, 4318171.943, 60
Trd, 4318173.043, 60
Trd, 4318175.043, 60
Trd, 4318175.643, 60
Trd, 4318175.743, 60
Trd, 4318176.143, 62
Trd, 4318176.193, 63
Trd, 4318176.443, 63
Trd, 4318176.993, 60
Trd, 4318177.443, 69
Trd, 4318177.843, 61
Trd, 4318178.693, 61
Trd, 4318179.243, 61
Trd, 4318181.493, 61
Trd, 4318181.793, 60
Trd, 4318182.443, 68
Trd, 4318183.093, 140
Trd, 4318183.643, 136
Trd, 4318184.893, 124
Trd, 4318185.193, 123
Trd, 4318185.293, 121
Trd, 4318186.243, 126
Trd, 4318186.643, 122
Trd, 4318188.243, 120
Trd, 4318191.243, 140
Trd, 4318191.343, 140
Trd, 4318192.143, 140
Trd, 4318192.743, 140
Trd, 4318193.693, 140
Trd, 4318195.293, 139
Trd, 4318195.893, 140
Trd, 4318197.893, 140
Trd, 4318198.943, 140
Trd, 4318199.643, 140
Trd, 4318200.493, 140
Trd, 4318200.743, 138
Trd, 4318201.943, 125
Trd, 4318202.393, 85
Trd, 4318203.093, 140
Trd, 4318204.093, 135
Trd, 4318204.343, 132
Trd, 4318204.493, 131
Trd, 4318205.043, 138
Trd, 4318206.643, 61
Trd, 4318206.893, 64
Trd, 4318207.693, 61
Trd, 4318207.893, 63
Trd, 4318208.393, 64
Trd, 4318208.943, 139
Trd, 4318209.343, 139
Trd, 4318209.543, 139
Trd, 4318209.743, 138
Trd, 4318211.143, 62
Trd, 4318211.593, 60
Trd, 4318211.643, 60
Trd, 4318212.093, 105
Trd, 4318212.543, 130
Trd, 4318214.993, 60
Trd, 4318215.393, 60
Trd, 4318215.643, 61
Trd, 4318216.093, 62
Trd, 4318217.493, 60
Trd, 4318218.043, 60
Trd, 4318218.243, 62
Trd, 4318220.093, 60
Trd, 4318220.243, 60
Trd, 4318220.443, 63
Trd, 4318221.143, 62
Trd, 4318221.693, 61
Trd, 4318221.993, 63
Trd, 4318223.843, 60
Trd, 4318223.893, 60
Trd, 4318224.143, 61
Trd, 4318224.643, 60
Trd, 4318225.543, 60
Trd, 4318225.793, 60
Trd, 4318225.943, 63
Trd, 4318226.693, 74
Trd, 4318227.143, 136
Trd, 4318227.543, 62
Trd, 4318228.093, 62
Trd, 4318228.243, 66
Trd, 4318230.543, 118
Trd, 4318231.543, 91
Trd, 4318231.843, 91
Trd, 4318233.093, 60
Trd, 4318233.593, 60
Trd, 4318233.793, 68
Trd, 4318234.043, 65
Trd, 4318234.993, 63
Trd, 4318235.843, 62
Trd, 4318236.343, 61
Trd, 4318236.493, 64
Trd, 4318237.043, 60
Trd, 4318238.693, 60
Trd, 4318239.693, 60
Trd, 4318240.043, 60
Trd, 4318240.443, 61
Trd, 4318240.543, 61
Trd, 4318240.643, 65
Trd, 4318241.343, 60
Trd, 4318242.643, 70
Trd, 4318242.943, 118
Trd, 4318244.243, 140
Trd, 4318245.643, 140
Trd, 4318246.293, 94
Trd, 4318246.943, 93
Trd, 4318247.093, 88
Trd, 4318248.143, 140
Trd, 4318248.743, 140
Trd, 4318249.543, 140
Trd, 4318252.393, 140
Trd, 4318252.593, 140
Trd, 4318252.693, 140
Trd, 4318252.893, 115
Trd, 4318255.093, 139
Trd, 4318255.393, 134
Trd, 4318256.593, 140
Trd, 4318256.693, 137
Trd, 4318256.793, 126
Trd, 4318257.793, 104
Trd, 4318258.743, 85
Trd, 4318258.993, 84
Trd, 4318259.243, 109
Trd, 4318259.393, 130
Trd, 4318259.793, 131
Trd, 4318260.243, 98
Trd, 4318261.693, 100
Trd, 4318262.393, 117
Trd, 4318262.593, 115
Trd, 4318263.243, 140
Trd, 4318264.393, 132
Trd, 4318264.843, 131
Trd, 4318265.343, 125
Trd, 4318266.393, 128
Trd, 4318267.043, 127
Trd, 4318267.293, 124
Trd, 4318267.493, 110
Trd, 4318268.593, 120
Trd, 4318268.943, 120
Trd, 4318269.193, 109
Trd, 4318269.243, 103
Trd, 4318270.043, 91
Trd, 4318270.343, 120
Trd, 4318270.443, 103
Trd, 4318271.993, 102
Trd, 4318272.593, 136
Trd, 4318273.543, 100
Trd, 4318275.243, 140
Trd, 4318275.543, 139
Trd, 4318275.693, 139
Trd, 4318276.043, 132
Trd, 4318276.543, 62
Trd, 4318278.393, 139
Trd, 4318278.943, 125
Trd, 4318279.993, 110
Trd, 4318280.243, 107
Trd, 4318281.843, 137
Trd, 4318283.043, 140
Trd, 4318283.343, 140
Trd, 4318283.443, 139
Trd, 4318284.443, 139
Trd, 4318286.043, 139
Trd, 4318286.393, 138
Trd, 4318287.693, 140
Trd, 4318288.793, 134
Trd, 4318289.743, 98
Trd, 4318289.793, 97
Trd, 4318290.593, 98
Trd, 4318290.643, 91
Trd, 4318291.243, 136
Trd, 4318291.943, 89
Trd, 4318292.043, 134
Trd, 4318293.393, 140
Trd, 4318294.393, 140
Trd, 4318294.793, 140
Trd, 4318296.493, 140
Trd, 4318296.743, 140
Trd, 4318297.043, 105
Trd, 4318297.143, 104
Trd, 4318297.793, 92
Trd, 4318298.543, 140
Trd, 4318298.593, 133
Trd, 4318298.793, 113
Trd, 4318300.093, 140
Trd, 4318300.993, 140
Trd, 4318301.993, 140
Trd, 4318303.893, 137
Trd, 4318304.893, 140
Trd, 4318305.443, 140
Trd, 4318305.693, 140
Trd, 4318307.643, 125
Trd, 4318308.193, 124
Trd, 4318308.943, 127
Trd, 4318309.343, 124
Trd, 4318310.393, 140
Trd, 4318311.143, 91
Trd, 4318311.243, 90
Trd, 4318312.543, 89
Trd, 4318313.193, 84
Trd, 4318314.293, 140
Trd, 4318315.943, 140
Trd, 4318316.443, 140
Trd, 4318316.793, 140
Trd, 4318317.543, 84
Trd, 4318318.193, 139
Trd, 4318319.743, 120
Trd, 4318320.143, 107
Trd, 4318320.793, 109
Trd, 4318321.243, 127
Trd, 4318321.793, 110
Trd, 4318321.943, 108
Trd, 4318322.093, 121
Trd, 4318323.693, 140
Trd, 4318324.493, 140
Trd, 4318325.443, 140
Trd, 4318326.543, 137
Trd, 4318326.943, 140
Trd, 4318327.093, 140
Trd, 4318327.743, 120
Trd, 4318328.193, 70
Trd, 4318328.643, 72
Trd, 4318328.793, 140
Trd, 4318329.393, 139
Trd, 4318329.543, 69
Trd, 4318331.493, 140
Trd, 4318332.593, 140
Trd, 4318332.793, 124
Trd, 4318333.293, 140
Trd, 4318334.193, 69
Trd, 4318334.593, 68
Trd, 4318335.043, 137
Trd, 4318335.943, 140
Trd, 4318335.993, 133
Trd, 4318336.143, 119
Trd, 4318339.943, 140
Trd, 4318340.043, 140
Trd, 4318340.293, 139
Trd, 4318340.493, 140
Trd, 4318342.043, 102
Trd, 4318343.143, 140
Trd, 4318343.343, 87
Trd, 4318343.593, 67
Trd, 4318345.943, 61
Trd, 4318347.043, 125
Trd, 4318347.593, 140
Trd, 4318348.443, 140
Trd, 4318348.693, 111
Trd, 4318351.043, 139
Trd, 4318351.443, 139
Trd, 4318351.493, 132
Trd, 4318351.643, 110
Trd, 4318352.193, 69
Trd, 4318353.993, 139
Trd, 4318355.143, 136
Trd, 4318355.843, 127
Trd, 4318356.743, 140
Trd, 4318357.593, 140
Trd, 4318357.893, 140
Trd, 4318358.043, 89
Trd, 4318358.943, 135
Trd, 4318359.243, 104
Trd, 4318359.393, 136
Trd, 4318360.193, 119
Trd, 4318361.993, 87
Trd, 4318362.193, 84
Trd, 4318363.043, 71
Trd, 4318363.493, 126
Trd, 4318363.693, 128
Trd, 4318364.143, 131
Trd, 4318364.293, 83
Trd, 4318365.443, 61
Trd, 4318367.193, 60
Trd, 4318367.843, 60
Trd, 4318367.993, 60
Trd, 4318368.443, 62
Trd, 4318368.643, 62
Trd, 4318368.743, 63
Trd, 4318368.893, 60
Trd, 4318369.693, 65
Trd, 4318369.943, 60
Trd, 4318370.143, 118
Trd, 4318370.843, 133
Trd, 4318371.743, 139
Trd, 4318373.243, 100
Trd, 4318373.443, 99
Trd, 4318373.993, 81
Trd, 4318375.043, 83
Trd, 4318376.393, 84
Trd, 4318377.393, 140
Trd, 4318377.593, 140
Trd, 4318378.143, 140
Trd, 4318379.043, 140
Trd, 4318379.393, 139
Trd, 4318380.043, 66
Trd, 4318380.093, 62
Trd, 4318382.743, 127
Trd, 4318383.393, 125
Trd, 4318383.493, 126
Trd, 4318383.943, 140
Trd, 4318385.093, 137
Trd, 4318385.893, 137
Trd, 4318385.943, 136
Trd, 4318386.493, 140
Trd, 4318387.943, 139
Trd, 4318388.843, 128
Trd, 4318389.793, 119
Trd, 4318390.643, 107
Trd, 4318390.993, 106
Trd, 4318391.043, 132
Trd, 4318391.943, 129
Trd, 4318392.343, 94
Trd, 4318393.293, 104
Trd, 4318393.993, 93
Trd, 4318394.193, 127
Trd, 4318395.593, 60
Trd, 4318396.443, 62
Trd, 4318397.643, 112
Trd, 4318397.743, 111
Trd, 4318398.493, 118
Trd, 4318399.393, 116
Trd, 4318399.543, 123
Trd, 4318400.393, 121
Trd, 4318401.193, 85
Trd, 4318401.643, 66
Trd, 4318401.793, 67
Trd, 4318402.543, 65
Trd, 4318403.493, 60
Trd, 4318404.643, 60
Trd, 4318404.793, 61
Trd, 4318404.943, 61
Trd, 4318405.393, 86
Trd, 4318406.443, 96
Trd, 4318406.693, 81
Trd, 4318407.793, 65
Trd, 4318409.343, 60
Trd, 4318409.443, 63
Trd, 4318409.843, 60
Trd, 4318410.643, 60
Trd, 4318411.493, 68
Trd, 4318412.093, 62
Trd, 4318412.993, 60
Trd, 4318413.593, 63
Trd, 4318413.993, 62
Trd, 4318414.943, 114
Trd, 4318415.093, 114
Trd, 4318416.843, 139
Trd, 4318417.593, 110
Trd, 4318419.693, 140
Trd, 4318419.743, 133
Trd, 4318419.793, 128
Trd, 4318420.143, 107
Trd, 4318422.293, 140
Trd, 4318422.943, 138
Trd, 4318424.143, 139
Trd, 4318424.293, 138
Trd, 4318424.393, 137
Trd, 4318424.693, 137
Trd, 4318426.743, 134
Trd, 4318427.393, 140
Trd, 4318427.943, 132
Trd, 4318428.843, 116
Trd, 4318428.893, 136
Trd, 4318430.243, 111
Trd, 4318431.693, 118
Trd, 4318431.843, 117
Trd, 4318432.143, 84
Trd, 4318432.593, 133
Trd, 4318433.093, 74
Trd, 4318433.343, 75
Trd, 4318433.443, 60
Trd, 4318434.193, 138
Trd, 4318434.493, 140
Trd, 4318435.993, 132
Trd, 4318436.343, 131
Trd, 4318437.893, 139
Trd, 4318438.143, 138
Trd, 4318439.493, 140
Trd, 4318439.793, 140
Trd, 4318440.443, 140
Trd, 4318440.593, 97
Trd, 4318441.393, 96
Trd, 4318442.343, 117
Trd, 4318443.943, 136
Trd, 4318445.193, 140
Trd, 4318445.493, 140
Trd, 4318446.543, 135
Trd, 4318447.593, 139
Trd, 4318447.843, 140
Trd, 4318448.043, 140
Trd, 4318448.493, 140
Trd, 4318449.843, 140
Trd, 4318450.243, 140
Trd, 4318451.743, 140
Trd, 4318452.143, 140
Trd, 4318454.243, 130
Trd, 4318454.693, 116
Trd, 4318455.093, 139
Trd, 4318455.443, 135
Trd, 4318455.793, 137
Trd, 4318456.243, 117
Trd, 4318456.493, 110
Trd, 4318457.043, 95
Trd, 4318458.893, 127
Trd, 4318458.993, 121
Trd, 4318459.593, 76
Trd, 4318460.443, 131
Trd, 4318460.593, 65
Trd, 4318461.393, 90
Trd, 4318462.043, 60
Trd, 4318463.593, 60
Trd, 4318463.743, 60
Trd, 4318464.193, 65
Trd, 4318464.843, 62
Trd, 4318466.343, 61
Trd, 4318466.793, 61
Trd, 4318467.143, 61
Trd, 4318468.293, 60
Trd, 4318468.643, 60
Trd, 4318470.343, 60
Trd, 4318470.693, 61
Trd, 4318471.443, 60
Trd, 4318472.293, 68
Trd, 4318473.493, 63
Trd, 4318473.543, 64
Trd, 4318473.893, 64
Trd, 4318474.893, 65
Trd, 4318476.143, 129
Trd, 4318476.943, 60
Trd, 4318477.693, 60
Trd, 4318477.993, 60
Trd, 4318479.443, 60
Trd, 4318481.093, 62
Trd, 4318481.443, 62
Trd, 4318481.793, 64
Trd, 4318483.543, 60
Trd, 4318483.793, 60
Trd, 4318483.843, 60
Trd, 4318485.343, 60
Trd, 4318487.043, 60
Trd, 4318487.343, 60
Trd, 4318488.043, 60
Trd, 4318488.643, 60
Trd, 4318489.243, 61
Trd, 4318489.343, 65
Trd, 4318490.893, 69
Trd, 4318491.343, 131
Trd, 4318491.693, 140
Trd, 4318493.293, 61
Trd, 4318493.493, 63
Trd, 4318494.943, 60
Trd, 4318495.443, 60
Trd, 4318495.543, 66
Trd, 4318497.093, 60
Trd, 4318497.593, 60
Trd, 4318497.793, 62
Trd, 4318498.593, 62
Trd, 4318499.093, 65
Trd, 4318500.943, 60
Trd, 4318501.193, 60
Trd, 4318502.443, 60
Trd, 4318504.093, 60
Trd, 4318504.143, 60
Trd, 4318504.343, 61
Trd, 4318504.443, 61
Trd, 4318504.593, 62
Trd, 4318504.893, 65
Trd, 4318505.393, 64
Trd, 4318507.293, 62
Trd, 4318507.443, 63
Trd, 4318508.143, 63
Trd, 4318508.343, 64
Trd, 4318509.393, 61
Trd, 4318510.293, 67
Trd, 4318510.543, 72
Trd, 4318510.793, 68
Trd, 4318511.243, 64
Trd, 4318512.093, 60
Trd, 4318512.643, 61
Trd, 4318513.093, 60
Trd, 4318513.443, 62
Trd, 4318513.743, 60
Trd, 4318514.043, 61
Trd, 4318514.443, 65
Trd, 4318515.543, 62
Trd, 4318516.393, 66
Trd, 4318516.493, 61
Trd, 4318516.993, 64
Trd, 4318518.243, 77
Trd, 4318518.393, 120
Trd, 4318519.093, 122
Trd, 4318519.543, 102
Trd, 4318520.243, 80
Trd, 4318521.693, 60
Trd, 4318522.243, 60
Trd, 4318523.243, 60
Trd, 4318524.993, 60
Trd, 4318526.043, 60
Trd, 4318526.643, 60
Trd, 4318526.943, 62
Trd, 4318527.143, 60
Trd, 4318527.793, 63
Trd, 4318528.543, 64
Trd, 4318529.493, 60
Trd, 4318529.793, 60
Trd, 4318530.693, 65
Trd, 4318531.093, 65
Trd, 4318532.443, 60
Trd, 4318532.543, 62
Trd, 4318532.593, 64
Trd, 4318533.093, 60
Trd, 4318533.393, 60
Trd, 4318534.393, 60
Trd, 4318534.943, 60
Trd, 4318535.243, 61
Trd, 4318535.643, 62
Trd, 4318536.593, 61
Trd, 4318536.943, 63
Trd, 4318537.743, 60
Trd, 4318539.093, 60
Trd, 4318539.143, 60
Trd, 4318540.043, 60
Trd, 4318541.893, 61
Trd, 4318543.343, 60
Trd, 4318543.543, 61
Trd, 4318544.693, 61
Trd, 4318544.893, 62
Trd, 4318545.643, 61
Trd, 4318546.193, 62
Trd, 4318546.293, 63
Trd, 4318546.643, 62
Trd, 4318547.693, 60
Trd, 4318548.043, 60
Trd, 4318549.043, 60
Trd, 4318549.143, 63
Trd, 4318550.043, 62
Trd, 4318550.343, 62
Trd, 4318550.743, 83
Trd, 4318551.443, 65
Trd, 4318552.443, 125
Trd, 4318552.843, 77
Trd, 4318553.743, 64
Trd, 4318555.043, 60
Trd, 4318555.843, 60
Trd, 4318556.443, 61
Trd, 4318556.993, 61
Trd, 4318558.293, 61
Trd, 4318558.543, 64
Trd, 4318559.093, 61
Trd, 4318559.793, 62
Trd, 4318562.093, 60
Trd, 4318562.143, 60
Trd, 4318562.993, 60
Trd, 4318563.943, 60
Trd, 4318564.343, 61
Trd, 4318564.993, 60
Trd, 4318566.093, 60
Trd, 4318566.293, 60
Trd, 4318566.443, 60
Trd, 4318567.493, 60
Trd, 4318567.643, 61
Trd, 4318568.743, 60
Trd, 4318568.793, 61
Trd, 4318568.943, 60
Trd, 4318568.993, 71
Trd, 4318570.393, 64
Trd, 4318571.643, 63
Trd, 4318574.043, 60
Trd, 4318574.143, 63
Trd, 4318574.893, 65
Trd, 4318575.443, 67
Trd, 4318576.243, 62
Trd, 4318576.693, 61
Trd, 4318577.743, 60
Trd, 4318577.843, 60
Trd, 4318578.743, 62
Trd, 4318579.393, 61
Trd, 4318579.643, 66
Trd, 4318580.293, 64
Trd, 4318580.793, 95
Trd, 4318581.493, 67
Trd, 4318581.593, 69
Trd, 4318584.043, 60
Trd, 4318584.243, 60
Trd, 4318585.393, 60
Trd, 4318585.643, 60
Trd, 4318586.043, 61
Trd, 4318586.093, 61
Trd, 4318587.743, 61
Trd, 4318589.693, 60
Trd, 4318590.243, 60
Trd, 4318591.393, 60
Trd, 4318591.693, 60
Trd, 4318593.943, 60
Trd, 4318594.193, 60
Trd, 4318595.143, 69
Trd, 4318595.943, 60
Trd, 4318596.143, 62
Trd, 4318596.393, 61
Trd, 4318596.493, 70
Trd, 4318598.243, 60
Trd, 4318598.593, 60
Trd, 4318600.693, 60
Trd, 4318600.743, 60
Trd, 4318601.443, 60
Trd, 4318601.843, 61
Trd, 4318602.943, 61
Trd, 4318603.093, 62
Trd, 4318603.343, 61
Trd, 4318603.543, 60
Trd, 4318604.043, 63
Trd, 4318604.193, 60
Trd, 4318605.543, 60
Trd, 4318606.843, 60
Trd, 4318607.293, 60
Trd, 4318607.743, 61
Trd, 4318608.093, 63
Trd, 4318608.743, 66
Trd, 4318609.343, 62
Trd, 4318609.543, 65
Trd, 4318610.043, 67
Trd, 4318610.643, 64
Trd, 4318610.793, 63
Trd, 4318612.943, 60
Trd, 4318612.993, 60
Trd, 4318613.593, 60
Trd, 4318614.143, 60
Trd, 4318616.693, 60
Trd, 4318617.193, 60
Trd, 4318617.243, 60
Trd, 4318617.893, 60
Trd, 4318618.193, 60
Trd, 4318620.293, 60
Trd, 4318620.743, 60
Trd, 4318621.493, 60
Trd, 4318622.743, 60
Trd, 4318622.793, 60
Trd, 4318622.993, 61
Trd, 4318623.743, 61
Trd, 4318624.543, 64
Trd, 4318625.593, 65
Trd, 4318625.793, 63
Trd, 4318625.893, 63
Trd, 4318626.693, 60
Trd, 4318627.143, 60
Trd, 4318627.493, 64
Trd, 4318628.993, 60
Trd, 4318629.093, 61
Trd, 4318629.643, 68
Trd, 4318629.993, 60
Trd, 4318630.543, 68
Trd, 4318630.993, 64
Trd, 4318631.543, 72
Trd, 4318633.793, 60
Trd, 4318634.193, 80
Trd, 4318634.793, 138
Trd, 4318635.593, 128
Trd, 4318636.143, 108
Trd, 4318636.843, 125
Trd, 4318637.593, 125
Trd, 4318638.843, 63
Trd, 4318639.043, 65
Trd, 4318639.443, 60
Trd, 4318639.643, 60
Trd, 4318640.193, 63
Trd, 4318640.543, 64
Trd, 4318641.443, 64
Trd, 4318641.943, 65
Trd, 4318641.993, 63
Trd, 4318642.843, 61
Trd, 4318643.543, 63
Trd, 4318644.043, 61
Trd, 4318645.643, 61
Trd, 4318646.093, 61
Trd, 4318647.143, 60
Trd, 4318648.193, 60
Trd, 4318648.393, 61
Trd, 4318648.643, 62
Trd, 4318649.043, 60
Trd, 4318649.393, 60
Trd, 4318649.743, 60
Trd, 4318649.893, 60
Trd, 4318650.393, 68
Trd, 4318650.843, 80
Trd, 4318651.943, 73
Trd, 4318652.243, 64
Trd, 4318653.543, 140
Trd, 4318653.893, 116
Trd, 4318655.393, 139
Trd, 4318655.893, 109
Trd, 4318657.543, 140
Trd, 4318658.043, 130
Trd, 4318659.393, 113
Trd, 4318659.493, 102
Trd, 4318659.993, 138
Trd, 4318660.043, 97
Trd, 4318660.643, 138
Trd, 4318661.093, 96
Trd, 4318662.293, 60
Trd, 4318663.593, 60
Trd, 4318663.843, 63
Trd, 4318664.693, 64
Trd, 4318664.993, 64
Trd, 4318665.543, 131
Trd, 4318666.293, 123
Trd, 4318666.443, 121
Trd, 4318666.993, 138
Trd, 4318668.293, 139
Trd, 4318668.493, 136
Trd, 4318669.293, 120
Trd, 4318669.443, 83
Trd, 4318670.093, 133
Trd, 4318671.343, 106
Trd, 4318673.093, 140
Trd, 4318673.143, 130
Trd, 4318673.243, 107
Trd, 4318674.943, 140
Trd, 4318674.993, 140
Trd, 4318675.393, 115
Trd, 4318677.143, 138
Trd, 4318678.343, 138
Trd, 4318678.843, 125
Trd, 4318679.543, 120
Trd, 4318680.243, 139
Trd, 4318680.993, 127
Trd, 4318681.143, 108
Trd, 4318682.343, 139
Trd, 4318682.793, 131
Trd, 4318683.543, 105
Trd, 4318684.593, 140
Trd, 4318686.743, 119
Trd, 4318686.943, 115
Trd, 4318687.093, 120
Trd, 4318687.993, 139
Trd, 4318688.293, 83
Trd, 4318689.493, 96
Trd, 4318690.493, 140
Trd, 4318691.043, 116
Trd, 4318691.143, 114
Trd, 4318692.343, 140
Trd, 4318693.093, 119
Trd, 4318693.643, 92
Trd, 4318695.293, 140
Trd, 4318695.793, 140
Trd, 4318696.193, 140
Trd, 4318697.643, 132
Trd, 4318700.693, 140
Trd, 4318701.243, 140
Trd, 4318701.393, 140
Trd, 4318701.993, 140
Trd, 4318702.193, 140
Trd, 4318702.443, 100
Trd, 4318702.993, 97
Trd, 4318704.643, 85
Trd, 4318704.793, 137
Trd, 4318705.093, 139
Trd, 4318707.193, 116
Trd, 4318707.493, 138
Trd, 4318707.843, 115
Trd, 4318708.793, 114
Trd, 4318708.943, 128
Trd, 4318710.093, 134
Trd, 4318711.643, 140
Trd, 4318712.843, 140
Trd, 4318712.993, 140
Trd, 4318714.893, 139
Trd, 4318715.343, 140
Trd, 4318715.393, 138
Trd, 4318716.893, 134
Trd, 4318717.093, 118
Trd, 4318717.643, 117
Trd, 4318717.843, 127
Trd, 4318719.293, 136
Trd, 4318719.893, 139
Trd, 4318720.943, 126
Trd, 4318721.093, 119
Trd, 4318721.143, 118
Trd, 4318721.393, 117
Trd, 4318724.293, 140
Trd, 4318724.443, 140
Trd, 4318725.543, 126
Trd, 4318725.593, 125
Trd, 4318726.843, 139
Trd, 4318727.193, 140
Trd, 4318727.543, 110
Trd, 4318727.893, 92
Trd, 4318728.993, 89
Trd, 4318730.593, 140
Trd, 4318730.743, 140
Trd, 4318731.593, 140
Trd, 4318732.493, 138
Trd, 4318733.193, 110
Trd, 4318734.543, 110
Trd, 4318734.993, 119
Trd, 4318735.093, 114
Trd, 4318735.593, 137
Trd, 4318735.893, 95
Trd, 4318737.393, 140
Trd, 4318737.593, 111
Trd, 4318740.243, 140
Trd, 4318740.993, 140
Trd, 4318741.643, 140
Trd, 4318742.143, 140
Trd, 4318743.343, 140
Trd, 4318743.493, 139
Trd, 4318744.043, 73
Trd, 4318746.043, 60
Trd, 4318746.393, 60
Trd, 4318747.243, 60
Trd, 4318747.543, 60
Trd, 4318748.093, 61
Trd, 4318749.043, 60
Trd, 4318749.693, 61
Trd, 4318749.743, 61
Trd, 4318751.243, 60
Trd, 4318751.393, 61
Trd, 4318751.543, 60
Trd, 4318751.843, 61
Trd, 4318752.343, 62
Trd, 4318753.093, 69
Trd, 4318753.943, 67
Trd, 4318755.493, 60
Trd, 4318755.793, 62
Trd, 4318756.043, 60
Trd, 4318756.143, 61
Trd, 4318756.243, 62
Trd, 4318756.893, 61
Trd, 4318759.193, 134
Trd, 4318759.793, 139
Trd, 4318759.843, 133
Trd, 4318760.493, 128
Trd, 4318761.393, 127
Trd, 4318762.843, 140
Trd, 4318763.043, 140
Trd, 4318763.793, 133
Trd, 4318764.143, 112
Trd, 4318764.843, 140
Trd, 4318765.643, 140
Trd, 4318766.493, 140
Trd, 4318768.293, 136
Trd, 4318768.993, 89
Trd, 4318770.193, 113
Trd, 4318770.243, 94
Trd, 4318770.343, 114
Trd, 4318770.743, 93
Trd, 4318770.843, 117
Trd, 4318772.043, 60
Trd, 4318772.543, 122
Trd, 4318773.193, 131
Trd, 4318773.843, 121
Trd, 4318774.293, 72
Trd, 4318775.443, 61
Trd, 4318776.043, 62
Trd, 4318776.143, 63
Trd, 4318777.593, 140
Trd, 4318777.943, 140
Trd, 4318778.643, 140
Trd, 4318778.993, 139
Trd, 4318779.393, 86
Trd, 4318779.843, 104
Trd, 4318781.693, 125
Trd, 4318782.143, 92
Trd, 4318782.743, 140
Trd, 4318783.643, 135
Trd, 4318783.693, 130
Trd, 4318785.493, 140
Trd, 4318786.793, 140
Trd, 4318786.993, 140
Trd, 4318787.093, 137
Trd, 4318788.593, 140
Trd, 4318789.743, 140
Trd, 4318790.193, 140
Trd, 4318791.043, 138
Trd, 4318791.143, 137
Trd, 4318792.893, 138
Trd, 4318793.293, 131
Trd, 4318793.693, 93
Trd, 4318793.943, 92
Trd, 4318795.293, 139
Trd, 4318797.393, 136
Trd, 4318798.443, 134
Trd, 4318799.293, 140
Trd, 4318799.393, 120
Trd, 4318799.543, 119
Trd, 4318800.943, 111
Trd, 4318801.243, 119
Trd, 4318802.243, 140
Trd, 4318803.243, 140
Trd, 4318803.643, 123
Trd, 4318804.443, 123
Trd, 4318805.593, 121
Trd, 4318806.343, 140
Trd, 4318807.293, 140
Trd, 4318807.543, 124
Trd, 4318808.493, 105
Trd, 4318809.393, 140
Trd, 4318809.643, 139
Trd, 4318810.193, 137
Trd, 4318812.343, 140
Trd, 4318813.043, 137
Trd, 4318814.943, 131
Trd, 4318815.543, 131
Trd, 4318815.643, 130
Trd, 4318817.143, 110
Trd, 4318817.343, 71
Trd, 4318817.793, 139
Trd, 4318818.993, 133
Trd, 4318821.843, 140
Trd, 4318821.893, 140
Trd, 4318822.193, 140
Trd, 4318822.443, 129
Trd, 4318822.543, 118
Trd, 4318823.143, 104
Trd, 4318824.043, 96
Trd, 4318824.243, 112
Trd, 4318825.993, 110
Trd, 4318826.493, 122
Trd, 4318826.743, 127
Trd, 4318826.793, 109
Trd, 4318828.743, 140
Trd, 4318829.293, 140
Trd, 4318830.143, 140
Trd, 4318830.893, 94
Trd, 4318832.043, 125
Trd, 4318832.143, 139
Trd, 4318833.243, 140
Trd, 4318834.443, 140
Trd, 4318835.693, 95
Trd, 4318836.543, 124
Trd, 4318836.693, 125
Trd, 4318836.743, 95
Trd, 4318836.793, 94
Trd, 4318837.193, 94
Trd, 4318837.743, 103
Trd, 4318838.193, 87
Trd, 4318838.843, 106
Trd, 4318839.943, 140
Trd, 4318840.443, 140
Trd, 4318840.543, 139
Trd, 4318841.643, 136
Trd, 4318842.593, 140
Trd, 4318842.693, 138
Trd, 4318843.593, 61
Trd, 4318844.293, 63
Trd, 4318845.693, 60
Trd, 4318845.993, 60
Trd, 4318846.843, 60
Trd, 4318848.443, 60
Trd, 4318848.743, 61
Trd, 4318848.893, 60
Trd, 4318849.643, 60
Trd, 4318850.143, 60
Trd, 4318851.543, 61
Trd, 4318852.193, 60
Trd, 4318852.393, 63
Trd, 4318852.843, 61
Trd, 4318853.043, 61
Trd, 4318854.743, 60
Trd, 4318855.143, 62
Trd, 4318856.843, 60
Trd, 4318857.993, 60
Trd, 4318858.143, 60
Trd, 4318859.993, 62
Trd, 4318860.243, 63
Trd, 4318861.743, 62
Trd, 4318861.843, 62
Trd, 4318862.043, 62
Trd, 4318862.093, 64
Trd, 4318862.343, 67
Trd, 4318863.293, 64
Trd, 4318864.893, 64
Trd, 4318865.543, 71
Trd, 4318865.743, 72
Trd, 4318866.043, 72
Trd, 4318867.493, 61
Trd, 4318867.793, 61
Trd, 4318868.243, 60
Trd, 4318868.843, 61
Trd, 4318869.693, 63
Trd, 4318871.593, 60
Trd, 4318871.693, 60
Trd, 4318871.743, 60
Trd, 4318871.993, 63
Trd, 4318872.243, 69
Trd, 4318872.593, 70
Trd, 4318873.293, 60
Trd, 4318873.443, 71
Trd, 4318875.493, 60
Trd, 4318876.193, 60
Trd, 4318876.443, 60
Trd, 4318877.893, 61
Trd, 4318878.143, 61
Trd, 4318878.193, 62
Trd, 4318878.643, 60
Trd, 4318878.743, 60
Trd, 4318879.493, 60
Trd, 4318880.143, 139
Trd, 4318880.643, 139
Trd, 4318881.543, 140
Trd, 4318882.943, 140
Trd, 4318883.993, 140
Trd, 4318884.093, 140
Trd, 4318884.643, 140
Trd, 4318884.993, 137
Trd, 4318885.543, 138
Trd, 4318885.593, 97
Trd, 4318886.943, 134
Trd, 4318887.943, 83
Trd, 4318889.343, 61
Trd, 4318889.693, 60
Trd, 4318890.393, 63
Trd, 4318890.943, 62
Trd, 4318891.243, 60
Trd, 4318892.043, 60
Trd, 4318893.343, 64
Trd, 4318893.993, 62
Trd, 4318895.243, 60
Trd, 4318895.293, 62
Trd, 4318895.993, 60
Trd, 4318896.443, 61
Trd, 4318896.793, 63
Trd, 4318897.143, 68
Trd, 4318898.443, 60
Trd, 4318900.043, 60
Trd, 4318900.693, 93
Trd, 4318901.593, 60
Trd, 4318901.943, 60
Trd, 4318903.793, 60
Trd, 4318903.943, 60
Trd, 4318904.093, 60
Trd, 4318904.393, 62
Trd, 4318904.743, 62
Trd, 4318905.643, 60
Trd, 4318905.843, 61
Trd, 4318906.643, 61
Trd, 4318906.943, 62
Trd, 4318907.293, 61
Trd, 4318908.243, 140
Trd, 4318908.693, 60
Trd, 4318909.743, 63
Trd, 4318911.093, 64
Trd, 4318911.693, 62
Trd, 4318912.693, 71
Trd, 4318913.793, 60
Trd, 4318914.293, 60
Trd, 4318914.443, 63
Trd, 4318915.143, 62
Trd, 4318915.593, 64
Trd, 4318916.093, 72
Trd, 4318916.243, 63
Trd, 4318916.843, 138
Trd, 4318917.993, 140
Trd, 4318919.243, 140
Trd, 4318919.343, 140
Trd, 4318919.593, 66
Trd, 4318920.243, 91
Trd, 4318921.193, 138
Trd, 4318922.393, 140
Trd, 4318923.243, 140
Trd, 4318923.943, 140
Trd, 4318925.343, 127
Trd, 4318926.043, 139
Trd, 4318926.643, 120
Trd, 4318928.093, 126
Trd, 4318928.193, 125
Trd, 4318928.443, 95
Trd, 4318929.993, 63
Trd, 4318930.243, 65
Trd, 4318930.443, 65
Trd, 4318930.793, 62
Trd, 4318931.643, 120
Trd, 4318931.993, 106
Trd, 4318933.743, 140
Trd, 4318934.593, 139
Trd, 4318935.593, 134
Trd, 4318935.843, 119
Trd, 4318937.693, 139
Trd, 4318938.043, 137
Trd, 4318938.493, 136
Trd, 4318938.993, 111
Trd, 4318940.193, 128
Trd, 4318941.493, 129
Trd, 4318941.743, 87
Trd, 4318942.443, 121
Trd, 4318943.043, 60
Trd, 4318943.443, 61
Trd, 4318944.143, 64
Trd, 4318944.293, 132
Trd, 4318945.643, 140
Trd, 4318946.343, 84
Trd, 4318946.893, 124
Trd, 4318947.393, 124
Trd, 4318948.043, 138
Trd, 4318948.943, 102
Trd, 4318949.493, 140
Trd, 4318949.993, 140
Trd, 4318950.443, 140
Trd, 4318951.193, 132
Trd, 4318951.593, 87
Trd, 4318952.043, 140
Trd, 4318952.843, 100
Trd, 4318954.293, 135
Trd, 4318954.493, 134
Trd, 4318956.143, 140
Trd, 4318956.393, 140
Trd, 4318958.793, 117
Trd, 4318959.043, 87
Trd, 4318959.143, 86
Trd, 4318961.293, 140
Trd, 4318962.993, 129
Trd, 4318963.093, 128
Trd, 4318964.343, 140
Trd, 4318964.443, 140
Trd, 4318965.443, 139
Trd, 4318966.193, 127
Trd, 4318966.343, 112
Trd, 4318967.093, 63
Trd, 4318967.643, 61
Trd, 4318968.493, 60
Trd, 4318968.893, 61
Trd, 4318969.243, 61
Trd, 4318969.943, 60
Trd, 4318970.443, 61
Trd, 4318970.593, 63
Trd, 4318970.743, 65
Trd, 4318970.943, 62
Trd, 4318972.343, 62
Trd, 4318974.593, 65
Trd, 4318975.143, 64
Trd, 4318975.293, 66
Trd, 4318975.343, 84
Trd, 4318976.443, 67
Trd, 4318977.043, 60
Trd, 4318977.493, 61
Trd, 4318977.843, 63
Trd, 4318977.993, 67
Trd, 4318978.243, 69
Trd, 4318978.593, 70
Trd, 4318980.493, 60
Trd, 4318980.593, 62
Trd, 4318981.243, 62
Trd, 4318981.793, 66
Trd, 4318983.193, 63
Trd, 4318983.443, 64
Trd, 4318985.043, 61
Trd, 4318985.793, 61
Trd, 4318987.443, 60
Trd, 4318987.543, 60
Trd, 4318988.143, 61
Trd, 4318989.193, 60
Trd, 4318989.493, 62
Trd, 4318989.843, 60
Trd, 4318990.343, 61
Trd, 4318991.543, 63
Trd, 4318992.393, 60
Trd, 4318992.743, 62
Trd, 4318993.793, 61
Trd, 4318994.693, 60
Trd, 4318995.343, 61
Trd, 4318995.843, 60
Trd, 4318997.643, 60
Trd, 4318998.843, 60
Trd, 4318999.593, 60
Trd, 4318999.943, 60
Trd, 4319000.043, 60
Trd, 4319000.293, 71
Trd, 4319001.443, 61
Trd, 4319001.643, 61
Trd, 4319002.043, 60
Trd, 4319002.393, 62
Trd, 4319002.793, 61
Trd, 4319004.143, 60
Trd, 4319005.193, 60
Trd, 4319005.693, 61
Trd, 4319005.893, 62
Trd, 4319006.043, 73
Trd, 4319006.843, 80
Trd, 4319007.693, 124
Trd, 4319008.843, 82
Trd, 4319009.593, 140
Trd, 4319009.643, 106
Trd, 4319010.943, 140
Trd, 4319011.493, 140
Trd, 4319011.693, 140
Trd, 4319012.893, 136
Trd, 4319013.893, 134
Trd, 4319015.193, 140
Trd, 4319016.093, 137
Trd, 4319016.543, 140
Trd, 4319016.593, 118
Trd, 4319017.493, 61
Trd, 4319018.793, 140
Trd, 4319019.143, 88
Trd, 4319020.193, 138
Trd, 4319020.293, 136
Trd, 4319021.243, 134
Trd, 4319021.493, 92
Trd, 4319021.593, 139
Trd, 4319023.043, 84
Trd, 4319023.643, 96
Trd, 4319023.993, 82
Trd, 4319024.043, 135
Trd, 4319025.543, 107
Trd, 4319026.243, 133
Trd, 4319026.693, 88
Trd, 4319028.143, 92
Trd, 4319028.443, 91
Trd, 4319029.393, 140
Trd, 4319029.443, 124
Trd, 4319031.093, 106
Trd, 4319031.793, 74
Trd, 4319032.243, 140
Trd, 4319033.043, 113
Trd, 4319034.093, 120
Trd, 4319035.093, 122
Trd, 4319035.793, 136
Trd, 4319036.143, 135
Trd, 4319036.593, 123
Trd, 4319037.643, 70
Trd, 4319038.943, 140
Trd, 4319039.243, 140
Trd, 4319039.893, 67
Trd, 4319040.693, 65
Trd, 4319041.643, 133
Trd, 4319043.343, 140
Trd, 4319044.893, 140
Trd, 4319044.993, 140
Trd, 4319045.143, 140
Trd, 4319046.093, 94
Trd, 4319046.943, 128
Trd, 4319047.543, 137
Trd, 4319047.593, 130
Trd, 4319048.843, 129
Trd, 4319048.943, 124
Trd, 4319049.943, 107
Trd, 4319050.993, 137
Trd, 4319051.693, 136
Trd, 4319052.093, 138
Trd, 4319053.243, 80
Trd, 4319053.893, 115
Trd, 4319055.143, 126
Trd, 4319056.693, 140
Trd, 4319057.043, 140
Trd, 4319059.143, 140
Trd, 4319059.193, 140
Trd, 4319059.393, 139
Trd, 4319059.743, 139
Trd, 4319060.793, 133
Trd, 4319061.593, 120
Trd, 4319062.793, 140
Trd, 4319063.743, 127
Trd, 4319063.993, 126
Trd, 4319065.593, 140
Trd, 4319067.593, 136
Trd, 4319068.243, 139
Trd, 4319068.693, 140
Trd, 4319069.993, 140
Trd, 4319070.843, 140
Trd, 4319072.443, 120
Trd, 4319073.343, 140
Trd, 4319074.043, 140
Trd, 4319074.393, 138
Trd, 4319074.943, 103
Trd, 4319075.043, 102
Trd, 4319076.443, 129
Trd, 4319076.543, 79
Trd, 4319077.393, 119
Trd, 4319077.893, 90
Trd, 4319078.293, 87
Trd, 4319079.143, 128
Trd, 4319079.493, 71
Trd, 4319079.593, 70
Trd, 4319080.493, 133
Trd, 4319081.443, 102
Trd, 4319081.643, 89
Trd, 4319082.843, 139
Trd, 4319083.193, 118
Trd, 4319086.293, 133
Trd, 4319086.343, 129
Trd, 4319086.593, 122
Trd, 4319086.693, 136
Trd, 4319087.243, 140
Trd, 4319087.443, 140
Trd, 4319088.143, 137
Trd, 4319088.593, 120
Trd, 4319088.893, 89
Trd, 4319090.043, 136
Trd, 4319090.693, 127
Trd, 4319093.993, 133
Trd, 4319094.043, 122
Trd, 4319094.743, 107
Trd, 4319094.943, 114
Trd, 4319095.643, 60
Trd, 4319095.943, 61
Trd, 4319097.793, 60
Trd, 4319098.193, 61
Trd, 4319098.443, 62
Trd, 4319099.093, 60
Trd, 4319099.493, 65
Trd, 4319100.193, 66
Trd, 4319101.043, 63
Trd, 4319101.593, 69
Trd, 4319101.843, 68
Trd, 4319102.293, 63
Trd, 4319102.893, 61
Trd, 4319103.193, 60
Trd, 4319103.343, 60
Trd, 4319104.643, 60
Trd, 4319106.493, 60
Trd, 4319106.643, 63
Trd, 4319106.943, 66
Trd, 4319107.793, 70
Trd, 4319108.193, 64
Trd, 4319108.293, 71
Trd, 4319110.393, 60
Trd, 4319111.693, 60
Trd, 4319111.943, 60
Trd, 4319113.343, 60
Trd, 4319113.543, 60
Trd, 4319113.643, 61
Trd, 4319113.743, 62
Trd, 4319114.043, 60
Trd, 4319114.393, 61
Trd, 4319114.793, 63
Trd, 4319114.943, 65
Trd, 4319116.093, 65
Trd, 4319116.743, 62
Trd, 4319117.943, 60
Trd, 4319118.093, 62
Trd, 4319118.943, 60
Trd, 4319121.093, 61
Trd, 4319121.193, 64
Trd, 4319121.243, 65
Trd, 4319123.493, 60
Trd, 4319124.893, 60
Trd, 4319124.993, 60
Trd, 4319125.093, 60
Trd, 4319125.743, 60
Trd, 4319125.793, 62
Trd, 4319125.893, 63
Trd, 4319128.343, 61
Trd, 4319128.593, 62
Trd, 4319128.893, 63
Trd, 4319128.993, 64
Trd, 4319129.593, 139
Trd, 4319130.893, 60
Trd, 4319131.593, 60
Trd, 4319133.193, 60
Trd, 4319133.393, 60
Trd, 4319134.343, 63
Trd, 4319135.143, 62
Trd, 4319135.793, 66
Trd, 4319135.943, 60
Trd, 4319136.293, 67
Trd, 4319137.093, 61
Trd, 4319137.643, 60
Trd, 4319138.543, 60
Trd, 4319139.943, 60
Trd, 4319140.493, 60
Trd, 4319140.593, 62
Trd, 4319140.943, 65
Trd, 4319141.843, 61
Trd, 4319142.193, 60
Trd, 4319142.243, 61
Trd, 4319143.093, 61
Trd, 4319144.643, 60
Trd, 4319145.543, 60
Trd, 4319145.643, 60
Trd, 4319147.293, 61
Trd, 4319147.543, 60
Trd, 4319148.393, 60
Trd, 4319148.843, 61
Trd, 4319149.143, 60
Trd, 4319149.943, 60
Trd, 4319151.293, 61
Trd, 4319152.093, 60
Trd, 4319152.143, 61
Trd, 4319152.643, 61
Trd, 4319153.443, 61
Trd, 4319153.693, 64
Trd, 4319154.843, 60
Trd, 4319156.143, 60
Trd, 4319156.593, 60
Trd, 4319156.793, 64
Trd, 4319157.343, 61
Trd, 4319157.943, 61
Trd, 4319158.943, 60
Trd, 4319159.043, 60
Trd, 4319159.343, 60
Trd, 4319159.493, 61
Trd, 4319160.893, 68
Trd, 4319162.493, 60
Trd, 4319162.943, 61
Trd, 4319163.043, 62
Trd, 4319163.143, 63
Trd, 4319163.693, 71
Trd, 4319164.393, 69
Trd, 4319164.443, 63
Trd, 4319165.193, 65
Trd, 4319165.943, 113
Trd, 4319166.593, 60
Trd, 4319167.543, 131
Trd, 4319168.293, 134
Trd, 4319169.243, 61
Trd, 4319169.643, 60
Trd, 4319169.893, 61
Trd, 4319171.443, 60
Trd, 4319172.543, 61
Trd, 4319172.593, 71
Trd, 4319174.843, 60
Trd, 4319175.743, 60
Trd, 4319176.293, 60
Trd, 4319176.393, 60
Trd, 4319177.293, 61
Trd, 4319177.443, 63
Trd, 4319178.293, 62
Trd, 4319178.493, 65
Trd, 4319178.943, 136
Trd, 4319179.343, 140
Trd, 4319180.193, 140
Trd, 4319181.193, 60
Trd, 4319182.993, 123
Trd, 4319183.593, 134
Trd, 4319183.693, 121
Trd, 4319184.493, 111
Trd, 4319184.743, 138
Trd, 4319185.793, 84
Trd, 4319186.393, 91
Trd, 4319186.793, 140
Trd, 4319186.843, 139
Trd, 4319187.243, 84
Trd, 4319187.343, 83
Trd, 4319189.143, 114
Trd, 4319189.743, 137
Trd, 4319190.443, 101
Trd, 4319191.443, 130
Trd, 4319191.543, 88
Trd, 4319193.343, 61
Trd, 4319193.593, 62
Trd, 4319194.343, 60
Trd, 4319194.593, 64
Trd, 4319195.293, 62
Trd, 4319195.543, 66
Trd, 4319196.843, 63
Trd, 4319196.993, 64
Trd, 4319197.143, 67
Trd, 4319198.893, 113
Trd, 4319199.293, 133
Trd, 4319200.043, 99
Trd, 4319200.293, 67
Trd, 4319200.393, 74
Trd, 4319201.643, 60
Trd, 4319201.793, 61
Trd, 4319202.943, 60
Trd, 4319203.293, 60
Trd, 4319203.543, 66
Trd, 4319203.993, 61
Trd, 4319205.243, 62
Trd, 4319205.993, 60
Trd, 4319207.193, 60
Trd, 4319207.393, 61
Trd, 4319207.843, 62
Trd, 4319208.293, 61
Trd, 4319208.543, 68
Trd, 4319208.593, 70
Trd, 4319209.993, 111
Trd, 4319211.043, 74
Trd, 4319211.543, 140
Trd, 4319211.993, 139
Trd, 4319212.593, 94
Trd, 4319213.593, 139
Trd, 4319215.293, 140
Trd, 4319215.543, 140
Trd, 4319215.743, 140
Trd, 4319217.143, 114
Trd, 4319218.543, 140
Trd, 4319218.593, 140
Trd, 4319219.393, 140
Trd, 4319220.493, 140
Trd, 4319221.293, 131
Trd, 4319222.543, 138
Trd, 4319222.993, 64
Trd, 4319223.293, 81
Trd, 4319224.243, 138
Trd, 4319225.543, 135
Trd, 4319226.193, 135
Trd, 4319227.493, 139
Trd, 4319227.743, 138
Trd, 4319228.243, 94
Trd, 4319228.643, 117
Trd, 4319229.443, 90
Trd, 4319230.093, 139
Trd, 4319230.793, 80
Trd, 4319232.093, 140
Trd, 4319232.393, 138
Trd, 4319233.643, 105
Trd, 4319234.493, 137
Trd, 4319235.893, 102
Trd, 4319236.543, 140
Trd, 4319236.993, 140
Trd, 4319237.143, 140
Trd, 4319238.443, 61
Trd, 4319238.943, 73
Trd, 4319239.243, 103
Trd, 4319239.343, 104
Trd, 4319240.743, 102
Trd, 4319241.543, 62
Trd, 4319241.843, 61
Trd, 4319241.893, 62
Trd, 4319243.593, 140
Trd, 4319243.943, 139
Trd, 4319244.043, 138
Trd, 4319245.093, 136
Trd, 4319246.043, 110
Trd, 4319247.243, 139
Trd, 4319247.343, 128
Trd, 4319248.043, 140
Trd, 4319249.143, 128
Trd, 4319249.493, 123
Trd, 4319250.793, 125
Trd, 4319251.793, 126
Trd, 4319252.643, 140
Trd, 4319252.743, 140
Trd, 4319253.043, 140
Trd, 4319253.693, 122
Trd, 4319255.643, 111
Trd, 4319255.943, 92
Trd, 4319256.243, 140
Trd, 4319256.793, 136
Trd, 4319256.993, 117
Trd, 4319257.593, 108
Trd, 4319259.943, 140
Trd, 4319260.593, 138
Trd, 4319260.693, 137
Trd, 4319262.843, 137
Trd, 4319263.143, 139
Trd, 4319263.943, 130
Trd, 4319264.043, 121
Trd, 4319264.893, 60
Trd, 4319265.943, 60
Trd, 4319266.043, 62
Trd, 4319267.343, 60
Trd, 4319268.393, 60
Trd, 4319268.693, 60
Trd, 4319269.043, 60
Trd, 4319270.143, 60
Trd, 4319271.443, 60
Trd, 4319271.843, 62
Trd, 4319272.193, 63
Trd, 4319272.243, 66
Trd, 4319273.593, 140
Trd, 4319273.743, 140
Trd, 4319274.043, 139
Trd, 4319274.693, 134
Trd, 4319274.843, 100
Trd, 4319275.993, 81
Trd, 4319277.243, 74
Trd, 4319277.343, 72
Trd, 4319278.393, 140
Trd, 4319280.343, 140
Trd, 4319281.343, 140
Trd, 4319281.493, 106
Trd, 4319281.743, 80
Trd, 4319282.093, 140
Trd, 4319282.543, 140
Trd, 4319283.043, 116
Trd, 4319284.493, 139
Trd, 4319284.693, 138
Trd, 4319284.793, 117
Trd, 4319284.943, 111
Trd, 4319287.443, 127
Trd, 4319287.893, 84
Trd, 4319288.143, 82
Trd, 4319288.693, 67
Trd, 4319288.743, 68
Trd, 4319289.293, 136
Trd, 4319290.193, 110
Trd, 4319290.493, 125
Trd, 4319291.693, 134
Trd, 4319292.143, 78
Trd, 4319293.343, 65
Trd, 4319294.593, 78
Trd, 4319295.143, 102
Trd, 4319295.843, 115
Trd, 4319297.043, 139
Trd, 4319298.243, 121
Trd, 4319298.393, 119
Trd, 4319298.943, 127
Trd, 4319299.243, 79
Trd, 4319299.593, 63
Trd, 4319300.743, 140
Trd, 4319301.043, 140
Trd, 4319302.993, 140
Trd, 4319303.893, 140
Trd, 4319304.993, 140
Trd, 4319306.593, 140
Trd, 4319307.243, 140
Trd, 4319307.643, 126
Trd, 4319308.043, 124
Trd, 4319308.343, 121
Trd, 4319309.343, 113
Trd, 4319310.193, 112
Trd, 4319311.743, 140
Trd, 4319312.393, 138
Trd, 4319312.693, 137
Trd, 4319313.693, 126
Trd, 4319313.893, 106
Trd, 4319315.993, 140
Trd, 4319316.293, 140
Trd, 4319316.643, 140
Trd, 4319317.043, 137
Trd, 4319317.093, 136
Trd, 4319317.193, 103
Trd, 4319318.543, 139
Trd, 4319318.843, 134
Trd, 4319320.193, 133
Trd, 4319320.593, 89
Trd, 4319321.593, 140
Trd, 4319322.143, 140
Trd, 4319323.543, 140
Trd, 4319323.643, 98
Trd, 4319324.343, 116
Trd, 4319325.143, 140
Trd, 4319325.593, 140
Trd, 4319326.843, 95
Trd, 4319327.193, 103
Trd, 4319327.593, 105
Trd, 4319328.943, 140
Trd, 4319329.043, 137
Trd, 4319329.743, 140
Trd, 4319330.243, 140
Trd, 4319331.093, 140
Trd, 4319331.493, 139
Trd, 4319332.293, 126
Trd, 4319332.993, 131
Trd, 4319334.143, 133
Trd, 4319335.293, 67
Trd, 4319336.243, 64
Trd, 4319336.843, 65
Trd, 4319338.193, 60
Trd, 4319338.293, 60
Trd, 4319339.043, 60
Trd, 4319339.693, 60
Trd, 4319340.343, 130
Trd, 4319340.443, 75
Trd, 4319340.993, 60
Trd, 4319341.643, 60
Trd, 4319341.943, 60
Trd, 4319343.043, 140
Trd, 4319343.343, 140
Trd, 4319344.243, 67
Trd, 4319345.093, 84
Trd, 4319345.443, 135
Trd, 4319346.693, 119
Trd, 4319347.593, 140
Trd, 4319348.343, 139
Trd, 4319348.743, 134
Trd, 4319349.193, 127
Trd, 4319350.693, 60
Trd, 4319351.143, 60
Trd, 4319351.293, 63
Trd, 4319352.043, 140
Trd, 4319352.993, 113
Trd, 4319355.543, 139
Trd, 4319355.593, 139
Trd, 4319356.293, 138
Trd, 4319356.543, 138
Trd, 4319357.943, 117
Trd, 4319357.993, 116
Trd, 4319358.443, 110
Trd, 4319358.843, 131
Trd, 4319359.443, 113
Trd, 4319359.743, 112
Trd, 4319360.393, 131
Trd, 4319362.043, 119
Trd, 4319362.643, 124
Trd, 4319363.093, 98
Trd, 4319363.193, 80
Trd, 4319364.293, 62
Trd, 4319364.793, 62
Trd, 4319364.993, 61
Trd, 4319365.093, 63
Trd, 4319366.243, 66
Trd, 4319366.893, 60
Trd, 4319367.193, 66
Trd, 4319367.493, 63
Trd, 4319368.893, 140
Trd, 4319369.193, 140
Trd, 4319369.593, 131
Trd, 4319370.593, 130
Trd, 4319371.693, 127
Trd, 4319372.343, 140
Trd, 4319373.593, 140
Trd, 4319374.093, 140
Trd, 4319374.493, 140
Trd, 4319374.793, 140
Trd, 4319375.343, 110
Trd, 4319377.543, 140
Trd, 4319377.593, 139
Trd, 4319378.243, 128
Trd, 4319378.843, 124
Trd, 4319379.193, 118
Trd, 4319379.293, 100
Trd, 4319379.993, 102
Trd, 4319380.843, 62
Trd, 4319380.993, 79
Trd, 4319381.043, 80
Trd, 4319382.393, 60
Trd, 4319383.993, 60
Trd, 4319384.743, 61
Trd, 4319385.493, 62
Trd, 4319386.293, 60
Trd, 4319386.493, 62
Trd, 4319387.993, 60
Trd, 4319388.093, 60
Trd, 4319388.343, 62
Trd, 4319388.543, 75
Trd, 4319388.993, 82
Trd, 4319389.893, 136
Trd, 4319390.143, 86
Trd, 4319390.493, 114
Trd, 4319391.493, 80
Trd, 4319392.443, 62
Trd, 4319392.893, 61
Trd, 4319393.693, 60
Trd, 4319394.043, 75
Trd, 4319395.343, 68
Trd, 4319395.993, 122
Trd, 4319396.693, 104
Trd, 4319397.143, 69
Trd, 4319398.243, 108
Trd, 4319398.293, 107
Trd, 4319400.643, 135
Trd, 4319401.293, 140
Trd, 4319402.193, 100
Trd, 4319402.643, 139
Trd, 4319403.543, 135
Trd, 4319403.643, 134
Trd, 4319404.393, 138
Trd, 4319405.343, 112
Trd, 4319405.993, 101
Trd, 4319406.143, 96
Trd, 4319407.843, 140
Trd, 4319408.543, 140
Trd, 4319409.393, 140
Trd, 4319410.543, 140
Trd, 4319410.593, 140
Trd, 4319412.443, 138
Trd, 4319412.693, 92
Trd, 4319412.743, 68
Trd, 4319413.493, 132
Trd, 4319414.893, 128
Trd, 4319415.343, 140
Trd, 4319416.043, 105
Trd, 4319416.443, 70
Trd, 4319418.293, 138
Trd, 4319419.443, 112
Trd, 4319420.343, 131
Trd, 4319420.743, 139
Trd, 4319421.243, 126
Trd, 4319421.743, 119
Trd, 4319422.193, 139
Trd, 4319423.143, 129
Trd, 4319423.443, 119
Trd, 4319423.493, 117
Trd, 4319424.393, 135
Trd, 4319424.643, 110
Trd, 4319425.193, 88
Trd, 4319425.793, 92
Trd, 4319426.193, 134
Trd, 4319426.543, 94
Trd, 4319427.293, 91
Trd, 4319428.393, 139
Trd, 4319429.043, 140
Trd, 4319429.893, 102
Trd, 4319431.143, 119
Trd, 4319432.543, 71
Trd, 4319432.893, 93
Trd, 4319433.943, 140
Trd, 4319435.443, 140
Trd, 4319435.643, 139
Trd, 4319436.543, 131
Trd, 4319437.443, 138
Trd, 4319438.043, 131
Trd, 4319438.293, 130
Trd, 4319439.843, 138
Trd, 4319441.193, 137
Trd, 4319441.393, 136
Trd, 4319442.143, 138
Trd, 4319442.693, 106
Trd, 4319442.893, 137
Trd, 4319443.793, 93
Trd, 4319444.843, 140
Trd, 4319444.943, 139
Trd, 4319446.693, 140
Trd, 4319447.593, 139
Trd, 4319449.143, 140
Trd, 4319449.793, 140
Trd, 4319449.893, 140
Trd, 4319450.893, 127
Trd, 4319452.593, 140
Trd, 4319453.743, 140
Trd, 4319454.843, 140
Trd, 4319455.093, 140
Trd, 4319455.543, 100
Trd, 4319456.593, 133
Trd, 4319457.543, 126
Trd, 4319457.593, 125
Trd, 4319458.043, 121
Trd, 4319460.693, 140
Trd, 4319461.143, 139
Trd, 4319461.243, 121
Trd, 4319462.043, 104
Trd, 4319462.893, 133
Trd, 4319463.593, 112
Trd, 4319463.793, 68
Trd, 4319464.793, 61
Trd, 4319465.893, 63
Trd, 4319465.993, 67
Trd, 4319466.893, 61
Trd, 4319467.043, 61
Trd, 4319467.343, 60
Trd, 4319467.743, 61
Trd, 4319468.493, 62
Trd, 4319469.793, 60
Trd, 4319470.993, 71
Trd, 4319471.243, 72
Trd, 4319472.193, 63
Trd, 4319472.893, 102
Trd, 4319473.393, 131
Trd, 4319474.093, 118
Trd, 4319474.743, 118
Trd, 4319475.793, 119
Trd, 4319476.343, 128
Trd, 4319476.493, 140
Trd, 4319477.393, 126
Trd, 4319478.093, 63
Trd, 4319479.743, 78
Trd, 4319480.093, 90
Trd, 4319480.493, 139
Trd, 4319481.893, 138
Trd, 4319482.193, 120
Trd, 4319482.343, 119
Trd, 4319482.593, 117
Trd, 4319482.793, 100
Trd, 4319482.993, 139
Trd, 4319483.743, 100
Trd, 4319484.043, 99
Trd, 4319484.943, 74
Trd, 4319485.893, 133
Trd, 4319486.293, 89
Trd, 4319486.893, 140
Trd, 4319489.643, 140
Trd, 4319490.593, 140
Trd, 4319490.843, 140
Trd, 4319491.693, 140
Trd, 4319493.243, 140
Trd, 4319493.693, 140
Trd, 4319494.043, 140
Trd, 4319494.593, 140
Trd, 4319495.193, 140
Trd, 4319495.993, 75
Trd, 4319497.943, 136
Trd, 4319499.243, 140
Trd, 4319499.893, 140
Trd, 4319500.743, 140
Trd, 4319500.893, 131
Trd, 4319501.343, 131
Trd, 4319502.193, 122
Trd, 4319502.743, 122
Trd, 4319502.843, 130
Trd, 4319503.443, 121
Trd, 4319504.393, 107
Trd, 4319505.593, 129
Trd, 4319505.993, 98
Trd, 4319507.293, 60
Trd, 4319508.493, 60
Trd, 4319508.693, 60
Trd, 4319509.393, 62
Trd, 4319510.143, 63
Trd, 4319510.543, 60
Trd, 4319511.393, 62
Trd, 4319511.593, 60
Trd, 4319512.093, 63
Trd, 4319513.593, 66
Trd, 4319514.693, 130
Trd, 4319514.843, 99
Trd, 4319515.093, 126
Trd, 4319515.693, 67
Trd, 4319516.243, 139
Trd, 4319516.893, 140
Trd, 4319517.343, 118
Trd, 4319517.893, 117
Trd, 4319518.193, 76
Trd, 4319519.593, 77
Trd, 4319520.943, 121
Trd, 4319521.643, 91
Trd, 4319521.793, 103
Trd, 4319522.393, 121
Trd, 4319522.843, 89
Trd, 4319524.643, 140
Trd, 4319525.343, 140
Trd, 4319525.693, 140
Trd, 4319526.293, 134
Trd, 4319526.343, 128
Trd, 4319527.043, 110
Trd, 4319527.193, 102
Trd, 4319528.393, 140
Trd, 4319528.493, 140
Trd, 4319528.943, 140
Trd, 4319529.293, 139
Trd, 4319529.943, 61
Trd, 4319531.543, 140
Trd, 4319532.343, 140
Trd, 4319532.493, 139
Trd, 4319533.843, 117
Trd, 4319534.293, 76
Trd, 4319534.493, 77
Trd, 4319534.893, 136
Trd, 4319535.143, 109
Trd, 4319536.593, 127
Trd, 4319537.993, 110
Trd, 4319538.543, 139
Trd, 4319539.043, 97
Trd, 4319540.243, 137
Trd, 4319540.543, 127
Trd, 4319541.043, 122
Trd, 4319541.693, 109
Trd, 4319542.693, 119
Trd, 4319543.243, 140
Trd, 4319543.793, 140
Trd, 4319543.943, 140
Trd, 4319546.143, 128
Trd, 4319546.643, 138
Trd, 4319547.693, 140
Trd, 4319548.693, 140
Trd, 4319548.743, 80
Trd, 4319549.293, 74
Trd, 4319551.443, 60
Trd, 4319552.043, 60
Trd, 4319552.443, 61
Trd, 4319552.543, 62
Trd, 4319552.893, 63
Trd, 4319554.343, 60
Trd, 4319555.593, 60
Trd, 4319556.643, 61
Trd, 4319557.193, 62
Trd, 4319558.243, 60
Trd, 4319558.293, 60
Trd, 4319558.443, 62
Trd, 4319559.193, 66
Trd, 4319560.893, 140
Trd, 4319561.843, 140
Trd, 4319561.993, 140
Trd, 4319562.343, 140
Trd, 4319563.043, 106
Trd, 4319563.343, 122
Trd, 4319564.543, 140
Trd, 4319565.093, 140
Trd, 4319565.143, 85
Trd, 4319566.043, 85
Trd, 4319567.843, 137
Trd, 4319568.143, 136
Trd, 4319568.443, 140
Trd, 4319568.893, 115
Trd, 4319569.293, 114
Trd, 4319570.443, 96
Trd, 4319571.793, 109
Trd, 4319572.543, 140
Trd, 4319574.793, 140
Trd, 4319574.843, 139
Trd, 4319575.643, 140
Trd, 4319575.893, 134
Trd, 4319576.493, 116
Trd, 4319576.843, 115
Trd, 4319578.793, 138
Trd, 4319578.943, 137
Trd, 4319579.293, 127
Trd, 4319580.143, 140
Trd, 4319581.893, 119
Trd, 4319581.943, 118
Trd, 4319582.493, 137
Trd, 4319582.893, 118
Trd, 4319583.093, 136
Trd, 4319583.343, 115
Trd, 4319584.043, 133
Trd, 4319584.243, 95
Trd, 4319585.593, 107
Trd, 4319586.043, 116
Trd, 4319587.693, 140
Trd, 4319588.143, 140
Trd, 4319589.093, 123
Trd, 4319589.243, 121
Trd, 4319589.843, 95
Trd, 4319590.593, 136
Trd, 4319592.093, 140
Trd, 4319592.393, 139
Trd, 4319594.643, 140
Trd, 4319594.893, 140
Trd, 4319595.043, 140
Trd, 4319595.593, 139
Trd, 4319596.693, 140
Trd, 4319596.943, 131
Trd, 4319597.743, 99
Trd, 4319598.293, 107
Trd, 4319598.843, 93
Trd, 4319600.293, 138
Trd, 4319601.393, 137
Trd, 4319602.993, 140
Trd, 4319603.243, 139
Trd, 4319603.543, 110
Trd, 4319604.743, 110
Trd, 4319605.943, 70
Trd, 4319606.243, 140
Trd, 4319606.343, 140
Trd, 4319607.643, 100
Trd, 4319608.543, 121
Trd, 4319609.043, 139
Trd, 4319610.093, 96
Trd, 4319610.793, 76
Trd, 4319611.243, 78
Trd, 4319611.843, 102
Trd, 4319612.443, 69
Trd, 4319614.243, 62
Trd, 4319614.993, 140
Trd, 4319615.643, 138
Trd, 4319616.293, 139
Trd, 4319616.743, 86
Trd, 4319617.793, 89
Trd, 4319618.593, 140
Trd, 4319618.693, 85
Trd, 4319619.443, 129
Trd, 4319619.643, 124
Trd, 4319621.243, 140
Trd, 4319621.643, 140
Trd, 4319623.543, 140
Trd, 4319623.793, 140
Trd, 4319624.393, 125
Trd, 4319625.393, 140
Trd, 4319625.493, 140
Trd, 4319625.993, 140
Trd, 4319628.243, 140
Trd, 4319628.493, 140
Trd, 4319628.943, 137
Trd, 4319628.993, 98
Trd, 4319629.693, 120
Trd, 4319631.243, 138
Trd, 4319631.393, 133
Trd, 4319632.043, 116
Trd, 4319633.443, 137
Trd, 4319634.143, 140
Trd, 4319634.493, 139
Trd, 4319634.543, 137
Trd, 4319635.343, 63
Trd, 4319636.193, 68
Trd, 4319637.443, 122
Trd, 4319637.993, 131
Trd, 4319638.993, 123
Trd, 4319639.793, 139
Trd, 4319640.893, 140
Trd, 4319641.843, 140
Trd, 4319642.193, 140
Trd, 4319642.443, 135
Trd, 4319643.893, 110
Trd, 4319644.893, 137
Trd, 4319645.443, 138
Trd, 4319645.593, 97
Trd, 4319645.693, 123
Trd, 4319647.193, 60
Trd, 4319647.443, 60
Trd, 4319648.593, 61
Trd, 4319648.993, 63
Trd, 4319649.193, 63
Trd, 4319649.393, 64
Trd, 4319650.343, 67
Trd, 4319651.543, 61
Trd, 4319651.993, 60
Trd, 4319652.443, 62
Trd, 4319652.543, 62
Trd, 4319653.193, 66
Trd, 4319653.693, 68
Trd, 4319654.793, 140
Trd, 4319655.843, 140
Trd, 4319656.743, 140
Trd, 4319656.793, 106
Trd, 4319658.993, 140
Trd, 4319659.743, 139
Trd, 4319660.443, 128
Trd, 4319660.993, 126
Trd, 4319662.893, 140
Trd, 4319663.443, 140
Trd, 4319663.643, 91
Trd, 4319664.693, 140
Trd, 4319665.193, 140
Trd, 4319665.893, 140
Trd, 4319667.493, 140
Trd, 4319667.693, 140
Trd, 4319667.843, 136
Trd, 4319668.143, 127
Trd, 4319669.393, 130
Trd, 4319669.593, 104
Trd, 4319671.043, 110
Trd, 4319671.393, 119
Trd, 4319671.793, 131
Trd, 4319672.893, 106
Trd, 4319673.293, 116
Trd, 4319673.593, 127
Trd, 4319674.343, 108
Trd, 4319674.743, 126
Trd, 4319676.493, 140
Trd, 4319676.943, 140
Trd, 4319678.243, 138
Trd, 4319679.143, 99
Trd, 4319679.843, 133
Trd, 4319682.043, 140
Trd, 4319682.093, 116
Trd, 4319682.243, 115
Trd, 4319683.043, 112
Trd, 4319683.143, 73
Trd, 4319684.443, 140
Trd, 4319686.143, 137
Trd, 4319686.193, 136
Trd, 4319686.593, 100
Trd, 4319687.593, 101
Trd, 4319688.643, 125
Trd, 4319689.943, 87
Trd, 4319691.393, 140
Trd, 4319691.543, 135
Trd, 4319691.593, 101
Trd, 4319692.743, 101
Trd, 4319693.343, 134
Trd, 4319694.543, 135
Trd, 4319695.293, 122
Trd, 4319696.393, 121
Trd, 4319696.943, 81
Trd, 4319697.993, 139
Trd, 4319698.093, 132
Trd, 4319698.643, 96
Trd, 4319699.543, 77
Trd, 4319699.793, 77
Trd, 4319701.393, 140
Trd, 4319702.093, 140
Trd, 4319702.843, 128
Trd, 4319703.443, 112
Trd, 4319705.993, 140
Trd, 4319706.243, 139
Trd, 4319706.293, 138
Trd, 4319708.193, 115
Trd, 4319709.493, 140
Trd, 4319709.643, 140
Trd, 4319709.993, 123
Trd, 4319710.293, 115
Trd, 4319711.993, 75
Trd, 4319712.193, 74
Trd, 4319712.393, 75
Trd, 4319712.943, 75
Trd, 4319713.043, 61
Trd, 4319713.993, 60
Trd, 4319714.593, 60
Trd, 4319714.793, 62
Trd, 4319716.543, 101
Trd, 4319716.793, 67
Trd, 4319717.043, 101
Trd, 4319718.543, 64
Trd, 4319718.643, 65
Trd, 4319719.243, 139
Trd, 4319720.143, 62
Trd, 4319720.543, 135
Trd, 4319721.193, 139
Trd, 4319722.343, 67
Trd, 4319722.793, 69
Trd, 4319723.143, 70
Trd, 4319724.643, 102
Trd, 4319725.343, 134
Trd, 4319725.893, 103
Trd, 4319726.093, 101
Trd, 4319726.993, 109
Trd, 4319728.443, 140
Trd, 4319728.993, 140
Trd, 4319729.043, 117
Trd, 4319731.343, 140
Trd, 4319731.543, 139
Trd, 4319731.593, 139
Trd, 4319732.493, 140
Trd, 4319733.743, 140
Trd, 4319734.093, 140
Trd, 4319734.293, 140
Trd, 4319735.643, 140
Trd, 4319736.343, 136
Trd, 4319736.793, 88
Trd, 4319738.593, 62
Trd, 4319739.093, 140
Trd, 4319739.743, 140
Trd, 4319740.093, 140
Trd, 4319742.293, 129
Trd, 4319742.543, 133
Trd, 4319742.743, 132
Trd, 4319743.143, 140
Trd, 4319745.393, 139
Trd, 4319746.243, 134
Trd, 4319746.743, 134
Trd, 4319748.243, 140
Trd, 4319748.693, 138
Trd, 4319749.093, 129
Trd, 4319749.443, 123
Trd, 4319750.693, 133
Trd, 4319750.843, 112
Trd, 4319751.993, 90
Trd, 4319752.093, 89
Trd, 4319752.293, 88
Trd, 4319752.993, 105
Trd, 4319753.193, 105
Trd, 4319753.693, 82
Trd, 4319754.393, 67
Trd, 4319754.593, 68
Trd, 4319755.393, 128
Trd, 4319755.993, 80
Trd, 4319756.993, 79
Trd, 4319758.093, 122
Trd, 4319758.543, 137
Trd, 4319759.143, 62
Trd, 4319759.643, 61
Trd, 4319760.593, 60
Trd, 4319760.793, 60
Trd, 4319761.293, 60
Trd, 4319762.043, 61
Trd, 4319762.843, 60
Trd, 4319762.893, 60
Trd, 4319763.193, 62
Trd, 4319763.543, 63
Trd, 4319763.643, 65
Trd, 4319765.393, 60
Trd, 4319765.643, 62
Trd, 4319766.293, 61
Trd, 4319766.543, 64
Trd, 4319766.843, 69
Trd, 4319767.943, 140
Trd, 4319768.143, 64
Trd, 4319770.043, 103
Trd, 4319770.243, 101
Trd, 4319771.193, 72
Trd, 4319771.493, 140
Trd, 4319771.593, 91
Trd, 4319772.343, 140
Trd, 4319772.943, 138
Trd, 4319774.493, 135
Trd, 4319775.043, 125
Trd, 4319776.443, 139
Trd, 4319778.793, 140
Trd, 4319778.993, 140
Trd, 4319779.443, 140
Trd, 4319780.143, 140
Trd, 4319780.643, 113
Trd, 4319780.693, 88
Trd, 4319781.243, 65
Trd, 4319782.293, 136
Trd, 4319782.793, 107
Trd, 4319783.343, 91
Trd, 4319786.093, 140
Trd, 4319786.143, 140
Trd, 4319787.593, 111
Trd, 4319788.243, 120
Trd, 4319789.593, 138
Trd, 4319789.693, 83
Trd, 4319790.293, 87
Trd, 4319791.393, 139
Trd, 4319792.743, 138
Trd, 4319792.993, 96
Trd, 4319793.793, 139
Trd, 4319793.843, 137
Trd, 4319794.043, 125
Trd, 4319796.743, 140
Trd, 4319797.543, 140
Trd, 4319797.943, 140
Trd, 4319798.493, 109
Trd, 4319798.793, 132
Trd, 4319798.843, 136
Trd, 4319799.943, 113
Trd, 4319800.143, 91
Trd, 4319800.793, 63
Trd, 4319802.243, 112
Trd, 4319802.793, 120
Trd, 4319804.293, 140
Trd, 4319804.493, 140
Trd, 4319804.643, 139
Trd, 4319805.443, 61
Trd, 4319806.343, 121
Trd, 4319806.643, 84
Trd, 4319809.143, 140
Trd, 4319809.193, 140
Trd, 4319809.843, 139
Trd, 4319810.293, 137
Trd, 4319810.543, 117
Trd, 4319812.093, 140
Trd, 4319813.043, 140
Trd, 4319813.243, 138
Trd, 4319813.293, 100
Trd, 4319814.793, 102
Trd, 4319814.843, 101
Trd, 4319815.343, 124
Trd, 4319816.593, 140
Trd, 4319817.743, 140
Trd, 4319818.743, 140
Trd, 4319819.043, 140
Trd, 4319821.593, 140
Trd, 4319821.993, 140
Trd, 4319822.393, 139
Trd, 4319823.243, 140
Trd, 4319823.943, 139
Trd, 4319824.243, 137
Trd, 4319824.843, 98
Trd, 4319825.793, 139
Trd, 4319826.643, 60
Trd, 4319826.693, 62
Trd, 4319827.293, 61
Trd, 4319829.643, 140
Trd, 4319829.943, 140
Trd, 4319830.093, 140
Trd, 4319830.343, 135
Trd, 4319830.843, 134
Trd, 4319831.893, 138
Trd, 4319833.643, 140
Trd, 4319834.193, 139
Trd, 4319834.243, 135
Trd, 4319835.343, 140
Trd, 4319835.693, 140
Trd, 4319837.693, 140
Trd, 4319839.243, 140
Trd, 4319839.993, 140
Trd, 4319841.143, 139
Trd, 4319841.493, 135
Trd, 4319841.843, 134
Trd, 4319842.743, 112
Trd, 4319843.543, 131
Trd, 4319843.993, 133
Trd, 4319845.193, 138
Trd, 4319845.493, 137
Trd, 4319846.043, 138
Trd, 4319846.093, 92
Trd, 4319846.643, 92
Trd, 4319847.343, 79
Trd, 4319849.443, 109
Trd, 4319851.143, 140
Trd, 4319851.843, 140
Trd, 4319851.893, 140
Trd, 4319852.293, 138
Trd, 4319852.593, 96
Trd, 4319852.743, 88
Trd, 4319853.643, 63
Trd, 4319854.643, 60
Trd, 4319855.043, 61
Trd, 4319855.343, 68
Trd, 4319856.043, 133
Trd, 4319856.543, 126
Trd, 4319857.643, 129
Trd, 4319857.893, 128
Trd, 4319858.993, 140
Trd, 4319859.093, 140
Trd, 4319860.043, 140
Trd, 4319860.593, 89
Trd, 4319861.343, 86
Trd, 4319863.243, 71
Trd, 4319863.793, 76
Trd, 4319864.543, 140
Trd, 4319865.543, 140
Trd, 4319865.593, 115
Trd, 4319866.943, 134
Trd, 4319867.843, 137
Trd, 4319868.593, 140
Trd, 4319871.443, 140
Trd, 4319871.843, 140
Trd, 4319872.043, 140
Trd, 4319872.893, 140
Trd, 4319873.093, 132
Trd, 4319873.543, 131
Trd, 4319875.093, 137
Trd, 4319875.543, 137
Trd, 4319875.893, 116
Trd, 4319877.043, 140
Trd, 4319877.643, 140
Trd, 4319879.693, 140
Trd, 4319879.843, 139
Trd, 4319881.443, 122
Trd, 4319881.493, 106
Trd, 4319882.043, 108
Trd, 4319882.143, 136
Trd, 4319882.493, 81
Trd, 4319884.043, 134
Trd, 4319884.443, 65
Trd, 4319885.443, 62
Trd, 4319885.893, 61
Trd, 4319886.193, 62
Trd, 4319886.993, 60
Trd, 4319888.193, 61
Trd, 4319888.993, 140
Trd, 4319889.543, 140
Trd, 4319890.893, 140
Trd, 4319891.643, 140
Trd, 4319891.793, 140
Trd, 4319892.593, 139
Trd, 4319893.843, 139
Trd, 4319894.193, 138
Trd, 4319894.743, 82
Trd, 4319895.243, 120
Trd, 4319896.693, 140
Trd, 4319897.143, 140
Trd, 4319898.943, 140
Trd, 4319899.793, 140
Trd, 4319900.443, 139
Trd, 4319900.593, 138
Trd, 4319901.343, 140
Trd, 4319901.393, 137
Trd, 4319901.643, 100
Trd, 4319902.343, 66
Trd, 4319902.743, 123
Trd, 4319903.843, 139
Trd, 4319904.443, 126
Trd, 4319905.043, 136
Trd, 4319905.293, 135
Trd, 4319905.393, 131
Trd, 4319906.343, 128
Trd, 4319907.093, 60
Trd, 4319907.193, 61
Trd, 4319908.643, 139
Trd, 4319909.093, 139
Trd, 4319909.643, 136
Trd, 4319911.893, 140
Trd, 4319912.393, 140
Trd, 4319913.543, 140
Trd, 4319913.693, 140
Trd, 4319913.743, 131
Trd, 4319914.643, 140
Trd, 4319915.993, 113
Trd, 4319916.943, 136
Trd, 4319917.193, 109
Trd, 4319918.093, 98
Trd, 4319918.393, 93
Trd, 4319919.293, 140
Trd, 4319921.343, 140
Trd, 4319922.993, 140
Trd, 4319923.193, 140
Trd, 4319923.393, 140
Trd, 4319923.993, 125
Trd, 4319924.293, 140
Trd, 4319925.093, 133
Trd, 4319925.143, 89
Trd, 4319925.493, 75
Trd, 4319926.843, 140
Trd, 4319926.993, 140
Trd, 4319928.743, 140
Trd, 4319929.193, 140
Trd, 4319929.543, 140
Trd, 4319930.893, 136
Trd, 4319931.393, 140
Trd, 4319931.443, 139
Trd, 4319931.793, 105
Trd, 4319932.193, 104
Trd, 4319932.543, 109
Trd, 4319934.043, 66
Trd, 4319935.243, 132
Trd, 4319935.493, 132
Trd, 4319935.643, 128
Trd, 4319936.843, 123
Trd, 4319937.793, 140
Trd, 4319938.443, 139
Trd, 4319938.543, 138
Trd, 4319938.693, 64
Trd, 4319940.693, 120
Trd, 4319940.743, 125
Trd, 4319941.043, 133
Trd, 4319941.293, 132
Trd, 4319942.493, 140
Trd, 4319943.843, 140
Trd, 4319943.893, 91
Trd, 4319944.693, 100
Trd, 4319945.243, 97
Trd, 4319946.593, 116
Trd, 4319947.743, 140
Trd, 4319948.243, 140
Trd, 4319949.043, 118
Trd, 4319949.743, 107
Trd, 4319950.693, 139
Trd, 4319951.343, 137
Trd, 4319954.093, 140
Trd, 4319954.243, 140
Trd, 4319954.793, 140
Trd, 4319954.943, 139
Trd, 4319955.043, 136
Trd, 4319955.243, 112
Trd, 4319956.643, 133
Trd, 4319957.043, 70
Trd, 4319957.243, 68
Trd, 4319957.693, 61
Trd, 4319957.843, 62
Trd, 4319958.193, 64
Trd, 4319960.543, 60
Trd, 4319961.393, 60
Trd, 4319961.593, 62
Trd, 4319962.293, 63
Trd, 4319963.143, 60
Trd, 4319963.843, 60
Trd, 4319964.393, 61
Trd, 4319965.643, 60
Trd, 4319966.393, 60
Trd, 4319966.443, 60
Trd, 4319966.643, 62
Trd, 4319967.143, 62
Trd, 4319968.043, 60
Trd, 4319968.793, 60
Trd, 4319968.993, 63
Trd, 4319969.243, 61
Trd, 4319970.343, 61
Trd, 4319970.843, 64
Trd, 4319971.193, 64
Trd, 4319971.743, 62
Trd, 4319972.143, 140
Trd, 4319974.443, 62
Trd, 4319974.943, 60
Trd, 4319975.143, 60
Trd, 4319975.193, 62
Trd, 4319976.243, 67
Trd, 4319977.543, 60
Trd, 4319977.693, 62
Trd, 4319977.793, 72
Trd, 4319979.093, 60
Trd, 4319979.193, 60
Trd, 4319979.993, 62
Trd, 4319980.143, 60
Trd, 4319981.093, 60
Trd, 4319981.693, 60
Trd, 4319982.093, 61
Trd, 4319983.443, 60
Trd, 4319984.843, 60
Trd, 4319985.243, 60
Trd, 4319986.143, 60
Trd, 4319986.993, 60
Trd, 4319987.843, 66
Trd, 4319987.893, 60
Trd, 4319988.443, 67
Trd, 4319988.593, 63
Trd, 4319989.543, 73
Trd, 4319989.793, 62
Trd, 4319990.493, 60
Trd, 4319990.543, 61
Trd, 4319991.093, 66
Trd, 4319992.143, 140
Trd, 4319992.843, 140
Trd, 4319993.443, 61
Trd, 4319993.943, 121
Trd, 4319995.743, 62
Trd, 4319995.793, 63
Trd, 4319995.993, 63
Trd, 4319996.043, 64
Trd, 4319996.543, 98
Trd, 4319997.893, 60
Trd, 4319998.693, 60
