Trd, 4318042.943, 106
Trd, 4318044.593, 68
Trd, 4318045.043, 60
Trd, 4318046.493, 140
Trd, 4318046.943, 140
Trd, 4318047.693, 140
Trd, 4318049.793, 140
Trd, 4318050.093, 140
Trd, 4318050.943, 140
Trd, 4318051.793, 140
Trd, 4318052.143, 140
Trd, 4318053.293, 140
Trd, 4318053.493, 140
Trd, 4318054.743, 140
Trd, 4318055.493, 140
Trd, 4318057.243, 140
Trd, 4318057.493, 140
Trd, 4318057.943, 139
Trd, 4318059.693, 140
Trd, 4318059.893, 139
Trd, 4318060.193, 92
Trd, 4318060.643, 81
Trd, 4318060.693, 75
Trd, 4318062.693, 140
Trd, 4318064.543, 140
Trd, 4318065.043, 140
Trd, 4318065.193, 129
Trd, 4318066.043, 138
Trd, 4318066.143, 121
Trd, 4318066.343, 106
Trd, 4318066.893, 61
Trd, 4318066.943, 111
Trd, 4318068.143, 140
Trd, 4318068.643, 140
Trd, 4318070.693, 140
Trd, 4318072.343, 140
Trd, 4318072.443, 140
Trd, 4318073.943, 139
Trd, 4318075.043, 138
Trd, 4318075.493, 94
Trd, 4318075.643, 83
Trd, 4318077.893, 131
Trd, 4318078.543, 118
Trd, 4318078.993, 131
Trd, 4318079.243, 131
Trd, 4318079.643, 102
Trd, 4318080.893, 70
Trd, 4318081.243, 91
Trd, 4318081.393, 90
Trd, 4318084.143, 140
Trd, 4318084.343, 140
Trd, 4318084.543, 140
Trd, 4318085.343, 140
Trd, 4318085.743, 140
Trd, 4318086.943, 136
Trd, 4318089.043, 124
Trd, 4318089.993, 137
Trd, 4318090.843, 140
Trd, 4318092.393, 140
Trd, 4318092.443, 140
Trd, 4318092.543, 140
Trd, 4318093.993, 140
Trd, 4318094.093, 140
Trd, 4318094.793, 139
Trd, 4318094.993, 125
Trd, 4318095.193, 136
Trd, 4318095.693, 127
Trd, 4318097.293, 128
Trd, 4318098.643, 113
Trd, 4318099.043, 112
Trd, 4318099.743, 140
Trd, 4318100.443, 140
Trd, 4318100.543, 139
Trd, 4318100.793, 137
Trd, 4318101.493, 114
Trd, 4318102.193, 87
Trd, 4318103.893, 88
Trd, 4318103.943, 87
Trd, 4318104.243, 108
Trd, 4318107.243, 140
Trd, 4318108.243, 140
Trd, 4318108.543, 140
Trd, 4318108.793, 139
Trd, 4318110.343, 139
Trd, 4318110.443, 139
Trd, 4318111.893, 127
Trd, 4318114.643, 140
Trd, 4318115.193, 140
Trd, 4318115.343, 140
Trd, 4318116.243, 140
Trd, 4318117.193, 140
Trd, 4318117.593, 140
Trd, 4318118.843, 140
Trd, 4318119.293, 140
Trd, 4318120.893, 137
Trd, 4318121.493, 106
Trd, 4318122.393, 140
Trd, 4318122.643, 139
Trd, 4318122.743, 118
Trd, 4318123.493, 82
Trd, 4318124.743, 91
Trd, 4318124.943, 130
Trd, 4318125.593, 69
Trd, 4318126.043, 70
Trd, 4318129.043, 127
Trd, 4318129.293, 103
Trd, 4318129.343, 114
Trd, 4318129.393, 101
Trd, 4318130.243, 134
Trd, 4318130.843, 128
Trd, 4318132.093, 140
Trd, 4318132.343, 140
Trd, 4318133.443, 108
Trd, 4318133.843, 106
Trd, 4318135.193, 117
Trd, 4318135.443, 93
Trd, 4318135.843, 129
Trd, 4318135.943, 92
Trd, 4318137.193, 63
Trd, 4318138.443, 114
Trd, 4318139.443, 66
Trd, 4318139.643, 65
Trd, 4318140.943, 120
Trd, 4318141.693, 105
Trd, 4318142.643, 140
Trd, 4318143.493, 130
Trd, 4318143.543, 115
Trd, 4318143.993, 90
Trd, 4318145.593, 127
Trd, 4318146.743, 122
Trd, 4318147.943, 99
Trd, 4318148.743, 113
Trd, 4318148.893, 99
Trd, 4318149.343, 129
Trd, 4318149.693, 99
Trd, 4318150.893, 129
Trd, 4318151.293, 106
Trd, 4318152.743, 140
Trd, 4318153.793, 140
Trd, 4318154.343, 139
Trd, 4318154.593, 139
Trd, 4318155.743, 139
Trd, 4318156.043, 121
Trd, 4318158.743, 140
Trd, 4318160.343, 140
Trd, 4318161.143, 140
Trd, 4318161.643, 87
Trd, 4318161.693, 119
Trd, 4318163.743, 87
Trd, 4318163.943, 98
Trd, 4318164.943, 63
Trd, 4318165.293, 94
Trd, 4318166.093, 64
Trd, 4318166.893, 76
Trd, 4318167.143, 88
Trd, 4318167.543, 77
Trd, 4318169.843, 140
Trd, 4318170.493, 140
Trd, 4318171.443, 119
Trd, 4318171.643, 113
Trd, 4318172.443, 91
Trd, 4318173.843, 140
Trd, 4318173.943, 140
Trd, 4318174.743, 140
Trd, 4318175.843, 129
Trd, 4318176.743, 72
Trd, 4318177.193, 111
Trd, 4318177.543, 90
Trd, 4318178.993, 60
Trd, 4318179.043, 61
Trd, 4318179.393, 93
Trd, 4318179.543, 60
Trd, 4318181.693, 84
Trd, 4318182.293, 62
Trd, 4318183.893, 90
Trd, 4318183.943, 100
Trd, 4318184.193, 81
Trd, 4318184.493, 132
Trd, 4318184.993, 140
Trd, 4318185.693, 140
Trd, 4318185.793, 140
Trd, 4318187.193, 123
Trd, 4318187.243, 118
Trd, 4318187.943, 111
Trd, 4318189.643, 107
Trd, 4318191.243, 139
Trd, 4318192.293, 140
Trd, 4318192.693, 140
Trd, 4318193.543, 140
Trd, 4318193.593, 140
Trd, 4318194.143, 98
Trd, 4318195.043, 137
Trd, 4318196.543, 140
Trd, 4318198.543, 140
Trd, 4318198.593, 140
Trd, 4318199.893, 140
Trd, 4318199.943, 140
Trd, 4318200.543, 140
Trd, 4318201.443, 140
Trd, 4318201.593, 140
Trd, 4318202.043, 140
Trd, 4318202.593, 128
Trd, 4318206.493, 140
Trd, 4318206.693, 140
Trd, 4318207.793, 140
Trd, 4318207.843, 140
Trd, 4318208.743, 109
Trd, 4318210.293, 140
Trd, 4318210.393, 140
Trd, 4318212.043, 140
Trd, 4318212.793, 136
Trd, 4318214.793, 140
Trd, 4318215.343, 140
Trd, 4318216.593, 139
Trd, 4318216.843, 86
Trd, 4318217.743, 94
Trd, 4318218.893, 121
Trd, 4318220.393, 125
Trd, 4318220.643, 139
Trd, 4318220.693, 100
Trd, 4318221.743, 140
Trd, 4318222.143, 101
Trd, 4318224.493, 140
Trd, 4318225.143, 140
Trd, 4318225.543, 140
Trd, 4318226.343, 137
Trd, 4318226.493, 136
Trd, 4318226.743, 109
Trd, 4318227.843, 140
Trd, 4318230.743, 140
Trd, 4318231.293, 140
Trd, 4318232.293, 140
Trd, 4318232.643, 140
Trd, 4318232.793, 140
Trd, 4318234.343, 137
Trd, 4318236.043, 140
Trd, 4318237.543, 140
Trd, 4318237.643, 140
Trd, 4318238.143, 138
Trd, 4318238.243, 93
Trd, 4318239.493, 100
Trd, 4318240.543, 140
Trd, 4318240.993, 139
Trd, 4318241.543, 105
Trd, 4318241.593, 97
Trd, 4318243.893, 140
Trd, 4318244.543, 140
Trd, 4318244.843, 140
Trd, 4318244.993, 140
Trd, 4318246.893, 140
Trd, 4318246.993, 139
Trd, 4318247.143, 122
Trd, 4318250.043, 140
Trd, 4318250.793, 140
Trd, 4318251.443, 140
Trd, 4318252.393, 140
Trd, 4318252.543, 140
Trd, 4318253.043, 95
Trd, 4318253.143, 138
Trd, 4318254.643, 140
Trd, 4318255.593, 139
Trd, 4318255.643, 139
Trd, 4318256.293, 125
Trd, 4318257.143, 125
Trd, 4318257.393, 135
Trd, 4318257.643, 138
Trd, 4318259.043, 83
Trd, 4318259.093, 75
Trd, 4318259.843, 101
Trd, 4318260.143, 140
Trd, 4318263.043, 140
Trd, 4318263.093, 103
Trd, 4318263.293, 102
Trd, 4318263.993, 139
Trd, 4318265.793, 101
Trd, 4318265.843, 100
Trd, 4318266.243, 137
Trd, 4318266.843, 98
Trd, 4318267.293, 139
Trd, 4318270.893, 140
Trd, 4318271.693, 140
Trd, 4318271.843, 140
Trd, 4318272.343, 140
Trd, 4318272.643, 140
Trd, 4318272.843, 140
Trd, 4318274.593, 140
Trd, 4318275.193, 140
Trd, 4318276.093, 140
Trd, 4318277.493, 140
Trd, 4318277.543, 139
Trd, 4318279.543, 140
Trd, 4318279.893, 140
Trd, 4318280.193, 112
Trd, 4318280.843, 140
Trd, 4318280.943, 105
Trd, 4318282.293, 96
Trd, 4318283.693, 135
Trd, 4318286.343, 127
Trd, 4318286.443, 109
Trd, 4318286.493, 103
Trd, 4318288.843, 140
Trd, 4318289.643, 140
Trd, 4318290.093, 140
Trd, 4318290.293, 111
Trd, 4318290.393, 136
Trd, 4318291.443, 137
Trd, 4318292.693, 138
Trd, 4318293.443, 140
Trd, 4318294.193, 140
Trd, 4318295.043, 140
Trd, 4318295.093, 139
Trd, 4318297.093, 125
Trd, 4318297.393, 98
Trd, 4318298.993, 113
Trd, 4318299.143, 105
Trd, 4318299.193, 114
Trd, 4318299.743, 103
Trd, 4318300.893, 140
Trd, 4318302.143, 140
Trd, 4318302.593, 140
Trd, 4318303.293, 119
Trd, 4318303.743, 118
Trd, 4318304.543, 118
Trd, 4318305.793, 118
Trd, 4318306.643, 140
Trd, 4318309.143, 140
Trd, 4318309.293, 140
Trd, 4318309.493, 140
Trd, 4318309.793, 109
Trd, 4318310.093, 108
Trd, 4318310.843, 140
Trd, 4318311.893, 140
Trd, 4318311.993, 140
Trd, 4318313.743, 139
Trd, 4318313.893, 121
Trd, 4318315.093, 100
Trd, 4318316.643, 140
Trd, 4318316.693, 140
Trd, 4318317.493, 140
Trd, 4318317.843, 138
Trd, 4318319.943, 140
Trd, 4318320.993, 140
Trd, 4318321.493, 110
Trd, 4318321.793, 101
Trd, 4318322.293, 100
Trd, 4318322.943, 140
Trd, 4318323.143, 140
Trd, 4318323.543, 81
Trd, 4318324.243, 94
Trd, 4318324.893, 70
Trd, 4318325.293, 89
Trd, 4318327.043, 140
Trd, 4318327.843, 140
Trd, 4318330.093, 140
Trd, 4318330.443, 140
Trd, 4318331.393, 140
Trd, 4318332.793, 140
Trd, 4318332.843, 140
Trd, 4318333.043, 140
Trd, 4318333.543, 140
Trd, 4318333.743, 116
Trd, 4318334.143, 112
Trd, 4318336.843, 140
Trd, 4318336.993, 140
Trd, 4318338.043, 140
Trd, 4318338.193, 140
Trd, 4318340.293, 140
Trd, 4318341.643, 140
Trd, 4318341.993, 140
Trd, 4318342.243, 139
Trd, 4318342.493, 140
Trd, 4318342.593, 138
Trd, 4318344.543, 117
Trd, 4318345.793, 140
Trd, 4318346.593, 64
Trd, 4318348.143, 69
Trd, 4318348.543, 97
Trd, 4318350.343, 140
Trd, 4318351.193, 140
Trd, 4318351.243, 139
Trd, 4318352.243, 140
Trd, 4318352.293, 95
Trd, 4318352.643, 86
Trd, 4318354.543, 139
Trd, 4318355.143, 139
Trd, 4318355.243, 138
Trd, 4318355.393, 137
Trd, 4318356.493, 115
Trd, 4318356.793, 92
Trd, 4318357.243, 140
Trd, 4318357.493, 74
Trd, 4318358.543, 139
Trd, 4318360.193, 116
Trd, 4318361.543, 140
Trd, 4318361.643, 129
Trd, 4318362.643, 140
Trd, 4318362.893, 107
Trd, 4318365.743, 140
Trd, 4318367.043, 140
Trd, 4318367.493, 140
Trd, 4318367.593, 140
Trd, 4318368.443, 140
Trd, 4318368.593, 140
Trd, 4318369.743, 139
Trd, 4318369.943, 95
Trd, 4318370.793, 140
Trd, 4318372.493, 139
Trd, 4318373.793, 140
Trd, 4318373.843, 139
Trd, 4318374.693, 93
Trd, 4318374.843, 91
Trd, 4318377.193, 140
Trd, 4318377.443, 140
Trd, 4318379.193, 140
Trd, 4318379.493, 140
Trd, 4318379.993, 139
Trd, 4318381.043, 90
Trd, 4318381.693, 79
Trd, 4318381.943, 83
Trd, 4318382.493, 140
Trd, 4318382.593, 140
Trd, 4318386.043, 68
Trd, 4318386.293, 75
Trd, 4318386.443, 61
Trd, 4318387.193, 91
Trd, 4318388.193, 81
Trd, 4318389.043, 92
Trd, 4318389.493, 81
Trd, 4318389.643, 119
Trd, 4318389.893, 102
Trd, 4318390.843, 130
Trd, 4318391.143, 84
Trd, 4318391.893, 84
Trd, 4318392.943, 82
Trd, 4318393.493, 84
Trd, 4318393.893, 94
Trd, 4318395.593, 129
Trd, 4318395.793, 135
Trd, 4318397.193, 121
Trd, 4318397.693, 139
Trd, 4318397.743, 121
Trd, 4318397.893, 112
Trd, 4318399.343, 140
Trd, 4318401.343, 128
Trd, 4318402.993, 135
Trd, 4318403.493, 99
Trd, 4318403.593, 140
Trd, 4318403.793, 96
Trd, 4318404.293, 79
Trd, 4318404.693, 140
Trd, 4318404.793, 139
Trd, 4318407.293, 140
Trd, 4318407.693, 140
Trd, 4318408.293, 98
Trd, 4318409.193, 140
Trd, 4318411.493, 102
Trd, 4318412.393, 61
Trd, 4318412.893, 140
Trd, 4318413.293, 86
Trd, 4318416.393, 140
Trd, 4318416.443, 139
Trd, 4318418.293, 135
Trd, 4318418.343, 134
Trd, 4318418.443, 117
Trd, 4318420.943, 140
Trd, 4318421.043, 139
Trd, 4318422.593, 132
Trd, 4318422.743, 134
Trd, 4318423.343, 106
Trd, 4318424.443, 124
Trd, 4318426.043, 140
Trd, 4318427.143, 140
Trd, 4318427.343, 140
Trd, 4318428.743, 140
Trd, 4318429.243, 140
Trd, 4318431.443, 140
Trd, 4318431.543, 140
Trd, 4318431.643, 140
Trd, 4318432.293, 114
Trd, 4318433.093, 138
Trd, 4318434.193, 94
Trd, 4318435.743, 140
Trd, 4318435.793, 140
Trd, 4318436.893, 140
Trd, 4318438.643, 140
Trd, 4318439.243, 140
Trd, 4318439.443, 140
Trd, 4318440.493, 140
Trd, 4318440.793, 140
Trd, 4318441.193, 138
Trd, 4318442.143, 82
Trd, 4318442.243, 83
Trd, 4318442.893, 78
Trd, 4318444.143, 60
Trd, 4318444.443, 61
Trd, 4318444.793, 72
Trd, 4318446.043, 84
Trd, 4318447.193, 108
Trd, 4318447.443, 86
Trd, 4318448.043, 69
Trd, 4318448.593, 62
Trd, 4318448.843, 115
Trd, 4318450.093, 93
Trd, 4318450.543, 92
Trd, 4318452.293, 140
Trd, 4318452.893, 140
Trd, 4318453.243, 140
Trd, 4318454.043, 138
Trd, 4318454.893, 137
Trd, 4318455.943, 111
Trd, 4318456.193, 110
Trd, 4318456.793, 109
Trd, 4318458.343, 140
Trd, 4318459.643, 140
Trd, 4318459.743, 140
Trd, 4318462.943, 140
Trd, 4318463.293, 139
Trd, 4318463.343, 138
Trd, 4318463.843, 117
Trd, 4318465.393, 140
Trd, 4318465.593, 119
Trd, 4318467.093, 137
Trd, 4318468.593, 138
Trd, 4318469.493, 138
Trd, 4318469.693, 135
Trd, 4318469.943, 134
Trd, 4318470.593, 132
Trd, 4318471.293, 140
Trd, 4318472.093, 136
Trd, 4318472.343, 122
Trd, 4318472.543, 121
Trd, 4318474.143, 139
Trd, 4318474.543, 104
Trd, 4318475.693, 108
Trd, 4318476.393, 84
Trd, 4318477.143, 94
Trd, 4318477.993, 140
Trd, 4318479.743, 140
Trd, 4318479.843, 140
Trd, 4318479.943, 140
Trd, 4318480.693, 140
Trd, 4318483.043, 137
Trd, 4318483.343, 86
Trd, 4318484.143, 136
Trd, 4318484.193, 138
Trd, 4318485.093, 96
Trd, 4318486.043, 93
Trd, 4318486.943, 140
Trd, 4318488.993, 140
Trd, 4318489.443, 140
Trd, 4318489.493, 140
Trd, 4318490.093, 139
Trd, 4318490.243, 125
Trd, 4318491.943, 140
Trd, 4318492.443, 139
Trd, 4318495.393, 140
Trd, 4318496.043, 140
Trd, 4318496.493, 140
Trd, 4318496.793, 94
Trd, 4318498.443, 140
Trd, 4318499.243, 102
Trd, 4318501.743, 140
Trd, 4318502.293, 140
Trd, 4318502.393, 140
Trd, 4318502.593, 140
Trd, 4318503.293, 105
Trd, 4318506.743, 140
Trd, 4318508.243, 140
Trd, 4318508.443, 140
Trd, 4318508.543, 140
Trd, 4318509.043, 140
Trd, 4318509.543, 140
Trd, 4318511.343, 125
Trd, 4318511.593, 119
Trd, 4318513.543, 140
Trd, 4318514.343, 140
Trd, 4318514.843, 140
Trd, 4318514.893, 140
Trd, 4318514.943, 116
Trd, 4318518.643, 140
Trd, 4318520.693, 140
Trd, 4318520.793, 140
Trd, 4318521.443, 140
Trd, 4318521.693, 140
Trd, 4318521.793, 140
Trd, 4318522.443, 138
Trd, 4318523.293, 136
Trd, 4318524.643, 139
Trd, 4318524.743, 122
Trd, 4318525.393, 85
Trd, 4318525.793, 138
Trd, 4318526.193, 84
Trd, 4318526.993, 116
Trd, 4318527.143, 91
Trd, 4318529.593, 62
Trd, 4318529.843, 63
Trd, 4318530.243, 73
Trd, 4318530.293, 74
Trd, 4318531.043, 65
Trd, 4318532.843, 140
Trd, 4318533.843, 140
Trd, 4318535.093, 140
Trd, 4318535.643, 140
Trd, 4318535.743, 140
Trd, 4318536.493, 138
Trd, 4318536.893, 133
Trd, 4318540.193, 140
Trd, 4318540.393, 140
Trd, 4318542.193, 140
Trd, 4318542.693, 140
Trd, 4318543.243, 140
Trd, 4318544.243, 140
Trd, 4318545.593, 139
Trd, 4318546.243, 121
Trd, 4318546.443, 140
Trd, 4318547.693, 123
Trd, 4318547.843, 85
Trd, 4318548.293, 76
Trd, 4318549.743, 139
Trd, 4318550.543, 138
Trd, 4318552.793, 140
Trd, 4318553.543, 140
Trd, 4318554.543, 140
Trd, 4318554.743, 140
Trd, 4318555.193, 140
Trd, 4318555.643, 113
Trd, 4318556.093, 112
Trd, 4318557.893, 138
Trd, 4318557.943, 91
Trd, 4318558.693, 82
Trd, 4318559.193, 140
Trd, 4318560.693, 140
Trd, 4318561.193, 140
Trd, 4318561.843, 139
Trd, 4318563.193, 140
Trd, 4318564.593, 122
Trd, 4318567.443, 140
Trd, 4318567.793, 140
Trd, 4318568.193, 140
Trd, 4318568.243, 137
Trd, 4318568.393, 103
Trd, 4318568.543, 91
Trd, 4318569.993, 140
Trd, 4318570.543, 111
Trd, 4318571.993, 67
Trd, 4318574.993, 140
Trd, 4318575.543, 140
Trd, 4318575.993, 140
Trd, 4318576.843, 140
Trd, 4318577.393, 140
Trd, 4318578.193, 140
Trd, 4318581.143, 140
Trd, 4318581.343, 140
Trd, 4318581.393, 140
Trd, 4318582.143, 140
Trd, 4318582.643, 140
Trd, 4318583.393, 102
Trd, 4318583.443, 94
Trd, 4318585.393, 138
Trd, 4318586.343, 137
Trd, 4318587.793, 138
Trd, 4318587.993, 140
Trd, 4318588.143, 133
Trd, 4318589.043, 117
Trd, 4318590.193, 140
Trd, 4318591.493, 100
Trd, 4318592.643, 140
Trd, 4318593.793, 140
Trd, 4318595.593, 140
Trd, 4318596.143, 140
Trd, 4318596.543, 139
Trd, 4318597.643, 139
Trd, 4318598.393, 138
Trd, 4318599.043, 82
Trd, 4318599.493, 67
Trd, 4318600.593, 140
Trd, 4318603.093, 140
Trd, 4318603.293, 140
Trd, 4318603.343, 140
Trd, 4318603.393, 139
Trd, 4318604.543, 115
Trd, 4318605.643, 132
Trd, 4318606.293, 116
Trd, 4318607.543, 138
Trd, 4318608.193, 107
Trd, 4318608.493, 140
Trd, 4318609.943, 140
Trd, 4318611.493, 140
Trd, 4318612.843, 140
Trd, 4318612.993, 140
Trd, 4318613.043, 140
Trd, 4318614.343, 140
Trd, 4318614.893, 139
Trd, 4318615.493, 138
Trd, 4318616.593, 140
Trd, 4318617.043, 140
Trd, 4318618.593, 140
Trd, 4318620.693, 140
Trd, 4318621.143, 140
Trd, 4318621.193, 116
Trd, 4318622.443, 138
Trd, 4318623.493, 140
Trd, 4318624.143, 140
Trd, 4318625.743, 140
Trd, 4318626.043, 90
Trd, 4318626.293, 86
Trd, 4318627.593, 140
Trd, 4318629.643, 140
Trd, 4318629.893, 139
Trd, 4318631.693, 140
Trd, 4318631.893, 137
Trd, 4318632.743, 140
Trd, 4318632.843, 140
Trd, 4318633.693, 140
Trd, 4318634.143, 90
Trd, 4318635.693, 111
Trd, 4318637.093, 92
Trd, 4318637.143, 102
Trd, 4318637.243, 77
Trd, 4318638.843, 60
Trd, 4318639.543, 61
Trd, 4318639.743, 108
Trd, 4318640.093, 72
Trd, 4318640.193, 113
Trd, 4318641.543, 139
Trd, 4318642.043, 140
Trd, 4318642.793, 115
Trd, 4318643.993, 113
Trd, 4318644.443, 90
Trd, 4318644.743, 89
Trd, 4318645.593, 71
Trd, 4318646.443, 100
Trd, 4318647.393, 112
Trd, 4318647.843, 116
Trd, 4318648.193, 73
Trd, 4318648.993, 117
Trd, 4318649.493, 66
Trd, 4318650.793, 64
Trd, 4318652.393, 140
Trd, 4318652.643, 140
Trd, 4318652.843, 140
Trd, 4318654.843, 140
Trd, 4318655.293, 140
Trd, 4318655.843, 140
Trd, 4318656.193, 107
Trd, 4318656.843, 90
Trd, 4318657.743, 139
Trd, 4318659.193, 140
Trd, 4318660.093, 140
Trd, 4318660.593, 93
Trd, 4318661.943, 140
Trd, 4318662.793, 140
Trd, 4318663.393, 112
Trd, 4318664.143, 119
Trd, 4318664.493, 110
Trd, 4318664.793, 140
Trd, 4318665.143, 110
Trd, 4318665.343, 81
Trd, 4318665.793, 135
Trd, 4318667.443, 102
Trd, 4318668.593, 140
Trd, 4318669.393, 139
Trd, 4318670.793, 138
Trd, 4318670.843, 124
Trd, 4318672.643, 138
Trd, 4318674.793, 140
Trd, 4318674.843, 140
Trd, 4318675.593, 140
Trd, 4318676.993, 134
Trd, 4318677.593, 123
Trd, 4318678.543, 83
Trd, 4318678.593, 82
Trd, 4318681.193, 140
Trd, 4318681.593, 139
Trd, 4318682.493, 106
Trd, 4318683.493, 106
Trd, 4318684.043, 138
Trd, 4318685.743, 138
Trd, 4318686.043, 135
Trd, 4318688.343, 140
Trd, 4318689.143, 140
Trd, 4318689.593, 140
Trd, 4318690.243, 140
Trd, 4318690.593, 140
Trd, 4318692.343, 140
Trd, 4318692.543, 139
Trd, 4318692.693, 138
Trd, 4318693.593, 140
Trd, 4318695.443, 140
Trd, 4318695.543, 140
Trd, 4318695.943, 139
Trd, 4318696.793, 140
Trd, 4318698.893, 140
Trd, 4318699.093, 138
Trd, 4318700.093, 115
Trd, 4318700.443, 122
Trd, 4318701.243, 79
Trd, 4318701.593, 88
Trd, 4318702.693, 128
Trd, 4318703.393, 139
Trd, 4318704.443, 81
Trd, 4318704.743, 85
Trd, 4318708.393, 140
Trd, 4318708.543, 140
Trd, 4318708.993, 139
Trd, 4318709.193, 140
Trd, 4318709.543, 138
Trd, 4318709.793, 135
Trd, 4318710.093, 101
Trd, 4318711.693, 88
Trd, 4318713.043, 78
Trd, 4318713.693, 70
Trd, 4318713.993, 67
Trd, 4318714.693, 60
Trd, 4318715.093, 140
Trd, 4318715.143, 139
Trd, 4318716.243, 68
Trd, 4318716.293, 69
Trd, 4318718.793, 103
Trd, 4318718.943, 107
Trd, 4318719.343, 88
Trd, 4318719.393, 77
Trd, 4318719.843, 115
Trd, 4318721.043, 119
Trd, 4318723.493, 65
Trd, 4318723.943, 63
Trd, 4318724.043, 71
Trd, 4318725.193, 63
Trd, 4318725.393, 73
Trd, 4318725.893, 92
Trd, 4318726.793, 140
Trd, 4318727.793, 140
Trd, 4318729.843, 140
Trd, 4318730.393, 140
Trd, 4318730.743, 140
Trd, 4318732.443, 139
Trd, 4318732.793, 135
Trd, 4318733.243, 104
Trd, 4318733.893, 81
Trd, 4318735.693, 109
Trd, 4318736.143, 126
Trd, 4318737.743, 116
Trd, 4318738.093, 116
Trd, 4318739.193, 140
Trd, 4318739.343, 140
Trd, 4318740.043, 140
Trd, 4318740.193, 117
Trd, 4318741.293, 120
Trd, 4318743.693, 107
Trd, 4318743.993, 108
Trd, 4318745.693, 140
Trd, 4318745.943, 140
Trd, 4318746.143, 139
Trd, 4318746.793, 139
Trd, 4318749.193, 140
Trd, 4318749.593, 140
Trd, 4318749.843, 140
Trd, 4318750.493, 140
Trd, 4318751.143, 140
Trd, 4318752.643, 109
Trd, 4318753.543, 140
Trd, 4318753.593, 140
Trd, 4318755.643, 140
Trd, 4318755.743, 119
Trd, 4318756.293, 110
Trd, 4318758.393, 115
Trd, 4318758.743, 74
Trd, 4318759.293, 68
Trd, 4318760.093, 69
Trd, 4318760.493, 80
Trd, 4318760.693, 126
Trd, 4318760.943, 99
Trd, 4318762.293, 140
Trd, 4318762.443, 140
Trd, 4318763.743, 140
Trd, 4318764.143, 139
Trd, 4318764.293, 114
Trd, 4318764.443, 140
Trd, 4318765.943, 93
Trd, 4318766.193, 90
Trd, 4318768.043, 107
Trd, 4318768.393, 106
Trd, 4318768.593, 77
Trd, 4318769.093, 75
Trd, 4318769.193, 117
Trd, 4318769.493, 122
Trd, 4318769.893, 124
Trd, 4318770.943, 140
Trd, 4318772.493, 61
Trd, 4318772.943, 65
Trd, 4318773.293, 96
Trd, 4318773.643, 115
Trd, 4318775.193, 68
Trd, 4318775.693, 77
Trd, 4318776.843, 60
Trd, 4318778.293, 90
Trd, 4318779.493, 140
Trd, 4318781.193, 140
Trd, 4318781.543, 140
Trd, 4318781.893, 140
Trd, 4318781.943, 140
Trd, 4318782.843, 138
Trd, 4318783.943, 124
Trd, 4318785.743, 139
Trd, 4318787.293, 139
Trd, 4318787.443, 135
Trd, 4318789.093, 140
Trd, 4318789.693, 140
Trd, 4318790.893, 140
Trd, 4318791.043, 140
Trd, 4318791.143, 140
Trd, 4318791.693, 101
Trd, 4318794.043, 72
Trd, 4318794.993, 111
Trd, 4318795.143, 121
Trd, 4318795.443, 64
Trd, 4318796.143, 67
Trd, 4318796.543, 79
Trd, 4318797.293, 66
Trd, 4318797.693, 80
Trd, 4318797.893, 66
Trd, 4318798.043, 65
Trd, 4318799.743, 119
Trd, 4318800.193, 122
Trd, 4318802.193, 140
Trd, 4318803.693, 140
Trd, 4318803.993, 140
Trd, 4318804.843, 140
Trd, 4318805.593, 140
Trd, 4318806.543, 140
Trd, 4318807.293, 140
Trd, 4318807.993, 111
Trd, 4318808.143, 84
Trd, 4318808.943, 132
Trd, 4318809.893, 65
Trd, 4318810.093, 110
Trd, 4318810.743, 101
Trd, 4318811.893, 60
Trd, 4318812.593, 119
Trd, 4318813.643, 90
Trd, 4318814.693, 69
Trd, 4318814.893, 96
Trd, 4318816.343, 125
Trd, 4318816.593, 125
Trd, 4318817.793, 140
Trd, 4318818.493, 75
Trd, 4318818.743, 140
Trd, 4318819.093, 140
Trd, 4318820.293, 67
Trd, 4318821.243, 137
Trd, 4318823.343, 139
Trd, 4318823.943, 123
Trd, 4318825.193, 140
Trd, 4318825.843, 140
Trd, 4318826.293, 140
Trd, 4318826.843, 138
Trd, 4318827.443, 128
Trd, 4318828.043, 99
Trd, 4318828.993, 92
Trd, 4318830.193, 140
Trd, 4318831.293, 140
Trd, 4318832.543, 140
Trd, 4318834.143, 140
Trd, 4318836.043, 140
Trd, 4318837.243, 140
Trd, 4318838.943, 140
Trd, 4318839.393, 140
Trd, 4318839.843, 140
Trd, 4318840.593, 139
Trd, 4318840.743, 127
Trd, 4318842.343, 139
Trd, 4318845.993, 140
Trd, 4318847.343, 140
Trd, 4318847.643, 140
Trd, 4318848.293, 140
Trd, 4318848.543, 140
Trd, 4318850.893, 140
Trd, 4318851.043, 140
Trd, 4318851.243, 139
Trd, 4318851.543, 107
Trd, 4318851.743, 138
Trd, 4318852.393, 139
Trd, 4318854.443, 85
Trd, 4318854.493, 85
Trd, 4318856.143, 61
Trd, 4318856.543, 62
Trd, 4318856.993, 61
Trd, 4318857.043, 96
Trd, 4318858.343, 72
Trd, 4318859.443, 111
Trd, 4318859.543, 89
Trd, 4318859.993, 81
Trd, 4318860.393, 81
Trd, 4318860.543, 125
Trd, 4318860.743, 140
Trd, 4318863.643, 93
Trd, 4318863.893, 120
Trd, 4318864.993, 139
Trd, 4318866.243, 104
Trd, 4318866.693, 107
Trd, 4318866.843, 98
Trd, 4318867.393, 118
Trd, 4318867.993, 81
Trd, 4318869.043, 137
Trd, 4318870.743, 140
Trd, 4318870.993, 140
Trd, 4318871.693, 140
Trd, 4318872.043, 140
Trd, 4318872.893, 137
Trd, 4318875.643, 120
Trd, 4318875.993, 113
Trd, 4318876.543, 112
Trd, 4318877.043, 102
Trd, 4318877.293, 140
Trd, 4318878.043, 139
Trd, 4318878.393, 116
Trd, 4318880.943, 140
Trd, 4318881.393, 140
Trd, 4318883.793, 140
Trd, 4318883.943, 140
Trd, 4318885.393, 140
Trd, 4318885.943, 138
Trd, 4318886.093, 126
Trd, 4318886.993, 118
Trd, 4318887.243, 96
Trd, 4318889.293, 140
Trd, 4318889.943, 140
Trd, 4318890.093, 140
Trd, 4318891.193, 140
Trd, 4318891.343, 106
Trd, 4318892.543, 137
Trd, 4318895.043, 140
Trd, 4318895.543, 139
Trd, 4318895.643, 101
Trd, 4318896.193, 135
Trd, 4318896.543, 140
Trd, 4318897.443, 140
Trd, 4318898.743, 78
Trd, 4318899.443, 98
Trd, 4318900.193, 140
Trd, 4318902.243, 140
Trd, 4318903.093, 140
Trd, 4318903.143, 140
Trd, 4318903.193, 140
Trd, 4318904.093, 139
Trd, 4318905.193, 140
Trd, 4318906.843, 115
Trd, 4318907.293, 101
Trd, 4318909.143, 140
Trd, 4318910.043, 140
Trd, 4318910.293, 140
Trd, 4318910.893, 140
Trd, 4318912.343, 140
Trd, 4318912.593, 139
Trd, 4318916.293, 140
Trd, 4318916.493, 140
Trd, 4318916.593, 140
Trd, 4318916.943, 140
Trd, 4318917.193, 125
Trd, 4318919.043, 140
Trd, 4318919.693, 140
Trd, 4318919.843, 140
Trd, 4318921.043, 140
Trd, 4318921.243, 140
Trd, 4318921.443, 124
Trd, 4318921.893, 92
Trd, 4318923.593, 140
Trd, 4318923.843, 140
Trd, 4318924.743, 139
Trd, 4318926.393, 68
Trd, 4318927.393, 62
Trd, 4318927.843, 109
Trd, 4318928.343, 117
Trd, 4318929.193, 96
Trd, 4318929.643, 118
Trd, 4318929.893, 123
Trd, 4318930.043, 71
Trd, 4318931.193, 79
Trd, 4318931.443, 75
Trd, 4318932.093, 128
Trd, 4318933.243, 75
Trd, 4318933.493, 84
Trd, 4318934.093, 103
Trd, 4318935.293, 140
Trd, 4318936.443, 100
Trd, 4318937.143, 137
Trd, 4318938.843, 107
Trd, 4318939.943, 109
Trd, 4318940.043, 106
Trd, 4318940.243, 117
Trd, 4318940.293, 71
Trd, 4318940.593, 126
Trd, 4318940.793, 60
Trd, 4318941.793, 61
Trd, 4318942.443, 77
Trd, 4318942.543, 127
Trd, 4318942.843, 65
Trd, 4318944.743, 96
Trd, 4318945.393, 95
Trd, 4318945.793, 96
Trd, 4318947.043, 77
Trd, 4318947.143, 73
Trd, 4318948.143, 61
Trd, 4318948.193, 117
Trd, 4318949.593, 121
Trd, 4318950.243, 135
Trd, 4318950.543, 115
Trd, 4318953.143, 140
Trd, 4318953.343, 140
Trd, 4318953.593, 105
Trd, 4318954.143, 140
Trd, 4318954.943, 89
Trd, 4318956.143, 140
Trd, 4318956.493, 108
Trd, 4318958.643, 140
Trd, 4318959.143, 140
Trd, 4318960.243, 139
Trd, 4318960.643, 140
Trd, 4318961.543, 113
Trd, 4318961.943, 61
Trd, 4318962.593, 76
Trd, 4318964.243, 60
Trd, 4318964.393, 62
Trd, 4318965.643, 83
Trd, 4318965.743, 63
Trd, 4318966.093, 134
Trd, 4318967.243, 94
Trd, 4318967.293, 104
Trd, 4318967.543, 79
Trd, 4318968.643, 134
Trd, 4318969.193, 134
Trd, 4318969.693, 133
Trd, 4318970.693, 83
Trd, 4318972.193, 140
Trd, 4318975.243, 140
Trd, 4318976.093, 140
Trd, 4318977.143, 140
Trd, 4318977.793, 140
Trd, 4318978.093, 140
Trd, 4318979.293, 140
Trd, 4318979.943, 140
Trd, 4318981.193, 140
Trd, 4318982.693, 140
Trd, 4318984.543, 140
Trd, 4318984.793, 140
Trd, 4318985.793, 140
Trd, 4318986.693, 140
Trd, 4318987.193, 140
Trd, 4318987.893, 140
Trd, 4318989.293, 136
Trd, 4318989.743, 104
Trd, 4318991.043, 140
Trd, 4318992.793, 140
Trd, 4318993.043, 140
Trd, 4318993.093, 140
Trd, 4318995.143, 140
Trd, 4318995.343, 136
Trd, 4318996.793, 140
Trd, 4318997.043, 140
Trd, 4318997.343, 140
Trd, 4318997.943, 140
Trd, 4318998.343, 139
Trd, 4319000.743, 139
Trd, 4319001.743, 140
Trd, 4319003.293, 140
Trd, 4319003.743, 140
Trd, 4319004.593, 137
Trd, 4319005.993, 140
Trd, 4319006.043, 140
Trd, 4319006.993, 138
Trd, 4319008.043, 122
Trd, 4319008.293, 136
Trd, 4319009.793, 139
Trd, 4319011.693, 140
Trd, 4319011.843, 138
Trd, 4319014.143, 140
Trd, 4319015.843, 136
Trd, 4319016.493, 138
Trd, 4319016.543, 139
Trd, 4319017.793, 139
Trd, 4319018.993, 136
Trd, 4319020.443, 139
Trd, 4319020.843, 140
Trd, 4319021.243, 127
Trd, 4319021.543, 126
Trd, 4319021.743, 140
Trd, 4319022.193, 140
Trd, 4319023.093, 107
Trd, 4319023.843, 112
Trd, 4319024.743, 100
Trd, 4319027.393, 140
Trd, 4319027.743, 139
Trd, 4319028.943, 140
Trd, 4319030.493, 140
Trd, 4319030.893, 140
Trd, 4319031.793, 139
Trd, 4319033.143, 104
Trd, 4319033.193, 102
Trd, 4319033.793, 137
Trd, 4319034.943, 117
Trd, 4319035.893, 139
Trd, 4319035.943, 101
Trd, 4319037.043, 136
Trd, 4319037.843, 121
Trd, 4319038.393, 139
Trd, 4319039.343, 72
Trd, 4319040.993, 74
Trd, 4319041.493, 91
Trd, 4319042.193, 140
Trd, 4319043.243, 114
Trd, 4319043.393, 112
Trd, 4319043.993, 140
Trd, 4319044.193, 140
Trd, 4319046.243, 140
Trd, 4319046.543, 109
Trd, 4319048.593, 140
Trd, 4319050.343, 140
Trd, 4319050.393, 140
Trd, 4319051.143, 102
Trd, 4319052.243, 140
Trd, 4319053.343, 103
Trd, 4319054.893, 138
Trd, 4319054.943, 134
Trd, 4319055.143, 99
Trd, 4319055.743, 139
Trd, 4319055.843, 92
Trd, 4319057.193, 139
Trd, 4319058.043, 104
Trd, 4319058.843, 103
Trd, 4319059.543, 120
Trd, 4319061.493, 78
Trd, 4319063.443, 140
Trd, 4319063.743, 140
Trd, 4319064.443, 140
Trd, 4319065.293, 140
Trd, 4319065.643, 140
Trd, 4319066.293, 139
Trd, 4319067.393, 123
Trd, 4319070.843, 140
Trd, 4319071.043, 140
Trd, 4319072.243, 140
Trd, 4319072.293, 140
Trd, 4319072.643, 140
Trd, 4319072.893, 102
Trd, 4319073.343, 140
Trd, 4319073.743, 74
Trd, 4319075.543, 79
Trd, 4319075.893, 89
Trd, 4319076.493, 79
Trd, 4319076.793, 88
Trd, 4319077.643, 139
Trd, 4319078.743, 61
Trd, 4319078.993, 62
Trd, 4319079.593, 62
Trd, 4319082.193, 140
Trd, 4319082.243, 140
Trd, 4319083.193, 140
Trd, 4319084.543, 140
Trd, 4319085.793, 140
Trd, 4319086.643, 140
Trd, 4319086.993, 139
Trd, 4319089.993, 139
Trd, 4319090.393, 137
Trd, 4319090.893, 95
Trd, 4319091.493, 88
Trd, 4319091.843, 81
Trd, 4319093.243, 139
Trd, 4319093.343, 138
Trd, 4319096.143, 140
Trd, 4319096.793, 140
Trd, 4319098.343, 140
Trd, 4319099.093, 140
Trd, 4319099.293, 140
Trd, 4319099.393, 140
Trd, 4319100.143, 139
Trd, 4319100.793, 94
Trd, 4319101.343, 75
Trd, 4319102.593, 140
Trd, 4319103.893, 140
Trd, 4319105.593, 140
Trd, 4319105.793, 140
Trd, 4319107.743, 140
Trd, 4319107.793, 140
Trd, 4319107.993, 139
Trd, 4319109.043, 140
Trd, 4319109.593, 88
Trd, 4319110.943, 138
Trd, 4319110.993, 137
Trd, 4319112.293, 140
Trd, 4319113.943, 139
Trd, 4319114.043, 81
Trd, 4319114.743, 121
Trd, 4319116.843, 69
Trd, 4319117.943, 63
Trd, 4319118.093, 61
Trd, 4319118.843, 70
Trd, 4319119.293, 66
Trd, 4319119.343, 67
Trd, 4319120.593, 115
Trd, 4319121.643, 103
Trd, 4319121.893, 133
Trd, 4319122.893, 116
Trd, 4319122.993, 109
Trd, 4319123.593, 73
Trd, 4319123.793, 70
Trd, 4319124.043, 135
Trd, 4319124.243, 68
Trd, 4319125.493, 140
Trd, 4319125.593, 139
Trd, 4319126.193, 111
Trd, 4319128.293, 112
Trd, 4319129.543, 110
Trd, 4319130.543, 93
Trd, 4319130.643, 71
Trd, 4319131.993, 140
Trd, 4319132.243, 140
Trd, 4319132.393, 140
Trd, 4319134.993, 140
Trd, 4319135.243, 140
Trd, 4319136.893, 140
Trd, 4319138.093, 140
Trd, 4319138.293, 140
Trd, 4319139.343, 140
Trd, 4319139.393, 140
Trd, 4319140.943, 140
Trd, 4319141.993, 140
Trd, 4319142.343, 140
Trd, 4319144.093, 140
Trd, 4319144.293, 140
Trd, 4319144.443, 140
Trd, 4319144.643, 139
Trd, 4319144.843, 118
Trd, 4319146.393, 139
Trd, 4319147.243, 105
Trd, 4319147.343, 95
Trd, 4319148.343, 139
Trd, 4319149.793, 97
Trd, 4319150.093, 98
Trd, 4319150.743, 85
Trd, 4319152.793, 109
Trd, 4319153.193, 108
Trd, 4319154.393, 140
Trd, 4319155.593, 140
Trd, 4319156.493, 137
Trd, 4319157.143, 101
Trd, 4319157.643, 119
Trd, 4319159.593, 140
Trd, 4319160.543, 140
Trd, 4319162.243, 140
Trd, 4319162.643, 140
Trd, 4319163.493, 139
Trd, 4319163.743, 138
Trd, 4319164.243, 139
Trd, 4319164.643, 140
Trd, 4319167.443, 140
Trd, 4319167.993, 140
Trd, 4319168.293, 139
Trd, 4319168.443, 118
Trd, 4319169.193, 115
Trd, 4319169.593, 76
Trd, 4319169.693, 99
Trd, 4319170.093, 100
Trd, 4319171.343, 120
Trd, 4319174.193, 140
Trd, 4319175.393, 140
Trd, 4319176.543, 140
Trd, 4319177.043, 140
Trd, 4319177.093, 140
Trd, 4319177.343, 140
Trd, 4319179.693, 140
Trd, 4319180.243, 140
Trd, 4319181.393, 140
Trd, 4319182.493, 65
Trd, 4319184.243, 140
Trd, 4319185.743, 64
Trd, 4319185.893, 64
Trd, 4319185.993, 62
Trd, 4319186.543, 86
Trd, 4319188.543, 106
Trd, 4319188.993, 120
Trd, 4319189.443, 119
Trd, 4319189.743, 114
Trd, 4319190.693, 140
Trd, 4319192.243, 140
Trd, 4319192.993, 140
Trd, 4319193.093, 136
Trd, 4319194.743, 140
Trd, 4319194.893, 140
Trd, 4319196.293, 140
Trd, 4319196.443, 114
Trd, 4319197.943, 123
Trd, 4319198.693, 114
Trd, 4319198.793, 112
Trd, 4319199.843, 137
Trd, 4319200.243, 90
Trd, 4319200.343, 138
Trd, 4319203.043, 140
Trd, 4319203.193, 140
Trd, 4319204.043, 140
Trd, 4319204.493, 140
Trd, 4319205.093, 140
Trd, 4319205.493, 140
Trd, 4319205.843, 140
Trd, 4319206.293, 140
Trd, 4319207.843, 137
Trd, 4319209.093, 138
Trd, 4319209.793, 140
Trd, 4319210.043, 104
Trd, 4319210.393, 82
Trd, 4319210.693, 68
Trd, 4319211.393, 123
Trd, 4319213.193, 139
Trd, 4319213.393, 139
Trd, 4319214.593, 139
Trd, 4319215.743, 117
Trd, 4319215.943, 140
Trd, 4319216.393, 116
Trd, 4319216.593, 115
Trd, 4319217.843, 139
Trd, 4319218.643, 100
Trd, 4319220.693, 100
Trd, 4319220.793, 98
Trd, 4319222.893, 138
Trd, 4319224.593, 126
Trd, 4319224.843, 128
Trd, 4319225.493, 83
Trd, 4319225.793, 134
Trd, 4319226.593, 71
Trd, 4319227.543, 70
Trd, 4319229.493, 140
Trd, 4319231.193, 140
Trd, 4319231.293, 140
Trd, 4319231.343, 133
Trd, 4319231.843, 113
Trd, 4319233.193, 106
Trd, 4319233.593, 140
Trd, 4319234.943, 140
Trd, 4319235.393, 140
Trd, 4319235.443, 139
Trd, 4319236.693, 128
Trd, 4319236.943, 99
Trd, 4319238.343, 99
Trd, 4319239.093, 65
Trd, 4319239.543, 60
Trd, 4319239.593, 118
Trd, 4319240.393, 140
Trd, 4319241.043, 139
Trd, 4319243.593, 140
Trd, 4319244.793, 140
Trd, 4319245.443, 140
Trd, 4319245.993, 140
Trd, 4319246.193, 139
Trd, 4319247.893, 140
Trd, 4319248.343, 140
Trd, 4319249.043, 139
Trd, 4319249.243, 95
Trd, 4319250.593, 118
Trd, 4319251.143, 140
Trd, 4319252.593, 140
Trd, 4319252.743, 140
Trd, 4319252.993, 139
Trd, 4319253.643, 139
Trd, 4319253.743, 138
Trd, 4319255.243, 140
Trd, 4319255.393, 139
Trd, 4319258.693, 140
Trd, 4319258.843, 139
Trd, 4319259.143, 133
Trd, 4319260.293, 139
Trd, 4319262.193, 102
Trd, 4319263.493, 140
Trd, 4319263.893, 107
Trd, 4319264.693, 105
Trd, 4319264.843, 118
Trd, 4319265.293, 117
Trd, 4319265.393, 108
Trd, 4319266.743, 140
Trd, 4319267.043, 140
Trd, 4319267.243, 140
Trd, 4319269.243, 140
Trd, 4319269.743, 140
Trd, 4319270.493, 140
Trd, 4319270.943, 140
Trd, 4319271.443, 140
Trd, 4319272.893, 140
Trd, 4319274.193, 140
Trd, 4319275.193, 138
Trd, 4319275.443, 138
Trd, 4319276.343, 140
Trd, 4319277.793, 139
Trd, 4319279.543, 102
Trd, 4319279.893, 128
Trd, 4319281.193, 140
Trd, 4319281.693, 140
Trd, 4319282.443, 140
Trd, 4319282.743, 140
Trd, 4319283.793, 130
Trd, 4319283.993, 122
Trd, 4319284.093, 131
Trd, 4319284.743, 133
Trd, 4319285.843, 87
Trd, 4319286.143, 140
Trd, 4319287.243, 140
Trd, 4319287.293, 139
Trd, 4319289.543, 134
Trd, 4319290.243, 134
Trd, 4319291.543, 135
Trd, 4319292.993, 140
Trd, 4319294.043, 140
Trd, 4319295.743, 140
Trd, 4319296.093, 140
Trd, 4319297.093, 137
Trd, 4319297.143, 117
Trd, 4319298.143, 140
Trd, 4319299.743, 121
Trd, 4319299.793, 123
Trd, 4319299.893, 112
Trd, 4319300.693, 110
Trd, 4319301.243, 109
Trd, 4319302.043, 140
Trd, 4319302.493, 135
Trd, 4319303.843, 139
Trd, 4319304.093, 92
Trd, 4319304.743, 98
Trd, 4319305.843, 109
Trd, 4319306.993, 135
Trd, 4319307.493, 103
Trd, 4319309.643, 140
Trd, 4319309.743, 140
Trd, 4319310.043, 140
Trd, 4319311.243, 139
Trd, 4319313.143, 132
Trd, 4319313.493, 140
Trd, 4319313.843, 138
Trd, 4319314.543, 130
Trd, 4319316.743, 112
Trd, 4319316.893, 135
Trd, 4319317.093, 117
Trd, 4319317.943, 139
Trd, 4319318.693, 140
Trd, 4319320.643, 140
Trd, 4319321.843, 140
Trd, 4319321.993, 140
Trd, 4319322.793, 140
Trd, 4319322.843, 132
Trd, 4319323.743, 140
Trd, 4319324.793, 140
Trd, 4319326.943, 140
Trd, 4319328.993, 140
Trd, 4319330.993, 140
Trd, 4319331.143, 140
Trd, 4319332.343, 140
Trd, 4319332.793, 140
Trd, 4319333.343, 139
Trd, 4319334.093, 140
Trd, 4319334.443, 76
Trd, 4319334.643, 140
Trd, 4319335.593, 140
Trd, 4319335.793, 140
Trd, 4319337.793, 138
Trd, 4319338.643, 140
Trd, 4319339.593, 140
Trd, 4319340.243, 140
Trd, 4319340.793, 140
Trd, 4319342.843, 140
Trd, 4319343.293, 139
Trd, 4319343.843, 138
Trd, 4319344.143, 126
Trd, 4319345.043, 94
Trd, 4319346.693, 66
Trd, 4319346.893, 65
Trd, 4319347.043, 71
Trd, 4319347.093, 81
Trd, 4319348.243, 63
Trd, 4319348.393, 70
Trd, 4319348.543, 62
Trd, 4319350.693, 78
Trd, 4319352.543, 99
Trd, 4319352.693, 90
Trd, 4319354.593, 111
Trd, 4319355.093, 111
Trd, 4319355.143, 94
Trd, 4319356.193, 140
Trd, 4319356.993, 140
Trd, 4319358.693, 140
Trd, 4319358.943, 140
Trd, 4319359.293, 140
Trd, 4319360.343, 140
Trd, 4319362.393, 140
Trd, 4319362.743, 140
Trd, 4319366.343, 140
Trd, 4319367.143, 140
Trd, 4319367.193, 140
Trd, 4319368.343, 140
Trd, 4319368.443, 140
Trd, 4319368.593, 140
Trd, 4319369.143, 140
Trd, 4319371.443, 140
Trd, 4319371.943, 140
Trd, 4319372.043, 140
Trd, 4319373.993, 140
Trd, 4319374.043, 140
Trd, 4319375.593, 139
Trd, 4319375.743, 138
Trd, 4319376.293, 114
Trd, 4319377.143, 99
Trd, 4319377.843, 139
Trd, 4319377.893, 120
Trd, 4319378.993, 123
Trd, 4319381.193, 140
Trd, 4319382.843, 140
Trd, 4319382.993, 140
Trd, 4319383.393, 140
Trd, 4319384.943, 96
Trd, 4319385.743, 140
Trd, 4319385.843, 139
Trd, 4319386.743, 139
Trd, 4319388.943, 140
Trd, 4319389.093, 139
Trd, 4319389.193, 138
Trd, 4319389.943, 139
Trd, 4319390.193, 108
Trd, 4319390.943, 83
Trd, 4319392.743, 87
Trd, 4319393.393, 75
Trd, 4319395.643, 127
Trd, 4319396.693, 140
Trd, 4319397.793, 140
Trd, 4319398.093, 140
Trd, 4319398.443, 140
Trd, 4319400.393, 109
Trd, 4319401.793, 140
Trd, 4319401.993, 96
Trd, 4319402.693, 140
Trd, 4319404.093, 140
Trd, 4319404.293, 140
Trd, 4319404.443, 99
Trd, 4319407.093, 140
Trd, 4319407.543, 140
Trd, 4319407.943, 139
Trd, 4319409.643, 140
Trd, 4319410.593, 140
Trd, 4319412.943, 140
Trd, 4319413.093, 140
Trd, 4319414.593, 140
Trd, 4319415.043, 140
Trd, 4319415.543, 140
Trd, 4319415.793, 140
Trd, 4319417.693, 138
Trd, 4319418.593, 139
Trd, 4319420.193, 120
Trd, 4319422.493, 140
Trd, 4319423.043, 140
Trd, 4319423.493, 140
Trd, 4319423.993, 140
Trd, 4319426.993, 140
Trd, 4319427.043, 140
Trd, 4319430.093, 140
Trd, 4319430.243, 140
Trd, 4319431.043, 140
Trd, 4319431.243, 138
Trd, 4319431.593, 138
Trd, 4319432.393, 122
Trd, 4319433.593, 136
Trd, 4319434.493, 140
Trd, 4319435.393, 140
Trd, 4319435.443, 139
Trd, 4319438.543, 140
Trd, 4319438.793, 140
Trd, 4319440.043, 140
Trd, 4319440.393, 140
Trd, 4319440.493, 140
Trd, 4319441.043, 139
Trd, 4319442.793, 140
Trd, 4319442.843, 139
Trd, 4319443.793, 88
Trd, 4319446.493, 140
Trd, 4319446.693, 140
Trd, 4319447.343, 140
Trd, 4319447.793, 140
Trd, 4319449.693, 140
Trd, 4319450.093, 140
Trd, 4319450.893, 137
Trd, 4319451.743, 139
Trd, 4319452.443, 104
Trd, 4319452.493, 138
Trd, 4319452.643, 92
Trd, 4319454.693, 138
Trd, 4319455.243, 108
Trd, 4319457.143, 111
Trd, 4319458.393, 74
Trd, 4319458.643, 70
Trd, 4319458.693, 65
Trd, 4319459.243, 140
Trd, 4319460.293, 140
Trd, 4319460.943, 140
Trd, 4319461.893, 138
Trd, 4319462.793, 81
Trd, 4319463.243, 101
Trd, 4319463.543, 101
Trd, 4319464.043, 108
Trd, 4319466.943, 104
Trd, 4319467.593, 102
Trd, 4319468.643, 120
Trd, 4319468.943, 120
Trd, 4319469.693, 140
Trd, 4319469.993, 139
Trd, 4319471.193, 140
Trd, 4319473.793, 140
Trd, 4319475.593, 140
Trd, 4319476.243, 140
Trd, 4319476.643, 140
Trd, 4319477.243, 139
Trd, 4319478.143, 107
Trd, 4319479.193, 140
Trd, 4319480.543, 140
Trd, 4319482.293, 140
Trd, 4319482.593, 140
Trd, 4319483.643, 115
Trd, 4319483.943, 140
Trd, 4319484.993, 140
Trd, 4319485.293, 140
Trd, 4319485.943, 140
Trd, 4319487.893, 139
Trd, 4319488.343, 140
Trd, 4319488.443, 140
Trd, 4319491.343, 119
Trd, 4319491.493, 118
Trd, 4319491.593, 91
Trd, 4319491.893, 90
Trd, 4319492.043, 83
Trd, 4319492.193, 127
Trd, 4319494.093, 108
Trd, 4319495.243, 139
Trd, 4319495.343, 139
Trd, 4319496.543, 78
Trd, 4319497.393, 85
Trd, 4319497.593, 90
Trd, 4319498.093, 76
Trd, 4319498.893, 60
Trd, 4319499.143, 72
Trd, 4319502.843, 110
Trd, 4319504.643, 140
Trd, 4319505.343, 140
Trd, 4319505.443, 140
Trd, 4319505.493, 140
Trd, 4319506.143, 140
Trd, 4319506.343, 140
Trd, 4319507.443, 112
Trd, 4319508.293, 121
Trd, 4319508.543, 101
Trd, 4319508.693, 100
Trd, 4319509.843, 135
Trd, 4319510.193, 122
Trd, 4319510.643, 94
Trd, 4319512.443, 140
Trd, 4319513.293, 140
Trd, 4319516.393, 140
Trd, 4319516.543, 140
Trd, 4319516.793, 140
Trd, 4319517.593, 134
Trd, 4319519.143, 140
Trd, 4319519.193, 140
Trd, 4319519.243, 140
Trd, 4319520.593, 138
Trd, 4319522.593, 118
Trd, 4319523.743, 106
Trd, 4319524.393, 105
Trd, 4319524.543, 127
Trd, 4319524.943, 134
Trd, 4319525.393, 135
Trd, 4319526.543, 117
Trd, 4319526.843, 117
Trd, 4319528.193, 116
Trd, 4319528.793, 140
Trd, 4319529.493, 128
Trd, 4319529.793, 138
Trd, 4319530.993, 140
Trd, 4319532.443, 125
Trd, 4319535.093, 140
Trd, 4319535.193, 139
Trd, 4319535.443, 140
Trd, 4319536.093, 139
Trd, 4319536.243, 121
Trd, 4319536.393, 99
Trd, 4319537.343, 113
Trd, 4319539.043, 139
Trd, 4319539.093, 138
Trd, 4319539.593, 96
Trd, 4319540.093, 138
Trd, 4319542.343, 95
Trd, 4319543.193, 94
Trd, 4319544.493, 100
Trd, 4319546.443, 140
Trd, 4319547.143, 140
Trd, 4319547.393, 139
Trd, 4319548.293, 138
Trd, 4319548.643, 86
Trd, 4319549.093, 140
Trd, 4319549.893, 93
Trd, 4319551.193, 103
Trd, 4319551.743, 90
Trd, 4319552.043, 88
Trd, 4319552.293, 94
Trd, 4319552.593, 120
Trd, 4319552.993, 120
Trd, 4319555.443, 92
Trd, 4319556.093, 139
Trd, 4319557.193, 140
Trd, 4319558.043, 139
Trd, 4319559.143, 140
Trd, 4319559.543, 136
Trd, 4319560.443, 130
Trd, 4319562.093, 140
Trd, 4319563.543, 136
Trd, 4319563.593, 135
Trd, 4319563.693, 103
Trd, 4319564.193, 92
Trd, 4319564.293, 131
Trd, 4319566.793, 140
Trd, 4319567.343, 140
Trd, 4319569.343, 140
Trd, 4319569.593, 138
Trd, 4319570.393, 128
Trd, 4319570.593, 111
Trd, 4319572.193, 139
Trd, 4319572.993, 139
Trd, 4319573.893, 138
Trd, 4319574.893, 139
Trd, 4319575.593, 138
Trd, 4319575.643, 137
Trd, 4319576.343, 107
Trd, 4319576.643, 106
Trd, 4319577.193, 139
Trd, 4319579.193, 85
Trd, 4319580.943, 140
Trd, 4319581.943, 121
Trd, 4319582.293, 139
Trd, 4319582.743, 121
Trd, 4319583.293, 115
Trd, 4319584.193, 140
Trd, 4319585.343, 140
Trd, 4319585.843, 138
Trd, 4319587.143, 140
Trd, 4319587.593, 140
Trd, 4319589.243, 140
Trd, 4319589.543, 117
Trd, 4319590.843, 90
Trd, 4319592.543, 140
Trd, 4319592.993, 140
Trd, 4319593.493, 140
Trd, 4319593.543, 139
Trd, 4319593.643, 139
Trd, 4319594.843, 140
Trd, 4319595.743, 140
Trd, 4319595.893, 140
Trd, 4319597.793, 140
Trd, 4319597.943, 140
Trd, 4319598.893, 140
Trd, 4319599.493, 136
Trd, 4319600.543, 118
Trd, 4319601.543, 140
Trd, 4319601.693, 124
Trd, 4319603.843, 119
Trd, 4319604.793, 98
Trd, 4319605.143, 87
Trd, 4319606.043, 140
Trd, 4319606.943, 105
Trd, 4319607.193, 123
Trd, 4319607.443, 139
Trd, 4319607.843, 112
Trd, 4319609.043, 139
Trd, 4319610.993, 139
Trd, 4319611.093, 133
Trd, 4319611.193, 101
Trd, 4319612.793, 140
Trd, 4319612.943, 140
Trd, 4319614.243, 117
Trd, 4319615.693, 140
Trd, 4319616.493, 138
Trd, 4319616.643, 137
Trd, 4319617.793, 117
Trd, 4319617.893, 112
Trd, 4319618.493, 77
Trd, 4319618.993, 78
Trd, 4319619.093, 79
Trd, 4319619.893, 139
Trd, 4319619.993, 100
Trd, 4319622.843, 64
Trd, 4319623.193, 77
Trd, 4319623.943, 90
Trd, 4319624.393, 70
Trd, 4319624.843, 99
Trd, 4319625.043, 77
Trd, 4319625.243, 138
Trd, 4319626.093, 106
Trd, 4319626.693, 80
Trd, 4319628.393, 97
Trd, 4319628.993, 91
Trd, 4319630.843, 140
Trd, 4319631.643, 140
Trd, 4319631.893, 140
Trd, 4319632.393, 140
Trd, 4319633.643, 140
Trd, 4319634.493, 140
Trd, 4319635.293, 139
Trd, 4319636.443, 140
Trd, 4319637.593, 140
Trd, 4319638.843, 140
Trd, 4319639.643, 140
Trd, 4319641.343, 140
Trd, 4319641.793, 140
Trd, 4319643.143, 140
Trd, 4319643.243, 140
Trd, 4319643.893, 140
Trd, 4319643.993, 138
Trd, 4319644.143, 138
Trd, 4319647.193, 140
Trd, 4319647.593, 140
Trd, 4319647.993, 140
Trd, 4319648.743, 140
Trd, 4319649.143, 140
Trd, 4319650.693, 140
Trd, 4319651.543, 140
Trd, 4319651.693, 140
Trd, 4319652.243, 140
Trd, 4319653.543, 140
Trd, 4319653.743, 140
Trd, 4319655.543, 140
Trd, 4319656.943, 140
Trd, 4319657.393, 140
Trd, 4319657.893, 140
Trd, 4319658.293, 140
Trd, 4319658.743, 140
Trd, 4319659.593, 139
Trd, 4319661.443, 68
Trd, 4319661.543, 92
Trd, 4319662.393, 140
Trd, 4319664.143, 140
Trd, 4319664.693, 102
Trd, 4319667.993, 140
Trd, 4319669.343, 140
Trd, 4319669.643, 140
Trd, 4319669.743, 140
Trd, 4319670.343, 99
Trd, 4319671.293, 139
Trd, 4319671.843, 139
Trd, 4319672.843, 113
Trd, 4319673.343, 140
Trd, 4319674.243, 140
Trd, 4319675.193, 133
Trd, 4319675.443, 117
Trd, 4319676.593, 101
Trd, 4319677.043, 97
Trd, 4319678.543, 140
Trd, 4319679.343, 140
Trd, 4319679.443, 140
Trd, 4319680.643, 140
Trd, 4319684.143, 140
Trd, 4319684.193, 140
Trd, 4319684.293, 140
Trd, 4319685.493, 140
Trd, 4319685.643, 105
Trd, 4319686.293, 138
Trd, 4319687.543, 140
Trd, 4319688.793, 140
Trd, 4319689.243, 140
Trd, 4319691.593, 140
Trd, 4319692.243, 140
Trd, 4319692.343, 140
Trd, 4319692.693, 140
Trd, 4319696.293, 140
Trd, 4319697.443, 140
Trd, 4319697.793, 140
Trd, 4319698.293, 140
Trd, 4319699.593, 140
Trd, 4319700.743, 140
Trd, 4319701.143, 140
Trd, 4319703.243, 140
Trd, 4319703.893, 140
Trd, 4319704.243, 139
Trd, 4319704.843, 140
Trd, 4319706.143, 140
Trd, 4319707.143, 140
Trd, 4319707.293, 133
Trd, 4319707.543, 123
Trd, 4319709.243, 140
Trd, 4319709.993, 140
Trd, 4319710.243, 140
Trd, 4319711.543, 138
Trd, 4319711.643, 137
Trd, 4319712.293, 137
Trd, 4319712.593, 128
Trd, 4319713.843, 138
Trd, 4319714.243, 136
Trd, 4319716.393, 140
Trd, 4319717.293, 101
Trd, 4319718.593, 138
Trd, 4319721.143, 112
Trd, 4319722.393, 126
Trd, 4319722.743, 108
Trd, 4319723.693, 107
Trd, 4319723.793, 106
Trd, 4319724.193, 79
Trd, 4319724.543, 60
Trd, 4319724.643, 99
Trd, 4319726.693, 140
Trd, 4319727.493, 140
Trd, 4319727.693, 140
Trd, 4319728.493, 140
Trd, 4319728.943, 89
Trd, 4319731.793, 138
Trd, 4319732.243, 140
Trd, 4319733.493, 140
Trd, 4319733.743, 140
Trd, 4319735.293, 140
Trd, 4319735.443, 139
Trd, 4319738.293, 122
Trd, 4319738.593, 111
Trd, 4319739.243, 112
Trd, 4319739.343, 140
Trd, 4319739.693, 110
Trd, 4319739.793, 84
Trd, 4319740.743, 61
Trd, 4319741.493, 66
Trd, 4319743.393, 67
Trd, 4319743.793, 60
Trd, 4319745.093, 70
Trd, 4319745.543, 89
Trd, 4319745.993, 97
Trd, 4319746.043, 96
Trd, 4319748.293, 140
Trd, 4319748.543, 140
Trd, 4319749.343, 140
Trd, 4319749.893, 140
Trd, 4319750.993, 140
Trd, 4319753.643, 140
Trd, 4319754.393, 140
Trd, 4319754.493, 140
Trd, 4319755.343, 139
Trd, 4319757.993, 124
Trd, 4319758.893, 115
Trd, 4319759.343, 111
Trd, 4319759.643, 110
Trd, 4319760.593, 140
Trd, 4319761.443, 98
Trd, 4319761.543, 140
Trd, 4319762.093, 97
Trd, 4319764.093, 140
Trd, 4319764.993, 140
Trd, 4319765.143, 140
Trd, 4319765.243, 140
Trd, 4319767.743, 140
Trd, 4319768.743, 140
Trd, 4319769.043, 140
Trd, 4319769.493, 140
Trd, 4319769.543, 137
Trd, 4319769.843, 119
Trd, 4319771.093, 140
Trd, 4319771.593, 140
Trd, 4319772.693, 140
Trd, 4319772.893, 139
Trd, 4319773.543, 91
Trd, 4319773.943, 63
Trd, 4319775.943, 122
Trd, 4319776.243, 80
Trd, 4319777.393, 140
Trd, 4319777.593, 140
Trd, 4319777.993, 140
Trd, 4319778.693, 140
Trd, 4319779.493, 102
Trd, 4319779.943, 84
Trd, 4319781.543, 140
Trd, 4319782.493, 140
Trd, 4319782.693, 140
Trd, 4319784.193, 140
Trd, 4319784.543, 140
Trd, 4319784.943, 140
Trd, 4319786.543, 140
Trd, 4319786.693, 138
Trd, 4319788.143, 138
Trd, 4319788.843, 140
Trd, 4319789.893, 115
Trd, 4319790.293, 119
Trd, 4319791.743, 129
Trd, 4319792.343, 127
Trd, 4319792.443, 98
Trd, 4319792.743, 140
Trd, 4319794.293, 140
Trd, 4319796.043, 140
Trd, 4319797.143, 140
Trd, 4319798.243, 140
Trd, 4319799.193, 140
Trd, 4319799.743, 140
Trd, 4319800.093, 140
Trd, 4319801.893, 139
Trd, 4319802.343, 140
Trd, 4319802.893, 140
Trd, 4319803.493, 140
Trd, 4319804.143, 131
Trd, 4319804.443, 104
Trd, 4319804.993, 107
Trd, 4319805.393, 115
Trd, 4319809.293, 140
Trd, 4319809.743, 140
Trd, 4319810.393, 140
Trd, 4319810.443, 140
Trd, 4319811.993, 140
Trd, 4319812.893, 140
Trd, 4319813.693, 140
Trd, 4319815.543, 140
Trd, 4319815.643, 140
Trd, 4319815.893, 140
Trd, 4319816.243, 134
Trd, 4319816.993, 140
Trd, 4319819.193, 91
Trd, 4319819.493, 101
Trd, 4319819.693, 87
Trd, 4319820.393, 63
Trd, 4319821.643, 60
Trd, 4319821.793, 72
Trd, 4319822.143, 73
Trd, 4319822.393, 69
Trd, 4319822.693, 108
Trd, 4319825.443, 140
Trd, 4319826.993, 140
Trd, 4319828.193, 140
Trd, 4319829.143, 138
Trd, 4319829.943, 139
Trd, 4319831.743, 140
Trd, 4319832.343, 140
Trd, 4319833.593, 140
Trd, 4319834.693, 140
Trd, 4319835.193, 140
Trd, 4319835.843, 139
Trd, 4319836.743, 104
Trd, 4319836.993, 104
Trd, 4319837.143, 136
Trd, 4319837.743, 140
Trd, 4319838.293, 102
Trd, 4319840.043, 140
Trd, 4319841.493, 140
Trd, 4319842.293, 140
Trd, 4319842.393, 140
Trd, 4319842.793, 140
Trd, 4319845.243, 103
Trd, 4319845.293, 102
Trd, 4319845.743, 122
Trd, 4319845.793, 125
Trd, 4319846.243, 104
Trd, 4319847.193, 126
Trd, 4319847.993, 104
Trd, 4319848.543, 101
Trd, 4319848.843, 100
Trd, 4319849.093, 139
Trd, 4319849.393, 78
Trd, 4319852.143, 124
Trd, 4319852.643, 124
Trd, 4319853.193, 140
Trd, 4319853.343, 139
Trd, 4319854.093, 66
Trd, 4319855.693, 73
Trd, 4319857.493, 140
Trd, 4319857.843, 140
Trd, 4319857.943, 140
Trd, 4319858.993, 140
Trd, 4319860.643, 140
Trd, 4319861.393, 140
Trd, 4319861.793, 140
Trd, 4319861.943, 139
Trd, 4319862.593, 104
Trd, 4319864.243, 63
Trd, 4319865.793, 126
Trd, 4319866.443, 125
Trd, 4319868.043, 140
Trd, 4319868.093, 139
Trd, 4319869.593, 82
Trd, 4319869.743, 105
Trd, 4319869.893, 114
Trd, 4319870.243, 79
Trd, 4319870.643, 76
Trd, 4319874.793, 140
Trd, 4319875.843, 140
Trd, 4319877.693, 140
Trd, 4319879.493, 140
Trd, 4319879.693, 140
Trd, 4319881.093, 140
Trd, 4319881.293, 140
Trd, 4319883.143, 140
Trd, 4319884.193, 140
Trd, 4319886.093, 140
Trd, 4319886.293, 140
Trd, 4319887.093, 98
Trd, 4319889.193, 140
Trd, 4319890.943, 85
Trd, 4319891.143, 99
Trd, 4319892.193, 140
Trd, 4319894.793, 140
Trd, 4319895.043, 140
Trd, 4319895.893, 140
Trd, 4319898.093, 140
Trd, 4319898.393, 140
Trd, 4319898.593, 140
Trd, 4319898.793, 116
Trd, 4319901.793, 140
Trd, 4319902.343, 140
Trd, 4319903.843, 140
Trd, 4319903.943, 140
Trd, 4319904.043, 140
Trd, 4319904.293, 139
Trd, 4319904.993, 116
Trd, 4319907.393, 140
Trd, 4319909.243, 140
Trd, 4319910.093, 140
Trd, 4319910.193, 140
Trd, 4319912.643, 140
Trd, 4319913.293, 140
Trd, 4319915.843, 140
Trd, 4319916.493, 140
Trd, 4319916.843, 140
Trd, 4319917.343, 140
Trd, 4319917.543, 137
Trd, 4319919.093, 140
Trd, 4319919.293, 140
Trd, 4319919.343, 138
Trd, 4319920.843, 139
Trd, 4319921.343, 110
Trd, 4319923.843, 140
Trd, 4319924.493, 140
Trd, 4319924.643, 140
Trd, 4319925.443, 109
Trd, 4319925.693, 108
Trd, 4319926.793, 63
Trd, 4319927.043, 78
Trd, 4319927.793, 139
Trd, 4319929.043, 139
Trd, 4319930.693, 140
Trd, 4319931.193, 69
Trd, 4319931.593, 60
Trd, 4319932.893, 117
Trd, 4319933.293, 124
Trd, 4319933.593, 133
Trd, 4319933.893, 81
Trd, 4319935.793, 140
Trd, 4319936.493, 140
Trd, 4319937.293, 140
Trd, 4319938.993, 140
Trd, 4319939.443, 140
Trd, 4319939.543, 140
Trd, 4319940.743, 140
Trd, 4319942.743, 140
Trd, 4319943.543, 140
Trd, 4319944.443, 140
Trd, 4319946.543, 139
Trd, 4319946.743, 140
Trd, 4319947.043, 137
Trd, 4319949.243, 98
Trd, 4319949.743, 89
Trd, 4319950.243, 88
Trd, 4319950.443, 108
Trd, 4319951.443, 140
Trd, 4319952.143, 128
Trd, 4319952.543, 86
Trd, 4319952.743, 85
Trd, 4319955.793, 119
Trd, 4319956.043, 116
Trd, 4319956.593, 139
Trd, 4319957.893, 81
Trd, 4319958.493, 95
Trd, 4319958.893, 106
Trd, 4319960.593, 140
Trd, 4319961.993, 140
Trd, 4319962.493, 140
Trd, 4319963.393, 140
Trd, 4319963.893, 140
Trd, 4319965.643, 140
Trd, 4319965.943, 128
Trd, 4319966.493, 127
Trd, 4319966.793, 93
Trd, 4319966.843, 101
Trd, 4319968.693, 140
Trd, 4319969.993, 140
Trd, 4319970.293, 140
Trd, 4319970.543, 140
Trd, 4319970.643, 140
Trd, 4319971.143, 140
Trd, 4319971.843, 140
Trd, 4319973.843, 127
Trd, 4319974.893, 108
Trd, 4319975.493, 140
Trd, 4319975.593, 103
Trd, 4319976.743, 81
Trd, 4319977.793, 97
Trd, 4319978.693, 81
Trd, 4319979.293, 82
Trd, 4319979.493, 86
Trd, 4319979.743, 99
Trd, 4319980.393, 113
Trd, 4319980.593, 111
Trd, 4319980.893, 117
Trd, 4319981.593, 131
Trd, 4319984.143, 98
Trd, 4319984.193, 130
Trd, 4319984.693, 65
Trd, 4319984.843, 83
Trd, 4319985.043, 62
Trd, 4319986.893, 140
Trd, 4319988.593, 140
Trd, 4319989.393, 140
Trd, 4319990.343, 140
Trd, 4319990.943, 140
Trd, 4319991.093, 140
Trd, 4319991.993, 140
Trd, 4319992.493, 140
Trd, 4319994.643, 140
Trd, 4319994.793, 139
Trd, 4319994.943, 139
Trd, 4319996.443, 105
Trd, 4319996.693, 92
Trd, 4319998.293, 140
Trd, 4319998.793, 140
Trd, 4319999.343, 140
