Trd, 4318166.193, 64
Trd, 4318166.443, 60
Trd, 4318167.143, 68
Trd, 4318167.593, 61
Trd, 4318170.093, 60
Trd, 4318170.243, 60
Trd, 4318170.393, 61
Trd, 4318170.743, 61
Trd, 4318171.243, 61
Trd, 4318173.693, 60
Trd, 4318174.543, 61
Trd, 4318174.643, 62
Trd, 4318176.193, 61
Trd, 4318176.543, 64
Trd, 4318176.843, 64
Trd, 4318177.843, 61
Trd, 4318178.493, 63
Trd, 4318178.593, 62
Trd, 4318179.243, 60
Trd, 4318179.693, 60
Trd, 4318179.793, 71
Trd, 4318181.193, 136
Trd, 4318181.243, 135
Trd, 4318182.393, 63
Trd, 4318182.743, 67
Trd, 4318183.543, 86
Trd, 4318184.593, 64
Trd, 4318184.943, 60
Trd, 4318185.693, 60
Trd, 4318186.443, 60
Trd, 4318188.543, 62
Trd, 4318188.793, 61
Trd, 4318189.043, 62
Trd, 4318189.393, 64
Trd, 4318189.493, 78
Trd, 4318189.643, 63
Trd, 4318190.093, 60
Trd, 4318190.393, 114
Trd, 4318190.893, 140
Trd, 4318191.593, 139
Trd, 4318193.093, 60
Trd, 4318193.443, 61
Trd, 4318193.693, 60
Trd, 4318194.393, 62
Trd, 4318197.243, 61
Trd, 4318197.393, 61
Trd, 4318199.443, 62
Trd, 4318199.543, 63
Trd, 4318200.143, 60
Trd, 4318200.893, 60
Trd, 4318202.043, 61
Trd, 4318202.543, 60
Trd, 4318202.593, 67
Trd, 4318204.393, 61
Trd, 4318204.693, 66
Trd, 4318205.443, 64
Trd, 4318205.543, 61
Trd, 4318205.693, 60
Trd, 4318206.493, 97
Trd, 4318206.643, 64
Trd, 4318206.743, 62
Trd, 4318207.643, 62
Trd, 4318208.393, 62
Trd, 4318208.693, 62
Trd, 4318208.743, 63
Trd, 4318209.943, 63
Trd, 4318210.193, 71
Trd, 4318210.593, 70
Trd, 4318211.393, 140
Trd, 4318211.493, 140
Trd, 4318211.843, 140
Trd, 4318212.293, 85
Trd, 4318212.793, 70
Trd, 4318214.143, 66
Trd, 4318214.543, 68
Trd, 4318214.593, 62
Trd, 4318214.993, 136
Trd, 4318216.243, 61
Trd, 4318216.343, 67
Trd, 4318216.693, 68
Trd, 4318217.043, 74
Trd, 4318217.793, 61
Trd, 4318218.193, 134
Trd, 4318219.393, 139
Trd, 4318219.493, 139
Trd, 4318220.993, 60
Trd, 4318221.693, 73
Trd, 4318221.943, 96
Trd, 4318223.143, 60
Trd, 4318223.543, 60
Trd, 4318223.743, 61
Trd, 4318224.443, 60
Trd, 4318225.293, 62
Trd, 4318226.743, 62
Trd, 4318227.293, 60
Trd, 4318229.093, 62
Trd, 4318229.393, 66
Trd, 4318229.493, 62
Trd, 4318229.843, 61
Trd, 4318230.143, 64
Trd, 4318230.293, 66
Trd, 4318231.443, 61
Trd, 4318231.743, 61
Trd, 4318233.043, 63
Trd, 4318233.993, 61
Trd, 4318234.743, 63
Trd, 4318235.093, 63
Trd, 4318235.893, 60
Trd, 4318237.343, 61
Trd, 4318237.943, 68
Trd, 4318238.143, 72
Trd, 4318238.193, 89
Trd, 4318239.393, 140
Trd, 4318240.993, 63
Trd, 4318242.143, 61
Trd, 4318242.843, 60
Trd, 4318243.343, 60
Trd, 4318243.643, 63
Trd, 4318244.293, 67
Trd, 4318245.043, 115
Trd, 4318245.193, 114
Trd, 4318245.793, 64
Trd, 4318246.093, 78
Trd, 4318247.043, 76
Trd, 4318248.293, 61
Trd, 4318249.443, 62
Trd, 4318250.243, 60
Trd, 4318250.293, 65
Trd, 4318250.993, 72
Trd, 4318251.343, 64
Trd, 4318251.493, 139
Trd, 4318252.143, 62
Trd, 4318254.093, 62
Trd, 4318254.543, 70
Trd, 4318254.843, 139
Trd, 4318255.743, 63
Trd, 4318256.043, 64
Trd, 4318257.393, 65
Trd, 4318258.493, 61
Trd, 4318258.843, 62
Trd, 4318259.293, 60
Trd, 4318259.343, 65
Trd, 4318261.843, 61
Trd, 4318262.293, 60
Trd, 4318262.993, 61
Trd, 4318263.393, 60
Trd, 4318263.643, 62
Trd, 4318263.843, 65
Trd, 4318264.193, 61
Trd, 4318264.993, 66
Trd, 4318265.843, 140
Trd, 4318265.893, 140
Trd, 4318266.693, 60
Trd, 4318266.843, 104
Trd, 4318267.443, 68
Trd, 4318267.643, 67
Trd, 4318268.793, 61
Trd, 4318269.093, 63
Trd, 4318270.643, 62
Trd, 4318270.793, 60
Trd, 4318271.293, 60
Trd, 4318272.143, 62
Trd, 4318272.443, 63
Trd, 4318272.543, 65
Trd, 4318273.043, 61
Trd, 4318273.393, 98
Trd, 4318274.743, 63
Trd, 4318275.193, 84
Trd, 4318275.643, 140
Trd, 4318276.293, 140
Trd, 4318276.343, 73
Trd, 4318276.843, 80
Trd, 4318278.293, 60
Trd, 4318279.093, 61
Trd, 4318279.993, 63
Trd, 4318280.043, 64
Trd, 4318280.443, 65
Trd, 4318281.193, 60
Trd, 4318282.643, 60
Trd, 4318282.993, 60
Trd, 4318284.443, 61
Trd, 4318284.843, 60
Trd, 4318286.143, 61
Trd, 4318286.543, 60
Trd, 4318286.643, 61
Trd, 4318287.393, 62
Trd, 4318287.743, 63
Trd, 4318287.843, 61
Trd, 4318288.193, 61
Trd, 4318289.243, 60
Trd, 4318289.343, 60
Trd, 4318289.393, 64
Trd, 4318289.943, 60
Trd, 4318291.493, 60
Trd, 4318291.793, 61
Trd, 4318292.043, 64
Trd, 4318292.893, 140
Trd, 4318293.443, 138
Trd, 4318294.093, 72
Trd, 4318294.143, 71
Trd, 4318294.393, 131
Trd, 4318295.293, 60
Trd, 4318296.193, 140
Trd, 4318296.543, 139
Trd, 4318296.843, 138
Trd, 4318297.393, 139
Trd, 4318298.593, 140
Trd, 4318298.793, 140
Trd, 4318299.193, 140
Trd, 4318299.343, 140
Trd, 4318299.443, 138
Trd, 4318300.093, 60
Trd, 4318300.993, 117
Trd, 4318301.143, 140
Trd, 4318302.793, 61
Trd, 4318304.143, 63
Trd, 4318304.293, 70
Trd, 4318305.093, 66
Trd, 4318306.943, 61
Trd, 4318307.343, 62
Trd, 4318308.193, 61
Trd, 4318309.293, 60
Trd, 4318309.993, 61
Trd, 4318310.393, 64
Trd, 4318310.543, 63
Trd, 4318310.643, 65
Trd, 4318310.693, 67
Trd, 4318310.843, 61
Trd, 4318311.243, 71
Trd, 4318311.593, 140
Trd, 4318314.443, 61
Trd, 4318315.393, 60
Trd, 4318315.493, 61
Trd, 4318315.693, 60
Trd, 4318316.143, 62
Trd, 4318316.643, 61
Trd, 4318316.943, 63
Trd, 4318317.693, 61
Trd, 4318317.943, 61
Trd, 4318318.543, 64
Trd, 4318319.443, 140
Trd, 4318319.943, 140
Trd, 4318320.043, 140
Trd, 4318320.343, 61
Trd, 4318320.793, 140
Trd, 4318322.093, 62
Trd, 4318322.393, 60
Trd, 4318323.643, 61
Trd, 4318325.493, 60
Trd, 4318325.643, 60
Trd, 4318325.743, 62
Trd, 4318326.993, 62
Trd, 4318328.093, 60
Trd, 4318329.043, 61
Trd, 4318329.093, 61
Trd, 4318329.543, 67
Trd, 4318329.893, 65
Trd, 4318330.893, 62
Trd, 4318331.043, 61
Trd, 4318331.343, 60
Trd, 4318331.393, 91
Trd, 4318333.043, 64
Trd, 4318333.593, 60
Trd, 4318333.943, 66
Trd, 4318334.543, 83
Trd, 4318334.693, 69
Trd, 4318335.593, 140
Trd, 4318336.493, 61
Trd, 4318337.843, 61
Trd, 4318338.143, 61
Trd, 4318339.243, 64
Trd, 4318340.343, 63
Trd, 4318340.993, 60
Trd, 4318341.943, 60
Trd, 4318343.393, 62
Trd, 4318343.493, 63
Trd, 4318343.643, 62
Trd, 4318344.393, 63
Trd, 4318344.893, 62
Trd, 4318345.343, 65
Trd, 4318346.693, 63
Trd, 4318347.343, 60
Trd, 4318347.393, 62
Trd, 4318348.193, 64
Trd, 4318348.443, 72
Trd, 4318348.743, 72
Trd, 4318350.643, 63
Trd, 4318350.893, 65
Trd, 4318352.143, 61
Trd, 4318352.493, 63
Trd, 4318352.643, 140
Trd, 4318352.993, 139
Trd, 4318354.093, 61
Trd, 4318354.743, 61
Trd, 4318354.943, 66
Trd, 4318355.043, 77
Trd, 4318356.593, 60
Trd, 4318356.743, 62
Trd, 4318357.743, 140
Trd, 4318357.893, 140
Trd, 4318358.943, 140
Trd, 4318359.043, 139
Trd, 4318359.493, 62
Trd, 4318360.293, 138
Trd, 4318360.793, 60
Trd, 4318361.393, 137
Trd, 4318362.393, 60
Trd, 4318363.643, 61
Trd, 4318364.693, 61
Trd, 4318365.343, 61
Trd, 4318366.043, 61
Trd, 4318366.993, 61
Trd, 4318367.693, 60
Trd, 4318368.443, 60
Trd, 4318369.693, 60
Trd, 4318369.843, 63
Trd, 4318370.293, 64
Trd, 4318371.393, 60
Trd, 4318372.593, 60
Trd, 4318373.493, 60
Trd, 4318373.543, 64
Trd, 4318373.943, 60
Trd, 4318374.393, 62
Trd, 4318374.893, 61
Trd, 4318375.043, 67
Trd, 4318375.893, 60
Trd, 4318376.443, 61
Trd, 4318377.143, 61
Trd, 4318377.693, 63
Trd, 4318377.793, 61
Trd, 4318378.743, 60
Trd, 4318379.343, 60
Trd, 4318380.243, 62
Trd, 4318380.293, 64
Trd, 4318380.693, 65
Trd, 4318380.843, 66
Trd, 4318381.143, 66
Trd, 4318382.543, 60
Trd, 4318383.743, 60
Trd, 4318383.993, 63
Trd, 4318384.743, 64
Trd, 4318385.893, 60
Trd, 4318386.643, 61
Trd, 4318387.893, 65
Trd, 4318388.243, 65
Trd, 4318388.643, 60
Trd, 4318390.043, 62
Trd, 4318390.693, 62
Trd, 4318391.343, 62
Trd, 4318391.643, 67
Trd, 4318391.743, 69
Trd, 4318393.793, 60
Trd, 4318393.893, 61
Trd, 4318394.993, 67
Trd, 4318395.093, 70
Trd, 4318395.393, 61
Trd, 4318395.493, 117
Trd, 4318398.693, 60
Trd, 4318399.793, 60
Trd, 4318399.893, 60
Trd, 4318400.143, 61
Trd, 4318400.843, 68
Trd, 4318402.543, 61
Trd, 4318402.693, 62
Trd, 4318403.043, 63
Trd, 4318403.893, 60
Trd, 4318405.593, 60
Trd, 4318405.993, 60
Trd, 4318406.293, 61
Trd, 4318407.443, 62
Trd, 4318407.543, 67
Trd, 4318408.443, 64
Trd, 4318408.843, 67
Trd, 4318409.093, 69
Trd, 4318409.293, 66
Trd, 4318410.893, 64
Trd, 4318411.993, 63
Trd, 4318412.393, 60
Trd, 4318412.543, 60
Trd, 4318412.943, 63
Trd, 4318413.843, 140
Trd, 4318414.143, 140
Trd, 4318414.693, 140
Trd, 4318415.243, 138
Trd, 4318416.643, 140
Trd, 4318416.793, 140
Trd, 4318417.193, 140
Trd, 4318417.643, 140
Trd, 4318417.943, 139
Trd, 4318418.193, 139
Trd, 4318418.843, 139
Trd, 4318419.793, 65
Trd, 4318420.693, 98
Trd, 4318421.143, 93
Trd, 4318422.093, 61
Trd, 4318423.343, 61
Trd, 4318423.543, 62
Trd, 4318423.793, 62
Trd, 4318424.443, 60
Trd, 4318426.093, 63
Trd, 4318426.793, 68
Trd, 4318427.793, 60
Trd, 4318428.993, 60
Trd, 4318429.193, 65
Trd, 4318430.143, 68
Trd, 4318430.243, 72
Trd, 4318430.543, 70
Trd, 4318430.843, 72
Trd, 4318431.743, 62
Trd, 4318431.843, 61
Trd, 4318431.943, 64
Trd, 4318433.543, 60
Trd, 4318434.093, 62
Trd, 4318434.943, 61
Trd, 4318435.143, 68
Trd, 4318435.743, 60
Trd, 4318436.543, 123
Trd, 4318437.993, 60
Trd, 4318438.643, 60
Trd, 4318438.693, 62
Trd, 4318438.843, 66
Trd, 4318440.343, 64
Trd, 4318441.543, 60
Trd, 4318441.593, 61
Trd, 4318442.543, 65
Trd, 4318443.393, 60
Trd, 4318445.093, 60
Trd, 4318445.893, 60
Trd, 4318446.193, 63
Trd, 4318447.193, 60
Trd, 4318447.693, 61
Trd, 4318447.843, 61
Trd, 4318449.393, 61
Trd, 4318449.593, 61
Trd, 4318449.993, 61
Trd, 4318450.893, 61
Trd, 4318453.293, 60
Trd, 4318453.393, 62
Trd, 4318453.593, 60
Trd, 4318454.293, 61
Trd, 4318455.193, 61
Trd, 4318455.243, 63
Trd, 4318455.443, 67
Trd, 4318455.843, 62
Trd, 4318456.343, 62
Trd, 4318456.393, 66
Trd, 4318456.693, 61
Trd, 4318457.093, 68
Trd, 4318457.743, 79
Trd, 4318458.793, 60
Trd, 4318460.193, 62
Trd, 4318460.493, 64
Trd, 4318460.693, 66
Trd, 4318460.893, 60
Trd, 4318463.143, 62
Trd, 4318463.693, 62
Trd, 4318464.493, 61
Trd, 4318465.093, 60
Trd, 4318465.393, 61
Trd, 4318467.693, 60
Trd, 4318468.393, 60
Trd, 4318468.843, 61
Trd, 4318468.893, 65
Trd, 4318470.493, 60
Trd, 4318470.543, 62
Trd, 4318470.643, 62
Trd, 4318470.693, 62
Trd, 4318471.043, 61
Trd, 4318472.643, 64
Trd, 4318473.243, 69
Trd, 4318473.593, 77
Trd, 4318473.693, 68
Trd, 4318474.243, 62
Trd, 4318474.793, 138
Trd, 4318475.843, 140
Trd, 4318476.293, 140
Trd, 4318476.393, 137
Trd, 4318476.893, 60
Trd, 4318478.143, 61
Trd, 4318478.743, 60
Trd, 4318479.093, 60
Trd, 4318479.943, 60
Trd, 4318481.143, 60
Trd, 4318482.343, 60
Trd, 4318483.543, 63
Trd, 4318484.493, 62
Trd, 4318485.743, 60
Trd, 4318486.643, 61
Trd, 4318486.943, 61
Trd, 4318487.393, 62
Trd, 4318488.443, 60
Trd, 4318488.693, 63
Trd, 4318490.043, 60
Trd, 4318491.343, 60
Trd, 4318491.443, 60
Trd, 4318493.193, 60
Trd, 4318493.893, 60
Trd, 4318494.243, 60
Trd, 4318494.743, 62
Trd, 4318495.543, 62
Trd, 4318496.093, 60
Trd, 4318496.543, 60
Trd, 4318497.193, 60
Trd, 4318497.543, 60
Trd, 4318497.693, 61
Trd, 4318498.293, 60
Trd, 4318498.593, 61
Trd, 4318499.193, 60
Trd, 4318499.343, 60
Trd, 4318500.943, 60
Trd, 4318501.443, 62
Trd, 4318502.993, 62
Trd, 4318503.393, 60
Trd, 4318504.443, 68
Trd, 4318504.693, 71
Trd, 4318504.943, 67
Trd, 4318505.943, 63
Trd, 4318506.843, 61
Trd, 4318508.493, 61
Trd, 4318508.893, 61
Trd, 4318509.093, 65
Trd, 4318509.243, 67
Trd, 4318509.993, 66
Trd, 4318510.893, 61
Trd, 4318511.443, 65
Trd, 4318512.143, 62
Trd, 4318513.193, 62
Trd, 4318514.093, 60
Trd, 4318514.643, 65
Trd, 4318515.493, 62
Trd, 4318515.693, 63
Trd, 4318516.293, 63
Trd, 4318517.143, 60
Trd, 4318518.143, 62
Trd, 4318518.593, 62
Trd, 4318518.693, 68
Trd, 4318519.693, 132
Trd, 4318519.793, 85
Trd, 4318521.743, 60
Trd, 4318522.143, 62
Trd, 4318524.393, 61
Trd, 4318524.743, 61
Trd, 4318525.293, 62
Trd, 4318526.693, 60
Trd, 4318526.893, 61
Trd, 4318529.093, 60
Trd, 4318530.143, 62
Trd, 4318530.443, 61
Trd, 4318530.643, 63
Trd, 4318530.993, 60
Trd, 4318531.943, 60
Trd, 4318532.493, 60
Trd, 4318532.693, 62
Trd, 4318532.993, 62
Trd, 4318533.743, 60
Trd, 4318534.443, 60
Trd, 4318534.693, 62
Trd, 4318535.143, 62
Trd, 4318536.643, 60
Trd, 4318538.493, 61
Trd, 4318538.893, 60
Trd, 4318539.693, 62
Trd, 4318539.843, 62
Trd, 4318540.893, 63
Trd, 4318541.193, 65
Trd, 4318541.993, 115
Trd, 4318543.593, 60
Trd, 4318544.493, 60
Trd, 4318544.643, 64
Trd, 4318544.743, 65
Trd, 4318545.243, 61
Trd, 4318547.193, 60
Trd, 4318547.393, 61
Trd, 4318547.693, 60
Trd, 4318548.343, 60
Trd, 4318548.793, 61
Trd, 4318551.043, 60
Trd, 4318551.393, 60
Trd, 4318552.393, 60
Trd, 4318552.893, 61
Trd, 4318554.393, 61
Trd, 4318554.443, 60
Trd, 4318554.693, 60
Trd, 4318555.093, 63
Trd, 4318555.493, 60
Trd, 4318555.693, 60
Trd, 4318556.043, 84
Trd, 4318556.593, 60
Trd, 4318557.593, 60
Trd, 4318558.943, 62
Trd, 4318559.543, 63
Trd, 4318560.043, 66
Trd, 4318562.593, 60
Trd, 4318562.843, 60
Trd, 4318562.893, 61
Trd, 4318563.243, 63
Trd, 4318563.293, 70
Trd, 4318563.593, 60
Trd, 4318564.943, 63
Trd, 4318565.343, 66
Trd, 4318565.593, 67
Trd, 4318566.043, 61
Trd, 4318568.793, 60
Trd, 4318569.193, 61
Trd, 4318569.843, 63
Trd, 4318570.043, 63
Trd, 4318570.643, 60
Trd, 4318571.743, 60
Trd, 4318571.793, 62
Trd, 4318572.293, 62
Trd, 4318573.193, 60
Trd, 4318573.293, 65
Trd, 4318574.193, 62
Trd, 4318574.993, 62
Trd, 4318575.843, 60
Trd, 4318576.143, 60
Trd, 4318577.093, 60
Trd, 4318577.543, 67
Trd, 4318578.743, 60
Trd, 4318579.393, 66
Trd, 4318581.393, 63
Trd, 4318582.793, 62
Trd, 4318583.043, 60
Trd, 4318583.193, 63
Trd, 4318583.943, 63
Trd, 4318583.993, 64
Trd, 4318584.743, 63
Trd, 4318585.743, 60
Trd, 4318586.893, 61
Trd, 4318587.243, 60
Trd, 4318587.293, 62
Trd, 4318588.843, 60
Trd, 4318589.693, 64
Trd, 4318589.943, 65
Trd, 4318590.343, 68
Trd, 4318591.393, 62
Trd, 4318592.193, 60
Trd, 4318593.493, 61
Trd, 4318595.093, 60
Trd, 4318595.643, 61
Trd, 4318595.993, 67
Trd, 4318596.993, 61
Trd, 4318597.193, 69
Trd, 4318598.243, 61
Trd, 4318598.543, 62
Trd, 4318598.793, 60
Trd, 4318599.193, 70
Trd, 4318599.643, 60
Trd, 4318600.293, 63
Trd, 4318601.343, 64
Trd, 4318601.793, 65
Trd, 4318602.093, 64
Trd, 4318603.043, 60
Trd, 4318603.693, 60
Trd, 4318605.243, 60
Trd, 4318605.693, 62
Trd, 4318606.193, 61
Trd, 4318606.843, 61
Trd, 4318608.143, 63
Trd, 4318609.843, 61
Trd, 4318611.793, 62
Trd, 4318611.993, 60
Trd, 4318612.043, 62
Trd, 4318612.593, 60
Trd, 4318613.443, 61
Trd, 4318614.993, 60
Trd, 4318615.043, 61
Trd, 4318615.943, 60
Trd, 4318616.243, 64
Trd, 4318616.293, 64
Trd, 4318617.493, 62
Trd, 4318618.393, 65
Trd, 4318619.293, 67
Trd, 4318619.843, 64
Trd, 4318620.143, 63
Trd, 4318620.693, 63
Trd, 4318621.393, 68
Trd, 4318621.743, 64
Trd, 4318623.093, 140
Trd, 4318623.143, 140
Trd, 4318623.443, 140
Trd, 4318623.543, 139
Trd, 4318624.243, 115
Trd, 4318624.843, 67
Trd, 4318625.943, 61
Trd, 4318626.393, 60
Trd, 4318626.443, 60
Trd, 4318627.743, 62
Trd, 4318629.843, 63
Trd, 4318629.893, 66
Trd, 4318631.093, 60
Trd, 4318631.343, 61
Trd, 4318632.643, 61
Trd, 4318633.043, 61
Trd, 4318633.693, 61
Trd, 4318634.093, 60
Trd, 4318634.243, 60
Trd, 4318634.543, 60
Trd, 4318634.943, 61
Trd, 4318636.243, 61
Trd, 4318637.493, 62
Trd, 4318638.093, 64
Trd, 4318638.143, 65
Trd, 4318638.243, 64
Trd, 4318638.293, 77
Trd, 4318638.593, 61
Trd, 4318639.393, 60
Trd, 4318640.193, 60
Trd, 4318640.643, 63
Trd, 4318641.293, 60
Trd, 4318642.943, 60
Trd, 4318643.643, 62
Trd, 4318644.143, 60
Trd, 4318644.893, 60
Trd, 4318646.393, 62
Trd, 4318646.693, 60
Trd, 4318647.043, 62
Trd, 4318647.093, 62
Trd, 4318649.243, 60
Trd, 4318649.693, 63
Trd, 4318649.843, 65
Trd, 4318651.343, 60
Trd, 4318652.093, 60
Trd, 4318652.343, 60
Trd, 4318652.793, 60
Trd, 4318653.093, 60
Trd, 4318653.443, 61
Trd, 4318653.593, 70
Trd, 4318653.643, 73
Trd, 4318654.443, 61
Trd, 4318654.943, 61
Trd, 4318655.193, 61
Trd, 4318656.643, 61
Trd, 4318656.693, 64
Trd, 4318657.593, 139
Trd, 4318658.443, 140
Trd, 4318658.643, 138
Trd, 4318658.943, 133
Trd, 4318659.693, 60
Trd, 4318659.843, 64
Trd, 4318660.643, 61
Trd, 4318660.993, 62
Trd, 4318661.843, 134
Trd, 4318662.043, 126
Trd, 4318663.593, 61
Trd, 4318663.743, 65
Trd, 4318664.793, 69
Trd, 4318668.043, 60
Trd, 4318668.593, 60
Trd, 4318668.693, 61
Trd, 4318668.993, 61
Trd, 4318669.493, 61
Trd, 4318669.843, 60
Trd, 4318669.943, 60
Trd, 4318670.093, 66
Trd, 4318670.793, 69
Trd, 4318671.043, 61
Trd, 4318672.243, 62
Trd, 4318673.193, 60
Trd, 4318673.593, 60
Trd, 4318674.143, 60
Trd, 4318674.893, 61
Trd, 4318677.643, 60
Trd, 4318678.643, 60
Trd, 4318679.293, 60
Trd, 4318679.393, 60
Trd, 4318679.493, 61
Trd, 4318679.593, 60
Trd, 4318679.943, 61
Trd, 4318680.243, 62
Trd, 4318680.893, 61
Trd, 4318681.993, 63
Trd, 4318682.043, 64
Trd, 4318682.743, 61
Trd, 4318683.343, 61
Trd, 4318683.843, 61
Trd, 4318684.093, 71
Trd, 4318684.643, 72
Trd, 4318684.993, 63
Trd, 4318685.593, 139
Trd, 4318686.143, 60
Trd, 4318687.043, 63
Trd, 4318687.693, 60
Trd, 4318688.693, 61
Trd, 4318688.943, 99
Trd, 4318690.643, 60
Trd, 4318690.793, 61
Trd, 4318691.243, 60
Trd, 4318691.293, 60
Trd, 4318691.343, 67
Trd, 4318691.943, 98
Trd, 4318692.143, 61
Trd, 4318692.443, 60
Trd, 4318692.593, 64
Trd, 4318695.343, 60
Trd, 4318695.393, 64
Trd, 4318695.693, 65
Trd, 4318696.993, 60
Trd, 4318697.843, 61
Trd, 4318698.593, 63
Trd, 4318698.693, 64
Trd, 4318699.393, 60
Trd, 4318699.693, 61
Trd, 4318701.193, 60
Trd, 4318701.293, 61
Trd, 4318701.493, 63
Trd, 4318702.043, 140
Trd, 4318702.143, 139
Trd, 4318702.243, 82
Trd, 4318702.743, 140
Trd, 4318703.443, 60
Trd, 4318704.343, 140
Trd, 4318704.893, 140
Trd, 4318705.343, 138
Trd, 4318707.493, 140
Trd, 4318708.143, 140
Trd, 4318708.243, 140
Trd, 4318708.343, 140
Trd, 4318708.993, 139
Trd, 4318709.443, 138
Trd, 4318709.593, 99
Trd, 4318709.893, 98
Trd, 4318710.693, 136
Trd, 4318710.993, 135
Trd, 4318711.443, 140
Trd, 4318712.343, 140
Trd, 4318713.143, 140
Trd, 4318713.643, 140
Trd, 4318714.843, 140
Trd, 4318715.193, 140
Trd, 4318715.493, 140
Trd, 4318715.793, 139
Trd, 4318715.893, 98
Trd, 4318716.643, 140
Trd, 4318716.843, 139
Trd, 4318718.243, 62
Trd, 4318718.443, 63
Trd, 4318718.893, 65
Trd, 4318719.693, 67
Trd, 4318722.193, 60
Trd, 4318722.543, 63
Trd, 4318722.643, 67
Trd, 4318723.193, 60
Trd, 4318724.843, 61
Trd, 4318725.893, 65
Trd, 4318726.643, 62
Trd, 4318727.493, 63
Trd, 4318728.393, 62
Trd, 4318728.943, 68
Trd, 4318729.143, 73
Trd, 4318730.393, 60
Trd, 4318730.743, 61
Trd, 4318731.193, 61
Trd, 4318731.593, 60
Trd, 4318731.993, 65
Trd, 4318732.593, 60
Trd, 4318735.093, 60
Trd, 4318735.943, 60
Trd, 4318736.543, 62
Trd, 4318736.743, 65
Trd, 4318737.343, 60
Trd, 4318737.993, 60
Trd, 4318740.093, 60
Trd, 4318740.793, 63
Trd, 4318741.293, 63
Trd, 4318741.893, 60
Trd, 4318743.093, 65
Trd, 4318743.243, 61
Trd, 4318743.693, 62
Trd, 4318744.793, 63
Trd, 4318744.943, 65
Trd, 4318746.343, 60
Trd, 4318746.443, 60
Trd, 4318746.893, 70
Trd, 4318748.143, 60
Trd, 4318748.243, 61
Trd, 4318750.643, 63
Trd, 4318750.743, 66
Trd, 4318751.143, 61
Trd, 4318752.643, 60
Trd, 4318753.343, 62
Trd, 4318753.443, 62
Trd, 4318754.143, 62
Trd, 4318755.143, 69
Trd, 4318755.543, 74
Trd, 4318755.743, 68
Trd, 4318756.493, 60
Trd, 4318756.643, 61
Trd, 4318757.543, 61
Trd, 4318757.993, 65
Trd, 4318758.593, 140
Trd, 4318759.143, 101
Trd, 4318759.193, 100
Trd, 4318759.643, 140
Trd, 4318761.843, 60
Trd, 4318762.243, 61
Trd, 4318762.543, 61
Trd, 4318764.893, 60
Trd, 4318765.443, 60
Trd, 4318766.093, 63
Trd, 4318766.143, 64
Trd, 4318767.043, 64
Trd, 4318767.193, 62
Trd, 4318767.343, 66
Trd, 4318767.793, 139
Trd, 4318767.843, 62
Trd, 4318768.643, 63
Trd, 4318770.543, 60
Trd, 4318770.893, 60
Trd, 4318770.943, 61
Trd, 4318771.443, 61
Trd, 4318773.293, 60
Trd, 4318773.643, 60
Trd, 4318774.343, 61
Trd, 4318774.743, 60
Trd, 4318775.943, 62
Trd, 4318776.093, 62
Trd, 4318776.343, 66
Trd, 4318776.693, 68
Trd, 4318776.893, 64
Trd, 4318777.493, 62
Trd, 4318777.793, 113
Trd, 4318778.593, 60
Trd, 4318780.093, 60
Trd, 4318780.243, 61
Trd, 4318781.143, 60
Trd, 4318781.443, 62
Trd, 4318782.543, 61
Trd, 4318782.593, 65
Trd, 4318783.043, 62
Trd, 4318786.143, 60
Trd, 4318786.543, 60
Trd, 4318786.743, 61
Trd, 4318787.093, 65
Trd, 4318787.493, 61
Trd, 4318787.593, 62
Trd, 4318788.593, 64
Trd, 4318789.793, 60
Trd, 4318789.993, 63
Trd, 4318790.043, 64
Trd, 4318790.093, 71
Trd, 4318790.593, 85
Trd, 4318792.143, 61
Trd, 4318793.843, 60
Trd, 4318794.443, 61
Trd, 4318794.743, 60
Trd, 4318795.093, 60
Trd, 4318795.893, 60
Trd, 4318796.193, 61
Trd, 4318796.393, 139
Trd, 4318797.693, 61
Trd, 4318797.943, 62
Trd, 4318797.993, 61
Trd, 4318799.043, 61
Trd, 4318799.893, 139
Trd, 4318800.193, 72
Trd, 4318800.443, 71
Trd, 4318800.493, 68
Trd, 4318801.093, 60
Trd, 4318802.393, 61
Trd, 4318802.893, 63
Trd, 4318803.593, 67
Trd, 4318804.243, 66
Trd, 4318805.493, 60
Trd, 4318805.843, 61
Trd, 4318807.193, 60
Trd, 4318809.243, 60
Trd, 4318809.943, 61
Trd, 4318810.743, 60
Trd, 4318811.343, 61
Trd, 4318811.593, 61
Trd, 4318811.643, 63
Trd, 4318812.543, 63
Trd, 4318812.793, 60
Trd, 4318814.193, 60
Trd, 4318814.393, 63
Trd, 4318814.893, 61
Trd, 4318815.843, 60
Trd, 4318815.993, 62
Trd, 4318816.793, 60
Trd, 4318817.343, 65
Trd, 4318817.743, 60
Trd, 4318821.093, 60
Trd, 4318821.343, 61
Trd, 4318821.593, 62
Trd, 4318822.843, 60
Trd, 4318823.743, 62
Trd, 4318823.843, 64
Trd, 4318824.193, 62
Trd, 4318824.293, 64
Trd, 4318825.143, 61
Trd, 4318825.193, 62
Trd, 4318826.443, 62
Trd, 4318826.593, 61
Trd, 4318827.743, 60
Trd, 4318828.293, 61
Trd, 4318828.893, 60
Trd, 4318829.693, 64
Trd, 4318830.093, 138
Trd, 4318830.393, 137
Trd, 4318831.043, 136
Trd, 4318831.643, 140
Trd, 4318832.693, 140
Trd, 4318832.743, 140
Trd, 4318833.093, 138
Trd, 4318833.893, 73
Trd, 4318834.993, 139
Trd, 4318835.093, 93
Trd, 4318835.193, 62
Trd, 4318836.093, 140
Trd, 4318836.393, 139
Trd, 4318836.693, 137
Trd, 4318836.843, 75
Trd, 4318837.443, 140
Trd, 4318838.593, 60
Trd, 4318838.993, 62
Trd, 4318840.443, 61
Trd, 4318841.793, 60
Trd, 4318842.693, 61
Trd, 4318843.343, 62
Trd, 4318843.943, 60
Trd, 4318844.093, 60
Trd, 4318844.393, 62
Trd, 4318845.993, 63
Trd, 4318847.693, 60
Trd, 4318848.043, 60
Trd, 4318848.393, 61
Trd, 4318849.193, 62
Trd, 4318849.343, 66
Trd, 4318849.793, 66
Trd, 4318850.093, 60
Trd, 4318852.693, 62
Trd, 4318852.943, 63
Trd, 4318852.993, 64
Trd, 4318853.143, 60
Trd, 4318853.943, 62
Trd, 4318854.143, 66
Trd, 4318857.293, 60
Trd, 4318857.393, 60
Trd, 4318857.643, 60
Trd, 4318860.793, 60
Trd, 4318861.893, 61
Trd, 4318861.943, 62
Trd, 4318862.093, 62
Trd, 4318862.943, 60
Trd, 4318863.643, 60
Trd, 4318863.743, 63
Trd, 4318865.593, 60
Trd, 4318865.693, 60
Trd, 4318865.943, 61
Trd, 4318866.193, 61
Trd, 4318866.593, 62
Trd, 4318868.343, 62
Trd, 4318868.593, 60
Trd, 4318868.793, 71
Trd, 4318869.043, 140
Trd, 4318869.943, 62
Trd, 4318870.493, 61
Trd, 4318870.893, 60
Trd, 4318871.593, 60
Trd, 4318872.193, 67
Trd, 4318873.443, 78
Trd, 4318874.343, 87
Trd, 4318875.193, 61
Trd, 4318875.243, 63
Trd, 4318877.293, 60
Trd, 4318878.193, 60
Trd, 4318878.343, 61
Trd, 4318878.843, 67
Trd, 4318879.943, 69
Trd, 4318880.193, 66
Trd, 4318880.543, 65
Trd, 4318881.493, 64
Trd, 4318881.843, 65
Trd, 4318881.993, 60
Trd, 4318882.493, 61
Trd, 4318882.843, 60
Trd, 4318883.593, 62
Trd, 4318884.243, 61
Trd, 4318885.093, 140
Trd, 4318885.343, 140
Trd, 4318885.693, 140
Trd, 4318885.743, 140
Trd, 4318886.643, 140
Trd, 4318888.093, 60
Trd, 4318888.643, 61
Trd, 4318889.443, 60
Trd, 4318889.743, 60
Trd, 4318891.093, 61
Trd, 4318892.543, 60
Trd, 4318893.443, 60
Trd, 4318893.643, 61
Trd, 4318894.293, 61
Trd, 4318894.343, 62
Trd, 4318895.243, 60
Trd, 4318897.793, 60
Trd, 4318898.793, 61
Trd, 4318899.393, 61
Trd, 4318899.693, 60
Trd, 4318899.793, 64
Trd, 4318901.093, 60
Trd, 4318902.643, 61
Trd, 4318902.743, 68
Trd, 4318903.093, 63
Trd, 4318904.043, 61
Trd, 4318904.343, 66
Trd, 4318905.243, 86
Trd, 4318905.543, 85
Trd, 4318906.093, 60
Trd, 4318906.193, 64
Trd, 4318906.493, 62
Trd, 4318907.843, 61
Trd, 4318908.293, 62
Trd, 4318908.543, 62
Trd, 4318910.043, 62
Trd, 4318910.693, 60
Trd, 4318911.443, 62
Trd, 4318911.743, 62
Trd, 4318911.943, 62
Trd, 4318912.793, 61
Trd, 4318912.893, 62
Trd, 4318914.693, 62
Trd, 4318915.743, 60
Trd, 4318917.043, 61
Trd, 4318917.543, 63
Trd, 4318918.093, 62
Trd, 4318919.543, 60
Trd, 4318919.643, 61
Trd, 4318920.843, 63
Trd, 4318920.943, 65
Trd, 4318921.893, 60
Trd, 4318923.043, 60
Trd, 4318923.543, 60
Trd, 4318924.043, 60
Trd, 4318924.593, 61
Trd, 4318924.943, 61
Trd, 4318924.993, 62
Trd, 4318926.243, 61
Trd, 4318927.043, 63
Trd, 4318927.493, 65
Trd, 4318927.793, 61
Trd, 4318928.943, 60
Trd, 4318929.943, 60
Trd, 4318931.043, 64
Trd, 4318931.293, 65
Trd, 4318932.743, 60
Trd, 4318933.793, 60
Trd, 4318934.993, 60
Trd, 4318935.043, 60
Trd, 4318935.893, 62
Trd, 4318937.693, 60
Trd, 4318939.043, 65
Trd, 4318939.093, 65
Trd, 4318939.593, 60
Trd, 4318940.243, 62
Trd, 4318940.293, 63
Trd, 4318940.393, 65
Trd, 4318940.943, 140
Trd, 4318941.243, 60
Trd, 4318941.543, 71
Trd, 4318942.443, 61
Trd, 4318942.993, 62
Trd, 4318943.743, 63
Trd, 4318944.843, 60
Trd, 4318946.043, 62
Trd, 4318946.393, 61
Trd, 4318946.593, 64
Trd, 4318947.643, 60
Trd, 4318948.343, 60
Trd, 4318949.243, 64
Trd, 4318949.593, 98
Trd, 4318949.843, 88
Trd, 4318950.243, 64
Trd, 4318950.393, 76
Trd, 4318950.943, 62
Trd, 4318951.293, 61
Trd, 4318952.193, 62
Trd, 4318952.993, 61
Trd, 4318953.693, 61
Trd, 4318953.793, 69
Trd, 4318955.743, 60
Trd, 4318955.993, 64
Trd, 4318957.343, 61
Trd, 4318958.193, 60
Trd, 4318958.343, 64
Trd, 4318959.543, 61
Trd, 4318960.693, 60
Trd, 4318960.993, 60
Trd, 4318961.743, 61
Trd, 4318962.193, 62
Trd, 4318963.243, 60
Trd, 4318963.443, 61
Trd, 4318964.743, 61
Trd, 4318965.143, 67
Trd, 4318965.593, 61
Trd, 4318966.193, 60
Trd, 4318966.893, 60
Trd, 4318967.643, 66
Trd, 4318968.193, 60
Trd, 4318968.893, 62
Trd, 4318968.943, 70
Trd, 4318968.993, 61
Trd, 4318969.293, 140
Trd, 4318969.943, 62
Trd, 4318970.393, 60
Trd, 4318971.543, 60
Trd, 4318971.643, 61
Trd, 4318973.793, 64
Trd, 4318974.393, 65
Trd, 4318974.543, 65
Trd, 4318975.143, 62
Trd, 4318976.743, 61
Trd, 4318977.443, 60
Trd, 4318977.893, 61
Trd, 4318977.993, 62
Trd, 4318978.093, 62
Trd, 4318978.743, 61
Trd, 4318979.143, 60
Trd, 4318979.893, 63
Trd, 4318980.143, 61
Trd, 4318981.293, 61
Trd, 4318982.793, 60
Trd, 4318983.493, 60
Trd, 4318984.143, 60
Trd, 4318984.643, 60
Trd, 4318984.893, 61
Trd, 4318987.143, 63
Trd, 4318987.393, 63
Trd, 4318988.043, 60
Trd, 4318988.443, 61
Trd, 4318989.993, 62
Trd, 4318990.093, 62
Trd, 4318991.043, 60
Trd, 4318993.343, 60
Trd, 4318994.193, 61
Trd, 4318994.393, 62
Trd, 4318994.743, 60
Trd, 4318994.893, 60
Trd, 4318995.543, 67
Trd, 4318995.693, 64
Trd, 4318995.943, 63
Trd, 4318996.693, 64
Trd, 4318997.143, 62
Trd, 4318997.693, 63
Trd, 4318998.293, 65
Trd, 4318998.343, 65
Trd, 4318999.393, 60
Trd, 4318999.743, 60
Trd, 4319000.743, 64
Trd, 4319001.293, 61
Trd, 4319001.343, 65
Trd, 4319002.293, 60
Trd, 4319004.393, 60
Trd, 4319004.743, 61
Trd, 4319005.393, 60
Trd, 4319005.593, 60
Trd, 4319006.043, 61
Trd, 4319006.743, 60
Trd, 4319007.293, 61
Trd, 4319007.693, 60
Trd, 4319007.943, 60
Trd, 4319009.093, 63
Trd, 4319009.843, 64
Trd, 4319010.843, 65
Trd, 4319011.193, 65
Trd, 4319012.193, 63
Trd, 4319012.243, 64
Trd, 4319013.243, 116
Trd, 4319013.543, 139
Trd, 4319014.093, 140
Trd, 4319014.293, 140
Trd, 4319014.743, 139
Trd, 4319015.493, 140
Trd, 4319016.993, 140
Trd, 4319017.043, 102
Trd, 4319017.793, 140
Trd, 4319017.943, 140
Trd, 4319018.143, 88
Trd, 4319018.693, 117
Trd, 4319019.193, 140
Trd, 4319019.593, 139
Trd, 4319020.043, 140
Trd, 4319020.793, 140
Trd, 4319021.293, 140
Trd, 4319021.643, 139
Trd, 4319022.643, 138
Trd, 4319023.593, 60
Trd, 4319024.393, 61
Trd, 4319024.643, 62
Trd, 4319025.243, 64
Trd, 4319026.493, 73
Trd, 4319026.943, 67
Trd, 4319027.193, 140
Trd, 4319027.243, 140
Trd, 4319027.643, 71
Trd, 4319027.843, 125
Trd, 4319028.293, 140
Trd, 4319029.643, 64
Trd, 4319030.143, 62
Trd, 4319030.193, 67
Trd, 4319031.043, 88
Trd, 4319031.393, 63
Trd, 4319032.693, 140
Trd, 4319032.943, 140
Trd, 4319033.093, 98
Trd, 4319034.243, 140
Trd, 4319034.593, 140
Trd, 4319036.593, 61
Trd, 4319036.943, 70
Trd, 4319037.343, 139
Trd, 4319037.693, 63
Trd, 4319039.843, 60
Trd, 4319040.743, 62
Trd, 4319040.993, 64
Trd, 4319041.543, 60
Trd, 4319041.693, 66
Trd, 4319042.193, 62
Trd, 4319043.693, 63
Trd, 4319044.293, 61
Trd, 4319045.193, 62
Trd, 4319045.293, 62
Trd, 4319045.543, 60
Trd, 4319046.343, 63
Trd, 4319046.793, 75
Trd, 4319046.843, 77
Trd, 4319047.493, 68
Trd, 4319049.143, 61
Trd, 4319049.293, 61
Trd, 4319051.143, 60
Trd, 4319052.343, 60
Trd, 4319052.393, 64
Trd, 4319052.643, 61
Trd, 4319052.793, 64
Trd, 4319053.093, 63
Trd, 4319053.143, 66
Trd, 4319054.043, 61
Trd, 4319054.793, 70
Trd, 4319055.143, 94
Trd, 4319055.993, 60
Trd, 4319056.243, 61
Trd, 4319056.693, 65
Trd, 4319057.843, 140
Trd, 4319058.043, 140
Trd, 4319058.543, 140
Trd, 4319059.593, 60
Trd, 4319060.493, 65
Trd, 4319061.193, 61
Trd, 4319061.493, 61
Trd, 4319062.343, 60
Trd, 4319064.093, 62
Trd, 4319064.443, 60
Trd, 4319064.493, 65
Trd, 4319065.343, 60
Trd, 4319066.693, 60
Trd, 4319067.193, 62
Trd, 4319067.893, 60
Trd, 4319068.043, 60
Trd, 4319068.393, 60
Trd, 4319068.793, 60
Trd, 4319070.093, 64
Trd, 4319070.343, 62
Trd, 4319071.193, 62
Trd, 4319072.043, 63
Trd, 4319072.193, 64
Trd, 4319072.443, 62
Trd, 4319073.243, 63
Trd, 4319073.793, 60
Trd, 4319074.293, 61
Trd, 4319075.193, 60
Trd, 4319076.243, 60
Trd, 4319076.543, 61
Trd, 4319076.693, 61
Trd, 4319077.793, 60
Trd, 4319078.143, 73
Trd, 4319078.243, 60
Trd, 4319079.993, 140
Trd, 4319080.243, 140
Trd, 4319080.293, 140
Trd, 4319080.343, 96
Trd, 4319080.393, 83
Trd, 4319081.193, 62
Trd, 4319081.643, 63
Trd, 4319082.593, 140
Trd, 4319082.643, 140
Trd, 4319084.443, 140
Trd, 4319084.893, 136
Trd, 4319085.043, 95
Trd, 4319085.093, 77
Trd, 4319085.393, 76
Trd, 4319086.093, 70
Trd, 4319086.593, 140
Trd, 4319086.993, 140
Trd, 4319087.993, 60
Trd, 4319088.493, 138
Trd, 4319089.293, 63
Trd, 4319091.093, 60
Trd, 4319092.793, 66
Trd, 4319093.193, 62
Trd, 4319093.593, 70
Trd, 4319093.843, 68
Trd, 4319094.543, 87
Trd, 4319094.743, 62
Trd, 4319095.843, 60
Trd, 4319096.043, 63
Trd, 4319097.543, 63
Trd, 4319097.993, 60
Trd, 4319098.243, 60
Trd, 4319098.643, 63
Trd, 4319099.143, 63
Trd, 4319100.893, 60
Trd, 4319101.243, 61
Trd, 4319103.093, 60
Trd, 4319103.343, 61
Trd, 4319103.493, 61
Trd, 4319104.393, 62
Trd, 4319105.943, 60
Trd, 4319106.143, 61
Trd, 4319106.643, 60
Trd, 4319107.293, 60
Trd, 4319107.593, 61
Trd, 4319107.793, 65
Trd, 4319108.343, 61
Trd, 4319108.393, 66
Trd, 4319109.493, 64
Trd, 4319109.743, 60
Trd, 4319110.243, 87
Trd, 4319111.043, 60
Trd, 4319111.893, 60
Trd, 4319113.443, 61
Trd, 4319113.943, 61
Trd, 4319114.493, 62
Trd, 4319115.593, 63
Trd, 4319116.243, 60
Trd, 4319116.843, 64
Trd, 4319117.443, 60
Trd, 4319118.243, 61
Trd, 4319118.293, 64
Trd, 4319118.743, 60
Trd, 4319119.193, 63
Trd, 4319120.093, 60
Trd, 4319121.043, 61
Trd, 4319121.243, 61
Trd, 4319121.443, 73
Trd, 4319121.493, 73
Trd, 4319121.893, 137
Trd, 4319123.243, 60
Trd, 4319123.743, 62
Trd, 4319123.893, 113
Trd, 4319124.143, 63
Trd, 4319124.393, 67
Trd, 4319124.943, 62
Trd, 4319126.093, 62
Trd, 4319126.543, 63
Trd, 4319127.643, 63
Trd, 4319128.043, 65
Trd, 4319128.493, 62
Trd, 4319131.043, 60
Trd, 4319131.593, 61
Trd, 4319132.093, 60
Trd, 4319132.143, 62
Trd, 4319132.243, 62
Trd, 4319132.793, 140
Trd, 4319133.693, 76
Trd, 4319134.093, 60
Trd, 4319134.843, 61
Trd, 4319135.193, 61
Trd, 4319135.293, 62
Trd, 4319136.143, 76
Trd, 4319137.443, 61
Trd, 4319138.193, 63
Trd, 4319138.843, 64
Trd, 4319139.643, 65
Trd, 4319140.043, 62
Trd, 4319140.693, 62
Trd, 4319140.793, 63
Trd, 4319141.543, 140
Trd, 4319141.943, 68
Trd, 4319142.593, 136
Trd, 4319142.643, 61
Trd, 4319142.893, 61
Trd, 4319143.693, 89
Trd, 4319144.493, 65
Trd, 4319144.793, 61
Trd, 4319148.093, 60
Trd, 4319148.393, 62
Trd, 4319148.443, 63
Trd, 4319149.343, 70
Trd, 4319149.593, 73
Trd, 4319149.693, 117
Trd, 4319150.143, 61
Trd, 4319150.243, 62
Trd, 4319151.593, 63
Trd, 4319151.793, 63
Trd, 4319152.143, 132
Trd, 4319153.093, 140
Trd, 4319153.893, 139
Trd, 4319154.243, 67
Trd, 4319154.693, 86
Trd, 4319155.743, 85
Trd, 4319156.043, 140
Trd, 4319156.543, 67
Trd, 4319157.443, 140
Trd, 4319158.143, 139
Trd, 4319158.293, 137
Trd, 4319158.393, 136
Trd, 4319158.743, 80
Trd, 4319159.393, 69
Trd, 4319160.243, 62
Trd, 4319160.343, 65
Trd, 4319162.093, 140
Trd, 4319162.343, 65
Trd, 4319162.943, 61
Trd, 4319163.443, 65
Trd, 4319164.343, 65
Trd, 4319164.793, 64
Trd, 4319164.993, 128
Trd, 4319165.793, 63
Trd, 4319166.593, 73
Trd, 4319167.393, 60
Trd, 4319167.693, 61
Trd, 4319168.443, 64
Trd, 4319169.793, 60
Trd, 4319170.093, 66
Trd, 4319171.193, 68
Trd, 4319171.893, 60
Trd, 4319172.393, 60
Trd, 4319172.493, 60
Trd, 4319172.893, 67
Trd, 4319173.693, 61
Trd, 4319175.693, 65
Trd, 4319176.043, 62
Trd, 4319176.493, 62
Trd, 4319177.343, 64
Trd, 4319177.743, 64
Trd, 4319179.543, 61
Trd, 4319179.943, 62
Trd, 4319180.093, 67
Trd, 4319180.543, 62
Trd, 4319181.093, 62
Trd, 4319181.243, 86
Trd, 4319182.393, 61
Trd, 4319183.093, 140
Trd, 4319183.143, 140
Trd, 4319183.293, 139
Trd, 4319183.393, 138
Trd, 4319185.193, 140
Trd, 4319185.943, 139
Trd, 4319186.493, 139
Trd, 4319186.643, 138
Trd, 4319186.943, 134
Trd, 4319188.493, 140
Trd, 4319188.643, 140
Trd, 4319189.893, 140
Trd, 4319190.293, 140
Trd, 4319190.743, 140
Trd, 4319190.793, 139
Trd, 4319191.093, 93
Trd, 4319191.493, 78
Trd, 4319192.843, 61
Trd, 4319193.543, 61
Trd, 4319193.743, 75
Trd, 4319194.543, 81
Trd, 4319194.993, 63
Trd, 4319195.843, 66
Trd, 4319196.993, 66
Trd, 4319197.793, 61
Trd, 4319198.443, 63
Trd, 4319198.743, 65
Trd, 4319199.593, 64
Trd, 4319201.043, 60
Trd, 4319202.693, 60
Trd, 4319202.743, 60
Trd, 4319202.893, 65
Trd, 4319203.093, 66
Trd, 4319203.843, 60
Trd, 4319204.693, 60
Trd, 4319205.293, 61
Trd, 4319205.393, 63
Trd, 4319205.493, 60
Trd, 4319205.793, 63
Trd, 4319206.543, 62
Trd, 4319208.243, 60
Trd, 4319209.243, 63
Trd, 4319209.343, 64
Trd, 4319210.493, 60
Trd, 4319211.043, 61
Trd, 4319211.143, 63
Trd, 4319211.593, 60
Trd, 4319211.693, 139
Trd, 4319212.093, 126
Trd, 4319213.293, 60
Trd, 4319213.843, 61
Trd, 4319214.293, 61
Trd, 4319215.043, 63
Trd, 4319215.143, 65
Trd, 4319215.943, 66
Trd, 4319216.893, 66
Trd, 4319217.343, 60
Trd, 4319217.843, 140
Trd, 4319217.943, 139
Trd, 4319219.043, 61
Trd, 4319219.843, 62
Trd, 4319219.943, 65
Trd, 4319221.093, 60
Trd, 4319221.293, 61
Trd, 4319221.943, 63
Trd, 4319221.993, 67
Trd, 4319222.493, 68
Trd, 4319222.993, 62
Trd, 4319223.843, 66
Trd, 4319224.493, 66
Trd, 4319224.693, 65
Trd, 4319225.993, 68
Trd, 4319227.393, 60
Trd, 4319229.443, 61
Trd, 4319229.643, 61
Trd, 4319230.293, 63
Trd, 4319230.393, 63
Trd, 4319230.693, 63
Trd, 4319230.943, 61
Trd, 4319231.093, 63
Trd, 4319231.493, 60
Trd, 4319231.593, 65
Trd, 4319232.893, 65
Trd, 4319233.793, 60
Trd, 4319234.393, 60
Trd, 4319234.443, 60
Trd, 4319235.543, 60
Trd, 4319236.543, 63
Trd, 4319237.493, 64
Trd, 4319239.293, 140
Trd, 4319239.343, 140
Trd, 4319239.493, 139
Trd, 4319239.543, 138
Trd, 4319240.293, 140
Trd, 4319240.493, 140
Trd, 4319240.593, 88
Trd, 4319241.543, 67
Trd, 4319241.993, 140
Trd, 4319242.443, 66
Trd, 4319242.793, 76
Trd, 4319243.393, 60
Trd, 4319244.143, 61
Trd, 4319246.043, 60
Trd, 4319246.793, 60
Trd, 4319247.193, 65
Trd, 4319248.143, 61
Trd, 4319249.243, 62
Trd, 4319250.343, 62
Trd, 4319250.543, 60
Trd, 4319250.793, 62
Trd, 4319251.643, 62
Trd, 4319252.043, 67
Trd, 4319252.543, 63
Trd, 4319252.843, 62
Trd, 4319253.893, 62
Trd, 4319254.243, 64
Trd, 4319254.443, 67
Trd, 4319255.943, 60
Trd, 4319257.743, 60
Trd, 4319257.893, 61
Trd, 4319257.943, 62
Trd, 4319258.593, 60
Trd, 4319258.693, 62
Trd, 4319260.043, 60
Trd, 4319261.593, 60
Trd, 4319261.793, 60
Trd, 4319263.393, 60
Trd, 4319264.243, 61
Trd, 4319264.443, 61
Trd, 4319264.793, 60
Trd, 4319264.843, 66
Trd, 4319265.643, 62
Trd, 4319267.243, 60
Trd, 4319267.943, 70
Trd, 4319269.593, 62
Trd, 4319269.793, 62
Trd, 4319269.893, 78
Trd, 4319269.943, 81
Trd, 4319270.293, 73
Trd, 4319270.593, 62
Trd, 4319271.343, 139
Trd, 4319271.943, 140
Trd, 4319273.043, 140
Trd, 4319273.443, 66
Trd, 4319274.493, 61
Trd, 4319277.543, 60
Trd, 4319277.843, 60
Trd, 4319278.043, 62
Trd, 4319278.543, 62
Trd, 4319278.593, 62
Trd, 4319279.293, 62
Trd, 4319280.093, 67
Trd, 4319280.893, 61
Trd, 4319282.643, 60
Trd, 4319283.343, 64
Trd, 4319283.643, 60
Trd, 4319283.693, 61
Trd, 4319284.093, 60
Trd, 4319285.343, 63
Trd, 4319285.443, 61
Trd, 4319286.293, 61
Trd, 4319286.843, 62
Trd, 4319287.043, 62
Trd, 4319287.143, 61
Trd, 4319287.993, 61
Trd, 4319288.643, 67
Trd, 4319288.893, 60
Trd, 4319290.443, 61
Trd, 4319290.693, 61
Trd, 4319291.693, 60
Trd, 4319292.243, 62
Trd, 4319292.543, 60
Trd, 4319292.943, 60
Trd, 4319294.493, 63
Trd, 4319295.693, 60
Trd, 4319296.943, 60
Trd, 4319297.293, 60
Trd, 4319298.393, 60
Trd, 4319298.743, 60
Trd, 4319299.293, 60
Trd, 4319299.743, 62
Trd, 4319299.893, 62
Trd, 4319300.693, 61
Trd, 4319301.043, 61
Trd, 4319301.443, 63
Trd, 4319301.493, 62
Trd, 4319301.993, 61
Trd, 4319303.493, 64
Trd, 4319304.393, 61
Trd, 4319304.843, 61
Trd, 4319304.943, 66
Trd, 4319305.793, 62
Trd, 4319306.943, 60
Trd, 4319307.743, 60
Trd, 4319308.693, 61
Trd, 4319311.193, 60
Trd, 4319311.693, 60
Trd, 4319311.793, 60
Trd, 4319311.943, 60
Trd, 4319312.143, 60
Trd, 4319312.393, 66
Trd, 4319312.443, 68
Trd, 4319313.093, 63
Trd, 4319313.943, 61
Trd, 4319314.143, 122
Trd, 4319315.193, 140
Trd, 4319315.443, 139
Trd, 4319315.693, 140
Trd, 4319316.093, 132
Trd, 4319317.093, 61
Trd, 4319318.043, 62
Trd, 4319318.693, 67
Trd, 4319320.843, 62
Trd, 4319321.343, 63
Trd, 4319321.643, 60
Trd, 4319321.843, 61
Trd, 4319322.593, 63
Trd, 4319323.693, 60
Trd, 4319323.893, 61
Trd, 4319324.843, 60
Trd, 4319325.243, 60
Trd, 4319326.443, 60
Trd, 4319326.693, 61
Trd, 4319327.293, 61
Trd, 4319327.693, 60
Trd, 4319327.993, 60
Trd, 4319328.843, 60
Trd, 4319329.893, 60
Trd, 4319330.193, 68
Trd, 4319330.743, 74
Trd, 4319330.893, 109
Trd, 4319333.093, 62
Trd, 4319333.193, 63
Trd, 4319333.293, 66
Trd, 4319333.393, 82
Trd, 4319334.343, 62
Trd, 4319334.893, 63
Trd, 4319335.393, 61
Trd, 4319336.543, 61
Trd, 4319336.643, 61
Trd, 4319338.193, 60
Trd, 4319338.643, 60
Trd, 4319339.693, 60
Trd, 4319341.643, 60
Trd, 4319342.243, 60
Trd, 4319342.393, 62
Trd, 4319342.543, 65
Trd, 4319343.093, 66
Trd, 4319344.193, 60
Trd, 4319344.343, 63
Trd, 4319345.093, 62
Trd, 4319345.943, 62
Trd, 4319346.643, 62
Trd, 4319346.693, 64
Trd, 4319347.543, 63
Trd, 4319347.693, 63
Trd, 4319347.843, 69
Trd, 4319347.993, 72
Trd, 4319348.843, 60
Trd, 4319349.043, 72
Trd, 4319350.043, 60
Trd, 4319351.643, 64
Trd, 4319352.993, 62
Trd, 4319353.093, 62
Trd, 4319353.693, 67
Trd, 4319354.843, 60
Trd, 4319355.443, 63
Trd, 4319355.643, 63
Trd, 4319356.693, 60
Trd, 4319357.893, 61
Trd, 4319358.393, 61
Trd, 4319359.543, 61
Trd, 4319359.693, 60
Trd, 4319360.043, 62
Trd, 4319361.143, 67
Trd, 4319362.043, 62
Trd, 4319362.193, 61
Trd, 4319362.443, 62
Trd, 4319362.693, 60
Trd, 4319363.393, 61
Trd, 4319364.093, 71
Trd, 4319364.593, 67
Trd, 4319366.243, 60
Trd, 4319367.043, 61
Trd, 4319367.093, 65
Trd, 4319367.393, 64
Trd, 4319367.693, 64
Trd, 4319368.293, 62
Trd, 4319368.993, 61
Trd, 4319369.793, 60
Trd, 4319370.393, 65
Trd, 4319371.343, 61
Trd, 4319371.543, 60
Trd, 4319371.843, 61
Trd, 4319372.093, 79
Trd, 4319372.593, 60
Trd, 4319373.493, 140
Trd, 4319373.543, 82
Trd, 4319374.393, 61
Trd, 4319375.443, 62
Trd, 4319376.543, 60
Trd, 4319377.643, 64
Trd, 4319378.543, 61
Trd, 4319378.743, 60
Trd, 4319380.093, 60
Trd, 4319380.543, 61
Trd, 4319380.993, 68
Trd, 4319381.193, 68
Trd, 4319381.893, 61
Trd, 4319382.043, 63
Trd, 4319382.993, 61
Trd, 4319383.793, 61
Trd, 4319384.393, 64
Trd, 4319384.843, 62
Trd, 4319385.293, 62
Trd, 4319387.043, 61
Trd, 4319387.793, 61
Trd, 4319388.543, 61
Trd, 4319389.243, 62
Trd, 4319389.293, 63
Trd, 4319389.543, 64
Trd, 4319389.943, 60
Trd, 4319390.093, 66
Trd, 4319390.993, 60
Trd, 4319391.743, 60
Trd, 4319393.293, 61
Trd, 4319394.393, 60
Trd, 4319395.493, 60
Trd, 4319396.793, 62
Trd, 4319397.343, 60
Trd, 4319397.593, 61
Trd, 4319398.393, 62
Trd, 4319398.543, 62
Trd, 4319398.893, 61
Trd, 4319399.143, 63
Trd, 4319399.743, 61
Trd, 4319399.893, 62
Trd, 4319401.043, 84
Trd, 4319402.843, 60
Trd, 4319403.293, 61
Trd, 4319404.893, 62
Trd, 4319405.093, 62
Trd, 4319406.393, 63
Trd, 4319406.793, 63
Trd, 4319407.143, 62
Trd, 4319407.443, 62
Trd, 4319409.243, 64
Trd, 4319410.193, 60
Trd, 4319410.393, 64
Trd, 4319410.643, 61
Trd, 4319410.843, 62
Trd, 4319411.043, 67
Trd, 4319412.043, 61
Trd, 4319413.293, 62
Trd, 4319413.793, 62
Trd, 4319413.993, 63
Trd, 4319414.343, 62
Trd, 4319414.593, 65
Trd, 4319416.293, 63
Trd, 4319416.443, 66
Trd, 4319417.643, 63
Trd, 4319418.143, 63
Trd, 4319418.193, 64
Trd, 4319419.343, 64
Trd, 4319420.643, 60
Trd, 4319420.993, 60
Trd, 4319421.043, 61
Trd, 4319422.393, 60
Trd, 4319423.043, 69
Trd, 4319424.093, 60
Trd, 4319424.693, 61
Trd, 4319424.793, 62
Trd, 4319425.143, 64
Trd, 4319425.443, 63
Trd, 4319425.843, 61
Trd, 4319427.243, 61
Trd, 4319427.893, 68
Trd, 4319428.493, 60
Trd, 4319429.493, 60
Trd, 4319429.843, 60
Trd, 4319430.443, 61
Trd, 4319430.593, 66
Trd, 4319430.693, 77
Trd, 4319432.393, 61
Trd, 4319434.543, 63
Trd, 4319434.593, 64
Trd, 4319435.343, 63
Trd, 4319435.543, 65
Trd, 4319436.993, 65
Trd, 4319437.243, 62
Trd, 4319437.593, 64
Trd, 4319437.693, 62
Trd, 4319437.743, 60
Trd, 4319438.543, 62
Trd, 4319438.593, 62
Trd, 4319439.993, 61
Trd, 4319441.143, 62
Trd, 4319442.493, 60
Trd, 4319442.993, 60
Trd, 4319443.393, 62
Trd, 4319443.743, 61
Trd, 4319443.843, 63
Trd, 4319444.093, 138
Trd, 4319444.443, 64
Trd, 4319444.693, 63
Trd, 4319445.443, 62
Trd, 4319446.843, 60
Trd, 4319446.993, 60
Trd, 4319447.193, 65
Trd, 4319447.643, 63
Trd, 4319448.793, 87
Trd, 4319449.193, 66
Trd, 4319449.543, 140
Trd, 4319451.543, 63
Trd, 4319453.293, 60
Trd, 4319453.593, 61
Trd, 4319453.893, 60
Trd, 4319454.243, 62
Trd, 4319454.993, 63
Trd, 4319455.093, 61
Trd, 4319455.293, 64
Trd, 4319455.543, 66
Trd, 4319455.693, 61
Trd, 4319456.943, 65
Trd, 4319457.143, 140
Trd, 4319457.793, 140
Trd, 4319458.393, 64
Trd, 4319458.743, 65
Trd, 4319458.793, 66
Trd, 4319459.243, 61
Trd, 4319460.693, 64
Trd, 4319461.393, 60
Trd, 4319461.843, 64
Trd, 4319462.043, 64
Trd, 4319463.193, 61
Trd, 4319463.343, 140
Trd, 4319464.343, 65
Trd, 4319466.293, 62
Trd, 4319466.943, 61
Trd, 4319467.843, 60
Trd, 4319468.743, 60
Trd, 4319468.793, 61
Trd, 4319468.943, 63
Trd, 4319469.493, 62
Trd, 4319469.543, 63
Trd, 4319469.993, 61
Trd, 4319471.193, 60
Trd, 4319471.593, 62
Trd, 4319471.993, 70
Trd, 4319472.693, 61
Trd, 4319472.793, 61
Trd, 4319473.993, 60
Trd, 4319475.093, 60
Trd, 4319475.293, 61
Trd, 4319476.193, 66
Trd, 4319477.193, 60
Trd, 4319477.693, 61
Trd, 4319477.993, 64
Trd, 4319478.343, 62
Trd, 4319480.243, 60
Trd, 4319480.743, 60
Trd, 4319481.093, 60
Trd, 4319481.243, 60
Trd, 4319482.143, 65
Trd, 4319482.493, 64
Trd, 4319482.643, 68
Trd, 4319482.993, 69
Trd, 4319483.543, 68
Trd, 4319485.043, 60
Trd, 4319486.493, 63
Trd, 4319486.593, 64
Trd, 4319487.593, 60
Trd, 4319487.993, 60
Trd, 4319489.243, 71
Trd, 4319489.593, 140
Trd, 4319489.893, 140
Trd, 4319490.093, 139
Trd, 4319491.243, 60
Trd, 4319491.443, 62
Trd, 4319491.743, 60
Trd, 4319492.043, 64
Trd, 4319492.793, 74
Trd, 4319492.843, 73
Trd, 4319493.893, 78
Trd, 4319494.343, 70
Trd, 4319494.893, 140
Trd, 4319495.493, 138
Trd, 4319496.443, 139
Trd, 4319496.993, 62
Trd, 4319497.643, 60
Trd, 4319500.193, 60
Trd, 4319500.993, 60
Trd, 4319501.843, 60
Trd, 4319502.093, 60
Trd, 4319503.243, 60
Trd, 4319503.443, 61
Trd, 4319505.143, 60
Trd, 4319505.243, 66
Trd, 4319506.293, 64
Trd, 4319507.743, 60
Trd, 4319508.293, 61
Trd, 4319508.443, 62
Trd, 4319509.643, 60
Trd, 4319510.293, 63
Trd, 4319510.493, 63
Trd, 4319510.793, 62
Trd, 4319511.243, 60
Trd, 4319511.343, 68
Trd, 4319512.693, 61
Trd, 4319512.843, 62
Trd, 4319513.243, 66
Trd, 4319514.043, 66
Trd, 4319515.493, 61
Trd, 4319516.043, 61
Trd, 4319517.493, 61
Trd, 4319517.743, 69
Trd, 4319518.543, 63
Trd, 4319518.743, 62
Trd, 4319519.193, 63
Trd, 4319519.893, 68
Trd, 4319520.093, 62
Trd, 4319520.343, 61
Trd, 4319521.393, 60
Trd, 4319523.793, 60
Trd, 4319523.993, 62
Trd, 4319524.993, 60
Trd, 4319525.493, 61
Trd, 4319525.693, 62
Trd, 4319526.143, 60
Trd, 4319526.293, 73
Trd, 4319526.843, 60
Trd, 4319527.193, 60
Trd, 4319527.793, 60
Trd, 4319528.643, 60
Trd, 4319529.443, 62
Trd, 4319530.243, 60
Trd, 4319530.443, 60
Trd, 4319531.593, 66
Trd, 4319532.093, 60
Trd, 4319533.193, 60
Trd, 4319534.043, 61
Trd, 4319534.193, 60
Trd, 4319534.993, 65
Trd, 4319535.293, 65
Trd, 4319537.493, 62
Trd, 4319537.593, 62
Trd, 4319537.643, 65
Trd, 4319537.693, 67
Trd, 4319538.543, 61
Trd, 4319538.943, 60
Trd, 4319539.743, 61
Trd, 4319540.243, 60
Trd, 4319540.993, 60
Trd, 4319541.293, 61
Trd, 4319541.393, 64
Trd, 4319542.243, 64
Trd, 4319542.693, 64
Trd, 4319543.493, 63
Trd, 4319543.643, 62
Trd, 4319544.343, 63
Trd, 4319544.793, 139
Trd, 4319545.993, 138
Trd, 4319546.093, 70
Trd, 4319546.393, 60
Trd, 4319546.893, 69
Trd, 4319547.593, 62
Trd, 4319548.693, 60
Trd, 4319549.243, 62
Trd, 4319549.993, 60
Trd, 4319550.843, 62
Trd, 4319551.643, 61
Trd, 4319551.893, 67
Trd, 4319552.593, 62
Trd, 4319553.093, 63
Trd, 4319554.293, 60
Trd, 4319554.693, 60
Trd, 4319555.693, 61
Trd, 4319556.243, 60
Trd, 4319556.493, 61
Trd, 4319557.743, 62
Trd, 4319557.843, 61
Trd, 4319559.343, 60
Trd, 4319559.743, 62
Trd, 4319560.143, 62
Trd, 4319561.193, 62
Trd, 4319561.393, 63
Trd, 4319561.993, 60
Trd, 4319562.643, 75
Trd, 4319563.243, 140
Trd, 4319563.793, 65
Trd, 4319564.193, 139
Trd, 4319564.543, 80
Trd, 4319564.793, 62
Trd, 4319565.043, 140
Trd, 4319565.093, 139
Trd, 4319566.343, 140
Trd, 4319567.193, 140
Trd, 4319567.393, 139
Trd, 4319567.793, 140
Trd, 4319568.093, 140
Trd, 4319568.993, 140
Trd, 4319569.843, 139
Trd, 4319569.993, 116
Trd, 4319571.543, 140
Trd, 4319571.843, 140
Trd, 4319572.093, 139
Trd, 4319573.443, 62
Trd, 4319575.693, 62
Trd, 4319575.793, 63
Trd, 4319576.343, 60
Trd, 4319576.993, 61
Trd, 4319577.293, 62
Trd, 4319578.493, 60
Trd, 4319578.993, 62
Trd, 4319579.143, 61
Trd, 4319579.793, 62
Trd, 4319579.943, 62
Trd, 4319580.243, 66
Trd, 4319580.293, 63
Trd, 4319581.443, 61
Trd, 4319581.843, 61
Trd, 4319582.593, 140
Trd, 4319582.943, 78
Trd, 4319583.993, 60
Trd, 4319584.043, 63
Trd, 4319585.143, 64
Trd, 4319585.443, 64
Trd, 4319585.593, 63
Trd, 4319588.743, 60
Trd, 4319589.143, 60
Trd, 4319589.193, 60
Trd, 4319590.393, 60
Trd, 4319591.143, 61
Trd, 4319591.343, 61
Trd, 4319591.593, 65
Trd, 4319592.193, 64
Trd, 4319592.893, 64
Trd, 4319593.743, 62
Trd, 4319595.193, 61
Trd, 4319595.643, 61
Trd, 4319595.743, 62
Trd, 4319595.943, 62
Trd, 4319597.043, 61
Trd, 4319598.643, 61
Trd, 4319598.943, 61
Trd, 4319599.343, 61
Trd, 4319600.193, 60
Trd, 4319600.293, 60
Trd, 4319601.443, 60
Trd, 4319601.943, 60
Trd, 4319603.643, 60
Trd, 4319604.093, 60
Trd, 4319604.593, 60
Trd, 4319605.143, 61
Trd, 4319606.143, 62
Trd, 4319607.293, 60
Trd, 4319607.693, 60
Trd, 4319608.193, 60
Trd, 4319608.743, 60
Trd, 4319609.093, 63
Trd, 4319609.393, 63
Trd, 4319609.943, 65
Trd, 4319611.093, 65
Trd, 4319611.743, 63
Trd, 4319612.443, 68
Trd, 4319613.543, 60
Trd, 4319613.843, 60
Trd, 4319614.093, 61
Trd, 4319614.193, 128
Trd, 4319614.893, 61
Trd, 4319615.393, 70
Trd, 4319615.893, 61
Trd, 4319616.043, 138
Trd, 4319617.443, 60
Trd, 4319617.893, 61
Trd, 4319620.293, 61
Trd, 4319620.543, 60
Trd, 4319620.593, 63
Trd, 4319621.543, 60
Trd, 4319621.593, 63
Trd, 4319624.143, 60
Trd, 4319624.393, 62
Trd, 4319624.843, 60
Trd, 4319625.843, 60
Trd, 4319625.943, 62
Trd, 4319626.693, 65
Trd, 4319627.243, 61
Trd, 4319628.293, 60
Trd, 4319628.743, 60
Trd, 4319628.843, 61
Trd, 4319629.643, 64
Trd, 4319630.043, 60
Trd, 4319631.043, 60
Trd, 4319631.193, 61
Trd, 4319631.893, 60
Trd, 4319632.493, 61
Trd, 4319632.993, 68
Trd, 4319633.693, 61
Trd, 4319635.143, 62
Trd, 4319635.793, 61
Trd, 4319635.993, 62
Trd, 4319637.743, 61
Trd, 4319638.443, 60
Trd, 4319638.793, 60
Trd, 4319639.643, 60
Trd, 4319639.843, 62
Trd, 4319640.143, 68
Trd, 4319641.193, 62
Trd, 4319641.893, 61
Trd, 4319642.093, 61
Trd, 4319642.893, 62
Trd, 4319645.293, 61
Trd, 4319645.743, 64
Trd, 4319645.943, 62
Trd, 4319646.043, 68
Trd, 4319646.393, 62
Trd, 4319646.443, 75
Trd, 4319647.043, 61
Trd, 4319647.293, 68
Trd, 4319647.993, 64
Trd, 4319648.693, 60
Trd, 4319649.943, 60
Trd, 4319650.193, 62
Trd, 4319651.743, 64
Trd, 4319652.293, 65
Trd, 4319652.743, 63
Trd, 4319653.493, 61
Trd, 4319654.493, 61
Trd, 4319655.143, 68
Trd, 4319655.893, 60
Trd, 4319656.393, 140
Trd, 4319656.643, 140
Trd, 4319656.893, 139
Trd, 4319657.143, 68
Trd, 4319658.143, 62
Trd, 4319659.393, 60
Trd, 4319659.593, 60
Trd, 4319660.343, 61
Trd, 4319660.643, 65
Trd, 4319662.593, 66
Trd, 4319663.093, 63
Trd, 4319663.993, 60
Trd, 4319665.593, 60
Trd, 4319666.193, 60
Trd, 4319666.793, 60
Trd, 4319666.843, 61
Trd, 4319666.893, 63
Trd, 4319667.493, 60
Trd, 4319667.793, 61
Trd, 4319668.693, 62
Trd, 4319668.993, 67
Trd, 4319669.493, 65
Trd, 4319670.443, 62
Trd, 4319670.993, 66
Trd, 4319671.493, 64
Trd, 4319672.193, 60
Trd, 4319672.393, 60
Trd, 4319672.443, 75
Trd, 4319673.143, 106
Trd, 4319676.443, 60
Trd, 4319676.543, 60
Trd, 4319677.493, 61
Trd, 4319677.843, 64
Trd, 4319678.043, 62
Trd, 4319678.343, 60
Trd, 4319678.593, 67
Trd, 4319678.793, 109
Trd, 4319679.143, 63
Trd, 4319679.343, 62
Trd, 4319680.093, 140
Trd, 4319680.443, 140
Trd, 4319681.293, 138
Trd, 4319681.493, 66
Trd, 4319682.543, 61
Trd, 4319683.093, 61
Trd, 4319683.543, 60
Trd, 4319685.943, 62
Trd, 4319686.393, 60
Trd, 4319687.143, 63
Trd, 4319687.443, 60
Trd, 4319687.993, 64
Trd, 4319688.243, 64
Trd, 4319689.143, 64
Trd, 4319689.493, 64
Trd, 4319689.793, 62
Trd, 4319689.993, 65
Trd, 4319690.443, 61
Trd, 4319692.043, 63
Trd, 4319692.143, 64
Trd, 4319693.343, 87
Trd, 4319693.493, 88
Trd, 4319693.893, 118
Trd, 4319694.293, 140
Trd, 4319694.743, 140
Trd, 4319695.043, 140
Trd, 4319695.643, 140
Trd, 4319696.193, 85
Trd, 4319696.943, 140
Trd, 4319697.643, 139
Trd, 4319698.243, 138
Trd, 4319698.643, 139
Trd, 4319698.743, 139
Trd, 4319698.843, 138
Trd, 4319699.593, 82
Trd, 4319700.243, 81
Trd, 4319702.243, 140
Trd, 4319702.293, 140
Trd, 4319702.843, 139
Trd, 4319703.093, 139
Trd, 4319703.293, 103
Trd, 4319704.393, 60
Trd, 4319704.543, 60
Trd, 4319705.693, 140
Trd, 4319706.643, 140
Trd, 4319706.943, 136
Trd, 4319707.043, 140
Trd, 4319707.293, 133
Trd, 4319708.143, 96
Trd, 4319708.193, 95
Trd, 4319709.593, 62
Trd, 4319709.793, 66
Trd, 4319710.443, 61
Trd, 4319711.693, 60
Trd, 4319711.743, 61
Trd, 4319711.843, 61
Trd, 4319713.093, 63
Trd, 4319713.343, 63
Trd, 4319713.543, 70
Trd, 4319715.193, 60
Trd, 4319715.793, 61
Trd, 4319716.843, 62
Trd, 4319716.943, 63
Trd, 4319717.293, 62
Trd, 4319717.643, 139
Trd, 4319718.143, 123
Trd, 4319718.193, 122
Trd, 4319718.643, 139
Trd, 4319719.243, 140
Trd, 4319720.043, 60
Trd, 4319720.993, 77
Trd, 4319721.043, 76
Trd, 4319721.743, 140
Trd, 4319722.143, 138
Trd, 4319724.143, 60
Trd, 4319724.943, 63
Trd, 4319725.193, 66
Trd, 4319725.293, 64
Trd, 4319725.343, 73
Trd, 4319725.693, 93
Trd, 4319726.093, 126
Trd, 4319726.643, 140
Trd, 4319727.893, 60
Trd, 4319729.443, 60
Trd, 4319729.693, 61
Trd, 4319730.993, 60
Trd, 4319731.543, 60
Trd, 4319731.793, 60
Trd, 4319732.393, 62
Trd, 4319732.493, 60
Trd, 4319733.293, 62
Trd, 4319733.643, 66
Trd, 4319733.843, 61
Trd, 4319735.393, 60
Trd, 4319736.243, 60
Trd, 4319736.343, 61
Trd, 4319736.543, 61
Trd, 4319737.143, 61
Trd, 4319738.043, 60
Trd, 4319739.243, 62
Trd, 4319741.143, 60
Trd, 4319741.443, 60
Trd, 4319741.843, 63
Trd, 4319742.393, 60
Trd, 4319743.543, 61
Trd, 4319743.643, 61
Trd, 4319743.943, 61
Trd, 4319745.093, 60
Trd, 4319745.443, 61
Trd, 4319745.593, 67
Trd, 4319746.093, 64
Trd, 4319746.943, 140
Trd, 4319746.993, 140
Trd, 4319748.143, 60
Trd, 4319748.293, 60
Trd, 4319750.593, 61
Trd, 4319751.443, 64
Trd, 4319752.043, 62
Trd, 4319752.443, 64
Trd, 4319752.593, 67
Trd, 4319752.793, 63
Trd, 4319752.843, 70
Trd, 4319753.143, 62
Trd, 4319753.593, 104
Trd, 4319754.193, 140
Trd, 4319754.293, 140
Trd, 4319755.493, 140
Trd, 4319755.893, 140
Trd, 4319756.243, 140
Trd, 4319756.593, 140
Trd, 4319757.893, 139
Trd, 4319758.193, 137
Trd, 4319758.493, 64
Trd, 4319760.343, 61
Trd, 4319760.893, 61
Trd, 4319761.093, 60
Trd, 4319761.593, 61
Trd, 4319762.043, 62
Trd, 4319762.493, 70
Trd, 4319763.743, 60
Trd, 4319764.243, 61
Trd, 4319764.593, 60
Trd, 4319766.043, 60
Trd, 4319766.393, 61
Trd, 4319767.393, 62
Trd, 4319768.893, 60
Trd, 4319769.693, 60
Trd, 4319769.843, 65
Trd, 4319770.243, 64
Trd, 4319770.293, 60
Trd, 4319770.993, 65
Trd, 4319771.843, 63
Trd, 4319772.143, 70
Trd, 4319772.843, 99
Trd, 4319773.093, 67
Trd, 4319773.643, 62
Trd, 4319775.043, 63
Trd, 4319775.943, 60
Trd, 4319777.043, 61
Trd, 4319777.543, 60
Trd, 4319778.343, 60
Trd, 4319779.493, 60
Trd, 4319780.743, 60
Trd, 4319780.843, 60
Trd, 4319781.893, 61
Trd, 4319781.993, 64
Trd, 4319783.643, 60
Trd, 4319783.893, 60
Trd, 4319784.943, 63
Trd, 4319785.043, 62
Trd, 4319785.343, 139
Trd, 4319785.993, 63
Trd, 4319786.043, 85
Trd, 4319786.593, 82
Trd, 4319787.143, 63
Trd, 4319787.393, 65
Trd, 4319788.593, 72
Trd, 4319789.993, 61
Trd, 4319791.393, 61
Trd, 4319791.793, 61
Trd, 4319792.043, 61
Trd, 4319792.593, 64
Trd, 4319793.043, 61
Trd, 4319793.193, 60
Trd, 4319793.443, 62
Trd, 4319795.293, 60
Trd, 4319795.693, 61
Trd, 4319795.743, 65
Trd, 4319795.993, 65
Trd, 4319796.493, 67
Trd, 4319797.743, 67
Trd, 4319798.093, 128
Trd, 4319799.293, 61
Trd, 4319801.293, 62
Trd, 4319801.743, 61
Trd, 4319802.493, 60
Trd, 4319802.893, 62
Trd, 4319802.993, 62
Trd, 4319803.843, 60
Trd, 4319804.693, 61
Trd, 4319805.543, 61
Trd, 4319806.493, 63
Trd, 4319806.893, 63
Trd, 4319806.993, 64
Trd, 4319807.343, 69
Trd, 4319808.493, 61
Trd, 4319808.843, 62
Trd, 4319809.043, 65
Trd, 4319810.443, 62
Trd, 4319810.793, 60
Trd, 4319811.643, 60
Trd, 4319812.543, 62
Trd, 4319812.893, 140
Trd, 4319813.093, 63
Trd, 4319813.193, 67
Trd, 4319813.893, 135
Trd, 4319814.643, 64
Trd, 4319814.843, 65
Trd, 4319815.593, 75
Trd, 4319815.993, 109
Trd, 4319816.193, 108
Trd, 4319817.643, 61
Trd, 4319817.693, 67
Trd, 4319820.093, 60
Trd, 4319820.543, 60
Trd, 4319820.643, 61
Trd, 4319821.043, 79
Trd, 4319822.143, 63
Trd, 4319823.543, 61
Trd, 4319824.043, 61
Trd, 4319824.443, 61
Trd, 4319824.993, 62
Trd, 4319825.393, 64
Trd, 4319825.843, 63
Trd, 4319825.893, 86
Trd, 4319826.943, 140
Trd, 4319827.093, 140
Trd, 4319827.243, 140
Trd, 4319828.143, 62
Trd, 4319828.493, 139
Trd, 4319829.893, 140
Trd, 4319830.343, 140
Trd, 4319830.593, 139
Trd, 4319830.643, 104
Trd, 4319831.443, 64
Trd, 4319831.493, 63
Trd, 4319832.493, 137
Trd, 4319832.843, 99
Trd, 4319832.993, 98
Trd, 4319833.643, 61
Trd, 4319834.443, 140
Trd, 4319835.243, 140
Trd, 4319835.743, 137
Trd, 4319836.943, 60
Trd, 4319837.293, 60
Trd, 4319838.343, 62
Trd, 4319838.643, 60
Trd, 4319839.293, 68
Trd, 4319840.193, 60
Trd, 4319840.443, 61
Trd, 4319840.593, 62
Trd, 4319841.193, 61
Trd, 4319841.393, 61
Trd, 4319842.243, 61
Trd, 4319843.193, 63
Trd, 4319844.893, 60
Trd, 4319846.043, 60
Trd, 4319846.093, 61
Trd, 4319846.493, 61
Trd, 4319847.343, 61
Trd, 4319847.493, 62
Trd, 4319848.093, 62
Trd, 4319848.993, 64
Trd, 4319849.243, 61
Trd, 4319850.843, 62
Trd, 4319851.093, 60
Trd, 4319852.393, 60
Trd, 4319852.943, 64
Trd, 4319853.193, 62
Trd, 4319853.343, 68
Trd, 4319854.193, 67
Trd, 4319854.793, 63
Trd, 4319855.593, 61
Trd, 4319855.993, 60
Trd, 4319857.093, 62
Trd, 4319857.193, 62
Trd, 4319857.443, 63
Trd, 4319858.593, 61
Trd, 4319858.693, 69
Trd, 4319859.293, 75
Trd, 4319859.443, 131
Trd, 4319860.043, 65
Trd, 4319861.093, 61
Trd, 4319861.643, 71
Trd, 4319861.993, 113
Trd, 4319863.443, 60
Trd, 4319863.943, 60
Trd, 4319864.043, 63
Trd, 4319865.193, 66
Trd, 4319866.193, 140
Trd, 4319867.093, 101
Trd, 4319868.143, 60
Trd, 4319868.443, 60
Trd, 4319868.793, 61
Trd, 4319868.893, 63
Trd, 4319869.943, 65
Trd, 4319869.993, 62
Trd, 4319870.393, 60
Trd, 4319872.593, 63
Trd, 4319873.393, 61
Trd, 4319874.043, 60
Trd, 4319874.193, 63
Trd, 4319875.193, 60
Trd, 4319875.243, 66
Trd, 4319876.043, 64
Trd, 4319876.593, 71
Trd, 4319877.143, 62
Trd, 4319879.693, 61
Trd, 4319881.043, 61
Trd, 4319881.243, 62
Trd, 4319881.843, 66
Trd, 4319882.693, 62
Trd, 4319882.943, 62
Trd, 4319883.543, 61
Trd, 4319883.743, 62
Trd, 4319883.843, 61
Trd, 4319884.643, 61
Trd, 4319885.493, 62
Trd, 4319886.743, 61
Trd, 4319887.293, 60
Trd, 4319888.443, 60
Trd, 4319889.093, 61
Trd, 4319889.593, 62
Trd, 4319889.693, 62
Trd, 4319890.693, 61
Trd, 4319891.443, 63
Trd, 4319891.493, 63
Trd, 4319891.643, 64
Trd, 4319892.993, 60
Trd, 4319893.493, 64
Trd, 4319894.743, 63
Trd, 4319894.793, 68
Trd, 4319895.243, 62
Trd, 4319895.643, 60
Trd, 4319897.043, 60
Trd, 4319898.393, 61
Trd, 4319898.693, 60
Trd, 4319899.443, 62
Trd, 4319899.993, 60
Trd, 4319900.643, 61
Trd, 4319901.093, 64
Trd, 4319901.343, 70
Trd, 4319901.593, 67
Trd, 4319902.493, 61
Trd, 4319903.843, 64
Trd, 4319904.343, 61
Trd, 4319904.993, 64
Trd, 4319905.193, 60
Trd, 4319905.243, 65
Trd, 4319905.743, 140
Trd, 4319906.293, 61
Trd, 4319906.943, 67
Trd, 4319907.543, 62
Trd, 4319908.543, 60
Trd, 4319910.993, 60
Trd, 4319911.243, 60
Trd, 4319911.643, 61
Trd, 4319911.893, 61
Trd, 4319912.593, 61
Trd, 4319914.093, 61
Trd, 4319914.643, 63
Trd, 4319916.743, 63
Trd, 4319916.943, 61
Trd, 4319916.993, 61
Trd, 4319917.343, 63
Trd, 4319917.893, 60
Trd, 4319918.493, 61
Trd, 4319918.643, 62
Trd, 4319919.393, 61
Trd, 4319920.143, 61
Trd, 4319922.593, 60
Trd, 4319923.693, 63
Trd, 4319923.893, 60
Trd, 4319925.393, 62
Trd, 4319926.143, 62
Trd, 4319927.143, 60
Trd, 4319927.243, 61
Trd, 4319927.693, 62
Trd, 4319928.893, 60
Trd, 4319929.093, 61
Trd, 4319929.193, 61
Trd, 4319929.893, 62
Trd, 4319930.643, 62
Trd, 4319930.743, 63
Trd, 4319932.293, 60
Trd, 4319932.543, 60
Trd, 4319932.843, 60
Trd, 4319933.443, 60
Trd, 4319934.943, 63
Trd, 4319934.993, 60
Trd, 4319935.643, 65
Trd, 4319936.343, 94
Trd, 4319937.143, 139
Trd, 4319937.243, 85
Trd, 4319937.593, 138
Trd, 4319938.293, 114
Trd, 4319938.343, 101
Trd, 4319938.493, 101
Trd, 4319939.893, 62
Trd, 4319941.393, 60
Trd, 4319941.893, 60
Trd, 4319942.343, 60
Trd, 4319942.843, 61
Trd, 4319943.243, 66
Trd, 4319943.943, 63
Trd, 4319944.493, 60
Trd, 4319945.593, 67
Trd, 4319946.293, 62
Trd, 4319947.043, 60
Trd, 4319947.093, 60
Trd, 4319947.543, 65
Trd, 4319947.693, 65
Trd, 4319948.793, 61
Trd, 4319949.693, 64
Trd, 4319950.143, 63
Trd, 4319950.743, 60
Trd, 4319951.643, 61
Trd, 4319951.843, 61
Trd, 4319953.193, 63
Trd, 4319953.643, 63
Trd, 4319954.893, 60
Trd, 4319955.343, 60
Trd, 4319955.393, 63
Trd, 4319956.293, 60
Trd, 4319956.493, 61
Trd, 4319957.343, 62
Trd, 4319957.843, 60
Trd, 4319958.193, 61
Trd, 4319959.793, 61
Trd, 4319959.843, 63
Trd, 4319960.243, 63
Trd, 4319961.693, 61
Trd, 4319962.293, 61
Trd, 4319962.743, 63
Trd, 4319963.343, 126
Trd, 4319963.593, 61
Trd, 4319964.193, 61
Trd, 4319964.693, 72
Trd, 4319965.443, 66
Trd, 4319965.593, 72
Trd, 4319967.643, 63
Trd, 4319968.993, 60
Trd, 4319969.143, 60
Trd, 4319969.343, 61
Trd, 4319969.393, 74
Trd, 4319969.693, 62
Trd, 4319970.093, 60
Trd, 4319970.143, 64
Trd, 4319970.493, 60
Trd, 4319971.843, 140
Trd, 4319972.693, 139
Trd, 4319972.793, 87
Trd, 4319973.593, 140
Trd, 4319974.243, 61
Trd, 4319975.143, 61
Trd, 4319975.343, 60
Trd, 4319976.343, 63
Trd, 4319976.743, 64
Trd, 4319977.293, 140
Trd, 4319979.143, 140
Trd, 4319979.593, 140
Trd, 4319979.643, 140
Trd, 4319979.693, 140
Trd, 4319980.143, 63
Trd, 4319982.543, 60
Trd, 4319983.493, 60
Trd, 4319983.893, 62
Trd, 4319984.143, 61
Trd, 4319984.493, 61
Trd, 4319984.893, 60
Trd, 4319985.443, 62
Trd, 4319986.693, 63
Trd, 4319987.893, 62
Trd, 4319988.743, 61
Trd, 4319989.143, 61
Trd, 4319989.193, 62
Trd, 4319989.293, 63
Trd, 4319991.993, 60
Trd, 4319992.193, 61
Trd, 4319994.093, 60
Trd, 4319994.143, 63
Trd, 4319994.693, 64
Trd, 4319995.093, 64
Trd, 4319995.943, 61
Trd, 4319996.643, 60
Trd, 4319996.743, 61
Trd, 4319996.993, 63
Trd, 4319997.643, 60
Trd, 4319998.443, 60
Trd, 4319998.543, 61
Trd, 4319999.693, 61
