Trd, 4318157.143, 127
Trd, 4318157.693, 124
Trd, 4318158.893, 99
Trd, 4318159.593, 136
Trd, 4318160.093, 101
Trd, 4318160.793, 131
Trd, 4318161.593, 121
Trd, 4318162.193, 119
Trd, 4318162.443, 105
Trd, 4318163.593, 114
Trd, 4318163.693, 70
Trd, 4318164.443, 69
Trd, 4318164.943, 61
Trd, 4318165.593, 133
Trd, 4318166.593, 68
Trd, 4318168.393, 129
Trd, 4318169.143, 126
Trd, 4318169.493, 108
Trd, 4318169.643, 107
Trd, 4318170.393, 129
Trd, 4318171.043, 105
Trd, 4318171.743, 118
Trd, 4318172.593, 129
Trd, 4318173.443, 84
Trd, 4318173.593, 102
Trd, 4318174.043, 70
Trd, 4318174.993, 116
Trd, 4318175.193, 77
Trd, 4318175.543, 98
Trd, 4318176.843, 111
Trd, 4318177.293, 77
Trd, 4318180.543, 137
Trd, 4318180.893, 133
Trd, 4318181.143, 125
Trd, 4318181.193, 121
Trd, 4318182.443, 132
Trd, 4318182.493, 126
Trd, 4318182.943, 113
Trd, 4318183.943, 130
Trd, 4318184.843, 128
Trd, 4318184.993, 97
Trd, 4318185.493, 123
Trd, 4318186.143, 121
Trd, 4318186.543, 95
Trd, 4318187.143, 125
Trd, 4318188.593, 122
Trd, 4318188.943, 118
Trd, 4318190.293, 121
Trd, 4318190.393, 104
Trd, 4318190.893, 77
Trd, 4318190.943, 112
Trd, 4318191.043, 117
Trd, 4318191.943, 74
Trd, 4318193.843, 71
Trd, 4318194.393, 68
Trd, 4318194.643, 77
Trd, 4318194.893, 83
Trd, 4318195.443, 95
Trd, 4318196.243, 92
Trd, 4318196.643, 138
Trd, 4318197.643, 113
Trd, 4318198.443, 106
Trd, 4318198.993, 62
Trd, 4318200.043, 107
Trd, 4318200.243, 109
Trd, 4318200.843, 89
Trd, 4318201.093, 70
Trd, 4318202.243, 100
Trd, 4318202.893, 67
Trd, 4318203.593, 111
Trd, 4318203.843, 67
Trd, 4318204.243, 129
Trd, 4318205.743, 67
Trd, 4318205.843, 69
Trd, 4318206.393, 131
Trd, 4318206.643, 106
Trd, 4318206.993, 118
Trd, 4318207.443, 87
Trd, 4318207.793, 85
Trd, 4318208.843, 66
Trd, 4318209.343, 126
Trd, 4318210.193, 68
Trd, 4318210.443, 77
Trd, 4318211.043, 89
Trd, 4318211.593, 139
Trd, 4318212.093, 95
Trd, 4318213.493, 120
Trd, 4318215.243, 99
Trd, 4318215.693, 110
Trd, 4318215.793, 134
Trd, 4318216.293, 74
Trd, 4318217.193, 63
Trd, 4318217.643, 77
Trd, 4318218.043, 131
Trd, 4318218.493, 61
Trd, 4318219.093, 84
Trd, 4318221.343, 99
Trd, 4318221.743, 74
Trd, 4318221.943, 61
Trd, 4318222.193, 84
Trd, 4318223.493, 79
Trd, 4318223.843, 87
Trd, 4318224.043, 102
Trd, 4318225.093, 74
Trd, 4318226.043, 104
Trd, 4318226.093, 98
Trd, 4318226.993, 107
Trd, 4318227.343, 99
Trd, 4318227.893, 111
Trd, 4318228.193, 132
Trd, 4318228.843, 88
Trd, 4318229.843, 87
Trd, 4318230.543, 114
Trd, 4318230.893, 80
Trd, 4318231.643, 95
Trd, 4318231.743, 108
Trd, 4318231.993, 105
Trd, 4318232.943, 66
Trd, 4318235.193, 65
Trd, 4318235.543, 73
Trd, 4318235.693, 77
Trd, 4318236.443, 62
Trd, 4318237.293, 88
Trd, 4318238.243, 107
Trd, 4318238.593, 93
Trd, 4318239.193, 101
Trd, 4318239.793, 127
Trd, 4318240.793, 118
Trd, 4318241.143, 103
Trd, 4318241.693, 136
Trd, 4318242.543, 95
Trd, 4318242.693, 85
Trd, 4318243.243, 85
Trd, 4318243.493, 126
Trd, 4318244.493, 116
Trd, 4318244.593, 65
Trd, 4318245.693, 103
Trd, 4318246.193, 61
Trd, 4318247.493, 75
Trd, 4318247.643, 81
Trd, 4318247.893, 68
Trd, 4318248.743, 98
Trd, 4318249.143, 60
Trd, 4318249.593, 79
Trd, 4318251.193, 69
Trd, 4318251.693, 79
Trd, 4318251.843, 72
Trd, 4318252.493, 86
Trd, 4318252.593, 109
Trd, 4318253.343, 74
Trd, 4318254.693, 126
Trd, 4318254.993, 127
Trd, 4318256.243, 103
Trd, 4318256.293, 86
Trd, 4318257.143, 121
Trd, 4318257.793, 120
Trd, 4318258.293, 122
Trd, 4318258.943, 117
Trd, 4318259.343, 136
Trd, 4318260.493, 107
Trd, 4318262.343, 84
Trd, 4318262.443, 96
Trd, 4318263.843, 90
Trd, 4318263.893, 89
Trd, 4318264.143, 115
Trd, 4318264.643, 74
Trd, 4318265.243, 118
Trd, 4318266.243, 125
Trd, 4318266.743, 122
Trd, 4318268.143, 110
Trd, 4318268.243, 98
Trd, 4318268.443, 119
Trd, 4318270.943, 116
Trd, 4318271.043, 109
Trd, 4318271.343, 134
Trd, 4318272.393, 117
Trd, 4318272.643, 91
Trd, 4318273.143, 74
Trd, 4318273.493, 75
Trd, 4318274.793, 126
Trd, 4318275.193, 132
Trd, 4318275.893, 136
Trd, 4318276.693, 115
Trd, 4318277.093, 99
Trd, 4318277.793, 135
Trd, 4318278.393, 118
Trd, 4318278.993, 75
Trd, 4318279.243, 88
Trd, 4318279.843, 129
Trd, 4318280.243, 93
Trd, 4318281.943, 94
Trd, 4318282.243, 82
Trd, 4318282.393, 76
Trd, 4318283.943, 70
Trd, 4318284.893, 122
Trd, 4318286.243, 67
Trd, 4318286.493, 93
Trd, 4318286.793, 77
Trd, 4318286.893, 97
Trd, 4318287.243, 67
Trd, 4318287.293, 77
Trd, 4318288.643, 106
Trd, 4318289.043, 92
Trd, 4318290.093, 96
Trd, 4318290.993, 107
Trd, 4318291.393, 82
Trd, 4318293.343, 79
Trd, 4318293.443, 81
Trd, 4318294.193, 69
Trd, 4318294.743, 78
Trd, 4318295.443, 66
Trd, 4318295.743, 65
Trd, 4318296.193, 84
Trd, 4318296.643, 134
Trd, 4318297.243, 137
Trd, 4318297.493, 135
Trd, 4318299.643, 101
Trd, 4318299.893, 130
Trd, 4318300.693, 73
Trd, 4318301.393, 98
Trd, 4318301.793, 133
Trd, 4318301.943, 117
Trd, 4318304.193, 73
Trd, 4318304.393, 127
Trd, 4318304.843, 76
Trd, 4318305.443, 69
Trd, 4318305.493, 84
Trd, 4318306.293, 60
Trd, 4318307.293, 86
Trd, 4318307.893, 76
Trd, 4318308.543, 73
Trd, 4318308.893, 83
Trd, 4318309.143, 83
Trd, 4318309.443, 72
Trd, 4318310.543, 64
Trd, 4318311.243, 129
Trd, 4318311.943, 115
Trd, 4318312.443, 120
Trd, 4318313.143, 131
Trd, 4318313.993, 103
Trd, 4318314.243, 136
Trd, 4318314.343, 86
Trd, 4318314.693, 67
Trd, 4318315.193, 89
Trd, 4318316.043, 100
Trd, 4318317.443, 97
Trd, 4318317.743, 89
Trd, 4318318.643, 72
Trd, 4318319.193, 68
Trd, 4318319.443, 98
Trd, 4318319.643, 77
Trd, 4318320.293, 85
Trd, 4318321.393, 97
Trd, 4318322.043, 66
Trd, 4318324.243, 88
Trd, 4318324.393, 95
Trd, 4318324.543, 73
Trd, 4318325.693, 96
Trd, 4318325.843, 93
Trd, 4318326.293, 101
Trd, 4318327.643, 112
Trd, 4318327.743, 116
Trd, 4318328.243, 102
Trd, 4318329.693, 104
Trd, 4318329.743, 96
Trd, 4318329.943, 110
Trd, 4318331.443, 98
Trd, 4318331.693, 80
Trd, 4318332.343, 115
Trd, 4318332.593, 114
Trd, 4318333.693, 98
Trd, 4318333.843, 112
Trd, 4318334.293, 107
Trd, 4318335.793, 124
Trd, 4318336.093, 114
Trd, 4318336.243, 105
Trd, 4318338.143, 83
Trd, 4318338.593, 82
Trd, 4318339.143, 76
Trd, 4318339.993, 137
Trd, 4318340.743, 104
Trd, 4318341.593, 65
Trd, 4318342.193, 88
Trd, 4318344.193, 113
Trd, 4318344.593, 102
Trd, 4318344.693, 124
Trd, 4318345.543, 122
Trd, 4318345.693, 125
Trd, 4318347.743, 65
Trd, 4318347.793, 86
Trd, 4318347.943, 105
Trd, 4318348.443, 123
Trd, 4318349.093, 80
Trd, 4318349.793, 70
Trd, 4318350.943, 91
Trd, 4318351.193, 119
Trd, 4318351.743, 106
Trd, 4318352.943, 76
Trd, 4318353.193, 71
Trd, 4318353.443, 69
Trd, 4318353.893, 115
Trd, 4318354.393, 106
Trd, 4318354.743, 96
Trd, 4318355.643, 94
Trd, 4318356.743, 95
Trd, 4318356.843, 107
Trd, 4318357.143, 93
Trd, 4318357.993, 118
Trd, 4318359.593, 70
Trd, 4318360.693, 83
Trd, 4318361.743, 83
Trd, 4318361.943, 128
Trd, 4318362.443, 119
Trd, 4318362.843, 80
Trd, 4318362.943, 114
Trd, 4318364.843, 80
Trd, 4318366.443, 77
Trd, 4318366.743, 85
Trd, 4318367.343, 131
Trd, 4318367.393, 74
Trd, 4318368.293, 138
Trd, 4318369.143, 138
Trd, 4318369.593, 132
Trd, 4318370.593, 111
Trd, 4318371.093, 99
Trd, 4318372.993, 75
Trd, 4318373.043, 80
Trd, 4318373.843, 92
Trd, 4318374.443, 135
Trd, 4318374.593, 101
Trd, 4318375.843, 84
Trd, 4318375.943, 94
Trd, 4318376.093, 93
Trd, 4318376.693, 116
Trd, 4318376.893, 111
Trd, 4318377.593, 136
Trd, 4318378.293, 71
Trd, 4318378.543, 98
Trd, 4318379.943, 99
Trd, 4318380.843, 94
Trd, 4318382.643, 121
Trd, 4318383.343, 128
Trd, 4318383.443, 113
Trd, 4318383.693, 88
Trd, 4318384.343, 123
Trd, 4318385.643, 120
Trd, 4318386.193, 77
Trd, 4318387.243, 114
Trd, 4318387.643, 102
Trd, 4318387.843, 101
Trd, 4318387.893, 115
Trd, 4318388.993, 79
Trd, 4318389.643, 71
Trd, 4318390.093, 136
Trd, 4318390.243, 97
Trd, 4318390.643, 123
Trd, 4318392.143, 113
Trd, 4318393.743, 130
Trd, 4318394.293, 114
Trd, 4318394.843, 112
Trd, 4318396.543, 103
Trd, 4318397.193, 109
Trd, 4318397.493, 122
Trd, 4318397.793, 89
Trd, 4318397.993, 118
Trd, 4318398.043, 79
Trd, 4318398.393, 68
Trd, 4318398.543, 77
Trd, 4318400.043, 92
Trd, 4318400.443, 94
Trd, 4318401.343, 75
Trd, 4318402.043, 61
Trd, 4318402.293, 96
Trd, 4318403.043, 100
Trd, 4318403.493, 90
Trd, 4318403.843, 98
Trd, 4318405.243, 76
Trd, 4318406.393, 124
Trd, 4318406.993, 133
Trd, 4318407.093, 90
Trd, 4318408.243, 138
Trd, 4318408.793, 139
Trd, 4318408.943, 128
Trd, 4318410.443, 127
Trd, 4318410.593, 115
Trd, 4318410.843, 114
Trd, 4318410.993, 85
Trd, 4318412.593, 103
Trd, 4318413.643, 90
Trd, 4318414.343, 88
Trd, 4318415.343, 78
Trd, 4318415.843, 114
Trd, 4318416.043, 94
Trd, 4318417.293, 129
Trd, 4318417.543, 114
Trd, 4318418.843, 124
Trd, 4318419.693, 109
Trd, 4318420.093, 87
Trd, 4318420.743, 131
Trd, 4318420.893, 120
Trd, 4318420.993, 120
Trd, 4318422.293, 128
Trd, 4318424.093, 112
Trd, 4318424.193, 102
Trd, 4318424.593, 115
Trd, 4318424.743, 135
Trd, 4318425.293, 109
Trd, 4318426.093, 107
Trd, 4318427.693, 131
Trd, 4318427.793, 113
Trd, 4318428.643, 137
Trd, 4318428.843, 125
Trd, 4318429.043, 130
Trd, 4318429.143, 116
Trd, 4318429.193, 93
Trd, 4318429.943, 114
Trd, 4318430.293, 85
Trd, 4318431.393, 121
Trd, 4318433.293, 120
Trd, 4318434.243, 137
Trd, 4318434.393, 90
Trd, 4318434.943, 80
Trd, 4318435.243, 83
Trd, 4318436.043, 128
Trd, 4318436.493, 85
Trd, 4318437.443, 111
Trd, 4318438.493, 106
Trd, 4318438.593, 114
Trd, 4318438.743, 115
Trd, 4318439.143, 85
Trd, 4318439.243, 79
Trd, 4318440.193, 79
Trd, 4318441.243, 67
Trd, 4318441.343, 85
Trd, 4318442.843, 86
Trd, 4318443.593, 78
Trd, 4318445.093, 100
Trd, 4318445.743, 126
Trd, 4318446.393, 98
Trd, 4318447.143, 129
Trd, 4318447.193, 111
Trd, 4318447.593, 109
Trd, 4318448.743, 111
Trd, 4318449.293, 95
Trd, 4318449.743, 107
Trd, 4318450.143, 92
Trd, 4318451.393, 84
Trd, 4318451.793, 67
Trd, 4318452.543, 116
Trd, 4318453.093, 74
Trd, 4318453.693, 82
Trd, 4318454.043, 99
Trd, 4318454.443, 135
Trd, 4318454.843, 89
Trd, 4318455.743, 125
Trd, 4318455.993, 72
Trd, 4318457.143, 69
Trd, 4318457.293, 79
Trd, 4318458.193, 69
Trd, 4318460.193, 140
Trd, 4318460.343, 108
Trd, 4318461.193, 128
Trd, 4318461.493, 129
Trd, 4318461.543, 71
Trd, 4318463.143, 61
Trd, 4318463.193, 64
Trd, 4318464.143, 75
Trd, 4318464.493, 79
Trd, 4318464.943, 96
Trd, 4318466.843, 123
Trd, 4318467.793, 109
Trd, 4318468.143, 118
Trd, 4318469.243, 68
Trd, 4318470.043, 106
Trd, 4318470.143, 97
Trd, 4318470.793, 97
Trd, 4318471.843, 91
Trd, 4318471.893, 63
Trd, 4318472.493, 125
Trd, 4318472.543, 113
Trd, 4318472.943, 108
Trd, 4318474.293, 116
Trd, 4318474.593, 106
Trd, 4318474.843, 72
Trd, 4318477.193, 123
Trd, 4318477.543, 113
Trd, 4318477.843, 123
Trd, 4318478.943, 64
Trd, 4318480.043, 61
Trd, 4318480.093, 67
Trd, 4318480.343, 75
Trd, 4318480.393, 103
Trd, 4318480.743, 65
Trd, 4318482.043, 65
Trd, 4318482.493, 131
Trd, 4318483.243, 62
Trd, 4318483.393, 70
Trd, 4318483.893, 119
Trd, 4318485.843, 82
Trd, 4318486.343, 106
Trd, 4318486.543, 109
Trd, 4318486.793, 84
Trd, 4318487.093, 88
Trd, 4318487.443, 117
Trd, 4318489.343, 131
Trd, 4318489.393, 126
Trd, 4318489.743, 128
Trd, 4318489.993, 111
Trd, 4318491.193, 70
Trd, 4318491.893, 128
Trd, 4318494.243, 131
Trd, 4318494.293, 126
Trd, 4318494.643, 137
Trd, 4318494.893, 122
Trd, 4318495.043, 135
Trd, 4318496.193, 122
Trd, 4318496.243, 116
Trd, 4318496.743, 116
Trd, 4318497.493, 71
Trd, 4318497.793, 73
Trd, 4318498.293, 133
Trd, 4318498.543, 65
Trd, 4318499.193, 97
Trd, 4318499.543, 134
Trd, 4318501.193, 61
Trd, 4318501.843, 122
Trd, 4318503.793, 139
Trd, 4318504.443, 114
Trd, 4318505.193, 81
Trd, 4318505.693, 135
Trd, 4318505.943, 131
Trd, 4318506.493, 136
Trd, 4318506.643, 100
Trd, 4318507.093, 91
Trd, 4318507.293, 80
Trd, 4318507.693, 74
Trd, 4318509.643, 121
Trd, 4318509.843, 107
Trd, 4318511.093, 105
Trd, 4318511.293, 100
Trd, 4318511.693, 114
Trd, 4318512.043, 139
Trd, 4318512.293, 85
Trd, 4318512.893, 93
Trd, 4318515.043, 98
Trd, 4318515.343, 116
Trd, 4318516.743, 130
Trd, 4318517.043, 122
Trd, 4318517.343, 113
Trd, 4318517.393, 112
Trd, 4318517.543, 89
Trd, 4318518.343, 108
Trd, 4318519.643, 89
Trd, 4318520.143, 95
Trd, 4318520.243, 93
Trd, 4318520.393, 105
Trd, 4318521.793, 83
Trd, 4318524.743, 135
Trd, 4318525.293, 133
Trd, 4318525.543, 118
Trd, 4318525.693, 115
Trd, 4318526.493, 98
Trd, 4318526.693, 77
Trd, 4318527.243, 65
Trd, 4318527.993, 86
Trd, 4318529.143, 100
Trd, 4318529.193, 111
Trd, 4318529.943, 92
Trd, 4318529.993, 77
Trd, 4318530.093, 105
Trd, 4318531.193, 125
Trd, 4318533.293, 106
Trd, 4318533.343, 105
Trd, 4318534.193, 94
Trd, 4318534.593, 94
Trd, 4318535.043, 84
Trd, 4318535.893, 101
Trd, 4318536.093, 117
Trd, 4318536.793, 106
Trd, 4318537.593, 116
Trd, 4318538.093, 105
Trd, 4318539.243, 80
Trd, 4318539.993, 117
Trd, 4318540.243, 97
Trd, 4318540.843, 78
Trd, 4318542.043, 112
Trd, 4318542.693, 117
Trd, 4318543.443, 132
Trd, 4318543.693, 118
Trd, 4318544.693, 107
Trd, 4318545.793, 105
Trd, 4318546.243, 117
Trd, 4318548.193, 139
Trd, 4318548.693, 137
Trd, 4318549.093, 132
Trd, 4318549.243, 115
Trd, 4318549.293, 105
Trd, 4318549.943, 119
Trd, 4318550.293, 103
Trd, 4318550.643, 87
Trd, 4318551.443, 94
Trd, 4318551.843, 82
Trd, 4318552.193, 100
Trd, 4318553.093, 84
Trd, 4318553.143, 87
Trd, 4318554.743, 93
Trd, 4318555.243, 89
Trd, 4318555.393, 84
Trd, 4318556.143, 100
Trd, 4318558.443, 137
Trd, 4318559.543, 134
Trd, 4318560.193, 137
Trd, 4318560.693, 119
Trd, 4318560.993, 115
Trd, 4318561.693, 106
Trd, 4318562.343, 96
Trd, 4318562.393, 93
Trd, 4318563.343, 120
Trd, 4318564.143, 109
Trd, 4318564.943, 98
Trd, 4318565.343, 110
Trd, 4318567.093, 126
Trd, 4318567.493, 134
Trd, 4318567.643, 126
Trd, 4318567.943, 122
Trd, 4318568.943, 119
Trd, 4318569.193, 117
Trd, 4318570.193, 105
Trd, 4318570.643, 100
Trd, 4318571.643, 91
Trd, 4318571.693, 77
Trd, 4318571.893, 77
Trd, 4318572.543, 117
Trd, 4318572.643, 71
Trd, 4318573.293, 76
Trd, 4318574.143, 112
Trd, 4318574.393, 92
Trd, 4318575.943, 106
Trd, 4318576.343, 104
Trd, 4318577.043, 130
Trd, 4318577.193, 132
Trd, 4318578.543, 140
Trd, 4318579.543, 100
Trd, 4318580.993, 134
Trd, 4318581.043, 87
Trd, 4318581.193, 73
Trd, 4318581.393, 111
Trd, 4318582.393, 110
Trd, 4318583.693, 133
Trd, 4318583.993, 112
Trd, 4318585.443, 100
Trd, 4318585.943, 135
Trd, 4318587.493, 109
Trd, 4318587.743, 75
Trd, 4318589.243, 79
Trd, 4318589.393, 82
Trd, 4318589.593, 81
Trd, 4318590.093, 97
Trd, 4318590.543, 119
Trd, 4318591.293, 138
Trd, 4318591.443, 113
Trd, 4318591.843, 116
Trd, 4318593.443, 136
Trd, 4318593.843, 116
Trd, 4318594.893, 102
Trd, 4318596.643, 140
Trd, 4318597.143, 133
Trd, 4318597.243, 121
Trd, 4318597.943, 95
Trd, 4318598.493, 99
Trd, 4318598.843, 140
Trd, 4318599.443, 74
Trd, 4318599.843, 75
Trd, 4318600.693, 93
Trd, 4318601.843, 64
Trd, 4318602.343, 93
Trd, 4318602.443, 103
Trd, 4318602.943, 108
Trd, 4318603.543, 71
Trd, 4318605.593, 64
Trd, 4318605.793, 101
Trd, 4318605.843, 111
Trd, 4318606.243, 71
Trd, 4318607.393, 108
Trd, 4318607.893, 70
Trd, 4318608.143, 80
Trd, 4318608.543, 111
Trd, 4318609.643, 112
Trd, 4318610.293, 79
Trd, 4318610.543, 69
Trd, 4318611.243, 117
Trd, 4318611.643, 94
Trd, 4318612.843, 115
Trd, 4318613.193, 112
Trd, 4318613.243, 95
Trd, 4318614.293, 98
Trd, 4318614.343, 99
Trd, 4318615.093, 74
Trd, 4318616.143, 66
Trd, 4318616.443, 81
Trd, 4318617.643, 95
Trd, 4318617.843, 91
Trd, 4318618.943, 95
Trd, 4318619.593, 127
Trd, 4318620.243, 123
Trd, 4318620.343, 109
Trd, 4318621.843, 63
Trd, 4318622.043, 131
Trd, 4318622.593, 83
Trd, 4318623.843, 137
Trd, 4318623.993, 115
Trd, 4318624.443, 113
Trd, 4318624.793, 106
Trd, 4318625.593, 90
Trd, 4318625.943, 84
Trd, 4318626.193, 99
Trd, 4318626.893, 96
Trd, 4318627.643, 66
Trd, 4318628.293, 78
Trd, 4318629.843, 63
Trd, 4318630.443, 71
Trd, 4318630.793, 72
Trd, 4318630.893, 60
Trd, 4318631.543, 84
Trd, 4318631.643, 106
Trd, 4318632.493, 68
Trd, 4318633.443, 119
Trd, 4318633.643, 117
Trd, 4318633.993, 118
Trd, 4318634.143, 138
Trd, 4318634.943, 78
Trd, 4318635.043, 91
Trd, 4318635.193, 110
Trd, 4318636.193, 67
Trd, 4318636.793, 64
Trd, 4318637.893, 63
Trd, 4318637.943, 74
Trd, 4318638.793, 104
Trd, 4318641.093, 137
Trd, 4318641.493, 121
Trd, 4318641.843, 104
Trd, 4318642.643, 130
Trd, 4318643.843, 122
Trd, 4318644.093, 115
Trd, 4318644.343, 122
Trd, 4318645.093, 113
Trd, 4318645.643, 109
Trd, 4318646.143, 101
Trd, 4318647.493, 106
Trd, 4318649.093, 138
Trd, 4318649.543, 120
Trd, 4318650.493, 113
Trd, 4318650.743, 128
Trd, 4318650.943, 101
Trd, 4318650.993, 130
Trd, 4318652.693, 114
Trd, 4318653.293, 101
Trd, 4318653.393, 90
Trd, 4318654.893, 132
Trd, 4318655.343, 110
Trd, 4318656.893, 137
Trd, 4318656.943, 120
Trd, 4318657.443, 119
Trd, 4318658.443, 109
Trd, 4318659.093, 91
Trd, 4318659.393, 83
Trd, 4318659.593, 80
Trd, 4318659.793, 109
Trd, 4318660.643, 77
Trd, 4318661.393, 125
Trd, 4318661.693, 118
Trd, 4318662.493, 101
Trd, 4318663.443, 139
Trd, 4318663.893, 78
Trd, 4318664.493, 105
Trd, 4318664.643, 122
Trd, 4318665.493, 84
Trd, 4318666.693, 86
Trd, 4318667.043, 71
Trd, 4318667.943, 98
Trd, 4318669.143, 91
Trd, 4318669.393, 105
Trd, 4318669.443, 111
Trd, 4318669.643, 113
Trd, 4318671.093, 132
Trd, 4318671.543, 109
Trd, 4318672.593, 127
Trd, 4318672.793, 132
Trd, 4318673.393, 140
Trd, 4318673.643, 84
Trd, 4318674.643, 110
Trd, 4318675.393, 83
Trd, 4318676.843, 123
Trd, 4318677.093, 133
Trd, 4318678.043, 103
Trd, 4318678.393, 85
Trd, 4318679.443, 138
Trd, 4318679.893, 118
Trd, 4318680.093, 110
Trd, 4318680.493, 67
Trd, 4318681.393, 67
Trd, 4318681.643, 133
Trd, 4318683.093, 117
Trd, 4318683.843, 83
Trd, 4318683.893, 135
Trd, 4318684.143, 73
Trd, 4318684.343, 138
Trd, 4318684.843, 92
Trd, 4318685.943, 67
Trd, 4318686.093, 111
Trd, 4318688.043, 67
Trd, 4318688.143, 68
Trd, 4318688.943, 65
Trd, 4318690.193, 81
Trd, 4318690.343, 88
Trd, 4318690.443, 72
Trd, 4318691.543, 122
Trd, 4318691.693, 123
Trd, 4318692.693, 97
Trd, 4318692.943, 116
Trd, 4318693.293, 113
Trd, 4318693.493, 95
Trd, 4318694.243, 85
Trd, 4318696.743, 100
Trd, 4318697.293, 85
Trd, 4318697.393, 91
Trd, 4318697.693, 76
Trd, 4318697.993, 100
Trd, 4318699.093, 100
Trd, 4318699.493, 72
Trd, 4318700.993, 87
Trd, 4318701.143, 132
Trd, 4318701.493, 111
Trd, 4318701.843, 123
Trd, 4318703.143, 81
Trd, 4318703.793, 123
Trd, 4318703.893, 119
Trd, 4318704.643, 105
Trd, 4318704.743, 104
Trd, 4318705.243, 96
Trd, 4318706.343, 126
Trd, 4318706.593, 140
Trd, 4318708.843, 139
Trd, 4318708.893, 122
Trd, 4318709.993, 129
Trd, 4318710.743, 108
Trd, 4318711.143, 107
Trd, 4318711.343, 93
Trd, 4318711.893, 94
Trd, 4318712.043, 92
Trd, 4318712.843, 67
Trd, 4318713.893, 140
Trd, 4318714.243, 109
Trd, 4318714.443, 105
Trd, 4318715.293, 108
Trd, 4318715.443, 118
Trd, 4318716.743, 95
Trd, 4318717.043, 109
Trd, 4318717.343, 116
Trd, 4318717.793, 110
Trd, 4318718.193, 104
Trd, 4318718.993, 70
Trd, 4318719.393, 68
Trd, 4318719.943, 71
Trd, 4318721.243, 77
Trd, 4318721.893, 132
Trd, 4318721.943, 115
Trd, 4318722.893, 133
Trd, 4318723.193, 93
Trd, 4318723.693, 64
Trd, 4318724.493, 72
Trd, 4318725.443, 79
Trd, 4318725.893, 87
Trd, 4318726.493, 104
Trd, 4318727.243, 111
Trd, 4318728.243, 110
Trd, 4318728.443, 100
Trd, 4318728.593, 83
Trd, 4318729.543, 138
Trd, 4318730.393, 108
Trd, 4318730.643, 120
Trd, 4318731.743, 132
Trd, 4318732.843, 139
Trd, 4318733.043, 121
Trd, 4318734.043, 122
Trd, 4318734.093, 117
Trd, 4318734.143, 112
Trd, 4318735.393, 97
Trd, 4318735.693, 138
Trd, 4318737.243, 87
Trd, 4318737.443, 89
Trd, 4318737.993, 77
Trd, 4318739.643, 73
Trd, 4318740.343, 120
Trd, 4318740.493, 100
Trd, 4318742.343, 105
Trd, 4318742.793, 121
Trd, 4318742.893, 82
Trd, 4318743.643, 68
Trd, 4318745.143, 111
Trd, 4318745.443, 120
Trd, 4318745.693, 96
Trd, 4318745.943, 88
Trd, 4318746.793, 93
Trd, 4318747.093, 85
Trd, 4318747.243, 75
Trd, 4318747.593, 107
Trd, 4318749.043, 93
Trd, 4318749.243, 81
Trd, 4318750.543, 133
Trd, 4318751.043, 87
Trd, 4318751.543, 70
Trd, 4318751.893, 125
Trd, 4318751.943, 82
Trd, 4318752.643, 98
Trd, 4318753.593, 137
Trd, 4318754.543, 129
Trd, 4318754.893, 121
Trd, 4318755.493, 133
Trd, 4318756.143, 96
Trd, 4318756.593, 89
Trd, 4318757.093, 74
Trd, 4318757.143, 84
Trd, 4318757.693, 86
Trd, 4318757.843, 78
Trd, 4318759.843, 73
Trd, 4318760.093, 90
Trd, 4318760.443, 127
Trd, 4318760.793, 140
Trd, 4318761.393, 125
Trd, 4318763.443, 89
Trd, 4318763.793, 91
Trd, 4318764.543, 118
Trd, 4318765.243, 127
Trd, 4318765.643, 122
Trd, 4318767.093, 126
Trd, 4318767.893, 115
Trd, 4318767.943, 82
Trd, 4318768.493, 110
Trd, 4318769.043, 130
Trd, 4318770.293, 133
Trd, 4318771.243, 111
Trd, 4318771.443, 81
Trd, 4318771.793, 113
Trd, 4318771.993, 83
Trd, 4318772.393, 119
Trd, 4318772.443, 77
Trd, 4318772.843, 66
Trd, 4318774.043, 127
Trd, 4318774.243, 111
Trd, 4318776.193, 104
Trd, 4318776.593, 77
Trd, 4318776.893, 82
Trd, 4318777.693, 138
Trd, 4318778.693, 74
Trd, 4318778.943, 62
Trd, 4318779.643, 60
Trd, 4318780.793, 79
Trd, 4318781.443, 89
Trd, 4318781.593, 111
Trd, 4318782.443, 112
Trd, 4318782.693, 117
Trd, 4318783.593, 107
Trd, 4318784.443, 99
Trd, 4318785.493, 67
Trd, 4318785.693, 81
Trd, 4318786.543, 106
Trd, 4318786.943, 81
Trd, 4318787.393, 119
Trd, 4318787.543, 131
Trd, 4318788.293, 126
Trd, 4318789.693, 113
Trd, 4318790.043, 108
Trd, 4318790.493, 113
Trd, 4318791.293, 137
Trd, 4318791.793, 122
Trd, 4318792.593, 140
Trd, 4318793.043, 118
Trd, 4318794.693, 126
Trd, 4318795.393, 138
Trd, 4318795.543, 116
Trd, 4318795.643, 93
Trd, 4318796.443, 128
Trd, 4318797.243, 88
Trd, 4318798.143, 123
Trd, 4318799.593, 119
Trd, 4318800.093, 122
Trd, 4318801.693, 139
Trd, 4318802.543, 109
Trd, 4318802.743, 96
Trd, 4318804.843, 116
Trd, 4318804.993, 113
Trd, 4318805.093, 133
Trd, 4318805.243, 74
Trd, 4318806.143, 104
Trd, 4318806.593, 106
Trd, 4318806.643, 104
Trd, 4318807.593, 107
Trd, 4318807.943, 119
Trd, 4318808.993, 104
Trd, 4318809.793, 73
Trd, 4318809.993, 101
Trd, 4318811.043, 107
Trd, 4318811.493, 86
Trd, 4318812.393, 101
Trd, 4318812.693, 140
Trd, 4318813.643, 130
Trd, 4318813.993, 134
Trd, 4318814.593, 130
Trd, 4318815.243, 94
Trd, 4318816.443, 137
Trd, 4318817.543, 139
Trd, 4318817.843, 127
Trd, 4318818.843, 136
Trd, 4318819.693, 71
Trd, 4318819.943, 115
Trd, 4318821.793, 139
Trd, 4318821.993, 120
Trd, 4318822.043, 113
Trd, 4318822.643, 97
Trd, 4318822.993, 82
Trd, 4318823.693, 69
Trd, 4318823.843, 73
Trd, 4318824.293, 78
Trd, 4318826.043, 79
Trd, 4318826.793, 114
Trd, 4318826.893, 111
Trd, 4318827.543, 137
Trd, 4318827.693, 112
Trd, 4318827.843, 84
Trd, 4318830.293, 110
Trd, 4318830.493, 86
Trd, 4318831.643, 96
Trd, 4318831.943, 108
Trd, 4318832.793, 103
Trd, 4318833.943, 129
Trd, 4318834.893, 130
Trd, 4318835.243, 114
Trd, 4318835.643, 98
Trd, 4318836.193, 137
Trd, 4318836.293, 127
Trd, 4318836.793, 75
Trd, 4318838.243, 75
Trd, 4318839.193, 122
Trd, 4318840.293, 126
Trd, 4318840.743, 127
Trd, 4318841.543, 140
Trd, 4318841.743, 92
Trd, 4318841.943, 94
Trd, 4318842.793, 86
Trd, 4318842.943, 105
Trd, 4318844.293, 85
Trd, 4318844.393, 108
Trd, 4318845.143, 94
Trd, 4318845.893, 81
Trd, 4318846.893, 109
Trd, 4318848.593, 115
Trd, 4318849.043, 132
Trd, 4318849.343, 94
Trd, 4318849.493, 71
Trd, 4318849.543, 69
Trd, 4318850.343, 92
Trd, 4318851.743, 123
Trd, 4318851.943, 104
Trd, 4318852.293, 98
Trd, 4318853.093, 130
Trd, 4318853.293, 129
Trd, 4318854.043, 138
Trd, 4318854.143, 119
Trd, 4318855.143, 130
Trd, 4318857.443, 112
Trd, 4318857.543, 109
Trd, 4318857.793, 126
Trd, 4318858.793, 78
Trd, 4318859.893, 129
Trd, 4318859.943, 101
Trd, 4318862.143, 119
Trd, 4318862.693, 103
Trd, 4318863.143, 110
Trd, 4318863.343, 96
Trd, 4318863.443, 121
Trd, 4318863.643, 94
Trd, 4318864.043, 103
Trd, 4318864.843, 110
Trd, 4318865.493, 119
Trd, 4318866.493, 129
Trd, 4318866.543, 86
Trd, 4318867.243, 105
Trd, 4318867.893, 112
Trd, 4318868.593, 136
Trd, 4318870.193, 116
Trd, 4318870.593, 132
Trd, 4318871.343, 99
Trd, 4318871.993, 138
Trd, 4318872.793, 101
Trd, 4318872.843, 87
Trd, 4318873.293, 128
Trd, 4318873.593, 85
Trd, 4318874.293, 130
Trd, 4318874.743, 110
Trd, 4318874.893, 106
Trd, 4318876.393, 123
Trd, 4318876.693, 127
Trd, 4318878.143, 110
Trd, 4318879.893, 139
Trd, 4318881.243, 120
Trd, 4318881.743, 114
Trd, 4318881.793, 112
Trd, 4318882.593, 104
Trd, 4318882.693, 101
Trd, 4318882.793, 94
Trd, 4318883.443, 133
Trd, 4318885.743, 90
Trd, 4318887.093, 116
Trd, 4318887.193, 112
Trd, 4318887.243, 102
Trd, 4318887.593, 119
Trd, 4318888.193, 99
Trd, 4318889.243, 99
Trd, 4318890.793, 121
Trd, 4318891.243, 103
Trd, 4318891.843, 100
Trd, 4318893.393, 114
Trd, 4318893.743, 92
Trd, 4318893.893, 136
Trd, 4318893.993, 122
Trd, 4318894.093, 87
Trd, 4318895.093, 96
Trd, 4318896.193, 135
Trd, 4318896.493, 107
Trd, 4318896.693, 105
Trd, 4318897.743, 118
Trd, 4318897.993, 126
Trd, 4318898.243, 104
Trd, 4318899.193, 125
Trd, 4318899.543, 140
Trd, 4318900.893, 123
Trd, 4318901.643, 139
Trd, 4318901.943, 108
Trd, 4318902.043, 99
Trd, 4318902.543, 98
Trd, 4318903.693, 126
Trd, 4318905.843, 102
Trd, 4318906.843, 132
Trd, 4318907.493, 90
Trd, 4318908.043, 85
Trd, 4318908.543, 114
Trd, 4318909.143, 118
Trd, 4318909.193, 111
Trd, 4318910.143, 129
Trd, 4318910.843, 139
Trd, 4318911.043, 108
Trd, 4318911.343, 108
Trd, 4318911.893, 118
Trd, 4318912.693, 80
Trd, 4318912.893, 115
Trd, 4318914.693, 98
Trd, 4318915.343, 109
Trd, 4318915.593, 87
Trd, 4318915.743, 136
Trd, 4318916.043, 79
Trd, 4318916.243, 121
Trd, 4318918.093, 63
Trd, 4318918.293, 83
Trd, 4318919.443, 85
Trd, 4318920.693, 110
Trd, 4318921.593, 119
Trd, 4318922.793, 102
Trd, 4318922.993, 100
Trd, 4318923.193, 84
Trd, 4318923.293, 82
Trd, 4318923.643, 99
Trd, 4318924.443, 69
Trd, 4318924.593, 101
Trd, 4318926.043, 115
Trd, 4318926.643, 110
Trd, 4318927.993, 108
Trd, 4318928.043, 98
Trd, 4318930.443, 90
Trd, 4318930.743, 110
Trd, 4318931.443, 108
Trd, 4318931.493, 76
Trd, 4318931.943, 64
Trd, 4318932.043, 112
Trd, 4318934.443, 74
Trd, 4318934.643, 93
Trd, 4318934.943, 100
Trd, 4318935.243, 110
Trd, 4318935.493, 125
Trd, 4318935.843, 113
Trd, 4318936.543, 118
Trd, 4318937.543, 136
Trd, 4318937.793, 131
Trd, 4318937.843, 114
Trd, 4318939.443, 85
Trd, 4318940.243, 82
Trd, 4318941.993, 99
Trd, 4318942.393, 98
Trd, 4318942.893, 117
Trd, 4318943.393, 110
Trd, 4318943.493, 103
Trd, 4318944.343, 70
Trd, 4318944.393, 81
Trd, 4318945.643, 64
Trd, 4318946.293, 78
Trd, 4318946.793, 87
Trd, 4318947.043, 140
Trd, 4318949.093, 139
Trd, 4318949.143, 136
Trd, 4318950.043, 132
Trd, 4318950.193, 127
Trd, 4318950.743, 109
Trd, 4318951.293, 124
Trd, 4318951.443, 105
Trd, 4318953.743, 104
Trd, 4318953.993, 122
Trd, 4318954.193, 95
Trd, 4318954.443, 77
Trd, 4318954.893, 71
Trd, 4318955.593, 102
Trd, 4318955.843, 125
Trd, 4318956.743, 119
Trd, 4318958.193, 107
Trd, 4318958.293, 110
Trd, 4318958.743, 117
Trd, 4318959.493, 127
Trd, 4318960.793, 104
Trd, 4318961.493, 99
Trd, 4318961.543, 97
Trd, 4318961.793, 87
Trd, 4318962.593, 78
Trd, 4318962.843, 112
Trd, 4318964.293, 128
Trd, 4318966.043, 100
Trd, 4318966.243, 85
Trd, 4318966.593, 69
Trd, 4318967.193, 126
Trd, 4318967.643, 102
Trd, 4318968.193, 88
Trd, 4318968.543, 92
Trd, 4318969.193, 81
Trd, 4318970.143, 134
Trd, 4318970.393, 124
Trd, 4318970.693, 121
Trd, 4318971.243, 81
Trd, 4318971.743, 61
Trd, 4318971.893, 64
Trd, 4318973.243, 136
Trd, 4318973.943, 125
Trd, 4318974.043, 121
Trd, 4318974.793, 84
Trd, 4318976.543, 105
Trd, 4318976.843, 127
Trd, 4318977.443, 123
Trd, 4318978.243, 115
Trd, 4318978.543, 128
Trd, 4318978.593, 112
Trd, 4318978.893, 104
Trd, 4318978.943, 111
Trd, 4318979.343, 92
Trd, 4318982.193, 77
Trd, 4318982.843, 120
Trd, 4318983.993, 76
Trd, 4318984.043, 84
Trd, 4318984.493, 132
Trd, 4318984.843, 97
Trd, 4318985.993, 98
Trd, 4318986.143, 101
Trd, 4318986.893, 86
Trd, 4318987.143, 136
Trd, 4318988.293, 137
Trd, 4318988.443, 125
Trd, 4318989.043, 71
Trd, 4318990.993, 138
Trd, 4318991.143, 131
Trd, 4318991.343, 114
Trd, 4318992.643, 120
Trd, 4318992.893, 132
Trd, 4318993.443, 121
Trd, 4318993.793, 88
Trd, 4318993.993, 71
Trd, 4318995.143, 110
Trd, 4318995.193, 93
Trd, 4318995.443, 91
Trd, 4318996.093, 126
Trd, 4318996.543, 101
Trd, 4318997.743, 110
Trd, 4318998.593, 123
Trd, 4318999.543, 68
Trd, 4318999.743, 86
Trd, 4319000.943, 67
Trd, 4319001.943, 123
Trd, 4319002.643, 135
Trd, 4319003.093, 88
Trd, 4319003.443, 83
Trd, 4319004.043, 60
Trd, 4319004.193, 88
Trd, 4319004.693, 102
Trd, 4319005.143, 95
Trd, 4319006.543, 75
Trd, 4319006.693, 125
Trd, 4319009.543, 69
Trd, 4319009.793, 68
Trd, 4319010.443, 80
Trd, 4319010.593, 82
Trd, 4319010.843, 105
Trd, 4319011.693, 65
Trd, 4319011.743, 98
Trd, 4319012.493, 84
Trd, 4319013.143, 124
Trd, 4319013.493, 114
Trd, 4319013.793, 71
Trd, 4319015.593, 114
Trd, 4319015.643, 100
Trd, 4319016.993, 136
Trd, 4319018.893, 136
Trd, 4319019.243, 132
Trd, 4319019.443, 131
Trd, 4319019.593, 129
Trd, 4319020.393, 107
Trd, 4319021.293, 102
Trd, 4319021.893, 110
Trd, 4319022.143, 97
Trd, 4319024.443, 125
Trd, 4319024.943, 121
Trd, 4319025.043, 99
Trd, 4319025.393, 60
Trd, 4319025.743, 127
Trd, 4319027.593, 110
Trd, 4319027.943, 112
Trd, 4319028.043, 101
Trd, 4319028.993, 83
Trd, 4319029.543, 133
Trd, 4319030.293, 76
Trd, 4319030.593, 114
Trd, 4319031.593, 129
Trd, 4319032.543, 107
Trd, 4319033.293, 127
Trd, 4319033.393, 100
Trd, 4319034.893, 91
Trd, 4319035.543, 97
Trd, 4319036.093, 92
Trd, 4319036.693, 131
Trd, 4319037.093, 129
Trd, 4319037.793, 131
Trd, 4319038.543, 120
Trd, 4319038.593, 108
Trd, 4319039.043, 106
Trd, 4319039.693, 93
Trd, 4319040.743, 138
Trd, 4319042.443, 137
Trd, 4319043.593, 135
Trd, 4319044.043, 137
Trd, 4319044.093, 96
Trd, 4319044.393, 86
Trd, 4319044.893, 114
Trd, 4319045.493, 94
Trd, 4319046.393, 74
Trd, 4319048.043, 83
Trd, 4319048.543, 131
Trd, 4319048.893, 101
Trd, 4319049.093, 109
Trd, 4319050.543, 112
Trd, 4319051.093, 95
Trd, 4319051.243, 139
Trd, 4319052.093, 128
Trd, 4319052.543, 106
Trd, 4319053.743, 109
Trd, 4319055.193, 134
Trd, 4319055.643, 128
Trd, 4319056.643, 132
Trd, 4319057.293, 123
Trd, 4319057.943, 133
Trd, 4319057.993, 128
Trd, 4319058.493, 107
Trd, 4319058.593, 83
Trd, 4319060.193, 86
Trd, 4319060.943, 94
Trd, 4319063.093, 140
Trd, 4319063.943, 104
Trd, 4319064.843, 105
Trd, 4319065.393, 90
Trd, 4319065.793, 88
Trd, 4319067.193, 111
Trd, 4319067.543, 118
Trd, 4319067.943, 82
Trd, 4319068.443, 91
Trd, 4319068.993, 87
Trd, 4319069.893, 68
Trd, 4319070.043, 80
Trd, 4319070.343, 91
Trd, 4319071.193, 102
Trd, 4319071.743, 125
Trd, 4319072.543, 78
Trd, 4319072.593, 100
Trd, 4319074.193, 67
Trd, 4319075.243, 70
Trd, 4319075.293, 124
Trd, 4319075.793, 107
Trd, 4319077.043, 132
Trd, 4319077.443, 74
Trd, 4319078.243, 128
Trd, 4319078.793, 129
Trd, 4319079.343, 100
Trd, 4319080.093, 109
Trd, 4319080.343, 107
Trd, 4319080.643, 98
Trd, 4319080.993, 82
Trd, 4319081.543, 114
Trd, 4319083.243, 101
Trd, 4319083.443, 84
Trd, 4319084.343, 132
Trd, 4319084.793, 124
Trd, 4319086.993, 108
Trd, 4319087.593, 105
Trd, 4319087.643, 105
Trd, 4319088.043, 100
Trd, 4319088.393, 104
Trd, 4319090.393, 135
Trd, 4319090.993, 79
Trd, 4319091.193, 85
Trd, 4319091.643, 88
Trd, 4319092.393, 121
Trd, 4319092.443, 113
Trd, 4319093.343, 127
Trd, 4319094.043, 131
Trd, 4319094.243, 115
Trd, 4319094.943, 114
Trd, 4319095.393, 104
Trd, 4319096.493, 123
Trd, 4319097.193, 113
Trd, 4319097.493, 125
Trd, 4319097.643, 68
Trd, 4319098.343, 129
Trd, 4319098.693, 89
Trd, 4319099.093, 64
Trd, 4319100.093, 114
Trd, 4319101.043, 74
Trd, 4319101.143, 72
Trd, 4319101.993, 77
Trd, 4319102.693, 68
Trd, 4319102.743, 73
Trd, 4319103.343, 64
Trd, 4319103.493, 140
Trd, 4319103.843, 121
Trd, 4319104.043, 65
Trd, 4319105.193, 83
Trd, 4319106.393, 120
Trd, 4319108.243, 136
Trd, 4319108.743, 128
Trd, 4319108.793, 104
Trd, 4319108.993, 101
Trd, 4319109.343, 65
Trd, 4319111.243, 86
Trd, 4319111.593, 138
Trd, 4319112.143, 134
Trd, 4319114.143, 104
Trd, 4319114.393, 74
Trd, 4319114.643, 119
Trd, 4319115.093, 84
Trd, 4319115.793, 65
Trd, 4319116.043, 80
Trd, 4319117.343, 114
Trd, 4319117.393, 67
Trd, 4319117.743, 109
Trd, 4319117.943, 61
Trd, 4319119.393, 67
Trd, 4319119.643, 114
Trd, 4319120.193, 104
Trd, 4319121.243, 72
Trd, 4319121.643, 114
Trd, 4319122.643, 104
Trd, 4319122.993, 102
Trd, 4319124.193, 71
Trd, 4319124.743, 83
Trd, 4319125.343, 102
Trd, 4319125.393, 116
Trd, 4319125.793, 72
Trd, 4319125.993, 77
Trd, 4319126.643, 83
Trd, 4319128.193, 63
Trd, 4319128.343, 85
Trd, 4319128.793, 74
Trd, 4319130.343, 63
Trd, 4319131.093, 64
Trd, 4319131.693, 98
Trd, 4319131.793, 85
Trd, 4319132.543, 104
Trd, 4319133.893, 104
Trd, 4319133.993, 99
Trd, 4319134.643, 68
Trd, 4319134.743, 63
Trd, 4319136.093, 83
Trd, 4319136.543, 77
Trd, 4319137.793, 83
Trd, 4319138.793, 120
Trd, 4319139.043, 136
Trd, 4319139.943, 135
Trd, 4319140.443, 140
Trd, 4319140.943, 132
Trd, 4319141.143, 77
Trd, 4319141.893, 134
Trd, 4319142.393, 110
Trd, 4319142.793, 103
Trd, 4319143.443, 87
Trd, 4319145.143, 78
Trd, 4319145.543, 128
Trd, 4319146.093, 63
Trd, 4319147.893, 95
Trd, 4319147.943, 113
Trd, 4319149.493, 106
Trd, 4319149.943, 105
Trd, 4319150.143, 101
Trd, 4319150.593, 107
Trd, 4319150.893, 92
Trd, 4319151.893, 104
Trd, 4319152.943, 117
Trd, 4319153.893, 126
Trd, 4319154.343, 106
Trd, 4319154.643, 137
Trd, 4319155.093, 84
Trd, 4319156.043, 113
Trd, 4319156.643, 94
Trd, 4319157.893, 109
Trd, 4319158.243, 139
Trd, 4319158.643, 94
Trd, 4319159.543, 140
Trd, 4319160.593, 138
Trd, 4319161.343, 128
Trd, 4319161.643, 122
Trd, 4319162.443, 137
Trd, 4319162.693, 122
Trd, 4319162.793, 133
Trd, 4319163.543, 107
Trd, 4319164.243, 139
Trd, 4319164.843, 121
Trd, 4319165.293, 129
Trd, 4319165.493, 118
Trd, 4319167.293, 95
Trd, 4319168.093, 130
Trd, 4319168.993, 108
Trd, 4319169.043, 93
Trd, 4319169.343, 73
Trd, 4319169.543, 73
Trd, 4319171.193, 123
Trd, 4319171.593, 107
Trd, 4319172.243, 94
Trd, 4319173.193, 70
Trd, 4319173.293, 91
Trd, 4319174.293, 69
Trd, 4319175.043, 69
Trd, 4319175.093, 73
Trd, 4319175.493, 123
Trd, 4319176.093, 103
Trd, 4319176.443, 75
Trd, 4319178.093, 105
Trd, 4319178.193, 89
Trd, 4319179.193, 114
Trd, 4319179.793, 77
Trd, 4319180.393, 123
Trd, 4319181.593, 81
Trd, 4319181.793, 60
Trd, 4319182.143, 65
Trd, 4319182.843, 78
Trd, 4319183.243, 98
Trd, 4319184.643, 113
Trd, 4319185.443, 129
Trd, 4319185.693, 132
Trd, 4319186.043, 128
Trd, 4319186.693, 101
Trd, 4319187.443, 90
Trd, 4319187.693, 84
Trd, 4319187.843, 79
Trd, 4319188.943, 64
Trd, 4319189.843, 87
Trd, 4319190.043, 82
Trd, 4319190.693, 79
Trd, 4319190.893, 134
Trd, 4319192.093, 119
Trd, 4319193.043, 98
Trd, 4319194.093, 129
Trd, 4319194.193, 124
Trd, 4319194.693, 93
Trd, 4319195.143, 97
Trd, 4319195.743, 118
Trd, 4319196.393, 123
Trd, 4319196.893, 88
Trd, 4319197.943, 96
Trd, 4319198.143, 108
Trd, 4319198.543, 113
Trd, 4319199.393, 77
Trd, 4319200.793, 91
Trd, 4319201.543, 117
Trd, 4319203.343, 60
Trd, 4319204.093, 69
Trd, 4319204.443, 73
Trd, 4319204.743, 67
Trd, 4319204.793, 77
Trd, 4319205.643, 88
Trd, 4319206.443, 96
Trd, 4319207.093, 83
Trd, 4319207.143, 100
Trd, 4319208.543, 112
Trd, 4319209.193, 108
Trd, 4319209.393, 95
Trd, 4319209.843, 86
Trd, 4319210.093, 84
Trd, 4319211.143, 77
Trd, 4319211.993, 90
Trd, 4319212.593, 69
Trd, 4319213.893, 113
Trd, 4319214.443, 102
Trd, 4319214.743, 83
Trd, 4319214.943, 80
Trd, 4319215.493, 95
Trd, 4319216.793, 136
Trd, 4319217.643, 92
Trd, 4319217.793, 104
Trd, 4319218.393, 101
Trd, 4319218.643, 140
Trd, 4319219.793, 123
Trd, 4319220.393, 125
Trd, 4319221.043, 105
Trd, 4319221.493, 134
Trd, 4319224.293, 133
Trd, 4319224.643, 133
Trd, 4319225.043, 115
Trd, 4319225.193, 109
Trd, 4319225.793, 108
Trd, 4319226.543, 122
Trd, 4319227.293, 140
Trd, 4319227.943, 72
Trd, 4319228.443, 94
Trd, 4319229.343, 111
Trd, 4319230.743, 85
Trd, 4319231.543, 138
Trd, 4319232.093, 137
Trd, 4319232.443, 62
Trd, 4319233.743, 136
Trd, 4319234.793, 80
Trd, 4319234.943, 72
Trd, 4319235.693, 70
Trd, 4319235.943, 102
Trd, 4319236.743, 77
Trd, 4319237.093, 72
Trd, 4319237.493, 70
Trd, 4319237.543, 96
Trd, 4319238.443, 129
Trd, 4319239.143, 122
Trd, 4319239.443, 112
Trd, 4319239.943, 76
Trd, 4319241.043, 120
Trd, 4319241.393, 133
Trd, 4319241.543, 90
Trd, 4319242.543, 88
Trd, 4319243.893, 104
Trd, 4319244.293, 77
Trd, 4319244.393, 109
Trd, 4319246.493, 81
Trd, 4319246.643, 71
Trd, 4319246.893, 76
Trd, 4319248.443, 115
Trd, 4319249.693, 99
Trd, 4319250.793, 72
Trd, 4319251.543, 93
Trd, 4319252.493, 65
Trd, 4319252.843, 74
Trd, 4319253.043, 87
Trd, 4319253.443, 94
Trd, 4319254.193, 73
Trd, 4319254.843, 85
Trd, 4319254.893, 68
Trd, 4319256.393, 72
Trd, 4319256.793, 78
Trd, 4319257.043, 121
Trd, 4319257.143, 92
Trd, 4319257.743, 64
Trd, 4319258.293, 72
Trd, 4319258.843, 117
Trd, 4319260.093, 79
Trd, 4319260.993, 90
Trd, 4319261.993, 128
Trd, 4319263.143, 105
Trd, 4319263.793, 96
Trd, 4319264.193, 90
Trd, 4319266.043, 110
Trd, 4319266.093, 99
Trd, 4319267.243, 130
Trd, 4319267.893, 97
Trd, 4319269.243, 87
Trd, 4319269.293, 102
Trd, 4319270.893, 131
Trd, 4319270.993, 125
Trd, 4319271.193, 80
Trd, 4319272.043, 63
Trd, 4319272.243, 73
Trd, 4319273.293, 107
Trd, 4319274.643, 61
Trd, 4319274.743, 65
Trd, 4319275.443, 74
Trd, 4319276.793, 120
Trd, 4319278.093, 140
Trd, 4319278.143, 134
Trd, 4319279.043, 105
Trd, 4319280.243, 83
Trd, 4319281.643, 138
Trd, 4319281.793, 114
Trd, 4319281.993, 111
Trd, 4319282.393, 99
Trd, 4319282.493, 116
Trd, 4319283.293, 75
Trd, 4319283.843, 138
Trd, 4319285.593, 63
Trd, 4319286.343, 104
Trd, 4319286.743, 65
Trd, 4319287.793, 99
Trd, 4319289.293, 120
Trd, 4319291.043, 117
Trd, 4319291.243, 119
Trd, 4319291.693, 114
Trd, 4319291.743, 123
Trd, 4319291.993, 101
Trd, 4319293.693, 123
Trd, 4319293.943, 109
Trd, 4319294.043, 139
Trd, 4319294.693, 88
Trd, 4319295.293, 105
Trd, 4319295.493, 86
Trd, 4319296.843, 129
Trd, 4319297.593, 122
Trd, 4319297.743, 137
Trd, 4319298.143, 124
Trd, 4319298.393, 115
Trd, 4319299.243, 122
Trd, 4319300.043, 76
Trd, 4319301.693, 111
Trd, 4319301.893, 121
Trd, 4319301.993, 108
Trd, 4319302.443, 97
Trd, 4319304.043, 129
Trd, 4319304.193, 136
Trd, 4319304.593, 75
Trd, 4319305.743, 61
Trd, 4319306.493, 78
Trd, 4319306.793, 61
Trd, 4319307.193, 126
Trd, 4319307.743, 136
Trd, 4319308.343, 122
Trd, 4319308.993, 112
Trd, 4319309.493, 112
Trd, 4319309.993, 135
Trd, 4319310.343, 108
Trd, 4319312.843, 123
Trd, 4319313.193, 107
Trd, 4319313.793, 116
Trd, 4319314.243, 140
Trd, 4319314.293, 95
Trd, 4319317.193, 133
Trd, 4319317.593, 124
Trd, 4319317.743, 131
Trd, 4319318.393, 76
Trd, 4319319.893, 138
Trd, 4319319.993, 111
Trd, 4319322.193, 140
Trd, 4319322.493, 125
Trd, 4319322.543, 124
Trd, 4319322.993, 108
Trd, 4319323.943, 115
Trd, 4319324.543, 127
Trd, 4319325.543, 106
Trd, 4319325.743, 91
Trd, 4319326.643, 88
Trd, 4319326.743, 99
Trd, 4319326.793, 116
Trd, 4319327.943, 91
Trd, 4319328.543, 115
Trd, 4319328.593, 83
Trd, 4319328.943, 121
Trd, 4319329.993, 90
Trd, 4319330.343, 60
Trd, 4319330.693, 132
Trd, 4319330.943, 115
Trd, 4319332.043, 85
Trd, 4319333.243, 108
Trd, 4319333.593, 91
Trd, 4319334.293, 76
Trd, 4319336.093, 125
Trd, 4319336.243, 123
Trd, 4319337.143, 140
Trd, 4319337.693, 126
Trd, 4319337.943, 90
Trd, 4319338.643, 105
Trd, 4319339.293, 87
Trd, 4319340.643, 117
Trd, 4319341.343, 104
Trd, 4319341.393, 115
Trd, 4319341.893, 103
Trd, 4319342.993, 113
Trd, 4319343.343, 120
Trd, 4319343.393, 129
Trd, 4319343.943, 120
Trd, 4319346.093, 135
Trd, 4319346.593, 112
Trd, 4319346.943, 89
Trd, 4319347.493, 94
Trd, 4319347.943, 91
Trd, 4319348.143, 73
Trd, 4319349.543, 137
Trd, 4319350.693, 80
Trd, 4319351.693, 101
Trd, 4319352.593, 108
Trd, 4319353.693, 110
Trd, 4319354.143, 107
Trd, 4319354.443, 109
Trd, 4319354.793, 115
Trd, 4319354.993, 104
Trd, 4319355.643, 105
Trd, 4319355.993, 85
Trd, 4319357.443, 97
Trd, 4319357.693, 80
Trd, 4319358.443, 132
Trd, 4319358.893, 124
Trd, 4319359.243, 64
Trd, 4319360.093, 100
Trd, 4319361.743, 107
Trd, 4319362.043, 97
Trd, 4319363.443, 116
Trd, 4319363.593, 85
Trd, 4319363.843, 70
Trd, 4319364.243, 67
Trd, 4319365.393, 63
Trd, 4319365.493, 69
Trd, 4319365.993, 62
Trd, 4319366.743, 113
Trd, 4319367.493, 117
Trd, 4319367.943, 121
Trd, 4319368.443, 97
Trd, 4319369.643, 86
Trd, 4319369.793, 126
Trd, 4319370.943, 64
Trd, 4319370.993, 75
Trd, 4319371.143, 76
Trd, 4319371.943, 92
Trd, 4319372.443, 124
Trd, 4319373.143, 96
Trd, 4319374.093, 79
Trd, 4319374.893, 118
Trd, 4319375.643, 92
Trd, 4319375.943, 125
Trd, 4319377.193, 138
Trd, 4319377.593, 120
Trd, 4319377.643, 116
Trd, 4319378.143, 89
Trd, 4319378.893, 104
Trd, 4319379.143, 92
Trd, 4319379.893, 131
Trd, 4319381.543, 107
Trd, 4319381.943, 88
Trd, 4319381.993, 95
Trd, 4319383.793, 81
Trd, 4319384.843, 127
Trd, 4319386.043, 84
Trd, 4319386.093, 78
Trd, 4319386.293, 115
Trd, 4319386.893, 128
Trd, 4319387.043, 87
Trd, 4319387.643, 95
Trd, 4319387.693, 102
Trd, 4319389.243, 97
Trd, 4319389.543, 77
Trd, 4319390.293, 93
Trd, 4319391.093, 137
Trd, 4319391.293, 89
Trd, 4319393.643, 99
Trd, 4319394.243, 119
Trd, 4319394.893, 111
Trd, 4319394.943, 91
Trd, 4319395.793, 89
Trd, 4319396.393, 119
Trd, 4319397.943, 100
Trd, 4319398.493, 98
Trd, 4319398.693, 100
Trd, 4319399.643, 86
Trd, 4319400.043, 106
Trd, 4319401.093, 131
Trd, 4319401.143, 120
Trd, 4319401.893, 110
Trd, 4319403.243, 121
Trd, 4319405.243, 75
Trd, 4319405.343, 96
Trd, 4319406.793, 75
Trd, 4319407.343, 72
Trd, 4319409.693, 125
Trd, 4319410.093, 120
Trd, 4319410.143, 102
Trd, 4319410.693, 111
Trd, 4319411.143, 101
Trd, 4319411.993, 137
Trd, 4319412.093, 127
Trd, 4319412.643, 92
Trd, 4319413.543, 112
Trd, 4319414.043, 114
Trd, 4319415.193, 97
Trd, 4319415.493, 124
Trd, 4319415.893, 88
Trd, 4319417.093, 140
Trd, 4319417.893, 125
Trd, 4319418.843, 111
Trd, 4319419.893, 93
Trd, 4319420.093, 74
Trd, 4319420.743, 130
Trd, 4319420.843, 129
Trd, 4319422.843, 122
Trd, 4319423.143, 108
Trd, 4319423.393, 97
Trd, 4319423.443, 83
Trd, 4319423.843, 81
Trd, 4319424.243, 123
Trd, 4319425.393, 94
Trd, 4319425.843, 140
Trd, 4319426.143, 129
Trd, 4319426.193, 117
Trd, 4319426.993, 63
Trd, 4319429.043, 138
Trd, 4319429.643, 138
Trd, 4319430.343, 125
Trd, 4319431.193, 104
Trd, 4319431.893, 105
Trd, 4319432.143, 83
Trd, 4319432.543, 115
Trd, 4319433.093, 107
Trd, 4319433.243, 95
Trd, 4319433.993, 94
Trd, 4319435.093, 97
Trd, 4319436.243, 91
Trd, 4319436.743, 128
Trd, 4319437.743, 70
Trd, 4319438.943, 74
Trd, 4319439.443, 78
Trd, 4319439.843, 69
Trd, 4319440.143, 94
Trd, 4319440.593, 88
Trd, 4319441.143, 65
Trd, 4319442.843, 72
Trd, 4319443.143, 94
Trd, 4319444.393, 126
Trd, 4319445.293, 120
Trd, 4319445.793, 87
Trd, 4319445.943, 88
Trd, 4319446.443, 79
Trd, 4319447.293, 71
Trd, 4319447.643, 136
Trd, 4319449.593, 107
Trd, 4319449.893, 134
Trd, 4319450.443, 115
Trd, 4319450.493, 100
Trd, 4319451.243, 84
Trd, 4319453.043, 91
Trd, 4319453.443, 91
Trd, 4319453.793, 73
Trd, 4319455.343, 124
Trd, 4319456.143, 136
Trd, 4319456.243, 120
Trd, 4319456.343, 118
Trd, 4319457.443, 106
Trd, 4319457.943, 135
Trd, 4319458.243, 100
Trd, 4319459.143, 110
Trd, 4319459.943, 120
Trd, 4319460.143, 108
Trd, 4319460.993, 92
Trd, 4319462.143, 128
Trd, 4319463.693, 136
Trd, 4319464.543, 138
Trd, 4319464.893, 139
Trd, 4319465.143, 121
Trd, 4319465.693, 110
Trd, 4319466.043, 99
Trd, 4319466.593, 76
Trd, 4319468.843, 137
Trd, 4319468.893, 98
Trd, 4319469.293, 110
Trd, 4319469.493, 63
Trd, 4319469.843, 110
Trd, 4319470.343, 102
Trd, 4319472.243, 119
Trd, 4319473.193, 101
Trd, 4319473.493, 98
Trd, 4319473.643, 122
Trd, 4319474.093, 63
Trd, 4319476.093, 112
Trd, 4319476.243, 110
Trd, 4319476.743, 110
Trd, 4319477.043, 134
Trd, 4319478.143, 95
Trd, 4319478.493, 95
Trd, 4319479.193, 97
Trd, 4319479.393, 80
Trd, 4319480.543, 121
Trd, 4319481.093, 113
Trd, 4319482.593, 131
Trd, 4319483.293, 76
Trd, 4319483.493, 78
Trd, 4319484.393, 71
Trd, 4319485.793, 78
Trd, 4319485.893, 75
Trd, 4319486.693, 119
Trd, 4319486.793, 65
Trd, 4319487.843, 87
Trd, 4319488.293, 95
Trd, 4319488.893, 128
Trd, 4319488.943, 92
Trd, 4319489.193, 72
Trd, 4319489.593, 66
Trd, 4319490.443, 107
Trd, 4319491.943, 60
Trd, 4319492.193, 75
Trd, 4319492.693, 108
Trd, 4319492.943, 112
Trd, 4319493.993, 99
Trd, 4319494.143, 86
Trd, 4319494.293, 84
Trd, 4319494.743, 139
Trd, 4319495.043, 107
Trd, 4319495.793, 97
Trd, 4319497.193, 122
Trd, 4319498.343, 134
Trd, 4319499.093, 113
Trd, 4319499.993, 132
Trd, 4319500.843, 140
Trd, 4319501.043, 122
Trd, 4319501.293, 94
Trd, 4319501.543, 125
Trd, 4319501.793, 64
Trd, 4319502.393, 100
Trd, 4319503.243, 64
Trd, 4319503.543, 70
Trd, 4319504.393, 74
Trd, 4319505.493, 60
Trd, 4319506.543, 102
Trd, 4319506.893, 99
Trd, 4319507.843, 102
Trd, 4319508.343, 104
Trd, 4319510.093, 137
Trd, 4319510.293, 98
Trd, 4319510.593, 98
Trd, 4319511.093, 116
Trd, 4319511.193, 126
Trd, 4319512.443, 100
Trd, 4319512.493, 98
Trd, 4319513.243, 120
Trd, 4319514.143, 104
Trd, 4319515.343, 106
Trd, 4319516.043, 88
Trd, 4319516.643, 106
Trd, 4319517.243, 74
Trd, 4319519.043, 87
Trd, 4319519.693, 133
Trd, 4319520.443, 115
Trd, 4319521.343, 115
Trd, 4319521.793, 130
Trd, 4319521.993, 134
Trd, 4319522.293, 135
Trd, 4319522.993, 116
Trd, 4319523.193, 107
Trd, 4319523.593, 129
Trd, 4319524.393, 140
Trd, 4319525.343, 125
Trd, 4319525.943, 76
Trd, 4319526.343, 85
Trd, 4319526.793, 110
Trd, 4319526.943, 102
Trd, 4319527.793, 75
Trd, 4319528.793, 103
Trd, 4319529.743, 73
Trd, 4319530.493, 75
Trd, 4319530.943, 72
Trd, 4319532.943, 108
Trd, 4319533.143, 98
Trd, 4319533.643, 113
Trd, 4319533.943, 130
Trd, 4319534.143, 110
Trd, 4319535.093, 128
Trd, 4319535.593, 87
Trd, 4319536.593, 125
Trd, 4319537.043, 119
Trd, 4319537.843, 122
Trd, 4319540.143, 95
Trd, 4319540.293, 106
Trd, 4319540.743, 92
Trd, 4319541.243, 126
Trd, 4319541.593, 90
Trd, 4319542.993, 135
Trd, 4319543.643, 106
Trd, 4319544.743, 89
Trd, 4319544.993, 115
Trd, 4319545.593, 75
Trd, 4319546.193, 64
Trd, 4319546.643, 100
Trd, 4319546.693, 107
Trd, 4319546.743, 130
Trd, 4319547.793, 129
Trd, 4319548.993, 90
Trd, 4319549.593, 62
Trd, 4319550.143, 64
Trd, 4319550.943, 64
Trd, 4319551.843, 123
Trd, 4319552.543, 135
Trd, 4319552.993, 110
Trd, 4319553.343, 89
Trd, 4319553.393, 87
Trd, 4319554.443, 98
Trd, 4319554.693, 87
Trd, 4319555.593, 138
Trd, 4319555.993, 126
Trd, 4319556.893, 137
Trd, 4319557.393, 130
Trd, 4319559.343, 122
Trd, 4319559.743, 105
Trd, 4319559.893, 117
Trd, 4319559.943, 97
Trd, 4319560.143, 125
Trd, 4319561.843, 122
Trd, 4319562.693, 135
Trd, 4319562.743, 103
Trd, 4319563.443, 106
Trd, 4319563.593, 75
Trd, 4319563.893, 90
Trd, 4319564.393, 103
Trd, 4319565.993, 136
Trd, 4319566.643, 100
Trd, 4319568.343, 133
Trd, 4319569.243, 98
Trd, 4319570.843, 133
Trd, 4319571.093, 135
Trd, 4319571.293, 119
Trd, 4319571.393, 117
Trd, 4319572.743, 87
Trd, 4319573.643, 118
Trd, 4319573.893, 109
Trd, 4319574.093, 98
Trd, 4319574.243, 109
Trd, 4319576.343, 136
Trd, 4319577.793, 116
Trd, 4319578.243, 124
Trd, 4319579.243, 108
Trd, 4319579.343, 101
Trd, 4319580.543, 68
Trd, 4319580.893, 63
Trd, 4319582.293, 63
Trd, 4319582.543, 65
Trd, 4319582.943, 78
Trd, 4319583.343, 123
Trd, 4319583.443, 88
Trd, 4319585.143, 94
Trd, 4319585.243, 103
Trd, 4319585.693, 91
Trd, 4319586.593, 115
Trd, 4319586.793, 113
Trd, 4319587.743, 122
Trd, 4319588.143, 94
Trd, 4319588.743, 126
Trd, 4319589.843, 102
Trd, 4319589.893, 94
Trd, 4319591.193, 134
Trd, 4319592.093, 126
Trd, 4319592.643, 108
Trd, 4319592.943, 99
Trd, 4319593.343, 101
Trd, 4319594.293, 124
Trd, 4319594.643, 97
Trd, 4319594.843, 138
Trd, 4319595.093, 133
Trd, 4319596.093, 107
Trd, 4319598.893, 133
Trd, 4319599.043, 140
Trd, 4319599.293, 124
Trd, 4319599.643, 123
Trd, 4319600.243, 85
Trd, 4319601.843, 95
Trd, 4319601.993, 123
Trd, 4319602.843, 136
Trd, 4319603.443, 104
Trd, 4319603.743, 90
Trd, 4319604.393, 95
Trd, 4319604.793, 109
Trd, 4319605.743, 103
Trd, 4319606.943, 90
Trd, 4319607.693, 112
Trd, 4319607.743, 77
Trd, 4319608.593, 93
Trd, 4319609.543, 65
Trd, 4319609.843, 111
Trd, 4319610.543, 77
Trd, 4319612.143, 62
Trd, 4319612.343, 116
Trd, 4319612.643, 111
Trd, 4319613.393, 136
Trd, 4319613.543, 96
Trd, 4319614.993, 74
Trd, 4319615.943, 91
Trd, 4319616.593, 78
Trd, 4319616.643, 88
Trd, 4319617.893, 135
Trd, 4319618.493, 104
Trd, 4319619.193, 121
Trd, 4319619.243, 120
Trd, 4319619.593, 115
Trd, 4319620.743, 75
Trd, 4319621.393, 119
Trd, 4319622.343, 96
Trd, 4319623.843, 134
Trd, 4319624.793, 86
Trd, 4319626.793, 135
Trd, 4319626.993, 131
Trd, 4319627.093, 110
Trd, 4319628.343, 133
Trd, 4319628.543, 112
Trd, 4319629.693, 94
Trd, 4319629.793, 101
Trd, 4319630.493, 109
Trd, 4319630.743, 89
Trd, 4319630.793, 70
Trd, 4319631.493, 114
Trd, 4319631.593, 75
Trd, 4319631.793, 118
Trd, 4319633.393, 114
Trd, 4319634.893, 75
Trd, 4319635.543, 72
Trd, 4319635.643, 85
Trd, 4319636.643, 99
Trd, 4319637.093, 70
Trd, 4319638.093, 99
Trd, 4319638.993, 84
Trd, 4319639.543, 63
Trd, 4319639.843, 69
Trd, 4319640.843, 93
Trd, 4319641.743, 125
Trd, 4319643.243, 123
Trd, 4319643.693, 69
Trd, 4319643.893, 67
Trd, 4319645.443, 98
Trd, 4319646.193, 114
Trd, 4319647.793, 139
Trd, 4319648.693, 127
Trd, 4319648.943, 104
Trd, 4319649.443, 98
Trd, 4319649.743, 93
Trd, 4319650.493, 101
Trd, 4319651.643, 111
Trd, 4319651.843, 119
Trd, 4319652.343, 66
Trd, 4319652.543, 103
Trd, 4319653.543, 130
Trd, 4319654.543, 113
Trd, 4319655.393, 84
Trd, 4319655.693, 97
Trd, 4319656.493, 117
Trd, 4319656.793, 93
Trd, 4319657.043, 138
Trd, 4319657.593, 108
Trd, 4319658.493, 113
Trd, 4319659.693, 123
Trd, 4319660.343, 112
Trd, 4319660.393, 98
Trd, 4319660.743, 140
Trd, 4319661.393, 97
Trd, 4319662.343, 61
Trd, 4319663.143, 120
Trd, 4319663.943, 125
Trd, 4319664.593, 115
Trd, 4319664.843, 97
Trd, 4319665.843, 127
Trd, 4319667.893, 62
Trd, 4319667.993, 64
Trd, 4319668.193, 86
Trd, 4319669.043, 83
Trd, 4319669.343, 78
Trd, 4319670.993, 133
Trd, 4319671.193, 120
Trd, 4319671.493, 126
Trd, 4319672.893, 100
Trd, 4319673.043, 93
Trd, 4319673.193, 98
Trd, 4319674.543, 68
Trd, 4319675.193, 136
Trd, 4319675.743, 102
Trd, 4319676.593, 131
Trd, 4319677.243, 108
Trd, 4319677.793, 132
Trd, 4319679.093, 77
Trd, 4319679.493, 97
Trd, 4319680.543, 107
Trd, 4319681.843, 136
Trd, 4319682.193, 136
Trd, 4319683.043, 132
Trd, 4319683.443, 130
Trd, 4319684.493, 121
Trd, 4319684.943, 111
Trd, 4319685.493, 135
Trd, 4319685.993, 108
Trd, 4319686.143, 101
Trd, 4319686.243, 85
Trd, 4319686.893, 109
Trd, 4319687.443, 83
Trd, 4319689.943, 127
Trd, 4319691.193, 133
Trd, 4319691.843, 121
Trd, 4319693.193, 93
Trd, 4319693.793, 78
Trd, 4319694.393, 95
Trd, 4319695.343, 132
Trd, 4319695.943, 64
Trd, 4319696.193, 104
Trd, 4319696.593, 94
Trd, 4319697.843, 96
Trd, 4319698.243, 83
Trd, 4319698.393, 80
Trd, 4319699.093, 121
Trd, 4319699.593, 128
Trd, 4319700.193, 85
Trd, 4319700.893, 98
Trd, 4319702.743, 71
Trd, 4319702.793, 76
Trd, 4319703.643, 108
Trd, 4319703.843, 99
Trd, 4319704.443, 96
Trd, 4319704.893, 91
Trd, 4319705.693, 110
Trd, 4319705.843, 100
Trd, 4319706.093, 128
Trd, 4319706.843, 108
Trd, 4319707.293, 129
Trd, 4319708.893, 122
Trd, 4319711.043, 124
Trd, 4319711.543, 135
Trd, 4319712.143, 140
Trd, 4319712.493, 131
Trd, 4319712.843, 100
Trd, 4319713.743, 88
Trd, 4319713.893, 90
Trd, 4319715.443, 113
Trd, 4319715.843, 117
Trd, 4319716.243, 106
Trd, 4319717.243, 97
Trd, 4319717.293, 75
Trd, 4319718.243, 98
Trd, 4319718.793, 73
Trd, 4319720.193, 72
Trd, 4319720.293, 78
Trd, 4319720.493, 61
Trd, 4319720.993, 110
Trd, 4319721.393, 61
Trd, 4319721.543, 131
Trd, 4319723.193, 91
Trd, 4319723.343, 111
Trd, 4319723.993, 85
Trd, 4319724.443, 90
Trd, 4319724.843, 74
Trd, 4319727.993, 140
Trd, 4319729.293, 88
Trd, 4319729.493, 78
Trd, 4319729.893, 127
Trd, 4319730.143, 84
Trd, 4319730.443, 139
Trd, 4319730.543, 94
Trd, 4319732.043, 90
Trd, 4319732.093, 95
Trd, 4319732.443, 81
Trd, 4319733.243, 114
Trd, 4319733.943, 133
Trd, 4319735.043, 122
Trd, 4319735.793, 80
Trd, 4319737.943, 71
Trd, 4319738.543, 62
Trd, 4319738.793, 79
Trd, 4319739.143, 71
Trd, 4319739.443, 63
Trd, 4319740.293, 135
Trd, 4319741.793, 127
Trd, 4319742.043, 110
Trd, 4319742.243, 105
Trd, 4319742.993, 120
Trd, 4319743.593, 127
Trd, 4319744.743, 112
Trd, 4319745.193, 134
Trd, 4319746.243, 112
Trd, 4319746.543, 90
Trd, 4319747.093, 99
Trd, 4319747.293, 95
Trd, 4319747.893, 139
Trd, 4319748.793, 68
Trd, 4319749.043, 106
Trd, 4319750.693, 136
Trd, 4319751.143, 121
Trd, 4319751.843, 130
Trd, 4319752.143, 102
Trd, 4319752.393, 100
Trd, 4319753.043, 91
Trd, 4319753.293, 85
Trd, 4319753.643, 89
Trd, 4319754.393, 117
Trd, 4319754.543, 104
Trd, 4319755.943, 130
Trd, 4319756.043, 115
Trd, 4319756.243, 114
Trd, 4319758.293, 125
Trd, 4319758.393, 120
Trd, 4319759.343, 116
Trd, 4319759.693, 131
Trd, 4319760.293, 110
Trd, 4319761.043, 112
Trd, 4319762.193, 137
Trd, 4319763.443, 99
Trd, 4319764.093, 86
Trd, 4319764.993, 72
Trd, 4319765.193, 61
Trd, 4319765.243, 72
Trd, 4319765.493, 75
Trd, 4319766.843, 121
Trd, 4319767.243, 114
Trd, 4319768.493, 93
Trd, 4319769.743, 76
Trd, 4319770.593, 71
Trd, 4319770.893, 99
Trd, 4319771.943, 76
Trd, 4319772.543, 86
Trd, 4319772.743, 93
Trd, 4319772.893, 120
Trd, 4319774.043, 86
Trd, 4319774.493, 113
Trd, 4319775.543, 130
Trd, 4319776.093, 109
Trd, 4319776.393, 77
Trd, 4319776.993, 65
Trd, 4319777.393, 67
Trd, 4319778.493, 64
Trd, 4319779.593, 68
Trd, 4319780.643, 90
Trd, 4319781.393, 108
Trd, 4319781.493, 69
Trd, 4319782.843, 105
Trd, 4319782.943, 118
Trd, 4319783.143, 128
Trd, 4319783.993, 105
Trd, 4319784.393, 94
Trd, 4319784.693, 79
Trd, 4319784.993, 68
Trd, 4319786.993, 95
Trd, 4319787.793, 77
Trd, 4319788.043, 107
Trd, 4319789.593, 84
Trd, 4319790.243, 134
Trd, 4319791.143, 112
Trd, 4319791.293, 81
Trd, 4319792.443, 98
Trd, 4319792.543, 97
Trd, 4319794.093, 125
Trd, 4319794.493, 124
Trd, 4319794.743, 110
Trd, 4319794.943, 109
Trd, 4319795.393, 111
Trd, 4319795.443, 85
Trd, 4319796.893, 118
Trd, 4319797.343, 126
Trd, 4319797.993, 124
Trd, 4319798.293, 106
Trd, 4319798.643, 105
Trd, 4319799.793, 121
Trd, 4319799.893, 117
Trd, 4319802.693, 103
Trd, 4319803.043, 110
Trd, 4319803.243, 60
Trd, 4319803.393, 128
Trd, 4319804.843, 92
Trd, 4319805.093, 128
Trd, 4319805.743, 78
Trd, 4319806.793, 76
Trd, 4319807.093, 60
Trd, 4319808.193, 94
Trd, 4319808.293, 79
Trd, 4319808.643, 128
Trd, 4319809.093, 82
Trd, 4319809.593, 140
Trd, 4319811.043, 127
Trd, 4319811.193, 125
Trd, 4319812.893, 115
Trd, 4319813.893, 94
Trd, 4319814.093, 102
Trd, 4319814.643, 101
Trd, 4319815.093, 94
Trd, 4319815.593, 117
Trd, 4319815.843, 116
Trd, 4319818.343, 87
Trd, 4319819.043, 88
Trd, 4319819.493, 93
Trd, 4319820.093, 71
Trd, 4319820.393, 71
Trd, 4319820.743, 68
Trd, 4319821.343, 97
Trd, 4319822.193, 135
Trd, 4319822.393, 66
Trd, 4319822.443, 94
Trd, 4319824.493, 68
Trd, 4319825.293, 61
Trd, 4319825.943, 139
Trd, 4319826.093, 68
Trd, 4319827.943, 108
Trd, 4319828.143, 132
Trd, 4319828.343, 131
Trd, 4319829.493, 85
Trd, 4319829.793, 84
Trd, 4319830.743, 101
Trd, 4319831.043, 116
Trd, 4319831.793, 61
Trd, 4319832.243, 64
Trd, 4319832.443, 119
Trd, 4319832.593, 95
Trd, 4319832.743, 64
Trd, 4319833.293, 131
Trd, 4319834.043, 86
Trd, 4319835.043, 72
Trd, 4319835.293, 95
Trd, 4319835.593, 84
Trd, 4319836.793, 79
Trd, 4319837.993, 124
Trd, 4319838.293, 117
Trd, 4319839.093, 114
Trd, 4319839.193, 78
Trd, 4319840.443, 127
Trd, 4319840.693, 135
Trd, 4319841.443, 112
Trd, 4319841.893, 95
Trd, 4319842.993, 119
Trd, 4319843.343, 99
Trd, 4319843.893, 124
Trd, 4319845.143, 96
Trd, 4319845.443, 125
Trd, 4319845.693, 127
Trd, 4319846.043, 71
Trd, 4319847.193, 140
Trd, 4319847.243, 117
Trd, 4319848.743, 109
Trd, 4319849.093, 92
Trd, 4319849.743, 60
Trd, 4319850.093, 69
Trd, 4319850.343, 129
Trd, 4319850.743, 72
Trd, 4319850.943, 89
Trd, 4319852.893, 96
Trd, 4319852.993, 98
Trd, 4319853.243, 71
Trd, 4319853.993, 87
Trd, 4319854.893, 105
Trd, 4319855.943, 114
Trd, 4319856.343, 73
Trd, 4319857.693, 81
Trd, 4319857.943, 75
Trd, 4319859.343, 94
Trd, 4319859.593, 135
Trd, 4319860.343, 111
Trd, 4319861.443, 132
Trd, 4319861.493, 131
Trd, 4319862.493, 78
Trd, 4319862.993, 136
Trd, 4319863.593, 86
Trd, 4319864.243, 97
Trd, 4319864.543, 92
Trd, 4319864.593, 82
Trd, 4319866.743, 131
Trd, 4319867.443, 107
Trd, 4319867.893, 102
Trd, 4319868.843, 111
Trd, 4319869.693, 119
Trd, 4319869.993, 95
Trd, 4319870.043, 82
Trd, 4319871.443, 102
Trd, 4319872.043, 134
Trd, 4319872.093, 76
Trd, 4319872.843, 81
Trd, 4319872.893, 119
Trd, 4319875.193, 132
Trd, 4319875.743, 63
Trd, 4319876.293, 82
Trd, 4319877.393, 138
Trd, 4319877.893, 121
Trd, 4319877.993, 121
Trd, 4319878.343, 119
Trd, 4319878.593, 91
Trd, 4319880.093, 125
Trd, 4319880.243, 96
Trd, 4319880.543, 84
Trd, 4319881.693, 131
Trd, 4319882.043, 101
Trd, 4319882.393, 126
Trd, 4319882.543, 92
Trd, 4319883.043, 116
Trd, 4319883.693, 60
Trd, 4319883.943, 131
Trd, 4319885.143, 110
Trd, 4319885.243, 81
Trd, 4319887.493, 109
Trd, 4319887.693, 135
Trd, 4319887.943, 130
Trd, 4319888.443, 131
Trd, 4319889.343, 92
Trd, 4319890.443, 123
Trd, 4319891.093, 75
Trd, 4319891.343, 61
Trd, 4319891.793, 76
Trd, 4319893.593, 128
Trd, 4319893.693, 112
Trd, 4319894.893, 137
Trd, 4319895.093, 136
Trd, 4319895.993, 107
Trd, 4319896.993, 136
Trd, 4319897.093, 122
Trd, 4319898.343, 81
Trd, 4319899.143, 93
Trd, 4319900.293, 114
Trd, 4319900.943, 101
Trd, 4319901.043, 111
Trd, 4319901.493, 137
Trd, 4319903.043, 120
Trd, 4319903.093, 110
Trd, 4319903.143, 106
Trd, 4319903.493, 106
Trd, 4319904.093, 97
Trd, 4319905.043, 82
Trd, 4319906.643, 112
Trd, 4319906.843, 108
Trd, 4319907.143, 65
Trd, 4319907.393, 86
Trd, 4319908.243, 79
Trd, 4319908.593, 73
Trd, 4319908.643, 85
Trd, 4319909.743, 78
Trd, 4319910.443, 90
Trd, 4319910.593, 91
Trd, 4319911.693, 129
Trd, 4319912.443, 64
Trd, 4319913.743, 126
Trd, 4319913.943, 111
Trd, 4319914.043, 119
Trd, 4319914.193, 63
Trd, 4319914.743, 128
Trd, 4319914.993, 95
Trd, 4319915.543, 86
Trd, 4319915.843, 66
Trd, 4319916.593, 103
Trd, 4319917.643, 120
Trd, 4319920.243, 133
Trd, 4319920.593, 86
Trd, 4319921.593, 76
Trd, 4319921.743, 83
Trd, 4319921.993, 138
Trd, 4319922.143, 103
Trd, 4319924.643, 115
Trd, 4319924.893, 99
Trd, 4319925.193, 97
Trd, 4319925.393, 118
Trd, 4319926.643, 85
Trd, 4319926.993, 63
Trd, 4319928.643, 75
Trd, 4319929.343, 66
Trd, 4319929.993, 60
Trd, 4319930.393, 65
Trd, 4319931.093, 71
Trd, 4319931.243, 83
Trd, 4319932.143, 116
Trd, 4319933.243, 60
Trd, 4319933.543, 63
Trd, 4319934.043, 69
Trd, 4319934.593, 122
Trd, 4319934.843, 117
Trd, 4319935.743, 115
Trd, 4319936.693, 126
Trd, 4319938.493, 70
Trd, 4319939.243, 112
Trd, 4319939.543, 102
Trd, 4319939.693, 94
Trd, 4319940.243, 62
Trd, 4319941.143, 138
Trd, 4319942.043, 121
Trd, 4319942.393, 118
Trd, 4319942.793, 102
Trd, 4319944.043, 83
Trd, 4319944.093, 91
Trd, 4319944.143, 119
Trd, 4319944.493, 92
Trd, 4319945.293, 66
Trd, 4319946.393, 77
Trd, 4319947.093, 68
Trd, 4319948.343, 112
Trd, 4319948.543, 69
Trd, 4319950.293, 92
Trd, 4319951.043, 137
Trd, 4319951.243, 136
Trd, 4319952.143, 114
Trd, 4319952.693, 67
Trd, 4319952.793, 72
Trd, 4319953.893, 71
Trd, 4319954.443, 69
Trd, 4319955.043, 108
Trd, 4319955.593, 75
Trd, 4319957.193, 104
Trd, 4319957.843, 88
Trd, 4319958.693, 130
Trd, 4319958.943, 110
Trd, 4319959.743, 127
Trd, 4319959.993, 107
Trd, 4319960.093, 94
Trd, 4319960.543, 77
Trd, 4319961.343, 74
Trd, 4319962.043, 117
Trd, 4319962.193, 122
Trd, 4319963.293, 69
Trd, 4319963.893, 112
Trd, 4319965.893, 112
Trd, 4319965.943, 126
Trd, 4319966.593, 89
Trd, 4319968.143, 88
Trd, 4319968.743, 90
Trd, 4319969.293, 93
Trd, 4319969.543, 121
Trd, 4319970.693, 70
Trd, 4319970.743, 62
Trd, 4319970.893, 82
Trd, 4319971.193, 95
Trd, 4319971.893, 122
Trd, 4319972.943, 79
Trd, 4319973.043, 82
Trd, 4319973.293, 84
Trd, 4319973.593, 89
Trd, 4319975.393, 125
Trd, 4319976.643, 89
Trd, 4319976.893, 94
Trd, 4319977.143, 114
Trd, 4319977.843, 103
Trd, 4319978.293, 98
Trd, 4319978.693, 128
Trd, 4319979.643, 95
Trd, 4319979.693, 92
Trd, 4319979.793, 90
Trd, 4319981.393, 102
Trd, 4319981.743, 136
Trd, 4319981.993, 100
Trd, 4319982.793, 115
Trd, 4319983.693, 100
Trd, 4319984.693, 97
Trd, 4319984.843, 99
Trd, 4319985.643, 90
Trd, 4319986.243, 110
Trd, 4319987.343, 110
Trd, 4319987.543, 78
Trd, 4319988.043, 87
Trd, 4319989.193, 122
Trd, 4319989.443, 90
Trd, 4319989.593, 127
Trd, 4319991.443, 86
Trd, 4319992.443, 137
Trd, 4319993.093, 83
Trd, 4319993.193, 69
Trd, 4319993.993, 74
Trd, 4319994.093, 79
Trd, 4319994.293, 88
Trd, 4319995.593, 96
Trd, 4319995.743, 97
Trd, 4319996.343, 84
Trd, 4319996.593, 83
Trd, 4319996.643, 111
Trd, 4319997.543, 84
Trd, 4319997.993, 114
Trd, 4319998.593, 108
