Trd, 4318136.143, 89
Trd, 4318136.393, 89
Trd, 4318137.143, 98
Trd, 4318137.293, 100
Trd, 4318137.993, 97
Trd, 4318138.293, 96
Trd, 4318138.443, 81
Trd, 4318139.143, 111
Trd, 4318139.843, 106
Trd, 4318139.893, 98
Trd, 4318140.693, 121
Trd, 4318143.493, 116
Trd, 4318144.393, 121
Trd, 4318144.743, 117
Trd, 4318144.893, 115
Trd, 4318145.043, 100
Trd, 4318145.843, 121
Trd, 4318146.243, 120
Trd, 4318146.343, 102
Trd, 4318146.993, 72
Trd, 4318149.243, 130
Trd, 4318149.843, 87
Trd, 4318149.993, 98
Trd, 4318150.443, 98
Trd, 4318151.093, 82
Trd, 4318151.293, 81
Trd, 4318151.393, 89
Trd, 4318152.493, 129
Trd, 4318152.993, 94
Trd, 4318154.243, 81
Trd, 4318155.143, 130
Trd, 4318155.893, 134
Trd, 4318156.443, 119
Trd, 4318156.993, 134
Trd, 4318157.493, 118
Trd, 4318158.293, 140
Trd, 4318159.193, 132
Trd, 4318159.593, 119
Trd, 4318160.343, 133
Trd, 4318161.093, 132
Trd, 4318161.543, 120
Trd, 4318162.293, 121
Trd, 4318162.793, 108
Trd, 4318164.093, 101
Trd, 4318164.693, 102
Trd, 4318165.643, 87
Trd, 4318166.393, 86
Trd, 4318166.493, 86
Trd, 4318167.343, 121
Trd, 4318167.693, 118
Trd, 4318168.693, 83
Trd, 4318170.243, 110
Trd, 4318170.893, 92
Trd, 4318171.793, 130
Trd, 4318171.943, 124
Trd, 4318172.193, 73
Trd, 4318172.643, 62
Trd, 4318173.443, 128
Trd, 4318175.243, 102
Trd, 4318176.043, 121
Trd, 4318176.093, 102
Trd, 4318176.793, 94
Trd, 4318180.143, 62
Trd, 4318180.243, 62
Trd, 4318180.843, 120
Trd, 4318181.393, 127
Trd, 4318182.493, 122
Trd, 4318183.043, 119
Trd, 4318183.193, 117
Trd, 4318183.243, 116
Trd, 4318183.743, 95
Trd, 4318184.393, 111
Trd, 4318185.343, 120
Trd, 4318185.793, 139
Trd, 4318186.493, 136
Trd, 4318186.893, 133
Trd, 4318188.743, 129
Trd, 4318189.943, 115
Trd, 4318190.093, 110
Trd, 4318190.943, 103
Trd, 4318191.443, 130
Trd, 4318192.293, 77
Trd, 4318192.843, 92
Trd, 4318194.693, 119
Trd, 4318195.043, 118
Trd, 4318195.793, 100
Trd, 4318195.993, 69
Trd, 4318196.193, 106
Trd, 4318197.643, 133
Trd, 4318197.693, 73
Trd, 4318198.443, 75
Trd, 4318198.493, 83
Trd, 4318198.543, 102
Trd, 4318200.393, 90
Trd, 4318201.743, 80
Trd, 4318202.393, 80
Trd, 4318203.193, 70
Trd, 4318203.343, 67
Trd, 4318204.043, 81
Trd, 4318205.093, 98
Trd, 4318205.343, 100
Trd, 4318206.343, 93
Trd, 4318206.993, 99
Trd, 4318207.543, 120
Trd, 4318207.843, 74
Trd, 4318208.043, 107
Trd, 4318208.493, 70
Trd, 4318210.043, 135
Trd, 4318210.893, 103
Trd, 4318211.993, 114
Trd, 4318213.743, 135
Trd, 4318213.893, 114
Trd, 4318214.143, 105
Trd, 4318214.843, 111
Trd, 4318216.143, 96
Trd, 4318216.643, 113
Trd, 4318217.743, 86
Trd, 4318217.843, 120
Trd, 4318218.443, 117
Trd, 4318219.543, 71
Trd, 4318220.643, 123
Trd, 4318220.943, 117
Trd, 4318221.443, 111
Trd, 4318221.643, 109
Trd, 4318222.243, 116
Trd, 4318222.693, 102
Trd, 4318223.643, 95
Trd, 4318225.193, 118
Trd, 4318226.343, 125
Trd, 4318226.643, 115
Trd, 4318227.093, 136
Trd, 4318228.493, 100
Trd, 4318228.793, 90
Trd, 4318228.993, 131
Trd, 4318229.293, 81
Trd, 4318230.143, 107
Trd, 4318230.693, 114
Trd, 4318230.793, 106
Trd, 4318232.543, 126
Trd, 4318233.343, 99
Trd, 4318234.543, 116
Trd, 4318235.093, 112
Trd, 4318235.493, 104
Trd, 4318235.843, 91
Trd, 4318236.093, 88
Trd, 4318236.793, 126
Trd, 4318238.393, 70
Trd, 4318238.693, 102
Trd, 4318238.793, 75
Trd, 4318239.293, 137
Trd, 4318239.643, 114
Trd, 4318240.043, 87
Trd, 4318240.593, 109
Trd, 4318241.343, 107
Trd, 4318242.343, 82
Trd, 4318242.943, 93
Trd, 4318243.793, 65
Trd, 4318243.943, 86
Trd, 4318245.043, 140
Trd, 4318245.093, 123
Trd, 4318246.343, 90
Trd, 4318246.743, 121
Trd, 4318246.993, 61
Trd, 4318247.793, 64
Trd, 4318248.043, 65
Trd, 4318248.993, 107
Trd, 4318250.893, 80
Trd, 4318252.193, 81
Trd, 4318252.643, 74
Trd, 4318253.093, 79
Trd, 4318254.043, 84
Trd, 4318255.343, 75
Trd, 4318256.143, 80
Trd, 4318256.393, 66
Trd, 4318256.693, 95
Trd, 4318257.093, 98
Trd, 4318257.293, 101
Trd, 4318257.943, 71
Trd, 4318259.793, 116
Trd, 4318260.193, 115
Trd, 4318260.593, 114
Trd, 4318261.293, 61
Trd, 4318262.443, 64
Trd, 4318263.343, 66
Trd, 4318264.093, 95
Trd, 4318264.343, 97
Trd, 4318264.643, 96
Trd, 4318265.693, 99
Trd, 4318266.143, 126
Trd, 4318266.393, 125
Trd, 4318266.593, 88
Trd, 4318268.093, 61
Trd, 4318268.543, 95
Trd, 4318268.893, 90
Trd, 4318269.543, 88
Trd, 4318269.843, 82
Trd, 4318271.093, 79
Trd, 4318273.793, 63
Trd, 4318273.943, 80
Trd, 4318275.243, 132
Trd, 4318275.393, 131
Trd, 4318275.443, 115
Trd, 4318275.743, 138
Trd, 4318276.143, 111
Trd, 4318276.793, 104
Trd, 4318276.893, 79
Trd, 4318279.243, 76
Trd, 4318280.643, 67
Trd, 4318281.593, 75
Trd, 4318281.843, 72
Trd, 4318281.943, 87
Trd, 4318282.493, 96
Trd, 4318283.193, 82
Trd, 4318283.543, 113
Trd, 4318285.393, 136
Trd, 4318286.093, 108
Trd, 4318286.293, 110
Trd, 4318288.243, 132
Trd, 4318288.443, 108
Trd, 4318289.093, 96
Trd, 4318289.143, 91
Trd, 4318290.243, 104
Trd, 4318290.743, 91
Trd, 4318290.843, 88
Trd, 4318291.393, 104
Trd, 4318292.493, 123
Trd, 4318292.693, 119
Trd, 4318293.743, 80
Trd, 4318294.193, 137
Trd, 4318294.743, 78
Trd, 4318295.893, 78
Trd, 4318295.993, 92
Trd, 4318298.593, 115
Trd, 4318299.243, 99
Trd, 4318299.343, 91
Trd, 4318300.743, 131
Trd, 4318301.143, 63
Trd, 4318301.343, 118
Trd, 4318303.093, 119
Trd, 4318303.243, 119
Trd, 4318303.543, 109
Trd, 4318303.993, 130
Trd, 4318305.643, 111
Trd, 4318305.893, 64
Trd, 4318306.543, 114
Trd, 4318307.793, 97
Trd, 4318307.893, 94
Trd, 4318309.893, 98
Trd, 4318310.693, 100
Trd, 4318310.843, 97
Trd, 4318311.693, 97
Trd, 4318312.743, 88
Trd, 4318313.643, 91
Trd, 4318313.893, 128
Trd, 4318314.543, 83
Trd, 4318315.693, 99
Trd, 4318315.993, 117
Trd, 4318316.393, 80
Trd, 4318317.043, 63
Trd, 4318317.793, 67
Trd, 4318319.943, 79
Trd, 4318320.293, 102
Trd, 4318321.093, 78
Trd, 4318321.643, 70
Trd, 4318321.843, 136
Trd, 4318322.343, 137
Trd, 4318324.193, 125
Trd, 4318324.543, 97
Trd, 4318324.993, 97
Trd, 4318325.093, 97
Trd, 4318325.593, 90
Trd, 4318327.143, 78
Trd, 4318327.893, 122
Trd, 4318328.193, 123
Trd, 4318328.343, 121
Trd, 4318329.993, 82
Trd, 4318330.643, 138
Trd, 4318331.193, 90
Trd, 4318331.943, 77
Trd, 4318333.393, 78
Trd, 4318333.493, 118
Trd, 4318334.793, 80
Trd, 4318335.793, 79
Trd, 4318336.093, 70
Trd, 4318336.443, 89
Trd, 4318338.143, 76
Trd, 4318338.743, 86
Trd, 4318339.443, 129
Trd, 4318340.043, 98
Trd, 4318340.493, 100
Trd, 4318340.593, 98
Trd, 4318340.743, 93
Trd, 4318341.943, 93
Trd, 4318343.643, 117
Trd, 4318343.943, 94
Trd, 4318345.943, 62
Trd, 4318347.393, 62
Trd, 4318348.043, 63
Trd, 4318348.343, 69
Trd, 4318349.643, 76
Trd, 4318349.893, 100
Trd, 4318350.143, 81
Trd, 4318350.343, 71
Trd, 4318351.093, 77
Trd, 4318351.693, 71
Trd, 4318352.393, 104
Trd, 4318352.743, 70
Trd, 4318352.793, 128
Trd, 4318353.693, 135
Trd, 4318353.993, 130
Trd, 4318355.143, 85
Trd, 4318355.943, 83
Trd, 4318356.893, 130
Trd, 4318357.593, 89
Trd, 4318357.893, 88
Trd, 4318358.743, 86
Trd, 4318358.943, 107
Trd, 4318360.593, 134
Trd, 4318360.743, 130
Trd, 4318360.843, 132
Trd, 4318361.043, 98
Trd, 4318362.593, 129
Trd, 4318363.343, 128
Trd, 4318363.543, 85
Trd, 4318363.593, 87
Trd, 4318364.643, 60
Trd, 4318365.043, 81
Trd, 4318366.443, 105
Trd, 4318366.643, 100
Trd, 4318367.693, 85
Trd, 4318368.293, 107
Trd, 4318370.143, 125
Trd, 4318370.243, 93
Trd, 4318370.843, 103
Trd, 4318372.743, 124
Trd, 4318373.293, 118
Trd, 4318373.493, 118
Trd, 4318374.543, 123
Trd, 4318375.043, 107
Trd, 4318377.343, 128
Trd, 4318377.743, 127
Trd, 4318377.943, 121
Trd, 4318378.093, 119
Trd, 4318379.393, 129
Trd, 4318380.093, 101
Trd, 4318380.643, 95
Trd, 4318382.393, 137
Trd, 4318382.443, 109
Trd, 4318382.843, 139
Trd, 4318383.493, 118
Trd, 4318384.043, 114
Trd, 4318384.493, 111
Trd, 4318385.443, 102
Trd, 4318385.543, 98
Trd, 4318386.293, 75
Trd, 4318387.043, 83
Trd, 4318387.743, 72
Trd, 4318389.043, 95
Trd, 4318389.493, 116
Trd, 4318389.793, 89
Trd, 4318390.493, 84
Trd, 4318391.343, 92
Trd, 4318393.193, 133
Trd, 4318393.893, 131
Trd, 4318394.243, 134
Trd, 4318394.293, 130
Trd, 4318395.293, 99
Trd, 4318395.993, 119
Trd, 4318396.593, 92
Trd, 4318397.443, 75
Trd, 4318398.743, 75
Trd, 4318398.843, 74
Trd, 4318399.243, 121
Trd, 4318400.043, 122
Trd, 4318401.143, 97
Trd, 4318401.293, 92
Trd, 4318401.343, 127
Trd, 4318401.893, 125
Trd, 4318403.643, 102
Trd, 4318403.993, 106
Trd, 4318404.393, 80
Trd, 4318405.043, 120
Trd, 4318406.193, 121
Trd, 4318407.343, 132
Trd, 4318407.993, 104
Trd, 4318409.093, 107
Trd, 4318409.143, 92
Trd, 4318410.393, 121
Trd, 4318410.493, 120
Trd, 4318411.643, 130
Trd, 4318412.393, 117
Trd, 4318413.343, 109
Trd, 4318413.593, 93
Trd, 4318413.693, 115
Trd, 4318414.343, 60
Trd, 4318414.993, 62
Trd, 4318415.193, 71
Trd, 4318416.193, 133
Trd, 4318416.343, 130
Trd, 4318417.443, 123
Trd, 4318417.743, 120
Trd, 4318419.143, 100
Trd, 4318419.393, 99
Trd, 4318419.643, 102
Trd, 4318420.243, 66
Trd, 4318420.593, 60
Trd, 4318420.993, 123
Trd, 4318421.943, 60
Trd, 4318422.393, 112
Trd, 4318422.493, 98
Trd, 4318424.243, 125
Trd, 4318425.343, 120
Trd, 4318425.643, 133
Trd, 4318426.593, 80
Trd, 4318427.443, 74
Trd, 4318428.193, 85
Trd, 4318429.243, 100
Trd, 4318430.143, 71
Trd, 4318431.343, 78
Trd, 4318431.593, 90
Trd, 4318432.243, 106
Trd, 4318432.793, 138
Trd, 4318433.543, 130
Trd, 4318434.843, 113
Trd, 4318434.943, 85
Trd, 4318435.243, 114
Trd, 4318437.193, 102
Trd, 4318437.293, 93
Trd, 4318438.293, 92
Trd, 4318438.393, 87
Trd, 4318438.593, 82
Trd, 4318439.443, 84
Trd, 4318441.243, 101
Trd, 4318441.543, 99
Trd, 4318442.143, 116
Trd, 4318442.393, 101
Trd, 4318442.643, 125
Trd, 4318443.543, 113
Trd, 4318444.393, 97
Trd, 4318445.243, 79
Trd, 4318445.543, 79
Trd, 4318446.143, 88
Trd, 4318446.943, 122
Trd, 4318447.293, 120
Trd, 4318447.443, 112
Trd, 4318447.493, 97
Trd, 4318449.743, 99
Trd, 4318449.843, 98
Trd, 4318450.893, 99
Trd, 4318451.643, 94
Trd, 4318451.893, 93
Trd, 4318452.843, 84
Trd, 4318453.093, 62
Trd, 4318454.493, 93
Trd, 4318454.943, 122
Trd, 4318455.643, 83
Trd, 4318455.793, 76
Trd, 4318456.443, 75
Trd, 4318456.793, 74
Trd, 4318457.593, 72
Trd, 4318460.443, 101
Trd, 4318460.893, 93
Trd, 4318461.543, 92
Trd, 4318462.393, 138
Trd, 4318462.593, 122
Trd, 4318462.793, 118
Trd, 4318463.093, 138
Trd, 4318463.593, 118
Trd, 4318463.993, 113
Trd, 4318464.793, 120
Trd, 4318465.293, 102
Trd, 4318467.293, 75
Trd, 4318468.543, 69
Trd, 4318468.693, 62
Trd, 4318469.193, 128
Trd, 4318469.643, 93
Trd, 4318469.993, 95
Trd, 4318470.343, 116
Trd, 4318472.393, 91
Trd, 4318472.593, 119
Trd, 4318472.743, 88
Trd, 4318474.443, 62
Trd, 4318474.493, 74
Trd, 4318476.243, 140
Trd, 4318476.993, 137
Trd, 4318478.193, 135
Trd, 4318478.243, 126
Trd, 4318478.293, 114
Trd, 4318478.843, 99
Trd, 4318480.143, 96
Trd, 4318481.543, 83
Trd, 4318481.843, 69
Trd, 4318481.993, 96
Trd, 4318482.443, 60
Trd, 4318482.493, 68
Trd, 4318482.993, 61
Trd, 4318483.193, 65
Trd, 4318483.543, 96
Trd, 4318484.843, 75
Trd, 4318486.143, 108
Trd, 4318486.593, 125
Trd, 4318486.843, 73
Trd, 4318487.443, 131
Trd, 4318489.093, 137
Trd, 4318489.443, 127
Trd, 4318490.743, 119
Trd, 4318491.893, 122
Trd, 4318492.943, 122
Trd, 4318493.043, 121
Trd, 4318493.443, 118
Trd, 4318493.793, 113
Trd, 4318494.493, 109
Trd, 4318495.093, 105
Trd, 4318495.393, 65
Trd, 4318496.843, 118
Trd, 4318497.593, 138
Trd, 4318497.643, 117
Trd, 4318498.343, 116
Trd, 4318499.443, 129
Trd, 4318499.993, 112
Trd, 4318501.243, 132
Trd, 4318501.293, 121
Trd, 4318501.493, 117
Trd, 4318501.693, 99
Trd, 4318503.243, 105
Trd, 4318503.643, 78
Trd, 4318504.143, 118
Trd, 4318504.443, 73
Trd, 4318504.893, 69
Trd, 4318505.293, 104
Trd, 4318507.143, 74
Trd, 4318507.443, 129
Trd, 4318509.343, 93
Trd, 4318510.593, 101
Trd, 4318510.793, 114
Trd, 4318511.693, 90
Trd, 4318513.443, 91
Trd, 4318513.593, 87
Trd, 4318514.593, 89
Trd, 4318514.793, 109
Trd, 4318516.043, 83
Trd, 4318517.293, 121
Trd, 4318517.393, 97
Trd, 4318517.493, 82
Trd, 4318518.143, 80
Trd, 4318519.943, 84
Trd, 4318520.143, 71
Trd, 4318521.393, 78
Trd, 4318521.893, 76
Trd, 4318522.393, 74
Trd, 4318522.743, 106
Trd, 4318522.943, 72
Trd, 4318523.443, 114
Trd, 4318524.443, 91
Trd, 4318524.543, 86
Trd, 4318525.343, 129
Trd, 4318525.443, 109
Trd, 4318525.843, 117
Trd, 4318527.043, 91
Trd, 4318528.193, 116
Trd, 4318528.293, 115
Trd, 4318528.793, 113
Trd, 4318530.443, 112
Trd, 4318530.693, 130
Trd, 4318530.893, 95
Trd, 4318530.993, 82
Trd, 4318531.593, 69
Trd, 4318532.593, 60
Trd, 4318534.643, 81
Trd, 4318534.793, 90
Trd, 4318535.293, 114
Trd, 4318536.743, 118
Trd, 4318536.793, 84
Trd, 4318537.643, 89
Trd, 4318538.043, 108
Trd, 4318538.993, 85
Trd, 4318540.193, 85
Trd, 4318540.393, 80
Trd, 4318542.393, 123
Trd, 4318543.393, 117
Trd, 4318543.543, 116
Trd, 4318544.193, 106
Trd, 4318544.243, 98
Trd, 4318545.493, 86
Trd, 4318546.043, 94
Trd, 4318546.393, 76
Trd, 4318547.643, 77
Trd, 4318548.443, 94
Trd, 4318549.043, 88
Trd, 4318551.193, 101
Trd, 4318551.693, 114
Trd, 4318551.843, 113
Trd, 4318553.043, 98
Trd, 4318554.143, 137
Trd, 4318554.293, 125
Trd, 4318555.543, 122
Trd, 4318555.793, 121
Trd, 4318556.093, 104
Trd, 4318556.893, 98
Trd, 4318558.993, 129
Trd, 4318559.543, 114
Trd, 4318560.193, 68
Trd, 4318561.893, 72
Trd, 4318562.293, 60
Trd, 4318562.743, 60
Trd, 4318562.793, 61
Trd, 4318563.493, 83
Trd, 4318564.193, 88
Trd, 4318565.393, 64
Trd, 4318566.243, 116
Trd, 4318566.443, 112
Trd, 4318566.593, 111
Trd, 4318567.043, 108
Trd, 4318567.743, 124
Trd, 4318567.893, 123
Trd, 4318569.893, 137
Trd, 4318570.393, 124
Trd, 4318571.893, 121
Trd, 4318572.343, 132
Trd, 4318572.443, 111
Trd, 4318572.793, 131
Trd, 4318572.893, 135
Trd, 4318572.993, 102
Trd, 4318573.693, 107
Trd, 4318574.693, 117
Trd, 4318577.193, 77
Trd, 4318577.443, 70
Trd, 4318577.593, 70
Trd, 4318578.243, 80
Trd, 4318578.443, 94
Trd, 4318579.093, 117
Trd, 4318579.493, 76
Trd, 4318580.493, 104
Trd, 4318581.393, 98
Trd, 4318581.543, 115
Trd, 4318581.843, 94
Trd, 4318582.343, 92
Trd, 4318583.043, 94
Trd, 4318583.543, 92
Trd, 4318584.443, 136
Trd, 4318584.643, 123
Trd, 4318584.843, 93
Trd, 4318586.093, 135
Trd, 4318586.843, 134
Trd, 4318587.543, 116
Trd, 4318587.843, 120
Trd, 4318589.593, 130
Trd, 4318589.893, 129
Trd, 4318590.193, 85
Trd, 4318591.393, 85
Trd, 4318591.693, 77
Trd, 4318592.043, 136
Trd, 4318592.093, 89
Trd, 4318593.193, 104
Trd, 4318593.843, 136
Trd, 4318594.093, 110
Trd, 4318594.443, 106
Trd, 4318594.693, 119
Trd, 4318595.143, 84
Trd, 4318596.193, 97
Trd, 4318596.593, 72
Trd, 4318597.593, 86
Trd, 4318598.343, 109
Trd, 4318598.543, 93
Trd, 4318599.343, 138
Trd, 4318600.743, 85
Trd, 4318601.093, 63
Trd, 4318602.293, 83
Trd, 4318602.943, 78
Trd, 4318603.393, 83
Trd, 4318603.493, 82
Trd, 4318604.093, 67
Trd, 4318605.943, 123
Trd, 4318606.293, 120
Trd, 4318606.493, 138
Trd, 4318608.293, 121
Trd, 4318608.643, 119
Trd, 4318608.893, 116
Trd, 4318609.693, 112
Trd, 4318609.893, 124
Trd, 4318610.743, 93
Trd, 4318611.793, 113
Trd, 4318612.743, 136
Trd, 4318613.643, 134
Trd, 4318613.893, 124
Trd, 4318613.993, 121
Trd, 4318614.043, 114
Trd, 4318614.493, 134
Trd, 4318614.693, 127
Trd, 4318616.143, 64
Trd, 4318616.793, 63
Trd, 4318618.293, 61
Trd, 4318618.393, 82
Trd, 4318619.543, 75
Trd, 4318620.043, 110
Trd, 4318620.893, 119
Trd, 4318620.993, 108
Trd, 4318621.543, 100
Trd, 4318623.743, 125
Trd, 4318624.493, 128
Trd, 4318624.943, 104
Trd, 4318625.243, 96
Trd, 4318625.693, 80
Trd, 4318626.043, 109
Trd, 4318626.393, 90
Trd, 4318626.493, 79
Trd, 4318626.893, 113
Trd, 4318627.493, 67
Trd, 4318628.393, 63
Trd, 4318628.743, 81
Trd, 4318629.493, 76
Trd, 4318630.293, 100
Trd, 4318631.693, 129
Trd, 4318632.343, 127
Trd, 4318632.393, 118
Trd, 4318632.443, 105
Trd, 4318632.693, 102
Trd, 4318633.143, 102
Trd, 4318633.493, 94
Trd, 4318635.093, 96
Trd, 4318635.243, 95
Trd, 4318635.593, 119
Trd, 4318636.043, 89
Trd, 4318636.443, 81
Trd, 4318637.893, 110
Trd, 4318638.543, 125
Trd, 4318639.943, 124
Trd, 4318640.643, 106
Trd, 4318642.193, 114
Trd, 4318642.243, 113
Trd, 4318642.393, 99
Trd, 4318642.693, 98
Trd, 4318643.093, 62
Trd, 4318643.443, 107
Trd, 4318645.243, 80
Trd, 4318645.943, 130
Trd, 4318646.743, 104
Trd, 4318647.293, 132
Trd, 4318648.193, 113
Trd, 4318649.593, 95
Trd, 4318649.693, 93
Trd, 4318649.743, 91
Trd, 4318649.793, 113
Trd, 4318649.993, 89
Trd, 4318651.193, 100
Trd, 4318651.243, 76
Trd, 4318653.193, 99
Trd, 4318653.543, 119
Trd, 4318653.693, 110
Trd, 4318653.993, 97
Trd, 4318654.493, 113
Trd, 4318654.743, 99
Trd, 4318655.243, 126
Trd, 4318655.543, 115
Trd, 4318656.343, 134
Trd, 4318657.393, 66
Trd, 4318658.243, 135
Trd, 4318659.193, 122
Trd, 4318659.493, 117
Trd, 4318659.893, 110
Trd, 4318660.343, 107
Trd, 4318660.893, 95
Trd, 4318661.643, 116
Trd, 4318662.693, 115
Trd, 4318663.443, 130
Trd, 4318663.593, 120
Trd, 4318663.993, 121
Trd, 4318665.643, 138
Trd, 4318666.143, 121
Trd, 4318666.343, 70
Trd, 4318666.543, 63
Trd, 4318667.943, 109
Trd, 4318668.793, 61
Trd, 4318669.643, 110
Trd, 4318670.243, 118
Trd, 4318670.443, 124
Trd, 4318672.443, 118
Trd, 4318672.693, 103
Trd, 4318672.943, 87
Trd, 4318673.043, 83
Trd, 4318673.943, 119
Trd, 4318674.093, 92
Trd, 4318675.493, 101
Trd, 4318675.693, 98
Trd, 4318676.093, 111
Trd, 4318676.793, 88
Trd, 4318677.393, 87
Trd, 4318678.093, 105
Trd, 4318679.243, 134
Trd, 4318680.443, 134
Trd, 4318680.993, 124
Trd, 4318681.943, 102
Trd, 4318683.493, 125
Trd, 4318684.243, 107
Trd, 4318684.343, 99
Trd, 4318684.443, 97
Trd, 4318685.343, 77
Trd, 4318685.843, 77
Trd, 4318686.543, 80
Trd, 4318686.943, 77
Trd, 4318687.943, 121
Trd, 4318688.143, 115
Trd, 4318689.943, 116
Trd, 4318690.343, 113
Trd, 4318691.443, 60
Trd, 4318691.743, 125
Trd, 4318692.693, 94
Trd, 4318692.893, 84
Trd, 4318693.693, 67
Trd, 4318695.243, 85
Trd, 4318695.793, 80
Trd, 4318695.843, 74
Trd, 4318696.243, 72
Trd, 4318697.143, 68
Trd, 4318697.993, 120
Trd, 4318698.393, 94
Trd, 4318698.643, 93
Trd, 4318699.743, 107
Trd, 4318700.993, 135
Trd, 4318701.343, 119
Trd, 4318701.543, 123
Trd, 4318702.143, 113
Trd, 4318703.793, 137
Trd, 4318703.843, 133
Trd, 4318703.893, 129
Trd, 4318703.993, 126
Trd, 4318704.093, 125
Trd, 4318705.393, 101
Trd, 4318706.593, 88
Trd, 4318706.943, 87
Trd, 4318707.343, 60
Trd, 4318707.393, 135
Trd, 4318708.593, 124
Trd, 4318708.893, 124
Trd, 4318709.093, 123
Trd, 4318711.393, 135
Trd, 4318711.543, 108
Trd, 4318712.293, 101
Trd, 4318712.943, 90
Trd, 4318713.743, 131
Trd, 4318715.143, 107
Trd, 4318715.493, 100
Trd, 4318715.943, 86
Trd, 4318717.743, 111
Trd, 4318717.793, 92
Trd, 4318717.843, 86
Trd, 4318719.543, 140
Trd, 4318720.243, 140
Trd, 4318721.043, 119
Trd, 4318721.243, 105
Trd, 4318721.743, 104
Trd, 4318722.243, 82
Trd, 4318723.793, 60
Trd, 4318724.643, 102
Trd, 4318725.543, 85
Trd, 4318726.543, 137
Trd, 4318726.843, 136
Trd, 4318727.343, 127
Trd, 4318728.593, 133
Trd, 4318728.943, 132
Trd, 4318729.143, 100
Trd, 4318729.443, 92
Trd, 4318730.143, 95
Trd, 4318730.593, 113
Trd, 4318730.743, 90
Trd, 4318731.043, 102
Trd, 4318732.193, 85
Trd, 4318734.443, 104
Trd, 4318735.143, 105
Trd, 4318735.693, 102
Trd, 4318735.843, 99
Trd, 4318735.943, 87
Trd, 4318736.143, 100
Trd, 4318736.293, 128
Trd, 4318736.643, 83
Trd, 4318737.243, 83
Trd, 4318738.443, 97
Trd, 4318739.143, 81
Trd, 4318739.743, 124
Trd, 4318740.043, 105
Trd, 4318740.093, 65
Trd, 4318744.243, 73
Trd, 4318745.893, 92
Trd, 4318746.693, 121
Trd, 4318746.743, 111
Trd, 4318748.093, 90
Trd, 4318748.393, 98
Trd, 4318749.293, 117
Trd, 4318749.943, 90
Trd, 4318749.993, 89
Trd, 4318751.443, 100
Trd, 4318751.993, 65
Trd, 4318752.993, 78
Trd, 4318754.093, 70
Trd, 4318754.243, 62
Trd, 4318755.143, 77
Trd, 4318756.043, 73
Trd, 4318756.643, 103
Trd, 4318756.993, 63
Trd, 4318757.343, 72
Trd, 4318757.843, 60
Trd, 4318758.443, 83
Trd, 4318758.593, 113
Trd, 4318758.643, 80
Trd, 4318759.743, 65
Trd, 4318759.843, 90
Trd, 4318761.293, 100
Trd, 4318761.443, 85
Trd, 4318763.393, 64
Trd, 4318763.793, 62
Trd, 4318764.143, 74
Trd, 4318764.643, 67
Trd, 4318764.943, 79
Trd, 4318766.043, 77
Trd, 4318766.643, 67
Trd, 4318767.093, 63
Trd, 4318767.793, 73
Trd, 4318767.893, 76
Trd, 4318769.243, 69
Trd, 4318769.393, 78
Trd, 4318769.543, 93
Trd, 4318770.143, 61
Trd, 4318771.393, 62
Trd, 4318772.293, 93
Trd, 4318774.643, 65
Trd, 4318775.343, 69
Trd, 4318775.693, 73
Trd, 4318776.493, 63
Trd, 4318776.893, 71
Trd, 4318777.293, 131
Trd, 4318778.243, 60
Trd, 4318779.443, 113
Trd, 4318780.393, 119
Trd, 4318780.643, 110
Trd, 4318781.143, 101
Trd, 4318781.443, 83
Trd, 4318781.593, 84
Trd, 4318782.793, 89
Trd, 4318783.493, 101
Trd, 4318783.893, 88
Trd, 4318785.693, 86
Trd, 4318785.793, 106
Trd, 4318786.893, 136
Trd, 4318786.993, 124
Trd, 4318787.843, 132
Trd, 4318787.993, 89
Trd, 4318788.693, 69
Trd, 4318789.943, 77
Trd, 4318791.193, 120
Trd, 4318791.343, 118
Trd, 4318792.193, 140
Trd, 4318792.543, 137
Trd, 4318792.593, 136
Trd, 4318793.943, 122
Trd, 4318793.993, 88
Trd, 4318795.193, 130
Trd, 4318795.493, 109
Trd, 4318795.943, 106
Trd, 4318798.343, 98
Trd, 4318798.993, 109
Trd, 4318799.543, 111
Trd, 4318799.693, 124
Trd, 4318800.543, 105
Trd, 4318801.093, 95
Trd, 4318801.693, 86
Trd, 4318802.593, 97
Trd, 4318803.443, 127
Trd, 4318804.093, 87
Trd, 4318804.793, 106
Trd, 4318805.393, 105
Trd, 4318806.193, 104
Trd, 4318806.943, 133
Trd, 4318807.643, 137
Trd, 4318807.743, 136
Trd, 4318809.593, 112
Trd, 4318809.793, 120
Trd, 4318809.943, 116
Trd, 4318811.093, 120
Trd, 4318811.393, 66
Trd, 4318812.943, 67
Trd, 4318813.043, 73
Trd, 4318813.343, 67
Trd, 4318813.993, 64
Trd, 4318814.843, 89
Trd, 4318815.643, 88
Trd, 4318815.993, 83
Trd, 4318816.343, 138
Trd, 4318817.093, 138
Trd, 4318817.493, 112
Trd, 4318817.843, 83
Trd, 4318819.393, 66
Trd, 4318820.293, 83
Trd, 4318820.593, 91
Trd, 4318820.643, 123
Trd, 4318821.643, 85
Trd, 4318822.093, 116
Trd, 4318823.443, 102
Trd, 4318823.893, 94
Trd, 4318824.393, 125
Trd, 4318824.493, 83
Trd, 4318825.643, 93
Trd, 4318825.843, 95
Trd, 4318826.293, 83
Trd, 4318826.793, 76
Trd, 4318828.643, 97
Trd, 4318829.393, 95
Trd, 4318831.893, 130
Trd, 4318832.693, 108
Trd, 4318833.043, 95
Trd, 4318833.193, 91
Trd, 4318833.693, 69
Trd, 4318833.893, 120
Trd, 4318834.893, 60
Trd, 4318835.093, 68
Trd, 4318836.193, 68
Trd, 4318836.993, 66
Trd, 4318838.643, 134
Trd, 4318839.243, 104
Trd, 4318839.643, 94
Trd, 4318840.643, 107
Trd, 4318840.843, 102
Trd, 4318841.043, 91
Trd, 4318841.793, 91
Trd, 4318842.543, 79
Trd, 4318844.393, 129
Trd, 4318844.443, 89
Trd, 4318845.193, 100
Trd, 4318845.643, 97
Trd, 4318845.893, 89
Trd, 4318846.043, 104
Trd, 4318846.543, 105
Trd, 4318847.243, 106
Trd, 4318847.393, 104
Trd, 4318849.293, 121
Trd, 4318849.543, 116
Trd, 4318850.393, 116
Trd, 4318851.693, 102
Trd, 4318852.393, 125
Trd, 4318852.493, 103
Trd, 4318853.043, 113
Trd, 4318854.543, 104
Trd, 4318854.943, 99
Trd, 4318856.693, 135
Trd, 4318856.893, 134
Trd, 4318857.593, 138
Trd, 4318857.743, 119
Trd, 4318858.193, 107
Trd, 4318858.243, 105
Trd, 4318858.943, 99
Trd, 4318860.193, 139
Trd, 4318860.393, 116
Trd, 4318861.193, 99
Trd, 4318862.393, 123
Trd, 4318863.443, 128
Trd, 4318863.643, 131
Trd, 4318865.893, 116
Trd, 4318866.393, 112
Trd, 4318866.493, 110
Trd, 4318867.343, 80
Trd, 4318867.493, 70
Trd, 4318868.043, 119
Trd, 4318869.693, 139
Trd, 4318869.793, 121
Trd, 4318871.043, 130
Trd, 4318871.143, 129
Trd, 4318871.593, 84
Trd, 4318872.943, 113
Trd, 4318873.543, 101
Trd, 4318873.893, 89
Trd, 4318874.893, 111
Trd, 4318875.143, 102
Trd, 4318875.243, 97
Trd, 4318876.293, 134
Trd, 4318876.743, 114
Trd, 4318878.193, 95
Trd, 4318878.743, 112
Trd, 4318879.443, 99
Trd, 4318879.643, 92
Trd, 4318880.443, 80
Trd, 4318883.193, 114
Trd, 4318883.543, 107
Trd, 4318883.793, 101
Trd, 4318884.693, 132
Trd, 4318884.993, 118
Trd, 4318885.843, 106
Trd, 4318885.943, 97
Trd, 4318887.243, 111
Trd, 4318887.443, 86
Trd, 4318887.743, 87
Trd, 4318888.043, 118
Trd, 4318888.793, 135
Trd, 4318889.393, 64
Trd, 4318890.593, 115
Trd, 4318891.443, 75
Trd, 4318891.893, 62
Trd, 4318892.293, 93
Trd, 4318894.193, 95
Trd, 4318894.543, 86
Trd, 4318894.843, 109
Trd, 4318894.993, 89
Trd, 4318896.693, 79
Trd, 4318898.643, 117
Trd, 4318899.193, 115
Trd, 4318899.393, 115
Trd, 4318899.843, 99
Trd, 4318900.993, 101
Trd, 4318901.593, 120
Trd, 4318901.693, 107
Trd, 4318902.393, 125
Trd, 4318903.243, 139
Trd, 4318903.293, 118
Trd, 4318904.893, 77
Trd, 4318905.343, 100
Trd, 4318905.993, 95
Trd, 4318906.093, 110
Trd, 4318906.293, 80
Trd, 4318907.393, 71
Trd, 4318907.943, 82
Trd, 4318908.693, 85
Trd, 4318909.643, 65
Trd, 4318910.893, 66
Trd, 4318911.443, 99
Trd, 4318911.543, 100
Trd, 4318911.993, 90
Trd, 4318912.643, 77
Trd, 4318914.193, 105
Trd, 4318914.293, 102
Trd, 4318914.443, 83
Trd, 4318916.543, 80
Trd, 4318916.743, 94
Trd, 4318917.493, 97
Trd, 4318918.193, 118
Trd, 4318918.943, 119
Trd, 4318919.793, 129
Trd, 4318920.093, 127
Trd, 4318920.143, 120
Trd, 4318921.043, 135
Trd, 4318921.593, 134
Trd, 4318921.693, 108
Trd, 4318921.993, 111
Trd, 4318922.843, 106
Trd, 4318923.443, 112
Trd, 4318924.593, 115
Trd, 4318925.243, 127
Trd, 4318925.493, 100
Trd, 4318925.943, 107
Trd, 4318925.993, 93
Trd, 4318927.593, 66
Trd, 4318930.043, 89
Trd, 4318930.343, 78
Trd, 4318931.793, 83
Trd, 4318932.193, 83
Trd, 4318932.643, 110
Trd, 4318933.143, 80
Trd, 4318934.193, 79
Trd, 4318934.493, 72
Trd, 4318935.193, 91
Trd, 4318936.193, 116
Trd, 4318937.643, 136
Trd, 4318939.243, 137
Trd, 4318939.293, 129
Trd, 4318939.443, 126
Trd, 4318940.393, 139
Trd, 4318941.393, 112
Trd, 4318942.293, 136
Trd, 4318942.393, 124
Trd, 4318943.193, 120
Trd, 4318944.793, 89
Trd, 4318945.093, 67
Trd, 4318945.393, 76
Trd, 4318945.493, 74
Trd, 4318945.993, 87
Trd, 4318946.143, 90
Trd, 4318947.043, 129
Trd, 4318947.193, 126
Trd, 4318947.843, 79
Trd, 4318948.493, 72
Trd, 4318948.793, 98
Trd, 4318949.343, 72
Trd, 4318950.093, 71
Trd, 4318950.943, 118
Trd, 4318951.743, 103
Trd, 4318952.693, 67
Trd, 4318953.043, 117
Trd, 4318953.543, 92
Trd, 4318956.043, 123
Trd, 4318956.843, 104
Trd, 4318956.993, 104
Trd, 4318958.143, 123
Trd, 4318958.693, 122
Trd, 4318958.893, 121
Trd, 4318960.043, 128
Trd, 4318960.093, 110
Trd, 4318960.343, 109
Trd, 4318961.093, 98
Trd, 4318962.043, 115
Trd, 4318962.243, 127
Trd, 4318962.693, 97
Trd, 4318962.893, 94
Trd, 4318964.343, 87
Trd, 4318964.893, 89
Trd, 4318965.893, 74
Trd, 4318967.493, 112
Trd, 4318967.693, 101
Trd, 4318968.043, 103
Trd, 4318969.343, 120
Trd, 4318970.093, 104
Trd, 4318971.093, 104
Trd, 4318971.393, 140
Trd, 4318972.043, 111
Trd, 4318973.093, 100
Trd, 4318973.293, 133
Trd, 4318973.493, 106
Trd, 4318976.143, 107
Trd, 4318977.893, 114
Trd, 4318978.593, 127
Trd, 4318979.143, 129
Trd, 4318979.243, 129
Trd, 4318979.643, 133
Trd, 4318979.943, 82
Trd, 4318981.043, 74
Trd, 4318982.093, 140
Trd, 4318982.343, 140
Trd, 4318982.543, 129
Trd, 4318983.443, 126
Trd, 4318984.643, 109
Trd, 4318984.743, 122
Trd, 4318984.843, 114
Trd, 4318986.393, 107
Trd, 4318988.493, 138
Trd, 4318988.543, 109
Trd, 4318988.693, 98
Trd, 4318988.993, 124
Trd, 4318989.443, 88
Trd, 4318989.843, 128
Trd, 4318992.393, 92
Trd, 4318992.493, 87
Trd, 4318992.843, 73
Trd, 4318993.093, 121
Trd, 4318993.443, 74
Trd, 4318995.043, 71
Trd, 4318995.193, 65
Trd, 4318996.193, 76
Trd, 4318996.843, 60
Trd, 4318997.643, 71
Trd, 4318998.443, 77
Trd, 4319000.393, 111
Trd, 4319000.593, 98
Trd, 4319001.343, 70
Trd, 4319002.843, 70
Trd, 4319003.193, 65
Trd, 4319003.493, 66
Trd, 4319004.243, 66
Trd, 4319004.393, 63
Trd, 4319005.343, 71
Trd, 4319006.393, 111
Trd, 4319006.893, 123
Trd, 4319007.243, 73
Trd, 4319008.543, 89
Trd, 4319010.343, 112
Trd, 4319010.893, 92
Trd, 4319011.193, 75
Trd, 4319011.743, 108
Trd, 4319012.843, 116
Trd, 4319013.193, 121
Trd, 4319013.643, 75
Trd, 4319014.043, 82
Trd, 4319014.293, 71
Trd, 4319014.443, 76
Trd, 4319015.393, 93
Trd, 4319017.543, 136
Trd, 4319017.943, 140
Trd, 4319018.743, 136
Trd, 4319019.093, 116
Trd, 4319019.443, 110
Trd, 4319019.743, 99
Trd, 4319020.393, 66
Trd, 4319020.493, 107
Trd, 4319021.843, 86
Trd, 4319023.843, 116
Trd, 4319024.643, 131
Trd, 4319024.693, 130
Trd, 4319025.393, 122
Trd, 4319026.043, 121
Trd, 4319026.443, 140
Trd, 4319027.243, 126
Trd, 4319027.943, 104
Trd, 4319028.993, 97
Trd, 4319029.443, 132
Trd, 4319029.793, 81
Trd, 4319031.593, 136
Trd, 4319031.643, 123
Trd, 4319031.793, 105
Trd, 4319033.993, 114
Trd, 4319035.043, 129
Trd, 4319035.343, 123
Trd, 4319035.643, 110
Trd, 4319035.893, 132
Trd, 4319037.343, 132
Trd, 4319037.493, 121
Trd, 4319037.543, 101
Trd, 4319039.793, 92
Trd, 4319040.243, 100
Trd, 4319040.693, 92
Trd, 4319040.943, 91
Trd, 4319041.493, 96
Trd, 4319041.843, 131
Trd, 4319041.993, 113
Trd, 4319042.943, 83
Trd, 4319043.393, 74
Trd, 4319043.693, 75
Trd, 4319044.293, 74
Trd, 4319045.193, 85
Trd, 4319045.943, 65
Trd, 4319046.043, 76
Trd, 4319047.693, 61
Trd, 4319048.243, 107
Trd, 4319048.493, 136
Trd, 4319050.543, 64
Trd, 4319051.943, 84
Trd, 4319052.693, 89
Trd, 4319053.843, 114
Trd, 4319054.143, 103
Trd, 4319054.593, 104
Trd, 4319055.243, 112
Trd, 4319056.093, 114
Trd, 4319056.843, 81
Trd, 4319057.143, 103
Trd, 4319057.243, 80
Trd, 4319057.743, 124
Trd, 4319059.143, 78
Trd, 4319059.893, 104
Trd, 4319061.093, 66
Trd, 4319061.593, 62
Trd, 4319061.643, 85
Trd, 4319062.293, 67
Trd, 4319063.843, 90
Trd, 4319063.993, 89
Trd, 4319064.093, 89
Trd, 4319064.293, 70
Trd, 4319064.943, 75
Trd, 4319065.143, 94
Trd, 4319065.593, 122
Trd, 4319066.893, 128
Trd, 4319067.393, 75
Trd, 4319067.893, 78
Trd, 4319068.793, 114
Trd, 4319069.693, 106
Trd, 4319071.393, 128
Trd, 4319072.293, 106
Trd, 4319072.343, 97
Trd, 4319072.593, 128
Trd, 4319073.293, 108
Trd, 4319073.443, 100
Trd, 4319074.043, 91
Trd, 4319075.593, 71
Trd, 4319076.243, 82
Trd, 4319076.643, 125
Trd, 4319077.043, 76
Trd, 4319077.843, 124
Trd, 4319078.093, 120
Trd, 4319078.143, 83
Trd, 4319079.143, 120
Trd, 4319079.493, 138
Trd, 4319080.493, 82
Trd, 4319081.393, 105
Trd, 4319081.643, 102
Trd, 4319081.893, 102
Trd, 4319082.343, 101
Trd, 4319082.793, 92
Trd, 4319083.343, 60
Trd, 4319084.093, 71
Trd, 4319084.843, 63
Trd, 4319085.293, 127
Trd, 4319085.793, 98
Trd, 4319087.093, 74
Trd, 4319087.143, 73
Trd, 4319087.943, 119
Trd, 4319088.193, 104
Trd, 4319088.243, 123
Trd, 4319088.843, 131
Trd, 4319090.243, 127
Trd, 4319091.043, 115
Trd, 4319091.893, 75
Trd, 4319092.993, 64
Trd, 4319093.793, 64
Trd, 4319093.993, 64
Trd, 4319094.193, 73
Trd, 4319094.343, 64
Trd, 4319094.443, 88
Trd, 4319095.043, 71
Trd, 4319095.993, 89
Trd, 4319096.643, 71
Trd, 4319098.893, 79
Trd, 4319099.443, 88
Trd, 4319099.693, 82
Trd, 4319100.193, 100
Trd, 4319100.593, 123
Trd, 4319102.493, 136
Trd, 4319102.543, 135
Trd, 4319102.643, 134
Trd, 4319104.743, 106
Trd, 4319105.293, 100
Trd, 4319106.193, 125
Trd, 4319107.243, 126
Trd, 4319108.043, 127
Trd, 4319108.143, 113
Trd, 4319109.043, 103
Trd, 4319109.243, 101
Trd, 4319110.743, 114
Trd, 4319110.993, 89
Trd, 4319111.893, 86
Trd, 4319112.093, 77
Trd, 4319112.643, 103
Trd, 4319113.243, 130
Trd, 4319113.343, 125
Trd, 4319114.043, 122
Trd, 4319114.443, 132
Trd, 4319115.293, 106
Trd, 4319116.143, 111
Trd, 4319116.543, 110
Trd, 4319116.893, 100
Trd, 4319117.993, 70
Trd, 4319119.543, 96
Trd, 4319121.093, 69
Trd, 4319121.243, 65
Trd, 4319123.093, 123
Trd, 4319123.843, 111
Trd, 4319123.993, 103
Trd, 4319124.493, 105
Trd, 4319124.593, 103
Trd, 4319126.743, 76
Trd, 4319127.193, 128
Trd, 4319127.243, 86
Trd, 4319127.293, 76
Trd, 4319128.393, 115
Trd, 4319129.443, 90
Trd, 4319130.093, 107
Trd, 4319130.943, 117
Trd, 4319131.493, 99
Trd, 4319132.193, 112
Trd, 4319132.793, 99
Trd, 4319133.543, 94
Trd, 4319133.693, 90
Trd, 4319134.193, 97
Trd, 4319134.643, 60
Trd, 4319135.393, 68
Trd, 4319136.793, 128
Trd, 4319137.043, 126
Trd, 4319137.093, 115
Trd, 4319137.143, 89
Trd, 4319139.243, 63
Trd, 4319139.493, 64
Trd, 4319140.393, 82
Trd, 4319142.693, 66
Trd, 4319143.543, 70
Trd, 4319143.693, 75
Trd, 4319144.793, 78
Trd, 4319145.643, 114
Trd, 4319145.943, 114
Trd, 4319146.993, 121
Trd, 4319147.043, 115
Trd, 4319147.093, 104
Trd, 4319147.193, 66
Trd, 4319148.693, 117
Trd, 4319148.793, 116
Trd, 4319148.893, 105
Trd, 4319149.343, 105
Trd, 4319149.543, 135
Trd, 4319152.693, 124
Trd, 4319153.493, 116
Trd, 4319154.093, 111
Trd, 4319154.193, 110
Trd, 4319154.293, 105
Trd, 4319154.493, 104
Trd, 4319154.893, 88
Trd, 4319156.343, 123
Trd, 4319156.843, 116
Trd, 4319157.243, 100
Trd, 4319158.343, 116
Trd, 4319158.443, 107
Trd, 4319158.793, 62
Trd, 4319159.293, 140
Trd, 4319160.943, 139
Trd, 4319161.093, 137
Trd, 4319161.143, 92
Trd, 4319162.243, 113
Trd, 4319163.043, 60
Trd, 4319163.193, 97
Trd, 4319163.243, 134
Trd, 4319163.893, 90
Trd, 4319164.593, 83
Trd, 4319165.843, 85
Trd, 4319166.193, 87
Trd, 4319166.993, 122
Trd, 4319168.793, 138
Trd, 4319168.843, 129
Trd, 4319168.893, 118
Trd, 4319168.943, 104
Trd, 4319169.293, 93
Trd, 4319171.493, 134
Trd, 4319172.093, 83
Trd, 4319172.543, 72
Trd, 4319174.193, 96
Trd, 4319174.393, 93
Trd, 4319175.143, 77
Trd, 4319175.593, 90
Trd, 4319175.693, 84
Trd, 4319175.793, 77
Trd, 4319177.243, 82
Trd, 4319178.343, 113
Trd, 4319179.343, 111
Trd, 4319180.543, 76
Trd, 4319181.343, 77
Trd, 4319181.643, 76
Trd, 4319181.893, 136
Trd, 4319182.943, 79
Trd, 4319183.493, 113
Trd, 4319184.993, 110
Trd, 4319185.893, 103
Trd, 4319186.043, 124
Trd, 4319187.493, 94
Trd, 4319188.093, 91
Trd, 4319188.343, 130
Trd, 4319188.493, 86
Trd, 4319188.593, 85
Trd, 4319189.943, 82
Trd, 4319190.643, 67
Trd, 4319190.893, 87
Trd, 4319194.093, 116
Trd, 4319194.193, 102
Trd, 4319194.743, 94
Trd, 4319194.843, 73
Trd, 4319195.293, 74
Trd, 4319195.393, 72
Trd, 4319195.943, 114
Trd, 4319196.893, 134
Trd, 4319198.843, 140
Trd, 4319199.793, 140
Trd, 4319199.843, 126
Trd, 4319199.993, 123
Trd, 4319200.993, 120
Trd, 4319202.093, 113
Trd, 4319202.193, 109
Trd, 4319202.343, 105
Trd, 4319203.443, 97
Trd, 4319203.693, 129
Trd, 4319204.543, 120
Trd, 4319204.993, 95
Trd, 4319205.593, 84
Trd, 4319205.993, 100
Trd, 4319206.893, 75
Trd, 4319208.043, 112
Trd, 4319208.493, 111
Trd, 4319209.343, 120
Trd, 4319209.743, 106
Trd, 4319210.243, 100
Trd, 4319210.793, 103
Trd, 4319211.493, 104
Trd, 4319212.343, 78
Trd, 4319214.043, 85
Trd, 4319214.693, 115
Trd, 4319214.843, 111
Trd, 4319215.193, 93
Trd, 4319215.693, 112
Trd, 4319216.043, 130
Trd, 4319216.993, 85
Trd, 4319217.293, 95
Trd, 4319218.443, 87
Trd, 4319219.543, 107
Trd, 4319220.543, 136
Trd, 4319221.193, 113
Trd, 4319222.143, 92
Trd, 4319222.693, 66
Trd, 4319223.993, 60
Trd, 4319226.093, 123
Trd, 4319226.593, 136
Trd, 4319227.193, 116
Trd, 4319227.343, 115
Trd, 4319227.393, 111
Trd, 4319228.093, 109
Trd, 4319228.493, 128
Trd, 4319228.843, 111
Trd, 4319229.993, 60
Trd, 4319230.493, 108
Trd, 4319232.693, 74
Trd, 4319232.743, 68
Trd, 4319233.243, 63
Trd, 4319233.893, 80
Trd, 4319234.493, 62
Trd, 4319235.393, 73
Trd, 4319235.593, 103
Trd, 4319236.293, 110
Trd, 4319236.593, 109
Trd, 4319236.793, 108
Trd, 4319237.343, 99
Trd, 4319238.793, 117
Trd, 4319240.543, 134
Trd, 4319240.843, 102
Trd, 4319242.643, 81
Trd, 4319243.143, 84
Trd, 4319243.493, 87
Trd, 4319243.943, 67
Trd, 4319244.693, 116
Trd, 4319245.393, 139
Trd, 4319246.293, 129
Trd, 4319246.443, 127
Trd, 4319247.493, 126
Trd, 4319248.143, 114
Trd, 4319250.493, 119
Trd, 4319250.743, 103
Trd, 4319251.543, 98
Trd, 4319252.443, 140
Trd, 4319252.793, 90
Trd, 4319252.893, 119
Trd, 4319252.993, 87
Trd, 4319254.193, 103
Trd, 4319254.443, 115
Trd, 4319254.543, 87
Trd, 4319255.493, 122
Trd, 4319255.643, 115
Trd, 4319256.193, 96
Trd, 4319256.943, 70
Trd, 4319258.643, 88
Trd, 4319259.593, 68
Trd, 4319259.893, 98
Trd, 4319260.943, 66
Trd, 4319261.743, 71
Trd, 4319262.743, 89
Trd, 4319263.043, 75
Trd, 4319263.793, 77
Trd, 4319265.543, 125
Trd, 4319265.843, 124
Trd, 4319266.093, 100
Trd, 4319266.893, 105
Trd, 4319267.793, 126
Trd, 4319267.943, 124
Trd, 4319268.793, 115
Trd, 4319269.593, 90
Trd, 4319269.993, 82
Trd, 4319270.943, 68
Trd, 4319271.643, 114
Trd, 4319272.243, 108
Trd, 4319272.993, 74
Trd, 4319274.193, 134
Trd, 4319274.893, 92
Trd, 4319275.893, 99
Trd, 4319275.993, 98
Trd, 4319276.193, 97
Trd, 4319276.393, 74
Trd, 4319276.843, 60
Trd, 4319279.243, 63
Trd, 4319279.743, 61
Trd, 4319279.843, 66
Trd, 4319281.693, 72
Trd, 4319282.143, 131
Trd, 4319282.843, 86
Trd, 4319282.893, 109
Trd, 4319283.543, 64
Trd, 4319284.343, 85
Trd, 4319284.443, 84
Trd, 4319284.893, 78
Trd, 4319286.043, 117
Trd, 4319286.743, 73
Trd, 4319287.343, 68
Trd, 4319289.343, 63
Trd, 4319289.743, 66
Trd, 4319290.243, 66
Trd, 4319290.293, 72
Trd, 4319290.943, 140
Trd, 4319292.043, 116
Trd, 4319292.093, 110
Trd, 4319293.493, 115
Trd, 4319293.693, 98
Trd, 4319293.893, 120
Trd, 4319294.393, 123
Trd, 4319294.843, 116
Trd, 4319295.493, 122
Trd, 4319296.643, 74
Trd, 4319297.293, 85
Trd, 4319297.593, 90
Trd, 4319298.593, 133
Trd, 4319298.943, 132
Trd, 4319299.193, 121
Trd, 4319300.093, 83
Trd, 4319300.343, 81
Trd, 4319301.893, 130
Trd, 4319302.493, 130
Trd, 4319302.993, 123
Trd, 4319303.143, 123
Trd, 4319303.893, 135
Trd, 4319303.943, 110
Trd, 4319304.043, 105
Trd, 4319305.343, 133
Trd, 4319305.393, 116
Trd, 4319306.543, 89
Trd, 4319307.093, 60
Trd, 4319307.643, 138
Trd, 4319308.293, 115
Trd, 4319309.543, 135
Trd, 4319310.193, 65
Trd, 4319310.343, 89
Trd, 4319312.143, 60
Trd, 4319312.693, 72
Trd, 4319312.743, 105
Trd, 4319313.093, 88
Trd, 4319313.493, 120
Trd, 4319315.043, 77
Trd, 4319315.943, 107
Trd, 4319316.543, 116
Trd, 4319317.093, 115
Trd, 4319317.643, 92
Trd, 4319317.793, 89
Trd, 4319318.743, 130
Trd, 4319318.993, 139
Trd, 4319319.893, 105
Trd, 4319320.993, 68
Trd, 4319321.593, 75
Trd, 4319322.193, 99
Trd, 4319322.893, 64
Trd, 4319322.943, 65
Trd, 4319324.643, 112
Trd, 4319325.193, 80
Trd, 4319326.093, 79
Trd, 4319327.093, 81
Trd, 4319327.493, 79
Trd, 4319328.593, 68
Trd, 4319328.643, 97
Trd, 4319329.193, 138
Trd, 4319329.393, 123
Trd, 4319331.643, 109
Trd, 4319331.743, 108
Trd, 4319332.293, 105
Trd, 4319332.793, 94
Trd, 4319333.343, 80
Trd, 4319334.893, 96
Trd, 4319336.293, 93
Trd, 4319336.593, 99
Trd, 4319336.793, 93
Trd, 4319336.843, 81
Trd, 4319337.643, 65
Trd, 4319338.293, 70
Trd, 4319338.643, 63
Trd, 4319339.793, 71
Trd, 4319340.793, 66
Trd, 4319342.193, 71
Trd, 4319342.943, 62
Trd, 4319343.643, 61
Trd, 4319343.743, 67
Trd, 4319344.043, 60
Trd, 4319344.793, 63
Trd, 4319348.043, 62
Trd, 4319348.393, 115
Trd, 4319348.693, 98
Trd, 4319349.043, 96
Trd, 4319349.443, 63
Trd, 4319350.043, 76
Trd, 4319350.093, 98
Trd, 4319351.743, 77
Trd, 4319352.493, 104
Trd, 4319353.793, 137
Trd, 4319354.493, 91
Trd, 4319355.443, 100
Trd, 4319355.843, 91
Trd, 4319356.493, 90
Trd, 4319357.193, 102
Trd, 4319357.493, 101
Trd, 4319357.743, 81
Trd, 4319358.793, 75
Trd, 4319358.993, 95
Trd, 4319360.143, 112
Trd, 4319361.593, 90
Trd, 4319361.643, 89
Trd, 4319362.393, 134
Trd, 4319363.043, 63
Trd, 4319363.793, 109
Trd, 4319364.193, 66
Trd, 4319365.043, 66
Trd, 4319365.893, 116
Trd, 4319366.143, 83
Trd, 4319366.343, 116
Trd, 4319366.843, 118
Trd, 4319368.593, 60
Trd, 4319368.743, 78
Trd, 4319370.043, 100
Trd, 4319370.493, 68
Trd, 4319371.343, 131
Trd, 4319371.493, 114
Trd, 4319371.993, 113
Trd, 4319372.493, 75
Trd, 4319374.193, 66
Trd, 4319374.243, 77
Trd, 4319375.743, 139
Trd, 4319375.943, 90
Trd, 4319376.593, 73
Trd, 4319378.293, 60
Trd, 4319378.993, 61
Trd, 4319379.493, 105
Trd, 4319379.843, 114
Trd, 4319380.043, 115
Trd, 4319380.543, 103
Trd, 4319380.693, 118
Trd, 4319381.593, 102
Trd, 4319384.193, 128
Trd, 4319384.843, 131
Trd, 4319384.943, 128
Trd, 4319385.243, 99
Trd, 4319385.643, 110
Trd, 4319386.293, 85
Trd, 4319386.643, 82
Trd, 4319387.143, 104
Trd, 4319388.093, 65
Trd, 4319389.893, 69
Trd, 4319390.543, 60
Trd, 4319391.443, 61
Trd, 4319391.693, 65
Trd, 4319393.593, 64
Trd, 4319393.643, 98
Trd, 4319394.043, 65
Trd, 4319394.543, 69
Trd, 4319395.193, 122
Trd, 4319396.043, 116
Trd, 4319396.193, 122
Trd, 4319397.443, 112
Trd, 4319397.943, 101
Trd, 4319398.743, 138
Trd, 4319399.093, 137
Trd, 4319400.493, 132
Trd, 4319400.543, 73
Trd, 4319402.293, 93
Trd, 4319402.593, 74
Trd, 4319403.243, 97
Trd, 4319403.393, 123
Trd, 4319403.693, 110
Trd, 4319404.943, 136
Trd, 4319405.343, 135
Trd, 4319406.093, 123
Trd, 4319406.893, 128
Trd, 4319406.993, 117
Trd, 4319407.443, 104
Trd, 4319408.493, 102
Trd, 4319408.743, 98
Trd, 4319410.143, 140
Trd, 4319410.693, 88
Trd, 4319411.693, 95
Trd, 4319412.643, 94
Trd, 4319413.193, 81
Trd, 4319413.443, 73
Trd, 4319414.143, 66
Trd, 4319414.393, 62
Trd, 4319416.243, 108
Trd, 4319416.743, 108
Trd, 4319417.343, 100
Trd, 4319418.943, 139
Trd, 4319419.343, 117
Trd, 4319420.143, 125
Trd, 4319420.293, 99
Trd, 4319420.743, 91
Trd, 4319421.543, 64
Trd, 4319421.893, 104
Trd, 4319423.293, 111
Trd, 4319424.343, 110
Trd, 4319426.543, 110
Trd, 4319427.143, 106
Trd, 4319427.543, 94
Trd, 4319427.743, 89
Trd, 4319428.443, 124
Trd, 4319428.843, 114
Trd, 4319429.493, 116
Trd, 4319429.743, 92
Trd, 4319430.343, 74
Trd, 4319430.993, 65
Trd, 4319431.893, 89
Trd, 4319432.293, 70
Trd, 4319432.993, 115
Trd, 4319433.793, 84
Trd, 4319435.043, 70
Trd, 4319435.793, 66
Trd, 4319436.343, 134
Trd, 4319438.293, 102
Trd, 4319438.443, 72
Trd, 4319439.143, 85
Trd, 4319439.493, 87
Trd, 4319440.743, 86
Trd, 4319440.793, 92
Trd, 4319441.493, 70
Trd, 4319441.743, 97
Trd, 4319441.793, 113
Trd, 4319442.543, 69
Trd, 4319444.243, 97
Trd, 4319444.293, 96
Trd, 4319444.593, 94
Trd, 4319444.843, 67
Trd, 4319445.293, 65
Trd, 4319446.393, 97
Trd, 4319446.693, 95
Trd, 4319448.293, 114
Trd, 4319448.793, 107
Trd, 4319449.443, 76
Trd, 4319451.393, 77
Trd, 4319453.093, 84
Trd, 4319453.393, 87
Trd, 4319453.543, 128
Trd, 4319454.743, 125
Trd, 4319454.843, 124
Trd, 4319454.943, 114
Trd, 4319455.443, 113
Trd, 4319456.043, 74
Trd, 4319456.943, 93
Trd, 4319457.443, 92
Trd, 4319457.643, 98
Trd, 4319457.843, 91
Trd, 4319458.943, 79
Trd, 4319459.843, 80
Trd, 4319460.493, 91
Trd, 4319461.193, 89
Trd, 4319461.343, 85
Trd, 4319461.993, 81
Trd, 4319462.843, 83
Trd, 4319464.293, 71
Trd, 4319464.993, 66
Trd, 4319465.643, 78
Trd, 4319466.143, 100
Trd, 4319466.293, 105
Trd, 4319466.543, 89
Trd, 4319466.943, 71
Trd, 4319468.043, 116
Trd, 4319468.193, 105
Trd, 4319469.543, 85
Trd, 4319469.593, 81
Trd, 4319471.293, 132
Trd, 4319472.593, 138
Trd, 4319473.293, 132
Trd, 4319473.493, 127
Trd, 4319473.693, 126
Trd, 4319474.493, 120
Trd, 4319475.343, 102
Trd, 4319475.643, 114
Trd, 4319476.293, 140
Trd, 4319476.593, 140
Trd, 4319476.793, 118
Trd, 4319477.243, 112
Trd, 4319478.693, 83
Trd, 4319479.643, 81
Trd, 4319480.143, 120
Trd, 4319480.993, 75
Trd, 4319482.993, 93
Trd, 4319483.493, 119
Trd, 4319483.993, 118
Trd, 4319484.293, 102
Trd, 4319484.693, 106
Trd, 4319485.843, 61
Trd, 4319485.943, 136
Trd, 4319486.693, 123
Trd, 4319487.293, 128
Trd, 4319489.543, 113
Trd, 4319490.343, 125
Trd, 4319490.843, 105
Trd, 4319491.443, 99
Trd, 4319491.693, 87
Trd, 4319492.393, 96
Trd, 4319493.693, 95
Trd, 4319494.343, 99
Trd, 4319494.543, 95
Trd, 4319495.093, 114
Trd, 4319495.643, 137
Trd, 4319496.093, 127
Trd, 4319496.393, 106
Trd, 4319496.943, 97
Trd, 4319498.993, 138
Trd, 4319499.893, 138
Trd, 4319500.543, 136
Trd, 4319500.943, 109
Trd, 4319501.243, 97
Trd, 4319502.093, 105
Trd, 4319502.193, 98
Trd, 4319502.443, 98
Trd, 4319503.143, 86
Trd, 4319503.393, 97
Trd, 4319504.293, 76
Trd, 4319505.443, 102
Trd, 4319505.493, 101
Trd, 4319506.143, 118
Trd, 4319508.643, 88
Trd, 4319508.843, 87
Trd, 4319508.993, 82
Trd, 4319510.043, 60
Trd, 4319510.743, 126
Trd, 4319511.343, 115
Trd, 4319511.993, 110
Trd, 4319512.093, 109
Trd, 4319512.443, 85
Trd, 4319512.643, 131
Trd, 4319513.593, 73
Trd, 4319515.043, 135
Trd, 4319516.443, 116
Trd, 4319516.693, 109
Trd, 4319517.993, 121
Trd, 4319518.043, 116
Trd, 4319518.643, 114
Trd, 4319519.143, 116
Trd, 4319520.593, 90
Trd, 4319521.143, 77
Trd, 4319521.343, 74
Trd, 4319521.643, 78
Trd, 4319522.793, 109
Trd, 4319523.293, 90
Trd, 4319523.543, 88
Trd, 4319524.093, 73
Trd, 4319525.143, 63
Trd, 4319525.543, 90
Trd, 4319526.043, 78
Trd, 4319526.343, 91
Trd, 4319528.443, 83
Trd, 4319528.993, 66
Trd, 4319529.993, 85
Trd, 4319530.143, 115
Trd, 4319530.293, 107
Trd, 4319530.393, 106
Trd, 4319530.443, 83
Trd, 4319530.743, 69
Trd, 4319531.293, 136
Trd, 4319533.843, 78
Trd, 4319534.443, 66
Trd, 4319535.093, 66
Trd, 4319536.043, 63
Trd, 4319536.543, 121
Trd, 4319536.793, 120
Trd, 4319536.893, 100
Trd, 4319537.693, 116
Trd, 4319538.143, 98
Trd, 4319538.943, 100
Trd, 4319539.793, 99
Trd, 4319540.743, 91
Trd, 4319541.093, 95
Trd, 4319541.643, 98
Trd, 4319541.693, 109
Trd, 4319542.243, 114
Trd, 4319542.993, 130
Trd, 4319543.093, 129
Trd, 4319544.393, 69
Trd, 4319547.193, 65
Trd, 4319547.343, 77
Trd, 4319547.843, 89
Trd, 4319547.943, 85
Trd, 4319548.243, 81
Trd, 4319548.393, 64
Trd, 4319550.593, 124
Trd, 4319551.543, 123
Trd, 4319551.943, 96
Trd, 4319552.043, 105
Trd, 4319552.943, 101
Trd, 4319553.043, 93
Trd, 4319554.493, 74
Trd, 4319555.393, 63
Trd, 4319556.243, 67
Trd, 4319556.793, 128
Trd, 4319557.693, 126
Trd, 4319557.843, 127
Trd, 4319558.493, 121
Trd, 4319558.893, 116
Trd, 4319560.493, 120
Trd, 4319561.043, 119
Trd, 4319561.643, 112
Trd, 4319561.843, 112
Trd, 4319562.193, 111
Trd, 4319563.743, 113
Trd, 4319564.543, 62
Trd, 4319564.743, 79
Trd, 4319565.243, 134
Trd, 4319567.093, 100
Trd, 4319567.793, 92
Trd, 4319567.943, 85
Trd, 4319569.443, 88
Trd, 4319569.943, 95
Trd, 4319570.143, 88
Trd, 4319570.443, 77
Trd, 4319572.043, 129
Trd, 4319572.143, 125
Trd, 4319572.593, 114
Trd, 4319572.693, 112
Trd, 4319574.193, 121
Trd, 4319574.743, 116
Trd, 4319575.443, 111
Trd, 4319575.593, 107
Trd, 4319577.643, 120
Trd, 4319578.243, 131
Trd, 4319579.593, 118
Trd, 4319579.793, 109
Trd, 4319580.093, 103
Trd, 4319581.893, 119
Trd, 4319582.293, 109
Trd, 4319583.343, 108
Trd, 4319584.143, 124
Trd, 4319584.393, 115
Trd, 4319584.943, 125
Trd, 4319585.293, 108
Trd, 4319585.543, 97
Trd, 4319586.343, 103
Trd, 4319587.843, 80
Trd, 4319588.893, 116
Trd, 4319589.043, 116
Trd, 4319589.343, 101
Trd, 4319589.943, 78
Trd, 4319590.943, 118
Trd, 4319591.443, 76
Trd, 4319591.893, 69
Trd, 4319592.343, 65
Trd, 4319593.493, 87
Trd, 4319594.043, 94
Trd, 4319594.993, 99
Trd, 4319595.293, 93
Trd, 4319595.443, 103
Trd, 4319595.643, 89
Trd, 4319596.393, 99
Trd, 4319596.743, 116
Trd, 4319598.093, 93
Trd, 4319598.193, 91
Trd, 4319599.193, 91
Trd, 4319599.793, 96
Trd, 4319600.743, 100
Trd, 4319601.443, 129
Trd, 4319602.293, 106
Trd, 4319602.443, 115
Trd, 4319602.943, 121
Trd, 4319603.393, 128
Trd, 4319604.443, 113
Trd, 4319605.393, 96
Trd, 4319605.643, 111
Trd, 4319606.743, 139
Trd, 4319607.843, 108
Trd, 4319608.093, 107
Trd, 4319608.543, 109
Trd, 4319609.893, 115
Trd, 4319610.193, 84
Trd, 4319610.993, 104
Trd, 4319611.943, 91
Trd, 4319612.393, 93
Trd, 4319612.993, 92
Trd, 4319613.843, 84
Trd, 4319614.393, 80
Trd, 4319614.893, 74
Trd, 4319615.493, 92
Trd, 4319615.643, 85
Trd, 4319616.143, 73
Trd, 4319616.793, 111
Trd, 4319617.443, 118
Trd, 4319617.543, 113
Trd, 4319618.493, 103
Trd, 4319618.593, 102
Trd, 4319619.243, 113
Trd, 4319619.593, 79
Trd, 4319621.043, 90
Trd, 4319621.543, 77
Trd, 4319624.743, 64
Trd, 4319624.893, 61
Trd, 4319625.343, 67
Trd, 4319625.693, 70
Trd, 4319626.243, 72
Trd, 4319627.693, 83
Trd, 4319627.943, 119
Trd, 4319628.393, 131
Trd, 4319630.043, 122
Trd, 4319630.193, 119
Trd, 4319631.043, 118
Trd, 4319631.093, 103
Trd, 4319631.193, 117
Trd, 4319632.743, 84
Trd, 4319633.043, 76
Trd, 4319633.293, 71
Trd, 4319633.893, 133
Trd, 4319634.093, 132
Trd, 4319634.543, 99
Trd, 4319635.143, 106
Trd, 4319636.493, 133
Trd, 4319636.743, 88
Trd, 4319637.143, 86
Trd, 4319637.993, 89
Trd, 4319639.743, 73
Trd, 4319640.943, 67
Trd, 4319642.143, 62
Trd, 4319642.893, 72
Trd, 4319643.093, 80
Trd, 4319643.793, 67
Trd, 4319644.193, 86
Trd, 4319645.443, 85
Trd, 4319646.093, 108
Trd, 4319647.143, 116
Trd, 4319648.543, 112
Trd, 4319648.743, 108
Trd, 4319649.043, 105
Trd, 4319650.593, 93
Trd, 4319650.893, 132
Trd, 4319652.393, 90
Trd, 4319652.493, 89
Trd, 4319652.593, 82
Trd, 4319652.843, 95
Trd, 4319653.443, 114
Trd, 4319654.343, 87
Trd, 4319654.943, 87
Trd, 4319655.393, 86
Trd, 4319655.743, 94
Trd, 4319656.593, 128
Trd, 4319657.743, 134
Trd, 4319659.193, 140
Trd, 4319659.293, 138
Trd, 4319659.843, 122
Trd, 4319660.143, 85
Trd, 4319660.393, 80
Trd, 4319661.493, 122
Trd, 4319662.193, 139
Trd, 4319663.843, 137
Trd, 4319665.693, 138
Trd, 4319666.643, 127
Trd, 4319666.793, 126
Trd, 4319667.993, 136
Trd, 4319669.043, 123
Trd, 4319669.243, 122
Trd, 4319669.293, 106
Trd, 4319669.643, 139
Trd, 4319670.643, 139
Trd, 4319671.543, 103
Trd, 4319672.393, 133
Trd, 4319672.643, 138
Trd, 4319673.143, 127
Trd, 4319675.143, 76
Trd, 4319675.293, 72
Trd, 4319675.693, 125
Trd, 4319676.043, 135
Trd, 4319677.143, 112
Trd, 4319677.243, 105
Trd, 4319677.443, 97
Trd, 4319679.343, 135
Trd, 4319680.443, 128
Trd, 4319680.843, 92
Trd, 4319681.543, 83
Trd, 4319681.843, 101
Trd, 4319683.243, 131
Trd, 4319683.843, 126
Trd, 4319684.443, 109
Trd, 4319685.443, 124
Trd, 4319686.543, 114
Trd, 4319687.293, 121
Trd, 4319688.093, 116
Trd, 4319688.393, 115
Trd, 4319688.893, 103
Trd, 4319689.143, 99
Trd, 4319689.693, 135
Trd, 4319691.143, 60
Trd, 4319691.343, 60
Trd, 4319693.093, 96
Trd, 4319693.493, 95
Trd, 4319693.893, 100
Trd, 4319694.943, 85
Trd, 4319695.193, 96
Trd, 4319695.543, 136
Trd, 4319695.893, 118
Trd, 4319696.093, 126
Trd, 4319696.443, 101
Trd, 4319696.493, 81
Trd, 4319697.393, 82
Trd, 4319697.743, 84
Trd, 4319697.843, 77
Trd, 4319698.993, 72
Trd, 4319701.093, 122
Trd, 4319701.243, 75
Trd, 4319701.443, 106
Trd, 4319702.193, 101
Trd, 4319703.543, 93
Trd, 4319703.693, 112
Trd, 4319704.043, 93
Trd, 4319704.393, 82
Trd, 4319705.243, 113
Trd, 4319706.343, 107
Trd, 4319707.093, 90
Trd, 4319707.993, 88
Trd, 4319708.343, 76
Trd, 4319708.543, 87
Trd, 4319710.343, 129
Trd, 4319710.443, 112
Trd, 4319710.493, 101
Trd, 4319710.743, 98
Trd, 4319711.543, 88
Trd, 4319711.993, 86
Trd, 4319714.743, 90
Trd, 4319714.843, 85
Trd, 4319715.343, 124
Trd, 4319716.043, 65
Trd, 4319717.143, 96
Trd, 4319717.593, 75
Trd, 4319718.093, 88
Trd, 4319719.493, 63
Trd, 4319719.843, 67
Trd, 4319720.593, 102
Trd, 4319721.443, 81
Trd, 4319721.543, 66
Trd, 4319722.693, 102
Trd, 4319723.343, 120
Trd, 4319723.843, 104
Trd, 4319724.393, 74
Trd, 4319724.943, 74
Trd, 4319725.643, 66
Trd, 4319726.193, 119
Trd, 4319727.493, 71
Trd, 4319727.843, 73
Trd, 4319729.693, 65
Trd, 4319730.993, 70
Trd, 4319731.293, 69
Trd, 4319732.793, 70
Trd, 4319733.693, 136
Trd, 4319734.043, 117
Trd, 4319734.193, 108
Trd, 4319734.693, 99
Trd, 4319734.743, 97
Trd, 4319735.693, 91
Trd, 4319736.943, 139
Trd, 4319737.093, 90
Trd, 4319737.693, 82
Trd, 4319738.443, 70
Trd, 4319739.993, 77
Trd, 4319740.343, 96
Trd, 4319742.493, 79
Trd, 4319742.693, 93
Trd, 4319744.193, 113
Trd, 4319744.343, 101
Trd, 4319745.693, 61
Trd, 4319746.093, 76
Trd, 4319746.743, 75
Trd, 4319747.543, 83
Trd, 4319747.643, 64
Trd, 4319748.943, 62
Trd, 4319749.193, 71
Trd, 4319750.093, 133
Trd, 4319750.443, 121
Trd, 4319751.643, 139
Trd, 4319751.993, 138
Trd, 4319752.193, 102
Trd, 4319752.643, 102
Trd, 4319753.243, 113
Trd, 4319754.493, 104
Trd, 4319755.293, 123
Trd, 4319756.043, 102
Trd, 4319756.843, 137
Trd, 4319757.393, 89
Trd, 4319758.493, 122
Trd, 4319758.793, 127
Trd, 4319759.443, 108
Trd, 4319759.993, 131
Trd, 4319760.143, 100
Trd, 4319760.743, 127
Trd, 4319761.643, 130
Trd, 4319762.493, 110
Trd, 4319763.893, 120
Trd, 4319764.443, 102
Trd, 4319764.593, 93
Trd, 4319764.643, 89
Trd, 4319765.243, 76
Trd, 4319765.893, 65
Trd, 4319767.643, 81
Trd, 4319767.793, 86
Trd, 4319769.193, 78
Trd, 4319770.643, 90
Trd, 4319770.793, 74
Trd, 4319771.243, 66
Trd, 4319772.043, 101
Trd, 4319772.293, 70
Trd, 4319773.843, 70
Trd, 4319775.043, 68
Trd, 4319775.193, 102
Trd, 4319776.443, 74
Trd, 4319776.843, 67
Trd, 4319776.893, 122
Trd, 4319778.943, 69
Trd, 4319779.243, 69
Trd, 4319780.793, 120
Trd, 4319781.593, 103
Trd, 4319782.143, 100
Trd, 4319782.393, 118
Trd, 4319782.893, 134
Trd, 4319783.643, 112
Trd, 4319785.343, 126
Trd, 4319785.393, 125
Trd, 4319785.743, 115
Trd, 4319786.543, 110
Trd, 4319787.193, 103
Trd, 4319787.493, 99
Trd, 4319788.943, 138
Trd, 4319789.043, 128
Trd, 4319789.643, 119
Trd, 4319791.293, 114
Trd, 4319791.943, 135
Trd, 4319792.543, 102
Trd, 4319792.593, 90
Trd, 4319793.493, 117
Trd, 4319794.293, 78
Trd, 4319794.393, 64
Trd, 4319794.943, 65
Trd, 4319795.193, 62
Trd, 4319795.543, 92
Trd, 4319797.343, 67
Trd, 4319797.393, 66
Trd, 4319797.693, 61
Trd, 4319797.993, 77
Trd, 4319800.743, 111
Trd, 4319801.193, 90
Trd, 4319801.243, 85
Trd, 4319801.993, 83
Trd, 4319802.393, 81
Trd, 4319802.543, 80
Trd, 4319803.843, 83
Trd, 4319804.443, 137
Trd, 4319805.443, 104
Trd, 4319805.693, 96
Trd, 4319806.193, 92
Trd, 4319807.343, 87
Trd, 4319807.593, 125
Trd, 4319808.543, 81
Trd, 4319809.493, 112
Trd, 4319809.943, 90
Trd, 4319810.943, 86
Trd, 4319812.193, 92
Trd, 4319813.293, 79
Trd, 4319813.393, 106
Trd, 4319813.443, 66
Trd, 4319814.343, 96
Trd, 4319814.693, 89
Trd, 4319814.993, 121
Trd, 4319815.493, 95
Trd, 4319817.043, 64
Trd, 4319817.493, 67
Trd, 4319818.393, 129
Trd, 4319818.793, 106
Trd, 4319819.593, 120
Trd, 4319820.193, 80
Trd, 4319820.543, 72
Trd, 4319820.993, 71
Trd, 4319821.143, 72
Trd, 4319822.743, 76
Trd, 4319823.693, 70
Trd, 4319823.793, 84
Trd, 4319824.343, 74
Trd, 4319825.793, 118
Trd, 4319825.943, 117
Trd, 4319826.893, 81
Trd, 4319827.193, 78
Trd, 4319827.943, 103
Trd, 4319828.843, 115
Trd, 4319829.743, 96
Trd, 4319830.243, 124
Trd, 4319831.243, 107
Trd, 4319831.343, 84
Trd, 4319831.393, 99
Trd, 4319831.743, 86
Trd, 4319833.943, 137
Trd, 4319834.243, 136
Trd, 4319835.043, 98
Trd, 4319835.193, 89
Trd, 4319835.793, 107
Trd, 4319837.743, 72
Trd, 4319838.093, 88
Trd, 4319838.143, 70
Trd, 4319838.393, 69
Trd, 4319839.793, 109
Trd, 4319840.293, 93
Trd, 4319842.193, 87
Trd, 4319842.493, 134
Trd, 4319842.993, 118
Trd, 4319843.793, 120
Trd, 4319844.143, 117
Trd, 4319844.943, 107
Trd, 4319845.193, 123
Trd, 4319845.393, 104
Trd, 4319846.293, 107
Trd, 4319846.393, 106
Trd, 4319847.743, 75
Trd, 4319849.043, 104
Trd, 4319849.593, 108
Trd, 4319850.543, 102
Trd, 4319850.693, 96
Trd, 4319850.843, 106
Trd, 4319852.543, 94
Trd, 4319854.293, 81
Trd, 4319855.743, 81
Trd, 4319856.293, 70
Trd, 4319856.343, 102
Trd, 4319856.993, 65
Trd, 4319857.393, 83
Trd, 4319857.793, 66
Trd, 4319858.293, 61
Trd, 4319859.493, 140
Trd, 4319860.643, 140
Trd, 4319860.693, 121
Trd, 4319861.543, 104
Trd, 4319862.493, 112
Trd, 4319862.693, 109
Trd, 4319863.693, 118
Trd, 4319863.943, 96
Trd, 4319866.593, 118
Trd, 4319866.993, 117
Trd, 4319867.643, 111
Trd, 4319868.243, 131
Trd, 4319869.043, 139
Trd, 4319869.993, 134
Trd, 4319870.193, 133
Trd, 4319870.993, 116
Trd, 4319871.443, 131
Trd, 4319871.793, 97
Trd, 4319871.893, 95
Trd, 4319873.393, 118
Trd, 4319874.493, 69
Trd, 4319874.893, 130
Trd, 4319875.043, 129
Trd, 4319876.443, 98
Trd, 4319877.393, 130
Trd, 4319877.443, 120
Trd, 4319878.043, 131
Trd, 4319878.193, 140
Trd, 4319878.843, 106
Trd, 4319879.943, 114
Trd, 4319880.143, 114
Trd, 4319880.393, 120
Trd, 4319880.493, 103
Trd, 4319881.693, 66
Trd, 4319882.293, 73
Trd, 4319882.893, 108
Trd, 4319883.043, 140
Trd, 4319883.343, 65
Trd, 4319883.743, 64
Trd, 4319886.293, 75
Trd, 4319887.093, 78
Trd, 4319887.643, 60
Trd, 4319887.843, 93
Trd, 4319888.143, 122
Trd, 4319889.793, 92
Trd, 4319890.743, 99
Trd, 4319890.793, 99
Trd, 4319892.043, 86
Trd, 4319893.093, 95
Trd, 4319893.193, 84
Trd, 4319893.693, 89
Trd, 4319894.293, 104
Trd, 4319895.293, 118
Trd, 4319895.443, 109
Trd, 4319896.393, 108
Trd, 4319898.093, 62
Trd, 4319899.443, 63
Trd, 4319899.643, 71
Trd, 4319900.143, 106
Trd, 4319900.393, 101
Trd, 4319900.543, 100
Trd, 4319900.843, 119
Trd, 4319902.293, 72
Trd, 4319902.593, 66
Trd, 4319904.243, 130
Trd, 4319904.643, 118
Trd, 4319904.793, 96
Trd, 4319906.293, 96
Trd, 4319907.093, 109
Trd, 4319907.193, 87
Trd, 4319908.393, 99
Trd, 4319908.743, 77
Trd, 4319909.493, 79
Trd, 4319910.593, 62
Trd, 4319912.243, 125
Trd, 4319912.993, 67
Trd, 4319914.143, 68
Trd, 4319914.443, 68
Trd, 4319915.193, 63
Trd, 4319915.543, 114
Trd, 4319916.093, 108
Trd, 4319917.293, 70
Trd, 4319917.493, 64
Trd, 4319917.993, 106
Trd, 4319918.543, 63
Trd, 4319919.443, 98
Trd, 4319920.293, 87
Trd, 4319920.543, 80
Trd, 4319921.943, 107
Trd, 4319922.293, 77
Trd, 4319922.643, 62
Trd, 4319922.693, 76
Trd, 4319925.493, 71
Trd, 4319925.543, 68
Trd, 4319926.343, 69
Trd, 4319926.393, 80
Trd, 4319927.843, 69
Trd, 4319928.793, 135
Trd, 4319929.393, 139
Trd, 4319929.593, 130
Trd, 4319930.093, 121
Trd, 4319930.843, 110
Trd, 4319930.893, 124
Trd, 4319931.943, 100
Trd, 4319932.993, 124
Trd, 4319933.643, 121
Trd, 4319933.743, 114
Trd, 4319933.793, 107
Trd, 4319934.393, 99
Trd, 4319935.143, 62
Trd, 4319935.543, 69
Trd, 4319936.693, 124
Trd, 4319937.593, 83
Trd, 4319937.993, 81
Trd, 4319938.043, 70
Trd, 4319938.393, 137
Trd, 4319938.743, 113
Trd, 4319938.943, 94
Trd, 4319940.893, 116
Trd, 4319941.193, 117
Trd, 4319941.343, 118
Trd, 4319942.143, 115
Trd, 4319942.993, 130
Trd, 4319945.493, 138
Trd, 4319945.793, 137
Trd, 4319946.343, 137
Trd, 4319946.743, 136
Trd, 4319948.043, 132
Trd, 4319948.293, 115
Trd, 4319949.143, 99
Trd, 4319949.993, 98
Trd, 4319951.093, 62
Trd, 4319951.193, 102
Trd, 4319952.043, 83
Trd, 4319952.093, 103
Trd, 4319952.493, 108
Trd, 4319953.143, 98
Trd, 4319953.943, 137
Trd, 4319954.243, 136
Trd, 4319955.693, 78
Trd, 4319956.093, 77
Trd, 4319957.243, 122
Trd, 4319958.193, 99
Trd, 4319959.393, 103
Trd, 4319960.093, 93
Trd, 4319960.243, 89
Trd, 4319960.593, 110
Trd, 4319960.743, 88
Trd, 4319961.793, 85
Trd, 4319961.893, 76
Trd, 4319962.743, 128
Trd, 4319964.143, 130
Trd, 4319964.293, 117
Trd, 4319964.443, 109
Trd, 4319964.643, 94
Trd, 4319966.143, 60
Trd, 4319966.393, 137
Trd, 4319966.843, 136
Trd, 4319967.243, 67
Trd, 4319970.443, 137
Trd, 4319970.493, 136
Trd, 4319970.843, 125
Trd, 4319971.343, 128
Trd, 4319971.443, 115
Trd, 4319972.993, 120
Trd, 4319973.293, 90
Trd, 4319973.843, 83
Trd, 4319975.143, 95
Trd, 4319975.343, 92
Trd, 4319976.843, 126
Trd, 4319977.893, 94
Trd, 4319978.343, 70
Trd, 4319978.593, 97
Trd, 4319979.293, 88
Trd, 4319979.693, 81
Trd, 4319980.293, 93
Trd, 4319981.943, 107
Trd, 4319983.943, 67
Trd, 4319984.593, 109
Trd, 4319985.143, 96
Trd, 4319985.493, 138
Trd, 4319986.893, 89
Trd, 4319987.193, 107
Trd, 4319987.243, 83
Trd, 4319988.193, 109
Trd, 4319989.143, 82
Trd, 4319989.343, 80
Trd, 4319991.343, 132
Trd, 4319991.993, 131
Trd, 4319993.543, 120
Trd, 4319994.243, 117
Trd, 4319995.193, 105
Trd, 4319996.593, 107
Trd, 4319996.943, 96
Trd, 4319997.143, 90
Trd, 4319998.443, 65
Trd, 4319998.993, 82
Trd, 4319999.893, 66
