Trd, 4318173.543, 61
Trd, 4318174.393, 60
Trd, 4318174.743, 68
Trd, 4318175.293, 61
Trd, 4318175.793, 64
Trd, 4318176.593, 68
Trd, 4318176.693, 92
Trd, 4318177.093, 140
Trd, 4318177.843, 69
Trd, 4318178.393, 71
Trd, 4318179.243, 101
Trd, 4318180.243, 140
Trd, 4318180.793, 60
Trd, 4318181.243, 68
Trd, 4318181.643, 73
Trd, 4318184.343, 61
Trd, 4318185.443, 60
Trd, 4318185.593, 60
Trd, 4318185.693, 61
Trd, 4318185.993, 96
Trd, 4318186.693, 62
Trd, 4318187.043, 61
Trd, 4318187.343, 65
Trd, 4318187.893, 67
Trd, 4318188.593, 61
Trd, 4318188.943, 107
Trd, 4318189.543, 61
Trd, 4318190.193, 61
Trd, 4318191.743, 95
Trd, 4318191.943, 77
Trd, 4318192.043, 75
Trd, 4318192.143, 71
Trd, 4318192.793, 67
Trd, 4318194.143, 116
Trd, 4318194.643, 110
Trd, 4318195.093, 109
Trd, 4318195.793, 140
Trd, 4318195.993, 70
Trd, 4318196.943, 140
Trd, 4318197.393, 140
Trd, 4318198.093, 60
Trd, 4318198.593, 61
Trd, 4318199.443, 124
Trd, 4318199.543, 102
Trd, 4318200.093, 139
Trd, 4318200.293, 96
Trd, 4318202.543, 64
Trd, 4318202.843, 67
Trd, 4318203.093, 76
Trd, 4318203.943, 110
Trd, 4318204.693, 140
Trd, 4318205.043, 140
Trd, 4318206.293, 139
Trd, 4318206.843, 105
Trd, 4318207.243, 140
Trd, 4318207.493, 99
Trd, 4318208.893, 72
Trd, 4318208.943, 70
Trd, 4318209.143, 66
Trd, 4318209.243, 74
Trd, 4318210.493, 76
Trd, 4318211.343, 140
Trd, 4318212.293, 140
Trd, 4318212.393, 140
Trd, 4318212.693, 127
Trd, 4318213.643, 68
Trd, 4318213.943, 63
Trd, 4318214.293, 65
Trd, 4318215.493, 61
Trd, 4318216.793, 60
Trd, 4318217.743, 60
Trd, 4318217.793, 63
Trd, 4318218.543, 65
Trd, 4318220.143, 61
Trd, 4318220.793, 63
Trd, 4318221.393, 64
Trd, 4318222.543, 62
Trd, 4318222.793, 62
Trd, 4318222.843, 65
Trd, 4318223.143, 67
Trd, 4318223.743, 68
Trd, 4318224.543, 140
Trd, 4318226.693, 61
Trd, 4318226.743, 63
Trd, 4318227.493, 60
Trd, 4318229.143, 60
Trd, 4318230.493, 61
Trd, 4318230.593, 62
Trd, 4318230.843, 63
Trd, 4318231.243, 60
Trd, 4318232.043, 60
Trd, 4318233.043, 60
Trd, 4318233.543, 61
Trd, 4318234.293, 63
Trd, 4318234.643, 66
Trd, 4318234.793, 70
Trd, 4318236.843, 60
Trd, 4318237.443, 61
Trd, 4318238.243, 62
Trd, 4318238.343, 63
Trd, 4318239.793, 64
Trd, 4318239.943, 66
Trd, 4318240.693, 60
Trd, 4318241.493, 60
Trd, 4318243.393, 62
Trd, 4318243.843, 60
Trd, 4318244.093, 60
Trd, 4318244.393, 62
Trd, 4318245.943, 60
Trd, 4318246.393, 60
Trd, 4318247.193, 62
Trd, 4318248.093, 61
Trd, 4318248.193, 67
Trd, 4318248.393, 60
Trd, 4318248.493, 68
Trd, 4318248.843, 61
Trd, 4318249.543, 64
Trd, 4318250.043, 65
Trd, 4318250.243, 61
Trd, 4318250.993, 81
Trd, 4318251.193, 64
Trd, 4318252.143, 69
Trd, 4318252.693, 69
Trd, 4318253.143, 68
Trd, 4318253.243, 64
Trd, 4318254.243, 84
Trd, 4318254.593, 83
Trd, 4318255.493, 61
Trd, 4318256.343, 61
Trd, 4318256.843, 62
Trd, 4318257.043, 60
Trd, 4318258.143, 65
Trd, 4318259.143, 64
Trd, 4318259.443, 64
Trd, 4318259.593, 63
Trd, 4318262.043, 60
Trd, 4318262.393, 60
Trd, 4318262.643, 61
Trd, 4318262.743, 62
Trd, 4318263.593, 63
Trd, 4318263.943, 63
Trd, 4318263.993, 63
Trd, 4318264.593, 63
Trd, 4318264.843, 70
Trd, 4318265.243, 80
Trd, 4318265.693, 82
Trd, 4318268.993, 65
Trd, 4318270.043, 62
Trd, 4318270.543, 67
Trd, 4318271.193, 63
Trd, 4318271.493, 63
Trd, 4318271.593, 70
Trd, 4318271.693, 72
Trd, 4318271.893, 63
Trd, 4318273.593, 60
Trd, 4318273.893, 63
Trd, 4318273.993, 69
Trd, 4318274.393, 71
Trd, 4318275.743, 63
Trd, 4318276.643, 61
Trd, 4318277.343, 61
Trd, 4318279.793, 63
Trd, 4318280.593, 60
Trd, 4318280.793, 62
Trd, 4318281.993, 60
Trd, 4318282.443, 61
Trd, 4318282.793, 62
Trd, 4318283.793, 61
Trd, 4318285.443, 61
Trd, 4318285.593, 63
Trd, 4318286.543, 62
Trd, 4318286.843, 63
Trd, 4318287.993, 61
Trd, 4318288.493, 60
Trd, 4318289.593, 60
Trd, 4318290.243, 60
Trd, 4318290.293, 61
Trd, 4318291.543, 60
Trd, 4318292.643, 60
Trd, 4318294.443, 60
Trd, 4318295.543, 61
Trd, 4318296.793, 61
Trd, 4318297.293, 61
Trd, 4318298.143, 60
Trd, 4318298.593, 63
Trd, 4318298.843, 64
Trd, 4318299.143, 138
Trd, 4318299.743, 65
Trd, 4318299.993, 64
Trd, 4318300.193, 67
Trd, 4318300.443, 61
Trd, 4318301.193, 138
Trd, 4318302.393, 60
Trd, 4318302.943, 60
Trd, 4318303.593, 69
Trd, 4318304.343, 140
Trd, 4318304.493, 140
Trd, 4318305.043, 64
Trd, 4318305.293, 138
Trd, 4318305.743, 140
Trd, 4318307.593, 140
Trd, 4318307.643, 140
Trd, 4318308.193, 125
Trd, 4318308.793, 140
Trd, 4318310.043, 60
Trd, 4318310.343, 61
Trd, 4318311.893, 60
Trd, 4318312.093, 60
Trd, 4318312.143, 60
Trd, 4318312.593, 62
Trd, 4318312.893, 65
Trd, 4318314.043, 65
Trd, 4318314.793, 62
Trd, 4318315.893, 60
Trd, 4318315.943, 73
Trd, 4318316.193, 104
Trd, 4318316.493, 67
Trd, 4318317.943, 60
Trd, 4318318.893, 60
Trd, 4318320.093, 60
Trd, 4318320.193, 60
Trd, 4318320.443, 64
Trd, 4318321.193, 69
Trd, 4318321.293, 61
Trd, 4318321.493, 76
Trd, 4318322.893, 67
Trd, 4318323.443, 136
Trd, 4318324.343, 61
Trd, 4318324.943, 67
Trd, 4318325.793, 60
Trd, 4318326.893, 60
Trd, 4318327.043, 69
Trd, 4318327.193, 74
Trd, 4318328.493, 64
Trd, 4318328.543, 81
Trd, 4318328.743, 85
Trd, 4318329.193, 63
Trd, 4318330.243, 71
Trd, 4318330.943, 64
Trd, 4318332.093, 140
Trd, 4318332.793, 140
Trd, 4318333.293, 140
Trd, 4318333.693, 140
Trd, 4318334.593, 62
Trd, 4318334.793, 65
Trd, 4318334.993, 75
Trd, 4318335.693, 62
Trd, 4318336.943, 68
Trd, 4318337.893, 66
Trd, 4318337.993, 65
Trd, 4318338.643, 99
Trd, 4318339.293, 140
Trd, 4318340.343, 61
Trd, 4318341.093, 61
Trd, 4318341.943, 61
Trd, 4318342.743, 62
Trd, 4318342.943, 62
Trd, 4318343.043, 65
Trd, 4318343.143, 62
Trd, 4318344.693, 64
Trd, 4318344.793, 63
Trd, 4318345.293, 63
Trd, 4318346.843, 61
Trd, 4318347.093, 61
Trd, 4318348.443, 60
Trd, 4318349.143, 63
Trd, 4318349.293, 63
Trd, 4318349.393, 64
Trd, 4318349.893, 61
Trd, 4318350.093, 67
Trd, 4318351.293, 65
Trd, 4318351.393, 66
Trd, 4318351.893, 63
Trd, 4318352.143, 61
Trd, 4318353.693, 62
Trd, 4318354.043, 109
Trd, 4318354.693, 118
Trd, 4318354.743, 114
Trd, 4318355.543, 61
Trd, 4318355.893, 63
Trd, 4318358.343, 60
Trd, 4318358.593, 60
Trd, 4318358.843, 60
Trd, 4318359.393, 63
Trd, 4318360.343, 66
Trd, 4318360.393, 66
Trd, 4318360.743, 63
Trd, 4318363.443, 60
Trd, 4318363.743, 61
Trd, 4318364.193, 61
Trd, 4318365.443, 60
Trd, 4318365.643, 60
Trd, 4318365.693, 61
Trd, 4318365.893, 65
Trd, 4318366.193, 61
Trd, 4318366.443, 62
Trd, 4318366.743, 71
Trd, 4318367.343, 123
Trd, 4318369.193, 60
Trd, 4318369.643, 60
Trd, 4318369.993, 61
Trd, 4318371.093, 60
Trd, 4318371.843, 62
Trd, 4318371.943, 62
Trd, 4318372.443, 66
Trd, 4318373.193, 61
Trd, 4318373.543, 62
Trd, 4318373.943, 61
Trd, 4318374.093, 62
Trd, 4318375.193, 137
Trd, 4318376.393, 69
Trd, 4318377.193, 65
Trd, 4318378.193, 139
Trd, 4318378.793, 136
Trd, 4318378.993, 135
Trd, 4318379.393, 132
Trd, 4318380.093, 77
Trd, 4318380.343, 74
Trd, 4318380.643, 75
Trd, 4318381.693, 89
Trd, 4318381.893, 62
Trd, 4318382.393, 75
Trd, 4318383.793, 60
Trd, 4318384.143, 61
Trd, 4318384.793, 66
Trd, 4318385.243, 67
Trd, 4318386.693, 60
Trd, 4318387.693, 60
Trd, 4318388.193, 63
Trd, 4318388.543, 65
Trd, 4318388.693, 65
Trd, 4318388.893, 63
Trd, 4318389.743, 64
Trd, 4318390.143, 64
Trd, 4318391.343, 61
Trd, 4318392.093, 60
Trd, 4318393.093, 60
Trd, 4318393.593, 60
Trd, 4318393.693, 60
Trd, 4318393.793, 63
Trd, 4318395.193, 62
Trd, 4318395.343, 65
Trd, 4318396.143, 62
Trd, 4318396.393, 61
Trd, 4318396.843, 64
Trd, 4318397.943, 60
Trd, 4318398.293, 62
Trd, 4318398.693, 74
Trd, 4318400.743, 61
Trd, 4318401.393, 61
Trd, 4318402.693, 61
Trd, 4318403.193, 61
Trd, 4318403.393, 64
Trd, 4318403.443, 64
Trd, 4318404.243, 63
Trd, 4318404.693, 61
Trd, 4318405.593, 60
Trd, 4318406.093, 63
Trd, 4318406.393, 60
Trd, 4318407.543, 65
Trd, 4318407.743, 67
Trd, 4318407.893, 67
Trd, 4318408.693, 60
Trd, 4318409.593, 63
Trd, 4318411.143, 60
Trd, 4318411.593, 63
Trd, 4318412.193, 61
Trd, 4318412.943, 61
Trd, 4318413.393, 62
Trd, 4318413.443, 61
Trd, 4318413.693, 63
Trd, 4318414.043, 67
Trd, 4318414.843, 71
Trd, 4318415.743, 62
Trd, 4318415.893, 101
Trd, 4318417.493, 60
Trd, 4318418.243, 61
Trd, 4318418.793, 67
Trd, 4318418.893, 67
Trd, 4318419.743, 61
Trd, 4318421.243, 64
Trd, 4318421.443, 108
Trd, 4318422.793, 66
Trd, 4318423.593, 140
Trd, 4318424.443, 139
Trd, 4318424.643, 82
Trd, 4318425.293, 140
Trd, 4318425.493, 93
Trd, 4318426.043, 80
Trd, 4318426.843, 114
Trd, 4318427.193, 140
Trd, 4318428.243, 112
Trd, 4318428.443, 104
Trd, 4318428.793, 112
Trd, 4318428.943, 103
Trd, 4318429.143, 96
Trd, 4318429.643, 77
Trd, 4318431.693, 60
Trd, 4318431.743, 62
Trd, 4318432.443, 63
Trd, 4318433.043, 66
Trd, 4318434.143, 140
Trd, 4318434.293, 117
Trd, 4318435.043, 117
Trd, 4318435.243, 115
Trd, 4318435.293, 64
Trd, 4318436.493, 140
Trd, 4318437.143, 140
Trd, 4318437.943, 140
Trd, 4318437.993, 136
Trd, 4318438.293, 128
Trd, 4318439.443, 139
Trd, 4318439.743, 135
Trd, 4318440.093, 91
Trd, 4318440.143, 91
Trd, 4318440.543, 140
Trd, 4318441.143, 110
Trd, 4318443.143, 62
Trd, 4318443.293, 62
Trd, 4318443.493, 61
Trd, 4318444.493, 60
Trd, 4318445.293, 60
Trd, 4318445.743, 60
Trd, 4318446.093, 61
Trd, 4318447.493, 60
Trd, 4318448.393, 62
Trd, 4318449.043, 62
Trd, 4318449.693, 60
Trd, 4318450.143, 63
Trd, 4318450.893, 63
Trd, 4318451.243, 60
Trd, 4318451.293, 69
Trd, 4318451.843, 62
Trd, 4318452.493, 68
Trd, 4318452.743, 69
Trd, 4318453.793, 65
Trd, 4318453.843, 66
Trd, 4318455.143, 63
Trd, 4318455.593, 63
Trd, 4318455.643, 62
Trd, 4318456.293, 64
Trd, 4318456.743, 75
Trd, 4318456.993, 91
Trd, 4318457.993, 69
Trd, 4318459.343, 92
Trd, 4318459.443, 91
Trd, 4318459.793, 81
Trd, 4318459.893, 79
Trd, 4318460.643, 60
Trd, 4318460.693, 61
Trd, 4318461.393, 113
Trd, 4318462.343, 140
Trd, 4318462.943, 60
Trd, 4318464.193, 66
Trd, 4318465.443, 61
Trd, 4318465.593, 61
Trd, 4318465.893, 62
Trd, 4318466.443, 61
Trd, 4318466.593, 63
Trd, 4318467.293, 60
Trd, 4318467.693, 63
Trd, 4318468.693, 61
Trd, 4318469.743, 61
Trd, 4318471.143, 78
Trd, 4318471.443, 61
Trd, 4318474.093, 60
Trd, 4318474.143, 60
Trd, 4318475.043, 60
Trd, 4318475.293, 60
Trd, 4318475.743, 60
Trd, 4318476.543, 60
Trd, 4318476.693, 61
Trd, 4318476.893, 64
Trd, 4318478.343, 61
Trd, 4318478.893, 67
Trd, 4318479.193, 73
Trd, 4318480.143, 60
Trd, 4318481.093, 60
Trd, 4318481.593, 60
Trd, 4318482.993, 60
Trd, 4318483.593, 61
Trd, 4318484.343, 60
Trd, 4318484.793, 61
Trd, 4318485.543, 60
Trd, 4318485.643, 61
Trd, 4318485.893, 61
Trd, 4318487.493, 60
Trd, 4318487.543, 62
Trd, 4318487.643, 66
Trd, 4318488.193, 61
Trd, 4318489.293, 60
Trd, 4318490.093, 61
Trd, 4318491.093, 61
Trd, 4318491.343, 60
Trd, 4318493.343, 60
Trd, 4318493.643, 60
Trd, 4318494.243, 61
Trd, 4318494.493, 61
Trd, 4318494.993, 62
Trd, 4318495.243, 63
Trd, 4318495.293, 67
Trd, 4318495.493, 73
Trd, 4318496.693, 61
Trd, 4318497.743, 140
Trd, 4318498.143, 65
Trd, 4318498.493, 140
Trd, 4318499.443, 61
Trd, 4318499.693, 61
Trd, 4318500.393, 61
Trd, 4318501.193, 61
Trd, 4318501.693, 140
Trd, 4318502.343, 137
Trd, 4318503.643, 60
Trd, 4318503.893, 61
Trd, 4318504.593, 75
Trd, 4318504.643, 61
Trd, 4318505.193, 61
Trd, 4318506.443, 140
Trd, 4318506.893, 136
Trd, 4318507.193, 120
Trd, 4318507.443, 62
Trd, 4318508.943, 98
Trd, 4318509.193, 99
Trd, 4318509.793, 139
Trd, 4318510.293, 140
Trd, 4318510.693, 99
Trd, 4318512.243, 119
Trd, 4318512.443, 98
Trd, 4318512.793, 102
Trd, 4318514.093, 60
Trd, 4318514.593, 60
Trd, 4318514.943, 60
Trd, 4318515.093, 67
Trd, 4318515.343, 60
Trd, 4318515.643, 61
Trd, 4318517.443, 63
Trd, 4318517.793, 64
Trd, 4318517.993, 84
Trd, 4318518.643, 67
Trd, 4318518.743, 62
Trd, 4318519.643, 103
Trd, 4318519.893, 92
Trd, 4318520.693, 80
Trd, 4318521.443, 63
Trd, 4318521.993, 137
Trd, 4318523.043, 62
Trd, 4318523.893, 97
Trd, 4318523.993, 90
Trd, 4318524.393, 140
Trd, 4318524.543, 140
Trd, 4318525.893, 138
Trd, 4318526.043, 137
Trd, 4318526.593, 106
Trd, 4318526.843, 69
Trd, 4318527.393, 103
Trd, 4318528.293, 61
Trd, 4318528.943, 61
Trd, 4318529.143, 61
Trd, 4318529.693, 71
Trd, 4318530.593, 62
Trd, 4318531.293, 61
Trd, 4318531.443, 64
Trd, 4318532.093, 140
Trd, 4318532.693, 140
Trd, 4318532.943, 110
Trd, 4318532.993, 107
Trd, 4318533.193, 92
Trd, 4318534.293, 82
Trd, 4318534.893, 81
Trd, 4318535.643, 63
Trd, 4318535.693, 64
Trd, 4318535.893, 64
Trd, 4318537.093, 65
Trd, 4318538.843, 60
Trd, 4318539.643, 77
Trd, 4318539.693, 77
Trd, 4318541.243, 63
Trd, 4318541.993, 60
Trd, 4318543.293, 64
Trd, 4318544.193, 60
Trd, 4318545.543, 61
Trd, 4318547.243, 60
Trd, 4318547.393, 61
Trd, 4318547.843, 61
Trd, 4318547.993, 61
Trd, 4318548.443, 65
Trd, 4318549.493, 60
Trd, 4318551.643, 60
Trd, 4318551.693, 60
Trd, 4318552.193, 63
Trd, 4318552.943, 60
Trd, 4318554.843, 60
Trd, 4318555.043, 60
Trd, 4318555.343, 62
Trd, 4318555.443, 63
Trd, 4318555.943, 61
Trd, 4318557.293, 61
Trd, 4318557.343, 61
Trd, 4318557.443, 61
Trd, 4318558.093, 62
Trd, 4318558.493, 66
Trd, 4318558.693, 60
Trd, 4318560.643, 62
Trd, 4318560.843, 62
Trd, 4318561.043, 60
Trd, 4318561.493, 61
Trd, 4318562.293, 62
Trd, 4318562.393, 61
Trd, 4318562.893, 63
Trd, 4318564.243, 72
Trd, 4318564.593, 103
Trd, 4318564.743, 71
Trd, 4318565.993, 60
Trd, 4318566.193, 65
Trd, 4318567.043, 62
Trd, 4318567.143, 84
Trd, 4318567.543, 64
Trd, 4318567.793, 84
Trd, 4318568.193, 62
Trd, 4318568.493, 139
Trd, 4318569.443, 124
Trd, 4318569.693, 122
Trd, 4318569.793, 120
Trd, 4318570.543, 60
Trd, 4318570.893, 138
Trd, 4318571.093, 72
Trd, 4318575.093, 60
Trd, 4318575.343, 60
Trd, 4318575.943, 60
Trd, 4318576.043, 61
Trd, 4318576.343, 63
Trd, 4318576.943, 65
Trd, 4318577.493, 67
Trd, 4318577.593, 62
Trd, 4318578.143, 67
Trd, 4318578.193, 68
Trd, 4318578.393, 61
Trd, 4318580.193, 61
Trd, 4318580.493, 61
Trd, 4318580.643, 80
Trd, 4318582.143, 63
Trd, 4318582.693, 61
Trd, 4318583.243, 63
Trd, 4318583.493, 65
Trd, 4318585.693, 108
Trd, 4318585.843, 79
Trd, 4318585.993, 132
Trd, 4318586.043, 73
Trd, 4318587.393, 60
Trd, 4318587.843, 63
Trd, 4318588.443, 67
Trd, 4318588.543, 94
Trd, 4318589.443, 79
Trd, 4318589.843, 68
Trd, 4318590.193, 65
Trd, 4318590.893, 65
Trd, 4318593.143, 60
Trd, 4318593.743, 65
Trd, 4318595.143, 60
Trd, 4318595.243, 60
Trd, 4318595.743, 62
Trd, 4318596.243, 63
Trd, 4318596.393, 85
Trd, 4318596.943, 79
Trd, 4318597.493, 131
Trd, 4318597.943, 139
Trd, 4318598.093, 81
Trd, 4318598.543, 61
Trd, 4318599.643, 61
Trd, 4318600.193, 71
Trd, 4318600.843, 67
Trd, 4318603.793, 61
Trd, 4318604.993, 61
Trd, 4318605.093, 62
Trd, 4318605.443, 62
Trd, 4318606.493, 62
Trd, 4318606.643, 62
Trd, 4318606.843, 61
Trd, 4318608.243, 63
Trd, 4318608.593, 64
Trd, 4318609.193, 69
Trd, 4318609.593, 62
Trd, 4318610.543, 60
Trd, 4318611.693, 60
Trd, 4318612.343, 60
Trd, 4318613.443, 65
Trd, 4318613.793, 63
Trd, 4318614.043, 62
Trd, 4318614.643, 64
Trd, 4318614.743, 63
Trd, 4318615.193, 63
Trd, 4318615.443, 61
Trd, 4318615.593, 65
Trd, 4318616.543, 61
Trd, 4318617.493, 66
Trd, 4318618.043, 66
Trd, 4318618.893, 64
Trd, 4318619.393, 64
Trd, 4318619.443, 109
Trd, 4318619.893, 60
Trd, 4318620.293, 65
Trd, 4318620.643, 62
Trd, 4318620.993, 115
Trd, 4318621.643, 66
Trd, 4318622.393, 60
Trd, 4318624.393, 60
Trd, 4318624.593, 60
Trd, 4318625.793, 71
Trd, 4318625.943, 61
Trd, 4318626.393, 61
Trd, 4318626.743, 66
Trd, 4318627.993, 83
Trd, 4318628.343, 73
Trd, 4318629.043, 73
Trd, 4318629.643, 60
Trd, 4318629.693, 60
Trd, 4318630.543, 68
Trd, 4318631.393, 64
Trd, 4318631.593, 63
Trd, 4318632.543, 60
Trd, 4318633.893, 60
Trd, 4318634.143, 64
Trd, 4318634.293, 64
Trd, 4318635.193, 60
Trd, 4318636.293, 61
Trd, 4318637.493, 63
Trd, 4318638.843, 61
Trd, 4318639.093, 61
Trd, 4318640.593, 60
Trd, 4318641.043, 63
Trd, 4318641.393, 64
Trd, 4318641.793, 70
Trd, 4318642.143, 61
Trd, 4318642.793, 61
Trd, 4318643.143, 62
Trd, 4318643.993, 61
Trd, 4318644.143, 115
Trd, 4318644.643, 70
Trd, 4318645.293, 65
Trd, 4318645.393, 64
Trd, 4318646.093, 65
Trd, 4318646.193, 66
Trd, 4318646.993, 106
Trd, 4318647.843, 79
Trd, 4318647.893, 77
Trd, 4318648.543, 60
Trd, 4318648.893, 61
Trd, 4318649.543, 62
Trd, 4318651.143, 61
Trd, 4318652.443, 60
Trd, 4318652.643, 63
Trd, 4318653.143, 63
Trd, 4318653.193, 76
Trd, 4318654.393, 60
Trd, 4318654.993, 62
Trd, 4318655.543, 61
Trd, 4318656.293, 60
Trd, 4318657.443, 63
Trd, 4318658.393, 61
Trd, 4318659.693, 60
Trd, 4318660.593, 60
Trd, 4318662.193, 60
Trd, 4318662.693, 61
Trd, 4318662.993, 61
Trd, 4318663.043, 63
Trd, 4318663.243, 61
Trd, 4318663.293, 66
Trd, 4318663.943, 60
Trd, 4318664.343, 64
Trd, 4318664.743, 72
Trd, 4318666.593, 67
Trd, 4318666.943, 65
Trd, 4318667.043, 70
Trd, 4318667.293, 71
Trd, 4318667.693, 61
Trd, 4318669.093, 65
Trd, 4318670.993, 60
Trd, 4318671.643, 60
Trd, 4318671.743, 60
Trd, 4318671.893, 60
Trd, 4318671.943, 60
Trd, 4318672.593, 66
Trd, 4318672.893, 67
Trd, 4318673.243, 140
Trd, 4318673.893, 63
Trd, 4318675.143, 140
Trd, 4318677.043, 62
Trd, 4318677.143, 62
Trd, 4318678.743, 60
Trd, 4318678.993, 61
Trd, 4318679.043, 64
Trd, 4318680.293, 62
Trd, 4318680.443, 62
Trd, 4318681.693, 140
Trd, 4318682.143, 139
Trd, 4318682.193, 114
Trd, 4318682.543, 104
Trd, 4318683.043, 70
Trd, 4318684.893, 60
Trd, 4318685.143, 69
Trd, 4318685.843, 60
Trd, 4318686.643, 61
Trd, 4318686.743, 64
Trd, 4318687.343, 61
Trd, 4318687.793, 61
Trd, 4318691.043, 60
Trd, 4318691.093, 61
Trd, 4318691.893, 63
Trd, 4318692.093, 64
Trd, 4318693.593, 60
Trd, 4318694.493, 60
Trd, 4318696.093, 60
Trd, 4318696.643, 60
Trd, 4318698.193, 60
Trd, 4318698.743, 60
Trd, 4318699.943, 60
Trd, 4318700.143, 62
Trd, 4318701.393, 61
Trd, 4318701.593, 62
Trd, 4318703.093, 60
Trd, 4318703.543, 61
Trd, 4318704.293, 63
Trd, 4318704.393, 60
Trd, 4318704.843, 64
Trd, 4318704.893, 64
Trd, 4318705.043, 60
Trd, 4318705.843, 60
Trd, 4318707.293, 60
Trd, 4318707.493, 60
Trd, 4318707.793, 60
Trd, 4318708.893, 60
Trd, 4318710.193, 63
Trd, 4318710.493, 63
Trd, 4318711.143, 63
Trd, 4318711.743, 61
Trd, 4318713.043, 62
Trd, 4318713.143, 68
Trd, 4318713.993, 65
Trd, 4318714.793, 61
Trd, 4318715.543, 61
Trd, 4318716.143, 60
Trd, 4318716.993, 60
Trd, 4318718.193, 63
Trd, 4318719.093, 60
Trd, 4318719.393, 60
Trd, 4318719.493, 60
Trd, 4318720.243, 65
Trd, 4318720.343, 64
Trd, 4318720.493, 67
Trd, 4318720.993, 61
Trd, 4318721.643, 76
Trd, 4318723.693, 60
Trd, 4318724.043, 62
Trd, 4318725.643, 63
Trd, 4318725.793, 65
Trd, 4318725.943, 62
Trd, 4318726.293, 63
Trd, 4318726.793, 61
Trd, 4318726.943, 62
Trd, 4318728.743, 61
Trd, 4318729.093, 66
Trd, 4318729.243, 67
Trd, 4318729.593, 72
Trd, 4318730.143, 62
Trd, 4318730.743, 111
Trd, 4318730.893, 62
Trd, 4318731.243, 61
Trd, 4318732.043, 62
Trd, 4318732.293, 61
Trd, 4318733.293, 62
Trd, 4318734.243, 61
Trd, 4318734.893, 107
Trd, 4318735.993, 60
Trd, 4318737.293, 60
Trd, 4318737.643, 60
Trd, 4318738.493, 60
Trd, 4318738.643, 75
Trd, 4318738.793, 60
Trd, 4318739.493, 63
Trd, 4318739.943, 62
Trd, 4318740.443, 63
Trd, 4318740.893, 103
Trd, 4318741.093, 94
Trd, 4318741.793, 78
Trd, 4318742.243, 63
Trd, 4318742.893, 60
Trd, 4318744.643, 60
Trd, 4318745.043, 61
Trd, 4318745.143, 62
Trd, 4318745.693, 106
Trd, 4318746.693, 62
Trd, 4318747.043, 60
Trd, 4318748.743, 120
Trd, 4318749.043, 120
Trd, 4318749.643, 119
Trd, 4318750.443, 140
Trd, 4318750.643, 117
Trd, 4318751.093, 116
Trd, 4318751.543, 115
Trd, 4318751.893, 102
Trd, 4318751.943, 81
Trd, 4318752.993, 139
Trd, 4318753.093, 137
Trd, 4318754.643, 60
Trd, 4318756.243, 62
Trd, 4318756.593, 60
Trd, 4318756.643, 61
Trd, 4318756.843, 68
Trd, 4318758.143, 60
Trd, 4318758.393, 61
Trd, 4318759.693, 62
Trd, 4318760.093, 63
Trd, 4318760.843, 60
Trd, 4318760.943, 61
Trd, 4318761.243, 61
Trd, 4318762.393, 61
Trd, 4318762.993, 64
Trd, 4318764.293, 63
Trd, 4318764.443, 65
Trd, 4318764.593, 74
Trd, 4318765.943, 68
Trd, 4318766.643, 62
Trd, 4318767.443, 60
Trd, 4318767.643, 61
Trd, 4318768.643, 60
Trd, 4318769.543, 60
Trd, 4318769.793, 60
Trd, 4318770.143, 60
Trd, 4318770.293, 63
Trd, 4318770.593, 61
Trd, 4318771.343, 65
Trd, 4318771.743, 61
Trd, 4318771.843, 67
Trd, 4318772.493, 62
Trd, 4318773.543, 62
Trd, 4318774.443, 140
Trd, 4318774.593, 140
Trd, 4318774.643, 139
Trd, 4318775.393, 125
Trd, 4318776.843, 104
Trd, 4318776.993, 109
Trd, 4318777.743, 102
Trd, 4318777.843, 85
Trd, 4318778.893, 139
Trd, 4318778.993, 82
Trd, 4318779.893, 78
Trd, 4318780.643, 93
Trd, 4318781.093, 80
Trd, 4318781.293, 127
Trd, 4318782.693, 64
Trd, 4318783.843, 60
Trd, 4318785.693, 61
Trd, 4318785.843, 61
Trd, 4318785.943, 67
Trd, 4318786.093, 60
Trd, 4318786.143, 70
Trd, 4318786.543, 61
Trd, 4318787.193, 66
Trd, 4318788.743, 62
Trd, 4318790.193, 60
Trd, 4318790.543, 60
Trd, 4318790.793, 60
Trd, 4318791.043, 61
Trd, 4318791.343, 61
Trd, 4318791.793, 60
Trd, 4318792.593, 62
Trd, 4318793.743, 60
Trd, 4318794.543, 63
Trd, 4318794.693, 61
Trd, 4318795.043, 62
Trd, 4318795.493, 61
Trd, 4318795.743, 63
Trd, 4318796.743, 61
Trd, 4318799.343, 60
Trd, 4318799.643, 61
Trd, 4318800.193, 60
Trd, 4318800.843, 63
Trd, 4318801.693, 60
Trd, 4318801.743, 60
Trd, 4318803.493, 62
Trd, 4318803.743, 60
Trd, 4318804.343, 62
Trd, 4318804.743, 65
Trd, 4318804.843, 67
Trd, 4318805.343, 61
Trd, 4318807.043, 60
Trd, 4318807.293, 63
Trd, 4318808.993, 61
Trd, 4318810.143, 60
Trd, 4318810.343, 60
Trd, 4318811.593, 60
Trd, 4318812.093, 60
Trd, 4318812.443, 64
Trd, 4318813.643, 62
Trd, 4318814.243, 63
Trd, 4318814.493, 63
Trd, 4318814.593, 62
Trd, 4318815.143, 60
Trd, 4318815.243, 78
Trd, 4318816.093, 62
Trd, 4318817.193, 61
Trd, 4318818.393, 62
Trd, 4318818.793, 64
Trd, 4318819.393, 63
Trd, 4318819.443, 67
Trd, 4318820.293, 63
Trd, 4318821.093, 60
Trd, 4318821.193, 63
Trd, 4318822.193, 64
Trd, 4318822.843, 61
Trd, 4318822.893, 60
Trd, 4318824.643, 61
Trd, 4318824.843, 61
Trd, 4318825.393, 60
Trd, 4318825.943, 63
Trd, 4318826.943, 60
Trd, 4318828.143, 61
Trd, 4318828.293, 61
Trd, 4318830.743, 60
Trd, 4318830.843, 61
Trd, 4318831.343, 61
Trd, 4318831.443, 61
Trd, 4318832.043, 60
Trd, 4318832.393, 60
Trd, 4318832.493, 63
Trd, 4318832.693, 60
Trd, 4318833.393, 61
Trd, 4318834.543, 60
Trd, 4318834.743, 60
Trd, 4318835.243, 61
Trd, 4318835.943, 94
Trd, 4318836.393, 65
Trd, 4318837.343, 60
Trd, 4318838.843, 60
Trd, 4318839.843, 61
Trd, 4318840.143, 62
Trd, 4318840.643, 62
Trd, 4318841.243, 108
Trd, 4318841.343, 117
Trd, 4318841.893, 60
Trd, 4318842.443, 60
Trd, 4318842.843, 140
Trd, 4318845.193, 71
Trd, 4318845.543, 62
Trd, 4318845.993, 63
Trd, 4318846.293, 64
Trd, 4318846.593, 62
Trd, 4318846.643, 69
Trd, 4318846.743, 61
Trd, 4318846.943, 72
Trd, 4318848.143, 61
Trd, 4318850.443, 60
Trd, 4318851.643, 60
Trd, 4318852.193, 60
Trd, 4318852.293, 60
Trd, 4318852.793, 65
Trd, 4318853.493, 60
Trd, 4318853.693, 63
Trd, 4318854.193, 60
Trd, 4318854.243, 60
Trd, 4318855.093, 68
Trd, 4318856.943, 60
Trd, 4318857.193, 60
Trd, 4318857.793, 61
Trd, 4318858.293, 60
Trd, 4318859.343, 60
Trd, 4318859.843, 62
Trd, 4318859.943, 64
Trd, 4318860.743, 140
Trd, 4318861.443, 63
Trd, 4318862.693, 65
Trd, 4318864.143, 61
Trd, 4318865.843, 60
Trd, 4318867.143, 60
Trd, 4318867.343, 61
Trd, 4318867.693, 61
Trd, 4318867.743, 62
Trd, 4318867.943, 60
Trd, 4318868.593, 61
Trd, 4318868.843, 60
Trd, 4318869.193, 64
Trd, 4318870.193, 64
Trd, 4318871.193, 66
Trd, 4318872.443, 61
Trd, 4318873.843, 60
Trd, 4318873.893, 60
Trd, 4318874.643, 60
Trd, 4318874.843, 60
Trd, 4318875.443, 60
Trd, 4318875.643, 62
Trd, 4318876.293, 61
Trd, 4318876.493, 63
Trd, 4318877.093, 63
Trd, 4318877.193, 64
Trd, 4318878.093, 63
Trd, 4318878.293, 64
Trd, 4318879.193, 74
Trd, 4318880.393, 64
Trd, 4318880.593, 63
Trd, 4318880.893, 62
Trd, 4318881.543, 61
Trd, 4318881.743, 69
Trd, 4318883.143, 85
Trd, 4318883.943, 100
Trd, 4318884.143, 106
Trd, 4318884.293, 86
Trd, 4318884.343, 74
Trd, 4318884.643, 125
Trd, 4318885.543, 60
Trd, 4318886.893, 62
Trd, 4318887.993, 60
Trd, 4318889.493, 60
Trd, 4318891.393, 60
Trd, 4318891.593, 60
Trd, 4318891.943, 61
Trd, 4318892.143, 60
Trd, 4318892.743, 62
Trd, 4318893.293, 60
Trd, 4318893.343, 61
Trd, 4318894.193, 60
Trd, 4318894.243, 60
Trd, 4318894.743, 60
Trd, 4318895.993, 61
Trd, 4318896.193, 62
Trd, 4318897.943, 60
Trd, 4318898.093, 60
Trd, 4318898.393, 62
Trd, 4318899.543, 60
Trd, 4318899.593, 61
Trd, 4318901.343, 61
Trd, 4318901.843, 60
Trd, 4318901.993, 61
Trd, 4318902.193, 66
Trd, 4318902.593, 65
Trd, 4318903.593, 64
Trd, 4318903.943, 65
Trd, 4318904.043, 61
Trd, 4318905.993, 63
Trd, 4318906.343, 68
Trd, 4318907.243, 69
Trd, 4318907.293, 70
Trd, 4318908.393, 60
Trd, 4318909.393, 61
Trd, 4318909.843, 64
Trd, 4318909.893, 67
Trd, 4318912.093, 62
Trd, 4318912.143, 62
Trd, 4318912.693, 65
Trd, 4318912.793, 71
Trd, 4318913.293, 110
Trd, 4318914.393, 140
Trd, 4318914.493, 140
Trd, 4318914.743, 110
Trd, 4318914.793, 109
Trd, 4318915.443, 60
Trd, 4318916.543, 60
Trd, 4318916.593, 62
Trd, 4318917.393, 60
Trd, 4318918.993, 60
Trd, 4318919.243, 61
Trd, 4318919.343, 63
Trd, 4318920.493, 60
Trd, 4318920.943, 66
Trd, 4318921.493, 65
Trd, 4318921.743, 63
Trd, 4318922.093, 63
Trd, 4318922.543, 82
Trd, 4318925.293, 60
Trd, 4318926.043, 60
Trd, 4318927.293, 60
Trd, 4318927.593, 61
Trd, 4318927.893, 61
Trd, 4318928.193, 64
Trd, 4318928.293, 66
Trd, 4318928.493, 63
Trd, 4318928.843, 67
Trd, 4318929.943, 70
Trd, 4318930.143, 63
Trd, 4318930.443, 139
Trd, 4318932.043, 60
Trd, 4318932.143, 61
Trd, 4318934.843, 60
Trd, 4318934.893, 61
Trd, 4318935.143, 60
Trd, 4318935.493, 63
Trd, 4318936.893, 73
Trd, 4318937.393, 118
Trd, 4318937.743, 65
Trd, 4318938.943, 129
Trd, 4318939.043, 63
Trd, 4318939.243, 120
Trd, 4318940.793, 60
Trd, 4318942.893, 61
Trd, 4318943.243, 61
Trd, 4318943.393, 62
Trd, 4318943.593, 60
Trd, 4318944.043, 60
Trd, 4318944.543, 67
Trd, 4318947.093, 60
Trd, 4318947.143, 60
Trd, 4318947.193, 63
Trd, 4318950.043, 61
Trd, 4318950.743, 60
Trd, 4318951.243, 61
Trd, 4318951.293, 62
Trd, 4318952.893, 60
Trd, 4318953.243, 60
Trd, 4318953.643, 68
Trd, 4318953.943, 61
Trd, 4318954.193, 61
Trd, 4318954.943, 60
Trd, 4318955.043, 88
Trd, 4318955.543, 79
Trd, 4318956.043, 60
Trd, 4318956.343, 61
Trd, 4318956.743, 62
Trd, 4318957.543, 66
Trd, 4318957.793, 62
Trd, 4318959.493, 63
Trd, 4318960.643, 60
Trd, 4318961.193, 69
Trd, 4318961.243, 69
Trd, 4318963.143, 61
Trd, 4318963.793, 60
Trd, 4318964.043, 61
Trd, 4318964.693, 61
Trd, 4318965.693, 61
Trd, 4318965.743, 60
Trd, 4318965.993, 62
Trd, 4318967.043, 60
Trd, 4318967.643, 60
Trd, 4318968.393, 60
Trd, 4318969.143, 60
Trd, 4318970.293, 61
Trd, 4318970.593, 60
Trd, 4318970.843, 61
Trd, 4318971.393, 61
Trd, 4318971.443, 63
Trd, 4318972.393, 75
Trd, 4318972.593, 63
Trd, 4318974.393, 60
Trd, 4318975.293, 60
Trd, 4318975.393, 60
Trd, 4318975.793, 61
Trd, 4318976.143, 67
Trd, 4318978.193, 60
Trd, 4318978.843, 60
Trd, 4318979.943, 60
Trd, 4318980.243, 60
Trd, 4318980.643, 60
Trd, 4318981.043, 61
Trd, 4318981.093, 81
Trd, 4318981.243, 61
Trd, 4318981.643, 139
Trd, 4318982.593, 122
Trd, 4318982.793, 60
Trd, 4318984.593, 138
Trd, 4318984.793, 75
Trd, 4318985.343, 63
Trd, 4318987.043, 61
Trd, 4318987.093, 65
Trd, 4318987.193, 71
Trd, 4318988.193, 90
Trd, 4318988.893, 140
Trd, 4318989.193, 124
Trd, 4318989.793, 126
Trd, 4318990.043, 112
Trd, 4318990.243, 99
Trd, 4318991.043, 79
Trd, 4318991.743, 66
Trd, 4318992.693, 61
Trd, 4318993.343, 60
Trd, 4318993.493, 85
Trd, 4318995.943, 60
Trd, 4318996.393, 60
Trd, 4318996.493, 62
Trd, 4318996.743, 62
Trd, 4318997.443, 62
Trd, 4318997.693, 69
Trd, 4318997.843, 70
Trd, 4318998.093, 79
Trd, 4318998.543, 62
Trd, 4318998.693, 64
Trd, 4319000.193, 138
Trd, 4319000.743, 122
Trd, 4319001.493, 100
Trd, 4319002.843, 72
Trd, 4319003.143, 67
Trd, 4319003.993, 82
Trd, 4319004.543, 120
Trd, 4319005.093, 105
Trd, 4319005.993, 138
Trd, 4319006.143, 123
Trd, 4319007.543, 123
Trd, 4319007.943, 105
Trd, 4319008.343, 140
Trd, 4319008.893, 140
Trd, 4319009.393, 140
Trd, 4319009.493, 99
Trd, 4319010.093, 111
Trd, 4319011.093, 93
Trd, 4319011.593, 98
Trd, 4319011.643, 83
Trd, 4319012.643, 72
Trd, 4319013.343, 85
Trd, 4319013.893, 140
Trd, 4319014.843, 126
Trd, 4319015.243, 126
Trd, 4319016.493, 129
Trd, 4319016.543, 83
Trd, 4319016.843, 135
Trd, 4319017.493, 87
Trd, 4319018.193, 63
Trd, 4319019.043, 66
Trd, 4319019.093, 68
Trd, 4319020.893, 60
Trd, 4319022.043, 61
Trd, 4319022.293, 62
Trd, 4319022.793, 60
Trd, 4319022.993, 62
Trd, 4319023.893, 60
Trd, 4319024.043, 62
Trd, 4319025.293, 63
Trd, 4319026.093, 60
Trd, 4319026.543, 64
Trd, 4319027.293, 60
Trd, 4319027.743, 61
Trd, 4319028.393, 73
Trd, 4319028.443, 71
Trd, 4319028.743, 62
Trd, 4319030.693, 60
Trd, 4319034.343, 60
Trd, 4319034.393, 63
Trd, 4319035.043, 60
Trd, 4319035.243, 62
Trd, 4319035.393, 64
Trd, 4319035.643, 107
Trd, 4319036.643, 117
Trd, 4319037.293, 140
Trd, 4319037.343, 139
Trd, 4319037.793, 124
Trd, 4319038.443, 65
Trd, 4319038.843, 106
Trd, 4319039.193, 139
Trd, 4319039.343, 102
Trd, 4319040.543, 105
Trd, 4319040.643, 104
Trd, 4319041.193, 109
Trd, 4319041.293, 107
Trd, 4319042.343, 60
Trd, 4319042.793, 67
Trd, 4319043.343, 63
Trd, 4319044.893, 61
Trd, 4319045.093, 63
Trd, 4319045.193, 81
Trd, 4319046.043, 61
Trd, 4319046.443, 62
Trd, 4319047.393, 60
Trd, 4319047.993, 60
Trd, 4319048.043, 61
Trd, 4319049.293, 65
Trd, 4319049.993, 72
Trd, 4319050.193, 71
Trd, 4319050.693, 78
Trd, 4319051.143, 103
Trd, 4319051.343, 104
Trd, 4319051.743, 73
Trd, 4319052.043, 140
Trd, 4319052.293, 71
Trd, 4319055.093, 60
Trd, 4319055.393, 60
Trd, 4319055.493, 66
Trd, 4319055.843, 61
Trd, 4319056.193, 65
Trd, 4319056.343, 71
Trd, 4319056.993, 60
Trd, 4319057.393, 61
Trd, 4319057.993, 60
Trd, 4319058.043, 66
Trd, 4319058.843, 84
Trd, 4319060.693, 140
Trd, 4319060.793, 138
Trd, 4319060.993, 95
Trd, 4319062.143, 73
Trd, 4319062.493, 124
Trd, 4319062.643, 88
Trd, 4319062.743, 72
Trd, 4319063.193, 94
Trd, 4319063.693, 61
Trd, 4319064.343, 60
Trd, 4319065.693, 60
Trd, 4319066.243, 61
Trd, 4319066.343, 65
Trd, 4319066.693, 62
Trd, 4319067.193, 72
Trd, 4319067.443, 116
Trd, 4319067.643, 66
Trd, 4319067.993, 67
Trd, 4319068.293, 65
Trd, 4319070.043, 94
Trd, 4319070.743, 89
Trd, 4319072.193, 90
Trd, 4319072.593, 98
Trd, 4319072.943, 100
Trd, 4319072.993, 84
Trd, 4319073.343, 116
Trd, 4319073.543, 83
Trd, 4319074.443, 140
Trd, 4319074.993, 60
Trd, 4319076.443, 60
Trd, 4319076.693, 60
Trd, 4319077.893, 61
Trd, 4319078.443, 60
Trd, 4319078.543, 68
Trd, 4319078.793, 64
Trd, 4319078.943, 64
Trd, 4319079.643, 72
Trd, 4319080.543, 65
Trd, 4319081.593, 140
Trd, 4319081.693, 138
Trd, 4319081.993, 84
Trd, 4319082.393, 95
Trd, 4319083.493, 85
Trd, 4319084.243, 82
Trd, 4319084.593, 75
Trd, 4319084.943, 60
Trd, 4319085.493, 62
Trd, 4319086.193, 60
Trd, 4319086.343, 61
Trd, 4319086.543, 60
Trd, 4319086.993, 61
Trd, 4319087.593, 100
Trd, 4319088.193, 62
Trd, 4319089.043, 62
Trd, 4319090.343, 140
Trd, 4319091.293, 140
Trd, 4319091.393, 138
Trd, 4319092.893, 60
Trd, 4319093.793, 60
Trd, 4319093.993, 63
Trd, 4319095.743, 60
Trd, 4319096.193, 61
Trd, 4319096.443, 61
Trd, 4319096.993, 63
Trd, 4319097.043, 64
Trd, 4319097.843, 67
Trd, 4319098.393, 65
Trd, 4319098.443, 71
Trd, 4319099.393, 61
Trd, 4319101.593, 61
Trd, 4319101.943, 64
Trd, 4319102.193, 62
Trd, 4319102.993, 61
Trd, 4319104.743, 62
Trd, 4319104.843, 63
Trd, 4319104.893, 64
Trd, 4319105.743, 64
Trd, 4319105.843, 63
Trd, 4319106.793, 61
Trd, 4319107.543, 61
Trd, 4319107.943, 67
Trd, 4319109.243, 60
Trd, 4319110.743, 60
Trd, 4319111.143, 61
Trd, 4319111.343, 62
Trd, 4319112.293, 61
Trd, 4319113.093, 62
Trd, 4319113.143, 62
Trd, 4319113.743, 62
Trd, 4319114.043, 63
Trd, 4319114.943, 65
Trd, 4319115.693, 79
Trd, 4319115.893, 83
Trd, 4319117.243, 140
Trd, 4319119.243, 60
Trd, 4319119.993, 66
Trd, 4319120.043, 77
Trd, 4319120.793, 140
Trd, 4319120.893, 139
Trd, 4319121.593, 110
Trd, 4319121.993, 109
Trd, 4319122.793, 60
Trd, 4319123.993, 60
Trd, 4319124.943, 60
Trd, 4319126.193, 60
Trd, 4319126.743, 61
Trd, 4319128.343, 61
Trd, 4319128.393, 61
Trd, 4319128.593, 63
Trd, 4319129.743, 60
Trd, 4319130.593, 60
Trd, 4319131.043, 60
Trd, 4319131.493, 60
Trd, 4319131.893, 60
Trd, 4319133.593, 60
Trd, 4319134.193, 61
Trd, 4319134.343, 65
Trd, 4319134.643, 67
Trd, 4319135.143, 61
Trd, 4319135.243, 74
Trd, 4319135.393, 78
Trd, 4319136.643, 61
Trd, 4319137.093, 61
Trd, 4319137.943, 60
Trd, 4319139.143, 60
Trd, 4319139.193, 60
Trd, 4319140.643, 60
Trd, 4319140.943, 60
Trd, 4319142.093, 60
Trd, 4319142.843, 60
Trd, 4319145.043, 61
Trd, 4319145.943, 60
Trd, 4319146.293, 61
Trd, 4319146.343, 62
Trd, 4319146.493, 63
Trd, 4319146.593, 73
Trd, 4319147.593, 65
Trd, 4319147.943, 64
Trd, 4319148.743, 73
Trd, 4319148.793, 75
Trd, 4319149.293, 65
Trd, 4319149.443, 62
Trd, 4319149.643, 81
Trd, 4319151.243, 75
Trd, 4319151.643, 64
Trd, 4319151.993, 60
Trd, 4319153.693, 66
Trd, 4319153.743, 66
Trd, 4319154.543, 82
Trd, 4319154.793, 79
Trd, 4319155.343, 60
Trd, 4319156.393, 103
Trd, 4319157.243, 60
Trd, 4319158.593, 60
Trd, 4319158.693, 61
Trd, 4319159.193, 61
Trd, 4319159.743, 96
Trd, 4319159.943, 61
Trd, 4319160.493, 135
Trd, 4319161.343, 109
Trd, 4319161.893, 90
Trd, 4319162.443, 89
Trd, 4319163.243, 64
Trd, 4319164.993, 60
Trd, 4319165.693, 61
Trd, 4319165.943, 62
Trd, 4319166.193, 62
Trd, 4319166.493, 63
Trd, 4319167.143, 62
Trd, 4319168.243, 66
Trd, 4319168.693, 64
Trd, 4319168.993, 65
Trd, 4319170.443, 60
Trd, 4319171.393, 62
Trd, 4319172.343, 61
Trd, 4319172.593, 61
Trd, 4319173.743, 60
Trd, 4319173.793, 63
Trd, 4319174.943, 63
Trd, 4319176.043, 60
Trd, 4319177.393, 60
Trd, 4319177.543, 60
Trd, 4319178.443, 62
Trd, 4319179.093, 61
Trd, 4319179.543, 64
Trd, 4319179.993, 65
Trd, 4319180.943, 62
Trd, 4319182.293, 60
Trd, 4319183.343, 60
Trd, 4319183.593, 60
Trd, 4319183.943, 61
Trd, 4319183.993, 64
Trd, 4319184.143, 61
Trd, 4319184.793, 61
Trd, 4319184.943, 66
Trd, 4319185.043, 68
Trd, 4319186.793, 61
Trd, 4319187.943, 64
Trd, 4319189.793, 60
Trd, 4319190.393, 60
Trd, 4319190.593, 60
Trd, 4319190.693, 61
Trd, 4319190.743, 63
Trd, 4319191.393, 65
Trd, 4319191.593, 76
Trd, 4319191.943, 64
Trd, 4319192.193, 61
Trd, 4319194.943, 60
Trd, 4319196.393, 60
Trd, 4319196.693, 60
Trd, 4319196.743, 61
Trd, 4319197.243, 66
Trd, 4319197.493, 64
Trd, 4319197.693, 70
Trd, 4319197.993, 121
Trd, 4319198.143, 99
Trd, 4319198.393, 68
Trd, 4319200.593, 61
Trd, 4319202.243, 60
Trd, 4319202.543, 61
Trd, 4319203.743, 60
Trd, 4319204.293, 60
Trd, 4319204.793, 61
Trd, 4319207.393, 60
Trd, 4319208.643, 60
Trd, 4319208.993, 60
Trd, 4319209.043, 60
Trd, 4319209.493, 61
Trd, 4319209.693, 75
Trd, 4319210.193, 60
Trd, 4319210.393, 60
Trd, 4319210.443, 66
Trd, 4319211.693, 61
Trd, 4319211.843, 103
Trd, 4319213.343, 64
Trd, 4319213.393, 65
Trd, 4319213.643, 61
Trd, 4319213.793, 63
Trd, 4319214.493, 61
Trd, 4319215.543, 61
Trd, 4319215.993, 61
Trd, 4319216.993, 62
Trd, 4319217.143, 66
Trd, 4319217.443, 67
Trd, 4319218.593, 60
Trd, 4319219.093, 61
Trd, 4319220.043, 60
Trd, 4319220.593, 62
Trd, 4319221.393, 66
Trd, 4319221.493, 64
Trd, 4319222.893, 60
Trd, 4319222.993, 60
Trd, 4319224.993, 60
Trd, 4319225.343, 60
Trd, 4319225.543, 60
Trd, 4319225.943, 61
Trd, 4319226.093, 63
Trd, 4319226.443, 60
Trd, 4319226.643, 62
Trd, 4319226.943, 60
Trd, 4319230.643, 60
Trd, 4319230.943, 60
Trd, 4319231.493, 62
Trd, 4319231.743, 63
Trd, 4319231.793, 61
Trd, 4319232.143, 60
Trd, 4319232.293, 65
Trd, 4319232.743, 73
Trd, 4319233.293, 62
Trd, 4319235.593, 61
Trd, 4319237.193, 60
Trd, 4319238.993, 60
Trd, 4319240.243, 61
Trd, 4319240.543, 62
Trd, 4319240.943, 61
Trd, 4319241.143, 63
Trd, 4319241.743, 61
Trd, 4319242.393, 70
Trd, 4319242.893, 63
Trd, 4319243.143, 135
Trd, 4319244.393, 60
Trd, 4319245.043, 60
Trd, 4319246.343, 62
Trd, 4319246.543, 61
Trd, 4319246.643, 62
Trd, 4319247.143, 61
Trd, 4319247.843, 78
Trd, 4319250.093, 60
Trd, 4319250.143, 62
Trd, 4319250.293, 63
Trd, 4319250.793, 62
Trd, 4319250.943, 62
Trd, 4319251.893, 63
Trd, 4319252.443, 60
Trd, 4319253.443, 63
Trd, 4319254.343, 106
Trd, 4319254.393, 94
Trd, 4319254.593, 92
Trd, 4319255.093, 81
Trd, 4319255.643, 80
Trd, 4319256.043, 64
Trd, 4319256.093, 105
Trd, 4319256.443, 65
Trd, 4319256.693, 63
Trd, 4319257.543, 62
Trd, 4319259.293, 67
Trd, 4319259.543, 81
Trd, 4319259.643, 82
Trd, 4319259.743, 84
Trd, 4319261.543, 60
Trd, 4319261.643, 60
Trd, 4319262.093, 62
Trd, 4319262.193, 65
Trd, 4319262.743, 77
Trd, 4319263.043, 62
Trd, 4319263.693, 105
Trd, 4319267.043, 60
Trd, 4319267.443, 61
Trd, 4319269.143, 63
Trd, 4319269.343, 64
Trd, 4319269.443, 62
Trd, 4319269.643, 61
Trd, 4319270.143, 67
Trd, 4319270.243, 79
Trd, 4319270.943, 140
Trd, 4319271.193, 123
Trd, 4319272.243, 61
Trd, 4319272.643, 72
Trd, 4319273.743, 140
Trd, 4319274.143, 140
Trd, 4319274.493, 66
Trd, 4319274.593, 65
Trd, 4319276.843, 61
Trd, 4319277.343, 89
Trd, 4319278.243, 76
Trd, 4319278.943, 139
Trd, 4319279.493, 138
Trd, 4319279.793, 109
Trd, 4319280.043, 62
Trd, 4319280.893, 60
Trd, 4319281.543, 65
Trd, 4319281.993, 62
Trd, 4319283.343, 61
Trd, 4319284.143, 60
Trd, 4319285.093, 60
Trd, 4319285.943, 62
Trd, 4319285.993, 63
Trd, 4319286.643, 61
Trd, 4319287.543, 60
Trd, 4319288.693, 60
Trd, 4319290.443, 61
Trd, 4319291.143, 62
Trd, 4319291.243, 62
Trd, 4319291.393, 63
Trd, 4319291.843, 64
Trd, 4319292.443, 61
Trd, 4319293.493, 61
Trd, 4319293.643, 60
Trd, 4319294.043, 60
Trd, 4319294.243, 60
Trd, 4319297.243, 60
Trd, 4319297.293, 61
Trd, 4319297.393, 62
Trd, 4319297.693, 61
Trd, 4319298.743, 60
Trd, 4319300.193, 61
Trd, 4319300.293, 72
Trd, 4319302.293, 60
Trd, 4319303.243, 60
Trd, 4319303.493, 61
Trd, 4319303.643, 67
Trd, 4319304.243, 62
Trd, 4319304.743, 61
Trd, 4319304.793, 62
Trd, 4319305.943, 60
Trd, 4319306.193, 61
Trd, 4319306.943, 61
Trd, 4319307.993, 60
Trd, 4319308.543, 60
Trd, 4319308.893, 61
Trd, 4319309.243, 76
Trd, 4319310.643, 61
Trd, 4319311.143, 60
Trd, 4319311.593, 64
Trd, 4319312.093, 66
Trd, 4319312.743, 63
Trd, 4319313.443, 69
Trd, 4319315.293, 61
Trd, 4319316.043, 61
Trd, 4319316.343, 63
Trd, 4319316.893, 62
Trd, 4319317.243, 68
Trd, 4319317.543, 68
Trd, 4319318.093, 68
Trd, 4319318.643, 64
Trd, 4319318.843, 65
Trd, 4319319.443, 69
Trd, 4319319.893, 67
Trd, 4319321.493, 91
Trd, 4319321.743, 89
Trd, 4319321.993, 69
Trd, 4319322.143, 73
Trd, 4319322.593, 62
Trd, 4319322.693, 65
Trd, 4319324.243, 62
Trd, 4319324.443, 63
Trd, 4319324.943, 65
Trd, 4319325.043, 140
Trd, 4319326.493, 60
Trd, 4319326.893, 60
Trd, 4319326.993, 61
Trd, 4319327.293, 61
Trd, 4319327.593, 77
Trd, 4319327.793, 62
Trd, 4319329.593, 128
Trd, 4319329.793, 60
Trd, 4319331.193, 61
Trd, 4319331.643, 60
Trd, 4319331.993, 62
Trd, 4319332.843, 62
Trd, 4319333.243, 60
Trd, 4319333.793, 61
Trd, 4319333.943, 62
Trd, 4319335.143, 60
Trd, 4319335.593, 67
Trd, 4319335.743, 78
Trd, 4319336.093, 61
Trd, 4319337.893, 60
Trd, 4319340.043, 60
Trd, 4319340.943, 61
Trd, 4319341.293, 61
Trd, 4319341.643, 62
Trd, 4319342.943, 60
Trd, 4319343.193, 61
Trd, 4319343.243, 62
Trd, 4319343.393, 61
Trd, 4319343.843, 64
Trd, 4319344.443, 60
Trd, 4319345.093, 61
Trd, 4319345.143, 62
Trd, 4319345.743, 61
Trd, 4319347.193, 62
Trd, 4319348.643, 60
Trd, 4319349.293, 60
Trd, 4319350.743, 60
Trd, 4319352.643, 61
Trd, 4319352.993, 61
Trd, 4319353.043, 61
Trd, 4319353.893, 60
Trd, 4319354.043, 61
Trd, 4319354.343, 61
Trd, 4319355.543, 60
Trd, 4319355.643, 64
Trd, 4319355.793, 61
Trd, 4319357.093, 62
Trd, 4319357.593, 60
Trd, 4319357.943, 63
Trd, 4319359.293, 60
Trd, 4319359.343, 61
Trd, 4319360.293, 61
Trd, 4319360.543, 62
Trd, 4319360.843, 61
Trd, 4319361.193, 67
Trd, 4319361.993, 60
Trd, 4319362.643, 60
Trd, 4319364.493, 60
Trd, 4319364.943, 62
Trd, 4319365.693, 61
Trd, 4319366.243, 65
Trd, 4319366.643, 69
Trd, 4319367.093, 64
Trd, 4319367.443, 140
Trd, 4319367.693, 140
Trd, 4319368.093, 140
Trd, 4319368.643, 61
Trd, 4319368.843, 60
Trd, 4319370.843, 61
Trd, 4319371.243, 62
Trd, 4319372.093, 60
Trd, 4319373.143, 60
Trd, 4319373.693, 65
Trd, 4319374.193, 66
Trd, 4319374.793, 61
Trd, 4319376.593, 63
Trd, 4319377.043, 60
Trd, 4319377.343, 66
Trd, 4319378.043, 66
Trd, 4319378.143, 64
Trd, 4319378.393, 64
Trd, 4319378.593, 60
Trd, 4319379.243, 60
Trd, 4319379.643, 63
Trd, 4319380.343, 64
Trd, 4319382.343, 60
Trd, 4319383.543, 60
Trd, 4319384.443, 60
Trd, 4319385.593, 60
Trd, 4319385.993, 60
Trd, 4319386.593, 63
Trd, 4319388.193, 60
Trd, 4319388.543, 60
Trd, 4319389.143, 60
Trd, 4319389.243, 60
Trd, 4319390.793, 60
Trd, 4319392.043, 60
Trd, 4319393.443, 60
Trd, 4319393.543, 60
Trd, 4319394.093, 63
Trd, 4319394.343, 60
Trd, 4319394.793, 61
Trd, 4319395.193, 61
Trd, 4319395.843, 61
Trd, 4319396.143, 64
Trd, 4319396.443, 63
Trd, 4319397.143, 62
Trd, 4319397.793, 67
Trd, 4319398.143, 60
Trd, 4319399.143, 65
Trd, 4319399.643, 62
Trd, 4319399.993, 61
Trd, 4319401.443, 63
Trd, 4319401.743, 65
Trd, 4319402.243, 63
Trd, 4319403.493, 60
Trd, 4319403.793, 60
Trd, 4319404.293, 60
Trd, 4319405.393, 60
Trd, 4319406.543, 63
Trd, 4319407.193, 64
Trd, 4319407.243, 63
Trd, 4319408.893, 60
Trd, 4319409.143, 60
Trd, 4319409.293, 60
Trd, 4319409.843, 60
Trd, 4319410.243, 60
Trd, 4319411.293, 60
Trd, 4319411.343, 61
Trd, 4319412.143, 61
Trd, 4319412.193, 60
Trd, 4319412.693, 62
Trd, 4319413.793, 61
Trd, 4319413.993, 61
Trd, 4319414.243, 63
Trd, 4319416.093, 60
Trd, 4319417.993, 60
Trd, 4319418.093, 60
Trd, 4319418.243, 63
Trd, 4319418.693, 60
Trd, 4319419.543, 64
Trd, 4319420.093, 60
Trd, 4319420.543, 60
Trd, 4319421.443, 60
Trd, 4319421.843, 60
Trd, 4319422.693, 60
Trd, 4319423.943, 61
Trd, 4319424.043, 62
Trd, 4319424.193, 63
Trd, 4319424.743, 60
Trd, 4319425.243, 62
Trd, 4319425.743, 64
Trd, 4319427.893, 60
Trd, 4319429.793, 60
Trd, 4319430.743, 63
Trd, 4319431.043, 66
Trd, 4319431.243, 63
Trd, 4319431.343, 61
Trd, 4319432.343, 61
Trd, 4319433.043, 60
Trd, 4319433.693, 60
Trd, 4319434.343, 65
Trd, 4319435.393, 61
Trd, 4319435.543, 62
Trd, 4319435.643, 65
Trd, 4319436.243, 67
Trd, 4319436.543, 60
Trd, 4319437.443, 82
Trd, 4319438.593, 80
Trd, 4319439.393, 62
Trd, 4319440.293, 62
Trd, 4319441.243, 61
Trd, 4319441.393, 62
Trd, 4319442.093, 60
Trd, 4319442.193, 63
Trd, 4319443.293, 61
Trd, 4319443.593, 63
Trd, 4319445.293, 62
Trd, 4319445.443, 63
Trd, 4319446.193, 62
Trd, 4319446.293, 62
Trd, 4319446.443, 61
Trd, 4319448.393, 60
Trd, 4319449.793, 61
Trd, 4319450.243, 62
Trd, 4319450.443, 61
Trd, 4319450.493, 63
Trd, 4319450.743, 85
Trd, 4319451.193, 68
Trd, 4319451.493, 63
Trd, 4319453.743, 60
Trd, 4319454.693, 62
Trd, 4319455.093, 62
Trd, 4319455.593, 60
Trd, 4319455.843, 64
Trd, 4319456.393, 60
Trd, 4319457.243, 61
Trd, 4319457.793, 94
Trd, 4319457.843, 105
Trd, 4319458.093, 92
Trd, 4319458.143, 91
Trd, 4319458.743, 71
Trd, 4319459.393, 70
Trd, 4319460.493, 60
Trd, 4319461.143, 61
Trd, 4319461.793, 122
Trd, 4319462.493, 66
Trd, 4319463.593, 96
Trd, 4319463.993, 65
Trd, 4319464.993, 64
Trd, 4319465.543, 60
Trd, 4319467.793, 61
Trd, 4319468.093, 61
Trd, 4319469.343, 60
Trd, 4319469.743, 61
Trd, 4319470.193, 60
Trd, 4319470.293, 60
Trd, 4319470.543, 61
Trd, 4319470.843, 64
Trd, 4319472.043, 63
Trd, 4319472.293, 63
Trd, 4319473.593, 60
Trd, 4319473.943, 62
Trd, 4319474.293, 63
Trd, 4319475.093, 63
Trd, 4319475.843, 83
Trd, 4319476.543, 140
Trd, 4319477.293, 123
Trd, 4319477.793, 123
Trd, 4319478.943, 131
Trd, 4319479.393, 130
Trd, 4319480.743, 140
Trd, 4319480.993, 110
Trd, 4319481.243, 109
Trd, 4319482.543, 62
Trd, 4319482.743, 63
Trd, 4319483.593, 60
Trd, 4319484.893, 60
Trd, 4319485.093, 60
Trd, 4319485.993, 60
Trd, 4319486.293, 61
Trd, 4319486.543, 61
Trd, 4319486.793, 61
Trd, 4319486.843, 68
Trd, 4319488.493, 60
Trd, 4319489.043, 62
Trd, 4319489.543, 67
Trd, 4319490.043, 60
Trd, 4319490.493, 65
Trd, 4319490.943, 63
Trd, 4319491.443, 62
Trd, 4319491.743, 63
Trd, 4319492.193, 61
Trd, 4319493.243, 61
Trd, 4319494.843, 61
Trd, 4319494.893, 64
Trd, 4319496.143, 61
Trd, 4319496.193, 61
Trd, 4319496.543, 62
Trd, 4319496.593, 70
Trd, 4319497.843, 123
Trd, 4319498.943, 60
Trd, 4319499.493, 63
Trd, 4319499.993, 68
Trd, 4319500.393, 62
Trd, 4319500.443, 61
Trd, 4319501.543, 63
Trd, 4319501.643, 65
Trd, 4319501.693, 74
Trd, 4319503.293, 60
Trd, 4319503.693, 60
Trd, 4319504.743, 60
Trd, 4319505.193, 60
Trd, 4319505.993, 60
Trd, 4319507.143, 62
Trd, 4319507.793, 63
Trd, 4319508.243, 62
Trd, 4319508.343, 62
Trd, 4319509.343, 62
Trd, 4319510.243, 63
Trd, 4319510.843, 61
Trd, 4319511.043, 64
Trd, 4319511.743, 60
Trd, 4319512.593, 66
Trd, 4319513.743, 62
Trd, 4319513.793, 63
Trd, 4319514.443, 63
Trd, 4319514.543, 65
Trd, 4319515.043, 61
Trd, 4319515.593, 63
Trd, 4319515.843, 67
Trd, 4319516.193, 136
Trd, 4319517.493, 85
Trd, 4319518.393, 60
Trd, 4319518.993, 60
Trd, 4319519.293, 66
Trd, 4319521.293, 62
Trd, 4319521.693, 63
Trd, 4319522.693, 60
Trd, 4319523.343, 63
Trd, 4319523.993, 63
Trd, 4319524.393, 63
Trd, 4319525.643, 62
Trd, 4319526.393, 60
Trd, 4319526.443, 61
Trd, 4319527.743, 60
Trd, 4319528.093, 60
Trd, 4319529.093, 61
Trd, 4319529.143, 62
Trd, 4319529.943, 62
Trd, 4319530.043, 62
Trd, 4319530.343, 63
Trd, 4319531.243, 60
Trd, 4319531.593, 80
Trd, 4319531.943, 132
Trd, 4319532.693, 60
Trd, 4319532.893, 63
Trd, 4319533.793, 63
Trd, 4319535.593, 65
Trd, 4319535.643, 68
Trd, 4319535.843, 64
Trd, 4319536.343, 60
Trd, 4319537.543, 60
Trd, 4319537.743, 60
Trd, 4319539.793, 60
Trd, 4319539.943, 60
Trd, 4319540.393, 60
Trd, 4319540.643, 62
Trd, 4319540.943, 77
Trd, 4319541.843, 106
Trd, 4319542.643, 72
Trd, 4319543.843, 65
Trd, 4319543.893, 102
Trd, 4319544.493, 68
Trd, 4319544.543, 65
Trd, 4319546.293, 60
Trd, 4319546.393, 62
Trd, 4319546.843, 61
Trd, 4319547.143, 62
Trd, 4319547.893, 62
Trd, 4319549.793, 64
Trd, 4319551.043, 60
Trd, 4319551.243, 60
Trd, 4319552.343, 60
Trd, 4319552.643, 62
Trd, 4319553.143, 61
Trd, 4319553.393, 64
Trd, 4319554.143, 60
Trd, 4319554.343, 60
Trd, 4319554.643, 65
Trd, 4319554.893, 68
Trd, 4319555.293, 74
Trd, 4319555.343, 63
Trd, 4319556.943, 61
Trd, 4319557.543, 62
Trd, 4319558.843, 60
Trd, 4319559.493, 60
Trd, 4319560.243, 62
Trd, 4319561.143, 60
Trd, 4319561.643, 60
Trd, 4319561.893, 63
Trd, 4319562.243, 62
Trd, 4319562.643, 61
Trd, 4319563.393, 62
Trd, 4319563.993, 60
Trd, 4319565.143, 60
Trd, 4319566.193, 62
Trd, 4319566.993, 61
Trd, 4319567.093, 63
Trd, 4319568.193, 64
Trd, 4319568.393, 67
Trd, 4319568.993, 76
Trd, 4319569.543, 72
Trd, 4319570.443, 60
Trd, 4319572.293, 60
Trd, 4319573.293, 60
Trd, 4319573.393, 60
Trd, 4319573.593, 61
Trd, 4319574.243, 60
Trd, 4319575.393, 63
Trd, 4319575.993, 64
Trd, 4319576.393, 61
Trd, 4319576.493, 60
Trd, 4319578.393, 60
Trd, 4319580.293, 60
Trd, 4319580.443, 61
Trd, 4319580.743, 62
Trd, 4319581.093, 60
Trd, 4319581.493, 63
Trd, 4319581.543, 64
Trd, 4319581.643, 65
Trd, 4319582.093, 62
Trd, 4319582.543, 139
Trd, 4319583.993, 60
Trd, 4319585.043, 65
Trd, 4319585.393, 67
Trd, 4319585.743, 60
Trd, 4319586.843, 60
Trd, 4319587.793, 61
Trd, 4319588.043, 61
Trd, 4319588.143, 62
Trd, 4319588.293, 73
Trd, 4319588.593, 75
Trd, 4319589.693, 62
Trd, 4319589.793, 67
Trd, 4319590.443, 66
Trd, 4319592.243, 60
Trd, 4319592.493, 69
Trd, 4319592.993, 71
Trd, 4319595.443, 64
Trd, 4319595.993, 63
Trd, 4319596.443, 69
Trd, 4319596.743, 62
Trd, 4319597.193, 67
Trd, 4319598.343, 61
Trd, 4319598.693, 61
Trd, 4319598.743, 61
Trd, 4319599.693, 100
Trd, 4319600.343, 109
Trd, 4319600.543, 132
Trd, 4319601.193, 79
Trd, 4319601.443, 75
Trd, 4319601.943, 137
Trd, 4319602.943, 61
Trd, 4319603.143, 69
Trd, 4319603.593, 60
Trd, 4319604.593, 62
Trd, 4319605.043, 77
Trd, 4319605.993, 93
Trd, 4319606.843, 91
Trd, 4319607.043, 75
Trd, 4319608.493, 140
Trd, 4319608.843, 140
Trd, 4319609.193, 140
Trd, 4319609.893, 140
Trd, 4319610.643, 60
Trd, 4319611.143, 60
Trd, 4319611.743, 62
Trd, 4319613.443, 62
Trd, 4319614.243, 61
Trd, 4319614.993, 62
Trd, 4319615.443, 61
Trd, 4319616.393, 62
Trd, 4319616.543, 61
Trd, 4319616.743, 62
Trd, 4319618.243, 60
Trd, 4319618.993, 63
Trd, 4319619.043, 65
Trd, 4319619.143, 60
Trd, 4319619.643, 61
Trd, 4319620.043, 67
Trd, 4319621.193, 140
Trd, 4319621.593, 64
Trd, 4319622.843, 60
Trd, 4319623.443, 60
Trd, 4319623.843, 61
Trd, 4319626.943, 61
Trd, 4319627.243, 65
Trd, 4319627.343, 66
Trd, 4319627.543, 71
Trd, 4319628.243, 64
Trd, 4319628.293, 63
Trd, 4319628.943, 79
Trd, 4319629.043, 71
Trd, 4319630.593, 89
Trd, 4319630.943, 68
Trd, 4319630.993, 67
Trd, 4319631.143, 92
Trd, 4319633.143, 61
Trd, 4319633.843, 62
Trd, 4319634.443, 61
Trd, 4319636.693, 60
Trd, 4319636.943, 67
Trd, 4319637.843, 61
Trd, 4319637.993, 62
Trd, 4319638.593, 61
Trd, 4319638.743, 65
Trd, 4319639.643, 140
Trd, 4319639.743, 140
Trd, 4319640.243, 140
Trd, 4319640.493, 123
Trd, 4319641.693, 124
Trd, 4319641.943, 123
Trd, 4319642.243, 140
Trd, 4319642.293, 110
Trd, 4319644.093, 121
Trd, 4319644.343, 125
Trd, 4319645.643, 102
Trd, 4319645.843, 101
Trd, 4319646.393, 101
Trd, 4319646.893, 91
Trd, 4319647.043, 95
Trd, 4319647.893, 91
Trd, 4319649.443, 140
Trd, 4319650.043, 123
Trd, 4319650.793, 63
Trd, 4319651.943, 60
Trd, 4319653.193, 60
Trd, 4319653.693, 61
Trd, 4319653.743, 62
Trd, 4319654.093, 60
Trd, 4319654.593, 62
Trd, 4319654.643, 79
Trd, 4319654.893, 93
Trd, 4319655.693, 60
Trd, 4319656.443, 61
Trd, 4319657.843, 61
Trd, 4319657.893, 64
Trd, 4319658.443, 63
Trd, 4319658.893, 64
Trd, 4319659.843, 138
Trd, 4319660.393, 61
Trd, 4319661.243, 60
Trd, 4319662.643, 60
Trd, 4319662.693, 60
Trd, 4319662.993, 60
Trd, 4319663.093, 60
Trd, 4319663.293, 113
Trd, 4319664.543, 140
Trd, 4319664.943, 105
Trd, 4319665.593, 62
Trd, 4319666.193, 60
Trd, 4319666.493, 60
Trd, 4319666.993, 62
Trd, 4319668.043, 118
Trd, 4319668.193, 117
Trd, 4319668.343, 107
Trd, 4319669.493, 109
Trd, 4319670.443, 127
Trd, 4319671.293, 89
Trd, 4319671.893, 140
Trd, 4319672.193, 140
Trd, 4319672.893, 140
Trd, 4319673.943, 140
Trd, 4319674.593, 132
Trd, 4319675.093, 61
Trd, 4319675.893, 64
Trd, 4319676.143, 72
Trd, 4319676.593, 63
Trd, 4319676.743, 69
Trd, 4319676.893, 62
Trd, 4319679.143, 60
Trd, 4319679.243, 63
Trd, 4319679.943, 60
Trd, 4319681.143, 63
Trd, 4319682.743, 62
Trd, 4319682.893, 60
Trd, 4319683.643, 60
Trd, 4319683.843, 61
Trd, 4319686.443, 60
Trd, 4319686.893, 60
Trd, 4319686.943, 60
Trd, 4319687.493, 63
Trd, 4319687.893, 60
Trd, 4319687.993, 67
Trd, 4319688.593, 67
Trd, 4319689.143, 140
Trd, 4319689.543, 90
Trd, 4319690.093, 140
Trd, 4319690.293, 140
Trd, 4319690.643, 140
Trd, 4319691.443, 140
Trd, 4319691.943, 140
Trd, 4319692.443, 108
Trd, 4319693.643, 82
Trd, 4319693.793, 74
Trd, 4319694.693, 107
Trd, 4319695.493, 60
Trd, 4319696.493, 60
Trd, 4319696.743, 61
Trd, 4319697.843, 62
Trd, 4319699.493, 61
Trd, 4319699.643, 62
Trd, 4319700.443, 61
Trd, 4319700.643, 61
Trd, 4319700.793, 64
Trd, 4319701.343, 61
Trd, 4319702.543, 61
Trd, 4319703.143, 60
Trd, 4319703.793, 62
Trd, 4319704.193, 62
Trd, 4319704.693, 61
Trd, 4319705.043, 62
Trd, 4319705.243, 66
Trd, 4319705.593, 70
Trd, 4319706.643, 62
Trd, 4319707.393, 60
Trd, 4319707.793, 60
Trd, 4319708.943, 60
Trd, 4319709.243, 61
Trd, 4319709.393, 64
Trd, 4319710.893, 62
Trd, 4319711.193, 65
Trd, 4319711.493, 62
Trd, 4319711.593, 61
Trd, 4319711.693, 140
Trd, 4319712.443, 67
Trd, 4319713.393, 116
Trd, 4319713.693, 80
Trd, 4319714.043, 139
Trd, 4319714.893, 111
Trd, 4319715.293, 99
Trd, 4319715.593, 98
Trd, 4319716.043, 91
Trd, 4319717.243, 140
Trd, 4319717.593, 88
Trd, 4319717.743, 89
Trd, 4319719.193, 63
Trd, 4319719.693, 60
Trd, 4319719.943, 67
Trd, 4319721.143, 72
Trd, 4319721.443, 64
Trd, 4319721.643, 69
Trd, 4319722.143, 134
Trd, 4319722.593, 95
Trd, 4319723.143, 89
Trd, 4319724.043, 140
Trd, 4319724.843, 110
Trd, 4319725.293, 113
Trd, 4319725.893, 60
Trd, 4319726.093, 61
Trd, 4319727.193, 63
Trd, 4319727.543, 61
Trd, 4319727.993, 64
Trd, 4319728.193, 65
Trd, 4319728.893, 117
Trd, 4319729.043, 116
Trd, 4319730.243, 99
Trd, 4319731.943, 60
Trd, 4319732.093, 61
Trd, 4319732.243, 63
Trd, 4319733.293, 61
Trd, 4319733.843, 66
Trd, 4319733.993, 101
Trd, 4319734.293, 91
Trd, 4319734.843, 66
Trd, 4319735.543, 61
Trd, 4319735.593, 62
Trd, 4319736.893, 140
Trd, 4319737.193, 139
Trd, 4319737.343, 123
Trd, 4319738.343, 108
Trd, 4319739.093, 64
Trd, 4319739.693, 69
Trd, 4319740.693, 60
Trd, 4319742.893, 61
Trd, 4319743.843, 61
Trd, 4319745.543, 60
Trd, 4319745.943, 62
Trd, 4319746.143, 60
Trd, 4319747.393, 60
Trd, 4319747.543, 60
Trd, 4319748.543, 61
Trd, 4319748.743, 61
Trd, 4319749.243, 60
Trd, 4319749.593, 61
Trd, 4319750.443, 67
Trd, 4319750.893, 69
Trd, 4319751.243, 63
Trd, 4319751.843, 66
Trd, 4319752.743, 63
Trd, 4319753.193, 63
Trd, 4319753.593, 60
Trd, 4319754.193, 62
Trd, 4319754.293, 82
Trd, 4319755.243, 66
Trd, 4319755.543, 140
Trd, 4319755.793, 138
Trd, 4319756.293, 62
Trd, 4319757.643, 64
Trd, 4319757.943, 60
Trd, 4319758.793, 67
Trd, 4319759.093, 60
Trd, 4319759.343, 62
Trd, 4319760.393, 66
Trd, 4319760.943, 66
Trd, 4319761.993, 67
Trd, 4319762.793, 60
Trd, 4319763.243, 66
Trd, 4319763.893, 63
Trd, 4319765.143, 60
Trd, 4319765.493, 60
Trd, 4319766.493, 63
Trd, 4319766.943, 63
Trd, 4319767.343, 62
Trd, 4319768.393, 69
Trd, 4319769.693, 60
Trd, 4319770.793, 60
Trd, 4319770.943, 62
Trd, 4319771.943, 60
Trd, 4319772.193, 60
Trd, 4319773.393, 61
Trd, 4319773.493, 60
Trd, 4319774.393, 61
Trd, 4319775.043, 60
Trd, 4319777.643, 60
Trd, 4319778.443, 60
Trd, 4319778.693, 62
Trd, 4319781.093, 60
Trd, 4319781.143, 60
Trd, 4319781.393, 60
Trd, 4319782.293, 61
Trd, 4319782.343, 62
Trd, 4319782.643, 62
Trd, 4319782.793, 62
Trd, 4319783.043, 62
Trd, 4319783.143, 63
Trd, 4319783.243, 65
Trd, 4319784.243, 64
Trd, 4319785.293, 66
Trd, 4319786.943, 62
Trd, 4319787.293, 61
Trd, 4319788.093, 61
Trd, 4319789.543, 60
Trd, 4319790.793, 61
Trd, 4319791.443, 63
Trd, 4319791.743, 60
Trd, 4319792.543, 62
Trd, 4319793.093, 60
Trd, 4319793.293, 65
Trd, 4319793.643, 63
Trd, 4319794.093, 63
Trd, 4319795.443, 62
Trd, 4319795.743, 60
Trd, 4319796.343, 102
Trd, 4319796.643, 121
Trd, 4319797.143, 65
Trd, 4319797.643, 111
Trd, 4319797.793, 110
Trd, 4319798.093, 60
Trd, 4319799.193, 60
Trd, 4319800.693, 60
Trd, 4319802.093, 60
Trd, 4319802.193, 60
Trd, 4319802.993, 60
Trd, 4319803.143, 63
Trd, 4319804.493, 62
Trd, 4319805.093, 61
Trd, 4319805.493, 63
Trd, 4319805.543, 63
Trd, 4319806.293, 64
Trd, 4319807.543, 62
Trd, 4319807.993, 64
Trd, 4319808.543, 64
Trd, 4319808.743, 61
Trd, 4319810.143, 60
Trd, 4319810.793, 61
Trd, 4319811.443, 62
Trd, 4319811.543, 63
Trd, 4319812.293, 64
Trd, 4319813.343, 60
Trd, 4319813.593, 60
Trd, 4319814.043, 60
Trd, 4319814.443, 67
Trd, 4319815.093, 80
Trd, 4319815.443, 73
Trd, 4319815.993, 61
Trd, 4319817.143, 62
Trd, 4319818.393, 63
Trd, 4319820.543, 60
Trd, 4319820.593, 61
Trd, 4319820.993, 60
Trd, 4319821.443, 69
Trd, 4319821.493, 65
Trd, 4319821.643, 63
Trd, 4319822.393, 140
Trd, 4319823.843, 61
Trd, 4319823.993, 63
Trd, 4319825.043, 60
Trd, 4319825.393, 64
Trd, 4319827.243, 60
Trd, 4319827.443, 60
Trd, 4319827.743, 62
Trd, 4319828.143, 66
Trd, 4319828.693, 62
Trd, 4319829.043, 64
Trd, 4319829.393, 74
Trd, 4319829.493, 63
Trd, 4319829.843, 84
Trd, 4319830.693, 90
Trd, 4319831.343, 138
Trd, 4319831.543, 70
Trd, 4319833.943, 60
Trd, 4319835.293, 60
Trd, 4319835.443, 60
Trd, 4319836.893, 60
Trd, 4319836.943, 63
Trd, 4319837.293, 60
Trd, 4319837.793, 66
Trd, 4319838.393, 68
Trd, 4319838.693, 66
Trd, 4319839.093, 61
Trd, 4319839.143, 60
Trd, 4319840.443, 71
Trd, 4319840.543, 69
Trd, 4319841.043, 97
Trd, 4319841.893, 117
Trd, 4319842.093, 140
Trd, 4319842.893, 62
Trd, 4319843.293, 75
Trd, 4319843.443, 88
Trd, 4319844.893, 117
Trd, 4319845.293, 99
Trd, 4319845.543, 98
Trd, 4319846.393, 140
Trd, 4319846.743, 95
Trd, 4319847.043, 95
Trd, 4319848.293, 107
Trd, 4319848.643, 76
Trd, 4319850.393, 140
Trd, 4319851.093, 140
Trd, 4319851.143, 140
Trd, 4319851.643, 139
Trd, 4319851.793, 110
Trd, 4319852.543, 104
Trd, 4319853.943, 117
Trd, 4319854.943, 61
Trd, 4319855.243, 64
Trd, 4319855.743, 65
Trd, 4319855.893, 68
Trd, 4319856.493, 117
Trd, 4319857.143, 69
Trd, 4319857.743, 70
Trd, 4319858.193, 139
Trd, 4319858.943, 124
Trd, 4319859.043, 110
Trd, 4319859.743, 60
Trd, 4319860.393, 63
Trd, 4319861.193, 61
Trd, 4319863.443, 61
Trd, 4319864.443, 60
Trd, 4319864.643, 65
Trd, 4319865.593, 64
Trd, 4319865.643, 62
Trd, 4319866.143, 62
Trd, 4319867.193, 60
Trd, 4319867.743, 60
Trd, 4319867.943, 61
Trd, 4319869.443, 61
Trd, 4319869.543, 70
Trd, 4319870.993, 62
Trd, 4319871.443, 60
Trd, 4319872.293, 63
Trd, 4319872.393, 67
Trd, 4319872.843, 62
Trd, 4319872.943, 90
Trd, 4319873.943, 123
Trd, 4319874.043, 122
Trd, 4319875.143, 119
Trd, 4319875.393, 76
Trd, 4319875.493, 123
Trd, 4319875.543, 124
Trd, 4319876.993, 91
Trd, 4319877.443, 91
Trd, 4319877.543, 90
Trd, 4319878.593, 140
Trd, 4319878.893, 140
Trd, 4319879.193, 69
Trd, 4319880.393, 60
Trd, 4319880.643, 62
Trd, 4319881.143, 62
Trd, 4319882.643, 60
Trd, 4319882.743, 60
Trd, 4319884.643, 60
Trd, 4319884.693, 60
Trd, 4319884.793, 60
Trd, 4319884.893, 63
Trd, 4319886.493, 61
Trd, 4319887.793, 60
Trd, 4319888.243, 60
Trd, 4319888.343, 61
Trd, 4319888.943, 62
Trd, 4319889.343, 62
Trd, 4319889.443, 61
Trd, 4319890.693, 61
Trd, 4319890.743, 63
Trd, 4319891.743, 70
Trd, 4319892.493, 60
Trd, 4319892.893, 60
Trd, 4319894.043, 60
Trd, 4319894.093, 60
Trd, 4319894.493, 60
Trd, 4319895.343, 61
Trd, 4319895.593, 69
Trd, 4319895.843, 64
Trd, 4319896.543, 62
Trd, 4319896.643, 135
Trd, 4319896.943, 61
Trd, 4319898.893, 140
Trd, 4319899.193, 139
Trd, 4319899.793, 130
Trd, 4319900.443, 121
Trd, 4319900.593, 140
Trd, 4319901.443, 121
Trd, 4319901.593, 120
Trd, 4319902.743, 93
Trd, 4319903.893, 140
Trd, 4319904.393, 123
Trd, 4319905.643, 76
Trd, 4319906.543, 68
Trd, 4319906.893, 72
Trd, 4319907.093, 77
Trd, 4319907.643, 74
Trd, 4319907.743, 71
Trd, 4319908.643, 66
Trd, 4319908.893, 67
Trd, 4319909.093, 76
Trd, 4319909.743, 60
Trd, 4319911.243, 60
Trd, 4319912.293, 60
Trd, 4319912.343, 62
Trd, 4319912.443, 62
Trd, 4319912.993, 65
Trd, 4319913.893, 61
Trd, 4319915.043, 69
Trd, 4319915.393, 70
Trd, 4319915.543, 69
Trd, 4319916.443, 61
Trd, 4319917.543, 63
Trd, 4319917.793, 62
Trd, 4319918.793, 63
Trd, 4319919.793, 62
Trd, 4319920.043, 62
Trd, 4319920.593, 62
Trd, 4319921.493, 60
Trd, 4319921.743, 64
Trd, 4319923.043, 62
Trd, 4319923.093, 61
Trd, 4319923.193, 68
Trd, 4319923.543, 61
Trd, 4319924.593, 61
Trd, 4319925.593, 67
Trd, 4319925.793, 68
Trd, 4319925.993, 79
Trd, 4319927.193, 61
Trd, 4319928.993, 61
Trd, 4319929.143, 63
Trd, 4319929.743, 65
Trd, 4319930.043, 60
Trd, 4319930.343, 63
Trd, 4319930.843, 60
Trd, 4319933.543, 60
Trd, 4319933.693, 60
Trd, 4319933.943, 61
Trd, 4319934.543, 64
Trd, 4319934.893, 63
Trd, 4319934.943, 61
Trd, 4319936.393, 60
Trd, 4319936.893, 62
Trd, 4319939.243, 60
Trd, 4319939.943, 61
Trd, 4319940.043, 64
Trd, 4319940.793, 64
Trd, 4319940.993, 65
Trd, 4319941.443, 63
Trd, 4319942.343, 139
Trd, 4319943.393, 62
Trd, 4319943.493, 67
Trd, 4319944.943, 67
Trd, 4319946.043, 60
Trd, 4319946.393, 60
Trd, 4319947.293, 60
Trd, 4319947.993, 63
Trd, 4319948.243, 64
Trd, 4319948.743, 60
Trd, 4319949.693, 60
Trd, 4319949.743, 60
Trd, 4319950.743, 62
Trd, 4319951.793, 60
Trd, 4319952.493, 63
Trd, 4319952.893, 67
Trd, 4319953.243, 77
Trd, 4319953.843, 73
Trd, 4319954.043, 73
Trd, 4319954.393, 60
Trd, 4319954.693, 71
Trd, 4319955.593, 67
Trd, 4319955.943, 93
Trd, 4319956.393, 67
Trd, 4319957.743, 62
Trd, 4319958.543, 65
Trd, 4319959.243, 64
Trd, 4319959.493, 60
Trd, 4319961.043, 64
Trd, 4319961.293, 74
Trd, 4319961.943, 64
Trd, 4319962.843, 62
Trd, 4319963.093, 63
Trd, 4319963.393, 63
Trd, 4319963.493, 61
Trd, 4319964.343, 67
Trd, 4319966.093, 61
Trd, 4319966.693, 62
Trd, 4319967.243, 61
Trd, 4319967.943, 61
Trd, 4319968.893, 94
Trd, 4319969.443, 61
Trd, 4319969.993, 64
Trd, 4319970.143, 64
Trd, 4319970.393, 64
Trd, 4319970.993, 61
Trd, 4319971.143, 63
Trd, 4319971.893, 72
Trd, 4319973.193, 60
Trd, 4319973.743, 61
Trd, 4319973.893, 72
Trd, 4319974.593, 62
Trd, 4319974.993, 63
Trd, 4319975.893, 64
Trd, 4319977.543, 60
Trd, 4319977.893, 61
Trd, 4319979.293, 60
Trd, 4319979.543, 60
Trd, 4319980.343, 63
Trd, 4319980.393, 64
Trd, 4319981.393, 63
Trd, 4319981.443, 64
Trd, 4319982.743, 60
Trd, 4319982.943, 61
Trd, 4319983.343, 61
Trd, 4319984.043, 60
Trd, 4319985.043, 63
Trd, 4319985.243, 78
Trd, 4319985.743, 82
Trd, 4319987.093, 60
Trd, 4319987.243, 60
Trd, 4319988.043, 61
Trd, 4319988.093, 62
Trd, 4319988.893, 61
Trd, 4319990.193, 62
Trd, 4319991.943, 62
Trd, 4319992.093, 64
Trd, 4319992.393, 68
Trd, 4319993.543, 62
Trd, 4319993.893, 61
Trd, 4319993.943, 62
Trd, 4319994.543, 74
Trd, 4319994.943, 63
Trd, 4319995.593, 67
Trd, 4319995.943, 74
Trd, 4319996.643, 137
Trd, 4319996.843, 63
Trd, 4319997.243, 140
Trd, 4319997.643, 61
Trd, 4319998.793, 62
Trd, 4319999.093, 81
